filing_date,code,fiscal_year_end,quarterly_period,net_sales,net_sales_change,revenue,revenue_change,operating_revenue,operating_revenue_change,operating_profit,operating_profit_change,ordinary_profit,ordinary_profit_change,net_income,net_income_of_parent,net_income_change,eps,diluted_eps,roe,roa,operating_profit_to_net_sales,operating_profit_to_revenue,total_assets,net_assets,equity_ratio,bps,owner_equity,operating_cash_flow,investing_cash_flow,financing_cash_flow,cash,dividend_per_share,payout_ratio,commemorative_dividend,extra_dividend,number_of_shares,number_of_treqsury_shares,avg_number_of_shares,is_consolidated,is_forecast,duration,period_start,period_end,period_pos
2015-05-15,15140,2015-03-31,,20077000000,-0.184,,,,,294000000,-0.460,674000000,0.424,3911000000,,9.120,66.45,58.02,0.499,0.040,0.015,,17558000000,9878000000,0.560,124.72,9841000000,5648000000,49000000,-4190000000,3030000000,,0.030,,,,,,true,false,12,2014-04-01,2015-03-31,0
2015-05-15,15140,2014-03-31,,24604000000,-0.073,,,,,546000000,0.147,473000000,0.318,386000000,,1.369,6.57,5.75,0.068,0.030,0.022,,15841000000,5843000000,0.369,56.82,5843000000,1182000000,-47000000,-557000000,1527000000,,0.000,,,,,,true,false,12,2013-04-01,2014-03-31,-1
2015-05-15,15140,2016-03-31,,12300000000,0.358,,,,,200000000,0.058,140000000,-0.077,,100000000,,1.70,,,,,,,,,,,,,,,,,,,,,,true,true,6,2015-04-01,2015-09-30,1
2015-05-15,15140,2016-03-31,,23300000000,0.161,,,,,340000000,0.153,270000000,-0.600,,200000000,,3.40,,,,,,,,,,,,,,,,0.589,,,,,,true,true,12,2015-04-01,2016-03-31,1
2015-05-15,15140,2015-03-31,,390000000,0.000,,,,,-15000000,,261000000,,266000000,,,4.52,3.95,,,,,8227000000,4203000000,0.506,28.31,4166000000,,,,,2.00,,,,58892853,18564,58859938,false,false,12,2014-04-01,2015-03-31,0
2015-05-15,15140,2014-03-31,,390000000,0.114,,,,,20000000,-0.542,12000000,-0.752,-15000000,,,-0.26,,,,,,9530000000,3897000000,0.409,23.76,3897000000,,,,,0.00,,,,58875853,18381,58857555,false,false,12,2013-04-01,2014-03-31,-1
2015-05-15,15140,2016-03-31,,,,,,,,,,,,,,,,,,,,,,,,,,,,,,2.00,,,,,,,false,true,12,2015-04-01,2016-03-31,1
2015-05-15,15140,2015-03-31,,20077000000,-0.184,,,,,294000000,-0.460,674000000,0.424,3911000000,,9.120,66.08,58.02,0.499,0.040,0.015,,17558000000,9878000000,0.560,124.72,9841000000,5648000000,49000000,-4190000000,3030000000,,0.030,,,,,,true,false,12,2014-04-01,2015-03-31,0
2015-05-15,15140,2014-03-31,,24604000000,-0.073,,,,,546000000,0.147,473000000,0.318,386000000,,1.369,6.57,5.75,0.068,0.030,0.022,,15841000000,5843000000,0.369,56.82,5843000000,1182000000,-47000000,-557000000,1527000000,,0.000,,,,,,true,false,12,2013-04-01,2014-03-31,-1
2015-05-15,15140,2016-03-31,,12300000000,0.358,,,,,200000000,0.058,140000000,-0.077,,100000000,,1.70,,,,,,,,,,,,,,,,,,,,,,true,true,6,2015-04-01,2015-09-30,1
2015-05-15,15140,2016-03-31,,23300000000,0.161,,,,,340000000,0.153,270000000,-0.600,,200000000,,3.03,,,,,,,,,,,,,,,,0.659,,,,,,true,true,12,2015-04-01,2016-03-31,1
2015-05-15,15140,2015-03-31,,390000000,0.000,,,,,-15000000,,261000000,,266000000,,,4.16,3.95,,,,,8227000000,4203000000,0.506,28.31,4166000000,,,,,2.00,,,,58892853,18564,58859938,false,false,12,2014-04-01,2015-03-31,0
2015-05-15,15140,2014-03-31,,390000000,0.114,,,,,20000000,-0.542,12000000,-0.752,-15000000,,,-0.26,,,,,,9530000000,3897000000,0.409,23.76,3897000000,,,,,0.00,,,,58875853,18381,58857555,false,false,12,2013-04-01,2014-03-31,-1
2015-05-15,15140,2016-03-31,,,,,,,,,,,,,,,,,,,,,,,,,,,,,,2.00,,,,,,,false,true,12,2015-04-01,2016-03-31,1
2015-07-07,15140,2016-03-31,,12300000000,,,,,,200000000,,140000000,,,358000000,,6.08,,,,,,,,,,,,,,,,,,,,,,true,true,6,2015-04-01,2015-09-30,0
2015-07-07,15140,2015-03-31,,9057000000,,,,,,189000000,,151000000,,,102000000,,1.74,,,,,,,,,,,,,,,,,,,,,,true,false,6,2014-04-01,2014-09-30,-1
2015-07-07,15140,2016-03-31,,23300000000,,,,,,340000000,,270000000,,,458000000,,7.78,,,,,,,,,,,,,,,,,,,,,,true,true,12,2015-04-01,2016-03-31,0
2015-07-07,15140,2015-03-31,,20077000000,,,,,,294000000,,674000000,,,3911000000,,66.45,,,,,,,,,,,,,,,,,,,,,,true,false,12,2014-04-01,2015-03-31,-1
2015-07-30,15140,2016-03-31,1,4330000000,-0.140,,,,,29000000,-0.605,67000000,0.968,,277000000,,4.73,4.12,,,,,17351000000,9954000000,0.571,,9916000000,,,,,,,,,,,,true,false,3,2015-04-01,2015-06-30,0
2015-07-30,15140,2015-03-31,1,5032000000,-0.177,,,,,73000000,-0.302,34000000,-0.543,,0,,0.01,0.01,,,,,,,,,,,,,,,,,,,,,true,false,3,2014-04-01,2014-06-30,-1
2015-07-30,15140,2016-03-31,1,12300000000,0.358,,,,,200000000,0.058,140000000,-0.077,,358000000,,6.08,,,,,,,,,,,,,,,,,,,,,,true,true,6,2015-04-01,2015-09-30,0
2015-07-30,15140,2016-03-31,1,23300000000,0.161,,,,,340000000,0.153,270000000,-0.600,,458000000,,7.78,,,,,,,,,,,,,,,,,,,,,,true,true,12,2015-04-01,2016-03-31,0
2015-07-30,15140,2015-03-31,1,,,,,,,,,,,,,,,,,,,,17558000000,9878000000,0.560,,9841000000,,,,,,,,,,,,true,false,12,2014-04-01,2015-03-31,-1
2015-07-30,15140,2015-03-31,1,,,,,,,,,,,,,,,,,,,,,,,,,,,,,2.00,,,,58892853,18564,,false,false,12,2014-04-01,2015-03-31,-1
2015-07-30,15140,2016-03-31,1,,,,,,,,,,,,,,,,,,,,,,,,,,,,,2.00,,,,,,,false,true,12,2015-04-01,2016-03-31,0
2015-07-30,15140,2016-03-31,1,,,,,,,,,,,,,,,,,,,,,,,,,,,,,,,,,58892853,1018721,58624245,false,false,3,2015-04-01,2015-06-30,0
2015-07-30,15140,2015-03-31,1,,,,,,,,,,,,,,,,,,,,,,,,,,,,,,,,,,,58857395,false,false,3,2014-04-01,2014-06-30,-1
2015-09-25,15140,2016-03-31,,12300000000,,,,,,200000000,,540000000,2.857,,758000000,,12.93,,,,,,,,,,,,,,,,,,,,,,true,true,6,2015-04-01,2015-09-30,0
2015-09-25,15140,2015-03-31,,9057000000,,,,,,189000000,,151000000,,,102000000,,1.74,,,,,,,,,,,,,,,,,,,,,,true,false,6,2014-04-01,2014-09-30,-1
2015-09-25,15140,2016-03-31,,23300000000,,,,,,340000000,,670000000,1.481,,858000000,,14.64,,,,,,,,,,,,,,,,,,,,,,true,true,12,2015-04-01,2016-03-31,0
2015-09-25,15140,2015-03-31,,20077000000,,,,,,294000000,,674000000,,,3911000000,,66.45,,,,,,,,,,,,,,,,,,,,,,true,false,12,2014-04-01,2015-03-31,-1
2015-10-16,15140,2016-03-31,,9150000000,-0.256,,,,,100000000,-0.500,520000000,-0.037,,800000000,,13.59,,,,,,,,,,,,,,,,,,,,,,true,true,6,2015-04-01,2015-09-30,0
2015-10-16,15140,2015-03-31,,9057000000,,,,,,189000000,,151000000,,,102000000,,1.74,,,,,,,,,,,,,,,,,,,,,,true,false,6,2014-04-01,2014-09-30,-1
2015-10-16,15140,2016-03-31,,18200000000,-0.219,,,,,260000000,-0.235,700000000,0.045,,900000000,,15.29,,,,,,,,,,,,,,,,,,,,,,true,true,12,2015-04-01,2016-03-31,0
2015-10-16,15140,2015-03-31,,20077000000,,,,,,294000000,,674000000,,,3911000000,,66.45,,,,,,,,,,,,,,,,,,,,,,true,false,12,2014-04-01,2015-03-31,-1
2015-10-30,15140,2016-03-31,2,9167000000,0.012,,,,,106000000,-0.435,528000000,2.484,,808000000,,13.87,12.08,,,,,16636000000,10301000000,0.617,,10262000000,,,,,,,,,,,,true,false,6,2015-04-01,2015-09-30,0
2015-10-30,15140,2015-03-31,2,9057000000,-0.268,,,,,189000000,-0.198,151000000,-0.245,,102000000,,1.74,1.52,,,,,,,,,,,,,,,,,,,,,true,false,6,2014-04-01,2014-09-30,-1
2015-10-30,15140,2016-03-31,2,18200000000,-0.093,,,,,260000000,-0.118,700000000,0.038,,900000000,,15.44,,,,,,,,,,,,,,,,,,,,,,true,true,12,2015-04-01,2016-03-31,0
2015-10-30,15140,2015-03-31,2,,,,,,,,,,,,,,,,,,,,17558000000,9878000000,0.560,,9841000000,,,,,,,,,,,,true,false,12,2014-04-01,2015-03-31,-1
2015-10-30,15140,2015-03-31,2,,,,,,,,,,,,,,,,,,,,,,,,,,,,,2.00,,,,58892853,18564,,false,false,12,2014-04-01,2015-03-31,-1
2015-10-30,15140,2016-03-31,2,,,,,,,,,,,,,,,,,,,,,,,,,,,,,2.00,,,,,,,false,true,12,2015-04-01,2016-03-31,0
2015-10-30,15140,2016-03-31,2,,,,,,,,,,,,,,,,,,,,,,,,,,,,,,,,,58892853,1018878,58302725,false,false,6,2015-04-01,2015-09-30,0
2015-10-30,15140,2015-03-31,2,,,,,,,,,,,,,,,,,,,,,,,,,,,,,,,,,,,58857352,false,false,6,2014-04-01,2014-09-30,-1
2016-01-29,15140,2016-03-31,3,13523000000,-0.080,,,,,231000000,-0.189,690000000,1.871,,949000000,,16.32,14.20,,,,,17146000000,10541000000,0.612,,10500000000,,,,,,,,,,,,true,false,9,2015-04-01,2015-12-31,0
2016-01-29,15140,2015-03-31,3,14706000000,-0.196,,,,,285000000,-0.344,240000000,-0.390,,180000000,,3.06,2.67,,,,,,,,,,,,,,,,,,,,,true,false,9,2014-04-01,2014-12-31,-1
2016-01-29,15140,2016-03-31,3,18200000000,-0.093,,,,,260000000,-0.118,700000000,0.038,,900000000,,15.47,,,,,,,,,,,,,,,,,,,,,,true,true,12,2015-04-01,2016-03-31,0
2016-01-29,15140,2015-03-31,3,,,,,,,,,,,,,,,,,,,,17558000000,9878000000,0.560,,9841000000,,,,,,,,,,,,true,false,12,2014-04-01,2015-03-31,-1
2016-01-29,15140,2015-03-31,3,,,,,,,,,,,,,,,,,,,,,,,,,,,,,2.00,,,,58892853,18564,,false,false,12,2014-04-01,2015-03-31,-1
2016-01-29,15140,2016-03-31,3,,,,,,,,,,,,,,,,,,,,,,,,,,,,,2.00,,,,,,,false,true,12,2015-04-01,2016-03-31,0
2016-01-29,15140,2016-03-31,3,,,,,,,,,,,,,,,,,,,,,,,,,,,,,,,,,58892853,1019025,58174071,false,false,9,2015-04-01,2015-12-31,0
2016-01-29,15140,2015-03-31,3,,,,,,,,,,,,,,,,,,,,,,,,,,,,,,,,,,,58857333,false,false,9,2014-04-01,2014-12-31,-1
2016-05-13,15140,2016-03-31,,17983000000,-0.104,,,,,284000000,-0.034,754000000,0.118,,1029000000,,17.35,15.41,0.101,0.044,0.016,,16528000000,10558000000,0.636,138.24,10515000000,621000000,-327000000,-1108000000,2184000000,,0.115,,,,,,true,false,12,2015-04-01,2016-03-31,0
2016-05-13,15140,2015-03-31,,20077000000,-0.184,,,,,294000000,-0.460,674000000,0.424,,3911000000,,66.08,58.02,0.499,0.040,0.015,,17558000000,9878000000,0.560,124.72,9841000000,5648000000,49000000,-4190000000,3030000000,,0.030,,,,,,true,false,12,2014-04-01,2015-03-31,-1
2016-05-13,15140,2017-03-31,,6600000000,-0.280,,,,,70000000,-0.344,290000000,-0.451,,240000000,,4.13,,,,,,,,,,,,,,,,,,,,,,true,true,6,2016-04-01,2016-09-30,1
2016-05-13,15140,2017-03-31,,17000000000,-0.055,,,,,270000000,-0.052,500000000,-0.337,,400000000,,6.64,,,,,,,,,,,,,,,,0.301,,,,,,true,true,12,2016-04-01,2017-03-31,1
2016-05-13,15140,2016-03-31,,440000000,0.128,,,,,70000000,,734000000,1.815,726000000,,1.727,12.13,10.88,,,,,7534000000,4665000000,0.614,36.36,4623000000,,,,,2.00,,,,58892853,1057762,58101804,false,false,12,2015-04-01,2016-03-31,0
2016-05-13,15140,2015-03-31,,390000000,0.000,,,,,-15000000,,261000000,,266000000,,,4.16,3.95,,,,,8227000000,4203000000,0.506,28.31,4166000000,,,,,2.00,,,,58892853,18564,58859938,false,false,12,2014-04-01,2015-03-31,-1
2016-05-13,15140,2017-03-31,,,,,,,,,,,,,,,,,,,,,,,,,,,,,,2.00,,,,,,,false,true,12,2016-04-01,2017-03-31,1
2016-05-13,15140,2016-03-31,,17983000000,-0.104,,,,,284000000,-0.034,754000000,0.118,,1029000000,,17.35,15.41,0.101,0.044,0.016,,16528000000,10558000000,0.636,138.24,10515000000,621000000,-327000000,-1108000000,2184000000,,0.115,,,,,,true,false,12,2015-04-01,2016-03-31,0
2016-05-13,15140,2015-03-31,,20077000000,-0.184,,,,,294000000,-0.460,674000000,0.424,,3911000000,,66.08,58.02,0.499,0.040,0.015,,17558000000,9878000000,0.560,124.72,9841000000,5648000000,49000000,-4190000000,3030000000,,0.030,,,,,,true,false,12,2014-04-01,2015-03-31,-1
2016-05-13,15140,2017-03-31,,6600000000,-0.280,,,,,70000000,-0.344,290000000,-0.451,,240000000,,4.13,,,,,,,,,,,,,,,,,,,,,,true,true,6,2016-04-01,2016-09-30,1
2016-05-13,15140,2017-03-31,,17000000000,-0.055,,,,,270000000,-0.052,500000000,-0.337,,400000000,,6.64,,,,,,,,,,,,,,,,0.301,,,,,,true,true,12,2016-04-01,2017-03-31,1
2016-05-13,15140,2016-03-31,,440000000,0.128,,,,,70000000,,734000000,1.815,726000000,,1.727,12.13,10.88,,,,,7534000000,4665000000,0.614,36.36,4623000000,,,,,2.00,,,,58892853,1057762,58101804,false,false,12,2015-04-01,2016-03-31,0
2016-05-13,15140,2015-03-31,,390000000,0.000,,,,,-15000000,,261000000,,266000000,,,4.16,3.95,,,,,8227000000,4203000000,0.506,28.31,4166000000,,,,,2.00,,,,58892853,18564,58859938,false,false,12,2014-04-01,2015-03-31,-1
2016-05-13,15140,2017-03-31,,,,,,,,,,,,,,,,,,,,,,,,,,,,,,2.00,,,,,,,false,true,12,2016-04-01,2017-03-31,1
2016-07-28,15140,2017-03-31,1,3080000000,-0.289,,,,,29000000,0.012,253000000,2.772,,249000000,,4.35,3.78,,,,,15723000000,10383000000,0.658,,10339000000,,,,,,,,,,,,true,false,3,2016-04-01,2016-06-30,0
2016-07-28,15140,2016-03-31,1,4330000000,-0.140,,,,,29000000,-0.605,67000000,0.968,,277000000,,4.73,4.12,,,,,,,,,,,,,,,,,,,,,true,false,3,2015-04-01,2015-06-30,-1
2016-07-28,15140,2017-03-31,1,6600000000,-0.280,,,,,70000000,-0.344,290000000,-0.451,,240000000,,4.13,,,,,,,,,,,,,,,,,,,,,,true,true,6,2016-04-01,2016-09-30,0
2016-07-28,15140,2017-03-31,1,17000000000,-0.055,,,,,270000000,-0.052,500000000,-0.337,,400000000,,6.64,,,,,,,,,,,,,,,,,,,,,,true,true,12,2016-04-01,2017-03-31,0
2016-07-28,15140,2016-03-31,1,,,,,,,,,,,,,,,,,,,,16528000000,10558000000,0.636,,10515000000,,,,,,,,,,,,true,false,12,2015-04-01,2016-03-31,-1
2016-07-28,15140,2016-03-31,1,,,,,,,,,,,,,,,,,,,,,,,,,,,,,2.00,,,,58892853,1057762,,false,false,12,2015-04-01,2016-03-31,-1
2016-07-28,15140,2017-03-31,1,,,,,,,,,,,,,,,,,,,,,,,,,,,,,2.00,,,,,,,false,true,12,2016-04-01,2017-03-31,0
2016-07-28,15140,2017-03-31,1,,,,,,,,,,,,,,,,,,,,,,,,,,,,,,,,,58892853,2057791,57471584,false,false,3,2016-04-01,2016-06-30,0
2016-07-28,15140,2016-03-31,1,,,,,,,,,,,,,,,,,,,,,,,,,,,,,,,,,,,58624245,false,false,3,2015-04-01,2015-06-30,-1
2016-10-14,15140,2017-03-31,,5100000000,-0.227,,,,,40000000,-0.429,350000000,0.207,,280000000,,4.87,,,,,,,,,,,,,,,,,,,,,,true,true,6,2016-04-01,2016-09-30,0
2016-10-14,15140,2016-03-31,,9167000000,,,,,,106000000,,528000000,,,808000000,,13.87,,,,,,,,,,,,,,,,,,,,,,true,false,6,2015-04-01,2015-09-30,-1
2016-10-14,15140,2017-03-31,,13500000000,-0.206,,,,,180000000,-0.333,500000000,,,400000000,,6.79,,,,,,,,,,,,,,,,,,,,,,true,true,12,2016-04-01,2017-03-31,0
2016-10-14,15140,2016-03-31,,17983000000,,,,,,284000000,,754000000,,,1029000000,,17.35,,,,,,,,,,,,,,,,,,,,,,true,false,12,2015-04-01,2016-03-31,-1
2016-10-31,15140,2017-03-31,2,5190000000,-0.434,,,,,37000000,-0.648,351000000,-0.334,,283000000,,4.96,4.30,,,,,15729000000,10544000000,0.667,,10497000000,,,,,,,,,,,,true,false,6,2016-04-01,2016-09-30,0
2016-10-31,15140,2016-03-31,2,9167000000,0.012,,,,,106000000,-0.435,528000000,2.484,,808000000,,13.87,12.08,,,,,,,,,,,,,,,,,,,,,true,false,6,2015-04-01,2015-09-30,-1
2016-10-31,15140,2017-03-31,2,13500000000,-0.249,,,,,180000000,-0.368,500000000,-0.337,,400000000,,6.99,,,,,,,,,,,,,,,,,,,,,,true,true,12,2016-04-01,2017-03-31,0
2016-10-31,15140,2016-03-31,2,,,,,,,,,,,,,,,,,,,,16528000000,10558000000,0.636,,10515000000,,,,,,,,,,,,true,false,12,2015-04-01,2016-03-31,-1
2016-10-31,15140,2016-03-31,2,,,,,,,,,,,,,,,,,,,,,,,,,,,,,2.00,,,,58892853,1057762,,false,false,12,2015-04-01,2016-03-31,-1
2016-10-31,15140,2017-03-31,2,,,,,,,,,,,,,,,,,,,,,,,,,,,,,2.00,,,,,,,false,true,12,2016-04-01,2017-03-31,0
2016-10-31,15140,2017-03-31,2,,,,,,,,,,,,,,,,,,,,,,,,,,,,,,,,,58892853,2057802,57198787,false,false,6,2016-04-01,2016-09-30,0
2016-10-31,15140,2016-03-31,2,,,,,,,,,,,,,,,,,,,,,,,,,,,,,,,,,,,58302725,false,false,6,2015-04-01,2015-09-30,-1
2017-01-31,15140,2017-03-31,3,8093000000,-0.402,,,,,95000000,-0.588,407000000,-0.411,,318000000,,5.58,4.83,,,,,16346000000,10781000000,0.656,,10729000000,,,,,,,,,,,,true,false,9,2016-04-01,2016-12-31,0
2017-01-31,15140,2016-03-31,3,13523000000,-0.080,,,,,231000000,-0.189,690000000,1.871,,949000000,,16.32,14.20,,,,,,,,,,,,,,,,,,,,,true,false,9,2015-04-01,2015-12-31,-1
2017-01-31,15140,2017-03-31,3,13500000000,-0.249,,,,,180000000,-0.368,500000000,-0.337,,400000000,,6.76,,,,,,,,,,,,,,,,,,,,,,true,true,12,2016-04-01,2017-03-31,0
2017-01-31,15140,2016-03-31,3,,,,,,,,,,,,,,,,,,,,16528000000,10558000000,0.636,,10515000000,,,,,,,,,,,,true,false,12,2015-04-01,2016-03-31,-1
2017-01-31,15140,2016-03-31,3,,,,,,,,,,,,,,,,,,,,,,,,,,,,,2.00,,,,58892853,1057762,,false,false,12,2015-04-01,2016-03-31,-1
2017-01-31,15140,2017-03-31,3,,,,,,,,,,,,,,,,,,,,,,,,,,,,,2.00,,,,,,,false,true,12,2016-04-01,2017-03-31,0
2017-01-31,15140,2017-03-31,3,,,,,,,,,,,,,,,,,,,,,,,,,,,,,,,,,58892853,2057806,57089665,false,false,9,2016-04-01,2016-12-31,0
2017-01-31,15140,2016-03-31,3,,,,,,,,,,,,,,,,,,,,,,,,,,,,,,,,,,,58174071,false,false,9,2015-04-01,2015-12-31,-1
2017-05-15,15140,2017-03-31,,12548000000,-0.302,,,,,134000000,-0.527,507000000,-0.327,,323000000,,5.42,4.90,0.030,0.031,0.011,,16359000000,10917000000,0.664,146.87,10860000000,-35000000,290000000,-788000000,1656000000,,0.369,,,,,,true,false,12,2016-04-01,2017-03-31,0
2017-05-15,15140,2016-03-31,,17983000000,-0.104,,,,,284000000,-0.034,754000000,0.118,,1029000000,,17.35,15.41,0.101,0.044,0.016,,16528000000,10558000000,0.636,138.24,10515000000,621000000,-327000000,-1108000000,2184000000,,0.115,,,,,,true,false,12,2015-04-01,2016-03-31,-1
2017-05-15,15140,2018-03-31,,8500000000,0.637,,,,,30000000,-0.202,700000000,0.991,,700000000,,12.27,,,,,,,,,,,,,,,,,,,,,,true,true,6,2017-04-01,2017-09-30,1
2017-05-15,15140,2018-03-31,,16500000000,0.315,,,,,70000000,-0.480,1000000000,0.971,,950000000,,16.41,,,,,,,,,,,,,,,,0.122,,,,,,true,true,12,2017-04-01,2018-03-31,1
2017-05-15,15140,2017-03-31,,430000000,-0.023,,,,,14000000,-0.788,1473000000,1.005,1469000000,,1.022,25.51,22.27,,,,,9187000000,5922000000,0.638,58.99,5865000000,,,,,2.00,,,,58892853,2057953,57030879,false,false,12,2016-04-01,2017-03-31,0
2017-05-15,15140,2016-03-31,,440000000,0.128,,,,,70000000,,734000000,1.815,726000000,,1.727,12.13,10.88,,,,,7534000000,4665000000,0.614,36.36,4623000000,,,,,2.00,,,,58892853,1057762,58101804,false,false,12,2015-04-01,2016-03-31,-1
2017-05-15,15140,2018-03-31,,,,,,,,,,,,,,,,,,,,,,,,,,,,,,2.00,,,,,,,false,true,12,2017-04-01,2018-03-31,1
2017-07-28,15140,2018-03-31,1,3299000000,0.071,,,,,46000000,0.568,750000000,1.961,,740000000,,13.12,11.32,,,,,16992000000,11366000000,0.665,,11305000000,,,,,,,,,,,,true,false,3,2017-04-01,2017-06-30,0
2017-07-28,15140,2017-03-31,1,3080000000,-0.289,,,,,29000000,0.012,253000000,2.772,,249000000,,4.35,3.78,,,,,,,,,,,,,,,,,,,,,true,false,3,2016-04-01,2016-06-30,-1
2017-07-28,15140,2018-03-31,1,8500000000,0.637,,,,,30000000,-0.202,700000000,0.991,,700000000,,12.40,,,,,,,,,,,,,,,,,,,,,,true,true,6,2017-04-01,2017-09-30,0
2017-07-28,15140,2018-03-31,1,16500000000,0.315,,,,,70000000,-0.480,1000000000,0.971,,950000000,,16.83,,,,,,,,,,,,,,,,,,,,,,true,true,12,2017-04-01,2018-03-31,0
2017-07-28,15140,2017-03-31,1,,,,,,,,,,,,,,,,,,,,16359000000,10917000000,0.664,,10860000000,,,,,,,,,,,,true,false,12,2016-04-01,2017-03-31,-1
2017-07-28,15140,2017-03-31,1,,,,,,,,,,,,,,,,,,,,,,,,,,,,,2.00,,,,58892853,2057953,,false,false,12,2016-04-01,2017-03-31,-1
2017-07-28,15140,2018-03-31,1,,,,,,,,,,,,,,,,,,,,,,,,,,,,,2.00,,,,,,,false,true,12,2017-04-01,2018-03-31,0
2017-07-28,15140,2018-03-31,1,,,,,,,,,,,,,,,,,,,,,,,,,,,,,,,,,58892853,3057986,56451412,false,false,3,2017-04-01,2017-06-30,0
2017-07-28,15140,2017-03-31,1,,,,,,,,,,,,,,,,,,,,,,,,,,,,,,,,,,,57471584,false,false,3,2016-04-01,2016-06-30,-1
2017-10-13,15140,2018-03-31,,7200000000,-0.153,,,,,90000000,2.000,1900000000,1.714,,1700000000,,30.11,,,,,,,,,,,,,,,,,,,,,,true,true,6,2017-04-01,2017-09-30,0
2017-10-13,15140,2017-03-31,,5190000000,,,,,,37000000,,351000000,,,283000000,,4.96,,,,,,,,,,,,,,,,,,,,,,true,false,6,2016-04-01,2016-09-30,-1
2017-10-13,15140,2018-03-31,,15000000000,-0.091,,,,,100000000,0.429,1900000000,0.900,,1700000000,,30.11,,,,,,,,,,,,,,,,,,,,,,true,true,12,2017-04-01,2018-03-31,0
2017-10-13,15140,2017-03-31,,12548000000,,,,,,134000000,,507000000,,,323000000,,5.42,,,,,,,,,,,,,,,,,,,,,,true,false,12,2016-04-01,2017-03-31,-1
2017-10-31,15140,2018-03-31,2,7255000000,0.398,,,,,90000000,1.411,1923000000,4.470,,1752000000,,31.19,26.82,,,,,17737000000,12459000000,0.699,,12393000000,,,,,,,,,,,,true,false,6,2017-04-01,2017-09-30,0
2017-10-31,15140,2017-03-31,2,5190000000,-0.434,,,,,37000000,-0.648,351000000,-0.334,,283000000,,4.96,4.30,,,,,,,,,,,,,,,,,,,,,true,false,6,2016-04-01,2016-09-30,-1
2017-10-31,15140,2018-03-31,2,15000000000,0.195,,,,,100000000,-0.257,1900000000,2.745,,1700000000,,30.26,,,,,,,,,,,,,,,,,,,,,,true,true,12,2017-04-01,2018-03-31,0
2017-10-31,15140,2017-03-31,2,,,,,,,,,,,,,,,,,,,,16359000000,10917000000,0.664,,10860000000,,,,,,,,,,,,true,false,12,2016-04-01,2017-03-31,-1
2017-10-31,15140,2017-03-31,2,,,,,,,,,,,,,,,,,,,,,,,,,,,,,2.00,,,,58892853,2057953,,false,false,12,2016-04-01,2017-03-31,-1
2017-10-31,15140,2018-03-31,2,,,,,,,,,,,,,,,,,,,,,,,,,,,,,2.00,,,,,,,false,true,12,2017-04-01,2018-03-31,0
2017-10-31,15140,2018-03-31,2,,,,,,,,,,,,,,,,,,,,,,,,,,,,,,,,,58892853,3058006,56187170,false,false,6,2017-04-01,2017-09-30,0
2017-10-31,15140,2017-03-31,2,,,,,,,,,,,,,,,,,,,,,,,,,,,,,,,,,,,57198787,false,false,6,2016-04-01,2016-09-30,-1
2018-01-31,15140,2018-03-31,3,11659000000,0.441,,,,,149000000,0.565,1985000000,3.876,,1797000000,,32.05,27.53,,,,,17849000000,12638000000,0.704,,12566000000,,,,,,,,,,,,true,false,9,2017-04-01,2017-12-31,0
2018-01-31,15140,2017-03-31,3,8093000000,-0.402,,,,,95000000,-0.588,407000000,-0.411,,318000000,,5.58,4.83,,,,,,,,,,,,,,,,,,,,,true,false,9,2016-04-01,2016-12-31,-1
2018-01-31,15140,2018-03-31,3,15000000000,0.195,,,,,150000000,0.114,1970000000,2.883,,1770000000,,31.56,,,,,,,,,,,,,,,,,,,,,,true,true,12,2017-04-01,2018-03-31,0
2018-01-31,15140,2017-03-31,3,,,,,,,,,,,,,,,,,,,,16359000000,10917000000,0.664,,10860000000,,,,,,,,,,,,true,false,12,2016-04-01,2017-03-31,-1
2018-01-31,15140,2017-03-31,3,,,,,,,,,,,,,,,,,,,,,,,,,,,,,2.00,,,,58892853,2057953,,false,false,12,2016-04-01,2017-03-31,-1
2018-01-31,15140,2018-03-31,3,,,,,,,,,,,,,,,,,,,,,,,,,,,,,2.00,,,,,,,false,true,12,2017-04-01,2018-03-31,0
2018-01-31,15140,2018-03-31,3,,,,,,,,,,,,,,,,,,,,,,,,,,,,,,,,,58892853,3058136,56081438,false,false,9,2017-04-01,2017-12-31,0
2018-01-31,15140,2017-03-31,3,,,,,,,,,,,,,,,,,,,,,,,,,,,,,,,,,,,57089665,false,false,9,2016-04-01,2016-12-31,-1
2018-04-16,15140,2018-03-31,,14400000000,-0.040,,,,,150000000,,2640000000,0.340,,2160000000,,38.52,,,,,,,,,,,,,,,,,,,,,,true,true,12,2017-04-01,2018-03-31,0
2018-04-16,15140,2017-03-31,,12548000000,,,,,,134000000,,507000000,,,323000000,,5.42,,,,,,,,,,,,,,,,,,,,,,true,false,12,2016-04-01,2017-03-31,-1
2018-05-15,15140,2018-03-31,,14402000000,0.148,,,,,131000000,-0.021,2626000000,4.177,,2147000000,,38.08,32.89,0.182,0.150,0.009,,18654000000,12862000000,0.685,183.93,12783000000,4335000000,-172000000,-471000000,5328000000,,0.079,,,,,,true,false,12,2017-04-01,2018-03-31,0
2018-05-15,15140,2017-03-31,,12548000000,-0.302,,,,,134000000,-0.527,507000000,-0.327,,323000000,,5.42,4.90,0.030,0.031,0.011,,16359000000,10917000000,0.664,146.87,10860000000,-35000000,290000000,-788000000,1656000000,,0.369,,,,,,true,false,12,2016-04-01,2017-03-31,-1
2018-05-15,15140,2019-03-31,,9600000000,0.323,,,,,80000000,-0.117,500000000,-0.740,,400000000,,7.14,,,,,,,,,,,,,,,,,,,,,,true,true,6,2018-04-01,2018-09-30,1
2018-05-15,15140,2019-03-31,,20000000000,0.389,,,,,140000000,0.062,1100000000,-0.581,,900000000,,15.81,,,,,,,,,,,,,,,,0.190,,,,,,true,true,12,2018-04-01,2019-03-31,1
2018-05-15,15140,2017-03-31,,430000000,-0.023,,,,,14000000,-0.788,1473000000,1.005,1469000000,,1.022,25.51,22.27,,,,,9187000000,5922000000,0.638,58.99,5865000000,,,,,2.00,,,,58892853,2057953,57030879,false,false,12,2016-04-01,2017-03-31,-1
2018-05-15,15140,2018-03-31,,,-1.000,,,,,-439000000,,-448000000,,-332000000,,,-6.20,,,,,,7730000000,5384000000,0.686,50.01,5305000000,,,,,3.00,,,,58892853,3058147,56024501,false,false,12,2017-04-01,2018-03-31,0
2018-05-15,15140,2019-03-31,,,,,,,,,,,,,,,,,,,,,,,,,,,,,,3.00,,,,,,,false,true,12,2018-04-01,2019-03-31,1
2018-07-30,15140,2019-03-31,1,4040000000,0.225,,,,,-5000000,,-16000000,,,661000000,,11.98,10.25,,,,,18538000000,12674000000,0.679,,12588000000,,,,,,,,,,,,true,false,3,2018-04-01,2018-06-30,0
2018-07-30,15140,2018-03-31,1,3299000000,0.071,,,,,46000000,0.568,750000000,1.961,,740000000,,13.12,11.32,,,,,,,,,,,,,,,,,,,,,true,false,3,2017-04-01,2017-06-30,-1
2018-07-30,15140,2019-03-31,1,9600000000,0.323,,,,,80000000,-0.117,500000000,-0.740,,1122000000,,20.31,,,,,,,,,,,,,,,,,,,,,,true,true,6,2018-04-01,2018-09-30,0
2018-07-30,15140,2019-03-31,1,20000000000,0.389,,,,,140000000,0.062,1100000000,-0.581,,1622000000,,29.37,,,,,,,,,,,,,,,,,,,,,,true,true,12,2018-04-01,2019-03-31,0
2018-07-30,15140,2018-03-31,1,,,,,,,,,,,,,,,,,,,,18623000000,12862000000,0.686,,12783000000,,,,,,,,,,,,true,false,12,2017-04-01,2018-03-31,-1
2018-07-30,15140,2018-03-31,1,,,,,,,,,,,,,,,,,,,,,,,,,,,,,3.00,,,,58892853,3058147,,false,false,12,2017-04-01,2018-03-31,-1
2018-07-30,15140,2019-03-31,1,,,,,,,,,,,,,,,,,,,,,,,,,,,,,3.00,,,,,,,false,true,12,2018-04-01,2019-03-31,0
2018-07-30,15140,2019-03-31,1,,,,,,,,,,,,,,,,,,,,,,,,,,,,,,,,,58892853,4558178,55231169,false,false,3,2018-04-01,2018-06-30,0
2018-07-30,15140,2018-03-31,1,,,,,,,,,,,,,,,,,,,,,,,,,,,,,,,,,,,56451412,false,false,3,2017-04-01,2017-06-30,-1
2018-10-31,15140,2019-03-31,2,8467000000,0.167,,,,,23000000,-0.737,403000000,-0.790,,794000000,,14.49,12.37,,,,,16364000000,12804000000,0.777,,12716000000,,,,,,,,,,,,true,false,6,2018-04-01,2018-09-30,0
2018-10-31,15140,2018-03-31,2,7255000000,0.398,,,,,90000000,1.411,1923000000,4.470,,1752000000,,31.19,26.82,,,,,,,,,,,,,,,,,,,,,true,false,6,2017-04-01,2017-09-30,-1
2018-10-31,15140,2019-03-31,2,20000000000,0.389,,,,,140000000,0.062,1100000000,-0.581,,1622000000,,29.57,,,,,,,,,,,,,,,,,,,,,,true,true,12,2018-04-01,2019-03-31,0
2018-10-31,15140,2018-03-31,2,,,,,,,,,,,,,,,,,,,,18623000000,12862000000,0.686,,12783000000,,,,,,,,,,,,true,false,12,2017-04-01,2018-03-31,-1
2018-10-31,15140,2018-03-31,2,,,,,,,,,,,,,,,,,,,,,,,,,,,,,3.00,,,,58892853,3058147,,false,false,12,2017-04-01,2018-03-31,-1
2018-10-31,15140,2019-03-31,2,,,,,,,,,,,,,,,,,,,,,,,,,,,,,3.00,,,,,,,false,true,12,2018-04-01,2019-03-31,0
2018-10-31,15140,2019-03-31,2,,,,,,,,,,,,,,,,,,,,,,,,,,,,,,,,,58892853,4533801,54850419,false,false,6,2018-04-01,2018-09-30,0
2018-10-31,15140,2018-03-31,2,,,,,,,,,,,,,,,,,,,,,,,,,,,,,,,,,,,56187170,false,false,6,2017-04-01,2017-09-30,-1
2019-01-31,15140,2019-03-31,3,14991000000,0.286,,,,,104000000,-0.296,476000000,-0.760,,849000000,,15.53,13.25,,,,,16449000000,12801000000,0.772,,12706000000,,,,,,,,,,,,true,false,9,2018-04-01,2018-12-31,0
2019-01-31,15140,2018-03-31,3,11659000000,0.441,,,,,149000000,0.565,1985000000,3.876,,1797000000,,32.05,27.53,,,,,,,,,,,,,,,,,,,,,true,false,9,2017-04-01,2017-12-31,-1
2019-01-31,15140,2019-03-31,3,20000000000,0.389,,,,,140000000,0.062,1100000000,-0.581,,1622000000,,29.65,,,,,,,,,,,,,,,,,,,,,,true,true,12,2018-04-01,2019-03-31,0
2019-01-31,15140,2018-03-31,3,,,,,,,,,,,,,,,,,,,,18623000000,12862000000,0.686,,12783000000,,,,,,,,,,,,true,false,12,2017-04-01,2018-03-31,-1
2019-01-31,15140,2018-03-31,3,,,,,,,,,,,,,,,,,,,,,,,,,,,,,3.00,,,,58892853,3058147,,false,false,12,2017-04-01,2018-03-31,-1
2019-01-31,15140,2019-03-31,3,,,,,,,,,,,,,,,,,,,,,,,,,,,,,3.00,,,,,,,false,true,12,2018-04-01,2019-03-31,0
2019-01-31,15140,2019-03-31,3,,,,,,,,,,,,,,,,,,,,,,,,,,,,,,,,,58892853,4533806,54703007,false,false,9,2018-04-01,2018-12-31,0
2019-01-31,15140,2018-03-31,3,,,,,,,,,,,,,,,,,,,,,,,,,,,,,,,,,,,56081438,false,false,9,2017-04-01,2017-12-31,-1
2019-04-15,15140,2019-03-31,,19700000000,-0.015,,,,,160000000,0.143,2100000000,0.909,,2600000000,,47.53,,,,,,,,,,,,,,,,,,,,,,true,true,12,2018-04-01,2019-03-31,0
2019-04-15,15140,2018-03-31,,14402000000,,,,,,131000000,,2626000000,,,2147000000,,38.08,,,,,,,,,,,,,,,,,,,,,,true,false,12,2017-04-01,2018-03-31,-1
2019-05-15,15140,2019-03-31,,19733000000,0.370,,,,,164000000,0.250,2129000000,-0.189,,2594000000,,47.23,40.25,0.191,0.120,0.008,,16841000000,14497000000,0.855,218.60,14396000000,-2145000000,1391000000,-2457000000,2124000000,,0.064,,,,,,true,false,12,2018-04-01,2019-03-31,0
2019-05-15,15140,2018-03-31,,14402000000,0.148,,,,,131000000,-0.021,2626000000,4.177,,2147000000,,38.08,32.89,0.182,0.150,0.009,,18623000000,12862000000,0.686,183.93,12783000000,4335000000,-172000000,-471000000,5328000000,,0.079,,,,,,true,false,12,2017-04-01,2018-03-31,-1
2019-05-15,15140,2020-03-31,,9000000000,0.063,,,,,10000000,-0.580,500000000,0.239,,400000000,,7.32,,,,,,,,,,,,,,,,,,,,,,true,true,6,2019-04-01,2019-09-30,1
2019-05-15,15140,2020-03-31,,21000000000,0.064,,,,,90000000,-0.454,1100000000,-0.483,,1000000000,,18.05,,,,,,,,,,,,,,,,0.166,,,,,,true,true,12,2019-04-01,2020-03-31,1
2019-05-15,15140,2019-03-31,,200000000,,,,,,-230000000,,2574000000,,2592000000,,,47.20,40.22,,,,,8037000000,7573000000,0.930,91.21,7471000000,,,,,3.00,,,,58892853,4533818,54623630,false,false,12,2018-04-01,2019-03-31,0
2019-05-15,15140,2018-03-31,,,-1.000,,,,,-439000000,,-448000000,,-332000000,,,-6.20,,,,,,7730000000,5384000000,0.686,50.01,5305000000,,,,,3.00,,,,58892853,3058147,56024501,false,false,12,2017-04-01,2018-03-31,-1
2019-05-15,15140,2020-03-31,,,,,,,,,,,,,,,,,,,,,,,,,,,,,,3.00,,,,,,,false,true,12,2019-04-01,2020-03-31,1
2019-07-30,15140,2020-03-31,1,4272000000,0.057,,,,,-56000000,,-75000000,,,-85000000,,-1.60,,,,,,16518000000,14028000000,0.843,,13920000000,,,,,,,,,,,,true,false,3,2019-04-01,2019-06-30,0
2019-07-30,15140,2019-03-31,1,4040000000,0.225,,,,,-5000000,,-16000000,,,661000000,,11.98,10.25,,,,,,,,,,,,,,,,,,,,,true,false,3,2018-04-01,2018-06-30,-1
2019-07-30,15140,2020-03-31,1,9000000000,0.063,,,,,10000000,-0.580,500000000,0.239,,400000000,,7.43,,,,,,,,,,,,,,,,,,,,,,true,true,6,2019-04-01,2019-09-30,0
2019-07-30,15140,2020-03-31,1,21000000000,0.064,,,,,90000000,-0.454,1100000000,-0.483,,1000000000,,18.57,,,,,,,,,,,,,,,,,,,,,,true,true,12,2019-04-01,2020-03-31,0
2019-07-30,15140,2019-03-31,1,,,,,,,,,,,,,,,,,,,,16841000000,14497000000,0.855,,14396000000,,,,,,,,,,,,true,false,12,2018-04-01,2019-03-31,-1
2019-07-30,15140,2019-03-31,1,,,,,,,,,,,,,,,,,,,,,,,,,,,,,3.00,,,,58892853,4533818,,false,false,12,2018-04-01,2019-03-31,-1
2019-07-30,15140,2020-03-31,1,,,,,,,,,,,,,,,,,,,,,,,,,,,,,3.00,,,,,,,false,true,12,2019-04-01,2020-03-31,0
2019-07-30,15140,2020-03-31,1,,,,,,,,,,,,,,,,,,,,,,,,,,,,,,,,,58892853,5907618,53849360,false,false,3,2019-04-01,2019-06-30,0
2019-07-30,15140,2019-03-31,1,,,,,,,,,,,,,,,,,,,,,,,,,,,,,,,,,,,55231169,false,false,3,2018-04-01,2018-06-30,-1
2019-10-15,15140,2020-03-31,,7000000000,-0.222,,,,,-15000000,,880000000,0.760,,750000000,,13.93,,,,,,,,,,,,,,,,,,,,,,true,true,6,2019-04-01,2019-09-30,0
2019-10-15,15140,2019-03-31,,8467000000,,,,,,23000000,,403000000,,,794000000,,14.49,,,,,,,,,,,,,,,,,,,,,,true,false,6,2018-04-01,2018-09-30,-1
2019-10-31,15140,2020-03-31,2,7042000000,-0.168,,,,,-15000000,,889000000,1.204,,764000000,,14.31,12.12,,,,,16663000000,14829000000,0.883,,14711000000,,,,,,,,,,,,true,false,6,2019-04-01,2019-09-30,0
2019-10-31,15140,2019-03-31,2,8467000000,0.167,,,,,23000000,-0.737,403000000,-0.790,,794000000,,14.49,12.37,,,,,,,,,,,,,,,,,,,,,true,false,6,2018-04-01,2018-09-30,-1
2019-10-31,15140,2020-03-31,2,21000000000,0.064,,,,,90000000,-0.454,1100000000,-0.483,,1000000000,,18.72,,,,,,,,,,,,,,,,,,,,,,true,true,12,2019-04-01,2020-03-31,0
2019-10-31,15140,2019-03-31,2,,,,,,,,,,,,,,,,,,,,16841000000,14497000000,0.855,,14396000000,,,,,,,,,,,,true,false,12,2018-04-01,2019-03-31,-1
2019-10-31,15140,2019-03-31,2,,,,,,,,,,,,,,,,,,,,,,,,,,,,,3.00,,,,58892853,4533818,,false,false,12,2018-04-01,2019-03-31,-1
2019-10-31,15140,2020-03-31,2,,,,,,,,,,,,,,,,,,,,,,,,,,,,,3.00,,,,,,,false,true,12,2019-04-01,2020-03-31,0
2019-10-31,15140,2020-03-31,2,,,,,,,,,,,,,,,,,,,,,,,,,,,,,,,,,58892853,6033857,53424920,false,false,6,2019-04-01,2019-09-30,0
2019-10-31,15140,2019-03-31,2,,,,,,,,,,,,,,,,,,,,,,,,,,,,,,,,,,,54850419,false,false,6,2018-04-01,2018-09-30,-1
2020-01-31,15140,2020-03-31,3,11373000000,-0.241,,,,,24000000,-0.764,930000000,0.952,,749000000,,14.07,11.89,,,,,16245000000,14883000000,0.908,,14755000000,,,,,,,,,,,,true,false,9,2019-04-01,2019-12-31,0
2020-01-31,15140,2019-03-31,3,14991000000,0.286,,,,,104000000,-0.296,476000000,-0.760,,849000000,,15.53,13.24,,,,,,,,,,,,,,,,,,,,,true,false,9,2018-04-01,2018-12-31,-1
2020-01-31,15140,2020-03-31,3,21000000000,0.064,,,,,90000000,-0.454,1100000000,-0.483,,1000000000,,18.77,,,,,,,,,,,,,,,,,,,,,,true,true,12,2019-04-01,2020-03-31,0
2020-01-31,15140,2019-03-31,3,,,,,,,,,,,,,,,,,,,,16841000000,14497000000,0.855,,14396000000,,,,,,,,,,,,true,false,12,2018-04-01,2019-03-31,-1
2020-01-31,15140,2019-03-31,3,,,,,,,,,,,,,,,,,,,,,,,,,,,,,3.00,,,,58892853,4533818,,false,false,12,2018-04-01,2019-03-31,-1
2020-01-31,15140,2020-03-31,3,,,,,,,,,,,,,,,,,,,,,,,,,,,,,3.00,,,,,,,false,true,12,2019-04-01,2020-03-31,0
2020-01-31,15140,2020-03-31,3,,,,,,,,,,,,,,,,,,,,,,,,,,,,,,,,,58892853,6033859,53255142,false,false,9,2019-04-01,2019-12-31,0
2020-01-31,15140,2019-03-31,3,,,,,,,,,,,,,,,,,,,,,,,,,,,,,,,,,,,54703007,false,false,9,2018-04-01,2018-12-31,-1
2020-04-17,15140,2020-03-31,,15300000000,-0.271,,,,,20000000,-0.778,1200000000,0.091,,1000000000,,18.78,,,,,,,,,,,,,,,,,,,,,,true,true,12,2019-04-01,2020-03-31,0
2020-04-17,15140,2019-03-31,,19733000000,,,,,,164000000,,2129000000,,,2594000000,,47.23,,,,,,,,,,,,,,,,,,,,,,true,false,12,2018-04-01,2019-03-31,-1
2020-05-15,15140,2020-03-31,,15390000000,-0.220,,,,,21000000,-0.867,1262000000,-0.407,,1021000000,,18.94,15.98,0.070,0.075,0.001,,16622000000,14996000000,0.894,233.56,14859000000,2191000000,-55000000,-731000000,3526000000,,0.158,,,,,,true,false,12,2019-04-01,2020-03-31,0
2020-05-15,15140,2019-03-31,,19733000000,0.370,,,,,164000000,0.250,2129000000,-0.189,,2594000000,,47.23,40.25,0.191,0.120,0.008,,16841000000,14497000000,0.855,218.60,14396000000,-2145000000,1391000000,-2457000000,2124000000,,0.064,,,,,,true,false,12,2018-04-01,2019-03-31,-1
2020-05-15,15140,2021-03-31,,6000000000,-0.148,,,,,190000000,,200000000,-0.775,,180000000,,3.38,,,,,,,,,,,,,,,,,,,,,,true,true,6,2020-04-01,2020-09-30,1
2020-05-15,15140,2021-03-31,,14000000000,-0.090,,,,,490000000,,500000000,-0.604,,470000000,,8.57,,,,,,,,,,,,,,,,0.350,,,,,,true,true,12,2020-04-01,2021-03-31,1
2020-05-15,15140,2020-03-31,,220000000,0.100,,,,,-238000000,,1315000000,-0.489,1332000000,,-0.486,24.79,20.92,,,,,8746000000,8588000000,0.966,112.34,8451000000,,,,,3.00,,,,58892853,6033864,53163722,false,false,12,2019-04-01,2020-03-31,0
2020-05-15,15140,2019-03-31,,200000000,,,,,,-230000000,,2574000000,,2592000000,,,47.20,40.22,,,,,8037000000,7573000000,0.930,91.21,7471000000,,,,,3.00,,,,58892853,4533818,54623630,false,false,12,2018-04-01,2019-03-31,-1
2020-05-15,15140,2021-03-31,,,,,,,,,,,,,,,,,,,,,,,,,,,,,,3.00,,,,,,,false,true,12,2020-04-01,2021-03-31,1
2020-07-30,15140,2021-03-31,1,2316000000,-0.458,,,,,-18000000,,-33000000,,,-37000000,,-0.71,,,,,,17335000000,14922000000,0.854,,14797000000,,,,,,,,,,,,true,false,3,2020-04-01,2020-06-30,0
2020-07-30,15140,2020-03-31,1,4272000000,0.057,,,,,-56000000,,-75000000,,,-85000000,,-1.60,,,,,,,,,,,,,,,,,,,,,,true,false,3,2019-04-01,2019-06-30,-1
2020-07-30,15140,2021-03-31,1,6000000000,-0.148,,,,,190000000,,200000000,-0.775,,180000000,,3.40,,,,,,,,,,,,,,,,,,,,,,true,true,6,2020-04-01,2020-09-30,0
2020-07-30,15140,2021-03-31,1,14000000000,-0.090,,,,,490000000,,500000000,-0.604,,470000000,,8.88,,,,,,,,,,,,,,,,,,,,,,true,true,12,2020-04-01,2021-03-31,0
2020-07-30,15140,2020-03-31,1,,,,,,,,,,,,,,,,,,,,16622000000,14996000000,0.894,,14859000000,,,,,,,,,,,,true,false,12,2019-04-01,2020-03-31,-1
2020-07-30,15140,2020-03-31,1,,,,,,,,,,,,,,,,,,,,,,,,,,,,,3.00,,,,58892853,6033864,,false,false,12,2019-04-01,2020-03-31,-1
2020-07-30,15140,2021-03-31,1,,,,,,,,,,,,,,,,,,,,,,,,,,,,,3.00,,,,,,,false,true,12,2020-04-01,2021-03-31,0
2020-07-30,15140,2021-03-31,1,,,,,,,,,,,,,,,,,,,,,,,,,,,,,,,,,58892853,5803964,52916464,false,false,3,2020-04-01,2020-06-30,0
2020-07-30,15140,2020-03-31,1,,,,,,,,,,,,,,,,,,,,,,,,,,,,,,,,,,,53849360,false,false,3,2019-04-01,2019-06-30,-1
2020-10-30,15140,2021-03-31,2,4633000000,-0.420,,,,,-49000000,,-59000000,,,-68000000,,-1.28,,,,,,17013000000,14979000000,0.880,,14979000000,,,,,,,,,,,,true,false,6,2020-04-01,2020-09-30,0
2020-10-30,15140,2020-03-31,2,7990000000,-0.101,,,,,902000000,1.049,889000000,1.204,,764000000,,14.31,12.12,,,,,,,,,,,,,,,,,,,,,true,false,6,2019-04-01,2019-09-30,-1
2020-10-30,15140,2021-03-31,2,10000000000,-0.400,,,,,150000000,-0.882,100000000,-0.921,,70000000,,1.30,,,,,,,,,,,,,,,,,,,,,,true,true,12,2020-04-01,2021-03-31,0
2020-10-30,15140,2020-03-31,2,,,,,,,,,,,,,,,,,,,,16622000000,14996000000,0.894,,14859000000,,,,,,,,,,,,true,false,12,2019-04-01,2020-03-31,-1
2020-10-30,15140,2020-03-31,2,,,,,,,,,,,,,,,,,,,,,,,,,,,,,3.00,,,,58892853,6033864,,false,false,12,2019-04-01,2020-03-31,-1
2020-10-30,15140,2021-03-31,2,,,,,,,,,,,,,,,,,,,,,,,,,,,,,3.00,,,,,,,false,true,12,2020-04-01,2021-03-31,0
2020-10-30,15140,2021-03-31,2,,,,,,,,,,,,,,,,,,,,,,,,,,,,,,,,,58892853,4173735,53689040,false,false,6,2020-04-01,2020-09-30,0
2020-10-30,15140,2020-03-31,2,,,,,,,,,,,,,,,,,,,,,,,,,,,,,,,,,,,53424920,false,false,6,2019-04-01,2019-09-30,-1
2021-01-29,15140,2021-03-31,3,7173000000,-0.418,,,,,-14000000,,-44000000,,,-90000000,,-1.67,,,,,,16325000000,15014000000,0.920,,15014000000,,,,,,,,,,,,true,false,9,2020-04-01,2020-12-31,0
2021-01-29,15140,2020-03-31,3,12321000000,-0.201,,,,,941000000,0.809,930000000,0.952,,749000000,,14.07,11.89,,,,,,,,,,,,,,,,,,,,,true,false,9,2019-04-01,2019-12-31,-1
2021-01-29,15140,2021-03-31,3,10000000000,-0.400,,,,,150000000,-0.882,100000000,-0.921,,70000000,,1.30,,,,,,,,,,,,,,,,,,,,,,true,true,12,2020-04-01,2021-03-31,0
2021-01-29,15140,2020-03-31,3,,,,,,,,,,,,,,,,,,,,16622000000,14996000000,0.894,,14859000000,,,,,,,,,,,,true,false,12,2019-04-01,2020-03-31,-1
2021-01-29,15140,2020-03-31,3,,,,,,,,,,,,,,,,,,,,,,,,,,,,,3.00,,,,58892853,6033864,,false,false,12,2019-04-01,2020-03-31,-1
2021-01-29,15140,2021-03-31,3,,,,,,,,,,,,,,,,,,,,,,,,,,,,,3.00,,,,,,,false,true,12,2020-04-01,2021-03-31,0
2021-01-29,15140,2021-03-31,3,,,,,,,,,,,,,,,,,,,,,,,,,,,,,,,,,58892853,4173769,53998054,false,false,9,2020-04-01,2020-12-31,0
2021-01-29,15140,2020-03-31,3,,,,,,,,,,,,,,,,,,,,,,,,,,,,,,,,,,,53255142,false,false,9,2019-04-01,2019-12-31,-1
2021-04-01,15140,2021-03-31,,9800000000,-0.020,,,,,-80000000,,-70000000,,,-120000000,,-2.22,,,,,,,,,,,,,,,,,,,,,,true,true,12,2020-04-01,2021-03-31,0
2021-04-01,15140,2020-03-31,,16679000000,,,,,,1276000000,,1262000000,,,1021000000,,18.94,,,,,,,,,,,,,,,,,,,,,,true,false,12,2019-04-01,2020-03-31,-1
2021-05-14,15140,2021-03-31,,9781000000,-0.414,,,,,-63000000,,-33000000,,,-94000000,,-2.00,,-0.006,-0.002,-0.006,,17049000000,15105000000,0.886,230.12,15105000000,1452000000,-36000000,-299000000,4646000000,,,,,,,,true,false,12,2020-04-01,2021-03-31,0
2021-05-14,15140,2020-03-31,,16679000000,-0.232,,,,,1276000000,-0.403,1262000000,-0.407,,1021000000,,18.94,15.98,0.070,0.075,0.001,,16622000000,14996000000,0.894,233.56,14859000000,2191000000,-55000000,-731000000,3526000000,,0.158,,,,,,true,false,12,2019-04-01,2020-03-31,-1
2021-05-14,15140,2022-03-31,,4600000000,,,,,,70000000,,90000000,,,80000000,,1.48,,,,,,,,,,,,,,,,,,,,,,true,true,6,2021-04-01,2021-09-30,1
2021-05-14,15140,2022-03-31,,10100000000,,,,,,370000000,,400000000,,,380000000,,6.75,,,,,,,,,,,,,,,,0.444,,,,,,true,true,12,2021-04-01,2022-03-31,1
2021-05-14,15140,2021-03-31,,230000000,0.045,,,,,-222000000,,2538000000,0.931,2561000000,,0.922,47.02,40.76,,,,,11161000000,11051000000,0.990,156.03,11051000000,,,,,3.00,,,,58892853,4173845,54164438,false,false,12,2020-04-01,2021-03-31,0
2021-05-14,15140,2020-03-31,,220000000,0.100,,,,,-238000000,,1315000000,-0.489,1332000000,,-0.486,24.79,20.92,,,,,8746000000,8588000000,0.966,112.34,8451000000,,,,,3.00,,,,58892853,6033864,53163722,false,false,12,2019-04-01,2020-03-31,-1
2021-05-14,15140,2022-03-31,,,,,,,,,,,,,,,,,,,,,,,,,,,,,,3.00,,,,,,,false,true,12,2021-04-01,2022-03-31,1
2021-07-30,15140,2022-03-31,1,2158000000,,,,,,82000000,,82000000,,,58000000,,1.06,0.92,,,,,16496000000,14960000000,0.907,,14960000000,,,,,,,,,,,,true,false,3,2021-04-01,2021-06-30,0
2021-07-30,15140,2021-03-31,1,2316000000,-0.458,,,,,-18000000,,-33000000,,,-37000000,,-0.71,,,,,,,,,,,,,,,,,,,,,,true,false,3,2020-04-01,2020-06-30,-1
2021-07-30,15140,2022-03-31,1,4600000000,,,,,,70000000,,90000000,,,80000000,,1.48,,,,,,,,,,,,,,,,,,,,,,true,true,6,2021-04-01,2021-09-30,0
2021-07-30,15140,2022-03-31,1,10100000000,,,,,,370000000,,400000000,,,380000000,,6.75,,,,,,,,,,,,,,,,,,,,,,true,true,12,2021-04-01,2022-03-31,0
2021-07-30,15140,2021-03-31,1,,,,,,,,,,,,,,,,,,,,17049000000,15105000000,0.886,,15105000000,,,,,,,,,,,,true,false,12,2020-04-01,2021-03-31,-1
2021-07-30,15140,2021-03-31,1,,,,,,,,,,,,,,,,,,,,,,,,,,,,,3.00,,,,58892853,4173845,,false,false,12,2020-04-01,2021-03-31,-1
2021-07-30,15140,2022-03-31,1,,,,,,,,,,,,,,,,,,,,,,,,,,,,,3.00,,,,,,,false,true,12,2021-04-01,2022-03-31,0
2021-07-30,15140,2022-03-31,1,,,,,,,,,,,,,,,,,,,,,,,,,,,,,,,,,58892853,4174869,54718747,false,false,3,2021-04-01,2021-06-30,0
2021-07-30,15140,2021-03-31,1,,,,,,,,,,,,,,,,,,,,,,,,,,,,,,,,,,,52916464,false,false,3,2020-04-01,2020-06-30,-1
2021-10-15,15140,2022-03-31,,3800000000,-0.174,,,,,560000000,7.000,550000000,5.111,,490000000,,8.95,,,,,,,,,,,,,,,,,,,,,,true,true,6,2021-04-01,2021-09-30,0
2021-10-15,15140,2021-03-31,,4633000000,,,,,,-49000000,,-59000000,,,-68000000,,-1.28,,,,,,,,,,,,,,,,,,,,,,true,false,6,2020-04-01,2020-09-30,-1
2021-10-15,15140,2022-03-31,,11000000000,0.089,,,,,1500000000,3.054,1500000000,2.750,,1500000000,,27.41,,,,,,,,,,,,,,,,,,,,,,true,true,12,2021-04-01,2022-03-31,0
2021-10-15,15140,2021-03-31,,9781000000,,,,,,-63000000,,-33000000,,,-94000000,,-2.00,,,,,,,,,,,,,,,,,,,,,,true,false,12,2020-04-01,2021-03-31,-1
2021-10-29,15140,2022-03-31,2,3816000000,,,,,,568000000,,552000000,,,497000000,,9.06,7.87,,,,,16414000000,15397000000,0.938,,15397000000,,,,,,,,,,,,true,false,6,2021-04-01,2021-09-30,0
2021-10-29,15140,2021-03-31,2,4633000000,-0.420,,,,,-49000000,,-59000000,,,-68000000,,-1.28,,,,,,,,,,,,,,,,,,,,,,true,false,6,2020-04-01,2020-09-30,-1
2021-10-29,15140,2022-03-31,2,11000000000,,,,,,1500000000,,1500000000,,,1500000000,,27.41,,,,,,,,,,,,,,,,,,,,,,true,true,12,2021-04-01,2022-03-31,0
2021-10-29,15140,2021-03-31,2,,,,,,,,,,,,,,,,,,,,17049000000,15105000000,0.886,,15105000000,,,,,,,,,,,,true,false,12,2020-04-01,2021-03-31,-1
2021-10-29,15140,2021-03-31,2,,,,,,,,,,,,,,,,,,,,,,,,,,,,,3.00,,,,58892853,4173845,,false,false,12,2020-04-01,2021-03-31,-1
2021-10-29,15140,2022-03-31,2,,,,,,,,,,,,,,,,,,,,,,,,,,,,,3.00,,,,,,,false,true,12,2021-04-01,2022-03-31,0
2021-10-29,15140,2022-03-31,2,,,,,,,,,,,,,,,,,,,,,,,,,,,,,,,,,58892853,3852635,54856531,false,false,6,2021-04-01,2021-09-30,0
2021-10-29,15140,2021-03-31,2,,,,,,,,,,,,,,,,,,,,,,,,,,,,,,,,,,,53689040,false,false,6,2020-04-01,2020-09-30,-1
2022-01-31,15140,2022-03-31,3,8045000000,,,,,,608000000,,594000000,,,566000000,,10.32,8.96,,,,,16677000000,15515000000,0.930,,15515000000,,,,,,,,,,,,true,false,9,2021-04-01,2021-12-31,0
2022-01-31,15140,2021-03-31,3,7173000000,-0.418,,,,,-14000000,,-44000000,,,-90000000,,-1.67,,,,,,,,,,,,,,,,,,,,,,true,false,9,2020-04-01,2020-12-31,-1
2022-01-31,15140,2022-03-31,3,11000000000,,,,,,1500000000,,1500000000,,,1500000000,,27.41,,,,,,,,,,,,,,,,,,,,,,true,true,12,2021-04-01,2022-03-31,0
2022-01-31,15140,2021-03-31,3,,,,,,,,,,,,,,,,,,,,17049000000,15105000000,0.886,,15105000000,,,,,,,,,,,,true,false,12,2020-04-01,2021-03-31,-1
2022-01-31,15140,2021-03-31,3,,,,,,,,,,,,,,,,,,,,,,,,,,,,,3.00,,,,58892853,4173845,,false,false,12,2020-04-01,2021-03-31,-1
2022-01-31,15140,2022-03-31,3,,,,,,,,,,,,,,,,,,,,,,,,,,,,,3.00,,,,,,,false,true,12,2021-04-01,2022-03-31,0
2022-01-31,15140,2022-03-31,3,,,,,,,,,,,,,,,,,,,,,,,,,,,,,,,,,58892853,3852643,54911635,false,false,9,2021-04-01,2021-12-31,0
2022-01-31,15140,2021-03-31,3,,,,,,,,,,,,,,,,,,,,,,,,,,,,,,,,,,,53998054,false,false,9,2020-04-01,2020-12-31,-1
2022-04-15,15140,2022-03-31,,12300000000,0.118,,,,,2300000000,0.533,2300000000,0.533,,2200000000,,40.06,,,,,,,,,,,,,,,,,,,,,,true,true,12,2021-04-01,2022-03-31,0
2022-04-15,15140,2021-03-31,,9781000000,,,,,,-63000000,,-33000000,,,-94000000,,-2.00,,,,,,,,,,,,,,,,,,,,,,true,false,12,2020-04-01,2021-03-31,-1
2022-04-15,15140,2022-03-31,,,,,,,,,,,,,,,,,,,,,,,,,,,,,,5.00,,,,,,,false,true,12,2021-04-01,2022-03-31,0
2022-04-15,15140,2021-03-31,,,,,,,,,,,,,,,,,,,,,,,,,,,,,,3.00,,,,,,,false,false,12,2020-04-01,2021-03-31,-1
2022-05-16,15140,2022-03-31,,12404000000,,,,,,2343000000,,2356000000,,,2267000000,,41.02,35.61,0.140,0.122,0.189,,21575000000,17353000000,0.804,269.66,17353000000,-3033000000,445000000,1421000000,3402000000,,0.122,,,,,,true,false,12,2021-04-01,2022-03-31,0
2022-05-16,15140,2021-03-31,,9781000000,-0.414,,,,,-63000000,,-33000000,,,-94000000,,-2.00,,-0.006,-0.002,-0.006,,17049000000,15105000000,0.886,230.12,15105000000,1452000000,-36000000,-299000000,4646000000,,,,,,,,true,false,12,2020-04-01,2021-03-31,-1
2022-05-16,15140,2023-03-31,,13800000000,2.615,,,,,1300000000,1.287,1300000000,1.352,,1200000000,,21.84,,,,,,,,,,,,,,,,,,,,,,true,true,6,2022-04-01,2022-09-30,1
2022-05-16,15140,2023-03-31,,25700000000,1.072,,,,,2400000000,0.024,2400000000,0.019,,2280000000,,41.23,,,,,,,,,,,,,,,,0.121,,,,,,true,true,12,2022-04-01,2023-03-31,1
2022-05-16,15140,2022-03-31,,208000000,-0.096,,,,,-169000000,,72000000,-0.972,407000000,,-0.841,7.15,6.21,,,,,11466000000,11321000000,0.987,160.05,11321000000,,,,,5.00,,,,58892853,3860848,54940675,false,false,12,2021-04-01,2022-03-31,0
2022-05-16,15140,2021-03-31,,230000000,0.045,,,,,-222000000,,2538000000,0.931,2561000000,,0.922,47.02,40.76,,,,,11161000000,11051000000,0.990,156.03,11051000000,,,,,3.00,,,,58892853,4173845,54164438,false,false,12,2020-04-01,2021-03-31,-1
2022-05-16,15140,2023-03-31,,,,,,,,,,,,,,,,,,,,,,,,,,,,,,5.00,,,,,,,false,true,12,2022-04-01,2023-03-31,1
2022-07-29,15140,2023-03-31,1,7437000000,2.445,,,,,42000000,-0.497,22000000,-0.732,,15000000,,0.27,0.24,,,,,26575000000,16734000000,0.630,,16734000000,,,,,,,,,,,,true,false,3,2022-04-01,2022-06-30,0
2022-07-29,15140,2022-03-31,1,2159000000,-0.068,,,,,83000000,,83000000,,,58000000,,1.07,0.93,,,,,,,,,,,,,,,,,,,,,true,false,3,2021-04-01,2021-06-30,-1
2022-07-29,15140,2023-03-31,1,13800000000,2.615,,,,,1300000000,1.287,1300000000,1.352,,1200000000,,22.21,,,,,,,,,,,,,,,,,,,,,,true,true,6,2022-04-01,2022-09-30,0
2022-07-29,15140,2023-03-31,1,25700000000,1.072,,,,,2400000000,0.024,2400000000,0.019,,2280000000,,42.20,,,,,,,,,,,,,,,,,,,,,,true,true,12,2022-04-01,2023-03-31,0
2022-07-29,15140,2022-03-31,1,,,,,,,,,,,,,,,,,,,,21576000000,17354000000,0.804,,17354000000,,,,,,,,,,,,true,false,12,2021-04-01,2022-03-31,-1
2022-07-29,15140,2022-03-31,1,,,,,,,,,,,,,,,,,,,,,,,,,,,,,5.00,,,,58892853,3860848,,false,false,12,2021-04-01,2022-03-31,-1
2022-07-29,15140,2023-03-31,1,,,,,,,,,,,,,,,,,,,,,,,,,,,,,5.00,,,,,,,false,true,12,2022-04-01,2023-03-31,0
2022-07-29,15140,2023-03-31,1,,,,,,,,,,,,,,,,,,,,,,,,,,,,,,,,,58892853,5883156,54026428,false,false,3,2022-04-01,2022-06-30,0
2022-07-29,15140,2022-03-31,1,,,,,,,,,,,,,,,,,,,,,,,,,,,,,,,,,,,54718747,false,false,3,2021-04-01,2021-06-30,-1
2022-10-14,15140,2023-03-31,,24500000000,0.775,,,,,700000000,-0.462,700000000,-0.462,,650000000,,12.03,,,,,,,,,,,,,,,,,,,,,,true,true,6,2022-04-01,2022-09-30,0
2022-10-14,15140,2022-03-31,,3817000000,,,,,,568000000,,553000000,,,497000000,,9.06,,,,,,,,,,,,,,,,,,,,,,true,false,6,2021-04-01,2021-09-30,-1
2022-10-14,15140,2023-03-31,,42000000000,0.634,,,,,2400000000,,2400000000,,,2280000000,,42.20,,,,,,,,,,,,,,,,,,,,,,true,true,12,2022-04-01,2023-03-31,0
2022-10-14,15140,2022-03-31,,12405000000,,,,,,2343000000,,2356000000,,,2268000000,,41.02,,,,,,,,,,,,,,,,,,,,,,true,false,12,2021-04-01,2022-03-31,-1
2022-10-31,15140,2023-03-31,2,24544000000,5.430,,,,,728000000,0.280,702000000,0.271,,652000000,,12.14,10.51,,,,,29770000000,17417000000,0.585,,17417000000,,,,,,,,,,,,true,false,6,2022-04-01,2022-09-30,0
2022-10-31,15140,2022-03-31,2,3817000000,-0.176,,,,,568000000,,553000000,,,497000000,,9.07,7.87,,,,,,,,,,,,,,,,,,,,,true,false,6,2021-04-01,2021-09-30,-1
2022-10-31,15140,2023-03-31,2,42000000000,2.386,,,,,2400000000,0.024,2400000000,0.019,,2280000000,,42.20,,,,,,,,,,,,,,,,,,,,,,true,true,12,2022-04-01,2023-03-31,0
2022-10-31,15140,2022-03-31,2,,,,,,,,,,,,,,,,,,,,21576000000,17354000000,0.804,,17354000000,,,,,,,,,,,,true,false,12,2021-04-01,2022-03-31,-1
2022-10-31,15140,2022-03-31,2,,,,,,,,,,,,,,,,,,,,,,,,,,,,,5.00,,,,58892853,3860848,,false,false,12,2021-04-01,2022-03-31,-1
2022-10-31,15140,2023-03-31,2,,,,,,,,,,,,,,,,,,,,,,,,,,,,,5.00,,,,,,,false,true,12,2022-04-01,2023-03-31,0
2022-10-31,15140,2023-03-31,2,,,,,,,,,,,,,,,,,,,,,,,,,,,,,,,,,58892853,5664068,53684583,false,false,6,2022-04-01,2022-09-30,0
2022-10-31,15140,2022-03-31,2,,,,,,,,,,,,,,,,,,,,,,,,,,,,,,,,,,,54856531,false,false,6,2021-04-01,2021-09-30,-1
2023-01-31,15140,2023-03-31,3,33047000000,3.108,,,,,879000000,0.444,830000000,0.396,,756000000,,14.12,12.22,,,,,23540000000,17448000000,0.741,,17448000000,,,,,,,,,,,,true,false,9,2022-04-01,2022-12-31,0
2023-01-31,15140,2022-03-31,3,8045000000,0.122,,,,,609000000,,594000000,,,567000000,,10.32,8.96,,,,,,,,,,,,,,,,,,,,,true,false,9,2021-04-01,2021-12-31,-1
2023-01-31,15140,2023-03-31,3,42000000000,2.386,,,,,2400000000,0.024,2400000000,0.019,,2280000000,,42.20,,,,,,,,,,,,,,,,,,,,,,true,true,12,2022-04-01,2023-03-31,0
2023-01-31,15140,2022-03-31,3,,,,,,,,,,,,,,,,,,,,21576000000,17354000000,0.804,,17354000000,,,,,,,,,,,,true,false,12,2021-04-01,2022-03-31,-1
2023-01-31,15140,2022-03-31,3,,,,,,,,,,,,,,,,,,,,,,,,,,,,,5.00,,,,58892853,3860848,,false,false,12,2021-04-01,2022-03-31,-1
2023-01-31,15140,2023-03-31,3,,,,,,,,,,,,,,,,,,,,,,,,,,,,,5.00,,,,,,,false,true,12,2022-04-01,2023-03-31,0
2023-01-31,15140,2023-03-31,3,,,,,,,,,,,,,,,,,,,,,,,,,,,,,,,,,58892853,5674121,53544828,false,false,9,2022-04-01,2022-12-31,0
2023-01-31,15140,2022-03-31,3,,,,,,,,,,,,,,,,,,,,,,,,,,,,,,,,,,,54911635,false,false,9,2021-04-01,2021-12-31,-1
2023-04-03,15140,2023-03-31,,41700000000,-0.007,,,,,3800000000,0.583,3700000000,0.542,,3500000000,,65.46,,,,,,,,,,,,,,,,,,,,,,true,true,12,2022-04-01,2023-03-31,0
2023-04-03,15140,2022-03-31,,12405000000,,,,,,2343000000,,2356000000,,,2268000000,,41.02,,,,,,,,,,,,,,,,,,,,,,true,false,12,2021-04-01,2022-03-31,-1
2023-05-15,15140,2023-03-31,,39893000000,2.216,,,,,3840000000,0.639,3719000000,0.578,,3667000000,,68.31,59.10,0.194,0.156,0.096,,26143000000,20360000000,0.779,335.34,20360000000,53000000,-22000000,504000000,3937000000,,0.110,,,,,,true,false,12,2022-04-01,2023-03-31,0
2023-05-15,15140,2022-03-31,,12405000000,0.268,,,,,2343000000,,2356000000,,,2268000000,,41.02,35.62,0.140,0.122,0.189,,21576000000,17354000000,0.804,269.67,17354000000,-3034000000,445000000,1422000000,3402000000,,0.122,,,,,,true,false,12,2021-04-01,2022-03-31,-1
2023-05-15,15140,2024-03-31,,13700000000,-0.442,,,,,1840000000,1.529,1840000000,1.620,,1800000000,,33.66,,,,,,,,,,,,,,,,,,,,,,true,true,6,2023-04-01,2023-09-30,1
2023-05-15,15140,2024-03-31,,26000000000,-0.348,,,,,3680000000,-0.042,3690000000,-0.008,,3600000000,,67.06,,,,,,,,,,,,,,,,0.112,,,,,,true,true,12,2023-04-01,2024-03-31,1
2023-05-15,15140,2023-03-31,,203000000,-0.024,,,,,-223000000,,2017000000,,2072000000,,4.086,38.49,33.30,,,,,16525000000,12768000000,0.773,192.69,12768000000,,,,,7.50,,,,58892853,5674124,53469575,false,false,12,2022-04-01,2023-03-31,0
2023-05-15,15140,2022-03-31,,208000000,-0.096,,,,,-169000000,-0.240,72000000,-0.972,407000000,,-0.841,7.16,6.21,,,,,11467000000,11321000000,0.987,160.06,11321000000,,,,,5.00,,,,58892853,3860848,54940675,false,false,12,2021-04-01,2022-03-31,-1
2023-05-15,15140,2024-03-31,,,,,,,,,,,,,,,,,,,,,,,,,,,,,,7.50,,,,,,,false,true,12,2023-04-01,2024-03-31,1
2023-07-31,15140,2024-03-31,1,6544000000,-0.120,,,,,-28000000,,-13000000,,,-14000000,,-0.27,,,,,,23744000000,19673000000,0.829,,19673000000,,,,,,,,,,,,true,false,3,2023-04-01,2023-06-30,0
2023-07-31,15140,2023-03-31,1,7437000000,2.445,,,,,42000000,-0.497,22000000,-0.732,,15000000,,0.27,0.24,,,,,,,,,,,,,,,,,,,,,true,false,3,2022-04-01,2022-06-30,-1
2023-07-31,15140,2024-03-31,1,13700000000,-0.442,,,,,1840000000,1.529,1840000000,1.620,,1800000000,,33.66,,,,,,,,,,,,,,,,,,,,,,true,true,6,2023-04-01,2023-09-30,0
2023-07-31,15140,2024-03-31,1,26000000000,-0.348,,,,,3680000000,-0.042,3690000000,-0.008,,3600000000,,67.06,,,,,,,,,,,,,,,,,,,,,,true,true,12,2023-04-01,2024-03-31,0
2023-07-31,15140,2023-03-31,1,,,,,,,,,,,,,,,,,,,,26143000000,20360000000,0.779,,20360000000,,,,,,,,,,,,true,false,12,2022-04-01,2023-03-31,-1
2023-07-31,15140,2023-03-31,1,,,,,,,,,,,,,,,,,,,,,,,,,,,,,7.50,,,,58892853,5674124,,false,false,12,2022-04-01,2023-03-31,-1
2023-07-31,15140,2024-03-31,1,,,,,,,,,,,,,,,,,,,,,,,,,,,,,7.50,,,,,,,false,true,12,2023-04-01,2024-03-31,0
2023-07-31,15140,2024-03-31,1,,,,,,,,,,,,,,,,,,,,,,,,,,,,,,,,,58892853,6659324,52869879,false,false,3,2023-04-01,2023-06-30,0
2023-07-31,15140,2023-03-31,1,,,,,,,,,,,,,,,,,,,,,,,,,,,,,,,,,,,54026428,false,false,3,2022-04-01,2022-06-30,-1
2023-09-29,15140,2024-03-31,,15300000000,0.117,,,,,5400000000,1.935,5400000000,1.935,5300000000,,1.944,100.91,,,,,,,,,,,,,,,,,,,,,,true,true,6,2023-04-01,2023-09-30,0
2023-09-29,15140,2023-03-31,,24544000000,,,,,,728000000,,702000000,,652000000,,,12.14,,,,,,,,,,,,,,,,,,,,,,true,false,6,2022-04-01,2022-09-30,-1
2023-09-29,15140,2024-03-31,,19600000000,-0.246,,,,,5800000000,0.576,5900000000,0.599,,5700000000,,108.52,,,,,,,,,,,,,,,,,,,,,,true,true,12,2023-04-01,2024-03-31,0
2023-09-29,15140,2023-03-31,,39893000000,,,,,,3840000000,,3719000000,,,3667000000,,68.31,,,,,,,,,,,,,,,,,,,,,,true,false,12,2022-04-01,2023-03-31,-1
2023-10-31,15140,2024-03-31,2,15612000000,-0.364,,,,,5533000000,6.604,5523000000,6.865,,5428000000,,103.66,89.43,,,,,26860000000,24844000000,0.925,,24844000000,,,,,,,,,,,,true,false,6,2023-04-01,2023-09-30,0
2023-10-31,15140,2023-03-31,2,24544000000,5.430,,,,,728000000,0.280,702000000,0.271,,652000000,,12.14,10.51,,,,,,,,,,,,,,,,,,,,,true,false,6,2022-04-01,2022-09-30,-1
2023-10-31,15140,2024-03-31,2,19600000000,-0.246,,,,,5800000000,0.576,5900000000,0.599,,5700000000,,108.52,,,,,,,,,,,,,,,,,,,,,,true,true,12,2023-04-01,2024-03-31,0
2023-10-31,15140,2023-03-31,2,,,,,,,,,,,,,,,,,,,,26143000000,20360000000,0.779,,20360000000,,,,,,,,,,,,true,false,12,2022-04-01,2023-03-31,-1
2023-10-31,15140,2023-03-31,2,,,,,,,,,,,,,,,,,,,,,,,,,,,,,7.50,,,,58892853,5674124,,false,false,12,2022-04-01,2023-03-31,-1
2023-10-31,15140,2024-03-31,2,,,,,,,,,,,,,,,,,,,,,,,,,,,,,20.00,,,,,,,false,true,12,2023-04-01,2024-03-31,0
2023-10-31,15140,2024-03-31,2,,,,,,,,,,,,,,,,,,,,,,,,,,,,,,,,,58892853,7453841,52367731,false,false,6,2023-04-01,2023-09-30,0
2023-10-31,15140,2023-03-31,2,,,,,,,,,,,,,,,,,,,,,,,,,,,,,,,,,,,53684583,false,false,6,2022-04-01,2022-09-30,-1
2024-01-31,15140,2024-03-31,3,16882000000,-0.489,,,,,5407000000,5.150,5377000000,5.481,,5300000000,,101.75,87.72,,,,,29189000000,24729000000,0.847,,24729000000,,,,,,,,,,,,true,false,9,2023-04-01,2023-12-31,0
2024-01-31,15140,2023-03-31,3,33047000000,3.108,,,,,879000000,0.444,830000000,0.396,,756000000,,14.12,12.22,,,,,,,,,,,,,,,,,,,,,true,false,9,2022-04-01,2022-12-31,-1
2024-01-31,15140,2024-03-31,3,19600000000,-0.246,,,,,5800000000,0.576,5900000000,0.599,,5700000000,,108.52,,,,,,,,,,,,,,,,,,,,,,true,true,12,2023-04-01,2024-03-31,0
2024-01-31,15140,2023-03-31,3,,,,,,,,,,,,,,,,,,,,26143000000,20360000000,0.779,,20360000000,,,,,,,,,,,,true,false,12,2022-04-01,2023-03-31,-1
2024-01-31,15140,2023-03-31,3,,,,,,,,,,,,,,,,,,,,,,,,,,,,,7.50,,,,58892853,5674124,,false,false,12,2022-04-01,2023-03-31,-1
2024-01-31,15140,2024-03-31,3,,,,,,,,,,,,,,,,,,,,,,,,,,,,,20.00,,,,,,,false,true,12,2023-04-01,2024-03-31,0
2024-01-31,15140,2024-03-31,3,,,,,,,,,,,,,,,,,,,,,,,,,,,,,,,,,58892853,7453888,52089111,false,false,9,2023-04-01,2023-12-31,0
2024-01-31,15140,2023-03-31,3,,,,,,,,,,,,,,,,,,,,,,,,,,,,,,,,,,,53544828,false,false,9,2022-04-01,2022-12-31,-1
2024-04-15,15140,2024-03-31,,22500000000,0.148,,,,,8000000000,0.379,8100000000,0.373,,7500000000,,144.41,,,,,,,,,,,,,,,,,,,,,,true,true,12,2023-04-01,2024-03-31,0
2024-04-15,15140,2023-03-31,,39893000000,,,,,,3840000000,,3719000000,,,3667000000,,68.31,,,,,,,,,,,,,,,,,,,,,,true,false,12,2022-04-01,2023-03-31,-1
,15140,2024-03-31,,,,,,,,,,,,,,,,,,,,,,,,,,,,,,60.00,,,,,,,false,true,12,2023-04-01,2024-03-31,0
,15140,2023-03-31,,,,,,,,,,,,,,,,,,,,,,,,,,,,,,7.50,,,,,,,false,false,12,2022-04-01,2023-03-31,-1
2024-05-15,15140,2024-03-31,,22599000000,-0.434,,,,,8009000000,1.086,8106000000,1.179,,7530000000,,144.70,124.94,0.318,0.283,0.354,,31137000000,26989000000,0.867,475.82,26989000000,18778000000,-11000000,-3983000000,18717000000,,0.415,,,,,,true,false,12,2023-04-01,2024-03-31,0
2024-05-15,15140,2023-03-31,,39893000000,2.216,,,,,3840000000,0.639,3719000000,0.578,,3667000000,,68.31,59.33,0.194,0.156,0.096,,26143000000,20360000000,0.779,335.34,20360000000,53000000,-22000000,504000000,3937000000,,0.110,,,,,,true,false,12,2022-04-01,2023-03-31,-1
2024-05-15,15140,2025-03-31,,5300000000,-0.661,,,,,2200000000,-0.602,2200000000,-0.602,,2100000000,,40.43,,,,,,,,,,,,,,,,,,,,,,true,true,6,2024-04-01,2024-09-30,1
2024-05-15,15140,2025-03-31,,17800000000,-0.212,,,,,5500000000,-0.313,5500000000,-0.321,,5400000000,,103.69,,,,,,,,,,,,,,,,0.405,,,,,,true,true,12,2024-04-01,2025-03-31,1
2024-05-15,15140,2024-03-31,,207000000,0.020,,,,,-423000000,,3132000000,0.553,3224000000,,0.556,61.79,53.49,,,,,15136000000,14942000000,0.987,241.62,14942000000,,,,,60.00,,,,58892853,7453978,51939059,false,false,12,2023-04-01,2024-03-31,0
2024-05-15,15140,2023-03-31,,203000000,-0.024,,,,,-223000000,,2017000000,,2072000000,,4.086,38.49,33.53,,,,,16525000000,12768000000,0.773,192.69,12768000000,,,,,7.50,,,,58892853,5674124,53469575,false,false,12,2022-04-01,2023-03-31,-1
2024-05-15,15140,2025-03-31,,,,,,,,,,,,,,,,,,,,,,,,,,,,,,42.00,,,,,,,false,true,12,2024-04-01,2025-03-31,1
2024-07-25,15140,2025-03-31,1,1697000000,-0.741,,,,,-77000000,,-90000000,,,-92000000,,-1.79,,,,,,26254000000,23931000000,0.912,,23931000000,,,,,,,,,,,,true,false,3,2024-04-01,2024-06-30,0
2024-07-25,15140,2024-03-31,1,6544000000,-0.120,,,,,-28000000,,-13000000,,,-14000000,,-0.27,,,,,,,,,,,,,,,,,,,,,,true,false,3,2023-04-01,2023-06-30,-1
2024-07-25,15140,2025-03-31,1,5300000000,-0.661,,,,,2200000000,-0.602,2200000000,-0.602,,2100000000,,40.43,,,,,,,,,,,,,,,,,,,,,,true,true,6,2024-04-01,2024-09-30,0
2024-07-25,15140,2025-03-31,1,17800000000,-0.212,,,,,5500000000,-0.313,5500000000,-0.321,,5400000000,,103.69,,,,,,,,,,,,,,,,,,,,,,true,true,12,2024-04-01,2025-03-31,0
2024-07-25,15140,2024-03-31,1,,,,,,,,,,,,,,,,,,,,31137000000,26989000000,0.867,,26989000000,,,,,,,,,,,,true,false,12,2023-04-01,2024-03-31,-1
2024-07-25,15140,2024-03-31,1,,,,,,,,,,,,,,,,,,,,,,,,,,,,,60.00,,,,58892853,7453978,,false,false,12,2023-04-01,2024-03-31,-1
2024-07-25,15140,2025-03-31,1,,,,,,,,,,,,,,,,,,,,,,,,,,,,,42.00,,,,,,,false,true,12,2024-04-01,2025-03-31,0
2024-07-25,15140,2025-03-31,1,,,,,,,,,,,,,,,,,,,,,,,,,,,,,,,,,58892853,7453988,51438868,false,false,3,2024-04-01,2024-06-30,0
2024-07-25,15140,2024-03-31,1,,,,,,,,,,,,,,,,,,,,,,,,,,,,,,,,,,,52869879,false,false,3,2023-04-01,2023-06-30,-1
2024-10-04,15140,2025-03-31,,6200000000,0.170,,,,,2300000000,0.045,2250000000,0.023,2200000000,,0.048,42.76,,,,,,,,,,,,,,,,,,,,,,true,true,6,2024-04-01,2024-09-30,0
2024-10-04,15140,2024-03-31,,15612000000,,,,,,5533000000,,5523000000,,5428000000,,,103.66,,,,,,,,,,,,,,,,,,,,,,true,false,6,2023-04-01,2023-09-30,-1
2024-10-04,15140,2025-03-31,,17100000000,-0.039,,,,,3400000000,-0.382,3400000000,-0.382,,3300000000,,64.15,,,,,,,,,,,,,,,,,,,,,,true,true,12,2024-04-01,2025-03-31,0
2024-10-04,15140,2024-03-31,,22599000000,,,,,,8009000000,,8106000000,,,7530000000,,144.70,,,,,,,,,,,,,,,,,,,,,,true,false,12,2023-04-01,2024-03-31,-1
2024-10-04,15140,2025-03-31,,,,,,,,,,,,,,,,,,,,,,,,,,,,,,25.00,,,,,,,false,true,12,2024-04-01,2025-03-31,0
2024-10-04,15140,2025-03-31,,,,,,,,,,,,,,,,,,,,,,,,,,,,,,0.00,,,,,,,false,false,12,2024-04-01,2025-03-31,0
2024-10-04,15140,2024-03-31,,,,,,,,,,,,,,,,,,,,,,,,,,,,,,60.00,,,,,,,false,false,12,2023-04-01,2024-03-31,-1
2024-10-30,15140,2025-03-31,2,6188000000,-0.604,,,,,2334000000,-0.578,2320000000,-0.580,,2310000000,,44.90,38.65,,,,,29281000000,26223000000,0.896,,26223000000,,,,,,,,,,,,true,false,6,2024-04-01,2024-09-30,0
2024-10-30,15140,2024-03-31,2,15612000000,-0.364,,,,,5533000000,6.604,5523000000,6.865,,5428000000,,103.66,89.43,,,,,,,,,,,,,,,,,,,,,true,false,6,2023-04-01,2023-09-30,-1
2024-10-30,15140,2025-03-31,2,17100000000,-0.243,,,,,3400000000,-0.575,3400000000,-0.581,,3300000000,,63.12,,,,,,,,,,,,,,,,,,,,,,true,true,12,2024-04-01,2025-03-31,0
2024-10-30,15140,2024-03-31,2,,,,,,,,,,,,,,,,,,,,31137000000,26989000000,0.867,,26989000000,,,,,,,,,,,,true,false,12,2023-04-01,2024-03-31,-1
2024-10-30,15140,2024-03-31,2,,,,,,,,,,,,,,,,,,,,,,,,,,,,,60.00,,,,58892853,7453978,,false,false,12,2023-04-01,2024-03-31,-1
2024-10-30,15140,2025-03-31,2,,,,,,,,,,,,,,,,,,,,,,,,,,,,,0.00,,,,,,,false,false,12,2024-04-01,2025-03-31,0
2024-10-30,15140,2025-03-31,2,,,,,,,,,,,,,,,,,,,,,,,,,,,,,25.00,,,,,,,false,true,12,2024-04-01,2025-03-31,0
2024-10-30,15140,2025-03-31,2,,,,,,,,,,,,,,,,,,,,,,,,,,,,,,,,,58892853,7437361,51441241,false,false,6,2024-04-01,2024-09-30,0
2024-10-30,15140,2024-03-31,2,,,,,,,,,,,,,,,,,,,,,,,,,,,,,,,,,,,52367731,false,false,6,2023-04-01,2023-09-30,-1
2025-01-30,15140,2025-03-31,3,9753000000,-0.422,,,,,2376000000,-0.561,2363000000,-0.561,,2306000000,,43.42,,,,,,28421000000,26212000000,0.922,,26212000000,,,,,,,,,,,,true,false,9,2024-04-01,2024-12-31,0
2025-01-30,15140,2024-03-31,3,16882000000,-0.489,,,,,5407000000,5.150,5377000000,5.481,,5300000000,,101.75,87.72,,,,,,,,,,,,,,,,,,,,,true,false,9,2023-04-01,2023-12-31,-1
2025-01-30,15140,2025-03-31,3,17100000000,-0.243,,,,,3400000000,-0.575,3400000000,-0.581,,3300000000,,60.38,,,,,,,,,,,,,,,,,,,,,,true,true,12,2024-04-01,2025-03-31,0
2025-01-30,15140,2024-03-31,3,,,,,,,,,,,,,,,,,,,,31137000000,26989000000,0.867,,26989000000,,,,,,,,,,,,true,false,12,2023-04-01,2024-03-31,-1
2025-01-30,15140,2024-03-31,3,,,,,,,,,,,,,,,,,,,,,,,,,,,,,60.00,,,,58892853,7453978,,false,false,12,2023-04-01,2024-03-31,-1
2025-01-30,15140,2025-03-31,3,,,,,,,,,,,,,,,,,,,,,,,,,,,,,0.00,,,,,,,false,false,12,2024-04-01,2025-03-31,0
2025-01-30,15140,2025-03-31,3,,,,,,,,,,,,,,,,,,,,,,,,,,,,,25.00,,,,,,,false,true,12,2024-04-01,2025-03-31,0
2025-01-30,15140,2025-03-31,3,,,,,,,,,,,,,,,,,,,,,,,,,,,,,,,,,67222853,7437429,53111503,false,false,9,2024-04-01,2024-12-31,0
2025-01-30,15140,2024-03-31,3,,,,,,,,,,,,,,,,,,,,,,,,,,,,,,,,,,,52089111,false,false,9,2023-04-01,2023-12-31,-1
2025-04-16,15140,2025-03-31,,14800000000,-0.135,,,,,4600000000,0.353,4700000000,0.382,,4100000000,,75.02,,,,,,,,,,,,,,,,,,,,,,true,true,12,2024-04-01,2025-03-31,0
2025-04-16,15140,2024-03-31,,22599000000,,,,,,8009000000,,8106000000,,,7530000000,,144.70,,,,,,,,,,,,,,,,,,,,,,true,false,12,2023-04-01,2024-03-31,-1
2025-04-16,15140,2025-03-31,,,,,,,,,,,,,,,,,,,,,,,,,,,,,,30.00,,,,,,,false,true,12,2024-04-01,2025-03-31,0
2025-04-16,15140,2024-03-31,,,,,,,,,,,,,,,,,,,,,,,,,,,,,,60.00,,,,,,,false,false,12,2023-04-01,2024-03-31,-1
2025-05-15,15140,2025-03-31,,10264000000,-0.288,,,,,48000000,,4711000000,-0.419,,4195000000,,76.76,,0.153,0.157,0.005,,29047000000,28024000000,0.965,468.75,28024000000,26000000,-216000000,-3174000000,15351000000,,0.428,,,,,,true,false,12,2024-04-01,2025-03-31,0
2025-05-15,15140,2024-03-31,,14416000000,-0.603,,,,,-154000000,,8106000000,1.179,,7530000000,,144.70,124.94,0.318,0.283,,,31137000000,26989000000,0.867,475.82,26989000000,18778000000,-11000000,-3983000000,18717000000,,0.415,,,,,,true,false,12,2023-04-01,2024-03-31,-1
2025-05-15,15140,2026-03-31,,4100000000,0.079,,,,,40000000,,900000000,-0.612,,900000000,,15.05,,,,,,,,,,,,,,,,,,,,,,true,true,6,2025-04-01,2025-09-30,1
2025-05-15,15140,2026-03-31,,8700000000,-0.152,,,,,100000000,1.073,2000000000,-0.575,,2000000000,,33.45,,,,,,,,,,,,,,,,0.448,,,,,,true,true,12,2025-04-01,2026-03-31,1
2025-05-15,15140,2025-03-31,,233000000,0.126,,,,,-214000000,,7967000000,1.543,8036000000,,1.493,147.04,,,,,,20000000000,19901000000,0.995,332.87,19901000000,,,,,30.00,,,,67222853,7437429,54654208,false,false,12,2024-04-01,2025-03-31,0
2025-05-15,15140,2024-03-31,,207000000,0.020,,,,,-423000000,,3132000000,0.553,3224000000,,0.556,61.79,53.49,,,,,15136000000,14942000000,0.987,241.62,14942000000,,,,,60.00,,,,58892853,7453978,51939059,false,false,12,2023-04-01,2024-03-31,-1
2025-05-15,15140,2026-03-31,,,,,,,,,,,,,,,,,,,,,,,,,,,,,,15.00,,,,,,,false,true,12,2025-04-01,2026-03-31,1
