filing_date,code,fiscal_year_end,quarterly_period,net_sales,net_sales_change,revenue,revenue_change,operating_revenue,operating_revenue_change,operating_profit,operating_profit_change,ordinary_profit,ordinary_profit_change,net_income,net_income_of_parent,net_income_change,eps,diluted_eps,roe,roa,operating_profit_to_net_sales,operating_profit_to_revenue,total_assets,net_assets,equity_ratio,bps,owner_equity,operating_cash_flow,investing_cash_flow,financing_cash_flow,cash,dividend_per_share,payout_ratio,commemorative_dividend,extra_dividend,number_of_shares,number_of_treqsury_shares,avg_number_of_shares,is_consolidated,is_forecast,duration,period_start,period_end,period_pos
2015-07-30,17180,2015-12-31,2,14599000000,-0.017,,,,,926000000,0.730,941000000,0.884,520000000,,0.584,47.62,,,,,,26601000000,9756000000,0.315,766.64,8384000000,,,,,,,,,,,,true,false,6,2015-01-01,2015-06-30,0
2015-07-30,17180,2014-12-31,2,14853000000,0.145,,,,,535000000,0.200,499000000,0.162,328000000,,0.536,30.07,,,,,,,,,,,,,,,,,,,,,,true,false,6,2014-01-01,2014-06-30,-1
2015-07-30,17180,2015-12-31,2,28000000000,-0.075,,,,,1250000000,-0.067,1200000000,-0.074,570000000,,0.071,52.12,,,,,,,,,,,,,,,,,,,,,,true,true,12,2015-01-01,2015-12-31,0
2015-07-30,17180,2014-12-31,2,,,,,,,,,,,,,,,,,,,,26798000000,9193000000,0.294,720.80,7883000000,,,,,,,,,,,,true,false,12,2014-01-01,2014-12-31,-1
2015-07-30,17180,2014-12-31,2,,,,,,,,,,,,,,,,,,,,,,,,,,,,,8.00,,,,11532630,595302,,false,false,12,2014-01-01,2014-12-31,-1
2015-07-30,17180,2015-12-31,2,,,,,,,,,,,,,,,,,,,,,,,,,,,,,4.00,,,,,,,false,false,12,2015-01-01,2015-12-31,0
2015-07-30,17180,2015-12-31,2,,,,,,,,,,,,,,,,,,,,,,,,,,,,,8.00,,,,,,,false,true,12,2015-01-01,2015-12-31,0
2015-07-30,17180,2015-12-31,2,,,,,,,,,,,,,,,,,,,,,,,,,,,,,,,,,11532630,595904,10937194,false,false,6,2015-01-01,2015-06-30,0
2015-07-30,17180,2014-12-31,2,,,,,,,,,,,,,,,,,,,,,,,,,,,,,,,,,,,10938331,false,false,6,2014-01-01,2014-06-30,-1
2015-07-30,17180,2015-12-31,,14599000000,0.007,,,,,926000000,0.626,941000000,0.743,520000000,,0.578,47.62,,,,,,,,,,,,,,,,,,,,,,true,true,6,2015-01-01,2015-06-30,0
2015-07-30,17180,2014-12-31,,14853000000,,,,,,535000000,,499000000,,328000000,,,30.07,,,,,,,,,,,,,,,,,,,,,,true,false,6,2014-01-01,2014-06-30,-1
2015-07-30,17180,2015-12-31,,6508000000,-0.070,,,,,,,622000000,0.245,408000000,,0.363,37.38,,,,,,,,,,,,,,,,,,,,,,false,true,6,2015-01-01,2015-06-30,0
2015-07-30,17180,2014-12-31,,7446000000,,,,,,,,540000000,,335000000,,,30.65,,,,,,,,,,,,,,,,,,,,,,false,false,6,2014-01-01,2014-06-30,-1
2015-10-29,17180,2015-12-31,3,22266000000,-0.061,,,,,1498000000,0.229,1507000000,0.287,797000000,,0.693,72.96,,,,,,27380000000,10051000000,0.314,786.54,8601000000,,,,,,,,,,,,true,false,9,2015-01-01,2015-09-30,0
2015-10-29,17180,2014-12-31,3,23719000000,0.129,,,,,1218000000,0.268,1170000000,0.250,471000000,,0.075,43.08,,,,,,,,,,,,,,,,,,,,,,true,false,9,2014-01-01,2014-09-30,-1
2015-10-29,17180,2015-12-31,3,29000000000,-0.042,,,,,1600000000,0.194,1600000000,0.235,850000000,,0.598,77.72,,,,,,,,,,,,,,,,,,,,,,true,true,12,2015-01-01,2015-12-31,0
2015-10-29,17180,2014-12-31,3,,,,,,,,,,,,,,,,,,,,26798000000,9193000000,0.294,720.80,7883000000,,,,,,,,,,,,true,false,12,2014-01-01,2014-12-31,-1
2015-10-29,17180,2014-12-31,3,,,,,,,,,,,,,,,,,,,,,,,,,,,,,8.00,,,,11532630,595302,,false,false,12,2014-01-01,2014-12-31,-1
2015-10-29,17180,2015-12-31,3,,,,,,,,,,,,,,,,,,,,,,,,,,,,,4.00,,,,,,,false,false,12,2015-01-01,2015-12-31,0
2015-10-29,17180,2015-12-31,3,,,,,,,,,,,,,,,,,,,,,,,,,,,,,8.00,,,,,,,false,true,12,2015-01-01,2015-12-31,0
2015-10-29,17180,2015-12-31,3,,,,,,,,,,,,,,,,,,,,,,,,,,,,,,,,,11532630,596127,10937019,false,false,9,2015-01-01,2015-09-30,0
2015-10-29,17180,2014-12-31,3,,,,,,,,,,,,,,,,,,,,,,,,,,,,,,,,,,,10938145,false,false,9,2014-01-01,2014-09-30,-1
2015-10-29,17180,2015-12-31,,29000000000,0.036,,,,,1600000000,0.280,1600000000,0.333,850000000,,0.491,77.72,,,,,,,,,,,,,,,,,,,,,,true,true,12,2015-01-01,2015-12-31,0
2015-10-29,17180,2014-12-31,,30276000000,,,,,,1339000000,,1295000000,,531000000,,,48.64,,,,,,,,,,,,,,,,,,,,,,true,false,12,2014-01-01,2014-12-31,-1
2015-10-29,17180,2015-12-31,,13800000000,0.022,,,,,,,1100000000,0.250,700000000,,0.400,64.00,,,,,,,,,,,,,,,,,,,,,,false,true,12,2015-01-01,2015-12-31,0
2015-10-29,17180,2014-12-31,,14552000000,,,,,,,,969000000,,428000000,,,39.18,,,,,,,,,,,,,,,,,,,,,,false,false,12,2014-01-01,2014-12-31,-1
2016-02-12,17180,2015-12-31,,30531000000,0.008,,,,,2003000000,0.495,2008000000,0.551,1074000000,,1.020,98.27,,0.128,0.073,0.066,,28116000000,10315000000,0.315,810.79,8866000000,2438000000,-1194000000,-793000000,1688000000,,0.081,,,,,,true,false,12,2015-01-01,2015-12-31,0
2016-02-12,17180,2014-12-31,,30276000000,0.024,,,,,1339000000,0.092,1295000000,0.082,531000000,,0.057,48.64,,0.070,0.048,0.044,,26798000000,9193000000,0.294,720.80,7883000000,611000000,-478000000,-638000000,1236000000,,0.164,,,,,,true,false,12,2014-01-01,2014-12-31,-1
2016-02-12,17180,2016-12-31,,14500000000,-0.007,,,,,700000000,-0.245,700000000,-0.256,,380000000,,34.75,,,,,,,,,,,,,,,,,,,,,,true,true,6,2016-01-01,2016-06-30,1
2016-02-12,17180,2016-12-31,,30000000000,-0.017,,,,,1400000000,-0.301,1400000000,-0.303,,750000000,,68.58,,,,,,,,,,,,,,,,0.146,,,,,,true,true,12,2016-01-01,2016-12-31,1
2016-02-12,17180,2015-12-31,,14203000000,-0.024,,,,,1347000000,0.365,1339000000,0.381,853000000,,0.991,78.02,,,,,,16689000000,6811000000,0.408,622.88,6811000000,,,,,8.00,,,,11532630,596634,10936775,false,false,12,2015-01-01,2015-12-31,0
2016-02-12,17180,2014-12-31,,14552000000,0.104,,,,,987000000,0.548,969000000,0.551,428000000,,0.371,39.18,,,,,,15626000000,6042000000,0.387,552.44,6042000000,,,,,8.00,,,,11532630,595302,10937939,false,false,12,2014-01-01,2014-12-31,-1
2016-02-12,17180,2016-12-31,,7500000000,0.152,,,,,,,600000000,-0.037,360000000,,-0.119,32.92,,,,,,,,,,,,,,,,,,,,,,false,true,6,2016-01-01,2016-06-30,1
2016-02-12,17180,2016-12-31,,14000000000,-0.014,,,,,,,1000000000,-0.253,600000000,,-0.297,54.86,,,,,,,,,,,,,,,10.00,,,,,,,false,true,12,2016-01-01,2016-12-31,1
2016-04-28,17180,2016-12-31,1,9099000000,0.034,,,,,838000000,0.060,830000000,0.053,,494000000,,45.20,,,,,,28657000000,10812000000,0.325,851.90,9316000000,,,,,,,,,,,,true,false,3,2016-01-01,2016-03-31,0
2016-04-28,17180,2015-12-31,1,8803000000,-0.097,,,,,791000000,0.120,788000000,0.151,,379000000,,34.72,,,,,,,,,,,,,,,,,,,,,,true,false,3,2015-01-01,2015-03-31,-1
2016-04-28,17180,2016-12-31,1,14500000000,-0.007,,,,,700000000,-0.245,700000000,-0.256,,380000000,,34.75,,,,,,,,,,,,,,,,,,,,,,true,true,6,2016-01-01,2016-06-30,0
2016-04-28,17180,2016-12-31,1,30000000000,-0.017,,,,,1400000000,-0.301,1400000000,-0.303,,750000000,,68.58,,,,,,,,,,,,,,,,,,,,,,true,true,12,2016-01-01,2016-12-31,0
2016-04-28,17180,2015-12-31,1,,,,,,,,,,,,,,,,,,,,28116000000,10315000000,0.315,810.79,8866000000,,,,,,,,,,,,true,false,12,2015-01-01,2015-12-31,-1
2016-04-28,17180,2015-12-31,1,,,,,,,,,,,,,,,,,,,,,,,,,,,,,8.00,,,,11532630,596634,,false,false,12,2015-01-01,2015-12-31,-1
2016-04-28,17180,2016-12-31,1,,,,,,,,,,,,,,,,,,,,,,,,,,,,,10.00,,,,,,,false,true,12,2016-01-01,2016-12-31,0
2016-04-28,17180,2016-12-31,1,,,,,,,,,,,,,,,,,,,,,,,,,,,,,,,,,11532630,596634,10935996,false,false,3,2016-01-01,2016-03-31,0
2016-04-28,17180,2015-12-31,1,,,,,,,,,,,,,,,,,,,,,,,,,,,,,,,,,,,10937328,false,false,3,2015-01-01,2015-03-31,-1
2016-05-30,17180,2016-12-31,,14500000000,,,,,,700000000,,700000000,,450000000,,0.184,41.15,,,,,,,,,,,,,,,,,,,,,,true,true,6,2016-01-01,2016-06-30,0
2016-05-30,17180,2015-12-31,,14599000000,,,,,,926000000,,941000000,,520000000,,,47.62,,,,,,,,,,,,,,,,,,,,,,true,false,6,2015-01-01,2015-06-30,-1
2016-05-30,17180,2016-12-31,,30000000000,,,,,,1400000000,,1400000000,,850000000,,0.133,77.72,,,,,,,,,,,,,,,,,,,,,,true,true,12,2016-01-01,2016-12-31,0
2016-05-30,17180,2015-12-31,,30531000000,,,,,,2003000000,,2008000000,,1074000000,,,98.27,,,,,,,,,,,,,,,,,,,,,,true,false,12,2015-01-01,2015-12-31,-1
2016-07-28,17180,2016-12-31,2,15634000000,0.071,,,,,1189000000,0.284,1174000000,0.248,,801000000,,73.27,,,,,,28059000000,11124000000,0.342,877.63,9597000000,,,,,,,,,,,,true,false,6,2016-01-01,2016-06-30,0
2016-07-28,17180,2015-12-31,2,14599000000,-0.017,,,,,926000000,0.730,941000000,0.884,,520000000,,47.62,,,,,,,,,,,,,,,,,,,,,,true,false,6,2015-01-01,2015-06-30,-1
2016-07-28,17180,2016-12-31,2,31500000000,0.032,,,,,1700000000,-0.152,1700000000,-0.154,,1000000000,,91.45,,,,,,,,,,,,,,,,,,,,,,true,true,12,2016-01-01,2016-12-31,0
2016-07-28,17180,2015-12-31,2,,,,,,,,,,,,,,,,,,,,28116000000,10315000000,0.315,810.79,8866000000,,,,,,,,,,,,true,false,12,2015-01-01,2015-12-31,-1
2016-07-28,17180,2015-12-31,2,,,,,,,,,,,,,,,,,,,,,,,,,,,,,8.00,,,,11532630,596634,,false,false,12,2015-01-01,2015-12-31,-1
2016-07-28,17180,2016-12-31,2,,,,,,,,,,,,,,,,,,,,,,,,,,,,,5.00,,,,,,,false,false,12,2016-01-01,2016-12-31,0
2016-07-28,17180,2016-12-31,2,,,,,,,,,,,,,,,,,,,,,,,,,,,,,10.00,,,,,,,false,true,12,2016-01-01,2016-12-31,0
2016-07-28,17180,2016-12-31,2,,,,,,,,,,,,,,,,,,,,,,,,,,,,,,,,,11532630,597491,10935836,false,false,6,2016-01-01,2016-06-30,0
2016-07-28,17180,2015-12-31,2,,,,,,,,,,,,,,,,,,,,,,,,,,,,,,,,,,,10937194,false,false,6,2015-01-01,2015-06-30,-1
2016-07-28,17180,2016-12-31,,15634000000,0.078,,,,,1189000000,0.699,1174000000,0.678,,801000000,,73.27,,,,,,,,,,,,,,,,,,,,,,true,true,6,2016-01-01,2016-06-30,0
2016-07-28,17180,2015-12-31,,14599000000,,,,,,926000000,,941000000,,,520000000,,47.62,,,,,,,,,,,,,,,,,,,,,,true,false,6,2015-01-01,2015-06-30,-1
2016-07-28,17180,2016-12-31,,31500000000,0.050,,,,,1700000000,0.214,1700000000,0.214,,1000000000,,91.45,,,,,,,,,,,,,,,,,,,,,,true,true,12,2016-01-01,2016-12-31,0
2016-07-28,17180,2015-12-31,,30531000000,,,,,,2003000000,,2008000000,,,1074000000,,98.27,,,,,,,,,,,,,,,,,,,,,,true,false,12,2015-01-01,2015-12-31,-1
2016-10-27,17180,2016-12-31,3,23997000000,0.078,,,,,1904000000,0.271,1885000000,0.251,,1176000000,,107.59,,,,,,27793000000,11533000000,0.357,908.11,9929000000,,,,,,,,,,,,true,false,9,2016-01-01,2016-09-30,0
2016-10-27,17180,2015-12-31,3,22266000000,-0.061,,,,,1498000000,0.229,1507000000,0.287,,797000000,,72.96,,,,,,,,,,,,,,,,,,,,,,true,false,9,2015-01-01,2015-09-30,-1
2016-10-27,17180,2016-12-31,3,31500000000,0.032,,,,,1700000000,-0.152,1700000000,-0.154,,1000000000,,91.45,,,,,,,,,,,,,,,,,,,,,,true,true,12,2016-01-01,2016-12-31,0
2016-10-27,17180,2015-12-31,3,,,,,,,,,,,,,,,,,,,,28116000000,10315000000,0.315,810.79,8866000000,,,,,,,,,,,,true,false,12,2015-01-01,2015-12-31,-1
2016-10-27,17180,2015-12-31,3,,,,,,,,,,,,,,,,,,,,,,,,,,,,,8.00,,,,11532630,596634,,false,false,12,2015-01-01,2015-12-31,-1
2016-10-27,17180,2016-12-31,3,,,,,,,,,,,,,,,,,,,,,,,,,,,,,5.00,,,,,,,false,false,12,2016-01-01,2016-12-31,0
2016-10-27,17180,2016-12-31,3,,,,,,,,,,,,,,,,,,,,,,,,,,,,,10.00,,,,,,,false,true,12,2016-01-01,2016-12-31,0
2016-10-27,17180,2016-12-31,3,,,,,,,,,,,,,,,,,,,,,,,,,,,,,,,,,11532630,598236,10935493,false,false,9,2016-01-01,2016-09-30,0
2016-10-27,17180,2015-12-31,3,,,,,,,,,,,,,,,,,,,,,,,,,,,,,,,,,,,10937019,false,false,9,2015-01-01,2015-09-30,-1
2017-02-13,17180,2016-12-31,,31436000000,0.030,,,,,2033000000,0.015,2038000000,0.015,,1273000000,,116.44,,0.135,0.073,0.065,,27378000000,11638000000,0.367,918.92,10046000000,2865000000,-120000000,-1912000000,2520000000,,0.112,,,,,,true,false,12,2016-01-01,2016-12-31,0
2017-02-13,17180,2015-12-31,,30531000000,0.008,,,,,2003000000,0.495,2008000000,0.551,,1074000000,,98.27,,0.128,0.073,0.066,,28116000000,10315000000,0.315,810.79,8866000000,2438000000,-1194000000,-793000000,1688000000,,0.081,,,,,,true,false,12,2015-01-01,2015-12-31,-1
2017-02-13,17180,2017-12-31,,14500000000,-0.073,,,,,950000000,-0.201,950000000,-0.191,,550000000,,50.30,,,,,,,,,,,,,,,,,,,,,,true,true,6,2017-01-01,2017-06-30,1
2017-02-13,17180,2017-12-31,,31000000000,-0.014,,,,,1650000000,-0.189,1650000000,-0.191,,950000000,,86.89,,,,,,,,,,,,,,,,0.115,,,,,,true,true,12,2017-01-01,2017-12-31,1
2017-02-13,17180,2016-12-31,,16194000000,0.140,,,,,1578000000,0.171,1571000000,0.173,1023000000,,0.199,93.55,,,,,,16003000000,7737000000,0.483,707.72,7737000000,,,,,13.00,,,,11532630,599125,10935022,false,false,12,2016-01-01,2016-12-31,0
2017-02-13,17180,2015-12-31,,14203000000,-0.024,,,,,1347000000,0.365,1339000000,0.381,853000000,,0.991,78.02,,,,,,16689000000,6811000000,0.408,622.88,6811000000,,,,,8.00,,,,11532630,596634,10936775,false,false,12,2015-01-01,2015-12-31,-1
2017-02-13,17180,2017-12-31,,7500000000,-0.121,,,,,,,650000000,-0.353,400000000,,-0.394,36.58,,,,,,,,,,,,,,,,,,,,,,false,true,6,2017-01-01,2017-06-30,1
2017-02-13,17180,2017-12-31,,15500000000,-0.043,,,,,,,1200000000,-0.236,750000000,,-0.267,68.60,,,,,,,,,,,,,,,10.00,,,,,,,false,true,12,2017-01-01,2017-12-31,1
,17180,2017-12-31,,,,,,,,,,,,,,,,,,,,,,,,,,,,,,50.00,,,,,,,false,true,12,2017-01-01,2017-12-31,0
,17180,2016-12-31,,,,,,,,,,,,,,,,,,,,,,,,,,,,,,13.00,,,,,,,false,false,12,2016-01-01,2016-12-31,-1
2017-04-27,17180,2017-12-31,1,9019000000,-0.009,,,,,841000000,0.003,840000000,0.012,,512000000,,46.88,,,,,,28906000000,12106000000,0.362,956.62,10459000000,,,,,,,,,,,,true,false,3,2017-01-01,2017-03-31,0
2017-04-27,17180,2016-12-31,1,9099000000,0.034,,,,,838000000,0.060,830000000,0.053,,494000000,,45.20,,,,,,,,,,,,,,,,,,,,,,true,false,3,2016-01-01,2016-03-31,-1
2017-04-27,17180,2017-12-31,1,14500000000,-0.073,,,,,950000000,-0.201,950000000,-0.191,,550000000,,50.30,,,,,,,,,,,,,,,,,,,,,,true,true,6,2017-01-01,2017-06-30,0
2017-04-27,17180,2017-12-31,1,31000000000,-0.014,,,,,1650000000,-0.189,1650000000,-0.191,,950000000,,868.89,,,,,,,,,,,,,,,,,,,,,,true,true,12,2017-01-01,2017-12-31,0
2017-04-27,17180,2016-12-31,1,,,,,,,,,,,,,,,,,,,,27378000000,11638000000,0.367,918.92,10046000000,,,,,,,,,,,,true,false,12,2016-01-01,2016-12-31,-1
2017-04-27,17180,2016-12-31,1,,,,,,,,,,,,,,,,,,,,,,,,,,,,,13.00,,,,11532630,599125,,false,false,12,2016-01-01,2016-12-31,-1
2017-04-27,17180,2017-12-31,1,,,,,,,,,,,,,,,,,,,,,,,,,,,,,50.00,,,,,,,false,true,12,2017-01-01,2017-12-31,0
2017-04-27,17180,2017-12-31,1,,,,,,,,,,,,,,,,,,,,,,,,,,,,,,,,,11532630,599125,10933505,false,false,3,2017-01-01,2017-03-31,0
2017-04-27,17180,2016-12-31,1,,,,,,,,,,,,,,,,,,,,,,,,,,,,,,,,,,,10935996,false,false,3,2016-01-01,2016-03-31,-1
2017-07-27,17180,2017-12-31,2,15635000000,0.000,,,,,957000000,-0.195,949000000,-0.192,,646000000,,591.32,,,,,,30705000000,12183000000,0.346,9709.12,10615000000,,,,,,,,,,,,true,false,6,2017-01-01,2017-06-30,0
2017-07-27,17180,2016-12-31,2,15634000000,0.071,,,,,1189000000,0.284,1174000000,0.248,,801000000,,732.70,,,,,,,,,,,,,,,,,,,,,,true,false,6,2016-01-01,2016-06-30,-1
2017-07-27,17180,2017-12-31,2,31000000000,-0.014,,,,,1650000000,-0.189,1650000000,-0.191,,950000000,,868.89,,,,,,,,,,,,,,,,,,,,,,true,true,12,2017-01-01,2017-12-31,0
2017-07-27,17180,2016-12-31,2,,,,,,,,,,,,,,,,,,,,27378000000,11638000000,0.367,9189.17,10046000000,,,,,,,,,,,,true,false,12,2016-01-01,2016-12-31,-1
2017-07-27,17180,2016-12-31,2,,,,,,,,,,,,,,,,,,,,,,,,,,,,,13.00,,,,1153263,59912,,false,false,12,2016-01-01,2016-12-31,-1
2017-07-27,17180,2017-12-31,2,,,,,,,,,,,,,,,,,,,,,,,,,,,,,5.00,,,,,,,false,false,12,2017-01-01,2017-12-31,0
2017-07-27,17180,2017-12-31,2,,,,,,,,,,,,,,,,,,,,,,,,,,,,,50.00,,,,,,,false,true,12,2017-01-01,2017-12-31,0
2017-07-27,17180,2017-12-31,2,,,,,,,,,,,,,,,,,,,,,,,,,,,,,,,,,1153263,59912,1093351,false,false,6,2017-01-01,2017-06-30,0
2017-07-27,17180,2016-12-31,2,,,,,,,,,,,,,,,,,,,,,,,,,,,,,,,,,,,1093584,false,false,6,2016-01-01,2016-06-30,-1
2017-10-26,17180,2017-12-31,3,24799000000,0.033,,,,,1844000000,-0.031,1841000000,-0.023,,1285000000,,1175.72,,,,,,31751000000,12850000000,0.352,10226.82,11181000000,,,,,,,,,,,,true,false,9,2017-01-01,2017-09-30,0
2017-10-26,17180,2016-12-31,3,23997000000,0.078,,,,,1904000000,0.271,1885000000,0.251,,1176000000,,1075.87,,,,,,,,,,,,,,,,,,,,,,true,false,9,2016-01-01,2016-09-30,-1
2017-10-26,17180,2017-12-31,3,31000000000,-0.014,,,,,1650000000,-0.189,1650000000,-0.191,,950000000,,868.89,,,,,,,,,,,,,,,,,,,,,,true,true,12,2017-01-01,2017-12-31,0
2017-10-26,17180,2016-12-31,3,,,,,,,,,,,,,,,,,,,,27378000000,11638000000,0.367,9189.17,10046000000,,,,,,,,,,,,true,false,12,2016-01-01,2016-12-31,-1
2017-10-26,17180,2016-12-31,3,,,,,,,,,,,,,,,,,,,,,,,,,,,,,13.00,,,,1153263,59912,,false,false,12,2016-01-01,2016-12-31,-1
2017-10-26,17180,2017-12-31,3,,,,,,,,,,,,,,,,,,,,,,,,,,,,,5.00,,,,,,,false,false,12,2017-01-01,2017-12-31,0
2017-10-26,17180,2017-12-31,3,,,,,,,,,,,,,,,,,,,,,,,,,,,,,50.00,,,,,,,false,true,12,2017-01-01,2017-12-31,0
2017-10-26,17180,2017-12-31,3,,,,,,,,,,,,,,,,,,,,,,,,,,,,,,,,,1153263,59947,1093339,false,false,9,2017-01-01,2017-09-30,0
2017-10-26,17180,2016-12-31,3,,,,,,,,,,,,,,,,,,,,,,,,,,,,,,,,,,,1093549,false,false,9,2016-01-01,2016-09-30,-1
2018-02-13,17180,2017-12-31,,31948000000,0.016,,,,,1896000000,-0.068,1891000000,-0.072,,1305000000,,1194.47,,0.123,0.066,0.059,,29925000000,12852000000,0.375,10255.96,11212000000,-989000000,-203000000,181000000,1509000000,,0.109,,,,,,true,false,12,2017-01-01,2017-12-31,0
2018-02-13,17180,2016-12-31,,31436000000,0.030,,,,,2033000000,0.015,2038000000,0.015,,1273000000,,1164.39,,0.135,0.073,0.065,,27378000000,11638000000,0.367,9189.17,10046000000,2865000000,-120000000,-1912000000,2520000000,,0.112,,,,,,true,false,12,2016-01-01,2016-12-31,-1
2018-02-13,17180,2018-12-31,,14000000000,-0.105,,,,,700000000,-0.269,700000000,-0.263,,420000000,,384.16,,,,,,,,,,,,,,,,,,,,,,true,true,6,2018-01-01,2018-06-30,1
2018-02-13,17180,2018-12-31,,31000000000,-0.030,,,,,1700000000,-0.104,1700000000,-0.101,,1000000000,,914.67,,,,,,,,,,,,,,,,,,,,,,true,true,12,2018-01-01,2018-12-31,1
2018-02-13,17180,2017-12-31,,18068000000,0.116,,,,,1602000000,0.015,1590000000,0.012,1180000000,,0.154,1079.41,,,,,,17635000000,8782000000,0.498,8033.58,8782000000,,,,,80.00,,,,1153263,59978,1093331,false,false,12,2017-01-01,2017-12-31,0
2018-02-13,17180,2016-12-31,,16194000000,0.140,,,,,1578000000,0.171,1571000000,0.173,1023000000,,0.199,935.55,,,,,,16003000000,7737000000,0.483,7077.21,7737000000,,,,,13.00,,,,1153263,59912,1093502,false,false,12,2016-01-01,2016-12-31,-1
2018-02-13,17180,2018-12-31,,7000000000,-0.231,,,,,,,500000000,-0.473,350000000,,-0.456,320.14,,,,,,,,,,,,,,,,,,,,,,false,true,6,2018-01-01,2018-06-30,1
2018-02-13,17180,2018-12-31,,16500000000,-0.087,,,,,,,1250000000,-0.214,850000000,,-0.280,777.47,,,,,,,,,,,,,,,100.00,,,,,,,false,true,12,2018-01-01,2018-12-31,1
2018-04-27,17180,2018-12-31,1,8867000000,-0.017,,,,,751000000,-0.107,749000000,-0.108,,438000000,,401.52,,,,,,31206000000,13244000000,0.370,,11555000000,,,,,,,,,,,,true,false,3,2018-01-01,2018-03-31,0
2018-04-27,17180,2017-12-31,1,9019000000,-0.009,,,,,841000000,0.003,840000000,0.012,,512000000,,468.79,,,,,,,,,,,,,,,,,,,,,,true,false,3,2017-01-01,2017-03-31,-1
2018-04-27,17180,2018-12-31,1,14000000000,-0.105,,,,,700000000,-0.269,700000000,-0.263,,420000000,,384.16,,,,,,,,,,,,,,,,,,,,,,true,true,6,2018-01-01,2018-06-30,0
2018-04-27,17180,2018-12-31,1,31000000000,-0.030,,,,,1700000000,-0.104,1700000000,-0.101,,1000000000,,914.67,,,,,,,,,,,,,,,,,,,,,,true,true,12,2018-01-01,2018-12-31,0
2018-04-27,17180,2017-12-31,1,,,,,,,,,,,,,,,,,,,,29925000000,12852000000,0.375,,11212000000,,,,,,,,,,,,true,false,12,2017-01-01,2017-12-31,-1
2018-04-27,17180,2017-12-31,1,,,,,,,,,,,,,,,,,,,,,,,,,,,,,80.00,,,,1153263,59978,,false,false,12,2017-01-01,2017-12-31,-1
2018-04-27,17180,2018-12-31,1,,,,,,,,,,,,,,,,,,,,,,,,,,,,,100.00,,,,,,,false,true,12,2018-01-01,2018-12-31,0
2018-04-27,17180,2018-12-31,1,,,,,,,,,,,,,,,,,,,,,,,,,,,,,,,,,1153263,59978,1093285,false,false,3,2018-01-01,2018-03-31,0
2018-04-27,17180,2017-12-31,1,,,,,,,,,,,,,,,,,,,,,,,,,,,,,,,,,,,1093351,false,false,3,2017-01-01,2017-03-31,-1
2018-07-30,17180,2018-12-31,2,13847000000,-0.114,,,,,652000000,-0.319,646000000,-0.320,,356000000,,326.11,,,,,,29983000000,13076000000,0.383,,11486000000,,,,,,,,,,,,true,false,6,2018-01-01,2018-06-30,0
2018-07-30,17180,2017-12-31,2,15635000000,0.000,,,,,957000000,-0.195,949000000,-0.192,,646000000,,591.32,,,,,,,,,,,,,,,,,,,,,,true,false,6,2017-01-01,2017-06-30,-1
2018-07-30,17180,2018-12-31,2,31000000000,-0.030,,,,,1700000000,-0.104,1700000000,-0.101,,1000000000,,914.67,,,,,,,,,,,,,,,,,,,,,,true,true,12,2018-01-01,2018-12-31,0
2018-07-30,17180,2017-12-31,2,,,,,,,,,,,,,,,,,,,,29925000000,12852000000,0.375,,11212000000,,,,,,,,,,,,true,false,12,2017-01-01,2017-12-31,-1
2018-07-30,17180,2017-12-31,2,,,,,,,,,,,,,,,,,,,,,,,,,,,,,80.00,,,,1153263,59978,,false,false,12,2017-01-01,2017-12-31,-1
2018-07-30,17180,2018-12-31,2,,,,,,,,,,,,,,,,,,,,,,,,,,,,,50.00,,,,,,,false,false,12,2018-01-01,2018-12-31,0
2018-07-30,17180,2018-12-31,2,,,,,,,,,,,,,,,,,,,,,,,,,,,,,100.00,,,,,,,false,true,12,2018-01-01,2018-12-31,0
2018-07-30,17180,2018-12-31,2,,,,,,,,,,,,,,,,,,,,,,,,,,,,,,,,,1153263,60017,1093273,false,false,6,2018-01-01,2018-06-30,0
2018-07-30,17180,2017-12-31,2,,,,,,,,,,,,,,,,,,,,,,,,,,,,,,,,,,,1093351,false,false,6,2017-01-01,2017-06-30,-1
2018-07-30,17180,2018-12-31,,7739000000,0.106,,,,,,,748000000,0.497,404000000,,0.155,369.66,,,,,,,,,,,,,,,,,,,,,,false,true,6,2018-01-01,2018-06-30,0
2018-07-30,17180,2017-12-31,,9099000000,,,,,,,,949000000,,643000000,,,588.91,,,,,,,,,,,,,,,,,,,,,,false,false,6,2017-01-01,2017-06-30,-1
2018-10-29,17180,2018-12-31,3,20993000000,-0.153,,,,,1114000000,-0.396,1099000000,-0.403,,587000000,,537.39,,,,,,31192000000,13316000000,0.374,,11655000000,,,,,,,,,,,,true,false,9,2018-01-01,2018-09-30,0
2018-10-29,17180,2017-12-31,3,24799000000,0.033,,,,,1844000000,-0.031,1841000000,-0.023,,1285000000,,1175.72,,,,,,,,,,,,,,,,,,,,,,true,false,9,2017-01-01,2017-09-30,-1
2018-10-29,17180,2018-12-31,3,28000000000,-0.124,,,,,1100000000,-0.420,1100000000,-0.418,,580000000,,530.51,,,,,,,,,,,,,,,,,,,,,,true,true,12,2018-01-01,2018-12-31,0
2018-10-29,17180,2017-12-31,3,,,,,,,,,,,,,,,,,,,,29925000000,12852000000,0.375,,11212000000,,,,,,,,,,,,true,false,12,2017-01-01,2017-12-31,-1
2018-10-29,17180,2017-12-31,3,,,,,,,,,,,,,,,,,,,,,,,,,,,,,80.00,,,,1153263,59978,,false,false,12,2017-01-01,2017-12-31,-1
2018-10-29,17180,2018-12-31,3,,,,,,,,,,,,,,,,,,,,,,,,,,,,,50.00,,,,,,,false,false,12,2018-01-01,2018-12-31,0
2018-10-29,17180,2018-12-31,3,,,,,,,,,,,,,,,,,,,,,,,,,,,,,100.00,,,,,,,false,true,12,2018-01-01,2018-12-31,0
2018-10-29,17180,2018-12-31,3,,,,,,,,,,,,,,,,,,,,,,,,,,,,,,,,,1153263,60018,1093264,false,false,9,2018-01-01,2018-09-30,0
2018-10-29,17180,2017-12-31,3,,,,,,,,,,,,,,,,,,,,,,,,,,,,,,,,,,,1093339,false,false,9,2017-01-01,2017-09-30,-1
2018-10-29,17180,2018-12-31,,28000000000,-0.097,,,,,1100000000,-0.353,1100000000,-0.353,580000000,,-0.420,530.51,,,,,,,,,,,,,,,,,,,,,,true,true,12,2018-01-01,2018-12-31,0
2018-10-29,17180,2017-12-31,,31948000000,,,,,,1896000000,,1891000000,,1305000000,,,1194.47,,,,,,,,,,,,,,,,,,,,,,true,false,12,2017-01-01,2017-12-31,-1
2018-10-29,17180,2018-12-31,,14500000000,-0.121,,,,,,,900000000,-0.280,520000000,,-0.388,475.63,,,,,,,,,,,,,,,,,,,,,,false,true,12,2018-01-01,2018-12-31,0
2018-10-29,17180,2017-12-31,,18068000000,,,,,,,,1590000000,,1180000000,,,1079.41,,,,,,,,,,,,,,,,,,,,,,false,false,12,2017-01-01,2017-12-31,-1
2019-02-13,17180,2018-12-31,,29470000000,-0.078,,,,,1320000000,-0.304,1292000000,-0.317,,712000000,,652.02,,0.062,0.044,0.045,,29085000000,13410000000,0.404,10753.07,11755000000,1351000000,540000000,-1490000000,1910000000,,0.153,,,,,,true,false,12,2018-01-01,2018-12-31,0
2019-02-13,17180,2017-12-31,,31948000000,0.016,,,,,1896000000,-0.068,1891000000,-0.072,,1305000000,,1194.47,,0.123,0.066,0.059,,29925000000,12852000000,0.375,10255.96,11212000000,-989000000,-203000000,181000000,1509000000,,0.109,,,,,,true,false,12,2017-01-01,2017-12-31,-1
2019-02-13,17180,2019-12-31,,15000000000,0.083,,,,,550000000,-0.157,550000000,-0.149,,330000000,,301.85,,,,,,,,,,,,,,,,,,,,,,true,true,6,2019-01-01,2019-06-30,1
2019-02-13,17180,2019-12-31,,30000000000,0.018,,,,,1000000000,-0.242,1000000000,-0.226,,630000000,,576.27,,,,,,,,,,,,,,,,0.174,,,,,,true,true,12,2019-01-01,2019-12-31,1
2019-02-13,17180,2018-12-31,,16224000000,-0.102,,,,,1119000000,-0.302,1115000000,-0.299,643000000,,-0.454,588.99,,,,,,16741000000,9260000000,0.553,8470.69,9260000000,,,,,100.00,,,,1153263,60018,1093259,false,false,12,2018-01-01,2018-12-31,0
2019-02-13,17180,2017-12-31,,18068000000,0.116,,,,,1602000000,0.015,1590000000,0.012,1180000000,,0.154,1079.41,,,,,,17635000000,8782000000,0.498,8033.58,8782000000,,,,,80.00,,,,1153263,59978,1093331,false,false,12,2017-01-01,2017-12-31,-1
2019-02-13,17180,2019-12-31,,7500000000,-0.031,,,,,,,400000000,-0.466,270000000,,-0.332,246.97,,,,,,,,,,,,,,,,,,,,,,false,true,6,2019-01-01,2019-06-30,1
2019-02-13,17180,2019-12-31,,15500000000,-0.045,,,,,,,800000000,-0.283,550000000,,-0.146,503.09,,,,,,,,,,,,,,,100.00,,,,,,,false,true,12,2019-01-01,2019-12-31,1
2019-04-26,17180,2019-12-31,1,8505000000,-0.041,,,,,583000000,-0.224,587000000,-0.216,,365000000,,334.47,,,,,,30892000000,13771000000,0.391,,12083000000,,,,,,,,,,,,true,false,3,2019-01-01,2019-03-31,0
2019-04-26,17180,2018-12-31,1,8867000000,-0.017,,,,,751000000,-0.107,749000000,-0.108,,438000000,,401.52,,,,,,,,,,,,,,,,,,,,,,true,false,3,2018-01-01,2018-03-31,-1
2019-04-26,17180,2019-12-31,1,15000000000,0.083,,,,,550000000,-0.157,550000000,-0.149,,330000000,,301.85,,,,,,,,,,,,,,,,,,,,,,true,true,6,2019-01-01,2019-06-30,0
2019-04-26,17180,2019-12-31,1,30000000000,0.018,,,,,1000000000,-0.242,1000000000,-0.226,,630000000,,576.27,,,,,,,,,,,,,,,,,,,,,,true,true,12,2019-01-01,2019-12-31,0
2019-04-26,17180,2018-12-31,1,,,,,,,,,,,,,,,,,,,,29085000000,13410000000,0.404,,11755000000,,,,,,,,,,,,true,false,12,2018-01-01,2018-12-31,-1
2019-04-26,17180,2018-12-31,1,,,,,,,,,,,,,,,,,,,,,,,,,,,,,100.00,,,,1153263,60018,,false,false,12,2018-01-01,2018-12-31,-1
2019-04-26,17180,2019-12-31,1,,,,,,,,,,,,,,,,,,,,,,,,,,,,,100.00,,,,,,,false,true,12,2019-01-01,2019-12-31,0
2019-04-26,17180,2019-12-31,1,,,,,,,,,,,,,,,,,,,,,,,,,,,,,,,,,1153263,60018,1093245,false,false,3,2019-01-01,2019-03-31,0
2019-04-26,17180,2018-12-31,1,,,,,,,,,,,,,,,,,,,,,,,,,,,,,,,,,,,1093285,false,false,3,2018-01-01,2018-03-31,-1
2019-07-29,17180,2019-12-31,2,15618000000,0.128,,,,,861000000,0.320,867000000,0.343,,556000000,,508.79,,,,,,29258000000,13925000000,0.418,,12243000000,,,,,,,,,,,,true,false,6,2019-01-01,2019-06-30,0
2019-07-29,17180,2018-12-31,2,13847000000,-0.114,,,,,652000000,-0.319,646000000,-0.320,,356000000,,326.11,,,,,,,,,,,,,,,,,,,,,,true,false,6,2018-01-01,2018-06-30,-1
2019-07-29,17180,2019-12-31,2,31000000000,0.052,,,,,1200000000,-0.091,1200000000,-0.072,,1120000000,,1024.47,,,,,,,,,,,,,,,,,,,,,,true,true,12,2019-01-01,2019-12-31,0
2019-07-29,17180,2018-12-31,2,,,,,,,,,,,,,,,,,,,,29085000000,13410000000,0.404,,11755000000,,,,,,,,,,,,true,false,12,2018-01-01,2018-12-31,-1
2019-07-29,17180,2018-12-31,2,,,,,,,,,,,,,,,,,,,,,,,,,,,,,100.00,,,,1153263,60018,,false,false,12,2018-01-01,2018-12-31,-1
2019-07-29,17180,2019-12-31,2,,,,,,,,,,,,,,,,,,,,,,,,,,,,,50.00,,,,,,,false,false,12,2019-01-01,2019-12-31,0
2019-07-29,17180,2019-12-31,2,,,,,,,,,,,,,,,,,,,,,,,,,,,,,100.00,,,,,,,false,true,12,2019-01-01,2019-12-31,0
2019-07-29,17180,2019-12-31,2,,,,,,,,,,,,,,,,,,,,,,,,,,,,,,,,,1153263,60018,1093245,false,false,6,2019-01-01,2019-06-30,0
2019-07-29,17180,2018-12-31,2,,,,,,,,,,,,,,,,,,,,,,,,,,,,,,,,,,,1093273,false,false,6,2018-01-01,2018-06-30,-1
2019-07-29,17180,2019-12-31,,15618000000,0.041,,,,,861000000,0.566,867000000,0.577,556000000,,0.686,508.79,,,,,,,,,,,,,,,,,,,,,,true,true,6,2019-01-01,2019-06-30,0
2019-07-29,17180,2018-12-31,,13847000000,,,,,,652000000,,646000000,,356000000,,,326.11,,,,,,,,,,,,,,,,,,,,,,true,false,6,2018-01-01,2018-06-30,-1
2019-07-29,17180,2019-12-31,,31000000000,0.033,,,,,1200000000,0.200,1200000000,0.200,1120000000,,0.778,1024.47,,,,,,,,,,,,,,,,,,,,,,true,true,12,2019-01-01,2019-12-31,0
2019-07-29,17180,2018-12-31,,29470000000,,,,,,1320000000,,1292000000,,712000000,,,652.02,,,,,,,,,,,,,,,,,,,,,,true,false,12,2018-01-01,2018-12-31,-1
2019-07-29,17180,2019-12-31,,8488000000,0.132,,,,,,,730000000,0.826,508000000,,0.882,464.91,,,,,,,,,,,,,,,,,,,,,,false,true,6,2019-01-01,2019-06-30,0
2019-07-29,17180,2018-12-31,,7739000000,,,,,,,,748000000,,404000000,,,369.66,,,,,,,,,,,,,,,,,,,,,,false,false,6,2018-01-01,2018-06-30,-1
2019-07-29,17180,2019-12-31,,16000000000,0.032,,,,,,,1000000000,0.250,1050000000,,0.909,960.44,,,,,,,,,,,,,,,,,,,,,,false,true,12,2019-01-01,2019-12-31,0
2019-07-29,17180,2018-12-31,,16224000000,,,,,,,,1115000000,,643000000,,,588.99,,,,,,,,,,,,,,,,,,,,,,false,false,12,2018-01-01,2018-12-31,-1
2019-10-28,17180,2019-12-31,3,23093000000,0.100,,,,,1272000000,0.142,1291000000,0.174,,1200000000,,1098.15,,,,,,29078000000,14582000000,0.442,,12853000000,,,,,,,,,,,,true,false,9,2019-01-01,2019-09-30,0
2019-10-28,17180,2018-12-31,3,20993000000,-0.153,,,,,1114000000,-0.396,1099000000,-0.403,,587000000,,537.39,,,,,,,,,,,,,,,,,,,,,,true,false,9,2018-01-01,2018-09-30,-1
2019-10-28,17180,2019-12-31,3,31000000000,0.052,,,,,1200000000,-0.091,1200000000,-0.072,,1120000000,,1024.47,,,,,,,,,,,,,,,,,,,,,,true,true,12,2019-01-01,2019-12-31,0
2019-10-28,17180,2018-12-31,3,,,,,,,,,,,,,,,,,,,,29085000000,13410000000,0.404,,11755000000,,,,,,,,,,,,true,false,12,2018-01-01,2018-12-31,-1
2019-10-28,17180,2018-12-31,3,,,,,,,,,,,,,,,,,,,,,,,,,,,,,100.00,,,,1153263,60018,,false,false,12,2018-01-01,2018-12-31,-1
2019-10-28,17180,2019-12-31,3,,,,,,,,,,,,,,,,,,,,,,,,,,,,,50.00,,,,,,,false,false,12,2019-01-01,2019-12-31,0
2019-10-28,17180,2019-12-31,3,,,,,,,,,,,,,,,,,,,,,,,,,,,,,100.00,,,,,,,false,true,12,2019-01-01,2019-12-31,0
2019-10-28,17180,2019-12-31,3,,,,,,,,,,,,,,,,,,,,,,,,,,,,,,,,,1153263,60018,1093245,false,false,9,2019-01-01,2019-09-30,0
2019-10-28,17180,2018-12-31,3,,,,,,,,,,,,,,,,,,,,,,,,,,,,,,,,,,,1093264,false,false,9,2018-01-01,2018-09-30,-1
2020-02-13,17180,2019-12-31,,29887000000,0.014,,,,,1344000000,0.018,1371000000,0.061,,1071000000,,979.93,,0.088,0.048,0.045,,27678000000,14413000000,0.460,11638.67,12723000000,1361000000,1155000000,-2015000000,2411000000,,0.143,,,,,,true,false,12,2019-01-01,2019-12-31,0
2020-02-13,17180,2018-12-31,,29470000000,-0.078,,,,,1320000000,-0.304,1292000000,-0.317,,712000000,,652.02,,0.062,0.044,0.045,,29085000000,13410000000,0.404,10753.07,11755000000,1351000000,540000000,-1490000000,1910000000,,0.153,,,,,,true,false,12,2018-01-01,2018-12-31,-1
2020-02-13,17180,2020-12-31,,14000000000,-0.104,,,,,500000000,-0.419,500000000,-0.424,,320000000,,292.72,,,,,,,,,,,,,,,,,,,,,,true,true,6,2020-01-01,2020-06-30,1
2020-02-13,17180,2020-12-31,,30000000000,0.004,,,,,1100000000,-0.182,1100000000,-0.198,,700000000,,640.33,,,,,,,,,,,,,,,,0.156,,,,,,true,true,12,2020-01-01,2020-12-31,1
2020-02-13,17180,2019-12-31,,16339000000,0.007,,,,,1160000000,0.037,1183000000,0.061,998000000,,0.550,912.95,,,,,,15755000000,10155000000,0.645,9289.95,10155000000,,,,,140.00,,,,1153263,60081,1093236,false,false,12,2019-01-01,2019-12-31,0
2020-02-13,17180,2018-12-31,,16224000000,-0.102,,,,,1119000000,-0.302,1115000000,-0.299,643000000,,-0.454,588.99,,,,,,16741000000,9260000000,0.553,8470.69,9260000000,,,,,100.00,,,,1153263,60018,1093259,false,false,12,2018-01-01,2018-12-31,-1
2020-02-13,17180,2020-12-31,,7000000000,-0.175,,,,,,,400000000,-0.452,280000000,,-0.449,256.13,,,,,,,,,,,,,,,,,,,,,,false,true,6,2020-01-01,2020-06-30,1
2020-02-13,17180,2020-12-31,,16000000000,-0.021,,,,,,,900000000,-0.239,570000000,,-0.429,521.41,,,,,,,,,,,,,,,100.00,,,,,,,false,true,12,2020-01-01,2020-12-31,1
2020-04-28,17180,2020-12-31,1,8291000000,-0.025,,,,,645000000,0.108,629000000,0.070,,385000000,,353.07,,,,,,28560000000,14760000000,0.455,,12992000000,,,,,,,,,,,,true,false,3,2020-01-01,2020-03-31,0
2020-04-28,17180,2019-12-31,1,8505000000,-0.041,,,,,583000000,-0.224,587000000,-0.216,,365000000,,334.47,,,,,,,,,,,,,,,,,,,,,,true,false,3,2019-01-01,2019-03-31,-1
2020-04-28,17180,2020-12-31,1,14000000000,-0.104,,,,,500000000,-0.419,500000000,-0.424,,320000000,,292.72,,,,,,,,,,,,,,,,,,,,,,true,true,6,2020-01-01,2020-06-30,0
2020-04-28,17180,2020-12-31,1,30000000000,0.004,,,,,1100000000,-0.182,1100000000,-0.198,,700000000,,640.33,,,,,,,,,,,,,,,,,,,,,,true,true,12,2020-01-01,2020-12-31,0
2020-04-28,17180,2019-12-31,1,,,,,,,,,,,,,,,,,,,,27678000000,14413000000,0.460,,12723000000,,,,,,,,,,,,true,false,12,2019-01-01,2019-12-31,-1
2020-04-28,17180,2019-12-31,1,,,,,,,,,,,,,,,,,,,,,,,,,,,,,140.00,,,,1153263,60081,,false,false,12,2019-01-01,2019-12-31,-1
2020-04-28,17180,2020-12-31,1,,,,,,,,,,,,,,,,,,,,,,,,,,,,,100.00,,,,,,,false,true,12,2020-01-01,2020-12-31,0
2020-04-28,17180,2020-12-31,1,,,,,,,,,,,,,,,,,,,,,,,,,,,,,,,,,1153263,60081,1093182,false,false,3,2020-01-01,2020-03-31,0
2020-04-28,17180,2019-12-31,1,,,,,,,,,,,,,,,,,,,,,,,,,,,,,,,,,,,1093245,false,false,3,2019-01-01,2019-03-31,-1
2020-07-29,17180,2020-12-31,2,13718000000,-0.122,,,,,648000000,-0.247,635000000,-0.268,,428000000,,391.98,,,,,,28272000000,14752000000,0.461,,13045000000,,,,,,,,,,,,true,false,6,2020-01-01,2020-06-30,0
2020-07-29,17180,2019-12-31,2,15618000000,0.128,,,,,861000000,0.320,867000000,0.343,,556000000,,508.79,,,,,,,,,,,,,,,,,,,,,,true,false,6,2019-01-01,2019-06-30,-1
2020-07-29,17180,2020-12-31,2,30000000000,0.004,,,,,1100000000,-0.182,1100000000,-0.198,,700000000,,640.33,,,,,,,,,,,,,,,,,,,,,,true,true,12,2020-01-01,2020-12-31,0
2020-07-29,17180,2019-12-31,2,,,,,,,,,,,,,,,,,,,,27678000000,14413000000,0.460,,12723000000,,,,,,,,,,,,true,false,12,2019-01-01,2019-12-31,-1
2020-07-29,17180,2019-12-31,2,,,,,,,,,,,,,,,,,,,,,,,,,,,,,140.00,,,,1153263,60081,,false,false,12,2019-01-01,2019-12-31,-1
2020-07-29,17180,2020-12-31,2,,,,,,,,,,,,,,,,,,,,,,,,,,,,,50.00,,,,,,,false,false,12,2020-01-01,2020-12-31,0
2020-07-29,17180,2020-12-31,2,,,,,,,,,,,,,,,,,,,,,,,,,,,,,100.00,,,,,,,false,true,12,2020-01-01,2020-12-31,0
2020-07-29,17180,2020-12-31,2,,,,,,,,,,,,,,,,,,,,,,,,,,,,,,,,,1153263,60081,1093182,false,false,6,2020-01-01,2020-06-30,0
2020-07-29,17180,2019-12-31,2,,,,,,,,,,,,,,,,,,,,,,,,,,,,,,,,,,,1093245,false,false,6,2019-01-01,2019-06-30,-1
2020-07-29,17180,2020-12-31,2,13718000000,-0.122,,,,,648000000,-0.247,635000000,-0.268,,428000000,,391.98,,,,,,28272000000,14752000000,0.461,,13045000000,,,,,,,,,,,,true,false,6,2020-01-01,2020-06-30,0
2020-07-29,17180,2019-12-31,2,15618000000,0.128,,,,,861000000,0.320,867000000,0.343,,556000000,,508.79,,,,,,,,,,,,,,,,,,,,,,true,false,6,2019-01-01,2019-06-30,-1
2020-07-29,17180,2020-12-31,2,30000000000,0.004,,,,,1100000000,-0.182,1100000000,-0.198,,700000000,,640.33,,,,,,,,,,,,,,,,,,,,,,true,true,12,2020-01-01,2020-12-31,0
2020-07-29,17180,2019-12-31,2,,,,,,,,,,,,,,,,,,,,27678000000,14413000000,0.460,,12723000000,,,,,,,,,,,,true,false,12,2019-01-01,2019-12-31,-1
2020-07-29,17180,2019-12-31,2,,,,,,,,,,,,,,,,,,,,,,,,,,,,,140.00,,,,1153263,60081,,false,false,12,2019-01-01,2019-12-31,-1
2020-07-29,17180,2020-12-31,2,,,,,,,,,,,,,,,,,,,,,,,,,,,,,50.00,,,,,,,false,false,12,2020-01-01,2020-12-31,0
2020-07-29,17180,2020-12-31,2,,,,,,,,,,,,,,,,,,,,,,,,,,,,,100.00,,,,,,,false,true,12,2020-01-01,2020-12-31,0
2020-07-29,17180,2020-12-31,2,,,,,,,,,,,,,,,,,,,,,,,,,,,,,,,,,1153263,60081,1093182,false,false,6,2020-01-01,2020-06-30,0
2020-07-29,17180,2019-12-31,2,,,,,,,,,,,,,,,,,,,,,,,,,,,,,,,,,,,1093245,false,false,6,2019-01-01,2019-06-30,-1
2020-10-28,17180,2020-12-31,3,20945000000,-0.093,,,,,1198000000,-0.058,1192000000,-0.076,,719000000,,658.18,,,,,,27813000000,15068000000,0.477,,13277000000,,,,,,,,,,,,true,false,9,2020-01-01,2020-09-30,0
2020-10-28,17180,2019-12-31,3,23093000000,0.100,,,,,1272000000,0.142,1291000000,0.174,,1200000000,,1098.15,,,,,,,,,,,,,,,,,,,,,,true,false,9,2019-01-01,2019-09-30,-1
2020-10-28,17180,2020-12-31,3,27000000000,-0.097,,,,,1000000000,-0.256,1000000000,-0.271,,650000000,,594.59,,,,,,,,,,,,,,,,,,,,,,true,true,12,2020-01-01,2020-12-31,0
2020-10-28,17180,2019-12-31,3,,,,,,,,,,,,,,,,,,,,27678000000,14413000000,0.460,,12723000000,,,,,,,,,,,,true,false,12,2019-01-01,2019-12-31,-1
2020-10-28,17180,2019-12-31,3,,,,,,,,,,,,,,,,,,,,,,,,,,,,,140.00,,,,1153263,60081,,false,false,12,2019-01-01,2019-12-31,-1
2020-10-28,17180,2020-12-31,3,,,,,,,,,,,,,,,,,,,,,,,,,,,,,50.00,,,,,,,false,false,12,2020-01-01,2020-12-31,0
2020-10-28,17180,2020-12-31,3,,,,,,,,,,,,,,,,,,,,,,,,,,,,,100.00,,,,,,,false,true,12,2020-01-01,2020-12-31,0
2020-10-28,17180,2020-12-31,3,,,,,,,,,,,,,,,,,,,,,,,,,,,,,,,,,1153263,60081,1093182,false,false,9,2020-01-01,2020-09-30,0
2020-10-28,17180,2019-12-31,3,,,,,,,,,,,,,,,,,,,,,,,,,,,,,,,,,,,1093245,false,false,9,2019-01-01,2019-09-30,-1
2020-10-28,17180,2020-12-31,,27000000000,-0.100,,,,,1000000000,-0.091,1000000000,-0.091,650000000,,-0.071,594.59,,,,,,,,,,,,,,,,,,,,,,true,true,12,2020-01-01,2020-12-31,0
2020-10-28,17180,2019-12-31,,29887000000,,,,,,1344000000,,1371000000,,1071000000,,,979.93,,,,,,,,,,,,,,,,,,,,,,true,false,12,2019-01-01,2019-12-31,-1
2020-10-28,17180,2020-12-31,,14500000000,-0.094,,,,,,,800000000,-0.111,550000000,,-0.035,503.12,,,,,,,,,,,,,,,,,,,,,,false,true,12,2020-01-01,2020-12-31,0
2020-10-28,17180,2019-12-31,,16339000000,,,,,,,,1183000000,,998000000,,,912.95,,,,,,,,,,,,,,,,,,,,,,false,false,12,2019-01-01,2019-12-31,-1
2021-02-12,17180,2020-12-31,,27260000000,-0.088,,,,,1304000000,-0.030,1301000000,-0.051,,795000000,,727.79,,0.061,0.047,0.048,,27282000000,15147000000,0.490,12228.06,13367000000,1480000000,-2243000000,-365000000,1282000000,,0.137,,,,,,true,false,12,2020-01-01,2020-12-31,0
2021-02-12,17180,2019-12-31,,29887000000,0.014,,,,,1344000000,0.018,1371000000,0.061,,1071000000,,979.93,,0.088,0.048,0.045,,27678000000,14413000000,0.460,11638.67,12723000000,1361000000,1155000000,-2015000000,2411000000,,0.143,,,,,,true,false,12,2019-01-01,2019-12-31,-1
2021-02-12,17180,2021-12-31,,13000000000,-0.052,,,,,500000000,-0.229,500000000,-0.213,,300000000,,274.43,,,,,,,,,,,,,,,,,,,,,,true,true,6,2021-01-01,2021-06-30,1
2021-02-12,17180,2021-12-31,,28000000000,0.027,,,,,1000000000,-0.234,1000000000,-0.232,,650000000,,594.59,,,,,,,,,,,,,,,,0.269,,,,,,true,true,12,2021-01-01,2021-12-31,1
2021-02-12,17180,2020-12-31,,14730000000,-0.098,,,,,1007000000,-0.132,1016000000,-0.141,658000000,,-0.341,602.09,,,,,,16468000000,10656000000,0.647,9748.16,10656000000,,,,,100.00,,,,1153263,60081,1093182,false,false,12,2020-01-01,2020-12-31,0
2021-02-12,17180,2019-12-31,,16339000000,0.007,,,,,1160000000,0.037,1183000000,0.061,998000000,,0.550,912.95,,,,,,15755000000,10155000000,0.645,9289.95,10155000000,,,,,140.00,,,,1153263,60081,1093236,false,false,12,2019-01-01,2019-12-31,-1
2021-02-12,17180,2021-12-31,,6500000000,-0.129,,,,,,,350000000,-0.423,250000000,,-0.391,228.69,,,,,,,,,,,,,,,,,,,,,,false,true,6,2021-01-01,2021-06-30,1
2021-02-12,17180,2021-12-31,,15500000000,0.052,,,,,,,900000000,-0.114,600000000,,-0.088,548.86,,,,,,,,,,,,,,,160.00,,,,,,,false,true,12,2021-01-01,2021-12-31,1
2021-04-28,17180,2021-12-31,1,7904000000,-0.047,,,,,703000000,0.089,705000000,0.121,,395000000,,362.21,,,,,,28603000000,15583000000,0.480,,13718000000,,,,,,,,,,,,true,false,3,2021-01-01,2021-03-31,0
2021-04-28,17180,2020-12-31,1,8291000000,-0.025,,,,,645000000,0.108,629000000,0.070,,385000000,,353.07,,,,,,,,,,,,,,,,,,,,,,true,false,3,2020-01-01,2020-03-31,-1
2021-04-28,17180,2021-12-31,1,13000000000,-0.052,,,,,500000000,-0.229,500000000,-0.213,,300000000,,274.43,,,,,,,,,,,,,,,,,,,,,,true,true,6,2021-01-01,2021-06-30,0
2021-04-28,17180,2021-12-31,1,28000000000,0.027,,,,,1000000000,-0.234,1000000000,-0.232,,650000000,,594.59,,,,,,,,,,,,,,,,,,,,,,true,true,12,2021-01-01,2021-12-31,0
2021-04-28,17180,2020-12-31,1,,,,,,,,,,,,,,,,,,,,27282000000,15147000000,0.490,,13367000000,,,,,,,,,,,,true,false,12,2020-01-01,2020-12-31,-1
2021-04-28,17180,2020-12-31,1,,,,,,,,,,,,,,,,,,,,,,,,,,,,,100.00,,,,1153263,60081,,false,false,12,2020-01-01,2020-12-31,-1
2021-04-28,17180,2021-12-31,1,,,,,,,,,,,,,,,,,,,,,,,,,,,,,160.00,,,,,,,false,true,12,2021-01-01,2021-12-31,0
2021-04-28,17180,2021-12-31,1,,,,,,,,,,,,,,,,,,,,,,,,,,,,,,,,,1153263,60081,1093182,false,false,3,2021-01-01,2021-03-31,0
2021-04-28,17180,2020-12-31,1,,,,,,,,,,,,,,,,,,,,,,,,,,,,,,,,,,,1093182,false,false,3,2020-01-01,2020-03-31,-1
2021-07-30,17180,2021-12-31,2,12729000000,-0.072,,,,,582000000,-0.102,593000000,-0.065,,376000000,,344.11,,,,,,29470000000,15487000000,0.465,,13692000000,,,,,,,,,,,,true,false,6,2021-01-01,2021-06-30,0
2021-07-30,17180,2020-12-31,2,13718000000,-0.122,,,,,648000000,-0.247,635000000,-0.268,,428000000,,391.98,,,,,,,,,,,,,,,,,,,,,,true,false,6,2020-01-01,2020-06-30,-1
2021-07-30,17180,2021-12-31,2,28000000000,0.027,,,,,1000000000,-0.234,1000000000,-0.232,,650000000,,594.59,,,,,,,,,,,,,,,,,,,,,,true,true,12,2021-01-01,2021-12-31,0
2021-07-30,17180,2020-12-31,2,,,,,,,,,,,,,,,,,,,,27282000000,15147000000,0.490,,13367000000,,,,,,,,,,,,true,false,12,2020-01-01,2020-12-31,-1
2021-07-30,17180,2020-12-31,2,,,,,,,,,,,,,,,,,,,,,,,,,,,,,100.00,,,,1153263,60081,,false,false,12,2020-01-01,2020-12-31,-1
2021-07-30,17180,2021-12-31,2,,,,,,,,,,,,,,,,,,,,,,,,,,,,,50.00,,,,,,,false,false,12,2021-01-01,2021-12-31,0
2021-07-30,17180,2021-12-31,2,,,,,,,,,,,,,,,,,,,,,,,,,,,,,160.00,,,,,,,false,true,12,2021-01-01,2021-12-31,0
2021-07-30,17180,2021-12-31,2,,,,,,,,,,,,,,,,,,,,,,,,,,,,,,,,,1153263,60081,1093182,false,false,6,2021-01-01,2021-06-30,0
2021-07-30,17180,2020-12-31,2,,,,,,,,,,,,,,,,,,,,,,,,,,,,,,,,,,,1093182,false,false,6,2020-01-01,2020-06-30,-1
2021-10-28,17180,2021-12-31,3,19832000000,-0.053,,,,,1081000000,-0.098,1115000000,-0.065,,580000000,,530.72,,,,,,29389000000,15748000000,0.471,,13844000000,,,,,,,,,,,,true,false,9,2021-01-01,2021-09-30,0
2021-10-28,17180,2020-12-31,3,20945000000,-0.093,,,,,1198000000,-0.058,1192000000,-0.076,,719000000,,658.18,,,,,,,,,,,,,,,,,,,,,,true,false,9,2020-01-01,2020-09-30,-1
2021-10-28,17180,2021-12-31,3,28000000000,0.027,,,,,1000000000,-0.234,1000000000,-0.232,,650000000,,594.59,,,,,,,,,,,,,,,,,,,,,,true,true,12,2021-01-01,2021-12-31,0
2021-10-28,17180,2020-12-31,3,,,,,,,,,,,,,,,,,,,,27282000000,15147000000,0.490,,13367000000,,,,,,,,,,,,true,false,12,2020-01-01,2020-12-31,-1
2021-10-28,17180,2020-12-31,3,,,,,,,,,,,,,,,,,,,,,,,,,,,,,100.00,,,,1153263,60081,,false,false,12,2020-01-01,2020-12-31,-1
2021-10-28,17180,2021-12-31,3,,,,,,,,,,,,,,,,,,,,,,,,,,,,,50.00,,,,,,,false,false,12,2021-01-01,2021-12-31,0
2021-10-28,17180,2021-12-31,3,,,,,,,,,,,,,,,,,,,,,,,,,,,,,160.00,,,,,,,false,true,12,2021-01-01,2021-12-31,0
2021-10-28,17180,2021-12-31,3,,,,,,,,,,,,,,,,,,,,,,,,,,,,,,,,,1153263,60081,1093182,false,false,9,2021-01-01,2021-09-30,0
2021-10-28,17180,2020-12-31,3,,,,,,,,,,,,,,,,,,,,,,,,,,,,,,,,,,,1093182,false,false,9,2020-01-01,2020-09-30,-1
2022-02-14,17180,2021-12-31,,26370000000,-0.033,,,,,1266000000,-0.029,1323000000,0.017,,731000000,,669.02,,0.054,0.046,0.048,,30561000000,15885000000,0.457,12787.26,13978000000,3895000000,-983000000,-1309000000,2884000000,,0.239,,,,,,true,false,12,2021-01-01,2021-12-31,0
2022-02-14,17180,2020-12-31,,27260000000,-0.088,,,,,1304000000,-0.030,1301000000,-0.051,,795000000,,727.79,,0.061,0.047,0.048,,27282000000,15147000000,0.490,12228.06,13367000000,1480000000,-2243000000,-365000000,1282000000,,0.137,,,,,,true,false,12,2020-01-01,2020-12-31,-1
2022-02-14,17180,2022-12-31,,16000000000,0.257,,,,,750000000,0.288,750000000,0.263,,470000000,,429.94,,,,,,,,,,,,,,,,,,,,,,true,true,6,2022-01-01,2022-06-30,1
2022-02-14,17180,2022-12-31,,30000000000,0.138,,,,,1300000000,0.026,1300000000,-0.018,,800000000,,731.81,,,,,,,,,,,,,,,,0.137,,,,,,true,true,12,2022-01-01,2022-12-31,1
2022-02-14,17180,2021-12-31,,13685000000,-0.071,,,,,758000000,-0.247,785000000,-0.227,523000000,,-0.205,478.84,,,,,,20232000000,11058000000,0.547,10115.69,11058000000,,,,,160.00,,,,1153263,60081,1093182,false,false,12,2021-01-01,2021-12-31,0
2022-02-14,17180,2020-12-31,,14730000000,-0.098,,,,,1007000000,-0.132,1016000000,-0.141,658000000,,-0.341,602.09,,,,,,16468000000,10656000000,0.647,9748.16,10656000000,,,,,100.00,,,,1153263,60081,1093182,false,false,12,2020-01-01,2020-12-31,-1
2022-02-14,17180,2022-12-31,,9500000000,0.342,,,,,,,600000000,0.229,400000000,,0.191,365.90,,,,,,,,,,,,,,,,,,,,,,false,true,6,2022-01-01,2022-06-30,1
2022-02-14,17180,2022-12-31,,18000000000,0.315,,,,,,,850000000,0.082,600000000,,0.146,548.86,,,,,,,,,,,,,,,100.00,,,,,,,false,true,12,2022-01-01,2022-12-31,1
2022-04-28,17180,2022-12-31,1,7490000000,-0.052,,,,,526000000,-0.251,556000000,-0.212,,292000000,,267.66,,,,,,30075000000,16207000000,0.473,,14223000000,,,,,,,,,,,,true,false,3,2022-01-01,2022-03-31,0
2022-04-28,17180,2021-12-31,1,7904000000,-0.047,,,,,703000000,0.089,705000000,0.121,,395000000,,362.21,,,,,,,,,,,,,,,,,,,,,,true,false,3,2021-01-01,2021-03-31,-1
2022-04-28,17180,2022-12-31,1,16000000000,0.257,,,,,750000000,0.288,750000000,0.263,,470000000,,429.94,,,,,,,,,,,,,,,,,,,,,,true,true,6,2022-01-01,2022-06-30,0
2022-04-28,17180,2022-12-31,1,30000000000,0.138,,,,,1300000000,0.026,1300000000,-0.018,,800000000,,731.81,,,,,,,,,,,,,,,,,,,,,,true,true,12,2022-01-01,2022-12-31,0
2022-04-28,17180,2021-12-31,1,,,,,,,,,,,,,,,,,,,,30561000000,15885000000,0.457,,13978000000,,,,,,,,,,,,true,false,12,2021-01-01,2021-12-31,-1
2022-04-28,17180,2021-12-31,1,,,,,,,,,,,,,,,,,,,,,,,,,,,,,160.00,,,,1153263,60081,,false,false,12,2021-01-01,2021-12-31,-1
2022-04-28,17180,2022-12-31,1,,,,,,,,,,,,,,,,,,,,,,,,,,,,,100.00,,,,,,,false,true,12,2022-01-01,2022-12-31,0
2022-04-28,17180,2022-12-31,1,,,,,,,,,,,,,,,,,,,,,,,,,,,,,,,,,1153263,60081,1093182,false,false,3,2022-01-01,2022-03-31,0
2022-04-28,17180,2021-12-31,1,,,,,,,,,,,,,,,,,,,,,,,,,,,,,,,,,,,1093182,false,false,3,2021-01-01,2021-03-31,-1
2022-07-28,17180,2022-12-31,2,15273000000,0.200,,,,,858000000,0.474,907000000,0.529,,613000000,,561.49,,,,,,32547000000,16527000000,0.448,,14579000000,,,,,,,,,,,,true,false,6,2022-01-01,2022-06-30,0
2022-07-28,17180,2021-12-31,2,12729000000,-0.072,,,,,582000000,-0.102,593000000,-0.065,,376000000,,344.11,,,,,,,,,,,,,,,,,,,,,,true,false,6,2021-01-01,2021-06-30,-1
2022-07-28,17180,2022-12-31,2,30000000000,0.138,,,,,1300000000,0.026,1300000000,-0.018,,800000000,,731.81,,,,,,,,,,,,,,,,,,,,,,true,true,12,2022-01-01,2022-12-31,0
2022-07-28,17180,2021-12-31,2,,,,,,,,,,,,,,,,,,,,30561000000,15885000000,0.457,,13978000000,,,,,,,,,,,,true,false,12,2021-01-01,2021-12-31,-1
2022-07-28,17180,2021-12-31,2,,,,,,,,,,,,,,,,,,,,,,,,,,,,,160.00,,,,1153263,60081,,false,false,12,2021-01-01,2021-12-31,-1
2022-07-28,17180,2022-12-31,2,,,,,,,,,,,,,,,,,,,,,,,,,,,,,50.00,,,,,,,false,false,12,2022-01-01,2022-12-31,0
2022-07-28,17180,2022-12-31,2,,,,,,,,,,,,,,,,,,,,,,,,,,,,,100.00,,,,,,,false,true,12,2022-01-01,2022-12-31,0
2022-07-28,17180,2022-12-31,2,,,,,,,,,,,,,,,,,,,,,,,,,,,,,,,,,1153263,60081,1093182,false,false,6,2022-01-01,2022-06-30,0
2022-07-28,17180,2021-12-31,2,,,,,,,,,,,,,,,,,,,,,,,,,,,,,,,,,,,1093182,false,false,6,2021-01-01,2021-06-30,-1
2022-10-31,17180,2022-12-31,3,23604000000,0.190,,,,,922000000,-0.146,991000000,-0.111,,580000000,,530.69,,,,,,31321000000,16484000000,0.462,,14455000000,,,,,,,,,,,,true,false,9,2022-01-01,2022-09-30,0
2022-10-31,17180,2021-12-31,3,19832000000,-0.053,,,,,1081000000,-0.098,1115000000,-0.065,,580000000,,530.72,,,,,,,,,,,,,,,,,,,,,,true,false,9,2021-01-01,2021-09-30,-1
2022-10-31,17180,2022-12-31,3,30000000000,0.138,,,,,1000000000,-0.210,1000000000,-0.245,,600000000,,548.86,,,,,,,,,,,,,,,,,,,,,,true,true,12,2022-01-01,2022-12-31,0
2022-10-31,17180,2021-12-31,3,,,,,,,,,,,,,,,,,,,,30561000000,15885000000,0.457,,13978000000,,,,,,,,,,,,true,false,12,2021-01-01,2021-12-31,-1
2022-10-31,17180,2021-12-31,3,,,,,,,,,,,,,,,,,,,,,,,,,,,,,160.00,,,,1153263,60081,,false,false,12,2021-01-01,2021-12-31,-1
2022-10-31,17180,2022-12-31,3,,,,,,,,,,,,,,,,,,,,,,,,,,,,,50.00,,,,,,,false,false,12,2022-01-01,2022-12-31,0
2022-10-31,17180,2022-12-31,3,,,,,,,,,,,,,,,,,,,,,,,,,,,,,100.00,,,,,,,false,true,12,2022-01-01,2022-12-31,0
2022-10-31,17180,2022-12-31,3,,,,,,,,,,,,,,,,,,,,,,,,,,,,,,,,,1153263,60081,1093182,false,false,9,2022-01-01,2022-09-30,0
2022-10-31,17180,2021-12-31,3,,,,,,,,,,,,,,,,,,,,,,,,,,,,,,,,,,,1093182,false,false,9,2021-01-01,2021-09-30,-1
2022-10-31,17180,2022-12-31,,30000000000,,,,,,1000000000,-0.231,1000000000,-0.231,600000000,,-0.250,548.86,,,,,,,,,,,,,,,,,,,,,,true,true,12,2022-01-01,2022-12-31,0
2022-10-31,17180,2021-12-31,,26370000000,,,,,,1266000000,,1323000000,,731000000,,,669.02,,,,,,,,,,,,,,,,,,,,,,true,false,12,2021-01-01,2021-12-31,-1
2022-10-31,17180,2022-12-31,,18000000000,,,,,,,,600000000,-0.294,470000000,,-0.217,429.94,,,,,,,,,,,,,,,,,,,,,,false,true,12,2022-01-01,2022-12-31,0
2022-10-31,17180,2021-12-31,,13685000000,,,,,,,,785000000,,523000000,,,478.84,,,,,,,,,,,,,,,,,,,,,,false,false,12,2021-01-01,2021-12-31,-1
2023-02-14,17180,2022-12-31,,30758000000,0.166,,,,,1102000000,-0.130,1181000000,-0.108,,734000000,,672.07,,0.051,0.038,0.036,,30998000000,16612000000,0.471,13366.56,14612000000,1198000000,-86000000,-1127000000,2868000000,,0.223,,,,,,true,false,12,2022-01-01,2022-12-31,0
2023-02-14,17180,2021-12-31,,26370000000,-0.033,,,,,1266000000,-0.029,1323000000,0.017,,731000000,,669.02,,0.054,0.046,0.048,,30561000000,15885000000,0.457,12787.26,13978000000,3895000000,-983000000,-1309000000,2884000000,,0.239,,,,,,true,false,12,2021-01-01,2021-12-31,-1
2023-02-14,17180,2023-12-31,,15000000000,-0.018,,,,,500000000,-0.417,500000000,-0.449,,350000000,,320.17,,,,,,,,,,,,,,,,,,,,,,true,true,6,2023-01-01,2023-06-30,1
2023-02-14,17180,2023-12-31,,30000000000,-0.025,,,,,1000000000,-0.093,1000000000,-0.153,,600000000,,548.86,,,,,,,,,,,,,,,,0.292,,,,,,true,true,12,2023-01-01,2023-12-31,1
2023-02-14,17180,2022-12-31,,18041000000,0.318,,,,,710000000,-0.064,777000000,-0.010,586000000,,0.121,536.70,,,,,,20601000000,11527000000,0.560,10544.65,11527000000,,,,,150.00,,,,1153263,60081,1093182,false,false,12,2022-01-01,2022-12-31,0
2023-02-14,17180,2021-12-31,,13685000000,-0.071,,,,,758000000,-0.247,785000000,-0.227,523000000,,-0.205,478.84,,,,,,20232000000,11058000000,0.547,10115.69,11058000000,,,,,160.00,,,,1153263,60081,1093182,false,false,12,2021-01-01,2021-12-31,-1
2023-02-14,17180,2023-12-31,,9000000000,0.030,,,,,,,450000000,-0.382,300000000,,-0.461,274.43,,,,,,,,,,,,,,,,,,,,,,false,true,6,2023-01-01,2023-06-30,1
2023-02-14,17180,2023-12-31,,17000000000,-0.058,,,,,,,700000000,-0.100,500000000,,-0.148,457.38,,,,,,,,,,,,,,,160.00,,,,,,,false,true,12,2023-01-01,2023-12-31,1
2023-04-28,17180,2023-12-31,1,10514000000,0.404,,,,,736000000,0.399,736000000,0.324,,432000000,,395.73,,,,,,29638000000,17006000000,0.504,,14937000000,,,,,,,,,,,,true,false,3,2023-01-01,2023-03-31,0
2023-04-28,17180,2022-12-31,1,7490000000,-0.052,,,,,526000000,-0.251,556000000,-0.212,,292000000,,267.66,,,,,,,,,,,,,,,,,,,,,,true,false,3,2022-01-01,2022-03-31,-1
2023-04-28,17180,2023-12-31,1,15000000000,-0.018,,,,,500000000,-0.417,500000000,-0.449,,350000000,,320.17,,,,,,,,,,,,,,,,,,,,,,true,true,6,2023-01-01,2023-06-30,0
2023-04-28,17180,2023-12-31,1,30000000000,-0.025,,,,,1000000000,-0.093,1000000000,-0.153,,600000000,,548.86,,,,,,,,,,,,,,,,,,,,,,true,true,12,2023-01-01,2023-12-31,0
2023-04-28,17180,2022-12-31,1,,,,,,,,,,,,,,,,,,,,30998000000,16612000000,0.471,,14612000000,,,,,,,,,,,,true,false,12,2022-01-01,2022-12-31,-1
2023-04-28,17180,2022-12-31,1,,,,,,,,,,,,,,,,,,,,,,,,,,,,,150.00,,,,1153263,60081,,false,false,12,2022-01-01,2022-12-31,-1
2023-04-28,17180,2023-12-31,1,,,,,,,,,,,,,,,,,,,,,,,,,,,,,160.00,,,,,,,false,true,12,2023-01-01,2023-12-31,0
2023-04-28,17180,2023-12-31,1,,,,,,,,,,,,,,,,,,,,,,,,,,,,,,,,,1153263,60081,1093182,false,false,3,2023-01-01,2023-03-31,0
2023-04-28,17180,2022-12-31,1,,,,,,,,,,,,,,,,,,,,,,,,,,,,,,,,,,,1093182,false,false,3,2022-01-01,2022-03-31,-1
2023-07-31,17180,2023-12-31,2,16234000000,0.063,,,,,757000000,-0.118,760000000,-0.162,,497000000,,454.97,,,,,,29699000000,17031000000,0.505,,15012000000,,,,,,,,,,,,true,false,6,2023-01-01,2023-06-30,0
2023-07-31,17180,2022-12-31,2,15273000000,0.200,,,,,858000000,0.474,907000000,0.529,,613000000,,561.49,,,,,,,,,,,,,,,,,,,,,,true,false,6,2022-01-01,2022-06-30,-1
2023-07-31,17180,2023-12-31,2,30000000000,-0.025,,,,,1000000000,-0.093,1000000000,-0.153,,600000000,,548.86,,,,,,,,,,,,,,,,,,,,,,true,true,12,2023-01-01,2023-12-31,0
2023-07-31,17180,2022-12-31,2,,,,,,,,,,,,,,,,,,,,30998000000,16612000000,0.471,,14612000000,,,,,,,,,,,,true,false,12,2022-01-01,2022-12-31,-1
2023-07-31,17180,2022-12-31,2,,,,,,,,,,,,,,,,,,,,,,,,,,,,,150.00,,,,1153263,60081,,false,false,12,2022-01-01,2022-12-31,-1
2023-07-31,17180,2023-12-31,2,,,,,,,,,,,,,,,,,,,,,,,,,,,,,80.00,,,,,,,false,false,12,2023-01-01,2023-12-31,0
2023-07-31,17180,2023-12-31,2,,,,,,,,,,,,,,,,,,,,,,,,,,,,,160.00,,,,,,,false,true,12,2023-01-01,2023-12-31,0
2023-07-31,17180,2023-12-31,2,,,,,,,,,,,,,,,,,,,,,,,,,,,,,,,,,1153263,60113,1093181,false,false,6,2023-01-01,2023-06-30,0
2023-07-31,17180,2022-12-31,2,,,,,,,,,,,,,,,,,,,,,,,,,,,,,,,,,,,1093182,false,false,6,2022-01-01,2022-06-30,-1
2023-10-30,17180,2023-12-31,3,23697000000,0.004,,,,,1085000000,0.177,1091000000,0.100,,667000000,,610.56,,,,,,30344000000,17195000000,0.498,,15117000000,,,,,,,,,,,,true,false,9,2023-01-01,2023-09-30,0
2023-10-30,17180,2022-12-31,3,23604000000,0.190,,,,,922000000,-0.146,991000000,-0.111,,580000000,,530.69,,,,,,,,,,,,,,,,,,,,,,true,false,9,2022-01-01,2022-09-30,-1
2023-10-30,17180,2023-12-31,3,31500000000,0.024,,,,,1150000000,0.043,1150000000,-0.026,,700000000,,640.34,,,,,,,,,,,,,,,,,,,,,,true,true,12,2023-01-01,2023-12-31,0
2023-10-30,17180,2022-12-31,3,,,,,,,,,,,,,,,,,,,,30998000000,16612000000,0.471,,14612000000,,,,,,,,,,,,true,false,12,2022-01-01,2022-12-31,-1
2023-10-30,17180,2022-12-31,3,,,,,,,,,,,,,,,,,,,,,,,,,,,,,150.00,,,,1153263,60081,,false,false,12,2022-01-01,2022-12-31,-1
2023-10-30,17180,2023-12-31,3,,,,,,,,,,,,,,,,,,,,,,,,,,,,,80.00,,,,,,,false,false,12,2023-01-01,2023-12-31,0
2023-10-30,17180,2023-12-31,3,,,,,,,,,,,,,,,,,,,,,,,,,,,,,160.00,,,,,,,false,true,12,2023-01-01,2023-12-31,0
2023-10-30,17180,2023-12-31,3,,,,,,,,,,,,,,,,,,,,,,,,,,,,,,,,,1153263,60113,1093171,false,false,9,2023-01-01,2023-09-30,0
2023-10-30,17180,2022-12-31,3,,,,,,,,,,,,,,,,,,,,,,,,,,,,,,,,,,,1093182,false,false,9,2022-01-01,2022-09-30,-1
2023-10-30,17180,2023-12-31,,31500000000,0.050,,,,,1150000000,0.150,1150000000,0.150,700000000,,0.167,640.34,,,,,,,,,,,,,,,,,,,,,,true,true,12,2023-01-01,2023-12-31,0
2023-10-30,17180,2022-12-31,,30758000000,,,,,,1102000000,,1181000000,,734000000,,,672.07,,,,,,,,,,,,,,,,,,,,,,true,false,12,2022-01-01,2022-12-31,-1
2023-10-30,17180,2023-12-31,,19000000000,0.118,,,,,,,900000000,0.286,630000000,,0.260,576.31,,,,,,,,,,,,,,,,,,,,,,false,true,12,2023-01-01,2023-12-31,0
2023-10-30,17180,2022-12-31,,18041000000,,,,,,,,777000000,,586000000,,,536.70,,,,,,,,,,,,,,,,,,,,,,false,false,12,2022-01-01,2022-12-31,-1
2024-02-14,17180,2023-12-31,,32203000000,0.047,,,,,1316000000,0.194,1330000000,0.127,,839000000,,767.98,,0.056,0.044,0.041,,30118000000,17397000000,0.509,14026.20,15331000000,-2156000000,-219000000,1309000000,1802000000,,0.299,,,,,,true,false,12,2023-01-01,2023-12-31,0
2024-02-14,17180,2022-12-31,,30758000000,0.166,,,,,1102000000,-0.130,1181000000,-0.108,,734000000,,672.07,,0.051,0.038,0.036,,30998000000,16612000000,0.471,13366.56,14612000000,1198000000,-86000000,-1127000000,2868000000,,0.223,,,,,,true,false,12,2022-01-01,2022-12-31,-1
2024-02-14,17180,2024-12-31,,12000000000,-0.261,,,,,530000000,-0.300,530000000,-0.303,,260000000,,237.87,,,,,,,,,,,,,,,,,,,,,,true,true,6,2024-01-01,2024-06-30,1
2024-02-14,17180,2024-12-31,,28000000000,-0.131,,,,,1220000000,-0.073,1200000000,-0.098,,700000000,,640.41,,,,,,,,,,,,,,,,0.312,,,,,,true,true,12,2024-01-01,2024-12-31,1
2024-02-14,17180,2023-12-31,,19762000000,0.095,,,,,1012000000,0.424,1034000000,0.330,718000000,,0.225,657.24,,,,,,19777000000,12121000000,0.613,11089.41,12121000000,,,,,230.00,,,,1153263,60212,1093163,false,false,12,2023-01-01,2023-12-31,0
2024-02-14,17180,2022-12-31,,18041000000,0.318,,,,,710000000,-0.064,777000000,-0.010,586000000,,0.121,536.70,,,,,,20601000000,11527000000,0.560,10544.65,11527000000,,,,,150.00,,,,1153263,60081,1093182,false,false,12,2022-01-01,2022-12-31,-1
2024-02-14,17180,2024-12-31,,6000000000,-0.313,,,,,,,230000000,-0.684,140000000,,-0.748,128.08,,,,,,,,,,,,,,,,,,,,,,false,true,6,2024-01-01,2024-06-30,1
2024-02-14,17180,2024-12-31,,15000000000,-0.241,,,,,,,720000000,-0.304,480000000,,-0.332,439.14,,,,,,,,,,,,,,,200.00,,,,,,,false,true,12,2024-01-01,2024-12-31,1
2024-04-30,17180,2024-12-31,1,7417000000,-0.294,,,,,503000000,-0.316,480000000,-0.347,,258000000,,236.07,,,,,,31325000000,17595000000,0.494,,15466000000,,,,,,,,,,,,true,false,3,2024-01-01,2024-03-31,0
2024-04-30,17180,2023-12-31,1,10514000000,0.404,,,,,736000000,0.399,736000000,0.324,,432000000,,395.73,,,,,,,,,,,,,,,,,,,,,,true,false,3,2023-01-01,2023-03-31,-1
2024-04-30,17180,2024-12-31,1,12000000000,-0.261,,,,,530000000,-0.300,530000000,-0.303,,260000000,,237.87,,,,,,,,,,,,,,,,,,,,,,true,true,6,2024-01-01,2024-06-30,0
2024-04-30,17180,2024-12-31,1,28000000000,-0.131,,,,,1220000000,-0.073,1200000000,-0.098,,700000000,,640.41,,,,,,,,,,,,,,,,,,,,,,true,true,12,2024-01-01,2024-12-31,0
2024-04-30,17180,2023-12-31,1,,,,,,,,,,,,,,,,,,,,30118000000,17397000000,0.509,,15331000000,,,,,,,,,,,,true,false,12,2023-01-01,2023-12-31,-1
2024-04-30,17180,2023-12-31,1,,,,,,,,,,,,,,,,,,,,,,,,,,,,,230.00,,,,1153263,60212,,false,false,12,2023-01-01,2023-12-31,-1
2024-04-30,17180,2024-12-31,1,,,,,,,,,,,,,,,,,,,,,,,,,,,,,200.00,,,,,,,false,true,12,2024-01-01,2024-12-31,0
2024-04-30,17180,2024-12-31,1,,,,,,,,,,,,,,,,,,,,,,,,,,,,,,,,,1153263,60271,1093028,false,false,3,2024-01-01,2024-03-31,0
2024-04-30,17180,2023-12-31,1,,,,,,,,,,,,,,,,,,,,,,,,,,,,,,,,,,,1093182,false,false,3,2023-01-01,2023-03-31,-1
2024-07-29,17180,2024-12-31,2,13125000000,-0.192,,,,,543000000,-0.282,548000000,-0.279,,360000000,,329.62,,,,,,30730000000,17648000000,0.507,,15578000000,,,,,,,,,,,,true,false,6,2024-01-01,2024-06-30,0
2024-07-29,17180,2023-12-31,2,16234000000,0.063,,,,,757000000,-0.118,760000000,-0.162,,497000000,,454.97,,,,,,,,,,,,,,,,,,,,,,true,false,6,2023-01-01,2023-06-30,-1
2024-07-29,17180,2024-12-31,2,28000000000,-0.131,,,,,1220000000,-0.073,1200000000,-0.098,,700000000,,640.41,,,,,,,,,,,,,,,,,,,,,,true,true,12,2024-01-01,2024-12-31,0
2024-07-29,17180,2023-12-31,2,,,,,,,,,,,,,,,,,,,,30118000000,17397000000,0.509,,15331000000,,,,,,,,,,,,true,false,12,2023-01-01,2023-12-31,-1
2024-07-29,17180,2023-12-31,2,,,,,,,,,,,,,,,,,,,,,,,,,,,,,230.00,,,,1153263,60212,,false,false,12,2023-01-01,2023-12-31,-1
2024-07-29,17180,2024-12-31,2,,,,,,,,,,,,,,,,,,,,,,,,,,,,,100.00,,,,,,,false,false,12,2024-01-01,2024-12-31,0
2024-07-29,17180,2024-12-31,2,,,,,,,,,,,,,,,,,,,,,,,,,,,,,200.00,,,,,,,false,true,12,2024-01-01,2024-12-31,0
2024-07-29,17180,2024-12-31,2,,,,,,,,,,,,,,,,,,,,,,,,,,,,,,,,,1153263,60302,1092997,false,false,6,2024-01-01,2024-06-30,0
2024-07-29,17180,2023-12-31,2,,,,,,,,,,,,,,,,,,,,,,,,,,,,,,,,,,,1093181,false,false,6,2023-01-01,2023-06-30,-1
2024-10-28,17180,2024-12-31,3,20322000000,-0.142,,,,,1035000000,-0.046,1042000000,-0.044,,579000000,,530.26,,,,,,30675000000,17800000000,0.510,,15635000000,,,,,,,,,,,,true,false,9,2024-01-01,2024-09-30,0
2024-10-28,17180,2023-12-31,3,23697000000,0.004,,,,,1085000000,0.177,1091000000,0.100,,667000000,,610.56,,,,,,,,,,,,,,,,,,,,,,true,false,9,2023-01-01,2023-09-30,-1
2024-10-28,17180,2024-12-31,3,28000000000,-0.131,,,,,1220000000,-0.073,1200000000,-0.098,,700000000,,640.41,,,,,,,,,,,,,,,,,,,,,,true,true,12,2024-01-01,2024-12-31,0
2024-10-28,17180,2023-12-31,3,,,,,,,,,,,,,,,,,,,,30118000000,17397000000,0.509,,15331000000,,,,,,,,,,,,true,false,12,2023-01-01,2023-12-31,-1
2024-10-28,17180,2023-12-31,3,,,,,,,,,,,,,,,,,,,,,,,,,,,,,230.00,,,,1153263,60212,,false,false,12,2023-01-01,2023-12-31,-1
2024-10-28,17180,2024-12-31,3,,,,,,,,,,,,,,,,,,,,,,,,,,,,,100.00,,,,,,,false,false,12,2024-01-01,2024-12-31,0
2024-10-28,17180,2024-12-31,3,,,,,,,,,,,,,,,,,,,,,,,,,,,,,200.00,,,,,,,false,true,12,2024-01-01,2024-12-31,0
2024-10-28,17180,2024-12-31,3,,,,,,,,,,,,,,,,,,,,,,,,,,,,,,,,,1153263,60302,1092985,false,false,9,2024-01-01,2024-09-30,0
2024-10-28,17180,2023-12-31,3,,,,,,,,,,,,,,,,,,,,,,,,,,,,,,,,,,,1093171,false,false,9,2023-01-01,2023-09-30,-1
2025-02-14,17180,2024-12-31,,27292000000,-0.153,,,,,1134000000,-0.138,1155000000,-0.132,,658000000,,602.24,,0.042,0.037,0.042,,32571000000,17887000000,0.483,14401.15,15739000000,660000000,-663000000,598000000,2396000000,,0.332,,,,,,true,false,12,2024-01-01,2024-12-31,0
2025-02-14,17180,2023-12-31,,32203000000,0.047,,,,,1316000000,0.194,1330000000,0.127,,839000000,,767.98,,0.056,0.044,0.041,,30118000000,17397000000,0.509,14026.20,15331000000,-2156000000,-219000000,1309000000,1802000000,,0.299,,,,,,true,false,12,2023-01-01,2023-12-31,-1
2025-02-14,17180,2025-12-31,,15500000000,0.181,,,,,580000000,0.067,580000000,0.057,,360000000,,329.38,,,,,,,,,,,,,,,,,,,,,,true,true,6,2025-01-01,2025-06-30,1
2025-02-14,17180,2025-12-31,,35000000000,0.282,,,,,1500000000,0.322,1500000000,0.299,,900000000,,823.45,,,,,,,,,,,,,,,,0.243,,,,,,true,true,12,2025-01-01,2025-12-31,1
2025-02-14,17180,2024-12-31,,14482000000,-0.267,,,,,801000000,-0.208,821000000,-0.206,553000000,,-0.230,506.42,,,,,,21356000000,12451000000,0.583,11392.04,12451000000,,,,,200.00,,,,1153263,60302,1092979,false,false,12,2024-01-01,2024-12-31,0
2025-02-14,17180,2023-12-31,,19762000000,0.095,,,,,1012000000,0.424,1034000000,0.330,718000000,,0.225,657.24,,,,,,19777000000,12121000000,0.613,11089.41,12121000000,,,,,230.00,,,,1153263,60212,1093163,false,false,12,2023-01-01,2023-12-31,-1
2025-02-14,17180,2025-12-31,,8000000000,0.088,,,,,,,350000000,-0.336,250000000,,-0.313,228.74,,,,,,,,,,,,,,,,,,,,,,false,true,6,2025-01-01,2025-06-30,1
2025-02-14,17180,2025-12-31,,21000000000,0.450,,,,,,,1000000000,0.217,700000000,,0.265,640.46,,,,,,,,,,,,,,,200.00,,,,,,,false,true,12,2025-01-01,2025-12-31,1
2025-04-28,17180,2025-12-31,1,8813000000,0.188,,,,,874000000,0.736,861000000,0.792,,536000000,,490.70,,,,,,36723000000,18427000000,0.442,,16215000000,,,,,,,,,,,,true,false,3,2025-01-01,2025-03-31,0
2025-04-28,17180,2024-12-31,1,7417000000,-0.294,,,,,503000000,-0.316,480000000,-0.347,,258000000,,236.07,,,,,,,,,,,,,,,,,,,,,,true,false,3,2024-01-01,2024-03-31,-1
2025-04-28,17180,2025-12-31,1,15500000000,0.181,,,,,580000000,0.067,580000000,0.057,,360000000,,329.38,,,,,,,,,,,,,,,,,,,,,,true,true,6,2025-01-01,2025-06-30,0
2025-04-28,17180,2025-12-31,1,35000000000,0.282,,,,,1500000000,0.322,1500000000,0.299,,900000000,,823.45,,,,,,,,,,,,,,,,,,,,,,true,true,12,2025-01-01,2025-12-31,0
2025-04-28,17180,2024-12-31,1,,,,,,,,,,,,,,,,,,,,32571000000,17887000000,0.483,,15739000000,,,,,,,,,,,,true,false,12,2024-01-01,2024-12-31,-1
2025-04-28,17180,2024-12-31,1,,,,,,,,,,,,,,,,,,,,,,,,,,,,,200.00,,,,1153263,60302,,false,false,12,2024-01-01,2024-12-31,-1
2025-04-28,17180,2025-12-31,1,,,,,,,,,,,,,,,,,,,,,,,,,,,,,200.00,,,,,,,false,true,12,2025-01-01,2025-12-31,0
2025-04-28,17180,2025-12-31,1,,,,,,,,,,,,,,,,,,,,,,,,,,,,,,,,,1153263,60302,1092961,false,false,3,2025-01-01,2025-03-31,0
2025-04-28,17180,2024-12-31,1,,,,,,,,,,,,,,,,,,,,,,,,,,,,,,,,,,,1093028,false,false,3,2024-01-01,2024-03-31,-1
