filing_date,code,fiscal_year_end,quarterly_period,net_sales,net_sales_change,revenue,revenue_change,operating_revenue,operating_revenue_change,operating_profit,operating_profit_change,ordinary_profit,ordinary_profit_change,net_income,net_income_of_parent,net_income_change,eps,diluted_eps,roe,roa,operating_profit_to_net_sales,operating_profit_to_revenue,total_assets,net_assets,equity_ratio,bps,owner_equity,operating_cash_flow,investing_cash_flow,financing_cash_flow,cash,dividend_per_share,payout_ratio,commemorative_dividend,extra_dividend,number_of_shares,number_of_treqsury_shares,avg_number_of_shares,is_consolidated,is_forecast,duration,period_start,period_end,period_pos
2015-07-30,18500,2016-03-31,1,7368000000,0.041,,,,,94000000,-0.454,77000000,-0.441,,75000000,,0.26,,,,,,29833000000,7501000000,0.251,,7501000000,,,,,,,,,,,,true,false,3,2015-04-01,2015-06-30,0
2015-07-30,18500,2015-03-31,1,7078000000,-0.245,,,,,173000000,-0.411,139000000,-0.471,,140000000,,0.49,,,,,,,,,,,,,,,,,,,,,,true,false,3,2014-04-01,2014-06-30,-1
2015-07-30,18500,2016-03-31,1,18200000000,0.164,,,,,430000000,0.235,390000000,0.368,,350000000,,1.21,,,,,,,,,,,,,,,,,,,,,,true,true,6,2015-04-01,2015-09-30,0
2015-07-30,18500,2016-03-31,1,40100000000,0.044,,,,,920000000,-0.161,760000000,-0.199,,660000000,,2.29,,,,,,,,,,,,,,,,,,,,,,true,true,12,2015-04-01,2016-03-31,0
2015-07-30,18500,2015-03-31,1,,,,,,,,,,,,,,,,,,,,35137000000,7419000000,0.211,,7419000000,,,,,,,,,,,,true,false,12,2014-04-01,2015-03-31,-1
2015-07-30,18500,2015-03-31,1,,,,,,,,,,,,,,,,,,,,,,,,,,,,,0.00,,,,288357304,61770,,false,false,12,2014-04-01,2015-03-31,-1
2015-07-30,18500,2016-03-31,1,,,,,,,,,,,,,,,,,,,,,,,,,,,,,0.00,,,,,,,false,true,12,2015-04-01,2016-03-31,0
2015-07-30,18500,2016-03-31,1,,,,,,,,,,,,,,,,,,,,,,,,,,,,,,,,,288357304,61770,288295534,false,false,3,2015-04-01,2015-06-30,0
2015-07-30,18500,2015-03-31,1,,,,,,,,,,,,,,,,,,,,,,,,,,,,,,,,,,,288298953,false,false,3,2014-04-01,2014-06-30,-1
2015-07-30,18500,2016-03-31,,18200000000,0.028,,,,,430000000,1.389,390000000,2.545,,350000000,,1.21,,,,,,,,,,,,,,,,,,,,,,true,true,6,2015-04-01,2015-09-30,0
2015-07-30,18500,2015-03-31,,15641000000,,,,,,348000000,,285000000,,,268000000,,0.93,,,,,,,,,,,,,,,,,,,,,,true,false,6,2014-04-01,2014-09-30,-1
2015-07-30,18500,2016-03-31,,40100000000,-0.010,,,,,920000000,0.082,760000000,0.070,,660000000,,2.29,,,,,,,,,,,,,,,,,,,,,,true,true,12,2015-04-01,2016-03-31,0
2015-07-30,18500,2015-03-31,,38419000000,,,,,,1095000000,,949000000,,,619000000,,2.15,,,,,,,,,,,,,,,,,,,,,,true,false,12,2014-04-01,2015-03-31,-1
2015-07-30,18500,2016-03-31,,17600000000,0.041,,,,,500000000,1.381,470000000,2.357,430000000,,2.308,1.49,,,,,,,,,,,,,,,,,,,,,,false,true,6,2015-04-01,2015-09-30,0
2015-07-30,18500,2015-03-31,,14952000000,,,,,,271000000,,216000000,,253000000,,,0.88,,,,,,,,,,,,,,,,,,,,,,false,false,6,2014-04-01,2014-09-30,-1
2015-07-30,18500,2016-03-31,,38400000000,,,,,,940000000,0.175,790000000,0.215,710000000,,0.224,2.46,,,,,,,,,,,,,,,,,,,,,,false,true,12,2015-04-01,2016-03-31,0
2015-07-30,18500,2015-03-31,,36568000000,,,,,,933000000,,790000000,,522000000,,,1.81,,,,,,,,,,,,,,,,,,,,,,false,false,12,2014-04-01,2015-03-31,-1
2015-10-20,18500,2016-03-31,,17900000000,-0.016,,,,,580000000,0.349,540000000,0.385,,500000000,,1.73,,,,,,,,,,,,,,,,,,,,,,true,true,6,2015-04-01,2015-09-30,0
2015-10-20,18500,2015-03-31,,15641000000,,,,,,348000000,,285000000,,,268000000,,0.93,,,,,,,,,,,,,,,,,,,,,,true,false,6,2014-04-01,2014-09-30,-1
2015-10-20,18500,2016-03-31,,17200000000,-0.023,,,,,640000000,0.280,620000000,0.319,570000000,,0.326,1.98,,,,,,,,,,,,,,,,,,,,,,false,true,6,2015-04-01,2015-09-30,0
2015-10-20,18500,2015-03-31,,14952000000,,,,,,271000000,,216000000,,253000000,,,0.88,,,,,,,,,,,,,,,,,,,,,,false,false,6,2014-04-01,2014-09-30,-1
2015-10-29,18500,2016-03-31,2,17887000000,0.144,,,,,584000000,0.678,544000000,0.908,,499000000,,1.73,,,,,,29819000000,7901000000,0.265,,7901000000,,,,,,,,,,,,true,false,6,2015-04-01,2015-09-30,0
2015-10-29,18500,2015-03-31,2,15641000000,-0.196,,,,,348000000,0.007,285000000,0.004,,268000000,,0.93,,,,,,,,,,,,,,,,,,,,,,true,false,6,2014-04-01,2014-09-30,-1
2015-10-29,18500,2016-03-31,2,40100000000,0.044,,,,,920000000,-0.161,760000000,-0.199,,660000000,,2.29,,,,,,,,,,,,,,,,,,,,,,true,true,12,2015-04-01,2016-03-31,0
2015-10-29,18500,2015-03-31,2,,,,,,,,,,,,,,,,,,,,35137000000,7419000000,0.211,,7419000000,,,,,,,,,,,,true,false,12,2014-04-01,2015-03-31,-1
2015-10-29,18500,2015-03-31,2,,,,,,,,,,,,,,,,,,,,,,,,,,,,,0.00,,,,288357304,61770,,false,false,12,2014-04-01,2015-03-31,-1
2015-10-29,18500,2016-03-31,2,,,,,,,,,,,,,,,,,,,,,,,,,,,,,0.00,,,,,,,false,true,12,2015-04-01,2016-03-31,0
2015-10-29,18500,2016-03-31,2,,,,,,,,,,,,,,,,,,,,,,,,,,,,,,,,,288357304,62017,288295411,false,false,6,2015-04-01,2015-09-30,0
2015-10-29,18500,2015-03-31,2,,,,,,,,,,,,,,,,,,,,,,,,,,,,,,,,,,,288298460,false,false,6,2014-04-01,2014-09-30,-1
2016-01-28,18500,2016-03-31,3,29690000000,0.089,,,,,1169000000,0.441,1109000000,0.597,,981000000,,3.41,,,,,,35368000000,8377000000,0.237,,8377000000,,,,,,,,,,,,true,false,9,2015-04-01,2015-12-31,0
2016-01-28,18500,2015-03-31,3,27268000000,-0.119,,,,,811000000,1.219,694000000,1.522,,524000000,,1.82,,,,,,,,,,,,,,,,,,,,,,true,false,9,2014-04-01,2014-12-31,-1
2016-01-28,18500,2016-03-31,3,43100000000,0.122,,,,,1670000000,0.524,1560000000,0.643,,1000000000,,3.47,,,,,,,,,,,,,,,,,,,,,,true,true,12,2015-04-01,2016-03-31,0
2016-01-28,18500,2015-03-31,3,,,,,,,,,,,,,,,,,,,,35137000000,7419000000,0.211,,7419000000,,,,,,,,,,,,true,false,12,2014-04-01,2015-03-31,-1
2016-01-28,18500,2015-03-31,3,,,,,,,,,,,,,,,,,,,,,,,,,,,,,0.00,,,,288357304,61770,,false,false,12,2014-04-01,2015-03-31,-1
2016-01-28,18500,2016-03-31,3,,,,,,,,,,,,,,,,,,,,,,,,,,,,,0.00,,,,,,,false,true,12,2015-04-01,2016-03-31,0
2016-01-28,18500,2016-03-31,3,,,,,,,,,,,,,,,,,,,,,,,,,,,,,,,,,288357304,62517,288295314,false,false,9,2015-04-01,2015-12-31,0
2016-01-28,18500,2015-03-31,3,,,,,,,,,,,,,,,,,,,,,,,,,,,,,,,,,,,288297916,false,false,9,2014-04-01,2014-12-31,-1
2016-01-28,18500,2016-03-31,,43100000000,0.075,,,,,1670000000,0.815,1560000000,1.053,,1000000000,,3.47,,,,,,,,,,,,,,,,,,,,,,true,true,12,2015-04-01,2016-03-31,0
2016-01-28,18500,2015-03-31,,38419000000,,,,,,1095000000,,949000000,,,619000000,,2.15,,,,,,,,,,,,,,,,,,,,,,true,false,12,2014-04-01,2015-03-31,-1
2016-01-28,18500,2016-03-31,,41400000000,0.078,,,,,1660000000,0.766,1570000000,0.987,1020000000,,0.437,3.54,,,,,,,,,,,,,,,,,,,,,,false,true,12,2015-04-01,2016-03-31,0
2016-01-28,18500,2015-03-31,,36568000000,,,,,,933000000,,790000000,,522000000,,,1.81,,,,,,,,,,,,,,,,,,,,,,false,false,12,2014-04-01,2015-03-31,-1
2016-04-27,18500,2016-03-31,,43659000000,0.136,,,,,1909000000,0.742,1798000000,0.895,,1221000000,,4.24,,0.154,0.049,0.044,,38625000000,8474000000,0.219,29.39,8474000000,888000000,-54000000,-424000000,2305000000,,,,,,,,true,false,12,2015-04-01,2016-03-31,0
2016-04-27,18500,2015-03-31,,38419000000,-0.088,,,,,1095000000,0.311,949000000,0.371,,619000000,,2.15,,0.094,0.026,0.028,,35137000000,7419000000,0.211,25.74,7419000000,2312000000,-36000000,-2147000000,1896000000,,,,,,,,true,false,12,2014-04-01,2015-03-31,-1
2016-04-27,18500,2017-03-31,,19300000000,0.079,,,,,490000000,-0.162,420000000,-0.228,,260000000,,0.90,,,,,,,,,,,,,,,,,,,,,,true,true,6,2016-04-01,2016-09-30,1
2016-04-27,18500,2017-03-31,,42300000000,-0.031,,,,,1460000000,-0.235,1310000000,-0.272,,860000000,,2.98,,,,,,,,,,,,,,,,,,,,,,true,true,12,2016-04-01,2017-03-31,1
2016-04-27,18500,2016-03-31,,41992000000,0.148,,,,,1896000000,1.033,1801000000,1.279,1245000000,,1.386,4.32,,,,,,37693000000,8005000000,0.212,27.77,8005000000,,,,,0.00,,,,288357304,63022,288295140,false,false,12,2015-04-01,2016-03-31,0
2016-04-27,18500,2015-03-31,,36568000000,-0.100,,,,,933000000,0.475,790000000,0.665,522000000,,0.592,1.81,,,,,,34160000000,6809000000,0.199,23.62,6809000000,,,,,0.00,,,,288357304,61770,288297359,false,false,12,2014-04-01,2015-03-31,-1
2016-04-27,18500,2017-03-31,,18700000000,0.085,,,,,,,490000000,-0.208,330000000,,-0.423,1.14,,,,,,,,,,,,,,,,,,,,,,false,true,6,2016-04-01,2016-09-30,1
2016-04-27,18500,2017-03-31,,40400000000,-0.038,,,,,,,1250000000,-0.306,820000000,,-0.342,2.84,,,,,,,,,,,,,,,0.00,,,,,,,false,true,12,2016-04-01,2017-03-31,1
2016-07-28,18500,2017-03-31,1,8804000000,0.195,,,,,420000000,3.438,401000000,4.154,,271000000,,0.94,,,,,,30754000000,8738000000,0.284,,8738000000,,,,,,,,,,,,true,false,3,2016-04-01,2016-06-30,0
2016-07-28,18500,2016-03-31,1,7368000000,0.041,,,,,94000000,-0.454,77000000,-0.441,,75000000,,0.26,,,,,,,,,,,,,,,,,,,,,,true,false,3,2015-04-01,2015-06-30,-1
2016-07-28,18500,2017-03-31,1,20500000000,0.146,,,,,720000000,0.232,680000000,0.250,,460000000,,1.60,,,,,,,,,,,,,,,,,,,,,,true,true,6,2016-04-01,2016-09-30,0
2016-07-28,18500,2017-03-31,1,42300000000,-0.031,,,,,1460000000,-0.235,1310000000,-0.272,,860000000,,2.98,,,,,,,,,,,,,,,,,,,,,,true,true,12,2016-04-01,2017-03-31,0
2016-07-28,18500,2016-03-31,1,,,,,,,,,,,,,,,,,,,,38265000000,8474000000,0.219,,8474000000,,,,,,,,,,,,true,false,12,2015-04-01,2016-03-31,-1
2016-07-28,18500,2016-03-31,1,,,,,,,,,,,,,,,,,,,,,,,,,,,,,0.00,,,,288357304,63022,,false,false,12,2015-04-01,2016-03-31,-1
2016-07-28,18500,2017-03-31,1,,,,,,,,,,,,,,,,,,,,,,,,,,,,,0.00,,,,,,,false,true,12,2016-04-01,2017-03-31,0
2016-07-28,18500,2017-03-31,1,,,,,,,,,,,,,,,,,,,,,,,,,,,,,,,,,288357304,63022,288294282,false,false,3,2016-04-01,2016-06-30,0
2016-07-28,18500,2016-03-31,1,,,,,,,,,,,,,,,,,,,,,,,,,,,,,,,,,,,288295534,false,false,3,2015-04-01,2015-06-30,-1
2016-07-28,18500,2017-03-31,,20500000000,0.062,,,,,720000000,0.469,680000000,0.619,,460000000,,1.60,,,,,,,,,,,,,,,,,,,,,,true,true,6,2016-04-01,2016-09-30,0
2016-07-28,18500,2016-03-31,,17887000000,,,,,,584000000,,544000000,,,499000000,,1.73,,,,,,,,,,,,,,,,,,,,,,true,false,6,2015-04-01,2015-09-30,-1
2016-07-28,18500,2017-03-31,,19800000000,0.059,,,,,750000000,0.316,700000000,0.429,490000000,,0.485,1.70,,,,,,,,,,,,,,,,,,,,,,false,true,6,2016-04-01,2016-09-30,0
2016-07-28,18500,2016-03-31,,17234000000,,,,,,642000000,,618000000,,571000000,,,1.98,,,,,,,,,,,,,,,,,,,,,,false,false,6,2015-04-01,2015-09-30,-1
2016-10-27,18500,2017-03-31,,20500000000,,,,,,1120000000,0.556,1080000000,0.588,,760000000,,2.64,,,,,,,,,,,,,,,,,,,,,,true,true,6,2016-04-01,2016-09-30,0
2016-10-27,18500,2016-03-31,,17887000000,,,,,,584000000,,544000000,,,499000000,,1.73,,,,,,,,,,,,,,,,,,,,,,true,false,6,2015-04-01,2015-09-30,-1
2016-10-27,18500,2017-03-31,,19800000000,,,,,,1100000000,0.467,1050000000,0.500,750000000,,0.531,2.60,,,,,,,,,,,,,,,,,,,,,,false,true,6,2016-04-01,2016-09-30,0
2016-10-27,18500,2016-03-31,,17234000000,,,,,,642000000,,618000000,,571000000,,,1.98,,,,,,,,,,,,,,,,,,,,,,false,false,6,2015-04-01,2015-09-30,-1
2016-10-28,18500,2017-03-31,2,20509000000,0.147,,,,,1117000000,0.912,1076000000,0.979,,758000000,,2.63,,,,,,35060000000,9239000000,0.264,,9239000000,,,,,,,,,,,,true,false,6,2016-04-01,2016-09-30,0
2016-10-28,18500,2016-03-31,2,17887000000,0.144,,,,,584000000,0.678,544000000,0.908,,499000000,,1.73,,,,,,,,,,,,,,,,,,,,,,true,false,6,2015-04-01,2015-09-30,-1
2016-10-28,18500,2017-03-31,2,41900000000,-0.040,,,,,1680000000,-0.120,1540000000,-0.144,,1010000000,,3.50,,,,,,,,,,,,,,,,,,,,,,true,true,12,2016-04-01,2017-03-31,0
2016-10-28,18500,2016-03-31,2,,,,,,,,,,,,,,,,,,,,38625000000,8474000000,0.219,,8474000000,,,,,,,,,,,,true,false,12,2015-04-01,2016-03-31,-1
2016-10-28,18500,2016-03-31,2,,,,,,,,,,,,,,,,,,,,,,,,,,,,,0.00,,,,288357304,63022,,false,false,12,2015-04-01,2016-03-31,-1
2016-10-28,18500,2017-03-31,2,,,,,,,,,,,,,,,,,,,,,,,,,,,,,0.00,,,,,,,false,true,12,2016-04-01,2017-03-31,0
2016-10-28,18500,2017-03-31,2,,,,,,,,,,,,,,,,,,,,,,,,,,,,,,,,,288357304,63022,288294282,false,false,6,2016-04-01,2016-09-30,0
2016-10-28,18500,2016-03-31,2,,,,,,,,,,,,,,,,,,,,,,,,,,,,,,,,,,,288295411,false,false,6,2015-04-01,2015-09-30,-1
2017-01-30,18500,2017-03-31,3,31642000000,0.066,,,,,1846000000,0.579,1781000000,0.605,,1228000000,,4.26,,,,,,36612000000,9741000000,0.266,,9741000000,,,,,,,,,,,,true,false,9,2016-04-01,2016-12-31,0
2017-01-30,18500,2016-03-31,3,29690000000,0.089,,,,,1169000000,0.441,1109000000,0.597,,981000000,,3.41,,,,,,,,,,,,,,,,,,,,,,true,false,9,2015-04-01,2015-12-31,-1
2017-01-30,18500,2017-03-31,3,41900000000,-0.040,,,,,1680000000,-0.120,1540000000,-0.144,,1010000000,,3.50,,,,,,,,,,,,,,,,,,,,,,true,true,12,2016-04-01,2017-03-31,0
2017-01-30,18500,2016-03-31,3,,,,,,,,,,,,,,,,,,,,38625000000,8474000000,0.219,,8474000000,,,,,,,,,,,,true,false,12,2015-04-01,2016-03-31,-1
2017-01-30,18500,2016-03-31,3,,,,,,,,,,,,,,,,,,,,,,,,,,,,,0.00,,,,288357304,63022,,false,false,12,2015-04-01,2016-03-31,-1
2017-01-30,18500,2017-03-31,3,,,,,,,,,,,,,,,,,,,,,,,,,,,,,0.00,,,,,,,false,true,12,2016-04-01,2017-03-31,0
2017-01-30,18500,2017-03-31,3,,,,,,,,,,,,,,,,,,,,,,,,,,,,,,,,,288357304,64022,288294171,false,false,9,2016-04-01,2016-12-31,0
2017-01-30,18500,2016-03-31,3,,,,,,,,,,,,,,,,,,,,,,,,,,,,,,,,,,,288295314,false,false,9,2015-04-01,2015-12-31,-1
2017-03-24,18500,2017-03-31,,43800000000,0.045,,,,,2700000000,0.607,2610000000,0.695,,1480000000,,5.13,,,,,,,,,,,,,,,,,,,,,,true,true,12,2016-04-01,2017-03-31,0
2017-03-24,18500,2016-03-31,,43659000000,,,,,,1909000000,,1798000000,,,1221000000,,4.24,,,,,,,,,,,,,,,,,,,,,,true,false,12,2015-04-01,2016-03-31,-1
2017-03-24,18500,2017-03-31,,42200000000,0.045,,,,,2690000000,0.582,2590000000,0.671,1490000000,,0.433,5.17,,,,,,,,,,,,,,,,,,,,,,false,true,12,2016-04-01,2017-03-31,0
2017-03-24,18500,2016-03-31,,41992000000,,,,,,1896000000,,1801000000,,1245000000,,,4.32,,,,,,,,,,,,,,,,,,,,,,false,false,12,2015-04-01,2016-03-31,-1
2017-04-27,18500,2017-03-31,,43958000000,0.007,,,,,2892000000,0.515,2792000000,0.552,,1623000000,,5.63,,0.174,0.073,0.066,,37943000000,10165000000,0.268,35.26,10165000000,1416000000,-82000000,-897000000,2804000000,,,,,,,,true,false,12,2016-04-01,2017-03-31,0
2017-04-27,18500,2016-03-31,,43659000000,0.136,,,,,1909000000,0.742,1798000000,0.895,,1221000000,,4.24,,0.154,0.049,0.044,,38625000000,8474000000,0.219,29.39,8474000000,888000000,-54000000,-424000000,2305000000,,,,,,,,true,false,12,2015-04-01,2016-03-31,-1
2017-04-27,18500,2018-03-31,,21300000000,0.039,,,,,800000000,-0.284,760000000,-0.294,,530000000,,1.84,,,,,,,,,,,,,,,,,,,,,,true,true,6,2017-04-01,2017-09-30,1
2017-04-27,18500,2018-03-31,,41700000000,-0.051,,,,,2270000000,-0.215,2160000000,-0.226,,1500000000,,5.20,,,,,,,,,,,,,,,,,,,,,,true,true,12,2017-04-01,2018-03-31,1
2017-04-27,18500,2017-03-31,,42359000000,0.009,,,,,2863000000,0.510,2754000000,0.529,1614000000,,0.296,5.60,,,,,,36876000000,9649000000,0.262,33.47,9649000000,,,,,0.00,,,,288357304,64022,288293974,false,false,12,2016-04-01,2017-03-31,0
2017-04-27,18500,2016-03-31,,41992000000,0.148,,,,,1896000000,1.033,1801000000,1.279,1245000000,,1.386,4.32,,,,,,37693000000,8005000000,0.212,27.77,8005000000,,,,,0.00,,,,288357304,63022,288295140,false,false,12,2015-04-01,2016-03-31,-1
2017-04-27,18500,2018-03-31,,20300000000,0.025,,,,,840000000,-0.238,790000000,-0.252,560000000,,-0.252,1.94,,,,,,,,,,,,,,,,,,,,,,false,true,6,2017-04-01,2017-09-30,1
2017-04-27,18500,2018-03-31,,39400000000,-0.070,,,,,2200000000,-0.232,2090000000,-0.241,1440000000,,-0.108,4.99,,,,,,,,,,,,,,,0.00,,,,,,,false,true,12,2017-04-01,2018-03-31,1
2017-07-28,18500,2018-03-31,1,9518000000,0.081,,,,,335000000,-0.201,320000000,-0.200,,203000000,,0.70,,,,,,33565000000,10379000000,0.309,,10379000000,,,,,,,,,,,,true,false,3,2017-04-01,2017-06-30,0
2017-07-28,18500,2017-03-31,1,8804000000,0.195,,,,,420000000,3.438,401000000,4.154,,271000000,,0.94,,,,,,,,,,,,,,,,,,,,,,true,false,3,2016-04-01,2016-06-30,-1
2017-07-28,18500,2018-03-31,1,21300000000,0.039,,,,,800000000,-0.284,760000000,-0.294,,530000000,,1.84,,,,,,,,,,,,,,,,,,,,,,true,true,6,2017-04-01,2017-09-30,0
2017-07-28,18500,2018-03-31,1,41700000000,-0.051,,,,,2270000000,-0.215,2160000000,-0.226,,1500000000,,5.20,,,,,,,,,,,,,,,,,,,,,,true,true,12,2017-04-01,2018-03-31,0
2017-07-28,18500,2017-03-31,1,,,,,,,,,,,,,,,,,,,,37943000000,10165000000,0.268,,10165000000,,,,,,,,,,,,true,false,12,2016-04-01,2017-03-31,-1
2017-07-28,18500,2017-03-31,1,,,,,,,,,,,,,,,,,,,,,,,,,,,,,0.00,,,,288357304,64022,,false,false,12,2016-04-01,2017-03-31,-1
2017-07-28,18500,2018-03-31,1,,,,,,,,,,,,,,,,,,,,,,,,,,,,,0.00,,,,,,,false,true,12,2017-04-01,2018-03-31,0
2017-07-28,18500,2018-03-31,1,,,,,,,,,,,,,,,,,,,,,,,,,,,,,,,,,288357304,64032,288293275,false,false,3,2017-04-01,2017-06-30,0
2017-07-28,18500,2017-03-31,1,,,,,,,,,,,,,,,,,,,,,,,,,,,,,,,,,,,288294282,false,false,3,2016-04-01,2016-06-30,-1
2017-10-30,18500,2018-03-31,2,19179000000,-0.065,,,,,820000000,-0.266,776000000,-0.279,,396000000,,1.37,,,,,,34724000000,10571000000,0.304,,10571000000,,,,,,,,,,,,true,false,6,2017-04-01,2017-09-30,0
2017-10-30,18500,2017-03-31,2,20509000000,0.147,,,,,1117000000,0.912,1076000000,0.979,,758000000,,2.63,,,,,,,,,,,,,,,,,,,,,,true,false,6,2016-04-01,2016-09-30,-1
2017-10-30,18500,2018-03-31,2,41700000000,-0.051,,,,,2270000000,-0.215,2160000000,-0.226,,1300000000,,4.51,,,,,,,,,,,,,,,,,,,,,,true,true,12,2017-04-01,2018-03-31,0
2017-10-30,18500,2017-03-31,2,,,,,,,,,,,,,,,,,,,,37943000000,10165000000,0.268,,10165000000,,,,,,,,,,,,true,false,12,2016-04-01,2017-03-31,-1
2017-10-30,18500,2017-03-31,2,,,,,,,,,,,,,,,,,,,,,,,,,,,,,0.00,,,,288357304,64022,,false,false,12,2016-04-01,2017-03-31,-1
2017-10-30,18500,2018-03-31,2,,,,,,,,,,,,,,,,,,,,,,,,,,,,,0.00,,,,,,,false,true,12,2017-04-01,2018-03-31,0
2017-10-30,18500,2018-03-31,2,,,,,,,,,,,,,,,,,,,,,,,,,,,,,,,,,288357304,64032,288293273,false,false,6,2017-04-01,2017-09-30,0
2017-10-30,18500,2017-03-31,2,,,,,,,,,,,,,,,,,,,,,,,,,,,,,,,,,,,288294282,false,false,6,2016-04-01,2016-09-30,-1
2018-01-30,18500,2018-03-31,3,29282000000,-0.075,,,,,1487000000,-0.195,1427000000,-0.199,,927000000,,3.22,,,,,,37273000000,11111000000,0.298,,11111000000,,,,,,,,,,,,true,false,9,2017-04-01,2017-12-31,0
2018-01-30,18500,2017-03-31,3,31642000000,0.066,,,,,1846000000,0.579,1781000000,0.605,,1228000000,,4.26,,,,,,,,,,,,,,,,,,,,,,true,false,9,2016-04-01,2016-12-31,-1
2018-01-30,18500,2018-03-31,3,41700000000,-0.051,,,,,2270000000,-0.215,2160000000,-0.226,,1300000000,,4.51,,,,,,,,,,,,,,,,,,,,,,true,true,12,2017-04-01,2018-03-31,0
2018-01-30,18500,2017-03-31,3,,,,,,,,,,,,,,,,,,,,37943000000,10165000000,0.268,,10165000000,,,,,,,,,,,,true,false,12,2016-04-01,2017-03-31,-1
2018-01-30,18500,2017-03-31,3,,,,,,,,,,,,,,,,,,,,,,,,,,,,,0.00,,,,288357304,64022,,false,false,12,2016-04-01,2017-03-31,-1
2018-01-30,18500,2018-03-31,3,,,,,,,,,,,,,,,,,,,,,,,,,,,,,0.00,,,,,,,false,true,12,2017-04-01,2018-03-31,0
2018-01-30,18500,2018-03-31,3,,,,,,,,,,,,,,,,,,,,,,,,,,,,,,,,,288357304,64032,288293273,false,false,9,2017-04-01,2017-12-31,0
2018-01-30,18500,2017-03-31,3,,,,,,,,,,,,,,,,,,,,,,,,,,,,,,,,,,,288294171,false,false,9,2016-04-01,2016-12-31,-1
2018-04-26,18500,2018-03-31,,40551000000,-0.078,,,,,2288000000,-0.209,2200000000,-0.212,,1043000000,,3.62,,0.097,0.059,0.056,,36134000000,11308000000,0.313,39.23,11308000000,7427000000,-158000000,-3053000000,7019000000,,,,,,,,true,false,12,2017-04-01,2018-03-31,0
2018-04-26,18500,2017-03-31,,43958000000,0.007,,,,,2892000000,0.515,2792000000,0.552,,1623000000,,5.63,,0.174,0.073,0.066,,37943000000,10165000000,0.268,35.26,10165000000,1416000000,-82000000,-897000000,2804000000,,,,,,,,true,false,12,2016-04-01,2017-03-31,-1
2018-04-26,18500,2019-03-31,,21400000000,0.116,,,,,1050000000,0.279,1020000000,0.314,,700000000,,2.43,,,,,,,,,,,,,,,,,,,,,,true,true,6,2018-04-01,2018-09-30,1
2018-04-26,18500,2019-03-31,,42800000000,0.055,,,,,2340000000,0.022,2260000000,0.027,,1550000000,,53.76,,,,,,,,,,,,,,,,,,,,,,true,true,12,2018-04-01,2019-03-31,1
2018-04-26,18500,2018-03-31,,38521000000,-0.091,,,,,2248000000,-0.215,2152000000,-0.218,1027000000,,-0.364,3.56,,,,,,34749000000,10694000000,0.308,37.10,10694000000,,,,,0.00,,,,288357304,65353,288293094,false,false,12,2017-04-01,2018-03-31,0
2018-04-26,18500,2017-03-31,,42359000000,0.009,,,,,2863000000,0.510,2754000000,0.529,1614000000,,0.296,5.60,,,,,,36876000000,9649000000,0.262,33.47,9649000000,,,,,0.00,,,,288357304,64022,288293974,false,false,12,2016-04-01,2017-03-31,-1
2018-04-26,18500,2019-03-31,,20100000000,0.098,,,,,1000000000,0.177,960000000,0.200,650000000,,0.512,2.25,,,,,,,,,,,,,,,,,,,,,,false,true,6,2018-04-01,2018-09-30,1
2018-04-26,18500,2019-03-31,,40400000000,0.049,,,,,2200000000,-0.021,2120000000,-0.015,1440000000,,0.402,49.95,,,,,,,,,,,,,,,0.00,,,,,,,false,true,12,2018-04-01,2019-03-31,1
2018-07-30,18500,2019-03-31,1,10845000000,0.139,,,,,578000000,0.721,569000000,0.776,,517000000,,1.79,,,,,,32440000000,11824000000,0.364,,11824000000,,,,,,,,,,,,true,false,3,2018-04-01,2018-06-30,0
2018-07-30,18500,2018-03-31,1,9518000000,0.081,,,,,335000000,-0.201,320000000,-0.200,,203000000,,0.70,,,,,,,,,,,,,,,,,,,,,,true,false,3,2017-04-01,2017-06-30,-1
2018-07-30,18500,2019-03-31,1,21400000000,0.116,,,,,1050000000,0.279,1020000000,0.314,,700000000,,2.43,,,,,,,,,,,,,,,,,,,,,,true,true,6,2018-04-01,2018-09-30,0
2018-07-30,18500,2019-03-31,1,42800000000,0.055,,,,,2340000000,0.022,2260000000,0.027,,1550000000,,53.77,,,,,,,,,,,,,,,,,,,,,,true,true,12,2018-04-01,2019-03-31,0
2018-07-30,18500,2018-03-31,1,,,,,,,,,,,,,,,,,,,,36134000000,11308000000,0.313,,11308000000,,,,,,,,,,,,true,false,12,2017-04-01,2018-03-31,-1
2018-07-30,18500,2018-03-31,1,,,,,,,,,,,,,,,,,,,,,,,,,,,,,0.00,,,,288357304,65353,,false,false,12,2017-04-01,2018-03-31,-1
2018-07-30,18500,2019-03-31,1,,,,,,,,,,,,,,,,,,,,,,,,,,,,,0.00,,,,,,,false,true,12,2018-04-01,2019-03-31,0
2018-07-30,18500,2019-03-31,1,,,,,,,,,,,,,,,,,,,,,,,,,,,,,,,,,288357304,66250,288291278,false,false,3,2018-04-01,2018-06-30,0
2018-07-30,18500,2018-03-31,1,,,,,,,,,,,,,,,,,,,,,,,,,,,,,,,,,,,288293275,false,false,3,2017-04-01,2017-06-30,-1
2018-10-30,18500,2019-03-31,2,20964000000,0.093,,,,,1103000000,0.345,1096000000,0.412,,873000000,,30.31,,,,,,33894000000,12177000000,0.359,,12177000000,,,,,,,,,,,,true,false,6,2018-04-01,2018-09-30,0
2018-10-30,18500,2018-03-31,2,19179000000,-0.065,,,,,820000000,-0.266,776000000,-0.279,,396000000,,13.75,,,,,,,,,,,,,,,,,,,,,,true,false,6,2017-04-01,2017-09-30,-1
2018-10-30,18500,2019-03-31,2,42800000000,0.055,,,,,2340000000,0.022,2260000000,0.027,,1550000000,,53.77,,,,,,,,,,,,,,,,,,,,,,true,true,12,2018-04-01,2019-03-31,0
2018-10-30,18500,2018-03-31,2,,,,,,,,,,,,,,,,,,,,36134000000,11308000000,0.313,,11308000000,,,,,,,,,,,,true,false,12,2017-04-01,2018-03-31,-1
2018-10-30,18500,2018-03-31,2,,,,,,,,,,,,,,,,,,,,,,,,,,,,,0.00,,,,28835730,6535,,false,false,12,2017-04-01,2018-03-31,-1
2018-10-30,18500,2019-03-31,2,,,,,,,,,,,,,,,,,,,,,,,,,,,,,0.00,,,,,,,false,true,12,2018-04-01,2019-03-31,0
2018-10-30,18500,2019-03-31,2,,,,,,,,,,,,,,,,,,,,,,,,,,,,,,,,,28835730,6650,28829111,false,false,6,2018-04-01,2018-09-30,0
2018-10-30,18500,2018-03-31,2,,,,,,,,,,,,,,,,,,,,,,,,,,,,,,,,,,,28829327,false,false,6,2017-04-01,2017-09-30,-1
2019-01-30,18500,2019-03-31,3,32559000000,0.112,,,,,1624000000,0.092,1603000000,0.123,,1202000000,,41.71,,,,,,35109000000,12471000000,0.355,,12471000000,,,,,,,,,,,,true,false,9,2018-04-01,2018-12-31,0
2019-01-30,18500,2018-03-31,3,29282000000,-0.075,,,,,1487000000,-0.195,1427000000,-0.199,,927000000,,32.18,,,,,,,,,,,,,,,,,,,,,,true,false,9,2017-04-01,2017-12-31,-1
2019-01-30,18500,2019-03-31,3,42800000000,0.055,,,,,2340000000,0.022,2260000000,0.027,,1550000000,,53.77,,,,,,,,,,,,,,,,,,,,,,true,true,12,2018-04-01,2019-03-31,0
2019-01-30,18500,2018-03-31,3,,,,,,,,,,,,,,,,,,,,36134000000,11308000000,0.313,,11308000000,,,,,,,,,,,,true,false,12,2017-04-01,2018-03-31,-1
2019-01-30,18500,2018-03-31,3,,,,,,,,,,,,,,,,,,,,,,,,,,,,,0.00,,,,28835730,6535,,false,false,12,2017-04-01,2018-03-31,-1
2019-01-30,18500,2019-03-31,3,,,,,,,,,,,,,,,,,,,,,,,,,,,,,0.00,,,,,,,false,true,12,2018-04-01,2019-03-31,0
2019-01-30,18500,2019-03-31,3,,,,,,,,,,,,,,,,,,,,,,,,,,,,,,,,,28835730,7097,28829009,false,false,9,2018-04-01,2018-12-31,0
2019-01-30,18500,2018-03-31,3,,,,,,,,,,,,,,,,,,,,,,,,,,,,,,,,,,,28829327,false,false,9,2017-04-01,2017-12-31,-1
2019-04-25,18500,2019-03-31,,43968000000,0.084,,,,,2618000000,0.144,2573000000,0.170,,-1250000000,,-43.38,,-0.117,0.071,0.060,,36840000000,9986000000,0.271,346.42,9986000000,-1240000000,465000000,-1019000000,5225000000,,,,,,,,true,false,12,2018-04-01,2019-03-31,0
2019-04-25,18500,2018-03-31,,40551000000,-0.078,,,,,2288000000,-0.209,2200000000,-0.212,,1043000000,,36.19,,0.097,0.059,0.056,,36134000000,11308000000,0.313,392.27,11308000000,7427000000,-158000000,-3053000000,7019000000,,,,,,,,true,false,12,2017-04-01,2018-03-31,-1
2019-04-25,18500,2020-03-31,,19500000000,-0.070,,,,,790000000,-0.284,750000000,-0.316,,570000000,,19.77,,,,,,,,,,,,,,,,,,,,,,true,true,6,2019-04-01,2019-09-30,1
2019-04-25,18500,2020-03-31,,42800000000,-0.027,,,,,2370000000,-0.095,2290000000,-0.110,,1700000000,,58.97,,,,,,,,,,,,,,,,,,,,,,true,true,12,2019-04-01,2020-03-31,1
2019-04-25,18500,2019-03-31,,42118000000,0.093,,,,,2473000000,0.100,2586000000,0.201,-1195000000,,,-41.48,,,,,,36103000000,9467000000,0.262,328.41,9467000000,,,,,0.00,,,,28835730,7277,28828881,false,false,12,2018-04-01,2019-03-31,0
2019-04-25,18500,2018-03-31,,38521000000,-0.091,,,,,2248000000,-0.215,2152000000,-0.218,1027000000,,-0.364,35.64,,,,,,34749000000,10694000000,0.308,370.96,10694000000,,,,,0.00,,,,28835730,6535,28829309,false,false,12,2017-04-01,2018-03-31,-1
2019-04-25,18500,2020-03-31,,18700000000,-0.062,,,,,750000000,-0.277,720000000,-0.310,540000000,,-0.358,18.73,,,,,,,,,,,,,,,,,,,,,,false,true,6,2019-04-01,2019-09-30,1
2019-04-25,18500,2020-03-31,,41300000000,-0.019,,,,,2300000000,-0.070,2220000000,-0.142,1650000000,,,57.24,,,,,,,,,,,,,,,0.00,,,,,,,false,true,12,2019-04-01,2020-03-31,1
2019-07-30,18500,2020-03-31,1,7650000000,-0.295,,,,,225000000,-0.610,184000000,-0.676,,140000000,,4.86,,,,,,32097000000,10140000000,0.316,,10140000000,,,,,,,,,,,,true,false,3,2019-04-01,2019-06-30,0
2019-07-30,18500,2019-03-31,1,10845000000,0.139,,,,,578000000,0.721,569000000,0.776,,517000000,,17.94,,,,,,,,,,,,,,,,,,,,,,true,false,3,2018-04-01,2018-06-30,-1
2019-07-30,18500,2020-03-31,1,19500000000,-0.070,,,,,790000000,-0.284,750000000,-0.316,,570000000,,19.77,,,,,,,,,,,,,,,,,,,,,,true,true,6,2019-04-01,2019-09-30,0
2019-07-30,18500,2020-03-31,1,42800000000,-0.027,,,,,2370000000,-0.095,2290000000,-0.110,,1700000000,,58.97,,,,,,,,,,,,,,,,,,,,,,true,true,12,2019-04-01,2020-03-31,0
2019-07-30,18500,2019-03-31,1,,,,,,,,,,,,,,,,,,,,36840000000,9986000000,0.271,,9986000000,,,,,,,,,,,,true,false,12,2018-04-01,2019-03-31,-1
2019-07-30,18500,2019-03-31,1,,,,,,,,,,,,,,,,,,,,,,,,,,,,,0.00,,,,28835730,7277,,false,false,12,2018-04-01,2019-03-31,-1
2019-07-30,18500,2020-03-31,1,,,,,,,,,,,,,,,,,,,,,,,,,,,,,0.00,,,,,,,false,true,12,2019-04-01,2020-03-31,0
2019-07-30,18500,2020-03-31,1,,,,,,,,,,,,,,,,,,,,,,,,,,,,,,,,,28835730,7277,28828453,false,false,3,2019-04-01,2019-06-30,0
2019-07-30,18500,2019-03-31,1,,,,,,,,,,,,,,,,,,,,,,,,,,,,,,,,,,,28829128,false,false,3,2018-04-01,2018-06-30,-1
2019-09-27,18500,2020-03-31,,17300000000,-0.113,,,,,480000000,-0.392,430000000,-0.427,,300000000,,10.41,,,,,,,,,,,,,,,,,,,,,,true,true,6,2019-04-01,2019-09-30,0
2019-09-27,18500,2019-03-31,,20964000000,,,,,,1103000000,,1096000000,,,873000000,,30.31,,,,,,,,,,,,,,,,,,,,,,true,false,6,2018-04-01,2018-09-30,-1
2019-09-27,18500,2020-03-31,,16600000000,-0.112,,,,,470000000,-0.373,430000000,-0.403,310000000,,-0.426,10.75,,,,,,,,,,,,,,,,,,,,,,false,true,6,2019-04-01,2019-09-30,0
2019-09-27,18500,2019-03-31,,19943000000,,,,,,1036000000,,1044000000,,841000000,,,29.18,,,,,,,,,,,,,,,,,,,,,,false,false,6,2018-04-01,2018-09-30,-1
2019-10-30,18500,2020-03-31,2,17600000000,-0.160,,,,,584000000,-0.470,533000000,-0.513,,387000000,,13.43,,,,,,32122000000,10396000000,0.324,,10396000000,,,,,,,,,,,,true,false,6,2019-04-01,2019-09-30,0
2019-10-30,18500,2019-03-31,2,20964000000,0.093,,,,,1103000000,0.345,1096000000,0.412,,873000000,,30.31,,,,,,,,,,,,,,,,,,,,,,true,false,6,2018-04-01,2018-09-30,-1
2019-10-30,18500,2020-03-31,2,42800000000,-0.027,,,,,2370000000,-0.095,2290000000,-0.110,,1700000000,,58.97,,,,,,,,,,,,,,,,,,,,,,true,true,12,2019-04-01,2020-03-31,0
2019-10-30,18500,2019-03-31,2,,,,,,,,,,,,,,,,,,,,36840000000,9986000000,0.271,,9986000000,,,,,,,,,,,,true,false,12,2018-04-01,2019-03-31,-1
2019-10-30,18500,2019-03-31,2,,,,,,,,,,,,,,,,,,,,,,,,,,,,,0.00,,,,28835730,7277,,false,false,12,2018-04-01,2019-03-31,-1
2019-10-30,18500,2020-03-31,2,,,,,,,,,,,,,,,,,,,,,,,,,,,,,0.00,,,,,,,false,true,12,2019-04-01,2020-03-31,0
2019-10-30,18500,2020-03-31,2,,,,,,,,,,,,,,,,,,,,,,,,,,,,,,,,,28835730,7377,28828417,false,false,6,2019-04-01,2019-09-30,0
2019-10-30,18500,2019-03-31,2,,,,,,,,,,,,,,,,,,,,,,,,,,,,,,,,,,,28829111,false,false,6,2018-04-01,2018-09-30,-1
2020-01-30,18500,2020-03-31,3,27790000000,-0.146,,,,,1098000000,-0.324,1035000000,-0.354,,821000000,,28.48,,,,,,33872000000,10834000000,0.320,,10834000000,,,,,,,,,,,,true,false,9,2019-04-01,2019-12-31,0
2020-01-30,18500,2019-03-31,3,32559000000,0.112,,,,,1624000000,0.092,1603000000,0.123,,1202000000,,41.71,,,,,,,,,,,,,,,,,,,,,,true,false,9,2018-04-01,2018-12-31,-1
2020-01-30,18500,2020-03-31,3,42800000000,-0.027,,,,,2370000000,-0.095,2290000000,-0.110,,1700000000,,58.97,,,,,,,,,,,,,,,,,,,,,,true,true,12,2019-04-01,2020-03-31,0
2020-01-30,18500,2019-03-31,3,,,,,,,,,,,,,,,,,,,,36840000000,9986000000,0.271,,9986000000,,,,,,,,,,,,true,false,12,2018-04-01,2019-03-31,-1
2020-01-30,18500,2019-03-31,3,,,,,,,,,,,,,,,,,,,,,,,,,,,,,0.00,,,,28835730,7277,,false,false,12,2018-04-01,2019-03-31,-1
2020-01-30,18500,2020-03-31,3,,,,,,,,,,,,,,,,,,,,,,,,,,,,,0.00,,,,,,,false,true,12,2019-04-01,2020-03-31,0
2020-01-30,18500,2020-03-31,3,,,,,,,,,,,,,,,,,,,,,,,,,,,,,,,,,28835730,7427,28828388,false,false,9,2019-04-01,2019-12-31,0
2020-01-30,18500,2019-03-31,3,,,,,,,,,,,,,,,,,,,,,,,,,,,,,,,,,,,28829009,false,false,9,2018-04-01,2018-12-31,-1
2020-03-27,18500,2020-03-31,,39700000000,-0.072,,,,,2080000000,-0.122,2010000000,-0.122,,440000000,,15.26,,,,,,,,,,,,,,,,,,,,,,true,true,12,2019-04-01,2020-03-31,0
2020-03-27,18500,2019-03-31,,43968000000,,,,,,2618000000,,2573000000,,,-1250000000,,-43.38,,,,,,,,,,,,,,,,,,,,,,true,false,12,2018-04-01,2019-03-31,-1
2020-03-27,18500,2020-03-31,,38200000000,-0.075,,,,,1960000000,-0.148,1890000000,-0.149,350000000,,-0.788,12.14,,,,,,,,,,,,,,,,,,,,,,false,true,12,2019-04-01,2020-03-31,0
2020-03-27,18500,2019-03-31,,42118000000,,,,,,2473000000,,2586000000,,-1195000000,,,-41.48,,,,,,,,,,,,,,,,,,,,,,false,false,12,2018-04-01,2019-03-31,-1
2020-04-28,18500,2020-03-31,,40155000000,-0.087,,,,,2263000000,-0.135,2188000000,-0.150,,493000000,,17.13,,0.048,0.062,0.056,,33306000000,10425000000,0.313,361.66,10425000000,-2094000000,1546000000,-1016000000,3661000000,,,,,,,,true,false,12,2019-04-01,2020-03-31,0
2020-04-28,18500,2019-03-31,,43968000000,0.084,,,,,2618000000,0.144,2573000000,0.170,,-1250000000,,-43.38,,-0.117,0.071,0.060,,36840000000,9986000000,0.271,346.42,9986000000,-1240000000,465000000,-1019000000,5225000000,,,,,,,,true,false,12,2018-04-01,2019-03-31,-1
2020-04-28,18500,2020-03-31,,38613000000,-0.083,,,,,2129000000,-0.139,2061000000,-0.203,396000000,,,13.75,,,,,,32297000000,9871000000,0.306,342.43,9871000000,,,,,0.00,,,,28835730,7552,28828340,false,false,12,2019-04-01,2020-03-31,0
2020-04-28,18500,2019-03-31,,42118000000,0.093,,,,,2473000000,0.100,2586000000,0.201,-1195000000,,,-41.48,,,,,,36103000000,9467000000,0.262,328.41,9467000000,,,,,0.00,,,,28835730,7277,28828881,false,false,12,2018-04-01,2019-03-31,-1
2020-07-30,18500,2021-03-31,1,9114000000,0.191,,,,,104000000,-0.536,100000000,-0.456,,88000000,,3.06,,,,,,30003000000,10519000000,0.351,,10519000000,,,,,,,,,,,,true,false,3,2020-04-01,2020-06-30,0
2020-07-30,18500,2020-03-31,1,7650000000,-0.295,,,,,225000000,-0.610,184000000,-0.676,,140000000,,4.86,,,,,,,,,,,,,,,,,,,,,,true,false,3,2019-04-01,2019-06-30,-1
2020-07-30,18500,2021-03-31,1,22000000000,0.250,,,,,330000000,-0.436,320000000,-0.401,,200000000,,6.94,,,,,,,,,,,,,,,,,,,,,,true,true,6,2020-04-01,2020-09-30,0
2020-07-30,18500,2020-03-31,1,,,,,,,,,,,,,,,,,,,,33306000000,10425000000,0.313,,10425000000,,,,,,,,,,,,true,false,12,2019-04-01,2020-03-31,-1
2020-07-30,18500,2020-03-31,1,,,,,,,,,,,,,,,,,,,,,,,,,,,,,0.00,,,,28835730,7552,,false,false,12,2019-04-01,2020-03-31,-1
2020-07-30,18500,2021-03-31,1,,,,,,,,,,,,,,,,,,,,,,,,,,,,,,,,,28835730,7623,28828125,false,false,3,2020-04-01,2020-06-30,0
2020-07-30,18500,2020-03-31,1,,,,,,,,,,,,,,,,,,,,,,,,,,,,,,,,,,,28828453,false,false,3,2019-04-01,2019-06-30,-1
2020-07-30,18500,2021-03-31,,22000000000,,,,,,330000000,,320000000,,,200000000,,6.94,,,,,,,,,,,,,,,,,,,,,,true,true,6,2020-04-01,2020-09-30,0
2020-07-30,18500,2020-03-31,,17600000000,,,,,,584000000,,533000000,,,387000000,,13.43,,,,,,,,,,,,,,,,,,,,,,true,false,6,2019-04-01,2019-09-30,-1
2020-10-28,18500,2021-03-31,,20100000000,-0.086,,,,,430000000,0.303,420000000,0.313,,190000000,,6.59,,,,,,,,,,,,,,,,,,,,,,true,true,6,2020-04-01,2020-09-30,0
2020-10-28,18500,2020-03-31,,17600000000,,,,,,584000000,,533000000,,,387000000,,13.43,,,,,,,,,,,,,,,,,,,,,,true,false,6,2019-04-01,2019-09-30,-1
2020-10-29,18500,2021-03-31,2,20174000000,0.146,,,,,425000000,-0.273,422000000,-0.208,,193000000,,6.72,,,,,,32279000000,10623000000,0.329,,10623000000,,,,,,,,,,,,true,false,6,2020-04-01,2020-09-30,0
2020-10-29,18500,2020-03-31,2,17600000000,-0.160,,,,,584000000,-0.470,533000000,-0.513,,387000000,,13.43,,,,,,,,,,,,,,,,,,,,,,true,false,6,2019-04-01,2019-09-30,-1
2020-10-29,18500,2021-03-31,2,46000000000,0.146,,,,,1670000000,-0.262,1640000000,-0.251,,1200000000,,41.63,,,,,,,,,,,,,,,,,,,,,,true,true,12,2020-04-01,2021-03-31,0
2020-10-29,18500,2020-03-31,2,,,,,,,,,,,,,,,,,,,,33306000000,10425000000,0.313,,10425000000,,,,,,,,,,,,true,false,12,2019-04-01,2020-03-31,-1
2020-10-29,18500,2020-03-31,2,,,,,,,,,,,,,,,,,,,,,,,,,,,,,0.00,,,,28835730,7552,,false,false,12,2019-04-01,2020-03-31,-1
2020-10-29,18500,2021-03-31,2,,,,,,,,,,,,,,,,,,,,,,,,,,,,,,,,,28835730,7634,28828112,false,false,6,2020-04-01,2020-09-30,0
2020-10-29,18500,2020-03-31,2,,,,,,,,,,,,,,,,,,,,,,,,,,,,,,,,,,,28828417,false,false,6,2019-04-01,2019-09-30,-1
2020-10-29,18500,2021-03-31,,46000000000,,,,,,1670000000,,1640000000,,,1200000000,,41.63,,,,,,,,,,,,,,,,,,,,,,true,true,12,2020-04-01,2021-03-31,0
2020-10-29,18500,2020-03-31,,40155000000,,,,,,2263000000,,2188000000,,,493000000,,17.13,,,,,,,,,,,,,,,,,,,,,,true,false,12,2019-04-01,2020-03-31,-1
2020-10-29,18500,2021-03-31,,45000000000,,,,,,1700000000,,1660000000,,1230000000,,,42.67,,,,,,,,,,,,,,,,,,,,,,false,true,12,2020-04-01,2021-03-31,0
2020-10-29,18500,2020-03-31,,38613000000,,,,,,2129000000,,2061000000,,396000000,,,13.75,,,,,,,,,,,,,,,,,,,,,,false,false,12,2019-04-01,2020-03-31,-1
2021-01-28,18500,2021-03-31,3,32399000000,0.166,,,,,837000000,-0.237,830000000,-0.198,,511000000,,17.75,,,,,,35392000000,10941000000,0.309,,10941000000,,,,,,,,,,,,true,false,9,2020-04-01,2020-12-31,0
2021-01-28,18500,2020-03-31,3,27790000000,-0.146,,,,,1098000000,-0.324,1035000000,-0.354,,821000000,,28.48,,,,,,,,,,,,,,,,,,,,,,true,false,9,2019-04-01,2019-12-31,-1
2021-01-28,18500,2021-03-31,3,46000000000,0.146,,,,,1670000000,-0.262,1640000000,-0.251,,1200000000,,41.63,,,,,,,,,,,,,,,,,,,,,,true,true,12,2020-04-01,2021-03-31,0
2021-01-28,18500,2020-03-31,3,,,,,,,,,,,,,,,,,,,,33306000000,10425000000,0.313,,10425000000,,,,,,,,,,,,true,false,12,2019-04-01,2020-03-31,-1
2021-01-28,18500,2020-03-31,3,,,,,,,,,,,,,,,,,,,,,,,,,,,,,0.00,,,,28835730,7552,,false,false,12,2019-04-01,2020-03-31,-1
2021-01-28,18500,2021-03-31,3,,,,,,,,,,,,,,,,,,,,,,,,,,,,,,,,,28835730,7634,28828108,false,false,9,2020-04-01,2020-12-31,0
2021-01-28,18500,2020-03-31,3,,,,,,,,,,,,,,,,,,,,,,,,,,,,,,,,,,,28828388,false,false,9,2019-04-01,2019-12-31,-1
2021-03-26,18500,2021-03-31,,44600000000,-0.030,,,,,1570000000,-0.060,1550000000,-0.055,,580000000,,20.12,,,,,,,,,,,,,,,,,,,,,,true,true,12,2020-04-01,2021-03-31,0
2021-03-26,18500,2020-03-31,,40155000000,,,,,,2263000000,,2188000000,,,493000000,,17.13,,,,,,,,,,,,,,,,,,,,,,true,false,12,2019-04-01,2020-03-31,-1
2021-03-26,18500,2021-03-31,,43600000000,-0.031,,,,,1530000000,-0.100,1510000000,-0.090,540000000,,-0.561,18.73,,,,,,,,,,,,,,,0.00,,,,,,,false,true,12,2020-04-01,2021-03-31,0
2021-03-26,18500,2020-03-31,,38613000000,,,,,,2129000000,,2061000000,,396000000,,,13.75,,,,,,,,,,,,,,,0.00,,,,,,,false,false,12,2019-04-01,2020-03-31,-1
2021-04-28,18500,2021-03-31,,44819000000,0.116,,,,,1710000000,-0.245,1690000000,-0.227,,693000000,,24.05,,0.064,0.049,0.038,,35999000000,11346000000,0.315,393.59,11346000000,2281000000,-26000000,-1511000000,4404000000,,,,,,,,true,false,12,2020-04-01,2021-03-31,0
2021-04-28,18500,2020-03-31,,40155000000,-0.087,,,,,2263000000,-0.135,2188000000,-0.150,,493000000,,17.13,,0.048,0.062,0.056,,33306000000,10425000000,0.313,361.66,10425000000,-2094000000,1546000000,-1016000000,3661000000,,,,,,,,true,false,12,2019-04-01,2020-03-31,-1
2021-04-28,18500,2022-03-31,,20400000000,0.011,,,,,570000000,0.341,540000000,0.277,,590000000,,20.47,,,,,,,,,,,,,,,,,,,,,,true,true,6,2021-04-01,2021-09-30,1
2021-04-28,18500,2022-03-31,,45400000000,0.013,,,,,1920000000,0.123,1870000000,0.106,,1600000000,,55.50,,,,,,,,,,,,,,,,,,,,,,true,true,12,2021-04-01,2022-03-31,1
2021-04-28,18500,2021-03-31,,43801000000,0.134,,,,,1668000000,-0.217,1645000000,-0.202,660000000,,0.667,22.92,,,,,,35145000000,10552000000,0.300,366.07,10552000000,,,,,0.00,,,,28835730,7709,28828099,false,false,12,2020-04-01,2021-03-31,0
2021-04-28,18500,2020-03-31,,38613000000,-0.083,,,,,2129000000,-0.139,2061000000,-0.203,396000000,,,13.75,,,,,,32297000000,9871000000,0.306,342.43,9871000000,,,,,0.00,,,,28835730,7552,28828340,false,false,12,2019-04-01,2020-03-31,-1
2021-04-28,18500,2022-03-31,,44300000000,0.011,,,,,1890000000,0.133,1840000000,0.118,1580000000,,1.391,54.81,,,,,,,,,,,,,,,,,,,,,,false,true,12,2021-04-01,2022-03-31,1
2021-07-29,18500,2022-03-31,1,8200000000,-0.100,,,,,274000000,1.628,262000000,1.613,,214000000,,7.43,,,,,,30896000000,11543000000,0.374,,11543000000,,,,,,,,,,,,true,false,3,2021-04-01,2021-06-30,0
2021-07-29,18500,2021-03-31,1,9114000000,0.191,,,,,104000000,-0.536,100000000,-0.456,,88000000,,3.06,,,,,,,,,,,,,,,,,,,,,,true,false,3,2020-04-01,2020-06-30,-1
2021-07-29,18500,2022-03-31,1,20400000000,0.011,,,,,570000000,0.341,540000000,0.277,,590000000,,20.47,,,,,,,,,,,,,,,,,,,,,,true,true,6,2021-04-01,2021-09-30,0
2021-07-29,18500,2022-03-31,1,45400000000,0.013,,,,,1920000000,0.123,1870000000,0.106,,1600000000,,55.50,,,,,,,,,,,,,,,,,,,,,,true,true,12,2021-04-01,2022-03-31,0
2021-07-29,18500,2021-03-31,1,,,,,,,,,,,,,,,,,,,,35999000000,11346000000,0.315,,11346000000,,,,,,,,,,,,true,false,12,2020-04-01,2021-03-31,-1
2021-07-29,18500,2021-03-31,1,,,,,,,,,,,,,,,,,,,,,,,,,,,,,0.00,,,,28835730,7709,,false,false,12,2020-04-01,2021-03-31,-1
2021-07-29,18500,2022-03-31,1,,,,,,,,,,,,,,,,,,,,,,,,,,,,,,,,,28835730,7709,28828021,false,false,3,2021-04-01,2021-06-30,0
2021-07-29,18500,2021-03-31,1,,,,,,,,,,,,,,,,,,,,,,,,,,,,,,,,,,,28828125,false,false,3,2020-04-01,2020-06-30,-1
2021-09-27,18500,2022-03-31,,17700000000,-0.132,,,,,580000000,0.018,550000000,0.019,,470000000,,16.30,,,,,,,,,,,,,,,,,,,,,,true,true,6,2021-04-01,2021-09-30,0
2021-09-27,18500,2021-03-31,,20174000000,,,,,,425000000,,422000000,,,193000000,,6.72,,,,,,,,,,,,,,,,,,,,,,true,false,6,2020-04-01,2020-09-30,-1
2021-10-28,18500,2022-03-31,2,17674000000,-0.124,,,,,674000000,0.587,647000000,0.532,,530000000,,18.40,,,,,,30682000000,11861000000,0.387,,11861000000,,,,,,,,,,,,true,false,6,2021-04-01,2021-09-30,0
2021-10-28,18500,2021-03-31,2,20174000000,0.146,,,,,425000000,-0.273,422000000,-0.208,,193000000,,6.72,,,,,,,,,,,,,,,,,,,,,,true,false,6,2020-04-01,2020-09-30,-1
2021-10-28,18500,2022-03-31,2,41500000000,-0.074,,,,,1500000000,-0.123,1470000000,-0.130,,1250000000,,43.36,,,,,,,,,,,,,,,,,,,,,,true,true,12,2021-04-01,2022-03-31,0
2021-10-28,18500,2021-03-31,2,,,,,,,,,,,,,,,,,,,,35999000000,11346000000,0.315,,11346000000,,,,,,,,,,,,true,false,12,2020-04-01,2021-03-31,-1
2021-10-28,18500,2021-03-31,2,,,,,,,,,,,,,,,,,,,,,,,,,,,,,0.00,,,,28835730,7709,,false,false,12,2020-04-01,2021-03-31,-1
2021-10-28,18500,2022-03-31,2,,,,,,,,,,,,,,,,,,,,,,,,,,,,,,,,,28835730,7804,28827980,false,false,6,2021-04-01,2021-09-30,0
2021-10-28,18500,2021-03-31,2,,,,,,,,,,,,,,,,,,,,,,,,,,,,,,,,,,,28828112,false,false,6,2020-04-01,2020-09-30,-1
2022-01-28,18500,2022-03-31,3,27178000000,-0.161,,,,,1177000000,0.406,1147000000,0.383,,962000000,,33.38,,,,,,32556000000,12285000000,0.377,,12285000000,,,,,,,,,,,,true,false,9,2021-04-01,2021-12-31,0
2022-01-28,18500,2021-03-31,3,32399000000,0.166,,,,,837000000,-0.237,830000000,-0.198,,511000000,,17.75,,,,,,,,,,,,,,,,,,,,,,true,false,9,2020-04-01,2020-12-31,-1
2022-01-28,18500,2022-03-31,3,41500000000,-0.074,,,,,1500000000,-0.123,1470000000,-0.130,,1250000000,,43.36,,,,,,,,,,,,,,,,,,,,,,true,true,12,2021-04-01,2022-03-31,0
2022-01-28,18500,2021-03-31,3,,,,,,,,,,,,,,,,,,,,35999000000,11346000000,0.315,,11346000000,,,,,,,,,,,,true,false,12,2020-04-01,2021-03-31,-1
2022-01-28,18500,2021-03-31,3,,,,,,,,,,,,,,,,,,,,,,,,,,,,,0.00,,,,28835730,7709,,false,false,12,2020-04-01,2021-03-31,-1
2022-01-28,18500,2022-03-31,3,,,,,,,,,,,,,,,,,,,,,,,,,,,,,,,,,28835730,7854,28827949,false,false,9,2021-04-01,2021-12-31,0
2022-01-28,18500,2021-03-31,3,,,,,,,,,,,,,,,,,,,,,,,,,,,,,,,,,,,28828108,false,false,9,2020-04-01,2020-12-31,-1
2022-04-27,18500,2022-03-31,,37189000000,-0.170,,,,,1931000000,0.129,1869000000,0.106,,1310000000,,45.46,,0.109,0.055,0.052,,32445000000,12670000000,0.391,439.53,12670000000,1600000000,-33000000,-551000000,5419000000,,0.066,,,,,,true,false,12,2021-04-01,2022-03-31,0
2022-04-27,18500,2021-03-31,,44819000000,0.116,,,,,1710000000,-0.245,1690000000,-0.227,,693000000,,24.05,,0.064,0.049,0.038,,35999000000,11346000000,0.315,393.59,11346000000,2281000000,-26000000,-1511000000,4404000000,,,,,,,,true,false,12,2020-04-01,2021-03-31,-1
2022-04-27,18500,2023-03-31,,20400000000,0.154,,,,,480000000,-0.288,470000000,-0.274,,450000000,,15.61,,,,,,,,,,,,,,,,,,,,,,true,true,6,2022-04-01,2022-09-30,1
2022-04-27,18500,2023-03-31,,46800000000,0.258,,,,,2130000000,0.103,2080000000,0.113,,1730000000,,60.01,,,,,,,,,,,,,,,,0.050,,,,,,true,true,12,2022-04-01,2023-03-31,1
2022-04-27,18500,2022-03-31,,36406000000,-0.169,,,,,1921000000,0.152,1858000000,0.129,1304000000,,0.974,45.24,,,,,,31517000000,11852000000,0.376,411.16,11852000000,,,,,3.00,,,,28835730,7923,28827922,false,false,12,2021-04-01,2022-03-31,0
2022-04-27,18500,2021-03-31,,43801000000,0.134,,,,,1668000000,-0.217,1645000000,-0.202,660000000,,0.667,22.92,,,,,,35145000000,10552000000,0.300,366.07,10552000000,,,,,0.00,,,,28835730,7709,28828099,false,false,12,2020-04-01,2021-03-31,-1
2022-04-27,18500,2023-03-31,,45300000000,0.244,,,,,2080000000,0.083,2030000000,0.092,1690000000,,0.296,58.62,,,,,,,,,,,,,,,3.00,,,,,,,false,true,12,2022-04-01,2023-03-31,1
2022-07-29,18500,2023-03-31,1,7987000000,-0.026,,,,,-24000000,,-23000000,,,116000000,,4.03,,,,,,29270000000,12694000000,0.434,,12694000000,,,,,,,,,,,,true,false,3,2022-04-01,2022-06-30,0
2022-07-29,18500,2022-03-31,1,8200000000,-0.100,,,,,274000000,1.628,262000000,1.613,,214000000,,7.43,,,,,,,,,,,,,,,,,,,,,,true,false,3,2021-04-01,2021-06-30,-1
2022-07-29,18500,2023-03-31,1,20000000000,0.132,,,,,600000000,-0.110,600000000,-0.074,,570000000,,19.77,,,,,,,,,,,,,,,,,,,,,,true,true,6,2022-04-01,2022-09-30,0
2022-07-29,18500,2023-03-31,1,46800000000,0.258,,,,,2130000000,0.103,2080000000,0.113,,1730000000,,60.01,,,,,,,,,,,,,,,,,,,,,,true,true,12,2022-04-01,2023-03-31,0
2022-07-29,18500,2022-03-31,1,,,,,,,,,,,,,,,,,,,,32445000000,12670000000,0.391,,12670000000,,,,,,,,,,,,true,false,12,2021-04-01,2022-03-31,-1
2022-07-29,18500,2022-03-31,1,,,,,,,,,,,,,,,,,,,,,,,,,,,,,3.00,,,,28835730,7923,,false,false,12,2021-04-01,2022-03-31,-1
2022-07-29,18500,2023-03-31,1,,,,,,,,,,,,,,,,,,,,,,,,,,,,,3.00,,,,,,,false,true,12,2022-04-01,2023-03-31,0
2022-07-29,18500,2023-03-31,1,,,,,,,,,,,,,,,,,,,,,,,,,,,,,,,,,28835730,7923,28827807,false,false,3,2022-04-01,2022-06-30,0
2022-07-29,18500,2022-03-31,1,,,,,,,,,,,,,,,,,,,,,,,,,,,,,,,,,,,28828021,false,false,3,2021-04-01,2021-06-30,-1
2022-09-29,18500,2023-03-31,,19400000000,-0.030,,,,,930000000,0.550,930000000,0.550,,790000000,,27.40,,,,,,,,,,,,,,,,,,,,,,true,true,6,2022-04-01,2022-09-30,0
2022-09-29,18500,2022-03-31,,17674000000,,,,,,674000000,,647000000,,,530000000,,18.40,,,,,,,,,,,,,,,,,,,,,,true,false,6,2021-04-01,2021-09-30,-1
2022-10-28,18500,2023-03-31,2,19167000000,0.084,,,,,1028000000,0.526,1027000000,0.587,,817000000,,28.37,,,,,,29244000000,13388000000,0.458,,13388000000,,,,,,,,,,,,true,false,6,2022-04-01,2022-09-30,0
2022-10-28,18500,2022-03-31,2,17674000000,-0.124,,,,,674000000,0.587,647000000,0.532,,530000000,,18.40,,,,,,,,,,,,,,,,,,,,,,true,false,6,2021-04-01,2021-09-30,-1
2022-10-28,18500,2023-03-31,2,46800000000,0.258,,,,,2130000000,0.103,2080000000,0.113,,1730000000,,60.01,,,,,,,,,,,,,,,,,,,,,,true,true,12,2022-04-01,2023-03-31,0
2022-10-28,18500,2022-03-31,2,,,,,,,,,,,,,,,,,,,,32445000000,12670000000,0.391,,12670000000,,,,,,,,,,,,true,false,12,2021-04-01,2022-03-31,-1
2022-10-28,18500,2022-03-31,2,,,,,,,,,,,,,,,,,,,,,,,,,,,,,3.00,,,,28835730,7923,,false,false,12,2021-04-01,2022-03-31,-1
2022-10-28,18500,2023-03-31,2,,,,,,,,,,,,,,,,,,,,,,,,,,,,,3.00,,,,,,,false,true,12,2022-04-01,2023-03-31,0
2022-10-28,18500,2023-03-31,2,,,,,,,,,,,,,,,,,,,,,,,,,,,,,,,,,28835730,8023,28827793,false,false,6,2022-04-01,2022-09-30,0
2022-10-28,18500,2022-03-31,2,,,,,,,,,,,,,,,,,,,,,,,,,,,,,,,,,,,28827980,false,false,6,2021-04-01,2021-09-30,-1
2023-01-30,18500,2023-03-31,3,30502000000,0.122,,,,,1290000000,0.096,1277000000,0.113,,1429000000,,49.60,,,,,,33636000000,14011000000,0.417,,14011000000,,,,,,,,,,,,true,false,9,2022-04-01,2022-12-31,0
2023-01-30,18500,2022-03-31,3,27178000000,-0.161,,,,,1177000000,0.406,1147000000,0.383,,962000000,,33.38,,,,,,,,,,,,,,,,,,,,,,true,false,9,2021-04-01,2021-12-31,-1
2023-01-30,18500,2023-03-31,3,46800000000,0.258,,,,,2130000000,0.103,2080000000,0.113,,1730000000,,60.01,,,,,,,,,,,,,,,,,,,,,,true,true,12,2022-04-01,2023-03-31,0
2023-01-30,18500,2022-03-31,3,,,,,,,,,,,,,,,,,,,,32445000000,12670000000,0.391,,12670000000,,,,,,,,,,,,true,false,12,2021-04-01,2022-03-31,-1
2023-01-30,18500,2022-03-31,3,,,,,,,,,,,,,,,,,,,,,,,,,,,,,3.00,,,,28835730,7923,,false,false,12,2021-04-01,2022-03-31,-1
2023-01-30,18500,2023-03-31,3,,,,,,,,,,,,,,,,,,,,,,,,,,,,,3.00,,,,,,,false,true,12,2022-04-01,2023-03-31,0
2023-01-30,18500,2023-03-31,3,,,,,,,,,,,,,,,,,,,,,,,,,,,,,,,,,28835730,8040,28827765,false,false,9,2022-04-01,2022-12-31,0
2023-01-30,18500,2022-03-31,3,,,,,,,,,,,,,,,,,,,,,,,,,,,,,,,,,,,28827949,false,false,9,2021-04-01,2021-12-31,-1
2023-04-27,18500,2023-03-31,,42401000000,0.140,,,,,1844000000,-0.045,1824000000,-0.024,,1896000000,,65.80,,0.140,0.054,0.044,,34856000000,14453000000,0.415,501.37,14453000000,1824000000,711000000,-125000000,7829000000,,0.046,,,,,,true,false,12,2022-04-01,2023-03-31,0
2023-04-27,18500,2022-03-31,,37189000000,-0.170,,,,,1931000000,0.129,1869000000,0.106,,1310000000,,45.46,,0.109,0.055,0.052,,32445000000,12670000000,0.391,439.53,12670000000,1600000000,-33000000,-551000000,5419000000,,0.066,,,,,,true,false,12,2021-04-01,2022-03-31,-1
2023-04-27,18500,2024-03-31,,21500000000,0.122,,,,,470000000,-0.543,440000000,-0.572,,330000000,,11.45,,,,,,,,,,,,,,,,,,,,,,true,true,6,2023-04-01,2023-09-30,1
2023-04-27,18500,2024-03-31,,47500000000,0.120,,,,,2290000000,0.241,2240000000,0.227,,1550000000,,53.77,,,,,,,,,,,,,,,,0.056,,,,,,true,true,12,2023-04-01,2024-03-31,1
2023-04-27,18500,2023-03-31,,40996000000,0.126,,,,,1767000000,-0.080,1745000000,-0.061,1839000000,,0.411,63.82,,,,,,33928000000,13621000000,0.401,472.51,13621000000,,,,,3.00,,,,28835730,8040,28827748,false,false,12,2022-04-01,2023-03-31,0
2023-04-27,18500,2022-03-31,,36406000000,-0.169,,,,,1921000000,0.152,1858000000,0.129,1304000000,,0.974,45.24,,,,,,31517000000,11852000000,0.376,411.16,11852000000,,,,,3.00,,,,28835730,7923,28827922,false,false,12,2021-04-01,2022-03-31,-1
2023-04-27,18500,2024-03-31,,46300000000,0.129,,,,,2230000000,0.262,2180000000,0.249,1510000000,,-0.179,52.38,,,,,,,,,,,,,,,3.00,,,,,,,false,true,12,2023-04-01,2024-03-31,1
2023-07-31,18500,2024-03-31,1,10473000000,0.311,,,,,79000000,,37000000,,,33000000,,1.16,,,,,,30423000000,14404000000,0.473,,14404000000,,,,,,,,,,,,true,false,3,2023-04-01,2023-06-30,0
2023-07-31,18500,2023-03-31,1,7987000000,-0.026,,,,,-24000000,,-23000000,,,116000000,,4.03,,,,,,,,,,,,,,,,,,,,,,true,false,3,2022-04-01,2022-06-30,-1
2023-07-31,18500,2024-03-31,1,21500000000,0.122,,,,,470000000,-0.543,440000000,-0.572,,330000000,,11.45,,,,,,,,,,,,,,,,,,,,,,true,true,6,2023-04-01,2023-09-30,0
2023-07-31,18500,2024-03-31,1,47500000000,0.120,,,,,2290000000,0.241,2240000000,0.227,,1550000000,,53.77,,,,,,,,,,,,,,,,,,,,,,true,true,12,2023-04-01,2024-03-31,0
2023-07-31,18500,2023-03-31,1,,,,,,,,,,,,,,,,,,,,34856000000,14453000000,0.415,,14453000000,,,,,,,,,,,,true,false,12,2022-04-01,2023-03-31,-1
2023-07-31,18500,2023-03-31,1,,,,,,,,,,,,,,,,,,,,,,,,,,,,,3.00,,,,28835730,8040,,false,false,12,2022-04-01,2023-03-31,-1
2023-07-31,18500,2024-03-31,1,,,,,,,,,,,,,,,,,,,,,,,,,,,,,3.00,,,,,,,false,true,12,2023-04-01,2024-03-31,0
2023-07-31,18500,2024-03-31,1,,,,,,,,,,,,,,,,,,,,,,,,,,,,,,,,,28835730,8040,28827690,false,false,3,2023-04-01,2023-06-30,0
2023-07-31,18500,2023-03-31,1,,,,,,,,,,,,,,,,,,,,,,,,,,,,,,,,,,,28827807,false,false,3,2022-04-01,2022-06-30,-1
2023-09-29,18500,2024-03-31,,21500000000,,,,,,190000000,-0.596,140000000,-0.682,,90000000,,3.12,,,,,,,,,,,,,,,,,,,,,,true,true,6,2023-04-01,2023-09-30,0
2023-09-29,18500,2023-03-31,,19167000000,,,,,,1028000000,,1027000000,,,817000000,,28.37,,,,,,,,,,,,,,,,,,,,,,true,false,6,2022-04-01,2022-09-30,-1
2023-10-30,18500,2024-03-31,2,21911000000,0.143,,,,,189000000,-0.816,137000000,-0.866,,88000000,,3.09,,,,,,30761000000,14468000000,0.470,,14468000000,,,,,,,,,,,,true,false,6,2023-04-01,2023-09-30,0
2023-10-30,18500,2023-03-31,2,19167000000,0.084,,,,,1028000000,0.526,1027000000,0.587,,817000000,,28.37,,,,,,,,,,,,,,,,,,,,,,true,false,6,2022-04-01,2022-09-30,-1
2023-10-30,18500,2024-03-31,2,44500000000,0.049,,,,,1760000000,-0.046,1710000000,-0.063,,1170000000,,40.59,,,,,,,,,,,,,,,,,,,,,,true,true,12,2023-04-01,2024-03-31,0
2023-10-30,18500,2023-03-31,2,,,,,,,,,,,,,,,,,,,,34856000000,14453000000,0.415,,14453000000,,,,,,,,,,,,true,false,12,2022-04-01,2023-03-31,-1
2023-10-30,18500,2023-03-31,2,,,,,,,,,,,,,,,,,,,,,,,,,,,,,3.00,,,,28835730,8040,,false,false,12,2022-04-01,2023-03-31,-1
2023-10-30,18500,2024-03-31,2,,,,,,,,,,,,,,,,,,,,,,,,,,,,,3.00,,,,,,,false,true,12,2023-04-01,2024-03-31,0
2023-10-30,18500,2024-03-31,2,,,,,,,,,,,,,,,,,,,,,,,,,,,,,,,,,28835730,8045,28827688,false,false,6,2023-04-01,2023-09-30,0
2023-10-30,18500,2023-03-31,2,,,,,,,,,,,,,,,,,,,,,,,,,,,,,,,,,,,28827793,false,false,6,2022-04-01,2022-09-30,-1
2024-01-30,18500,2024-03-31,3,32272000000,0.058,,,,,823000000,-0.362,772000000,-0.395,,519000000,,18.03,,,,,,28769000000,14891000000,0.518,,14891000000,,,,,,,,,,,,true,false,9,2023-04-01,2023-12-31,0
2024-01-30,18500,2023-03-31,3,30502000000,0.122,,,,,1290000000,0.096,1277000000,0.113,,1429000000,,49.60,,,,,,,,,,,,,,,,,,,,,,true,false,9,2022-04-01,2022-12-31,-1
2024-01-30,18500,2024-03-31,3,44500000000,0.049,,,,,1760000000,-0.046,1710000000,-0.063,,1170000000,,40.59,,,,,,,,,,,,,,,,,,,,,,true,true,12,2023-04-01,2024-03-31,0
2024-01-30,18500,2023-03-31,3,,,,,,,,,,,,,,,,,,,,34856000000,14453000000,0.415,,14453000000,,,,,,,,,,,,true,false,12,2022-04-01,2023-03-31,-1
2024-01-30,18500,2023-03-31,3,,,,,,,,,,,,,,,,,,,,,,,,,,,,,3.00,,,,28835730,8040,,false,false,12,2022-04-01,2023-03-31,-1
2024-01-30,18500,2024-03-31,3,,,,,,,,,,,,,,,,,,,,,,,,,,,,,3.00,,,,,,,false,true,12,2023-04-01,2024-03-31,0
2024-01-30,18500,2024-03-31,3,,,,,,,,,,,,,,,,,,,,,,,,,,,,,,,,,28835730,8046,28827687,false,false,9,2023-04-01,2023-12-31,0
2024-01-30,18500,2023-03-31,3,,,,,,,,,,,,,,,,,,,,,,,,,,,,,,,,,,,28827765,false,false,9,2022-04-01,2022-12-31,-1
2024-04-26,18500,2024-03-31,,43626000000,0.029,,,,,1686000000,-0.086,1625000000,-0.109,,1100000000,,38.17,,0.073,0.050,0.039,,30335000000,15773000000,0.520,547.18,15773000000,1522000000,-507000000,-2574000000,6269000000,,0.105,,,,,,true,false,12,2023-04-01,2024-03-31,0
2024-04-26,18500,2023-03-31,,42401000000,0.140,,,,,1844000000,-0.045,1824000000,-0.024,,1896000000,,65.80,,0.140,0.054,0.044,,34856000000,14453000000,0.415,501.37,14453000000,1824000000,711000000,-125000000,7829000000,,0.046,,,,,,true,false,12,2022-04-01,2023-03-31,-1
2024-04-26,18500,2025-03-31,,22700000000,0.036,,,,,450000000,1.380,420000000,2.050,,280000000,,9.71,,,,,,,,,,,,,,,,,,,,,,true,true,6,2024-04-01,2024-09-30,1
2024-04-26,18500,2025-03-31,,51100000000,0.171,,,,,2100000000,0.245,2050000000,0.261,,1420000000,,49.26,,,,,,,,,,,,,,,,0.081,,,,,,true,true,12,2024-04-01,2025-03-31,1
2024-04-26,18500,2024-03-31,,42773000000,0.043,,,,,1648000000,-0.067,1581000000,-0.094,1093000000,,-0.405,36.07,,,,,,29034000000,14683000000,0.506,509.37,14683000000,,,,,4.00,,,,28835730,8046,28827686,false,false,12,2023-04-01,2024-03-31,0
2024-04-26,18500,2023-03-31,,40996000000,0.126,,,,,1767000000,-0.080,1745000000,-0.061,1839000000,,0.411,63.82,,,,,,33928000000,13621000000,0.401,472.51,13621000000,,,,,3.00,,,,28835730,8040,28827748,false,false,12,2022-04-01,2023-03-31,-1
2024-04-26,18500,2025-03-31,,50000000000,0.169,,,,,2010000000,0.219,1960000000,0.240,1360000000,,0.243,47.18,,,,,,,,,,,,,,,4.00,,,,,,,false,true,12,2024-04-01,2025-03-31,1
2024-04-26,18500,2024-03-31,,43626000000,0.029,,,,,1686000000,-0.086,1625000000,-0.109,,1100000000,,38.17,,0.073,0.050,0.039,,30335000000,15773000000,0.520,547.18,15773000000,1522000000,-507000000,-2574000000,6269000000,,0.105,,,,,,true,false,12,2023-04-01,2024-03-31,0
2024-04-26,18500,2023-03-31,,42401000000,0.140,,,,,1844000000,-0.045,1824000000,-0.024,,1896000000,,65.80,,0.140,0.054,0.044,,34856000000,14453000000,0.415,501.37,14453000000,1824000000,711000000,-125000000,7829000000,,0.046,,,,,,true,false,12,2022-04-01,2023-03-31,-1
2024-04-26,18500,2025-03-31,,22700000000,0.036,,,,,450000000,1.380,420000000,2.050,,280000000,,9.71,,,,,,,,,,,,,,,,,,,,,,true,true,6,2024-04-01,2024-09-30,1
2024-04-26,18500,2025-03-31,,51100000000,0.171,,,,,2100000000,0.245,2050000000,0.261,,1420000000,,49.26,,,,,,,,,,,,,,,,0.081,,,,,,true,true,12,2024-04-01,2025-03-31,1
2024-04-26,18500,2024-03-31,,42773000000,0.043,,,,,1648000000,-0.067,1581000000,-0.094,1093000000,,-0.405,37.94,,,,,,29034000000,14683000000,0.506,509.37,14683000000,,,,,4.00,,,,28835730,8046,28827686,false,false,12,2023-04-01,2024-03-31,0
2024-04-26,18500,2023-03-31,,40996000000,0.126,,,,,1767000000,-0.080,1745000000,-0.061,1839000000,,0.411,63.82,,,,,,33928000000,13621000000,0.401,472.51,13621000000,,,,,3.00,,,,28835730,8040,28827748,false,false,12,2022-04-01,2023-03-31,-1
2024-04-26,18500,2025-03-31,,50000000000,0.169,,,,,2010000000,0.219,1960000000,0.240,1360000000,,0.243,47.18,,,,,,,,,,,,,,,4.00,,,,,,,false,true,12,2024-04-01,2025-03-31,1
2024-07-30,18500,2025-03-31,1,10545000000,0.007,,,,,342000000,3.287,341000000,8.174,,229000000,,7.97,,,,,,29634000000,15890000000,0.536,,15890000000,,,,,,,,,,,,true,false,3,2024-04-01,2024-06-30,0
2024-07-30,18500,2024-03-31,1,10473000000,0.311,,,,,79000000,,37000000,,,33000000,,1.16,,,,,,,,,,,,,,,,,,,,,,true,false,3,2023-04-01,2023-06-30,-1
2024-07-30,18500,2025-03-31,1,22700000000,0.036,,,,,450000000,1.380,420000000,2.050,,280000000,,9.71,,,,,,,,,,,,,,,,,,,,,,true,true,6,2024-04-01,2024-09-30,0
2024-07-30,18500,2025-03-31,1,51100000000,0.171,,,,,2100000000,0.245,2050000000,0.261,,1420000000,,49.26,,,,,,,,,,,,,,,,,,,,,,true,true,12,2024-04-01,2025-03-31,0
2024-07-30,18500,2024-03-31,1,,,,,,,,,,,,,,,,,,,,30335000000,15773000000,0.520,,15773000000,,,,,,,,,,,,true,false,12,2023-04-01,2024-03-31,-1
2024-07-30,18500,2024-03-31,1,,,,,,,,,,,,,,,,,,,,,,,,,,,,,4.00,,,,28835730,8046,,false,false,12,2023-04-01,2024-03-31,-1
2024-07-30,18500,2025-03-31,1,,,,,,,,,,,,,,,,,,,,,,,,,,,,,4.00,,,,,,,false,true,12,2024-04-01,2025-03-31,0
2024-07-30,18500,2025-03-31,1,,,,,,,,,,,,,,,,,,,,,,,,,,,,,,,,,28835730,8046,28827684,false,false,3,2024-04-01,2024-06-30,0
2024-07-30,18500,2024-03-31,1,,,,,,,,,,,,,,,,,,,,,,,,,,,,,,,,,,,28827690,false,false,3,2023-04-01,2023-06-30,-1
2024-09-27,18500,2025-03-31,,23400000000,0.031,,,,,650000000,0.444,600000000,0.429,,380000000,,13.18,,,,,,,,,,,,,,,,,,,,,,true,true,6,2024-04-01,2024-09-30,0
2024-09-27,18500,2024-03-31,,21911000000,,,,,,189000000,,137000000,,,88000000,,3.09,,,,,,,,,,,,,,,,,,,,,,true,false,6,2023-04-01,2023-09-30,-1
2024-10-29,18500,2025-03-31,2,23011000000,0.050,,,,,657000000,2.476,644000000,3.682,,432000000,,14.99,,,,,,32283000000,16057000000,0.497,,16057000000,,,,,,,,,,,,true,false,6,2024-04-01,2024-09-30,0
2024-10-29,18500,2024-03-31,2,21911000000,0.143,,,,,189000000,-0.816,137000000,-0.866,,88000000,,3.09,,,,,,,,,,,,,,,,,,,,,,true,false,6,2023-04-01,2023-09-30,-1
2024-10-29,18500,2025-03-31,2,51100000000,0.171,,,,,2100000000,0.245,2050000000,0.261,,1420000000,,49.26,,,,,,,,,,,,,,,,,,,,,,true,true,12,2024-04-01,2025-03-31,0
2024-10-29,18500,2024-03-31,2,,,,,,,,,,,,,,,,,,,,30335000000,15773000000,0.520,,15773000000,,,,,,,,,,,,true,false,12,2023-04-01,2024-03-31,-1
2024-10-29,18500,2024-03-31,2,,,,,,,,,,,,,,,,,,,,,,,,,,,,,4.00,,,,28835730,8046,,false,false,12,2023-04-01,2024-03-31,-1
2024-10-29,18500,2025-03-31,2,,,,,,,,,,,,,,,,,,,,,,,,,,,,,4.00,,,,,,,false,true,12,2024-04-01,2025-03-31,0
2024-10-29,18500,2025-03-31,2,,,,,,,,,,,,,,,,,,,,,,,,,,,,,,,,,28835730,8059,28827680,false,false,6,2024-04-01,2024-09-30,0
2024-10-29,18500,2024-03-31,2,,,,,,,,,,,,,,,,,,,,,,,,,,,,,,,,,,,28827688,false,false,6,2023-04-01,2023-09-30,-1
2025-01-29,18500,2025-03-31,3,36481000000,0.130,,,,,1373000000,0.669,1390000000,0.800,,947000000,,32.88,,,,,,35982000000,16602000000,0.461,,16602000000,,,,,,,,,,,,true,false,9,2024-04-01,2024-12-31,0
2025-01-29,18500,2024-03-31,3,32272000000,0.058,,,,,823000000,-0.362,772000000,-0.395,,519000000,,18.03,,,,,,,,,,,,,,,,,,,,,,true,false,9,2023-04-01,2023-12-31,-1
2025-01-29,18500,2025-03-31,3,51100000000,0.171,,,,,2100000000,0.245,2050000000,0.261,,1420000000,,49.26,,,,,,,,,,,,,,,,,,,,,,true,true,12,2024-04-01,2025-03-31,0
2025-01-29,18500,2024-03-31,3,,,,,,,,,,,,,,,,,,,,30335000000,15773000000,0.520,,15773000000,,,,,,,,,,,,true,false,12,2023-04-01,2024-03-31,-1
2025-01-29,18500,2024-03-31,3,,,,,,,,,,,,,,,,,,,,,,,,,,,,,4.00,,,,28835730,8046,,false,false,12,2023-04-01,2024-03-31,-1
2025-01-29,18500,2025-03-31,3,,,,,,,,,,,,,,,,,,,,,,,,,,,,,4.00,,,,,,,false,true,12,2024-04-01,2025-03-31,0
2025-01-29,18500,2025-03-31,3,,,,,,,,,,,,,,,,,,,,,,,,,,,,,,,,,28835730,8131,28827663,false,false,9,2024-04-01,2024-12-31,0
2025-01-29,18500,2024-03-31,3,,,,,,,,,,,,,,,,,,,,,,,,,,,,,,,,,,,28827687,false,false,9,2023-04-01,2023-12-31,-1
2025-03-28,18500,2025-03-31,,53500000000,0.047,,,,,2300000000,0.095,2320000000,0.132,,1640000000,,56.89,,,,,,,,,,,,,,,,,,,,,,true,true,12,2024-04-01,2025-03-31,0
2025-03-28,18500,2024-03-31,,43626000000,,,,,,1686000000,,1625000000,,,1100000000,,38.17,,,,,,,,,,,,,,,,,,,,,,true,false,12,2023-04-01,2024-03-31,-1
2025-03-28,18500,2025-03-31,,52300000000,0.046,,,,,,,2190000000,0.117,1550000000,,0.140,53.77,,,,,,,,,,,,,,,6.00,,,,,,,false,true,12,2024-04-01,2025-03-31,0
2025-03-28,18500,2024-03-31,,42773000000,,,,,,,,1581000000,,1093000000,,,36.07,,,,,,,,,,,,,,,4.00,,,,,,,false,false,12,2023-04-01,2024-03-31,-1
2025-04-28,18500,2025-03-31,,52945000000,0.214,,,,,2381000000,0.412,2388000000,0.469,,1714000000,,59.48,,0.104,0.065,0.045,,42867000000,17290000000,0.403,599.78,17290000000,-6133000000,-137000000,3933000000,3932000000,,0.101,,,,,,true,false,12,2024-04-01,2025-03-31,0
2025-04-28,18500,2024-03-31,,43626000000,0.029,,,,,1686000000,-0.086,1625000000,-0.109,,1100000000,,38.17,,0.073,0.050,0.039,,30335000000,15773000000,0.520,547.18,15773000000,1522000000,-507000000,-2574000000,6269000000,,0.105,,,,,,true,false,12,2023-04-01,2024-03-31,-1
2025-04-28,18500,2026-03-31,,22000000000,-0.044,,,,,750000000,0.141,750000000,0.163,,500000000,,17.34,,,,,,,,,,,,,,,,,,,,,,true,true,6,2025-04-01,2025-09-30,1
2025-04-28,18500,2026-03-31,,48500000000,-0.084,,,,,2230000000,-0.063,2240000000,-0.062,,1520000000,,52.73,,,,,,,,,,,,,,,,0.114,,,,,,true,true,12,2025-04-01,2026-03-31,1
2025-04-28,18500,2025-03-31,,51809000000,0.211,,,,,2256000000,0.369,2284000000,0.445,1636000000,,0.497,56.79,,,,,,41690000000,16241000000,0.390,563.40,16241000000,,,,,6.00,,,,28835730,8131,28827648,false,false,12,2024-04-01,2025-03-31,0
2025-04-28,18500,2024-03-31,,42773000000,0.043,,,,,1648000000,-0.067,1581000000,-0.094,1093000000,,-0.405,36.07,,,,,,29034000000,14683000000,0.506,509.37,14683000000,,,,,4.00,,,,28835730,8046,28827686,false,false,12,2023-04-01,2024-03-31,-1
2025-04-28,18500,2026-03-31,,47200000000,-0.089,,,,,2130000000,-0.056,2140000000,-0.063,1450000000,,-0.114,50.30,,,,,,,,,,,,,,,6.00,,,,,,,false,true,12,2025-04-01,2026-03-31,1
