filing_date,code,fiscal_year_end,quarterly_period,net_sales,net_sales_change,revenue,revenue_change,operating_revenue,operating_revenue_change,operating_profit,operating_profit_change,ordinary_profit,ordinary_profit_change,net_income,net_income_of_parent,net_income_change,eps,diluted_eps,roe,roa,operating_profit_to_net_sales,operating_profit_to_revenue,total_assets,net_assets,equity_ratio,bps,owner_equity,operating_cash_flow,investing_cash_flow,financing_cash_flow,cash,dividend_per_share,payout_ratio,commemorative_dividend,extra_dividend,number_of_shares,number_of_treqsury_shares,avg_number_of_shares,is_consolidated,is_forecast,duration,period_start,period_end,period_pos
2015-07-30,18780,2016-03-31,1,335590000000,0.064,,,,,26983000000,0.077,28109000000,0.080,,18687000000,,237.84,237.67,,,,,660659000000,239476000000,0.367,3085.68,242160000000,,,,,,,,,,,,true,false,3,2015-04-01,2015-06-30,0
2015-07-30,18780,2015-03-31,1,315476000000,0.101,,,,,25060000000,0.138,26021000000,0.140,,16641000000,,208.91,208.80,,,,,,,,,,,,,,,,,,,,,true,false,3,2014-04-01,2014-06-30,-1
2015-07-30,18780,2016-03-31,1,680500000000,0.033,,,,,46100000000,-0.126,47900000000,-0.125,,31100000000,,392.06,,,,,,,,,,,,,,,,,,,,,,true,true,6,2015-04-01,2015-09-30,0
2015-07-30,18780,2016-03-31,1,1431300000000,0.058,,,,,93000000000,0.016,97500000000,0.017,,63300000000,,797.99,,,,,,,,,,,,,,,,,,,,,,true,true,12,2015-04-01,2016-03-31,0
2015-07-30,18780,2015-03-31,1,,,,,,,,,,,,,,,,,,,,701119000000,236794000000,0.343,3060.84,240535000000,,,,,,,,,,,,true,false,12,2014-04-01,2015-03-31,-1
2015-07-30,18780,2015-03-31,1,,,,,,,,,,,,,,,,,,,,,,,,,,,,,375.00,,,,79324379,739754,,false,false,12,2014-04-01,2015-03-31,-1
2015-07-30,18780,2016-03-31,1,,,,,,,,,,,,,,,,,,,,,,,,,,,,,399.00,,,,,,,false,true,12,2015-04-01,2016-03-31,0
2015-07-30,18780,2016-03-31,1,,,,,,,,,,,,,,,,,,,,,,,,,,,,,,,,,79324379,845389,78574422,false,false,3,2015-04-01,2015-06-30,0
2015-07-30,18780,2015-03-31,1,,,,,,,,,,,,,,,,,,,,,,,,,,,,,,,,,,,79659655,false,false,3,2014-04-01,2014-06-30,-1
2015-10-29,18780,2016-03-31,2,697155000000,0.058,,,,,59095000000,0.120,61186000000,0.118,,40322000000,,515.19,514.83,,,,,694925000000,252777000000,0.367,3274.84,255212000000,,,,,,,,,,,,true,false,6,2015-04-01,2015-09-30,0
2015-10-29,18780,2015-03-31,2,658781000000,0.085,,,,,52765000000,0.082,54751000000,0.084,,35175000000,,442.89,442.62,,,,,,,,,,,,,,,,,,,,,true,false,6,2014-04-01,2014-09-30,-1
2015-10-29,18780,2016-03-31,2,1431300000000,0.058,,,,,93000000000,0.016,97500000000,0.017,,63300000000,,797.99,,,,,,,,,,,,,,,,,,,,,,true,true,12,2015-04-01,2016-03-31,0
2015-10-29,18780,2015-03-31,2,,,,,,,,,,,,,,,,,,,,701119000000,236794000000,0.343,3060.84,240535000000,,,,,,,,,,,,true,false,12,2014-04-01,2015-03-31,-1
2015-10-29,18780,2015-03-31,2,,,,,,,,,,,,,,,,,,,,,,,,,,,,,375.00,,,,79324379,739754,,false,false,12,2014-04-01,2015-03-31,-1
2015-10-29,18780,2016-03-31,2,,,,,,,,,,,,,,,,,,,,,,,,,,,,,199.00,,,,,,,false,false,12,2015-04-01,2016-03-31,0
2015-10-29,18780,2016-03-31,2,,,,,,,,,,,,,,,,,,,,,,,,,,,,,399.00,,,,,,,false,true,12,2015-04-01,2016-03-31,0
2015-10-29,18780,2016-03-31,2,,,,,,,,,,,,,,,,,,,,,,,,,,,,,,,,,79324379,1393072,78266767,false,false,6,2015-04-01,2015-09-30,0
2015-10-29,18780,2015-03-31,2,,,,,,,,,,,,,,,,,,,,,,,,,,,,,,,,,,,79424144,false,false,6,2014-04-01,2014-09-30,-1
2016-01-28,18780,2016-03-31,3,1049688000000,0.059,,,,,87733000000,0.164,91061000000,0.161,,59924000000,,766.80,766.28,,,,,667740000000,253016000000,0.382,3278.38,254947000000,,,,,,,,,,,,true,false,9,2015-04-01,2015-12-31,0
2016-01-28,18780,2015-03-31,3,991261000000,0.083,,,,,75401000000,0.041,78456000000,0.045,,50241000000,,634.82,634.42,,,,,,,,,,,,,,,,,,,,,true,false,9,2014-04-01,2014-12-31,-1
2016-01-28,18780,2016-03-31,3,1431300000000,0.058,,,,,93000000000,0.016,97500000000,0.017,,63300000000,,797.99,,,,,,,,,,,,,,,,,,,,,,true,true,12,2015-04-01,2016-03-31,0
2016-01-28,18780,2015-03-31,3,,,,,,,,,,,,,,,,,,,,701119000000,236794000000,0.343,3060.84,240535000000,,,,,,,,,,,,true,false,12,2014-04-01,2015-03-31,-1
2016-01-28,18780,2015-03-31,3,,,,,,,,,,,,,,,,,,,,,,,,,,,,,375.00,,,,79324379,739754,,false,false,12,2014-04-01,2015-03-31,-1
2016-01-28,18780,2016-03-31,3,,,,,,,,,,,,,,,,,,,,,,,,,,,,,199.00,,,,,,,false,false,12,2015-04-01,2016-03-31,0
2016-01-28,18780,2016-03-31,3,,,,,,,,,,,,,,,,,,,,,,,,,,,,,399.00,,,,,,,false,true,12,2015-04-01,2016-03-31,0
2016-01-28,18780,2016-03-31,3,,,,,,,,,,,,,,,,,,,,,,,,,,,,,,,,,79324379,1557958,78149525,false,false,9,2015-04-01,2015-12-31,0
2016-01-28,18780,2015-03-31,3,,,,,,,,,,,,,,,,,,,,,,,,,,,,,,,,,,,79143732,false,false,9,2014-04-01,2014-12-31,-1
2016-04-28,18780,2016-03-31,,1411643000000,0.043,,,,,101001000000,0.104,105558000000,0.101,,67279000000,,863.11,862.52,0.274,0.148,0.072,,728548000000,248522000000,0.343,3243.97,250162000000,78822000000,-93555000000,-57923000000,182631000000,,0.501,,,,,,true,false,12,2015-04-01,2016-03-31,0
2016-04-28,18780,2015-03-31,,1353155000000,0.074,,,,,91520000000,0.019,95887000000,0.027,,56109000000,,710.19,709.73,0.241,0.138,0.068,,701119000000,236794000000,0.343,3060.84,240535000000,59401000000,930000000,-60808000000,255551000000,,0.528,,,,,,true,false,12,2014-04-01,2015-03-31,-1
2016-04-28,18780,2017-03-31,,740000000000,0.061,,,,,61000000000,0.032,63000000000,0.030,,42500000000,,544.21,,,,,,,,,,,,,,,,,,,,,,true,true,6,2016-04-01,2016-09-30,1
2016-04-28,18780,2017-03-31,,1498000000000,0.061,,,,,107000000000,0.059,111000000000,0.052,,74500000000,,953.97,,,,,,,,,,,,,,,,0.500,,,,,,true,true,12,2016-04-01,2017-03-31,1
2016-04-28,18780,2016-03-31,,617377000000,0.014,,,,,53481000000,0.066,80646000000,0.367,59811000000,,0.735,767.30,766.79,,,,,500357000000,130992000000,0.269,1746.89,134713000000,,,,,432.00,,,,78094379,978385,77950051,false,false,12,2015-04-01,2016-03-31,0
2016-04-28,18780,2015-03-31,,608973000000,0.081,,,,,50146000000,-0.037,58990000000,0.038,34471000000,,0.028,436.32,436.04,,,,,479698000000,124448000000,0.271,1654.87,130047000000,,,,,375.00,,,,79324379,739754,79005977,false,false,12,2014-04-01,2015-03-31,-1
2016-04-28,18780,2017-03-31,,322500000000,0.055,,,,,33500000000,0.011,47500000000,-0.166,35800000000,,-0.199,458.42,,,,,,,,,,,,,,,,,,,,,,false,true,6,2016-04-01,2016-09-30,1
2016-04-28,18780,2017-03-31,,645600000000,0.046,,,,,54000000000,0.010,71500000000,-0.113,52000000000,,-0.131,665.86,,,,,,,,,,,,,,,477.00,,,,,,,false,true,12,2016-04-01,2017-03-31,1
2016-07-28,18780,2017-03-31,1,345977000000,0.031,,,,,30411000000,0.127,31547000000,0.122,,21257000000,,275.62,275.43,,,,,687680000000,248890000000,0.363,3239.09,249908000000,,,,,,,,,,,,true,false,3,2016-04-01,2016-06-30,0
2016-07-28,18780,2016-03-31,1,335590000000,0.064,,,,,26983000000,0.077,28109000000,0.080,,18687000000,,237.84,237.67,,,,,,,,,,,,,,,,,,,,,true,false,3,2015-04-01,2015-06-30,-1
2016-07-28,18780,2017-03-31,1,740000000000,0.061,,,,,61000000000,0.032,63000000000,0.030,,42500000000,,544.21,,,,,,,,,,,,,,,,,,,,,,true,true,6,2016-04-01,2016-09-30,0
2016-07-28,18780,2017-03-31,1,1498000000000,0.061,,,,,107000000000,0.059,111000000000,0.052,,74500000000,,953.97,,,,,,,,,,,,,,,,,,,,,,true,true,12,2016-04-01,2017-03-31,0
2016-07-28,18780,2016-03-31,1,,,,,,,,,,,,,,,,,,,,728548000000,248522000000,0.343,3243.97,250162000000,,,,,,,,,,,,true,false,12,2015-04-01,2016-03-31,-1
2016-07-28,18780,2016-03-31,1,,,,,,,,,,,,,,,,,,,,,,,,,,,,,432.00,,,,78094379,978385,,false,false,12,2015-04-01,2016-03-31,-1
2016-07-28,18780,2017-03-31,1,,,,,,,,,,,,,,,,,,,,,,,,,,,,,477.00,,,,,,,false,true,12,2016-04-01,2017-03-31,0
2016-07-28,18780,2017-03-31,1,,,,,,,,,,,,,,,,,,,,,,,,,,,,,,,,,78094379,940479,77127213,false,false,3,2016-04-01,2016-06-30,0
2016-07-28,18780,2016-03-31,1,,,,,,,,,,,,,,,,,,,,,,,,,,,,,,,,,,,78574422,false,false,3,2015-04-01,2015-06-30,-1
2016-10-27,18780,2017-03-31,2,738871000000,0.060,,,,,71950000000,0.218,74120000000,0.211,,50180000000,,652.75,652.29,,,,,736370000000,265196000000,0.361,3475.87,266189000000,,,,,,,,,,,,true,false,6,2016-04-01,2016-09-30,0
2016-10-27,18780,2016-03-31,2,697155000000,0.058,,,,,59095000000,0.120,61186000000,0.118,,40322000000,,515.19,514.83,,,,,,,,,,,,,,,,,,,,,true,false,6,2015-04-01,2015-09-30,-1
2016-10-27,18780,2017-03-31,2,1498000000000,0.061,,,,,118000000000,0.168,122000000000,0.156,,82100000000,,1051.29,,,,,,,,,,,,,,,,,,,,,,true,true,12,2016-04-01,2017-03-31,0
2016-10-27,18780,2016-03-31,2,,,,,,,,,,,,,,,,,,,,728548000000,248522000000,0.343,3243.97,250162000000,,,,,,,,,,,,true,false,12,2015-04-01,2016-03-31,-1
2016-10-27,18780,2016-03-31,2,,,,,,,,,,,,,,,,,,,,,,,,,,,,,432.00,,,,78094379,978385,,false,false,12,2015-04-01,2016-03-31,-1
2016-10-27,18780,2017-03-31,2,,,,,,,,,,,,,,,,,,,,,,,,,,,,,238.00,,,,,,,false,false,12,2016-04-01,2017-03-31,0
2016-10-27,18780,2017-03-31,2,,,,,,,,,,,,,,,,,,,,,,,,,,,,,526.00,,,,,,,false,true,12,2016-04-01,2017-03-31,0
2016-10-27,18780,2017-03-31,2,,,,,,,,,,,,,,,,,,,,,,,,,,,,,,,,,78094379,1512168,76876276,false,false,6,2016-04-01,2016-09-30,0
2016-10-27,18780,2016-03-31,2,,,,,,,,,,,,,,,,,,,,,,,,,,,,,,,,,,,78266767,false,false,6,2015-04-01,2015-09-30,-1
2017-01-27,18780,2017-03-31,3,1105479000000,0.053,,,,,106166000000,0.210,109378000000,0.201,,74062000000,,964.93,964.28,,,,,694697000000,269142000000,0.389,3536.81,269966000000,,,,,,,,,,,,true,false,9,2016-04-01,2016-12-31,0
2017-01-27,18780,2016-03-31,3,1049688000000,0.059,,,,,87733000000,0.164,91061000000,0.161,,59924000000,,766.80,766.28,,,,,,,,,,,,,,,,,,,,,true,false,9,2015-04-01,2015-12-31,-1
2017-01-27,18780,2017-03-31,3,1498000000000,0.061,,,,,118000000000,0.168,122000000000,0.156,,82100000000,,1051.29,,,,,,,,,,,,,,,,,,,,,,true,true,12,2016-04-01,2017-03-31,0
2017-01-27,18780,2016-03-31,3,,,,,,,,,,,,,,,,,,,,728548000000,248522000000,0.343,3243.97,250162000000,,,,,,,,,,,,true,false,12,2015-04-01,2016-03-31,-1
2017-01-27,18780,2016-03-31,3,,,,,,,,,,,,,,,,,,,,,,,,,,,,,432.00,,,,78094379,978385,,false,false,12,2015-04-01,2016-03-31,-1
2017-01-27,18780,2017-03-31,3,,,,,,,,,,,,,,,,,,,,,,,,,,,,,238.00,,,,,,,false,false,12,2016-04-01,2017-03-31,0
2017-01-27,18780,2017-03-31,3,,,,,,,,,,,,,,,,,,,,,,,,,,,,,526.00,,,,,,,false,true,12,2016-04-01,2017-03-31,0
2017-01-27,18780,2017-03-31,3,,,,,,,,,,,,,,,,,,,,,,,,,,,,,,,,,78094379,1763778,76753958,false,false,9,2016-04-01,2016-12-31,0
2017-01-27,18780,2016-03-31,3,,,,,,,,,,,,,,,,,,,,,,,,,,,,,,,,,,,78149525,false,false,9,2015-04-01,2015-12-31,-1
2017-04-28,18780,2017-03-31,,1497104000000,0.061,,,,,120162000000,0.190,124509000000,0.180,,82168000000,,1072.64,1071.91,0.312,0.165,0.080,,781431000000,275485000000,0.353,3630.59,276009000000,124097000000,-33407000000,-72286000000,200180000000,,0.500,,,,,,true,false,12,2016-04-01,2017-03-31,0
2017-04-28,18780,2016-03-31,,1411643000000,0.043,,,,,101001000000,0.104,105558000000,0.101,,67279000000,,863.11,862.52,0.274,0.148,0.072,,728548000000,248522000000,0.343,3243.97,250162000000,78822000000,-93555000000,-57923000000,182631000000,,0.501,,,,,,true,false,12,2015-04-01,2016-03-31,-1
2017-04-28,18780,2018-03-31,,768000000000,0.039,,,,,64500000000,-0.104,66500000000,-0.103,,46000000000,,598.42,,,,,,,,,,,,,,,,,,,,,,true,true,6,2017-04-01,2017-09-30,1
2017-04-28,18780,2018-03-31,,1585000000000,0.059,,,,,124000000000,0.032,128000000000,0.028,,86000000000,,1118.78,,,,,,,,,,,,,,,,0.500,,,,,,true,true,12,2017-04-01,2018-03-31,1
2017-04-28,18780,2017-03-31,,646878000000,0.048,,,,,68568000000,0.282,85422000000,0.059,59926000000,,0.002,782.29,781.77,,,,,535839000000,136759000000,0.261,1836.65,139628000000,,,,,536.00,,,,76869579,846221,76604098,false,false,12,2016-04-01,2017-03-31,0
2017-04-28,18780,2016-03-31,,617377000000,0.014,,,,,53481000000,0.066,80646000000,0.367,59811000000,,0.735,767.30,766.79,,,,,500357000000,130992000000,0.269,1746.89,134713000000,,,,,432.00,,,,78094379,978385,77950051,false,false,12,2015-04-01,2016-03-31,-1
2017-04-28,18780,2018-03-31,,316100000000,-0.013,,,,,32700000000,-0.229,51800000000,-0.084,40400000000,,-0.041,525.57,,,,,,,,,,,,,,,,,,,,,,false,true,6,2017-04-01,2017-09-30,1
2017-04-28,18780,2018-03-31,,658800000000,0.018,,,,,61500000000,-0.103,83000000000,-0.028,60500000000,,0.010,787.05,,,,,,,,,,,,,,,559.00,,,,,,,false,true,12,2017-04-01,2018-03-31,1
2017-07-27,18780,2018-03-31,1,377193000000,0.090,,,,,37072000000,0.219,38467000000,0.219,,26535000000,,349.62,349.34,,,,,715646000000,268713000000,0.376,3568.27,268963000000,,,,,,,,,,,,true,false,3,2017-04-01,2017-06-30,0
2017-07-27,18780,2017-03-31,1,345977000000,0.031,,,,,30411000000,0.127,31547000000,0.122,,21257000000,,275.62,275.43,,,,,,,,,,,,,,,,,,,,,true,false,3,2016-04-01,2016-06-30,-1
2017-07-27,18780,2018-03-31,1,768000000000,0.039,,,,,64500000000,-0.104,66500000000,-0.103,,46000000000,,598.42,,,,,,,,,,,,,,,,,,,,,,true,true,6,2017-04-01,2017-09-30,0
2017-07-27,18780,2018-03-31,1,1585000000000,0.059,,,,,124000000000,0.032,128000000000,0.028,,86000000000,,1118.78,,,,,,,,,,,,,,,,,,,,,,true,true,12,2017-04-01,2018-03-31,0
2017-07-27,18780,2017-03-31,1,,,,,,,,,,,,,,,,,,,,781431000000,275485000000,0.353,3630.59,276009000000,,,,,,,,,,,,true,false,12,2016-04-01,2017-03-31,-1
2017-07-27,18780,2017-03-31,1,,,,,,,,,,,,,,,,,,,,,,,,,,,,,536.00,,,,76869579,846221,,false,false,12,2016-04-01,2017-03-31,-1
2017-07-27,18780,2018-03-31,1,,,,,,,,,,,,,,,,,,,,,,,,,,,,,559.00,,,,,,,false,true,12,2017-04-01,2018-03-31,0
2017-07-27,18780,2018-03-31,1,,,,,,,,,,,,,,,,,,,,,,,,,,,,,,,,,76869579,1493225,75899097,false,false,3,2017-04-01,2017-06-30,0
2017-07-27,18780,2017-03-31,1,,,,,,,,,,,,,,,,,,,,,,,,,,,,,,,,,,,77127213,false,false,3,2016-04-01,2016-06-30,-1
2017-10-12,18780,2018-03-31,,781000000000,0.017,,,,,79000000000,0.225,81000000000,0.218,55000000000,,0.196,727.08,,,,,,,,,,,,,,,,,,,,,,true,true,6,2017-04-01,2017-09-30,0
2017-10-12,18780,2017-03-31,,738871000000,,,,,,71950000000,,74120000000,,50180000000,,,652.75,,,,,,,,,,,,,,,,,,,,,,true,false,6,2016-04-01,2016-09-30,-1
2017-10-12,18780,2018-03-31,,327000000000,0.034,,,,,45000000000,0.376,64000000000,0.236,49000000000,,0.213,647.77,,,,,,,,,,,,,,,,,,,,,,false,true,6,2017-04-01,2017-09-30,0
2017-10-12,18780,2017-03-31,,320109000000,,,,,,42420000000,,56559000000,,42147000000,,,548.25,,,,,,,,,,,,,,,,,,,,,,false,false,6,2016-04-01,2016-09-30,-1
2017-10-26,18780,2018-03-31,2,782069000000,0.058,,,,,79273000000,0.102,81905000000,0.105,,56006000000,,740.39,739.90,,,,,748704000000,296142000000,0.400,3969.75,299336000000,,,,,,,,,,,,true,false,6,2017-04-01,2017-09-30,0
2017-10-26,18780,2017-03-31,2,738871000000,0.060,,,,,71950000000,0.218,74120000000,0.211,,50180000000,,652.75,652.29,,,,,,,,,,,,,,,,,,,,,true,false,6,2016-04-01,2016-09-30,-1
2017-10-26,18780,2018-03-31,2,1585000000000,0.059,,,,,124000000000,0.032,128000000000,0.028,,86000000000,,1118.78,,,,,,,,,,,,,,,,,,,,,,true,true,12,2017-04-01,2018-03-31,0
2017-10-26,18780,2017-03-31,2,,,,,,,,,,,,,,,,,,,,781431000000,275485000000,0.353,3630.59,276009000000,,,,,,,,,,,,true,false,12,2016-04-01,2017-03-31,-1
2017-10-26,18780,2017-03-31,2,,,,,,,,,,,,,,,,,,,,,,,,,,,,,536.00,,,,76869579,846221,,false,false,12,2016-04-01,2017-03-31,-1
2017-10-26,18780,2018-03-31,2,,,,,,,,,,,,,,,,,,,,,,,,,,,,,279.00,,,,,,,false,false,12,2017-04-01,2018-03-31,0
2017-10-26,18780,2018-03-31,2,,,,,,,,,,,,,,,,,,,,,,,,,,,,,559.00,,,,,,,false,true,12,2017-04-01,2018-03-31,0
2017-10-26,18780,2018-03-31,2,,,,,,,,,,,,,,,,,,,,,,,,,,,,,,,,,76869579,1465180,75644046,false,false,6,2017-04-01,2017-09-30,0
2017-10-26,18780,2017-03-31,2,,,,,,,,,,,,,,,,,,,,,,,,,,,,,,,,,,,76876276,false,false,6,2016-04-01,2016-09-30,-1
2018-01-29,18780,2018-03-31,3,1159298000000,0.049,,,,,111611000000,0.051,115350000000,0.055,,78561000000,,1040.20,1039.51,,,,,713764000000,287576000000,0.407,3880.58,290622000000,,,,,,,,,,,,true,false,9,2017-04-01,2017-12-31,0
2018-01-29,18780,2017-03-31,3,1105479000000,0.053,,,,,106166000000,0.210,109378000000,0.201,,74062000000,,964.93,964.28,,,,,,,,,,,,,,,,,,,,,true,false,9,2016-04-01,2016-12-31,-1
2018-01-29,18780,2018-03-31,3,1585000000000,0.059,,,,,124000000000,0.032,128000000000,0.028,,86000000000,,1118.78,,,,,,,,,,,,,,,,,,,,,,true,true,12,2017-04-01,2018-03-31,0
2018-01-29,18780,2017-03-31,3,,,,,,,,,,,,,,,,,,,,781431000000,275485000000,0.353,3630.59,276009000000,,,,,,,,,,,,true,false,12,2016-04-01,2017-03-31,-1
2018-01-29,18780,2017-03-31,3,,,,,,,,,,,,,,,,,,,,,,,,,,,,,536.00,,,,76869579,846221,,false,false,12,2016-04-01,2017-03-31,-1
2018-01-29,18780,2018-03-31,3,,,,,,,,,,,,,,,,,,,,,,,,,,,,,279.00,,,,,,,false,false,12,2017-04-01,2018-03-31,0
2018-01-29,18780,2018-03-31,3,,,,,,,,,,,,,,,,,,,,,,,,,,,,,559.00,,,,,,,false,true,12,2017-04-01,2018-03-31,0
2018-01-29,18780,2018-03-31,3,,,,,,,,,,,,,,,,,,,,,,,,,,,,,,,,,76869579,1977983,75525321,false,false,9,2017-04-01,2017-12-31,0
2018-01-29,18780,2017-03-31,3,,,,,,,,,,,,,,,,,,,,,,,,,,,,,,,,,,,76753958,false,false,9,2016-04-01,2016-12-31,-1
2018-04-23,18780,2018-03-31,,1557017000000,0.040,,,,,126369000000,0.052,131533000000,0.056,,87829000000,,1165.29,1164.52,0.305,0.162,0.081,,842978000000,297039000000,0.356,4002.51,299839000000,62559000000,-22946000000,-25336000000,213714000000,,0.500,,,,,,true,false,12,2017-04-01,2018-03-31,0
2018-04-23,18780,2017-03-31,,1497104000000,0.061,,,,,120162000000,0.190,124509000000,0.180,,82168000000,,1072.64,1071.91,0.312,0.165,0.080,,781431000000,275485000000,0.353,3630.59,276009000000,124097000000,-33407000000,-72286000000,200180000000,,0.500,,,,,,true,false,12,2016-04-01,2017-03-31,-1
2018-04-23,18780,2019-03-31,,821500000000,0.050,,,,,78000000000,-0.016,81000000000,-0.011,,55500000000,,733.85,,,,,,,,,,,,,,,,,,,,,,true,true,6,2018-04-01,2018-09-30,1
2018-04-23,18780,2019-03-31,,1640000000000,0.053,,,,,128000000000,0.013,133000000000,0.011,,90000000000,,1190.02,,,,,,,,,,,,,,,,0.500,,,,,,true,true,12,2018-04-01,2019-03-31,1
2018-04-23,18780,2018-03-31,,634848000000,-0.019,,,,,64398000000,-0.061,92553000000,0.083,69020000000,,0.152,915.73,915.15,,,,,577128000000,146945000000,0.264,2034.02,152373000000,,,,,583.00,,,,75628879,716173,75371297,false,false,12,2017-04-01,2018-03-31,0
2018-04-23,18780,2017-03-31,,646878000000,0.048,,,,,68568000000,0.282,85422000000,0.059,59926000000,,0.002,782.29,781.77,,,,,535839000000,136759000000,0.261,1836.65,139628000000,,,,,536.00,,,,76869579,846221,76604098,false,false,12,2016-04-01,2017-03-31,-1
2018-04-23,18780,2019-03-31,,337500000000,0.029,,,,,42500000000,-0.065,71500000000,0.102,57500000000,,0.159,760.29,,,,,,,,,,,,,,,,,,,,,,false,true,6,2018-04-01,2018-09-30,1
2018-04-23,18780,2019-03-31,,665600000000,0.048,,,,,62000000000,-0.037,95000000000,0.026,72900000000,,0.056,963.92,,,,,,,,,,,,,,,595.00,,,,,,,false,true,12,2018-04-01,2019-03-31,1
2018-07-30,18780,2019-03-31,1,380107000000,0.008,,,,,34824000000,-0.061,36315000000,-0.056,,26112000000,,348.70,348.51,,,,,790387000000,295127000000,0.376,3983.86,297425000000,,,,,,,,,,,,true,false,3,2018-04-01,2018-06-30,0
2018-07-30,18780,2018-03-31,1,377193000000,0.090,,,,,37072000000,0.219,38467000000,0.219,,26535000000,,349.62,349.34,,,,,,,,,,,,,,,,,,,,,true,false,3,2017-04-01,2017-06-30,-1
2018-07-30,18780,2019-03-31,1,821500000000,0.050,,,,,78000000000,-0.016,81000000000,-0.011,,55500000000,,733.85,,,,,,,,,,,,,,,,,,,,,,true,true,6,2018-04-01,2018-09-30,0
2018-07-30,18780,2019-03-31,1,1640000000000,0.053,,,,,128000000000,0.013,133000000000,0.011,,90000000000,,1190.02,,,,,,,,,,,,,,,,,,,,,,true,true,12,2018-04-01,2019-03-31,0
2018-07-30,18780,2018-03-31,1,,,,,,,,,,,,,,,,,,,,842978000000,297039000000,0.356,4002.51,299839000000,,,,,,,,,,,,true,false,12,2017-04-01,2018-03-31,-1
2018-07-30,18780,2018-03-31,1,,,,,,,,,,,,,,,,,,,,,,,,,,,,,583.00,,,,75628879,716173,,false,false,12,2017-04-01,2018-03-31,-1
2018-07-30,18780,2019-03-31,1,,,,,,,,,,,,,,,,,,,,,,,,,,,,,595.00,,,,,,,false,true,12,2018-04-01,2019-03-31,0
2018-07-30,18780,2019-03-31,1,,,,,,,,,,,,,,,,,,,,,,,,,,,,,,,,,75628879,971261,74885093,false,false,3,2018-04-01,2018-06-30,0
2018-07-30,18780,2018-03-31,1,,,,,,,,,,,,,,,,,,,,,,,,,,,,,,,,,,,75899097,false,false,3,2017-04-01,2017-06-30,-1
2018-10-30,18780,2019-03-31,2,799220000000,0.022,,,,,75918000000,-0.042,78661000000,-0.040,,54661000000,,732.98,732.54,,,,,834931000000,316833000000,0.382,4297.36,319086000000,,,,,,,,,,,,true,false,6,2018-04-01,2018-09-30,0
2018-10-30,18780,2018-03-31,2,782069000000,0.058,,,,,79273000000,0.102,81905000000,0.105,,56006000000,,740.39,739.90,,,,,,,,,,,,,,,,,,,,,true,false,6,2017-04-01,2017-09-30,-1
2018-10-30,18780,2019-03-31,2,1640000000000,0.053,,,,,128000000000,0.013,133000000000,0.011,,90000000000,,1190.02,,,,,,,,,,,,,,,,,,,,,,true,true,12,2018-04-01,2019-03-31,0
2018-10-30,18780,2018-03-31,2,,,,,,,,,,,,,,,,,,,,842978000000,297039000000,0.356,4002.51,299839000000,,,,,,,,,,,,true,false,12,2017-04-01,2018-03-31,-1
2018-10-30,18780,2018-03-31,2,,,,,,,,,,,,,,,,,,,,,,,,,,,,,583.00,,,,75628879,716173,,false,false,12,2017-04-01,2018-03-31,-1
2018-10-30,18780,2019-03-31,2,,,,,,,,,,,,,,,,,,,,,,,,,,,,,297.00,,,,,,,false,false,12,2018-04-01,2019-03-31,0
2018-10-30,18780,2019-03-31,2,,,,,,,,,,,,,,,,,,,,,,,,,,,,,595.00,,,,,,,false,true,12,2018-04-01,2019-03-31,0
2018-10-30,18780,2019-03-31,2,,,,,,,,,,,,,,,,,,,,,,,,,,,,,,,,,75628879,1377258,74574153,false,false,6,2018-04-01,2018-09-30,0
2018-10-30,18780,2018-03-31,2,,,,,,,,,,,,,,,,,,,,,,,,,,,,,,,,,,,75644046,false,false,6,2017-04-01,2017-09-30,-1
2019-01-30,18780,2019-03-31,3,1175656000000,0.014,,,,,105065000000,-0.059,108757000000,-0.057,,75081000000,,1008.22,1007.61,,,,,817993000000,315600000000,0.388,4273.96,317547000000,,,,,,,,,,,,true,false,9,2018-04-01,2018-12-31,0
2019-01-30,18780,2018-03-31,3,1159298000000,0.049,,,,,111611000000,0.051,115350000000,0.055,,78561000000,,1040.20,1039.51,,,,,,,,,,,,,,,,,,,,,true,false,9,2017-04-01,2017-12-31,-1
2019-01-30,18780,2019-03-31,3,1640000000000,0.053,,,,,128000000000,0.013,133000000000,0.011,,90000000000,,1190.02,,,,,,,,,,,,,,,,,,,,,,true,true,12,2018-04-01,2019-03-31,0
2019-01-30,18780,2018-03-31,3,,,,,,,,,,,,,,,,,,,,842978000000,297039000000,0.356,4002.51,299839000000,,,,,,,,,,,,true,false,12,2017-04-01,2018-03-31,-1
2019-01-30,18780,2018-03-31,3,,,,,,,,,,,,,,,,,,,,,,,,,,,,,583.00,,,,75628879,716173,,false,false,12,2017-04-01,2018-03-31,-1
2019-01-30,18780,2019-03-31,3,,,,,,,,,,,,,,,,,,,,,,,,,,,,,297.00,,,,,,,false,false,12,2018-04-01,2019-03-31,0
2019-01-30,18780,2019-03-31,3,,,,,,,,,,,,,,,,,,,,,,,,,,,,,595.00,,,,,,,false,true,12,2018-04-01,2019-03-31,0
2019-01-30,18780,2019-03-31,3,,,,,,,,,,,,,,,,,,,,,,,,,,,,,,,,,75628879,1330582,74469227,false,false,9,2018-04-01,2018-12-31,0
2019-01-30,18780,2018-03-31,3,,,,,,,,,,,,,,,,,,,,,,,,,,,,,,,,,,,75525321,false,false,9,2017-04-01,2017-12-31,-1
2019-04-26,18780,2019-03-31,,1591178000000,0.022,,,,,127047000000,0.005,132240000000,0.005,,89930000000,,1212.20,1211.41,0.298,0.155,0.080,,859772000000,302298000000,0.353,4191.58,303868000000,71982000000,82000000,-97670000000,187614000000,,0.500,,,,,,true,false,12,2018-04-01,2019-03-31,0
2019-04-26,18780,2018-03-31,,1557017000000,0.040,,,,,126369000000,0.052,131533000000,0.056,,87829000000,,1165.29,1164.52,0.305,0.162,0.081,,842978000000,297039000000,0.356,4002.51,299839000000,62559000000,-22946000000,-25336000000,213714000000,,0.500,,,,,,true,false,12,2017-04-01,2018-03-31,-1
2019-04-26,18780,2020-03-31,,780000000000,-0.024,,,,,58000000000,-0.236,60000000000,-0.237,,40500000000,,554.14,,,,,,,,,,,,,,,,,,,,,,true,true,6,2019-04-01,2019-09-30,1
2019-04-26,18780,2020-03-31,,1640000000000,0.031,,,,,128000000000,0.007,133000000000,0.006,,90000000000,,1231.42,,,,,,,,,,,,,,,,0.500,,,,,,true,true,12,2019-04-01,2020-03-31,1
2019-04-26,18780,2019-03-31,,614059000000,-0.033,,,,,61468000000,-0.046,110612000000,0.195,88932000000,,0.289,1198.75,1198.03,,,,,583819000000,153636000000,0.271,2181.22,158126000000,,,,,606.00,,,,75628879,3134028,74188031,false,false,12,2018-04-01,2019-03-31,0
2019-04-26,18780,2018-03-31,,634848000000,-0.019,,,,,64398000000,-0.061,92553000000,0.083,69020000000,,0.152,915.73,915.15,,,,,577128000000,146945000000,0.264,2034.02,152373000000,,,,,583.00,,,,75628879,716173,75371297,false,false,12,2017-04-01,2018-03-31,-1
2019-04-26,18780,2020-03-31,,272500000000,-0.139,,,,,24000000000,-0.244,62500000000,-0.225,52000000000,,-0.242,711.48,,,,,,,,,,,,,,,,,,,,,,false,true,6,2019-04-01,2019-09-30,1
2019-04-26,18780,2020-03-31,,612000000000,-0.003,,,,,60000000000,-0.024,102000000000,-0.078,80500000000,,-0.095,1101.43,,,,,,,,,,,,,,,616.00,,,,,,,false,true,12,2019-04-01,2020-03-31,1
2019-07-30,18780,2020-03-31,1,367768000000,-0.032,,,,,27907000000,-0.199,29554000000,-0.186,,20384000000,,286.20,285.98,,,,,775401000000,261379000000,0.338,3754.61,262226000000,,,,,,,,,,,,true,false,3,2019-04-01,2019-06-30,0
2019-07-30,18780,2019-03-31,1,380107000000,0.008,,,,,34824000000,-0.061,36315000000,-0.056,,26112000000,,348.70,348.51,,,,,,,,,,,,,,,,,,,,,true,false,3,2018-04-01,2018-06-30,-1
2019-07-30,18780,2020-03-31,1,780000000000,-0.024,,,,,58000000000,-0.236,60000000000,-0.237,,40500000000,,554.14,,,,,,,,,,,,,,,,,,,,,,true,true,6,2019-04-01,2019-09-30,0
2019-07-30,18780,2020-03-31,1,1640000000000,0.031,,,,,128000000000,0.007,133000000000,0.006,,90000000000,,1231.42,,,,,,,,,,,,,,,,,,,,,,true,true,12,2019-04-01,2020-03-31,0
2019-07-30,18780,2019-03-31,1,,,,,,,,,,,,,,,,,,,,859772000000,302298000000,0.353,4191.58,303868000000,,,,,,,,,,,,true,false,12,2018-04-01,2019-03-31,-1
2019-07-30,18780,2019-03-31,1,,,,,,,,,,,,,,,,,,,,,,,,,,,,,606.00,,,,75628879,3134028,,false,false,12,2018-04-01,2019-03-31,-1
2019-07-30,18780,2020-03-31,1,,,,,,,,,,,,,,,,,,,,,,,,,,,,,616.00,,,,,,,false,true,12,2019-04-01,2020-03-31,0
2019-07-30,18780,2020-03-31,1,,,,,,,,,,,,,,,,,,,,,,,,,,,,,,,,,75628879,5787536,71225960,false,false,3,2019-04-01,2019-06-30,0
2019-07-30,18780,2019-03-31,1,,,,,,,,,,,,,,,,,,,,,,,,,,,,,,,,,,,74885093,false,false,3,2018-04-01,2018-06-30,-1
2019-10-30,18780,2020-03-31,2,770077000000,-0.036,,,,,60008000000,-0.210,62545000000,-0.205,,42884000000,,613.19,612.75,,,,,812656000000,262130000000,0.324,3849.31,263152000000,,,,,,,,,,,,true,false,6,2019-04-01,2019-09-30,0
2019-10-30,18780,2019-03-31,2,799220000000,0.022,,,,,75918000000,-0.042,78661000000,-0.040,,54661000000,,732.98,732.54,,,,,,,,,,,,,,,,,,,,,true,false,6,2018-04-01,2018-09-30,-1
2019-10-30,18780,2020-03-31,2,1640000000000,0.031,,,,,128000000000,0.007,133000000000,0.006,,90000000000,,1231.42,,,,,,,,,,,,,,,,,,,,,,true,true,12,2019-04-01,2020-03-31,0
2019-10-30,18780,2019-03-31,2,,,,,,,,,,,,,,,,,,,,859772000000,302298000000,0.353,4191.58,303868000000,,,,,,,,,,,,true,false,12,2018-04-01,2019-03-31,-1
2019-10-30,18780,2019-03-31,2,,,,,,,,,,,,,,,,,,,,,,,,,,,,,606.00,,,,75628879,3134028,,false,false,12,2018-04-01,2019-03-31,-1
2019-10-30,18780,2020-03-31,2,,,,,,,,,,,,,,,,,,,,,,,,,,,,,308.00,,,,,,,false,false,12,2019-04-01,2020-03-31,0
2019-10-30,18780,2020-03-31,2,,,,,,,,,,,,,,,,,,,,,,,,,,,,,616.00,,,,,,,false,true,12,2019-04-01,2020-03-31,0
2019-10-30,18780,2020-03-31,2,,,,,,,,,,,,,,,,,,,,,,,,,,,,,,,,,75628879,7265163,69936776,false,false,6,2019-04-01,2019-09-30,0
2019-10-30,18780,2019-03-31,2,,,,,,,,,,,,,,,,,,,,,,,,,,,,,,,,,,,74574153,false,false,6,2018-04-01,2018-09-30,-1
2020-01-30,18780,2020-03-31,3,1145939000000,-0.025,,,,,88556000000,-0.157,92366000000,-0.151,,63028000000,,908.01,907.37,,,,,779367000000,261627000000,0.337,3833.94,262284000000,,,,,,,,,,,,true,false,9,2019-04-01,2019-12-31,0
2020-01-30,18780,2019-03-31,3,1175656000000,0.014,,,,,105065000000,-0.059,108757000000,-0.057,,75081000000,,1008.22,1007.61,,,,,,,,,,,,,,,,,,,,,true,false,9,2018-04-01,2018-12-31,-1
2020-01-30,18780,2020-03-31,3,1640000000000,0.031,,,,,128000000000,0.007,133000000000,0.006,,90000000000,,1231.42,,,,,,,,,,,,,,,,,,,,,,true,true,12,2019-04-01,2020-03-31,0
2020-01-30,18780,2019-03-31,3,,,,,,,,,,,,,,,,,,,,859772000000,302298000000,0.353,4191.58,303868000000,,,,,,,,,,,,true,false,12,2018-04-01,2019-03-31,-1
2020-01-30,18780,2019-03-31,3,,,,,,,,,,,,,,,,,,,,,,,,,,,,,606.00,,,,75628879,3134028,,false,false,12,2018-04-01,2019-03-31,-1
2020-01-30,18780,2020-03-31,3,,,,,,,,,,,,,,,,,,,,,,,,,,,,,308.00,,,,,,,false,false,12,2019-04-01,2020-03-31,0
2020-01-30,18780,2020-03-31,3,,,,,,,,,,,,,,,,,,,,,,,,,,,,,616.00,,,,,,,false,true,12,2019-04-01,2020-03-31,0
2020-01-30,18780,2020-03-31,3,,,,,,,,,,,,,,,,,,,,,,,,,,,,,,,,,75628879,7217551,69413763,false,false,9,2019-04-01,2019-12-31,0
2020-01-30,18780,2019-03-31,3,,,,,,,,,,,,,,,,,,,,,,,,,,,,,,,,,,,74469227,false,false,9,2018-04-01,2018-12-31,-1
2020-05-08,18780,2020-03-31,,1586293000000,-0.003,,,,,127956000000,0.007,133028000000,0.006,,90380000000,,1306.71,1305.77,0.306,0.153,0.081,,880289000000,286161000000,0.325,4186.91,286526000000,102129000000,-18301000000,-111410000000,159902000000,,0.500,,,,,,true,false,12,2019-04-01,2020-03-31,0
2020-05-08,18780,2019-03-31,,1591178000000,0.022,,,,,127047000000,0.005,132240000000,0.005,,89930000000,,1212.20,1211.41,0.298,0.155,0.080,,859772000000,302298000000,0.353,4191.58,303868000000,71982000000,82000000,-97670000000,187614000000,,0.500,,,,,,true,false,12,2018-04-01,2019-03-31,-1
2020-05-08,18780,2020-03-31,,553359000000,-0.099,,,,,55474000000,-0.098,97875000000,-0.115,78464000000,,-0.118,1134.43,1133.66,,,,,583695000000,125430000000,0.221,1884.86,128988000000,,,,,653.00,,,,68918979,485143,69166609,false,false,12,2019-04-01,2020-03-31,0
2020-05-08,18780,2019-03-31,,614059000000,-0.033,,,,,61468000000,-0.046,110612000000,0.195,88932000000,,0.289,1198.75,1198.03,,,,,583819000000,153636000000,0.271,2181.22,158126000000,,,,,606.00,,,,75628879,3134028,74188031,false,false,12,2018-04-01,2019-03-31,-1
2020-07-30,18780,2021-03-31,1,355286000000,-0.034,,,,,23627000000,-0.153,24472000000,-0.172,,16579000000,,242.09,241.95,,,,,827431000000,278572000000,0.341,4102.46,281897000000,,,,,,,,,,,,true,false,3,2020-04-01,2020-06-30,0
2020-07-30,18780,2020-03-31,1,367768000000,-0.032,,,,,27907000000,-0.199,29554000000,-0.186,,20384000000,,286.20,285.98,,,,,,,,,,,,,,,,,,,,,true,false,3,2019-04-01,2019-06-30,-1
2020-07-30,18780,2021-03-31,1,722000000000,-0.062,,,,,40000000000,-0.333,42000000000,-0.328,,28000000000,,408.02,,,,,,,,,,,,,,,,,,,,,,true,true,6,2020-04-01,2020-09-30,0
2020-07-30,18780,2021-03-31,1,1480000000000,-0.067,,,,,80000000000,-0.375,84000000000,-0.369,,56000000000,,816.03,,,,,,,,,,,,,,,,,,,,,,true,true,12,2020-04-01,2021-03-31,0
2020-07-30,18780,2020-03-31,1,,,,,,,,,,,,,,,,,,,,880289000000,286161000000,0.325,4186.91,286526000000,,,,,,,,,,,,true,false,12,2019-04-01,2020-03-31,-1
2020-07-30,18780,2020-03-31,1,,,,,,,,,,,,,,,,,,,,,,,,,,,,,653.00,,,,68918979,485143,,false,false,12,2019-04-01,2020-03-31,-1
2020-07-30,18780,2021-03-31,1,,,,,,,,,,,,,,,,,,,,,,,,,,,,,408.00,,,,,,,false,true,12,2020-04-01,2021-03-31,0
2020-07-30,18780,2021-03-31,1,,,,,,,,,,,,,,,,,,,,,,,,,,,,,,,,,68918979,204716,68486066,false,false,3,2020-04-01,2020-06-30,0
2020-07-30,18780,2020-03-31,1,,,,,,,,,,,,,,,,,,,,,,,,,,,,,,,,,,,71225960,false,false,3,2019-04-01,2019-06-30,-1
2020-07-30,18780,2021-03-31,,722000000000,,,,,,40000000000,,42000000000,,28000000000,,,408.02,,,,,,,,,,,,,,,,,,,,,,true,true,6,2020-04-01,2020-09-30,0
2020-07-30,18780,2020-03-31,,770077000000,,,,,,60008000000,,62545000000,,42884000000,,,613.19,,,,,,,,,,,,,,,,,,,,,,true,false,6,2019-04-01,2019-09-30,-1
2020-07-30,18780,2021-03-31,,1480000000000,,,,,,80000000000,,84000000000,,56000000000,,,816.03,,,,,,,,,,,,,,,,,,,,,,true,true,12,2020-04-01,2021-03-31,0
2020-07-30,18780,2020-03-31,,1586293000000,,,,,,127956000000,,133028000000,,90380000000,,,1306.71,,,,,,,,,,,,,,,,,,,,,,true,false,12,2019-04-01,2020-03-31,-1
2020-07-30,18780,2021-03-31,,194000000000,,,,,,5000000000,,49500000000,,46000000000,,,670.31,,,,,,,,,,,,,,,,,,,,,,false,true,6,2020-04-01,2020-09-30,0
2020-07-30,18780,2020-03-31,,255439000000,,,,,,22965000000,,62012000000,,53552000000,,,765.73,,,,,,,,,,,,,,,,,,,,,,false,false,6,2019-04-01,2019-09-30,-1
2020-07-30,18780,2021-03-31,,410000000000,,,,,,6000000000,,54000000000,,49000000000,,,714.03,,,,,,,,,,,,,,,408.00,,,,,,,false,true,12,2020-04-01,2021-03-31,0
2020-07-30,18780,2020-03-31,,553359000000,,,,,,55474000000,,97875000000,,78464000000,,,1134.43,,,,,,,,,,,,,,,653.00,,,,,,,false,false,12,2019-04-01,2020-03-31,-1
2020-10-19,18780,2021-03-31,,734500000000,0.017,,,,,51500000000,0.288,54000000000,0.286,36500000000,,0.304,531.88,,,,,,,,,,,,,,,,,,,,,,true,true,6,2020-04-01,2020-09-30,0
2020-10-19,18780,2020-03-31,,770077000000,,,,,,60008000000,,62545000000,,42884000000,,,613.19,,,,,,,,,,,,,,,,,,,,,,true,false,6,2019-04-01,2019-09-30,-1
2020-10-19,18780,2021-03-31,,205000000000,0.057,,,,,12500000000,1.500,53500000000,0.081,48000000000,,0.043,699.45,,,,,,,,,,,,,,,,,,,,,,false,true,6,2020-04-01,2020-09-30,0
2020-10-19,18780,2020-03-31,,255439000000,,,,,,22965000000,,62012000000,,53552000000,,,765.73,,,,,,,,,,,,,,,,,,,,,,false,false,6,2019-04-01,2019-09-30,-1
2020-10-29,18780,2021-03-31,2,734942000000,-0.046,,,,,51758000000,-0.137,54053000000,-0.136,,36933000000,,538.22,537.92,,,,,848835000000,299357000000,0.357,4400.94,302694000000,,,,,,,,,,,,true,false,6,2020-04-01,2020-09-30,0
2020-10-29,18780,2020-03-31,2,770077000000,-0.036,,,,,60008000000,-0.210,62545000000,-0.205,,42884000000,,613.19,612.75,,,,,,,,,,,,,,,,,,,,,true,false,6,2019-04-01,2019-09-30,-1
2020-10-29,18780,2021-03-31,2,1480000000000,-0.067,,,,,80000000000,-0.375,84000000000,-0.369,,56000000000,,816.03,,,,,,,,,,,,,,,,,,,,,,true,true,12,2020-04-01,2021-03-31,0
2020-10-29,18780,2020-03-31,2,,,,,,,,,,,,,,,,,,,,880289000000,286161000000,0.325,4186.91,286526000000,,,,,,,,,,,,true,false,12,2019-04-01,2020-03-31,-1
2020-10-29,18780,2020-03-31,2,,,,,,,,,,,,,,,,,,,,,,,,,,,,,653.00,,,,68918979,485143,,false,false,12,2019-04-01,2020-03-31,-1
2020-10-29,18780,2021-03-31,2,,,,,,,,,,,,,,,,,,,,,,,,,,,,,204.00,,,,,,,false,false,12,2020-04-01,2021-03-31,0
2020-10-29,18780,2021-03-31,2,,,,,,,,,,,,,,,,,,,,,,,,,,,,,408.00,,,,,,,false,true,12,2020-04-01,2021-03-31,0
2020-10-29,18780,2021-03-31,2,,,,,,,,,,,,,,,,,,,,,,,,,,,,,,,,,68918979,139545,68622259,false,false,6,2020-04-01,2020-09-30,0
2020-10-29,18780,2020-03-31,2,,,,,,,,,,,,,,,,,,,,,,,,,,,,,,,,,,,69936776,false,false,6,2019-04-01,2019-09-30,-1
2021-01-28,18780,2021-03-31,3,1109234000000,-0.032,,,,,77824000000,-0.121,81052000000,-0.122,,55927000000,,814.78,814.37,,,,,856551000000,300017000000,0.354,4441.22,303241000000,,,,,,,,,,,,true,false,9,2020-04-01,2020-12-31,0
2021-01-28,18780,2020-03-31,3,1145939000000,-0.025,,,,,88556000000,-0.157,92366000000,-0.151,,63028000000,,908.01,907.37,,,,,,,,,,,,,,,,,,,,,true,false,9,2019-04-01,2019-12-31,-1
2021-01-28,18780,2021-03-31,3,1480000000000,-0.067,,,,,80000000000,-0.375,84000000000,-0.369,,56000000000,,816.03,,,,,,,,,,,,,,,,,,,,,,true,true,12,2020-04-01,2021-03-31,0
2021-01-28,18780,2020-03-31,3,,,,,,,,,,,,,,,,,,,,880289000000,286161000000,0.325,4186.91,286526000000,,,,,,,,,,,,true,false,12,2019-04-01,2020-03-31,-1
2021-01-28,18780,2020-03-31,3,,,,,,,,,,,,,,,,,,,,,,,,,,,,,653.00,,,,68918979,485143,,false,false,12,2019-04-01,2020-03-31,-1
2021-01-28,18780,2021-03-31,3,,,,,,,,,,,,,,,,,,,,,,,,,,,,,204.00,,,,,,,false,false,12,2020-04-01,2021-03-31,0
2021-01-28,18780,2021-03-31,3,,,,,,,,,,,,,,,,,,,,,,,,,,,,,408.00,,,,,,,false,true,12,2020-04-01,2021-03-31,0
2021-01-28,18780,2021-03-31,3,,,,,,,,,,,,,,,,,,,,,,,,,,,,,,,,,68918979,640008,68640996,false,false,9,2020-04-01,2020-12-31,0
2021-01-28,18780,2020-03-31,3,,,,,,,,,,,,,,,,,,,,,,,,,,,,,,,,,,,69413763,false,false,9,2019-04-01,2019-12-31,-1
2021-04-30,18780,2021-03-31,,1488915000000,-0.061,,,,,86738000000,-0.322,90607000000,-0.319,,62285000000,,909.31,908.84,0.209,0.101,0.058,,919454000000,308206000000,0.337,4558.91,310218000000,98461000000,-24740000000,-34315000000,198760000000,,0.500,,,,,,true,false,12,2020-04-01,2021-03-31,0
2021-04-30,18780,2020-03-31,,1586293000000,-0.003,,,,,127956000000,0.007,133028000000,0.006,,90380000000,,1306.71,1305.77,0.306,0.153,0.081,,880289000000,286161000000,0.325,4186.91,286526000000,102129000000,-18301000000,-111410000000,159902000000,,0.500,,,,,,true,false,12,2019-04-01,2020-03-31,-1
2021-04-30,18780,2022-03-31,,760000000000,0.034,,,,,50000000000,-0.034,51000000000,-0.056,,34000000000,,493.73,,,,,,,,,,,,,,,,,,,,,,true,true,6,2021-04-01,2021-09-30,1
2021-04-30,18780,2022-03-31,,1570000000000,0.054,,,,,94000000000,0.084,97000000000,0.071,,65000000000,,943.90,,,,,,,,,,,,,,,,0.500,,,,,,true,true,12,2021-04-01,2022-03-31,1
2021-04-30,18780,2021-03-31,,404107000000,-0.270,,,,,7688000000,-0.861,51056000000,-0.478,46767000000,,-0.404,682.76,682.42,,,,,597870000000,132058000000,0.231,2030.75,138186000000,,,,,455.00,,,,68918979,872295,68497450,false,false,12,2020-04-01,2021-03-31,0
2021-04-30,18780,2020-03-31,,553359000000,-0.099,,,,,55474000000,-0.098,97875000000,-0.115,78464000000,,-0.118,1134.43,1133.66,,,,,583695000000,125430000000,0.221,1884.86,128988000000,,,,,653.00,,,,68918979,485143,69166609,false,false,12,2019-04-01,2020-03-31,-1
2021-04-30,18780,2022-03-31,,206000000000,0.003,,,,,7000000000,-0.451,48000000000,-0.104,45000000000,,-0.065,653.47,,,,,,,,,,,,,,,,,,,,,,false,true,6,2021-04-01,2021-09-30,1
2021-04-30,18780,2022-03-31,,432000000000,0.069,,,,,10000000000,0.301,55000000000,0.077,48000000000,,0.026,697.03,,,,,,,,,,,,,,,472.00,,,,,,,false,true,12,2021-04-01,2022-03-31,1
2021-07-29,18780,2022-03-31,1,373599000000,0.052,,,,,27000000000,0.143,27715000000,0.133,,18244000000,,268.07,267.95,,,,,920242000000,329149000000,0.359,4853.91,330501000000,,,,,,,,,,,,true,false,3,2021-04-01,2021-06-30,0
2021-07-29,18780,2021-03-31,1,355286000000,-0.034,,,,,23627000000,-0.153,24472000000,-0.172,,16579000000,,242.09,241.95,,,,,,,,,,,,,,,,,,,,,true,false,3,2020-04-01,2020-06-30,-1
2021-07-29,18780,2022-03-31,1,760000000000,0.034,,,,,50000000000,-0.034,51000000000,-0.056,,34000000000,,493.73,,,,,,,,,,,,,,,,,,,,,,true,true,6,2021-04-01,2021-09-30,0
2021-07-29,18780,2022-03-31,1,1570000000000,0.054,,,,,94000000000,0.084,97000000000,0.071,,65000000000,,943.90,,,,,,,,,,,,,,,,,,,,,,true,true,12,2021-04-01,2022-03-31,0
2021-07-29,18780,2021-03-31,1,,,,,,,,,,,,,,,,,,,,919454000000,308206000000,0.337,4558.91,310218000000,,,,,,,,,,,,true,false,12,2020-04-01,2021-03-31,-1
2021-07-29,18780,2021-03-31,1,,,,,,,,,,,,,,,,,,,,,,,,,,,,,455.00,,,,68918979,872295,,false,false,12,2020-04-01,2021-03-31,-1
2021-07-29,18780,2022-03-31,1,,,,,,,,,,,,,,,,,,,,,,,,,,,,,472.00,,,,,,,false,true,12,2021-04-01,2022-03-31,0
2021-07-29,18780,2022-03-31,1,,,,,,,,,,,,,,,,,,,,,,,,,,,,,,,,,68918979,829285,68060777,false,false,3,2021-04-01,2021-06-30,0
2021-07-29,18780,2021-03-31,1,,,,,,,,,,,,,,,,,,,,,,,,,,,,,,,,,,,68486066,false,false,3,2020-04-01,2020-06-30,-1
2021-10-18,18780,2022-03-31,,781000000000,0.028,,,,,62000000000,0.240,64000000000,0.255,43000000000,,0.265,631.56,,,,,,,,,,,,,,,,,,,,,,true,true,6,2021-04-01,2021-09-30,0
2021-10-18,18780,2021-03-31,,734942000000,,,,,,51758000000,,54053000000,,36933000000,,,538.22,,,,,,,,,,,,,,,,,,,,,,true,false,6,2020-04-01,2020-09-30,-1
2021-10-18,18780,2022-03-31,,214000000000,0.039,,,,,12000000000,0.714,54000000000,0.125,49000000000,,0.089,719.69,,,,,,,,,,,,,,,,,,,,,,false,true,6,2021-04-01,2021-09-30,0
2021-10-18,18780,2021-03-31,,205296000000,,,,,,12757000000,,53565000000,,48121000000,,,701.25,,,,,,,,,,,,,,,,,,,,,,false,false,6,2020-04-01,2020-09-30,-1
2021-10-28,18780,2022-03-31,2,781495000000,0.063,,,,,62479000000,0.207,64281000000,0.189,,43549000000,,639.64,639.37,,,,,955913000000,355245000000,0.373,5236.28,356708000000,,,,,,,,,,,,true,false,6,2021-04-01,2021-09-30,0
2021-10-28,18780,2021-03-31,2,734942000000,-0.046,,,,,51758000000,-0.137,54053000000,-0.136,,36933000000,,538.22,537.92,,,,,,,,,,,,,,,,,,,,,true,false,6,2020-04-01,2020-09-30,-1
2021-10-28,18780,2022-03-31,2,1570000000000,0.054,,,,,94000000000,0.084,97000000000,0.071,,65000000000,,943.90,,,,,,,,,,,,,,,,,,,,,,true,true,12,2021-04-01,2022-03-31,0
2021-10-28,18780,2021-03-31,2,,,,,,,,,,,,,,,,,,,,919454000000,308206000000,0.337,4558.91,310218000000,,,,,,,,,,,,true,false,12,2020-04-01,2021-03-31,-1
2021-10-28,18780,2021-03-31,2,,,,,,,,,,,,,,,,,,,,,,,,,,,,,455.00,,,,68918979,872295,,false,false,12,2020-04-01,2021-03-31,-1
2021-10-28,18780,2022-03-31,2,,,,,,,,,,,,,,,,,,,,,,,,,,,,,236.00,,,,,,,false,false,12,2021-04-01,2022-03-31,0
2021-10-28,18780,2022-03-31,2,,,,,,,,,,,,,,,,,,,,,,,,,,,,,472.00,,,,,,,false,true,12,2021-04-01,2022-03-31,0
2021-10-28,18780,2022-03-31,2,,,,,,,,,,,,,,,,,,,,,,,,,,,,,,,,,68918979,796457,68084710,false,false,6,2021-04-01,2021-09-30,0
2021-10-28,18780,2021-03-31,2,,,,,,,,,,,,,,,,,,,,,,,,,,,,,,,,,,,68622259,false,false,6,2020-04-01,2020-09-30,-1
2022-01-28,18780,2022-03-31,3,1175244000000,0.060,,,,,89510000000,0.150,92599000000,0.142,,63008000000,,925.21,924.84,,,,,936083000000,358667000000,0.385,5281.25,360034000000,,,,,,,,,,,,true,false,9,2021-04-01,2021-12-31,0
2022-01-28,18780,2021-03-31,3,1109234000000,-0.032,,,,,77824000000,-0.121,81052000000,-0.122,,55927000000,,814.78,814.37,,,,,,,,,,,,,,,,,,,,,true,false,9,2020-04-01,2020-12-31,-1
2022-01-28,18780,2022-03-31,3,1570000000000,0.054,,,,,94000000000,0.084,97000000000,0.071,,65000000000,,943.90,,,,,,,,,,,,,,,,,,,,,,true,true,12,2021-04-01,2022-03-31,0
2022-01-28,18780,2021-03-31,3,,,,,,,,,,,,,,,,,,,,919454000000,308206000000,0.337,4558.91,310218000000,,,,,,,,,,,,true,false,12,2020-04-01,2021-03-31,-1
2022-01-28,18780,2021-03-31,3,,,,,,,,,,,,,,,,,,,,,,,,,,,,,455.00,,,,68918979,872295,,false,false,12,2020-04-01,2021-03-31,-1
2022-01-28,18780,2022-03-31,3,,,,,,,,,,,,,,,,,,,,,,,,,,,,,236.00,,,,,,,false,false,12,2021-04-01,2022-03-31,0
2022-01-28,18780,2022-03-31,3,,,,,,,,,,,,,,,,,,,,,,,,,,,,,472.00,,,,,,,false,true,12,2021-04-01,2022-03-31,0
2022-01-28,18780,2022-03-31,3,,,,,,,,,,,,,,,,,,,,,,,,,,,,,,,,,68918979,746765,68101222,false,false,9,2021-04-01,2021-12-31,0
2022-01-28,18780,2021-03-31,3,,,,,,,,,,,,,,,,,,,,,,,,,,,,,,,,,,,68640996,false,false,9,2020-04-01,2020-12-31,-1
2022-04-25,18780,2022-03-31,,1583000000000,0.008,,,,,99000000000,0.053,103000000000,0.062,69000000000,,0.062,1020.00,,,,,,,,,,,,,,,,,,,,,,true,true,12,2021-04-01,2022-03-31,0
2022-04-25,18780,2021-03-31,,1488915000000,,,,,,86738000000,,90607000000,,62285000000,,,909.31,,,,,,,,,,,,,,,,,,,,,,true,false,12,2020-04-01,2021-03-31,-1
2022-04-25,18780,2022-03-31,,437000000000,0.012,,,,,2000000000,-0.800,48000000000,-0.127,43000000000,,-0.104,630.00,,,,,,,,,,,,,,,510.00,,,,,,,false,true,12,2021-04-01,2022-03-31,0
2022-04-25,18780,2021-03-31,,404107000000,,,,,,7688000000,,51056000000,,46767000000,,,682.76,,,,,,,,,,,,,,,455.00,,,,,,,false,false,12,2020-04-01,2021-03-31,-1
2022-04-25,18780,2022-03-31,,,,,,,,,,,,,,,,,,,,,,,,,,,,,,236.00,,,,,,,false,false,12,2021-04-01,2022-03-31,0
2022-04-28,18780,2022-03-31,,1583003000000,0.063,,,,,99594000000,0.148,103671000000,0.144,,69580000000,,1021.43,1021.00,0.201,0.107,0.063,,1005879000000,365787000000,0.365,5379.73,366844000000,112483000000,-19511000000,-34089000000,258825000000,,0.500,,,,,,true,false,12,2021-04-01,2022-03-31,0
2022-04-28,18780,2021-03-31,,1488915000000,-0.061,,,,,86738000000,-0.322,90607000000,-0.319,,62285000000,,909.31,908.84,0.209,0.101,0.058,,919454000000,308206000000,0.337,4558.91,310218000000,98461000000,-24740000000,-34315000000,198760000000,,0.500,,,,,,true,false,12,2020-04-01,2021-03-31,-1
2022-04-28,18780,2023-03-31,,790000000000,0.011,,,,,49000000000,-0.216,51000000000,-0.207,,35000000000,,510.00,,,,,,,,,,,,,,,,,,,,,,true,true,6,2022-04-01,2022-09-30,1
2022-04-28,18780,2023-03-31,,1645000000000,0.039,,,,,100000000000,0.004,104000000000,0.003,,70000000000,,1028.00,,,,,,,,,,,,,,,,0.500,,,,,,true,true,12,2022-04-01,2023-03-31,1
2022-04-28,18780,2022-03-31,,437742000000,0.083,,,,,2873000000,-0.626,48736000000,-0.045,43005000000,,-0.080,631.32,631.07,,,,,669348000000,138085000000,0.214,2099.73,143181000000,,,,,511.00,,,,68918979,728764,68120567,false,false,12,2021-04-01,2022-03-31,0
2022-04-28,18780,2021-03-31,,404107000000,-0.270,,,,,7688000000,-0.861,51056000000,-0.478,46767000000,,-0.404,682.76,682.42,,,,,597870000000,132058000000,0.231,2030.75,138186000000,,,,,455.00,,,,68918979,872295,68497450,false,false,12,2020-04-01,2021-03-31,-1
2022-04-28,18780,2023-03-31,,204000000000,-0.047,,,,,-3000000000,,46000000000,-0.162,46000000000,,-0.071,680.00,,,,,,,,,,,,,,,,,,,,,,false,true,6,2022-04-01,2022-09-30,1
2022-04-28,18780,2023-03-31,,458000000000,0.046,,,,,1000000000,-0.652,54000000000,0.108,51000000000,,0.186,740.00,,,,,,,,,,,,,,,514.00,,,,,,,false,true,12,2022-04-01,2023-03-31,1
2022-08-03,18780,2023-03-31,1,394129000000,0.055,,,,,25294000000,-0.063,27087000000,-0.023,,18246000000,,267.53,267.43,,,,,1002944000000,370182000000,0.370,5433.71,370799000000,,,,,,,,,,,,true,false,3,2022-04-01,2022-06-30,0
2022-08-03,18780,2022-03-31,1,373599000000,0.052,,,,,27000000000,0.143,27715000000,0.133,,18244000000,,268.07,267.95,,,,,,,,,,,,,,,,,,,,,true,false,3,2021-04-01,2021-06-30,-1
2022-08-03,18780,2023-03-31,1,790000000000,0.011,,,,,49000000000,-0.216,51000000000,-0.207,,35000000000,,510.00,,,,,,,,,,,,,,,,,,,,,,true,true,6,2022-04-01,2022-09-30,0
2022-08-03,18780,2023-03-31,1,1645000000000,0.039,,,,,100000000000,0.004,104000000000,0.003,,70000000000,,1028.00,,,,,,,,,,,,,,,,,,,,,,true,true,12,2022-04-01,2023-03-31,0
2022-08-03,18780,2022-03-31,1,,,,,,,,,,,,,,,,,,,,1005879000000,365787000000,0.365,5379.73,366844000000,,,,,,,,,,,,true,false,12,2021-04-01,2022-03-31,-1
2022-08-03,18780,2022-03-31,1,,,,,,,,,,,,,,,,,,,,,,,,,,,,,511.00,,,,68918979,728764,,false,false,12,2021-04-01,2022-03-31,-1
2022-08-03,18780,2023-03-31,1,,,,,,,,,,,,,,,,,,,,,,,,,,,,,514.00,,,,,,,false,true,12,2022-04-01,2023-03-31,0
2022-08-03,18780,2023-03-31,1,,,,,,,,,,,,,,,,,,,,,,,,,,,,,,,,,68918979,678541,68205285,false,false,3,2022-04-01,2022-06-30,0
2022-08-03,18780,2022-03-31,1,,,,,,,,,,,,,,,,,,,,,,,,,,,,,,,,,,,68060777,false,false,3,2021-04-01,2021-06-30,-1
2022-10-21,18780,2023-03-31,,805000000000,0.018,,,,,51000000000,0.041,53000000000,0.039,,36000000000,,530.00,,,,,,,,,,,,,,,,,,,,,,true,true,6,2022-04-01,2022-09-30,0
2022-10-21,18780,2022-03-31,,781495000000,,,,,,62479000000,,64281000000,,,43549000000,,639.64,,,,,,,,,,,,,,,,,,,,,,true,false,6,2021-04-01,2021-09-30,-1
2022-10-21,18780,2023-03-31,,217000000000,0.064,,,-1500000000,,,,47500000000,0.033,46500000000,,0.011,685.00,,,,,,,,,,,,,,,,,,,,,,false,true,6,2022-04-01,2022-09-30,0
2022-10-21,18780,2022-03-31,,214140000000,,,,12163000000,,,,54902000000,,49518000000,,,727.31,,,,,,,,,,,,,,,,,,,,,,false,false,6,2021-04-01,2021-09-30,-1
2022-10-21,18780,2023-03-31,,805000000000,0.018,,,,,51000000000,0.041,53000000000,0.039,,36000000000,,530.00,,,,,,,,,,,,,,,,,,,,,,true,true,6,2022-04-01,2022-09-30,0
2022-10-21,18780,2022-03-31,,781495000000,,,,,,62479000000,,64281000000,,,43549000000,,639.64,,,,,,,,,,,,,,,,,,,,,,true,false,6,2021-04-01,2021-09-30,-1
2022-10-21,18780,2023-03-31,,217000000000,0.064,,,,,-1500000000,,47500000000,0.033,46500000000,,0.011,685.00,,,,,,,,,,,,,,,,,,,,,,false,true,6,2022-04-01,2022-09-30,0
2022-10-21,18780,2022-03-31,,214140000000,,,,,,12163000000,,54902000000,,49518000000,,,727.31,,,,,,,,,,,,,,,,,,,,,,false,false,6,2021-04-01,2021-09-30,-1
2022-10-27,18780,2023-03-31,2,805072000000,0.030,,,,,51587000000,-0.174,53274000000,-0.171,,36285000000,,531.88,531.70,,,,,1011323000000,392184000000,0.389,5758.84,392914000000,,,,,,,,,,,,true,false,6,2022-04-01,2022-09-30,0
2022-10-27,18780,2022-03-31,2,781495000000,0.063,,,,,62479000000,0.207,64281000000,0.189,,43549000000,,639.64,639.37,,,,,,,,,,,,,,,,,,,,,true,false,6,2021-04-01,2021-09-30,-1
2022-10-27,18780,2023-03-31,2,1645000000000,0.039,,,,,100000000000,0.004,104000000000,0.003,,70000000000,,1028.00,,,,,,,,,,,,,,,,,,,,,,true,true,12,2022-04-01,2023-03-31,0
2022-10-27,18780,2022-03-31,2,,,,,,,,,,,,,,,,,,,,1005879000000,365787000000,0.365,5379.73,366844000000,,,,,,,,,,,,true,false,12,2021-04-01,2022-03-31,-1
2022-10-27,18780,2022-03-31,2,,,,,,,,,,,,,,,,,,,,,,,,,,,,,511.00,,,,68918979,728764,,false,false,12,2021-04-01,2022-03-31,-1
2022-10-27,18780,2023-03-31,2,,,,,,,,,,,,,,,,,,,,,,,,,,,,,257.00,,,,,,,false,false,12,2022-04-01,2023-03-31,0
2022-10-27,18780,2023-03-31,2,,,,,,,,,,,,,,,,,,,,,,,,,,,,,514.00,,,,,,,false,true,12,2022-04-01,2023-03-31,0
2022-10-27,18780,2023-03-31,2,,,,,,,,,,,,,,,,,,,,,,,,,,,,,,,,,68918979,690875,68221454,false,false,6,2022-04-01,2022-09-30,0
2022-10-27,18780,2022-03-31,2,,,,,,,,,,,,,,,,,,,,,,,,,,,,,,,,,,,68084710,false,false,6,2021-04-01,2021-09-30,-1
2023-01-30,18780,2023-03-31,3,1211559000000,0.031,,,,,76054000000,-0.150,78282000000,-0.155,,53078000000,,777.97,777.74,,,,,982245000000,392911000000,0.401,5763.38,393510000000,,,,,,,,,,,,true,false,9,2022-04-01,2022-12-31,0
2023-01-30,18780,2022-03-31,3,1175244000000,0.060,,,,,89510000000,0.150,92599000000,0.142,,63008000000,,925.21,924.84,,,,,,,,,,,,,,,,,,,,,true,false,9,2021-04-01,2021-12-31,-1
2023-01-30,18780,2023-03-31,3,1645000000000,0.039,,,,,100000000000,0.004,104000000000,0.003,,70000000000,,1028.00,,,,,,,,,,,,,,,,,,,,,,true,true,12,2022-04-01,2023-03-31,0
2023-01-30,18780,2022-03-31,3,,,,,,,,,,,,,,,,,,,,1005879000000,365787000000,0.365,5379.73,366844000000,,,,,,,,,,,,true,false,12,2021-04-01,2022-03-31,-1
2023-01-30,18780,2022-03-31,3,,,,,,,,,,,,,,,,,,,,,,,,,,,,,511.00,,,,68918979,728764,,false,false,12,2021-04-01,2022-03-31,-1
2023-01-30,18780,2023-03-31,3,,,,,,,,,,,,,,,,,,,,,,,,,,,,,257.00,,,,,,,false,false,12,2022-04-01,2023-03-31,0
2023-01-30,18780,2023-03-31,3,,,,,,,,,,,,,,,,,,,,,,,,,,,,,514.00,,,,,,,false,true,12,2022-04-01,2023-03-31,0
2023-01-30,18780,2023-03-31,3,,,,,,,,,,,,,,,,,,,,,,,,,,,,,,,,,68918979,641237,68227235,false,false,9,2022-04-01,2022-12-31,0
2023-01-30,18780,2022-03-31,3,,,,,,,,,,,,,,,,,,,,,,,,,,,,,,,,,,,68101222,false,false,9,2021-04-01,2021-12-31,-1
2023-04-24,18780,2023-03-31,,1657000000000,0.007,,,,,100000000000,,104000000000,,,70000000000,,1028.00,,,,,,,,,,,,,,,,,,,,,,true,true,12,2022-04-01,2023-03-31,0
2023-04-24,18780,2022-03-31,,1583003000000,,,,,,99594000000,,103671000000,,,69580000000,,1021.43,,,,,,,,,,,,,,,,,,,,,,true,false,12,2021-04-01,2022-03-31,-1
2023-04-24,18780,2023-03-31,,470000000000,0.026,,,,,3500000000,2.500,56000000000,0.037,59000000000,,0.157,850.00,,,,,,,,,,,,,,,,,,,,,,false,true,12,2022-04-01,2023-03-31,0
2023-04-24,18780,2022-03-31,,437742000000,,,,,,2873000000,,48736000000,,43005000000,,,631.32,,,,,,,,,,,,,,,,,,,,,,false,false,12,2021-04-01,2022-03-31,-1
2023-04-28,18780,2023-03-31,,1657626000000,0.047,,,,,100000000000,0.004,103898000000,0.002,,70361000000,,1031.06,1030.75,0.182,0.100,0.060,,1061909000000,404933000000,0.382,5941.66,405810000000,82102000000,-57093000000,-40063000000,246312000000,,0.500,,,,,,true,false,12,2022-04-01,2023-03-31,0
2023-04-28,18780,2022-03-31,,1583003000000,0.063,,,,,99594000000,0.148,103671000000,0.144,,69580000000,,1021.43,1021.00,0.201,0.107,0.063,,1005879000000,365787000000,0.365,5379.73,366844000000,112483000000,-19511000000,-34089000000,258825000000,,0.500,,,,,,true,false,12,2021-04-01,2022-03-31,-1
2023-04-28,18780,2024-03-31,,827000000000,0.027,,,,,45000000000,-0.128,47000000000,-0.118,,32000000000,,470.00,,,,,,,,,,,,,,,,,,,,,,true,true,6,2023-04-01,2023-09-30,1
2023-04-28,18780,2024-03-31,,1715000000000,0.035,,,,,103000000000,0.030,108000000000,0.039,,73000000000,,1070.00,,,,,,,,,,,,,,,,0.500,,,,,,true,true,12,2023-04-01,2024-03-31,1
2023-04-28,18780,2023-03-31,,470003000000,0.074,,,,,3859000000,0.343,55820000000,0.145,59219000000,,0.377,867.80,867.55,,,,,686272000000,153913000000,0.231,2316.66,158225000000,,,,,516.00,,,,68918979,619803,68241658,false,false,12,2022-04-01,2023-03-31,0
2023-04-28,18780,2022-03-31,,437742000000,0.083,,,,,2873000000,-0.626,48736000000,-0.045,43005000000,,-0.080,631.32,631.07,,,,,669348000000,138085000000,0.214,2099.73,143181000000,,,,,511.00,,,,68918979,728764,68120567,false,false,12,2021-04-01,2022-03-31,-1
2023-04-28,18780,2024-03-31,,220000000000,0.013,,,,,,,45000000000,-0.053,44000000000,,-0.061,640.00,,,,,,,,,,,,,,,,,,,,,,false,true,6,2023-04-01,2023-09-30,1
2023-04-28,18780,2024-03-31,,473000000000,0.006,,,,,,,57000000000,0.021,52000000000,,-0.122,760.00,,,,,,,,,,,,,,,535.00,,,,,,,false,true,12,2023-04-01,2024-03-31,1
2023-07-28,18780,2024-03-31,1,408042000000,0.035,,,,,24139000000,-0.046,26342000000,-0.027,,18480000000,,270.53,270.48,,,,,1046878000000,410071000000,0.392,6006.15,410449000000,,,,,,,,,,,,true,false,3,2023-04-01,2023-06-30,0
2023-07-28,18780,2023-03-31,1,394129000000,0.055,,,,,25294000000,-0.063,27087000000,-0.023,,18246000000,,267.53,267.43,,,,,,,,,,,,,,,,,,,,,true,false,3,2022-04-01,2022-06-30,-1
2023-07-28,18780,2024-03-31,1,827000000000,0.027,,,,,45000000000,-0.128,47000000000,-0.118,,32000000000,,470.00,,,,,,,,,,,,,,,,,,,,,,true,true,6,2023-04-01,2023-09-30,0
2023-07-28,18780,2024-03-31,1,1715000000000,0.035,,,,,103000000000,0.030,108000000000,0.039,,73000000000,,1070.00,,,,,,,,,,,,,,,,,,,,,,true,true,12,2023-04-01,2024-03-31,0
2023-07-28,18780,2023-03-31,1,,,,,,,,,,,,,,,,,,,,1061909000000,404933000000,0.382,5941.66,405810000000,,,,,,,,,,,,true,false,12,2022-04-01,2023-03-31,-1
2023-07-28,18780,2023-03-31,1,,,,,,,,,,,,,,,,,,,,,,,,,,,,,516.00,,,,68918979,619803,,false,false,12,2022-04-01,2023-03-31,-1
2023-07-28,18780,2024-03-31,1,,,,,,,,,,,,,,,,,,,,,,,,,,,,,535.00,,,,,,,false,true,12,2023-04-01,2024-03-31,0
2023-07-28,18780,2024-03-31,1,,,,,,,,,,,,,,,,,,,,,,,,,,,,,,,,,68918979,580850,68312009,false,false,3,2023-04-01,2023-06-30,0
2023-07-28,18780,2023-03-31,1,,,,,,,,,,,,,,,,,,,,,,,,,,,,,,,,,,,68205285,false,false,3,2022-04-01,2022-06-30,-1
2023-10-30,18780,2024-03-31,2,837124000000,0.040,,,,,52030000000,0.009,54498000000,0.023,,38989000000,,570.54,570.45,,,,,1069667000000,433795000000,0.406,6351.49,434264000000,,,,,,,,,,,,true,false,6,2023-04-01,2023-09-30,0
2023-10-30,18780,2023-03-31,2,805072000000,0.030,,,,,51587000000,-0.174,53274000000,-0.171,,36285000000,,531.88,531.70,,,,,,,,,,,,,,,,,,,,,true,false,6,2022-04-01,2022-09-30,-1
2023-10-30,18780,2024-03-31,2,1715000000000,0.035,,,,,103000000000,0.030,108000000000,0.039,,73000000000,,1070.00,,,,,,,,,,,,,,,,,,,,,,true,true,12,2023-04-01,2024-03-31,0
2023-10-30,18780,2023-03-31,2,,,,,,,,,,,,,,,,,,,,1061909000000,404933000000,0.382,5941.66,405810000000,,,,,,,,,,,,true,false,12,2022-04-01,2023-03-31,-1
2023-10-30,18780,2023-03-31,2,,,,,,,,,,,,,,,,,,,,,,,,,,,,,516.00,,,,68918979,619803,,false,false,12,2022-04-01,2023-03-31,-1
2023-10-30,18780,2024-03-31,2,,,,,,,,,,,,,,,,,,,,,,,,,,,,,267.00,,,,,,,false,false,12,2023-04-01,2024-03-31,0
2023-10-30,18780,2024-03-31,2,,,,,,,,,,,,,,,,,,,,,,,,,,,,,535.00,,,,,,,false,true,12,2023-04-01,2024-03-31,0
2023-10-30,18780,2024-03-31,2,,,,,,,,,,,,,,,,,,,,,,,,,,,,,,,,,68918979,546981,68336895,false,false,6,2023-04-01,2023-09-30,0
2023-10-30,18780,2023-03-31,2,,,,,,,,,,,,,,,,,,,,,,,,,,,,,,,,,,,68221454,false,false,6,2022-04-01,2022-09-30,-1
2024-01-30,18780,2024-03-31,3,1269830000000,0.048,,,,,81272000000,0.069,84731000000,0.082,,60146000000,,885.95,885.82,,,,,1008329000000,388961000000,0.386,5958.45,389140000000,,,,,,,,,,,,true,false,9,2023-04-01,2023-12-31,0
2024-01-30,18780,2023-03-31,3,1211559000000,0.031,,,,,76054000000,-0.150,78282000000,-0.155,,53078000000,,777.97,777.74,,,,,,,,,,,,,,,,,,,,,true,false,9,2022-04-01,2022-12-31,-1
2024-01-30,18780,2024-03-31,3,1715000000000,0.035,,,,,103000000000,0.030,108000000000,0.039,,73000000000,,1070.00,,,,,,,,,,,,,,,,,,,,,,true,true,12,2023-04-01,2024-03-31,0
2024-01-30,18780,2023-03-31,3,,,,,,,,,,,,,,,,,,,,1061909000000,404933000000,0.382,5941.66,405810000000,,,,,,,,,,,,true,false,12,2022-04-01,2023-03-31,-1
2024-01-30,18780,2023-03-31,3,,,,,,,,,,,,,,,,,,,,,,,,,,,,,516.00,,,,68918979,619803,,false,false,12,2022-04-01,2023-03-31,-1
2024-01-30,18780,2024-03-31,3,,,,,,,,,,,,,,,,,,,,,,,,,,,,,267.00,,,,,,,false,false,12,2023-04-01,2024-03-31,0
2024-01-30,18780,2024-03-31,3,,,,,,,,,,,,,,,,,,,,,,,,,,,,,535.00,,,,,,,false,true,12,2023-04-01,2024-03-31,0
2024-01-30,18780,2024-03-31,3,,,,,,,,,,,,,,,,,,,,,,,,,,,,,,,,,68918979,3609972,67888641,false,false,9,2023-04-01,2023-12-31,0
2024-01-30,18780,2023-03-31,3,,,,,,,,,,,,,,,,,,,,,,,,,,,,,,,,,,,68227235,false,false,9,2022-04-01,2022-12-31,-1
2024-01-30,18780,2024-03-31,3,1269830000000,0.048,,,,,81272000000,0.069,84731000000,0.082,,60146000000,,885.95,885.74,,,,,1008329000000,388961000000,0.386,5958.45,389140000000,,,,,,,,,,,,true,false,9,2023-04-01,2023-12-31,0
2024-01-30,18780,2023-03-31,3,1211559000000,0.031,,,,,76054000000,-0.150,78282000000,-0.155,,53078000000,,777.97,777.74,,,,,,,,,,,,,,,,,,,,,true,false,9,2022-04-01,2022-12-31,-1
2024-01-30,18780,2024-03-31,3,1715000000000,0.035,,,,,103000000000,0.030,108000000000,0.039,,73000000000,,1070.00,,,,,,,,,,,,,,,,,,,,,,true,true,12,2023-04-01,2024-03-31,0
2024-01-30,18780,2023-03-31,3,,,,,,,,,,,,,,,,,,,,1061909000000,404933000000,0.382,5941.66,405810000000,,,,,,,,,,,,true,false,12,2022-04-01,2023-03-31,-1
2024-01-30,18780,2023-03-31,3,,,,,,,,,,,,,,,,,,,,,,,,,,,,,516.00,,,,68918979,619803,,false,false,12,2022-04-01,2023-03-31,-1
2024-01-30,18780,2024-03-31,3,,,,,,,,,,,,,,,,,,,,,,,,,,,,,267.00,,,,,,,false,false,12,2023-04-01,2024-03-31,0
2024-01-30,18780,2024-03-31,3,,,,,,,,,,,,,,,,,,,,,,,,,,,,,535.00,,,,,,,false,true,12,2023-04-01,2024-03-31,0
2024-01-30,18780,2024-03-31,3,,,,,,,,,,,,,,,,,,,,,,,,,,,,,,,,,68918979,3609972,67888641,false,false,9,2023-04-01,2023-12-31,0
2024-01-30,18780,2023-03-31,3,,,,,,,,,,,,,,,,,,,,,,,,,,,,,,,,,,,68227235,false,false,9,2022-04-01,2022-12-31,-1
2024-05-02,18780,2024-03-31,,1731467000000,0.045,,,,,104819000000,0.048,108720000000,0.046,,74685000000,,1110.59,1109.66,0.184,0.102,0.061,,1080069000000,405800000000,0.376,6211.64,405768000000,90876000000,-13114000000,-96787000000,229038000000,,0.500,,,,,,true,false,12,2023-04-01,2024-03-31,0
2024-05-02,18780,2023-03-31,,1657626000000,0.047,,,,,100000000000,0.004,103898000000,0.002,,70361000000,,1031.06,1030.75,0.182,0.100,0.060,,1061909000000,404933000000,0.382,5941.66,405810000000,82102000000,-57093000000,-40063000000,246312000000,,0.500,,,,,,true,false,12,2022-04-01,2023-03-31,-1
2024-05-02,18780,2025-03-31,,890000000000,0.063,,,,,56000000000,0.076,59000000000,0.083,,39000000000,,593.00,,,,,,,,,,,,,,,,,,,,,,true,true,6,2024-04-01,2024-09-30,1
2024-05-02,18780,2025-03-31,,1820000000000,0.051,,,,,110000000000,0.049,113000000000,0.039,,76000000000,,1150.00,,,,,,,,,,,,,,,,0.500,,,,,,true,true,12,2024-04-01,2025-03-31,1
2024-05-02,18780,2024-03-31,,506384000000,0.077,,,,,8046000000,1.085,62881000000,0.126,58627000000,,-0.010,871.80,871.67,,,,,684797000000,134456000000,0.201,2106.20,137585000000,,,,,555.00,,,,68918979,3595071,67248862,false,false,12,2023-04-01,2024-03-31,0
2024-05-02,18780,2023-03-31,,470003000000,0.074,,,,,3859000000,0.343,55820000000,0.145,59219000000,,0.377,867.80,867.55,,,,,686272000000,153913000000,0.231,2316.66,158225000000,,,,,516.00,,,,68918979,619803,68241658,false,false,12,2022-04-01,2023-03-31,-1
2024-05-02,18780,2025-03-31,,,,,,,,,,,,,,,,,,,,,,,,,,,,,,575.00,,,,,,,false,true,12,2024-04-01,2025-03-31,1
2024-07-31,18780,2025-03-31,1,445143000000,0.091,,,,,33871000000,0.403,35283000000,0.339,,24281000000,,371.63,370.93,,,,,1046118000000,413119000000,0.395,6314.83,412759000000,,,,,,,,,,,,true,false,3,2024-04-01,2024-06-30,0
2024-07-31,18780,2024-03-31,1,408042000000,0.035,,,,,24139000000,-0.046,26342000000,-0.027,,18480000000,,270.53,270.48,,,,,,,,,,,,,,,,,,,,,true,false,3,2023-04-01,2023-06-30,-1
2024-07-31,18780,2025-03-31,1,890000000000,0.063,,,,,56000000000,0.076,59000000000,0.083,,39000000000,,593.00,,,,,,,,,,,,,,,,,,,,,,true,true,6,2024-04-01,2024-09-30,0
2024-07-31,18780,2025-03-31,1,1820000000000,0.051,,,,,110000000000,0.049,113000000000,0.039,,76000000000,,1150.00,,,,,,,,,,,,,,,,,,,,,,true,true,12,2024-04-01,2025-03-31,0
2024-07-31,18780,2024-03-31,1,,,,,,,,,,,,,,,,,,,,1080069000000,405800000000,0.376,6211.64,405768000000,,,,,,,,,,,,true,false,12,2023-04-01,2024-03-31,-1
2024-07-31,18780,2024-03-31,1,,,,,,,,,,,,,,,,,,,,,,,,,,,,,555.00,,,,68918979,3595071,,false,false,12,2023-04-01,2024-03-31,-1
2024-07-31,18780,2025-03-31,1,,,,,,,,,,,,,,,,,,,,,,,,,,,,,575.00,,,,,,,false,true,12,2024-04-01,2025-03-31,0
2024-07-31,18780,2025-03-31,1,,,,,,,,,,,,,,,,,,,,,,,,,,,,,,,,,68918979,3555463,65336609,false,false,3,2024-04-01,2024-06-30,0
2024-07-31,18780,2024-03-31,1,,,,,,,,,,,,,,,,,,,,,,,,,,,,,,,,,,,68312009,false,false,3,2023-04-01,2023-06-30,-1
2024-08-09,18780,2025-03-31,1,445143000000,0.091,,,,,33871000000,0.403,35283000000,0.339,,24281000000,,371.63,370.93,,,,,1046118000000,413119000000,0.395,6314.83,412759000000,,,,,,,,,,,,true,false,3,2024-04-01,2024-06-30,0
2024-08-09,18780,2024-03-31,1,408042000000,0.035,,,,,24139000000,-0.046,26342000000,-0.027,,18480000000,,270.53,270.48,,,,,,,,,,,,,,,,,,,,,true,false,3,2023-04-01,2023-06-30,-1
2024-08-09,18780,2025-03-31,1,890000000000,0.063,,,,,56000000000,0.076,59000000000,0.083,,39000000000,,593.00,,,,,,,,,,,,,,,,,,,,,,true,true,6,2024-04-01,2024-09-30,0
2024-08-09,18780,2025-03-31,1,1820000000000,0.051,,,,,110000000000,0.049,113000000000,0.039,,76000000000,,1150.00,,,,,,,,,,,,,,,,,,,,,,true,true,12,2024-04-01,2025-03-31,0
2024-08-09,18780,2024-03-31,1,,,,,,,,,,,,,,,,,,,,1080069000000,405800000000,0.376,6211.64,405768000000,,,,,,,,,,,,true,false,12,2023-04-01,2024-03-31,-1
2024-08-09,18780,2024-03-31,1,,,,,,,,,,,,,,,,,,,,,,,,,,,,,555.00,,,,68918979,3595071,,false,false,12,2023-04-01,2024-03-31,-1
2024-08-09,18780,2025-03-31,1,,,,,,,,,,,,,,,,,,,,,,,,,,,,,575.00,,,,,,,false,true,12,2024-04-01,2025-03-31,0
2024-08-09,18780,2025-03-31,1,,,,,,,,,,,,,,,,,,,,,,,,,,,,,,,,,68918979,3555463,65336609,false,false,3,2024-04-01,2024-06-30,0
2024-08-09,18780,2024-03-31,1,,,,,,,,,,,,,,,,,,,,,,,,,,,,,,,,,,,68312009,false,false,3,2023-04-01,2023-06-30,-1
2024-10-22,18780,2025-03-31,,907200000000,0.019,,,,,71000000000,0.268,73800000000,0.251,,51100000000,,780.00,,,,,,,,,,,,,,,,,,,,,,true,true,6,2024-04-01,2024-09-30,0
2024-10-22,18780,2024-03-31,,837124000000,,,,,,52030000000,,54498000000,,,38989000000,,570.54,,,,,,,,,,,,,,,,,,,,,,true,false,6,2023-04-01,2023-09-30,-1
2024-10-22,18780,2025-03-31,,1830000000000,0.005,,,,,120000000000,0.091,123000000000,0.088,,84000000000,,1260.00,,,,,,,,,,,,,,,,,,,,,,true,true,12,2024-04-01,2025-03-31,0
2024-10-22,18780,2024-03-31,,1731467000000,,,,,,104819000000,,108720000000,,,74685000000,,1110.59,,,,,,,,,,,,,,,,,,,,,,true,false,12,2023-04-01,2024-03-31,-1
2024-10-22,18780,2025-03-31,,,,,,,,,,,,,,,,,,,,,,,,,,,,,,630.00,,,,,,,false,true,12,2024-04-01,2025-03-31,0
2024-10-22,18780,2024-03-31,,,,,,,,,,,,,,,,,,,,,,,,,,,,,,555.00,,,,,,,false,false,12,2023-04-01,2024-03-31,-1
2024-10-29,18780,2025-03-31,2,907299000000,0.084,,,,,71063000000,0.366,73803000000,0.354,,51119000000,,781.86,780.03,,,,,1112224000000,449408000000,0.404,6828.15,449012000000,,,,,,,,,,,,true,false,6,2024-04-01,2024-09-30,0
2024-10-29,18780,2024-03-31,2,837124000000,0.040,,,,,52030000000,0.009,54498000000,0.023,,38989000000,,570.54,570.45,,,,,,,,,,,,,,,,,,,,,true,false,6,2023-04-01,2023-09-30,-1
2024-10-29,18780,2025-03-31,2,1830000000000,0.057,,,,,120000000000,0.145,123000000000,0.131,,84000000000,,1260.00,,,,,,,,,,,,,,,,,,,,,,true,true,12,2024-04-01,2025-03-31,0
2024-10-29,18780,2024-03-31,2,,,,,,,,,,,,,,,,,,,,1080069000000,405800000000,0.376,6211.64,405768000000,,,,,,,,,,,,true,false,12,2023-04-01,2024-03-31,-1
2024-10-29,18780,2024-03-31,2,,,,,,,,,,,,,,,,,,,,,,,,,,,,,555.00,,,,68918979,3595071,,false,false,12,2023-04-01,2024-03-31,-1
2024-10-29,18780,2025-03-31,2,,,,,,,,,,,,,,,,,,,,,,,,,,,,,287.00,,,,,,,false,false,12,2024-04-01,2025-03-31,0
2024-10-29,18780,2025-03-31,2,,,,,,,,,,,,,,,,,,,,,,,,,,,,,630.00,,,,,,,false,true,12,2024-04-01,2025-03-31,0
2024-10-29,18780,2025-03-31,2,,,,,,,,,,,,,,,,,,,,,,,,,,,,,,,,,68918979,3159964,65382167,false,false,6,2024-04-01,2024-09-30,0
2024-10-29,18780,2024-03-31,2,,,,,,,,,,,,,,,,,,,,,,,,,,,,,,,,,,,68336895,false,false,6,2023-04-01,2023-09-30,-1
2025-01-31,18780,2025-03-31,3,1362176000000,0.073,,,,,102797000000,0.265,108832000000,0.284,,76874000000,,1173.03,1170.65,,,,,1075021000000,451965000000,0.420,6841.68,451285000000,,,,,,,,,,,,true,false,9,2024-04-01,2024-12-31,0
2025-01-31,18780,2024-03-31,3,1269830000000,0.048,,,,,81272000000,0.069,84731000000,0.082,,60146000000,,885.95,885.74,,,,,,,,,,,,,,,,,,,,,true,false,9,2023-04-01,2023-12-31,-1
2025-01-31,18780,2025-03-31,3,1830000000000,0.057,,,,,120000000000,0.145,123000000000,0.131,,84000000000,,1260.00,,,,,,,,,,,,,,,,,,,,,,true,true,12,2024-04-01,2025-03-31,0
2025-01-31,18780,2024-03-31,3,,,,,,,,,,,,,,,,,,,,1080069000000,405800000000,0.376,6211.64,405768000000,,,,,,,,,,,,true,false,12,2023-04-01,2024-03-31,-1
2025-01-31,18780,2024-03-31,3,,,,,,,,,,,,,,,,,,,,,,,,,,,,,555.00,,,,68918979,3595071,,false,false,12,2023-04-01,2024-03-31,-1
2025-01-31,18780,2025-03-31,3,,,,,,,,,,,,,,,,,,,,,,,,,,,,,287.00,,,,,,,false,false,12,2024-04-01,2025-03-31,0
2025-01-31,18780,2025-03-31,3,,,,,,,,,,,,,,,,,,,,,,,,,,,,,630.00,,,,,,,false,true,12,2024-04-01,2025-03-31,0
2025-01-31,18780,2025-03-31,3,,,,,,,,,,,,,,,,,,,,,,,,,,,,,,,,,68918979,2957748,65534704,false,false,9,2024-04-01,2024-12-31,0
2025-01-31,18780,2024-03-31,3,,,,,,,,,,,,,,,,,,,,,,,,,,,,,,,,,,,67888641,false,false,9,2023-04-01,2023-12-31,-1
2025-02-14,18780,2025-03-31,3,1362176000000,0.073,,,,,102797000000,0.265,108832000000,0.284,,76874000000,,1173.03,1170.65,,,,,1075021000000,451965000000,0.420,6841.68,451285000000,,,,,,,,,,,,true,false,9,2024-04-01,2024-12-31,0
2025-02-14,18780,2024-03-31,3,1269830000000,0.048,,,,,81272000000,0.069,84731000000,0.082,,60146000000,,885.95,885.74,,,,,,,,,,,,,,,,,,,,,true,false,9,2023-04-01,2023-12-31,-1
2025-02-14,18780,2025-03-31,3,1830000000000,0.057,,,,,120000000000,0.145,123000000000,0.131,,84000000000,,1260.00,,,,,,,,,,,,,,,,,,,,,,true,true,12,2024-04-01,2025-03-31,0
2025-02-14,18780,2024-03-31,3,,,,,,,,,,,,,,,,,,,,1080069000000,405800000000,0.376,6211.64,405768000000,,,,,,,,,,,,true,false,12,2023-04-01,2024-03-31,-1
2025-02-14,18780,2024-03-31,3,,,,,,,,,,,,,,,,,,,,,,,,,,,,,555.00,,,,68918979,3595071,,false,false,12,2023-04-01,2024-03-31,-1
2025-02-14,18780,2025-03-31,3,,,,,,,,,,,,,,,,,,,,,,,,,,,,,287.00,,,,,,,false,false,12,2024-04-01,2025-03-31,0
2025-02-14,18780,2025-03-31,3,,,,,,,,,,,,,,,,,,,,,,,,,,,,,630.00,,,,,,,false,true,12,2024-04-01,2025-03-31,0
2025-02-14,18780,2025-03-31,3,,,,,,,,,,,,,,,,,,,,,,,,,,,,,,,,,68918979,2957748,65534704,false,false,9,2024-04-01,2024-12-31,0
2025-02-14,18780,2024-03-31,3,,,,,,,,,,,,,,,,,,,,,,,,,,,,,,,,,,,67888641,false,false,9,2023-04-01,2023-12-31,-1
2025-05-02,18780,2025-03-31,,1842357000000,0.064,,,,,118875000000,0.134,129455000000,0.191,,93858000000,,1428.29,1426.08,0.215,0.112,0.065,,1222783000000,467433000000,0.383,7073.15,468766000000,85612000000,-46505000000,-45839000000,223573000000,,0.500,,,,,,true,false,12,2024-04-01,2025-03-31,0
2025-05-02,18780,2024-03-31,,1731467000000,0.045,,,,,104819000000,0.048,108720000000,0.046,,74685000000,,1110.59,1109.66,0.184,0.102,0.061,,1080069000000,405800000000,0.376,6211.64,405768000000,90876000000,-13114000000,-96787000000,229038000000,,0.500,,,,,,true,false,12,2023-04-01,2024-03-31,-1
2025-05-02,18780,2026-03-31,,940000000000,0.036,,,,,58000000000,-0.184,59000000000,-0.201,,42000000000,,630.00,,,,,,,,,,,,,,,,,,,,,,true,true,6,2025-04-01,2025-09-30,1
2025-05-02,18780,2026-03-31,,1970000000000,0.069,,,,,125000000000,0.052,127000000000,-0.019,,90000000000,,274.00,,,,,,,,,,,,,,,,0.500,,,,,,true,true,12,2025-04-01,2026-03-31,1
2025-05-02,18780,2025-03-31,,552061000000,0.090,,,,,19750000000,1.454,108361000000,0.723,99914000000,,0.704,1520.44,1518.09,,,,,762514000000,203290000000,0.270,3102.42,205609000000,,,,,714.00,,,,68918979,2644922,65713943,false,false,12,2024-04-01,2025-03-31,0
2025-05-02,18780,2024-03-31,,506384000000,0.077,,,,,8046000000,1.085,62881000000,0.126,58627000000,,-0.010,871.80,871.67,,,,,684797000000,134456000000,0.201,2106.20,137585000000,,,,,555.00,,,,68918979,3595071,67248862,false,false,12,2023-04-01,2024-03-31,-1
2025-05-02,18780,2026-03-31,,,,,,,,,,,,,,,,,,,,,,,,,,,,,,68.60,,,,,,,false,true,12,2025-04-01,2026-03-31,1
