filing_date,code,fiscal_year_end,quarterly_period,net_sales,net_sales_change,revenue,revenue_change,operating_revenue,operating_revenue_change,operating_profit,operating_profit_change,ordinary_profit,ordinary_profit_change,net_income,net_income_of_parent,net_income_change,eps,diluted_eps,roe,roa,operating_profit_to_net_sales,operating_profit_to_revenue,total_assets,net_assets,equity_ratio,bps,owner_equity,operating_cash_flow,investing_cash_flow,financing_cash_flow,cash,dividend_per_share,payout_ratio,commemorative_dividend,extra_dividend,number_of_shares,number_of_treqsury_shares,avg_number_of_shares,is_consolidated,is_forecast,duration,period_start,period_end,period_pos
2015-05-11,19110,2015-03-31,,997256000000,0.025,,,,,33994000000,0.017,36424000000,0.085,18572000000,,-0.176,104.85,98.87,0.080,0.056,0.034,,665538000000,260782000000,0.369,1387.39,245750000000,14709000000,-23575000000,-17286000000,103296000000,,0.205,,,,,,true,false,12,2014-04-01,2015-03-31,0
2015-05-11,19110,2014-03-31,,972968000000,0.151,,,,,33415000000,0.319,33567000000,0.244,22531000000,,0.415,127.20,122.16,0.110,0.056,0.034,,645197000000,226078000000,0.339,1234.53,218676000000,54057000000,-10476000000,8511000000,128343000000,,0.149,,,,,,true,false,12,2013-04-01,2014-03-31,-1
2015-05-11,19110,2016-03-31,,488000000000,0.039,,,,,7000000000,-0.427,7500000000,-0.437,,3000000000,,16.94,,,,,,,,,,,,,,,,,,,,,,true,true,6,2015-04-01,2015-09-30,1
2015-05-11,19110,2016-03-31,,1062000000000,0.065,,,,,35000000000,0.030,36500000000,0.002,,19500000000,,110.09,,,,,,,,,,,,,,,,0.218,,,,,,true,true,12,2015-04-01,2016-03-31,1
2015-05-11,19110,2015-03-31,,714583000000,-0.055,,,,,18922000000,-0.185,24640000000,-0.079,14851000000,,-0.077,83.84,79.06,,,,,527552000000,203052000000,0.385,1146.33,203052000000,,,,,21.50,,,,177410239,278529,177132685,false,false,12,2014-04-01,2015-03-31,0
2015-05-11,19110,2014-03-31,,756497000000,0.109,,,,,23231000000,0.203,26752000000,0.161,16092000000,,0.100,90.85,87.25,,,,,551657000000,185439000000,0.336,1046.89,185439000000,,,,,19.00,,,,177410239,276468,177134880,false,false,12,2013-04-01,2014-03-31,-1
2015-05-11,19110,2016-03-31,,,,,,,,,,,,,,,,,,,,,,,,,,,,,,24.00,,,,,,,false,true,12,2015-04-01,2016-03-31,1
2015-07-31,19110,2016-03-31,1,195777000000,0.017,,,,,-6261000000,,-5842000000,,,-5293000000,,-29.88,,,,,,648591000000,256139000000,0.371,,240897000000,,,,,,,,,,,,true,false,3,2015-04-01,2015-06-30,0
2015-07-31,19110,2015-03-31,1,192479000000,0.100,,,,,-4226000000,,-3977000000,,,-3003000000,,-16.95,,,,,,,,,,,,,,,,,,,,,,true,false,3,2014-04-01,2014-06-30,-1
2015-07-31,19110,2016-03-31,1,488000000000,0.039,,,,,11500000000,-0.059,12000000000,-0.099,,5500000000,,31.05,,,,,,,,,,,,,,,,,,,,,,true,true,6,2015-04-01,2015-09-30,0
2015-07-31,19110,2016-03-31,1,1062000000000,0.065,,,,,35000000000,0.030,36500000000,0.002,,19500000000,,110.09,,,,,,,,,,,,,,,,,,,,,,true,true,12,2015-04-01,2016-03-31,0
2015-07-31,19110,2015-03-31,1,,,,,,,,,,,,,,,,,,,,665538000000,260782000000,0.369,,245750000000,,,,,,,,,,,,true,false,12,2014-04-01,2015-03-31,-1
2015-07-31,19110,2015-03-31,1,,,,,,,,,,,,,,,,,,,,,,,,,,,,,21.50,,,,177410239,278529,,false,false,12,2014-04-01,2015-03-31,-1
2015-07-31,19110,2016-03-31,1,,,,,,,,,,,,,,,,,,,,,,,,,,,,,24.00,,,,,,,false,true,12,2015-04-01,2016-03-31,0
2015-07-31,19110,2016-03-31,1,,,,,,,,,,,,,,,,,,,,,,,,,,,,,,,,,177410239,278800,177131571,false,false,3,2015-04-01,2015-06-30,0
2015-07-31,19110,2015-03-31,1,,,,,,,,,,,,,,,,,,,,,,,,,,,,,,,,,,,177133711,false,false,3,2014-04-01,2014-06-30,-1
2015-07-31,19110,2016-03-31,,488000000000,,,,,,11500000000,0.643,12000000000,0.600,,5500000000,,31.05,,,,,,,,,,,,,,,,,,,,,,true,true,6,2015-04-01,2015-09-30,0
2015-07-31,19110,2015-03-31,,469570000000,,,,,,12221000000,,13316000000,,,7278000000,,41.09,,,,,,,,,,,,,,,,,,,,,,true,false,6,2014-04-01,2014-09-30,-1
2015-11-05,19110,2016-03-31,2,486440000000,0.036,,,,,12872000000,0.053,13467000000,0.011,,6886000000,,38.87,36.66,,,,,676573000000,263064000000,0.365,,246826000000,,,,,,,,,,,,true,false,6,2015-04-01,2015-09-30,0
2015-11-05,19110,2015-03-31,2,469570000000,0.080,,,,,12221000000,0.184,13316000000,0.228,,7278000000,,41.09,38.74,,,,,,,,,,,,,,,,,,,,,true,false,6,2014-04-01,2014-09-30,-1
2015-11-05,19110,2016-03-31,2,1050000000000,0.053,,,,,39000000000,0.147,40000000000,0.098,,22000000000,,124.20,,,,,,,,,,,,,,,,,,,,,,true,true,12,2015-04-01,2016-03-31,0
2015-11-05,19110,2015-03-31,2,,,,,,,,,,,,,,,,,,,,665538000000,260782000000,0.369,,245750000000,,,,,,,,,,,,true,false,12,2014-04-01,2015-03-31,-1
2015-11-05,19110,2015-03-31,2,,,,,,,,,,,,,,,,,,,,,,,,,,,,,21.50,,,,177410239,278529,,false,false,12,2014-04-01,2015-03-31,-1
2015-11-05,19110,2016-03-31,2,,,,,,,,,,,,,,,,,,,,,,,,,,,,,12.00,,,,,,,false,false,12,2015-04-01,2016-03-31,0
2015-11-05,19110,2016-03-31,2,,,,,,,,,,,,,,,,,,,,,,,,,,,,,24.00,,,,,,,false,true,12,2015-04-01,2016-03-31,0
2015-11-05,19110,2016-03-31,2,,,,,,,,,,,,,,,,,,,,,,,,,,,,,,,,,177410239,279405,177131326,false,false,6,2015-04-01,2015-09-30,0
2015-11-05,19110,2015-03-31,2,,,,,,,,,,,,,,,,,,,,,,,,,,,,,,,,,,,177133294,false,false,6,2014-04-01,2014-09-30,-1
2016-01-29,19110,2016-03-31,3,730067000000,0.044,,,,,17681000000,0.207,17643000000,0.052,,4041000000,,22.81,21.51,,,,,674993000000,256772000000,0.356,,240482000000,,,,,,,,,,,,true,false,9,2015-04-01,2015-12-31,0
2016-01-29,19110,2015-03-31,3,699257000000,0.044,,,,,14651000000,0.044,16772000000,0.177,,7901000000,,44.60,42.06,,,,,,,,,,,,,,,,,,,,,true,false,9,2014-04-01,2014-12-31,-1
2016-01-29,19110,2016-03-31,3,1050000000000,0.053,,,,,40000000000,0.177,40000000000,0.098,,17500000000,,98.80,,,,,,,,,,,,,,,,,,,,,,true,true,12,2015-04-01,2016-03-31,0
2016-01-29,19110,2015-03-31,3,,,,,,,,,,,,,,,,,,,,665538000000,260782000000,0.369,,245750000000,,,,,,,,,,,,true,false,12,2014-04-01,2015-03-31,-1
2016-01-29,19110,2015-03-31,3,,,,,,,,,,,,,,,,,,,,,,,,,,,,,21.50,,,,177410239,278529,,false,false,12,2014-04-01,2015-03-31,-1
2016-01-29,19110,2016-03-31,3,,,,,,,,,,,,,,,,,,,,,,,,,,,,,12.00,,,,,,,false,false,12,2015-04-01,2016-03-31,0
2016-01-29,19110,2016-03-31,3,,,,,,,,,,,,,,,,,,,,,,,,,,,,,24.00,,,,,,,false,true,12,2015-04-01,2016-03-31,0
2016-01-29,19110,2016-03-31,3,,,,,,,,,,,,,,,,,,,,,,,,,,,,,,,,,177410239,280100,177131048,false,false,9,2015-04-01,2015-12-31,0
2016-01-29,19110,2015-03-31,3,,,,,,,,,,,,,,,,,,,,,,,,,,,,,,,,,,,177132979,false,false,9,2014-04-01,2014-12-31,-1
2016-04-20,19110,2016-03-31,,1050000000000,,,,,,30000000000,-0.250,30000000000,-0.250,,10000000000,,56.46,,,,,,,,,,,,,,,,,,,,,,true,true,12,2015-04-01,2016-03-31,0
2016-04-20,19110,2015-03-31,,997256000000,,,,,,33994000000,,36424000000,,,18572000000,,104.85,,,,,,,,,,,,,,,,,,,,,,true,false,12,2014-04-01,2015-03-31,-1
2016-05-12,19110,2016-03-31,,1040524000000,0.043,,,,,30093000000,-0.115,30507000000,-0.162,,9727000000,,54.92,51.78,0.040,0.044,0.029,,709188000000,264127000000,0.343,1374.47,243460000000,45705000000,-9972000000,1813000000,141265000000,,0.437,,,,,,true,false,12,2015-04-01,2016-03-31,0
2016-05-12,19110,2015-03-31,,997256000000,0.025,,,,,33994000000,0.017,36424000000,0.085,,18572000000,,104.85,98.87,0.080,0.056,0.034,,665538000000,260782000000,0.369,1387.39,245750000000,14709000000,-23575000000,-17286000000,103296000000,,0.205,,,,,,true,false,12,2014-04-01,2015-03-31,-1
2016-05-12,19110,2017-03-31,,529500000000,0.089,,,,,13000000000,0.010,14000000000,0.040,,7500000000,,42.34,,,,,,,,,,,,,,,,,,,,,,true,true,6,2016-04-01,2016-09-30,1
2016-05-12,19110,2017-03-31,,1150000000000,0.105,,,,,46000000000,0.529,48000000000,0.573,,27000000000,,152.43,,,,,,,,,,,,,,,,0.197,,,,,,true,true,12,2016-04-01,2017-03-31,1
2016-05-12,19110,2016-03-31,,707796000000,-0.009,,,,,11107000000,-0.413,20586000000,-0.165,10233000000,,-0.311,57.77,54.47,,,,,543658000000,202952000000,0.373,1145.58,202916000000,,,,,24.00,,,,177410239,280362,177130772,false,false,12,2015-04-01,2016-03-31,0
2016-05-12,19110,2015-03-31,,714583000000,-0.055,,,,,18922000000,-0.185,24640000000,-0.079,14851000000,,-0.077,83.84,79.06,,,,,527552000000,203052000000,0.385,1146.33,203052000000,,,,,21.50,,,,177410239,278529,177132685,false,false,12,2014-04-01,2015-03-31,-1
2016-05-12,19110,2017-03-31,,,,,,,,,,,,,,,,,,,,,,,,,,,,,,30.00,,,,,,,false,true,12,2016-04-01,2017-03-31,1
2016-07-29,19110,2017-03-31,1,207662000000,0.061,,,,,-5057000000,,-4030000000,,,-3711000000,,-20.95,,,,,,675038000000,237306000000,0.332,,223949000000,,,,,,,,,,,,true,false,3,2016-04-01,2016-06-30,0
2016-07-29,19110,2016-03-31,1,195777000000,0.017,,,,,-6261000000,,-5842000000,,,-5293000000,,-29.88,,,,,,,,,,,,,,,,,,,,,,true,false,3,2015-04-01,2015-06-30,-1
2016-07-29,19110,2017-03-31,1,529500000000,0.089,,,,,13000000000,0.010,14000000000,0.040,,7500000000,,42.34,,,,,,,,,,,,,,,,,,,,,,true,true,6,2016-04-01,2016-09-30,0
2016-07-29,19110,2017-03-31,1,1150000000000,0.105,,,,,46000000000,0.529,48000000000,0.573,,27000000000,,152.43,,,,,,,,,,,,,,,,,,,,,,true,true,12,2016-04-01,2017-03-31,0
2016-07-29,19110,2016-03-31,1,,,,,,,,,,,,,,,,,,,,709188000000,264127000000,0.343,,243460000000,,,,,,,,,,,,true,false,12,2015-04-01,2016-03-31,-1
2016-07-29,19110,2016-03-31,1,,,,,,,,,,,,,,,,,,,,,,,,,,,,,24.00,,,,177410239,280362,,false,false,12,2015-04-01,2016-03-31,-1
2016-07-29,19110,2017-03-31,1,,,,,,,,,,,,,,,,,,,,,,,,,,,,,30.00,,,,,,,false,true,12,2016-04-01,2017-03-31,0
2016-07-29,19110,2017-03-31,1,,,,,,,,,,,,,,,,,,,,,,,,,,,,,,,,,177410239,280790,177129622,false,false,3,2016-04-01,2016-06-30,0
2016-07-29,19110,2016-03-31,1,,,,,,,,,,,,,,,,,,,,,,,,,,,,,,,,,,,177131571,false,false,3,2015-04-01,2015-06-30,-1
2016-10-28,19110,2017-03-31,,513500000000,-0.030,,,,,16500000000,0.269,18000000000,0.286,,10500000000,,59.28,,,,,,,,,,,,,,,,,,,,,,true,true,6,2016-04-01,2016-09-30,0
2016-10-28,19110,2016-03-31,,486440000000,,,,,,12872000000,,13467000000,,,6886000000,,38.87,,,,,,,,,,,,,,,,,,,,,,true,false,6,2015-04-01,2015-09-30,-1
2016-10-28,19110,2017-03-31,,1110000000000,-0.035,,,,,46000000000,,48000000000,,,27000000000,,152.43,,,,,,,,,,,,,,,,,,,,,,true,true,12,2016-04-01,2017-03-31,0
2016-10-28,19110,2016-03-31,,1040524000000,,,,,,30093000000,,30507000000,,,9727000000,,54.92,,,,,,,,,,,,,,,,,,,,,,true,false,12,2015-04-01,2016-03-31,-1
2016-11-07,19110,2017-03-31,2,513575000000,0.056,,,,,16473000000,0.280,18296000000,0.359,,10503000000,,59.29,55.90,,,,,716016000000,247908000000,0.326,,233707000000,,,,,,,,,,,,true,false,6,2016-04-01,2016-09-30,0
2016-11-07,19110,2016-03-31,2,486440000000,0.036,,,,,12872000000,0.053,13467000000,0.011,,6886000000,,38.87,36.66,,,,,,,,,,,,,,,,,,,,,true,false,6,2015-04-01,2015-09-30,-1
2016-11-07,19110,2017-03-31,2,1110000000000,0.067,,,,,46000000000,0.529,48000000000,0.573,,27000000000,,152.43,,,,,,,,,,,,,,,,,,,,,,true,true,12,2016-04-01,2017-03-31,0
2016-11-07,19110,2016-03-31,2,,,,,,,,,,,,,,,,,,,,709188000000,264127000000,0.343,,243460000000,,,,,,,,,,,,true,false,12,2015-04-01,2016-03-31,-1
2016-11-07,19110,2016-03-31,2,,,,,,,,,,,,,,,,,,,,,,,,,,,,,24.00,,,,177410239,280362,,false,false,12,2015-04-01,2016-03-31,-1
2016-11-07,19110,2017-03-31,2,,,,,,,,,,,,,,,,,,,,,,,,,,,,,15.00,,,,,,,false,false,12,2016-04-01,2017-03-31,0
2016-11-07,19110,2017-03-31,2,,,,,,,,,,,,,,,,,,,,,,,,,,,,,30.00,,,,,,,false,true,12,2016-04-01,2017-03-31,0
2016-11-07,19110,2017-03-31,2,,,,,,,,,,,,,,,,,,,,,,,,,,,,,,,,,177410239,281225,177129397,false,false,6,2016-04-01,2016-09-30,0
2016-11-07,19110,2016-03-31,2,,,,,,,,,,,,,,,,,,,,,,,,,,,,,,,,,,,177131326,false,false,6,2015-04-01,2015-09-30,-1
2017-01-31,19110,2017-03-31,3,771827000000,0.057,,,,,22755000000,0.287,26047000000,0.476,,15492000000,,87.46,82.45,,,,,731295000000,255947000000,0.328,,240133000000,,,,,,,,,,,,true,false,9,2016-04-01,2016-12-31,0
2017-01-31,19110,2016-03-31,3,730067000000,0.044,,,,,17681000000,0.207,17643000000,0.052,,4041000000,,22.81,21.51,,,,,,,,,,,,,,,,,,,,,true,false,9,2015-04-01,2015-12-31,-1
2017-01-31,19110,2017-03-31,3,1110000000000,0.067,,,,,47500000000,0.578,50000000000,0.639,,29000000000,,163.72,,,,,,,,,,,,,,,,,,,,,,true,true,12,2016-04-01,2017-03-31,0
2017-01-31,19110,2016-03-31,3,,,,,,,,,,,,,,,,,,,,710318000000,265257000000,0.343,,243460000000,,,,,,,,,,,,true,false,12,2015-04-01,2016-03-31,-1
2017-01-31,19110,2016-03-31,3,,,,,,,,,,,,,,,,,,,,,,,,,,,,,24.00,,,,177410239,280362,,false,false,12,2015-04-01,2016-03-31,-1
2017-01-31,19110,2017-03-31,3,,,,,,,,,,,,,,,,,,,,,,,,,,,,,15.00,,,,,,,false,false,12,2016-04-01,2017-03-31,0
2017-01-31,19110,2017-03-31,3,,,,,,,,,,,,,,,,,,,,,,,,,,,,,30.00,,,,,,,false,true,12,2016-04-01,2017-03-31,0
2017-01-31,19110,2017-03-31,3,,,,,,,,,,,,,,,,,,,,,,,,,,,,,,,,,177410239,281486,177129240,false,false,9,2016-04-01,2016-12-31,0
2017-01-31,19110,2016-03-31,3,,,,,,,,,,,,,,,,,,,,,,,,,,,,,,,,,,,177131048,false,false,9,2015-04-01,2015-12-31,-1
2017-05-12,19110,2017-03-31,,1113364000000,0.070,,,,,53989000000,0.794,57841000000,0.896,,34532000000,,194.95,183.76,0.133,0.077,0.048,,793617000000,295344000000,0.346,1552.04,274911000000,40337000000,-62350000000,14267000000,132707000000,,0.180,,,,,,true,false,12,2016-04-01,2017-03-31,0
2017-05-12,19110,2016-03-31,,1040524000000,0.043,,,,,30093000000,-0.115,30507000000,-0.162,,9727000000,,54.92,51.78,0.040,0.044,0.029,,710318000000,265257000000,0.343,1374.47,243460000000,45705000000,-9972000000,1813000000,141265000000,,0.437,,,,,,true,false,12,2015-04-01,2016-03-31,-1
2017-05-12,19110,2018-03-31,,1241000000000,0.115,,,,,50500000000,-0.065,52500000000,-0.092,,33000000000,,186.30,,,,,,,,,,,,,,,,0.215,,,,,,true,true,12,2017-04-01,2018-03-31,1
2017-05-12,19110,2017-03-31,,714040000000,0.009,,,,,25734000000,1.317,31696000000,0.540,22292000000,,1.178,125.85,118.63,,,,,595161000000,230098000000,0.386,1298.59,230016000000,,,,,35.00,,,,177410239,281970,177129048,false,false,12,2016-04-01,2017-03-31,0
2017-05-12,19110,2016-03-31,,707796000000,-0.009,,,,,11107000000,-0.413,20586000000,-0.165,10233000000,,-0.311,57.77,54.47,,,,,543658000000,202952000000,0.373,1145.58,202916000000,,,,,24.00,,,,177410239,280362,177130772,false,false,12,2015-04-01,2016-03-31,-1
2017-05-12,19110,2018-03-31,,,,,,,,,,,,,,,,,,,,,,,,,,,,,,40.00,,,,,,,false,true,12,2017-04-01,2018-03-31,1
2017-07-28,19110,2018-03-31,1,228661000000,0.101,,,,,-5237000000,,-3741000000,,,2726000000,,15.39,14.50,,,,,795840000000,299769000000,0.343,,273371000000,,,,,,,,,,,,true,false,3,2017-04-01,2017-06-30,0
2017-07-28,19110,2017-03-31,1,207662000000,0.061,,,,,-5257000000,,-4230000000,,,-3813000000,,-21.52,,,,,,,,,,,,,,,,,,,,,,true,false,3,2016-04-01,2016-06-30,-1
2017-07-28,19110,2018-03-31,1,1241000000000,0.115,,,,,50500000000,-0.065,52500000000,-0.092,,33000000000,,186.30,,,,,,,,,,,,,,,,,,,,,,true,true,12,2017-04-01,2018-03-31,0
2017-07-28,19110,2017-03-31,1,,,,,,,,,,,,,,,,,,,,793617000000,295344000000,0.346,,274911000000,,,,,,,,,,,,true,false,12,2016-04-01,2017-03-31,-1
2017-07-28,19110,2017-03-31,1,,,,,,,,,,,,,,,,,,,,,,,,,,,,,35.00,,,,177410239,281970,,false,false,12,2016-04-01,2017-03-31,-1
2017-07-28,19110,2018-03-31,1,,,,,,,,,,,,,,,,,,,,,,,,,,,,,40.00,,,,,,,false,true,12,2017-04-01,2018-03-31,0
2017-07-28,19110,2018-03-31,1,,,,,,,,,,,,,,,,,,,,,,,,,,,,,,,,,177410239,282438,177127996,false,false,3,2017-04-01,2017-06-30,0
2017-07-28,19110,2017-03-31,1,,,,,,,,,,,,,,,,,,,,,,,,,,,,,,,,,,,177129622,false,false,3,2016-04-01,2016-06-30,-1
2017-11-09,19110,2018-03-31,2,562109000000,0.095,,,,,16063000000,-0.001,18852000000,0.053,,10305000000,,58.18,54.81,,,,,843384000000,313738000000,0.338,,285415000000,,,,,,,,,,,,true,false,6,2017-04-01,2017-09-30,0
2017-11-09,19110,2017-03-31,2,513575000000,0.056,,,,,16084000000,0.250,17908000000,0.330,,10306000000,,58.18,54.85,,,,,,,,,,,,,,,,,,,,,true,false,6,2016-04-01,2016-09-30,-1
2017-11-09,19110,2018-03-31,2,1220000000000,0.096,,,,,49500000000,-0.083,53500000000,-0.075,,30000000000,,169.37,,,,,,,,,,,,,,,,,,,,,,true,true,12,2017-04-01,2018-03-31,0
2017-11-09,19110,2017-03-31,2,,,,,,,,,,,,,,,,,,,,794360000000,295857000000,0.346,,274911000000,,,,,,,,,,,,true,false,12,2016-04-01,2017-03-31,-1
2017-11-09,19110,2017-03-31,2,,,,,,,,,,,,,,,,,,,,,,,,,,,,,35.00,,,,177410239,281970,,false,false,12,2016-04-01,2017-03-31,-1
2017-11-09,19110,2018-03-31,2,,,,,,,,,,,,,,,,,,,,,,,,,,,,,20.00,,,,,,,false,false,12,2017-04-01,2018-03-31,0
2017-11-09,19110,2018-03-31,2,,,,,,,,,,,,,,,,,,,,,,,,,,,,,40.00,,,,,,,false,true,12,2017-04-01,2018-03-31,0
2017-11-09,19110,2018-03-31,2,,,,,,,,,,,,,,,,,,,,,,,,,,,,,,,,,177410239,282790,177127777,false,false,6,2017-04-01,2017-09-30,0
2017-11-09,19110,2017-03-31,2,,,,,,,,,,,,,,,,,,,,,,,,,,,,,,,,,,,177129397,false,false,6,2016-04-01,2016-09-30,-1
2018-01-30,19110,2018-03-31,3,856526000000,0.110,,,,,23565000000,0.036,27586000000,0.060,,14106000000,,79.23,74.66,,,,,890438000000,331310000000,0.337,,299730000000,,,,,,,,,,,,true,false,9,2017-04-01,2017-12-31,0
2018-01-30,19110,2017-03-31,3,771827000000,0.057,,,,,22742000000,0.286,26034000000,0.476,,15479000000,,87.39,82.38,,,,,,,,,,,,,,,,,,,,,true,false,9,2016-04-01,2016-12-31,-1
2018-01-30,19110,2018-03-31,3,1220000000000,0.096,,,,,49500000000,-0.083,53500000000,-0.075,,30000000000,,168.49,,,,,,,,,,,,,,,,,,,,,,true,true,12,2017-04-01,2018-03-31,0
2018-01-30,19110,2017-03-31,3,,,,,,,,,,,,,,,,,,,,794360000000,295857000000,0.346,,274911000000,,,,,,,,,,,,true,false,12,2016-04-01,2017-03-31,-1
2018-01-30,19110,2017-03-31,3,,,,,,,,,,,,,,,,,,,,,,,,,,,,,35.00,,,,177410239,281970,,false,false,12,2016-04-01,2017-03-31,-1
2018-01-30,19110,2018-03-31,3,,,,,,,,,,,,,,,,,,,,,,,,,,,,,20.00,,,,,,,false,false,12,2017-04-01,2018-03-31,0
2018-01-30,19110,2018-03-31,3,,,,,,,,,,,,,,,,,,,,,,,,,,,,,40.00,,,,,,,false,true,12,2017-04-01,2018-03-31,0
2018-01-30,19110,2018-03-31,3,,,,,,,,,,,,,,,,,,,,,,,,,,,,,,,,,182607739,1322825,178051556,false,false,9,2017-04-01,2017-12-31,0
2018-01-30,19110,2017-03-31,3,,,,,,,,,,,,,,,,,,,,,,,,,,,,,,,,,,,177129240,false,false,9,2016-04-01,2016-12-31,-1
2018-05-11,19110,2018-03-31,,1221998000000,0.098,,,,,53021000000,-0.018,57865000000,0.000,,30135000000,,168.49,158.82,0.103,0.068,0.043,,903682000000,345639000000,0.345,1719.05,311637000000,13732000000,-46250000000,25156000000,125555000000,,0.237,,,,,,true,false,12,2017-04-01,2018-03-31,0
2018-05-11,19110,2017-03-31,,1113364000000,0.070,,,,,53989000000,0.794,57841000000,0.896,,34532000000,,194.95,183.76,0.133,0.077,0.048,,794360000000,295857000000,0.346,1552.04,274911000000,40337000000,-62350000000,14267000000,132707000000,,0.180,,,,,,true,false,12,2016-04-01,2017-03-31,-1
2018-05-11,19110,2019-03-31,,1310000000000,0.072,,,,,54500000000,0.028,57500000000,-0.006,,31500000000,,173.76,,,,,,,,,,,,,,,,0.230,,,,,,true,true,12,2018-04-01,2019-03-31,1
2018-05-11,19110,2018-03-31,,701534000000,-0.018,,,,,10301000000,-0.600,18201000000,-0.426,13545000000,,-0.392,75.55,71.22,,,,,640204000000,254003000000,0.397,1392.43,253873000000,,,,,40.00,,,,182607739,1323737,178859807,false,false,12,2017-04-01,2018-03-31,0
2018-05-11,19110,2017-03-31,,714040000000,0.009,,,,,25734000000,1.317,31696000000,0.540,22292000000,,1.178,125.85,118.63,,,,,595161000000,230098000000,0.386,1298.59,230016000000,,,,,35.00,,,,177410239,281970,177129048,false,false,12,2016-04-01,2017-03-31,-1
2018-05-11,19110,2019-03-31,,,,,,,,,,,,,,,,,,,,,,,,,,,,,,40.00,,,,,,,false,true,12,2018-04-01,2019-03-31,1
2018-07-31,19110,2019-03-31,1,249274000000,0.090,,,,,-3871000000,,-2708000000,,,-3518000000,,-19.40,,,,,,904995000000,329061000000,0.328,,296516000000,,,,,,,,,,,,true,false,3,2018-04-01,2018-06-30,0
2018-07-31,19110,2018-03-31,1,228661000000,0.101,,,,,-5815000000,,-4318000000,,,2357000000,,13.31,12.54,,,,,,,,,,,,,,,,,,,,,true,false,3,2017-04-01,2017-06-30,-1
2018-07-31,19110,2019-03-31,1,1310000000000,0.072,,,,,54500000000,0.028,57500000000,-0.006,,31500000000,,173.76,,,,,,,,,,,,,,,,,,,,,,true,true,12,2018-04-01,2019-03-31,0
2018-07-31,19110,2018-03-31,1,,,,,,,,,,,,,,,,,,,,899120000000,345639000000,0.347,,311637000000,,,,,,,,,,,,true,false,12,2017-04-01,2018-03-31,-1
2018-07-31,19110,2018-03-31,1,,,,,,,,,,,,,,,,,,,,,,,,,,,,,40.00,,,,182607739,1323737,,false,false,12,2017-04-01,2018-03-31,-1
2018-07-31,19110,2019-03-31,1,,,,,,,,,,,,,,,,,,,,,,,,,,,,,40.00,,,,,,,false,true,12,2018-04-01,2019-03-31,0
2018-07-31,19110,2019-03-31,1,,,,,,,,,,,,,,,,,,,,,,,,,,,,,,,,,182607739,1323963,181283835,false,false,3,2018-04-01,2018-06-30,0
2018-07-31,19110,2018-03-31,1,,,,,,,,,,,,,,,,,,,,,,,,,,,,,,,,,,,177127996,false,false,3,2017-04-01,2017-06-30,-1
2018-11-08,19110,2019-03-31,2,592851000000,0.055,,,,,17305000000,0.116,18729000000,0.024,,10635000000,,58.65,56.14,,,,,930928000000,351296000000,0.337,,313666000000,,,,,,,,,,,,true,false,6,2018-04-01,2018-09-30,0
2018-11-08,19110,2018-03-31,2,562109000000,0.095,,,,,15508000000,-0.036,18297000000,0.022,,10022000000,,56.58,53.31,,,,,,,,,,,,,,,,,,,,,true,false,6,2017-04-01,2017-09-30,-1
2018-11-08,19110,2019-03-31,2,1310000000000,0.072,,,,,54500000000,0.028,57500000000,-0.006,,31500000000,,173.73,,,,,,,,,,,,,,,,,,,,,,true,true,12,2018-04-01,2019-03-31,0
2018-11-08,19110,2018-03-31,2,,,,,,,,,,,,,,,,,,,,899120000000,345639000000,0.347,,311637000000,,,,,,,,,,,,true,false,12,2017-04-01,2018-03-31,-1
2018-11-08,19110,2018-03-31,2,,,,,,,,,,,,,,,,,,,,,,,,,,,,,40.00,,,,182607739,1323737,,false,false,12,2017-04-01,2018-03-31,-1
2018-11-08,19110,2019-03-31,2,,,,,,,,,,,,,,,,,,,,,,,,,,,,,20.00,,,,,,,false,false,12,2018-04-01,2019-03-31,0
2018-11-08,19110,2019-03-31,2,,,,,,,,,,,,,,,,,,,,,,,,,,,,,40.00,,,,,,,false,true,12,2018-04-01,2019-03-31,0
2018-11-08,19110,2019-03-31,2,,,,,,,,,,,,,,,,,,,,,,,,,,,,,,,,,182695936,1324425,181318258,false,false,6,2018-04-01,2018-09-30,0
2018-11-08,19110,2018-03-31,2,,,,,,,,,,,,,,,,,,,,,,,,,,,,,,,,,,,177127777,false,false,6,2017-04-01,2017-09-30,-1
2019-01-31,19110,2019-03-31,3,906981000000,0.059,,,,,24130000000,0.024,26463000000,-0.041,,15576000000,,85.89,82.71,,,,,985049000000,346622000000,0.311,,306559000000,,,,,,,,,,,,true,false,9,2018-04-01,2018-12-31,0
2019-01-31,19110,2018-03-31,3,856526000000,0.110,,,,,23565000000,0.036,27586000000,0.060,,14106000000,,79.23,74.66,,,,,,,,,,,,,,,,,,,,,true,false,9,2017-04-01,2017-12-31,-1
2019-01-31,19110,2019-03-31,3,1310000000000,0.072,,,,,51500000000,-0.029,55000000000,-0.050,,30000000000,,165.44,,,,,,,,,,,,,,,,,,,,,,true,true,12,2018-04-01,2019-03-31,0
2019-01-31,19110,2018-03-31,3,,,,,,,,,,,,,,,,,,,,899120000000,345639000000,0.347,,311637000000,,,,,,,,,,,,true,false,12,2017-04-01,2018-03-31,-1
2019-01-31,19110,2018-03-31,3,,,,,,,,,,,,,,,,,,,,,,,,,,,,,40.00,,,,182607739,1323737,,false,false,12,2017-04-01,2018-03-31,-1
2019-01-31,19110,2019-03-31,3,,,,,,,,,,,,,,,,,,,,,,,,,,,,,20.00,,,,,,,false,false,12,2018-04-01,2019-03-31,0
2019-01-31,19110,2019-03-31,3,,,,,,,,,,,,,,,,,,,,,,,,,,,,,40.00,,,,,,,false,true,12,2018-04-01,2019-03-31,0
2019-01-31,19110,2019-03-31,3,,,,,,,,,,,,,,,,,,,,,,,,,,,,,,,,,182697736,1324935,181336379,false,false,9,2018-04-01,2018-12-31,0
2019-01-31,19110,2018-03-31,3,,,,,,,,,,,,,,,,,,,,,,,,,,,,,,,,,,,178051556,false,false,9,2017-04-01,2017-12-31,-1
2019-05-10,19110,2019-03-31,,1308893000000,0.071,,,,,49247000000,-0.071,51436000000,-0.111,,29160000000,,160.80,155.32,0.093,0.055,0.038,,970976000000,353489000000,0.328,1755.06,318320000000,40689000000,-71659000000,11523000000,105102000000,,0.249,,,,,,true,false,12,2018-04-01,2019-03-31,0
2019-05-10,19110,2018-03-31,,1221998000000,0.098,,,,,53021000000,-0.018,57865000000,0.000,,30135000000,,168.49,158.82,0.103,0.068,0.043,,899120000000,345639000000,0.347,1719.05,311637000000,13732000000,-46250000000,25156000000,125555000000,,0.237,,,,,,true,false,12,2017-04-01,2018-03-31,-1
2019-05-10,19110,2020-03-31,,1123000000000,-0.142,,,,,52500000000,0.066,57000000000,0.108,,30000000000,,165.43,,,,,,,,,,,,,,,,0.242,,,,,,true,true,12,2019-04-01,2020-03-31,1
2019-05-10,19110,2019-03-31,,720989000000,0.028,,,,,3713000000,-0.640,19262000000,0.058,20531000000,,0.516,112.57,108.75,,,,,673063000000,260273000000,0.386,1426.09,260138000000,,,,,40.00,,,,182698636,1325804,181345520,false,false,12,2018-04-01,2019-03-31,0
2019-05-10,19110,2018-03-31,,701534000000,-0.018,,,,,10301000000,-0.600,18201000000,-0.426,13545000000,,-0.392,75.55,71.22,,,,,635901000000,254003000000,0.399,1392.43,253873000000,,,,,40.00,,,,182607739,1323737,178859807,false,false,12,2017-04-01,2018-03-31,-1
2019-05-10,19110,2020-03-31,,,,,,,,,,,,,,,,,,,,,,,,,,,,,,40.00,,,,,,,false,true,12,2019-04-01,2020-03-31,1
2019-07-30,19110,2020-03-31,1,235009000000,-0.057,,,,,4512000000,,4979000000,,,565000000,,3.12,3.04,,,,,966202000000,340006000000,0.318,,307170000000,,,,,,,,,,,,true,false,3,2019-04-01,2019-06-30,0
2019-07-30,19110,2019-03-31,1,249274000000,0.090,,,,,-3871000000,,-2708000000,,,-3518000000,,-19.40,,,,,,,,,,,,,,,,,,,,,,true,false,3,2018-04-01,2018-06-30,-1
2019-07-30,19110,2020-03-31,1,1123000000000,-0.142,,,,,52500000000,0.066,57000000000,0.108,,30000000000,,165.40,,,,,,,,,,,,,,,,,,,,,,true,true,12,2019-04-01,2020-03-31,0
2019-07-30,19110,2019-03-31,1,,,,,,,,,,,,,,,,,,,,970976000000,353489000000,0.328,,318320000000,,,,,,,,,,,,true,false,12,2018-04-01,2019-03-31,-1
2019-07-30,19110,2019-03-31,1,,,,,,,,,,,,,,,,,,,,,,,,,,,,,40.00,,,,182698636,1325804,,false,false,12,2018-04-01,2019-03-31,-1
2019-07-30,19110,2020-03-31,1,,,,,,,,,,,,,,,,,,,,,,,,,,,,,40.00,,,,,,,false,true,12,2019-04-01,2020-03-31,0
2019-07-30,19110,2020-03-31,1,,,,,,,,,,,,,,,,,,,,,,,,,,,,,,,,,182699536,1326055,181373218,false,false,3,2019-04-01,2019-06-30,0
2019-07-30,19110,2019-03-31,1,,,,,,,,,,,,,,,,,,,,,,,,,,,,,,,,,,,181283835,false,false,3,2018-04-01,2018-06-30,-1
2019-11-08,19110,2020-03-31,2,529748000000,-0.106,,,,,24992000000,0.444,25689000000,0.372,,12591000000,,69.41,67.67,,,,,958939000000,347543000000,0.328,,314237000000,,,,,,,,,,,,true,false,6,2019-04-01,2019-09-30,0
2019-11-08,19110,2019-03-31,2,592851000000,0.055,,,,,17305000000,0.116,18729000000,0.024,,10635000000,,58.65,56.14,,,,,,,,,,,,,,,,,,,,,true,false,6,2018-04-01,2018-09-30,-1
2019-11-08,19110,2020-03-31,2,1117000000000,-0.147,,,,,51000000000,0.036,57000000000,0.108,,30000000000,,165.39,,,,,,,,,,,,,,,,,,,,,,true,true,12,2019-04-01,2020-03-31,0
2019-11-08,19110,2019-03-31,2,,,,,,,,,,,,,,,,,,,,970976000000,353489000000,0.328,,318320000000,,,,,,,,,,,,true,false,12,2018-04-01,2019-03-31,-1
2019-11-08,19110,2019-03-31,2,,,,,,,,,,,,,,,,,,,,,,,,,,,,,40.00,,,,182698636,1325804,,false,false,12,2018-04-01,2019-03-31,-1
2019-11-08,19110,2020-03-31,2,,,,,,,,,,,,,,,,,,,,,,,,,,,,,20.00,,,,,,,false,false,12,2019-04-01,2020-03-31,0
2019-11-08,19110,2020-03-31,2,,,,,,,,,,,,,,,,,,,,,,,,,,,,,40.00,,,,,,,false,true,12,2019-04-01,2020-03-31,0
2019-11-08,19110,2020-03-31,2,,,,,,,,,,,,,,,,,,,,,,,,,,,,,,,,,182741236,1326379,181393907,false,false,6,2019-04-01,2019-09-30,0
2019-11-08,19110,2019-03-31,2,,,,,,,,,,,,,,,,,,,,,,,,,,,,,,,,,,,181318258,false,false,6,2018-04-01,2018-09-30,-1
2020-01-31,19110,2020-03-31,3,802741000000,-0.115,,,,,38263000000,0.552,43070000000,0.596,,22614000000,,124.66,121.53,,,,,986979000000,355420000000,0.325,,320526000000,,,,,,,,,,,,true,false,9,2019-04-01,2019-12-31,0
2020-01-31,19110,2019-03-31,3,906981000000,0.059,,,,,24651000000,0.046,26984000000,-0.022,,16097000000,,88.77,85.48,,,,,,,,,,,,,,,,,,,,,true,false,9,2018-04-01,2018-12-31,-1
2020-01-31,19110,2020-03-31,3,1117000000000,-0.147,,,,,53000000000,0.076,61000000000,0.186,,31000000000,,170.89,,,,,,,,,,,,,,,,,,,,,,true,true,12,2019-04-01,2020-03-31,0
2020-01-31,19110,2019-03-31,3,,,,,,,,,,,,,,,,,,,,970976000000,353489000000,0.328,,318320000000,,,,,,,,,,,,true,false,12,2018-04-01,2019-03-31,-1
2020-01-31,19110,2019-03-31,3,,,,,,,,,,,,,,,,,,,,,,,,,,,,,40.00,,,,182698636,1325804,,false,false,12,2018-04-01,2019-03-31,-1
2020-01-31,19110,2020-03-31,3,,,,,,,,,,,,,,,,,,,,,,,,,,,,,20.00,,,,,,,false,false,12,2019-04-01,2020-03-31,0
2020-01-31,19110,2020-03-31,3,,,,,,,,,,,,,,,,,,,,,,,,,,,,,40.00,,,,,,,false,true,12,2019-04-01,2020-03-31,0
2020-01-31,19110,2020-03-31,3,,,,,,,,,,,,,,,,,,,,,,,,,,,,,,,,,182741236,1326635,181400814,false,false,9,2019-04-01,2019-12-31,0
2020-01-31,19110,2019-03-31,3,,,,,,,,,,,,,,,,,,,,,,,,,,,,,,,,,,,181336379,false,false,9,2018-04-01,2018-12-31,-1
2020-05-29,19110,2020-03-31,,1104094000000,-0.156,,,,,51377000000,0.043,58824000000,0.144,,27853000000,,153.54,149.68,0.088,0.060,0.047,,1004768000000,357064000000,0.321,1777.57,322496000000,45724000000,-38874000000,1142000000,112565000000,,0.261,,,,,,true,false,12,2019-04-01,2020-03-31,0
2020-05-29,19110,2019-03-31,,1308893000000,0.071,,,,,49247000000,-0.071,51436000000,-0.111,,29160000000,,160.80,155.32,0.093,0.055,0.038,,970976000000,353489000000,0.328,1755.06,318320000000,40689000000,-71659000000,11523000000,105102000000,,0.249,,,,,,true,false,12,2018-04-01,2019-03-31,-1
2020-05-29,19110,2021-03-31,,744000000000,,,,,,13000000000,,15000000000,,,3500000000,,19.30,,,,,,,,,,,,,,,,1.554,,,,,,true,true,12,2020-04-01,2021-03-31,1
2020-05-29,19110,2020-03-31,,458862000000,-0.364,,,,,7232000000,0.948,18260000000,-0.052,12962000000,,-0.369,71.05,69.27,,,,,694494000000,254063000000,0.366,1391.73,253943000000,,,,,40.00,,,,182752036,1326898,181406905,false,false,12,2019-04-01,2020-03-31,0
2020-05-29,19110,2019-03-31,,720989000000,0.028,,,,,3713000000,-0.640,19262000000,0.058,20531000000,,0.516,112.57,108.75,,,,,673063000000,260273000000,0.386,1426.09,260138000000,,,,,40.00,,,,182698636,1325804,181345520,false,false,12,2018-04-01,2019-03-31,-1
2020-05-29,19110,2021-03-31,,,,,,,,,,,,,,,,,,,,,,,,,,,,,,30.00,,,,,,,false,true,12,2020-04-01,2021-03-31,1
2020-08-12,19110,2020-12-31,1,245583000000,0.045,,,,,9275000000,1.056,10329000000,1.074,,5725000000,,31.56,30.77,,,,,1042144000000,358933000000,0.315,,328569000000,,,,,,,,,,,,true,false,3,2020-01-01,2020-03-31,0
2020-08-12,19110,2019-12-31,1,235009000000,-0.057,,,,,4512000000,,4979000000,,,565000000,,3.12,3.04,,,,,,,,,,,,,,,,,,,,,true,false,3,2019-01-01,2019-03-31,-1
2020-08-12,19110,2020-12-31,1,777000000000,,,,,,22500000000,,24000000000,,,11000000000,,60.63,,,,,,,,,,,,,,,,,,,,,,true,true,12,2020-01-01,2020-12-31,0
2020-08-12,19110,2019-12-31,1,,,,,,,,,,,,,,,,,,,,1004768000000,357064000000,0.321,,322496000000,,,,,,,,,,,,true,false,12,2019-01-01,2019-12-31,-1
2020-08-12,19110,2019-12-31,1,,,,,,,,,,,,,,,,,,,,,,,,,,,,,40.00,,,,182752036,1326898,,false,false,12,2019-01-01,2019-12-31,-1
2020-08-12,19110,2020-12-31,1,,,,,,,,,,,,,,,,,,,,,,,,,,,,,30.00,,,,,,,false,true,12,2020-01-01,2020-12-31,0
2020-08-12,19110,2020-12-31,1,,,,,,,,,,,,,,,,,,,,,,,,,,,,,,,,,182752036,1326958,181425118,false,false,3,2020-01-01,2020-03-31,0
2020-08-12,19110,2019-12-31,1,,,,,,,,,,,,,,,,,,,,,,,,,,,,,,,,,,,181373218,false,false,3,2019-01-01,2019-03-31,-1
2020-11-12,19110,2020-12-31,2,525947000000,-0.007,,,,,26865000000,0.075,28725000000,0.118,,16261000000,,89.62,87.38,,,,,1042953000000,372734000000,0.327,,340562000000,,,,,,,,,,,,true,false,6,2020-01-01,2020-06-30,0
2020-11-12,19110,2019-12-31,2,529748000000,-0.106,,,,,24992000000,0.444,25689000000,0.372,,12591000000,,69.41,67.67,,,,,,,,,,,,,,,,,,,,,true,false,6,2019-01-01,2019-06-30,-1
2020-11-12,19110,2020-12-31,2,821000000000,,,,,,35000000000,,37500000000,,,20500000000,,112.99,,,,,,,,,,,,,,,,,,,,,,true,true,12,2020-01-01,2020-12-31,0
2020-11-12,19110,2019-12-31,2,,,,,,,,,,,,,,,,,,,,1004768000000,357064000000,0.321,,322496000000,,,,,,,,,,,,true,false,12,2019-01-01,2019-12-31,-1
2020-11-12,19110,2019-12-31,2,,,,,,,,,,,,,,,,,,,,,,,,,,,,,40.00,,,,182752036,1326898,,false,false,12,2019-01-01,2019-12-31,-1
2020-11-12,19110,2020-12-31,2,,,,,,,,,,,,,,,,,,,,,,,,,,,,,10.00,,,,,,,false,false,12,2020-01-01,2020-12-31,0
2020-11-12,19110,2020-12-31,2,,,,,,,,,,,,,,,,,,,,,,,,,,,,,30.00,,,,,,,false,true,12,2020-01-01,2020-12-31,0
2020-11-12,19110,2020-12-31,2,,,,,,,,,,,,,,,,,,,,,,,,,,,,,,,,,182778336,1327184,181438160,false,false,6,2020-01-01,2020-06-30,0
2020-11-12,19110,2019-12-31,2,,,,,,,,,,,,,,,,,,,,,,,,,,,,,,,,,,,181393907,false,false,6,2019-01-01,2019-06-30,-1
2021-01-29,19110,2020-12-31,,839000000000,0.022,,,,,47000000000,0.343,51000000000,0.360,,30000000000,,165.34,,,,,,,,,,,,,,,,,,,,,,true,true,12,2020-01-01,2020-12-31,0
2021-02-15,19110,2020-12-31,,839881000000,,,,,,47462000000,,51293000000,,,30398000000,,167.54,163.34,0.088,0.049,0.057,,1091152000000,399456000000,0.337,2025.13,367461000000,46840000000,-44635000000,-6782000000,122220000000,,0.209,,,,,,true,false,12,2020-01-01,2020-12-31,0
2021-02-15,19110,2019-12-31,,1104094000000,-0.156,,,,,51377000000,0.043,58824000000,0.144,,27853000000,,153.54,149.68,0.088,0.060,0.047,,1004768000000,357064000000,0.321,1777.57,322496000000,45724000000,-38874000000,1142000000,112565000000,,0.261,,,,,,true,false,12,2019-01-01,2019-12-31,-1
2021-02-15,19110,2021-12-31,,1257000000000,,,,,,72500000000,,80000000000,,,48000000000,,264.55,,,,,,,,,,,,,,,,0.189,,,,,,true,true,12,2021-01-01,2021-12-31,1
2021-02-15,19110,2020-12-31,,317658000000,,,,,,32000000,,9471000000,,8623000000,,,47.25,46.08,,,,,751131000000,284219000000,0.378,1556.78,284099000000,,,,,35.00,,,,182778336,1327588,181442403,false,false,12,2020-01-01,2020-12-31,0
2021-02-15,19110,2019-12-31,,458862000000,-0.364,,,,,7232000000,0.948,18260000000,-0.052,12962000000,,-0.369,71.05,69.27,,,,,694494000000,254063000000,0.366,1391.73,253943000000,,,,,40.00,,,,182752036,1326898,181406905,false,false,12,2019-01-01,2019-12-31,-1
2021-02-15,19110,2021-12-31,,,,,,,,,,,,,,,,,,,,,,,,,,,,,,50.00,,,,,,,false,true,12,2021-01-01,2021-12-31,1
2021-04-30,19110,2021-12-31,1,289055000000,0.177,,,,,18877000000,1.035,20767000000,1.011,,12952000000,,71.38,69.59,,,,,1145558000000,429197000000,0.342,,392201000000,,,,,,,,,,,,true,false,3,2021-01-01,2021-03-31,0
2021-04-30,19110,2020-12-31,1,245583000000,0.045,,,,,9275000000,1.056,10329000000,1.074,,5725000000,,31.56,30.77,,,,,,,,,,,,,,,,,,,,,true,false,3,2020-01-01,2020-03-31,-1
2021-04-30,19110,2021-12-31,1,1257000000000,,,,,,72500000000,,80000000000,,,48000000000,,264.55,,,,,,,,,,,,,,,,,,,,,,true,true,12,2021-01-01,2021-12-31,0
2021-04-30,19110,2020-12-31,1,,,,,,,,,,,,,,,,,,,,1091152000000,399456000000,0.337,,367461000000,,,,,,,,,,,,true,false,12,2020-01-01,2020-12-31,-1
2021-04-30,19110,2020-12-31,1,,,,,,,,,,,,,,,,,,,,,,,,,,,,,35.00,,,,182778336,1327588,,false,false,12,2020-01-01,2020-12-31,-1
2021-04-30,19110,2021-12-31,1,,,,,,,,,,,,,,,,,,,,,,,,,,,,,50.00,,,,,,,false,true,12,2021-01-01,2021-12-31,0
2021-04-30,19110,2021-12-31,1,,,,,,,,,,,,,,,,,,,,,,,,,,,,,,,,,182780136,1328050,181451017,false,false,3,2021-01-01,2021-03-31,0
2021-04-30,19110,2020-12-31,1,,,,,,,,,,,,,,,,,,,,,,,,,,,,,,,,,,,181425118,false,false,3,2020-01-01,2020-03-31,-1
2021-06-23,19110,2021-12-31,,1310000000000,0.042,,,,,88000000000,0.214,100000000000,0.250,,60000000000,,316.70,,,,,,,,,,,,,,,,,,,,,,true,true,12,2021-01-01,2021-12-31,0
2021-06-23,19110,2020-12-31,,839881000000,,,,,,47462000000,,51293000000,,,30398000000,,167.54,,,,,,,,,,,,,,,,,,,,,,true,false,12,2020-01-01,2020-12-31,-1
2021-06-23,19110,2021-12-31,,,,,,,,,,,,,,,,,,,,,,,,,,,,,,70.00,,,,,,,false,true,12,2021-01-01,2021-12-31,0
2021-06-23,19110,2020-12-31,,,,,,,,,,,,,,,,,,,,,,,,,,,,,,35.00,,,,,,,false,false,12,2020-01-01,2020-12-31,-1
2021-08-10,19110,2021-12-31,2,632875000000,0.203,,,,,48348000000,0.800,51848000000,0.805,,29192000000,,160.87,156.84,,,,,1182483000000,447111000000,0.345,,407832000000,,,,,,,,,,,,true,false,6,2021-01-01,2021-06-30,0
2021-08-10,19110,2020-12-31,2,525947000000,-0.007,,,,,26865000000,0.075,28725000000,0.118,,16261000000,,89.62,87.38,,,,,,,,,,,,,,,,,,,,,true,false,6,2020-01-01,2020-06-30,-1
2021-08-10,19110,2021-12-31,2,1310000000000,,,,,,88000000000,,100000000000,,,60000000000,,316.70,,,,,,,,,,,,,,,,,,,,,,true,true,12,2021-01-01,2021-12-31,0
2021-08-10,19110,2020-12-31,2,,,,,,,,,,,,,,,,,,,,1091152000000,399456000000,0.337,,367461000000,,,,,,,,,,,,true,false,12,2020-01-01,2020-12-31,-1
2021-08-10,19110,2020-12-31,2,,,,,,,,,,,,,,,,,,,,,,,,,,,,,35.00,,,,182778336,1327588,,false,false,12,2020-01-01,2020-12-31,-1
2021-08-10,19110,2021-12-31,2,,,,,,,,,,,,,,,,,,,,,,,,,,,,,35.00,,,,,,,false,false,12,2021-01-01,2021-12-31,0
2021-08-10,19110,2021-12-31,2,,,,,,,,,,,,,,,,,,,,,,,,,,,,,70.00,,,,,,,false,true,12,2021-01-01,2021-12-31,0
2021-08-10,19110,2021-12-31,2,,,,,,,,,,,,,,,,,,,,,,,,,,,,,,,,,182799936,1328371,181461294,false,false,6,2021-01-01,2021-06-30,0
2021-08-10,19110,2020-12-31,2,,,,,,,,,,,,,,,,,,,,,,,,,,,,,,,,,,,181438160,false,false,6,2020-01-01,2020-06-30,-1
2021-10-29,19110,2021-12-31,3,968073000000,,,,,,69718000000,,88436000000,,,53701000000,,286.66,279.68,,,,,1270668000000,509547000000,0.367,,466025000000,,,,,,,,,,,,true,false,9,2021-01-01,2021-09-30,0
2021-10-29,19110,2021-12-31,3,1367000000000,,,,,,103000000000,,126000000000,,,75000000000,,393.77,,,,,,,,,,,,,,,,,,,,,,true,true,12,2021-01-01,2021-12-31,0
2021-10-29,19110,2020-12-31,3,,,,,,,,,,,,,,,,,,,,1091152000000,399456000000,0.337,,367461000000,,,,,,,,,,,,true,false,12,2020-01-01,2020-12-31,-1
2021-10-29,19110,2020-12-31,3,,,,,,,,,,,,,,,,,,,,,,,,,,,,,35.00,,,,182778336,1327588,,false,false,12,2020-01-01,2020-12-31,-1
2021-10-29,19110,2021-12-31,3,,,,,,,,,,,,,,,,,,,,,,,,,,,,,35.00,,,,,,,false,false,12,2021-01-01,2021-12-31,0
2021-10-29,19110,2021-12-31,3,,,,,,,,,,,,,,,,,,,,,,,,,,,,,70.00,,,,,,,false,true,12,2021-01-01,2021-12-31,0
2021-10-29,19110,2021-12-31,3,,,,,,,,,,,,,,,,,,,,,,,,,,,,,,,,,201200936,1328593,187331471,false,false,9,2021-01-01,2021-09-30,0
2022-02-14,19110,2021-12-31,,1385930000000,,,,,,113651000000,,137751000000,,,87175000000,,457.69,446.69,0.202,0.115,0.082,,1314226000000,540089000000,0.377,2479.76,495612000000,91576000000,-40254000000,-7029000000,170035000000,,0.175,,,,,,true,false,12,2021-01-01,2021-12-31,0
2022-02-14,19110,2020-12-31,,839881000000,,,,,,47462000000,,51293000000,,,30398000000,,167.54,163.34,0.088,0.049,0.057,,1091152000000,399456000000,0.337,2025.13,367461000000,46840000000,-44635000000,-6782000000,122220000000,,0.209,,,,,,true,false,12,2020-01-01,2020-12-31,-1
2022-02-14,19110,2022-12-31,,1524000000000,0.100,,,,,118500000000,0.043,135000000000,-0.020,,86000000000,,430.30,,,,,,,,,,,,,,,,0.186,,,,,,true,true,12,2022-01-01,2022-12-31,1
2022-02-14,19110,2021-12-31,,470202000000,,,,,,4748000000,,13361000000,,6969000000,,,36.39,35.52,,,,,802501000000,309160000000,0.385,1538.20,309043000000,,,,,80.00,,,,201200936,1338269,190465847,false,false,12,2021-01-01,2021-12-31,0
2022-02-14,19110,2020-12-31,,317658000000,,,,,,32000000,,9471000000,,8623000000,,,47.25,46.08,,,,,751131000000,284219000000,0.378,1556.78,284099000000,,,,,35.00,,,,182778336,1327588,181442403,false,false,12,2020-01-01,2020-12-31,-1
2022-02-14,19110,2022-12-31,,,,,,,,,,,,,,,,,,,,,,,,,,,,,,80.00,,,,,,,false,true,12,2022-01-01,2022-12-31,1
2022-04-27,19110,2022-12-31,1,353898000000,0.224,,,,,27766000000,0.477,35894000000,0.735,,22598000000,,113.07,110.44,,,,,1373110000000,578400000000,0.387,,531088000000,,,,,,,,,,,,true,false,3,2022-01-01,2022-03-31,0
2022-04-27,19110,2021-12-31,1,289055000000,0.177,,,,,18803000000,1.027,20693000000,1.003,,12922000000,,71.22,69.43,,,,,,,,,,,,,,,,,,,,,true,false,3,2021-01-01,2021-03-31,-1
2022-04-27,19110,2022-12-31,1,1524000000000,0.100,,,,,118500000000,0.043,135000000000,-0.020,,86000000000,,430.30,,,,,,,,,,,,,,,,,,,,,,true,true,12,2022-01-01,2022-12-31,0
2022-04-27,19110,2021-12-31,1,,,,,,,,,,,,,,,,,,,,1314226000000,540089000000,0.377,,495612000000,,,,,,,,,,,,true,false,12,2021-01-01,2021-12-31,-1
2022-04-27,19110,2021-12-31,1,,,,,,,,,,,,,,,,,,,,,,,,,,,,,80.00,,,,201200936,1338269,,false,false,12,2021-01-01,2021-12-31,-1
2022-04-27,19110,2022-12-31,1,,,,,,,,,,,,,,,,,,,,,,,,,,,,,80.00,,,,,,,false,true,12,2022-01-01,2022-12-31,0
2022-04-27,19110,2022-12-31,1,,,,,,,,,,,,,,,,,,,,,,,,,,,,,,,,,201200936,1361172,199847398,false,false,3,2022-01-01,2022-03-31,0
2022-04-27,19110,2021-12-31,1,,,,,,,,,,,,,,,,,,,,,,,,,,,,,,,,,,,181451017,false,false,3,2021-01-01,2021-03-31,-1
2022-08-09,19110,2022-12-31,2,782784000000,0.237,,,,,72955000000,0.514,93558000000,0.810,,49563000000,,248.01,242.22,,,,,1504060000000,655180000000,0.400,,601078000000,,,,,,,,,,,,true,false,6,2022-01-01,2022-06-30,0
2022-08-09,19110,2021-12-31,2,632875000000,0.203,,,,,48200000000,0.794,51700000000,0.800,,29132000000,,160.54,156.52,,,,,,,,,,,,,,,,,,,,,true,false,6,2021-01-01,2021-06-30,-1
2022-08-09,19110,2022-12-31,2,1613000000000,0.164,,,,,142000000000,0.249,175000000000,0.270,,100000000000,,500.39,,,,,,,,,,,,,,,,,,,,,,true,true,12,2022-01-01,2022-12-31,0
2022-08-09,19110,2021-12-31,2,,,,,,,,,,,,,,,,,,,,1314226000000,540089000000,0.377,,495612000000,,,,,,,,,,,,true,false,12,2021-01-01,2021-12-31,-1
2022-08-09,19110,2021-12-31,2,,,,,,,,,,,,,,,,,,,,,,,,,,,,,80.00,,,,201200936,1338269,,false,false,12,2021-01-01,2021-12-31,-1
2022-08-09,19110,2022-12-31,2,,,,,,,,,,,,,,,,,,,,,,,,,,,,,60.00,,,,,,,false,false,12,2022-01-01,2022-12-31,0
2022-08-09,19110,2022-12-31,2,,,,,,,,,,,,,,,,,,,,,,,,,,,,,125.00,,,,,,,false,true,12,2022-01-01,2022-12-31,0
2022-08-09,19110,2022-12-31,2,,,,,,,,,,,,,,,,,,,,,,,,,,,,,,,,,201205336,1368758,199843715,false,false,6,2022-01-01,2022-06-30,0
2022-08-09,19110,2021-12-31,2,,,,,,,,,,,,,,,,,,,,,,,,,,,,,,,,,,,181461294,false,false,6,2021-01-01,2021-06-30,-1
2022-10-31,19110,2022-12-31,3,1206293000000,0.246,,,,,111109000000,0.599,141870000000,0.608,,82718000000,,413.92,404.26,,,,,1638076000000,711038000000,0.397,,651030000000,,,,,,,,,,,,true,false,9,2022-01-01,2022-09-30,0
2022-10-31,19110,2021-12-31,3,968073000000,,,,,,69497000000,,88215000000,,,53611000000,,286.18,279.21,,,,,,,,,,,,,,,,,,,,,true,false,9,2021-01-01,2021-09-30,-1
2022-10-31,19110,2022-12-31,3,1613000000000,0.164,,,,,142000000000,0.249,175000000000,0.270,,100000000000,,500.40,,,,,,,,,,,,,,,,,,,,,,true,true,12,2022-01-01,2022-12-31,0
2022-10-31,19110,2021-12-31,3,,,,,,,,,,,,,,,,,,,,1314226000000,540089000000,0.377,,495612000000,,,,,,,,,,,,true,false,12,2021-01-01,2021-12-31,-1
2022-10-31,19110,2021-12-31,3,,,,,,,,,,,,,,,,,,,,,,,,,,,,,80.00,,,,201200936,1338269,,false,false,12,2021-01-01,2021-12-31,-1
2022-10-31,19110,2022-12-31,3,,,,,,,,,,,,,,,,,,,,,,,,,,,,,60.00,,,,,,,false,false,12,2022-01-01,2022-12-31,0
2022-10-31,19110,2022-12-31,3,,,,,,,,,,,,,,,,,,,,,,,,,,,,,125.00,,,,,,,false,true,12,2022-01-01,2022-12-31,0
2022-10-31,19110,2022-12-31,3,,,,,,,,,,,,,,,,,,,,,,,,,,,,,,,,,201215336,1380540,199841096,false,false,9,2022-01-01,2022-09-30,0
2022-10-31,19110,2021-12-31,3,,,,,,,,,,,,,,,,,,,,,,,,,,,,,,,,,,,187331471,false,false,9,2021-01-01,2021-09-30,-1
2023-02-14,19110,2022-12-31,,1669707000000,0.205,,,,,158253000000,0.392,194994000000,0.416,,108672000000,,543.80,530.99,0.194,0.137,0.095,,1537598000000,682554000000,0.408,3140.26,627510000000,55276000000,-52385000000,-32998000000,147373000000,,0.230,,,,,,true,false,12,2022-01-01,2022-12-31,0
2023-02-14,19110,2021-12-31,,1385930000000,,,,,,113651000000,,137751000000,,,87175000000,,457.69,446.69,0.202,0.115,0.082,,1314226000000,540089000000,0.377,2479.76,495612000000,91576000000,-40254000000,-7029000000,170035000000,,0.175,,,,,,true,false,12,2021-01-01,2021-12-31,-1
2023-02-14,19110,2023-12-31,,1598000000000,-0.043,,,,,101500000000,-0.359,120000000000,-0.385,,77000000000,,385.33,,,,,,,,,,,,,,,,0.324,,,,,,true,true,12,2023-01-01,2023-12-31,1
2023-02-14,19110,2022-12-31,,530547000000,0.128,,,,,2311000000,-0.513,16627000000,0.244,3292000000,,-0.528,16.38,16.00,,,,,828231000000,291030000000,0.351,1447.94,290934000000,,,,,125.00,,,,201218236,1390509,199838137,false,false,12,2022-01-01,2022-12-31,0
2023-02-14,19110,2021-12-31,,470202000000,,,,,,4748000000,,13361000000,,6969000000,,,36.39,35.52,,,,,802501000000,309160000000,0.385,1538.20,309043000000,,,,,80.00,,,,201200936,1338269,190465847,false,false,12,2021-01-01,2021-12-31,-1
2023-02-14,19110,2023-12-31,,,,,,,,,,,,,,,,,,,,,,,,,,,,,,125.00,,,,,,,false,true,12,2023-01-01,2023-12-31,1
2023-04-27,19110,2023-12-31,1,376305000000,0.063,,,,,24364000000,-0.123,25591000000,-0.287,,14401000000,,72.07,70.33,,,,,1525955000000,689769000000,0.415,,632889000000,,,,,,,,,,,,true,false,3,2023-01-01,2023-03-31,0
2023-04-27,19110,2022-12-31,1,353898000000,0.224,,,,,27766000000,0.477,35894000000,0.735,,22598000000,,113.07,110.44,,,,,,,,,,,,,,,,,,,,,true,false,3,2022-01-01,2022-03-31,-1
2023-04-27,19110,2023-12-31,1,1598000000000,-0.043,,,,,101500000000,-0.359,120000000000,-0.385,,77000000000,,385.33,,,,,,,,,,,,,,,,,,,,,,true,true,12,2023-01-01,2023-12-31,0
2023-04-27,19110,2022-12-31,1,,,,,,,,,,,,,,,,,,,,1537598000000,682554000000,0.408,,627510000000,,,,,,,,,,,,true,false,12,2022-01-01,2022-12-31,-1
2023-04-27,19110,2022-12-31,1,,,,,,,,,,,,,,,,,,,,,,,,,,,,,125.00,,,,201218236,1390509,,false,false,12,2022-01-01,2022-12-31,-1
2023-04-27,19110,2023-12-31,1,,,,,,,,,,,,,,,,,,,,,,,,,,,,,125.00,,,,,,,false,true,12,2023-01-01,2023-12-31,0
2023-04-27,19110,2023-12-31,1,,,,,,,,,,,,,,,,,,,,,,,,,,,,,,,,,201218236,1398952,199821554,false,false,3,2023-01-01,2023-03-31,0
2023-04-27,19110,2022-12-31,1,,,,,,,,,,,,,,,,,,,,,,,,,,,,,,,,,,,199847398,false,false,3,2022-01-01,2022-03-31,-1
2023-08-08,19110,2023-12-31,2,816483000000,0.043,,,,,65229000000,-0.106,67366000000,-0.280,,44815000000,,223.17,218.88,,,,,1691429000000,792132000000,0.430,,727994000000,,,,,,,,,,,,true,false,6,2023-01-01,2023-06-30,0
2023-08-08,19110,2022-12-31,2,782784000000,0.237,,,,,72955000000,0.514,93558000000,0.810,,49563000000,,248.01,242.22,,,,,,,,,,,,,,,,,,,,,true,false,6,2022-01-01,2022-06-30,-1
2023-08-08,19110,2023-12-31,2,1726000000000,0.034,,,,,130500000000,-0.175,150000000000,-0.231,,92000000000,,449.84,,,,,,,,,,,,,,,,,,,,,,true,true,12,2023-01-01,2023-12-31,0
2023-08-08,19110,2022-12-31,2,,,,,,,,,,,,,,,,,,,,1537598000000,682554000000,0.408,,627510000000,,,,,,,,,,,,true,false,12,2022-01-01,2022-12-31,-1
2023-08-08,19110,2022-12-31,2,,,,,,,,,,,,,,,,,,,,,,,,,,,,,125.00,,,,201218236,1390509,,false,false,12,2022-01-01,2022-12-31,-1
2023-08-08,19110,2023-12-31,2,,,,,,,,,,,,,,,,,,,,,,,,,,,,,60.00,,,,,,,false,false,12,2023-01-01,2023-12-31,0
2023-08-08,19110,2023-12-31,2,,,,,,,,,,,,,,,,,,,,,,,,,,,,,125.00,,,,,,,false,true,12,2023-01-01,2023-12-31,0
2023-08-08,19110,2023-12-31,2,,,,,,,,,,,,,,,,,,,,,,,,,,,,,,,,,205922117,1404135,200813143,false,false,6,2023-01-01,2023-06-30,0
2023-08-08,19110,2022-12-31,2,,,,,,,,,,,,,,,,,,,,,,,,,,,,,,,,,,,199843715,false,false,6,2022-01-01,2022-06-30,-1
2023-10-31,19110,2023-12-31,3,1232884000000,0.022,,,,,97615000000,-0.121,99579000000,-0.298,,63797000000,,315.71,311.59,,,,,1759101000000,817938000000,0.427,,750759000000,,,,,,,,,,,,true,false,9,2023-01-01,2023-09-30,0
2023-10-31,19110,2022-12-31,3,1206293000000,0.246,,,,,111109000000,0.599,141870000000,0.608,,82718000000,,413.92,404.26,,,,,,,,,,,,,,,,,,,,,true,false,9,2022-01-01,2022-09-30,-1
2023-10-31,19110,2023-12-31,3,1726000000000,0.034,,,,,130500000000,-0.175,150000000000,-0.231,,92000000000,,449.56,,,,,,,,,,,,,,,,,,,,,,true,true,12,2023-01-01,2023-12-31,0
2023-10-31,19110,2022-12-31,3,,,,,,,,,,,,,,,,,,,,1537598000000,682554000000,0.408,,627510000000,,,,,,,,,,,,true,false,12,2022-01-01,2022-12-31,-1
2023-10-31,19110,2022-12-31,3,,,,,,,,,,,,,,,,,,,,,,,,,,,,,125.00,,,,201218236,1390509,,false,false,12,2022-01-01,2022-12-31,-1
2023-10-31,19110,2023-12-31,3,,,,,,,,,,,,,,,,,,,,,,,,,,,,,60.00,,,,,,,false,false,12,2023-01-01,2023-12-31,0
2023-10-31,19110,2023-12-31,3,,,,,,,,,,,,,,,,,,,,,,,,,,,,,125.00,,,,,,,false,true,12,2023-01-01,2023-12-31,0
2023-10-31,19110,2023-12-31,3,,,,,,,,,,,,,,,,,,,,,,,,,,,,,,,,,206057068,1412210,202073125,false,false,9,2023-01-01,2023-09-30,0
2023-10-31,19110,2022-12-31,3,,,,,,,,,,,,,,,,,,,,,,,,,,,,,,,,,,,199841096,false,false,9,2022-01-01,2022-09-30,-1
2024-02-14,19110,2023-12-31,,1733169000000,0.038,,,,,146755000000,-0.073,159418000000,-0.182,,102479000000,,505.53,500.44,0.148,0.095,0.085,,1812722000000,823296000000,0.416,3686.51,754415000000,125300000000,-112497000000,10236000000,174771000000,,0.247,,,,,,true,false,12,2023-01-01,2023-12-31,0
2024-02-14,19110,2022-12-31,,1669707000000,0.205,,,,,158253000000,0.392,194994000000,0.416,,108672000000,,543.80,530.99,0.194,0.137,0.095,,1537598000000,682554000000,0.408,3140.26,627510000000,55276000000,-52385000000,-32998000000,147373000000,,0.230,,,,,,true,false,12,2022-01-01,2022-12-31,-1
2024-02-14,19110,2024-12-31,,2065000000000,0.191,,,,,161500000000,0.100,173000000000,0.085,,105500000000,,515.53,,,,,,,,,,,,,,,,0.252,,,,,,true,true,12,2024-01-01,2024-12-31,1
2024-02-14,19110,2023-12-31,,514556000000,-0.030,,,,,15175000000,5.567,41721000000,1.509,39688000000,,,194.71,192.76,,,,,923263000000,316470000000,0.343,1537.63,316395000000,,,,,125.00,,,,206058468,1416107,202715328,false,false,12,2023-01-01,2023-12-31,0
2024-02-14,19110,2022-12-31,,530547000000,0.128,,,,,2311000000,-0.513,16627000000,0.244,3292000000,,-0.528,16.38,16.00,,,,,828231000000,291030000000,0.351,1447.94,290934000000,,,,,125.00,,,,201218236,1390509,199838137,false,false,12,2022-01-01,2022-12-31,-1
2024-02-14,19110,2024-12-31,,,,,,,,,,,,,,,,,,,,,,,,,,,,,,130.00,,,,,,,false,true,12,2024-01-01,2024-12-31,1
2024-04-30,19110,2024-12-31,1,453632000000,0.205,,,,,40631000000,0.668,39772000000,0.554,,22231000000,,108.63,108.57,,,,,1923408000000,891597000000,0.423,,814366000000,,,,,,,,,,,,true,false,3,2024-01-01,2024-03-31,0
2024-04-30,19110,2023-12-31,1,376305000000,0.063,,,,,24364000000,-0.123,25591000000,-0.287,,14401000000,,72.07,70.33,,,,,,,,,,,,,,,,,,,,,true,false,3,2023-01-01,2023-03-31,-1
2024-04-30,19110,2024-12-31,1,2065000000000,0.191,,,,,161500000000,0.100,173000000000,0.085,,105500000000,,515.53,,,,,,,,,,,,,,,,,,,,,,true,true,12,2024-01-01,2024-12-31,0
2024-04-30,19110,2023-12-31,1,,,,,,,,,,,,,,,,,,,,1812722000000,823296000000,0.416,,754415000000,,,,,,,,,,,,true,false,12,2023-01-01,2023-12-31,-1
2024-04-30,19110,2023-12-31,1,,,,,,,,,,,,,,,,,,,,,,,,,,,,,125.00,,,,206058468,1416107,,false,false,12,2023-01-01,2023-12-31,-1
2024-04-30,19110,2024-12-31,1,,,,,,,,,,,,,,,,,,,,,,,,,,,,,130.00,,,,,,,false,true,12,2024-01-01,2024-12-31,0
2024-04-30,19110,2024-12-31,1,,,,,,,,,,,,,,,,,,,,,,,,,,,,,,,,,206061168,1416270,204644054,false,false,3,2024-01-01,2024-03-31,0
2024-04-30,19110,2023-12-31,1,,,,,,,,,,,,,,,,,,,,,,,,,,,,,,,,,,,199821554,false,false,3,2023-01-01,2023-03-31,-1
2024-08-08,19110,2024-12-31,2,981416000000,0.202,,,,,93307000000,0.430,95192000000,0.413,,55709000000,,272.22,272.08,,,,,2111469000000,978409000000,0.423,,894177000000,,,,,,,,,,,,true,false,6,2024-01-01,2024-06-30,0
2024-08-08,19110,2023-12-31,2,816483000000,0.043,,,,,65229000000,-0.106,67366000000,-0.280,,44815000000,,223.17,218.88,,,,,,,,,,,,,,,,,,,,,true,false,6,2023-01-01,2023-06-30,-1
2024-08-08,19110,2024-12-31,2,2095000000000,0.209,,,,,180000000000,0.227,193000000000,0.211,,115000000000,,561.94,,,,,,,,,,,,,,,,,,,,,,true,true,12,2024-01-01,2024-12-31,0
2024-08-08,19110,2023-12-31,2,,,,,,,,,,,,,,,,,,,,1812722000000,823296000000,0.416,,754415000000,,,,,,,,,,,,true,false,12,2023-01-01,2023-12-31,-1
2024-08-08,19110,2023-12-31,2,,,,,,,,,,,,,,,,,,,,,,,,,,,,,125.00,,,,206058468,1416107,,false,false,12,2023-01-01,2023-12-31,-1
2024-08-08,19110,2024-12-31,2,,,,,,,,,,,,,,,,,,,,,,,,,,,,,65.00,,,,,,,false,false,12,2024-01-01,2024-12-31,0
2024-08-08,19110,2024-12-31,2,,,,,,,,,,,,,,,,,,,,,,,,,,,,,145.00,,,,,,,false,true,12,2024-01-01,2024-12-31,0
2024-08-08,19110,2024-12-31,2,,,,,,,,,,,,,,,,,,,,,,,,,,,,,,,,,206065768,1416730,204646659,false,false,6,2024-01-01,2024-06-30,0
2024-08-08,19110,2023-12-31,2,,,,,,,,,,,,,,,,,,,,,,,,,,,,,,,,,,,200813143,false,false,6,2023-01-01,2023-06-30,-1
2024-10-31,19110,2024-12-31,3,1492337000000,0.210,,,,,142564000000,0.460,142929000000,0.435,,85556000000,,418.06,417.87,,,,,2018938000000,900196000000,0.405,,817803000000,,,,,,,,,,,,true,false,9,2024-01-01,2024-09-30,0
2024-10-31,19110,2023-12-31,3,1232884000000,0.022,,,,,97615000000,-0.121,99579000000,-0.298,,63797000000,,315.71,311.59,,,,,,,,,,,,,,,,,,,,,true,false,9,2023-01-01,2023-09-30,-1
2024-10-31,19110,2024-12-31,3,2095000000000,0.209,,,,,180000000000,0.227,193000000000,0.211,,115000000000,,561.94,,,,,,,,,,,,,,,,,,,,,,true,true,12,2024-01-01,2024-12-31,0
2024-10-31,19110,2023-12-31,3,,,,,,,,,,,,,,,,,,,,1812722000000,823296000000,0.416,,754415000000,,,,,,,,,,,,true,false,12,2023-01-01,2023-12-31,-1
2024-10-31,19110,2023-12-31,3,,,,,,,,,,,,,,,,,,,,,,,,,,,,,125.00,,,,206058468,1416107,,false,false,12,2023-01-01,2023-12-31,-1
2024-10-31,19110,2024-12-31,3,,,,,,,,,,,,,,,,,,,,,,,,,,,,,65.00,,,,,,,false,false,12,2024-01-01,2024-12-31,0
2024-10-31,19110,2024-12-31,3,,,,,,,,,,,,,,,,,,,,,,,,,,,,,145.00,,,,,,,false,true,12,2024-01-01,2024-12-31,0
2024-10-31,19110,2024-12-31,3,,,,,,,,,,,,,,,,,,,,,,,,,,,,,,,,,206067368,1416737,204647894,false,false,9,2024-01-01,2024-09-30,0
2024-10-31,19110,2023-12-31,3,,,,,,,,,,,,,,,,,,,,,,,,,,,,,,,,,,,202073125,false,false,9,2023-01-01,2023-09-30,-1
2025-02-13,19110,2024-12-31,,2053650000000,0.185,,,,,194588000000,0.330,197955000000,0.246,,116528000000,,569.40,569.01,0.139,0.097,0.095,,2261128000000,1020127000000,0.407,4497.17,920347000000,27078000000,-135103000000,133225000000,206297000000,,0.255,,,,,,true,false,12,2024-01-01,2024-12-31,0
2025-02-13,19110,2023-12-31,,1733169000000,0.038,,,,,146258000000,-0.076,158921000000,-0.185,,102170000000,,504.01,498.93,0.148,0.095,0.084,,1824727000000,826462000000,0.413,3684.87,754080000000,125300000000,-112497000000,10236000000,174771000000,,0.248,,,,,,true,false,12,2023-01-01,2023-12-31,-1
2025-02-13,19110,2025-12-31,,2556000000000,0.245,,,,,195000000000,0.002,205000000000,0.036,,123000000000,,601.03,,,,,,,,,,,,,,,,0.303,,,,,,true,true,12,2025-01-01,2025-12-31,1
2025-02-13,19110,2024-12-31,,519029000000,0.009,,,,,15650000000,0.031,56271000000,0.349,51200000000,,0.290,248.82,248.65,,,,,1040814000000,343053000000,0.330,1666.78,342984000000,,,,,145.00,,,,206067368,1416955,204648540,false,false,12,2024-01-01,2024-12-31,0
2025-02-13,19110,2023-12-31,,514556000000,-0.030,,,,,15175000000,5.567,41721000000,1.509,39688000000,,,194.71,192.76,,,,,923263000000,316470000000,0.343,1537.63,316395000000,,,,,125.00,,,,206058468,1416107,202715328,false,false,12,2023-01-01,2023-12-31,-1
2025-02-13,19110,2025-12-31,,,,,,,,,,,,,,,,,,,,,,,,,,,,,,182.00,,,,,,,false,true,12,2025-01-01,2025-12-31,1
2025-04-30,19110,2025-12-31,1,511632000000,0.128,,,,,38480000000,-0.027,37272000000,-0.036,,20188000000,,98.65,98.57,,,,,2205795000000,970912000000,0.397,,876238000000,,,,,,,,,,,,true,false,3,2025-01-01,2025-03-31,0
2025-04-30,19110,2024-12-31,1,453632000000,0.205,,,,,39529000000,0.622,38670000000,0.511,,21457000000,,104.85,104.79,,,,,,,,,,,,,,,,,,,,,true,false,3,2024-01-01,2024-03-31,-1
2025-04-30,19110,2025-12-31,1,2556000000000,0.245,,,,,195000000000,0.002,205000000000,0.036,,123000000000,,601.03,,,,,,,,,,,,,,,,,,,,,,true,true,12,2025-01-01,2025-12-31,0
2025-04-30,19110,2024-12-31,1,,,,,,,,,,,,,,,,,,,,2261128000000,1020127000000,0.407,,920347000000,,,,,,,,,,,,true,false,12,2024-01-01,2024-12-31,-1
2025-04-30,19110,2024-12-31,1,,,,,,,,,,,,,,,,,,,,,,,,,,,,,145.00,,,,206067368,1416955,,false,false,12,2024-01-01,2024-12-31,-1
2025-04-30,19110,2025-12-31,1,,,,,,,,,,,,,,,,,,,,,,,,,,,,,182.00,,,,,,,false,true,12,2025-01-01,2025-12-31,0
2025-04-30,19110,2025-12-31,1,,,,,,,,,,,,,,,,,,,,,,,,,,,,,,,,,206068168,1417168,204650937,false,false,3,2025-01-01,2025-03-31,0
2025-04-30,19110,2024-12-31,1,,,,,,,,,,,,,,,,,,,,,,,,,,,,,,,,,,,204644054,false,false,3,2024-01-01,2024-03-31,-1
,19110,2025-12-31,,,,,,,,,,,,,,,,,,,,,,,,,,,,,,30.50,,,,,,,false,true,12,2025-01-01,2025-12-31,0
,19110,2024-12-31,,,,,,,,,,,,,,,,,,,,,,,,,,,,,,145.00,,,,,,,false,false,12,2024-01-01,2024-12-31,-1
