filing_date,code,fiscal_year_end,quarterly_period,net_sales,net_sales_change,revenue,revenue_change,operating_revenue,operating_revenue_change,operating_profit,operating_profit_change,ordinary_profit,ordinary_profit_change,net_income,net_income_of_parent,net_income_change,eps,diluted_eps,roe,roa,operating_profit_to_net_sales,operating_profit_to_revenue,total_assets,net_assets,equity_ratio,bps,owner_equity,operating_cash_flow,investing_cash_flow,financing_cash_flow,cash,dividend_per_share,payout_ratio,commemorative_dividend,extra_dividend,number_of_shares,number_of_treqsury_shares,avg_number_of_shares,is_consolidated,is_forecast,duration,period_start,period_end,period_pos
2015-07-27,19300,2016-03-31,1,9423000000,0.165,,,,,656000000,0.493,698000000,0.453,,591000000,,25.37,,,,,,37188000000,22841000000,0.614,,22841000000,,,,,,,,,,,,true,false,3,2015-04-01,2015-06-30,0
2015-07-27,19300,2015-03-31,1,8090000000,0.102,,,,,439000000,0.775,480000000,0.178,,343000000,,14.69,,,,,,,,,,,,,,,,,,,,,,true,false,3,2014-04-01,2014-06-30,-1
2015-07-27,19300,2016-03-31,1,46000000000,0.066,,,,,5000000000,0.191,5200000000,0.188,,3600000000,,154.29,,,,,,,,,,,,,,,,,,,,,,true,true,12,2015-04-01,2016-03-31,0
2015-07-27,19300,2015-03-31,1,,,,,,,,,,,,,,,,,,,,38882000000,22451000000,0.577,,22451000000,,,,,,,,,,,,true,false,12,2014-04-01,2015-03-31,-1
2015-07-27,19300,2015-03-31,1,,,,,,,,,,,,,,,,,,,,,,,,,,,,,12.00,,,,24969993,1636522,,false,false,12,2014-04-01,2015-03-31,-1
2015-07-27,19300,2016-03-31,1,,,,,,,,,,,,,,,,,,,,,,,,,,,,,12.00,,,,,,,false,true,12,2015-04-01,2016-03-31,0
2015-07-27,19300,2016-03-31,1,,,,,,,,,,,,,,,,,,,,,,,,,,,,,,,,,24969993,1639667,23332319,false,false,3,2015-04-01,2015-06-30,0
2015-07-27,19300,2015-03-31,1,,,,,,,,,,,,,,,,,,,,,,,,,,,,,,,,,,,23352075,false,false,3,2014-04-01,2014-06-30,-1
2015-10-28,19300,2016-03-31,2,19437000000,0.065,,,,,1617000000,0.390,1688000000,0.370,,1271000000,,54.50,,,,,,37559000000,23445000000,0.624,,23445000000,,,,,,,,,,,,true,false,6,2015-04-01,2015-09-30,0
2015-10-28,19300,2015-03-31,2,18242000000,0.145,,,,,1163000000,0.459,1232000000,0.252,,805000000,,34.51,,,,,,,,,,,,,,,,,,,,,,true,false,6,2014-04-01,2014-09-30,-1
2015-10-28,19300,2016-03-31,2,46000000000,0.066,,,,,5000000000,0.191,5200000000,0.188,,3600000000,,154.30,,,,,,,,,,,,,,,,,,,,,,true,true,12,2015-04-01,2016-03-31,0
2015-10-28,19300,2015-03-31,2,,,,,,,,,,,,,,,,,,,,38882000000,22451000000,0.577,,22451000000,,,,,,,,,,,,true,false,12,2014-04-01,2015-03-31,-1
2015-10-28,19300,2015-03-31,2,,,,,,,,,,,,,,,,,,,,,,,,,,,,,12.00,,,,24969993,1636522,,false,false,12,2014-04-01,2015-03-31,-1
2015-10-28,19300,2016-03-31,2,,,,,,,,,,,,,,,,,,,,,,,,,,,,,0.00,,,,,,,false,false,12,2015-04-01,2016-03-31,0
2015-10-28,19300,2016-03-31,2,,,,,,,,,,,,,,,,,,,,,,,,,,,,,12.00,,,,,,,false,true,12,2015-04-01,2016-03-31,0
2015-10-28,19300,2016-03-31,2,,,,,,,,,,,,,,,,,,,,,,,,,,,,,,,,,24969993,1642293,23330428,false,false,6,2015-04-01,2015-09-30,0
2015-10-28,19300,2015-03-31,2,,,,,,,,,,,,,,,,,,,,,,,,,,,,,,,,,,,23350471,false,false,6,2014-04-01,2014-09-30,-1
2016-01-27,19300,2016-03-31,3,30804000000,0.103,,,,,2888000000,0.421,2987000000,0.403,,2135000000,,91.53,,,,,,38946000000,24350000000,0.625,,24350000000,,,,,,,,,,,,true,false,9,2015-04-01,2015-12-31,0
2016-01-27,19300,2015-03-31,3,27927000000,0.045,,,,,2033000000,0.193,2129000000,0.090,,1356000000,,58.12,,,,,,,,,,,,,,,,,,,,,,true,false,9,2014-04-01,2014-12-31,-1
2016-01-27,19300,2016-03-31,3,46000000000,0.066,,,,,5000000000,0.191,5200000000,0.188,,3600000000,,154.31,,,,,,,,,,,,,,,,,,,,,,true,true,12,2015-04-01,2016-03-31,0
2016-01-27,19300,2015-03-31,3,,,,,,,,,,,,,,,,,,,,38882000000,22451000000,0.577,,22451000000,,,,,,,,,,,,true,false,12,2014-04-01,2015-03-31,-1
2016-01-27,19300,2015-03-31,3,,,,,,,,,,,,,,,,,,,,,,,,,,,,,12.00,,,,24969993,1636522,,false,false,12,2014-04-01,2015-03-31,-1
2016-01-27,19300,2016-03-31,3,,,,,,,,,,,,,,,,,,,,,,,,,,,,,0.00,,,,,,,false,false,12,2015-04-01,2016-03-31,0
2016-01-27,19300,2016-03-31,3,,,,,,,,,,,,,,,,,,,,,,,,,,,,,12.00,,,,,,,false,true,12,2015-04-01,2016-03-31,0
2016-01-27,19300,2016-03-31,3,,,,,,,,,,,,,,,,,,,,,,,,,,,,,,,,,24969993,1642373,23329501,false,false,9,2015-04-01,2015-12-31,0
2016-01-27,19300,2015-03-31,3,,,,,,,,,,,,,,,,,,,,,,,,,,,,,,,,,,,23348346,false,false,9,2014-04-01,2014-12-31,-1
2016-04-27,19300,2016-03-31,,45586000000,0.056,,,,,4536000000,0.080,4662000000,0.065,,3140000000,,134.60,,0.132,0.117,0.100,,40999000000,25267000000,0.616,1083.14,25267000000,2545000000,-763000000,-569000000,11513000000,,0.104,,,,,,true,false,12,2015-04-01,2016-03-31,0
2016-04-27,19300,2015-03-31,,43170000000,0.032,,,,,4198000000,0.304,4377000000,0.251,,2740000000,,117.38,,0.129,0.114,0.097,,38882000000,22451000000,0.577,962.21,22451000000,4406000000,-1252000000,-636000000,10301000000,,0.102,,,,,,true,false,12,2014-04-01,2015-03-31,-1
2016-04-27,19300,2017-03-31,,20400000000,0.050,,,,,1700000000,0.051,1800000000,0.066,,1300000000,,55.73,,,,,,,,,,,,,,,,,,,,,,true,true,6,2016-04-01,2016-09-30,1
2016-04-27,19300,2017-03-31,,47000000000,0.031,,,,,4600000000,0.014,4800000000,0.029,,3400000000,,145.75,,,,,,,,,,,,,,,,0.096,,,,,,true,true,12,2016-04-01,2017-03-31,1
2016-04-27,19300,2016-03-31,,45539000000,0.056,,,,,4451000000,0.085,4683000000,0.074,3232000000,,0.181,138.56,,,,,,40928000000,25214000000,0.616,1080.87,25214000000,,,,,14.00,,,,24969993,1642373,23329033,false,false,12,2015-04-01,2016-03-31,0
2016-04-27,19300,2015-03-31,,43118000000,0.032,,,,,4103000000,0.311,4359000000,0.238,2737000000,,0.248,117.27,,,,,,38727000000,22306000000,0.576,955.98,22306000000,,,,,12.00,,,,24969993,1636522,23345483,false,false,12,2014-04-01,2015-03-31,-1
2016-04-27,19300,2017-03-31,,20350000000,0.048,,,,,1670000000,0.064,1790000000,0.077,1290000000,,0.042,55.30,,,,,,,,,,,,,,,,,,,,,,false,true,6,2016-04-01,2016-09-30,1
2016-04-27,19300,2017-03-31,,46900000000,0.030,,,,,4540000000,0.020,4780000000,0.021,3380000000,,0.046,144.89,,,,,,,,,,,,,,,14.00,,,,,,,false,true,12,2016-04-01,2017-03-31,1
2016-07-27,19300,2017-03-31,1,8632000000,-0.084,,,,,778000000,0.187,816000000,0.168,,526000000,,22.55,,,,,,38916000000,25435000000,0.654,,25435000000,,,,,,,,,,,,true,false,3,2016-04-01,2016-06-30,0
2016-07-27,19300,2016-03-31,1,9423000000,0.165,,,,,656000000,0.493,698000000,0.453,,591000000,,25.37,,,,,,,,,,,,,,,,,,,,,,true,false,3,2015-04-01,2015-06-30,-1
2016-07-27,19300,2017-03-31,1,20400000000,0.050,,,,,1700000000,0.051,1800000000,0.066,,1300000000,,55.73,,,,,,,,,,,,,,,,,,,,,,true,true,6,2016-04-01,2016-09-30,0
2016-07-27,19300,2017-03-31,1,47000000000,0.031,,,,,4600000000,0.014,4800000000,0.029,,3400000000,,145.75,,,,,,,,,,,,,,,,,,,,,,true,true,12,2016-04-01,2017-03-31,0
2016-07-27,19300,2016-03-31,1,,,,,,,,,,,,,,,,,,,,40999000000,25267000000,0.616,,25267000000,,,,,,,,,,,,true,false,12,2015-04-01,2016-03-31,-1
2016-07-27,19300,2016-03-31,1,,,,,,,,,,,,,,,,,,,,,,,,,,,,,14.00,,,,24969993,1642373,,false,false,12,2015-04-01,2016-03-31,-1
2016-07-27,19300,2017-03-31,1,,,,,,,,,,,,,,,,,,,,,,,,,,,,,14.00,,,,,,,false,true,12,2016-04-01,2017-03-31,0
2016-07-27,19300,2017-03-31,1,,,,,,,,,,,,,,,,,,,,,,,,,,,,,,,,,24969993,1642373,23327620,false,false,3,2016-04-01,2016-06-30,0
2016-07-27,19300,2016-03-31,1,,,,,,,,,,,,,,,,,,,,,,,,,,,,,,,,,,,23332319,false,false,3,2015-04-01,2015-06-30,-1
2016-10-26,19300,2017-03-31,2,18843000000,-0.031,,,,,1934000000,0.196,2000000000,0.185,,1295000000,,55.53,,,,,,40278000000,26184000000,0.650,,26184000000,,,,,,,,,,,,true,false,6,2016-04-01,2016-09-30,0
2016-10-26,19300,2016-03-31,2,19437000000,0.065,,,,,1617000000,0.390,1688000000,0.370,,1271000000,,54.50,,,,,,,,,,,,,,,,,,,,,,true,false,6,2015-04-01,2015-09-30,-1
2016-10-26,19300,2017-03-31,2,47000000000,0.031,,,,,4600000000,0.014,4800000000,0.029,,3400000000,,145.75,,,,,,,,,,,,,,,,,,,,,,true,true,12,2016-04-01,2017-03-31,0
2016-10-26,19300,2016-03-31,2,,,,,,,,,,,,,,,,,,,,40999000000,25267000000,0.616,,25267000000,,,,,,,,,,,,true,false,12,2015-04-01,2016-03-31,-1
2016-10-26,19300,2016-03-31,2,,,,,,,,,,,,,,,,,,,,,,,,,,,,,14.00,,,,24969993,1642373,,false,false,12,2015-04-01,2016-03-31,-1
2016-10-26,19300,2017-03-31,2,,,,,,,,,,,,,,,,,,,,,,,,,,,,,0.00,,,,,,,false,false,12,2016-04-01,2017-03-31,0
2016-10-26,19300,2017-03-31,2,,,,,,,,,,,,,,,,,,,,,,,,,,,,,14.00,,,,,,,false,true,12,2016-04-01,2017-03-31,0
2016-10-26,19300,2017-03-31,2,,,,,,,,,,,,,,,,,,,,,,,,,,,,,,,,,24969993,1642457,23327590,false,false,6,2016-04-01,2016-09-30,0
2016-10-26,19300,2016-03-31,2,,,,,,,,,,,,,,,,,,,,,,,,,,,,,,,,,,,23330428,false,false,6,2015-04-01,2015-09-30,-1
2017-01-27,19300,2017-03-31,3,29389000000,-0.046,,,,,3156000000,0.092,3257000000,0.090,,2161000000,,92.65,,,,,,40678000000,27142000000,0.667,,27142000000,,,,,,,,,,,,true,false,9,2016-04-01,2016-12-31,0
2017-01-27,19300,2016-03-31,3,30804000000,0.103,,,,,2888000000,0.421,2987000000,0.403,,2135000000,,91.53,,,,,,,,,,,,,,,,,,,,,,true,false,9,2015-04-01,2015-12-31,-1
2017-01-27,19300,2017-03-31,3,47000000000,0.031,,,,,4600000000,0.014,4800000000,0.029,,3400000000,,145.75,,,,,,,,,,,,,,,,,,,,,,true,true,12,2016-04-01,2017-03-31,0
2017-01-27,19300,2016-03-31,3,,,,,,,,,,,,,,,,,,,,40999000000,25267000000,0.616,,25267000000,,,,,,,,,,,,true,false,12,2015-04-01,2016-03-31,-1
2017-01-27,19300,2016-03-31,3,,,,,,,,,,,,,,,,,,,,,,,,,,,,,14.00,,,,24969993,1642373,,false,false,12,2015-04-01,2016-03-31,-1
2017-01-27,19300,2017-03-31,3,,,,,,,,,,,,,,,,,,,,,,,,,,,,,0.00,,,,,,,false,false,12,2016-04-01,2017-03-31,0
2017-01-27,19300,2017-03-31,3,,,,,,,,,,,,,,,,,,,,,,,,,,,,,14.00,,,,,,,false,true,12,2016-04-01,2017-03-31,0
2017-01-27,19300,2017-03-31,3,,,,,,,,,,,,,,,,,,,,,,,,,,,,,,,,,24969993,1642511,23327571,false,false,9,2016-04-01,2016-12-31,0
2017-01-27,19300,2016-03-31,3,,,,,,,,,,,,,,,,,,,,,,,,,,,,,,,,,,,23329501,false,false,9,2015-04-01,2015-12-31,-1
2017-04-26,19300,2017-03-31,,43063000000,-0.055,,,,,4584000000,0.011,4713000000,0.011,,3204000000,,137.36,,0.120,0.112,0.106,,43499000000,28162000000,0.647,1207.27,28162000000,4186000000,-639000000,-491000000,14569000000,,0.116,,,,,,true,false,12,2016-04-01,2017-03-31,0
2017-04-26,19300,2016-03-31,,45586000000,0.056,,,,,4536000000,0.080,4662000000,0.065,,3140000000,,134.60,,0.132,0.117,0.100,,40999000000,25267000000,0.616,1083.14,25267000000,2545000000,-763000000,-569000000,11513000000,,0.104,,,,,,true,false,12,2015-04-01,2016-03-31,-1
2017-04-26,19300,2018-03-31,,17800000000,-0.055,,,,,1460000000,-0.245,1530000000,-0.235,,1050000000,,45.01,,,,,,,,,,,,,,,,,,,,,,true,true,6,2017-04-01,2017-09-30,1
2017-04-26,19300,2018-03-31,,45000000000,0.045,,,,,4600000000,0.003,4800000000,0.018,,3300000000,,141.46,,,,,,,,,,,,,,,,0.113,,,,,,true,true,12,2017-04-01,2018-03-31,1
2017-04-26,19300,2017-03-31,,43015000000,-0.055,,,,,4498000000,0.011,4712000000,0.006,3260000000,,0.009,139.78,,,,,,43434000000,28165000000,0.648,1207.41,28165000000,,,,,16.00,,,,24969993,1642565,23327538,false,false,12,2016-04-01,2017-03-31,0
2017-04-26,19300,2016-03-31,,45539000000,0.056,,,,,4451000000,0.085,4683000000,0.074,3232000000,,0.181,138.56,,,,,,40928000000,25214000000,0.616,1080.87,25214000000,,,,,14.00,,,,24969993,1642373,23329033,false,false,12,2015-04-01,2016-03-31,-1
2017-04-26,19300,2018-03-31,,17750000000,-0.057,,,,,1440000000,-0.239,1520000000,-0.226,1040000000,,-0.177,44.58,,,,,,,,,,,,,,,,,,,,,,false,true,6,2017-04-01,2017-09-30,1
2017-04-26,19300,2018-03-31,,44900000000,0.044,,,,,4550000000,0.012,4780000000,0.014,3280000000,,0.006,140.61,,,,,,,,,,,,,,,16.00,,,,,,,false,true,12,2017-04-01,2018-03-31,1
2017-07-27,19300,2018-03-31,1,8353000000,-0.032,,,,,525000000,-0.326,562000000,-0.311,,343000000,,14.73,,,,,,41292000000,28157000000,0.682,,28157000000,,,,,,,,,,,,true,false,3,2017-04-01,2017-06-30,0
2017-07-27,19300,2017-03-31,1,8632000000,-0.084,,,,,778000000,0.187,816000000,0.168,,526000000,,22.55,,,,,,,,,,,,,,,,,,,,,,true,false,3,2016-04-01,2016-06-30,-1
2017-07-27,19300,2018-03-31,1,17800000000,-0.055,,,,,1460000000,-0.245,1530000000,-0.235,,1050000000,,45.01,,,,,,,,,,,,,,,,,,,,,,true,true,6,2017-04-01,2017-09-30,0
2017-07-27,19300,2018-03-31,1,45000000000,0.045,,,,,4600000000,0.003,4800000000,0.018,,3300000000,,141.46,,,,,,,,,,,,,,,,,,,,,,true,true,12,2017-04-01,2018-03-31,0
2017-07-27,19300,2017-03-31,1,,,,,,,,,,,,,,,,,,,,43499000000,28162000000,0.647,,28162000000,,,,,,,,,,,,true,false,12,2016-04-01,2017-03-31,-1
2017-07-27,19300,2017-03-31,1,,,,,,,,,,,,,,,,,,,,,,,,,,,,,16.00,,,,24969993,1642565,,false,false,12,2016-04-01,2017-03-31,-1
2017-07-27,19300,2018-03-31,1,,,,,,,,,,,,,,,,,,,,,,,,,,,,,16.00,,,,,,,false,true,12,2017-04-01,2018-03-31,0
2017-07-27,19300,2018-03-31,1,,,,,,,,,,,,,,,,,,,,,,,,,,,,,,,,,24969993,1642591,23327413,false,false,3,2017-04-01,2017-06-30,0
2017-07-27,19300,2017-03-31,1,,,,,,,,,,,,,,,,,,,,,,,,,,,,,,,,,,,23327620,false,false,3,2016-04-01,2016-06-30,-1
2017-10-27,19300,2018-03-31,2,18718000000,-0.007,,,,,1492000000,-0.229,1578000000,-0.211,,1040000000,,44.61,,,,,,43344000000,28888000000,0.666,,28888000000,,,,,,,,,,,,true,false,6,2017-04-01,2017-09-30,0
2017-10-27,19300,2017-03-31,2,18843000000,-0.031,,,,,1934000000,0.196,2000000000,0.185,,1295000000,,55.53,,,,,,,,,,,,,,,,,,,,,,true,false,6,2016-04-01,2016-09-30,-1
2017-10-27,19300,2018-03-31,2,45000000000,0.045,,,,,4600000000,0.003,4800000000,0.018,,3300000000,,141.46,,,,,,,,,,,,,,,,,,,,,,true,true,12,2017-04-01,2018-03-31,0
2017-10-27,19300,2017-03-31,2,,,,,,,,,,,,,,,,,,,,43499000000,28162000000,0.647,,28162000000,,,,,,,,,,,,true,false,12,2016-04-01,2017-03-31,-1
2017-10-27,19300,2017-03-31,2,,,,,,,,,,,,,,,,,,,,,,,,,,,,,16.00,,,,24969993,1642565,,false,false,12,2016-04-01,2017-03-31,-1
2017-10-27,19300,2018-03-31,2,,,,,,,,,,,,,,,,,,,,,,,,,,,,,0.00,,,,,,,false,false,12,2017-04-01,2018-03-31,0
2017-10-27,19300,2018-03-31,2,,,,,,,,,,,,,,,,,,,,,,,,,,,,,16.00,,,,,,,false,true,12,2017-04-01,2018-03-31,0
2017-10-27,19300,2018-03-31,2,,,,,,,,,,,,,,,,,,,,,,,,,,,,,,,,,24969993,1642749,23327368,false,false,6,2017-04-01,2017-09-30,0
2017-10-27,19300,2017-03-31,2,,,,,,,,,,,,,,,,,,,,,,,,,,,,,,,,,,,23327590,false,false,6,2016-04-01,2016-09-30,-1
2018-01-26,19300,2018-03-31,3,28918000000,-0.016,,,,,2551000000,-0.191,2668000000,-0.181,,1776000000,,76.15,,,,,,43435000000,29635000000,0.682,,29635000000,,,,,,,,,,,,true,false,9,2017-04-01,2017-12-31,0
2018-01-26,19300,2017-03-31,3,29389000000,-0.046,,,,,3156000000,0.092,3257000000,0.090,,2161000000,,92.65,,,,,,,,,,,,,,,,,,,,,,true,false,9,2016-04-01,2016-12-31,-1
2018-01-26,19300,2018-03-31,3,45000000000,0.045,,,,,4600000000,0.003,4800000000,0.018,,3300000000,,141.47,,,,,,,,,,,,,,,,,,,,,,true,true,12,2017-04-01,2018-03-31,0
2018-01-26,19300,2017-03-31,3,,,,,,,,,,,,,,,,,,,,43499000000,28162000000,0.647,,28162000000,,,,,,,,,,,,true,false,12,2016-04-01,2017-03-31,-1
2018-01-26,19300,2017-03-31,3,,,,,,,,,,,,,,,,,,,,,,,,,,,,,16.00,,,,24969993,1642565,,false,false,12,2016-04-01,2017-03-31,-1
2018-01-26,19300,2018-03-31,3,,,,,,,,,,,,,,,,,,,,,,,,,,,,,0.00,,,,,,,false,false,12,2017-04-01,2018-03-31,0
2018-01-26,19300,2018-03-31,3,,,,,,,,,,,,,,,,,,,,,,,,,,,,,16.00,,,,,,,false,true,12,2017-04-01,2018-03-31,0
2018-01-26,19300,2018-03-31,3,,,,,,,,,,,,,,,,,,,,,,,,,,,,,,,,,24969993,1642839,23327313,false,false,9,2017-04-01,2017-12-31,0
2018-01-26,19300,2017-03-31,3,,,,,,,,,,,,,,,,,,,,,,,,,,,,,,,,,,,23327571,false,false,9,2016-04-01,2016-12-31,-1
2018-04-25,19300,2018-03-31,,42196000000,-0.020,,,,,4383000000,-0.044,4535000000,-0.038,,3284000000,,140.82,,0.111,0.100,0.104,,46962000000,31112000000,0.662,1333.73,31112000000,3533000000,-1086000000,-497000000,16518000000,,0.128,,,,,,true,false,12,2017-04-01,2018-03-31,0
2018-04-25,19300,2017-03-31,,43063000000,-0.055,,,,,4584000000,0.011,4713000000,0.011,,3204000000,,137.36,,0.120,0.112,0.106,,43499000000,28162000000,0.647,1207.27,28162000000,4186000000,-639000000,-491000000,14569000000,,0.116,,,,,,true,false,12,2016-04-01,2017-03-31,-1
2018-04-25,19300,2019-03-31,,19800000000,0.058,,,,,1850000000,0.240,1900000000,0.204,,1250000000,,53.59,,,,,,,,,,,,,,,,,,,,,,true,true,6,2018-04-01,2018-09-30,1
2018-04-25,19300,2019-03-31,,44000000000,0.043,,,,,4500000000,0.027,4600000000,0.014,,3100000000,,132.89,,,,,,,,,,,,,,,,0.135,,,,,,true,true,12,2018-04-01,2019-03-31,1
2018-04-25,19300,2018-03-31,,42151000000,-0.020,,,,,4293000000,-0.045,4560000000,-0.032,3163000000,,-0.030,135.62,,,,,,46818000000,30993000000,0.662,1328.66,30993000000,,,,,18.00,,,,24969993,1642839,23327274,false,false,12,2017-04-01,2018-03-31,0
2018-04-25,19300,2017-03-31,,43015000000,-0.055,,,,,4498000000,0.011,4712000000,0.006,3260000000,,0.009,139.78,,,,,,43434000000,28165000000,0.648,1207.41,28165000000,,,,,16.00,,,,24969993,1642565,23327538,false,false,12,2016-04-01,2017-03-31,-1
2018-04-25,19300,2019-03-31,,19750000000,0.057,,,,,1800000000,0.247,1850000000,0.222,1230000000,,0.213,52.73,,,,,,,,,,,,,,,,,,,,,,false,true,6,2018-04-01,2018-09-30,1
2018-04-25,19300,2019-03-31,,43900000000,0.041,,,,,4400000000,0.025,4500000000,-0.013,3050000000,,-0.036,130.75,,,,,,,,,,,,,,,18.00,,,,,,,false,true,12,2018-04-01,2019-03-31,1
2018-07-25,19300,2019-03-31,1,6929000000,-0.170,,,,,412000000,-0.215,451000000,-0.197,,285000000,,12.24,,,,,,44292000000,30954000000,0.699,,30954000000,,,,,,,,,,,,true,false,3,2018-04-01,2018-06-30,0
2018-07-25,19300,2018-03-31,1,8353000000,-0.032,,,,,525000000,-0.326,562000000,-0.311,,343000000,,14.73,,,,,,,,,,,,,,,,,,,,,,true,false,3,2017-04-01,2017-06-30,-1
2018-07-25,19300,2019-03-31,1,19800000000,0.058,,,,,1850000000,0.240,1900000000,0.204,,1250000000,,53.59,,,,,,,,,,,,,,,,,,,,,,true,true,6,2018-04-01,2018-09-30,0
2018-07-25,19300,2019-03-31,1,44000000000,0.043,,,,,4500000000,0.027,4600000000,0.014,,3100000000,,132.89,,,,,,,,,,,,,,,,,,,,,,true,true,12,2018-04-01,2019-03-31,0
2018-07-25,19300,2018-03-31,1,,,,,,,,,,,,,,,,,,,,46962000000,31112000000,0.662,,31112000000,,,,,,,,,,,,true,false,12,2017-04-01,2018-03-31,-1
2018-07-25,19300,2018-03-31,1,,,,,,,,,,,,,,,,,,,,,,,,,,,,,18.00,,,,24969993,1642839,,false,false,12,2017-04-01,2018-03-31,-1
2018-07-25,19300,2019-03-31,1,,,,,,,,,,,,,,,,,,,,,,,,,,,,,18.00,,,,,,,false,true,12,2018-04-01,2019-03-31,0
2018-07-25,19300,2019-03-31,1,,,,,,,,,,,,,,,,,,,,,,,,,,,,,,,,,24969993,1642917,23327086,false,false,3,2018-04-01,2018-06-30,0
2018-07-25,19300,2018-03-31,1,,,,,,,,,,,,,,,,,,,,,,,,,,,,,,,,,,,23327413,false,false,3,2017-04-01,2017-06-30,-1
2018-10-30,19300,2019-03-31,2,17680000000,-0.055,,,,,1091000000,-0.269,1158000000,-0.266,,759000000,,32.54,,,,,,45167000000,31460000000,0.697,,31460000000,,,,,,,,,,,,true,false,6,2018-04-01,2018-09-30,0
2018-10-30,19300,2018-03-31,2,18718000000,-0.007,,,,,1492000000,-0.229,1578000000,-0.211,,1040000000,,44.61,,,,,,,,,,,,,,,,,,,,,,true,false,6,2017-04-01,2017-09-30,-1
2018-10-30,19300,2019-03-31,2,44000000000,0.043,,,,,4500000000,0.027,4600000000,0.014,,3100000000,,132.89,,,,,,,,,,,,,,,,,,,,,,true,true,12,2018-04-01,2019-03-31,0
2018-10-30,19300,2018-03-31,2,,,,,,,,,,,,,,,,,,,,46962000000,31112000000,0.662,,31112000000,,,,,,,,,,,,true,false,12,2017-04-01,2018-03-31,-1
2018-10-30,19300,2018-03-31,2,,,,,,,,,,,,,,,,,,,,,,,,,,,,,18.00,,,,24969993,1642839,,false,false,12,2017-04-01,2018-03-31,-1
2018-10-30,19300,2019-03-31,2,,,,,,,,,,,,,,,,,,,,,,,,,,,,,0.00,,,,,,,false,false,12,2018-04-01,2019-03-31,0
2018-10-30,19300,2019-03-31,2,,,,,,,,,,,,,,,,,,,,,,,,,,,,,18.00,,,,,,,false,true,12,2018-04-01,2019-03-31,0
2018-10-30,19300,2019-03-31,2,,,,,,,,,,,,,,,,,,,,,,,,,,,,,,,,,24969993,1642948,23327072,false,false,6,2018-04-01,2018-09-30,0
2018-10-30,19300,2018-03-31,2,,,,,,,,,,,,,,,,,,,,,,,,,,,,,,,,,,,23327368,false,false,6,2017-04-01,2017-09-30,-1
2018-10-30,19300,2019-03-31,,17644000000,-0.107,,,,,1044000000,-0.420,1118000000,-0.395,734000000,,-0.403,31.47,,,,,,,,,,,,,,,,,,,,,,false,true,6,2018-04-01,2018-09-30,0
2018-10-30,19300,2018-03-31,,18692000000,,,,,,1443000000,,1514000000,,1013000000,,,43.47,,,,,,,,,,,,,,,,,,,,,,false,false,6,2017-04-01,2017-09-30,-1
2019-01-29,19300,2019-03-31,3,29113000000,0.007,,,,,2182000000,-0.145,2220000000,-0.168,,1482000000,,63.54,,,,,,47235000000,32059000000,0.679,,32059000000,,,,,,,,,,,,true,false,9,2018-04-01,2018-12-31,0
2019-01-29,19300,2018-03-31,3,28918000000,-0.016,,,,,2551000000,-0.191,2668000000,-0.181,,1776000000,,76.15,,,,,,,,,,,,,,,,,,,,,,true,false,9,2017-04-01,2017-12-31,-1
2019-01-29,19300,2019-03-31,3,44000000000,0.043,,,,,4500000000,0.027,4600000000,0.014,,3100000000,,132.89,,,,,,,,,,,,,,,,,,,,,,true,true,12,2018-04-01,2019-03-31,0
2019-01-29,19300,2018-03-31,3,,,,,,,,,,,,,,,,,,,,46962000000,31112000000,0.662,,31112000000,,,,,,,,,,,,true,false,12,2017-04-01,2018-03-31,-1
2019-01-29,19300,2018-03-31,3,,,,,,,,,,,,,,,,,,,,,,,,,,,,,18.00,,,,24969993,1642839,,false,false,12,2017-04-01,2018-03-31,-1
2019-01-29,19300,2019-03-31,3,,,,,,,,,,,,,,,,,,,,,,,,,,,,,0.00,,,,,,,false,false,12,2018-04-01,2019-03-31,0
2019-01-29,19300,2019-03-31,3,,,,,,,,,,,,,,,,,,,,,,,,,,,,,18.00,,,,,,,false,true,12,2018-04-01,2019-03-31,0
2019-01-29,19300,2019-03-31,3,,,,,,,,,,,,,,,,,,,,,,,,,,,,,,,,,24969993,1643056,23327043,false,false,9,2018-04-01,2018-12-31,0
2019-01-29,19300,2018-03-31,3,,,,,,,,,,,,,,,,,,,,,,,,,,,,,,,,,,,23327313,false,false,9,2017-04-01,2017-12-31,-1
2019-04-25,19300,2019-03-31,,43727000000,0.036,,,,,4069000000,-0.072,4181000000,-0.078,,2787000000,,119.50,,0.086,0.086,0.093,,49945000000,33369000000,0.668,1430.53,33369000000,5291000000,-2721000000,-513000000,18575000000,,0.201,,,,,,true,false,12,2018-04-01,2019-03-31,0
2019-04-25,19300,2018-03-31,,42196000000,-0.020,,,,,4383000000,-0.044,4535000000,-0.038,,3284000000,,140.82,,0.111,0.100,0.104,,46962000000,31112000000,0.662,1333.73,31112000000,3533000000,-1086000000,-497000000,16518000000,,0.128,,,,,,true,false,12,2017-04-01,2018-03-31,-1
2019-04-25,19300,2020-03-31,,21000000000,0.188,,,,,1750000000,0.604,1800000000,0.554,,1200000000,,51.44,,,,,,,,,,,,,,,,,,,,,,true,true,6,2019-04-01,2019-09-30,1
2019-04-25,19300,2020-03-31,,47000000000,0.075,,,,,4600000000,0.130,4700000000,0.124,,3200000000,,137.18,,,,,,,,,,,,,,,,0.153,,,,,,true,true,12,2019-04-01,2020-03-31,1
2019-04-25,19300,2019-03-31,,43628000000,0.035,,,,,3960000000,-0.078,4087000000,-0.104,2728000000,,-0.138,116.95,,,,,,49743000000,33192000000,0.667,1422.91,33192000000,,,,,24.00,,,,24969993,1643161,23326998,false,false,12,2018-04-01,2019-03-31,0
2019-04-25,19300,2018-03-31,,42151000000,-0.020,,,,,4293000000,-0.045,4560000000,-0.032,3163000000,,-0.030,135.62,,,,,,46818000000,30993000000,0.662,1328.66,30993000000,,,,,18.00,,,,24969993,1642839,23327274,false,false,12,2017-04-01,2018-03-31,-1
2019-04-25,19300,2020-03-31,,20950000000,0.187,,,,,1700000000,0.628,1750000000,0.564,1180000000,,0.607,50.59,,,,,,,,,,,,,,,,,,,,,,false,true,6,2019-04-01,2019-09-30,1
2019-04-25,19300,2020-03-31,,46900000000,0.075,,,,,4500000000,0.136,4600000000,0.125,3150000000,,0.155,135.04,,,,,,,,,,,,,,,21.00,,,,,,,false,true,12,2019-04-01,2020-03-31,1
2019-07-30,19300,2020-03-31,1,10095000000,0.457,,,,,553000000,0.344,603000000,0.336,,401000000,,17.19,,,,,,47185000000,33183000000,0.703,,33183000000,,,,,,,,,,,,true,false,3,2019-04-01,2019-06-30,0
2019-07-30,19300,2019-03-31,1,6929000000,-0.170,,,,,412000000,-0.215,451000000,-0.197,,285000000,,12.24,,,,,,,,,,,,,,,,,,,,,,true,false,3,2018-04-01,2018-06-30,-1
2019-07-30,19300,2020-03-31,1,21000000000,0.188,,,,,1750000000,0.604,1800000000,0.554,,1200000000,,51.44,,,,,,,,,,,,,,,,,,,,,,true,true,6,2019-04-01,2019-09-30,0
2019-07-30,19300,2020-03-31,1,47000000000,0.075,,,,,4600000000,0.130,4700000000,0.124,,3200000000,,137.18,,,,,,,,,,,,,,,,,,,,,,true,true,12,2019-04-01,2020-03-31,0
2019-07-30,19300,2019-03-31,1,,,,,,,,,,,,,,,,,,,,49945000000,33369000000,0.668,,33369000000,,,,,,,,,,,,true,false,12,2018-04-01,2019-03-31,-1
2019-07-30,19300,2019-03-31,1,,,,,,,,,,,,,,,,,,,,,,,,,,,,,24.00,,,,24969993,1643161,,false,false,12,2018-04-01,2019-03-31,-1
2019-07-30,19300,2020-03-31,1,,,,,,,,,,,,,,,,,,,,,,,,,,,,,21.00,,,,,,,false,true,12,2019-04-01,2020-03-31,0
2019-07-30,19300,2020-03-31,1,,,,,,,,,,,,,,,,,,,,,,,,,,,,,,,,,24969993,1643161,23326832,false,false,3,2019-04-01,2019-06-30,0
2019-07-30,19300,2019-03-31,1,,,,,,,,,,,,,,,,,,,,,,,,,,,,,,,,,,,23327086,false,false,3,2018-04-01,2018-06-30,-1
2019-10-30,19300,2020-03-31,2,22050000000,0.247,,,,,1474000000,0.351,1550000000,0.338,,986000000,,42.27,,,,,,47922000000,33799000000,0.705,,33799000000,,,,,,,,,,,,true,false,6,2019-04-01,2019-09-30,0
2019-10-30,19300,2019-03-31,2,17680000000,-0.055,,,,,1091000000,-0.269,1158000000,-0.266,,759000000,,32.54,,,,,,,,,,,,,,,,,,,,,,true,false,6,2018-04-01,2018-09-30,-1
2019-10-30,19300,2020-03-31,2,47000000000,0.075,,,,,4600000000,0.130,4700000000,0.124,,3200000000,,137.18,,,,,,,,,,,,,,,,,,,,,,true,true,12,2019-04-01,2020-03-31,0
2019-10-30,19300,2019-03-31,2,,,,,,,,,,,,,,,,,,,,49945000000,33369000000,0.668,,33369000000,,,,,,,,,,,,true,false,12,2018-04-01,2019-03-31,-1
2019-10-30,19300,2019-03-31,2,,,,,,,,,,,,,,,,,,,,,,,,,,,,,24.00,,,,24969993,1643161,,false,false,12,2018-04-01,2019-03-31,-1
2019-10-30,19300,2020-03-31,2,,,,,,,,,,,,,,,,,,,,,,,,,,,,,0.00,,,,,,,false,false,12,2019-04-01,2020-03-31,0
2019-10-30,19300,2020-03-31,2,,,,,,,,,,,,,,,,,,,,,,,,,,,,,21.00,,,,,,,false,true,12,2019-04-01,2020-03-31,0
2019-10-30,19300,2020-03-31,2,,,,,,,,,,,,,,,,,,,,,,,,,,,,,,,,,24969993,1643161,23326832,false,false,6,2019-04-01,2019-09-30,0
2019-10-30,19300,2019-03-31,2,,,,,,,,,,,,,,,,,,,,,,,,,,,,,,,,,,,23327072,false,false,6,2018-04-01,2018-09-30,-1
2020-01-30,19300,2020-03-31,3,33823000000,0.162,,,,,2738000000,0.255,2863000000,0.290,,1929000000,,82.74,,,,,,49748000000,34753000000,0.699,,34753000000,,,,,,,,,,,,true,false,9,2019-04-01,2019-12-31,0
2020-01-30,19300,2019-03-31,3,29113000000,0.007,,,,,2182000000,-0.145,2220000000,-0.168,,1482000000,,63.54,,,,,,,,,,,,,,,,,,,,,,true,false,9,2018-04-01,2018-12-31,-1
2020-01-30,19300,2020-03-31,3,47000000000,0.075,,,,,4600000000,0.130,4700000000,0.124,,3200000000,,137.18,,,,,,,,,,,,,,,,,,,,,,true,true,12,2019-04-01,2020-03-31,0
2020-01-30,19300,2019-03-31,3,,,,,,,,,,,,,,,,,,,,49945000000,33369000000,0.668,,33369000000,,,,,,,,,,,,true,false,12,2018-04-01,2019-03-31,-1
2020-01-30,19300,2019-03-31,3,,,,,,,,,,,,,,,,,,,,,,,,,,,,,24.00,,,,24969993,1643161,,false,false,12,2018-04-01,2019-03-31,-1
2020-01-30,19300,2020-03-31,3,,,,,,,,,,,,,,,,,,,,,,,,,,,,,0.00,,,,,,,false,false,12,2019-04-01,2020-03-31,0
2020-01-30,19300,2020-03-31,3,,,,,,,,,,,,,,,,,,,,,,,,,,,,,21.00,,,,,,,false,true,12,2019-04-01,2020-03-31,0
2020-01-30,19300,2020-03-31,3,,,,,,,,,,,,,,,,,,,,,,,,,,,,,,,,,24969993,1643181,23326832,false,false,9,2019-04-01,2019-12-31,0
2020-01-30,19300,2019-03-31,3,,,,,,,,,,,,,,,,,,,,,,,,,,,,,,,,,,,23327043,false,false,9,2018-04-01,2018-12-31,-1
2020-04-30,19300,2020-03-31,,49932000000,0.142,,,,,4766000000,0.171,4836000000,0.157,,3126000000,,134.04,,0.090,0.094,0.095,,53357000000,35887000000,0.673,1538.46,35887000000,4193000000,-1373000000,-575000000,20820000000,,0.187,,,,,,true,false,12,2019-04-01,2020-03-31,0
2020-04-30,19300,2019-03-31,,43727000000,0.036,,,,,4069000000,-0.072,4181000000,-0.078,,2787000000,,119.50,,0.086,0.086,0.093,,49945000000,33369000000,0.668,1430.53,33369000000,5291000000,-2721000000,-513000000,18575000000,,0.201,,,,,,true,false,12,2018-04-01,2019-03-31,-1
2020-04-30,19300,2021-03-31,,21000000000,-0.048,,,,,930000000,-0.369,1000000000,-0.355,,650000000,,27.86,,,,,,,,,,,,,,,,,,,,,,true,true,6,2020-04-01,2020-09-30,1
2020-04-30,19300,2021-03-31,,48000000000,-0.039,,,,,3650000000,-0.234,3800000000,-0.214,,2600000000,,111.46,,,,,,,,,,,,,,,,0.224,,,,,,true,true,12,2020-04-01,2021-03-31,1
2020-04-30,19300,2020-03-31,,49791000000,0.141,,,,,4644000000,0.173,4728000000,0.157,3142000000,,0.152,134.73,,,,,,53041000000,35725000000,0.674,1531.53,35725000000,,,,,25.00,,,,24969993,1643087,23326847,false,false,12,2019-04-01,2020-03-31,0
2020-04-30,19300,2019-03-31,,43628000000,0.035,,,,,3960000000,-0.078,4087000000,-0.104,2728000000,,-0.138,116.95,,,,,,49743000000,33192000000,0.667,1422.91,33192000000,,,,,24.00,,,,24969993,1643161,23326998,false,false,12,2018-04-01,2019-03-31,-1
2020-04-30,19300,2021-03-31,,20900000000,-0.049,,,,,880000000,-0.379,950000000,-0.367,630000000,,-0.340,27.01,,,,,,,,,,,,,,,,,,,,,,false,true,6,2020-04-01,2020-09-30,1
2020-04-30,19300,2021-03-31,,47800000000,-0.040,,,,,3550000000,-0.236,3700000000,-0.218,2550000000,,-0.189,109.32,,,,,,,,,,,,,,,25.00,,,,,,,false,true,12,2020-04-01,2021-03-31,1
2020-07-28,19300,2021-03-31,1,10162000000,0.007,,,,,462000000,-0.164,580000000,-0.038,,393000000,,16.86,,,,,,49747000000,35741000000,0.718,,35741000000,,,,,,,,,,,,true,false,3,2020-04-01,2020-06-30,0
2020-07-28,19300,2020-03-31,1,10095000000,0.457,,,,,553000000,0.344,603000000,0.336,,401000000,,17.19,,,,,,,,,,,,,,,,,,,,,,true,false,3,2019-04-01,2019-06-30,-1
2020-07-28,19300,2021-03-31,1,21000000000,-0.048,,,,,930000000,-0.369,1000000000,-0.355,,650000000,,27.86,,,,,,,,,,,,,,,,,,,,,,true,true,6,2020-04-01,2020-09-30,0
2020-07-28,19300,2021-03-31,1,48000000000,-0.039,,,,,3650000000,-0.234,3800000000,-0.214,,2600000000,,111.46,,,,,,,,,,,,,,,,,,,,,,true,true,12,2020-04-01,2021-03-31,0
2020-07-28,19300,2020-03-31,1,,,,,,,,,,,,,,,,,,,,53357000000,35887000000,0.673,,35887000000,,,,,,,,,,,,true,false,12,2019-04-01,2020-03-31,-1
2020-07-28,19300,2020-03-31,1,,,,,,,,,,,,,,,,,,,,,,,,,,,,,25.00,,,,24969993,1643087,,false,false,12,2019-04-01,2020-03-31,-1
2020-07-28,19300,2021-03-31,1,,,,,,,,,,,,,,,,,,,,,,,,,,,,,25.00,,,,,,,false,true,12,2020-04-01,2021-03-31,0
2020-07-28,19300,2021-03-31,1,,,,,,,,,,,,,,,,,,,,,,,,,,,,,,,,,24969993,1643087,23326906,false,false,3,2020-04-01,2020-06-30,0
2020-07-28,19300,2020-03-31,1,,,,,,,,,,,,,,,,,,,,,,,,,,,,,,,,,,,23326832,false,false,3,2019-04-01,2019-06-30,-1
2020-10-28,19300,2021-03-31,2,21444000000,-0.027,,,,,1495000000,0.015,1659000000,0.070,,1142000000,,48.98,,,,,,50643000000,36549000000,0.722,,36549000000,,,,,,,,,,,,true,false,6,2020-04-01,2020-09-30,0
2020-10-28,19300,2020-03-31,2,22050000000,0.247,,,,,1474000000,0.351,1550000000,0.338,,986000000,,42.27,,,,,,,,,,,,,,,,,,,,,,true,false,6,2019-04-01,2019-09-30,-1
2020-10-28,19300,2021-03-31,2,48000000000,-0.039,,,,,3650000000,-0.234,3800000000,-0.214,,2600000000,,111.46,,,,,,,,,,,,,,,,,,,,,,true,true,12,2020-04-01,2021-03-31,0
2020-10-28,19300,2020-03-31,2,,,,,,,,,,,,,,,,,,,,53357000000,35887000000,0.673,,35887000000,,,,,,,,,,,,true,false,12,2019-04-01,2020-03-31,-1
2020-10-28,19300,2020-03-31,2,,,,,,,,,,,,,,,,,,,,,,,,,,,,,25.00,,,,24969993,1643087,,false,false,12,2019-04-01,2020-03-31,-1
2020-10-28,19300,2021-03-31,2,,,,,,,,,,,,,,,,,,,,,,,,,,,,,0.00,,,,,,,false,false,12,2020-04-01,2021-03-31,0
2020-10-28,19300,2021-03-31,2,,,,,,,,,,,,,,,,,,,,,,,,,,,,,25.00,,,,,,,false,true,12,2020-04-01,2021-03-31,0
2020-10-28,19300,2021-03-31,2,,,,,,,,,,,,,,,,,,,,,,,,,,,,,,,,,24969993,1643126,23326900,false,false,6,2020-04-01,2020-09-30,0
2020-10-28,19300,2020-03-31,2,,,,,,,,,,,,,,,,,,,,,,,,,,,,,,,,,,,23326832,false,false,6,2019-04-01,2019-09-30,-1
2021-01-27,19300,2021-03-31,3,30853000000,-0.088,,,,,2226000000,-0.187,2422000000,-0.154,,1665000000,,71.39,,,,,,51466000000,36839000000,0.716,,36839000000,,,,,,,,,,,,true,false,9,2020-04-01,2020-12-31,0
2021-01-27,19300,2020-03-31,3,33823000000,0.162,,,,,2738000000,0.255,2863000000,0.290,,1929000000,,82.74,,,,,,,,,,,,,,,,,,,,,,true,false,9,2019-04-01,2019-12-31,-1
2021-01-27,19300,2021-03-31,3,48000000000,-0.039,,,,,3650000000,-0.234,3800000000,-0.214,,2600000000,,111.46,,,,,,,,,,,,,,,,,,,,,,true,true,12,2020-04-01,2021-03-31,0
2021-01-27,19300,2020-03-31,3,,,,,,,,,,,,,,,,,,,,53357000000,35887000000,0.673,,35887000000,,,,,,,,,,,,true,false,12,2019-04-01,2020-03-31,-1
2021-01-27,19300,2020-03-31,3,,,,,,,,,,,,,,,,,,,,,,,,,,,,,25.00,,,,24969993,1643087,,false,false,12,2019-04-01,2020-03-31,-1
2021-01-27,19300,2021-03-31,3,,,,,,,,,,,,,,,,,,,,,,,,,,,,,0.00,,,,,,,false,false,12,2020-04-01,2021-03-31,0
2021-01-27,19300,2021-03-31,3,,,,,,,,,,,,,,,,,,,,,,,,,,,,,25.00,,,,,,,false,true,12,2020-04-01,2021-03-31,0
2021-01-27,19300,2021-03-31,3,,,,,,,,,,,,,,,,,,,,,,,,,,,,,,,,,24969993,1643126,23326889,false,false,9,2020-04-01,2020-12-31,0
2021-01-27,19300,2020-03-31,3,,,,,,,,,,,,,,,,,,,,,,,,,,,,,,,,,,,23326832,false,false,9,2019-04-01,2019-12-31,-1
2021-04-28,19300,2021-03-31,,44888000000,-0.101,,,,,3853000000,-0.192,4075000000,-0.157,,3175000000,,136.15,,0.085,0.076,0.086,,53698000000,38448000000,0.716,1648.24,38448000000,4005000000,17000000,-593000000,24250000000,,0.220,,,,,,true,false,12,2020-04-01,2021-03-31,0
2021-04-28,19300,2020-03-31,,49932000000,0.142,,,,,4766000000,0.171,4836000000,0.157,,3126000000,,134.04,,0.090,0.094,0.095,,53357000000,35887000000,0.673,1538.46,35887000000,4193000000,-1373000000,-575000000,20820000000,,0.187,,,,,,true,false,12,2019-04-01,2020-03-31,-1
2021-04-28,19300,2022-03-31,,22400000000,0.045,,,,,1520000000,0.016,1600000000,-0.036,,1100000000,,47.16,,,,,,,,,,,,,,,,,,,,,,true,true,6,2021-04-01,2021-09-30,1
2021-04-28,19300,2022-03-31,,51000000000,0.136,,,,,4200000000,0.090,4350000000,0.067,,3000000000,,128.61,,,,,,,,,,,,,,,,0.233,,,,,,true,true,12,2021-04-01,2022-03-31,1
2021-04-28,19300,2021-03-31,,44744000000,-0.101,,,,,3793000000,-0.183,4017000000,-0.150,3138000000,,-0.002,134.52,,,,,,53411000000,38406000000,0.719,1646.47,38406000000,,,,,30.00,,,,24969993,1643180,23326875,false,false,12,2020-04-01,2021-03-31,0
2021-04-28,19300,2020-03-31,,49791000000,0.141,,,,,4644000000,0.173,4728000000,0.157,3142000000,,0.152,134.73,,,,,,53041000000,35725000000,0.674,1531.53,35725000000,,,,,25.00,,,,24969993,1643087,23326847,false,false,12,2019-04-01,2020-03-31,-1
2021-04-28,19300,2022-03-31,,22350000000,0.046,,,,,1500000000,0.028,1580000000,-0.027,1080000000,,-0.036,46.30,,,,,,,,,,,,,,,,,,,,,,false,true,6,2021-04-01,2021-09-30,1
2021-04-28,19300,2022-03-31,,50900000000,0.138,,,,,4150000000,0.094,4300000000,0.070,2950000000,,-0.060,126.46,,,,,,,,,,,,,,,30.00,,,,,,,false,true,12,2021-04-01,2022-03-31,1
2021-07-28,19300,2022-03-31,1,9650000000,-0.050,,,,,367000000,-0.206,416000000,-0.282,,256000000,,11.02,,,,,,50778000000,38057000000,0.749,,38057000000,,,,,,,,,,,,true,false,3,2021-04-01,2021-06-30,0
2021-07-28,19300,2021-03-31,1,10162000000,0.007,,,,,462000000,-0.164,580000000,-0.038,,393000000,,16.86,,,,,,,,,,,,,,,,,,,,,,true,false,3,2020-04-01,2020-06-30,-1
2021-07-28,19300,2022-03-31,1,22400000000,0.045,,,,,1520000000,0.016,1600000000,-0.036,,1100000000,,47.16,,,,,,,,,,,,,,,,,,,,,,true,true,6,2021-04-01,2021-09-30,0
2021-07-28,19300,2022-03-31,1,51000000000,0.136,,,,,4200000000,0.090,4350000000,0.067,,3000000000,,128.61,,,,,,,,,,,,,,,,,,,,,,true,true,12,2021-04-01,2022-03-31,0
2021-07-28,19300,2021-03-31,1,,,,,,,,,,,,,,,,,,,,53698000000,38448000000,0.716,,38448000000,,,,,,,,,,,,true,false,12,2020-04-01,2021-03-31,-1
2021-07-28,19300,2021-03-31,1,,,,,,,,,,,,,,,,,,,,,,,,,,,,,30.00,,,,24969993,1643180,,false,false,12,2020-04-01,2021-03-31,-1
2021-07-28,19300,2022-03-31,1,,,,,,,,,,,,,,,,,,,,,,,,,,,,,30.00,,,,,,,false,true,12,2021-04-01,2022-03-31,0
2021-07-28,19300,2022-03-31,1,,,,,,,,,,,,,,,,,,,,,,,,,,,,,,,,,24969993,1643180,23326813,false,false,3,2021-04-01,2021-06-30,0
2021-07-28,19300,2021-03-31,1,,,,,,,,,,,,,,,,,,,,,,,,,,,,,,,,,,,23326906,false,false,3,2020-04-01,2020-06-30,-1
2021-10-27,19300,2022-03-31,2,20636000000,-0.038,,,,,914000000,-0.389,999000000,-0.398,,644000000,,27.65,,,,,,50658000000,38455000000,0.759,,38455000000,,,,,,,,,,,,true,false,6,2021-04-01,2021-09-30,0
2021-10-27,19300,2021-03-31,2,21444000000,-0.027,,,,,1495000000,0.015,1659000000,0.070,,1142000000,,48.98,,,,,,,,,,,,,,,,,,,,,,true,false,6,2020-04-01,2020-09-30,-1
2021-10-27,19300,2022-03-31,2,51000000000,0.136,,,,,4200000000,0.090,4350000000,0.067,,3000000000,,128.61,,,,,,,,,,,,,,,,,,,,,,true,true,12,2021-04-01,2022-03-31,0
2021-10-27,19300,2021-03-31,2,,,,,,,,,,,,,,,,,,,,53698000000,38448000000,0.716,,38448000000,,,,,,,,,,,,true,false,12,2020-04-01,2021-03-31,-1
2021-10-27,19300,2021-03-31,2,,,,,,,,,,,,,,,,,,,,,,,,,,,,,30.00,,,,24969993,1643180,,false,false,12,2020-04-01,2021-03-31,-1
2021-10-27,19300,2022-03-31,2,,,,,,,,,,,,,,,,,,,,,,,,,,,,,10.00,,,,,,,false,false,12,2021-04-01,2022-03-31,0
2021-10-27,19300,2022-03-31,2,,,,,,,,,,,,,,,,,,,,,,,,,,,,,30.00,,,,,,,false,true,12,2021-04-01,2022-03-31,0
2021-10-27,19300,2022-03-31,2,,,,,,,,,,,,,,,,,,,,,,,,,,,,,,,,,24969993,1643231,23326796,false,false,6,2021-04-01,2021-09-30,0
2021-10-27,19300,2021-03-31,2,,,,,,,,,,,,,,,,,,,,,,,,,,,,,,,,,,,23326900,false,false,6,2020-04-01,2020-09-30,-1
,19300,2022-03-31,,,,,,,,,,,,,,,,,,,,,,,,,,,,,,30.00,,,,,,,false,true,12,2021-04-01,2022-03-31,0
,19300,2022-03-31,,,,,,,,,,,,,,,,,,,,,,,,,,,,,,10.00,,,,,,,false,false,12,2021-04-01,2022-03-31,0
,19300,2021-03-31,,,,,,,,,,,,,,,,,,,,,,,,,,,,,,30.00,,,,,,,false,false,12,2020-04-01,2021-03-31,-1
2022-01-28,19300,2022-03-31,3,32807000000,0.063,,,,,1745000000,-0.216,1873000000,-0.227,,1246000000,,44.52,,,,,,52452000000,38857000000,0.741,,38857000000,,,,,,,,,,,,true,false,9,2021-04-01,2021-12-31,0
2022-01-28,19300,2021-03-31,3,30853000000,-0.088,,,,,2226000000,-0.187,2422000000,-0.154,,1665000000,,59.49,,,,,,,,,,,,,,,,,,,,,,true,false,9,2020-04-01,2020-12-31,-1
2022-01-28,19300,2022-03-31,3,48000000000,0.069,,,,,3500000000,-0.092,3650000000,-0.104,,2600000000,,92.88,,,,,,,,,,,,,,,,,,,,,,true,true,12,2021-04-01,2022-03-31,0
2022-01-28,19300,2021-03-31,3,,,,,,,,,,,,,,,,,,,,53698000000,38448000000,0.716,,38448000000,,,,,,,,,,,,true,false,12,2020-04-01,2021-03-31,-1
2022-01-28,19300,2021-03-31,3,,,,,,,,,,,,,,,,,,,,,,,,,,,,,30.00,,,,29963991,1971816,,false,false,12,2020-04-01,2021-03-31,-1
2022-01-28,19300,2022-03-31,3,,,,,,,,,,,,,,,,,,,,,,,,,,,,,10.00,,,,,,,false,false,12,2021-04-01,2022-03-31,0
2022-01-28,19300,2022-03-31,3,,,,,,,,,,,,,,,,,,,,,,,,,,,,,30.00,,,,,,,false,true,12,2021-04-01,2022-03-31,0
2022-01-28,19300,2022-03-31,3,,,,,,,,,,,,,,,,,,,,,,,,,,,,,,,,,29963991,1971975,27992131,false,false,9,2021-04-01,2021-12-31,0
2022-01-28,19300,2021-03-31,3,,,,,,,,,,,,,,,,,,,,,,,,,,,,,,,,,,,27992267,false,false,9,2020-04-01,2020-12-31,-1
2022-04-27,19300,2022-03-31,,45928000000,0.023,,,,,3157000000,-0.181,3327000000,-0.184,,2246000000,,80.25,,0.057,0.061,0.069,,55465000000,39861000000,0.719,1424.10,39861000000,199000000,-3035000000,-943000000,20470000000,,0.374,,,,,,true,false,12,2021-04-01,2022-03-31,0
2022-04-27,19300,2021-03-31,,44888000000,-0.101,,,,,3853000000,-0.192,4075000000,-0.157,,3175000000,,113.46,,0.085,0.076,0.086,,53698000000,38448000000,0.716,1373.53,38448000000,4005000000,17000000,-593000000,24250000000,,0.264,,,,,,true,false,12,2020-04-01,2021-03-31,-1
2022-04-27,19300,2023-03-31,,22300000000,0.081,,,,,1370000000,0.498,1450000000,0.451,,950000000,,33.94,,,,,,,,,,,,,,,,,,,,,,true,true,6,2022-04-01,2022-09-30,1
2022-04-27,19300,2023-03-31,,50000000000,0.089,,,,,3850000000,0.219,4000000000,0.202,,2700000000,,96.46,,,,,,,,,,,,,,,,0.311,,,,,,true,true,12,2022-04-01,2023-03-31,1
2022-04-27,19300,2022-03-31,,45789000000,0.023,,,,,3122000000,-0.177,3294000000,-0.180,2233000000,,-0.288,79.79,,,,,,55182000000,39772000000,0.721,1420.92,39772000000,,,,,30.00,,,,29963991,1973222,27991863,false,false,12,2021-04-01,2022-03-31,0
2022-04-27,19300,2021-03-31,,44744000000,-0.101,,,,,3793000000,-0.183,4017000000,-0.150,3138000000,,-0.002,112.10,,,,,,53411000000,38406000000,0.719,1372.06,38406000000,,,,,30.00,,,,29963991,1971816,27992250,false,false,12,2020-04-01,2021-03-31,-1
2022-04-27,19300,2023-03-31,,22250000000,0.078,,,,,1350000000,0.476,1430000000,0.431,930000000,,0.442,33.23,,,,,,,,,,,,,,,,,,,,,,false,true,6,2022-04-01,2022-09-30,1
2022-04-27,19300,2023-03-31,,49900000000,0.090,,,,,3800000000,0.217,3950000000,0.199,2650000000,,0.186,94.67,,,,,,,,,,,,,,,30.00,,,,,,,false,true,12,2022-04-01,2023-03-31,1
2022-07-28,19300,2023-03-31,1,9474000000,-0.018,,,,,33000000,-0.910,83000000,-0.799,,35000000,,1.26,,,,,,51958000000,39356000000,0.757,,39356000000,,,,,,,,,,,,true,false,3,2022-04-01,2022-06-30,0
2022-07-28,19300,2022-03-31,1,9650000000,-0.050,,,,,367000000,-0.206,416000000,-0.282,,256000000,,9.18,,,,,,,,,,,,,,,,,,,,,,true,false,3,2021-04-01,2021-06-30,-1
2022-07-28,19300,2023-03-31,1,22300000000,0.081,,,,,1370000000,0.498,1450000000,0.451,,950000000,,33.94,,,,,,,,,,,,,,,,,,,,,,true,true,6,2022-04-01,2022-09-30,0
2022-07-28,19300,2023-03-31,1,50000000000,0.089,,,,,3850000000,0.219,4000000000,0.202,,2700000000,,96.46,,,,,,,,,,,,,,,,,,,,,,true,true,12,2022-04-01,2023-03-31,0
2022-07-28,19300,2022-03-31,1,,,,,,,,,,,,,,,,,,,,55465000000,39861000000,0.719,,39861000000,,,,,,,,,,,,true,false,12,2021-04-01,2022-03-31,-1
2022-07-28,19300,2022-03-31,1,,,,,,,,,,,,,,,,,,,,,,,,,,,,,30.00,,,,29963991,1973222,,false,false,12,2021-04-01,2022-03-31,-1
2022-07-28,19300,2023-03-31,1,,,,,,,,,,,,,,,,,,,,,,,,,,,,,30.00,,,,,,,false,true,12,2022-04-01,2023-03-31,0
2022-07-28,19300,2023-03-31,1,,,,,,,,,,,,,,,,,,,,,,,,,,,,,,,,,29963991,1973545,27990603,false,false,3,2022-04-01,2022-06-30,0
2022-07-28,19300,2022-03-31,1,,,,,,,,,,,,,,,,,,,,,,,,,,,,,,,,,,,27992175,false,false,3,2021-04-01,2021-06-30,-1
2022-10-26,19300,2023-03-31,2,20588000000,-0.002,,,,,308000000,-0.663,395000000,-0.604,,240000000,,8.58,,,,,,52185000000,39566000000,0.758,,39566000000,,,,,,,,,,,,true,false,6,2022-04-01,2022-09-30,0
2022-10-26,19300,2022-03-31,2,20636000000,-0.038,,,,,914000000,-0.389,999000000,-0.398,,644000000,,23.04,,,,,,,,,,,,,,,,,,,,,,true,false,6,2021-04-01,2021-09-30,-1
2022-10-26,19300,2023-03-31,2,45800000000,-0.003,,,,,2100000000,-0.335,2300000000,-0.309,,1500000000,,53.59,,,,,,,,,,,,,,,,,,,,,,true,true,12,2022-04-01,2023-03-31,0
2022-10-26,19300,2022-03-31,2,,,,,,,,,,,,,,,,,,,,55465000000,39861000000,0.719,,39861000000,,,,,,,,,,,,true,false,12,2021-04-01,2022-03-31,-1
2022-10-26,19300,2022-03-31,2,,,,,,,,,,,,,,,,,,,,,,,,,,,,,30.00,,,,29963991,1973222,,false,false,12,2021-04-01,2022-03-31,-1
2022-10-26,19300,2023-03-31,2,,,,,,,,,,,,,,,,,,,,,,,,,,,,,10.00,,,,,,,false,false,12,2022-04-01,2023-03-31,0
2022-10-26,19300,2023-03-31,2,,,,,,,,,,,,,,,,,,,,,,,,,,,,,30.00,,,,,,,false,true,12,2022-04-01,2023-03-31,0
2022-10-26,19300,2023-03-31,2,,,,,,,,,,,,,,,,,,,,,,,,,,,,,,,,,29963991,1973726,27990491,false,false,6,2022-04-01,2022-09-30,0
2022-10-26,19300,2022-03-31,2,,,,,,,,,,,,,,,,,,,,,,,,,,,,,,,,,,,27992154,false,false,6,2021-04-01,2021-09-30,-1
2023-01-27,19300,2023-03-31,3,31920000000,-0.027,,,,,650000000,-0.627,786000000,-0.580,,440000000,,15.72,,,,,,52801000000,39522000000,0.749,,39522000000,,,,,,,,,,,,true,false,9,2022-04-01,2022-12-31,0
2023-01-27,19300,2022-03-31,3,32807000000,0.063,,,,,1745000000,-0.216,1873000000,-0.227,,1246000000,,44.52,,,,,,,,,,,,,,,,,,,,,,true,false,9,2021-04-01,2021-12-31,-1
2023-01-27,19300,2023-03-31,3,45800000000,-0.003,,,,,2100000000,-0.335,2300000000,-0.309,,1500000000,,53.59,,,,,,,,,,,,,,,,,,,,,,true,true,12,2022-04-01,2023-03-31,0
2023-01-27,19300,2022-03-31,3,,,,,,,,,,,,,,,,,,,,55465000000,39861000000,0.719,,39861000000,,,,,,,,,,,,true,false,12,2021-04-01,2022-03-31,-1
2023-01-27,19300,2022-03-31,3,,,,,,,,,,,,,,,,,,,,,,,,,,,,,30.00,,,,29963991,1973222,,false,false,12,2021-04-01,2022-03-31,-1
2023-01-27,19300,2023-03-31,3,,,,,,,,,,,,,,,,,,,,,,,,,,,,,10.00,,,,,,,false,false,12,2022-04-01,2023-03-31,0
2023-01-27,19300,2023-03-31,3,,,,,,,,,,,,,,,,,,,,,,,,,,,,,30.00,,,,,,,false,true,12,2022-04-01,2023-03-31,0
2023-01-27,19300,2023-03-31,3,,,,,,,,,,,,,,,,,,,,,,,,,,,,,,,,,29963991,1973766,27990407,false,false,9,2022-04-01,2022-12-31,0
2023-01-27,19300,2022-03-31,3,,,,,,,,,,,,,,,,,,,,,,,,,,,,,,,,,,,27992131,false,false,9,2021-04-01,2021-12-31,-1
2023-04-27,19300,2023-03-31,,44846000000,-0.024,,,,,2356000000,-0.254,2531000000,-0.239,,1628000000,,58.17,,0.040,0.046,0.053,,54803000000,40717000000,0.743,1454.73,40717000000,3314000000,-2935000000,-900000000,19949000000,,0.619,,,,,,true,false,12,2022-04-01,2023-03-31,0
2023-04-27,19300,2022-03-31,,45928000000,0.023,,,,,3157000000,-0.181,3327000000,-0.184,,2246000000,,80.25,,0.057,0.061,0.069,,55465000000,39861000000,0.719,1424.10,39861000000,199000000,-3035000000,-943000000,20470000000,,0.374,,,,,,true,false,12,2021-04-01,2022-03-31,-1
2023-04-27,19300,2024-03-31,,23000000000,0.117,,,,,1050000000,2.403,1150000000,1.905,,800000000,,28.58,,,,,,,,,,,,,,,,,,,,,,true,true,6,2023-04-01,2023-09-30,1
2023-04-27,19300,2024-03-31,,53000000000,0.182,,,,,3300000000,0.400,3500000000,0.383,,2400000000,,85.74,,,,,,,,,,,,,,,,0.420,,,,,,true,true,12,2023-04-01,2024-03-31,1
2023-04-27,19300,2023-03-31,,43835000000,-0.043,,,,,2408000000,-0.229,2581000000,-0.216,1723000000,,-0.229,61.56,,,,,,54082000000,40688000000,0.752,1453.67,40688000000,,,,,36.00,,,,29963991,1973919,27990352,false,false,12,2022-04-01,2023-03-31,0
2023-04-27,19300,2022-03-31,,45789000000,0.023,,,,,3122000000,-0.177,3294000000,-0.180,2233000000,,-0.288,79.79,,,,,,55182000000,39772000000,0.721,1420.92,39772000000,,,,,30.00,,,,29963991,1973222,27991863,false,false,12,2021-04-01,2022-03-31,-1
2023-04-27,19300,2024-03-31,,22000000000,0.073,,,,,1000000000,2.491,1100000000,1.932,750000000,,2.316,26.80,,,,,,,,,,,,,,,,,,,,,,false,true,6,2023-04-01,2023-09-30,1
2023-04-27,19300,2024-03-31,,51000000000,0.163,,,,,3200000000,0.329,3400000000,0.317,2300000000,,0.335,82.17,,,,,,,,,,,,,,,36.00,,,,,,,false,true,12,2023-04-01,2024-03-31,1
2023-07-27,19300,2024-03-31,1,9163000000,-0.033,,,,,-153000000,,-89000000,,,-137000000,,-4.91,,,,,,51680000000,39897000000,0.772,,39897000000,,,,,,,,,,,,true,false,3,2023-04-01,2023-06-30,0
2023-07-27,19300,2023-03-31,1,9474000000,-0.018,,,,,33000000,-0.910,83000000,-0.799,,35000000,,1.26,,,,,,,,,,,,,,,,,,,,,,true,false,3,2022-04-01,2022-06-30,-1
2023-07-27,19300,2024-03-31,1,23000000000,0.117,,,,,1050000000,2.403,1150000000,1.905,,800000000,,28.58,,,,,,,,,,,,,,,,,,,,,,true,true,6,2023-04-01,2023-09-30,0
2023-07-27,19300,2024-03-31,1,53000000000,0.182,,,,,3300000000,0.400,3500000000,0.383,,2400000000,,85.74,,,,,,,,,,,,,,,,,,,,,,true,true,12,2023-04-01,2024-03-31,0
2023-07-27,19300,2023-03-31,1,,,,,,,,,,,,,,,,,,,,54803000000,40717000000,0.743,,40717000000,,,,,,,,,,,,true,false,12,2022-04-01,2023-03-31,-1
2023-07-27,19300,2023-03-31,1,,,,,,,,,,,,,,,,,,,,,,,,,,,,,36.00,,,,29963991,1973919,,false,false,12,2022-04-01,2023-03-31,-1
2023-07-27,19300,2024-03-31,1,,,,,,,,,,,,,,,,,,,,,,,,,,,,,36.00,,,,,,,false,true,12,2023-04-01,2024-03-31,0
2023-07-27,19300,2024-03-31,1,,,,,,,,,,,,,,,,,,,,,,,,,,,,,,,,,29963991,1973963,27990040,false,false,3,2023-04-01,2023-06-30,0
2023-07-27,19300,2023-03-31,1,,,,,,,,,,,,,,,,,,,,,,,,,,,,,,,,,,,27990603,false,false,3,2022-04-01,2022-06-30,-1
2023-10-27,19300,2024-03-31,2,20628000000,0.002,,,,,361000000,0.170,468000000,0.184,,202000000,,7.25,,,,,,52222000000,40312000000,0.772,,40312000000,,,,,,,,,,,,true,false,6,2023-04-01,2023-09-30,0
2023-10-27,19300,2023-03-31,2,20588000000,-0.002,,,,,308000000,-0.663,395000000,-0.604,,240000000,,8.58,,,,,,,,,,,,,,,,,,,,,,true,false,6,2022-04-01,2022-09-30,-1
2023-10-27,19300,2024-03-31,2,53000000000,0.182,,,,,3300000000,0.400,3500000000,0.383,,2400000000,,85.74,,,,,,,,,,,,,,,,,,,,,,true,true,12,2023-04-01,2024-03-31,0
2023-10-27,19300,2023-03-31,2,,,,,,,,,,,,,,,,,,,,54803000000,40717000000,0.743,,40717000000,,,,,,,,,,,,true,false,12,2022-04-01,2023-03-31,-1
2023-10-27,19300,2023-03-31,2,,,,,,,,,,,,,,,,,,,,,,,,,,,,,36.00,,,,29963991,1973919,,false,false,12,2022-04-01,2023-03-31,-1
2023-10-27,19300,2024-03-31,2,,,,,,,,,,,,,,,,,,,,,,,,,,,,,18.00,,,,,,,false,false,12,2023-04-01,2024-03-31,0
2023-10-27,19300,2024-03-31,2,,,,,,,,,,,,,,,,,,,,,,,,,,,,,36.00,,,,,,,false,true,12,2023-04-01,2024-03-31,0
2023-10-27,19300,2024-03-31,2,,,,,,,,,,,,,,,,,,,,,,,,,,,,,,,,,29963991,1974043,27990011,false,false,6,2023-04-01,2023-09-30,0
2023-10-27,19300,2023-03-31,2,,,,,,,,,,,,,,,,,,,,,,,,,,,,,,,,,,,27990491,false,false,6,2022-04-01,2022-09-30,-1
2024-01-30,19300,2024-03-31,3,33304000000,0.043,,,,,973000000,0.498,1135000000,0.444,,579000000,,20.70,,,,,,56641000000,40163000000,0.709,,40163000000,,,,,,,,,,,,true,false,9,2023-04-01,2023-12-31,0
2024-01-30,19300,2023-03-31,3,31920000000,-0.027,,,,,650000000,-0.627,786000000,-0.580,,440000000,,15.72,,,,,,,,,,,,,,,,,,,,,,true,false,9,2022-04-01,2022-12-31,-1
2024-01-30,19300,2024-03-31,3,53000000000,0.182,,,,,3300000000,0.400,3500000000,0.383,,2400000000,,85.74,,,,,,,,,,,,,,,,,,,,,,true,true,12,2023-04-01,2024-03-31,0
2024-01-30,19300,2023-03-31,3,,,,,,,,,,,,,,,,,,,,54803000000,40717000000,0.743,,40717000000,,,,,,,,,,,,true,false,12,2022-04-01,2023-03-31,-1
2024-01-30,19300,2023-03-31,3,,,,,,,,,,,,,,,,,,,,,,,,,,,,,36.00,,,,29963991,1973919,,false,false,12,2022-04-01,2023-03-31,-1
2024-01-30,19300,2024-03-31,3,,,,,,,,,,,,,,,,,,,,,,,,,,,,,18.00,,,,,,,false,false,12,2023-04-01,2024-03-31,0
2024-01-30,19300,2024-03-31,3,,,,,,,,,,,,,,,,,,,,,,,,,,,,,36.00,,,,,,,false,true,12,2023-04-01,2024-03-31,0
2024-01-30,19300,2024-03-31,3,,,,,,,,,,,,,,,,,,,,,,,,,,,,,,,,,29963991,1974056,27989988,false,false,9,2023-04-01,2023-12-31,0
2024-01-30,19300,2023-03-31,3,,,,,,,,,,,,,,,,,,,,,,,,,,,,,,,,,,,27990407,false,false,9,2022-04-01,2022-12-31,-1
2024-04-30,19300,2024-03-31,,53398000000,0.191,,,,,3425000000,0.453,3645000000,0.440,,2209000000,,78.92,,0.053,0.062,0.064,,62749000000,41865000000,0.667,1495.75,41865000000,2255000000,-1419000000,-1289000000,19495000000,,0.507,,,,,,true,false,12,2023-04-01,2024-03-31,0
2024-04-30,19300,2023-03-31,,44846000000,-0.024,,,,,2356000000,-0.254,2531000000,-0.239,,1628000000,,58.17,,0.040,0.046,0.053,,54803000000,40717000000,0.743,1454.73,40717000000,3314000000,-2935000000,-900000000,19949000000,,0.619,,,,,,true,false,12,2022-04-01,2023-03-31,-1
2024-04-30,19300,2025-03-31,,25000000000,0.212,,,,,550000000,0.523,650000000,0.386,,400000000,,14.29,,,,,,,,,,,,,,,,,,,,,,true,true,6,2024-04-01,2024-09-30,1
2024-04-30,19300,2025-03-31,,60000000000,0.124,,,,,3250000000,-0.051,3500000000,-0.040,,2300000000,,82.17,,,,,,,,,,,,,,,,0.487,,,,,,true,true,12,2024-04-01,2025-03-31,1
2024-04-30,19300,2024-03-31,,49076000000,0.120,,,,,3502000000,0.454,3686000000,0.428,2376000000,,0.380,84.92,,,,,,58979000000,41968000000,0.712,1499.43,41968000000,,,,,40.00,,,,29963991,1974231,27989950,false,false,12,2023-04-01,2024-03-31,0
2024-04-30,19300,2023-03-31,,43835000000,-0.043,,,,,2408000000,-0.229,2581000000,-0.216,1723000000,,-0.229,61.56,,,,,,54082000000,40688000000,0.752,1453.67,40688000000,,,,,36.00,,,,29963991,1973919,27990352,false,false,12,2022-04-01,2023-03-31,-1
2024-04-30,19300,2025-03-31,,21000000000,0.071,,,,,650000000,0.904,750000000,0.692,500000000,,1.438,17.86,,,,,,,,,,,,,,,,,,,,,,false,true,6,2024-04-01,2024-09-30,1
2024-04-30,19300,2025-03-31,,52000000000,0.060,,,,,3350000000,-0.043,3600000000,-0.023,2500000000,,0.052,89.32,,,,,,,,,,,,,,,40.00,,,,,,,false,true,12,2024-04-01,2025-03-31,1
2024-07-29,19300,2025-03-31,1,13079000000,0.427,,,,,481000000,,553000000,,,390000000,,13.94,,,,,,58432000000,41603000000,0.712,,41603000000,,,,,,,,,,,,true,false,3,2024-04-01,2024-06-30,0
2024-07-29,19300,2024-03-31,1,9163000000,-0.033,,,,,-153000000,,-89000000,,,-137000000,,-4.91,,,,,,,,,,,,,,,,,,,,,,true,false,3,2023-04-01,2023-06-30,-1
2024-07-29,19300,2025-03-31,1,25000000000,0.212,,,,,550000000,0.523,650000000,0.386,,400000000,,14.29,,,,,,,,,,,,,,,,,,,,,,true,true,6,2024-04-01,2024-09-30,0
2024-07-29,19300,2025-03-31,1,60000000000,0.124,,,,,3250000000,-0.051,3500000000,-0.040,,2300000000,,82.17,,,,,,,,,,,,,,,,,,,,,,true,true,12,2024-04-01,2025-03-31,0
2024-07-29,19300,2024-03-31,1,,,,,,,,,,,,,,,,,,,,62749000000,41865000000,0.667,,41865000000,,,,,,,,,,,,true,false,12,2023-04-01,2024-03-31,-1
2024-07-29,19300,2024-03-31,1,,,,,,,,,,,,,,,,,,,,,,,,,,,,,40.00,,,,29963991,1974231,,false,false,12,2023-04-01,2024-03-31,-1
2024-07-29,19300,2025-03-31,1,,,,,,,,,,,,,,,,,,,,,,,,,,,,,40.00,,,,,,,false,true,12,2024-04-01,2025-03-31,0
2024-07-29,19300,2025-03-31,1,,,,,,,,,,,,,,,,,,,,,,,,,,,,,,,,,29963991,1974391,27989632,false,false,3,2024-04-01,2024-06-30,0
2024-07-29,19300,2024-03-31,1,,,,,,,,,,,,,,,,,,,,,,,,,,,,,,,,,,,27990040,false,false,3,2023-04-01,2023-06-30,-1
2024-10-29,19300,2025-03-31,2,26371000000,0.278,,,,,1256000000,2.481,1415000000,2.019,,977000000,,34.94,,,,,,57538000000,42134000000,0.732,,42134000000,,,,,,,,,,,,true,false,6,2024-04-01,2024-09-30,0
2024-10-29,19300,2024-03-31,2,20628000000,0.002,,,,,361000000,0.170,468000000,0.184,,202000000,,7.25,,,,,,,,,,,,,,,,,,,,,,true,false,6,2023-04-01,2023-09-30,-1
2024-10-29,19300,2025-03-31,2,60000000000,0.124,,,,,3250000000,-0.051,3500000000,-0.040,,2300000000,,82.17,,,,,,,,,,,,,,,,,,,,,,true,true,12,2024-04-01,2025-03-31,0
2024-10-29,19300,2024-03-31,2,,,,,,,,,,,,,,,,,,,,62749000000,41865000000,0.667,,41865000000,,,,,,,,,,,,true,false,12,2023-04-01,2024-03-31,-1
2024-10-29,19300,2024-03-31,2,,,,,,,,,,,,,,,,,,,,,,,,,,,,,40.00,,,,29963991,1974231,,false,false,12,2023-04-01,2024-03-31,-1
2024-10-29,19300,2025-03-31,2,,,,,,,,,,,,,,,,,,,,,,,,,,,,,20.00,,,,,,,false,false,12,2024-04-01,2025-03-31,0
2024-10-29,19300,2025-03-31,2,,,,,,,,,,,,,,,,,,,,,,,,,,,,,40.00,,,,,,,false,true,12,2024-04-01,2025-03-31,0
2024-10-29,19300,2025-03-31,2,,,,,,,,,,,,,,,,,,,,,,,,,,,,,,,,,29963991,1974502,27989570,false,false,6,2024-04-01,2024-09-30,0
2024-10-29,19300,2024-03-31,2,,,,,,,,,,,,,,,,,,,,,,,,,,,,,,,,,,,27990011,false,false,6,2023-04-01,2023-09-30,-1
2025-01-29,19300,2025-03-31,3,43173000000,0.296,,,,,2758000000,1.833,2994000000,1.638,,2023000000,,72.30,,,,,,58099000000,42681000000,0.735,,42681000000,,,,,,,,,,,,true,false,9,2024-04-01,2024-12-31,0
2025-01-29,19300,2024-03-31,3,33304000000,0.043,,,,,973000000,0.498,1135000000,0.444,,579000000,,20.70,,,,,,,,,,,,,,,,,,,,,,true,false,9,2023-04-01,2023-12-31,-1
2025-01-29,19300,2025-03-31,3,60000000000,0.124,,,,,3250000000,-0.051,3500000000,-0.040,,2300000000,,82.17,,,,,,,,,,,,,,,,,,,,,,true,true,12,2024-04-01,2025-03-31,0
2025-01-29,19300,2024-03-31,3,,,,,,,,,,,,,,,,,,,,62749000000,41865000000,0.667,,41865000000,,,,,,,,,,,,true,false,12,2023-04-01,2024-03-31,-1
2025-01-29,19300,2024-03-31,3,,,,,,,,,,,,,,,,,,,,,,,,,,,,,40.00,,,,29963991,1974231,,false,false,12,2023-04-01,2024-03-31,-1
2025-01-29,19300,2025-03-31,3,,,,,,,,,,,,,,,,,,,,,,,,,,,,,20.00,,,,,,,false,false,12,2024-04-01,2025-03-31,0
2025-01-29,19300,2025-03-31,3,,,,,,,,,,,,,,,,,,,,,,,,,,,,,40.00,,,,,,,false,true,12,2024-04-01,2025-03-31,0
2025-01-29,19300,2025-03-31,3,,,,,,,,,,,,,,,,,,,,,,,,,,,,,,,,,29963991,1974562,27989539,false,false,9,2024-04-01,2024-12-31,0
2025-01-29,19300,2024-03-31,3,,,,,,,,,,,,,,,,,,,,,,,,,,,,,,,,,,,27989988,false,false,9,2023-04-01,2023-12-31,-1
2025-02-28,19300,2025-03-31,,57900000000,-0.035,,,,,4400000000,0.354,4600000000,0.314,3100000000,,0.348,110.76,,,,,,,,,,,,,,,,,,,,,,true,true,12,2024-04-01,2025-03-31,0
2025-02-28,19300,2024-03-31,,53398000000,,,,,,3425000000,,3645000000,,2209000000,,,78.92,,,,,,,,,,,,,,,,,,,,,,true,false,12,2023-04-01,2024-03-31,-1
2025-02-28,19300,2025-03-31,,48500000000,-0.067,,,,,4500000000,0.343,4700000000,0.306,3300000000,,0.320,117.90,,,,,,,,,,,,,,,44.00,,,,,,,false,true,12,2024-04-01,2025-03-31,0
2025-02-28,19300,2024-03-31,,49076000000,,,,,,3502000000,,3686000000,,2376000000,,,84.92,,,,,,,,,,,,,,,40.00,,,,,,,false,false,12,2023-04-01,2024-03-31,-1
2025-02-28,19300,2025-03-31,,,,,,,,,,,,,,,,,,,,,,,,,,,,,,20.00,,,,,,,false,false,12,2024-04-01,2025-03-31,0
2024-04-30,19300,2024-03-31,,53398000000,0.191,,,,,3425000000,0.453,3645000000,0.440,,2209000000,,78.92,,0.053,0.062,0.064,,62749000000,41865000000,0.667,1495.75,41865000000,2255000000,-1419000000,-1289000000,19470000000,,0.507,,,,,,true,false,12,2023-04-01,2024-03-31,0
2024-04-30,19300,2023-03-31,,44846000000,-0.024,,,,,2356000000,-0.254,2531000000,-0.239,,1628000000,,58.17,,0.040,0.046,0.053,,54803000000,40717000000,0.743,1454.73,40717000000,3314000000,-2935000000,-900000000,19949000000,,0.619,,,,,,true,false,12,2022-04-01,2023-03-31,-1
2024-04-30,19300,2025-03-31,,25000000000,0.212,,,,,550000000,0.523,650000000,0.386,,400000000,,14.29,,,,,,,,,,,,,,,,,,,,,,true,true,6,2024-04-01,2024-09-30,1
2024-04-30,19300,2025-03-31,,60000000000,0.124,,,,,3250000000,-0.051,3500000000,-0.040,,2300000000,,82.17,,,,,,,,,,,,,,,,0.487,,,,,,true,true,12,2024-04-01,2025-03-31,1
2024-04-30,19300,2024-03-31,,49076000000,0.120,,,,,3502000000,0.454,3686000000,0.428,2376000000,,0.380,84.92,,,,,,58979000000,41968000000,0.712,1499.43,41968000000,,,,,40.00,,,,29963991,1974231,27989950,false,false,12,2023-04-01,2024-03-31,0
2024-04-30,19300,2023-03-31,,43835000000,-0.043,,,,,2408000000,-0.229,2581000000,-0.216,1723000000,,-0.229,61.56,,,,,,54082000000,40688000000,0.752,1453.67,40688000000,,,,,36.00,,,,29963991,1973919,27990352,false,false,12,2022-04-01,2023-03-31,-1
2024-04-30,19300,2025-03-31,,21000000000,0.071,,,,,650000000,0.904,750000000,0.692,500000000,,1.438,17.86,,,,,,,,,,,,,,,,,,,,,,false,true,6,2024-04-01,2024-09-30,1
2024-04-30,19300,2025-03-31,,52000000000,0.060,,,,,3350000000,-0.043,3600000000,-0.023,2500000000,,0.052,89.32,,,,,,,,,,,,,,,40.00,,,,,,,false,true,12,2024-04-01,2025-03-31,1
2025-04-28,19300,2025-03-31,,57406000000,0.075,,,,,4351000000,0.270,4611000000,0.265,,3187000000,,113.89,,0.074,0.075,0.076,,60707000000,43893000000,0.723,1568.20,43893000000,7603000000,-3418000000,-1393000000,22261000000,,0.386,,,,,,true,false,12,2024-04-01,2025-03-31,0
2025-04-28,19300,2024-03-31,,53398000000,0.191,,,,,3425000000,0.453,3645000000,0.440,,2209000000,,78.92,,0.053,0.062,0.064,,62749000000,41865000000,0.667,1495.75,41865000000,2255000000,-1419000000,-1289000000,19470000000,,0.507,,,,,,true,false,12,2023-04-01,2024-03-31,-1
2025-04-28,19300,2026-03-31,,29000000000,0.100,,,,,1800000000,0.432,1900000000,0.342,,1300000000,,46.45,,,,,,,,,,,,,,,,,,,,,,true,true,6,2025-04-01,2025-09-30,1
2025-04-28,19300,2026-03-31,,61000000000,0.063,,,,,4000000000,-0.081,4200000000,-0.089,,2900000000,,103.61,,,,,,,,,,,,,,,,0.425,,,,,,true,true,12,2025-04-01,2026-03-31,1
2025-04-28,19300,2025-03-31,,47566000000,-0.031,,,,,4376000000,0.250,4620000000,0.253,3280000000,,0.380,117.19,,,,,,58674000000,44053000000,0.751,1573.93,44053000000,,,,,44.00,,,,29963991,1974606,27989504,false,false,12,2024-04-01,2025-03-31,0
2025-04-28,19300,2024-03-31,,49076000000,0.120,,,,,3502000000,0.454,3686000000,0.428,2376000000,,0.380,84.92,,,,,,58979000000,41968000000,0.712,1499.43,41968000000,,,,,40.00,,,,29963991,1974231,27989950,false,false,12,2023-04-01,2024-03-31,-1
2025-04-28,19300,2026-03-31,,26500000000,0.205,,,,,2000000000,0.415,2100000000,0.371,1500000000,,0.366,53.59,,,,,,,,,,,,,,,,,,,,,,false,true,6,2025-04-01,2025-09-30,1
2025-04-28,19300,2026-03-31,,54000000000,0.135,,,,,4450000000,0.017,4700000000,0.017,3300000000,,0.006,117.90,,,,,,,,,,,,,,,44.00,,,,,,,false,true,12,2025-04-01,2026-03-31,1
2025-01-29,19300,2025-03-31,3,41375000000,0.242,,,,,2758000000,1.833,2994000000,1.638,,2023000000,,72.30,,,,,,58099000000,42681000000,0.735,,42681000000,,,,,,,,,,,,true,false,9,2024-04-01,2024-12-31,0
2025-01-29,19300,2024-03-31,3,33304000000,0.043,,,,,973000000,0.498,1135000000,0.444,,579000000,,20.70,,,,,,,,,,,,,,,,,,,,,,true,false,9,2023-04-01,2023-12-31,-1
2025-01-29,19300,2025-03-31,3,60000000000,0.124,,,,,3250000000,-0.051,3500000000,-0.040,,2300000000,,82.17,,,,,,,,,,,,,,,,,,,,,,true,true,12,2024-04-01,2025-03-31,0
2025-01-29,19300,2024-03-31,3,,,,,,,,,,,,,,,,,,,,62749000000,41865000000,0.667,,41865000000,,,,,,,,,,,,true,false,12,2023-04-01,2024-03-31,-1
2025-01-29,19300,2024-03-31,3,,,,,,,,,,,,,,,,,,,,,,,,,,,,,40.00,,,,29963991,1974231,,false,false,12,2023-04-01,2024-03-31,-1
2025-01-29,19300,2025-03-31,3,,,,,,,,,,,,,,,,,,,,,,,,,,,,,20.00,,,,,,,false,false,12,2024-04-01,2025-03-31,0
2025-01-29,19300,2025-03-31,3,,,,,,,,,,,,,,,,,,,,,,,,,,,,,40.00,,,,,,,false,true,12,2024-04-01,2025-03-31,0
2025-01-29,19300,2025-03-31,3,,,,,,,,,,,,,,,,,,,,,,,,,,,,,,,,,29963991,1974562,27989539,false,false,9,2024-04-01,2024-12-31,0
2025-01-29,19300,2024-03-31,3,,,,,,,,,,,,,,,,,,,,,,,,,,,,,,,,,,,27989988,false,false,9,2023-04-01,2023-12-31,-1
2025-04-28,19300,2025-03-31,,55607000000,0.041,,,,,4351000000,0.270,4611000000,0.265,,3187000000,,113.89,,0.074,0.075,0.078,,60707000000,43893000000,0.723,1568.20,43893000000,7603000000,-3418000000,-1393000000,22261000000,,0.386,,,,,,true,false,12,2024-04-01,2025-03-31,0
2025-04-28,19300,2024-03-31,,53398000000,0.191,,,,,3425000000,0.453,3645000000,0.440,,2209000000,,78.92,,0.053,0.062,0.064,,62749000000,41865000000,0.667,1495.75,41865000000,2255000000,-1419000000,-1289000000,19470000000,,0.507,,,,,,true,false,12,2023-04-01,2024-03-31,-1
2025-04-28,19300,2026-03-31,,29000000000,0.100,,,,,1800000000,0.432,1900000000,0.342,,1300000000,,46.45,,,,,,,,,,,,,,,,,,,,,,true,true,6,2025-04-01,2025-09-30,1
2025-04-28,19300,2026-03-31,,61000000000,0.097,,,,,4000000000,-0.081,4200000000,-0.089,,2900000000,,103.61,,,,,,,,,,,,,,,,0.425,,,,,,true,true,12,2025-04-01,2026-03-31,1
2025-04-28,19300,2025-03-31,,47566000000,-0.031,,,,,4376000000,0.250,4620000000,0.253,3280000000,,0.380,117.19,,,,,,58674000000,44053000000,0.751,1573.93,44053000000,,,,,44.00,,,,29963991,1974606,27989504,false,false,12,2024-04-01,2025-03-31,0
2025-04-28,19300,2024-03-31,,49076000000,0.120,,,,,3502000000,0.454,3686000000,0.428,2376000000,,0.380,84.92,,,,,,58979000000,41968000000,0.712,1499.43,41968000000,,,,,40.00,,,,29963991,1974231,27989950,false,false,12,2023-04-01,2024-03-31,-1
2025-04-28,19300,2026-03-31,,26500000000,0.205,,,,,2000000000,0.415,2100000000,0.371,1500000000,,0.366,53.59,,,,,,,,,,,,,,,,,,,,,,false,true,6,2025-04-01,2025-09-30,1
2025-04-28,19300,2026-03-31,,54000000000,0.135,,,,,4450000000,0.017,4700000000,0.017,3300000000,,0.006,117.90,,,,,,,,,,,,,,,44.00,,,,,,,false,true,12,2025-04-01,2026-03-31,1
2025-07-29,19300,2026-03-31,1,12071000000,-0.077,,,,,386000000,-0.199,482000000,-0.128,,313000000,,11.21,,,,,,56210000000,43530000000,0.774,,43530000000,,,,,,,,,,,,true,false,3,2025-04-01,2025-06-30,0
2025-07-29,19300,2025-03-31,1,13079000000,0.427,,,,,481000000,,553000000,,,390000000,,13.94,,,,,,,,,,,,,,,,,,,,,,true,false,3,2024-04-01,2024-06-30,-1
2025-07-29,19300,2026-03-31,1,29000000000,0.100,,,,,1800000000,0.432,1900000000,0.342,,1300000000,,46.45,,,,,,,,,,,,,,,,,,,,,,true,true,6,2025-04-01,2025-09-30,0
2025-07-29,19300,2026-03-31,1,61000000000,0.097,,,,,4000000000,-0.081,4200000000,-0.089,,2900000000,,103.61,,,,,,,,,,,,,,,,,,,,,,true,true,12,2025-04-01,2026-03-31,0
2025-07-29,19300,2025-03-31,1,,,,,,,,,,,,,,,,,,,,60707000000,43893000000,0.723,,43893000000,,,,,,,,,,,,true,false,12,2024-04-01,2025-03-31,-1
2025-07-29,19300,2025-03-31,1,,,,,,,,,,,,,,,,,,,,,,,,,,,,,44.00,,,,29963991,1974606,,false,false,12,2024-04-01,2025-03-31,-1
2025-07-29,19300,2026-03-31,1,,,,,,,,,,,,,,,,,,,,,,,,,,,,,44.00,,,,,,,false,true,12,2025-04-01,2026-03-31,0
2025-07-29,19300,2026-03-31,1,,,,,,,,,,,,,,,,,,,,,,,,,,,,,,,,,29963991,1974710,27989318,false,false,3,2025-04-01,2025-06-30,0
2025-07-29,19300,2025-03-31,1,,,,,,,,,,,,,,,,,,,,,,,,,,,,,,,,,,,27989632,false,false,3,2024-04-01,2024-06-30,-1
