filing_date,code,fiscal_year_end,quarterly_period,net_sales,net_sales_change,revenue,revenue_change,operating_revenue,operating_revenue_change,operating_profit,operating_profit_change,ordinary_profit,ordinary_profit_change,net_income,net_income_of_parent,net_income_change,eps,diluted_eps,roe,roa,operating_profit_to_net_sales,operating_profit_to_revenue,total_assets,net_assets,equity_ratio,bps,owner_equity,operating_cash_flow,investing_cash_flow,financing_cash_flow,cash,dividend_per_share,payout_ratio,commemorative_dividend,extra_dividend,number_of_shares,number_of_treqsury_shares,avg_number_of_shares,is_consolidated,is_forecast,duration,period_start,period_end,period_pos
2015-07-31,19390,2016-03-31,1,13813000000,0.018,,,,,-307000000,,-157000000,,,-124000000,,-3.17,,,,,,71490000000,43569000000,0.609,,43569000000,,,,,,,,,,,,true,false,3,2015-04-01,2015-06-30,0
2015-07-31,19390,2015-03-31,1,13571000000,0.082,,,,,-3000000,,108000000,,,57000000,,1.46,,,,,,,,,,,,,,,,,,,,,,true,false,3,2014-04-01,2014-06-30,-1
2015-07-31,19390,2016-03-31,1,30000000000,-0.053,,,,,-100000000,,100000000,-0.802,,50000000,,1.27,,,,,,,,,,,,,,,,,,,,,,true,true,6,2015-04-01,2015-09-30,0
2015-07-31,19390,2016-03-31,1,73000000000,-0.000,,,,,1100000000,-0.372,1500000000,-0.368,,1000000000,,25.48,,,,,,,,,,,,,,,,,,,,,,true,true,12,2015-04-01,2016-03-31,0
2015-07-31,19390,2015-03-31,1,,,,,,,,,,,,,,,,,,,,74839000000,43161000000,0.577,,43161000000,,,,,,,,,,,,true,false,12,2014-04-01,2015-03-31,-1
2015-07-31,19390,2015-03-31,1,,,,,,,,,,,,,,,,,,,,,,,,,,,,,10.00,,,,40638675,1388939,,false,false,12,2014-04-01,2015-03-31,-1
2015-07-31,19390,2016-03-31,1,,,,,,,,,,,,,,,,,,,,,,,,,,,,,10.00,,,,,,,false,true,12,2015-04-01,2016-03-31,0
2015-07-31,19390,2016-03-31,1,,,,,,,,,,,,,,,,,,,,,,,,,,,,,,,,,40638675,1391930,39248509,false,false,3,2015-04-01,2015-06-30,0
2015-07-31,19390,2015-03-31,1,,,,,,,,,,,,,,,,,,,,,,,,,,,,,,,,,,,39261207,false,false,3,2014-04-01,2014-06-30,-1
2015-10-22,19390,2016-03-31,,28800000000,-0.040,,,,,-100000000,,160000000,0.600,,70000000,,1.78,,,,,,,,,,,,,,,,,,,,,,true,true,6,2015-04-01,2015-09-30,0
2015-10-22,19390,2015-03-31,,31670000000,,,,,,265000000,,505000000,,,116000000,,2.97,,,,,,,,,,,,,,,,,,,,,,true,false,6,2014-04-01,2014-09-30,-1
2015-10-22,19390,2016-03-31,,30900000000,0.030,,,,,200000000,,400000000,1.000,250000000,,1.500,6.37,,,,,,,,,,,,,,,,,,,,,,false,true,6,2015-04-01,2015-09-30,0
2015-10-22,19390,2015-03-31,,30512000000,,,,,,87000000,,265000000,,-36000000,,,-0.92,,,,,,,,,,,,,,,,,,,,,,false,false,6,2014-04-01,2014-09-30,-1
2015-10-30,19390,2016-03-31,2,28845000000,-0.089,,,,,-98000000,,166000000,-0.671,,74000000,,1.90,,,,,,70844000000,43517000000,0.614,,43517000000,,,,,,,,,,,,true,false,6,2015-04-01,2015-09-30,0
2015-10-30,19390,2015-03-31,2,31670000000,0.111,,,,,265000000,,505000000,,,116000000,,2.97,,,,,,,,,,,,,,,,,,,,,,true,false,6,2014-04-01,2014-09-30,-1
2015-10-30,19390,2016-03-31,2,73000000000,-0.000,,,,,1100000000,-0.372,1500000000,-0.368,,1000000000,,25.48,,,,,,,,,,,,,,,,,,,,,,true,true,12,2015-04-01,2016-03-31,0
2015-10-30,19390,2015-03-31,2,,,,,,,,,,,,,,,,,,,,74839000000,43161000000,0.577,,43161000000,,,,,,,,,,,,true,false,12,2014-04-01,2015-03-31,-1
2015-10-30,19390,2015-03-31,2,,,,,,,,,,,,,,,,,,,,,,,,,,,,,10.00,,,,40638675,1388939,,false,false,12,2014-04-01,2015-03-31,-1
2015-10-30,19390,2016-03-31,2,,,,,,,,,,,,,,,,,,,,,,,,,,,,,5.00,,,,,,,false,false,12,2015-04-01,2016-03-31,0
2015-10-30,19390,2016-03-31,2,,,,,,,,,,,,,,,,,,,,,,,,,,,,,10.00,,,,,,,false,true,12,2015-04-01,2016-03-31,0
2015-10-30,19390,2016-03-31,2,,,,,,,,,,,,,,,,,,,,,,,,,,,,,,,,,40638675,1395658,39246523,false,false,6,2015-04-01,2015-09-30,0
2015-10-30,19390,2015-03-31,2,,,,,,,,,,,,,,,,,,,,,,,,,,,,,,,,,,,39259755,false,false,6,2014-04-01,2014-09-30,-1
2016-01-28,19390,2016-03-31,3,46126000000,-0.048,,,,,419000000,-0.351,768000000,-0.278,,480000000,,12.24,,,,,,76751000000,43713000000,0.570,,43713000000,,,,,,,,,,,,true,false,9,2015-04-01,2015-12-31,0
2016-01-28,19390,2015-03-31,3,48431000000,0.064,,,,,645000000,,1064000000,,,446000000,,11.37,,,,,,,,,,,,,,,,,,,,,,true,false,9,2014-04-01,2014-12-31,-1
2016-01-28,19390,2016-03-31,3,73000000000,-0.000,,,,,1100000000,-0.372,1500000000,-0.368,,1000000000,,25.48,,,,,,,,,,,,,,,,,,,,,,true,true,12,2015-04-01,2016-03-31,0
2016-01-28,19390,2015-03-31,3,,,,,,,,,,,,,,,,,,,,74839000000,43161000000,0.577,,43161000000,,,,,,,,,,,,true,false,12,2014-04-01,2015-03-31,-1
2016-01-28,19390,2015-03-31,3,,,,,,,,,,,,,,,,,,,,,,,,,,,,,10.00,,,,40638675,1388939,,false,false,12,2014-04-01,2015-03-31,-1
2016-01-28,19390,2016-03-31,3,,,,,,,,,,,,,,,,,,,,,,,,,,,,,5.00,,,,,,,false,false,12,2015-04-01,2016-03-31,0
2016-01-28,19390,2016-03-31,3,,,,,,,,,,,,,,,,,,,,,,,,,,,,,10.00,,,,,,,false,true,12,2015-04-01,2016-03-31,0
2016-01-28,19390,2016-03-31,3,,,,,,,,,,,,,,,,,,,,,,,,,,,,,,,,,40638675,1401718,39244675,false,false,9,2015-04-01,2015-12-31,0
2016-01-28,19390,2015-03-31,3,,,,,,,,,,,,,,,,,,,,,,,,,,,,,,,,,,,39257738,false,false,9,2014-04-01,2014-12-31,-1
2016-04-21,19390,2016-03-31,,72000000000,-0.014,,,,,2000000000,0.818,2500000000,0.667,,1400000000,,35.68,,,,,,,,,,,,,,,,,,,,,,true,true,12,2015-04-01,2016-03-31,0
2016-04-21,19390,2015-03-31,,73028000000,,,,,,1752000000,,2372000000,,,976000000,,24.87,,,,,,,,,,,,,,,,,,,,,,true,false,12,2014-04-01,2015-03-31,-1
2016-04-21,19390,2016-03-31,,72500000000,-0.007,,,,,2000000000,0.818,2400000000,0.600,1400000000,,0.400,35.68,,,,,,,,,,,,,,,,,,,,,,false,true,12,2015-04-01,2016-03-31,0
2016-04-21,19390,2015-03-31,,72864000000,,,,,,1742000000,,2240000000,,904000000,,,23.04,,,,,,,,,,,,,,,,,,,,,,false,false,12,2014-04-01,2015-03-31,-1
2016-04-28,19390,2016-03-31,,71956000000,-0.015,,,,,1982000000,0.131,2506000000,0.056,,1398000000,,35.64,,0.033,0.032,0.028,,79522000000,42237000000,0.531,1076.49,42237000000,1173000000,-5522000000,6421000000,11452000000,,0.281,,,,,,true,false,12,2015-04-01,2016-03-31,0
2016-04-28,19390,2015-03-31,,73028000000,0.034,,,,,1752000000,1.015,2372000000,0.609,,976000000,,24.87,,0.023,0.032,0.024,,74839000000,43161000000,0.577,1099.66,43161000000,2480000000,-4313000000,2484000000,9379000000,,0.402,,,,,,true,false,12,2014-04-01,2015-03-31,-1
2016-04-28,19390,2017-03-31,,31000000000,0.075,,,,,300000000,,500000000,2.012,,300000000,,7.65,,,,,,,,,,,,,,,,,,,,,,true,true,6,2016-04-01,2016-09-30,1
2016-04-28,19390,2017-03-31,,74000000000,0.028,,,,,2000000000,0.009,2500000000,-0.002,,1600000000,,40.78,,,,,,,,,,,,,,,,0.245,,,,,,true,true,12,2016-04-01,2017-03-31,1
2016-04-28,19390,2016-03-31,,72460000000,-0.006,,,,,2017000000,0.158,2448000000,0.093,1385000000,,0.532,35.30,,,,,,67496000000,40069000000,0.594,1021.26,40069000000,,,,,10.00,,,,40638675,1402871,39242583,false,false,12,2015-04-01,2016-03-31,0
2016-04-28,19390,2015-03-31,,72864000000,0.071,,,,,1742000000,2.312,2240000000,1.227,904000000,,0.723,23.04,,,,,,67052000000,39331000000,0.587,1002.09,39331000000,,,,,10.00,,,,40638675,1388939,39256017,false,false,12,2014-04-01,2015-03-31,-1
2016-04-28,19390,2017-03-31,,29000000000,-0.064,,,,,-150000000,,0,,0,,,,,,,,,,,,,,,,,,,,,,,,,false,true,6,2016-04-01,2016-09-30,1
2016-04-28,19390,2017-03-31,,71000000000,-0.020,,,,,1400000000,-0.306,1800000000,-0.265,1200000000,,-0.134,30.58,,,,,,,,,,,,,,,10.00,,,,,,,false,true,12,2016-04-01,2017-03-31,1
2016-07-29,19390,2017-03-31,1,14490000000,0.049,,,,,-13000000,,46000000,,,15000000,,0.41,,,,,,74900000000,41357000000,0.552,,41357000000,,,,,,,,,,,,true,false,3,2016-04-01,2016-06-30,0
2016-07-29,19390,2016-03-31,1,13813000000,0.018,,,,,-307000000,,-157000000,,,-124000000,,-3.17,,,,,,,,,,,,,,,,,,,,,,true,false,3,2015-04-01,2015-06-30,-1
2016-07-29,19390,2017-03-31,1,31000000000,0.075,,,,,300000000,,500000000,2.012,,300000000,,7.65,,,,,,,,,,,,,,,,,,,,,,true,true,6,2016-04-01,2016-09-30,0
2016-07-29,19390,2017-03-31,1,74000000000,0.028,,,,,2000000000,0.009,2500000000,-0.002,,1600000000,,40.78,,,,,,,,,,,,,,,,,,,,,,true,true,12,2016-04-01,2017-03-31,0
2016-07-29,19390,2016-03-31,1,,,,,,,,,,,,,,,,,,,,79522000000,42237000000,0.531,,42237000000,,,,,,,,,,,,true,false,12,2015-04-01,2016-03-31,-1
2016-07-29,19390,2016-03-31,1,,,,,,,,,,,,,,,,,,,,,,,,,,,,,10.00,,,,40638675,1402871,,false,false,12,2015-04-01,2016-03-31,-1
2016-07-29,19390,2017-03-31,1,,,,,,,,,,,,,,,,,,,,,,,,,,,,,10.00,,,,,,,false,true,12,2016-04-01,2017-03-31,0
2016-07-29,19390,2017-03-31,1,,,,,,,,,,,,,,,,,,,,,,,,,,,,,,,,,40638675,1404536,39234819,false,false,3,2016-04-01,2016-06-30,0
2016-07-29,19390,2016-03-31,1,,,,,,,,,,,,,,,,,,,,,,,,,,,,,,,,,,,39248509,false,false,3,2015-04-01,2015-06-30,-1
2016-10-26,19390,2017-03-31,,30900000000,-0.003,,,,,460000000,0.533,630000000,0.260,,400000000,,10.20,,,,,,,,,,,,,,,,,,,,,,true,true,6,2016-04-01,2016-09-30,0
2016-10-26,19390,2016-03-31,,28845000000,,,,,,-98000000,,166000000,,,74000000,,1.90,,,,,,,,,,,,,,,,,,,,,,true,false,6,2015-04-01,2015-09-30,-1
2016-10-26,19390,2017-03-31,,29100000000,0.003,,,,,-60000000,,60000000,,15000000,,,0.38,,,,,,,,,,,,,,,,,,,,,,false,true,6,2016-04-01,2016-09-30,0
2016-10-26,19390,2016-03-31,,30990000000,,,,,,204000000,,418000000,,250000000,,,6.39,,,,,,,,,,,,,,,,,,,,,,false,false,6,2015-04-01,2015-09-30,-1
2016-10-31,19390,2017-03-31,2,30943000000,0.073,,,,,469000000,,632000000,2.805,,407000000,,10.39,,,,,,72564000000,41589000000,0.573,,41589000000,,,,,,,,,,,,true,false,6,2016-04-01,2016-09-30,0
2016-10-31,19390,2016-03-31,2,28845000000,-0.089,,,,,-98000000,,166000000,-0.671,,74000000,,1.90,,,,,,,,,,,,,,,,,,,,,,true,false,6,2015-04-01,2015-09-30,-1
2016-10-31,19390,2017-03-31,2,74000000000,0.028,,,,,2000000000,0.009,2500000000,-0.002,,1600000000,,40.78,,,,,,,,,,,,,,,,,,,,,,true,true,12,2016-04-01,2017-03-31,0
2016-10-31,19390,2016-03-31,2,,,,,,,,,,,,,,,,,,,,79522000000,42237000000,0.531,,42237000000,,,,,,,,,,,,true,false,12,2015-04-01,2016-03-31,-1
2016-10-31,19390,2016-03-31,2,,,,,,,,,,,,,,,,,,,,,,,,,,,,,10.00,,,,40638675,1402871,,false,false,12,2015-04-01,2016-03-31,-1
2016-10-31,19390,2017-03-31,2,,,,,,,,,,,,,,,,,,,,,,,,,,,,,5.00,,,,,,,false,false,12,2016-04-01,2017-03-31,0
2016-10-31,19390,2017-03-31,2,,,,,,,,,,,,,,,,,,,,,,,,,,,,,13.00,,,,,,,false,true,12,2016-04-01,2017-03-31,0
2016-10-31,19390,2017-03-31,2,,,,,,,,,,,,,,,,,,,,,,,,,,,,,,,,,40638675,1404756,39234411,false,false,6,2016-04-01,2016-09-30,0
2016-10-31,19390,2016-03-31,2,,,,,,,,,,,,,,,,,,,,,,,,,,,,,,,,,,,39246523,false,false,6,2015-04-01,2015-09-30,-1
2017-01-31,19390,2017-03-31,3,46758000000,0.014,,,,,736000000,0.757,967000000,0.259,,597000000,,15.24,,,,,,75103000000,42182000000,0.562,,42182000000,,,,,,,,,,,,true,false,9,2016-04-01,2016-12-31,0
2017-01-31,19390,2016-03-31,3,46126000000,-0.048,,,,,419000000,-0.351,768000000,-0.278,,480000000,,12.24,,,,,,,,,,,,,,,,,,,,,,true,false,9,2015-04-01,2015-12-31,-1
2017-01-31,19390,2017-03-31,3,74000000000,0.028,,,,,2000000000,0.009,2500000000,-0.002,,1600000000,,40.78,,,,,,,,,,,,,,,,,,,,,,true,true,12,2016-04-01,2017-03-31,0
2017-01-31,19390,2016-03-31,3,,,,,,,,,,,,,,,,,,,,79522000000,42237000000,0.531,,42237000000,,,,,,,,,,,,true,false,12,2015-04-01,2016-03-31,-1
2017-01-31,19390,2016-03-31,3,,,,,,,,,,,,,,,,,,,,,,,,,,,,,10.00,,,,40638675,1402871,,false,false,12,2015-04-01,2016-03-31,-1
2017-01-31,19390,2017-03-31,3,,,,,,,,,,,,,,,,,,,,,,,,,,,,,5.00,,,,,,,false,false,12,2016-04-01,2017-03-31,0
2017-01-31,19390,2017-03-31,3,,,,,,,,,,,,,,,,,,,,,,,,,,,,,13.00,,,,,,,false,true,12,2016-04-01,2017-03-31,0
2017-01-31,19390,2017-03-31,3,,,,,,,,,,,,,,,,,,,,,,,,,,,,,,,,,40638675,1407570,39233834,false,false,9,2016-04-01,2016-12-31,0
2017-01-31,19390,2016-03-31,3,,,,,,,,,,,,,,,,,,,,,,,,,,,,,,,,,,,39244675,false,false,9,2015-04-01,2015-12-31,-1
2017-04-27,19390,2017-03-31,,70125000000,-0.025,,,,,2228000000,0.124,2673000000,0.067,,1751000000,,44.65,,0.041,0.034,0.032,,77616000000,43101000000,0.555,1098.71,43101000000,3866000000,-1883000000,-887000000,12548000000,,0.291,,,,,,true,false,12,2016-04-01,2017-03-31,0
2017-04-27,19390,2016-03-31,,71956000000,-0.015,,,,,1982000000,0.131,2506000000,0.056,,1398000000,,35.64,,0.033,0.032,0.028,,79522000000,42237000000,0.531,1076.49,42237000000,1173000000,-5522000000,6421000000,11452000000,,0.281,,,,,,true,false,12,2015-04-01,2016-03-31,-1
2017-04-27,19390,2018-03-31,,80000000000,0.141,,,,,2500000000,0.122,3000000000,0.122,,2100000000,,53.53,,,,,,,,,,,,,,,,0.243,,,,,,true,true,12,2017-04-01,2018-03-31,1
2017-04-27,19390,2017-03-31,,66948000000,-0.076,,,,,1422000000,-0.295,1790000000,-0.269,1137000000,,-0.179,28.98,,,,,,65298000000,40358000000,0.618,1028.79,40358000000,,,,,13.00,,,,40638675,1409671,39232828,false,false,12,2016-04-01,2017-03-31,0
2017-04-27,19390,2016-03-31,,72460000000,-0.006,,,,,2017000000,0.158,2448000000,0.093,1385000000,,0.532,35.30,,,,,,67496000000,40069000000,0.594,1021.26,40069000000,,,,,10.00,,,,40638675,1402871,39242583,false,false,12,2015-04-01,2016-03-31,-1
2017-04-27,19390,2018-03-31,,78000000000,0.165,,,,,1800000000,0.266,2700000000,0.508,2100000000,,0.847,53.53,,,,,,,,,,,,,,,13.00,,,,,,,false,true,12,2017-04-01,2018-03-31,1
,19390,2018-03-31,,,,,,,,,,,,,,,,,,,,,,,,,,,,,,35.00,,,,,,,false,true,12,2017-04-01,2018-03-31,0
,19390,2017-03-31,,,,,,,,,,,,,,,,,,,,,,,,,,,,,,13.00,,,,,,,false,false,12,2016-04-01,2017-03-31,-1
2017-07-31,19390,2018-03-31,1,14495000000,0.000,,,,,101000000,,190000000,3.131,,341000000,,8.70,,,,,,77706000000,42913000000,0.552,,42913000000,,,,,,,,,,,,true,false,3,2017-04-01,2017-06-30,0
2017-07-31,19390,2017-03-31,1,14490000000,0.049,,,,,-13000000,,46000000,,,15000000,,0.41,,,,,,,,,,,,,,,,,,,,,,true,false,3,2016-04-01,2016-06-30,-1
2017-07-31,19390,2018-03-31,1,80000000000,0.141,,,,,2500000000,0.122,3000000000,0.122,,2100000000,,267.67,,,,,,,,,,,,,,,,,,,,,,true,true,12,2017-04-01,2018-03-31,0
2017-07-31,19390,2017-03-31,1,,,,,,,,,,,,,,,,,,,,77616000000,43101000000,0.555,,43101000000,,,,,,,,,,,,true,false,12,2016-04-01,2017-03-31,-1
2017-07-31,19390,2017-03-31,1,,,,,,,,,,,,,,,,,,,,,,,,,,,,,13.00,,,,40638675,1409671,,false,false,12,2016-04-01,2017-03-31,-1
2017-07-31,19390,2018-03-31,1,,,,,,,,,,,,,,,,,,,,,,,,,,,,,35.00,,,,,,,false,true,12,2017-04-01,2018-03-31,0
2017-07-31,19390,2018-03-31,1,,,,,,,,,,,,,,,,,,,,,,,,,,,,,,,,,40638675,1412438,39228020,false,false,3,2017-04-01,2017-06-30,0
2017-07-31,19390,2017-03-31,1,,,,,,,,,,,,,,,,,,,,,,,,,,,,,,,,,,,39234819,false,false,3,2016-04-01,2016-06-30,-1
2017-10-31,19390,2018-03-31,2,34302000000,0.109,,,,,695000000,0.482,906000000,0.434,,831000000,,105.98,,,,,,77862000000,43318000000,0.556,,43318000000,,,,,,,,,,,,true,false,6,2017-04-01,2017-09-30,0
2017-10-31,19390,2017-03-31,2,30943000000,0.073,,,,,469000000,,632000000,2.805,,407000000,,51.93,,,,,,,,,,,,,,,,,,,,,,true,false,6,2016-04-01,2016-09-30,-1
2017-10-31,19390,2018-03-31,2,80000000000,0.141,,,,,2500000000,0.122,3000000000,0.122,,2100000000,,267.68,,,,,,,,,,,,,,,,,,,,,,true,true,12,2017-04-01,2018-03-31,0
2017-10-31,19390,2017-03-31,2,,,,,,,,,,,,,,,,,,,,77616000000,43101000000,0.555,,43101000000,,,,,,,,,,,,true,false,12,2016-04-01,2017-03-31,-1
2017-10-31,19390,2017-03-31,2,,,,,,,,,,,,,,,,,,,,,,,,,,,,,13.00,,,,8127735,281934,,false,false,12,2016-04-01,2017-03-31,-1
2017-10-31,19390,2018-03-31,2,,,,,,,,,,,,,,,,,,,,,,,,,,,,,6.00,,,,,,,false,false,12,2017-04-01,2018-03-31,0
2017-10-31,19390,2018-03-31,2,,,,,,,,,,,,,,,,,,,,,,,,,,,,,35.00,,,,,,,false,true,12,2017-04-01,2018-03-31,0
2017-10-31,19390,2018-03-31,2,,,,,,,,,,,,,,,,,,,,,,,,,,,,,,,,,8127735,283121,7845220,false,false,6,2017-04-01,2017-09-30,0
2017-10-31,19390,2017-03-31,2,,,,,,,,,,,,,,,,,,,,,,,,,,,,,,,,,,,7846883,false,false,6,2016-04-01,2016-09-30,-1
2018-01-31,19390,2018-03-31,3,53227000000,0.138,,,,,1193000000,0.620,1495000000,0.545,,1127000000,,143.69,,,,,,80966000000,43491000000,0.537,,43491000000,,,,,,,,,,,,true,false,9,2017-04-01,2017-12-31,0
2018-01-31,19390,2017-03-31,3,46758000000,0.014,,,,,736000000,0.757,967000000,0.259,,597000000,,76.18,,,,,,,,,,,,,,,,,,,,,,true,false,9,2016-04-01,2016-12-31,-1
2018-01-31,19390,2018-03-31,3,80000000000,0.141,,,,,2500000000,0.122,3000000000,0.122,,2100000000,,267.69,,,,,,,,,,,,,,,,,,,,,,true,true,12,2017-04-01,2018-03-31,0
2018-01-31,19390,2017-03-31,3,,,,,,,,,,,,,,,,,,,,77616000000,43101000000,0.555,,43101000000,,,,,,,,,,,,true,false,12,2016-04-01,2017-03-31,-1
2018-01-31,19390,2017-03-31,3,,,,,,,,,,,,,,,,,,,,,,,,,,,,,13.00,,,,8127735,281934,,false,false,12,2016-04-01,2017-03-31,-1
2018-01-31,19390,2018-03-31,3,,,,,,,,,,,,,,,,,,,,,,,,,,,,,6.00,,,,,,,false,false,12,2017-04-01,2018-03-31,0
2018-01-31,19390,2018-03-31,3,,,,,,,,,,,,,,,,,,,,,,,,,,,,,35.00,,,,,,,false,true,12,2017-04-01,2018-03-31,0
2018-01-31,19390,2018-03-31,3,,,,,,,,,,,,,,,,,,,,,,,,,,,,,,,,,8127735,284096,7844827,false,false,9,2017-04-01,2017-12-31,0
2018-01-31,19390,2017-03-31,3,,,,,,,,,,,,,,,,,,,,,,,,,,,,,,,,,,,7846767,false,false,9,2016-04-01,2016-12-31,-1
,19390,2018-03-31,,,,,,,,,,,,,,,,,,,,,,,,,,,,,,45.00,,,,,,,false,true,12,2017-04-01,2018-03-31,0
,19390,2018-03-31,,,,,,,,,,,,,,,,,,,,,,,,,,,,,,6.00,,,,,,,false,false,12,2017-04-01,2018-03-31,0
,19390,2017-03-31,,,,,,,,,,,,,,,,,,,,,,,,,,,,,,13.00,,,,,,,false,false,12,2016-04-01,2017-03-31,-1
2018-04-27,19390,2018-03-31,,77055000000,0.099,,,,,2674000000,0.200,3211000000,0.201,,2284000000,,291.23,,0.052,0.039,0.035,,88319000000,44486000000,0.504,5671.85,44486000000,4744000000,-4657000000,2372000000,15007000000,,0.258,,,,,,true,false,12,2017-04-01,2018-03-31,0
2018-04-27,19390,2017-03-31,,70125000000,-0.025,,,,,2228000000,0.124,2673000000,0.067,,1751000000,,223.25,,0.041,0.034,0.032,,77616000000,43101000000,0.555,5493.55,43101000000,3866000000,-1883000000,-887000000,12548000000,,0.291,,,,,,true,false,12,2016-04-01,2017-03-31,-1
2018-04-27,19390,2019-03-31,,83000000000,0.077,,,,,2800000000,0.047,3300000000,0.028,,2300000000,,293.24,,,,,,,,,,,,,,,,0.256,,,,,,true,true,12,2018-04-01,2019-03-31,1
2018-04-27,19390,2018-03-31,,74397000000,0.111,,,,,2005000000,0.410,2674000000,0.494,2012000000,,0.770,256.55,,,,,,72281000000,41950000000,0.580,5348.56,41950000000,,,,,45.00,,,,8127735,284372,7844510,false,false,12,2017-04-01,2018-03-31,0
2018-04-27,19390,2017-03-31,,66948000000,-0.076,,,,,1422000000,-0.295,1790000000,-0.269,1137000000,,-0.179,144.91,,,,,,65298000000,40358000000,0.618,5143.93,40358000000,,,,,13.00,,,,8127735,281934,7846566,false,false,12,2016-04-01,2017-03-31,-1
2018-04-27,19390,2019-03-31,,76500000000,0.028,,,,,1800000000,-0.102,2200000000,-0.177,1600000000,,-0.205,203.99,,,,,,,,,,,,,,,75.00,,,,,,,false,true,12,2018-04-01,2019-03-31,1
2018-07-31,19390,2019-03-31,1,16579000000,0.144,,,,,249000000,1.460,360000000,0.893,,227000000,,28.95,,,,,,83978000000,44807000000,0.534,,44807000000,,,,,,,,,,,,true,false,3,2018-04-01,2018-06-30,0
2018-07-31,19390,2018-03-31,1,14495000000,0.000,,,,,101000000,,190000000,3.131,,341000000,,43.48,,,,,,,,,,,,,,,,,,,,,,true,false,3,2017-04-01,2017-06-30,-1
2018-07-31,19390,2019-03-31,1,83000000000,0.077,,,,,2800000000,0.047,3300000000,0.028,,2300000000,,293.24,,,,,,,,,,,,,,,,,,,,,,true,true,12,2018-04-01,2019-03-31,0
2018-07-31,19390,2018-03-31,1,,,,,,,,,,,,,,,,,,,,88315000000,44486000000,0.504,,44486000000,,,,,,,,,,,,true,false,12,2017-04-01,2018-03-31,-1
2018-07-31,19390,2018-03-31,1,,,,,,,,,,,,,,,,,,,,,,,,,,,,,45.00,,,,8127735,284372,,false,false,12,2017-04-01,2018-03-31,-1
2018-07-31,19390,2019-03-31,1,,,,,,,,,,,,,,,,,,,,,,,,,,,,,75.00,,,,,,,false,true,12,2018-04-01,2019-03-31,0
2018-07-31,19390,2019-03-31,1,,,,,,,,,,,,,,,,,,,,,,,,,,,,,,,,,8127735,284516,7843306,false,false,3,2018-04-01,2018-06-30,0
2018-07-31,19390,2018-03-31,1,,,,,,,,,,,,,,,,,,,,,,,,,,,,,,,,,,,7845604,false,false,3,2017-04-01,2017-06-30,-1
2018-10-31,19390,2019-03-31,2,35201000000,0.026,,,,,704000000,0.012,943000000,0.041,,606000000,,77.29,,,,,,84492000000,45348000000,0.537,,45348000000,,,,,,,,,,,,true,false,6,2018-04-01,2018-09-30,0
2018-10-31,19390,2018-03-31,2,34302000000,0.109,,,,,695000000,0.482,906000000,0.434,,831000000,,105.98,,,,,,,,,,,,,,,,,,,,,,true,false,6,2017-04-01,2017-09-30,-1
2018-10-31,19390,2019-03-31,2,83000000000,0.077,,,,,2800000000,0.047,3300000000,0.028,,2300000000,,293.25,,,,,,,,,,,,,,,,,,,,,,true,true,12,2018-04-01,2019-03-31,0
2018-10-31,19390,2018-03-31,2,,,,,,,,,,,,,,,,,,,,88315000000,44486000000,0.504,,44486000000,,,,,,,,,,,,true,false,12,2017-04-01,2018-03-31,-1
2018-10-31,19390,2018-03-31,2,,,,,,,,,,,,,,,,,,,,,,,,,,,,,45.00,,,,8127735,284372,,false,false,12,2017-04-01,2018-03-31,-1
2018-10-31,19390,2019-03-31,2,,,,,,,,,,,,,,,,,,,,,,,,,,,,,35.00,,,,,,,false,false,12,2018-04-01,2019-03-31,0
2018-10-31,19390,2019-03-31,2,,,,,,,,,,,,,,,,,,,,,,,,,,,,,75.00,,,,,,,false,true,12,2018-04-01,2019-03-31,0
2018-10-31,19390,2019-03-31,2,,,,,,,,,,,,,,,,,,,,,,,,,,,,,,,,,8127735,284700,7843201,false,false,6,2018-04-01,2018-09-30,0
2018-10-31,19390,2018-03-31,2,,,,,,,,,,,,,,,,,,,,,,,,,,,,,,,,,,,7845220,false,false,6,2017-04-01,2017-09-30,-1
2019-01-31,19390,2019-03-31,3,55193000000,0.037,,,,,1234000000,0.035,1843000000,0.232,,1179000000,,150.41,,,,,,87760000000,45013000000,0.513,,45013000000,,,,,,,,,,,,true,false,9,2018-04-01,2018-12-31,0
2019-01-31,19390,2018-03-31,3,53227000000,0.138,,,,,1193000000,0.620,1495000000,0.545,,1127000000,,143.69,,,,,,,,,,,,,,,,,,,,,,true,false,9,2017-04-01,2017-12-31,-1
2019-01-31,19390,2019-03-31,3,83000000000,0.077,,,,,2800000000,0.047,3300000000,0.028,,2300000000,,293.25,,,,,,,,,,,,,,,,,,,,,,true,true,12,2018-04-01,2019-03-31,0
2019-01-31,19390,2018-03-31,3,,,,,,,,,,,,,,,,,,,,88315000000,44486000000,0.504,,44486000000,,,,,,,,,,,,true,false,12,2017-04-01,2018-03-31,-1
2019-01-31,19390,2018-03-31,3,,,,,,,,,,,,,,,,,,,,,,,,,,,,,45.00,,,,8127735,284372,,false,false,12,2017-04-01,2018-03-31,-1
2019-01-31,19390,2019-03-31,3,,,,,,,,,,,,,,,,,,,,,,,,,,,,,35.00,,,,,,,false,false,12,2018-04-01,2019-03-31,0
2019-01-31,19390,2019-03-31,3,,,,,,,,,,,,,,,,,,,,,,,,,,,,,75.00,,,,,,,false,true,12,2018-04-01,2019-03-31,0
2019-01-31,19390,2019-03-31,3,,,,,,,,,,,,,,,,,,,,,,,,,,,,,,,,,8127735,285428,7843012,false,false,9,2018-04-01,2018-12-31,0
2019-01-31,19390,2018-03-31,3,,,,,,,,,,,,,,,,,,,,,,,,,,,,,,,,,,,7844827,false,false,9,2017-04-01,2017-12-31,-1
,19390,2019-03-31,,,,,,,,,,,,,,,,,,,,,,,,,,,,,,80.00,,,,,,,false,true,12,2018-04-01,2019-03-31,0
,19390,2019-03-31,,,,,,,,,,,,,,,,,,,,,,,,,,,,,,35.00,,,,,,,false,false,12,2018-04-01,2019-03-31,0
,19390,2018-03-31,,,,,,,,,,,,,,,,,,,,,,,,,,,,,,45.00,,,,,,,false,false,12,2017-04-01,2018-03-31,-1
2019-04-26,19390,2019-03-31,,80411000000,0.044,,,,,2938000000,0.099,3785000000,0.179,,2392000000,,305.10,,0.053,0.042,0.037,,91442000000,46475000000,0.508,5926.37,46475000000,5258000000,-4261000000,-2057000000,13947000000,,0.262,,,,,,true,false,12,2018-04-01,2019-03-31,0
2019-04-26,19390,2018-03-31,,77055000000,0.099,,,,,2674000000,0.200,3211000000,0.201,,2284000000,,291.23,,0.052,0.039,0.035,,88315000000,44486000000,0.504,5671.85,44486000000,4744000000,-4657000000,2372000000,15007000000,,0.258,,,,,,true,false,12,2017-04-01,2018-03-31,-1
2019-04-26,19390,2020-03-31,,85000000000,0.057,,,,,3200000000,0.089,3800000000,0.004,,2600000000,,331.54,,,,,,,,,,,,,,,,0.241,,,,,,true,true,12,2019-04-01,2020-03-31,1
2019-04-26,19390,2019-03-31,,73042000000,-0.018,,,,,1740000000,-0.132,2481000000,-0.072,1589000000,,-0.210,202.67,,,,,,71306000000,43126000000,0.605,5499.28,43126000000,,,,,80.00,,,,8127735,285616,7842811,false,false,12,2018-04-01,2019-03-31,0
2019-04-26,19390,2018-03-31,,74397000000,0.111,,,,,2005000000,0.410,2674000000,0.494,2012000000,,0.770,256.55,,,,,,72050000000,41950000000,0.582,5348.56,41950000000,,,,,45.00,,,,8127735,284372,7844510,false,false,12,2017-04-01,2018-03-31,-1
2019-04-26,19390,2020-03-31,,75000000000,0.027,,,,,2000000000,0.149,2900000000,0.169,2100000000,,0.321,267.78,,,,,,,,,,,,,,,80.00,,,,,,,false,true,12,2019-04-01,2020-03-31,1
2019-07-31,19390,2020-03-31,1,17755000000,0.071,,,,,885000000,2.547,1010000000,1.806,,458000000,,58.42,,,,,,84103000000,45977000000,0.547,,45977000000,,,,,,,,,,,,true,false,3,2019-04-01,2019-06-30,0
2019-07-31,19390,2019-03-31,1,16579000000,0.144,,,,,249000000,1.460,360000000,0.893,,227000000,,28.95,,,,,,,,,,,,,,,,,,,,,,true,false,3,2018-04-01,2018-06-30,-1
2019-07-31,19390,2020-03-31,1,85000000000,0.057,,,,,3200000000,0.089,3800000000,0.004,,2600000000,,331.55,,,,,,,,,,,,,,,,,,,,,,true,true,12,2019-04-01,2020-03-31,0
2019-07-31,19390,2019-03-31,1,,,,,,,,,,,,,,,,,,,,91442000000,46475000000,0.508,,46475000000,,,,,,,,,,,,true,false,12,2018-04-01,2019-03-31,-1
2019-07-31,19390,2019-03-31,1,,,,,,,,,,,,,,,,,,,,,,,,,,,,,80.00,,,,8127735,285616,,false,false,12,2018-04-01,2019-03-31,-1
2019-07-31,19390,2020-03-31,1,,,,,,,,,,,,,,,,,,,,,,,,,,,,,80.00,,,,,,,false,true,12,2019-04-01,2020-03-31,0
2019-07-31,19390,2020-03-31,1,,,,,,,,,,,,,,,,,,,,,,,,,,,,,,,,,8127735,285800,7842016,false,false,3,2019-04-01,2019-06-30,0
2019-07-31,19390,2019-03-31,1,,,,,,,,,,,,,,,,,,,,,,,,,,,,,,,,,,,7843306,false,false,3,2018-04-01,2018-06-30,-1
2019-10-31,19390,2020-03-31,2,34908000000,-0.008,,,,,1217000000,0.729,1472000000,0.561,,633000000,,80.79,,,,,,83208000000,46540000000,0.559,,46540000000,,,,,,,,,,,,true,false,6,2019-04-01,2019-09-30,0
2019-10-31,19390,2019-03-31,2,35201000000,0.026,,,,,704000000,0.012,943000000,0.041,,606000000,,77.29,,,,,,,,,,,,,,,,,,,,,,true,false,6,2018-04-01,2018-09-30,-1
2019-10-31,19390,2020-03-31,2,85000000000,0.057,,,,,3200000000,0.089,3800000000,0.004,,2600000000,,331.55,,,,,,,,,,,,,,,,,,,,,,true,true,12,2019-04-01,2020-03-31,0
2019-10-31,19390,2019-03-31,2,,,,,,,,,,,,,,,,,,,,91442000000,46475000000,0.508,,46475000000,,,,,,,,,,,,true,false,12,2018-04-01,2019-03-31,-1
2019-10-31,19390,2019-03-31,2,,,,,,,,,,,,,,,,,,,,,,,,,,,,,80.00,,,,8127735,285616,,false,false,12,2018-04-01,2019-03-31,-1
2019-10-31,19390,2020-03-31,2,,,,,,,,,,,,,,,,,,,,,,,,,,,,,40.00,,,,,,,false,false,12,2019-04-01,2020-03-31,0
2019-10-31,19390,2020-03-31,2,,,,,,,,,,,,,,,,,,,,,,,,,,,,,80.00,,,,,,,false,true,12,2019-04-01,2020-03-31,0
2019-10-31,19390,2020-03-31,2,,,,,,,,,,,,,,,,,,,,,,,,,,,,,,,,,8127735,286175,7841872,false,false,6,2019-04-01,2019-09-30,0
2019-10-31,19390,2019-03-31,2,,,,,,,,,,,,,,,,,,,,,,,,,,,,,,,,,,,7843201,false,false,6,2018-04-01,2018-09-30,-1
2020-01-31,19390,2020-03-31,3,53497000000,-0.031,,,,,702000000,-0.431,1045000000,-0.433,,456000000,,58.24,,,,,,85619000000,45976000000,0.537,,45976000000,,,,,,,,,,,,true,false,9,2019-04-01,2019-12-31,0
2020-01-31,19390,2019-03-31,3,55193000000,0.037,,,,,1234000000,0.035,1843000000,0.232,,1179000000,,150.41,,,,,,,,,,,,,,,,,,,,,,true,false,9,2018-04-01,2018-12-31,-1
2020-01-31,19390,2020-03-31,3,85000000000,0.057,,,,,3200000000,0.089,3800000000,0.004,,2600000000,,331.56,,,,,,,,,,,,,,,,,,,,,,true,true,12,2019-04-01,2020-03-31,0
2020-01-31,19390,2019-03-31,3,,,,,,,,,,,,,,,,,,,,91442000000,46475000000,0.508,,46475000000,,,,,,,,,,,,true,false,12,2018-04-01,2019-03-31,-1
2020-01-31,19390,2019-03-31,3,,,,,,,,,,,,,,,,,,,,,,,,,,,,,80.00,,,,8127735,285616,,false,false,12,2018-04-01,2019-03-31,-1
2020-01-31,19390,2020-03-31,3,,,,,,,,,,,,,,,,,,,,,,,,,,,,,40.00,,,,,,,false,false,12,2019-04-01,2020-03-31,0
2020-01-31,19390,2020-03-31,3,,,,,,,,,,,,,,,,,,,,,,,,,,,,,80.00,,,,,,,false,true,12,2019-04-01,2020-03-31,0
2020-01-31,19390,2020-03-31,3,,,,,,,,,,,,,,,,,,,,,,,,,,,,,,,,,8127735,286447,7841743,false,false,9,2019-04-01,2019-12-31,0
2020-01-31,19390,2019-03-31,3,,,,,,,,,,,,,,,,,,,,,,,,,,,,,,,,,,,7843012,false,false,9,2018-04-01,2018-12-31,-1
2020-04-28,19390,2020-03-31,,82728000000,0.029,,,,,3418000000,0.163,3906000000,0.032,,2289000000,,291.99,,0.049,0.044,0.041,,88101000000,46511000000,0.528,5931.85,46511000000,-2610000000,-2179000000,-1399000000,7774000000,,0.274,,,,,,true,false,12,2019-04-01,2020-03-31,0
2020-04-28,19390,2019-03-31,,80411000000,0.044,,,,,2938000000,0.099,3785000000,0.179,,2392000000,,305.10,,0.053,0.042,0.037,,91442000000,46475000000,0.508,5926.37,46475000000,5258000000,-4261000000,-2057000000,13947000000,,0.262,,,,,,true,false,12,2018-04-01,2019-03-31,-1
2020-04-28,19390,2020-03-31,,71087000000,-0.027,,,,,1752000000,0.007,2594000000,0.045,1671000000,,0.052,213.19,,,,,,69446000000,42518000000,0.612,5422.67,42518000000,,,,,80.00,,,,8127735,286801,7841578,false,false,12,2019-04-01,2020-03-31,0
2020-04-28,19390,2019-03-31,,73042000000,-0.018,,,,,1740000000,-0.132,2481000000,-0.072,1589000000,,-0.210,202.67,,,,,,71306000000,43126000000,0.605,5499.28,43126000000,,,,,80.00,,,,8127735,285616,7842811,false,false,12,2018-04-01,2019-03-31,-1
2020-04-28,19390,2021-03-31,,,,,,,,,,,,,,,,,,,,,,,,,,,,,,80.00,,,,,,,false,true,12,2020-04-01,2021-03-31,1
2020-07-31,19390,2021-03-31,1,19634000000,0.106,,,,,1111000000,0.255,1174000000,0.162,,723000000,,92.23,,,,,,86522000000,47131000000,0.544,,47105000000,,,,,,,,,,,,true,false,3,2020-04-01,2020-06-30,0
2020-07-31,19390,2020-03-31,1,17755000000,0.071,,,,,885000000,2.547,1010000000,1.806,,458000000,,58.42,,,,,,,,,,,,,,,,,,,,,,true,false,3,2019-04-01,2019-06-30,-1
2020-07-31,19390,2021-03-31,1,85000000000,0.027,,,,,3000000000,-0.122,3500000000,-0.104,,2300000000,,293.34,,,,,,,,,,,,,,,,,,,,,,true,true,12,2020-04-01,2021-03-31,0
2020-07-31,19390,2020-03-31,1,,,,,,,,,,,,,,,,,,,,88101000000,46511000000,0.528,,46511000000,,,,,,,,,,,,true,false,12,2019-04-01,2020-03-31,-1
2020-07-31,19390,2020-03-31,1,,,,,,,,,,,,,,,,,,,,,,,,,,,,,80.00,,,,8127735,286801,,false,false,12,2019-04-01,2020-03-31,-1
2020-07-31,19390,2021-03-31,1,,,,,,,,,,,,,,,,,,,,,,,,,,,,,80.00,,,,,,,false,true,12,2020-04-01,2021-03-31,0
2020-07-31,19390,2021-03-31,1,,,,,,,,,,,,,,,,,,,,,,,,,,,,,,,,,8127735,286994,7840863,false,false,3,2020-04-01,2020-06-30,0
2020-07-31,19390,2020-03-31,1,,,,,,,,,,,,,,,,,,,,,,,,,,,,,,,,,,,7842016,false,false,3,2019-04-01,2019-06-30,-1
2020-07-31,19390,2021-03-31,,85000000000,,,,,,3000000000,,3500000000,,,2300000000,,293.34,,,,,,,,,,,,,,,,,,,,,,true,true,12,2020-04-01,2021-03-31,0
2020-07-31,19390,2020-03-31,,82728000000,,,,,,3418000000,,3906000000,,,2289000000,,291.99,,,,,,,,,,,,,,,,,,,,,,true,false,12,2019-04-01,2020-03-31,-1
2020-07-31,19390,2021-03-31,,73000000000,,,,,,1700000000,,2400000000,,1700000000,,,216.81,,,,,,,,,,,,,,,,,,,,,,false,true,12,2020-04-01,2021-03-31,0
2020-07-31,19390,2020-03-31,,71087000000,,,,,,1752000000,,2594000000,,1671000000,,,213.19,,,,,,,,,,,,,,,,,,,,,,false,false,12,2019-04-01,2020-03-31,-1
2020-10-30,19390,2021-03-31,2,39659000000,0.136,,,,,2126000000,0.747,2317000000,0.574,,1427000000,,181.95,,,,,,85074000000,48178000000,0.566,,48145000000,,,,,,,,,,,,true,false,6,2020-04-01,2020-09-30,0
2020-10-30,19390,2020-03-31,2,34908000000,-0.008,,,,,1217000000,0.729,1472000000,0.561,,633000000,,80.79,,,,,,,,,,,,,,,,,,,,,,true,false,6,2019-04-01,2019-09-30,-1
2020-10-30,19390,2021-03-31,2,85000000000,0.027,,,,,3000000000,-0.122,3500000000,-0.104,,2300000000,,293.23,,,,,,,,,,,,,,,,,,,,,,true,true,12,2020-04-01,2021-03-31,0
2020-10-30,19390,2020-03-31,2,,,,,,,,,,,,,,,,,,,,88101000000,46511000000,0.528,,46511000000,,,,,,,,,,,,true,false,12,2019-04-01,2020-03-31,-1
2020-10-30,19390,2020-03-31,2,,,,,,,,,,,,,,,,,,,,,,,,,,,,,80.00,,,,8127735,286801,,false,false,12,2019-04-01,2020-03-31,-1
2020-10-30,19390,2021-03-31,2,,,,,,,,,,,,,,,,,,,,,,,,,,,,,40.00,,,,,,,false,false,12,2020-04-01,2021-03-31,0
2020-10-30,19390,2021-03-31,2,,,,,,,,,,,,,,,,,,,,,,,,,,,,,80.00,,,,,,,false,true,12,2020-04-01,2021-03-31,0
2020-10-30,19390,2021-03-31,2,,,,,,,,,,,,,,,,,,,,,,,,,,,,,,,,,8127735,279695,7843646,false,false,6,2020-04-01,2020-09-30,0
2020-10-30,19390,2020-03-31,2,,,,,,,,,,,,,,,,,,,,,,,,,,,,,,,,,,,7841872,false,false,6,2019-04-01,2019-09-30,-1
2021-01-29,19390,2021-03-31,3,60691000000,0.134,,,,,3282000000,3.673,3545000000,2.391,,2364000000,,301.39,,,,,,90125000000,48803000000,0.541,,48767000000,,,,,,,,,,,,true,false,9,2020-04-01,2020-12-31,0
2021-01-29,19390,2020-03-31,3,53497000000,-0.031,,,,,702000000,-0.431,1045000000,-0.433,,456000000,,58.24,,,,,,,,,,,,,,,,,,,,,,true,false,9,2019-04-01,2019-12-31,-1
2021-01-29,19390,2021-03-31,3,88000000000,0.064,,,,,4200000000,0.229,4600000000,0.177,,3000000000,,382.40,,,,,,,,,,,,,,,,,,,,,,true,true,12,2020-04-01,2021-03-31,0
2021-01-29,19390,2020-03-31,3,,,,,,,,,,,,,,,,,,,,88101000000,46511000000,0.528,,46511000000,,,,,,,,,,,,true,false,12,2019-04-01,2020-03-31,-1
2021-01-29,19390,2020-03-31,3,,,,,,,,,,,,,,,,,,,,,,,,,,,,,80.00,,,,8127735,286801,,false,false,12,2019-04-01,2020-03-31,-1
2021-01-29,19390,2021-03-31,3,,,,,,,,,,,,,,,,,,,,,,,,,,,,,40.00,,,,,,,false,false,12,2020-04-01,2021-03-31,0
2021-01-29,19390,2021-03-31,3,,,,,,,,,,,,,,,,,,,,,,,,,,,,,100.00,,,,,,,false,true,12,2020-04-01,2021-03-31,0
2021-01-29,19390,2021-03-31,3,,,,,,,,,,,,,,,,,,,,,,,,,,,,,,,,,8127735,279875,7845101,false,false,9,2020-04-01,2020-12-31,0
2021-01-29,19390,2020-03-31,3,,,,,,,,,,,,,,,,,,,,,,,,,,,,,,,,,,,7841743,false,false,9,2019-04-01,2019-12-31,-1
2021-01-29,19390,2021-03-31,,88000000000,0.035,,,,,4200000000,0.400,4600000000,0.314,,3000000000,,382.40,,,,,,,,,,,,,,,,,,,,,,true,true,12,2020-04-01,2021-03-31,0
2021-01-29,19390,2020-03-31,,82728000000,,,,,,3418000000,,3906000000,,,2289000000,,291.99,,,,,,,,,,,,,,,,,,,,,,true,false,12,2019-04-01,2020-03-31,-1
2021-01-29,19390,2021-03-31,,75000000000,0.027,,,,,2400000000,0.412,3100000000,0.292,2200000000,,0.294,280.43,,,,,,,,,,,,,,,100.00,,,,,,,false,true,12,2020-04-01,2021-03-31,0
2021-01-29,19390,2020-03-31,,71087000000,,,,,,1752000000,,2594000000,,1671000000,,,213.19,,,,,,,,,,,,,,,80.00,,,,,,,false,false,12,2019-04-01,2020-03-31,-1
2021-01-29,19390,2021-03-31,,,,,,,,,,,,,,,,,,,,,,,,,,,,,,40.00,,,,,,,false,false,12,2020-04-01,2021-03-31,0
2021-04-28,19390,2021-03-31,,89629000000,0.083,,,,,5089000000,0.489,5563000000,0.424,,3652000000,,465.49,,0.075,0.059,0.057,,98998000000,51567000000,0.520,6565.91,51526000000,9422000000,-1747000000,-2371000000,13318000000,,0.215,,,,,,true,false,12,2020-04-01,2021-03-31,0
2021-04-28,19390,2020-03-31,,82728000000,0.029,,,,,3418000000,0.163,3906000000,0.032,,2289000000,,291.99,,0.049,0.044,0.041,,88101000000,46511000000,0.528,5931.85,46511000000,-2610000000,-2179000000,-1399000000,7774000000,,0.274,,,,,,true,false,12,2019-04-01,2020-03-31,-1
2021-04-28,19390,2022-03-31,,90000000000,0.004,,,,,5000000000,-0.018,5500000000,-0.011,,3700000000,,471.48,,,,,,,,,,,,,,,,,,,,,,true,true,12,2021-04-01,2022-03-31,1
2021-04-28,19390,2021-03-31,,76412000000,0.075,,,,,2997000000,0.711,3750000000,0.446,2695000000,,0.612,343.57,,,,,,77709000000,45655000000,0.588,5817.73,45655000000,,,,,100.00,,,,8127735,280150,7845743,false,false,12,2020-04-01,2021-03-31,0
2021-04-28,19390,2020-03-31,,71087000000,-0.027,,,,,1752000000,0.007,2594000000,0.045,1671000000,,0.052,213.19,,,,,,69446000000,42518000000,0.612,5422.67,42518000000,,,,,80.00,,,,8127735,286801,7841578,false,false,12,2019-04-01,2020-03-31,-1
2021-04-28,19390,2022-03-31,,77000000000,0.008,,,,,3000000000,0.001,3800000000,0.013,2700000000,,0.002,344.05,,,,,,,,,,,,,,,120.00,,,,,,,false,true,12,2021-04-01,2022-03-31,1
2021-07-30,19390,2022-03-31,1,25802000000,0.314,,,,,1803000000,0.622,1921000000,0.636,,1123000000,,143.22,,,,,,89817000000,52163000000,0.580,,52128000000,,,,,,,,,,,,true,false,3,2021-04-01,2021-06-30,0
2021-07-30,19390,2021-03-31,1,19634000000,0.106,,,,,1111000000,0.255,1174000000,0.162,,723000000,,92.23,,,,,,,,,,,,,,,,,,,,,,true,false,3,2020-04-01,2020-06-30,-1
2021-07-30,19390,2022-03-31,1,90000000000,0.004,,,,,5000000000,-0.018,5500000000,-0.011,,3700000000,,235.74,,,,,,,,,,,,,,,,,,,,,,true,true,12,2021-04-01,2022-03-31,0
2021-07-30,19390,2021-03-31,1,,,,,,,,,,,,,,,,,,,,98998000000,51567000000,0.520,,51526000000,,,,,,,,,,,,true,false,12,2020-04-01,2021-03-31,-1
2021-07-30,19390,2021-03-31,1,,,,,,,,,,,,,,,,,,,,,,,,,,,,,100.00,,,,8127735,280150,,false,false,12,2020-04-01,2021-03-31,-1
2021-07-30,19390,2022-03-31,1,,,,,,,,,,,,,,,,,,,,,,,,,,,,,35.00,,,,,,,false,true,12,2021-04-01,2022-03-31,0
2021-07-30,19390,2022-03-31,1,,,,,,,,,,,,,,,,,,,,,,,,,,,,,,,,,8127735,280442,7847438,false,false,3,2021-04-01,2021-06-30,0
2021-07-30,19390,2021-03-31,1,,,,,,,,,,,,,,,,,,,,,,,,,,,,,,,,,,,7840863,false,false,3,2020-04-01,2020-06-30,-1
,19390,2022-03-31,,,,,,,,,,,,,,,,,,,,,,,,,,,,,,35.00,,,,,,,false,true,12,2021-04-01,2022-03-31,0
,19390,2021-03-31,,,,,,,,,,,,,,,,,,,,,,,,,,,,,,100.00,,,,,,,false,false,12,2020-04-01,2021-03-31,-1
2021-10-29,19390,2022-03-31,2,45491000000,0.147,,,,,2920000000,0.373,3240000000,0.398,,1976000000,,125.85,,,,,,88324000000,53125000000,0.601,,53082000000,,,,,,,,,,,,true,false,6,2021-04-01,2021-09-30,0
2021-10-29,19390,2021-03-31,2,39659000000,0.136,,,,,2126000000,0.747,2317000000,0.574,,1427000000,,90.97,,,,,,,,,,,,,,,,,,,,,,true,false,6,2020-04-01,2020-09-30,-1
2021-10-29,19390,2022-03-31,2,90000000000,0.004,,,,,5000000000,-0.018,5500000000,-0.011,,3700000000,,235.60,,,,,,,,,,,,,,,,,,,,,,true,true,12,2021-04-01,2022-03-31,0
2021-10-29,19390,2021-03-31,2,,,,,,,,,,,,,,,,,,,,98998000000,51567000000,0.520,,51526000000,,,,,,,,,,,,true,false,12,2020-04-01,2021-03-31,-1
2021-10-29,19390,2021-03-31,2,,,,,,,,,,,,,,,,,,,,,,,,,,,,,100.00,,,,16255470,560300,,false,false,12,2020-04-01,2021-03-31,-1
2021-10-29,19390,2022-03-31,2,,,,,,,,,,,,,,,,,,,,,,,,,,,,,70.00,,,,,,,false,false,12,2021-04-01,2022-03-31,0
2021-10-29,19390,2022-03-31,2,,,,,,,,,,,,,,,,,,,,,,,,,,,,,35.00,,,,,,,false,true,12,2021-04-01,2022-03-31,0
2021-10-29,19390,2022-03-31,2,,,,,,,,,,,,,,,,,,,,,,,,,,,,,,,,,16255470,535874,15704693,false,false,6,2021-04-01,2021-09-30,0
2021-10-29,19390,2021-03-31,2,,,,,,,,,,,,,,,,,,,,,,,,,,,,,,,,,,,15687292,false,false,6,2020-04-01,2020-09-30,-1
2022-01-31,19390,2022-03-31,3,66238000000,0.091,,,,,3922000000,0.195,4347000000,0.226,,2694000000,,171.52,,,,,,91355000000,53024000000,0.580,,52977000000,,,,,,,,,,,,true,false,9,2021-04-01,2021-12-31,0
2022-01-31,19390,2021-03-31,3,60691000000,0.134,,,,,3282000000,3.673,3545000000,2.391,,2364000000,,150.69,,,,,,,,,,,,,,,,,,,,,,true,false,9,2020-04-01,2020-12-31,-1
2022-01-31,19390,2022-03-31,3,90000000000,0.004,,,,,5000000000,-0.018,5500000000,-0.011,,3700000000,,235.52,,,,,,,,,,,,,,,,,,,,,,true,true,12,2021-04-01,2022-03-31,0
2022-01-31,19390,2021-03-31,3,,,,,,,,,,,,,,,,,,,,98998000000,51567000000,0.520,,51526000000,,,,,,,,,,,,true,false,12,2020-04-01,2021-03-31,-1
2022-01-31,19390,2021-03-31,3,,,,,,,,,,,,,,,,,,,,,,,,,,,,,100.00,,,,16255470,560300,,false,false,12,2020-04-01,2021-03-31,-1
2022-01-31,19390,2022-03-31,3,,,,,,,,,,,,,,,,,,,,,,,,,,,,,70.00,,,,,,,false,false,12,2021-04-01,2022-03-31,0
2022-01-31,19390,2022-03-31,3,,,,,,,,,,,,,,,,,,,,,,,,,,,,,35.00,,,,,,,false,true,12,2021-04-01,2022-03-31,0
2022-01-31,19390,2022-03-31,3,,,,,,,,,,,,,,,,,,,,,,,,,,,,,,,,,16255470,536141,15709652,false,false,9,2021-04-01,2021-12-31,0
2022-01-31,19390,2021-03-31,3,,,,,,,,,,,,,,,,,,,,,,,,,,,,,,,,,,,15690202,false,false,9,2020-04-01,2020-12-31,-1
2022-03-18,19390,2022-03-31,,92000000000,0.022,,,,,5500000000,0.100,6000000000,0.091,,3800000000,,241.86,,,,,,,,,,,,,,,,,,,,,,true,true,12,2021-04-01,2022-03-31,0
2022-03-18,19390,2021-03-31,,89629000000,,,,,,5089000000,,5563000000,,,3652000000,,232.74,,,,,,,,,,,,,,,,,,,,,,true,false,12,2020-04-01,2021-03-31,-1
2022-03-18,19390,2022-03-31,,78000000000,0.013,,,,,3600000000,0.200,4600000000,0.211,3200000000,,0.185,203.67,,,,,,,,,,,,,,,45.00,,,,,,,false,true,12,2021-04-01,2022-03-31,0
2022-03-18,19390,2021-03-31,,76412000000,,,,,,2997000000,,3750000000,,2695000000,,,171.78,,,,,,,,,,,,,,,100.00,,,,,,,false,false,12,2020-04-01,2021-03-31,-1
2022-03-18,19390,2022-03-31,,,,,,,,,,,,,,,,,,,,,,,,,,,,,,70.00,,,,,,,false,false,12,2021-04-01,2022-03-31,0
2022-04-27,19390,2022-03-31,,92648000000,0.034,,,,,5415000000,0.064,6145000000,0.105,,3779000000,,240.53,,0.072,0.063,0.058,,96517000000,54175000000,0.561,3443.05,54122000000,9918000000,-1586000000,-2554000000,19095000000,,0.374,,,,,,true,false,12,2021-04-01,2022-03-31,0
2022-04-27,19390,2021-03-31,,89629000000,0.083,,,,,5089000000,0.489,5563000000,0.424,,3652000000,,232.74,,0.075,0.059,0.057,,98998000000,51567000000,0.520,3282.96,51526000000,9422000000,-1747000000,-2371000000,13318000000,,0.215,,,,,,true,false,12,2020-04-01,2021-03-31,-1
2022-04-27,19390,2023-03-31,,93000000000,0.004,,,,,5000000000,-0.077,5400000000,-0.121,,3500000000,,222.66,,,,,,,,,,,,,,,,0.404,,,,,,true,true,12,2022-04-01,2023-03-31,1
2022-04-27,19390,2022-03-31,,77965000000,0.020,,,,,3675000000,0.226,4802000000,0.280,3268000000,,0.213,208.05,,,,,,77642000000,47475000000,0.611,3020.19,47475000000,,,,,55.00,,,,16255470,536121,15712040,false,false,12,2021-04-01,2022-03-31,0
2022-04-27,19390,2021-03-31,,76412000000,0.075,,,,,2997000000,0.711,3750000000,0.446,2695000000,,0.612,171.78,,,,,,77709000000,45655000000,0.588,2908.87,45655000000,,,,,100.00,,,,16255470,560300,15691487,false,false,12,2020-04-01,2021-03-31,-1
2022-04-27,19390,2023-03-31,,78000000000,0.000,,,,,3300000000,-0.102,4000000000,-0.167,2800000000,,-0.143,178.12,,,,,,,,,,,,,,,90.00,,,,,,,false,true,12,2022-04-01,2023-03-31,1
2022-07-29,19390,2023-03-31,1,19061000000,-0.261,,,,,773000000,-0.571,866000000,-0.549,,535000000,,34.07,,,,,,90480000000,53837000000,0.595,,53799000000,,,,,,,,,,,,true,false,3,2022-04-01,2022-06-30,0
2022-07-29,19390,2022-03-31,1,25802000000,0.314,,,,,1803000000,0.622,1921000000,0.636,,1123000000,,71.61,,,,,,,,,,,,,,,,,,,,,,true,false,3,2021-04-01,2021-06-30,-1
2022-07-29,19390,2023-03-31,1,93000000000,0.004,,,,,5000000000,-0.077,5400000000,-0.121,,3500000000,,222.66,,,,,,,,,,,,,,,,,,,,,,true,true,12,2022-04-01,2023-03-31,0
2022-07-29,19390,2022-03-31,1,,,,,,,,,,,,,,,,,,,,96517000000,54175000000,0.561,,54122000000,,,,,,,,,,,,true,false,12,2021-04-01,2022-03-31,-1
2022-07-29,19390,2022-03-31,1,,,,,,,,,,,,,,,,,,,,,,,,,,,,,55.00,,,,16255470,536121,,false,false,12,2021-04-01,2022-03-31,-1
2022-07-29,19390,2023-03-31,1,,,,,,,,,,,,,,,,,,,,,,,,,,,,,90.00,,,,,,,false,true,12,2022-04-01,2023-03-31,0
2022-07-29,19390,2023-03-31,1,,,,,,,,,,,,,,,,,,,,,,,,,,,,,,,,,16255470,536373,15719210,false,false,3,2022-04-01,2022-06-30,0
2022-07-29,19390,2022-03-31,1,,,,,,,,,,,,,,,,,,,,,,,,,,,,,,,,,,,15694876,false,false,3,2021-04-01,2021-06-30,-1
2022-10-31,19390,2023-03-31,2,38809000000,-0.147,,,,,1430000000,-0.510,1689000000,-0.479,,1061000000,,67.49,,,,,,88274000000,54129000000,0.613,,54081000000,,,,,,,,,,,,true,false,6,2022-04-01,2022-09-30,0
2022-10-31,19390,2022-03-31,2,45491000000,0.147,,,,,2920000000,0.373,3240000000,0.398,,1976000000,,125.85,,,,,,,,,,,,,,,,,,,,,,true,false,6,2021-04-01,2021-09-30,-1
2022-10-31,19390,2023-03-31,2,93000000000,0.004,,,,,5000000000,-0.077,5400000000,-0.121,,3500000000,,222.52,,,,,,,,,,,,,,,,,,,,,,true,true,12,2022-04-01,2023-03-31,0
2022-10-31,19390,2022-03-31,2,,,,,,,,,,,,,,,,,,,,96517000000,54175000000,0.561,,54122000000,,,,,,,,,,,,true,false,12,2021-04-01,2022-03-31,-1
2022-10-31,19390,2022-03-31,2,,,,,,,,,,,,,,,,,,,,,,,,,,,,,55.00,,,,16255470,536121,,false,false,12,2021-04-01,2022-03-31,-1
2022-10-31,19390,2023-03-31,2,,,,,,,,,,,,,,,,,,,,,,,,,,,,,45.00,,,,,,,false,false,12,2022-04-01,2023-03-31,0
2022-10-31,19390,2023-03-31,2,,,,,,,,,,,,,,,,,,,,,,,,,,,,,90.00,,,,,,,false,true,12,2022-04-01,2023-03-31,0
2022-10-31,19390,2023-03-31,2,,,,,,,,,,,,,,,,,,,,,,,,,,,,,,,,,16255470,510573,15729165,false,false,6,2022-04-01,2022-09-30,0
2022-10-31,19390,2022-03-31,2,,,,,,,,,,,,,,,,,,,,,,,,,,,,,,,,,,,15704693,false,false,6,2021-04-01,2021-09-30,-1
2023-01-31,19390,2023-03-31,3,59890000000,-0.096,,,,,2138000000,-0.455,2606000000,-0.400,,1857000000,,118.07,,,,,,91475000000,54093000000,0.591,,54042000000,,,,,,,,,,,,true,false,9,2022-04-01,2022-12-31,0
2023-01-31,19390,2022-03-31,3,66238000000,0.091,,,,,3922000000,0.195,4347000000,0.226,,2694000000,,171.52,,,,,,,,,,,,,,,,,,,,,,true,false,9,2021-04-01,2021-12-31,-1
2023-01-31,19390,2023-03-31,3,93000000000,0.004,,,,,5000000000,-0.077,5400000000,-0.121,,3500000000,,222.44,,,,,,,,,,,,,,,,,,,,,,true,true,12,2022-04-01,2023-03-31,0
2023-01-31,19390,2022-03-31,3,,,,,,,,,,,,,,,,,,,,96517000000,54175000000,0.561,,54122000000,,,,,,,,,,,,true,false,12,2021-04-01,2022-03-31,-1
2023-01-31,19390,2022-03-31,3,,,,,,,,,,,,,,,,,,,,,,,,,,,,,55.00,,,,16255470,536121,,false,false,12,2021-04-01,2022-03-31,-1
2023-01-31,19390,2023-03-31,3,,,,,,,,,,,,,,,,,,,,,,,,,,,,,45.00,,,,,,,false,false,12,2022-04-01,2023-03-31,0
2023-01-31,19390,2023-03-31,3,,,,,,,,,,,,,,,,,,,,,,,,,,,,,90.00,,,,,,,false,true,12,2022-04-01,2023-03-31,0
2023-01-31,19390,2023-03-31,3,,,,,,,,,,,,,,,,,,,,,,,,,,,,,,,,,16255470,510593,15734424,false,false,9,2022-04-01,2022-12-31,0
2023-01-31,19390,2022-03-31,3,,,,,,,,,,,,,,,,,,,,,,,,,,,,,,,,,,,15709652,false,false,9,2021-04-01,2021-12-31,-1
2023-04-27,19390,2023-03-31,,89120000000,-0.038,,,,,4970000000,-0.082,5567000000,-0.094,,3764000000,,239.24,,0.068,0.058,0.056,,97069000000,55908000000,0.575,3547.30,55851000000,3809000000,148000000,-3134000000,19917000000,,0.376,,,,,,true,false,12,2022-04-01,2023-03-31,0
2023-04-27,19390,2022-03-31,,92648000000,0.034,,,,,5415000000,0.064,6145000000,0.105,,3779000000,,240.53,,0.072,0.063,0.058,,96517000000,54175000000,0.561,3443.05,54122000000,9918000000,-1586000000,-2554000000,19095000000,,0.374,,,,,,true,false,12,2021-04-01,2022-03-31,-1
2023-04-27,19390,2024-03-31,,97000000000,0.088,,,,,5500000000,0.106,6000000000,0.078,,3900000000,,247.70,,,,,,,,,,,,,,,,0.404,,,,,,true,true,12,2023-04-01,2024-03-31,1
2023-04-27,19390,2023-03-31,,74399000000,-0.046,,,,,3128000000,-0.149,4049000000,-0.157,3055000000,,-0.065,194.17,,,,,,79108000000,48611000000,0.614,3087.44,48611000000,,,,,90.00,,,,16255470,510615,15737001,false,false,12,2022-04-01,2023-03-31,0
2023-04-27,19390,2022-03-31,,77965000000,0.020,,,,,3675000000,0.226,4802000000,0.280,3268000000,,0.213,208.05,,,,,,77642000000,47475000000,0.611,3020.19,47475000000,,,,,55.00,,,,16255470,536121,15712040,false,false,12,2021-04-01,2022-03-31,-1
2023-04-27,19390,2024-03-31,,82000000000,0.102,,,,,3400000000,0.087,4100000000,0.013,2800000000,,-0.084,177.84,,,,,,,,,,,,,,,100.00,,,,,,,false,true,12,2023-04-01,2024-03-31,1
2023-07-31,19390,2024-03-31,1,20284000000,0.064,,,,,1149000000,0.485,1239000000,0.430,,803000000,,51.02,,,,,,93290000000,56708000000,0.607,,56668000000,,,,,,,,,,,,true,false,3,2023-04-01,2023-06-30,0
2023-07-31,19390,2023-03-31,1,19061000000,-0.261,,,,,773000000,-0.571,866000000,-0.549,,535000000,,34.07,,,,,,,,,,,,,,,,,,,,,,true,false,3,2022-04-01,2022-06-30,-1
2023-07-31,19390,2024-03-31,1,97000000000,0.088,,,,,5500000000,0.106,6000000000,0.078,,3900000000,,247.70,,,,,,,,,,,,,,,,,,,,,,true,true,12,2023-04-01,2024-03-31,0
2023-07-31,19390,2023-03-31,1,,,,,,,,,,,,,,,,,,,,97069000000,55908000000,0.575,,55851000000,,,,,,,,,,,,true,false,12,2022-04-01,2023-03-31,-1
2023-07-31,19390,2023-03-31,1,,,,,,,,,,,,,,,,,,,,,,,,,,,,,90.00,,,,16255470,510615,,false,false,12,2022-04-01,2023-03-31,-1
2023-07-31,19390,2024-03-31,1,,,,,,,,,,,,,,,,,,,,,,,,,,,,,100.00,,,,,,,false,true,12,2023-04-01,2024-03-31,0
2023-07-31,19390,2024-03-31,1,,,,,,,,,,,,,,,,,,,,,,,,,,,,,,,,,16255470,510697,15744809,false,false,3,2023-04-01,2023-06-30,0
2023-07-31,19390,2023-03-31,1,,,,,,,,,,,,,,,,,,,,,,,,,,,,,,,,,,,15719210,false,false,3,2022-04-01,2022-06-30,-1
,19390,2024-03-31,,,,,,,,,,,,,,,,,,,,,,,,,,,,,,120.00,,,,,,,false,true,12,2023-04-01,2024-03-31,0
,19390,2023-03-31,,,,,,,,,,,,,,,,,,,,,,,,,,,,,,90.00,,,,,,,false,false,12,2022-04-01,2023-03-31,-1
2023-10-31,19390,2024-03-31,2,41024000000,0.057,,,,,3005000000,1.101,3238000000,0.917,,2138000000,,135.76,,,,,,93327000000,58278000000,0.624,,58233000000,,,,,,,,,,,,true,false,6,2023-04-01,2023-09-30,0
2023-10-31,19390,2023-03-31,2,38809000000,-0.147,,,,,1430000000,-0.510,1689000000,-0.479,,1061000000,,67.49,,,,,,,,,,,,,,,,,,,,,,true,false,6,2022-04-01,2022-09-30,-1
2023-10-31,19390,2024-03-31,2,97000000000,0.088,,,,,5500000000,0.106,6000000000,0.078,,3900000000,,247.56,,,,,,,,,,,,,,,,,,,,,,true,true,12,2023-04-01,2024-03-31,0
2023-10-31,19390,2023-03-31,2,,,,,,,,,,,,,,,,,,,,97069000000,55908000000,0.575,,55851000000,,,,,,,,,,,,true,false,12,2022-04-01,2023-03-31,-1
2023-10-31,19390,2023-03-31,2,,,,,,,,,,,,,,,,,,,,,,,,,,,,,90.00,,,,16255470,510615,,false,false,12,2022-04-01,2023-03-31,-1
2023-10-31,19390,2024-03-31,2,,,,,,,,,,,,,,,,,,,,,,,,,,,,,60.00,,,,,,,false,false,12,2023-04-01,2024-03-31,0
2023-10-31,19390,2024-03-31,2,,,,,,,,,,,,,,,,,,,,,,,,,,,,,120.00,,,,,,,false,true,12,2023-04-01,2024-03-31,0
2023-10-31,19390,2024-03-31,2,,,,,,,,,,,,,,,,,,,,,,,,,,,,,,,,,16255470,488629,15753555,false,false,6,2023-04-01,2023-09-30,0
2023-10-31,19390,2023-03-31,2,,,,,,,,,,,,,,,,,,,,,,,,,,,,,,,,,,,15729165,false,false,6,2022-04-01,2022-09-30,-1
2024-01-31,19390,2024-03-31,3,63061000000,0.053,,,,,4352000000,1.036,4654000000,0.786,,3062000000,,194.35,,,,,,95029000000,58469000000,0.615,,58420000000,,,,,,,,,,,,true,false,9,2023-04-01,2023-12-31,0
2024-01-31,19390,2023-03-31,3,59890000000,-0.096,,,,,2138000000,-0.455,2606000000,-0.400,,1857000000,,118.07,,,,,,,,,,,,,,,,,,,,,,true,false,9,2022-04-01,2022-12-31,-1
2024-01-31,19390,2024-03-31,3,91000000000,0.021,,,,,6000000000,0.207,6500000000,0.167,,4200000000,,266.53,,,,,,,,,,,,,,,,,,,,,,true,true,12,2023-04-01,2024-03-31,0
2024-01-31,19390,2023-03-31,3,,,,,,,,,,,,,,,,,,,,97069000000,55908000000,0.575,,55851000000,,,,,,,,,,,,true,false,12,2022-04-01,2023-03-31,-1
2024-01-31,19390,2023-03-31,3,,,,,,,,,,,,,,,,,,,,,,,,,,,,,90.00,,,,16255470,510615,,false,false,12,2022-04-01,2023-03-31,-1
2024-01-31,19390,2024-03-31,3,,,,,,,,,,,,,,,,,,,,,,,,,,,,,60.00,,,,,,,false,false,12,2023-04-01,2024-03-31,0
2024-01-31,19390,2024-03-31,3,,,,,,,,,,,,,,,,,,,,,,,,,,,,,140.00,,,,,,,false,true,12,2023-04-01,2024-03-31,0
2024-01-31,19390,2024-03-31,3,,,,,,,,,,,,,,,,,,,,,,,,,,,,,,,,,16255470,488913,15757970,false,false,9,2023-04-01,2023-12-31,0
2024-01-31,19390,2023-03-31,3,,,,,,,,,,,,,,,,,,,,,,,,,,,,,,,,,,,15734424,false,false,9,2022-04-01,2022-12-31,-1
2024-01-31,19390,2024-03-31,,91000000000,-0.062,,,,,6000000000,0.091,6500000000,0.083,,4200000000,,266.53,,,,,,,,,,,,,,,,,,,,,,true,true,12,2023-04-01,2024-03-31,0
2024-01-31,19390,2023-03-31,,89120000000,,,,,,4970000000,,5567000000,,,3764000000,,239.24,,,,,,,,,,,,,,,,,,,,,,true,false,12,2022-04-01,2023-03-31,-1
2024-01-31,19390,2024-03-31,,76000000000,-0.073,,,,,3700000000,0.088,4500000000,0.098,3200000000,,0.143,203.07,,,,,,,,,,,,,,,140.00,,,,,,,false,true,12,2023-04-01,2024-03-31,0
2024-01-31,19390,2023-03-31,,74399000000,,,,,,3128000000,,4049000000,,3055000000,,,194.17,,,,,,,,,,,,,,,90.00,,,,,,,false,false,12,2022-04-01,2023-03-31,-1
2024-01-31,19390,2024-03-31,,,,,,,,,,,,,,,,,,,,,,,,,,,,,,60.00,,,,,,,false,false,12,2023-04-01,2024-03-31,0
2024-04-26,19390,2024-03-31,,92112000000,0.034,,,,,6444000000,0.296,7012000000,0.260,,4571000000,,290.12,,0.078,0.070,0.070,,103205000000,61796000000,0.598,3921.60,61741000000,6037000000,-598000000,-3106000000,22306000000,,0.483,,,,,,true,false,12,2023-04-01,2024-03-31,0
2024-04-26,19390,2023-03-31,,89120000000,-0.038,,,,,4970000000,-0.082,5567000000,-0.094,,3764000000,,239.24,,0.068,0.058,0.056,,97069000000,55908000000,0.575,3547.30,55851000000,3809000000,148000000,-3134000000,19917000000,,0.376,,,,,,true,false,12,2022-04-01,2023-03-31,-1
2024-04-26,19390,2025-03-31,,100000000000,0.086,,,,,6000000000,-0.069,6500000000,-0.073,,4000000000,,254.07,,,,,,,,,,,,,,,,0.551,,,,,,true,true,12,2024-04-01,2025-03-31,1
2024-04-26,19390,2024-03-31,,77207000000,0.038,,,,,4113000000,0.315,4990000000,0.232,3504000000,,0.147,222.39,,,,,,84886000000,52595000000,0.620,3340.67,52595000000,,,,,140.00,,,,16255470,511569,15758183,false,false,12,2023-04-01,2024-03-31,0
2024-04-26,19390,2023-03-31,,74399000000,-0.046,,,,,3128000000,-0.149,4049000000,-0.157,3055000000,,-0.065,194.17,,,,,,79108000000,48611000000,0.614,3087.44,48611000000,,,,,90.00,,,,16255470,510615,15737001,false,false,12,2022-04-01,2023-03-31,-1
2024-04-26,19390,2025-03-31,,86000000000,0.114,,,,,4300000000,0.045,4900000000,-0.018,3100000000,,-0.115,196.90,,,,,,,,,,,,,,,140.00,,,,,,,false,true,12,2024-04-01,2025-03-31,1
2024-07-31,19390,2025-03-31,1,23280000000,0.148,,,,,1790000000,0.558,1843000000,0.487,,1215000000,,77.21,,,,,,96134000000,61558000000,0.640,,61501000000,,,,,,,,,,,,true,false,3,2024-04-01,2024-06-30,0
2024-07-31,19390,2024-03-31,1,20284000000,0.064,,,,,1149000000,0.485,1239000000,0.430,,803000000,,51.02,,,,,,,,,,,,,,,,,,,,,,true,false,3,2023-04-01,2023-06-30,-1
2024-07-31,19390,2025-03-31,1,100000000000,0.086,,,,,6000000000,-0.069,6500000000,-0.073,,4000000000,,84.69,,,,,,,,,,,,,,,,,,,,,,true,true,12,2024-04-01,2025-03-31,0
2024-07-31,19390,2024-03-31,1,,,,,,,,,,,,,,,,,,,,103205000000,61796000000,0.598,,61741000000,,,,,,,,,,,,true,false,12,2023-04-01,2024-03-31,-1
2024-07-31,19390,2024-03-31,1,,,,,,,,,,,,,,,,,,,,,,,,,,,,,140.00,,,,16255470,511569,,false,false,12,2023-04-01,2024-03-31,-1
2024-07-31,19390,2025-03-31,1,,,,,,,,,,,,,,,,,,,,,,,,,,,,,25.00,,,,,,,false,true,12,2024-04-01,2025-03-31,0
2024-07-31,19390,2025-03-31,1,,,,,,,,,,,,,,,,,,,,,,,,,,,,,,,,,16255470,511749,15743805,false,false,3,2024-04-01,2024-06-30,0
2024-07-31,19390,2024-03-31,1,,,,,,,,,,,,,,,,,,,,,,,,,,,,,,,,,,,15744809,false,false,3,2023-04-01,2023-06-30,-1
2024-10-31,19390,2025-03-31,2,49618000000,0.209,,,,,4545000000,0.513,4768000000,0.472,,2745000000,,58.10,,,,,,91845000000,62900000000,0.684,,62830000000,,,,,,,,,,,,true,false,6,2024-04-01,2024-09-30,0
2024-10-31,19390,2024-03-31,2,41024000000,0.057,,,,,3005000000,1.101,3238000000,0.917,,2138000000,,45.25,,,,,,,,,,,,,,,,,,,,,,true,false,6,2023-04-01,2023-09-30,-1
2024-10-31,19390,2025-03-31,2,105000000000,0.140,,,,,7000000000,0.086,7500000000,0.070,,4600000000,,97.35,,,,,,,,,,,,,,,,,,,,,,true,true,12,2024-04-01,2025-03-31,0
2024-10-31,19390,2024-03-31,2,,,,,,,,,,,,,,,,,,,,103205000000,61796000000,0.598,,61741000000,,,,,,,,,,,,true,false,12,2023-04-01,2024-03-31,-1
2024-10-31,19390,2024-03-31,2,,,,,,,,,,,,,,,,,,,,,,,,,,,,,140.00,,,,48766410,1534707,,false,false,12,2023-04-01,2024-03-31,-1
2024-10-31,19390,2025-03-31,2,,,,,,,,,,,,,,,,,,,,,,,,,,,,,90.00,,,,,,,false,false,12,2024-04-01,2025-03-31,0
2024-10-31,19390,2025-03-31,2,,,,,,,,,,,,,,,,,,,,,,,,,,,,,30.00,,,,,,,false,true,12,2024-04-01,2025-03-31,0
2024-10-31,19390,2025-03-31,2,,,,,,,,,,,,,,,,,,,,,,,,,,,,,,,,,48766410,1487781,47250549,false,false,6,2024-04-01,2024-09-30,0
2024-10-31,19390,2024-03-31,2,,,,,,,,,,,,,,,,,,,,,,,,,,,,,,,,,,,47260667,false,false,6,2023-04-01,2023-09-30,-1
2024-10-31,19390,2025-03-31,,105000000000,0.050,,,,,7000000000,0.167,7500000000,0.154,,4600000000,,97.35,,,,,,,,,,,,,,,,,,,,,,true,true,12,2024-04-01,2025-03-31,0
2024-10-31,19390,2024-03-31,,92112000000,,,,,,6444000000,,7012000000,,,4571000000,,96.71,,,,,,,,,,,,,,,,,,,,,,true,false,12,2023-04-01,2024-03-31,-1
2024-10-31,19390,2025-03-31,,92000000000,0.070,,,,,5600000000,0.302,6100000000,0.245,3700000000,,0.194,78.31,,,,,,,,,,,,,,,30.00,,,,,,,false,true,12,2024-04-01,2025-03-31,0
2024-10-31,19390,2024-03-31,,77207000000,,,,,,4113000000,,4990000000,,3504000000,,,74.13,,,,,,,,,,,,,,,140.00,,,,,,,false,false,12,2023-04-01,2024-03-31,-1
2024-10-31,19390,2025-03-31,,,,,,,,,,,,,,,,,,,,,,,,,,,,,,90.00,,,,,,,false,false,12,2024-04-01,2025-03-31,0
2025-01-31,19390,2025-03-31,3,75112000000,0.191,,,,,6242000000,0.434,6513000000,0.399,,3920000000,,82.96,,,,,,93696000000,62726000000,0.669,,62653000000,,,,,,,,,,,,true,false,9,2024-04-01,2024-12-31,0
2025-01-31,19390,2024-03-31,3,63061000000,0.053,,,,,4352000000,1.036,4654000000,0.786,,3062000000,,64.78,,,,,,,,,,,,,,,,,,,,,,true,false,9,2023-04-01,2023-12-31,-1
2025-01-31,19390,2025-03-31,3,105000000000,0.140,,,,,7000000000,0.086,7500000000,0.070,,4600000000,,97.33,,,,,,,,,,,,,,,,,,,,,,true,true,12,2024-04-01,2025-03-31,0
2025-01-31,19390,2024-03-31,3,,,,,,,,,,,,,,,,,,,,103205000000,61796000000,0.598,,61741000000,,,,,,,,,,,,true,false,12,2023-04-01,2024-03-31,-1
2025-01-31,19390,2024-03-31,3,,,,,,,,,,,,,,,,,,,,,,,,,,,,,140.00,,,,48766410,1534707,,false,false,12,2023-04-01,2024-03-31,-1
2025-01-31,19390,2025-03-31,3,,,,,,,,,,,,,,,,,,,,,,,,,,,,,90.00,,,,,,,false,false,12,2024-04-01,2025-03-31,0
2025-01-31,19390,2025-03-31,3,,,,,,,,,,,,,,,,,,,,,,,,,,,,,30.00,,,,,,,false,true,12,2024-04-01,2025-03-31,0
2025-01-31,19390,2025-03-31,3,,,,,,,,,,,,,,,,,,,,,,,,,,,,,,,,,48766410,1487867,47259927,false,false,9,2024-04-01,2024-12-31,0
2025-01-31,19390,2024-03-31,3,,,,,,,,,,,,,,,,,,,,,,,,,,,,,,,,,,,47273910,false,false,9,2023-04-01,2023-12-31,-1
2025-04-24,19390,2025-03-31,,105800000000,0.008,,,,,8070000000,0.153,8530000000,0.137,,5170000000,,109.38,,,,,,,,,,,,,,,,,,,,,,true,true,12,2024-04-01,2025-03-31,0
2025-04-24,19390,2024-03-31,,92112000000,,,,,,6444000000,,7012000000,,,4571000000,,96.71,,,,,,,,,,,,,,,,,,,,,,true,false,12,2023-04-01,2024-03-31,-1
2025-04-24,19390,2025-03-31,,94100000000,0.023,,,,,6780000000,0.211,7250000000,0.189,4760000000,,0.286,100.71,,,,,,,,,,,,,,,35.00,,,,,,,false,true,12,2024-04-01,2025-03-31,0
2025-04-24,19390,2024-03-31,,77207000000,,,,,,4113000000,,4990000000,,3504000000,,,74.13,,,,,,,,,,,,,,,140.00,,,,,,,false,false,12,2023-04-01,2024-03-31,-1
2025-04-24,19390,2025-03-31,,,,,,,,,,,,,,,,,,,,,,,,,,,,,,90.00,,,,,,,false,false,12,2024-04-01,2025-03-31,0
2025-04-30,19390,2025-03-31,,105877000000,0.149,,,,,8073000000,0.253,8536000000,0.217,,5173000000,,109.46,,0.082,0.084,0.076,,99630000000,64890000000,0.651,1370.87,64812000000,-536000000,-1180000000,-4280000000,16308000000,,0.594,,,,,,true,false,12,2024-04-01,2025-03-31,0
2025-04-30,19390,2024-03-31,,92112000000,0.034,,,,,6444000000,0.296,7012000000,0.260,,4571000000,,96.71,,0.078,0.070,0.070,,103205000000,61796000000,0.598,1307.20,61741000000,6037000000,-598000000,-3106000000,22306000000,,0.483,,,,,,true,false,12,2023-04-01,2024-03-31,-1
2025-04-30,19390,2026-03-31,,100000000000,-0.056,,,,,7000000000,-0.133,7500000000,-0.121,,5000000000,,105.76,,,,,,,,,,,,,,,,0.615,,,,,,true,true,12,2025-04-01,2026-03-31,1
2025-04-30,19390,2025-03-31,,94108000000,0.219,,,,,6787000000,0.650,7250000000,0.453,4761000000,,0.359,100.74,,,,,,82510000000,54534000000,0.661,1153.48,54534000000,,,,,35.00,,,,48766410,1487869,47264517,false,false,12,2024-04-01,2025-03-31,0
2025-04-30,19390,2024-03-31,,77207000000,0.038,,,,,4113000000,0.315,4990000000,0.232,3504000000,,0.147,74.13,,,,,,84886000000,52595000000,0.620,1113.56,52595000000,,,,,140.00,,,,48766410,1534707,47274549,false,false,12,2023-04-01,2024-03-31,-1
2025-04-30,19390,2026-03-31,,84000000000,-0.107,,,,,5000000000,-0.263,5700000000,-0.214,4000000000,,-0.160,84.60,,,,,,,,,,,,,,,65.00,,,,,,,false,true,12,2025-04-01,2026-03-31,1
2025-07-31,19390,2026-03-31,1,20264000000,-0.130,,,,,1462000000,-0.183,1539000000,-0.165,,1051000000,,22.24,,,,,,90575000000,64357000000,0.710,,64273000000,,,,,,,,,,,,true,false,3,2025-04-01,2025-06-30,0
2025-07-31,19390,2025-03-31,1,23280000000,0.148,,,,,1790000000,0.558,1843000000,0.487,,1215000000,,25.74,,,,,,,,,,,,,,,,,,,,,,true,false,3,2024-04-01,2024-06-30,-1
2025-07-31,19390,2026-03-31,1,100000000000,-0.056,,,,,7000000000,-0.133,7500000000,-0.121,,5000000000,,105.76,,,,,,,,,,,,,,,,,,,,,,true,true,12,2025-04-01,2026-03-31,0
2025-07-31,19390,2025-03-31,1,,,,,,,,,,,,,,,,,,,,99630000000,64890000000,0.651,,64812000000,,,,,,,,,,,,true,false,12,2024-04-01,2025-03-31,-1
2025-07-31,19390,2025-03-31,1,,,,,,,,,,,,,,,,,,,,,,,,,,,,,35.00,,,,48766410,1487869,,false,false,12,2024-04-01,2025-03-31,-1
2025-07-31,19390,2026-03-31,1,,,,,,,,,,,,,,,,,,,,,,,,,,,,,65.00,,,,,,,false,true,12,2025-04-01,2026-03-31,0
2025-07-31,19390,2026-03-31,1,,,,,,,,,,,,,,,,,,,,,,,,,,,,,,,,,48766410,1487929,47278527,false,false,3,2025-04-01,2025-06-30,0
2025-07-31,19390,2025-03-31,1,,,,,,,,,,,,,,,,,,,,,,,,,,,,,,,,,,,47231416,false,false,3,2024-04-01,2024-06-30,-1
