filing_date,code,fiscal_year_end,quarterly_period,net_sales,net_sales_change,revenue,revenue_change,operating_revenue,operating_revenue_change,operating_profit,operating_profit_change,ordinary_profit,ordinary_profit_change,net_income,net_income_of_parent,net_income_change,eps,diluted_eps,roe,roa,operating_profit_to_net_sales,operating_profit_to_revenue,total_assets,net_assets,equity_ratio,bps,owner_equity,operating_cash_flow,investing_cash_flow,financing_cash_flow,cash,dividend_per_share,payout_ratio,commemorative_dividend,extra_dividend,number_of_shares,number_of_treqsury_shares,avg_number_of_shares,is_consolidated,is_forecast,duration,period_start,period_end,period_pos
2015-07-27,19410,2016-03-31,,64000000000,0.000,,,,,2900000000,0.208,5700000000,0.541,,4200000000,,71.25,,,,,,,,,,,,,,,,,,,,,,true,true,6,2015-04-01,2015-09-30,0
2015-07-27,19410,2015-03-31,,60950000000,,,,,,3055000000,,6701000000,,,4929000000,,83.81,,,,,,,,,,,,,,,,,,,,,,true,false,6,2014-04-01,2014-09-30,-1
2015-07-27,19410,2016-03-31,,142000000000,0.022,,,,,7700000000,0.222,11600000000,0.318,,7800000000,,132.31,,,,,,,,,,,,,,,,,,,,,,true,true,12,2015-04-01,2016-03-31,0
2015-07-27,19410,2015-03-31,,145547000000,,,,,,9430000000,,16130000000,,,10492000000,,178.29,,,,,,,,,,,,,,,,,,,,,,true,false,12,2014-04-01,2015-03-31,-1
2015-07-27,19410,2016-03-31,,58000000000,0.000,,,2600000000,0.130,,,5400000000,0.543,4100000000,,0.864,69.55,,,,,,,,,,,,,,,,,,,,,,false,true,6,2015-04-01,2015-09-30,0
2015-07-27,19410,2015-03-31,,56201000000,,,,2672000000,,,,6344000000,,4855000000,,,82.56,,,,,,,,,,,,,,,,,,,,,,false,false,6,2014-04-01,2014-09-30,-1
2015-07-27,19410,2016-03-31,,129000000000,0.024,,,,,7000000000,0.228,10900000000,0.329,7400000000,,0.451,125.53,,,,,,,,,,,,,,,,,,,,,,false,true,12,2015-04-01,2016-03-31,0
2015-07-27,19410,2015-03-31,,133944000000,,,,,,8213000000,,14919000000,,10054000000,,,170.84,,,,,,,,,,,,,,,,,,,,,,false,false,12,2014-04-01,2015-03-31,-1
2015-07-29,19410,2016-03-31,1,26561000000,0.010,,,,,1444000000,0.995,3798000000,1.097,,2955000000,,50.17,50.06,,,,,251565000000,217147000000,0.856,,215433000000,,,,,,,,,,,,true,false,3,2015-04-01,2015-06-30,0
2015-07-29,19410,2015-03-31,1,26286000000,0.197,,,,,724000000,0.674,1811000000,-0.327,,1316000000,,22.39,22.34,,,,,,,,,,,,,,,,,,,,,true,false,3,2014-04-01,2014-06-30,-1
2015-07-29,19410,2016-03-31,1,64000000000,0.050,,,,,2900000000,-0.051,5700000000,-0.149,,4200000000,,71.25,,,,,,,,,,,,,,,,,,,,,,true,true,6,2015-04-01,2015-09-30,0
2015-07-29,19410,2016-03-31,1,142000000000,-0.024,,,,,7700000000,-0.183,11600000000,-0.281,,7800000000,,132.31,,,,,,,,,,,,,,,,,,,,,,true,true,12,2015-04-01,2016-03-31,0
2015-07-29,19410,2015-03-31,1,,,,,,,,,,,,,,,,,,,,261858000000,216047000000,0.818,,214326000000,,,,,,,,,,,,true,false,12,2014-04-01,2015-03-31,-1
2015-07-29,19410,2015-03-31,1,,,,,,,,,,,,,,,,,,,,,,,,,,,,,62.00,,,,65138117,6231312,,false,false,12,2014-04-01,2015-03-31,-1
2015-07-29,19410,2016-03-31,1,,,,,,,,,,,,,,,,,,,,,,,,,,,,,62.00,,,,,,,false,true,12,2015-04-01,2016-03-31,0
2015-07-29,19410,2016-03-31,1,,,,,,,,,,,,,,,,,,,,,,,,,,,,,,,,,65138117,6187166,58913661,false,false,3,2015-04-01,2015-06-30,0
2015-07-29,19410,2015-03-31,1,,,,,,,,,,,,,,,,,,,,,,,,,,,,,,,,,,,58779350,false,false,3,2014-04-01,2014-06-30,-1
2015-10-28,19410,2016-03-31,,61630000000,-0.037,,,,,4000000000,0.379,6790000000,0.191,,5590000000,,95.02,,,,,,,,,,,,,,,,,,,,,,true,true,6,2015-04-01,2015-09-30,0
2015-10-28,19410,2015-03-31,,60950000000,,,,,,3055000000,,6701000000,,,4929000000,,83.81,,,,,,,,,,,,,,,,,,,,,,true,false,6,2014-04-01,2014-09-30,-1
2015-10-28,19410,2016-03-31,,144000000000,0.014,,,,,9300000000,0.208,13300000000,0.147,,9600000000,,164.77,,,,,,,,,,,,,,,,,,,,,,true,true,12,2015-04-01,2016-03-31,0
2015-10-28,19410,2015-03-31,,145547000000,,,,,,9430000000,,16130000000,,,10492000000,,178.29,,,,,,,,,,,,,,,,,,,,,,true,false,12,2014-04-01,2015-03-31,-1
2015-10-28,19410,2016-03-31,,56490000000,-0.026,,,3710000000,0.427,,,6540000000,0.211,5530000000,,0.349,94.00,,,,,,,,,,,,,,,,,,,,,,false,true,6,2015-04-01,2015-09-30,0
2015-10-28,19410,2015-03-31,,56201000000,,,,2672000000,,,,6344000000,,4855000000,,,82.56,,,,,,,,,,,,,,,,,,,,,,false,false,6,2014-04-01,2014-09-30,-1
2015-10-28,19410,2016-03-31,,131000000000,0.016,,,,,8500000000,0.214,12500000000,0.147,9300000000,,0.257,159.62,,,,,,,,,,,,,,,,,,,,,,false,true,12,2015-04-01,2016-03-31,0
2015-10-28,19410,2015-03-31,,133944000000,,,,,,8213000000,,14919000000,,10054000000,,,170.84,,,,,,,,,,,,,,,,,,,,,,false,false,12,2014-04-01,2015-03-31,-1
2015-10-30,19410,2016-03-31,2,61637000000,0.011,,,,,4004000000,0.311,6790000000,0.013,,5597000000,,95.16,94.95,,,,,249056000000,215536000000,0.858,,213755000000,,,,,,,,,,,,true,false,6,2015-04-01,2015-09-30,0
2015-10-30,19410,2015-03-31,2,60950000000,0.156,,,,,3055000000,0.325,6701000000,-0.116,,4929000000,,83.81,83.64,,,,,,,,,,,,,,,,,,,,,true,false,6,2014-04-01,2014-09-30,-1
2015-10-30,19410,2016-03-31,2,144000000000,-0.011,,,,,9300000000,-0.014,13300000000,-0.175,,9600000000,,164.77,,,,,,,,,,,,,,,,,,,,,,true,true,12,2015-04-01,2016-03-31,0
2015-10-30,19410,2015-03-31,2,,,,,,,,,,,,,,,,,,,,261858000000,216047000000,0.818,,214326000000,,,,,,,,,,,,true,false,12,2014-04-01,2015-03-31,-1
2015-10-30,19410,2015-03-31,2,,,,,,,,,,,,,,,,,,,,,,,,,,,,,62.00,,,,65138117,6231312,,false,false,12,2014-04-01,2015-03-31,-1
2015-10-30,19410,2016-03-31,2,,,,,,,,,,,,,,,,,,,,,,,,,,,,,31.00,,,,,,,false,false,12,2015-04-01,2016-03-31,0
2015-10-30,19410,2016-03-31,2,,,,,,,,,,,,,,,,,,,,,,,,,,,,,62.00,,,,,,,false,true,12,2015-04-01,2016-03-31,0
2015-10-30,19410,2016-03-31,2,,,,,,,,,,,,,,,,,,,,,,,,,,,,,,,,,65138117,6876038,58827544,false,false,6,2015-04-01,2015-09-30,0
2015-10-30,19410,2015-03-31,2,,,,,,,,,,,,,,,,,,,,,,,,,,,,,,,,,,,58818684,false,false,6,2014-04-01,2014-09-30,-1
2016-01-29,19410,2016-03-31,3,98815000000,0.036,,,,,7040000000,0.281,10460000000,0.036,,7791000000,,132.86,132.57,,,,,253262000000,216924000000,0.849,,215057000000,,,,,,,,,,,,true,false,9,2015-04-01,2015-12-31,0
2016-01-29,19410,2015-03-31,3,95388000000,0.106,,,,,5497000000,0.315,10098000000,-0.146,,7083000000,,120.39,120.15,,,,,,,,,,,,,,,,,,,,,true,false,9,2014-04-01,2014-12-31,-1
2016-01-29,19410,2016-03-31,3,145000000000,-0.004,,,,,10200000000,0.082,14200000000,-0.120,,10300000000,,176.71,,,,,,,,,,,,,,,,,,,,,,true,true,12,2015-04-01,2016-03-31,0
2016-01-29,19410,2015-03-31,3,,,,,,,,,,,,,,,,,,,,261858000000,216047000000,0.818,,214326000000,,,,,,,,,,,,true,false,12,2014-04-01,2015-03-31,-1
2016-01-29,19410,2015-03-31,3,,,,,,,,,,,,,,,,,,,,,,,,,,,,,62.00,,,,65138117,6231312,,false,false,12,2014-04-01,2015-03-31,-1
2016-01-29,19410,2016-03-31,3,,,,,,,,,,,,,,,,,,,,,,,,,,,,,31.00,,,,,,,false,false,12,2015-04-01,2016-03-31,0
2016-01-29,19410,2016-03-31,3,,,,,,,,,,,,,,,,,,,,,,,,,,,,,72.00,,,,,,,false,true,12,2015-04-01,2016-03-31,0
2016-01-29,19410,2016-03-31,3,,,,,,,,,,,,,,,,,,,,,,,,,,,,,,,,,65138117,6852020,58640864,false,false,9,2015-04-01,2015-12-31,0
2016-01-29,19410,2015-03-31,3,,,,,,,,,,,,,,,,,,,,,,,,,,,,,,,,,,,58837967,false,false,9,2014-04-01,2014-12-31,-1
,19410,2016-03-31,,,,,,,,,,,,,,,,,,,,,,,,,,,,,,72.00,,,,,,,false,true,12,2015-04-01,2016-03-31,0
,19410,2016-03-31,,,,,,,,,,,,,,,,,,,,,,,,,,,,,,31.00,,,,,,,false,false,12,2015-04-01,2016-03-31,0
,19410,2015-03-31,,,,,,,,,,,,,,,,,,,,,,,,,,,,,,62.00,,,,,,,false,false,12,2014-04-01,2015-03-31,-1
2016-04-27,19410,2016-03-31,,147752000000,0.015,,,,,10977000000,0.164,14804000000,-0.082,,10889000000,,185.97,185.54,0.051,0.057,0.074,,260073000000,215058000000,0.819,3654.78,213062000000,10460000000,9339000000,-7436000000,58314000000,,0.387,,,,,,true,false,12,2015-04-01,2016-03-31,0
2016-04-27,19410,2015-03-31,,145547000000,0.067,,,,,9430000000,0.304,16130000000,-0.097,,10492000000,,178.29,177.92,0.050,0.063,0.065,,261858000000,216047000000,0.818,3638.40,214326000000,5142000000,-12761000000,-2759000000,45724000000,,0.348,,,,,,true,false,12,2014-04-01,2015-03-31,-1
2016-04-27,19410,2017-03-31,,66000000000,0.071,,,,,3800000000,-0.051,4900000000,-0.278,,3300000000,,56.61,,,,,,,,,,,,,,,,,,,,,,true,true,6,2016-04-01,2016-09-30,1
2016-04-27,19410,2017-03-31,,148000000000,0.002,,,,,9300000000,-0.153,11600000000,-0.216,,7700000000,,132.08,,,,,,,,,,,,,,,,0.545,,,,,,true,true,12,2016-04-01,2017-03-31,1
2016-04-27,19410,2016-03-31,,134345000000,0.003,,,,,9852000000,0.200,13727000000,-0.080,10463000000,,0.041,178.70,178.29,,,,,250576000000,209417000000,0.835,3589.37,209249000000,,,,,72.00,,,,65138117,6841236,58553689,false,false,12,2015-04-01,2016-03-31,0
2016-04-27,19410,2015-03-31,,133944000000,0.075,,,,,8213000000,0.282,14919000000,-0.125,10054000000,,-0.237,170.84,170.49,,,,,252419000000,209462000000,0.829,3553.78,209342000000,,,,,62.00,,,,65138117,6231312,58853225,false,false,12,2014-04-01,2015-03-31,-1
2016-04-27,19410,2017-03-31,,60000000000,0.062,,,,,3600000000,-0.030,4700000000,-0.282,3200000000,,-0.422,54.89,,,,,,,,,,,,,,,,,,,,,,false,true,6,2016-04-01,2016-09-30,1
2016-04-27,19410,2017-03-31,,135000000000,0.005,,,,,8500000000,-0.137,10800000000,-0.213,7300000000,,-0.302,125.22,,,,,,,,,,,,,,,72.00,,,,,,,false,true,12,2016-04-01,2017-03-31,1
2016-07-27,19410,2017-03-31,1,29428000000,0.108,,,,,1768000000,0.224,2302000000,-0.394,,1538000000,,26.39,26.32,,,,,249377000000,212732000000,0.845,,210774000000,,,,,,,,,,,,true,false,3,2016-04-01,2016-06-30,0
2016-07-27,19410,2016-03-31,1,26561000000,0.010,,,,,1444000000,0.995,3798000000,1.097,,2955000000,,50.17,50.06,,,,,,,,,,,,,,,,,,,,,true,false,3,2015-04-01,2015-06-30,-1
2016-07-27,19410,2017-03-31,1,66000000000,0.071,,,,,3800000000,-0.051,4900000000,-0.278,,3300000000,,56.56,,,,,,,,,,,,,,,,,,,,,,true,true,6,2016-04-01,2016-09-30,0
2016-07-27,19410,2017-03-31,1,148000000000,0.002,,,,,9300000000,-0.153,11600000000,-0.216,,7700000000,,131.96,,,,,,,,,,,,,,,,,,,,,,true,true,12,2016-04-01,2017-03-31,0
2016-07-27,19410,2016-03-31,1,,,,,,,,,,,,,,,,,,,,260073000000,215058000000,0.819,,213062000000,,,,,,,,,,,,true,false,12,2015-04-01,2016-03-31,-1
2016-07-27,19410,2016-03-31,1,,,,,,,,,,,,,,,,,,,,,,,,,,,,,72.00,,,,65138117,6841236,,false,false,12,2015-04-01,2016-03-31,-1
2016-07-27,19410,2017-03-31,1,,,,,,,,,,,,,,,,,,,,,,,,,,,,,72.00,,,,,,,false,true,12,2016-04-01,2017-03-31,0
2016-07-27,19410,2017-03-31,1,,,,,,,,,,,,,,,,,,,,,,,,,,,,,,,,,65138117,6788637,58304165,false,false,3,2016-04-01,2016-06-30,0
2016-07-27,19410,2016-03-31,1,,,,,,,,,,,,,,,,,,,,,,,,,,,,,,,,,,,58913661,false,false,3,2015-04-01,2015-06-30,-1
2016-10-31,19410,2017-03-31,2,64624000000,0.048,,,,,3663000000,-0.085,4671000000,-0.312,,3073000000,,52.70,52.57,,,,,251772000000,215084000000,0.846,,213053000000,,,,,,,,,,,,true,false,6,2016-04-01,2016-09-30,0
2016-10-31,19410,2016-03-31,2,61637000000,0.011,,,,,4004000000,0.311,6790000000,0.013,,5597000000,,95.16,94.95,,,,,,,,,,,,,,,,,,,,,true,false,6,2015-04-01,2015-09-30,-1
2016-10-31,19410,2017-03-31,2,151000000000,0.022,,,,,9300000000,-0.153,11600000000,-0.216,,7700000000,,131.94,,,,,,,,,,,,,,,,,,,,,,true,true,12,2016-04-01,2017-03-31,0
2016-10-31,19410,2016-03-31,2,,,,,,,,,,,,,,,,,,,,260073000000,215058000000,0.819,,213062000000,,,,,,,,,,,,true,false,12,2015-04-01,2016-03-31,-1
2016-10-31,19410,2016-03-31,2,,,,,,,,,,,,,,,,,,,,,,,,,,,,,72.00,,,,65138117,6841236,,false,false,12,2015-04-01,2016-03-31,-1
2016-10-31,19410,2017-03-31,2,,,,,,,,,,,,,,,,,,,,,,,,,,,,,36.00,,,,,,,false,false,12,2016-04-01,2017-03-31,0
2016-10-31,19410,2017-03-31,2,,,,,,,,,,,,,,,,,,,,,,,,,,,,,72.00,,,,,,,false,true,12,2016-04-01,2017-03-31,0
2016-10-31,19410,2017-03-31,2,,,,,,,,,,,,,,,,,,,,,,,,,,,,,,,,,65138117,6776064,58329462,false,false,6,2016-04-01,2016-09-30,0
2016-10-31,19410,2016-03-31,2,,,,,,,,,,,,,,,,,,,,,,,,,,,,,,,,,,,58827544,false,false,6,2015-04-01,2015-09-30,-1
2017-01-30,19410,2017-03-31,3,97617000000,-0.012,,,,,5979000000,-0.151,7598000000,-0.274,,5075000000,,86.99,86.77,,,,,256754000000,218070000000,0.841,,215981000000,,,,,,,,,,,,true,false,9,2016-04-01,2016-12-31,0
2017-01-30,19410,2016-03-31,3,98815000000,0.036,,,,,7040000000,0.281,10460000000,0.036,,7791000000,,132.86,132.57,,,,,,,,,,,,,,,,,,,,,true,false,9,2015-04-01,2015-12-31,-1
2017-01-30,19410,2017-03-31,3,151000000000,0.022,,,,,9300000000,-0.153,11600000000,-0.216,,7700000000,,131.91,,,,,,,,,,,,,,,,,,,,,,true,true,12,2016-04-01,2017-03-31,0
2017-01-30,19410,2016-03-31,3,,,,,,,,,,,,,,,,,,,,260073000000,215058000000,0.819,,213062000000,,,,,,,,,,,,true,false,12,2015-04-01,2016-03-31,-1
2017-01-30,19410,2016-03-31,3,,,,,,,,,,,,,,,,,,,,,,,,,,,,,72.00,,,,65138117,6841236,,false,false,12,2015-04-01,2016-03-31,-1
2017-01-30,19410,2017-03-31,3,,,,,,,,,,,,,,,,,,,,,,,,,,,,,36.00,,,,,,,false,false,12,2016-04-01,2017-03-31,0
2017-01-30,19410,2017-03-31,3,,,,,,,,,,,,,,,,,,,,,,,,,,,,,72.00,,,,,,,false,true,12,2016-04-01,2017-03-31,0
2017-01-30,19410,2017-03-31,3,,,,,,,,,,,,,,,,,,,,,,,,,,,,,,,,,65138117,6763399,58342426,false,false,9,2016-04-01,2016-12-31,0
2017-01-30,19410,2016-03-31,3,,,,,,,,,,,,,,,,,,,,,,,,,,,,,,,,,,,58640864,false,false,9,2015-04-01,2015-12-31,-1
2017-04-28,19410,2017-03-31,,147935000000,0.001,,,,,9675000000,-0.119,11871000000,-0.198,,9273000000,,160.20,159.78,0.043,0.045,0.065,,263618000000,217013000000,0.815,3844.92,214846000000,10719000000,-1231000000,-9207000000,58580000000,,0.449,,,,,,true,false,12,2016-04-01,2017-03-31,0
2017-04-28,19410,2016-03-31,,147752000000,0.015,,,,,10977000000,0.164,14804000000,-0.082,,10889000000,,185.97,185.54,0.051,0.057,0.074,,260073000000,215058000000,0.819,3654.78,213062000000,10460000000,9339000000,-7436000000,58314000000,,0.387,,,,,,true,false,12,2015-04-01,2016-03-31,-1
2017-04-28,19410,2018-03-31,,69000000000,0.068,,,,,4100000000,0.119,5300000000,0.135,,3600000000,,64.43,,,,,,,,,,,,,,,,,,,,,,true,true,6,2017-04-01,2017-09-30,1
2017-04-28,19410,2018-03-31,,155000000000,0.048,,,,,9800000000,0.013,12000000000,0.011,,8000000000,,143.17,,,,,,,,,,,,,,,,0.657,,,,,,true,true,12,2017-04-01,2018-03-31,1
2017-04-28,19410,2017-03-31,,132512000000,-0.014,,,,,8931000000,-0.093,11079000000,-0.193,9005000000,,-0.139,155.57,155.17,,,,,252482000000,210123000000,0.831,3756.60,209910000000,,,,,72.00,,,,58138117,2260210,57891515,false,false,12,2016-04-01,2017-03-31,0
2017-04-28,19410,2016-03-31,,134345000000,0.003,,,,,9852000000,0.200,13727000000,-0.080,10463000000,,0.041,178.70,178.29,,,,,250576000000,209417000000,0.835,3589.37,209249000000,,,,,72.00,,,,65138117,6841236,58553689,false,false,12,2015-04-01,2016-03-31,-1
2017-04-28,19410,2018-03-31,,61800000000,0.050,,,,,3800000000,0.127,5000000000,0.134,3500000000,,0.177,62.64,,,,,,,,,,,,,,,,,,,,,,false,true,6,2017-04-01,2017-09-30,1
2017-04-28,19410,2018-03-31,,138000000000,0.041,,,,,9100000000,0.019,11200000000,0.011,7700000000,,-0.145,137.80,,,,,,,,,,,,,,,94.00,,,,,,,false,true,12,2017-04-01,2018-03-31,1
2017-07-31,19410,2018-03-31,1,30827000000,0.048,,,,,1635000000,-0.075,2752000000,0.195,,2018000000,,36.12,36.01,,,,,258112000000,218414000000,0.838,,216291000000,,,,,,,,,,,,true,false,3,2017-04-01,2017-06-30,0
2017-07-31,19410,2017-03-31,1,29428000000,0.108,,,,,1768000000,0.224,2302000000,-0.394,,1538000000,,26.39,26.32,,,,,,,,,,,,,,,,,,,,,true,false,3,2016-04-01,2016-06-30,-1
2017-07-31,19410,2018-03-31,1,69000000000,0.068,,,,,4100000000,0.119,5300000000,0.135,,3600000000,,64.36,,,,,,,,,,,,,,,,,,,,,,true,true,6,2017-04-01,2017-09-30,0
2017-07-31,19410,2018-03-31,1,155000000000,0.048,,,,,9800000000,0.013,12000000000,0.011,,8000000000,,143.01,,,,,,,,,,,,,,,,,,,,,,true,true,12,2017-04-01,2018-03-31,0
2017-07-31,19410,2017-03-31,1,,,,,,,,,,,,,,,,,,,,263618000000,217013000000,0.815,,214846000000,,,,,,,,,,,,true,false,12,2016-04-01,2017-03-31,-1
2017-07-31,19410,2017-03-31,1,,,,,,,,,,,,,,,,,,,,,,,,,,,,,72.00,,,,58138117,2260210,,false,false,12,2016-04-01,2017-03-31,-1
2017-07-31,19410,2018-03-31,1,,,,,,,,,,,,,,,,,,,,,,,,,,,,,94.00,,,,,,,false,true,12,2017-04-01,2018-03-31,0
2017-07-31,19410,2018-03-31,1,,,,,,,,,,,,,,,,,,,,,,,,,,,,,,,,,58138117,2199736,55884983,false,false,3,2017-04-01,2017-06-30,0
2017-07-31,19410,2017-03-31,1,,,,,,,,,,,,,,,,,,,,,,,,,,,,,,,,,,,58304165,false,false,3,2016-04-01,2016-06-30,-1
2017-10-31,19410,2018-03-31,2,63863000000,-0.012,,,,,3195000000,-0.128,5261000000,0.126,,3888000000,,69.55,69.37,,,,,259275000000,219728000000,0.839,,217541000000,,,,,,,,,,,,true,false,6,2017-04-01,2017-09-30,0
2017-10-31,19410,2017-03-31,2,64624000000,0.048,,,,,3663000000,-0.085,4671000000,-0.312,,3073000000,,52.70,52.57,,,,,,,,,,,,,,,,,,,,,true,false,6,2016-04-01,2016-09-30,-1
2017-10-31,19410,2018-03-31,2,153000000000,0.034,,,,,8600000000,-0.111,11600000000,-0.023,,8000000000,,142.99,,,,,,,,,,,,,,,,,,,,,,true,true,12,2017-04-01,2018-03-31,0
2017-10-31,19410,2017-03-31,2,,,,,,,,,,,,,,,,,,,,263618000000,217013000000,0.815,,214846000000,,,,,,,,,,,,true,false,12,2016-04-01,2017-03-31,-1
2017-10-31,19410,2017-03-31,2,,,,,,,,,,,,,,,,,,,,,,,,,,,,,72.00,,,,58138117,2260210,,false,false,12,2016-04-01,2017-03-31,-1
2017-10-31,19410,2018-03-31,2,,,,,,,,,,,,,,,,,,,,,,,,,,,,,47.00,,,,,,,false,false,12,2017-04-01,2018-03-31,0
2017-10-31,19410,2018-03-31,2,,,,,,,,,,,,,,,,,,,,,,,,,,,,,94.00,,,,,,,false,true,12,2017-04-01,2018-03-31,0
2017-10-31,19410,2018-03-31,2,,,,,,,,,,,,,,,,,,,,,,,,,,,,,,,,,58138117,2191323,55913503,false,false,6,2017-04-01,2017-09-30,0
2017-10-31,19410,2017-03-31,2,,,,,,,,,,,,,,,,,,,,,,,,,,,,,,,,,,,58329462,false,false,6,2016-04-01,2016-09-30,-1
2018-01-30,19410,2018-03-31,3,99171000000,0.016,,,,,5540000000,-0.073,8322000000,0.095,,5824000000,,104.15,103.88,,,,,262138000000,219928000000,0.830,,217701000000,,,,,,,,,,,,true,false,9,2017-04-01,2017-12-31,0
2018-01-30,19410,2017-03-31,3,97617000000,-0.012,,,,,5979000000,-0.151,7598000000,-0.274,,5075000000,,86.99,86.77,,,,,,,,,,,,,,,,,,,,,true,false,9,2016-04-01,2016-12-31,-1
2018-01-30,19410,2018-03-31,3,153000000000,0.034,,,,,8600000000,-0.111,11600000000,-0.023,,8000000000,,142.92,,,,,,,,,,,,,,,,,,,,,,true,true,12,2017-04-01,2018-03-31,0
2018-01-30,19410,2017-03-31,3,,,,,,,,,,,,,,,,,,,,263618000000,217013000000,0.815,,214846000000,,,,,,,,,,,,true,false,12,2016-04-01,2017-03-31,-1
2018-01-30,19410,2017-03-31,3,,,,,,,,,,,,,,,,,,,,,,,,,,,,,72.00,,,,58138117,2260210,,false,false,12,2016-04-01,2017-03-31,-1
2018-01-30,19410,2018-03-31,3,,,,,,,,,,,,,,,,,,,,,,,,,,,,,47.00,,,,,,,false,false,12,2017-04-01,2018-03-31,0
2018-01-30,19410,2018-03-31,3,,,,,,,,,,,,,,,,,,,,,,,,,,,,,94.00,,,,,,,false,true,12,2017-04-01,2018-03-31,0
2018-01-30,19410,2018-03-31,3,,,,,,,,,,,,,,,,,,,,,,,,,,,,,,,,,58138117,2162309,55927726,false,false,9,2017-04-01,2017-12-31,0
2018-01-30,19410,2017-03-31,3,,,,,,,,,,,,,,,,,,,,,,,,,,,,,,,,,,,58342426,false,false,9,2016-04-01,2016-12-31,-1
2018-04-27,19410,2018-03-31,,148300000000,0.002,,,,,8535000000,-0.118,11744000000,-0.011,,7809000000,,139.61,139.25,0.036,0.044,0.058,,270879000000,222373000000,0.808,3909.09,218843000000,6700000000,-6499000000,-5055000000,53740000000,,0.673,,,,,,true,false,12,2017-04-01,2018-03-31,0
2018-04-27,19410,2017-03-31,,147935000000,0.001,,,,,9675000000,-0.119,11871000000,-0.198,,9273000000,,160.20,159.78,0.043,0.045,0.065,,263618000000,217013000000,0.815,3844.92,214846000000,10719000000,-1231000000,-9207000000,58580000000,,0.449,,,,,,true,false,12,2016-04-01,2017-03-31,-1
2018-04-27,19410,2019-03-31,,68000000000,0.065,,,,,3300000000,0.033,4300000000,-0.183,,2700000000,,48.23,,,,,,,,,,,,,,,,,,,,,,true,true,6,2018-04-01,2018-09-30,1
2018-04-27,19410,2019-03-31,,151000000000,0.018,,,,,8600000000,0.008,10600000000,-0.097,,7000000000,,125.04,,,,,,,,,,,,,,,,0.832,,,,,,true,true,12,2018-04-01,2019-03-31,1
2018-04-27,19410,2018-03-31,,131809000000,-0.005,,,,,7915000000,-0.114,11099000000,0.002,7792000000,,-0.135,139.29,138.94,,,,,256436000000,213082000000,0.830,3802.20,212859000000,,,,,94.00,,,,58138117,2154845,55940546,false,false,12,2017-04-01,2018-03-31,0
2018-04-27,19410,2017-03-31,,132512000000,-0.014,,,,,8931000000,-0.093,11079000000,-0.193,9005000000,,-0.139,155.57,155.17,,,,,252482000000,210123000000,0.831,3756.60,209910000000,,,,,72.00,,,,58138117,2260210,57891515,false,false,12,2016-04-01,2017-03-31,-1
2018-04-27,19410,2019-03-31,,60000000000,0.050,,,,,3000000000,0.043,4000000000,-0.188,2700000000,,-0.280,48.23,,,,,,,,,,,,,,,,,,,,,,false,true,6,2018-04-01,2018-09-30,1
2018-04-27,19410,2019-03-31,,133000000000,0.009,,,,,8000000000,0.011,10000000000,-0.099,7000000000,,-0.102,125.04,,,,,,,,,,,,,,,104.00,,,,,,,false,true,12,2018-04-01,2019-03-31,1
2018-07-30,19410,2019-03-31,1,28201000000,-0.085,,,,,313000000,-0.808,1083000000,-0.606,,673000000,,12.03,12.00,,,,,260727000000,220914000000,0.834,,217451000000,,,,,,,,,,,,true,false,3,2018-04-01,2018-06-30,0
2018-07-30,19410,2018-03-31,1,30827000000,0.048,,,,,1635000000,-0.075,2752000000,0.195,,2018000000,,36.12,36.01,,,,,,,,,,,,,,,,,,,,,true,false,3,2017-04-01,2017-06-30,-1
2018-07-30,19410,2019-03-31,1,68000000000,0.065,,,,,3300000000,0.033,4300000000,-0.183,,2700000000,,48.17,,,,,,,,,,,,,,,,,,,,,,true,true,6,2018-04-01,2018-09-30,0
2018-07-30,19410,2019-03-31,1,151000000000,0.018,,,,,8600000000,0.008,10600000000,-0.097,,7000000000,,124.88,,,,,,,,,,,,,,,,,,,,,,true,true,12,2018-04-01,2019-03-31,0
2018-07-30,19410,2018-03-31,1,,,,,,,,,,,,,,,,,,,,269875000000,222373000000,0.811,,218843000000,,,,,,,,,,,,true,false,12,2017-04-01,2018-03-31,-1
2018-07-30,19410,2018-03-31,1,,,,,,,,,,,,,,,,,,,,,,,,,,,,,94.00,,,,58138117,2154845,,false,false,12,2017-04-01,2018-03-31,-1
2018-07-30,19410,2019-03-31,1,,,,,,,,,,,,,,,,,,,,,,,,,,,,,104.00,,,,,,,false,true,12,2018-04-01,2019-03-31,0
2018-07-30,19410,2019-03-31,1,,,,,,,,,,,,,,,,,,,,,,,,,,,,,,,,,58138117,2083244,55991627,false,false,3,2018-04-01,2018-06-30,0
2018-07-30,19410,2018-03-31,1,,,,,,,,,,,,,,,,,,,,,,,,,,,,,,,,,,,55884983,false,false,3,2017-04-01,2017-06-30,-1
2018-10-29,19410,2019-03-31,,62970000000,-0.074,,,,,1410000000,-0.573,2620000000,-0.390,,1530000000,,27.43,,,,,,,,,,,,,,,,,,,,,,true,true,6,2018-04-01,2018-09-30,0
2018-10-29,19410,2018-03-31,,63863000000,,,,,,3195000000,,5261000000,,,3888000000,,69.55,,,,,,,,,,,,,,,,,,,,,,true,false,6,2017-04-01,2017-09-30,-1
2018-10-29,19410,2019-03-31,,150000000000,-0.007,,,,,8100000000,-0.058,10200000000,-0.038,,6700000000,,119.50,,,,,,,,,,,,,,,,,,,,,,true,true,12,2018-04-01,2019-03-31,0
2018-10-29,19410,2018-03-31,,148300000000,,,,,,8535000000,,11744000000,,,7809000000,,139.61,,,,,,,,,,,,,,,,,,,,,,true,false,12,2017-04-01,2018-03-31,-1
2018-10-29,19410,2019-03-31,,55040000000,-0.083,,,1330000000,-0.557,,,2600000000,-0.350,1760000000,,-0.347,31.46,,,,,,,,,,,,,,,,,,,,,,false,true,6,2018-04-01,2018-09-30,0
2018-10-29,19410,2018-03-31,,57162000000,,,,2875000000,,,,4926000000,,3751000000,,,67.10,,,,,,,,,,,,,,,,,,,,,,false,false,6,2017-04-01,2017-09-30,-1
2018-10-29,19410,2019-03-31,,131500000000,-0.011,,,,,7600000000,-0.050,9700000000,-0.030,6700000000,,-0.043,119.50,,,,,,,,,,,,,,,,,,,,,,false,true,12,2018-04-01,2019-03-31,0
2018-10-29,19410,2018-03-31,,131809000000,,,,,,7915000000,,11099000000,,7792000000,,,139.29,,,,,,,,,,,,,,,,,,,,,,false,false,12,2017-04-01,2018-03-31,-1
2018-10-31,19410,2019-03-31,2,62975000000,-0.014,,,,,1410000000,-0.559,2623000000,-0.501,,1536000000,,27.43,27.37,,,,,260882000000,221555000000,0.836,,218019000000,,,,,,,,,,,,true,false,6,2018-04-01,2018-09-30,0
2018-10-31,19410,2018-03-31,2,63863000000,-0.012,,,,,3195000000,-0.128,5261000000,0.126,,3888000000,,69.55,69.37,,,,,,,,,,,,,,,,,,,,,true,false,6,2017-04-01,2017-09-30,-1
2018-10-31,19410,2019-03-31,2,150000000000,0.011,,,,,8100000000,-0.051,10200000000,-0.131,,6700000000,,119.50,,,,,,,,,,,,,,,,,,,,,,true,true,12,2018-04-01,2019-03-31,0
2018-10-31,19410,2018-03-31,2,,,,,,,,,,,,,,,,,,,,269875000000,222373000000,0.811,,218843000000,,,,,,,,,,,,true,false,12,2017-04-01,2018-03-31,-1
2018-10-31,19410,2018-03-31,2,,,,,,,,,,,,,,,,,,,,,,,,,,,,,94.00,,,,58138117,2154845,,false,false,12,2017-04-01,2018-03-31,-1
2018-10-31,19410,2019-03-31,2,,,,,,,,,,,,,,,,,,,,,,,,,,,,,52.00,,,,,,,false,false,12,2018-04-01,2019-03-31,0
2018-10-31,19410,2019-03-31,2,,,,,,,,,,,,,,,,,,,,,,,,,,,,,104.00,,,,,,,false,true,12,2018-04-01,2019-03-31,0
2018-10-31,19410,2019-03-31,2,,,,,,,,,,,,,,,,,,,,,,,,,,,,,,,,,58138117,2068898,56026291,false,false,6,2018-04-01,2018-09-30,0
2018-10-31,19410,2018-03-31,2,,,,,,,,,,,,,,,,,,,,,,,,,,,,,,,,,,,55913503,false,false,6,2017-04-01,2017-09-30,-1
2019-01-31,19410,2019-03-31,3,98731000000,-0.004,,,,,2758000000,-0.502,4660000000,-0.440,,2264000000,,40.45,40.36,,,,,257842000000,215174000000,0.821,,211653000000,,,,,,,,,,,,true,false,9,2018-04-01,2018-12-31,0
2019-01-31,19410,2018-03-31,3,99171000000,0.016,,,,,5540000000,-0.073,8322000000,0.095,,5824000000,,104.15,103.88,,,,,,,,,,,,,,,,,,,,,true,false,9,2017-04-01,2017-12-31,-1
2019-01-31,19410,2019-03-31,3,154000000000,0.038,,,,,6600000000,-0.227,9000000000,-0.234,,5600000000,,100.74,,,,,,,,,,,,,,,,,,,,,,true,true,12,2018-04-01,2019-03-31,0
2019-01-31,19410,2018-03-31,3,,,,,,,,,,,,,,,,,,,,269875000000,222373000000,0.811,,218843000000,,,,,,,,,,,,true,false,12,2017-04-01,2018-03-31,-1
2019-01-31,19410,2018-03-31,3,,,,,,,,,,,,,,,,,,,,,,,,,,,,,94.00,,,,58138117,2154845,,false,false,12,2017-04-01,2018-03-31,-1
2019-01-31,19410,2019-03-31,3,,,,,,,,,,,,,,,,,,,,,,,,,,,,,52.00,,,,,,,false,false,12,2018-04-01,2019-03-31,0
2019-01-31,19410,2019-03-31,3,,,,,,,,,,,,,,,,,,,,,,,,,,,,,104.00,,,,,,,false,true,12,2018-04-01,2019-03-31,0
2019-01-31,19410,2019-03-31,3,,,,,,,,,,,,,,,,,,,,,,,,,,,,,,,,,58138117,2550658,55989739,false,false,9,2018-04-01,2018-12-31,0
2019-01-31,19410,2018-03-31,3,,,,,,,,,,,,,,,,,,,,,,,,,,,,,,,,,,,55927726,false,false,9,2017-04-01,2017-12-31,-1
2019-04-26,19410,2019-03-31,,153322000000,0.034,,,,,6486000000,-0.240,8921000000,-0.240,,6160000000,,110.22,109.98,0.028,0.033,0.042,,267181000000,218036000000,0.802,3855.67,214407000000,10126000000,-25559000000,-5712000000,32566000000,,0.944,,,,,,true,false,12,2018-04-01,2019-03-31,0
2019-04-26,19410,2018-03-31,,148300000000,0.002,,,,,8535000000,-0.118,11744000000,-0.011,,7809000000,,139.61,139.25,0.036,0.044,0.058,,269875000000,222373000000,0.811,3909.09,218843000000,6700000000,-6499000000,-5055000000,53740000000,,0.673,,,,,,true,false,12,2017-04-01,2018-03-31,-1
2019-04-26,19410,2020-03-31,,73000000000,0.159,,,,,2700000000,0.914,3800000000,0.449,,2400000000,,43.16,,,,,,,,,,,,,,,,,,,,,,true,true,6,2019-04-01,2019-09-30,1
2019-04-26,19410,2020-03-31,,158000000000,0.031,,,,,8100000000,0.249,10300000000,0.155,,6600000000,,118.69,,,,,,,,,,,,,,,,0.876,,,,,,true,true,12,2019-04-01,2020-03-31,1
2019-04-26,19410,2019-03-31,,133126000000,0.010,,,,,6388000000,-0.193,8841000000,-0.203,6587000000,,-0.155,117.86,117.60,,,,,254028000000,210057000000,0.826,3773.56,209841000000,,,,,104.00,,,,58138117,2529765,55892920,false,false,12,2018-04-01,2019-03-31,0
2019-04-26,19410,2018-03-31,,131809000000,-0.005,,,,,7915000000,-0.114,11099000000,0.002,7792000000,,-0.135,139.29,138.94,,,,,256225000000,213082000000,0.831,3802.20,212859000000,,,,,94.00,,,,58138117,2154845,55940546,false,false,12,2017-04-01,2018-03-31,-1
2019-04-26,19410,2020-03-31,,64000000000,0.163,,,,,2700000000,1.030,3800000000,0.462,2600000000,,0.475,46.76,,,,,,,,,,,,,,,,,,,,,,false,true,6,2019-04-01,2019-09-30,1
2019-04-26,19410,2020-03-31,,139000000000,0.044,,,,,8000000000,0.252,10200000000,0.154,7000000000,,0.063,125.88,,,,,,,,,,,,,,,104.00,,,,,,,false,true,12,2019-04-01,2020-03-31,1
2019-07-31,19410,2020-03-31,1,32360000000,0.147,,,,,-62000000,,710000000,-0.344,,742000000,,13.35,13.32,,,,,257703000000,214539000000,0.819,,210962000000,,,,,,,,,,,,true,false,3,2019-04-01,2019-06-30,0
2019-07-31,19410,2019-03-31,1,28201000000,-0.085,,,,,313000000,-0.808,1083000000,-0.606,,673000000,,12.03,12.00,,,,,,,,,,,,,,,,,,,,,true,false,3,2018-04-01,2018-06-30,-1
2019-07-31,19410,2020-03-31,1,73000000000,0.159,,,,,2700000000,0.914,3800000000,0.449,,2400000000,,43.09,,,,,,,,,,,,,,,,,,,,,,true,true,6,2019-04-01,2019-09-30,0
2019-07-31,19410,2020-03-31,1,158000000000,0.031,,,,,8100000000,0.249,10300000000,0.155,,6600000000,,118.50,,,,,,,,,,,,,,,,,,,,,,true,true,12,2019-04-01,2020-03-31,0
2019-07-31,19410,2019-03-31,1,,,,,,,,,,,,,,,,,,,,267181000000,218036000000,0.802,,214407000000,,,,,,,,,,,,true,false,12,2018-04-01,2019-03-31,-1
2019-07-31,19410,2019-03-31,1,,,,,,,,,,,,,,,,,,,,,,,,,,,,,104.00,,,,58138117,2529765,,false,false,12,2018-04-01,2019-03-31,-1
2019-07-31,19410,2020-03-31,1,,,,,,,,,,,,,,,,,,,,,,,,,,,,,104.00,,,,,,,false,true,12,2019-04-01,2020-03-31,0
2019-07-31,19410,2020-03-31,1,,,,,,,,,,,,,,,,,,,,,,,,,,,,,,,,,58138117,2442462,55620976,false,false,3,2019-04-01,2019-06-30,0
2019-07-31,19410,2019-03-31,1,,,,,,,,,,,,,,,,,,,,,,,,,,,,,,,,,,,55991627,false,false,3,2018-04-01,2018-06-30,-1
2019-10-31,19410,2020-03-31,2,75073000000,0.192,,,,,2619000000,0.857,3833000000,0.461,,2947000000,,52.96,52.86,,,,,259947000000,216811000000,0.820,,213207000000,,,,,,,,,,,,true,false,6,2019-04-01,2019-09-30,0
2019-10-31,19410,2019-03-31,2,62975000000,-0.014,,,,,1410000000,-0.559,2623000000,-0.501,,1536000000,,27.43,27.37,,,,,,,,,,,,,,,,,,,,,true,false,6,2018-04-01,2018-09-30,-1
2019-10-31,19410,2020-03-31,2,163000000000,0.063,,,,,7100000000,0.095,10000000000,0.121,,6900000000,,123.88,,,,,,,,,,,,,,,,,,,,,,true,true,12,2019-04-01,2020-03-31,0
2019-10-31,19410,2019-03-31,2,,,,,,,,,,,,,,,,,,,,267181000000,218036000000,0.802,,214407000000,,,,,,,,,,,,true,false,12,2018-04-01,2019-03-31,-1
2019-10-31,19410,2019-03-31,2,,,,,,,,,,,,,,,,,,,,,,,,,,,,,104.00,,,,58138117,2529765,,false,false,12,2018-04-01,2019-03-31,-1
2019-10-31,19410,2020-03-31,2,,,,,,,,,,,,,,,,,,,,,,,,,,,,,52.00,,,,,,,false,false,12,2019-04-01,2020-03-31,0
2019-10-31,19410,2020-03-31,2,,,,,,,,,,,,,,,,,,,,,,,,,,,,,104.00,,,,,,,false,true,12,2019-04-01,2020-03-31,0
2019-10-31,19410,2020-03-31,2,,,,,,,,,,,,,,,,,,,,,,,,,,,,,,,,,58138117,2440175,55659370,false,false,6,2019-04-01,2019-09-30,0
2019-10-31,19410,2019-03-31,2,,,,,,,,,,,,,,,,,,,,,,,,,,,,,,,,,,,56026291,false,false,6,2018-04-01,2018-09-30,-1
2020-01-28,19410,2020-03-31,,167000000000,0.025,,,,,7600000000,0.070,10500000000,0.050,,5600000000,,100.54,,,,,,,,,,,,,,,,,,,,,,true,true,12,2019-04-01,2020-03-31,0
2020-01-28,19410,2019-03-31,,153322000000,,,,,,6486000000,,8921000000,,,6160000000,,110.22,,,,,,,,,,,,,,,,,,,,,,true,false,12,2018-04-01,2019-03-31,-1
2020-01-28,19410,2020-03-31,,148000000000,0.021,,,,,7300000000,0.028,10200000000,0.020,4300000000,,-0.419,77.20,,,,,,,,,,,,,,,,,,,,,,false,true,12,2019-04-01,2020-03-31,0
2020-01-28,19410,2019-03-31,,133126000000,,,,,,6388000000,,8841000000,,6587000000,,,117.86,,,,,,,,,,,,,,,,,,,,,,false,false,12,2018-04-01,2019-03-31,-1
2020-01-30,19410,2020-03-31,3,111365000000,0.128,,,,,3641000000,0.320,5510000000,0.182,,2176000000,,39.09,39.01,,,,,255740000000,213355000000,0.820,,209699000000,,,,,,,,,,,,true,false,9,2019-04-01,2019-12-31,0
2020-01-30,19410,2019-03-31,3,98731000000,-0.004,,,,,2758000000,-0.502,4660000000,-0.440,,2264000000,,40.45,40.36,,,,,,,,,,,,,,,,,,,,,true,false,9,2018-04-01,2018-12-31,-1
2020-01-30,19410,2020-03-31,3,167000000000,0.089,,,,,7600000000,0.172,10500000000,0.177,,5600000000,,100.54,,,,,,,,,,,,,,,,,,,,,,true,true,12,2019-04-01,2020-03-31,0
2020-01-30,19410,2019-03-31,3,,,,,,,,,,,,,,,,,,,,267181000000,218036000000,0.802,,214407000000,,,,,,,,,,,,true,false,12,2018-04-01,2019-03-31,-1
2020-01-30,19410,2019-03-31,3,,,,,,,,,,,,,,,,,,,,,,,,,,,,,104.00,,,,58138117,2529765,,false,false,12,2018-04-01,2019-03-31,-1
2020-01-30,19410,2020-03-31,3,,,,,,,,,,,,,,,,,,,,,,,,,,,,,52.00,,,,,,,false,false,12,2019-04-01,2020-03-31,0
2020-01-30,19410,2020-03-31,3,,,,,,,,,,,,,,,,,,,,,,,,,,,,,104.00,,,,,,,false,true,12,2019-04-01,2020-03-31,0
2020-01-30,19410,2020-03-31,3,,,,,,,,,,,,,,,,,,,,,,,,,,,,,,,,,58138117,2440402,55672235,false,false,9,2019-04-01,2019-12-31,0
2020-01-30,19410,2019-03-31,3,,,,,,,,,,,,,,,,,,,,,,,,,,,,,,,,,,,55989739,false,false,9,2018-04-01,2018-12-31,-1
2020-04-24,19410,2020-03-31,,168880000000,0.011,,,,,8330000000,0.096,11180000000,0.065,,4790000000,,85.99,,,,,,,,,,,,,,,,,,,,,,true,true,12,2019-04-01,2020-03-31,0
2020-04-24,19410,2019-03-31,,153322000000,,,,,,6486000000,,8921000000,,,6160000000,,110.22,,,,,,,,,,,,,,,,,,,,,,true,false,12,2018-04-01,2019-03-31,-1
2020-04-24,19410,2020-03-31,,149340000000,0.009,,,,,7900000000,0.082,10780000000,0.057,3520000000,,-0.181,63.19,,,,,,,,,,,,,,,,,,,,,,false,true,12,2019-04-01,2020-03-31,0
2020-04-24,19410,2019-03-31,,133126000000,,,,,,6388000000,,8841000000,,6587000000,,,117.86,,,,,,,,,,,,,,,,,,,,,,false,false,12,2018-04-01,2019-03-31,-1
2020-04-28,19410,2020-03-31,,168888000000,0.102,,,,,8333000000,0.285,11188000000,0.254,,4795000000,,86.13,85.96,0.023,0.041,0.049,,273742000000,212043000000,0.761,3739.30,208292000000,11835000000,-15725000000,-6438000000,22242000000,,1.207,,,,,,true,false,12,2019-04-01,2020-03-31,0
2020-04-28,19410,2019-03-31,,153322000000,0.034,,,,,6486000000,-0.240,8921000000,-0.240,,6160000000,,110.22,109.98,0.028,0.033,0.042,,267181000000,218036000000,0.802,3855.67,214407000000,10126000000,-25559000000,-5712000000,32566000000,,0.944,,,,,,true,false,12,2018-04-01,2019-03-31,-1
2020-04-28,19410,2020-03-31,,149347000000,0.122,,,,,7900000000,0.237,10780000000,0.219,3520000000,,-0.466,63.22,63.10,,,,,252348000000,204537000000,0.810,3668.39,204342000000,,,,,104.00,,,,58138117,2434413,55678647,false,false,12,2019-04-01,2020-03-31,0
2020-04-28,19410,2019-03-31,,133126000000,0.010,,,,,6388000000,-0.193,8841000000,-0.203,6587000000,,-0.155,117.86,117.60,,,,,254028000000,210057000000,0.826,3773.56,209841000000,,,,,104.00,,,,58138117,2529765,55892920,false,false,12,2018-04-01,2019-03-31,-1
2020-04-28,19410,2021-03-31,,,,,,,,,,,,,,,,,,,,,,,,,,,,,,104.00,,,,,,,false,true,12,2020-04-01,2021-03-31,1
2020-07-31,19410,2021-03-31,1,38029000000,0.175,,,,,913000000,,1692000000,1.382,,1013000000,,18.20,18.16,,,,,266239000000,211384000000,0.780,,207688000000,,,,,,,,,,,,true,false,3,2020-04-01,2020-06-30,0
2020-07-31,19410,2020-03-31,1,32360000000,0.147,,,,,-62000000,,710000000,-0.344,,742000000,,13.35,13.32,,,,,,,,,,,,,,,,,,,,,true,false,3,2019-04-01,2019-06-30,-1
2020-07-31,19410,2021-03-31,1,83900000000,0.118,,,,,3200000000,0.222,4500000000,0.174,,2800000000,,50.19,,,,,,,,,,,,,,,,,,,,,,true,true,6,2020-04-01,2020-09-30,0
2020-07-31,19410,2021-03-31,1,185000000000,0.095,,,,,8800000000,0.056,11300000000,0.010,,6700000000,,120.09,,,,,,,,,,,,,,,,,,,,,,true,true,12,2020-04-01,2021-03-31,0
2020-07-31,19410,2020-03-31,1,,,,,,,,,,,,,,,,,,,,274976000000,212043000000,0.757,,208292000000,,,,,,,,,,,,true,false,12,2019-04-01,2020-03-31,-1
2020-07-31,19410,2020-03-31,1,,,,,,,,,,,,,,,,,,,,,,,,,,,,,104.00,,,,58138117,2434413,,false,false,12,2019-04-01,2020-03-31,-1
2020-07-31,19410,2021-03-31,1,,,,,,,,,,,,,,,,,,,,,,,,,,,,,104.00,,,,,,,false,true,12,2020-04-01,2021-03-31,0
2020-07-31,19410,2021-03-31,1,,,,,,,,,,,,,,,,,,,,,,,,,,,,,,,,,58138117,2347299,55718567,false,false,3,2020-04-01,2020-06-30,0
2020-07-31,19410,2020-03-31,1,,,,,,,,,,,,,,,,,,,,,,,,,,,,,,,,,,,55620976,false,false,3,2019-04-01,2019-06-30,-1
2020-07-31,19410,2021-03-31,,83900000000,,,,,,3200000000,,4500000000,,,2800000000,,50.19,,,,,,,,,,,,,,,,,,,,,,true,true,6,2020-04-01,2020-09-30,0
2020-07-31,19410,2020-03-31,,75073000000,,,,,,2619000000,,3833000000,,,2947000000,,52.96,,,,,,,,,,,,,,,,,,,,,,true,false,6,2019-04-01,2019-09-30,-1
2020-07-31,19410,2021-03-31,,185000000000,,,,,,8800000000,,11300000000,,,6700000000,,120.09,,,,,,,,,,,,,,,,,,,,,,true,true,12,2020-04-01,2021-03-31,0
2020-07-31,19410,2020-03-31,,168888000000,,,,,,8333000000,,11188000000,,,4795000000,,86.13,,,,,,,,,,,,,,,,,,,,,,true,false,12,2019-04-01,2020-03-31,-1
2020-07-31,19410,2021-03-31,,67500000000,,,,,,3100000000,,4300000000,,2900000000,,,51.98,,,,,,,,,,,,,,,,,,,,,,false,true,6,2020-04-01,2020-09-30,0
2020-07-31,19410,2020-03-31,,66335000000,,,,,,2579000000,,3843000000,,3222000000,,,57.90,,,,,,,,,,,,,,,,,,,,,,false,false,6,2019-04-01,2019-09-30,-1
2020-07-31,19410,2021-03-31,,145000000000,,,,,,7800000000,,10200000000,,6500000000,,,116.51,,,,,,,,,,,,,,,,,,,,,,false,true,12,2020-04-01,2021-03-31,0
2020-07-31,19410,2020-03-31,,149347000000,,,,,,7900000000,,10780000000,,3520000000,,,63.22,,,,,,,,,,,,,,,,,,,,,,false,false,12,2019-04-01,2020-03-31,-1
2020-10-30,19410,2021-03-31,2,82082000000,0.093,,,,,3269000000,0.248,4467000000,0.165,,2957000000,,53.10,53.02,,,,,265696000000,213459000000,0.789,,209751000000,,,,,,,,,,,,true,false,6,2020-04-01,2020-09-30,0
2020-10-30,19410,2020-03-31,2,75073000000,0.192,,,,,2619000000,0.857,3833000000,0.461,,2947000000,,52.96,52.86,,,,,,,,,,,,,,,,,,,,,true,false,6,2019-04-01,2019-09-30,-1
2020-10-30,19410,2021-03-31,2,183000000000,0.084,,,,,8800000000,0.056,11100000000,-0.008,,7400000000,,133.58,,,,,,,,,,,,,,,,,,,,,,true,true,12,2020-04-01,2021-03-31,0
2020-10-30,19410,2020-03-31,2,,,,,,,,,,,,,,,,,,,,274976000000,212043000000,0.757,,208292000000,,,,,,,,,,,,true,false,12,2019-04-01,2020-03-31,-1
2020-10-30,19410,2020-03-31,2,,,,,,,,,,,,,,,,,,,,,,,,,,,,,104.00,,,,58138117,2434413,,false,false,12,2019-04-01,2020-03-31,-1
2020-10-30,19410,2021-03-31,2,,,,,,,,,,,,,,,,,,,,,,,,,,,,,52.00,,,,,,,false,false,12,2020-04-01,2021-03-31,0
2020-10-30,19410,2021-03-31,2,,,,,,,,,,,,,,,,,,,,,,,,,,,,,104.00,,,,,,,false,true,12,2020-04-01,2021-03-31,0
2020-10-30,19410,2021-03-31,2,,,,,,,,,,,,,,,,,,,,,,,,,,,,,,,,,58138117,2740331,55695971,false,false,6,2020-04-01,2020-09-30,0
2020-10-30,19410,2020-03-31,2,,,,,,,,,,,,,,,,,,,,,,,,,,,,,,,,,,,55659370,false,false,6,2019-04-01,2019-09-30,-1
2021-01-29,19410,2021-03-31,3,124834000000,0.121,,,,,5791000000,0.591,7621000000,0.383,,5455000000,,98.11,97.96,,,,,265751000000,213175000000,0.788,,209396000000,,,,,,,,,,,,true,false,9,2020-04-01,2020-12-31,0
2021-01-29,19410,2020-03-31,3,111365000000,0.128,,,,,3641000000,0.320,5510000000,0.182,,2176000000,,39.09,39.01,,,,,,,,,,,,,,,,,,,,,true,false,9,2019-04-01,2019-12-31,-1
2021-01-29,19410,2021-03-31,3,184000000000,0.089,,,,,9500000000,0.140,11700000000,0.046,,8000000000,,144.27,,,,,,,,,,,,,,,,,,,,,,true,true,12,2020-04-01,2021-03-31,0
2021-01-29,19410,2020-03-31,3,,,,,,,,,,,,,,,,,,,,274976000000,212043000000,0.757,,208292000000,,,,,,,,,,,,true,false,12,2019-04-01,2020-03-31,-1
2021-01-29,19410,2020-03-31,3,,,,,,,,,,,,,,,,,,,,,,,,,,,,,104.00,,,,58138117,2434413,,false,false,12,2019-04-01,2020-03-31,-1
2021-01-29,19410,2021-03-31,3,,,,,,,,,,,,,,,,,,,,,,,,,,,,,52.00,,,,,,,false,false,12,2020-04-01,2021-03-31,0
2021-01-29,19410,2021-03-31,3,,,,,,,,,,,,,,,,,,,,,,,,,,,,,104.00,,,,,,,false,true,12,2020-04-01,2021-03-31,0
2021-01-29,19410,2021-03-31,3,,,,,,,,,,,,,,,,,,,,,,,,,,,,,,,,,58138117,2686638,55601747,false,false,9,2020-04-01,2020-12-31,0
2021-01-29,19410,2020-03-31,3,,,,,,,,,,,,,,,,,,,,,,,,,,,,,,,,,,,55672235,false,false,9,2019-04-01,2019-12-31,-1
2021-04-28,19410,2021-03-31,,184482000000,0.092,,,,,9482000000,0.138,11899000000,0.064,,8119000000,,146.13,145.91,0.038,0.043,0.051,,276519000000,218747000000,0.776,3870.58,214706000000,9116000000,6344000000,-7182000000,30477000000,,0.712,,,,,,true,false,12,2020-04-01,2021-03-31,0
2021-04-28,19410,2020-03-31,,168888000000,0.102,,,,,8333000000,0.285,11188000000,0.254,,4795000000,,86.13,85.96,0.023,0.041,0.049,,274976000000,212043000000,0.757,3739.30,208292000000,11835000000,-15725000000,-6438000000,22242000000,,1.207,,,,,,true,false,12,2019-04-01,2020-03-31,-1
2021-04-28,19410,2022-03-31,,81000000000,-0.013,,,,,2600000000,-0.205,3500000000,-0.217,,2000000000,,36.05,,,,,,,,,,,,,,,,,,,,,,true,true,6,2021-04-01,2021-09-30,1
2021-04-28,19410,2022-03-31,,188000000000,0.019,,,,,9700000000,0.023,11700000000,-0.017,,7100000000,,127.99,,,,,,,,,,,,,,,,,,,,,,true,true,12,2021-04-01,2022-03-31,1
2021-04-28,19410,2021-03-31,,148443000000,-0.006,,,,,8131000000,0.029,10538000000,-0.022,7816000000,,1.221,140.67,140.46,,,,,256228000000,209807000000,0.818,3779.42,209649000000,,,,,104.00,,,,58138117,2666664,55566740,false,false,12,2020-04-01,2021-03-31,0
2021-04-28,19410,2020-03-31,,149347000000,0.122,,,,,7900000000,0.237,10780000000,0.219,3520000000,,-0.466,63.22,63.10,,,,,252348000000,204537000000,0.810,3668.39,204342000000,,,,,104.00,,,,58138117,2434413,55678647,false,false,12,2019-04-01,2020-03-31,-1
2021-04-28,19410,2022-03-31,,63000000000,-0.039,,,,,2500000000,-0.170,3400000000,-0.191,2200000000,,-0.274,39.66,,,,,,,,,,,,,,,,,,,,,,false,true,6,2021-04-01,2021-09-30,1
2021-04-28,19410,2022-03-31,,149000000000,0.004,,,,,8600000000,0.058,10600000000,0.006,7000000000,,-0.104,126.19,,,,,,,,,,,,,,,104.00,,,,,,,false,true,12,2021-04-01,2022-03-31,1
2021-07-30,19410,2022-03-31,1,33986000000,-0.106,,,,,141000000,-0.845,658000000,-0.611,,-20000000,,-0.37,,,,,,265638000000,214228000000,0.796,,211374000000,,,,,,,,,,,,true,false,3,2021-04-01,2021-06-30,0
2021-07-30,19410,2021-03-31,1,38029000000,0.175,,,,,913000000,,1692000000,1.382,,1013000000,,18.20,18.16,,,,,,,,,,,,,,,,,,,,,true,false,3,2020-04-01,2020-06-30,-1
2021-07-30,19410,2022-03-31,1,78000000000,-0.050,,,,,2400000000,-0.266,3300000000,-0.261,,1600000000,,28.80,,,,,,,,,,,,,,,,,,,,,,true,true,6,2021-04-01,2021-09-30,0
2021-07-30,19410,2022-03-31,1,189000000000,0.024,,,,,9700000000,0.023,11700000000,-0.017,,6800000000,,122.40,,,,,,,,,,,,,,,,,,,,,,true,true,12,2021-04-01,2022-03-31,0
2021-07-30,19410,2021-03-31,1,,,,,,,,,,,,,,,,,,,,276519000000,218747000000,0.776,,214706000000,,,,,,,,,,,,true,false,12,2020-04-01,2021-03-31,-1
2021-07-30,19410,2021-03-31,1,,,,,,,,,,,,,,,,,,,,,,,,,,,,,104.00,,,,58138117,2666664,,false,false,12,2020-04-01,2021-03-31,-1
2021-07-30,19410,2022-03-31,1,,,,,,,,,,,,,,,,,,,,,,,,,,,,,104.00,,,,,,,false,true,12,2021-04-01,2022-03-31,0
2021-07-30,19410,2022-03-31,1,,,,,,,,,,,,,,,,,,,,,,,,,,,,,,,,,58138117,2584824,55487197,false,false,3,2021-04-01,2021-06-30,0
2021-07-30,19410,2021-03-31,1,,,,,,,,,,,,,,,,,,,,,,,,,,,,,,,,,,,55718567,false,false,3,2020-04-01,2020-06-30,-1
2021-10-29,19410,2022-03-31,2,77157000000,-0.060,,,,,2323000000,-0.289,3315000000,-0.258,,1648000000,,29.73,29.70,,,,,267118000000,215322000000,0.795,,212383000000,,,,,,,,,,,,true,false,6,2021-04-01,2021-09-30,0
2021-10-29,19410,2021-03-31,2,82082000000,0.093,,,,,3269000000,0.248,4467000000,0.165,,2957000000,,53.10,53.02,,,,,,,,,,,,,,,,,,,,,true,false,6,2020-04-01,2020-09-30,-1
2021-10-29,19410,2022-03-31,2,189000000000,0.024,,,,,9700000000,0.023,11700000000,-0.017,,6800000000,,123.64,,,,,,,,,,,,,,,,,,,,,,true,true,12,2021-04-01,2022-03-31,0
2021-10-29,19410,2021-03-31,2,,,,,,,,,,,,,,,,,,,,276519000000,218747000000,0.776,,214706000000,,,,,,,,,,,,true,false,12,2020-04-01,2021-03-31,-1
2021-10-29,19410,2021-03-31,2,,,,,,,,,,,,,,,,,,,,,,,,,,,,,104.00,,,,58138117,2666664,,false,false,12,2020-04-01,2021-03-31,-1
2021-10-29,19410,2022-03-31,2,,,,,,,,,,,,,,,,,,,,,,,,,,,,,52.00,,,,,,,false,false,12,2021-04-01,2022-03-31,0
2021-10-29,19410,2022-03-31,2,,,,,,,,,,,,,,,,,,,,,,,,,,,,,104.00,,,,,,,false,true,12,2021-04-01,2022-03-31,0
2021-10-29,19410,2022-03-31,2,,,,,,,,,,,,,,,,,,,,,,,,,,,,,,,,,58138117,3140345,55431948,false,false,6,2021-04-01,2021-09-30,0
2021-10-29,19410,2021-03-31,2,,,,,,,,,,,,,,,,,,,,,,,,,,,,,,,,,,,55695971,false,false,6,2020-04-01,2020-09-30,-1
2022-01-31,19410,2022-03-31,3,122849000000,-0.016,,,,,4486000000,-0.225,6121000000,-0.197,,3405000000,,61.58,61.52,,,,,268114000000,213880000000,0.786,,210848000000,,,,,,,,,,,,true,false,9,2021-04-01,2021-12-31,0
2022-01-31,19410,2021-03-31,3,124834000000,0.121,,,,,5791000000,0.591,7621000000,0.383,,5455000000,,98.11,97.96,,,,,,,,,,,,,,,,,,,,,true,false,9,2020-04-01,2020-12-31,-1
2022-01-31,19410,2022-03-31,3,189000000000,0.024,,,,,9500000000,0.002,11700000000,-0.017,,6800000000,,123.50,,,,,,,,,,,,,,,,,,,,,,true,true,12,2021-04-01,2022-03-31,0
2022-01-31,19410,2021-03-31,3,,,,,,,,,,,,,,,,,,,,276519000000,218747000000,0.776,,214706000000,,,,,,,,,,,,true,false,12,2020-04-01,2021-03-31,-1
2022-01-31,19410,2021-03-31,3,,,,,,,,,,,,,,,,,,,,,,,,,,,,,104.00,,,,58138117,2666664,,false,false,12,2020-04-01,2021-03-31,-1
2022-01-31,19410,2022-03-31,3,,,,,,,,,,,,,,,,,,,,,,,,,,,,,52.00,,,,,,,false,false,12,2021-04-01,2022-03-31,0
2022-01-31,19410,2022-03-31,3,,,,,,,,,,,,,,,,,,,,,,,,,,,,,104.00,,,,,,,false,true,12,2021-04-01,2022-03-31,0
2022-01-31,19410,2022-03-31,3,,,,,,,,,,,,,,,,,,,,,,,,,,,,,,,,,58138117,3075857,55293287,false,false,9,2021-04-01,2021-12-31,0
2022-01-31,19410,2021-03-31,3,,,,,,,,,,,,,,,,,,,,,,,,,,,,,,,,,,,55601747,false,false,9,2020-04-01,2020-12-31,-1
2022-04-28,19410,2022-03-31,,190690000000,0.034,,,,,9762000000,0.029,11959000000,0.005,,6682000000,,120.98,120.86,0.031,0.043,0.051,,279725000000,216329000000,0.762,3868.69,213120000000,7968000000,-4326000000,-8516000000,25679000000,,0.860,,,,,,true,false,12,2021-04-01,2022-03-31,0
2022-04-28,19410,2021-03-31,,184482000000,0.092,,,,,9482000000,0.138,11899000000,0.064,,8119000000,,146.13,145.91,0.038,0.043,0.051,,276519000000,218747000000,0.776,3870.58,214706000000,9116000000,6344000000,-7182000000,30477000000,,0.712,,,,,,true,false,12,2020-04-01,2021-03-31,-1
2022-04-28,19410,2023-03-31,,82000000000,0.063,,,,,3000000000,0.291,4200000000,0.267,,2400000000,,43.57,,,,,,,,,,,,,,,,,,,,,,true,true,6,2022-04-01,2022-09-30,1
2022-04-28,19410,2023-03-31,,196000000000,0.028,,,,,10000000000,0.024,12200000000,0.020,,7500000000,,136.14,,,,,,,,,,,,,,,,,,,,,,true,true,12,2022-04-01,2023-03-31,1
2022-04-28,19410,2022-03-31,,153001000000,0.031,,,,,8100000000,-0.004,10607000000,0.007,6375000000,,-0.184,115.41,115.29,,,,,255990000000,207928000000,0.812,3772.50,207821000000,,,,,104.00,,,,58138117,3049649,55238927,false,false,12,2021-04-01,2022-03-31,0
2022-04-28,19410,2021-03-31,,148443000000,-0.006,,,,,8131000000,0.029,10538000000,-0.022,7816000000,,1.221,140.67,140.46,,,,,256228000000,209807000000,0.818,3779.42,209649000000,,,,,104.00,,,,58138117,2666664,55566740,false,false,12,2020-04-01,2021-03-31,-1
2022-04-28,19410,2023-03-31,,63000000000,0.024,,,,,2500000000,0.111,3900000000,0.125,2500000000,,0.214,45.38,,,,,,,,,,,,,,,,,,,,,,false,true,6,2022-04-01,2022-09-30,1
2022-04-28,19410,2023-03-31,,154000000000,0.007,,,,,8600000000,0.062,11000000000,0.037,7300000000,,0.145,132.51,,,,,,,,,,,,,,,104.00,,,,,,,false,true,12,2022-04-01,2023-03-31,1
2022-07-29,19410,2023-03-31,1,35526000000,0.045,,,,,119000000,-0.578,1254000000,0.904,,624000000,,11.33,11.32,,,,,267377000000,213576000000,0.787,,210350000000,,,,,,,,,,,,true,false,3,2022-04-01,2022-06-30,0
2022-07-29,19410,2022-03-31,1,33986000000,-0.106,,,,,283000000,,658000000,-0.611,,-20000000,,-0.37,,,,,,,,,,,,,,,,,,,,,,true,false,3,2021-04-01,2021-06-30,-1
2022-07-29,19410,2023-03-31,1,81000000000,0.050,,,,,2500000000,-0.053,3900000000,0.176,,2100000000,,38.07,,,,,,,,,,,,,,,,,,,,,,true,true,6,2022-04-01,2022-09-30,0
2022-07-29,19410,2023-03-31,1,196000000000,0.028,,,,,10500000000,0.007,12700000000,0.062,,7700000000,,139.58,,,,,,,,,,,,,,,,,,,,,,true,true,12,2022-04-01,2023-03-31,0
2022-07-29,19410,2022-03-31,1,,,,,,,,,,,,,,,,,,,,279725000000,216329000000,0.762,,213120000000,,,,,,,,,,,,true,false,12,2021-04-01,2022-03-31,-1
2022-07-29,19410,2022-03-31,1,,,,,,,,,,,,,,,,,,,,,,,,,,,,,104.00,,,,58138117,3049649,,false,false,12,2021-04-01,2022-03-31,-1
2022-07-29,19410,2023-03-31,1,,,,,,,,,,,,,,,,,,,,,,,,,,,,,104.00,,,,,,,false,true,12,2022-04-01,2023-03-31,0
2022-07-29,19410,2023-03-31,1,,,,,,,,,,,,,,,,,,,,,,,,,,,,,,,,,58138117,2971749,55106066,false,false,3,2022-04-01,2022-06-30,0
2022-07-29,19410,2022-03-31,1,,,,,,,,,,,,,,,,,,,,,,,,,,,,,,,,,,,55487197,false,false,3,2021-04-01,2021-06-30,-1
2022-10-26,19410,2023-03-31,,79510000000,-0.018,,,,,1080000000,-0.568,2400000000,-0.385,,1300000000,,23.57,,,,,,,,,,,,,,,,,,,,,,true,true,6,2022-04-01,2022-09-30,0
2022-10-26,19410,2022-03-31,,77157000000,,,,,,2639000000,,3315000000,,,1648000000,,29.73,,,,,,,,,,,,,,,,,,,,,,true,false,6,2021-04-01,2021-09-30,-1
2022-10-26,19410,2023-03-31,,196000000000,,,,,,9500000000,-0.095,11700000000,-0.079,,7000000000,,126.83,,,,,,,,,,,,,,,,,,,,,,true,true,12,2022-04-01,2023-03-31,0
2022-10-26,19410,2022-03-31,,190690000000,,,,,,10425000000,,11959000000,,,6682000000,,120.98,,,,,,,,,,,,,,,,,,,,,,true,false,12,2021-04-01,2022-03-31,-1
2022-10-26,19410,2023-03-31,,61270000000,-0.012,,,,,790000000,-0.605,2430000000,-0.325,1520000000,,-0.309,27.56,,,,,,,,,,,,,,,,,,,,,,false,true,6,2022-04-01,2022-09-30,0
2022-10-26,19410,2022-03-31,,61535000000,,,,,,2558000000,,3465000000,,2059000000,,,37.15,,,,,,,,,,,,,,,,,,,,,,false,false,6,2021-04-01,2021-09-30,-1
2022-10-26,19410,2023-03-31,,154000000000,,,,,,8100000000,-0.110,10500000000,-0.087,6800000000,,-0.093,123.21,,,,,,,,,,,,,,,,,,,,,,false,true,12,2022-04-01,2023-03-31,0
2022-10-26,19410,2022-03-31,,153001000000,,,,,,8745000000,,10607000000,,6375000000,,,115.41,,,,,,,,,,,,,,,,,,,,,,false,false,12,2021-04-01,2022-03-31,-1
2022-10-28,19410,2023-03-31,2,79515000000,0.031,,,,,1084000000,-0.589,2403000000,-0.275,,1303000000,,23.63,23.61,,,,,268405000000,213754000000,0.784,,210408000000,,,,,,,,,,,,true,false,6,2022-04-01,2022-09-30,0
2022-10-28,19410,2022-03-31,2,77157000000,-0.060,,,,,2639000000,,3315000000,-0.258,,1648000000,,29.73,29.70,,,,,,,,,,,,,,,,,,,,,true,false,6,2021-04-01,2021-09-30,-1
2022-10-28,19410,2023-03-31,2,196000000000,0.028,,,,,9500000000,-0.089,11700000000,-0.022,,7000000000,,126.83,,,,,,,,,,,,,,,,,,,,,,true,true,12,2022-04-01,2023-03-31,0
2022-10-28,19410,2022-03-31,2,,,,,,,,,,,,,,,,,,,,279725000000,216329000000,0.762,,213120000000,,,,,,,,,,,,true,false,12,2021-04-01,2022-03-31,-1
2022-10-28,19410,2022-03-31,2,,,,,,,,,,,,,,,,,,,,,,,,,,,,,104.00,,,,58138117,3049649,,false,false,12,2021-04-01,2022-03-31,-1
2022-10-28,19410,2023-03-31,2,,,,,,,,,,,,,,,,,,,,,,,,,,,,,52.00,,,,,,,false,false,12,2022-04-01,2023-03-31,0
2022-10-28,19410,2023-03-31,2,,,,,,,,,,,,,,,,,,,,,,,,,,,,,104.00,,,,,,,false,true,12,2022-04-01,2023-03-31,0
2022-10-28,19410,2023-03-31,2,,,,,,,,,,,,,,,,,,,,,,,,,,,,,,,,,58138117,2947350,55145869,false,false,6,2022-04-01,2022-09-30,0
2022-10-28,19410,2022-03-31,2,,,,,,,,,,,,,,,,,,,,,,,,,,,,,,,,,,,55431948,false,false,6,2021-04-01,2021-09-30,-1
2023-01-31,19410,2023-03-31,3,124363000000,0.012,,,,,2786000000,-0.435,4684000000,-0.235,,2720000000,,49.36,49.33,,,,,265324000000,210843000000,0.785,,208253000000,,,,,,,,,,,,true,false,9,2022-04-01,2022-12-31,0
2023-01-31,19410,2022-03-31,3,122849000000,-0.016,,,,,4933000000,,6121000000,-0.197,,3405000000,,61.58,61.52,,,,,,,,,,,,,,,,,,,,,true,false,9,2021-04-01,2021-12-31,-1
2023-01-31,19410,2023-03-31,3,188000000000,-0.014,,,,,8400000000,-0.194,10600000000,-0.114,,6100000000,,111.33,,,,,,,,,,,,,,,,,,,,,,true,true,12,2022-04-01,2023-03-31,0
2023-01-31,19410,2022-03-31,3,,,,,,,,,,,,,,,,,,,,279725000000,216329000000,0.762,,213120000000,,,,,,,,,,,,true,false,12,2021-04-01,2022-03-31,-1
2023-01-31,19410,2022-03-31,3,,,,,,,,,,,,,,,,,,,,,,,,,,,,,104.00,,,,58138117,3049649,,false,false,12,2021-04-01,2022-03-31,-1
2023-01-31,19410,2023-03-31,3,,,,,,,,,,,,,,,,,,,,,,,,,,,,,52.00,,,,,,,false,false,12,2022-04-01,2023-03-31,0
2023-01-31,19410,2023-03-31,3,,,,,,,,,,,,,,,,,,,,,,,,,,,,,104.00,,,,,,,false,true,12,2022-04-01,2023-03-31,0
2023-01-31,19410,2023-03-31,3,,,,,,,,,,,,,,,,,,,,,,,,,,,,,,,,,58138117,3345372,55116004,false,false,9,2022-04-01,2022-12-31,0
2023-01-31,19410,2022-03-31,3,,,,,,,,,,,,,,,,,,,,,,,,,,,,,,,,,,,55293287,false,false,9,2021-04-01,2021-12-31,-1
2023-03-28,19410,2023-03-31,,188000000000,,,,,,8400000000,,-1900000000,,,-7300000000,,-133.23,,,,,,,,,,,,,,,,,,,,,,true,true,12,2022-04-01,2023-03-31,0
2023-03-28,19410,2022-03-31,,190690000000,,,,,,10425000000,,11959000000,,,6682000000,,120.98,,,,,,,,,,,,,,,,,,,,,,true,false,12,2021-04-01,2022-03-31,-1
2023-03-28,19410,2023-03-31,,148000000000,,,,,,7000000000,,9400000000,,-7800000000,,,-142.35,,,,,,,,,,,,,,,,,,,,,,false,true,12,2022-04-01,2023-03-31,0
2023-03-28,19410,2022-03-31,,153001000000,,,,,,8745000000,,10607000000,,6375000000,,,115.41,,,,,,,,,,,,,,,,,,,,,,false,false,12,2021-04-01,2022-03-31,-1
2023-04-28,19410,2023-03-31,,189032000000,-0.009,,,,,8361000000,-0.198,-1905000000,,,-6913000000,,-125.62,,-0.034,-0.007,0.044,,272514000000,202069000000,0.732,3638.70,199374000000,6181000000,4843000000,-7512000000,29403000000,,,,,,,,true,false,12,2022-04-01,2023-03-31,0
2023-04-28,19410,2022-03-31,,190690000000,0.034,,,,,10425000000,,11959000000,0.005,,6682000000,,120.98,120.86,0.031,0.043,0.055,,279725000000,216329000000,0.762,3868.69,213120000000,7968000000,-4326000000,-8516000000,25679000000,,0.860,,,,,,true,false,12,2021-04-01,2022-03-31,-1
2023-04-28,19410,2024-03-31,,205000000000,0.084,,,,,10500000000,0.256,12100000000,,,7600000000,,138.70,,,,,,,,,,,,,,,,0.750,,,,,,true,true,12,2023-04-01,2024-03-31,1
2023-04-28,19410,2023-03-31,,148235000000,-0.031,,,,,6638000000,-0.241,9137000000,-0.139,-7967000000,,,-144.76,,,,,,248785000000,193294000000,0.777,3526.58,193230000000,,,,,104.00,,,,58138117,3345336,55036307,false,false,12,2022-04-01,2023-03-31,0
2023-04-28,19410,2022-03-31,,153001000000,0.031,,,,,8745000000,,10607000000,0.007,6375000000,,-0.184,115.41,115.29,,,,,255990000000,207928000000,0.812,3772.50,207821000000,,,,,104.00,,,,58138117,3049649,55238927,false,false,12,2021-04-01,2022-03-31,-1
2023-04-28,19410,2024-03-31,,159000000000,0.073,,,,,8500000000,0.280,10300000000,0.127,7000000000,,,127.75,,,,,,,,,,,,,,,104.00,,,,,,,false,true,12,2023-04-01,2024-03-31,1
2023-07-28,19410,2024-03-31,1,37677000000,0.061,,,,,-591000000,,-610000000,,,-572000000,,-10.44,,,,,,262931000000,200946000000,0.754,,198279000000,,,,,,,,,,,,true,false,3,2023-04-01,2023-06-30,0
2023-07-28,19410,2023-03-31,1,35526000000,0.045,,,,,119000000,-0.578,1254000000,0.904,,624000000,,11.33,11.32,,,,,,,,,,,,,,,,,,,,,true,false,3,2022-04-01,2022-06-30,-1
2023-07-28,19410,2024-03-31,1,205000000000,0.084,,,,,10500000000,0.256,12100000000,,,7600000000,,138.70,,,,,,,,,,,,,,,,,,,,,,true,true,12,2023-04-01,2024-03-31,0
2023-07-28,19410,2023-03-31,1,,,,,,,,,,,,,,,,,,,,272514000000,202069000000,0.732,,199374000000,,,,,,,,,,,,true,false,12,2022-04-01,2023-03-31,-1
2023-07-28,19410,2023-03-31,1,,,,,,,,,,,,,,,,,,,,,,,,,,,,,104.00,,,,58138117,3345336,,false,false,12,2022-04-01,2023-03-31,-1
2023-07-28,19410,2024-03-31,1,,,,,,,,,,,,,,,,,,,,,,,,,,,,,104.00,,,,,,,false,true,12,2023-04-01,2024-03-31,0
2023-07-28,19410,2024-03-31,1,,,,,,,,,,,,,,,,,,,,,,,,,,,,,,,,,58138117,3345349,54792797,false,false,3,2023-04-01,2023-06-30,0
2023-07-28,19410,2023-03-31,1,,,,,,,,,,,,,,,,,,,,,,,,,,,,,,,,,,,55106066,false,false,3,2022-04-01,2022-06-30,-1
2023-10-31,19410,2024-03-31,2,82699000000,0.040,,,,,1479000000,0.365,1451000000,-0.396,,577000000,,10.54,10.53,,,,,259402000000,203920000000,0.776,,201228000000,,,,,,,,,,,,true,false,6,2023-04-01,2023-09-30,0
2023-10-31,19410,2023-03-31,2,79515000000,0.031,,,,,1084000000,-0.589,2403000000,-0.275,,1303000000,,23.63,23.61,,,,,,,,,,,,,,,,,,,,,true,false,6,2022-04-01,2022-09-30,-1
2023-10-31,19410,2024-03-31,2,205000000000,0.084,,,,,10500000000,0.256,12100000000,,,7600000000,,138.65,,,,,,,,,,,,,,,,,,,,,,true,true,12,2023-04-01,2024-03-31,0
2023-10-31,19410,2023-03-31,2,,,,,,,,,,,,,,,,,,,,272514000000,202069000000,0.732,,199374000000,,,,,,,,,,,,true,false,12,2022-04-01,2023-03-31,-1
2023-10-31,19410,2023-03-31,2,,,,,,,,,,,,,,,,,,,,,,,,,,,,,104.00,,,,58138117,3345336,,false,false,12,2022-04-01,2023-03-31,-1
2023-10-31,19410,2024-03-31,2,,,,,,,,,,,,,,,,,,,,,,,,,,,,,52.00,,,,,,,false,false,12,2023-04-01,2024-03-31,0
2023-10-31,19410,2024-03-31,2,,,,,,,,,,,,,,,,,,,,,,,,,,,,,104.00,,,,,,,false,true,12,2023-04-01,2024-03-31,0
2023-10-31,19410,2024-03-31,2,,,,,,,,,,,,,,,,,,,,,,,,,,,,,,,,,58138117,3323388,54800961,false,false,6,2023-04-01,2023-09-30,0
2023-10-31,19410,2023-03-31,2,,,,,,,,,,,,,,,,,,,,,,,,,,,,,,,,,,,55145869,false,false,6,2022-04-01,2022-09-30,-1
2024-01-31,19410,2024-03-31,3,131300000000,0.056,,,,,4681000000,0.680,5203000000,0.111,,2779000000,,50.78,50.76,,,,,260097000000,202405000000,0.768,,199654000000,,,,,,,,,,,,true,false,9,2023-04-01,2023-12-31,0
2024-01-31,19410,2023-03-31,3,124363000000,0.012,,,,,2786000000,-0.435,4684000000,-0.235,,2720000000,,49.36,49.33,,,,,,,,,,,,,,,,,,,,,true,false,9,2022-04-01,2022-12-31,-1
2024-01-31,19410,2024-03-31,3,205000000000,0.084,,,,,10500000000,0.256,12100000000,,,7600000000,,140.20,,,,,,,,,,,,,,,,,,,,,,true,true,12,2023-04-01,2024-03-31,0
2024-01-31,19410,2023-03-31,3,,,,,,,,,,,,,,,,,,,,272514000000,202069000000,0.732,,199374000000,,,,,,,,,,,,true,false,12,2022-04-01,2023-03-31,-1
2024-01-31,19410,2023-03-31,3,,,,,,,,,,,,,,,,,,,,,,,,,,,,,104.00,,,,58138117,3345336,,false,false,12,2022-04-01,2023-03-31,-1
2024-01-31,19410,2024-03-31,3,,,,,,,,,,,,,,,,,,,,,,,,,,,,,52.00,,,,,,,false,false,12,2023-04-01,2024-03-31,0
2024-01-31,19410,2024-03-31,3,,,,,,,,,,,,,,,,,,,,,,,,,,,,,104.00,,,,,,,false,true,12,2023-04-01,2024-03-31,0
2024-01-31,19410,2024-03-31,3,,,,,,,,,,,,,,,,,,,,,,,,,,,,,,,,,58138117,3929734,54735013,false,false,9,2023-04-01,2023-12-31,0
2024-01-31,19410,2023-03-31,3,,,,,,,,,,,,,,,,,,,,,,,,,,,,,,,,,,,55116004,false,false,9,2022-04-01,2022-12-31,-1
2024-04-26,19410,2024-03-31,,201025000000,0.063,,,,,11947000000,0.429,12742000000,,,7937000000,,145.37,145.29,0.039,0.046,0.059,,280542000000,213921000000,0.752,3893.07,211036000000,13721000000,-6098000000,-7316000000,29845000000,,0.715,,,,,,true,false,12,2023-04-01,2024-03-31,0
2024-04-26,19410,2023-03-31,,189032000000,-0.009,,,,,8361000000,-0.198,-1905000000,,,-6913000000,,-125.62,,-0.034,-0.007,0.044,,272514000000,202069000000,0.732,3638.70,199374000000,6181000000,4843000000,-7512000000,29403000000,,,,,,,,true,false,12,2022-04-01,2023-03-31,-1
2024-04-26,19410,2025-03-31,,210000000000,0.045,,,,,12500000000,0.046,14300000000,0.122,,8800000000,,162.34,,,,,,,,,,,,,,,,0.739,,,,,,true,true,12,2024-04-01,2025-03-31,1
2024-04-26,19410,2024-03-31,,157147000000,0.060,,,,,9819000000,0.479,11014000000,0.205,7841000000,,,143.61,143.53,,,,,255129000000,201763000000,0.791,3720.84,201699000000,,,,,104.00,,,,58138117,3929901,54604057,false,false,12,2023-04-01,2024-03-31,0
2024-04-26,19410,2023-03-31,,148235000000,-0.031,,,,,6638000000,-0.241,9137000000,-0.139,-7967000000,,,-144.76,,,,,,248785000000,193294000000,0.777,3526.58,193230000000,,,,,104.00,,,,58138117,3345336,55036307,false,false,12,2022-04-01,2023-03-31,-1
2024-04-26,19410,2025-03-31,,164000000000,0.044,,,,,10400000000,0.059,12200000000,0.108,8500000000,,0.084,156.80,,,,,,,,,,,,,,,120.00,,,,,,,false,true,12,2024-04-01,2025-03-31,1
2024-07-31,19410,2025-03-31,1,45650000000,0.212,,,,,2854000000,,3604000000,,,2203000000,,40.65,40.63,,,,,273238000000,213742000000,0.772,,210894000000,,,,,,,,,,,,true,false,3,2024-04-01,2024-06-30,0
2024-07-31,19410,2024-03-31,1,37677000000,0.061,,,,,-591000000,,-610000000,,,-572000000,,-10.44,,,,,,,,,,,,,,,,,,,,,,true,false,3,2023-04-01,2023-06-30,-1
2024-07-31,19410,2025-03-31,1,210000000000,0.045,,,,,12500000000,0.046,14300000000,0.122,,8800000000,,162.32,,,,,,,,,,,,,,,,,,,,,,true,true,12,2024-04-01,2025-03-31,0
2024-07-31,19410,2024-03-31,1,,,,,,,,,,,,,,,,,,,,280542000000,213921000000,0.752,,211036000000,,,,,,,,,,,,true,false,12,2023-04-01,2024-03-31,-1
2024-07-31,19410,2024-03-31,1,,,,,,,,,,,,,,,,,,,,,,,,,,,,,104.00,,,,58138117,3929901,,false,false,12,2023-04-01,2024-03-31,-1
2024-07-31,19410,2025-03-31,1,,,,,,,,,,,,,,,,,,,,,,,,,,,,,120.00,,,,,,,false,true,12,2024-04-01,2025-03-31,0
2024-07-31,19410,2025-03-31,1,,,,,,,,,,,,,,,,,,,,,,,,,,,,,,,,,58138117,3923374,54208442,false,false,3,2024-04-01,2024-06-30,0
2024-07-31,19410,2024-03-31,1,,,,,,,,,,,,,,,,,,,,,,,,,,,,,,,,,,,54792797,false,false,3,2023-04-01,2023-06-30,-1
2024-10-31,19410,2025-03-31,2,98239000000,0.188,,,,,8176000000,4.525,9153000000,5.308,,5987000000,,110.44,110.39,,,,,275396000000,215583000000,0.772,,212684000000,,,,,,,,,,,,true,false,6,2024-04-01,2024-09-30,0
2024-10-31,19410,2024-03-31,2,82699000000,0.040,,,,,1479000000,0.365,1451000000,-0.396,,577000000,,10.54,10.53,,,,,,,,,,,,,,,,,,,,,true,false,6,2023-04-01,2023-09-30,-1
2024-10-31,19410,2025-03-31,2,223000000000,0.109,,,,,16500000000,0.381,18600000000,0.460,,16100000000,,296.88,,,,,,,,,,,,,,,,,,,,,,true,true,12,2024-04-01,2025-03-31,0
2024-10-31,19410,2024-03-31,2,,,,,,,,,,,,,,,,,,,,280542000000,213921000000,0.752,,211036000000,,,,,,,,,,,,true,false,12,2023-04-01,2024-03-31,-1
2024-10-31,19410,2024-03-31,2,,,,,,,,,,,,,,,,,,,,,,,,,,,,,104.00,,,,58138117,3929901,,false,false,12,2023-04-01,2024-03-31,-1
2024-10-31,19410,2025-03-31,2,,,,,,,,,,,,,,,,,,,,,,,,,,,,,60.00,,,,,,,false,false,12,2024-04-01,2025-03-31,0
2024-10-31,19410,2025-03-31,2,,,,,,,,,,,,,,,,,,,,,,,,,,,,,120.00,,,,,,,false,true,12,2024-04-01,2025-03-31,0
2024-10-31,19410,2025-03-31,2,,,,,,,,,,,,,,,,,,,,,,,,,,,,,,,,,58138117,3907922,54217468,false,false,6,2024-04-01,2024-09-30,0
2024-10-31,19410,2024-03-31,2,,,,,,,,,,,,,,,,,,,,,,,,,,,,,,,,,,,54800961,false,false,6,2023-04-01,2023-09-30,-1
2025-01-31,19410,2025-03-31,3,153396000000,0.168,,,,,14796000000,2.161,16139000000,2.102,,15006000000,,276.58,276.45,,,,,281344000000,221570000000,0.777,,218591000000,,,,,,,,,,,,true,false,9,2024-04-01,2024-12-31,0
2025-01-31,19410,2024-03-31,3,131300000000,0.056,,,,,4681000000,0.680,5203000000,0.111,,2779000000,,50.78,50.76,,,,,,,,,,,,,,,,,,,,,true,false,9,2023-04-01,2023-12-31,-1
2025-01-31,19410,2025-03-31,3,224000000000,0.114,,,,,19000000000,0.590,20900000000,0.640,,17600000000,,325.05,,,,,,,,,,,,,,,,,,,,,,true,true,12,2024-04-01,2025-03-31,0
2025-01-31,19410,2024-03-31,3,,,,,,,,,,,,,,,,,,,,280542000000,213921000000,0.752,,211036000000,,,,,,,,,,,,true,false,12,2023-04-01,2024-03-31,-1
2025-01-31,19410,2024-03-31,3,,,,,,,,,,,,,,,,,,,,,,,,,,,,,104.00,,,,58138117,3929901,,false,false,12,2023-04-01,2024-03-31,-1
2025-01-31,19410,2025-03-31,3,,,,,,,,,,,,,,,,,,,,,,,,,,,,,60.00,,,,,,,false,false,12,2024-04-01,2025-03-31,0
2025-01-31,19410,2025-03-31,3,,,,,,,,,,,,,,,,,,,,,,,,,,,,,120.00,,,,,,,false,true,12,2024-04-01,2025-03-31,0
2025-01-31,19410,2025-03-31,3,,,,,,,,,,,,,,,,,,,,,,,,,,,,,,,,,58138117,3993395,54255168,false,false,9,2024-04-01,2024-12-31,0
2025-01-31,19410,2024-03-31,3,,,,,,,,,,,,,,,,,,,,,,,,,,,,,,,,,,,54735013,false,false,9,2023-04-01,2023-12-31,-1
2025-01-31,19410,2025-03-31,,224000000000,0.004,,,,,19000000000,0.152,20900000000,0.124,,17600000000,,325.05,,,,,,,,,,,,,,,,,,,,,,true,true,12,2024-04-01,2025-03-31,0
2025-01-31,19410,2024-03-31,,201025000000,,,,,,11947000000,,12742000000,,,7937000000,,145.37,,,,,,,,,,,,,,,,,,,,,,true,false,12,2023-04-01,2024-03-31,-1
2025-01-31,19410,2025-03-31,,178000000000,0.006,,,,,17000000000,0.172,19400000000,0.148,17500000000,,0.101,323.21,,,,,,,,,,,,,,,,,,,,,,false,true,12,2024-04-01,2025-03-31,0
2025-01-31,19410,2024-03-31,,157147000000,,,,,,9819000000,,11014000000,,7841000000,,,143.61,,,,,,,,,,,,,,,,,,,,,,false,false,12,2023-04-01,2024-03-31,-1
2025-04-28,19410,2025-03-31,,221885000000,0.104,,,,,21698000000,0.816,23434000000,0.839,,19895000000,,366.88,366.71,0.091,0.082,0.098,,293900000000,229601000000,0.771,4183.81,226524000000,22754000000,-11525000000,-7643000000,34435000000,,0.327,,,,,,true,false,12,2024-04-01,2025-03-31,0
2025-04-28,19410,2024-03-31,,201025000000,0.063,,,,,11947000000,0.429,12742000000,,,7937000000,,145.37,145.29,0.039,0.046,0.059,,280542000000,213921000000,0.752,3893.07,211036000000,13721000000,-6098000000,-7316000000,29845000000,,0.715,,,,,,true,false,12,2023-04-01,2024-03-31,-1
2025-04-28,19410,2026-03-31,,230000000000,0.037,,,,,22000000000,0.014,23800000000,0.016,,15800000000,,291.82,,,,,,,,,,,,,,,,0.445,,,,,,true,true,12,2025-04-01,2026-03-31,1
2025-04-28,19410,2025-03-31,,177827000000,0.132,,,,,19176000000,0.953,21523000000,0.954,19059000000,,1.431,351.48,351.32,,,,,266636000000,213337000000,0.800,3939.36,213288000000,,,,,120.00,,,,58138117,3995126,54227707,false,false,12,2024-04-01,2025-03-31,0
2025-04-28,19410,2024-03-31,,157147000000,0.060,,,,,9819000000,0.479,11014000000,0.205,7841000000,,,143.61,143.53,,,,,255129000000,201763000000,0.791,3720.84,201699000000,,,,,104.00,,,,58138117,3929901,54604057,false,false,12,2023-04-01,2024-03-31,-1
2025-04-28,19410,2026-03-31,,181000000000,0.018,,,,,19300000000,0.006,21600000000,0.004,15000000000,,-0.213,277.04,,,,,,,,,,,,,,,130.00,,,,,,,false,true,12,2025-04-01,2026-03-31,1
