filing_date,code,fiscal_year_end,quarterly_period,net_sales,net_sales_change,revenue,revenue_change,operating_revenue,operating_revenue_change,operating_profit,operating_profit_change,ordinary_profit,ordinary_profit_change,net_income,net_income_of_parent,net_income_change,eps,diluted_eps,roe,roa,operating_profit_to_net_sales,operating_profit_to_revenue,total_assets,net_assets,equity_ratio,bps,owner_equity,operating_cash_flow,investing_cash_flow,financing_cash_flow,cash,dividend_per_share,payout_ratio,commemorative_dividend,extra_dividend,number_of_shares,number_of_treqsury_shares,avg_number_of_shares,is_consolidated,is_forecast,duration,period_start,period_end,period_pos
2015-07-31,19420,2016-03-31,1,94695000000,0.054,,,,,2898000000,1.294,3342000000,1.113,,2430000000,,11.90,,,,,,359554000000,195592000000,0.530,,190588000000,,,,,,,,,,,,true,false,3,2015-04-01,2015-06-30,0
2015-07-31,19420,2015-03-31,1,89844000000,-0.089,,,,,1263000000,-0.555,1581000000,-0.507,,687000000,,3.37,,,,,,,,,,,,,,,,,,,,,,true,false,3,2014-04-01,2014-06-30,-1
2015-07-31,19420,2016-03-31,1,208000000000,0.032,,,,,4700000000,0.053,5100000000,0.029,,2900000000,,14.20,,,,,,,,,,,,,,,,,,,,,,true,true,6,2015-04-01,2015-09-30,0
2015-07-31,19420,2016-03-31,1,466000000000,0.067,,,,,10100000000,0.076,10600000000,0.025,,6100000000,,29.86,,,,,,,,,,,,,,,,,,,,,,true,true,12,2015-04-01,2016-03-31,0
2015-07-31,19420,2015-03-31,1,,,,,,,,,,,,,,,,,,,,366177000000,193345000000,0.514,,188368000000,,,,,,,,,,,,true,false,12,2014-04-01,2015-03-31,-1
2015-07-31,19420,2015-03-31,1,,,,,,,,,,,,,,,,,,,,,,,,,,,,,14.00,,,,205288338,993773,,false,false,12,2014-04-01,2015-03-31,-1
2015-07-31,19420,2016-03-31,1,,,,,,,,,,,,,,,,,,,,,,,,,,,,,14.00,,,,,,,false,true,12,2015-04-01,2016-03-31,0
2015-07-31,19420,2016-03-31,1,,,,,,,,,,,,,,,,,,,,,,,,,,,,,,,,,205288338,997172,204293112,false,false,3,2015-04-01,2015-06-30,0
2015-07-31,19420,2015-03-31,1,,,,,,,,,,,,,,,,,,,,,,,,,,,,,,,,,,,204316709,false,false,3,2014-04-01,2014-06-30,-1
2015-10-30,19420,2016-03-31,2,200251000000,-0.007,,,,,5881000000,0.318,6357000000,0.282,,3664000000,,17.94,,,,,,344495000000,194582000000,0.550,,189530000000,,,,,,,,,,,,true,false,6,2015-04-01,2015-09-30,0
2015-10-30,19420,2015-03-31,2,201639000000,-0.005,,,,,4463000000,0.069,4957000000,0.076,,2552000000,,12.49,,,,,,,,,,,,,,,,,,,,,,true,false,6,2014-04-01,2014-09-30,-1
2015-10-30,19420,2016-03-31,2,466000000000,0.067,,,,,12000000000,0.278,12500000000,0.209,,7200000000,,35.24,,,,,,,,,,,,,,,,,,,,,,true,true,12,2015-04-01,2016-03-31,0
2015-10-30,19420,2015-03-31,2,,,,,,,,,,,,,,,,,,,,366177000000,193345000000,0.514,,188368000000,,,,,,,,,,,,true,false,12,2014-04-01,2015-03-31,-1
2015-10-30,19420,2015-03-31,2,,,,,,,,,,,,,,,,,,,,,,,,,,,,,14.00,,,,205288338,993773,,false,false,12,2014-04-01,2015-03-31,-1
2015-10-30,19420,2016-03-31,2,,,,,,,,,,,,,,,,,,,,,,,,,,,,,6.00,,,,,,,false,false,12,2015-04-01,2016-03-31,0
2015-10-30,19420,2016-03-31,2,,,,,,,,,,,,,,,,,,,,,,,,,,,,,14.00,,,,,,,false,true,12,2015-04-01,2016-03-31,0
2015-10-30,19420,2016-03-31,2,,,,,,,,,,,,,,,,,,,,,,,,,,,,,,,,,205288338,1002256,204291093,false,false,6,2015-04-01,2015-09-30,0
2015-10-30,19420,2015-03-31,2,,,,,,,,,,,,,,,,,,,,,,,,,,,,,,,,,,,204314323,false,false,6,2014-04-01,2014-09-30,-1
2015-10-30,19420,2016-03-31,,466000000000,,,,,,12000000000,0.188,12500000000,0.179,,7200000000,,35.24,,,,,,,,,,,,,,,,,,,,,,true,true,12,2015-04-01,2016-03-31,0
2015-10-30,19420,2015-03-31,,436682000000,,,,,,9388000000,,10336000000,,,4615000000,,22.59,,,,,,,,,,,,,,,,,,,,,,true,false,12,2014-04-01,2015-03-31,-1
2015-10-30,19420,2016-03-31,,416000000000,,,,,,9500000000,0.188,10100000000,0.174,6200000000,,0.170,30.35,,,,,,,,,,,,,,,,,,,,,,false,true,12,2015-04-01,2016-03-31,0
2015-10-30,19420,2015-03-31,,389193000000,,,,,,6824000000,,7781000000,,3806000000,,,18.63,,,,,,,,,,,,,,,,,,,,,,false,false,12,2014-04-01,2015-03-31,-1
2016-01-29,19420,2016-03-31,3,299899000000,0.032,,,,,9821000000,1.012,10535000000,0.843,,6153000000,,30.12,,,,,,351401000000,197090000000,0.546,,191842000000,,,,,,,,,,,,true,false,9,2015-04-01,2015-12-31,0
2016-01-29,19420,2015-03-31,3,290684000000,-0.022,,,,,4881000000,0.006,5715000000,0.014,,3351000000,,16.41,,,,,,,,,,,,,,,,,,,,,,true,false,9,2014-04-01,2014-12-31,-1
2016-01-29,19420,2016-03-31,3,466000000000,0.067,,,,,12000000000,0.278,12500000000,0.209,,7200000000,,35.24,,,,,,,,,,,,,,,,,,,,,,true,true,12,2015-04-01,2016-03-31,0
2016-01-29,19420,2015-03-31,3,,,,,,,,,,,,,,,,,,,,366177000000,193345000000,0.514,,188368000000,,,,,,,,,,,,true,false,12,2014-04-01,2015-03-31,-1
2016-01-29,19420,2015-03-31,3,,,,,,,,,,,,,,,,,,,,,,,,,,,,,14.00,,,,205288338,993773,,false,false,12,2014-04-01,2015-03-31,-1
2016-01-29,19420,2016-03-31,3,,,,,,,,,,,,,,,,,,,,,,,,,,,,,6.00,,,,,,,false,false,12,2015-04-01,2016-03-31,0
2016-01-29,19420,2016-03-31,3,,,,,,,,,,,,,,,,,,,,,,,,,,,,,14.00,,,,,,,false,true,12,2015-04-01,2016-03-31,0
2016-01-29,19420,2016-03-31,3,,,,,,,,,,,,,,,,,,,,,,,,,,,,,,,,,205288338,1006611,204288728,false,false,9,2015-04-01,2015-12-31,0
2016-01-29,19420,2015-03-31,3,,,,,,,,,,,,,,,,,,,,,,,,,,,,,,,,,,,204311622,false,false,9,2014-04-01,2014-12-31,-1
2016-02-08,19420,2016-03-31,,455000000000,-0.024,,,,,14300000000,0.192,14800000000,0.184,,8000000000,,39.16,,,,,,,,,,,,,,,,,,,,,,true,true,12,2015-04-01,2016-03-31,0
2016-02-08,19420,2015-03-31,,436682000000,,,,,,9388000000,,10336000000,,,4615000000,,22.59,,,,,,,,,,,,,,,,,,,,,,true,false,12,2014-04-01,2015-03-31,-1
2016-02-08,19420,2016-03-31,,405000000000,-0.026,,,,,11000000000,0.158,11500000000,0.139,6400000000,,0.032,31.33,,,,,,,,,,,,,,,,,,,,,,false,true,12,2015-04-01,2016-03-31,0
2016-02-08,19420,2015-03-31,,389193000000,,,,,,6824000000,,7781000000,,3806000000,,,18.63,,,,,,,,,,,,,,,,,,,,,,false,false,12,2014-04-01,2015-03-31,-1
2016-04-28,19420,2016-03-31,,447673000000,0.025,,,,,16416000000,0.749,17077000000,0.652,,9412000000,,46.07,46.06,0.049,0.044,0.037,,407681000000,197980000000,0.472,942.42,192516000000,18042000000,-7101000000,19807000000,70899000000,,0.304,,,,,,true,false,12,2015-04-01,2016-03-31,0
2016-04-28,19420,2015-03-31,,436682000000,-0.003,,,,,9388000000,0.133,10336000000,0.137,,4615000000,,22.59,,0.025,0.028,0.021,,366177000000,193345000000,0.514,922.05,188368000000,2921000000,2253000000,-3743000000,40157000000,,0.620,,,,,,true,false,12,2014-04-01,2015-03-31,-1
2016-04-28,19420,2017-03-31,,224000000000,0.119,,,,,10000000000,0.700,10300000000,0.620,,6200000000,,30.35,,,,,,,,,,,,,,,,,,,,,,true,true,6,2016-04-01,2016-09-30,1
2016-04-28,19420,2017-03-31,,490000000000,0.095,,,,,20000000000,0.218,20600000000,0.206,,12200000000,,59.72,,,,,,,,,,,,,,,,,,,,,,true,true,12,2016-04-01,2017-03-31,1
2016-04-28,19420,2016-03-31,,398495000000,0.024,,,,,12642000000,0.853,13280000000,0.707,7480000000,,0.965,36.62,36.61,,,,,359657000000,175155000000,0.487,857.43,175155000000,,,,,14.00,,,,205288338,1009642,204286628,false,false,12,2015-04-01,2016-03-31,0
2016-04-28,19420,2015-03-31,,389193000000,-0.005,,,,,6824000000,0.262,7781000000,0.226,3806000000,,0.307,18.63,,,,,,322992000000,172653000000,0.535,845.12,172653000000,,,,,14.00,,,,205288338,993773,204308177,false,false,12,2014-04-01,2015-03-31,-1
2016-04-28,19420,2017-03-31,,200000000000,0.121,,,,,8000000000,0.683,8500000000,0.619,5400000000,,0.697,26.43,,,,,,,,,,,,,,,,,,,,,,false,true,6,2016-04-01,2016-09-30,1
2016-04-28,19420,2017-03-31,,440000000000,0.104,,,,,16000000000,0.266,17000000000,0.280,10500000000,,0.404,51.40,,,,,,,,,,,,,,,16.00,,,,,,,false,true,12,2016-04-01,2017-03-31,1
2016-07-28,19420,2017-03-31,1,105726000000,0.116,,,,,6591000000,1.274,6886000000,1.060,,4485000000,,21.96,20.23,,,,,378324000000,198007000000,0.509,,192508000000,,,,,,,,,,,,true,false,3,2016-04-01,2016-06-30,0
2016-07-28,19420,2016-03-31,1,94695000000,0.054,,,,,2898000000,1.294,3342000000,1.113,,2430000000,,11.90,,,,,,,,,,,,,,,,,,,,,,true,false,3,2015-04-01,2015-06-30,-1
2016-07-28,19420,2017-03-31,1,224000000000,0.119,,,,,11000000000,0.870,11300000000,0.778,,7200000000,,35.25,,,,,,,,,,,,,,,,,,,,,,true,true,6,2016-04-01,2016-09-30,0
2016-07-28,19420,2017-03-31,1,490000000000,0.095,,,,,22000000000,0.340,22600000000,0.323,,14200000000,,69.51,,,,,,,,,,,,,,,,,,,,,,true,true,12,2016-04-01,2017-03-31,0
2016-07-28,19420,2016-03-31,1,,,,,,,,,,,,,,,,,,,,407681000000,197980000000,0.472,,192516000000,,,,,,,,,,,,true,false,12,2015-04-01,2016-03-31,-1
2016-07-28,19420,2016-03-31,1,,,,,,,,,,,,,,,,,,,,,,,,,,,,,14.00,,,,205288338,1009642,,false,false,12,2015-04-01,2016-03-31,-1
2016-07-28,19420,2017-03-31,1,,,,,,,,,,,,,,,,,,,,,,,,,,,,,16.00,,,,,,,false,true,12,2016-04-01,2017-03-31,0
2016-07-28,19420,2017-03-31,1,,,,,,,,,,,,,,,,,,,,,,,,,,,,,,,,,205288338,1012275,204276955,false,false,3,2016-04-01,2016-06-30,0
2016-07-28,19420,2016-03-31,1,,,,,,,,,,,,,,,,,,,,,,,,,,,,,,,,,,,204293112,false,false,3,2015-04-01,2015-06-30,-1
2016-07-28,19420,2017-03-31,,224000000000,0.000,,,,,11000000000,0.100,11300000000,0.097,,7200000000,,35.25,,,,,,,,,,,,,,,,,,,,,,true,true,6,2016-04-01,2016-09-30,0
2016-07-28,19420,2016-03-31,,200251000000,,,,,,5881000000,,6357000000,,,3664000000,,17.94,,,,,,,,,,,,,,,,,,,,,,true,false,6,2015-04-01,2015-09-30,-1
2016-07-28,19420,2017-03-31,,490000000000,0.000,,,,,22000000000,0.100,22600000000,0.097,14200000000,,0.164,69.51,,,,,,,,,,,,,,,,,,,,,,true,true,12,2016-04-01,2017-03-31,0
2016-07-28,19420,2016-03-31,,447673000000,,,,,,16416000000,,17077000000,,9412000000,,,46.07,,,,,,,,,,,,,,,,,,,,,,true,false,12,2015-04-01,2016-03-31,-1
2016-07-28,19420,2017-03-31,,200000000000,0.000,,,,,9000000000,0.125,9500000000,0.118,6400000000,,0.185,31.33,,,,,,,,,,,,,,,,,,,,,,false,true,6,2016-04-01,2016-09-30,0
2016-07-28,19420,2016-03-31,,178411000000,,,,,,4754000000,,5250000000,,3182000000,,,15.58,,,,,,,,,,,,,,,,,,,,,,false,false,6,2015-04-01,2015-09-30,-1
2016-07-28,19420,2017-03-31,,440000000000,0.000,,,,,18000000000,0.125,19000000000,0.118,12500000000,,0.190,61.19,,,,,,,,,,,,,,,,,,,,,,false,true,12,2016-04-01,2017-03-31,0
2016-07-28,19420,2016-03-31,,398495000000,,,,,,12642000000,,13280000000,,7480000000,,,36.62,,,,,,,,,,,,,,,,,,,,,,false,false,12,2015-04-01,2016-03-31,-1
2016-10-13,19420,2017-03-31,,224000000000,0.000,,,,,12600000000,0.145,13000000000,0.150,,8500000000,,41.61,,,,,,,,,,,,,,,,,,,,,,true,true,6,2016-04-01,2016-09-30,0
2016-10-13,19420,2016-03-31,,200251000000,,,,,,5881000000,,6357000000,,,3664000000,,17.94,,,,,,,,,,,,,,,,,,,,,,true,false,6,2015-04-01,2015-09-30,-1
2016-10-13,19420,2017-03-31,,490000000000,0.000,,,,,25000000000,0.136,25500000000,0.128,,16100000000,,78.81,,,,,,,,,,,,,,,,,,,,,,true,true,12,2016-04-01,2017-03-31,0
2016-10-13,19420,2016-03-31,,447673000000,,,,,,16416000000,,17077000000,,,9412000000,,46.07,,,,,,,,,,,,,,,,,,,,,,true,false,12,2015-04-01,2016-03-31,-1
2016-10-13,19420,2017-03-31,,200000000000,0.000,,,,,11000000000,0.222,11400000000,0.200,7700000000,,0.203,37.69,,,,,,,,,,,,,,,,,,,,,,false,true,6,2016-04-01,2016-09-30,0
2016-10-13,19420,2016-03-31,,178411000000,,,,,,4754000000,,5250000000,,3182000000,,,15.58,,,,,,,,,,,,,,,,,,,,,,false,false,6,2015-04-01,2015-09-30,-1
2016-10-13,19420,2017-03-31,,430000000000,-0.023,,,,,21000000000,0.167,21900000000,0.153,14400000000,,0.152,70.49,,,,,,,,,,,,,,,18.00,,,,,,,false,true,12,2016-04-01,2017-03-31,0
2016-10-13,19420,2016-03-31,,398495000000,,,,,,12642000000,,13280000000,,7480000000,,,36.62,,,,,,,,,,,,,,,14.00,,,,,,,false,false,12,2015-04-01,2016-03-31,-1
2016-10-31,19420,2017-03-31,2,218317000000,0.090,,,,,12720000000,1.163,13010000000,1.047,,8626000000,,42.23,38.91,,,,,371877000000,202941000000,0.531,,197312000000,,,,,,,,,,,,true,false,6,2016-04-01,2016-09-30,0
2016-10-31,19420,2016-03-31,2,200251000000,-0.007,,,,,5881000000,0.318,6357000000,0.282,,3664000000,,17.94,,,,,,,,,,,,,,,,,,,,,,true,false,6,2015-04-01,2015-09-30,-1
2016-10-31,19420,2017-03-31,2,490000000000,0.095,,,,,25000000000,0.523,25500000000,0.493,,16100000000,,78.81,,,,,,,,,,,,,,,,,,,,,,true,true,12,2016-04-01,2017-03-31,0
2016-10-31,19420,2016-03-31,2,,,,,,,,,,,,,,,,,,,,407681000000,197980000000,0.472,,192516000000,,,,,,,,,,,,true,false,12,2015-04-01,2016-03-31,-1
2016-10-31,19420,2016-03-31,2,,,,,,,,,,,,,,,,,,,,,,,,,,,,,14.00,,,,205288338,1009642,,false,false,12,2015-04-01,2016-03-31,-1
2016-10-31,19420,2017-03-31,2,,,,,,,,,,,,,,,,,,,,,,,,,,,,,8.00,,,,,,,false,false,12,2016-04-01,2017-03-31,0
2016-10-31,19420,2017-03-31,2,,,,,,,,,,,,,,,,,,,,,,,,,,,,,18.00,,,,,,,false,true,12,2016-04-01,2017-03-31,0
2016-10-31,19420,2017-03-31,2,,,,,,,,,,,,,,,,,,,,,,,,,,,,,,,,,205288338,1013647,204276134,false,false,6,2016-04-01,2016-09-30,0
2016-10-31,19420,2016-03-31,2,,,,,,,,,,,,,,,,,,,,,,,,,,,,,,,,,,,204291093,false,false,6,2015-04-01,2015-09-30,-1
2017-01-31,19420,2017-03-31,3,313760000000,0.046,,,,,16247000000,0.654,16965000000,0.610,,11199000000,,54.82,50.51,,,,,384323000000,207063000000,0.523,,201102000000,,,,,,,,,,,,true,false,9,2016-04-01,2016-12-31,0
2017-01-31,19420,2016-03-31,3,299899000000,0.032,,,,,9821000000,1.012,10535000000,0.843,,6153000000,,30.12,,,,,,,,,,,,,,,,,,,,,,true,false,9,2015-04-01,2015-12-31,-1
2017-01-31,19420,2017-03-31,3,490000000000,0.095,,,,,25000000000,0.523,25500000000,0.493,,16100000000,,78.81,,,,,,,,,,,,,,,,,,,,,,true,true,12,2016-04-01,2017-03-31,0
2017-01-31,19420,2016-03-31,3,,,,,,,,,,,,,,,,,,,,407681000000,197980000000,0.472,,192516000000,,,,,,,,,,,,true,false,12,2015-04-01,2016-03-31,-1
2017-01-31,19420,2016-03-31,3,,,,,,,,,,,,,,,,,,,,,,,,,,,,,14.00,,,,205288338,1009642,,false,false,12,2015-04-01,2016-03-31,-1
2017-01-31,19420,2017-03-31,3,,,,,,,,,,,,,,,,,,,,,,,,,,,,,8.00,,,,,,,false,false,12,2016-04-01,2017-03-31,0
2017-01-31,19420,2017-03-31,3,,,,,,,,,,,,,,,,,,,,,,,,,,,,,18.00,,,,,,,false,true,12,2016-04-01,2017-03-31,0
2017-01-31,19420,2017-03-31,3,,,,,,,,,,,,,,,,,,,,,,,,,,,,,,,,,205288338,1017892,204275143,false,false,9,2016-04-01,2016-12-31,0
2017-01-31,19420,2016-03-31,3,,,,,,,,,,,,,,,,,,,,,,,,,,,,,,,,,,,204288728,false,false,9,2015-04-01,2015-12-31,-1
,19420,2017-03-31,,,,,,,,,,,,,,,,,,,,,,,,,,,,,,20.00,,,,,,,false,true,12,2016-04-01,2017-03-31,0
,19420,2017-03-31,,,,,,,,,,,,,,,,,,,,,,,,,,,,,,8.00,,,,,,,false,false,12,2016-04-01,2017-03-31,0
,19420,2016-03-31,,,,,,,,,,,,,,,,,,,,,,,,,,,,,,14.00,,,,,,,false,false,12,2015-04-01,2016-03-31,-1
2017-04-28,19420,2017-03-31,,470943000000,0.052,,,,,26397000000,0.608,27345000000,0.601,,17591000000,,86.11,79.34,0.088,0.066,0.056,,424874000000,213356000000,0.487,1013.33,206991000000,6751000000,-17867000000,-169000000,59612000000,,0.232,,,,,,true,false,12,2016-04-01,2017-03-31,0
2017-04-28,19420,2016-03-31,,447673000000,0.025,,,,,16416000000,0.749,17077000000,0.652,,9412000000,,46.07,46.06,0.049,0.044,0.037,,407681000000,197980000000,0.472,942.42,192516000000,18042000000,-7101000000,19807000000,70899000000,,0.304,,,,,,true,false,12,2015-04-01,2016-03-31,-1
2017-04-28,19420,2018-03-31,,237000000000,0.086,,,,,13400000000,0.053,13800000000,0.061,,8800000000,,43.08,,,,,,,,,,,,,,,,,,,,,,true,true,6,2017-04-01,2017-09-30,1
2017-04-28,19420,2018-03-31,,510000000000,0.083,,,,,29000000000,0.099,29600000000,0.082,,18700000000,,91.54,,,,,,,,,,,,,,,,,,,,,,true,true,12,2017-04-01,2018-03-31,1
2017-04-28,19420,2017-03-31,,410192000000,0.029,,,,,21921000000,0.734,22861000000,0.721,15488000000,,1.071,75.82,69.85,,,,,361674000000,187312000000,0.518,916.99,187312000000,,,,,20.00,,,,205288338,1019780,204273721,false,false,12,2016-04-01,2017-03-31,0
2017-04-28,19420,2016-03-31,,398495000000,0.024,,,,,12642000000,0.853,13280000000,0.707,7480000000,,0.965,36.62,36.61,,,,,359657000000,175155000000,0.487,857.43,175155000000,,,,,14.00,,,,205288338,1009642,204286628,false,false,12,2015-04-01,2016-03-31,-1
2017-04-28,19420,2018-03-31,,212000000000,0.076,,,,,11600000000,0.047,12100000000,0.053,7900000000,,0.020,38.67,,,,,,,,,,,,,,,,,,,,,,false,true,6,2017-04-01,2017-09-30,1
2017-04-28,19420,2018-03-31,,442000000000,0.078,,,,,24300000000,0.109,25300000000,0.107,16500000000,,0.065,80.77,,,,,,,,,,,,,,,24.00,,,,,,,false,true,12,2017-04-01,2018-03-31,1
2017-07-31,19420,2018-03-31,1,112739000000,0.066,,,,,6952000000,0.055,7378000000,0.072,,4832000000,,23.66,21.79,,,,,407428000000,217617000000,0.519,,211459000000,,,,,,,,,,,,true,false,3,2017-04-01,2017-06-30,0
2017-07-31,19420,2017-03-31,1,105726000000,0.116,,,,,6591000000,1.274,6886000000,1.060,,4485000000,,21.96,20.23,,,,,,,,,,,,,,,,,,,,,true,false,3,2016-04-01,2016-06-30,-1
2017-07-31,19420,2018-03-31,1,237000000000,0.086,,,,,13400000000,0.053,13800000000,0.061,,8800000000,,43.08,,,,,,,,,,,,,,,,,,,,,,true,true,6,2017-04-01,2017-09-30,0
2017-07-31,19420,2018-03-31,1,510000000000,0.083,,,,,29000000000,0.099,29600000000,0.082,,18700000000,,91.55,,,,,,,,,,,,,,,,,,,,,,true,true,12,2017-04-01,2018-03-31,0
2017-07-31,19420,2017-03-31,1,,,,,,,,,,,,,,,,,,,,424874000000,213356000000,0.487,,206991000000,,,,,,,,,,,,true,false,12,2016-04-01,2017-03-31,-1
2017-07-31,19420,2017-03-31,1,,,,,,,,,,,,,,,,,,,,,,,,,,,,,20.00,,,,205288338,1019780,,false,false,12,2016-04-01,2017-03-31,-1
2017-07-31,19420,2018-03-31,1,,,,,,,,,,,,,,,,,,,,,,,,,,,,,24.00,,,,,,,false,true,12,2017-04-01,2018-03-31,0
2017-07-31,19420,2018-03-31,1,,,,,,,,,,,,,,,,,,,,,,,,,,,,,,,,,205288338,1023456,204267122,false,false,3,2017-04-01,2017-06-30,0
2017-07-31,19420,2017-03-31,1,,,,,,,,,,,,,,,,,,,,,,,,,,,,,,,,,,,204276955,false,false,3,2016-04-01,2016-06-30,-1
2017-10-31,19420,2018-03-31,2,231512000000,0.060,,,,,13546000000,0.065,14130000000,0.086,,9107000000,,44.59,41.06,,,,,403005000000,222112000000,0.536,,215882000000,,,,,,,,,,,,true,false,6,2017-04-01,2017-09-30,0
2017-10-31,19420,2017-03-31,2,218317000000,0.090,,,,,12720000000,1.163,13010000000,1.047,,8626000000,,42.23,38.91,,,,,,,,,,,,,,,,,,,,,true,false,6,2016-04-01,2016-09-30,-1
2017-10-31,19420,2018-03-31,2,510000000000,0.083,,,,,29000000000,0.099,29600000000,0.082,,18700000000,,91.55,,,,,,,,,,,,,,,,,,,,,,true,true,12,2017-04-01,2018-03-31,0
2017-10-31,19420,2017-03-31,2,,,,,,,,,,,,,,,,,,,,424874000000,213356000000,0.487,,206991000000,,,,,,,,,,,,true,false,12,2016-04-01,2017-03-31,-1
2017-10-31,19420,2017-03-31,2,,,,,,,,,,,,,,,,,,,,,,,,,,,,,20.00,,,,205288338,1019780,,false,false,12,2016-04-01,2017-03-31,-1
2017-10-31,19420,2018-03-31,2,,,,,,,,,,,,,,,,,,,,,,,,,,,,,12.00,,,,,,,false,false,12,2017-04-01,2018-03-31,0
2017-10-31,19420,2018-03-31,2,,,,,,,,,,,,,,,,,,,,,,,,,,,,,24.00,,,,,,,false,true,12,2017-04-01,2018-03-31,0
2017-10-31,19420,2018-03-31,2,,,,,,,,,,,,,,,,,,,,,,,,,,,,,,,,,205288338,1028270,204264814,false,false,6,2017-04-01,2017-09-30,0
2017-10-31,19420,2017-03-31,2,,,,,,,,,,,,,,,,,,,,,,,,,,,,,,,,,,,204276134,false,false,6,2016-04-01,2016-09-30,-1
2018-01-31,19420,2018-03-31,3,342315000000,0.091,,,,,18028000000,0.110,18836000000,0.110,,11967000000,,58.59,53.95,,,,,411663000000,224825000000,0.531,,218410000000,,,,,,,,,,,,true,false,9,2017-04-01,2017-12-31,0
2018-01-31,19420,2017-03-31,3,313760000000,0.046,,,,,16247000000,0.654,16965000000,0.610,,11199000000,,54.82,50.51,,,,,,,,,,,,,,,,,,,,,true,false,9,2016-04-01,2016-12-31,-1
2018-01-31,19420,2018-03-31,3,510000000000,0.083,,,,,29000000000,0.099,29600000000,0.082,,18700000000,,91.55,,,,,,,,,,,,,,,,,,,,,,true,true,12,2017-04-01,2018-03-31,0
2018-01-31,19420,2017-03-31,3,,,,,,,,,,,,,,,,,,,,424874000000,213356000000,0.487,,206991000000,,,,,,,,,,,,true,false,12,2016-04-01,2017-03-31,-1
2018-01-31,19420,2017-03-31,3,,,,,,,,,,,,,,,,,,,,,,,,,,,,,20.00,,,,205288338,1019780,,false,false,12,2016-04-01,2017-03-31,-1
2018-01-31,19420,2018-03-31,3,,,,,,,,,,,,,,,,,,,,,,,,,,,,,12.00,,,,,,,false,false,12,2017-04-01,2018-03-31,0
2018-01-31,19420,2018-03-31,3,,,,,,,,,,,,,,,,,,,,,,,,,,,,,24.00,,,,,,,false,true,12,2017-04-01,2018-03-31,0
2018-01-31,19420,2018-03-31,3,,,,,,,,,,,,,,,,,,,,,,,,,,,,,,,,,205288338,1028441,204263211,false,false,9,2017-04-01,2017-12-31,0
2018-01-31,19420,2017-03-31,3,,,,,,,,,,,,,,,,,,,,,,,,,,,,,,,,,,,204275143,false,false,9,2016-04-01,2016-12-31,-1
2018-04-27,19420,2018-03-31,,507205000000,0.077,,,,,29261000000,0.109,30031000000,0.098,,19058000000,,93.31,85.93,0.088,0.069,0.058,,443752000000,230810000000,0.505,1097.36,224145000000,11469000000,-10015000000,-7857000000,54099000000,,0.257,,,,,,true,false,12,2017-04-01,2018-03-31,0
2018-04-27,19420,2017-03-31,,470943000000,0.052,,,,,26397000000,0.608,27345000000,0.601,,17591000000,,86.11,79.34,0.088,0.066,0.056,,424874000000,213356000000,0.487,1013.33,206991000000,6751000000,-17867000000,-169000000,59612000000,,0.232,,,,,,true,false,12,2016-04-01,2017-03-31,-1
2018-04-27,19420,2019-03-31,,259000000000,0.119,,,,,13800000000,0.019,14400000000,0.019,,9200000000,,45.04,,,,,,,,,,,,,,,,,,,,,,true,true,6,2018-04-01,2018-09-30,1
2018-04-27,19420,2019-03-31,,545000000000,0.075,,,,,30500000000,0.042,31300000000,0.042,,20400000000,,99.87,,,,,,,,,,,,,,,,,,,,,,true,true,12,2018-04-01,2019-03-31,1
2018-04-27,19420,2018-03-31,,444452000000,0.084,,,,,24843000000,0.133,25828000000,0.130,16919000000,,0.092,82.83,76.28,,,,,380348000000,202140000000,0.531,989.63,202140000000,,,,,24.00,,,,205288338,1028555,204262359,false,false,12,2017-04-01,2018-03-31,0
2018-04-27,19420,2017-03-31,,410192000000,0.029,,,,,21921000000,0.734,22861000000,0.721,15488000000,,1.071,75.82,69.85,,,,,361674000000,187312000000,0.518,916.99,187312000000,,,,,20.00,,,,205288338,1019780,204273721,false,false,12,2016-04-01,2017-03-31,-1
2018-04-27,19420,2019-03-31,,227000000000,0.133,,,,,11800000000,0.015,12400000000,0.016,8200000000,,0.018,40.14,,,,,,,,,,,,,,,,,,,,,,false,true,6,2018-04-01,2018-09-30,1
2018-04-27,19420,2019-03-31,,475000000000,0.069,,,,,26000000000,0.047,27000000000,0.045,18200000000,,0.076,89.10,,,,,,,,,,,,,,,26.00,,,,,,,false,true,12,2018-04-01,2019-03-31,1
2018-07-31,19420,2019-03-31,1,126737000000,0.124,,,,,6309000000,-0.093,6747000000,-0.086,,4308000000,,21.09,19.41,,,,,423557000000,233917000000,0.536,,227221000000,,,,,,,,,,,,true,false,3,2018-04-01,2018-06-30,0
2018-07-31,19420,2018-03-31,1,112739000000,0.066,,,,,6952000000,0.055,7378000000,0.072,,4832000000,,23.66,21.79,,,,,,,,,,,,,,,,,,,,,true,false,3,2017-04-01,2017-06-30,-1
2018-07-31,19420,2019-03-31,1,259000000000,0.119,,,,,13800000000,0.019,14400000000,0.019,,9200000000,,45.04,,,,,,,,,,,,,,,,,,,,,,true,true,6,2018-04-01,2018-09-30,0
2018-07-31,19420,2019-03-31,1,545000000000,0.075,,,,,30500000000,0.042,31300000000,0.042,,20400000000,,99.87,,,,,,,,,,,,,,,,,,,,,,true,true,12,2018-04-01,2019-03-31,0
2018-07-31,19420,2018-03-31,1,,,,,,,,,,,,,,,,,,,,443751000000,230810000000,0.505,,224145000000,,,,,,,,,,,,true,false,12,2017-04-01,2018-03-31,-1
2018-07-31,19420,2018-03-31,1,,,,,,,,,,,,,,,,,,,,,,,,,,,,,24.00,,,,205288338,1028555,,false,false,12,2017-04-01,2018-03-31,-1
2018-07-31,19420,2019-03-31,1,,,,,,,,,,,,,,,,,,,,,,,,,,,,,26.00,,,,,,,false,true,12,2018-04-01,2019-03-31,0
2018-07-31,19420,2019-03-31,1,,,,,,,,,,,,,,,,,,,,,,,,,,,,,,,,,205288338,1028659,204259761,false,false,3,2018-04-01,2018-06-30,0
2018-07-31,19420,2018-03-31,1,,,,,,,,,,,,,,,,,,,,,,,,,,,,,,,,,,,204267122,false,false,3,2017-04-01,2017-06-30,-1
2018-10-31,19420,2019-03-31,2,257976000000,0.114,,,,,14185000000,0.047,14682000000,0.039,,9349000000,,45.77,42.13,,,,,427643000000,239419000000,0.544,,232483000000,,,,,,,,,,,,true,false,6,2018-04-01,2018-09-30,0
2018-10-31,19420,2018-03-31,2,231512000000,0.060,,,,,13546000000,0.065,14130000000,0.086,,9107000000,,44.59,41.06,,,,,,,,,,,,,,,,,,,,,true,false,6,2017-04-01,2017-09-30,-1
2018-10-31,19420,2019-03-31,2,545000000000,0.075,,,,,30500000000,0.042,31300000000,0.042,,20400000000,,99.87,,,,,,,,,,,,,,,,,,,,,,true,true,12,2018-04-01,2019-03-31,0
2018-10-31,19420,2018-03-31,2,,,,,,,,,,,,,,,,,,,,443751000000,230810000000,0.505,,224145000000,,,,,,,,,,,,true,false,12,2017-04-01,2018-03-31,-1
2018-10-31,19420,2018-03-31,2,,,,,,,,,,,,,,,,,,,,,,,,,,,,,24.00,,,,205288338,1028555,,false,false,12,2017-04-01,2018-03-31,-1
2018-10-31,19420,2019-03-31,2,,,,,,,,,,,,,,,,,,,,,,,,,,,,,13.00,,,,,,,false,false,12,2018-04-01,2019-03-31,0
2018-10-31,19420,2019-03-31,2,,,,,,,,,,,,,,,,,,,,,,,,,,,,,26.00,,,,,,,false,true,12,2018-04-01,2019-03-31,0
2018-10-31,19420,2019-03-31,2,,,,,,,,,,,,,,,,,,,,,,,,,,,,,,,,,205288338,1028857,204259665,false,false,6,2018-04-01,2018-09-30,0
2018-10-31,19420,2018-03-31,2,,,,,,,,,,,,,,,,,,,,,,,,,,,,,,,,,,,204264814,false,false,6,2017-04-01,2017-09-30,-1
2019-01-31,19420,2019-03-31,3,387716000000,0.133,,,,,19197000000,0.065,19967000000,0.060,,12733000000,,62.34,57.37,,,,,424922000000,236776000000,0.540,,229653000000,,,,,,,,,,,,true,false,9,2018-04-01,2018-12-31,0
2019-01-31,19420,2018-03-31,3,342315000000,0.091,,,,,18028000000,0.110,18836000000,0.110,,11967000000,,58.59,53.95,,,,,,,,,,,,,,,,,,,,,true,false,9,2017-04-01,2017-12-31,-1
2019-01-31,19420,2019-03-31,3,545000000000,0.075,,,,,30500000000,0.042,31300000000,0.042,,20400000000,,99.87,,,,,,,,,,,,,,,,,,,,,,true,true,12,2018-04-01,2019-03-31,0
2019-01-31,19420,2018-03-31,3,,,,,,,,,,,,,,,,,,,,443751000000,230810000000,0.505,,224145000000,,,,,,,,,,,,true,false,12,2017-04-01,2018-03-31,-1
2019-01-31,19420,2018-03-31,3,,,,,,,,,,,,,,,,,,,,,,,,,,,,,24.00,,,,205288338,1028555,,false,false,12,2017-04-01,2018-03-31,-1
2019-01-31,19420,2019-03-31,3,,,,,,,,,,,,,,,,,,,,,,,,,,,,,13.00,,,,,,,false,false,12,2018-04-01,2019-03-31,0
2019-01-31,19420,2019-03-31,3,,,,,,,,,,,,,,,,,,,,,,,,,,,,,26.00,,,,,,,false,true,12,2018-04-01,2019-03-31,0
2019-01-31,19420,2019-03-31,3,,,,,,,,,,,,,,,,,,,,,,,,,,,,,,,,,205288338,1029208,204259581,false,false,9,2018-04-01,2018-12-31,0
2019-01-31,19420,2018-03-31,3,,,,,,,,,,,,,,,,,,,,,,,,,,,,,,,,,,,204263211,false,false,9,2017-04-01,2017-12-31,-1
2019-04-26,19420,2019-03-31,,563550000000,0.111,,,,,30012000000,0.026,30795000000,0.025,,19703000000,,96.46,88.78,0.085,0.068,0.053,,459854000000,245954000000,0.518,1167.30,238432000000,28251000000,-10131000000,-9153000000,63068000000,,0.270,,,,,,true,false,12,2018-04-01,2019-03-31,0
2019-04-26,19420,2018-03-31,,507205000000,0.077,,,,,29261000000,0.109,30031000000,0.098,,19058000000,,93.31,85.93,0.088,0.069,0.058,,443751000000,230810000000,0.505,1097.36,224145000000,11469000000,-10015000000,-7857000000,54099000000,,0.257,,,,,,true,false,12,2017-04-01,2018-03-31,-1
2019-04-26,19420,2020-03-31,,292000000000,0.132,,,,,14400000000,0.015,14900000000,0.015,,9500000000,,46.51,,,,,,,,,,,,,,,,,,,,,,true,true,6,2019-04-01,2019-09-30,1
2019-04-26,19420,2020-03-31,,600000000000,0.065,,,,,33000000000,0.100,33600000000,0.091,,21600000000,,105.75,,,,,,,,,,,,,,,,,,,,,,true,true,12,2019-04-01,2020-03-31,1
2019-04-26,19420,2019-03-31,,493128000000,0.110,,,,,24146000000,-0.028,25170000000,-0.025,17084000000,,0.010,83.64,76.97,,,,,395816000000,214363000000,0.542,1049.47,214363000000,,,,,26.00,,,,205288338,1029325,204259471,false,false,12,2018-04-01,2019-03-31,0
2019-04-26,19420,2018-03-31,,444452000000,0.084,,,,,24843000000,0.133,25828000000,0.130,16919000000,,0.092,82.83,76.28,,,,,380348000000,202140000000,0.531,989.63,202140000000,,,,,24.00,,,,205288338,1028555,204262359,false,false,12,2017-04-01,2018-03-31,-1
2019-04-26,19420,2020-03-31,,259000000000,0.136,,,,,12000000000,0.030,12600000000,0.027,8400000000,,0.009,41.12,,,,,,,,,,,,,,,,,,,,,,false,true,6,2019-04-01,2019-09-30,1
2019-04-26,19420,2020-03-31,,525000000000,0.065,,,,,27500000000,0.139,28500000000,0.132,19000000000,,0.112,93.02,,,,,,,,,,,,,,,28.00,,,,,,,false,true,12,2019-04-01,2020-03-31,1
2019-07-31,19420,2020-03-31,1,126490000000,-0.002,,,,,7022000000,0.113,7488000000,0.110,,4781000000,,23.41,21.52,,,,,452754000000,246193000000,0.527,,238490000000,,,,,,,,,,,,true,false,3,2019-04-01,2019-06-30,0
2019-07-31,19420,2019-03-31,1,126737000000,0.124,,,,,6309000000,-0.093,6747000000,-0.086,,4308000000,,21.09,19.41,,,,,,,,,,,,,,,,,,,,,true,false,3,2018-04-01,2018-06-30,-1
2019-07-31,19420,2020-03-31,1,292000000000,0.132,,,,,14400000000,0.015,14900000000,0.015,,9500000000,,46.51,,,,,,,,,,,,,,,,,,,,,,true,true,6,2019-04-01,2019-09-30,0
2019-07-31,19420,2020-03-31,1,600000000000,0.065,,,,,33000000000,0.100,33600000000,0.091,,21600000000,,105.75,,,,,,,,,,,,,,,,,,,,,,true,true,12,2019-04-01,2020-03-31,0
2019-07-31,19420,2019-03-31,1,,,,,,,,,,,,,,,,,,,,459854000000,245954000000,0.518,,238432000000,,,,,,,,,,,,true,false,12,2018-04-01,2019-03-31,-1
2019-07-31,19420,2019-03-31,1,,,,,,,,,,,,,,,,,,,,,,,,,,,,,26.00,,,,205288338,1029325,,false,false,12,2018-04-01,2019-03-31,-1
2019-07-31,19420,2020-03-31,1,,,,,,,,,,,,,,,,,,,,,,,,,,,,,28.00,,,,,,,false,true,12,2019-04-01,2020-03-31,0
2019-07-31,19420,2020-03-31,1,,,,,,,,,,,,,,,,,,,,,,,,,,,,,,,,,205288338,1029436,204258951,false,false,3,2019-04-01,2019-06-30,0
2019-07-31,19420,2019-03-31,1,,,,,,,,,,,,,,,,,,,,,,,,,,,,,,,,,,,204259761,false,false,3,2018-04-01,2018-06-30,-1
2019-10-31,19420,2020-03-31,2,278993000000,0.081,,,,,15247000000,0.075,15768000000,0.074,,9936000000,,48.65,44.73,,,,,464512000000,253060000000,0.527,,244946000000,,,,,,,,,,,,true,false,6,2019-04-01,2019-09-30,0
2019-10-31,19420,2019-03-31,2,257976000000,0.114,,,,,14185000000,0.047,14682000000,0.039,,9349000000,,45.77,42.13,,,,,,,,,,,,,,,,,,,,,true,false,6,2018-04-01,2018-09-30,-1
2019-10-31,19420,2020-03-31,2,600000000000,0.065,,,,,33000000000,0.100,33600000000,0.091,,21600000000,,105.75,,,,,,,,,,,,,,,,,,,,,,true,true,12,2019-04-01,2020-03-31,0
2019-10-31,19420,2019-03-31,2,,,,,,,,,,,,,,,,,,,,459854000000,245954000000,0.518,,238432000000,,,,,,,,,,,,true,false,12,2018-04-01,2019-03-31,-1
2019-10-31,19420,2019-03-31,2,,,,,,,,,,,,,,,,,,,,,,,,,,,,,26.00,,,,205288338,1029325,,false,false,12,2018-04-01,2019-03-31,-1
2019-10-31,19420,2020-03-31,2,,,,,,,,,,,,,,,,,,,,,,,,,,,,,15.00,,,,,,,false,false,12,2019-04-01,2020-03-31,0
2019-10-31,19420,2020-03-31,2,,,,,,,,,,,,,,,,,,,,,,,,,,,,,28.00,,,,,,,false,true,12,2019-04-01,2020-03-31,0
2019-10-31,19420,2020-03-31,2,,,,,,,,,,,,,,,,,,,,,,,,,,,,,,,,,205288338,1029644,204258862,false,false,6,2019-04-01,2019-09-30,0
2019-10-31,19420,2019-03-31,2,,,,,,,,,,,,,,,,,,,,,,,,,,,,,,,,,,,204259665,false,false,6,2018-04-01,2018-09-30,-1
2020-01-31,19420,2020-03-31,3,427978000000,0.104,,,,,21881000000,0.140,22717000000,0.138,,14467000000,,70.83,65.12,,,,,466483000000,255894000000,0.531,,247639000000,,,,,,,,,,,,true,false,9,2019-04-01,2019-12-31,0
2020-01-31,19420,2019-03-31,3,387716000000,0.133,,,,,19197000000,0.065,19967000000,0.060,,12733000000,,62.34,57.37,,,,,,,,,,,,,,,,,,,,,true,false,9,2018-04-01,2018-12-31,-1
2020-01-31,19420,2020-03-31,3,600000000000,0.065,,,,,33000000000,0.100,33600000000,0.091,,21600000000,,105.75,,,,,,,,,,,,,,,,,,,,,,true,true,12,2019-04-01,2020-03-31,0
2020-01-31,19420,2019-03-31,3,,,,,,,,,,,,,,,,,,,,459854000000,245954000000,0.518,,238432000000,,,,,,,,,,,,true,false,12,2018-04-01,2019-03-31,-1
2020-01-31,19420,2019-03-31,3,,,,,,,,,,,,,,,,,,,,,,,,,,,,,26.00,,,,205288338,1029325,,false,false,12,2018-04-01,2019-03-31,-1
2020-01-31,19420,2020-03-31,3,,,,,,,,,,,,,,,,,,,,,,,,,,,,,15.00,,,,,,,false,false,12,2019-04-01,2020-03-31,0
2020-01-31,19420,2020-03-31,3,,,,,,,,,,,,,,,,,,,,,,,,,,,,,28.00,,,,,,,false,true,12,2019-04-01,2020-03-31,0
2020-01-31,19420,2020-03-31,3,,,,,,,,,,,,,,,,,,,,,,,,,,,,,,,,,205288338,1029736,204258790,false,false,9,2019-04-01,2019-12-31,0
2020-01-31,19420,2019-03-31,3,,,,,,,,,,,,,,,,,,,,,,,,,,,,,,,,,,,204259581,false,false,9,2018-04-01,2018-12-31,-1
2020-04-28,19420,2020-03-31,,616143000000,0.093,,,,,34693000000,0.156,35565000000,0.155,,22515000000,,110.23,101.35,0.093,0.075,0.056,,488701000000,255821000000,0.506,1211.13,247382000000,29155000000,-13481000000,-7151000000,71579000000,,0.254,,,,,,true,false,12,2019-04-01,2020-03-31,0
2020-04-28,19420,2019-03-31,,563550000000,0.111,,,,,30012000000,0.026,30795000000,0.025,,19703000000,,96.46,88.78,0.085,0.068,0.053,,459854000000,245954000000,0.518,1167.30,238432000000,28251000000,-10131000000,-9153000000,63068000000,,0.270,,,,,,true,false,12,2018-04-01,2019-03-31,-1
2020-04-28,19420,2020-03-31,,540202000000,0.095,,,,,27773000000,0.150,28859000000,0.147,19408000000,,0.136,95.02,87.36,,,,,423889000000,222122000000,0.524,1087.46,222122000000,,,,,28.00,,,,205288338,1029767,204258739,false,false,12,2019-04-01,2020-03-31,0
2020-04-28,19420,2019-03-31,,493128000000,0.110,,,,,24146000000,-0.028,25170000000,-0.025,17084000000,,0.010,83.64,76.97,,,,,395816000000,214363000000,0.542,1049.47,214363000000,,,,,26.00,,,,205288338,1029325,204259471,false,false,12,2018-04-01,2019-03-31,-1
2020-07-31,19420,2021-03-31,1,120435000000,-0.048,,,,,6676000000,-0.049,7241000000,-0.033,,4613000000,,22.59,20.74,,,,,452257000000,259364000000,0.555,,250872000000,,,,,,,,,,,,true,false,3,2020-04-01,2020-06-30,0
2020-07-31,19420,2020-03-31,1,126490000000,-0.002,,,,,7022000000,0.113,7488000000,0.110,,4781000000,,23.41,21.52,,,,,,,,,,,,,,,,,,,,,true,false,3,2019-04-01,2019-06-30,-1
2020-07-31,19420,2021-03-31,1,260000000000,-0.068,,,,,13200000000,-0.134,13600000000,-0.138,,8800000000,,43.08,,,,,,,,,,,,,,,,,,,,,,true,true,6,2020-04-01,2020-09-30,0
2020-07-31,19420,2021-03-31,1,560000000000,-0.091,,,,,30000000000,-0.135,30600000000,-0.140,,19200000000,,94.00,,,,,,,,,,,,,,,,,,,,,,true,true,12,2020-04-01,2021-03-31,0
2020-07-31,19420,2020-03-31,1,,,,,,,,,,,,,,,,,,,,488701000000,255821000000,0.506,,247382000000,,,,,,,,,,,,true,false,12,2019-04-01,2020-03-31,-1
2020-07-31,19420,2020-03-31,1,,,,,,,,,,,,,,,,,,,,,,,,,,,,,28.00,,,,205288338,1029767,,false,false,12,2019-04-01,2020-03-31,-1
2020-07-31,19420,2021-03-31,1,,,,,,,,,,,,,,,,,,,,,,,,,,,,,28.00,,,,,,,false,true,12,2020-04-01,2021-03-31,0
2020-07-31,19420,2021-03-31,1,,,,,,,,,,,,,,,,,,,,,,,,,,,,,,,,,205288338,1029775,204258570,false,false,3,2020-04-01,2020-06-30,0
2020-07-31,19420,2020-03-31,1,,,,,,,,,,,,,,,,,,,,,,,,,,,,,,,,,,,204258951,false,false,3,2019-04-01,2019-06-30,-1
2020-07-31,19420,2021-03-31,,260000000000,,,,,,13200000000,,13600000000,,,8800000000,,43.08,,,,,,,,,,,,,,,,,,,,,,true,true,6,2020-04-01,2020-09-30,0
2020-07-31,19420,2020-03-31,,278993000000,,,,,,15247000000,,15768000000,,,9936000000,,48.65,,,,,,,,,,,,,,,,,,,,,,true,false,6,2019-04-01,2019-09-30,-1
2020-07-31,19420,2021-03-31,,560000000000,,,,,,30000000000,,30600000000,,,19200000000,,94.00,,,,,,,,,,,,,,,,,,,,,,true,true,12,2020-04-01,2021-03-31,0
2020-07-31,19420,2020-03-31,,616143000000,,,,,,34693000000,,35565000000,,,22515000000,,110.23,,,,,,,,,,,,,,,,,,,,,,true,false,12,2019-04-01,2020-03-31,-1
2020-07-31,19420,2021-03-31,,230000000000,,,,,,11000000000,,11600000000,,7800000000,,,38.19,,,,,,,,,,,,,,,,,,,,,,false,true,6,2020-04-01,2020-09-30,0
2020-07-31,19420,2020-03-31,,278993000000,,,,,,15247000000,,15768000000,,9936000000,,,48.65,,,,,,,,,,,,,,,,,,,,,,false,false,6,2019-04-01,2019-09-30,-1
2020-07-31,19420,2021-03-31,,490000000000,,,,,,24500000000,,25500000000,,16600000000,,,81.27,,,,,,,,,,,,,,,28.00,,,,,,,false,true,12,2020-04-01,2021-03-31,0
2020-07-31,19420,2020-03-31,,540202000000,,,,,,27773000000,,28859000000,,19408000000,,,95.02,,,,,,,,,,,,,,,28.00,,,,,,,false,false,12,2019-04-01,2020-03-31,-1
2020-07-31,19420,2021-03-31,,260000000000,,,,,,13200000000,,13600000000,,,8800000000,,43.08,,,,,,,,,,,,,,,,,,,,,,true,true,6,2020-04-01,2020-09-30,0
2020-07-31,19420,2020-03-31,,278993000000,,,,,,15247000000,,15768000000,,,9936000000,,48.65,,,,,,,,,,,,,,,,,,,,,,true,false,6,2019-04-01,2019-09-30,-1
2020-07-31,19420,2021-03-31,,560000000000,,,,,,30000000000,,30600000000,,,19200000000,,94.00,,,,,,,,,,,,,,,,,,,,,,true,true,12,2020-04-01,2021-03-31,0
2020-07-31,19420,2020-03-31,,616143000000,,,,,,34693000000,,35565000000,,,22515000000,,110.23,,,,,,,,,,,,,,,,,,,,,,true,false,12,2019-04-01,2020-03-31,-1
2020-07-31,19420,2021-03-31,,230000000000,,,,,,11000000000,,11600000000,,7800000000,,,38.19,,,,,,,,,,,,,,,,,,,,,,false,true,6,2020-04-01,2020-09-30,0
2020-07-31,19420,2020-03-31,,241660000000,,,,,,11364000000,,12004000000,,8262000000,,,40.45,,,,,,,,,,,,,,,,,,,,,,false,false,6,2019-04-01,2019-09-30,-1
2020-07-31,19420,2021-03-31,,490000000000,,,,,,24500000000,,25500000000,,16600000000,,,81.27,,,,,,,,,,,,,,,28.00,,,,,,,false,true,12,2020-04-01,2021-03-31,0
2020-07-31,19420,2020-03-31,,540202000000,,,,,,27773000000,,28859000000,,19408000000,,,95.02,,,,,,,,,,,,,,,28.00,,,,,,,false,false,12,2019-04-01,2020-03-31,-1
2020-10-30,19420,2021-03-31,2,253813000000,-0.090,,,,,13448000000,-0.118,14064000000,-0.108,,8837000000,,43.26,39.73,,,,,445811000000,263202000000,0.571,,254467000000,,,,,,,,,,,,true,false,6,2020-04-01,2020-09-30,0
2020-10-30,19420,2020-03-31,2,278993000000,0.081,,,,,15247000000,0.075,15768000000,0.074,,9936000000,,48.65,44.73,,,,,,,,,,,,,,,,,,,,,true,false,6,2019-04-01,2019-09-30,-1
2020-10-30,19420,2021-03-31,2,560000000000,-0.091,,,,,30000000000,-0.135,30600000000,-0.140,,19200000000,,94.00,,,,,,,,,,,,,,,,,,,,,,true,true,12,2020-04-01,2021-03-31,0
2020-10-30,19420,2020-03-31,2,,,,,,,,,,,,,,,,,,,,488701000000,255821000000,0.506,,247382000000,,,,,,,,,,,,true,false,12,2019-04-01,2020-03-31,-1
2020-10-30,19420,2020-03-31,2,,,,,,,,,,,,,,,,,,,,,,,,,,,,,28.00,,,,205288338,1029767,,false,false,12,2019-04-01,2020-03-31,-1
2020-10-30,19420,2021-03-31,2,,,,,,,,,,,,,,,,,,,,,,,,,,,,,14.00,,,,,,,false,false,12,2020-04-01,2021-03-31,0
2020-10-30,19420,2021-03-31,2,,,,,,,,,,,,,,,,,,,,,,,,,,,,,28.00,,,,,,,false,true,12,2020-04-01,2021-03-31,0
2020-10-30,19420,2021-03-31,2,,,,,,,,,,,,,,,,,,,,,,,,,,,,,,,,,205288338,1030013,204258515,false,false,6,2020-04-01,2020-09-30,0
2020-10-30,19420,2020-03-31,2,,,,,,,,,,,,,,,,,,,,,,,,,,,,,,,,,,,204258862,false,false,6,2019-04-01,2019-09-30,-1
2021-01-29,19420,2021-03-31,3,389903000000,-0.089,,,,,20304000000,-0.072,21231000000,-0.065,,13551000000,,66.34,60.93,,,,,451650000000,266885000000,0.572,,258173000000,,,,,,,,,,,,true,false,9,2020-04-01,2020-12-31,0
2021-01-29,19420,2020-03-31,3,427978000000,0.104,,,,,21881000000,0.140,22717000000,0.138,,14467000000,,70.83,65.12,,,,,,,,,,,,,,,,,,,,,true,false,9,2019-04-01,2019-12-31,-1
2021-01-29,19420,2021-03-31,3,560000000000,-0.091,,,,,30000000000,-0.135,30600000000,-0.140,,19200000000,,94.00,,,,,,,,,,,,,,,,,,,,,,true,true,12,2020-04-01,2021-03-31,0
2021-01-29,19420,2020-03-31,3,,,,,,,,,,,,,,,,,,,,488701000000,255821000000,0.506,,247382000000,,,,,,,,,,,,true,false,12,2019-04-01,2020-03-31,-1
2021-01-29,19420,2020-03-31,3,,,,,,,,,,,,,,,,,,,,,,,,,,,,,28.00,,,,205288338,1029767,,false,false,12,2019-04-01,2020-03-31,-1
2021-01-29,19420,2021-03-31,3,,,,,,,,,,,,,,,,,,,,,,,,,,,,,14.00,,,,,,,false,false,12,2020-04-01,2021-03-31,0
2021-01-29,19420,2021-03-31,3,,,,,,,,,,,,,,,,,,,,,,,,,,,,,28.00,,,,,,,false,true,12,2020-04-01,2021-03-31,0
2021-01-29,19420,2021-03-31,3,,,,,,,,,,,,,,,,,,,,,,,,,,,,,,,,,205288338,1030216,204258422,false,false,9,2020-04-01,2020-12-31,0
2021-01-29,19420,2020-03-31,3,,,,,,,,,,,,,,,,,,,,,,,,,,,,,,,,,,,204258790,false,false,9,2019-04-01,2019-12-31,-1
2021-04-28,19420,2021-03-31,,556045000000,-0.098,,,,,30041000000,-0.134,31043000000,-0.127,,20147000000,,98.64,,0.078,0.066,0.054,,456999000000,279459000000,0.592,1323.90,270417000000,12873000000,-972000000,-26317000000,57187000000,,0.284,,,,,,true,false,12,2020-04-01,2021-03-31,0
2021-04-28,19420,2020-03-31,,616143000000,0.093,,,,,34693000000,0.156,35565000000,0.155,,22515000000,,110.23,101.35,0.093,0.075,0.056,,488701000000,255821000000,0.506,1211.13,247382000000,29155000000,-13481000000,-7151000000,71579000000,,0.254,,,,,,true,false,12,2019-04-01,2020-03-31,-1
2021-04-28,19420,2022-03-31,,229000000000,,,,,,12500000000,-0.071,12900000000,-0.083,,7600000000,,37.21,,,,,,,,,,,,,,,,,,,,,,true,true,6,2021-04-01,2021-09-30,1
2021-04-28,19420,2022-03-31,,521000000000,,,,,,30300000000,0.009,31300000000,0.008,,20400000000,,99.87,,,,,,,,,,,,,,,,,,,,,,true,true,12,2021-04-01,2022-03-31,1
2021-04-28,19420,2021-03-31,,486327000000,-0.100,,,,,24730000000,-0.110,25923000000,-0.102,17524000000,,-0.097,85.80,,,,,,395671000000,239203000000,0.605,1171.08,239203000000,,,,,28.00,,,,205288338,1030585,204258312,false,false,12,2020-04-01,2021-03-31,0
2021-04-28,19420,2020-03-31,,540202000000,0.095,,,,,27773000000,0.150,28859000000,0.147,19408000000,,0.136,95.02,87.36,,,,,423889000000,222122000000,0.524,1087.46,222122000000,,,,,28.00,,,,205288338,1029767,204258739,false,false,12,2019-04-01,2020-03-31,-1
2021-04-28,19420,2022-03-31,,198000000000,,,,,,10000000000,-0.093,10600000000,-0.095,6400000000,,-0.172,31.33,,,,,,,,,,,,,,,,,,,,,,false,true,6,2021-04-01,2021-09-30,1
2021-04-28,19420,2022-03-31,,452000000000,,,,,,24800000000,0.003,26000000000,0.003,17600000000,,0.004,86.17,,,,,,,,,,,,,,,28.00,,,,,,,false,true,12,2021-04-01,2022-03-31,1
2021-07-30,19420,2022-03-31,1,108077000000,,,,,,6967000000,0.044,7475000000,0.032,,4764000000,,23.33,,,,,,436878000000,281062000000,0.622,,271884000000,,,,,,,,,,,,true,false,3,2021-04-01,2021-06-30,0
2021-07-30,19420,2021-03-31,1,120435000000,-0.048,,,,,6676000000,-0.049,7241000000,-0.033,,4613000000,,22.59,20.74,,,,,,,,,,,,,,,,,,,,,true,false,3,2020-04-01,2020-06-30,-1
2021-07-30,19420,2022-03-31,1,229000000000,,,,,,12500000000,-0.071,12900000000,-0.083,,7600000000,,37.21,,,,,,,,,,,,,,,,,,,,,,true,true,6,2021-04-01,2021-09-30,0
2021-07-30,19420,2022-03-31,1,521000000000,,,,,,30300000000,0.009,31300000000,0.008,,20400000000,,99.87,,,,,,,,,,,,,,,,,,,,,,true,true,12,2021-04-01,2022-03-31,0
2021-07-30,19420,2021-03-31,1,,,,,,,,,,,,,,,,,,,,456999000000,279459000000,0.592,,270417000000,,,,,,,,,,,,true,false,12,2020-04-01,2021-03-31,-1
2021-07-30,19420,2021-03-31,1,,,,,,,,,,,,,,,,,,,,,,,,,,,,,28.00,,,,205288338,1030585,,false,false,12,2020-04-01,2021-03-31,-1
2021-07-30,19420,2022-03-31,1,,,,,,,,,,,,,,,,,,,,,,,,,,,,,28.00,,,,,,,false,true,12,2021-04-01,2022-03-31,0
2021-07-30,19420,2022-03-31,1,,,,,,,,,,,,,,,,,,,,,,,,,,,,,,,,,205288338,1030794,204257660,false,false,3,2021-04-01,2021-06-30,0
2021-07-30,19420,2021-03-31,1,,,,,,,,,,,,,,,,,,,,,,,,,,,,,,,,,,,204258570,false,false,3,2020-04-01,2020-06-30,-1
2021-10-29,19420,2022-03-31,2,220331000000,,,,,,13452000000,0.000,14010000000,-0.004,,8861000000,,43.38,,,,,,435469000000,286695000000,0.637,,277377000000,,,,,,,,,,,,true,false,6,2021-04-01,2021-09-30,0
2021-10-29,19420,2021-03-31,2,253813000000,-0.090,,,,,13448000000,-0.118,14064000000,-0.108,,8837000000,,43.26,39.73,,,,,,,,,,,,,,,,,,,,,true,false,6,2020-04-01,2020-09-30,-1
2021-10-29,19420,2022-03-31,2,521000000000,,,,,,30300000000,0.009,31300000000,0.008,,20400000000,,99.87,,,,,,,,,,,,,,,,,,,,,,true,true,12,2021-04-01,2022-03-31,0
2021-10-29,19420,2021-03-31,2,,,,,,,,,,,,,,,,,,,,456999000000,279459000000,0.592,,270417000000,,,,,,,,,,,,true,false,12,2020-04-01,2021-03-31,-1
2021-10-29,19420,2021-03-31,2,,,,,,,,,,,,,,,,,,,,,,,,,,,,,28.00,,,,205288338,1030585,,false,false,12,2020-04-01,2021-03-31,-1
2021-10-29,19420,2022-03-31,2,,,,,,,,,,,,,,,,,,,,,,,,,,,,,14.00,,,,,,,false,false,12,2021-04-01,2022-03-31,0
2021-10-29,19420,2022-03-31,2,,,,,,,,,,,,,,,,,,,,,,,,,,,,,28.00,,,,,,,false,true,12,2021-04-01,2022-03-31,0
2021-10-29,19420,2022-03-31,2,,,,,,,,,,,,,,,,,,,,,,,,,,,,,,,,,205288338,982769,204269642,false,false,6,2021-04-01,2021-09-30,0
2021-10-29,19420,2021-03-31,2,,,,,,,,,,,,,,,,,,,,,,,,,,,,,,,,,,,204258515,false,false,6,2020-04-01,2020-09-30,-1
2022-01-31,19420,2022-03-31,3,343784000000,,,,,,20612000000,0.015,21577000000,0.016,,13950000000,,68.29,,,,,,443247000000,286278000000,0.625,,276934000000,,,,,,,,,,,,true,false,9,2021-04-01,2021-12-31,0
2022-01-31,19420,2021-03-31,3,389903000000,-0.089,,,,,20304000000,-0.072,21231000000,-0.065,,13551000000,,66.34,60.93,,,,,,,,,,,,,,,,,,,,,true,false,9,2020-04-01,2020-12-31,-1
2022-01-31,19420,2022-03-31,3,521000000000,,,,,,30300000000,0.009,31300000000,0.008,,20400000000,,99.86,,,,,,,,,,,,,,,,,,,,,,true,true,12,2021-04-01,2022-03-31,0
2022-01-31,19420,2021-03-31,3,,,,,,,,,,,,,,,,,,,,456999000000,279459000000,0.592,,270417000000,,,,,,,,,,,,true,false,12,2020-04-01,2021-03-31,-1
2022-01-31,19420,2021-03-31,3,,,,,,,,,,,,,,,,,,,,,,,,,,,,,28.00,,,,205288338,1030585,,false,false,12,2020-04-01,2021-03-31,-1
2022-01-31,19420,2022-03-31,3,,,,,,,,,,,,,,,,,,,,,,,,,,,,,14.00,,,,,,,false,false,12,2021-04-01,2022-03-31,0
2022-01-31,19420,2022-03-31,3,,,,,,,,,,,,,,,,,,,,,,,,,,,,,28.00,,,,,,,false,true,12,2021-04-01,2022-03-31,0
2022-01-31,19420,2022-03-31,3,,,,,,,,,,,,,,,,,,,,,,,,,,,,,,,,,205288338,983208,204281541,false,false,9,2021-04-01,2021-12-31,0
2022-01-31,19420,2021-03-31,3,,,,,,,,,,,,,,,,,,,,,,,,,,,,,,,,,,,204258422,false,false,9,2020-04-01,2020-12-31,-1
2022-04-28,19420,2022-03-31,,495567000000,,,,,,30643000000,0.020,31754000000,0.023,,20315000000,,99.45,,0.073,0.068,0.062,,470967000000,293514000000,0.603,1389.96,283975000000,27150000000,-9224000000,-7789000000,67423000000,,0.282,,,,,,true,false,12,2021-04-01,2022-03-31,0
2022-04-28,19420,2021-03-31,,556045000000,-0.098,,,,,30041000000,-0.134,31043000000,-0.127,,20147000000,,98.64,,0.078,0.066,0.054,,456999000000,279459000000,0.592,1323.90,270417000000,12873000000,-972000000,-26317000000,57187000000,,0.284,,,,,,true,false,12,2020-04-01,2021-03-31,-1
2022-04-28,19420,2023-03-31,,245000000000,0.112,,,,,12400000000,-0.078,12900000000,-0.079,,7700000000,,37.69,,,,,,,,,,,,,,,,,,,,,,true,true,6,2022-04-01,2022-09-30,1
2022-04-28,19420,2023-03-31,,542000000000,0.094,,,,,32000000000,0.044,32800000000,0.033,,20800000000,,101.82,,,,,,,,,,,,,,,,,,,,,,true,true,12,2022-04-01,2023-03-31,1
2022-04-28,19420,2022-03-31,,429021000000,,,,,,25416000000,0.028,26742000000,0.032,17935000000,,0.023,87.79,,,,,,403405000000,251113000000,0.622,1229.11,251113000000,,,,,28.00,,,,205288338,983306,204287427,false,false,12,2021-04-01,2022-03-31,0
2022-04-28,19420,2021-03-31,,486327000000,-0.100,,,,,24730000000,-0.110,25923000000,-0.102,17524000000,,-0.097,85.80,,,,,,395671000000,239203000000,0.605,1171.08,239203000000,,,,,28.00,,,,205288338,1030585,204258312,false,false,12,2020-04-01,2021-03-31,-1
2022-04-28,19420,2023-03-31,,214000000000,0.127,,,,,10000000000,-0.107,10600000000,-0.107,6700000000,,-0.157,32.80,,,,,,,,,,,,,,,,,,,,,,false,true,6,2022-04-01,2022-09-30,1
2022-04-28,19420,2023-03-31,,473000000000,0.103,,,,,26500000000,0.043,27500000000,0.028,18000000000,,0.004,88.11,,,,,,,,,,,,,,,28.00,,,,,,,false,true,12,2022-04-01,2023-03-31,1
2022-07-29,19420,2023-03-31,1,109018000000,0.009,,,,,5852000000,-0.160,6544000000,-0.125,,4309000000,,21.09,,,,,,446699000000,295536000000,0.640,,286002000000,,,,,,,,,,,,true,false,3,2022-04-01,2022-06-30,0
2022-07-29,19420,2022-03-31,1,108077000000,,,,,,6967000000,0.044,7475000000,0.032,,4764000000,,23.33,,,,,,,,,,,,,,,,,,,,,,true,false,3,2021-04-01,2021-06-30,-1
2022-07-29,19420,2023-03-31,1,245000000000,0.112,,,,,12400000000,-0.078,12900000000,-0.079,,7700000000,,37.69,,,,,,,,,,,,,,,,,,,,,,true,true,6,2022-04-01,2022-09-30,0
2022-07-29,19420,2023-03-31,1,542000000000,0.094,,,,,32000000000,0.044,32800000000,0.033,,20800000000,,101.81,,,,,,,,,,,,,,,,,,,,,,true,true,12,2022-04-01,2023-03-31,0
2022-07-29,19420,2022-03-31,1,,,,,,,,,,,,,,,,,,,,470967000000,293514000000,0.603,,283975000000,,,,,,,,,,,,true,false,12,2021-04-01,2022-03-31,-1
2022-07-29,19420,2022-03-31,1,,,,,,,,,,,,,,,,,,,,,,,,,,,,,28.00,,,,205288338,983306,,false,false,12,2021-04-01,2022-03-31,-1
2022-07-29,19420,2023-03-31,1,,,,,,,,,,,,,,,,,,,,,,,,,,,,,28.00,,,,,,,false,true,12,2022-04-01,2023-03-31,0
2022-07-29,19420,2023-03-31,1,,,,,,,,,,,,,,,,,,,,,,,,,,,,,,,,,205288338,983318,204305026,false,false,3,2022-04-01,2022-06-30,0
2022-07-29,19420,2022-03-31,1,,,,,,,,,,,,,,,,,,,,,,,,,,,,,,,,,,,204257660,false,false,3,2021-04-01,2021-06-30,-1
2022-10-31,19420,2023-03-31,2,233693000000,0.061,,,,,13630000000,0.013,14518000000,0.036,,9508000000,,46.54,,,,,,451609000000,300098000000,0.643,,290379000000,,,,,,,,,,,,true,false,6,2022-04-01,2022-09-30,0
2022-10-31,19420,2022-03-31,2,220331000000,,,,,,13452000000,0.000,14010000000,-0.004,,8861000000,,43.38,,,,,,,,,,,,,,,,,,,,,,true,false,6,2021-04-01,2021-09-30,-1
2022-10-31,19420,2023-03-31,2,542000000000,0.094,,,,,32000000000,0.044,32800000000,0.033,,20800000000,,101.80,,,,,,,,,,,,,,,,,,,,,,true,true,12,2022-04-01,2023-03-31,0
2022-10-31,19420,2022-03-31,2,,,,,,,,,,,,,,,,,,,,470967000000,293514000000,0.603,,283975000000,,,,,,,,,,,,true,false,12,2021-04-01,2022-03-31,-1
2022-10-31,19420,2022-03-31,2,,,,,,,,,,,,,,,,,,,,,,,,,,,,,28.00,,,,205288338,983306,,false,false,12,2021-04-01,2022-03-31,-1
2022-10-31,19420,2023-03-31,2,,,,,,,,,,,,,,,,,,,,,,,,,,,,,15.00,,,,,,,false,false,12,2022-04-01,2023-03-31,0
2022-10-31,19420,2023-03-31,2,,,,,,,,,,,,,,,,,,,,,,,,,,,,,30.00,,,,,,,false,true,12,2022-04-01,2023-03-31,0
2022-10-31,19420,2023-03-31,2,,,,,,,,,,,,,,,,,,,,,,,,,,,,,,,,,205288338,938599,204316191,false,false,6,2022-04-01,2022-09-30,0
2022-10-31,19420,2022-03-31,2,,,,,,,,,,,,,,,,,,,,,,,,,,,,,,,,,,,204269642,false,false,6,2021-04-01,2021-09-30,-1
2023-01-30,19420,2023-03-31,3,367501000000,0.069,,,,,21421000000,0.039,22728000000,0.053,,14742000000,,72.15,,,,,,459468000000,301893000000,0.636,,292121000000,,,,,,,,,,,,true,false,9,2022-04-01,2022-12-31,0
2023-01-30,19420,2022-03-31,3,343784000000,,,,,,20612000000,0.015,21577000000,0.016,,13950000000,,68.29,,,,,,,,,,,,,,,,,,,,,,true,false,9,2021-04-01,2021-12-31,-1
2023-01-30,19420,2023-03-31,3,542000000000,0.094,,,,,32000000000,0.044,32800000000,0.033,,20800000000,,101.80,,,,,,,,,,,,,,,,,,,,,,true,true,12,2022-04-01,2023-03-31,0
2023-01-30,19420,2022-03-31,3,,,,,,,,,,,,,,,,,,,,470967000000,293514000000,0.603,,283975000000,,,,,,,,,,,,true,false,12,2021-04-01,2022-03-31,-1
2023-01-30,19420,2022-03-31,3,,,,,,,,,,,,,,,,,,,,,,,,,,,,,28.00,,,,205288338,983306,,false,false,12,2021-04-01,2022-03-31,-1
2023-01-30,19420,2023-03-31,3,,,,,,,,,,,,,,,,,,,,,,,,,,,,,15.00,,,,,,,false,false,12,2022-04-01,2023-03-31,0
2023-01-30,19420,2023-03-31,3,,,,,,,,,,,,,,,,,,,,,,,,,,,,,30.00,,,,,,,false,true,12,2022-04-01,2023-03-31,0
2023-01-30,19420,2023-03-31,3,,,,,,,,,,,,,,,,,,,,,,,,,,,,,,,,,205288338,938630,204327369,false,false,9,2022-04-01,2022-12-31,0
2023-01-30,19420,2022-03-31,3,,,,,,,,,,,,,,,,,,,,,,,,,,,,,,,,,,,204281541,false,false,9,2021-04-01,2021-12-31,-1
2023-04-28,19420,2023-03-31,,541579000000,0.093,,,,,32748000000,0.069,34059000000,0.073,,21167000000,,103.59,,0.073,0.071,0.060,,487828000000,308457000000,0.612,1460.23,298398000000,7455000000,-6635000000,-7319000000,61015000000,,0.309,,,,,,true,false,12,2022-04-01,2023-03-31,0
2023-04-28,19420,2022-03-31,,495567000000,,,,,,30643000000,0.020,31754000000,0.023,,20315000000,,99.45,,0.073,0.068,0.062,,470967000000,293514000000,0.603,1389.96,283975000000,27150000000,-9224000000,-7789000000,67423000000,,0.282,,,,,,true,false,12,2021-04-01,2022-03-31,-1
2023-04-28,19420,2024-03-31,,273000000000,0.168,,,,,15400000000,0.130,15800000000,0.088,,10000000000,,48.94,,,,,,,,,,,,,,,,,,,,,,true,true,6,2023-04-01,2023-09-30,1
2023-04-28,19420,2024-03-31,,577000000000,0.065,,,,,36000000000,0.099,36600000000,0.075,,23300000000,,114.03,,,,,,,,,,,,,,,,0.307,,,,,,true,true,12,2023-04-01,2024-03-31,1
2023-04-28,19420,2023-03-31,,469990000000,0.095,,,,,27195000000,0.070,28669000000,0.072,18239000000,,0.017,89.26,,,,,,423191000000,264032000000,0.624,1292.06,264032000000,,,,,32.00,,,,205288338,938779,204332929,false,false,12,2022-04-01,2023-03-31,0
2023-04-28,19420,2022-03-31,,429021000000,,,,,,25416000000,0.028,26742000000,0.032,17935000000,,0.023,87.79,,,,,,403405000000,251113000000,0.622,1229.11,251113000000,,,,,28.00,,,,205288338,983306,204287427,false,false,12,2021-04-01,2022-03-31,-1
2023-04-28,19420,2024-03-31,,241000000000,0.186,,,,,13000000000,0.132,13500000000,0.086,8900000000,,0.052,43.56,,,,,,,,,,,,,,,,,,,,,,false,true,6,2023-04-01,2023-09-30,1
2023-04-28,19420,2024-03-31,,504000000000,0.072,,,,,30000000000,0.103,31000000000,0.081,20300000000,,0.113,99.35,,,,,,,,,,,,,,,35.00,,,,,,,false,true,12,2023-04-01,2024-03-31,1
2023-07-31,19420,2024-03-31,1,118782000000,0.090,,,,,6767000000,0.156,7591000000,0.160,,5069000000,,24.81,,,,,,466919000000,314066000000,0.651,,303998000000,,,,,,,,,,,,true,false,3,2023-04-01,2023-06-30,0
2023-07-31,19420,2023-03-31,1,109018000000,0.009,,,,,5852000000,-0.160,6544000000,-0.125,,4309000000,,21.09,,,,,,,,,,,,,,,,,,,,,,true,false,3,2022-04-01,2022-06-30,-1
2023-07-31,19420,2024-03-31,1,273000000000,0.168,,,,,15400000000,0.130,15800000000,0.088,,10000000000,,48.94,,,,,,,,,,,,,,,,,,,,,,true,true,6,2023-04-01,2023-09-30,0
2023-07-31,19420,2024-03-31,1,577000000000,0.065,,,,,36000000000,0.099,36600000000,0.075,,23300000000,,114.02,,,,,,,,,,,,,,,,,,,,,,true,true,12,2023-04-01,2024-03-31,0
2023-07-31,19420,2023-03-31,1,,,,,,,,,,,,,,,,,,,,487828000000,308457000000,0.612,,298398000000,,,,,,,,,,,,true,false,12,2022-04-01,2023-03-31,-1
2023-07-31,19420,2023-03-31,1,,,,,,,,,,,,,,,,,,,,,,,,,,,,,32.00,,,,205288338,938779,,false,false,12,2022-04-01,2023-03-31,-1
2023-07-31,19420,2024-03-31,1,,,,,,,,,,,,,,,,,,,,,,,,,,,,,35.00,,,,,,,false,true,12,2023-04-01,2024-03-31,0
2023-07-31,19420,2024-03-31,1,,,,,,,,,,,,,,,,,,,,,,,,,,,,,,,,,205288338,938898,204349481,false,false,3,2023-04-01,2023-06-30,0
2023-07-31,19420,2023-03-31,1,,,,,,,,,,,,,,,,,,,,,,,,,,,,,,,,,,,204305026,false,false,3,2022-04-01,2022-06-30,-1
2023-10-31,19420,2024-03-31,2,261821000000,0.120,,,,,15745000000,0.155,16652000000,0.147,,11103000000,,54.33,,,,,,493271000000,322084000000,0.632,,311879000000,,,,,,,,,,,,true,false,6,2023-04-01,2023-09-30,0
2023-10-31,19420,2023-03-31,2,233693000000,0.061,,,,,13630000000,0.013,14518000000,0.036,,9508000000,,46.54,,,,,,,,,,,,,,,,,,,,,,true,false,6,2022-04-01,2022-09-30,-1
2023-10-31,19420,2024-03-31,2,577000000000,0.065,,,,,36000000000,0.099,36600000000,0.075,,23300000000,,114.02,,,,,,,,,,,,,,,,,,,,,,true,true,12,2023-04-01,2024-03-31,0
2023-10-31,19420,2023-03-31,2,,,,,,,,,,,,,,,,,,,,487828000000,308457000000,0.612,,298398000000,,,,,,,,,,,,true,false,12,2022-04-01,2023-03-31,-1
2023-10-31,19420,2023-03-31,2,,,,,,,,,,,,,,,,,,,,,,,,,,,,,32.00,,,,205288338,938779,,false,false,12,2022-04-01,2023-03-31,-1
2023-10-31,19420,2024-03-31,2,,,,,,,,,,,,,,,,,,,,,,,,,,,,,17.00,,,,,,,false,false,12,2023-04-01,2024-03-31,0
2023-10-31,19420,2024-03-31,2,,,,,,,,,,,,,,,,,,,,,,,,,,,,,35.00,,,,,,,false,true,12,2023-04-01,2024-03-31,0
2023-10-31,19420,2024-03-31,2,,,,,,,,,,,,,,,,,,,,,,,,,,,,,,,,,205288338,910763,204356483,false,false,6,2023-04-01,2023-09-30,0
2023-10-31,19420,2023-03-31,2,,,,,,,,,,,,,,,,,,,,,,,,,,,,,,,,,,,204316191,false,false,6,2022-04-01,2022-09-30,-1
2024-01-31,19420,2024-03-31,3,403357000000,0.098,,,,,24932000000,0.164,26245000000,0.155,,20047000000,,98.10,,,,,,520600000000,328992000000,0.610,,317552000000,,,,,,,,,,,,true,false,9,2023-04-01,2023-12-31,0
2024-01-31,19420,2023-03-31,3,367501000000,0.069,,,,,21421000000,0.039,22728000000,0.053,,14742000000,,72.15,,,,,,,,,,,,,,,,,,,,,,true,false,9,2022-04-01,2022-12-31,-1
2024-01-31,19420,2024-03-31,3,577000000000,0.065,,,,,36000000000,0.099,36600000000,0.075,,23300000000,,114.01,,,,,,,,,,,,,,,,,,,,,,true,true,12,2023-04-01,2024-03-31,0
2024-01-31,19420,2023-03-31,3,,,,,,,,,,,,,,,,,,,,487828000000,308457000000,0.612,,298398000000,,,,,,,,,,,,true,false,12,2022-04-01,2023-03-31,-1
2024-01-31,19420,2023-03-31,3,,,,,,,,,,,,,,,,,,,,,,,,,,,,,32.00,,,,205288338,938779,,false,false,12,2022-04-01,2023-03-31,-1
2024-01-31,19420,2024-03-31,3,,,,,,,,,,,,,,,,,,,,,,,,,,,,,17.00,,,,,,,false,false,12,2023-04-01,2024-03-31,0
2024-01-31,19420,2024-03-31,3,,,,,,,,,,,,,,,,,,,,,,,,,,,,,35.00,,,,,,,false,true,12,2023-04-01,2024-03-31,0
2024-01-31,19420,2024-03-31,3,,,,,,,,,,,,,,,,,,,,,,,,,,,,,,,,,205288338,911008,204363491,false,false,9,2023-04-01,2023-12-31,0
2024-01-31,19420,2023-03-31,3,,,,,,,,,,,,,,,,,,,,,,,,,,,,,,,,,,,204327369,false,false,9,2022-04-01,2022-12-31,-1
2024-04-26,19420,2024-03-31,,598427000000,0.105,,,,,40934000000,0.250,42648000000,0.252,,27345000000,,133.80,,0.086,0.081,0.068,,567275000000,345800000000,0.589,1633.95,333942000000,19841000000,-19077000000,567000000,62438000000,,0.306,,,,,,true,false,12,2023-04-01,2024-03-31,0
2024-04-26,19420,2023-03-31,,541579000000,0.093,,,,,32748000000,0.069,34059000000,0.073,,21167000000,,103.59,,0.073,0.071,0.060,,487828000000,308457000000,0.612,1460.23,298398000000,7455000000,-6635000000,-7319000000,61015000000,,0.309,,,,,,true,false,12,2022-04-01,2023-03-31,-1
2024-04-26,19420,2025-03-31,,267600000000,0.022,,,,,16400000000,0.042,16800000000,0.009,,11200000000,,54.80,,,,,,,,,,,,,,,,,,,,,,true,true,6,2024-04-01,2024-09-30,1
2024-04-26,19420,2025-03-31,,600000000000,0.003,,,,,37000000000,-0.096,38000000000,-0.109,,24500000000,,119.88,,,,,,,,,,,,,,,,0.359,,,,,,true,true,12,2024-04-01,2025-03-31,1
2024-04-26,19420,2024-03-31,,520883000000,0.108,,,,,34257000000,0.260,36116000000,0.260,20594000000,,0.129,100.77,,,,,,495973000000,291841000000,0.588,1427.96,291841000000,,,,,41.00,,,,205288338,911222,204366936,false,false,12,2023-04-01,2024-03-31,0
2024-04-26,19420,2023-03-31,,469990000000,0.095,,,,,27195000000,0.070,28669000000,0.072,18239000000,,0.017,89.26,,,,,,423191000000,264032000000,0.624,1292.06,264032000000,,,,,32.00,,,,205288338,938779,204332929,false,false,12,2022-04-01,2023-03-31,-1
2024-04-26,19420,2025-03-31,,234000000000,0.022,,,,,14000000000,0.034,14600000000,0.005,10000000000,,0.008,48.93,,,,,,,,,,,,,,,,,,,,,,false,true,6,2024-04-01,2024-09-30,1
2024-04-26,19420,2025-03-31,,522000000000,0.002,,,,,30700000000,-0.104,31900000000,-0.117,21300000000,,0.034,104.22,,,,,,,,,,,,,,,43.00,,,,,,,false,true,12,2024-04-01,2025-03-31,1
2024-07-31,1942,2025-03-31,1,128864000000,0.085,,,,,10353000000,0.530,11053000000,0.456,,7382000000,,36.12,,,,,,511671000000,346857000000,0.655,,335021000000,,,,,,,,,,,,true,false,3,2024-04-01,2024-06-30,0
2024-07-31,1942,2024-03-31,1,118782000000,0.090,,,,,6767000000,0.156,7591000000,0.160,,5069000000,,24.81,,,,,,,,,,,,,,,,,,,,,,true,false,3,2023-04-01,2023-06-30,-1
2024-07-31,1942,2025-03-31,1,267600000000,0.022,,,,,16400000000,0.042,16800000000,0.009,,11200000000,,54.80,,,,,,,,,,,,,,,,,,,,,,true,true,6,2024-04-01,2024-09-30,0
2024-07-31,1942,2025-03-31,1,600000000000,0.003,,,,,37000000000,-0.096,38000000000,-0.109,,24500000000,,119.88,,,,,,,,,,,,,,,,,,,,,,true,true,12,2024-04-01,2025-03-31,0
2024-07-31,1942,2024-03-31,1,,,,,,,,,,,,,,,,,,,,567275000000,345800000000,0.589,,333942000000,,,,,,,,,,,,true,false,12,2023-04-01,2024-03-31,-1
2024-07-31,1942,2024-03-31,1,,,,,,,,,,,,,,,,,,,,,,,,,,,,,41.00,,,,205288338,911222,,false,false,12,2023-04-01,2024-03-31,-1
2024-07-31,1942,2025-03-31,1,,,,,,,,,,,,,,,,,,,,,,,,,,,,,43.00,,,,,,,false,true,12,2024-04-01,2025-03-31,0
2024-07-31,1942,2025-03-31,1,,,,,,,,,,,,,,,,,,,,,,,,,,,,,,,,,205288338,911225,204377113,false,false,3,2024-04-01,2024-06-30,0
2024-07-31,1942,2024-03-31,1,,,,,,,,,,,,,,,,,,,,,,,,,,,,,,,,,,,204349481,false,false,3,2023-04-01,2023-06-30,-1
2024-09-09,19420,2025-03-31,,293000000000,0.095,,,,,24500000000,0.494,25100000000,0.494,,16600000000,,81.22,,,,,,,,,,,,,,,,,,,,,,true,true,6,2024-04-01,2024-09-30,0
2024-09-09,19420,2024-03-31,,261821000000,,,,,,15745000000,,16652000000,,,11103000000,,54.33,,,,,,,,,,,,,,,,,,,,,,true,false,6,2023-04-01,2023-09-30,-1
2024-09-09,19420,2025-03-31,,633000000000,0.055,,,,,43000000000,0.162,44000000000,0.158,,28800000000,,140.92,,,,,,,,,,,,,,,,,,,,,,true,true,12,2024-04-01,2025-03-31,0
2024-09-09,19420,2024-03-31,,598427000000,,,,,,40934000000,,42648000000,,,27345000000,,133.80,,,,,,,,,,,,,,,,,,,,,,true,false,12,2023-04-01,2024-03-31,-1
2024-09-09,19420,2025-03-31,,253000000000,0.081,,,,,21300000000,0.521,22200000000,0.521,15000000000,,0.500,73.39,,,,,,,,,,,,,,,,,,,,,,false,true,6,2024-04-01,2024-09-30,0
2024-09-09,19420,2024-03-31,,228960000000,,,,,,13534000000,,14526000000,,9925000000,,,48.57,,,,,,,,,,,,,,,,,,,,,,false,false,6,2023-04-01,2023-09-30,-1
2024-09-09,19420,2025-03-31,,554000000000,0.061,,,,,36000000000,0.173,37300000000,0.169,25200000000,,0.183,123.30,,,,,,,,,,,,,,,51.00,,,,,,,false,true,12,2024-04-01,2025-03-31,0
2024-09-09,19420,2024-03-31,,520883000000,,,,,,34257000000,,36116000000,,20594000000,,,100.77,,,,,,,,,,,,,,,41.00,,,,,,,false,false,12,2023-04-01,2024-03-31,-1
2024-10-31,1942,2025-03-31,2,286740000000,0.095,,,,,25427000000,0.615,26144000000,0.570,,17263000000,,84.47,,,,,,535241000000,356475000000,0.643,,344373000000,,,,,,,,,,,,true,false,6,2024-04-01,2024-09-30,0
2024-10-31,1942,2024-03-31,2,261821000000,0.120,,,,,15745000000,0.155,16652000000,0.147,,11103000000,,54.33,,,,,,,,,,,,,,,,,,,,,,true,false,6,2023-04-01,2023-09-30,-1
2024-10-31,1942,2025-03-31,2,633000000000,0.058,,,,,43000000000,0.050,44000000000,0.032,,28800000000,,140.91,,,,,,,,,,,,,,,,,,,,,,true,true,12,2024-04-01,2025-03-31,0
2024-10-31,1942,2024-03-31,2,,,,,,,,,,,,,,,,,,,,567275000000,345800000000,0.589,,333942000000,,,,,,,,,,,,true,false,12,2023-04-01,2024-03-31,-1
2024-10-31,1942,2024-03-31,2,,,,,,,,,,,,,,,,,,,,,,,,,,,,,41.00,,,,205288338,911222,,false,false,12,2023-04-01,2024-03-31,-1
2024-10-31,1942,2025-03-31,2,,,,,,,,,,,,,,,,,,,,,,,,,,,,,26.00,,,,,,,false,false,12,2024-04-01,2025-03-31,0
2024-10-31,1942,2025-03-31,2,,,,,,,,,,,,,,,,,,,,,,,,,,,,,51.00,,,,,,,false,true,12,2024-04-01,2025-03-31,0
2024-10-31,1942,2025-03-31,2,,,,,,,,,,,,,,,,,,,,,,,,,,,,,,,,,205288338,891218,204382122,false,false,6,2024-04-01,2024-09-30,0
2024-10-31,1942,2024-03-31,2,,,,,,,,,,,,,,,,,,,,,,,,,,,,,,,,,,,204356483,false,false,6,2023-04-01,2023-09-30,-1
2025-01-31,1942,2025-03-31,3,455492000000,0.129,,,,,41932000000,0.682,43342000000,0.651,,31896000000,,156.06,,,,,,560480000000,363993000000,0.627,,351694000000,,,,,,,,,,,,true,false,9,2024-04-01,2024-12-31,0
2025-01-31,1942,2024-03-31,3,403357000000,0.098,,,,,24932000000,0.164,26245000000,0.155,,20047000000,,98.10,,,,,,,,,,,,,,,,,,,,,,true,false,9,2023-04-01,2023-12-31,-1
2025-01-31,1942,2025-03-31,3,666000000000,0.113,,,,,57000000000,0.392,58200000000,0.365,,41700000000,,204.02,,,,,,,,,,,,,,,,,,,,,,true,true,12,2024-04-01,2025-03-31,0
2025-01-31,1942,2024-03-31,3,,,,,,,,,,,,,,,,,,,,567275000000,345800000000,0.589,,333942000000,,,,,,,,,,,,true,false,12,2023-04-01,2024-03-31,-1
2025-01-31,1942,2024-03-31,3,,,,,,,,,,,,,,,,,,,,,,,,,,,,,41.00,,,,205288338,911222,,false,false,12,2023-04-01,2024-03-31,-1
2025-01-31,1942,2025-03-31,3,,,,,,,,,,,,,,,,,,,,,,,,,,,,,26.00,,,,,,,false,false,12,2024-04-01,2025-03-31,0
2025-01-31,1942,2025-03-31,3,,,,,,,,,,,,,,,,,,,,,,,,,,,,,82.00,,,,,,,false,true,12,2024-04-01,2025-03-31,0
2025-01-31,1942,2025-03-31,3,,,,,,,,,,,,,,,,,,,,,,,,,,,,,,,,,205288338,891282,204387116,false,false,9,2024-04-01,2024-12-31,0
2025-01-31,1942,2024-03-31,3,,,,,,,,,,,,,,,,,,,,,,,,,,,,,,,,,,,204363491,false,false,9,2023-04-01,2023-12-31,-1
2025-01-31,19420,2025-03-31,,666000000000,0.052,,,,,57000000000,0.326,58200000000,0.323,41700000000,,0.448,204.02,,,,,,,,,,,,,,,,,,,,,,true,true,12,2024-04-01,2025-03-31,0
2025-01-31,19420,2024-03-31,,598427000000,,,,,,40934000000,,42648000000,,27345000000,,,133.80,,,,,,,,,,,,,,,,,,,,,,true,false,12,2023-04-01,2024-03-31,-1
2025-01-31,19420,2025-03-31,,579000000000,0.045,,,,,48700000000,0.353,50100000000,0.343,37100000000,,0.472,181.52,,,,,,,,,,,,,,,82.00,,,,,,,false,true,12,2024-04-01,2025-03-31,0
2025-01-31,19420,2024-03-31,,520883000000,,,,,,34257000000,,36116000000,,20594000000,,,100.77,,,,,,,,,,,,,,,41.00,,,,,,,false,false,12,2023-04-01,2024-03-31,-1
2025-01-31,19420,2025-03-31,,,,,,,,,,,,,,,,,,,,,,,,,,,,,,26.00,,,,,,,false,false,12,2024-04-01,2025-03-31,0
2025-04-28,1942,2025-03-31,,671888000000,0.123,,,,,58326000000,0.425,59498000000,0.395,,42380000000,,207.35,,0.121,0.102,0.087,,603220000000,380949000000,0.610,1799.74,367861000000,18263000000,-10168000000,-12625000000,57835000000,,0.395,,,,,,true,false,12,2024-04-01,2025-03-31,0
2025-04-28,1942,2024-03-31,,598427000000,0.105,,,,,40934000000,0.250,42648000000,0.252,,27345000000,,133.80,,0.086,0.081,0.068,,567275000000,345800000000,0.589,1633.95,333942000000,19841000000,-19077000000,567000000,62438000000,,0.306,,,,,,true,false,12,2023-04-01,2024-03-31,-1
2025-04-28,1942,2026-03-31,,333000000000,0.161,,,,,31500000000,0.239,32000000000,0.224,,21800000000,,106.66,,,,,,,,,,,,,,,,,,,,,,true,true,6,2025-04-01,2025-09-30,1
2025-04-28,1942,2026-03-31,,703000000000,0.046,,,,,63000000000,0.080,64000000000,0.076,,46000000000,,225.06,,,,,,,,,,,,,,,,0.400,,,,,,true,true,12,2025-04-01,2026-03-31,1
2025-04-28,1942,2025-03-31,,583128000000,0.119,,,,,48801000000,0.425,50215000000,0.390,37319000000,,0.812,182.59,,,,,,531770000000,316034000000,0.594,1546.18,316034000000,,,,,82.00,,,,205288338,891322,204389599,false,false,12,2024-04-01,2025-03-31,0
2025-04-28,1942,2024-03-31,,520883000000,0.108,,,,,34257000000,0.260,36116000000,0.260,20594000000,,0.129,100.77,,,,,,495973000000,291841000000,0.588,1427.96,291841000000,,,,,41.00,,,,205288338,911222,204366936,false,false,12,2023-04-01,2024-03-31,-1
2025-04-28,1942,2026-03-31,,292000000000,0.179,,,,,28000000000,0.296,28700000000,0.279,20100000000,,0.320,98.34,,,,,,,,,,,,,,,,,,,,,,false,true,6,2025-04-01,2025-09-30,1
2025-04-28,1942,2026-03-31,,607000000000,0.041,,,,,53200000000,0.090,54700000000,0.089,41500000000,,0.112,203.04,,,,,,,,,,,,,,,90.00,,,,,,,false,true,12,2025-04-01,2026-03-31,1
2025-07-31,1942,2026-03-31,1,165567000000,0.285,,,,,17476000000,0.688,18261000000,0.652,,12653000000,,61.91,,,,,,578875000000,386777000000,0.645,,373260000000,,,,,,,,,,,,true,false,3,2025-04-01,2025-06-30,0
2025-07-31,1942,2025-03-31,1,128864000000,0.085,,,,,10353000000,0.530,11053000000,0.456,,7382000000,,36.12,,,,,,,,,,,,,,,,,,,,,,true,false,3,2024-04-01,2024-06-30,-1
2025-07-31,1942,2026-03-31,1,333000000000,0.161,,,,,31500000000,0.239,32000000000,0.224,,21800000000,,106.66,,,,,,,,,,,,,,,,,,,,,,true,true,6,2025-04-01,2025-09-30,0
2025-07-31,1942,2026-03-31,1,703000000000,0.046,,,,,63000000000,0.080,64000000000,0.076,,46000000000,,225.05,,,,,,,,,,,,,,,,,,,,,,true,true,12,2025-04-01,2026-03-31,0
2025-07-31,1942,2025-03-31,1,,,,,,,,,,,,,,,,,,,,603220000000,380949000000,0.610,,367861000000,,,,,,,,,,,,true,false,12,2024-04-01,2025-03-31,-1
2025-07-31,1942,2025-03-31,1,,,,,,,,,,,,,,,,,,,,,,,,,,,,,82.00,,,,205288338,891322,,false,false,12,2024-04-01,2025-03-31,-1
2025-07-31,1942,2026-03-31,1,,,,,,,,,,,,,,,,,,,,,,,,,,,,,90.00,,,,,,,false,true,12,2025-04-01,2026-03-31,0
2025-07-31,1942,2026-03-31,1,,,,,,,,,,,,,,,,,,,,,,,,,,,,,,,,,205288338,891462,204396977,false,false,3,2025-04-01,2025-06-30,0
2025-07-31,1942,2025-03-31,1,,,,,,,,,,,,,,,,,,,,,,,,,,,,,,,,,,,204377113,false,false,3,2024-04-01,2024-06-30,-1
