filing_date,code,fiscal_year_end,quarterly_period,net_sales,net_sales_change,revenue,revenue_change,operating_revenue,operating_revenue_change,operating_profit,operating_profit_change,ordinary_profit,ordinary_profit_change,net_income,net_income_of_parent,net_income_change,eps,diluted_eps,roe,roa,operating_profit_to_net_sales,operating_profit_to_revenue,total_assets,net_assets,equity_ratio,bps,owner_equity,operating_cash_flow,investing_cash_flow,financing_cash_flow,cash,dividend_per_share,payout_ratio,commemorative_dividend,extra_dividend,number_of_shares,number_of_treqsury_shares,avg_number_of_shares,is_consolidated,is_forecast,duration,period_start,period_end,period_pos
2015-07-29,19440,2016-03-31,1,94463000000,0.029,,,,,3111000000,0.307,4286000000,0.404,,2490000000,,11.48,,,,,,517010000000,379022000000,0.729,,377102000000,,,,,,,,,,,,true,false,3,2015-04-01,2015-06-30,0
2015-07-29,19440,2015-03-31,1,91841000000,-0.038,,,,,2380000000,0.126,3052000000,0.017,,1487000000,,6.85,,,,,,,,,,,,,,,,,,,,,,true,false,3,2014-04-01,2014-06-30,-1
2015-07-29,19440,2016-03-31,1,215000000000,0.077,,,,,9000000000,0.042,10000000000,0.013,,6000000000,,27.65,,,,,,,,,,,,,,,,,,,,,,true,true,6,2015-04-01,2015-09-30,0
2015-07-29,19440,2016-03-31,1,480000000000,0.026,,,,,28000000000,-0.045,30000000000,-0.062,,20000000000,,92.17,,,,,,,,,,,,,,,,,,,,,,true,true,12,2015-04-01,2016-03-31,0
2015-07-29,19440,2015-03-31,1,,,,,,,,,,,,,,,,,,,,542246000000,377659000000,0.693,,375733000000,,,,,,,,,,,,true,false,12,2014-04-01,2015-03-31,-1
2015-07-29,19440,2015-03-31,1,,,,,,,,,,,,,,,,,,,,,,,,,,,,,20.00,,,,218141080,1144208,,false,false,12,2014-04-01,2015-03-31,-1
2015-07-29,19440,2016-03-31,1,,,,,,,,,,,,,,,,,,,,,,,,,,,,,20.00,,,,,,,false,true,12,2015-04-01,2016-03-31,0
2015-07-29,19440,2016-03-31,1,,,,,,,,,,,,,,,,,,,,,,,,,,,,,,,,,218141080,1157956,216989982,false,false,3,2015-04-01,2015-06-30,0
2015-07-29,19440,2015-03-31,1,,,,,,,,,,,,,,,,,,,,,,,,,,,,,,,,,,,217129026,false,false,3,2014-04-01,2014-06-30,-1
2015-10-28,19440,2016-03-31,2,205399000000,0.029,,,,,10378000000,0.202,11610000000,0.176,,7436000000,,34.27,,,,,,514152000000,378101000000,0.732,,376250000000,,,,,,,,,,,,true,false,6,2015-04-01,2015-09-30,0
2015-10-28,19440,2015-03-31,2,199684000000,-0.093,,,,,8636000000,0.051,9873000000,0.073,,5966000000,,27.48,,,,,,,,,,,,,,,,,,,,,,true,false,6,2014-04-01,2014-09-30,-1
2015-10-28,19440,2016-03-31,2,480000000000,0.026,,,,,28000000000,-0.045,30000000000,-0.062,,20000000000,,92.17,,,,,,,,,,,,,,,,,,,,,,true,true,12,2015-04-01,2016-03-31,0
2015-10-28,19440,2015-03-31,2,,,,,,,,,,,,,,,,,,,,542246000000,377659000000,0.693,,375733000000,,,,,,,,,,,,true,false,12,2014-04-01,2015-03-31,-1
2015-10-28,19440,2015-03-31,2,,,,,,,,,,,,,,,,,,,,,,,,,,,,,20.00,,,,218141080,1144208,,false,false,12,2014-04-01,2015-03-31,-1
2015-10-28,19440,2016-03-31,2,,,,,,,,,,,,,,,,,,,,,,,,,,,,,10.00,,,,,,,false,false,12,2015-04-01,2016-03-31,0
2015-10-28,19440,2016-03-31,2,,,,,,,,,,,,,,,,,,,,,,,,,,,,,20.00,,,,,,,false,true,12,2015-04-01,2016-03-31,0
2015-10-28,19440,2016-03-31,2,,,,,,,,,,,,,,,,,,,,,,,,,,,,,,,,,218141080,1163732,216984641,false,false,6,2015-04-01,2015-09-30,0
2015-10-28,19440,2015-03-31,2,,,,,,,,,,,,,,,,,,,,,,,,,,,,,,,,,,,217122822,false,false,6,2014-04-01,2014-09-30,-1
2016-01-28,19440,2016-03-31,3,319057000000,0.014,,,,,18092000000,0.186,20311000000,0.153,,13247000000,,61.05,,,,,,524895000000,384758000000,0.730,,383156000000,,,,,,,,,,,,true,false,9,2015-04-01,2015-12-31,0
2016-01-28,19440,2015-03-31,3,314526000000,-0.083,,,,,15249000000,0.122,17614000000,0.127,,10984000000,,50.59,,,,,,,,,,,,,,,,,,,,,,true,false,9,2014-04-01,2014-12-31,-1
2016-01-28,19440,2016-03-31,3,480000000000,0.026,,,,,30000000000,0.023,32000000000,0.000,,21000000000,,96.78,,,,,,,,,,,,,,,,,,,,,,true,true,12,2015-04-01,2016-03-31,0
2016-01-28,19440,2015-03-31,3,,,,,,,,,,,,,,,,,,,,542246000000,377659000000,0.693,,375733000000,,,,,,,,,,,,true,false,12,2014-04-01,2015-03-31,-1
2016-01-28,19440,2015-03-31,3,,,,,,,,,,,,,,,,,,,,,,,,,,,,,20.00,,,,218141080,1144208,,false,false,12,2014-04-01,2015-03-31,-1
2016-01-28,19440,2016-03-31,3,,,,,,,,,,,,,,,,,,,,,,,,,,,,,10.00,,,,,,,false,false,12,2015-04-01,2016-03-31,0
2016-01-28,19440,2016-03-31,3,,,,,,,,,,,,,,,,,,,,,,,,,,,,,20.00,,,,,,,false,true,12,2015-04-01,2016-03-31,0
2016-01-28,19440,2016-03-31,3,,,,,,,,,,,,,,,,,,,,,,,,,,,,,,,,,218141080,1175966,216981158,false,false,9,2015-04-01,2015-12-31,0
2016-01-28,19440,2015-03-31,3,,,,,,,,,,,,,,,,,,,,,,,,,,,,,,,,,,,217116965,false,false,9,2014-04-01,2014-12-31,-1
2016-04-28,19440,2016-03-31,,475345000000,0.016,,,,,33450000000,0.141,35378000000,0.106,,23669000000,,109.09,,0.063,0.065,0.070,,547554000000,376521000000,0.685,1728.33,374984000000,19793000000,-898000000,-6133000000,105793000000,,0.220,,,,,,true,false,12,2015-04-01,2016-03-31,0
2016-04-28,19440,2015-03-31,,467972000000,-0.090,,,,,29325000000,0.141,31996000000,0.136,,20552000000,,94.67,,0.057,0.060,0.063,,542246000000,377659000000,0.693,1731.52,375733000000,28805000000,-6718000000,-3957000000,93558000000,,0.211,,,,,,true,false,12,2014-04-01,2015-03-31,-1
2016-04-28,19440,2017-03-31,,200000000000,-0.026,,,,,7500000000,-0.277,8500000000,-0.268,,5700000000,,26.27,,,,,,,,,,,,,,,,,,,,,,true,true,6,2016-04-01,2016-09-30,1
2016-04-28,19440,2017-03-31,,460000000000,-0.032,,,,,29000000000,-0.133,30500000000,-0.138,,21000000000,,96.79,,,,,,,,,,,,,,,,0.248,,,,,,true,true,12,2016-04-01,2017-03-31,1
2016-04-28,19440,2016-03-31,,416293000000,0.032,,,,,28163000000,0.254,30676000000,0.182,23154000000,,0.440,106.72,,,,,,502129000000,361180000000,0.719,1664.70,361180000000,,,,,24.00,,,,218141080,1177170,216977209,false,false,12,2015-04-01,2016-03-31,0
2016-04-28,19440,2015-03-31,,403363000000,-0.100,,,,,22464000000,0.083,25945000000,0.109,16083000000,,0.223,74.09,,,,,,489939000000,350569000000,0.716,1615.55,350569000000,,,,,20.00,,,,218141080,1144208,217097328,false,false,12,2014-04-01,2015-03-31,-1
2016-04-28,19440,2017-03-31,,175000000000,-0.036,,,,,6500000000,-0.233,8000000000,-0.227,5500000000,,-0.188,25.35,,,,,,,,,,,,,,,,,,,,,,false,true,6,2016-04-01,2016-09-30,1
2016-04-28,19440,2017-03-31,,400000000000,-0.039,,,,,24000000000,-0.148,26000000000,-0.152,18000000000,,-0.223,82.96,,,,,,,,,,,,,,,24.00,,,,,,,false,true,12,2016-04-01,2017-03-31,1
2016-07-29,19440,2017-03-31,1,90001000000,-0.047,,,,,1936000000,-0.378,2197000000,-0.487,,1044000000,,4.82,,,,,,498825000000,370190000000,0.739,,368781000000,,,,,,,,,,,,true,false,3,2016-04-01,2016-06-30,0
2016-07-29,19440,2016-03-31,1,94463000000,0.029,,,,,3111000000,0.307,4286000000,0.404,,2490000000,,11.48,,,,,,,,,,,,,,,,,,,,,,true,false,3,2015-04-01,2015-06-30,-1
2016-07-29,19440,2017-03-31,1,200000000000,-0.026,,,,,7500000000,-0.277,8500000000,-0.268,,5700000000,,26.27,,,,,,,,,,,,,,,,,,,,,,true,true,6,2016-04-01,2016-09-30,0
2016-07-29,19440,2017-03-31,1,460000000000,-0.032,,,,,29000000000,-0.133,30500000000,-0.138,,21000000000,,96.79,,,,,,,,,,,,,,,,,,,,,,true,true,12,2016-04-01,2017-03-31,0
2016-07-29,19440,2016-03-31,1,,,,,,,,,,,,,,,,,,,,547554000000,376521000000,0.685,,374984000000,,,,,,,,,,,,true,false,12,2015-04-01,2016-03-31,-1
2016-07-29,19440,2016-03-31,1,,,,,,,,,,,,,,,,,,,,,,,,,,,,,24.00,,,,218141080,1177170,,false,false,12,2015-04-01,2016-03-31,-1
2016-07-29,19440,2017-03-31,1,,,,,,,,,,,,,,,,,,,,,,,,,,,,,24.00,,,,,,,false,true,12,2016-04-01,2017-03-31,0
2016-07-29,19440,2017-03-31,1,,,,,,,,,,,,,,,,,,,,,,,,,,,,,,,,,218141080,1177799,216963593,false,false,3,2016-04-01,2016-06-30,0
2016-07-29,19440,2016-03-31,1,,,,,,,,,,,,,,,,,,,,,,,,,,,,,,,,,,,216989982,false,false,3,2015-04-01,2015-06-30,-1
2016-10-31,19440,2017-03-31,2,201242000000,-0.020,,,,,10367000000,-0.001,10740000000,-0.075,,6904000000,,31.82,,,,,,509376000000,375882000000,0.735,,374638000000,,,,,,,,,,,,true,false,6,2016-04-01,2016-09-30,0
2016-10-31,19440,2016-03-31,2,205399000000,0.029,,,,,10378000000,0.202,11610000000,0.176,,7436000000,,34.27,,,,,,,,,,,,,,,,,,,,,,true,false,6,2015-04-01,2015-09-30,-1
2016-10-31,19440,2017-03-31,2,460000000000,-0.032,,,,,29000000000,-0.133,30500000000,-0.138,,21000000000,,96.79,,,,,,,,,,,,,,,,,,,,,,true,true,12,2016-04-01,2017-03-31,0
2016-10-31,19440,2016-03-31,2,,,,,,,,,,,,,,,,,,,,547554000000,376521000000,0.685,,374984000000,,,,,,,,,,,,true,false,12,2015-04-01,2016-03-31,-1
2016-10-31,19440,2016-03-31,2,,,,,,,,,,,,,,,,,,,,,,,,,,,,,24.00,,,,218141080,1177170,,false,false,12,2015-04-01,2016-03-31,-1
2016-10-31,19440,2017-03-31,2,,,,,,,,,,,,,,,,,,,,,,,,,,,,,12.00,,,,,,,false,false,12,2016-04-01,2017-03-31,0
2016-10-31,19440,2017-03-31,2,,,,,,,,,,,,,,,,,,,,,,,,,,,,,24.00,,,,,,,false,true,12,2016-04-01,2017-03-31,0
2016-10-31,19440,2017-03-31,2,,,,,,,,,,,,,,,,,,,,,,,,,,,,,,,,,218141080,1178268,216963318,false,false,6,2016-04-01,2016-09-30,0
2016-10-31,19440,2016-03-31,2,,,,,,,,,,,,,,,,,,,,,,,,,,,,,,,,,,,216984641,false,false,6,2015-04-01,2015-09-30,-1
2016-10-31,19440,2017-03-31,,201242000000,0.006,,,,,10367000000,0.382,10740000000,0.264,,6904000000,,31.82,,,,,,,,,,,,,,,,,,,,,,true,true,6,2016-04-01,2016-09-30,0
2016-10-31,19440,2016-03-31,,205399000000,,,,,,10378000000,,11610000000,,,7436000000,,34.27,,,,,,,,,,,,,,,,,,,,,,true,false,6,2015-04-01,2015-09-30,-1
2016-10-31,19440,2017-03-31,,178291000000,0.019,,,,,9184000000,0.413,10215000000,0.277,6768000000,,0.231,31.20,,,,,,,,,,,,,,,,,,,,,,false,true,6,2016-04-01,2016-09-30,0
2016-10-31,19440,2016-03-31,,181499000000,,,,,,8470000000,,10352000000,,6774000000,,,31.22,,,,,,,,,,,,,,,,,,,,,,false,false,6,2015-04-01,2015-09-30,-1
2017-01-30,19440,2017-03-31,3,308994000000,-0.032,,,,,18827000000,0.041,20695000000,0.019,,13703000000,,63.16,,,,,,526251000000,386282000000,0.732,,385165000000,,,,,,,,,,,,true,false,9,2016-04-01,2016-12-31,0
2017-01-30,19440,2016-03-31,3,319057000000,0.014,,,,,18092000000,0.186,20311000000,0.153,,13247000000,,61.05,,,,,,,,,,,,,,,,,,,,,,true,false,9,2015-04-01,2015-12-31,-1
2017-01-30,19440,2017-03-31,3,460000000000,-0.032,,,,,33000000000,-0.013,35500000000,0.003,,23000000000,,106.01,,,,,,,,,,,,,,,,,,,,,,true,true,12,2016-04-01,2017-03-31,0
2017-01-30,19440,2016-03-31,3,,,,,,,,,,,,,,,,,,,,547554000000,376521000000,0.685,,374984000000,,,,,,,,,,,,true,false,12,2015-04-01,2016-03-31,-1
2017-01-30,19440,2016-03-31,3,,,,,,,,,,,,,,,,,,,,,,,,,,,,,24.00,,,,218141080,1177170,,false,false,12,2015-04-01,2016-03-31,-1
2017-01-30,19440,2017-03-31,3,,,,,,,,,,,,,,,,,,,,,,,,,,,,,12.00,,,,,,,false,false,12,2016-04-01,2017-03-31,0
2017-01-30,19440,2017-03-31,3,,,,,,,,,,,,,,,,,,,,,,,,,,,,,24.00,,,,,,,false,true,12,2016-04-01,2017-03-31,0
2017-01-30,19440,2017-03-31,3,,,,,,,,,,,,,,,,,,,,,,,,,,,,,,,,,218141080,1181715,216962771,false,false,9,2016-04-01,2016-12-31,0
2017-01-30,19440,2016-03-31,3,,,,,,,,,,,,,,,,,,,,,,,,,,,,,,,,,,,216981158,false,false,9,2015-04-01,2015-12-31,-1
2017-04-27,19440,2017-03-31,,472591000000,-0.006,,,,,36062000000,0.078,38046000000,0.075,,26375000000,,121.57,,0.068,0.068,0.076,,570037000000,399228000000,0.698,1834.53,398015000000,44028000000,-4224000000,-5998000000,139333000000,,0.214,,,,,,true,false,12,2016-04-01,2017-03-31,0
2017-04-27,19440,2016-03-31,,475345000000,0.016,,,,,33450000000,0.141,35378000000,0.106,,23669000000,,109.09,,0.063,0.065,0.070,,547554000000,376521000000,0.685,1728.33,374984000000,19793000000,-898000000,-6133000000,105793000000,,0.220,,,,,,true,false,12,2015-04-01,2016-03-31,-1
2017-04-27,19440,2018-03-31,,210000000000,0.044,,,,,8700000000,-0.161,9500000000,-0.115,,6200000000,,28.58,,,,,,,,,,,,,,,,,,,,,,true,true,6,2017-04-01,2017-09-30,1
2017-04-27,19440,2018-03-31,,477000000000,0.009,,,,,34000000000,-0.057,36000000000,-0.054,,24000000000,,110.62,,,,,,,,,,,,,,,,0.235,,,,,,true,true,12,2017-04-01,2018-03-31,1
2017-04-27,19440,2017-03-31,,410703000000,-0.013,,,,,29336000000,0.042,31882000000,0.039,22169000000,,-0.043,102.18,,,,,,521637000000,379004000000,0.727,1746.90,379004000000,,,,,26.00,,,,218141080,1183345,216961705,false,false,12,2016-04-01,2017-03-31,0
2017-04-27,19440,2016-03-31,,416293000000,0.032,,,,,28163000000,0.254,30676000000,0.182,23154000000,,0.440,106.72,,,,,,502129000000,361180000000,0.719,1664.70,361180000000,,,,,24.00,,,,218141080,1177170,216977209,false,false,12,2015-04-01,2016-03-31,-1
2017-04-27,19440,2018-03-31,,185000000000,0.038,,,,,8000000000,-0.129,9200000000,-0.099,6200000000,,-0.084,28.58,,,,,,,,,,,,,,,,,,,,,,false,true,6,2017-04-01,2017-09-30,1
2017-04-27,19440,2018-03-31,,415000000000,0.010,,,,,29000000000,-0.011,31000000000,-0.028,21000000000,,-0.053,96.79,,,,,,,,,,,,,,,26.00,,,,,,,false,true,12,2017-04-01,2018-03-31,1
2017-07-26,19440,2018-03-31,1,94895000000,0.054,,,,,2330000000,0.204,3263000000,0.485,,1952000000,,9.00,,,,,,540049000000,402315000000,0.743,,401138000000,,,,,,,,,,,,true,false,3,2017-04-01,2017-06-30,0
2017-07-26,19440,2017-03-31,1,90001000000,-0.047,,,,,1936000000,-0.378,2197000000,-0.487,,1044000000,,4.82,,,,,,,,,,,,,,,,,,,,,,true,false,3,2016-04-01,2016-06-30,-1
2017-07-26,19440,2018-03-31,1,210000000000,0.044,,,,,8700000000,-0.161,9500000000,-0.115,,6200000000,,28.58,,,,,,,,,,,,,,,,,,,,,,true,true,6,2017-04-01,2017-09-30,0
2017-07-26,19440,2018-03-31,1,477000000000,0.009,,,,,34000000000,-0.057,36000000000,-0.054,,24000000000,,110.62,,,,,,,,,,,,,,,,,,,,,,true,true,12,2017-04-01,2018-03-31,0
2017-07-26,19440,2017-03-31,1,,,,,,,,,,,,,,,,,,,,570037000000,399228000000,0.698,,398015000000,,,,,,,,,,,,true,false,12,2016-04-01,2017-03-31,-1
2017-07-26,19440,2017-03-31,1,,,,,,,,,,,,,,,,,,,,,,,,,,,,,26.00,,,,218141080,1183345,,false,false,12,2016-04-01,2017-03-31,-1
2017-07-26,19440,2018-03-31,1,,,,,,,,,,,,,,,,,,,,,,,,,,,,,26.00,,,,,,,false,true,12,2017-04-01,2018-03-31,0
2017-07-26,19440,2018-03-31,1,,,,,,,,,,,,,,,,,,,,,,,,,,,,,,,,,218141080,1183899,216957470,false,false,3,2017-04-01,2017-06-30,0
2017-07-26,19440,2017-03-31,1,,,,,,,,,,,,,,,,,,,,,,,,,,,,,,,,,,,216963593,false,false,3,2016-04-01,2016-06-30,-1
2017-10-31,19440,2018-03-31,2,211411000000,0.051,,,,,10128000000,-0.023,11159000000,0.039,,7280000000,,33.56,,,,,,553688000000,408558000000,0.736,,407390000000,,,,,,,,,,,,true,false,6,2017-04-01,2017-09-30,0
2017-10-31,19440,2017-03-31,2,201242000000,-0.020,,,,,10367000000,-0.001,10740000000,-0.075,,6904000000,,31.82,,,,,,,,,,,,,,,,,,,,,,true,false,6,2016-04-01,2016-09-30,-1
2017-10-31,19440,2018-03-31,2,477000000000,0.009,,,,,34000000000,-0.057,36000000000,-0.054,,24000000000,,110.62,,,,,,,,,,,,,,,,,,,,,,true,true,12,2017-04-01,2018-03-31,0
2017-10-31,19440,2017-03-31,2,,,,,,,,,,,,,,,,,,,,570037000000,399228000000,0.698,,398015000000,,,,,,,,,,,,true,false,12,2016-04-01,2017-03-31,-1
2017-10-31,19440,2017-03-31,2,,,,,,,,,,,,,,,,,,,,,,,,,,,,,26.00,,,,218141080,1183345,,false,false,12,2016-04-01,2017-03-31,-1
2017-10-31,19440,2018-03-31,2,,,,,,,,,,,,,,,,,,,,,,,,,,,,,13.00,,,,,,,false,false,12,2017-04-01,2018-03-31,0
2017-10-31,19440,2018-03-31,2,,,,,,,,,,,,,,,,,,,,,,,,,,,,,26.00,,,,,,,false,true,12,2017-04-01,2018-03-31,0
2017-10-31,19440,2018-03-31,2,,,,,,,,,,,,,,,,,,,,,,,,,,,,,,,,,218141080,1184418,216957202,false,false,6,2017-04-01,2017-09-30,0
2017-10-31,19440,2017-03-31,2,,,,,,,,,,,,,,,,,,,,,,,,,,,,,,,,,,,216963318,false,false,6,2016-04-01,2016-09-30,-1
2018-01-30,19440,2018-03-31,3,329740000000,0.067,,,,,19281000000,0.024,21120000000,0.021,,14023000000,,64.64,,,,,,571571000000,418716000000,0.731,,417547000000,,,,,,,,,,,,true,false,9,2017-04-01,2017-12-31,0
2018-01-30,19440,2017-03-31,3,308994000000,-0.032,,,,,18827000000,0.041,20695000000,0.019,,13703000000,,63.16,,,,,,,,,,,,,,,,,,,,,,true,false,9,2016-04-01,2016-12-31,-1
2018-01-30,19440,2018-03-31,3,497000000000,0.052,,,,,36000000000,-0.002,37500000000,-0.014,,25500000000,,117.54,,,,,,,,,,,,,,,,,,,,,,true,true,12,2017-04-01,2018-03-31,0
2018-01-30,19440,2017-03-31,3,,,,,,,,,,,,,,,,,,,,570037000000,399228000000,0.698,,398015000000,,,,,,,,,,,,true,false,12,2016-04-01,2017-03-31,-1
2018-01-30,19440,2017-03-31,3,,,,,,,,,,,,,,,,,,,,,,,,,,,,,26.00,,,,218141080,1183345,,false,false,12,2016-04-01,2017-03-31,-1
2018-01-30,19440,2018-03-31,3,,,,,,,,,,,,,,,,,,,,,,,,,,,,,13.00,,,,,,,false,false,12,2017-04-01,2018-03-31,0
2018-01-30,19440,2018-03-31,3,,,,,,,,,,,,,,,,,,,,,,,,,,,,,26.00,,,,,,,false,true,12,2017-04-01,2018-03-31,0
2018-01-30,19440,2018-03-31,3,,,,,,,,,,,,,,,,,,,,,,,,,,,,,,,,,218141080,1186792,216956771,false,false,9,2017-04-01,2017-12-31,0
2018-01-30,19440,2017-03-31,3,,,,,,,,,,,,,,,,,,,,,,,,,,,,,,,,,,,216962771,false,false,9,2016-04-01,2016-12-31,-1
2018-04-26,19440,2018-03-31,,500700000000,0.059,,,,,38618000000,0.071,40383000000,0.061,,29478000000,,135.87,,0.071,0.069,0.077,,606335000000,433227000000,0.713,1991.52,432067000000,19132000000,-10867000000,-5939000000,141478000000,,0.206,,,,,,true,false,12,2017-04-01,2018-03-31,0
2018-04-26,19440,2017-03-31,,472591000000,-0.006,,,,,36062000000,0.078,38046000000,0.075,,26375000000,,121.57,,0.068,0.068,0.076,,570037000000,399228000000,0.698,1834.53,398015000000,44028000000,-4224000000,-5998000000,139333000000,,0.214,,,,,,true,false,12,2016-04-01,2017-03-31,-1
2018-04-26,19440,2019-03-31,,205000000000,-0.030,,,,,9000000000,-0.111,10200000000,-0.086,,6600000000,,30.42,,,,,,,,,,,,,,,,,,,,,,true,true,6,2018-04-01,2018-09-30,1
2018-04-26,19440,2019-03-31,,500000000000,-0.001,,,,,36000000000,-0.068,38000000000,-0.059,,26000000000,,119.84,,,,,,,,,,,,,,,,0.234,,,,,,true,true,12,2018-04-01,2019-03-31,1
2018-04-26,19440,2018-03-31,,439641000000,0.070,,,,,32525000000,0.109,34813000000,0.092,26206000000,,0.182,120.79,,,,,,554706000000,406924000000,0.734,1875.63,406924000000,,,,,28.00,,,,218141080,1187853,216955989,false,false,12,2017-04-01,2018-03-31,0
2018-04-26,19440,2017-03-31,,410703000000,-0.013,,,,,29336000000,0.042,31882000000,0.039,22169000000,,-0.043,102.18,,,,,,521637000000,379004000000,0.727,1746.90,379004000000,,,,,26.00,,,,218141080,1183345,216961705,false,false,12,2016-04-01,2017-03-31,-1
2018-04-26,19440,2019-03-31,,180000000000,-0.038,,,,,8000000000,-0.110,10000000000,-0.056,6500000000,,-0.096,29.96,,,,,,,,,,,,,,,,,,,,,,false,true,6,2018-04-01,2018-09-30,1
2018-04-26,19440,2019-03-31,,430000000000,-0.022,,,,,30000000000,-0.078,33000000000,-0.052,22000000000,,-0.161,101.40,,,,,,,,,,,,,,,28.00,,,,,,,false,true,12,2018-04-01,2019-03-31,1
2018-07-27,19440,2019-03-31,1,88237000000,-0.070,,,,,2036000000,-0.126,3204000000,-0.018,,1738000000,,8.01,,,,,,560352000000,431585000000,0.768,,430458000000,,,,,,,,,,,,true,false,3,2018-04-01,2018-06-30,0
2018-07-27,19440,2018-03-31,1,94895000000,0.054,,,,,2330000000,0.204,3263000000,0.485,,1952000000,,9.00,,,,,,,,,,,,,,,,,,,,,,true,false,3,2017-04-01,2017-06-30,-1
2018-07-27,19440,2019-03-31,1,205000000000,-0.030,,,,,9000000000,-0.111,10200000000,-0.086,,6600000000,,30.42,,,,,,,,,,,,,,,,,,,,,,true,true,6,2018-04-01,2018-09-30,0
2018-07-27,19440,2019-03-31,1,500000000000,-0.001,,,,,36000000000,-0.068,38000000000,-0.059,,26000000000,,119.84,,,,,,,,,,,,,,,,,,,,,,true,true,12,2018-04-01,2019-03-31,0
2018-07-27,19440,2018-03-31,1,,,,,,,,,,,,,,,,,,,,600925000000,433227000000,0.719,,432067000000,,,,,,,,,,,,true,false,12,2017-04-01,2018-03-31,-1
2018-07-27,19440,2018-03-31,1,,,,,,,,,,,,,,,,,,,,,,,,,,,,,28.00,,,,218141080,1187853,,false,false,12,2017-04-01,2018-03-31,-1
2018-07-27,19440,2019-03-31,1,,,,,,,,,,,,,,,,,,,,,,,,,,,,,28.00,,,,,,,false,true,12,2018-04-01,2019-03-31,0
2018-07-27,19440,2019-03-31,1,,,,,,,,,,,,,,,,,,,,,,,,,,,,,,,,,218141080,1188089,216953135,false,false,3,2018-04-01,2018-06-30,0
2018-07-27,19440,2018-03-31,1,,,,,,,,,,,,,,,,,,,,,,,,,,,,,,,,,,,216957470,false,false,3,2017-04-01,2017-06-30,-1
2018-10-31,19440,2019-03-31,2,207748000000,-0.017,,,,,10964000000,0.083,12324000000,0.104,,7753000000,,35.74,,,,,,579977000000,439212000000,0.755,,438095000000,,,,,,,,,,,,true,false,6,2018-04-01,2018-09-30,0
2018-10-31,19440,2018-03-31,2,211411000000,0.051,,,,,10128000000,-0.023,11159000000,0.039,,7280000000,,33.56,,,,,,,,,,,,,,,,,,,,,,true,false,6,2017-04-01,2017-09-30,-1
2018-10-31,19440,2019-03-31,2,500000000000,-0.001,,,,,36000000000,-0.068,38000000000,-0.059,,26000000000,,119.84,,,,,,,,,,,,,,,,,,,,,,true,true,12,2018-04-01,2019-03-31,0
2018-10-31,19440,2018-03-31,2,,,,,,,,,,,,,,,,,,,,600925000000,433227000000,0.719,,432067000000,,,,,,,,,,,,true,false,12,2017-04-01,2018-03-31,-1
2018-10-31,19440,2018-03-31,2,,,,,,,,,,,,,,,,,,,,,,,,,,,,,28.00,,,,218141080,1187853,,false,false,12,2017-04-01,2018-03-31,-1
2018-10-31,19440,2019-03-31,2,,,,,,,,,,,,,,,,,,,,,,,,,,,,,14.00,,,,,,,false,false,12,2018-04-01,2019-03-31,0
2018-10-31,19440,2019-03-31,2,,,,,,,,,,,,,,,,,,,,,,,,,,,,,28.00,,,,,,,false,true,12,2018-04-01,2019-03-31,0
2018-10-31,19440,2019-03-31,2,,,,,,,,,,,,,,,,,,,,,,,,,,,,,,,,,218141080,1188207,216953040,false,false,6,2018-04-01,2018-09-30,0
2018-10-31,19440,2018-03-31,2,,,,,,,,,,,,,,,,,,,,,,,,,,,,,,,,,,,216957202,false,false,6,2017-04-01,2017-09-30,-1
2019-01-30,19440,2019-03-31,3,331331000000,0.005,,,,,20131000000,0.044,22216000000,0.052,,14573000000,,67.17,,,,,,576795000000,434074000000,0.751,,432957000000,,,,,,,,,,,,true,false,9,2018-04-01,2018-12-31,0
2019-01-30,19440,2018-03-31,3,329740000000,0.067,,,,,19281000000,0.024,21120000000,0.021,,14023000000,,64.64,,,,,,,,,,,,,,,,,,,,,,true,false,9,2017-04-01,2017-12-31,-1
2019-01-30,19440,2019-03-31,3,518000000000,0.035,,,,,38000000000,-0.016,40000000000,-0.009,,27000000000,,124.45,,,,,,,,,,,,,,,,,,,,,,true,true,12,2018-04-01,2019-03-31,0
2019-01-30,19440,2018-03-31,3,,,,,,,,,,,,,,,,,,,,600925000000,433227000000,0.719,,432067000000,,,,,,,,,,,,true,false,12,2017-04-01,2018-03-31,-1
2019-01-30,19440,2018-03-31,3,,,,,,,,,,,,,,,,,,,,,,,,,,,,,28.00,,,,218141080,1187853,,false,false,12,2017-04-01,2018-03-31,-1
2019-01-30,19440,2019-03-31,3,,,,,,,,,,,,,,,,,,,,,,,,,,,,,14.00,,,,,,,false,false,12,2018-04-01,2019-03-31,0
2019-01-30,19440,2019-03-31,3,,,,,,,,,,,,,,,,,,,,,,,,,,,,,28.00,,,,,,,false,true,12,2018-04-01,2019-03-31,0
2019-01-30,19440,2019-03-31,3,,,,,,,,,,,,,,,,,,,,,,,,,,,,,,,,,218141080,1189430,216952847,false,false,9,2018-04-01,2018-12-31,0
2019-01-30,19440,2018-03-31,3,,,,,,,,,,,,,,,,,,,,,,,,,,,,,,,,,,,216956771,false,false,9,2017-04-01,2017-12-31,-1
2019-04-26,19440,2019-03-31,,521283000000,0.041,,,,,40354000000,0.045,42491000000,0.052,,28844000000,,132.95,,0.065,0.069,0.077,,634064000000,450265000000,0.708,2070.11,449112000000,23931000000,-11608000000,-7158000000,147191000000,,0.226,,,,,,true,false,12,2018-04-01,2019-03-31,0
2019-04-26,19440,2018-03-31,,500700000000,0.059,,,,,38618000000,0.071,40383000000,0.061,,29478000000,,135.87,,0.071,0.069,0.077,,600925000000,433227000000,0.719,1991.52,432067000000,19132000000,-10867000000,-5939000000,141478000000,,0.206,,,,,,true,false,12,2017-04-01,2018-03-31,-1
2019-04-26,19440,2020-03-31,,249000000000,0.199,,,,,11300000000,0.031,12700000000,0.030,,9100000000,,41.94,,,,,,,,,,,,,,,,,,,,,,true,true,6,2019-04-01,2019-09-30,1
2019-04-26,19440,2020-03-31,,560000000000,0.074,,,,,40400000000,0.001,43000000000,0.012,,30500000000,,140.58,,,,,,,,,,,,,,,,0.213,,,,,,true,true,12,2019-04-01,2020-03-31,1
2019-04-26,19440,2019-03-31,,456762000000,0.039,,,,,33520000000,0.031,37926000000,0.089,26250000000,,0.002,121.00,,,,,,579499000000,422856000000,0.730,1949.09,422856000000,,,,,30.00,,,,218141080,1189874,216952504,false,false,12,2018-04-01,2019-03-31,0
2019-04-26,19440,2018-03-31,,439641000000,0.070,,,,,32525000000,0.109,34813000000,0.092,26206000000,,0.182,120.79,,,,,,549593000000,406924000000,0.740,1875.63,406924000000,,,,,28.00,,,,218141080,1187853,216955989,false,false,12,2017-04-01,2018-03-31,-1
2019-04-26,19440,2020-03-31,,220000000000,0.208,,,,,10000000000,0.052,13500000000,0.138,10500000000,,0.327,48.40,,,,,,,,,,,,,,,,,,,,,,false,true,6,2019-04-01,2019-09-30,1
2019-04-26,19440,2020-03-31,,490000000000,0.073,,,,,33600000000,0.002,38300000000,0.010,28000000000,,0.067,129.06,,,,,,,,,,,,,,,30.00,,,,,,,false,true,12,2019-04-01,2020-03-31,1
2019-07-31,19440,2020-03-31,1,110159000000,0.248,,,,,3354000000,0.647,4319000000,0.348,,3290000000,,15.17,,,,,,595647000000,454391000000,0.761,,453222000000,,,,,,,,,,,,true,false,3,2019-04-01,2019-06-30,0
2019-07-31,19440,2019-03-31,1,88237000000,-0.070,,,,,2036000000,-0.126,3204000000,-0.018,,1738000000,,8.01,,,,,,,,,,,,,,,,,,,,,,true,false,3,2018-04-01,2018-06-30,-1
2019-07-31,19440,2020-03-31,1,249000000000,0.199,,,,,11300000000,0.031,12700000000,0.030,,9100000000,,41.94,,,,,,,,,,,,,,,,,,,,,,true,true,6,2019-04-01,2019-09-30,0
2019-07-31,19440,2020-03-31,1,560000000000,0.074,,,,,40400000000,0.001,43000000000,0.012,,30500000000,,140.58,,,,,,,,,,,,,,,,,,,,,,true,true,12,2019-04-01,2020-03-31,0
2019-07-31,19440,2019-03-31,1,,,,,,,,,,,,,,,,,,,,634064000000,450265000000,0.708,,449112000000,,,,,,,,,,,,true,false,12,2018-04-01,2019-03-31,-1
2019-07-31,19440,2019-03-31,1,,,,,,,,,,,,,,,,,,,,,,,,,,,,,30.00,,,,218141080,1189874,,false,false,12,2018-04-01,2019-03-31,-1
2019-07-31,19440,2020-03-31,1,,,,,,,,,,,,,,,,,,,,,,,,,,,,,30.00,,,,,,,false,true,12,2019-04-01,2020-03-31,0
2019-07-31,19440,2020-03-31,1,,,,,,,,,,,,,,,,,,,,,,,,,,,,,,,,,218141080,1190157,216951023,false,false,3,2019-04-01,2019-06-30,0
2019-07-31,19440,2019-03-31,1,,,,,,,,,,,,,,,,,,,,,,,,,,,,,,,,,,,216953135,false,false,3,2018-04-01,2018-06-30,-1
2019-10-30,19440,2020-03-31,2,251425000000,0.210,,,,,13163000000,0.200,14185000000,0.151,,10225000000,,47.13,,,,,,609377000000,463872000000,0.759,,462750000000,,,,,,,,,,,,true,false,6,2019-04-01,2019-09-30,0
2019-10-30,19440,2019-03-31,2,207748000000,-0.017,,,,,10964000000,0.083,12324000000,0.104,,7753000000,,35.74,,,,,,,,,,,,,,,,,,,,,,true,false,6,2018-04-01,2018-09-30,-1
2019-10-30,19440,2020-03-31,2,560000000000,0.074,,,,,40400000000,0.001,43000000000,0.012,,30500000000,,140.58,,,,,,,,,,,,,,,,,,,,,,true,true,12,2019-04-01,2020-03-31,0
2019-10-30,19440,2019-03-31,2,,,,,,,,,,,,,,,,,,,,634064000000,450265000000,0.708,,449112000000,,,,,,,,,,,,true,false,12,2018-04-01,2019-03-31,-1
2019-10-30,19440,2019-03-31,2,,,,,,,,,,,,,,,,,,,,,,,,,,,,,30.00,,,,218141080,1189874,,false,false,12,2018-04-01,2019-03-31,-1
2019-10-30,19440,2020-03-31,2,,,,,,,,,,,,,,,,,,,,,,,,,,,,,15.00,,,,,,,false,false,12,2019-04-01,2020-03-31,0
2019-10-30,19440,2020-03-31,2,,,,,,,,,,,,,,,,,,,,,,,,,,,,,30.00,,,,,,,false,true,12,2019-04-01,2020-03-31,0
2019-10-30,19440,2020-03-31,2,,,,,,,,,,,,,,,,,,,,,,,,,,,,,,,,,218141080,1190407,216950901,false,false,6,2019-04-01,2019-09-30,0
2019-10-30,19440,2019-03-31,2,,,,,,,,,,,,,,,,,,,,,,,,,,,,,,,,,,,216953040,false,false,6,2018-04-01,2018-09-30,-1
2020-01-30,19440,2020-03-31,3,383551000000,0.158,,,,,24837000000,0.234,26794000000,0.206,,18980000000,,87.49,,,,,,616902000000,473243000000,0.765,,472133000000,,,,,,,,,,,,true,false,9,2019-04-01,2019-12-31,0
2020-01-30,19440,2019-03-31,3,331331000000,0.005,,,,,20131000000,0.044,22216000000,0.052,,14573000000,,67.17,,,,,,,,,,,,,,,,,,,,,,true,false,9,2018-04-01,2018-12-31,-1
2020-01-30,19440,2020-03-31,3,575000000000,0.103,,,,,42300000000,0.048,44000000000,0.036,,30700000000,,141.51,,,,,,,,,,,,,,,,,,,,,,true,true,12,2019-04-01,2020-03-31,0
2020-01-30,19440,2019-03-31,3,,,,,,,,,,,,,,,,,,,,634064000000,450265000000,0.708,,449112000000,,,,,,,,,,,,true,false,12,2018-04-01,2019-03-31,-1
2020-01-30,19440,2019-03-31,3,,,,,,,,,,,,,,,,,,,,,,,,,,,,,30.00,,,,218141080,1189874,,false,false,12,2018-04-01,2019-03-31,-1
2020-01-30,19440,2020-03-31,3,,,,,,,,,,,,,,,,,,,,,,,,,,,,,15.00,,,,,,,false,false,12,2019-04-01,2020-03-31,0
2020-01-30,19440,2020-03-31,3,,,,,,,,,,,,,,,,,,,,,,,,,,,,,30.00,,,,,,,false,true,12,2019-04-01,2020-03-31,0
2020-01-30,19440,2020-03-31,3,,,,,,,,,,,,,,,,,,,,,,,,,,,,,,,,,218141080,1191374,216950698,false,false,9,2019-04-01,2019-12-31,0
2020-01-30,19440,2019-03-31,3,,,,,,,,,,,,,,,,,,,,,,,,,,,,,,,,,,,216952847,false,false,9,2018-04-01,2018-12-31,-1
2020-04-27,19440,2020-03-31,,585905000000,0.124,,,,,45026000000,0.116,46727000000,0.100,,32500000000,,150.19,,0.071,0.073,0.077,,654279000000,464235000000,0.708,2189.45,462933000000,46732000000,-28934000000,-15761000000,149008000000,,0.213,,,,,,true,false,12,2019-04-01,2020-03-31,0
2020-04-27,19440,2019-03-31,,521283000000,0.041,,,,,40354000000,0.045,42491000000,0.052,,28844000000,,132.95,,0.065,0.069,0.077,,634064000000,450265000000,0.708,2070.11,449112000000,23931000000,-11608000000,-7158000000,147191000000,,0.226,,,,,,true,false,12,2018-04-01,2019-03-31,-1
2020-04-27,19440,2020-03-31,,516196000000,0.130,,,,,37701000000,0.125,42095000000,0.110,30576000000,,0.165,141.30,,,,,,592198000000,428929000000,0.724,2028.63,428929000000,,,,,32.00,,,,218141080,6702761,216399147,false,false,12,2019-04-01,2020-03-31,0
2020-04-27,19440,2019-03-31,,456762000000,0.039,,,,,33520000000,0.031,37926000000,0.089,26250000000,,0.002,121.00,,,,,,579499000000,422856000000,0.730,1949.09,422856000000,,,,,30.00,,,,218141080,1189874,216952504,false,false,12,2018-04-01,2019-03-31,-1
2020-07-30,19440,2021-03-31,1,106158000000,-0.036,,,,,3588000000,0.070,4473000000,0.036,,2763000000,,13.20,,,,,,602726000000,461937000000,0.764,,460731000000,,,,,,,,,,,,true,false,3,2020-04-01,2020-06-30,0
2020-07-30,19440,2020-03-31,1,110159000000,0.248,,,,,3354000000,0.647,4319000000,0.348,,3290000000,,15.17,,,,,,,,,,,,,,,,,,,,,,true,false,3,2019-04-01,2019-06-30,-1
2020-07-30,19440,2021-03-31,1,247000000000,-0.018,,,,,10800000000,-0.180,11700000000,-0.175,,7300000000,,35.03,,,,,,,,,,,,,,,,,,,,,,true,true,6,2020-04-01,2020-09-30,0
2020-07-30,19440,2021-03-31,1,532000000000,-0.092,,,,,34200000000,-0.240,35600000000,-0.238,,23400000000,,113.03,,,,,,,,,,,,,,,,,,,,,,true,true,12,2020-04-01,2021-03-31,0
2020-07-30,19440,2020-03-31,1,,,,,,,,,,,,,,,,,,,,654279000000,464235000000,0.708,,462933000000,,,,,,,,,,,,true,false,12,2019-04-01,2020-03-31,-1
2020-07-30,19440,2020-03-31,1,,,,,,,,,,,,,,,,,,,,,,,,,,,,,32.00,,,,218141080,6702761,,false,false,12,2019-04-01,2020-03-31,-1
2020-07-30,19440,2021-03-31,1,,,,,,,,,,,,,,,,,,,,,,,,,,,,,32.00,,,,,,,false,true,12,2020-04-01,2021-03-31,0
2020-07-30,19440,2021-03-31,1,,,,,,,,,,,,,,,,,,,,,,,,,,,,,,,,,218141080,10037145,209312735,false,false,3,2020-04-01,2020-06-30,0
2020-07-30,19440,2020-03-31,1,,,,,,,,,,,,,,,,,,,,,,,,,,,,,,,,,,,216951023,false,false,3,2019-04-01,2019-06-30,-1
2020-10-29,19440,2021-03-31,2,241943000000,-0.038,,,,,13496000000,0.025,14251000000,0.005,,9662000000,,46.40,,,,,,617762000000,468777000000,0.757,,467573000000,,,,,,,,,,,,true,false,6,2020-04-01,2020-09-30,0
2020-10-29,19440,2020-03-31,2,251425000000,0.210,,,,,13163000000,0.200,14185000000,0.151,,10225000000,,47.13,,,,,,,,,,,,,,,,,,,,,,true,false,6,2019-04-01,2019-09-30,-1
2020-10-29,19440,2021-03-31,2,532000000000,-0.092,,,,,34200000000,-0.240,35600000000,-0.238,,23400000000,,113.03,,,,,,,,,,,,,,,,,,,,,,true,true,12,2020-04-01,2021-03-31,0
2020-10-29,19440,2020-03-31,2,,,,,,,,,,,,,,,,,,,,654279000000,464235000000,0.708,,462933000000,,,,,,,,,,,,true,false,12,2019-04-01,2020-03-31,-1
2020-10-29,19440,2020-03-31,2,,,,,,,,,,,,,,,,,,,,,,,,,,,,,32.00,,,,218141080,6702761,,false,false,12,2019-04-01,2020-03-31,-1
2020-10-29,19440,2021-03-31,2,,,,,,,,,,,,,,,,,,,,,,,,,,,,,16.00,,,,,,,false,false,12,2020-04-01,2021-03-31,0
2020-10-29,19440,2021-03-31,2,,,,,,,,,,,,,,,,,,,,,,,,,,,,,32.00,,,,,,,false,true,12,2020-04-01,2021-03-31,0
2020-10-29,19440,2021-03-31,2,,,,,,,,,,,,,,,,,,,,,,,,,,,,,,,,,218141080,11764201,208247841,false,false,6,2020-04-01,2020-09-30,0
2020-10-29,19440,2020-03-31,2,,,,,,,,,,,,,,,,,,,,,,,,,,,,,,,,,,,216950901,false,false,6,2019-04-01,2019-09-30,-1
2021-01-29,19440,2021-03-31,3,370664000000,-0.034,,,,,24713000000,-0.005,25883000000,-0.034,,19340000000,,93.27,,,,,,629656000000,474864000000,0.752,,473714000000,,,,,,,,,,,,true,false,9,2020-04-01,2020-12-31,0
2021-01-29,19440,2020-03-31,3,383551000000,0.158,,,,,24837000000,0.234,26794000000,0.206,,18980000000,,87.49,,,,,,,,,,,,,,,,,,,,,,true,false,9,2019-04-01,2019-12-31,-1
2021-01-29,19440,2021-03-31,3,542000000000,-0.075,,,,,38500000000,-0.145,40000000000,-0.144,,29000000000,,140.23,,,,,,,,,,,,,,,,,,,,,,true,true,12,2020-04-01,2021-03-31,0
2021-01-29,19440,2020-03-31,3,,,,,,,,,,,,,,,,,,,,654279000000,464235000000,0.708,,462933000000,,,,,,,,,,,,true,false,12,2019-04-01,2020-03-31,-1
2021-01-29,19440,2020-03-31,3,,,,,,,,,,,,,,,,,,,,,,,,,,,,,32.00,,,,218141080,6702761,,false,false,12,2019-04-01,2020-03-31,-1
2021-01-29,19440,2021-03-31,3,,,,,,,,,,,,,,,,,,,,,,,,,,,,,16.00,,,,,,,false,false,12,2020-04-01,2021-03-31,0
2021-01-29,19440,2021-03-31,3,,,,,,,,,,,,,,,,,,,,,,,,,,,,,32.00,,,,,,,false,true,12,2020-04-01,2021-03-31,0
2021-01-29,19440,2021-03-31,3,,,,,,,,,,,,,,,,,,,,,,,,,,,,,,,,,218141080,13193659,207355216,false,false,9,2020-04-01,2020-12-31,0
2021-01-29,19440,2020-03-31,3,,,,,,,,,,,,,,,,,,,,,,,,,,,,,,,,,,,216950698,false,false,9,2019-04-01,2019-12-31,-1
2021-04-28,19440,2021-03-31,,556273000000,-0.051,,,,,42948000000,-0.046,44794000000,-0.041,,32356000000,,156.46,,0.068,0.067,0.077,,683022000000,493209000000,0.720,2400.90,492056000000,43338000000,-5846000000,-17277000000,169146000000,,0.224,,,,,,true,false,12,2020-04-01,2021-03-31,0
2021-04-28,19440,2020-03-31,,585905000000,0.124,,,,,45026000000,0.116,46727000000,0.100,,32500000000,,150.19,,0.071,0.073,0.077,,654279000000,464235000000,0.708,2189.45,462933000000,46732000000,-28934000000,-15761000000,149008000000,,0.213,,,,,,true,false,12,2019-04-01,2020-03-31,-1
2021-04-28,19440,2022-03-31,,235000000000,-0.029,,,,,9400000000,-0.304,10600000000,-0.256,,6800000000,,33.18,,,,,,,,,,,,,,,,,,,,,,true,true,6,2021-04-01,2021-09-30,1
2021-04-28,19440,2022-03-31,,548000000000,-0.015,,,,,36600000000,-0.148,38700000000,-0.136,,26300000000,,128.33,,,,,,,,,,,,,,,,0.273,,,,,,true,true,12,2021-04-01,2022-03-31,1
2021-04-28,19440,2021-03-31,,486705000000,-0.057,,,,,37496000000,-0.005,41541000000,-0.013,31065000000,,0.016,150.22,,,,,,620793000000,455023000000,0.733,2220.21,455023000000,,,,,35.00,,,,205141080,194412,206799473,false,false,12,2020-04-01,2021-03-31,0
2021-04-28,19440,2020-03-31,,516196000000,0.130,,,,,37701000000,0.125,42095000000,0.110,30576000000,,0.165,141.30,,,,,,592198000000,428929000000,0.724,2028.63,428929000000,,,,,32.00,,,,218141080,6702761,216399147,false,false,12,2019-04-01,2020-03-31,-1
2021-04-28,19440,2022-03-31,,205000000000,-0.048,,,,,9000000000,-0.281,12000000000,-0.226,8500000000,,-0.248,41.47,,,,,,,,,,,,,,,,,,,,,,false,true,6,2021-04-01,2021-09-30,1
2021-04-28,19440,2022-03-31,,475000000000,-0.024,,,,,32000000000,-0.147,36000000000,-0.133,25000000000,,-0.195,121.98,,,,,,,,,,,,,,,35.00,,,,,,,false,true,12,2021-04-01,2022-03-31,1
2021-07-29,19440,2022-03-31,1,107357000000,0.011,,,,,2787000000,-0.223,3663000000,-0.181,,2331000000,,11.37,,,,,,637248000000,491061000000,0.769,,489953000000,,,,,,,,,,,,true,false,3,2021-04-01,2021-06-30,0
2021-07-29,19440,2021-03-31,1,106158000000,-0.036,,,,,3588000000,0.070,4473000000,0.036,,2763000000,,13.20,,,,,,,,,,,,,,,,,,,,,,true,false,3,2020-04-01,2020-06-30,-1
2021-07-29,19440,2022-03-31,1,235000000000,-0.029,,,,,9400000000,-0.304,10600000000,-0.256,,6800000000,,33.18,,,,,,,,,,,,,,,,,,,,,,true,true,6,2021-04-01,2021-09-30,0
2021-07-29,19440,2022-03-31,1,548000000000,-0.015,,,,,36600000000,-0.148,38700000000,-0.136,,26300000000,,128.33,,,,,,,,,,,,,,,,,,,,,,true,true,12,2021-04-01,2022-03-31,0
2021-07-29,19440,2021-03-31,1,,,,,,,,,,,,,,,,,,,,683022000000,493209000000,0.720,,492056000000,,,,,,,,,,,,true,false,12,2020-04-01,2021-03-31,-1
2021-07-29,19440,2021-03-31,1,,,,,,,,,,,,,,,,,,,,,,,,,,,,,35.00,,,,205141080,194412,,false,false,12,2020-04-01,2021-03-31,-1
2021-07-29,19440,2022-03-31,1,,,,,,,,,,,,,,,,,,,,,,,,,,,,,35.00,,,,,,,false,true,12,2021-04-01,2022-03-31,0
2021-07-29,19440,2022-03-31,1,,,,,,,,,,,,,,,,,,,,,,,,,,,,,,,,,205141080,194772,204946466,false,false,3,2021-04-01,2021-06-30,0
2021-07-29,19440,2021-03-31,1,,,,,,,,,,,,,,,,,,,,,,,,,,,,,,,,,,,209312735,false,false,3,2020-04-01,2020-06-30,-1
2021-10-28,19440,2022-03-31,2,244144000000,0.009,,,,,11557000000,-0.144,12593000000,-0.116,,8542000000,,41.68,,,,,,652006000000,498937000000,0.764,,497924000000,,,,,,,,,,,,true,false,6,2021-04-01,2021-09-30,0
2021-10-28,19440,2021-03-31,2,241943000000,-0.038,,,,,13496000000,0.025,14251000000,0.005,,9662000000,,46.40,,,,,,,,,,,,,,,,,,,,,,true,false,6,2020-04-01,2020-09-30,-1
2021-10-28,19440,2022-03-31,2,548000000000,-0.015,,,,,36600000000,-0.148,38700000000,-0.136,,26300000000,,128.33,,,,,,,,,,,,,,,,,,,,,,true,true,12,2021-04-01,2022-03-31,0
2021-10-28,19440,2021-03-31,2,,,,,,,,,,,,,,,,,,,,683022000000,493209000000,0.720,,492056000000,,,,,,,,,,,,true,false,12,2020-04-01,2021-03-31,-1
2021-10-28,19440,2021-03-31,2,,,,,,,,,,,,,,,,,,,,,,,,,,,,,35.00,,,,205141080,194412,,false,false,12,2020-04-01,2021-03-31,-1
2021-10-28,19440,2022-03-31,2,,,,,,,,,,,,,,,,,,,,,,,,,,,,,17.50,,,,,,,false,false,12,2021-04-01,2022-03-31,0
2021-10-28,19440,2022-03-31,2,,,,,,,,,,,,,,,,,,,,,,,,,,,,,35.00,,,,,,,false,true,12,2021-04-01,2022-03-31,0
2021-10-28,19440,2022-03-31,2,,,,,,,,,,,,,,,,,,,,,,,,,,,,,,,,,205141080,195018,204946323,false,false,6,2021-04-01,2021-09-30,0
2021-10-28,19440,2021-03-31,2,,,,,,,,,,,,,,,,,,,,,,,,,,,,,,,,,,,208247841,false,false,6,2020-04-01,2020-09-30,-1
2022-01-31,19440,2022-03-31,3,375198000000,0.012,,,,,19859000000,-0.196,21805000000,-0.158,,14726000000,,71.85,,,,,,650774000000,499171000000,0.766,,498269000000,,,,,,,,,,,,true,false,9,2021-04-01,2021-12-31,0
2022-01-31,19440,2021-03-31,3,370664000000,-0.034,,,,,24713000000,-0.005,25883000000,-0.034,,19340000000,,93.27,,,,,,,,,,,,,,,,,,,,,,true,false,9,2020-04-01,2020-12-31,-1
2022-01-31,19440,2022-03-31,3,548000000000,-0.015,,,,,36600000000,-0.148,38700000000,-0.136,,26300000000,,128.33,,,,,,,,,,,,,,,,,,,,,,true,true,12,2021-04-01,2022-03-31,0
2022-01-31,19440,2021-03-31,3,,,,,,,,,,,,,,,,,,,,683022000000,493209000000,0.720,,492056000000,,,,,,,,,,,,true,false,12,2020-04-01,2021-03-31,-1
2022-01-31,19440,2021-03-31,3,,,,,,,,,,,,,,,,,,,,,,,,,,,,,35.00,,,,205141080,194412,,false,false,12,2020-04-01,2021-03-31,-1
2022-01-31,19440,2022-03-31,3,,,,,,,,,,,,,,,,,,,,,,,,,,,,,17.50,,,,,,,false,false,12,2021-04-01,2022-03-31,0
2022-01-31,19440,2022-03-31,3,,,,,,,,,,,,,,,,,,,,,,,,,,,,,35.00,,,,,,,false,true,12,2021-04-01,2022-03-31,0
2022-01-31,19440,2022-03-31,3,,,,,,,,,,,,,,,,,,,,,,,,,,,,,,,,,205141080,195940,204946096,false,false,9,2021-04-01,2021-12-31,0
2022-01-31,19440,2021-03-31,3,,,,,,,,,,,,,,,,,,,,,,,,,,,,,,,,,,,207355216,false,false,9,2020-04-01,2020-12-31,-1
2022-04-28,19440,2022-03-31,,566794000000,0.019,,,,,37087000000,-0.136,39977000000,-0.108,,26366000000,,128.65,,0.053,0.058,0.065,,700259000000,511843000000,0.730,2493.25,510978000000,32952000000,-9977000000,-8254000000,184501000000,,0.288,,,,,,true,false,12,2021-04-01,2022-03-31,0
2022-04-28,19440,2021-03-31,,556273000000,-0.051,,,,,42948000000,-0.046,44794000000,-0.041,,32356000000,,156.46,,0.068,0.067,0.077,,683022000000,493209000000,0.720,2400.90,492056000000,43338000000,-5846000000,-17277000000,169146000000,,0.224,,,,,,true,false,12,2020-04-01,2021-03-31,-1
2022-04-28,19440,2023-03-31,,255000000000,0.044,,,,,7700000000,-0.334,8700000000,-0.309,,5300000000,,25.86,,,,,,,,,,,,,,,,,,,,,,true,true,6,2022-04-01,2022-09-30,1
2022-04-28,19440,2023-03-31,,588000000000,0.037,,,,,34800000000,-0.062,36900000000,-0.077,,26100000000,,127.35,,,,,,,,,,,,,,,,0.291,,,,,,true,true,12,2022-04-01,2023-03-31,1
2022-04-28,19440,2022-03-31,,493724000000,0.014,,,,,35136000000,-0.063,39443000000,-0.050,25824000000,,-0.169,126.00,,,,,,633822000000,471438000000,0.744,2300.32,471438000000,,,,,37.00,,,,205141080,196304,204945824,false,false,12,2021-04-01,2022-03-31,0
2022-04-28,19440,2021-03-31,,486705000000,-0.057,,,,,37496000000,-0.005,41541000000,-0.013,31065000000,,0.016,150.22,,,,,,620793000000,455023000000,0.733,2220.21,455023000000,,,,,35.00,,,,205141080,194412,206799473,false,false,12,2020-04-01,2021-03-31,-1
2022-04-28,19440,2023-03-31,,220000000000,0.024,,,,,7000000000,-0.390,10000000000,-0.312,7000000000,,-0.347,34.16,,,,,,,,,,,,,,,,,,,,,,false,true,6,2022-04-01,2022-09-30,1
2022-04-28,19440,2023-03-31,,500000000000,0.013,,,,,30000000000,-0.146,34000000000,-0.138,25000000000,,-0.032,121.98,,,,,,,,,,,,,,,37.00,,,,,,,false,true,12,2022-04-01,2023-03-31,1
2022-07-27,19440,2023-03-31,1,115451000000,0.075,,,,,354000000,-0.873,2003000000,-0.453,,608000000,,2.97,,,,,,658911000000,509101000000,0.771,,508230000000,,,,,,,,,,,,true,false,3,2022-04-01,2022-06-30,0
2022-07-27,19440,2022-03-31,1,107357000000,0.011,,,,,2787000000,-0.223,3663000000,-0.181,,2331000000,,11.37,,,,,,,,,,,,,,,,,,,,,,true,false,3,2021-04-01,2021-06-30,-1
2022-07-27,19440,2023-03-31,1,255000000000,0.044,,,,,7700000000,-0.334,8700000000,-0.309,,5300000000,,25.86,,,,,,,,,,,,,,,,,,,,,,true,true,6,2022-04-01,2022-09-30,0
2022-07-27,19440,2023-03-31,1,588000000000,0.037,,,,,34800000000,-0.062,36900000000,-0.077,,26100000000,,127.35,,,,,,,,,,,,,,,,,,,,,,true,true,12,2022-04-01,2023-03-31,0
2022-07-27,19440,2022-03-31,1,,,,,,,,,,,,,,,,,,,,700259000000,511843000000,0.730,,510978000000,,,,,,,,,,,,true,false,12,2021-04-01,2022-03-31,-1
2022-07-27,19440,2022-03-31,1,,,,,,,,,,,,,,,,,,,,,,,,,,,,,37.00,,,,205141080,196304,,false,false,12,2021-04-01,2022-03-31,-1
2022-07-27,19440,2023-03-31,1,,,,,,,,,,,,,,,,,,,,,,,,,,,,,37.00,,,,,,,false,true,12,2022-04-01,2023-03-31,0
2022-07-27,19440,2023-03-31,1,,,,,,,,,,,,,,,,,,,,,,,,,,,,,,,,,205141080,196608,204944580,false,false,3,2022-04-01,2022-06-30,0
2022-07-27,19440,2022-03-31,1,,,,,,,,,,,,,,,,,,,,,,,,,,,,,,,,,,,204946466,false,false,3,2021-04-01,2021-06-30,-1
2022-10-31,19440,2023-03-31,2,258108000000,0.057,,,,,6599000000,-0.426,8665000000,-0.309,,5487000000,,26.77,,,,,,675070000000,514176000000,0.760,,513311000000,,,,,,,,,,,,true,false,6,2022-04-01,2022-09-30,0
2022-10-31,19440,2022-03-31,2,244144000000,0.009,,,,,11500000000,-0.148,12536000000,-0.120,,8516000000,,41.55,,,,,,,,,,,,,,,,,,,,,,true,false,6,2021-04-01,2021-09-30,-1
2022-10-31,19440,2023-03-31,2,588000000000,0.037,,,,,34800000000,-0.062,36900000000,-0.077,,26100000000,,127.35,,,,,,,,,,,,,,,,,,,,,,true,true,12,2022-04-01,2023-03-31,0
2022-10-31,19440,2022-03-31,2,,,,,,,,,,,,,,,,,,,,700259000000,511843000000,0.730,,510978000000,,,,,,,,,,,,true,false,12,2021-04-01,2022-03-31,-1
2022-10-31,19440,2022-03-31,2,,,,,,,,,,,,,,,,,,,,,,,,,,,,,37.00,,,,205141080,196304,,false,false,12,2021-04-01,2022-03-31,-1
2022-10-31,19440,2023-03-31,2,,,,,,,,,,,,,,,,,,,,,,,,,,,,,18.50,,,,,,,false,false,12,2022-04-01,2023-03-31,0
2022-10-31,19440,2023-03-31,2,,,,,,,,,,,,,,,,,,,,,,,,,,,,,37.00,,,,,,,false,true,12,2022-04-01,2023-03-31,0
2022-10-31,19440,2023-03-31,2,,,,,,,,,,,,,,,,,,,,,,,,,,,,,,,,,205141080,169218,204956286,false,false,6,2022-04-01,2022-09-30,0
2022-10-31,19440,2022-03-31,2,,,,,,,,,,,,,,,,,,,,,,,,,,,,,,,,,,,204946323,false,false,6,2021-04-01,2021-09-30,-1
2023-01-30,19440,2023-03-31,3,402673000000,0.073,,,,,13567000000,-0.313,16161000000,-0.255,,11035000000,,53.84,,,,,,684345000000,517459000000,0.755,,516573000000,,,,,,,,,,,,true,false,9,2022-04-01,2022-12-31,0
2023-01-30,19440,2022-03-31,3,375198000000,0.012,,,,,19745000000,-0.201,21690000000,-0.162,,14673000000,,71.60,,,,,,,,,,,,,,,,,,,,,,true,false,9,2021-04-01,2021-12-31,-1
2023-01-30,19440,2023-03-31,3,600000000000,0.059,,,,,34800000000,-0.062,36900000000,-0.077,,26100000000,,127.35,,,,,,,,,,,,,,,,,,,,,,true,true,12,2022-04-01,2023-03-31,0
2023-01-30,19440,2022-03-31,3,,,,,,,,,,,,,,,,,,,,700259000000,511843000000,0.730,,510978000000,,,,,,,,,,,,true,false,12,2021-04-01,2022-03-31,-1
2023-01-30,19440,2022-03-31,3,,,,,,,,,,,,,,,,,,,,,,,,,,,,,37.00,,,,205141080,196304,,false,false,12,2021-04-01,2022-03-31,-1
2023-01-30,19440,2023-03-31,3,,,,,,,,,,,,,,,,,,,,,,,,,,,,,18.50,,,,,,,false,false,12,2022-04-01,2023-03-31,0
2023-01-30,19440,2023-03-31,3,,,,,,,,,,,,,,,,,,,,,,,,,,,,,37.00,,,,,,,false,true,12,2022-04-01,2023-03-31,0
2023-01-30,19440,2023-03-31,3,,,,,,,,,,,,,,,,,,,,,,,,,,,,,,,,,205141080,169872,204960892,false,false,9,2022-04-01,2022-12-31,0
2023-01-30,19440,2022-03-31,3,,,,,,,,,,,,,,,,,,,,,,,,,,,,,,,,,,,204946096,false,false,9,2021-04-01,2021-12-31,-1
2023-04-26,19440,2023-03-31,,609132000000,0.075,,,,,37430000000,0.009,40243000000,0.007,,28722000000,,140.15,,0.055,0.056,0.061,,742841000000,532713000000,0.716,2598.73,531897000000,30153000000,-27393000000,-9340000000,179477000000,,0.285,,,,,,true,false,12,2022-04-01,2023-03-31,0
2023-04-26,19440,2022-03-31,,566794000000,0.019,,,,,37087000000,-0.136,39977000000,-0.108,,26366000000,,128.65,,0.053,0.058,0.065,,700259000000,511843000000,0.730,2493.25,510978000000,32952000000,-9977000000,-8254000000,184501000000,,0.288,,,,,,true,false,12,2021-04-01,2022-03-31,-1
2023-04-26,19440,2024-03-31,,266000000000,0.031,,,,,8500000000,0.288,9500000000,0.096,,6500000000,,31.91,,,,,,,,,,,,,,,,,,,,,,true,true,6,2023-04-01,2023-09-30,1
2023-04-26,19440,2024-03-31,,619000000000,0.016,,,,,37100000000,-0.009,39400000000,-0.021,,28500000000,,140.56,,,,,,,,,,,,,,,,0.285,,,,,,true,true,12,2023-04-01,2024-03-31,1
2023-04-26,19440,2023-03-31,,524233000000,0.062,,,,,32410000000,-0.078,37125000000,-0.059,27672000000,,0.072,135.03,,,,,,669708000000,489839000000,0.731,2393.25,489839000000,,,,,40.00,,,,205141080,465114,204940551,false,false,12,2022-04-01,2023-03-31,0
2023-04-26,19440,2022-03-31,,493724000000,0.014,,,,,35136000000,-0.063,39443000000,-0.050,25824000000,,-0.169,126.00,,,,,,633822000000,471438000000,0.744,2300.32,471438000000,,,,,37.00,,,,205141080,196304,204945824,false,false,12,2021-04-01,2022-03-31,-1
2023-04-26,19440,2024-03-31,,230000000000,0.027,,,,,8000000000,0.257,10500000000,0.015,7500000000,,0.004,36.82,,,,,,,,,,,,,,,,,,,,,,false,true,6,2023-04-01,2023-09-30,1
2023-04-26,19440,2024-03-31,,530000000000,0.011,,,,,31500000000,-0.028,35400000000,-0.046,26500000000,,-0.042,130.69,,,,,,,,,,,,,,,40.00,,,,,,,false,true,12,2023-04-01,2024-03-31,1
2023-07-27,19440,2024-03-31,1,112798000000,-0.023,,,,,869000000,1.453,2523000000,0.260,,1125000000,,5.51,,,,,,701419000000,535983000000,0.763,,535211000000,,,,,,,,,,,,true,false,3,2023-04-01,2023-06-30,0
2023-07-27,19440,2023-03-31,1,115451000000,0.075,,,,,354000000,-0.873,2003000000,-0.453,,608000000,,2.97,,,,,,,,,,,,,,,,,,,,,,true,false,3,2022-04-01,2022-06-30,-1
2023-07-27,19440,2024-03-31,1,266000000000,0.031,,,,,8500000000,0.288,9500000000,0.096,,6500000000,,31.91,,,,,,,,,,,,,,,,,,,,,,true,true,6,2023-04-01,2023-09-30,0
2023-07-27,19440,2024-03-31,1,619000000000,0.016,,,,,37100000000,-0.009,39400000000,-0.021,,28500000000,,140.56,,,,,,,,,,,,,,,,,,,,,,true,true,12,2023-04-01,2024-03-31,0
2023-07-27,19440,2023-03-31,1,,,,,,,,,,,,,,,,,,,,742841000000,532713000000,0.716,,531897000000,,,,,,,,,,,,true,false,12,2022-04-01,2023-03-31,-1
2023-07-27,19440,2023-03-31,1,,,,,,,,,,,,,,,,,,,,,,,,,,,,,40.00,,,,205141080,465114,,false,false,12,2022-04-01,2023-03-31,-1
2023-07-27,19440,2024-03-31,1,,,,,,,,,,,,,,,,,,,,,,,,,,,,,40.00,,,,,,,false,true,12,2023-04-01,2024-03-31,0
2023-07-27,19440,2024-03-31,1,,,,,,,,,,,,,,,,,,,,,,,,,,,,,,,,,205141080,1431119,204151376,false,false,3,2023-04-01,2023-06-30,0
2023-07-27,19440,2023-03-31,1,,,,,,,,,,,,,,,,,,,,,,,,,,,,,,,,,,,204944580,false,false,3,2022-04-01,2022-06-30,-1
2023-10-30,19440,2024-03-31,2,270670000000,0.049,,,,,9135000000,0.384,10964000000,0.265,,7497000000,,36.80,,,,,,726945000000,544472000000,0.748,,543686000000,,,,,,,,,,,,true,false,6,2023-04-01,2023-09-30,0
2023-10-30,19440,2023-03-31,2,258108000000,0.057,,,,,6599000000,-0.426,8665000000,-0.309,,5487000000,,26.77,,,,,,,,,,,,,,,,,,,,,,true,false,6,2022-04-01,2022-09-30,-1
2023-10-30,19440,2024-03-31,2,619000000000,0.016,,,,,37100000000,-0.009,39400000000,-0.021,,28500000000,,140.56,,,,,,,,,,,,,,,,,,,,,,true,true,12,2023-04-01,2024-03-31,0
2023-10-30,19440,2023-03-31,2,,,,,,,,,,,,,,,,,,,,742841000000,532713000000,0.716,,531897000000,,,,,,,,,,,,true,false,12,2022-04-01,2023-03-31,-1
2023-10-30,19440,2023-03-31,2,,,,,,,,,,,,,,,,,,,,,,,,,,,,,40.00,,,,205141080,465114,,false,false,12,2022-04-01,2023-03-31,-1
2023-10-30,19440,2024-03-31,2,,,,,,,,,,,,,,,,,,,,,,,,,,,,,20.00,,,,,,,false,false,12,2023-04-01,2024-03-31,0
2023-10-30,19440,2024-03-31,2,,,,,,,,,,,,,,,,,,,,,,,,,,,,,40.00,,,,,,,false,true,12,2023-04-01,2024-03-31,0
2023-10-30,19440,2024-03-31,2,,,,,,,,,,,,,,,,,,,,,,,,,,,,,,,,,205141080,2218744,203727244,false,false,6,2023-04-01,2023-09-30,0
2023-10-30,19440,2023-03-31,2,,,,,,,,,,,,,,,,,,,,,,,,,,,,,,,,,,,204956286,false,false,6,2022-04-01,2022-09-30,-1
2024-01-31,19440,2024-03-31,3,427112000000,0.061,,,,,20620000000,0.520,23329000000,0.444,,17585000000,,86.49,,,,,,743597000000,548497000000,0.737,,547710000000,,,,,,,,,,,,true,false,9,2023-04-01,2023-12-31,0
2024-01-31,19440,2023-03-31,3,402673000000,0.073,,,,,13567000000,-0.313,16161000000,-0.255,,11035000000,,53.84,,,,,,,,,,,,,,,,,,,,,,true,false,9,2022-04-01,2022-12-31,-1
2024-01-31,19440,2024-03-31,3,619000000000,0.016,,,,,37100000000,-0.009,39400000000,-0.021,,28500000000,,140.43,,,,,,,,,,,,,,,,,,,,,,true,true,12,2023-04-01,2024-03-31,0
2024-01-31,19440,2023-03-31,3,,,,,,,,,,,,,,,,,,,,742841000000,532713000000,0.716,,531897000000,,,,,,,,,,,,true,false,12,2022-04-01,2023-03-31,-1
2024-01-31,19440,2023-03-31,3,,,,,,,,,,,,,,,,,,,,,,,,,,,,,40.00,,,,205141080,465114,,false,false,12,2022-04-01,2023-03-31,-1
2024-01-31,19440,2024-03-31,3,,,,,,,,,,,,,,,,,,,,,,,,,,,,,20.00,,,,,,,false,false,12,2023-04-01,2024-03-31,0
2024-01-31,19440,2024-03-31,3,,,,,,,,,,,,,,,,,,,,,,,,,,,,,60.00,,,,,,,false,true,12,2023-04-01,2024-03-31,0
2024-01-31,19440,2024-03-31,3,,,,,,,,,,,,,,,,,,,,,,,,,,,,,,,,,205141080,2953357,203330977,false,false,9,2023-04-01,2023-12-31,0
2024-01-31,19440,2023-03-31,3,,,,,,,,,,,,,,,,,,,,,,,,,,,,,,,,,,,204960892,false,false,9,2022-04-01,2022-12-31,-1
,19440,2024-03-31,,,,,,,,,,,,,,,,,,,,,,,,,,,,,,60.00,,,,,,,false,true,12,2023-04-01,2024-03-31,0
,19440,2024-03-31,,,,,,,,,,,,,,,,,,,,,,,,,,,,,,20.00,,,,,,,false,false,12,2023-04-01,2024-03-31,0
,19440,2023-03-31,,,,,,,,,,,,,,,,,,,,,,,,,,,,,,40.00,,,,,,,false,false,12,2022-04-01,2023-03-31,-1
2024-04-24,1944,2024-03-31,,654516000000,0.075,,,,,42677000000,0.140,45982000000,0.143,,33553000000,,165.34,,0.061,0.059,0.065,,815887000000,574053000000,0.703,2848.11,573295000000,38520000000,-22179000000,-15978000000,180517000000,,0.381,,,,,,true,false,12,2023-04-01,2024-03-31,0
2024-04-24,1944,2023-03-31,,609132000000,0.075,,,,,37430000000,0.009,40243000000,0.007,,28722000000,,140.15,,0.055,0.056,0.061,,742841000000,532713000000,0.716,2598.73,531897000000,30153000000,-27393000000,-9340000000,179477000000,,0.285,,,,,,true,false,12,2022-04-01,2023-03-31,-1
2024-04-24,1944,2025-03-31,,287000000000,0.060,,,,,9400000000,0.029,11000000000,0.003,,7500000000,,37.41,,,,,,,,,,,,,,,,,,,,,,true,true,6,2024-04-01,2024-09-30,1
2024-04-24,1944,2025-03-31,,660000000000,0.008,,,,,44000000000,0.031,46000000000,0.000,,34000000000,,170.14,,,,,,,,,,,,,,,,0.470,,,,,,true,true,12,2024-04-01,2025-03-31,1
2024-04-24,1944,2024-03-31,,559954000000,0.068,,,,,34523000000,0.065,39549000000,0.065,29778000000,,0.076,146.74,,,,,,723189000000,520706000000,0.720,2586.84,520706000000,,,,,63.00,,,,202641080,1350838,202932648,false,false,12,2023-04-01,2024-03-31,0
2024-04-24,1944,2023-03-31,,524233000000,0.062,,,,,32410000000,-0.078,37125000000,-0.059,27672000000,,0.072,135.03,,,,,,669708000000,489839000000,0.731,2393.25,489839000000,,,,,40.00,,,,205141080,465114,204940551,false,false,12,2022-04-01,2023-03-31,-1
2024-04-24,1944,2025-03-31,,248000000000,0.056,,,,,9000000000,0.146,12000000000,0.079,8600000000,,0.055,42.89,,,,,,,,,,,,,,,,,,,,,,false,true,6,2024-04-01,2024-09-30,1
2024-04-24,1944,2025-03-31,,560000000000,0.000,,,,,37000000000,0.072,41000000000,0.037,31000000000,,0.041,155.13,,,,,,,,,,,,,,,80.00,,,,,,,false,true,12,2024-04-01,2025-03-31,1
2024-07-30,1944,2025-03-31,1,133244000000,0.181,,,,,1963000000,1.259,3813000000,0.511,,2237000000,,11.14,,,,,,760132000000,565587000000,0.743,,564876000000,,,,,,,,,,,,true,false,3,2024-04-01,2024-06-30,0
2024-07-30,1944,2024-03-31,1,112798000000,-0.023,,,,,869000000,1.453,2523000000,0.260,,1125000000,,5.51,,,,,,,,,,,,,,,,,,,,,,true,false,3,2023-04-01,2023-06-30,-1
2024-07-30,1944,2025-03-31,1,287000000000,0.060,,,,,9400000000,0.029,11000000000,0.003,,7500000000,,37.41,,,,,,,,,,,,,,,,,,,,,,true,true,6,2024-04-01,2024-09-30,0
2024-07-30,1944,2025-03-31,1,660000000000,0.008,,,,,44000000000,0.031,46000000000,0.000,,34000000000,,170.14,,,,,,,,,,,,,,,,,,,,,,true,true,12,2024-04-01,2025-03-31,0
2024-07-30,1944,2024-03-31,1,,,,,,,,,,,,,,,,,,,,815887000000,574053000000,0.703,,573295000000,,,,,,,,,,,,true,false,12,2023-04-01,2024-03-31,-1
2024-07-30,1944,2024-03-31,1,,,,,,,,,,,,,,,,,,,,,,,,,,,,,63.00,,,,202641080,1350838,,false,false,12,2023-04-01,2024-03-31,-1
2024-07-30,1944,2025-03-31,1,,,,,,,,,,,,,,,,,,,,,,,,,,,,,80.00,,,,,,,false,true,12,2024-04-01,2025-03-31,0
2024-07-30,1944,2025-03-31,1,,,,,,,,,,,,,,,,,,,,,,,,,,,,,,,,,202641080,2123874,200867875,false,false,3,2024-04-01,2024-06-30,0
2024-07-30,1944,2024-03-31,1,,,,,,,,,,,,,,,,,,,,,,,,,,,,,,,,,,,204151376,false,false,3,2023-04-01,2023-06-30,-1
2024-10-31,1944,2025-03-31,2,298040000000,0.101,,,,,12876000000,0.410,14316000000,0.306,,9815000000,,48.92,,,,,,769943000000,569231000000,0.738,,568528000000,,,,,,,,,,,,true,false,6,2024-04-01,2024-09-30,0
2024-10-31,1944,2024-03-31,2,270670000000,0.049,,,,,9135000000,0.384,10964000000,0.265,,7497000000,,36.80,,,,,,,,,,,,,,,,,,,,,,true,false,6,2023-04-01,2023-09-30,-1
2024-10-31,1944,2025-03-31,2,660000000000,0.008,,,,,47000000000,0.101,49000000000,0.066,,36100000000,,180.43,,,,,,,,,,,,,,,,,,,,,,true,true,12,2024-04-01,2025-03-31,0
2024-10-31,1944,2024-03-31,2,,,,,,,,,,,,,,,,,,,,815887000000,574053000000,0.703,,573295000000,,,,,,,,,,,,true,false,12,2023-04-01,2024-03-31,-1
2024-10-31,1944,2024-03-31,2,,,,,,,,,,,,,,,,,,,,,,,,,,,,,63.00,,,,202641080,1350838,,false,false,12,2023-04-01,2024-03-31,-1
2024-10-31,1944,2025-03-31,2,,,,,,,,,,,,,,,,,,,,,,,,,,,,,40.00,,,,,,,false,false,12,2024-04-01,2025-03-31,0
2024-10-31,1944,2025-03-31,2,,,,,,,,,,,,,,,,,,,,,,,,,,,,,80.00,,,,,,,false,true,12,2024-04-01,2025-03-31,0
2024-10-31,1944,2025-03-31,2,,,,,,,,,,,,,,,,,,,,,,,,,,,,,,,,,202641080,2574590,200616802,false,false,6,2024-04-01,2024-09-30,0
2024-10-31,1944,2024-03-31,2,,,,,,,,,,,,,,,,,,,,,,,,,,,,,,,,,,,203727244,false,false,6,2023-04-01,2023-09-30,-1
2024-10-31,19440,2025-03-31,,298040000000,0.038,,,,,12876000000,0.370,14316000000,0.302,,9815000000,,48.92,,,,,,,,,,,,,,,,,,,,,,true,true,6,2024-04-01,2024-09-30,0
2024-10-31,19440,2024-03-31,,270670000000,,,,,,9135000000,,10964000000,,,7497000000,,36.80,,,,,,,,,,,,,,,,,,,,,,true,false,6,2023-04-01,2023-09-30,-1
2024-10-31,19440,2025-03-31,,660000000000,0.000,,,,,47000000000,0.068,49000000000,0.065,,36100000000,,180.43,,,,,,,,,,,,,,,,,,,,,,true,true,12,2024-04-01,2025-03-31,0
2024-10-31,19440,2024-03-31,,654516000000,,,,,,42677000000,,45982000000,,,33553000000,,165.34,,,,,,,,,,,,,,,,,,,,,,true,false,12,2023-04-01,2024-03-31,-1
2024-10-31,19440,2025-03-31,,255908000000,0.032,,,,,12171000000,0.352,15302000000,0.275,11234000000,,0.306,56.00,,,,,,,,,,,,,,,,,,,,,,false,true,6,2024-04-01,2024-09-30,0
2024-10-31,19440,2024-03-31,,234886000000,,,,,,7851000000,,11122000000,,8153000000,,,40.02,,,,,,,,,,,,,,,,,,,,,,false,false,6,2023-04-01,2023-09-30,-1
2024-10-31,19440,2025-03-31,,560000000000,0.000,,,,,40000000000,0.081,44000000000,0.073,33100000000,,0.068,165.44,,,,,,,,,,,,,,,,,,,,,,false,true,12,2024-04-01,2025-03-31,0
2024-10-31,19440,2024-03-31,,559954000000,,,,,,34523000000,,39549000000,,29778000000,,,146.74,,,,,,,,,,,,,,,,,,,,,,false,false,12,2023-04-01,2024-03-31,-1
2025-01-31,1944,2025-03-31,3,464585000000,0.088,,,,,30707000000,0.489,33829000000,0.450,,24430000000,,121.97,,,,,,776731000000,571506000000,0.735,,570837000000,,,,,,,,,,,,true,false,9,2024-04-01,2024-12-31,0
2025-01-31,1944,2024-03-31,3,427112000000,0.061,,,,,20620000000,0.520,23329000000,0.444,,17585000000,,86.49,,,,,,,,,,,,,,,,,,,,,,true,false,9,2023-04-01,2023-12-31,-1
2025-01-31,1944,2025-03-31,3,690000000000,0.054,,,,,52000000000,0.218,55500000000,0.207,,40000000000,,200.04,,,,,,,,,,,,,,,,,,,,,,true,true,12,2024-04-01,2025-03-31,0
2025-01-31,1944,2024-03-31,3,,,,,,,,,,,,,,,,,,,,815887000000,574053000000,0.703,,573295000000,,,,,,,,,,,,true,false,12,2023-04-01,2024-03-31,-1
2025-01-31,1944,2024-03-31,3,,,,,,,,,,,,,,,,,,,,,,,,,,,,,63.00,,,,202641080,1350838,,false,false,12,2023-04-01,2024-03-31,-1
2025-01-31,1944,2025-03-31,3,,,,,,,,,,,,,,,,,,,,,,,,,,,,,40.00,,,,,,,false,false,12,2024-04-01,2025-03-31,0
2025-01-31,1944,2025-03-31,3,,,,,,,,,,,,,,,,,,,,,,,,,,,,,82.00,,,,,,,false,true,12,2024-04-01,2025-03-31,0
2025-01-31,1944,2025-03-31,3,,,,,,,,,,,,,,,,,,,,,,,,,,,,,,,,,202641080,3349322,200290541,false,false,9,2024-04-01,2024-12-31,0
2025-01-31,1944,2024-03-31,3,,,,,,,,,,,,,,,,,,,,,,,,,,,,,,,,,,,203330977,false,false,9,2023-04-01,2023-12-31,-1
2025-01-31,19440,2025-03-31,,690000000000,0.045,,,,,52000000000,0.106,55500000000,0.133,,40000000000,,200.04,,,,,,,,,,,,,,,,,,,,,,true,true,12,2024-04-01,2025-03-31,0
2025-01-31,19440,2024-03-31,,654516000000,,,,,,42677000000,,45982000000,,,33553000000,,165.34,,,,,,,,,,,,,,,,,,,,,,true,false,12,2023-04-01,2024-03-31,-1
2025-01-31,19440,2025-03-31,,584000000000,0.043,,,,,44500000000,0.113,49500000000,0.125,36200000000,,0.094,181.04,,,,,,,,,,,,,,,,,,,,,,false,true,12,2024-04-01,2025-03-31,0
2025-01-31,19440,2024-03-31,,559954000000,,,,,,34523000000,,39549000000,,29778000000,,,146.74,,,,,,,,,,,,,,,,,,,,,,false,false,12,2023-04-01,2024-03-31,-1
,19440,2025-03-31,,,,,,,,,,,,,,,,,,,,,,,,,,,,,,82.00,,,,,,,false,true,12,2024-04-01,2025-03-31,0
,19440,2025-03-31,,,,,,,,,,,,,,,,,,,,,,,,,,,,,,40.00,,,,,,,false,false,12,2024-04-01,2025-03-31,0
,19440,2024-03-31,,,,,,,,,,,,,,,,,,,,,,,,,,,,,,63.00,,,,,,,false,false,12,2023-04-01,2024-03-31,-1
2025-04-25,1944,2025-03-31,,705058000000,0.077,,,,,60979000000,0.429,64546000000,0.404,,47250000000,,236.26,,0.081,0.079,0.086,,821693000000,599738000000,0.729,3014.06,599044000000,24545000000,3605000000,-24976000000,184662000000,,0.381,,,,,,true,false,12,2024-04-01,2025-03-31,0
2025-04-25,1944,2024-03-31,,654516000000,0.075,,,,,42677000000,0.140,45982000000,0.143,,33553000000,,165.34,,0.061,0.059,0.065,,815887000000,574053000000,0.703,2848.11,573295000000,38520000000,-22179000000,-15978000000,180517000000,,0.381,,,,,,true,false,12,2023-04-01,2024-03-31,-1
2025-04-25,1944,2026-03-31,,310000000000,0.040,,,,,23000000000,0.786,24000000000,0.676,,17000000000,,85.81,,,,,,,,,,,,,,,,,,,,,,true,true,6,2025-04-01,2025-09-30,1
2025-04-25,1944,2026-03-31,,730000000000,0.035,,,,,67000000000,0.099,70000000000,0.084,,52000000000,,263.28,,,,,,,,,,,,,,,,0.380,,,,,,true,true,12,2025-04-01,2026-03-31,1
2025-04-25,1944,2025-03-31,,595918000000,0.064,,,,,52386000000,0.517,57161000000,0.445,42374000000,,0.423,211.88,,,,,,709198000000,533471000000,0.752,2684.14,533471000000,,,,,90.00,,,,199954180,1204610,199994553,false,false,12,2024-04-01,2025-03-31,0
2025-04-25,1944,2024-03-31,,559954000000,0.068,,,,,34523000000,0.065,39549000000,0.065,29778000000,,0.076,146.74,,,,,,723189000000,520706000000,0.720,2586.84,520706000000,,,,,63.00,,,,202641080,1350838,202932648,false,false,12,2023-04-01,2024-03-31,-1
2025-04-25,1944,2026-03-31,,265000000000,0.036,,,,,23000000000,0.890,26500000000,0.732,20000000000,,0.780,100.95,,,,,,,,,,,,,,,,,,,,,,false,true,6,2025-04-01,2025-09-30,1
2025-04-25,1944,2026-03-31,,610000000000,0.024,,,,,60000000000,0.145,64000000000,0.120,50000000000,,0.180,253.16,,,,,,,,,,,,,,,100.00,,,,,,,false,true,12,2025-04-01,2026-03-31,1
