filing_date,code,fiscal_year_end,quarterly_period,net_sales,net_sales_change,revenue,revenue_change,operating_revenue,operating_revenue_change,operating_profit,operating_profit_change,ordinary_profit,ordinary_profit_change,net_income,net_income_of_parent,net_income_change,eps,diluted_eps,roe,roa,operating_profit_to_net_sales,operating_profit_to_revenue,total_assets,net_assets,equity_ratio,bps,owner_equity,operating_cash_flow,investing_cash_flow,financing_cash_flow,cash,dividend_per_share,payout_ratio,commemorative_dividend,extra_dividend,number_of_shares,number_of_treqsury_shares,avg_number_of_shares,is_consolidated,is_forecast,duration,period_start,period_end,period_pos
2015-07-30,19450,2016-03-31,1,12457000000,0.129,,,,,593000000,-0.389,659000000,-0.360,,456000000,,13.04,,,,,,66774000000,51363000000,0.766,,51161000000,,,,,,,,,,,,true,false,3,2015-04-01,2015-06-30,0
2015-07-30,19450,2015-03-31,1,11030000000,0.000,,,,,972000000,0.837,1030000000,0.758,,679000000,,19.43,,,,,,,,,,,,,,,,,,,,,,true,false,3,2014-04-01,2014-06-30,-1
2015-07-30,19450,2016-03-31,1,42500000000,0.728,,,,,2900000000,0.549,2950000000,0.522,,1700000000,,48.62,,,,,,,,,,,,,,,,,,,,,,true,true,6,2015-04-01,2015-09-30,0
2015-07-30,19450,2016-03-31,1,78000000000,0.300,,,,,5300000000,-0.052,5400000000,-0.053,,3100000000,,88.65,,,,,,,,,,,,,,,,,,,,,,true,true,12,2015-04-01,2016-03-31,0
2015-07-30,19450,2015-03-31,1,,,,,,,,,,,,,,,,,,,,74074000000,50939000000,0.685,,50738000000,,,,,,,,,,,,true,false,12,2014-04-01,2015-03-31,-1
2015-07-30,19450,2015-03-31,1,,,,,,,,,,,,,,,,,,,,,,,,,,,,,20.00,,,,37261752,2290377,,false,false,12,2014-04-01,2015-03-31,-1
2015-07-30,19450,2016-03-31,1,,,,,,,,,,,,,,,,,,,,,,,,,,,,,18.00,,,,,,,false,true,12,2015-04-01,2016-03-31,0
2015-07-30,19450,2016-03-31,1,,,,,,,,,,,,,,,,,,,,,,,,,,,,,,,,,37261752,2294539,34969677,false,false,3,2015-04-01,2015-06-30,0
2015-07-30,19450,2015-03-31,1,,,,,,,,,,,,,,,,,,,,,,,,,,,,,,,,,,,34982295,false,false,3,2014-04-01,2014-06-30,-1
2015-10-13,19450,2016-03-31,,29100000000,-0.315,,,,,2350000000,-0.190,2400000000,-0.186,,1580000000,,45.19,,,,,,,,,,,,,,,,,,,,,,true,true,6,2015-04-01,2015-09-30,0
2015-10-13,19450,2015-03-31,,24597000000,,,,,,1872000000,,1938000000,,,1274000000,,36.44,,,,,,,,,,,,,,,,,,,,,,true,false,6,2014-04-01,2014-09-30,-1
2015-10-13,19450,2016-03-31,,27400000000,-0.321,,,,,2250000000,-0.182,2350000000,-0.161,1550000000,,-0.061,44.33,,,,,,,,,,,,,,,,,,,,,,false,true,6,2015-04-01,2015-09-30,0
2015-10-13,19450,2015-03-31,,23159000000,,,,,,1757000000,,1856000000,,1252000000,,,35.81,,,,,,,,,,,,,,,,,,,,,,false,false,6,2014-04-01,2014-09-30,-1
2015-10-29,19450,2016-03-31,2,28971000000,0.178,,,,,2343000000,0.252,2409000000,0.243,,1598000000,,45.72,,,,,,69715000000,52216000000,0.746,,52012000000,,,,,,,,,,,,true,false,6,2015-04-01,2015-09-30,0
2015-10-29,19450,2015-03-31,2,24597000000,-0.046,,,,,1872000000,1.283,1938000000,1.196,,1274000000,,36.44,,,,,,,,,,,,,,,,,,,,,,true,false,6,2014-04-01,2014-09-30,-1
2015-10-29,19450,2016-03-31,2,78000000000,0.300,,,,,5300000000,-0.052,5400000000,-0.053,,3100000000,,88.66,,,,,,,,,,,,,,,,,,,,,,true,true,12,2015-04-01,2016-03-31,0
2015-10-29,19450,2015-03-31,2,,,,,,,,,,,,,,,,,,,,74074000000,50939000000,0.685,,50738000000,,,,,,,,,,,,true,false,12,2014-04-01,2015-03-31,-1
2015-10-29,19450,2015-03-31,2,,,,,,,,,,,,,,,,,,,,,,,,,,,,,20.00,,,,37261752,2290377,,false,false,12,2014-04-01,2015-03-31,-1
2015-10-29,19450,2016-03-31,2,,,,,,,,,,,,,,,,,,,,,,,,,,,,,9.00,,,,,,,false,false,12,2015-04-01,2016-03-31,0
2015-10-29,19450,2016-03-31,2,,,,,,,,,,,,,,,,,,,,,,,,,,,,,18.00,,,,,,,false,true,12,2015-04-01,2016-03-31,0
2015-10-29,19450,2016-03-31,2,,,,,,,,,,,,,,,,,,,,,,,,,,,,,,,,,37261752,2297821,34967300,false,false,6,2015-04-01,2015-09-30,0
2015-10-29,19450,2015-03-31,2,,,,,,,,,,,,,,,,,,,,,,,,,,,,,,,,,,,34980829,false,false,6,2014-04-01,2014-09-30,-1
2016-02-01,19450,2016-03-31,3,44058000000,0.178,,,,,3481000000,0.443,3577000000,0.421,,2370000000,,67.80,,,,,,72027000000,52737000000,0.729,,52532000000,,,,,,,,,,,,true,false,9,2015-04-01,2015-12-31,0
2016-02-01,19450,2015-03-31,3,37411000000,0.010,,,,,2412000000,0.838,2517000000,0.783,,1626000000,,46.51,,,,,,,,,,,,,,,,,,,,,,true,false,9,2014-04-01,2014-12-31,-1
2016-02-01,19450,2016-03-31,3,78000000000,0.300,,,,,5300000000,-0.052,5400000000,-0.053,,3100000000,,88.67,,,,,,,,,,,,,,,,,,,,,,true,true,12,2015-04-01,2016-03-31,0
2016-02-01,19450,2015-03-31,3,,,,,,,,,,,,,,,,,,,,74074000000,50939000000,0.685,,50738000000,,,,,,,,,,,,true,false,12,2014-04-01,2015-03-31,-1
2016-02-01,19450,2015-03-31,3,,,,,,,,,,,,,,,,,,,,,,,,,,,,,20.00,,,,37261752,2290377,,false,false,12,2014-04-01,2015-03-31,-1
2016-02-01,19450,2016-03-31,3,,,,,,,,,,,,,,,,,,,,,,,,,,,,,9.00,,,,,,,false,false,12,2015-04-01,2016-03-31,0
2016-02-01,19450,2016-03-31,3,,,,,,,,,,,,,,,,,,,,,,,,,,,,,18.00,,,,,,,false,true,12,2015-04-01,2016-03-31,0
2016-02-01,19450,2016-03-31,3,,,,,,,,,,,,,,,,,,,,,,,,,,,,,,,,,37261752,2299282,34966039,false,false,9,2015-04-01,2015-12-31,0
2016-02-01,19450,2015-03-31,3,,,,,,,,,,,,,,,,,,,,,,,,,,,,,,,,,,,34979409,false,false,9,2014-04-01,2014-12-31,-1
2016-04-28,19450,2016-03-31,,74159000000,0.236,,,,,5987000000,0.070,6077000000,0.066,,4125000000,,118.70,,0.080,0.076,0.081,,85354000000,52807000000,0.616,1562.89,52557000000,-3561000000,3033000000,-100000000,10231000000,,0.194,,,,,,true,false,12,2015-04-01,2016-03-31,0
2016-04-28,19450,2015-03-31,,60008000000,0.107,,,,,5593000000,1.020,5702000000,0.981,,3420000000,,97.80,,0.070,0.082,0.093,,74074000000,50939000000,0.685,1450.86,50738000000,2438000000,-5446000000,-81000000,10860000000,,0.204,,,,,,true,false,12,2014-04-01,2015-03-31,-1
2016-04-28,19450,2017-03-31,,31800000000,0.098,,,,,1500000000,-0.360,1600000000,-0.336,,1800000000,,53.53,,,,,,,,,,,,,,,,,,,,,,true,true,6,2016-04-01,2016-09-30,1
2016-04-28,19450,2017-03-31,,77300000000,0.042,,,,,6000000000,0.002,6100000000,0.004,,4300000000,,127.87,,,,,,,,,,,,,,,,0.156,,,,,,true,true,12,2016-04-01,2017-03-31,1
2016-04-28,19450,2016-03-31,,70034000000,0.243,,,,,5527000000,0.053,5652000000,0.047,3936000000,,0.199,113.25,,,,,,79929000000,49989000000,0.625,1486.53,49989000000,,,,,23.00,,,,37261752,3633477,34760002,false,false,12,2015-04-01,2016-03-31,0
2016-04-28,19450,2015-03-31,,56320000000,0.105,,,,,5247000000,1.081,5397000000,0.991,3282000000,,0.982,93.85,,,,,,69400000000,48363000000,0.697,1382.95,48363000000,,,,,20.00,,,,37261752,2290377,34977771,false,false,12,2014-04-01,2015-03-31,-1
2016-04-28,19450,2017-03-31,,31400000000,0.143,,,,,1400000000,-0.380,1500000000,-0.363,1700000000,,0.078,50.55,,,,,,,,,,,,,,,,,,,,,,false,true,6,2016-04-01,2016-09-30,1
2016-04-28,19450,2017-03-31,,76300000000,0.089,,,,,5700000000,0.031,5800000000,0.026,4100000000,,0.041,121.92,,,,,,,,,,,,,,,20.00,,,,,,,false,true,12,2016-04-01,2017-03-31,1
2016-04-28,19450,2016-03-31,,74159000000,-0.049,,,,,5987000000,0.130,6077000000,0.125,,4125000000,,118.70,,,,,,,,,,,,,,,,,,,,,,true,true,12,2015-04-01,2016-03-31,0
2016-04-28,19450,2015-03-31,,60008000000,,,,,,5593000000,,5702000000,,,3420000000,,97.80,,,,,,,,,,,,,,,,,,,,,,true,false,12,2014-04-01,2015-03-31,-1
2016-04-28,19450,2016-03-31,,70034000000,-0.054,,,,,5527000000,0.106,5652000000,0.108,3936000000,,0.312,113.25,,,,,,,,,,,,,,,,,,,,,,false,true,12,2015-04-01,2016-03-31,0
2016-04-28,19450,2015-03-31,,56320000000,,,,,,5247000000,,5397000000,,3282000000,,,93.85,,,,,,,,,,,,,,,,,,,,,,false,false,12,2014-04-01,2015-03-31,-1
2016-07-29,19450,2017-03-31,1,11862000000,-0.048,,,,,859000000,0.448,929000000,0.409,,632000000,,18.81,,,,,,70863000000,52571000000,0.742,,52571000000,,,,,,,,,,,,true,false,3,2016-04-01,2016-06-30,0
2016-07-29,19450,2016-03-31,1,12457000000,0.129,,,,,593000000,-0.389,659000000,-0.360,,456000000,,13.04,,,,,,,,,,,,,,,,,,,,,,true,false,3,2015-04-01,2015-06-30,-1
2016-07-29,19450,2017-03-31,1,31800000000,0.098,,,,,1500000000,-0.360,1600000000,-0.336,,1800000000,,53.53,,,,,,,,,,,,,,,,,,,,,,true,true,6,2016-04-01,2016-09-30,0
2016-07-29,19450,2017-03-31,1,77300000000,0.042,,,,,6000000000,0.002,6100000000,0.004,,4300000000,,127.87,,,,,,,,,,,,,,,,,,,,,,true,true,12,2016-04-01,2017-03-31,0
2016-07-29,19450,2016-03-31,1,,,,,,,,,,,,,,,,,,,,85354000000,52807000000,0.616,,52557000000,,,,,,,,,,,,true,false,12,2015-04-01,2016-03-31,-1
2016-07-29,19450,2016-03-31,1,,,,,,,,,,,,,,,,,,,,,,,,,,,,,23.00,,,,37261752,3633477,,false,false,12,2015-04-01,2016-03-31,-1
2016-07-29,19450,2017-03-31,1,,,,,,,,,,,,,,,,,,,,,,,,,,,,,20.00,,,,,,,false,true,12,2016-04-01,2017-03-31,0
2016-07-29,19450,2017-03-31,1,,,,,,,,,,,,,,,,,,,,,,,,,,,,,,,,,37261752,3633954,33628020,false,false,3,2016-04-01,2016-06-30,0
2016-07-29,19450,2016-03-31,1,,,,,,,,,,,,,,,,,,,,,,,,,,,,,,,,,,,34969677,false,false,3,2015-04-01,2015-06-30,-1
2016-10-13,19450,2017-03-31,,26430000000,-0.169,,,,,1940000000,0.293,2020000000,0.263,,1330000000,,39.55,,,,,,,,,,,,,,,,,,,,,,true,true,6,2016-04-01,2016-09-30,0
2016-10-13,19450,2016-03-31,,28971000000,,,,,,2343000000,,2409000000,,,1598000000,,45.72,,,,,,,,,,,,,,,,,,,,,,true,false,6,2015-04-01,2015-09-30,-1
2016-10-13,19450,2017-03-31,,25880000000,-0.176,,,,,1890000000,0.350,2000000000,0.333,1260000000,,-0.259,37.47,,,,,,,,,,,,,,,,,,,,,,false,true,6,2016-04-01,2016-09-30,0
2016-10-13,19450,2016-03-31,,27475000000,,,,,,2258000000,,2353000000,,1576000000,,,45.10,,,,,,,,,,,,,,,,,,,,,,false,false,6,2015-04-01,2015-09-30,-1
2016-11-01,19450,2017-03-31,2,26224000000,-0.095,,,,,1940000000,-0.172,2010000000,-0.166,,1351000000,,40.19,,,,,,71857000000,53538000000,0.745,,53538000000,,,,,,,,,,,,true,false,6,2016-04-01,2016-09-30,0
2016-11-01,19450,2016-03-31,2,28971000000,0.178,,,,,2343000000,0.252,2409000000,0.243,,1598000000,,45.72,,,,,,,,,,,,,,,,,,,,,,true,false,6,2015-04-01,2015-09-30,-1
2016-11-01,19450,2017-03-31,2,77300000000,0.042,,,,,6000000000,0.002,6100000000,0.004,,4300000000,,127.87,,,,,,,,,,,,,,,,,,,,,,true,true,12,2016-04-01,2017-03-31,0
2016-11-01,19450,2016-03-31,2,,,,,,,,,,,,,,,,,,,,85354000000,52807000000,0.616,,52557000000,,,,,,,,,,,,true,false,12,2015-04-01,2016-03-31,-1
2016-11-01,19450,2016-03-31,2,,,,,,,,,,,,,,,,,,,,,,,,,,,,,23.00,,,,37261752,3633477,,false,false,12,2015-04-01,2016-03-31,-1
2016-11-01,19450,2017-03-31,2,,,,,,,,,,,,,,,,,,,,,,,,,,,,,10.00,,,,,,,false,false,12,2016-04-01,2017-03-31,0
2016-11-01,19450,2017-03-31,2,,,,,,,,,,,,,,,,,,,,,,,,,,,,,20.00,,,,,,,false,true,12,2016-04-01,2017-03-31,0
2016-11-01,19450,2017-03-31,2,,,,,,,,,,,,,,,,,,,,,,,,,,,,,,,,,37261752,3630832,33627970,false,false,6,2016-04-01,2016-09-30,0
2016-11-01,19450,2016-03-31,2,,,,,,,,,,,,,,,,,,,,,,,,,,,,,,,,,,,34967300,false,false,6,2015-04-01,2015-09-30,-1
2017-02-01,19450,2017-03-31,3,39858000000,-0.095,,,,,2723000000,-0.218,2823000000,-0.211,,2055000000,,61.13,,,,,,73321000000,54216000000,0.739,,54216000000,,,,,,,,,,,,true,false,9,2016-04-01,2016-12-31,0
2017-02-01,19450,2016-03-31,3,44058000000,0.178,,,,,3481000000,0.443,3577000000,0.421,,2370000000,,67.80,,,,,,,,,,,,,,,,,,,,,,true,false,9,2015-04-01,2015-12-31,-1
2017-02-01,19450,2017-03-31,3,77300000000,0.042,,,,,6000000000,0.002,6100000000,0.004,,4300000000,,127.87,,,,,,,,,,,,,,,,,,,,,,true,true,12,2016-04-01,2017-03-31,0
2017-02-01,19450,2016-03-31,3,,,,,,,,,,,,,,,,,,,,85354000000,52807000000,0.616,,52557000000,,,,,,,,,,,,true,false,12,2015-04-01,2016-03-31,-1
2017-02-01,19450,2016-03-31,3,,,,,,,,,,,,,,,,,,,,,,,,,,,,,23.00,,,,37261752,3633477,,false,false,12,2015-04-01,2016-03-31,-1
2017-02-01,19450,2017-03-31,3,,,,,,,,,,,,,,,,,,,,,,,,,,,,,10.00,,,,,,,false,false,12,2016-04-01,2017-03-31,0
2017-02-01,19450,2017-03-31,3,,,,,,,,,,,,,,,,,,,,,,,,,,,,,20.00,,,,,,,false,true,12,2016-04-01,2017-03-31,0
2017-02-01,19450,2017-03-31,3,,,,,,,,,,,,,,,,,,,,,,,,,,,,,,,,,37261752,3587366,33634615,false,false,9,2016-04-01,2016-12-31,0
2017-02-01,19450,2016-03-31,3,,,,,,,,,,,,,,,,,,,,,,,,,,,,,,,,,,,34966039,false,false,9,2015-04-01,2015-12-31,-1
2017-04-28,19450,2017-03-31,,73558000000,-0.008,,,,,5836000000,-0.025,5954000000,-0.020,,4058000000,,120.62,,0.075,0.073,0.079,,78866000000,56138000000,0.712,1666.35,56138000000,-1311000000,538000000,-2265000000,6785000000,,0.207,,,,,,true,false,12,2016-04-01,2017-03-31,0
2017-04-28,19450,2016-03-31,,74159000000,0.236,,,,,5987000000,0.070,6077000000,0.066,,4125000000,,118.70,,0.080,0.076,0.081,,85354000000,52807000000,0.616,1562.89,52557000000,-3561000000,3033000000,-100000000,10231000000,,0.194,,,,,,true,false,12,2015-04-01,2016-03-31,-1
2017-04-28,19450,2018-03-31,,32400000000,0.235,,,,,2100000000,0.082,2200000000,0.094,,1530000000,,45.42,,,,,,,,,,,,,,,,,,,,,,true,true,6,2017-04-01,2017-09-30,1
2017-04-28,19450,2018-03-31,,74000000000,0.006,,,,,5900000000,0.011,6000000000,0.008,,4100000000,,121.70,,,,,,,,,,,,,,,,0.164,,,,,,true,true,12,2017-04-01,2018-03-31,1
2017-04-28,19450,2017-03-31,,72739000000,0.039,,,,,5513000000,-0.003,5668000000,0.003,3887000000,,-0.012,115.55,,,,,,75703000000,53546000000,0.707,1589.42,53546000000,,,,,25.00,,,,37261752,3572536,33646030,false,false,12,2016-04-01,2017-03-31,0
2017-04-28,19450,2016-03-31,,70034000000,0.243,,,,,5527000000,0.053,5652000000,0.047,3936000000,,0.199,113.25,,,,,,79929000000,49989000000,0.625,1486.53,49989000000,,,,,23.00,,,,37261752,3633477,34760002,false,false,12,2015-04-01,2016-03-31,-1
2017-04-28,19450,2018-03-31,,32000000000,0.236,,,,,2050000000,0.081,2150000000,0.073,1500000000,,0.185,44.52,,,,,,,,,,,,,,,,,,,,,,false,true,6,2017-04-01,2017-09-30,1
2017-04-28,19450,2018-03-31,,73100000000,0.005,,,,,5600000000,0.016,5700000000,0.006,4000000000,,0.029,118.73,,,,,,,,,,,,,,,20.00,,,,,,,false,true,12,2017-04-01,2018-03-31,1
2017-08-01,19450,2018-03-31,1,16491000000,0.390,,,,,905000000,0.053,996000000,0.072,,655000000,,19.45,,,,,,75013000000,56608000000,0.755,,56608000000,,,,,,,,,,,,true,false,3,2017-04-01,2017-06-30,0
2017-08-01,19450,2017-03-31,1,11862000000,-0.048,,,,,859000000,0.448,929000000,0.409,,632000000,,18.81,,,,,,,,,,,,,,,,,,,,,,true,false,3,2016-04-01,2016-06-30,-1
2017-08-01,19450,2018-03-31,1,32400000000,0.235,,,,,2100000000,0.082,2200000000,0.094,,1530000000,,45.42,,,,,,,,,,,,,,,,,,,,,,true,true,6,2017-04-01,2017-09-30,0
2017-08-01,19450,2018-03-31,1,74000000000,0.006,,,,,5900000000,0.011,6000000000,0.008,,4100000000,,121.70,,,,,,,,,,,,,,,,,,,,,,true,true,12,2017-04-01,2018-03-31,0
2017-08-01,19450,2017-03-31,1,,,,,,,,,,,,,,,,,,,,78866000000,56138000000,0.712,,56138000000,,,,,,,,,,,,true,false,12,2016-04-01,2017-03-31,-1
2017-08-01,19450,2017-03-31,1,,,,,,,,,,,,,,,,,,,,,,,,,,,,,25.00,,,,37261752,3572536,,false,false,12,2016-04-01,2017-03-31,-1
2017-08-01,19450,2018-03-31,1,,,,,,,,,,,,,,,,,,,,,,,,,,,,,20.00,,,,,,,false,true,12,2017-04-01,2018-03-31,0
2017-08-01,19450,2018-03-31,1,,,,,,,,,,,,,,,,,,,,,,,,,,,,,,,,,37261752,3538506,33702174,false,false,3,2017-04-01,2017-06-30,0
2017-08-01,19450,2017-03-31,1,,,,,,,,,,,,,,,,,,,,,,,,,,,,,,,,,,,33628020,false,false,3,2016-04-01,2016-06-30,-1
2017-11-01,19450,2018-03-31,2,30577000000,0.166,,,,,2161000000,0.113,2257000000,0.123,,1496000000,,44.37,,,,,,75474000000,57707000000,0.765,,57707000000,,,,,,,,,,,,true,false,6,2017-04-01,2017-09-30,0
2017-11-01,19450,2017-03-31,2,26224000000,-0.095,,,,,1940000000,-0.172,2010000000,-0.166,,1351000000,,40.19,,,,,,,,,,,,,,,,,,,,,,true,false,6,2016-04-01,2016-09-30,-1
2017-11-01,19450,2018-03-31,2,74000000000,0.006,,,,,5900000000,0.011,6000000000,0.008,,4100000000,,121.70,,,,,,,,,,,,,,,,,,,,,,true,true,12,2017-04-01,2018-03-31,0
2017-11-01,19450,2017-03-31,2,,,,,,,,,,,,,,,,,,,,78866000000,56138000000,0.712,,56138000000,,,,,,,,,,,,true,false,12,2016-04-01,2017-03-31,-1
2017-11-01,19450,2017-03-31,2,,,,,,,,,,,,,,,,,,,,,,,,,,,,,25.00,,,,37261752,3572536,,false,false,12,2016-04-01,2017-03-31,-1
2017-11-01,19450,2018-03-31,2,,,,,,,,,,,,,,,,,,,,,,,,,,,,,10.00,,,,,,,false,false,12,2017-04-01,2018-03-31,0
2017-11-01,19450,2018-03-31,2,,,,,,,,,,,,,,,,,,,,,,,,,,,,,20.00,,,,,,,false,true,12,2017-04-01,2018-03-31,0
2017-11-01,19450,2018-03-31,2,,,,,,,,,,,,,,,,,,,,,,,,,,,,,,,,,37261752,3511926,33721902,false,false,6,2017-04-01,2017-09-30,0
2017-11-01,19450,2017-03-31,2,,,,,,,,,,,,,,,,,,,,,,,,,,,,,,,,,,,33627970,false,false,6,2016-04-01,2016-09-30,-1
2018-01-30,19450,2018-03-31,3,43210000000,0.084,,,,,2297000000,-0.157,2431000000,-0.139,,1597000000,,47.35,,,,,,75657000000,57489000000,0.760,,57489000000,,,,,,,,,,,,true,false,9,2017-04-01,2017-12-31,0
2018-01-30,19450,2017-03-31,3,39858000000,-0.095,,,,,2723000000,-0.218,2823000000,-0.211,,2055000000,,61.13,,,,,,,,,,,,,,,,,,,,,,true,false,9,2016-04-01,2016-12-31,-1
2018-01-30,19450,2018-03-31,3,74000000000,0.006,,,,,5900000000,0.011,6000000000,0.008,,4100000000,,121.70,,,,,,,,,,,,,,,,,,,,,,true,true,12,2017-04-01,2018-03-31,0
2018-01-30,19450,2017-03-31,3,,,,,,,,,,,,,,,,,,,,78866000000,56138000000,0.712,,56138000000,,,,,,,,,,,,true,false,12,2016-04-01,2017-03-31,-1
2018-01-30,19450,2017-03-31,3,,,,,,,,,,,,,,,,,,,,,,,,,,,,,25.00,,,,37261752,3572536,,false,false,12,2016-04-01,2017-03-31,-1
2018-01-30,19450,2018-03-31,3,,,,,,,,,,,,,,,,,,,,,,,,,,,,,10.00,,,,,,,false,false,12,2017-04-01,2018-03-31,0
2018-01-30,19450,2018-03-31,3,,,,,,,,,,,,,,,,,,,,,,,,,,,,,20.00,,,,,,,false,true,12,2017-04-01,2018-03-31,0
2018-01-30,19450,2018-03-31,3,,,,,,,,,,,,,,,,,,,,,,,,,,,,,,,,,37261752,3486861,33734502,false,false,9,2017-04-01,2017-12-31,0
2018-01-30,19450,2017-03-31,3,,,,,,,,,,,,,,,,,,,,,,,,,,,,,,,,,,,33634615,false,false,9,2016-04-01,2016-12-31,-1
2018-03-07,19450,2018-03-31,,70200000000,-0.051,,,,,3600000000,-0.390,3700000000,-0.383,,2600000000,,76.95,,,,,,,,,,,,,,,,,,,,,,true,true,12,2017-04-01,2018-03-31,0
2018-03-07,19450,2017-03-31,,73558000000,,,,,,5836000000,,5954000000,,,4058000000,,120.62,,,,,,,,,,,,,,,,,,,,,,true,false,12,2016-04-01,2017-03-31,-1
2018-03-07,19450,2018-03-31,,69300000000,-0.052,,,,,3400000000,-0.393,3500000000,-0.386,2450000000,,-0.388,72.51,,,,,,,,,,,,,,,,,,,,,,false,true,12,2017-04-01,2018-03-31,0
2018-03-07,19450,2017-03-31,,72739000000,,,,,,5513000000,,5668000000,,3887000000,,,115.55,,,,,,,,,,,,,,,,,,,,,,false,false,12,2016-04-01,2017-03-31,-1
2018-04-27,19450,2018-03-31,,68709000000,-0.066,,,,,4205000000,-0.279,4356000000,-0.268,,2904000000,,86.07,,0.051,0.054,0.061,,83446000000,58641000000,0.703,1734.86,58641000000,13550000000,-1518000000,-926000000,17890000000,,0.290,,,,,,true,false,12,2017-04-01,2018-03-31,0
2018-04-27,19450,2017-03-31,,73558000000,-0.008,,,,,5836000000,-0.025,5954000000,-0.020,,4058000000,,120.62,,0.075,0.073,0.079,,78866000000,56138000000,0.712,1666.35,56138000000,-1311000000,538000000,-2265000000,6785000000,,0.207,,,,,,true,false,12,2016-04-01,2017-03-31,-1
2018-04-27,19450,2019-03-31,,71000000000,0.033,,,,,5200000000,0.236,5300000000,0.216,,3600000000,,106.50,,,,,,,,,,,,,,,,0.207,,,,,,true,true,12,2018-04-01,2019-03-31,1
2018-04-27,19450,2018-03-31,,67799000000,-0.068,,,,,3960000000,-0.282,4148000000,-0.268,2773000000,,-0.286,82.19,,,,,,80795000000,55918000000,0.692,1654.30,55918000000,,,,,25.00,,,,37261752,3460065,33748307,false,false,12,2017-04-01,2018-03-31,0
2018-04-27,19450,2017-03-31,,72739000000,0.039,,,,,5513000000,-0.003,5668000000,0.003,3887000000,,-0.012,115.55,,,,,,75703000000,53546000000,0.707,1589.42,53546000000,,,,,25.00,,,,37261752,3572536,33646030,false,false,12,2016-04-01,2017-03-31,-1
2018-04-27,19450,2019-03-31,,70000000000,0.032,,,,,5000000000,0.262,5100000000,0.229,3500000000,,0.262,103.55,,,,,,,,,,,,,,,22.00,,,,,,,false,true,12,2018-04-01,2019-03-31,1
2018-08-01,19450,2019-03-31,1,10720000000,-0.350,,,,,58000000,-0.936,190000000,-0.809,,126000000,,3.73,,,,,,74447000000,58427000000,0.785,,58427000000,,,,,,,,,,,,true,false,3,2018-04-01,2018-06-30,0
2018-08-01,19450,2018-03-31,1,16491000000,0.390,,,,,905000000,0.053,996000000,0.072,,655000000,,19.45,,,,,,,,,,,,,,,,,,,,,,true,false,3,2017-04-01,2017-06-30,-1
2018-08-01,19450,2019-03-31,1,71000000000,0.033,,,,,5200000000,0.236,5300000000,0.216,,3600000000,,106.50,,,,,,,,,,,,,,,,,,,,,,true,true,12,2018-04-01,2019-03-31,0
2018-08-01,19450,2018-03-31,1,,,,,,,,,,,,,,,,,,,,83446000000,58641000000,0.703,,58641000000,,,,,,,,,,,,true,false,12,2017-04-01,2018-03-31,-1
2018-08-01,19450,2018-03-31,1,,,,,,,,,,,,,,,,,,,,,,,,,,,,,25.00,,,,37261752,3460065,,false,false,12,2017-04-01,2018-03-31,-1
2018-08-01,19450,2019-03-31,1,,,,,,,,,,,,,,,,,,,,,,,,,,,,,22.00,,,,,,,false,true,12,2018-04-01,2019-03-31,0
2018-08-01,19450,2019-03-31,1,,,,,,,,,,,,,,,,,,,,,,,,,,,,,,,,,37261752,3439398,33808861,false,false,3,2018-04-01,2018-06-30,0
2018-08-01,19450,2018-03-31,1,,,,,,,,,,,,,,,,,,,,,,,,,,,,,,,,,,,33702174,false,false,3,2017-04-01,2017-06-30,-1
2018-11-01,19450,2019-03-31,2,26439000000,-0.135,,,,,643000000,-0.702,780000000,-0.654,,516000000,,15.27,,,,,,76766000000,59029000000,0.769,,59029000000,,,,,,,,,,,,true,false,6,2018-04-01,2018-09-30,0
2018-11-01,19450,2018-03-31,2,30577000000,0.166,,,,,2161000000,0.113,2257000000,0.123,,1496000000,,44.37,,,,,,,,,,,,,,,,,,,,,,true,false,6,2017-04-01,2017-09-30,-1
2018-11-01,19450,2019-03-31,2,71000000000,0.033,,,,,5200000000,0.236,5300000000,0.216,,3600000000,,106.50,,,,,,,,,,,,,,,,,,,,,,true,true,12,2018-04-01,2019-03-31,0
2018-11-01,19450,2018-03-31,2,,,,,,,,,,,,,,,,,,,,83446000000,58641000000,0.703,,58641000000,,,,,,,,,,,,true,false,12,2017-04-01,2018-03-31,-1
2018-11-01,19450,2018-03-31,2,,,,,,,,,,,,,,,,,,,,,,,,,,,,,25.00,,,,37261752,3460065,,false,false,12,2017-04-01,2018-03-31,-1
2018-11-01,19450,2019-03-31,2,,,,,,,,,,,,,,,,,,,,,,,,,,,,,11.00,,,,,,,false,false,12,2018-04-01,2019-03-31,0
2018-11-01,19450,2019-03-31,2,,,,,,,,,,,,,,,,,,,,,,,,,,,,,22.00,,,,,,,false,true,12,2018-04-01,2019-03-31,0
2018-11-01,19450,2019-03-31,2,,,,,,,,,,,,,,,,,,,,,,,,,,,,,,,,,37261752,3411858,33823117,false,false,6,2018-04-01,2018-09-30,0
2018-11-01,19450,2018-03-31,2,,,,,,,,,,,,,,,,,,,,,,,,,,,,,,,,,,,33721902,false,false,6,2017-04-01,2017-09-30,-1
2019-01-24,19450,2019-03-31,,65700000000,-0.075,,,,,2800000000,-0.462,3000000000,-0.434,,2100000000,,61.98,,,,,,,,,,,,,,,,,,,,,,true,true,12,2018-04-01,2019-03-31,0
2019-01-24,19450,2018-03-31,,68709000000,,,,,,4205000000,,4356000000,,,2904000000,,86.07,,,,,,,,,,,,,,,,,,,,,,true,false,12,2017-04-01,2018-03-31,-1
2019-01-24,19450,2019-03-31,,65000000000,-0.071,,,,,2600000000,-0.480,2800000000,-0.451,1900000000,,-0.457,56.08,,,,,,,,,,,,,,,,,,,,,,false,true,12,2018-04-01,2019-03-31,0
2019-01-24,19450,2018-03-31,,67799000000,,,,,,3960000000,,4148000000,,2773000000,,,82.19,,,,,,,,,,,,,,,,,,,,,,false,false,12,2017-04-01,2018-03-31,-1
2019-02-01,19450,2019-03-31,3,42933000000,-0.006,,,,,1179000000,-0.486,1362000000,-0.440,,992000000,,29.32,,,,,,77085000000,58786000000,0.763,,58786000000,,,,,,,,,,,,true,false,9,2018-04-01,2018-12-31,0
2019-02-01,19450,2018-03-31,3,43210000000,0.084,,,,,2297000000,-0.157,2431000000,-0.139,,1597000000,,47.35,,,,,,,,,,,,,,,,,,,,,,true,false,9,2017-04-01,2017-12-31,-1
2019-02-01,19450,2019-03-31,3,65700000000,-0.044,,,,,2800000000,-0.334,3000000000,-0.311,,2100000000,,61.98,,,,,,,,,,,,,,,,,,,,,,true,true,12,2018-04-01,2019-03-31,0
2019-02-01,19450,2018-03-31,3,,,,,,,,,,,,,,,,,,,,83446000000,58641000000,0.703,,58641000000,,,,,,,,,,,,true,false,12,2017-04-01,2018-03-31,-1
2019-02-01,19450,2018-03-31,3,,,,,,,,,,,,,,,,,,,,,,,,,,,,,25.00,,,,37261752,3460065,,false,false,12,2017-04-01,2018-03-31,-1
2019-02-01,19450,2019-03-31,3,,,,,,,,,,,,,,,,,,,,,,,,,,,,,11.00,,,,,,,false,false,12,2018-04-01,2019-03-31,0
2019-02-01,19450,2019-03-31,3,,,,,,,,,,,,,,,,,,,,,,,,,,,,,22.00,,,,,,,false,true,12,2018-04-01,2019-03-31,0
2019-02-01,19450,2019-03-31,3,,,,,,,,,,,,,,,,,,,,,,,,,,,,,,,,,37261752,3379112,33836489,false,false,9,2018-04-01,2018-12-31,0
2019-02-01,19450,2018-03-31,3,,,,,,,,,,,,,,,,,,,,,,,,,,,,,,,,,,,33734502,false,false,9,2017-04-01,2017-12-31,-1
2019-04-26,19450,2019-03-31,,68644000000,-0.001,,,,,4822000000,0.147,5031000000,0.155,,3508000000,,103.64,,0.058,0.059,0.070,,85755000000,61455000000,0.717,1812.12,61455000000,1865000000,-2675000000,-953000000,16126000000,,0.241,,,,,,true,false,12,2018-04-01,2019-03-31,0
2019-04-26,19450,2018-03-31,,68709000000,-0.066,,,,,4205000000,-0.279,4356000000,-0.268,,2904000000,,86.07,,0.051,0.054,0.061,,83446000000,58641000000,0.703,1734.86,58641000000,13550000000,-1518000000,-926000000,17890000000,,0.290,,,,,,true,false,12,2017-04-01,2018-03-31,-1
2019-04-26,19450,2020-03-31,,68000000000,-0.009,,,,,3400000000,-0.295,3550000000,-0.294,,2400000000,,70.77,,,,,,,,,,,,,,,,0.353,,,,,,true,true,12,2019-04-01,2020-03-31,1
2019-04-26,19450,2019-03-31,,67659000000,-0.002,,,,,4535000000,0.145,4782000000,0.153,3271000000,,0.179,96.64,,,,,,82772000000,58495000000,0.707,1724.86,58495000000,,,,,25.00,,,,37261752,3348382,33853354,false,false,12,2018-04-01,2019-03-31,0
2019-04-26,19450,2018-03-31,,67799000000,-0.068,,,,,3960000000,-0.282,4148000000,-0.268,2773000000,,-0.286,82.19,,,,,,80795000000,55918000000,0.692,1654.30,55918000000,,,,,25.00,,,,37261752,3460065,33748307,false,false,12,2017-04-01,2018-03-31,-1
2019-04-26,19450,2020-03-31,,67000000000,-0.010,,,,,3100000000,-0.316,3300000000,-0.310,2200000000,,-0.328,64.87,,,,,,,,,,,,,,,25.00,,,,,,,false,true,12,2019-04-01,2020-03-31,1
2019-07-29,19450,2020-03-31,1,14046000000,0.310,,,,,235000000,3.037,339000000,0.778,,218000000,,6.43,,,,,,81367000000,60879000000,0.748,,60879000000,,,,,,,,,,,,true,false,3,2019-04-01,2019-06-30,0
2019-07-29,19450,2019-03-31,1,10720000000,-0.350,,,,,58000000,-0.936,190000000,-0.809,,126000000,,3.73,,,,,,,,,,,,,,,,,,,,,,true,false,3,2018-04-01,2018-06-30,-1
2019-07-29,19450,2020-03-31,1,68000000000,-0.009,,,,,3400000000,-0.295,3550000000,-0.294,,2400000000,,70.77,,,,,,,,,,,,,,,,,,,,,,true,true,12,2019-04-01,2020-03-31,0
2019-07-29,19450,2019-03-31,1,,,,,,,,,,,,,,,,,,,,85755000000,61455000000,0.717,,61455000000,,,,,,,,,,,,true,false,12,2018-04-01,2019-03-31,-1
2019-07-29,19450,2019-03-31,1,,,,,,,,,,,,,,,,,,,,,,,,,,,,,25.00,,,,37261752,3348382,,false,false,12,2018-04-01,2019-03-31,-1
2019-07-29,19450,2020-03-31,1,,,,,,,,,,,,,,,,,,,,,,,,,,,,,25.00,,,,,,,false,true,12,2019-04-01,2020-03-31,0
2019-07-29,19450,2020-03-31,1,,,,,,,,,,,,,,,,,,,,,,,,,,,,,,,,,37261752,3314823,33927273,false,false,3,2019-04-01,2019-06-30,0
2019-07-29,19450,2019-03-31,1,,,,,,,,,,,,,,,,,,,,,,,,,,,,,,,,,,,33808861,false,false,3,2018-04-01,2018-06-30,-1
2019-10-30,19450,2020-03-31,2,28428000000,0.075,,,,,898000000,0.397,1013000000,0.298,,672000000,,19.82,,,,,,81050000000,61489000000,0.759,,61489000000,,,,,,,,,,,,true,false,6,2019-04-01,2019-09-30,0
2019-10-30,19450,2019-03-31,2,26439000000,-0.135,,,,,643000000,-0.702,780000000,-0.654,,516000000,,15.27,,,,,,,,,,,,,,,,,,,,,,true,false,6,2018-04-01,2018-09-30,-1
2019-10-30,19450,2020-03-31,2,68000000000,-0.009,,,,,3400000000,-0.295,3550000000,-0.294,,2400000000,,70.77,,,,,,,,,,,,,,,,,,,,,,true,true,12,2019-04-01,2020-03-31,0
2019-10-30,19450,2019-03-31,2,,,,,,,,,,,,,,,,,,,,85755000000,61455000000,0.717,,61455000000,,,,,,,,,,,,true,false,12,2018-04-01,2019-03-31,-1
2019-10-30,19450,2019-03-31,2,,,,,,,,,,,,,,,,,,,,,,,,,,,,,25.00,,,,37261752,3348382,,false,false,12,2018-04-01,2019-03-31,-1
2019-10-30,19450,2020-03-31,2,,,,,,,,,,,,,,,,,,,,,,,,,,,,,12.50,,,,,,,false,false,12,2019-04-01,2020-03-31,0
2019-10-30,19450,2020-03-31,2,,,,,,,,,,,,,,,,,,,,,,,,,,,,,25.00,,,,,,,false,true,12,2019-04-01,2020-03-31,0
2019-10-30,19450,2020-03-31,2,,,,,,,,,,,,,,,,,,,,,,,,,,,,,,,,,37261752,3279823,33949797,false,false,6,2019-04-01,2019-09-30,0
2019-10-30,19450,2019-03-31,2,,,,,,,,,,,,,,,,,,,,,,,,,,,,,,,,,,,33823117,false,false,6,2018-04-01,2018-09-30,-1
2020-02-04,19450,2020-03-31,3,44878000000,0.045,,,,,1902000000,0.613,2069000000,0.519,,1198000000,,35.29,,,,,,80852000000,61879000000,0.765,,61846000000,,,,,,,,,,,,true,false,9,2019-04-01,2019-12-31,0
2020-02-04,19450,2019-03-31,3,42933000000,-0.006,,,,,1179000000,-0.486,1362000000,-0.440,,992000000,,29.32,,,,,,,,,,,,,,,,,,,,,,true,false,9,2018-04-01,2018-12-31,-1
2020-02-04,19450,2020-03-31,3,68000000000,-0.009,,,,,3400000000,-0.295,3550000000,-0.294,,2400000000,,70.77,,,,,,,,,,,,,,,,,,,,,,true,true,12,2019-04-01,2020-03-31,0
2020-02-04,19450,2019-03-31,3,,,,,,,,,,,,,,,,,,,,85755000000,61455000000,0.717,,61455000000,,,,,,,,,,,,true,false,12,2018-04-01,2019-03-31,-1
2020-02-04,19450,2019-03-31,3,,,,,,,,,,,,,,,,,,,,,,,,,,,,,25.00,,,,37261752,3348382,,false,false,12,2018-04-01,2019-03-31,-1
2020-02-04,19450,2020-03-31,3,,,,,,,,,,,,,,,,,,,,,,,,,,,,,12.50,,,,,,,false,false,12,2019-04-01,2020-03-31,0
2020-02-04,19450,2020-03-31,3,,,,,,,,,,,,,,,,,,,,,,,,,,,,,25.00,,,,,,,false,true,12,2019-04-01,2020-03-31,0
2020-02-04,19450,2020-03-31,3,,,,,,,,,,,,,,,,,,,,,,,,,,,,,,,,,37261752,3246618,33965558,false,false,9,2019-04-01,2019-12-31,0
2020-02-04,19450,2019-03-31,3,,,,,,,,,,,,,,,,,,,,,,,,,,,,,,,,,,,33836489,false,false,9,2018-04-01,2018-12-31,-1
2020-04-28,19450,2020-03-31,,66520000000,-0.031,,,,,3918000000,-0.187,3899000000,-0.225,,2376000000,,69.94,,0.038,0.046,0.059,,85401000000,62758000000,0.734,1841.82,62722000000,2390000000,-3224000000,-965000000,14143000000,,0.386,,,,,,true,false,12,2019-04-01,2020-03-31,0
2020-04-28,19450,2019-03-31,,68644000000,-0.001,,,,,4822000000,0.147,5031000000,0.155,,3508000000,,103.64,,0.058,0.059,0.070,,85755000000,61455000000,0.717,1812.12,61455000000,1865000000,-2675000000,-953000000,16126000000,,0.241,,,,,,true,false,12,2018-04-01,2019-03-31,-1
2020-04-28,19450,2021-03-31,,66000000000,-0.008,,,,,3900000000,-0.005,3900000000,0.000,,2600000000,,76.35,,,,,,,,,,,,,,,,0.354,,,,,,true,true,12,2020-04-01,2021-03-31,1
2020-04-28,19450,2020-03-31,,65221000000,-0.036,,,,,3842000000,-0.153,3862000000,-0.192,2401000000,,-0.266,70.66,,,,,,82248000000,59794000000,0.727,1755.85,59794000000,,,,,27.00,,,,37261752,3207258,33984106,false,false,12,2019-04-01,2020-03-31,0
2020-04-28,19450,2019-03-31,,67659000000,-0.002,,,,,4535000000,0.145,4782000000,0.153,3271000000,,0.179,96.64,,,,,,82772000000,58495000000,0.707,1724.86,58495000000,,,,,25.00,,,,37261752,3348382,33853354,false,false,12,2018-04-01,2019-03-31,-1
2020-04-28,19450,2021-03-31,,67000000000,0.027,,,,,3800000000,-0.011,3900000000,0.010,2600000000,,0.083,76.35,,,,,,,,,,,,,,,27.00,,,,,,,false,true,12,2020-04-01,2021-03-31,1
2020-08-04,19450,2021-03-31,1,12622000000,-0.101,,,,,691000000,1.941,785000000,1.314,,518000000,,15.23,,,,,,83507000000,62742000000,0.752,,62756000000,,,,,,,,,,,,true,false,3,2020-04-01,2020-06-30,0
2020-08-04,19450,2020-03-31,1,14046000000,0.310,,,,,235000000,3.037,339000000,0.778,,218000000,,6.43,,,,,,,,,,,,,,,,,,,,,,true,false,3,2019-04-01,2019-06-30,-1
2020-08-04,19450,2021-03-31,1,66000000000,-0.008,,,,,3900000000,-0.005,3900000000,0.000,,2600000000,,76.35,,,,,,,,,,,,,,,,,,,,,,true,true,12,2020-04-01,2021-03-31,0
2020-08-04,19450,2020-03-31,1,,,,,,,,,,,,,,,,,,,,85401000000,62758000000,0.734,,62722000000,,,,,,,,,,,,true,false,12,2019-04-01,2020-03-31,-1
2020-08-04,19450,2020-03-31,1,,,,,,,,,,,,,,,,,,,,,,,,,,,,,27.00,,,,37261752,3207258,,false,false,12,2019-04-01,2020-03-31,-1
2020-08-04,19450,2021-03-31,1,,,,,,,,,,,,,,,,,,,,,,,,,,,,,27.00,,,,,,,false,true,12,2020-04-01,2021-03-31,0
2020-08-04,19450,2021-03-31,1,,,,,,,,,,,,,,,,,,,,,,,,,,,,,,,,,37261752,3174258,34068019,false,false,3,2020-04-01,2020-06-30,0
2020-08-04,19450,2020-03-31,1,,,,,,,,,,,,,,,,,,,,,,,,,,,,,,,,,,,33927273,false,false,3,2019-04-01,2019-06-30,-1
2020-10-28,19450,2021-03-31,2,25750000000,-0.094,,,,,1590000000,0.771,1629000000,0.609,,1098000000,,32.22,,,,,,83338000000,63556000000,0.763,,63563000000,,,,,,,,,,,,true,false,6,2020-04-01,2020-09-30,0
2020-10-28,19450,2020-03-31,2,28428000000,0.075,,,,,898000000,0.397,1013000000,0.298,,672000000,,19.82,,,,,,,,,,,,,,,,,,,,,,true,false,6,2019-04-01,2019-09-30,-1
2020-10-28,19450,2021-03-31,2,66000000000,-0.008,,,,,3900000000,-0.005,3900000000,0.000,,2600000000,,76.35,,,,,,,,,,,,,,,,,,,,,,true,true,12,2020-04-01,2021-03-31,0
2020-10-28,19450,2020-03-31,2,,,,,,,,,,,,,,,,,,,,85401000000,62758000000,0.734,,62722000000,,,,,,,,,,,,true,false,12,2019-04-01,2020-03-31,-1
2020-10-28,19450,2020-03-31,2,,,,,,,,,,,,,,,,,,,,,,,,,,,,,27.00,,,,37261752,3207258,,false,false,12,2019-04-01,2020-03-31,-1
2020-10-28,19450,2021-03-31,2,,,,,,,,,,,,,,,,,,,,,,,,,,,,,13.50,,,,,,,false,false,12,2020-04-01,2021-03-31,0
2020-10-28,19450,2021-03-31,2,,,,,,,,,,,,,,,,,,,,,,,,,,,,,27.00,,,,,,,false,true,12,2020-04-01,2021-03-31,0
2020-10-28,19450,2021-03-31,2,,,,,,,,,,,,,,,,,,,,,,,,,,,,,,,,,37261752,3126439,34094154,false,false,6,2020-04-01,2020-09-30,0
2020-10-28,19450,2020-03-31,2,,,,,,,,,,,,,,,,,,,,,,,,,,,,,,,,,,,33949797,false,false,6,2019-04-01,2019-09-30,-1
2021-02-02,19450,2021-03-31,3,39657000000,-0.116,,,,,2162000000,0.137,2214000000,0.070,,1517000000,,44.48,,,,,,85856000000,63372000000,0.738,,63399000000,,,,,,,,,,,,true,false,9,2020-04-01,2020-12-31,0
2021-02-02,19450,2020-03-31,3,44878000000,0.045,,,,,1902000000,0.613,2069000000,0.519,,1198000000,,35.29,,,,,,,,,,,,,,,,,,,,,,true,false,9,2019-04-01,2019-12-31,-1
2021-02-02,19450,2021-03-31,3,66000000000,-0.008,,,,,3900000000,-0.005,3900000000,0.000,,2600000000,,76.35,,,,,,,,,,,,,,,,,,,,,,true,true,12,2020-04-01,2021-03-31,0
2021-02-02,19450,2020-03-31,3,,,,,,,,,,,,,,,,,,,,85401000000,62758000000,0.734,,62722000000,,,,,,,,,,,,true,false,12,2019-04-01,2020-03-31,-1
2021-02-02,19450,2020-03-31,3,,,,,,,,,,,,,,,,,,,,,,,,,,,,,27.00,,,,37261752,3207258,,false,false,12,2019-04-01,2020-03-31,-1
2021-02-02,19450,2021-03-31,3,,,,,,,,,,,,,,,,,,,,,,,,,,,,,13.50,,,,,,,false,false,12,2020-04-01,2021-03-31,0
2021-02-02,19450,2021-03-31,3,,,,,,,,,,,,,,,,,,,,,,,,,,,,,27.00,,,,,,,false,true,12,2020-04-01,2021-03-31,0
2021-02-02,19450,2021-03-31,3,,,,,,,,,,,,,,,,,,,,,,,,,,,,,,,,,37261752,3072481,34113189,false,false,9,2020-04-01,2020-12-31,0
2021-02-02,19450,2020-03-31,3,,,,,,,,,,,,,,,,,,,,,,,,,,,,,,,,,,,33965558,false,false,9,2019-04-01,2019-12-31,-1
2021-04-27,19450,2021-03-31,,59514000000,-0.105,,,,,4104000000,0.047,3920000000,0.005,,2747000000,,80.50,,0.043,0.045,0.069,,89616000000,64859000000,0.724,1897.94,64918000000,10754000000,-16164000000,469000000,9264000000,,0.354,,,,,,true,false,12,2020-04-01,2021-03-31,0
2021-04-27,19450,2020-03-31,,66520000000,-0.031,,,,,3918000000,-0.187,3899000000,-0.225,,2376000000,,69.94,,0.038,0.046,0.059,,85401000000,62758000000,0.734,1841.82,62722000000,2390000000,-3224000000,-965000000,14143000000,,0.386,,,,,,true,false,12,2019-04-01,2020-03-31,-1
2021-04-27,19450,2021-03-31,,61315000000,-0.060,,,,,4029000000,0.049,3909000000,0.012,2806000000,,0.169,82.23,,,,,,87109000000,62226000000,0.714,1819.24,62226000000,,,,,28.50,,,,37261752,3056986,34132727,false,false,12,2020-04-01,2021-03-31,0
2021-04-27,19450,2020-03-31,,65221000000,-0.036,,,,,3842000000,-0.153,3862000000,-0.192,2401000000,,-0.266,70.66,,,,,,82248000000,59794000000,0.727,1755.85,59794000000,,,,,27.00,,,,37261752,3207258,33984106,false,false,12,2019-04-01,2020-03-31,-1
2021-05-17,19450,2022-03-31,,77000000000,,,,,,4900000000,,5000000000,,,3400000000,,99.40,,,,,,,,,,,,,,,,,,,,,,true,true,12,2021-04-01,2022-03-31,0
2021-05-17,19450,2021-03-31,,59514000000,,,,,,4104000000,,3920000000,,,2747000000,,80.50,,,,,,,,,,,,,,,,,,,,,,true,false,12,2020-04-01,2021-03-31,-1
2021-05-17,19450,2022-03-31,,80000000000,,,,,,4800000000,,5000000000,,3400000000,,,99.40,,,,,,,,,,,,,,,30.00,,,,,,,false,true,12,2021-04-01,2022-03-31,0
2021-05-17,19450,2021-03-31,,61315000000,,,,,,4029000000,,3909000000,,2806000000,,,82.23,,,,,,,,,,,,,,,28.50,,,,,,,false,false,12,2020-04-01,2021-03-31,-1
2021-08-03,19450,2022-03-31,1,10804000000,,,,,,-358000000,,-263000000,,,-202000000,,-5.93,,,,,,85200000000,63998000000,0.752,,64083000000,,,,,,,,,,,,true,false,3,2021-04-01,2021-06-30,0
2021-08-03,19450,2021-03-31,1,12622000000,-0.101,,,,,691000000,1.941,785000000,1.314,,518000000,,15.23,,,,,,,,,,,,,,,,,,,,,,true,false,3,2020-04-01,2020-06-30,-1
2021-08-03,19450,2022-03-31,1,77000000000,,,,,,4900000000,,5000000000,,,3400000000,,99.40,,,,,,,,,,,,,,,,,,,,,,true,true,12,2021-04-01,2022-03-31,0
2021-08-03,19450,2021-03-31,1,,,,,,,,,,,,,,,,,,,,89616000000,64859000000,0.724,,64918000000,,,,,,,,,,,,true,false,12,2020-04-01,2021-03-31,-1
2021-08-03,19450,2021-03-31,1,,,,,,,,,,,,,,,,,,,,,,,,,,,,,28.50,,,,37261752,3056986,,false,false,12,2020-04-01,2021-03-31,-1
2021-08-03,19450,2022-03-31,1,,,,,,,,,,,,,,,,,,,,,,,,,,,,,30.00,,,,,,,false,true,12,2021-04-01,2022-03-31,0
2021-08-03,19450,2022-03-31,1,,,,,,,,,,,,,,,,,,,,,,,,,,,,,,,,,37261752,3045764,34211477,false,false,3,2021-04-01,2021-06-30,0
2021-08-03,19450,2021-03-31,1,,,,,,,,,,,,,,,,,,,,,,,,,,,,,,,,,,,34068019,false,false,3,2020-04-01,2020-06-30,-1
2021-11-02,1945,2022-03-31,2,28281000000,,,,,,185000000,,224000000,,,76000000,,2.24,,,,,,94610000000,64585000000,0.684,,64706000000,,,,,,,,,,,,true,false,6,2021-04-01,2021-09-30,0
2021-11-02,1945,2021-03-31,2,25750000000,-0.094,,,,,1590000000,0.771,1629000000,0.609,,1098000000,,32.22,,,,,,,,,,,,,,,,,,,,,,true,false,6,2020-04-01,2020-09-30,-1
2021-11-02,1945,2022-03-31,2,77000000000,,,,,,4900000000,,5000000000,,,3400000000,,99.40,,,,,,,,,,,,,,,,,,,,,,true,true,12,2021-04-01,2022-03-31,0
2021-11-02,1945,2021-03-31,2,,,,,,,,,,,,,,,,,,,,89616000000,64859000000,0.724,,64918000000,,,,,,,,,,,,true,false,12,2020-04-01,2021-03-31,-1
2021-11-02,1945,2021-03-31,2,,,,,,,,,,,,,,,,,,,,,,,,,,,,,28.50,,,,37261752,3056986,,false,false,12,2020-04-01,2021-03-31,-1
2021-11-02,1945,2022-03-31,2,,,,,,,,,,,,,,,,,,,,,,,,,,,,,15.00,,,,,,,false,false,12,2021-04-01,2022-03-31,0
2021-11-02,1945,2022-03-31,2,,,,,,,,,,,,,,,,,,,,,,,,,,,,,30.00,,,,,,,false,true,12,2021-04-01,2022-03-31,0
2021-11-02,1945,2022-03-31,2,,,,,,,,,,,,,,,,,,,,,,,,,,,,,,,,,37261752,3026764,34221554,false,false,6,2021-04-01,2021-09-30,0
2021-11-02,1945,2021-03-31,2,,,,,,,,,,,,,,,,,,,,,,,,,,,,,,,,,,,34094154,false,false,6,2020-04-01,2020-09-30,-1
2022-02-01,1945,2022-03-31,3,49610000000,,,,,,1266000000,,1320000000,,,786000000,,22.99,,,,,,92278000000,64542000000,0.701,,64667000000,,,,,,,,,,,,true,false,9,2021-04-01,2021-12-31,0
2022-02-01,1945,2021-03-31,3,39657000000,-0.116,,,,,2162000000,0.137,2214000000,0.070,,1517000000,,44.48,,,,,,,,,,,,,,,,,,,,,,true,false,9,2020-04-01,2020-12-31,-1
2022-02-01,1945,2022-03-31,3,77000000000,,,,,,4900000000,,5000000000,,,3400000000,,99.40,,,,,,,,,,,,,,,,,,,,,,true,true,12,2021-04-01,2022-03-31,0
2022-02-01,1945,2021-03-31,3,,,,,,,,,,,,,,,,,,,,89616000000,64859000000,0.724,,64918000000,,,,,,,,,,,,true,false,12,2020-04-01,2021-03-31,-1
2022-02-01,1945,2021-03-31,3,,,,,,,,,,,,,,,,,,,,,,,,,,,,,28.50,,,,37261752,3056986,,false,false,12,2020-04-01,2021-03-31,-1
2022-02-01,1945,2022-03-31,3,,,,,,,,,,,,,,,,,,,,,,,,,,,,,15.00,,,,,,,false,false,12,2021-04-01,2022-03-31,0
2022-02-01,1945,2022-03-31,3,,,,,,,,,,,,,,,,,,,,,,,,,,,,,30.00,,,,,,,false,true,12,2021-04-01,2022-03-31,0
2022-02-01,1945,2022-03-31,3,,,,,,,,,,,,,,,,,,,,,,,,,,,,,,,,,37261752,3026798,34225577,false,false,9,2021-04-01,2021-12-31,0
2022-02-01,1945,2021-03-31,3,,,,,,,,,,,,,,,,,,,,,,,,,,,,,,,,,,,34113189,false,false,9,2020-04-01,2020-12-31,-1
2022-03-29,19450,2022-03-31,,72500000000,-0.058,,,,,2800000000,-0.429,3000000000,-0.400,,1050000000,,30.67,,,,,,,,,,,,,,,,,,,,,,true,true,12,2021-04-01,2022-03-31,0
2022-03-29,19450,2021-03-31,,59514000000,,,,,,4104000000,,3920000000,,,2747000000,,80.50,,,,,,,,,,,,,,,,,,,,,,true,false,12,2020-04-01,2021-03-31,-1
2022-03-29,19450,2022-03-31,,77000000000,-0.038,,,,,2750000000,-0.427,3050000000,-0.390,1150000000,,-0.662,33.59,,,,,,,,,,,,,,,,,,,,,,false,true,12,2021-04-01,2022-03-31,0
2022-03-29,19450,2021-03-31,,61315000000,,,,,,4029000000,,3909000000,,2806000000,,,82.23,,,,,,,,,,,,,,,,,,,,,,false,false,12,2020-04-01,2021-03-31,-1
2022-04-27,1945,2022-03-31,,72578000000,,,,,,3158000000,,3257000000,,,1226000000,,35.85,,0.019,0.034,0.044,,102982000000,64472000000,0.628,1887.85,64630000000,-5733000000,-385000000,5784000000,9025000000,,0.837,,,,,,true,false,12,2021-04-01,2022-03-31,0
2022-04-27,1945,2021-03-31,,59514000000,-0.105,,,,,4104000000,0.047,3920000000,0.005,,2747000000,,80.50,,0.043,0.045,0.069,,89616000000,64859000000,0.724,1897.94,64918000000,10754000000,-16164000000,469000000,9264000000,,0.354,,,,,,true,false,12,2020-04-01,2021-03-31,-1
2022-04-27,1945,2023-03-31,,80000000000,0.102,,,,,3200000000,0.013,3300000000,0.013,,2100000000,,61.34,,,,,,,,,,,,,,,,0.489,,,,,,true,true,12,2022-04-01,2023-03-31,1
2022-04-27,1945,2022-03-31,,77509000000,,,,,,3036000000,,3216000000,,1284000000,,,37.52,,,,,,100253000000,62045000000,0.619,1812.36,62045000000,,,,,30.00,,,,37261752,3026860,34227726,false,false,12,2021-04-01,2022-03-31,0
2022-04-27,1945,2021-03-31,,61315000000,-0.060,,,,,4029000000,0.049,3909000000,0.012,2806000000,,0.169,82.23,,,,,,87109000000,62226000000,0.714,1819.24,62226000000,,,,,28.50,,,,37261752,3056986,34132727,false,false,12,2020-04-01,2021-03-31,-1
2022-04-27,1945,2023-03-31,,79000000000,0.019,,,,,3300000000,0.087,3500000000,0.088,2400000000,,0.869,70.10,,,,,,,,,,,,,,,30.00,,,,,,,false,true,12,2022-04-01,2023-03-31,1
2022-08-02,1945,2023-03-31,1,18994000000,0.758,,,,,544000000,,602000000,,,339000000,,9.91,,,,,,103349000000,64552000000,0.627,,64751000000,,,,,,,,,,,,true,false,3,2022-04-01,2022-06-30,0
2022-08-02,1945,2022-03-31,1,10804000000,,,,,,-358000000,,-263000000,,,-202000000,,-5.93,,,,,,,,,,,,,,,,,,,,,,true,false,3,2021-04-01,2021-06-30,-1
2022-08-02,1945,2023-03-31,1,80000000000,0.102,,,,,3200000000,0.013,3300000000,0.013,,2100000000,,61.34,,,,,,,,,,,,,,,,,,,,,,true,true,12,2022-04-01,2023-03-31,0
2022-08-02,1945,2022-03-31,1,,,,,,,,,,,,,,,,,,,,102982000000,64472000000,0.628,,64630000000,,,,,,,,,,,,true,false,12,2021-04-01,2022-03-31,-1
2022-08-02,1945,2022-03-31,1,,,,,,,,,,,,,,,,,,,,,,,,,,,,,30.00,,,,37261752,3026860,,false,false,12,2021-04-01,2022-03-31,-1
2022-08-02,1945,2023-03-31,1,,,,,,,,,,,,,,,,,,,,,,,,,,,,,30.00,,,,,,,false,true,12,2022-04-01,2023-03-31,0
2022-08-02,1945,2023-03-31,1,,,,,,,,,,,,,,,,,,,,,,,,,,,,,,,,,37261752,3026895,34234873,false,false,3,2022-04-01,2022-06-30,0
2022-08-02,1945,2022-03-31,1,,,,,,,,,,,,,,,,,,,,,,,,,,,,,,,,,,,34211477,false,false,3,2021-04-01,2021-06-30,-1
2022-10-31,1945,2023-03-31,2,37771000000,0.336,,,,,1410000000,6.967,1451000000,5.692,,886000000,,25.90,,,,,,103182000000,65254000000,0.635,,65486000000,,,,,,,,,,,,true,false,6,2022-04-01,2022-09-30,0
2022-10-31,1945,2022-03-31,2,28281000000,,,,,,177000000,,216000000,,,99000000,,2.90,,,,,,,,,,,,,,,,,,,,,,true,false,6,2021-04-01,2021-09-30,-1
2022-10-31,1945,2023-03-31,2,80000000000,0.102,,,,,3200000000,0.013,3300000000,0.013,,2100000000,,61.34,,,,,,,,,,,,,,,,,,,,,,true,true,12,2022-04-01,2023-03-31,0
2022-10-31,1945,2022-03-31,2,,,,,,,,,,,,,,,,,,,,102982000000,64472000000,0.628,,64630000000,,,,,,,,,,,,true,false,12,2021-04-01,2022-03-31,-1
2022-10-31,1945,2022-03-31,2,,,,,,,,,,,,,,,,,,,,,,,,,,,,,30.00,,,,37261752,3026860,,false,false,12,2021-04-01,2022-03-31,-1
2022-10-31,1945,2023-03-31,2,,,,,,,,,,,,,,,,,,,,,,,,,,,,,20.00,,,,,,,false,false,12,2022-04-01,2023-03-31,0
2022-10-31,1945,2023-03-31,2,,,,,,,,,,,,,,,,,,,,,,,,,,,,,35.00,,,,,,,false,true,12,2022-04-01,2023-03-31,0
2022-10-31,1945,2023-03-31,2,,,,,,,,,,,,,,,,,,,,,,,,,,,,,,,,,37261752,3009071,34242521,false,false,6,2022-04-01,2022-09-30,0
2022-10-31,1945,2022-03-31,2,,,,,,,,,,,,,,,,,,,,,,,,,,,,,,,,,,,34221554,false,false,6,2021-04-01,2021-09-30,-1
2023-01-31,1945,2023-03-31,3,57188000000,0.153,,,,,1596000000,0.260,1124000000,-0.148,,999000000,,29.19,,,,,,108462000000,64638000000,0.598,,64887000000,,,,,,,,,,,,true,false,9,2022-04-01,2022-12-31,0
2023-01-31,1945,2022-03-31,3,49610000000,,,,,,1266000000,,1320000000,,,786000000,,22.99,,,,,,,,,,,,,,,,,,,,,,true,false,9,2021-04-01,2021-12-31,-1
2023-01-31,1945,2023-03-31,3,80000000000,0.102,,,,,3200000000,0.013,3300000000,0.013,,2100000000,,61.34,,,,,,,,,,,,,,,,,,,,,,true,true,12,2022-04-01,2023-03-31,0
2023-01-31,1945,2022-03-31,3,,,,,,,,,,,,,,,,,,,,102982000000,64472000000,0.628,,64630000000,,,,,,,,,,,,true,false,12,2021-04-01,2022-03-31,-1
2023-01-31,1945,2022-03-31,3,,,,,,,,,,,,,,,,,,,,,,,,,,,,,30.00,,,,37261752,3026860,,false,false,12,2021-04-01,2022-03-31,-1
2023-01-31,1945,2023-03-31,3,,,,,,,,,,,,,,,,,,,,,,,,,,,,,20.00,,,,,,,false,false,12,2022-04-01,2023-03-31,0
2023-01-31,1945,2023-03-31,3,,,,,,,,,,,,,,,,,,,,,,,,,,,,,35.00,,,,,,,false,true,12,2022-04-01,2023-03-31,0
2023-01-31,1945,2023-03-31,3,,,,,,,,,,,,,,,,,,,,,,,,,,,,,,,,,37261752,3009206,34245556,false,false,9,2022-04-01,2022-12-31,0
2023-01-31,1945,2022-03-31,3,,,,,,,,,,,,,,,,,,,,,,,,,,,,,,,,,,,34225577,false,false,9,2021-04-01,2021-12-31,-1
2023-04-28,1945,2023-03-31,,79055000000,0.089,,,,,3458000000,0.095,2770000000,-0.150,,2120000000,,61.91,,0.032,0.026,0.044,,108513000000,65938000000,0.611,1934.43,66259000000,8143000000,-3119000000,-656000000,13175000000,,0.646,,,,,,true,false,12,2022-04-01,2023-03-31,0
2023-04-28,1945,2022-03-31,,72578000000,,,,,,3158000000,,3257000000,,,1226000000,,35.85,,0.019,0.034,0.044,,102982000000,64472000000,0.628,1887.85,64630000000,-5733000000,-385000000,5784000000,9025000000,,0.837,,,,,,true,false,12,2021-04-01,2022-03-31,-1
2023-04-28,1945,2024-03-31,,80000000000,0.012,,,,,3500000000,0.012,3500000000,0.263,,2500000000,,72.99,,,,,,,,,,,,,,,,0.548,,,,,,true,true,12,2023-04-01,2024-03-31,1
2023-04-28,1945,2023-03-31,,79692000000,0.028,,,,,4022000000,0.325,3437000000,0.069,2786000000,,1.170,81.36,,,,,,105292000000,64226000000,0.610,1875.09,64226000000,,,,,40.00,,,,37261752,3009235,34247167,false,false,12,2022-04-01,2023-03-31,0
2023-04-28,1945,2022-03-31,,77509000000,,,,,,3036000000,,3216000000,,1284000000,,,37.52,,,,,,100253000000,62045000000,0.619,1812.36,62045000000,,,,,30.00,,,,37261752,3026860,34227726,false,false,12,2021-04-01,2022-03-31,-1
2023-04-28,1945,2024-03-31,,76000000000,-0.046,,,,,3600000000,-0.105,3700000000,0.076,2800000000,,0.005,81.75,,,,,,,,,,,,,,,40.00,,,,,,,false,true,12,2023-04-01,2024-03-31,1
2023-08-01,1945,2024-03-31,1,20295000000,0.068,,,,,376000000,-0.309,828000000,0.375,,231000000,,6.76,,,,,,108124000000,66181000000,0.612,,66181000000,,,,,,,,,,,,true,false,3,2023-04-01,2023-06-30,0
2023-08-01,1945,2023-03-31,1,18994000000,0.758,,,,,544000000,,602000000,,,339000000,,9.91,,,,,,,,,,,,,,,,,,,,,,true,false,3,2022-04-01,2022-06-30,-1
2023-08-01,1945,2024-03-31,1,80000000000,0.012,,,,,3500000000,0.012,3500000000,0.263,,2500000000,,72.99,,,,,,,,,,,,,,,,,,,,,,true,true,12,2023-04-01,2024-03-31,0
2023-08-01,1945,2023-03-31,1,,,,,,,,,,,,,,,,,,,,108513000000,65938000000,0.611,,66259000000,,,,,,,,,,,,true,false,12,2022-04-01,2023-03-31,-1
2023-08-01,1945,2023-03-31,1,,,,,,,,,,,,,,,,,,,,,,,,,,,,,40.00,,,,37261752,3009235,,false,false,12,2022-04-01,2023-03-31,-1
2023-08-01,1945,2024-03-31,1,,,,,,,,,,,,,,,,,,,,,,,,,,,,,40.00,,,,,,,false,true,12,2023-04-01,2024-03-31,0
2023-08-01,1945,2024-03-31,1,,,,,,,,,,,,,,,,,,,,,,,,,,,,,,,,,37261752,3009256,34252502,false,false,3,2023-04-01,2023-06-30,0
2023-08-01,1945,2023-03-31,1,,,,,,,,,,,,,,,,,,,,,,,,,,,,,,,,,,,34234873,false,false,3,2022-04-01,2022-06-30,-1
2023-11-02,1945,2024-03-31,2,41344000000,0.095,,,,,1002000000,-0.289,1728000000,0.191,,818000000,,23.89,,,,,,107622000000,66929000000,0.622,,66929000000,,,,,,,,,,,,true,false,6,2023-04-01,2023-09-30,0
2023-11-02,1945,2023-03-31,2,37771000000,0.336,,,,,1410000000,6.967,1451000000,5.692,,886000000,,25.90,,,,,,,,,,,,,,,,,,,,,,true,false,6,2022-04-01,2022-09-30,-1
2023-11-02,1945,2024-03-31,2,80000000000,0.012,,,,,3500000000,0.012,3500000000,0.263,,2500000000,,72.99,,,,,,,,,,,,,,,,,,,,,,true,true,12,2023-04-01,2024-03-31,0
2023-11-02,1945,2023-03-31,2,,,,,,,,,,,,,,,,,,,,108513000000,65938000000,0.611,,66259000000,,,,,,,,,,,,true,false,12,2022-04-01,2023-03-31,-1
2023-11-02,1945,2023-03-31,2,,,,,,,,,,,,,,,,,,,,,,,,,,,,,40.00,,,,37261752,3009235,,false,false,12,2022-04-01,2023-03-31,-1
2023-11-02,1945,2024-03-31,2,,,,,,,,,,,,,,,,,,,,,,,,,,,,,20.00,,,,,,,false,false,12,2023-04-01,2024-03-31,0
2023-11-02,1945,2024-03-31,2,,,,,,,,,,,,,,,,,,,,,,,,,,,,,40.00,,,,,,,false,true,12,2023-04-01,2024-03-31,0
2023-11-02,1945,2024-03-31,2,,,,,,,,,,,,,,,,,,,,,,,,,,,,,,,,,37261752,2990776,34260454,false,false,6,2023-04-01,2023-09-30,0
2023-11-02,1945,2023-03-31,2,,,,,,,,,,,,,,,,,,,,,,,,,,,,,,,,,,,34242521,false,false,6,2022-04-01,2022-09-30,-1
2024-02-02,1945,2024-03-31,3,63648000000,0.113,,,,,2912000000,0.824,3735000000,2.322,,2111000000,,61.64,,,,,,109904000000,67884000000,0.618,,67884000000,,,,,,,,,,,,true,false,9,2023-04-01,2023-12-31,0
2024-02-02,1945,2023-03-31,3,57188000000,0.153,,,,,1596000000,0.260,1124000000,-0.148,,999000000,,29.19,,,,,,,,,,,,,,,,,,,,,,true,false,9,2022-04-01,2022-12-31,-1
2024-02-02,1945,2024-03-31,3,80000000000,0.012,,,,,3500000000,0.012,3500000000,0.263,,2500000000,,72.99,,,,,,,,,,,,,,,,,,,,,,true,true,12,2023-04-01,2024-03-31,0
2024-02-02,1945,2023-03-31,3,,,,,,,,,,,,,,,,,,,,108513000000,65938000000,0.611,,66259000000,,,,,,,,,,,,true,false,12,2022-04-01,2023-03-31,-1
2024-02-02,1945,2023-03-31,3,,,,,,,,,,,,,,,,,,,,,,,,,,,,,40.00,,,,37261752,3009235,,false,false,12,2022-04-01,2023-03-31,-1
2024-02-02,1945,2024-03-31,3,,,,,,,,,,,,,,,,,,,,,,,,,,,,,20.00,,,,,,,false,false,12,2023-04-01,2024-03-31,0
2024-02-02,1945,2024-03-31,3,,,,,,,,,,,,,,,,,,,,,,,,,,,,,40.00,,,,,,,false,true,12,2023-04-01,2024-03-31,0
2024-02-02,1945,2024-03-31,3,,,,,,,,,,,,,,,,,,,,,,,,,,,,,,,,,37261752,2990807,34263607,false,false,9,2023-04-01,2023-12-31,0
2024-02-02,1945,2023-03-31,3,,,,,,,,,,,,,,,,,,,,,,,,,,,,,,,,,,,34245556,false,false,9,2022-04-01,2022-12-31,-1
2024-04-11,19450,2024-03-31,,88400000000,0.105,,,,,3800000000,0.086,5100000000,0.457,,3000000000,,87.86,,,,,,,,,,,,,,,,,,,,,,true,true,12,2023-04-01,2024-03-31,0
2024-04-11,19450,2023-03-31,,79055000000,,,,,,3458000000,,2770000000,,,2120000000,,61.91,,,,,,,,,,,,,,,,,,,,,,true,false,12,2022-04-01,2023-03-31,-1
2024-04-11,19450,2024-03-31,,84700000000,0.114,,,,,3700000000,0.028,5000000000,0.351,2800000000,,0.000,82.00,,,,,,,,,,,,,,,45.00,,,,,,,false,true,12,2023-04-01,2024-03-31,0
2024-04-11,19450,2023-03-31,,79692000000,,,,,,4022000000,,3437000000,,2786000000,,,81.36,,,,,,,,,,,,,,,40.00,,,,,,,false,false,12,2022-04-01,2023-03-31,-1
2024-04-11,19450,2024-03-31,,,,,,,,,,,,,,,,,,,,,,,,,,,,,,20.00,,,,,,,false,false,12,2023-04-01,2024-03-31,0
2024-05-08,1945,2024-03-31,,88467000000,0.119,,,,,3959000000,0.145,5212000000,0.881,,2960000000,,86.70,,0.044,0.048,0.045,,107471000000,68548000000,0.638,2047.26,68548000000,8503000000,-5126000000,-4446000000,12158000000,,0.519,,,,,,true,false,12,2023-04-01,2024-03-31,0
2024-05-08,1945,2023-03-31,,79055000000,0.089,,,,,3458000000,0.095,2770000000,-0.150,,2120000000,,61.91,,0.032,0.026,0.044,,108513000000,65938000000,0.611,1934.43,66259000000,8143000000,-3119000000,-656000000,13175000000,,0.646,,,,,,true,false,12,2022-04-01,2023-03-31,-1
2024-05-08,1945,2025-03-31,,90000000000,0.017,,,,,3200000000,-0.192,3600000000,-0.309,,3000000000,,89.60,,,,,,,,,,,,,,,,0.580,,,,,,true,true,12,2024-04-01,2025-03-31,1
2024-05-08,1945,2024-03-31,,84756000000,0.064,,,,,3759000000,-0.066,5115000000,0.488,2832000000,,0.017,82.96,,,,,,103907000000,66355000000,0.639,1981.76,66355000000,,,,,45.00,,,,34973752,1490807,34144070,false,false,12,2023-04-01,2024-03-31,0
2024-05-08,1945,2023-03-31,,79692000000,0.028,,,,,4022000000,0.325,3437000000,0.069,2786000000,,1.170,81.36,,,,,,105292000000,64226000000,0.610,1875.09,64226000000,,,,,40.00,,,,37261752,3009235,34247167,false,false,12,2022-04-01,2023-03-31,-1
2024-05-08,1945,2025-03-31,,84000000000,-0.009,,,,,2800000000,-0.255,3300000000,-0.355,2800000000,,-0.012,83.62,,,,,,,,,,,,,,,52.00,,,,,,,false,true,12,2024-04-01,2025-03-31,1
2024-08-06,1945,2025-03-31,1,14895000000,-0.266,,,,,-367000000,,262000000,-0.684,,712000000,,21.29,,,,,,98841000000,68174000000,0.690,,68174000000,,,,,,,,,,,,true,false,3,2024-04-01,2024-06-30,0
2024-08-06,1945,2024-03-31,1,20295000000,0.068,,,,,376000000,-0.309,828000000,0.375,,231000000,,6.76,,,,,,,,,,,,,,,,,,,,,,true,false,3,2023-04-01,2023-06-30,-1
2024-08-06,1945,2025-03-31,1,90000000000,0.017,,,,,3200000000,-0.192,3600000000,-0.309,,3000000000,,89.60,,,,,,,,,,,,,,,,,,,,,,true,true,12,2024-04-01,2025-03-31,0
2024-08-06,1945,2024-03-31,1,,,,,,,,,,,,,,,,,,,,107471000000,68548000000,0.638,,68548000000,,,,,,,,,,,,true,false,12,2023-04-01,2024-03-31,-1
2024-08-06,1945,2024-03-31,1,,,,,,,,,,,,,,,,,,,,,,,,,,,,,45.00,,,,34973752,1490807,,false,false,12,2023-04-01,2024-03-31,-1
2024-08-06,1945,2025-03-31,1,,,,,,,,,,,,,,,,,,,,,,,,,,,,,52.00,,,,,,,false,true,12,2024-04-01,2025-03-31,0
2024-08-06,1945,2025-03-31,1,,,,,,,,,,,,,,,,,,,,,,,,,,,,,,,,,34973752,1490915,33482898,false,false,3,2024-04-01,2024-06-30,0
2024-08-06,1945,2024-03-31,1,,,,,,,,,,,,,,,,,,,,,,,,,,,,,,,,,,,34252502,false,false,3,2023-04-01,2023-06-30,-1
2024-11-05,1945,2025-03-31,2,30541000000,-0.261,,,,,-249000000,,243000000,-0.859,,630000000,,18.82,,,,,,95395000000,67518000000,0.708,,67518000000,,,,,,,,,,,,true,false,6,2024-04-01,2024-09-30,0
2024-11-05,1945,2024-03-31,2,41344000000,0.095,,,,,1002000000,-0.289,1728000000,0.191,,818000000,,23.89,,,,,,,,,,,,,,,,,,,,,,true,false,6,2023-04-01,2023-09-30,-1
2024-11-05,1945,2025-03-31,2,68000000000,-0.231,,,,,1000000000,-0.747,1500000000,-0.712,,1500000000,,44.78,,,,,,,,,,,,,,,,,,,,,,true,true,12,2024-04-01,2025-03-31,0
2024-11-05,1945,2024-03-31,2,,,,,,,,,,,,,,,,,,,,107471000000,68548000000,0.638,,68548000000,,,,,,,,,,,,true,false,12,2023-04-01,2024-03-31,-1
2024-11-05,1945,2024-03-31,2,,,,,,,,,,,,,,,,,,,,,,,,,,,,,45.00,,,,34973752,1490807,,false,false,12,2023-04-01,2024-03-31,-1
2024-11-05,1945,2025-03-31,2,,,,,,,,,,,,,,,,,,,,,,,,,,,,,26.00,,,,,,,false,false,12,2024-04-01,2025-03-31,0
2024-11-05,1945,2025-03-31,2,,,,,,,,,,,,,,,,,,,,,,,,,,,,,52.00,,,,,,,false,true,12,2024-04-01,2025-03-31,0
2024-11-05,1945,2025-03-31,2,,,,,,,,,,,,,,,,,,,,,,,,,,,,,,,,,34973752,1465115,33493929,false,false,6,2024-04-01,2024-09-30,0
2024-11-05,1945,2024-03-31,2,,,,,,,,,,,,,,,,,,,,,,,,,,,,,,,,,,,34260454,false,false,6,2023-04-01,2023-09-30,-1
2024-11-05,19450,2025-03-31,,68000000000,-0.244,,,,,1000000000,-0.688,1500000000,-0.583,,1500000000,,44.78,,,,,,,,,,,,,,,,,,,,,,true,true,12,2024-04-01,2025-03-31,0
2024-11-05,19450,2024-03-31,,88467000000,,,,,,3959000000,,5212000000,,,2960000000,,86.70,,,,,,,,,,,,,,,,,,,,,,true,false,12,2023-04-01,2024-03-31,-1
2024-11-05,19450,2025-03-31,,63000000000,-0.250,,,,,700000000,-0.750,1200000000,-0.636,1300000000,,-0.536,38.81,,,,,,,,,,,,,,,,,,,,,,false,true,12,2024-04-01,2025-03-31,0
2024-11-05,19450,2024-03-31,,84756000000,,,,,,3759000000,,5115000000,,2832000000,,,82.96,,,,,,,,,,,,,,,,,,,,,,false,false,12,2023-04-01,2024-03-31,-1
2025-02-14,1945,2025-03-31,3,46462000000,-0.270,,,,,-12000000,,611000000,-0.836,,1091000000,,32.59,,,,,,102770000000,66833000000,0.650,,66833000000,,,,,,,,,,,,true,false,9,2024-04-01,2024-12-31,0
2025-02-14,1945,2024-03-31,3,63648000000,0.113,,,,,2912000000,0.824,3735000000,2.322,,2111000000,,61.64,,,,,,,,,,,,,,,,,,,,,,true,false,9,2023-04-01,2023-12-31,-1
2025-02-14,1945,2025-03-31,3,68000000000,-0.231,,,,,1000000000,-0.747,1500000000,-0.712,,1500000000,,44.78,,,,,,,,,,,,,,,,,,,,,,true,true,12,2024-04-01,2025-03-31,0
2025-02-14,1945,2024-03-31,3,,,,,,,,,,,,,,,,,,,,107471000000,68548000000,0.638,,68548000000,,,,,,,,,,,,true,false,12,2023-04-01,2024-03-31,-1
2025-02-14,1945,2024-03-31,3,,,,,,,,,,,,,,,,,,,,,,,,,,,,,45.00,,,,34973752,1490807,,false,false,12,2023-04-01,2024-03-31,-1
2025-02-14,1945,2025-03-31,3,,,,,,,,,,,,,,,,,,,,,,,,,,,,,26.00,,,,,,,false,false,12,2024-04-01,2025-03-31,0
2025-02-14,1945,2025-03-31,3,,,,,,,,,,,,,,,,,,,,,,,,,,,,,52.00,,,,,,,false,true,12,2024-04-01,2025-03-31,0
2025-02-14,1945,2025-03-31,3,,,,,,,,,,,,,,,,,,,,,,,,,,,,,,,,,34973752,1465115,33498342,false,false,9,2024-04-01,2024-12-31,0
2025-02-14,1945,2024-03-31,3,,,,,,,,,,,,,,,,,,,,,,,,,,,,,,,,,,,34263607,false,false,9,2023-04-01,2023-12-31,-1
2025-04-23,19450,2025-03-31,,67700000000,-0.004,,,,,2600000000,1.600,3300000000,1.200,,2900000000,,86.64,,,,,,,,,,,,,,,,,,,,,,true,true,12,2024-04-01,2025-03-31,0
2025-04-23,19450,2024-03-31,,88467000000,,,,,,3959000000,,5212000000,,,2960000000,,86.70,,,,,,,,,,,,,,,,,,,,,,true,false,12,2023-04-01,2024-03-31,-1
2025-04-23,19450,2025-03-31,,63000000000,0.000,,,,,2300000000,2.286,3000000000,1.500,2700000000,,1.077,80.67,,,,,,,,,,,,,,,,,,,,,,false,true,12,2024-04-01,2025-03-31,0
2025-04-23,19450,2024-03-31,,84756000000,,,,,,3759000000,,5115000000,,2832000000,,,82.96,,,,,,,,,,,,,,,,,,,,,,false,false,12,2023-04-01,2024-03-31,-1
2025-05-12,1945,2025-03-31,,67722000000,-0.235,,,,,2665000000,-0.327,3342000000,-0.359,,2900000000,,86.65,,0.042,0.031,0.039,,108081000000,68427000000,0.633,2054.31,68427000000,-15229000000,-90000000,10655000000,7648000000,,0.600,,,,,,true,false,12,2024-04-01,2025-03-31,0
2025-05-12,1945,2024-03-31,,88467000000,0.119,,,,,3959000000,0.145,5212000000,0.881,,2960000000,,86.70,,0.044,0.048,0.045,,107471000000,68548000000,0.638,2047.26,68548000000,8503000000,-5126000000,-4446000000,12158000000,,0.519,,,,,,true,false,12,2023-04-01,2024-03-31,-1
2025-05-12,1945,2026-03-31,,82000000000,0.211,,,,,3900000000,0.463,4100000000,0.227,,3400000000,,102.07,,,,,,,,,,,,,,,,0.558,,,,,,true,true,12,2025-04-01,2026-03-31,1
2025-05-12,1945,2025-03-31,,63033000000,-0.256,,,,,2318000000,-0.383,3043000000,-0.405,2741000000,,-0.032,81.92,,,,,,104272000000,65961000000,0.633,1980.26,65961000000,,,,,52.00,,,,34973752,1664412,33470079,false,false,12,2024-04-01,2025-03-31,0
2025-05-12,1945,2024-03-31,,84756000000,0.064,,,,,3759000000,-0.066,5115000000,0.488,2832000000,,0.017,82.96,,,,,,103907000000,66355000000,0.639,1981.76,66355000000,,,,,45.00,,,,34973752,1490807,34144070,false,false,12,2023-04-01,2024-03-31,-1
2025-05-12,1945,2026-03-31,,77000000000,0.222,,,,,3400000000,0.466,3600000000,0.183,3000000000,,0.094,90.06,,,,,,,,,,,,,,,57.00,,,,,,,false,true,12,2025-04-01,2026-03-31,1
