filing_date,code,fiscal_year_end,quarterly_period,net_sales,net_sales_change,revenue,revenue_change,operating_revenue,operating_revenue_change,operating_profit,operating_profit_change,ordinary_profit,ordinary_profit_change,net_income,net_income_of_parent,net_income_change,eps,diluted_eps,roe,roa,operating_profit_to_net_sales,operating_profit_to_revenue,total_assets,net_assets,equity_ratio,bps,owner_equity,operating_cash_flow,investing_cash_flow,financing_cash_flow,cash,dividend_per_share,payout_ratio,commemorative_dividend,extra_dividend,number_of_shares,number_of_treqsury_shares,avg_number_of_shares,is_consolidated,is_forecast,duration,period_start,period_end,period_pos
2015-07-31,19460,2016-03-31,1,46371000000,0.159,,,,,1858000000,2.995,1944000000,2.725,,1305000000,,13.94,,,,,,178686000000,88306000000,0.494,943.48,88305000000,,,,,,,,,,,,true,false,3,2015-04-01,2015-06-30,0
2015-07-31,19460,2015-03-31,1,39993000000,-0.050,,,,,465000000,-0.382,521000000,-0.379,,261000000,,2.79,,,,,,,,,,,,,,,,,,,,,,true,false,3,2014-04-01,2014-06-30,-1
2015-07-31,19460,2016-03-31,1,97000000000,0.122,,,,,3300000000,0.564,3300000000,0.547,,2200000000,,23.50,,,,,,,,,,,,,,,,,,,,,,true,true,6,2015-04-01,2015-09-30,0
2015-07-31,19460,2016-03-31,1,205000000000,0.048,,,,,4600000000,-0.340,4700000000,-0.336,,2800000000,,29.92,,,,,,,,,,,,,,,,,,,,,,true,true,12,2015-04-01,2016-03-31,0
2015-07-31,19460,2015-03-31,1,,,,,,,,,,,,,,,,,,,,191661000000,86806000000,0.453,927.38,86803000000,,,,,,,,,,,,true,false,12,2014-04-01,2015-03-31,-1
2015-07-31,19460,2015-03-31,1,,,,,,,,,,,,,,,,,,,,,,,,,,,,,12.00,,,,96649954,3049573,,false,false,12,2014-04-01,2015-03-31,-1
2015-07-31,19460,2016-03-31,1,,,,,,,,,,,,,,,,,,,,,,,,,,,,,10.00,,,,,,,false,true,12,2015-04-01,2016-03-31,0
2015-07-31,19460,2016-03-31,1,,,,,,,,,,,,,,,,,,,,,,,,,,,,,,,,,96649954,3053689,93598262,false,false,3,2015-04-01,2015-06-30,0
2015-07-31,19460,2015-03-31,1,,,,,,,,,,,,,,,,,,,,,,,,,,,,,,,,,,,93616942,false,false,3,2014-04-01,2014-06-30,-1
2015-07-31,19460,2016-03-31,,97000000000,0.010,,,,,3300000000,0.941,3300000000,0.833,,2200000000,,23.50,,,,,,,,,,,,,,,,,,,,,,true,true,6,2015-04-01,2015-09-30,0
2015-07-31,19460,2015-03-31,,86485000000,,,,,,2109000000,,2133000000,,,1355000000,,14.48,,,,,,,,,,,,,,,,,,,,,,true,false,6,2014-04-01,2014-09-30,-1
2015-07-31,19460,2016-03-31,,94000000000,0.011,,,,,3000000000,1.143,3000000000,1.000,2000000000,,1.000,21.37,,,,,,,,,,,,,,,,,,,,,,false,true,6,2015-04-01,2015-09-30,0
2015-07-31,19460,2015-03-31,,84104000000,,,,,,1814000000,,2047000000,,1409000000,,,15.05,,,,,,,,,,,,,,,,,,,,,,false,false,6,2014-04-01,2014-09-30,-1
2015-10-30,19460,2016-03-31,2,94772000000,0.096,,,,,4503000000,1.135,4434000000,1.078,,2858000000,,30.55,,,,,,178170000000,89050000000,0.500,951.28,89030000000,,,,,,,,,,,,true,false,6,2015-04-01,2015-09-30,0
2015-10-30,19460,2015-03-31,2,86485000000,-0.072,,,,,2109000000,-0.433,2133000000,-0.446,,1355000000,,14.48,,,,,,,,,,,,,,,,,,,,,,true,false,6,2014-04-01,2014-09-30,-1
2015-10-30,19460,2016-03-31,2,202000000000,0.033,,,,,6600000000,-0.053,6800000000,-0.039,,4200000000,,44.87,,,,,,,,,,,,,,,,,,,,,,true,true,12,2015-04-01,2016-03-31,0
2015-10-30,19460,2015-03-31,2,,,,,,,,,,,,,,,,,,,,191661000000,86806000000,0.453,927.38,86803000000,,,,,,,,,,,,true,false,12,2014-04-01,2015-03-31,-1
2015-10-30,19460,2015-03-31,2,,,,,,,,,,,,,,,,,,,,,,,,,,,,,12.00,,,,96649954,3049573,,false,false,12,2014-04-01,2015-03-31,-1
2015-10-30,19460,2016-03-31,2,,,,,,,,,,,,,,,,,,,,,,,,,,,,,5.00,,,,,,,false,false,12,2015-04-01,2016-03-31,0
2015-10-30,19460,2016-03-31,2,,,,,,,,,,,,,,,,,,,,,,,,,,,,,10.00,,,,,,,false,true,12,2015-04-01,2016-03-31,0
2015-10-30,19460,2016-03-31,2,,,,,,,,,,,,,,,,,,,,,,,,,,,,,,,,,96649954,3060155,93594820,false,false,6,2015-04-01,2015-09-30,0
2015-10-30,19460,2015-03-31,2,,,,,,,,,,,,,,,,,,,,,,,,,,,,,,,,,,,93613088,false,false,6,2014-04-01,2014-09-30,-1
2015-10-30,19460,2016-03-31,,94772000000,-0.023,,,,,4503000000,0.365,4434000000,0.344,,2858000000,,30.55,,,,,,,,,,,,,,,,,,,,,,true,true,6,2015-04-01,2015-09-30,0
2015-10-30,19460,2015-03-31,,86485000000,,,,,,2109000000,,2133000000,,,1355000000,,14.48,,,,,,,,,,,,,,,,,,,,,,true,false,6,2014-04-01,2014-09-30,-1
2015-10-30,19460,2016-03-31,,202000000000,-0.015,,,,,6600000000,0.435,6800000000,0.447,,4200000000,,44.87,,,,,,,,,,,,,,,,,,,,,,true,true,12,2015-04-01,2016-03-31,0
2015-10-30,19460,2015-03-31,,195574000000,,,,,,6972000000,,7077000000,,,3490000000,,37.29,,,,,,,,,,,,,,,,,,,,,,true,false,12,2014-04-01,2015-03-31,-1
2015-10-30,19460,2016-03-31,,92409000000,-0.017,,,,,4250000000,0.417,4305000000,0.435,2816000000,,0.408,30.09,,,,,,,,,,,,,,,,,,,,,,false,true,6,2015-04-01,2015-09-30,0
2015-10-30,19460,2015-03-31,,84104000000,,,,,,1814000000,,2047000000,,1409000000,,,15.05,,,,,,,,,,,,,,,,,,,,,,false,false,6,2014-04-01,2014-09-30,-1
2015-10-30,19460,2016-03-31,,194000000000,-0.015,,,6000000000,0.500,,,6100000000,0.525,3800000000,,0.583,40.60,,,,,,,,,,,,,,,,,,,,,,false,true,12,2015-04-01,2016-03-31,0
2015-10-30,19460,2015-03-31,,190791000000,,,,6353000000,,,,6682000000,,3431000000,,,36.66,,,,,,,,,,,,,,,,,,,,,,false,false,12,2014-04-01,2015-03-31,-1
2016-01-28,19460,2016-03-31,3,142454000000,0.065,,,,,6955000000,0.806,7047000000,0.772,,4481000000,,47.88,,,,,,179456000000,91065000000,0.507,973.11,91065000000,,,,,,,,,,,,true,false,9,2015-04-01,2015-12-31,0
2016-01-28,19460,2015-03-31,3,133703000000,-0.051,,,,,3851000000,-0.242,3977000000,-0.246,,2490000000,,26.60,,,,,,,,,,,,,,,,,,,,,,true,false,9,2014-04-01,2014-12-31,-1
2016-01-28,19460,2016-03-31,3,202000000000,0.033,,,,,6600000000,-0.053,6800000000,-0.039,,4200000000,,44.88,,,,,,,,,,,,,,,,,,,,,,true,true,12,2015-04-01,2016-03-31,0
2016-01-28,19460,2015-03-31,3,,,,,,,,,,,,,,,,,,,,191661000000,86806000000,0.453,927.38,86803000000,,,,,,,,,,,,true,false,12,2014-04-01,2015-03-31,-1
2016-01-28,19460,2015-03-31,3,,,,,,,,,,,,,,,,,,,,,,,,,,,,,12.00,,,,96649954,3049573,,false,false,12,2014-04-01,2015-03-31,-1
2016-01-28,19460,2016-03-31,3,,,,,,,,,,,,,,,,,,,,,,,,,,,,,5.00,,,,,,,false,false,12,2015-04-01,2016-03-31,0
2016-01-28,19460,2016-03-31,3,,,,,,,,,,,,,,,,,,,,,,,,,,,,,10.00,,,,,,,false,true,12,2015-04-01,2016-03-31,0
2016-01-28,19460,2016-03-31,3,,,,,,,,,,,,,,,,,,,,,,,,,,,,,,,,,96649954,3068607,93591628,false,false,9,2015-04-01,2015-12-31,0
2016-01-28,19460,2015-03-31,3,,,,,,,,,,,,,,,,,,,,,,,,,,,,,,,,,,,93610591,false,false,9,2014-04-01,2014-12-31,-1
2016-04-28,19460,2016-03-31,,198242000000,0.014,,,,,8117000000,0.164,8209000000,0.160,,4442000000,,47.47,,0.052,0.042,0.041,,198015000000,82754000000,0.418,884.32,82754000000,236000000,-7597000000,-2487000000,32296000000,,0.295,,,,,,true,false,12,2015-04-01,2016-03-31,0
2016-04-28,19460,2015-03-31,,195574000000,-0.012,,,,,6972000000,0.137,7077000000,0.102,,3490000000,,37.29,,0.042,0.038,0.036,,191661000000,86806000000,0.453,927.38,86803000000,16843000000,-853000000,-3721000000,42252000000,,0.322,,,,,,true,false,12,2014-04-01,2015-03-31,-1
2016-04-28,19460,2017-03-31,,95000000000,0.002,,,,,2100000000,-0.534,2200000000,-0.504,,1400000000,,14.96,,,,,,,,,,,,,,,,,,,,,,true,true,6,2016-04-01,2016-09-30,1
2016-04-28,19460,2017-03-31,,204000000000,0.029,,,,,5100000000,-0.372,5400000000,-0.342,,3300000000,,35.26,,,,,,,,,,,,,,,,0.312,,,,,,true,true,12,2016-04-01,2017-03-31,1
2016-04-28,19460,2016-03-31,,192927000000,0.011,,,,,7394000000,0.164,7484000000,0.120,4077000000,,0.188,43.57,,,,,,173555000000,78334000000,0.451,837.09,78334000000,,,,,14.00,,,,96649954,3070113,93588750,false,false,12,2015-04-01,2016-03-31,0
2016-04-28,19460,2015-03-31,,190791000000,-0.005,,,,,6353000000,0.228,6682000000,0.212,3431000000,,0.194,36.66,,,,,,175551000000,75674000000,0.431,808.48,75674000000,,,,,12.00,,,,96649954,3049573,93608266,false,false,12,2014-04-01,2015-03-31,-1
2016-04-28,19460,2017-03-31,,86000000000,-0.069,,,,,1800000000,-0.577,1900000000,-0.559,1200000000,,-0.574,12.82,,,,,,,,,,,,,,,,,,,,,,false,true,6,2016-04-01,2016-09-30,1
2016-04-28,19460,2017-03-31,,185000000000,-0.041,,,,,4500000000,-0.391,4700000000,-0.372,3000000000,,-0.264,32.06,,,,,,,,,,,,,,,11.00,,,,,,,false,true,12,2016-04-01,2017-03-31,1
2016-07-29,19460,2017-03-31,1,42982000000,-0.073,,,,,842000000,-0.546,797000000,-0.590,,420000000,,4.50,,,,,,185318000000,82018000000,0.443,876.46,82018000000,,,,,,,,,,,,true,false,3,2016-04-01,2016-06-30,0
2016-07-29,19460,2016-03-31,1,46371000000,0.159,,,,,1858000000,2.995,1944000000,2.725,,1305000000,,13.94,,,,,,,,,,,,,,,,,,,,,,true,false,3,2015-04-01,2015-06-30,-1
2016-07-29,19460,2017-03-31,1,95000000000,0.002,,,,,2100000000,-0.534,2200000000,-0.504,,1400000000,,14.96,,,,,,,,,,,,,,,,,,,,,,true,true,6,2016-04-01,2016-09-30,0
2016-07-29,19460,2017-03-31,1,204000000000,0.029,,,,,5100000000,-0.372,5400000000,-0.342,,3300000000,,35.26,,,,,,,,,,,,,,,,,,,,,,true,true,12,2016-04-01,2017-03-31,0
2016-07-29,19460,2016-03-31,1,,,,,,,,,,,,,,,,,,,,198015000000,82754000000,0.418,884.32,82754000000,,,,,,,,,,,,true,false,12,2015-04-01,2016-03-31,-1
2016-07-29,19460,2016-03-31,1,,,,,,,,,,,,,,,,,,,,,,,,,,,,,14.00,,,,96649954,3070113,,false,false,12,2015-04-01,2016-03-31,-1
2016-07-29,19460,2017-03-31,1,,,,,,,,,,,,,,,,,,,,,,,,,,,,,11.00,,,,,,,false,true,12,2016-04-01,2017-03-31,0
2016-07-29,19460,2017-03-31,1,,,,,,,,,,,,,,,,,,,,,,,,,,,,,,,,,96649954,3070686,93579569,false,false,3,2016-04-01,2016-06-30,0
2016-07-29,19460,2016-03-31,1,,,,,,,,,,,,,,,,,,,,,,,,,,,,,,,,,,,93598262,false,false,3,2015-04-01,2015-06-30,-1
2016-10-28,19460,2017-03-31,2,88999000000,-0.061,,,,,2754000000,-0.388,2740000000,-0.382,,1707000000,,18.25,,,,,,191580000000,83819000000,0.438,895.71,83819000000,,,,,,,,,,,,true,false,6,2016-04-01,2016-09-30,0
2016-10-28,19460,2016-03-31,2,94772000000,0.096,,,,,4503000000,1.135,4434000000,1.078,,2858000000,,30.55,,,,,,,,,,,,,,,,,,,,,,true,false,6,2015-04-01,2015-09-30,-1
2016-10-28,19460,2017-03-31,2,204000000000,0.029,,,,,5100000000,-0.372,5400000000,-0.342,,3300000000,,35.26,,,,,,,,,,,,,,,,,,,,,,true,true,12,2016-04-01,2017-03-31,0
2016-10-28,19460,2016-03-31,2,,,,,,,,,,,,,,,,,,,,198015000000,82754000000,0.418,884.32,82754000000,,,,,,,,,,,,true,false,12,2015-04-01,2016-03-31,-1
2016-10-28,19460,2016-03-31,2,,,,,,,,,,,,,,,,,,,,,,,,,,,,,14.00,,,,96649954,3070113,,false,false,12,2015-04-01,2016-03-31,-1
2016-10-28,19460,2017-03-31,2,,,,,,,,,,,,,,,,,,,,,,,,,,,,,5.00,,,,,,,false,false,12,2016-04-01,2017-03-31,0
2016-10-28,19460,2017-03-31,2,,,,,,,,,,,,,,,,,,,,,,,,,,,,,11.00,,,,,,,false,true,12,2016-04-01,2017-03-31,0
2016-10-28,19460,2017-03-31,2,,,,,,,,,,,,,,,,,,,,,,,,,,,,,,,,,96649954,3071638,93579073,false,false,6,2016-04-01,2016-09-30,0
2016-10-28,19460,2016-03-31,2,,,,,,,,,,,,,,,,,,,,,,,,,,,,,,,,,,,93594820,false,false,6,2015-04-01,2015-09-30,-1
2017-01-31,19460,2017-03-31,3,135936000000,-0.046,,,,,4347000000,-0.375,4442000000,-0.370,,2762000000,,29.52,,,,,,203342000000,85438000000,0.420,913.53,85438000000,,,,,,,,,,,,true,false,9,2016-04-01,2016-12-31,0
2017-01-31,19460,2016-03-31,3,142454000000,0.065,,,,,6955000000,0.806,7047000000,0.772,,4481000000,,47.88,,,,,,,,,,,,,,,,,,,,,,true,false,9,2015-04-01,2015-12-31,-1
2017-01-31,19460,2017-03-31,3,204000000000,0.029,,,,,5100000000,-0.372,5400000000,-0.342,,3300000000,,35.27,,,,,,,,,,,,,,,,,,,,,,true,true,12,2016-04-01,2017-03-31,0
2017-01-31,19460,2016-03-31,3,,,,,,,,,,,,,,,,,,,,198015000000,82754000000,0.418,884.32,82754000000,,,,,,,,,,,,true,false,12,2015-04-01,2016-03-31,-1
2017-01-31,19460,2016-03-31,3,,,,,,,,,,,,,,,,,,,,,,,,,,,,,14.00,,,,96649954,3070113,,false,false,12,2015-04-01,2016-03-31,-1
2017-01-31,19460,2017-03-31,3,,,,,,,,,,,,,,,,,,,,,,,,,,,,,5.00,,,,,,,false,false,12,2016-04-01,2017-03-31,0
2017-01-31,19460,2017-03-31,3,,,,,,,,,,,,,,,,,,,,,,,,,,,,,11.00,,,,,,,false,true,12,2016-04-01,2017-03-31,0
2017-01-31,19460,2017-03-31,3,,,,,,,,,,,,,,,,,,,,,,,,,,,,,,,,,96649954,3124497,93572836,false,false,9,2016-04-01,2016-12-31,0
2017-01-31,19460,2016-03-31,3,,,,,,,,,,,,,,,,,,,,,,,,,,,,,,,,,,,93591628,false,false,9,2015-04-01,2015-12-31,-1
2017-04-20,19460,2017-03-31,,197800000000,-0.030,,,,,7720000000,0.514,7910000000,0.465,,5170000000,,55.26,,,,,,,,,,,,,,,,,,,,,,true,true,12,2016-04-01,2017-03-31,0
2017-04-20,19460,2016-03-31,,198242000000,,,,,,8117000000,,8209000000,,,4442000000,,47.47,,,,,,,,,,,,,,,,,,,,,,true,false,12,2015-04-01,2016-03-31,-1
2017-04-20,19460,2017-03-31,,180500000000,-0.024,,,,,6450000000,0.433,6610000000,0.406,4430000000,,0.477,47.35,,,,,,,,,,,,,,,17.00,,,,,,,false,true,12,2016-04-01,2017-03-31,0
2017-04-20,19460,2016-03-31,,192927000000,,,,,,7394000000,,7484000000,,4077000000,,,43.57,,,,,,,,,,,,,,,14.00,,,,,,,false,false,12,2015-04-01,2016-03-31,-1
2017-04-20,19460,2017-03-31,,,,,,,,,,,,,,,,,,,,,,,,,,,,,,5.00,,,,,,,false,false,12,2016-04-01,2017-03-31,0
2017-04-28,19460,2017-03-31,,197842000000,-0.002,,,,,7716000000,-0.049,7906000000,-0.037,,5170000000,,55.27,,0.061,0.039,0.039,,208923000000,88110000000,0.422,942.25,88110000000,8915000000,-13533000000,9921000000,37572000000,,0.308,,,,,,true,false,12,2016-04-01,2017-03-31,0
2017-04-28,19460,2016-03-31,,198242000000,0.014,,,,,8117000000,0.164,8209000000,0.160,,4442000000,,47.47,,0.052,0.042,0.041,,198015000000,82754000000,0.418,884.32,82754000000,236000000,-7597000000,-2487000000,32296000000,,0.295,,,,,,true,false,12,2015-04-01,2016-03-31,-1
2017-04-28,19460,2018-03-31,,96000000000,0.079,,,,,2300000000,-0.165,2300000000,-0.161,,1600000000,,17.11,,,,,,,,,,,,,,,,,,,,,,true,true,6,2017-04-01,2017-09-30,1
2017-04-28,19460,2018-03-31,,205000000000,0.036,,,,,6200000000,-0.197,6200000000,-0.216,,4000000000,,213.88,,,,,,,,,,,,,,,,0.304,,,,,,true,true,12,2017-04-01,2018-03-31,1
2017-04-28,19460,2017-03-31,,180461000000,-0.065,,,,,6452000000,-0.127,6612000000,-0.116,4428000000,,0.086,47.34,,,,,,183728000000,81891000000,0.446,875.75,81891000000,,,,,17.00,,,,96649954,3139834,93558005,false,false,12,2016-04-01,2017-03-31,0
2017-04-28,19460,2016-03-31,,192927000000,0.011,,,,,7394000000,0.164,7484000000,0.120,4077000000,,0.188,43.57,,,,,,173555000000,78334000000,0.451,837.09,78334000000,,,,,14.00,,,,96649954,3070113,93588750,false,false,12,2015-04-01,2016-03-31,-1
2017-04-28,19460,2018-03-31,,91000000000,0.084,,,,,2200000000,-0.225,2200000000,-0.252,1500000000,,-0.246,16.04,,,,,,,,,,,,,,,,,,,,,,false,true,6,2017-04-01,2017-09-30,1
2017-04-28,19460,2018-03-31,,188000000000,0.042,,,,,5200000000,-0.194,5100000000,-0.229,3300000000,,-0.255,176.45,,,,,,,,,,,,,,,35.00,,,,,,,false,true,12,2017-04-01,2018-03-31,1
2017-07-28,19460,2018-03-31,1,43531000000,0.013,,,,,1034000000,0.228,1057000000,0.325,,613000000,,6.56,,,,,,202605000000,87898000000,0.434,940.07,87898000000,,,,,,,,,,,,true,false,3,2017-04-01,2017-06-30,0
2017-07-28,19460,2017-03-31,1,42982000000,-0.073,,,,,842000000,-0.546,797000000,-0.590,,420000000,,4.50,,,,,,,,,,,,,,,,,,,,,,true,false,3,2016-04-01,2016-06-30,-1
2017-07-28,19460,2018-03-31,1,96000000000,0.079,,,,,2300000000,-0.165,2300000000,-0.161,,1600000000,,17.11,,,,,,,,,,,,,,,,,,,,,,true,true,6,2017-04-01,2017-09-30,0
2017-07-28,19460,2018-03-31,1,205000000000,0.036,,,,,6200000000,-0.197,6200000000,-0.216,,4000000000,,213.90,,,,,,,,,,,,,,,,,,,,,,true,true,12,2017-04-01,2018-03-31,0
2017-07-28,19460,2017-03-31,1,,,,,,,,,,,,,,,,,,,,208923000000,88110000000,0.422,942.25,88110000000,,,,,,,,,,,,true,false,12,2016-04-01,2017-03-31,-1
2017-07-28,19460,2017-03-31,1,,,,,,,,,,,,,,,,,,,,,,,,,,,,,17.00,,,,96649954,3139834,,false,false,12,2016-04-01,2017-03-31,-1
2017-07-28,19460,2018-03-31,1,,,,,,,,,,,,,,,,,,,,,,,,,,,,,35.00,,,,,,,false,true,12,2017-04-01,2018-03-31,0
2017-07-28,19460,2018-03-31,1,,,,,,,,,,,,,,,,,,,,,,,,,,,,,,,,,96649954,3147225,93505636,false,false,3,2017-04-01,2017-06-30,0
2017-07-28,19460,2017-03-31,1,,,,,,,,,,,,,,,,,,,,,,,,,,,,,,,,,,,93579569,false,false,3,2016-04-01,2016-06-30,-1
2017-10-27,19460,2018-03-31,2,94724000000,0.064,,,,,2900000000,0.053,2819000000,0.029,,1766000000,,94.45,,,,,,209441000000,89537000000,0.428,4788.21,89537000000,,,,,,,,,,,,true,false,6,2017-04-01,2017-09-30,0
2017-10-27,19460,2017-03-31,2,88999000000,-0.061,,,,,2754000000,-0.388,2740000000,-0.382,,1707000000,,91.25,,,,,,,,,,,,,,,,,,,,,,true,false,6,2016-04-01,2016-09-30,-1
2017-10-27,19460,2018-03-31,2,205000000000,0.036,,,,,6200000000,-0.197,6200000000,-0.216,,4000000000,,213.90,,,,,,,,,,,,,,,,,,,,,,true,true,12,2017-04-01,2018-03-31,0
2017-10-27,19460,2017-03-31,2,,,,,,,,,,,,,,,,,,,,208923000000,88110000000,0.422,4711.26,88110000000,,,,,,,,,,,,true,false,12,2016-04-01,2017-03-31,-1
2017-10-27,19460,2017-03-31,2,,,,,,,,,,,,,,,,,,,,,,,,,,,,,17.00,,,,19329990,627966,,false,false,12,2016-04-01,2017-03-31,-1
2017-10-27,19460,2018-03-31,2,,,,,,,,,,,,,,,,,,,,,,,,,,,,,6.00,,,,,,,false,false,12,2017-04-01,2018-03-31,0
2017-10-27,19460,2018-03-31,2,,,,,,,,,,,,,,,,,,,,,,,,,,,,,35.00,,,,,,,false,true,12,2017-04-01,2018-03-31,0
2017-10-27,19460,2018-03-31,2,,,,,,,,,,,,,,,,,,,,,,,,,,,,,,,,,19329990,630491,18700485,false,false,6,2017-04-01,2017-09-30,0
2017-10-27,19460,2017-03-31,2,,,,,,,,,,,,,,,,,,,,,,,,,,,,,,,,,,,18715814,false,false,6,2016-04-01,2016-09-30,-1
2018-01-31,19460,2018-03-31,3,144955000000,0.066,,,,,4730000000,0.088,4600000000,0.036,,2908000000,,155.53,,,,,,220907000000,90715000000,0.411,4851.60,90714000000,,,,,,,,,,,,true,false,9,2017-04-01,2017-12-31,0
2018-01-31,19460,2017-03-31,3,135936000000,-0.046,,,,,4347000000,-0.375,4442000000,-0.370,,2762000000,,147.61,,,,,,,,,,,,,,,,,,,,,,true,false,9,2016-04-01,2016-12-31,-1
2018-01-31,19460,2018-03-31,3,205000000000,0.036,,,,,6200000000,-0.197,6200000000,-0.216,,4000000000,,213.91,,,,,,,,,,,,,,,,,,,,,,true,true,12,2017-04-01,2018-03-31,0
2018-01-31,19460,2017-03-31,3,,,,,,,,,,,,,,,,,,,,208923000000,88110000000,0.422,4711.26,88110000000,,,,,,,,,,,,true,false,12,2016-04-01,2017-03-31,-1
2018-01-31,19460,2017-03-31,3,,,,,,,,,,,,,,,,,,,,,,,,,,,,,17.00,,,,19329990,627966,,false,false,12,2016-04-01,2017-03-31,-1
2018-01-31,19460,2018-03-31,3,,,,,,,,,,,,,,,,,,,,,,,,,,,,,6.00,,,,,,,false,false,12,2017-04-01,2018-03-31,0
2018-01-31,19460,2018-03-31,3,,,,,,,,,,,,,,,,,,,,,,,,,,,,,35.00,,,,,,,false,true,12,2017-04-01,2018-03-31,0
2018-01-31,19460,2018-03-31,3,,,,,,,,,,,,,,,,,,,,,,,,,,,,,,,,,19329990,632207,18699721,false,false,9,2017-04-01,2017-12-31,0
2018-01-31,19460,2017-03-31,3,,,,,,,,,,,,,,,,,,,,,,,,,,,,,,,,,,,18714566,false,false,9,2016-04-01,2016-12-31,-1
2018-04-20,19460,2018-03-31,,207100000000,0.010,,,,,9000000000,0.452,8910000000,0.437,,5780000000,,309.12,,,,,,,,,,,,,,,,,,,,,,true,true,12,2017-04-01,2018-03-31,0
2018-04-20,19460,2017-03-31,,197842000000,,,,,,7716000000,,7906000000,,,5170000000,,276.35,,,,,,,,,,,,,,,,,,,,,,true,false,12,2016-04-01,2017-03-31,-1
2018-04-20,19460,2018-03-31,,188700000000,0.004,,,,,6970000000,0.340,6870000000,0.347,4400000000,,0.333,235.32,,,,,,,,,,,,,,,65.00,,,,,,,false,true,12,2017-04-01,2018-03-31,0
2018-04-20,19460,2017-03-31,,180461000000,,,,,,6452000000,,6612000000,,4428000000,,,236.69,,,,,,,,,,,,,,,17.00,,,,,,,false,false,12,2016-04-01,2017-03-31,-1
2018-04-20,19460,2018-03-31,,,,,,,,,,,,,,,,,,,,,,,,,,,,,,6.00,,,,,,,false,false,12,2017-04-01,2018-03-31,0
2018-04-27,19460,2018-03-31,,207198000000,0.047,,,,,9002000000,0.167,8918000000,0.128,,5783000000,,309.28,,0.064,0.040,0.043,,239395000000,93358000000,0.390,4993.93,93356000000,11117000000,-32967000000,19305000000,34993000000,,0.307,,,,,,true,false,12,2017-04-01,2018-03-31,0
2018-04-27,19460,2017-03-31,,197842000000,-0.002,,,,,7716000000,-0.049,7906000000,-0.037,,5170000000,,276.35,,0.061,0.039,0.039,,208923000000,88110000000,0.422,4711.26,88110000000,8915000000,-13533000000,9921000000,37572000000,,0.308,,,,,,true,false,12,2016-04-01,2017-03-31,-1
2018-04-27,19460,2019-03-31,,98000000000,0.035,,,,,3400000000,0.172,3200000000,0.135,,2100000000,,112.34,,,,,,,,,,,,,,,,,,,,,,true,true,6,2018-04-01,2018-09-30,1
2018-04-27,19460,2019-03-31,,208000000000,0.004,,,,,8000000000,-0.111,7600000000,-0.148,,5000000000,,267.47,,,,,,,,,,,,,,,,0.299,,,,,,true,true,12,2018-04-01,2019-03-31,1
2018-04-27,19460,2018-03-31,,188783000000,0.046,,,,,6975000000,0.081,6877000000,0.040,4409000000,,-0.004,235.82,,,,,,212436000000,85053000000,0.400,4549.79,85053000000,,,,,65.00,,,,19329990,636078,18698328,false,false,12,2017-04-01,2018-03-31,0
2018-04-27,19460,2017-03-31,,180461000000,-0.065,,,,,6452000000,-0.127,6612000000,-0.116,4428000000,,0.086,236.69,,,,,,183728000000,81891000000,0.446,4378.75,81891000000,,,,,17.00,,,,19329990,627966,18711601,false,false,12,2016-04-01,2017-03-31,-1
2018-04-27,19460,2019-03-31,,90000000000,0.018,,,,,2700000000,0.173,2600000000,0.093,1800000000,,0.155,96.29,,,,,,,,,,,,,,,,,,,,,,false,true,6,2018-04-01,2018-09-30,1
2018-04-27,19460,2019-03-31,,188000000000,-0.004,,,,,6500000000,-0.068,6100000000,-0.113,4200000000,,-0.047,224.67,,,,,,,,,,,,,,,80.00,,,,,,,false,true,12,2018-04-01,2019-03-31,1
2018-07-31,19460,2019-03-31,1,44026000000,0.011,,,,,554000000,-0.465,470000000,-0.555,,237000000,,12.70,,,,,,243842000000,92639000000,0.380,4955.53,92637000000,,,,,,,,,,,,true,false,3,2018-04-01,2018-06-30,0
2018-07-31,19460,2018-03-31,1,43531000000,0.013,,,,,1034000000,0.228,1057000000,0.325,,613000000,,32.79,,,,,,,,,,,,,,,,,,,,,,true,false,3,2017-04-01,2017-06-30,-1
2018-07-31,19460,2019-03-31,1,98000000000,0.035,,,,,3400000000,0.172,3200000000,0.135,,2100000000,,112.34,,,,,,,,,,,,,,,,,,,,,,true,true,6,2018-04-01,2018-09-30,0
2018-07-31,19460,2019-03-31,1,208000000000,0.004,,,,,8000000000,-0.111,7600000000,-0.148,,5000000000,,267.47,,,,,,,,,,,,,,,,,,,,,,true,true,12,2018-04-01,2019-03-31,0
2018-07-31,19460,2018-03-31,1,,,,,,,,,,,,,,,,,,,,239395000000,93358000000,0.390,4993.93,93356000000,,,,,,,,,,,,true,false,12,2017-04-01,2018-03-31,-1
2018-07-31,19460,2018-03-31,1,,,,,,,,,,,,,,,,,,,,,,,,,,,,,65.00,,,,19329990,636078,,false,false,12,2017-04-01,2018-03-31,-1
2018-07-31,19460,2019-03-31,1,,,,,,,,,,,,,,,,,,,,,,,,,,,,,80.00,,,,,,,false,true,12,2018-04-01,2019-03-31,0
2018-07-31,19460,2019-03-31,1,,,,,,,,,,,,,,,,,,,,,,,,,,,,,,,,,19329990,636217,18693773,false,false,3,2018-04-01,2018-06-30,0
2018-07-31,19460,2018-03-31,1,,,,,,,,,,,,,,,,,,,,,,,,,,,,,,,,,,,18701127,false,false,3,2017-04-01,2017-06-30,-1
2018-10-26,19460,2019-03-31,2,98399000000,0.039,,,,,3535000000,0.219,3131000000,0.111,,2045000000,,109.43,,,,,,252953000000,95026000000,0.376,5082.59,95011000000,,,,,,,,,,,,true,false,6,2018-04-01,2018-09-30,0
2018-10-26,19460,2018-03-31,2,94724000000,0.064,,,,,2900000000,0.053,2819000000,0.029,,1766000000,,94.45,,,,,,,,,,,,,,,,,,,,,,true,false,6,2017-04-01,2017-09-30,-1
2018-10-26,19460,2019-03-31,2,208000000000,0.004,,,,,8000000000,-0.111,7600000000,-0.148,,5000000000,,267.47,,,,,,,,,,,,,,,,,,,,,,true,true,12,2018-04-01,2019-03-31,0
2018-10-26,19460,2018-03-31,2,,,,,,,,,,,,,,,,,,,,239395000000,93358000000,0.390,4993.93,93356000000,,,,,,,,,,,,true,false,12,2017-04-01,2018-03-31,-1
2018-10-26,19460,2018-03-31,2,,,,,,,,,,,,,,,,,,,,,,,,,,,,,65.00,,,,19329990,636078,,false,false,12,2017-04-01,2018-03-31,-1
2018-10-26,19460,2019-03-31,2,,,,,,,,,,,,,,,,,,,,,,,,,,,,,30.00,,,,,,,false,false,12,2018-04-01,2019-03-31,0
2018-10-26,19460,2019-03-31,2,,,,,,,,,,,,,,,,,,,,,,,,,,,,,80.00,,,,,,,false,true,12,2018-04-01,2019-03-31,0
2018-10-26,19460,2019-03-31,2,,,,,,,,,,,,,,,,,,,,,,,,,,,,,,,,,19329990,636402,18693717,false,false,6,2018-04-01,2018-09-30,0
2018-10-26,19460,2018-03-31,2,,,,,,,,,,,,,,,,,,,,,,,,,,,,,,,,,,,18700485,false,false,6,2017-04-01,2017-09-30,-1
2019-01-31,19460,2019-03-31,3,153770000000,0.061,,,,,6441000000,0.362,5885000000,0.279,,3828000000,,204.83,,,,,,253457000000,94803000000,0.374,5070.83,94790000000,,,,,,,,,,,,true,false,9,2018-04-01,2018-12-31,0
2019-01-31,19460,2018-03-31,3,144955000000,0.066,,,,,4730000000,0.088,4600000000,0.036,,2908000000,,155.53,,,,,,,,,,,,,,,,,,,,,,true,false,9,2017-04-01,2017-12-31,-1
2019-01-31,19460,2019-03-31,3,208000000000,0.004,,,,,8000000000,-0.111,7600000000,-0.148,,5000000000,,267.47,,,,,,,,,,,,,,,,,,,,,,true,true,12,2018-04-01,2019-03-31,0
2019-01-31,19460,2018-03-31,3,,,,,,,,,,,,,,,,,,,,239395000000,93358000000,0.390,4993.93,93356000000,,,,,,,,,,,,true,false,12,2017-04-01,2018-03-31,-1
2019-01-31,19460,2018-03-31,3,,,,,,,,,,,,,,,,,,,,,,,,,,,,,65.00,,,,19329990,636078,,false,false,12,2017-04-01,2018-03-31,-1
2019-01-31,19460,2019-03-31,3,,,,,,,,,,,,,,,,,,,,,,,,,,,,,30.00,,,,,,,false,false,12,2018-04-01,2019-03-31,0
2019-01-31,19460,2019-03-31,3,,,,,,,,,,,,,,,,,,,,,,,,,,,,,80.00,,,,,,,false,true,12,2018-04-01,2019-03-31,0
2019-01-31,19460,2019-03-31,3,,,,,,,,,,,,,,,,,,,,,,,,,,,,,,,,,19329990,636653,18693624,false,false,9,2018-04-01,2018-12-31,0
2019-01-31,19460,2018-03-31,3,,,,,,,,,,,,,,,,,,,,,,,,,,,,,,,,,,,18699721,false,false,9,2017-04-01,2017-12-31,-1
2019-03-29,19460,2019-03-31,,220000000000,0.058,,,,,10800000000,0.350,10000000000,0.316,,6600000000,,353.07,,,,,,,,,,,,,,,,,,,,,,true,true,12,2018-04-01,2019-03-31,0
2019-03-29,19460,2018-03-31,,207198000000,,,,,,9002000000,,8918000000,,,5783000000,,309.28,,,,,,,,,,,,,,,,,,,,,,true,false,12,2017-04-01,2018-03-31,-1
2019-03-29,19460,2019-03-31,,198000000000,0.053,,,,,9300000000,0.431,8500000000,0.393,5800000000,,0.381,310.27,,,,,,,,,,,,,,,105.00,,,,,,,false,true,12,2018-04-01,2019-03-31,0
2019-03-29,19460,2018-03-31,,188783000000,,,,,,6975000000,,6877000000,,4409000000,,,235.82,,,,,,,,,,,,,,,65.00,,,,,,,false,false,12,2017-04-01,2018-03-31,-1
2019-03-29,19460,2019-03-31,,,,,,,,,,,,,,,,,,,,,,,,,,,,,,30.00,,,,,,,false,false,12,2018-04-01,2019-03-31,0
2019-04-26,19460,2019-03-31,,218984000000,0.057,,,,,11029000000,0.225,10146000000,0.138,,6672000000,,356.94,,0.068,0.040,0.050,,263458000000,102132000000,0.388,5463.36,102120000000,9616000000,-24030000000,11958000000,32472000000,,0.294,,,,,,true,false,12,2018-04-01,2019-03-31,0
2019-04-26,19460,2018-03-31,,207198000000,0.047,,,,,9002000000,0.167,8918000000,0.128,,5783000000,,309.28,,0.064,0.040,0.043,,239395000000,93358000000,0.390,4993.93,93356000000,11117000000,-32967000000,19305000000,34993000000,,0.307,,,,,,true,false,12,2017-04-01,2018-03-31,-1
2019-04-26,19460,2020-03-31,,102000000000,0.037,,,,,4000000000,0.131,3500000000,0.118,,3300000000,,176.55,,,,,,,,,,,,,,,,,,,,,,true,true,6,2019-04-01,2019-09-30,1
2019-04-26,19460,2020-03-31,,220000000000,0.005,,,,,10400000000,-0.057,9100000000,-0.103,,7000000000,,374.50,,,,,,,,,,,,,,,,0.294,,,,,,true,true,12,2019-04-01,2020-03-31,1
2019-04-26,19460,2019-03-31,,196866000000,0.043,,,,,9373000000,0.344,8563000000,0.245,5796000000,,0.315,310.07,,,,,,238073000000,88088000000,0.370,4712.70,88088000000,,,,,105.00,,,,19329990,638187,18693211,false,false,12,2018-04-01,2019-03-31,0
2019-04-26,19460,2018-03-31,,188783000000,0.046,,,,,6975000000,0.081,6877000000,0.040,4409000000,,-0.004,235.82,,,,,,212436000000,85053000000,0.400,4549.79,85053000000,,,,,65.00,,,,19329990,636078,18698328,false,false,12,2017-04-01,2018-03-31,-1
2019-04-26,19460,2020-03-31,,93000000000,0.063,,,,,3300000000,0.180,2900000000,0.146,3000000000,,0.754,160.50,,,,,,,,,,,,,,,,,,,,,,false,true,6,2019-04-01,2019-09-30,1
2019-04-26,19460,2020-03-31,,200000000000,0.016,,,,,9000000000,-0.040,7700000000,-0.101,6200000000,,0.070,331.70,,,,,,,,,,,,,,,110.00,,,,,,,false,true,12,2019-04-01,2020-03-31,1
2019-07-31,19460,2020-03-31,1,46742000000,0.062,,,,,2150000000,2.881,1963000000,3.177,,2361000000,,126.34,,,,,,265943000000,105441000000,0.396,5640.50,105428000000,,,,,,,,,,,,true,false,3,2019-04-01,2019-06-30,0
2019-07-31,19460,2019-03-31,1,44026000000,0.011,,,,,554000000,-0.465,470000000,-0.555,,237000000,,12.70,,,,,,,,,,,,,,,,,,,,,,true,false,3,2018-04-01,2018-06-30,-1
2019-07-31,19460,2020-03-31,1,102000000000,0.037,,,,,4000000000,0.131,3500000000,0.118,,3300000000,,176.55,,,,,,,,,,,,,,,,,,,,,,true,true,6,2019-04-01,2019-09-30,0
2019-07-31,19460,2020-03-31,1,220000000000,0.005,,,,,10400000000,-0.057,9100000000,-0.103,,7000000000,,374.50,,,,,,,,,,,,,,,,,,,,,,true,true,12,2019-04-01,2020-03-31,0
2019-07-31,19460,2019-03-31,1,,,,,,,,,,,,,,,,,,,,263458000000,102132000000,0.388,5463.36,102120000000,,,,,,,,,,,,true,false,12,2018-04-01,2019-03-31,-1
2019-07-31,19460,2019-03-31,1,,,,,,,,,,,,,,,,,,,,,,,,,,,,,105.00,,,,19329990,638187,,false,false,12,2018-04-01,2019-03-31,-1
2019-07-31,19460,2020-03-31,1,,,,,,,,,,,,,,,,,,,,,,,,,,,,,110.00,,,,,,,false,true,12,2019-04-01,2020-03-31,0
2019-07-31,19460,2020-03-31,1,,,,,,,,,,,,,,,,,,,,,,,,,,,,,,,,,19329990,638616,18691450,false,false,3,2019-04-01,2019-06-30,0
2019-07-31,19460,2019-03-31,1,,,,,,,,,,,,,,,,,,,,,,,,,,,,,,,,,,,18693773,false,false,3,2018-04-01,2018-06-30,-1
2019-10-31,19460,2020-03-31,2,102867000000,0.045,,,,,5472000000,0.548,5006000000,0.599,,4357000000,,233.15,,,,,,271716000000,107737000000,0.396,5763.51,107726000000,,,,,,,,,,,,true,false,6,2019-04-01,2019-09-30,0
2019-10-31,19460,2019-03-31,2,98399000000,0.039,,,,,3535000000,0.219,3131000000,0.111,,2045000000,,109.43,,,,,,,,,,,,,,,,,,,,,,true,false,6,2018-04-01,2018-09-30,-1
2019-10-31,19460,2020-03-31,2,223000000000,0.018,,,,,12500000000,0.133,11300000000,0.114,,8600000000,,460.11,,,,,,,,,,,,,,,,,,,,,,true,true,12,2019-04-01,2020-03-31,0
2019-10-31,19460,2019-03-31,2,,,,,,,,,,,,,,,,,,,,263458000000,102132000000,0.388,5463.36,102120000000,,,,,,,,,,,,true,false,12,2018-04-01,2019-03-31,-1
2019-10-31,19460,2019-03-31,2,,,,,,,,,,,,,,,,,,,,,,,,,,,,,105.00,,,,19329990,638187,,false,false,12,2018-04-01,2019-03-31,-1
2019-10-31,19460,2020-03-31,2,,,,,,,,,,,,,,,,,,,,,,,,,,,,,70.00,,,,,,,false,false,12,2019-04-01,2020-03-31,0
2019-10-31,19460,2020-03-31,2,,,,,,,,,,,,,,,,,,,,,,,,,,,,,135.00,,,,,,,false,true,12,2019-04-01,2020-03-31,0
2019-10-31,19460,2020-03-31,2,,,,,,,,,,,,,,,,,,,,,,,,,,,,,,,,,19329990,638841,18691331,false,false,6,2019-04-01,2019-09-30,0
2019-10-31,19460,2019-03-31,2,,,,,,,,,,,,,,,,,,,,,,,,,,,,,,,,,,,18693717,false,false,6,2018-04-01,2018-09-30,-1
2019-10-31,19460,2020-03-31,,93716000000,0.008,,,,,4526000000,0.372,4153000000,0.432,3842000000,,0.281,205.60,,,,,,,,,,,,,,,,,,,,,,false,true,6,2019-04-01,2019-09-30,0
2019-10-31,19460,2019-03-31,,87465000000,,,,,,2796000000,,2529000000,,1710000000,,,91.48,,,,,,,,,,,,,,,,,,,,,,false,false,6,2018-04-01,2018-09-30,-1
2019-10-31,19460,2020-03-31,,203000000000,0.015,,,,,10600000000,0.178,9400000000,0.221,7400000000,,0.194,395.91,,,,,,,,,,,,,,,,,,,,,,false,true,12,2019-04-01,2020-03-31,0
2019-10-31,19460,2019-03-31,,196866000000,,,,,,9373000000,,8563000000,,5796000000,,,310.07,,,,,,,,,,,,,,,,,,,,,,false,false,12,2018-04-01,2019-03-31,-1
2020-01-31,19460,2020-03-31,3,156181000000,0.016,,,,,8001000000,0.242,7363000000,0.251,,5880000000,,314.63,,,,,,271464000000,108775000000,0.401,5818.96,108761000000,,,,,,,,,,,,true,false,9,2019-04-01,2019-12-31,0
2020-01-31,19460,2019-03-31,3,153770000000,0.061,,,,,6441000000,0.362,5885000000,0.279,,3828000000,,204.83,,,,,,,,,,,,,,,,,,,,,,true,false,9,2018-04-01,2018-12-31,-1
2020-01-31,19460,2020-03-31,3,223000000000,0.018,,,,,12500000000,0.133,11300000000,0.114,,8600000000,,460.11,,,,,,,,,,,,,,,,,,,,,,true,true,12,2019-04-01,2020-03-31,0
2020-01-31,19460,2019-03-31,3,,,,,,,,,,,,,,,,,,,,263458000000,102132000000,0.388,5463.36,102120000000,,,,,,,,,,,,true,false,12,2018-04-01,2019-03-31,-1
2020-01-31,19460,2019-03-31,3,,,,,,,,,,,,,,,,,,,,,,,,,,,,,105.00,,,,19329990,638187,,false,false,12,2018-04-01,2019-03-31,-1
2020-01-31,19460,2020-03-31,3,,,,,,,,,,,,,,,,,,,,,,,,,,,,,70.00,,,,,,,false,false,12,2019-04-01,2020-03-31,0
2020-01-31,19460,2020-03-31,3,,,,,,,,,,,,,,,,,,,,,,,,,,,,,135.00,,,,,,,false,true,12,2019-04-01,2020-03-31,0
2020-01-31,19460,2020-03-31,3,,,,,,,,,,,,,,,,,,,,,,,,,,,,,,,,,19329990,639192,18691169,false,false,9,2019-04-01,2019-12-31,0
2020-01-31,19460,2019-03-31,3,,,,,,,,,,,,,,,,,,,,,,,,,,,,,,,,,,,18693624,false,false,9,2018-04-01,2018-12-31,-1
2020-05-18,19460,2020-03-31,,224843000000,0.027,,,,,13307000000,0.207,12511000000,0.233,,9314000000,,498.34,,0.088,0.045,0.059,,292299000000,109628000000,0.375,5864.44,109610000000,16593000000,-4642000000,-8000000000,36390000000,,0.301,,,,,,true,false,12,2019-04-01,2020-03-31,0
2020-05-18,19460,2019-03-31,,218984000000,0.057,,,,,11029000000,0.225,10146000000,0.138,,6672000000,,356.94,,0.068,0.040,0.050,,263458000000,102132000000,0.388,5463.36,102120000000,9616000000,-24030000000,11958000000,32472000000,,0.294,,,,,,true,false,12,2018-04-01,2019-03-31,-1
2020-05-18,19460,2020-03-31,,203392000000,0.033,,,,,11143000000,0.189,10223000000,0.194,7904000000,,0.364,422.89,,,,,,265886000000,93094000000,0.350,4980.78,93094000000,,,,,150.00,,,,19329990,639348,18691056,false,false,12,2019-04-01,2020-03-31,0
2020-05-18,19460,2019-03-31,,196866000000,0.043,,,,,9373000000,0.344,8563000000,0.245,5796000000,,0.315,310.07,,,,,,238073000000,88088000000,0.370,4712.70,88088000000,,,,,105.00,,,,19329990,638187,18693211,false,false,12,2018-04-01,2019-03-31,-1
2020-07-31,19460,2021-03-31,1,49386000000,0.057,,,,,2539000000,0.181,2339000000,0.192,,1496000000,,80.08,,,,,,281272000000,110142000000,0.392,5892.05,110126000000,,,,,,,,,,,,true,false,3,2020-04-01,2020-06-30,0
2020-07-31,19460,2020-03-31,1,46742000000,0.062,,,,,2150000000,2.881,1963000000,3.177,,2361000000,,126.34,,,,,,,,,,,,,,,,,,,,,,true,false,3,2019-04-01,2019-06-30,-1
2020-07-31,19460,2021-03-31,1,104000000000,0.011,,,,,5100000000,-0.068,4600000000,-0.081,,3000000000,,160.51,,,,,,,,,,,,,,,,,,,,,,true,true,6,2020-04-01,2020-09-30,0
2020-07-31,19460,2021-03-31,1,218000000000,-0.030,,,,,10800000000,-0.188,9600000000,-0.233,,6400000000,,342.42,,,,,,,,,,,,,,,,,,,,,,true,true,12,2020-04-01,2021-03-31,0
2020-07-31,19460,2020-03-31,1,,,,,,,,,,,,,,,,,,,,292299000000,109628000000,0.375,5864.44,109610000000,,,,,,,,,,,,true,false,12,2019-04-01,2020-03-31,-1
2020-07-31,19460,2020-03-31,1,,,,,,,,,,,,,,,,,,,,,,,,,,,,,150.00,,,,19329990,639348,,false,false,12,2019-04-01,2020-03-31,-1
2020-07-31,19460,2021-03-31,1,,,,,,,,,,,,,,,,,,,,,,,,,,,,,100.00,,,,,,,false,true,12,2020-04-01,2021-03-31,0
2020-07-31,19460,2021-03-31,1,,,,,,,,,,,,,,,,,,,,,,,,,,,,,,,,,19329990,639335,18690633,false,false,3,2020-04-01,2020-06-30,0
2020-07-31,19460,2020-03-31,1,,,,,,,,,,,,,,,,,,,,,,,,,,,,,,,,,,,18691450,false,false,3,2019-04-01,2019-06-30,-1
2020-07-31,19460,2021-03-31,,94500000000,,,,,,4500000000,,4100000000,,2700000000,,,144.46,,,,,,,,,,,,,,,,,,,,,,false,true,6,2020-04-01,2020-09-30,0
2020-07-31,19460,2020-03-31,,93716000000,,,,,,4526000000,,4153000000,,3842000000,,,205.60,,,,,,,,,,,,,,,,,,,,,,false,false,6,2019-04-01,2019-09-30,-1
2020-07-31,19460,2021-03-31,,197000000000,,,,,,9400000000,,8300000000,,5700000000,,,304.97,,,,,,,,,,,,,,,,,,,,,,false,true,12,2020-04-01,2021-03-31,0
2020-07-31,19460,2020-03-31,,203392000000,,,,,,11143000000,,10223000000,,7904000000,,,422.89,,,,,,,,,,,,,,,,,,,,,,false,false,12,2019-04-01,2020-03-31,-1
2020-10-30,19460,2021-03-31,2,102527000000,-0.003,,,,,6593000000,0.205,6217000000,0.242,,4115000000,,220.17,,,,,,289318000000,113013000000,0.391,6045.52,112992000000,,,,,,,,,,,,true,false,6,2020-04-01,2020-09-30,0
2020-10-30,19460,2020-03-31,2,102867000000,0.045,,,,,5472000000,0.548,5006000000,0.599,,4357000000,,233.15,,,,,,,,,,,,,,,,,,,,,,true,false,6,2019-04-01,2019-09-30,-1
2020-10-30,19460,2021-03-31,2,218000000000,-0.030,,,,,12100000000,-0.091,10900000000,-0.129,,7400000000,,395.92,,,,,,,,,,,,,,,,,,,,,,true,true,12,2020-04-01,2021-03-31,0
2020-10-30,19460,2020-03-31,2,,,,,,,,,,,,,,,,,,,,292299000000,109628000000,0.375,5864.44,109610000000,,,,,,,,,,,,true,false,12,2019-04-01,2020-03-31,-1
2020-10-30,19460,2020-03-31,2,,,,,,,,,,,,,,,,,,,,,,,,,,,,,150.00,,,,19329990,639348,,false,false,12,2019-04-01,2020-03-31,-1
2020-10-30,19460,2021-03-31,2,,,,,,,,,,,,,,,,,,,,,,,,,,,,,55.00,,,,,,,false,false,12,2020-04-01,2021-03-31,0
2020-10-30,19460,2021-03-31,2,,,,,,,,,,,,,,,,,,,,,,,,,,,,,115.00,,,,,,,false,true,12,2020-04-01,2021-03-31,0
2020-10-30,19460,2021-03-31,2,,,,,,,,,,,,,,,,,,,,,,,,,,,,,,,,,19329990,639618,18690556,false,false,6,2020-04-01,2020-09-30,0
2020-10-30,19460,2020-03-31,2,,,,,,,,,,,,,,,,,,,,,,,,,,,,,,,,,,,18691331,false,false,6,2019-04-01,2019-09-30,-1
2020-10-30,19460,2021-03-31,,93601000000,-0.010,,,,,5463000000,0.214,5068000000,0.236,3363000000,,0.246,179.95,,,,,,,,,,,,,,,,,,,,,,false,true,6,2020-04-01,2020-09-30,0
2020-10-30,19460,2020-03-31,,93716000000,,,,,,4526000000,,4153000000,,3842000000,,,205.60,,,,,,,,,,,,,,,,,,,,,,false,false,6,2019-04-01,2019-09-30,-1
2020-10-30,19460,2021-03-31,,198000000000,0.005,,,,,10400000000,0.106,9300000000,0.120,6400000000,,0.123,342.42,,,,,,,,,,,,,,,,,,,,,,false,true,12,2020-04-01,2021-03-31,0
2020-10-30,19460,2020-03-31,,203392000000,,,,,,11143000000,,10223000000,,7904000000,,,422.89,,,,,,,,,,,,,,,,,,,,,,false,false,12,2019-04-01,2020-03-31,-1
2021-01-29,19460,2021-03-31,3,153989000000,-0.014,,,,,10408000000,0.301,9928000000,0.348,,6626000000,,354.55,,,,,,293718000000,115304000000,0.392,6168.18,115284000000,,,,,,,,,,,,true,false,9,2020-04-01,2020-12-31,0
2021-01-29,19460,2020-03-31,3,156181000000,0.016,,,,,8001000000,0.242,7363000000,0.251,,5880000000,,314.63,,,,,,,,,,,,,,,,,,,,,,true,false,9,2019-04-01,2019-12-31,-1
2021-01-29,19460,2021-03-31,3,218000000000,-0.030,,,,,12100000000,-0.091,10900000000,-0.129,,7400000000,,395.93,,,,,,,,,,,,,,,,,,,,,,true,true,12,2020-04-01,2021-03-31,0
2021-01-29,19460,2020-03-31,3,,,,,,,,,,,,,,,,,,,,292299000000,109628000000,0.375,5864.44,109610000000,,,,,,,,,,,,true,false,12,2019-04-01,2020-03-31,-1
2021-01-29,19460,2020-03-31,3,,,,,,,,,,,,,,,,,,,,,,,,,,,,,150.00,,,,19329990,639348,,false,false,12,2019-04-01,2020-03-31,-1
2021-01-29,19460,2021-03-31,3,,,,,,,,,,,,,,,,,,,,,,,,,,,,,55.00,,,,,,,false,false,12,2020-04-01,2021-03-31,0
2021-01-29,19460,2021-03-31,3,,,,,,,,,,,,,,,,,,,,,,,,,,,,,115.00,,,,,,,false,true,12,2020-04-01,2021-03-31,0
2021-01-29,19460,2021-03-31,3,,,,,,,,,,,,,,,,,,,,,,,,,,,,,,,,,19329990,639833,18690447,false,false,9,2020-04-01,2020-12-31,0
2021-01-29,19460,2020-03-31,3,,,,,,,,,,,,,,,,,,,,,,,,,,,,,,,,,,,18691169,false,false,9,2019-04-01,2019-12-31,-1
2021-03-25,19460,2021-03-31,,217000000000,-0.005,,,,,14800000000,0.223,13000000000,0.193,8400000000,,0.135,449.43,,,,,,,,,,,,,,,,,,,,,,true,true,12,2020-04-01,2021-03-31,0
2021-03-25,19460,2020-03-31,,224843000000,,,,,,13307000000,,12511000000,,9314000000,,,498.34,,,,,,,,,,,,,,,,,,,,,,true,false,12,2019-04-01,2020-03-31,-1
2021-03-25,19460,2021-03-31,,197000000000,-0.005,,,,,12800000000,0.231,11700000000,0.258,6800000000,,0.063,363.82,,,,,,,,,,,,,,,135.00,,,,,,,false,true,12,2020-04-01,2021-03-31,0
2021-03-25,19460,2020-03-31,,203392000000,,,,,,11143000000,,10223000000,,7904000000,,,422.89,,,,,,,,,,,,,,,150.00,,,,,,,false,false,12,2019-04-01,2020-03-31,-1
2021-03-25,19460,2021-03-31,,,,,,,,,,,,,,,,,,,,,,,,,,,,,,55.00,,,,,,,false,false,12,2020-04-01,2021-03-31,0
2021-04-28,19460,2021-03-31,,215677000000,-0.041,,,,,15509000000,0.165,13726000000,0.097,,8832000000,,472.57,,0.077,0.046,0.072,,308232000000,119740000000,0.388,6405.63,119720000000,24111000000,-3716000000,-9933000000,46857000000,,0.296,,,,,,true,false,12,2020-04-01,2021-03-31,0
2021-04-28,19460,2020-03-31,,224843000000,0.027,,,,,13307000000,0.207,12511000000,0.233,,9314000000,,498.34,,0.088,0.045,0.059,,292299000000,109628000000,0.375,5864.44,109610000000,16593000000,-4642000000,-8000000000,36390000000,,0.301,,,,,,true,false,12,2019-04-01,2020-03-31,-1
2021-04-28,19460,2022-03-31,,104000000000,0.014,,,,,5300000000,-0.196,4600000000,-0.260,,2900000000,,155.16,,,,,,,,,,,,,,,,,,,,,,true,true,6,2021-04-01,2021-09-30,1
2021-04-28,19460,2022-03-31,,224000000000,0.039,,,,,12500000000,-0.194,11000000000,-0.199,,7200000000,,385.24,,,,,,,,,,,,,,,,0.299,,,,,,true,true,12,2021-04-01,2022-03-31,1
2021-04-28,19460,2021-03-31,,196351000000,-0.035,,,,,13354000000,0.198,12241000000,0.197,7292000000,,-0.077,390.20,,,,,,281694000000,99883000000,0.355,5344.28,99883000000,,,,,140.00,,,,19329990,640175,18690336,false,false,12,2020-04-01,2021-03-31,0
2021-04-28,19460,2020-03-31,,203392000000,0.033,,,,,11143000000,0.189,10223000000,0.194,7904000000,,0.364,422.89,,,,,,265886000000,93094000000,0.350,4980.78,93094000000,,,,,150.00,,,,19329990,639348,18691056,false,false,12,2019-04-01,2020-03-31,-1
2021-04-28,19460,2022-03-31,,95000000000,0.015,,,,,4600000000,-0.158,4200000000,-0.171,2800000000,,-0.167,149.81,,,,,,,,,,,,,,,,,,,,,,false,true,6,2021-04-01,2021-09-30,1
2021-04-28,19460,2022-03-31,,204000000000,0.039,,,,,11300000000,-0.154,10000000000,-0.183,6700000000,,-0.081,358.48,,,,,,,,,,,,,,,115.00,,,,,,,false,true,12,2021-04-01,2022-03-31,1
2021-07-30,19460,2022-03-31,1,49534000000,0.003,,,,,2630000000,0.036,2342000000,0.001,,1485000000,,79.46,,,,,,291386000000,120267000000,0.413,6433.70,120243000000,,,,,,,,,,,,true,false,3,2021-04-01,2021-06-30,0
2021-07-30,19460,2021-03-31,1,49386000000,0.057,,,,,2539000000,0.181,2339000000,0.192,,1496000000,,80.08,,,,,,,,,,,,,,,,,,,,,,true,false,3,2020-04-01,2020-06-30,-1
2021-07-30,19460,2022-03-31,1,104000000000,0.014,,,,,5300000000,-0.196,4600000000,-0.260,,2900000000,,155.17,,,,,,,,,,,,,,,,,,,,,,true,true,6,2021-04-01,2021-09-30,0
2021-07-30,19460,2022-03-31,1,224000000000,0.039,,,,,12500000000,-0.194,11000000000,-0.199,,7200000000,,385.24,,,,,,,,,,,,,,,,,,,,,,true,true,12,2021-04-01,2022-03-31,0
2021-07-30,19460,2021-03-31,1,,,,,,,,,,,,,,,,,,,,308232000000,119740000000,0.388,6405.63,119720000000,,,,,,,,,,,,true,false,12,2020-04-01,2021-03-31,-1
2021-07-30,19460,2021-03-31,1,,,,,,,,,,,,,,,,,,,,,,,,,,,,,140.00,,,,19329990,640175,,false,false,12,2020-04-01,2021-03-31,-1
2021-07-30,19460,2022-03-31,1,,,,,,,,,,,,,,,,,,,,,,,,,,,,,115.00,,,,,,,false,true,12,2021-04-01,2022-03-31,0
2021-07-30,19460,2022-03-31,1,,,,,,,,,,,,,,,,,,,,,,,,,,,,,,,,,19329990,640283,18689737,false,false,3,2021-04-01,2021-06-30,0
2021-07-30,19460,2021-03-31,1,,,,,,,,,,,,,,,,,,,,,,,,,,,,,,,,,,,18690633,false,false,3,2020-04-01,2020-06-30,-1
2021-10-28,19460,2022-03-31,2,100526000000,-0.020,,,,,5087000000,-0.228,4589000000,-0.262,,3026000000,,161.91,,,,,,290565000000,122543000000,0.422,6555.41,122518000000,,,,,,,,,,,,true,false,6,2021-04-01,2021-09-30,0
2021-10-28,19460,2021-03-31,2,102527000000,-0.003,,,,,6593000000,0.205,6217000000,0.242,,4115000000,,220.17,,,,,,,,,,,,,,,,,,,,,,true,false,6,2020-04-01,2020-09-30,-1
2021-10-28,19460,2022-03-31,2,224000000000,0.039,,,,,12500000000,-0.194,11000000000,-0.199,,7200000000,,385.24,,,,,,,,,,,,,,,,,,,,,,true,true,12,2021-04-01,2022-03-31,0
2021-10-28,19460,2021-03-31,2,,,,,,,,,,,,,,,,,,,,308232000000,119740000000,0.388,6405.63,119720000000,,,,,,,,,,,,true,false,12,2020-04-01,2021-03-31,-1
2021-10-28,19460,2021-03-31,2,,,,,,,,,,,,,,,,,,,,,,,,,,,,,140.00,,,,19329990,640175,,false,false,12,2020-04-01,2021-03-31,-1
2021-10-28,19460,2022-03-31,2,,,,,,,,,,,,,,,,,,,,,,,,,,,,,45.00,,,,,,,false,false,12,2021-04-01,2022-03-31,0
2021-10-28,19460,2022-03-31,2,,,,,,,,,,,,,,,,,,,,,,,,,,,,,115.00,,,,,,,false,true,12,2021-04-01,2022-03-31,0
2021-10-28,19460,2022-03-31,2,,,,,,,,,,,,,,,,,,,,,,,,,,,,,,,,,19329990,640248,18689749,false,false,6,2021-04-01,2021-09-30,0
2021-10-28,19460,2021-03-31,2,,,,,,,,,,,,,,,,,,,,,,,,,,,,,,,,,,,18690556,false,false,6,2020-04-01,2020-09-30,-1
2022-01-28,19460,2022-03-31,3,154817000000,0.005,,,,,8281000000,-0.204,7698000000,-0.225,,5403000000,,289.13,,,,,,283649000000,123649000000,0.436,6614.54,123622000000,,,,,,,,,,,,true,false,9,2021-04-01,2021-12-31,0
2022-01-28,19460,2021-03-31,3,153989000000,-0.014,,,,,10408000000,0.301,9928000000,0.348,,6626000000,,354.55,,,,,,,,,,,,,,,,,,,,,,true,false,9,2020-04-01,2020-12-31,-1
2022-01-28,19460,2022-03-31,3,224000000000,0.039,,,,,12500000000,-0.194,11000000000,-0.199,,7200000000,,385.24,,,,,,,,,,,,,,,,,,,,,,true,true,12,2021-04-01,2022-03-31,0
2022-01-28,19460,2021-03-31,3,,,,,,,,,,,,,,,,,,,,308232000000,119740000000,0.388,6405.63,119720000000,,,,,,,,,,,,true,false,12,2020-04-01,2021-03-31,-1
2022-01-28,19460,2021-03-31,3,,,,,,,,,,,,,,,,,,,,,,,,,,,,,140.00,,,,19329990,640175,,false,false,12,2020-04-01,2021-03-31,-1
2022-01-28,19460,2022-03-31,3,,,,,,,,,,,,,,,,,,,,,,,,,,,,,45.00,,,,,,,false,false,12,2021-04-01,2022-03-31,0
2022-01-28,19460,2022-03-31,3,,,,,,,,,,,,,,,,,,,,,,,,,,,,,115.00,,,,,,,false,true,12,2021-04-01,2022-03-31,0
2022-01-28,19460,2022-03-31,3,,,,,,,,,,,,,,,,,,,,,,,,,,,,,,,,,19329990,640452,18689689,false,false,9,2021-04-01,2021-12-31,0
2022-01-28,19460,2021-03-31,3,,,,,,,,,,,,,,,,,,,,,,,,,,,,,,,,,,,18690447,false,false,9,2020-04-01,2020-12-31,-1
2022-04-28,19460,2022-03-31,,219617000000,0.018,,,,,14072000000,-0.093,13394000000,-0.024,,8283000000,,443.23,,0.067,0.044,0.064,,301599000000,126596000000,0.420,6772.38,126570000000,5943000000,2969000000,-27522000000,28424000000,,0.305,,,,,,true,false,12,2021-04-01,2022-03-31,0
2022-04-28,19460,2021-03-31,,215677000000,-0.041,,,,,15509000000,0.165,13726000000,0.097,,8832000000,,472.57,,0.077,0.046,0.072,,308232000000,119740000000,0.388,6405.63,119720000000,24111000000,-3716000000,-9933000000,46857000000,,0.296,,,,,,true,false,12,2020-04-01,2021-03-31,-1
2022-04-28,19460,2023-03-31,,109000000000,0.084,,,,,4800000000,-0.057,4200000000,-0.085,,2800000000,,149.82,,,,,,,,,,,,,,,,,,,,,,true,true,6,2022-04-01,2022-09-30,1
2022-04-28,19460,2023-03-31,,247000000000,0.125,,,,,14100000000,0.002,13000000000,-0.029,,8700000000,,465.51,,,,,,,,,,,,,,,,0.301,,,,,,true,true,12,2022-04-01,2023-03-31,1
2022-04-28,19460,2022-03-31,,197749000000,0.007,,,,,12202000000,-0.086,11053000000,-0.097,6724000000,,-0.078,359.80,,,,,,274375000000,104789000000,0.382,5606.94,104789000000,,,,,135.00,,,,19329990,640758,18689603,false,false,12,2021-04-01,2022-03-31,0
2022-04-28,19460,2021-03-31,,196351000000,-0.035,,,,,13354000000,0.198,12241000000,0.197,7292000000,,-0.077,390.20,,,,,,281694000000,99883000000,0.355,5344.28,99883000000,,,,,140.00,,,,19329990,640175,18690336,false,false,12,2020-04-01,2021-03-31,-1
2022-04-28,19460,2023-03-31,,98000000000,0.108,,,,,4100000000,0.071,3600000000,0.051,2400000000,,0.034,128.42,,,,,,,,,,,,,,,,,,,,,,false,true,6,2022-04-01,2022-09-30,1
2022-04-28,19460,2023-03-31,,222000000000,0.123,,,,,12400000000,0.016,11300000000,0.022,7600000000,,0.130,406.65,,,,,,,,,,,,,,,140.00,,,,,,,false,true,12,2022-04-01,2023-03-31,1
2022-07-27,19460,2023-03-31,1,52301000000,0.056,,,,,2510000000,-0.046,2257000000,-0.036,,1376000000,,73.67,,,,,,301029000000,126456000000,0.420,6764.80,126428000000,,,,,,,,,,,,true,false,3,2022-04-01,2022-06-30,0
2022-07-27,19460,2022-03-31,1,49534000000,0.003,,,,,2630000000,0.036,2342000000,0.001,,1485000000,,79.46,,,,,,,,,,,,,,,,,,,,,,true,false,3,2021-04-01,2021-06-30,-1
2022-07-27,19460,2023-03-31,1,109000000000,0.084,,,,,4800000000,-0.057,4200000000,-0.085,,2800000000,,149.82,,,,,,,,,,,,,,,,,,,,,,true,true,6,2022-04-01,2022-09-30,0
2022-07-27,19460,2023-03-31,1,247000000000,0.125,,,,,14100000000,0.002,13000000000,-0.029,,8700000000,,465.51,,,,,,,,,,,,,,,,,,,,,,true,true,12,2022-04-01,2023-03-31,0
2022-07-27,19460,2022-03-31,1,,,,,,,,,,,,,,,,,,,,301599000000,126596000000,0.420,6772.38,126570000000,,,,,,,,,,,,true,false,12,2021-04-01,2022-03-31,-1
2022-07-27,19460,2022-03-31,1,,,,,,,,,,,,,,,,,,,,,,,,,,,,,135.00,,,,19329990,640758,,false,false,12,2021-04-01,2022-03-31,-1
2022-07-27,19460,2023-03-31,1,,,,,,,,,,,,,,,,,,,,,,,,,,,,,140.00,,,,,,,false,true,12,2022-04-01,2023-03-31,0
2022-07-27,19460,2023-03-31,1,,,,,,,,,,,,,,,,,,,,,,,,,,,,,,,,,19329990,640796,18689201,false,false,3,2022-04-01,2022-06-30,0
2022-07-27,19460,2022-03-31,1,,,,,,,,,,,,,,,,,,,,,,,,,,,,,,,,,,,18689737,false,false,3,2021-04-01,2021-06-30,-1
2022-10-28,19460,2023-03-31,2,107608000000,0.070,,,,,4768000000,-0.063,4120000000,-0.102,,-7133000000,,-381.66,,,,,,289595000000,118243000000,0.408,6323.30,118211000000,,,,,,,,,,,,true,false,6,2022-04-01,2022-09-30,0
2022-10-28,19460,2022-03-31,2,100526000000,-0.020,,,,,5087000000,-0.228,4589000000,-0.262,,3026000000,,161.91,,,,,,,,,,,,,,,,,,,,,,true,false,6,2021-04-01,2021-09-30,-1
2022-10-28,19460,2023-03-31,2,247000000000,0.125,,,,,14100000000,0.002,13000000000,-0.029,,-1000000000,,-53.50,,,,,,,,,,,,,,,,,,,,,,true,true,12,2022-04-01,2023-03-31,0
2022-10-28,19460,2022-03-31,2,,,,,,,,,,,,,,,,,,,,301599000000,126596000000,0.420,6772.38,126570000000,,,,,,,,,,,,true,false,12,2021-04-01,2022-03-31,-1
2022-10-28,19460,2022-03-31,2,,,,,,,,,,,,,,,,,,,,,,,,,,,,,135.00,,,,19329990,640758,,false,false,12,2021-04-01,2022-03-31,-1
2022-10-28,19460,2023-03-31,2,,,,,,,,,,,,,,,,,,,,,,,,,,,,,45.00,,,,,,,false,false,12,2022-04-01,2023-03-31,0
2022-10-28,19460,2023-03-31,2,,,,,,,,,,,,,,,,,,,,,,,,,,,,,140.00,,,,,,,false,true,12,2022-04-01,2023-03-31,0
2022-10-28,19460,2023-03-31,2,,,,,,,,,,,,,,,,,,,,,,,,,,,,,,,,,19329990,635334,18691035,false,false,6,2022-04-01,2022-09-30,0
2022-10-28,19460,2022-03-31,2,,,,,,,,,,,,,,,,,,,,,,,,,,,,,,,,,,,18689749,false,false,6,2021-04-01,2021-09-30,-1
2022-10-28,19460,2023-03-31,,107608000000,-0.013,,,,,4768000000,-0.007,4120000000,-0.019,,-7133000000,,-381.66,,,,,,,,,,,,,,,,,,,,,,true,true,6,2022-04-01,2022-09-30,0
2022-10-28,19460,2022-03-31,,100526000000,,,,,,5087000000,,4589000000,,,3026000000,,161.91,,,,,,,,,,,,,,,,,,,,,,true,false,6,2021-04-01,2021-09-30,-1
2022-10-28,19460,2023-03-31,,247000000000,0.000,,,,,14100000000,0.000,13000000000,0.000,,-1000000000,,-53.50,,,,,,,,,,,,,,,,,,,,,,true,true,12,2022-04-01,2023-03-31,0
2022-10-28,19460,2022-03-31,,219617000000,,,,,,14072000000,,13394000000,,,8283000000,,443.23,,,,,,,,,,,,,,,,,,,,,,true,false,12,2021-04-01,2022-03-31,-1
2022-10-28,19460,2023-03-31,,96674000000,-0.014,,,,,4031000000,-0.017,3801000000,0.056,-7167000000,,,-383.48,,,,,,,,,,,,,,,,,,,,,,false,true,6,2022-04-01,2022-09-30,0
2022-10-28,19460,2022-03-31,,88446000000,,,,,,3829000000,,3426000000,,2321000000,,,124.22,,,,,,,,,,,,,,,,,,,,,,false,false,6,2021-04-01,2021-09-30,-1
2022-10-28,19460,2023-03-31,,222000000000,0.000,,,,,12400000000,0.000,11300000000,0.000,-2100000000,,,-112.34,,,,,,,,,,,,,,,,,,,,,,false,true,12,2022-04-01,2023-03-31,0
2022-10-28,19460,2022-03-31,,197749000000,,,,,,12202000000,,11053000000,,6724000000,,,359.80,,,,,,,,,,,,,,,,,,,,,,false,false,12,2021-04-01,2022-03-31,-1
2023-01-30,1946,2023-03-31,3,163202000000,0.054,,,,,6060000000,-0.268,5077000000,-0.340,,-6453000000,,-345.25,,,,,,290602000000,118095000000,0.406,6315.22,118059000000,,,,,,,,,,,,true,false,9,2022-04-01,2022-12-31,0
2023-01-30,1946,2022-03-31,3,154817000000,0.005,,,,,8281000000,-0.204,7698000000,-0.225,,5403000000,,289.13,,,,,,,,,,,,,,,,,,,,,,true,false,9,2021-04-01,2021-12-31,-1
2023-01-30,1946,2023-03-31,3,235000000000,0.070,,,,,11100000000,-0.211,9700000000,-0.276,,-3300000000,,-176.54,,,,,,,,,,,,,,,,,,,,,,true,true,12,2022-04-01,2023-03-31,0
2023-01-30,1946,2022-03-31,3,,,,,,,,,,,,,,,,,,,,301599000000,126596000000,0.420,6772.38,126570000000,,,,,,,,,,,,true,false,12,2021-04-01,2022-03-31,-1
2023-01-30,1946,2022-03-31,3,,,,,,,,,,,,,,,,,,,,,,,,,,,,,135.00,,,,19329990,640758,,false,false,12,2021-04-01,2022-03-31,-1
2023-01-30,1946,2023-03-31,3,,,,,,,,,,,,,,,,,,,,,,,,,,,,,45.00,,,,,,,false,false,12,2022-04-01,2023-03-31,0
2023-01-30,1946,2023-03-31,3,,,,,,,,,,,,,,,,,,,,,,,,,,,,,140.00,,,,,,,false,true,12,2022-04-01,2023-03-31,0
2023-01-30,1946,2023-03-31,3,,,,,,,,,,,,,,,,,,,,,,,,,,,,,,,,,19329990,635587,18692192,false,false,9,2022-04-01,2022-12-31,0
2023-01-30,1946,2022-03-31,3,,,,,,,,,,,,,,,,,,,,,,,,,,,,,,,,,,,18689689,false,false,9,2021-04-01,2021-12-31,-1
2023-01-30,19460,2023-03-31,,235000000000,-0.049,,,,,11100000000,-0.213,9700000000,-0.254,,-3300000000,,-176.54,,,,,,,,,,,,,,,,,,,,,,true,true,12,2022-04-01,2023-03-31,0
2023-01-30,19460,2022-03-31,,219617000000,,,,,,14072000000,,13394000000,,,8283000000,,443.23,,,,,,,,,,,,,,,,,,,,,,true,false,12,2021-04-01,2022-03-31,-1
2023-01-30,19460,2023-03-31,,211000000000,-0.050,,,,,9500000000,-0.234,8500000000,-0.248,-4000000000,,,-213.99,,,,,,,,,,,,,,,,,,,,,,false,true,12,2022-04-01,2023-03-31,0
2023-01-30,19460,2022-03-31,,197749000000,,,,,,12202000000,,11053000000,,6724000000,,,359.80,,,,,,,,,,,,,,,,,,,,,,false,false,12,2021-04-01,2022-03-31,-1
2023-03-28,19460,2023-03-31,,235000000000,0.000,,,,,11100000000,0.000,9700000000,0.000,,-5000000000,,-267.48,,,,,,,,,,,,,,,,,,,,,,true,true,12,2022-04-01,2023-03-31,0
2023-03-28,19460,2022-03-31,,219617000000,,,,,,14072000000,,13394000000,,,8283000000,,443.23,,,,,,,,,,,,,,,,,,,,,,true,false,12,2021-04-01,2022-03-31,-1
2023-03-28,19460,2023-03-31,,211000000000,0.000,,,,,9500000000,0.000,8500000000,0.000,-5700000000,,,-304.93,,,,,,,,,,,,,,,95.00,,,,,,,false,true,12,2022-04-01,2023-03-31,0
2023-03-28,19460,2022-03-31,,197749000000,,,,,,12202000000,,11053000000,,6724000000,,,359.80,,,,,,,,,,,,,,,135.00,,,,,,,false,false,12,2021-04-01,2022-03-31,-1
2023-03-28,19460,2023-03-31,,,,,,,,,,,,,,,,,,,,,,,,,,,,,,45.00,,,,,,,false,false,12,2022-04-01,2023-03-31,0
2023-04-28,1946,2023-03-31,,232053000000,0.057,,,,,10287000000,-0.269,8983000000,-0.329,,-5548000000,,-296.83,,-0.046,0.030,0.044,,300172000000,117193000000,0.390,6267.16,117159000000,12640000000,-2119000000,-8358000000,30601000000,,,,,,,,true,false,12,2022-04-01,2023-03-31,0
2023-04-28,1946,2022-03-31,,219617000000,0.018,,,,,14072000000,-0.093,13394000000,-0.024,,8283000000,,443.23,,0.067,0.044,0.064,,301599000000,126596000000,0.420,6772.38,126570000000,5943000000,2969000000,-27522000000,28424000000,,0.305,,,,,,true,false,12,2021-04-01,2022-03-31,-1
2023-04-28,1946,2024-03-31,,120000000000,0.115,,,,,6800000000,0.426,6400000000,0.553,,4400000000,,235.37,,,,,,,,,,,,,,,,,,,,,,true,true,6,2023-04-01,2023-09-30,1
2023-04-28,1946,2024-03-31,,245000000000,0.056,,,,,13000000000,0.264,12000000000,0.336,,8000000000,,427.94,,,,,,,,,,,,,,,,0.304,,,,,,true,true,12,2023-04-01,2024-03-31,1
2023-04-28,1946,2023-03-31,,207618000000,0.050,,,,,8373000000,-0.314,7412000000,-0.329,-6502000000,,,-347.86,,,,,,268781000000,95637000000,0.356,5115.88,95637000000,,,,,95.00,,,,19329990,635825,18692720,false,false,12,2022-04-01,2023-03-31,0
2023-04-28,1946,2022-03-31,,197749000000,0.007,,,,,12202000000,-0.086,11053000000,-0.097,6724000000,,-0.078,359.80,,,,,,274375000000,104789000000,0.382,5606.94,104789000000,,,,,135.00,,,,19329990,640758,18689603,false,false,12,2021-04-01,2022-03-31,-1
2023-04-28,1946,2024-03-31,,108000000000,0.117,,,,,6200000000,0.538,5800000000,0.526,4000000000,,,213.97,,,,,,,,,,,,,,,,,,,,,,false,true,6,2023-04-01,2023-09-30,1
2023-04-28,1946,2024-03-31,,220000000000,0.060,,,,,11500000000,0.373,10500000000,0.417,7000000000,,,374.45,,,,,,,,,,,,,,,130.00,,,,,,,false,true,12,2023-04-01,2024-03-31,1
2023-07-28,1946,2024-03-31,1,58026000000,0.109,,,,,2937000000,0.170,2849000000,0.262,,1719000000,,91.98,,,,,,296215000000,119437000000,0.403,6386.95,119397000000,,,,,,,,,,,,true,false,3,2023-04-01,2023-06-30,0
2023-07-28,1946,2023-03-31,1,52301000000,0.056,,,,,2510000000,-0.046,2257000000,-0.036,,1376000000,,73.67,,,,,,,,,,,,,,,,,,,,,,true,false,3,2022-04-01,2022-06-30,-1
2023-07-28,1946,2024-03-31,1,120000000000,0.115,,,,,6800000000,0.426,6400000000,0.553,,4400000000,,235.37,,,,,,,,,,,,,,,,,,,,,,true,true,6,2023-04-01,2023-09-30,0
2023-07-28,1946,2024-03-31,1,245000000000,0.056,,,,,13000000000,0.264,12000000000,0.336,,8000000000,,427.94,,,,,,,,,,,,,,,,,,,,,,true,true,12,2023-04-01,2024-03-31,0
2023-07-28,1946,2023-03-31,1,,,,,,,,,,,,,,,,,,,,300172000000,117193000000,0.390,6267.16,117159000000,,,,,,,,,,,,true,false,12,2022-04-01,2023-03-31,-1
2023-07-28,1946,2023-03-31,1,,,,,,,,,,,,,,,,,,,,,,,,,,,,,95.00,,,,19329990,635825,,false,false,12,2022-04-01,2023-03-31,-1
2023-07-28,1946,2024-03-31,1,,,,,,,,,,,,,,,,,,,,,,,,,,,,,130.00,,,,,,,false,true,12,2023-04-01,2024-03-31,0
2023-07-28,1946,2024-03-31,1,,,,,,,,,,,,,,,,,,,,,,,,,,,,,,,,,19329990,635974,18694104,false,false,3,2023-04-01,2023-06-30,0
2023-07-28,1946,2023-03-31,1,,,,,,,,,,,,,,,,,,,,,,,,,,,,,,,,,,,18689201,false,false,3,2022-04-01,2022-06-30,-1
2023-10-27,1946,2024-03-31,2,120581000000,0.121,,,,,6908000000,0.449,6501000000,0.578,,4072000000,,217.81,,,,,,297207000000,122701000000,0.413,6559.24,122655000000,,,,,,,,,,,,true,false,6,2023-04-01,2023-09-30,0
2023-10-27,1946,2023-03-31,2,107608000000,0.070,,,,,4768000000,-0.063,4120000000,-0.102,,-7133000000,,-381.66,,,,,,,,,,,,,,,,,,,,,,true,false,6,2022-04-01,2022-09-30,-1
2023-10-27,1946,2024-03-31,2,245000000000,0.056,,,,,13000000000,0.264,12000000000,0.336,,8000000000,,427.86,,,,,,,,,,,,,,,,,,,,,,true,true,12,2023-04-01,2024-03-31,0
2023-10-27,1946,2023-03-31,2,,,,,,,,,,,,,,,,,,,,300172000000,117193000000,0.390,6267.16,117159000000,,,,,,,,,,,,true,false,12,2022-04-01,2023-03-31,-1
2023-10-27,1946,2023-03-31,2,,,,,,,,,,,,,,,,,,,,,,,,,,,,,95.00,,,,19329990,635825,,false,false,12,2022-04-01,2023-03-31,-1
2023-10-27,1946,2024-03-31,2,,,,,,,,,,,,,,,,,,,,,,,,,,,,,60.00,,,,,,,false,false,12,2023-04-01,2024-03-31,0
2023-10-27,1946,2024-03-31,2,,,,,,,,,,,,,,,,,,,,,,,,,,,,,130.00,,,,,,,false,true,12,2023-04-01,2024-03-31,0
2023-10-27,1946,2024-03-31,2,,,,,,,,,,,,,,,,,,,,,,,,,,,,,,,,,19329990,630281,18695958,false,false,6,2023-04-01,2023-09-30,0
2023-10-27,1946,2023-03-31,2,,,,,,,,,,,,,,,,,,,,,,,,,,,,,,,,,,,18691035,false,false,6,2022-04-01,2022-09-30,-1
2024-01-31,1946,2024-03-31,3,182471000000,0.118,,,,,9966000000,0.645,8994000000,0.771,,5357000000,,286.56,,,,,,297757000000,122907000000,0.413,6570.18,122859000000,,,,,,,,,,,,true,false,9,2023-04-01,2023-12-31,0
2024-01-31,1946,2023-03-31,3,163202000000,0.054,,,,,6060000000,-0.268,5077000000,-0.340,,-6453000000,,-345.25,,,,,,,,,,,,,,,,,,,,,,true,false,9,2022-04-01,2022-12-31,-1
2024-01-31,1946,2024-03-31,3,254000000000,0.095,,,,,14000000000,0.361,10600000000,0.180,,8200000000,,438.55,,,,,,,,,,,,,,,,,,,,,,true,true,12,2023-04-01,2024-03-31,0
2024-01-31,1946,2023-03-31,3,,,,,,,,,,,,,,,,,,,,300172000000,117193000000,0.390,6267.16,117159000000,,,,,,,,,,,,true,false,12,2022-04-01,2023-03-31,-1
2024-01-31,1946,2023-03-31,3,,,,,,,,,,,,,,,,,,,,,,,,,,,,,95.00,,,,19329990,635825,,false,false,12,2022-04-01,2023-03-31,-1
2024-01-31,1946,2024-03-31,3,,,,,,,,,,,,,,,,,,,,,,,,,,,,,60.00,,,,,,,false,false,12,2023-04-01,2024-03-31,0
2024-01-31,1946,2024-03-31,3,,,,,,,,,,,,,,,,,,,,,,,,,,,,,180.00,,,,,,,false,true,12,2023-04-01,2024-03-31,0
2024-01-31,1946,2024-03-31,3,,,,,,,,,,,,,,,,,,,,,,,,,,,,,,,,,19329990,630361,18697186,false,false,9,2023-04-01,2023-12-31,0
2024-01-31,1946,2023-03-31,3,,,,,,,,,,,,,,,,,,,,,,,,,,,,,,,,,,,18692192,false,false,9,2022-04-01,2022-12-31,-1
2024-01-31,19460,2024-03-31,,254000000000,0.037,,,,,14000000000,0.077,10600000000,-0.117,,8200000000,,438.55,,,,,,,,,,,,,,,,,,,,,,true,true,12,2023-04-01,2024-03-31,0
2024-01-31,19460,2023-03-31,,232053000000,,,,,,10287000000,,8983000000,,,-5548000000,,-296.83,,,,,,,,,,,,,,,,,,,,,,true,false,12,2022-04-01,2023-03-31,-1
2024-01-31,19460,2024-03-31,,225000000000,0.023,,,,,12300000000,0.070,12200000000,0.162,8000000000,,0.143,427.86,,,,,,,,,,,,,,,,,,,,,,false,true,12,2023-04-01,2024-03-31,0
2024-01-31,19460,2023-03-31,,207618000000,,,,,,8373000000,,7412000000,,-6502000000,,,-347.86,,,,,,,,,,,,,,,,,,,,,,false,false,12,2022-04-01,2023-03-31,-1
,19460,2024-03-31,,,,,,,,,,,,,,,,,,,,,,,,,,,,,,180.00,,,,,,,false,true,12,2023-04-01,2024-03-31,0
,19460,2024-03-31,,,,,,,,,,,,,,,,,,,,,,,,,,,,,,60.00,,,,,,,false,false,12,2023-04-01,2024-03-31,0
,19460,2023-03-31,,,,,,,,,,,,,,,,,,,,,,,,,,,,,,95.00,,,,,,,false,false,12,2022-04-01,2023-03-31,-1
2024-04-26,1946,2024-03-31,,252863000000,0.090,,,,,15910000000,0.547,12679000000,0.411,,9345000000,,499.80,,0.075,0.042,0.063,,304931000000,131140000000,0.430,7010.78,131097000000,19118000000,-2060000000,-9903000000,38018000000,,0.400,,,,,,true,false,12,2023-04-01,2024-03-31,0
2024-04-26,1946,2023-03-31,,232053000000,0.057,,,,,10287000000,-0.269,8983000000,-0.329,,-5548000000,,-296.83,,-0.046,0.030,0.044,,300172000000,117193000000,0.390,6267.16,117159000000,12640000000,-2119000000,-8358000000,30601000000,,,,,,,,true,false,12,2022-04-01,2023-03-31,-1
2024-04-26,1946,2025-03-31,,125000000000,0.037,,,,,6200000000,-0.102,6000000000,-0.077,,4200000000,,224.61,,,,,,,,,,,,,,,,,,,,,,true,true,6,2024-04-01,2024-09-30,1
2024-04-26,1946,2025-03-31,,263000000000,0.040,,,,,13000000000,-0.183,12000000000,-0.054,,8400000000,,449.21,,,,,,,,,,,,,,,,0.445,,,,,,true,true,12,2024-04-01,2025-03-31,1
2024-04-26,1946,2024-03-31,,224658000000,0.082,,,,,13477000000,0.610,13360000000,0.802,8681000000,,,464.32,,,,,,275165000000,103878000000,0.378,5555.17,103878000000,,,,,200.00,,,,19329990,630600,18697757,false,false,12,2023-04-01,2024-03-31,0
2024-04-26,1946,2023-03-31,,207618000000,0.050,,,,,8373000000,-0.314,7412000000,-0.329,-6502000000,,,-347.86,,,,,,268781000000,95637000000,0.356,5115.88,95637000000,,,,,95.00,,,,19329990,635825,18692720,false,false,12,2022-04-01,2023-03-31,-1
2024-04-26,1946,2025-03-31,,113000000000,0.052,,,,,5600000000,-0.039,5300000000,-0.089,3600000000,,-0.054,192.52,,,,,,,,,,,,,,,,,,,,,,false,true,6,2024-04-01,2024-09-30,1
2024-04-26,1946,2025-03-31,,230000000000,0.024,,,,,11500000000,-0.147,10600000000,-0.207,7500000000,,-0.136,401.08,,,,,,,,,,,,,,,200.00,,,,,,,false,true,12,2024-04-01,2025-03-31,1
,19460,2025-03-31,,,,,,,,,,,,,,,,,,,,,,,,,,,,,,20.00,,,,,,,false,true,12,2024-04-01,2025-03-31,0
,19460,2024-03-31,,,,,,,,,,,,,,,,,,,,,,,,,,,,,,200.00,,,,,,,false,false,12,2023-04-01,2024-03-31,-1
2024-07-31,1946,2025-03-31,1,59980000000,0.034,,,,,2679000000,-0.088,2641000000,-0.073,,1917000000,,102.54,,,,,,300927000000,130579000000,0.433,6972.42,130378000000,,,,,,,,,,,,true,false,3,2024-04-01,2024-06-30,0
2024-07-31,1946,2024-03-31,1,58026000000,0.109,,,,,2937000000,0.170,2849000000,0.262,,1719000000,,91.98,,,,,,,,,,,,,,,,,,,,,,true,false,3,2023-04-01,2023-06-30,-1
2024-07-31,1946,2025-03-31,1,125000000000,0.037,,,,,6200000000,-0.102,6000000000,-0.077,,4200000000,,224.61,,,,,,,,,,,,,,,,,,,,,,true,true,6,2024-04-01,2024-09-30,0
2024-07-31,1946,2025-03-31,1,263000000000,0.040,,,,,13000000000,-0.183,12000000000,-0.054,,8400000000,,89.84,,,,,,,,,,,,,,,,,,,,,,true,true,12,2024-04-01,2025-03-31,0
2024-07-31,1946,2024-03-31,1,,,,,,,,,,,,,,,,,,,,304931000000,131140000000,0.430,7010.78,131097000000,,,,,,,,,,,,true,false,12,2023-04-01,2024-03-31,-1
2024-07-31,1946,2024-03-31,1,,,,,,,,,,,,,,,,,,,,,,,,,,,,,200.00,,,,19329990,630600,,false,false,12,2023-04-01,2024-03-31,-1
2024-07-31,1946,2025-03-31,1,,,,,,,,,,,,,,,,,,,,,,,,,,,,,20.00,,,,,,,false,true,12,2024-04-01,2025-03-31,0
2024-07-31,1946,2025-03-31,1,,,,,,,,,,,,,,,,,,,,,,,,,,,,,,,,,19329990,630772,18699241,false,false,3,2024-04-01,2024-06-30,0
2024-07-31,1946,2024-03-31,1,,,,,,,,,,,,,,,,,,,,,,,,,,,,,,,,,,,18694104,false,false,3,2023-04-01,2023-06-30,-1
2024-08-06,1946,2025-03-31,1,59980000000,0.034,,,,,2679000000,-0.088,2641000000,-0.073,,1917000000,,102.54,,,,,,300927000000,130579000000,0.433,6972.42,130378000000,,,,,,,,,,,,true,false,3,2024-04-01,2024-06-30,0
2024-08-06,1946,2024-03-31,1,58026000000,0.109,,,,,2937000000,0.170,2849000000,0.262,,1719000000,,91.98,,,,,,,,,,,,,,,,,,,,,,true,false,3,2023-04-01,2023-06-30,-1
2024-08-06,1946,2025-03-31,1,125000000000,0.037,,,,,6200000000,-0.102,6000000000,-0.077,,4200000000,,224.61,,,,,,,,,,,,,,,,,,,,,,true,true,6,2024-04-01,2024-09-30,0
2024-08-06,1946,2025-03-31,1,263000000000,0.040,,,,,13000000000,-0.183,12000000000,-0.054,,8400000000,,89.84,,,,,,,,,,,,,,,,,,,,,,true,true,12,2024-04-01,2025-03-31,0
2024-08-06,1946,2024-03-31,1,,,,,,,,,,,,,,,,,,,,304931000000,131140000000,0.430,7010.78,131097000000,,,,,,,,,,,,true,false,12,2023-04-01,2024-03-31,-1
2024-08-06,1946,2024-03-31,1,,,,,,,,,,,,,,,,,,,,,,,,,,,,,200.00,,,,19329990,630600,,false,false,12,2023-04-01,2024-03-31,-1
2024-08-06,1946,2025-03-31,1,,,,,,,,,,,,,,,,,,,,,,,,,,,,,20.00,,,,,,,false,true,12,2024-04-01,2025-03-31,0
2024-08-06,1946,2025-03-31,1,,,,,,,,,,,,,,,,,,,,,,,,,,,,,,,,,19329990,630772,18699241,false,false,3,2024-04-01,2024-06-30,0
2024-08-06,1946,2024-03-31,1,,,,,,,,,,,,,,,,,,,,,,,,,,,,,,,,,,,18694104,false,false,3,2023-04-01,2023-06-30,-1
2024-10-29,1946,2025-03-31,2,126846000000,0.052,,,,,6467000000,-0.064,5894000000,-0.093,,2865000000,,30.69,,,,,,299558000000,130499000000,0.435,1404.36,130448000000,,,,,,,,,,,,true,false,6,2024-04-01,2024-09-30,0
2024-10-29,1946,2024-03-31,2,120581000000,0.121,,,,,6908000000,0.449,6501000000,0.578,,4072000000,,43.56,,,,,,,,,,,,,,,,,,,,,,true,false,6,2023-04-01,2023-09-30,-1
2024-10-29,1946,2025-03-31,2,275000000000,0.088,,,,,15000000000,-0.057,14300000000,0.128,,8700000000,,93.43,,,,,,,,,,,,,,,,,,,,,,true,true,12,2024-04-01,2025-03-31,0
2024-10-29,1946,2024-03-31,2,,,,,,,,,,,,,,,,,,,,304931000000,131140000000,0.430,1402.16,131097000000,,,,,,,,,,,,true,false,12,2023-04-01,2024-03-31,-1
2024-10-29,1946,2024-03-31,2,,,,,,,,,,,,,,,,,,,,,,,,,,,,,200.00,,,,96649950,3153000,,false,false,12,2023-04-01,2024-03-31,-1
2024-10-29,1946,2025-03-31,2,,,,,,,,,,,,,,,,,,,,,,,,,,,,,100.00,,,,,,,false,false,12,2024-04-01,2025-03-31,0
2024-10-29,1946,2025-03-31,2,,,,,,,,,,,,,,,,,,,,,,,,,,,,,20.00,,,,,,,false,true,12,2024-04-01,2025-03-31,0
2024-10-29,1946,2025-03-31,2,,,,,,,,,,,,,,,,,,,,,,,,,,,,,,,,,96649950,3762130,93344197,false,false,6,2024-04-01,2024-09-30,0
2024-10-29,1946,2024-03-31,2,,,,,,,,,,,,,,,,,,,,,,,,,,,,,,,,,,,93479788,false,false,6,2023-04-01,2023-09-30,-1
2024-10-29,19460,2025-03-31,,126846000000,0.015,,,,,6467000000,0.043,5894000000,-0.018,,2865000000,,30.69,,,,,,,,,,,,,,,,,,,,,,true,true,6,2024-04-01,2024-09-30,0
2024-10-29,19460,2024-03-31,,120581000000,,,,,,6908000000,,6501000000,,,4072000000,,43.56,,,,,,,,,,,,,,,,,,,,,,true,false,6,2023-04-01,2023-09-30,-1
2024-10-29,19460,2025-03-31,,275000000000,0.046,,,,,15000000000,0.154,14300000000,0.192,,8700000000,,93.43,,,,,,,,,,,,,,,,,,,,,,true,true,12,2024-04-01,2025-03-31,0
2024-10-29,19460,2024-03-31,,252863000000,,,,,,15910000000,,12679000000,,,9345000000,,99.96,,,,,,,,,,,,,,,,,,,,,,true,false,12,2023-04-01,2024-03-31,-1
2024-10-29,19460,2025-03-31,,114230000000,0.011,,,,,6125000000,0.094,5956000000,0.124,585000000,,-0.837,6.27,,,,,,,,,,,,,,,,,,,,,,false,true,6,2024-04-01,2024-09-30,0
2024-10-29,19460,2024-03-31,,107393000000,,,,,,5826000000,,5820000000,,3807000000,,,40.73,,,,,,,,,,,,,,,,,,,,,,false,false,6,2023-04-01,2023-09-30,-1
2024-10-29,19460,2025-03-31,,243000000000,0.057,,,,,14000000000,0.217,13500000000,0.274,6300000000,,-0.160,67.66,,,,,,,,,,,,,,,,,,,,,,false,true,12,2024-04-01,2025-03-31,0
2024-10-29,19460,2024-03-31,,224658000000,,,,,,13477000000,,13360000000,,8681000000,,,92.86,,,,,,,,,,,,,,,,,,,,,,false,false,12,2023-04-01,2024-03-31,-1
2025-02-03,1946,2025-03-31,3,198313000000,0.087,,,,,10063000000,0.010,9714000000,0.080,,6054000000,,64.98,,,,,,309461000000,130337000000,0.421,1403.73,130285000000,,,,,,,,,,,,true,false,9,2024-04-01,2024-12-31,0
2025-02-03,1946,2024-03-31,3,182471000000,0.118,,,,,9966000000,0.645,8994000000,0.771,,5357000000,,57.31,,,,,,,,,,,,,,,,,,,,,,true,false,9,2023-04-01,2023-12-31,-1
2025-02-03,1946,2025-03-31,3,275000000000,0.088,,,,,15000000000,-0.057,14300000000,0.128,,8700000000,,93.47,,,,,,,,,,,,,,,,,,,,,,true,true,12,2024-04-01,2025-03-31,0
2025-02-03,1946,2024-03-31,3,,,,,,,,,,,,,,,,,,,,304931000000,131140000000,0.430,1402.16,131097000000,,,,,,,,,,,,true,false,12,2023-04-01,2024-03-31,-1
2025-02-03,1946,2024-03-31,3,,,,,,,,,,,,,,,,,,,,,,,,,,,,,200.00,,,,96649500,3153000,,false,false,12,2023-04-01,2024-03-31,-1
2025-02-03,1946,2025-03-31,3,,,,,,,,,,,,,,,,,,,,,,,,,,,,,100.00,,,,,,,false,false,12,2024-04-01,2025-03-31,0
2025-02-03,1946,2025-03-31,3,,,,,,,,,,,,,,,,,,,,,,,,,,,,,20.00,,,,,,,false,true,12,2024-04-01,2025-03-31,0
2025-02-03,1946,2025-03-31,3,,,,,,,,,,,,,,,,,,,,,,,,,,,,,,,,,96649950,3836130,93167404,false,false,9,2024-04-01,2024-12-31,0
2025-02-03,1946,2024-03-31,3,,,,,,,,,,,,,,,,,,,,,,,,,,,,,,,,,,,93485929,false,false,9,2023-04-01,2023-12-31,-1
2025-02-07,1946,2025-03-31,3,198313000000,0.087,,,,,10063000000,0.010,9714000000,0.080,,6054000000,,64.98,,,,,,309461000000,130337000000,0.421,1403.73,130285000000,,,,,,,,,,,,true,false,9,2024-04-01,2024-12-31,0
2025-02-07,1946,2024-03-31,3,182471000000,0.118,,,,,9966000000,0.645,8994000000,0.771,,5357000000,,57.31,,,,,,,,,,,,,,,,,,,,,,true,false,9,2023-04-01,2023-12-31,-1
2025-02-07,1946,2025-03-31,3,275000000000,0.088,,,,,15000000000,-0.057,14300000000,0.128,,8700000000,,93.47,,,,,,,,,,,,,,,,,,,,,,true,true,12,2024-04-01,2025-03-31,0
2025-02-07,1946,2024-03-31,3,,,,,,,,,,,,,,,,,,,,304931000000,131140000000,0.430,1402.16,131097000000,,,,,,,,,,,,true,false,12,2023-04-01,2024-03-31,-1
2025-02-07,1946,2024-03-31,3,,,,,,,,,,,,,,,,,,,,,,,,,,,,,200.00,,,,96649500,3153000,,false,false,12,2023-04-01,2024-03-31,-1
2025-02-07,1946,2025-03-31,3,,,,,,,,,,,,,,,,,,,,,,,,,,,,,100.00,,,,,,,false,false,12,2024-04-01,2025-03-31,0
2025-02-07,1946,2025-03-31,3,,,,,,,,,,,,,,,,,,,,,,,,,,,,,20.00,,,,,,,false,true,12,2024-04-01,2025-03-31,0
2025-02-07,1946,2025-03-31,3,,,,,,,,,,,,,,,,,,,,,,,,,,,,,,,,,96649950,3836130,93167404,false,false,9,2024-04-01,2024-12-31,0
2025-02-07,1946,2024-03-31,3,,,,,,,,,,,,,,,,,,,,,,,,,,,,,,,,,,,93485929,false,false,9,2023-04-01,2023-12-31,-1
2025-04-28,1946,2025-03-31,,270966000000,0.072,,,,,16041000000,0.008,15360000000,0.211,,10765000000,,115.66,,0.080,0.050,0.059,,310561000000,136681000000,0.440,1472.09,136630000000,19014000000,-3082000000,-13670000000,40299000000,,0.432,,,,,,true,false,12,2024-04-01,2025-03-31,0
2025-04-28,1946,2024-03-31,,252863000000,0.090,,,,,15910000000,0.547,12679000000,0.411,,9345000000,,99.96,,0.075,0.042,0.063,,304931000000,131140000000,0.430,1402.16,131097000000,19118000000,-2060000000,-9903000000,38018000000,,0.400,,,,,,true,false,12,2023-04-01,2024-03-31,-1
2025-04-28,1946,2026-03-31,,131000000000,0.033,,,,,7800000000,0.206,7500000000,0.272,,5000000000,,53.87,,,,,,,,,,,,,,,,,,,,,,true,true,6,2025-04-01,2025-09-30,1
2025-04-28,1946,2026-03-31,,277000000000,0.022,,,,,18000000000,0.122,17000000000,0.107,,12000000000,,129.29,,,,,,,,,,,,,,,,0.402,,,,,,true,true,12,2025-04-01,2026-03-31,1
2025-04-28,1946,2025-03-31,,243849000000,0.085,,,,,15744000000,0.168,15292000000,0.145,9661000000,,0.113,103.80,,,,,,279506000000,105994000000,0.379,1142.02,105994000000,,,,,30.00,,,,96649950,3836310,93078983,false,false,12,2024-04-01,2025-03-31,0
2025-04-28,1946,2024-03-31,,224658000000,0.082,,,,,13477000000,0.610,13360000000,0.802,8681000000,,,92.86,,,,,,275165000000,103878000000,0.378,1111.03,103878000000,,,,,200.00,,,,96649950,3153000,93488786,false,false,12,2023-04-01,2024-03-31,-1
2025-04-28,1946,2026-03-31,,116000000000,0.015,,,,,7000000000,0.143,7200000000,0.209,5000000000,,7.539,53.87,,,,,,,,,,,,,,,,,,,,,,false,true,6,2025-04-01,2025-09-30,1
2025-04-28,1946,2026-03-31,,244000000000,0.001,,,,,16500000000,0.048,16000000000,0.046,11500000000,,0.190,123.90,,,,,,,,,,,,,,,52.00,,,,,,,false,true,12,2025-04-01,2026-03-31,1
2025-04-28,19460,2025-03-31,,270966000000,-0.015,,,,,16041000000,0.069,15360000000,0.074,,10765000000,,115.66,,,,,,,,,,,,,,,,,,,,,,true,true,12,2024-04-01,2025-03-31,0
2025-04-28,19460,2024-03-31,,252863000000,,,,,,15910000000,,12679000000,,,9345000000,,99.96,,,,,,,,,,,,,,,,,,,,,,true,false,12,2023-04-01,2024-03-31,-1
2025-04-28,19460,2025-03-31,,243849000000,0.003,,,,,15744000000,0.125,15292000000,0.133,9661000000,,0.534,103.80,,,,,,,,,,,,,,,,,,,,,,false,true,12,2024-04-01,2025-03-31,0
2025-04-28,19460,2024-03-31,,224658000000,,,,,,13477000000,,13360000000,,8681000000,,,92.86,,,,,,,,,,,,,,,,,,,,,,false,false,12,2023-04-01,2024-03-31,-1
2025-07-29,1946,2026-03-31,1,61158000000,0.020,,,,,3429000000,0.280,3377000000,0.279,,2056000000,,22.16,,,,,,292955000000,135496000000,0.462,1459.34,135446000000,,,,,,,,,,,,true,false,3,2025-04-01,2025-06-30,0
2025-07-29,1946,2025-03-31,1,59980000000,0.034,,,,,2679000000,-0.088,2641000000,-0.073,,1917000000,,20.51,,,,,,,,,,,,,,,,,,,,,,true,false,3,2024-04-01,2024-06-30,-1
2025-07-29,1946,2026-03-31,1,131000000000,0.033,,,,,7800000000,0.206,7500000000,0.272,,5000000000,,53.87,,,,,,,,,,,,,,,,,,,,,,true,true,6,2025-04-01,2025-09-30,0
2025-07-29,1946,2026-03-31,1,277000000000,0.022,,,,,18000000000,0.122,17000000000,0.107,,12000000000,,129.29,,,,,,,,,,,,,,,,,,,,,,true,true,12,2025-04-01,2026-03-31,0
2025-07-29,1946,2025-03-31,1,,,,,,,,,,,,,,,,,,,,310561000000,136681000000,0.440,1472.09,136630000000,,,,,,,,,,,,true,false,12,2024-04-01,2025-03-31,-1
2025-07-29,1946,2025-03-31,1,,,,,,,,,,,,,,,,,,,,,,,,,,,,,30.00,,,,96649950,3836310,,false,false,12,2024-04-01,2025-03-31,-1
2025-07-29,1946,2026-03-31,1,,,,,,,,,,,,,,,,,,,,,,,,,,,,,52.00,,,,,,,false,true,12,2025-04-01,2026-03-31,0
2025-07-29,1946,2026-03-31,1,,,,,,,,,,,,,,,,,,,,,,,,,,,,,,,,,96649950,3836320,92813633,false,false,3,2025-04-01,2025-06-30,0
2025-07-29,1946,2025-03-31,1,,,,,,,,,,,,,,,,,,,,,,,,,,,,,,,,,,,93496207,false,false,3,2024-04-01,2024-06-30,-1
2025-08-06,1946,2026-03-31,1,61158000000,0.020,,,,,3429000000,0.280,3377000000,0.279,,2056000000,,22.16,,,,,,292955000000,135496000000,0.462,1459.34,135446000000,,,,,,,,,,,,true,false,3,2025-04-01,2025-06-30,0
2025-08-06,1946,2025-03-31,1,59980000000,0.034,,,,,2679000000,-0.088,2641000000,-0.073,,1917000000,,20.51,,,,,,,,,,,,,,,,,,,,,,true,false,3,2024-04-01,2024-06-30,-1
2025-08-06,1946,2026-03-31,1,131000000000,0.033,,,,,7800000000,0.206,7500000000,0.272,,5000000000,,53.87,,,,,,,,,,,,,,,,,,,,,,true,true,6,2025-04-01,2025-09-30,0
2025-08-06,1946,2026-03-31,1,277000000000,0.022,,,,,18000000000,0.122,17000000000,0.107,,12000000000,,129.29,,,,,,,,,,,,,,,,,,,,,,true,true,12,2025-04-01,2026-03-31,0
2025-08-06,1946,2025-03-31,1,,,,,,,,,,,,,,,,,,,,310561000000,136681000000,0.440,1472.09,136630000000,,,,,,,,,,,,true,false,12,2024-04-01,2025-03-31,-1
2025-08-06,1946,2025-03-31,1,,,,,,,,,,,,,,,,,,,,,,,,,,,,,30.00,,,,96649950,3836310,,false,false,12,2024-04-01,2025-03-31,-1
2025-08-06,1946,2026-03-31,1,,,,,,,,,,,,,,,,,,,,,,,,,,,,,52.00,,,,,,,false,true,12,2025-04-01,2026-03-31,0
2025-08-06,1946,2026-03-31,1,,,,,,,,,,,,,,,,,,,,,,,,,,,,,,,,,96649950,3836320,92813633,false,false,3,2025-04-01,2025-06-30,0
2025-08-06,1946,2025-03-31,1,,,,,,,,,,,,,,,,,,,,,,,,,,,,,,,,,,,93496207,false,false,3,2024-04-01,2024-06-30,-1
