filing_date,code,fiscal_year_end,quarterly_period,net_sales,net_sales_change,revenue,revenue_change,operating_revenue,operating_revenue_change,operating_profit,operating_profit_change,ordinary_profit,ordinary_profit_change,net_income,net_income_of_parent,net_income_change,eps,diluted_eps,roe,roa,operating_profit_to_net_sales,operating_profit_to_revenue,total_assets,net_assets,equity_ratio,bps,owner_equity,operating_cash_flow,investing_cash_flow,financing_cash_flow,cash,dividend_per_share,payout_ratio,commemorative_dividend,extra_dividend,number_of_shares,number_of_treqsury_shares,avg_number_of_shares,is_consolidated,is_forecast,duration,period_start,period_end,period_pos
2015-07-30,19480,2016-03-31,1,6333000000,-0.036,,,,,-205000000,,-194000000,,,-148000000,,-8.35,,,,,,23844000000,12749000000,0.532,,12688000000,,,,,,,,,,,,true,false,3,2015-04-01,2015-06-30,0
2015-07-30,19480,2015-03-31,1,6571000000,0.174,,,,,-520000000,,-513000000,,,-337000000,,-18.97,,,,,,,,,,,,,,,,,,,,,,true,false,3,2014-04-01,2014-06-30,-1
2015-07-30,19480,2016-03-31,1,14300000000,0.003,,,,,-300000000,,-280000000,,,-230000000,,-12.94,,,,,,,,,,,,,,,,,,,,,,true,true,6,2015-04-01,2015-09-30,0
2015-07-30,19480,2016-03-31,1,35500000000,0.027,,,,,550000000,0.298,600000000,0.262,,350000000,,19.69,,,,,,,,,,,,,,,,,,,,,,true,true,12,2015-04-01,2016-03-31,0
2015-07-30,19480,2015-03-31,1,,,,,,,,,,,,,,,,,,,,26544000000,12999000000,0.487,,12937000000,,,,,,,,,,,,true,false,12,2014-04-01,2015-03-31,-1
2015-07-30,19480,2015-03-31,1,,,,,,,,,,,,,,,,,,,,,,,,,,,,,5.00,,,,17940000,168340,,false,false,12,2014-04-01,2015-03-31,-1
2015-07-30,19480,2016-03-31,1,,,,,,,,,,,,,,,,,,,,,,,,,,,,,5.00,,,,,,,false,true,12,2015-04-01,2016-03-31,0
2015-07-30,19480,2016-03-31,1,,,,,,,,,,,,,,,,,,,,,,,,,,,,,,,,,17940000,170755,17770341,false,false,3,2015-04-01,2015-06-30,0
2015-07-30,19480,2015-03-31,1,,,,,,,,,,,,,,,,,,,,,,,,,,,,,,,,,,,17777334,false,false,3,2014-04-01,2014-06-30,-1
2015-10-29,19480,2016-03-31,2,14367000000,0.008,,,,,-234000000,,-208000000,,,-181000000,,-10.21,,,,,,22906000000,12720000000,0.553,,12656000000,,,,,,,,,,,,true,false,6,2015-04-01,2015-09-30,0
2015-10-29,19480,2015-03-31,2,14260000000,-0.011,,,,,-761000000,,-750000000,,,-515000000,,-29.01,,,,,,,,,,,,,,,,,,,,,,true,false,6,2014-04-01,2014-09-30,-1
2015-10-29,19480,2016-03-31,2,35500000000,0.027,,,,,550000000,0.298,600000000,0.262,,350000000,,19.69,,,,,,,,,,,,,,,,,,,,,,true,true,12,2015-04-01,2016-03-31,0
2015-10-29,19480,2015-03-31,2,,,,,,,,,,,,,,,,,,,,26544000000,12999000000,0.487,,12937000000,,,,,,,,,,,,true,false,12,2014-04-01,2015-03-31,-1
2015-10-29,19480,2015-03-31,2,,,,,,,,,,,,,,,,,,,,,,,,,,,,,5.00,,,,17940000,168340,,false,false,12,2014-04-01,2015-03-31,-1
2015-10-29,19480,2016-03-31,2,,,,,,,,,,,,,,,,,,,,,,,,,,,,,0.00,,,,,,,false,false,12,2015-04-01,2016-03-31,0
2015-10-29,19480,2016-03-31,2,,,,,,,,,,,,,,,,,,,,,,,,,,,,,5.00,,,,,,,false,true,12,2015-04-01,2016-03-31,0
2015-10-29,19480,2016-03-31,2,,,,,,,,,,,,,,,,,,,,,,,,,,,,,,,,,17940000,175903,17768345,false,false,6,2015-04-01,2015-09-30,0
2015-10-29,19480,2015-03-31,2,,,,,,,,,,,,,,,,,,,,,,,,,,,,,,,,,,,17776394,false,false,6,2014-04-01,2014-09-30,-1
2016-01-29,19480,2016-03-31,3,23042000000,0.037,,,,,259000000,,299000000,,,152000000,,8.61,,,,,,23363000000,12978000000,0.554,,12935000000,,,,,,,,,,,,true,false,9,2015-04-01,2015-12-31,0
2016-01-29,19480,2015-03-31,3,22225000000,-0.036,,,,,-943000000,,-929000000,,,-640000000,,-36.04,,,,,,,,,,,,,,,,,,,,,,true,false,9,2014-04-01,2014-12-31,-1
2016-01-29,19480,2016-03-31,3,35500000000,0.027,,,,,1050000000,1.479,1100000000,1.314,,660000000,,37.13,,,,,,,,,,,,,,,,,,,,,,true,true,12,2015-04-01,2016-03-31,0
2016-01-29,19480,2015-03-31,3,,,,,,,,,,,,,,,,,,,,26544000000,12999000000,0.487,,12937000000,,,,,,,,,,,,true,false,12,2014-04-01,2015-03-31,-1
2016-01-29,19480,2015-03-31,3,,,,,,,,,,,,,,,,,,,,,,,,,,,,,5.00,,,,17940000,168340,,false,false,12,2014-04-01,2015-03-31,-1
2016-01-29,19480,2016-03-31,3,,,,,,,,,,,,,,,,,,,,,,,,,,,,,0.00,,,,,,,false,false,12,2015-04-01,2016-03-31,0
2016-01-29,19480,2016-03-31,3,,,,,,,,,,,,,,,,,,,,,,,,,,,,,8.00,,,,,,,false,true,12,2015-04-01,2016-03-31,0
2016-01-29,19480,2016-03-31,3,,,,,,,,,,,,,,,,,,,,,,,,,,,,,,,,,17940000,177048,17766855,false,false,9,2015-04-01,2015-12-31,0
2016-01-29,19480,2015-03-31,3,,,,,,,,,,,,,,,,,,,,,,,,,,,,,,,,,,,17775389,false,false,9,2014-04-01,2014-12-31,-1
2016-04-28,19480,2016-03-31,,34570000000,0.000,,,,,1211000000,1.861,1253000000,1.636,,800000000,,45.03,,0.062,0.047,0.035,,26261000000,12994000000,0.492,727.86,12928000000,2867000000,-2684000000,-107000000,1206000000,,0.178,,,,,,true,false,12,2015-04-01,2016-03-31,0
2016-04-28,19480,2015-03-31,,34557000000,-0.101,,,,,423000000,-0.203,475000000,-0.150,,226000000,,12.75,,0.018,0.017,0.012,,26544000000,12999000000,0.487,728.01,12937000000,-1328000000,755000000,38000000,1147000000,,0.392,,,,,,true,false,12,2014-04-01,2015-03-31,-1
2016-04-28,19480,2017-03-31,,14400000000,0.002,,,,,70000000,,100000000,,,50000000,,2.81,,,,,,,,,,,,,,,,,,,,,,true,true,6,2016-04-01,2016-09-30,1
2016-04-28,19480,2017-03-31,,35000000000,0.012,,,,,1210000000,-0.001,1260000000,0.005,,800000000,,45.03,,,,,,,,,,,,,,,,0.222,,,,,,true,true,12,2016-04-01,2017-03-31,1
2016-04-28,19480,2016-03-31,,33721000000,0.017,,,,,1142000000,2.636,1126000000,2.379,724000000,,4.124,40.77,,,,,,25181000000,12542000000,0.498,706.12,12542000000,,,,,8.00,,,,17940000,177982,17765883,false,false,12,2015-04-01,2016-03-31,0
2016-04-28,19480,2015-03-31,,33146000000,-0.120,,,,,314000000,-0.334,333000000,-0.305,141000000,,-0.340,7.95,,,,,,24954000000,11953000000,0.479,672.60,11953000000,,,,,5.00,,,,17940000,168340,17774572,false,false,12,2014-04-01,2015-03-31,-1
2016-04-28,19480,2017-03-31,,,,,,,,,,,,,,,,,,,,,,,,,,,,,,10.00,,,,,,,false,true,12,2016-04-01,2017-03-31,1
2016-07-28,19480,2017-03-31,1,6676000000,0.054,,,,,-68000000,,-60000000,,,-35000000,,-1.98,,,,,,23401000000,12688000000,0.541,,12664000000,,,,,,,,,,,,true,false,3,2016-04-01,2016-06-30,0
2016-07-28,19480,2016-03-31,1,6333000000,-0.036,,,,,-205000000,,-194000000,,,-148000000,,-8.35,,,,,,,,,,,,,,,,,,,,,,true,false,3,2015-04-01,2015-06-30,-1
2016-07-28,19480,2017-03-31,1,14400000000,0.002,,,,,70000000,,100000000,,,50000000,,2.81,,,,,,,,,,,,,,,,,,,,,,true,true,6,2016-04-01,2016-09-30,0
2016-07-28,19480,2017-03-31,1,35000000000,0.012,,,,,1210000000,-0.001,1260000000,0.005,,800000000,,45.03,,,,,,,,,,,,,,,,,,,,,,true,true,12,2016-04-01,2017-03-31,0
2016-07-28,19480,2016-03-31,1,,,,,,,,,,,,,,,,,,,,26261000000,12994000000,0.492,,12928000000,,,,,,,,,,,,true,false,12,2015-04-01,2016-03-31,-1
2016-07-28,19480,2016-03-31,1,,,,,,,,,,,,,,,,,,,,,,,,,,,,,8.00,,,,17940000,177982,,false,false,12,2015-04-01,2016-03-31,-1
2016-07-28,19480,2017-03-31,1,,,,,,,,,,,,,,,,,,,,,,,,,,,,,10.00,,,,,,,false,true,12,2016-04-01,2017-03-31,0
2016-07-28,19480,2017-03-31,1,,,,,,,,,,,,,,,,,,,,,,,,,,,,,,,,,17940000,179699,17761010,false,false,3,2016-04-01,2016-06-30,0
2016-07-28,19480,2016-03-31,1,,,,,,,,,,,,,,,,,,,,,,,,,,,,,,,,,,,17770341,false,false,3,2015-04-01,2015-06-30,-1
2016-10-31,19480,2017-03-31,2,14967000000,0.042,,,,,261000000,,297000000,,,194000000,,10.93,,,,,,23056000000,12816000000,0.554,,12783000000,,,,,,,,,,,,true,false,6,2016-04-01,2016-09-30,0
2016-10-31,19480,2016-03-31,2,14367000000,0.008,,,,,-234000000,,-208000000,,,-181000000,,-10.21,,,,,,,,,,,,,,,,,,,,,,true,false,6,2015-04-01,2015-09-30,-1
2016-10-31,19480,2017-03-31,2,35000000000,0.012,,,,,1210000000,-0.001,1260000000,0.005,,800000000,,45.03,,,,,,,,,,,,,,,,,,,,,,true,true,12,2016-04-01,2017-03-31,0
2016-10-31,19480,2016-03-31,2,,,,,,,,,,,,,,,,,,,,26261000000,12994000000,0.492,,12928000000,,,,,,,,,,,,true,false,12,2015-04-01,2016-03-31,-1
2016-10-31,19480,2016-03-31,2,,,,,,,,,,,,,,,,,,,,,,,,,,,,,8.00,,,,17940000,177982,,false,false,12,2015-04-01,2016-03-31,-1
2016-10-31,19480,2017-03-31,2,,,,,,,,,,,,,,,,,,,,,,,,,,,,,0.00,,,,,,,false,false,12,2016-04-01,2017-03-31,0
2016-10-31,19480,2017-03-31,2,,,,,,,,,,,,,,,,,,,,,,,,,,,,,10.00,,,,,,,false,true,12,2016-04-01,2017-03-31,0
2016-10-31,19480,2017-03-31,2,,,,,,,,,,,,,,,,,,,,,,,,,,,,,,,,,17940000,181379,17760306,false,false,6,2016-04-01,2016-09-30,0
2016-10-31,19480,2016-03-31,2,,,,,,,,,,,,,,,,,,,,,,,,,,,,,,,,,,,17768345,false,false,6,2015-04-01,2015-09-30,-1
2017-01-31,19480,2017-03-31,3,23370000000,0.014,,,,,489000000,0.889,541000000,0.808,,350000000,,19.71,,,,,,23707000000,13009000000,0.547,,12974000000,,,,,,,,,,,,true,false,9,2016-04-01,2016-12-31,0
2017-01-31,19480,2016-03-31,3,23042000000,0.037,,,,,259000000,,299000000,,,152000000,,8.61,,,,,,,,,,,,,,,,,,,,,,true,false,9,2015-04-01,2015-12-31,-1
2017-01-31,19480,2017-03-31,3,35000000000,0.012,,,,,1210000000,-0.001,1260000000,0.005,,800000000,,45.03,,,,,,,,,,,,,,,,,,,,,,true,true,12,2016-04-01,2017-03-31,0
2017-01-31,19480,2016-03-31,3,,,,,,,,,,,,,,,,,,,,26261000000,12994000000,0.492,,12928000000,,,,,,,,,,,,true,false,12,2015-04-01,2016-03-31,-1
2017-01-31,19480,2016-03-31,3,,,,,,,,,,,,,,,,,,,,,,,,,,,,,8.00,,,,17940000,177982,,false,false,12,2015-04-01,2016-03-31,-1
2017-01-31,19480,2017-03-31,3,,,,,,,,,,,,,,,,,,,,,,,,,,,,,0.00,,,,,,,false,false,12,2016-04-01,2017-03-31,0
2017-01-31,19480,2017-03-31,3,,,,,,,,,,,,,,,,,,,,,,,,,,,,,10.00,,,,,,,false,true,12,2016-04-01,2017-03-31,0
2017-01-31,19480,2017-03-31,3,,,,,,,,,,,,,,,,,,,,,,,,,,,,,,,,,17940000,183894,17759394,false,false,9,2016-04-01,2016-12-31,0
2017-01-31,19480,2016-03-31,3,,,,,,,,,,,,,,,,,,,,,,,,,,,,,,,,,,,17766855,false,false,9,2015-04-01,2015-12-31,-1
2017-03-24,19480,2017-03-31,,36500000000,0.043,,,,,1600000000,0.322,1700000000,0.349,,1000000000,,56.31,,,,,,,,,,,,,,,,,,,,,,true,true,12,2016-04-01,2017-03-31,0
2017-03-24,19480,2016-03-31,,34570000000,,,,,,1211000000,,1253000000,,,800000000,,45.03,,,,,,,,,,,,,,,,,,,,,,true,false,12,2015-04-01,2016-03-31,-1
2017-03-24,19480,2017-03-31,,,,,,,,,,,,,,,,,,,,,,,,,,,,,,12.00,,,,,,,false,true,12,2016-04-01,2017-03-31,0
2017-03-24,19480,2017-03-31,,,,,,,,,,,,,,,,,,,,,,,,,,,,,,0.00,,,,,,,false,false,12,2016-04-01,2017-03-31,0
2017-03-24,19480,2016-03-31,,,,,,,,,,,,,,,,,,,,,,,,,,,,,,8.00,,,,,,,false,false,12,2015-04-01,2016-03-31,-1
2017-04-28,19480,2017-03-31,,37294000000,0.079,,,,,1799000000,0.485,1881000000,0.501,,1212000000,,68.27,,0.090,0.068,0.048,,28798000000,13997000000,0.485,785.97,13953000000,-1017000000,783000000,-158000000,794000000,,0.176,,,,,,true,false,12,2016-04-01,2017-03-31,0
2017-04-28,19480,2016-03-31,,34570000000,0.000,,,,,1211000000,1.861,1253000000,1.636,,800000000,,45.03,,0.062,0.047,0.035,,26261000000,12994000000,0.492,727.86,12928000000,2867000000,-2684000000,-107000000,1206000000,,0.178,,,,,,true,false,12,2015-04-01,2016-03-31,-1
2017-04-28,19480,2018-03-31,,14500000000,-0.031,,,,,-200000000,,-180000000,,,-140000000,,-7.88,,,,,,,,,,,,,,,,,,,,,,true,true,6,2017-04-01,2017-09-30,1
2017-04-28,19480,2018-03-31,,35300000000,-0.053,,,,,1140000000,-0.367,1200000000,-0.362,,740000000,,41.67,,,,,,,,,,,,,,,,0.288,,,,,,true,true,12,2017-04-01,2018-03-31,1
2017-04-28,19480,2017-03-31,,36436000000,0.081,,,,,1821000000,0.594,1843000000,0.637,1176000000,,0.624,66.25,,,,,,27880000000,13579000000,0.487,764.88,13579000000,,,,,12.00,,,,17940000,186428,17758394,false,false,12,2016-04-01,2017-03-31,0
2017-04-28,19480,2016-03-31,,33721000000,0.017,,,,,1142000000,2.636,1126000000,2.379,724000000,,4.124,40.77,,,,,,25181000000,12542000000,0.498,706.12,12542000000,,,,,8.00,,,,17940000,177982,17765883,false,false,12,2015-04-01,2016-03-31,-1
2017-04-28,19480,2018-03-31,,,,,,,,,,,,,,,,,,,,,,,,,,,,,,12.00,,,,,,,false,true,12,2017-04-01,2018-03-31,1
,19480,2018-03-31,,,,,,,,,,,,,,,,,,,,,,,,,,,,,,120.00,,,,,,,false,true,12,2017-04-01,2018-03-31,0
,19480,2017-03-31,,,,,,,,,,,,,,,,,,,,,,,,,,,,,,12.00,,,,,,,false,false,12,2016-04-01,2017-03-31,-1
2017-07-31,19480,2018-03-31,1,7125000000,0.067,,,,,83000000,,97000000,,,53000000,,3.04,,,,,,25327000000,13778000000,0.543,,13746000000,,,,,,,,,,,,true,false,3,2017-04-01,2017-06-30,0
2017-07-31,19480,2017-03-31,1,6676000000,0.054,,,,,-68000000,,-60000000,,,-35000000,,-1.98,,,,,,,,,,,,,,,,,,,,,,true,false,3,2016-04-01,2016-06-30,-1
2017-07-31,19480,2018-03-31,1,15000000000,0.002,,,,,130000000,-0.503,150000000,-0.496,,70000000,,39.43,,,,,,,,,,,,,,,,,,,,,,true,true,6,2017-04-01,2017-09-30,0
2017-07-31,19480,2018-03-31,1,35300000000,-0.053,,,,,1140000000,-0.367,1200000000,-0.362,,740000000,,416.70,,,,,,,,,,,,,,,,,,,,,,true,true,12,2017-04-01,2018-03-31,0
2017-07-31,19480,2017-03-31,1,,,,,,,,,,,,,,,,,,,,28798000000,13997000000,0.485,,13953000000,,,,,,,,,,,,true,false,12,2016-04-01,2017-03-31,-1
2017-07-31,19480,2017-03-31,1,,,,,,,,,,,,,,,,,,,,,,,,,,,,,12.00,,,,17940000,186428,,false,false,12,2016-04-01,2017-03-31,-1
2017-07-31,19480,2018-03-31,1,,,,,,,,,,,,,,,,,,,,,,,,,,,,,120.00,,,,,,,false,true,12,2017-04-01,2018-03-31,0
2017-07-31,19480,2018-03-31,1,,,,,,,,,,,,,,,,,,,,,,,,,,,,,,,,,17940000,188134,17752806,false,false,3,2017-04-01,2017-06-30,0
2017-07-31,19480,2017-03-31,1,,,,,,,,,,,,,,,,,,,,,,,,,,,,,,,,,,,17761010,false,false,3,2016-04-01,2016-06-30,-1
2017-10-31,19480,2018-03-31,2,15076000000,0.007,,,,,387000000,0.480,399000000,0.343,,249000000,,140.38,,,,,,24301000000,13987000000,0.574,,13954000000,,,,,,,,,,,,true,false,6,2017-04-01,2017-09-30,0
2017-10-31,19480,2017-03-31,2,14967000000,0.042,,,,,261000000,,297000000,,,194000000,,109.33,,,,,,,,,,,,,,,,,,,,,,true,false,6,2016-04-01,2016-09-30,-1
2017-10-31,19480,2018-03-31,2,35300000000,-0.053,,,,,1450000000,-0.194,1500000000,-0.203,,930000000,,523.88,,,,,,,,,,,,,,,,,,,,,,true,true,12,2017-04-01,2018-03-31,0
2017-10-31,19480,2017-03-31,2,,,,,,,,,,,,,,,,,,,,28798000000,13997000000,0.485,,13953000000,,,,,,,,,,,,true,false,12,2016-04-01,2017-03-31,-1
2017-10-31,19480,2017-03-31,2,,,,,,,,,,,,,,,,,,,,,,,,,,,,,12.00,,,,1794000,18642,,false,false,12,2016-04-01,2017-03-31,-1
2017-10-31,19480,2018-03-31,2,,,,,,,,,,,,,,,,,,,,,,,,,,,,,0.00,,,,,,,false,false,12,2017-04-01,2018-03-31,0
2017-10-31,19480,2018-03-31,2,,,,,,,,,,,,,,,,,,,,,,,,,,,,,120.00,,,,,,,false,true,12,2017-04-01,2018-03-31,0
2017-10-31,19480,2018-03-31,2,,,,,,,,,,,,,,,,,,,,,,,,,,,,,,,,,1794000,19008,1775201,false,false,6,2017-04-01,2017-09-30,0
2017-10-31,19480,2017-03-31,2,,,,,,,,,,,,,,,,,,,,,,,,,,,,,,,,,,,1776031,false,false,6,2016-04-01,2016-09-30,-1
2018-01-31,19480,2018-03-31,3,23077000000,-0.013,,,,,552000000,0.129,576000000,0.066,,351000000,,198.25,,,,,,24461000000,14129000000,0.576,,14095000000,,,,,,,,,,,,true,false,9,2017-04-01,2017-12-31,0
2018-01-31,19480,2017-03-31,3,23370000000,0.014,,,,,489000000,0.889,541000000,0.808,,350000000,,197.11,,,,,,,,,,,,,,,,,,,,,,true,false,9,2016-04-01,2016-12-31,-1
2018-01-31,19480,2018-03-31,3,35300000000,-0.053,,,,,1450000000,-0.194,1500000000,-0.203,,930000000,,523.88,,,,,,,,,,,,,,,,,,,,,,true,true,12,2017-04-01,2018-03-31,0
2018-01-31,19480,2017-03-31,3,,,,,,,,,,,,,,,,,,,,28798000000,13997000000,0.485,,13953000000,,,,,,,,,,,,true,false,12,2016-04-01,2017-03-31,-1
2018-01-31,19480,2017-03-31,3,,,,,,,,,,,,,,,,,,,,,,,,,,,,,12.00,,,,1794000,18642,,false,false,12,2016-04-01,2017-03-31,-1
2018-01-31,19480,2018-03-31,3,,,,,,,,,,,,,,,,,,,,,,,,,,,,,0.00,,,,,,,false,false,12,2017-04-01,2018-03-31,0
2018-01-31,19480,2018-03-31,3,,,,,,,,,,,,,,,,,,,,,,,,,,,,,120.00,,,,,,,false,true,12,2017-04-01,2018-03-31,0
2018-01-31,19480,2018-03-31,3,,,,,,,,,,,,,,,,,,,,,,,,,,,,,,,,,1794000,19182,1775110,false,false,9,2017-04-01,2017-12-31,0
2018-01-31,19480,2017-03-31,3,,,,,,,,,,,,,,,,,,,,,,,,,,,,,,,,,,,1775939,false,false,9,2016-04-01,2016-12-31,-1
2018-04-27,19480,2018-03-31,,33983000000,-0.089,,,,,1693000000,-0.059,1715000000,-0.088,,1152000000,,649.12,,0.080,0.061,0.050,,27340000000,14922000000,0.544,8379.53,14869000000,2577000000,-1995000000,-289000000,1088000000,,0.185,,,,,,true,false,12,2017-04-01,2018-03-31,0
2018-04-27,19480,2017-03-31,,37294000000,0.079,,,,,1799000000,0.485,1881000000,0.501,,1212000000,,682.71,,0.090,0.068,0.048,,28798000000,13997000000,0.485,7859.72,13953000000,-1017000000,783000000,-158000000,794000000,,0.176,,,,,,true,false,12,2016-04-01,2017-03-31,-1
2018-04-27,19480,2019-03-31,,15500000000,0.028,,,,,350000000,-0.096,350000000,-0.125,,250000000,,140.84,,,,,,,,,,,,,,,,,,,,,,true,true,6,2018-04-01,2018-09-30,1
2018-04-27,19480,2019-03-31,,35500000000,0.045,,,,,1500000000,-0.114,1600000000,-0.067,,1000000000,,563.38,,,,,,,,,,,,,,,,0.266,,,,,,true,true,12,2018-04-01,2019-03-31,1
2018-04-27,19480,2018-03-31,,33078000000,-0.092,,,,,1626000000,-0.107,1716000000,-0.069,1169000000,,-0.006,658.74,,,,,,26066000000,14549000000,0.558,8199.08,14549000000,,,,,120.00,,,,1794000,19492,1775003,false,false,12,2017-04-01,2018-03-31,0
2018-04-27,19480,2017-03-31,,36436000000,0.081,,,,,1821000000,0.594,1843000000,0.637,1176000000,,0.624,662.55,,,,,,27880000000,13579000000,0.487,7648.77,13579000000,,,,,12.00,,,,1794000,18642,1775841,false,false,12,2016-04-01,2017-03-31,-1
2018-04-27,19480,2019-03-31,,,,,,,,,,,,,,,,,,,,,,,,,,,,,,150.00,,,,,,,false,true,12,2018-04-01,2019-03-31,1
2018-07-30,19480,2019-03-31,1,6737000000,-0.054,,,,,-109000000,,-95000000,,,-64000000,,-36.24,,,,,,25644000000,14594000000,0.568,,14559000000,,,,,,,,,,,,true,false,3,2018-04-01,2018-06-30,0
2018-07-30,19480,2018-03-31,1,7125000000,0.067,,,,,83000000,,97000000,,,53000000,,30.40,,,,,,,,,,,,,,,,,,,,,,true,false,3,2017-04-01,2017-06-30,-1
2018-07-30,19480,2019-03-31,1,15500000000,0.028,,,,,350000000,-0.096,350000000,-0.125,,250000000,,140.84,,,,,,,,,,,,,,,,,,,,,,true,true,6,2018-04-01,2018-09-30,0
2018-07-30,19480,2019-03-31,1,35500000000,0.045,,,,,1500000000,-0.114,1600000000,-0.067,,1000000000,,563.38,,,,,,,,,,,,,,,,,,,,,,true,true,12,2018-04-01,2019-03-31,0
2018-07-30,19480,2018-03-31,1,,,,,,,,,,,,,,,,,,,,27340000000,14922000000,0.544,,14869000000,,,,,,,,,,,,true,false,12,2017-04-01,2018-03-31,-1
2018-07-30,19480,2018-03-31,1,,,,,,,,,,,,,,,,,,,,,,,,,,,,,120.00,,,,1794000,19492,,false,false,12,2017-04-01,2018-03-31,-1
2018-07-30,19480,2019-03-31,1,,,,,,,,,,,,,,,,,,,,,,,,,,,,,150.00,,,,,,,false,true,12,2018-04-01,2019-03-31,0
2018-07-30,19480,2019-03-31,1,,,,,,,,,,,,,,,,,,,,,,,,,,,,,,,,,1794000,19633,1774466,false,false,3,2018-04-01,2018-06-30,0
2018-07-30,19480,2018-03-31,1,,,,,,,,,,,,,,,,,,,,,,,,,,,,,,,,,,,1775282,false,false,3,2017-04-01,2017-06-30,-1
2018-10-29,19480,2019-03-31,2,16724000000,0.109,,,,,690000000,0.783,724000000,0.813,,468000000,,263.88,,,,,,27519000000,15121000000,0.548,,15069000000,,,,,,,,,,,,true,false,6,2018-04-01,2018-09-30,0
2018-10-29,19480,2018-03-31,2,15076000000,0.007,,,,,387000000,0.480,399000000,0.343,,249000000,,140.38,,,,,,,,,,,,,,,,,,,,,,true,false,6,2017-04-01,2017-09-30,-1
2018-10-29,19480,2019-03-31,2,36500000000,0.074,,,,,1800000000,0.063,1850000000,0.079,,1250000000,,704.48,,,,,,,,,,,,,,,,,,,,,,true,true,12,2018-04-01,2019-03-31,0
2018-10-29,19480,2018-03-31,2,,,,,,,,,,,,,,,,,,,,27340000000,14922000000,0.544,,14869000000,,,,,,,,,,,,true,false,12,2017-04-01,2018-03-31,-1
2018-10-29,19480,2018-03-31,2,,,,,,,,,,,,,,,,,,,,,,,,,,,,,120.00,,,,1794000,19492,,false,false,12,2017-04-01,2018-03-31,-1
2018-10-29,19480,2019-03-31,2,,,,,,,,,,,,,,,,,,,,,,,,,,,,,0.00,,,,,,,false,false,12,2018-04-01,2019-03-31,0
2018-10-29,19480,2019-03-31,2,,,,,,,,,,,,,,,,,,,,,,,,,,,,,150.00,,,,,,,false,true,12,2018-04-01,2019-03-31,0
2018-10-29,19480,2019-03-31,2,,,,,,,,,,,,,,,,,,,,,,,,,,,,,,,,,1794000,19815,1774369,false,false,6,2018-04-01,2018-09-30,0
2018-10-29,19480,2018-03-31,2,,,,,,,,,,,,,,,,,,,,,,,,,,,,,,,,,,,1775201,false,false,6,2017-04-01,2017-09-30,-1
2019-01-31,19480,2019-03-31,3,26109000000,0.131,,,,,1462000000,1.646,1515000000,1.627,,984000000,,554.59,,,,,,28172000000,15582000000,0.551,,15535000000,,,,,,,,,,,,true,false,9,2018-04-01,2018-12-31,0
2019-01-31,19480,2018-03-31,3,23077000000,-0.013,,,,,552000000,0.129,576000000,0.066,,351000000,,198.25,,,,,,,,,,,,,,,,,,,,,,true,false,9,2017-04-01,2017-12-31,-1
2019-01-31,19480,2019-03-31,3,36500000000,0.074,,,,,2100000000,0.240,2200000000,0.283,,1450000000,,817.23,,,,,,,,,,,,,,,,,,,,,,true,true,12,2018-04-01,2019-03-31,0
2019-01-31,19480,2018-03-31,3,,,,,,,,,,,,,,,,,,,,27340000000,14922000000,0.544,,14869000000,,,,,,,,,,,,true,false,12,2017-04-01,2018-03-31,-1
2019-01-31,19480,2018-03-31,3,,,,,,,,,,,,,,,,,,,,,,,,,,,,,120.00,,,,1794000,19492,,false,false,12,2017-04-01,2018-03-31,-1
2019-01-31,19480,2019-03-31,3,,,,,,,,,,,,,,,,,,,,,,,,,,,,,0.00,,,,,,,false,false,12,2018-04-01,2019-03-31,0
2019-01-31,19480,2019-03-31,3,,,,,,,,,,,,,,,,,,,,,,,,,,,,,200.00,,,,,,,false,true,12,2018-04-01,2019-03-31,0
2019-01-31,19480,2019-03-31,3,,,,,,,,,,,,,,,,,,,,,,,,,,,,,,,,,1794000,19884,1774296,false,false,9,2018-04-01,2018-12-31,0
2019-01-31,19480,2018-03-31,3,,,,,,,,,,,,,,,,,,,,,,,,,,,,,,,,,,,1775110,false,false,9,2017-04-01,2017-12-31,-1
2019-04-26,19480,2019-03-31,,37527000000,0.104,,,,,2724000000,0.609,2826000000,0.648,,1961000000,,1105.66,,0.125,0.099,0.073,,29808000000,16524000000,0.552,9279.41,16461000000,2232000000,-1502000000,-191000000,1609000000,,0.181,,,,,,true,false,12,2018-04-01,2019-03-31,0
2019-04-26,19480,2018-03-31,,33983000000,-0.089,,,,,1693000000,-0.059,1715000000,-0.088,,1152000000,,649.12,,0.080,0.061,0.050,,27340000000,14922000000,0.544,8379.53,14869000000,2577000000,-1995000000,-289000000,1088000000,,0.185,,,,,,true,false,12,2017-04-01,2018-03-31,-1
2019-04-26,19480,2020-03-31,,16000000000,-0.043,,,,,450000000,-0.348,500000000,-0.310,,350000000,,197.27,,,,,,,,,,,,,,,,,,,,,,true,true,6,2019-04-01,2019-09-30,1
2019-04-26,19480,2020-03-31,,37000000000,-0.014,,,,,2000000000,-0.266,2100000000,-0.257,,1350000000,,760.89,,,,,,,,,,,,,,,,0.263,,,,,,true,true,12,2019-04-01,2020-03-31,1
2019-04-26,19480,2019-03-31,,35616000000,0.077,,,,,2504000000,0.540,2607000000,0.519,1845000000,,0.579,1040.27,,,,,,28462000000,16192000000,0.569,9127.73,16192000000,,,,,200.00,,,,1794000,20029,1774237,false,false,12,2018-04-01,2019-03-31,0
2019-04-26,19480,2018-03-31,,33078000000,-0.092,,,,,1626000000,-0.107,1716000000,-0.069,1169000000,,-0.006,658.74,,,,,,26066000000,14549000000,0.558,8199.08,14549000000,,,,,120.00,,,,1794000,19492,1775003,false,false,12,2017-04-01,2018-03-31,-1
2019-04-26,19480,2020-03-31,,,,,,,,,,,,,,,,,,,,,,,,,,,,,,200.00,,,,,,,false,true,12,2019-04-01,2020-03-31,1
2019-07-30,19480,2020-03-31,1,6935000000,0.029,,,,,-61000000,,-44000000,,,-56000000,,-32.09,,,,,,25936000000,16102000000,0.619,,16051000000,,,,,,,,,,,,true,false,3,2019-04-01,2019-06-30,0
2019-07-30,19480,2019-03-31,1,6737000000,-0.054,,,,,-109000000,,-95000000,,,-64000000,,-36.24,,,,,,,,,,,,,,,,,,,,,,true,false,3,2018-04-01,2018-06-30,-1
2019-07-30,19480,2020-03-31,1,16000000000,-0.043,,,,,450000000,-0.348,500000000,-0.310,,350000000,,197.27,,,,,,,,,,,,,,,,,,,,,,true,true,6,2019-04-01,2019-09-30,0
2019-07-30,19480,2020-03-31,1,37000000000,-0.014,,,,,2000000000,-0.266,2100000000,-0.257,,1350000000,,760.89,,,,,,,,,,,,,,,,,,,,,,true,true,12,2019-04-01,2020-03-31,0
2019-07-30,19480,2019-03-31,1,,,,,,,,,,,,,,,,,,,,29808000000,16524000000,0.552,,16461000000,,,,,,,,,,,,true,false,12,2018-04-01,2019-03-31,-1
2019-07-30,19480,2019-03-31,1,,,,,,,,,,,,,,,,,,,,,,,,,,,,,200.00,,,,1794000,20029,,false,false,12,2018-04-01,2019-03-31,-1
2019-07-30,19480,2020-03-31,1,,,,,,,,,,,,,,,,,,,,,,,,,,,,,200.00,,,,,,,false,true,12,2019-04-01,2020-03-31,0
2019-07-30,19480,2020-03-31,1,,,,,,,,,,,,,,,,,,,,,,,,,,,,,,,,,1794000,20122,1773920,false,false,3,2019-04-01,2019-06-30,0
2019-07-30,19480,2019-03-31,1,,,,,,,,,,,,,,,,,,,,,,,,,,,,,,,,,,,1774466,false,false,3,2018-04-01,2018-06-30,-1
2019-10-31,19480,2020-03-31,2,16011000000,-0.043,,,,,661000000,-0.042,672000000,-0.072,,423000000,,238.87,,,,,,27137000000,16545000000,0.608,,16489000000,,,,,,,,,,,,true,false,6,2019-04-01,2019-09-30,0
2019-10-31,19480,2019-03-31,2,16724000000,0.109,,,,,690000000,0.783,724000000,0.813,,468000000,,263.88,,,,,,,,,,,,,,,,,,,,,,true,false,6,2018-04-01,2018-09-30,-1
2019-10-31,19480,2020-03-31,2,37000000000,-0.014,,,,,2000000000,-0.266,2100000000,-0.257,,1350000000,,760.89,,,,,,,,,,,,,,,,,,,,,,true,true,12,2019-04-01,2020-03-31,0
2019-10-31,19480,2019-03-31,2,,,,,,,,,,,,,,,,,,,,29808000000,16524000000,0.552,,16461000000,,,,,,,,,,,,true,false,12,2018-04-01,2019-03-31,-1
2019-10-31,19480,2019-03-31,2,,,,,,,,,,,,,,,,,,,,,,,,,,,,,200.00,,,,1794000,20029,,false,false,12,2018-04-01,2019-03-31,-1
2019-10-31,19480,2020-03-31,2,,,,,,,,,,,,,,,,,,,,,,,,,,,,,0.00,,,,,,,false,false,12,2019-04-01,2020-03-31,0
2019-10-31,19480,2020-03-31,2,,,,,,,,,,,,,,,,,,,,,,,,,,,,,200.00,,,,,,,false,true,12,2019-04-01,2020-03-31,0
2019-10-31,19480,2020-03-31,2,,,,,,,,,,,,,,,,,,,,,,,,,,,,,,,,,1794000,20320,1773841,false,false,6,2019-04-01,2019-09-30,0
2019-10-31,19480,2019-03-31,2,,,,,,,,,,,,,,,,,,,,,,,,,,,,,,,,,,,1774369,false,false,6,2018-04-01,2018-09-30,-1
2020-01-31,19480,2020-03-31,3,24097000000,-0.077,,,,,1010000000,-0.309,1048000000,-0.308,,659000000,,371.84,,,,,,26444000000,16742000000,0.631,,16687000000,,,,,,,,,,,,true,false,9,2019-04-01,2019-12-31,0
2020-01-31,19480,2019-03-31,3,26109000000,0.131,,,,,1462000000,1.646,1515000000,1.627,,984000000,,554.59,,,,,,,,,,,,,,,,,,,,,,true,false,9,2018-04-01,2018-12-31,-1
2020-01-31,19480,2020-03-31,3,37000000000,-0.014,,,,,2000000000,-0.266,2100000000,-0.257,,1350000000,,760.89,,,,,,,,,,,,,,,,,,,,,,true,true,12,2019-04-01,2020-03-31,0
2020-01-31,19480,2019-03-31,3,,,,,,,,,,,,,,,,,,,,29808000000,16524000000,0.552,,16461000000,,,,,,,,,,,,true,false,12,2018-04-01,2019-03-31,-1
2020-01-31,19480,2019-03-31,3,,,,,,,,,,,,,,,,,,,,,,,,,,,,,200.00,,,,1794000,20029,,false,false,12,2018-04-01,2019-03-31,-1
2020-01-31,19480,2020-03-31,3,,,,,,,,,,,,,,,,,,,,,,,,,,,,,0.00,,,,,,,false,false,12,2019-04-01,2020-03-31,0
2020-01-31,19480,2020-03-31,3,,,,,,,,,,,,,,,,,,,,,,,,,,,,,200.00,,,,,,,false,true,12,2019-04-01,2020-03-31,0
2020-01-31,19480,2020-03-31,3,,,,,,,,,,,,,,,,,,,,,,,,,,,,,,,,,1794000,20402,1773774,false,false,9,2019-04-01,2019-12-31,0
2020-01-31,19480,2019-03-31,3,,,,,,,,,,,,,,,,,,,,,,,,,,,,,,,,,,,1774296,false,false,9,2018-04-01,2018-12-31,-1
2020-03-06,19480,2020-03-31,,36000000000,-0.027,,,,,2300000000,0.150,2350000000,0.119,,1500000000,,845.67,,,,,,,,,,,,,,,,,,,,,,true,true,12,2019-04-01,2020-03-31,0
2020-03-06,19480,2019-03-31,,37527000000,,,,,,2724000000,,2826000000,,,1961000000,,1105.66,,,,,,,,,,,,,,,,,,,,,,true,false,12,2018-04-01,2019-03-31,-1
2020-03-06,19480,2020-03-31,,,,,,,,,,,,,,,,,,,,,,,,,,,,,,220.00,,,,,,,false,true,12,2019-04-01,2020-03-31,0
2020-03-06,19480,2020-03-31,,,,,,,,,,,,,,,,,,,,,,,,,,,,,,0.00,,,,,,,false,false,12,2019-04-01,2020-03-31,0
2020-03-06,19480,2019-03-31,,,,,,,,,,,,,,,,,,,,,,,,,,,,,,200.00,,,,,,,false,false,12,2018-04-01,2019-03-31,-1
2020-05-25,19480,2020-03-31,,35654000000,-0.050,,,,,2541000000,-0.067,2600000000,-0.080,,1737000000,,979.42,,0.102,0.088,0.071,,29216000000,17557000000,0.598,9856.75,17481000000,-204000000,750000000,-446000000,1694000000,,0.225,,,,,,true,false,12,2019-04-01,2020-03-31,0
2020-05-25,19480,2019-03-31,,37527000000,0.104,,,,,2724000000,0.609,2826000000,0.648,,1961000000,,1105.66,,0.125,0.099,0.073,,29808000000,16524000000,0.552,9279.41,16461000000,2232000000,-1502000000,-191000000,1609000000,,0.181,,,,,,true,false,12,2018-04-01,2019-03-31,-1
2020-05-25,19480,2020-03-31,,34722000000,-0.025,,,,,2421000000,-0.033,2481000000,-0.048,1671000000,,-0.095,942.18,,,,,,28391000000,17453000000,0.615,9841.11,17453000000,,,,,220.00,,,,1794000,20466,1773724,false,false,12,2019-04-01,2020-03-31,0
2020-05-25,19480,2019-03-31,,35616000000,0.077,,,,,2504000000,0.540,2607000000,0.519,1845000000,,0.579,1040.27,,,,,,28462000000,16192000000,0.569,9127.73,16192000000,,,,,200.00,,,,1794000,20029,1774237,false,false,12,2018-04-01,2019-03-31,-1
2020-05-25,19480,2021-03-31,,,,,,,,,,,,,,,,,,,,,,,,,,,,,,0.00,,,,,,,false,true,12,2020-04-01,2021-03-31,1
2020-08-07,19480,2021-03-31,1,5949000000,-0.142,,,,,-283000000,,-259000000,,,-193000000,,-109.24,,,,,,26711000000,16995000000,0.634,,16926000000,,,,,,,,,,,,true,false,3,2020-04-01,2020-06-30,0
2020-08-07,19480,2020-03-31,1,6935000000,0.029,,,,,-61000000,,-44000000,,,-56000000,,-32.09,,,,,,,,,,,,,,,,,,,,,,true,false,3,2019-04-01,2019-06-30,-1
2020-08-07,19480,2021-03-31,1,14600000000,-0.088,,,,,0,,15000000,-0.978,,10000000,,5.64,,,,,,,,,,,,,,,,,,,,,,true,true,6,2020-04-01,2020-09-30,0
2020-08-07,19480,2021-03-31,1,34000000000,-0.046,,,,,1320000000,-0.481,1350000000,-0.481,,880000000,,496.13,,,,,,,,,,,,,,,,,,,,,,true,true,12,2020-04-01,2021-03-31,0
2020-08-07,19480,2020-03-31,1,,,,,,,,,,,,,,,,,,,,29216000000,17557000000,0.598,,17481000000,,,,,,,,,,,,true,false,12,2019-04-01,2020-03-31,-1
2020-08-07,19480,2020-03-31,1,,,,,,,,,,,,,,,,,,,,,,,,,,,,,220.00,,,,1794000,20466,,false,false,12,2019-04-01,2020-03-31,-1
2020-08-07,19480,2021-03-31,1,,,,,,,,,,,,,,,,,,,,,,,,,,,,,220.00,,,,,,,false,true,12,2020-04-01,2021-03-31,0
2020-08-07,19480,2021-03-31,1,,,,,,,,,,,,,,,,,,,,,,,,,,,,,,,,,1794000,20727,1773427,false,false,3,2020-04-01,2020-06-30,0
2020-08-07,19480,2020-03-31,1,,,,,,,,,,,,,,,,,,,,,,,,,,,,,,,,,,,1773920,false,false,3,2019-04-01,2019-06-30,-1
2020-11-05,19480,2021-03-31,2,14460000000,-0.097,,,,,254000000,-0.615,302000000,-0.550,,193000000,,109.28,,,,,,26753000000,17403000000,0.648,,17341000000,,,,,,,,,,,,true,false,6,2020-04-01,2020-09-30,0
2020-11-05,19480,2020-03-31,2,16011000000,-0.043,,,,,661000000,-0.042,672000000,-0.072,,423000000,,238.87,,,,,,,,,,,,,,,,,,,,,,true,false,6,2019-04-01,2019-09-30,-1
2020-11-05,19480,2021-03-31,2,34000000000,-0.046,,,,,1320000000,-0.481,1350000000,-0.481,,880000000,,496.13,,,,,,,,,,,,,,,,,,,,,,true,true,12,2020-04-01,2021-03-31,0
2020-11-05,19480,2020-03-31,2,,,,,,,,,,,,,,,,,,,,29216000000,17557000000,0.598,,17481000000,,,,,,,,,,,,true,false,12,2019-04-01,2020-03-31,-1
2020-11-05,19480,2020-03-31,2,,,,,,,,,,,,,,,,,,,,,,,,,,,,,220.00,,,,1794000,20466,,false,false,12,2019-04-01,2020-03-31,-1
2020-11-05,19480,2021-03-31,2,,,,,,,,,,,,,,,,,,,,,,,,,,,,,0.00,,,,,,,false,false,12,2020-04-01,2021-03-31,0
2020-11-05,19480,2021-03-31,2,,,,,,,,,,,,,,,,,,,,,,,,,,,,,220.00,,,,,,,false,true,12,2020-04-01,2021-03-31,0
2020-11-05,19480,2021-03-31,2,,,,,,,,,,,,,,,,,,,,,,,,,,,,,,,,,1794000,21066,1773271,false,false,6,2020-04-01,2020-09-30,0
2020-11-05,19480,2020-03-31,2,,,,,,,,,,,,,,,,,,,,,,,,,,,,,,,,,,,1773841,false,false,6,2019-04-01,2019-09-30,-1
2021-02-04,19480,2021-03-31,3,22726000000,-0.057,,,,,593000000,-0.413,664000000,-0.367,,425000000,,240.21,,,,,,27090000000,17697000000,0.651,,17629000000,,,,,,,,,,,,true,false,9,2020-04-01,2020-12-31,0
2021-02-04,19480,2020-03-31,3,24097000000,-0.077,,,,,1010000000,-0.309,1048000000,-0.308,,659000000,,371.84,,,,,,,,,,,,,,,,,,,,,,true,false,9,2019-04-01,2019-12-31,-1
2021-02-04,19480,2021-03-31,3,34000000000,-0.046,,,,,1320000000,-0.481,1350000000,-0.481,,880000000,,496.13,,,,,,,,,,,,,,,,,,,,,,true,true,12,2020-04-01,2021-03-31,0
2021-02-04,19480,2020-03-31,3,,,,,,,,,,,,,,,,,,,,29216000000,17557000000,0.598,,17481000000,,,,,,,,,,,,true,false,12,2019-04-01,2020-03-31,-1
2021-02-04,19480,2020-03-31,3,,,,,,,,,,,,,,,,,,,,,,,,,,,,,220.00,,,,1794000,20466,,false,false,12,2019-04-01,2020-03-31,-1
2021-02-04,19480,2021-03-31,3,,,,,,,,,,,,,,,,,,,,,,,,,,,,,0.00,,,,,,,false,false,12,2020-04-01,2021-03-31,0
2021-02-04,19480,2021-03-31,3,,,,,,,,,,,,,,,,,,,,,,,,,,,,,220.00,,,,,,,false,true,12,2020-04-01,2021-03-31,0
2021-02-04,19480,2021-03-31,3,,,,,,,,,,,,,,,,,,,,,,,,,,,,,,,,,1794000,21178,1773153,false,false,9,2020-04-01,2020-12-31,0
2021-02-04,19480,2020-03-31,3,,,,,,,,,,,,,,,,,,,,,,,,,,,,,,,,,,,1773774,false,false,9,2019-04-01,2019-12-31,-1
2021-05-07,19480,2021-03-31,,32424000000,-0.091,,,,,1223000000,-0.519,1311000000,-0.496,,885000000,,499.54,,0.049,0.045,0.038,,29234000000,18664000000,0.636,10483.18,18584000000,2854000000,-2958000000,-417000000,1180000000,,0.440,,,,,,true,false,12,2020-04-01,2021-03-31,0
2021-05-07,19480,2020-03-31,,35654000000,-0.050,,,,,2541000000,-0.067,2600000000,-0.080,,1737000000,,979.42,,0.102,0.088,0.071,,29216000000,17557000000,0.598,9856.75,17481000000,-204000000,750000000,-446000000,1694000000,,0.225,,,,,,true,false,12,2019-04-01,2020-03-31,-1
2021-05-07,19480,2022-03-31,,13500000000,-0.066,,,,,-260000000,,-230000000,,,-170000000,,-95.90,,,,,,,,,,,,,,,,,,,,,,true,true,6,2021-04-01,2021-09-30,1
2021-05-07,19480,2022-03-31,,33000000000,0.018,,,,,1460000000,0.194,1520000000,0.159,,1020000000,,575.37,,,,,,,,,,,,,,,,0.382,,,,,,true,true,12,2021-04-01,2022-03-31,1
2021-05-07,19480,2021-03-31,,31629000000,-0.089,,,,,1183000000,-0.511,1294000000,-0.478,885000000,,-0.470,499.64,,,,,,27785000000,17975000000,0.647,10139.97,17975000000,,,,,220.00,,,,1794000,21242,1773062,false,false,12,2020-04-01,2021-03-31,0
2021-05-07,19480,2020-03-31,,34722000000,-0.025,,,,,2421000000,-0.033,2481000000,-0.048,1671000000,,-0.095,942.18,,,,,,28391000000,17453000000,0.615,9841.11,17453000000,,,,,220.00,,,,1794000,20466,1773724,false,false,12,2019-04-01,2020-03-31,-1
2021-05-07,19480,2022-03-31,,,,,,,,,,,,,,,,,,,,,,,,,,,,,,220.00,,,,,,,false,true,12,2021-04-01,2022-03-31,1
2021-07-30,19480,2022-03-31,1,6343000000,0.066,,,,,-55000000,,-34000000,,,-39000000,,-22.33,,,,,,28008000000,18266000000,0.649,,18183000000,,,,,,,,,,,,true,false,3,2021-04-01,2021-06-30,0
2021-07-30,19480,2021-03-31,1,5949000000,-0.142,,,,,-283000000,,-259000000,,,-193000000,,-109.24,,,,,,,,,,,,,,,,,,,,,,true,false,3,2020-04-01,2020-06-30,-1
2021-07-30,19480,2022-03-31,1,13700000000,-0.053,,,,,0,-1.000,20000000,-0.934,,5000000,,2.82,,,,,,,,,,,,,,,,,,,,,,true,true,6,2021-04-01,2021-09-30,0
2021-07-30,19480,2022-03-31,1,33000000000,0.018,,,,,1460000000,0.194,1520000000,0.159,,1020000000,,575.37,,,,,,,,,,,,,,,,,,,,,,true,true,12,2021-04-01,2022-03-31,0
2021-07-30,19480,2021-03-31,1,,,,,,,,,,,,,,,,,,,,29234000000,18664000000,0.636,,18584000000,,,,,,,,,,,,true,false,12,2020-04-01,2021-03-31,-1
2021-07-30,19480,2021-03-31,1,,,,,,,,,,,,,,,,,,,,,,,,,,,,,220.00,,,,1794000,21242,,false,false,12,2020-04-01,2021-03-31,-1
2021-07-30,19480,2022-03-31,1,,,,,,,,,,,,,,,,,,,,,,,,,,,,,220.00,,,,,,,false,true,12,2021-04-01,2022-03-31,0
2021-07-30,19480,2022-03-31,1,,,,,,,,,,,,,,,,,,,,,,,,,,,,,,,,,1794000,21300,1772744,false,false,3,2021-04-01,2021-06-30,0
2021-07-30,19480,2021-03-31,1,,,,,,,,,,,,,,,,,,,,,,,,,,,,,,,,,,,1773427,false,false,3,2020-04-01,2020-06-30,-1
2021-10-29,1948,2022-03-31,2,13285000000,-0.081,,,,,-60000000,,-42000000,,,-51000000,,-28.80,,,,,,27552000000,18236000000,0.659,,18158000000,,,,,,,,,,,,true,false,6,2021-04-01,2021-09-30,0
2021-10-29,1948,2021-03-31,2,14460000000,-0.097,,,,,254000000,-0.615,302000000,-0.550,,193000000,,109.28,,,,,,,,,,,,,,,,,,,,,,true,false,6,2020-04-01,2020-09-30,-1
2021-10-29,1948,2022-03-31,2,33000000000,0.018,,,,,1460000000,0.194,1520000000,0.159,,1020000000,,575.37,,,,,,,,,,,,,,,,,,,,,,true,true,12,2021-04-01,2022-03-31,0
2021-10-29,1948,2021-03-31,2,,,,,,,,,,,,,,,,,,,,29234000000,18664000000,0.636,,18584000000,,,,,,,,,,,,true,false,12,2020-04-01,2021-03-31,-1
2021-10-29,1948,2021-03-31,2,,,,,,,,,,,,,,,,,,,,,,,,,,,,,220.00,,,,1794000,21242,,false,false,12,2020-04-01,2021-03-31,-1
2021-10-29,1948,2022-03-31,2,,,,,,,,,,,,,,,,,,,,,,,,,,,,,0.00,,,,,,,false,false,12,2021-04-01,2022-03-31,0
2021-10-29,1948,2022-03-31,2,,,,,,,,,,,,,,,,,,,,,,,,,,,,,220.00,,,,,,,false,true,12,2021-04-01,2022-03-31,0
2021-10-29,1948,2022-03-31,2,,,,,,,,,,,,,,,,,,,,,,,,,,,,,,,,,1794000,21438,1772685,false,false,6,2021-04-01,2021-09-30,0
2021-10-29,1948,2021-03-31,2,,,,,,,,,,,,,,,,,,,,,,,,,,,,,,,,,,,1773271,false,false,6,2020-04-01,2020-09-30,-1
2022-01-31,1948,2022-03-31,3,20271000000,-0.108,,,,,-94000000,,-43000000,,,-61000000,,-34.74,,,,,,28279000000,18207000000,0.641,,18121000000,,,,,,,,,,,,true,false,9,2021-04-01,2021-12-31,0
2022-01-31,1948,2021-03-31,3,22726000000,-0.057,,,,,593000000,-0.413,664000000,-0.367,,425000000,,240.21,,,,,,,,,,,,,,,,,,,,,,true,false,9,2020-04-01,2020-12-31,-1
2022-01-31,1948,2022-03-31,3,30200000000,-0.069,,,,,740000000,-0.395,830000000,-0.367,,530000000,,298.99,,,,,,,,,,,,,,,,,,,,,,true,true,12,2021-04-01,2022-03-31,0
2022-01-31,1948,2021-03-31,3,,,,,,,,,,,,,,,,,,,,29234000000,18664000000,0.636,,18584000000,,,,,,,,,,,,true,false,12,2020-04-01,2021-03-31,-1
2022-01-31,1948,2021-03-31,3,,,,,,,,,,,,,,,,,,,,,,,,,,,,,220.00,,,,1794000,21242,,false,false,12,2020-04-01,2021-03-31,-1
2022-01-31,1948,2022-03-31,3,,,,,,,,,,,,,,,,,,,,,,,,,,,,,0.00,,,,,,,false,false,12,2021-04-01,2022-03-31,0
2022-01-31,1948,2022-03-31,3,,,,,,,,,,,,,,,,,,,,,,,,,,,,,220.00,,,,,,,false,true,12,2021-04-01,2022-03-31,0
2022-01-31,1948,2022-03-31,3,,,,,,,,,,,,,,,,,,,,,,,,,,,,,,,,,1794000,21594,1772622,false,false,9,2021-04-01,2021-12-31,0
2022-01-31,1948,2021-03-31,3,,,,,,,,,,,,,,,,,,,,,,,,,,,,,,,,,,,1773153,false,false,9,2020-04-01,2020-12-31,-1
2022-03-28,19480,2022-03-31,,28800000000,-0.046,,,,,340000000,-0.541,440000000,-0.470,,260000000,,146.67,,,,,,,,,,,,,,,,,,,,,,true,true,12,2021-04-01,2022-03-31,0
2022-03-28,19480,2021-03-31,,32424000000,,,,,,1223000000,,1311000000,,,885000000,,499.54,,,,,,,,,,,,,,,,,,,,,,true,false,12,2020-04-01,2021-03-31,-1
2022-05-10,1948,2022-03-31,,29159000000,-0.101,,,,,417000000,-0.658,535000000,-0.591,,310000000,,175.44,,0.017,0.019,0.014,,28460000000,18544000000,0.649,10415.87,18459000000,-589000000,986000000,-534000000,1112000000,,1.254,,,,,,true,false,12,2021-04-01,2022-03-31,0
2022-05-10,1948,2021-03-31,,32424000000,-0.091,,,,,1223000000,-0.519,1311000000,-0.496,,885000000,,499.54,,0.049,0.045,0.038,,29234000000,18664000000,0.636,10483.18,18584000000,2854000000,-2958000000,-417000000,1180000000,,0.440,,,,,,true,false,12,2020-04-01,2021-03-31,-1
2022-05-10,1948,2023-03-31,,16000000000,0.204,,,,,0,,30000000,,,10000000,,5.64,,,,,,,,,,,,,,,,,,,,,,true,true,6,2022-04-01,2022-09-30,1
2022-05-10,1948,2023-03-31,,36400000000,0.248,,,,,940000000,1.250,1050000000,0.960,,700000000,,394.91,,,,,,,,,,,,,,,,,,,,,,true,true,12,2022-04-01,2023-03-31,1
2022-05-10,1948,2022-03-31,,28279000000,-0.106,,,,,360000000,-0.695,463000000,-0.642,303000000,,-0.657,171.43,,,,,,26807000000,17863000000,0.666,10079.42,17863000000,,,,,220.00,,,,1794000,21755,1772550,false,false,12,2021-04-01,2022-03-31,0
2022-05-10,1948,2021-03-31,,31629000000,-0.089,,,,,1183000000,-0.511,1294000000,-0.478,885000000,,-0.470,499.64,,,,,,27785000000,17975000000,0.647,10139.97,17975000000,,,,,220.00,,,,1794000,21242,1773062,false,false,12,2020-04-01,2021-03-31,-1
2022-05-10,1948,2023-03-31,,,,,,,,,,,,,,,,,,,,,,,,,,,,,,0.00,,,,,,,false,true,12,2022-04-01,2023-03-31,1
2022-07-29,1948,2023-03-31,1,6231000000,-0.018,,,,,-462000000,,-426000000,,,-315000000,,-178.16,,,,,,26513000000,17893000000,0.672,,17824000000,,,,,,,,,,,,true,false,3,2022-04-01,2022-06-30,0
2022-07-29,1948,2022-03-31,1,6343000000,0.066,,,,,-55000000,,-34000000,,,-39000000,,-22.33,,,,,,,,,,,,,,,,,,,,,,true,false,3,2021-04-01,2021-06-30,-1
2022-07-29,1948,2023-03-31,1,16000000000,0.204,,,,,0,,30000000,,,10000000,,5.64,,,,,,,,,,,,,,,,,,,,,,true,true,6,2022-04-01,2022-09-30,0
2022-07-29,1948,2023-03-31,1,36400000000,0.248,,,,,940000000,1.250,1050000000,0.960,,700000000,,394.91,,,,,,,,,,,,,,,,,,,,,,true,true,12,2022-04-01,2023-03-31,0
2022-07-29,1948,2022-03-31,1,,,,,,,,,,,,,,,,,,,,28460000000,18544000000,0.649,,18459000000,,,,,,,,,,,,true,false,12,2021-04-01,2022-03-31,-1
2022-07-29,1948,2022-03-31,1,,,,,,,,,,,,,,,,,,,,,,,,,,,,,220.00,,,,1794000,21755,,false,false,12,2021-04-01,2022-03-31,-1
2022-07-29,1948,2023-03-31,1,,,,,,,,,,,,,,,,,,,,,,,,,,,,,0.00,,,,,,,false,true,12,2022-04-01,2023-03-31,0
2022-07-29,1948,2023-03-31,1,,,,,,,,,,,,,,,,,,,,,,,,,,,,,,,,,1794000,21794,1772236,false,false,3,2022-04-01,2022-06-30,0
2022-07-29,1948,2022-03-31,1,,,,,,,,,,,,,,,,,,,,,,,,,,,,,,,,,,,1772744,false,false,3,2021-04-01,2021-06-30,-1
2022-10-17,19480,2023-03-31,,14500000000,-0.094,,,,,-290000000,,-220000000,,-170000000,,,-95.92,,,,,,,,,,,,,,,,,,,,,,true,true,6,2022-04-01,2022-09-30,0
2022-10-17,19480,2022-03-31,,13285000000,,,,,,-60000000,,-42000000,,-51000000,,,-28.80,,,,,,,,,,,,,,,,,,,,,,true,false,6,2021-04-01,2021-09-30,-1
2022-10-31,1948,2023-03-31,2,14622000000,0.101,,,,,-285000000,,-217000000,,,-169000000,,-95.50,,,,,,27767000000,18092000000,0.649,,18026000000,,,,,,,,,,,,true,false,6,2022-04-01,2022-09-30,0
2022-10-31,1948,2022-03-31,2,13285000000,-0.081,,,,,-60000000,,-42000000,,,-51000000,,-28.80,,,,,,,,,,,,,,,,,,,,,,true,false,6,2021-04-01,2021-09-30,-1
2022-10-31,1948,2023-03-31,2,36400000000,0.248,,,,,940000000,1.250,1050000000,0.960,,700000000,,394.91,,,,,,,,,,,,,,,,,,,,,,true,true,12,2022-04-01,2023-03-31,0
2022-10-31,1948,2022-03-31,2,,,,,,,,,,,,,,,,,,,,28460000000,18544000000,0.649,,18459000000,,,,,,,,,,,,true,false,12,2021-04-01,2022-03-31,-1
2022-10-31,1948,2022-03-31,2,,,,,,,,,,,,,,,,,,,,,,,,,,,,,220.00,,,,1794000,21755,,false,false,12,2021-04-01,2022-03-31,-1
2022-10-31,1948,2023-03-31,2,,,,,,,,,,,,,,,,,,,,,,,,,,,,,0.00,,,,,,,false,false,12,2022-04-01,2023-03-31,0
2022-10-31,1948,2023-03-31,2,,,,,,,,,,,,,,,,,,,,,,,,,,,,,,,,,1794000,21864,1772212,false,false,6,2022-04-01,2022-09-30,0
2022-10-31,1948,2022-03-31,2,,,,,,,,,,,,,,,,,,,,,,,,,,,,,,,,,,,1772685,false,false,6,2021-04-01,2021-09-30,-1
2023-01-31,1948,2023-03-31,3,22945000000,0.132,,,,,-152000000,,-21000000,,,-49000000,,-27.81,,,,,,27975000000,18223000000,0.648,,18139000000,,,,,,,,,,,,true,false,9,2022-04-01,2022-12-31,0
2023-01-31,1948,2022-03-31,3,20271000000,-0.108,,,,,-94000000,,-43000000,,,-61000000,,-34.74,,,,,,,,,,,,,,,,,,,,,,true,false,9,2021-04-01,2021-12-31,-1
2023-01-31,1948,2023-03-31,3,36400000000,0.248,,,,,940000000,1.250,1050000000,0.960,,700000000,,394.91,,,,,,,,,,,,,,,,,,,,,,true,true,12,2022-04-01,2023-03-31,0
2023-01-31,1948,2022-03-31,3,,,,,,,,,,,,,,,,,,,,28460000000,18544000000,0.649,,18459000000,,,,,,,,,,,,true,false,12,2021-04-01,2022-03-31,-1
2023-01-31,1948,2022-03-31,3,,,,,,,,,,,,,,,,,,,,,,,,,,,,,220.00,,,,1794000,21755,,false,false,12,2021-04-01,2022-03-31,-1
2023-01-31,1948,2023-03-31,3,,,,,,,,,,,,,,,,,,,,,,,,,,,,,0.00,,,,,,,false,false,12,2022-04-01,2023-03-31,0
2023-01-31,1948,2023-03-31,3,,,,,,,,,,,,,,,,,,,,,,,,,,,,,,,,,1794000,21976,1772167,false,false,9,2022-04-01,2022-12-31,0
2023-01-31,1948,2022-03-31,3,,,,,,,,,,,,,,,,,,,,,,,,,,,,,,,,,,,1772622,false,false,9,2021-04-01,2021-12-31,-1
,19480,2023-03-31,,,,,,,,,,,,,,,,,,,,,,,,,,,,,,220.00,,,,,,,false,true,12,2022-04-01,2023-03-31,0
,19480,2023-03-31,,,,,,,,,,,,,,,,,,,,,,,,,,,,,,0.00,,,,,,,false,false,12,2022-04-01,2023-03-31,0
,19480,2022-03-31,,,,,,,,,,,,,,,,,,,,,,,,,,,,,,220.00,,,,,,,false,false,12,2021-04-01,2022-03-31,-1
2023-05-10,1948,2023-03-31,,33557000000,0.151,,,,,682000000,0.633,856000000,0.598,,556000000,,313.76,,0.030,0.029,0.020,,31578000000,18725000000,0.590,10512.81,18628000000,123000000,238000000,-411000000,1095000000,,0.701,,,,,,true,false,12,2022-04-01,2023-03-31,0
2023-05-10,1948,2022-03-31,,29159000000,-0.101,,,,,417000000,-0.658,535000000,-0.591,,310000000,,175.44,,0.017,0.019,0.014,,28460000000,18544000000,0.649,10415.87,18459000000,-589000000,986000000,-534000000,1112000000,,1.254,,,,,,true,false,12,2021-04-01,2022-03-31,-1
2023-05-10,1948,2024-03-31,,15000000000,0.026,,,,,0,,40000000,,,20000000,,11.28,,,,,,,,,,,,,,,,,,,,,,true,true,6,2023-04-01,2023-09-30,1
2023-05-10,1948,2024-03-31,,35000000000,0.043,,,,,940000000,0.378,1050000000,0.227,,730000000,,411.93,,,,,,,,,,,,,,,,,,,,,,true,true,12,2023-04-01,2024-03-31,1
2023-05-10,1948,2023-03-31,,32686000000,0.156,,,,,592000000,0.641,723000000,0.559,463000000,,0.526,261.73,,,,,,29851000000,17918000000,0.600,10112.29,17918000000,,,,,220.00,,,,1794000,22051,1772125,false,false,12,2022-04-01,2023-03-31,0
2023-05-10,1948,2022-03-31,,28279000000,-0.106,,,,,360000000,-0.695,463000000,-0.642,303000000,,-0.657,171.43,,,,,,26807000000,17863000000,0.666,10079.42,17863000000,,,,,220.00,,,,1794000,21755,1772550,false,false,12,2021-04-01,2022-03-31,-1
2023-05-10,1948,2024-03-31,,,,,,,,,,,,,,,,,,,,,,,,,,,,,,0.00,,,,,,,false,true,12,2023-04-01,2024-03-31,1
2023-07-31,1948,2024-03-31,1,6743000000,0.082,,,,,-319000000,,-286000000,,,-212000000,,-119.99,,,,,,29426000000,18140000000,0.614,,18059000000,,,,,,,,,,,,true,false,3,2023-04-01,2023-06-30,0
2023-07-31,1948,2023-03-31,1,6231000000,-0.018,,,,,-462000000,,-426000000,,,-315000000,,-178.16,,,,,,,,,,,,,,,,,,,,,,true,false,3,2022-04-01,2022-06-30,-1
2023-07-31,1948,2024-03-31,1,15000000000,0.026,,,,,0,,40000000,,,20000000,,11.28,,,,,,,,,,,,,,,,,,,,,,true,true,6,2023-04-01,2023-09-30,0
2023-07-31,1948,2024-03-31,1,35000000000,0.043,,,,,940000000,0.378,1050000000,0.227,,730000000,,411.93,,,,,,,,,,,,,,,,,,,,,,true,true,12,2023-04-01,2024-03-31,0
2023-07-31,1948,2023-03-31,1,,,,,,,,,,,,,,,,,,,,31578000000,18725000000,0.590,,18628000000,,,,,,,,,,,,true,false,12,2022-04-01,2023-03-31,-1
2023-07-31,1948,2023-03-31,1,,,,,,,,,,,,,,,,,,,,,,,,,,,,,220.00,,,,1794000,22051,,false,false,12,2022-04-01,2023-03-31,-1
2023-07-31,1948,2024-03-31,1,,,,,,,,,,,,,,,,,,,,,,,,,,,,,0.00,,,,,,,false,true,12,2023-04-01,2024-03-31,0
2023-07-31,1948,2024-03-31,1,,,,,,,,,,,,,,,,,,,,,,,,,,,,,,,,,1794000,22051,1771949,false,false,3,2023-04-01,2023-06-30,0
2023-07-31,1948,2023-03-31,1,,,,,,,,,,,,,,,,,,,,,,,,,,,,,,,,,,,1772236,false,false,3,2022-04-01,2022-06-30,-1
2023-10-31,1948,2024-03-31,2,15562000000,0.064,,,,,57000000,,123000000,,,88000000,,50.10,,,,,,28963000000,18475000000,0.636,,18409000000,,,,,,,,,,,,true,false,6,2023-04-01,2023-09-30,0
2023-10-31,1948,2023-03-31,2,14622000000,0.101,,,,,-285000000,,-217000000,,,-169000000,,-95.50,,,,,,,,,,,,,,,,,,,,,,true,false,6,2022-04-01,2022-09-30,-1
2023-10-31,1948,2024-03-31,2,35000000000,0.043,,,,,940000000,0.378,1050000000,0.227,,730000000,,411.93,,,,,,,,,,,,,,,,,,,,,,true,true,12,2023-04-01,2024-03-31,0
2023-10-31,1948,2023-03-31,2,,,,,,,,,,,,,,,,,,,,31578000000,18725000000,0.590,,18628000000,,,,,,,,,,,,true,false,12,2022-04-01,2023-03-31,-1
2023-10-31,1948,2023-03-31,2,,,,,,,,,,,,,,,,,,,,,,,,,,,,,220.00,,,,1794000,22051,,false,false,12,2022-04-01,2023-03-31,-1
2023-10-31,1948,2024-03-31,2,,,,,,,,,,,,,,,,,,,,,,,,,,,,,0.00,,,,,,,false,false,12,2023-04-01,2024-03-31,0
2023-10-31,1948,2024-03-31,2,,,,,,,,,,,,,,,,,,,,,,,,,,,,,,,,,1794000,22108,1771932,false,false,6,2023-04-01,2023-09-30,0
2023-10-31,1948,2023-03-31,2,,,,,,,,,,,,,,,,,,,,,,,,,,,,,,,,,,,1772212,false,false,6,2022-04-01,2022-09-30,-1
2024-01-31,1948,2024-03-31,3,24363000000,0.062,,,,,23000000,,127000000,,,13000000,,7.58,,,,,,28927000000,18461000000,0.636,,18392000000,,,,,,,,,,,,true,false,9,2023-04-01,2023-12-31,0
2024-01-31,1948,2023-03-31,3,22945000000,0.132,,,,,-152000000,,-21000000,,,-49000000,,-27.81,,,,,,,,,,,,,,,,,,,,,,true,false,9,2022-04-01,2022-12-31,-1
2024-01-31,1948,2024-03-31,3,35000000000,0.043,,,,,940000000,0.378,1050000000,0.227,,730000000,,411.93,,,,,,,,,,,,,,,,,,,,,,true,true,12,2023-04-01,2024-03-31,0
2024-01-31,1948,2023-03-31,3,,,,,,,,,,,,,,,,,,,,31578000000,18725000000,0.590,,18628000000,,,,,,,,,,,,true,false,12,2022-04-01,2023-03-31,-1
2024-01-31,1948,2023-03-31,3,,,,,,,,,,,,,,,,,,,,,,,,,,,,,220.00,,,,1794000,22051,,false,false,12,2022-04-01,2023-03-31,-1
2024-01-31,1948,2024-03-31,3,,,,,,,,,,,,,,,,,,,,,,,,,,,,,0.00,,,,,,,false,false,12,2023-04-01,2024-03-31,0
2024-01-31,1948,2024-03-31,3,,,,,,,,,,,,,,,,,,,,,,,,,,,,,,,,,1794000,23202,1771800,false,false,9,2023-04-01,2023-12-31,0
2024-01-31,1948,2023-03-31,3,,,,,,,,,,,,,,,,,,,,,,,,,,,,,,,,,,,1772167,false,false,9,2022-04-01,2022-12-31,-1
,19480,2024-03-31,,,,,,,,,,,,,,,,,,,,,,,,,,,,,,270.00,,,,,,,false,true,12,2023-04-01,2024-03-31,0
,19480,2024-03-31,,,,,,,,,,,,,,,,,,,,,,,,,,,,,,0.00,,,,,,,false,false,12,2023-04-01,2024-03-31,0
,19480,2023-03-31,,,,,,,,,,,,,,,,,,,,,,,,,,,,,,220.00,,,,,,,false,false,12,2022-04-01,2023-03-31,-1
2024-05-09,1948,2024-03-31,,34868000000,0.039,,,,,1156000000,0.695,1292000000,0.509,,899000000,,101.51,,0.046,0.040,0.033,,32424000000,20455000000,0.628,2299.79,20354000000,190000000,13000000,-418000000,917000000,,0.532,,,,,,true,false,12,2023-04-01,2024-03-31,0
2024-05-09,1948,2023-03-31,,33557000000,0.151,,,,,682000000,0.633,856000000,0.598,,556000000,,62.75,,0.030,0.029,0.020,,31578000000,18725000000,0.590,2102.56,18628000000,123000000,238000000,-411000000,1095000000,,0.701,,,,,,true,false,12,2022-04-01,2023-03-31,-1
2024-05-09,1948,2025-03-31,,16000000000,0.028,,,,,-250000000,,-200000000,,,-150000000,,-16.93,,,,,,,,,,,,,,,,,,,,,,true,true,6,2024-04-01,2024-09-30,1
2024-05-09,1948,2025-03-31,,38000000000,0.090,,,,,1200000000,0.038,1300000000,0.006,,910000000,,102.73,,,,,,,,,,,,,,,,,,,,,,true,true,12,2024-04-01,2025-03-31,1
2024-05-09,1948,2024-03-31,,33959000000,0.039,,,,,1142000000,0.929,1491000000,1.063,1089000000,,1.349,122.99,,,,,,29574000000,18662000000,0.631,2108.62,18662000000,,,,,270.00,,,,8970000,119215,8857312,false,false,12,2023-04-01,2024-03-31,0
2024-05-09,1948,2023-03-31,,32686000000,0.156,,,,,592000000,0.641,723000000,0.559,463000000,,0.526,52.35,,,,,,29851000000,17918000000,0.600,2022.46,17918000000,,,,,220.00,,,,8970000,110255,8860625,false,false,12,2022-04-01,2023-03-31,-1
2024-05-09,1948,2025-03-31,,,,,,,,,,,,,,,,,,,,,,,,,,,,,,0.00,,,,,,,false,true,12,2024-04-01,2025-03-31,1
2024-07-31,19480,2025-03-31,1,7662000000,0.136,,,,,153000000,,170000000,,,44000000,,5.03,,,,,,29811000000,20056000000,0.670,,19971000000,,,,,,,,,,,,true,false,3,2024-04-01,2024-06-30,0
2024-07-31,19480,2024-03-31,1,6743000000,0.082,,,,,-319000000,,-286000000,,,-212000000,,-24.00,,,,,,,,,,,,,,,,,,,,,,true,false,3,2023-04-01,2023-06-30,-1
2024-07-31,19480,2025-03-31,1,17000000000,0.092,,,,,380000000,5.612,430000000,2.483,,250000000,,28.22,,,,,,,,,,,,,,,,,,,,,,true,true,6,2024-04-01,2024-09-30,0
2024-07-31,19480,2025-03-31,1,38000000000,0.090,,,,,1200000000,0.038,1300000000,0.006,,910000000,,102.73,,,,,,,,,,,,,,,,,,,,,,true,true,12,2024-04-01,2025-03-31,0
2024-07-31,19480,2024-03-31,1,,,,,,,,,,,,,,,,,,,,32424000000,20455000000,0.628,,20354000000,,,,,,,,,,,,true,false,12,2023-04-01,2024-03-31,-1
2024-07-31,19480,2024-03-31,1,,,,,,,,,,,,,,,,,,,,,,,,,,,,,270.00,,,,8970000,119215,,false,false,12,2023-04-01,2024-03-31,-1
2024-07-31,19480,2025-03-31,1,,,,,,,,,,,,,,,,,,,,,,,,,,,,,,,,,8970000,119271,8850743,false,false,3,2024-04-01,2024-06-30,0
2024-07-31,19480,2024-03-31,1,,,,,,,,,,,,,,,,,,,,,,,,,,,,,,,,,,,8859745,false,false,3,2023-04-01,2023-06-30,-1
2024-07-31,19480,2025-03-31,,17000000000,0.063,,,,,380000000,,430000000,,,250000000,,28.22,,,,,,,,,,,,,,,,,,,,,,true,true,6,2024-04-01,2024-09-30,0
2024-07-31,19480,2024-03-31,,15562000000,,,,,,57000000,,123000000,,,88000000,,10.02,,,,,,,,,,,,,,,,,,,,,,true,false,6,2023-04-01,2023-09-30,-1
,19480,2025-03-31,,,,,,,,,,,,,,,,,,,,,,,,,,,,,,66.00,,,,,,,false,true,12,2024-04-01,2025-03-31,0
,19480,2024-03-31,,,,,,,,,,,,,,,,,,,,,,,,,,,,,,270.00,,,,,,,false,false,12,2023-04-01,2024-03-31,-1
2024-09-17,19480,2025-03-31,,17100000000,0.006,,,,,620000000,0.632,660000000,0.535,,420000000,,47.41,,,,,,,,,,,,,,,,,,,,,,true,true,6,2024-04-01,2024-09-30,0
2024-09-17,19480,2024-03-31,,15562000000,,,,,,57000000,,123000000,,,88000000,,10.02,,,,,,,,,,,,,,,,,,,,,,true,false,6,2023-04-01,2023-09-30,-1
2024-09-17,19480,2025-03-31,,38600000000,0.016,,,,,1740000000,0.450,1850000000,0.423,1390000000,,0.527,156.93,,,,,,,,,,,,,,,,,,,,,,true,true,12,2024-04-01,2025-03-31,0
2024-09-17,19480,2024-03-31,,34868000000,,,,,,1156000000,,1292000000,,899000000,,,101.51,,,,,,,,,,,,,,,,,,,,,,true,false,12,2023-04-01,2024-03-31,-1
2024-10-31,19480,2025-03-31,2,17304000000,0.112,,,,,855000000,,871000000,6.058,,501000000,,56.64,,,,,,31538000000,20459000000,0.646,,20368000000,,,,,,,,,,,,true,false,6,2024-04-01,2024-09-30,0
2024-10-31,19480,2024-03-31,2,15562000000,0.064,,,,,57000000,,123000000,,,88000000,,10.02,,,,,,,,,,,,,,,,,,,,,,true,false,6,2023-04-01,2023-09-30,-1
2024-10-31,19480,2025-03-31,2,38600000000,0.107,,,,,1740000000,0.505,1850000000,0.432,,1390000000,,157.04,,,,,,,,,,,,,,,,,,,,,,true,true,12,2024-04-01,2025-03-31,0
2024-10-31,19480,2024-03-31,2,,,,,,,,,,,,,,,,,,,,32424000000,20455000000,0.628,,20354000000,,,,,,,,,,,,true,false,12,2023-04-01,2024-03-31,-1
2024-10-31,19480,2024-03-31,2,,,,,,,,,,,,,,,,,,,,,,,,,,,,,270.00,,,,8970000,119215,,false,false,12,2023-04-01,2024-03-31,-1
2024-10-31,19480,2025-03-31,2,,,,,,,,,,,,,,,,,,,,,,,,,,,,,33.00,,,,,,,false,false,12,2024-04-01,2025-03-31,0
2024-10-31,19480,2025-03-31,2,,,,,,,,,,,,,,,,,,,,,,,,,,,,,66.00,,,,,,,false,true,12,2024-04-01,2025-03-31,0
2024-10-31,19480,2025-03-31,2,,,,,,,,,,,,,,,,,,,,,,,,,,,,,,,,,8970000,119271,8850737,false,false,6,2024-04-01,2024-09-30,0
2024-10-31,19480,2024-03-31,2,,,,,,,,,,,,,,,,,,,,,,,,,,,,,,,,,,,8859663,false,false,6,2023-04-01,2023-09-30,-1
2025-01-31,19480,2025-03-31,3,27183000000,0.116,,,,,1659000000,,1707000000,,,1227000000,,138.70,,,,,,31942000000,20797000000,0.648,,20692000000,,,,,,,,,,,,true,false,9,2024-04-01,2024-12-31,0
2025-01-31,19480,2024-03-31,3,24363000000,0.062,,,,,23000000,,127000000,,,13000000,,1.52,,,,,,,,,,,,,,,,,,,,,,true,false,9,2023-04-01,2023-12-31,-1
2025-01-31,19480,2025-03-31,3,39500000000,0.133,,,,,2600000000,1.249,2660000000,1.059,,1890000000,,213.54,,,,,,,,,,,,,,,,,,,,,,true,true,12,2024-04-01,2025-03-31,0
2025-01-31,19480,2024-03-31,3,,,,,,,,,,,,,,,,,,,,32424000000,20455000000,0.628,,20354000000,,,,,,,,,,,,true,false,12,2023-04-01,2024-03-31,-1
2025-01-31,19480,2024-03-31,3,,,,,,,,,,,,,,,,,,,,,,,,,,,,,270.00,,,,8970000,119215,,false,false,12,2023-04-01,2024-03-31,-1
2025-01-31,19480,2025-03-31,3,,,,,,,,,,,,,,,,,,,,,,,,,,,,,33.00,,,,,,,false,false,12,2024-04-01,2025-03-31,0
2025-01-31,19480,2025-03-31,3,,,,,,,,,,,,,,,,,,,,,,,,,,,,,66.00,,,,,,,false,true,12,2024-04-01,2025-03-31,0
2025-01-31,19480,2025-03-31,3,,,,,,,,,,,,,,,,,,,,,,,,,,,,,,,,,8970000,119390,8850714,false,false,9,2024-04-01,2024-12-31,0
2025-01-31,19480,2024-03-31,3,,,,,,,,,,,,,,,,,,,,,,,,,,,,,,,,,,,8859000,false,false,9,2023-04-01,2023-12-31,-1
2025-01-31,19480,2025-03-31,,39500000000,0.023,,,,,2600000000,0.494,2660000000,0.438,1890000000,,0.360,213.54,,,,,,,,,,,,,,,,,,,,,,true,true,12,2024-04-01,2025-03-31,0
2025-01-31,19480,2024-03-31,,34868000000,,,,,,1156000000,,1292000000,,899000000,,,101.51,,,,,,,,,,,,,,,,,,,,,,true,false,12,2023-04-01,2024-03-31,-1
,19480,2025-03-31,,,,,,,,,,,,,,,,,,,,,,,,,,,,,,84.00,,,,,,,false,true,12,2024-04-01,2025-03-31,0
,19480,2025-03-31,,,,,,,,,,,,,,,,,,,,,,,,,,,,,,33.00,,,,,,,false,false,12,2024-04-01,2025-03-31,0
,19480,2024-03-31,,,,,,,,,,,,,,,,,,,,,,,,,,,,,,270.00,,,,,,,false,false,12,2023-04-01,2024-03-31,-1
2025-05-09,19480,2025-03-31,,39264000000,0.126,,,,,3081000000,1.665,3169000000,1.453,,2737000000,,309.66,,0.130,0.096,0.078,,33375000000,21914000000,0.653,2497.34,21810000000,1116000000,-249000000,-1076000000,686000000,,0.271,,,,,,true,false,12,2024-04-01,2025-03-31,0
2025-05-09,19480,2024-03-31,,34868000000,0.039,,,,,1156000000,0.695,1292000000,0.509,,899000000,,101.51,,0.046,0.040,0.033,,32424000000,20455000000,0.628,2299.79,20354000000,190000000,13000000,-418000000,917000000,,0.532,,,,,,true,false,12,2023-04-01,2024-03-31,-1
2025-05-09,19480,2026-03-31,,19000000000,0.098,,,,,720000000,-0.159,780000000,-0.105,,500000000,,56.55,,,,,,,,,,,,,,,,,,,,,,true,true,6,2025-04-01,2025-09-30,1
2025-05-09,19480,2026-03-31,,42000000000,0.070,,,,,3100000000,0.006,3200000000,0.010,,2050000000,,231.85,,,,,,,,,,,,,,,,,,,,,,true,true,12,2025-04-01,2026-03-31,1
2025-05-09,19480,2025-03-31,,38999000000,0.148,,,,,2904000000,1.543,3198000000,1.144,2789000000,,1.560,315.45,,,,,,31244000000,20482000000,0.656,2345.30,20482000000,,,,,84.00,,,,8970000,236420,8841683,false,false,12,2024-04-01,2025-03-31,0
2025-05-09,19480,2024-03-31,,33959000000,0.039,,,,,1142000000,0.929,1491000000,1.063,1089000000,,1.349,122.99,,,,,,29574000000,18662000000,0.631,2108.62,18662000000,,,,,270.00,,,,8970000,119215,8857312,false,false,12,2023-04-01,2024-03-31,-1
2025-05-09,19480,2026-03-31,,,,,,,,,,,,,,,,,,,,,,,,,,,,,,84.00,,,,,,,false,true,12,2025-04-01,2026-03-31,1
2025-07-31,19480,2026-03-31,1,8559000000,0.117,,,,,78000000,-0.484,112000000,-0.340,,42000000,,4.88,,,,,,30466000000,21516000000,0.702,,21391000000,,,,,,,,,,,,true,false,3,2025-04-01,2025-06-30,0
2025-07-31,19480,2025-03-31,1,7662000000,0.136,,,,,153000000,,170000000,,,44000000,,5.03,,,,,,,,,,,,,,,,,,,,,,true,false,3,2024-04-01,2024-06-30,-1
2025-07-31,19480,2026-03-31,1,19000000000,0.098,,,,,720000000,-0.159,780000000,-0.105,,500000000,,57.25,,,,,,,,,,,,,,,,,,,,,,true,true,6,2025-04-01,2025-09-30,0
2025-07-31,19480,2026-03-31,1,42000000000,0.070,,,,,3100000000,0.006,3200000000,0.010,,2050000000,,234.72,,,,,,,,,,,,,,,,,,,,,,true,true,12,2025-04-01,2026-03-31,0
2025-07-31,19480,2025-03-31,1,,,,,,,,,,,,,,,,,,,,33375000000,21914000000,0.653,,21810000000,,,,,,,,,,,,true,false,12,2024-04-01,2025-03-31,-1
2025-07-31,19480,2025-03-31,1,,,,,,,,,,,,,,,,,,,,,,,,,,,,,84.00,,,,8970000,236420,,false,false,12,2024-04-01,2025-03-31,-1
2025-07-31,19480,2026-03-31,1,,,,,,,,,,,,,,,,,,,,,,,,,,,,,84.00,,,,,,,false,true,12,2025-04-01,2026-03-31,0
2025-07-31,19480,2026-03-31,1,,,,,,,,,,,,,,,,,,,,,,,,,,,,,,,,,8970000,236420,8733580,false,false,3,2025-04-01,2025-06-30,0
2025-07-31,19480,2025-03-31,1,,,,,,,,,,,,,,,,,,,,,,,,,,,,,,,,,,,8850743,false,false,3,2024-04-01,2024-06-30,-1
2025-09-11,19480,2026-03-31,,,,,,,,,,,,,,,,,,,,,,,,,,,,,,90.00,,,,,,,false,true,12,2025-04-01,2026-03-31,0
2025-09-11,19480,2025-03-31,,,,,,,,,,,,,,,,,,,,,,,,,,,,,,84.00,,,,,,,false,false,12,2024-04-01,2025-03-31,-1
