filing_date,code,fiscal_year_end,quarterly_period,net_sales,net_sales_change,revenue,revenue_change,operating_revenue,operating_revenue_change,operating_profit,operating_profit_change,ordinary_profit,ordinary_profit_change,net_income,net_income_of_parent,net_income_change,eps,diluted_eps,roe,roa,operating_profit_to_net_sales,operating_profit_to_revenue,total_assets,net_assets,equity_ratio,bps,owner_equity,operating_cash_flow,investing_cash_flow,financing_cash_flow,cash,dividend_per_share,payout_ratio,commemorative_dividend,extra_dividend,number_of_shares,number_of_treqsury_shares,avg_number_of_shares,is_consolidated,is_forecast,duration,period_start,period_end,period_pos
2015-05-13,19490,2015-03-31,,144579000000,-0.104,,,,,8351000000,-0.192,8976000000,-0.171,4727000000,,-0.109,132.84,,0.100,0.080,0.058,,112366000000,54805000000,0.456,1438.77,51198000000,3508000000,484000000,-1566000000,22247000000,,0.211,,,,,,true,false,12,2014-04-01,2015-03-31,0
2015-05-13,19490,2014-03-31,,161280000000,0.052,,,,,10341000000,0.092,10828000000,0.141,5308000000,,0.114,149.15,,0.126,0.101,0.064,,111812000000,46740000000,0.391,1229.81,43765000000,8357000000,-6646000000,-1992000000,19145000000,,0.161,,,,,,true,false,12,2013-04-01,2014-03-31,-1
2015-05-13,19490,2016-03-31,,67000000000,0.026,,,,,3900000000,0.052,4200000000,0.042,,2400000000,,67.44,,,,,,,,,,,,,,,,,,,,,,true,true,6,2015-04-01,2015-09-30,1
2015-05-13,19490,2016-03-31,,150000000000,0.037,,,,,9400000000,0.126,10000000000,0.114,,5400000000,,151.74,,,,,,,,,,,,,,,,0.185,,,,,,true,true,12,2015-04-01,2016-03-31,1
2015-05-13,19490,2015-03-31,,79217000000,-0.192,,,,,3100000000,-0.320,4731000000,-0.210,3177000000,,-0.082,89.30,,,,,,83622000000,42825000000,0.512,1203.46,42825000000,,,,,28.00,,,,35635879,50552,35586665,false,false,12,2014-04-01,2015-03-31,0
2015-05-13,19490,2014-03-31,,98101000000,0.028,,,,,4559000000,0.126,5990000000,0.351,3460000000,,0.258,97.24,,,,,,82932000000,37765000000,0.455,1061.20,37765000000,,,,,24.00,,,,35635879,48281,35588763,false,false,12,2013-04-01,2014-03-31,-1
2015-05-13,19490,2016-03-31,,,,,,,,,,,,,,,,,,,,,,,,,,,,,,28.00,,,,,,,false,true,12,2015-04-01,2016-03-31,1
2015-07-29,19490,2016-03-31,1,29602000000,0.017,,,,,1627000000,0.046,1817000000,0.025,,1011000000,,28.43,,,,,,104358000000,55230000000,0.498,1461.47,52006000000,,,,,,,,,,,,true,false,3,2015-04-01,2015-06-30,0
2015-07-29,19490,2015-03-31,1,29121000000,-0.152,,,,,1556000000,-0.161,1772000000,-0.121,,1033000000,,29.05,,,,,,,,,,,,,,,,,,,,,,true,false,3,2014-04-01,2014-06-30,-1
2015-07-29,19490,2016-03-31,1,67000000000,0.026,,,,,3900000000,0.052,4200000000,0.042,,2400000000,,67.44,,,,,,,,,,,,,,,,,,,,,,true,true,6,2015-04-01,2015-09-30,0
2015-07-29,19490,2016-03-31,1,150000000000,0.037,,,,,9400000000,0.126,10000000000,0.114,,5400000000,,151.75,,,,,,,,,,,,,,,,,,,,,,true,true,12,2015-04-01,2016-03-31,0
2015-07-29,19490,2015-03-31,1,,,,,,,,,,,,,,,,,,,,112366000000,54805000000,0.456,1438.77,51198000000,,,,,,,,,,,,true,false,12,2014-04-01,2015-03-31,-1
2015-07-29,19490,2015-03-31,1,,,,,,,,,,,,,,,,,,,,,,,,,,,,,28.00,,,,35635879,50552,,false,false,12,2014-04-01,2015-03-31,-1
2015-07-29,19490,2016-03-31,1,,,,,,,,,,,,,,,,,,,,,,,,,,,,,28.00,,,,,,,false,true,12,2015-04-01,2016-03-31,0
2015-07-29,19490,2016-03-31,1,,,,,,,,,,,,,,,,,,,,,,,,,,,,,,,,,35635879,50837,35585154,false,false,3,2015-04-01,2015-06-30,0
2015-07-29,19490,2015-03-31,1,,,,,,,,,,,,,,,,,,,,,,,,,,,,,,,,,,,35587526,false,false,3,2014-04-01,2014-06-30,-1
2015-10-28,19490,2016-03-31,2,66597000000,0.019,,,,,4363000000,0.177,4644000000,0.152,,2706000000,,76.06,,,,,,104239000000,54735000000,0.495,1450.86,51628000000,,,,,,,,,,,,true,false,6,2015-04-01,2015-09-30,0
2015-10-28,19490,2015-03-31,2,65326000000,-0.115,,,,,3707000000,-0.209,4029000000,-0.190,,2159000000,,60.70,,,,,,,,,,,,,,,,,,,,,,true,false,6,2014-04-01,2014-09-30,-1
2015-10-28,19490,2016-03-31,2,150000000000,0.037,,,,,9400000000,0.126,10000000000,0.114,,5400000000,,151.75,,,,,,,,,,,,,,,,,,,,,,true,true,12,2015-04-01,2016-03-31,0
2015-10-28,19490,2015-03-31,2,,,,,,,,,,,,,,,,,,,,112366000000,54805000000,0.456,1438.77,51198000000,,,,,,,,,,,,true,false,12,2014-04-01,2015-03-31,-1
2015-10-28,19490,2015-03-31,2,,,,,,,,,,,,,,,,,,,,,,,,,,,,,28.00,,,,35635879,50552,,false,false,12,2014-04-01,2015-03-31,-1
2015-10-28,19490,2016-03-31,2,,,,,,,,,,,,,,,,,,,,,,,,,,,,,14.00,,,,,,,false,false,12,2015-04-01,2016-03-31,0
2015-10-28,19490,2016-03-31,2,,,,,,,,,,,,,,,,,,,,,,,,,,,,,28.00,,,,,,,false,true,12,2015-04-01,2016-03-31,0
2015-10-28,19490,2016-03-31,2,,,,,,,,,,,,,,,,,,,,,,,,,,,,,,,,,35635879,51178,35584945,false,false,6,2015-04-01,2015-09-30,0
2015-10-28,19490,2015-03-31,2,,,,,,,,,,,,,,,,,,,,,,,,,,,,,,,,,,,35587257,false,false,6,2014-04-01,2014-09-30,-1
2016-02-01,19490,2016-03-31,3,104640000000,0.055,,,,,7247000000,0.337,7657000000,0.293,,4586000000,,128.89,,,,,,106782000000,56357000000,0.498,1494.40,53176000000,,,,,,,,,,,,true,false,9,2015-04-01,2015-12-31,0
2016-02-01,19490,2015-03-31,3,99215000000,-0.090,,,,,5419000000,-0.227,5919000000,-0.211,,3022000000,,84.94,,,,,,,,,,,,,,,,,,,,,,true,false,9,2014-04-01,2014-12-31,-1
2016-02-01,19490,2016-03-31,3,150000000000,0.037,,,,,9400000000,0.126,10000000000,0.114,,5400000000,,151.75,,,,,,,,,,,,,,,,,,,,,,true,true,12,2015-04-01,2016-03-31,0
2016-02-01,19490,2015-03-31,3,,,,,,,,,,,,,,,,,,,,112366000000,54805000000,0.456,1438.77,51198000000,,,,,,,,,,,,true,false,12,2014-04-01,2015-03-31,-1
2016-02-01,19490,2015-03-31,3,,,,,,,,,,,,,,,,,,,,,,,,,,,,,28.00,,,,35635879,50552,,false,false,12,2014-04-01,2015-03-31,-1
2016-02-01,19490,2016-03-31,3,,,,,,,,,,,,,,,,,,,,,,,,,,,,,14.00,,,,,,,false,false,12,2015-04-01,2016-03-31,0
2016-02-01,19490,2016-03-31,3,,,,,,,,,,,,,,,,,,,,,,,,,,,,,28.00,,,,,,,false,true,12,2015-04-01,2016-03-31,0
2016-02-01,19490,2016-03-31,3,,,,,,,,,,,,,,,,,,,,,,,,,,,,,,,,,35635879,51691,35584791,false,false,9,2015-04-01,2015-12-31,0
2016-02-01,19490,2015-03-31,3,,,,,,,,,,,,,,,,,,,,,,,,,,,,,,,,,,,35587010,false,false,9,2014-04-01,2014-12-31,-1
2016-05-12,19490,2016-03-31,,148052000000,0.024,,,,,9905000000,0.277,10354000000,0.235,,6143000000,,172.63,,0.118,0.092,0.067,,112691000000,56375000000,0.472,1494.74,53188000000,5475000000,-11717000000,-1605000000,13871000000,,0.220,,,,,,true,false,12,2015-04-01,2016-03-31,0
2016-05-12,19490,2015-03-31,,144579000000,-0.104,,,,,7756000000,-0.207,8381000000,-0.184,,4727000000,,132.84,,0.100,0.075,0.054,,112366000000,54805000000,0.456,1438.77,51198000000,3508000000,484000000,-1566000000,22247000000,,0.211,,,,,,true,false,12,2014-04-01,2015-03-31,-1
2016-05-12,19490,2017-03-31,,64000000000,-0.039,,,,,3500000000,-0.157,3700000000,-0.165,,2400000000,,67.44,,,,,,,,,,,,,,,,,,,,,,true,true,6,2016-04-01,2016-09-30,1
2016-05-12,19490,2017-03-31,,148000000000,-0.000,,,,,9500000000,-0.041,10000000000,-0.034,,6300000000,,177.04,,,,,,,,,,,,,,,,0.226,,,,,,true,true,12,2016-04-01,2017-03-31,1
2016-05-12,19490,2016-03-31,,93368000000,0.179,,,,,5711000000,0.842,7374000000,0.559,4885000000,,0.537,137.29,,,,,,85606000000,44305000000,0.518,1245.10,44305000000,,,,,38.00,,,,35635879,52012,35584575,false,false,12,2015-04-01,2016-03-31,0
2016-05-12,19490,2015-03-31,,79217000000,-0.192,,,,,3100000000,-0.320,4731000000,-0.210,3177000000,,-0.082,89.30,,,,,,83622000000,42825000000,0.512,1203.46,42825000000,,,,,28.00,,,,35635879,50552,35586665,false,false,12,2014-04-01,2015-03-31,-1
2016-05-12,19490,2017-03-31,,,,,,,,,,,,,,,,,,,,,,,,,,,,,,40.00,,,,,,,false,true,12,2016-04-01,2017-03-31,1
2016-05-12,19490,2016-03-31,,146899000000,0.018,,,,,8714000000,0.170,9163000000,0.135,,5083000000,,142.85,,0.099,0.082,0.059,,111442000000,55133000000,0.466,1459.82,51946000000,5475000000,-11717000000,-1605000000,13871000000,,0.266,,,,,,true,false,12,2015-04-01,2016-03-31,0
2016-05-12,19490,2015-03-31,,144322000000,-0.106,,,,,7451000000,-0.218,8076000000,-0.193,,4457000000,,125.26,,0.094,0.072,0.052,,112034000000,54564000000,0.455,1432.01,50958000000,3508000000,484000000,-1566000000,22247000000,,0.224,,,,,,true,false,12,2014-04-01,2015-03-31,-1
2016-05-12,19490,2017-03-31,,64000000000,-0.033,,,,,3500000000,0.015,3700000000,-0.008,,2400000000,,67.44,,,,,,,,,,,,,,,,,,,,,,true,true,6,2016-04-01,2016-09-30,1
2016-05-12,19490,2017-03-31,,148000000000,0.007,,,,,9500000000,0.090,10000000000,0.091,,6300000000,,177.04,,,,,,,,,,,,,,,,0.226,,,,,,true,true,12,2016-04-01,2017-03-31,1
2016-05-12,19490,2016-03-31,,93368000000,0.179,,,,,5711000000,0.842,7374000000,0.559,4885000000,,0.537,137.29,,,,,,85606000000,44305000000,0.518,1245.10,44305000000,,,,,38.00,,,,35635879,52012,35584575,false,false,12,2015-04-01,2016-03-31,0
2016-05-12,19490,2015-03-31,,79217000000,-0.192,,,,,3100000000,-0.273,4731000000,-0.169,3177000000,,-0.028,89.30,,,,,,83622000000,42825000000,0.512,1203.46,42825000000,,,,,28.00,,,,35635879,50552,35586665,false,false,12,2014-04-01,2015-03-31,-1
2016-05-12,19490,2017-03-31,,,,,,,,,,,,,,,,,,,,,,,,,,,,,,40.00,,,,,,,false,true,12,2016-04-01,2017-03-31,1
2016-07-29,19490,2017-03-31,1,27223000000,-0.072,,,,,1142000000,0.113,1327000000,0.091,,850000000,,23.89,,,,,,97813000000,53368000000,0.522,1435.56,51082000000,,,,,,,,,,,,true,false,3,2016-04-01,2016-06-30,0
2016-07-29,19490,2016-03-31,1,29327000000,0.010,,,,,1026000000,-0.233,1216000000,-0.217,,587000000,,16.51,,,,,,,,,,,,,,,,,,,,,,true,false,3,2015-04-01,2015-06-30,-1
2016-07-29,19490,2017-03-31,1,61800000000,-0.066,,,,,3000000000,-0.130,3300000000,-0.115,,2000000000,,56.21,,,,,,,,,,,,,,,,,,,,,,true,true,6,2016-04-01,2016-09-30,0
2016-07-29,19490,2017-03-31,1,140000000000,-0.047,,,,,8100000000,-0.071,8500000000,-0.072,,5200000000,,146.13,,,,,,,,,,,,,,,,,,,,,,true,true,12,2016-04-01,2017-03-31,0
2016-07-29,19490,2016-03-31,1,,,,,,,,,,,,,,,,,,,,111442000000,55133000000,0.466,1459.82,51946000000,,,,,,,,,,,,true,false,12,2015-04-01,2016-03-31,-1
2016-07-29,19490,2016-03-31,1,,,,,,,,,,,,,,,,,,,,,,,,,,,,,38.00,,,,35635879,52012,,false,false,12,2015-04-01,2016-03-31,-1
2016-07-29,19490,2017-03-31,1,,,,,,,,,,,,,,,,,,,,,,,,,,,,,40.00,,,,,,,false,true,12,2016-04-01,2017-03-31,0
2016-07-29,19490,2017-03-31,1,,,,,,,,,,,,,,,,,,,,,,,,,,,,,,,,,35635879,52240,35583690,false,false,3,2016-04-01,2016-06-30,0
2016-07-29,19490,2016-03-31,1,,,,,,,,,,,,,,,,,,,,,,,,,,,,,,,,,,,35585154,false,false,3,2015-04-01,2015-06-30,-1
2016-07-29,19490,2017-03-31,,61800000000,-0.034,,,,,3000000000,-0.143,3300000000,-0.108,,2000000000,,56.21,,,,,,,,,,,,,,,,,,,,,,true,true,6,2016-04-01,2016-09-30,0
2016-07-29,19490,2016-03-31,,66173000000,,,,,,3448000000,,3729000000,,,2075000000,,58.33,,,,,,,,,,,,,,,,,,,,,,true,false,6,2015-04-01,2015-09-30,-1
2016-07-29,19490,2017-03-31,,140000000000,-0.054,,,,,8100000000,-0.147,8500000000,-0.150,,5200000000,,146.13,,,,,,,,,,,,,,,,,,,,,,true,true,12,2016-04-01,2017-03-31,0
2016-07-29,19490,2016-03-31,,146899000000,,,,,,8714000000,,9163000000,,,5083000000,,142.85,,,,,,,,,,,,,,,,,,,,,,true,false,12,2015-04-01,2016-03-31,-1
2016-10-31,19490,2017-03-31,2,60080000000,-0.092,,,,,3245000000,-0.059,3565000000,-0.044,,2222000000,,62.46,,,,,,99528000000,54742000000,0.526,1472.24,52387000000,,,,,,,,,,,,true,false,6,2016-04-01,2016-09-30,0
2016-10-31,19490,2016-03-31,2,66173000000,0.014,,,,,3448000000,0.040,3729000000,0.025,,2075000000,,58.33,,,,,,,,,,,,,,,,,,,,,,true,false,6,2015-04-01,2015-09-30,-1
2016-10-31,19490,2017-03-31,2,140000000000,-0.047,,,,,8100000000,-0.071,8500000000,-0.072,,5200000000,,146.13,,,,,,,,,,,,,,,,,,,,,,true,true,12,2016-04-01,2017-03-31,0
2016-10-31,19490,2016-03-31,2,,,,,,,,,,,,,,,,,,,,111442000000,55133000000,0.466,1459.82,51946000000,,,,,,,,,,,,true,false,12,2015-04-01,2016-03-31,-1
2016-10-31,19490,2016-03-31,2,,,,,,,,,,,,,,,,,,,,,,,,,,,,,38.00,,,,35635879,52012,,false,false,12,2015-04-01,2016-03-31,-1
2016-10-31,19490,2017-03-31,2,,,,,,,,,,,,,,,,,,,,,,,,,,,,,20.00,,,,,,,false,false,12,2016-04-01,2017-03-31,0
2016-10-31,19490,2017-03-31,2,,,,,,,,,,,,,,,,,,,,,,,,,,,,,40.00,,,,,,,false,true,12,2016-04-01,2017-03-31,0
2016-10-31,19490,2017-03-31,2,,,,,,,,,,,,,,,,,,,,,,,,,,,,,,,,,35635879,52623,35583574,false,false,6,2016-04-01,2016-09-30,0
2016-10-31,19490,2016-03-31,2,,,,,,,,,,,,,,,,,,,,,,,,,,,,,,,,,,,35584945,false,false,6,2015-04-01,2015-09-30,-1
2017-01-31,19490,2017-03-31,3,92365000000,-0.110,,,,,4944000000,-0.175,5455000000,-0.148,,3354000000,,94.28,,,,,,102255000000,57095000000,0.534,1533.34,54560000000,,,,,,,,,,,,true,false,9,2016-04-01,2016-12-31,0
2017-01-31,19490,2016-03-31,3,103823000000,0.048,,,,,5993000000,0.253,6403000000,0.212,,3739000000,,105.08,,,,,,,,,,,,,,,,,,,,,,true,false,9,2015-04-01,2015-12-31,-1
2017-01-31,19490,2017-03-31,3,140000000000,-0.047,,,,,8100000000,-0.071,8500000000,-0.072,,5200000000,,146.14,,,,,,,,,,,,,,,,,,,,,,true,true,12,2016-04-01,2017-03-31,0
2017-01-31,19490,2016-03-31,3,,,,,,,,,,,,,,,,,,,,111442000000,55133000000,0.466,1459.82,51946000000,,,,,,,,,,,,true,false,12,2015-04-01,2016-03-31,-1
2017-01-31,19490,2016-03-31,3,,,,,,,,,,,,,,,,,,,,,,,,,,,,,38.00,,,,35635879,52012,,false,false,12,2015-04-01,2016-03-31,-1
2017-01-31,19490,2017-03-31,3,,,,,,,,,,,,,,,,,,,,,,,,,,,,,20.00,,,,,,,false,false,12,2016-04-01,2017-03-31,0
2017-01-31,19490,2017-03-31,3,,,,,,,,,,,,,,,,,,,,,,,,,,,,,40.00,,,,,,,false,true,12,2016-04-01,2017-03-31,0
2017-01-31,19490,2017-03-31,3,,,,,,,,,,,,,,,,,,,,,,,,,,,,,,,,,35635879,52870,35583432,false,false,9,2016-04-01,2016-12-31,0
2017-01-31,19490,2016-03-31,3,,,,,,,,,,,,,,,,,,,,,,,,,,,,,,,,,,,35584791,false,false,9,2015-04-01,2015-12-31,-1
2017-05-10,19490,2017-03-31,,137227000000,-0.066,,,,,8249000000,-0.053,8835000000,-0.036,,5521000000,,155.18,,0.102,0.078,0.060,,113922000000,59318000000,0.499,1596.14,56794000000,767000000,1756000000,-2515000000,13803000000,,0.271,,,,,,true,false,12,2016-04-01,2017-03-31,0
2017-05-10,19490,2016-03-31,,146899000000,0.018,,,,,8714000000,0.170,9163000000,0.135,,5083000000,,142.85,,0.099,0.082,0.059,,111442000000,55133000000,0.466,1459.82,51946000000,5475000000,-11717000000,-1605000000,13871000000,,0.266,,,,,,true,false,12,2015-04-01,2016-03-31,-1
2017-05-10,19490,2018-03-31,,65000000000,0.082,,,,,3800000000,0.171,4100000000,0.150,,2400000000,,67.45,,,,,,,,,,,,,,,,,,,,,,true,true,6,2017-04-01,2017-09-30,1
2017-05-10,19490,2018-03-31,,140000000000,0.020,,,,,8300000000,0.006,8800000000,-0.004,,5600000000,,157.38,,,,,,,,,,,,,,,,0.280,,,,,,true,true,12,2017-04-01,2018-03-31,1
2017-05-10,19490,2017-03-31,,94092000000,0.008,,,,,6147000000,0.076,7235000000,-0.019,5333000000,,0.092,149.88,,,,,,90523000000,48853000000,0.540,1372.96,48853000000,,,,,42.00,,,,35635879,53250,35583249,false,false,12,2016-04-01,2017-03-31,0
2017-05-10,19490,2016-03-31,,93368000000,0.179,,,,,5711000000,0.842,7374000000,0.559,4885000000,,0.537,137.29,,,,,,85606000000,44305000000,0.518,1245.10,44305000000,,,,,38.00,,,,35635879,52012,35584575,false,false,12,2015-04-01,2016-03-31,-1
2017-05-10,19490,2018-03-31,,,,,,,,,,,,,,,,,,,,,,,,,,,,,,44.00,,,,,,,false,true,12,2017-04-01,2018-03-31,1
2017-07-31,19490,2018-03-31,1,33671000000,0.237,,,,,2485000000,1.176,2646000000,0.994,,1781000000,,50.05,,,,,,110489000000,61426000000,0.533,,58928000000,,,,,,,,,,,,true,false,3,2017-04-01,2017-06-30,0
2017-07-31,19490,2017-03-31,1,27223000000,-0.072,,,,,1142000000,0.113,1327000000,0.091,,850000000,,23.89,,,,,,,,,,,,,,,,,,,,,,true,false,3,2016-04-01,2016-06-30,-1
2017-07-31,19490,2018-03-31,1,65000000000,0.082,,,,,4300000000,0.325,4600000000,0.290,,2800000000,,78.69,,,,,,,,,,,,,,,,,,,,,,true,true,6,2017-04-01,2017-09-30,0
2017-07-31,19490,2018-03-31,1,140000000000,0.020,,,,,8300000000,0.006,8800000000,-0.004,,5600000000,,157.38,,,,,,,,,,,,,,,,,,,,,,true,true,12,2017-04-01,2018-03-31,0
2017-07-31,19490,2017-03-31,1,,,,,,,,,,,,,,,,,,,,113922000000,59318000000,0.499,,56794000000,,,,,,,,,,,,true,false,12,2016-04-01,2017-03-31,-1
2017-07-31,19490,2017-03-31,1,,,,,,,,,,,,,,,,,,,,,,,,,,,,,42.00,,,,35635879,53250,,false,false,12,2016-04-01,2017-03-31,-1
2017-07-31,19490,2018-03-31,1,,,,,,,,,,,,,,,,,,,,,,,,,,,,,44.00,,,,,,,false,true,12,2017-04-01,2018-03-31,0
2017-07-31,19490,2018-03-31,1,,,,,,,,,,,,,,,,,,,,,,,,,,,,,,,,,35635879,53340,35582545,false,false,3,2017-04-01,2017-06-30,0
2017-07-31,19490,2017-03-31,1,,,,,,,,,,,,,,,,,,,,,,,,,,,,,,,,,,,35583690,false,false,3,2016-04-01,2016-06-30,-1
2017-10-31,19490,2018-03-31,2,68306000000,0.137,,,,,5218000000,0.608,5473000000,0.535,,3620000000,,101.74,,,,,,114553000000,64097000000,0.537,,61536000000,,,,,,,,,,,,true,false,6,2017-04-01,2017-09-30,0
2017-10-31,19490,2017-03-31,2,60080000000,-0.092,,,,,3245000000,-0.059,3565000000,-0.044,,2222000000,,62.46,,,,,,,,,,,,,,,,,,,,,,true,false,6,2016-04-01,2016-09-30,-1
2017-10-31,19490,2018-03-31,2,143000000000,0.042,,,,,8800000000,0.067,9300000000,0.053,,6000000000,,168.62,,,,,,,,,,,,,,,,,,,,,,true,true,12,2017-04-01,2018-03-31,0
2017-10-31,19490,2017-03-31,2,,,,,,,,,,,,,,,,,,,,113922000000,59318000000,0.499,,56794000000,,,,,,,,,,,,true,false,12,2016-04-01,2017-03-31,-1
2017-10-31,19490,2017-03-31,2,,,,,,,,,,,,,,,,,,,,,,,,,,,,,42.00,,,,35635879,53250,,false,false,12,2016-04-01,2017-03-31,-1
2017-10-31,19490,2018-03-31,2,,,,,,,,,,,,,,,,,,,,,,,,,,,,,22.00,,,,,,,false,false,12,2017-04-01,2018-03-31,0
2017-10-31,19490,2018-03-31,2,,,,,,,,,,,,,,,,,,,,,,,,,,,,,44.00,,,,,,,false,true,12,2017-04-01,2018-03-31,0
2017-10-31,19490,2018-03-31,2,,,,,,,,,,,,,,,,,,,,,,,,,,,,,,,,,35635879,53764,35582416,false,false,6,2017-04-01,2017-09-30,0
2017-10-31,19490,2017-03-31,2,,,,,,,,,,,,,,,,,,,,,,,,,,,,,,,,,,,35583574,false,false,6,2016-04-01,2016-09-30,-1
2018-01-31,19490,2018-03-31,3,104195000000,0.128,,,,,7527000000,0.523,7960000000,0.459,,5260000000,,147.83,,,,,,117901000000,67015000000,0.546,,64381000000,,,,,,,,,,,,true,false,9,2017-04-01,2017-12-31,0
2018-01-31,19490,2017-03-31,3,92365000000,-0.110,,,,,4944000000,-0.175,5455000000,-0.148,,3354000000,,94.28,,,,,,,,,,,,,,,,,,,,,,true,false,9,2016-04-01,2016-12-31,-1
2018-01-31,19490,2018-03-31,3,143000000000,0.042,,,,,8800000000,0.067,9300000000,0.053,,6000000000,,168.62,,,,,,,,,,,,,,,,,,,,,,true,true,12,2017-04-01,2018-03-31,0
2018-01-31,19490,2017-03-31,3,,,,,,,,,,,,,,,,,,,,113922000000,59318000000,0.499,,56794000000,,,,,,,,,,,,true,false,12,2016-04-01,2017-03-31,-1
2018-01-31,19490,2017-03-31,3,,,,,,,,,,,,,,,,,,,,,,,,,,,,,42.00,,,,35635879,53250,,false,false,12,2016-04-01,2017-03-31,-1
2018-01-31,19490,2018-03-31,3,,,,,,,,,,,,,,,,,,,,,,,,,,,,,22.00,,,,,,,false,false,12,2017-04-01,2018-03-31,0
2018-01-31,19490,2018-03-31,3,,,,,,,,,,,,,,,,,,,,,,,,,,,,,44.00,,,,,,,false,true,12,2017-04-01,2018-03-31,0
2018-01-31,19490,2018-03-31,3,,,,,,,,,,,,,,,,,,,,,,,,,,,,,,,,,35635879,54433,35582182,false,false,9,2017-04-01,2017-12-31,0
2018-01-31,19490,2017-03-31,3,,,,,,,,,,,,,,,,,,,,,,,,,,,,,,,,,,,35583432,false,false,9,2016-04-01,2016-12-31,-1
2018-05-10,19490,2018-03-31,,146810000000,0.070,,,,,9868000000,0.196,10400000000,0.177,,6843000000,,192.34,,0.112,0.087,0.067,,126096000000,68196000000,0.520,1843.05,65577000000,8829000000,-5460000000,-1651000000,15492000000,,0.260,,,,,,true,false,12,2017-04-01,2018-03-31,0
2018-05-10,19490,2017-03-31,,137227000000,-0.066,,,,,8249000000,-0.053,8835000000,-0.036,,5521000000,,155.18,,0.102,0.078,0.060,,113922000000,59318000000,0.499,1596.14,56794000000,767000000,1756000000,-2515000000,13803000000,,0.271,,,,,,true,false,12,2016-04-01,2017-03-31,-1
2018-05-10,19490,2019-03-31,,71000000000,0.039,,,,,4200000000,-0.195,4500000000,-0.178,,2900000000,,81.50,,,,,,,,,,,,,,,,,,,,,,true,true,6,2018-04-01,2018-09-30,1
2018-05-10,19490,2019-03-31,,147000000000,0.001,,,,,8800000000,-0.108,9300000000,-0.106,,6000000000,,168.62,,,,,,,,,,,,,,,,0.297,,,,,,true,true,12,2018-04-01,2019-03-31,1
2018-05-10,19490,2018-03-31,,100245000000,0.065,,,,,7517000000,0.223,8641000000,0.194,6270000000,,0.176,176.23,,,,,,101487000000,57033000000,0.562,1602.92,57033000000,,,,,50.00,,,,35635879,54677,35581963,false,false,12,2017-04-01,2018-03-31,0
2018-05-10,19490,2017-03-31,,94092000000,0.008,,,,,6147000000,0.076,7235000000,-0.019,5333000000,,0.092,149.88,,,,,,90523000000,48853000000,0.540,1372.96,48853000000,,,,,42.00,,,,35635879,53250,35583249,false,false,12,2016-04-01,2017-03-31,-1
2018-05-10,19490,2019-03-31,,,,,,,,,,,,,,,,,,,,,,,,,,,,,,50.00,,,,,,,false,true,12,2018-04-01,2019-03-31,1
2018-07-30,19490,2019-03-31,1,34402000000,0.022,,,,,2317000000,-0.068,2506000000,-0.053,,1650000000,,46.39,,,,,,120289000000,68892000000,0.551,,66264000000,,,,,,,,,,,,true,false,3,2018-04-01,2018-06-30,0
2018-07-30,19490,2018-03-31,1,33671000000,0.237,,,,,2485000000,1.176,2646000000,0.994,,1781000000,,50.05,,,,,,,,,,,,,,,,,,,,,,true,false,3,2017-04-01,2017-06-30,-1
2018-07-30,19490,2019-03-31,1,71000000000,0.039,,,,,4200000000,-0.195,4500000000,-0.178,,2900000000,,81.50,,,,,,,,,,,,,,,,,,,,,,true,true,6,2018-04-01,2018-09-30,0
2018-07-30,19490,2019-03-31,1,147000000000,0.001,,,,,8800000000,-0.108,9300000000,-0.106,,6000000000,,168.63,,,,,,,,,,,,,,,,,,,,,,true,true,12,2018-04-01,2019-03-31,0
2018-07-30,19490,2018-03-31,1,,,,,,,,,,,,,,,,,,,,125120000000,68196000000,0.524,,65577000000,,,,,,,,,,,,true,false,12,2017-04-01,2018-03-31,-1
2018-07-30,19490,2018-03-31,1,,,,,,,,,,,,,,,,,,,,,,,,,,,,,50.00,,,,35635879,54677,,false,false,12,2017-04-01,2018-03-31,-1
2018-07-30,19490,2019-03-31,1,,,,,,,,,,,,,,,,,,,,,,,,,,,,,50.00,,,,,,,false,true,12,2018-04-01,2019-03-31,0
2018-07-30,19490,2019-03-31,1,,,,,,,,,,,,,,,,,,,,,,,,,,,,,,,,,35635879,54761,35581139,false,false,3,2018-04-01,2018-06-30,0
2018-07-30,19490,2018-03-31,1,,,,,,,,,,,,,,,,,,,,,,,,,,,,,,,,,,,35582545,false,false,3,2017-04-01,2017-06-30,-1
2018-10-31,19490,2019-03-31,2,72404000000,0.060,,,,,5443000000,0.043,5723000000,0.046,,3733000000,,104.94,,,,,,124867000000,71618000000,0.551,,68832000000,,,,,,,,,,,,true,false,6,2018-04-01,2018-09-30,0
2018-10-31,19490,2018-03-31,2,68306000000,0.137,,,,,5218000000,0.608,5473000000,0.535,,3620000000,,101.74,,,,,,,,,,,,,,,,,,,,,,true,false,6,2017-04-01,2017-09-30,-1
2018-10-31,19490,2019-03-31,2,147000000000,0.001,,,,,8800000000,-0.108,9300000000,-0.106,,6000000000,,168.63,,,,,,,,,,,,,,,,,,,,,,true,true,12,2018-04-01,2019-03-31,0
2018-10-31,19490,2018-03-31,2,,,,,,,,,,,,,,,,,,,,125120000000,68196000000,0.524,,65577000000,,,,,,,,,,,,true,false,12,2017-04-01,2018-03-31,-1
2018-10-31,19490,2018-03-31,2,,,,,,,,,,,,,,,,,,,,,,,,,,,,,50.00,,,,35635879,54677,,false,false,12,2017-04-01,2018-03-31,-1
2018-10-31,19490,2019-03-31,2,,,,,,,,,,,,,,,,,,,,,,,,,,,,,25.00,,,,,,,false,false,12,2018-04-01,2019-03-31,0
2018-10-31,19490,2019-03-31,2,,,,,,,,,,,,,,,,,,,,,,,,,,,,,50.00,,,,,,,false,true,12,2018-04-01,2019-03-31,0
2018-10-31,19490,2019-03-31,2,,,,,,,,,,,,,,,,,,,,,,,,,,,,,,,,,35635879,55062,35581027,false,false,6,2018-04-01,2018-09-30,0
2018-10-31,19490,2018-03-31,2,,,,,,,,,,,,,,,,,,,,,,,,,,,,,,,,,,,35582416,false,false,6,2017-04-01,2017-09-30,-1
2019-01-31,19490,2019-03-31,3,111243000000,0.068,,,,,8308000000,0.104,8795000000,0.105,,5770000000,,162.18,,,,,,124165000000,70904000000,0.548,,68086000000,,,,,,,,,,,,true,false,9,2018-04-01,2018-12-31,0
2019-01-31,19490,2018-03-31,3,104195000000,0.128,,,,,7527000000,0.523,7960000000,0.459,,5260000000,,147.83,,,,,,,,,,,,,,,,,,,,,,true,false,9,2017-04-01,2017-12-31,-1
2019-01-31,19490,2019-03-31,3,147000000000,0.001,,,,,8800000000,-0.108,9300000000,-0.106,,6000000000,,168.63,,,,,,,,,,,,,,,,,,,,,,true,true,12,2018-04-01,2019-03-31,0
2019-01-31,19490,2018-03-31,3,,,,,,,,,,,,,,,,,,,,125120000000,68196000000,0.524,,65577000000,,,,,,,,,,,,true,false,12,2017-04-01,2018-03-31,-1
2019-01-31,19490,2018-03-31,3,,,,,,,,,,,,,,,,,,,,,,,,,,,,,50.00,,,,35635879,54677,,false,false,12,2017-04-01,2018-03-31,-1
2019-01-31,19490,2019-03-31,3,,,,,,,,,,,,,,,,,,,,,,,,,,,,,25.00,,,,,,,false,false,12,2018-04-01,2019-03-31,0
2019-01-31,19490,2019-03-31,3,,,,,,,,,,,,,,,,,,,,,,,,,,,,,50.00,,,,,,,false,true,12,2018-04-01,2019-03-31,0
2019-01-31,19490,2019-03-31,3,,,,,,,,,,,,,,,,,,,,,,,,,,,,,,,,,35635879,55346,35580901,false,false,9,2018-04-01,2018-12-31,0
2019-01-31,19490,2018-03-31,3,,,,,,,,,,,,,,,,,,,,,,,,,,,,,,,,,,,35582182,false,false,9,2017-04-01,2017-12-31,-1
2019-02-26,19490,2019-03-31,,154000000000,0.048,,,,,10300000000,0.170,10800000000,0.161,4700000000,,-0.217,132.09,,,,,,,,,,,,,,,,,,,,,,true,true,12,2018-04-01,2019-03-31,0
2019-02-26,19490,2018-03-31,,146810000000,,,,,,9868000000,,10400000000,,6843000000,,,192.34,,,,,,,,,,,,,,,,,,,,,,true,false,12,2017-04-01,2018-03-31,-1
2019-02-26,19490,2019-03-31,,,,,,,,,,,,,,,,,,,,,,,,,,,,,,60.00,,,,,,,false,true,12,2018-04-01,2019-03-31,0
2019-02-26,19490,2019-03-31,,,,,,,,,,,,,,,,,,,,,,,,,,,,,,25.00,,,,,,,false,false,12,2018-04-01,2019-03-31,0
2019-02-26,19490,2018-03-31,,,,,,,,,,,,,,,,,,,,,,,,,,,,,,50.00,,,,,,,false,false,12,2017-04-01,2018-03-31,-1
2019-05-09,19490,2019-03-31,,157016000000,0.070,,,,,10952000000,0.110,11561000000,0.112,,5292000000,,148.73,,0.079,0.091,0.070,,130157000000,71444000000,0.527,1926.22,68535000000,4905000000,6460000000,-2107000000,24757000000,,0.403,,,,,,true,false,12,2018-04-01,2019-03-31,0
2019-05-09,19490,2018-03-31,,146810000000,0.070,,,,,9868000000,0.196,10400000000,0.177,,6843000000,,192.34,,0.112,0.087,0.067,,125120000000,68196000000,0.524,1843.05,65577000000,8829000000,-5460000000,-1651000000,15492000000,,0.260,,,,,,true,false,12,2017-04-01,2018-03-31,-1
2019-05-09,19490,2020-03-31,,73000000000,0.008,,,,,4600000000,-0.155,5000000000,-0.126,,3200000000,,89.94,,,,,,,,,,,,,,,,,,,,,,true,true,6,2019-04-01,2019-09-30,1
2019-05-09,19490,2020-03-31,,160000000000,0.019,,,,,11100000000,0.013,11700000000,0.012,,7600000000,,213.60,,,,,,,,,,,,,,,,0.281,,,,,,true,true,12,2019-04-01,2020-03-31,1
2019-05-09,19490,2019-03-31,,107829000000,0.076,,,,,7505000000,-0.002,8697000000,0.007,3877000000,,-0.382,108.97,,,,,,105469000000,58648000000,0.556,1648.35,58648000000,,,,,60.00,,,,35635879,55666,35580756,false,false,12,2018-04-01,2019-03-31,0
2019-05-09,19490,2018-03-31,,100245000000,0.065,,,,,7517000000,0.223,8641000000,0.194,6270000000,,0.176,176.23,,,,,,100511000000,57033000000,0.567,1602.92,57033000000,,,,,50.00,,,,35635879,54677,35581963,false,false,12,2017-04-01,2018-03-31,-1
2019-05-09,19490,2020-03-31,,,,,,,,,,,,,,,,,,,,,,,,,,,,,,60.00,,,,,,,false,true,12,2019-04-01,2020-03-31,1
2019-07-30,19490,2020-03-31,1,34336000000,-0.002,,,,,2936000000,0.267,3136000000,0.251,,2095000000,,58.88,,,,,,120109000000,71598000000,0.572,,68713000000,,,,,,,,,,,,true,false,3,2019-04-01,2019-06-30,0
2019-07-30,19490,2019-03-31,1,34402000000,0.022,,,,,2317000000,-0.068,2506000000,-0.053,,1650000000,,46.39,,,,,,,,,,,,,,,,,,,,,,true,false,3,2018-04-01,2018-06-30,-1
2019-07-30,19490,2020-03-31,1,73000000000,0.008,,,,,4600000000,-0.155,5000000000,-0.126,,3200000000,,89.94,,,,,,,,,,,,,,,,,,,,,,true,true,6,2019-04-01,2019-09-30,0
2019-07-30,19490,2020-03-31,1,160000000000,0.019,,,,,11100000000,0.013,11700000000,0.012,,7600000000,,213.60,,,,,,,,,,,,,,,,,,,,,,true,true,12,2019-04-01,2020-03-31,0
2019-07-30,19490,2019-03-31,1,,,,,,,,,,,,,,,,,,,,130157000000,71444000000,0.527,,68535000000,,,,,,,,,,,,true,false,12,2018-04-01,2019-03-31,-1
2019-07-30,19490,2019-03-31,1,,,,,,,,,,,,,,,,,,,,,,,,,,,,,60.00,,,,35635879,55666,,false,false,12,2018-04-01,2019-03-31,-1
2019-07-30,19490,2020-03-31,1,,,,,,,,,,,,,,,,,,,,,,,,,,,,,60.00,,,,,,,false,true,12,2019-04-01,2020-03-31,0
2019-07-30,19490,2020-03-31,1,,,,,,,,,,,,,,,,,,,,,,,,,,,,,,,,,35635879,55797,35580117,false,false,3,2019-04-01,2019-06-30,0
2019-07-30,19490,2019-03-31,1,,,,,,,,,,,,,,,,,,,,,,,,,,,,,,,,,,,35581139,false,false,3,2018-04-01,2018-06-30,-1
2019-10-31,19490,2020-03-31,2,76608000000,0.058,,,,,6399000000,0.176,6727000000,0.176,,4434000000,,124.62,,,,,,126383000000,74602000000,0.567,,71656000000,,,,,,,,,,,,true,false,6,2019-04-01,2019-09-30,0
2019-10-31,19490,2019-03-31,2,72404000000,0.060,,,,,5443000000,0.043,5723000000,0.046,,3733000000,,104.94,,,,,,,,,,,,,,,,,,,,,,true,false,6,2018-04-01,2018-09-30,-1
2019-10-31,19490,2020-03-31,2,165000000000,0.051,,,,,11900000000,0.086,12500000000,0.081,,8400000000,,236.09,,,,,,,,,,,,,,,,,,,,,,true,true,12,2019-04-01,2020-03-31,0
2019-10-31,19490,2019-03-31,2,,,,,,,,,,,,,,,,,,,,130157000000,71444000000,0.527,,68535000000,,,,,,,,,,,,true,false,12,2018-04-01,2019-03-31,-1
2019-10-31,19490,2019-03-31,2,,,,,,,,,,,,,,,,,,,,,,,,,,,,,60.00,,,,35635879,55666,,false,false,12,2018-04-01,2019-03-31,-1
2019-10-31,19490,2020-03-31,2,,,,,,,,,,,,,,,,,,,,,,,,,,,,,30.00,,,,,,,false,false,12,2019-04-01,2020-03-31,0
2019-10-31,19490,2020-03-31,2,,,,,,,,,,,,,,,,,,,,,,,,,,,,,60.00,,,,,,,false,true,12,2019-04-01,2020-03-31,0
2019-10-31,19490,2020-03-31,2,,,,,,,,,,,,,,,,,,,,,,,,,,,,,,,,,35635879,56057,35580019,false,false,6,2019-04-01,2019-09-30,0
2019-10-31,19490,2019-03-31,2,,,,,,,,,,,,,,,,,,,,,,,,,,,,,,,,,,,35581027,false,false,6,2018-04-01,2018-09-30,-1
2020-01-31,19490,2020-03-31,3,118729000000,0.067,,,,,9257000000,0.114,9763000000,0.110,,6363000000,,178.84,,,,,,129793000000,76151000000,0.562,,72970000000,,,,,,,,,,,,true,false,9,2019-04-01,2019-12-31,0
2020-01-31,19490,2019-03-31,3,111243000000,0.068,,,,,8308000000,0.104,8795000000,0.105,,5770000000,,162.18,,,,,,,,,,,,,,,,,,,,,,true,false,9,2018-04-01,2018-12-31,-1
2020-01-31,19490,2020-03-31,3,165000000000,0.051,,,,,11900000000,0.086,12500000000,0.081,,8400000000,,236.09,,,,,,,,,,,,,,,,,,,,,,true,true,12,2019-04-01,2020-03-31,0
2020-01-31,19490,2019-03-31,3,,,,,,,,,,,,,,,,,,,,130157000000,71444000000,0.527,,68535000000,,,,,,,,,,,,true,false,12,2018-04-01,2019-03-31,-1
2020-01-31,19490,2019-03-31,3,,,,,,,,,,,,,,,,,,,,,,,,,,,,,60.00,,,,35635879,55666,,false,false,12,2018-04-01,2019-03-31,-1
2020-01-31,19490,2020-03-31,3,,,,,,,,,,,,,,,,,,,,,,,,,,,,,30.00,,,,,,,false,false,12,2019-04-01,2020-03-31,0
2020-01-31,19490,2020-03-31,3,,,,,,,,,,,,,,,,,,,,,,,,,,,,,60.00,,,,,,,false,true,12,2019-04-01,2020-03-31,0
2020-01-31,19490,2020-03-31,3,,,,,,,,,,,,,,,,,,,,,,,,,,,,,,,,,35635879,56318,35579885,false,false,9,2019-04-01,2019-12-31,0
2020-01-31,19490,2019-03-31,3,,,,,,,,,,,,,,,,,,,,,,,,,,,,,,,,,,,35580901,false,false,9,2018-04-01,2018-12-31,-1
2020-05-18,19490,2020-03-31,,172910000000,0.101,,,,,13581000000,0.240,14201000000,0.228,,9772000000,,274.67,,0.138,0.106,0.079,,138328000000,75997000000,0.527,2047.89,72862000000,9386000000,-1275000000,-2626000000,30036000000,,0.255,,,,,,true,false,12,2019-04-01,2020-03-31,0
2020-05-18,19490,2019-03-31,,157016000000,0.070,,,,,10952000000,0.110,11561000000,0.112,,5292000000,,148.73,,0.079,0.091,0.070,,130157000000,71444000000,0.527,1926.22,68535000000,4905000000,6460000000,-2107000000,24757000000,,0.403,,,,,,true,false,12,2018-04-01,2019-03-31,-1
2020-05-18,19490,2020-03-31,,125382000000,0.163,,,,,9823000000,0.309,11214000000,0.289,11474000000,,1.959,322.50,,,,,,118203000000,64915000000,0.549,1824.53,64915000000,,,,,70.00,,,,35635879,56478,35579791,false,false,12,2019-04-01,2020-03-31,0
2020-05-18,19490,2019-03-31,,107829000000,0.076,,,,,7505000000,-0.002,8697000000,0.007,3877000000,,-0.382,108.97,,,,,,105469000000,58648000000,0.556,1648.35,58648000000,,,,,60.00,,,,35635879,55666,35580756,false,false,12,2018-04-01,2019-03-31,-1
2020-07-30,19490,2021-03-31,1,33029000000,-0.038,,,,,2051000000,-0.301,2281000000,-0.273,,1472000000,,41.38,,,,,,129756000000,77552000000,0.574,,74463000000,,,,,,,,,,,,true,false,3,2020-04-01,2020-06-30,0
2020-07-30,19490,2020-03-31,1,34336000000,-0.002,,,,,2936000000,0.267,3136000000,0.251,,2095000000,,58.88,,,,,,,,,,,,,,,,,,,,,,true,false,3,2019-04-01,2019-06-30,-1
2020-07-30,19490,2021-03-31,1,71000000000,-0.073,,,,,4300000000,-0.328,4600000000,-0.316,,2800000000,,78.70,,,,,,,,,,,,,,,,,,,,,,true,true,6,2020-04-01,2020-09-30,0
2020-07-30,19490,2021-03-31,1,155000000000,-0.104,,,,,9400000000,-0.308,10000000000,-0.296,,6200000000,,174.26,,,,,,,,,,,,,,,,,,,,,,true,true,12,2020-04-01,2021-03-31,0
2020-07-30,19490,2020-03-31,1,,,,,,,,,,,,,,,,,,,,138328000000,75997000000,0.527,,72862000000,,,,,,,,,,,,true,false,12,2019-04-01,2020-03-31,-1
2020-07-30,19490,2020-03-31,1,,,,,,,,,,,,,,,,,,,,,,,,,,,,,70.00,,,,35635879,56478,,false,false,12,2019-04-01,2020-03-31,-1
2020-07-30,19490,2021-03-31,1,,,,,,,,,,,,,,,,,,,,,,,,,,,,,70.00,,,,,,,false,true,12,2020-04-01,2021-03-31,0
2020-07-30,19490,2021-03-31,1,,,,,,,,,,,,,,,,,,,,,,,,,,,,,,,,,35635879,56504,35579392,false,false,3,2020-04-01,2020-06-30,0
2020-07-30,19490,2020-03-31,1,,,,,,,,,,,,,,,,,,,,,,,,,,,,,,,,,,,35580117,false,false,3,2019-04-01,2019-06-30,-1
2020-10-30,19490,2021-03-31,2,70759000000,-0.076,,,,,5334000000,-0.166,5660000000,-0.159,,3721000000,,104.61,,,,,,130333000000,80045000000,0.590,,76882000000,,,,,,,,,,,,true,false,6,2020-04-01,2020-09-30,0
2020-10-30,19490,2020-03-31,2,76608000000,0.058,,,,,6399000000,0.176,6727000000,0.176,,4434000000,,124.62,,,,,,,,,,,,,,,,,,,,,,true,false,6,2019-04-01,2019-09-30,-1
2020-10-30,19490,2021-03-31,2,155000000000,-0.104,,,,,9400000000,-0.308,10000000000,-0.296,,6200000000,,174.26,,,,,,,,,,,,,,,,,,,,,,true,true,12,2020-04-01,2021-03-31,0
2020-10-30,19490,2020-03-31,2,,,,,,,,,,,,,,,,,,,,138328000000,75997000000,0.527,,72862000000,,,,,,,,,,,,true,false,12,2019-04-01,2020-03-31,-1
2020-10-30,19490,2020-03-31,2,,,,,,,,,,,,,,,,,,,,,,,,,,,,,70.00,,,,35635879,56478,,false,false,12,2019-04-01,2020-03-31,-1
2020-10-30,19490,2021-03-31,2,,,,,,,,,,,,,,,,,,,,,,,,,,,,,35.00,,,,,,,false,false,12,2020-04-01,2021-03-31,0
2020-10-30,19490,2021-03-31,2,,,,,,,,,,,,,,,,,,,,,,,,,,,,,70.00,,,,,,,false,true,12,2020-04-01,2021-03-31,0
2020-10-30,19490,2021-03-31,2,,,,,,,,,,,,,,,,,,,,,,,,,,,,,,,,,35635879,57586,35578952,false,false,6,2020-04-01,2020-09-30,0
2020-10-30,19490,2020-03-31,2,,,,,,,,,,,,,,,,,,,,,,,,,,,,,,,,,,,35580019,false,false,6,2019-04-01,2019-09-30,-1
2021-01-29,19490,2021-03-31,3,107704000000,-0.093,,,,,7397000000,-0.201,7912000000,-0.190,,5129000000,,144.17,,,,,,134891000000,81795000000,0.582,,78509000000,,,,,,,,,,,,true,false,9,2020-04-01,2020-12-31,0
2021-01-29,19490,2020-03-31,3,118729000000,0.067,,,,,9257000000,0.114,9763000000,0.110,,6363000000,,178.84,,,,,,,,,,,,,,,,,,,,,,true,false,9,2019-04-01,2019-12-31,-1
2021-01-29,19490,2021-03-31,3,155000000000,-0.104,,,,,9400000000,-0.308,10000000000,-0.296,,6200000000,,174.26,,,,,,,,,,,,,,,,,,,,,,true,true,12,2020-04-01,2021-03-31,0
2021-01-29,19490,2020-03-31,3,,,,,,,,,,,,,,,,,,,,138328000000,75997000000,0.527,,72862000000,,,,,,,,,,,,true,false,12,2019-04-01,2020-03-31,-1
2021-01-29,19490,2020-03-31,3,,,,,,,,,,,,,,,,,,,,,,,,,,,,,70.00,,,,35635879,56478,,false,false,12,2019-04-01,2020-03-31,-1
2021-01-29,19490,2021-03-31,3,,,,,,,,,,,,,,,,,,,,,,,,,,,,,35.00,,,,,,,false,false,12,2020-04-01,2021-03-31,0
2021-01-29,19490,2021-03-31,3,,,,,,,,,,,,,,,,,,,,,,,,,,,,,70.00,,,,,,,false,true,12,2020-04-01,2021-03-31,0
2021-01-29,19490,2021-03-31,3,,,,,,,,,,,,,,,,,,,,,,,,,,,,,,,,,35635879,58281,35578607,false,false,9,2020-04-01,2020-12-31,0
2021-01-29,19490,2020-03-31,3,,,,,,,,,,,,,,,,,,,,,,,,,,,,,,,,,,,35579885,false,false,9,2019-04-01,2019-12-31,-1
2021-05-11,19490,2021-03-31,,154053000000,-0.109,,,,,11319000000,-0.167,11937000000,-0.159,,8048000000,,226.22,,0.103,0.084,0.073,,146733000000,86381000000,0.565,2331.62,82951000000,14965000000,-2771000000,-2929000000,39589000000,,0.327,,,,,,true,false,12,2020-04-01,2021-03-31,0
2021-05-11,19490,2020-03-31,,172910000000,0.101,,,,,13581000000,0.240,14201000000,0.228,,9772000000,,274.67,,0.138,0.106,0.079,,138328000000,75997000000,0.527,2047.89,72862000000,9386000000,-1275000000,-2626000000,30036000000,,0.255,,,,,,true,false,12,2019-04-01,2020-03-31,-1
2021-05-11,19490,2022-03-31,,71000000000,0.003,,,,,4400000000,-0.175,4800000000,-0.152,,3000000000,,84.32,,,,,,,,,,,,,,,,,,,,,,true,true,6,2021-04-01,2021-09-30,1
2021-05-11,19490,2022-03-31,,160000000000,0.039,,,,,11500000000,0.016,12000000000,0.005,,7700000000,,216.42,,,,,,,,,,,,,,,,0.342,,,,,,true,true,12,2021-04-01,2022-03-31,1
2021-05-11,19490,2021-03-31,,119071000000,-0.050,,,,,9156000000,-0.068,10276000000,-0.084,7349000000,,-0.359,206.59,,,,,,125518000000,73070000000,0.582,2053.89,73070000000,,,,,74.00,,,,35635879,59016,35578323,false,false,12,2020-04-01,2021-03-31,0
2021-05-11,19490,2020-03-31,,125382000000,0.163,,,,,9823000000,0.309,11214000000,0.289,11474000000,,1.959,322.50,,,,,,118203000000,64915000000,0.549,1824.53,64915000000,,,,,70.00,,,,35635879,56478,35579791,false,false,12,2019-04-01,2020-03-31,-1
2021-05-11,19490,2022-03-31,,,,,,,,,,,,,,,,,,,,,,,,,,,,,,74.00,,,,,,,false,true,12,2021-04-01,2022-03-31,1
2021-07-30,19490,2022-03-31,1,31779000000,-0.038,,,,,1709000000,-0.167,1956000000,-0.142,,1261000000,,35.46,,,,,,138568000000,86725000000,0.601,,83288000000,,,,,,,,,,,,true,false,3,2021-04-01,2021-06-30,0
2021-07-30,19490,2021-03-31,1,33029000000,-0.038,,,,,2051000000,-0.301,2281000000,-0.273,,1472000000,,41.38,,,,,,,,,,,,,,,,,,,,,,true,false,3,2020-04-01,2020-06-30,-1
2021-07-30,19490,2022-03-31,1,71000000000,0.003,,,,,4400000000,-0.175,4800000000,-0.152,,3000000000,,84.32,,,,,,,,,,,,,,,,,,,,,,true,true,6,2021-04-01,2021-09-30,0
2021-07-30,19490,2022-03-31,1,160000000000,0.039,,,,,11500000000,0.016,12000000000,0.005,,7700000000,,216.43,,,,,,,,,,,,,,,,,,,,,,true,true,12,2021-04-01,2022-03-31,0
2021-07-30,19490,2021-03-31,1,,,,,,,,,,,,,,,,,,,,146733000000,86381000000,0.565,,82951000000,,,,,,,,,,,,true,false,12,2020-04-01,2021-03-31,-1
2021-07-30,19490,2021-03-31,1,,,,,,,,,,,,,,,,,,,,,,,,,,,,,74.00,,,,35635879,59016,,false,false,12,2020-04-01,2021-03-31,-1
2021-07-30,19490,2022-03-31,1,,,,,,,,,,,,,,,,,,,,,,,,,,,,,74.00,,,,,,,false,true,12,2021-04-01,2022-03-31,0
2021-07-30,19490,2022-03-31,1,,,,,,,,,,,,,,,,,,,,,,,,,,,,,,,,,35635879,59176,35576823,false,false,3,2021-04-01,2021-06-30,0
2021-07-30,19490,2021-03-31,1,,,,,,,,,,,,,,,,,,,,,,,,,,,,,,,,,,,35579392,false,false,3,2020-04-01,2020-06-30,-1
2021-10-29,19490,2022-03-31,2,72850000000,0.030,,,,,4990000000,-0.064,5513000000,-0.026,,3566000000,,100.24,,,,,,145092000000,89967000000,0.596,,86471000000,,,,,,,,,,,,true,false,6,2021-04-01,2021-09-30,0
2021-10-29,19490,2021-03-31,2,70759000000,-0.076,,,,,5334000000,-0.166,5660000000,-0.159,,3721000000,,104.61,,,,,,,,,,,,,,,,,,,,,,true,false,6,2020-04-01,2020-09-30,-1
2021-10-29,19490,2022-03-31,2,160000000000,0.039,,,,,11500000000,0.016,12000000000,0.005,,7700000000,,216.43,,,,,,,,,,,,,,,,,,,,,,true,true,12,2021-04-01,2022-03-31,0
2021-10-29,19490,2021-03-31,2,,,,,,,,,,,,,,,,,,,,146733000000,86381000000,0.565,,82951000000,,,,,,,,,,,,true,false,12,2020-04-01,2021-03-31,-1
2021-10-29,19490,2021-03-31,2,,,,,,,,,,,,,,,,,,,,,,,,,,,,,74.00,,,,35635879,59016,,false,false,12,2020-04-01,2021-03-31,-1
2021-10-29,19490,2022-03-31,2,,,,,,,,,,,,,,,,,,,,,,,,,,,,,37.00,,,,,,,false,false,12,2021-04-01,2022-03-31,0
2021-10-29,19490,2022-03-31,2,,,,,,,,,,,,,,,,,,,,,,,,,,,,,74.00,,,,,,,false,true,12,2021-04-01,2022-03-31,0
2021-10-29,19490,2022-03-31,2,,,,,,,,,,,,,,,,,,,,,,,,,,,,,,,,,35635879,59469,35576657,false,false,6,2021-04-01,2021-09-30,0
2021-10-29,19490,2021-03-31,2,,,,,,,,,,,,,,,,,,,,,,,,,,,,,,,,,,,35578952,false,false,6,2020-04-01,2020-09-30,-1
2022-01-31,19490,2022-03-31,3,113329000000,0.052,,,,,7720000000,0.044,8466000000,0.070,,5467000000,,153.85,,,,,,144393000000,88724000000,0.589,,85067000000,,,,,,,,,,,,true,false,9,2021-04-01,2021-12-31,0
2022-01-31,19490,2021-03-31,3,107704000000,-0.093,,,,,7397000000,-0.201,7912000000,-0.190,,5129000000,,144.17,,,,,,,,,,,,,,,,,,,,,,true,false,9,2020-04-01,2020-12-31,-1
2022-01-31,19490,2022-03-31,3,160000000000,0.039,,,,,11500000000,0.016,12000000000,0.005,,7700000000,,216.65,,,,,,,,,,,,,,,,,,,,,,true,true,12,2021-04-01,2022-03-31,0
2022-01-31,19490,2021-03-31,3,,,,,,,,,,,,,,,,,,,,146733000000,86381000000,0.565,,82951000000,,,,,,,,,,,,true,false,12,2020-04-01,2021-03-31,-1
2022-01-31,19490,2021-03-31,3,,,,,,,,,,,,,,,,,,,,,,,,,,,,,74.00,,,,35635879,59016,,false,false,12,2020-04-01,2021-03-31,-1
2022-01-31,19490,2022-03-31,3,,,,,,,,,,,,,,,,,,,,,,,,,,,,,37.00,,,,,,,false,false,12,2021-04-01,2022-03-31,0
2022-01-31,19490,2022-03-31,3,,,,,,,,,,,,,,,,,,,,,,,,,,,,,74.00,,,,,,,false,true,12,2021-04-01,2022-03-31,0
2022-01-31,19490,2022-03-31,3,,,,,,,,,,,,,,,,,,,,,,,,,,,,,,,,,35635879,238210,35540836,false,false,9,2021-04-01,2021-12-31,0
2022-01-31,19490,2021-03-31,3,,,,,,,,,,,,,,,,,,,,,,,,,,,,,,,,,,,35578607,false,false,9,2020-04-01,2020-12-31,-1
2022-05-10,19490,2022-03-31,,167594000000,0.088,,,,,13005000000,0.149,13900000000,0.164,,9140000000,,257.43,,0.106,0.090,0.078,,161036000000,93385000000,0.555,2526.98,89448000000,6861000000,11525000000,-3382000000,54921000000,,0.334,,,,,,true,false,12,2021-04-01,2022-03-31,0
2022-05-10,19490,2021-03-31,,154053000000,-0.109,,,,,11319000000,-0.167,11937000000,-0.159,,8048000000,,226.22,,0.103,0.084,0.073,,146733000000,86381000000,0.565,2331.62,82951000000,14965000000,-2771000000,-2929000000,39589000000,,0.327,,,,,,true,false,12,2020-04-01,2021-03-31,-1
2022-05-10,19490,2023-03-31,,79000000000,0.084,,,,,4800000000,-0.038,5200000000,-0.057,,3300000000,,92.94,,,,,,,,,,,,,,,,,,,,,,true,true,6,2022-04-01,2022-09-30,1
2022-05-10,19490,2023-03-31,,175000000000,0.044,,,,,13100000000,0.007,14000000000,0.007,,9200000000,,259.10,,,,,,,,,,,,,,,,0.332,,,,,,true,true,12,2022-04-01,2023-03-31,1
2022-05-10,19490,2022-03-31,,127126000000,0.068,,,,,10122000000,0.105,11265000000,0.096,7947000000,,0.081,223.84,,,,,,135613000000,77718000000,0.573,2195.61,77718000000,,,,,86.00,,,,35635879,238573,35507755,false,false,12,2021-04-01,2022-03-31,0
2022-05-10,19490,2021-03-31,,119071000000,-0.050,,,,,9156000000,-0.068,10276000000,-0.084,7349000000,,-0.359,206.59,,,,,,125518000000,73070000000,0.582,2053.89,73070000000,,,,,74.00,,,,35635879,59016,35578323,false,false,12,2020-04-01,2021-03-31,-1
2022-05-10,19490,2023-03-31,,,,,,,,,,,,,,,,,,,,,,,,,,,,,,86.00,,,,,,,false,true,12,2022-04-01,2023-03-31,1
2022-07-29,19490,2023-03-31,1,37091000000,0.167,,,,,2066000000,0.209,2420000000,0.237,,1470000000,,41.54,,,,,,149576000000,92925000000,0.593,,88758000000,,,,,,,,,,,,true,false,3,2022-04-01,2022-06-30,0
2022-07-29,19490,2022-03-31,1,31779000000,-0.038,,,,,1709000000,-0.167,1956000000,-0.142,,1261000000,,35.46,,,,,,,,,,,,,,,,,,,,,,true,false,3,2021-04-01,2021-06-30,-1
2022-07-29,19490,2023-03-31,1,79000000000,0.084,,,,,4800000000,-0.038,5200000000,-0.057,,3300000000,,93.22,,,,,,,,,,,,,,,,,,,,,,true,true,6,2022-04-01,2022-09-30,0
2022-07-29,19490,2023-03-31,1,175000000000,0.044,,,,,13100000000,0.007,14000000000,0.007,,9200000000,,259.89,,,,,,,,,,,,,,,,,,,,,,true,true,12,2022-04-01,2023-03-31,0
2022-07-29,19490,2022-03-31,1,,,,,,,,,,,,,,,,,,,,161036000000,93385000000,0.555,,89448000000,,,,,,,,,,,,true,false,12,2021-04-01,2022-03-31,-1
2022-07-29,19490,2022-03-31,1,,,,,,,,,,,,,,,,,,,,,,,,,,,,,86.00,,,,35635879,238573,,false,false,12,2021-04-01,2022-03-31,-1
2022-07-29,19490,2023-03-31,1,,,,,,,,,,,,,,,,,,,,,,,,,,,,,86.00,,,,,,,false,true,12,2022-04-01,2023-03-31,0
2022-07-29,19490,2023-03-31,1,,,,,,,,,,,,,,,,,,,,,,,,,,,,,,,,,35635879,229023,35399694,false,false,3,2022-04-01,2022-06-30,0
2022-07-29,19490,2022-03-31,1,,,,,,,,,,,,,,,,,,,,,,,,,,,,,,,,,,,35576823,false,false,3,2021-04-01,2021-06-30,-1
2022-10-31,19490,2023-03-31,2,81498000000,0.119,,,,,5307000000,0.063,5838000000,0.059,,3787000000,,106.99,,,,,,150575000000,94751000000,0.600,,90393000000,,,,,,,,,,,,true,false,6,2022-04-01,2022-09-30,0
2022-10-31,19490,2022-03-31,2,72850000000,0.030,,,,,4990000000,-0.064,5513000000,-0.026,,3566000000,,100.24,,,,,,,,,,,,,,,,,,,,,,true,false,6,2021-04-01,2021-09-30,-1
2022-10-31,19490,2023-03-31,2,175000000000,0.044,,,,,13100000000,0.007,14000000000,0.007,,9200000000,,259.87,,,,,,,,,,,,,,,,,,,,,,true,true,12,2022-04-01,2023-03-31,0
2022-10-31,19490,2022-03-31,2,,,,,,,,,,,,,,,,,,,,161036000000,93385000000,0.555,,89448000000,,,,,,,,,,,,true,false,12,2021-04-01,2022-03-31,-1
2022-10-31,19490,2022-03-31,2,,,,,,,,,,,,,,,,,,,,,,,,,,,,,86.00,,,,35635879,238573,,false,false,12,2021-04-01,2022-03-31,-1
2022-10-31,19490,2023-03-31,2,,,,,,,,,,,,,,,,,,,,,,,,,,,,,43.00,,,,,,,false,false,12,2022-04-01,2023-03-31,0
2022-10-31,19490,2023-03-31,2,,,,,,,,,,,,,,,,,,,,,,,,,,,,,86.00,,,,,,,false,true,12,2022-04-01,2023-03-31,0
2022-10-31,19490,2023-03-31,2,,,,,,,,,,,,,,,,,,,,,,,,,,,,,,,,,35635879,229374,35402675,false,false,6,2022-04-01,2022-09-30,0
2022-10-31,19490,2022-03-31,2,,,,,,,,,,,,,,,,,,,,,,,,,,,,,,,,,,,35576657,false,false,6,2021-04-01,2021-09-30,-1
2023-01-31,19490,2023-03-31,3,121922000000,0.076,,,,,7790000000,0.009,8584000000,0.014,,5259000000,,148.56,,,,,,146823000000,94392000000,0.612,,89912000000,,,,,,,,,,,,true,false,9,2022-04-01,2022-12-31,0
2023-01-31,19490,2022-03-31,3,113329000000,0.052,,,,,7720000000,0.044,8466000000,0.070,,5467000000,,153.85,,,,,,,,,,,,,,,,,,,,,,true,false,9,2021-04-01,2021-12-31,-1
2023-01-31,19490,2023-03-31,3,175000000000,0.044,,,,,13100000000,0.007,14000000000,0.007,,9200000000,,259.86,,,,,,,,,,,,,,,,,,,,,,true,true,12,2022-04-01,2023-03-31,0
2023-01-31,19490,2022-03-31,3,,,,,,,,,,,,,,,,,,,,161036000000,93385000000,0.555,,89448000000,,,,,,,,,,,,true,false,12,2021-04-01,2022-03-31,-1
2023-01-31,19490,2022-03-31,3,,,,,,,,,,,,,,,,,,,,,,,,,,,,,86.00,,,,35635879,238573,,false,false,12,2021-04-01,2022-03-31,-1
2023-01-31,19490,2023-03-31,3,,,,,,,,,,,,,,,,,,,,,,,,,,,,,43.00,,,,,,,false,false,12,2022-04-01,2023-03-31,0
2023-01-31,19490,2023-03-31,3,,,,,,,,,,,,,,,,,,,,,,,,,,,,,86.00,,,,,,,false,true,12,2022-04-01,2023-03-31,0
2023-01-31,19490,2023-03-31,3,,,,,,,,,,,,,,,,,,,,,,,,,,,,,,,,,35635879,229767,35403734,false,false,9,2022-04-01,2022-12-31,0
2023-01-31,19490,2022-03-31,3,,,,,,,,,,,,,,,,,,,,,,,,,,,,,,,,,,,35540836,false,false,9,2021-04-01,2021-12-31,-1
2023-05-11,19490,2023-03-31,,175120000000,0.045,,,,,13461000000,0.035,14394000000,0.036,,9384000000,,265.05,,0.102,0.089,0.077,,162587000000,99618000000,0.584,2681.14,94927000000,5094000000,-2388000000,-3502000000,54428000000,,0.355,,,,,,true,false,12,2022-04-01,2023-03-31,0
2023-05-11,19490,2022-03-31,,167594000000,0.088,,,,,13005000000,0.149,13900000000,0.164,,9140000000,,257.43,,0.106,0.090,0.078,,161036000000,93385000000,0.555,2526.98,89448000000,6861000000,11525000000,-3382000000,54921000000,,0.334,,,,,,true,false,12,2021-04-01,2022-03-31,-1
2023-05-11,19490,2024-03-31,,83000000000,0.018,,,,,4000000000,-0.246,4500000000,-0.229,,2700000000,,76.26,,,,,,,,,,,,,,,,,,,,,,true,true,6,2023-04-01,2023-09-30,1
2023-05-11,19490,2024-03-31,,185000000000,0.056,,,,,13500000000,0.003,14500000000,0.007,,9500000000,,268.33,,,,,,,,,,,,,,,,0.350,,,,,,true,true,12,2023-04-01,2024-03-31,1
2023-05-11,19490,2023-03-31,,129317000000,0.017,,,,,10060000000,-0.006,11581000000,0.028,8645000000,,0.088,244.20,,,,,,137397000000,82406000000,0.600,2327.50,82406000000,,,,,94.00,,,,35635879,230084,35404246,false,false,12,2022-04-01,2023-03-31,0
2023-05-11,19490,2022-03-31,,127126000000,0.068,,,,,10122000000,0.105,11265000000,0.096,7947000000,,0.081,223.84,,,,,,135613000000,77718000000,0.573,2195.61,77718000000,,,,,86.00,,,,35635879,238573,35507755,false,false,12,2021-04-01,2022-03-31,-1
2023-05-11,19490,2024-03-31,,,,,,,,,,,,,,,,,,,,,,,,,,,,,,94.00,,,,,,,false,true,12,2023-04-01,2024-03-31,1
2023-07-31,19490,2024-03-31,1,35349000000,-0.047,,,,,585000000,-0.717,906000000,-0.625,,364000000,,10.29,,,,,,155636000000,100197000000,0.613,,95401000000,,,,,,,,,,,,true,false,3,2023-04-01,2023-06-30,0
2023-07-31,19490,2023-03-31,1,37091000000,0.167,,,,,2066000000,0.209,2420000000,0.237,,1470000000,,41.54,,,,,,,,,,,,,,,,,,,,,,true,false,3,2022-04-01,2022-06-30,-1
2023-07-31,19490,2024-03-31,1,83000000000,0.018,,,,,4000000000,-0.246,4500000000,-0.229,,2700000000,,76.25,,,,,,,,,,,,,,,,,,,,,,true,true,6,2023-04-01,2023-09-30,0
2023-07-31,19490,2024-03-31,1,185000000000,0.056,,,,,13500000000,0.003,14500000000,0.007,,9500000000,,268.30,,,,,,,,,,,,,,,,,,,,,,true,true,12,2023-04-01,2024-03-31,0
2023-07-31,19490,2023-03-31,1,,,,,,,,,,,,,,,,,,,,162587000000,99618000000,0.584,,94927000000,,,,,,,,,,,,true,false,12,2022-04-01,2023-03-31,-1
2023-07-31,19490,2023-03-31,1,,,,,,,,,,,,,,,,,,,,,,,,,,,,,94.00,,,,35635879,230084,,false,false,12,2022-04-01,2023-03-31,-1
2023-07-31,19490,2024-03-31,1,,,,,,,,,,,,,,,,,,,,,,,,,,,,,94.00,,,,,,,false,true,12,2023-04-01,2024-03-31,0
2023-07-31,19490,2024-03-31,1,,,,,,,,,,,,,,,,,,,,,,,,,,,,,,,,,35635879,218575,35408668,false,false,3,2023-04-01,2023-06-30,0
2023-07-31,19490,2023-03-31,1,,,,,,,,,,,,,,,,,,,,,,,,,,,,,,,,,,,35399694,false,false,3,2022-04-01,2022-06-30,-1
2023-10-31,19490,2024-03-31,2,79888000000,-0.020,,,,,3111000000,-0.414,3628000000,-0.378,,2459000000,,69.46,,,,,,161739000000,102844000000,0.606,,97961000000,,,,,,,,,,,,true,false,6,2023-04-01,2023-09-30,0
2023-10-31,19490,2023-03-31,2,81498000000,0.119,,,,,5307000000,0.063,5838000000,0.059,,3787000000,,106.99,,,,,,,,,,,,,,,,,,,,,,true,false,6,2022-04-01,2022-09-30,-1
2023-10-31,19490,2024-03-31,2,185000000000,0.056,,,,,13500000000,0.003,14500000000,0.007,,9500000000,,268.27,,,,,,,,,,,,,,,,,,,,,,true,true,12,2023-04-01,2024-03-31,0
2023-10-31,19490,2023-03-31,2,,,,,,,,,,,,,,,,,,,,162587000000,99618000000,0.584,,94927000000,,,,,,,,,,,,true,false,12,2022-04-01,2023-03-31,-1
2023-10-31,19490,2023-03-31,2,,,,,,,,,,,,,,,,,,,,,,,,,,,,,94.00,,,,35635879,230084,,false,false,12,2022-04-01,2023-03-31,-1
2023-10-31,19490,2024-03-31,2,,,,,,,,,,,,,,,,,,,,,,,,,,,,,47.00,,,,,,,false,false,12,2023-04-01,2024-03-31,0
2023-10-31,19490,2024-03-31,2,,,,,,,,,,,,,,,,,,,,,,,,,,,,,94.00,,,,,,,false,true,12,2023-04-01,2024-03-31,0
2023-10-31,19490,2024-03-31,2,,,,,,,,,,,,,,,,,,,,,,,,,,,,,,,,,35635879,219040,35412210,false,false,6,2023-04-01,2023-09-30,0
2023-10-31,19490,2023-03-31,2,,,,,,,,,,,,,,,,,,,,,,,,,,,,,,,,,,,35402675,false,false,6,2022-04-01,2022-09-30,-1
2024-01-31,19490,2024-03-31,3,126781000000,0.040,,,,,5999000000,-0.230,6749000000,-0.214,,4486000000,,126.70,,,,,,164064000000,102926000000,0.598,,98048000000,,,,,,,,,,,,true,false,9,2023-04-01,2023-12-31,0
2024-01-31,19490,2023-03-31,3,121922000000,0.076,,,,,7790000000,0.009,8584000000,0.014,,5259000000,,148.56,,,,,,,,,,,,,,,,,,,,,,true,false,9,2022-04-01,2022-12-31,-1
2024-01-31,19490,2024-03-31,3,185000000000,0.056,,,,,13500000000,0.003,14500000000,0.007,,9500000000,,268.26,,,,,,,,,,,,,,,,,,,,,,true,true,12,2023-04-01,2024-03-31,0
2024-01-31,19490,2023-03-31,3,,,,,,,,,,,,,,,,,,,,162587000000,99618000000,0.584,,94927000000,,,,,,,,,,,,true,false,12,2022-04-01,2023-03-31,-1
2024-01-31,19490,2023-03-31,3,,,,,,,,,,,,,,,,,,,,,,,,,,,,,94.00,,,,35635879,230084,,false,false,12,2022-04-01,2023-03-31,-1
2024-01-31,19490,2024-03-31,3,,,,,,,,,,,,,,,,,,,,,,,,,,,,,47.00,,,,,,,false,false,12,2023-04-01,2024-03-31,0
2024-01-31,19490,2024-03-31,3,,,,,,,,,,,,,,,,,,,,,,,,,,,,,94.00,,,,,,,false,true,12,2023-04-01,2024-03-31,0
2024-01-31,19490,2024-03-31,3,,,,,,,,,,,,,,,,,,,,,,,,,,,,,,,,,35635879,219310,35413528,false,false,9,2023-04-01,2023-12-31,0
2024-01-31,19490,2023-03-31,3,,,,,,,,,,,,,,,,,,,,,,,,,,,,,,,,,,,35403734,false,false,9,2022-04-01,2022-12-31,-1
2024-05-09,19490,2024-03-31,,185524000000,0.059,,,,,12548000000,-0.068,13502000000,-0.062,,10060000000,,284.09,,0.100,0.078,0.068,,181664000000,110932000000,0.583,2988.28,105833000000,8514000000,-499000000,-3835000000,59085000000,,0.373,,,,,,true,false,12,2023-04-01,2024-03-31,0
2024-05-09,19490,2023-03-31,,175120000000,0.045,,,,,13461000000,0.035,14394000000,0.036,,9384000000,,265.05,,0.102,0.089,0.077,,162587000000,99618000000,0.584,2681.14,94927000000,5094000000,-2388000000,-3502000000,54428000000,,0.355,,,,,,true,false,12,2022-04-01,2023-03-31,-1
2024-05-09,19490,2025-03-31,,89000000000,0.114,,,,,4500000000,0.446,4800000000,0.323,,3000000000,,84.71,,,,,,,,,,,,,,,,,,,,,,true,true,6,2024-04-01,2024-09-30,1
2024-05-09,19490,2025-03-31,,200000000000,0.078,,,,,14500000000,0.156,15000000000,0.111,,10000000000,,282.37,,,,,,,,,,,,,,,,0.404,,,,,,true,true,12,2024-04-01,2025-03-31,1
2024-05-09,19490,2024-03-31,,143943000000,0.113,,,,,10695000000,0.063,12283000000,0.061,10278000000,,0.189,290.24,,,,,,154003000000,92395000000,0.600,2608.85,92395000000,,,,,106.00,,,,35635879,219660,35414177,false,false,12,2023-04-01,2024-03-31,0
2024-05-09,19490,2023-03-31,,129317000000,0.017,,,,,10060000000,-0.006,11581000000,0.028,8645000000,,0.088,244.20,,,,,,137397000000,82406000000,0.600,2327.50,82406000000,,,,,94.00,,,,35635879,230084,35404246,false,false,12,2022-04-01,2023-03-31,-1
2024-05-09,19490,2025-03-31,,,,,,,,,,,,,,,,,,,,,,,,,,,,,,114.00,,,,,,,false,true,12,2024-04-01,2025-03-31,1
2024-07-31,19490,2025-03-31,1,39814000000,0.126,,,,,1846000000,2.156,2182000000,1.408,,1352000000,,38.33,,,,,,169171000000,109228000000,0.615,,103961000000,,,,,,,,,,,,true,false,3,2024-04-01,2024-06-30,0
2024-07-31,19490,2024-03-31,1,35349000000,-0.047,,,,,585000000,-0.717,906000000,-0.625,,364000000,,10.29,,,,,,,,,,,,,,,,,,,,,,true,false,3,2023-04-01,2023-06-30,-1
2024-07-31,19490,2025-03-31,1,89000000000,0.114,,,,,4500000000,0.446,4800000000,0.323,,3000000000,,84.71,,,,,,,,,,,,,,,,,,,,,,true,true,6,2024-04-01,2024-09-30,0
2024-07-31,19490,2025-03-31,1,200000000000,0.078,,,,,14500000000,0.156,15000000000,0.111,,10000000000,,282.37,,,,,,,,,,,,,,,,,,,,,,true,true,12,2024-04-01,2025-03-31,0
2024-07-31,19490,2024-03-31,1,,,,,,,,,,,,,,,,,,,,181664000000,110932000000,0.583,,105833000000,,,,,,,,,,,,true,false,12,2023-04-01,2024-03-31,-1
2024-07-31,19490,2024-03-31,1,,,,,,,,,,,,,,,,,,,,,,,,,,,,,106.00,,,,35635879,219660,,false,false,12,2023-04-01,2024-03-31,-1
2024-07-31,19490,2025-03-31,1,,,,,,,,,,,,,,,,,,,,,,,,,,,,,114.00,,,,,,,false,true,12,2024-04-01,2025-03-31,0
2024-07-31,19490,2025-03-31,1,,,,,,,,,,,,,,,,,,,,,,,,,,,,,,,,,35635879,458271,35294013,false,false,3,2024-04-01,2024-06-30,0
2024-07-31,19490,2024-03-31,1,,,,,,,,,,,,,,,,,,,,,,,,,,,,,,,,,,,35408668,false,false,3,2023-04-01,2023-06-30,-1
2024-10-31,19490,2025-03-31,2,90572000000,0.134,,,,,6162000000,0.981,6569000000,0.811,,4417000000,,125.33,,,,,,175010000000,111839000000,0.609,,106633000000,,,,,,,,,,,,true,false,6,2024-04-01,2024-09-30,0
2024-10-31,19490,2024-03-31,2,79888000000,-0.020,,,,,3111000000,-0.414,3628000000,-0.378,,2459000000,,69.46,,,,,,,,,,,,,,,,,,,,,,true,false,6,2023-04-01,2023-09-30,-1
2024-10-31,19490,2025-03-31,2,200000000000,0.078,,,,,15500000000,0.235,16000000000,0.185,,10600000000,,300.76,,,,,,,,,,,,,,,,,,,,,,true,true,12,2024-04-01,2025-03-31,0
2024-10-31,19490,2024-03-31,2,,,,,,,,,,,,,,,,,,,,181664000000,110932000000,0.583,,105833000000,,,,,,,,,,,,true,false,12,2023-04-01,2024-03-31,-1
2024-10-31,19490,2024-03-31,2,,,,,,,,,,,,,,,,,,,,,,,,,,,,,106.00,,,,35635879,219660,,false,false,12,2023-04-01,2024-03-31,-1
2024-10-31,19490,2025-03-31,2,,,,,,,,,,,,,,,,,,,,,,,,,,,,,60.00,,,,,,,false,false,12,2024-04-01,2025-03-31,0
2024-10-31,19490,2025-03-31,2,,,,,,,,,,,,,,,,,,,,,,,,,,,,,120.00,,,,,,,false,true,12,2024-04-01,2025-03-31,0
2024-10-31,19490,2025-03-31,2,,,,,,,,,,,,,,,,,,,,,,,,,,,,,,,,,35635879,458919,35243922,false,false,6,2024-04-01,2024-09-30,0
2024-10-31,19490,2024-03-31,2,,,,,,,,,,,,,,,,,,,,,,,,,,,,,,,,,,,35412210,false,false,6,2023-04-01,2023-09-30,-1
2025-01-31,19490,2025-03-31,3,139977000000,0.104,,,,,9896000000,0.649,10733000000,0.590,,7116000000,,202.03,,,,,,179865000000,113556000000,0.600,,108003000000,,,,,,,,,,,,true,false,9,2024-04-01,2024-12-31,0
2025-01-31,19490,2024-03-31,3,126781000000,0.040,,,,,5999000000,-0.230,6749000000,-0.214,,4486000000,,126.70,,,,,,,,,,,,,,,,,,,,,,true,false,9,2023-04-01,2023-12-31,-1
2025-01-31,19490,2025-03-31,3,200000000000,0.078,,,,,15500000000,0.235,16000000000,0.185,,10600000000,,300.93,,,,,,,,,,,,,,,,,,,,,,true,true,12,2024-04-01,2025-03-31,0
2025-01-31,19490,2024-03-31,3,,,,,,,,,,,,,,,,,,,,181664000000,110932000000,0.583,,105833000000,,,,,,,,,,,,true,false,12,2023-04-01,2024-03-31,-1
2025-01-31,19490,2024-03-31,3,,,,,,,,,,,,,,,,,,,,,,,,,,,,,106.00,,,,35635879,219660,,false,false,12,2023-04-01,2024-03-31,-1
2025-01-31,19490,2025-03-31,3,,,,,,,,,,,,,,,,,,,,,,,,,,,,,60.00,,,,,,,false,false,12,2024-04-01,2025-03-31,0
2025-01-31,19490,2025-03-31,3,,,,,,,,,,,,,,,,,,,,,,,,,,,,,120.00,,,,,,,false,true,12,2024-04-01,2025-03-31,0
2025-01-31,19490,2025-03-31,3,,,,,,,,,,,,,,,,,,,,,,,,,,,,,,,,,35635879,459393,35223734,false,false,9,2024-04-01,2024-12-31,0
2025-01-31,19490,2024-03-31,3,,,,,,,,,,,,,,,,,,,,,,,,,,,,,,,,,,,35413528,false,false,9,2023-04-01,2023-12-31,-1
2025-05-09,19490,2025-03-31,,203639000000,0.098,,,,,17886000000,0.425,18914000000,0.401,,12800000000,,363.52,,0.117,0.100,0.088,,197577000000,119178000000,0.576,3232.72,113714000000,13794000000,-2887000000,-5353000000,64658000000,,0.402,,,,,,true,false,12,2024-04-01,2025-03-31,0
2025-05-09,19490,2024-03-31,,185524000000,0.059,,,,,12548000000,-0.068,13502000000,-0.062,,10060000000,,284.09,,0.100,0.078,0.068,,181664000000,110932000000,0.583,2988.28,105833000000,8514000000,-499000000,-3835000000,59085000000,,0.373,,,,,,true,false,12,2023-04-01,2024-03-31,-1
2025-05-09,19490,2026-03-31,,96000000000,0.060,,,,,6200000000,0.006,6600000000,0.005,,4500000000,,127.80,,,,,,,,,,,,,,,,,,,,,,true,true,6,2025-04-01,2025-09-30,1
2025-05-09,19490,2026-03-31,,210000000000,0.031,,,,,18000000000,0.006,19000000000,0.005,,13000000000,,369.20,,,,,,,,,,,,,,,,0.423,,,,,,true,true,12,2025-04-01,2026-03-31,1
2025-05-09,19490,2025-03-31,,154183000000,0.071,,,,,14475000000,0.353,15830000000,0.289,11251000000,,0.095,319.53,,,,,,169661000000,98604000000,0.581,2803.17,98604000000,,,,,146.00,,,,35635879,459813,35212764,false,false,12,2024-04-01,2025-03-31,0
2025-05-09,19490,2024-03-31,,143943000000,0.113,,,,,10695000000,0.063,12283000000,0.061,10278000000,,0.189,290.24,,,,,,154003000000,92395000000,0.600,2608.85,92395000000,,,,,106.00,,,,35635879,219660,35414177,false,false,12,2023-04-01,2024-03-31,-1
2025-05-09,19490,2026-03-31,,,,,,,,,,,,,,,,,,,,,,,,,,,,,,156.00,,,,,,,false,true,12,2025-04-01,2026-03-31,1
