filing_date,code,fiscal_year_end,quarterly_period,net_sales,net_sales_change,revenue,revenue_change,operating_revenue,operating_revenue_change,operating_profit,operating_profit_change,ordinary_profit,ordinary_profit_change,net_income,net_income_of_parent,net_income_change,eps,diluted_eps,roe,roa,operating_profit_to_net_sales,operating_profit_to_revenue,total_assets,net_assets,equity_ratio,bps,owner_equity,operating_cash_flow,investing_cash_flow,financing_cash_flow,cash,dividend_per_share,payout_ratio,commemorative_dividend,extra_dividend,number_of_shares,number_of_treqsury_shares,avg_number_of_shares,is_consolidated,is_forecast,duration,period_start,period_end,period_pos
2015-07-29,19500,2016-03-31,1,16947000000,0.205,,,,,-327000000,,82000000,,,-31000000,,-0.52,,,,,,191510000000,127069000000,0.618,,118271000000,,,,,,,,,,,,true,false,3,2015-04-01,2015-06-30,0
2015-07-29,19500,2015-03-31,1,14061000000,-0.127,,,,,-1100000000,,-826000000,,,-633000000,,-10.30,,,,,,,,,,,,,,,,,,,,,,true,false,3,2014-04-01,2014-06-30,-1
2015-07-29,19500,2016-03-31,1,177700000000,0.019,,,,,13530000000,-0.023,14310000000,-0.043,,8600000000,,139.90,,,,,,,,,,,,,,,,,,,,,,true,true,12,2015-04-01,2016-03-31,0
2015-07-29,19500,2015-03-31,1,,,,,,,,,,,,,,,,,,,,213401000000,126761000000,0.553,,118053000000,,,,,,,,,,,,true,false,12,2014-04-01,2015-03-31,-1
2015-07-29,19500,2015-03-31,1,,,,,,,,,,,,,,,,,,,,,,,,,,,,,20.00,,,,65337219,3863921,,false,false,12,2014-04-01,2015-03-31,-1
2015-07-29,19500,2016-03-31,1,,,,,,,,,,,,,,,,,,,,,,,,,,,,,22.00,,,,,,,false,true,12,2015-04-01,2016-03-31,0
2015-07-29,19500,2016-03-31,1,,,,,,,,,,,,,,,,,,,,,,,,,,,,,,,,,65337219,3864079,61473241,false,false,3,2015-04-01,2015-06-30,0
2015-07-29,19500,2015-03-31,1,,,,,,,,,,,,,,,,,,,,,,,,,,,,,,,,,,,61473846,false,false,3,2014-04-01,2014-06-30,-1
2015-10-29,19500,2016-03-31,2,48184000000,0.137,,,,,2000000000,,2514000000,8.221,,1306000000,,21.25,,,,,,184919000000,127194000000,0.639,,118192000000,,,,,,,,,,,,true,false,6,2015-04-01,2015-09-30,0
2015-10-29,19500,2015-03-31,2,42378000000,-0.165,,,,,-15000000,,272000000,-0.782,,-27000000,,-0.44,,,,,,,,,,,,,,,,,,,,,,true,false,6,2014-04-01,2014-09-30,-1
2015-10-29,19500,2016-03-31,2,177700000000,0.019,,,,,13530000000,-0.023,14310000000,-0.043,,8600000000,,139.90,,,,,,,,,,,,,,,,,,,,,,true,true,12,2015-04-01,2016-03-31,0
2015-10-29,19500,2015-03-31,2,,,,,,,,,,,,,,,,,,,,213401000000,126761000000,0.553,,118053000000,,,,,,,,,,,,true,false,12,2014-04-01,2015-03-31,-1
2015-10-29,19500,2015-03-31,2,,,,,,,,,,,,,,,,,,,,,,,,,,,,,20.00,,,,65337219,3863921,,false,false,12,2014-04-01,2015-03-31,-1
2015-10-29,19500,2016-03-31,2,,,,,,,,,,,,,,,,,,,,,,,,,,,,,22.00,,,,,,,false,true,12,2015-04-01,2016-03-31,0
2015-10-29,19500,2016-03-31,2,,,,,,,,,,,,,,,,,,,,,,,,,,,,,,,,,65337219,3864166,61473160,false,false,6,2015-04-01,2015-09-30,0
2015-10-29,19500,2015-03-31,2,,,,,,,,,,,,,,,,,,,,,,,,,,,,,,,,,,,61473722,false,false,6,2014-04-01,2014-09-30,-1
2016-01-29,19500,2016-03-31,3,82815000000,0.079,,,,,4303000000,0.527,5173000000,0.511,,2889000000,,47.00,,,,,,192101000000,131374000000,0.636,,122185000000,,,,,,,,,,,,true,false,9,2015-04-01,2015-12-31,0
2016-01-29,19500,2015-03-31,3,76749000000,-0.068,,,,,2818000000,-0.050,3423000000,-0.018,,1796000000,,29.22,,,,,,,,,,,,,,,,,,,,,,true,false,9,2014-04-01,2014-12-31,-1
2016-01-29,19500,2016-03-31,3,177700000000,0.019,,,,,13530000000,-0.023,14310000000,-0.043,,8600000000,,139.90,,,,,,,,,,,,,,,,,,,,,,true,true,12,2015-04-01,2016-03-31,0
2016-01-29,19500,2015-03-31,3,,,,,,,,,,,,,,,,,,,,213401000000,126761000000,0.553,,118053000000,,,,,,,,,,,,true,false,12,2014-04-01,2015-03-31,-1
2016-01-29,19500,2015-03-31,3,,,,,,,,,,,,,,,,,,,,,,,,,,,,,20.00,,,,65337219,3863921,,false,false,12,2014-04-01,2015-03-31,-1
2016-01-29,19500,2016-03-31,3,,,,,,,,,,,,,,,,,,,,,,,,,,,,,22.00,,,,,,,false,true,12,2015-04-01,2016-03-31,0
2016-01-29,19500,2016-03-31,3,,,,,,,,,,,,,,,,,,,,,,,,,,,,,,,,,65337219,3864266,61473113,false,false,9,2015-04-01,2015-12-31,0
2016-01-29,19500,2015-03-31,3,,,,,,,,,,,,,,,,,,,,,,,,,,,,,,,,,,,61473621,false,false,9,2014-04-01,2014-12-31,-1
2016-04-28,19500,2016-03-31,,174225000000,-0.001,,,,,14339000000,0.036,15408000000,0.030,,9453000000,,153.78,,0.077,0.071,0.082,,218084000000,136572000000,0.583,2069.98,127247000000,12764000000,-7351000000,-1531000000,30265000000,,0.163,,,,,,true,false,12,2015-04-01,2016-03-31,0
2016-04-28,19500,2015-03-31,,174418000000,0.025,,,,,13842000000,0.235,14955000000,0.232,,8595000000,,139.82,,0.076,0.073,0.079,,213401000000,126761000000,0.553,1920.40,118053000000,7595000000,-5420000000,-1281000000,25785000000,,0.143,,,,,,true,false,12,2014-04-01,2015-03-31,-1
2016-04-28,19500,2017-03-31,,178100000000,0.022,,,,,14060000000,-0.020,14820000000,-0.038,,9280000000,,150.96,,,,,,,,,,,,,,,,0.172,,,,,,true,true,12,2016-04-01,2017-03-31,1
2016-04-28,19500,2016-03-31,,139561000000,0.002,,,,,10669000000,0.055,11536000000,0.059,7588000000,,0.123,123.37,,,,,,177129000000,104397000000,0.589,1697.12,104397000000,,,,,25.00,,,,65337219,3864286,61473072,false,false,12,2015-04-01,2016-03-31,0
2016-04-28,19500,2015-03-31,,139309000000,0.018,,,,,10112000000,0.233,10894000000,0.235,6760000000,,0.295,109.90,,,,,,173094000000,97259000000,0.562,1581.06,97259000000,,,,,20.00,,,,65337219,3863921,61473556,false,false,12,2014-04-01,2015-03-31,-1
2016-04-28,19500,2017-03-31,,142600000000,0.022,,,,,10220000000,-0.042,11020000000,-0.045,7570000000,,-0.002,123.06,,,,,,,,,,,,,,,26.00,,,,,,,false,true,12,2016-04-01,2017-03-31,1
2016-07-29,19500,2017-03-31,1,15450000000,-0.088,,,,,-759000000,,-430000000,,,-391000000,,-6.36,,,,,,193338000000,133604000000,0.643,,124251000000,,,,,,,,,,,,true,false,3,2016-04-01,2016-06-30,0
2016-07-29,19500,2016-03-31,1,16947000000,0.205,,,,,-327000000,,82000000,,,-31000000,,-0.52,,,,,,,,,,,,,,,,,,,,,,true,false,3,2015-04-01,2015-06-30,-1
2016-07-29,19500,2017-03-31,1,178100000000,0.022,,,,,14060000000,-0.020,14820000000,-0.038,,9280000000,,150.96,,,,,,,,,,,,,,,,,,,,,,true,true,12,2016-04-01,2017-03-31,0
2016-07-29,19500,2016-03-31,1,,,,,,,,,,,,,,,,,,,,218084000000,136572000000,0.583,,127247000000,,,,,,,,,,,,true,false,12,2015-04-01,2016-03-31,-1
2016-07-29,19500,2016-03-31,1,,,,,,,,,,,,,,,,,,,,,,,,,,,,,25.00,,,,65337219,3864286,,false,false,12,2015-04-01,2016-03-31,-1
2016-07-29,19500,2017-03-31,1,,,,,,,,,,,,,,,,,,,,,,,,,,,,,26.00,,,,,,,false,true,12,2016-04-01,2017-03-31,0
2016-07-29,19500,2017-03-31,1,,,,,,,,,,,,,,,,,,,,,,,,,,,,,,,,,65337219,3864286,61472933,false,false,3,2016-04-01,2016-06-30,0
2016-07-29,19500,2016-03-31,1,,,,,,,,,,,,,,,,,,,,,,,,,,,,,,,,,,,61473241,false,false,3,2015-04-01,2015-06-30,-1
2016-10-31,19500,2017-03-31,2,48288000000,0.002,,,,,1203000000,-0.398,1564000000,-0.378,,670000000,,10.90,,,,,,193552000000,134764000000,0.647,,125208000000,,,,,,,,,,,,true,false,6,2016-04-01,2016-09-30,0
2016-10-31,19500,2016-03-31,2,48184000000,0.137,,,,,2000000000,,2514000000,8.221,,1306000000,,21.25,,,,,,,,,,,,,,,,,,,,,,true,false,6,2015-04-01,2015-09-30,-1
2016-10-31,19500,2017-03-31,2,178100000000,0.022,,,,,14060000000,-0.020,14820000000,-0.038,,9280000000,,150.96,,,,,,,,,,,,,,,,,,,,,,true,true,12,2016-04-01,2017-03-31,0
2016-10-31,19500,2016-03-31,2,,,,,,,,,,,,,,,,,,,,218084000000,136572000000,0.583,,127247000000,,,,,,,,,,,,true,false,12,2015-04-01,2016-03-31,-1
2016-10-31,19500,2016-03-31,2,,,,,,,,,,,,,,,,,,,,,,,,,,,,,25.00,,,,65337219,3864286,,false,false,12,2015-04-01,2016-03-31,-1
2016-10-31,19500,2017-03-31,2,,,,,,,,,,,,,,,,,,,,,,,,,,,,,26.00,,,,,,,false,true,12,2016-04-01,2017-03-31,0
2016-10-31,19500,2017-03-31,2,,,,,,,,,,,,,,,,,,,,,,,,,,,,,,,,,65337219,3864311,61472922,false,false,6,2016-04-01,2016-09-30,0
2016-10-31,19500,2016-03-31,2,,,,,,,,,,,,,,,,,,,,,,,,,,,,,,,,,,,61473160,false,false,6,2015-04-01,2015-09-30,-1
2017-01-31,19500,2017-03-31,3,85722000000,0.035,,,,,4511000000,0.048,5150000000,-0.004,,2883000000,,46.91,,,,,,194578000000,139119000000,0.665,,129364000000,,,,,,,,,,,,true,false,9,2016-04-01,2016-12-31,0
2017-01-31,19500,2016-03-31,3,82815000000,0.079,,,,,4303000000,0.527,5173000000,0.511,,2889000000,,47.00,,,,,,,,,,,,,,,,,,,,,,true,false,9,2015-04-01,2015-12-31,-1
2017-01-31,19500,2017-03-31,3,178100000000,0.022,,,,,14060000000,-0.020,14820000000,-0.038,,9280000000,,150.96,,,,,,,,,,,,,,,,,,,,,,true,true,12,2016-04-01,2017-03-31,0
2017-01-31,19500,2016-03-31,3,,,,,,,,,,,,,,,,,,,,218084000000,136572000000,0.583,,127247000000,,,,,,,,,,,,true,false,12,2015-04-01,2016-03-31,-1
2017-01-31,19500,2016-03-31,3,,,,,,,,,,,,,,,,,,,,,,,,,,,,,25.00,,,,65337219,3864286,,false,false,12,2015-04-01,2016-03-31,-1
2017-01-31,19500,2017-03-31,3,,,,,,,,,,,,,,,,,,,,,,,,,,,,,26.00,,,,,,,false,true,12,2016-04-01,2017-03-31,0
2017-01-31,19500,2017-03-31,3,,,,,,,,,,,,,,,,,,,,,,,,,,,,,,,,,65337219,3864382,61472907,false,false,9,2016-04-01,2016-12-31,0
2017-01-31,19500,2016-03-31,3,,,,,,,,,,,,,,,,,,,,,,,,,,,,,,,,,,,61473113,false,false,9,2015-04-01,2015-12-31,-1
2017-04-28,19500,2017-03-31,,172165000000,-0.012,,,,,13811000000,-0.037,14723000000,-0.044,,9126000000,,148.46,,0.069,0.066,0.080,,227751000000,145712000000,0.596,2207.78,135718000000,10757000000,-4993000000,-1864000000,34164000000,,0.182,,,,,,true,false,12,2016-04-01,2017-03-31,0
2017-04-28,19500,2016-03-31,,174225000000,-0.001,,,,,14339000000,0.036,15408000000,0.030,,9453000000,,153.78,,0.077,0.071,0.082,,218084000000,136572000000,0.583,2069.98,127247000000,12764000000,-7351000000,-1531000000,30265000000,,0.163,,,,,,true,false,12,2015-04-01,2016-03-31,-1
2017-04-28,19500,2018-03-31,,185200000000,0.076,,,,,14830000000,0.074,15540000000,0.055,,9630000000,,156.65,,,,,,,,,,,,,,,,0.192,,,,,,true,true,12,2017-04-01,2018-03-31,1
2017-04-28,19500,2017-03-31,,135749000000,-0.027,,,,,10522000000,-0.014,11437000000,-0.009,8016000000,,0.056,130.32,,,,,,184158000000,111405000000,0.605,1811.04,111405000000,,,,,27.00,,,,65337219,3864402,61472889,false,false,12,2016-04-01,2017-03-31,0
2017-04-28,19500,2016-03-31,,139561000000,0.002,,,,,10669000000,0.055,11536000000,0.059,7588000000,,0.123,123.37,,,,,,177129000000,104397000000,0.589,1697.12,104397000000,,,,,25.00,,,,65337219,3864286,61473072,false,false,12,2015-04-01,2016-03-31,-1
2017-04-28,19500,2018-03-31,,150600000000,0.109,,,,,10880000000,0.034,11600000000,0.014,7980000000,,-0.005,129.73,,,,,,,,,,,,,,,30.00,,,,,,,false,true,12,2017-04-01,2018-03-31,1
2017-07-31,19500,2018-03-31,1,16431000000,0.063,,,,,-957000000,,-601000000,,,-440000000,,-7.16,,,,,,206528000000,145548000000,0.656,,135480000000,,,,,,,,,,,,true,false,3,2017-04-01,2017-06-30,0
2017-07-31,19500,2017-03-31,1,15450000000,-0.088,,,,,-759000000,,-430000000,,,-391000000,,-6.36,,,,,,,,,,,,,,,,,,,,,,true,false,3,2016-04-01,2016-06-30,-1
2017-07-31,19500,2018-03-31,1,185200000000,0.076,,,,,14830000000,0.074,15540000000,0.055,,9630000000,,156.65,,,,,,,,,,,,,,,,,,,,,,true,true,12,2017-04-01,2018-03-31,0
2017-07-31,19500,2017-03-31,1,,,,,,,,,,,,,,,,,,,,227751000000,145712000000,0.596,,135718000000,,,,,,,,,,,,true,false,12,2016-04-01,2017-03-31,-1
2017-07-31,19500,2017-03-31,1,,,,,,,,,,,,,,,,,,,,,,,,,,,,,27.00,,,,65337219,3864402,,false,false,12,2016-04-01,2017-03-31,-1
2017-07-31,19500,2018-03-31,1,,,,,,,,,,,,,,,,,,,,,,,,,,,,,30.00,,,,,,,false,true,12,2017-04-01,2018-03-31,0
2017-07-31,19500,2018-03-31,1,,,,,,,,,,,,,,,,,,,,,,,,,,,,,,,,,61537219,64402,61472817,false,false,3,2017-04-01,2017-06-30,0
2017-07-31,19500,2017-03-31,1,,,,,,,,,,,,,,,,,,,,,,,,,,,,,,,,,,,61472933,false,false,3,2016-04-01,2016-06-30,-1
2017-10-31,19500,2018-03-31,2,48151000000,-0.003,,,,,998000000,-0.171,1374000000,-0.121,,600000000,,9.77,,,,,,206811000000,147433000000,0.663,,137144000000,,,,,,,,,,,,true,false,6,2017-04-01,2017-09-30,0
2017-10-31,19500,2017-03-31,2,48288000000,0.002,,,,,1203000000,-0.398,1564000000,-0.378,,670000000,,10.90,,,,,,,,,,,,,,,,,,,,,,true,false,6,2016-04-01,2016-09-30,-1
2017-10-31,19500,2018-03-31,2,185200000000,0.076,,,,,14830000000,0.074,15540000000,0.055,,9630000000,,156.65,,,,,,,,,,,,,,,,,,,,,,true,true,12,2017-04-01,2018-03-31,0
2017-10-31,19500,2017-03-31,2,,,,,,,,,,,,,,,,,,,,227751000000,145712000000,0.596,,135718000000,,,,,,,,,,,,true,false,12,2016-04-01,2017-03-31,-1
2017-10-31,19500,2017-03-31,2,,,,,,,,,,,,,,,,,,,,,,,,,,,,,27.00,,,,65337219,3864402,,false,false,12,2016-04-01,2017-03-31,-1
2017-10-31,19500,2018-03-31,2,,,,,,,,,,,,,,,,,,,,,,,,,,,,,30.00,,,,,,,false,true,12,2017-04-01,2018-03-31,0
2017-10-31,19500,2018-03-31,2,,,,,,,,,,,,,,,,,,,,,,,,,,,,,,,,,61537219,64472,61472799,false,false,6,2017-04-01,2017-09-30,0
2017-10-31,19500,2017-03-31,2,,,,,,,,,,,,,,,,,,,,,,,,,,,,,,,,,,,61472922,false,false,6,2016-04-01,2016-09-30,-1
2018-01-31,19500,2018-03-31,3,81498000000,-0.049,,,,,3883000000,-0.139,4574000000,-0.112,,2548000000,,41.46,,,,,,214900000000,151234000000,0.655,,140739000000,,,,,,,,,,,,true,false,9,2017-04-01,2017-12-31,0
2018-01-31,19500,2017-03-31,3,85722000000,0.035,,,,,4511000000,0.048,5150000000,-0.004,,2883000000,,46.91,,,,,,,,,,,,,,,,,,,,,,true,false,9,2016-04-01,2016-12-31,-1
2018-01-31,19500,2018-03-31,3,185200000000,0.076,,,,,14830000000,0.074,15540000000,0.055,,9630000000,,156.65,,,,,,,,,,,,,,,,,,,,,,true,true,12,2017-04-01,2018-03-31,0
2018-01-31,19500,2017-03-31,3,,,,,,,,,,,,,,,,,,,,227751000000,145712000000,0.596,,135718000000,,,,,,,,,,,,true,false,12,2016-04-01,2017-03-31,-1
2018-01-31,19500,2017-03-31,3,,,,,,,,,,,,,,,,,,,,,,,,,,,,,27.00,,,,65337219,3864402,,false,false,12,2016-04-01,2017-03-31,-1
2018-01-31,19500,2018-03-31,3,,,,,,,,,,,,,,,,,,,,,,,,,,,,,30.00,,,,,,,false,true,12,2017-04-01,2018-03-31,0
2018-01-31,19500,2018-03-31,3,,,,,,,,,,,,,,,,,,,,,,,,,,,,,,,,,61537219,64472,61472784,false,false,9,2017-04-01,2017-12-31,0
2018-01-31,19500,2017-03-31,3,,,,,,,,,,,,,,,,,,,,,,,,,,,,,,,,,,,61472907,false,false,9,2016-04-01,2016-12-31,-1
2018-04-27,19500,2018-03-31,,178938000000,0.039,,,,,14874000000,0.077,16673000000,0.132,,10813000000,,175.90,,0.076,0.071,0.083,,242832000000,158480000000,0.608,2402.98,147718000000,9599000000,-6123000000,-1983000000,35657000000,,0.188,,,,,,true,false,12,2017-04-01,2018-03-31,0
2018-04-27,19500,2017-03-31,,172165000000,-0.012,,,,,13811000000,-0.037,14723000000,-0.044,,9126000000,,148.46,,0.069,0.066,0.080,,227751000000,145712000000,0.596,2207.78,135718000000,10757000000,-4993000000,-1864000000,34164000000,,0.182,,,,,,true,false,12,2016-04-01,2017-03-31,-1
2018-04-27,19500,2019-03-31,,185000000000,0.034,,,,,15000000000,0.008,15800000000,-0.052,,9880000000,,160.72,,,,,,,,,,,,,,,,0.218,,,,,,true,true,12,2018-04-01,2019-03-31,1
2018-04-27,19500,2018-03-31,,140891000000,0.038,,,,,10880000000,0.034,12688000000,0.109,9111000000,,0.137,148.11,,,,,,196482000000,121283000000,0.617,1971.62,121283000000,,,,,33.00,,,,61537219,64472,61472775,false,false,12,2017-04-01,2018-03-31,0
2018-04-27,19500,2017-03-31,,135749000000,-0.027,,,,,10522000000,-0.014,11437000000,-0.009,8016000000,,0.056,130.32,,,,,,184158000000,111405000000,0.605,1811.04,111405000000,,,,,27.00,,,,65337219,3864402,61472889,false,false,12,2016-04-01,2017-03-31,-1
2018-04-27,19500,2019-03-31,,147600000000,0.048,,,,,11120000000,0.022,12000000000,-0.054,8300000000,,-0.089,134.93,,,,,,,,,,,,,,,35.00,,,,,,,false,true,12,2018-04-01,2019-03-31,1
2018-07-31,19500,2019-03-31,1,17109000000,0.041,,,,,-767000000,,-393000000,,,-448000000,,-7.29,,,,,,216398000000,157264000000,0.677,,146422000000,,,,,,,,,,,,true,false,3,2018-04-01,2018-06-30,0
2018-07-31,19500,2018-03-31,1,16431000000,0.063,,,,,-957000000,,-601000000,,,-440000000,,-7.16,,,,,,,,,,,,,,,,,,,,,,true,false,3,2017-04-01,2017-06-30,-1
2018-07-31,19500,2019-03-31,1,185000000000,0.034,,,,,15000000000,0.008,15800000000,-0.052,,9880000000,,160.72,,,,,,,,,,,,,,,,,,,,,,true,true,12,2018-04-01,2019-03-31,0
2018-07-31,19500,2018-03-31,1,,,,,,,,,,,,,,,,,,,,240818000000,158480000000,0.613,,147718000000,,,,,,,,,,,,true,false,12,2017-04-01,2018-03-31,-1
2018-07-31,19500,2018-03-31,1,,,,,,,,,,,,,,,,,,,,,,,,,,,,,33.00,,,,61537219,64472,,false,false,12,2017-04-01,2018-03-31,-1
2018-07-31,19500,2019-03-31,1,,,,,,,,,,,,,,,,,,,,,,,,,,,,,35.00,,,,,,,false,true,12,2018-04-01,2019-03-31,0
2018-07-31,19500,2019-03-31,1,,,,,,,,,,,,,,,,,,,,,,,,,,,,,,,,,61537219,64492,61472732,false,false,3,2018-04-01,2018-06-30,0
2018-07-31,19500,2018-03-31,1,,,,,,,,,,,,,,,,,,,,,,,,,,,,,,,,,,,61472817,false,false,3,2017-04-01,2017-06-30,-1
2018-10-31,19500,2019-03-31,2,47831000000,-0.007,,,,,896000000,-0.102,1316000000,-0.042,,408000000,,6.65,,,,,,215707000000,158032000000,0.681,,146954000000,,,,,,,,,,,,true,false,6,2018-04-01,2018-09-30,0
2018-10-31,19500,2018-03-31,2,48151000000,-0.003,,,,,998000000,-0.171,1374000000,-0.121,,600000000,,9.77,,,,,,,,,,,,,,,,,,,,,,true,false,6,2017-04-01,2017-09-30,-1
2018-10-31,19500,2019-03-31,2,185000000000,0.034,,,,,15000000000,0.008,15800000000,-0.052,,9880000000,,160.72,,,,,,,,,,,,,,,,,,,,,,true,true,12,2018-04-01,2019-03-31,0
2018-10-31,19500,2018-03-31,2,,,,,,,,,,,,,,,,,,,,240818000000,158480000000,0.613,,147718000000,,,,,,,,,,,,true,false,12,2017-04-01,2018-03-31,-1
2018-10-31,19500,2018-03-31,2,,,,,,,,,,,,,,,,,,,,,,,,,,,,,33.00,,,,61537219,64472,,false,false,12,2017-04-01,2018-03-31,-1
2018-10-31,19500,2019-03-31,2,,,,,,,,,,,,,,,,,,,,,,,,,,,,,35.00,,,,,,,false,true,12,2018-04-01,2019-03-31,0
2018-10-31,19500,2019-03-31,2,,,,,,,,,,,,,,,,,,,,,,,,,,,,,,,,,61537219,64498,61472729,false,false,6,2018-04-01,2018-09-30,0
2018-10-31,19500,2018-03-31,2,,,,,,,,,,,,,,,,,,,,,,,,,,,,,,,,,,,61472799,false,false,6,2017-04-01,2017-09-30,-1
2019-01-31,19500,2019-03-31,3,82410000000,0.011,,,,,3791000000,-0.024,4539000000,-0.008,,2313000000,,37.64,,,,,,218756000000,158212000000,0.672,,146899000000,,,,,,,,,,,,true,false,9,2018-04-01,2018-12-31,0
2019-01-31,19500,2018-03-31,3,81498000000,-0.049,,,,,3883000000,-0.139,4574000000,-0.112,,2548000000,,41.46,,,,,,,,,,,,,,,,,,,,,,true,false,9,2017-04-01,2017-12-31,-1
2019-01-31,19500,2019-03-31,3,185000000000,0.034,,,,,15000000000,0.008,15800000000,-0.052,,9880000000,,160.72,,,,,,,,,,,,,,,,,,,,,,true,true,12,2018-04-01,2019-03-31,0
2019-01-31,19500,2018-03-31,3,,,,,,,,,,,,,,,,,,,,240818000000,158480000000,0.613,,147718000000,,,,,,,,,,,,true,false,12,2017-04-01,2018-03-31,-1
2019-01-31,19500,2018-03-31,3,,,,,,,,,,,,,,,,,,,,,,,,,,,,,33.00,,,,61537219,64472,,false,false,12,2017-04-01,2018-03-31,-1
2019-01-31,19500,2019-03-31,3,,,,,,,,,,,,,,,,,,,,,,,,,,,,,35.00,,,,,,,false,true,12,2018-04-01,2019-03-31,0
2019-01-31,19500,2019-03-31,3,,,,,,,,,,,,,,,,,,,,,,,,,,,,,,,,,61537219,64564,61472715,false,false,9,2018-04-01,2018-12-31,0
2019-01-31,19500,2018-03-31,3,,,,,,,,,,,,,,,,,,,,,,,,,,,,,,,,,,,61472784,false,false,9,2017-04-01,2017-12-31,-1
2019-04-26,19500,2019-03-31,,182464000000,0.020,,,,,14851000000,-0.002,15826000000,-0.051,,9823000000,,159.80,,0.065,0.064,0.081,,252947000000,167027000000,0.615,2528.63,155441000000,10827000000,-4214000000,-2673000000,39805000000,,0.219,,,,,,true,false,12,2018-04-01,2019-03-31,0
2019-04-26,19500,2018-03-31,,178938000000,0.039,,,,,14874000000,0.077,16673000000,0.132,,10813000000,,175.90,,0.076,0.071,0.083,,240818000000,158480000000,0.613,2402.98,147718000000,9599000000,-6123000000,-1983000000,35657000000,,0.188,,,,,,true,false,12,2017-04-01,2018-03-31,-1
2019-04-26,19500,2020-03-31,,191200000000,0.048,,,,,15500000000,0.044,16400000000,0.036,,10280000000,,167.23,,,,,,,,,,,,,,,,0.221,,,,,,true,true,12,2019-04-01,2020-03-31,1
2019-04-26,19500,2019-03-31,,143036000000,0.015,,,,,10662000000,-0.020,11699000000,-0.078,8038000000,,-0.118,130.68,,,,,,204225000000,127045000000,0.622,2065.30,127045000000,,,,,35.00,,,,61537219,64609,61472698,false,false,12,2018-04-01,2019-03-31,0
2019-04-26,19500,2018-03-31,,140891000000,0.038,,,,,10880000000,0.034,12688000000,0.109,9111000000,,0.137,148.11,,,,,,194497000000,121283000000,0.624,1971.62,121283000000,,,,,33.00,,,,61537219,64472,61472775,false,false,12,2017-04-01,2018-03-31,-1
2019-04-26,19500,2020-03-31,,152000000000,0.063,,,,,11440000000,0.073,12380000000,0.058,8560000000,,0.065,139.15,,,,,,,,,,,,,,,37.00,,,,,,,false,true,12,2019-04-01,2020-03-31,1
2019-07-31,19500,2020-03-31,1,17590000000,0.028,,,,,-1077000000,,-682000000,,,-563000000,,-9.17,,,,,,227752000000,163341000000,0.666,,151737000000,,,,,,,,,,,,true,false,3,2019-04-01,2019-06-30,0
2019-07-31,19500,2019-03-31,1,17109000000,0.041,,,,,-767000000,,-393000000,,,-448000000,,-7.29,,,,,,,,,,,,,,,,,,,,,,true,false,3,2018-04-01,2018-06-30,-1
2019-07-31,19500,2020-03-31,1,191200000000,0.048,,,,,15500000000,0.044,16400000000,0.036,,10280000000,,167.23,,,,,,,,,,,,,,,,,,,,,,true,true,12,2019-04-01,2020-03-31,0
2019-07-31,19500,2019-03-31,1,,,,,,,,,,,,,,,,,,,,252947000000,167027000000,0.615,,155441000000,,,,,,,,,,,,true,false,12,2018-04-01,2019-03-31,-1
2019-07-31,19500,2019-03-31,1,,,,,,,,,,,,,,,,,,,,,,,,,,,,,35.00,,,,61537219,64609,,false,false,12,2018-04-01,2019-03-31,-1
2019-07-31,19500,2020-03-31,1,,,,,,,,,,,,,,,,,,,,,,,,,,,,,37.00,,,,,,,false,true,12,2019-04-01,2020-03-31,0
2019-07-31,19500,2020-03-31,1,,,,,,,,,,,,,,,,,,,,,,,,,,,,,,,,,61537219,64638,61472603,false,false,3,2019-04-01,2019-06-30,0
2019-07-31,19500,2019-03-31,1,,,,,,,,,,,,,,,,,,,,,,,,,,,,,,,,,,,61472732,false,false,3,2018-04-01,2018-06-30,-1
2019-10-31,19500,2020-03-31,2,55133000000,0.153,,,,,1621000000,0.808,2110000000,0.603,,1022000000,,16.63,,,,,,227429000000,165617000000,0.676,,153771000000,,,,,,,,,,,,true,false,6,2019-04-01,2019-09-30,0
2019-10-31,19500,2019-03-31,2,47831000000,-0.007,,,,,896000000,-0.102,1316000000,-0.042,,408000000,,6.65,,,,,,,,,,,,,,,,,,,,,,true,false,6,2018-04-01,2018-09-30,-1
2019-10-31,19500,2020-03-31,2,191200000000,0.048,,,,,15500000000,0.044,16400000000,0.036,,10280000000,,167.23,,,,,,,,,,,,,,,,,,,,,,true,true,12,2019-04-01,2020-03-31,0
2019-10-31,19500,2019-03-31,2,,,,,,,,,,,,,,,,,,,,252947000000,167027000000,0.615,,155441000000,,,,,,,,,,,,true,false,12,2018-04-01,2019-03-31,-1
2019-10-31,19500,2019-03-31,2,,,,,,,,,,,,,,,,,,,,,,,,,,,,,35.00,,,,61537219,64609,,false,false,12,2018-04-01,2019-03-31,-1
2019-10-31,19500,2020-03-31,2,,,,,,,,,,,,,,,,,,,,,,,,,,,,,37.00,,,,,,,false,true,12,2019-04-01,2020-03-31,0
2019-10-31,19500,2020-03-31,2,,,,,,,,,,,,,,,,,,,,,,,,,,,,,,,,,61537219,64698,61472568,false,false,6,2019-04-01,2019-09-30,0
2019-10-31,19500,2019-03-31,2,,,,,,,,,,,,,,,,,,,,,,,,,,,,,,,,,,,61472729,false,false,6,2018-04-01,2018-09-30,-1
2020-01-31,19500,2020-03-31,3,91865000000,0.115,,,,,5006000000,0.320,5873000000,0.294,,3411000000,,55.49,,,,,,235229000000,168926000000,0.667,,156857000000,,,,,,,,,,,,true,false,9,2019-04-01,2019-12-31,0
2020-01-31,19500,2019-03-31,3,82410000000,0.011,,,,,3791000000,-0.024,4539000000,-0.008,,2313000000,,37.64,,,,,,,,,,,,,,,,,,,,,,true,false,9,2018-04-01,2018-12-31,-1
2020-01-31,19500,2020-03-31,3,191200000000,0.048,,,,,15500000000,0.044,16400000000,0.036,,10280000000,,167.23,,,,,,,,,,,,,,,,,,,,,,true,true,12,2019-04-01,2020-03-31,0
2020-01-31,19500,2019-03-31,3,,,,,,,,,,,,,,,,,,,,252947000000,167027000000,0.615,,155441000000,,,,,,,,,,,,true,false,12,2018-04-01,2019-03-31,-1
2020-01-31,19500,2019-03-31,3,,,,,,,,,,,,,,,,,,,,,,,,,,,,,35.00,,,,61537219,64609,,false,false,12,2018-04-01,2019-03-31,-1
2020-01-31,19500,2020-03-31,3,,,,,,,,,,,,,,,,,,,,,,,,,,,,,37.00,,,,,,,false,true,12,2019-04-01,2020-03-31,0
2020-01-31,19500,2020-03-31,3,,,,,,,,,,,,,,,,,,,,,,,,,,,,,,,,,61537219,64822,61472527,false,false,9,2019-04-01,2019-12-31,0
2020-01-31,19500,2019-03-31,3,,,,,,,,,,,,,,,,,,,,,,,,,,,,,,,,,,,61472715,false,false,9,2018-04-01,2018-12-31,-1
2020-04-28,19500,2020-03-31,,198244000000,0.086,,,,,16495000000,0.111,17680000000,0.117,,11274000000,,183.41,,0.071,0.069,0.083,,258762000000,173758000000,0.624,2625.35,161386000000,4364000000,-7024000000,-2529000000,34615000000,,0.202,,,,,,true,false,12,2019-04-01,2020-03-31,0
2020-04-28,19500,2019-03-31,,182464000000,0.020,,,,,14851000000,-0.002,15826000000,-0.051,,9823000000,,159.80,,0.065,0.064,0.081,,252947000000,167027000000,0.615,2528.63,155441000000,10827000000,-4214000000,-2673000000,39805000000,,0.219,,,,,,true,false,12,2018-04-01,2019-03-31,-1
2020-04-28,19500,2020-03-31,,155976000000,0.090,,,,,11881000000,0.114,12984000000,0.110,9115000000,,0.134,148.18,,,,,,206497000000,131230000000,0.636,2133.35,131230000000,,,,,37.00,,,,61537219,64919,61472487,false,false,12,2019-04-01,2020-03-31,0
2020-04-28,19500,2019-03-31,,143036000000,0.015,,,,,10662000000,-0.020,11699000000,-0.078,8038000000,,-0.118,130.68,,,,,,204225000000,127045000000,0.622,2065.30,127045000000,,,,,35.00,,,,61537219,64609,61472698,false,false,12,2018-04-01,2019-03-31,-1
2020-07-31,19500,2021-03-31,1,21354000000,0.214,,,,,-459000000,,41000000,,,1000000,,0.03,,,,,,231510000000,171898000000,0.689,,159595000000,,,,,,,,,,,,true,false,3,2020-04-01,2020-06-30,0
2020-07-31,19500,2020-03-31,1,17590000000,0.028,,,,,-1077000000,,-682000000,,,-563000000,,-9.17,,,,,,,,,,,,,,,,,,,,,,true,false,3,2019-04-01,2019-06-30,-1
2020-07-31,19500,2020-03-31,1,,,,,,,,,,,,,,,,,,,,258762000000,173758000000,0.624,,161386000000,,,,,,,,,,,,true,false,12,2019-04-01,2020-03-31,-1
2020-07-31,19500,2020-03-31,1,,,,,,,,,,,,,,,,,,,,,,,,,,,,,37.00,,,,61537219,64919,,false,false,12,2019-04-01,2020-03-31,-1
2020-07-31,19500,2021-03-31,1,,,,,,,,,,,,,,,,,,,,,,,,,,,,,,,,,61537219,64996,61472281,false,false,3,2020-04-01,2020-06-30,0
2020-07-31,19500,2020-03-31,1,,,,,,,,,,,,,,,,,,,,,,,,,,,,,,,,,,,61472603,false,false,3,2019-04-01,2019-06-30,-1
2020-09-14,19500,2021-03-31,,178700000000,,,,,,13650000000,,14630000000,,,9370000000,,152.43,,,,,,,,,,,,,,,,,,,,,,true,true,12,2020-04-01,2021-03-31,0
2020-09-14,19500,2020-03-31,,198244000000,,,,,,16495000000,,17680000000,,,11274000000,,183.41,,,,,,,,,,,,,,,,,,,,,,true,false,12,2019-04-01,2020-03-31,-1
2020-09-14,19500,2021-03-31,,142600000000,,,,,,10210000000,,11500000000,,7970000000,,,129.56,,,,,,,,,,,,,,,37.00,,,,,,,false,true,12,2020-04-01,2021-03-31,0
2020-09-14,19500,2020-03-31,,155976000000,,,,,,11881000000,,12984000000,,9115000000,,,148.18,,,,,,,,,,,,,,,37.00,,,,,,,false,false,12,2019-04-01,2020-03-31,-1
2020-10-30,19500,2021-03-31,2,59067000000,0.071,,,,,2724000000,0.680,3305000000,0.566,,1915000000,,31.17,,,,,,227239000000,173530000000,0.708,,160996000000,,,,,,,,,,,,true,false,6,2020-04-01,2020-09-30,0
2020-10-30,19500,2020-03-31,2,55133000000,0.153,,,,,1621000000,0.808,2110000000,0.603,,1022000000,,16.63,,,,,,,,,,,,,,,,,,,,,,true,false,6,2019-04-01,2019-09-30,-1
2020-10-30,19500,2021-03-31,2,178700000000,-0.099,,,,,13650000000,-0.172,14630000000,-0.173,,9370000000,,152.43,,,,,,,,,,,,,,,,,,,,,,true,true,12,2020-04-01,2021-03-31,0
2020-10-30,19500,2020-03-31,2,,,,,,,,,,,,,,,,,,,,258762000000,173758000000,0.624,,161386000000,,,,,,,,,,,,true,false,12,2019-04-01,2020-03-31,-1
2020-10-30,19500,2020-03-31,2,,,,,,,,,,,,,,,,,,,,,,,,,,,,,37.00,,,,61537219,64919,,false,false,12,2019-04-01,2020-03-31,-1
2020-10-30,19500,2021-03-31,2,,,,,,,,,,,,,,,,,,,,,,,,,,,,,37.00,,,,,,,false,true,12,2020-04-01,2021-03-31,0
2020-10-30,19500,2021-03-31,2,,,,,,,,,,,,,,,,,,,,,,,,,,,,,,,,,61537219,65069,61472226,false,false,6,2020-04-01,2020-09-30,0
2020-10-30,19500,2020-03-31,2,,,,,,,,,,,,,,,,,,,,,,,,,,,,,,,,,,,61472568,false,false,6,2019-04-01,2019-09-30,-1
2021-01-29,19500,2021-03-31,3,97163000000,0.058,,,,,5821000000,0.163,6690000000,0.139,,4137000000,,67.30,,,,,,234249000000,176050000000,0.698,,163402000000,,,,,,,,,,,,true,false,9,2020-04-01,2020-12-31,0
2021-01-29,19500,2020-03-31,3,91865000000,0.115,,,,,5006000000,0.320,5873000000,0.294,,3411000000,,55.49,,,,,,,,,,,,,,,,,,,,,,true,false,9,2019-04-01,2019-12-31,-1
2021-01-29,19500,2021-03-31,3,178700000000,-0.099,,,,,13650000000,-0.172,14630000000,-0.173,,9370000000,,152.43,,,,,,,,,,,,,,,,,,,,,,true,true,12,2020-04-01,2021-03-31,0
2021-01-29,19500,2020-03-31,3,,,,,,,,,,,,,,,,,,,,258762000000,173758000000,0.624,,161386000000,,,,,,,,,,,,true,false,12,2019-04-01,2020-03-31,-1
2021-01-29,19500,2020-03-31,3,,,,,,,,,,,,,,,,,,,,,,,,,,,,,37.00,,,,61537219,64919,,false,false,12,2019-04-01,2020-03-31,-1
2021-01-29,19500,2021-03-31,3,,,,,,,,,,,,,,,,,,,,,,,,,,,,,37.00,,,,,,,false,true,12,2020-04-01,2021-03-31,0
2021-01-29,19500,2021-03-31,3,,,,,,,,,,,,,,,,,,,,,,,,,,,,,,,,,61537219,65079,61472201,false,false,9,2020-04-01,2020-12-31,0
2021-01-29,19500,2020-03-31,3,,,,,,,,,,,,,,,,,,,,,,,,,,,,,,,,,,,61472527,false,false,9,2019-04-01,2019-12-31,-1
2021-04-28,19500,2021-03-31,,195695000000,-0.013,,,,,14188000000,-0.140,15390000000,-0.130,,9546000000,,155.30,,0.057,0.059,0.073,,265657000000,184363000000,0.646,2790.54,171540000000,19570000000,-9402000000,-2742000000,42041000000,,0.238,,,,,,true,false,12,2020-04-01,2021-03-31,0
2021-04-28,19500,2020-03-31,,198244000000,0.086,,,,,16495000000,0.111,17680000000,0.117,,11274000000,,183.41,,0.071,0.069,0.083,,258762000000,173758000000,0.624,2625.35,161386000000,4364000000,-7024000000,-2529000000,34615000000,,0.202,,,,,,true,false,12,2019-04-01,2020-03-31,-1
2021-04-28,19500,2022-03-31,,166200000000,-0.151,,,,,5900000000,-0.584,7000000000,-0.545,,4800000000,,78.08,,,,,,,,,,,,,,,,0.397,,,,,,true,true,12,2021-04-01,2022-03-31,1
2021-04-28,19500,2021-03-31,,155531000000,-0.003,,,,,11087000000,-0.067,12495000000,-0.038,8414000000,,-0.077,136.79,,,,,,211531000000,138696000000,0.656,2254.71,138696000000,,,,,37.00,,,,61537219,65101,61472182,false,false,12,2020-04-01,2021-03-31,0
2021-04-28,19500,2020-03-31,,155976000000,0.090,,,,,11881000000,0.114,12984000000,0.110,9115000000,,0.134,148.18,,,,,,206497000000,131230000000,0.636,2133.35,131230000000,,,,,37.00,,,,61537219,64919,61472487,false,false,12,2019-04-01,2020-03-31,-1
2021-04-28,19500,2022-03-31,,131300000000,-0.156,,,,,4800000000,-0.567,6000000000,-0.520,4200000000,,-0.501,68.28,,,,,,,,,,,,,,,31.00,,,,,,,false,true,12,2021-04-01,2022-03-31,1
2021-07-30,19500,2022-03-31,1,27781000000,0.301,,,,,-1712000000,,-1277000000,,,-1084000000,,-17.64,,,,,,231105000000,179938000000,0.724,,167304000000,,,,,,,,,,,,true,false,3,2021-04-01,2021-06-30,0
2021-07-30,19500,2021-03-31,1,21354000000,0.214,,,,,-459000000,,41000000,,,1000000,,0.03,,,,,,,,,,,,,,,,,,,,,,true,false,3,2020-04-01,2020-06-30,-1
2021-07-30,19500,2022-03-31,1,166200000000,-0.151,,,,,5900000000,-0.584,7000000000,-0.545,,4800000000,,78.08,,,,,,,,,,,,,,,,,,,,,,true,true,12,2021-04-01,2022-03-31,0
2021-07-30,19500,2021-03-31,1,,,,,,,,,,,,,,,,,,,,265657000000,184363000000,0.646,,171540000000,,,,,,,,,,,,true,false,12,2020-04-01,2021-03-31,-1
2021-07-30,19500,2021-03-31,1,,,,,,,,,,,,,,,,,,,,,,,,,,,,,37.00,,,,61537219,65101,,false,false,12,2020-04-01,2021-03-31,-1
2021-07-30,19500,2022-03-31,1,,,,,,,,,,,,,,,,,,,,,,,,,,,,,31.00,,,,,,,false,true,12,2021-04-01,2022-03-31,0
2021-07-30,19500,2022-03-31,1,,,,,,,,,,,,,,,,,,,,,,,,,,,,,,,,,61537219,65101,61472118,false,false,3,2021-04-01,2021-06-30,0
2021-07-30,19500,2021-03-31,1,,,,,,,,,,,,,,,,,,,,,,,,,,,,,,,,,,,61472281,false,false,3,2020-04-01,2020-06-30,-1
2021-10-29,19500,2022-03-31,2,63683000000,0.078,,,,,-1539000000,,-1084000000,,,-1077000000,,-17.54,,,,,,225408000000,180520000000,0.745,,167847000000,,,,,,,,,,,,true,false,6,2021-04-01,2021-09-30,0
2021-10-29,19500,2021-03-31,2,59067000000,0.071,,,,,2724000000,0.680,3305000000,0.566,,1915000000,,31.17,,,,,,,,,,,,,,,,,,,,,,true,false,6,2020-04-01,2020-09-30,-1
2021-10-29,19500,2022-03-31,2,166200000000,-0.151,,,,,5900000000,-0.584,7000000000,-0.545,,4800000000,,78.08,,,,,,,,,,,,,,,,,,,,,,true,true,12,2021-04-01,2022-03-31,0
2021-10-29,19500,2021-03-31,2,,,,,,,,,,,,,,,,,,,,265657000000,184363000000,0.646,,171540000000,,,,,,,,,,,,true,false,12,2020-04-01,2021-03-31,-1
2021-10-29,19500,2021-03-31,2,,,,,,,,,,,,,,,,,,,,,,,,,,,,,37.00,,,,61537219,65101,,false,false,12,2020-04-01,2021-03-31,-1
2021-10-29,19500,2022-03-31,2,,,,,,,,,,,,,,,,,,,,,,,,,,,,,31.00,,,,,,,false,true,12,2021-04-01,2022-03-31,0
2021-10-29,19500,2022-03-31,2,,,,,,,,,,,,,,,,,,,,,,,,,,,,,,,,,61537219,65184,61472086,false,false,6,2021-04-01,2021-09-30,0
2021-10-29,19500,2021-03-31,2,,,,,,,,,,,,,,,,,,,,,,,,,,,,,,,,,,,61472226,false,false,6,2020-04-01,2020-09-30,-1
2022-01-31,19500,2022-03-31,3,105263000000,0.083,,,,,795000000,-0.863,1556000000,-0.767,,1051000000,,17.10,,,,,,230887000000,181241000000,0.730,,168563000000,,,,,,,,,,,,true,false,9,2021-04-01,2021-12-31,0
2022-01-31,19500,2021-03-31,3,97163000000,0.058,,,,,5821000000,0.163,6690000000,0.139,,4137000000,,67.30,,,,,,,,,,,,,,,,,,,,,,true,false,9,2020-04-01,2020-12-31,-1
2022-01-31,19500,2022-03-31,3,166200000000,-0.151,,,,,5900000000,-0.584,7000000000,-0.545,,4800000000,,78.08,,,,,,,,,,,,,,,,,,,,,,true,true,12,2021-04-01,2022-03-31,0
2022-01-31,19500,2021-03-31,3,,,,,,,,,,,,,,,,,,,,265657000000,184363000000,0.646,,171540000000,,,,,,,,,,,,true,false,12,2020-04-01,2021-03-31,-1
2022-01-31,19500,2021-03-31,3,,,,,,,,,,,,,,,,,,,,,,,,,,,,,37.00,,,,61537219,65101,,false,false,12,2020-04-01,2021-03-31,-1
2022-01-31,19500,2022-03-31,3,,,,,,,,,,,,,,,,,,,,,,,,,,,,,31.00,,,,,,,false,true,12,2021-04-01,2022-03-31,0
2022-01-31,19500,2022-03-31,3,,,,,,,,,,,,,,,,,,,,,,,,,,,,,,,,,61537219,65184,61472070,false,false,9,2021-04-01,2021-12-31,0
2022-01-31,19500,2021-03-31,3,,,,,,,,,,,,,,,,,,,,,,,,,,,,,,,,,,,61472201,false,false,9,2020-04-01,2020-12-31,-1
2022-04-28,19500,2022-03-31,,173569000000,-0.113,,,,,7454000000,-0.475,8703000000,-0.435,,5222000000,,84.96,,0.030,0.033,0.043,,257700000000,185192000000,0.669,2804.02,172368000000,9514000000,-6644000000,-2737000000,42173000000,,0.365,,,,,,true,false,12,2021-04-01,2022-03-31,0
2022-04-28,19500,2021-03-31,,195695000000,-0.013,,,,,14188000000,-0.140,15390000000,-0.130,,9546000000,,155.30,,0.057,0.059,0.073,,265657000000,184363000000,0.646,2790.54,171540000000,19570000000,-9402000000,-2742000000,42041000000,,0.238,,,,,,true,false,12,2020-04-01,2021-03-31,-1
2022-04-28,19500,2023-03-31,,175200000000,0.009,,,,,9440000000,0.266,10510000000,0.208,,6870000000,,111.76,,,,,,,,,,,,,,,,0.304,,,,,,true,true,12,2022-04-01,2023-03-31,1
2022-04-28,19500,2022-03-31,,138990000000,-0.106,,,,,6189000000,-0.442,7568000000,-0.394,4785000000,,-0.431,77.80,,,,,,204445000000,139000000000,0.680,2259.66,139000000000,,,,,31.00,,,,61537219,65184,61472062,false,false,12,2021-04-01,2022-03-31,0
2022-04-28,19500,2021-03-31,,155531000000,-0.003,,,,,11087000000,-0.067,12495000000,-0.038,8414000000,,-0.077,136.79,,,,,,211531000000,138696000000,0.656,2254.71,138696000000,,,,,37.00,,,,61537219,65101,61472182,false,false,12,2020-04-01,2021-03-31,-1
2022-04-28,19500,2023-03-31,,138740000000,-0.002,,,,,7500000000,0.212,8760000000,0.157,5960000000,,0.245,96.89,,,,,,,,,,,,,,,34.00,,,,,,,false,true,12,2022-04-01,2023-03-31,1
2022-07-29,19500,2023-03-31,1,25506000000,-0.082,,,,,-1798000000,,-1346000000,,,-884000000,,-14.39,,,,,,230990000000,181652000000,0.732,,169006000000,,,,,,,,,,,,true,false,3,2022-04-01,2022-06-30,0
2022-07-29,19500,2022-03-31,1,27781000000,0.301,,,,,-1712000000,,-1277000000,,,-1084000000,,-17.64,,,,,,,,,,,,,,,,,,,,,,true,false,3,2021-04-01,2021-06-30,-1
2022-07-29,19500,2023-03-31,1,175200000000,0.009,,,,,9440000000,0.266,10510000000,0.208,,6870000000,,111.76,,,,,,,,,,,,,,,,,,,,,,true,true,12,2022-04-01,2023-03-31,0
2022-07-29,19500,2022-03-31,1,,,,,,,,,,,,,,,,,,,,257700000000,185192000000,0.669,,172368000000,,,,,,,,,,,,true,false,12,2021-04-01,2022-03-31,-1
2022-07-29,19500,2022-03-31,1,,,,,,,,,,,,,,,,,,,,,,,,,,,,,31.00,,,,61537219,65184,,false,false,12,2021-04-01,2022-03-31,-1
2022-07-29,19500,2023-03-31,1,,,,,,,,,,,,,,,,,,,,,,,,,,,,,34.00,,,,,,,false,true,12,2022-04-01,2023-03-31,0
2022-07-29,19500,2023-03-31,1,,,,,,,,,,,,,,,,,,,,,,,,,,,,,,,,,61537219,65218,61472018,false,false,3,2022-04-01,2022-06-30,0
2022-07-29,19500,2022-03-31,1,,,,,,,,,,,,,,,,,,,,,,,,,,,,,,,,,,,61472118,false,false,3,2021-04-01,2021-06-30,-1
2022-10-31,19500,2023-03-31,2,60889000000,-0.044,,,,,-1220000000,,-634000000,,,-488000000,,-7.94,,,,,,227286000000,182255000000,0.746,,169567000000,,,,,,,,,,,,true,false,6,2022-04-01,2022-09-30,0
2022-10-31,19500,2022-03-31,2,63683000000,0.078,,,,,-1539000000,,-1084000000,,,-1077000000,,-17.54,,,,,,,,,,,,,,,,,,,,,,true,false,6,2021-04-01,2021-09-30,-1
2022-10-31,19500,2023-03-31,2,175200000000,0.009,,,,,9440000000,0.266,10510000000,0.208,,6870000000,,111.76,,,,,,,,,,,,,,,,,,,,,,true,true,12,2022-04-01,2023-03-31,0
2022-10-31,19500,2022-03-31,2,,,,,,,,,,,,,,,,,,,,257700000000,185192000000,0.669,,172368000000,,,,,,,,,,,,true,false,12,2021-04-01,2022-03-31,-1
2022-10-31,19500,2022-03-31,2,,,,,,,,,,,,,,,,,,,,,,,,,,,,,31.00,,,,61537219,65184,,false,false,12,2021-04-01,2022-03-31,-1
2022-10-31,19500,2023-03-31,2,,,,,,,,,,,,,,,,,,,,,,,,,,,,,34.00,,,,,,,false,true,12,2022-04-01,2023-03-31,0
2022-10-31,19500,2023-03-31,2,,,,,,,,,,,,,,,,,,,,,,,,,,,,,,,,,61537219,65218,61472011,false,false,6,2022-04-01,2022-09-30,0
2022-10-31,19500,2022-03-31,2,,,,,,,,,,,,,,,,,,,,,,,,,,,,,,,,,,,61472086,false,false,6,2021-04-01,2021-09-30,-1
2023-01-31,19500,2023-03-31,3,101722000000,-0.034,,,,,64000000,-0.919,1123000000,-0.278,,646000000,,10.52,,,,,,229709000000,183616000000,0.744,,170905000000,,,,,,,,,,,,true,false,9,2022-04-01,2022-12-31,0
2023-01-31,19500,2022-03-31,3,105263000000,0.083,,,,,795000000,-0.863,1556000000,-0.767,,1051000000,,17.10,,,,,,,,,,,,,,,,,,,,,,true,false,9,2021-04-01,2021-12-31,-1
2023-01-31,19500,2023-03-31,3,175200000000,0.009,,,,,9440000000,0.266,10510000000,0.208,,6870000000,,111.76,,,,,,,,,,,,,,,,,,,,,,true,true,12,2022-04-01,2023-03-31,0
2023-01-31,19500,2022-03-31,3,,,,,,,,,,,,,,,,,,,,257700000000,185192000000,0.669,,172368000000,,,,,,,,,,,,true,false,12,2021-04-01,2022-03-31,-1
2023-01-31,19500,2022-03-31,3,,,,,,,,,,,,,,,,,,,,,,,,,,,,,31.00,,,,61537219,65184,,false,false,12,2021-04-01,2022-03-31,-1
2023-01-31,19500,2023-03-31,3,,,,,,,,,,,,,,,,,,,,,,,,,,,,,34.00,,,,,,,false,true,12,2022-04-01,2023-03-31,0
2023-01-31,19500,2023-03-31,3,,,,,,,,,,,,,,,,,,,,,,,,,,,,,,,,,61537219,65241,61472006,false,false,9,2022-04-01,2022-12-31,0
2023-01-31,19500,2022-03-31,3,,,,,,,,,,,,,,,,,,,,,,,,,,,,,,,,,,,61472070,false,false,9,2021-04-01,2021-12-31,-1
2023-04-28,19500,2023-03-31,,172100000000,-0.008,,,,,9658000000,0.296,10903000000,0.253,,7171000000,,116.66,,0.041,0.042,0.056,,261371000000,190234000000,0.678,2883.17,177234000000,13234000000,-12441000000,-2342000000,40624000000,,0.317,,,,,,true,false,12,2022-04-01,2023-03-31,0
2023-04-28,19500,2022-03-31,,173569000000,-0.113,,,,,7454000000,-0.475,8703000000,-0.435,,5222000000,,84.96,,0.030,0.033,0.043,,257700000000,185192000000,0.669,2804.02,172368000000,9514000000,-6644000000,-2737000000,42173000000,,0.365,,,,,,true,false,12,2021-04-01,2022-03-31,-1
2023-04-28,19500,2024-03-31,,192450000000,0.118,,,,,13470000000,0.395,14410000000,0.322,,9420000000,,153.24,,,,,,,,,,,,,,,,0.274,,,,,,true,true,12,2023-04-01,2024-03-31,1
2023-04-28,19500,2023-03-31,,135762000000,-0.023,,,,,7221000000,0.167,8733000000,0.154,6237000000,,0.303,101.40,,,,,,207874000000,143498000000,0.690,2332.78,143498000000,,,,,37.00,,,,61537219,65241,61471999,false,false,12,2022-04-01,2023-03-31,0
2023-04-28,19500,2022-03-31,,138990000000,-0.106,,,,,6189000000,-0.442,7568000000,-0.394,4785000000,,-0.431,77.80,,,,,,204445000000,139000000000,0.680,2259.66,139000000000,,,,,31.00,,,,61537219,65184,61472062,false,false,12,2021-04-01,2022-03-31,-1
2023-04-28,19500,2024-03-31,,154510000000,0.138,,,,,11050000000,0.530,12370000000,0.416,8560000000,,0.372,139.16,,,,,,,,,,,,,,,42.00,,,,,,,false,true,12,2023-04-01,2024-03-31,1
2023-07-31,19500,2024-03-31,1,28577000000,0.120,,,,,-1274000000,,-764000000,,,-478000000,,-7.79,,,,,,242255000000,189586000000,0.730,,176824000000,,,,,,,,,,,,true,false,3,2023-04-01,2023-06-30,0
2023-07-31,19500,2023-03-31,1,25506000000,-0.082,,,,,-1798000000,,-1346000000,,,-884000000,,-14.39,,,,,,,,,,,,,,,,,,,,,,true,false,3,2022-04-01,2022-06-30,-1
2023-07-31,19500,2024-03-31,1,192450000000,0.118,,,,,13470000000,0.395,14410000000,0.322,,9420000000,,153.24,,,,,,,,,,,,,,,,,,,,,,true,true,12,2023-04-01,2024-03-31,0
2023-07-31,19500,2023-03-31,1,,,,,,,,,,,,,,,,,,,,261371000000,190234000000,0.678,,177234000000,,,,,,,,,,,,true,false,12,2022-04-01,2023-03-31,-1
2023-07-31,19500,2023-03-31,1,,,,,,,,,,,,,,,,,,,,,,,,,,,,,37.00,,,,61537219,65241,,false,false,12,2022-04-01,2023-03-31,-1
2023-07-31,19500,2024-03-31,1,,,,,,,,,,,,,,,,,,,,,,,,,,,,,42.00,,,,,,,false,true,12,2023-04-01,2024-03-31,0
2023-07-31,19500,2024-03-31,1,,,,,,,,,,,,,,,,,,,,,,,,,,,,,,,,,61537219,65270,61471964,false,false,3,2023-04-01,2023-06-30,0
2023-07-31,19500,2023-03-31,1,,,,,,,,,,,,,,,,,,,,,,,,,,,,,,,,,,,61472018,false,false,3,2022-04-01,2022-06-30,-1
2023-10-31,19500,2024-03-31,2,71039000000,0.167,,,,,321000000,,883000000,,,483000000,,7.87,,,,,,244055000000,191748000000,0.733,,178885000000,,,,,,,,,,,,true,false,6,2023-04-01,2023-09-30,0
2023-10-31,19500,2023-03-31,2,60889000000,-0.044,,,,,-1220000000,,-634000000,,,-488000000,,-7.94,,,,,,,,,,,,,,,,,,,,,,true,false,6,2022-04-01,2022-09-30,-1
2023-10-31,19500,2024-03-31,2,192450000000,0.118,,,,,13470000000,0.395,14410000000,0.322,,9420000000,,153.24,,,,,,,,,,,,,,,,,,,,,,true,true,12,2023-04-01,2024-03-31,0
2023-10-31,19500,2023-03-31,2,,,,,,,,,,,,,,,,,,,,261371000000,190234000000,0.678,,177234000000,,,,,,,,,,,,true,false,12,2022-04-01,2023-03-31,-1
2023-10-31,19500,2023-03-31,2,,,,,,,,,,,,,,,,,,,,,,,,,,,,,37.00,,,,61537219,65241,,false,false,12,2022-04-01,2023-03-31,-1
2023-10-31,19500,2024-03-31,2,,,,,,,,,,,,,,,,,,,,,,,,,,,,,42.00,,,,,,,false,true,12,2023-04-01,2024-03-31,0
2023-10-31,19500,2024-03-31,2,,,,,,,,,,,,,,,,,,,,,,,,,,,,,,,,,61537219,65313,61471939,false,false,6,2023-04-01,2023-09-30,0
2023-10-31,19500,2023-03-31,2,,,,,,,,,,,,,,,,,,,,,,,,,,,,,,,,,,,61472011,false,false,6,2022-04-01,2022-09-30,-1
2024-01-31,19500,2024-03-31,3,117511000000,0.155,,,,,3163000000,,4172000000,2.713,,2518000000,,40.96,,,,,,250552000000,193607000000,0.721,,180552000000,,,,,,,,,,,,true,false,9,2023-04-01,2023-12-31,0
2024-01-31,19500,2023-03-31,3,101722000000,-0.034,,,,,64000000,-0.919,1123000000,-0.278,,646000000,,10.52,,,,,,,,,,,,,,,,,,,,,,true,false,9,2022-04-01,2022-12-31,-1
2024-01-31,19500,2024-03-31,3,192450000000,0.118,,,,,13470000000,0.395,14410000000,0.322,,9420000000,,153.24,,,,,,,,,,,,,,,,,,,,,,true,true,12,2023-04-01,2024-03-31,0
2024-01-31,19500,2023-03-31,3,,,,,,,,,,,,,,,,,,,,261371000000,190234000000,0.678,,177234000000,,,,,,,,,,,,true,false,12,2022-04-01,2023-03-31,-1
2024-01-31,19500,2023-03-31,3,,,,,,,,,,,,,,,,,,,,,,,,,,,,,37.00,,,,61537219,65241,,false,false,12,2022-04-01,2023-03-31,-1
2024-01-31,19500,2024-03-31,3,,,,,,,,,,,,,,,,,,,,,,,,,,,,,42.00,,,,,,,false,true,12,2023-04-01,2024-03-31,0
2024-01-31,19500,2024-03-31,3,,,,,,,,,,,,,,,,,,,,,,,,,,,,,,,,,61537219,65336,61471924,false,false,9,2023-04-01,2023-12-31,0
2024-01-31,19500,2023-03-31,3,,,,,,,,,,,,,,,,,,,,,,,,,,,,,,,,,,,61472006,false,false,9,2022-04-01,2022-12-31,-1
2024-04-30,19500,2024-03-31,,194031000000,0.127,,,,,13448000000,0.392,14900000000,0.367,,10042000000,,164.39,,0.055,0.055,0.069,,282597000000,199115000000,0.657,3150.54,185793000000,7383000000,-4178000000,-7932000000,35896000000,,0.286,,,,,,true,false,12,2023-04-01,2024-03-31,0
2024-04-30,19500,2023-03-31,,172100000000,-0.008,,,,,9658000000,0.296,10903000000,0.253,,7171000000,,116.66,,0.041,0.042,0.056,,261371000000,190234000000,0.678,2883.17,177234000000,13234000000,-12441000000,-2342000000,40624000000,,0.317,,,,,,true,false,12,2022-04-01,2023-03-31,-1
2024-04-30,19500,2025-03-31,,205160000000,0.057,,,,,14670000000,0.091,15830000000,0.062,,10500000000,,178.05,,,,,,,,,,,,,,,,0.281,,,,,,true,true,12,2024-04-01,2025-03-31,1
2024-04-30,19500,2024-03-31,,155773000000,0.147,,,,,10727000000,0.485,12405000000,0.420,8938000000,,0.433,146.22,,,,,,224113000000,149349000000,0.666,2530.77,149349000000,,,,,47.00,,,,61537219,2565390,61087291,false,false,12,2023-04-01,2024-03-31,0
2024-04-30,19500,2023-03-31,,135762000000,-0.023,,,,,7221000000,0.167,8733000000,0.154,6237000000,,0.303,101.40,,,,,,207874000000,143498000000,0.690,2332.78,143498000000,,,,,37.00,,,,61537219,65241,61471999,false,false,12,2022-04-01,2023-03-31,-1
2024-04-30,19500,2025-03-31,,164890000000,0.059,,,,,12590000000,0.174,14220000000,0.146,10150000000,,0.136,171.99,,,,,,,,,,,,,,,50.00,,,,,,,false,true,12,2024-04-01,2025-03-31,1
2024-07-31,19500,2025-03-31,1,33011000000,0.155,,,,,-774000000,,-149000000,,,-42000000,,-0.72,,,,,,256778000000,195731000000,0.711,,182590000000,,,,,,,,,,,,true,false,3,2024-04-01,2024-06-30,0
2024-07-31,19500,2024-03-31,1,28577000000,0.120,,,,,-1274000000,,-764000000,,,-478000000,,-7.79,,,,,,,,,,,,,,,,,,,,,,true,false,3,2023-04-01,2023-06-30,-1
2024-07-31,19500,2025-03-31,1,205160000000,0.057,,,,,14670000000,0.091,15830000000,0.062,,10500000000,,178.05,,,,,,,,,,,,,,,,,,,,,,true,true,12,2024-04-01,2025-03-31,0
2024-07-31,19500,2024-03-31,1,,,,,,,,,,,,,,,,,,,,282597000000,199115000000,0.657,,185793000000,,,,,,,,,,,,true,false,12,2023-04-01,2024-03-31,-1
2024-07-31,19500,2024-03-31,1,,,,,,,,,,,,,,,,,,,,,,,,,,,,,47.00,,,,61537219,2565390,,false,false,12,2023-04-01,2024-03-31,-1
2024-07-31,19500,2025-03-31,1,,,,,,,,,,,,,,,,,,,,,,,,,,,,,50.00,,,,,,,false,true,12,2024-04-01,2025-03-31,0
2024-07-31,19500,2025-03-31,1,,,,,,,,,,,,,,,,,,,,,,,,,,,,,,,,,61537219,2565390,58971829,false,false,3,2024-04-01,2024-06-30,0
2024-07-31,19500,2024-03-31,1,,,,,,,,,,,,,,,,,,,,,,,,,,,,,,,,,,,61471964,false,false,3,2023-04-01,2023-06-30,-1
2024-10-31,19500,2025-03-31,2,75625000000,0.065,,,,,338000000,0.053,1038000000,0.176,,284000000,,4.83,,,,,,253369000000,195652000000,0.719,,182257000000,,,,,,,,,,,,true,false,6,2024-04-01,2024-09-30,0
2024-10-31,19500,2024-03-31,2,71039000000,0.167,,,,,321000000,,883000000,,,483000000,,7.87,,,,,,,,,,,,,,,,,,,,,,true,false,6,2023-04-01,2023-09-30,-1
2024-10-31,19500,2025-03-31,2,205160000000,0.057,,,,,14670000000,0.091,15830000000,0.062,,10500000000,,178.05,,,,,,,,,,,,,,,,,,,,,,true,true,12,2024-04-01,2025-03-31,0
2024-10-31,19500,2024-03-31,2,,,,,,,,,,,,,,,,,,,,282597000000,199115000000,0.657,,185793000000,,,,,,,,,,,,true,false,12,2023-04-01,2024-03-31,-1
2024-10-31,19500,2024-03-31,2,,,,,,,,,,,,,,,,,,,,,,,,,,,,,47.00,,,,61537219,2565390,,false,false,12,2023-04-01,2024-03-31,-1
2024-10-31,19500,2025-03-31,2,,,,,,,,,,,,,,,,,,,,,,,,,,,,,50.00,,,,,,,false,true,12,2024-04-01,2025-03-31,0
2024-10-31,19500,2025-03-31,2,,,,,,,,,,,,,,,,,,,,,,,,,,,,,,,,,61537219,2565305,58971838,false,false,6,2024-04-01,2024-09-30,0
2024-10-31,19500,2024-03-31,2,,,,,,,,,,,,,,,,,,,,,,,,,,,,,,,,,,,61471939,false,false,6,2023-04-01,2023-09-30,-1
2025-01-31,19500,2025-03-31,3,125013000000,0.064,,,,,3709000000,0.173,4947000000,0.186,,2890000000,,49.02,,,,,,269063000000,198803000000,0.688,,185242000000,,,,,,,,,,,,true,false,9,2024-04-01,2024-12-31,0
2025-01-31,19500,2024-03-31,3,117511000000,0.155,,,,,3163000000,,4172000000,2.713,,2518000000,,40.96,,,,,,,,,,,,,,,,,,,,,,true,false,9,2023-04-01,2023-12-31,-1
2025-01-31,19500,2025-03-31,3,205160000000,0.057,,,,,14670000000,0.091,15830000000,0.062,,10500000000,,178.05,,,,,,,,,,,,,,,,,,,,,,true,true,12,2024-04-01,2025-03-31,0
2025-01-31,19500,2024-03-31,3,,,,,,,,,,,,,,,,,,,,282597000000,199115000000,0.657,,185793000000,,,,,,,,,,,,true,false,12,2023-04-01,2024-03-31,-1
2025-01-31,19500,2024-03-31,3,,,,,,,,,,,,,,,,,,,,,,,,,,,,,47.00,,,,61537219,2565390,,false,false,12,2023-04-01,2024-03-31,-1
2025-01-31,19500,2025-03-31,3,,,,,,,,,,,,,,,,,,,,,,,,,,,,,50.00,,,,,,,false,true,12,2024-04-01,2025-03-31,0
2025-01-31,19500,2025-03-31,3,,,,,,,,,,,,,,,,,,,,,,,,,,,,,,,,,61537219,2565185,58971913,false,false,9,2024-04-01,2024-12-31,0
2025-01-31,19500,2024-03-31,3,,,,,,,,,,,,,,,,,,,,,,,,,,,,,,,,,,,61471924,false,false,9,2023-04-01,2023-12-31,-1
,19500,2025-03-31,,,,,,,,,,,,,,,,,,,,,,,,,,,,,,64.00,,,,,,,false,true,12,2024-04-01,2025-03-31,0
,19500,2025-03-31,,,,,,,,,,,,,,,,,,,,,,,,,,,,,,0.00,,,,,,,false,false,12,2024-04-01,2025-03-31,0
,19500,2024-03-31,,,,,,,,,,,,,,,,,,,,,,,,,,,,,,47.00,,,,,,,false,false,12,2023-04-01,2024-03-31,-1
2025-04-30,19500,2025-03-31,,216922000000,0.118,,,,,17934000000,0.334,19400000000,0.302,,13192000000,,223.84,,0.069,0.067,0.083,,296388000000,209649000000,0.660,3335.76,195716000000,-4341000000,-5774000000,169000000,25949000000,,0.402,,,,,,true,false,12,2024-04-01,2025-03-31,0
2025-04-30,19500,2024-03-31,,194031000000,0.127,,,,,13448000000,0.392,14900000000,0.367,,10042000000,,164.39,,0.055,0.055,0.069,,282597000000,199115000000,0.657,3150.54,185793000000,7383000000,-4178000000,-7932000000,35896000000,,0.286,,,,,,true,false,12,2023-04-01,2024-03-31,-1
2025-04-30,19500,2026-03-31,,230480000000,0.062,,,,,17660000000,-0.015,18900000000,-0.026,,13380000000,,228.05,,,,,,,,,,,,,,,,0.403,,,,,,true,true,12,2025-04-01,2026-03-31,1
2025-04-30,19500,2025-03-31,,174075000000,0.117,,,,,13345000000,0.244,15240000000,0.229,11434000000,,0.279,193.86,,,,,,232267000000,156166000000,0.672,2659.79,156166000000,,,,,90.00,,,,61537219,2865085,58939126,false,false,12,2024-04-01,2025-03-31,0
2025-04-30,19500,2024-03-31,,155773000000,0.147,,,,,10727000000,0.485,12405000000,0.420,8938000000,,0.433,146.22,,,,,,224113000000,149349000000,0.666,2530.77,149349000000,,,,,47.00,,,,61537219,2565390,61087291,false,false,12,2023-04-01,2024-03-31,-1
2025-04-30,19500,2026-03-31,,185620000000,0.066,,,,,13460000000,0.009,15300000000,0.004,12050000000,,0.054,205.23,,,,,,,,,,,,,,,92.00,,,,,,,false,true,12,2025-04-01,2026-03-31,1
2025-07-31,19500,2026-03-31,1,30234000000,-0.084,,,,,-858000000,,-71000000,,,592000000,,10.13,,,,,,258084000000,205642000000,0.744,,191988000000,,,,,,,,,,,,true,false,3,2025-04-01,2025-06-30,0
2025-07-31,19500,2025-03-31,1,33011000000,0.155,,,,,-774000000,,-149000000,,,-42000000,,-0.72,,,,,,,,,,,,,,,,,,,,,,true,false,3,2024-04-01,2024-06-30,-1
2025-07-31,19500,2026-03-31,1,230480000000,0.062,,,,,17660000000,-0.015,18900000000,-0.026,,13380000000,,228.87,,,,,,,,,,,,,,,,,,,,,,true,true,12,2025-04-01,2026-03-31,0
2025-07-31,19500,2025-03-31,1,,,,,,,,,,,,,,,,,,,,296388000000,209649000000,0.660,,195716000000,,,,,,,,,,,,true,false,12,2024-04-01,2025-03-31,-1
2025-07-31,19500,2025-03-31,1,,,,,,,,,,,,,,,,,,,,,,,,,,,,,90.00,,,,61537219,2865085,,false,false,12,2024-04-01,2025-03-31,-1
2025-07-31,19500,2026-03-31,1,,,,,,,,,,,,,,,,,,,,,,,,,,,,,92.00,,,,,,,false,true,12,2025-04-01,2026-03-31,0
2025-07-31,19500,2026-03-31,1,,,,,,,,,,,,,,,,,,,,,,,,,,,,,,,,,61537219,3164819,58461993,false,false,3,2025-04-01,2025-06-30,0
2025-07-31,19500,2025-03-31,1,,,,,,,,,,,,,,,,,,,,,,,,,,,,,,,,,,,58971829,false,false,3,2024-04-01,2024-06-30,-1
