filing_date,code,fiscal_year_end,quarterly_period,net_sales,net_sales_change,revenue,revenue_change,operating_revenue,operating_revenue_change,operating_profit,operating_profit_change,ordinary_profit,ordinary_profit_change,net_income,net_income_of_parent,net_income_change,eps,diluted_eps,roe,roa,operating_profit_to_net_sales,operating_profit_to_revenue,total_assets,net_assets,equity_ratio,bps,owner_equity,operating_cash_flow,investing_cash_flow,financing_cash_flow,cash,dividend_per_share,payout_ratio,commemorative_dividend,extra_dividend,number_of_shares,number_of_treqsury_shares,avg_number_of_shares,is_consolidated,is_forecast,duration,period_start,period_end,period_pos
2015-07-29,19590,2016-03-31,1,61047000000,0.064,,,,,4448000000,2.027,5159000000,1.900,,3461000000,,52.58,48.56,,,,,238160000000,107166000000,0.441,,105142000000,,,,,,,,,,,,true,false,3,2015-04-01,2015-06-30,0
2015-07-29,19590,2015-03-31,1,57396000000,0.142,,,,,1469000000,1.534,1779000000,0.443,,1041000000,,15.79,,,,,,,,,,,,,,,,,,,,,,true,false,3,2014-04-01,2014-06-30,-1
2015-07-29,19590,2016-03-31,1,150000000000,0.085,,,,,9500000000,0.378,10000000000,0.314,,6200000000,,94.29,,,,,,,,,,,,,,,,,,,,,,true,true,6,2015-04-01,2015-09-30,0
2015-07-29,19590,2016-03-31,1,330000000000,0.044,,,,,20000000000,0.193,21000000000,0.156,,13400000000,,203.92,,,,,,,,,,,,,,,,,,,,,,true,true,12,2015-04-01,2016-03-31,0
2015-07-29,19590,2015-03-31,1,,,,,,,,,,,,,,,,,,,,254942000000,104658000000,0.403,,102617000000,,,,,,,,,,,,true,false,12,2014-04-01,2015-03-31,-1
2015-07-29,19590,2015-03-31,1,,,,,,,,,,,,,,,,,,,,,,,,,,,,,25.00,,,,66039535,61430,,false,false,12,2014-04-01,2015-03-31,-1
2015-07-29,19590,2016-03-31,1,,,,,,,,,,,,,,,,,,,,,,,,,,,,,30.00,,,,,,,false,true,12,2015-04-01,2016-03-31,0
2015-07-29,19590,2016-03-31,1,,,,,,,,,,,,,,,,,,,,,,,,,,,,,,,,,66039535,378313,65823141,false,false,3,2015-04-01,2015-06-30,0
2015-07-29,19590,2015-03-31,1,,,,,,,,,,,,,,,,,,,,,,,,,,,,,,,,,,,65999896,false,false,3,2014-04-01,2014-06-30,-1
2015-10-29,19590,2016-03-31,2,139663000000,0.010,,,,,10000000000,0.451,11367000000,0.494,,7496000000,,114.01,105.27,,,,,238603000000,110501000000,0.455,,108459000000,,,,,,,,,,,,true,false,6,2015-04-01,2015-09-30,0
2015-10-29,19590,2015-03-31,2,138242000000,0.192,,,,,6893000000,3.869,7608000000,2.004,,4742000000,,71.85,,,,,,,,,,,,,,,,,,,,,,true,false,6,2014-04-01,2014-09-30,-1
2015-10-29,19590,2016-03-31,2,320000000000,0.013,,,,,25000000000,0.492,27400000000,0.509,,18000000000,,273.95,,,,,,,,,,,,,,,,,,,,,,true,true,12,2015-04-01,2016-03-31,0
2015-10-29,19590,2015-03-31,2,,,,,,,,,,,,,,,,,,,,254942000000,104658000000,0.403,,102617000000,,,,,,,,,,,,true,false,12,2014-04-01,2015-03-31,-1
2015-10-29,19590,2015-03-31,2,,,,,,,,,,,,,,,,,,,,,,,,,,,,,25.00,,,,66039535,61430,,false,false,12,2014-04-01,2015-03-31,-1
2015-10-29,19590,2016-03-31,2,,,,,,,,,,,,,,,,,,,,,,,,,,,,,20.00,,,,,,,false,false,12,2015-04-01,2016-03-31,0
2015-10-29,19590,2016-03-31,2,,,,,,,,,,,,,,,,,,,,,,,,,,,,,35.00,,,,,,,false,true,12,2015-04-01,2016-03-31,0
2015-10-29,19590,2016-03-31,2,,,,,,,,,,,,,,,,,,,,,,,,,,,,,,,,,66039535,386487,65750952,false,false,6,2015-04-01,2015-09-30,0
2015-10-29,19590,2015-03-31,2,,,,,,,,,,,,,,,,,,,,,,,,,,,,,,,,,,,65996384,false,false,6,2014-04-01,2014-09-30,-1
2015-10-29,19590,2016-03-31,,320000000000,-0.030,,,,,25000000000,0.250,27400000000,0.305,,18000000000,,273.95,,,,,,,,,,,,,,,,,,,,,,true,true,12,2015-04-01,2016-03-31,0
2015-10-29,19590,2015-03-31,,315949000000,,,,,,16757000000,,18163000000,,,11517000000,,174.54,,,,,,,,,,,,,,,,,,,,,,true,false,12,2014-04-01,2015-03-31,-1
2015-10-29,19590,2016-03-31,,288000000000,-0.040,,,,,23000000000,0.278,25000000000,0.316,16500000000,,0.352,251.05,,,,,,,,,,,,,,,,,,,,,,false,true,12,2015-04-01,2016-03-31,0
2015-10-29,19590,2015-03-31,,280572000000,,,,,,14937000000,,16104000000,,10015000000,,,151.73,,,,,,,,,,,,,,,,,,,,,,false,false,12,2014-04-01,2015-03-31,-1
2016-01-28,19590,2016-03-31,3,205887000000,-0.027,,,,,14726000000,0.512,16446000000,0.517,,10698000000,,162.78,150.30,,,,,249136000000,112666000000,0.444,,110648000000,,,,,,,,,,,,true,false,9,2015-04-01,2015-12-31,0
2016-01-28,19590,2015-03-31,3,211637000000,0.173,,,,,9741000000,1.372,10839000000,0.914,,6800000000,,103.05,,,,,,,,,,,,,,,,,,,,,,true,false,9,2014-04-01,2014-12-31,-1
2016-01-28,19590,2016-03-31,3,320000000000,0.013,,,,,25000000000,0.492,27400000000,0.509,,18000000000,,273.95,,,,,,,,,,,,,,,,,,,,,,true,true,12,2015-04-01,2016-03-31,0
2016-01-28,19590,2015-03-31,3,,,,,,,,,,,,,,,,,,,,254942000000,104658000000,0.403,,102617000000,,,,,,,,,,,,true,false,12,2014-04-01,2015-03-31,-1
2016-01-28,19590,2015-03-31,3,,,,,,,,,,,,,,,,,,,,,,,,,,,,,25.00,,,,66039535,61430,,false,false,12,2014-04-01,2015-03-31,-1
2016-01-28,19590,2016-03-31,3,,,,,,,,,,,,,,,,,,,,,,,,,,,,,20.00,,,,,,,false,false,12,2015-04-01,2016-03-31,0
2016-01-28,19590,2016-03-31,3,,,,,,,,,,,,,,,,,,,,,,,,,,,,,35.00,,,,,,,false,true,12,2015-04-01,2016-03-31,0
2016-01-28,19590,2016-03-31,3,,,,,,,,,,,,,,,,,,,,,,,,,,,,,,,,,66039535,389432,65721019,false,false,9,2015-04-01,2015-12-31,0
2016-01-28,19590,2015-03-31,3,,,,,,,,,,,,,,,,,,,,,,,,,,,,,,,,,,,65993110,false,false,9,2014-04-01,2014-12-31,-1
2016-04-28,19590,2016-03-31,,311346000000,-0.015,,,,,25197000000,0.504,27551000000,0.517,,17901000000,,272.45,251.56,0.167,0.107,0.081,,262040000000,113199000000,0.424,1693.45,111172000000,10776000000,-13597000000,-6206000000,26732000000,,0.165,,,,,,true,false,12,2015-04-01,2016-03-31,0
2016-04-28,19590,2015-03-31,,315949000000,0.131,,,,,16757000000,1.348,18163000000,1.039,,11517000000,,174.54,173.44,0.119,0.075,0.053,,254942000000,104658000000,0.403,1555.33,102617000000,19117000000,-11816000000,6680000000,35931000000,,0.143,,,,,,true,false,12,2014-04-01,2015-03-31,-1
2016-04-28,19590,2017-03-31,,141000000000,0.010,,,,,9000000000,-0.100,10100000000,-0.111,,6800000000,,103.58,,,,,,,,,,,,,,,,,,,,,,true,true,6,2016-04-01,2016-09-30,1
2016-04-28,19590,2017-03-31,,340000000000,0.092,,,,,29000000000,0.151,31200000000,0.132,,21000000000,,319.89,,,,,,,,,,,,,,,,0.188,,,,,,true,true,12,2016-04-01,2017-03-31,1
2016-04-28,19590,2016-03-31,,281116000000,0.002,,,,,23387000000,0.566,25350000000,0.574,16500000000,,0.647,251.06,231.81,,,,,236106000000,99946000000,0.423,1522.01,99946000000,,,,,45.00,,,,66039535,391045,65704354,false,false,12,2015-04-01,2016-03-31,0
2016-04-28,19590,2015-03-31,,280572000000,0.080,,,,,14937000000,1.313,16104000000,0.985,10015000000,,1.354,151.73,150.78,,,,,228387000000,88256000000,0.386,1337.28,88256000000,,,,,25.00,,,,66039535,61430,65990230,false,false,12,2014-04-01,2015-03-31,-1
2016-04-28,19590,2017-03-31,,125000000000,-0.000,,,,,8500000000,-0.115,9600000000,-0.115,6500000000,,-0.100,98.98,,,,,,,,,,,,,,,,,,,,,,false,true,6,2016-04-01,2016-09-30,1
2016-04-28,19590,2017-03-31,,310000000000,0.103,,,,,27000000000,0.154,28700000000,0.132,19500000000,,0.182,296.95,,,,,,,,,,,,,,,60.00,,,,,,,false,true,12,2016-04-01,2017-03-31,1
2016-07-27,19590,2017-03-31,1,64040000000,0.049,,,,,4908000000,0.103,5151000000,-0.001,,3682000000,,56.09,51.78,,,,,246605000000,114120000000,0.455,,112102000000,,,,,,,,,,,,true,false,3,2016-04-01,2016-06-30,0
2016-07-27,19590,2016-03-31,1,61047000000,0.064,,,,,4448000000,2.027,5159000000,1.900,,3461000000,,52.58,48.56,,,,,,,,,,,,,,,,,,,,,true,false,3,2015-04-01,2015-06-30,-1
2016-07-27,19590,2017-03-31,1,141000000000,0.010,,,,,9000000000,-0.100,10100000000,-0.111,,6800000000,,103.55,,,,,,,,,,,,,,,,,,,,,,true,true,6,2016-04-01,2016-09-30,0
2016-07-27,19590,2017-03-31,1,340000000000,0.092,,,,,29000000000,0.151,31200000000,0.132,,21000000000,,319.76,,,,,,,,,,,,,,,,,,,,,,true,true,12,2016-04-01,2017-03-31,0
2016-07-27,19590,2016-03-31,1,,,,,,,,,,,,,,,,,,,,262040000000,113199000000,0.424,,111172000000,,,,,,,,,,,,true,false,12,2015-04-01,2016-03-31,-1
2016-07-27,19590,2016-03-31,1,,,,,,,,,,,,,,,,,,,,,,,,,,,,,45.00,,,,66039535,391045,,false,false,12,2015-04-01,2016-03-31,-1
2016-07-27,19590,2017-03-31,1,,,,,,,,,,,,,,,,,,,,,,,,,,,,,60.00,,,,,,,false,true,12,2016-04-01,2017-03-31,0
2016-07-27,19590,2017-03-31,1,,,,,,,,,,,,,,,,,,,,,,,,,,,,,,,,,66039535,359368,65663234,false,false,3,2016-04-01,2016-06-30,0
2016-07-27,19590,2016-03-31,1,,,,,,,,,,,,,,,,,,,,,,,,,,,,,,,,,,,65823141,false,false,3,2015-04-01,2015-06-30,-1
2016-10-28,19590,2017-03-31,2,146929000000,0.052,,,,,11001000000,0.100,11709000000,0.030,,8084000000,,121.59,113.66,,,,,252448000000,126721000000,0.494,,124763000000,,,,,,,,,,,,true,false,6,2016-04-01,2016-09-30,0
2016-10-28,19590,2016-03-31,2,139663000000,0.010,,,,,10000000000,0.451,11367000000,0.494,,7496000000,,114.01,105.27,,,,,,,,,,,,,,,,,,,,,true,false,6,2015-04-01,2015-09-30,-1
2016-10-28,19590,2017-03-31,2,340000000000,0.092,,,,,29000000000,0.151,31200000000,0.132,,21000000000,,308.29,,,,,,,,,,,,,,,,,,,,,,true,true,12,2016-04-01,2017-03-31,0
2016-10-28,19590,2016-03-31,2,,,,,,,,,,,,,,,,,,,,262040000000,113199000000,0.424,,111172000000,,,,,,,,,,,,true,false,12,2015-04-01,2016-03-31,-1
2016-10-28,19590,2016-03-31,2,,,,,,,,,,,,,,,,,,,,,,,,,,,,,45.00,,,,66039535,391045,,false,false,12,2015-04-01,2016-03-31,-1
2016-10-28,19590,2017-03-31,2,,,,,,,,,,,,,,,,,,,,,,,,,,,,,30.00,,,,,,,false,false,12,2016-04-01,2017-03-31,0
2016-10-28,19590,2017-03-31,2,,,,,,,,,,,,,,,,,,,,,,,,,,,,,60.00,,,,,,,false,true,12,2016-04-01,2017-03-31,0
2016-10-28,19590,2017-03-31,2,,,,,,,,,,,,,,,,,,,,,,,,,,,,,,,,,70036124,19816,66490991,false,false,6,2016-04-01,2016-09-30,0
2016-10-28,19590,2016-03-31,2,,,,,,,,,,,,,,,,,,,,,,,,,,,,,,,,,,,65750952,false,false,6,2015-04-01,2015-09-30,-1
2017-01-30,19590,2017-03-31,3,221858000000,0.078,,,,,17162000000,0.165,18412000000,0.120,,12431000000,,184.01,174.76,,,,,271138000000,131106000000,0.477,,129256000000,,,,,,,,,,,,true,false,9,2016-04-01,2016-12-31,0
2017-01-30,19590,2016-03-31,3,205887000000,-0.027,,,,,14726000000,0.512,16446000000,0.517,,10698000000,,162.78,150.30,,,,,,,,,,,,,,,,,,,,,true,false,9,2015-04-01,2015-12-31,-1
2017-01-30,19590,2017-03-31,3,340000000000,0.092,,,,,29000000000,0.151,31200000000,0.132,,21000000000,,308.20,,,,,,,,,,,,,,,,,,,,,,true,true,12,2016-04-01,2017-03-31,0
2017-01-30,19590,2016-03-31,3,,,,,,,,,,,,,,,,,,,,262040000000,113199000000,0.424,,111172000000,,,,,,,,,,,,true,false,12,2015-04-01,2016-03-31,-1
2017-01-30,19590,2016-03-31,3,,,,,,,,,,,,,,,,,,,,,,,,,,,,,45.00,,,,66039535,391045,,false,false,12,2015-04-01,2016-03-31,-1
2017-01-30,19590,2017-03-31,3,,,,,,,,,,,,,,,,,,,,,,,,,,,,,30.00,,,,,,,false,false,12,2016-04-01,2017-03-31,0
2017-01-30,19590,2017-03-31,3,,,,,,,,,,,,,,,,,,,,,,,,,,,,,60.00,,,,,,,false,true,12,2016-04-01,2017-03-31,0
2017-01-30,19590,2017-03-31,3,,,,,,,,,,,,,,,,,,,,,,,,,,,,,,,,,70089941,19152,67557521,false,false,9,2016-04-01,2016-12-31,0
2017-01-30,19590,2016-03-31,3,,,,,,,,,,,,,,,,,,,,,,,,,,,,,,,,,,,65721019,false,false,9,2015-04-01,2015-12-31,-1
2017-04-28,19590,2017-03-31,,341771000000,0.098,,,,,30732000000,0.220,32187000000,0.168,,22297000000,,327.22,313.47,0.178,0.114,0.090,,300478000000,141503000000,0.466,1995.00,139881000000,14187000000,-17951000000,7200000000,30027000000,,0.214,,,,,,true,false,12,2016-04-01,2017-03-31,0
2017-04-28,19590,2016-03-31,,311346000000,-0.015,,,,,25197000000,0.504,27551000000,0.517,,17901000000,,272.45,251.56,0.167,0.107,0.081,,262040000000,113199000000,0.424,1693.45,111172000000,10776000000,-13597000000,-6206000000,26732000000,,0.165,,,,,,true,false,12,2015-04-01,2016-03-31,-1
2017-04-28,19590,2018-03-31,,150000000000,0.021,,,,,12000000000,0.091,13000000000,0.110,,8500000000,,121.23,,,,,,,,,,,,,,,,,,,,,,true,true,6,2017-04-01,2017-09-30,1
2017-04-28,19590,2018-03-31,,370000000000,0.083,,,,,36000000000,0.171,37000000000,0.150,,24500000000,,349.42,,,,,,,,,,,,,,,,0.229,,,,,,true,true,12,2017-04-01,2018-03-31,1
2017-04-28,19590,2017-03-31,,309796000000,0.102,,,,,27562000000,0.178,29623000000,0.169,20815000000,,0.262,305.39,292.56,,,,,274800000000,126089000000,0.459,1797.83,126089000000,,,,,70.00,,,,70134971,18941,68143378,false,false,12,2016-04-01,2017-03-31,0
2017-04-28,19590,2016-03-31,,281116000000,0.002,,,,,23387000000,0.566,25350000000,0.574,16500000000,,0.647,251.06,231.81,,,,,236106000000,99946000000,0.423,1522.01,99946000000,,,,,45.00,,,,66039535,391045,65704354,false,false,12,2015-04-01,2016-03-31,-1
2017-04-28,19590,2018-03-31,,140000000000,0.038,,,,,11000000000,0.159,12000000000,0.163,8000000000,,0.107,114.07,,,,,,,,,,,,,,,,,,,,,,false,true,6,2017-04-01,2017-09-30,1
2017-04-28,19590,2018-03-31,,340000000000,0.097,,,,,33000000000,0.197,34500000000,0.165,23000000000,,0.105,327.94,,,,,,,,,,,,,,,80.00,,,,,,,false,true,12,2017-04-01,2018-03-31,1
2017-07-28,19590,2018-03-31,1,65649000000,0.025,,,,,4527000000,-0.078,5020000000,-0.026,,3346000000,,47.48,47.04,,,,,280002000000,144660000000,0.511,,143118000000,,,,,,,,,,,,true,false,3,2017-04-01,2017-06-30,0
2017-07-28,19590,2017-03-31,1,64040000000,0.049,,,,,4908000000,0.103,5151000000,-0.001,,3682000000,,56.09,51.78,,,,,,,,,,,,,,,,,,,,,true,false,3,2016-04-01,2016-06-30,-1
2017-07-28,19590,2018-03-31,1,150000000000,0.021,,,,,12000000000,0.091,13000000000,0.110,,8500000000,,120.31,,,,,,,,,,,,,,,,,,,,,,true,true,6,2017-04-01,2017-09-30,0
2017-07-28,19590,2018-03-31,1,370000000000,0.083,,,,,36000000000,0.171,37000000000,0.150,,24500000000,,346.30,,,,,,,,,,,,,,,,,,,,,,true,true,12,2017-04-01,2018-03-31,0
2017-07-28,19590,2017-03-31,1,,,,,,,,,,,,,,,,,,,,300478000000,141503000000,0.466,,139881000000,,,,,,,,,,,,true,false,12,2016-04-01,2017-03-31,-1
2017-07-28,19590,2017-03-31,1,,,,,,,,,,,,,,,,,,,,,,,,,,,,,70.00,,,,70134971,18941,,false,false,12,2016-04-01,2017-03-31,-1
2017-07-28,19590,2018-03-31,1,,,,,,,,,,,,,,,,,,,,,,,,,,,,,80.00,,,,,,,false,true,12,2017-04-01,2018-03-31,0
2017-07-28,19590,2018-03-31,1,,,,,,,,,,,,,,,,,,,,,,,,,,,,,,,,,70833201,18712,70485937,false,false,3,2017-04-01,2017-06-30,0
2017-07-28,19590,2017-03-31,1,,,,,,,,,,,,,,,,,,,,,,,,,,,,,,,,,,,65663234,false,false,3,2016-04-01,2016-06-30,-1
2017-07-28,19590,2018-03-31,1,65649000000,0.025,,,,,4527000000,-0.078,5020000000,-0.026,,3346000000,,47.48,47.04,,,,,280002000000,144660000000,0.511,,143118000000,,,,,,,,,,,,true,false,3,2017-04-01,2017-06-30,0
2017-07-28,19590,2017-03-31,1,64040000000,0.049,,,,,4908000000,0.103,5151000000,-0.001,,3682000000,,56.09,51.78,,,,,,,,,,,,,,,,,,,,,true,false,3,2016-04-01,2016-06-30,-1
2017-07-28,19590,2018-03-31,1,150000000000,0.021,,,,,12000000000,0.091,13000000000,0.110,,8500000000,,120.31,,,,,,,,,,,,,,,,,,,,,,true,true,6,2017-04-01,2017-09-30,0
2017-07-28,19590,2018-03-31,1,370000000000,0.083,,,,,36000000000,0.171,37000000000,0.150,,24500000000,,346.30,,,,,,,,,,,,,,,,,,,,,,true,true,12,2017-04-01,2018-03-31,0
2017-07-28,19590,2017-03-31,1,,,,,,,,,,,,,,,,,,,,300478000000,141503000000,0.466,,139881000000,,,,,,,,,,,,true,false,12,2016-04-01,2017-03-31,-1
2017-07-28,19590,2017-03-31,1,,,,,,,,,,,,,,,,,,,,,,,,,,,,,70.00,,,,70134971,18941,,false,false,12,2016-04-01,2017-03-31,-1
2017-07-28,19590,2018-03-31,1,,,,,,,,,,,,,,,,,,,,,,,,,,,,,80.00,,,,,,,false,true,12,2017-04-01,2018-03-31,0
2017-07-28,19590,2018-03-31,1,,,,,,,,,,,,,,,,,,,,,,,,,,,,,,,,,70883201,18712,70485937,false,false,3,2017-04-01,2017-06-30,0
2017-07-28,19590,2017-03-31,1,,,,,,,,,,,,,,,,,,,,,,,,,,,,,,,,,,,65663234,false,false,3,2016-04-01,2016-06-30,-1
2017-10-27,19590,2018-03-31,2,159378000000,0.085,,,,,13274000000,0.207,14959000000,0.278,,9677000000,,136.91,136.02,,,,,285506000000,151054000000,0.523,,149459000000,,,,,,,,,,,,true,false,6,2017-04-01,2017-09-30,0
2017-10-27,19590,2017-03-31,2,146929000000,0.052,,,,,11001000000,0.100,11709000000,0.030,,8084000000,,121.59,113.66,,,,,,,,,,,,,,,,,,,,,true,false,6,2016-04-01,2016-09-30,-1
2017-10-27,19590,2018-03-31,2,370000000000,0.083,,,,,36000000000,0.171,37000000000,0.150,,24500000000,,345.97,,,,,,,,,,,,,,,,,,,,,,true,true,12,2017-04-01,2018-03-31,0
2017-10-27,19590,2017-03-31,2,,,,,,,,,,,,,,,,,,,,300478000000,141503000000,0.466,,139881000000,,,,,,,,,,,,true,false,12,2016-04-01,2017-03-31,-1
2017-10-27,19590,2017-03-31,2,,,,,,,,,,,,,,,,,,,,,,,,,,,,,70.00,,,,70134971,18941,,false,false,12,2016-04-01,2017-03-31,-1
2017-10-27,19590,2018-03-31,2,,,,,,,,,,,,,,,,,,,,,,,,,,,,,40.00,,,,,,,false,false,12,2017-04-01,2018-03-31,0
2017-10-27,19590,2018-03-31,2,,,,,,,,,,,,,,,,,,,,,,,,,,,,,80.00,,,,,,,false,true,12,2017-04-01,2018-03-31,0
2017-10-27,19590,2018-03-31,2,,,,,,,,,,,,,,,,,,,,,,,,,,,,,,,,,70993104,18950,70680686,false,false,6,2017-04-01,2017-09-30,0
2017-10-27,19590,2017-03-31,2,,,,,,,,,,,,,,,,,,,,,,,,,,,,,,,,,,,66490991,false,false,6,2016-04-01,2016-09-30,-1
2018-01-30,19590,2018-03-31,3,230277000000,0.038,,,,,18578000000,0.083,20820000000,0.131,,13597000000,,192.05,191.12,,,,,288176000000,153976000000,0.529,,152309000000,,,,,,,,,,,,true,false,9,2017-04-01,2017-12-31,0
2018-01-30,19590,2017-03-31,3,221858000000,0.078,,,,,17162000000,0.165,18412000000,0.120,,12431000000,,184.01,174.76,,,,,,,,,,,,,,,,,,,,,true,false,9,2016-04-01,2016-12-31,-1
2018-01-30,19590,2018-03-31,3,370000000000,0.083,,,,,36000000000,0.171,37000000000,0.150,,24500000000,,345.66,,,,,,,,,,,,,,,,,,,,,,true,true,12,2017-04-01,2018-03-31,0
2018-01-30,19590,2017-03-31,3,,,,,,,,,,,,,,,,,,,,300478000000,141503000000,0.466,,139881000000,,,,,,,,,,,,true,false,12,2016-04-01,2017-03-31,-1
2018-01-30,19590,2017-03-31,3,,,,,,,,,,,,,,,,,,,,,,,,,,,,,70.00,,,,70134971,18941,,false,false,12,2016-04-01,2017-03-31,-1
2018-01-30,19590,2018-03-31,3,,,,,,,,,,,,,,,,,,,,,,,,,,,,,40.00,,,,,,,false,false,12,2017-04-01,2018-03-31,0
2018-01-30,19590,2018-03-31,3,,,,,,,,,,,,,,,,,,,,,,,,,,,,,80.00,,,,,,,false,true,12,2017-04-01,2018-03-31,0
2018-01-30,19590,2018-03-31,3,,,,,,,,,,,,,,,,,,,,,,,,,,,,,,,,,71156290,19276,70800371,false,false,9,2017-04-01,2017-12-31,0
2018-01-30,19590,2017-03-31,3,,,,,,,,,,,,,,,,,,,,,,,,,,,,,,,,,,,67557521,false,false,9,2016-04-01,2016-12-31,-1
2018-04-27,19590,2018-03-31,,360872000000,0.056,,,,,34726000000,0.130,37342000000,0.160,,25296000000,,356.89,355.55,0.168,0.119,0.096,,325153000000,164139000000,0.497,2269.48,161449000000,29903000000,-3717000000,-21783000000,34505000000,,0.252,,,,,,true,false,12,2017-04-01,2018-03-31,0
2018-04-27,19590,2017-03-31,,341771000000,0.098,,,,,30732000000,0.220,32187000000,0.168,,22297000000,,327.22,313.47,0.178,0.114,0.090,,300478000000,141503000000,0.466,1995.00,139881000000,14187000000,-17951000000,7200000000,30027000000,,0.214,,,,,,true,false,12,2016-04-01,2017-03-31,-1
2018-04-27,19590,2019-03-31,,165000000000,0.035,,,,,13500000000,0.017,15000000000,0.003,,9800000000,,137.76,,,,,,,,,,,,,,,,,,,,,,true,true,6,2018-04-01,2018-09-30,1
2018-04-27,19590,2019-03-31,,385000000000,0.067,,,,,38000000000,0.094,41000000000,0.098,,28000000000,,393.59,,,,,,,,,,,,,,,,0.254,,,,,,true,true,12,2018-04-01,2019-03-31,1
2018-04-27,19590,2018-03-31,,326138000000,0.053,,,,,30445000000,0.105,33518000000,0.131,23861000000,,0.146,336.57,335.30,,,,,291886000000,147142000000,0.504,2067.82,147142000000,,,,,90.00,,,,71158510,18891,70878500,false,false,12,2017-04-01,2018-03-31,0
2018-04-27,19590,2017-03-31,,309796000000,0.102,,,,,27562000000,0.178,29623000000,0.169,20815000000,,0.262,305.39,292.56,,,,,274800000000,126089000000,0.459,1797.83,126089000000,,,,,70.00,,,,70134971,18941,68143378,false,false,12,2016-04-01,2017-03-31,-1
2018-04-27,19590,2019-03-31,,150000000000,0.024,,,,,12000000000,0.008,13500000000,-0.052,9000000000,,-0.127,126.48,,,,,,,,,,,,,,,,,,,,,,false,true,6,2018-04-01,2018-09-30,1
2018-04-27,19590,2019-03-31,,340000000000,0.043,,,,,34000000000,0.117,36000000000,0.074,24500000000,,0.027,344.30,,,,,,,,,,,,,,,100.00,,,,,,,false,true,12,2018-04-01,2019-03-31,1
2018-07-30,19590,2019-03-31,1,70792000000,0.078,,,,,2938000000,-0.351,3565000000,-0.290,,2265000000,,31.85,31.85,,,,,303054000000,163470000000,0.531,,160846000000,,,,,,,,,,,,true,false,3,2018-04-01,2018-06-30,0
2018-07-30,19590,2018-03-31,1,65649000000,0.025,,,,,4527000000,-0.078,5020000000,-0.026,,3346000000,,47.48,47.04,,,,,,,,,,,,,,,,,,,,,true,false,3,2017-04-01,2017-06-30,-1
2018-07-30,19590,2019-03-31,1,165000000000,0.035,,,,,13500000000,0.017,15000000000,0.003,,9800000000,,137.76,,,,,,,,,,,,,,,,,,,,,,true,true,6,2018-04-01,2018-09-30,0
2018-07-30,19590,2019-03-31,1,385000000000,0.067,,,,,38000000000,0.094,41000000000,0.098,,28000000000,,393.59,,,,,,,,,,,,,,,,,,,,,,true,true,12,2018-04-01,2019-03-31,0
2018-07-30,19590,2018-03-31,1,,,,,,,,,,,,,,,,,,,,324919000000,164139000000,0.497,,161449000000,,,,,,,,,,,,true,false,12,2017-04-01,2018-03-31,-1
2018-07-30,19590,2018-03-31,1,,,,,,,,,,,,,,,,,,,,,,,,,,,,,90.00,,,,71158510,18891,,false,false,12,2017-04-01,2018-03-31,-1
2018-07-30,19590,2019-03-31,1,,,,,,,,,,,,,,,,,,,,,,,,,,,,,100.00,,,,,,,false,true,12,2018-04-01,2019-03-31,0
2018-07-30,19590,2019-03-31,1,,,,,,,,,,,,,,,,,,,,,,,,,,,,,,,,,71158510,19077,71139517,false,false,3,2018-04-01,2018-06-30,0
2018-07-30,19590,2018-03-31,1,,,,,,,,,,,,,,,,,,,,,,,,,,,,,,,,,,,70485937,false,false,3,2017-04-01,2017-06-30,-1
2018-10-24,19590,2019-03-31,,165000000000,,,,,,10800000000,-0.200,12400000000,-0.173,,8000000000,,112.45,,,,,,,,,,,,,,,,,,,,,,true,true,6,2018-04-01,2018-09-30,0
2018-10-24,19590,2018-03-31,,159378000000,,,,,,13274000000,,14959000000,,,9677000000,,136.91,,,,,,,,,,,,,,,,,,,,,,true,false,6,2017-04-01,2017-09-30,-1
2018-10-24,19590,2019-03-31,,142600000000,-0.049,,,,,8900000000,-0.258,10600000000,-0.215,6800000000,,-0.244,95.56,,,,,,,,,,,,,,,,,,,,,,false,true,6,2018-04-01,2018-09-30,0
2018-10-24,19590,2018-03-31,,146553000000,,,,,,11899000000,,14241000000,,10312000000,,,145.87,,,,,,,,,,,,,,,,,,,,,,false,false,6,2017-04-01,2017-09-30,-1
2018-10-26,19590,2019-03-31,2,165111000000,0.036,,,,,10886000000,-0.180,12428000000,-0.169,,8013000000,,112.64,,,,,,305907000000,169546000000,0.546,,166900000000,,,,,,,,,,,,true,false,6,2018-04-01,2018-09-30,0
2018-10-26,19590,2018-03-31,2,159378000000,0.085,,,,,13274000000,0.207,14959000000,0.278,,9677000000,,136.91,136.02,,,,,,,,,,,,,,,,,,,,,true,false,6,2017-04-01,2017-09-30,-1
2018-10-26,19590,2019-03-31,2,385000000000,0.067,,,,,38000000000,0.094,41000000000,0.098,,28000000000,,393.57,,,,,,,,,,,,,,,,,,,,,,true,true,12,2018-04-01,2019-03-31,0
2018-10-26,19590,2018-03-31,2,,,,,,,,,,,,,,,,,,,,324919000000,164139000000,0.497,,161449000000,,,,,,,,,,,,true,false,12,2017-04-01,2018-03-31,-1
2018-10-26,19590,2018-03-31,2,,,,,,,,,,,,,,,,,,,,,,,,,,,,,90.00,,,,71158510,18891,,false,false,12,2017-04-01,2018-03-31,-1
2018-10-26,19590,2019-03-31,2,,,,,,,,,,,,,,,,,,,,,,,,,,,,,50.00,,,,,,,false,false,12,2018-04-01,2019-03-31,0
2018-10-26,19590,2019-03-31,2,,,,,,,,,,,,,,,,,,,,,,,,,,,,,100.00,,,,,,,false,true,12,2018-04-01,2019-03-31,0
2018-10-26,19590,2019-03-31,2,,,,,,,,,,,,,,,,,,,,,,,,,,,,,,,,,71165783,19138,71141546,false,false,6,2018-04-01,2018-09-30,0
2018-10-26,19590,2018-03-31,2,,,,,,,,,,,,,,,,,,,,,,,,,,,,,,,,,,,70680686,false,false,6,2017-04-01,2017-09-30,-1
2019-01-31,19590,2019-03-31,3,252083000000,0.095,,,,,16947000000,-0.088,19282000000,-0.074,,12501000000,,175.73,,,,,,308492000000,168677000000,0.538,,166076000000,,,,,,,,,,,,true,false,9,2018-04-01,2018-12-31,0
2019-01-31,19590,2018-03-31,3,230277000000,0.038,,,,,18578000000,0.083,20820000000,0.131,,13597000000,,192.05,191.12,,,,,,,,,,,,,,,,,,,,,true,false,9,2017-04-01,2017-12-31,-1
2019-01-31,19590,2019-03-31,3,385000000000,0.067,,,,,38000000000,0.094,41000000000,0.098,,28000000000,,393.57,,,,,,,,,,,,,,,,,,,,,,true,true,12,2018-04-01,2019-03-31,0
2019-01-31,19590,2018-03-31,3,,,,,,,,,,,,,,,,,,,,324919000000,164139000000,0.497,,161449000000,,,,,,,,,,,,true,false,12,2017-04-01,2018-03-31,-1
2019-01-31,19590,2018-03-31,3,,,,,,,,,,,,,,,,,,,,,,,,,,,,,90.00,,,,71158510,18891,,false,false,12,2017-04-01,2018-03-31,-1
2019-01-31,19590,2019-03-31,3,,,,,,,,,,,,,,,,,,,,,,,,,,,,,50.00,,,,,,,false,false,12,2018-04-01,2019-03-31,0
2019-01-31,19590,2019-03-31,3,,,,,,,,,,,,,,,,,,,,,,,,,,,,,100.00,,,,,,,false,true,12,2018-04-01,2019-03-31,0
2019-01-31,19590,2019-03-31,3,,,,,,,,,,,,,,,,,,,,,,,,,,,,,,,,,71165783,19192,71143062,false,false,9,2018-04-01,2018-12-31,0
2019-01-31,19590,2018-03-31,3,,,,,,,,,,,,,,,,,,,,,,,,,,,,,,,,,,,70800371,false,false,9,2017-04-01,2017-12-31,-1
2019-04-26,19590,2019-03-31,,408143000000,0.131,,,,,36747000000,0.058,39924000000,0.069,,26691000000,,375.17,,0.156,0.117,0.090,,357271000000,182176000000,0.505,2534.46,180317000000,26054000000,-11298000000,-9021000000,40192000000,,0.267,,,,,,true,false,12,2018-04-01,2019-03-31,0
2019-04-26,19590,2018-03-31,,360872000000,0.056,,,,,34726000000,0.130,37342000000,0.160,,25296000000,,356.89,355.55,0.168,0.119,0.096,,324919000000,164139000000,0.497,2269.48,161449000000,30016000000,-3830000000,-21783000000,34505000000,,0.252,,,,,,true,false,12,2017-04-01,2018-03-31,-1
2019-04-26,19590,2020-03-31,,418000000000,0.024,,,,,38000000000,0.034,40700000000,0.019,,27200000000,,382.31,,,,,,,,,,,,,,,,0.262,,,,,,true,true,12,2019-04-01,2020-03-31,1
2019-04-26,19590,2019-03-31,,352007000000,0.079,,,,,31912000000,0.048,34783000000,0.038,23296000000,,-0.024,327.37,,,,,,325316000000,162924000000,0.501,2289.39,162924000000,,,,,100.00,,,,71165783,19331,71143861,false,false,12,2018-04-01,2019-03-31,0
2019-04-26,19590,2018-03-31,,326138000000,0.053,,,,,30445000000,0.105,33518000000,0.131,23861000000,,0.146,336.57,335.30,,,,,289759000000,147142000000,0.508,2067.82,147142000000,,,,,90.00,,,,71158510,18891,70878500,false,false,12,2017-04-01,2018-03-31,-1
2019-04-26,19590,2020-03-31,,363000000000,0.031,,,,,33600000000,0.053,35900000000,0.032,24300000000,,0.043,341.46,,,,,,,,,,,,,,,100.00,,,,,,,false,true,12,2019-04-01,2020-03-31,1
2019-07-31,19590,2020-03-31,1,83747000000,0.183,,,,,4674000000,0.591,5399000000,0.515,,3843000000,,54.03,,,,,,345090000000,180665000000,0.518,,178875000000,,,,,,,,,,,,true,false,3,2019-04-01,2019-06-30,0
2019-07-31,19590,2019-03-31,1,70792000000,0.078,,,,,2938000000,-0.351,3565000000,-0.290,,2265000000,,31.85,31.85,,,,,,,,,,,,,,,,,,,,,true,false,3,2018-04-01,2018-06-30,-1
2019-07-31,19590,2020-03-31,1,418000000000,0.024,,,,,38000000000,0.034,40700000000,0.019,,27200000000,,382.58,,,,,,,,,,,,,,,,,,,,,,true,true,12,2019-04-01,2020-03-31,0
2019-07-31,19590,2019-03-31,1,,,,,,,,,,,,,,,,,,,,357271000000,182176000000,0.505,,180317000000,,,,,,,,,,,,true,false,12,2018-04-01,2019-03-31,-1
2019-07-31,19590,2019-03-31,1,,,,,,,,,,,,,,,,,,,,,,,,,,,,,100.00,,,,71165783,19331,,false,false,12,2018-04-01,2019-03-31,-1
2019-07-31,19590,2020-03-31,1,,,,,,,,,,,,,,,,,,,,,,,,,,,,,100.00,,,,,,,false,true,12,2019-04-01,2020-03-31,0
2019-07-31,19590,2020-03-31,1,,,,,,,,,,,,,,,,,,,,,,,,,,,,,,,,,71165783,84883,71129990,false,false,3,2019-04-01,2019-06-30,0
2019-07-31,19590,2019-03-31,1,,,,,,,,,,,,,,,,,,,,,,,,,,,,,,,,,,,71139517,false,false,3,2018-04-01,2018-06-30,-1
2019-10-31,19590,2020-03-31,2,195870000000,0.186,,,,,13820000000,0.270,15179000000,0.221,,10471000000,,147.47,,,,,,335461000000,187179000000,0.553,,185389000000,,,,,,,,,,,,true,false,6,2019-04-01,2019-09-30,0
2019-10-31,19590,2019-03-31,2,165111000000,0.036,,,,,10886000000,-0.180,12428000000,-0.169,,8013000000,,112.64,,,,,,,,,,,,,,,,,,,,,,true,false,6,2018-04-01,2018-09-30,-1
2019-10-31,19590,2020-03-31,2,418000000000,0.024,,,,,38000000000,0.034,40700000000,0.019,,27200000000,,383.45,,,,,,,,,,,,,,,,,,,,,,true,true,12,2019-04-01,2020-03-31,0
2019-10-31,19590,2019-03-31,2,,,,,,,,,,,,,,,,,,,,357271000000,182176000000,0.505,,180317000000,,,,,,,,,,,,true,false,12,2018-04-01,2019-03-31,-1
2019-10-31,19590,2019-03-31,2,,,,,,,,,,,,,,,,,,,,,,,,,,,,,100.00,,,,71165783,19331,,false,false,12,2018-04-01,2019-03-31,-1
2019-10-31,19590,2020-03-31,2,,,,,,,,,,,,,,,,,,,,,,,,,,,,,50.00,,,,,,,false,false,12,2019-04-01,2020-03-31,0
2019-10-31,19590,2020-03-31,2,,,,,,,,,,,,,,,,,,,,,,,,,,,,,100.00,,,,,,,false,true,12,2019-04-01,2020-03-31,0
2019-10-31,19590,2020-03-31,2,,,,,,,,,,,,,,,,,,,,,,,,,,,,,,,,,70864961,18671,71008406,false,false,6,2019-04-01,2019-09-30,0
2019-10-31,19590,2019-03-31,2,,,,,,,,,,,,,,,,,,,,,,,,,,,,,,,,,,,71141546,false,false,6,2018-04-01,2018-09-30,-1
2020-01-31,19590,2020-03-31,3,279872000000,0.110,,,,,18761000000,0.107,21057000000,0.092,,14319000000,,201.80,,,,,,336187000000,188251000000,0.555,,186478000000,,,,,,,,,,,,true,false,9,2019-04-01,2019-12-31,0
2020-01-31,19590,2019-03-31,3,252083000000,0.095,,,,,16947000000,-0.088,19282000000,-0.074,,12501000000,,175.73,,,,,,,,,,,,,,,,,,,,,,true,false,9,2018-04-01,2018-12-31,-1
2020-01-31,19590,2020-03-31,3,418000000000,0.024,,,,,38000000000,0.034,40700000000,0.019,,27200000000,,383.46,,,,,,,,,,,,,,,,,,,,,,true,true,12,2019-04-01,2020-03-31,0
2020-01-31,19590,2019-03-31,3,,,,,,,,,,,,,,,,,,,,357271000000,182176000000,0.505,,180317000000,,,,,,,,,,,,true,false,12,2018-04-01,2019-03-31,-1
2020-01-31,19590,2019-03-31,3,,,,,,,,,,,,,,,,,,,,,,,,,,,,,100.00,,,,71165783,19331,,false,false,12,2018-04-01,2019-03-31,-1
2020-01-31,19590,2020-03-31,3,,,,,,,,,,,,,,,,,,,,,,,,,,,,,50.00,,,,,,,false,false,12,2019-04-01,2020-03-31,0
2020-01-31,19590,2020-03-31,3,,,,,,,,,,,,,,,,,,,,,,,,,,,,,100.00,,,,,,,false,true,12,2019-04-01,2020-03-31,0
2020-01-31,19590,2020-03-31,3,,,,,,,,,,,,,,,,,,,,,,,,,,,,,,,,,70864961,18746,70959757,false,false,9,2019-04-01,2019-12-31,0
2020-01-31,19590,2019-03-31,3,,,,,,,,,,,,,,,,,,,,,,,,,,,,,,,,,,,71143062,false,false,9,2018-04-01,2018-12-31,-1
2020-04-28,19590,2020-03-31,,428939000000,0.051,,,,,36022000000,-0.020,38643000000,-0.032,,26245000000,,370.00,,0.140,0.106,0.084,,368482000000,197442000000,0.531,2761.07,195611000000,38222000000,-12136000000,-11250000000,54964000000,,0.270,,,,,,true,false,12,2019-04-01,2020-03-31,0
2020-04-28,19590,2019-03-31,,408143000000,0.131,,,,,36747000000,0.058,39924000000,0.069,,26691000000,,375.17,,0.156,0.117,0.090,,357271000000,182176000000,0.505,2534.46,180317000000,26054000000,-11298000000,-9021000000,40192000000,,0.267,,,,,,true,false,12,2018-04-01,2019-03-31,-1
2020-04-28,19590,2020-03-31,,365128000000,0.037,,,,,29543000000,-0.074,31980000000,-0.081,19225000000,,-0.175,270.97,,,,,,328909000000,171239000000,0.521,2416.43,171239000000,,,,,100.00,,,,70864961,18870,70933527,false,false,12,2019-04-01,2020-03-31,0
2020-04-28,19590,2019-03-31,,352007000000,0.079,,,,,31912000000,0.048,34783000000,0.038,23296000000,,-0.024,327.37,,,,,,325316000000,162924000000,0.501,2289.39,162924000000,,,,,100.00,,,,71165783,19331,71143861,false,false,12,2018-04-01,2019-03-31,-1
2020-04-28,19590,2021-03-31,,,,,,,,,,,,,,,,,,,,,,,,,,,,,,100.00,,,,,,,false,true,12,2020-04-01,2021-03-31,1
2020-07-31,19590,2021-03-31,1,79439000000,-0.051,,,,,3862000000,-0.174,4655000000,-0.138,,3119000000,,44.03,,,,,,346805000000,197793000000,0.565,,196025000000,,,,,,,,,,,,true,false,3,2020-04-01,2020-06-30,0
2020-07-31,19590,2020-03-31,1,83747000000,0.183,,,,,4674000000,0.591,5399000000,0.515,,3843000000,,54.03,,,,,,,,,,,,,,,,,,,,,,true,false,3,2019-04-01,2019-06-30,-1
2020-07-31,19590,2021-03-31,1,413000000000,-0.037,,,,,32000000000,-0.112,34000000000,-0.120,,22500000000,,317.59,,,,,,,,,,,,,,,,,,,,,,true,true,12,2020-04-01,2021-03-31,0
2020-07-31,19590,2020-03-31,1,,,,,,,,,,,,,,,,,,,,368482000000,197442000000,0.531,,195611000000,,,,,,,,,,,,true,false,12,2019-04-01,2020-03-31,-1
2020-07-31,19590,2020-03-31,1,,,,,,,,,,,,,,,,,,,,,,,,,,,,,100.00,,,,70864961,18870,,false,false,12,2019-04-01,2020-03-31,-1
2020-07-31,19590,2021-03-31,1,,,,,,,,,,,,,,,,,,,,,,,,,,,,,100.00,,,,,,,false,true,12,2020-04-01,2021-03-31,0
2020-07-31,19590,2021-03-31,1,,,,,,,,,,,,,,,,,,,,,,,,,,,,,,,,,70864961,18890,70846081,false,false,3,2020-04-01,2020-06-30,0
2020-07-31,19590,2020-03-31,1,,,,,,,,,,,,,,,,,,,,,,,,,,,,,,,,,,,71129990,false,false,3,2019-04-01,2019-06-30,-1
2020-10-30,19590,2021-03-31,2,180101000000,-0.081,,,,,11244000000,-0.186,12533000000,-0.174,,8286000000,,116.97,,,,,,338304000000,203063000000,0.595,,201268000000,,,,,,,,,,,,true,false,6,2020-04-01,2020-09-30,0
2020-10-30,19590,2020-03-31,2,195870000000,0.186,,,,,13820000000,0.270,15179000000,0.221,,10471000000,,147.47,,,,,,,,,,,,,,,,,,,,,,true,false,6,2019-04-01,2019-09-30,-1
2020-10-30,19590,2021-03-31,2,413000000000,-0.037,,,,,32000000000,-0.112,34000000000,-0.120,,22500000000,,317.59,,,,,,,,,,,,,,,,,,,,,,true,true,12,2020-04-01,2021-03-31,0
2020-10-30,19590,2020-03-31,2,,,,,,,,,,,,,,,,,,,,368482000000,197442000000,0.531,,195611000000,,,,,,,,,,,,true,false,12,2019-04-01,2020-03-31,-1
2020-10-30,19590,2020-03-31,2,,,,,,,,,,,,,,,,,,,,,,,,,,,,,100.00,,,,70864961,18870,,false,false,12,2019-04-01,2020-03-31,-1
2020-10-30,19590,2021-03-31,2,,,,,,,,,,,,,,,,,,,,,,,,,,,,,50.00,,,,,,,false,false,12,2020-04-01,2021-03-31,0
2020-10-30,19590,2021-03-31,2,,,,,,,,,,,,,,,,,,,,,,,,,,,,,100.00,,,,,,,false,true,12,2020-04-01,2021-03-31,0
2020-10-30,19590,2021-03-31,2,,,,,,,,,,,,,,,,,,,,,,,,,,,,,,,,,70864961,18920,70846064,false,false,6,2020-04-01,2020-09-30,0
2020-10-30,19590,2020-03-31,2,,,,,,,,,,,,,,,,,,,,,,,,,,,,,,,,,,,71008406,false,false,6,2019-04-01,2019-09-30,-1
2021-01-29,19590,2021-03-31,3,266597000000,-0.047,,,,,18898000000,0.007,20940000000,-0.006,,13845000000,,195.43,,,,,,352675000000,207221000000,0.582,,205409000000,,,,,,,,,,,,true,false,9,2020-04-01,2020-12-31,0
2021-01-29,19590,2020-03-31,3,279872000000,0.110,,,,,18761000000,0.107,21057000000,0.092,,14319000000,,201.80,,,,,,,,,,,,,,,,,,,,,,true,false,9,2019-04-01,2019-12-31,-1
2021-01-29,19590,2021-03-31,3,413000000000,-0.037,,,,,32000000000,-0.112,34000000000,-0.120,,22500000000,,317.59,,,,,,,,,,,,,,,,,,,,,,true,true,12,2020-04-01,2021-03-31,0
2021-01-29,19590,2020-03-31,3,,,,,,,,,,,,,,,,,,,,368482000000,197442000000,0.531,,195611000000,,,,,,,,,,,,true,false,12,2019-04-01,2020-03-31,-1
2021-01-29,19590,2020-03-31,3,,,,,,,,,,,,,,,,,,,,,,,,,,,,,100.00,,,,70864961,18870,,false,false,12,2019-04-01,2020-03-31,-1
2021-01-29,19590,2021-03-31,3,,,,,,,,,,,,,,,,,,,,,,,,,,,,,50.00,,,,,,,false,false,12,2020-04-01,2021-03-31,0
2021-01-29,19590,2021-03-31,3,,,,,,,,,,,,,,,,,,,,,,,,,,,,,100.00,,,,,,,false,true,12,2020-04-01,2021-03-31,0
2021-01-29,19590,2021-03-31,3,,,,,,,,,,,,,,,,,,,,,,,,,,,,,,,,,70864961,18974,70846049,false,false,9,2020-04-01,2020-12-31,0
2021-01-29,19590,2020-03-31,3,,,,,,,,,,,,,,,,,,,,,,,,,,,,,,,,,,,70959757,false,false,9,2019-04-01,2019-12-31,-1
2021-04-28,19590,2021-03-31,,391901000000,-0.086,,,,,32998000000,-0.084,35906000000,-0.071,,25042000000,,353.48,,0.121,0.098,0.084,,366532000000,221741000000,0.600,3102.61,219807000000,9184000000,-4232000000,-10064000000,49800000000,,0.283,,,,,,true,false,12,2020-04-01,2021-03-31,0
2021-04-28,19590,2020-03-31,,428939000000,0.051,,,,,36022000000,-0.020,38643000000,-0.032,,26245000000,,370.00,,0.140,0.106,0.084,,368482000000,197442000000,0.531,2761.07,195611000000,38222000000,-12136000000,-11250000000,54964000000,,0.270,,,,,,true,false,12,2019-04-01,2020-03-31,-1
2021-04-28,19590,2022-03-31,,410000000000,0.046,,,,,35000000000,0.061,37700000000,0.050,,25500000000,,359.94,,,,,,,,,,,,,,,,0.278,,,,,,true,true,12,2021-04-01,2022-03-31,1
2021-04-28,19590,2021-03-31,,337432000000,-0.076,,,,,26040000000,-0.119,28308000000,-0.115,20393000000,,0.061,287.79,,,,,,332457000000,187678000000,0.565,2648.40,187678000000,,,,,100.00,,,,70864961,19025,70846026,false,false,12,2020-04-01,2021-03-31,0
2021-04-28,19590,2020-03-31,,365128000000,0.037,,,,,29543000000,-0.074,31980000000,-0.081,19225000000,,-0.175,270.97,,,,,,328909000000,171239000000,0.521,2416.43,171239000000,,,,,100.00,,,,70864961,18870,70933527,false,false,12,2019-04-01,2020-03-31,-1
2021-04-28,19590,2022-03-31,,,,,,,,,,,,,,,,,,,,,,,,,,,,,,100.00,,,,,,,false,true,12,2021-04-01,2022-03-31,1
2021-07-29,19590,2022-03-31,1,70690000000,-0.110,,,,,4323000000,0.119,5045000000,0.084,,3808000000,,53.75,,,,,,341206000000,220413000000,0.640,,218459000000,,,,,,,,,,,,true,false,3,2021-04-01,2021-06-30,0
2021-07-29,19590,2021-03-31,1,79439000000,-0.051,,,,,3862000000,-0.174,4655000000,-0.138,,3119000000,,44.03,,,,,,,,,,,,,,,,,,,,,,true,false,3,2020-04-01,2020-06-30,-1
2021-07-29,19590,2022-03-31,1,410000000000,0.046,,,,,35000000000,0.061,37700000000,0.050,,25500000000,,359.94,,,,,,,,,,,,,,,,,,,,,,true,true,12,2021-04-01,2022-03-31,0
2021-07-29,19590,2021-03-31,1,,,,,,,,,,,,,,,,,,,,366532000000,221741000000,0.600,,219807000000,,,,,,,,,,,,true,false,12,2020-04-01,2021-03-31,-1
2021-07-29,19590,2021-03-31,1,,,,,,,,,,,,,,,,,,,,,,,,,,,,,100.00,,,,70864961,19025,,false,false,12,2020-04-01,2021-03-31,-1
2021-07-29,19590,2022-03-31,1,,,,,,,,,,,,,,,,,,,,,,,,,,,,,100.00,,,,,,,false,true,12,2021-04-01,2022-03-31,0
2021-07-29,19590,2022-03-31,1,,,,,,,,,,,,,,,,,,,,,,,,,,,,,,,,,70864961,19045,70845931,false,false,3,2021-04-01,2021-06-30,0
2021-07-29,19590,2021-03-31,1,,,,,,,,,,,,,,,,,,,,,,,,,,,,,,,,,,,70846081,false,false,3,2020-04-01,2020-06-30,-1
2021-10-28,19590,2022-03-31,2,158194000000,-0.122,,,,,11658000000,0.037,13579000000,0.083,,9843000000,,138.94,,,,,,341421000000,227104000000,0.659,,225156000000,,,,,,,,,,,,true,false,6,2021-04-01,2021-09-30,0
2021-10-28,19590,2021-03-31,2,180101000000,-0.081,,,,,11244000000,-0.186,12533000000,-0.174,,8286000000,,116.97,,,,,,,,,,,,,,,,,,,,,,true,false,6,2020-04-01,2020-09-30,-1
2021-10-28,19590,2022-03-31,2,410000000000,0.046,,,,,35000000000,0.061,37700000000,0.050,,25500000000,,359.94,,,,,,,,,,,,,,,,,,,,,,true,true,12,2021-04-01,2022-03-31,0
2021-10-28,19590,2021-03-31,2,,,,,,,,,,,,,,,,,,,,366532000000,221741000000,0.600,,219807000000,,,,,,,,,,,,true,false,12,2020-04-01,2021-03-31,-1
2021-10-28,19590,2021-03-31,2,,,,,,,,,,,,,,,,,,,,,,,,,,,,,100.00,,,,70864961,19025,,false,false,12,2020-04-01,2021-03-31,-1
2021-10-28,19590,2022-03-31,2,,,,,,,,,,,,,,,,,,,,,,,,,,,,,50.00,,,,,,,false,false,12,2021-04-01,2022-03-31,0
2021-10-28,19590,2022-03-31,2,,,,,,,,,,,,,,,,,,,,,,,,,,,,,100.00,,,,,,,false,true,12,2021-04-01,2022-03-31,0
2021-10-28,19590,2022-03-31,2,,,,,,,,,,,,,,,,,,,,,,,,,,,,,,,,,70864961,19153,70845886,false,false,6,2021-04-01,2021-09-30,0
2021-10-28,19590,2021-03-31,2,,,,,,,,,,,,,,,,,,,,,,,,,,,,,,,,,,,70846064,false,false,6,2020-04-01,2020-09-30,-1
2022-01-28,19590,2022-03-31,3,241283000000,-0.095,,,,,16741000000,-0.114,19402000000,-0.073,,13787000000,,194.62,,,,,,348168000000,226593000000,0.645,,224618000000,,,,,,,,,,,,true,false,9,2021-04-01,2021-12-31,0
2022-01-28,19590,2021-03-31,3,266597000000,-0.047,,,,,18898000000,0.007,20940000000,-0.006,,13845000000,,195.43,,,,,,,,,,,,,,,,,,,,,,true,false,9,2020-04-01,2020-12-31,-1
2022-01-28,19590,2022-03-31,3,410000000000,0.046,,,,,35000000000,0.061,37700000000,0.050,,25500000000,,359.94,,,,,,,,,,,,,,,,,,,,,,true,true,12,2021-04-01,2022-03-31,0
2022-01-28,19590,2021-03-31,3,,,,,,,,,,,,,,,,,,,,366532000000,221741000000,0.600,,219807000000,,,,,,,,,,,,true,false,12,2020-04-01,2021-03-31,-1
2022-01-28,19590,2021-03-31,3,,,,,,,,,,,,,,,,,,,,,,,,,,,,,100.00,,,,70864961,19025,,false,false,12,2020-04-01,2021-03-31,-1
2022-01-28,19590,2022-03-31,3,,,,,,,,,,,,,,,,,,,,,,,,,,,,,50.00,,,,,,,false,false,12,2021-04-01,2022-03-31,0
2022-01-28,19590,2022-03-31,3,,,,,,,,,,,,,,,,,,,,,,,,,,,,,100.00,,,,,,,false,true,12,2021-04-01,2022-03-31,0
2022-01-28,19590,2022-03-31,3,,,,,,,,,,,,,,,,,,,,,,,,,,,,,,,,,70864961,19272,70845834,false,false,9,2021-04-01,2021-12-31,0
2022-01-28,19590,2021-03-31,3,,,,,,,,,,,,,,,,,,,,,,,,,,,,,,,,,,,70846049,false,false,9,2020-04-01,2020-12-31,-1
2022-04-28,19590,2022-03-31,,376563000000,-0.039,,,,,33137000000,0.004,36828000000,0.026,,26216000000,,370.05,,0.114,0.099,0.088,,378396000000,241194000000,0.632,3375.43,239134000000,5252000000,-7536000000,-10191000000,37791000000,,0.270,,,,,,true,false,12,2021-04-01,2022-03-31,0
2022-04-28,19590,2021-03-31,,391901000000,-0.086,,,,,32998000000,-0.084,35906000000,-0.071,,25042000000,,353.48,,0.121,0.098,0.084,,366532000000,221741000000,0.600,3102.61,219807000000,9184000000,-4232000000,-10064000000,49800000000,,0.283,,,,,,true,false,12,2020-04-01,2021-03-31,-1
2022-04-28,19590,2023-03-31,,460000000000,0.222,,,,,34500000000,0.041,37000000000,0.005,,25000000000,,352.88,,,,,,,,,,,,,,,,0.283,,,,,,true,true,12,2022-04-01,2023-03-31,1
2022-04-28,19590,2022-03-31,,322568000000,-0.044,,,,,26527000000,0.019,28822000000,0.018,20690000000,,0.015,291.97,,,,,,336952000000,199176000000,0.591,2810.67,199176000000,,,,,100.00,,,,70864961,19332,70845795,false,false,12,2021-04-01,2022-03-31,0
2022-04-28,19590,2021-03-31,,337432000000,-0.076,,,,,26040000000,-0.119,28308000000,-0.115,20393000000,,0.061,287.79,,,,,,332457000000,187678000000,0.565,2648.40,187678000000,,,,,100.00,,,,70864961,19025,70846026,false,false,12,2020-04-01,2021-03-31,-1
2022-04-28,19590,2023-03-31,,,,,,,,,,,,,,,,,,,,,,,,,,,,,,100.00,,,,,,,false,true,12,2022-04-01,2023-03-31,1
2022-07-27,19590,2023-03-31,1,69089000000,-0.023,,,,,2918000000,-0.325,3799000000,-0.247,,2356000000,,33.26,,,,,,359674000000,240783000000,0.664,,238706000000,,,,,,,,,,,,true,false,3,2022-04-01,2022-06-30,0
2022-07-27,19590,2022-03-31,1,70690000000,-0.110,,,,,4323000000,0.119,5045000000,0.084,,3808000000,,53.75,,,,,,,,,,,,,,,,,,,,,,true,false,3,2021-04-01,2021-06-30,-1
2022-07-27,19590,2023-03-31,1,460000000000,0.222,,,,,34500000000,0.041,37000000000,0.005,,25000000000,,352.88,,,,,,,,,,,,,,,,,,,,,,true,true,12,2022-04-01,2023-03-31,0
2022-07-27,19590,2022-03-31,1,,,,,,,,,,,,,,,,,,,,378396000000,241194000000,0.632,,239134000000,,,,,,,,,,,,true,false,12,2021-04-01,2022-03-31,-1
2022-07-27,19590,2022-03-31,1,,,,,,,,,,,,,,,,,,,,,,,,,,,,,100.00,,,,70864961,19332,,false,false,12,2021-04-01,2022-03-31,-1
2022-07-27,19590,2023-03-31,1,,,,,,,,,,,,,,,,,,,,,,,,,,,,,100.00,,,,,,,false,true,12,2022-04-01,2023-03-31,0
2022-07-27,19590,2023-03-31,1,,,,,,,,,,,,,,,,,,,,,,,,,,,,,,,,,70864961,19475,70845541,false,false,3,2022-04-01,2022-06-30,0
2022-07-27,19590,2022-03-31,1,,,,,,,,,,,,,,,,,,,,,,,,,,,,,,,,,,,70845931,false,false,3,2021-04-01,2021-06-30,-1
2022-10-26,19590,2023-03-31,2,168522000000,0.065,,,,,10315000000,-0.115,12015000000,-0.115,,11116000000,,156.92,,,,,,373595000000,250104000000,0.664,,247993000000,,,,,,,,,,,,true,false,6,2022-04-01,2022-09-30,0
2022-10-26,19590,2022-03-31,2,158194000000,-0.122,,,,,11658000000,0.037,13579000000,0.083,,9843000000,,138.94,,,,,,,,,,,,,,,,,,,,,,true,false,6,2021-04-01,2021-09-30,-1
2022-10-26,19590,2023-03-31,2,460000000000,0.222,,,,,34500000000,0.041,37000000000,0.005,,25000000000,,352.88,,,,,,,,,,,,,,,,,,,,,,true,true,12,2022-04-01,2023-03-31,0
2022-10-26,19590,2022-03-31,2,,,,,,,,,,,,,,,,,,,,378396000000,241194000000,0.632,,239134000000,,,,,,,,,,,,true,false,12,2021-04-01,2022-03-31,-1
2022-10-26,19590,2022-03-31,2,,,,,,,,,,,,,,,,,,,,,,,,,,,,,100.00,,,,70864961,19332,,false,false,12,2021-04-01,2022-03-31,-1
2022-10-26,19590,2023-03-31,2,,,,,,,,,,,,,,,,,,,,,,,,,,,,,50.00,,,,,,,false,false,12,2022-04-01,2023-03-31,0
2022-10-26,19590,2023-03-31,2,,,,,,,,,,,,,,,,,,,,,,,,,,,,,100.00,,,,,,,false,true,12,2022-04-01,2023-03-31,0
2022-10-26,19590,2023-03-31,2,,,,,,,,,,,,,,,,,,,,,,,,,,,,,,,,,70804961,19485,70845515,false,false,6,2022-04-01,2022-09-30,0
2022-10-26,19590,2022-03-31,2,,,,,,,,,,,,,,,,,,,,,,,,,,,,,,,,,,,70845886,false,false,6,2021-04-01,2021-09-30,-1
2022-10-26,19590,2023-03-31,2,168522000000,0.065,,,,,10315000000,-0.115,12015000000,-0.115,,11116000000,,156.92,,,,,,373595000000,250104000000,0.664,,247993000000,,,,,,,,,,,,true,false,6,2022-04-01,2022-09-30,0
2022-10-26,19590,2022-03-31,2,158194000000,-0.122,,,,,11658000000,0.037,13579000000,0.083,,9843000000,,138.94,,,,,,,,,,,,,,,,,,,,,,true,false,6,2021-04-01,2021-09-30,-1
2022-10-26,19590,2023-03-31,2,460000000000,0.222,,,,,34500000000,0.041,37000000000,0.005,,25000000000,,352.88,,,,,,,,,,,,,,,,,,,,,,true,true,12,2022-04-01,2023-03-31,0
2022-10-26,19590,2022-03-31,2,,,,,,,,,,,,,,,,,,,,378396000000,241194000000,0.632,,239134000000,,,,,,,,,,,,true,false,12,2021-04-01,2022-03-31,-1
2022-10-26,19590,2022-03-31,2,,,,,,,,,,,,,,,,,,,,,,,,,,,,,100.00,,,,70864961,19332,,false,false,12,2021-04-01,2022-03-31,-1
2022-10-26,19590,2023-03-31,2,,,,,,,,,,,,,,,,,,,,,,,,,,,,,50.00,,,,,,,false,false,12,2022-04-01,2023-03-31,0
2022-10-26,19590,2023-03-31,2,,,,,,,,,,,,,,,,,,,,,,,,,,,,,100.00,,,,,,,false,true,12,2022-04-01,2023-03-31,0
2022-10-26,19590,2023-03-31,2,,,,,,,,,,,,,,,,,,,,,,,,,,,,,,,,,70864961,19485,70845515,false,false,6,2022-04-01,2022-09-30,0
2022-10-26,19590,2022-03-31,2,,,,,,,,,,,,,,,,,,,,,,,,,,,,,,,,,,,70845886,false,false,6,2021-04-01,2021-09-30,-1
2023-01-31,19590,2023-03-31,3,251255000000,0.041,,,,,15612000000,-0.065,18257000000,-0.057,,14844000000,,209.53,,,,,,423313000000,251038000000,0.588,,248952000000,,,,,,,,,,,,true,false,9,2022-04-01,2022-12-31,0
2023-01-31,19590,2022-03-31,3,241283000000,-0.095,,,,,16694000000,-0.117,19354000000,-0.076,,13773000000,,194.41,,,,,,,,,,,,,,,,,,,,,,true,false,9,2021-04-01,2021-12-31,-1
2023-01-31,19590,2023-03-31,3,400000000000,0.062,,,,,32500000000,-0.019,35000000000,-0.050,,26000000000,,367.00,,,,,,,,,,,,,,,,,,,,,,true,true,12,2022-04-01,2023-03-31,0
2023-01-31,19590,2022-03-31,3,,,,,,,,,,,,,,,,,,,,378396000000,241194000000,0.632,,239134000000,,,,,,,,,,,,true,false,12,2021-04-01,2022-03-31,-1
2023-01-31,19590,2022-03-31,3,,,,,,,,,,,,,,,,,,,,,,,,,,,,,100.00,,,,70864961,19332,,false,false,12,2021-04-01,2022-03-31,-1
2023-01-31,19590,2023-03-31,3,,,,,,,,,,,,,,,,,,,,,,,,,,,,,50.00,,,,,,,false,false,12,2022-04-01,2023-03-31,0
2023-01-31,19590,2023-03-31,3,,,,,,,,,,,,,,,,,,,,,,,,,,,,,100.00,,,,,,,false,true,12,2022-04-01,2023-03-31,0
2023-01-31,19590,2023-03-31,3,,,,,,,,,,,,,,,,,,,,,,,,,,,,,,,,,70864961,19652,70845465,false,false,9,2022-04-01,2022-12-31,0
2023-01-31,19590,2022-03-31,3,,,,,,,,,,,,,,,,,,,,,,,,,,,,,,,,,,,70845834,false,false,9,2021-04-01,2021-12-31,-1
2023-04-28,19590,2023-03-31,,395783000000,0.051,,,,,32083000000,-0.032,35462000000,-0.037,,26349000000,,371.93,,0.105,0.086,0.081,,446410000000,263017000000,0.584,3681.85,260841000000,17386000000,-3113000000,11615000000,63851000000,,0.296,,,,,,true,false,12,2022-04-01,2023-03-31,0
2023-04-28,19590,2022-03-31,,376563000000,-0.039,,,,,33137000000,0.004,36828000000,0.026,,26216000000,,370.05,,0.114,0.099,0.088,,378396000000,241194000000,0.632,3375.43,239134000000,5252000000,-7536000000,-10191000000,37791000000,,0.270,,,,,,true,false,12,2021-04-01,2022-03-31,-1
2023-04-28,19590,2024-03-31,,460000000000,0.162,,,,,35500000000,0.107,38000000000,0.072,,26500000000,,374.05,,,,,,,,,,,,,,,,0.294,,,,,,true,true,12,2023-04-01,2024-03-31,1
2023-04-28,19590,2023-03-31,,333007000000,0.032,,,,,25305000000,-0.046,28126000000,-0.024,21806000000,,0.054,307.73,,,,,,395807000000,214457000000,0.542,3026.33,214457000000,,,,,110.00,,,,70864961,19743,70845420,false,false,12,2022-04-01,2023-03-31,0
2023-04-28,19590,2022-03-31,,322568000000,-0.044,,,,,26527000000,0.019,28822000000,0.018,20690000000,,0.015,291.97,,,,,,336952000000,199176000000,0.591,2810.67,199176000000,,,,,100.00,,,,70864961,19332,70845795,false,false,12,2021-04-01,2022-03-31,-1
2023-04-28,19590,2024-03-31,,,,,,,,,,,,,,,,,,,,,,,,,,,,,,110.00,,,,,,,false,true,12,2023-04-01,2024-03-31,1
2023-07-26,19590,2024-03-31,1,86242000000,0.248,,,,,4808000000,0.648,6294000000,0.657,,4254000000,,60.05,,,,,,444004000000,264738000000,0.591,,262560000000,,,,,,,,,,,,true,false,3,2023-04-01,2023-06-30,0
2023-07-26,19590,2023-03-31,1,69089000000,-0.023,,,,,2918000000,-0.325,3799000000,-0.247,,2356000000,,33.26,,,,,,,,,,,,,,,,,,,,,,true,false,3,2022-04-01,2022-06-30,-1
2023-07-26,19590,2024-03-31,1,460000000000,0.162,,,,,35500000000,0.107,38000000000,0.072,,26500000000,,374.05,,,,,,,,,,,,,,,,,,,,,,true,true,12,2023-04-01,2024-03-31,0
2023-07-26,19590,2023-03-31,1,,,,,,,,,,,,,,,,,,,,446410000000,263017000000,0.584,,260841000000,,,,,,,,,,,,true,false,12,2022-04-01,2023-03-31,-1
2023-07-26,19590,2023-03-31,1,,,,,,,,,,,,,,,,,,,,,,,,,,,,,110.00,,,,70864961,19743,,false,false,12,2022-04-01,2023-03-31,-1
2023-07-26,19590,2024-03-31,1,,,,,,,,,,,,,,,,,,,,,,,,,,,,,110.00,,,,,,,false,true,12,2023-04-01,2024-03-31,0
2023-07-26,19590,2024-03-31,1,,,,,,,,,,,,,,,,,,,,,,,,,,,,,,,,,70864961,19856,70845160,false,false,3,2023-04-01,2023-06-30,0
2023-07-26,19590,2023-03-31,1,,,,,,,,,,,,,,,,,,,,,,,,,,,,,,,,,,,70845541,false,false,3,2022-04-01,2022-06-30,-1
2023-10-27,19590,2024-03-31,2,200617000000,0.190,,,,,13692000000,0.327,15766000000,0.312,,10160000000,,143.49,,,,,,456758000000,272136000000,0.591,,269921000000,,,,,,,,,,,,true,false,6,2023-04-01,2023-09-30,0
2023-10-27,19590,2023-03-31,2,168522000000,0.065,,,,,10315000000,-0.115,12015000000,-0.115,,11116000000,,156.92,,,,,,,,,,,,,,,,,,,,,,true,false,6,2022-04-01,2022-09-30,-1
2023-10-27,19590,2024-03-31,2,460000000000,0.162,,,,,35500000000,0.107,38000000000,0.072,,26500000000,,374.05,,,,,,,,,,,,,,,,,,,,,,true,true,12,2023-04-01,2024-03-31,0
2023-10-27,19590,2023-03-31,2,,,,,,,,,,,,,,,,,,,,446410000000,263017000000,0.584,,260841000000,,,,,,,,,,,,true,false,12,2022-04-01,2023-03-31,-1
2023-10-27,19590,2023-03-31,2,,,,,,,,,,,,,,,,,,,,,,,,,,,,,110.00,,,,70864961,19743,,false,false,12,2022-04-01,2023-03-31,-1
2023-10-27,19590,2024-03-31,2,,,,,,,,,,,,,,,,,,,,,,,,,,,,,55.00,,,,,,,false,false,12,2023-04-01,2024-03-31,0
2023-10-27,19590,2024-03-31,2,,,,,,,,,,,,,,,,,,,,,,,,,,,,,110.00,,,,,,,false,true,12,2023-04-01,2024-03-31,0
2023-10-27,19590,2024-03-31,2,,,,,,,,,,,,,,,,,,,,,,,,,,,,,,,,,70864961,135888,70811988,false,false,6,2023-04-01,2023-09-30,0
2023-10-27,19590,2023-03-31,2,,,,,,,,,,,,,,,,,,,,,,,,,,,,,,,,,,,70845515,false,false,6,2022-04-01,2022-09-30,-1
2024-01-29,19590,2024-03-31,3,315067000000,0.254,,,,,23225000000,0.488,26271000000,0.439,,17050000000,,240.87,,,,,,467450000000,275042000000,0.584,,272812000000,,,,,,,,,,,,true,false,9,2023-04-01,2023-12-31,0
2024-01-29,19590,2023-03-31,3,251255000000,0.041,,,,,15612000000,-0.065,18257000000,-0.057,,14844000000,,209.53,,,,,,,,,,,,,,,,,,,,,,true,false,9,2022-04-01,2022-12-31,-1
2024-01-29,19590,2024-03-31,3,460000000000,0.162,,,,,35500000000,0.107,38000000000,0.072,,26500000000,,374.43,,,,,,,,,,,,,,,,,,,,,,true,true,12,2023-04-01,2024-03-31,0
2024-01-29,19590,2023-03-31,3,,,,,,,,,,,,,,,,,,,,446410000000,263017000000,0.584,,260841000000,,,,,,,,,,,,true,false,12,2022-04-01,2023-03-31,-1
2024-01-29,19590,2023-03-31,3,,,,,,,,,,,,,,,,,,,,,,,,,,,,,110.00,,,,70864961,19743,,false,false,12,2022-04-01,2023-03-31,-1
2024-01-29,19590,2024-03-31,3,,,,,,,,,,,,,,,,,,,,,,,,,,,,,55.00,,,,,,,false,false,12,2023-04-01,2024-03-31,0
2024-01-29,19590,2024-03-31,3,,,,,,,,,,,,,,,,,,,,,,,,,,,,,110.00,,,,,,,false,true,12,2023-04-01,2024-03-31,0
2024-01-29,19590,2024-03-31,3,,,,,,,,,,,,,,,,,,,,,,,,,,,,,,,,,70864961,136112,70787075,false,false,9,2023-04-01,2023-12-31,0
2024-01-29,19590,2023-03-31,3,,,,,,,,,,,,,,,,,,,,,,,,,,,,,,,,,,,70845465,false,false,9,2022-04-01,2022-12-31,-1
2024-04-26,19590,2024-03-31,,469057000000,0.185,,,,,38016000000,0.185,42362000000,0.195,,28017000000,,395.87,,0.102,0.089,0.081,,503284000000,291125000000,0.574,4082.95,288781000000,43969000000,-2314000000,-11032000000,94588000000,,0.303,,,,,,true,false,12,2023-04-01,2024-03-31,0
2024-04-26,19590,2023-03-31,,395783000000,0.051,,,,,32083000000,-0.032,35462000000,-0.037,,26349000000,,371.93,,0.105,0.086,0.081,,446410000000,263017000000,0.584,3681.85,260841000000,17386000000,-3113000000,11615000000,63851000000,,0.296,,,,,,true,false,12,2022-04-01,2023-03-31,-1
2024-04-26,19590,2025-03-31,,500000000000,0.066,,,,,39500000000,0.039,43000000000,0.015,,29000000000,,410.02,,,,,,,,,,,,,,,,0.317,,,,,,true,true,12,2024-04-01,2025-03-31,1
2024-04-26,19590,2024-03-31,,404832000000,0.216,,,,,30125000000,0.190,33758000000,0.200,21766000000,,-0.002,307.46,,,,,,447058000000,232817000000,0.521,3290.83,232817000000,,,,,120.00,,,,70864961,136282,70773609,false,false,12,2023-04-01,2024-03-31,0
2024-04-26,19590,2023-03-31,,333007000000,0.032,,,,,25305000000,-0.046,28126000000,-0.024,21806000000,,0.054,307.73,,,,,,395807000000,214457000000,0.542,3026.33,214457000000,,,,,110.00,,,,70864961,19743,70845420,false,false,12,2022-04-01,2023-03-31,-1
2024-04-26,19590,2025-03-31,,,,,,,,,,,,,,,,,,,,,,,,,,,,,,130.00,,,,,,,false,true,12,2024-04-01,2025-03-31,1
2024-07-29,19590,2025-03-31,1,107205000000,0.243,,,,,10263000000,1.134,11147000000,0.771,,7758000000,,109.69,,,,,,476130000000,294438000000,0.613,,292059000000,,,,,,,,,,,,true,false,3,2024-04-01,2024-06-30,0
2024-07-29,19590,2024-03-31,1,86242000000,0.248,,,,,4808000000,0.648,6294000000,0.657,,4254000000,,60.05,,,,,,,,,,,,,,,,,,,,,,true,false,3,2023-04-01,2023-06-30,-1
2024-07-29,19590,2025-03-31,1,500000000000,0.066,,,,,39500000000,0.039,43000000000,0.015,,29000000000,,410.01,,,,,,,,,,,,,,,,,,,,,,true,true,12,2024-04-01,2025-03-31,0
2024-07-29,19590,2024-03-31,1,,,,,,,,,,,,,,,,,,,,503284000000,291125000000,0.574,,288781000000,,,,,,,,,,,,true,false,12,2023-04-01,2024-03-31,-1
2024-07-29,19590,2024-03-31,1,,,,,,,,,,,,,,,,,,,,,,,,,,,,,120.00,,,,70864961,136282,,false,false,12,2023-04-01,2024-03-31,-1
2024-07-29,19590,2025-03-31,1,,,,,,,,,,,,,,,,,,,,,,,,,,,,,130.00,,,,,,,false,true,12,2024-04-01,2025-03-31,0
2024-07-29,19590,2025-03-31,1,,,,,,,,,,,,,,,,,,,,,,,,,,,,,,,,,70864961,133985,70729843,false,false,3,2024-04-01,2024-06-30,0
2024-07-29,19590,2024-03-31,1,,,,,,,,,,,,,,,,,,,,,,,,,,,,,,,,,,,70845160,false,false,3,2023-04-01,2023-06-30,-1
2024-10-30,19590,2025-03-31,2,219303000000,0.093,,,,,18254000000,0.333,19896000000,0.262,,13168000000,,186.18,,,,,,465292000000,299719000000,0.639,,297302000000,,,,,,,,,,,,true,false,6,2024-04-01,2024-09-30,0
2024-10-30,19590,2024-03-31,2,200617000000,0.190,,,,,13692000000,0.327,15766000000,0.312,,10160000000,,143.49,,,,,,,,,,,,,,,,,,,,,,true,false,6,2023-04-01,2023-09-30,-1
2024-10-30,19590,2025-03-31,2,500000000000,0.066,,,,,39500000000,0.039,43000000000,0.015,,29000000000,,410.01,,,,,,,,,,,,,,,,,,,,,,true,true,12,2024-04-01,2025-03-31,0
2024-10-30,19590,2024-03-31,2,,,,,,,,,,,,,,,,,,,,503284000000,291125000000,0.574,,288781000000,,,,,,,,,,,,true,false,12,2023-04-01,2024-03-31,-1
2024-10-30,19590,2024-03-31,2,,,,,,,,,,,,,,,,,,,,,,,,,,,,,120.00,,,,70864961,136282,,false,false,12,2023-04-01,2024-03-31,-1
2024-10-30,19590,2025-03-31,2,,,,,,,,,,,,,,,,,,,,,,,,,,,,,65.00,,,,,,,false,false,12,2024-04-01,2025-03-31,0
2024-10-30,19590,2025-03-31,2,,,,,,,,,,,,,,,,,,,,,,,,,,,,,130.00,,,,,,,false,true,12,2024-04-01,2025-03-31,0
2024-10-30,19590,2025-03-31,2,,,,,,,,,,,,,,,,,,,,,,,,,,,,,,,,,70864961,134339,70730313,false,false,6,2024-04-01,2024-09-30,0
2024-10-30,19590,2024-03-31,2,,,,,,,,,,,,,,,,,,,,,,,,,,,,,,,,,,,70811988,false,false,6,2023-04-01,2023-09-30,-1
2025-01-31,19590,2025-03-31,3,329074000000,0.044,,,,,29470000000,0.269,31744000000,0.208,,20825000000,,294.43,,,,,,461604000000,302740000000,0.652,,300771000000,,,,,,,,,,,,true,false,9,2024-04-01,2024-12-31,0
2025-01-31,19590,2024-03-31,3,315067000000,0.254,,,,,23225000000,0.488,26271000000,0.439,,17050000000,,240.87,,,,,,,,,,,,,,,,,,,,,,true,false,9,2023-04-01,2023-12-31,-1
2025-01-31,19590,2025-03-31,3,470000000000,0.002,,,,,44000000000,0.157,47000000000,0.109,,31000000000,,438.28,,,,,,,,,,,,,,,,,,,,,,true,true,12,2024-04-01,2025-03-31,0
2025-01-31,19590,2024-03-31,3,,,,,,,,,,,,,,,,,,,,503284000000,291125000000,0.574,,288781000000,,,,,,,,,,,,true,false,12,2023-04-01,2024-03-31,-1
2025-01-31,19590,2024-03-31,3,,,,,,,,,,,,,,,,,,,,,,,,,,,,,120.00,,,,70864961,136282,,false,false,12,2023-04-01,2024-03-31,-1
2025-01-31,19590,2025-03-31,3,,,,,,,,,,,,,,,,,,,,,,,,,,,,,65.00,,,,,,,false,false,12,2024-04-01,2025-03-31,0
2025-01-31,19590,2025-03-31,3,,,,,,,,,,,,,,,,,,,,,,,,,,,,,140.00,,,,,,,false,true,12,2024-04-01,2025-03-31,0
2025-01-31,19590,2025-03-31,3,,,,,,,,,,,,,,,,,,,,,,,,,,,,,,,,,70864961,134343,70730405,false,false,9,2024-04-01,2024-12-31,0
2025-01-31,19590,2024-03-31,3,,,,,,,,,,,,,,,,,,,,,,,,,,,,,,,,,,,70787075,false,false,9,2023-04-01,2023-12-31,-1
2025-04-28,19590,2025-03-31,,473954000000,0.010,,,,,41388000000,0.089,44434000000,0.049,,28883000000,,408.36,,0.096,0.090,0.087,,488472000000,312152000000,0.635,4384.30,310104000000,8037000000,-8910000000,-23933000000,70437000000,,0.343,,,,,,true,false,12,2024-04-01,2025-03-31,0
2025-04-28,19590,2024-03-31,,469057000000,0.185,,,,,38016000000,0.185,42362000000,0.195,,28017000000,,395.87,,0.102,0.089,0.081,,503284000000,291125000000,0.574,4082.95,288781000000,43969000000,-2314000000,-11032000000,94588000000,,0.303,,,,,,true,false,12,2023-04-01,2024-03-31,-1
2025-04-28,19590,2026-03-31,,490000000000,0.034,,,,,44500000000,0.075,47500000000,0.069,,32000000000,,452.42,,,,,,,,,,,,,,,,0.398,,,,,,true,true,12,2025-04-01,2026-03-31,1
2025-04-28,19590,2025-03-31,,398602000000,-0.015,,,,,36498000000,0.212,37516000000,0.111,25944000000,,0.192,366.71,,,,,,433384000000,249313000000,0.575,3523.91,249313000000,,,,,140.00,,,,70864961,134473,70730438,false,false,12,2024-04-01,2025-03-31,0
2025-04-28,19590,2024-03-31,,404832000000,0.216,,,,,30125000000,0.190,33758000000,0.200,21766000000,,-0.002,307.46,,,,,,447058000000,232817000000,0.521,3290.83,232817000000,,,,,120.00,,,,70864961,136282,70773609,false,false,12,2023-04-01,2024-03-31,-1
2025-04-28,19590,2026-03-31,,,,,,,,,,,,,,,,,,,,,,,,,,,,,,180.00,,,,,,,false,true,12,2025-04-01,2026-03-31,1
2025-06-23,19590,2025-03-31,,473954000000,0.010,,,,,41388000000,0.089,44434000000,0.049,,28883000000,,408.36,,0.096,0.090,0.087,,488472000000,312152000000,0.635,4384.30,310104000000,8656000000,-8910000000,-24552000000,70437000000,,0.343,,,,,,true,false,12,2024-04-01,2025-03-31,0
2025-06-23,19590,2024-03-31,,469057000000,0.185,,,,,38016000000,0.185,42362000000,0.195,,28017000000,,395.87,,0.102,0.089,0.081,,503284000000,291125000000,0.574,4082.95,288781000000,43969000000,-2314000000,-11032000000,94588000000,,0.303,,,,,,true,false,12,2023-04-01,2024-03-31,-1
2025-06-23,19590,2026-03-31,,490000000000,0.034,,,,,44500000000,0.075,47500000000,0.069,,32000000000,,452.42,,,,,,,,,,,,,,,,0.398,,,,,,true,true,12,2025-04-01,2026-03-31,1
2025-06-23,19590,2025-03-31,,398602000000,-0.015,,,,,36498000000,0.212,37516000000,0.111,25944000000,,0.192,366.71,,,,,,433384000000,249313000000,0.575,3523.91,249313000000,,,,,140.00,,,,70864961,134473,70730438,false,false,12,2024-04-01,2025-03-31,0
2025-06-23,19590,2024-03-31,,404832000000,0.216,,,,,30125000000,0.190,33758000000,0.200,21766000000,,-0.002,307.46,,,,,,447058000000,232817000000,0.521,3290.83,232817000000,,,,,120.00,,,,70864961,136282,70773609,false,false,12,2023-04-01,2024-03-31,-1
2025-06-23,19590,2026-03-31,,,,,,,,,,,,,,,,,,,,,,,,,,,,,,180.00,,,,,,,false,true,12,2025-04-01,2026-03-31,1
