filing_date,code,fiscal_year_end,quarterly_period,net_sales,net_sales_change,revenue,revenue_change,operating_revenue,operating_revenue_change,operating_profit,operating_profit_change,ordinary_profit,ordinary_profit_change,net_income,net_income_of_parent,net_income_change,eps,diluted_eps,roe,roa,operating_profit_to_net_sales,operating_profit_to_revenue,total_assets,net_assets,equity_ratio,bps,owner_equity,operating_cash_flow,investing_cash_flow,financing_cash_flow,cash,dividend_per_share,payout_ratio,commemorative_dividend,extra_dividend,number_of_shares,number_of_treqsury_shares,avg_number_of_shares,is_consolidated,is_forecast,duration,period_start,period_end,period_pos
2015-05-08,19760,2015-03-31,,46873000000,0.070,,,,,5711000000,0.550,6231000000,0.605,4176000000,,0.864,77.68,77.45,0.123,0.121,0.122,,53052000000,35613000000,0.668,666.95,35412000000,6685000000,-120000000,-1475000000,14881000000,,0.103,,,,,,true,false,12,2014-04-01,2015-03-31,0
2015-05-08,19760,2014-03-31,,43813000000,0.052,,,,,3684000000,0.319,3883000000,0.295,2240000000,,0.080,41.17,41.06,0.072,0.081,0.084,,49776000000,32485000000,0.649,593.14,32284000000,4447000000,-970000000,-863000000,9530000000,,0.194,,,,,,true,false,12,2013-04-01,2014-03-31,-1
2015-05-08,19760,2016-03-31,,20000000000,-0.113,,,,,1600000000,-0.363,1650000000,-0.417,,1000000000,,18.60,,,,,,,,,,,,,,,,,,,,,,true,true,6,2015-04-01,2015-09-30,1
2015-05-08,19760,2016-03-31,,44000000000,-0.061,,,,,3900000000,-0.317,4000000000,-0.358,,2500000000,,46.50,,,,,,,,,,,,,,,,0.215,,,,,,true,true,12,2015-04-01,2016-03-31,1
2015-05-08,19760,2015-03-31,,29929000000,-0.050,,,,,3315000000,0.363,4119000000,0.472,2633000000,,0.723,48.98,48.83,,,,,36958000000,26742000000,0.723,503.22,26718000000,,,,,8.00,,,,59386718,6290935,53768151,false,false,12,2014-04-01,2015-03-31,0
2015-05-08,19760,2014-03-31,,31515000000,0.031,,,,,2432000000,0.035,2798000000,0.119,1528000000,,-0.084,28.08,28.00,,,,,36006000000,25487000000,0.707,467.66,25454000000,,,,,8.00,,,,63386718,8956494,54431671,false,false,12,2013-04-01,2014-03-31,-1
2015-05-08,19760,2016-03-31,,14000000000,-0.042,,,,,1200000000,-0.087,1600000000,-0.158,1050000000,,-0.175,19.53,,,,,,,,,,,,,,,,,,,,,,false,true,6,2015-04-01,2015-09-30,1
2015-05-08,19760,2016-03-31,,31500000000,0.052,,,,,3000000000,-0.095,3450000000,-0.162,2200000000,,-0.165,40.92,,,,,,,,,,,,,,,10.00,,,,,,,false,true,12,2015-04-01,2016-03-31,1
2015-05-08,19760,2015-03-31,,46873000000,0.070,,,,,5711000000,0.550,6231000000,0.605,4176000000,,0.864,77.68,77.45,0.123,0.121,0.122,,53052000000,35613000000,0.668,666.95,35412000000,6685000000,-120000000,-1475000000,14881000000,,0.103,,,,,,true,false,12,2014-04-01,2015-03-31,0
2015-05-08,19760,2014-03-31,,43813000000,0.052,,,,,3684000000,0.319,3883000000,0.295,2240000000,,0.080,41.17,41.06,0.072,0.081,0.084,,49776000000,32485000000,0.649,593.14,32284000000,4447000000,-970000000,-863000000,9530000000,,0.194,,,,,,true,false,12,2013-04-01,2014-03-31,-1
2015-05-08,19760,2016-03-31,,20000000000,-0.113,,,,,1600000000,-0.363,1650000000,-0.417,,1000000000,,18.83,,,,,,,,,,,,,,,,,,,,,,true,true,6,2015-04-01,2015-09-30,1
2015-05-08,19760,2016-03-31,,44000000000,-0.061,,,,,3900000000,-0.317,4000000000,-0.358,,2500000000,,47.08,,,,,,,,,,,,,,,,0.212,,,,,,true,true,12,2015-04-01,2016-03-31,1
2015-05-08,19760,2015-03-31,,29929000000,-0.050,,,,,3315000000,0.363,4119000000,0.472,2633000000,,0.723,48.98,48.83,,,,,36958000000,26742000000,0.723,503.22,26718000000,,,,,8.00,,,,59386718,6290935,53768151,false,false,12,2014-04-01,2015-03-31,0
2015-05-08,19760,2014-03-31,,31515000000,0.031,,,,,2432000000,0.035,2798000000,0.119,1528000000,,-0.084,28.08,28.00,,,,,36006000000,25487000000,0.707,467.66,25454000000,,,,,8.00,,,,63386718,8956494,54431671,false,false,12,2013-04-01,2014-03-31,-1
2015-05-08,19760,2016-03-31,,14000000000,-0.042,,,,,1200000000,-0.087,1600000000,-0.158,1050000000,,-0.175,19.78,,,,,,,,,,,,,,,,,,,,,,false,true,6,2015-04-01,2015-09-30,1
2015-05-08,19760,2016-03-31,,31500000000,0.052,,,,,3000000000,-0.095,3450000000,-0.162,2200000000,,-0.165,41.43,,,,,,,,,,,,,,,10.00,,,,,,,false,true,12,2015-04-01,2016-03-31,1
2015-07-31,19760,2016-03-31,1,8902000000,-0.075,,,,,586000000,-0.172,689000000,-0.111,,453000000,,8.53,8.51,,,,,52446000000,35849000000,0.680,671.23,35639000000,,,,,,,,,,,,true,false,3,2015-04-01,2015-06-30,0
2015-07-31,19760,2015-03-31,1,9623000000,0.162,,,,,708000000,0.241,775000000,0.191,,513000000,,9.43,9.40,,,,,,,,,,,,,,,,,,,,,true,false,3,2014-04-01,2014-06-30,-1
2015-07-31,19760,2016-03-31,1,20000000000,-0.113,,,,,1600000000,-0.363,1650000000,-0.417,,1000000000,,18.83,,,,,,,,,,,,,,,,,,,,,,true,true,6,2015-04-01,2015-09-30,0
2015-07-31,19760,2016-03-31,1,44000000000,-0.061,,,,,3900000000,-0.317,4000000000,-0.358,,2500000000,,47.08,,,,,,,,,,,,,,,,,,,,,,true,true,12,2015-04-01,2016-03-31,0
2015-07-31,19760,2015-03-31,1,,,,,,,,,,,,,,,,,,,,53052000000,35613000000,0.668,666.95,35412000000,,,,,,,,,,,,true,false,12,2014-04-01,2015-03-31,-1
2015-07-31,19760,2015-03-31,1,,,,,,,,,,,,,,,,,,,,,,,,,,,,,8.00,,,,59386718,6290935,,false,false,12,2014-04-01,2015-03-31,-1
2015-07-31,19760,2016-03-31,1,,,,,,,,,,,,,,,,,,,,,,,,,,,,,10.00,,,,,,,false,true,12,2015-04-01,2016-03-31,0
2015-07-31,19760,2016-03-31,1,,,,,,,,,,,,,,,,,,,,,,,,,,,,,,,,,59386718,6290935,53095783,false,false,3,2015-04-01,2015-06-30,0
2015-07-31,19760,2015-03-31,1,,,,,,,,,,,,,,,,,,,,,,,,,,,,,,,,,,,54429546,false,false,3,2014-04-01,2014-06-30,-1
2015-10-22,19760,2016-03-31,,21000000000,0.050,,,,,2150000000,0.344,2200000000,0.333,,1450000000,,27.30,,,,,,,,,,,,,,,,,,,,,,true,true,6,2015-04-01,2015-09-30,0
2015-10-22,19760,2015-03-31,,22556000000,,,,,,2512000000,,2829000000,,,1793000000,,33.00,,,,,,,,,,,,,,,,,,,,,,true,false,6,2014-04-01,2014-09-30,-1
2015-10-22,19760,2016-03-31,,14800000000,0.057,,,,,1550000000,0.292,1900000000,0.188,1300000000,,0.238,24.47,,,,,,,,,,,,,,,,,,,,,,false,true,6,2015-04-01,2015-09-30,0
2015-10-22,19760,2015-03-31,,14620000000,,,,,,1313000000,,1900000000,,1272000000,,,23.42,,,,,,,,,,,,,,,,,,,,,,false,false,6,2014-04-01,2014-09-30,-1
2015-10-30,19760,2016-03-31,2,21035000000,-0.067,,,,,2155000000,-0.142,2235000000,-0.210,,1476000000,,27.80,27.75,,,,,52700000000,36726000000,0.693,686.72,36516000000,,,,,,,,,,,,true,false,6,2015-04-01,2015-09-30,0
2015-10-30,19760,2015-03-31,2,22556000000,0.206,,,,,2512000000,0.597,2829000000,0.686,,1793000000,,33.00,32.87,,,,,,,,,,,,,,,,,,,,,true,false,6,2014-04-01,2014-09-30,-1
2015-10-30,19760,2016-03-31,2,44000000000,-0.061,,,,,4100000000,-0.282,4200000000,-0.326,,2700000000,,50.80,,,,,,,,,,,,,,,,,,,,,,true,true,12,2015-04-01,2016-03-31,0
2015-10-30,19760,2015-03-31,2,,,,,,,,,,,,,,,,,,,,53052000000,35613000000,0.668,666.95,35412000000,,,,,,,,,,,,true,false,12,2014-04-01,2015-03-31,-1
2015-10-30,19760,2015-03-31,2,,,,,,,,,,,,,,,,,,,,,,,,,,,,,8.00,,,,59386718,6290935,,false,false,12,2014-04-01,2015-03-31,-1
2015-10-30,19760,2016-03-31,2,,,,,,,,,,,,,,,,,,,,,,,,,,,,,5.00,,,,,,,false,false,12,2015-04-01,2016-03-31,0
2015-10-30,19760,2016-03-31,2,,,,,,,,,,,,,,,,,,,,,,,,,,,,,10.00,,,,,,,false,true,12,2015-04-01,2016-03-31,0
2015-10-30,19760,2016-03-31,2,,,,,,,,,,,,,,,,,,,,,,,,,,,,,,,,,59386718,6211315,53117167,false,false,6,2015-04-01,2015-09-30,0
2015-10-30,19760,2015-03-31,2,,,,,,,,,,,,,,,,,,,,,,,,,,,,,,,,,,,54341178,false,false,6,2014-04-01,2014-09-30,-1
2015-10-30,19760,2016-03-31,,44000000000,,,,,,4100000000,0.051,4200000000,0.050,,2700000000,,50.80,,,,,,,,,,,,,,,,,,,,,,true,true,12,2015-04-01,2016-03-31,0
2015-10-30,19760,2015-03-31,,46873000000,,,,,,5711000000,,6231000000,,,4176000000,,77.68,,,,,,,,,,,,,,,,,,,,,,true,false,12,2014-04-01,2015-03-31,-1
2015-10-30,19760,2016-03-31,,31500000000,,,,,,3200000000,0.067,3600000000,0.043,2300000000,,0.045,43.28,,,,,,,,,,,,,,,,,,,,,,false,true,12,2015-04-01,2016-03-31,0
2015-10-30,19760,2015-03-31,,29929000000,,,,,,3315000000,,4119000000,,2633000000,,,48.98,,,,,,,,,,,,,,,,,,,,,,false,false,12,2014-04-01,2015-03-31,-1
2016-01-29,19760,2016-03-31,3,31534000000,-0.051,,,,,3308000000,-0.117,3429000000,-0.196,,2248000000,,42.32,42.24,,,,,52875000000,37117000000,0.698,693.59,36888000000,,,,,,,,,,,,true,false,9,2015-04-01,2015-12-31,0
2016-01-29,19760,2015-03-31,3,33229000000,0.104,,,,,3748000000,0.378,4264000000,0.435,,2774000000,,51.37,51.18,,,,,,,,,,,,,,,,,,,,,true,false,9,2014-04-01,2014-12-31,-1
2016-01-29,19760,2016-03-31,3,44000000000,-0.061,,,,,4100000000,-0.282,4200000000,-0.326,,2700000000,,50.80,,,,,,,,,,,,,,,,,,,,,,true,true,12,2015-04-01,2016-03-31,0
2016-01-29,19760,2015-03-31,3,,,,,,,,,,,,,,,,,,,,53052000000,35613000000,0.668,666.95,35412000000,,,,,,,,,,,,true,false,12,2014-04-01,2015-03-31,-1
2016-01-29,19760,2015-03-31,3,,,,,,,,,,,,,,,,,,,,,,,,,,,,,8.00,,,,59386718,6290935,,false,false,12,2014-04-01,2015-03-31,-1
2016-01-29,19760,2016-03-31,3,,,,,,,,,,,,,,,,,,,,,,,,,,,,,5.00,,,,,,,false,false,12,2015-04-01,2016-03-31,0
2016-01-29,19760,2016-03-31,3,,,,,,,,,,,,,,,,,,,,,,,,,,,,,10.00,,,,,,,false,true,12,2015-04-01,2016-03-31,0
2016-01-29,19760,2016-03-31,3,,,,,,,,,,,,,,,,,,,,,,,,,,,,,,,,,59386718,6201454,53137026,false,false,9,2015-04-01,2015-12-31,0
2016-01-29,19760,2015-03-31,3,,,,,,,,,,,,,,,,,,,,,,,,,,,,,,,,,,,54004650,false,false,9,2014-04-01,2014-12-31,-1
2016-04-22,19760,2016-03-31,,45000000000,0.023,,,,,5700000000,0.390,5750000000,0.369,,3900000000,,73.39,,,,,,,,,,,,,,,,,,,,,,true,true,12,2015-04-01,2016-03-31,0
2016-04-22,19760,2015-03-31,,46873000000,,,,,,5711000000,,6231000000,,,4176000000,,77.68,,,,,,,,,,,,,,,,,,,,,,true,false,12,2014-04-01,2015-03-31,-1
2016-04-22,19760,2016-03-31,,32500000000,0.032,,,,,4200000000,0.313,4700000000,0.306,3100000000,,0.348,58.34,,,,,,,,,,,,,,,,,,,,,,false,true,12,2015-04-01,2016-03-31,0
2016-04-22,19760,2015-03-31,,29929000000,,,,,,3315000000,,4119000000,,2633000000,,,48.98,,,,,,,,,,,,,,,,,,,,,,false,false,12,2014-04-01,2015-03-31,-1
2016-05-10,19760,2016-03-31,,45412000000,-0.031,,,,,5716000000,0.001,5796000000,-0.070,,3923000000,,73.83,73.73,0.107,0.108,0.126,,54463000000,38402000000,0.701,721.08,38163000000,1632000000,-80000000,-869000000,15325000000,,0.135,,,,,,true,false,12,2015-04-01,2016-03-31,0
2016-05-10,19760,2015-03-31,,46873000000,0.070,,,,,5711000000,0.550,6231000000,0.605,,4176000000,,77.68,77.45,0.123,0.121,0.122,,53052000000,35613000000,0.668,666.95,35412000000,6685000000,-120000000,-1475000000,14881000000,,0.103,,,,,,true,false,12,2014-04-01,2015-03-31,-1
2016-05-10,19760,2017-03-31,,22500000000,0.070,,,,,2250000000,0.044,2350000000,0.051,,1500000000,,28.34,,,,,,,,,,,,,,,,,,,,,,true,true,6,2016-04-01,2016-09-30,1
2016-05-10,19760,2017-03-31,,48000000000,0.057,,,,,5000000000,-0.125,5100000000,-0.120,,3250000000,,61.41,,,,,,,,,,,,,,,,0.195,,,,,,true,true,12,2016-04-01,2017-03-31,1
2016-05-10,19760,2016-03-31,,32509000000,0.086,,,,,4212000000,0.270,4715000000,0.145,3160000000,,0.200,59.47,59.40,,,,,38990000000,29097000000,0.746,549.43,29078000000,,,,,10.00,,,,59386718,6461985,53140739,false,false,12,2015-04-01,2016-03-31,0
2016-05-10,19760,2015-03-31,,29929000000,-0.050,,,,,3315000000,0.363,4119000000,0.472,2633000000,,0.723,48.98,48.83,,,,,36958000000,26742000000,0.723,503.22,26718000000,,,,,8.00,,,,59386718,6290935,53768151,false,false,12,2014-04-01,2015-03-31,-1
2016-05-10,19760,2017-03-31,,16500000000,0.114,,,,,1800000000,0.154,2200000000,0.146,1400000000,,0.055,26.45,,,,,,,,,,,,,,,,,,,,,,false,true,6,2016-04-01,2016-09-30,1
2016-05-10,19760,2017-03-31,,34500000000,0.061,,,,,3950000000,-0.062,4400000000,-0.067,2800000000,,-0.114,52.91,,,,,,,,,,,,,,,12.00,,,,,,,false,true,12,2016-04-01,2017-03-31,1
2016-07-29,19760,2017-03-31,1,10229000000,0.149,,,,,655000000,0.119,672000000,-0.025,,450000000,,8.60,8.60,,,,,54161000000,37902000000,0.695,725.80,37657000000,,,,,,,,,,,,true,false,3,2016-04-01,2016-06-30,0
2016-07-29,19760,2016-03-31,1,8902000000,-0.075,,,,,586000000,-0.172,689000000,-0.111,,453000000,,8.53,8.51,,,,,,,,,,,,,,,,,,,,,true,false,3,2015-04-01,2015-06-30,-1
2016-07-29,19760,2017-03-31,1,22500000000,0.070,,,,,2250000000,0.044,2350000000,0.051,,1500000000,,28.77,,,,,,,,,,,,,,,,,,,,,,true,true,6,2016-04-01,2016-09-30,0
2016-07-29,19760,2017-03-31,1,48000000000,0.057,,,,,5000000000,-0.125,5100000000,-0.120,,3250000000,,62.49,,,,,,,,,,,,,,,,,,,,,,true,true,12,2016-04-01,2017-03-31,0
2016-07-29,19760,2016-03-31,1,,,,,,,,,,,,,,,,,,,,54463000000,38402000000,0.701,721.08,38163000000,,,,,,,,,,,,true,false,12,2015-04-01,2016-03-31,-1
2016-07-29,19760,2016-03-31,1,,,,,,,,,,,,,,,,,,,,,,,,,,,,,10.00,,,,59386718,6461985,,false,false,12,2015-04-01,2016-03-31,-1
2016-07-29,19760,2017-03-31,1,,,,,,,,,,,,,,,,,,,,,,,,,,,,,12.00,,,,,,,false,true,12,2016-04-01,2017-03-31,0
2016-07-29,19760,2017-03-31,1,,,,,,,,,,,,,,,,,,,,,,,,,,,,,,,,,59386718,7502385,52395490,false,false,3,2016-04-01,2016-06-30,0
2016-07-29,19760,2016-03-31,1,,,,,,,,,,,,,,,,,,,,,,,,,,,,,,,,,,,53095783,false,false,3,2015-04-01,2015-06-30,-1
2016-10-21,19760,2017-03-31,,23800000000,0.058,,,,,2450000000,0.089,2450000000,0.043,,1700000000,,32.64,,,,,,,,,,,,,,,,,,,,,,true,true,6,2016-04-01,2016-09-30,0
2016-10-21,19760,2016-03-31,,21035000000,,,,,,2155000000,,2235000000,,,1476000000,,27.80,,,,,,,,,,,,,,,,,,,,,,true,false,6,2015-04-01,2015-09-30,-1
2016-10-21,19760,2017-03-31,,18900000000,0.145,,,,,2100000000,0.167,2400000000,0.091,1700000000,,0.214,32.64,,,,,,,,,,,,,,,,,,,,,,false,true,6,2016-04-01,2016-09-30,0
2016-10-21,19760,2016-03-31,,14816000000,,,,,,1559000000,,1919000000,,1326000000,,,24.98,,,,,,,,,,,,,,,,,,,,,,false,false,6,2015-04-01,2015-09-30,-1
2016-10-31,19760,2017-03-31,2,23883000000,0.135,,,,,2487000000,0.154,2473000000,0.107,,1722000000,,33.06,33.04,,,,,54250000000,39025000000,0.715,748.76,38777000000,,,,,,,,,,,,true,false,6,2016-04-01,2016-09-30,0
2016-10-31,19760,2016-03-31,2,21035000000,-0.067,,,,,2155000000,-0.142,2235000000,-0.210,,1476000000,,27.80,27.75,,,,,,,,,,,,,,,,,,,,,true,false,6,2015-04-01,2015-09-30,-1
2016-10-31,19760,2017-03-31,2,49500000000,0.090,,,,,5200000000,-0.090,5200000000,-0.103,,3450000000,,66.42,,,,,,,,,,,,,,,,,,,,,,true,true,12,2016-04-01,2017-03-31,0
2016-10-31,19760,2016-03-31,2,,,,,,,,,,,,,,,,,,,,54463000000,38402000000,0.701,721.08,38163000000,,,,,,,,,,,,true,false,12,2015-04-01,2016-03-31,-1
2016-10-31,19760,2016-03-31,2,,,,,,,,,,,,,,,,,,,,,,,,,,,,,10.00,,,,59386718,6461985,,false,false,12,2015-04-01,2016-03-31,-1
2016-10-31,19760,2017-03-31,2,,,,,,,,,,,,,,,,,,,,,,,,,,,,,6.00,,,,,,,false,false,12,2016-04-01,2017-03-31,0
2016-10-31,19760,2017-03-31,2,,,,,,,,,,,,,,,,,,,,,,,,,,,,,12.00,,,,,,,false,true,12,2016-04-01,2017-03-31,0
2016-10-31,19760,2017-03-31,2,,,,,,,,,,,,,,,,,,,,,,,,,,,,,,,,,59386718,7598512,52090610,false,false,6,2016-04-01,2016-09-30,0
2016-10-31,19760,2016-03-31,2,,,,,,,,,,,,,,,,,,,,,,,,,,,,,,,,,,,53117167,false,false,6,2015-04-01,2015-09-30,-1
2016-10-31,19760,2017-03-31,,49500000000,0.031,,,,,5200000000,0.040,5200000000,0.020,,3450000000,,66.42,,,,,,,,,,,,,,,,,,,,,,true,true,12,2016-04-01,2017-03-31,0
2016-10-31,19760,2016-03-31,,45412000000,,,,,,5716000000,,5796000000,,,3923000000,,73.83,,,,,,,,,,,,,,,,,,,,,,true,false,12,2015-04-01,2016-03-31,-1
2016-10-31,19760,2017-03-31,,37000000000,0.072,,,,,4250000000,0.076,4600000000,0.045,3100000000,,0.107,59.68,,,,,,,,,,,,,,,,,,,,,,false,true,12,2016-04-01,2017-03-31,0
2016-10-31,19760,2016-03-31,,32509000000,,,,,,4212000000,,4715000000,,3160000000,,,59.47,,,,,,,,,,,,,,,,,,,,,,false,false,12,2015-04-01,2016-03-31,-1
2017-01-31,19760,2017-03-31,3,37014000000,0.174,,,,,4018000000,0.215,4144000000,0.208,,2867000000,,55.14,55.11,,,,,55620000000,40120000000,0.717,769.53,39856000000,,,,,,,,,,,,true,false,9,2016-04-01,2016-12-31,0
2017-01-31,19760,2016-03-31,3,31534000000,-0.051,,,,,3308000000,-0.117,3429000000,-0.196,,2248000000,,42.32,42.24,,,,,,,,,,,,,,,,,,,,,true,false,9,2015-04-01,2015-12-31,-1
2017-01-31,19760,2017-03-31,3,49500000000,0.090,,,,,5200000000,-0.090,5200000000,-0.103,,3450000000,,66.42,,,,,,,,,,,,,,,,,,,,,,true,true,12,2016-04-01,2017-03-31,0
2017-01-31,19760,2016-03-31,3,,,,,,,,,,,,,,,,,,,,54463000000,38402000000,0.701,721.08,38163000000,,,,,,,,,,,,true,false,12,2015-04-01,2016-03-31,-1
2017-01-31,19760,2016-03-31,3,,,,,,,,,,,,,,,,,,,,,,,,,,,,,10.00,,,,59386718,6461985,,false,false,12,2015-04-01,2016-03-31,-1
2017-01-31,19760,2017-03-31,3,,,,,,,,,,,,,,,,,,,,,,,,,,,,,6.00,,,,,,,false,false,12,2016-04-01,2017-03-31,0
2017-01-31,19760,2017-03-31,3,,,,,,,,,,,,,,,,,,,,,,,,,,,,,12.00,,,,,,,false,true,12,2016-04-01,2017-03-31,0
2017-01-31,19760,2017-03-31,3,,,,,,,,,,,,,,,,,,,,,,,,,,,,,,,,,59386718,7593719,51991023,false,false,9,2016-04-01,2016-12-31,0
2017-01-31,19760,2016-03-31,3,,,,,,,,,,,,,,,,,,,,,,,,,,,,,,,,,,,53137026,false,false,9,2015-04-01,2015-12-31,-1
2017-04-26,19760,2017-03-31,,51500000000,0.040,,,,,5550000000,0.067,5700000000,0.096,,3900000000,,75.08,,,,,,,,,,,,,,,,,,,,,,true,true,12,2016-04-01,2017-03-31,0
2017-04-26,19760,2016-03-31,,45412000000,,,,,,5716000000,,5796000000,,,3923000000,,73.83,,,,,,,,,,,,,,,,,,,,,,true,false,12,2015-04-01,2016-03-31,-1
2017-04-26,19760,2017-03-31,,39000000000,0.054,,,,,4450000000,0.047,4950000000,0.076,3450000000,,0.113,66.42,,,,,,,,,,,,,,,14.00,,,,,,,false,true,12,2016-04-01,2017-03-31,0
2017-04-26,19760,2016-03-31,,32509000000,,,,,,4212000000,,4715000000,,3160000000,,,59.47,,,,,,,,,,,,,,,10.00,,,,,,,false,false,12,2015-04-01,2016-03-31,-1
2017-04-26,19760,2017-03-31,,,,,,,,,,,,,,,,,,,,,,,,,,,,,,6.00,,,,,,,false,false,12,2016-04-01,2017-03-31,0
2017-05-10,19760,2017-03-31,,51715000000,0.139,,,,,5596000000,-0.021,5706000000,-0.016,,3919000000,,75.45,75.41,0.099,0.101,0.108,,58221000000,41473000000,0.708,795.28,41205000000,399000000,-1235000000,-1318000000,13077000000,,0.186,,,,,,true,false,12,2016-04-01,2017-03-31,0
2017-05-10,19760,2016-03-31,,45412000000,-0.031,,,,,5716000000,0.001,5796000000,-0.070,,3923000000,,73.83,73.73,0.107,0.108,0.126,,54463000000,38402000000,0.701,721.08,38163000000,1632000000,-80000000,-869000000,15325000000,,0.135,,,,,,true,false,12,2015-04-01,2016-03-31,-1
2017-05-10,19760,2018-03-31,,23000000000,-0.037,,,,,2200000000,-0.115,2250000000,-0.091,,1500000000,,28.95,,,,,,,,,,,,,,,,,,,,,,true,true,6,2017-04-01,2017-09-30,1
2017-05-10,19760,2018-03-31,,50000000000,-0.033,,,,,5000000000,-0.107,5100000000,-0.106,,3400000000,,65.62,,,,,,,,,,,,,,,,0.274,,,,,,true,true,12,2017-04-01,2018-03-31,1
2017-05-10,19760,2017-03-31,,39483000000,0.215,,,,,4476000000,0.063,4998000000,0.060,3501000000,,0.108,67.41,67.38,,,,,42570000000,31726000000,0.745,612.10,31714000000,,,,,14.00,,,,59386718,7574167,51944994,false,false,12,2016-04-01,2017-03-31,0
2017-05-10,19760,2016-03-31,,32509000000,0.086,,,,,4212000000,0.270,4715000000,0.145,3160000000,,0.200,59.47,59.40,,,,,38990000000,29097000000,0.746,549.43,29078000000,,,,,10.00,,,,59386718,6461985,53140739,false,false,12,2015-04-01,2016-03-31,-1
2017-05-10,19760,2018-03-31,,17500000000,-0.076,,,,,1850000000,-0.121,2200000000,-0.093,1500000000,,-0.135,28.95,,,,,,,,,,,,,,,,,,,,,,false,true,6,2017-04-01,2017-09-30,1
2017-05-10,19760,2018-03-31,,38000000000,-0.038,,,,,4100000000,-0.084,4500000000,-0.100,3000000000,,-0.143,57.90,,,,,,,,,,,,,,,18.00,,,,,,,false,true,12,2017-04-01,2018-03-31,1
2017-07-28,19760,2018-03-31,1,10906000000,0.066,,,,,739000000,0.127,810000000,0.205,,551000000,,10.65,10.64,,,,,58066000000,41626000000,0.712,798.07,41350000000,,,,,,,,,,,,true,false,3,2017-04-01,2017-06-30,0
2017-07-28,19760,2017-03-31,1,10229000000,0.149,,,,,655000000,0.119,672000000,-0.025,,450000000,,8.60,8.60,,,,,,,,,,,,,,,,,,,,,true,false,3,2016-04-01,2016-06-30,-1
2017-07-28,19760,2018-03-31,1,23000000000,-0.037,,,,,2200000000,-0.115,2250000000,-0.091,,1500000000,,28.95,,,,,,,,,,,,,,,,,,,,,,true,true,6,2017-04-01,2017-09-30,0
2017-07-28,19760,2018-03-31,1,50000000000,-0.033,,,,,5000000000,-0.107,5100000000,-0.106,,3400000000,,65.62,,,,,,,,,,,,,,,,,,,,,,true,true,12,2017-04-01,2018-03-31,0
2017-07-28,19760,2017-03-31,1,,,,,,,,,,,,,,,,,,,,58221000000,41473000000,0.708,795.28,41205000000,,,,,,,,,,,,true,false,12,2016-04-01,2017-03-31,-1
2017-07-28,19760,2017-03-31,1,,,,,,,,,,,,,,,,,,,,,,,,,,,,,14.00,,,,59386718,7574167,,false,false,12,2016-04-01,2017-03-31,-1
2017-07-28,19760,2018-03-31,1,,,,,,,,,,,,,,,,,,,,,,,,,,,,,18.00,,,,,,,false,true,12,2017-04-01,2018-03-31,0
2017-07-28,19760,2018-03-31,1,,,,,,,,,,,,,,,,,,,,,,,,,,,,,,,,,59386718,7574284,51812488,false,false,3,2017-04-01,2017-06-30,0
2017-07-28,19760,2017-03-31,1,,,,,,,,,,,,,,,,,,,,,,,,,,,,,,,,,,,52395490,false,false,3,2016-04-01,2016-06-30,-1
2017-10-24,19760,2018-03-31,,25500000000,0.109,,,,,2350000000,0.068,2500000000,0.111,,1600000000,,30.87,,,,,,,,,,,,,,,,,,,,,,true,true,6,2017-04-01,2017-09-30,0
2017-10-24,19760,2017-03-31,,23883000000,,,,,,2487000000,,2473000000,,,1722000000,,33.06,,,,,,,,,,,,,,,,,,,,,,true,false,6,2016-04-01,2016-09-30,-1
2017-10-24,19760,2018-03-31,,19900000000,0.137,,,,,2350000000,0.270,2800000000,0.273,2000000000,,0.333,38.59,,,,,,,,,,,,,,,,,,,,,,false,true,6,2017-04-01,2017-09-30,0
2017-10-24,19760,2017-03-31,,18929000000,,,,,,2105000000,,2424000000,,1733000000,,,33.28,,,,,,,,,,,,,,,,,,,,,,false,false,6,2016-04-01,2016-09-30,-1
2017-10-31,19760,2018-03-31,2,25510000000,0.068,,,,,2385000000,-0.041,2546000000,0.029,,1637000000,,31.59,31.54,,,,,58516000000,42857000000,0.728,821.36,42580000000,,,,,,,,,,,,true,false,6,2017-04-01,2017-09-30,0
2017-10-31,19760,2017-03-31,2,23883000000,0.135,,,,,2487000000,0.154,2473000000,0.107,,1722000000,,33.06,33.04,,,,,,,,,,,,,,,,,,,,,true,false,6,2016-04-01,2016-09-30,-1
2017-10-31,19760,2018-03-31,2,52000000000,0.006,,,,,5000000000,-0.107,5200000000,-0.089,,3450000000,,66.56,,,,,,,,,,,,,,,,,,,,,,true,true,12,2017-04-01,2018-03-31,0
2017-10-31,19760,2017-03-31,2,,,,,,,,,,,,,,,,,,,,58221000000,41473000000,0.708,795.28,41205000000,,,,,,,,,,,,true,false,12,2016-04-01,2017-03-31,-1
2017-10-31,19760,2017-03-31,2,,,,,,,,,,,,,,,,,,,,,,,,,,,,,14.00,,,,59386718,7574167,,false,false,12,2016-04-01,2017-03-31,-1
2017-10-31,19760,2018-03-31,2,,,,,,,,,,,,,,,,,,,,,,,,,,,,,8.00,,,,,,,false,false,12,2017-04-01,2018-03-31,0
2017-10-31,19760,2018-03-31,2,,,,,,,,,,,,,,,,,,,,,,,,,,,,,18.00,,,,,,,false,true,12,2017-04-01,2018-03-31,0
2017-10-31,19760,2018-03-31,2,,,,,,,,,,,,,,,,,,,,,,,,,,,,,,,,,59386718,7545350,51822378,false,false,6,2017-04-01,2017-09-30,0
2017-10-31,19760,2017-03-31,2,,,,,,,,,,,,,,,,,,,,,,,,,,,,,,,,,,,52090610,false,false,6,2016-04-01,2016-09-30,-1
2017-10-31,19760,2018-03-31,,52000000000,0.040,,,,,5000000000,,5200000000,0.020,,3450000000,,66.56,,,,,,,,,,,,,,,,,,,,,,true,true,12,2017-04-01,2018-03-31,0
2017-10-31,19760,2017-03-31,,51715000000,,,,,,5596000000,,5706000000,,,3919000000,,75.45,,,,,,,,,,,,,,,,,,,,,,true,false,12,2016-04-01,2017-03-31,-1
2017-10-31,19760,2018-03-31,,40000000000,0.053,,,,,4400000000,0.073,4900000000,0.089,3400000000,,0.133,65.60,,,,,,,,,,,,,,,,,,,,,,false,true,12,2017-04-01,2018-03-31,0
2017-10-31,19760,2017-03-31,,39483000000,,,,,,4476000000,,4998000000,,3501000000,,,67.41,,,,,,,,,,,,,,,,,,,,,,false,false,12,2016-04-01,2017-03-31,-1
2018-01-31,19760,2018-03-31,3,39983000000,0.080,,,,,4164000000,0.036,4366000000,0.054,,2880000000,,55.58,55.48,,,,,59930000000,44012000000,0.730,843.09,43735000000,,,,,,,,,,,,true,false,9,2017-04-01,2017-12-31,0
2018-01-31,19760,2017-03-31,3,37014000000,0.174,,,,,4018000000,0.215,4144000000,0.208,,2867000000,,55.14,55.11,,,,,,,,,,,,,,,,,,,,,true,false,9,2016-04-01,2016-12-31,-1
2018-01-31,19760,2018-03-31,3,52000000000,0.006,,,,,5000000000,-0.107,5200000000,-0.089,,3450000000,,66.56,,,,,,,,,,,,,,,,,,,,,,true,true,12,2017-04-01,2018-03-31,0
2018-01-31,19760,2017-03-31,3,,,,,,,,,,,,,,,,,,,,58221000000,41473000000,0.708,795.28,41205000000,,,,,,,,,,,,true,false,12,2016-04-01,2017-03-31,-1
2018-01-31,19760,2017-03-31,3,,,,,,,,,,,,,,,,,,,,,,,,,,,,,14.00,,,,59386718,7574167,,false,false,12,2016-04-01,2017-03-31,-1
2018-01-31,19760,2018-03-31,3,,,,,,,,,,,,,,,,,,,,,,,,,,,,,8.00,,,,,,,false,false,12,2017-04-01,2018-03-31,0
2018-01-31,19760,2018-03-31,3,,,,,,,,,,,,,,,,,,,,,,,,,,,,,18.00,,,,,,,false,true,12,2017-04-01,2018-03-31,0
2018-01-31,19760,2018-03-31,3,,,,,,,,,,,,,,,,,,,,,,,,,,,,,,,,,59386718,7511190,51835384,false,false,9,2017-04-01,2017-12-31,0
2018-01-31,19760,2017-03-31,3,,,,,,,,,,,,,,,,,,,,,,,,,,,,,,,,,,,51991023,false,false,9,2016-04-01,2016-12-31,-1
2018-04-26,19760,2018-03-31,,55000000000,0.058,,,,,6250000000,0.250,6450000000,0.240,,4300000000,,82.93,,,,,,,,,,,,,,,,,,,,,,true,true,12,2017-04-01,2018-03-31,0
2018-04-26,19760,2017-03-31,,51715000000,,,,,,5596000000,,5706000000,,,3919000000,,75.45,,,,,,,,,,,,,,,,,,,,,,true,false,12,2016-04-01,2017-03-31,-1
2018-04-26,19760,2018-03-31,,42000000000,0.050,,,,,5550000000,0.261,6100000000,0.245,4100000000,,0.206,79.07,,,,,,,,,,,,,,,26.00,,,,,,,false,true,12,2017-04-01,2018-03-31,0
2018-04-26,19760,2017-03-31,,39483000000,,,,,,4476000000,,4998000000,,3501000000,,,67.41,,,,,,,,,,,,,,,14.00,,,,,,,false,false,12,2016-04-01,2017-03-31,-1
2018-04-26,19760,2018-03-31,,,,,,,,,,,,,,,,,,,,,,,,,,,,,,8.00,,,,,,,false,false,12,2017-04-01,2018-03-31,0
2018-05-10,19760,2018-03-31,,55146000000,0.066,,,,,6300000000,0.126,6487000000,0.137,,4357000000,,84.04,83.90,0.101,0.107,0.114,,63020000000,45385000000,0.716,868.82,45098000000,9763000000,-2149000000,-856000000,19864000000,,0.309,,,,,,true,false,12,2017-04-01,2018-03-31,0
2018-05-10,19760,2017-03-31,,51715000000,0.139,,,,,5596000000,-0.021,5706000000,-0.016,,3919000000,,75.45,75.41,0.099,0.101,0.108,,58221000000,41473000000,0.708,795.28,41205000000,399000000,-1235000000,-1318000000,13077000000,,0.186,,,,,,true,false,12,2016-04-01,2017-03-31,-1
2018-05-10,19760,2019-03-31,,24000000000,-0.059,,,,,2200000000,-0.078,2300000000,-0.097,,1500000000,,28.90,,,,,,,,,,,,,,,,,,,,,,true,true,6,2018-04-01,2018-09-30,1
2018-05-10,19760,2019-03-31,,50000000000,-0.093,,,,,5100000000,-0.191,5250000000,-0.191,,3450000000,,66.46,,,,,,,,,,,,,,,,0.301,,,,,,true,true,12,2018-04-01,2019-03-31,1
2018-05-10,19760,2018-03-31,,42629000000,0.080,,,,,5579000000,0.246,6107000000,0.222,4158000000,,0.187,80.19,80.06,,,,,46399000000,35290000000,0.760,679.71,35282000000,,,,,26.00,,,,59386718,7478789,51850347,false,false,12,2017-04-01,2018-03-31,0
2018-05-10,19760,2017-03-31,,39483000000,0.215,,,,,4476000000,0.063,4998000000,0.060,3501000000,,0.108,67.41,67.38,,,,,42570000000,31726000000,0.745,612.10,31714000000,,,,,14.00,,,,59386718,7574167,51944994,false,false,12,2016-04-01,2017-03-31,-1
2018-05-10,19760,2019-03-31,,18000000000,-0.099,,,,,2000000000,-0.158,2150000000,-0.241,1450000000,,-0.276,27.93,,,,,,,,,,,,,,,,,,,,,,false,true,6,2018-04-01,2018-09-30,1
2018-05-10,19760,2019-03-31,,38000000000,-0.109,,,,,4350000000,-0.220,4600000000,-0.247,3100000000,,-0.254,59.72,,,,,,,,,,,,,,,20.00,,,,,,,false,true,12,2018-04-01,2019-03-31,1
2018-07-27,19760,2019-03-31,1,11713000000,0.074,,,,,1212000000,0.641,1352000000,0.669,,901000000,,17.37,17.33,,,,,62334000000,45320000000,0.722,867.10,45024000000,,,,,,,,,,,,true,false,3,2018-04-01,2018-06-30,0
2018-07-27,19760,2018-03-31,1,10906000000,0.066,,,,,739000000,0.127,810000000,0.205,,551000000,,10.65,10.64,,,,,,,,,,,,,,,,,,,,,true,false,3,2017-04-01,2017-06-30,-1
2018-07-27,19760,2019-03-31,1,24000000000,-0.059,,,,,2200000000,-0.078,2300000000,-0.097,,1500000000,,28.90,,,,,,,,,,,,,,,,,,,,,,true,true,6,2018-04-01,2018-09-30,0
2018-07-27,19760,2019-03-31,1,50000000000,-0.093,,,,,5100000000,-0.191,5250000000,-0.191,,3450000000,,66.46,,,,,,,,,,,,,,,,,,,,,,true,true,12,2018-04-01,2019-03-31,0
2018-07-27,19760,2018-03-31,1,,,,,,,,,,,,,,,,,,,,62817000000,45385000000,0.718,868.82,45098000000,,,,,,,,,,,,true,false,12,2017-04-01,2018-03-31,-1
2018-07-27,19760,2018-03-31,1,,,,,,,,,,,,,,,,,,,,,,,,,,,,,26.00,,,,59386718,7478789,,false,false,12,2017-04-01,2018-03-31,-1
2018-07-27,19760,2019-03-31,1,,,,,,,,,,,,,,,,,,,,,,,,,,,,,20.00,,,,,,,false,true,12,2018-04-01,2019-03-31,0
2018-07-27,19760,2019-03-31,1,,,,,,,,,,,,,,,,,,,,,,,,,,,,,,,,,59386718,7462095,51917403,false,false,3,2018-04-01,2018-06-30,0
2018-07-27,19760,2018-03-31,1,,,,,,,,,,,,,,,,,,,,,,,,,,,,,,,,,,,51812488,false,false,3,2017-04-01,2017-06-30,-1
2018-10-24,19760,2019-03-31,,25000000000,0.042,,,,,3250000000,0.477,3500000000,0.522,,2350000000,,45.23,,,,,,,,,,,,,,,,,,,,,,true,true,6,2018-04-01,2018-09-30,0
2018-10-24,19760,2018-03-31,,25510000000,,,,,,2385000000,,2546000000,,,1637000000,,31.59,,,,,,,,,,,,,,,,,,,,,,true,false,6,2017-04-01,2017-09-30,-1
2018-10-24,19760,2019-03-31,,18500000000,0.028,,,,,2600000000,0.300,2900000000,0.349,1950000000,,0.345,37.53,,,,,,,,,,,,,,,,,,,,,,false,true,6,2018-04-01,2018-09-30,0
2018-10-24,19760,2018-03-31,,19967000000,,,,,,2374000000,,2832000000,,2001000000,,,38.62,,,,,,,,,,,,,,,,,,,,,,false,false,6,2017-04-01,2017-09-30,-1
2018-10-31,19760,2019-03-31,2,25144000000,-0.014,,,,,3255000000,0.365,3521000000,0.383,,2379000000,,45.80,45.75,,,,,64237000000,47041000000,0.728,897.29,46738000000,,,,,,,,,,,,true,false,6,2018-04-01,2018-09-30,0
2018-10-31,19760,2018-03-31,2,25510000000,0.068,,,,,2385000000,-0.041,2546000000,0.029,,1637000000,,31.59,31.54,,,,,,,,,,,,,,,,,,,,,true,false,6,2017-04-01,2017-09-30,-1
2018-10-31,19760,2019-03-31,2,51000000000,-0.075,,,,,5700000000,-0.095,5900000000,-0.091,,3900000000,,74.97,,,,,,,,,,,,,,,,,,,,,,true,true,12,2018-04-01,2019-03-31,0
2018-10-31,19760,2018-03-31,2,,,,,,,,,,,,,,,,,,,,62817000000,45385000000,0.718,868.82,45098000000,,,,,,,,,,,,true,false,12,2017-04-01,2018-03-31,-1
2018-10-31,19760,2018-03-31,2,,,,,,,,,,,,,,,,,,,,,,,,,,,,,26.00,,,,59386718,7478789,,false,false,12,2017-04-01,2018-03-31,-1
2018-10-31,19760,2019-03-31,2,,,,,,,,,,,,,,,,,,,,,,,,,,,,,10.00,,,,,,,false,false,12,2018-04-01,2019-03-31,0
2018-10-31,19760,2019-03-31,2,,,,,,,,,,,,,,,,,,,,,,,,,,,,,22.00,,,,,,,false,true,12,2018-04-01,2019-03-31,0
2018-10-31,19760,2019-03-31,2,,,,,,,,,,,,,,,,,,,,,,,,,,,,,,,,,59386718,7298494,51960393,false,false,6,2018-04-01,2018-09-30,0
2018-10-31,19760,2018-03-31,2,,,,,,,,,,,,,,,,,,,,,,,,,,,,,,,,,,,51822378,false,false,6,2017-04-01,2017-09-30,-1
2018-10-31,19760,2019-03-31,,51000000000,0.020,,,,,5700000000,0.118,5900000000,0.124,,3900000000,,74.97,,,,,,,,,,,,,,,,,,,,,,true,true,12,2018-04-01,2019-03-31,0
2018-10-31,19760,2018-03-31,,55146000000,,,,,,6300000000,,6487000000,,,4357000000,,84.04,,,,,,,,,,,,,,,,,,,,,,true,false,12,2017-04-01,2018-03-31,-1
2018-10-31,19760,2019-03-31,,38000000000,,,,,,4800000000,0.103,5150000000,0.120,3500000000,,0.129,67.28,,,,,,,,,,,,,,,,,,,,,,false,true,12,2018-04-01,2019-03-31,0
2018-10-31,19760,2018-03-31,,42629000000,,,,,,5579000000,,6107000000,,4158000000,,,80.19,,,,,,,,,,,,,,,,,,,,,,false,false,12,2017-04-01,2018-03-31,-1
2019-01-31,19760,2019-03-31,3,38129000000,-0.046,,,,,4991000000,0.199,5250000000,0.203,,3550000000,,68.28,68.20,,,,,63468000000,47247000000,0.739,900.81,46932000000,,,,,,,,,,,,true,false,9,2018-04-01,2018-12-31,0
2019-01-31,19760,2018-03-31,3,39983000000,0.080,,,,,4164000000,0.036,4366000000,0.054,,2880000000,,55.58,55.48,,,,,,,,,,,,,,,,,,,,,true,false,9,2017-04-01,2017-12-31,-1
2019-01-31,19760,2019-03-31,3,51000000000,-0.075,,,,,5700000000,-0.095,5900000000,-0.091,,3900000000,,74.97,,,,,,,,,,,,,,,,,,,,,,true,true,12,2018-04-01,2019-03-31,0
2019-01-31,19760,2018-03-31,3,,,,,,,,,,,,,,,,,,,,62817000000,45385000000,0.718,868.82,45098000000,,,,,,,,,,,,true,false,12,2017-04-01,2018-03-31,-1
2019-01-31,19760,2018-03-31,3,,,,,,,,,,,,,,,,,,,,,,,,,,,,,26.00,,,,59386718,7478789,,false,false,12,2017-04-01,2018-03-31,-1
2019-01-31,19760,2019-03-31,3,,,,,,,,,,,,,,,,,,,,,,,,,,,,,10.00,,,,,,,false,false,12,2018-04-01,2019-03-31,0
2019-01-31,19760,2019-03-31,3,,,,,,,,,,,,,,,,,,,,,,,,,,,,,22.00,,,,,,,false,true,12,2018-04-01,2019-03-31,0
2019-01-31,19760,2019-03-31,3,,,,,,,,,,,,,,,,,,,,,,,,,,,,,,,,,59386718,7285997,52006351,false,false,9,2018-04-01,2018-12-31,0
2019-01-31,19760,2018-03-31,3,,,,,,,,,,,,,,,,,,,,,,,,,,,,,,,,,,,51835384,false,false,9,2017-04-01,2017-12-31,-1
2019-04-26,19760,2019-03-31,,52500000000,0.029,,,,,7250000000,0.272,7500000000,0.271,,5000000000,,96.09,,,,,,,,,,,,,,,,,,,,,,true,true,12,2018-04-01,2019-03-31,0
2019-04-26,19760,2018-03-31,,55146000000,,,,,,6300000000,,6487000000,,,4357000000,,84.04,,,,,,,,,,,,,,,,,,,,,,true,false,12,2017-04-01,2018-03-31,-1
2019-04-26,19760,2019-03-31,,37500000000,-0.013,,,,,5550000000,0.156,5900000000,0.146,4000000000,,0.143,76.87,,,,,,,,,,,,,,,30.00,,,,,,,false,true,12,2018-04-01,2019-03-31,0
2019-04-26,19760,2018-03-31,,42629000000,,,,,,5579000000,,6107000000,,4158000000,,,80.19,,,,,,,,,,,,,,,26.00,,,,,,,false,false,12,2017-04-01,2018-03-31,-1
2019-04-26,19760,2019-03-31,,,,,,,,,,,,,,,,,,,,,,,,,,,,,,10.00,,,,,,,false,false,12,2018-04-01,2019-03-31,0
2019-05-10,19760,2019-03-31,,52810000000,-0.042,,,,,7277000000,0.155,7532000000,0.161,,5068000000,,97.41,97.36,0.108,0.116,0.138,,66533000000,48716000000,0.727,927.08,48399000000,2970000000,-802000000,-1308000000,20642000000,,0.308,,,,,,true,false,12,2018-04-01,2019-03-31,0
2019-05-10,19760,2018-03-31,,55146000000,0.066,,,,,6300000000,0.126,6487000000,0.137,,4357000000,,84.04,83.90,0.101,0.107,0.114,,62817000000,45385000000,0.718,868.82,45098000000,9763000000,-2149000000,-856000000,19864000000,,0.309,,,,,,true,false,12,2017-04-01,2018-03-31,-1
2019-05-10,19760,2020-03-31,,25000000000,-0.006,,,,,2400000000,-0.263,2500000000,-0.290,,1650000000,,31.61,,,,,,,,,,,,,,,,,,,,,,true,true,6,2019-04-01,2019-09-30,1
2019-05-10,19760,2020-03-31,,53000000000,0.004,,,,,5200000000,-0.285,5350000000,-0.290,,3500000000,,67.04,,,,,,,,,,,,,,,,0.298,,,,,,true,true,12,2019-04-01,2020-03-31,1
2019-05-10,19760,2019-03-31,,37965000000,-0.109,,,,,5593000000,0.002,5939000000,-0.028,4012000000,,-0.035,77.11,77.08,,,,,47988000000,37680000000,0.785,721.72,37678000000,,,,,30.00,,,,59386718,7179817,52034179,false,false,12,2018-04-01,2019-03-31,0
2019-05-10,19760,2018-03-31,,42629000000,0.080,,,,,5579000000,0.246,6107000000,0.222,4158000000,,0.187,80.19,80.06,,,,,46216000000,35290000000,0.763,679.71,35282000000,,,,,26.00,,,,59386718,7478789,51850347,false,false,12,2017-04-01,2018-03-31,-1
2019-05-10,19760,2020-03-31,,18000000000,-0.038,,,,,1900000000,-0.274,2350000000,-0.199,1600000000,,-0.202,30.65,,,,,,,,,,,,,,,,,,,,,,false,true,6,2019-04-01,2019-09-30,1
2019-05-10,19760,2020-03-31,,40000000000,0.054,,,,,4600000000,-0.178,5100000000,-0.141,3400000000,,-0.153,65.13,,,,,,,,,,,,,,,20.00,,,,,,,false,true,12,2019-04-01,2020-03-31,1
2019-07-31,19760,2020-03-31,1,10490000000,-0.104,,,,,922000000,-0.240,1011000000,-0.252,,685000000,,13.13,,,,,,64634000000,48382000000,0.744,920.06,48060000000,,,,,,,,,,,,true,false,3,2019-04-01,2019-06-30,0
2019-07-31,19760,2019-03-31,1,11713000000,0.074,,,,,1212000000,0.641,1352000000,0.669,,901000000,,17.37,17.33,,,,,,,,,,,,,,,,,,,,,true,false,3,2018-04-01,2018-06-30,-1
2019-07-31,19760,2020-03-31,1,25000000000,-0.006,,,,,2400000000,-0.263,2500000000,-0.290,,1650000000,,31.61,,,,,,,,,,,,,,,,,,,,,,true,true,6,2019-04-01,2019-09-30,0
2019-07-31,19760,2020-03-31,1,53000000000,0.004,,,,,5200000000,-0.285,5350000000,-0.290,,3500000000,,67.04,,,,,,,,,,,,,,,,,,,,,,true,true,12,2019-04-01,2020-03-31,0
2019-07-31,19760,2019-03-31,1,,,,,,,,,,,,,,,,,,,,66533000000,48716000000,0.727,927.08,48399000000,,,,,,,,,,,,true,false,12,2018-04-01,2019-03-31,-1
2019-07-31,19760,2019-03-31,1,,,,,,,,,,,,,,,,,,,,,,,,,,,,,30.00,,,,59386718,7179817,,false,false,12,2018-04-01,2019-03-31,-1
2019-07-31,19760,2020-03-31,1,,,,,,,,,,,,,,,,,,,,,,,,,,,,,20.00,,,,,,,false,true,12,2019-04-01,2020-03-31,0
2019-07-31,19760,2020-03-31,1,,,,,,,,,,,,,,,,,,,,,,,,,,,,,,,,,59386718,7150108,52227633,false,false,3,2019-04-01,2019-06-30,0
2019-07-31,19760,2019-03-31,1,,,,,,,,,,,,,,,,,,,,,,,,,,,,,,,,,,,51917403,false,false,3,2018-04-01,2018-06-30,-1
2019-10-24,19760,2020-03-31,,24000000000,-0.040,,,,,2650000000,0.104,2850000000,0.140,,1900000000,,36.48,,,,,,,,,,,,,,,,,,,,,,true,true,6,2019-04-01,2019-09-30,0
2019-10-24,19760,2019-03-31,,25144000000,,,,,,3255000000,,3521000000,,,2379000000,,45.80,,,,,,,,,,,,,,,,,,,,,,true,false,6,2018-04-01,2018-09-30,-1
2019-10-31,19760,2020-03-31,2,24032000000,-0.044,,,,,2695000000,-0.172,2867000000,-0.186,,1944000000,,37.33,,,,,,64729000000,49107000000,0.754,943.70,48784000000,,,,,,,,,,,,true,false,6,2019-04-01,2019-09-30,0
2019-10-31,19760,2019-03-31,2,25144000000,-0.014,,,,,3255000000,0.365,3521000000,0.383,,2379000000,,45.80,45.75,,,,,,,,,,,,,,,,,,,,,true,false,6,2018-04-01,2018-09-30,-1
2019-10-31,19760,2020-03-31,2,53000000000,0.004,,,,,5200000000,-0.285,5350000000,-0.290,,3500000000,,67.04,,,,,,,,,,,,,,,,,,,,,,true,true,12,2019-04-01,2020-03-31,0
2019-10-31,19760,2019-03-31,2,,,,,,,,,,,,,,,,,,,,66533000000,48716000000,0.727,927.08,48399000000,,,,,,,,,,,,true,false,12,2018-04-01,2019-03-31,-1
2019-10-31,19760,2019-03-31,2,,,,,,,,,,,,,,,,,,,,,,,,,,,,,30.00,,,,59386718,7179817,,false,false,12,2018-04-01,2019-03-31,-1
2019-10-31,19760,2020-03-31,2,,,,,,,,,,,,,,,,,,,,,,,,,,,,,10.00,,,,,,,false,false,12,2019-04-01,2020-03-31,0
2019-10-31,19760,2020-03-31,2,,,,,,,,,,,,,,,,,,,,,,,,,,,,,20.00,,,,,,,false,true,12,2019-04-01,2020-03-31,0
2019-10-31,19760,2020-03-31,2,,,,,,,,,,,,,,,,,,,,,,,,,,,,,,,,,59386718,7692243,52087804,false,false,6,2019-04-01,2019-09-30,0
2019-10-31,19760,2019-03-31,2,,,,,,,,,,,,,,,,,,,,,,,,,,,,,,,,,,,51960393,false,false,6,2018-04-01,2018-09-30,-1
2020-01-31,19760,2020-03-31,3,36917000000,-0.032,,,,,4193000000,-0.160,4454000000,-0.152,,2985000000,,57.52,,,,,,65020000000,49501000000,0.756,957.04,49176000000,,,,,,,,,,,,true,false,9,2019-04-01,2019-12-31,0
2020-01-31,19760,2019-03-31,3,38129000000,-0.046,,,,,4991000000,0.199,5250000000,0.203,,3550000000,,68.28,68.20,,,,,,,,,,,,,,,,,,,,,true,false,9,2018-04-01,2018-12-31,-1
2020-01-31,19760,2020-03-31,3,53000000000,0.004,,,,,5200000000,-0.285,5350000000,-0.290,,3500000000,,67.04,,,,,,,,,,,,,,,,,,,,,,true,true,12,2019-04-01,2020-03-31,0
2020-01-31,19760,2019-03-31,3,,,,,,,,,,,,,,,,,,,,66533000000,48716000000,0.727,927.08,48399000000,,,,,,,,,,,,true,false,12,2018-04-01,2019-03-31,-1
2020-01-31,19760,2019-03-31,3,,,,,,,,,,,,,,,,,,,,,,,,,,,,,30.00,,,,59386718,7179817,,false,false,12,2018-04-01,2019-03-31,-1
2020-01-31,19760,2020-03-31,3,,,,,,,,,,,,,,,,,,,,,,,,,,,,,10.00,,,,,,,false,false,12,2019-04-01,2020-03-31,0
2020-01-31,19760,2020-03-31,3,,,,,,,,,,,,,,,,,,,,,,,,,,,,,20.00,,,,,,,false,true,12,2019-04-01,2020-03-31,0
2020-01-31,19760,2020-03-31,3,,,,,,,,,,,,,,,,,,,,,,,,,,,,,,,,,59386718,8002258,51907274,false,false,9,2019-04-01,2019-12-31,0
2020-01-31,19760,2019-03-31,3,,,,,,,,,,,,,,,,,,,,,,,,,,,,,,,,,,,52006351,false,false,9,2018-04-01,2018-12-31,-1
2020-04-24,19760,2020-03-31,,53000000000,0.000,,,,,6400000000,0.231,6950000000,0.299,,4680000000,,90.43,,,,,,,,,,,,,,,,,,,,,,true,true,12,2019-04-01,2020-03-31,0
2020-04-24,19760,2019-03-31,,52810000000,,,,,,7277000000,,7532000000,,,5068000000,,97.41,,,,,,,,,,,,,,,,,,,,,,true,false,12,2018-04-01,2019-03-31,-1
2020-04-24,19760,2020-03-31,,37400000000,-0.065,,,,,4800000000,0.043,5700000000,0.118,4000000000,,0.176,77.29,,,,,,,,,,,,,,,30.00,,,,,,,false,true,12,2019-04-01,2020-03-31,0
2020-04-24,19760,2019-03-31,,37965000000,,,,,,5593000000,,5939000000,,4012000000,,,77.11,,,,,,,,,,,,,,,30.00,,,,,,,false,false,12,2018-04-01,2019-03-31,-1
2020-04-24,19760,2020-03-31,,,,,,,,,,,,,,,,,,,,,,,,,,,,,,10.00,,,,,,,false,false,12,2019-04-01,2020-03-31,0
2020-05-08,19760,2020-03-31,,53073000000,0.005,,,,,6442000000,-0.115,6996000000,-0.071,,4709000000,,91.00,,0.095,0.105,0.121,,66324000000,50783000000,0.760,983.89,50439000000,915000000,200000000,-2376000000,19381000000,,0.330,,,,,,true,false,12,2019-04-01,2020-03-31,0
2020-05-08,19760,2019-03-31,,52810000000,-0.042,,,,,7277000000,0.155,7532000000,0.161,,5068000000,,97.41,97.36,0.108,0.116,0.138,,66533000000,48716000000,0.727,927.08,48399000000,2970000000,-802000000,-1308000000,20642000000,,0.308,,,,,,true,false,12,2018-04-01,2019-03-31,-1
2020-05-08,19760,2021-03-31,,26000000000,0.082,,,,,2800000000,0.039,2900000000,0.011,,2000000000,,39.01,,,,,,,,,,,,,,,,,,,,,,true,true,6,2020-04-01,2020-09-30,1
2020-05-08,19760,2021-03-31,,55000000000,0.036,,,,,5600000000,-0.131,5750000000,-0.178,,3950000000,,77.05,,,,,,,,,,,,,,,,0.286,,,,,,true,true,12,2020-04-01,2021-03-31,1
2020-05-08,19760,2020-03-31,,37470000000,-0.013,,,,,4831000000,-0.136,5758000000,-0.030,4027000000,,0.004,77.83,,,,,,48493000000,39095000000,0.806,762.61,39095000000,,,,,30.00,,,,59386718,8121256,51754169,false,false,12,2019-04-01,2020-03-31,0
2020-05-08,19760,2019-03-31,,37965000000,-0.109,,,,,5593000000,0.002,5939000000,-0.028,4012000000,,-0.035,77.11,77.08,,,,,47988000000,37680000000,0.785,721.72,37678000000,,,,,30.00,,,,59386718,7179817,52034179,false,false,12,2018-04-01,2019-03-31,-1
2020-05-08,19760,2021-03-31,,18000000000,0.056,,,,,1950000000,0.005,2300000000,-0.069,1500000000,,-0.167,29.26,,,,,,,,,,,,,,,,,,,,,,false,true,6,2020-04-01,2020-09-30,1
2020-05-08,19760,2021-03-31,,40000000000,0.068,,,,,4600000000,-0.048,5300000000,-0.080,3600000000,,-0.106,70.22,,,,,,,,,,,,,,,22.00,,,,,,,false,true,12,2020-04-01,2021-03-31,1
2020-07-31,19760,2021-03-31,1,10110000000,-0.036,,,,,699000000,-0.241,777000000,-0.232,,495000000,,9.67,,,,,,64995000000,50264000000,0.768,973.63,49913000000,,,,,,,,,,,,true,false,3,2020-04-01,2020-06-30,0
2020-07-31,19760,2020-03-31,1,10490000000,-0.104,,,,,922000000,-0.240,1011000000,-0.252,,685000000,,13.13,,,,,,,,,,,,,,,,,,,,,,true,false,3,2019-04-01,2019-06-30,-1
2020-07-31,19760,2021-03-31,1,26000000000,0.082,,,,,2800000000,0.039,2900000000,0.011,,2000000000,,39.01,,,,,,,,,,,,,,,,,,,,,,true,true,6,2020-04-01,2020-09-30,0
2020-07-31,19760,2021-03-31,1,55000000000,0.036,,,,,5600000000,-0.131,5750000000,-0.178,,3950000000,,77.05,,,,,,,,,,,,,,,,,,,,,,true,true,12,2020-04-01,2021-03-31,0
2020-07-31,19760,2020-03-31,1,,,,,,,,,,,,,,,,,,,,66324000000,50783000000,0.760,983.89,50439000000,,,,,,,,,,,,true,false,12,2019-04-01,2020-03-31,-1
2020-07-31,19760,2020-03-31,1,,,,,,,,,,,,,,,,,,,,,,,,,,,,,30.00,,,,59386718,8121256,,false,false,12,2019-04-01,2020-03-31,-1
2020-07-31,19760,2021-03-31,1,,,,,,,,,,,,,,,,,,,,,,,,,,,,,22.00,,,,,,,false,true,12,2020-04-01,2021-03-31,0
2020-07-31,19760,2021-03-31,1,,,,,,,,,,,,,,,,,,,,,,,,,,,,,,,,,59386718,8121256,51265462,false,false,3,2020-04-01,2020-06-30,0
2020-07-31,19760,2020-03-31,1,,,,,,,,,,,,,,,,,,,,,,,,,,,,,,,,,,,52227633,false,false,3,2019-04-01,2019-06-30,-1
2020-10-30,19760,2021-03-31,2,23441000000,-0.025,,,,,2426000000,-0.100,2589000000,-0.097,,1746000000,,34.07,,,,,,66493000000,51563000000,0.770,998.95,51218000000,,,,,,,,,,,,true,false,6,2020-04-01,2020-09-30,0
2020-10-30,19760,2020-03-31,2,24032000000,-0.044,,,,,2695000000,-0.172,2867000000,-0.186,,1944000000,,37.33,,,,,,,,,,,,,,,,,,,,,,true,false,6,2019-04-01,2019-09-30,-1
2020-10-30,19760,2021-03-31,2,50000000000,-0.058,,,,,5200000000,-0.193,5350000000,-0.235,,3650000000,,71.19,,,,,,,,,,,,,,,,,,,,,,true,true,12,2020-04-01,2021-03-31,0
2020-10-30,19760,2020-03-31,2,,,,,,,,,,,,,,,,,,,,66324000000,50783000000,0.760,983.89,50439000000,,,,,,,,,,,,true,false,12,2019-04-01,2020-03-31,-1
2020-10-30,19760,2020-03-31,2,,,,,,,,,,,,,,,,,,,,,,,,,,,,,30.00,,,,59386718,8121256,,false,false,12,2019-04-01,2020-03-31,-1
2020-10-30,19760,2021-03-31,2,,,,,,,,,,,,,,,,,,,,,,,,,,,,,10.00,,,,,,,false,false,12,2020-04-01,2021-03-31,0
2020-10-30,19760,2021-03-31,2,,,,,,,,,,,,,,,,,,,,,,,,,,,,,22.00,,,,,,,false,true,12,2020-04-01,2021-03-31,0
2020-10-30,19760,2021-03-31,2,,,,,,,,,,,,,,,,,,,,,,,,,,,,,,,,,59386718,8113999,51267805,false,false,6,2020-04-01,2020-09-30,0
2020-10-30,19760,2020-03-31,2,,,,,,,,,,,,,,,,,,,,,,,,,,,,,,,,,,,52087804,false,false,6,2019-04-01,2019-09-30,-1
2020-10-30,19760,2021-03-31,,50000000000,-0.091,,,,,5200000000,-0.071,5350000000,-0.070,,3650000000,,71.19,,,,,,,,,,,,,,,,,,,,,,true,true,12,2020-04-01,2021-03-31,0
2020-10-30,19760,2020-03-31,,53073000000,,,,,,6442000000,,6996000000,,,4709000000,,91.00,,,,,,,,,,,,,,,,,,,,,,true,false,12,2019-04-01,2020-03-31,-1
2020-10-30,19760,2021-03-31,,37000000000,-0.075,,,,,4600000000,,5400000000,0.019,3750000000,,0.042,73.14,,,,,,,,,,,,,,,,,,,,,,false,true,12,2020-04-01,2021-03-31,0
2020-10-30,19760,2020-03-31,,37470000000,,,,,,4831000000,,5758000000,,4027000000,,,77.83,,,,,,,,,,,,,,,,,,,,,,false,false,12,2019-04-01,2020-03-31,-1
2021-01-29,19760,2021-03-31,3,36004000000,-0.025,,,,,4084000000,-0.026,4276000000,-0.040,,2896000000,,56.49,,,,,,66759000000,52296000000,0.778,1012.82,51929000000,,,,,,,,,,,,true,false,9,2020-04-01,2020-12-31,0
2021-01-29,19760,2020-03-31,3,36917000000,-0.032,,,,,4193000000,-0.160,4454000000,-0.152,,2985000000,,57.52,,,,,,,,,,,,,,,,,,,,,,true,false,9,2019-04-01,2019-12-31,-1
2021-01-29,19760,2021-03-31,3,50000000000,-0.058,,,,,5200000000,-0.193,5350000000,-0.235,,3650000000,,71.19,,,,,,,,,,,,,,,,,,,,,,true,true,12,2020-04-01,2021-03-31,0
2021-01-29,19760,2020-03-31,3,,,,,,,,,,,,,,,,,,,,66324000000,50783000000,0.760,983.89,50439000000,,,,,,,,,,,,true,false,12,2019-04-01,2020-03-31,-1
2021-01-29,19760,2020-03-31,3,,,,,,,,,,,,,,,,,,,,,,,,,,,,,30.00,,,,59386718,8121256,,false,false,12,2019-04-01,2020-03-31,-1
2021-01-29,19760,2021-03-31,3,,,,,,,,,,,,,,,,,,,,,,,,,,,,,10.00,,,,,,,false,false,12,2020-04-01,2021-03-31,0
2021-01-29,19760,2021-03-31,3,,,,,,,,,,,,,,,,,,,,,,,,,,,,,22.00,,,,,,,false,true,12,2020-04-01,2021-03-31,0
2021-01-29,19760,2021-03-31,3,,,,,,,,,,,,,,,,,,,,,,,,,,,,,,,,,59386718,8114191,51269331,false,false,9,2020-04-01,2020-12-31,0
2021-01-29,19760,2020-03-31,3,,,,,,,,,,,,,,,,,,,,,,,,,,,,,,,,,,,51907274,false,false,9,2019-04-01,2019-12-31,-1
2021-04-23,19760,2021-03-31,,50500000000,0.010,,,,,6350000000,0.221,6700000000,0.252,,4550000000,,88.75,,,,,,,,,,,,,,,,,,,,,,true,true,12,2020-04-01,2021-03-31,0
2021-04-23,19760,2020-03-31,,53073000000,,,,,,6442000000,,6996000000,,,4709000000,,91.00,,,,,,,,,,,,,,,,,,,,,,true,false,12,2019-04-01,2020-03-31,-1
2021-04-23,19760,2021-03-31,,37000000000,0.000,,,,,5300000000,0.152,5950000000,0.102,4100000000,,0.093,79.97,,,,,,,,,,,,,,,30.00,,,,,,,false,true,12,2020-04-01,2021-03-31,0
2021-04-23,19760,2020-03-31,,37470000000,,,,,,4831000000,,5758000000,,4027000000,,,77.83,,,,,,,,,,,,,,,30.00,,,,,,,false,false,12,2019-04-01,2020-03-31,-1
2021-04-23,19760,2021-03-31,,,,,,,,,,,,,,,,,,,,,,,,,,,,,,10.00,,,,,,,false,false,12,2020-04-01,2021-03-31,0
2021-05-07,19760,2021-03-31,,50533000000,-0.048,,,,,6399000000,-0.007,6742000000,-0.036,,4600000000,,89.74,,0.088,0.100,0.127,,68920000000,54365000000,0.783,1053.19,53999000000,5165000000,-532000000,-1469000000,22471000000,,0.334,,,,,,true,false,12,2020-04-01,2021-03-31,0
2021-05-07,19760,2020-03-31,,53073000000,0.005,,,,,6442000000,-0.115,6996000000,-0.071,,4709000000,,91.00,,0.095,0.105,0.121,,66324000000,50783000000,0.760,983.89,50439000000,915000000,200000000,-2376000000,19381000000,,0.330,,,,,,true,false,12,2019-04-01,2020-03-31,-1
2021-05-07,19760,2022-03-31,,24000000000,0.024,,,,,2350000000,-0.032,2450000000,-0.054,,1650000000,,32.18,,,,,,,,,,,,,,,,,,,,,,true,true,6,2021-04-01,2021-09-30,1
2021-05-07,19760,2022-03-31,,52000000000,0.029,,,,,5500000000,-0.141,5700000000,-0.155,,3850000000,,75.09,,,,,,,,,,,,,,,,0.320,,,,,,true,true,12,2021-04-01,2022-03-31,1
2021-05-07,19760,2021-03-31,,37215000000,-0.007,,,,,5322000000,0.102,5988000000,0.040,4143000000,,0.029,80.82,,,,,,51676000000,42141000000,0.815,821.90,42141000000,,,,,30.00,,,,59386718,8114323,51270094,false,false,12,2020-04-01,2021-03-31,0
2021-05-07,19760,2020-03-31,,37470000000,-0.013,,,,,4831000000,-0.136,5758000000,-0.030,4027000000,,0.004,77.83,,,,,,48493000000,39095000000,0.806,762.61,39095000000,,,,,30.00,,,,59386718,8121256,51754169,false,false,12,2019-04-01,2020-03-31,-1
2021-05-07,19760,2022-03-31,,18000000000,0.061,,,,,2250000000,0.110,2500000000,0.003,1700000000,,-0.043,33.16,,,,,,,,,,,,,,,,,,,,,,false,true,6,2021-04-01,2021-09-30,1
2021-05-07,19760,2022-03-31,,38000000000,0.021,,,,,5000000000,-0.061,5550000000,-0.073,3750000000,,-0.095,73.14,,,,,,,,,,,,,,,24.00,,,,,,,false,true,12,2021-04-01,2022-03-31,1
2021-07-30,1976,2022-03-31,1,10965000000,0.085,,,,,990000000,0.415,1102000000,0.418,,706000000,,13.78,,,,,,68598000000,54232000000,0.785,1050.38,53855000000,,,,,,,,,,,,true,false,3,2021-04-01,2021-06-30,0
2021-07-30,1976,2021-03-31,1,10110000000,-0.036,,,,,699000000,-0.241,777000000,-0.232,,495000000,,9.67,,,,,,,,,,,,,,,,,,,,,,true,false,3,2020-04-01,2020-06-30,-1
2021-07-30,1976,2022-03-31,1,24000000000,0.024,,,,,2350000000,-0.032,2450000000,-0.054,,1650000000,,32.18,,,,,,,,,,,,,,,,,,,,,,true,true,6,2021-04-01,2021-09-30,0
2021-07-30,1976,2022-03-31,1,52000000000,0.029,,,,,5500000000,-0.141,5700000000,-0.155,,3850000000,,75.09,,,,,,,,,,,,,,,,,,,,,,true,true,12,2021-04-01,2022-03-31,0
2021-07-30,1976,2021-03-31,1,,,,,,,,,,,,,,,,,,,,68920000000,54365000000,0.783,1053.19,53999000000,,,,,,,,,,,,true,false,12,2020-04-01,2021-03-31,-1
2021-07-30,1976,2021-03-31,1,,,,,,,,,,,,,,,,,,,,,,,,,,,,,30.00,,,,59386718,8114323,,false,false,12,2020-04-01,2021-03-31,-1
2021-07-30,1976,2022-03-31,1,,,,,,,,,,,,,,,,,,,,,,,,,,,,,24.00,,,,,,,false,true,12,2021-04-01,2022-03-31,0
2021-07-30,1976,2022-03-31,1,,,,,,,,,,,,,,,,,,,,,,,,,,,,,,,,,59386718,8114451,51272353,false,false,3,2021-04-01,2021-06-30,0
2021-07-30,1976,2021-03-31,1,,,,,,,,,,,,,,,,,,,,,,,,,,,,,,,,,,,51265462,false,false,3,2020-04-01,2020-06-30,-1
2021-10-21,19760,2022-03-31,,22300000000,-0.071,,,,,1950000000,-0.170,2150000000,-0.122,,1400000000,,27.31,,,,,,,,,,,,,,,,,,,,,,true,true,6,2021-04-01,2021-09-30,0
2021-10-21,19760,2021-03-31,,23441000000,,,,,,2426000000,,2589000000,,,1746000000,,34.07,,,,,,,,,,,,,,,,,,,,,,true,false,6,2020-04-01,2020-09-30,-1
2021-10-21,19760,2022-03-31,,15400000000,-0.144,,,,,1500000000,-0.333,1900000000,-0.240,1300000000,,-0.235,25.35,,,,,,,,,,,,,,,,,,,,,,false,true,6,2021-04-01,2021-09-30,0
2021-10-21,19760,2021-03-31,,16963000000,,,,,,2027000000,,2492000000,,1775000000,,,34.63,,,,,,,,,,,,,,,,,,,,,,false,false,6,2020-04-01,2020-09-30,-1
2021-10-29,1976,2022-03-31,2,22323000000,-0.048,,,,,1962000000,-0.191,2167000000,-0.163,,1423000000,,27.76,,,,,,69265000000,55037000000,0.789,1066.18,54665000000,,,,,,,,,,,,true,false,6,2021-04-01,2021-09-30,0
2021-10-29,1976,2021-03-31,2,23441000000,-0.025,,,,,2426000000,-0.100,2589000000,-0.097,,1746000000,,34.07,,,,,,,,,,,,,,,,,,,,,,true,false,6,2020-04-01,2020-09-30,-1
2021-10-29,1976,2022-03-31,2,50000000000,-0.011,,,,,5100000000,-0.203,5300000000,-0.214,,3550000000,,69.24,,,,,,,,,,,,,,,,,,,,,,true,true,12,2021-04-01,2022-03-31,0
2021-10-29,1976,2021-03-31,2,,,,,,,,,,,,,,,,,,,,68920000000,54365000000,0.783,1053.19,53999000000,,,,,,,,,,,,true,false,12,2020-04-01,2021-03-31,-1
2021-10-29,1976,2021-03-31,2,,,,,,,,,,,,,,,,,,,,,,,,,,,,,30.00,,,,59386718,8114323,,false,false,12,2020-04-01,2021-03-31,-1
2021-10-29,1976,2022-03-31,2,,,,,,,,,,,,,,,,,,,,,,,,,,,,,10.00,,,,,,,false,false,12,2021-04-01,2022-03-31,0
2021-10-29,1976,2022-03-31,2,,,,,,,,,,,,,,,,,,,,,,,,,,,,,24.00,,,,,,,false,true,12,2021-04-01,2022-03-31,0
2021-10-29,1976,2022-03-31,2,,,,,,,,,,,,,,,,,,,,,,,,,,,,,,,,,59386718,8114612,51272279,false,false,6,2021-04-01,2021-09-30,0
2021-10-29,1976,2021-03-31,2,,,,,,,,,,,,,,,,,,,,,,,,,,,,,,,,,,,51267805,false,false,6,2020-04-01,2020-09-30,-1
2021-10-29,19760,2022-03-31,,50000000000,-0.038,,,,,5100000000,-0.073,5300000000,-0.070,,3550000000,,69.24,,,,,,,,,,,,,,,,,,,,,,true,true,12,2021-04-01,2022-03-31,0
2021-10-29,19760,2021-03-31,,50533000000,,,,,,6399000000,,6742000000,,,4600000000,,89.74,,,,,,,,,,,,,,,,,,,,,,true,false,12,2020-04-01,2021-03-31,-1
2021-10-29,19760,2022-03-31,,35500000000,-0.066,,,,,4300000000,-0.140,5550000000,,3750000000,,,73.14,,,,,,,,,,,,,,,,,,,,,,false,true,12,2021-04-01,2022-03-31,0
2021-10-29,19760,2021-03-31,,37215000000,,,,,,5322000000,,5988000000,,4143000000,,,80.82,,,,,,,,,,,,,,,,,,,,,,false,false,12,2020-04-01,2021-03-31,-1
2022-01-31,1976,2022-03-31,3,34372000000,-0.045,,,,,3359000000,-0.177,3640000000,-0.149,,2472000000,,48.31,,,,,,68564000000,54651000000,0.792,1085.41,54286000000,,,,,,,,,,,,true,false,9,2021-04-01,2021-12-31,0
2022-01-31,1976,2021-03-31,3,36004000000,-0.025,,,,,4084000000,-0.026,4276000000,-0.040,,2896000000,,56.49,,,,,,,,,,,,,,,,,,,,,,true,false,9,2020-04-01,2020-12-31,-1
2022-01-31,1976,2022-03-31,3,50000000000,-0.011,,,,,5100000000,-0.203,5300000000,-0.214,,3550000000,,69.24,,,,,,,,,,,,,,,,,,,,,,true,true,12,2021-04-01,2022-03-31,0
2022-01-31,1976,2021-03-31,3,,,,,,,,,,,,,,,,,,,,68920000000,54365000000,0.783,1053.19,53999000000,,,,,,,,,,,,true,false,12,2020-04-01,2021-03-31,-1
2022-01-31,1976,2021-03-31,3,,,,,,,,,,,,,,,,,,,,,,,,,,,,,30.00,,,,59386718,8114323,,false,false,12,2020-04-01,2021-03-31,-1
2022-01-31,1976,2022-03-31,3,,,,,,,,,,,,,,,,,,,,,,,,,,,,,10.00,,,,,,,false,false,12,2021-04-01,2022-03-31,0
2022-01-31,1976,2022-03-31,3,,,,,,,,,,,,,,,,,,,,,,,,,,,,,24.00,,,,,,,false,true,12,2021-04-01,2022-03-31,0
2022-01-31,1976,2022-03-31,3,,,,,,,,,,,,,,,,,,,,,,,,,,,,,,,,,59386718,9371632,51177972,false,false,9,2021-04-01,2021-12-31,0
2022-01-31,1976,2021-03-31,3,,,,,,,,,,,,,,,,,,,,,,,,,,,,,,,,,,,51269331,false,false,9,2020-04-01,2020-12-31,-1
2022-05-10,1976,2022-03-31,,48389000000,-0.042,,,,,5339000000,-0.166,5641000000,-0.163,,3793000000,,74.63,,0.069,0.081,0.110,,71149000000,55924000000,0.781,1116.33,55562000000,7171000000,-9000000,-2661000000,27183000000,,0.402,,,,,,true,false,12,2021-04-01,2022-03-31,0
2022-05-10,1976,2021-03-31,,50533000000,-0.048,,,,,6399000000,-0.007,6742000000,-0.036,,4600000000,,89.74,,0.088,0.100,0.127,,68920000000,54365000000,0.783,1053.19,53999000000,5165000000,-532000000,-1469000000,22471000000,,0.334,,,,,,true,false,12,2020-04-01,2021-03-31,-1
2022-05-10,1976,2023-03-31,,24000000000,0.075,,,,,2400000000,0.223,2500000000,0.154,,1700000000,,34.16,,,,,,,,,,,,,,,,,,,,,,true,true,6,2022-04-01,2022-09-30,1
2022-05-10,1976,2023-03-31,,52000000000,0.075,,,,,5400000000,0.011,5500000000,-0.025,,3650000000,,73.33,,,,,,,,,,,,,,,,0.355,,,,,,true,true,12,2022-04-01,2023-03-31,1
2022-05-10,1976,2022-03-31,,34054000000,-0.085,,,,,4170000000,-0.216,5470000000,-0.086,3989000000,,-0.037,78.48,,,,,,52441000000,43649000000,0.832,876.98,43649000000,,,,,30.00,,,,56386718,6614632,50838602,false,false,12,2021-04-01,2022-03-31,0
2022-05-10,1976,2021-03-31,,37215000000,-0.007,,,,,5322000000,0.102,5988000000,0.040,4143000000,,0.029,80.82,,,,,,51676000000,42141000000,0.815,821.90,42141000000,,,,,30.00,,,,59386718,8114323,51270094,false,false,12,2020-04-01,2021-03-31,-1
2022-05-10,1976,2023-03-31,,17000000000,0.099,,,,,1800000000,0.154,2050000000,0.058,1400000000,,0.056,28.13,,,,,,,,,,,,,,,,,,,,,,false,true,6,2022-04-01,2022-09-30,1
2022-05-10,1976,2023-03-31,,37000000000,0.086,,,,,4500000000,0.079,4900000000,-0.104,3350000000,,-0.160,67.31,,,,,,,,,,,,,,,26.00,,,,,,,false,true,12,2022-04-01,2023-03-31,1
,19760,2022-03-31,,,,,,,,,,,,,,,,,,,,,,,,,,,,,,30.00,,,,,,,false,true,12,2021-04-01,2022-03-31,0
,19760,2022-03-31,,,,,,,,,,,,,,,,,,,,,,,,,,,,,,10.00,,,,,,,false,false,12,2021-04-01,2022-03-31,0
,19760,2021-03-31,,,,,,,,,,,,,,,,,,,,,,,,,,,,,,30.00,,,,,,,false,false,12,2020-04-01,2021-03-31,-1
2022-07-29,1976,2023-03-31,1,12051000000,0.099,,,,,1089000000,0.100,1285000000,0.166,,838000000,,16.85,,,,,,71546000000,55939000000,0.777,1116.42,55566000000,,,,,,,,,,,,true,false,3,2022-04-01,2022-06-30,0
2022-07-29,1976,2022-03-31,1,10965000000,0.085,,,,,990000000,0.415,1102000000,0.418,,706000000,,13.78,,,,,,,,,,,,,,,,,,,,,,true,false,3,2021-04-01,2021-06-30,-1
2022-07-29,1976,2023-03-31,1,24000000000,0.075,,,,,2400000000,0.223,2500000000,0.154,,1700000000,,34.16,,,,,,,,,,,,,,,,,,,,,,true,true,6,2022-04-01,2022-09-30,0
2022-07-29,1976,2023-03-31,1,52000000000,0.075,,,,,5400000000,0.011,5500000000,-0.025,,3650000000,,73.33,,,,,,,,,,,,,,,,,,,,,,true,true,12,2022-04-01,2023-03-31,0
2022-07-29,1976,2022-03-31,1,,,,,,,,,,,,,,,,,,,,71149000000,55924000000,0.781,1116.33,55562000000,,,,,,,,,,,,true,false,12,2021-04-01,2022-03-31,-1
2022-07-29,1976,2022-03-31,1,,,,,,,,,,,,,,,,,,,,,,,,,,,,,30.00,,,,56386718,6614632,,false,false,12,2021-04-01,2022-03-31,-1
2022-07-29,1976,2023-03-31,1,,,,,,,,,,,,,,,,,,,,,,,,,,,,,26.00,,,,,,,false,true,12,2022-04-01,2023-03-31,0
2022-07-29,1976,2023-03-31,1,,,,,,,,,,,,,,,,,,,,,,,,,,,,,,,,,56386718,6614768,49772013,false,false,3,2022-04-01,2022-06-30,0
2022-07-29,1976,2022-03-31,1,,,,,,,,,,,,,,,,,,,,,,,,,,,,,,,,,,,51272353,false,false,3,2021-04-01,2021-06-30,-1
2022-10-20,19760,2023-03-31,,25500000000,0.063,,,,,2750000000,0.146,3100000000,0.240,,2100000000,,42.19,,,,,,,,,,,,,,,,,,,,,,true,true,6,2022-04-01,2022-09-30,0
2022-10-20,19760,2022-03-31,,22323000000,,,,,,1962000000,,2167000000,,,1423000000,,27.76,,,,,,,,,,,,,,,,,,,,,,true,false,6,2021-04-01,2021-09-30,-1
2022-10-20,19760,2023-03-31,,18000000000,0.059,,,,,2300000000,0.278,2800000000,0.366,2000000000,,0.429,40.18,,,,,,,,,,,,,,,,,,,,,,false,true,6,2022-04-01,2022-09-30,0
2022-10-20,19760,2022-03-31,,15466000000,,,,,,1559000000,,1938000000,,1325000000,,,25.86,,,,,,,,,,,,,,,,,,,,,,false,false,6,2021-04-01,2021-09-30,-1
2022-10-31,1976,2023-03-31,2,25722000000,0.152,,,,,2799000000,0.426,3119000000,0.440,,2118000000,,42.56,,,,,,73364000000,57395000000,0.777,1144.98,57019000000,,,,,,,,,,,,true,false,6,2022-04-01,2022-09-30,0
2022-10-31,1976,2022-03-31,2,22323000000,-0.048,,,,,1962000000,-0.191,2167000000,-0.163,,1423000000,,27.76,,,,,,,,,,,,,,,,,,,,,,true,false,6,2021-04-01,2021-09-30,-1
2022-10-31,1976,2023-03-31,2,52000000000,0.075,,,,,5600000000,0.049,5800000000,0.028,,3950000000,,79.33,,,,,,,,,,,,,,,,,,,,,,true,true,12,2022-04-01,2023-03-31,0
2022-10-31,1976,2022-03-31,2,,,,,,,,,,,,,,,,,,,,71149000000,55924000000,0.781,1116.33,55562000000,,,,,,,,,,,,true,false,12,2021-04-01,2022-03-31,-1
2022-10-31,1976,2022-03-31,2,,,,,,,,,,,,,,,,,,,,,,,,,,,,,30.00,,,,56386718,6614632,,false,false,12,2021-04-01,2022-03-31,-1
2022-10-31,1976,2023-03-31,2,,,,,,,,,,,,,,,,,,,,,,,,,,,,,12.00,,,,,,,false,false,12,2022-04-01,2023-03-31,0
2022-10-31,1976,2023-03-31,2,,,,,,,,,,,,,,,,,,,,,,,,,,,,,28.00,,,,,,,false,true,12,2022-04-01,2023-03-31,0
2022-10-31,1976,2023-03-31,2,,,,,,,,,,,,,,,,,,,,,,,,,,,,,,,,,56386718,6587288,49780246,false,false,6,2022-04-01,2022-09-30,0
2022-10-31,1976,2022-03-31,2,,,,,,,,,,,,,,,,,,,,,,,,,,,,,,,,,,,51272279,false,false,6,2021-04-01,2021-09-30,-1
2023-01-31,1976,2023-03-31,3,39891000000,0.161,,,,,4266000000,0.270,4611000000,0.267,,2918000000,,58.63,,,,,,73901000000,57807000000,0.777,1152.84,57410000000,,,,,,,,,,,,true,false,9,2022-04-01,2022-12-31,0
2023-01-31,1976,2022-03-31,3,34372000000,-0.045,,,,,3359000000,-0.177,3640000000,-0.149,,2472000000,,48.31,,,,,,,,,,,,,,,,,,,,,,true,false,9,2021-04-01,2021-12-31,-1
2023-01-31,1976,2023-03-31,3,52000000000,0.075,,,,,5600000000,0.049,5800000000,0.028,,3950000000,,79.33,,,,,,,,,,,,,,,,,,,,,,true,true,12,2022-04-01,2023-03-31,0
2023-01-31,1976,2022-03-31,3,,,,,,,,,,,,,,,,,,,,71149000000,55924000000,0.781,1116.33,55562000000,,,,,,,,,,,,true,false,12,2021-04-01,2022-03-31,-1
2023-01-31,1976,2022-03-31,3,,,,,,,,,,,,,,,,,,,,,,,,,,,,,30.00,,,,56386718,6614632,,false,false,12,2021-04-01,2022-03-31,-1
2023-01-31,1976,2023-03-31,3,,,,,,,,,,,,,,,,,,,,,,,,,,,,,12.00,,,,,,,false,false,12,2022-04-01,2023-03-31,0
2023-01-31,1976,2023-03-31,3,,,,,,,,,,,,,,,,,,,,,,,,,,,,,28.00,,,,,,,false,true,12,2022-04-01,2023-03-31,0
2023-01-31,1976,2023-03-31,3,,,,,,,,,,,,,,,,,,,,,,,,,,,,,,,,,56386718,6587291,49786665,false,false,9,2022-04-01,2022-12-31,0
2023-01-31,1976,2022-03-31,3,,,,,,,,,,,,,,,,,,,,,,,,,,,,,,,,,,,51177972,false,false,9,2021-04-01,2021-12-31,-1
2023-04-25,19760,2023-03-31,,55500000000,0.067,,,,,6800000000,0.214,7200000000,0.241,,4650000000,,93.39,,,,,,,,,,,,,,,,,,,,,,true,true,12,2022-04-01,2023-03-31,0
2023-04-25,19760,2022-03-31,,48389000000,,,,,,5339000000,,5641000000,,,3793000000,,74.63,,,,,,,,,,,,,,,,,,,,,,true,false,12,2021-04-01,2022-03-31,-1
2023-04-25,19760,2023-03-31,,38000000000,0.000,,,,,5400000000,0.113,6050000000,0.110,4200000000,,0.105,84.35,,,,,,,,,,,,,,,36.00,,,,,,,false,true,12,2022-04-01,2023-03-31,0
2023-04-25,19760,2022-03-31,,34054000000,,,,,,4170000000,,5470000000,,3989000000,,,78.48,,,,,,,,,,,,,,,30.00,,,,,,,false,false,12,2021-04-01,2022-03-31,-1
2023-04-25,19760,2023-03-31,,,,,,,,,,,,,,,,,,,,,,,,,,,,,,12.00,,,,,,,false,false,12,2022-04-01,2023-03-31,0
2023-05-10,1976,2023-03-31,,55890000000,0.155,,,,,6830000000,0.279,7258000000,0.287,,4680000000,,94.00,,0.082,0.098,0.122,,77508000000,59448000000,0.762,1185.84,59053000000,4068000000,-827000000,-1739000000,29004000000,,0.383,,,,,,true,false,12,2022-04-01,2023-03-31,0
2023-05-10,1976,2022-03-31,,48389000000,-0.042,,,,,5339000000,-0.166,5641000000,-0.163,,3793000000,,74.63,,0.069,0.081,0.110,,71149000000,55924000000,0.781,1116.33,55562000000,7171000000,-9000000,-2661000000,27183000000,,0.402,,,,,,true,false,12,2021-04-01,2022-03-31,-1
2023-05-10,1976,2024-03-31,,26000000000,0.011,,,,,2900000000,0.036,3000000000,-0.038,,2050000000,,41.17,,,,,,,,,,,,,,,,,,,,,,true,true,6,2023-04-01,2023-09-30,1
2023-05-10,1976,2024-03-31,,55000000000,-0.016,,,,,6600000000,-0.034,6700000000,-0.077,,4670000000,,93.78,,,,,,,,,,,,,,,,0.384,,,,,,true,true,12,2023-04-01,2024-03-31,1
2023-05-10,1976,2023-03-31,,38214000000,0.122,,,,,5360000000,0.285,6000000000,0.097,4165000000,,0.044,83.67,,,,,,56739000000,46329000000,0.817,930.33,46329000000,,,,,36.00,,,,56386718,6587371,49789806,false,false,12,2022-04-01,2023-03-31,0
2023-05-10,1976,2022-03-31,,34054000000,-0.085,,,,,4170000000,-0.216,5470000000,-0.086,3989000000,,-0.037,78.48,,,,,,52441000000,43649000000,0.832,876.98,43649000000,,,,,30.00,,,,56386718,6614632,50838602,false,false,12,2021-04-01,2022-03-31,-1
2023-05-10,1976,2024-03-31,,18000000000,-0.010,,,,,2350000000,0.005,2650000000,-0.076,1800000000,,-0.115,36.15,,,,,,,,,,,,,,,,,,,,,,false,true,6,2023-04-01,2023-09-30,1
2023-05-10,1976,2024-03-31,,39000000000,0.021,,,,,5500000000,0.026,5900000000,-0.017,4100000000,,-0.016,82.33,,,,,,,,,,,,,,,36.00,,,,,,,false,true,12,2023-04-01,2024-03-31,1
2023-07-31,1976,2024-03-31,1,12534000000,0.040,,,,,812000000,-0.254,984000000,-0.234,,804000000,,16.15,,,,,,77058000000,59282000000,0.764,1182.38,58881000000,,,,,,,,,,,,true,false,3,2023-04-01,2023-06-30,0
2023-07-31,1976,2023-03-31,1,12051000000,0.099,,,,,1089000000,0.100,1285000000,0.166,,838000000,,16.85,,,,,,,,,,,,,,,,,,,,,,true,false,3,2022-04-01,2022-06-30,-1
2023-07-31,1976,2024-03-31,1,26000000000,0.011,,,,,2900000000,0.036,3000000000,-0.038,,2050000000,,41.17,,,,,,,,,,,,,,,,,,,,,,true,true,6,2023-04-01,2023-09-30,0
2023-07-31,1976,2024-03-31,1,55000000000,-0.016,,,,,6600000000,-0.034,6700000000,-0.077,,4670000000,,93.78,,,,,,,,,,,,,,,,,,,,,,true,true,12,2023-04-01,2024-03-31,0
2023-07-31,1976,2023-03-31,1,,,,,,,,,,,,,,,,,,,,77508000000,59448000000,0.762,1185.84,59053000000,,,,,,,,,,,,true,false,12,2022-04-01,2023-03-31,-1
2023-07-31,1976,2023-03-31,1,,,,,,,,,,,,,,,,,,,,,,,,,,,,,36.00,,,,56386718,6587371,,false,false,12,2022-04-01,2023-03-31,-1
2023-07-31,1976,2024-03-31,1,,,,,,,,,,,,,,,,,,,,,,,,,,,,,36.00,,,,,,,false,true,12,2023-04-01,2024-03-31,0
2023-07-31,1976,2024-03-31,1,,,,,,,,,,,,,,,,,,,,,,,,,,,,,,,,,56386718,6587461,49799317,false,false,3,2023-04-01,2023-06-30,0
2023-07-31,1976,2023-03-31,1,,,,,,,,,,,,,,,,,,,,,,,,,,,,,,,,,,,49772013,false,false,3,2022-04-01,2022-06-30,-1
2023-10-31,1976,2024-03-31,2,26578000000,0.033,,,,,2722000000,-0.028,2938000000,-0.058,,2228000000,,44.74,,,,,,78422000000,61258000000,0.776,1219.91,60829000000,,,,,,,,,,,,true,false,6,2023-04-01,2023-09-30,0
2023-10-31,1976,2023-03-31,2,25722000000,0.152,,,,,2799000000,0.426,3119000000,0.440,,2118000000,,42.56,,,,,,,,,,,,,,,,,,,,,,true,false,6,2022-04-01,2022-09-30,-1
2023-10-31,1976,2024-03-31,2,55000000000,-0.016,,,,,6600000000,-0.034,6700000000,-0.077,,4670000000,,93.78,,,,,,,,,,,,,,,,,,,,,,true,true,12,2023-04-01,2024-03-31,0
2023-10-31,1976,2023-03-31,2,,,,,,,,,,,,,,,,,,,,77508000000,59448000000,0.762,1185.84,59053000000,,,,,,,,,,,,true,false,12,2022-04-01,2023-03-31,-1
2023-10-31,1976,2023-03-31,2,,,,,,,,,,,,,,,,,,,,,,,,,,,,,36.00,,,,56386718,6587371,,false,false,12,2022-04-01,2023-03-31,-1
2023-10-31,1976,2024-03-31,2,,,,,,,,,,,,,,,,,,,,,,,,,,,,,14.00,,,,,,,false,false,12,2023-04-01,2024-03-31,0
2023-10-31,1976,2024-03-31,2,,,,,,,,,,,,,,,,,,,,,,,,,,,,,36.00,,,,,,,false,true,12,2023-04-01,2024-03-31,0
2023-10-31,1976,2024-03-31,2,,,,,,,,,,,,,,,,,,,,,,,,,,,,,,,,,56386718,6522661,49807667,false,false,6,2023-04-01,2023-09-30,0
2023-10-31,1976,2023-03-31,2,,,,,,,,,,,,,,,,,,,,,,,,,,,,,,,,,,,49780246,false,false,6,2022-04-01,2022-09-30,-1
2024-01-31,1976,2024-03-31,3,42549000000,0.067,,,,,4768000000,0.118,5063000000,0.098,,3714000000,,74.68,,,,,,79586000000,61374000000,0.765,1237.95,60922000000,,,,,,,,,,,,true,false,9,2023-04-01,2023-12-31,0
2024-01-31,1976,2023-03-31,3,39891000000,0.161,,,,,4266000000,0.270,4611000000,0.267,,2918000000,,58.63,,,,,,,,,,,,,,,,,,,,,,true,false,9,2022-04-01,2022-12-31,-1
2024-01-31,1976,2024-03-31,3,55000000000,-0.016,,,,,6600000000,-0.034,6700000000,-0.077,,4670000000,,93.78,,,,,,,,,,,,,,,,,,,,,,true,true,12,2023-04-01,2024-03-31,0
2024-01-31,1976,2023-03-31,3,,,,,,,,,,,,,,,,,,,,77508000000,59448000000,0.762,1185.84,59053000000,,,,,,,,,,,,true,false,12,2022-04-01,2023-03-31,-1
2024-01-31,1976,2023-03-31,3,,,,,,,,,,,,,,,,,,,,,,,,,,,,,36.00,,,,56386718,6587371,,false,false,12,2022-04-01,2023-03-31,-1
2024-01-31,1976,2024-03-31,3,,,,,,,,,,,,,,,,,,,,,,,,,,,,,14.00,,,,,,,false,false,12,2023-04-01,2024-03-31,0
2024-01-31,1976,2024-03-31,3,,,,,,,,,,,,,,,,,,,,,,,,,,,,,36.00,,,,,,,false,true,12,2023-04-01,2024-03-31,0
2024-01-31,1976,2024-03-31,3,,,,,,,,,,,,,,,,,,,,,,,,,,,,,,,,,56386718,7173981,49740926,false,false,9,2023-04-01,2023-12-31,0
2024-01-31,1976,2023-03-31,3,,,,,,,,,,,,,,,,,,,,,,,,,,,,,,,,,,,49786665,false,false,9,2022-04-01,2022-12-31,-1
2024-04-25,19760,2024-03-31,,60000000000,0.091,,,,,8000000000,0.212,8500000000,0.269,,6200000000,,125.18,,,,,,,,,,,,,,,,,,,,,,true,true,12,2023-04-01,2024-03-31,0
2024-04-25,19760,2023-03-31,,55890000000,,,,,,6830000000,,7258000000,,,4680000000,,94.00,,,,,,,,,,,,,,,,,,,,,,true,false,12,2022-04-01,2023-03-31,-1
2024-04-25,19760,2024-03-31,,39000000000,0.000,,,,,5100000000,-0.073,5800000000,-0.017,4200000000,,0.024,84.80,,,,,,,,,,,,,,,55.00,,,,,,,false,true,12,2023-04-01,2024-03-31,0
2024-04-25,19760,2023-03-31,,38214000000,,,,,,5360000000,,6000000000,,4165000000,,,83.67,,,,,,,,,,,,,,,36.00,,,,,,,false,false,12,2022-04-01,2023-03-31,-1
2024-04-25,19760,2024-03-31,,,,,,,,,,,,,,,,,,,,,,,,,,,,,,14.00,,,,,,,false,false,12,2023-04-01,2024-03-31,0
2024-05-10,1976,2024-03-31,,60377000000,0.080,,,,,8061000000,0.180,8548000000,0.178,,6243000000,,126.06,,0.102,0.106,0.134,,84432000000,63868000000,0.751,1299.12,63387000000,7126000000,-1889000000,-3088000000,31371000000,,0.436,,,,,,true,false,12,2023-04-01,2024-03-31,0
2024-05-10,1976,2023-03-31,,55890000000,0.155,,,,,6830000000,0.279,7258000000,0.287,,4680000000,,94.00,,0.082,0.098,0.122,,77508000000,59448000000,0.762,1185.84,59053000000,4068000000,-827000000,-1739000000,29004000000,,0.383,,,,,,true,false,12,2022-04-01,2023-03-31,-1
2024-05-10,1976,2025-03-31,,26400000000,0.026,,,,,2880000000,0.029,3050000000,-0.022,,2120000000,,43.45,,,,,,,,,,,,,,,,,,,,,,true,true,6,2024-04-01,2024-09-30,1
2024-05-10,1976,2025-03-31,,58000000000,-0.039,,,,,7200000000,-0.107,7450000000,-0.129,,5200000000,,106.57,,,,,,,,,,,,,,,,0.385,,,,,,true,true,12,2024-04-01,2025-03-31,1
2024-05-10,1976,2024-03-31,,39105000000,0.023,,,,,5176000000,-0.034,5894000000,-0.018,4221000000,,0.013,85.22,,,,,,59066000000,48061000000,0.814,985.01,48061000000,,,,,55.00,,,,56386718,7594300,49529984,false,false,12,2023-04-01,2024-03-31,0
2024-05-10,1976,2023-03-31,,38214000000,0.122,,,,,5360000000,0.285,6000000000,0.097,4165000000,,0.044,83.67,,,,,,56739000000,46329000000,0.817,930.33,46329000000,,,,,36.00,,,,56386718,6587371,49789806,false,false,12,2022-04-01,2023-03-31,-1
2024-05-10,1976,2025-03-31,,19200000000,0.130,,,,,2250000000,0.321,2700000000,0.224,1930000000,,0.146,39.56,,,,,,,,,,,,,,,,,,,,,,false,true,6,2024-04-01,2024-09-30,1
2024-05-10,1976,2025-03-31,,41000000000,0.048,,,,,5250000000,0.014,5800000000,-0.016,4100000000,,-0.029,84.03,,,,,,,,,,,,,,,41.00,,,,,,,false,true,12,2024-04-01,2025-03-31,1
2024-07-31,1976,2025-03-31,1,14812000000,0.182,,,,,1526000000,0.879,1822000000,0.852,,1271000000,,26.05,,,,,,84174000000,64449000000,0.760,1310.49,63941000000,,,,,,,,,,,,true,false,3,2024-04-01,2024-06-30,0
2024-07-31,1976,2024-03-31,1,12534000000,0.040,,,,,812000000,-0.254,984000000,-0.234,,804000000,,16.15,,,,,,,,,,,,,,,,,,,,,,true,false,3,2023-04-01,2023-06-30,-1
2024-07-31,1976,2025-03-31,1,26400000000,0.026,,,,,2880000000,0.029,3050000000,-0.022,,2120000000,,43.45,,,,,,,,,,,,,,,,,,,,,,true,true,6,2024-04-01,2024-09-30,0
2024-07-31,1976,2025-03-31,1,58000000000,-0.039,,,,,7200000000,-0.107,7450000000,-0.129,,5200000000,,106.57,,,,,,,,,,,,,,,,,,,,,,true,true,12,2024-04-01,2025-03-31,0
2024-07-31,1976,2024-03-31,1,,,,,,,,,,,,,,,,,,,,84432000000,63868000000,0.751,1299.12,63387000000,,,,,,,,,,,,true,false,12,2023-04-01,2024-03-31,-1
2024-07-31,1976,2024-03-31,1,,,,,,,,,,,,,,,,,,,,,,,,,,,,,55.00,,,,56386718,7594300,,false,false,12,2023-04-01,2024-03-31,-1
2024-07-31,1976,2025-03-31,1,,,,,,,,,,,,,,,,,,,,,,,,,,,,,41.00,,,,,,,false,true,12,2024-04-01,2025-03-31,0
2024-07-31,1976,2025-03-31,1,,,,,,,,,,,,,,,,,,,,,,,,,,,,,,,,,56386718,7594391,48792349,false,false,3,2024-04-01,2024-06-30,0
2024-07-31,1976,2024-03-31,1,,,,,,,,,,,,,,,,,,,,,,,,,,,,,,,,,,,49799317,false,false,3,2023-04-01,2023-06-30,-1
2024-10-22,19760,2025-03-31,,31000000000,0.174,,,,,3900000000,0.354,4200000000,0.377,,2900000000,,59.41,,,,,,,,,,,,,,,,,,,,,,true,true,6,2024-04-01,2024-09-30,0
2024-10-22,19760,2024-03-31,,26578000000,,,,,,2722000000,,2938000000,,,2228000000,,44.74,,,,,,,,,,,,,,,,,,,,,,true,false,6,2023-04-01,2023-09-30,-1
2024-10-22,19760,2025-03-31,,22000000000,0.146,,,,,3100000000,0.378,4500000000,0.667,3350000000,,0.736,68.63,,,,,,,,,,,,,,,,,,,,,,false,true,6,2024-04-01,2024-09-30,0
2024-10-22,19760,2024-03-31,,16993000000,,,,,,1703000000,,2205000000,,1684000000,,,33.82,,,,,,,,,,,,,,,,,,,,,,false,false,6,2023-04-01,2023-09-30,-1
2024-10-31,1976,2025-03-31,2,31576000000,0.188,,,,,3925000000,0.442,4257000000,0.449,,2941000000,,60.25,,,,,,84892000000,66262000000,0.774,1345.13,65729000000,,,,,,,,,,,,true,false,6,2024-04-01,2024-09-30,0
2024-10-31,1976,2024-03-31,2,26578000000,0.033,,,,,2722000000,-0.028,2938000000,-0.058,,2228000000,,44.74,,,,,,,,,,,,,,,,,,,,,,true,false,6,2023-04-01,2023-09-30,-1
2024-10-31,1976,2025-03-31,2,63000000000,0.043,,,,,7800000000,-0.032,8350000000,-0.023,,6000000000,,122.85,,,,,,,,,,,,,,,,,,,,,,true,true,12,2024-04-01,2025-03-31,0
2024-10-31,1976,2024-03-31,2,,,,,,,,,,,,,,,,,,,,84432000000,63868000000,0.751,1299.12,63387000000,,,,,,,,,,,,true,false,12,2023-04-01,2024-03-31,-1
2024-10-31,1976,2024-03-31,2,,,,,,,,,,,,,,,,,,,,,,,,,,,,,55.00,,,,56386718,7594300,,false,false,12,2023-04-01,2024-03-31,-1
2024-10-31,1976,2025-03-31,2,,,,,,,,,,,,,,,,,,,,,,,,,,,,,21.00,,,,,,,false,false,12,2024-04-01,2025-03-31,0
2024-10-31,1976,2025-03-31,2,,,,,,,,,,,,,,,,,,,,,,,,,,,,,47.00,,,,,,,false,true,12,2024-04-01,2025-03-31,0
2024-10-31,1976,2025-03-31,2,,,,,,,,,,,,,,,,,,,,,,,,,,,,,,,,,56386718,7521791,48814097,false,false,6,2024-04-01,2024-09-30,0
2024-10-31,1976,2024-03-31,2,,,,,,,,,,,,,,,,,,,,,,,,,,,,,,,,,,,49807667,false,false,6,2023-04-01,2023-09-30,-1
2024-10-31,19760,2025-03-31,,63000000000,0.086,,,,,7800000000,0.083,8350000000,0.121,,6000000000,,122.85,,,,,,,,,,,,,,,,,,,,,,true,true,6,2024-04-01,2024-09-30,0
2024-10-31,19760,2024-03-31,,60377000000,,,,,,8061000000,,8548000000,,,6243000000,,126.06,,,,,,,,,,,,,,,,,,,,,,true,false,6,2023-04-01,2023-09-30,-1
2024-10-31,19760,2025-03-31,,44000000000,0.073,,,,,6000000000,0.143,7550000000,0.302,5650000000,,0.378,115.69,,,,,,,,,,,,,,,,,,,,,,false,true,6,2024-04-01,2024-09-30,0
2024-10-31,19760,2024-03-31,,39105000000,,,,,,5176000000,,5894000000,,4221000000,,,85.22,,,,,,,,,,,,,,,,,,,,,,false,false,6,2023-04-01,2023-09-30,-1
2024-10-31,19760,2025-03-31,,,,,,,,,,,,,,,,,,,,,,,,,,,,,,47.00,,,,,,,false,true,12,2024-04-01,2025-03-31,0
2024-10-31,19760,2025-03-31,,,,,,,,,,,,,,,,,,,,,,,,,,,,,,21.00,,,,,,,false,false,12,2024-04-01,2025-03-31,0
2024-10-31,19760,2024-03-31,,,,,,,,,,,,,,,,,,,,,,,,,,,,,,55.00,,,,,,,false,false,12,2023-04-01,2024-03-31,-1
2025-01-31,1976,2025-03-31,3,47294000000,0.112,,,,,6010000000,0.261,6504000000,0.285,,4471000000,,91.88,,,,,,83515000000,65152000000,0.774,1357.67,64618000000,,,,,,,,,,,,true,false,9,2024-04-01,2024-12-31,0
2025-01-31,1976,2024-03-31,3,42549000000,0.067,,,,,4768000000,0.118,5063000000,0.098,,3714000000,,74.68,,,,,,,,,,,,,,,,,,,,,,true,false,9,2023-04-01,2023-12-31,-1
2025-01-31,1976,2025-03-31,3,63000000000,0.043,,,,,7800000000,-0.032,8350000000,-0.023,,6000000000,,122.85,,,,,,,,,,,,,,,,,,,,,,true,true,12,2024-04-01,2025-03-31,0
2025-01-31,1976,2024-03-31,3,,,,,,,,,,,,,,,,,,,,84432000000,63868000000,0.751,1299.12,63387000000,,,,,,,,,,,,true,false,12,2023-04-01,2024-03-31,-1
2025-01-31,1976,2024-03-31,3,,,,,,,,,,,,,,,,,,,,,,,,,,,,,55.00,,,,56386718,7594300,,false,false,12,2023-04-01,2024-03-31,-1
2025-01-31,1976,2025-03-31,3,,,,,,,,,,,,,,,,,,,,,,,,,,,,,21.00,,,,,,,false,false,12,2024-04-01,2025-03-31,0
2025-01-31,1976,2025-03-31,3,,,,,,,,,,,,,,,,,,,,,,,,,,,,,47.00,,,,,,,false,true,12,2024-04-01,2025-03-31,0
2025-01-31,1976,2025-03-31,3,,,,,,,,,,,,,,,,,,,,,,,,,,,,,,,,,55117218,7521865,48664901,false,false,9,2024-04-01,2024-12-31,0
2025-01-31,1976,2024-03-31,3,,,,,,,,,,,,,,,,,,,,,,,,,,,,,,,,,,,49740926,false,false,9,2023-04-01,2023-12-31,-1
2025-04-25,19760,2025-03-31,,66000000000,0.048,,,,,10600000000,0.359,11200000000,0.341,8450000000,,0.408,174.58,,,,,,,,,,,,,,,,,,,,,,true,true,12,2024-04-01,2025-03-31,0
2025-04-25,19760,2024-03-31,,60377000000,,,,,,8061000000,,8548000000,,6243000000,,,126.06,,,,,,,,,,,,,,,,,,,,,,true,false,12,2023-04-01,2024-03-31,-1
2025-04-25,19760,2025-03-31,,45500000000,0.034,,,,,7800000000,0.300,9500000000,0.258,6900000000,,0.221,142.56,,,,,,,,,,,,,,,60.00,,,,,,,false,true,12,2024-04-01,2025-03-31,0
2025-04-25,19760,2024-03-31,,39105000000,,,,,,5176000000,,5894000000,,4221000000,,,85.22,,,,,,,,,,,,,,,55.00,,,,,,,false,false,12,2023-04-01,2024-03-31,-1
2025-04-25,19760,2025-03-31,,,,,,,,,,,,,,,,,,,,,,,,,,,,,,21.00,,,,,,,false,false,12,2024-04-01,2025-03-31,0
2025-05-09,1976,2025-03-31,,66283000000,0.098,,,,,10613000000,0.316,11235000000,0.314,,8454000000,,174.68,,0.128,0.130,0.160,,88583000000,69206000000,0.774,1440.69,68570000000,6937000000,-500000000,-4692000000,33449000000,,0.343,,,,,,true,false,12,2024-04-01,2025-03-31,0
2025-05-09,1976,2024-03-31,,60377000000,0.080,,,,,8061000000,0.180,8548000000,0.178,,6243000000,,126.06,,0.102,0.106,0.134,,84432000000,63868000000,0.751,1299.12,63387000000,7126000000,-1889000000,-3088000000,31371000000,,0.436,,,,,,true,false,12,2023-04-01,2024-03-31,-1
2025-05-09,1976,2026-03-31,,28000000000,-0.113,,,,,3300000000,-0.159,3450000000,-0.190,,2400000000,,50.43,,,,,,,,,,,,,,,,,,,,,,true,true,6,2025-04-01,2025-09-30,1
2025-05-09,1976,2026-03-31,,60000000000,-0.095,,,,,7750000000,-0.270,8000000000,-0.288,,6200000000,,130.26,,,,,,,,,,,,,,,,0.461,,,,,,true,true,12,2025-04-01,2026-03-31,1
2025-05-09,1976,2025-03-31,,45858000000,0.173,,,,,7860000000,0.519,9546000000,0.619,6994000000,,0.657,144.51,,,,,,62940000000,51376000000,0.816,1079.44,51376000000,,,,,60.00,,,,55117218,7521865,48401177,false,false,12,2024-04-01,2025-03-31,0
2025-05-09,1976,2024-03-31,,39105000000,0.023,,,,,5176000000,-0.034,5894000000,-0.018,4221000000,,0.013,85.22,,,,,,59066000000,48061000000,0.814,985.01,48061000000,,,,,55.00,,,,56386718,7594300,49529984,false,false,12,2023-04-01,2024-03-31,-1
2025-05-09,1976,2026-03-31,,19500000000,-0.131,,,,,2350000000,-0.252,3450000000,-0.242,2450000000,,-0.278,51.48,,,,,,,,,,,,,,,,,,,,,,false,true,6,2025-04-01,2025-09-30,1
2025-05-09,1976,2026-03-31,,42500000000,-0.073,,,,,5550000000,-0.294,6750000000,-0.293,5400000000,,-0.228,113.46,,,,,,,,,,,,,,,60.00,,,,,,,false,true,12,2025-04-01,2026-03-31,1
