filing_date,code,fiscal_year_end,quarterly_period,net_sales,net_sales_change,revenue,revenue_change,operating_revenue,operating_revenue_change,operating_profit,operating_profit_change,ordinary_profit,ordinary_profit_change,net_income,net_income_of_parent,net_income_change,eps,diluted_eps,roe,roa,operating_profit_to_net_sales,operating_profit_to_revenue,total_assets,net_assets,equity_ratio,bps,owner_equity,operating_cash_flow,investing_cash_flow,financing_cash_flow,cash,dividend_per_share,payout_ratio,commemorative_dividend,extra_dividend,number_of_shares,number_of_treqsury_shares,avg_number_of_shares,is_consolidated,is_forecast,duration,period_start,period_end,period_pos
2015-07-31,20030,2016-03-31,1,12741000000,0.028,,,,,316000000,-0.221,401000000,-0.281,,260000000,,5.68,,,,,,41533000000,27325000000,0.657,595.32,27272000000,,,,,,,,,,,,true,false,3,2015-04-01,2015-06-30,0
2015-07-31,20030,2015-03-31,1,12398000000,0.040,,,,,406000000,0.171,558000000,0.125,,376000000,,8.21,,,,,,,,,,,,,,,,,,,,,,true,false,3,2014-04-01,2014-06-30,-1
2015-07-31,20030,2016-03-31,1,25500000000,0.043,,,,,550000000,-0.084,750000000,-0.116,,510000000,,11.13,,,,,,,,,,,,,,,,,,,,,,true,true,6,2015-04-01,2015-09-30,0
2015-07-31,20030,2016-03-31,1,51500000000,0.006,,,,,1450000000,-0.115,1750000000,-0.164,,1100000000,,24.01,,,,,,,,,,,,,,,,,,,,,,true,true,12,2015-04-01,2016-03-31,0
2015-07-31,20030,2015-03-31,1,,,,,,,,,,,,,,,,,,,,43026000000,27580000000,0.640,600.88,27526000000,,,,,,,,,,,,true,false,12,2014-04-01,2015-03-31,-1
2015-07-31,20030,2015-03-31,1,,,,,,,,,,,,,,,,,,,,,,,,,,,,,9.00,,,,46923646,1112773,,false,false,12,2014-04-01,2015-03-31,-1
2015-07-31,20030,2016-03-31,1,,,,,,,,,,,,,,,,,,,,,,,,,,,,,7.00,,,,,,,false,true,12,2015-04-01,2016-03-31,0
2015-07-31,20030,2016-03-31,1,,,,,,,,,,,,,,,,,,,,,,,,,,,,,,,,,46923646,1112779,45810872,false,false,3,2015-04-01,2015-06-30,0
2015-07-31,20030,2015-03-31,1,,,,,,,,,,,,,,,,,,,,,,,,,,,,,,,,,,,45815915,false,false,3,2014-04-01,2014-06-30,-1
2015-10-26,20030,2016-03-31,,25500000000,0.000,,,,,740000000,0.345,850000000,0.133,,550000000,,12.01,,,,,,,,,,,,,,,,,,,,,,true,true,6,2015-04-01,2015-09-30,0
2015-10-26,20030,2015-03-31,,24439000000,,,,,,600000000,,848000000,,,562000000,,12.28,,,,,,,,,,,,,,,,,,,,,,true,false,6,2014-04-01,2014-09-30,-1
2015-10-26,20030,2016-03-31,,20300000000,0.007,,,,,,,660000000,0.375,450000000,,0.286,9.82,,,,,,,,,,,,,,,,,,,,,,false,true,6,2015-04-01,2015-09-30,0
2015-10-26,20030,2015-03-31,,19141000000,,,,,,,,717000000,,500000000,,,10.93,,,,,,,,,,,,,,,,,,,,,,false,false,6,2014-04-01,2014-09-30,-1
2015-10-30,20030,2016-03-31,2,25518000000,0.044,,,,,743000000,0.238,853000000,0.006,,554000000,,12.11,,,,,,41614000000,27604000000,0.662,601.39,27549000000,,,,,,,,,,,,true,false,6,2015-04-01,2015-09-30,0
2015-10-30,20030,2015-03-31,2,24439000000,0.016,,,,,600000000,-0.167,848000000,-0.082,,562000000,,12.28,,,,,,,,,,,,,,,,,,,,,,true,false,6,2014-04-01,2014-09-30,-1
2015-10-30,20030,2016-03-31,2,51500000000,0.006,,,,,1450000000,-0.115,1750000000,-0.164,,1100000000,,24.01,,,,,,,,,,,,,,,,,,,,,,true,true,12,2015-04-01,2016-03-31,0
2015-10-30,20030,2015-03-31,2,,,,,,,,,,,,,,,,,,,,43026000000,27580000000,0.640,600.88,27526000000,,,,,,,,,,,,true,false,12,2014-04-01,2015-03-31,-1
2015-10-30,20030,2015-03-31,2,,,,,,,,,,,,,,,,,,,,,,,,,,,,,9.00,,,,46923646,1112773,,false,false,12,2014-04-01,2015-03-31,-1
2015-10-30,20030,2016-03-31,2,,,,,,,,,,,,,,,,,,,,,,,,,,,,,3.00,,,,,,,false,false,12,2015-04-01,2016-03-31,0
2015-10-30,20030,2016-03-31,2,,,,,,,,,,,,,,,,,,,,,,,,,,,,,7.00,,,,,,,false,true,12,2015-04-01,2016-03-31,0
2015-10-30,20030,2016-03-31,2,,,,,,,,,,,,,,,,,,,,,,,,,,,,,,,,,46923646,1113380,45810685,false,false,6,2015-04-01,2015-09-30,0
2015-10-30,20030,2015-03-31,2,,,,,,,,,,,,,,,,,,,,,,,,,,,,,,,,,,,45815176,false,false,6,2014-04-01,2014-09-30,-1
2016-01-29,20030,2016-03-31,3,39284000000,0.039,,,,,1592000000,0.197,1804000000,0.082,,1219000000,,26.63,,,,,,42309000000,28512000000,0.673,621.19,28455000000,,,,,,,,,,,,true,false,9,2015-04-01,2015-12-31,0
2016-01-29,20030,2015-03-31,3,37818000000,0.009,,,,,1329000000,-0.013,1667000000,-0.022,,926000000,,20.23,,,,,,,,,,,,,,,,,,,,,,true,false,9,2014-04-01,2014-12-31,-1
2016-01-29,20030,2016-03-31,3,51500000000,0.006,,,,,1450000000,-0.115,1750000000,-0.164,,1100000000,,24.01,,,,,,,,,,,,,,,,,,,,,,true,true,12,2015-04-01,2016-03-31,0
2016-01-29,20030,2015-03-31,3,,,,,,,,,,,,,,,,,,,,43026000000,27580000000,0.640,600.88,27526000000,,,,,,,,,,,,true,false,12,2014-04-01,2015-03-31,-1
2016-01-29,20030,2015-03-31,3,,,,,,,,,,,,,,,,,,,,,,,,,,,,,9.00,,,,46923646,1112773,,false,false,12,2014-04-01,2015-03-31,-1
2016-01-29,20030,2016-03-31,3,,,,,,,,,,,,,,,,,,,,,,,,,,,,,3.00,,,,,,,false,false,12,2015-04-01,2016-03-31,0
2016-01-29,20030,2016-03-31,3,,,,,,,,,,,,,,,,,,,,,,,,,,,,,7.00,,,,,,,false,true,12,2015-04-01,2016-03-31,0
2016-01-29,20030,2016-03-31,3,,,,,,,,,,,,,,,,,,,,,,,,,,,,,,,,,46923646,1116132,45810046,false,false,9,2015-04-01,2015-12-31,0
2016-01-29,20030,2015-03-31,3,,,,,,,,,,,,,,,,,,,,,,,,,,,,,,,,,,,45814289,false,false,9,2014-04-01,2014-12-31,-1
2016-04-28,20030,2016-03-31,,51900000000,0.008,,,,,2040000000,0.407,2320000000,0.326,,1600000000,,34.93,,,,,,,,,,,,,,,,,,,,,,true,true,12,2015-04-01,2016-03-31,0
2016-04-28,20030,2015-03-31,,51201000000,,,,,,1637000000,,2092000000,,,1183000000,,25.82,,,,,,,,,,,,,,,,,,,,,,true,false,12,2014-04-01,2015-03-31,-1
2016-04-28,20030,2016-03-31,,40900000000,-0.007,,,,,,,1660000000,0.297,1080000000,,0.271,23.58,,,,,,,,,,,,,,,,,,,,,,false,true,12,2015-04-01,2016-03-31,0
2016-04-28,20030,2015-03-31,,39717000000,,,,,,,,1495000000,,1044000000,,,22.79,,,,,,,,,,,,,,,,,,,,,,false,false,12,2014-04-01,2015-03-31,-1
2016-05-06,20030,2016-03-31,,51916000000,0.014,,,,,2046000000,0.250,2321000000,0.110,,1601000000,,34.97,,0.057,0.054,0.039,,43504000000,28295000000,0.649,616.38,28233000000,2679000000,-746000000,-414000000,6903000000,,0.257,,,,,,true,false,12,2015-04-01,2016-03-31,0
2016-05-06,20030,2015-03-31,,51201000000,0.022,,,,,1637000000,0.099,2092000000,0.119,,1183000000,,25.82,,0.044,0.051,0.032,,43026000000,27580000000,0.640,600.88,27526000000,2287000000,-1645000000,-509000000,5407000000,,0.349,,,,,,true,false,12,2014-04-01,2015-03-31,-1
2016-05-06,20030,2017-03-31,,24880000000,-0.025,,,,,730000000,-0.018,740000000,-0.133,,530000000,,11.57,,,,,,,,,,,,,,,,,,,,,,true,true,6,2016-04-01,2016-09-30,1
2016-05-06,20030,2017-03-31,,51340000000,-0.011,,,,,1660000000,-0.189,1790000000,-0.229,,1250000000,,27.29,,,,,,,,,,,,,,,,0.330,,,,,,true,true,12,2016-04-01,2017-03-31,1
2016-05-06,20030,2016-03-31,,40945000000,0.031,,,,,1376000000,0.331,1661000000,0.111,1086000000,,0.041,23.73,,,,,,36738000000,24474000000,0.666,534.32,24474000000,,,,,9.00,,,,46923646,1118733,45809088,false,false,12,2015-04-01,2016-03-31,0
2016-05-06,20030,2015-03-31,,39717000000,0.018,,,,,1034000000,0.018,1495000000,0.107,1044000000,,0.261,22.79,,,,,,36103000000,23981000000,0.664,523.48,23981000000,,,,,9.00,,,,46923646,1112773,45813588,false,false,12,2014-04-01,2015-03-31,-1
2016-05-06,20030,2017-03-31,,19460000000,-0.043,,,,,,,590000000,-0.119,430000000,,-0.060,9.39,,,,,,,,,,,,,,,,,,,,,,false,true,6,2016-04-01,2016-09-30,1
2016-05-06,20030,2017-03-31,,39650000000,-0.032,,,,,,,1230000000,-0.260,860000000,,-0.209,18.77,,,,,,,,,,,,,,,9.00,,,,,,,false,true,12,2016-04-01,2017-03-31,1
,20030,2017-03-31,,,,,,,,,,,,,,,,,,,,,,,,,,,,,,60.00,,,,,,,false,true,12,2016-04-01,2017-03-31,0
,20030,2016-03-31,,,,,,,,,,,,,,,,,,,,,,,,,,,,,,9.00,,,,,,,false,false,12,2015-04-01,2016-03-31,-1
2016-07-29,20030,2017-03-31,1,12269000000,-0.037,,,,,738000000,1.332,833000000,1.074,,594000000,,12.97,,,,,,41909000000,28665000000,0.683,624.56,28607000000,,,,,,,,,,,,true,false,3,2016-04-01,2016-06-30,0
2016-07-29,20030,2016-03-31,1,12741000000,0.028,,,,,316000000,-0.221,401000000,-0.281,,260000000,,5.68,,,,,,,,,,,,,,,,,,,,,,true,false,3,2015-04-01,2015-06-30,-1
2016-07-29,20030,2017-03-31,1,24880000000,-0.025,,,,,730000000,-0.018,740000000,-0.133,,530000000,,11.57,,,,,,,,,,,,,,,,,,,,,,true,true,6,2016-04-01,2016-09-30,0
2016-07-29,20030,2017-03-31,1,51340000000,-0.011,,,,,1660000000,-0.189,1790000000,-0.229,,1250000000,,272.90,,,,,,,,,,,,,,,,,,,,,,true,true,12,2016-04-01,2017-03-31,0
2016-07-29,20030,2016-03-31,1,,,,,,,,,,,,,,,,,,,,43504000000,28295000000,0.649,616.38,28233000000,,,,,,,,,,,,true,false,12,2015-04-01,2016-03-31,-1
2016-07-29,20030,2016-03-31,1,,,,,,,,,,,,,,,,,,,,,,,,,,,,,9.00,,,,46923646,1118733,,false,false,12,2015-04-01,2016-03-31,-1
2016-07-29,20030,2017-03-31,1,,,,,,,,,,,,,,,,,,,,,,,,,,,,,60.00,,,,,,,false,true,12,2016-04-01,2017-03-31,0
2016-07-29,20030,2017-03-31,1,,,,,,,,,,,,,,,,,,,,,,,,,,,,,,,,,46923646,1119541,45804582,false,false,3,2016-04-01,2016-06-30,0
2016-07-29,20030,2016-03-31,1,,,,,,,,,,,,,,,,,,,,,,,,,,,,,,,,,,,45810872,false,false,3,2015-04-01,2015-06-30,-1
2016-10-28,20030,2017-03-31,,24000000000,-0.035,,,,,1150000000,0.575,1280000000,0.730,,890000000,,194.30,,,,,,,,,,,,,,,,,,,,,,true,true,6,2016-04-01,2016-09-30,0
2016-10-28,20030,2016-03-31,,25518000000,,,,,,743000000,,853000000,,,554000000,,121.12,,,,,,,,,,,,,,,,,,,,,,true,false,6,2015-04-01,2015-09-30,-1
2016-10-28,20030,2017-03-31,,18760000000,-0.036,,,,,,,1070000000,0.814,740000000,,0.721,161.55,,,,,,,,,,,,,,,,,,,,,,false,true,6,2016-04-01,2016-09-30,0
2016-10-28,20030,2016-03-31,,20343000000,,,,,,,,669000000,,457000000,,,99.81,,,,,,,,,,,,,,,,,,,,,,false,false,6,2015-04-01,2015-09-30,-1
2016-10-31,20030,2017-03-31,2,23995000000,-0.060,,,,,1155000000,0.554,1282000000,0.502,,893000000,,195.15,,,,,,43882000000,29149000000,0.663,6352.25,29095000000,,,,,,,,,,,,true,false,6,2016-04-01,2016-09-30,0
2016-10-31,20030,2016-03-31,2,25518000000,0.044,,,,,743000000,0.238,853000000,0.006,,554000000,,121.12,,,,,,,,,,,,,,,,,,,,,,true,false,6,2015-04-01,2015-09-30,-1
2016-10-31,20030,2017-03-31,2,51340000000,-0.011,,,,,1660000000,-0.189,1790000000,-0.229,,1250000000,,272.90,,,,,,,,,,,,,,,,,,,,,,true,true,12,2016-04-01,2017-03-31,0
2016-10-31,20030,2016-03-31,2,,,,,,,,,,,,,,,,,,,,43504000000,28295000000,0.649,6163.79,28233000000,,,,,,,,,,,,true,false,12,2015-04-01,2016-03-31,-1
2016-10-31,20030,2016-03-31,2,,,,,,,,,,,,,,,,,,,,,,,,,,,,,9.00,,,,4692364,111873,,false,false,12,2015-04-01,2016-03-31,-1
2016-10-31,20030,2017-03-31,2,,,,,,,,,,,,,,,,,,,,,,,,,,,,,3.00,,,,,,,false,false,12,2016-04-01,2017-03-31,0
2016-10-31,20030,2017-03-31,2,,,,,,,,,,,,,,,,,,,,,,,,,,,,,60.00,,,,,,,false,true,12,2016-04-01,2017-03-31,0
2016-10-31,20030,2017-03-31,2,,,,,,,,,,,,,,,,,,,,,,,,,,,,,,,,,4692364,111981,4580432,false,false,6,2016-04-01,2016-09-30,0
2016-10-31,20030,2016-03-31,2,,,,,,,,,,,,,,,,,,,,,,,,,,,,,,,,,,,4581068,false,false,6,2015-04-01,2015-09-30,-1
2017-01-31,20030,2017-03-31,3,36768000000,-0.064,,,,,1974000000,0.240,2218000000,0.229,,1514000000,,330.70,,,,,,43756000000,29676000000,0.677,6468.01,29622000000,,,,,,,,,,,,true,false,9,2016-04-01,2016-12-31,0
2017-01-31,20030,2016-03-31,3,39284000000,0.039,,,,,1592000000,0.197,1804000000,0.082,,1219000000,,266.30,,,,,,,,,,,,,,,,,,,,,,true,false,9,2015-04-01,2015-12-31,-1
2017-01-31,20030,2017-03-31,3,49000000000,-0.056,,,,,2300000000,0.124,2450000000,0.055,,1700000000,,371.16,,,,,,,,,,,,,,,,,,,,,,true,true,12,2016-04-01,2017-03-31,0
2017-01-31,20030,2016-03-31,3,,,,,,,,,,,,,,,,,,,,43504000000,28295000000,0.649,6163.79,28233000000,,,,,,,,,,,,true,false,12,2015-04-01,2016-03-31,-1
2017-01-31,20030,2016-03-31,3,,,,,,,,,,,,,,,,,,,,,,,,,,,,,9.00,,,,4692364,111873,,false,false,12,2015-04-01,2016-03-31,-1
2017-01-31,20030,2017-03-31,3,,,,,,,,,,,,,,,,,,,,,,,,,,,,,3.00,,,,,,,false,false,12,2016-04-01,2017-03-31,0
2017-01-31,20030,2017-03-31,3,,,,,,,,,,,,,,,,,,,,,,,,,,,,,60.00,,,,,,,false,true,12,2016-04-01,2017-03-31,0
2017-01-31,20030,2017-03-31,3,,,,,,,,,,,,,,,,,,,,,,,,,,,,,,,,,4692364,112582,4580250,false,false,9,2016-04-01,2016-12-31,0
2017-01-31,20030,2016-03-31,3,,,,,,,,,,,,,,,,,,,,,,,,,,,,,,,,,,,4581004,false,false,9,2015-04-01,2015-12-31,-1
2017-01-31,20030,2017-03-31,,49000000000,-0.046,,,,,2300000000,0.386,2450000000,0.369,,1700000000,,371.16,,,,,,,,,,,,,,,,,,,,,,true,true,12,2016-04-01,2017-03-31,0
2017-01-31,20030,2016-03-31,,51916000000,,,,,,2046000000,,2321000000,,,1601000000,,349.70,,,,,,,,,,,,,,,,,,,,,,true,false,12,2015-04-01,2016-03-31,-1
2017-01-31,20030,2017-03-31,,37000000000,-0.067,,,,,,,2100000000,0.707,1500000000,,0.744,327.49,,,,,,,,,,,,,,,,,,,,,,false,true,12,2016-04-01,2017-03-31,0
2017-01-31,20030,2016-03-31,,40945000000,,,,,,,,1661000000,,1086000000,,,237.28,,,,,,,,,,,,,,,,,,,,,,false,false,12,2015-04-01,2016-03-31,-1
2017-05-08,20030,2017-03-31,,48875000000,-0.059,,,,,2324000000,0.136,2610000000,0.124,,1729000000,,377.68,,0.059,0.059,0.048,,44654000000,30102000000,0.673,6559.04,30038000000,3157000000,-1149000000,-415000000,8474000000,,0.304,,,,,,true,false,12,2016-04-01,2017-03-31,0
2017-05-08,20030,2016-03-31,,51916000000,0.014,,,,,2046000000,0.250,2321000000,0.110,,1601000000,,349.70,,0.057,0.054,0.039,,43504000000,28295000000,0.649,6163.80,28233000000,2679000000,-746000000,-414000000,6903000000,,0.257,,,,,,true,false,12,2015-04-01,2016-03-31,-1
2017-05-08,20030,2018-03-31,,24000000000,0.000,,,,,750000000,-0.351,850000000,-0.337,,600000000,,131.00,,,,,,,,,,,,,,,,,,,,,,true,true,6,2017-04-01,2017-09-30,1
2017-05-08,20030,2018-03-31,,50000000000,0.023,,,,,2000000000,-0.140,2200000000,-0.157,,1500000000,,327.50,,,,,,,,,,,,,,,,0.275,,,,,,true,true,12,2017-04-01,2018-03-31,1
2017-05-08,20030,2017-03-31,,37513000000,-0.084,,,,,1618000000,0.175,2237000000,0.346,1572000000,,0.446,343.28,,,,,,37885000000,26197000000,0.692,5720.37,26197000000,,,,,85.00,,,,4692364,112626,4580134,false,false,12,2016-04-01,2017-03-31,0
2017-05-08,20030,2016-03-31,,40945000000,0.031,,,,,1376000000,0.331,1661000000,0.111,1086000000,,0.041,237.30,,,,,,36738000000,24474000000,0.666,5343.20,24474000000,,,,,9.00,,,,4692364,111873,4580908,false,false,12,2015-04-01,2016-03-31,-1
2017-05-08,20030,2018-03-31,,,,,,,,,,,,,,,,,,,,,,,,,,,,,,90.00,,,,,,,false,true,12,2017-04-01,2018-03-31,1
2017-07-31,20030,2018-03-31,1,11743000000,-0.043,,,,,608000000,-0.177,709000000,-0.149,,505000000,,110.39,,,,,,43375000000,30588000000,0.704,,30542000000,,,,,,,,,,,,true,false,3,2017-04-01,2017-06-30,0
2017-07-31,20030,2017-03-31,1,12269000000,-0.037,,,,,738000000,1.332,833000000,1.074,,594000000,,129.72,,,,,,,,,,,,,,,,,,,,,,true,false,3,2016-04-01,2016-06-30,-1
2017-07-31,20030,2018-03-31,1,24000000000,0.000,,,,,750000000,-0.351,850000000,-0.337,,600000000,,131.00,,,,,,,,,,,,,,,,,,,,,,true,true,6,2017-04-01,2017-09-30,0
2017-07-31,20030,2018-03-31,1,50000000000,0.023,,,,,2000000000,-0.140,2200000000,-0.157,,1500000000,,327.50,,,,,,,,,,,,,,,,,,,,,,true,true,12,2017-04-01,2018-03-31,0
2017-07-31,20030,2017-03-31,1,,,,,,,,,,,,,,,,,,,,44654000000,30102000000,0.673,,30038000000,,,,,,,,,,,,true,false,12,2016-04-01,2017-03-31,-1
2017-07-31,20030,2017-03-31,1,,,,,,,,,,,,,,,,,,,,,,,,,,,,,85.00,,,,4692364,112626,,false,false,12,2016-04-01,2017-03-31,-1
2017-07-31,20030,2018-03-31,1,,,,,,,,,,,,,,,,,,,,,,,,,,,,,90.00,,,,,,,false,true,12,2017-04-01,2018-03-31,0
2017-07-31,20030,2018-03-31,1,,,,,,,,,,,,,,,,,,,,,,,,,,,,,,,,,4692364,112738,4579683,false,false,3,2017-04-01,2017-06-30,0
2017-07-31,20030,2017-03-31,1,,,,,,,,,,,,,,,,,,,,,,,,,,,,,,,,,,,4580458,false,false,3,2016-04-01,2016-06-30,-1
2017-10-27,20030,2018-03-31,,23450000000,-0.023,,,,,1250000000,0.667,1410000000,0.659,,980000000,,213.99,,,,,,,,,,,,,,,,,,,,,,true,true,6,2017-04-01,2017-09-30,0
2017-10-27,20030,2017-03-31,,23995000000,,,,,,1155000000,,1282000000,,,893000000,,195.15,,,,,,,,,,,,,,,,,,,,,,true,false,6,2016-04-01,2016-09-30,-1
2017-10-27,20030,2018-03-31,,50000000000,,,,,,2500000000,0.250,2700000000,0.227,,1800000000,,393.05,,,,,,,,,,,,,,,,,,,,,,true,true,12,2017-04-01,2018-03-31,0
2017-10-27,20030,2017-03-31,,48875000000,,,,,,2324000000,,2610000000,,,1729000000,,377.68,,,,,,,,,,,,,,,,,,,,,,true,false,12,2016-04-01,2017-03-31,-1
2017-10-31,20030,2018-03-31,2,23459000000,-0.022,,,,,1258000000,0.089,1417000000,0.105,,987000000,,215.61,,,,,,43596000000,30968000000,0.709,,30920000000,,,,,,,,,,,,true,false,6,2017-04-01,2017-09-30,0
2017-10-31,20030,2017-03-31,2,23995000000,-0.060,,,,,1155000000,0.554,1282000000,0.502,,893000000,,195.15,,,,,,,,,,,,,,,,,,,,,,true,false,6,2016-04-01,2016-09-30,-1
2017-10-31,20030,2018-03-31,2,50000000000,0.023,,,,,2500000000,0.075,2700000000,0.034,,1800000000,,393.05,,,,,,,,,,,,,,,,,,,,,,true,true,12,2017-04-01,2018-03-31,0
2017-10-31,20030,2017-03-31,2,,,,,,,,,,,,,,,,,,,,44654000000,30102000000,0.673,,30038000000,,,,,,,,,,,,true,false,12,2016-04-01,2017-03-31,-1
2017-10-31,20030,2017-03-31,2,,,,,,,,,,,,,,,,,,,,,,,,,,,,,85.00,,,,4692364,112626,,false,false,12,2016-04-01,2017-03-31,-1
2017-10-31,20030,2018-03-31,2,,,,,,,,,,,,,,,,,,,,,,,,,,,,,30.00,,,,,,,false,false,12,2017-04-01,2018-03-31,0
2017-10-31,20030,2018-03-31,2,,,,,,,,,,,,,,,,,,,,,,,,,,,,,90.00,,,,,,,false,true,12,2017-04-01,2018-03-31,0
2017-10-31,20030,2018-03-31,2,,,,,,,,,,,,,,,,,,,,,,,,,,,,,,,,,4692364,112877,4579603,false,false,6,2017-04-01,2017-09-30,0
2017-10-31,20030,2017-03-31,2,,,,,,,,,,,,,,,,,,,,,,,,,,,,,,,,,,,4580432,false,false,6,2016-04-01,2016-09-30,-1
2018-01-31,20030,2018-03-31,3,36326000000,-0.012,,,,,2166000000,0.097,2415000000,0.089,,1841000000,,402.20,,,,,,46883000000,32690000000,0.687,,32220000000,,,,,,,,,,,,true,false,9,2017-04-01,2017-12-31,0
2018-01-31,20030,2017-03-31,3,36768000000,-0.064,,,,,1974000000,0.240,2218000000,0.229,,1514000000,,330.70,,,,,,,,,,,,,,,,,,,,,,true,false,9,2016-04-01,2016-12-31,-1
2018-01-31,20030,2018-03-31,3,50000000000,0.023,,,,,2500000000,0.075,2700000000,0.034,,1800000000,,393.05,,,,,,,,,,,,,,,,,,,,,,true,true,12,2017-04-01,2018-03-31,0
2018-01-31,20030,2017-03-31,3,,,,,,,,,,,,,,,,,,,,44654000000,30102000000,0.673,,30038000000,,,,,,,,,,,,true,false,12,2016-04-01,2017-03-31,-1
2018-01-31,20030,2017-03-31,3,,,,,,,,,,,,,,,,,,,,,,,,,,,,,85.00,,,,4692364,112626,,false,false,12,2016-04-01,2017-03-31,-1
2018-01-31,20030,2018-03-31,3,,,,,,,,,,,,,,,,,,,,,,,,,,,,,30.00,,,,,,,false,false,12,2017-04-01,2018-03-31,0
2018-01-31,20030,2018-03-31,3,,,,,,,,,,,,,,,,,,,,,,,,,,,,,90.00,,,,,,,false,true,12,2017-04-01,2018-03-31,0
2018-01-31,20030,2018-03-31,3,,,,,,,,,,,,,,,,,,,,,,,,,,,,,,,,,4692364,112916,4579560,false,false,9,2017-04-01,2017-12-31,0
2018-01-31,20030,2017-03-31,3,,,,,,,,,,,,,,,,,,,,,,,,,,,,,,,,,,,4580250,false,false,9,2016-04-01,2016-12-31,-1
2018-05-07,20030,2018-03-31,,49561000000,0.014,,,,,2898000000,0.247,3171000000,0.215,,2336000000,,510.14,,0.075,0.069,0.058,,47569000000,32470000000,0.680,7066.82,32361000000,2665000000,-2331000000,-3380000000,5400000000,,0.302,,,,,,true,false,12,2017-04-01,2018-03-31,0
2018-05-07,20030,2017-03-31,,48875000000,-0.059,,,,,2324000000,0.136,2610000000,0.124,,1729000000,,377.68,,0.059,0.059,0.048,,44654000000,30102000000,0.673,6559.04,30038000000,3157000000,-1149000000,-415000000,8474000000,,0.304,,,,,,true,false,12,2016-04-01,2017-03-31,-1
2018-05-07,20030,2019-03-31,,27000000000,0.151,,,,,1350000000,0.073,1500000000,0.058,,1050000000,,229.28,,,,,,,,,,,,,,,,,,,,,,true,true,6,2018-04-01,2018-09-30,1
2018-05-07,20030,2019-03-31,,57000000000,0.150,,,,,3000000000,0.035,3200000000,0.009,,2200000000,,480.39,,,,,,,,,,,,,,,,0.300,,,,,,true,true,12,2018-04-01,2019-03-31,1
2018-05-07,20030,2018-03-31,,36765000000,-0.020,,,,,2036000000,0.258,3365000000,0.504,2652000000,,0.687,579.30,,,,,,40922000000,28880000000,0.706,6306.63,28880000000,,,,,154.00,,,,4692364,112940,4579529,false,false,12,2017-04-01,2018-03-31,0
2018-05-07,20030,2017-03-31,,37513000000,-0.084,,,,,1618000000,0.175,2237000000,0.346,1572000000,,0.446,343.28,,,,,,37885000000,26197000000,0.692,5720.37,26197000000,,,,,85.00,,,,4692364,112626,4580134,false,false,12,2016-04-01,2017-03-31,-1
2018-05-07,20030,2019-03-31,,,,,,,,,,,,,,,,,,,,,,,,,,,,,,144.00,,,,,,,false,true,12,2018-04-01,2019-03-31,1
2018-07-31,20030,2019-03-31,1,13175000000,0.122,,,,,922000000,0.516,1022000000,0.440,,712000000,,155.55,,,,,,45834000000,32826000000,0.714,,32718000000,,,,,,,,,,,,true,false,3,2018-04-01,2018-06-30,0
2018-07-31,20030,2018-03-31,1,11743000000,-0.043,,,,,608000000,-0.177,709000000,-0.149,,505000000,,110.39,,,,,,,,,,,,,,,,,,,,,,true,false,3,2017-04-01,2017-06-30,-1
2018-07-31,20030,2019-03-31,1,27000000000,0.151,,,,,1350000000,0.073,1500000000,0.058,,1050000000,,229.28,,,,,,,,,,,,,,,,,,,,,,true,true,6,2018-04-01,2018-09-30,0
2018-07-31,20030,2019-03-31,1,57000000000,0.150,,,,,3000000000,0.035,3200000000,0.009,,2200000000,,480.39,,,,,,,,,,,,,,,,,,,,,,true,true,12,2018-04-01,2019-03-31,0
2018-07-31,20030,2018-03-31,1,,,,,,,,,,,,,,,,,,,,47358000000,32470000000,0.683,,32361000000,,,,,,,,,,,,true,false,12,2017-04-01,2018-03-31,-1
2018-07-31,20030,2018-03-31,1,,,,,,,,,,,,,,,,,,,,,,,,,,,,,154.00,,,,4692364,112940,,false,false,12,2017-04-01,2018-03-31,-1
2018-07-31,20030,2019-03-31,1,,,,,,,,,,,,,,,,,,,,,,,,,,,,,144.00,,,,,,,false,true,12,2018-04-01,2019-03-31,0
2018-07-31,20030,2019-03-31,1,,,,,,,,,,,,,,,,,,,,,,,,,,,,,,,,,4692364,113167,4579351,false,false,3,2018-04-01,2018-06-30,0
2018-07-31,20030,2018-03-31,1,,,,,,,,,,,,,,,,,,,,,,,,,,,,,,,,,,,4579683,false,false,3,2017-04-01,2017-06-30,-1
2018-10-29,20030,2019-03-31,,26000000000,-0.037,,,,,1600000000,0.185,1800000000,0.200,,1500000000,,327.56,,,,,,,,,,,,,,,,,,,,,,true,true,6,2018-04-01,2018-09-30,0
2018-10-29,20030,2018-03-31,,23459000000,,,,,,1258000000,,1417000000,,,987000000,,215.61,,,,,,,,,,,,,,,,,,,,,,true,false,6,2017-04-01,2017-09-30,-1
2018-10-29,20030,2019-03-31,,55000000000,-0.035,,,,,3500000000,0.167,3800000000,0.188,,3000000000,,655.13,,,,,,,,,,,,,,,,,,,,,,true,true,12,2018-04-01,2019-03-31,0
2018-10-29,20030,2018-03-31,,49561000000,,,,,,2898000000,,3171000000,,,2336000000,,510.14,,,,,,,,,,,,,,,,,,,,,,true,false,12,2017-04-01,2018-03-31,-1
2018-10-31,20030,2019-03-31,2,25986000000,0.108,,,,,1660000000,0.319,1828000000,0.290,,1591000000,,347.57,,,,,,45925000000,33632000000,0.730,,33518000000,,,,,,,,,,,,true,false,6,2018-04-01,2018-09-30,0
2018-10-31,20030,2018-03-31,2,23459000000,-0.022,,,,,1258000000,0.089,1417000000,0.105,,987000000,,215.61,,,,,,,,,,,,,,,,,,,,,,true,false,6,2017-04-01,2017-09-30,-1
2018-10-31,20030,2019-03-31,2,55000000000,0.110,,,,,3500000000,0.207,3800000000,0.198,,3000000000,,655.13,,,,,,,,,,,,,,,,,,,,,,true,true,12,2018-04-01,2019-03-31,0
2018-10-31,20030,2018-03-31,2,,,,,,,,,,,,,,,,,,,,47358000000,32470000000,0.683,,32361000000,,,,,,,,,,,,true,false,12,2017-04-01,2018-03-31,-1
2018-10-31,20030,2018-03-31,2,,,,,,,,,,,,,,,,,,,,,,,,,,,,,154.00,,,,4692364,112940,,false,false,12,2017-04-01,2018-03-31,-1
2018-10-31,20030,2019-03-31,2,,,,,,,,,,,,,,,,,,,,,,,,,,,,,90.00,,,,,,,false,false,12,2018-04-01,2019-03-31,0
2018-10-31,20030,2019-03-31,2,,,,,,,,,,,,,,,,,,,,,,,,,,,,,190.00,,,,,,,false,true,12,2018-04-01,2019-03-31,0
2018-10-31,20030,2019-03-31,2,,,,,,,,,,,,,,,,,,,,,,,,,,,,,,,,,4692364,113295,4579250,false,false,6,2018-04-01,2018-09-30,0
2018-10-31,20030,2018-03-31,2,,,,,,,,,,,,,,,,,,,,,,,,,,,,,,,,,,,4579603,false,false,6,2017-04-01,2017-09-30,-1
2019-02-01,20030,2019-03-31,3,41228000000,0.135,,,,,3214000000,0.484,3458000000,0.432,,2680000000,,585.34,,,,,,47138000000,34058000000,0.720,,33948000000,,,,,,,,,,,,true,false,9,2018-04-01,2018-12-31,0
2019-02-01,20030,2018-03-31,3,36326000000,-0.012,,,,,2166000000,0.097,2415000000,0.089,,1841000000,,402.20,,,,,,,,,,,,,,,,,,,,,,true,false,9,2017-04-01,2017-12-31,-1
2019-02-01,20030,2019-03-31,3,55000000000,0.110,,,,,3500000000,0.207,3800000000,0.198,,3000000000,,655.13,,,,,,,,,,,,,,,,,,,,,,true,true,12,2018-04-01,2019-03-31,0
2019-02-01,20030,2018-03-31,3,,,,,,,,,,,,,,,,,,,,47358000000,32470000000,0.683,,32361000000,,,,,,,,,,,,true,false,12,2017-04-01,2018-03-31,-1
2019-02-01,20030,2018-03-31,3,,,,,,,,,,,,,,,,,,,,,,,,,,,,,154.00,,,,4692364,112940,,false,false,12,2017-04-01,2018-03-31,-1
2019-02-01,20030,2019-03-31,3,,,,,,,,,,,,,,,,,,,,,,,,,,,,,90.00,,,,,,,false,false,12,2018-04-01,2019-03-31,0
2019-02-01,20030,2019-03-31,3,,,,,,,,,,,,,,,,,,,,,,,,,,,,,190.00,,,,,,,false,true,12,2018-04-01,2019-03-31,0
2019-02-01,20030,2019-03-31,3,,,,,,,,,,,,,,,,,,,,,,,,,,,,,,,,,4692364,113388,4579177,false,false,9,2018-04-01,2018-12-31,0
2019-02-01,20030,2018-03-31,3,,,,,,,,,,,,,,,,,,,,,,,,,,,,,,,,,,,4579560,false,false,9,2017-04-01,2017-12-31,-1
2019-05-08,20030,2019-03-31,,54900000000,0.108,,,,,4164000000,0.437,4463000000,0.407,,3357000000,,733.22,,0.100,0.094,0.076,,47969000000,34834000000,0.725,7595.48,34778000000,3568000000,-1674000000,-1964000000,5324000000,,0.300,,,,,,true,false,12,2018-04-01,2019-03-31,0
2019-05-08,20030,2018-03-31,,49561000000,0.014,,,,,2898000000,0.247,3171000000,0.215,,2336000000,,510.14,,0.075,0.069,0.058,,47358000000,32470000000,0.680,7066.82,32361000000,2665000000,-2331000000,-3380000000,5400000000,,0.302,,,,,,true,false,12,2017-04-01,2018-03-31,-1
2019-05-08,20030,2020-03-31,,27000000000,0.039,,,,,1600000000,-0.036,1700000000,-0.070,,1200000000,,262.08,,,,,,,,,,,,,,,,,,,,,,true,true,6,2019-04-01,2019-09-30,1
2019-05-08,20030,2020-03-31,,58000000000,0.056,,,,,3600000000,-0.136,3800000000,-0.149,,2700000000,,589.67,,,,,,,,,,,,,,,,0.305,,,,,,true,true,12,2019-04-01,2020-03-31,1
2019-05-08,20030,2019-03-31,,37656000000,0.024,,,,,2727000000,0.339,3334000000,-0.009,2385000000,,-0.101,520.94,,,,,,42352000000,30502000000,0.720,6661.76,30502000000,,,,,220.00,,,,4692364,113568,4579113,false,false,12,2018-04-01,2019-03-31,0
2019-05-08,20030,2018-03-31,,36765000000,-0.020,,,,,2036000000,0.258,3365000000,0.504,2652000000,,0.687,579.30,,,,,,40755000000,28880000000,0.709,6306.63,28880000000,,,,,154.00,,,,4692364,112940,4579529,false,false,12,2017-04-01,2018-03-31,-1
2019-05-08,20030,2020-03-31,,,,,,,,,,,,,,,,,,,,,,,,,,,,,,180.00,,,,,,,false,true,12,2019-04-01,2020-03-31,1
2019-07-31,20030,2020-03-31,1,14074000000,0.068,,,,,1268000000,0.375,1353000000,0.324,,969000000,,211.68,,,,,,47245000000,34946000000,0.739,,34891000000,,,,,,,,,,,,true,false,3,2019-04-01,2019-06-30,0
2019-07-31,20030,2019-03-31,1,13175000000,0.122,,,,,922000000,0.516,1022000000,0.440,,712000000,,155.55,,,,,,,,,,,,,,,,,,,,,,true,false,3,2018-04-01,2018-06-30,-1
2019-07-31,20030,2020-03-31,1,27000000000,0.039,,,,,1600000000,-0.036,1700000000,-0.070,,1200000000,,262.08,,,,,,,,,,,,,,,,,,,,,,true,true,6,2019-04-01,2019-09-30,0
2019-07-31,20030,2020-03-31,1,58000000000,0.056,,,,,3600000000,-0.136,3800000000,-0.149,,2700000000,,589.67,,,,,,,,,,,,,,,,,,,,,,true,true,12,2019-04-01,2020-03-31,0
2019-07-31,20030,2019-03-31,1,,,,,,,,,,,,,,,,,,,,47969000000,34834000000,0.725,,34778000000,,,,,,,,,,,,true,false,12,2018-04-01,2019-03-31,-1
2019-07-31,20030,2019-03-31,1,,,,,,,,,,,,,,,,,,,,,,,,,,,,,220.00,,,,4692364,113568,,false,false,12,2018-04-01,2019-03-31,-1
2019-07-31,20030,2020-03-31,1,,,,,,,,,,,,,,,,,,,,,,,,,,,,,180.00,,,,,,,false,true,12,2019-04-01,2020-03-31,0
2019-07-31,20030,2020-03-31,1,,,,,,,,,,,,,,,,,,,,,,,,,,,,,,,,,4692364,113638,4578756,false,false,3,2019-04-01,2019-06-30,0
2019-07-31,20030,2019-03-31,1,,,,,,,,,,,,,,,,,,,,,,,,,,,,,,,,,,,4579351,false,false,3,2018-04-01,2018-06-30,-1
2019-10-28,20030,2020-03-31,,28000000000,0.037,,,,,2100000000,0.313,2300000000,0.353,,1600000000,,349.44,,,,,,,,,,,,,,,,,,,,,,true,true,6,2019-04-01,2019-09-30,0
2019-10-28,20030,2019-03-31,,25986000000,,,,,,1660000000,,1828000000,,,1591000000,,347.57,,,,,,,,,,,,,,,,,,,,,,true,false,6,2018-04-01,2018-09-30,-1
2019-10-28,20030,2020-03-31,,57000000000,-0.017,,,,,4100000000,0.139,4500000000,0.184,,3100000000,,677.04,,,,,,,,,,,,,,,,,,,,,,true,true,12,2019-04-01,2020-03-31,0
2019-10-28,20030,2019-03-31,,54900000000,,,,,,4164000000,,4463000000,,,3357000000,,733.22,,,,,,,,,,,,,,,,,,,,,,true,false,12,2018-04-01,2019-03-31,-1
2019-10-31,20030,2020-03-31,2,27951000000,0.076,,,,,2171000000,0.308,2313000000,0.265,,1610000000,,351.84,,,,,,47236000000,35844000000,0.758,,35786000000,,,,,,,,,,,,true,false,6,2019-04-01,2019-09-30,0
2019-10-31,20030,2019-03-31,2,25986000000,0.108,,,,,1660000000,0.319,1828000000,0.290,,1591000000,,347.57,,,,,,,,,,,,,,,,,,,,,,true,false,6,2018-04-01,2018-09-30,-1
2019-10-31,20030,2020-03-31,2,57000000000,0.038,,,,,4100000000,-0.015,4500000000,0.008,,3100000000,,677.04,,,,,,,,,,,,,,,,,,,,,,true,true,12,2019-04-01,2020-03-31,0
2019-10-31,20030,2019-03-31,2,,,,,,,,,,,,,,,,,,,,47969000000,34834000000,0.725,,34778000000,,,,,,,,,,,,true,false,12,2018-04-01,2019-03-31,-1
2019-10-31,20030,2019-03-31,2,,,,,,,,,,,,,,,,,,,,,,,,,,,,,220.00,,,,4692364,113568,,false,false,12,2018-04-01,2019-03-31,-1
2019-10-31,20030,2020-03-31,2,,,,,,,,,,,,,,,,,,,,,,,,,,,,,106.00,,,,,,,false,false,12,2019-04-01,2020-03-31,0
2019-10-31,20030,2020-03-31,2,,,,,,,,,,,,,,,,,,,,,,,,,,,,,204.00,,,,,,,false,true,12,2019-04-01,2020-03-31,0
2019-10-31,20030,2020-03-31,2,,,,,,,,,,,,,,,,,,,,,,,,,,,,,,,,,4692364,113671,4578734,false,false,6,2019-04-01,2019-09-30,0
2019-10-31,20030,2019-03-31,2,,,,,,,,,,,,,,,,,,,,,,,,,,,,,,,,,,,4579250,false,false,6,2018-04-01,2018-09-30,-1
2020-01-31,20030,2020-03-31,3,43713000000,0.060,,,,,3885000000,0.209,4173000000,0.207,,2871000000,,627.10,,,,,,49429000000,36668000000,0.741,,36615000000,,,,,,,,,,,,true,false,9,2019-04-01,2019-12-31,0
2020-01-31,20030,2019-03-31,3,41228000000,0.135,,,,,3214000000,0.484,3458000000,0.432,,2680000000,,585.34,,,,,,,,,,,,,,,,,,,,,,true,false,9,2018-04-01,2018-12-31,-1
2020-01-31,20030,2020-03-31,3,57000000000,0.038,,,,,4100000000,-0.015,4500000000,0.008,,3100000000,,677.04,,,,,,,,,,,,,,,,,,,,,,true,true,12,2019-04-01,2020-03-31,0
2020-01-31,20030,2019-03-31,3,,,,,,,,,,,,,,,,,,,,47969000000,34834000000,0.725,,34778000000,,,,,,,,,,,,true,false,12,2018-04-01,2019-03-31,-1
2020-01-31,20030,2019-03-31,3,,,,,,,,,,,,,,,,,,,,,,,,,,,,,220.00,,,,4692364,113568,,false,false,12,2018-04-01,2019-03-31,-1
2020-01-31,20030,2020-03-31,3,,,,,,,,,,,,,,,,,,,,,,,,,,,,,106.00,,,,,,,false,false,12,2019-04-01,2020-03-31,0
2020-01-31,20030,2020-03-31,3,,,,,,,,,,,,,,,,,,,,,,,,,,,,,204.00,,,,,,,false,true,12,2019-04-01,2020-03-31,0
2020-01-31,20030,2020-03-31,3,,,,,,,,,,,,,,,,,,,,,,,,,,,,,,,,,4692364,113731,4578710,false,false,9,2019-04-01,2019-12-31,0
2020-01-31,20030,2019-03-31,3,,,,,,,,,,,,,,,,,,,,,,,,,,,,,,,,,,,4579177,false,false,9,2018-04-01,2018-12-31,-1
2020-05-08,20030,2020-03-31,,57544000000,0.048,,,,,4568000000,0.097,4970000000,0.114,,3384000000,,739.10,,0.095,0.102,0.079,,49541000000,36867000000,0.743,8040.87,36815000000,6513000000,-1950000000,-1435000000,8411000000,,0.300,,,,,,true,false,12,2019-04-01,2020-03-31,0
2020-05-08,20030,2019-03-31,,54900000000,0.108,,,,,4164000000,0.437,4463000000,0.407,,3357000000,,733.22,,0.100,0.094,0.076,,47969000000,34834000000,0.725,7595.48,34778000000,3568000000,-1674000000,-1964000000,5324000000,,0.300,,,,,,true,false,12,2018-04-01,2019-03-31,-1
2020-05-08,20030,2021-03-31,,28000000000,0.002,,,,,1700000000,-0.217,1900000000,-0.179,,1300000000,,283.92,,,,,,,,,,,,,,,,,,,,,,true,true,6,2020-04-01,2020-09-30,1
2020-05-08,20030,2021-03-31,,58000000000,0.008,,,,,3900000000,-0.146,4300000000,-0.135,,3000000000,,655.21,,,,,,,,,,,,,,,,0.301,,,,,,true,true,12,2020-04-01,2021-03-31,1
2020-05-08,20030,2020-03-31,,38301000000,0.017,,,,,2804000000,0.028,4472000000,0.341,3414000000,,0.432,745.80,,,,,,44003000000,32924000000,0.748,7191.03,32924000000,,,,,222.00,,,,4692364,113820,4578681,false,false,12,2019-04-01,2020-03-31,0
2020-05-08,20030,2019-03-31,,37656000000,0.024,,,,,2727000000,0.339,3334000000,-0.009,2385000000,,-0.101,520.94,,,,,,42352000000,30502000000,0.720,6661.76,30502000000,,,,,220.00,,,,4692364,113568,4579113,false,false,12,2018-04-01,2019-03-31,-1
2020-05-08,20030,2021-03-31,,,,,,,,,,,,,,,,,,,,,,,,,,,,,,197.00,,,,,,,false,true,12,2020-04-01,2021-03-31,1
2020-07-30,20030,2021-03-31,1,13615000000,-0.033,,,,,1073000000,-0.154,1243000000,-0.081,,878000000,,191.93,,,,,,49337000000,37546000000,0.760,,37493000000,,,,,,,,,,,,true,false,3,2020-04-01,2020-06-30,0
2020-07-30,20030,2020-03-31,1,14074000000,0.068,,,,,1268000000,0.375,1353000000,0.324,,969000000,,211.68,,,,,,,,,,,,,,,,,,,,,,true,false,3,2019-04-01,2019-06-30,-1
2020-07-30,20030,2021-03-31,1,28000000000,0.002,,,,,1700000000,-0.217,1900000000,-0.179,,1300000000,,283.92,,,,,,,,,,,,,,,,,,,,,,true,true,6,2020-04-01,2020-09-30,0
2020-07-30,20030,2021-03-31,1,58000000000,0.008,,,,,3900000000,-0.146,4300000000,-0.135,,3000000000,,655.21,,,,,,,,,,,,,,,,,,,,,,true,true,12,2020-04-01,2021-03-31,0
2020-07-30,20030,2020-03-31,1,,,,,,,,,,,,,,,,,,,,49541000000,36867000000,0.743,,36815000000,,,,,,,,,,,,true,false,12,2019-04-01,2020-03-31,-1
2020-07-30,20030,2020-03-31,1,,,,,,,,,,,,,,,,,,,,,,,,,,,,,222.00,,,,4692364,113820,,false,false,12,2019-04-01,2020-03-31,-1
2020-07-30,20030,2021-03-31,1,,,,,,,,,,,,,,,,,,,,,,,,,,,,,197.00,,,,,,,false,true,12,2020-04-01,2021-03-31,0
2020-07-30,20030,2021-03-31,1,,,,,,,,,,,,,,,,,,,,,,,,,,,,,,,,,4692364,113910,4578485,false,false,3,2020-04-01,2020-06-30,0
2020-07-30,20030,2020-03-31,1,,,,,,,,,,,,,,,,,,,,,,,,,,,,,,,,,,,4578756,false,false,3,2019-04-01,2019-06-30,-1
2020-10-26,20030,2021-03-31,,27300000000,-0.025,,,,,2100000000,0.235,2300000000,0.211,,1700000000,,371.30,,,,,,,,,,,,,,,,,,,,,,true,true,6,2020-04-01,2020-09-30,0
2020-10-26,20030,2020-03-31,,27951000000,,,,,,2171000000,,2313000000,,,1610000000,,351.84,,,,,,,,,,,,,,,,,,,,,,true,false,6,2019-04-01,2019-09-30,-1
2020-10-26,20030,2021-03-31,,56000000000,-0.034,,,,,4100000000,0.051,4600000000,0.070,,3300000000,,720.76,,,,,,,,,,,,,,,,,,,,,,true,true,12,2020-04-01,2021-03-31,0
2020-10-26,20030,2020-03-31,,57544000000,,,,,,4568000000,,4970000000,,,3384000000,,739.10,,,,,,,,,,,,,,,,,,,,,,true,false,12,2019-04-01,2020-03-31,-1
2020-10-30,20030,2021-03-31,2,27307000000,-0.023,,,,,2145000000,-0.012,2386000000,0.032,,1737000000,,379.60,,,,,,49746000000,38665000000,0.776,,38609000000,,,,,,,,,,,,true,false,6,2020-04-01,2020-09-30,0
2020-10-30,20030,2020-03-31,2,27951000000,0.076,,,,,2171000000,0.308,2313000000,0.265,,1610000000,,351.84,,,,,,,,,,,,,,,,,,,,,,true,false,6,2019-04-01,2019-09-30,-1
2020-10-30,20030,2021-03-31,2,56000000000,-0.027,,,,,4100000000,-0.102,4600000000,-0.074,,3300000000,,720.76,,,,,,,,,,,,,,,,,,,,,,true,true,12,2020-04-01,2021-03-31,0
2020-10-30,20030,2020-03-31,2,,,,,,,,,,,,,,,,,,,,49541000000,36867000000,0.743,,36815000000,,,,,,,,,,,,true,false,12,2019-04-01,2020-03-31,-1
2020-10-30,20030,2020-03-31,2,,,,,,,,,,,,,,,,,,,,,,,,,,,,,222.00,,,,4692364,113820,,false,false,12,2019-04-01,2020-03-31,-1
2020-10-30,20030,2021-03-31,2,,,,,,,,,,,,,,,,,,,,,,,,,,,,,114.00,,,,,,,false,false,12,2020-04-01,2021-03-31,0
2020-10-30,20030,2021-03-31,2,,,,,,,,,,,,,,,,,,,,,,,,,,,,,217.00,,,,,,,false,true,12,2020-04-01,2021-03-31,0
2020-10-30,20030,2021-03-31,2,,,,,,,,,,,,,,,,,,,,,,,,,,,,,,,,,4692364,113910,4578472,false,false,6,2020-04-01,2020-09-30,0
2020-10-30,20030,2020-03-31,2,,,,,,,,,,,,,,,,,,,,,,,,,,,,,,,,,,,4578734,false,false,6,2019-04-01,2019-09-30,-1
2021-01-29,20030,2021-03-31,3,42651000000,-0.024,,,,,3659000000,-0.058,4020000000,-0.037,,2820000000,,616.09,,,,,,50312000000,38683000000,0.768,,38638000000,,,,,,,,,,,,true,false,9,2020-04-01,2020-12-31,0
2021-01-29,20030,2020-03-31,3,43713000000,0.060,,,,,3885000000,0.209,4173000000,0.207,,2871000000,,627.10,,,,,,,,,,,,,,,,,,,,,,true,false,9,2019-04-01,2019-12-31,-1
2021-01-29,20030,2021-03-31,3,56000000000,-0.027,,,,,4100000000,-0.102,4600000000,-0.074,,3300000000,,720.76,,,,,,,,,,,,,,,,,,,,,,true,true,12,2020-04-01,2021-03-31,0
2021-01-29,20030,2020-03-31,3,,,,,,,,,,,,,,,,,,,,49541000000,36867000000,0.743,,36815000000,,,,,,,,,,,,true,false,12,2019-04-01,2020-03-31,-1
2021-01-29,20030,2020-03-31,3,,,,,,,,,,,,,,,,,,,,,,,,,,,,,222.00,,,,4692364,113820,,false,false,12,2019-04-01,2020-03-31,-1
2021-01-29,20030,2021-03-31,3,,,,,,,,,,,,,,,,,,,,,,,,,,,,,114.00,,,,,,,false,false,12,2020-04-01,2021-03-31,0
2021-01-29,20030,2021-03-31,3,,,,,,,,,,,,,,,,,,,,,,,,,,,,,217.00,,,,,,,false,true,12,2020-04-01,2021-03-31,0
2021-01-29,20030,2021-03-31,3,,,,,,,,,,,,,,,,,,,,,,,,,,,,,,,,,4692364,113986,4578452,false,false,9,2020-04-01,2020-12-31,0
2021-01-29,20030,2020-03-31,3,,,,,,,,,,,,,,,,,,,,,,,,,,,,,,,,,,,4578710,false,false,9,2019-04-01,2019-12-31,-1
2021-05-07,20030,2021-03-31,,56544000000,-0.017,,,,,4539000000,-0.006,5027000000,0.011,,3536000000,,772.42,,0.093,0.099,0.080,,52378000000,39654000000,0.756,8651.22,39607000000,3667000000,-207000000,-1320000000,10543000000,,0.300,,,,,,true,false,12,2020-04-01,2021-03-31,0
2021-05-07,20030,2020-03-31,,57544000000,0.048,,,,,4568000000,0.097,4970000000,0.114,,3384000000,,739.10,,0.095,0.102,0.079,,49541000000,36867000000,0.743,8040.87,36815000000,6513000000,-1950000000,-1435000000,8411000000,,0.300,,,,,,true,false,12,2019-04-01,2020-03-31,-1
2021-05-07,20030,2022-03-31,,27000000000,-0.011,,,,,1900000000,-0.115,2100000000,-0.120,,1400000000,,305.78,,,,,,,,,,,,,,,,,,,,,,true,true,6,2021-04-01,2021-09-30,1
2021-05-07,20030,2022-03-31,,57000000000,0.008,,,,,4100000000,-0.097,4500000000,-0.105,,3100000000,,677.08,,,,,,,,,,,,,,,,0.301,,,,,,true,true,12,2021-04-01,2022-03-31,1
2021-05-07,20030,2021-03-31,,36567000000,-0.045,,,,,2880000000,0.027,4196000000,-0.062,3189000000,,-0.066,696.64,,,,,,45886000000,34876000000,0.760,7617.80,34876000000,,,,,232.00,,,,4692364,114118,4578423,false,false,12,2020-04-01,2021-03-31,0
2021-05-07,20030,2020-03-31,,38301000000,0.017,,,,,2804000000,0.028,4472000000,0.341,3414000000,,0.432,745.80,,,,,,44003000000,32924000000,0.748,7191.03,32924000000,,,,,222.00,,,,4692364,113820,4578681,false,false,12,2019-04-01,2020-03-31,-1
2021-05-07,20030,2022-03-31,,,,,,,,,,,,,,,,,,,,,,,,,,,,,,204.00,,,,,,,false,true,12,2021-04-01,2022-03-31,1
2021-07-30,20030,2022-03-31,1,14236000000,0.046,,,,,1087000000,0.013,1237000000,-0.005,,843000000,,184.73,,,,,,50946000000,39594000000,0.776,,39541000000,,,,,,,,,,,,true,false,3,2021-04-01,2021-06-30,0
2021-07-30,20030,2021-03-31,1,13615000000,-0.033,,,,,1073000000,-0.154,1243000000,-0.081,,878000000,,191.93,,,,,,,,,,,,,,,,,,,,,,true,false,3,2020-04-01,2020-06-30,-1
2021-07-30,20030,2022-03-31,1,27000000000,-0.011,,,,,1900000000,-0.115,2100000000,-0.120,,1400000000,,305.78,,,,,,,,,,,,,,,,,,,,,,true,true,6,2021-04-01,2021-09-30,0
2021-07-30,20030,2022-03-31,1,57000000000,0.008,,,,,4100000000,-0.097,4500000000,-0.105,,3100000000,,338.54,,,,,,,,,,,,,,,,,,,,,,true,true,12,2021-04-01,2022-03-31,0
2021-07-30,20030,2021-03-31,1,,,,,,,,,,,,,,,,,,,,52378000000,39654000000,0.756,,39607000000,,,,,,,,,,,,true,false,12,2020-04-01,2021-03-31,-1
2021-07-30,20030,2021-03-31,1,,,,,,,,,,,,,,,,,,,,,,,,,,,,,232.00,,,,4692364,114118,,false,false,12,2020-04-01,2021-03-31,-1
2021-07-30,20030,2022-03-31,1,,,,,,,,,,,,,,,,,,,,,,,,,,,,,102.00,,,,,,,false,true,12,2021-04-01,2022-03-31,0
2021-07-30,20030,2022-03-31,1,,,,,,,,,,,,,,,,,,,,,,,,,,,,,,,,,4692364,139156,4565737,false,false,3,2021-04-01,2021-06-30,0
2021-07-30,20030,2021-03-31,1,,,,,,,,,,,,,,,,,,,,,,,,,,,,,,,,,,,4578485,false,false,3,2020-04-01,2020-06-30,-1
2021-10-28,20030,2022-03-31,2,28163000000,0.031,,,,,2098000000,-0.022,2332000000,-0.023,,1783000000,,195.60,,,,,,53992000000,40960000000,0.758,,40904000000,,,,,,,,,,,,true,false,6,2021-04-01,2021-09-30,0
2021-10-28,20030,2021-03-31,2,27307000000,-0.023,,,,,2145000000,-0.012,2386000000,0.032,,1737000000,,189.80,,,,,,,,,,,,,,,,,,,,,,true,false,6,2020-04-01,2020-09-30,-1
2021-10-28,20030,2022-03-31,2,57000000000,0.008,,,,,4100000000,-0.097,4500000000,-0.105,,3100000000,,340.43,,,,,,,,,,,,,,,,,,,,,,true,true,12,2021-04-01,2022-03-31,0
2021-10-28,20030,2021-03-31,2,,,,,,,,,,,,,,,,,,,,52378000000,39654000000,0.756,,39607000000,,,,,,,,,,,,true,false,12,2020-04-01,2021-03-31,-1
2021-10-28,20030,2021-03-31,2,,,,,,,,,,,,,,,,,,,,,,,,,,,,,232.00,,,,9384728,228236,,false,false,12,2020-04-01,2021-03-31,-1
2021-10-28,20030,2022-03-31,2,,,,,,,,,,,,,,,,,,,,,,,,,,,,,157.00,,,,,,,false,false,12,2021-04-01,2022-03-31,0
2021-10-28,20030,2022-03-31,2,,,,,,,,,,,,,,,,,,,,,,,,,,,,,58.00,,,,,,,false,true,12,2021-04-01,2022-03-31,0
2021-10-28,20030,2022-03-31,2,,,,,,,,,,,,,,,,,,,,,,,,,,,,,,,,,9384728,278594,9120667,false,false,6,2021-04-01,2021-09-30,0
2021-10-28,20030,2021-03-31,2,,,,,,,,,,,,,,,,,,,,,,,,,,,,,,,,,,,9156943,false,false,6,2020-04-01,2020-09-30,-1
2022-01-31,20030,2022-03-31,3,44191000000,0.036,,,,,3575000000,-0.023,3937000000,-0.021,,3029000000,,332.33,,,,,,53285000000,41070000000,0.770,,41011000000,,,,,,,,,,,,true,false,9,2021-04-01,2021-12-31,0
2022-01-31,20030,2021-03-31,3,42651000000,-0.024,,,,,3659000000,-0.058,4020000000,-0.037,,2820000000,,308.04,,,,,,,,,,,,,,,,,,,,,,true,false,9,2020-04-01,2020-12-31,-1
2022-01-31,20030,2022-03-31,3,59000000000,0.043,,,,,4300000000,-0.053,4700000000,-0.065,,3500000000,,384.36,,,,,,,,,,,,,,,,,,,,,,true,true,12,2021-04-01,2022-03-31,0
2022-01-31,20030,2021-03-31,3,,,,,,,,,,,,,,,,,,,,52378000000,39654000000,0.756,,39607000000,,,,,,,,,,,,true,false,12,2020-04-01,2021-03-31,-1
2022-01-31,20030,2021-03-31,3,,,,,,,,,,,,,,,,,,,,,,,,,,,,,232.00,,,,9384728,228236,,false,false,12,2020-04-01,2021-03-31,-1
2022-01-31,20030,2022-03-31,3,,,,,,,,,,,,,,,,,,,,,,,,,,,,,157.00,,,,,,,false,false,12,2021-04-01,2022-03-31,0
2022-01-31,20030,2022-03-31,3,,,,,,,,,,,,,,,,,,,,,,,,,,,,,75.50,,,,,,,false,true,12,2021-04-01,2022-03-31,0
2022-01-31,20030,2022-03-31,3,,,,,,,,,,,,,,,,,,,,,,,,,,,,,,,,,9384728,278684,9116291,false,false,9,2021-04-01,2021-12-31,0
2022-01-31,20030,2021-03-31,3,,,,,,,,,,,,,,,,,,,,,,,,,,,,,,,,,,,9156904,false,false,9,2020-04-01,2020-12-31,-1
2022-05-06,20030,2022-03-31,,59340000000,0.049,,,,,4404000000,-0.030,4886000000,-0.028,,3714000000,,407.54,,0.091,0.090,0.074,,55870000000,41753000000,0.746,4579.61,41701000000,2171000000,-1563000000,-1440000000,9804000000,,0.401,,,,,,true,false,12,2021-04-01,2022-03-31,0
2022-05-06,20030,2021-03-31,,56544000000,-0.017,,,,,4539000000,-0.006,5027000000,0.011,,3536000000,,386.21,,0.093,0.099,0.080,,52378000000,39654000000,0.756,4325.61,39607000000,3667000000,-207000000,-1320000000,10543000000,,0.300,,,,,,true,false,12,2020-04-01,2021-03-31,-1
2022-05-06,20030,2023-03-31,,32000000000,0.136,,,,,2200000000,0.049,2400000000,0.029,,1700000000,,186.69,,,,,,,,,,,,,,,,,,,,,,true,true,6,2022-04-01,2022-09-30,1
2022-05-06,20030,2023-03-31,,67000000000,0.129,,,,,4600000000,0.044,5000000000,0.023,,3500000000,,384.37,,,,,,,,,,,,,,,,0.401,,,,,,true,true,12,2022-04-01,2023-03-31,1
2022-05-06,20030,2022-03-31,,38019000000,0.040,,,,,2747000000,-0.046,4060000000,-0.032,3160000000,,-0.009,346.76,,,,,,47790000000,36351000000,0.761,3992.09,36351000000,,,,,85.00,,,,9384728,278833,9113902,false,false,12,2021-04-01,2022-03-31,0
2022-05-06,20030,2021-03-31,,36567000000,-0.045,,,,,2880000000,0.027,4196000000,-0.062,3189000000,,-0.066,348.32,,,,,,45886000000,34876000000,0.760,3808.90,34876000000,,,,,232.00,,,,9384728,228236,9156845,false,false,12,2020-04-01,2021-03-31,-1
2022-05-06,20030,2023-03-31,,,,,,,,,,,,,,,,,,,,,,,,,,,,,,154.00,,,,,,,false,true,12,2022-04-01,2023-03-31,1
2022-07-28,20030,2023-03-31,1,16458000000,0.156,,,,,1181000000,0.086,1325000000,0.072,,919000000,,100.97,,,,,,55461000000,42378000000,0.763,,42320000000,,,,,,,,,,,,true,false,3,2022-04-01,2022-06-30,0
2022-07-28,20030,2022-03-31,1,14236000000,0.046,,,,,1087000000,0.013,1237000000,-0.005,,843000000,,92.36,,,,,,,,,,,,,,,,,,,,,,true,false,3,2021-04-01,2021-06-30,-1
2022-07-28,20030,2023-03-31,1,32000000000,0.136,,,,,2200000000,0.049,2400000000,0.029,,1700000000,,186.69,,,,,,,,,,,,,,,,,,,,,,true,true,6,2022-04-01,2022-09-30,0
2022-07-28,20030,2023-03-31,1,67000000000,0.129,,,,,4600000000,0.044,5000000000,0.023,,3500000000,,384.37,,,,,,,,,,,,,,,,,,,,,,true,true,12,2022-04-01,2023-03-31,0
2022-07-28,20030,2022-03-31,1,,,,,,,,,,,,,,,,,,,,55870000000,41753000000,0.746,,41701000000,,,,,,,,,,,,true,false,12,2021-04-01,2022-03-31,-1
2022-07-28,20030,2022-03-31,1,,,,,,,,,,,,,,,,,,,,,,,,,,,,,85.00,,,,9384728,278833,,false,false,12,2021-04-01,2022-03-31,-1
2022-07-28,20030,2023-03-31,1,,,,,,,,,,,,,,,,,,,,,,,,,,,,,154.00,,,,,,,false,true,12,2022-04-01,2023-03-31,0
2022-07-28,20030,2023-03-31,1,,,,,,,,,,,,,,,,,,,,,,,,,,,,,,,,,9384728,278859,9105876,false,false,3,2022-04-01,2022-06-30,0
2022-07-28,20030,2022-03-31,1,,,,,,,,,,,,,,,,,,,,,,,,,,,,,,,,,,,9131473,false,false,3,2021-04-01,2021-06-30,-1
2022-11-01,20030,2023-03-31,2,33127000000,0.176,,,,,2355000000,0.123,2535000000,0.087,,1750000000,,192.24,,,,,,57054000000,43479000000,0.761,,43411000000,,,,,,,,,,,,true,false,6,2022-04-01,2022-09-30,0
2022-11-01,20030,2022-03-31,2,28163000000,0.031,,,,,2098000000,-0.022,2332000000,-0.023,,1783000000,,195.60,,,,,,,,,,,,,,,,,,,,,,true,false,6,2021-04-01,2021-09-30,-1
2022-11-01,20030,2023-03-31,2,67000000000,0.129,,,,,4600000000,0.044,5000000000,0.023,,3500000000,,384.37,,,,,,,,,,,,,,,,,,,,,,true,true,12,2022-04-01,2023-03-31,0
2022-11-01,20030,2022-03-31,2,,,,,,,,,,,,,,,,,,,,55870000000,41753000000,0.746,,41701000000,,,,,,,,,,,,true,false,12,2021-04-01,2022-03-31,-1
2022-11-01,20030,2022-03-31,2,,,,,,,,,,,,,,,,,,,,,,,,,,,,,85.00,,,,9384728,278833,,false,false,12,2021-04-01,2022-03-31,-1
2022-11-01,20030,2023-03-31,2,,,,,,,,,,,,,,,,,,,,,,,,,,,,,77.00,,,,,,,false,false,12,2022-04-01,2023-03-31,0
2022-11-01,20030,2023-03-31,2,,,,,,,,,,,,,,,,,,,,,,,,,,,,,154.00,,,,,,,false,true,12,2022-04-01,2023-03-31,0
2022-11-01,20030,2023-03-31,2,,,,,,,,,,,,,,,,,,,,,,,,,,,,,,,,,9384728,278889,9105860,false,false,6,2022-04-01,2022-09-30,0
2022-11-01,20030,2022-03-31,2,,,,,,,,,,,,,,,,,,,,,,,,,,,,,,,,,,,9120667,false,false,6,2021-04-01,2021-09-30,-1
2023-02-01,20030,2023-03-31,3,52276000000,0.183,,,,,4163000000,0.164,4438000000,0.127,,3102000000,,340.75,,,,,,57087000000,44187000000,0.773,,44124000000,,,,,,,,,,,,true,false,9,2022-04-01,2022-12-31,0
2023-02-01,20030,2022-03-31,3,44191000000,0.036,,,,,3575000000,-0.023,3937000000,-0.021,,3029000000,,332.33,,,,,,,,,,,,,,,,,,,,,,true,false,9,2021-04-01,2021-12-31,-1
2023-02-01,20030,2023-03-31,3,67000000000,0.129,,,,,4600000000,0.044,5000000000,0.023,,3500000000,,384.37,,,,,,,,,,,,,,,,,,,,,,true,true,12,2022-04-01,2023-03-31,0
2023-02-01,20030,2022-03-31,3,,,,,,,,,,,,,,,,,,,,55870000000,41753000000,0.746,,41701000000,,,,,,,,,,,,true,false,12,2021-04-01,2022-03-31,-1
2023-02-01,20030,2022-03-31,3,,,,,,,,,,,,,,,,,,,,,,,,,,,,,85.00,,,,9384728,278833,,false,false,12,2021-04-01,2022-03-31,-1
2023-02-01,20030,2023-03-31,3,,,,,,,,,,,,,,,,,,,,,,,,,,,,,77.00,,,,,,,false,false,12,2022-04-01,2023-03-31,0
2023-02-01,20030,2023-03-31,3,,,,,,,,,,,,,,,,,,,,,,,,,,,,,154.00,,,,,,,false,true,12,2022-04-01,2023-03-31,0
2023-02-01,20030,2023-03-31,3,,,,,,,,,,,,,,,,,,,,,,,,,,,,,,,,,9384728,278889,9105854,false,false,9,2022-04-01,2022-12-31,0
2023-02-01,20030,2022-03-31,3,,,,,,,,,,,,,,,,,,,,,,,,,,,,,,,,,,,9116291,false,false,9,2021-04-01,2021-12-31,-1
2023-05-08,20030,2023-03-31,,69540000000,0.172,,,,,5299000000,0.203,5728000000,0.172,,3963000000,,435.30,,0.091,0.098,0.076,,60944000000,45558000000,0.747,4996.70,45498000000,2244000000,-2821000000,-1488000000,7885000000,,0.402,,,,,,true,false,12,2022-04-01,2023-03-31,0
2023-05-08,20030,2022-03-31,,59340000000,0.049,,,,,4404000000,-0.030,4886000000,-0.028,,3714000000,,407.54,,0.091,0.090,0.074,,55870000000,41753000000,0.746,4579.61,41701000000,2171000000,-1563000000,-1440000000,9804000000,,0.401,,,,,,true,false,12,2021-04-01,2022-03-31,-1
2023-05-08,20030,2024-03-31,,35000000000,0.057,,,,,2200000000,-0.066,2400000000,-0.053,,1700000000,,186.70,,,,,,,,,,,,,,,,,,,,,,true,true,6,2023-04-01,2023-09-30,1
2023-05-08,20030,2024-03-31,,74000000000,0.064,,,,,5200000000,-0.019,5500000000,-0.040,,4000000000,,439.28,,,,,,,,,,,,,,,,0.401,,,,,,true,true,12,2023-04-01,2024-03-31,1
2023-05-08,20030,2023-03-31,,44821000000,0.179,,,,,3252000000,0.184,4562000000,0.124,3403000000,,0.077,373.73,,,,,,52620000000,39549000000,0.752,4343.35,39549000000,,,,,175.00,,,,9384728,278983,9105843,false,false,12,2022-04-01,2023-03-31,0
2023-05-08,20030,2022-03-31,,38019000000,0.040,,,,,2747000000,-0.046,4060000000,-0.032,3160000000,,-0.009,346.76,,,,,,47790000000,36351000000,0.761,3992.09,36351000000,,,,,85.00,,,,9384728,278833,9113902,false,false,12,2021-04-01,2022-03-31,-1
2023-05-08,20030,2024-03-31,,,,,,,,,,,,,,,,,,,,,,,,,,,,,,176.00,,,,,,,false,true,12,2023-04-01,2024-03-31,1
2023-07-31,20030,2024-03-31,1,17929000000,0.089,,,,,1196000000,0.013,1345000000,0.014,,684000000,,75.17,,,,,,59661000000,45613000000,0.764,,45552000000,,,,,,,,,,,,true,false,3,2023-04-01,2023-06-30,0
2023-07-31,20030,2023-03-31,1,16458000000,0.156,,,,,1181000000,0.086,1325000000,0.072,,919000000,,100.97,,,,,,,,,,,,,,,,,,,,,,true,false,3,2022-04-01,2022-06-30,-1
2023-07-31,20030,2024-03-31,1,35000000000,0.057,,,,,2200000000,-0.066,2400000000,-0.053,,1700000000,,186.70,,,,,,,,,,,,,,,,,,,,,,true,true,6,2023-04-01,2023-09-30,0
2023-07-31,20030,2024-03-31,1,74000000000,0.064,,,,,5200000000,-0.019,5500000000,-0.040,,4000000000,,439.28,,,,,,,,,,,,,,,,,,,,,,true,true,12,2023-04-01,2024-03-31,0
2023-07-31,20030,2023-03-31,1,,,,,,,,,,,,,,,,,,,,60944000000,45558000000,0.747,,45498000000,,,,,,,,,,,,true,false,12,2022-04-01,2023-03-31,-1
2023-07-31,20030,2023-03-31,1,,,,,,,,,,,,,,,,,,,,,,,,,,,,,175.00,,,,9384728,278983,,false,false,12,2022-04-01,2023-03-31,-1
2023-07-31,20030,2024-03-31,1,,,,,,,,,,,,,,,,,,,,,,,,,,,,,176.00,,,,,,,false,true,12,2023-04-01,2024-03-31,0
2023-07-31,20030,2024-03-31,1,,,,,,,,,,,,,,,,,,,,,,,,,,,,,,,,,9384728,279114,9105678,false,false,3,2023-04-01,2023-06-30,0
2023-07-31,20030,2023-03-31,1,,,,,,,,,,,,,,,,,,,,,,,,,,,,,,,,,,,9105876,false,false,3,2022-04-01,2022-06-30,-1
2023-10-31,20030,2024-03-31,2,35410000000,0.069,,,,,2347000000,-0.003,2590000000,0.022,,1510000000,,165.92,,,,,,60270000000,46800000000,0.775,,46732000000,,,,,,,,,,,,true,false,6,2023-04-01,2023-09-30,0
2023-10-31,20030,2023-03-31,2,33127000000,0.176,,,,,2355000000,0.123,2535000000,0.087,,1750000000,,192.24,,,,,,,,,,,,,,,,,,,,,,true,false,6,2022-04-01,2022-09-30,-1
2023-10-31,20030,2024-03-31,2,74000000000,0.064,,,,,5200000000,-0.019,5500000000,-0.040,,4000000000,,439.28,,,,,,,,,,,,,,,,,,,,,,true,true,12,2023-04-01,2024-03-31,0
2023-10-31,20030,2023-03-31,2,,,,,,,,,,,,,,,,,,,,60944000000,45558000000,0.747,,45498000000,,,,,,,,,,,,true,false,12,2022-04-01,2023-03-31,-1
2023-10-31,20030,2023-03-31,2,,,,,,,,,,,,,,,,,,,,,,,,,,,,,175.00,,,,9384728,278983,,false,false,12,2022-04-01,2023-03-31,-1
2023-10-31,20030,2024-03-31,2,,,,,,,,,,,,,,,,,,,,,,,,,,,,,75.00,,,,,,,false,false,12,2023-04-01,2024-03-31,0
2023-10-31,20030,2024-03-31,2,,,,,,,,,,,,,,,,,,,,,,,,,,,,,176.00,,,,,,,false,true,12,2023-04-01,2024-03-31,0
2023-10-31,20030,2024-03-31,2,,,,,,,,,,,,,,,,,,,,,,,,,,,,,,,,,9384728,279277,9105610,false,false,6,2023-04-01,2023-09-30,0
2023-10-31,20030,2023-03-31,2,,,,,,,,,,,,,,,,,,,,,,,,,,,,,,,,,,,9105860,false,false,6,2022-04-01,2022-09-30,-1
2024-01-31,20030,2024-03-31,3,55165000000,0.055,,,,,4357000000,0.046,4700000000,0.059,,2948000000,,323.85,,,,,,65187000000,48593000000,0.745,,48536000000,,,,,,,,,,,,true,false,9,2023-04-01,2023-12-31,0
2024-01-31,20030,2023-03-31,3,52276000000,0.183,,,,,4163000000,0.164,4438000000,0.127,,3102000000,,340.75,,,,,,,,,,,,,,,,,,,,,,true,false,9,2022-04-01,2022-12-31,-1
2024-01-31,20030,2024-03-31,3,74000000000,0.064,,,,,5200000000,-0.019,5500000000,-0.040,,4000000000,,439.28,,,,,,,,,,,,,,,,,,,,,,true,true,12,2023-04-01,2024-03-31,0
2024-01-31,20030,2023-03-31,3,,,,,,,,,,,,,,,,,,,,60944000000,45558000000,0.747,,45498000000,,,,,,,,,,,,true,false,12,2022-04-01,2023-03-31,-1
2024-01-31,20030,2023-03-31,3,,,,,,,,,,,,,,,,,,,,,,,,,,,,,175.00,,,,9384728,278983,,false,false,12,2022-04-01,2023-03-31,-1
2024-01-31,20030,2024-03-31,3,,,,,,,,,,,,,,,,,,,,,,,,,,,,,75.00,,,,,,,false,false,12,2023-04-01,2024-03-31,0
2024-01-31,20030,2024-03-31,3,,,,,,,,,,,,,,,,,,,,,,,,,,,,,176.00,,,,,,,false,true,12,2023-04-01,2024-03-31,0
2024-01-31,20030,2024-03-31,3,,,,,,,,,,,,,,,,,,,,,,,,,,,,,,,,,9384728,279400,9105536,false,false,9,2023-04-01,2023-12-31,0
2024-01-31,20030,2023-03-31,3,,,,,,,,,,,,,,,,,,,,,,,,,,,,,,,,,,,9105854,false,false,9,2022-04-01,2022-12-31,-1
2024-05-07,20030,2024-03-31,,72598000000,0.044,,,,,5237000000,-0.012,5816000000,0.015,,4238000000,,465.52,,0.089,0.093,0.072,,64240000000,49676000000,0.772,5449.41,49618000000,6498000000,-2981000000,-1692000000,9798000000,,0.402,,,,,,true,false,12,2023-04-01,2024-03-31,0
2024-05-07,20030,2023-03-31,,69540000000,0.172,,,,,5299000000,0.203,5728000000,0.172,,3963000000,,435.30,,0.091,0.098,0.076,,60944000000,45558000000,0.747,4996.70,45498000000,2244000000,-2821000000,-1488000000,7885000000,,0.402,,,,,,true,false,12,2022-04-01,2023-03-31,-1
2024-05-07,20030,2025-03-31,,35000000000,-0.012,,,,,2200000000,-0.063,2300000000,-0.112,,1600000000,,175.72,,,,,,,,,,,,,,,,,,,,,,true,true,6,2024-04-01,2024-09-30,1
2024-05-07,20030,2025-03-31,,72000000000,-0.008,,,,,4900000000,-0.064,5400000000,-0.072,,4300000000,,472.25,,,,,,,,,,,,,,,,0.400,,,,,,true,true,12,2024-04-01,2025-03-31,1
2024-05-07,20030,2024-03-31,,46792000000,0.044,,,,,3255000000,0.001,4806000000,0.054,3896000000,,0.145,427.95,,,,,,55758000000,42628000000,0.765,4681.75,42628000000,,,,,187.00,,,,9384728,279448,9105480,false,false,12,2023-04-01,2024-03-31,0
2024-05-07,20030,2023-03-31,,44821000000,0.179,,,,,3252000000,0.184,4562000000,0.124,3403000000,,0.077,373.73,,,,,,52620000000,39549000000,0.752,4343.35,39549000000,,,,,175.00,,,,9384728,278983,9105843,false,false,12,2022-04-01,2023-03-31,-1
2024-05-07,20030,2025-03-31,,,,,,,,,,,,,,,,,,,,,,,,,,,,,,189.00,,,,,,,false,true,12,2024-04-01,2025-03-31,1
,20030,2025-03-31,,,,,,,,,,,,,,,,,,,,,,,,,,,,,,280.00,,,,,,,false,true,12,2024-04-01,2025-03-31,0
,20030,2024-03-31,,,,,,,,,,,,,,,,,,,,,,,,,,,,,,187.00,,,,,,,false,false,12,2023-04-01,2024-03-31,-1
2024-07-31,20030,2025-03-31,1,17644000000,-0.016,,,,,1235000000,0.033,1448000000,0.077,,1194000000,,131.17,,,,,,64791000000,49851000000,0.768,,49788000000,,,,,,,,,,,,true,false,3,2024-04-01,2024-06-30,0
2024-07-31,20030,2024-03-31,1,17929000000,0.089,,,,,1196000000,0.013,1345000000,0.014,,684000000,,75.17,,,,,,,,,,,,,,,,,,,,,,true,false,3,2023-04-01,2023-06-30,-1
2024-07-31,20030,2025-03-31,1,35000000000,-0.012,,,,,2200000000,-0.063,2300000000,-0.112,,1600000000,,175.72,,,,,,,,,,,,,,,,,,,,,,true,true,6,2024-04-01,2024-09-30,0
2024-07-31,20030,2025-03-31,1,72000000000,-0.008,,,,,4900000000,-0.064,5400000000,-0.072,,4300000000,,472.25,,,,,,,,,,,,,,,,,,,,,,true,true,12,2024-04-01,2025-03-31,0
2024-07-31,20030,2024-03-31,1,,,,,,,,,,,,,,,,,,,,64240000000,49676000000,0.772,,49618000000,,,,,,,,,,,,true,false,12,2023-04-01,2024-03-31,-1
2024-07-31,20030,2024-03-31,1,,,,,,,,,,,,,,,,,,,,,,,,,,,,,187.00,,,,9384728,279448,,false,false,12,2023-04-01,2024-03-31,-1
2024-07-31,20030,2025-03-31,1,,,,,,,,,,,,,,,,,,,,,,,,,,,,,280.00,,,,,,,false,true,12,2024-04-01,2025-03-31,0
2024-07-31,20030,2025-03-31,1,,,,,,,,,,,,,,,,,,,,,,,,,,,,,,,,,9384728,279480,9105263,false,false,3,2024-04-01,2024-06-30,0
2024-07-31,20030,2024-03-31,1,,,,,,,,,,,,,,,,,,,,,,,,,,,,,,,,,,,9105678,false,false,3,2023-04-01,2023-06-30,-1
2024-11-13,20030,2025-03-31,2,34848000000,-0.016,,,,,2241000000,-0.045,2436000000,-0.060,,1274000000,,139.98,,,,,,63420000000,49797000000,0.784,,49729000000,,,,,,,,,,,,true,false,6,2024-04-01,2024-09-30,0
2024-11-13,20030,2024-03-31,2,35410000000,0.069,,,,,2347000000,-0.003,2590000000,0.022,,1510000000,,165.92,,,,,,,,,,,,,,,,,,,,,,true,false,6,2023-04-01,2023-09-30,-1
2024-11-13,20030,2024-03-31,2,,,,,,,,,,,,,,,,,,,,64240000000,49676000000,0.772,,49618000000,,,,,,,,,,,,true,false,12,2023-04-01,2024-03-31,-1
2024-11-13,20030,2024-03-31,2,,,,,,,,,,,,,,,,,,,,,,,,,,,,,187.00,,,,9384728,279448,,false,false,12,2023-04-01,2024-03-31,-1
2024-11-13,20030,2025-03-31,2,,,,,,,,,,,,,,,,,,,,,,,,,,,,,140.00,,,,,,,false,false,12,2024-04-01,2025-03-31,0
2024-11-13,20030,2025-03-31,2,,,,,,,,,,,,,,,,,,,,,,,,,,,,,280.00,,,,,,,false,true,12,2024-04-01,2025-03-31,0
2024-11-13,20030,2025-03-31,2,,,,,,,,,,,,,,,,,,,,,,,,,,,,,,,,,9384728,279495,9105252,false,false,6,2024-04-01,2024-09-30,0
2024-11-13,20030,2024-03-31,2,,,,,,,,,,,,,,,,,,,,,,,,,,,,,,,,,,,9105610,false,false,6,2023-04-01,2023-09-30,-1
2025-01-31,20030,2025-03-31,3,54361000000,-0.015,,,,,3927000000,-0.099,4297000000,-0.086,,2522000000,,277.01,,,,,,63188000000,49531000000,0.783,,49465000000,,,,,,,,,,,,true,false,9,2024-04-01,2024-12-31,0
2025-01-31,20030,2024-03-31,3,55165000000,0.055,,,,,4357000000,0.046,4700000000,0.059,,2948000000,,323.85,,,,,,,,,,,,,,,,,,,,,,true,false,9,2023-04-01,2023-12-31,-1
2025-01-31,20030,2025-03-31,3,72000000000,-0.008,,,,,4800000000,-0.084,5200000000,-0.106,,3500000000,,384.40,,,,,,,,,,,,,,,,,,,,,,true,true,12,2024-04-01,2025-03-31,0
2025-01-31,20030,2024-03-31,3,,,,,,,,,,,,,,,,,,,,64240000000,49676000000,0.772,,49618000000,,,,,,,,,,,,true,false,12,2023-04-01,2024-03-31,-1
2025-01-31,20030,2024-03-31,3,,,,,,,,,,,,,,,,,,,,,,,,,,,,,187.00,,,,9384728,279448,,false,false,12,2023-04-01,2024-03-31,-1
2025-01-31,20030,2025-03-31,3,,,,,,,,,,,,,,,,,,,,,,,,,,,,,140.00,,,,,,,false,false,12,2024-04-01,2025-03-31,0
2025-01-31,20030,2025-03-31,3,,,,,,,,,,,,,,,,,,,,,,,,,,,,,280.00,,,,,,,false,true,12,2024-04-01,2025-03-31,0
2025-01-31,20030,2025-03-31,3,,,,,,,,,,,,,,,,,,,,,,,,,,,,,,,,,9384728,279514,9105241,false,false,9,2024-04-01,2024-12-31,0
2025-01-31,20030,2024-03-31,3,,,,,,,,,,,,,,,,,,,,,,,,,,,,,,,,,,,9105536,false,false,9,2023-04-01,2023-12-31,-1
2025-05-07,20030,2025-03-31,,72341000000,-0.004,,,,,5096000000,-0.027,5559000000,-0.044,,3550000000,,389.96,,0.072,0.087,0.070,,62946000000,49426000000,0.784,5420.25,49351000000,5055000000,-2185000000,-2277000000,10432000000,,0.718,,,,,,true,false,12,2024-04-01,2025-03-31,0
2025-05-07,20030,2024-03-31,,72598000000,0.044,,,,,5237000000,-0.012,5816000000,0.015,,4238000000,,465.52,,0.089,0.093,0.072,,64240000000,49676000000,0.772,5449.41,49618000000,6498000000,-2981000000,-1692000000,9798000000,,0.402,,,,,,true,false,12,2023-04-01,2024-03-31,-1
2025-05-07,20030,2026-03-31,,34000000000,-0.024,,,,,1900000000,-0.152,2200000000,-0.097,,1700000000,,186.71,,,,,,,,,,,,,,,,,,,,,,true,true,6,2025-04-01,2025-09-30,1
2025-05-07,20030,2026-03-31,,73000000000,0.009,,,,,4900000000,-0.039,5400000000,-0.029,,4200000000,,461.28,,,,,,,,,,,,,,,,0.607,,,,,,true,true,12,2025-04-01,2026-03-31,1
2025-05-07,20030,2025-03-31,,45295000000,-0.032,,,,,2953000000,-0.093,4754000000,-0.011,3368000000,,-0.136,369.94,,,,,,53631000000,42185000000,0.787,4633.17,42185000000,,,,,280.00,,,,9384728,279638,9105221,false,false,12,2024-04-01,2025-03-31,0
2025-05-07,20030,2024-03-31,,46792000000,0.044,,,,,3255000000,0.001,4806000000,0.054,3896000000,,0.145,427.95,,,,,,55758000000,42628000000,0.765,4681.75,42628000000,,,,,187.00,,,,9384728,279448,9105480,false,false,12,2023-04-01,2024-03-31,-1
2025-05-07,20030,2026-03-31,,,,,,,,,,,,,,,,,,,,,,,,,,,,,,280.00,,,,,,,false,true,12,2025-04-01,2026-03-31,1
