filing_date,code,fiscal_year_end,quarterly_period,net_sales,net_sales_change,revenue,revenue_change,operating_revenue,operating_revenue_change,operating_profit,operating_profit_change,ordinary_profit,ordinary_profit_change,net_income,net_income_of_parent,net_income_change,eps,diluted_eps,roe,roa,operating_profit_to_net_sales,operating_profit_to_revenue,total_assets,net_assets,equity_ratio,bps,owner_equity,operating_cash_flow,investing_cash_flow,financing_cash_flow,cash,dividend_per_share,payout_ratio,commemorative_dividend,extra_dividend,number_of_shares,number_of_treqsury_shares,avg_number_of_shares,is_consolidated,is_forecast,duration,period_start,period_end,period_pos
2015-05-08,20530,2015-03-31,,154984000000,0.014,,,,,2886000000,0.184,3007000000,0.063,1614000000,,-0.170,61.29,,0.043,0.046,0.019,,65408000000,38225000000,0.584,1447.84,38204000000,4085000000,-1926000000,-2203000000,1153000000,,0.294,,,,,,true,false,12,2014-04-01,2015-03-31,0
2015-05-08,20530,2014-03-31,,152879000000,0.120,,,,,2437000000,0.109,2829000000,0.247,1945000000,,0.525,74.09,,0.054,0.043,0.016,,65382000000,36474000000,0.558,1386.19,36460000000,4135000000,-1343000000,-2649000000,1187000000,,0.243,,,,,,true,false,12,2013-04-01,2014-03-31,-1
2015-05-08,20530,2016-03-31,,76000000000,-0.023,,,,,1600000000,1.508,1700000000,1.901,,1200000000,,45.48,,,,,,,,,,,,,,,,,,,,,,true,true,6,2015-04-01,2015-09-30,1
2015-05-08,20530,2016-03-31,,154000000000,-0.006,,,,,3100000000,0.074,3200000000,0.064,,2200000000,,83.37,,,,,,,,,,,,,,,,0.216,,,,,,true,true,12,2015-04-01,2016-03-31,1
2015-05-08,20530,2015-03-31,,146151000000,0.013,,,,,2854000000,0.238,2929000000,0.116,1602000000,,-0.110,60.84,,,,,,62370000000,34393000000,0.551,1303.42,34393000000,,,,,18.00,,,,26535508,148471,26346490,false,false,12,2014-04-01,2015-03-31,0
2015-05-08,20530,2014-03-31,,144294000000,0.125,,,,,2305000000,0.150,2624000000,0.435,1801000000,,0.760,68.61,,,,,,62382000000,32614000000,0.523,1240.00,32614000000,,,,,18.00,,,,26535508,233183,26255104,false,false,12,2013-04-01,2014-03-31,-1
2015-05-08,20530,2016-03-31,,,,,,,,,,,,,,,,,,,,,,,,,,,,,,18.00,,,,,,,false,true,12,2015-04-01,2016-03-31,1
2015-07-31,20530,2016-03-31,1,38020000000,-0.018,,,,,918000000,1.488,1057000000,1.994,,726000000,,27.53,,,,,,64675000000,38758000000,0.599,,38734000000,,,,,,,,,,,,true,false,3,2015-04-01,2015-06-30,0
2015-07-31,20530,2015-03-31,1,38734000000,0.054,,,,,369000000,-0.448,353000000,-0.550,,236000000,,9.00,,,,,,,,,,,,,,,,,,,,,,true,false,3,2014-04-01,2014-06-30,-1
2015-07-31,20530,2016-03-31,1,76000000000,-0.023,,,,,1600000000,1.508,1700000000,1.901,,1200000000,,45.48,,,,,,,,,,,,,,,,,,,,,,true,true,6,2015-04-01,2015-09-30,0
2015-07-31,20530,2016-03-31,1,154000000000,-0.006,,,,,3100000000,0.074,3200000000,0.064,,2200000000,,83.37,,,,,,,,,,,,,,,,,,,,,,true,true,12,2015-04-01,2016-03-31,0
2015-07-31,20530,2015-03-31,1,,,,,,,,,,,,,,,,,,,,65408000000,38225000000,0.584,,38204000000,,,,,,,,,,,,true,false,12,2014-04-01,2015-03-31,-1
2015-07-31,20530,2015-03-31,1,,,,,,,,,,,,,,,,,,,,,,,,,,,,,18.00,,,,26535508,148471,,false,false,12,2014-04-01,2015-03-31,-1
2015-07-31,20530,2016-03-31,1,,,,,,,,,,,,,,,,,,,,,,,,,,,,,18.00,,,,,,,false,true,12,2015-04-01,2016-03-31,0
2015-07-31,20530,2016-03-31,1,,,,,,,,,,,,,,,,,,,,,,,,,,,,,,,,,26535508,129937,26394054,false,false,3,2015-04-01,2015-06-30,0
2015-07-31,20530,2015-03-31,1,,,,,,,,,,,,,,,,,,,,,,,,,,,,,,,,,,,26312251,false,false,3,2014-04-01,2014-06-30,-1
2015-10-29,20530,2016-03-31,2,75898000000,-0.025,,,,,1510000000,1.367,1639000000,1.798,,1213000000,,44.12,,,,,,67688000000,42426000000,0.626,,42400000000,,,,,,,,,,,,true,false,6,2015-04-01,2015-09-30,0
2015-10-29,20530,2015-03-31,2,77824000000,0.048,,,,,637000000,-0.183,585000000,-0.376,,412000000,,15.68,,,,,,,,,,,,,,,,,,,,,,true,false,6,2014-04-01,2014-09-30,-1
2015-10-29,20530,2016-03-31,2,171000000000,0.103,,,,,3100000000,0.074,3200000000,0.064,,2200000000,,76.45,,,,,,,,,,,,,,,,,,,,,,true,true,12,2015-04-01,2016-03-31,0
2015-10-29,20530,2015-03-31,2,,,,,,,,,,,,,,,,,,,,65408000000,38225000000,0.584,,38204000000,,,,,,,,,,,,true,false,12,2014-04-01,2015-03-31,-1
2015-10-29,20530,2015-03-31,2,,,,,,,,,,,,,,,,,,,,,,,,,,,,,18.00,,,,26535508,148471,,false,false,12,2014-04-01,2015-03-31,-1
2015-10-29,20530,2016-03-31,2,,,,,,,,,,,,,,,,,,,,,,,,,,,,,9.00,,,,,,,false,false,12,2015-04-01,2016-03-31,0
2015-10-29,20530,2016-03-31,2,,,,,,,,,,,,,,,,,,,,,,,,,,,,,18.00,,,,,,,false,true,12,2015-04-01,2016-03-31,0
2015-10-29,20530,2016-03-31,2,,,,,,,,,,,,,,,,,,,,,,,,,,,,,,,,,30371908,120172,27498402,false,false,6,2015-04-01,2015-09-30,0
2015-10-29,20530,2015-03-31,2,,,,,,,,,,,,,,,,,,,,,,,,,,,,,,,,,,,26324999,false,false,6,2014-04-01,2014-09-30,-1
2015-10-29,20530,2016-03-31,,171000000000,0.110,,,,,3100000000,0.000,3200000000,0.000,,2200000000,,76.45,,,,,,,,,,,,,,,,,,,,,,true,true,12,2015-04-01,2016-03-31,0
2015-10-29,20530,2015-03-31,,154984000000,,,,,,2886000000,,3007000000,,,1614000000,,61.29,,,,,,,,,,,,,,,,,,,,,,true,false,12,2014-04-01,2015-03-31,-1
2016-01-29,20530,2016-03-31,3,125867000000,0.066,,,,,2469000000,0.802,2752000000,0.926,,2051000000,,72.44,,,,,,83494000000,43689000000,0.517,,43125000000,,,,,,,,,,,,true,false,9,2015-04-01,2015-12-31,0
2016-01-29,20530,2015-03-31,3,118054000000,0.026,,,,,1370000000,-0.230,1429000000,-0.277,,963000000,,36.59,,,,,,,,,,,,,,,,,,,,,,true,false,9,2014-04-01,2014-12-31,-1
2016-01-29,20530,2016-03-31,3,171000000000,0.103,,,,,3100000000,0.074,3200000000,0.064,,2200000000,,76.45,,,,,,,,,,,,,,,,,,,,,,true,true,12,2015-04-01,2016-03-31,0
2016-01-29,20530,2015-03-31,3,,,,,,,,,,,,,,,,,,,,65408000000,38225000000,0.584,,38204000000,,,,,,,,,,,,true,false,12,2014-04-01,2015-03-31,-1
2016-01-29,20530,2015-03-31,3,,,,,,,,,,,,,,,,,,,,,,,,,,,,,18.00,,,,26535508,148471,,false,false,12,2014-04-01,2015-03-31,-1
2016-01-29,20530,2016-03-31,3,,,,,,,,,,,,,,,,,,,,,,,,,,,,,9.00,,,,,,,false,false,12,2015-04-01,2016-03-31,0
2016-01-29,20530,2016-03-31,3,,,,,,,,,,,,,,,,,,,,,,,,,,,,,18.00,,,,,,,false,true,12,2015-04-01,2016-03-31,0
2016-01-29,20530,2016-03-31,3,,,,,,,,,,,,,,,,,,,,,,,,,,,,,,,,,30371908,101892,28326791,false,false,9,2015-04-01,2015-12-31,0
2016-01-29,20530,2015-03-31,3,,,,,,,,,,,,,,,,,,,,,,,,,,,,,,,,,,,26335386,false,false,9,2014-04-01,2014-12-31,-1
2016-04-28,20530,2016-03-31,,170172000000,0.098,,,,,3423000000,0.186,3733000000,0.242,,2609000000,,90.70,,0.064,0.053,0.020,,75439000000,43673000000,0.572,1424.05,43117000000,5028000000,-7416000000,5765000000,4529000000,,0.198,,,,,,true,false,12,2015-04-01,2016-03-31,0
2016-04-28,20530,2015-03-31,,154984000000,0.014,,,,,2886000000,0.184,3007000000,0.063,,1614000000,,61.29,,0.043,0.046,0.019,,65408000000,38225000000,0.584,1447.84,38204000000,4085000000,-1926000000,-2203000000,1153000000,,0.294,,,,,,true,false,12,2014-04-01,2015-03-31,-1
2016-04-28,20530,2017-03-31,,90000000000,0.186,,,,,1400000000,-0.073,1500000000,-0.085,,1000000000,,33.03,,,,,,,,,,,,,,,,,,,,,,true,true,6,2016-04-01,2016-09-30,1
2016-04-28,20530,2017-03-31,,183000000000,0.075,,,,,3400000000,-0.007,3500000000,-0.063,,2400000000,,79.26,,,,,,,,,,,,,,,,0.227,,,,,,true,true,12,2016-04-01,2017-03-31,1
2016-04-28,20530,2016-03-31,,145674000000,-0.003,,,,,2890000000,0.013,3210000000,0.096,2188000000,,0.366,76.07,,,,,,69162000000,39009000000,0.564,1288.36,39009000000,,,,,18.00,,,,30371908,93623,28776522,false,false,12,2015-04-01,2016-03-31,0
2016-04-28,20530,2015-03-31,,146151000000,0.013,,,,,2854000000,0.238,2929000000,0.116,1602000000,,-0.110,60.84,,,,,,62370000000,34393000000,0.551,1303.42,34393000000,,,,,18.00,,,,26535508,148471,26346490,false,false,12,2014-04-01,2015-03-31,-1
2016-04-28,20530,2017-03-31,,,,,,,,,,,,,,,,,,,,,,,,,,,,,,18.00,,,,,,,false,true,12,2016-04-01,2017-03-31,1
2016-07-29,20530,2017-03-31,1,42662000000,0.122,,,,,559000000,-0.391,663000000,-0.372,,465000000,,15.36,,,,,,68769000000,43680000000,0.627,,43115000000,,,,,,,,,,,,true,false,3,2016-04-01,2016-06-30,0
2016-07-29,20530,2016-03-31,1,38020000000,-0.018,,,,,918000000,1.488,1057000000,1.994,,726000000,,27.53,,,,,,,,,,,,,,,,,,,,,,true,false,3,2015-04-01,2015-06-30,-1
2016-07-29,20530,2017-03-31,1,90000000000,0.186,,,,,1400000000,-0.073,1500000000,-0.085,,1000000000,,33.03,,,,,,,,,,,,,,,,,,,,,,true,true,6,2016-04-01,2016-09-30,0
2016-07-29,20530,2017-03-31,1,183000000000,0.075,,,,,3400000000,-0.007,3500000000,-0.063,,2400000000,,79.26,,,,,,,,,,,,,,,,,,,,,,true,true,12,2016-04-01,2017-03-31,0
2016-07-29,20530,2016-03-31,1,,,,,,,,,,,,,,,,,,,,75439000000,43673000000,0.572,,43117000000,,,,,,,,,,,,true,false,12,2015-04-01,2016-03-31,-1
2016-07-29,20530,2016-03-31,1,,,,,,,,,,,,,,,,,,,,,,,,,,,,,18.00,,,,30371908,93623,,false,false,12,2015-04-01,2016-03-31,-1
2016-07-29,20530,2017-03-31,1,,,,,,,,,,,,,,,,,,,,,,,,,,,,,18.00,,,,,,,false,true,12,2016-04-01,2017-03-31,0
2016-07-29,20530,2017-03-31,1,,,,,,,,,,,,,,,,,,,,,,,,,,,,,,,,,30371908,53845,30298189,false,false,3,2016-04-01,2016-06-30,0
2016-07-29,20530,2016-03-31,1,,,,,,,,,,,,,,,,,,,,,,,,,,,,,,,,,,,26394054,false,false,3,2015-04-01,2015-06-30,-1
2016-10-19,20530,2017-03-31,,84000000000,-0.067,,,,,1800000000,0.286,1900000000,0.267,,1300000000,,42.94,,,,,,,,,,,,,,,,,,,,,,true,true,6,2016-04-01,2016-09-30,0
2016-10-19,20530,2016-03-31,,75898000000,,,,,,1510000000,,1639000000,,,1213000000,,44.12,,,,,,,,,,,,,,,,,,,,,,true,false,6,2015-04-01,2015-09-30,-1
2016-10-31,20530,2017-03-31,2,84267000000,0.110,,,,,1799000000,0.192,1906000000,0.163,,1355000000,,44.73,,,,,,69607000000,44943000000,0.638,,44379000000,,,,,,,,,,,,true,false,6,2016-04-01,2016-09-30,0
2016-10-31,20530,2016-03-31,2,75898000000,-0.025,,,,,1510000000,1.367,1639000000,1.798,,1213000000,,44.12,,,,,,,,,,,,,,,,,,,,,,true,false,6,2015-04-01,2015-09-30,-1
2016-10-31,20530,2017-03-31,2,183000000000,0.075,,,,,3400000000,-0.007,3500000000,-0.063,,2400000000,,79.26,,,,,,,,,,,,,,,,,,,,,,true,true,12,2016-04-01,2017-03-31,0
2016-10-31,20530,2016-03-31,2,,,,,,,,,,,,,,,,,,,,75439000000,43673000000,0.572,,43117000000,,,,,,,,,,,,true,false,12,2015-04-01,2016-03-31,-1
2016-10-31,20530,2016-03-31,2,,,,,,,,,,,,,,,,,,,,,,,,,,,,,18.00,,,,30371908,93623,,false,false,12,2015-04-01,2016-03-31,-1
2016-10-31,20530,2017-03-31,2,,,,,,,,,,,,,,,,,,,,,,,,,,,,,9.00,,,,,,,false,false,12,2016-04-01,2017-03-31,0
2016-10-31,20530,2017-03-31,2,,,,,,,,,,,,,,,,,,,,,,,,,,,,,18.00,,,,,,,false,true,12,2016-04-01,2017-03-31,0
2016-10-31,20530,2017-03-31,2,,,,,,,,,,,,,,,,,,,,,,,,,,,,,,,,,30371908,53845,30306706,false,false,6,2016-04-01,2016-09-30,0
2016-10-31,20530,2016-03-31,2,,,,,,,,,,,,,,,,,,,,,,,,,,,,,,,,,,,27498402,false,false,6,2015-04-01,2015-09-30,-1
2017-01-31,20530,2017-03-31,3,128832000000,0.024,,,,,3316000000,0.343,3472000000,0.262,,2430000000,,80.20,,,,,,76116000000,46704000000,0.606,,46126000000,,,,,,,,,,,,true,false,9,2016-04-01,2016-12-31,0
2017-01-31,20530,2016-03-31,3,125867000000,0.066,,,,,2469000000,0.802,2752000000,0.926,,2051000000,,72.44,,,,,,,,,,,,,,,,,,,,,,true,false,9,2015-04-01,2015-12-31,-1
2017-01-31,20530,2017-03-31,3,170000000000,-0.001,,,,,4100000000,0.198,4300000000,0.152,,2900000000,,95.78,,,,,,,,,,,,,,,,,,,,,,true,true,12,2016-04-01,2017-03-31,0
2017-01-31,20530,2016-03-31,3,,,,,,,,,,,,,,,,,,,,75439000000,43673000000,0.572,,43117000000,,,,,,,,,,,,true,false,12,2015-04-01,2016-03-31,-1
2017-01-31,20530,2016-03-31,3,,,,,,,,,,,,,,,,,,,,,,,,,,,,,18.00,,,,30371908,93623,,false,false,12,2015-04-01,2016-03-31,-1
2017-01-31,20530,2017-03-31,3,,,,,,,,,,,,,,,,,,,,,,,,,,,,,9.00,,,,,,,false,false,12,2016-04-01,2017-03-31,0
2017-01-31,20530,2017-03-31,3,,,,,,,,,,,,,,,,,,,,,,,,,,,,,18.00,,,,,,,false,true,12,2016-04-01,2017-03-31,0
2017-01-31,20530,2017-03-31,3,,,,,,,,,,,,,,,,,,,,,,,,,,,,,,,,,30371908,54156,30310035,false,false,9,2016-04-01,2016-12-31,0
2017-01-31,20530,2016-03-31,3,,,,,,,,,,,,,,,,,,,,,,,,,,,,,,,,,,,28326791,false,false,9,2015-04-01,2015-12-31,-1
2017-01-31,20530,2017-03-31,,170000000000,-0.071,,,,,4100000000,0.206,4300000000,0.229,,2900000000,,95.78,,,,,,,,,,,,,,,,,,,,,,true,true,12,2016-04-01,2017-03-31,0
2017-01-31,20530,2016-03-31,,170172000000,,,,,,3423000000,,3733000000,,,2609000000,,90.70,,,,,,,,,,,,,,,,,,,,,,true,false,12,2015-04-01,2016-03-31,-1
2017-04-18,20530,2017-03-31,,171000000000,0.006,,,,,4700000000,0.146,4900000000,0.140,,3400000000,,112.29,,,,,,,,,,,,,,,,,,,,,,true,true,12,2016-04-01,2017-03-31,0
2017-04-18,20530,2016-03-31,,170172000000,,,,,,3423000000,,3733000000,,,2609000000,,90.70,,,,,,,,,,,,,,,,,,,,,,true,false,12,2015-04-01,2016-03-31,-1
2017-04-18,20530,2017-03-31,,,,,,,,,,,,,,,,,,,,,,,,,,,,,,20.00,,,,,,,false,true,12,2016-04-01,2017-03-31,0
2017-04-18,20530,2017-03-31,,,,,,,,,,,,,,,,,,,,,,,,,,,,,,9.00,,,,,,,false,false,12,2016-04-01,2017-03-31,0
2017-04-18,20530,2016-03-31,,,,,,,,,,,,,,,,,,,,,,,,,,,,,,18.00,,,,,,,false,false,12,2015-04-01,2016-03-31,-1
2017-05-02,20530,2017-03-31,,171054000000,0.005,,,,,4778000000,0.396,4991000000,0.337,,3423000000,,112.93,,0.076,0.067,0.028,,74218000000,47524000000,0.632,1546.82,46895000000,10219000000,-1470000000,-6758000000,6521000000,,0.177,,,,,,true,false,12,2016-04-01,2017-03-31,0
2017-05-02,20530,2016-03-31,,170172000000,0.098,,,,,3423000000,0.186,3733000000,0.242,,2609000000,,90.70,,0.064,0.053,0.020,,75439000000,43673000000,0.572,1424.05,43117000000,5028000000,-7416000000,5765000000,4529000000,,0.198,,,,,,true,false,12,2015-04-01,2016-03-31,-1
2017-05-02,20530,2018-03-31,,174500000000,0.020,,,,,4800000000,0.004,5000000000,0.002,,3500000000,,115.44,,,,,,,,,,,,,,,,0.173,,,,,,true,true,12,2017-04-01,2018-03-31,1
2017-05-02,20530,2017-03-31,,134613000000,-0.076,,,,,4007000000,0.386,4218000000,0.314,2947000000,,0.347,97.24,,,,,,68343000000,42244000000,0.618,1393.39,42244000000,,,,,20.00,,,,30371908,54347,30311788,false,false,12,2016-04-01,2017-03-31,0
2017-05-02,20530,2016-03-31,,145674000000,-0.003,,,,,2890000000,0.013,3210000000,0.096,2188000000,,0.366,76.07,,,,,,69162000000,39009000000,0.564,1288.36,39009000000,,,,,18.00,,,,30371908,93623,28776522,false,false,12,2015-04-01,2016-03-31,-1
2017-05-02,20530,2018-03-31,,,,,,,,,,,,,,,,,,,,,,,,,,,,,,20.00,,,,,,,false,true,12,2017-04-01,2018-03-31,1
2017-07-31,20530,2018-03-31,1,43933000000,0.030,,,,,1711000000,2.058,1861000000,1.803,,1273000000,,41.99,,,,,,72954000000,48847000000,0.661,,48217000000,,,,,,,,,,,,true,false,3,2017-04-01,2017-06-30,0
2017-07-31,20530,2017-03-31,1,42662000000,0.122,,,,,559000000,-0.391,663000000,-0.372,,465000000,,15.36,,,,,,,,,,,,,,,,,,,,,,true,false,3,2016-04-01,2016-06-30,-1
2017-07-31,20530,2018-03-31,1,174500000000,0.020,,,,,4800000000,0.004,5000000000,0.002,,3500000000,,115.44,,,,,,,,,,,,,,,,,,,,,,true,true,12,2017-04-01,2018-03-31,0
2017-07-31,20530,2017-03-31,1,,,,,,,,,,,,,,,,,,,,74218000000,47524000000,0.632,,46895000000,,,,,,,,,,,,true,false,12,2016-04-01,2017-03-31,-1
2017-07-31,20530,2017-03-31,1,,,,,,,,,,,,,,,,,,,,,,,,,,,,,20.00,,,,30371908,54347,,false,false,12,2016-04-01,2017-03-31,-1
2017-07-31,20530,2018-03-31,1,,,,,,,,,,,,,,,,,,,,,,,,,,,,,20.00,,,,,,,false,true,12,2017-04-01,2018-03-31,0
2017-07-31,20530,2018-03-31,1,,,,,,,,,,,,,,,,,,,,,,,,,,,,,,,,,30371908,54457,30317504,false,false,3,2017-04-01,2017-06-30,0
2017-07-31,20530,2017-03-31,1,,,,,,,,,,,,,,,,,,,,,,,,,,,,,,,,,,,30298189,false,false,3,2016-04-01,2016-06-30,-1
2017-11-01,20530,2018-03-31,2,87500000000,0.038,,,,,2988000000,0.661,3174000000,0.665,,2141000000,,70.63,,,,,,78323000000,49617000000,0.625,,48982000000,,,,,,,,,,,,true,false,6,2017-04-01,2017-09-30,0
2017-11-01,20530,2017-03-31,2,84267000000,0.110,,,,,1799000000,0.192,1906000000,0.163,,1355000000,,44.73,,,,,,,,,,,,,,,,,,,,,,true,false,6,2016-04-01,2016-09-30,-1
2017-11-01,20530,2018-03-31,2,177000000000,0.035,,,,,5400000000,0.130,5600000000,0.122,,3900000000,,128.64,,,,,,,,,,,,,,,,,,,,,,true,true,12,2017-04-01,2018-03-31,0
2017-11-01,20530,2017-03-31,2,,,,,,,,,,,,,,,,,,,,74218000000,47524000000,0.632,,46895000000,,,,,,,,,,,,true,false,12,2016-04-01,2017-03-31,-1
2017-11-01,20530,2017-03-31,2,,,,,,,,,,,,,,,,,,,,,,,,,,,,,20.00,,,,30371908,54347,,false,false,12,2016-04-01,2017-03-31,-1
2017-11-01,20530,2018-03-31,2,,,,,,,,,,,,,,,,,,,,,,,,,,,,,12.00,,,,,,,false,false,12,2017-04-01,2018-03-31,0
2017-11-01,20530,2018-03-31,2,,,,,,,,,,,,,,,,,,,,,,,,,,,,,24.00,,,,,,,false,true,12,2017-04-01,2018-03-31,0
2017-11-01,20530,2018-03-31,2,,,,,,,,,,,,,,,,,,,,,,,,,,,,,,,,,30371908,54634,30317405,false,false,6,2017-04-01,2017-09-30,0
2017-11-01,20530,2017-03-31,2,,,,,,,,,,,,,,,,,,,,,,,,,,,,,,,,,,,30306706,false,false,6,2016-04-01,2016-09-30,-1
2018-01-31,20530,2018-03-31,3,134440000000,0.044,,,,,4638000000,0.398,4926000000,0.419,,3373000000,,111.27,,,,,,80352000000,50500000000,0.621,,49862000000,,,,,,,,,,,,true,false,9,2017-04-01,2017-12-31,0
2018-01-31,20530,2017-03-31,3,128832000000,0.024,,,,,3316000000,0.343,3472000000,0.262,,2430000000,,80.20,,,,,,,,,,,,,,,,,,,,,,true,false,9,2016-04-01,2016-12-31,-1
2018-01-31,20530,2018-03-31,3,177000000000,0.035,,,,,5400000000,0.130,5600000000,0.122,,3900000000,,128.64,,,,,,,,,,,,,,,,,,,,,,true,true,12,2017-04-01,2018-03-31,0
2018-01-31,20530,2017-03-31,3,,,,,,,,,,,,,,,,,,,,74218000000,47524000000,0.632,,46895000000,,,,,,,,,,,,true,false,12,2016-04-01,2017-03-31,-1
2018-01-31,20530,2017-03-31,3,,,,,,,,,,,,,,,,,,,,,,,,,,,,,20.00,,,,30371908,54347,,false,false,12,2016-04-01,2017-03-31,-1
2018-01-31,20530,2018-03-31,3,,,,,,,,,,,,,,,,,,,,,,,,,,,,,12.00,,,,,,,false,false,12,2017-04-01,2018-03-31,0
2018-01-31,20530,2018-03-31,3,,,,,,,,,,,,,,,,,,,,,,,,,,,,,24.00,,,,,,,false,true,12,2017-04-01,2018-03-31,0
2018-01-31,20530,2018-03-31,3,,,,,,,,,,,,,,,,,,,,,,,,,,,,,,,,,30371908,54646,30317362,false,false,9,2017-04-01,2017-12-31,0
2018-01-31,20530,2017-03-31,3,,,,,,,,,,,,,,,,,,,,,,,,,,,,,,,,,,,30310035,false,false,9,2016-04-01,2016-12-31,-1
2018-04-13,20530,2018-03-31,,178000000000,0.006,,,,,5800000000,0.074,6100000000,0.089,,4200000000,,138.53,,,,,,,,,,,,,,,,,,,,,,true,true,12,2017-04-01,2018-03-31,0
2018-04-13,20530,2017-03-31,,171054000000,,,,,,4778000000,,4991000000,,,3423000000,,112.93,,,,,,,,,,,,,,,,,,,,,,true,false,12,2016-04-01,2017-03-31,-1
2018-04-27,20530,2018-03-31,,178235000000,0.042,,,,,5805000000,0.215,6119000000,0.226,,4252000000,,140.25,,0.088,0.079,0.033,,79755000000,50891000000,0.630,1657.75,50258000000,2022000000,-1872000000,-1188000000,5484000000,,0.171,,,,,,true,false,12,2017-04-01,2018-03-31,0
2018-04-27,20530,2017-03-31,,171054000000,0.005,,,,,4778000000,0.396,4991000000,0.337,,3423000000,,112.93,,0.076,0.067,0.028,,74218000000,47524000000,0.632,1546.82,46895000000,10219000000,-1470000000,-6758000000,6521000000,,0.177,,,,,,true,false,12,2016-04-01,2017-03-31,-1
2018-04-27,20530,2019-03-31,,186000000000,0.044,,,,,6100000000,0.051,6400000000,0.046,,4400000000,,145.13,,,,,,,,,,,,,,,,0.179,,,,,,true,true,12,2018-04-01,2019-03-31,1
2018-04-27,20530,2018-03-31,,138847000000,0.031,,,,,4812000000,0.201,5068000000,0.201,3565000000,,0.210,117.62,,,,,,72556000000,44862000000,0.618,1479.77,44862000000,,,,,24.00,,,,30371908,54716,30317328,false,false,12,2017-04-01,2018-03-31,0
2018-04-27,20530,2017-03-31,,134613000000,-0.076,,,,,4007000000,0.386,4218000000,0.314,2947000000,,0.347,97.24,,,,,,68343000000,42244000000,0.618,1393.39,42244000000,,,,,20.00,,,,30371908,54347,30311788,false,false,12,2016-04-01,2017-03-31,-1
2018-04-27,20530,2019-03-31,,,,,,,,,,,,,,,,,,,,,,,,,,,,,,26.00,,,,,,,false,true,12,2018-04-01,2019-03-31,1
2018-07-27,20530,2019-03-31,1,46358000000,0.055,,,,,1339000000,-0.217,1473000000,-0.208,,1009000000,,33.28,,,,,,78866000000,51445000000,0.644,,50797000000,,,,,,,,,,,,true,false,3,2018-04-01,2018-06-30,0
2018-07-27,20530,2018-03-31,1,43933000000,0.030,,,,,1711000000,2.058,1861000000,1.803,,1273000000,,41.99,,,,,,,,,,,,,,,,,,,,,,true,false,3,2017-04-01,2017-06-30,-1
2018-07-27,20530,2019-03-31,1,186000000000,0.044,,,,,6100000000,0.051,6400000000,0.046,,4400000000,,145.13,,,,,,,,,,,,,,,,,,,,,,true,true,12,2018-04-01,2019-03-31,0
2018-07-27,20530,2018-03-31,1,,,,,,,,,,,,,,,,,,,,79355000000,50891000000,0.633,,50258000000,,,,,,,,,,,,true,false,12,2017-04-01,2018-03-31,-1
2018-07-27,20530,2018-03-31,1,,,,,,,,,,,,,,,,,,,,,,,,,,,,,24.00,,,,30371908,54716,,false,false,12,2017-04-01,2018-03-31,-1
2018-07-27,20530,2019-03-31,1,,,,,,,,,,,,,,,,,,,,,,,,,,,,,26.00,,,,,,,false,true,12,2018-04-01,2019-03-31,0
2018-07-27,20530,2019-03-31,1,,,,,,,,,,,,,,,,,,,,,,,,,,,,,,,,,30371908,54732,30317184,false,false,3,2018-04-01,2018-06-30,0
2018-07-27,20530,2018-03-31,1,,,,,,,,,,,,,,,,,,,,,,,,,,,,,,,,,,,30317504,false,false,3,2017-04-01,2017-06-30,-1
2018-10-31,20530,2019-03-31,2,92544000000,0.058,,,,,2526000000,-0.155,2694000000,-0.151,,1840000000,,60.69,,,,,,82384000000,52320000000,0.627,,51670000000,,,,,,,,,,,,true,false,6,2018-04-01,2018-09-30,0
2018-10-31,20530,2018-03-31,2,87500000000,0.038,,,,,2988000000,0.661,3174000000,0.665,,2141000000,,70.63,,,,,,,,,,,,,,,,,,,,,,true,false,6,2017-04-01,2017-09-30,-1
2018-10-31,20530,2019-03-31,2,186000000000,0.044,,,,,6100000000,0.051,6400000000,0.046,,4400000000,,145.13,,,,,,,,,,,,,,,,,,,,,,true,true,12,2018-04-01,2019-03-31,0
2018-10-31,20530,2018-03-31,2,,,,,,,,,,,,,,,,,,,,79355000000,50891000000,0.633,,50258000000,,,,,,,,,,,,true,false,12,2017-04-01,2018-03-31,-1
2018-10-31,20530,2018-03-31,2,,,,,,,,,,,,,,,,,,,,,,,,,,,,,24.00,,,,30371908,54716,,false,false,12,2017-04-01,2018-03-31,-1
2018-10-31,20530,2019-03-31,2,,,,,,,,,,,,,,,,,,,,,,,,,,,,,13.00,,,,,,,false,false,12,2018-04-01,2019-03-31,0
2018-10-31,20530,2019-03-31,2,,,,,,,,,,,,,,,,,,,,,,,,,,,,,26.00,,,,,,,false,true,12,2018-04-01,2019-03-31,0
2018-10-31,20530,2019-03-31,2,,,,,,,,,,,,,,,,,,,,,,,,,,,,,,,,,30371908,54732,30317181,false,false,6,2018-04-01,2018-09-30,0
2018-10-31,20530,2018-03-31,2,,,,,,,,,,,,,,,,,,,,,,,,,,,,,,,,,,,30317405,false,false,6,2017-04-01,2017-09-30,-1
2019-01-31,20530,2019-03-31,3,142248000000,0.058,,,,,3752000000,-0.191,4022000000,-0.183,,2814000000,,92.85,,,,,,82437000000,52214000000,0.626,,51565000000,,,,,,,,,,,,true,false,9,2018-04-01,2018-12-31,0
2019-01-31,20530,2018-03-31,3,134440000000,0.044,,,,,4638000000,0.398,4926000000,0.419,,3373000000,,111.27,,,,,,,,,,,,,,,,,,,,,,true,false,9,2017-04-01,2017-12-31,-1
2019-01-31,20530,2019-03-31,3,187000000000,0.049,,,,,4800000000,-0.173,5100000000,-0.167,,3600000000,,118.74,,,,,,,,,,,,,,,,,,,,,,true,true,12,2018-04-01,2019-03-31,0
2019-01-31,20530,2018-03-31,3,,,,,,,,,,,,,,,,,,,,79355000000,50891000000,0.633,,50258000000,,,,,,,,,,,,true,false,12,2017-04-01,2018-03-31,-1
2019-01-31,20530,2018-03-31,3,,,,,,,,,,,,,,,,,,,,,,,,,,,,,24.00,,,,30371908,54716,,false,false,12,2017-04-01,2018-03-31,-1
2019-01-31,20530,2019-03-31,3,,,,,,,,,,,,,,,,,,,,,,,,,,,,,13.00,,,,,,,false,false,12,2018-04-01,2019-03-31,0
2019-01-31,20530,2019-03-31,3,,,,,,,,,,,,,,,,,,,,,,,,,,,,,26.00,,,,,,,false,true,12,2018-04-01,2019-03-31,0
2019-01-31,20530,2019-03-31,3,,,,,,,,,,,,,,,,,,,,,,,,,,,,,,,,,30371908,54765,30317176,false,false,9,2018-04-01,2018-12-31,0
2019-01-31,20530,2018-03-31,3,,,,,,,,,,,,,,,,,,,,,,,,,,,,,,,,,,,30317362,false,false,9,2017-04-01,2017-12-31,-1
2019-01-31,20530,2019-03-31,,187000000000,0.005,,,,,4800000000,-0.213,5100000000,-0.203,,3600000000,,118.74,,,,,,,,,,,,,,,,,,,,,,true,true,12,2018-04-01,2019-03-31,0
2019-01-31,20530,2018-03-31,,178235000000,,,,,,5805000000,,6119000000,,,4252000000,,140.25,,,,,,,,,,,,,,,,,,,,,,true,false,12,2017-04-01,2018-03-31,-1
2019-05-08,20530,2019-03-31,,186982000000,0.049,,,,,5021000000,-0.135,5353000000,-0.125,,3795000000,,125.18,,0.074,0.067,0.027,,81216000000,53330000000,0.649,1737.93,52688000000,3461000000,-3970000000,-368000000,4603000000,,0.208,,,,,,true,false,12,2018-04-01,2019-03-31,0
2019-05-08,20530,2018-03-31,,178235000000,0.042,,,,,5805000000,0.215,6119000000,0.226,,4252000000,,140.25,,0.088,0.080,0.033,,79355000000,50891000000,0.633,1657.75,50258000000,2022000000,-1872000000,-1188000000,5484000000,,0.171,,,,,,true,false,12,2017-04-01,2018-03-31,-1
2019-05-08,20530,2020-03-31,,187000000000,0.000,,,,,4500000000,-0.104,4800000000,-0.103,,3500000000,,115.45,,,,,,,,,,,,,,,,0.225,,,,,,true,true,12,2019-04-01,2020-03-31,1
2019-05-08,20530,2019-03-31,,145583000000,0.049,,,,,4626000000,-0.039,4946000000,-0.024,3505000000,,-0.017,115.62,,,,,,73387000000,46965000000,0.640,1549.13,46965000000,,,,,26.00,,,,30371908,54786,30317166,false,false,12,2018-04-01,2019-03-31,0
2019-05-08,20530,2018-03-31,,138847000000,0.031,,,,,4812000000,0.201,5068000000,0.201,3565000000,,0.210,117.62,,,,,,72155000000,44862000000,0.622,1479.77,44862000000,,,,,24.00,,,,30371908,54716,30317328,false,false,12,2017-04-01,2018-03-31,-1
2019-05-08,20530,2020-03-31,,,,,,,,,,,,,,,,,,,,,,,,,,,,,,26.00,,,,,,,false,true,12,2019-04-01,2020-03-31,1
2019-07-31,20530,2020-03-31,1,45783000000,-0.012,,,,,1222000000,-0.087,1380000000,-0.064,,994000000,,32.81,,,,,,81535000000,53935000000,0.654,,53295000000,,,,,,,,,,,,true,false,3,2019-04-01,2019-06-30,0
2019-07-31,20530,2019-03-31,1,46358000000,0.055,,,,,1339000000,-0.217,1473000000,-0.208,,1009000000,,33.28,,,,,,,,,,,,,,,,,,,,,,true,false,3,2018-04-01,2018-06-30,-1
2019-07-31,20530,2020-03-31,1,187000000000,0.000,,,,,4500000000,-0.104,4800000000,-0.103,,3500000000,,115.45,,,,,,,,,,,,,,,,,,,,,,true,true,12,2019-04-01,2020-03-31,0
2019-07-31,20530,2019-03-31,1,,,,,,,,,,,,,,,,,,,,81216000000,53330000000,0.649,,52688000000,,,,,,,,,,,,true,false,12,2018-04-01,2019-03-31,-1
2019-07-31,20530,2019-03-31,1,,,,,,,,,,,,,,,,,,,,,,,,,,,,,26.00,,,,30371908,54786,,false,false,12,2018-04-01,2019-03-31,-1
2019-07-31,20530,2020-03-31,1,,,,,,,,,,,,,,,,,,,,,,,,,,,,,26.00,,,,,,,false,true,12,2019-04-01,2020-03-31,0
2019-07-31,20530,2020-03-31,1,,,,,,,,,,,,,,,,,,,,,,,,,,,,,,,,,30371908,54792,30317118,false,false,3,2019-04-01,2019-06-30,0
2019-07-31,20530,2019-03-31,1,,,,,,,,,,,,,,,,,,,,,,,,,,,,,,,,,,,30317184,false,false,3,2018-04-01,2018-06-30,-1
2019-10-31,20530,2020-03-31,2,90350000000,-0.024,,,,,2557000000,0.012,2786000000,0.034,,2053000000,,67.72,,,,,,80742000000,54963000000,0.673,,54326000000,,,,,,,,,,,,true,false,6,2019-04-01,2019-09-30,0
2019-10-31,20530,2019-03-31,2,92544000000,0.058,,,,,2526000000,-0.155,2694000000,-0.151,,1840000000,,60.69,,,,,,,,,,,,,,,,,,,,,,true,false,6,2018-04-01,2018-09-30,-1
2019-10-31,20530,2020-03-31,2,187000000000,0.000,,,,,4500000000,-0.104,4800000000,-0.103,,3500000000,,115.45,,,,,,,,,,,,,,,,,,,,,,true,true,12,2019-04-01,2020-03-31,0
2019-10-31,20530,2019-03-31,2,,,,,,,,,,,,,,,,,,,,81216000000,53330000000,0.649,,52688000000,,,,,,,,,,,,true,false,12,2018-04-01,2019-03-31,-1
2019-10-31,20530,2019-03-31,2,,,,,,,,,,,,,,,,,,,,,,,,,,,,,26.00,,,,30371908,54786,,false,false,12,2018-04-01,2019-03-31,-1
2019-10-31,20530,2020-03-31,2,,,,,,,,,,,,,,,,,,,,,,,,,,,,,13.00,,,,,,,false,false,12,2019-04-01,2020-03-31,0
2019-10-31,20530,2020-03-31,2,,,,,,,,,,,,,,,,,,,,,,,,,,,,,26.00,,,,,,,false,true,12,2019-04-01,2020-03-31,0
2019-10-31,20530,2020-03-31,2,,,,,,,,,,,,,,,,,,,,,,,,,,,,,,,,,30371908,54792,30317117,false,false,6,2019-04-01,2019-09-30,0
2019-10-31,20530,2019-03-31,2,,,,,,,,,,,,,,,,,,,,,,,,,,,,,,,,,,,30317181,false,false,6,2018-04-01,2018-09-30,-1
2020-01-31,20530,2020-03-31,3,138491000000,-0.026,,,,,4302000000,0.147,4642000000,0.154,,3561000000,,117.52,,,,,,87303000000,56099000000,0.635,,55448000000,,,,,,,,,,,,true,false,9,2019-04-01,2019-12-31,0
2020-01-31,20530,2019-03-31,3,142248000000,0.058,,,,,3752000000,-0.191,4022000000,-0.183,,2814000000,,92.85,,,,,,,,,,,,,,,,,,,,,,true,false,9,2018-04-01,2018-12-31,-1
2020-01-31,20530,2020-03-31,3,181000000000,-0.032,,,,,5900000000,0.175,6300000000,0.177,,4700000000,,155.53,,,,,,,,,,,,,,,,,,,,,,true,true,12,2019-04-01,2020-03-31,0
2020-01-31,20530,2019-03-31,3,,,,,,,,,,,,,,,,,,,,81216000000,53330000000,0.649,,52688000000,,,,,,,,,,,,true,false,12,2018-04-01,2019-03-31,-1
2020-01-31,20530,2019-03-31,3,,,,,,,,,,,,,,,,,,,,,,,,,,,,,26.00,,,,30371908,54786,,false,false,12,2018-04-01,2019-03-31,-1
2020-01-31,20530,2020-03-31,3,,,,,,,,,,,,,,,,,,,,,,,,,,,,,13.00,,,,,,,false,false,12,2019-04-01,2020-03-31,0
2020-01-31,20530,2020-03-31,3,,,,,,,,,,,,,,,,,,,,,,,,,,,,,26.00,,,,,,,false,true,12,2019-04-01,2020-03-31,0
2020-01-31,20530,2020-03-31,3,,,,,,,,,,,,,,,,,,,,,,,,,,,,,,,,,30371908,152852,30304268,false,false,9,2019-04-01,2019-12-31,0
2020-01-31,20530,2019-03-31,3,,,,,,,,,,,,,,,,,,,,,,,,,,,,,,,,,,,30317176,false,false,9,2018-04-01,2018-12-31,-1
2020-05-08,20530,2020-03-31,,183428000000,-0.019,,,,,6020000000,0.199,6462000000,0.207,,4732000000,,156.42,,0.087,0.079,0.033,,82008000000,56210000000,0.677,1850.92,55558000000,11915000000,-6619000000,-2165000000,7728000000,,0.166,,,,,,true,false,12,2019-04-01,2020-03-31,0
2020-05-08,20530,2019-03-31,,186982000000,0.049,,,,,5021000000,-0.135,5353000000,-0.125,,3795000000,,125.18,,0.074,0.067,0.027,,81216000000,53330000000,0.649,1737.93,52688000000,3461000000,-3970000000,-368000000,4603000000,,0.208,,,,,,true,false,12,2018-04-01,2019-03-31,-1
2020-05-08,20530,2021-03-31,,180000000000,-0.019,,,,,5500000000,-0.087,5900000000,-0.087,,4100000000,,136.59,,,,,,,,,,,,,,,,0.190,,,,,,true,true,12,2020-04-01,2021-03-31,1
2020-05-08,20530,2020-03-31,,143730000000,-0.013,,,,,5583000000,0.207,5934000000,0.200,4827000000,,0.377,159.59,,,,,,74729000000,49963000000,0.669,1664.54,49963000000,,,,,26.00,,,,30371908,355275,30251621,false,false,12,2019-04-01,2020-03-31,0
2020-05-08,20530,2019-03-31,,145583000000,0.049,,,,,4626000000,-0.039,4946000000,-0.024,3505000000,,-0.017,115.62,,,,,,73387000000,46965000000,0.640,1549.13,46965000000,,,,,26.00,,,,30371908,54786,30317166,false,false,12,2018-04-01,2019-03-31,-1
2020-05-08,20530,2021-03-31,,,,,,,,,,,,,,,,,,,,,,,,,,,,,,26.00,,,,,,,false,true,12,2020-04-01,2021-03-31,1
2020-07-31,20530,2021-03-31,1,43973000000,-0.040,,,,,1388000000,0.135,1507000000,0.092,,1002000000,,33.40,,,,,,86000000000,56995000000,0.655,,56343000000,,,,,,,,,,,,true,false,3,2020-04-01,2020-06-30,0
2020-07-31,20530,2020-03-31,1,45783000000,-0.012,,,,,1222000000,-0.087,1380000000,-0.064,,994000000,,32.81,,,,,,,,,,,,,,,,,,,,,,true,false,3,2019-04-01,2019-06-30,-1
2020-07-31,20530,2021-03-31,1,180000000000,-0.019,,,,,5500000000,-0.087,5900000000,-0.087,,4100000000,,136.59,,,,,,,,,,,,,,,,,,,,,,true,true,12,2020-04-01,2021-03-31,0
2020-07-31,20530,2020-03-31,1,,,,,,,,,,,,,,,,,,,,82008000000,56210000000,0.677,,55558000000,,,,,,,,,,,,true,false,12,2019-04-01,2020-03-31,-1
2020-07-31,20530,2020-03-31,1,,,,,,,,,,,,,,,,,,,,,,,,,,,,,26.00,,,,30371908,355275,,false,false,12,2019-04-01,2020-03-31,-1
2020-07-31,20530,2021-03-31,1,,,,,,,,,,,,,,,,,,,,,,,,,,,,,26.00,,,,,,,false,true,12,2020-04-01,2021-03-31,0
2020-07-31,20530,2021-03-31,1,,,,,,,,,,,,,,,,,,,,,,,,,,,,,,,,,30371908,355335,30016618,false,false,3,2020-04-01,2020-06-30,0
2020-07-31,20530,2020-03-31,1,,,,,,,,,,,,,,,,,,,,,,,,,,,,,,,,,,,30317118,false,false,3,2019-04-01,2019-06-30,-1
2020-10-30,2053,2021-03-31,2,86785000000,-0.039,,,,,2538000000,-0.007,2745000000,-0.015,,1564000000,,52.14,,,,,,84763000000,57719000000,0.673,,57071000000,,,,,,,,,,,,true,false,6,2020-04-01,2020-09-30,0
2020-10-30,2053,2020-03-31,2,90350000000,-0.024,,,,,2557000000,0.012,2786000000,0.034,,2053000000,,67.72,,,,,,,,,,,,,,,,,,,,,,true,false,6,2019-04-01,2019-09-30,-1
2020-10-30,2053,2021-03-31,2,180000000000,-0.019,,,,,5500000000,-0.087,5900000000,-0.087,,4100000000,,136.59,,,,,,,,,,,,,,,,,,,,,,true,true,12,2020-04-01,2021-03-31,0
2020-10-30,2053,2020-03-31,2,,,,,,,,,,,,,,,,,,,,82008000000,56210000000,0.677,,55558000000,,,,,,,,,,,,true,false,12,2019-04-01,2020-03-31,-1
2020-10-30,2053,2020-03-31,2,,,,,,,,,,,,,,,,,,,,,,,,,,,,,26.00,,,,30371908,355275,,false,false,12,2019-04-01,2020-03-31,-1
2020-10-30,2053,2021-03-31,2,,,,,,,,,,,,,,,,,,,,,,,,,,,,,13.00,,,,,,,false,false,12,2020-04-01,2021-03-31,0
2020-10-30,2053,2021-03-31,2,,,,,,,,,,,,,,,,,,,,,,,,,,,,,26.00,,,,,,,false,true,12,2020-04-01,2021-03-31,0
2020-10-30,2053,2021-03-31,2,,,,,,,,,,,,,,,,,,,,,,,,,,,,,,,,,30371908,355494,30016554,false,false,6,2020-04-01,2020-09-30,0
2020-10-30,2053,2020-03-31,2,,,,,,,,,,,,,,,,,,,,,,,,,,,,,,,,,,,30317117,false,false,6,2019-04-01,2019-09-30,-1
2021-01-29,2053,2021-03-31,3,134549000000,-0.028,,,,,4156000000,-0.034,4449000000,-0.042,,2866000000,,95.49,,,,,,90517000000,58841000000,0.643,,58180000000,,,,,,,,,,,,true,false,9,2020-04-01,2020-12-31,0
2021-01-29,2053,2020-03-31,3,138491000000,-0.026,,,,,4302000000,0.147,4642000000,0.154,,3561000000,,117.52,,,,,,,,,,,,,,,,,,,,,,true,false,9,2019-04-01,2019-12-31,-1
2021-01-29,2053,2021-03-31,3,180000000000,-0.019,,,,,5500000000,-0.087,5900000000,-0.087,,4100000000,,136.59,,,,,,,,,,,,,,,,,,,,,,true,true,12,2020-04-01,2021-03-31,0
2021-01-29,2053,2020-03-31,3,,,,,,,,,,,,,,,,,,,,82008000000,56210000000,0.677,,55558000000,,,,,,,,,,,,true,false,12,2019-04-01,2020-03-31,-1
2021-01-29,2053,2020-03-31,3,,,,,,,,,,,,,,,,,,,,,,,,,,,,,26.00,,,,30371908,355275,,false,false,12,2019-04-01,2020-03-31,-1
2021-01-29,2053,2021-03-31,3,,,,,,,,,,,,,,,,,,,,,,,,,,,,,13.00,,,,,,,false,false,12,2020-04-01,2021-03-31,0
2021-01-29,2053,2021-03-31,3,,,,,,,,,,,,,,,,,,,,,,,,,,,,,26.00,,,,,,,false,true,12,2020-04-01,2021-03-31,0
2021-01-29,2053,2021-03-31,3,,,,,,,,,,,,,,,,,,,,,,,,,,,,,,,,,30371908,355494,30016512,false,false,9,2020-04-01,2020-12-31,0
2021-01-29,2053,2020-03-31,3,,,,,,,,,,,,,,,,,,,,,,,,,,,,,,,,,,,30304268,false,false,9,2019-04-01,2019-12-31,-1
2021-05-06,2053,2021-03-31,,181356000000,-0.011,,,,,5387000000,-0.105,5744000000,-0.111,,3782000000,,126.00,,0.066,0.068,0.030,,87932000000,60272000000,0.678,1985.96,59611000000,5281000000,-1552000000,272000000,11737000000,,0.222,,,,,,true,false,12,2020-04-01,2021-03-31,0
2021-05-06,2053,2020-03-31,,183428000000,-0.019,,,,,6020000000,0.199,6462000000,0.207,,4732000000,,156.42,,0.087,0.079,0.033,,82008000000,56210000000,0.677,1850.92,55558000000,11915000000,-6619000000,-2165000000,7728000000,,0.166,,,,,,true,false,12,2019-04-01,2020-03-31,-1
2021-05-06,2053,2022-03-31,,188000000000,0.037,,,,,5500000000,0.021,5850000000,0.018,,4100000000,,136.59,,,,,,,,,,,,,,,,0.220,,,,,,true,true,12,2021-04-01,2022-03-31,1
2021-05-06,2053,2021-03-31,,147699000000,0.028,,,,,5059000000,-0.094,5405000000,-0.089,5765000000,,0.194,192.07,,,,,,83725000000,55931000000,0.668,1863.37,55931000000,,,,,28.00,,,,30371908,355544,30016486,false,false,12,2020-04-01,2021-03-31,0
2021-05-06,2053,2020-03-31,,143730000000,-0.013,,,,,5583000000,0.207,5934000000,0.200,4827000000,,0.377,159.59,,,,,,74729000000,49963000000,0.669,1664.54,49963000000,,,,,26.00,,,,30371908,355275,30251621,false,false,12,2019-04-01,2020-03-31,-1
2021-05-06,2053,2022-03-31,,,,,,,,,,,,,,,,,,,,,,,,,,,,,,30.00,,,,,,,false,true,12,2021-04-01,2022-03-31,1
2021-05-20,20530,2022-03-31,,177500000000,-0.056,,,,,5500000000,0.000,5850000000,0.000,,4100000000,,136.59,,,,,,,,,,,,,,,,,,,,,,true,true,12,2021-04-01,2022-03-31,0
2021-05-20,20530,2021-03-31,,181356000000,,,,,,5387000000,,5744000000,,,3782000000,,126.00,,,,,,,,,,,,,,,,,,,,,,true,false,12,2020-04-01,2021-03-31,-1
2021-07-30,2053,2022-03-31,1,48158000000,0.095,,,,,1474000000,0.062,1592000000,0.056,,1134000000,,37.80,,,,,,88180000000,60854000000,0.683,,60193000000,,,,,,,,,,,,true,false,3,2021-04-01,2021-06-30,0
2021-07-30,2053,2021-03-31,1,43973000000,-0.040,,,,,1388000000,0.135,1507000000,0.092,,1002000000,,33.40,,,,,,,,,,,,,,,,,,,,,,true,false,3,2020-04-01,2020-06-30,-1
2021-07-30,2053,2022-03-31,1,177500000000,-0.021,,,,,5500000000,0.021,5850000000,0.018,,4100000000,,136.59,,,,,,,,,,,,,,,,,,,,,,true,true,12,2021-04-01,2022-03-31,0
2021-07-30,2053,2021-03-31,1,,,,,,,,,,,,,,,,,,,,87932000000,60272000000,0.678,,59611000000,,,,,,,,,,,,true,false,12,2020-04-01,2021-03-31,-1
2021-07-30,2053,2021-03-31,1,,,,,,,,,,,,,,,,,,,,,,,,,,,,,28.00,,,,30371908,355544,,false,false,12,2020-04-01,2021-03-31,-1
2021-07-30,2053,2022-03-31,1,,,,,,,,,,,,,,,,,,,,,,,,,,,,,30.00,,,,,,,false,true,12,2021-04-01,2022-03-31,0
2021-07-30,2053,2022-03-31,1,,,,,,,,,,,,,,,,,,,,,,,,,,,,,,,,,30371908,355544,30016364,false,false,3,2021-04-01,2021-06-30,0
2021-07-30,2053,2021-03-31,1,,,,,,,,,,,,,,,,,,,,,,,,,,,,,,,,,,,30016618,false,false,3,2020-04-01,2020-06-30,-1
2021-10-29,2053,2022-03-31,2,95614000000,0.102,,,,,3006000000,0.184,3217000000,0.172,,2249000000,,74.93,,,,,,87240000000,61517000000,0.703,,61304000000,,,,,,,,,,,,true,false,6,2021-04-01,2021-09-30,0
2021-10-29,2053,2021-03-31,2,86785000000,-0.039,,,,,2538000000,-0.007,2745000000,-0.015,,1564000000,,52.14,,,,,,,,,,,,,,,,,,,,,,true,false,6,2020-04-01,2020-09-30,-1
2021-10-29,2053,2022-03-31,2,177500000000,-0.021,,,,,5500000000,0.021,5850000000,0.018,,4100000000,,136.59,,,,,,,,,,,,,,,,,,,,,,true,true,12,2021-04-01,2022-03-31,0
2021-10-29,2053,2021-03-31,2,,,,,,,,,,,,,,,,,,,,87932000000,60272000000,0.678,,59611000000,,,,,,,,,,,,true,false,12,2020-04-01,2021-03-31,-1
2021-10-29,2053,2021-03-31,2,,,,,,,,,,,,,,,,,,,,,,,,,,,,,28.00,,,,30371908,355544,,false,false,12,2020-04-01,2021-03-31,-1
2021-10-29,2053,2022-03-31,2,,,,,,,,,,,,,,,,,,,,,,,,,,,,,15.00,,,,,,,false,false,12,2021-04-01,2022-03-31,0
2021-10-29,2053,2022-03-31,2,,,,,,,,,,,,,,,,,,,,,,,,,,,,,30.00,,,,,,,false,true,12,2021-04-01,2022-03-31,0
2021-10-29,2053,2022-03-31,2,,,,,,,,,,,,,,,,,,,,,,,,,,,,,,,,,30371908,337894,30023935,false,false,6,2021-04-01,2021-09-30,0
2021-10-29,2053,2021-03-31,2,,,,,,,,,,,,,,,,,,,,,,,,,,,,,,,,,,,30016554,false,false,6,2020-04-01,2020-09-30,-1
2022-01-31,2053,2022-03-31,3,144890000000,0.077,,,,,3766000000,-0.094,4107000000,-0.077,,2975000000,,99.10,,,,,,90794000000,61695000000,0.677,,61477000000,,,,,,,,,,,,true,false,9,2021-04-01,2021-12-31,0
2022-01-31,2053,2021-03-31,3,134549000000,-0.028,,,,,4156000000,-0.034,4449000000,-0.042,,2866000000,,95.49,,,,,,,,,,,,,,,,,,,,,,true,false,9,2020-04-01,2020-12-31,-1
2022-01-31,2053,2022-03-31,3,192000000000,0.059,,,,,4000000000,-0.257,4350000000,-0.243,,3100000000,,103.22,,,,,,,,,,,,,,,,,,,,,,true,true,12,2021-04-01,2022-03-31,0
2022-01-31,2053,2021-03-31,3,,,,,,,,,,,,,,,,,,,,87932000000,60272000000,0.678,,59611000000,,,,,,,,,,,,true,false,12,2020-04-01,2021-03-31,-1
2022-01-31,2053,2021-03-31,3,,,,,,,,,,,,,,,,,,,,,,,,,,,,,28.00,,,,30371908,355544,,false,false,12,2020-04-01,2021-03-31,-1
2022-01-31,2053,2022-03-31,3,,,,,,,,,,,,,,,,,,,,,,,,,,,,,15.00,,,,,,,false,false,12,2021-04-01,2022-03-31,0
2022-01-31,2053,2022-03-31,3,,,,,,,,,,,,,,,,,,,,,,,,,,,,,30.00,,,,,,,false,true,12,2021-04-01,2022-03-31,0
2022-01-31,2053,2022-03-31,3,,,,,,,,,,,,,,,,,,,,,,,,,,,,,,,,,30371908,338036,30026935,false,false,9,2021-04-01,2021-12-31,0
2022-01-31,2053,2021-03-31,3,,,,,,,,,,,,,,,,,,,,,,,,,,,,,,,,,,,30016512,false,false,9,2020-04-01,2020-12-31,-1
2022-05-09,2053,2022-03-31,,193392000000,0.066,,,,,4138000000,-0.232,4564000000,-0.205,,3211000000,,107.07,,0.053,0.052,0.021,,88014000000,62159000000,0.704,2081.32,61938000000,-2466000000,468000000,-5028000000,4741000000,,0.299,,,,,,true,false,12,2021-04-01,2022-03-31,0
2022-05-09,2053,2021-03-31,,181356000000,-0.011,,,,,5387000000,-0.105,5744000000,-0.111,,3782000000,,126.00,,0.066,0.068,0.030,,87932000000,60272000000,0.678,1985.96,59611000000,5281000000,-1552000000,272000000,11737000000,,0.222,,,,,,true,false,12,2020-04-01,2021-03-31,-1
2022-05-09,2053,2023-03-31,,212000000000,0.096,,,,,2200000000,-0.468,2600000000,-0.430,,1800000000,,60.48,,,,,,,,,,,,,,,,0.562,,,,,,true,true,12,2022-04-01,2023-03-31,1
2022-05-09,2053,2022-03-31,,169479000000,0.147,,,,,3749000000,-0.259,4140000000,-0.234,2932000000,,-0.491,97.75,,,,,,84933000000,57870000000,0.681,1944.60,57870000000,,,,,32.00,,,,30371908,612536,29997790,false,false,12,2021-04-01,2022-03-31,0
2022-05-09,2053,2021-03-31,,147699000000,0.028,,,,,5059000000,-0.094,5405000000,-0.089,5765000000,,0.194,192.07,,,,,,83725000000,55931000000,0.668,1863.37,55931000000,,,,,28.00,,,,30371908,355544,30016486,false,false,12,2020-04-01,2021-03-31,-1
2022-05-09,2053,2023-03-31,,,,,,,,,,,,,,,,,,,,,,,,,,,,,,34.00,,,,,,,false,true,12,2022-04-01,2023-03-31,1
2022-07-29,2053,2023-03-31,1,53772000000,0.117,,,,,-210000000,,-27000000,,,-46000000,,-1.56,,,,,,90574000000,61538000000,0.677,,61312000000,,,,,,,,,,,,true,false,3,2022-04-01,2022-06-30,0
2022-07-29,2053,2022-03-31,1,48158000000,0.095,,,,,1474000000,0.062,1592000000,0.056,,1134000000,,37.80,,,,,,,,,,,,,,,,,,,,,,true,false,3,2021-04-01,2021-06-30,-1
2022-07-29,2053,2023-03-31,1,212000000000,0.096,,,,,2200000000,-0.468,2600000000,-0.430,,1800000000,,60.48,,,,,,,,,,,,,,,,,,,,,,true,true,12,2022-04-01,2023-03-31,0
2022-07-29,2053,2022-03-31,1,,,,,,,,,,,,,,,,,,,,88014000000,62159000000,0.704,,61938000000,,,,,,,,,,,,true,false,12,2021-04-01,2022-03-31,-1
2022-07-29,2053,2022-03-31,1,,,,,,,,,,,,,,,,,,,,,,,,,,,,,32.00,,,,30371908,612536,,false,false,12,2021-04-01,2022-03-31,-1
2022-07-29,2053,2023-03-31,1,,,,,,,,,,,,,,,,,,,,,,,,,,,,,34.00,,,,,,,false,true,12,2022-04-01,2023-03-31,0
2022-07-29,2053,2023-03-31,1,,,,,,,,,,,,,,,,,,,,,,,,,,,,,,,,,30371908,838502,29611298,false,false,3,2022-04-01,2022-06-30,0
2022-07-29,2053,2022-03-31,1,,,,,,,,,,,,,,,,,,,,,,,,,,,,,,,,,,,30016364,false,false,3,2021-04-01,2021-06-30,-1
2022-10-31,2053,2023-03-31,2,115821000000,0.211,,,,,1153000000,-0.616,1394000000,-0.567,,272000000,,9.20,,,,,,96305000000,61483000000,0.636,,61253000000,,,,,,,,,,,,true,false,6,2022-04-01,2022-09-30,0
2022-10-31,2053,2022-03-31,2,95614000000,0.102,,,,,3006000000,0.184,3217000000,0.172,,2249000000,,74.93,,,,,,,,,,,,,,,,,,,,,,true,false,6,2021-04-01,2021-09-30,-1
2022-10-31,2053,2023-03-31,2,212000000000,0.096,,,,,2200000000,-0.468,2600000000,-0.430,,1100000000,,37.22,,,,,,,,,,,,,,,,,,,,,,true,true,12,2022-04-01,2023-03-31,0
2022-10-31,2053,2022-03-31,2,,,,,,,,,,,,,,,,,,,,88014000000,62159000000,0.704,,61938000000,,,,,,,,,,,,true,false,12,2021-04-01,2022-03-31,-1
2022-10-31,2053,2022-03-31,2,,,,,,,,,,,,,,,,,,,,,,,,,,,,,32.00,,,,30371908,612536,,false,false,12,2021-04-01,2022-03-31,-1
2022-10-31,2053,2023-03-31,2,,,,,,,,,,,,,,,,,,,,,,,,,,,,,17.00,,,,,,,false,false,12,2022-04-01,2023-03-31,0
2022-10-31,2053,2023-03-31,2,,,,,,,,,,,,,,,,,,,,,,,,,,,,,34.00,,,,,,,false,true,12,2022-04-01,2023-03-31,0
2022-10-31,2053,2023-03-31,2,,,,,,,,,,,,,,,,,,,,,,,,,,,,,,,,,30371908,824287,29584022,false,false,6,2022-04-01,2022-09-30,0
2022-10-31,2053,2022-03-31,2,,,,,,,,,,,,,,,,,,,,,,,,,,,,,,,,,,,30023935,false,false,6,2021-04-01,2021-09-30,-1
2023-01-31,2053,2023-03-31,3,182406000000,0.259,,,,,1815000000,-0.518,2147000000,-0.477,,823000000,,27.86,,,,,,111111000000,60797000000,0.545,,60562000000,,,,,,,,,,,,true,false,9,2022-04-01,2022-12-31,0
2023-01-31,2053,2022-03-31,3,144890000000,0.077,,,,,3766000000,-0.094,4107000000,-0.077,,2975000000,,99.10,,,,,,,,,,,,,,,,,,,,,,true,false,9,2021-04-01,2021-12-31,-1
2023-01-31,2053,2023-03-31,3,212000000000,0.096,,,,,2200000000,-0.468,2600000000,-0.430,,1100000000,,37.22,,,,,,,,,,,,,,,,,,,,,,true,true,12,2022-04-01,2023-03-31,0
2023-01-31,2053,2022-03-31,3,,,,,,,,,,,,,,,,,,,,88014000000,62159000000,0.704,,61938000000,,,,,,,,,,,,true,false,12,2021-04-01,2022-03-31,-1
2023-01-31,2053,2022-03-31,3,,,,,,,,,,,,,,,,,,,,,,,,,,,,,32.00,,,,30371908,612536,,false,false,12,2021-04-01,2022-03-31,-1
2023-01-31,2053,2023-03-31,3,,,,,,,,,,,,,,,,,,,,,,,,,,,,,17.00,,,,,,,false,false,12,2022-04-01,2023-03-31,0
2023-01-31,2053,2023-03-31,3,,,,,,,,,,,,,,,,,,,,,,,,,,,,,34.00,,,,,,,false,true,12,2022-04-01,2023-03-31,0
2023-01-31,2053,2023-03-31,3,,,,,,,,,,,,,,,,,,,,,,,,,,,,,,,,,30371908,824331,29573091,false,false,9,2022-04-01,2022-12-31,0
2023-01-31,2053,2022-03-31,3,,,,,,,,,,,,,,,,,,,,,,,,,,,,,,,,,,,30026935,false,false,9,2021-04-01,2021-12-31,-1
2023-04-18,20530,2023-03-31,,243000000000,0.146,,,,,1600000000,-0.273,2000000000,-0.231,,800000000,,27.07,,,,,,,,,,,,,,,,,,,,,,true,true,12,2022-04-01,2023-03-31,0
2023-04-18,20530,2022-03-31,,193392000000,,,,,,4138000000,,4564000000,,,3211000000,,107.07,,,,,,,,,,,,,,,,,,,,,,true,false,12,2021-04-01,2022-03-31,-1
2023-05-08,2053,2023-03-31,,243476000000,0.259,,,,,1670000000,-0.596,2069000000,-0.547,,827000000,,28.00,,0.013,0.022,0.007,,97595000000,61410000000,0.627,2070.58,61180000000,-6478000000,-3562000000,7242000000,1953000000,,1.214,,,,,,true,false,12,2022-04-01,2023-03-31,0
2023-05-08,2053,2022-03-31,,193392000000,0.066,,,,,4138000000,-0.232,4564000000,-0.205,,3211000000,,107.07,,0.053,0.052,0.021,,88014000000,62159000000,0.704,2081.32,61938000000,-2466000000,468000000,-5028000000,4741000000,,0.299,,,,,,true,false,12,2021-04-01,2022-03-31,-1
2023-05-08,2053,2024-03-31,,236000000000,-0.031,,,,,1900000000,0.137,2200000000,0.063,,1500000000,,50.77,,,,,,,,,,,,,,,,0.670,,,,,,true,true,12,2023-04-01,2024-03-31,1
2023-05-08,2053,2023-03-31,,220672000000,0.302,,,,,1236000000,-0.670,1666000000,-0.598,480000000,,-0.836,16.26,,,,,,94269000000,56767000000,0.602,1921.21,56767000000,,,,,34.00,,,,30371908,824430,29567194,false,false,12,2022-04-01,2023-03-31,0
2023-05-08,2053,2022-03-31,,169479000000,0.147,,,,,3749000000,-0.259,4140000000,-0.234,2932000000,,-0.491,97.75,,,,,,84933000000,57870000000,0.681,1944.60,57870000000,,,,,32.00,,,,30371908,612536,29997790,false,false,12,2021-04-01,2022-03-31,-1
2023-05-08,2053,2024-03-31,,,,,,,,,,,,,,,,,,,,,,,,,,,,,,34.00,,,,,,,false,true,12,2023-04-01,2024-03-31,1
2023-07-31,2053,2024-03-31,1,61012000000,0.135,,,,,169000000,,359000000,,,244000000,,8.29,,,,,,96976000000,62092000000,0.638,,61860000000,,,,,,,,,,,,true,false,3,2023-04-01,2023-06-30,0
2023-07-31,2053,2023-03-31,1,53772000000,0.117,,,,,-210000000,,-27000000,,,-46000000,,-1.56,,,,,,,,,,,,,,,,,,,,,,true,false,3,2022-04-01,2022-06-30,-1
2023-07-31,2053,2024-03-31,1,236000000000,-0.031,,,,,1900000000,0.137,2200000000,0.063,,1500000000,,50.77,,,,,,,,,,,,,,,,,,,,,,true,true,12,2023-04-01,2024-03-31,0
2023-07-31,2053,2023-03-31,1,,,,,,,,,,,,,,,,,,,,97595000000,61410000000,0.627,,61180000000,,,,,,,,,,,,true,false,12,2022-04-01,2023-03-31,-1
2023-07-31,2053,2023-03-31,1,,,,,,,,,,,,,,,,,,,,,,,,,,,,,34.00,,,,30371908,824430,,false,false,12,2022-04-01,2023-03-31,-1
2023-07-31,2053,2024-03-31,1,,,,,,,,,,,,,,,,,,,,,,,,,,,,,34.00,,,,,,,false,true,12,2023-04-01,2024-03-31,0
2023-07-31,2053,2024-03-31,1,,,,,,,,,,,,,,,,,,,,,,,,,,,,,,,,,30371908,824430,29547478,false,false,3,2023-04-01,2023-06-30,0
2023-07-31,2053,2023-03-31,1,,,,,,,,,,,,,,,,,,,,,,,,,,,,,,,,,,,29611298,false,false,3,2022-04-01,2022-06-30,-1
2023-10-31,2053,2024-03-31,2,118680000000,0.025,,,,,680000000,-0.410,943000000,-0.323,,764000000,,25.87,,,,,,102053000000,63114000000,0.616,,62873000000,,,,,,,,,,,,true,false,6,2023-04-01,2023-09-30,0
2023-10-31,2053,2023-03-31,2,115821000000,0.211,,,,,1153000000,-0.616,1394000000,-0.567,,272000000,,9.20,,,,,,,,,,,,,,,,,,,,,,true,false,6,2022-04-01,2022-09-30,-1
2023-10-31,2053,2024-03-31,2,236000000000,-0.031,,,,,1900000000,0.137,2200000000,0.063,,1500000000,,50.77,,,,,,,,,,,,,,,,,,,,,,true,true,12,2023-04-01,2024-03-31,0
2023-10-31,2053,2023-03-31,2,,,,,,,,,,,,,,,,,,,,97595000000,61410000000,0.627,,61180000000,,,,,,,,,,,,true,false,12,2022-04-01,2023-03-31,-1
2023-10-31,2053,2023-03-31,2,,,,,,,,,,,,,,,,,,,,,,,,,,,,,34.00,,,,30371908,824430,,false,false,12,2022-04-01,2023-03-31,-1
2023-10-31,2053,2024-03-31,2,,,,,,,,,,,,,,,,,,,,,,,,,,,,,17.00,,,,,,,false,false,12,2023-04-01,2024-03-31,0
2023-10-31,2053,2024-03-31,2,,,,,,,,,,,,,,,,,,,,,,,,,,,,,34.00,,,,,,,false,true,12,2023-04-01,2024-03-31,0
2023-10-31,2053,2024-03-31,2,,,,,,,,,,,,,,,,,,,,,,,,,,,,,,,,,30371908,810566,29553438,false,false,6,2023-04-01,2023-09-30,0
2023-10-31,2053,2023-03-31,2,,,,,,,,,,,,,,,,,,,,,,,,,,,,,,,,,,,29584022,false,false,6,2022-04-01,2022-09-30,-1
2024-01-31,2053,2024-03-31,3,180049000000,-0.013,,,,,1622000000,-0.106,2084000000,-0.029,,1588000000,,53.76,,,,,,105563000000,63046000000,0.595,,62791000000,,,,,,,,,,,,true,false,9,2023-04-01,2023-12-31,0
2024-01-31,2053,2023-03-31,3,182406000000,0.259,,,,,1815000000,-0.518,2147000000,-0.477,,823000000,,27.86,,,,,,,,,,,,,,,,,,,,,,true,false,9,2022-04-01,2022-12-31,-1
2024-01-31,2053,2024-03-31,3,236000000000,-0.031,,,,,3000000000,0.796,3400000000,0.643,,2600000000,,87.95,,,,,,,,,,,,,,,,,,,,,,true,true,12,2023-04-01,2024-03-31,0
2024-01-31,2053,2023-03-31,3,,,,,,,,,,,,,,,,,,,,97595000000,61410000000,0.627,,61180000000,,,,,,,,,,,,true,false,12,2022-04-01,2023-03-31,-1
2024-01-31,2053,2023-03-31,3,,,,,,,,,,,,,,,,,,,,,,,,,,,,,34.00,,,,30371908,824430,,false,false,12,2022-04-01,2023-03-31,-1
2024-01-31,2053,2024-03-31,3,,,,,,,,,,,,,,,,,,,,,,,,,,,,,17.00,,,,,,,false,false,12,2023-04-01,2024-03-31,0
2024-01-31,2053,2024-03-31,3,,,,,,,,,,,,,,,,,,,,,,,,,,,,,34.00,,,,,,,false,true,12,2023-04-01,2024-03-31,0
2024-01-31,2053,2024-03-31,3,,,,,,,,,,,,,,,,,,,,,,,,,,,,,,,,,30371908,810571,29555808,false,false,9,2023-04-01,2023-12-31,0
2024-01-31,2053,2023-03-31,3,,,,,,,,,,,,,,,,,,,,,,,,,,,,,,,,,,,29573091,false,false,9,2022-04-01,2022-12-31,-1
2024-01-31,20530,2024-03-31,,236000000000,0.000,,,,,3000000000,0.579,3400000000,0.545,,2600000000,,87.95,,,,,,,,,,,,,,,,,,,,,,true,true,12,2023-04-01,2024-03-31,0
2024-01-31,20530,2023-03-31,,243476000000,,,,,,1670000000,,2069000000,,,827000000,,28.00,,,,,,,,,,,,,,,,,,,,,,true,false,12,2022-04-01,2023-03-31,-1
2024-04-19,20530,2024-03-31,,234000000000,-0.008,,,,,3900000000,0.300,4400000000,0.294,,3300000000,,111.63,,,,,,,,,,,,,,,,,,,,,,true,true,12,2023-04-01,2024-03-31,0
2024-04-19,20530,2023-03-31,,243476000000,,,,,,1670000000,,2069000000,,,827000000,,28.00,,,,,,,,,,,,,,,,,,,,,,true,false,12,2022-04-01,2023-03-31,-1
2024-04-19,20530,2024-03-31,,,,,,,,,,,,,,,,,,,,,,,,,,,,,,40.00,,,,,,,false,true,12,2023-04-01,2024-03-31,0
2024-04-19,20530,2024-03-31,,,,,,,,,,,,,,,,,,,,,,,,,,,,,,17.00,,,,,,,false,false,12,2023-04-01,2024-03-31,0
2024-04-19,20530,2023-03-31,,,,,,,,,,,,,,,,,,,,,,,,,,,,,,34.00,,,,,,,false,false,12,2022-04-01,2023-03-31,-1
2024-05-07,2053,2024-03-31,,234227000000,-0.038,,,,,3932000000,1.354,4464000000,1.157,,3327000000,,112.57,,0.053,0.044,0.017,,103824000000,65662000000,0.632,2218.06,65568000000,10370000000,-4567000000,-4761000000,3006000000,,0.355,,,,,,true,false,12,2023-04-01,2024-03-31,0
2024-05-07,2053,2023-03-31,,243476000000,0.259,,,,,1670000000,-0.596,2069000000,-0.547,,827000000,,28.00,,0.013,0.022,0.007,,97595000000,61410000000,0.627,2070.58,61180000000,-6478000000,-3562000000,7242000000,1953000000,,1.214,,,,,,true,false,12,2022-04-01,2023-03-31,-1
2024-05-07,2053,2025-03-31,,209000000000,-0.108,,,,,4200000000,0.068,4600000000,0.030,,3400000000,,115.01,,,,,,,,,,,,,,,,0.435,,,,,,true,true,12,2024-04-01,2025-03-31,1
2024-05-07,2053,2024-03-31,,216451000000,-0.019,,,,,3505000000,1.836,3948000000,1.370,3009000000,,5.261,101.83,,,,,,101088000000,60761000000,0.601,2055.43,60761000000,,,,,40.00,,,,30371908,810537,29557088,false,false,12,2023-04-01,2024-03-31,0
2024-05-07,2053,2023-03-31,,220672000000,0.302,,,,,1236000000,-0.670,1666000000,-0.598,480000000,,-0.836,16.26,,,,,,94269000000,56767000000,0.602,1921.21,56767000000,,,,,34.00,,,,30371908,824430,29567194,false,false,12,2022-04-01,2023-03-31,-1
2024-05-07,2053,2025-03-31,,,,,,,,,,,,,,,,,,,,,,,,,,,,,,50.00,,,,,,,false,true,12,2024-04-01,2025-03-31,1
2024-07-31,2053,2025-03-31,1,52104000000,-0.146,,,,,836000000,3.942,1045000000,1.907,,794000000,,26.88,,,,,,99293000000,65834000000,0.662,,65751000000,,,,,,,,,,,,true,false,3,2024-04-01,2024-06-30,0
2024-07-31,2053,2024-03-31,1,61012000000,0.135,,,,,169000000,,359000000,,,244000000,,8.29,,,,,,,,,,,,,,,,,,,,,,true,false,3,2023-04-01,2023-06-30,-1
2024-07-31,2053,2025-03-31,1,209000000000,-0.108,,,,,4200000000,0.068,4600000000,0.030,,3400000000,,115.01,,,,,,,,,,,,,,,,,,,,,,true,true,12,2024-04-01,2025-03-31,0
2024-07-31,2053,2024-03-31,1,,,,,,,,,,,,,,,,,,,,103824000000,65662000000,0.632,,65568000000,,,,,,,,,,,,true,false,12,2023-04-01,2024-03-31,-1
2024-07-31,2053,2024-03-31,1,,,,,,,,,,,,,,,,,,,,,,,,,,,,,40.00,,,,30371908,810537,,false,false,12,2023-04-01,2024-03-31,-1
2024-07-31,2053,2025-03-31,1,,,,,,,,,,,,,,,,,,,,,,,,,,,,,50.00,,,,,,,false,true,12,2024-04-01,2025-03-31,0
2024-07-31,2053,2025-03-31,1,,,,,,,,,,,,,,,,,,,,,,,,,,,,,,,,,30371908,810570,29561355,false,false,3,2024-04-01,2024-06-30,0
2024-07-31,2053,2024-03-31,1,,,,,,,,,,,,,,,,,,,,,,,,,,,,,,,,,,,29547478,false,false,3,2023-04-01,2023-06-30,-1
2024-10-31,2053,2025-03-31,2,103445000000,-0.128,,,,,2186000000,2.210,2431000000,1.577,,1805000000,,61.06,,,,,,98415000000,66140000000,0.671,,66050000000,,,,,,,,,,,,true,false,6,2024-04-01,2024-09-30,0
2024-10-31,2053,2024-03-31,2,118680000000,0.025,,,,,680000000,-0.410,943000000,-0.323,,764000000,,25.87,,,,,,,,,,,,,,,,,,,,,,true,false,6,2023-04-01,2023-09-30,-1
2024-10-31,2053,2025-03-31,2,209000000000,-0.108,,,,,4200000000,0.068,4600000000,0.030,,3400000000,,115.01,,,,,,,,,,,,,,,,,,,,,,true,true,12,2024-04-01,2025-03-31,0
2024-10-31,2053,2024-03-31,2,,,,,,,,,,,,,,,,,,,,103824000000,65662000000,0.632,,65568000000,,,,,,,,,,,,true,false,12,2023-04-01,2024-03-31,-1
2024-10-31,2053,2024-03-31,2,,,,,,,,,,,,,,,,,,,,,,,,,,,,,40.00,,,,30371908,810537,,false,false,12,2023-04-01,2024-03-31,-1
2024-10-31,2053,2025-03-31,2,,,,,,,,,,,,,,,,,,,,,,,,,,,,,25.00,,,,,,,false,false,12,2024-04-01,2025-03-31,0
2024-10-31,2053,2025-03-31,2,,,,,,,,,,,,,,,,,,,,,,,,,,,,,50.00,,,,,,,false,true,12,2024-04-01,2025-03-31,0
2024-10-31,2053,2025-03-31,2,,,,,,,,,,,,,,,,,,,,,,,,,,,,,,,,,30371908,800375,29565717,false,false,6,2024-04-01,2024-09-30,0
2024-10-31,2053,2024-03-31,2,,,,,,,,,,,,,,,,,,,,,,,,,,,,,,,,,,,29553438,false,false,6,2023-04-01,2023-09-30,-1
2025-01-31,2053,2025-03-31,3,157428000000,-0.126,,,,,2707000000,0.668,3128000000,0.501,,2370000000,,80.18,,,,,,104589000000,66538000000,0.635,,66448000000,,,,,,,,,,,,true,false,9,2024-04-01,2024-12-31,0
2025-01-31,2053,2024-03-31,3,180049000000,-0.013,,,,,1622000000,-0.106,2084000000,-0.029,,1588000000,,53.76,,,,,,,,,,,,,,,,,,,,,,true,false,9,2023-04-01,2023-12-31,-1
2025-01-31,2053,2025-03-31,3,209000000000,-0.108,,,,,4200000000,0.068,4600000000,0.030,,3400000000,,115.01,,,,,,,,,,,,,,,,,,,,,,true,true,12,2024-04-01,2025-03-31,0
2025-01-31,2053,2024-03-31,3,,,,,,,,,,,,,,,,,,,,103824000000,65662000000,0.632,,65568000000,,,,,,,,,,,,true,false,12,2023-04-01,2024-03-31,-1
2025-01-31,2053,2024-03-31,3,,,,,,,,,,,,,,,,,,,,,,,,,,,,,40.00,,,,30371908,810537,,false,false,12,2023-04-01,2024-03-31,-1
2025-01-31,2053,2025-03-31,3,,,,,,,,,,,,,,,,,,,,,,,,,,,,,25.00,,,,,,,false,false,12,2024-04-01,2025-03-31,0
2025-01-31,2053,2025-03-31,3,,,,,,,,,,,,,,,,,,,,,,,,,,,,,50.00,,,,,,,false,true,12,2024-04-01,2025-03-31,0
2025-01-31,2053,2025-03-31,3,,,,,,,,,,,,,,,,,,,,,,,,,,,,,,,,,30371908,800390,29567459,false,false,9,2024-04-01,2024-12-31,0
2025-01-31,2053,2024-03-31,3,,,,,,,,,,,,,,,,,,,,,,,,,,,,,,,,,,,29555808,false,false,9,2023-04-01,2023-12-31,-1
2025-05-07,2053,2025-03-31,,209837000000,-0.104,,,,,4281000000,0.089,4815000000,0.079,,3503000000,,118.49,,0.053,0.047,0.020,,101582000000,67517000000,0.664,2279.95,67420000000,11992000000,-3830000000,772000000,11942000000,,0.439,,,,,,true,false,12,2024-04-01,2025-03-31,0
2025-05-07,2053,2024-03-31,,234227000000,-0.038,,,,,3932000000,1.354,4464000000,1.157,,3327000000,,112.57,,0.053,0.044,0.017,,103824000000,65662000000,0.632,2218.06,65568000000,10370000000,-4567000000,-4761000000,3006000000,,0.355,,,,,,true,false,12,2023-04-01,2024-03-31,-1
2025-05-07,2053,2026-03-31,,212000000000,0.010,,,,,5200000000,0.214,5600000000,0.163,,4100000000,,138.65,,,,,,,,,,,,,,,,0.433,,,,,,true,true,12,2025-04-01,2026-03-31,1
2025-05-07,2053,2025-03-31,,204136000000,-0.057,,,,,3567000000,0.018,3972000000,0.006,2945000000,,-0.021,99.62,,,,,,97620000000,61738000000,0.632,2087.80,61738000000,,,,,52.00,,,,30371908,800942,29568353,false,false,12,2024-04-01,2025-03-31,0
2025-05-07,2053,2024-03-31,,216451000000,-0.019,,,,,3505000000,1.836,3948000000,1.370,3009000000,,5.261,101.83,,,,,,101088000000,60761000000,0.601,2055.43,60761000000,,,,,40.00,,,,30371908,810537,29557088,false,false,12,2023-04-01,2024-03-31,-1
2025-05-07,2053,2026-03-31,,,,,,,,,,,,,,,,,,,,,,,,,,,,,,60.00,,,,,,,false,true,12,2025-04-01,2026-03-31,1
2025-07-31,2053,2026-03-31,1,52279000000,0.003,,,,,1114000000,0.333,1334000000,0.277,,1024000000,,34.71,,,,,,99264000000,67809000000,0.682,,67724000000,,,,,,,,,,,,true,false,3,2025-04-01,2025-06-30,0
2025-07-31,2053,2025-03-31,1,52104000000,-0.146,,,,,836000000,3.942,1045000000,1.907,,794000000,,26.88,,,,,,,,,,,,,,,,,,,,,,true,false,3,2024-04-01,2024-06-30,-1
2025-07-31,2053,2026-03-31,1,212000000000,0.010,,,,,5200000000,0.214,5600000000,0.163,,4100000000,,138.65,,,,,,,,,,,,,,,,,,,,,,true,true,12,2025-04-01,2026-03-31,0
2025-07-31,2053,2025-03-31,1,,,,,,,,,,,,,,,,,,,,101582000000,67517000000,0.664,,67420000000,,,,,,,,,,,,true,false,12,2024-04-01,2025-03-31,-1
2025-07-31,2053,2025-03-31,1,,,,,,,,,,,,,,,,,,,,,,,,,,,,,52.00,,,,30371908,800942,,false,false,12,2024-04-01,2025-03-31,-1
2025-07-31,2053,2026-03-31,1,,,,,,,,,,,,,,,,,,,,,,,,,,,,,60.00,,,,,,,false,true,12,2025-04-01,2026-03-31,0
2025-07-31,2053,2026-03-31,1,,,,,,,,,,,,,,,,,,,,,,,,,,,,,,,,,30371908,954128,29520394,false,false,3,2025-04-01,2025-06-30,0
2025-07-31,2053,2025-03-31,1,,,,,,,,,,,,,,,,,,,,,,,,,,,,,,,,,,,29561355,false,false,3,2024-04-01,2024-06-30,-1
