filing_date,code,fiscal_year_end,quarterly_period,net_sales,net_sales_change,revenue,revenue_change,operating_revenue,operating_revenue_change,operating_profit,operating_profit_change,ordinary_profit,ordinary_profit_change,net_income,net_income_of_parent,net_income_change,eps,diluted_eps,roe,roa,operating_profit_to_net_sales,operating_profit_to_revenue,total_assets,net_assets,equity_ratio,bps,owner_equity,operating_cash_flow,investing_cash_flow,financing_cash_flow,cash,dividend_per_share,payout_ratio,commemorative_dividend,extra_dividend,number_of_shares,number_of_treqsury_shares,avg_number_of_shares,is_consolidated,is_forecast,duration,period_start,period_end,period_pos
2015-05-12,21090,2015-03-31,,96114000000,-0.008,,,,,3859000000,-0.261,9516000000,0.033,5707000000,,0.085,42.78,,0.090,0.089,0.040,,113940000000,71584000000,0.576,491.85,65679000000,8785000000,-10112000000,5462000000,16169000000,,0.234,,,,,,true,false,12,2014-04-01,2015-03-31,0
2015-05-12,21090,2014-03-31,,96891000000,0.007,,,,,5220000000,0.271,9209000000,0.490,5262000000,,0.182,39.46,,0.089,0.096,0.054,,99115000000,65724000000,0.619,460.29,61375000000,12233000000,-4790000000,-3048000000,12034000000,,0.203,,,,,,true,false,12,2013-04-01,2014-03-31,-1
2015-05-12,21090,2016-03-31,,49200000000,0.069,,,,,2000000000,0.128,5000000000,0.178,3100000000,,0.195,23.21,,,,,,,,,,,,,,,,,,,,,,true,true,6,2015-04-01,2015-09-30,1
2015-05-12,21090,2016-03-31,,100000000000,0.040,,,,,4500000000,0.166,10500000000,0.103,6400000000,,0.121,47.93,,,,,,,,,,,,,,,,0.250,,,,,,true,true,12,2015-04-01,2016-03-31,1
2015-05-12,21090,2015-03-31,,66602000000,-0.047,,,,,2394000000,-0.384,8184000000,0.021,5274000000,,0.111,39.50,,,,,,77502000000,52134000000,0.673,390.41,52134000000,,,,,10.00,,,,141667400,8130929,133399876,false,false,12,2014-04-01,2015-03-31,0
2015-05-12,21090,2014-03-31,,69851000000,-0.013,,,,,3889000000,0.138,8016000000,0.205,4749000000,,-0.091,35.56,,,,,,64568000000,48958000000,0.758,366.62,48958000000,,,,,8.00,,,,141667400,8327165,133345371,false,false,12,2013-04-01,2014-03-31,-1
2015-05-12,21090,2016-03-31,,32900000000,0.009,,,,,,,4300000000,0.182,2900000000,,0.242,21.72,,,,,,,,,,,,,,,,,,,,,,false,true,6,2015-04-01,2015-09-30,1
2015-05-12,21090,2016-03-31,,67000000000,0.006,,,,,,,9000000000,0.100,6100000000,,0.157,45.68,,,,,,,,,,,,,,,12.00,,,,,,,false,true,12,2015-04-01,2016-03-31,1
2015-07-31,21090,2016-03-31,1,24778000000,0.080,,,,,1295000000,0.505,3099000000,0.502,,1912000000,,14.32,,,,,,107078000000,73033000000,0.625,501.42,66955000000,,,,,,,,,,,,true,false,3,2015-04-01,2015-06-30,0
2015-07-31,21090,2015-03-31,1,22950000000,-0.045,,,,,860000000,-0.284,2063000000,0.047,,1269000000,,9.52,,,,,,,,,,,,,,,,,,,,,,true,false,3,2014-04-01,2014-06-30,-1
2015-07-31,21090,2016-03-31,1,49200000000,0.069,,,,,2000000000,0.128,5000000000,0.178,,3100000000,,23.21,,,,,,,,,,,,,,,,,,,,,,true,true,6,2015-04-01,2015-09-30,0
2015-07-31,21090,2016-03-31,1,100000000000,0.040,,,,,4500000000,0.166,10500000000,0.103,,6400000000,,47.93,,,,,,,,,,,,,,,,,,,,,,true,true,12,2015-04-01,2016-03-31,0
2015-07-31,21090,2015-03-31,1,,,,,,,,,,,,,,,,,,,,113940000000,71584000000,0.576,491.85,65679000000,,,,,,,,,,,,true,false,12,2014-04-01,2015-03-31,-1
2015-07-31,21090,2015-03-31,1,,,,,,,,,,,,,,,,,,,,,,,,,,,,,10.00,,,,141667400,8130929,,false,false,12,2014-04-01,2015-03-31,-1
2015-07-31,21090,2016-03-31,1,,,,,,,,,,,,,,,,,,,,,,,,,,,,,12.00,,,,,,,false,true,12,2015-04-01,2016-03-31,0
2015-07-31,21090,2016-03-31,1,,,,,,,,,,,,,,,,,,,,,,,,,,,,,,,,,141667400,8134956,133534640,false,false,3,2015-04-01,2015-06-30,0
2015-07-31,21090,2015-03-31,1,,,,,,,,,,,,,,,,,,,,,,,,,,,,,,,,,,,133340124,false,false,3,2014-04-01,2014-06-30,-1
2015-11-05,21090,2016-03-31,2,49332000000,0.072,,,,,2597000000,0.465,6254000000,0.473,,3478000000,,26.05,,,,,,110431000000,74588000000,0.618,511.48,68297000000,,,,,,,,,,,,true,false,6,2015-04-01,2015-09-30,0
2015-11-05,21090,2015-03-31,2,46024000000,-0.037,,,,,1773000000,-0.256,4245000000,0.038,,2594000000,,19.46,,,,,,,,,,,,,,,,,,,,,,true,false,6,2014-04-01,2014-09-30,-1
2015-11-05,21090,2016-03-31,2,100000000000,0.040,,,,,4500000000,0.166,10500000000,0.103,,6400000000,,47.93,,,,,,,,,,,,,,,,,,,,,,true,true,12,2015-04-01,2016-03-31,0
2015-11-05,21090,2015-03-31,2,,,,,,,,,,,,,,,,,,,,113940000000,71584000000,0.576,491.85,65679000000,,,,,,,,,,,,true,false,12,2014-04-01,2015-03-31,-1
2015-11-05,21090,2015-03-31,2,,,,,,,,,,,,,,,,,,,,,,,,,,,,,10.00,,,,141667400,8130929,,false,false,12,2014-04-01,2015-03-31,-1
2015-11-05,21090,2016-03-31,2,,,,,,,,,,,,,,,,,,,,,,,,,,,,,6.00,,,,,,,false,false,12,2015-04-01,2016-03-31,0
2015-11-05,21090,2016-03-31,2,,,,,,,,,,,,,,,,,,,,,,,,,,,,,12.00,,,,,,,false,true,12,2015-04-01,2016-03-31,0
2015-11-05,21090,2016-03-31,2,,,,,,,,,,,,,,,,,,,,,,,,,,,,,,,,,141667400,8137778,133532715,false,false,6,2015-04-01,2015-09-30,0
2015-11-05,21090,2015-03-31,2,,,,,,,,,,,,,,,,,,,,,,,,,,,,,,,,,,,133339837,false,false,6,2014-04-01,2014-09-30,-1
2016-01-29,21090,2016-03-31,3,76741000000,0.056,,,,,4793000000,0.448,10383000000,0.406,,6047000000,,45.29,,,,,,122251000000,76073000000,0.570,521.86,69682000000,,,,,,,,,,,,true,false,9,2015-04-01,2015-12-31,0
2016-01-29,21090,2015-03-31,3,72690000000,-0.009,,,,,3309000000,-0.229,7387000000,0.025,,4425000000,,33.19,,,,,,,,,,,,,,,,,,,,,,true,false,9,2014-04-01,2014-12-31,-1
2016-01-29,21090,2016-03-31,3,100000000000,0.040,,,,,5000000000,0.296,12000000000,0.261,,7000000000,,52.42,,,,,,,,,,,,,,,,,,,,,,true,true,12,2015-04-01,2016-03-31,0
2016-01-29,21090,2015-03-31,3,,,,,,,,,,,,,,,,,,,,113940000000,71584000000,0.576,491.85,65679000000,,,,,,,,,,,,true,false,12,2014-04-01,2015-03-31,-1
2016-01-29,21090,2015-03-31,3,,,,,,,,,,,,,,,,,,,,,,,,,,,,,10.00,,,,141667400,8130929,,false,false,12,2014-04-01,2015-03-31,-1
2016-01-29,21090,2016-03-31,3,,,,,,,,,,,,,,,,,,,,,,,,,,,,,6.00,,,,,,,false,false,12,2015-04-01,2016-03-31,0
2016-01-29,21090,2016-03-31,3,,,,,,,,,,,,,,,,,,,,,,,,,,,,,12.00,,,,,,,false,true,12,2015-04-01,2016-03-31,0
2016-01-29,21090,2016-03-31,3,,,,,,,,,,,,,,,,,,,,,,,,,,,,,,,,,141667400,8139915,133531346,false,false,9,2015-04-01,2015-12-31,0
2016-01-29,21090,2015-03-31,3,,,,,,,,,,,,,,,,,,,,,,,,,,,,,,,,,,,133345141,false,false,9,2014-04-01,2014-12-31,-1
2016-01-29,21090,2016-03-31,,100000000000,,,,,,5000000000,0.111,12000000000,0.143,7000000000,,0.094,52.42,,,,,,,,,,,,,,,,,,,,,,true,true,12,2015-04-01,2016-03-31,0
2016-01-29,21090,2015-03-31,,96114000000,,,,,,3859000000,,9516000000,,5707000000,,,42.78,,,,,,,,,,,,,,,,,,,,,,true,false,12,2014-04-01,2015-03-31,-1
2016-01-29,21090,2016-03-31,,66000000000,-0.015,,,,,,,10000000000,0.111,6500000000,,0.066,48.68,,,,,,,,,,,,,,,,,,,,,,false,true,12,2015-04-01,2016-03-31,0
2016-01-29,21090,2015-03-31,,66602000000,,,,,,,,8184000000,,5274000000,,,39.50,,,,,,,,,,,,,,,,,,,,,,false,false,12,2014-04-01,2015-03-31,-1
2016-05-12,21090,2016-03-31,,101379000000,0.055,,,,,5490000000,0.423,12796000000,0.345,,7581000000,,56.78,,0.111,0.109,0.054,,120500000000,77401000000,0.589,531.45,70962000000,13946000000,-11026000000,-1545000000,17544000000,,0.247,,,,,,true,false,12,2015-04-01,2016-03-31,0
2016-05-12,21090,2015-03-31,,96114000000,-0.008,,,,,3859000000,-0.261,9516000000,0.033,,5707000000,,42.78,,0.090,0.089,0.040,,113940000000,71584000000,0.576,491.85,65679000000,8785000000,-10112000000,5462000000,16169000000,,0.234,,,,,,true,false,12,2014-04-01,2015-03-31,-1
2016-05-12,21090,2017-03-31,,51000000000,0.034,,,,,2200000000,-0.153,5500000000,-0.121,,3300000000,,24.71,,,,,,,,,,,,,,,,,,,,,,true,true,6,2016-04-01,2016-09-30,1
2016-05-12,21090,2017-03-31,,104000000000,0.026,,,,,5000000000,-0.089,12000000000,-0.062,,7600000000,,284.59,,,,,,,,,,,,,,,,0.246,,,,,,true,true,12,2016-04-01,2017-03-31,1
2016-05-12,21090,2016-03-31,,65789000000,-0.012,,,,,3916000000,0.636,11191000000,0.368,7071000000,,0.341,52.96,,,,,,83244000000,57706000000,0.693,432.17,57706000000,,,,,14.00,,,,141667400,8140902,133530302,false,false,12,2015-04-01,2016-03-31,0
2016-05-12,21090,2015-03-31,,66602000000,-0.047,,,,,2394000000,-0.384,8184000000,0.021,5274000000,,0.111,39.50,,,,,,77502000000,52134000000,0.673,390.41,52134000000,,,,,10.00,,,,141667400,8130929,133399876,false,false,12,2014-04-01,2015-03-31,-1
2016-05-12,21090,2017-03-31,,32500000000,0.011,,,,,,,4500000000,-0.136,3100000000,,0.029,23.22,,,,,,,,,,,,,,,,,,,,,,false,true,6,2016-04-01,2016-09-30,1
2016-05-12,21090,2017-03-31,,66000000000,0.003,,,,,,,10500000000,-0.062,7200000000,,0.018,269.61,,,,,,,,,,,,,,,35.00,,,,,,,false,true,12,2016-04-01,2017-03-31,1
2016-07-29,21090,2017-03-31,1,25860000000,0.044,,,,,1534000000,0.184,3323000000,0.072,,2073000000,,15.53,,,,,,114441000000,78388000000,0.627,537.48,71766000000,,,,,,,,,,,,true,false,3,2016-04-01,2016-06-30,0
2016-07-29,21090,2016-03-31,1,24778000000,0.080,,,,,1295000000,0.505,3099000000,0.502,,1912000000,,14.32,,,,,,,,,,,,,,,,,,,,,,true,false,3,2015-04-01,2015-06-30,-1
2016-07-29,21090,2017-03-31,1,51000000000,0.034,,,,,2200000000,-0.153,5500000000,-0.121,,3300000000,,24.71,,,,,,,,,,,,,,,,,,,,,,true,true,6,2016-04-01,2016-09-30,0
2016-07-29,21090,2017-03-31,1,104000000000,0.026,,,,,5000000000,-0.089,12000000000,-0.062,,7600000000,,284.59,,,,,,,,,,,,,,,,,,,,,,true,true,12,2016-04-01,2017-03-31,0
2016-07-29,21090,2016-03-31,1,,,,,,,,,,,,,,,,,,,,120500000000,77401000000,0.589,531.45,70962000000,,,,,,,,,,,,true,false,12,2015-04-01,2016-03-31,-1
2016-07-29,21090,2016-03-31,1,,,,,,,,,,,,,,,,,,,,,,,,,,,,,14.00,,,,141667400,8140902,,false,false,12,2015-04-01,2016-03-31,-1
2016-07-29,21090,2017-03-31,1,,,,,,,,,,,,,,,,,,,,,,,,,,,,,35.00,,,,,,,false,true,12,2016-04-01,2017-03-31,0
2016-07-29,21090,2017-03-31,1,,,,,,,,,,,,,,,,,,,,,,,,,,,,,,,,,141667400,8143524,133524975,false,false,3,2016-04-01,2016-06-30,0
2016-07-29,21090,2016-03-31,1,,,,,,,,,,,,,,,,,,,,,,,,,,,,,,,,,,,133534640,false,false,3,2015-04-01,2015-06-30,-1
2016-10-31,21090,2017-03-31,2,51232000000,0.038,,,,,2231000000,-0.141,5800000000,-0.073,,3633000000,,136.07,,,,,,114667000000,79688000000,0.636,2731.73,72948000000,,,,,,,,,,,,true,false,6,2016-04-01,2016-09-30,0
2016-10-31,21090,2016-03-31,2,49332000000,0.072,,,,,2597000000,0.465,6254000000,0.473,,3478000000,,130.26,,,,,,,,,,,,,,,,,,,,,,true,false,6,2015-04-01,2015-09-30,-1
2016-10-31,21090,2017-03-31,2,104000000000,0.026,,,,,4500000000,-0.180,11000000000,-0.140,,6800000000,,254.64,,,,,,,,,,,,,,,,,,,,,,true,true,12,2016-04-01,2017-03-31,0
2016-10-31,21090,2016-03-31,2,,,,,,,,,,,,,,,,,,,,120500000000,77401000000,0.589,2657.25,70962000000,,,,,,,,,,,,true,false,12,2015-04-01,2016-03-31,-1
2016-10-31,21090,2016-03-31,2,,,,,,,,,,,,,,,,,,,,,,,,,,,,,14.00,,,,28333480,1628181,,false,false,12,2015-04-01,2016-03-31,-1
2016-10-31,21090,2017-03-31,2,,,,,,,,,,,,,,,,,,,,,,,,,,,,,7.00,,,,,,,false,false,12,2016-04-01,2017-03-31,0
2016-10-31,21090,2017-03-31,2,,,,,,,,,,,,,,,,,,,,,,,,,,,,,35.00,,,,,,,false,true,12,2016-04-01,2017-03-31,0
2016-10-31,21090,2017-03-31,2,,,,,,,,,,,,,,,,,,,,,,,,,,,,,,,,,28333480,1629302,26704747,false,false,6,2016-04-01,2016-09-30,0
2016-10-31,21090,2016-03-31,2,,,,,,,,,,,,,,,,,,,,,,,,,,,,,,,,,,,26706543,false,false,6,2015-04-01,2015-09-30,-1
2016-10-31,21090,2017-03-31,,104000000000,,,,,,4500000000,-0.100,11000000000,-0.083,6800000000,,-0.105,254.64,,,,,,,,,,,,,,,,,,,,,,true,true,12,2016-04-01,2017-03-31,0
2016-10-31,21090,2016-03-31,,101379000000,,,,,,5490000000,,12796000000,,7581000000,,,283.88,,,,,,,,,,,,,,,,,,,,,,true,false,12,2015-04-01,2016-03-31,-1
2016-10-31,21090,2017-03-31,,66000000000,,,,,,,,10000000000,-0.048,6900000000,,-0.042,258.38,,,,,,,,,,,,,,,,,,,,,,false,true,12,2016-04-01,2017-03-31,0
2016-10-31,21090,2016-03-31,,65789000000,,,,,,,,11191000000,,7071000000,,,264.78,,,,,,,,,,,,,,,,,,,,,,false,false,12,2015-04-01,2016-03-31,-1
2017-01-31,21090,2017-03-31,3,78557000000,0.024,,,,,4164000000,-0.131,9196000000,-0.114,,5677000000,,212.62,,,,,,121898000000,81111000000,0.609,2781.34,74271000000,,,,,,,,,,,,true,false,9,2016-04-01,2016-12-31,0
2017-01-31,21090,2016-03-31,3,76741000000,0.056,,,,,4793000000,0.448,10383000000,0.406,,6047000000,,226.44,,,,,,,,,,,,,,,,,,,,,,true,false,9,2015-04-01,2015-12-31,-1
2017-01-31,21090,2017-03-31,3,104000000000,0.026,,,,,4500000000,-0.180,11000000000,-0.140,,6800000000,,254.64,,,,,,,,,,,,,,,,,,,,,,true,true,12,2016-04-01,2017-03-31,0
2017-01-31,21090,2016-03-31,3,,,,,,,,,,,,,,,,,,,,120500000000,77401000000,0.589,2657.25,70962000000,,,,,,,,,,,,true,false,12,2015-04-01,2016-03-31,-1
2017-01-31,21090,2016-03-31,3,,,,,,,,,,,,,,,,,,,,,,,,,,,,,14.00,,,,28333480,1628181,,false,false,12,2015-04-01,2016-03-31,-1
2017-01-31,21090,2017-03-31,3,,,,,,,,,,,,,,,,,,,,,,,,,,,,,7.00,,,,,,,false,false,12,2016-04-01,2017-03-31,0
2017-01-31,21090,2017-03-31,3,,,,,,,,,,,,,,,,,,,,,,,,,,,,,35.00,,,,,,,false,true,12,2016-04-01,2017-03-31,0
2017-01-31,21090,2017-03-31,3,,,,,,,,,,,,,,,,,,,,,,,,,,,,,,,,,28333480,1630043,26704414,false,false,9,2016-04-01,2016-12-31,0
2017-01-31,21090,2016-03-31,3,,,,,,,,,,,,,,,,,,,,,,,,,,,,,,,,,,,26706269,false,false,9,2015-04-01,2015-12-31,-1
2017-05-15,21090,2017-03-31,,103177000000,0.018,,,,,5215000000,-0.050,12494000000,-0.024,,7482000000,,280.19,,0.101,0.103,0.051,,121549000000,83682000000,0.631,2872.96,76717000000,13065000000,-7572000000,-4471000000,18566000000,,0.357,,,,,,true,false,12,2016-04-01,2017-03-31,0
2017-05-15,21090,2016-03-31,,101379000000,0.055,,,,,5490000000,0.423,12796000000,0.345,,7581000000,,283.88,,0.111,0.109,0.054,,120500000000,77401000000,0.589,2657.25,70962000000,13946000000,-11026000000,-1545000000,17544000000,,0.247,,,,,,true,false,12,2015-04-01,2016-03-31,-1
2017-05-15,21090,2018-03-31,,51000000000,-0.005,,,,,2800000000,0.255,6600000000,0.138,,4300000000,,161.03,,,,,,,,,,,,,,,,,,,,,,true,true,6,2017-04-01,2017-09-30,1
2017-05-15,21090,2018-03-31,,108000000000,0.047,,,,,5200000000,-0.003,12500000000,0.000,,8000000000,,299.59,,,,,,,,,,,,,,,,0.334,,,,,,true,true,12,2017-04-01,2018-03-31,1
2017-05-15,21090,2017-03-31,,65504000000,-0.004,,,,,3281000000,-0.162,10842000000,-0.031,7569000000,,0.070,283.44,,,,,,84967000000,63560000000,0.748,2380.26,63560000000,,,,,65.00,,,,28333480,1630251,26704149,false,false,12,2016-04-01,2017-03-31,0
2017-05-15,21090,2016-03-31,,65789000000,-0.012,,,,,3916000000,0.636,11191000000,0.368,7071000000,,0.341,264.78,,,,,,83244000000,57706000000,0.693,2160.85,57706000000,,,,,14.00,,,,28333480,1628181,26706060,false,false,12,2015-04-01,2016-03-31,-1
2017-05-15,21090,2018-03-31,,33300000000,0.031,,,,,,,5100000000,0.032,3500000000,,0.018,131.07,,,,,,,,,,,,,,,,,,,,,,false,true,6,2017-04-01,2017-09-30,1
2017-05-15,21090,2018-03-31,,67000000000,0.023,,,,,,,10400000000,-0.041,7200000000,,-0.049,269.63,,,,,,,,,,,,,,,100.00,,,,,,,false,true,12,2017-04-01,2018-03-31,1
2017-07-31,21090,2018-03-31,1,26709000000,0.033,,,,,2111000000,0.376,4450000000,0.339,,2917000000,,109.27,,,,,,120549000000,85209000000,0.647,2920.31,77981000000,,,,,,,,,,,,true,false,3,2017-04-01,2017-06-30,0
2017-07-31,21090,2017-03-31,1,25860000000,0.044,,,,,1534000000,0.184,3323000000,0.072,,2073000000,,77.66,,,,,,,,,,,,,,,,,,,,,,true,false,3,2016-04-01,2016-06-30,-1
2017-07-31,21090,2018-03-31,1,51000000000,-0.005,,,,,2800000000,0.255,6600000000,0.138,,4300000000,,161.03,,,,,,,,,,,,,,,,,,,,,,true,true,6,2017-04-01,2017-09-30,0
2017-07-31,21090,2018-03-31,1,108000000000,0.047,,,,,5200000000,-0.003,12500000000,0.000,,8000000000,,299.59,,,,,,,,,,,,,,,,,,,,,,true,true,12,2017-04-01,2018-03-31,0
2017-07-31,21090,2017-03-31,1,,,,,,,,,,,,,,,,,,,,121549000000,83682000000,0.631,2872.96,76717000000,,,,,,,,,,,,true,false,12,2016-04-01,2017-03-31,-1
2017-07-31,21090,2017-03-31,1,,,,,,,,,,,,,,,,,,,,,,,,,,,,,65.00,,,,28333480,1630251,,false,false,12,2016-04-01,2017-03-31,-1
2017-07-31,21090,2018-03-31,1,,,,,,,,,,,,,,,,,,,,,,,,,,,,,100.00,,,,,,,false,true,12,2017-04-01,2018-03-31,0
2017-07-31,21090,2018-03-31,1,,,,,,,,,,,,,,,,,,,,,,,,,,,,,,,,,28333480,1630341,26703181,false,false,3,2017-04-01,2017-06-30,0
2017-07-31,21090,2017-03-31,1,,,,,,,,,,,,,,,,,,,,,,,,,,,,,,,,,,,26704995,false,false,3,2016-04-01,2016-06-30,-1
2017-10-31,21090,2018-03-31,2,52409000000,0.023,,,,,3591000000,0.609,8090000000,0.395,,5324000000,,199.38,,,,,,125536000000,87816000000,0.641,3011.97,80428000000,,,,,,,,,,,,true,false,6,2017-04-01,2017-09-30,0
2017-10-31,21090,2017-03-31,2,51232000000,0.038,,,,,2231000000,-0.141,5800000000,-0.073,,3633000000,,136.07,,,,,,,,,,,,,,,,,,,,,,true,false,6,2016-04-01,2016-09-30,-1
2017-10-31,21090,2018-03-31,2,106000000000,0.027,,,,,6000000000,0.150,13600000000,0.088,,8800000000,,329.55,,,,,,,,,,,,,,,,,,,,,,true,true,12,2017-04-01,2018-03-31,0
2017-10-31,21090,2017-03-31,2,,,,,,,,,,,,,,,,,,,,121549000000,83682000000,0.631,2872.96,76717000000,,,,,,,,,,,,true,false,12,2016-04-01,2017-03-31,-1
2017-10-31,21090,2017-03-31,2,,,,,,,,,,,,,,,,,,,,,,,,,,,,,65.00,,,,28333480,1630251,,false,false,12,2016-04-01,2017-03-31,-1
2017-10-31,21090,2018-03-31,2,,,,,,,,,,,,,,,,,,,,,,,,,,,,,50.00,,,,,,,false,false,12,2017-04-01,2018-03-31,0
2017-10-31,21090,2018-03-31,2,,,,,,,,,,,,,,,,,,,,,,,,,,,,,100.00,,,,,,,false,true,12,2017-04-01,2018-03-31,0
2017-10-31,21090,2018-03-31,2,,,,,,,,,,,,,,,,,,,,,,,,,,,,,,,,,28333480,1630555,26703096,false,false,6,2017-04-01,2017-09-30,0
2017-10-31,21090,2017-03-31,2,,,,,,,,,,,,,,,,,,,,,,,,,,,,,,,,,,,26704747,false,false,6,2016-04-01,2016-09-30,-1
2018-01-31,21090,2018-03-31,3,80739000000,0.028,,,,,5807000000,0.394,11362000000,0.236,,7218000000,,270.33,,,,,,130770000000,88542000000,0.620,3035.18,81047000000,,,,,,,,,,,,true,false,9,2017-04-01,2017-12-31,0
2018-01-31,21090,2017-03-31,3,78557000000,0.024,,,,,4164000000,-0.131,9196000000,-0.114,,5677000000,,212.62,,,,,,,,,,,,,,,,,,,,,,true,false,9,2016-04-01,2016-12-31,-1
2018-01-31,21090,2018-03-31,3,106000000000,0.027,,,,,6000000000,0.150,13600000000,0.088,,8800000000,,329.55,,,,,,,,,,,,,,,,,,,,,,true,true,12,2017-04-01,2018-03-31,0
2018-01-31,21090,2017-03-31,3,,,,,,,,,,,,,,,,,,,,121549000000,83682000000,0.631,2872.96,76717000000,,,,,,,,,,,,true,false,12,2016-04-01,2017-03-31,-1
2018-01-31,21090,2017-03-31,3,,,,,,,,,,,,,,,,,,,,,,,,,,,,,65.00,,,,28333480,1630251,,false,false,12,2016-04-01,2017-03-31,-1
2018-01-31,21090,2018-03-31,3,,,,,,,,,,,,,,,,,,,,,,,,,,,,,50.00,,,,,,,false,false,12,2017-04-01,2018-03-31,0
2018-01-31,21090,2018-03-31,3,,,,,,,,,,,,,,,,,,,,,,,,,,,,,110.00,,,,,,,false,true,12,2017-04-01,2018-03-31,0
2018-01-31,21090,2018-03-31,3,,,,,,,,,,,,,,,,,,,,,,,,,,,,,,,,,28333480,1630828,26703009,false,false,9,2017-04-01,2017-12-31,0
2018-01-31,21090,2017-03-31,3,,,,,,,,,,,,,,,,,,,,,,,,,,,,,,,,,,,26704414,false,false,9,2016-04-01,2016-12-31,-1
,21090,2018-03-31,,,,,,,,,,,,,,,,,,,,,,,,,,,,,,110.00,,,,,,,false,true,12,2017-04-01,2018-03-31,0
,21090,2018-03-31,,,,,,,,,,,,,,,,,,,,,,,,,,,,,,50.00,,,,,,,false,false,12,2017-04-01,2018-03-31,0
,21090,2017-03-31,,,,,,,,,,,,,,,,,,,,,,,,,,,,,,65.00,,,,,,,false,false,12,2016-04-01,2017-03-31,-1
2018-05-14,21090,2018-03-31,,105291000000,0.020,,,,,6354000000,0.218,13609000000,0.089,,8313000000,,311.33,,0.105,0.107,0.060,,132229000000,89871000000,0.623,3083.61,82340000000,15692000000,-5103000000,-4693000000,24462000000,,0.353,,,,,,true,false,12,2017-04-01,2018-03-31,0
2018-05-14,21090,2017-03-31,,103177000000,0.018,,,,,5215000000,-0.050,12494000000,-0.024,,7482000000,,280.19,,0.101,0.103,0.051,,121549000000,83682000000,0.631,2872.96,76717000000,13065000000,-7572000000,-4471000000,18566000000,,0.357,,,,,,true,false,12,2016-04-01,2017-03-31,-1
2018-05-14,21090,2019-03-31,,52000000000,-0.008,,,,,1700000000,-0.527,5200000000,-0.357,,3300000000,,123.58,,,,,,,,,,,,,,,,,,,,,,true,true,6,2018-04-01,2018-09-30,1
2018-05-14,21090,2019-03-31,,105000000000,-0.003,,,,,4700000000,-0.260,12000000000,-0.118,,7600000000,,284.62,,,,,,,,,,,,,,,,0.386,,,,,,true,true,12,2018-04-01,2019-03-31,1
2018-05-14,21090,2018-03-31,,63445000000,-0.031,,,,,4493000000,0.369,12652000000,0.167,8589000000,,0.135,321.68,,,,,,94349000000,69043000000,0.732,2585.63,69043000000,,,,,110.00,,,,28333480,1630807,26702922,false,false,12,2017-04-01,2018-03-31,0
2018-05-14,21090,2017-03-31,,65504000000,-0.004,,,,,3281000000,-0.162,10842000000,-0.031,7569000000,,0.070,283.44,,,,,,84967000000,63560000000,0.748,2380.26,63560000000,,,,,65.00,,,,28333480,1630251,26704149,false,false,12,2016-04-01,2017-03-31,-1
2018-05-14,21090,2019-03-31,,31000000000,-0.027,,,,,,,5000000000,-0.186,3500000000,,-0.192,131.07,,,,,,,,,,,,,,,,,,,,,,false,true,6,2018-04-01,2018-09-30,1
2018-05-14,21090,2019-03-31,,62000000000,-0.023,,,,,,,10800000000,-0.146,7400000000,,-0.139,277.13,,,,,,,,,,,,,,,110.00,,,,,,,false,true,12,2018-04-01,2019-03-31,1
2018-07-31,21090,2019-03-31,1,26693000000,-0.001,,,,,1134000000,-0.463,3012000000,-0.323,,1929000000,,72.26,,,,,,125362000000,90288000000,0.659,3094.58,82632000000,,,,,,,,,,,,true,false,3,2018-04-01,2018-06-30,0
2018-07-31,21090,2018-03-31,1,26709000000,0.033,,,,,2111000000,0.376,4450000000,0.339,,2917000000,,109.27,,,,,,,,,,,,,,,,,,,,,,true,false,3,2017-04-01,2017-06-30,-1
2018-07-31,21090,2019-03-31,1,52000000000,-0.008,,,,,1700000000,-0.527,5200000000,-0.357,,3300000000,,123.58,,,,,,,,,,,,,,,,,,,,,,true,true,6,2018-04-01,2018-09-30,0
2018-07-31,21090,2019-03-31,1,105000000000,-0.003,,,,,4700000000,-0.260,12000000000,-0.118,,7600000000,,284.62,,,,,,,,,,,,,,,,,,,,,,true,true,12,2018-04-01,2019-03-31,0
2018-07-31,21090,2018-03-31,1,,,,,,,,,,,,,,,,,,,,131852000000,89871000000,0.624,3083.61,82340000000,,,,,,,,,,,,true,false,12,2017-04-01,2018-03-31,-1
2018-07-31,21090,2018-03-31,1,,,,,,,,,,,,,,,,,,,,,,,,,,,,,110.00,,,,28333480,1630807,,false,false,12,2017-04-01,2018-03-31,-1
2018-07-31,21090,2019-03-31,1,,,,,,,,,,,,,,,,,,,,,,,,,,,,,110.00,,,,,,,false,true,12,2018-04-01,2019-03-31,0
2018-07-31,21090,2019-03-31,1,,,,,,,,,,,,,,,,,,,,,,,,,,,,,,,,,28333480,1631049,26702584,false,false,3,2018-04-01,2018-06-30,0
2018-07-31,21090,2018-03-31,1,,,,,,,,,,,,,,,,,,,,,,,,,,,,,,,,,,,26703181,false,false,3,2017-04-01,2017-06-30,-1
2018-10-31,21090,2019-03-31,2,51020000000,-0.027,,,,,1621000000,-0.548,4971000000,-0.386,,3143000000,,117.71,,,,,,126562000000,91356000000,0.661,3133.06,83659000000,,,,,,,,,,,,true,false,6,2018-04-01,2018-09-30,0
2018-10-31,21090,2018-03-31,2,52409000000,0.023,,,,,3591000000,0.609,8090000000,0.395,,5324000000,,199.38,,,,,,,,,,,,,,,,,,,,,,true,false,6,2017-04-01,2017-09-30,-1
2018-10-31,21090,2019-03-31,2,105000000000,-0.003,,,,,4700000000,-0.260,12000000000,-0.118,,7600000000,,284.62,,,,,,,,,,,,,,,,,,,,,,true,true,12,2018-04-01,2019-03-31,0
2018-10-31,21090,2018-03-31,2,,,,,,,,,,,,,,,,,,,,131852000000,89871000000,0.624,3083.61,82340000000,,,,,,,,,,,,true,false,12,2017-04-01,2018-03-31,-1
2018-10-31,21090,2018-03-31,2,,,,,,,,,,,,,,,,,,,,,,,,,,,,,110.00,,,,28333480,1630807,,false,false,12,2017-04-01,2018-03-31,-1
2018-10-31,21090,2019-03-31,2,,,,,,,,,,,,,,,,,,,,,,,,,,,,,55.00,,,,,,,false,false,12,2018-04-01,2019-03-31,0
2018-10-31,21090,2019-03-31,2,,,,,,,,,,,,,,,,,,,,,,,,,,,,,110.00,,,,,,,false,true,12,2018-04-01,2019-03-31,0
2018-10-31,21090,2019-03-31,2,,,,,,,,,,,,,,,,,,,,,,,,,,,,,,,,,28333480,1631305,26702437,false,false,6,2018-04-01,2018-09-30,0
2018-10-31,21090,2018-03-31,2,,,,,,,,,,,,,,,,,,,,,,,,,,,,,,,,,,,26703096,false,false,6,2017-04-01,2017-09-30,-1
2019-01-31,21090,2019-03-31,3,78550000000,-0.027,,,,,3030000000,-0.478,8146000000,-0.283,,5031000000,,188.44,,,,,,136823000000,92863000000,0.615,3148.74,84077000000,,,,,,,,,,,,true,false,9,2018-04-01,2018-12-31,0
2019-01-31,21090,2018-03-31,3,80739000000,0.028,,,,,5807000000,0.394,11362000000,0.236,,7218000000,,270.33,,,,,,,,,,,,,,,,,,,,,,true,false,9,2017-04-01,2017-12-31,-1
2019-01-31,21090,2019-03-31,3,105000000000,-0.003,,,,,3700000000,-0.418,10800000000,-0.206,,6700000000,,250.91,,,,,,,,,,,,,,,,,,,,,,true,true,12,2018-04-01,2019-03-31,0
2019-01-31,21090,2018-03-31,3,,,,,,,,,,,,,,,,,,,,131852000000,89871000000,0.624,3083.61,82340000000,,,,,,,,,,,,true,false,12,2017-04-01,2018-03-31,-1
2019-01-31,21090,2018-03-31,3,,,,,,,,,,,,,,,,,,,,,,,,,,,,,110.00,,,,28333480,1630807,,false,false,12,2017-04-01,2018-03-31,-1
2019-01-31,21090,2019-03-31,3,,,,,,,,,,,,,,,,,,,,,,,,,,,,,55.00,,,,,,,false,false,12,2018-04-01,2019-03-31,0
2019-01-31,21090,2019-03-31,3,,,,,,,,,,,,,,,,,,,,,,,,,,,,,110.00,,,,,,,false,true,12,2018-04-01,2019-03-31,0
2019-01-31,21090,2019-03-31,3,,,,,,,,,,,,,,,,,,,,,,,,,,,,,,,,,28333480,1631408,26702340,false,false,9,2018-04-01,2018-12-31,0
2019-01-31,21090,2018-03-31,3,,,,,,,,,,,,,,,,,,,,,,,,,,,,,,,,,,,26703009,false,false,9,2017-04-01,2017-12-31,-1
2019-01-31,21090,2019-03-31,,105000000000,,,,,,3700000000,-0.213,10800000000,-0.100,6700000000,,-0.118,250.91,,,,,,,,,,,,,,,,,,,,,,true,true,12,2018-04-01,2019-03-31,0
2019-01-31,21090,2018-03-31,,105291000000,,,,,,6354000000,,13609000000,,8313000000,,,311.33,,,,,,,,,,,,,,,,,,,,,,true,false,12,2017-04-01,2018-03-31,-1
2019-05-14,21090,2019-03-31,,105274000000,-0.000,,,,,3742000000,-0.411,10314000000,-0.242,,6862000000,,257.00,,0.082,0.076,0.036,,139867000000,95063000000,0.611,3201.11,85475000000,12081000000,-20652000000,-1050000000,14825000000,,0.428,,,,,,true,false,12,2018-04-01,2019-03-31,0
2019-05-14,21090,2018-03-31,,105291000000,0.020,,,,,6354000000,0.218,13609000000,0.089,,8313000000,,311.33,,0.105,0.107,0.060,,131852000000,89871000000,0.624,3083.61,82340000000,15652000000,-5062000000,-4693000000,24462000000,,0.353,,,,,,true,false,12,2017-04-01,2018-03-31,-1
2019-05-14,21090,2020-03-31,,113000000000,0.073,,,,,5100000000,0.363,5100000000,-0.506,,2600000000,,97.37,,,,,,,,,,,,,,,,0.513,,,,,,true,true,12,2019-04-01,2020-03-31,1
2019-05-14,21090,2019-03-31,,61168000000,-0.036,,,,,2837000000,-0.369,10127000000,-0.200,7326000000,,-0.147,274.40,,,,,,95561000000,73167000000,0.766,2740.17,73167000000,,,,,110.00,,,,28333480,1631540,26702257,false,false,12,2018-04-01,2019-03-31,0
2019-05-14,21090,2018-03-31,,63445000000,-0.031,,,,,4493000000,0.369,12652000000,0.167,8589000000,,0.135,321.68,,,,,,93987000000,69043000000,0.735,2585.63,69043000000,,,,,110.00,,,,28333480,1630807,26702922,false,false,12,2017-04-01,2018-03-31,-1
2019-05-14,21090,2020-03-31,,60300000000,-0.014,,,,,,,4100000000,-0.595,2700000000,,-0.631,101.12,,,,,,,,,,,,,,,50.00,,,,,,,false,true,12,2019-04-01,2020-03-31,1
2019-07-31,21090,2020-03-31,1,28795000000,0.079,,,,,1398000000,0.233,1945000000,-0.354,,1276000000,,48.10,,,,,,139413000000,92836000000,0.599,3184.78,83562000000,,,,,,,,,,,,true,false,3,2019-04-01,2019-06-30,0
2019-07-31,21090,2019-03-31,1,26693000000,-0.001,,,,,1134000000,-0.463,3012000000,-0.323,,1929000000,,72.26,,,,,,,,,,,,,,,,,,,,,,true,false,3,2018-04-01,2018-06-30,-1
2019-07-31,21090,2020-03-31,1,113000000000,0.073,,,,,5100000000,0.363,5100000000,-0.506,,2600000000,,97.98,,,,,,,,,,,,,,,,,,,,,,true,true,12,2019-04-01,2020-03-31,0
2019-07-31,21090,2019-03-31,1,,,,,,,,,,,,,,,,,,,,139867000000,95063000000,0.611,3201.11,85475000000,,,,,,,,,,,,true,false,12,2018-04-01,2019-03-31,-1
2019-07-31,21090,2019-03-31,1,,,,,,,,,,,,,,,,,,,,,,,,,,,,,110.00,,,,28333480,1631540,,false,false,12,2018-04-01,2019-03-31,-1
2019-07-31,21090,2020-03-31,1,,,,,,,,,,,,,,,,,,,,,,,,,,,,,50.00,,,,,,,false,true,12,2019-04-01,2020-03-31,0
2019-07-31,21090,2020-03-31,1,,,,,,,,,,,,,,,,,,,,,,,,,,,,,,,,,28333480,2095270,26536870,false,false,3,2019-04-01,2019-06-30,0
2019-07-31,21090,2019-03-31,1,,,,,,,,,,,,,,,,,,,,,,,,,,,,,,,,,,,26702584,false,false,3,2018-04-01,2018-06-30,-1
2019-10-31,21090,2020-03-31,2,56861000000,0.114,,,,,3078000000,0.899,3054000000,-0.385,,1677000000,,63.90,,,,,,138965000000,93086000000,0.598,3235.92,83169000000,,,,,,,,,,,,true,false,6,2019-04-01,2019-09-30,0
2019-10-31,21090,2019-03-31,2,51020000000,-0.027,,,,,1621000000,-0.548,4971000000,-0.386,,3143000000,,117.71,,,,,,,,,,,,,,,,,,,,,,true,false,6,2018-04-01,2018-09-30,-1
2019-10-31,21090,2020-03-31,2,113000000000,0.073,,,,,5100000000,0.363,5100000000,-0.506,,2600000000,,99.07,,,,,,,,,,,,,,,,,,,,,,true,true,12,2019-04-01,2020-03-31,0
2019-10-31,21090,2019-03-31,2,,,,,,,,,,,,,,,,,,,,139867000000,95063000000,0.611,3201.11,85475000000,,,,,,,,,,,,true,false,12,2018-04-01,2019-03-31,-1
2019-10-31,21090,2019-03-31,2,,,,,,,,,,,,,,,,,,,,,,,,,,,,,110.00,,,,28333480,1631540,,false,false,12,2018-04-01,2019-03-31,-1
2019-10-31,21090,2020-03-31,2,,,,,,,,,,,,,,,,,,,,,,,,,,,,,25.00,,,,,,,false,false,12,2019-04-01,2020-03-31,0
2019-10-31,21090,2020-03-31,2,,,,,,,,,,,,,,,,,,,,,,,,,,,,,50.00,,,,,,,false,true,12,2019-04-01,2020-03-31,0
2019-10-31,21090,2020-03-31,2,,,,,,,,,,,,,,,,,,,,,,,,,,,,,,,,,28333480,2631610,26245255,false,false,6,2019-04-01,2019-09-30,0
2019-10-31,21090,2019-03-31,2,,,,,,,,,,,,,,,,,,,,,,,,,,,,,,,,,,,26702437,false,false,6,2018-04-01,2018-09-30,-1
2020-01-31,21090,2020-03-31,3,86961000000,0.107,,,,,4966000000,0.639,4800000000,-0.411,,2759000000,,105.86,,,,,,141381000000,93274000000,0.590,3244.55,83390000000,,,,,,,,,,,,true,false,9,2019-04-01,2019-12-31,0
2020-01-31,21090,2019-03-31,3,78550000000,-0.027,,,,,3030000000,-0.478,8146000000,-0.283,,5031000000,,188.44,,,,,,,,,,,,,,,,,,,,,,true,false,9,2018-04-01,2018-12-31,-1
2020-01-31,21090,2020-03-31,3,113000000000,0.073,,,,,5100000000,0.363,5100000000,-0.506,,2600000000,,99.76,,,,,,,,,,,,,,,,,,,,,,true,true,12,2019-04-01,2020-03-31,0
2020-01-31,21090,2019-03-31,3,,,,,,,,,,,,,,,,,,,,139867000000,95063000000,0.611,3201.11,85475000000,,,,,,,,,,,,true,false,12,2018-04-01,2019-03-31,-1
2020-01-31,21090,2019-03-31,3,,,,,,,,,,,,,,,,,,,,,,,,,,,,,110.00,,,,28333480,1631540,,false,false,12,2018-04-01,2019-03-31,-1
2020-01-31,21090,2020-03-31,3,,,,,,,,,,,,,,,,,,,,,,,,,,,,,25.00,,,,,,,false,false,12,2019-04-01,2020-03-31,0
2020-01-31,21090,2020-03-31,3,,,,,,,,,,,,,,,,,,,,,,,,,,,,,50.00,,,,,,,false,true,12,2019-04-01,2020-03-31,0
2020-01-31,21090,2020-03-31,3,,,,,,,,,,,,,,,,,,,,,,,,,,,,,,,,,28333480,2631677,26063460,false,false,9,2019-04-01,2019-12-31,0
2020-01-31,21090,2019-03-31,3,,,,,,,,,,,,,,,,,,,,,,,,,,,,,,,,,,,26702340,false,false,9,2018-04-01,2018-12-31,-1
2020-05-15,21090,2020-03-31,,113854000000,0.081,,,,,4848000000,0.295,4982000000,-0.517,,2422000000,,93.27,,0.029,0.035,0.043,,141705000000,92395000000,0.584,3218.77,82727000000,11167000000,-7146000000,-3425000000,15414000000,,0.536,,,,,,true,false,12,2019-04-01,2020-03-31,0
2020-05-15,21090,2019-03-31,,105274000000,-0.000,,,,,3742000000,-0.411,10314000000,-0.242,,6862000000,,257.00,,0.082,0.076,0.036,,139867000000,95063000000,0.611,3201.11,85475000000,12081000000,-20652000000,-1050000000,14825000000,,0.428,,,,,,true,false,12,2018-04-01,2019-03-31,-1
2020-05-15,21090,2021-03-31,,115000000000,0.010,,,,,4800000000,-0.010,4800000000,-0.037,,2400000000,,93.38,,,,,,,,,,,,,,,,0.535,,,,,,true,true,12,2020-04-01,2021-03-31,1
2020-05-15,21090,2020-03-31,,59157000000,-0.033,,,,,4055000000,0.429,6038000000,-0.404,4455000000,,-0.392,171.53,,,,,,97955000000,72960000000,0.745,2838.75,72960000000,,,,,50.00,,,,28333480,2631827,25973526,false,false,12,2019-04-01,2020-03-31,0
2020-05-15,21090,2019-03-31,,61168000000,-0.036,,,,,2837000000,-0.369,10127000000,-0.200,7326000000,,-0.147,274.40,,,,,,95561000000,73167000000,0.766,2740.17,73167000000,,,,,110.00,,,,28333480,1631540,26702257,false,false,12,2018-04-01,2019-03-31,-1
2020-05-15,21090,2021-03-31,,58000000000,-0.020,,,,,,,4500000000,-0.255,3100000000,,-0.304,120.61,,,,,,,,,,,,,,,50.00,,,,,,,false,true,12,2020-04-01,2021-03-31,1
2020-07-31,21090,2021-03-31,1,26528000000,-0.079,,,,,1088000000,-0.222,991000000,-0.490,,405000000,,15.77,,,,,,137016000000,91811000000,0.600,3199.60,82234000000,,,,,,,,,,,,true,false,3,2020-04-01,2020-06-30,0
2020-07-31,21090,2020-03-31,1,28795000000,0.079,,,,,1398000000,0.233,1945000000,-0.354,,1276000000,,48.10,,,,,,,,,,,,,,,,,,,,,,true,false,3,2019-04-01,2019-06-30,-1
2020-07-31,21090,2021-03-31,1,115000000000,0.010,,,,,4800000000,-0.010,4800000000,-0.037,,2400000000,,93.38,,,,,,,,,,,,,,,,,,,,,,true,true,12,2020-04-01,2021-03-31,0
2020-07-31,21090,2020-03-31,1,,,,,,,,,,,,,,,,,,,,141705000000,92395000000,0.584,3218.77,82727000000,,,,,,,,,,,,true,false,12,2019-04-01,2020-03-31,-1
2020-07-31,21090,2020-03-31,1,,,,,,,,,,,,,,,,,,,,,,,,,,,,,50.00,,,,28333480,2631827,,false,false,12,2019-04-01,2020-03-31,-1
2020-07-31,21090,2021-03-31,1,,,,,,,,,,,,,,,,,,,,,,,,,,,,,50.00,,,,,,,false,true,12,2020-04-01,2021-03-31,0
2020-07-31,21090,2021-03-31,1,,,,,,,,,,,,,,,,,,,,,,,,,,,,,,,,,28333480,2631954,25701616,false,false,3,2020-04-01,2020-06-30,0
2020-07-31,21090,2020-03-31,1,,,,,,,,,,,,,,,,,,,,,,,,,,,,,,,,,,,26536870,false,false,3,2019-04-01,2019-06-30,-1
2020-10-30,21090,2021-03-31,2,53314000000,-0.062,,,,,2151000000,-0.301,1727000000,-0.435,,440000000,,17.13,,,,,,136103000000,92268000000,0.606,3210.57,82516000000,,,,,,,,,,,,true,false,6,2020-04-01,2020-09-30,0
2020-10-30,21090,2020-03-31,2,56861000000,0.114,,,,,3078000000,0.899,3054000000,-0.385,,1677000000,,63.90,,,,,,,,,,,,,,,,,,,,,,true,false,6,2019-04-01,2019-09-30,-1
2020-10-30,21090,2021-03-31,2,115000000000,0.010,,,,,4800000000,-0.010,4800000000,-0.037,,2400000000,,93.38,,,,,,,,,,,,,,,,,,,,,,true,true,12,2020-04-01,2021-03-31,0
2020-10-30,21090,2020-03-31,2,,,,,,,,,,,,,,,,,,,,141705000000,92395000000,0.584,3218.77,82727000000,,,,,,,,,,,,true,false,12,2019-04-01,2020-03-31,-1
2020-10-30,21090,2020-03-31,2,,,,,,,,,,,,,,,,,,,,,,,,,,,,,50.00,,,,28333480,2631827,,false,false,12,2019-04-01,2020-03-31,-1
2020-10-30,21090,2021-03-31,2,,,,,,,,,,,,,,,,,,,,,,,,,,,,,25.00,,,,,,,false,false,12,2020-04-01,2021-03-31,0
2020-10-30,21090,2021-03-31,2,,,,,,,,,,,,,,,,,,,,,,,,,,,,,50.00,,,,,,,false,true,12,2020-04-01,2021-03-31,0
2020-10-30,21090,2021-03-31,2,,,,,,,,,,,,,,,,,,,,,,,,,,,,,,,,,28333480,2631985,25701563,false,false,6,2020-04-01,2020-09-30,0
2020-10-30,21090,2020-03-31,2,,,,,,,,,,,,,,,,,,,,,,,,,,,,,,,,,,,26245255,false,false,6,2019-04-01,2019-09-30,-1
2021-01-29,21090,2021-03-31,3,82362000000,-0.053,,,,,3562000000,-0.283,3460000000,-0.279,,2636000000,,102.56,,,,,,148716000000,93506000000,0.564,3263.15,83867000000,,,,,,,,,,,,true,false,9,2020-04-01,2020-12-31,0
2021-01-29,21090,2020-03-31,3,86961000000,0.107,,,,,4966000000,0.639,4800000000,-0.411,,2759000000,,105.86,,,,,,,,,,,,,,,,,,,,,,true,false,9,2019-04-01,2019-12-31,-1
2021-01-29,21090,2021-03-31,3,115000000000,0.010,,,,,4800000000,-0.010,4800000000,-0.037,,2400000000,,93.38,,,,,,,,,,,,,,,,,,,,,,true,true,12,2020-04-01,2021-03-31,0
2021-01-29,21090,2020-03-31,3,,,,,,,,,,,,,,,,,,,,141705000000,92395000000,0.584,3218.77,82727000000,,,,,,,,,,,,true,false,12,2019-04-01,2020-03-31,-1
2021-01-29,21090,2020-03-31,3,,,,,,,,,,,,,,,,,,,,,,,,,,,,,50.00,,,,28333480,2631827,,false,false,12,2019-04-01,2020-03-31,-1
2021-01-29,21090,2021-03-31,3,,,,,,,,,,,,,,,,,,,,,,,,,,,,,25.00,,,,,,,false,false,12,2020-04-01,2021-03-31,0
2021-01-29,21090,2021-03-31,3,,,,,,,,,,,,,,,,,,,,,,,,,,,,,50.00,,,,,,,false,true,12,2020-04-01,2021-03-31,0
2021-01-29,21090,2021-03-31,3,,,,,,,,,,,,,,,,,,,,,,,,,,,,,,,,,28333480,2632138,25701532,false,false,9,2020-04-01,2020-12-31,0
2021-01-29,21090,2020-03-31,3,,,,,,,,,,,,,,,,,,,,,,,,,,,,,,,,,,,26063460,false,false,9,2019-04-01,2019-12-31,-1
2021-05-17,21090,2021-03-31,,108887000000,-0.044,,,,,3631000000,-0.251,3788000000,-0.240,,2764000000,,107.57,,0.033,0.026,0.033,,146710000000,91680000000,0.581,3315.56,85213000000,11124000000,-4020000000,-4787000000,17691000000,,0.465,,,,,,true,false,12,2020-04-01,2021-03-31,0
2021-05-17,21090,2020-03-31,,113854000000,0.081,,,,,4848000000,0.295,4982000000,-0.517,,2422000000,,93.27,,0.029,0.035,0.043,,141705000000,92395000000,0.584,3218.77,82727000000,11167000000,-7146000000,-3425000000,15414000000,,0.536,,,,,,true,false,12,2019-04-01,2020-03-31,-1
2021-05-17,21090,2022-03-31,,146000000000,,,,,,5500000000,,4500000000,,,3600000000,,110.98,,,,,,,,,,,,,,,,0.541,,,,,,true,true,12,2021-04-01,2022-03-31,1
2021-05-17,21090,2021-03-31,,55388000000,-0.064,,,,,3162000000,-0.220,4113000000,-0.319,3847000000,,-0.137,149.68,,,,,,106390000000,75650000000,0.711,2943.47,75650000000,,,,,50.00,,,,28333480,2632322,25701461,false,false,12,2020-04-01,2021-03-31,0
2021-05-17,21090,2020-03-31,,59157000000,-0.033,,,,,4055000000,0.429,6038000000,-0.404,4455000000,,-0.392,171.53,,,,,,97955000000,72960000000,0.745,2838.75,72960000000,,,,,50.00,,,,28333480,2631827,25973526,false,false,12,2019-04-01,2020-03-31,-1
2021-05-17,21090,2022-03-31,,,,,,,,,,,,,,,,,,,,,,,,,,,,,,60.00,,,,,,,false,true,12,2021-04-01,2022-03-31,1
2021-08-06,21090,2022-03-31,1,37721000000,,,,,,1135000000,,1472000000,,,983000000,,30.32,,,,,,166778000000,108000000000,0.594,3052.94,99035000000,,,,,,,,,,,,true,false,3,2021-04-01,2021-06-30,0
2021-08-06,21090,2021-03-31,1,26528000000,-0.079,,,,,1088000000,-0.222,991000000,-0.490,,405000000,,15.77,,,,,,,,,,,,,,,,,,,,,,true,false,3,2020-04-01,2020-06-30,-1
2021-08-06,21090,2022-03-31,1,146000000000,,,,,,5500000000,,4500000000,,,3600000000,,110.98,,,,,,,,,,,,,,,,,,,,,,true,true,12,2021-04-01,2022-03-31,0
2021-08-06,21090,2021-03-31,1,,,,,,,,,,,,,,,,,,,,146710000000,91680000000,0.581,3315.56,85213000000,,,,,,,,,,,,true,false,12,2020-04-01,2021-03-31,-1
2021-08-06,21090,2021-03-31,1,,,,,,,,,,,,,,,,,,,,,,,,,,,,,50.00,,,,28333480,2632322,,false,false,12,2020-04-01,2021-03-31,-1
2021-08-06,21090,2022-03-31,1,,,,,,,,,,,,,,,,,,,,,,,,,,,,,60.00,,,,,,,false,true,12,2021-04-01,2022-03-31,0
2021-08-06,21090,2022-03-31,1,,,,,,,,,,,,,,,,,,,,,,,,,,,,,,,,,32639780,200400,32439380,false,false,3,2021-04-01,2021-06-30,0
2021-08-06,21090,2021-03-31,1,,,,,,,,,,,,,,,,,,,,,,,,,,,,,,,,,,,25701616,false,false,3,2020-04-01,2020-06-30,-1
2021-10-29,2109,2022-03-31,2,72198000000,,,,,,2393000000,,2420000000,,,338000000,,10.44,,,,,,167527000000,107157000000,0.586,3028.36,98237000000,,,,,,,,,,,,true,false,6,2021-04-01,2021-09-30,0
2021-10-29,2109,2021-03-31,2,53314000000,-0.062,,,,,2151000000,-0.301,1727000000,-0.435,,440000000,,17.13,,,,,,,,,,,,,,,,,,,,,,true,false,6,2020-04-01,2020-09-30,-1
2021-10-29,2109,2022-03-31,2,150000000000,,,,,,3500000000,,3300000000,,,2600000000,,80.15,,,,,,,,,,,,,,,,,,,,,,true,true,12,2021-04-01,2022-03-31,0
2021-10-29,2109,2021-03-31,2,,,,,,,,,,,,,,,,,,,,146710000000,91680000000,0.581,3315.56,85213000000,,,,,,,,,,,,true,false,12,2020-04-01,2021-03-31,-1
2021-10-29,2109,2021-03-31,2,,,,,,,,,,,,,,,,,,,,,,,,,,,,,50.00,,,,28333480,2632322,,false,false,12,2020-04-01,2021-03-31,-1
2021-10-29,2109,2022-03-31,2,,,,,,,,,,,,,,,,,,,,,,,,,,,,,30.00,,,,,,,false,false,12,2021-04-01,2022-03-31,0
2021-10-29,2109,2022-03-31,2,,,,,,,,,,,,,,,,,,,,,,,,,,,,,60.00,,,,,,,false,true,12,2021-04-01,2022-03-31,0
2021-10-29,2109,2022-03-31,2,,,,,,,,,,,,,,,,,,,,,,,,,,,,,,,,,32639780,200609,32439324,false,false,6,2021-04-01,2021-09-30,0
2021-10-29,2109,2021-03-31,2,,,,,,,,,,,,,,,,,,,,,,,,,,,,,,,,,,,25701563,false,false,6,2020-04-01,2020-09-30,-1
2022-01-31,2109,2022-03-31,3,112260000000,,,,,,3773000000,,3648000000,,,766000000,,23.66,,,,,,188427000000,106402000000,0.518,3022.76,97589000000,,,,,,,,,,,,true,false,9,2021-04-01,2021-12-31,0
2022-01-31,2109,2021-03-31,3,82362000000,-0.053,,,,,3562000000,-0.283,3460000000,-0.279,,2636000000,,102.56,,,,,,,,,,,,,,,,,,,,,,true,false,9,2020-04-01,2020-12-31,-1
2022-01-31,2109,2022-03-31,3,150000000000,,,,,,3500000000,,3300000000,,,2600000000,,80.15,,,,,,,,,,,,,,,,,,,,,,true,true,12,2021-04-01,2022-03-31,0
2022-01-31,2109,2021-03-31,3,,,,,,,,,,,,,,,,,,,,146710000000,91680000000,0.581,3315.56,85213000000,,,,,,,,,,,,true,false,12,2020-04-01,2021-03-31,-1
2022-01-31,2109,2021-03-31,3,,,,,,,,,,,,,,,,,,,,,,,,,,,,,50.00,,,,28333480,2632322,,false,false,12,2020-04-01,2021-03-31,-1
2022-01-31,2109,2022-03-31,3,,,,,,,,,,,,,,,,,,,,,,,,,,,,,30.00,,,,,,,false,false,12,2021-04-01,2022-03-31,0
2022-01-31,2109,2022-03-31,3,,,,,,,,,,,,,,,,,,,,,,,,,,,,,60.00,,,,,,,false,true,12,2021-04-01,2022-03-31,0
2022-01-31,2109,2022-03-31,3,,,,,,,,,,,,,,,,,,,,,,,,,,,,,,,,,32639780,355036,32416374,false,false,9,2021-04-01,2021-12-31,0
2022-01-31,2109,2021-03-31,3,,,,,,,,,,,,,,,,,,,,,,,,,,,,,,,,,,,25701532,false,false,9,2020-04-01,2020-12-31,-1
2022-05-16,2109,2022-03-31,,147880000000,,,,,,3630000000,,3479000000,,,3657000000,,112.94,,0.039,0.021,0.025,,189497000000,109926000000,0.534,3136.39,101210000000,6356000000,344000000,6570000000,31077000000,,0.531,,,,,,true,false,12,2021-04-01,2022-03-31,0
2022-05-16,2109,2021-03-31,,108887000000,-0.044,,,,,3631000000,-0.251,3788000000,-0.240,,2764000000,,107.57,,0.033,0.026,0.033,,146710000000,91680000000,0.581,3315.56,85213000000,11124000000,-4020000000,-4787000000,17691000000,,0.465,,,,,,true,false,12,2020-04-01,2021-03-31,-1
2022-05-16,2109,2023-03-31,,161700000000,0.093,,,,,3800000000,0.047,3700000000,0.063,,2100000000,,65.08,,,,,,,,,,,,,,,,0.922,,,,,,true,true,12,2022-04-01,2023-03-31,1
2022-05-16,2109,2022-03-31,,3781000000,,,,,,731000000,,1373000000,,1631000000,,,50.37,,,,,,83528000000,45032000000,0.539,1395.50,45032000000,,,,,60.00,,,,32639780,369878,32381470,false,false,12,2021-04-01,2022-03-31,0
2022-05-16,2109,2021-03-31,,55388000000,-0.064,,,,,3162000000,-0.220,4113000000,-0.319,3847000000,,-0.137,149.68,,,,,,106390000000,75650000000,0.711,2943.47,75650000000,,,,,50.00,,,,28333480,2632322,25701461,false,false,12,2020-04-01,2021-03-31,-1
2022-05-16,2109,2023-03-31,,,,,,,,,,,,,,,,,,,,,,,,,,,,,,60.00,,,,,,,false,true,12,2022-04-01,2023-03-31,1
2022-07-29,2109,2023-03-31,1,39194000000,0.039,,,,,659000000,-0.419,945000000,-0.358,,714000000,,22.13,,,,,,198588000000,110804000000,0.513,3158.84,101934000000,,,,,,,,,,,,true,false,3,2022-04-01,2022-06-30,0
2022-07-29,2109,2022-03-31,1,37721000000,,,,,,1135000000,,1472000000,,,3117000000,,96.09,,,,,,,,,,,,,,,,,,,,,,true,false,3,2021-04-01,2021-06-30,-1
2022-07-29,2109,2023-03-31,1,161700000000,0.093,,,,,3800000000,0.047,3700000000,0.063,,2100000000,,65.08,,,,,,,,,,,,,,,,,,,,,,true,true,12,2022-04-01,2023-03-31,0
2022-07-29,2109,2022-03-31,1,,,,,,,,,,,,,,,,,,,,189497000000,109926000000,0.534,3136.39,101210000000,,,,,,,,,,,,true,false,12,2021-04-01,2022-03-31,-1
2022-07-29,2109,2022-03-31,1,,,,,,,,,,,,,,,,,,,,,,,,,,,,,60.00,,,,32639780,369878,,false,false,12,2021-04-01,2022-03-31,-1
2022-07-29,2109,2023-03-31,1,,,,,,,,,,,,,,,,,,,,,,,,,,,,,60.00,,,,,,,false,true,12,2022-04-01,2023-03-31,0
2022-07-29,2109,2023-03-31,1,,,,,,,,,,,,,,,,,,,,,,,,,,,,,,,,,32639780,370010,32269785,false,false,3,2022-04-01,2022-06-30,0
2022-07-29,2109,2022-03-31,1,,,,,,,,,,,,,,,,,,,,,,,,,,,,,,,,,,,32439380,false,false,3,2021-04-01,2021-06-30,-1
2022-11-10,2109,2023-03-31,2,78961000000,0.094,,,,,1137000000,-0.525,1416000000,-0.415,,469000000,,14.54,,,,,,196124000000,107351000000,0.514,3125.69,100870000000,,,,,,,,,,,,true,false,6,2022-04-01,2022-09-30,0
2022-11-10,2109,2022-03-31,2,72198000000,,,,,,2393000000,,2420000000,,,2472000000,,76.21,,,,,,,,,,,,,,,,,,,,,,true,false,6,2021-04-01,2021-09-30,-1
2022-11-10,2109,2023-03-31,2,163000000000,0.102,,,,,1900000000,-0.477,2000000000,-0.425,,600000000,,18.59,,,,,,,,,,,,,,,,,,,,,,true,true,12,2022-04-01,2023-03-31,0
2022-11-10,2109,2022-03-31,2,,,,,,,,,,,,,,,,,,,,189497000000,109926000000,0.534,3136.39,101210000000,,,,,,,,,,,,true,false,12,2021-04-01,2022-03-31,-1
2022-11-10,2109,2022-03-31,2,,,,,,,,,,,,,,,,,,,,,,,,,,,,,60.00,,,,32639780,369878,,false,false,12,2021-04-01,2022-03-31,-1
2022-11-10,2109,2023-03-31,2,,,,,,,,,,,,,,,,,,,,,,,,,,,,,30.00,,,,,,,false,false,12,2022-04-01,2023-03-31,0
2022-11-10,2109,2023-03-31,2,,,,,,,,,,,,,,,,,,,,,,,,,,,,,60.00,,,,,,,false,true,12,2022-04-01,2023-03-31,0
2022-11-10,2109,2023-03-31,2,,,,,,,,,,,,,,,,,,,,,,,,,,,,,,,,,32639780,368230,32270353,false,false,6,2022-04-01,2022-09-30,0
2022-11-10,2109,2022-03-31,2,,,,,,,,,,,,,,,,,,,,,,,,,,,,,,,,,,,32439324,false,false,6,2021-04-01,2021-09-30,-1
2023-02-09,2109,2023-03-31,3,123763000000,0.102,,,,,1243000000,-0.670,916000000,-0.749,,-269000000,,-8.36,,,,,,215130000000,106316000000,0.464,3094.80,99873000000,,,,,,,,,,,,true,false,9,2022-04-01,2022-12-31,0
2023-02-09,2109,2022-03-31,3,112260000000,,,,,,3773000000,,3648000000,,,2900000000,,89.47,,,,,,,,,,,,,,,,,,,,,,true,false,9,2021-04-01,2021-12-31,-1
2023-02-09,2109,2023-03-31,3,163000000000,0.102,,,,,1900000000,-0.477,2000000000,-0.425,,600000000,,18.59,,,,,,,,,,,,,,,,,,,,,,true,true,12,2022-04-01,2023-03-31,0
2023-02-09,2109,2022-03-31,3,,,,,,,,,,,,,,,,,,,,189497000000,109926000000,0.534,3136.39,101210000000,,,,,,,,,,,,true,false,12,2021-04-01,2022-03-31,-1
2023-02-09,2109,2022-03-31,3,,,,,,,,,,,,,,,,,,,,,,,,,,,,,60.00,,,,32639780,369878,,false,false,12,2021-04-01,2022-03-31,-1
2023-02-09,2109,2023-03-31,3,,,,,,,,,,,,,,,,,,,,,,,,,,,,,30.00,,,,,,,false,false,12,2022-04-01,2023-03-31,0
2023-02-09,2109,2023-03-31,3,,,,,,,,,,,,,,,,,,,,,,,,,,,,,60.00,,,,,,,false,true,12,2022-04-01,2023-03-31,0
2023-02-09,2109,2023-03-31,3,,,,,,,,,,,,,,,,,,,,,,,,,,,,,,,,,32639780,368329,32270743,false,false,9,2022-04-01,2022-12-31,0
2023-02-09,2109,2022-03-31,3,,,,,,,,,,,,,,,,,,,,,,,,,,,,,,,,,,,32416374,false,false,9,2021-04-01,2021-12-31,-1
2023-03-20,21090,2023-03-31,,16300000000,,,,,,1400000000,-0.263,19200000000,8.600,5800000000,,8.667,179.73,,,,,,,,,,,,,,,,,,,,,,true,true,12,2022-04-01,2023-03-31,0
2023-03-20,21090,2022-03-31,,147880000000,,,,,,3630000000,,3479000000,,3657000000,,,112.94,,,,,,,,,,,,,,,,,,,,,,true,false,12,2021-04-01,2022-03-31,-1
,21090,2023-03-31,,,,,,,,,,,,,,,,,,,,,,,,,,,,,,80.00,,,,,,,false,true,12,2022-04-01,2023-03-31,0
,21090,2023-03-31,,,,,,,,,,,,,,,,,,,,,,,,,,,,,,30.00,,,,,,,false,false,12,2022-04-01,2023-03-31,0
,21090,2022-03-31,,,,,,,,,,,,,,,,,,,,,,,,,,,,,,60.00,,,,,,,false,false,12,2021-04-01,2022-03-31,-1
2023-05-15,2109,2023-03-31,,163572000000,0.106,,,,,1100000000,-0.697,19058000000,4.478,,7911000000,,245.16,,0.076,0.099,0.007,,196123000000,112578000000,0.546,3321.09,107176000000,6228000000,-21561000000,11655000000,27610000000,,0.489,,,,,,true,false,12,2022-04-01,2023-03-31,0
2023-05-15,2109,2022-03-31,,147880000000,,,,,,3630000000,,3479000000,,,3657000000,,112.94,,0.039,0.021,0.025,,189497000000,109926000000,0.534,3136.39,101210000000,6356000000,344000000,6570000000,31077000000,,0.531,,,,,,true,false,12,2021-04-01,2022-03-31,-1
2023-05-15,2109,2024-03-31,,173300000000,0.059,,,,,5000000000,3.545,10000000000,-0.475,,7500000000,,232.40,,,,,,,,,,,,,,,,0.516,,,,,,true,true,12,2023-04-01,2024-03-31,1
2023-05-15,2109,2023-03-31,,5377000000,0.422,,,,,1882000000,1.574,20407000000,,14920000000,,8.148,462.34,,,,,,95457000000,58026000000,0.608,1798.08,58026000000,,,,,120.00,,,,32639780,368384,32270909,false,false,12,2022-04-01,2023-03-31,0
2023-05-15,2109,2022-03-31,,3781000000,,,,,,731000000,,1373000000,,1631000000,,,50.37,,,,,,83528000000,45032000000,0.539,1395.50,45032000000,,,,,60.00,,,,32639780,369878,32381470,false,false,12,2021-04-01,2022-03-31,-1
2023-05-15,2109,2024-03-31,,,,,,,,,,,,,,,,,,,,,,,,,,,,,,120.00,,,,,,,false,true,12,2023-04-01,2024-03-31,1
2023-05-15,2109,2023-03-31,,163310000000,0.104,,,,,1100000000,-0.697,19058000000,4.478,,7911000000,,245.16,,0.076,0.099,0.007,,196123000000,112578000000,0.546,3321.09,107176000000,6228000000,-21561000000,11655000000,27610000000,,0.489,,,,,,true,false,12,2022-04-01,2023-03-31,0
2023-05-15,2109,2022-03-31,,147880000000,,,,,,3630000000,,3479000000,,,3657000000,,112.94,,0.039,0.021,0.025,,189497000000,109926000000,0.534,3136.39,101210000000,6356000000,344000000,6570000000,31077000000,,0.531,,,,,,true,false,12,2021-04-01,2022-03-31,-1
2023-05-15,2109,2024-03-31,,173300000000,0.061,,,,,5000000000,3.545,10000000000,-0.475,,7500000000,,232.40,,,,,,,,,,,,,,,,0.516,,,,,,true,true,12,2023-04-01,2024-03-31,1
2023-05-15,2109,2023-03-31,,5377000000,0.422,,,,,1882000000,1.574,20407000000,,14920000000,,8.148,462.34,,,,,,95457000000,58026000000,0.608,1798.08,58026000000,,,,,120.00,,,,32639780,368384,32270909,false,false,12,2022-04-01,2023-03-31,0
2023-05-15,2109,2022-03-31,,3781000000,,,,,,731000000,,1373000000,,1631000000,,,50.37,,,,,,83528000000,45032000000,0.539,1395.50,45032000000,,,,,60.00,,,,32639780,369878,32381470,false,false,12,2021-04-01,2022-03-31,-1
2023-05-15,2109,2024-03-31,,,,,,,,,,,,,,,,,,,,,,,,,,,,,,120.00,,,,,,,false,true,12,2023-04-01,2024-03-31,1
2023-07-31,2109,2024-03-31,1,42358000000,0.081,,,,,501000000,-0.240,5272000000,4.574,,5549000000,,171.96,,,,,,195517000000,115272000000,0.562,3405.03,109884000000,,,,,,,,,,,,true,false,3,2023-04-01,2023-06-30,0
2023-07-31,2109,2023-03-31,1,39194000000,0.039,,,,,659000000,-0.419,945000000,-0.358,,714000000,,22.13,,,,,,,,,,,,,,,,,,,,,,true,false,3,2022-04-01,2022-06-30,-1
2023-07-31,2109,2024-03-31,1,173300000000,0.061,,,,,5000000000,3.545,10000000000,-0.475,,7500000000,,232.40,,,,,,,,,,,,,,,,,,,,,,true,true,12,2023-04-01,2024-03-31,0
2023-07-31,2109,2023-03-31,1,,,,,,,,,,,,,,,,,,,,196123000000,112578000000,0.546,3321.09,107176000000,,,,,,,,,,,,true,false,12,2022-04-01,2023-03-31,-1
2023-07-31,2109,2023-03-31,1,,,,,,,,,,,,,,,,,,,,,,,,,,,,,120.00,,,,32639780,368384,,false,false,12,2022-04-01,2023-03-31,-1
2023-07-31,2109,2024-03-31,1,,,,,,,,,,,,,,,,,,,,,,,,,,,,,120.00,,,,,,,false,true,12,2023-04-01,2024-03-31,0
2023-07-31,2109,2024-03-31,1,,,,,,,,,,,,,,,,,,,,,,,,,,,,,,,,,32639780,368384,32271396,false,false,3,2023-04-01,2023-06-30,0
2023-07-31,2109,2023-03-31,1,,,,,,,,,,,,,,,,,,,,,,,,,,,,,,,,,,,32269785,false,false,3,2022-04-01,2022-06-30,-1
2023-10-31,2109,2024-03-31,2,84217000000,0.067,,,,,1245000000,0.095,6187000000,3.369,,6066000000,,187.99,,,,,,195596000000,116901000000,0.569,3450.11,111339000000,,,,,,,,,,,,true,false,6,2023-04-01,2023-09-30,0
2023-10-31,2109,2023-03-31,2,78961000000,0.094,,,,,1137000000,-0.525,1416000000,-0.415,,469000000,,14.54,,,,,,,,,,,,,,,,,,,,,,true,false,6,2022-04-01,2022-09-30,-1
2023-10-31,2109,2024-03-31,2,173300000000,0.061,,,,,5000000000,3.545,10000000000,-0.475,,7500000000,,232.40,,,,,,,,,,,,,,,,,,,,,,true,true,12,2023-04-01,2024-03-31,0
2023-10-31,2109,2023-03-31,2,,,,,,,,,,,,,,,,,,,,196123000000,112578000000,0.546,3321.09,107176000000,,,,,,,,,,,,true,false,12,2022-04-01,2023-03-31,-1
2023-10-31,2109,2023-03-31,2,,,,,,,,,,,,,,,,,,,,,,,,,,,,,120.00,,,,32639780,368384,,false,false,12,2022-04-01,2023-03-31,-1
2023-10-31,2109,2024-03-31,2,,,,,,,,,,,,,,,,,,,,,,,,,,,,,60.00,,,,,,,false,false,12,2023-04-01,2024-03-31,0
2023-10-31,2109,2024-03-31,2,,,,,,,,,,,,,,,,,,,,,,,,,,,,,120.00,,,,,,,false,true,12,2023-04-01,2024-03-31,0
2023-10-31,2109,2024-03-31,2,,,,,,,,,,,,,,,,,,,,,,,,,,,,,,,,,32639780,368575,32271333,false,false,6,2023-04-01,2023-09-30,0
2023-10-31,2109,2023-03-31,2,,,,,,,,,,,,,,,,,,,,,,,,,,,,,,,,,,,32270353,false,false,6,2022-04-01,2022-09-30,-1
2024-01-31,2109,2024-03-31,3,129398000000,0.046,,,,,2430000000,0.954,7369000000,7.045,,6502000000,,201.50,,,,,,196431000000,115698000000,0.561,3415.05,110207000000,,,,,,,,,,,,true,false,9,2023-04-01,2023-12-31,0
2024-01-31,2109,2023-03-31,3,123763000000,0.102,,,,,1243000000,-0.670,916000000,-0.749,,-269000000,,-8.36,,,,,,,,,,,,,,,,,,,,,,true,false,9,2022-04-01,2022-12-31,-1
2024-01-31,2109,2024-03-31,3,173300000000,0.061,,,,,5000000000,3.545,10000000000,-0.475,,7500000000,,232.40,,,,,,,,,,,,,,,,,,,,,,true,true,12,2023-04-01,2024-03-31,0
2024-01-31,2109,2023-03-31,3,,,,,,,,,,,,,,,,,,,,196123000000,112578000000,0.546,3321.09,107176000000,,,,,,,,,,,,true,false,12,2022-04-01,2023-03-31,-1
2024-01-31,2109,2023-03-31,3,,,,,,,,,,,,,,,,,,,,,,,,,,,,,120.00,,,,32639780,368384,,false,false,12,2022-04-01,2023-03-31,-1
2024-01-31,2109,2024-03-31,3,,,,,,,,,,,,,,,,,,,,,,,,,,,,,60.00,,,,,,,false,false,12,2023-04-01,2024-03-31,0
2024-01-31,2109,2024-03-31,3,,,,,,,,,,,,,,,,,,,,,,,,,,,,,120.00,,,,,,,false,true,12,2023-04-01,2024-03-31,0
2024-01-31,2109,2024-03-31,3,,,,,,,,,,,,,,,,,,,,,,,,,,,,,,,,,32639780,368582,32271288,false,false,9,2023-04-01,2023-12-31,0
2024-01-31,2109,2023-03-31,3,,,,,,,,,,,,,,,,,,,,,,,,,,,,,,,,,,,32270743,false,false,9,2022-04-01,2022-12-31,-1
2024-05-15,2109,2024-03-31,,170774000000,0.046,,,,,4251000000,2.864,9778000000,-0.487,,8445000000,,261.72,,0.077,0.050,0.025,,191428000000,117340000000,0.586,3475.71,112165000000,12739000000,-6665000000,-8990000000,24777000000,,0.497,,,,,,true,false,12,2023-04-01,2024-03-31,0
2024-05-15,2109,2023-03-31,,163310000000,0.104,,,,,1100000000,-0.697,19058000000,4.478,,7911000000,,245.16,,0.076,0.099,0.007,,196123000000,112578000000,0.546,3321.09,107176000000,6228000000,-21561000000,11655000000,27610000000,,0.489,,,,,,true,false,12,2022-04-01,2023-03-31,-1
2024-05-15,2109,2025-03-31,,180000000000,0.054,,,,,9200000000,1.164,8900000000,-0.090,,5700000000,,176.63,,,,,,,,,,,,,,,,0.736,,,,,,true,true,12,2024-04-01,2025-03-31,1
2024-05-15,2109,2024-03-31,,4298000000,-0.201,,,,,932000000,-0.505,2167000000,-0.894,1623000000,,-0.891,50.32,,,,,,91650000000,54861000000,0.599,1700.01,54861000000,,,,,130.00,,,,32639780,368634,32271256,false,false,12,2023-04-01,2024-03-31,0
2024-05-15,2109,2023-03-31,,5377000000,0.422,,,,,1882000000,1.574,20407000000,,14920000000,,8.148,462.34,,,,,,95457000000,58026000000,0.608,1798.08,58026000000,,,,,120.00,,,,32639780,368384,32270909,false,false,12,2022-04-01,2023-03-31,-1
2024-05-15,2109,2025-03-31,,,,,,,,,,,,,,,,,,,,,,,,,,,,,,130.00,,,,,,,false,true,12,2024-04-01,2025-03-31,1
2024-07-31,2109,2025-03-31,1,44871000000,0.059,,,,,3277000000,5.540,3957000000,-0.249,,2889000000,,89.52,,,,,,192793000000,118719000000,0.589,3517.21,113504000000,,,,,,,,,,,,true,false,3,2024-04-01,2024-06-30,0
2024-07-31,2109,2024-03-31,1,42358000000,0.081,,,,,501000000,-0.240,5272000000,4.574,,5549000000,,171.96,,,,,,,,,,,,,,,,,,,,,,true,false,3,2023-04-01,2023-06-30,-1
2024-07-31,2109,2025-03-31,1,180000000000,0.054,,,,,9200000000,1.164,8900000000,-0.090,,5700000000,,176.63,,,,,,,,,,,,,,,,,,,,,,true,true,12,2024-04-01,2025-03-31,0
2024-07-31,2109,2024-03-31,1,,,,,,,,,,,,,,,,,,,,191428000000,117340000000,0.586,3475.71,112165000000,,,,,,,,,,,,true,false,12,2023-04-01,2024-03-31,-1
2024-07-31,2109,2024-03-31,1,,,,,,,,,,,,,,,,,,,,,,,,,,,,,130.00,,,,32639780,368634,,false,false,12,2023-04-01,2024-03-31,-1
2024-07-31,2109,2025-03-31,1,,,,,,,,,,,,,,,,,,,,,,,,,,,,,130.00,,,,,,,false,true,12,2024-04-01,2025-03-31,0
2024-07-31,2109,2025-03-31,1,,,,,,,,,,,,,,,,,,,,,,,,,,,,,,,,,32639780,368644,32271138,false,false,3,2024-04-01,2024-06-30,0
2024-07-31,2109,2024-03-31,1,,,,,,,,,,,,,,,,,,,,,,,,,,,,,,,,,,,32271396,false,false,3,2023-04-01,2023-06-30,-1
2024-08-07,2109,2025-03-31,1,44871000000,0.059,,,,,3277000000,5.540,3957000000,-0.249,,2889000000,,89.52,,,,,,192793000000,118719000000,0.589,3517.21,113504000000,,,,,,,,,,,,true,false,3,2024-04-01,2024-06-30,0
2024-08-07,2109,2024-03-31,1,42358000000,0.081,,,,,501000000,-0.240,5272000000,4.574,,5549000000,,171.96,,,,,,,,,,,,,,,,,,,,,,true,false,3,2023-04-01,2023-06-30,-1
2024-08-07,2109,2025-03-31,1,180000000000,0.054,,,,,9200000000,1.164,8900000000,-0.090,,5700000000,,176.63,,,,,,,,,,,,,,,,,,,,,,true,true,12,2024-04-01,2025-03-31,0
2024-08-07,2109,2024-03-31,1,,,,,,,,,,,,,,,,,,,,191428000000,117340000000,0.586,3475.71,112165000000,,,,,,,,,,,,true,false,12,2023-04-01,2024-03-31,-1
2024-08-07,2109,2024-03-31,1,,,,,,,,,,,,,,,,,,,,,,,,,,,,,130.00,,,,32639780,368634,,false,false,12,2023-04-01,2024-03-31,-1
2024-08-07,2109,2025-03-31,1,,,,,,,,,,,,,,,,,,,,,,,,,,,,,130.00,,,,,,,false,true,12,2024-04-01,2025-03-31,0
2024-08-07,2109,2025-03-31,1,,,,,,,,,,,,,,,,,,,,,,,,,,,,,,,,,32639780,368644,32271138,false,false,3,2024-04-01,2024-06-30,0
2024-08-07,2109,2024-03-31,1,,,,,,,,,,,,,,,,,,,,,,,,,,,,,,,,,,,32271396,false,false,3,2023-04-01,2023-06-30,-1
2024-10-31,2109,2025-03-31,2,88071000000,0.046,,,,,6496000000,4.215,6969000000,0.126,,5474000000,,169.64,,,,,,198010000000,121719000000,0.588,3609.46,116512000000,,,,,,,,,,,,true,false,6,2024-04-01,2024-09-30,0
2024-10-31,2109,2024-03-31,2,84217000000,0.067,,,,,1245000000,0.095,6187000000,3.369,,6066000000,,187.99,,,,,,,,,,,,,,,,,,,,,,true,false,6,2023-04-01,2023-09-30,-1
2024-10-31,2109,2025-03-31,2,180000000000,0.054,,,,,11000000000,1.588,11000000000,0.125,,7000000000,,216.89,,,,,,,,,,,,,,,,,,,,,,true,true,12,2024-04-01,2025-03-31,0
2024-10-31,2109,2024-03-31,2,,,,,,,,,,,,,,,,,,,,191428000000,117340000000,0.586,3475.71,112165000000,,,,,,,,,,,,true,false,12,2023-04-01,2024-03-31,-1
2024-10-31,2109,2024-03-31,2,,,,,,,,,,,,,,,,,,,,,,,,,,,,,130.00,,,,32639780,368634,,false,false,12,2023-04-01,2024-03-31,-1
2024-10-31,2109,2025-03-31,2,,,,,,,,,,,,,,,,,,,,,,,,,,,,,65.00,,,,,,,false,false,12,2024-04-01,2025-03-31,0
2024-10-31,2109,2025-03-31,2,,,,,,,,,,,,,,,,,,,,,,,,,,,,,130.00,,,,,,,false,true,12,2024-04-01,2025-03-31,0
2024-10-31,2109,2025-03-31,2,,,,,,,,,,,,,,,,,,,,,,,,,,,,,,,,,32639780,360138,32273751,false,false,6,2024-04-01,2024-09-30,0
2024-10-31,2109,2024-03-31,2,,,,,,,,,,,,,,,,,,,,,,,,,,,,,,,,,,,32271333,false,false,6,2023-04-01,2023-09-30,-1
2025-01-31,2109,2025-03-31,3,136986000000,0.059,,,,,11567000000,3.758,12138000000,0.647,,8858000000,,274.47,,,,,,211571000000,121786000000,0.552,3619.15,116824000000,,,,,,,,,,,,true,false,9,2024-04-01,2024-12-31,0
2025-01-31,2109,2024-03-31,3,129398000000,0.046,,,,,2430000000,0.954,7369000000,7.045,,6502000000,,201.50,,,,,,,,,,,,,,,,,,,,,,true,false,9,2023-04-01,2023-12-31,-1
2025-01-31,2109,2025-03-31,3,180000000000,0.054,,,,,13000000000,2.058,13000000000,0.329,,9000000000,,278.85,,,,,,,,,,,,,,,,,,,,,,true,true,12,2024-04-01,2025-03-31,0
2025-01-31,2109,2024-03-31,3,,,,,,,,,,,,,,,,,,,,191428000000,117340000000,0.586,3475.71,112165000000,,,,,,,,,,,,true,false,12,2023-04-01,2024-03-31,-1
2025-01-31,2109,2024-03-31,3,,,,,,,,,,,,,,,,,,,,,,,,,,,,,130.00,,,,32639780,368634,,false,false,12,2023-04-01,2024-03-31,-1
2025-01-31,2109,2025-03-31,3,,,,,,,,,,,,,,,,,,,,,,,,,,,,,65.00,,,,,,,false,false,12,2024-04-01,2025-03-31,0
2025-01-31,2109,2025-03-31,3,,,,,,,,,,,,,,,,,,,,,,,,,,,,,130.00,,,,,,,false,true,12,2024-04-01,2025-03-31,0
2025-01-31,2109,2025-03-31,3,,,,,,,,,,,,,,,,,,,,,,,,,,,,,,,,,32639780,360148,32275722,false,false,9,2024-04-01,2024-12-31,0
2025-01-31,2109,2024-03-31,3,,,,,,,,,,,,,,,,,,,,,,,,,,,,,,,,,,,32271288,false,false,9,2023-04-01,2023-12-31,-1
2025-02-12,2109,2025-03-31,3,136986000000,0.059,,,,,11567000000,3.758,12138000000,0.647,,8858000000,,274.47,,,,,,211571000000,121786000000,0.552,3619.15,116824000000,,,,,,,,,,,,true,false,9,2024-04-01,2024-12-31,0
2025-02-12,2109,2024-03-31,3,129398000000,0.046,,,,,2430000000,0.954,7369000000,7.045,,6502000000,,201.50,,,,,,,,,,,,,,,,,,,,,,true,false,9,2023-04-01,2023-12-31,-1
2025-02-12,2109,2025-03-31,3,180000000000,0.054,,,,,13000000000,2.058,13000000000,0.329,,9000000000,,278.85,,,,,,,,,,,,,,,,,,,,,,true,true,12,2024-04-01,2025-03-31,0
2025-02-12,2109,2024-03-31,3,,,,,,,,,,,,,,,,,,,,191428000000,117340000000,0.586,3475.71,112165000000,,,,,,,,,,,,true,false,12,2023-04-01,2024-03-31,-1
2025-02-12,2109,2024-03-31,3,,,,,,,,,,,,,,,,,,,,,,,,,,,,,130.00,,,,32639780,368634,,false,false,12,2023-04-01,2024-03-31,-1
2025-02-12,2109,2025-03-31,3,,,,,,,,,,,,,,,,,,,,,,,,,,,,,65.00,,,,,,,false,false,12,2024-04-01,2025-03-31,0
2025-02-12,2109,2025-03-31,3,,,,,,,,,,,,,,,,,,,,,,,,,,,,,130.00,,,,,,,false,true,12,2024-04-01,2025-03-31,0
2025-02-12,2109,2025-03-31,3,,,,,,,,,,,,,,,,,,,,,,,,,,,,,,,,,32639780,360148,32275722,false,false,9,2024-04-01,2024-12-31,0
2025-02-12,2109,2024-03-31,3,,,,,,,,,,,,,,,,,,,,,,,,,,,,,,,,,,,32271288,false,false,9,2023-04-01,2023-12-31,-1
2025-03-25,21090,2025-03-31,,180000000000,0.000,,,,,13000000000,0.000,13000000000,0.000,,5000000000,,154.92,,,,,,,,,,,,,,,,,,,,,,true,true,12,2024-04-01,2025-03-31,0
2025-03-25,21090,2024-03-31,,170774000000,,,,,,4251000000,,9778000000,,,8445000000,,261.72,,,,,,,,,,,,,,,,,,,,,,true,false,12,2023-04-01,2024-03-31,-1
2025-05-15,2109,2025-03-31,,178785000000,0.047,,,,,13840000000,2.256,14483000000,0.481,,6295000000,,195.06,,0.056,0.074,0.077,,202196000000,119341000000,0.567,3550.69,114614000000,22592000000,-5635000000,-1693000000,40099000000,,0.666,,,,,,true,false,12,2024-04-01,2025-03-31,0
2025-05-15,2109,2024-03-31,,170774000000,0.046,,,,,4251000000,2.864,9778000000,-0.487,,8445000000,,261.72,,0.077,0.050,0.025,,191428000000,117340000000,0.586,3475.71,112165000000,12739000000,-6665000000,-8990000000,24777000000,,0.497,,,,,,true,false,12,2023-04-01,2024-03-31,-1
2025-05-15,2109,2026-03-31,,200000000000,0.119,,,,,12300000000,-0.111,11800000000,-0.185,,7700000000,,246.17,,,,,,,,,,,,,,,,0.528,,,,,,true,true,12,2025-04-01,2026-03-31,1
2025-05-15,2109,2025-03-31,,9520000000,1.215,,,,,6009000000,5.444,6771000000,2.124,6306000000,,2.884,195.40,,,,,,105196000000,56843000000,0.540,1760.97,56843000000,,,,,130.00,,,,32639780,360168,32276683,false,false,12,2024-04-01,2025-03-31,0
2025-05-15,2109,2024-03-31,,4298000000,-0.201,,,,,932000000,-0.505,2167000000,-0.894,1623000000,,-0.891,50.32,,,,,,91650000000,54861000000,0.599,1700.01,54861000000,,,,,130.00,,,,32639780,368634,32271256,false,false,12,2023-04-01,2024-03-31,-1
2025-05-15,2109,2026-03-31,,,,,,,,,,,,,,,,,,,,,,,,,,,,,,130.00,,,,,,,false,true,12,2025-04-01,2026-03-31,1
