filing_date,code,fiscal_year_end,quarterly_period,net_sales,net_sales_change,revenue,revenue_change,operating_revenue,operating_revenue_change,operating_profit,operating_profit_change,ordinary_profit,ordinary_profit_change,net_income,net_income_of_parent,net_income_change,eps,diluted_eps,roe,roa,operating_profit_to_net_sales,operating_profit_to_revenue,total_assets,net_assets,equity_ratio,bps,owner_equity,operating_cash_flow,investing_cash_flow,financing_cash_flow,cash,dividend_per_share,payout_ratio,commemorative_dividend,extra_dividend,number_of_shares,number_of_treqsury_shares,avg_number_of_shares,is_consolidated,is_forecast,duration,period_start,period_end,period_pos
2015-07-31,21140,2016-03-31,1,4965000000,-0.002,,,,,283000000,0.571,294000000,0.269,,185000000,,6.89,,,,,,22439000000,16052000000,0.700,,15715000000,,,,,,,,,,,,true,false,3,2015-04-01,2015-06-30,0
2015-07-31,21140,2015-03-31,1,4975000000,-0.027,,,,,180000000,-0.317,231000000,-0.228,,143000000,,5.36,,,,,,,,,,,,,,,,,,,,,,true,false,3,2014-04-01,2014-06-30,-1
2015-07-31,21140,2016-03-31,1,10000000000,0.018,,,,,500000000,0.363,520000000,0.047,,340000000,,12.66,,,,,,,,,,,,,,,,,,,,,,true,true,6,2015-04-01,2015-09-30,0
2015-07-31,21140,2016-03-31,1,20000000000,0.051,,,,,950000000,0.471,1000000000,0.157,,600000000,,22.34,,,,,,,,,,,,,,,,,,,,,,true,true,12,2015-04-01,2016-03-31,0
2015-07-31,21140,2015-03-31,1,,,,,,,,,,,,,,,,,,,,22963000000,16106000000,0.685,,15721000000,,,,,,,,,,,,true,false,12,2014-04-01,2015-03-31,-1
2015-07-31,21140,2015-03-31,1,,,,,,,,,,,,,,,,,,,,,,,,,,,,,9.00,,,,29748200,2893848,,false,false,12,2014-04-01,2015-03-31,-1
2015-07-31,21140,2016-03-31,1,,,,,,,,,,,,,,,,,,,,,,,,,,,,,9.00,,,,,,,false,true,12,2015-04-01,2016-03-31,0
2015-07-31,21140,2016-03-31,1,,,,,,,,,,,,,,,,,,,,,,,,,,,,,,,,,29748200,2894948,26853877,false,false,3,2015-04-01,2015-06-30,0
2015-07-31,21140,2015-03-31,1,,,,,,,,,,,,,,,,,,,,,,,,,,,,,,,,,,,26858361,false,false,3,2014-04-01,2014-06-30,-1
2015-10-30,21140,2016-03-31,2,9962000000,0.014,,,,,605000000,0.649,584000000,0.178,,385000000,,14.37,,,,,,22187000000,15802000000,0.701,,15542000000,,,,,,,,,,,,true,false,6,2015-04-01,2015-09-30,0
2015-10-30,21140,2015-03-31,2,9826000000,-0.034,,,,,366000000,-0.346,496000000,-0.202,,335000000,,12.48,,,,,,,,,,,,,,,,,,,,,,true,false,6,2014-04-01,2014-09-30,-1
2015-10-30,21140,2016-03-31,2,20000000000,0.051,,,,,950000000,0.471,1000000000,0.157,,600000000,,22.34,,,,,,,,,,,,,,,,,,,,,,true,true,12,2015-04-01,2016-03-31,0
2015-10-30,21140,2015-03-31,2,,,,,,,,,,,,,,,,,,,,22963000000,16106000000,0.685,,15721000000,,,,,,,,,,,,true,false,12,2014-04-01,2015-03-31,-1
2015-10-30,21140,2015-03-31,2,,,,,,,,,,,,,,,,,,,,,,,,,,,,,9.00,,,,29748200,2893848,,false,false,12,2014-04-01,2015-03-31,-1
2015-10-30,21140,2016-03-31,2,,,,,,,,,,,,,,,,,,,,,,,,,,,,,0.00,,,,,,,false,false,12,2015-04-01,2016-03-31,0
2015-10-30,21140,2016-03-31,2,,,,,,,,,,,,,,,,,,,,,,,,,,,,,9.00,,,,,,,false,true,12,2015-04-01,2016-03-31,0
2015-10-30,21140,2016-03-31,2,,,,,,,,,,,,,,,,,,,,,,,,,,,,,,,,,29748200,2895348,26853438,false,false,6,2015-04-01,2015-09-30,0
2015-10-30,21140,2015-03-31,2,,,,,,,,,,,,,,,,,,,,,,,,,,,,,,,,,,,26858308,false,false,6,2014-04-01,2014-09-30,-1
2016-02-02,21140,2016-03-31,3,14860000000,0.016,,,,,893000000,0.274,914000000,0.016,,596000000,,22.20,,,,,,23148000000,16250000000,0.691,,15997000000,,,,,,,,,,,,true,false,9,2015-04-01,2015-12-31,0
2016-02-02,21140,2015-03-31,3,14626000000,-0.051,,,,,701000000,-0.156,899000000,-0.054,,584000000,,21.78,,,,,,,,,,,,,,,,,,,,,,true,false,9,2014-04-01,2014-12-31,-1
2016-02-02,21140,2016-03-31,3,20000000000,0.051,,,,,950000000,0.471,1000000000,0.157,,600000000,,22.34,,,,,,,,,,,,,,,,,,,,,,true,true,12,2015-04-01,2016-03-31,0
2016-02-02,21140,2015-03-31,3,,,,,,,,,,,,,,,,,,,,22963000000,16106000000,0.685,,15721000000,,,,,,,,,,,,true,false,12,2014-04-01,2015-03-31,-1
2016-02-02,21140,2015-03-31,3,,,,,,,,,,,,,,,,,,,,,,,,,,,,,9.00,,,,29748200,2893848,,false,false,12,2014-04-01,2015-03-31,-1
2016-02-02,21140,2016-03-31,3,,,,,,,,,,,,,,,,,,,,,,,,,,,,,0.00,,,,,,,false,false,12,2015-04-01,2016-03-31,0
2016-02-02,21140,2016-03-31,3,,,,,,,,,,,,,,,,,,,,,,,,,,,,,9.00,,,,,,,false,true,12,2015-04-01,2016-03-31,0
2016-02-02,21140,2016-03-31,3,,,,,,,,,,,,,,,,,,,,,,,,,,,,,,,,,29748200,2895348,26853262,false,false,9,2015-04-01,2015-12-31,0
2016-02-02,21140,2015-03-31,3,,,,,,,,,,,,,,,,,,,,,,,,,,,,,,,,,,,26857813,false,false,9,2014-04-01,2014-12-31,-1
2016-04-28,21140,2016-03-31,,19312000000,0.014,,,,,959000000,0.485,958000000,0.109,,623000000,,23.23,,0.040,0.042,0.050,,22510000000,15887000000,0.697,584.20,15687000000,1452000000,-347000000,-482000000,2808000000,,0.387,,,,,,true,false,12,2015-04-01,2016-03-31,0
2016-04-28,21140,2015-03-31,,19038000000,-0.055,,,,,645000000,-0.203,864000000,-0.128,,568000000,,21.17,,0.038,0.039,0.034,,22963000000,16106000000,0.685,585.44,15721000000,120000000,-191000000,-246000000,2191000000,,0.425,,,,,,true,false,12,2014-04-01,2015-03-31,-1
2016-04-28,21140,2017-03-31,,10500000000,0.054,,,,,550000000,-0.091,600000000,0.026,,400000000,,14.90,,,,,,,,,,,,,,,,,,,,,,true,true,6,2016-04-01,2016-09-30,1
2016-04-28,21140,2017-03-31,,20500000000,0.061,,,,,1000000000,0.043,1100000000,0.148,,750000000,,27.93,,,,,,,,,,,,,,,,0.358,,,,,,true,true,12,2016-04-01,2017-03-31,1
2016-04-28,21140,2016-03-31,,13417000000,-0.030,,,,,889000000,0.252,1056000000,0.171,721000000,,0.177,26.87,,,,,,18616000000,14832000000,0.797,552.37,14832000000,,,,,9.00,,,,29748200,2895576,26853140,false,false,12,2015-04-01,2016-03-31,0
2016-04-28,21140,2015-03-31,,13825000000,-0.076,,,,,710000000,-0.142,902000000,-0.110,613000000,,-0.052,22.83,,,,,,18677000000,14655000000,0.785,545.75,14655000000,,,,,9.00,,,,29748200,2893848,26857151,false,false,12,2014-04-01,2015-03-31,-1
2016-04-28,21140,2017-03-31,,,,,,,,,,,,,,,,,,,,,,,,,,,,,,10.00,,,,,,,false,true,12,2016-04-01,2017-03-31,1
2016-07-29,21140,2017-03-31,1,4978000000,0.003,,,,,229000000,-0.191,234000000,-0.202,,158000000,,5.90,,,,,,21452000000,15689000000,0.725,,15560000000,,,,,,,,,,,,true,false,3,2016-04-01,2016-06-30,0
2016-07-29,21140,2016-03-31,1,4965000000,-0.002,,,,,283000000,0.571,294000000,0.269,,185000000,,6.89,,,,,,,,,,,,,,,,,,,,,,true,false,3,2015-04-01,2015-06-30,-1
2016-07-29,21140,2017-03-31,1,10500000000,0.054,,,,,550000000,-0.091,600000000,0.026,,400000000,,14.90,,,,,,,,,,,,,,,,,,,,,,true,true,6,2016-04-01,2016-09-30,0
2016-07-29,21140,2017-03-31,1,20500000000,0.061,,,,,1000000000,0.043,1100000000,0.148,,750000000,,27.93,,,,,,,,,,,,,,,,,,,,,,true,true,12,2016-04-01,2017-03-31,0
2016-07-29,21140,2016-03-31,1,,,,,,,,,,,,,,,,,,,,22510000000,15887000000,0.697,,15687000000,,,,,,,,,,,,true,false,12,2015-04-01,2016-03-31,-1
2016-07-29,21140,2016-03-31,1,,,,,,,,,,,,,,,,,,,,,,,,,,,,,9.00,,,,29748200,2895576,,false,false,12,2015-04-01,2016-03-31,-1
2016-07-29,21140,2017-03-31,1,,,,,,,,,,,,,,,,,,,,,,,,,,,,,10.00,,,,,,,false,true,12,2016-04-01,2017-03-31,0
2016-07-29,21140,2017-03-31,1,,,,,,,,,,,,,,,,,,,,,,,,,,,,,,,,,29748200,2895634,26852609,false,false,3,2016-04-01,2016-06-30,0
2016-07-29,21140,2016-03-31,1,,,,,,,,,,,,,,,,,,,,,,,,,,,,,,,,,,,26853877,false,false,3,2015-04-01,2015-06-30,-1
2016-10-28,21140,2017-03-31,2,9825000000,-0.014,,,,,442000000,-0.269,522000000,-0.107,,378000000,,14.09,,,,,,22282000000,15734000000,0.709,,15794000000,,,,,,,,,,,,true,false,6,2016-04-01,2016-09-30,0
2016-10-28,21140,2016-03-31,2,9962000000,0.014,,,,,605000000,0.649,584000000,0.178,,385000000,,14.37,,,,,,,,,,,,,,,,,,,,,,true,false,6,2015-04-01,2015-09-30,-1
2016-10-28,21140,2017-03-31,2,20500000000,0.061,,,,,1000000000,0.043,1100000000,0.148,,750000000,,27.93,,,,,,,,,,,,,,,,,,,,,,true,true,12,2016-04-01,2017-03-31,0
2016-10-28,21140,2016-03-31,2,,,,,,,,,,,,,,,,,,,,22510000000,15887000000,0.697,,15687000000,,,,,,,,,,,,true,false,12,2015-04-01,2016-03-31,-1
2016-10-28,21140,2016-03-31,2,,,,,,,,,,,,,,,,,,,,,,,,,,,,,9.00,,,,29748200,2895576,,false,false,12,2015-04-01,2016-03-31,-1
2016-10-28,21140,2017-03-31,2,,,,,,,,,,,,,,,,,,,,,,,,,,,,,0.00,,,,,,,false,false,12,2016-04-01,2017-03-31,0
2016-10-28,21140,2017-03-31,2,,,,,,,,,,,,,,,,,,,,,,,,,,,,,10.00,,,,,,,false,true,12,2016-04-01,2017-03-31,0
2016-10-28,21140,2017-03-31,2,,,,,,,,,,,,,,,,,,,,,,,,,,,,,,,,,29748200,2895704,26852571,false,false,6,2016-04-01,2016-09-30,0
2016-10-28,21140,2016-03-31,2,,,,,,,,,,,,,,,,,,,,,,,,,,,,,,,,,,,26853438,false,false,6,2015-04-01,2015-09-30,-1
2017-01-31,21140,2017-03-31,3,14717000000,-0.010,,,,,699000000,-0.216,875000000,-0.043,,621000000,,23.14,,,,,,22203000000,15892000000,0.719,,15955000000,,,,,,,,,,,,true,false,9,2016-04-01,2016-12-31,0
2017-01-31,21140,2016-03-31,3,14860000000,0.016,,,,,893000000,0.274,914000000,0.016,,596000000,,22.20,,,,,,,,,,,,,,,,,,,,,,true,false,9,2015-04-01,2015-12-31,-1
2017-01-31,21140,2017-03-31,3,20500000000,0.061,,,,,1000000000,0.043,1100000000,0.148,,750000000,,27.93,,,,,,,,,,,,,,,,,,,,,,true,true,12,2016-04-01,2017-03-31,0
2017-01-31,21140,2016-03-31,3,,,,,,,,,,,,,,,,,,,,22510000000,15887000000,0.697,,15687000000,,,,,,,,,,,,true,false,12,2015-04-01,2016-03-31,-1
2017-01-31,21140,2016-03-31,3,,,,,,,,,,,,,,,,,,,,,,,,,,,,,9.00,,,,29748200,2895576,,false,false,12,2015-04-01,2016-03-31,-1
2017-01-31,21140,2017-03-31,3,,,,,,,,,,,,,,,,,,,,,,,,,,,,,0.00,,,,,,,false,false,12,2016-04-01,2017-03-31,0
2017-01-31,21140,2017-03-31,3,,,,,,,,,,,,,,,,,,,,,,,,,,,,,10.00,,,,,,,false,true,12,2016-04-01,2017-03-31,0
2017-01-31,21140,2017-03-31,3,,,,,,,,,,,,,,,,,,,,,,,,,,,,,,,,,29748200,2895754,26852543,false,false,9,2016-04-01,2016-12-31,0
2017-01-31,21140,2016-03-31,3,,,,,,,,,,,,,,,,,,,,,,,,,,,,,,,,,,,26853262,false,false,9,2015-04-01,2015-12-31,-1
,21140,2017-03-31,,,,,,,,,,,,,,,,,,,,,,,,,,,,,,11.00,,,,,,,false,true,12,2016-04-01,2017-03-31,0
,21140,2017-03-31,,,,,,,,,,,,,,,,,,,,,,,,,,,,,,0.00,,,,,,,false,false,12,2016-04-01,2017-03-31,0
,21140,2016-03-31,,,,,,,,,,,,,,,,,,,,,,,,,,,,,,9.00,,,,,,,false,false,12,2015-04-01,2016-03-31,-1
2017-04-21,21140,2017-03-31,,19350000000,-0.056,,,,,620000000,-0.380,850000000,-0.227,,710000000,,26.44,,,,,,,,,,,,,,,,,,,,,,true,true,12,2016-04-01,2017-03-31,0
2017-04-21,21140,2016-03-31,,19312000000,,,,,,959000000,,958000000,,,623000000,,23.23,,,,,,,,,,,,,,,,,,,,,,true,false,12,2015-04-01,2016-03-31,-1
2017-04-28,21140,2017-03-31,,19347000000,0.002,,,,,620000000,-0.353,856000000,-0.106,,713000000,,26.59,,0.045,0.038,0.032,,22231000000,16006000000,0.722,597.42,16042000000,-621000000,667000000,-773000000,2083000000,,0.414,,,,,,true,false,12,2016-04-01,2017-03-31,0
2017-04-28,21140,2016-03-31,,19312000000,0.014,,,,,959000000,0.485,958000000,0.109,,623000000,,23.23,,0.040,0.042,0.050,,22510000000,15887000000,0.697,584.20,15687000000,1452000000,-347000000,-482000000,2808000000,,0.387,,,,,,true,false,12,2015-04-01,2016-03-31,-1
2017-04-28,21140,2018-03-31,,10000000000,0.018,,,,,450000000,0.017,500000000,-0.042,,300000000,,11.17,,,,,,,,,,,,,,,,,,,,,,true,true,6,2017-04-01,2017-09-30,1
2017-04-28,21140,2018-03-31,,20000000000,0.034,,,,,850000000,0.370,1000000000,0.168,,620000000,,23.09,,,,,,,,,,,,,,,,0.433,,,,,,true,true,12,2017-04-01,2018-03-31,1
2017-04-28,21140,2017-03-31,,13688000000,0.020,,,,,817000000,-0.081,1048000000,-0.007,576000000,,-0.201,21.47,,,,,,19227000000,15511000000,0.807,577.64,15511000000,,,,,11.00,,,,29748200,2895754,26852521,false,false,12,2016-04-01,2017-03-31,0
2017-04-28,21140,2016-03-31,,13417000000,-0.030,,,,,889000000,0.252,1056000000,0.171,721000000,,0.177,26.87,,,,,,18618000000,14832000000,0.797,552.37,14832000000,,,,,9.00,,,,29748200,2895576,26853140,false,false,12,2015-04-01,2016-03-31,-1
2017-04-28,21140,2018-03-31,,,,,,,,,,,,,,,,,,,,,,,,,,,,,,10.00,,,,,,,false,true,12,2017-04-01,2018-03-31,1
2017-07-31,21140,2018-03-31,1,5012000000,0.007,,,,,207000000,-0.095,276000000,0.177,,165000000,,6.17,,,,,,22091000000,16052000000,0.729,,16099000000,,,,,,,,,,,,true,false,3,2017-04-01,2017-06-30,0
2017-07-31,21140,2017-03-31,1,4978000000,0.003,,,,,229000000,-0.191,234000000,-0.202,,158000000,,5.90,,,,,,,,,,,,,,,,,,,,,,true,false,3,2016-04-01,2016-06-30,-1
2017-07-31,21140,2018-03-31,1,10000000000,0.018,,,,,450000000,0.017,500000000,-0.042,,300000000,,11.17,,,,,,,,,,,,,,,,,,,,,,true,true,6,2017-04-01,2017-09-30,0
2017-07-31,21140,2018-03-31,1,20000000000,0.034,,,,,850000000,0.370,1000000000,0.168,,620000000,,23.09,,,,,,,,,,,,,,,,,,,,,,true,true,12,2017-04-01,2018-03-31,0
2017-07-31,21140,2017-03-31,1,,,,,,,,,,,,,,,,,,,,22231000000,16006000000,0.722,,16042000000,,,,,,,,,,,,true,false,12,2016-04-01,2017-03-31,-1
2017-07-31,21140,2017-03-31,1,,,,,,,,,,,,,,,,,,,,,,,,,,,,,11.00,,,,29748200,2895754,,false,false,12,2016-04-01,2017-03-31,-1
2017-07-31,21140,2018-03-31,1,,,,,,,,,,,,,,,,,,,,,,,,,,,,,10.00,,,,,,,false,true,12,2017-04-01,2018-03-31,0
2017-07-31,21140,2018-03-31,1,,,,,,,,,,,,,,,,,,,,,,,,,,,,,,,,,29748200,2895793,26852417,false,false,3,2017-04-01,2017-06-30,0
2017-07-31,21140,2017-03-31,1,,,,,,,,,,,,,,,,,,,,,,,,,,,,,,,,,,,26852609,false,false,3,2016-04-01,2016-06-30,-1
2017-10-20,21140,2018-03-31,,9900000000,-0.010,,,,,530000000,0.178,740000000,0.480,,490000000,,18.25,,,,,,,,,,,,,,,,,,,,,,true,true,6,2017-04-01,2017-09-30,0
2017-10-20,21140,2017-03-31,,9825000000,,,,,,442000000,,522000000,,,378000000,,14.09,,,,,,,,,,,,,,,,,,,,,,true,false,6,2016-04-01,2016-09-30,-1
2017-10-31,21140,2018-03-31,2,9913000000,0.009,,,,,535000000,0.210,748000000,0.434,,495000000,,18.46,,,,,,22682000000,16400000000,0.725,,16445000000,,,,,,,,,,,,true,false,6,2017-04-01,2017-09-30,0
2017-10-31,21140,2017-03-31,2,9825000000,-0.014,,,,,442000000,-0.269,522000000,-0.107,,378000000,,14.09,,,,,,,,,,,,,,,,,,,,,,true,false,6,2016-04-01,2016-09-30,-1
2017-10-31,21140,2018-03-31,2,20000000000,0.034,,,,,850000000,0.370,1000000000,0.168,,620000000,,23.09,,,,,,,,,,,,,,,,,,,,,,true,true,12,2017-04-01,2018-03-31,0
2017-10-31,21140,2017-03-31,2,,,,,,,,,,,,,,,,,,,,22231000000,16006000000,0.722,,16042000000,,,,,,,,,,,,true,false,12,2016-04-01,2017-03-31,-1
2017-10-31,21140,2017-03-31,2,,,,,,,,,,,,,,,,,,,,,,,,,,,,,11.00,,,,29748200,2895754,,false,false,12,2016-04-01,2017-03-31,-1
2017-10-31,21140,2018-03-31,2,,,,,,,,,,,,,,,,,,,,,,,,,,,,,0.00,,,,,,,false,false,12,2017-04-01,2018-03-31,0
2017-10-31,21140,2018-03-31,2,,,,,,,,,,,,,,,,,,,,,,,,,,,,,10.00,,,,,,,false,true,12,2017-04-01,2018-03-31,0
2017-10-31,21140,2018-03-31,2,,,,,,,,,,,,,,,,,,,,,,,,,,,,,,,,,29748200,2895793,26852412,false,false,6,2017-04-01,2017-09-30,0
2017-10-31,21140,2017-03-31,2,,,,,,,,,,,,,,,,,,,,,,,,,,,,,,,,,,,26852571,false,false,6,2016-04-01,2016-09-30,-1
2018-02-06,21140,2018-03-31,3,15257000000,0.037,,,,,875000000,0.252,1146000000,0.311,,748000000,,27.88,,,,,,24058000000,17105000000,0.713,,17141000000,,,,,,,,,,,,true,false,9,2017-04-01,2017-12-31,0
2018-02-06,21140,2017-03-31,3,14717000000,-0.010,,,,,699000000,-0.216,875000000,-0.043,,621000000,,23.14,,,,,,,,,,,,,,,,,,,,,,true,false,9,2016-04-01,2016-12-31,-1
2018-02-06,21140,2018-03-31,3,20000000000,0.034,,,,,850000000,0.370,1100000000,0.284,,750000000,,27.93,,,,,,,,,,,,,,,,,,,,,,true,true,12,2017-04-01,2018-03-31,0
2018-02-06,21140,2017-03-31,3,,,,,,,,,,,,,,,,,,,,22231000000,16006000000,0.722,,16042000000,,,,,,,,,,,,true,false,12,2016-04-01,2017-03-31,-1
2018-02-06,21140,2017-03-31,3,,,,,,,,,,,,,,,,,,,,,,,,,,,,,11.00,,,,29748200,2895754,,false,false,12,2016-04-01,2017-03-31,-1
2018-02-06,21140,2018-03-31,3,,,,,,,,,,,,,,,,,,,,,,,,,,,,,0.00,,,,,,,false,false,12,2017-04-01,2018-03-31,0
2018-02-06,21140,2018-03-31,3,,,,,,,,,,,,,,,,,,,,,,,,,,,,,10.00,,,,,,,false,true,12,2017-04-01,2018-03-31,0
2018-02-06,21140,2018-03-31,3,,,,,,,,,,,,,,,,,,,,,,,,,,,,,,,,,29748200,2895794,26852410,false,false,9,2017-04-01,2017-12-31,0
2018-02-06,21140,2017-03-31,3,,,,,,,,,,,,,,,,,,,,,,,,,,,,,,,,,,,26852543,false,false,9,2016-04-01,2016-12-31,-1
,21140,2018-03-31,,,,,,,,,,,,,,,,,,,,,,,,,,,,,,11.00,,,,,,,false,true,12,2017-04-01,2018-03-31,0
,21140,2018-03-31,,,,,,,,,,,,,,,,,,,,,,,,,,,,,,0.00,,,,,,,false,false,12,2017-04-01,2018-03-31,0
,21140,2017-03-31,,,,,,,,,,,,,,,,,,,,,,,,,,,,,,11.00,,,,,,,false,false,12,2016-04-01,2017-03-31,-1
2018-04-27,21140,2018-03-31,,19846000000,0.026,,,,,929000000,0.498,1225000000,0.431,,793000000,,29.56,,0.048,0.054,0.047,,23353000000,16857000000,0.724,629.34,16899000000,1676000000,-728000000,-393000000,2643000000,,0.372,,,,,,true,false,12,2017-04-01,2018-03-31,0
2018-04-27,21140,2017-03-31,,19347000000,0.002,,,,,620000000,-0.353,856000000,-0.106,,713000000,,26.59,,0.045,0.038,0.032,,22231000000,16006000000,0.722,597.42,16042000000,-621000000,667000000,-773000000,2083000000,,0.414,,,,,,true,false,12,2016-04-01,2017-03-31,-1
2018-04-27,21140,2019-03-31,,10000000000,0.009,,,,,580000000,0.084,650000000,-0.139,,400000000,,14.90,,,,,,,,,,,,,,,,,,,,,,true,true,6,2018-04-01,2018-09-30,1
2018-04-27,21140,2019-03-31,,20500000000,0.033,,,,,1000000000,0.076,1250000000,0.020,,820000000,,30.54,,,,,,,,,,,,,,,,0.360,,,,,,true,true,12,2018-04-01,2019-03-31,1
2018-04-27,21140,2018-03-31,,13596000000,-0.007,,,,,967000000,0.184,1220000000,0.164,624000000,,0.083,23.26,,,,,,19859000000,16226000000,0.817,604.30,16226000000,,,,,11.00,,,,29748200,2895808,26852408,false,false,12,2017-04-01,2018-03-31,0
2018-04-27,21140,2017-03-31,,13688000000,0.020,,,,,817000000,-0.081,1048000000,-0.007,576000000,,-0.201,21.47,,,,,,19227000000,15511000000,0.807,577.64,15511000000,,,,,11.00,,,,29748200,2895754,26852521,false,false,12,2016-04-01,2017-03-31,-1
2018-04-27,21140,2019-03-31,,,,,,,,,,,,,,,,,,,,,,,,,,,,,,11.00,,,,,,,false,true,12,2018-04-01,2019-03-31,1
2018-07-31,21140,2019-03-31,1,5079000000,0.013,,,,,365000000,0.760,400000000,0.451,,265000000,,9.87,,,,,,23192000000,16925000000,0.732,,16969000000,,,,,,,,,,,,true,false,3,2018-04-01,2018-06-30,0
2018-07-31,21140,2018-03-31,1,5012000000,0.007,,,,,207000000,-0.095,276000000,0.177,,165000000,,6.17,,,,,,,,,,,,,,,,,,,,,,true,false,3,2017-04-01,2017-06-30,-1
2018-07-31,21140,2019-03-31,1,10000000000,0.009,,,,,580000000,0.084,650000000,-0.139,,400000000,,14.90,,,,,,,,,,,,,,,,,,,,,,true,true,6,2018-04-01,2018-09-30,0
2018-07-31,21140,2019-03-31,1,20500000000,0.033,,,,,1000000000,0.076,1250000000,0.020,,820000000,,30.54,,,,,,,,,,,,,,,,,,,,,,true,true,12,2018-04-01,2019-03-31,0
2018-07-31,21140,2018-03-31,1,,,,,,,,,,,,,,,,,,,,23290000000,16857000000,0.726,,16899000000,,,,,,,,,,,,true,false,12,2017-04-01,2018-03-31,-1
2018-07-31,21140,2018-03-31,1,,,,,,,,,,,,,,,,,,,,,,,,,,,,,11.00,,,,29748200,2895808,,false,false,12,2017-04-01,2018-03-31,-1
2018-07-31,21140,2019-03-31,1,,,,,,,,,,,,,,,,,,,,,,,,,,,,,11.00,,,,,,,false,true,12,2018-04-01,2019-03-31,0
2018-07-31,21140,2019-03-31,1,,,,,,,,,,,,,,,,,,,,,,,,,,,,,,,,,29748200,2895808,26852392,false,false,3,2018-04-01,2018-06-30,0
2018-07-31,21140,2018-03-31,1,,,,,,,,,,,,,,,,,,,,,,,,,,,,,,,,,,,26852417,false,false,3,2017-04-01,2017-06-30,-1
2018-10-19,21140,2019-03-31,,10000000000,,,,,,780000000,0.345,940000000,0.446,,-135000000,,-5.03,,,,,,,,,,,,,,,,,,,,,,true,true,6,2018-04-01,2018-09-30,0
2018-10-19,21140,2018-03-31,,9913000000,,,,,,535000000,,748000000,,,495000000,,18.46,,,,,,,,,,,,,,,,,,,,,,true,false,6,2017-04-01,2017-09-30,-1
2018-10-19,21140,2019-03-31,,20500000000,,,,,,1350000000,0.350,1600000000,0.280,,300000000,,11.17,,,,,,,,,,,,,,,,,,,,,,true,true,12,2018-04-01,2019-03-31,0
2018-10-19,21140,2018-03-31,,19846000000,,,,,,929000000,,1225000000,,,793000000,,29.56,,,,,,,,,,,,,,,,,,,,,,true,false,12,2017-04-01,2018-03-31,-1
2018-10-31,21140,2019-03-31,2,10047000000,0.014,,,,,779000000,0.456,937000000,0.252,,-136000000,,-5.07,,,,,,22397000000,16136000000,0.724,,16220000000,,,,,,,,,,,,true,false,6,2018-04-01,2018-09-30,0
2018-10-31,21140,2018-03-31,2,9913000000,0.009,,,,,535000000,0.210,748000000,0.434,,495000000,,18.46,,,,,,,,,,,,,,,,,,,,,,true,false,6,2017-04-01,2017-09-30,-1
2018-10-31,21140,2019-03-31,2,20500000000,0.033,,,,,1350000000,0.453,1600000000,0.305,,300000000,,11.17,,,,,,,,,,,,,,,,,,,,,,true,true,12,2018-04-01,2019-03-31,0
2018-10-31,21140,2018-03-31,2,,,,,,,,,,,,,,,,,,,,23290000000,16857000000,0.726,,16899000000,,,,,,,,,,,,true,false,12,2017-04-01,2018-03-31,-1
2018-10-31,21140,2018-03-31,2,,,,,,,,,,,,,,,,,,,,,,,,,,,,,11.00,,,,29748200,2895808,,false,false,12,2017-04-01,2018-03-31,-1
2018-10-31,21140,2019-03-31,2,,,,,,,,,,,,,,,,,,,,,,,,,,,,,0.00,,,,,,,false,false,12,2018-04-01,2019-03-31,0
2018-10-31,21140,2019-03-31,2,,,,,,,,,,,,,,,,,,,,,,,,,,,,,11.00,,,,,,,false,true,12,2018-04-01,2019-03-31,0
2018-10-31,21140,2019-03-31,2,,,,,,,,,,,,,,,,,,,,,,,,,,,,,,,,,29748200,2895867,26852376,false,false,6,2018-04-01,2018-09-30,0
2018-10-31,21140,2018-03-31,2,,,,,,,,,,,,,,,,,,,,,,,,,,,,,,,,,,,26852412,false,false,6,2017-04-01,2017-09-30,-1
2019-01-29,21140,2019-03-31,3,15200000000,-0.004,,,,,1245000000,0.422,1416000000,0.235,,167000000,,6.25,,,,,,22046000000,16005000000,0.730,,16092000000,,,,,,,,,,,,true,false,9,2018-04-01,2018-12-31,0
2019-01-29,21140,2018-03-31,3,15257000000,0.037,,,,,875000000,0.252,1146000000,0.311,,748000000,,27.88,,,,,,,,,,,,,,,,,,,,,,true,false,9,2017-04-01,2017-12-31,-1
2019-01-29,21140,2019-03-31,3,20500000000,0.033,,,,,1350000000,0.453,1600000000,0.305,,300000000,,11.17,,,,,,,,,,,,,,,,,,,,,,true,true,12,2018-04-01,2019-03-31,0
2019-01-29,21140,2018-03-31,3,,,,,,,,,,,,,,,,,,,,23290000000,16857000000,0.726,,16899000000,,,,,,,,,,,,true,false,12,2017-04-01,2018-03-31,-1
2019-01-29,21140,2018-03-31,3,,,,,,,,,,,,,,,,,,,,,,,,,,,,,11.00,,,,29748200,2895808,,false,false,12,2017-04-01,2018-03-31,-1
2019-01-29,21140,2019-03-31,3,,,,,,,,,,,,,,,,,,,,,,,,,,,,,0.00,,,,,,,false,false,12,2018-04-01,2019-03-31,0
2019-01-29,21140,2019-03-31,3,,,,,,,,,,,,,,,,,,,,,,,,,,,,,11.00,,,,,,,false,true,12,2018-04-01,2019-03-31,0
2019-01-29,21140,2019-03-31,3,,,,,,,,,,,,,,,,,,,,,,,,,,,,,,,,,29748200,2895956,26852347,false,false,9,2018-04-01,2018-12-31,0
2019-01-29,21140,2018-03-31,3,,,,,,,,,,,,,,,,,,,,,,,,,,,,,,,,,,,26852410,false,false,9,2017-04-01,2017-12-31,-1
2019-04-26,21140,2019-03-31,,19634000000,-0.011,,,,,1349000000,0.452,1573000000,0.284,,344000000,,12.81,,0.021,0.069,0.069,,22162000000,16209000000,0.736,607.19,16304000000,1219000000,565000000,-807000000,3673000000,,0.859,,,,,,true,false,12,2018-04-01,2019-03-31,0
2019-04-26,21140,2018-03-31,,19846000000,0.026,,,,,929000000,0.498,1225000000,0.431,,793000000,,29.56,,0.048,0.054,0.047,,23290000000,16857000000,0.726,629.34,16899000000,1676000000,-728000000,-393000000,2643000000,,0.372,,,,,,true,false,12,2017-04-01,2018-03-31,-1
2019-04-26,21140,2020-03-31,,10500000000,0.045,,,,,700000000,-0.102,750000000,-0.200,,500000000,,18.62,,,,,,,,,,,,,,,,,,,,,,true,true,6,2019-04-01,2019-09-30,1
2019-04-26,21140,2020-03-31,,20500000000,0.044,,,,,1300000000,-0.036,1400000000,-0.110,,950000000,,35.38,,,,,,,,,,,,,,,,0.311,,,,,,true,true,12,2019-04-01,2020-03-31,1
2019-04-26,21140,2019-03-31,,12883000000,-0.052,,,,,1289000000,0.333,1519000000,0.246,-460000000,,,-17.16,,,,,,18680000000,14942000000,0.800,556.46,14942000000,,,,,11.00,,,,29748200,2895956,26852323,false,false,12,2018-04-01,2019-03-31,0
2019-04-26,21140,2018-03-31,,13596000000,-0.007,,,,,967000000,0.184,1220000000,0.164,624000000,,0.083,23.26,,,,,,19830000000,16226000000,0.818,604.30,16226000000,,,,,11.00,,,,29748200,2895808,26852408,false,false,12,2017-04-01,2018-03-31,-1
2019-04-26,21140,2020-03-31,,6500000000,-0.011,,,,,,,700000000,-0.232,450000000,,,16.76,,,,,,,,,,,,,,,,,,,,,,false,true,6,2019-04-01,2019-09-30,1
2019-04-26,21140,2020-03-31,,13000000000,0.009,,,,,,,1100000000,-0.276,800000000,,,29.79,,,,,,,,,,,,,,,11.00,,,,,,,false,true,12,2019-04-01,2020-03-31,1
2019-07-31,21140,2020-03-31,1,4968000000,-0.022,,,,,391000000,0.071,452000000,0.129,,313000000,,11.69,,,,,,21379000000,15908000000,0.749,,16017000000,,,,,,,,,,,,true,false,3,2019-04-01,2019-06-30,0
2019-07-31,21140,2019-03-31,1,5079000000,0.013,,,,,365000000,0.760,400000000,0.451,,265000000,,9.87,,,,,,,,,,,,,,,,,,,,,,true,false,3,2018-04-01,2018-06-30,-1
2019-07-31,21140,2020-03-31,1,10500000000,0.045,,,,,700000000,-0.102,750000000,-0.200,,500000000,,18.62,,,,,,,,,,,,,,,,,,,,,,true,true,6,2019-04-01,2019-09-30,0
2019-07-31,21140,2020-03-31,1,20500000000,0.044,,,,,1300000000,-0.036,1400000000,-0.110,,950000000,,35.38,,,,,,,,,,,,,,,,,,,,,,true,true,12,2019-04-01,2020-03-31,0
2019-07-31,21140,2019-03-31,1,,,,,,,,,,,,,,,,,,,,22162000000,16209000000,0.736,,16304000000,,,,,,,,,,,,true,false,12,2018-04-01,2019-03-31,-1
2019-07-31,21140,2019-03-31,1,,,,,,,,,,,,,,,,,,,,,,,,,,,,,11.00,,,,29748200,2895956,,false,false,12,2018-04-01,2019-03-31,-1
2019-07-31,21140,2020-03-31,1,,,,,,,,,,,,,,,,,,,,,,,,,,,,,11.00,,,,,,,false,true,12,2019-04-01,2020-03-31,0
2019-07-31,21140,2020-03-31,1,,,,,,,,,,,,,,,,,,,,,,,,,,,,,,,,,29748200,2895956,26852244,false,false,3,2019-04-01,2019-06-30,0
2019-07-31,21140,2019-03-31,1,,,,,,,,,,,,,,,,,,,,,,,,,,,,,,,,,,,26852392,false,false,3,2018-04-01,2018-06-30,-1
2019-10-25,21140,2020-03-31,,9660000000,-0.080,,,,,870000000,0.243,1020000000,0.360,,730000000,,27.19,,,,,,,,,,,,,,,,,,,,,,true,true,6,2019-04-01,2019-09-30,0
2019-10-25,21140,2019-03-31,,10047000000,,,,,,779000000,,937000000,,,-136000000,,-5.07,,,,,,,,,,,,,,,,,,,,,,true,false,6,2018-04-01,2018-09-30,-1
2019-10-31,21140,2020-03-31,2,9660000000,-0.039,,,,,874000000,0.122,1026000000,0.095,,736000000,,27.41,,,,,,21604000000,16367000000,0.763,,16480000000,,,,,,,,,,,,true,false,6,2019-04-01,2019-09-30,0
2019-10-31,21140,2019-03-31,2,10047000000,0.014,,,,,779000000,0.456,937000000,0.252,,-136000000,,-5.07,,,,,,,,,,,,,,,,,,,,,,true,false,6,2018-04-01,2018-09-30,-1
2019-10-31,21140,2020-03-31,2,20500000000,0.044,,,,,1300000000,-0.036,1400000000,-0.110,,950000000,,35.38,,,,,,,,,,,,,,,,,,,,,,true,true,12,2019-04-01,2020-03-31,0
2019-10-31,21140,2019-03-31,2,,,,,,,,,,,,,,,,,,,,22162000000,16209000000,0.736,,16304000000,,,,,,,,,,,,true,false,12,2018-04-01,2019-03-31,-1
2019-10-31,21140,2019-03-31,2,,,,,,,,,,,,,,,,,,,,,,,,,,,,,11.00,,,,29748200,2895956,,false,false,12,2018-04-01,2019-03-31,-1
2019-10-31,21140,2020-03-31,2,,,,,,,,,,,,,,,,,,,,,,,,,,,,,0.00,,,,,,,false,false,12,2019-04-01,2020-03-31,0
2019-10-31,21140,2020-03-31,2,,,,,,,,,,,,,,,,,,,,,,,,,,,,,11.00,,,,,,,false,true,12,2019-04-01,2020-03-31,0
2019-10-31,21140,2020-03-31,2,,,,,,,,,,,,,,,,,,,,,,,,,,,,,,,,,29748200,2895956,26852244,false,false,6,2019-04-01,2019-09-30,0
2019-10-31,21140,2019-03-31,2,,,,,,,,,,,,,,,,,,,,,,,,,,,,,,,,,,,26852376,false,false,6,2018-04-01,2018-09-30,-1
2020-01-31,21140,2020-03-31,3,14497000000,-0.046,,,,,1343000000,0.079,1585000000,0.119,,1123000000,,41.82,,,,,,21993000000,16838000000,0.771,,16956000000,,,,,,,,,,,,true,false,9,2019-04-01,2019-12-31,0
2020-01-31,21140,2019-03-31,3,15200000000,-0.004,,,,,1245000000,0.422,1416000000,0.235,,167000000,,6.25,,,,,,,,,,,,,,,,,,,,,,true,false,9,2018-04-01,2018-12-31,-1
2020-01-31,21140,2020-03-31,3,20500000000,0.044,,,,,1300000000,-0.036,1400000000,-0.110,,950000000,,35.38,,,,,,,,,,,,,,,,,,,,,,true,true,12,2019-04-01,2020-03-31,0
2020-01-31,21140,2019-03-31,3,,,,,,,,,,,,,,,,,,,,22162000000,16209000000,0.736,,16304000000,,,,,,,,,,,,true,false,12,2018-04-01,2019-03-31,-1
2020-01-31,21140,2019-03-31,3,,,,,,,,,,,,,,,,,,,,,,,,,,,,,11.00,,,,29748200,2895956,,false,false,12,2018-04-01,2019-03-31,-1
2020-01-31,21140,2020-03-31,3,,,,,,,,,,,,,,,,,,,,,,,,,,,,,0.00,,,,,,,false,false,12,2019-04-01,2020-03-31,0
2020-01-31,21140,2020-03-31,3,,,,,,,,,,,,,,,,,,,,,,,,,,,,,11.00,,,,,,,false,true,12,2019-04-01,2020-03-31,0
2020-01-31,21140,2020-03-31,3,,,,,,,,,,,,,,,,,,,,,,,,,,,,,,,,,29748200,2895956,26852244,false,false,9,2019-04-01,2019-12-31,0
2020-01-31,21140,2019-03-31,3,,,,,,,,,,,,,,,,,,,,,,,,,,,,,,,,,,,26852347,false,false,9,2018-04-01,2018-12-31,-1
2020-05-20,21140,2020-03-31,,18958000000,-0.034,,,,,1491000000,0.105,1644000000,0.045,,1197000000,,44.58,,0.072,0.075,0.079,,21490000000,16853000000,0.789,631.77,16964000000,749000000,-901000000,-576000000,2938000000,,0.247,,,,,,true,false,12,2019-04-01,2020-03-31,0
2020-05-20,21140,2019-03-31,,19634000000,-0.011,,,,,1349000000,0.452,1573000000,0.284,,344000000,,12.81,,0.021,0.069,0.069,,22162000000,16209000000,0.736,607.19,16304000000,1219000000,565000000,-807000000,3673000000,,0.859,,,,,,true,false,12,2018-04-01,2019-03-31,-1
2020-05-20,21140,2021-03-31,,19000000000,0.002,,,,,1150000000,-0.229,1300000000,-0.210,,900000000,,33.52,,,,,,,,,,,,,,,,0.328,,,,,,true,true,12,2020-04-01,2021-03-31,1
2020-05-20,21140,2020-03-31,,12647000000,-0.018,,,,,1225000000,-0.050,1475000000,-0.029,1093000000,,,40.71,,,,,,18387000000,15538000000,0.845,578.67,15538000000,,,,,11.00,,,,29748200,2896020,26852234,false,false,12,2019-04-01,2020-03-31,0
2020-05-20,21140,2019-03-31,,12883000000,-0.052,,,,,1289000000,0.333,1519000000,0.246,-460000000,,,-17.16,,,,,,18725000000,14942000000,0.798,556.46,14942000000,,,,,11.00,,,,29748200,2895956,26852323,false,false,12,2018-04-01,2019-03-31,-1
2020-05-20,21140,2021-03-31,,,,,,,,,,,,,,,,,,,,,,,,,,,,,,11.00,,,,,,,false,true,12,2020-04-01,2021-03-31,1
2020-07-31,21140,2021-03-31,1,4449000000,-0.105,,,,,306000000,-0.216,412000000,-0.088,,279000000,,10.42,,,,,,22091000000,16921000000,0.771,,17037000000,,,,,,,,,,,,true,false,3,2020-04-01,2020-06-30,0
2020-07-31,21140,2020-03-31,1,4968000000,-0.022,,,,,391000000,0.071,452000000,0.129,,313000000,,11.69,,,,,,,,,,,,,,,,,,,,,,true,false,3,2019-04-01,2019-06-30,-1
2020-07-31,21140,2021-03-31,1,19000000000,0.002,,,,,1150000000,-0.229,1300000000,-0.210,,900000000,,33.52,,,,,,,,,,,,,,,,,,,,,,true,true,12,2020-04-01,2021-03-31,0
2020-07-31,21140,2020-03-31,1,,,,,,,,,,,,,,,,,,,,21490000000,16853000000,0.789,,16964000000,,,,,,,,,,,,true,false,12,2019-04-01,2020-03-31,-1
2020-07-31,21140,2020-03-31,1,,,,,,,,,,,,,,,,,,,,,,,,,,,,,11.00,,,,29748200,2896020,,false,false,12,2019-04-01,2020-03-31,-1
2020-07-31,21140,2021-03-31,1,,,,,,,,,,,,,,,,,,,,,,,,,,,,,11.00,,,,,,,false,true,12,2020-04-01,2021-03-31,0
2020-07-31,21140,2021-03-31,1,,,,,,,,,,,,,,,,,,,,,,,,,,,,,,,,,29748200,2896020,26852180,false,false,3,2020-04-01,2020-06-30,0
2020-07-31,21140,2020-03-31,1,,,,,,,,,,,,,,,,,,,,,,,,,,,,,,,,,,,26852244,false,false,3,2019-04-01,2019-06-30,-1
2020-10-30,21140,2021-03-31,2,9160000000,-0.052,,,,,698000000,-0.201,836000000,-0.185,,583000000,,21.72,,,,,,22638000000,17481000000,0.777,,17593000000,,,,,,,,,,,,true,false,6,2020-04-01,2020-09-30,0
2020-10-30,21140,2020-03-31,2,9660000000,-0.039,,,,,874000000,0.122,1026000000,0.095,,736000000,,27.41,,,,,,,,,,,,,,,,,,,,,,true,false,6,2019-04-01,2019-09-30,-1
2020-10-30,21140,2021-03-31,2,19000000000,0.002,,,,,1150000000,-0.229,1300000000,-0.210,,900000000,,33.52,,,,,,,,,,,,,,,,,,,,,,true,true,12,2020-04-01,2021-03-31,0
2020-10-30,21140,2020-03-31,2,,,,,,,,,,,,,,,,,,,,21490000000,16853000000,0.789,,16964000000,,,,,,,,,,,,true,false,12,2019-04-01,2020-03-31,-1
2020-10-30,21140,2020-03-31,2,,,,,,,,,,,,,,,,,,,,,,,,,,,,,11.00,,,,29748200,2896020,,false,false,12,2019-04-01,2020-03-31,-1
2020-10-30,21140,2021-03-31,2,,,,,,,,,,,,,,,,,,,,,,,,,,,,,0.00,,,,,,,false,false,12,2020-04-01,2021-03-31,0
2020-10-30,21140,2021-03-31,2,,,,,,,,,,,,,,,,,,,,,,,,,,,,,11.00,,,,,,,false,true,12,2020-04-01,2021-03-31,0
2020-10-30,21140,2021-03-31,2,,,,,,,,,,,,,,,,,,,,,,,,,,,,,,,,,29748200,2896020,26852180,false,false,6,2020-04-01,2020-09-30,0
2020-10-30,21140,2020-03-31,2,,,,,,,,,,,,,,,,,,,,,,,,,,,,,,,,,,,26852244,false,false,6,2019-04-01,2019-09-30,-1
2021-01-29,21140,2021-03-31,3,14264000000,-0.016,,,,,1231000000,-0.084,1472000000,-0.071,,979000000,,36.49,,,,,,22773000000,17733000000,0.784,,17849000000,,,,,,,,,,,,true,false,9,2020-04-01,2020-12-31,0
2021-01-29,21140,2020-03-31,3,14497000000,-0.046,,,,,1343000000,0.079,1585000000,0.119,,1123000000,,41.82,,,,,,,,,,,,,,,,,,,,,,true,false,9,2019-04-01,2019-12-31,-1
2021-01-29,21140,2021-03-31,3,19000000000,0.002,,,,,1150000000,-0.229,1300000000,-0.210,,900000000,,33.52,,,,,,,,,,,,,,,,,,,,,,true,true,12,2020-04-01,2021-03-31,0
2021-01-29,21140,2020-03-31,3,,,,,,,,,,,,,,,,,,,,21490000000,16853000000,0.789,,16964000000,,,,,,,,,,,,true,false,12,2019-04-01,2020-03-31,-1
2021-01-29,21140,2020-03-31,3,,,,,,,,,,,,,,,,,,,,,,,,,,,,,11.00,,,,29748200,2896020,,false,false,12,2019-04-01,2020-03-31,-1
2021-01-29,21140,2021-03-31,3,,,,,,,,,,,,,,,,,,,,,,,,,,,,,0.00,,,,,,,false,false,12,2020-04-01,2021-03-31,0
2021-01-29,21140,2021-03-31,3,,,,,,,,,,,,,,,,,,,,,,,,,,,,,11.00,,,,,,,false,true,12,2020-04-01,2021-03-31,0
2021-01-29,21140,2021-03-31,3,,,,,,,,,,,,,,,,,,,,,,,,,,,,,,,,,29748200,2896070,26852170,false,false,9,2020-04-01,2020-12-31,0
2021-01-29,21140,2020-03-31,3,,,,,,,,,,,,,,,,,,,,,,,,,,,,,,,,,,,26852244,false,false,9,2019-04-01,2019-12-31,-1
2021-04-26,21140,2021-03-31,,18992000000,-0.000,,,,,1436000000,0.249,1771000000,0.362,,1198000000,,44.61,,,,,,,,,,,,,,,,,,,,,,true,true,12,2020-04-01,2021-03-31,0
2021-04-26,21140,2020-03-31,,18958000000,,,,,,1491000000,,1644000000,,,1197000000,,44.58,,,,,,,,,,,,,,,,,,,,,,true,false,12,2019-04-01,2020-03-31,-1
2021-04-30,21140,2021-03-31,,18992000000,0.002,,,,,1436000000,-0.037,1771000000,0.077,,1198000000,,44.63,,0.068,0.079,0.076,,23475000000,18246000000,0.782,684.04,18367000000,1837000000,-478000000,-345000000,3967000000,,0.246,,,,,,true,false,12,2020-04-01,2021-03-31,0
2021-04-30,21140,2020-03-31,,18958000000,-0.034,,,,,1491000000,0.105,1644000000,0.045,,1197000000,,44.58,,0.072,0.075,0.079,,21490000000,16853000000,0.789,631.77,16964000000,749000000,-901000000,-576000000,2938000000,,0.247,,,,,,true,false,12,2019-04-01,2020-03-31,-1
2021-04-30,21140,2022-03-31,,19400000000,0.021,,,,,1300000000,-0.095,1500000000,-0.153,,1000000000,,37.24,,,,,,,,,,,,,,,,0.295,,,,,,true,true,12,2021-04-01,2022-03-31,1
2021-04-30,21140,2021-03-31,,12716000000,0.005,,,,,1170000000,-0.045,1502000000,0.018,1004000000,,-0.081,37.42,,,,,,19926000000,16777000000,0.842,624.81,16777000000,,,,,11.00,,,,29748200,2896189,26852143,false,false,12,2020-04-01,2021-03-31,0
2021-04-30,21140,2020-03-31,,12647000000,-0.018,,,,,1225000000,-0.050,1475000000,-0.029,1093000000,,,40.71,,,,,,18387000000,15538000000,0.845,578.67,15538000000,,,,,11.00,,,,29748200,2896020,26852234,false,false,12,2019-04-01,2020-03-31,-1
2021-04-30,21140,2022-03-31,,,,,,,,,,,,,,,,,,,,,,,,,,,,,,11.00,,,,,,,false,true,12,2021-04-01,2022-03-31,1
2021-07-30,21140,2022-03-31,1,4825000000,0.084,,,,,314000000,0.024,348000000,-0.155,,350000000,,13.05,,,,,,23036000000,18443000000,0.799,,18415000000,,,,,,,,,,,,true,false,3,2021-04-01,2021-06-30,0
2021-07-30,21140,2021-03-31,1,4449000000,-0.105,,,,,306000000,-0.216,412000000,-0.088,,279000000,,10.42,,,,,,,,,,,,,,,,,,,,,,true,false,3,2020-04-01,2020-06-30,-1
2021-07-30,21140,2022-03-31,1,19400000000,0.021,,,,,1300000000,-0.095,1500000000,-0.153,,1000000000,,37.24,,,,,,,,,,,,,,,,,,,,,,true,true,12,2021-04-01,2022-03-31,0
2021-07-30,21140,2021-03-31,1,,,,,,,,,,,,,,,,,,,,23475000000,18246000000,0.782,,18367000000,,,,,,,,,,,,true,false,12,2020-04-01,2021-03-31,-1
2021-07-30,21140,2021-03-31,1,,,,,,,,,,,,,,,,,,,,,,,,,,,,,11.00,,,,29748200,2896189,,false,false,12,2020-04-01,2021-03-31,-1
2021-07-30,21140,2022-03-31,1,,,,,,,,,,,,,,,,,,,,,,,,,,,,,11.00,,,,,,,false,true,12,2021-04-01,2022-03-31,0
2021-07-30,21140,2022-03-31,1,,,,,,,,,,,,,,,,,,,,,,,,,,,,,,,,,29748200,2896283,26851941,false,false,3,2021-04-01,2021-06-30,0
2021-07-30,21140,2021-03-31,1,,,,,,,,,,,,,,,,,,,,,,,,,,,,,,,,,,,26852180,false,false,3,2020-04-01,2020-06-30,-1
2021-10-29,21140,2022-03-31,2,9927000000,0.084,,,,,746000000,0.070,854000000,0.022,,750000000,,27.95,,,,,,23697000000,19043000000,0.802,,19015000000,,,,,,,,,,,,true,false,6,2021-04-01,2021-09-30,0
2021-10-29,21140,2021-03-31,2,9160000000,-0.052,,,,,698000000,-0.201,836000000,-0.185,,583000000,,21.72,,,,,,,,,,,,,,,,,,,,,,true,false,6,2020-04-01,2020-09-30,-1
2021-10-29,21140,2022-03-31,2,19400000000,0.021,,,,,1300000000,-0.095,1500000000,-0.153,,1000000000,,37.24,,,,,,,,,,,,,,,,,,,,,,true,true,12,2021-04-01,2022-03-31,0
2021-10-29,21140,2021-03-31,2,,,,,,,,,,,,,,,,,,,,23475000000,18246000000,0.782,,18367000000,,,,,,,,,,,,true,false,12,2020-04-01,2021-03-31,-1
2021-10-29,21140,2021-03-31,2,,,,,,,,,,,,,,,,,,,,,,,,,,,,,11.00,,,,29748200,2896189,,false,false,12,2020-04-01,2021-03-31,-1
2021-10-29,21140,2022-03-31,2,,,,,,,,,,,,,,,,,,,,,,,,,,,,,0.00,,,,,,,false,false,12,2021-04-01,2022-03-31,0
2021-10-29,21140,2022-03-31,2,,,,,,,,,,,,,,,,,,,,,,,,,,,,,11.00,,,,,,,false,true,12,2021-04-01,2022-03-31,0
2021-10-29,21140,2022-03-31,2,,,,,,,,,,,,,,,,,,,,,,,,,,,,,,,,,29748200,2896419,26851902,false,false,6,2021-04-01,2021-09-30,0
2021-10-29,21140,2021-03-31,2,,,,,,,,,,,,,,,,,,,,,,,,,,,,,,,,,,,26852180,false,false,6,2020-04-01,2020-09-30,-1
2021-10-29,21140,2022-03-31,2,9927000000,0.084,,,,,746000000,0.070,854000000,0.022,,750000000,,27.95,,,,,,23697000000,19043000000,0.802,,19015000000,,,,,,,,,,,,true,false,6,2021-04-01,2021-09-30,0
2021-10-29,21140,2021-03-31,2,9160000000,-0.052,,,,,698000000,-0.201,836000000,-0.185,,583000000,,21.72,,,,,,,,,,,,,,,,,,,,,,true,false,6,2020-04-01,2020-09-30,-1
2021-10-29,21140,2022-03-31,2,19400000000,0.021,,,,,1300000000,-0.095,1500000000,-0.153,,1000000000,,37.24,,,,,,,,,,,,,,,,,,,,,,true,true,12,2021-04-01,2022-03-31,0
2021-10-29,21140,2021-03-31,2,,,,,,,,,,,,,,,,,,,,23475000000,18246000000,0.782,,18367000000,,,,,,,,,,,,true,false,12,2020-04-01,2021-03-31,-1
2021-10-29,21140,2021-03-31,2,,,,,,,,,,,,,,,,,,,,,,,,,,,,,11.00,,,,29748200,2896189,,false,false,12,2020-04-01,2021-03-31,-1
2021-10-29,21140,2022-03-31,2,,,,,,,,,,,,,,,,,,,,,,,,,,,,,0.00,,,,,,,false,false,12,2021-04-01,2022-03-31,0
2021-10-29,21140,2022-03-31,2,,,,,,,,,,,,,,,,,,,,,,,,,,,,,11.00,,,,,,,false,true,12,2021-04-01,2022-03-31,0
2021-10-29,21140,2022-03-31,2,,,,,,,,,,,,,,,,,,,,,,,,,,,,,,,,,29748200,2896419,26851902,false,false,6,2021-04-01,2021-09-30,0
2021-10-29,21140,2021-03-31,2,,,,,,,,,,,,,,,,,,,,,,,,,,,,,,,,,,,26852180,false,false,6,2020-04-01,2020-09-30,-1
2022-01-31,21140,2022-03-31,3,15411000000,0.080,,,,,1366000000,0.110,1583000000,0.075,,1352000000,,50.35,,,,,,24698000000,19474000000,0.790,,19512000000,,,,,,,,,,,,true,false,9,2021-04-01,2021-12-31,0
2022-01-31,21140,2021-03-31,3,14264000000,-0.016,,,,,1231000000,-0.084,1472000000,-0.071,,979000000,,36.49,,,,,,,,,,,,,,,,,,,,,,true,false,9,2020-04-01,2020-12-31,-1
2022-01-31,21140,2022-03-31,3,20000000000,0.053,,,,,1450000000,0.009,1680000000,-0.052,,1450000000,,54.00,,,,,,,,,,,,,,,,,,,,,,true,true,12,2021-04-01,2022-03-31,0
2022-01-31,21140,2021-03-31,3,,,,,,,,,,,,,,,,,,,,23475000000,18246000000,0.782,,18367000000,,,,,,,,,,,,true,false,12,2020-04-01,2021-03-31,-1
2022-01-31,21140,2021-03-31,3,,,,,,,,,,,,,,,,,,,,,,,,,,,,,11.00,,,,29748200,2896189,,false,false,12,2020-04-01,2021-03-31,-1
2022-01-31,21140,2022-03-31,3,,,,,,,,,,,,,,,,,,,,,,,,,,,,,0.00,,,,,,,false,false,12,2021-04-01,2022-03-31,0
2022-01-31,21140,2022-03-31,3,,,,,,,,,,,,,,,,,,,,,,,,,,,,,13.00,,,,,,,false,true,12,2021-04-01,2022-03-31,0
2022-01-31,21140,2022-03-31,3,,,,,,,,,,,,,,,,,,,,,,,,,,,,,,,,,29748200,2896419,26851865,false,false,9,2021-04-01,2021-12-31,0
2022-01-31,21140,2021-03-31,3,,,,,,,,,,,,,,,,,,,,,,,,,,,,,,,,,,,26852170,false,false,9,2020-04-01,2020-12-31,-1
2022-04-28,21140,2022-03-31,,20096000000,0.058,,,,,1604000000,0.117,1917000000,0.083,,1614000000,,60.11,,0.085,0.080,0.080,,24745000000,19712000000,0.798,735.73,19755000000,555000000,-476000000,-275000000,3801000000,,0.216,,,,,,true,false,12,2021-04-01,2022-03-31,0
2022-04-28,21140,2021-03-31,,18992000000,0.002,,,,,1436000000,-0.037,1771000000,0.077,,1198000000,,44.63,,0.068,0.079,0.076,,23475000000,18246000000,0.782,684.04,18367000000,1837000000,-478000000,-345000000,3967000000,,0.246,,,,,,true,false,12,2020-04-01,2021-03-31,-1
2022-04-28,21140,2023-03-31,,21100000000,0.050,,,,,1350000000,-0.159,1550000000,-0.192,,1150000000,,42.83,,,,,,,,,,,,,,,,0.327,,,,,,true,true,12,2022-04-01,2023-03-31,1
2022-04-28,21140,2022-03-31,,13263000000,0.043,,,,,962000000,-0.177,1634000000,0.088,1473000000,,0.466,54.87,,,,,,20725000000,17981000000,0.868,669.66,17981000000,,,,,13.00,,,,29748200,2896344,26851857,false,false,12,2021-04-01,2022-03-31,0
2022-04-28,21140,2021-03-31,,12716000000,0.005,,,,,1170000000,-0.045,1502000000,0.018,1004000000,,-0.081,37.42,,,,,,19926000000,16777000000,0.842,624.81,16777000000,,,,,11.00,,,,29748200,2896189,26852143,false,false,12,2020-04-01,2021-03-31,-1
2022-04-28,21140,2023-03-31,,,,,,,,,,,,,,,,,,,,,,,,,,,,,,14.00,,,,,,,false,true,12,2022-04-01,2023-03-31,1
2022-07-29,21140,2023-03-31,1,5336000000,0.106,,,,,475000000,0.513,608000000,0.744,,480000000,,17.91,,,,,,25936000000,19908000000,0.769,,19951000000,,,,,,,,,,,,true,false,3,2022-04-01,2022-06-30,0
2022-07-29,21140,2022-03-31,1,4825000000,0.084,,,,,314000000,0.024,348000000,-0.155,,350000000,,13.05,,,,,,,,,,,,,,,,,,,,,,true,false,3,2021-04-01,2021-06-30,-1
2022-07-29,21140,2023-03-31,1,21100000000,0.050,,,,,1350000000,-0.159,1550000000,-0.192,,1150000000,,42.83,,,,,,,,,,,,,,,,,,,,,,true,true,12,2022-04-01,2023-03-31,0
2022-07-29,21140,2022-03-31,1,,,,,,,,,,,,,,,,,,,,24745000000,19712000000,0.798,,19755000000,,,,,,,,,,,,true,false,12,2021-04-01,2022-03-31,-1
2022-07-29,21140,2022-03-31,1,,,,,,,,,,,,,,,,,,,,,,,,,,,,,13.00,,,,29748200,2896344,,false,false,12,2021-04-01,2022-03-31,-1
2022-07-29,21140,2023-03-31,1,,,,,,,,,,,,,,,,,,,,,,,,,,,,,14.00,,,,,,,false,true,12,2022-04-01,2023-03-31,0
2022-07-29,21140,2023-03-31,1,,,,,,,,,,,,,,,,,,,,,,,,,,,,,,,,,29748200,2896344,26851856,false,false,3,2022-04-01,2022-06-30,0
2022-07-29,21140,2022-03-31,1,,,,,,,,,,,,,,,,,,,,,,,,,,,,,,,,,,,26851941,false,false,3,2021-04-01,2021-06-30,-1
2022-10-31,21140,2023-03-31,2,11105000000,0.119,,,,,993000000,0.330,1194000000,0.397,,962000000,,35.85,,,,,,25925000000,20558000000,0.792,,20524000000,,,,,,,,,,,,true,false,6,2022-04-01,2022-09-30,0
2022-10-31,21140,2022-03-31,2,9927000000,0.084,,,,,746000000,0.070,854000000,0.022,,750000000,,27.95,,,,,,,,,,,,,,,,,,,,,,true,false,6,2021-04-01,2021-09-30,-1
2022-10-31,21140,2023-03-31,2,21100000000,0.050,,,,,1350000000,-0.159,1550000000,-0.192,,1150000000,,42.83,,,,,,,,,,,,,,,,,,,,,,true,true,12,2022-04-01,2023-03-31,0
2022-10-31,21140,2022-03-31,2,,,,,,,,,,,,,,,,,,,,24745000000,19712000000,0.798,,19755000000,,,,,,,,,,,,true,false,12,2021-04-01,2022-03-31,-1
2022-10-31,21140,2022-03-31,2,,,,,,,,,,,,,,,,,,,,,,,,,,,,,13.00,,,,29748200,2896344,,false,false,12,2021-04-01,2022-03-31,-1
2022-10-31,21140,2023-03-31,2,,,,,,,,,,,,,,,,,,,,,,,,,,,,,0.00,,,,,,,false,false,12,2022-04-01,2023-03-31,0
2022-10-31,21140,2023-03-31,2,,,,,,,,,,,,,,,,,,,,,,,,,,,,,14.00,,,,,,,false,true,12,2022-04-01,2023-03-31,0
2022-10-31,21140,2023-03-31,2,,,,,,,,,,,,,,,,,,,,,,,,,,,,,,,,,29748200,2896344,26851856,false,false,6,2022-04-01,2022-09-30,0
2022-10-31,21140,2022-03-31,2,,,,,,,,,,,,,,,,,,,,,,,,,,,,,,,,,,,26851902,false,false,6,2021-04-01,2021-09-30,-1
2022-10-31,21140,2023-03-31,2,11105000000,0.119,,,,,993000000,0.330,1194000000,0.397,,962000000,,35.85,,,,,,25945000000,20572000000,0.792,,20538000000,,,,,,,,,,,,true,false,6,2022-04-01,2022-09-30,0
2022-10-31,21140,2022-03-31,2,9927000000,0.084,,,,,746000000,0.070,854000000,0.022,,750000000,,27.95,,,,,,,,,,,,,,,,,,,,,,true,false,6,2021-04-01,2021-09-30,-1
2022-10-31,21140,2023-03-31,2,21100000000,0.050,,,,,1350000000,-0.159,1550000000,-0.192,,1150000000,,42.83,,,,,,,,,,,,,,,,,,,,,,true,true,12,2022-04-01,2023-03-31,0
2022-10-31,21140,2022-03-31,2,,,,,,,,,,,,,,,,,,,,24745000000,19712000000,0.798,,19755000000,,,,,,,,,,,,true,false,12,2021-04-01,2022-03-31,-1
2022-10-31,21140,2022-03-31,2,,,,,,,,,,,,,,,,,,,,,,,,,,,,,13.00,,,,29748200,2896344,,false,false,12,2021-04-01,2022-03-31,-1
2022-10-31,21140,2023-03-31,2,,,,,,,,,,,,,,,,,,,,,,,,,,,,,0.00,,,,,,,false,false,12,2022-04-01,2023-03-31,0
2022-10-31,21140,2023-03-31,2,,,,,,,,,,,,,,,,,,,,,,,,,,,,,14.00,,,,,,,false,true,12,2022-04-01,2023-03-31,0
2022-10-31,21140,2023-03-31,2,,,,,,,,,,,,,,,,,,,,,,,,,,,,,,,,,29748200,2896344,26851856,false,false,6,2022-04-01,2022-09-30,0
2022-10-31,21140,2022-03-31,2,,,,,,,,,,,,,,,,,,,,,,,,,,,,,,,,,,,26851902,false,false,6,2021-04-01,2021-09-30,-1
2023-01-31,21140,2023-03-31,3,17180000000,0.115,,,,,1597000000,0.169,1879000000,0.187,,1490000000,,55.51,,,,,,27832000000,21194000000,0.759,,21122000000,,,,,,,,,,,,true,false,9,2022-04-01,2022-12-31,0
2023-01-31,21140,2022-03-31,3,15411000000,0.080,,,,,1366000000,0.110,1583000000,0.075,,1352000000,,50.35,,,,,,,,,,,,,,,,,,,,,,true,false,9,2021-04-01,2021-12-31,-1
2023-01-31,21140,2023-03-31,3,22000000000,0.095,,,,,1800000000,0.122,2100000000,0.095,,1650000000,,61.45,,,,,,,,,,,,,,,,,,,,,,true,true,12,2022-04-01,2023-03-31,0
2023-01-31,21140,2022-03-31,3,,,,,,,,,,,,,,,,,,,,24745000000,19712000000,0.798,,19755000000,,,,,,,,,,,,true,false,12,2021-04-01,2022-03-31,-1
2023-01-31,21140,2022-03-31,3,,,,,,,,,,,,,,,,,,,,,,,,,,,,,13.00,,,,29748200,2896344,,false,false,12,2021-04-01,2022-03-31,-1
2023-01-31,21140,2023-03-31,3,,,,,,,,,,,,,,,,,,,,,,,,,,,,,0.00,,,,,,,false,false,12,2022-04-01,2023-03-31,0
2023-01-31,21140,2023-03-31,3,,,,,,,,,,,,,,,,,,,,,,,,,,,,,17.00,,,,,,,false,true,12,2022-04-01,2023-03-31,0
2023-01-31,21140,2023-03-31,3,,,,,,,,,,,,,,,,,,,,,,,,,,,,,,,,,29748200,2896344,26851856,false,false,9,2022-04-01,2022-12-31,0
2023-01-31,21140,2022-03-31,3,,,,,,,,,,,,,,,,,,,,,,,,,,,,,,,,,,,26851865,false,false,9,2021-04-01,2021-12-31,-1
2023-04-28,21140,2023-03-31,,22677000000,0.128,,,,,1814000000,0.131,2124000000,0.107,,1672000000,,62.30,,0.081,0.080,0.080,,28256000000,21514000000,0.759,798.84,21450000000,579000000,-169000000,633000000,4875000000,,0.273,,,,,,true,false,12,2022-04-01,2023-03-31,0
2023-04-28,21140,2022-03-31,,20096000000,0.058,,,,,1604000000,0.117,1917000000,0.083,,1614000000,,60.11,,0.085,0.080,0.080,,24745000000,19712000000,0.798,735.73,19755000000,555000000,-476000000,-275000000,3801000000,,0.216,,,,,,true,false,12,2021-04-01,2022-03-31,-1
2023-04-28,21140,2024-03-31,,25200000000,0.111,,,,,1750000000,-0.035,1950000000,-0.082,,1450000000,,54.00,,,,,,,,,,,,,,,,0.315,,,,,,true,true,12,2023-04-01,2024-03-31,1
2023-04-28,21140,2023-03-31,,14340000000,0.081,,,,,841000000,-0.126,1604000000,-0.019,1271000000,,-0.137,47.35,,,,,,22473000000,19306000000,0.859,718.99,19306000000,,,,,17.00,,,,29748200,2896344,26851856,false,false,12,2022-04-01,2023-03-31,0
2023-04-28,21140,2022-03-31,,13263000000,0.043,,,,,962000000,-0.177,1634000000,0.088,1473000000,,0.466,54.87,,,,,,20823000000,17981000000,0.864,669.65,17981000000,,,,,13.00,,,,29748200,2896344,26851857,false,false,12,2021-04-01,2022-03-31,-1
2023-04-28,21140,2024-03-31,,,,,,,,,,,,,,,,,,,,,,,,,,,,,,17.00,,,,,,,false,true,12,2023-04-01,2024-03-31,1
2023-05-29,21140,2024-03-31,,25200000000,,,,,,1650000000,-0.057,2500000000,0.282,,1850000000,,68.90,,,,,,,,,,,,,,,,,,,,,,true,true,12,2023-04-01,2024-03-31,0
2023-05-29,21140,2023-03-31,,22677000000,,,,,,1814000000,,2124000000,,,1672000000,,62.30,,,,,,,,,,,,,,,,,,,,,,true,false,12,2022-04-01,2023-03-31,-1
,21140,2024-03-31,,,,,,,,,,,,,,,,,,,,,,,,,,,,,,30.00,,,,,,,false,true,12,2023-04-01,2024-03-31,0
,21140,2023-03-31,,,,,,,,,,,,,,,,,,,,,,,,,,,,,,17.00,,,,,,,false,false,12,2022-04-01,2023-03-31,-1
2023-07-31,21140,2024-03-31,1,6026000000,0.129,,,,,465000000,-0.021,1251000000,1.058,,963000000,,35.90,,,,,,29845000000,22325000000,0.746,,22272000000,,,,,,,,,,,,true,false,3,2023-04-01,2023-06-30,0
2023-07-31,21140,2023-03-31,1,5336000000,0.106,,,,,475000000,0.513,608000000,0.744,,480000000,,17.91,,,,,,,,,,,,,,,,,,,,,,true,false,3,2022-04-01,2022-06-30,-1
2023-07-31,21140,2024-03-31,1,25200000000,0.111,,,,,1650000000,-0.090,2500000000,0.177,,1850000000,,68.90,,,,,,,,,,,,,,,,,,,,,,true,true,12,2023-04-01,2024-03-31,0
2023-07-31,21140,2023-03-31,1,,,,,,,,,,,,,,,,,,,,28256000000,21514000000,0.759,,21450000000,,,,,,,,,,,,true,false,12,2022-04-01,2023-03-31,-1
2023-07-31,21140,2023-03-31,1,,,,,,,,,,,,,,,,,,,,,,,,,,,,,17.00,,,,29748200,2896344,,false,false,12,2022-04-01,2023-03-31,-1
2023-07-31,21140,2024-03-31,1,,,,,,,,,,,,,,,,,,,,,,,,,,,,,30.00,,,,,,,false,true,12,2023-04-01,2024-03-31,0
2023-07-31,21140,2024-03-31,1,,,,,,,,,,,,,,,,,,,,,,,,,,,,,,,,,29748200,2896384,26851846,false,false,3,2023-04-01,2023-06-30,0
2023-07-31,21140,2023-03-31,1,,,,,,,,,,,,,,,,,,,,,,,,,,,,,,,,,,,26851856,false,false,3,2022-04-01,2022-06-30,-1
2023-10-31,21140,2024-03-31,2,12517000000,0.127,,,,,1062000000,0.069,1887000000,0.580,,1443000000,,53.75,,,,,,31701000000,22975000000,0.723,,22931000000,,,,,,,,,,,,true,false,6,2023-04-01,2023-09-30,0
2023-10-31,21140,2023-03-31,2,11105000000,0.119,,,,,993000000,0.330,1194000000,0.397,,962000000,,35.85,,,,,,,,,,,,,,,,,,,,,,true,false,6,2022-04-01,2022-09-30,-1
2023-10-31,21140,2024-03-31,2,25200000000,0.111,,,,,1650000000,-0.090,2500000000,0.177,,1850000000,,68.90,,,,,,,,,,,,,,,,,,,,,,true,true,12,2023-04-01,2024-03-31,0
2023-10-31,21140,2023-03-31,2,,,,,,,,,,,,,,,,,,,,28256000000,21514000000,0.759,,21450000000,,,,,,,,,,,,true,false,12,2022-04-01,2023-03-31,-1
2023-10-31,21140,2023-03-31,2,,,,,,,,,,,,,,,,,,,,,,,,,,,,,17.00,,,,29748200,2896344,,false,false,12,2022-04-01,2023-03-31,-1
2023-10-31,21140,2024-03-31,2,,,,,,,,,,,,,,,,,,,,,,,,,,,,,15.00,,,,,,,false,false,12,2023-04-01,2024-03-31,0
2023-10-31,21140,2024-03-31,2,,,,,,,,,,,,,,,,,,,,,,,,,,,,,30.00,,,,,,,false,true,12,2023-04-01,2024-03-31,0
2023-10-31,21140,2024-03-31,2,,,,,,,,,,,,,,,,,,,,,,,,,,,,,,,,,29748200,2896384,26851833,false,false,6,2023-04-01,2023-09-30,0
2023-10-31,21140,2023-03-31,2,,,,,,,,,,,,,,,,,,,,,,,,,,,,,,,,,,,26851856,false,false,6,2022-04-01,2022-09-30,-1
2024-01-31,21140,2024-03-31,3,19368000000,0.127,,,,,1750000000,0.096,2671000000,0.421,,2003000000,,74.60,,,,,,31403000000,23020000000,0.732,,22985000000,,,,,,,,,,,,true,false,9,2023-04-01,2023-12-31,0
2024-01-31,21140,2023-03-31,3,17180000000,0.115,,,,,1597000000,0.169,1879000000,0.187,,1490000000,,55.51,,,,,,,,,,,,,,,,,,,,,,true,false,9,2022-04-01,2022-12-31,-1
2024-01-31,21140,2024-03-31,3,25700000000,0.133,,,,,2100000000,0.158,3000000000,0.412,,2250000000,,83.79,,,,,,,,,,,,,,,,,,,,,,true,true,12,2023-04-01,2024-03-31,0
2024-01-31,21140,2023-03-31,3,,,,,,,,,,,,,,,,,,,,28256000000,21514000000,0.759,,21450000000,,,,,,,,,,,,true,false,12,2022-04-01,2023-03-31,-1
2024-01-31,21140,2023-03-31,3,,,,,,,,,,,,,,,,,,,,,,,,,,,,,17.00,,,,29748200,2896344,,false,false,12,2022-04-01,2023-03-31,-1
2024-01-31,21140,2024-03-31,3,,,,,,,,,,,,,,,,,,,,,,,,,,,,,15.00,,,,,,,false,false,12,2023-04-01,2024-03-31,0
2024-01-31,21140,2024-03-31,3,,,,,,,,,,,,,,,,,,,,,,,,,,,,,32.00,,,,,,,false,true,12,2023-04-01,2024-03-31,0
2024-01-31,21140,2024-03-31,3,,,,,,,,,,,,,,,,,,,,,,,,,,,,,,,,,29748200,2896389,26851828,false,false,9,2023-04-01,2023-12-31,0
2024-01-31,21140,2023-03-31,3,,,,,,,,,,,,,,,,,,,,,,,,,,,,,,,,,,,26851856,false,false,9,2022-04-01,2022-12-31,-1
2024-01-31,21140,2024-03-31,,25700000000,0.020,,,,,2100000000,0.272,3000000000,0.200,,2250000000,,83.79,,,,,,,,,,,,,,,,,,,,,,true,true,12,2023-04-01,2024-03-31,0
2024-01-31,21140,2023-03-31,,22677000000,,,,,,1814000000,,2124000000,,,1672000000,,62.30,,,,,,,,,,,,,,,,,,,,,,true,false,12,2022-04-01,2023-03-31,-1
2024-01-31,21140,2024-03-31,,,,,,,,,,,,,,,,,,,,,,,,,,,,,,32.00,,,,,,,false,true,12,2023-04-01,2024-03-31,0
2024-01-31,21140,2024-03-31,,,,,,,,,,,,,,,,,,,,,,,,,,,,,,15.00,,,,,,,false,false,12,2023-04-01,2024-03-31,0
2024-01-31,21140,2023-03-31,,,,,,,,,,,,,,,,,,,,,,,,,,,,,,17.00,,,,,,,false,false,12,2022-04-01,2023-03-31,-1
2024-04-30,21140,2024-03-31,,25889000000,0.142,,,,,2173000000,0.198,3202000000,0.508,,2370000000,,88.27,,0.105,0.106,0.084,,32419000000,23851000000,0.735,887.29,23825000000,942000000,-517000000,-69000000,5274000000,,0.363,,,,,,true,false,12,2023-04-01,2024-03-31,0
2024-04-30,21140,2023-03-31,,22677000000,0.128,,,,,1814000000,0.131,2124000000,0.107,,1672000000,,62.30,,0.081,0.080,0.080,,28256000000,21514000000,0.759,798.84,21450000000,579000000,-169000000,633000000,4875000000,,0.273,,,,,,true,false,12,2022-04-01,2023-03-31,-1
2024-04-30,21140,2025-03-31,,27700000000,0.070,,,,,2000000000,-0.080,2300000000,-0.282,,1700000000,,63.31,,,,,,,,,,,,,,,,0.505,,,,,,true,true,12,2024-04-01,2025-03-31,1
2024-04-30,21140,2024-03-31,,15947000000,0.112,,,,,1463000000,0.739,2579000000,0.608,1837000000,,0.445,68.44,,,,,,25034000000,21081000000,0.842,785.12,21081000000,,,,,32.00,,,,29748200,2896393,26851823,false,false,12,2023-04-01,2024-03-31,0
2024-04-30,21140,2023-03-31,,14340000000,0.081,,,,,841000000,-0.126,1604000000,-0.019,1271000000,,-0.137,47.35,,,,,,22473000000,19306000000,0.859,718.99,19306000000,,,,,17.00,,,,29748200,2896344,26851856,false,false,12,2022-04-01,2023-03-31,-1
2024-04-30,21140,2025-03-31,,,,,,,,,,,,,,,,,,,,,,,,,,,,,,32.00,,,,,,,false,true,12,2024-04-01,2025-03-31,1
2024-07-31,21140,2025-03-31,1,6747000000,0.120,,,,,824000000,0.772,985000000,-0.213,,720000000,,27.06,,,,,,33138000000,24109000000,0.725,,24032000000,,,,,,,,,,,,true,false,3,2024-04-01,2024-06-30,0
2024-07-31,21140,2024-03-31,1,6026000000,0.129,,,,,465000000,-0.021,1251000000,1.058,,963000000,,35.90,,,,,,,,,,,,,,,,,,,,,,true,false,3,2023-04-01,2023-06-30,-1
2024-07-31,21140,2025-03-31,1,27700000000,0.070,,,,,2000000000,-0.080,2300000000,-0.282,,1700000000,,63.31,,,,,,,,,,,,,,,,,,,,,,true,true,12,2024-04-01,2025-03-31,0
2024-07-31,21140,2024-03-31,1,,,,,,,,,,,,,,,,,,,,32419000000,23851000000,0.735,,23825000000,,,,,,,,,,,,true,false,12,2023-04-01,2024-03-31,-1
2024-07-31,21140,2024-03-31,1,,,,,,,,,,,,,,,,,,,,,,,,,,,,,32.00,,,,29748200,2896393,,false,false,12,2023-04-01,2024-03-31,-1
2024-07-31,21140,2025-03-31,1,,,,,,,,,,,,,,,,,,,,,,,,,,,,,32.00,,,,,,,false,true,12,2024-04-01,2025-03-31,0
2024-07-31,21140,2025-03-31,1,,,,,,,,,,,,,,,,,,,,,,,,,,,,,,,,,29748200,2866893,26616557,false,false,3,2024-04-01,2024-06-30,0
2024-07-31,21140,2024-03-31,1,,,,,,,,,,,,,,,,,,,,,,,,,,,,,,,,,,,26851846,false,false,3,2023-04-01,2023-06-30,-1
2024-10-31,21140,2025-03-31,2,13612000000,0.088,,,,,1617000000,0.522,1898000000,0.006,,1634000000,,60.82,,,,,,33000000000,24515000000,0.741,,24450000000,,,,,,,,,,,,true,false,6,2024-04-01,2024-09-30,0
2024-10-31,21140,2024-03-31,2,12517000000,0.127,,,,,1062000000,0.069,1887000000,0.580,,1443000000,,53.74,,,,,,,,,,,,,,,,,,,,,,true,false,6,2023-04-01,2023-09-30,-1
2024-10-31,21140,2025-03-31,2,27700000000,0.070,,,,,2400000000,0.104,3000000000,-0.063,,2400000000,,89.28,,,,,,,,,,,,,,,,,,,,,,true,true,12,2024-04-01,2025-03-31,0
2024-10-31,21140,2024-03-31,2,,,,,,,,,,,,,,,,,,,,32419000000,23851000000,0.735,,23825000000,,,,,,,,,,,,true,false,12,2023-04-01,2024-03-31,-1
2024-10-31,21140,2024-03-31,2,,,,,,,,,,,,,,,,,,,,,,,,,,,,,32.00,,,,29748200,2896393,,false,false,12,2023-04-01,2024-03-31,-1
2024-10-31,21140,2025-03-31,2,,,,,,,,,,,,,,,,,,,,,,,,,,,,,15.00,,,,,,,false,false,12,2024-04-01,2025-03-31,0
2024-10-31,21140,2025-03-31,2,,,,,,,,,,,,,,,,,,,,,,,,,,,,,32.00,,,,,,,false,true,12,2024-04-01,2025-03-31,0
2024-10-31,21140,2025-03-31,2,,,,,,,,,,,,,,,,,,,,,,,,,,,,,,,,,29748200,2866893,26872878,false,false,6,2024-04-01,2024-09-30,0
2024-10-31,21140,2024-03-31,2,,,,,,,,,,,,,,,,,,,,,,,,,,,,,,,,,,,26851833,false,false,6,2023-04-01,2023-09-30,-1
2025-01-31,21140,2025-03-31,3,21188000000,0.094,,,,,2559000000,0.462,2953000000,0.105,,2401000000,,89.76,,,,,,32036000000,23729000000,0.739,,23671000000,,,,,,,,,,,,true,false,9,2024-04-01,2024-12-31,0
2025-01-31,21140,2024-03-31,3,19368000000,0.127,,,,,1750000000,0.096,2671000000,0.421,,2003000000,,74.60,,,,,,,,,,,,,,,,,,,,,,true,false,9,2023-04-01,2023-12-31,-1
2025-01-31,21140,2025-03-31,3,28000000000,0.082,,,,,2850000000,0.311,3250000000,0.015,,2550000000,,96.23,,,,,,,,,,,,,,,,,,,,,,true,true,12,2024-04-01,2025-03-31,0
2025-01-31,21140,2024-03-31,3,,,,,,,,,,,,,,,,,,,,32419000000,23851000000,0.735,,23825000000,,,,,,,,,,,,true,false,12,2023-04-01,2024-03-31,-1
2025-01-31,21140,2024-03-31,3,,,,,,,,,,,,,,,,,,,,,,,,,,,,,32.00,,,,29748200,2896393,,false,false,12,2023-04-01,2024-03-31,-1
2025-01-31,21140,2025-03-31,3,,,,,,,,,,,,,,,,,,,,,,,,,,,,,15.00,,,,,,,false,false,12,2024-04-01,2025-03-31,0
2025-01-31,21140,2025-03-31,3,,,,,,,,,,,,,,,,,,,,,,,,,,,,,34.00,,,,,,,false,true,12,2024-04-01,2025-03-31,0
2025-01-31,21140,2025-03-31,3,,,,,,,,,,,,,,,,,,,,,,,,,,,,,,,,,25718700,66893,26752457,false,false,9,2024-04-01,2024-12-31,0
2025-01-31,21140,2024-03-31,3,,,,,,,,,,,,,,,,,,,,,,,,,,,,,,,,,,,26851828,false,false,9,2023-04-01,2023-12-31,-1
2025-04-30,21140,2025-03-31,,28209000000,0.090,,,,,3232000000,0.487,3651000000,0.140,,2845000000,,107.40,,0.119,0.110,0.115,,33761000000,23874000000,0.706,928.90,23827000000,3323000000,-1546000000,-376000000,6644000000,,0.317,,,,,,true,false,12,2024-04-01,2025-03-31,0
2025-04-30,21140,2024-03-31,,25889000000,0.142,,,,,2173000000,0.198,3202000000,0.508,,2370000000,,88.27,,0.105,0.106,0.084,,32419000000,23851000000,0.735,887.29,23825000000,942000000,-517000000,-69000000,5274000000,,0.363,,,,,,true,false,12,2023-04-01,2024-03-31,-1
2025-04-30,21140,2026-03-31,,29100000000,0.031,,,,,3100000000,-0.041,3300000000,-0.096,,2300000000,,86.80,,,,,,,,,,,,,,,,0.392,,,,,,true,true,12,2025-04-01,2026-03-31,1
2025-04-30,21140,2025-03-31,,16198000000,0.016,,,,,1946000000,0.330,2377000000,-0.078,1797000000,,-0.022,67.83,,,,,,25259000000,20041000000,0.793,781.29,20041000000,,,,,34.00,,,,25718700,67484,26498331,false,false,12,2024-04-01,2025-03-31,0
2025-04-30,21140,2024-03-31,,15947000000,0.112,,,,,1463000000,0.739,2579000000,0.608,1837000000,,0.445,68.44,,,,,,25034000000,21081000000,0.842,785.12,21081000000,,,,,32.00,,,,29748200,2896393,26851823,false,false,12,2023-04-01,2024-03-31,-1
2025-04-30,21140,2026-03-31,,,,,,,,,,,,,,,,,,,,,,,,,,,,,,34.00,,,,,,,false,true,12,2025-04-01,2026-03-31,1
