filing_date,code,fiscal_year_end,quarterly_period,net_sales,net_sales_change,revenue,revenue_change,operating_revenue,operating_revenue_change,operating_profit,operating_profit_change,ordinary_profit,ordinary_profit_change,net_income,net_income_of_parent,net_income_change,eps,diluted_eps,roe,roa,operating_profit_to_net_sales,operating_profit_to_revenue,total_assets,net_assets,equity_ratio,bps,owner_equity,operating_cash_flow,investing_cash_flow,financing_cash_flow,cash,dividend_per_share,payout_ratio,commemorative_dividend,extra_dividend,number_of_shares,number_of_treqsury_shares,avg_number_of_shares,is_consolidated,is_forecast,duration,period_start,period_end,period_pos
2015-07-30,21270,2016-03-31,1,3466000000,0.423,,,,,1883000000,0.577,1896000000,0.573,,1209000000,,30.23,29.61,,,,,16266000000,13946000000,0.856,,13924000000,,,,,,,,,,,,true,false,3,2015-04-01,2015-06-30,0
2015-07-30,21270,2015-03-31,1,2435000000,0.200,,,,,1194000000,0.184,1205000000,0.194,,765000000,,19.15,18.80,,,,,,,,,,,,,,,,,,,,,true,false,3,2014-04-01,2014-06-30,-1
2015-07-30,21270,2016-03-31,1,5960000000,0.082,,,,,2910000000,0.010,2910000000,0.003,,1910000000,,47.76,,,,,,,,,,,,,,,,,,,,,,true,true,6,2015-04-01,2015-09-30,0
2015-07-30,21270,2016-03-31,1,13300000000,0.088,,,,,6710000000,0.100,6710000000,0.063,,4410000000,,110.28,,,,,,,,,,,,,,,,,,,,,,true,true,12,2015-04-01,2016-03-31,0
2015-07-30,21270,2015-03-31,1,,,,,,,,,,,,,,,,,,,,16750000000,13465000000,0.804,,13465000000,,,,,,,,,,,,true,false,12,2014-04-01,2015-03-31,-1
2015-07-30,21270,2015-03-31,1,,,,,,,,,,,,,,,,,,,,,,,,,,,,,35.00,,,,39988800,475,,false,false,12,2014-04-01,2015-03-31,-1
2015-07-30,21270,2016-03-31,1,,,,,,,,,,,,,,,,,,,,,,,,,,,,,39.00,,,,,,,false,true,12,2015-04-01,2016-03-31,0
2015-07-30,21270,2016-03-31,1,,,,,,,,,,,,,,,,,,,,,,,,,,,,,,,,,39988800,475,39988325,false,false,3,2015-04-01,2015-06-30,0
2015-07-30,21270,2015-03-31,1,,,,,,,,,,,,,,,,,,,,,,,,,,,,,,,,,,,39988375,false,false,3,2014-04-01,2014-06-30,-1
2015-10-15,21270,2016-03-31,,6860000000,0.151,,,,,3520000000,0.210,3660000000,0.258,,2410000000,,60.27,,,,,,,,,,,,,,,,,,,,,,true,true,6,2015-04-01,2015-09-30,0
2015-10-15,21270,2015-03-31,,5506000000,,,,,,2880000000,,2901000000,,,1801000000,,45.06,,,,,,,,,,,,,,,,,,,,,,true,false,6,2014-04-01,2014-09-30,-1
2015-10-30,21270,2016-03-31,2,6865000000,0.247,,,,,3527000000,0.224,3670000000,0.265,,2453000000,,61.36,60.08,,,,,17908000000,15150000000,0.845,,15128000000,,,,,,,,,,,,true,false,6,2015-04-01,2015-09-30,0
2015-10-30,21270,2015-03-31,2,5506000000,0.326,,,,,2880000000,0.384,2901000000,0.392,,1801000000,,45.06,44.21,,,,,,,,,,,,,,,,,,,,,true,false,6,2014-04-01,2014-09-30,-1
2015-10-30,21270,2016-03-31,2,13300000000,0.088,,,,,6710000000,0.100,6710000000,0.063,,4410000000,,110.28,,,,,,,,,,,,,,,,,,,,,,true,true,12,2015-04-01,2016-03-31,0
2015-10-30,21270,2015-03-31,2,,,,,,,,,,,,,,,,,,,,16750000000,13465000000,0.804,,13465000000,,,,,,,,,,,,true,false,12,2014-04-01,2015-03-31,-1
2015-10-30,21270,2015-03-31,2,,,,,,,,,,,,,,,,,,,,,,,,,,,,,35.00,,,,39988800,475,,false,false,12,2014-04-01,2015-03-31,-1
2015-10-30,21270,2016-03-31,2,,,,,,,,,,,,,,,,,,,,,,,,,,,,,19.00,,,,,,,false,false,12,2015-04-01,2016-03-31,0
2015-10-30,21270,2016-03-31,2,,,,,,,,,,,,,,,,,,,,,,,,,,,,,39.00,,,,,,,false,true,12,2015-04-01,2016-03-31,0
2015-10-30,21270,2016-03-31,2,,,,,,,,,,,,,,,,,,,,,,,,,,,,,,,,,39988800,475,39988325,false,false,6,2015-04-01,2015-09-30,0
2015-10-30,21270,2015-03-31,2,,,,,,,,,,,,,,,,,,,,,,,,,,,,,,,,,,,39988350,false,false,6,2014-04-01,2014-09-30,-1
2016-01-29,21270,2016-03-31,3,11278000000,0.228,,,,,5790000000,0.168,5927000000,0.186,,3941000000,,98.58,96.52,,,,,18660000000,15881000000,0.850,,15859000000,,,,,,,,,,,,true,false,9,2015-04-01,2015-12-31,0
2016-01-29,21270,2015-03-31,3,9181000000,0.208,,,,,4956000000,0.229,4999000000,0.237,,3166000000,,79.18,77.67,,,,,,,,,,,,,,,,,,,,,true,false,9,2014-04-01,2014-12-31,-1
2016-01-29,21270,2016-03-31,3,13300000000,0.088,,,,,6710000000,0.100,6710000000,0.063,,4410000000,,110.28,,,,,,,,,,,,,,,,,,,,,,true,true,12,2015-04-01,2016-03-31,0
2016-01-29,21270,2015-03-31,3,,,,,,,,,,,,,,,,,,,,16750000000,13465000000,0.804,,13465000000,,,,,,,,,,,,true,false,12,2014-04-01,2015-03-31,-1
2016-01-29,21270,2015-03-31,3,,,,,,,,,,,,,,,,,,,,,,,,,,,,,35.00,,,,39988800,475,,false,false,12,2014-04-01,2015-03-31,-1
2016-01-29,21270,2016-03-31,3,,,,,,,,,,,,,,,,,,,,,,,,,,,,,19.00,,,,,,,false,false,12,2015-04-01,2016-03-31,0
2016-01-29,21270,2016-03-31,3,,,,,,,,,,,,,,,,,,,,,,,,,,,,,39.00,,,,,,,false,true,12,2015-04-01,2016-03-31,0
2016-01-29,21270,2016-03-31,3,,,,,,,,,,,,,,,,,,,,,,,,,,,,,,,,,39988800,475,39988325,false,false,9,2015-04-01,2015-12-31,0
2016-01-29,21270,2015-03-31,3,,,,,,,,,,,,,,,,,,,,,,,,,,,,,,,,,,,39988342,false,false,9,2014-04-01,2014-12-31,-1
2016-04-27,21270,2016-03-31,,14770000000,0.111,,,,,7000000000,0.043,7110000000,0.060,,4840000000,,121.04,,,,,,,,,,,,,,,,,,,,,,true,true,12,2015-04-01,2016-03-31,0
2016-04-27,21270,2015-03-31,,12227000000,,,,,,6098000000,,6310000000,,,3950000000,,98.78,,,,,,,,,,,,,,,,,,,,,,true,false,12,2014-04-01,2015-03-31,-1
2016-04-27,21270,2016-03-31,,,,,,,,,,,,,,,,,,,,,,,,,,,,,,49.00,,,,,,,false,true,12,2015-04-01,2016-03-31,0
2016-04-27,21270,2016-03-31,,,,,,,,,,,,,,,,,,,,,,,,,,,,,,19.00,,,,,,,false,false,12,2015-04-01,2016-03-31,0
2016-04-27,21270,2015-03-31,,,,,,,,,,,,,,,,,,,,,,,,,,,,,,35.00,,,,,,,false,false,12,2014-04-01,2015-03-31,-1
2016-04-28,21270,2016-03-31,,14778000000,0.209,,,,,7002000000,0.148,7116000000,0.128,,4840000000,,121.04,118.49,0.320,0.386,0.474,,20141000000,16763000000,0.831,418.66,16741000000,4440000000,-5210000000,-1498000000,2266000000,,0.405,,,,,,true,false,12,2015-04-01,2016-03-31,0
2016-04-28,21270,2015-03-31,,12227000000,0.159,,,,,6098000000,0.119,6310000000,0.148,,3950000000,,98.78,96.87,0.324,0.411,0.499,,16750000000,13465000000,0.804,336.72,13465000000,3654000000,-6269000000,-1440000000,4534000000,,0.354,,,,,,true,false,12,2014-04-01,2015-03-31,-1
2016-04-28,21270,2017-03-31,,7808000000,0.137,,,,,3700000000,0.049,3700000000,0.008,,2505000000,,62.39,,,,,,,,,,,,,,,,,,,,,,true,true,6,2016-04-01,2016-09-30,1
2016-04-28,21270,2017-03-31,,16880000000,0.142,,,,,8000000000,0.143,8000000000,0.124,,5430000000,,134.70,,,,,,,,,,,,,,,,0.403,,,,,,true,true,12,2016-04-01,2017-03-31,1
2016-04-28,21270,2016-03-31,,14780000000,0.209,,,,,6924000000,0.149,7004000000,0.122,4740000000,,0.213,118.55,116.06,,,,,19921000000,16545000000,0.829,413.19,16523000000,,,,,49.00,,,,39988800,495,39988323,false,false,12,2015-04-01,2016-03-31,0
2016-04-28,21270,2015-03-31,,12222000000,0.159,,,,,6028000000,0.114,6243000000,0.141,3908000000,,0.158,97.74,95.84,,,,,16614000000,13343000000,0.803,333.66,13342000000,,,,,35.00,,,,39988800,475,39988338,false,false,12,2014-04-01,2015-03-31,-1
2016-04-28,21270,2017-03-31,,,,,,,,,,,,,,,,,,,,,,,,,,,,,,54.00,,,,,,,false,true,12,2016-04-01,2017-03-31,1
,21270,2017-03-31,,,,,,,,,,,,,,,,,,,,,,,,,,,,,,13.50,,,,,,,false,true,12,2016-04-01,2017-03-31,0
,21270,2016-03-31,,,,,,,,,,,,,,,,,,,,,,,,,,,,,,49.00,,,,,,,false,false,12,2015-04-01,2016-03-31,-1
2016-07-29,21270,2017-03-31,1,4351000000,0.255,,,,,2277000000,0.209,2278000000,0.202,,1514000000,,37.89,37.07,,,,,19723000000,17079000000,0.865,,17057000000,,,,,,,,,,,,true,false,3,2016-04-01,2016-06-30,0
2016-07-29,21270,2016-03-31,1,3466000000,0.423,,,,,1883000000,0.577,1896000000,0.573,,1209000000,,30.23,29.61,,,,,,,,,,,,,,,,,,,,,true,false,3,2015-04-01,2015-06-30,-1
2016-07-29,21270,2017-03-31,1,7808000000,0.137,,,,,3700000000,0.049,3700000000,0.008,,2505000000,,62.39,,,,,,,,,,,,,,,,,,,,,,true,true,6,2016-04-01,2016-09-30,0
2016-07-29,21270,2017-03-31,1,16880000000,0.142,,,,,8000000000,0.143,8000000000,0.124,,5430000000,,67.35,,,,,,,,,,,,,,,,,,,,,,true,true,12,2016-04-01,2017-03-31,0
2016-07-29,21270,2016-03-31,1,,,,,,,,,,,,,,,,,,,,20141000000,16763000000,0.831,,16741000000,,,,,,,,,,,,true,false,12,2015-04-01,2016-03-31,-1
2016-07-29,21270,2016-03-31,1,,,,,,,,,,,,,,,,,,,,,,,,,,,,,49.00,,,,39988800,495,,false,false,12,2015-04-01,2016-03-31,-1
2016-07-29,21270,2017-03-31,1,,,,,,,,,,,,,,,,,,,,,,,,,,,,,13.50,,,,,,,false,true,12,2016-04-01,2017-03-31,0
2016-07-29,21270,2017-03-31,1,,,,,,,,,,,,,,,,,,,,,,,,,,,,,,,,,39988800,495,39988305,false,false,3,2016-04-01,2016-06-30,0
2016-07-29,21270,2016-03-31,1,,,,,,,,,,,,,,,,,,,,,,,,,,,,,,,,,,,39988325,false,false,3,2015-04-01,2015-06-30,-1
2016-10-17,21270,2017-03-31,,10300000000,0.319,,,,,5590000000,0.511,5580000000,0.508,3810000000,,0.521,94.91,,,,,,,,,,,,,,,,,,,,,,true,true,6,2016-04-01,2016-09-30,0
2016-10-17,21270,2016-03-31,,6865000000,,,,,,3527000000,,3670000000,,2453000000,,,61.36,,,,,,,,,,,,,,,,,,,,,,true,false,6,2015-04-01,2015-09-30,-1
2016-10-28,21270,2017-03-31,2,10302000000,0.501,,,,,5606000000,0.590,5638000000,0.536,,3862000000,,48.11,47.23,,,,,23820000000,19725000000,0.827,,19703000000,,,,,,,,,,,,true,false,6,2016-04-01,2016-09-30,0
2016-10-28,21270,2016-03-31,2,6865000000,0.247,,,,,3527000000,0.224,3670000000,0.265,,2453000000,,30.68,30.04,,,,,,,,,,,,,,,,,,,,,true,false,6,2015-04-01,2015-09-30,-1
2016-10-28,21270,2017-03-31,2,16880000000,0.142,,,,,8000000000,0.143,8000000000,0.124,,5430000000,,67.35,,,,,,,,,,,,,,,,,,,,,,true,true,12,2016-04-01,2017-03-31,0
2016-10-28,21270,2016-03-31,2,,,,,,,,,,,,,,,,,,,,20141000000,16763000000,0.831,,16741000000,,,,,,,,,,,,true,false,12,2015-04-01,2016-03-31,-1
2016-10-28,21270,2016-03-31,2,,,,,,,,,,,,,,,,,,,,,,,,,,,,,49.00,,,,79977600,990,,false,false,12,2015-04-01,2016-03-31,-1
2016-10-28,21270,2017-03-31,2,,,,,,,,,,,,,,,,,,,,,,,,,,,,,27.00,,,,,,,false,false,12,2016-04-01,2017-03-31,0
2016-10-28,21270,2017-03-31,2,,,,,,,,,,,,,,,,,,,,,,,,,,,,,13.50,,,,,,,false,true,12,2016-04-01,2017-03-31,0
2016-10-28,21270,2017-03-31,2,,,,,,,,,,,,,,,,,,,,,,,,,,,,,,,,,80898600,990,80283610,false,false,6,2016-04-01,2016-09-30,0
2016-10-28,21270,2016-03-31,2,,,,,,,,,,,,,,,,,,,,,,,,,,,,,,,,,,,79976650,false,false,6,2015-04-01,2015-09-30,-1
2017-01-30,21270,2017-03-31,3,14997000000,0.330,,,,,7658000000,0.323,7695000000,0.298,,5263000000,,65.66,64.61,,,,,23835000000,15132000000,0.634,,15110000000,,,,,,,,,,,,true,false,9,2016-04-01,2016-12-31,0
2017-01-30,21270,2016-03-31,3,11278000000,0.228,,,,,5790000000,0.168,5927000000,0.186,,3941000000,,49.29,48.26,,,,,,,,,,,,,,,,,,,,,true,false,9,2015-04-01,2015-12-31,-1
2017-01-30,21270,2017-03-31,3,16880000000,0.142,,,,,8000000000,0.143,8000000000,0.124,,5430000000,,67.35,,,,,,,,,,,,,,,,,,,,,,true,true,12,2016-04-01,2017-03-31,0
2017-01-30,21270,2016-03-31,3,,,,,,,,,,,,,,,,,,,,20141000000,16763000000,0.831,,16741000000,,,,,,,,,,,,true,false,12,2015-04-01,2016-03-31,-1
2017-01-30,21270,2016-03-31,3,,,,,,,,,,,,,,,,,,,,,,,,,,,,,49.00,,,,79977600,990,,false,false,12,2015-04-01,2016-03-31,-1
2017-01-30,21270,2017-03-31,3,,,,,,,,,,,,,,,,,,,,,,,,,,,,,27.00,,,,,,,false,false,12,2016-04-01,2017-03-31,0
2017-01-30,21270,2017-03-31,3,,,,,,,,,,,,,,,,,,,,,,,,,,,,,13.50,,,,,,,false,true,12,2016-04-01,2017-03-31,0
2017-01-30,21270,2017-03-31,3,,,,,,,,,,,,,,,,,,,,,,,,,,,,,,,,,80898600,1500990,80154188,false,false,9,2016-04-01,2016-12-31,0
2017-01-30,21270,2016-03-31,3,,,,,,,,,,,,,,,,,,,,,,,,,,,,,,,,,,,79976650,false,false,9,2015-04-01,2015-12-31,-1
2017-02-06,21270,2017-03-31,,18700000000,0.108,,,,,9000000000,0.125,9000000000,0.125,,6100000000,,76.28,,,,,,,,,,,,,,,,,,,,,,true,true,12,2016-04-01,2017-03-31,0
2017-02-06,21270,2016-03-31,,14778000000,,,,,,7002000000,,7116000000,,,4840000000,,60.52,,,,,,,,,,,,,,,,,,,,,,true,false,12,2015-04-01,2016-03-31,-1
2017-04-28,21270,2017-03-31,,19069000000,0.290,,,,,9046000000,0.292,9070000000,0.275,,6174000000,,77.21,76.06,0.376,0.402,0.474,,24956000000,16080000000,0.643,202.21,16059000000,7769000000,1462000000,-2555000000,8943000000,,,,,,,,true,false,12,2016-04-01,2017-03-31,0
2017-04-28,21270,2016-03-31,,14778000000,0.209,,,,,7002000000,0.148,7116000000,0.128,,4840000000,,60.52,59.25,0.320,0.386,0.474,,20141000000,16763000000,0.831,209.33,16741000000,4440000000,-5210000000,-1498000000,2266000000,,0.405,,,,,,true,false,12,2015-04-01,2016-03-31,-1
2017-04-28,21270,2018-03-31,,10343000000,0.004,,,,,5000000000,-0.108,5000000000,-0.113,,3381000000,,42.57,,,,,,,,,,,,,,,,,,,,,,true,true,6,2017-04-01,2017-09-30,1
2017-04-28,21270,2018-03-31,,21390000000,0.122,,,,,10000000000,0.105,10000000000,0.102,,6763000000,,84.62,,,,,,,,,,,,,,,,0.402,,,,,,true,true,12,2017-04-01,2018-03-31,1
2017-04-28,21270,2016-03-31,,,,,,,,,,,,,,,,,,,,,,,,,,,,,,49.00,,,,79977600,990,79976646,false,false,12,2015-04-01,2016-03-31,-1
2017-04-28,21270,2017-03-31,,,,,,,,,,,,,,,,,,,,,,,,,,,,,,17.50,,,,80919600,1501119,79968958,false,false,12,2016-04-01,2017-03-31,0
2017-04-28,21270,2018-03-31,,,,,,,,,,,,,,,,,,,,,,,,,,,,,,34.00,,,,,,,false,true,12,2017-04-01,2018-03-31,1
2017-07-28,21270,2018-03-31,1,6494000000,0.493,,,,,3619000000,0.589,3631000000,0.593,,2685000000,,33.81,33.42,,,,,25437000000,17383000000,0.683,,17362000000,,,,,,,,,,,,true,false,3,2017-04-01,2017-06-30,0
2017-07-28,21270,2017-03-31,1,4351000000,0.255,,,,,2277000000,0.209,2278000000,0.202,,1514000000,,18.94,18.53,,,,,,,,,,,,,,,,,,,,,true,false,3,2016-04-01,2016-06-30,-1
2017-07-28,21270,2018-03-31,1,11800000000,0.145,,,,,5700000000,0.017,5700000000,0.011,,4090000000,,51.28,,,,,,,,,,,,,,,,,,,,,,true,true,6,2017-04-01,2017-09-30,0
2017-07-28,21270,2018-03-31,1,21390000000,0.122,,,,,10000000000,0.105,10000000000,0.102,,6763000000,,84.62,,,,,,,,,,,,,,,,,,,,,,true,true,12,2017-04-01,2018-03-31,0
2017-07-28,21270,2017-03-31,1,,,,,,,,,,,,,,,,,,,,24956000000,16080000000,0.643,,16059000000,,,,,,,,,,,,true,false,12,2016-04-01,2017-03-31,-1
2017-07-28,21270,2017-03-31,1,,,,,,,,,,,,,,,,,,,,,,,,,,,,,31.00,,,,80919600,1501119,,false,false,12,2016-04-01,2017-03-31,-1
2017-07-28,21270,2018-03-31,1,,,,,,,,,,,,,,,,,,,,,,,,,,,,,34.00,,,,,,,false,true,12,2017-04-01,2018-03-31,0
2017-07-28,21270,2018-03-31,1,,,,,,,,,,,,,,,,,,,,,,,,,,,,,,,,,80922600,1501119,79420524,false,false,3,2017-04-01,2017-06-30,0
2017-07-28,21270,2017-03-31,1,,,,,,,,,,,,,,,,,,,,,,,,,,,,,,,,,,,79976610,false,false,3,2016-04-01,2016-06-30,-1
2017-07-28,21270,2018-03-31,,11800000000,0.141,,,,,5700000000,0.140,5700000000,0.140,4090000000,,0.210,51.28,,,,,,,,,,,,,,,,,,,,,,true,true,6,2017-04-01,2017-09-30,0
2017-07-28,21270,2017-03-31,,10302000000,,,,,,5606000000,,5638000000,,3862000000,,,48.11,,,,,,,,,,,,,,,,,,,,,,true,false,6,2016-04-01,2016-09-30,-1
2017-10-16,21270,2018-03-31,,13540000000,0.147,,,,,7090000000,0.244,7120000000,0.249,,5050000000,,63.20,,,,,,,,,,,,,,,,,,,,,,true,true,6,2017-04-01,2017-09-30,0
2017-10-16,21270,2017-03-31,,10302000000,,,,,,5606000000,,5638000000,,,3862000000,,48.11,,,,,,,,,,,,,,,,,,,,,,true,false,6,2016-04-01,2016-09-30,-1
2017-10-30,21270,2018-03-31,2,13549000000,0.315,,,,,7135000000,0.273,7167000000,0.271,,5120000000,,64.08,63.58,,,,,29673000000,20166000000,0.679,,20146000000,,,,,,,,,,,,true,false,6,2017-04-01,2017-09-30,0
2017-10-30,21270,2017-03-31,2,10302000000,0.501,,,,,5606000000,0.590,5638000000,0.536,,3862000000,,48.11,47.23,,,,,,,,,,,,,,,,,,,,,true,false,6,2016-04-01,2016-09-30,-1
2017-10-30,21270,2018-03-31,2,21390000000,0.122,,,,,10000000000,0.105,10000000000,0.102,,6763000000,,84.62,,,,,,,,,,,,,,,,,,,,,,true,true,12,2017-04-01,2018-03-31,0
2017-10-30,21270,2017-03-31,2,,,,,,,,,,,,,,,,,,,,24956000000,16080000000,0.643,,16059000000,,,,,,,,,,,,true,false,12,2016-04-01,2017-03-31,-1
2017-10-30,21270,2017-03-31,2,,,,,,,,,,,,,,,,,,,,,,,,,,,,,17.50,,,,80919600,1501119,,false,false,12,2016-04-01,2017-03-31,-1
2017-10-30,21270,2018-03-31,2,,,,,,,,,,,,,,,,,,,,,,,,,,,,,17.00,,,,,,,false,false,12,2017-04-01,2018-03-31,0
2017-10-30,21270,2018-03-31,2,,,,,,,,,,,,,,,,,,,,,,,,,,,,,34.00,,,,,,,false,true,12,2017-04-01,2018-03-31,0
2017-10-30,21270,2018-03-31,2,,,,,,,,,,,,,,,,,,,,,,,,,,,,,,,,,81870600,1501119,79897596,false,false,6,2017-04-01,2017-09-30,0
2017-10-30,21270,2017-03-31,2,,,,,,,,,,,,,,,,,,,,,,,,,,,,,,,,,,,80283610,false,false,6,2016-04-01,2016-09-30,-1
2018-01-30,21270,2018-03-31,3,19963000000,0.331,,,,,10357000000,0.352,10424000000,0.355,,7332000000,,91.59,91.09,,,,,30799000000,21152000000,0.685,,21103000000,,,,,,,,,,,,true,false,9,2017-04-01,2017-12-31,0
2018-01-30,21270,2017-03-31,3,14997000000,0.330,,,,,7658000000,0.323,7695000000,0.298,,5263000000,,65.66,64.61,,,,,,,,,,,,,,,,,,,,,true,false,9,2016-04-01,2016-12-31,-1
2018-01-30,21270,2018-03-31,3,24000000000,0.259,,,,,11300000000,0.249,11300000000,0.246,,7680000000,,95.83,,,,,,,,,,,,,,,,,,,,,,true,true,12,2017-04-01,2018-03-31,0
2018-01-30,21270,2017-03-31,3,,,,,,,,,,,,,,,,,,,,24956000000,16080000000,0.643,,16059000000,,,,,,,,,,,,true,false,12,2016-04-01,2017-03-31,-1
2018-01-30,21270,2017-03-31,3,,,,,,,,,,,,,,,,,,,,,,,,,,,,,17.50,,,,80898600,1500990,,false,false,12,2016-04-01,2017-03-31,-1
2018-01-30,21270,2018-03-31,3,,,,,,,,,,,,,,,,,,,,,,,,,,,,,17.00,,,,,,,false,false,12,2017-04-01,2018-03-31,0
2018-01-30,21270,2018-03-31,3,,,,,,,,,,,,,,,,,,,,,,,,,,,,,34.00,,,,,,,false,true,12,2017-04-01,2018-03-31,0
2018-01-30,21270,2018-03-31,3,,,,,,,,,,,,,,,,,,,,,,,,,,,,,,,,,81882600,1501119,80059477,false,false,9,2017-04-01,2017-12-31,0
2018-01-30,21270,2017-03-31,3,,,,,,,,,,,,,,,,,,,,,,,,,,,,,,,,,,,80154188,false,false,9,2016-04-01,2016-12-31,-1
2018-01-30,21270,2018-03-31,,24000000000,0.122,,,,,11300000000,0.130,11300000000,0.130,,7680000000,,95.83,,,,,,,,,,,,,,,,,,,,,,true,true,12,2017-04-01,2018-03-31,0
2018-01-30,21270,2017-03-31,,19069000000,,,,,,9046000000,,9070000000,,,6174000000,,77.21,,,,,,,,,,,,,,,,,,,,,,true,false,12,2016-04-01,2017-03-31,-1
2018-04-27,21270,2018-03-31,,24625000000,0.291,,,,,11605000000,0.283,11670000000,0.287,,8146000000,,50.82,49.73,0.428,0.412,0.471,,31737000000,22043000000,0.693,136.78,21995000000,9813000000,-8102000000,-3418000000,7236000000,,0.403,,,,,,true,false,12,2017-04-01,2018-03-31,0
2018-04-27,21270,2017-03-31,,19069000000,0.290,,,,,9046000000,0.292,9070000000,0.275,,6174000000,,38.60,38.02,0.376,0.402,0.474,,24956000000,16080000000,0.643,101.10,16059000000,7769000000,1462000000,-2555000000,8943000000,,,,,,,,true,false,12,2016-04-01,2017-03-31,-1
2018-04-27,21270,2019-03-31,,13000000000,-0.041,,,,,6250000000,-0.124,6250000000,-0.128,,4230000000,,26.39,,,,,,,,,,,,,,,,,,,,,,true,true,6,2018-04-01,2018-09-30,1
2018-04-27,21270,2019-03-31,,26700000000,0.084,,,,,12500000000,0.077,12500000000,0.071,,8460000000,,52.78,,,,,,,,,,,,,,,,0.417,,,,,,true,true,12,2018-04-01,2019-03-31,1
2018-04-27,21270,2018-03-31,,24627000000,0.293,,,,,11588000000,0.289,11669000000,0.293,8150000000,,0.326,50.84,49.75,,,,,31461000000,21800000000,0.691,135.27,21752000000,,,,,41.00,,,,163801200,3002238,160286628,false,false,12,2017-04-01,2018-03-31,0
2018-04-27,21270,2017-03-31,,19039000000,0.288,,,,,8991000000,0.299,9023000000,0.288,6145000000,,0.296,38.33,37.72,,,,,24696000000,15833000000,0.640,99.57,15811000000,,,,,17.50,,,,161839200,3002238,159937918,false,false,12,2016-04-01,2017-03-31,-1
2018-04-27,21270,2019-03-31,,,,,,,,,,,,,,,,,,,,,,,,,,,,,,22.00,,,,,,,false,true,12,2018-04-01,2019-03-31,1
2018-07-30,21270,2019-03-31,1,5964000000,-0.082,,,,,2581000000,-0.287,2592000000,-0.286,,2040000000,,12.68,12.43,,,,,29242000000,22126000000,0.755,,22078000000,,,,,,,,,,,,true,false,3,2018-04-01,2018-06-30,0
2018-07-30,21270,2018-03-31,1,6494000000,0.493,,,,,3619000000,0.589,3631000000,0.593,,2685000000,,16.90,16.70,,,,,,,,,,,,,,,,,,,,,true,false,3,2017-04-01,2017-06-30,-1
2018-07-30,21270,2019-03-31,1,13000000000,-0.041,,,,,6250000000,-0.124,6250000000,-0.128,,4230000000,,26.39,,,,,,,,,,,,,,,,,,,,,,true,true,6,2018-04-01,2018-09-30,0
2018-07-30,21270,2019-03-31,1,26700000000,0.084,,,,,12500000000,0.077,12500000000,0.071,,8460000000,,52.78,,,,,,,,,,,,,,,,,,,,,,true,true,12,2018-04-01,2019-03-31,0
2018-07-30,21270,2018-03-31,1,,,,,,,,,,,,,,,,,,,,31710000000,22043000000,0.694,,21995000000,,,,,,,,,,,,true,false,12,2017-04-01,2018-03-31,-1
2018-07-30,21270,2018-03-31,1,,,,,,,,,,,,,,,,,,,,,,,,,,,,,41.00,,,,163801200,3002238,,false,false,12,2017-04-01,2018-03-31,-1
2018-07-30,21270,2019-03-31,1,,,,,,,,,,,,,,,,,,,,,,,,,,,,,22.00,,,,,,,false,true,12,2018-04-01,2019-03-31,0
2018-07-30,21270,2019-03-31,1,,,,,,,,,,,,,,,,,,,,,,,,,,,,,,,,,163855200,3002328,160842723,false,false,3,2018-04-01,2018-06-30,0
2018-07-30,21270,2018-03-31,1,,,,,,,,,,,,,,,,,,,,,,,,,,,,,,,,,,,158841050,false,false,3,2017-04-01,2017-06-30,-1
2018-10-25,21270,2019-03-31,,14370000000,0.105,,,,,6940000000,0.110,6950000000,0.112,,5020000000,,31.20,,,,,,,,,,,,,,,,,,,,,,true,true,6,2018-04-01,2018-09-30,0
2018-10-25,21270,2018-03-31,,13549000000,,,,,,7135000000,,7167000000,,,5120000000,,32.04,,,,,,,,,,,,,,,,,,,,,,true,false,6,2017-04-01,2017-09-30,-1
2018-10-30,21270,2019-03-31,2,14378000000,0.061,,,,,6944000000,-0.027,6955000000,-0.030,,5026000000,,31.25,30.65,,,,,33336000000,25030000000,0.749,,24982000000,,,,,,,,,,,,true,false,6,2018-04-01,2018-09-30,0
2018-10-30,21270,2018-03-31,2,13549000000,0.315,,,,,7135000000,0.273,7167000000,0.271,,5120000000,,32.04,31.79,,,,,,,,,,,,,,,,,,,,,true,false,6,2017-04-01,2017-09-30,-1
2018-10-30,21270,2019-03-31,2,26700000000,0.084,,,,,12500000000,0.077,12500000000,0.071,,8460000000,,52.78,,,,,,,,,,,,,,,,,,,,,,true,true,12,2018-04-01,2019-03-31,0
2018-10-30,21270,2018-03-31,2,,,,,,,,,,,,,,,,,,,,31710000000,22043000000,0.694,,21995000000,,,,,,,,,,,,true,false,12,2017-04-01,2018-03-31,-1
2018-10-30,21270,2018-03-31,2,,,,,,,,,,,,,,,,,,,,,,,,,,,,,41.00,,,,163801200,3002238,,false,false,12,2017-04-01,2018-03-31,-1
2018-10-30,21270,2019-03-31,2,,,,,,,,,,,,,,,,,,,,,,,,,,,,,11.00,,,,,,,false,false,12,2018-04-01,2019-03-31,0
2018-10-30,21270,2019-03-31,2,,,,,,,,,,,,,,,,,,,,,,,,,,,,,22.00,,,,,,,false,true,12,2018-04-01,2019-03-31,0
2018-10-30,21270,2019-03-31,2,,,,,,,,,,,,,,,,,,,,,,,,,,,,,,,,,163855200,3002328,160847825,false,false,6,2018-04-01,2018-09-30,0
2018-10-30,21270,2018-03-31,2,,,,,,,,,,,,,,,,,,,,,,,,,,,,,,,,,,,159795192,false,false,6,2017-04-01,2017-09-30,-1
2019-01-30,21270,2019-03-31,3,22717000000,0.138,,,,,10825000000,0.045,10829000000,0.039,,7652000000,,47.58,46.70,,,,,34464000000,25815000000,0.748,,25768000000,,,,,,,,,,,,true,false,9,2018-04-01,2018-12-31,0
2019-01-30,21270,2018-03-31,3,19963000000,0.331,,,,,10357000000,0.352,10424000000,0.355,,7332000000,,45.79,45.55,,,,,,,,,,,,,,,,,,,,,true,false,9,2017-04-01,2017-12-31,-1
2019-01-30,21270,2019-03-31,3,26700000000,0.084,,,,,12500000000,0.077,12500000000,0.071,,8460000000,,52.78,,,,,,,,,,,,,,,,,,,,,,true,true,12,2018-04-01,2019-03-31,0
2019-01-30,21270,2018-03-31,3,,,,,,,,,,,,,,,,,,,,31710000000,22043000000,0.694,,21995000000,,,,,,,,,,,,true,false,12,2017-04-01,2018-03-31,-1
2019-01-30,21270,2018-03-31,3,,,,,,,,,,,,,,,,,,,,,,,,,,,,,41.00,,,,163801200,3002238,,false,false,12,2017-04-01,2018-03-31,-1
2019-01-30,21270,2019-03-31,3,,,,,,,,,,,,,,,,,,,,,,,,,,,,,11.00,,,,,,,false,false,12,2018-04-01,2019-03-31,0
2019-01-30,21270,2019-03-31,3,,,,,,,,,,,,,,,,,,,,,,,,,,,,,22.00,,,,,,,false,true,12,2018-04-01,2019-03-31,0
2019-01-30,21270,2019-03-31,3,,,,,,,,,,,,,,,,,,,,,,,,,,,,,,,,,163855200,3002340,160849510,false,false,9,2018-04-01,2018-12-31,0
2019-01-30,21270,2018-03-31,3,,,,,,,,,,,,,,,,,,,,,,,,,,,,,,,,,,,160118955,false,false,9,2017-04-01,2017-12-31,-1
2019-04-26,21270,2019-03-31,,28463000000,0.156,,,,,12533000000,0.080,12533000000,0.074,,8867000000,,55.13,54.13,0.361,0.372,0.440,,35638000000,27264000000,0.762,168.75,27143000000,6913000000,-205000000,-5549000000,8395000000,,0.417,,,,,,true,false,12,2018-04-01,2019-03-31,0
2019-04-26,21270,2018-03-31,,24625000000,0.291,,,,,11605000000,0.283,11670000000,0.287,,8146000000,,50.82,49.73,0.428,0.412,0.471,,31710000000,22043000000,0.694,136.78,21995000000,9813000000,-8102000000,-3418000000,7236000000,,0.403,,,,,,true,false,12,2017-04-01,2018-03-31,-1
2019-04-26,21270,2020-03-31,,16200000000,0.127,,,,,6750000000,-0.028,6750000000,-0.030,,4560000000,,28.35,,,,,,,,,,,,,,,,,,,,,,true,true,6,2019-04-01,2019-09-30,1
2019-04-26,21270,2020-03-31,,32400000000,0.138,,,,,13500000000,0.077,13500000000,0.077,,9120000000,,56.30,,,,,,,,,,,,,,,,0.409,,,,,,true,true,12,2019-04-01,2020-03-31,1
2019-04-26,21270,2019-03-31,,28342000000,0.151,,,,,12658000000,0.092,12618000000,0.081,8978000000,,0.102,55.82,54.80,,,,,35335000000,26991000000,0.763,167.51,26944000000,,,,,23.00,,,,163855200,3002368,160850332,false,false,12,2018-04-01,2019-03-31,0
2019-04-26,21270,2018-03-31,,24627000000,0.293,,,,,11588000000,0.289,11669000000,0.293,8150000000,,0.326,50.84,49.75,,,,,31461000000,21800000000,0.691,135.27,21752000000,,,,,41.00,,,,163801200,3002238,160286628,false,false,12,2017-04-01,2018-03-31,-1
2019-04-26,21270,2020-03-31,,,,,,,,,,,,,,,,,,,,,,,,,,,,,,23.00,,,,,,,false,true,12,2019-04-01,2020-03-31,1
2019-07-30,21270,2020-03-31,1,7697000000,0.291,,,,,3896000000,0.510,3928000000,0.515,,2681000000,,16.67,16.37,,,,,34957000000,27966000000,0.797,,27845000000,,,,,,,,,,,,true,false,3,2019-04-01,2019-06-30,0
2019-07-30,21270,2019-03-31,1,5964000000,-0.082,,,,,2581000000,-0.287,2592000000,-0.286,,2040000000,,12.68,12.43,,,,,,,,,,,,,,,,,,,,,true,false,3,2018-04-01,2018-06-30,-1
2019-07-30,21270,2020-03-31,1,16200000000,0.127,,,,,6750000000,-0.028,6750000000,-0.030,,4560000000,,28.35,,,,,,,,,,,,,,,,,,,,,,true,true,6,2019-04-01,2019-09-30,0
2019-07-30,21270,2020-03-31,1,32400000000,0.138,,,,,13500000000,0.077,13500000000,0.077,,9120000000,,56.30,,,,,,,,,,,,,,,,,,,,,,true,true,12,2019-04-01,2020-03-31,0
2019-07-30,21270,2019-03-31,1,,,,,,,,,,,,,,,,,,,,35638000000,27264000000,0.762,,27143000000,,,,,,,,,,,,true,false,12,2018-04-01,2019-03-31,-1
2019-07-30,21270,2019-03-31,1,,,,,,,,,,,,,,,,,,,,,,,,,,,,,23.00,,,,163855200,3002368,,false,false,12,2018-04-01,2019-03-31,-1
2019-07-30,21270,2020-03-31,1,,,,,,,,,,,,,,,,,,,,,,,,,,,,,23.00,,,,,,,false,true,12,2019-04-01,2020-03-31,0
2019-07-30,21270,2020-03-31,1,,,,,,,,,,,,,,,,,,,,,,,,,,,,,,,,,163855200,3002368,160852832,false,false,3,2019-04-01,2019-06-30,0
2019-07-30,21270,2019-03-31,1,,,,,,,,,,,,,,,,,,,,,,,,,,,,,,,,,,,160842723,false,false,3,2018-04-01,2018-06-30,-1
2019-10-28,21270,2020-03-31,,17690000000,0.092,,,,,9180000000,0.360,9240000000,0.369,,6330000000,,39.09,,,,,,,,,,,,,,,,,,,,,,true,true,6,2019-04-01,2019-09-30,0
2019-10-28,21270,2019-03-31,,14378000000,,,,,,6944000000,,6955000000,,,5026000000,,31.25,,,,,,,,,,,,,,,,,,,,,,true,false,6,2018-04-01,2018-09-30,-1
2019-10-30,21270,2020-03-31,2,17696000000,0.231,,,,,9186000000,0.323,9245000000,0.329,,6337000000,,39.14,38.76,,,,,43046000000,34072000000,0.789,,33970000000,,,,,,,,,,,,true,false,6,2019-04-01,2019-09-30,0
2019-10-30,21270,2019-03-31,2,14378000000,0.061,,,,,6944000000,-0.027,6955000000,-0.030,,5026000000,,31.25,30.65,,,,,,,,,,,,,,,,,,,,,true,false,6,2018-04-01,2018-09-30,-1
2019-10-30,21270,2020-03-31,2,32400000000,0.138,,,,,13500000000,0.077,13500000000,0.077,,9120000000,,56.30,,,,,,,,,,,,,,,,,,,,,,true,true,12,2019-04-01,2020-03-31,0
2019-10-30,21270,2019-03-31,2,,,,,,,,,,,,,,,,,,,,35638000000,27264000000,0.762,,27143000000,,,,,,,,,,,,true,false,12,2018-04-01,2019-03-31,-1
2019-10-30,21270,2019-03-31,2,,,,,,,,,,,,,,,,,,,,,,,,,,,,,23.00,,,,163855200,3002368,,false,false,12,2018-04-01,2019-03-31,-1
2019-10-30,21270,2020-03-31,2,,,,,,,,,,,,,,,,,,,,,,,,,,,,,11.00,,,,,,,false,false,12,2019-04-01,2020-03-31,0
2019-10-30,21270,2020-03-31,2,,,,,,,,,,,,,,,,,,,,,,,,,,,,,23.00,,,,,,,false,true,12,2019-04-01,2020-03-31,0
2019-10-30,21270,2020-03-31,2,,,,,,,,,,,,,,,,,,,,,,,,,,,,,,,,,166022800,3002404,161926962,false,false,6,2019-04-01,2019-09-30,0
2019-10-30,21270,2019-03-31,2,,,,,,,,,,,,,,,,,,,,,,,,,,,,,,,,,,,160847825,false,false,6,2018-04-01,2018-09-30,-1
2019-04-26,21270,2019-03-31,,28463000000,0.156,,,,,12533000000,0.080,12533000000,0.074,,8867000000,,55.13,54.09,0.361,0.372,0.440,,35638000000,27264000000,0.762,168.75,27143000000,6914000000,-605000000,-4549000000,8995000000,,0.417,,,,,,true,false,12,2018-04-01,2019-03-31,0
2019-04-26,21270,2018-03-31,,24625000000,0.291,,,,,11605000000,0.283,11670000000,0.287,,8146000000,,50.82,49.73,0.428,0.412,0.471,,31710000000,22043000000,0.694,136.78,21995000000,9813000000,-8102000000,-3418000000,7236000000,,0.403,,,,,,true,false,12,2017-04-01,2018-03-31,-1
2019-04-26,21270,2020-03-31,,16200000000,0.127,,,,,6750000000,-0.028,6750000000,-0.030,,4560000000,,28.35,,,,,,,,,,,,,,,,,,,,,,true,true,6,2019-04-01,2019-09-30,1
2019-04-26,21270,2020-03-31,,32400000000,0.138,,,,,13500000000,0.077,13500000000,0.077,,9120000000,,56.30,,,,,,,,,,,,,,,,0.409,,,,,,true,true,12,2019-04-01,2020-03-31,1
2019-04-26,21270,2019-03-31,,28342000000,0.151,,,,,12658000000,0.092,12618000000,0.081,8978000000,,0.102,55.81,54.76,,,,,35335000000,26991000000,0.763,167.51,26944000000,,,,,23.00,,,,163855200,3002368,160850332,false,false,12,2018-04-01,2019-03-31,0
2019-04-26,21270,2018-03-31,,24627000000,0.293,,,,,11588000000,0.289,11669000000,0.293,8150000000,,0.326,50.84,49.75,,,,,31461000000,21800000000,0.691,135.27,21752000000,,,,,41.00,,,,163801200,3002238,160286628,false,false,12,2017-04-01,2018-03-31,-1
2019-04-26,21270,2020-03-31,,,,,,,,,,,,,,,,,,,,,,,,,,,,,,23.00,,,,,,,false,true,12,2019-04-01,2020-03-31,1
2020-01-30,21270,2020-03-31,3,26157000000,0.151,,,,,12853000000,0.187,13003000000,0.201,,9048000000,,55.83,55.27,,,,,43249000000,34936000000,0.806,,34854000000,,,,,,,,,,,,true,false,9,2019-04-01,2019-12-31,0
2020-01-30,21270,2019-03-31,3,22717000000,0.138,,,,,10825000000,0.045,10829000000,0.039,,7652000000,,47.58,46.70,,,,,,,,,,,,,,,,,,,,,true,false,9,2018-04-01,2018-12-31,-1
2020-01-30,21270,2020-03-31,3,32400000000,0.138,,,,,13500000000,0.077,13500000000,0.077,,9120000000,,56.30,,,,,,,,,,,,,,,,,,,,,,true,true,12,2019-04-01,2020-03-31,0
2020-01-30,21270,2019-03-31,3,,,,,,,,,,,,,,,,,,,,35638000000,27264000000,0.762,,27143000000,,,,,,,,,,,,true,false,12,2018-04-01,2019-03-31,-1
2020-01-30,21270,2019-03-31,3,,,,,,,,,,,,,,,,,,,,,,,,,,,,,23.00,,,,163855200,3002368,,false,false,12,2018-04-01,2019-03-31,-1
2020-01-30,21270,2020-03-31,3,,,,,,,,,,,,,,,,,,,,,,,,,,,,,11.00,,,,,,,false,false,12,2019-04-01,2020-03-31,0
2020-01-30,21270,2020-03-31,3,,,,,,,,,,,,,,,,,,,,,,,,,,,,,23.00,,,,,,,false,true,12,2019-04-01,2020-03-31,0
2020-01-30,21270,2020-03-31,3,,,,,,,,,,,,,,,,,,,,,,,,,,,,,,,,,166050800,3002404,162062543,false,false,9,2019-04-01,2019-12-31,0
2020-01-30,21270,2019-03-31,3,,,,,,,,,,,,,,,,,,,,,,,,,,,,,,,,,,,160849510,false,false,9,2018-04-01,2018-12-31,-1
2020-05-15,21270,2020-03-31,,32009000000,0.125,,,,,14247000000,0.137,14467000000,0.154,,10273000000,,63.30,62.58,0.326,0.362,0.445,,44296000000,35943000000,0.810,219.91,35858000000,10313000000,-5801000000,-2327000000,11178000000,,0.411,,,,,,true,false,12,2019-04-01,2020-03-31,0
2020-05-15,21270,2019-03-31,,28463000000,0.156,,,,,12533000000,0.080,12533000000,0.074,,8867000000,,55.13,54.09,0.361,0.372,0.440,,35638000000,27264000000,0.762,168.75,27143000000,6914000000,-605000000,-4549000000,8995000000,,0.417,,,,,,true,false,12,2018-04-01,2019-03-31,-1
2020-05-15,21270,2020-03-31,,31758000000,0.121,,,,,14218000000,0.123,14310000000,0.134,10031000000,,0.117,61.81,61.10,,,,,43780000000,35448000000,0.809,217.18,35413000000,,,,,26.00,,,,166065200,3002404,162309299,false,false,12,2019-04-01,2020-03-31,0
2020-05-15,21270,2019-03-31,,28342000000,0.151,,,,,12658000000,0.092,12618000000,0.081,8978000000,,0.102,55.82,54.76,,,,,35335000000,26991000000,0.763,167.51,26944000000,,,,,23.00,,,,163855200,3002368,160850332,false,false,12,2018-04-01,2019-03-31,-1
2020-07-30,21270,2021-03-31,1,9089000000,0.181,,,,,4887000000,0.254,4876000000,0.241,,3345000000,,20.52,20.23,,,,,44071000000,37013000000,0.838,,36951000000,,,,,,,,,,,,true,false,3,2020-04-01,2020-06-30,0
2020-07-30,21270,2020-03-31,1,7697000000,0.291,,,,,3896000000,0.510,3928000000,0.515,,2681000000,,16.67,16.37,,,,,,,,,,,,,,,,,,,,,true,false,3,2019-04-01,2019-06-30,-1
2020-07-30,21270,2020-03-31,1,,,,,,,,,,,,,,,,,,,,44296000000,35943000000,0.810,,35858000000,,,,,,,,,,,,true,false,12,2019-04-01,2020-03-31,-1
2020-07-30,21270,2020-03-31,1,,,,,,,,,,,,,,,,,,,,,,,,,,,,,26.00,,,,166065200,3002404,,false,false,12,2019-04-01,2020-03-31,-1
2020-07-30,21270,2021-03-31,1,,,,,,,,,,,,,,,,,,,,,,,,,,,,,26.00,,,,,,,false,true,12,2020-04-01,2021-03-31,0
2020-07-30,21270,2021-03-31,1,,,,,,,,,,,,,,,,,,,,,,,,,,,,,,,,,166083600,3002404,163069064,false,false,3,2020-04-01,2020-06-30,0
2020-07-30,21270,2020-03-31,1,,,,,,,,,,,,,,,,,,,,,,,,,,,,,,,,,,,160852832,false,false,3,2019-04-01,2019-06-30,-1
2020-10-30,21270,2021-03-31,2,18781000000,0.061,,,,,9775000000,0.064,9768000000,0.056,,6763000000,,41.30,40.78,,,,,52557000000,42873000000,0.812,,42652000000,,,,,,,,,,,,true,false,6,2020-04-01,2020-09-30,0
2020-10-30,21270,2020-03-31,2,17696000000,0.231,,,,,9186000000,0.323,9245000000,0.329,,6337000000,,39.14,38.76,,,,,,,,,,,,,,,,,,,,,true,false,6,2019-04-01,2019-09-30,-1
2020-10-30,21270,2021-03-31,2,33000000000,0.031,,,,,15000000000,0.053,15000000000,0.037,,10500000000,,63.83,,,,,,,,,,,,,,,,,,,,,,true,true,12,2020-04-01,2021-03-31,0
2020-10-30,21270,2020-03-31,2,,,,,,,,,,,,,,,,,,,,44296000000,35943000000,0.810,,35858000000,,,,,,,,,,,,true,false,12,2019-04-01,2020-03-31,-1
2020-10-30,21270,2020-03-31,2,,,,,,,,,,,,,,,,,,,,,,,,,,,,,26.00,,,,166065200,3002404,,false,false,12,2019-04-01,2020-03-31,-1
2020-10-30,21270,2021-03-31,2,,,,,,,,,,,,,,,,,,,,,,,,,,,,,13.00,,,,,,,false,false,12,2020-04-01,2021-03-31,0
2020-10-30,21270,2021-03-31,2,,,,,,,,,,,,,,,,,,,,,,,,,,,,,26.00,,,,,,,false,true,12,2020-04-01,2021-03-31,0
2020-10-30,21270,2021-03-31,2,,,,,,,,,,,,,,,,,,,,,,,,,,,,,,,,,168206000,3002404,163787045,false,false,6,2020-04-01,2020-09-30,0
2020-10-30,21270,2020-03-31,2,,,,,,,,,,,,,,,,,,,,,,,,,,,,,,,,,,,161926962,false,false,6,2019-04-01,2019-09-30,-1
2021-01-29,21270,2021-03-31,3,28424000000,0.087,,,,,14170000000,0.103,14188000000,0.091,,9798000000,,59.65,58.98,,,,,52782000000,43728000000,0.824,,43511000000,,,,,,,,,,,,true,false,9,2020-04-01,2020-12-31,0
2021-01-29,21270,2020-03-31,3,26157000000,0.151,,,,,12853000000,0.187,13003000000,0.201,,9048000000,,55.83,55.27,,,,,,,,,,,,,,,,,,,,,true,false,9,2019-04-01,2019-12-31,-1
2021-01-29,21270,2021-03-31,3,33000000000,0.031,,,,,15000000000,0.053,15000000000,0.037,,10500000000,,63.83,,,,,,,,,,,,,,,,,,,,,,true,true,12,2020-04-01,2021-03-31,0
2021-01-29,21270,2020-03-31,3,,,,,,,,,,,,,,,,,,,,44296000000,35943000000,0.810,,35858000000,,,,,,,,,,,,true,false,12,2019-04-01,2020-03-31,-1
2021-01-29,21270,2020-03-31,3,,,,,,,,,,,,,,,,,,,,,,,,,,,,,26.00,,,,166065200,3002404,,false,false,12,2019-04-01,2020-03-31,-1
2021-01-29,21270,2021-03-31,3,,,,,,,,,,,,,,,,,,,,,,,,,,,,,13.00,,,,,,,false,false,12,2020-04-01,2021-03-31,0
2021-01-29,21270,2021-03-31,3,,,,,,,,,,,,,,,,,,,,,,,,,,,,,26.00,,,,,,,false,true,12,2020-04-01,2021-03-31,0
2021-01-29,21270,2021-03-31,3,,,,,,,,,,,,,,,,,,,,,,,,,,,,,,,,,168210800,3002404,164261504,false,false,9,2020-04-01,2020-12-31,0
2021-01-29,21270,2020-03-31,3,,,,,,,,,,,,,,,,,,,,,,,,,,,,,,,,,,,162062543,false,false,9,2019-04-01,2019-12-31,-1
2021-04-30,21270,2021-03-31,,36130000000,0.129,,,,,16408000000,0.152,16540000000,0.143,,11415000000,,34.70,34.34,0.282,0.331,0.454,,55558000000,45427000000,0.813,136.71,45188000000,11458000000,22324000000,-3095000000,41863000000,,0.403,,,,,,true,false,12,2020-04-01,2021-03-31,0
2021-04-30,21270,2020-03-31,,32009000000,0.125,,,,,14247000000,0.137,14467000000,0.154,,10273000000,,31.65,31.29,0.326,0.362,0.445,,44296000000,35943000000,0.810,109.95,35858000000,10313000000,-5801000000,-2327000000,11178000000,,0.411,,,,,,true,false,12,2019-04-01,2020-03-31,-1
2021-04-30,21270,2022-03-31,,17000000000,-0.095,,,,,7740000000,-0.208,7740000000,-0.208,,5418000000,,16.39,,,,,,,,,,,,,,,,,,,,,,true,true,6,2021-04-01,2021-09-30,1
2021-04-30,21270,2022-03-31,,37500000000,0.038,,,,,17200000000,0.048,17200000000,0.040,,12040000000,,36.43,,,,,,,,,,,,,,,,0.494,,,,,,true,true,12,2021-04-01,2022-03-31,1
2021-04-30,21270,2021-03-31,,35672000000,0.123,,,,,16248000000,0.143,16256000000,0.136,11195000000,,0.116,34.03,33.68,,,,,54515000000,44529000000,0.816,134.65,44506000000,,,,,28.00,,,,336536800,6004808,329001542,false,false,12,2020-04-01,2021-03-31,0
2021-04-30,21270,2020-03-31,,31758000000,0.121,,,,,14218000000,0.123,14310000000,0.134,10031000000,,0.117,30.90,30.55,,,,,43780000000,35448000000,0.809,108.59,35413000000,,,,,26.00,,,,332130400,6004808,324618598,false,false,12,2019-04-01,2020-03-31,-1
2021-04-30,21270,2022-03-31,,,,,,,,,,,,,,,,,,,,,,,,,,,,,,18.00,,,,,,,false,true,12,2021-04-01,2022-03-31,1
2021-07-30,21270,2022-03-31,1,11613000000,0.278,,,,,5854000000,0.198,5807000000,0.191,,3928000000,,11.89,11.75,,,,,54425000000,46964000000,0.858,,46704000000,,,,,,,,,,,,true,false,3,2021-04-01,2021-06-30,0
2021-07-30,21270,2021-03-31,1,9089000000,0.181,,,,,4887000000,0.254,4876000000,0.241,,3345000000,,10.26,10.11,,,,,,,,,,,,,,,,,,,,,true,false,3,2020-04-01,2020-06-30,-1
2021-07-30,21270,2022-03-31,1,20000000000,0.065,,,,,10000000000,0.023,10000000000,0.024,,7000000000,,21.18,,,,,,,,,,,,,,,,,,,,,,true,true,6,2021-04-01,2021-09-30,0
2021-07-30,21270,2022-03-31,1,37500000000,0.038,,,,,17200000000,0.048,17200000000,0.040,,12040000000,,36.43,,,,,,,,,,,,,,,,,,,,,,true,true,12,2021-04-01,2022-03-31,0
2021-07-30,21270,2021-03-31,1,,,,,,,,,,,,,,,,,,,,55558000000,45427000000,0.813,,45188000000,,,,,,,,,,,,true,false,12,2020-04-01,2021-03-31,-1
2021-07-30,21270,2021-03-31,1,,,,,,,,,,,,,,,,,,,,,,,,,,,,,28.00,,,,336536800,6004808,,false,false,12,2020-04-01,2021-03-31,-1
2021-07-30,21270,2022-03-31,1,,,,,,,,,,,,,,,,,,,,,,,,,,,,,18.00,,,,,,,false,true,12,2021-04-01,2022-03-31,0
2021-07-30,21270,2022-03-31,1,,,,,,,,,,,,,,,,,,,,,,,,,,,,,,,,,336556800,6004976,330532097,false,false,3,2021-04-01,2021-06-30,0
2021-07-30,21270,2021-03-31,1,,,,,,,,,,,,,,,,,,,,,,,,,,,,,,,,,,,326138128,false,false,3,2020-04-01,2020-06-30,-1
2021-10-28,21270,2022-03-31,,23630000000,0.182,,,,,11800000000,0.180,11790000000,0.179,7990000000,,0.141,24.17,,,,,,,,,,,,,,,,,,,,,,true,true,6,2021-04-01,2021-09-30,0
2021-10-28,21270,2021-03-31,,18781000000,,,,,,9775000000,,9768000000,,6763000000,,,20.65,,,,,,,,,,,,,,,,,,,,,,true,false,6,2020-04-01,2020-09-30,-1
2021-10-28,21270,2022-03-31,,39000000000,0.040,,,,,18000000000,0.047,18000000000,0.047,12600000000,,0.047,38.12,,,,,,,,,,,,,,,,,,,,,,true,true,12,2021-04-01,2022-03-31,0
2021-10-28,21270,2021-03-31,,36130000000,,,,,,16408000000,,16540000000,,11415000000,,,34.70,,,,,,,,,,,,,,,,,,,,,,true,false,12,2020-04-01,2021-03-31,-1
2021-10-29,21270,2022-03-31,2,23634000000,0.258,,,,,11800000000,0.207,11793000000,0.207,,7996000000,,24.19,23.91,,,,,60239000000,51199000000,0.845,,50930000000,,,,,,,,,,,,true,false,6,2021-04-01,2021-09-30,0
2021-10-29,21270,2021-03-31,2,18781000000,0.061,,,,,9775000000,0.064,9768000000,0.056,,6763000000,,20.65,20.39,,,,,,,,,,,,,,,,,,,,,true,false,6,2020-04-01,2020-09-30,-1
2021-10-29,21270,2022-03-31,2,39000000000,0.079,,,,,18000000000,0.097,18000000000,0.088,,12600000000,,38.12,,,,,,,,,,,,,,,,,,,,,,true,true,12,2021-04-01,2022-03-31,0
2021-10-29,21270,2021-03-31,2,,,,,,,,,,,,,,,,,,,,55558000000,45427000000,0.813,,45188000000,,,,,,,,,,,,true,false,12,2020-04-01,2021-03-31,-1
2021-10-29,21270,2021-03-31,2,,,,,,,,,,,,,,,,,,,,,,,,,,,,,28.00,,,,336536800,6004808,,false,false,12,2020-04-01,2021-03-31,-1
2021-10-29,21270,2022-03-31,2,,,,,,,,,,,,,,,,,,,,,,,,,,,,,9.00,,,,,,,false,false,12,2021-04-01,2022-03-31,0
2021-10-29,21270,2022-03-31,2,,,,,,,,,,,,,,,,,,,,,,,,,,,,,18.00,,,,,,,false,true,12,2021-04-01,2022-03-31,0
2021-10-29,21270,2022-03-31,2,,,,,,,,,,,,,,,,,,,,,,,,,,,,,,,,,336556800,6004976,330542015,false,false,6,2021-04-01,2021-09-30,0
2021-10-29,21270,2021-03-31,2,,,,,,,,,,,,,,,,,,,,,,,,,,,,,,,,,,,327574090,false,false,6,2020-04-01,2020-09-30,-1
2022-02-14,21270,2022-03-31,3,34273000000,0.231,,,,,15541000000,0.140,15643000000,0.146,,10502000000,,31.77,31.40,,,,,58130000000,50266000000,0.860,,49982000000,,,,,,,,,,,,true,false,9,2021-04-01,2021-12-31,0
2022-02-14,21270,2021-03-31,3,27832000000,0.064,,,,,13637000000,0.061,13655000000,0.050,,9428000000,,28.70,28.38,,,,,,,,,,,,,,,,,,,,,true,false,9,2020-04-01,2020-12-31,-1
2022-02-14,21270,2022-03-31,3,39000000000,0.121,,,,,18000000000,0.174,18000000000,0.164,,12600000000,,38.12,,,,,,,,,,,,,,,,,,,,,,true,true,12,2021-04-01,2022-03-31,0
2022-02-14,21270,2021-03-31,3,,,,,,,,,,,,,,,,,,,,54110000000,44690000000,0.821,,44451000000,,,,,,,,,,,,true,false,12,2020-04-01,2021-03-31,-1
2022-02-14,21270,2021-03-31,3,,,,,,,,,,,,,,,,,,,,,,,,,,,,,28.00,,,,336536800,6004808,,false,false,12,2020-04-01,2021-03-31,-1
2022-02-14,21270,2022-03-31,3,,,,,,,,,,,,,,,,,,,,,,,,,,,,,9.00,,,,,,,false,false,12,2021-04-01,2022-03-31,0
2022-02-14,21270,2022-03-31,3,,,,,,,,,,,,,,,,,,,,,,,,,,,,,18.00,,,,,,,false,true,12,2021-04-01,2022-03-31,0
2022-02-14,21270,2022-03-31,3,,,,,,,,,,,,,,,,,,,,,,,,,,,,,,,,,336556800,6005019,330545291,false,false,9,2021-04-01,2021-12-31,0
2022-02-14,21270,2021-03-31,3,,,,,,,,,,,,,,,,,,,,,,,,,,,,,,,,,,,328523009,false,false,9,2020-04-01,2020-12-31,-1
2021-10-29,21270,2022-03-31,2,23420000000,0.275,,,,,11548000000,0.225,11541000000,0.225,,7821000000,,23.66,23.39,,,,,58518000000,50287000000,0.855,,50019000000,,,,,,,,,,,,true,false,6,2021-04-01,2021-09-30,0
2021-10-29,21270,2021-03-31,2,18363000000,0.038,,,,,9430000000,0.027,9423000000,0.019,,6524000000,,19.92,19.67,,,,,,,,,,,,,,,,,,,,,true,false,6,2020-04-01,2020-09-30,-1
2021-10-29,21270,2022-03-31,2,39000000000,0.121,,,,,18000000000,0.174,18000000000,0.164,,12600000000,,38.12,,,,,,,,,,,,,,,,,,,,,,true,true,12,2021-04-01,2022-03-31,0
2021-10-29,21270,2021-03-31,2,,,,,,,,,,,,,,,,,,,,54110000000,44690000000,0.821,,44451000000,,,,,,,,,,,,true,false,12,2020-04-01,2021-03-31,-1
2021-10-29,21270,2021-03-31,2,,,,,,,,,,,,,,,,,,,,,,,,,,,,,28.00,,,,336536800,6004808,,false,false,12,2020-04-01,2021-03-31,-1
2021-10-29,21270,2022-03-31,2,,,,,,,,,,,,,,,,,,,,,,,,,,,,,9.00,,,,,,,false,false,12,2021-04-01,2022-03-31,0
2021-10-29,21270,2022-03-31,2,,,,,,,,,,,,,,,,,,,,,,,,,,,,,18.00,,,,,,,false,true,12,2021-04-01,2022-03-31,0
2021-10-29,21270,2022-03-31,2,,,,,,,,,,,,,,,,,,,,,,,,,,,,,,,,,336556800,6004976,330542015,false,false,6,2021-04-01,2021-09-30,0
2021-10-29,21270,2021-03-31,2,,,,,,,,,,,,,,,,,,,,,,,,,,,,,,,,,,,327574090,false,false,6,2020-04-01,2020-09-30,-1
2021-07-30,21270,2022-03-31,1,11727000000,0.322,,,,,5806000000,0.232,5760000000,0.225,,3895000000,,11.79,11.66,,,,,53065000000,46194000000,0.866,,45935000000,,,,,,,,,,,,true,false,3,2021-04-01,2021-06-30,0
2021-07-30,21270,2021-03-31,1,8868000000,0.152,,,,,4713000000,0.210,4703000000,0.197,,3225000000,,9.89,9.75,,,,,,,,,,,,,,,,,,,,,true,false,3,2020-04-01,2020-06-30,-1
2021-07-30,21270,2022-03-31,1,20000000000,0.089,,,,,10000000000,0.060,10000000000,0.061,,7000000000,,21.18,,,,,,,,,,,,,,,,,,,,,,true,true,6,2021-04-01,2021-09-30,0
2021-07-30,21270,2022-03-31,1,37500000000,0.078,,,,,17200000000,0.122,17200000000,0.112,,12040000000,,36.43,,,,,,,,,,,,,,,,,,,,,,true,true,12,2021-04-01,2022-03-31,0
2021-07-30,21270,2021-03-31,1,,,,,,,,,,,,,,,,,,,,54110000000,44690000000,0.821,,44451000000,,,,,,,,,,,,true,false,12,2020-04-01,2021-03-31,-1
2021-07-30,21270,2021-03-31,1,,,,,,,,,,,,,,,,,,,,,,,,,,,,,28.00,,,,336536800,6004808,,false,false,12,2020-04-01,2021-03-31,-1
2021-07-30,21270,2022-03-31,1,,,,,,,,,,,,,,,,,,,,,,,,,,,,,18.00,,,,,,,false,true,12,2021-04-01,2022-03-31,0
2021-07-30,21270,2022-03-31,1,,,,,,,,,,,,,,,,,,,,,,,,,,,,,,,,,336556800,6004976,330532097,false,false,3,2021-04-01,2021-06-30,0
2021-07-30,21270,2021-03-31,1,,,,,,,,,,,,,,,,,,,,,,,,,,,,,,,,,,,326138128,false,false,3,2020-04-01,2020-06-30,-1
2021-04-30,21270,2021-03-31,,34795000000,0.087,,,,,15336000000,0.076,15468000000,0.069,,10678000000,,32.46,32.12,0.266,0.314,0.441,,54110000000,44690000000,0.821,134.49,44451000000,11458000000,22324000000,-3095000000,41863000000,,0.431,,,,,,true,false,12,2020-04-01,2021-03-31,0
2021-04-30,21270,2020-03-31,,32009000000,0.125,,,,,14247000000,0.137,14467000000,0.154,,10273000000,,31.65,31.29,0.326,0.362,0.445,,44296000000,35943000000,0.810,109.95,35858000000,10313000000,-5801000000,-2327000000,11178000000,,0.411,,,,,,true,false,12,2019-04-01,2020-03-31,-1
2021-04-30,21270,2022-03-31,,17000000000,-0.074,,,,,7740000000,-0.179,7740000000,-0.179,,5418000000,,16.39,,,,,,,,,,,,,,,,,,,,,,true,true,6,2021-04-01,2021-09-30,1
2021-04-30,21270,2022-03-31,,37500000000,0.078,,,,,17200000000,0.122,17200000000,0.112,,12040000000,,36.43,,,,,,,,,,,,,,,,0.494,,,,,,true,true,12,2021-04-01,2022-03-31,1
2021-04-30,21270,2021-03-31,,34336000000,0.081,,,,,15176000000,0.067,15184000000,0.061,10459000000,,0.043,31.79,31.46,,,,,53067000000,43792000000,0.825,132.42,43769000000,,,,,28.00,,,,336536800,6004808,329001542,false,false,12,2020-04-01,2021-03-31,0
2021-04-30,21270,2020-03-31,,31758000000,0.121,,,,,14218000000,0.123,14310000000,0.134,10031000000,,0.117,30.90,30.55,,,,,43780000000,35448000000,0.809,108.59,35413000000,,,,,26.00,,,,332130400,6004808,324618598,false,false,12,2019-04-01,2020-03-31,-1
2021-04-30,21270,2022-03-31,,,,,,,,,,,,,,,,,,,,,,,,,,,,,,18.00,,,,,,,false,true,12,2021-04-01,2022-03-31,1
2022-04-28,21270,2022-03-31,,40401000000,0.161,,,,,16430000000,0.071,16864000000,0.090,,11437000000,,34.60,34.23,0.240,0.298,0.407,,58919000000,51026000000,0.861,153.51,50743000000,11099000000,270000000,-5943000000,47300000000,,0.520,,,,,,true,false,12,2021-04-01,2022-03-31,0
2022-04-28,21270,2021-03-31,,34795000000,0.087,,,,,15336000000,0.076,15468000000,0.069,,10678000000,,32.46,32.12,0.266,0.314,0.441,,54110000000,44690000000,0.821,134.49,44451000000,11458000000,22324000000,-3095000000,41863000000,,0.431,,,,,,true,false,12,2020-04-01,2021-03-31,-1
2022-04-28,21270,2023-03-31,,17000000000,-0.274,,,,,7200000000,-0.377,7200000000,-0.376,,5040000000,,15.17,,,,,,,,,,,,,,,,,,,,,,true,true,6,2022-04-01,2022-09-30,1
2022-04-28,21270,2023-03-31,,42000000000,0.040,,,,,18000000000,0.096,18000000000,0.067,,12600000000,,37.93,,,,,,,,,,,,,,,,0.420,,,,,,true,true,12,2022-04-01,2023-03-31,1
2022-04-28,21270,2022-03-31,,23107000000,-0.327,,,,,11739000000,-0.226,11819000000,-0.222,8123000000,,-0.223,24.58,24.31,,,,,34023000000,33115000000,0.973,100.13,33099000000,,,,,18.00,,,,336556800,6005019,330546891,false,false,12,2021-04-01,2022-03-31,0
2022-04-28,21270,2021-03-31,,34336000000,0.081,,,,,15176000000,0.067,15184000000,0.061,10459000000,,0.043,31.79,31.46,,,,,53067000000,43792000000,0.825,132.42,43769000000,,,,,28.00,,,,336536800,6004808,329001542,false,false,12,2020-04-01,2021-03-31,-1
2022-04-28,21270,2023-03-31,,,,,,,,,,,,,,,,,,,,,,,,,,,,,,16.00,,,,,,,false,true,12,2022-04-01,2023-03-31,1
2022-07-29,21270,2023-03-31,1,9068000000,-0.227,,,,,3616000000,-0.377,3579000000,-0.379,,2270000000,,6.87,6.86,,,,,54858000000,50225000000,0.910,,49935000000,,,,,,,,,,,,true,false,3,2022-04-01,2022-06-30,0
2022-07-29,21270,2022-03-31,1,11727000000,0.322,,,,,5806000000,0.232,5760000000,0.225,,3895000000,,11.79,11.66,,,,,,,,,,,,,,,,,,,,,true,false,3,2021-04-01,2021-06-30,-1
2022-07-29,21270,2023-03-31,1,17000000000,-0.274,,,,,7200000000,-0.377,7200000000,-0.376,,5040000000,,15.17,,,,,,,,,,,,,,,,,,,,,,true,true,6,2022-04-01,2022-09-30,0
2022-07-29,21270,2023-03-31,1,42000000000,0.040,,,,,18000000000,0.096,18000000000,0.067,,12600000000,,37.93,,,,,,,,,,,,,,,,,,,,,,true,true,12,2022-04-01,2023-03-31,0
2022-07-29,21270,2022-03-31,1,,,,,,,,,,,,,,,,,,,,58919000000,51026000000,0.861,,50743000000,,,,,,,,,,,,true,false,12,2021-04-01,2022-03-31,-1
2022-07-29,21270,2022-03-31,1,,,,,,,,,,,,,,,,,,,,,,,,,,,,,18.00,,,,336556800,6005019,,false,false,12,2021-04-01,2022-03-31,-1
2022-07-29,21270,2023-03-31,1,,,,,,,,,,,,,,,,,,,,,,,,,,,,,23.00,,,,,,,false,true,12,2022-04-01,2023-03-31,0
2022-07-29,21270,2023-03-31,1,,,,,,,,,,,,,,,,,,,,,,,,,,,,,,,,,336556800,6005019,330551781,false,false,3,2022-04-01,2022-06-30,0
2022-07-29,21270,2022-03-31,1,,,,,,,,,,,,,,,,,,,,,,,,,,,,,,,,,,,330532097,false,false,3,2021-04-01,2021-06-30,-1
2022-10-24,21270,2023-03-31,,20000000000,0.176,,,,,7900000000,0.097,7900000000,0.097,,5080000000,,15.29,,,,,,,,,,,,,,,,,,,,,,true,true,6,2022-04-01,2022-09-30,0
2022-10-24,21270,2022-03-31,,23420000000,,,,,,11548000000,,11541000000,,,7821000000,,23.66,,,,,,,,,,,,,,,,,,,,,,true,false,6,2021-04-01,2021-09-30,-1
2022-10-28,21270,2023-03-31,2,20099000000,-0.142,,,,,7998000000,-0.307,7972000000,-0.309,,5067000000,,15.33,15.30,,,,,61597000000,53294000000,0.860,,52994000000,,,,,,,,,,,,true,false,6,2022-04-01,2022-09-30,0
2022-10-28,21270,2022-03-31,2,23420000000,0.275,,,,,11548000000,0.225,11541000000,0.225,,7821000000,,23.66,23.39,,,,,,,,,,,,,,,,,,,,,true,false,6,2021-04-01,2021-09-30,-1
2022-10-28,21270,2023-03-31,2,42000000000,0.040,,,,,18000000000,0.096,18000000000,0.067,,12600000000,,37.93,,,,,,,,,,,,,,,,,,,,,,true,true,12,2022-04-01,2023-03-31,0
2022-10-28,21270,2022-03-31,2,,,,,,,,,,,,,,,,,,,,58919000000,51026000000,0.861,,50743000000,,,,,,,,,,,,true,false,12,2021-04-01,2022-03-31,-1
2022-10-28,21270,2022-03-31,2,,,,,,,,,,,,,,,,,,,,,,,,,,,,,18.00,,,,336556800,6005019,,false,false,12,2021-04-01,2022-03-31,-1
2022-10-28,21270,2023-03-31,2,,,,,,,,,,,,,,,,,,,,,,,,,,,,,11.00,,,,,,,false,false,12,2022-04-01,2023-03-31,0
2022-10-28,21270,2023-03-31,2,,,,,,,,,,,,,,,,,,,,,,,,,,,,,23.00,,,,,,,false,true,12,2022-04-01,2023-03-31,0
2022-10-28,21270,2023-03-31,2,,,,,,,,,,,,,,,,,,,,,,,,,,,,,,,,,336748800,6005061,330580160,false,false,6,2022-04-01,2022-09-30,0
2022-10-28,21270,2022-03-31,2,,,,,,,,,,,,,,,,,,,,,,,,,,,,,,,,,,,330542015,false,false,6,2021-04-01,2021-09-30,-1
2023-01-27,21270,2023-03-31,3,29876000000,-0.128,,,,,11115000000,-0.285,11045000000,-0.294,,7097000000,,21.46,21.41,,,,,60538000000,52018000000,0.854,,51715000000,,,,,,,,,,,,true,false,9,2022-04-01,2022-12-31,0
2023-01-27,21270,2022-03-31,3,34273000000,0.231,,,,,15541000000,0.140,15643000000,0.146,,10502000000,,31.77,31.40,,,,,,,,,,,,,,,,,,,,,true,false,9,2021-04-01,2021-12-31,-1
2023-01-27,21270,2023-03-31,3,42000000000,0.040,,,,,18000000000,0.096,18000000000,0.067,,12600000000,,37.93,,,,,,,,,,,,,,,,,,,,,,true,true,12,2022-04-01,2023-03-31,0
2023-01-27,21270,2022-03-31,3,,,,,,,,,,,,,,,,,,,,58919000000,51026000000,0.861,,50743000000,,,,,,,,,,,,true,false,12,2021-04-01,2022-03-31,-1
2023-01-27,21270,2022-03-31,3,,,,,,,,,,,,,,,,,,,,,,,,,,,,,18.00,,,,336556800,6005019,,false,false,12,2021-04-01,2022-03-31,-1
2023-01-27,21270,2023-03-31,3,,,,,,,,,,,,,,,,,,,,,,,,,,,,,11.00,,,,,,,false,false,12,2022-04-01,2023-03-31,0
2023-01-27,21270,2023-03-31,3,,,,,,,,,,,,,,,,,,,,,,,,,,,,,23.00,,,,,,,false,true,12,2022-04-01,2023-03-31,0
2023-01-27,21270,2023-03-31,3,,,,,,,,,,,,,,,,,,,,,,,,,,,,,,,,,336904800,6005099,330655647,false,false,9,2022-04-01,2022-12-31,0
2023-01-27,21270,2022-03-31,3,,,,,,,,,,,,,,,,,,,,,,,,,,,,,,,,,,,330545291,false,false,9,2021-04-01,2021-12-31,-1
2023-04-28,21270,2023-03-31,,41315000000,0.023,,,,,15298000000,-0.069,15472000000,-0.082,,9842000000,,29.76,29.71,0.187,0.248,0.370,,65765000000,54720000000,0.828,164.48,54431000000,8153000000,-3999000000,-6093000000,45400000000,,0.773,,,,,,true,false,12,2022-04-01,2023-03-31,0
2023-04-28,21270,2022-03-31,,40401000000,0.161,,,,,16430000000,0.071,16864000000,0.090,,11437000000,,34.60,34.23,0.240,0.298,0.407,,58919000000,51026000000,0.861,153.51,50743000000,11099000000,270000000,-5943000000,47300000000,,0.520,,,,,,true,false,12,2021-04-01,2022-03-31,-1
2023-04-28,21270,2024-03-31,,17600000000,-0.124,,,,,6800000000,-0.150,6800000000,-0.147,,4400000000,,13.30,,,,,,,,,,,,,,,,,,,,,,true,true,6,2023-04-01,2023-09-30,1
2023-04-28,21270,2024-03-31,,44000000000,0.065,,,,,17000000000,0.111,17000000000,0.099,,11000000000,,33.24,,,,,,,,,,,,,,,,0.692,,,,,,true,true,12,2023-04-01,2024-03-31,1
2023-04-28,21270,2023-03-31,,,,,,3842000000,-0.834,2986000000,-0.746,3032000000,-0.743,2736000000,,-0.663,8.27,8.26,,,,,30282000000,29756000000,0.982,89.88,29742000000,,,,,23.00,,,,336934800,6005099,330720756,false,false,12,2022-04-01,2023-03-31,0
2023-04-28,21270,2022-03-31,,,,,,23107000000,-0.327,11739000000,-0.226,11819000000,-0.222,8123000000,,-0.223,24.58,24.31,,,,,34023000000,33115000000,0.973,100.13,33099000000,,,,,18.00,,,,336556800,6005019,330546891,false,false,12,2021-04-01,2022-03-31,-1
2023-04-28,21270,2024-03-31,,,,,,,,,,,,,,,,,,,,,,,,,,,,,,23.00,,,,,,,false,true,12,2023-04-01,2024-03-31,1
2023-07-28,21270,2024-03-31,1,8246000000,-0.091,,,,,1716000000,-0.526,1640000000,-0.542,,925000000,,2.82,,,,,,57104000000,44518000000,0.779,,44474000000,,,,,,,,,,,,true,false,3,2023-04-01,2023-06-30,0
2023-07-28,21270,2023-03-31,1,9068000000,-0.227,,,,,3616000000,-0.377,3579000000,-0.379,,2270000000,,6.87,6.86,,,,,,,,,,,,,,,,,,,,,true,false,3,2022-04-01,2022-06-30,-1
2023-07-28,21270,2024-03-31,1,17600000000,-0.124,,,,,6800000000,-0.150,6800000000,-0.147,,4400000000,,13.30,,,,,,,,,,,,,,,,,,,,,,true,true,6,2023-04-01,2023-09-30,0
2023-07-28,21270,2024-03-31,1,44000000000,0.065,,,,,17000000000,0.111,17000000000,0.099,,11000000000,,33.24,,,,,,,,,,,,,,,,,,,,,,true,true,12,2023-04-01,2024-03-31,0
2023-07-28,21270,2023-03-31,1,,,,,,,,,,,,,,,,,,,,65765000000,54720000000,0.828,,54431000000,,,,,,,,,,,,true,false,12,2022-04-01,2023-03-31,-1
2023-07-28,21270,2023-03-31,1,,,,,,,,,,,,,,,,,,,,,,,,,,,,,23.00,,,,336934800,6005099,,false,false,12,2022-04-01,2023-03-31,-1
2023-07-28,21270,2024-03-31,1,,,,,,,,,,,,,,,,,,,,,,,,,,,,,23.00,,,,,,,false,true,12,2023-04-01,2024-03-31,0
2023-07-28,21270,2024-03-31,1,,,,,,,,,,,,,,,,,,,,,,,,,,,,,,,,,336934800,12750899,328631681,false,false,3,2023-04-01,2023-06-30,0
2023-07-28,21270,2023-03-31,1,,,,,,,,,,,,,,,,,,,,,,,,,,,,,,,,,,,330551781,false,false,3,2022-04-01,2022-06-30,-1
2023-10-27,21270,2024-03-31,2,19171000000,-0.046,,,,,6104000000,-0.237,6109000000,-0.234,,3703000000,,11.35,,,,,,59980000000,47252000000,0.787,,47202000000,,,,,,,,,,,,true,false,6,2023-04-01,2023-09-30,0
2023-10-27,21270,2023-03-31,2,20099000000,-0.142,,,,,7998000000,-0.307,7972000000,-0.309,,5067000000,,15.33,15.30,,,,,,,,,,,,,,,,,,,,,true,false,6,2022-04-01,2022-09-30,-1
2023-10-27,21270,2024-03-31,2,44000000000,0.065,,,,,17000000000,0.111,17000000000,0.099,,11000000000,,33.24,,,,,,,,,,,,,,,,,,,,,,true,true,12,2023-04-01,2024-03-31,0
2023-10-27,21270,2023-03-31,2,,,,,,,,,,,,,,,,,,,,65765000000,54720000000,0.828,,54431000000,,,,,,,,,,,,true,false,12,2022-04-01,2023-03-31,-1
2023-10-27,21270,2023-03-31,2,,,,,,,,,,,,,,,,,,,,,,,,,,,,,23.00,,,,336934800,6005099,,false,false,12,2022-04-01,2023-03-31,-1
2023-10-27,21270,2024-03-31,2,,,,,,,,,,,,,,,,,,,,,,,,,,,,,11.00,,,,,,,false,false,12,2023-04-01,2024-03-31,0
2023-10-27,21270,2024-03-31,2,,,,,,,,,,,,,,,,,,,,,,,,,,,,,23.00,,,,,,,false,true,12,2023-04-01,2024-03-31,0
2023-10-27,21270,2024-03-31,2,,,,,,,,,,,,,,,,,,,,,,,,,,,,,,,,,336934800,12750899,326395639,false,false,6,2023-04-01,2023-09-30,0
2023-10-27,21270,2023-03-31,2,,,,,,,,,,,,,,,,,,,,,,,,,,,,,,,,,,,330580160,false,false,6,2022-04-01,2022-09-30,-1
2024-01-30,21270,2024-03-31,3,31147000000,0.043,,,,,11234000000,0.011,11676000000,0.057,,7306000000,,22.44,,,,,,58960000000,47321000000,0.802,,47263000000,,,,,,,,,,,,true,false,9,2023-04-01,2023-12-31,0
2024-01-30,21270,2023-03-31,3,29876000000,-0.128,,,,,11115000000,-0.285,11045000000,-0.294,,7097000000,,21.46,21.41,,,,,,,,,,,,,,,,,,,,,true,false,9,2022-04-01,2022-12-31,-1
2024-01-30,21270,2024-03-31,3,44000000000,0.065,,,,,17000000000,0.111,17000000000,0.099,,11000000000,,33.24,,,,,,,,,,,,,,,,,,,,,,true,true,12,2023-04-01,2024-03-31,0
2024-01-30,21270,2023-03-31,3,,,,,,,,,,,,,,,,,,,,65765000000,54720000000,0.828,,54431000000,,,,,,,,,,,,true,false,12,2022-04-01,2023-03-31,-1
2024-01-30,21270,2023-03-31,3,,,,,,,,,,,,,,,,,,,,,,,,,,,,,23.00,,,,336934800,6005099,,false,false,12,2022-04-01,2023-03-31,-1
2024-01-30,21270,2024-03-31,3,,,,,,,,,,,,,,,,,,,,,,,,,,,,,11.00,,,,,,,false,false,12,2023-04-01,2024-03-31,0
2024-01-30,21270,2024-03-31,3,,,,,,,,,,,,,,,,,,,,,,,,,,,,,23.00,,,,,,,false,true,12,2023-04-01,2024-03-31,0
2024-01-30,21270,2024-03-31,3,,,,,,,,,,,,,,,,,,,,,,,,,,,,,,,,,336934800,12750901,325655712,false,false,9,2023-04-01,2023-12-31,0
2024-01-30,21270,2023-03-31,3,,,,,,,,,,,,,,,,,,,,,,,,,,,,,,,,,,,330655647,false,false,9,2022-04-01,2022-12-31,-1
2024-04-30,21270,2024-03-31,,44136000000,0.068,,,,,16066000000,0.050,16518000000,0.068,,10727000000,,33.04,,0.218,0.266,0.364,,58640000000,43973000000,0.749,138.41,43897000000,10547000000,-18224000000,-15232000000,22303000000,,0.696,,,,,,true,false,12,2023-04-01,2024-03-31,0
2024-04-30,21270,2023-03-31,,41315000000,0.023,,,,,15298000000,-0.069,15472000000,-0.082,,9842000000,,29.76,29.71,0.187,0.248,0.370,,65765000000,54720000000,0.828,164.48,54431000000,8153000000,-3999000000,-6093000000,45400000000,,0.773,,,,,,true,false,12,2022-04-01,2023-03-31,-1
2024-04-30,21270,2025-03-31,,19500000000,0.017,,,,,4500000000,-0.263,4500000000,-0.263,,2900000000,,9.14,,,,,,,,,,,,,,,,,,,,,,true,true,6,2024-04-01,2024-09-30,1
2024-04-30,21270,2025-03-31,,48900000000,0.108,,,,,17000000000,0.058,17000000000,0.029,,11000000000,,34.68,,,,,,,,,,,,,,,,0.836,,,,,,true,true,12,2024-04-01,2025-03-31,1
2024-04-30,21270,2024-03-31,,,,,,8929000000,1.324,7916000000,1.651,7865000000,1.594,7860000000,,1.873,24.21,,,,,,22736000000,16078000000,0.707,50.66,16066000000,,,,,23.00,,,,336934800,19771901,324675911,false,false,12,2023-04-01,2024-03-31,0
2024-04-30,21270,2023-03-31,,,,,,3842000000,-0.834,2986000000,-0.746,3032000000,-0.743,2736000000,,-0.663,8.27,8.26,,,,,30282000000,29756000000,0.982,89.88,29742000000,,,,,23.00,,,,336934800,6005099,330720756,false,false,12,2022-04-01,2023-03-31,-1
2024-04-30,21270,2025-03-31,,,,,,,,,,,,,,,,,,,,,,,,,,,,,,29.00,,,,,,,false,true,12,2024-04-01,2025-03-31,1
2024-07-30,21270,2025-03-31,1,7638000000,-0.074,,,,,1603000000,-0.066,1546000000,-0.057,,869000000,,2.74,,,,,,51217000000,41326000000,0.805,,41246000000,,,,,,,,,,,,true,false,3,2024-04-01,2024-06-30,0
2024-07-30,21270,2024-03-31,1,8246000000,-0.091,,,,,1716000000,-0.526,1640000000,-0.542,,925000000,,2.82,,,,,,,,,,,,,,,,,,,,,,true,false,3,2023-04-01,2023-06-30,-1
2024-07-30,21270,2025-03-31,1,19500000000,0.017,,,,,4500000000,-0.263,4500000000,-0.263,,2900000000,,9.14,,,,,,,,,,,,,,,,,,,,,,true,true,6,2024-04-01,2024-09-30,0
2024-07-30,21270,2025-03-31,1,48900000000,0.108,,,,,17000000000,0.058,17000000000,0.029,,11000000000,,34.68,,,,,,,,,,,,,,,,,,,,,,true,true,12,2024-04-01,2025-03-31,0
2024-07-30,21270,2024-03-31,1,,,,,,,,,,,,,,,,,,,,58640000000,43973000000,0.749,,43897000000,,,,,,,,,,,,true,false,12,2023-04-01,2024-03-31,-1
2024-07-30,21270,2024-03-31,1,,,,,,,,,,,,,,,,,,,,,,,,,,,,,23.00,,,,336934800,19771901,,false,false,12,2023-04-01,2024-03-31,-1
2024-07-30,21270,2025-03-31,1,,,,,,,,,,,,,,,,,,,,,,,,,,,,,29.00,,,,,,,false,true,12,2024-04-01,2025-03-31,0
2024-07-30,21270,2025-03-31,1,,,,,,,,,,,,,,,,,,,,,,,,,,,,,,,,,336934800,19771901,317162899,false,false,3,2024-04-01,2024-06-30,0
2024-07-30,21270,2024-03-31,1,,,,,,,,,,,,,,,,,,,,,,,,,,,,,,,,,,,328631681,false,false,3,2023-04-01,2023-06-30,-1
2024-10-30,21270,2025-03-31,2,18591000000,-0.030,,,,,5924000000,-0.029,5990000000,-0.019,,3739000000,,11.79,,,,,,55303000000,44153000000,0.797,,44049000000,,,,,,,,,,,,true,false,6,2024-04-01,2024-09-30,0
2024-10-30,21270,2024-03-31,2,19171000000,-0.046,,,,,6104000000,-0.237,6109000000,-0.234,,3703000000,,11.35,,,,,,,,,,,,,,,,,,,,,,true,false,6,2023-04-01,2023-09-30,-1
2024-10-30,21270,2025-03-31,2,48900000000,0.108,,,,,17000000000,0.058,17000000000,0.029,,11000000000,,34.68,,,,,,,,,,,,,,,,,,,,,,true,true,12,2024-04-01,2025-03-31,0
2024-10-30,21270,2024-03-31,2,,,,,,,,,,,,,,,,,,,,58640000000,43973000000,0.749,,43897000000,,,,,,,,,,,,true,false,12,2023-04-01,2024-03-31,-1
2024-10-30,21270,2024-03-31,2,,,,,,,,,,,,,,,,,,,,,,,,,,,,,23.00,,,,336934800,19771901,,false,false,12,2023-04-01,2024-03-31,-1
2024-10-30,21270,2025-03-31,2,,,,,,,,,,,,,,,,,,,,,,,,,,,,,14.00,,,,,,,false,false,12,2024-04-01,2025-03-31,0
2024-10-30,21270,2025-03-31,2,,,,,,,,,,,,,,,,,,,,,,,,,,,,,29.00,,,,,,,false,true,12,2024-04-01,2025-03-31,0
2024-10-30,21270,2025-03-31,2,,,,,,,,,,,,,,,,,,,,,,,,,,,,,,,,,336934800,19709633,317183995,false,false,6,2024-04-01,2024-09-30,0
2024-10-30,21270,2024-03-31,2,,,,,,,,,,,,,,,,,,,,,,,,,,,,,,,,,,,326395639,false,false,6,2023-04-01,2023-09-30,-1
2025-01-30,21270,2025-03-31,3,29843000000,-0.042,,,,,10552000000,-0.061,10712000000,-0.083,,6810000000,,21.47,,,,,,53713000000,43305000000,0.800,,42972000000,,,,,,,,,,,,true,false,9,2024-04-01,2024-12-31,0
2025-01-30,21270,2024-03-31,3,31147000000,0.043,,,,,11234000000,0.011,11676000000,0.057,,7306000000,,22.44,,,,,,,,,,,,,,,,,,,,,,true,false,9,2023-04-01,2023-12-31,-1
2025-01-30,21270,2025-03-31,3,48900000000,0.108,,,,,17000000000,0.058,17000000000,0.029,,11000000000,,34.68,,,,,,,,,,,,,,,,,,,,,,true,true,12,2024-04-01,2025-03-31,0
2025-01-30,21270,2024-03-31,3,,,,,,,,,,,,,,,,,,,,58640000000,43973000000,0.749,,43897000000,,,,,,,,,,,,true,false,12,2023-04-01,2024-03-31,-1
2025-01-30,21270,2024-03-31,3,,,,,,,,,,,,,,,,,,,,,,,,,,,,,23.00,,,,336934800,19771901,,false,false,12,2023-04-01,2024-03-31,-1
2025-01-30,21270,2025-03-31,3,,,,,,,,,,,,,,,,,,,,,,,,,,,,,14.00,,,,,,,false,false,12,2024-04-01,2025-03-31,0
2025-01-30,21270,2025-03-31,3,,,,,,,,,,,,,,,,,,,,,,,,,,,,,29.00,,,,,,,false,true,12,2024-04-01,2025-03-31,0
2025-01-30,21270,2025-03-31,3,,,,,,,,,,,,,,,,,,,,,,,,,,,,,,,,,336934800,19709633,317197769,false,false,9,2024-04-01,2024-12-31,0
2025-01-30,21270,2024-03-31,3,,,,,,,,,,,,,,,,,,,,,,,,,,,,,,,,,,,325655712,false,false,9,2023-04-01,2023-12-31,-1
2025-04-30,21270,2025-03-31,,44077000000,-0.001,,,,,16715000000,0.040,16918000000,0.024,,10955000000,,34.54,,0.241,0.281,0.379,,61786000000,47589000000,0.764,148.71,47174000000,13116000000,11982000000,-8753000000,38715000000,,0.840,,,,,,true,false,12,2024-04-01,2025-03-31,0
2025-04-30,21270,2024-03-31,,44136000000,0.068,,,,,16066000000,0.050,16518000000,0.068,,10727000000,,33.04,,0.218,0.266,0.364,,58640000000,43973000000,0.749,138.41,43897000000,10547000000,-18224000000,-15232000000,22303000000,,0.696,,,,,,true,false,12,2023-04-01,2024-03-31,-1
2025-04-30,21270,2026-03-31,,20100000000,0.081,,,,,6800000000,0.148,6800000000,0.135,,4000000000,,12.61,,,,,,,,,,,,,,,,,,,,,,true,true,6,2025-04-01,2025-09-30,1
2025-04-30,21270,2026-03-31,,46300000000,0.050,,,,,17000000000,0.017,17000000000,0.005,,11000000000,,34.67,,,,,,,,,,,,,,,,0.836,,,,,,true,true,12,2025-04-01,2026-03-31,1
2025-04-30,21270,2025-03-31,,,,,,9365000000,0.049,8426000000,0.064,8388000000,0.067,8387000000,,0.067,26.44,,,,,,21454000000,16258000000,0.758,51.25,16258000000,,,,,29.00,,,,336934800,19709653,317204523,false,false,12,2024-04-01,2025-03-31,0
2025-04-30,21270,2024-03-31,,,,,,8929000000,1.324,7916000000,1.651,7865000000,1.594,7860000000,,1.873,24.21,,,,,,22736000000,16078000000,0.707,50.66,16066000000,,,,,23.00,,,,336934800,19771901,324675911,false,false,12,2023-04-01,2024-03-31,-1
2025-04-30,21270,2026-03-31,,,,,,,,,,,,,,,,,,,,,,,,,,,,,,29.00,,,,,,,false,true,12,2025-04-01,2026-03-31,1
2025-07-30,21270,2026-03-31,1,9018000000,0.181,,,,,2509000000,0.566,2533000000,0.638,,1515000000,,4.78,,,,,,53481000000,44182000000,0.818,,43773000000,,,,,,,,,,,,true,false,3,2025-04-01,2025-06-30,0
2025-07-30,21270,2025-03-31,1,7638000000,-0.074,,,,,1603000000,-0.066,1546000000,-0.057,,869000000,,2.74,,,,,,,,,,,,,,,,,,,,,,true,false,3,2024-04-01,2024-06-30,-1
2025-07-30,21270,2026-03-31,1,20100000000,0.081,,,,,6800000000,0.148,6800000000,0.135,,4000000000,,12.61,,,,,,,,,,,,,,,,,,,,,,true,true,6,2025-04-01,2025-09-30,0
2025-07-30,21270,2026-03-31,1,46300000000,0.050,,,,,17000000000,0.017,17000000000,0.005,,11000000000,,34.67,,,,,,,,,,,,,,,,,,,,,,true,true,12,2025-04-01,2026-03-31,0
2025-07-30,21270,2025-03-31,1,,,,,,,,,,,,,,,,,,,,61786000000,47589000000,0.764,,47174000000,,,,,,,,,,,,true,false,12,2024-04-01,2025-03-31,-1
2025-07-30,21270,2025-03-31,1,,,,,,,,,,,,,,,,,,,,,,,,,,,,,29.00,,,,336934800,19709653,,false,false,12,2024-04-01,2025-03-31,-1
2025-07-30,21270,2026-03-31,1,,,,,,,,,,,,,,,,,,,,,,,,,,,,,29.00,,,,,,,false,true,12,2025-04-01,2026-03-31,0
2025-07-30,21270,2026-03-31,1,,,,,,,,,,,,,,,,,,,,,,,,,,,,,,,,,336934800,19709653,317225147,false,false,3,2025-04-01,2025-06-30,0
2025-07-30,21270,2025-03-31,1,,,,,,,,,,,,,,,,,,,,,,,,,,,,,,,,,,,317162899,false,false,3,2024-04-01,2024-06-30,-1
