filing_date,code,fiscal_year_end,quarterly_period,net_sales,net_sales_change,revenue,revenue_change,operating_revenue,operating_revenue_change,operating_profit,operating_profit_change,ordinary_profit,ordinary_profit_change,net_income,net_income_of_parent,net_income_change,eps,diluted_eps,roe,roa,operating_profit_to_net_sales,operating_profit_to_revenue,total_assets,net_assets,equity_ratio,bps,owner_equity,operating_cash_flow,investing_cash_flow,financing_cash_flow,cash,dividend_per_share,payout_ratio,commemorative_dividend,extra_dividend,number_of_shares,number_of_treqsury_shares,avg_number_of_shares,is_consolidated,is_forecast,duration,period_start,period_end,period_pos
2015-07-31,21390,2016-03-31,1,1551000000,0.015,,,,,63000000,-0.129,65000000,-0.127,,41000000,,6.06,,,,,,2947000000,1330000000,0.451,,1330000000,,,,,,,,,,,,true,false,3,2015-04-01,2015-06-30,0
2015-07-31,21390,2015-03-31,1,1527000000,0.048,,,,,73000000,0.064,75000000,0.105,,45000000,,7.00,6.83,,,,,,,,,,,,,,,,,,,,,true,false,3,2014-04-01,2014-06-30,-1
2015-07-31,21390,2016-03-31,1,3150000000,0.011,,,,,200000000,0.096,200000000,0.080,,125000000,,18.38,,,,,,,,,,,,,,,,,,,,,,true,true,6,2015-04-01,2015-09-30,0
2015-07-31,21390,2016-03-31,1,6800000000,0.062,,,,,550000000,0.134,540000000,0.147,,330000000,,48.53,,,,,,,,,,,,,,,,,,,,,,true,true,12,2015-04-01,2016-03-31,0
2015-07-31,21390,2015-03-31,1,,,,,,,,,,,,,,,,,,,,2990000000,1340000000,0.448,,1340000000,,,,,,,,,,,,true,false,12,2014-04-01,2015-03-31,-1
2015-07-31,21390,2015-03-31,1,,,,,,,,,,,,,,,,,,,,,,,,,,,,,8.00,,,,7044000,243864,,false,false,12,2014-04-01,2015-03-31,-1
2015-07-31,21390,2016-03-31,1,,,,,,,,,,,,,,,,,,,,,,,,,,,,,10.00,,,,,,,false,true,12,2015-04-01,2016-03-31,0
2015-07-31,21390,2016-03-31,1,,,,,,,,,,,,,,,,,,,,,,,,,,,,,,,,,7044000,243908,6800122,false,false,3,2015-04-01,2015-06-30,0
2015-07-31,21390,2015-03-31,1,,,,,,,,,,,,,,,,,,,,,,,,,,,,,,,,,,,6516378,false,false,3,2014-04-01,2014-06-30,-1
2015-10-30,21390,2016-03-31,2,3276000000,0.052,,,,,174000000,-0.046,175000000,-0.051,,111000000,,16.35,,,,,,3218000000,1401000000,0.436,,1401000000,,,,,,,,,,,,true,false,6,2015-04-01,2015-09-30,0
2015-10-30,21390,2015-03-31,2,3114000000,0.058,,,,,182000000,0.159,185000000,0.181,,114000000,,17.47,17.02,,,,,,,,,,,,,,,,,,,,,true,false,6,2014-04-01,2014-09-30,-1
2015-10-30,21390,2016-03-31,2,6800000000,0.062,,,,,550000000,0.134,540000000,0.147,,330000000,,48.53,,,,,,,,,,,,,,,,,,,,,,true,true,12,2015-04-01,2016-03-31,0
2015-10-30,21390,2015-03-31,2,,,,,,,,,,,,,,,,,,,,2990000000,1340000000,0.448,,1340000000,,,,,,,,,,,,true,false,12,2014-04-01,2015-03-31,-1
2015-10-30,21390,2015-03-31,2,,,,,,,,,,,,,,,,,,,,,,,,,,,,,8.00,,,,7044000,243864,,false,false,12,2014-04-01,2015-03-31,-1
2015-10-30,21390,2016-03-31,2,,,,,,,,,,,,,,,,,,,,,,,,,,,,,0.00,,,,,,,false,false,12,2015-04-01,2016-03-31,0
2015-10-30,21390,2016-03-31,2,,,,,,,,,,,,,,,,,,,,,,,,,,,,,10.00,,,,,,,false,true,12,2015-04-01,2016-03-31,0
2015-10-30,21390,2016-03-31,2,,,,,,,,,,,,,,,,,,,,,,,,,,,,,,,,,7044000,243938,6800092,false,false,6,2015-04-01,2015-09-30,0
2015-10-30,21390,2015-03-31,2,,,,,,,,,,,,,,,,,,,,,,,,,,,,,,,,,,,6525994,false,false,6,2014-04-01,2014-09-30,-1
2016-01-29,21390,2016-03-31,3,5152000000,0.080,,,,,299000000,-0.048,290000000,-0.028,,184000000,,27.19,,,,,,3312000000,1474000000,0.445,,1474000000,,,,,,,,,,,,true,false,9,2015-04-01,2015-12-31,0
2016-01-29,21390,2015-03-31,3,4768000000,0.041,,,,,314000000,0.015,298000000,-0.042,,184000000,,28.16,27.44,,,,,,,,,,,,,,,,,,,,,true,false,9,2014-04-01,2014-12-31,-1
2016-01-29,21390,2016-03-31,3,6800000000,0.062,,,,,550000000,0.134,540000000,0.147,,330000000,,48.53,,,,,,,,,,,,,,,,,,,,,,true,true,12,2015-04-01,2016-03-31,0
2016-01-29,21390,2015-03-31,3,,,,,,,,,,,,,,,,,,,,2990000000,1340000000,0.448,,1340000000,,,,,,,,,,,,true,false,12,2014-04-01,2015-03-31,-1
2016-01-29,21390,2015-03-31,3,,,,,,,,,,,,,,,,,,,,,,,,,,,,,8.00,,,,7044000,243864,,false,false,12,2014-04-01,2015-03-31,-1
2016-01-29,21390,2016-03-31,3,,,,,,,,,,,,,,,,,,,,,,,,,,,,,0.00,,,,,,,false,false,12,2015-04-01,2016-03-31,0
2016-01-29,21390,2016-03-31,3,,,,,,,,,,,,,,,,,,,,,,,,,,,,,10.00,,,,,,,false,true,12,2015-04-01,2016-03-31,0
2016-01-29,21390,2016-03-31,3,,,,,,,,,,,,,,,,,,,,,,,,,,,,,,,,,7044000,243938,6800082,false,false,9,2015-04-01,2015-12-31,0
2016-01-29,21390,2015-03-31,3,,,,,,,,,,,,,,,,,,,,,,,,,,,,,,,,,,,6541591,false,false,9,2014-04-01,2014-12-31,-1
2016-04-28,21390,2016-03-31,,7059000000,0.103,,,,,489000000,0.009,491000000,0.043,,326000000,,47.97,,0.221,0.151,0.069,,3494000000,1610000000,0.461,236.84,1610000000,240000000,-289000000,48000000,212000000,,0.208,,,,,,true,false,12,2015-04-01,2016-03-31,0
2016-04-28,21390,2015-03-31,,6403000000,0.020,,,,,485000000,0.115,470000000,0.066,,302000000,,45.92,,0.256,0.163,0.076,,2990000000,1340000000,0.448,197.09,1340000000,302000000,-169000000,-133000000,213000000,,0.174,,,,,,true,false,12,2014-04-01,2015-03-31,-1
2016-04-28,21390,2016-03-31,,6807000000,0.108,,,,,483000000,-0.003,485000000,0.031,322000000,,0.064,47.41,,,,,,3468000000,1606000000,0.463,236.19,1606000000,,,,,10.00,,,,7044000,243938,6800077,false,false,12,2015-04-01,2016-03-31,0
2016-04-28,21390,2015-03-31,,6146000000,0.020,,,,,485000000,0.104,471000000,0.056,303000000,,0.103,45.95,,,,,,2932000000,1339000000,0.457,196.99,1339000000,,,,,8.00,,,,7044000,243864,6594936,false,false,12,2014-04-01,2015-03-31,-1
2016-04-28,21390,2017-03-31,,3680000000,0.172,,,,,188000000,0.117,190000000,0.117,126000000,,0.178,18.53,,,,,,,,,,,,,,,,,,,,,,false,true,6,2016-04-01,2016-09-30,1
2016-04-28,21390,2017-03-31,,7700000000,0.131,,,,,530000000,0.096,538000000,0.108,350000000,,0.086,51.47,,,,,,,,,,,,,,,11.00,,,,,,,false,true,12,2016-04-01,2017-03-31,1
2016-04-28,21390,2017-03-31,,,,,,,,,,,,,,,,,,,,,,,,,,,,,,,0.214,,,,,,true,true,12,2016-04-01,2017-03-31,1
2016-07-29,21390,2017-03-31,1,1692000000,,,,,,30000000,,32000000,,17000000,,,2.61,,,,,,3294000000,1555000000,0.472,,1555000000,,,,,,,,,7044000,243938,6800062,false,false,3,2016-04-01,2016-06-30,0
2016-07-29,21390,2017-03-31,1,3680000000,0.172,,,,,188000000,0.117,190000000,0.117,126000000,,0.178,18.53,,,,,,,,,,,,,,,,,,,,,,false,true,6,2016-04-01,2016-09-30,0
2016-07-29,21390,2017-03-31,1,7700000000,0.131,,,,,530000000,0.096,538000000,0.108,350000000,,0.086,51.47,,,,,,,,,,,,,,,11.00,,,,,,,false,true,12,2016-04-01,2017-03-31,0
2016-07-29,21390,2016-03-31,1,,,,,,,,,,,,,,,,,,,,3468000000,1606000000,0.463,,1606000000,,,,,10.00,,,,7044000,243938,,false,false,12,2015-04-01,2016-03-31,-1
2016-07-29,21390,2016-03-31,1,,,,,,,,,,,,,,,,,,,,,,,,,,,,,,,,,,,6800122,false,false,3,2015-04-01,2015-06-30,-1
2016-10-28,21390,2017-03-31,2,3523000000,,,,,,144000000,,142000000,,107000000,,,15.83,,,,,,3519000000,1635000000,0.465,,1635000000,,,,,,,,,7044000,243938,6800062,false,false,6,2016-04-01,2016-09-30,0
2016-10-28,21390,2017-03-31,2,7700000000,0.131,,,,,530000000,0.096,538000000,0.108,350000000,,0.086,51.47,,,,,,,,,,,,,,,11.00,,,,,,,false,true,12,2016-04-01,2017-03-31,0
2016-10-28,21390,2016-03-31,2,,,,,,,,,,,,,,,,,,,,3468000000,1606000000,0.463,,1606000000,,,,,10.00,,,,7044000,243938,,false,false,12,2015-04-01,2016-03-31,-1
2016-10-28,21390,2017-03-31,2,,,,,,,,,,,,,,,,,,,,,,,,,,,,,0.00,,,,,,,false,false,12,2016-04-01,2017-03-31,0
2016-10-28,21390,2016-03-31,2,,,,,,,,,,,,,,,,,,,,,,,,,,,,,,,,,,,6800092,false,false,6,2015-04-01,2015-09-30,-1
2017-01-31,21390,2017-03-31,3,5389000000,,,,,,273000000,,274000000,,194000000,,,28.66,,,,,,3490000000,1729000000,0.496,,1729000000,,,,,,,,,7044000,243938,6800062,false,false,9,2016-04-01,2016-12-31,0
2017-01-31,21390,2017-03-31,3,7700000000,0.131,,,,,530000000,0.096,538000000,0.108,350000000,,0.086,51.47,,,,,,,,,,,,,,,11.00,,,,,,,false,true,12,2016-04-01,2017-03-31,0
2017-01-31,21390,2016-03-31,3,,,,,,,,,,,,,,,,,,,,3468000000,1606000000,0.463,,1606000000,,,,,10.00,,,,7044000,243938,,false,false,12,2015-04-01,2016-03-31,-1
2017-01-31,21390,2017-03-31,3,,,,,,,,,,,,,,,,,,,,,,,,,,,,,0.00,,,,,,,false,false,12,2016-04-01,2017-03-31,0
2017-01-31,21390,2016-03-31,3,,,,,,,,,,,,,,,,,,,,,,,,,,,,,,,,,,,6800082,false,false,9,2015-04-01,2015-12-31,-1
2017-04-28,21390,2017-03-31,,7425000000,0.091,,,,,489000000,0.013,488000000,0.006,349000000,,0.085,51.44,,0.200,0.136,0.066,,3737000000,1884000000,0.504,277.08,1884000000,371000000,-120000000,-140000000,317000000,11.00,0.214,,,7044000,243938,6800062,false,false,12,2016-04-01,2017-03-31,0
2017-04-28,21390,2016-03-31,,6807000000,0.108,,,,,483000000,-0.003,485000000,0.031,322000000,,0.064,47.41,,0.219,0.152,0.071,,3468000000,1606000000,0.463,236.19,1606000000,,,,,10.00,0.211,,,7044000,243938,6800077,false,false,12,2015-04-01,2016-03-31,-1
2017-04-28,21390,2018-03-31,,3730000000,0.058,,,,,160000000,0.109,160000000,0.119,105000000,,-0.025,15.44,,,,,,,,,,,,,,,,,,,,,,false,true,6,2017-04-01,2017-09-30,1
2017-04-28,21390,2018-03-31,,8000000000,0.077,,,,,510000000,0.041,510000000,0.044,350000000,,0.001,51.47,,,,,,,,,,,,,,,12.00,0.233,,,,,,false,true,12,2017-04-01,2018-03-31,1
2017-07-28,21390,2018-03-31,1,1770000000,0.046,,,,,10000000,-0.639,11000000,-0.637,4000000,,-0.762,0.62,,,,,,3526000000,1813000000,0.514,,1813000000,,,,,,,,,7044000,243938,6800062,false,false,3,2017-04-01,2017-06-30,0
2017-07-28,21390,2017-03-31,1,1692000000,,,,,,30000000,,32000000,,17000000,,,2.61,,,,,,,,,,,,,,,,,,,,,6800062,false,false,3,2016-04-01,2016-06-30,-1
2017-07-28,21390,2018-03-31,1,3730000000,0.058,,,,,160000000,0.109,160000000,0.119,105000000,,-0.025,15.44,,,,,,,,,,,,,,,,,,,,,,false,true,6,2017-04-01,2017-09-30,0
2017-07-28,21390,2018-03-31,1,8000000000,0.077,,,,,510000000,0.041,510000000,0.044,350000000,,0.001,51.47,,,,,,,,,,,,,,,12.00,,,,,,,false,true,12,2017-04-01,2018-03-31,0
2017-07-28,21390,2017-03-31,1,,,,,,,,,,,,,,,,,,,,3737000000,1884000000,0.504,,1884000000,,,,,11.00,,,,7044000,243938,,false,false,12,2016-04-01,2017-03-31,-1
2017-10-06,21390,2018-03-31,,3530000000,-0.054,,,,,44000000,-0.725,46000000,-0.713,23000000,,-0.781,3.38,,,,,,,,,,,,,,,,,,,,,,false,true,6,2017-04-01,2017-09-30,0
2017-10-06,21390,2017-03-31,,3523000000,,,,,,144000000,,142000000,,107000000,,,15.83,,,,,,,,,,,,,,,,,,,,,,false,false,6,2016-04-01,2016-09-30,-1
2017-10-06,21390,2018-03-31,,7800000000,-0.025,,,,,260000000,-0.490,260000000,-0.490,180000000,,-0.486,26.47,,,,,,,,,,,,,,,,,,,,,,false,true,12,2017-04-01,2018-03-31,0
2017-10-06,21390,2017-03-31,,7425000000,,,,,,489000000,,488000000,,349000000,,,51.44,,,,,,,,,,,,,,,,,,,,,,false,false,12,2016-04-01,2017-03-31,-1
2017-10-27,21390,2018-03-31,2,3531000000,0.002,,,,,45000000,-0.683,47000000,-0.666,24000000,,-0.775,3.57,,,,,,3830000000,1833000000,0.479,,1833000000,,,,,,,,,7044000,243938,6800062,false,false,6,2017-04-01,2017-09-30,0
2017-10-27,21390,2017-03-31,2,3523000000,,,,,,144000000,,142000000,,107000000,,,15.83,,,,,,,,,,,,,,,,,,,,,6800062,false,false,6,2016-04-01,2016-09-30,-1
2017-10-27,21390,2018-03-31,2,7800000000,0.050,,,,,260000000,-0.469,260000000,-0.468,180000000,,-0.485,26.47,,,,,,,,,,,,,,,12.00,,,,,,,false,true,12,2017-04-01,2018-03-31,0
2017-10-27,21390,2017-03-31,2,,,,,,,,,,,,,,,,,,,,3737000000,1884000000,0.504,,1884000000,,,,,11.00,,,,7044000,243938,,false,false,12,2016-04-01,2017-03-31,-1
2017-10-27,21390,2018-03-31,2,,,,,,,,,,,,,,,,,,,,,,,,,,,,,0.00,,,,,,,false,false,12,2017-04-01,2018-03-31,0
2018-01-26,21390,2018-03-31,3,5442000000,0.010,,,,,128000000,-0.531,130000000,-0.523,77000000,,-0.602,11.39,,,,,,3791000000,1886000000,0.497,,1886000000,,,,,,,,,7044000,243938,6800062,false,false,9,2017-04-01,2017-12-31,0
2018-01-26,21390,2017-03-31,3,5389000000,,,,,,273000000,,274000000,,194000000,,,28.66,,,,,,,,,,,,,,,,,,,,,6800062,false,false,9,2016-04-01,2016-12-31,-1
2018-01-26,21390,2018-03-31,3,7800000000,0.050,,,,,260000000,-0.469,260000000,-0.468,180000000,,-0.485,26.47,,,,,,,,,,,,,,,12.00,,,,,,,false,true,12,2017-04-01,2018-03-31,0
2018-01-26,21390,2017-03-31,3,,,,,,,,,,,,,,,,,,,,3737000000,1884000000,0.504,,1884000000,,,,,11.00,,,,7044000,243938,,false,false,12,2016-04-01,2017-03-31,-1
2018-01-26,21390,2018-03-31,3,,,,,,,,,,,,,,,,,,,,,,,,,,,,,0.00,,,,,,,false,false,12,2017-04-01,2018-03-31,0
2018-04-27,21390,2018-03-31,,7400000000,-0.003,,,,,216000000,-0.559,217000000,-0.554,148000000,,-0.574,21.89,,0.078,0.056,0.029,,4025000000,1957000000,0.486,287.88,1957000000,493000000,-240000000,-93000000,476000000,12.00,0.548,,,7044000,243938,6800062,false,false,12,2017-04-01,2018-03-31,0
2018-04-27,21390,2017-03-31,,7425000000,0.091,,,,,489000000,0.013,488000000,0.006,349000000,,0.085,51.44,,0.200,0.136,0.066,,3737000000,1884000000,0.504,277.08,1884000000,371000000,-120000000,-140000000,317000000,11.00,0.214,,,7044000,243938,6800062,false,false,12,2016-04-01,2017-03-31,-1
2018-04-27,21390,2019-03-31,,3760000000,0.065,,,,,120000000,1.622,120000000,1.510,78000000,,2.215,11.47,,,,,,,,,,,,,,,,,,,,,,false,true,6,2018-04-01,2018-09-30,1
2018-04-27,21390,2019-03-31,,7800000000,0.054,,,,,400000000,0.851,400000000,0.835,260000000,,0.746,38.23,,,,,,,,,,,,,,,12.00,0.314,,,,,,false,true,12,2018-04-01,2019-03-31,1
2018-07-27,21390,2019-03-31,1,1775000000,0.003,,,,,16000000,0.468,18000000,0.594,9000000,,1.170,1.35,,,,,,3794000000,1883000000,0.496,,1883000000,,,,,,,,,7044000,243938,6800062,false,false,3,2018-04-01,2018-06-30,0
2018-07-27,21390,2018-03-31,1,1770000000,0.046,,,,,10000000,-0.639,11000000,-0.637,4000000,,-0.762,0.62,,,,,,,,,,,,,,,,,,,,,6800062,false,false,3,2017-04-01,2017-06-30,-1
2018-07-27,21390,2019-03-31,1,3760000000,0.065,,,,,120000000,1.622,120000000,1.510,78000000,,2.215,11.47,,,,,,,,,,,,,,,,,,,,,,false,true,6,2018-04-01,2018-09-30,0
2018-07-27,21390,2019-03-31,1,7800000000,0.054,,,,,400000000,0.851,400000000,0.835,260000000,,0.746,38.23,,,,,,,,,,,,,,,12.00,,,,,,,false,true,12,2018-04-01,2019-03-31,0
2018-07-27,21390,2018-03-31,1,,,,,,,,,,,,,,,,,,,,4025000000,1957000000,0.486,,1957000000,,,,,12.00,,,,7044000,243938,,false,false,12,2017-04-01,2018-03-31,-1
2018-10-05,21390,2019-03-31,,3488000000,-0.072,,,,,11000000,-0.908,15000000,-0.875,5000000,,-0.936,0.74,,,,,,,,,,,,,,,,,,,,,,false,true,6,2018-04-01,2018-09-30,0
2018-10-05,21390,2018-03-31,,3531000000,,,,,,45000000,,47000000,,24000000,,,3.57,,,,,,,,,,,,,,,,,,,,,,false,false,6,2017-04-01,2017-09-30,-1
2018-10-05,21390,2019-03-31,,7260000000,-0.069,,,,,160000000,-0.600,160000000,-0.600,100000000,,-0.615,14.71,,,,,,,,,,,,,,,,,,,,,,false,true,12,2018-04-01,2019-03-31,0
2018-10-05,21390,2018-03-31,,7400000000,,,,,,216000000,,217000000,,148000000,,,21.89,,,,,,,,,,,,,,,,,,,,,,false,false,12,2017-04-01,2018-03-31,-1
2018-10-26,21390,2019-03-31,2,3486000000,-0.013,,,,,12000000,-0.729,16000000,-0.646,2000000,,-0.901,0.35,,,,,,3864000000,1876000000,0.485,,1876000000,,,,,,,,,7044000,243939,6800062,false,false,6,2018-04-01,2018-09-30,0
2018-10-26,21390,2018-03-31,2,3531000000,0.002,,,,,45000000,-0.683,47000000,-0.666,24000000,,-0.775,3.57,,,,,,,,,,,,,,,,,,,,,6800062,false,false,6,2017-04-01,2017-09-30,-1
2018-10-26,21390,2019-03-31,2,7260000000,-0.019,,,,,160000000,-0.260,160000000,-0.266,100000000,,-0.328,14.71,,,,,,,,,,,,,,,12.00,,,,,,,false,true,12,2018-04-01,2019-03-31,0
2018-10-26,21390,2018-03-31,2,,,,,,,,,,,,,,,,,,,,4025000000,1957000000,0.486,,1957000000,,,,,12.00,,,,7044000,243938,,false,false,12,2017-04-01,2018-03-31,-1
2018-10-26,21390,2019-03-31,2,,,,,,,,,,,,,,,,,,,,,,,,,,,,,0.00,,,,,,,false,false,12,2018-04-01,2019-03-31,0
2019-01-25,21390,2019-03-31,3,5277000000,-0.030,,,,,5000000,-0.960,11000000,-0.910,274000000,,2.543,40.37,,,,,,4855000000,2600000000,0.536,,2600000000,,,,,,,,,7044000,243939,6800061,false,false,9,2018-04-01,2018-12-31,0
2019-01-25,21390,2018-03-31,3,5442000000,0.010,,,,,128000000,-0.531,130000000,-0.523,77000000,,-0.602,11.39,,,,,,,,,,,,,,,,,,,,,6800062,false,false,9,2017-04-01,2017-12-31,-1
2019-01-25,21390,2019-03-31,3,7260000000,-0.019,,,,,160000000,-0.260,160000000,-0.266,100000000,,-0.328,14.71,,,,,,,,,,,,,,,12.00,,,,,,,false,true,12,2018-04-01,2019-03-31,0
2019-01-25,21390,2018-03-31,3,,,,,,,,,,,,,,,,,,,,4025000000,1957000000,0.486,,1957000000,,,,,12.00,,,,7044000,243938,,false,false,12,2017-04-01,2018-03-31,-1
2019-01-25,21390,2019-03-31,3,,,,,,,,,,,,,,,,,,,,,,,,,,,,,0.00,,,,,,,false,false,12,2018-04-01,2019-03-31,0
2019-04-02,21390,2019-03-31,,7133000000,-0.017,,,,,66000000,-0.582,73000000,-0.538,266000000,,1.669,39.25,,,,,,,,,,,,,,,,,,,,,,false,true,12,2018-04-01,2019-03-31,0
2019-04-02,21390,2018-03-31,,7400000000,,,,,,216000000,,217000000,,148000000,,,21.89,,,,,,,,,,,,,,,,,,,,,,false,false,12,2017-04-01,2018-03-31,-1
2019-04-26,21390,2019-03-31,,7133000000,-0.036,,,,,67000000,-0.688,73000000,-0.661,265000000,,0.784,39.05,,0.127,0.018,0.009,,4096000000,2231000000,0.545,328.12,2231000000,33000000,201000000,-289000000,423000000,12.00,0.307,,,7044000,243939,6800061,false,false,12,2018-04-01,2019-03-31,0
2019-04-26,21390,2018-03-31,,7400000000,-0.003,,,,,216000000,-0.559,217000000,-0.554,148000000,,-0.574,21.89,,0.078,0.056,0.029,,4025000000,1957000000,0.486,287.88,1957000000,493000000,-240000000,-93000000,476000000,12.00,0.548,,,7044000,243938,6800062,false,false,12,2017-04-01,2018-03-31,-1
2019-04-26,21390,2020-03-31,,3560000000,0.021,,,,,50000000,3.039,52000000,2.075,33000000,,,4.85,,,,,,,,,,,,,,,,,,,,,,false,true,6,2019-04-01,2019-09-30,1
2019-04-26,21390,2020-03-31,,7300000000,0.023,,,,,145000000,1.148,150000000,1.028,100000000,,-0.623,14.71,,,,,,,,,,,,,,,10.00,0.680,,,,,,false,true,12,2019-04-01,2020-03-31,1
2019-07-26,21390,2020-03-31,1,1689000000,-0.049,,,,,-15000000,,-11000000,,12000000,,0.385,1.87,,,,,,3856000000,2121000000,0.550,,2121000000,,,,,,,,,7044000,243975,6800057,false,false,3,2019-04-01,2019-06-30,0
2019-07-26,21390,2019-03-31,1,1775000000,0.003,,,,,16000000,0.468,18000000,0.594,9000000,,1.170,1.35,,,,,,,,,,,,,,,,,,,,,6800062,false,false,3,2018-04-01,2018-06-30,-1
2019-07-26,21390,2020-03-31,1,3560000000,0.021,,,,,50000000,3.039,52000000,2.075,33000000,,,4.85,,,,,,,,,,,,,,,,,,,,,,false,true,6,2019-04-01,2019-09-30,0
2019-07-26,21390,2020-03-31,1,7300000000,0.023,,,,,145000000,1.148,150000000,1.028,100000000,,-0.623,14.71,,,,,,,,,,,,,,,10.00,,,,,,,false,true,12,2019-04-01,2020-03-31,0
2019-07-26,21390,2019-03-31,1,,,,,,,,,,,,,,,,,,,,4096000000,2231000000,0.545,,2231000000,,,,,12.00,,,,7044000,243939,,false,false,12,2018-04-01,2019-03-31,-1
2019-10-04,21390,2020-03-31,,3388000000,-0.048,,,,,-92000000,,-86000000,,-43000000,,,-6.37,,,,,,,,,,,,,,,,,,,,,,false,true,6,2019-04-01,2019-09-30,0
2019-10-04,21390,2019-03-31,,3486000000,,,,,,12000000,,16000000,,2000000,,,0.35,,,,,,,,,,,,,,,,,,,,,,false,false,6,2018-04-01,2018-09-30,-1
2019-10-04,21390,2020-03-31,,7004000000,-0.040,,,,,7000000,-0.948,15000000,-0.896,23000000,,-0.762,3.51,,,,,,,,,,,,,,,,,,,,,,false,true,12,2019-04-01,2020-03-31,0
2019-10-04,21390,2019-03-31,,7133000000,,,,,,67000000,,73000000,,265000000,,,39.05,,,,,,,,,,,,,,,,,,,,,,false,false,12,2018-04-01,2019-03-31,-1
2019-10-25,21390,2020-03-31,2,3388000000,-0.028,,,,,-91000000,,-87000000,,-42000000,,,-6.27,,,,,,3590000000,2053000000,0.572,,2053000000,,,,,,,,,7044000,243975,6800041,false,false,6,2019-04-01,2019-09-30,0
2019-10-25,21390,2019-03-31,2,3486000000,-0.013,,,,,12000000,-0.729,16000000,-0.646,2000000,,-0.901,0.35,,,,,,,,,,,,,,,,,,,,,6800062,false,false,6,2018-04-01,2018-09-30,-1
2019-10-25,21390,2020-03-31,2,7004000000,-0.018,,,,,7000000,-0.889,15000000,-0.789,23000000,,-0.910,3.51,,,,,,,,,,,,,,,10.00,,,,,,,false,true,12,2019-04-01,2020-03-31,0
2019-10-25,21390,2019-03-31,2,,,,,,,,,,,,,,,,,,,,4096000000,2231000000,0.545,,2231000000,,,,,12.00,,,,7044000,243939,,false,false,12,2018-04-01,2019-03-31,-1
2019-10-25,21390,2020-03-31,2,,,,,,,,,,,,,,,,,,,,,,,,,,,,,0.00,,,,,,,false,false,12,2019-04-01,2020-03-31,0
2020-01-31,21390,2020-03-31,3,5166000000,-0.021,,,,,-80000000,,-71000000,,-36000000,,,-5.30,,,,,,3783000000,2044000000,0.541,,2044000000,,,,,,,,,7044000,243975,6800035,false,false,9,2019-04-01,2019-12-31,0
2020-01-31,21390,2019-03-31,3,5277000000,-0.030,,,,,5000000,-0.960,11000000,-0.910,274000000,,2.543,40.37,,,,,,,,,,,,,,,,,,,,,6800061,false,false,9,2018-04-01,2018-12-31,-1
2020-01-31,21390,2020-03-31,3,7004000000,-0.018,,,,,7000000,-0.889,15000000,-0.789,23000000,,-0.910,3.51,,,,,,,,,,,,,,,10.00,,,,,,,false,true,12,2019-04-01,2020-03-31,0
2020-01-31,21390,2019-03-31,3,,,,,,,,,,,,,,,,,,,,4096000000,2231000000,0.545,,2231000000,,,,,12.00,,,,7044000,243939,,false,false,12,2018-04-01,2019-03-31,-1
2020-01-31,21390,2020-03-31,3,,,,,,,,,,,,,,,,,,,,,,,,,,,,,0.00,,,,,,,false,false,12,2019-04-01,2020-03-31,0
2020-04-30,21390,2020-03-31,,6936000000,-0.028,,,,,-54000000,,-22000000,,-19000000,,,-2.80,,-0.009,-0.006,-0.008,,3561000000,2025000000,0.569,297.80,2025000000,-298000000,100000000,-50000000,174000000,0.00,,,,7044000,243975,6800033,false,false,12,2019-04-01,2020-03-31,0
2020-04-30,21390,2019-03-31,,7133000000,-0.036,,,,,67000000,-0.688,73000000,-0.661,265000000,,0.784,39.05,,0.127,0.018,0.009,,4096000000,2231000000,0.545,328.12,2231000000,33000000,201000000,-289000000,423000000,12.00,0.307,,,7044000,243939,6800061,false,false,12,2018-04-01,2019-03-31,-1
2020-07-31,21390,2021-03-31,1,1406000000,,,,,,-186000000,,-181000000,,,-135000000,,-19.92,,,,,,3645000000,1925000000,0.528,,1925000000,,,,,,,,,,,,true,false,3,2020-04-01,2020-06-30,0
2020-07-31,21390,2020-03-31,1,,,,,,,,,,,,,,,,,,,,,,,,,,,,,0.00,,,,7044000,243975,,false,false,12,2019-04-01,2020-03-31,-1
2020-07-31,21390,2021-03-31,1,,,,,,,,,,,,,,,,,,,,,,,,,,,,,,,,,7044000,243975,6800025,false,false,3,2020-04-01,2020-06-30,0
2020-07-31,21390,2020-03-31,1,,,,,,,,,,,,,,,,,,,,,,,,,,,,,,,,,,,6800057,false,false,3,2019-04-01,2019-06-30,-1
2020-10-30,21390,2021-03-31,2,2991000000,,,,,,-341000000,,-334000000,,,-246000000,,-36.20,,,,,,3798000000,1827000000,0.481,,1827000000,,,,,,,,,,,,true,false,6,2020-04-01,2020-09-30,0
2020-10-30,21390,2020-03-31,2,,,,,,,,,,,,,,,,,,,,,,,,,,,,,0.00,,,,7044000,243975,,false,false,12,2019-04-01,2020-03-31,-1
2020-10-30,21390,2021-03-31,2,,,,,,,,,,,,,,,,,,,,,,,,,,,,,0.00,,,,,,,false,false,12,2020-04-01,2021-03-31,0
2020-10-30,21390,2021-03-31,2,,,,,,,,,,,,,,,,,,,,,,,,,,,,,,,,,7044000,243975,6800025,false,false,6,2020-04-01,2020-09-30,0
2020-10-30,21390,2020-03-31,2,,,,,,,,,,,,,,,,,,,,,,,,,,,,,,,,,,,6800041,false,false,6,2019-04-01,2019-09-30,-1
2021-01-29,21390,2021-03-31,3,4765000000,,,,,,-304000000,,-293000000,,,-315000000,,-46.37,,,,,,3984000000,1752000000,0.440,,1752000000,,,,,,,,,,,,true,false,9,2020-04-01,2020-12-31,0
2021-01-29,21390,2020-03-31,3,,,,,,,,,,,,,,,,,,,,,,,,,,,,,0.00,,,,7044000,243975,,false,false,12,2019-04-01,2020-03-31,-1
2021-01-29,21390,2021-03-31,3,,,,,,,,,,,,,,,,,,,,,,,,,,,,,0.00,,,,,,,false,false,12,2020-04-01,2021-03-31,0
2021-01-29,21390,2021-03-31,3,,,,,,,,,,,,,,,,,,,,,,,,,,,,,,,,,7044000,243975,6800025,false,false,9,2020-04-01,2020-12-31,0
2021-01-29,21390,2020-03-31,3,,,,,,,,,,,,,,,,,,,,,,,,,,,,,,,,,,,6800035,false,false,9,2019-04-01,2019-12-31,-1
,21390,2021-03-31,,,,,,,,,,,,,,,,,,,,,,,,,,,,,,0.00,,,,,,,false,true,12,2020-04-01,2021-03-31,0
,21390,2021-03-31,,,,,,,,,,,,,,,,,,,,,,,,,,,,,,0.00,,,,,,,false,false,12,2020-04-01,2021-03-31,0
,21390,2020-03-31,,,,,,,,,,,,,,,,,,,,,,,,,,,,,,0.00,,,,,,,false,false,12,2019-04-01,2020-03-31,-1
2021-04-05,21390,2021-03-31,,6551000000,,,,,,-291000000,,-274000000,,,,,,,,,,,,,,,,,,,,,,,,,,,true,true,12,2020-04-01,2021-03-31,0
2021-04-30,21390,2021-03-31,,6551000000,,,,,,-292000000,,-274000000,,,-367000000,,-54.10,,-0.196,-0.073,-0.045,,3861000000,1716000000,0.445,252.48,1716000000,-8000000,-256000000,324000000,235000000,,,,,,,,true,false,12,2020-04-01,2021-03-31,0
2021-04-30,21390,2022-03-31,,3600000000,0.204,,,,,1000000,,8000000,,2000000,,,0.40,,,,,,,,,,,,,,,,,,,,,,true,true,6,2021-04-01,2021-09-30,1
2021-04-30,21390,2022-03-31,,7561000000,0.154,,,,,104000000,,120000000,,78000000,,,11.56,,,,,,,,,,,,,,,,0.433,,,,,,true,true,12,2021-04-01,2022-03-31,1
2021-04-30,21390,2021-03-31,,6061000000,-0.126,,,,,-293000000,,-275000000,,-368000000,,,-54.19,,,,,,3707000000,1706000000,0.460,250.92,1706000000,,,,,0.00,,,,7044000,243975,6800025,false,false,12,2020-04-01,2021-03-31,0
2021-04-30,21390,2020-03-31,,6936000000,-0.028,,,,,-54000000,,-22000000,,-19000000,,,-2.80,,,,,,3561000000,2025000000,0.569,297.80,2025000000,,,,,0.00,,,,7044000,243975,6800033,false,false,12,2019-04-01,2020-03-31,-1
2021-04-30,21390,2022-03-31,,3334000000,0.197,,,,,,,8000000,,2000000,,,0.38,,,,,,,,,,,,,,,,,,,,,,false,true,6,2021-04-01,2021-09-30,1
2021-04-30,21390,2022-03-31,,6992000000,0.154,,,,,,,109000000,,72000000,,,10.68,,,,,,,,,,,,,,,5.00,,,,,,,false,true,12,2021-04-01,2022-03-31,1
2021-07-30,21390,2022-03-31,1,1675000000,0.192,,,,,-34000000,,-18000000,,,-23000000,,-3.41,,,,,,3578000000,1675000000,0.468,,1675000000,,,,,,,,,,,,true,false,3,2021-04-01,2021-06-30,0
2021-07-30,21390,2021-03-31,1,1406000000,,,,,,-186000000,,-181000000,,,-135000000,,-19.92,,,,,,,,,,,,,,,,,,,,,,true,false,3,2020-04-01,2020-06-30,-1
2021-07-30,21390,2022-03-31,1,3600000000,0.204,,,,,1000000,,8000000,,2000000,,,0.40,,,,,,,,,,,,,,,,,,,,,,true,true,6,2021-04-01,2021-09-30,0
2021-07-30,21390,2022-03-31,1,7561000000,0.154,,,,,104000000,,120000000,,78000000,,,11.56,,,,,,,,,,,,,,,,,,,,,,true,true,12,2021-04-01,2022-03-31,0
2021-07-30,21390,2021-03-31,1,,,,,,,,,,,,,,,,,,,,3861000000,1716000000,0.445,,1716000000,,,,,,,,,,,,true,false,12,2020-04-01,2021-03-31,-1
2021-07-30,21390,2021-03-31,1,,,,,,,,,,,,,,,,,,,,,,,,,,,,,0.00,,,,7044000,243975,,false,false,12,2020-04-01,2021-03-31,-1
2021-07-30,21390,2022-03-31,1,,,,,,,,,,,,,,,,,,,,,,,,,,,,,5.00,,,,,,,false,true,12,2021-04-01,2022-03-31,0
2021-07-30,21390,2022-03-31,1,,,,,,,,,,,,,,,,,,,,,,,,,,,,,,,,,7044000,243975,6800025,false,false,3,2021-04-01,2021-06-30,0
2021-07-30,21390,2021-03-31,1,,,,,,,,,,,,,,,,,,,,,,,,,,,,,,,,,,,6800025,false,false,3,2020-04-01,2020-06-30,-1
2021-10-19,21390,2022-03-31,,3353000000,-0.069,,,,,-60000000,,-46000000,,-55000000,,,-8.16,,,,,,,,,,,,,,,,,,,,,,true,true,6,2021-04-01,2021-09-30,0
2021-10-19,21390,2021-03-31,,2991000000,,,,,,-341000000,,-334000000,,-246000000,,,-36.20,,,,,,,,,,,,,,,,,,,,,,true,false,6,2020-04-01,2020-09-30,-1
2021-10-19,21390,2022-03-31,,3066000000,-0.080,,,,,,,-62000000,,-67000000,,,-10.00,,,,,,,,,,,,,,,,,,,,,,false,true,6,2021-04-01,2021-09-30,0
2021-10-19,21390,2021-03-31,,2785000000,,,,,,,,-317000000,,-230000000,,,-33.85,,,,,,,,,,,,,,,,,,,,,,false,false,6,2020-04-01,2020-09-30,-1
2021-10-29,21390,2022-03-31,2,3356000000,0.122,,,,,-60000000,,-46000000,,,-55000000,,-8.16,,,,,,3529000000,1631000000,0.462,,1631000000,,,,,,,,,,,,true,false,6,2021-04-01,2021-09-30,0
2021-10-29,21390,2021-03-31,2,2991000000,,,,,,-341000000,,-334000000,,,-246000000,,-36.20,,,,,,,,,,,,,,,,,,,,,,true,false,6,2020-04-01,2020-09-30,-1
2021-10-29,21390,2022-03-31,2,7561000000,0.154,,,,,104000000,,120000000,,78000000,,,11.56,,,,,,,,,,,,,,,,,,,,,,true,true,12,2021-04-01,2022-03-31,0
2021-10-29,21390,2021-03-31,2,,,,,,,,,,,,,,,,,,,,3861000000,1716000000,0.445,,1716000000,,,,,,,,,,,,true,false,12,2020-04-01,2021-03-31,-1
2021-10-29,21390,2021-03-31,2,,,,,,,,,,,,,,,,,,,,,,,,,,,,,0.00,,,,7044000,243975,,false,false,12,2020-04-01,2021-03-31,-1
2021-10-29,21390,2022-03-31,2,,,,,,,,,,,,,,,,,,,,,,,,,,,,,0.00,,,,,,,false,false,12,2021-04-01,2022-03-31,0
2021-10-29,21390,2022-03-31,2,,,,,,,,,,,,,,,,,,,,,,,,,,,,,5.00,,,,,,,false,true,12,2021-04-01,2022-03-31,0
2021-10-29,21390,2022-03-31,2,,,,,,,,,,,,,,,,,,,,,,,,,,,,,,,,,7044000,243975,6800025,false,false,6,2021-04-01,2021-09-30,0
2021-10-29,21390,2021-03-31,2,,,,,,,,,,,,,,,,,,,,,,,,,,,,,,,,,,,6800025,false,false,6,2020-04-01,2020-09-30,-1
2022-01-31,21390,2022-03-31,3,5215000000,0.094,,,,,-22000000,,2000000,,,-11000000,,-1.67,,,,,,4306000000,1662000000,0.386,,1662000000,,,,,,,,,,,,true,false,9,2021-04-01,2021-12-31,0
2022-01-31,21390,2021-03-31,3,4765000000,,,,,,-304000000,,-293000000,,,-315000000,,-46.37,,,,,,,,,,,,,,,,,,,,,,true,false,9,2020-04-01,2020-12-31,-1
2022-01-31,21390,2022-03-31,3,7561000000,0.154,,,,,104000000,,120000000,,78000000,,,11.56,,,,,,,,,,,,,,,,,,,,,,true,true,12,2021-04-01,2022-03-31,0
2022-01-31,21390,2021-03-31,3,,,,,,,,,,,,,,,,,,,,3861000000,1716000000,0.445,,1716000000,,,,,,,,,,,,true,false,12,2020-04-01,2021-03-31,-1
2022-01-31,21390,2021-03-31,3,,,,,,,,,,,,,,,,,,,,,,,,,,,,,0.00,,,,7044000,243975,,false,false,12,2020-04-01,2021-03-31,-1
2022-01-31,21390,2022-03-31,3,,,,,,,,,,,,,,,,,,,,,,,,,,,,,0.00,,,,,,,false,false,12,2021-04-01,2022-03-31,0
2022-01-31,21390,2022-03-31,3,,,,,,,,,,,,,,,,,,,,,,,,,,,,,5.00,,,,,,,false,true,12,2021-04-01,2022-03-31,0
2022-01-31,21390,2022-03-31,3,,,,,,,,,,,,,,,,,,,,,,,,,,,,,,,,,7044000,243975,6800025,false,false,9,2021-04-01,2021-12-31,0
2022-01-31,21390,2021-03-31,3,,,,,,,,,,,,,,,,,,,,,,,,,,,,,,,,,,,6800025,false,false,9,2020-04-01,2020-12-31,-1
2022-04-28,21390,2022-03-31,,7060000000,0.078,,,,,81000000,,120000000,,,101000000,,14.89,,0.058,0.031,0.012,,3979000000,1772000000,0.446,260.72,1772000000,-5000000,41000000,196000000,467000000,,0.336,,,,,,true,false,12,2021-04-01,2022-03-31,0
2022-04-28,21390,2021-03-31,,6551000000,,,,,,-292000000,,-274000000,,,-367000000,,-54.10,,-0.196,-0.073,-0.045,,3861000000,1716000000,0.445,252.48,1716000000,-8000000,-256000000,324000000,235000000,,,,,,,,true,false,12,2020-04-01,2021-03-31,-1
2022-04-28,21390,2023-03-31,,3629000000,0.081,,,,,38000000,,42000000,,27000000,,,3.97,,,,,,,,,,,,,,,,,,,,,,true,true,6,2022-04-01,2022-09-30,1
2022-04-28,21390,2023-03-31,,7700000000,0.091,,,,,190000000,1.328,200000000,0.657,149000000,,0.478,22.00,,,,,,,,,,,,,,,,0.455,,,,,,true,true,12,2022-04-01,2023-03-31,1
2022-04-28,21390,2022-03-31,,6484000000,0.070,,,,,69000000,,82000000,,67000000,,,9.91,,,,,,3775000000,1728000000,0.458,254.17,1728000000,,,,,5.00,,,,7044000,243975,6800025,false,false,12,2021-04-01,2022-03-31,0
2022-04-28,21390,2021-03-31,,6061000000,-0.126,,,,,-293000000,,-275000000,,-368000000,,,-54.19,,,,,,3707000000,1706000000,0.460,250.92,1706000000,,,,,0.00,,,,7044000,243975,6800025,false,false,12,2020-04-01,2021-03-31,-1
2022-04-28,21390,2023-03-31,,3369000000,0.098,,,,,,,36000000,,22000000,,,3.34,,,,,,,,,,,,,,,,,,,,,,false,true,6,2022-04-01,2022-09-30,1
2022-04-28,21390,2023-03-31,,7160000000,0.104,,,,,,,185000000,1.242,140000000,,1.077,20.59,,,,,,,,,,,,,,,10.00,,,,,,,false,true,12,2022-04-01,2023-03-31,1
2022-07-29,21390,2023-03-31,1,1676000000,0.000,,,,,-23000000,,-19000000,,,-23000000,,-3.51,,,,,,4280000000,1716000000,0.401,,1716000000,,,,,,,,,,,,true,false,3,2022-04-01,2022-06-30,0
2022-07-29,21390,2022-03-31,1,1675000000,0.192,,,,,-34000000,,-18000000,,,-23000000,,-3.41,,,,,,,,,,,,,,,,,,,,,,true,false,3,2021-04-01,2021-06-30,-1
2022-07-29,21390,2022-03-31,1,,,,,,,,,,,,,,,,,,,,3979000000,1772000000,0.446,,1772000000,,,,,,,,,,,,true,false,12,2021-04-01,2022-03-31,-1
2022-07-29,21390,2022-03-31,1,,,,,,,,,,,,,,,,,,,,,,,,,,,,,5.00,,,,7044000,243975,,false,false,12,2021-04-01,2022-03-31,-1
2022-07-29,21390,2023-03-31,1,,,,,,,,,,,,,,,,,,,,,,,,,,,,,10.00,,,,,,,false,true,12,2022-04-01,2023-03-31,0
2022-07-29,21390,2023-03-31,1,,,,,,,,,,,,,,,,,,,,,,,,,,,,,,,,,7044000,243975,6800025,false,false,3,2022-04-01,2022-06-30,0
2022-07-29,21390,2022-03-31,1,,,,,,,,,,,,,,,,,,,,,,,,,,,,,,,,,,,6800025,false,false,3,2021-04-01,2021-06-30,-1
2022-07-25,21390,2023-03-31,,3369000000,,,,,,,,36000000,,22000000,,,3.34,,,,,,,,,,,,,,,,,,,,,,false,true,6,2022-04-01,2022-09-30,0
2022-07-25,21390,2023-03-31,,7160000000,,,,,,,,185000000,,140000000,,,20.59,,,,,,,,,,,,,,,,,,,,,,false,true,12,2022-04-01,2023-03-31,0
2022-07-25,21390,2022-03-31,,6484000000,,,,,,,,82000000,,67000000,,,9.91,,,,,,,,,,,,,,,,,,,,,,false,false,12,2021-04-01,2022-03-31,-1
2022-10-31,21390,2023-03-31,2,3792000000,0.130,,,,,-8000000,,-12000000,,,-33000000,,-4.95,,,,,,4676000000,1747000000,0.364,,1700000000,,,,,,,,,,,,true,false,6,2022-04-01,2022-09-30,0
2022-10-31,21390,2022-03-31,2,3356000000,0.122,,,,,-60000000,,-46000000,,,-55000000,,-8.16,,,,,,,,,,,,,,,,,,,,,,true,false,6,2021-04-01,2021-09-30,-1
2022-10-31,21390,2023-03-31,2,8700000000,0.232,,,,,180000000,1.196,150000000,0.243,,70000000,,10.29,,,,,,,,,,,,,,,,,,,,,,true,true,12,2022-04-01,2023-03-31,0
2022-10-31,21390,2022-03-31,2,,,,,,,,,,,,,,,,,,,,3979000000,1772000000,0.446,,1772000000,,,,,,,,,,,,true,false,12,2021-04-01,2022-03-31,-1
2022-10-31,21390,2022-03-31,2,,,,,,,,,,,,,,,,,,,,,,,,,,,,,5.00,,,,7044000,243975,,false,false,12,2021-04-01,2022-03-31,-1
2022-10-31,21390,2023-03-31,2,,,,,,,,,,,,,,,,,,,,,,,,,,,,,0.00,,,,,,,false,false,12,2022-04-01,2023-03-31,0
2022-10-31,21390,2023-03-31,2,,,,,,,,,,,,,,,,,,,,,,,,,,,,,10.00,,,,,,,false,true,12,2022-04-01,2023-03-31,0
2022-10-31,21390,2023-03-31,2,,,,,,,,,,,,,,,,,,,,,,,,,,,,,,,,,7044000,243975,6800025,false,false,6,2022-04-01,2022-09-30,0
2022-10-31,21390,2022-03-31,2,,,,,,,,,,,,,,,,,,,,,,,,,,,,,,,,,,,6800025,false,false,6,2021-04-01,2021-09-30,-1
2022-10-31,21390,2023-03-31,,8700000000,,,,,,180000000,,150000000,,70000000,,,10.29,,,,,,,,,,,,,,,,,,,,,,true,true,12,2022-04-01,2023-03-31,0
2022-10-31,21390,2022-03-31,,7060000000,,,,,,81000000,,120000000,,101000000,,,14.89,,,,,,,,,,,,,,,,,,,,,,true,false,12,2021-04-01,2022-03-31,-1
2022-10-31,21390,2023-03-31,,6870000000,,,,,,,,160000000,,110000000,,,16.18,,,,,,,,,,,,,,,,,,,,,,false,true,12,2022-04-01,2023-03-31,0
2022-10-31,21390,2022-03-31,,6484000000,,,,,,,,82000000,,67000000,,,9.91,,,,,,,,,,,,,,,,,,,,,,false,false,12,2021-04-01,2022-03-31,-1
2023-01-31,21390,2023-03-31,3,6074000000,0.165,,,,,51000000,,43000000,,,0,,0.13,,,,,,4725000000,1790000000,0.368,,1737000000,,,,,,,,,,,,true,false,9,2022-04-01,2022-12-31,0
2023-01-31,21390,2022-03-31,3,5215000000,0.094,,,,,-22000000,,2000000,,,-11000000,,-1.67,,,,,,,,,,,,,,,,,,,,,,true,false,9,2021-04-01,2021-12-31,-1
2023-01-31,21390,2023-03-31,3,8700000000,0.232,,,,,180000000,1.196,150000000,0.243,,70000000,,10.29,,,,,,,,,,,,,,,,,,,,,,true,true,12,2022-04-01,2023-03-31,0
2023-01-31,21390,2022-03-31,3,,,,,,,,,,,,,,,,,,,,3979000000,1772000000,0.446,,1772000000,,,,,,,,,,,,true,false,12,2021-04-01,2022-03-31,-1
2023-01-31,21390,2022-03-31,3,,,,,,,,,,,,,,,,,,,,,,,,,,,,,5.00,,,,7044000,243975,,false,false,12,2021-04-01,2022-03-31,-1
2023-01-31,21390,2023-03-31,3,,,,,,,,,,,,,,,,,,,,,,,,,,,,,0.00,,,,,,,false,false,12,2022-04-01,2023-03-31,0
2023-01-31,21390,2023-03-31,3,,,,,,,,,,,,,,,,,,,,,,,,,,,,,10.00,,,,,,,false,true,12,2022-04-01,2023-03-31,0
2023-01-31,21390,2023-03-31,3,,,,,,,,,,,,,,,,,,,,,,,,,,,,,,,,,7044000,243975,6800025,false,false,9,2022-04-01,2022-12-31,0
2023-01-31,21390,2022-03-31,3,,,,,,,,,,,,,,,,,,,,,,,,,,,,,,,,,,,6800025,false,false,9,2021-04-01,2021-12-31,-1
2023-04-28,21390,2023-03-31,,8517000000,0.206,,,,,189000000,1.311,172000000,0.426,,84000000,,12.49,,0.047,0.040,0.022,,4579000000,1880000000,0.399,268.37,1824000000,252000000,-178000000,-92000000,649000000,,0.800,,,,,,true,false,12,2022-04-01,2023-03-31,0
2023-04-28,21390,2022-03-31,,7060000000,0.078,,,,,81000000,,120000000,,,101000000,,14.89,,0.058,0.031,0.012,,3979000000,1772000000,0.446,260.72,1772000000,-5000000,41000000,196000000,467000000,,0.336,,,,,,true,false,12,2021-04-01,2022-03-31,-1
2023-04-28,21390,2024-03-31,,9400000000,0.104,,,,,300000000,0.584,280000000,0.627,160000000,,0.883,23.53,,,,,,,,,,,,,,,,0.425,,,,,,true,true,12,2023-04-01,2024-03-31,1
2023-04-28,21390,2023-03-31,,6719000000,0.036,,,,,185000000,1.649,193000000,1.345,115000000,,0.711,16.96,,,,,,3888000000,1810000000,0.466,266.30,1810000000,,,,,10.00,,,,7044000,243975,6800025,false,false,12,2022-04-01,2023-03-31,0
2023-04-28,21390,2022-03-31,,6484000000,0.070,,,,,69000000,,82000000,,67000000,,,9.91,,,,,,3775000000,1728000000,0.458,254.17,1728000000,,,,,5.00,,,,7044000,243975,6800025,false,false,12,2021-04-01,2022-03-31,-1
2023-04-28,21390,2024-03-31,,7600000000,0.131,,,,,,,250000000,0.292,150000000,,0.301,22.06,,,,,,,,,,,,,,,10.00,,,,,,,false,true,12,2023-04-01,2024-03-31,1
2023-07-31,21390,2024-03-31,1,2257000000,0.347,,,,,20000000,,41000000,,,25000000,,3.71,,,,,,4310000000,1843000000,0.414,,1782000000,,,,,,,,,,,,true,false,3,2023-04-01,2023-06-30,0
2023-07-31,21390,2023-03-31,1,1676000000,0.000,,,,,-23000000,,-19000000,,,-23000000,,-3.51,,,,,,,,,,,,,,,,,,,,,,true,false,3,2022-04-01,2022-06-30,-1
2023-07-31,21390,2024-03-31,1,9400000000,0.104,,,,,300000000,0.584,280000000,0.627,,160000000,,23.53,,,,,,,,,,,,,,,,,,,,,,true,true,12,2023-04-01,2024-03-31,0
2023-07-31,21390,2023-03-31,1,,,,,,,,,,,,,,,,,,,,4579000000,1880000000,0.399,,1824000000,,,,,,,,,,,,true,false,12,2022-04-01,2023-03-31,-1
2023-07-31,21390,2023-03-31,1,,,,,,,,,,,,,,,,,,,,,,,,,,,,,10.00,,,,7044000,243975,,false,false,12,2022-04-01,2023-03-31,-1
2023-07-31,21390,2024-03-31,1,,,,,,,,,,,,,,,,,,,,,,,,,,,,,10.00,,,,,,,false,true,12,2023-04-01,2024-03-31,0
2023-07-31,21390,2024-03-31,1,,,,,,,,,,,,,,,,,,,,,,,,,,,,,,,,,7044000,243975,6800025,false,false,3,2023-04-01,2023-06-30,0
2023-07-31,21390,2023-03-31,1,,,,,,,,,,,,,,,,,,,,,,,,,,,,,,,,,,,6800025,false,false,3,2022-04-01,2022-06-30,-1
2023-10-31,21390,2024-03-31,2,4587000000,0.209,,,,,93000000,,110000000,,,60000000,,8.92,,,,,,4610000000,1887000000,0.395,,1821000000,,,,,,,,,,,,true,false,6,2023-04-01,2023-09-30,0
2023-10-31,21390,2023-03-31,2,3792000000,0.130,,,,,-8000000,,-12000000,,,-33000000,,-4.95,,,,,,,,,,,,,,,,,,,,,,true,false,6,2022-04-01,2022-09-30,-1
2023-10-31,21390,2024-03-31,2,9400000000,0.104,,,,,300000000,0.584,280000000,0.627,,160000000,,23.53,,,,,,,,,,,,,,,,,,,,,,true,true,12,2023-04-01,2024-03-31,0
2023-10-31,21390,2023-03-31,2,,,,,,,,,,,,,,,,,,,,4579000000,1880000000,0.399,,1824000000,,,,,,,,,,,,true,false,12,2022-04-01,2023-03-31,-1
2023-10-31,21390,2023-03-31,2,,,,,,,,,,,,,,,,,,,,,,,,,,,,,10.00,,,,7044000,243975,,false,false,12,2022-04-01,2023-03-31,-1
2023-10-31,21390,2024-03-31,2,,,,,,,,,,,,,,,,,,,,,,,,,,,,,0.00,,,,,,,false,false,12,2023-04-01,2024-03-31,0
2023-10-31,21390,2024-03-31,2,,,,,,,,,,,,,,,,,,,,,,,,,,,,,10.00,,,,,,,false,true,12,2023-04-01,2024-03-31,0
2023-10-31,21390,2024-03-31,2,,,,,,,,,,,,,,,,,,,,,,,,,,,,,,,,,7044000,243975,6800025,false,false,6,2023-04-01,2023-09-30,0
2023-10-31,21390,2023-03-31,2,,,,,,,,,,,,,,,,,,,,,,,,,,,,,,,,,,,6800025,false,false,6,2022-04-01,2022-09-30,-1
2024-01-31,21390,2024-03-31,3,7063000000,0.163,,,,,158000000,2.086,160000000,2.684,,97000000,,14.29,,,,,,5040000000,1940000000,0.367,,1849000000,,,,,,,,,,,,true,false,9,2023-04-01,2023-12-31,0
2024-01-31,21390,2023-03-31,3,6074000000,0.165,,,,,51000000,,43000000,,,0,,0.13,,,,,,,,,,,,,,,,,,,,,,true,false,9,2022-04-01,2022-12-31,-1
2024-01-31,21390,2024-03-31,3,9400000000,0.104,,,,,300000000,0.584,280000000,0.627,,160000000,,23.53,,,,,,,,,,,,,,,,,,,,,,true,true,12,2023-04-01,2024-03-31,0
2024-01-31,21390,2023-03-31,3,,,,,,,,,,,,,,,,,,,,4579000000,1880000000,0.399,,1824000000,,,,,,,,,,,,true,false,12,2022-04-01,2023-03-31,-1
2024-01-31,21390,2023-03-31,3,,,,,,,,,,,,,,,,,,,,,,,,,,,,,10.00,,,,7044000,243975,,false,false,12,2022-04-01,2023-03-31,-1
2024-01-31,21390,2024-03-31,3,,,,,,,,,,,,,,,,,,,,,,,,,,,,,0.00,,,,,,,false,false,12,2023-04-01,2024-03-31,0
2024-01-31,21390,2024-03-31,3,,,,,,,,,,,,,,,,,,,,,,,,,,,,,10.00,,,,,,,false,true,12,2023-04-01,2024-03-31,0
2024-01-31,21390,2024-03-31,3,,,,,,,,,,,,,,,,,,,,,,,,,,,,,,,,,7044000,243976,6800024,false,false,9,2023-04-01,2023-12-31,0
2024-01-31,21390,2023-03-31,3,,,,,,,,,,,,,,,,,,,,,,,,,,,,,,,,,,,6800025,false,false,9,2022-04-01,2022-12-31,-1
2024-05-10,21390,2024-03-31,,10237000000,0.202,,,,,304000000,0.605,307000000,0.789,,192000000,,28.35,,0.102,0.063,0.030,,5185000000,2010000000,0.374,285.49,1941000000,505000000,53000000,-408000000,800000000,,0.423,,,,,,true,false,12,2023-04-01,2024-03-31,0
2024-05-10,21390,2023-03-31,,8517000000,0.206,,,,,189000000,1.311,172000000,0.426,,84000000,,12.49,,0.047,0.040,0.022,,4579000000,1880000000,0.399,268.37,1824000000,252000000,21000000,-92000000,649000000,,0.800,,,,,,true,false,12,2022-04-01,2023-03-31,-1
2024-05-10,21390,2025-03-31,,12000000000,0.172,,,,,600000000,0.973,600000000,0.949,,360000000,,52.94,,,,,,,,,,,,,,,,0.283,,,,,,true,true,12,2024-04-01,2025-03-31,1
2024-05-10,21390,2024-03-31,,7610000000,0.132,,,,,269000000,0.457,283000000,0.466,186000000,,0.615,27.39,,,,,,4154000000,1952000000,0.470,287.08,1952000000,,,,,12.00,,,,7044000,243976,6800025,false,false,12,2023-04-01,2024-03-31,0
2024-05-10,21390,2023-03-31,,6719000000,0.036,,,,,185000000,1.649,193000000,1.345,115000000,,0.711,16.96,,,,,,3888000000,1810000000,0.466,266.30,1810000000,,,,,10.00,,,,7044000,243975,6800025,false,false,12,2022-04-01,2023-03-31,-1
2024-05-10,21390,2025-03-31,,8000000000,0.051,,,,,,,430000000,0.516,280000000,,0.503,41.18,,,,,,,,,,,,,,,15.00,,,,,,,false,true,12,2024-04-01,2025-03-31,1
2024-08-09,21390,2025-03-31,1,2711000000,0.201,,,,,25000000,0.276,29000000,-0.284,,8000000,,1.27,,,,,,4776000000,1951000000,0.393,,1877000000,,,,,,,,,,,,true,false,3,2024-04-01,2024-06-30,0
2024-08-09,21390,2024-03-31,1,2257000000,0.347,,,,,20000000,,41000000,,,25000000,,3.71,,,,,,,,,,,,,,,,,,,,,,true,false,3,2023-04-01,2023-06-30,-1
2024-08-09,21390,2025-03-31,1,12000000000,0.172,,,,,600000000,0.973,600000000,0.949,,360000000,,52.94,,,,,,,,,,,,,,,,,,,,,,true,true,12,2024-04-01,2025-03-31,0
2024-08-09,21390,2024-03-31,1,,,,,,,,,,,,,,,,,,,,5185000000,2010000000,0.374,,1941000000,,,,,,,,,,,,true,false,12,2023-04-01,2024-03-31,-1
2024-08-09,21390,2024-03-31,1,,,,,,,,,,,,,,,,,,,,,,,,,,,,,12.00,,,,7044000,243976,,false,false,12,2023-04-01,2024-03-31,-1
2024-08-09,21390,2025-03-31,1,,,,,,,,,,,,,,,,,,,,,,,,,,,,,15.00,,,,,,,false,true,12,2024-04-01,2025-03-31,0
2024-08-09,21390,2025-03-31,1,,,,,,,,,,,,,,,,,,,,,,,,,,,,,,,,,7044000,243976,6800024,false,false,3,2024-04-01,2024-06-30,0
2024-08-09,21390,2024-03-31,1,,,,,,,,,,,,,,,,,,,,,,,,,,,,,,,,,,,6800025,false,false,3,2023-04-01,2023-06-30,-1
2024-11-08,21390,2025-03-31,2,5479000000,0.195,,,,,97000000,0.047,101000000,-0.077,,45000000,,6.69,,,,,,4759000000,1964000000,0.396,,1885000000,,,,,,,,,,,,true,false,6,2024-04-01,2024-09-30,0
2024-11-08,21390,2024-03-31,2,4587000000,0.209,,,,,93000000,,110000000,,,60000000,,8.92,,,,,,,,,,,,,,,,,,,,,,true,false,6,2023-04-01,2023-09-30,-1
2024-11-08,21390,2025-03-31,2,12000000000,0.172,,,,,600000000,0.973,600000000,0.949,,360000000,,52.94,,,,,,,,,,,,,,,,,,,,,,true,true,12,2024-04-01,2025-03-31,0
2024-11-08,21390,2024-03-31,2,,,,,,,,,,,,,,,,,,,,5185000000,2010000000,0.374,,1941000000,,,,,,,,,,,,true,false,12,2023-04-01,2024-03-31,-1
2024-11-08,21390,2024-03-31,2,,,,,,,,,,,,,,,,,,,,,,,,,,,,,12.00,,,,7044000,243976,,false,false,12,2023-04-01,2024-03-31,-1
2024-11-08,21390,2025-03-31,2,,,,,,,,,,,,,,,,,,,,,,,,,,,,,0.00,,,,,,,false,false,12,2024-04-01,2025-03-31,0
2024-11-08,21390,2025-03-31,2,,,,,,,,,,,,,,,,,,,,,,,,,,,,,15.00,,,,,,,false,true,12,2024-04-01,2025-03-31,0
2024-11-08,21390,2025-03-31,2,,,,,,,,,,,,,,,,,,,,,,,,,,,,,,,,,7044000,243976,6800024,false,false,6,2024-04-01,2024-09-30,0
2024-11-08,21390,2024-03-31,2,,,,,,,,,,,,,,,,,,,,,,,,,,,,,,,,,,,6800025,false,false,6,2023-04-01,2023-09-30,-1
2025-02-07,21390,2025-03-31,3,8321000000,0.178,,,,,149000000,-0.058,159000000,-0.007,,66000000,,9.72,,,,,,4950000000,1996000000,0.387,,1914000000,,,,,,,,,,,,true,false,9,2024-04-01,2024-12-31,0
2025-02-07,21390,2024-03-31,3,7063000000,0.163,,,,,158000000,2.086,160000000,2.684,,97000000,,14.29,,,,,,,,,,,,,,,,,,,,,,true,false,9,2023-04-01,2023-12-31,-1
2025-02-07,21390,2025-03-31,3,12000000000,0.172,,,,,320000000,0.052,320000000,0.039,,190000000,,27.94,,,,,,,,,,,,,,,,,,,,,,true,true,12,2024-04-01,2025-03-31,0
2025-02-07,21390,2024-03-31,3,,,,,,,,,,,,,,,,,,,,5185000000,2010000000,0.374,,1941000000,,,,,,,,,,,,true,false,12,2023-04-01,2024-03-31,-1
2025-02-07,21390,2024-03-31,3,,,,,,,,,,,,,,,,,,,,,,,,,,,,,12.00,,,,7044000,243976,,false,false,12,2023-04-01,2024-03-31,-1
2025-02-07,21390,2025-03-31,3,,,,,,,,,,,,,,,,,,,,,,,,,,,,,0.00,,,,,,,false,false,12,2024-04-01,2025-03-31,0
2025-02-07,21390,2025-03-31,3,,,,,,,,,,,,,,,,,,,,,,,,,,,,,12.00,,,,,,,false,true,12,2024-04-01,2025-03-31,0
2025-02-07,21390,2025-03-31,3,,,,,,,,,,,,,,,,,,,,,,,,,,,,,,,,,7044000,243976,6800024,false,false,9,2024-04-01,2024-12-31,0
2025-02-07,21390,2024-03-31,3,,,,,,,,,,,,,,,,,,,,,,,,,,,,,,,,,,,6800024,false,false,9,2023-04-01,2023-12-31,-1
2025-05-09,21390,2025-03-31,,11332000000,0.107,,,,,309000000,0.019,322000000,0.048,,163000000,,24.08,,0.083,0.063,0.027,,5068000000,2113000000,0.399,297.51,2023000000,7000000,-246000000,-22000000,540000000,,0.498,,,,,,true,false,12,2024-04-01,2025-03-31,0
2025-05-09,21390,2024-03-31,,10237000000,0.202,,,,,304000000,0.605,307000000,0.789,,192000000,,28.35,,0.102,0.063,0.030,,5185000000,2010000000,0.374,285.49,1941000000,505000000,53000000,-408000000,800000000,,0.423,,,,,,true,false,12,2023-04-01,2024-03-31,-1
2025-05-09,21390,2026-03-31,,13200000000,0.165,,,,,400000000,0.291,410000000,0.271,,240000000,,35.29,,,,,,,,,,,,,,,,0.340,,,,,,true,true,12,2025-04-01,2026-03-31,1
2025-05-09,21390,2025-03-31,,7589000000,-0.003,,,,,227000000,-0.159,241000000,-0.149,68000000,,-0.634,10.03,,,,,,3801000000,1938000000,0.510,285.05,1938000000,,,,,12.00,,,,7044000,243976,6800024,false,false,12,2024-04-01,2025-03-31,0
2025-05-09,21390,2024-03-31,,7610000000,0.132,,,,,269000000,0.457,283000000,0.466,186000000,,0.615,27.39,,,,,,4154000000,1952000000,0.470,287.08,1952000000,,,,,12.00,,,,7044000,243976,6800025,false,false,12,2023-04-01,2024-03-31,-1
2025-05-09,21390,2026-03-31,,8300000000,0.094,,,,,,,310000000,0.284,200000000,,1.932,29.41,,,,,,,,,,,,,,,12.00,,,,,,,false,true,12,2025-04-01,2026-03-31,1
2025-08-08,21390,2026-03-31,1,2648000000,-0.023,,,,,-27000000,-2.079,-23000000,-1.797,,-37000000,,-5.50,,,,,,4959000000,2002000000,0.386,,1912000000,,,,,,,,,,,,true,false,3,2025-04-01,2025-06-30,0
2025-08-08,21390,2025-03-31,1,2711000000,0.201,,,,,25000000,0.276,29000000,-0.284,,8000000,,1.27,,,,,,,,,,,,,,,,,,,,,,true,false,3,2024-04-01,2024-06-30,-1
2025-08-08,21390,2026-03-31,1,13200000000,0.165,,,,,400000000,0.291,410000000,0.271,,240000000,,35.29,,,,,,,,,,,,,,,,,,,,,,true,true,12,2025-04-01,2026-03-31,0
2025-08-08,21390,2025-03-31,1,,,,,,,,,,,,,,,,,,,,5068000000,2113000000,0.399,,2023000000,,,,,,,,,,,,true,false,12,2024-04-01,2025-03-31,-1
2025-08-08,21390,2025-03-31,1,,,,,,,,,,,,,,,,,,,,,,,,,,,,,12.00,,,,7044000,243976,,false,false,12,2024-04-01,2025-03-31,-1
2025-08-08,21390,2026-03-31,1,,,,,,,,,,,,,,,,,,,,,,,,,,,,,12.00,,,,,,,false,true,12,2025-04-01,2026-03-31,0
2025-08-08,21390,2026-03-31,1,,,,,,,,,,,,,,,,,,,,,,,,,,,,,,,,,7044000,243976,6800024,false,false,3,2025-04-01,2025-06-30,0
2025-08-08,21390,2025-03-31,1,,,,,,,,,,,,,,,,,,,,,,,,,,,,,,,,,,,6800024,false,false,3,2024-04-01,2024-06-30,-1
