filing_date,code,fiscal_year_end,quarterly_period,net_sales,net_sales_change,revenue,revenue_change,operating_revenue,operating_revenue_change,operating_profit,operating_profit_change,ordinary_profit,ordinary_profit_change,net_income,net_income_of_parent,net_income_change,eps,diluted_eps,roe,roa,operating_profit_to_net_sales,operating_profit_to_revenue,total_assets,net_assets,equity_ratio,bps,owner_equity,operating_cash_flow,investing_cash_flow,financing_cash_flow,cash,dividend_per_share,payout_ratio,commemorative_dividend,extra_dividend,number_of_shares,number_of_treqsury_shares,avg_number_of_shares,is_consolidated,is_forecast,duration,period_start,period_end,period_pos
2015-07-24,21480,2016-03-31,1,916000000,0.431,,,,,126000000,2.991,133000000,3.134,,88000000,,13.64,,,,,,4685000000,4282000000,0.914,,4281000000,,,,,,,,,,,,true,false,3,2015-04-01,2015-06-30,0
2015-07-24,21480,2015-03-31,1,640000000,0.037,,,,,31000000,2.075,32000000,1.875,,10000000,,1.61,1.60,,,,,,,,,,,,,,,,,,,,,true,false,3,2014-04-01,2014-06-30,-1
2015-07-24,21480,2016-03-31,1,1900000000,0.324,,,,,200000000,0.329,203000000,0.320,,135000000,,20.84,,,,,,,,,,,,,,,,,,,,,,true,true,6,2015-04-01,2015-09-30,0
2015-07-24,21480,2016-03-31,1,4200000000,0.328,,,,,640000000,0.309,650000000,0.283,,435000000,,67.17,,,,,,,,,,,,,,,,,,,,,,true,true,12,2015-04-01,2016-03-31,0
2015-07-24,21480,2015-03-31,1,,,,,,,,,,,,,,,,,,,,4853000000,4251000000,0.876,,4250000000,,,,,,,,,,,,true,false,12,2014-04-01,2015-03-31,-1
2015-07-24,21480,2015-03-31,1,,,,,,,,,,,,,,,,,,,,,,,,,,,,,14.00,,,,6577000,100533,,false,false,12,2014-04-01,2015-03-31,-1
2015-07-24,21480,2016-03-31,1,,,,,,,,,,,,,,,,,,,,,,,,,,,,,16.00,,,,,,,false,true,12,2015-04-01,2016-03-31,0
2015-07-24,21480,2016-03-31,1,,,,,,,,,,,,,,,,,,,,,,,,,,,,,,,,,6577000,100533,6476467,false,false,3,2015-04-01,2015-06-30,0
2015-07-24,21480,2015-03-31,1,,,,,,,,,,,,,,,,,,,,,,,,,,,,,,,,,,,6341603,false,false,3,2014-04-01,2014-06-30,-1
2015-10-22,21480,2016-03-31,,2002000000,0.054,,,,,331000000,0.656,339000000,0.670,231000000,,0.711,35.75,,,,,,,,,,,,,,,,,,,,,,true,true,6,2015-04-01,2015-09-30,0
2015-10-22,21480,2015-03-31,,1435000000,,,,,,150000000,,153000000,,80000000,,,12.73,,,,,,,,,,,,,,,,,,,,,,true,false,6,2014-04-01,2014-09-30,-1
2015-10-22,21480,2016-03-31,,4352000000,0.036,,,,,771000000,0.205,781000000,0.202,526000000,,0.209,81.22,,,,,,,,,,,,,,,,,,,,,,true,true,12,2015-04-01,2016-03-31,0
2015-10-22,21480,2015-03-31,,3163000000,,,,,,488000000,,506000000,,293000000,,,45.76,,,,,,,,,,,,,,,,,,,,,,true,false,12,2014-04-01,2015-03-31,-1
2015-10-22,21480,2016-03-31,,,,,,,,,,,,,,,,,,,,,,,,,,,,,,20.00,,,,,,,false,true,12,2015-04-01,2016-03-31,0
2015-10-22,21480,2015-03-31,,,,,,,,,,,,,,,,,,,,,,,,,,,,,,14.00,,,,,,,false,false,12,2014-04-01,2015-03-31,-1
2015-10-29,21480,2016-03-31,2,2002000000,0.396,,,,,331000000,1.201,339000000,1.209,,231000000,,35.75,,,,,,5019000000,4425000000,0.881,,4424000000,,,,,,,,,,,,true,false,6,2015-04-01,2015-09-30,0
2015-10-29,21480,2015-03-31,2,1435000000,0.082,,,,,150000000,0.754,153000000,0.749,,80000000,,12.73,12.61,,,,,,,,,,,,,,,,,,,,,true,false,6,2014-04-01,2014-09-30,-1
2015-10-29,21480,2016-03-31,2,4352000000,0.376,,,,,771000000,0.577,781000000,0.541,,526000000,,27.02,,,,,,,,,,,,,,,,,,,,,,true,true,12,2015-04-01,2016-03-31,0
2015-10-29,21480,2015-03-31,2,,,,,,,,,,,,,,,,,,,,4853000000,4251000000,0.876,,4250000000,,,,,,,,,,,,true,false,12,2014-04-01,2015-03-31,-1
2015-10-29,21480,2015-03-31,2,,,,,,,,,,,,,,,,,,,,,,,,,,,,,14.00,,,,6577000,100533,,false,false,12,2014-04-01,2015-03-31,-1
2015-10-29,21480,2016-03-31,2,,,,,,,,,,,,,,,,,,,,,,,,,,,,,8.00,,,,,,,false,false,12,2015-04-01,2016-03-31,0
2015-10-29,21480,2016-03-31,2,,,,,,,,,,,,,,,,,,,,,,,,,,,,,4.00,,,,,,,false,true,12,2015-04-01,2016-03-31,0
2015-10-29,21480,2016-03-31,2,,,,,,,,,,,,,,,,,,,,,,,,,,,,,,,,,6577000,100533,6476467,false,false,6,2015-04-01,2015-09-30,0
2015-10-29,21480,2015-03-31,2,,,,,,,,,,,,,,,,,,,,,,,,,,,,,,,,,,,6355147,false,false,6,2014-04-01,2014-09-30,-1
2016-01-29,21480,2016-03-31,3,3168000000,0.400,,,,,592000000,0.867,597000000,0.783,,402000000,,20.74,,,,,,5104000000,4545000000,0.890,,4544000000,,,,,,,,,,,,true,false,9,2015-04-01,2015-12-31,0
2016-01-29,21480,2015-03-31,3,2263000000,0.088,,,,,317000000,0.542,335000000,0.595,,193000000,,10.09,10.02,,,,,,,,,,,,,,,,,,,,,true,false,9,2014-04-01,2014-12-31,-1
2016-01-29,21480,2016-03-31,3,4352000000,0.376,,,,,771000000,0.577,781000000,0.541,,526000000,,27.07,,,,,,,,,,,,,,,,,,,,,,true,true,12,2015-04-01,2016-03-31,0
2016-01-29,21480,2015-03-31,3,,,,,,,,,,,,,,,,,,,,4853000000,4251000000,0.876,,4250000000,,,,,,,,,,,,true,false,12,2014-04-01,2015-03-31,-1
2016-01-29,21480,2015-03-31,3,,,,,,,,,,,,,,,,,,,,,,,,,,,,,14.00,,,,19731000,301599,,false,false,12,2014-04-01,2015-03-31,-1
2016-01-29,21480,2016-03-31,3,,,,,,,,,,,,,,,,,,,,,,,,,,,,,8.00,,,,,,,false,false,12,2015-04-01,2016-03-31,0
2016-01-29,21480,2016-03-31,3,,,,,,,,,,,,,,,,,,,,,,,,,,,,,4.00,,,,,,,false,true,12,2015-04-01,2016-03-31,0
2016-01-29,21480,2016-03-31,3,,,,,,,,,,,,,,,,,,,,,,,,,,,,,,,,,19731000,301599,19429401,false,false,9,2015-04-01,2015-12-31,0
2016-01-29,21480,2015-03-31,3,,,,,,,,,,,,,,,,,,,,,,,,,,,,,,,,,,,19187202,false,false,9,2014-04-01,2014-12-31,-1
2016-04-27,21480,2016-03-31,,4376000000,0.383,,,,,825000000,0.687,826000000,0.630,,527000000,,27.15,26.27,0.118,0.160,0.189,,5504000000,4670000000,0.848,240.33,4669000000,687000000,-716000000,-112000000,2768000000,,0.246,,,,,,true,false,12,2015-04-01,2016-03-31,0
2016-04-27,21480,2015-03-31,,3163000000,0.094,,,,,488000000,0.499,506000000,0.530,,293000000,,15.25,15.18,0.072,0.111,0.155,,4853000000,4251000000,0.876,218.77,4250000000,642000000,318000000,-19000000,2909000000,,0.306,,,,,,true,false,12,2014-04-01,2015-03-31,-1
2016-04-27,21480,2017-03-31,,4900000000,,,,,,1000000000,,,,,690000000,,35.51,,,,,,,,,,,,,,,,0.282,,,,,,true,true,12,2016-04-01,2017-03-31,1
2016-04-27,21480,2016-03-31,,4329000000,0.368,,,,,833000000,0.704,842000000,0.663,540000000,,0.841,27.82,26.92,,,,,5483000000,4684000000,0.854,241.07,4683000000,,,,,4.00,,,,19731000,301599,19429401,false,false,12,2015-04-01,2016-03-31,0
2016-04-27,21480,2015-03-31,,3163000000,0.094,,,,,488000000,0.499,506000000,0.530,293000000,,0.452,15.26,15.18,,,,,4854000000,4253000000,0.876,218.84,4251000000,,,,,14.00,,,,19731000,301599,19246923,false,false,12,2014-04-01,2015-03-31,-1
2016-04-27,21480,2017-03-31,,,,,,,,,,,,,,,,,,,,,,,,,,,,,,10.00,,,,,,,false,true,12,2016-04-01,2017-03-31,1
2016-07-28,21480,2017-03-31,1,1020000000,0.113,,,,,119000000,-0.107,,,,67000000,,3.46,3.35,,,,,5386000000,,,,,,,,,,,,,,,,true,false,3,2016-04-01,2016-06-30,0
2016-07-28,21480,2016-03-31,1,916000000,,,,,,134000000,,,,,92000000,,4.77,,,,,,,,,,,,,,,,,,,,,,true,false,3,2015-04-01,2015-06-30,-1
2016-07-28,21480,2017-03-31,1,4900000000,0.120,,,,,1000000000,0.221,,,,690000000,,35.51,,,,,,,,,,,,,,,,,,,,,,true,true,12,2016-04-01,2017-03-31,0
2016-07-28,21480,2016-03-31,1,,,,,,,,,,,,,,,,,,,,5696000000,,,,,,,,,,,,,,,,true,false,12,2015-04-01,2016-03-31,-1
2016-07-28,21480,2016-03-31,1,,,,,,,,,,,,,,,,,,,,,,,,,,,,,4.00,,,,19731000,301599,,false,false,12,2015-04-01,2016-03-31,-1
2016-07-28,21480,2017-03-31,1,,,,,,,,,,,,,,,,,,,,,,,,,,,,,10.00,,,,,,,false,true,12,2016-04-01,2017-03-31,0
2016-07-28,21480,2017-03-31,1,,,,,,,,,,,,,,,,,,,,,,,,,,,,,,,,,19731000,301599,19429401,false,false,3,2016-04-01,2016-06-30,0
2016-07-28,21480,2016-03-31,1,,,,,,,,,,,,,,,,,,,,,,,,,,,,,,,,,,,19429401,false,false,3,2015-04-01,2015-06-30,-1
2016-10-31,21480,2017-03-31,2,2167000000,0.082,,,,,327000000,-0.067,,,,215000000,,11.05,10.73,,,,,5767000000,,,,,,,,,,,,,,,,true,false,6,2016-04-01,2016-09-30,0
2016-10-31,21480,2016-03-31,2,2002000000,,,,,,351000000,,,,,244000000,,12.58,,,,,,,,,,,,,,,,,,,,,,true,false,6,2015-04-01,2015-09-30,-1
2016-10-31,21480,2017-03-31,2,4600000000,0.051,,,,,800000000,-0.023,,,,533000000,,27.00,,,,,,,,,,,,,,,,,,,,,,true,true,12,2016-04-01,2017-03-31,0
2016-10-31,21480,2016-03-31,2,,,,,,,,,,,,,,,,,,,,5696000000,,,,,,,,,,,,,,,,true,false,12,2015-04-01,2016-03-31,-1
2016-10-31,21480,2016-03-31,2,,,,,,,,,,,,,,,,,,,,,,,,,,,,,4.00,,,,19731000,301599,,false,false,12,2015-04-01,2016-03-31,-1
2016-10-31,21480,2017-03-31,2,,,,,,,,,,,,,,,,,,,,,,,,,,,,,5.00,,,,,,,false,false,12,2016-04-01,2017-03-31,0
2016-10-31,21480,2017-03-31,2,,,,,,,,,,,,,,,,,,,,,,,,,,,,,10.00,,,,,,,false,true,12,2016-04-01,2017-03-31,0
2016-10-31,21480,2017-03-31,2,,,,,,,,,,,,,,,,,,,,,,,,,,,,,,,,,20043000,301599,19516741,false,false,6,2016-04-01,2016-09-30,0
2016-10-31,21480,2016-03-31,2,,,,,,,,,,,,,,,,,,,,,,,,,,,,,,,,,,,19429401,false,false,6,2015-04-01,2015-09-30,-1
2017-01-31,21480,2017-03-31,3,3182000000,0.004,,,,,444000000,-0.292,,,,301000000,,15.38,14.99,,,,,5672000000,,,,,,,,,,,,,,,,true,false,9,2016-04-01,2016-12-31,0
2017-01-31,21480,2016-03-31,3,3168000000,,,,,,628000000,,,,,432000000,,22.25,,,,,,,,,,,,,,,,,,,,,,true,false,9,2015-04-01,2015-12-31,-1
2017-01-31,21480,2017-03-31,3,4450000000,0.017,,,,,700000000,-0.145,,,,475000000,,24.06,,,,,,,,,,,,,,,,,,,,,,true,true,12,2016-04-01,2017-03-31,0
2017-01-31,21480,2016-03-31,3,,,,,,,,,,,,,,,,,,,,5696000000,,,,,,,,,,,,,,,,true,false,12,2015-04-01,2016-03-31,-1
2017-01-31,21480,2016-03-31,3,,,,,,,,,,,,,,,,,,,,,,,,,,,,,4.00,,,,19731000,301599,,false,false,12,2015-04-01,2016-03-31,-1
2017-01-31,21480,2017-03-31,3,,,,,,,,,,,,,,,,,,,,,,,,,,,,,5.00,,,,,,,false,false,12,2016-04-01,2017-03-31,0
2017-01-31,21480,2017-03-31,3,,,,,,,,,,,,,,,,,,,,,,,,,,,,,10.00,,,,,,,false,true,12,2016-04-01,2017-03-31,0
2017-01-31,21480,2017-03-31,3,,,,,,,,,,,,,,,,,,,,,,,,,,,,,,,,,20046600,301599,19592773,false,false,9,2016-04-01,2016-12-31,0
2017-01-31,21480,2016-03-31,3,,,,,,,,,,,,,,,,,,,,,,,,,,,,,,,,,,,19429401,false,false,9,2015-04-01,2015-12-31,-1
2017-05-08,21480,2017-03-31,,4451000000,0.017,,,,,709000000,-0.133,,,,475000000,,24.26,23.69,,,0.159,,5697000000,,,,,539000000,-317000000,-420000000,,,0.412,,,,,,true,false,12,2016-04-01,2017-03-31,0
2017-05-08,21480,2016-03-31,,4376000000,,,,,,819000000,,,,,548000000,,28.21,27.30,,,0.187,,5696000000,,,,,687000000,-716000000,-112000000,,,0.236,,,,,,true,false,12,2015-04-01,2016-03-31,-1
2017-05-08,21480,2018-03-31,,4800000000,0.078,,,,,790000000,0.113,,,,530000000,,27.35,,,,,,,,,,,,,,,,0.366,,,,,,true,true,12,2017-04-01,2018-03-31,1
2017-05-08,21480,2016-03-31,,,,,,,,,,,,,,,,,,,,,,,,,,,,,,12.00,,,,19731000,301599,19429401,false,false,12,2015-04-01,2016-03-31,-1
2017-05-08,21480,2017-03-31,,,,,,,,,,,,,,,,,,,,,,,,,,,,,,10.00,,,,20091900,712999,19601621,false,false,12,2016-04-01,2017-03-31,0
2017-05-08,21480,2018-03-31,,,,,,,,,,,,,,,,,,,,,,,,,,,,,,10.00,,,,,,,false,true,12,2017-04-01,2018-03-31,1
2017-07-31,21480,2018-03-31,1,970000000,-0.049,,,,,79000000,-0.335,,,,51000000,,2.68,2.63,,,,,5573000000,,,,,,,,,,,,,,,,true,false,3,2017-04-01,2017-06-30,0
2017-07-31,21480,2017-03-31,1,1020000000,0.113,,,,,119000000,-0.107,,,,67000000,,3.46,3.35,,,,,,,,,,,,,,,,,,,,,true,false,3,2016-04-01,2016-06-30,-1
2017-07-31,21480,2018-03-31,1,4800000000,0.078,,,,,790000000,0.113,,,,530000000,,27.33,,,,,,,,,,,,,,,,,,,,,,true,true,12,2017-04-01,2018-03-31,0
2017-07-31,21480,2017-03-31,1,,,,,,,,,,,,,,,,,,,,5697000000,,,,,,,,,,,,,,,,true,false,12,2016-04-01,2017-03-31,-1
2017-07-31,21480,2017-03-31,1,,,,,,,,,,,,,,,,,,,,,,,,,,,,,10.00,,,,20091900,712999,,false,false,12,2016-04-01,2017-03-31,-1
2017-07-31,21480,2018-03-31,1,,,,,,,,,,,,,,,,,,,,,,,,,,,,,10.00,,,,,,,false,true,12,2017-04-01,2018-03-31,0
2017-07-31,21480,2018-03-31,1,,,,,,,,,,,,,,,,,,,,,,,,,,,,,,,,,20105700,712999,19388893,false,false,3,2017-04-01,2017-06-30,0
2017-07-31,21480,2017-03-31,1,,,,,,,,,,,,,,,,,,,,,,,,,,,,,,,,,,,19429401,false,false,3,2016-04-01,2016-06-30,-1
2017-10-31,21480,2018-03-31,2,2096000000,-0.033,,,,,254000000,-0.225,,,,170000000,,8.80,8.66,,,,,5777000000,,,,,,,,,,,,,,,,true,false,6,2017-04-01,2017-09-30,0
2017-10-31,21480,2017-03-31,2,2167000000,0.082,,,,,327000000,-0.067,,,,215000000,,11.05,10.73,,,,,,,,,,,,,,,,,,,,,true,false,6,2016-04-01,2016-09-30,-1
2017-10-31,21480,2018-03-31,2,4800000000,0.078,,,,,790000000,0.113,,,,530000000,,27.29,,,,,,,,,,,,,,,,,,,,,,true,true,12,2017-04-01,2018-03-31,0
2017-10-31,21480,2017-03-31,2,,,,,,,,,,,,,,,,,,,,5697000000,,,,,,,,,,,,,,,,true,false,12,2016-04-01,2017-03-31,-1
2017-10-31,21480,2017-03-31,2,,,,,,,,,,,,,,,,,,,,,,,,,,,,,10.00,,,,20091900,712999,,false,false,12,2016-04-01,2017-03-31,-1
2017-10-31,21480,2018-03-31,2,,,,,,,,,,,,,,,,,,,,,,,,,,,,,5.00,,,,,,,false,false,12,2017-04-01,2018-03-31,0
2017-10-31,21480,2018-03-31,2,,,,,,,,,,,,,,,,,,,,,,,,,,,,,10.00,,,,,,,false,true,12,2017-04-01,2018-03-31,0
2017-10-31,21480,2018-03-31,2,,,,,,,,,,,,,,,,,,,,,,,,,,,,,,,,,20135700,712999,19399332,false,false,6,2017-04-01,2017-09-30,0
2017-10-31,21480,2017-03-31,2,,,,,,,,,,,,,,,,,,,,,,,,,,,,,,,,,,,19516741,false,false,6,2016-04-01,2016-09-30,-1
2018-01-31,21480,2018-03-31,3,3298000000,0.036,,,,,503000000,0.131,,,,337000000,,17.36,17.08,,,,,5782000000,,,,,,,,,,,,,,,,true,false,9,2017-04-01,2017-12-31,0
2018-01-31,21480,2017-03-31,3,3182000000,0.004,,,,,444000000,-0.292,,,,301000000,,15.38,14.99,,,,,,,,,,,,,,,,,,,,,true,false,9,2016-04-01,2016-12-31,-1
2018-01-31,21480,2018-03-31,3,4800000000,0.078,,,,,790000000,0.113,,,,530000000,,27.28,,,,,,,,,,,,,,,,,,,,,,true,true,12,2017-04-01,2018-03-31,0
2018-01-31,21480,2017-03-31,3,,,,,,,,,,,,,,,,,,,,5697000000,,,,,,,,,,,,,,,,true,false,12,2016-04-01,2017-03-31,-1
2018-01-31,21480,2017-03-31,3,,,,,,,,,,,,,,,,,,,,,,,,,,,,,10.00,,,,20091900,712999,,false,false,12,2016-04-01,2017-03-31,-1
2018-01-31,21480,2018-03-31,3,,,,,,,,,,,,,,,,,,,,,,,,,,,,,5.00,,,,,,,false,false,12,2017-04-01,2018-03-31,0
2018-01-31,21480,2018-03-31,3,,,,,,,,,,,,,,,,,,,,,,,,,,,,,10.00,,,,,,,false,true,12,2017-04-01,2018-03-31,0
2018-01-31,21480,2018-03-31,3,,,,,,,,,,,,,,,,,,,,,,,,,,,,,,,,,20144100,712999,19408873,false,false,9,2017-04-01,2017-12-31,0
2018-01-31,21480,2017-03-31,3,,,,,,,,,,,,,,,,,,,,,,,,,,,,,,,,,,,19592773,false,false,9,2016-04-01,2016-12-31,-1
2018-05-07,21480,2018-03-31,,4608000000,0.035,,,,,746000000,0.051,,,,494000000,,25.46,25.05,,,0.162,,6178000000,,,,,748000000,2000000,-209000000,,,0.393,,,,,,true,false,12,2017-04-01,2018-03-31,0
2018-05-07,21480,2017-03-31,,4451000000,0.017,,,,,709000000,-0.133,,,,475000000,,24.26,23.69,,,0.159,,5697000000,,,,,539000000,-317000000,-420000000,,,0.412,,,,,,true,false,12,2016-04-01,2017-03-31,-1
2018-05-07,21480,2019-03-31,,5000000000,0.085,,,,,780000000,0.046,,,,470000000,,24.12,,,,,,,,,,,,,,,,0.415,,,,,,true,true,12,2018-04-01,2019-03-31,1
2018-05-07,21480,2017-03-31,,,,,,,,,,,,,,,,,,,,,,,,,,,,,,10.00,,,,20091900,712999,19601621,false,false,12,2016-04-01,2017-03-31,-1
2018-05-07,21480,2018-03-31,,,,,,,,,,,,,,,,,,,,,,,,,,,,,,10.00,,,,20201700,712999,19417984,false,false,12,2017-04-01,2018-03-31,0
2018-05-07,21480,2019-03-31,,,,,,,,,,,,,,,,,,,,,,,,,,,,,,10.00,,,,,,,false,true,12,2018-04-01,2019-03-31,1
2018-07-31,21480,2019-03-31,1,,,,,,,124000000,0.563,,,,73000000,,3.76,3.71,,,,,6027000000,,,,,,,,,,,,,,,,true,false,3,2018-04-01,2018-06-30,0
2018-07-31,21480,2018-03-31,1,,,,,,,79000000,-0.335,,,,51000000,,2.68,2.63,,,,,,,,,,,,,,,,,,,,,true,false,3,2017-04-01,2017-06-30,-1
2018-07-31,21480,2019-03-31,1,,,,,,,780000000,0.046,,,,470000000,,24.12,,,,,,,,,,,,,,,,,,,,,,true,true,12,2018-04-01,2019-03-31,0
2018-07-31,21480,2018-03-31,1,,,,,,,,,,,,,,,,,,,,6178000000,,,,,,,,,,,,,,,,true,false,12,2017-04-01,2018-03-31,-1
2018-07-31,21480,2018-03-31,1,,,,,,,,,,,,,,,,,,,,,,,,,,,,,10.00,,,,20201700,712999,,false,false,12,2017-04-01,2018-03-31,-1
2018-07-31,21480,2019-03-31,1,,,,,,,,,,,,,,,,,,,,,,,,,,,,,10.00,,,,,,,false,true,12,2018-04-01,2019-03-31,0
2018-07-31,21480,2019-03-31,1,,,,,,,,,,,,,,,,,,,,,,,,,,,,,,,,,20202900,712999,19489320,false,false,3,2018-04-01,2018-06-30,0
2018-07-31,21480,2018-03-31,1,,,,,,,,,,,,,,,,,,,,,,,,,,,,,,,,,,,19388893,false,false,3,2017-04-01,2017-06-30,-1
2018-10-31,21480,2019-03-31,2,,,,,,,308000000,0.215,,,,181000000,,9.33,9.20,,,,,6197000000,,,,,,,,,,,,,,,,true,false,6,2018-04-01,2018-09-30,0
2018-10-31,21480,2018-03-31,2,,,,,,,254000000,-0.225,,,,170000000,,8.80,8.66,,,,,,,,,,,,,,,,,,,,,true,false,6,2017-04-01,2017-09-30,-1
2018-10-31,21480,2019-03-31,2,,,,,,,780000000,0.046,,,,470000000,,24.12,,,,,,,,,,,,,,,,,,,,,,true,true,12,2018-04-01,2019-03-31,0
2018-10-31,21480,2018-03-31,2,,,,,,,,,,,,,,,,,,,,6178000000,,,,,,,,,,,,,,,,true,false,12,2017-04-01,2018-03-31,-1
2018-10-31,21480,2018-03-31,2,,,,,,,,,,,,,,,,,,,,,,,,,,,,,10.00,,,,20201700,712999,,false,false,12,2017-04-01,2018-03-31,-1
2018-10-31,21480,2019-03-31,2,,,,,,,,,,,,,,,,,,,,,,,,,,,,,5.00,,,,,,,false,false,12,2018-04-01,2019-03-31,0
2018-10-31,21480,2019-03-31,2,,,,,,,,,,,,,,,,,,,,,,,,,,,,,10.00,,,,,,,false,true,12,2018-04-01,2019-03-31,0
2018-10-31,21480,2019-03-31,2,,,,,,,,,,,,,,,,,,,,,,,,,,,,,,,,,20202900,712999,19489612,false,false,6,2018-04-01,2018-09-30,0
2018-10-31,21480,2018-03-31,2,,,,,,,,,,,,,,,,,,,,,,,,,,,,,,,,,,,19399332,false,false,6,2017-04-01,2017-09-30,-1
2019-01-31,21480,2019-03-31,3,,,,,,,485000000,-0.034,,,,283000000,,14.55,14.36,,,,,6113000000,,,,,,,,,,,,,,,,true,false,9,2018-04-01,2018-12-31,0
2019-01-31,21480,2018-03-31,3,,,,,,,503000000,0.131,,,,337000000,,17.36,17.08,,,,,,,,,,,,,,,,,,,,,true,false,9,2017-04-01,2017-12-31,-1
2019-01-31,21480,2019-03-31,3,,,,,,,780000000,0.046,,,,470000000,,24.12,,,,,,,,,,,,,,,,,,,,,,true,true,12,2018-04-01,2019-03-31,0
2019-01-31,21480,2018-03-31,3,,,,,,,,,,,,,,,,,,,,6178000000,,,,,,,,,,,,,,,,true,false,12,2017-04-01,2018-03-31,-1
2019-01-31,21480,2018-03-31,3,,,,,,,,,,,,,,,,,,,,,,,,,,,,,10.00,,,,20201700,712999,,false,false,12,2017-04-01,2018-03-31,-1
2019-01-31,21480,2019-03-31,3,,,,,,,,,,,,,,,,,,,,,,,,,,,,,5.00,,,,,,,false,false,12,2018-04-01,2019-03-31,0
2019-01-31,21480,2019-03-31,3,,,,,,,,,,,,,,,,,,,,,,,,,,,,,10.00,,,,,,,false,true,12,2018-04-01,2019-03-31,0
2019-01-31,21480,2019-03-31,3,,,,,,,,,,,,,,,,,,,,,,,,,,,,,,,,,20202900,712999,19489709,false,false,9,2018-04-01,2018-12-31,0
2019-01-31,21480,2018-03-31,3,,,,,,,,,,,,,,,,,,,,,,,,,,,,,,,,,,,19408873,false,false,9,2017-04-01,2017-12-31,-1
,21480,2019-03-31,,,,,,,,,,,,,,,,,,,,,,,,,,,,,,11.00,,,,,,,false,true,12,2018-04-01,2019-03-31,0
,21480,2019-03-31,,,,,,,,,,,,,,,,,,,,,,,,,,,,,,5.00,,,,,,,false,false,12,2018-04-01,2019-03-31,0
,21480,2018-03-31,,,,,,,,,,,,,,,,,,,,,,,,,,,,,,10.00,,,,,,,false,false,12,2017-04-01,2018-03-31,-1
2019-05-09,21480,2019-03-31,,4558000000,0.075,,,,,792000000,0.110,798000000,0.114,303000000,,-0.365,15.56,15.36,,,,,6023000000,5276000000,0.875,270.40,5271000000,,,,,11.00,,,,20208600,712999,19490076,false,false,12,2018-04-01,2019-03-31,0
2019-05-09,21480,2018-03-31,,4241000000,0.015,,,,,714000000,0.128,716000000,0.127,477000000,,0.171,24.58,24.18,,,,,5829000000,4977000000,0.853,255.15,4972000000,,,,,10.00,,,,20201700,712999,19417984,false,false,12,2017-04-01,2018-03-31,-1
2019-05-09,21480,2019-03-31,,,,,,,,691000000,-0.073,,,,376000000,,19.33,19.09,,,,,6351000000,,,,,585000000,-115000000,-198000000,,,0.569,,,,,,true,false,12,2018-04-01,2019-03-31,0
2019-05-09,21480,2018-03-31,,,,,,,,746000000,0.051,,,,494000000,,25.46,25.05,,,,,6178000000,,,,,748000000,2000000,-209000000,,,0.393,,,,,,true,false,12,2017-04-01,2018-03-31,-1
2019-05-09,21480,2020-03-31,,,,,,,,850000000,0.229,,,,510000000,,26.16,,,,,,,,,,,,,,,,0.382,,,,,,true,true,12,2019-04-01,2020-03-31,1
2019-05-09,21480,2020-03-31,,,,,,,,,,,,,,,,,,,,,,,,,,,,,,10.00,,,,,,,false,true,12,2019-04-01,2020-03-31,1
2019-06-24,21480,2020-03-31,,,,,,,,870000000,0.024,,,,520000000,,26.59,,,,,,,,,,,,,,,,,,,,,,true,true,12,2019-04-01,2020-03-31,0
2019-06-24,21480,2019-03-31,,,,,,,,881000000,,,,,376000000,,19.33,,,,,,,,,,,,,,,,,,,,,,true,false,12,2018-04-01,2019-03-31,-1
2019-07-31,21480,2020-03-31,1,,,,,,,192000000,0.482,,,,144000000,,7.37,7.30,,,,,6574000000,,,,,,,,,,,,,,,,true,false,3,2019-04-01,2019-06-30,0
2019-07-31,21480,2019-03-31,1,,,,,,,129000000,,,,,73000000,,3.76,3.71,,,,,,,,,,,,,,,,,,,,,true,false,3,2018-04-01,2018-06-30,-1
2019-07-31,21480,2020-03-31,1,,,,,,,870000000,-0.013,,,,520000000,,26.24,,,,,,,,,,,,,,,,,,,,,,true,true,12,2019-04-01,2020-03-31,0
2019-07-31,21480,2019-03-31,1,,,,,,,,,,,,,,,,,,,,6351000000,,,,,,,,,,,,,,,,true,false,12,2018-04-01,2019-03-31,-1
2019-07-31,21480,2019-03-31,1,,,,,,,,,,,,,,,,,,,,,,,,,,,,,11.00,,,,20208600,712999,,false,false,12,2018-04-01,2019-03-31,-1
2019-07-31,21480,2020-03-31,1,,,,,,,,,,,,,,,,,,,,,,,,,,,,,10.00,,,,,,,false,true,12,2019-04-01,2020-03-31,0
2019-07-31,21480,2020-03-31,1,,,,,,,,,,,,,,,,,,,,,,,,,,,,,,,,,20532600,712999,19560110,false,false,3,2019-04-01,2019-06-30,0
2019-07-31,21480,2019-03-31,1,,,,,,,,,,,,,,,,,,,,,,,,,,,,,,,,,,,19489320,false,false,3,2018-04-01,2018-06-30,-1
2019-10-31,21480,2020-03-31,2,,,,,,,490000000,0.509,,,,318000000,,16.15,16.08,,,,,6799000000,,,,,,,,,,,,,,,,true,false,6,2019-04-01,2019-09-30,0
2019-10-31,21480,2019-03-31,2,,,,,,,324000000,,,,,181000000,,9.33,9.20,,,,,,,,,,,,,,,,,,,,,true,false,6,2018-04-01,2018-09-30,-1
2019-10-31,21480,2020-03-31,2,,,,,,,1000000000,0.134,,,,600000000,,30.27,,,,,,,,,,,,,,,,,,,,,,true,true,12,2019-04-01,2020-03-31,0
2019-10-31,21480,2019-03-31,2,,,,,,,,,,,,,,,,,,,,6351000000,,,,,,,,,,,,,,,,true,false,12,2018-04-01,2019-03-31,-1
2019-10-31,21480,2019-03-31,2,,,,,,,,,,,,,,,,,,,,,,,,,,,,,11.00,,,,20208600,712999,,false,false,12,2018-04-01,2019-03-31,-1
2019-10-31,21480,2020-03-31,2,,,,,,,,,,,,,,,,,,,,,,,,,,,,,6.00,,,,,,,false,false,12,2019-04-01,2020-03-31,0
2019-10-31,21480,2020-03-31,2,,,,,,,,,,,,,,,,,,,,,,,,,,,,,11.00,,,,,,,false,true,12,2019-04-01,2020-03-31,0
2019-10-31,21480,2020-03-31,2,,,,,,,,,,,,,,,,,,,,,,,,,,,,,,,,,20532600,712999,19690564,false,false,6,2019-04-01,2019-09-30,0
2019-10-31,21480,2019-03-31,2,,,,,,,,,,,,,,,,,,,,,,,,,,,,,,,,,,,19489612,false,false,6,2018-04-01,2018-09-30,-1
2020-01-31,21480,2020-03-31,3,,,,,,,824000000,0.603,,,,595000000,,30.15,30.06,,,,,6953000000,,,,,,,,,,,,,,,,true,false,9,2019-04-01,2019-12-31,0
2020-01-31,21480,2019-03-31,3,,,,,,,514000000,,,,,283000000,,14.55,14.36,,,,,,,,,,,,,,,,,,,,,true,false,9,2018-04-01,2018-12-31,-1
2020-01-31,21480,2020-03-31,3,,,,,,,1100000000,0.248,,,,750000000,,37.84,,,,,,,,,,,,,,,,,,,,,,true,true,12,2019-04-01,2020-03-31,0
2020-01-31,21480,2019-03-31,3,,,,,,,,,,,,,,,,,,,,6351000000,,,,,,,,,,,,,,,,true,false,12,2018-04-01,2019-03-31,-1
2020-01-31,21480,2019-03-31,3,,,,,,,,,,,,,,,,,,,,,,,,,,,,,11.00,,,,20208600,712999,,false,false,12,2018-04-01,2019-03-31,-1
2020-01-31,21480,2020-03-31,3,,,,,,,,,,,,,,,,,,,,,,,,,,,,,6.00,,,,,,,false,false,12,2019-04-01,2020-03-31,0
2020-01-31,21480,2020-03-31,3,,,,,,,,,,,,,,,,,,,,,,,,,,,,,12.00,,,,,,,false,true,12,2019-04-01,2020-03-31,0
2020-01-31,21480,2019-03-31,3,,,,,,,,,,,,,,,,,,,,,,,,,,,,,,,1.00,,,,19489709,false,false,9,2018-04-01,2018-12-31,-1
2020-01-31,21480,2020-03-31,3,,,,,,,,,,,,,,,,,,,,,,,,,,,,,,,1.00,,20532600,712999,19733733,false,false,9,2019-04-01,2019-12-31,0
2020-04-30,21480,2020-03-31,,5082000000,0.115,,,,,1055000000,0.331,1058000000,0.326,868000000,,1.865,43.97,43.87,,,,,6763000000,5833000000,0.862,294.14,5829000000,,,,,12.00,,,,20532600,713036,19755080,false,false,12,2019-04-01,2020-03-31,0
2020-04-30,21480,2019-03-31,,4558000000,0.075,,,,,792000000,0.110,798000000,0.114,303000000,,-0.365,15.56,15.36,,,,,6023000000,5276000000,0.875,270.40,5271000000,,,,,11.00,,,,20208600,712999,19490076,false,false,12,2018-04-01,2019-03-31,-1
2020-04-30,21480,2020-03-31,,,,,,,,1172000000,0.330,,,,780000000,,39.51,39.42,,,,,7235000000,,,,,1316000000,15000000,-413000000,,,0.304,,,,,,true,false,12,2019-04-01,2020-03-31,0
2020-04-30,21480,2019-03-31,,,,,,,,881000000,,,,,376000000,,19.33,19.09,,,,,6351000000,,,,,585000000,-115000000,-198000000,,,0.569,,,,,,true,false,12,2018-04-01,2019-03-31,-1
2020-04-30,21480,2021-03-31,,,,,,,,,,,,,,,,,,,,,,,,,,,,,,12.00,,,,,,,false,true,12,2020-04-01,2021-03-31,1
2020-07-31,21480,2021-03-31,1,,,,,,,350000000,0.825,,,,218000000,,11.04,11.04,,,,,7198000000,,,,,,,,,,,,,,,,true,false,3,2020-04-01,2020-06-30,0
2020-07-31,21480,2020-03-31,1,,,,,,,192000000,0.482,,,,144000000,,7.37,7.30,,,,,,,,,,,,,,,,,,,,,true,false,3,2019-04-01,2019-06-30,-1
2020-07-31,21480,2021-03-31,1,,,,,,,800000000,0.633,,,,510000000,,25.73,,,,,,,,,,,,,,,,,,,,,,true,true,6,2020-04-01,2020-09-30,0
2020-07-31,21480,2021-03-31,1,,,,,,,1482000000,0.264,,,,950000000,,47.93,,,,,,,,,,,,,,,,,,,,,,true,true,12,2020-04-01,2021-03-31,0
2020-07-31,21480,2020-03-31,1,,,,,,,,,,,,,,,,,,,,7235000000,,,,,,,,,,,,,,,,true,false,12,2019-04-01,2020-03-31,-1
2020-07-31,21480,2020-03-31,1,,,,,,,,,,,,,,,,,,,,,,,,,,,,,12.00,,,,20532600,713036,,false,false,12,2019-04-01,2020-03-31,-1
2020-07-31,21480,2021-03-31,1,,,,,,,,,,,,,,,,,,,,,,,,,,,,,14.00,,,,,,,false,true,12,2020-04-01,2021-03-31,0
2020-07-31,21480,2021-03-31,1,,,,,,,,,,,,,,,,,,,,,,,,,,,,,,,,,20532600,713036,19819564,false,false,3,2020-04-01,2020-06-30,0
2020-07-31,21480,2020-03-31,1,,,,,,,,,,,,,,,,,,,,,,,,,,,,,,,,,,,19560110,false,false,3,2019-04-01,2019-06-30,-1
2020-10-30,21480,2021-03-31,2,,,,,,,869000000,0.774,,,,555000000,,28.05,28.05,,,,,8377000000,,,,,,,,,,,,,,,,true,false,6,2020-04-01,2020-09-30,0
2020-10-30,21480,2020-03-31,2,,,,,,,490000000,0.509,,,,318000000,,16.15,16.08,,,,,,,,,,,,,,,,,,,,,true,false,6,2019-04-01,2019-09-30,-1
2020-10-30,21480,2021-03-31,2,,,,,,,1730000000,0.476,,,,1120000000,,56.51,,,,,,,,,,,,,,,,,,,,,,true,true,12,2020-04-01,2021-03-31,0
2020-10-30,21480,2020-03-31,2,,,,,,,,,,,,,,,,,,,,7235000000,,,,,,,,,,,,,,,,true,false,12,2019-04-01,2020-03-31,-1
2020-10-30,21480,2020-03-31,2,,,,,,,,,,,,,,,,,,,,,,,,,,,,,12.00,,,,20532600,713036,,false,false,12,2019-04-01,2020-03-31,-1
2020-10-30,21480,2021-03-31,2,,,,,,,,,,,,,,,,,,,,,,,,,,,,,7.00,,,,,,,false,false,12,2020-04-01,2021-03-31,0
2020-10-30,21480,2021-03-31,2,,,,,,,,,,,,,,,,,,,,,,,,,,,,,14.00,,,,,,,false,true,12,2020-04-01,2021-03-31,0
2020-10-30,21480,2021-03-31,2,,,,,,,,,,,,,,,,,,,,,,,,,,,,,,,,,20532600,713074,19819545,false,false,6,2020-04-01,2020-09-30,0
2020-10-30,21480,2020-03-31,2,,,,,,,,,,,,,,,,,,,,,,,,,,,,,,,,,,,19690564,false,false,6,2019-04-01,2019-09-30,-1
2021-01-28,21480,2021-03-31,3,,,,,,,1488000000,0.805,,,,954000000,,48.18,48.18,,,,,8287000000,,,,,,,,,,,,,,,,true,false,9,2020-04-01,2020-12-31,0
2021-01-28,21480,2020-03-31,3,,,,,,,824000000,0.603,,,,595000000,,30.15,30.06,,,,,,,,,,,,,,,,,,,,,true,false,9,2019-04-01,2019-12-31,-1
2021-01-28,21480,2021-03-31,3,,,,,,,1900000000,0.621,,,,1200000000,,60.55,,,,,,,,,,,,,,,,,,,,,,true,true,12,2020-04-01,2021-03-31,0
2021-01-28,21480,2020-03-31,3,,,,,,,,,,,,,,,,,,,,7235000000,,,,,,,,,,,,,,,,true,false,12,2019-04-01,2020-03-31,-1
2021-01-28,21480,2020-03-31,3,,,,,,,,,,,,,,,,,,,,,,,,,,,,,12.00,,,,20532600,713036,,false,false,12,2019-04-01,2020-03-31,-1
2021-01-28,21480,2021-03-31,3,,,,,,,,,,,,,,,,,,,,,,,,,,,,,7.00,,,,,,,false,false,12,2020-04-01,2021-03-31,0
2021-01-28,21480,2021-03-31,3,,,,,,,,,,,,,,,,,,,,,,,,,,,,,15.00,,,,,,,false,true,12,2020-04-01,2021-03-31,0
2021-01-28,21480,2020-03-31,3,,,,,,,,,,,,,,,,,,,,,,,,,,,,,,,1.00,,,,19733733,false,false,9,2019-04-01,2019-12-31,-1
2021-01-28,21480,2021-03-31,3,,,,,,,,,,,,,,,,,,,,,,,,,,,,,,,,,20532600,713074,19819538,false,false,9,2020-04-01,2020-12-31,0
2021-04-01,21480,2021-03-31,,,,,,,,2000000000,0.053,,,,1250000000,,63.07,,,,,,,,,,,,,,,,,,,,,,true,true,12,2020-04-01,2021-03-31,0
2021-04-01,21480,2020-03-31,,,,,,,,1172000000,,,,,780000000,,39.51,,,,,,,,,,,,,,,,,,,,,,true,false,12,2019-04-01,2020-03-31,-1
2021-04-30,21480,2021-03-31,,6652000000,0.309,,,,,1965000000,0.862,1966000000,0.857,1072000000,,0.235,54.13,52.84,,,,,8572000000,6780000000,0.791,341.90,6776000000,,,,,16.00,,1.00,,20532600,713074,19819535,false,false,12,2020-04-01,2021-03-31,0
2021-04-30,21480,2020-03-31,,5082000000,0.115,,,,,1055000000,0.331,1058000000,0.326,868000000,,1.865,43.97,43.87,,,,,6763000000,5833000000,0.862,294.14,5829000000,,,,,12.00,,1.00,,20532600,713036,19755080,false,false,12,2019-04-01,2020-03-31,-1
2021-04-30,21480,2021-03-31,,,,,,,,2022000000,0.725,,,,1255000000,,63.32,61.82,,,,,9074000000,,,,,2212000000,-161000000,-475000000,,,0.253,,,,,,true,false,12,2020-04-01,2021-03-31,0
2021-04-30,21480,2020-03-31,,,,,,,,1172000000,0.330,,,,780000000,,39.51,39.42,,,,,7235000000,,,,,1316000000,15000000,-413000000,,,0.304,,,,,,true,false,12,2019-04-01,2020-03-31,-1
2021-04-30,21480,2022-03-31,,,,,,,,1080000000,0.242,,,,720000000,,36.33,,,,,,,,,,,,,,,,,,,,,,true,true,6,2021-04-01,2021-09-30,1
2021-04-30,21480,2022-03-31,,,,,,,,2380000000,0.177,,,,1580000000,,79.72,,,,,,,,,,,,,,,,0.276,,,,,,true,true,12,2021-04-01,2022-03-31,1
2021-04-30,21480,2022-03-31,,,,,,,,,,,,,,,,,,,,,,,,,,,,,,22.00,,,,,,,false,true,12,2021-04-01,2022-03-31,1
2021-07-30,21480,2022-03-31,1,,,,,,,578000000,0.648,,,,387000000,,19.58,19.12,,,,,8832000000,,,,,,,,,,,,,,,,true,false,3,2021-04-01,2021-06-30,0
2021-07-30,21480,2021-03-31,1,,,,,,,350000000,0.825,,,,218000000,,11.04,11.04,,,,,,,,,,,,,,,,,,,,,true,false,3,2020-04-01,2020-06-30,-1
2021-07-30,21480,2022-03-31,1,,,,,,,1080000000,0.242,,,,720000000,,36.33,,,,,,,,,,,,,,,,,,,,,,true,true,6,2021-04-01,2021-09-30,0
2021-07-30,21480,2022-03-31,1,,,,,,,2380000000,0.177,,,,1580000000,,79.72,,,,,,,,,,,,,,,,,,,,,,true,true,12,2021-04-01,2022-03-31,0
2021-07-30,21480,2021-03-31,1,,,,,,,,,,,,,,,,,,,,9074000000,,,,,,,,,,,,,,,,true,false,12,2020-04-01,2021-03-31,-1
2021-07-30,21480,2021-03-31,1,,,,,,,,,,,,,,,,,,,,,,,,,,,,,16.00,,,,20532600,713074,,false,false,12,2020-04-01,2021-03-31,-1
2021-07-30,21480,2022-03-31,1,,,,,,,,,,,,,,,,,,,,,,,,,,,,,22.00,,,,,,,false,true,12,2021-04-01,2022-03-31,0
2021-07-30,21480,2022-03-31,1,,,,,,,,,,,,,,,,,,,,,,,,,,,,,,,,,20532600,713074,19819526,false,false,3,2021-04-01,2021-06-30,0
2021-07-30,21480,2021-03-31,1,,,,,,,,,,,,,,,,,,,,,,,,,,,,,,,,,,,19819564,false,false,3,2020-04-01,2020-06-30,-1
2021-10-29,2148,2022-03-31,2,,,,,,,1263000000,0.453,,,,855000000,,43.09,42.18,,,,,9018000000,,,,,,,,,,,,,,,,true,false,6,2021-04-01,2021-09-30,0
2021-10-29,2148,2021-03-31,2,,,,,,,869000000,0.774,,,,555000000,,28.05,28.05,,,,,,,,,,,,,,,,,,,,,true,false,6,2020-04-01,2020-09-30,-1
2021-10-29,2148,2022-03-31,2,,,,,,,2520000000,0.246,,,,1710000000,,86.25,,,,,,,,,,,,,,,,,,,,,,true,true,12,2021-04-01,2022-03-31,0
2021-10-29,2148,2021-03-31,2,,,,,,,,,,,,,,,,,,,,9074000000,,,,,,,,,,,,,,,,true,false,12,2020-04-01,2021-03-31,-1
2021-10-29,2148,2021-03-31,2,,,,,,,,,,,,,,,,,,,,,,,,,,,,,16.00,,,,20532600,713074,,false,false,12,2020-04-01,2021-03-31,-1
2021-10-29,2148,2022-03-31,2,,,,,,,,,,,,,,,,,,,,,,,,,,,,,11.00,,,,,,,false,false,12,2021-04-01,2022-03-31,0
2021-10-29,2148,2022-03-31,2,,,,,,,,,,,,,,,,,,,,,,,,,,,,,22.00,,,,,,,false,true,12,2021-04-01,2022-03-31,0
2021-10-29,2148,2022-03-31,2,,,,,,,,,,,,,,,,,,,,,,,,,,,,,,,,,20797600,972052,19852103,false,false,6,2021-04-01,2021-09-30,0
2021-10-29,2148,2021-03-31,2,,,,,,,,,,,,,,,,,,,,,,,,,,,,,,,,,,,19819545,false,false,6,2020-04-01,2020-09-30,-1
2022-01-31,2148,2022-03-31,3,,,,,,,1985000000,0.334,,,,1343000000,,67.80,66.51,,,,,8926000000,,,,,,,,,,,,,,,,true,false,9,2021-04-01,2021-12-31,0
2022-01-31,2148,2021-03-31,3,,,,,,,1488000000,0.805,,,,954000000,,48.18,48.18,,,,,,,,,,,,,,,,,,,,,true,false,9,2020-04-01,2020-12-31,-1
2022-01-31,2148,2022-03-31,3,,,,,,,2620000000,0.296,,,,1770000000,,89.59,,,,,,,,,,,,,,,,,,,,,,true,true,12,2021-04-01,2022-03-31,0
2022-01-31,2148,2021-03-31,3,,,,,,,,,,,,,,,,,,,,9074000000,,,,,,,,,,,,,,,,true,false,12,2020-04-01,2021-03-31,-1
2022-01-31,2148,2021-03-31,3,,,,,,,,,,,,,,,,,,,,,,,,,,,,,16.00,,,,20532600,713074,,false,false,12,2020-04-01,2021-03-31,-1
2022-01-31,2148,2022-03-31,3,,,,,,,,,,,,,,,,,,,,,,,,,,,,,11.00,,,,,,,false,false,12,2021-04-01,2022-03-31,0
2022-01-31,2148,2022-03-31,3,,,,,,,,,,,,,,,,,,,,,,,,,,,,,23.00,,,,,,,false,true,12,2021-04-01,2022-03-31,0
2022-01-31,2148,2022-03-31,3,,,,,,,,,,,,,,,,,,,,,,,,,,,,,,,,,20828600,1072098,19818050,false,false,9,2021-04-01,2021-12-31,0
2022-01-31,2148,2021-03-31,3,,,,,,,,,,,,,,,,,,,,,,,,,,,,,,,,,,,19819538,false,false,9,2020-04-01,2020-12-31,-1
2022-04-28,2148,2022-03-31,,7809000000,0.174,,,,,2608000000,0.327,2603000000,0.324,1908000000,,0.779,96.38,94.69,,,,,9337000000,7474000000,0.800,378.01,7471000000,,,,,23.00,,1.00,,20837300,1072098,19804438,false,false,12,2021-04-01,2022-03-31,0
2022-04-28,2148,2021-03-31,,6652000000,0.309,,,,,1965000000,0.862,1966000000,0.857,1072000000,,0.235,54.13,52.84,,,,,8572000000,6780000000,0.791,341.90,6776000000,,,,,16.00,,,,20532600,713074,19819535,false,false,12,2020-04-01,2021-03-31,-1
2022-04-28,2148,2022-03-31,,,,,,,,2687000000,0.329,,,,1800000000,,90.94,89.35,,,,,10048000000,,,,,1989000000,152000000,-1203000000,,,0.253,,,,,,true,false,12,2021-04-01,2022-03-31,0
2022-04-28,2148,2021-03-31,,,,,,,,2022000000,0.725,,,,1255000000,,63.32,61.82,,,,,9074000000,,,,,2212000000,-161000000,-475000000,,,0.253,,,,,,true,false,12,2020-04-01,2021-03-31,-1
2022-04-28,2148,2023-03-31,,,,,,,,2920000000,0.087,,,,1970000000,,99.67,,,,,,,,,,,,,,,,0.281,,,,,,true,true,12,2022-04-01,2023-03-31,1
2022-04-28,2148,2023-03-31,,,,,,,,,,,,,,,,,,,,,,,,,,,,,,28.00,,,,,,,false,true,12,2022-04-01,2023-03-31,1
2022-07-29,2148,2023-03-31,1,,,,,,,630000000,0.091,,,,428000000,,21.66,21.39,,,,,9591000000,,,,,,,,,,,,,,,,true,false,3,2022-04-01,2022-06-30,0
2022-07-29,2148,2022-03-31,1,,,,,,,578000000,0.648,,,,387000000,,19.58,19.12,,,,,,,,,,,,,,,,,,,,,true,false,3,2021-04-01,2021-06-30,-1
2022-07-29,2148,2023-03-31,1,,,,,,,2920000000,0.087,,,,1970000000,,99.66,,,,,,,,,,,,,,,,,,,,,,true,true,12,2022-04-01,2023-03-31,0
2022-07-29,2148,2022-03-31,1,,,,,,,,,,,,,,,,,,,,10048000000,,,,,,,,,,,,,,,,true,false,12,2021-04-01,2022-03-31,-1
2022-07-29,2148,2022-03-31,1,,,,,,,,,,,,,,,,,,,,,,,,,,,,,23.00,,,,20837300,1072098,,false,false,12,2021-04-01,2022-03-31,-1
2022-07-29,2148,2023-03-31,1,,,,,,,,,,,,,,,,,,,,,,,,,,,,,28.00,,,,,,,false,true,12,2022-04-01,2023-03-31,0
2022-07-29,2148,2023-03-31,1,,,,,,,,,,,,,,,,,,,,,,,,,,,,,,,,,20839300,1072098,19767004,false,false,3,2022-04-01,2022-06-30,0
2022-07-29,2148,2022-03-31,1,,,,,,,,,,,,,,,,,,,,,,,,,,,,,,,,,,,19819526,false,false,3,2021-04-01,2021-06-30,-1
2022-10-31,2148,2023-03-31,2,,,,,,,1392000000,0.102,,,,946000000,,47.85,47.26,,,,,10326000000,,,,,,,,,,,,,,,,true,false,6,2022-04-01,2022-09-30,0
2022-10-31,2148,2022-03-31,2,,,,,,,1263000000,0.453,,,,855000000,,43.09,42.18,,,,,,,,,,,,,,,,,,,,,true,false,6,2021-04-01,2021-09-30,-1
2022-10-31,2148,2023-03-31,2,,,,,,,2920000000,0.087,,,,1970000000,,99.59,,,,,,,,,,,,,,,,,,,,,,true,true,12,2022-04-01,2023-03-31,0
2022-10-31,2148,2022-03-31,2,,,,,,,,,,,,,,,,,,,,10048000000,,,,,,,,,,,,,,,,true,false,12,2021-04-01,2022-03-31,-1
2022-10-31,2148,2022-03-31,2,,,,,,,,,,,,,,,,,,,,,,,,,,,,,23.00,,,,20837300,1072098,,false,false,12,2021-04-01,2022-03-31,-1
2022-10-31,2148,2023-03-31,2,,,,,,,,,,,,,,,,,,,,,,,,,,,,,14.00,,,,,,,false,false,12,2022-04-01,2023-03-31,0
2022-10-31,2148,2023-03-31,2,,,,,,,,,,,,,,,,,,,,,,,,,,,,,28.00,,,,,,,false,true,12,2022-04-01,2023-03-31,0
2022-10-31,2148,2023-03-31,2,,,,,,,,,,,,,,,,,,,,,,,,,,,,,,,,,20853400,1072098,19772911,false,false,6,2022-04-01,2022-09-30,0
2022-10-31,2148,2022-03-31,2,,,,,,,,,,,,,,,,,,,,,,,,,,,,,,,,,,,19852103,false,false,6,2021-04-01,2021-09-30,-1
2023-01-31,2148,2023-03-31,3,,,,,,,2171000000,0.094,,,,1467000000,,74.20,73.30,,,,,10228000000,,,,,,,,,,,,,,,,true,false,9,2022-04-01,2022-12-31,0
2023-01-31,2148,2022-03-31,3,,,,,,,1985000000,0.334,,,,1343000000,,67.80,66.51,,,,,,,,,,,,,,,,,,,,,true,false,9,2021-04-01,2021-12-31,-1
2023-01-31,2148,2023-03-31,3,,,,,,,2920000000,0.087,,,,1970000000,,99.54,,,,,,,,,,,,,,,,,,,,,,true,true,12,2022-04-01,2023-03-31,0
2023-01-31,2148,2022-03-31,3,,,,,,,,,,,,,,,,,,,,10048000000,,,,,,,,,,,,,,,,true,false,12,2021-04-01,2022-03-31,-1
2023-01-31,2148,2022-03-31,3,,,,,,,,,,,,,,,,,,,,,,,,,,,,,23.00,,,,20837300,1072098,,false,false,12,2021-04-01,2022-03-31,-1
2023-01-31,2148,2023-03-31,3,,,,,,,,,,,,,,,,,,,,,,,,,,,,,14.00,,,,,,,false,false,12,2022-04-01,2023-03-31,0
2023-01-31,2148,2023-03-31,3,,,,,,,,,,,,,,,,,,,,,,,,,,,,,28.00,,,,,,,false,true,12,2022-04-01,2023-03-31,0
2023-01-31,2148,2023-03-31,3,,,,,,,,,,,,,,,,,,,,,,,,,,,,,,,,,20863900,1072098,19778396,false,false,9,2022-04-01,2022-12-31,0
2023-01-31,2148,2022-03-31,3,,,,,,,,,,,,,,,,,,,,,,,,,,,,,,,,,,,19818050,false,false,9,2021-04-01,2021-12-31,-1
2023-04-28,2148,2023-03-31,,8386000000,0.074,,,,,2829000000,0.085,2824000000,0.085,1949000000,,0.022,98.56,97.40,,,,,10544000000,8923000000,0.846,450.70,8921000000,,,,,28.00,,,,20865900,1072098,19781948,false,false,12,2022-04-01,2023-03-31,0
2023-04-28,2148,2022-03-31,,7809000000,0.174,,,,,2608000000,0.327,2603000000,0.324,1908000000,,0.779,96.38,94.69,,,,,9337000000,7474000000,0.800,378.01,7471000000,,,,,23.00,,,,20837300,1072098,19804438,false,false,12,2021-04-01,2022-03-31,-1
2023-04-28,2148,2023-03-31,,,,,,,,2930000000,0.090,,,,1974000000,,99.82,98.64,,,,,11158000000,,,,,1876000000,-53000000,-660000000,,,0.281,,,,,,true,false,12,2022-04-01,2023-03-31,0
2023-04-28,2148,2022-03-31,,,,,,,,2687000000,0.329,,,,1800000000,,90.94,89.35,,,,,10048000000,,,,,1989000000,152000000,-1203000000,,,0.253,,,,,,true,false,12,2021-04-01,2022-03-31,-1
2023-04-28,2148,2024-03-31,,,,,,,,1210000000,-0.131,,,,820000000,,41.43,,,,,,,,,,,,,,,,,,,,,,true,true,6,2023-04-01,2023-09-30,1
2023-04-28,2148,2024-03-31,,,,,,,,3000000000,0.024,,,,2020000000,,102.05,,,,,,,,,,,,,,,,0.294,,,,,,true,true,12,2023-04-01,2024-03-31,1
2023-04-28,2148,2024-03-31,,,,,,,,,,,,,,,,,,,,,,,,,,,,,,30.00,,,,,,,false,true,12,2023-04-01,2024-03-31,1
2023-07-31,2148,2024-03-31,1,,,,,,,414000000,-0.342,,,,280000000,,14.17,14.03,,,,,10845000000,,,,,,,,,,,,,,,,true,false,3,2023-04-01,2023-06-30,0
2023-07-31,2148,2023-03-31,1,,,,,,,630000000,0.091,,,,428000000,,21.66,21.39,,,,,,,,,,,,,,,,,,,,,true,false,3,2022-04-01,2022-06-30,-1
2023-07-31,2148,2024-03-31,1,,,,,,,1100000000,-0.210,,,,740000000,,37.38,,,,,,,,,,,,,,,,,,,,,,true,true,6,2023-04-01,2023-09-30,0
2023-07-31,2148,2024-03-31,1,,,,,,,2400000000,-0.181,,,,1620000000,,81.83,,,,,,,,,,,,,,,,,,,,,,true,true,12,2023-04-01,2024-03-31,0
2023-07-31,2148,2023-03-31,1,,,,,,,,,,,,,,,,,,,,11158000000,,,,,,,,,,,,,,,,true,false,12,2022-04-01,2023-03-31,-1
2023-07-31,2148,2023-03-31,1,,,,,,,,,,,,,,,,,,,,,,,,,,,,,28.00,,,,20865900,1072098,,false,false,12,2022-04-01,2023-03-31,-1
2023-07-31,2148,2024-03-31,1,,,,,,,,,,,,,,,,,,,,,,,,,,,,,30.00,,,,,,,false,true,12,2023-04-01,2024-03-31,0
2023-07-31,2148,2024-03-31,1,,,,,,,,,,,,,,,,,,,,,,,,,,,,,,,,,20868900,1072098,19795681,false,false,3,2023-04-01,2023-06-30,0
2023-07-31,2148,2023-03-31,1,,,,,,,,,,,,,,,,,,,,,,,,,,,,,,,,,,,197767004,false,false,3,2022-04-01,2022-06-30,-1
2023-10-31,2148,2024-03-31,2,,,,,,,1052000000,-0.244,,,,717000000,,36.33,35.99,,,,,11129000000,,,,,,,,,,,,,,,,true,false,6,2023-04-01,2023-09-30,0
2023-10-31,2148,2023-03-31,2,,,,,,,1392000000,0.102,,,,946000000,,47.85,47.26,,,,,,,,,,,,,,,,,,,,,true,false,6,2022-04-01,2022-09-30,-1
2023-10-31,2148,2024-03-31,2,,,,,,,2400000000,-0.181,,,,1620000000,,83.21,,,,,,,,,,,,,,,,,,,,,,true,true,12,2023-04-01,2024-03-31,0
2023-10-31,2148,2023-03-31,2,,,,,,,,,,,,,,,,,,,,11158000000,,,,,,,,,,,,,,,,true,false,12,2022-04-01,2023-03-31,-1
2023-10-31,2148,2023-03-31,2,,,,,,,,,,,,,,,,,,,,,,,,,,,,,28.00,,,,20865900,1072098,,false,false,12,2022-04-01,2023-03-31,-1
2023-10-31,2148,2024-03-31,2,,,,,,,,,,,,,,,,,,,,,,,,,,,,,15.00,,,,,,,false,false,12,2023-04-01,2024-03-31,0
2023-10-31,2148,2024-03-31,2,,,,,,,,,,,,,,,,,,,,,,,,,,,,,30.00,,,,,,,false,true,12,2023-04-01,2024-03-31,0
2023-10-31,2148,2024-03-31,2,,,,,,,,,,,,,,,,,,,,,,,,,,,,,,,,,20877000,1408298,19744668,false,false,6,2023-04-01,2023-09-30,0
2023-10-31,2148,2023-03-31,2,,,,,,,,,,,,,,,,,,,,,,,,,,,,,,,,,,,19772911,false,false,6,2022-04-01,2022-09-30,-1
2024-01-31,2148,2024-03-31,3,,,,,,,1564000000,-0.280,,,,1051000000,,53.65,53.17,,,,,10435000000,,,,,,,,,,,,,,,,true,false,9,2023-04-01,2023-12-31,0
2024-01-31,2148,2023-03-31,3,,,,,,,2171000000,0.094,,,,1467000000,,74.20,73.30,,,,,,,,,,,,,,,,,,,,,true,false,9,2022-04-01,2022-12-31,-1
2024-01-31,2148,2024-03-31,3,,,,,,,2400000000,-0.181,,,,1620000000,,84.27,,,,,,,,,,,,,,,,,,,,,,true,true,12,2023-04-01,2024-03-31,0
2024-01-31,2148,2023-03-31,3,,,,,,,,,,,,,,,,,,,,11158000000,,,,,,,,,,,,,,,,true,false,12,2022-04-01,2023-03-31,-1
2024-01-31,2148,2023-03-31,3,,,,,,,,,,,,,,,,,,,,,,,,,,,,,28.00,,,,20865900,1072098,,false,false,12,2022-04-01,2023-03-31,-1
2024-01-31,2148,2024-03-31,3,,,,,,,,,,,,,,,,,,,,,,,,,,,,,15.00,,,,,,,false,false,12,2023-04-01,2024-03-31,0
2024-01-31,2148,2024-03-31,3,,,,,,,,,,,,,,,,,,,,,,,,,,,,,115.00,,,,,,,false,true,12,2023-04-01,2024-03-31,0
2024-01-31,2148,2024-03-31,3,,,,,,,,,,,,,,,,,,,,,,,,,,,,,,,,,20877500,1653098,19590824,false,false,9,2023-04-01,2023-12-31,0
2024-01-31,2148,2023-03-31,3,,,,,,,,,,,,,,,,,,,,,,,,,,,,,,,,,,,19778396,false,false,9,2022-04-01,2022-12-31,-1
2024-05-01,2148,2024-03-31,,7524000000,-0.103,,,,,2158000000,-0.237,2157000000,-0.236,1491000000,,-0.235,76.45,75.74,,,,,10517000000,9287000000,0.884,479.23,9286000000,,,,,115.00,,,,21030300,1653153,19511045,false,false,12,2023-04-01,2024-03-31,0
2024-05-01,2148,2023-03-31,,8386000000,0.074,,,,,2829000000,0.085,2824000000,0.085,1949000000,,0.022,98.56,97.40,,,,,10544000000,8923000000,0.846,450.70,8921000000,,,,,28.00,,,,20865900,1072098,19781948,false,false,12,2022-04-01,2023-03-31,-1
2024-05-01,2148,2024-03-31,,,,,,,,2228000000,-0.240,,,,1501000000,,76.98,76.27,,,,,11378000000,,,,,1374000000,-164000000,-1246000000,,,1.494,,,,,,true,false,12,2023-04-01,2024-03-31,0
2024-05-01,2148,2023-03-31,,,,,,,,2930000000,0.090,,,,1974000000,,99.82,98.64,,,,,11158000000,,,,,1876000000,-53000000,-660000000,,,0.281,,,,,,true,false,12,2022-04-01,2023-03-31,-1
2024-05-01,2148,2025-03-31,,,,,,,,980000000,-0.069,,,,660000000,,34.06,,,,,,,,,,,,,,,,,,,,,,true,true,6,2024-04-01,2024-09-30,1
2024-05-01,2148,2025-03-31,,,,,,,,2300000000,0.032,,,,1560000000,,80.51,,,,,,,,,,,,,,,,1.242,,,,,,true,true,12,2024-04-01,2025-03-31,1
2024-05-01,2148,2025-03-31,,,,,,,,,,,,,,,,,,,,,,,,,,,,,,100.00,,,,,,,false,true,12,2024-04-01,2025-03-31,1
2024-08-05,2148,2025-03-31,1,,,,,,,379000000,-0.085,,,,266000000,,13.74,13.65,,,,,9580000000,,,,,,,,,,,,,,,,true,false,3,2024-04-01,2024-06-30,0
2024-08-05,2148,2024-03-31,1,,,,,,,414000000,-0.342,,,,280000000,,14.17,14.03,,,,,,,,,,,,,,,,,,,,,true,false,3,2023-04-01,2023-06-30,-1
2024-08-05,2148,2025-03-31,1,,,,,,,980000000,-0.069,,,,660000000,,34.04,,,,,,,,,,,,,,,,,,,,,,true,true,6,2024-04-01,2024-09-30,0
2024-08-05,2148,2025-03-31,1,,,,,,,2300000000,0.032,,,,1560000000,,80.46,,,,,,,,,,,,,,,,,,,,,,true,true,12,2024-04-01,2025-03-31,0
2024-08-05,2148,2024-03-31,1,,,,,,,,,,,,,,,,,,,,11378000000,,,,,,,,,,,,,,,,true,false,12,2023-04-01,2024-03-31,-1
2024-08-05,2148,2024-03-31,1,,,,,,,,,,,,,,,,,,,,,,,,,,,,,115.00,,,,21030300,1653153,,false,false,12,2023-04-01,2024-03-31,-1
2024-08-05,2148,2025-03-31,1,,,,,,,,,,,,,,,,,,,,,,,,,,,,,100.00,,,,,,,false,true,12,2024-04-01,2025-03-31,0
2024-08-05,2148,2025-03-31,1,,,,,,,,,,,,,,,,,,,,,,,,,,,,,,,,,21041600,1653159,19382850,false,false,3,2024-04-01,2024-06-30,0
2024-08-05,2148,2024-03-31,1,,,,,,,,,,,,,,,,,,,,,,,,,,,,,,,,,,,19795681,false,false,3,2023-04-01,2023-06-30,-1
2024-10-31,2148,2025-03-31,2,,,,,,,885000000,-0.158,,,,629000000,,32.48,32.28,,,,,10045000000,,,,,,,,,,,,,,,,true,false,6,2024-04-01,2024-09-30,0
2024-10-31,2148,2024-03-31,2,,,,,,,1052000000,-0.244,,,,717000000,,36.33,35.99,,,,,,,,,,,,,,,,,,,,,true,false,6,2023-04-01,2023-09-30,-1
2024-10-31,2148,2025-03-31,2,,,,,,,2300000000,0.032,,,,1560000000,,80.46,,,,,,,,,,,,,,,,,,,,,,true,true,12,2024-04-01,2025-03-31,0
2024-10-31,2148,2024-03-31,2,,,,,,,,,,,,,,,,,,,,11378000000,,,,,,,,,,,,,,,,true,false,12,2023-04-01,2024-03-31,-1
2024-10-31,2148,2024-03-31,2,,,,,,,,,,,,,,,,,,,,,,,,,,,,,115.00,,,,21030300,1653153,,false,false,12,2023-04-01,2024-03-31,-1
2024-10-31,2148,2025-03-31,2,,,,,,,,,,,,,,,,,,,,,,,,,,,,,0.00,,,,,,,false,false,12,2024-04-01,2025-03-31,0
2024-10-31,2148,2025-03-31,2,,,,,,,,,,,,,,,,,,,,,,,,,,,,,100.00,,,,,,,false,true,12,2024-04-01,2025-03-31,0
2024-10-31,2148,2025-03-31,2,,,,,,,,,,,,,,,,,,,,,,,,,,,,,,,,,21042600,1653159,19386117,false,false,6,2024-04-01,2024-09-30,0
2024-10-31,2148,2024-03-31,2,,,,,,,,,,,,,,,,,,,,,,,,,,,,,,,,,,,19744668,false,false,6,2023-04-01,2023-09-30,-1
2025-02-07,2148,2025-03-31,3,,,,,,,1355000000,-0.133,,,,979000000,,50.52,50.21,,,,,10198000000,,,,,,,,,,,,,,,,true,false,9,2024-04-01,2024-12-31,0
2025-02-07,2148,2024-03-31,3,,,,,,,1564000000,-0.280,,,,1051000000,,53.65,53.17,,,,,,,,,,,,,,,,,,,,,true,false,9,2023-04-01,2023-12-31,-1
2025-02-07,2148,2025-03-31,3,,,,,,,2300000000,0.032,,,,1560000000,,80.45,,,,,,,,,,,,,,,,,,,,,,true,true,12,2024-04-01,2025-03-31,0
2025-02-07,2148,2024-03-31,3,,,,,,,,,,,,,,,,,,,,11378000000,,,,,,,,,,,,,,,,true,false,12,2023-04-01,2024-03-31,-1
2025-02-07,2148,2024-03-31,3,,,,,,,,,,,,,,,,,,,,,,,,,,,,,115.00,,,,21030300,1653153,,false,false,12,2023-04-01,2024-03-31,-1
2025-02-07,2148,2025-03-31,3,,,,,,,,,,,,,,,,,,,,,,,,,,,,,0.00,,,,,,,false,false,12,2024-04-01,2025-03-31,0
2025-02-07,2148,2025-03-31,3,,,,,,,,,,,,,,,,,,,,,,,,,,,,,100.00,,,,,,,false,true,12,2024-04-01,2025-03-31,0
2025-02-07,2148,2025-03-31,3,,,,,,,,,,,,,,,,,,,,,,,,,,,,,,,,,21043600,1653159,19387477,false,false,9,2024-04-01,2024-12-31,0
2025-02-07,2148,2024-03-31,3,,,,,,,,,,,,,,,,,,,,,,,,,,,,,,,,,,,19590824,false,false,9,2023-04-01,2023-12-31,-1
2025-05-01,2148,2025-03-31,,7501000000,-0.003,,,,,1977000000,-0.084,1978000000,-0.083,1427000000,,-0.043,73.62,73.17,,,,,10110000000,8784000000,0.869,452.41,8783000000,,,,,100.00,,,,21061000,1647028,19389492,false,false,12,2024-04-01,2025-03-31,0
2025-05-01,2148,2024-03-31,,7524000000,-0.103,,,,,2158000000,-0.237,2157000000,-0.236,1491000000,,-0.235,76.45,75.74,,,,,10517000000,9287000000,0.884,479.23,9286000000,,,,,115.00,,,,21030300,1653153,19511045,false,false,12,2023-04-01,2024-03-31,-1
2025-05-01,2148,2025-03-31,,,,,,,,2028000000,-0.090,,,,1496000000,,77.18,76.72,,,,,10998000000,,,,,1840000000,-1175000000,-2044000000,,,1.296,,,,,,true,false,12,2024-04-01,2025-03-31,0
2025-05-01,2148,2024-03-31,,,,,,,,2228000000,-0.240,,,,1501000000,,76.98,76.27,,,,,11378000000,,,,,1374000000,-164000000,-1246000000,,,1.494,,,,,,true,false,12,2023-04-01,2024-03-31,-1
2025-05-01,2148,2026-03-31,,,,,,,,2100000000,0.035,,,,1500000000,,77.26,,,,,,,,,,,,,,,,1.294,,,,,,true,true,12,2025-04-01,2026-03-31,1
2025-05-01,2148,2026-03-31,,,,,,,,,,,,,,,,,,,,,,,,,,,,,,100.00,,,,,,,false,true,12,2025-04-01,2026-03-31,1
