filing_date,code,fiscal_year_end,quarterly_period,net_sales,net_sales_change,revenue,revenue_change,operating_revenue,operating_revenue_change,operating_profit,operating_profit_change,ordinary_profit,ordinary_profit_change,net_income,net_income_of_parent,net_income_change,eps,diluted_eps,roe,roa,operating_profit_to_net_sales,operating_profit_to_revenue,total_assets,net_assets,equity_ratio,bps,owner_equity,operating_cash_flow,investing_cash_flow,financing_cash_flow,cash,dividend_per_share,payout_ratio,commemorative_dividend,extra_dividend,number_of_shares,number_of_treqsury_shares,avg_number_of_shares,is_consolidated,is_forecast,duration,period_start,period_end,period_pos
2015-07-30,21750,2016-03-31,1,5421000000,0.235,,,,,1456000000,0.177,1869000000,0.241,,1292000000,,31.87,31.79,,,,,12215000000,7968000000,0.643,,7849000000,,,,,,,,,,,,true,false,3,2015-04-01,2015-06-30,0
2015-07-30,21750,2015-03-31,1,4390000000,0.148,,,,,1237000000,-0.072,1506000000,-0.029,,1210000000,,29.56,29.49,,,,,,,,,,,,,,,,,,,,,true,false,3,2014-04-01,2014-06-30,-1
2015-07-30,21750,2016-03-31,1,9850000000,0.315,,,,,1834000000,0.412,2245000000,0.355,,1537000000,,37.90,,,,,,,,,,,,,,,,,,,,,,true,true,6,2015-04-01,2015-09-30,0
2015-07-30,21750,2016-03-31,1,18881000000,0.254,,,,,2702000000,0.300,3403000000,0.263,,2306000000,,56.87,,,,,,,,,,,,,,,,,,,,,,true,true,12,2015-04-01,2016-03-31,0
2015-07-30,21750,2015-03-31,1,,,,,,,,,,,,,,,,,,,,11421000000,6923000000,0.597,,6814000000,,,,,,,,,,,,true,false,12,2014-04-01,2015-03-31,-1
2015-07-30,21750,2015-03-31,1,,,,,,,,,,,,,,,,,,,,,,,,,,,,,7.00,,,,41887200,1330272,,false,false,12,2014-04-01,2015-03-31,-1
2015-07-30,21750,2016-03-31,1,,,,,,,,,,,,,,,,,,,,,,,,,,,,,0.00,,,,,,,false,true,12,2015-04-01,2016-03-31,0
2015-07-30,21750,2016-03-31,1,,,,,,,,,,,,,,,,,,,,,,,,,,,,,,,,,41887200,1330272,40556928,false,false,3,2015-04-01,2015-06-30,0
2015-07-30,21750,2015-03-31,1,,,,,,,,,,,,,,,,,,,,,,,,,,,,,,,,,,,40950600,false,false,3,2014-04-01,2014-06-30,-1
2015-10-29,21750,2016-03-31,2,9325000000,0.245,,,,,1899000000,0.462,2391000000,0.443,,1602000000,,39.50,39.40,,,,,12498000000,8185000000,0.645,,8065000000,,,,,,,,,,,,true,false,6,2015-04-01,2015-09-30,0
2015-10-29,21750,2015-03-31,2,7492000000,0.167,,,,,1299000000,-0.029,1657000000,0.007,,1295000000,,31.65,31.55,,,,,,,,,,,,,,,,,,,,,true,false,6,2014-04-01,2014-09-30,-1
2015-10-29,21750,2016-03-31,2,18881000000,0.254,,,,,2702000000,0.300,3403000000,0.263,,2306000000,,56.87,,,,,,,,,,,,,,,,,,,,,,true,true,12,2015-04-01,2016-03-31,0
2015-10-29,21750,2015-03-31,2,,,,,,,,,,,,,,,,,,,,11421000000,6923000000,0.597,,6814000000,,,,,,,,,,,,true,false,12,2014-04-01,2015-03-31,-1
2015-10-29,21750,2015-03-31,2,,,,,,,,,,,,,,,,,,,,,,,,,,,,,7.00,,,,41887200,1330272,,false,false,12,2014-04-01,2015-03-31,-1
2015-10-29,21750,2016-03-31,2,,,,,,,,,,,,,,,,,,,,,,,,,,,,,0.00,,,,,,,false,false,12,2015-04-01,2016-03-31,0
2015-10-29,21750,2016-03-31,2,,,,,,,,,,,,,,,,,,,,,,,,,,,,,,,,,41887200,1330272,40556928,false,false,6,2015-04-01,2015-09-30,0
2015-10-29,21750,2015-03-31,2,,,,,,,,,,,,,,,,,,,,,,,,,,,,,,,,,,,40939000,false,false,6,2014-04-01,2014-09-30,-1
2016-01-28,21750,2016-03-31,3,12842000000,0.204,,,,,1572000000,0.167,2170000000,0.207,,1371000000,,33.83,33.73,,,,,33053000000,7813000000,0.232,,7656000000,,,,,,,,,,,,true,false,9,2015-04-01,2015-12-31,0
2016-01-28,21750,2015-03-31,3,10666000000,0.223,,,,,1347000000,0.234,1798000000,0.234,,1378000000,,33.74,33.64,,,,,,,,,,,,,,,,,,,,,true,false,9,2014-04-01,2014-12-31,-1
2016-01-28,21750,2016-03-31,3,19102000000,0.269,,,,,2740000000,0.318,3429000000,0.273,,2265000000,,55.85,,,,,,,,,,,,,,,,,,,,,,true,true,12,2015-04-01,2016-03-31,0
2016-01-28,21750,2015-03-31,3,,,,,,,,,,,,,,,,,,,,11421000000,6923000000,0.597,,6814000000,,,,,,,,,,,,true,false,12,2014-04-01,2015-03-31,-1
2016-01-28,21750,2015-03-31,3,,,,,,,,,,,,,,,,,,,,,,,,,,,,,7.00,,,,41887200,1330272,,false,false,12,2014-04-01,2015-03-31,-1
2016-01-28,21750,2016-03-31,3,,,,,,,,,,,,,,,,,,,,,,,,,,,,,0.00,,,,,,,false,false,12,2015-04-01,2016-03-31,0
2016-01-28,21750,2016-03-31,3,,,,,,,,,,,,,,,,,,,,,,,,,,,,,,,,,41887200,1330272,40556928,false,false,9,2015-04-01,2015-12-31,0
2016-01-28,21750,2015-03-31,3,,,,,,,,,,,,,,,,,,,,,,,,,,,,,,,,,,,40868674,false,false,9,2014-04-01,2014-12-31,-1
2016-01-28,21750,2016-03-31,,19102000000,0.012,,,,,2740000000,0.014,3429000000,0.008,2265000000,,-0.018,55.85,,,,,,,,,,,,,,,,,,,,,,true,true,12,2015-04-01,2016-03-31,0
2016-01-28,21750,2015-03-31,,15056000000,,,,,,2079000000,,2693000000,,1824000000,,,44.72,,,,,,,,,,,,,,,,,,,,,,true,false,12,2014-04-01,2015-03-31,-1
2016-04-28,21750,2016-03-31,,19069000000,0.267,,,,,2756000000,0.326,3509000000,0.303,,2265000000,,55.86,55.69,0.295,0.130,0.145,,42537000000,14005000000,0.201,211.03,8558000000,2244000000,-18401000000,18656000000,5147000000,,0.125,,,,,,true,false,12,2015-04-01,2016-03-31,0
2016-04-28,21750,2015-03-31,,15056000000,0.250,,,,,2079000000,0.202,2693000000,0.151,,1824000000,,44.72,44.60,0.284,0.272,0.138,,11421000000,6923000000,0.597,168.03,6814000000,3103000000,-1049000000,-1271000000,2694000000,,0.156,,,,,,true,false,12,2014-04-01,2015-03-31,-1
2016-04-28,21750,2017-03-31,,12112000000,0.299,,,,,1956000000,0.030,2493000000,0.042,,1731000000,,42.69,,,,,,,,,,,,,,,,,,,,,,true,true,6,2016-04-01,2016-09-30,1
2016-04-28,21750,2017-03-31,,24051000000,0.261,,,,,3432000000,0.245,4215000000,0.201,,2718000000,,67.03,,,,,,,,,,,,,,,,,,,,,,true,true,12,2016-04-01,2017-03-31,1
2016-04-28,21750,2016-03-31,,8810000000,-0.263,,,,,869000000,-0.529,2383000000,-0.026,2202000000,,0.384,54.31,54.15,,,,,29418000000,8925000000,0.301,218.11,8845000000,,,,,7.00,,,,41887200,1330272,40556928,false,false,12,2015-04-01,2016-03-31,0
2016-04-28,21750,2015-03-31,,11948000000,0.075,,,,,1845000000,-0.070,2447000000,-0.053,1591000000,,0.035,39.00,38.90,,,,,8936000000,6974000000,0.775,170.80,6927000000,,,,,7.00,,,,41887200,1330272,40801154,false,false,12,2014-04-01,2015-03-31,-1
2016-04-28,21750,2017-03-31,,,,,,,,,,,,,,,,,,,,,,,,,,,,,,0.00,,,,,,,false,true,12,2016-04-01,2017-03-31,1
,21750,2016-03-31,,,,,,,,,,,,,,,,,,,,,,,,,,,,,,7.00,,,,,,,false,true,12,2015-04-01,2016-03-31,0
,21750,2016-03-31,,,,,,,,,,,,,,,,,,,,,,,,,,,,,,0.00,,,,,,,false,false,12,2015-04-01,2016-03-31,0
,21750,2015-03-31,,,,,,,,,,,,,,,,,,,,,,,,,,,,,,7.00,,,,,,,false,false,12,2014-04-01,2015-03-31,-1
2016-04-28,21750,2016-03-31,,19069000000,0.267,,,,,2756000000,0.326,3509000000,0.303,,2265000000,,55.86,55.69,0.295,0.132,0.145,,41689000000,13157000000,0.205,211.03,8558000000,2244000000,-18401000000,18656000000,5147000000,,0.125,,,,,,true,false,12,2015-04-01,2016-03-31,0
2016-04-28,21750,2015-03-31,,15056000000,0.250,,,,,2079000000,0.202,2693000000,0.151,,1824000000,,44.72,44.60,0.284,0.272,0.138,,11421000000,6923000000,0.597,168.03,6814000000,3103000000,-1049000000,-1271000000,2694000000,,0.156,,,,,,true,false,12,2014-04-01,2015-03-31,-1
2016-04-28,21750,2017-03-31,,12112000000,0.299,,,,,1956000000,0.030,2493000000,0.042,,1731000000,,42.69,,,,,,,,,,,,,,,,,,,,,,true,true,6,2016-04-01,2016-09-30,1
2016-04-28,21750,2017-03-31,,24051000000,0.261,,,,,3432000000,0.245,4215000000,0.201,,2718000000,,67.03,,,,,,,,,,,,,,,,,,,,,,true,true,12,2016-04-01,2017-03-31,1
2016-04-28,21750,2016-03-31,,8810000000,-0.263,,,,,869000000,-0.529,2383000000,-0.026,2202000000,,0.384,54.31,54.15,,,,,29418000000,8925000000,0.301,218.11,8845000000,,,,,7.00,,,,41887200,1330272,40556928,false,false,12,2015-04-01,2016-03-31,0
2016-04-28,21750,2015-03-31,,11948000000,0.075,,,,,1845000000,-0.070,2447000000,-0.053,1591000000,,0.035,39.00,38.90,,,,,8936000000,6974000000,0.775,170.80,6927000000,,,,,7.00,,,,41887200,1330272,40801154,false,false,12,2014-04-01,2015-03-31,-1
2016-04-28,21750,2017-03-31,,,,,,,,,,,,,,,,,,,,,,,,,,,,,,0.00,,,,,,,false,true,12,2016-04-01,2017-03-31,1
2016-07-28,21750,2017-03-31,1,6618000000,0.221,,,,,1668000000,0.146,2165000000,0.158,,1570000000,,38.73,38.60,,,,,41644000000,12549000000,0.202,,8404000000,,,,,,,,,,,,true,false,3,2016-04-01,2016-06-30,0
2016-07-28,21750,2016-03-31,1,5421000000,0.235,,,,,1456000000,0.177,1869000000,0.241,,1292000000,,31.87,31.79,,,,,,,,,,,,,,,,,,,,,true,false,3,2015-04-01,2015-06-30,-1
2016-07-28,21750,2017-03-31,1,12112000000,0.299,,,,,1956000000,0.030,2493000000,0.042,,1731000000,,42.69,,,,,,,,,,,,,,,,,,,,,,true,true,6,2016-04-01,2016-09-30,0
2016-07-28,21750,2017-03-31,1,24051000000,0.261,,,,,3432000000,0.245,4215000000,0.201,,2718000000,,67.03,,,,,,,,,,,,,,,,,,,,,,true,true,12,2016-04-01,2017-03-31,0
2016-07-28,21750,2016-03-31,1,,,,,,,,,,,,,,,,,,,,41689000000,13157000000,0.205,,8558000000,,,,,,,,,,,,true,false,12,2015-04-01,2016-03-31,-1
2016-07-28,21750,2016-03-31,1,,,,,,,,,,,,,,,,,,,,,,,,,,,,,7.00,,,,41887200,1330272,,false,false,12,2015-04-01,2016-03-31,-1
2016-07-28,21750,2017-03-31,1,,,,,,,,,,,,,,,,,,,,,,,,,,,,,0.00,,,,,,,false,true,12,2016-04-01,2017-03-31,0
2016-07-28,21750,2017-03-31,1,,,,,,,,,,,,,,,,,,,,,,,,,,,,,,,,,41887200,1330272,40556928,false,false,3,2016-04-01,2016-06-30,0
2016-07-28,21750,2016-03-31,1,,,,,,,,,,,,,,,,,,,,,,,,,,,,,,,,,,,40556928,false,false,3,2015-04-01,2015-06-30,-1
2016-10-28,21750,2017-03-31,2,11990000000,0.286,,,,,2311000000,0.217,2930000000,0.225,,1843000000,,45.44,45.29,,,,,40503000000,10828000000,0.175,,7094000000,,,,,,,,,,,,true,false,6,2016-04-01,2016-09-30,0
2016-10-28,21750,2016-03-31,2,9325000000,0.245,,,,,1899000000,0.462,2391000000,0.443,,1602000000,,39.50,39.40,,,,,,,,,,,,,,,,,,,,,true,false,6,2015-04-01,2015-09-30,-1
2016-10-28,21750,2017-03-31,2,24051000000,0.261,,,,,3650000000,0.324,4450000000,0.268,,2800000000,,69.03,,,,,,,,,,,,,,,,,,,,,,true,true,12,2016-04-01,2017-03-31,0
2016-10-28,21750,2016-03-31,2,,,,,,,,,,,,,,,,,,,,41689000000,13157000000,0.205,,8558000000,,,,,,,,,,,,true,false,12,2015-04-01,2016-03-31,-1
2016-10-28,21750,2016-03-31,2,,,,,,,,,,,,,,,,,,,,,,,,,,,,,7.00,,,,41887200,1330272,,false,false,12,2015-04-01,2016-03-31,-1
2016-10-28,21750,2017-03-31,2,,,,,,,,,,,,,,,,,,,,,,,,,,,,,0.00,,,,,,,false,false,12,2016-04-01,2017-03-31,0
2016-10-28,21750,2017-03-31,2,,,,,,,,,,,,,,,,,,,,,,,,,,,,,,,,,41906400,1330272,40561195,false,false,6,2016-04-01,2016-09-30,0
2016-10-28,21750,2016-03-31,2,,,,,,,,,,,,,,,,,,,,,,,,,,,,,,,,,,,40556928,false,false,6,2015-04-01,2015-09-30,-1
2016-10-28,21750,2017-03-31,,24051000000,,,,,,3650000000,0.063,4450000000,0.056,,2800000000,,69.03,,,,,,,,,,,,,,,,,,,,,,true,true,12,2016-04-01,2017-03-31,0
2016-10-28,21750,2016-03-31,,19069000000,,,,,,2756000000,,3509000000,,,2265000000,,55.86,,,,,,,,,,,,,,,,,,,,,,true,false,12,2015-04-01,2016-03-31,-1
2017-01-30,21750,2017-03-31,3,16713000000,0.301,,,,,2332000000,0.484,3045000000,0.403,,1805000000,,44.18,44.04,,,,,39195000000,17470000000,0.351,,13770000000,,,,,,,,,,,,true,false,9,2016-04-01,2016-12-31,0
2017-01-30,21750,2016-03-31,3,12842000000,0.204,,,,,1572000000,0.167,2170000000,0.207,,1371000000,,33.83,33.73,,,,,,,,,,,,,,,,,,,,,true,false,9,2015-04-01,2015-12-31,-1
2017-01-30,21750,2017-03-31,3,24051000000,0.261,,,,,3650000000,0.324,4450000000,0.268,,2800000000,,68.50,,,,,,,,,,,,,,,,,,,,,,true,true,12,2016-04-01,2017-03-31,0
2017-01-30,21750,2016-03-31,3,,,,,,,,,,,,,,,,,,,,41689000000,13157000000,0.205,,8558000000,,,,,,,,,,,,true,false,12,2015-04-01,2016-03-31,-1
2017-01-30,21750,2016-03-31,3,,,,,,,,,,,,,,,,,,,,,,,,,,,,,7.00,,,,41887200,1330272,,false,false,12,2015-04-01,2016-03-31,-1
2017-01-30,21750,2017-03-31,3,,,,,,,,,,,,,,,,,,,,,,,,,,,,,0.00,,,,,,,false,false,12,2016-04-01,2017-03-31,0
2017-01-30,21750,2017-03-31,3,,,,,,,,,,,,,,,,,,,,,,,,,,,,,,,,,43379400,113,40878346,false,false,9,2016-04-01,2016-12-31,0
2017-01-30,21750,2016-03-31,3,,,,,,,,,,,,,,,,,,,,,,,,,,,,,,,,,,,40556928,false,false,9,2015-04-01,2015-12-31,-1
,21750,2017-03-31,,,,,,,,,,,,,,,,,,,,,,,,,,,,,,11.00,,,,,,,false,true,12,2016-04-01,2017-03-31,0
,21750,2017-03-31,,,,,,,,,,,,,,,,,,,,,,,,,,,,,,0.00,,,,,,,false,false,12,2016-04-01,2017-03-31,0
,21750,2016-03-31,,,,,,,,,,,,,,,,,,,,,,,,,,,,,,7.00,,,,,,,false,false,12,2015-04-01,2016-03-31,-1
2017-04-28,21750,2017-03-31,,23054000000,0.209,,,,,3646000000,0.323,4430000000,0.262,,2801000000,,67.49,67.28,0.218,0.104,0.158,,43231000000,21583000000,0.396,394.76,17125000000,3919000000,-1033000000,-875000000,7140000000,,0.163,,,,,,true,false,12,2016-04-01,2017-03-31,0
2017-04-28,21750,2016-03-31,,19069000000,0.267,,,,,2756000000,0.326,3509000000,0.303,,2265000000,,55.86,55.69,0.295,0.132,0.145,,41689000000,13157000000,0.205,211.03,8558000000,2244000000,-18401000000,18656000000,5147000000,,0.125,,,,,,true,false,12,2015-04-01,2016-03-31,-1
2017-04-28,21750,2018-03-31,,13484000000,0.125,,,,,2311000000,0.000,2793000000,-0.047,,2009000000,,48.42,,,,,,,,,,,,,,,,,,,,,,true,true,6,2017-04-01,2017-09-30,1
2017-04-28,21750,2018-03-31,,27804000000,0.206,,,,,4378000000,0.201,5137000000,0.159,,3396000000,,81.85,,,,,,,,,,,,,,,,,,,,,,true,true,12,2017-04-01,2018-03-31,1
2017-04-28,21750,2016-03-31,,,,,,,,,,,,,,,,,,,,,,,,,,,,,,7.00,,,,41887200,1330272,40556928,false,false,12,2015-04-01,2016-03-31,-1
2017-04-28,21750,2017-03-31,,,,,,,,,,,,,,,,,,,,,,,,,,,,,,11.00,,,,43382600,113,41504114,false,false,12,2016-04-01,2017-03-31,0
2017-04-28,21750,2018-03-31,,,,,,,,,,,,,,,,,,,,,,,,,,,,,,0.00,,,,,,,false,true,12,2017-04-01,2018-03-31,1
2017-07-28,21750,2018-03-31,1,7073000000,0.069,,,,,1584000000,-0.051,2015000000,-0.069,,1444000000,,33.30,33.17,,,,,43700000000,21468000000,0.398,,17406000000,,,,,,,,,,,,true,false,3,2017-04-01,2017-06-30,0
2017-07-28,21750,2017-03-31,1,6618000000,0.221,,,,,1668000000,0.146,2165000000,0.158,,1570000000,,38.73,38.60,,,,,,,,,,,,,,,,,,,,,true,false,3,2016-04-01,2016-06-30,-1
2017-07-28,21750,2018-03-31,1,13484000000,0.125,,,,,2311000000,0.000,2793000000,-0.047,,2009000000,,46.32,,,,,,,,,,,,,,,,,,,,,,true,true,6,2017-04-01,2017-09-30,0
2017-07-28,21750,2018-03-31,1,27804000000,0.206,,,,,4378000000,0.201,5137000000,0.159,,3396000000,,78.30,,,,,,,,,,,,,,,,,,,,,,true,true,12,2017-04-01,2018-03-31,0
2017-07-28,21750,2017-03-31,1,,,,,,,,,,,,,,,,,,,,43231000000,21583000000,0.396,,17125000000,,,,,,,,,,,,true,false,12,2016-04-01,2017-03-31,-1
2017-07-28,21750,2017-03-31,1,,,,,,,,,,,,,,,,,,,,,,,,,,,,,11.00,,,,43382600,113,,false,false,12,2016-04-01,2017-03-31,-1
2017-07-28,21750,2018-03-31,1,,,,,,,,,,,,,,,,,,,,,,,,,,,,,0.00,,,,,,,false,true,12,2017-04-01,2018-03-31,0
2017-07-28,21750,2018-03-31,1,,,,,,,,,,,,,,,,,,,,,,,,,,,,,,,,,43382600,113,43382487,false,false,3,2017-04-01,2017-06-30,0
2017-07-28,21750,2017-03-31,1,,,,,,,,,,,,,,,,,,,,,,,,,,,,,,,,,,,40556928,false,false,3,2016-04-01,2016-06-30,-1
2017-10-27,21750,2018-03-31,2,13162000000,0.098,,,,,2146000000,-0.071,2690000000,-0.082,,1859000000,,42.85,42.69,,,,,45157000000,21631000000,0.390,,17619000000,,,,,,,,,,,,true,false,6,2017-04-01,2017-09-30,0
2017-10-27,21750,2017-03-31,2,11990000000,0.286,,,,,2311000000,0.217,2930000000,0.225,,1843000000,,45.44,45.29,,,,,,,,,,,,,,,,,,,,,true,false,6,2016-04-01,2016-09-30,-1
2017-10-27,21750,2018-03-31,2,27804000000,0.206,,,,,4378000000,0.201,5137000000,0.159,,3396000000,,78.27,,,,,,,,,,,,,,,,,,,,,,true,true,12,2017-04-01,2018-03-31,0
2017-10-27,21750,2017-03-31,2,,,,,,,,,,,,,,,,,,,,43231000000,21583000000,0.396,,17125000000,,,,,,,,,,,,true,false,12,2016-04-01,2017-03-31,-1
2017-10-27,21750,2017-03-31,2,,,,,,,,,,,,,,,,,,,,,,,,,,,,,11.00,,,,43382600,113,,false,false,12,2016-04-01,2017-03-31,-1
2017-10-27,21750,2018-03-31,2,,,,,,,,,,,,,,,,,,,,,,,,,,,,,0.00,,,,,,,false,false,12,2017-04-01,2018-03-31,0
2017-10-27,21750,2018-03-31,2,,,,,,,,,,,,,,,,,,,,,,,,,,,,,,,,,43416200,113,43397687,false,false,6,2017-04-01,2017-09-30,0
2017-10-27,21750,2017-03-31,2,,,,,,,,,,,,,,,,,,,,,,,,,,,,,,,,,,,40561195,false,false,6,2016-04-01,2016-09-30,-1
2018-01-30,21750,2018-03-31,3,19228000000,0.150,,,,,2306000000,-0.011,3014000000,-0.010,,2040000000,,47.02,46.84,,,,,45008000000,22208000000,0.401,,18036000000,,,,,,,,,,,,true,false,9,2017-04-01,2017-12-31,0
2018-01-30,21750,2017-03-31,3,16713000000,0.301,,,,,2332000000,0.484,3045000000,0.403,,1805000000,,44.18,44.04,,,,,,,,,,,,,,,,,,,,,true,false,9,2016-04-01,2016-12-31,-1
2018-01-30,21750,2018-03-31,3,27804000000,0.206,,,,,4378000000,0.201,5137000000,0.159,,3396000000,,78.26,,,,,,,,,,,,,,,,,,,,,,true,true,12,2017-04-01,2018-03-31,0
2018-01-30,21750,2017-03-31,3,,,,,,,,,,,,,,,,,,,,43231000000,21583000000,0.396,,17125000000,,,,,,,,,,,,true,false,12,2016-04-01,2017-03-31,-1
2018-01-30,21750,2017-03-31,3,,,,,,,,,,,,,,,,,,,,,,,,,,,,,11.00,,,,43382600,113,,false,false,12,2016-04-01,2017-03-31,-1
2018-01-30,21750,2018-03-31,3,,,,,,,,,,,,,,,,,,,,,,,,,,,,,0.00,,,,,,,false,false,12,2017-04-01,2018-03-31,0
2018-01-30,21750,2018-03-31,3,,,,,,,,,,,,,,,,,,,,,,,,,,,,,,,,,43416200,155,43403806,false,false,9,2017-04-01,2017-12-31,0
2018-01-30,21750,2017-03-31,3,,,,,,,,,,,,,,,,,,,,,,,,,,,,,,,,,,,40878346,false,false,9,2016-04-01,2016-12-31,-1
,21750,2018-03-31,,,,,,,,,,,,,,,,,,,,,,,,,,,,,,13.00,,,,,,,false,true,12,2017-04-01,2018-03-31,0
,21750,2018-03-31,,,,,,,,,,,,,,,,,,,,,,,,,,,,,,0.00,,,,,,,false,false,12,2017-04-01,2018-03-31,0
,21750,2017-03-31,,,,,,,,,,,,,,,,,,,,,,,,,,,,,,11.00,,,,,,,false,false,12,2016-04-01,2017-03-31,-1
2018-04-27,21750,2018-03-31,,26611000000,0.154,,,,,4021000000,0.103,5007000000,0.130,,3361000000,,77.43,77.14,0.185,0.112,0.151,,46087000000,23641000000,0.418,443.44,19254000000,4811000000,-2095000000,-1107000000,8768000000,,0.168,,,,,,true,false,12,2017-04-01,2018-03-31,0
2018-04-27,21750,2017-03-31,,23054000000,0.209,,,,,3646000000,0.323,4430000000,0.262,,2801000000,,67.49,67.28,0.218,0.104,0.158,,43231000000,21583000000,0.396,394.76,17125000000,3919000000,-1033000000,-875000000,7140000000,,0.163,,,,,,true,false,12,2016-04-01,2017-03-31,-1
2018-04-27,21750,2019-03-31,,15688000000,0.192,,,,,1919000000,-0.106,2609000000,-0.030,,1852000000,,42.67,,,,,,,,,,,,,,,,,,,,,,true,true,6,2018-04-01,2018-09-30,1
2018-04-27,21750,2019-03-31,,32273000000,0.213,,,,,4827000000,0.200,5803000000,0.159,,3905000000,,89.96,,,,,,,,,,,,,,,,,,,,,,true,true,12,2018-04-01,2019-03-31,1
2018-04-27,21750,2017-03-31,,,,,,,,,,,,,,,,,,,,,,,,,,,,,,11.00,,,,43382600,113,41504114,false,false,12,2016-04-01,2017-03-31,-1
2018-04-27,21750,2018-03-31,,,,,,,,,,,,,,,,,,,,,,,,,,,,,,13.00,,,,43421000,155,43407666,false,false,12,2017-04-01,2018-03-31,0
2018-04-27,21750,2019-03-31,,,,,,,,,,,,,,,,,,,,,,,,,,,,,,0.00,,,,,,,false,true,12,2018-04-01,2019-03-31,1
2018-07-30,21750,2019-03-31,1,8067000000,0.141,,,,,1376000000,-0.131,2090000000,0.037,,1644000000,,18.94,18.85,,,,,46656000000,23411000000,0.415,,19351000000,,,,,,,,,,,,true,false,3,2018-04-01,2018-06-30,0
2018-07-30,21750,2018-03-31,1,7073000000,0.069,,,,,1584000000,-0.051,2015000000,-0.069,,1444000000,,16.65,16.58,,,,,,,,,,,,,,,,,,,,,true,false,3,2017-04-01,2017-06-30,-1
2018-07-30,21750,2019-03-31,1,15688000000,0.192,,,,,1919000000,-0.106,2609000000,-0.030,,1852000000,,21.33,,,,,,,,,,,,,,,,,,,,,,true,true,6,2018-04-01,2018-09-30,0
2018-07-30,21750,2019-03-31,1,32273000000,0.213,,,,,4827000000,0.200,5803000000,0.159,,3905000000,,44.97,,,,,,,,,,,,,,,,,,,,,,true,true,12,2018-04-01,2019-03-31,0
2018-07-30,21750,2018-03-31,1,,,,,,,,,,,,,,,,,,,,46087000000,23641000000,0.418,,19254000000,,,,,,,,,,,,true,false,12,2017-04-01,2018-03-31,-1
2018-07-30,21750,2018-03-31,1,,,,,,,,,,,,,,,,,,,,,,,,,,,,,6.50,,,,86842000,310,,false,false,12,2017-04-01,2018-03-31,-1
2018-07-30,21750,2019-03-31,1,,,,,,,,,,,,,,,,,,,,,,,,,,,,,0.00,,,,,,,false,true,12,2018-04-01,2019-03-31,0
2018-07-30,21750,2019-03-31,1,,,,,,,,,,,,,,,,,,,,,,,,,,,,,,,,,86842000,310,86841690,false,false,3,2018-04-01,2018-06-30,0
2018-07-30,21750,2018-03-31,1,,,,,,,,,,,,,,,,,,,,,,,,,,,,,,,,,,,86764974,false,false,3,2017-04-01,2017-06-30,-1
2018-10-30,21750,2019-03-31,2,15040000000,0.143,,,,,1953000000,-0.090,2905000000,0.080,,2157000000,,24.84,24.75,,,,,47425000000,13297000000,0.277,,13152000000,,,,,,,,,,,,true,false,6,2018-04-01,2018-09-30,0
2018-10-30,21750,2018-03-31,2,13162000000,0.098,,,,,2146000000,-0.071,2690000000,-0.082,,1859000000,,21.42,21.35,,,,,,,,,,,,,,,,,,,,,true,false,6,2017-04-01,2017-09-30,-1
2018-10-30,21750,2019-03-31,2,32273000000,0.213,,,,,4827000000,0.200,5803000000,0.159,,3905000000,,44.95,,,,,,,,,,,,,,,,,,,,,,true,true,12,2018-04-01,2019-03-31,0
2018-10-30,21750,2018-03-31,2,,,,,,,,,,,,,,,,,,,,46087000000,23641000000,0.418,,19254000000,,,,,,,,,,,,true,false,12,2017-04-01,2018-03-31,-1
2018-10-30,21750,2018-03-31,2,,,,,,,,,,,,,,,,,,,,,,,,,,,,,6.50,,,,86842000,310,,false,false,12,2017-04-01,2018-03-31,-1
2018-10-30,21750,2019-03-31,2,,,,,,,,,,,,,,,,,,,,,,,,,,,,,0.00,,,,,,,false,false,12,2018-04-01,2019-03-31,0
2018-10-30,21750,2019-03-31,2,,,,,,,,,,,,,,,,,,,,,,,,,,,,,,,,,86950800,372,86884336,false,false,6,2018-04-01,2018-09-30,0
2018-10-30,21750,2018-03-31,2,,,,,,,,,,,,,,,,,,,,,,,,,,,,,,,,,,,86795374,false,false,6,2017-04-01,2017-09-30,-1
2019-01-31,21750,2019-03-31,3,22024000000,0.145,,,,,2282000000,-0.011,3363000000,0.116,,2390000000,,27.51,27.38,,,,,47881000000,14130000000,0.292,,13972000000,,,,,,,,,,,,true,false,9,2018-04-01,2018-12-31,0
2019-01-31,21750,2018-03-31,3,19228000000,0.150,,,,,2306000000,-0.011,3014000000,-0.010,,2040000000,,23.51,23.42,,,,,,,,,,,,,,,,,,,,,true,false,9,2017-04-01,2017-12-31,-1
2019-01-31,21750,2019-03-31,3,32273000000,0.213,,,,,4827000000,0.200,5803000000,0.159,,3905000000,,44.93,,,,,,,,,,,,,,,,,,,,,,true,true,12,2018-04-01,2019-03-31,0
2019-01-31,21750,2018-03-31,3,,,,,,,,,,,,,,,,,,,,46087000000,23641000000,0.418,,19254000000,,,,,,,,,,,,true,false,12,2017-04-01,2018-03-31,-1
2019-01-31,21750,2018-03-31,3,,,,,,,,,,,,,,,,,,,,,,,,,,,,,6.50,,,,86842000,310,,false,false,12,2017-04-01,2018-03-31,-1
2019-01-31,21750,2019-03-31,3,,,,,,,,,,,,,,,,,,,,,,,,,,,,,0.00,,,,,,,false,false,12,2018-04-01,2019-03-31,0
2019-01-31,21750,2019-03-31,3,,,,,,,,,,,,,,,,,,,,,,,,,,,,,,,,,86998800,372,86913833,false,false,9,2018-04-01,2018-12-31,0
2019-01-31,21750,2018-03-31,3,,,,,,,,,,,,,,,,,,,,,,,,,,,,,,,,,,,86807612,false,false,9,2017-04-01,2017-12-31,-1
,21750,2019-03-31,,,,,,,,,,,,,,,,,,,,,,,,,,,,,,7.50,,,,,,,false,true,12,2018-04-01,2019-03-31,0
,21750,2019-03-31,,,,,,,,,,,,,,,,,,,,,,,,,,,,,,0.00,,,,,,,false,false,12,2018-04-01,2019-03-31,0
,21750,2018-03-31,,,,,,,,,,,,,,,,,,,,,,,,,,,,,,13.00,,,,,,,false,false,12,2017-04-01,2018-03-31,-1
2019-04-26,21750,2019-03-31,,30836000000,0.159,,,,,4743000000,0.179,5979000000,0.194,,4216000000,,48.51,48.24,0.244,0.128,0.154,,47467000000,15539000000,0.324,176.55,15359000000,5156000000,-1066000000,-2943000000,9890000000,,0.155,,,,,,true,false,12,2018-04-01,2019-03-31,0
2019-04-26,21750,2018-03-31,,26611000000,0.154,,,,,4021000000,0.103,5007000000,0.130,,3361000000,,38.72,38.57,0.185,0.112,0.151,,46087000000,23641000000,0.418,221.72,19254000000,4811000000,-2095000000,-1107000000,8768000000,,0.168,,,,,,true,false,12,2017-04-01,2018-03-31,-1
2019-04-26,21750,2020-03-31,,18358000000,0.221,,,,,2586000000,0.324,3529000000,0.215,,2577000000,,29.65,,,,,,,,,,,,,,,,,,,,,,true,true,6,2019-04-01,2019-09-30,1
2019-04-26,21750,2020-03-31,,37557000000,0.218,,,,,5623000000,0.186,6854000000,0.146,,5065000000,,58.27,,,,,,,,,,,,,,,,,,,,,,true,true,12,2019-04-01,2020-03-31,1
2019-04-26,21750,2018-03-31,,,,,,,,,,,,,,,,,,,,,,,,,,,,,,6.50,,,,86842000,310,86815332,false,false,12,2017-04-01,2018-03-31,-1
2019-04-26,21750,2019-03-31,,,,,,,,,,,,,,,,,,,,,,,,,,,,,,7.50,,,,86998800,372,86934982,false,false,12,2018-04-01,2019-03-31,0
2019-04-26,21750,2020-03-31,,,,,,,,,,,,,,,,,,,,,,,,,,,,,,0.00,,,,,,,false,true,12,2019-04-01,2020-03-31,1
2019-07-30,21750,2020-03-31,1,9379000000,0.163,,,,,1433000000,0.042,2321000000,0.110,,1799000000,,20.69,20.60,,,,,50538000000,16716000000,0.327,,16514000000,,,,,,,,,,,,true,false,3,2019-04-01,2019-06-30,0
2019-07-30,21750,2019-03-31,1,8067000000,0.141,,,,,1376000000,-0.131,2090000000,0.037,,1644000000,,18.94,18.85,,,,,,,,,,,,,,,,,,,,,true,false,3,2018-04-01,2018-06-30,-1
2019-07-30,21750,2020-03-31,1,18358000000,0.221,,,,,2586000000,0.324,3529000000,0.215,,2577000000,,29.63,,,,,,,,,,,,,,,,,,,,,,true,true,6,2019-04-01,2019-09-30,0
2019-07-30,21750,2020-03-31,1,37557000000,0.218,,,,,5623000000,0.186,6854000000,0.146,,5065000000,,58.22,,,,,,,,,,,,,,,,,,,,,,true,true,12,2019-04-01,2020-03-31,0
2019-07-30,21750,2019-03-31,1,,,,,,,,,,,,,,,,,,,,47467000000,15539000000,0.324,,15359000000,,,,,,,,,,,,true,false,12,2018-04-01,2019-03-31,-1
2019-07-30,21750,2019-03-31,1,,,,,,,,,,,,,,,,,,,,,,,,,,,,,7.50,,,,86998800,372,,false,false,12,2018-04-01,2019-03-31,-1
2019-07-30,21750,2020-03-31,1,,,,,,,,,,,,,,,,,,,,,,,,,,,,,0.00,,,,,,,false,true,12,2019-04-01,2020-03-31,0
2019-07-30,21750,2020-03-31,1,,,,,,,,,,,,,,,,,,,,,,,,,,,,,,,,,86998800,418,86998397,false,false,3,2019-04-01,2019-06-30,0
2019-07-30,21750,2019-03-31,1,,,,,,,,,,,,,,,,,,,,,,,,,,,,,,,,,,,86841690,false,false,3,2018-04-01,2018-06-30,-1
2019-10-30,21750,2020-03-31,2,17628000000,0.172,,,,,2074000000,0.062,3119000000,0.074,,2319000000,,26.66,26.53,,,,,49281000000,16637000000,0.334,,16442000000,,,,,,,,,,,,true,false,6,2019-04-01,2019-09-30,0
2019-10-30,21750,2019-03-31,2,15040000000,0.143,,,,,1953000000,-0.090,2905000000,0.080,,2157000000,,24.84,24.75,,,,,,,,,,,,,,,,,,,,,true,false,6,2018-04-01,2018-09-30,-1
2019-10-30,21750,2020-03-31,2,37557000000,0.218,,,,,5623000000,0.186,6854000000,0.146,,5065000000,,58.21,,,,,,,,,,,,,,,,,,,,,,true,true,12,2019-04-01,2020-03-31,0
2019-10-30,21750,2019-03-31,2,,,,,,,,,,,,,,,,,,,,47467000000,15539000000,0.324,,15359000000,,,,,,,,,,,,true,false,12,2018-04-01,2019-03-31,-1
2019-10-30,21750,2019-03-31,2,,,,,,,,,,,,,,,,,,,,,,,,,,,,,7.50,,,,86998800,372,,false,false,12,2018-04-01,2019-03-31,-1
2019-10-30,21750,2020-03-31,2,,,,,,,,,,,,,,,,,,,,,,,,,,,,,0.00,,,,,,,false,false,12,2019-04-01,2020-03-31,0
2019-10-30,21750,2020-03-31,2,,,,,,,,,,,,,,,,,,,,,,,,,,,,,,,,,87037600,418,87016156,false,false,6,2019-04-01,2019-09-30,0
2019-10-30,21750,2019-03-31,2,,,,,,,,,,,,,,,,,,,,,,,,,,,,,,,,,,,86884336,false,false,6,2018-04-01,2018-09-30,-1
2020-01-31,21750,2020-03-31,3,25300000000,0.149,,,,,2088000000,-0.085,3410000000,0.014,,2516000000,,28.92,28.79,,,,,49761000000,16867000000,0.335,,16648000000,,,,,,,,,,,,true,false,9,2019-04-01,2019-12-31,0
2020-01-31,21750,2019-03-31,3,22024000000,0.145,,,,,2282000000,-0.011,3363000000,0.116,,2390000000,,27.51,27.38,,,,,,,,,,,,,,,,,,,,,true,false,9,2018-04-01,2018-12-31,-1
2020-01-31,21750,2020-03-31,3,37557000000,0.218,,,,,5623000000,0.186,6854000000,0.146,,5065000000,,58.21,,,,,,,,,,,,,,,,,,,,,,true,true,12,2019-04-01,2020-03-31,0
2020-01-31,21750,2019-03-31,3,,,,,,,,,,,,,,,,,,,,47467000000,15539000000,0.324,,15359000000,,,,,,,,,,,,true,false,12,2018-04-01,2019-03-31,-1
2020-01-31,21750,2019-03-31,3,,,,,,,,,,,,,,,,,,,,,,,,,,,,,7.50,,,,86998800,372,,false,false,12,2018-04-01,2019-03-31,-1
2020-01-31,21750,2020-03-31,3,,,,,,,,,,,,,,,,,,,,,,,,,,,,,0.00,,,,,,,false,false,12,2019-04-01,2020-03-31,0
2020-01-31,21750,2020-03-31,3,,,,,,,,,,,,,,,,,,,,,,,,,,,,,,,,,87047600,445,87025826,false,false,9,2019-04-01,2019-12-31,0
2020-01-31,21750,2019-03-31,3,,,,,,,,,,,,,,,,,,,,,,,,,,,,,,,,,,,86913833,false,false,9,2018-04-01,2018-12-31,-1
,21750,2020-03-31,,,,,,,,,,,,,,,,,,,,,,,,,,,,,,8.50,,,,,,,false,true,12,2019-04-01,2020-03-31,0
,21750,2020-03-31,,,,,,,,,,,,,,,,,,,,,,,,,,,,,,0.00,,,,,,,false,false,12,2019-04-01,2020-03-31,0
,21750,2019-03-31,,,,,,,,,,,,,,,,,,,,,,,,,,,,,,7.50,,,,,,,false,false,12,2018-04-01,2019-03-31,-1
2020-04-30,21750,2020-03-31,,35140000000,0.140,,,,,4935000000,0.041,6355000000,0.063,,4760000000,,54.69,54.45,0.275,0.129,0.140,,50996000000,19398000000,0.377,220.86,19227000000,5591000000,-2127000000,-3132000000,10493000000,,0.155,,,,,,true,false,12,2019-04-01,2020-03-31,0
2020-04-30,21750,2019-03-31,,30836000000,0.159,,,,,4743000000,0.179,5979000000,0.194,,4216000000,,48.51,48.24,0.244,0.128,0.154,,47467000000,15539000000,0.324,176.55,15359000000,5156000000,-1066000000,-2943000000,9890000000,,0.155,,,,,,true,false,12,2018-04-01,2019-03-31,-1
2020-04-30,21750,2021-03-31,,37436000000,0.065,,,,,5028000000,0.019,6459000000,0.016,,4785000000,,54.98,,,,,,,,,,,,,,,,,,,,,,true,true,12,2020-04-01,2021-03-31,1
2020-04-30,21750,2019-03-31,,,,,,,,,,,,,,,,,,,,,,,,,,,,,,7.50,,,,86998800,372,86934982,false,false,12,2018-04-01,2019-03-31,-1
2020-04-30,21750,2020-03-31,,,,,,,,,,,,,,,,,,,,,,,,,,,,,,8.50,,,,87057600,445,87033325,false,false,12,2019-04-01,2020-03-31,0
2020-04-30,21750,2021-03-31,,,,,,,,,,,,,,,,,,,,,,,,,,,,,,0.00,,,,,,,false,true,12,2020-04-01,2021-03-31,1
2020-07-30,21750,2021-03-31,1,10539000000,0.124,,,,,2230000000,0.556,3018000000,0.300,,2201000000,,25.28,25.18,,,,,53467000000,20695000000,0.384,,20519000000,,,,,,,,,,,,true,false,3,2020-04-01,2020-06-30,0
2020-07-30,21750,2020-03-31,1,9379000000,0.163,,,,,1433000000,0.042,2321000000,0.110,,1799000000,,20.69,20.60,,,,,,,,,,,,,,,,,,,,,true,false,3,2019-04-01,2019-06-30,-1
2020-07-30,21750,2021-03-31,1,37436000000,0.065,,,,,5028000000,0.019,6459000000,0.016,,4785000000,,54.97,,,,,,,,,,,,,,,,,,,,,,true,true,12,2020-04-01,2021-03-31,0
2020-07-30,21750,2020-03-31,1,,,,,,,,,,,,,,,,,,,,50996000000,19398000000,0.377,,19227000000,,,,,,,,,,,,true,false,12,2019-04-01,2020-03-31,-1
2020-07-30,21750,2020-03-31,1,,,,,,,,,,,,,,,,,,,,,,,,,,,,,8.50,,,,87057600,445,,false,false,12,2019-04-01,2020-03-31,-1
2020-07-30,21750,2021-03-31,1,,,,,,,,,,,,,,,,,,,,,,,,,,,,,0.00,,,,,,,false,true,12,2020-04-01,2021-03-31,0
2020-07-30,21750,2021-03-31,1,,,,,,,,,,,,,,,,,,,,,,,,,,,,,,,,,87058600,445,87057488,false,false,3,2020-04-01,2020-06-30,0
2020-07-30,21750,2020-03-31,1,,,,,,,,,,,,,,,,,,,,,,,,,,,,,,,,,,,86998397,false,false,3,2019-04-01,2019-06-30,-1
2020-10-29,2175,2021-03-31,2,18638000000,0.057,,,,,2949000000,0.422,3852000000,0.235,,2775000000,,31.88,31.74,,,,,52048000000,21135000000,0.402,,20927000000,,,,,,,,,,,,true,false,6,2020-04-01,2020-09-30,0
2020-10-29,2175,2020-03-31,2,17628000000,0.172,,,,,2074000000,0.062,3119000000,0.074,,2319000000,,26.66,26.53,,,,,,,,,,,,,,,,,,,,,true,false,6,2019-04-01,2019-09-30,-1
2020-10-29,2175,2021-03-31,2,37436000000,0.065,,,,,5028000000,0.019,6459000000,0.016,,4785000000,,54.96,,,,,,,,,,,,,,,,,,,,,,true,true,12,2020-04-01,2021-03-31,0
2020-10-29,2175,2020-03-31,2,,,,,,,,,,,,,,,,,,,,50996000000,19398000000,0.377,,19227000000,,,,,,,,,,,,true,false,12,2019-04-01,2020-03-31,-1
2020-10-29,2175,2020-03-31,2,,,,,,,,,,,,,,,,,,,,,,,,,,,,,8.50,,,,87057600,445,,false,false,12,2019-04-01,2020-03-31,-1
2020-10-29,2175,2021-03-31,2,,,,,,,,,,,,,,,,,,,,,,,,,,,,,0.00,,,,,,,false,false,12,2020-04-01,2021-03-31,0
2020-10-29,2175,2021-03-31,2,,,,,,,,,,,,,,,,,,,,,,,,,,,,,,,,,87090000,445,87065555,false,false,6,2020-04-01,2020-09-30,0
2020-10-29,2175,2020-03-31,2,,,,,,,,,,,,,,,,,,,,,,,,,,,,,,,,,,,87016156,false,false,6,2019-04-01,2019-09-30,-1
2021-01-29,2175,2021-03-31,3,26366000000,0.042,,,,,3220000000,0.542,4245000000,0.245,,2868000000,,32.94,32.79,,,,,51229000000,20998000000,0.405,,20770000000,,,,,,,,,,,,true,false,9,2020-04-01,2020-12-31,0
2021-01-29,2175,2020-03-31,3,25300000000,0.149,,,,,2088000000,-0.085,3410000000,0.014,,2516000000,,28.92,28.79,,,,,,,,,,,,,,,,,,,,,true,false,9,2019-04-01,2019-12-31,-1
2021-01-29,2175,2021-03-31,3,37436000000,0.065,,,,,5028000000,0.019,6459000000,0.016,,4785000000,,54.95,,,,,,,,,,,,,,,,,,,,,,true,true,12,2020-04-01,2021-03-31,0
2021-01-29,2175,2020-03-31,3,,,,,,,,,,,,,,,,,,,,50996000000,19398000000,0.377,,19227000000,,,,,,,,,,,,true,false,12,2019-04-01,2020-03-31,-1
2021-01-29,2175,2020-03-31,3,,,,,,,,,,,,,,,,,,,,,,,,,,,,,8.50,,,,87057600,445,,false,false,12,2019-04-01,2020-03-31,-1
2021-01-29,2175,2021-03-31,3,,,,,,,,,,,,,,,,,,,,,,,,,,,,,0.00,,,,,,,false,false,12,2020-04-01,2021-03-31,0
2021-01-29,2175,2021-03-31,3,,,,,,,,,,,,,,,,,,,,,,,,,,,,,,,,,87105600,491,87077811,false,false,9,2020-04-01,2020-12-31,0
2021-01-29,2175,2020-03-31,3,,,,,,,,,,,,,,,,,,,,,,,,,,,,,,,,,,,87025826,false,false,9,2019-04-01,2019-12-31,-1
,21750,2021-03-31,,,,,,,,,,,,,,,,,,,,,,,,,,,,,,9.50,,,,,,,false,true,12,2020-04-01,2021-03-31,0
,21750,2021-03-31,,,,,,,,,,,,,,,,,,,,,,,,,,,,,,0.00,,,,,,,false,false,12,2020-04-01,2021-03-31,0
,21750,2020-03-31,,,,,,,,,,,,,,,,,,,,,,,,,,,,,,8.50,,,,,,,false,false,12,2019-04-01,2020-03-31,-1
2021-04-28,2175,2021-03-31,,35960000000,0.023,,,,,5470000000,0.108,6653000000,0.047,,4800000000,,55.13,54.86,0.231,0.132,0.152,,49444000000,22658000000,0.453,257.14,22398000000,6769000000,-1783000000,-5224000000,10144000000,,0.172,,,,,,true,false,12,2020-04-01,2021-03-31,0
2021-04-28,2175,2020-03-31,,35140000000,0.140,,,,,4935000000,0.041,6355000000,0.063,,4760000000,,54.69,54.45,0.275,0.129,0.140,,50996000000,19398000000,0.377,220.86,19227000000,5591000000,-2127000000,-3132000000,10493000000,,0.155,,,,,,true,false,12,2019-04-01,2020-03-31,-1
2021-04-28,2175,2022-03-31,,40043000000,0.114,,,,,6205000000,0.134,7352000000,0.105,,5281000000,,60.65,,,,,,,,,,,,,,,,,,,,,,true,true,12,2021-04-01,2022-03-31,1
2021-04-28,2175,2020-03-31,,,,,,,,,,,,,,,,,,,,,,,,,,,,,,8.50,,,,87057600,445,87033325,false,false,12,2019-04-01,2020-03-31,-1
2021-04-28,2175,2021-03-31,,,,,,,,,,,,,,,,,,,,,,,,,,,,,,9.50,,,,87109600,491,87085303,false,false,12,2020-04-01,2021-03-31,0
2021-04-28,2175,2022-03-31,,,,,,,,,,,,,,,,,,,,,,,,,,,,,,0.00,,,,,,,false,true,12,2021-04-01,2022-03-31,1
2021-07-30,2175,2022-03-31,1,10838000000,0.028,,,,,2547000000,0.142,3319000000,0.100,,2476000000,,28.43,28.29,,,,,53411000000,25663000000,0.475,,25382000000,,,,,,,,,,,,true,false,3,2021-04-01,2021-06-30,0
2021-07-30,2175,2021-03-31,1,10539000000,0.124,,,,,2230000000,0.556,3018000000,0.300,,2201000000,,25.28,25.18,,,,,,,,,,,,,,,,,,,,,true,false,3,2020-04-01,2020-06-30,-1
2021-07-30,2175,2022-03-31,1,40043000000,0.114,,,,,6205000000,0.134,7352000000,0.105,,5281000000,,60.62,,,,,,,,,,,,,,,,,,,,,,true,true,12,2021-04-01,2022-03-31,0
2021-07-30,2175,2021-03-31,1,,,,,,,,,,,,,,,,,,,,49444000000,22658000000,0.453,,22398000000,,,,,,,,,,,,true,false,12,2020-04-01,2021-03-31,-1
2021-07-30,2175,2021-03-31,1,,,,,,,,,,,,,,,,,,,,,,,,,,,,,9.50,,,,87109600,491,,false,false,12,2020-04-01,2021-03-31,-1
2021-07-30,2175,2022-03-31,1,,,,,,,,,,,,,,,,,,,,,,,,,,,,,0.00,,,,,,,false,true,12,2021-04-01,2022-03-31,0
2021-07-30,2175,2022-03-31,1,,,,,,,,,,,,,,,,,,,,,,,,,,,,,,,,,87123600,527,87123085,false,false,3,2021-04-01,2021-06-30,0
2021-07-30,2175,2021-03-31,1,,,,,,,,,,,,,,,,,,,,,,,,,,,,,,,,,,,87057488,false,false,3,2020-04-01,2020-06-30,-1
2021-10-29,2175,2022-03-31,2,19927000000,0.069,,,,,3682000000,0.248,4700000000,0.220,,3404000000,,39.07,38.89,,,,,54114000000,26676000000,0.487,,26369000000,,,,,,,,,,,,true,false,6,2021-04-01,2021-09-30,0
2021-10-29,2175,2021-03-31,2,18638000000,0.057,,,,,2949000000,0.422,3852000000,0.235,,2775000000,,31.88,31.74,,,,,,,,,,,,,,,,,,,,,true,false,6,2020-04-01,2020-09-30,-1
2021-10-29,2175,2022-03-31,2,40043000000,0.114,,,,,6205000000,0.134,7352000000,0.105,,5281000000,,60.62,,,,,,,,,,,,,,,,,,,,,,true,true,12,2021-04-01,2022-03-31,0
2021-10-29,2175,2021-03-31,2,,,,,,,,,,,,,,,,,,,,49444000000,22658000000,0.453,,22398000000,,,,,,,,,,,,true,false,12,2020-04-01,2021-03-31,-1
2021-10-29,2175,2021-03-31,2,,,,,,,,,,,,,,,,,,,,,,,,,,,,,9.50,,,,87109600,491,,false,false,12,2020-04-01,2021-03-31,-1
2021-10-29,2175,2022-03-31,2,,,,,,,,,,,,,,,,,,,,,,,,,,,,,0.00,,,,,,,false,false,12,2021-04-01,2022-03-31,0
2021-10-29,2175,2022-03-31,2,,,,,,,,,,,,,,,,,,,,,,,,,,,,,,,,,87129100,561,87125207,false,false,6,2021-04-01,2021-09-30,0
2021-10-29,2175,2021-03-31,2,,,,,,,,,,,,,,,,,,,,,,,,,,,,,,,,,,,87065555,false,false,6,2020-04-01,2020-09-30,-1
2022-01-31,2175,2022-03-31,3,28315000000,0.074,,,,,3895000000,0.210,5119000000,0.206,,3649000000,,41.88,41.68,,,,,54981000000,27545000000,0.495,,27214000000,,,,,,,,,,,,true,false,9,2021-04-01,2021-12-31,0
2022-01-31,2175,2021-03-31,3,26366000000,0.042,,,,,3220000000,0.542,4245000000,0.245,,2868000000,,32.94,32.79,,,,,,,,,,,,,,,,,,,,,true,false,9,2020-04-01,2020-12-31,-1
2022-01-31,2175,2022-03-31,3,40043000000,0.114,,,,,6205000000,0.134,7352000000,0.105,,5281000000,,60.62,,,,,,,,,,,,,,,,,,,,,,true,true,12,2021-04-01,2022-03-31,0
2022-01-31,2175,2021-03-31,3,,,,,,,,,,,,,,,,,,,,49444000000,22658000000,0.453,,22398000000,,,,,,,,,,,,true,false,12,2020-04-01,2021-03-31,-1
2022-01-31,2175,2021-03-31,3,,,,,,,,,,,,,,,,,,,,,,,,,,,,,9.50,,,,87109600,491,,false,false,12,2020-04-01,2021-03-31,-1
2022-01-31,2175,2022-03-31,3,,,,,,,,,,,,,,,,,,,,,,,,,,,,,0.00,,,,,,,false,false,12,2021-04-01,2022-03-31,0
2022-01-31,2175,2022-03-31,3,,,,,,,,,,,,,,,,,,,,,,,,,,,,,,,,,87130600,561,87126584,false,false,9,2021-04-01,2021-12-31,0
2022-01-31,2175,2021-03-31,3,,,,,,,,,,,,,,,,,,,,,,,,,,,,,,,,,,,87077811,false,false,9,2020-04-01,2020-12-31,-1
,21750,2022-03-31,,,,,,,,,,,,,,,,,,,,,,,,,,,,,,10.50,,,,,,,false,true,12,2021-04-01,2022-03-31,0
,21750,2022-03-31,,,,,,,,,,,,,,,,,,,,,,,,,,,,,,0.00,,,,,,,false,false,12,2021-04-01,2022-03-31,0
,21750,2021-03-31,,,,,,,,,,,,,,,,,,,,,,,,,,,,,,9.50,,,,,,,false,false,12,2020-04-01,2021-03-31,-1
2022-04-28,2175,2022-03-31,,38899000000,0.082,,,,,6318000000,0.155,7726000000,0.161,,5408000000,,62.07,61.77,0.208,0.146,0.162,,56585000000,29991000000,0.524,340.10,29638000000,9818000000,-2079000000,-3987000000,14126000000,,0.169,,,,,,true,false,12,2021-04-01,2022-03-31,0
2022-04-28,2175,2021-03-31,,35960000000,0.023,,,,,5470000000,0.108,6653000000,0.047,,4800000000,,55.13,54.86,0.231,0.132,0.152,,49444000000,22658000000,0.453,257.14,22398000000,6769000000,-1783000000,-5224000000,10144000000,,0.172,,,,,,true,false,12,2020-04-01,2021-03-31,-1
2022-04-28,2175,2023-03-31,,46063000000,0.184,,,,,7238000000,0.146,8499000000,0.100,,5984000000,,68.68,,,,,,,,,,,,,,,,,,,,,,true,true,12,2022-04-01,2023-03-31,1
2022-04-28,2175,2021-03-31,,,,,,,,,,,,,,,,,,,,,,,,,,,,,,9.50,,,,87109600,491,87085303,false,false,12,2020-04-01,2021-03-31,-1
2022-04-28,2175,2022-03-31,,,,,,,,,,,,,,,,,,,,,,,,,,,,,,10.50,,,,87147800,561,87131740,false,false,12,2021-04-01,2022-03-31,0
2022-04-28,2175,2023-03-31,,,,,,,,,,,,,,,,,,,,,,,,,,,,,,0.00,,,,,,,false,true,12,2022-04-01,2023-03-31,1
2022-07-29,2175,2023-03-31,1,12517000000,0.155,,,,,3086000000,0.212,4046000000,0.219,,2975000000,,34.14,33.99,,,,,60789000000,33440000000,0.544,,33064000000,,,,,,,,,,,,true,false,3,2022-04-01,2022-06-30,0
2022-07-29,2175,2022-03-31,1,10838000000,0.028,,,,,2547000000,0.142,3319000000,0.100,,2476000000,,28.43,28.29,,,,,,,,,,,,,,,,,,,,,true,false,3,2021-04-01,2021-06-30,-1
2022-07-29,2175,2023-03-31,1,46063000000,0.184,,,,,7238000000,0.146,8499000000,0.100,,5984000000,,68.67,,,,,,,,,,,,,,,,,,,,,,true,true,12,2022-04-01,2023-03-31,0
2022-07-29,2175,2022-03-31,1,,,,,,,,,,,,,,,,,,,,56585000000,29991000000,0.524,,29638000000,,,,,,,,,,,,true,false,12,2021-04-01,2022-03-31,-1
2022-07-29,2175,2022-03-31,1,,,,,,,,,,,,,,,,,,,,,,,,,,,,,10.50,,,,87147800,561,,false,false,12,2021-04-01,2022-03-31,-1
2022-07-29,2175,2023-03-31,1,,,,,,,,,,,,,,,,,,,,,,,,,,,,,0.00,,,,,,,false,true,12,2022-04-01,2023-03-31,0
2022-07-29,2175,2023-03-31,1,,,,,,,,,,,,,,,,,,,,,,,,,,,,,,,,,87147800,561,87147239,false,false,3,2022-04-01,2022-06-30,0
2022-07-29,2175,2022-03-31,1,,,,,,,,,,,,,,,,,,,,,,,,,,,,,,,,,,,87123085,false,false,3,2021-04-01,2021-06-30,-1
2022-10-28,2175,2023-03-31,2,23334000000,0.171,,,,,4609000000,0.252,5758000000,0.225,,4129000000,,47.38,47.17,,,,,64752000000,36945000000,0.564,,36529000000,,,,,,,,,,,,true,false,6,2022-04-01,2022-09-30,0
2022-10-28,2175,2022-03-31,2,19927000000,0.069,,,,,3682000000,0.248,4700000000,0.220,,3404000000,,39.07,38.89,,,,,,,,,,,,,,,,,,,,,true,false,6,2021-04-01,2021-09-30,-1
2022-10-28,2175,2023-03-31,2,46063000000,0.184,,,,,7238000000,0.146,8499000000,0.100,,5984000000,,68.67,,,,,,,,,,,,,,,,,,,,,,true,true,12,2022-04-01,2023-03-31,0
2022-10-28,2175,2022-03-31,2,,,,,,,,,,,,,,,,,,,,56585000000,29991000000,0.524,,29638000000,,,,,,,,,,,,true,false,12,2021-04-01,2022-03-31,-1
2022-10-28,2175,2022-03-31,2,,,,,,,,,,,,,,,,,,,,,,,,,,,,,10.50,,,,87147800,561,,false,false,12,2021-04-01,2022-03-31,-1
2022-10-28,2175,2023-03-31,2,,,,,,,,,,,,,,,,,,,,,,,,,,,,,0.00,,,,,,,false,false,12,2022-04-01,2023-03-31,0
2022-10-28,2175,2023-03-31,2,,,,,,,,,,,,,,,,,,,,,,,,,,,,,,,,,87148500,561,87147506,false,false,6,2022-04-01,2022-09-30,0
2022-10-28,2175,2022-03-31,2,,,,,,,,,,,,,,,,,,,,,,,,,,,,,,,,,,,87125207,false,false,6,2021-04-01,2021-09-30,-1
2023-01-31,2175,2023-03-31,3,33432000000,0.181,,,,,5043000000,0.295,6398000000,0.250,,4562000000,,52.35,52.12,,,,,66333000000,38581000000,0.575,,38130000000,,,,,,,,,,,,true,false,9,2022-04-01,2022-12-31,0
2023-01-31,2175,2022-03-31,3,28315000000,0.074,,,,,3895000000,0.210,5119000000,0.206,,3649000000,,41.88,41.68,,,,,,,,,,,,,,,,,,,,,true,false,9,2021-04-01,2021-12-31,-1
2023-01-31,2175,2023-03-31,3,46063000000,0.184,,,,,7238000000,0.146,8499000000,0.100,,5984000000,,68.66,,,,,,,,,,,,,,,,,,,,,,true,true,12,2022-04-01,2023-03-31,0
2023-01-31,2175,2022-03-31,3,,,,,,,,,,,,,,,,,,,,56585000000,29991000000,0.524,,29638000000,,,,,,,,,,,,true,false,12,2021-04-01,2022-03-31,-1
2023-01-31,2175,2022-03-31,3,,,,,,,,,,,,,,,,,,,,,,,,,,,,,10.50,,,,87147800,561,,false,false,12,2021-04-01,2022-03-31,-1
2023-01-31,2175,2023-03-31,3,,,,,,,,,,,,,,,,,,,,,,,,,,,,,0.00,,,,,,,false,false,12,2022-04-01,2023-03-31,0
2023-01-31,2175,2023-03-31,3,,,,,,,,,,,,,,,,,,,,,,,,,,,,,,,,,87151400,641,87147977,false,false,9,2022-04-01,2022-12-31,0
2023-01-31,2175,2022-03-31,3,,,,,,,,,,,,,,,,,,,,,,,,,,,,,,,,,,,87126584,false,false,9,2021-04-01,2021-12-31,-1
,21750,2023-03-31,,,,,,,,,,,,,,,,,,,,,,,,,,,,,,15.00,,,,,,,false,true,12,2022-04-01,2023-03-31,0
,21750,2023-03-31,,,,,,,,,,,,,,,,,,,,,,,,,,,,,,0.00,,,,,,,false,false,12,2022-04-01,2023-03-31,0
,21750,2022-03-31,,,,,,,,,,,,,,,,,,,,,,,,,,,,,,10.50,,,,,,,false,false,12,2021-04-01,2022-03-31,-1
2023-04-28,2175,2023-03-31,,45667000000,0.174,,,,,7279000000,0.152,8759000000,0.134,,6406000000,,73.51,73.13,0.190,0.144,0.159,,65098000000,38421000000,0.583,435.29,37936000000,8504000000,-3763000000,-3043000000,16170000000,,0.204,,,,,,true,false,12,2022-04-01,2023-03-31,0
2023-04-28,2175,2022-03-31,,38899000000,0.082,,,,,6318000000,0.155,7726000000,0.161,,5408000000,,62.07,61.77,0.208,0.146,0.162,,56585000000,29991000000,0.524,340.10,29638000000,9818000000,-2079000000,-3987000000,14126000000,,0.169,,,,,,true,false,12,2021-04-01,2022-03-31,-1
2023-04-28,2175,2024-03-31,,54799000000,0.200,,,,,8375000000,0.150,9960000000,0.137,,7127000000,,81.78,,,,,,,,,,,,,,,,,,,,,,true,true,12,2023-04-01,2024-03-31,1
2023-04-28,2175,2023-03-31,,37194000000,0.164,,,,,7321000000,0.179,8921000000,0.199,6795000000,,0.253,77.98,77.58,,,,,57088000000,44051000000,0.763,499.89,43566000000,,,,,15.00,,,,87153500,641,87148889,false,false,12,2022-04-01,2023-03-31,0
2023-04-28,2175,2022-03-31,,31953000000,1.158,,,,,6207000000,3.292,7443000000,0.101,5421000000,,-0.399,62.23,61.92,,,,,52738000000,38029000000,0.714,432.33,37676000000,,,,,10.50,,,,87147800,561,87131740,false,false,12,2021-04-01,2022-03-31,-1
2023-04-28,2175,2024-03-31,,,,,,,,,,,,,,,,,,,,,,,,,,,,,,0.00,,,,,,,false,true,12,2023-04-01,2024-03-31,1
2023-07-28,2175,2024-03-31,1,15194000000,0.214,,,,,3729000000,0.208,4609000000,0.139,,3389000000,,38.89,38.70,,,,,68991000000,40662000000,0.582,,40144000000,,,,,,,,,,,,true,false,3,2023-04-01,2023-06-30,0
2023-07-28,2175,2023-03-31,1,12517000000,0.155,,,,,3086000000,0.212,4046000000,0.219,,2975000000,,34.14,33.99,,,,,,,,,,,,,,,,,,,,,true,false,3,2022-04-01,2022-06-30,-1
2023-07-28,2175,2024-03-31,1,54799000000,0.200,,,,,8375000000,0.150,9960000000,0.137,,7127000000,,81.78,,,,,,,,,,,,,,,,,,,,,,true,true,12,2023-04-01,2024-03-31,0
2023-07-28,2175,2023-03-31,1,,,,,,,,,,,,,,,,,,,,65098000000,38421000000,0.583,,37936000000,,,,,,,,,,,,true,false,12,2022-04-01,2023-03-31,-1
2023-07-28,2175,2023-03-31,1,,,,,,,,,,,,,,,,,,,,,,,,,,,,,15.00,,,,87153500,641,,false,false,12,2022-04-01,2023-03-31,-1
2023-07-28,2175,2024-03-31,1,,,,,,,,,,,,,,,,,,,,,,,,,,,,,0.00,,,,,,,false,true,12,2023-04-01,2024-03-31,0
2023-07-28,2175,2024-03-31,1,,,,,,,,,,,,,,,,,,,,,,,,,,,,,,,,,87159600,681,87154946,false,false,3,2023-04-01,2023-06-30,0
2023-07-28,2175,2023-03-31,1,,,,,,,,,,,,,,,,,,,,,,,,,,,,,,,,,,,87147239,false,false,3,2022-04-01,2022-06-30,-1
2023-10-27,2175,2024-03-31,2,27474000000,0.177,,,,,4701000000,0.020,5775000000,0.003,,4176000000,,47.81,47.66,,,,,72727000000,43794000000,0.597,,43407000000,,,,,,,,,,,,true,false,6,2023-04-01,2023-09-30,0
2023-10-27,2175,2023-03-31,2,23334000000,0.171,,,,,4609000000,0.252,5758000000,0.225,,4129000000,,47.38,47.17,,,,,,,,,,,,,,,,,,,,,true,false,6,2022-04-01,2022-09-30,-1
2023-10-27,2175,2024-03-31,2,54799000000,0.200,,,,,8375000000,0.150,9960000000,0.137,,7127000000,,81.59,,,,,,,,,,,,,,,,,,,,,,true,true,12,2023-04-01,2024-03-31,0
2023-10-27,2175,2023-03-31,2,,,,,,,,,,,,,,,,,,,,65098000000,38421000000,0.583,,37936000000,,,,,,,,,,,,true,false,12,2022-04-01,2023-03-31,-1
2023-10-27,2175,2023-03-31,2,,,,,,,,,,,,,,,,,,,,,,,,,,,,,15.00,,,,87153500,641,,false,false,12,2022-04-01,2023-03-31,-1
2023-10-27,2175,2024-03-31,2,,,,,,,,,,,,,,,,,,,,,,,,,,,,,0.00,,,,,,,false,false,12,2023-04-01,2024-03-31,0
2023-10-27,2175,2024-03-31,2,,,,,,,,,,,,,,,,,,,,,,,,,,,,,,,,,87561600,685,87357597,false,false,6,2023-04-01,2023-09-30,0
2023-10-27,2175,2023-03-31,2,,,,,,,,,,,,,,,,,,,,,,,,,,,,,,,,,,,87147506,false,false,6,2022-04-01,2022-09-30,-1
2024-01-31,2175,2024-03-31,3,39357000000,0.177,,,,,4945000000,-0.019,6171000000,-0.036,,4376000000,,50.16,50.02,,,,,71090000000,42727000000,0.595,,42309000000,,,,,,,,,,,,true,false,9,2023-04-01,2023-12-31,0
2024-01-31,2175,2023-03-31,3,33432000000,0.181,,,,,5043000000,0.295,6398000000,0.250,,4562000000,,52.35,52.12,,,,,,,,,,,,,,,,,,,,,true,false,9,2022-04-01,2022-12-31,-1
2024-01-31,2175,2024-03-31,3,54799000000,0.200,,,,,8375000000,0.150,9960000000,0.137,,7127000000,,81.70,,,,,,,,,,,,,,,,,,,,,,true,true,12,2023-04-01,2024-03-31,0
2024-01-31,2175,2023-03-31,3,,,,,,,,,,,,,,,,,,,,65098000000,38421000000,0.583,,37936000000,,,,,,,,,,,,true,false,12,2022-04-01,2023-03-31,-1
2024-01-31,2175,2023-03-31,3,,,,,,,,,,,,,,,,,,,,,,,,,,,,,15.00,,,,87153500,641,,false,false,12,2022-04-01,2023-03-31,-1
2024-01-31,2175,2024-03-31,3,,,,,,,,,,,,,,,,,,,,,,,,,,,,,0.00,,,,,,,false,false,12,2023-04-01,2024-03-31,0
2024-01-31,2175,2024-03-31,3,,,,,,,,,,,,,,,,,,,,,,,,,,,,,20.00,,,,,,,false,true,12,2023-04-01,2024-03-31,0
2024-01-31,2175,2024-03-31,3,,,,,,,,,,,,,,,,,,,,,,,,,,,,,,,,,87561600,854332,87235670,false,false,9,2023-04-01,2023-12-31,0
2024-01-31,2175,2023-03-31,3,,,,,,,,,,,,,,,,,,,,,,,,,,,,,,,,,,,87147977,false,false,9,2022-04-01,2022-12-31,-1
,21750,2024-03-31,,,,,,,,,,,,,,,,,,,,,,,,,,,,,,20.00,,,,,,,false,true,12,2023-04-01,2024-03-31,0
,21750,2024-03-31,,,,,,,,,,,,,,,,,,,,,,,,,,,,,,0.00,,,,,,,false,false,12,2023-04-01,2024-03-31,0
,21750,2023-03-31,,,,,,,,,,,,,,,,,,,,,,,,,,,,,,15.00,,,,,,,false,false,12,2022-04-01,2023-03-31,-1
2024-04-26,2175,2024-03-31,,53973000000,0.182,,,,,8269000000,0.136,9901000000,0.130,,7227000000,,82.97,82.75,0.176,0.144,0.153,,72475000000,44284000000,0.607,507.23,44001000000,9773000000,-3739000000,-5020000000,17365000000,,0.241,,,,,,true,false,12,2023-04-01,2024-03-31,0
2024-04-26,2175,2023-03-31,,45667000000,0.174,,,,,7279000000,0.152,8759000000,0.134,,6406000000,,73.51,73.13,0.190,0.144,0.159,,65098000000,38421000000,0.583,435.29,37936000000,8504000000,-3763000000,-3043000000,16170000000,,0.204,,,,,,true,false,12,2022-04-01,2023-03-31,-1
2024-04-26,2175,2025-03-31,,65665000000,0.217,,,,,9096000000,0.100,11002000000,0.111,,8018000000,,92.05,,,,,,,,,,,,,,,,,,,,,,true,true,12,2024-04-01,2025-03-31,1
2024-04-26,2175,2024-03-31,,44202000000,0.188,,,,,8417000000,0.150,10196000000,0.143,7770000000,,0.144,89.21,88.97,,,,,61285000000,48839000000,0.792,559.75,48557000000,,,,,20.00,,,,87561600,812832,87110295,false,false,12,2023-04-01,2024-03-31,0
2024-04-26,2175,2023-03-31,,37194000000,0.164,,,,,7321000000,0.179,8921000000,0.199,6795000000,,0.253,77.98,77.58,,,,,57088000000,44051000000,0.763,499.89,43566000000,,,,,15.00,,,,87153500,641,87148889,false,false,12,2022-04-01,2023-03-31,-1
2024-04-26,2175,2025-03-31,,,,,,,,,,,,,,,,,,,,,,,,,,,,,,0.00,,,,,,,false,true,12,2024-04-01,2025-03-31,1
2024-07-26,2175,2025-03-31,1,17426000000,0.147,,,,,3000000000,-0.195,4114000000,-0.107,,3163000000,,36.71,36.70,,,,,74758000000,45395000000,0.603,,45100000000,,,,,,,,,,,,true,false,3,2024-04-01,2024-06-30,0
2024-07-26,2175,2024-03-31,1,15194000000,0.214,,,,,3729000000,0.208,4609000000,0.139,,3389000000,,38.89,38.70,,,,,,,,,,,,,,,,,,,,,true,false,3,2023-04-01,2023-06-30,-1
2024-07-26,2175,2025-03-31,1,65665000000,0.217,,,,,9096000000,0.100,11002000000,0.111,,8018000000,,93.03,,,,,,,,,,,,,,,,,,,,,,true,true,12,2024-04-01,2025-03-31,0
2024-07-26,2175,2024-03-31,1,,,,,,,,,,,,,,,,,,,,72475000000,44284000000,0.607,,44001000000,,,,,,,,,,,,true,false,12,2023-04-01,2024-03-31,-1
2024-07-26,2175,2024-03-31,1,,,,,,,,,,,,,,,,,,,,,,,,,,,,,20.00,,,,87561600,812832,,false,false,12,2023-04-01,2024-03-31,-1
2024-07-26,2175,2025-03-31,1,,,,,,,,,,,,,,,,,,,,,,,,,,,,,0.00,,,,,,,false,true,12,2024-04-01,2025-03-31,0
2024-07-26,2175,2025-03-31,1,,,,,,,,,,,,,,,,,,,,,,,,,,,,,,,,,87561600,1644032,86185768,false,false,3,2024-04-01,2024-06-30,0
2024-07-26,2175,2024-03-31,1,,,,,,,,,,,,,,,,,,,,,,,,,,,,,,,,,,,87154946,false,false,3,2023-04-01,2023-06-30,-1
2024-10-29,2175,2025-03-31,2,31842000000,0.159,,,,,3574000000,-0.240,4926000000,-0.147,,3670000000,,42.84,42.83,,,,,75718000000,45525000000,0.597,,45206000000,,,,,,,,,,,,true,false,6,2024-04-01,2024-09-30,0
2024-10-29,2175,2024-03-31,2,27474000000,0.177,,,,,4701000000,0.020,5775000000,0.003,,4176000000,,47.81,47.66,,,,,,,,,,,,,,,,,,,,,true,false,6,2023-04-01,2023-09-30,-1
2024-10-29,2175,2025-03-31,2,65665000000,0.217,,,,,9096000000,0.100,11002000000,0.111,,8018000000,,93.59,,,,,,,,,,,,,,,,,,,,,,true,true,12,2024-04-01,2025-03-31,0
2024-10-29,2175,2024-03-31,2,,,,,,,,,,,,,,,,,,,,72475000000,44284000000,0.607,,44001000000,,,,,,,,,,,,true,false,12,2023-04-01,2024-03-31,-1
2024-10-29,2175,2024-03-31,2,,,,,,,,,,,,,,,,,,,,,,,,,,,,,20.00,,,,87561600,812832,,false,false,12,2023-04-01,2024-03-31,-1
2024-10-29,2175,2025-03-31,2,,,,,,,,,,,,,,,,,,,,,,,,,,,,,0.00,,,,,,,false,false,12,2024-04-01,2025-03-31,0
2024-10-29,2175,2025-03-31,2,,,,,,,,,,,,,,,,,,,,,,,,,,,,,,,,,87561600,2599151,85678059,false,false,6,2024-04-01,2024-09-30,0
2024-10-29,2175,2024-03-31,2,,,,,,,,,,,,,,,,,,,,,,,,,,,,,,,,,,,87357597,false,false,6,2023-04-01,2023-09-30,-1
2025-01-31,2175,2025-03-31,3,44885000000,0.140,,,,,3592000000,-0.274,5121000000,-0.170,,3846000000,,45.03,45.02,,,,,72015000000,42687000000,0.588,,42368000000,,,,,,,,,,,,true,false,9,2024-04-01,2024-12-31,0
2025-01-31,2175,2024-03-31,3,39357000000,0.177,,,,,4945000000,-0.019,6171000000,-0.036,,4376000000,,50.16,50.02,,,,,,,,,,,,,,,,,,,,,true,false,9,2023-04-01,2023-12-31,-1
2025-01-31,2175,2025-03-31,3,61050000000,0.131,,,,,6300000000,-0.238,8250000000,-0.167,,6050000000,,70.81,,,,,,,,,,,,,,,,,,,,,,true,true,12,2024-04-01,2025-03-31,0
2025-01-31,2175,2024-03-31,3,,,,,,,,,,,,,,,,,,,,72475000000,44284000000,0.607,,44001000000,,,,,,,,,,,,true,false,12,2023-04-01,2024-03-31,-1
2025-01-31,2175,2024-03-31,3,,,,,,,,,,,,,,,,,,,,,,,,,,,,,20.00,,,,87561600,812832,,false,false,12,2023-04-01,2024-03-31,-1
2025-01-31,2175,2025-03-31,3,,,,,,,,,,,,,,,,,,,,,,,,,,,,,0.00,,,,,,,false,false,12,2024-04-01,2025-03-31,0
2025-01-31,2175,2025-03-31,3,,,,,,,,,,,,,,,,,,,,,,,,,,,,,28.50,,,,,,,false,true,12,2024-04-01,2025-03-31,0
2025-01-31,2175,2025-03-31,3,,,,,,,,,,,,,,,,,,,,,,,,,,,,,,,,,87561600,2599151,85439522,false,false,9,2024-04-01,2024-12-31,0
2025-01-31,2175,2024-03-31,3,,,,,,,,,,,,,,,,,,,,,,,,,,,,,,,,,,,87235670,false,false,9,2023-04-01,2023-12-31,-1
,21750,2025-03-31,,,,,,,,,,,,,,,,,,,,,,,,,,,,,,28.50,,,,,,,false,true,12,2024-04-01,2025-03-31,0
,21750,2025-03-31,,,,,,,,,,,,,,,,,,,,,,,,,,,,,,0.00,,,,,,,false,false,12,2024-04-01,2025-03-31,0
,21750,2024-03-31,,,,,,,,,,,,,,,,,,,,,,,,,,,,,,20.00,,,,,,,false,false,12,2023-04-01,2024-03-31,-1
2025-01-31,21750,2025-03-31,,61050000000,-0.070,,,,,6300000000,-0.307,8250000000,-0.250,,6050000000,,70.81,,,,,,,,,,,,,,,,,,,,,,true,true,12,2024-04-01,2025-03-31,0
2025-01-31,21750,2024-03-31,,53973000000,,,,,,8269000000,,9901000000,,,7227000000,,82.97,,,,,,,,,,,,,,,,,,,,,,true,false,12,2023-04-01,2024-03-31,-1
2025-04-28,2175,2025-03-31,,60952000000,0.129,,,,,6335000000,-0.234,8357000000,-0.156,,6054000000,,70.96,70.95,0.133,0.112,0.104,,76540000000,47319000000,0.615,554.24,47089000000,5806000000,-4071000000,-4148000000,15253000000,,0.402,,,,,,true,false,12,2024-04-01,2025-03-31,0
2025-04-28,2175,2024-03-31,,53973000000,0.182,,,,,8269000000,0.136,9901000000,0.130,,7227000000,,82.97,82.75,0.176,0.144,0.153,,72475000000,44284000000,0.607,507.23,44001000000,9773000000,-3739000000,-5020000000,17365000000,,0.241,,,,,,true,false,12,2023-04-01,2024-03-31,-1
2025-04-28,2175,2026-03-31,,67544000000,0.108,,,,,7287000000,0.150,9468000000,0.133,,7029000000,,82.39,,,,,,,,,,,,,,,,,,,,,,true,true,12,2025-04-01,2026-03-31,1
2025-04-28,2175,2025-03-31,,50623000000,0.145,,,,,6627000000,-0.213,8517000000,-0.165,6551000000,,-0.157,76.78,76.77,,,,,60389000000,49742000000,0.820,582.77,49513000000,,,,,28.50,,,,87561600,2599151,85320254,false,false,12,2024-04-01,2025-03-31,0
2025-04-28,2175,2024-03-31,,44202000000,0.188,,,,,8417000000,0.150,10196000000,0.143,7770000000,,0.144,89.21,88.97,,,,,61285000000,48839000000,0.792,559.75,48557000000,,,,,20.00,,,,87561600,812832,87110295,false,false,12,2023-04-01,2024-03-31,-1
2025-04-28,2175,2026-03-31,,,,,,,,,,,,,,,,,,,,,,,,,,,,,,0.00,,,,,,,false,true,12,2025-04-01,2026-03-31,1
