filing_date,code,fiscal_year_end,quarterly_period,net_sales,net_sales_change,revenue,revenue_change,operating_revenue,operating_revenue_change,operating_profit,operating_profit_change,ordinary_profit,ordinary_profit_change,net_income,net_income_of_parent,net_income_change,eps,diluted_eps,roe,roa,operating_profit_to_net_sales,operating_profit_to_revenue,total_assets,net_assets,equity_ratio,bps,owner_equity,operating_cash_flow,investing_cash_flow,financing_cash_flow,cash,dividend_per_share,payout_ratio,commemorative_dividend,extra_dividend,number_of_shares,number_of_treqsury_shares,avg_number_of_shares,is_consolidated,is_forecast,duration,period_start,period_end,period_pos
2015-06-30,21860,2016-02-29,1,1769000000,-0.003,,,,,179000000,-0.110,178000000,-0.120,110000000,,-0.071,26.25,26.22,,,,,4298000000,2553000000,0.594,,2553000000,,,,,,,,,,,,true,false,3,2015-03-01,2015-05-31,0
2015-06-30,21860,2015-02-28,1,1774000000,0.113,,,,,201000000,0.276,202000000,0.280,118000000,,0.293,27.28,27.24,,,,,,,,,,,,,,,,,,,,,true,false,3,2014-03-01,2014-05-31,-1
2015-06-30,21860,2016-02-29,1,3500000000,0.011,,,,,275000000,0.014,275000000,-0.003,160000000,,0.002,38.09,,,,,,,,,,,,,,,,,,,,,,true,true,6,2015-03-01,2015-08-31,0
2015-06-30,21860,2016-02-29,1,7100000000,0.026,,,,,580000000,0.051,580000000,0.035,350000000,,0.050,83.32,,,,,,,,,,,,,,,,,,,,,,true,true,12,2015-03-01,2016-02-29,0
2015-06-30,21860,2015-02-28,1,,,,,,,,,,,,,,,,,,,,3557000000,2518000000,0.708,,2518000000,,,,,,,,,,,,true,false,12,2014-03-01,2015-02-28,-1
2015-06-30,21860,2015-02-28,1,,,,,,,,,,,,,,,,,,,,,,,,,,,,,31.00,,,,4200800,3,,false,false,12,2014-03-01,2015-02-28,-1
2015-06-30,21860,2016-02-29,1,,,,,,,,,,,,,,,,,,,,,,,,,,,,,38.00,,,,,,,false,true,12,2015-03-01,2016-02-29,0
2015-06-30,21860,2016-02-29,1,,,,,,,,,,,,,,,,,,,,,,,,,,,,,,,,,4200800,3,4200797,false,false,3,2015-03-01,2015-05-31,0
2015-06-30,21860,2015-02-28,1,,,,,,,,,,,,,,,,,,,,,,,,,,,,,,,,,,,4349497,false,false,3,2014-03-01,2014-05-31,-1
2015-09-30,21860,2016-02-29,2,3737000000,0.080,,,,,332000000,0.225,342000000,0.240,201000000,,0.259,47.85,47.81,,,,,3678000000,2644000000,0.719,,2644000000,,,,,,,,,,,,true,false,6,2015-03-01,2015-08-31,0
2015-09-30,21860,2015-02-28,2,3460000000,0.039,,,,,271000000,-0.060,275000000,-0.057,159000000,,-0.055,36.70,36.65,,,,,,,,,,,,,,,,,,,,,true,false,6,2014-03-01,2014-08-31,-1
2015-09-30,21860,2016-02-29,2,7100000000,0.026,,,,,580000000,0.051,580000000,0.035,350000000,,0.050,83.32,,,,,,,,,,,,,,,,,,,,,,true,true,12,2015-03-01,2016-02-29,0
2015-09-30,21860,2015-02-28,2,,,,,,,,,,,,,,,,,,,,3557000000,2518000000,0.708,,2518000000,,,,,,,,,,,,true,false,12,2014-03-01,2015-02-28,-1
2015-09-30,21860,2015-02-28,2,,,,,,,,,,,,,,,,,,,,,,,,,,,,,31.00,,,,4200800,3,,false,false,12,2014-03-01,2015-02-28,-1
2015-09-30,21860,2016-02-29,2,,,,,,,,,,,,,,,,,,,,,,,,,,,,,19.00,,,,,,,false,false,12,2015-03-01,2016-02-29,0
2015-09-30,21860,2016-02-29,2,,,,,,,,,,,,,,,,,,,,,,,,,,,,,38.00,,,,,,,false,true,12,2015-03-01,2016-02-29,0
2015-09-30,21860,2016-02-29,2,,,,,,,,,,,,,,,,,,,,,,,,,,,,,,,,,4203600,3,4201620,false,false,6,2015-03-01,2015-08-31,0
2015-09-30,21860,2015-02-28,2,,,,,,,,,,,,,,,,,,,,,,,,,,,,,,,,,,,4349497,false,false,6,2014-03-01,2014-08-31,-1
2015-12-28,21860,2016-02-29,3,5700000000,0.091,,,,,488000000,0.099,499000000,0.110,296000000,,0.151,70.49,70.44,,,,,3643000000,2660000000,0.730,,2660000000,,,,,,,,,,,,true,false,9,2015-03-01,2015-11-30,0
2015-12-28,21860,2015-02-28,3,5225000000,0.062,,,,,444000000,0.036,449000000,0.041,257000000,,0.039,59.19,59.11,,,,,,,,,,,,,,,,,,,,,true,false,9,2014-03-01,2014-11-30,-1
2015-12-28,21860,2016-02-29,3,7100000000,0.026,,,,,580000000,0.051,580000000,0.035,350000000,,0.050,83.32,,,,,,,,,,,,,,,,,,,,,,true,true,12,2015-03-01,2016-02-29,0
2015-12-28,21860,2015-02-28,3,,,,,,,,,,,,,,,,,,,,3557000000,2518000000,0.708,,2518000000,,,,,,,,,,,,true,false,12,2014-03-01,2015-02-28,-1
2015-12-28,21860,2015-02-28,3,,,,,,,,,,,,,,,,,,,,,,,,,,,,,31.00,,,,4200800,3,,false,false,12,2014-03-01,2015-02-28,-1
2015-12-28,21860,2016-02-29,3,,,,,,,,,,,,,,,,,,,,,,,,,,,,,19.00,,,,,,,false,false,12,2015-03-01,2016-02-29,0
2015-12-28,21860,2016-02-29,3,,,,,,,,,,,,,,,,,,,,,,,,,,,,,38.00,,,,,,,false,true,12,2015-03-01,2016-02-29,0
2015-12-28,21860,2016-02-29,3,,,,,,,,,,,,,,,,,,,,,,,,,,,,,,,,,4203600,3,4202274,false,false,9,2015-03-01,2015-11-30,0
2015-12-28,21860,2015-02-28,3,,,,,,,,,,,,,,,,,,,,,,,,,,,,,,,,,,,4349529,false,false,9,2014-03-01,2014-11-30,-1
2016-04-12,21860,2016-02-29,,7717000000,0.115,,,,,610000000,0.107,621000000,0.108,391000000,,0.175,93.21,93.16,0.149,0.169,0.079,,3798000000,2755000000,0.725,655.52,2755000000,145000000,152000000,-577000000,1403000000,,0.418,,,,,,true,false,12,2015-03-01,2016-02-29,0
2016-04-12,21860,2015-02-28,,6920000000,0.045,,,,,551000000,0.064,560000000,0.085,333000000,,0.103,77.30,77.19,0.135,0.167,0.080,,3557000000,2518000000,0.708,599.57,2518000000,700000000,-246000000,-248000000,1683000000,,0.401,,,,,,true,false,12,2014-03-01,2015-02-28,-1
2016-04-12,21860,2017-02-28,,4000000000,0.070,,,,,300000000,-0.097,308000000,-0.100,,198000000,,47.10,,,,,,,,,,,,,,,,,,,,,,true,true,6,2016-03-01,2016-08-31,1
2016-04-12,21860,2017-02-28,,8000000000,0.037,,,,,620000000,0.016,625000000,0.006,,405000000,,96.35,,,,,,,,,,,,,,,,0.436,,,,,,true,true,12,2016-03-01,2017-02-28,1
2016-04-12,21860,2016-02-29,,6617000000,0.046,,,,,588000000,0.196,599000000,0.192,391000000,,0.412,93.18,93.12,,,,,3472000000,2696000000,0.777,641.57,2696000000,,,,,39.00,,,,4203600,51,4202593,false,false,12,2015-03-01,2016-02-29,0
2016-04-12,21860,2015-02-28,,6327000000,0.043,,,,,491000000,-0.003,502000000,0.009,277000000,,-0.074,64.28,64.19,,,,,3357000000,2460000000,0.733,585.64,2460000000,,,,,31.00,,,,4200800,3,4314013,false,false,12,2014-03-01,2015-02-28,-1
2016-04-12,21860,2017-02-28,,3413000000,0.031,,,,,,,285000000,-0.111,130000000,,-0.365,30.93,,,,,,,,,,,,,,,,,,,,,,false,true,6,2016-03-01,2016-08-31,1
2016-04-12,21860,2017-02-28,,6870000000,0.038,,,,,,,594000000,-0.008,332000000,,-0.152,78.98,,,,,,,,,,,,,,,42.00,,,,,,,false,true,12,2016-03-01,2017-02-28,1
2016-06-30,21860,2017-02-28,1,2046000000,0.156,,,,,136000000,-0.236,122000000,-0.312,,93000000,,22.26,22.25,,,,,3914000000,2765000000,0.706,,2765000000,,,,,,,,,,,,true,false,3,2016-03-01,2016-05-31,0
2016-06-30,21860,2016-02-28,1,1769000000,-0.003,,,,,179000000,-0.110,178000000,-0.120,,110000000,,26.25,26.22,,,,,,,,,,,,,,,,,,,,,true,false,3,2015-03-01,2015-05-31,-1
2016-06-30,21860,2017-02-28,1,4000000000,0.070,,,,,300000000,-0.097,308000000,-0.100,,198000000,,47.10,,,,,,,,,,,,,,,,,,,,,,true,true,6,2016-03-01,2016-08-31,0
2016-06-30,21860,2017-02-28,1,8000000000,0.037,,,,,620000000,0.016,625000000,0.006,,405000000,,96.35,,,,,,,,,,,,,,,,,,,,,,true,true,12,2016-03-01,2017-02-28,0
2016-06-30,21860,2016-02-28,1,,,,,,,,,,,,,,,,,,,,3798000000,2755000000,0.725,,2755000000,,,,,,,,,,,,true,false,12,2015-03-01,2016-02-29,-1
2016-06-30,21860,2016-02-28,1,,,,,,,,,,,,,,,,,,,,,,,,,,,,,39.00,,,,4203600,51,,false,false,12,2015-03-01,2016-02-29,-1
2016-06-30,21860,2017-02-28,1,,,,,,,,,,,,,,,,,,,,,,,,,,,,,42.00,,,,,,,false,true,12,2016-03-01,2017-02-28,0
2016-06-30,21860,2017-02-28,1,,,,,,,,,,,,,,,,,,,,,,,,,,,,,,,,,4203600,51,4203549,false,false,3,2016-03-01,2016-05-31,0
2016-06-30,21860,2016-02-28,1,,,,,,,,,,,,,,,,,,,,,,,,,,,,,,,,,,,4200797,false,false,3,2015-03-01,2015-05-31,-1
2016-09-30,21860,2017-02-28,2,4008000000,0.072,,,,,252000000,-0.240,245000000,-0.283,,173000000,,41.34,41.33,,,,,3710000000,2782000000,0.750,,2782000000,,,,,,,,,,,,true,false,6,2016-03-01,2016-08-31,0
2016-09-30,21860,2016-02-28,2,3737000000,0.080,,,,,332000000,0.225,342000000,0.240,,201000000,,47.85,47.81,,,,,,,,,,,,,,,,,,,,,true,false,6,2015-03-01,2015-08-31,-1
2016-09-30,21860,2017-02-28,2,8000000000,0.037,,,,,620000000,0.016,625000000,0.006,,405000000,,96.35,,,,,,,,,,,,,,,,,,,,,,true,true,12,2016-03-01,2017-02-28,0
2016-09-30,21860,2016-02-28,2,,,,,,,,,,,,,,,,,,,,3798000000,2755000000,0.725,,2755000000,,,,,,,,,,,,true,false,12,2015-03-01,2016-02-29,-1
2016-09-30,21860,2016-02-28,2,,,,,,,,,,,,,,,,,,,,,,,,,,,,,39.00,,,,4203600,51,,false,false,12,2015-03-01,2016-02-29,-1
2016-09-30,21860,2017-02-28,2,,,,,,,,,,,,,,,,,,,,,,,,,,,,,21.00,,,,,,,false,false,12,2016-03-01,2017-02-28,0
2016-09-30,21860,2017-02-28,2,,,,,,,,,,,,,,,,,,,,,,,,,,,,,42.00,,,,,,,false,true,12,2016-03-01,2017-02-28,0
2016-09-30,21860,2017-02-28,2,,,,,,,,,,,,,,,,,,,,,,,,,,,,,,,,,4203600,48951,4195677,false,false,6,2016-03-01,2016-08-31,0
2016-09-30,21860,2016-02-28,2,,,,,,,,,,,,,,,,,,,,,,,,,,,,,,,,,,,4201620,false,false,6,2015-03-01,2015-08-31,-1
2016-12-28,21860,2017-02-28,3,5901000000,0.035,,,,,362000000,-0.257,369000000,-0.260,,253000000,,60.71,60.69,,,,,3468000000,2705000000,0.780,,2705000000,,,,,,,,,,,,true,false,9,2016-03-01,2016-11-30,0
2016-12-28,21860,2016-02-28,3,5700000000,0.091,,,,,488000000,0.099,499000000,0.110,,296000000,,70.49,70.44,,,,,,,,,,,,,,,,,,,,,true,false,9,2015-03-01,2015-11-30,-1
2016-12-28,21860,2017-02-28,3,8000000000,0.037,,,,,620000000,0.016,625000000,0.006,,405000000,,96.35,,,,,,,,,,,,,,,,,,,,,,true,true,12,2016-03-01,2017-02-28,0
2016-12-28,21860,2016-02-28,3,,,,,,,,,,,,,,,,,,,,3798000000,2755000000,0.725,,2755000000,,,,,,,,,,,,true,false,12,2015-03-01,2016-02-29,-1
2016-12-28,21860,2016-02-28,3,,,,,,,,,,,,,,,,,,,,,,,,,,,,,39.00,,,,4203600,51,,false,false,12,2015-03-01,2016-02-29,-1
2016-12-28,21860,2017-02-28,3,,,,,,,,,,,,,,,,,,,,,,,,,,,,,21.00,,,,,,,false,false,12,2016-03-01,2017-02-28,0
2016-12-28,21860,2017-02-28,3,,,,,,,,,,,,,,,,,,,,,,,,,,,,,42.00,,,,,,,false,true,12,2016-03-01,2017-02-28,0
2016-12-28,21860,2017-02-28,3,,,,,,,,,,,,,,,,,,,,,,,,,,,,,,,,,4204200,103651,4175694,false,false,9,2016-03-01,2016-11-30,0
2016-12-28,21860,2016-02-28,3,,,,,,,,,,,,,,,,,,,,,,,,,,,,,,,,,,,4202274,false,false,9,2015-03-01,2015-11-30,-1
2017-04-12,21860,2017-02-28,,7914000000,0.026,,,,,493000000,-0.192,500000000,-0.195,,347000000,,83.73,83.69,0.126,0.136,0.062,,3567000000,2775000000,0.778,679.79,2775000000,219000000,94000000,-327000000,1390000000,,0.502,,,,,,true,false,12,2016-03-01,2017-02-28,0
2017-04-12,21860,2016-02-28,,7717000000,0.115,,,,,610000000,0.107,621000000,0.108,,391000000,,93.21,93.16,0.149,0.169,0.079,,3798000000,2755000000,0.725,655.52,2755000000,145000000,152000000,-577000000,1403000000,,0.418,,,,,,true,false,12,2015-03-01,2016-02-29,-1
2017-04-12,21860,2018-02-28,,4045000000,0.009,,,,,255000000,0.011,255000000,0.039,,171000000,,41.89,,,,,,,,,,,,,,,,,,,,,,true,true,6,2017-03-01,2017-08-31,1
2017-04-12,21860,2018-02-28,,8120000000,0.026,,,,,570000000,0.155,569000000,0.138,,381000000,,93.33,,,,,,,,,,,,,,,,0.482,,,,,,true,true,12,2017-03-01,2018-02-28,1
2017-04-12,21860,2017-02-28,,6781000000,0.025,,,,,446000000,-0.241,474000000,-0.208,280000000,,-0.285,67.43,67.40,,,,,3189000000,2648000000,0.831,648.84,2648000000,,,,,42.00,,,,4204600,122251,4153398,false,false,12,2016-03-01,2017-02-28,0
2017-04-12,21860,2016-02-28,,6617000000,0.046,,,,,588000000,0.196,599000000,0.192,391000000,,0.412,93.18,93.12,,,,,3472000000,2696000000,0.777,641.57,2696000000,,,,,39.00,,,,4203600,51,4202593,false,false,12,2015-03-01,2016-02-29,-1
2017-04-12,21860,2018-02-28,,3463000000,0.025,,,,,,,216000000,-0.049,145000000,,0.255,35.52,,,,,,,,,,,,,,,,,,,,,,false,true,6,2017-03-01,2017-08-31,1
2017-04-12,21860,2018-02-28,,7000000000,0.032,,,,,,,520000000,0.096,348000000,,0.243,85.25,,,,,,,,,,,,,,,45.00,,,,,,,false,true,12,2017-03-01,2018-02-28,1
2017-06-30,21860,2018-02-28,1,2076000000,0.015,,,,,158000000,0.154,159000000,0.295,,104000000,,25.53,25.52,,,,,3937000000,2793000000,0.710,,2793000000,,,,,,,,,,,,true,false,3,2017-03-01,2017-05-31,0
2017-06-30,21860,2017-02-28,1,2046000000,0.156,,,,,136000000,-0.236,122000000,-0.312,,93000000,,22.26,22.25,,,,,,,,,,,,,,,,,,,,,true,false,3,2016-03-01,2016-05-31,-1
2017-06-30,21860,2018-02-28,1,4045000000,0.009,,,,,255000000,0.011,255000000,0.039,,171000000,,41.89,,,,,,,,,,,,,,,,,,,,,,true,true,6,2017-03-01,2017-08-31,0
2017-06-30,21860,2018-02-28,1,8120000000,0.026,,,,,570000000,0.155,569000000,0.138,,381000000,,93.33,,,,,,,,,,,,,,,,,,,,,,true,true,12,2017-03-01,2018-02-28,0
2017-06-30,21860,2017-02-28,1,,,,,,,,,,,,,,,,,,,,3567000000,2775000000,0.778,,2775000000,,,,,,,,,,,,true,false,12,2016-03-01,2017-02-28,-1
2017-06-30,21860,2017-02-28,1,,,,,,,,,,,,,,,,,,,,,,,,,,,,,42.00,,,,4204600,122251,,false,false,12,2016-03-01,2017-02-28,-1
2017-06-30,21860,2018-02-28,1,,,,,,,,,,,,,,,,,,,,,,,,,,,,,45.00,,,,,,,false,true,12,2017-03-01,2018-02-28,0
2017-06-30,21860,2018-02-28,1,,,,,,,,,,,,,,,,,,,,,,,,,,,,,,,,,4204600,122251,4082349,false,false,3,2017-03-01,2017-05-31,0
2017-06-30,21860,2017-02-28,1,,,,,,,,,,,,,,,,,,,,,,,,,,,,,,,,,,,4203549,false,false,3,2016-03-01,2016-05-31,-1
,21860,2018-02-28,,,,,,,,,,,,,,,,,,,,,,,,,,,,,,12.00,,,,,,,false,true,12,2017-03-01,2018-02-28,0
,21860,2017-02-28,,,,,,,,,,,,,,,,,,,,,,,,,,,,,,42.00,,,,,,,false,false,12,2016-03-01,2017-02-28,-1
2017-09-29,21860,2018-02-28,2,4060000000,0.013,,,,,265000000,0.054,268000000,0.092,,181000000,,22.24,22.23,,,,,3766000000,2871000000,0.762,,2871000000,,,,,,,,,,,,true,false,6,2017-03-01,2017-08-31,0
2017-09-29,21860,2017-02-28,2,4008000000,0.072,,,,,252000000,-0.240,245000000,-0.283,,173000000,,20.67,20.66,,,,,,,,,,,,,,,,,,,,,true,false,6,2016-03-01,2016-08-31,-1
2017-09-29,21860,2018-02-28,2,8120000000,0.026,,,,,570000000,0.155,569000000,0.138,,381000000,,46.66,,,,,,,,,,,,,,,,,,,,,,true,true,12,2017-03-01,2018-02-28,0
2017-09-29,21860,2017-02-28,2,,,,,,,,,,,,,,,,,,,,3567000000,2775000000,0.778,,2775000000,,,,,,,,,,,,true,false,12,2016-03-01,2017-02-28,-1
2017-09-29,21860,2017-02-28,2,,,,,,,,,,,,,,,,,,,,,,,,,,,,,42.00,,,,8409200,244502,,false,false,12,2016-03-01,2017-02-28,-1
2017-09-29,21860,2018-02-28,2,,,,,,,,,,,,,,,,,,,,,,,,,,,,,24.00,,,,,,,false,false,12,2017-03-01,2018-02-28,0
2017-09-29,21860,2018-02-28,2,,,,,,,,,,,,,,,,,,,,,,,,,,,,,12.00,,,,,,,false,true,12,2017-03-01,2018-02-28,0
2017-09-29,21860,2018-02-28,2,,,,,,,,,,,,,,,,,,,,,,,,,,,,,,,,,8167498,130,8164990,false,false,6,2017-03-01,2017-08-31,0
2017-09-29,21860,2017-02-28,2,,,,,,,,,,,,,,,,,,,,,,,,,,,,,,,,,,,8391354,false,false,6,2016-03-01,2016-08-31,-1
2017-12-28,21860,2018-02-28,3,6104000000,0.035,,,,,433000000,0.193,434000000,0.176,,289000000,,35.39,35.39,,,,,3728000000,2880000000,0.773,,2880000000,,,,,,,,,,,,true,false,9,2017-03-01,2017-11-30,0
2017-12-28,21860,2017-02-28,3,5901000000,0.035,,,,,362000000,-0.257,369000000,-0.260,,253000000,,30.35,30.34,,,,,,,,,,,,,,,,,,,,,true,false,9,2016-03-01,2016-11-30,-1
2017-12-28,21860,2018-02-28,3,8120000000,0.026,,,,,570000000,0.155,569000000,0.138,,381000000,,46.66,,,,,,,,,,,,,,,,,,,,,,true,true,12,2017-03-01,2018-02-28,0
2017-12-28,21860,2017-02-28,3,,,,,,,,,,,,,,,,,,,,3567000000,2775000000,0.778,,2775000000,,,,,,,,,,,,true,false,12,2016-03-01,2017-02-28,-1
2017-12-28,21860,2017-02-28,3,,,,,,,,,,,,,,,,,,,,,,,,,,,,,42.00,,,,8409200,244502,,false,false,12,2016-03-01,2017-02-28,-1
2017-12-28,21860,2018-02-28,3,,,,,,,,,,,,,,,,,,,,,,,,,,,,,24.00,,,,,,,false,false,12,2017-03-01,2018-02-28,0
2017-12-28,21860,2018-02-28,3,,,,,,,,,,,,,,,,,,,,,,,,,,,,,12.00,,,,,,,false,true,12,2017-03-01,2018-02-28,0
2017-12-28,21860,2018-02-28,3,,,,,,,,,,,,,,,,,,,,,,,,,,,,,,,,,8167498,130,8165777,false,false,9,2017-03-01,2017-11-30,0
2017-12-28,21860,2017-02-28,3,,,,,,,,,,,,,,,,,,,,,,,,,,,,,,,,,,,8351388,false,false,9,2016-03-01,2016-11-30,-1
2018-04-11,21860,2018-02-28,,8223000000,0.039,,,,,586000000,0.187,588000000,0.176,,425000000,,52.06,52.05,0.147,0.155,0.071,,4020000000,3016000000,0.750,369.39,3016000000,540000000,-13000000,-183000000,1733000000,,0.471,,,,,,true,false,12,2017-03-01,2018-02-28,0
2018-04-11,21860,2017-02-28,,7914000000,0.026,,,,,493000000,-0.192,500000000,-0.195,,347000000,,41.86,41.85,0.126,0.136,0.062,,3567000000,2775000000,0.778,339.89,2775000000,219000000,94000000,-327000000,1390000000,,0.502,,,,,,true,false,12,2016-03-01,2017-02-28,-1
2018-04-11,21860,2019-02-28,,4078000000,0.004,,,,,267000000,0.004,274000000,0.022,,182000000,,22.28,,,,,,,,,,,,,,,,,,,,,,true,true,6,2018-03-01,2018-08-31,1
2018-04-11,21860,2019-02-28,,8350000000,0.015,,,,,625000000,0.067,632000000,0.075,,427000000,,52.28,,,,,,,,,,,,,,,,0.497,,,,,,true,true,12,2018-03-01,2019-02-28,1
2018-04-11,21860,2018-02-28,,6944000000,0.024,,,,,515000000,0.155,522000000,0.101,350000000,,0.251,42.90,42.89,,,,,3570000000,2815000000,0.789,344.76,2815000000,,,,,24.50,,,,8167498,130,8166169,false,false,12,2017-03-01,2018-02-28,0
2018-04-11,21860,2017-02-28,,6781000000,0.025,,,,,446000000,-0.241,474000000,-0.208,280000000,,-0.285,33.71,33.70,,,,,3189000000,2648000000,0.831,324.42,2648000000,,,,,21.00,,,,8409200,244502,8306796,false,false,12,2016-03-01,2017-02-28,-1
2018-04-11,21860,2019-02-28,,3494000000,0.020,,,,,,,252000000,0.163,169000000,,0.163,20.69,,,,,,,,,,,,,,,,,,,,,,false,true,6,2018-03-01,2018-08-31,1
2018-04-11,21860,2019-02-28,,7062000000,0.017,,,,,,,576000000,0.103,386000000,,0.102,47.26,,,,,,,,,,,,,,,26.00,,,,,,,false,true,12,2018-03-01,2019-02-28,1
2018-06-29,21860,2019-02-28,1,2062000000,-0.007,,,,,165000000,0.045,165000000,0.039,,108000000,,13.25,,,,,,4152000000,3023000000,0.728,,3023000000,,,,,,,,,,,,true,false,3,2018-03-01,2018-05-31,0
2018-06-29,21860,2018-02-28,1,2076000000,0.015,,,,,158000000,0.154,159000000,0.295,,104000000,,12.76,12.76,,,,,,,,,,,,,,,,,,,,,true,false,3,2017-03-01,2017-05-31,-1
2018-06-29,21860,2019-02-28,1,4078000000,0.004,,,,,267000000,0.004,274000000,0.022,,182000000,,22.28,,,,,,,,,,,,,,,,,,,,,,true,true,6,2018-03-01,2018-08-31,0
2018-06-29,21860,2019-02-28,1,8350000000,0.015,,,,,625000000,0.067,632000000,0.075,,427000000,,52.28,,,,,,,,,,,,,,,,,,,,,,true,true,12,2018-03-01,2019-02-28,0
2018-06-29,21860,2018-02-28,1,,,,,,,,,,,,,,,,,,,,4020000000,3016000000,0.750,,3016000000,,,,,,,,,,,,true,false,12,2017-03-01,2018-02-28,-1
2018-06-29,21860,2018-02-28,1,,,,,,,,,,,,,,,,,,,,,,,,,,,,,24.50,,,,8167498,130,,false,false,12,2017-03-01,2018-02-28,-1
2018-06-29,21860,2019-02-28,1,,,,,,,,,,,,,,,,,,,,,,,,,,,,,26.00,,,,,,,false,true,12,2018-03-01,2019-02-28,0
2018-06-29,21860,2019-02-28,1,,,,,,,,,,,,,,,,,,,,,,,,,,,,,,,,,8167498,130,8167368,false,false,3,2018-03-01,2018-05-31,0
2018-06-29,21860,2018-02-28,1,,,,,,,,,,,,,,,,,,,,,,,,,,,,,,,,,,,8164698,false,false,3,2017-03-01,2017-05-31,-1
2018-09-28,21860,2019-02-28,2,4046000000,-0.004,,,,,283000000,0.065,292000000,0.093,,194000000,,23.75,,,,,,4005000000,3108000000,0.776,,3108000000,,,,,,,,,,,,true,false,6,2018-03-01,2018-08-31,0
2018-09-28,21860,2018-02-28,2,4060000000,0.013,,,,,265000000,0.054,268000000,0.092,,181000000,,22.24,22.23,,,,,,,,,,,,,,,,,,,,,true,false,6,2017-03-01,2017-08-31,-1
2018-09-28,21860,2019-02-28,2,8350000000,0.015,,,,,625000000,0.067,632000000,0.075,,427000000,,52.28,,,,,,,,,,,,,,,,,,,,,,true,true,12,2018-03-01,2019-02-28,0
2018-09-28,21860,2018-02-28,2,,,,,,,,,,,,,,,,,,,,4020000000,3016000000,0.750,,3016000000,,,,,,,,,,,,true,false,12,2017-03-01,2018-02-28,-1
2018-09-28,21860,2018-02-28,2,,,,,,,,,,,,,,,,,,,,,,,,,,,,,12.50,,,,8167498,130,,false,false,12,2017-03-01,2018-02-28,-1
2018-09-28,21860,2019-02-28,2,,,,,,,,,,,,,,,,,,,,,,,,,,,,,13.00,,,,,,,false,false,12,2018-03-01,2019-02-28,0
2018-09-28,21860,2019-02-28,2,,,,,,,,,,,,,,,,,,,,,,,,,,,,,26.00,,,,,,,false,true,12,2018-03-01,2019-02-28,0
2018-09-28,21860,2019-02-28,2,,,,,,,,,,,,,,,,,,,,,,,,,,,,,,,,,8167498,130,8167368,false,false,6,2018-03-01,2018-08-31,0
2018-09-28,21860,2018-02-28,2,,,,,,,,,,,,,,,,,,,,,,,,,,,,,,,,,,,8164990,false,false,6,2017-03-01,2017-08-31,-1
2018-12-28,21860,2019-02-28,3,6099000000,-0.001,,,,,438000000,0.014,449000000,0.032,,295000000,,36.16,,,,,,3911000000,3103000000,0.794,,3103000000,,,,,,,,,,,,true,false,9,2018-03-01,2018-11-30,0
2018-12-28,21860,2018-02-28,3,6104000000,0.035,,,,,433000000,0.193,434000000,0.176,,289000000,,35.39,35.39,,,,,,,,,,,,,,,,,,,,,true,false,9,2017-03-01,2017-11-30,-1
2018-12-28,21860,2019-02-28,3,8350000000,0.015,,,,,625000000,0.067,632000000,0.075,,427000000,,52.28,,,,,,,,,,,,,,,,,,,,,,true,true,12,2018-03-01,2019-02-28,0
2018-12-28,21860,2018-02-28,3,,,,,,,,,,,,,,,,,,,,4020000000,3016000000,0.750,,3016000000,,,,,,,,,,,,true,false,12,2017-03-01,2018-02-28,-1
2018-12-28,21860,2018-02-28,3,,,,,,,,,,,,,,,,,,,,,,,,,,,,,12.50,,,,8167498,130,,false,false,12,2017-03-01,2018-02-28,-1
2018-12-28,21860,2019-02-28,3,,,,,,,,,,,,,,,,,,,,,,,,,,,,,13.00,,,,,,,false,false,12,2018-03-01,2019-02-28,0
2018-12-28,21860,2019-02-28,3,,,,,,,,,,,,,,,,,,,,,,,,,,,,,26.00,,,,,,,false,true,12,2018-03-01,2019-02-28,0
2018-12-28,21860,2019-02-28,3,,,,,,,,,,,,,,,,,,,,,,,,,,,,,,,,,8167498,136,8167366,false,false,9,2018-03-01,2018-11-30,0
2018-12-28,21860,2018-02-28,3,,,,,,,,,,,,,,,,,,,,,,,,,,,,,,,,,,,8165777,false,false,9,2017-03-01,2017-11-30,-1
2019-04-10,21860,2019-02-28,,8190000000,-0.004,,,,,621000000,0.060,631000000,0.074,,417000000,,51.16,,0.134,0.154,0.076,,4161000000,3226000000,0.775,395.05,3226000000,343000000,-6000000,-207000000,1863000000,,0.528,,,,,,true,false,12,2018-03-01,2019-02-28,0
2019-04-10,21860,2018-02-28,,8223000000,0.039,,,,,586000000,0.187,588000000,0.176,,425000000,,52.06,52.05,0.147,0.155,0.071,,4020000000,3016000000,0.750,369.39,3016000000,540000000,-13000000,-183000000,1733000000,,0.471,,,,,,true,false,12,2017-03-01,2018-02-28,-1
2019-04-10,21860,2020-02-28,,4106000000,0.015,,,,,306000000,0.080,316000000,0.079,,227000000,,27.79,,,,,,,,,,,,,,,,,,,,,,true,true,6,2019-03-01,2019-08-31,1
2019-04-10,21860,2020-02-28,,8196000000,0.001,,,,,630000000,0.014,642000000,0.016,,460000000,,56.32,,,,,,,,,,,,,,,,0.533,,,,,,true,true,12,2019-03-01,2020-02-29,1
2019-04-10,21860,2019-02-28,,6891000000,-0.008,,,,,522000000,0.015,536000000,0.027,355000000,,0.014,43.50,,,,,,3596000000,2962000000,0.824,362.75,2962000000,,,,,27.00,,,,8167498,175,8167364,false,false,12,2018-03-01,2019-02-28,0
2019-04-10,21860,2018-02-28,,6944000000,0.024,,,,,515000000,0.155,522000000,0.101,350000000,,0.251,42.90,42.89,,,,,3570000000,2815000000,0.789,344.76,2815000000,,,,,12.50,,,,8167498,130,8166169,false,false,12,2017-03-01,2018-02-28,-1
2019-04-10,21860,2020-02-28,,3421000000,-0.011,,,,,,,280000000,0.151,188000000,,0.139,23.02,,,,,,,,,,,,,,,,,,,,,,false,true,6,2019-03-01,2019-08-31,1
2019-04-10,21860,2020-02-28,,6856000000,-0.005,,,,,,,595000000,0.109,399000000,,0.123,48.85,,,,,,,,,,,,,,,30.00,,,,,,,false,true,12,2019-03-01,2020-02-29,1
2019-06-28,21860,2020-02-29,1,2085000000,0.011,,,,,193000000,0.173,192000000,0.163,,122000000,,15.10,,,,,,4210000000,3013000000,0.716,,3013000000,,,,,,,,,,,,true,false,3,2019-03-01,2019-05-31,0
2019-06-28,21860,2019-02-28,1,2062000000,-0.007,,,,,165000000,0.045,165000000,0.039,,108000000,,13.25,,,,,,,,,,,,,,,,,,,,,,true,false,3,2018-03-01,2018-05-31,-1
2019-06-28,21860,2020-02-29,1,4106000000,0.015,,,,,306000000,0.080,316000000,0.079,,227000000,,27.79,,,,,,,,,,,,,,,,,,,,,,true,true,6,2019-03-01,2019-08-31,0
2019-06-28,21860,2020-02-29,1,8196000000,0.001,,,,,630000000,0.014,642000000,0.016,,460000000,,56.32,,,,,,,,,,,,,,,,,,,,,,true,true,12,2019-03-01,2020-02-29,0
2019-06-28,21860,2019-02-28,1,,,,,,,,,,,,,,,,,,,,4148000000,3226000000,0.778,,3226000000,,,,,,,,,,,,true,false,12,2018-03-01,2019-02-28,-1
2019-06-28,21860,2019-02-28,1,,,,,,,,,,,,,,,,,,,,,,,,,,,,,27.00,,,,8167498,175,,false,false,12,2018-03-01,2019-02-28,-1
2019-06-28,21860,2020-02-29,1,,,,,,,,,,,,,,,,,,,,,,,,,,,,,30.00,,,,,,,false,true,12,2019-03-01,2020-02-29,0
2019-06-28,21860,2020-02-29,1,,,,,,,,,,,,,,,,,,,,,,,,,,,,,,,,,8167498,197515,8100015,false,false,3,2019-03-01,2019-05-31,0
2019-06-28,21860,2019-02-28,1,,,,,,,,,,,,,,,,,,,,,,,,,,,,,,,,,,,8167368,false,false,3,2018-03-01,2018-05-31,-1
2019-09-30,21860,2020-02-29,2,4157000000,0.028,,,,,363000000,0.283,373000000,0.276,,240000000,,30.00,,,,,,4144000000,3010000000,0.726,,3010000000,,,,,,,,,,,,true,false,6,2019-03-01,2019-08-31,0
2019-09-30,21860,2019-02-28,2,4046000000,-0.004,,,,,283000000,0.065,292000000,0.093,,194000000,,23.75,,,,,,,,,,,,,,,,,,,,,,true,false,6,2018-03-01,2018-08-31,-1
2019-09-30,21860,2020-02-29,2,8196000000,0.001,,,,,630000000,0.014,642000000,0.016,,460000000,,56.32,,,,,,,,,,,,,,,,,,,,,,true,true,12,2019-03-01,2020-02-29,0
2019-09-30,21860,2019-02-28,2,,,,,,,,,,,,,,,,,,,,4148000000,3226000000,0.778,,3226000000,,,,,,,,,,,,true,false,12,2018-03-01,2019-02-28,-1
2019-09-30,21860,2019-02-28,2,,,,,,,,,,,,,,,,,,,,,,,,,,,,,27.00,,,,8167498,175,,false,false,12,2018-03-01,2019-02-28,-1
2019-09-30,21860,2020-02-29,2,,,,,,,,,,,,,,,,,,,,,,,,,,,,,15.00,,,,,,,false,false,12,2019-03-01,2020-02-29,0
2019-09-30,21860,2020-02-29,2,,,,,,,,,,,,,,,,,,,,,,,,,,,,,30.00,,,,,,,false,true,12,2019-03-01,2020-02-29,0
2019-09-30,21860,2020-02-29,2,,,,,,,,,,,,,,,,,,,,,,,,,,,,,,,,,8167498,300215,8000727,false,false,6,2019-03-01,2019-08-31,0
2019-09-30,21860,2019-02-28,2,,,,,,,,,,,,,,,,,,,,,,,,,,,,,,,,,,,8167368,false,false,6,2018-03-01,2018-08-31,-1
2019-12-27,21860,2020-02-29,3,6146000000,0.008,,,,,539000000,0.229,549000000,0.225,,351000000,,44.13,,,,,,4012000000,3003000000,0.749,,3003000000,,,,,,,,,,,,true,false,9,2019-03-01,2019-11-30,0
2019-12-27,21860,2019-02-28,3,6099000000,-0.001,,,,,438000000,0.014,449000000,0.032,,295000000,,36.16,,,,,,,,,,,,,,,,,,,,,,true,false,9,2018-03-01,2018-11-30,-1
2019-12-27,21860,2020-02-29,3,8196000000,0.001,,,,,630000000,0.014,642000000,0.016,,460000000,,56.32,,,,,,,,,,,,,,,,,,,,,,true,true,12,2019-03-01,2020-02-29,0
2019-12-27,21860,2019-02-28,3,,,,,,,,,,,,,,,,,,,,4148000000,3226000000,0.778,,3226000000,,,,,,,,,,,,true,false,12,2018-03-01,2019-02-28,-1
2019-12-27,21860,2019-02-28,3,,,,,,,,,,,,,,,,,,,,,,,,,,,,,27.00,,,,8167498,175,,false,false,12,2018-03-01,2019-02-28,-1
2019-12-27,21860,2020-02-29,3,,,,,,,,,,,,,,,,,,,,,,,,,,,,,15.00,,,,,,,false,false,12,2019-03-01,2020-02-29,0
2019-12-27,21860,2020-02-29,3,,,,,,,,,,,,,,,,,,,,,,,,,,,,,30.00,,,,,,,false,true,12,2019-03-01,2020-02-29,0
2019-12-27,21860,2020-02-29,3,,,,,,,,,,,,,,,,,,,,,,,,,,,,,,,,,8167498,300215,7956569,false,false,9,2019-03-01,2019-11-30,0
2019-12-27,21860,2019-02-28,3,,,,,,,,,,,,,,,,,,,,,,,,,,,,,,,,,,,8167366,false,false,9,2018-03-01,2018-11-30,-1
2020-04-10,21860,2020-02-29,,8344000000,0.019,,,,,633000000,0.020,645000000,0.022,,436000000,,54.97,,0.138,0.152,0.076,,4327000000,3088000000,0.714,392.59,3088000000,909000000,-21000000,-573000000,2178000000,,0.546,,,,,,true,false,12,2019-03-01,2020-02-29,0
2020-04-10,21860,2019-02-28,,8190000000,-0.004,,,,,621000000,0.060,631000000,0.074,,417000000,,51.16,,0.134,0.155,0.076,,4148000000,3226000000,0.778,395.05,3226000000,343000000,-6000000,-207000000,1863000000,,0.528,,,,,,true,false,12,2018-03-01,2019-02-28,-1
2020-04-10,21860,2021-02-28,,4047000000,-0.027,,,,,283000000,-0.222,293000000,-0.216,,202000000,,25.68,,,,,,,,,,,,,,,,,,,,,,true,true,6,2020-03-01,2020-08-31,1
2020-04-10,21860,2021-02-28,,8354000000,0.001,,,,,640000000,0.010,649000000,0.005,,443000000,,56.31,,,,,,,,,,,,,,,,0.568,,,,,,true,true,12,2020-03-01,2021-02-28,1
2020-04-10,21860,2020-02-29,,6833000000,-0.008,,,,,544000000,0.042,560000000,0.044,391000000,,0.101,49.29,,,,,,3701000000,2779000000,0.751,353.33,2779000000,,,,,30.00,,,,8167498,300215,7934369,false,false,12,2019-03-01,2020-02-29,0
2020-04-10,21860,2019-02-28,,6891000000,-0.008,,,,,522000000,0.015,536000000,0.027,355000000,,0.014,43.50,,,,,,3596000000,2962000000,0.824,362.75,2962000000,,,,,27.00,,,,8167498,175,8167364,false,false,12,2018-03-01,2019-02-28,-1
2020-04-10,21860,2021-02-28,,3335000000,-0.018,,,,,,,256000000,-0.085,177000000,,-0.042,22.50,,,,,,,,,,,,,,,,,,,,,,false,true,6,2020-03-01,2020-08-31,1
2020-04-10,21860,2021-02-28,,6886000000,0.008,,,,,,,567000000,0.012,392000000,,0.002,49.83,,,,,,,,,,,,,,,32.00,,,,,,,false,true,12,2020-03-01,2021-02-28,1
2020-06-30,21860,2021-02-28,1,1887000000,-0.095,,,,,142000000,-0.267,143000000,-0.255,,84000000,,10.70,,,,,,4382000000,3056000000,0.697,,3054000000,,,,,,,,,,,,true,false,3,2020-03-01,2020-05-31,0
2020-06-30,21860,2020-02-28,1,2085000000,0.011,,,,,193000000,0.173,192000000,0.163,,122000000,,15.10,,,,,,,,,,,,,,,,,,,,,,true,false,3,2019-03-01,2019-05-31,-1
2020-06-30,21860,2020-02-28,1,,,,,,,,,,,,,,,,,,,,4327000000,3088000000,0.714,,3088000000,,,,,,,,,,,,true,false,12,2019-03-01,2020-02-29,-1
2020-06-30,21860,2020-02-28,1,,,,,,,,,,,,,,,,,,,,,,,,,,,,,30.00,,,,8167498,300215,,false,false,12,2019-03-01,2020-02-29,-1
2020-06-30,21860,2021-02-28,1,,,,,,,,,,,,,,,,,,,,,,,,,,,,,32.00,,,,,,,false,true,12,2020-03-01,2021-02-28,0
2020-06-30,21860,2021-02-28,1,,,,,,,,,,,,,,,,,,,,,,,,,,,,,,,,,8167498,300215,7867283,false,false,3,2020-03-01,2020-05-31,0
2020-06-30,21860,2020-02-28,1,,,,,,,,,,,,,,,,,,,,,,,,,,,,,,,,,,,8100015,false,false,3,2019-03-01,2019-05-31,-1
2020-06-30,21860,2021-02-28,,4047000000,,,,,,283000000,,293000000,,,202000000,,25.68,,,,,,,,,,,,,,,,,,,,,,true,true,6,2020-03-01,2020-08-31,0
2020-06-30,21860,2020-02-28,,4157000000,,,,,,363000000,,373000000,,,240000000,,30.00,,,,,,,,,,,,,,,,,,,,,,true,false,6,2019-03-01,2019-08-31,-1
2020-06-30,21860,2021-02-28,,8354000000,,,,,,640000000,,649000000,,,443000000,,56.31,,,,,,,,,,,,,,,,,,,,,,true,true,12,2020-03-01,2021-02-28,0
2020-06-30,21860,2020-02-28,,8344000000,,,,,,633000000,,645000000,,,436000000,,54.97,,,,,,,,,,,,,,,,,,,,,,true,false,12,2019-03-01,2020-02-29,-1
2020-06-30,21860,2021-02-28,,3335000000,,,,,,,,256000000,,177000000,,,22.50,,,,,,,,,,,,,,,,,,,,,,false,true,6,2020-03-01,2020-08-31,0
2020-06-30,21860,2020-02-28,,3396000000,,,,,,,,279000000,,184000000,,,23.10,,,,,,,,,,,,,,,,,,,,,,false,false,6,2019-03-01,2019-08-31,-1
2020-06-30,21860,2021-02-28,,6886000000,,,,,,,,567000000,,392000000,,,49.83,,,,,,,,,,,,,,,,,,,,,,false,true,12,2020-03-01,2021-02-28,0
2020-06-30,21860,2020-02-28,,6833000000,,,,,,,,560000000,,391000000,,,49.29,,,,,,,,,,,,,,,,,,,,,,false,false,12,2019-03-01,2020-02-29,-1
2020-07-08,21860,2021-02-28,,3660000000,,,,,,70000000,,190000000,,,115000000,,14.62,,,,,,,,,,,,,,,,,,,,,,true,true,6,2020-03-01,2020-08-31,0
2020-07-08,21860,2020-02-28,,4157000000,,,,,,363000000,,373000000,,,240000000,,30.00,,,,,,,,,,,,,,,,,,,,,,true,false,6,2019-03-01,2019-08-31,-1
2020-07-08,21860,2021-02-28,,7700000000,,,,,,200000000,,400000000,,,240000000,,30.51,,,,,,,,,,,,,,,,,,,,,,true,true,12,2020-03-01,2021-02-28,0
2020-07-08,21860,2020-02-28,,8344000000,,,,,,633000000,,645000000,,,436000000,,54.97,,,,,,,,,,,,,,,,,,,,,,true,false,12,2019-03-01,2020-02-29,-1
2020-07-08,21860,2021-02-28,,3000000000,,,,,,,,120000000,,80000000,,,10.17,,,,,,,,,,,,,,,,,,,,,,false,true,6,2020-03-01,2020-08-31,0
2020-07-08,21860,2020-02-28,,3396000000,,,,,,,,279000000,,184000000,,,23.10,,,,,,,,,,,,,,,,,,,,,,false,false,6,2019-03-01,2019-08-31,-1
2020-07-08,21860,2021-02-28,,6300000000,,,,,,,,300000000,,200000000,,,25.42,,,,,,,,,,,,,,,,,,,,,,false,true,12,2020-03-01,2021-02-28,0
2020-07-08,21860,2020-02-28,,6833000000,,,,,,,,560000000,,391000000,,,49.29,,,,,,,,,,,,,,,,,,,,,,false,false,12,2019-03-01,2020-02-29,-1
2020-09-30,21860,2021-02-28,2,3645000000,-0.123,,,,,142000000,-0.607,257000000,-0.311,,152000000,,19.37,,,,,,4078000000,3127000000,0.766,,3122000000,,,,,,,,,,,,true,false,6,2020-03-01,2020-08-31,0
2020-09-30,21860,2020-02-28,2,4157000000,0.028,,,,,363000000,0.283,373000000,0.276,,240000000,,30.00,,,,,,,,,,,,,,,,,,,,,,true,false,6,2019-03-01,2019-08-31,-1
2020-09-30,21860,2021-02-28,2,7700000000,-0.077,,,,,200000000,-0.684,400000000,-0.381,,240000000,,30.51,,,,,,,,,,,,,,,,,,,,,,true,true,12,2020-03-01,2021-02-28,0
2020-09-30,21860,2020-02-28,2,,,,,,,,,,,,,,,,,,,,4327000000,3088000000,0.714,,3088000000,,,,,,,,,,,,true,false,12,2019-03-01,2020-02-29,-1
2020-09-30,21860,2020-02-28,2,,,,,,,,,,,,,,,,,,,,,,,,,,,,,30.00,,,,8167498,300215,,false,false,12,2019-03-01,2020-02-29,-1
2020-09-30,21860,2021-02-28,2,,,,,,,,,,,,,,,,,,,,,,,,,,,,,16.00,,,,,,,false,false,12,2020-03-01,2021-02-28,0
2020-09-30,21860,2021-02-28,2,,,,,,,,,,,,,,,,,,,,,,,,,,,,,32.00,,,,,,,false,true,12,2020-03-01,2021-02-28,0
2020-09-30,21860,2021-02-28,2,,,,,,,,,,,,,,,,,,,,,,,,,,,,,,,,,8167498,300215,7867283,false,false,6,2020-03-01,2020-08-31,0
2020-09-30,21860,2020-02-28,2,,,,,,,,,,,,,,,,,,,,,,,,,,,,,,,,,,,8000727,false,false,6,2019-03-01,2019-08-31,-1
2020-12-25,21860,2021-02-28,3,5549000000,-0.097,,,,,181000000,-0.663,410000000,-0.253,,255000000,,32.46,,,,,,3976000000,3106000000,0.780,,3100000000,,,,,,,,,,,,true,false,9,2020-03-01,2020-11-30,0
2020-12-25,21860,2020-02-28,3,6146000000,0.008,,,,,539000000,0.229,549000000,0.225,,351000000,,44.13,,,,,,,,,,,,,,,,,,,,,,true,false,9,2019-03-01,2019-11-30,-1
2020-12-25,21860,2021-02-28,3,7700000000,-0.077,,,,,200000000,-0.684,400000000,-0.381,,240000000,,30.51,,,,,,,,,,,,,,,,,,,,,,true,true,12,2020-03-01,2021-02-28,0
2020-12-25,21860,2020-02-28,3,,,,,,,,,,,,,,,,,,,,4327000000,3088000000,0.714,,3088000000,,,,,,,,,,,,true,false,12,2019-03-01,2020-02-29,-1
2020-12-25,21860,2020-02-28,3,,,,,,,,,,,,,,,,,,,,,,,,,,,,,30.00,,,,8167498,300215,,false,false,12,2019-03-01,2020-02-29,-1
2020-12-25,21860,2021-02-28,3,,,,,,,,,,,,,,,,,,,,,,,,,,,,,16.00,,,,,,,false,false,12,2020-03-01,2021-02-28,0
2020-12-25,21860,2021-02-28,3,,,,,,,,,,,,,,,,,,,,,,,,,,,,,32.00,,,,,,,false,true,12,2020-03-01,2021-02-28,0
2020-12-25,21860,2021-02-28,3,,,,,,,,,,,,,,,,,,,,,,,,,,,,,,,,,8167498,300215,7867283,false,false,9,2020-03-01,2020-11-30,0
2020-12-25,21860,2020-02-28,3,,,,,,,,,,,,,,,,,,,,,,,,,,,,,,,,,,,7956569,false,false,9,2019-03-01,2019-11-30,-1
2021-04-12,21860,2021-02-28,,7531000000,-0.097,,,,,251000000,-0.603,557000000,-0.137,,378000000,,48.12,,0.120,0.129,0.033,,4283000000,3231000000,0.752,409.71,3223000000,369000000,-13000000,-242000000,2292000000,,0.665,,,,,,true,false,12,2020-03-01,2021-02-28,0
2021-04-12,21860,2020-02-28,,8344000000,0.019,,,,,633000000,0.020,645000000,0.022,,436000000,,54.97,,0.138,0.152,0.076,,4327000000,3088000000,0.714,392.59,3088000000,909000000,-21000000,-573000000,2178000000,,0.546,,,,,,true,false,12,2019-03-01,2020-02-29,-1
2021-04-12,21860,2022-02-28,,3950000000,0.084,,,,,226000000,0.581,246000000,-0.044,,154000000,,19.57,,,,,,,,,,,,,,,,,,,,,,true,true,6,2021-03-01,2021-08-31,1
2021-04-12,21860,2022-02-28,,8100000000,0.075,,,,,580000000,1.304,600000000,0.076,,376000000,,47.79,,,,,,,,,,,,,,,,0.691,,,,,,true,true,12,2021-03-01,2022-02-28,1
2021-04-12,21860,2020-02-28,,,,,,,,,,,,,,,,,,,,,,,,,,,,,,30.00,,,,8167498,300215,7934369,false,false,12,2019-03-01,2020-02-29,-1
2021-04-12,21860,2021-02-28,,,,,,,,,,,,,,,,,,,,,,,,,,,,,,32.00,,,,8167498,300215,7867283,false,false,12,2020-03-01,2021-02-28,0
2021-04-12,21860,2022-02-28,,,,,,,,,,,,,,,,,,,,,,,,,,,,,,33.00,,,,,,,false,true,12,2021-03-01,2022-02-28,1
2021-06-30,21860,2022-02-28,1,2043000000,0.083,,,,,169000000,0.193,193000000,0.352,,125000000,,15.96,,,,,,4494000000,3232000000,0.717,,3223000000,,,,,,,,,,,,true,false,3,2021-03-01,2021-05-31,0
2021-06-30,21860,2021-02-28,1,1887000000,-0.095,,,,,142000000,-0.267,143000000,-0.255,,84000000,,10.70,,,,,,,,,,,,,,,,,,,,,,true,false,3,2020-03-01,2020-05-31,-1
2021-06-30,21860,2022-02-28,1,3950000000,0.084,,,,,226000000,0.581,246000000,-0.044,,154000000,,19.57,,,,,,,,,,,,,,,,,,,,,,true,true,6,2021-03-01,2021-08-31,0
2021-06-30,21860,2022-02-28,1,8100000000,0.075,,,,,580000000,1.304,600000000,0.076,,376000000,,47.79,,,,,,,,,,,,,,,,,,,,,,true,true,12,2021-03-01,2022-02-28,0
2021-06-30,21860,2021-02-28,1,,,,,,,,,,,,,,,,,,,,4283000000,3231000000,0.752,,3223000000,,,,,,,,,,,,true,false,12,2020-03-01,2021-02-28,-1
2021-06-30,21860,2021-02-28,1,,,,,,,,,,,,,,,,,,,,,,,,,,,,,32.00,,,,8167498,300215,,false,false,12,2020-03-01,2021-02-28,-1
2021-06-30,21860,2022-02-28,1,,,,,,,,,,,,,,,,,,,,,,,,,,,,,33.00,,,,,,,false,true,12,2021-03-01,2022-02-28,0
2021-06-30,21860,2022-02-28,1,,,,,,,,,,,,,,,,,,,,,,,,,,,,,,,,,8167498,300215,7867283,false,false,3,2021-03-01,2021-05-31,0
2021-06-30,21860,2021-02-28,1,,,,,,,,,,,,,,,,,,,,,,,,,,,,,,,,,,,7867283,false,false,3,2020-03-01,2020-05-31,-1
2021-09-30,21860,2022-02-28,2,4027000000,0.105,,,,,290000000,1.033,318000000,0.238,,208000000,,26.52,,,,,,4334000000,3317000000,0.763,,3306000000,,,,,,,,,,,,true,false,6,2021-03-01,2021-08-31,0
2021-09-30,21860,2021-02-28,2,3645000000,-0.123,,,,,142000000,-0.607,257000000,-0.311,,152000000,,19.37,,,,,,,,,,,,,,,,,,,,,,true,false,6,2020-03-01,2020-08-31,-1
2021-09-30,21860,2022-02-28,2,8100000000,0.075,,,,,580000000,1.304,600000000,0.076,,376000000,,47.79,,,,,,,,,,,,,,,,,,,,,,true,true,12,2021-03-01,2022-02-28,0
2021-09-30,21860,2021-02-28,2,,,,,,,,,,,,,,,,,,,,4283000000,3231000000,0.752,,3223000000,,,,,,,,,,,,true,false,12,2020-03-01,2021-02-28,-1
2021-09-30,21860,2021-02-28,2,,,,,,,,,,,,,,,,,,,,,,,,,,,,,32.00,,,,8167498,300215,,false,false,12,2020-03-01,2021-02-28,-1
2021-09-30,21860,2022-02-28,2,,,,,,,,,,,,,,,,,,,,,,,,,,,,,16.00,,,,,,,false,false,12,2021-03-01,2022-02-28,0
2021-09-30,21860,2022-02-28,2,,,,,,,,,,,,,,,,,,,,,,,,,,,,,33.00,,,,,,,false,true,12,2021-03-01,2022-02-28,0
2021-09-30,21860,2022-02-28,2,,,,,,,,,,,,,,,,,,,,,,,,,,,,,,,,,8167498,300215,7867283,false,false,6,2021-03-01,2021-08-31,0
2021-09-30,21860,2021-02-28,2,,,,,,,,,,,,,,,,,,,,,,,,,,,,,,,,,,,7867283,false,false,6,2020-03-01,2020-08-31,-1
2021-12-28,21860,2022-02-28,3,6050000000,0.090,,,,,460000000,1.536,488000000,0.190,,321000000,,40.82,,,,,,4301000000,3306000000,0.765,,3292000000,,,,,,,,,,,,true,false,9,2021-03-01,2021-11-30,0
2021-12-28,21860,2021-02-28,3,5549000000,-0.097,,,,,181000000,-0.663,410000000,-0.253,,255000000,,32.46,,,,,,,,,,,,,,,,,,,,,,true,false,9,2020-03-01,2020-11-30,-1
2021-12-28,21860,2022-02-28,3,8100000000,0.075,,,,,580000000,1.304,600000000,0.076,,376000000,,47.79,,,,,,,,,,,,,,,,,,,,,,true,true,12,2021-03-01,2022-02-28,0
2021-12-28,21860,2021-02-28,3,,,,,,,,,,,,,,,,,,,,4283000000,3231000000,0.752,,3223000000,,,,,,,,,,,,true,false,12,2020-03-01,2021-02-28,-1
2021-12-28,21860,2021-02-28,3,,,,,,,,,,,,,,,,,,,,,,,,,,,,,32.00,,,,8167498,300215,,false,false,12,2020-03-01,2021-02-28,-1
2021-12-28,21860,2022-02-28,3,,,,,,,,,,,,,,,,,,,,,,,,,,,,,16.00,,,,,,,false,false,12,2021-03-01,2022-02-28,0
2021-12-28,21860,2022-02-28,3,,,,,,,,,,,,,,,,,,,,,,,,,,,,,33.00,,,,,,,false,true,12,2021-03-01,2022-02-28,0
2021-12-28,21860,2022-02-28,3,,,,,,,,,,,,,,,,,,,,,,,,,,,,,,,16.00,1.00,8167498,300215,7867283,false,false,9,2021-03-01,2021-11-30,0
2021-12-28,21860,2021-02-28,3,,,,,,,,,,,,,,,,,,,,,,,,,,,,,,,,,,,7867283,false,false,9,2020-03-01,2020-11-30,-1
2022-04-12,21860,2022-02-28,,8163000000,0.084,,,,,603000000,1.397,637000000,0.144,,447000000,,56.84,,0.135,0.143,0.074,,4649000000,3433000000,0.735,434.55,3418000000,430000000,-10000000,-250000000,2461000000,,0.581,,,,,,true,false,12,2021-03-01,2022-02-28,0
2022-04-12,21860,2021-02-28,,7531000000,-0.097,,,,,251000000,-0.603,557000000,-0.137,,378000000,,48.12,,0.120,0.129,0.033,,4283000000,3231000000,0.752,409.71,3223000000,369000000,-13000000,-242000000,2292000000,,0.665,,,,,,true,false,12,2020-03-01,2021-02-28,-1
2022-04-12,21860,2023-02-28,,4160000000,0.033,,,,,290000000,-0.002,300000000,-0.059,,200000000,,25.42,,,,,,,,,,,,,,,,,,,,,,true,true,6,2022-03-01,2022-08-31,1
2022-04-12,21860,2023-02-28,,8420000000,0.031,,,,,630000000,0.044,640000000,0.003,,420000000,,53.39,,,,,,,,,,,,,,,,0.618,,,,,,true,true,12,2022-03-01,2023-02-28,1
2022-04-12,21860,2021-02-28,,,,,,,,,,,,,,,,,,,,,,,,,,,,,,32.00,,,,8167498,300215,7867283,false,false,12,2020-03-01,2021-02-28,-1
2022-04-12,21860,2022-02-28,,,,,,,,,,,,,,,,,,,,,,,,,,,,,,33.00,,,,8167498,300241,7867277,false,false,12,2021-03-01,2022-02-28,0
2022-04-12,21860,2023-02-28,,,,,,,,,,,,,,,,,,,,,,,,,,,,,,33.00,,,,,,,false,true,12,2022-03-01,2023-02-28,1
2022-06-30,21860,2023-02-28,1,2088000000,0.022,,,,,216000000,0.280,216000000,0.121,,143000000,,18.26,,,,,,4809000000,3503000000,0.725,,3486000000,,,,,,,,,,,,true,false,3,2022-03-01,2022-05-31,0
2022-06-30,21860,2022-02-28,1,2043000000,0.083,,,,,169000000,0.193,193000000,0.352,,125000000,,15.96,,,,,,,,,,,,,,,,,,,,,,true,false,3,2021-03-01,2021-05-31,-1
2022-06-30,21860,2023-02-28,1,4160000000,0.033,,,,,290000000,-0.002,300000000,-0.059,,200000000,,25.42,,,,,,,,,,,,,,,,,,,,,,true,true,6,2022-03-01,2022-08-31,0
2022-06-30,21860,2023-02-28,1,8420000000,0.031,,,,,630000000,0.044,640000000,0.003,,420000000,,53.39,,,,,,,,,,,,,,,,,,,,,,true,true,12,2022-03-01,2023-02-28,0
2022-06-30,21860,2022-02-28,1,,,,,,,,,,,,,,,,,,,,4649000000,3433000000,0.735,,3418000000,,,,,,,,,,,,true,false,12,2021-03-01,2022-02-28,-1
2022-06-30,21860,2022-02-28,1,,,,,,,,,,,,,,,,,,,,,,,,,,,,,33.00,,,,8167498,300241,,false,false,12,2021-03-01,2022-02-28,-1
2022-06-30,21860,2023-02-28,1,,,,,,,,,,,,,,,,,,,,,,,,,,,,,33.00,,,,,,,false,true,12,2022-03-01,2023-02-28,0
2022-06-30,21860,2023-02-28,1,,,,,,,,,,,,,,,,,,,,,,,,,,,,,,,,,8167498,300241,7867257,false,false,3,2022-03-01,2022-05-31,0
2022-06-30,21860,2022-02-28,1,,,,,,,,,,,,,,,,,,,,,,,,,,,,,,,,,,,7867283,false,false,3,2021-03-01,2021-05-31,-1
2022-09-30,21860,2023-02-28,2,4200000000,0.043,,,,,454000000,0.563,455000000,0.429,,549000000,,69.82,,,,,,5058000000,3906000000,0.769,,3891000000,,,,,,,,,,,,true,false,6,2022-03-01,2022-08-31,0
2022-09-30,21860,2022-02-28,2,4027000000,0.105,,,,,290000000,1.033,318000000,0.238,,208000000,,26.52,,,,,,,,,,,,,,,,,,,,,,true,false,6,2021-03-01,2021-08-31,-1
2022-09-30,21860,2023-02-28,2,8000000000,-0.020,,,,,630000000,0.044,640000000,0.003,,670000000,,85.16,,,,,,,,,,,,,,,,,,,,,,true,true,12,2022-03-01,2023-02-28,0
2022-09-30,21860,2022-02-28,2,,,,,,,,,,,,,,,,,,,,4649000000,3433000000,0.735,,3418000000,,,,,,,,,,,,true,false,12,2021-03-01,2022-02-28,-1
2022-09-30,21860,2022-02-28,2,,,,,,,,,,,,,,,,,,,,,,,,,,,,,33.00,,,,8167498,300241,,false,false,12,2021-03-01,2022-02-28,-1
2022-09-30,21860,2023-02-28,2,,,,,,,,,,,,,,,,,,,,,,,,,,,,,16.50,,,,,,,false,false,12,2022-03-01,2023-02-28,0
2022-09-30,21860,2023-02-28,2,,,,,,,,,,,,,,,,,,,,,,,,,,,,,33.00,,,,,,,false,true,12,2022-03-01,2023-02-28,0
2022-09-30,21860,2023-02-28,2,,,,,,,,,,,,,,,,,,,,,,,,,,,,,,,,,8167498,300241,7867257,false,false,6,2022-03-01,2022-08-31,0
2022-09-30,21860,2022-02-28,2,,,,,,,,,,,,,,,,,,,,,,,,,,,,,,,,,,,7867283,false,false,6,2021-03-01,2021-08-31,-1
2022-12-28,21860,2023-02-28,3,6102000000,0.009,,,,,603000000,0.312,615000000,0.260,,615000000,,78.23,,,,,,4897000000,3843000000,0.782,,3828000000,,,,,,,,,,,,true,false,9,2022-03-01,2022-11-30,0
2022-12-28,21860,2022-02-28,3,6050000000,0.090,,,,,460000000,1.536,488000000,0.190,,321000000,,40.82,,,,,,,,,,,,,,,,,,,,,,true,false,9,2021-03-01,2021-11-30,-1
2022-12-28,21860,2023-02-28,3,8000000000,-0.020,,,,,630000000,0.044,640000000,0.003,,670000000,,85.16,,,,,,,,,,,,,,,,,,,,,,true,true,12,2022-03-01,2023-02-28,0
2022-12-28,21860,2022-02-28,3,,,,,,,,,,,,,,,,,,,,4649000000,3433000000,0.735,,3418000000,,,,,,,,,,,,true,false,12,2021-03-01,2022-02-28,-1
2022-12-28,21860,2022-02-28,3,,,,,,,,,,,,,,,,,,,,,,,,,,,,,33.00,,,,8167498,300241,,false,false,12,2021-03-01,2022-02-28,-1
2022-12-28,21860,2023-02-28,3,,,,,,,,,,,,,,,,,,,,,,,,,,,,,16.50,,,,,,,false,false,12,2022-03-01,2023-02-28,0
2022-12-28,21860,2023-02-28,3,,,,,,,,,,,,,,,,,,,,,,,,,,,,,33.00,,,,,,,false,true,12,2022-03-01,2023-02-28,0
2022-12-28,21860,2023-02-28,3,,,,,,,,,,,,,,,,,,,,,,,,,,,,,,,,,8167498,300241,7867257,false,false,9,2022-03-01,2022-11-30,0
2022-12-28,21860,2022-02-28,3,,,,,,,,,,,,,,,,,,,,,,,,,,,,,,,,,,,7867283,false,false,9,2021-03-01,2021-11-30,-1
2023-04-12,21860,2023-02-28,,8159000000,-0.001,,,,,643000000,0.066,657000000,0.030,,683000000,,86.84,,0.185,0.133,0.079,,5181000000,3910000000,0.752,495.21,3895000000,525000000,400000000,-262000000,3125000000,,0.380,,,,,,true,false,12,2022-03-01,2023-02-28,0
2023-04-12,21860,2022-02-28,,8163000000,0.084,,,,,603000000,1.397,637000000,0.144,,447000000,,56.84,,0.135,0.143,0.074,,4649000000,3433000000,0.735,434.55,3418000000,430000000,-10000000,-250000000,2461000000,,0.581,,,,,,true,false,12,2021-03-01,2022-02-28,-1
2023-04-12,21860,2024-02-28,,3870000000,-0.079,,,,,340000000,-0.251,340000000,-0.254,,230000000,,29.24,,,,,,,,,,,,,,,,,,,,,,true,true,6,2023-03-01,2023-08-31,1
2023-04-12,21860,2024-02-28,,7670000000,-0.060,,,,,650000000,0.010,660000000,0.005,,440000000,,55.93,,,,,,,,,,,,,,,,0.590,,,,,,true,true,12,2023-03-01,2024-02-29,1
2023-04-12,21860,2023-02-28,,6595000000,-0.013,,,,,524000000,0.061,544000000,0.035,628000000,,0.725,79.92,,,,,,4260000000,3345000000,0.782,423.39,3330000000,,,,,33.00,,,,8167498,300241,7867257,false,false,12,2022-03-01,2023-02-28,0
2023-04-12,21860,2022-02-28,,6681000000,0.084,,,,,494000000,3.129,526000000,0.237,364000000,,0.271,46.33,,,,,,3811000000,2950000000,0.770,373.13,2935000000,,,,,33.00,,,,8167498,300241,7867277,false,false,12,2021-03-01,2022-02-28,-1
2023-04-12,21860,2024-02-28,,,,,,,,,,,,,,,,,,,,,,,,,,,,,,33.00,,,,,,,false,true,12,2023-03-01,2024-02-29,1
2023-06-30,21860,2024-02-29,1,1985000000,-0.049,,,,,147000000,-0.321,147000000,-0.318,,95000000,,12.12,,,,,,5099000000,3876000000,0.757,,3861000000,,,,,,,,,,,,true,false,3,2023-03-01,2023-05-31,0
2023-06-30,21860,2023-02-28,1,2088000000,0.022,,,,,216000000,0.280,216000000,0.121,,143000000,,18.26,,,,,,,,,,,,,,,,,,,,,,true,false,3,2022-03-01,2022-05-31,-1
2023-06-30,21860,2024-02-29,1,3870000000,-0.079,,,,,340000000,-0.251,340000000,-0.254,,230000000,,29.24,,,,,,,,,,,,,,,,,,,,,,true,true,6,2023-03-01,2023-08-31,0
2023-06-30,21860,2024-02-29,1,7670000000,-0.060,,,,,650000000,0.010,660000000,0.005,,440000000,,55.93,,,,,,,,,,,,,,,,,,,,,,true,true,12,2023-03-01,2024-02-29,0
2023-06-30,21860,2023-02-28,1,,,,,,,,,,,,,,,,,,,,5181000000,3910000000,0.752,,3895000000,,,,,,,,,,,,true,false,12,2022-03-01,2023-02-28,-1
2023-06-30,21860,2023-02-28,1,,,,,,,,,,,,,,,,,,,,,,,,,,,,,33.00,,,,8167498,300241,,false,false,12,2022-03-01,2023-02-28,-1
2023-06-30,21860,2024-02-29,1,,,,,,,,,,,,,,,,,,,,,,,,,,,,,33.00,,,,,,,false,true,12,2023-03-01,2024-02-29,0
2023-06-30,21860,2024-02-29,1,,,,,,,,,,,,,,,,,,,,,,,,,,,,,,,,,8167498,300241,7867257,false,false,3,2023-03-01,2023-05-31,0
2023-06-30,21860,2023-02-28,1,,,,,,,,,,,,,,,,,,,,,,,,,,,,,,,,,,,7867257,false,false,3,2022-03-01,2022-05-31,-1
2023-09-29,21860,2024-02-29,2,4037000000,-0.039,,,,,330000000,-0.273,331000000,-0.273,,220000000,,28.07,,,,,,5003000000,4001000000,0.797,,3986000000,,,,,,,,,,,,true,false,6,2023-03-01,2023-08-31,0
2023-09-29,21860,2023-02-28,2,4200000000,0.043,,,,,454000000,0.563,455000000,0.429,,549000000,,69.82,,,,,,,,,,,,,,,,,,,,,,true,false,6,2022-03-01,2022-08-31,-1
2023-09-29,21860,2024-02-29,2,7670000000,-0.060,,,,,650000000,0.010,660000000,0.005,,440000000,,55.93,,,,,,,,,,,,,,,,,,,,,,true,true,12,2023-03-01,2024-02-29,0
2023-09-29,21860,2023-02-28,2,,,,,,,,,,,,,,,,,,,,5181000000,3910000000,0.752,,3895000000,,,,,,,,,,,,true,false,12,2022-03-01,2023-02-28,-1
2023-09-29,21860,2023-02-28,2,,,,,,,,,,,,,,,,,,,,,,,,,,,,,33.00,,,,8167498,300241,,false,false,12,2022-03-01,2023-02-28,-1
2023-09-29,21860,2024-02-29,2,,,,,,,,,,,,,,,,,,,,,,,,,,,,,16.50,,,,,,,false,false,12,2023-03-01,2024-02-29,0
2023-09-29,21860,2024-02-29,2,,,,,,,,,,,,,,,,,,,,,,,,,,,,,33.00,,,,,,,false,true,12,2023-03-01,2024-02-29,0
2023-09-29,21860,2024-02-29,2,,,,,,,,,,,,,,,,,,,,,,,,,,,,,,,,,8167498,300241,7867257,false,false,6,2023-03-01,2023-08-31,0
2023-09-29,21860,2023-02-28,2,,,,,,,,,,,,,,,,,,,,,,,,,,,,,,,,,,,7867257,false,false,6,2022-03-01,2022-08-31,-1
2023-12-28,21860,2024-02-29,3,6048000000,-0.009,,,,,519000000,-0.139,532000000,-0.135,,356000000,,45.29,,,,,,4824000000,4007000000,0.828,,3992000000,,,,,,,,,,,,true,false,9,2023-03-01,2023-11-30,0
2023-12-28,21860,2023-02-28,3,6102000000,0.009,,,,,603000000,0.312,615000000,0.260,,615000000,,78.23,,,,,,,,,,,,,,,,,,,,,,true,false,9,2022-03-01,2022-11-30,-1
2023-12-28,21860,2024-02-29,3,7670000000,-0.060,,,,,650000000,0.010,660000000,0.005,,440000000,,55.93,,,,,,,,,,,,,,,,,,,,,,true,true,12,2023-03-01,2024-02-29,0
2023-12-28,21860,2023-02-28,3,,,,,,,,,,,,,,,,,,,,5181000000,3910000000,0.752,,3895000000,,,,,,,,,,,,true,false,12,2022-03-01,2023-02-28,-1
2023-12-28,21860,2023-02-28,3,,,,,,,,,,,,,,,,,,,,,,,,,,,,,33.00,,,,8167498,300241,,false,false,12,2022-03-01,2023-02-28,-1
2023-12-28,21860,2024-02-29,3,,,,,,,,,,,,,,,,,,,,,,,,,,,,,16.50,,,,,,,false,false,12,2023-03-01,2024-02-29,0
2023-12-28,21860,2024-02-29,3,,,,,,,,,,,,,,,,,,,,,,,,,,,,,33.00,,,,,,,false,true,12,2023-03-01,2024-02-29,0
2023-12-28,21860,2024-02-29,3,,,,,,,,,,,,,,,,,,,,,,,,,,,,,,,,,8167498,300241,7867257,false,false,9,2023-03-01,2023-11-30,0
2023-12-28,21860,2023-02-28,3,,,,,,,,,,,,,,,,,,,,,,,,,,,,,,,,,,,7867257,false,false,9,2022-03-01,2022-11-30,-1
2024-04-10,21860,2024-02-29,,8169000000,0.001,,,,,670000000,0.043,691000000,0.052,,513000000,,65.28,,0.128,0.134,0.082,,5098000000,4164000000,0.814,527.48,4149000000,95000000,-17000000,-258000000,2945000000,,0.506,,,,,,true,false,12,2023-03-01,2024-02-29,0
2024-04-10,21860,2023-02-28,,8159000000,-0.001,,,,,643000000,0.066,657000000,0.030,,683000000,,86.84,,0.185,0.133,0.079,,5181000000,3910000000,0.752,495.21,3895000000,525000000,400000000,-262000000,3125000000,,0.380,,,,,,true,false,12,2022-03-01,2023-02-28,-1
2024-04-10,21860,2025-02-28,,4200000000,0.040,,,,,280000000,-0.152,280000000,-0.155,,180000000,,22.88,,,,,,,,,,,,,,,,,,,,,,true,true,6,2024-03-01,2024-08-31,1
2024-04-10,21860,2025-02-28,,8500000000,0.040,,,,,600000000,-0.106,610000000,-0.118,,420000000,,53.39,,,,,,,,,,,,,,,,0.618,,,,,,true,true,12,2024-03-01,2025-02-28,1
2024-04-10,21860,2024-02-29,,6486000000,-0.016,,,,,536000000,0.022,557000000,0.024,406000000,,-0.353,51.68,,,,,,4092000000,3492000000,0.850,442.06,3477000000,,,,,33.00,,,,8167498,300241,7867257,false,false,12,2023-03-01,2024-02-29,0
2024-04-10,21860,2023-02-28,,6595000000,-0.013,,,,,524000000,0.061,544000000,0.035,628000000,,0.725,79.92,,,,,,4260000000,3345000000,0.782,423.39,3330000000,,,,,33.00,,,,8167498,300241,7867257,false,false,12,2022-03-01,2023-02-28,-1
2024-04-10,21860,2025-02-28,,,,,,,,,,,,,,,,,,,,,,,,,,,,,,33.00,,,,,,,false,true,12,2024-03-01,2025-02-28,1
2024-06-28,21860,2025-02-28,1,2116000000,0.066,,,,,158000000,0.079,158000000,0.074,,106000000,,13.48,,,,,,5435000000,4140000000,0.759,,4126000000,,,,,,,,,,,,true,false,3,2024-03-01,2024-05-31,0
2024-06-28,21860,2024-02-28,1,1985000000,-0.049,,,,,147000000,-0.321,147000000,-0.318,,95000000,,12.12,,,,,,,,,,,,,,,,,,,,,,true,false,3,2023-03-01,2023-05-31,-1
2024-06-28,21860,2025-02-28,1,4200000000,0.040,,,,,280000000,-0.152,280000000,-0.155,,180000000,,22.88,,,,,,,,,,,,,,,,,,,,,,true,true,6,2024-03-01,2024-08-31,0
2024-06-28,21860,2025-02-28,1,8500000000,0.040,,,,,600000000,-0.106,610000000,-0.118,,420000000,,53.39,,,,,,,,,,,,,,,,,,,,,,true,true,12,2024-03-01,2025-02-28,0
2024-06-28,21860,2024-02-28,1,,,,,,,,,,,,,,,,,,,,5098000000,4164000000,0.814,,4149000000,,,,,,,,,,,,true,false,12,2023-03-01,2024-02-29,-1
2024-06-28,21860,2024-02-28,1,,,,,,,,,,,,,,,,,,,,,,,,,,,,,33.00,,,,8167498,300241,,false,false,12,2023-03-01,2024-02-29,-1
2024-06-28,21860,2025-02-28,1,,,,,,,,,,,,,,,,,,,,,,,,,,,,,33.00,,,,,,,false,true,12,2024-03-01,2025-02-28,0
2024-06-28,21860,2025-02-28,1,,,,,,,,,,,,,,,,,,,,,,,,,,,,,,,,,8167498,300241,7867257,false,false,3,2024-03-01,2024-05-31,0
2024-06-28,21860,2024-02-28,1,,,,,,,,,,,,,,,,,,,,,,,,,,,,,,,,,,,7867257,false,false,3,2023-03-01,2023-05-31,-1
2024-09-30,21860,2025-02-28,2,4235000000,0.049,,,,,334000000,0.013,336000000,0.015,,228000000,,29.01,,,,,,5409000000,4263000000,0.785,,4248000000,,,,,,,,,,,,true,false,6,2024-03-01,2024-08-31,0
2024-09-30,21860,2024-02-28,2,4037000000,-0.039,,,,,330000000,-0.273,331000000,-0.273,,220000000,,28.07,,,,,,,,,,,,,,,,,,,,,,true,false,6,2023-03-01,2023-08-31,-1
2024-09-30,21860,2025-02-28,2,8500000000,0.040,,,,,600000000,-0.106,610000000,-0.118,,580000000,,73.72,,,,,,,,,,,,,,,,,,,,,,true,true,12,2024-03-01,2025-02-28,0
2024-09-30,21860,2024-02-28,2,,,,,,,,,,,,,,,,,,,,5098000000,4164000000,0.814,,4149000000,,,,,,,,,,,,true,false,12,2023-03-01,2024-02-29,-1
2024-09-30,21860,2024-02-28,2,,,,,,,,,,,,,,,,,,,,,,,,,,,,,33.00,,,,8167498,300241,,false,false,12,2023-03-01,2024-02-29,-1
2024-09-30,21860,2025-02-28,2,,,,,,,,,,,,,,,,,,,,,,,,,,,,,16.50,,,,,,,false,false,12,2024-03-01,2025-02-28,0
2024-09-30,21860,2025-02-28,2,,,,,,,,,,,,,,,,,,,,,,,,,,,,,33.00,,,,,,,false,true,12,2024-03-01,2025-02-28,0
2024-09-30,21860,2025-02-28,2,,,,,,,,,,,,,,,,,,,,,,,,,,,,,,,,,8167498,300241,7867257,false,false,6,2024-03-01,2024-08-31,0
2024-09-30,21860,2024-02-28,2,,,,,,,,,,,,,,,,,,,,,,,,,,,,,,,,,,,7867257,false,false,6,2023-03-01,2023-08-31,-1
2024-09-30,21860,2025-02-28,,8500000000,0.000,,,,,600000000,0.000,610000000,0.000,,580000000,,73.32,,,,,,,,,,,,,,,,,,,,,,true,true,12,2024-03-01,2025-02-28,0
2024-09-30,21860,2024-02-28,,8169000000,,,,,,670000000,,691000000,,,513000000,,65.28,,,,,,,,,,,,,,,,,,,,,,true,false,12,2023-03-01,2024-02-29,-1
2025-01-10,21860,2025-02-28,3,6480000000,0.071,,,,,576000000,0.108,589000000,0.107,,402000000,,51.10,,,,,,5441000000,4306000000,0.789,,4292000000,,,,,,,,,,,,true,false,9,2024-03-01,2024-11-30,0
2025-01-10,21860,2024-02-28,3,6048000000,-0.009,,,,,519000000,-0.139,532000000,-0.135,,356000000,,45.29,,,,,,,,,,,,,,,,,,,,,,true,false,9,2023-03-01,2023-11-30,-1
2025-01-10,21860,2025-02-28,3,8500000000,0.040,,,,,600000000,-0.106,610000000,-0.118,,580000000,,73.72,,,,,,,,,,,,,,,,,,,,,,true,true,12,2024-03-01,2025-02-28,0
2025-01-10,21860,2024-02-28,3,,,,,,,,,,,,,,,,,,,,5098000000,4164000000,0.814,,4149000000,,,,,,,,,,,,true,false,12,2023-03-01,2024-02-29,-1
2025-01-10,21860,2024-02-28,3,,,,,,,,,,,,,,,,,,,,,,,,,,,,,33.00,,,,8167498,300241,,false,false,12,2023-03-01,2024-02-29,-1
2025-01-10,21860,2025-02-28,3,,,,,,,,,,,,,,,,,,,,,,,,,,,,,16.50,,,,,,,false,false,12,2024-03-01,2025-02-28,0
2025-01-10,21860,2025-02-28,3,,,,,,,,,,,,,,,,,,,,,,,,,,,,,33.00,,,,,,,false,true,12,2024-03-01,2025-02-28,0
2025-01-10,21860,2025-02-28,3,,,,,,,,,,,,,,,,,,,,,,,,,,,,,,,,,8167498,300241,7867257,false,false,9,2024-03-01,2024-11-30,0
2025-01-10,21860,2024-02-28,3,,,,,,,,,,,,,,,,,,,,,,,,,,,,,,,,,,,7867257,false,false,9,2023-03-01,2023-11-30,-1
2025-04-11,21860,2025-02-28,,8682000000,0.063,,,,,612000000,-0.088,645000000,-0.066,,432000000,,54.94,,0.102,0.120,0.071,,5681000000,4336000000,0.761,549.42,4322000000,844000000,270000000,-259000000,3801000000,,0.601,,,,,,true,false,12,2024-03-01,2025-02-28,0
2025-04-11,21860,2024-02-28,,8169000000,0.001,,,,,670000000,0.043,691000000,0.052,,513000000,,65.28,,0.128,0.134,0.082,,5098000000,4164000000,0.814,527.48,4149000000,95000000,-17000000,-258000000,2945000000,,0.506,,,,,,true,false,12,2023-03-01,2024-02-29,-1
2025-04-11,21860,2026-02-28,,4400000000,0.039,,,,,300000000,-0.103,300000000,-0.108,,200000000,,25.42,,,,,,,,,,,,,,,,,,,,,,true,true,6,2025-03-01,2025-08-31,1
2025-04-11,21860,2026-02-28,,8900000000,0.025,,,,,650000000,0.062,660000000,0.023,,440000000,,55.93,,,,,,,,,,,,,,,,0.590,,,,,,true,true,12,2025-03-01,2026-02-28,1
2025-04-11,21860,2025-02-28,,6898000000,0.064,,,,,468000000,-0.126,506000000,-0.091,166000000,,-0.591,21.16,,,,,,4270000000,3399000000,0.793,430.22,3384000000,,,,,33.00,,,,8167498,300263,7867256,false,false,12,2024-03-01,2025-02-28,0
2025-04-11,21860,2024-02-28,,6486000000,-0.016,,,,,536000000,0.022,557000000,0.024,406000000,,-0.353,51.68,,,,,,4092000000,3492000000,0.850,442.06,3477000000,,,,,33.00,,,,8167498,300241,7867257,false,false,12,2023-03-01,2024-02-29,-1
2025-04-11,21860,2026-02-28,,,,,,,,,,,,,,,,,,,,,,,,,,,,,,33.00,,,,,,,false,true,12,2025-03-01,2026-02-28,1
2025-07-11,21860,2026-02-28,1,2197000000,0.038,,,,,165000000,0.043,167000000,0.051,,110000000,,14.11,,,,,,5784000000,4318000000,0.744,,4303000000,,,,,,,,,,,,true,false,3,2025-03-01,2025-05-31,0
2025-07-11,21860,2025-02-28,1,2116000000,0.066,,,,,158000000,0.079,158000000,0.074,,106000000,,13.48,,,,,,,,,,,,,,,,,,,,,,true,false,3,2024-03-01,2024-05-31,-1
2025-07-11,21860,2026-02-28,1,4400000000,0.039,,,,,300000000,-0.103,300000000,-0.108,,200000000,,25.42,,,,,,,,,,,,,,,,,,,,,,true,true,6,2025-03-01,2025-08-31,0
2025-07-11,21860,2026-02-28,1,8900000000,0.025,,,,,650000000,0.062,660000000,0.023,,440000000,,55.93,,,,,,,,,,,,,,,,,,,,,,true,true,12,2025-03-01,2026-02-28,0
2025-07-11,21860,2025-02-28,1,,,,,,,,,,,,,,,,,,,,5681000000,4336000000,0.761,,4322000000,,,,,,,,,,,,true,false,12,2024-03-01,2025-02-28,-1
2025-07-11,21860,2025-02-28,1,,,,,,,,,,,,,,,,,,,,,,,,,,,,,33.00,,,,8167498,300263,,false,false,12,2024-03-01,2025-02-28,-1
2025-07-11,21860,2026-02-28,1,,,,,,,,,,,,,,,,,,,,,,,,,,,,,33.00,,,,,,,false,true,12,2025-03-01,2026-02-28,0
2025-07-11,21860,2026-02-28,1,,,,,,,,,,,,,,,,,,,,,,,,,,,,,,,,,8167498,300263,7867235,false,false,3,2025-03-01,2025-05-31,0
2025-07-11,21860,2025-02-28,1,,,,,,,,,,,,,,,,,,,,,,,,,,,,,,,,,,,7867257,false,false,3,2024-03-01,2024-05-31,-1
