filing_date,code,fiscal_year_end,quarterly_period,net_sales,net_sales_change,revenue,revenue_change,operating_revenue,operating_revenue_change,operating_profit,operating_profit_change,ordinary_profit,ordinary_profit_change,net_income,net_income_of_parent,net_income_change,eps,diluted_eps,roe,roa,operating_profit_to_net_sales,operating_profit_to_revenue,total_assets,net_assets,equity_ratio,bps,owner_equity,operating_cash_flow,investing_cash_flow,financing_cash_flow,cash,dividend_per_share,payout_ratio,commemorative_dividend,extra_dividend,number_of_shares,number_of_treqsury_shares,avg_number_of_shares,is_consolidated,is_forecast,duration,period_start,period_end,period_pos
2015-07-30,22080,2016-03-31,1,25185000000,0.035,,,,,728000000,-0.114,817000000,0.032,,547000000,,22.55,,,,,,62536000000,37032000000,0.592,1526.31,37032000000,,,,,,,,,,,,true,false,3,2015-04-01,2015-06-30,0
2015-07-30,22080,2015-03-31,1,24330000000,-0.040,,,,,822000000,0.056,792000000,-0.205,,450000000,,18.58,,,,,,,,,,,,,,,,,,,,,,true,false,3,2014-04-01,2014-06-30,-1
2015-07-30,22080,2016-03-31,1,48000000000,0.022,,,,,350000000,-0.286,400000000,-0.352,,200000000,,8.24,,,,,,,,,,,,,,,,,,,,,,true,true,6,2015-04-01,2015-09-30,0
2015-07-30,22080,2016-03-31,1,107500000000,0.024,,,,,3200000000,-0.048,3300000000,-0.146,,2100000000,,86.55,,,,,,,,,,,,,,,,,,,,,,true,true,12,2015-04-01,2016-03-31,0
2015-07-30,22080,2015-03-31,1,,,,,,,,,,,,,,,,,,,,68001000000,36293000000,0.534,1495.82,36293000000,,,,,,,,,,,,true,false,12,2014-04-01,2015-03-31,-1
2015-07-30,22080,2015-03-31,1,,,,,,,,,,,,,,,,,,,,,,,,,,,,,16.00,,,,27700000,3436749,,false,false,12,2014-04-01,2015-03-31,-1
2015-07-30,22080,2016-03-31,1,,,,,,,,,,,,,,,,,,,,,,,,,,,,,16.00,,,,,,,false,true,12,2015-04-01,2016-03-31,0
2015-07-30,22080,2016-03-31,1,,,,,,,,,,,,,,,,,,,,,,,,,,,,,,,,,27700000,3437415,24262629,false,false,3,2015-04-01,2015-06-30,0
2015-07-30,22080,2015-03-31,1,,,,,,,,,,,,,,,,,,,,,,,,,,,,,,,,,,,24265433,false,false,3,2014-04-01,2014-06-30,-1
2015-10-29,22080,2016-03-31,2,49618000000,0.056,,,,,753000000,0.536,704000000,0.141,,442000000,,18.22,,,,,,62742000000,36660000000,0.584,1511.09,36660000000,,,,,,,,,,,,true,false,6,2015-04-01,2015-09-30,0
2015-10-29,22080,2015-03-31,2,46983000000,-0.011,,,,,490000000,,617000000,1.066,,310000000,,12.79,,,,,,,,,,,,,,,,,,,,,,true,false,6,2014-04-01,2014-09-30,-1
2015-10-29,22080,2016-03-31,2,107500000000,0.024,,,,,3200000000,-0.048,3300000000,-0.146,,2100000000,,86.93,,,,,,,,,,,,,,,,,,,,,,true,true,12,2015-04-01,2016-03-31,0
2015-10-29,22080,2015-03-31,2,,,,,,,,,,,,,,,,,,,,68001000000,36293000000,0.534,1495.82,36293000000,,,,,,,,,,,,true,false,12,2014-04-01,2015-03-31,-1
2015-10-29,22080,2015-03-31,2,,,,,,,,,,,,,,,,,,,,,,,,,,,,,16.00,,,,27700000,3436749,,false,false,12,2014-04-01,2015-03-31,-1
2015-10-29,22080,2016-03-31,2,,,,,,,,,,,,,,,,,,,,,,,,,,,,,8.00,,,,,,,false,false,12,2015-04-01,2016-03-31,0
2015-10-29,22080,2016-03-31,2,,,,,,,,,,,,,,,,,,,,,,,,,,,,,16.00,,,,,,,false,true,12,2015-04-01,2016-03-31,0
2015-10-29,22080,2016-03-31,2,,,,,,,,,,,,,,,,,,,,,,,,,,,,,,,,,27700000,3438920,24262184,false,false,6,2015-04-01,2015-09-30,0
2015-10-29,22080,2015-03-31,2,,,,,,,,,,,,,,,,,,,,,,,,,,,,,,,,,,,24265137,false,false,6,2014-04-01,2014-09-30,-1
2016-01-28,22080,2016-03-31,3,80178000000,0.047,,,,,2895000000,0.371,2898000000,0.128,,2050000000,,84.67,,,,,,68807000000,37436000000,0.544,1558.24,37436000000,,,,,,,,,,,,true,false,9,2015-04-01,2015-12-31,0
2016-01-28,22080,2015-03-31,3,76569000000,0.004,,,,,2111000000,0.827,2568000000,0.557,,1543000000,,63.63,,,,,,,,,,,,,,,,,,,,,,true,false,9,2014-04-01,2014-12-31,-1
2016-01-28,22080,2016-03-31,3,109000000000,0.039,,,,,4000000000,0.190,4000000000,0.035,,2400000000,,99.31,,,,,,,,,,,,,,,,,,,,,,true,true,12,2015-04-01,2016-03-31,0
2016-01-28,22080,2015-03-31,3,,,,,,,,,,,,,,,,,,,,68001000000,36293000000,0.534,1495.82,36293000000,,,,,,,,,,,,true,false,12,2014-04-01,2015-03-31,-1
2016-01-28,22080,2015-03-31,3,,,,,,,,,,,,,,,,,,,,,,,,,,,,,16.00,,,,27700000,3436749,,false,false,12,2014-04-01,2015-03-31,-1
2016-01-28,22080,2016-03-31,3,,,,,,,,,,,,,,,,,,,,,,,,,,,,,8.00,,,,,,,false,false,12,2015-04-01,2016-03-31,0
2016-01-28,22080,2016-03-31,3,,,,,,,,,,,,,,,,,,,,,,,,,,,,,16.00,,,,,,,false,true,12,2015-04-01,2016-03-31,0
2016-01-28,22080,2016-03-31,3,,,,,,,,,,,,,,,,,,,,,,,,,,,,,,,,,27700000,3674920,24212898,false,false,9,2015-04-01,2015-12-31,0
2016-01-28,22080,2015-03-31,3,,,,,,,,,,,,,,,,,,,,,,,,,,,,,,,,,,,24264841,false,false,9,2014-04-01,2014-12-31,-1
2016-04-27,22080,2016-03-31,,109561000000,0.044,,,,,4368000000,0.299,4151000000,0.074,,2607000000,,107.90,,0.071,0.061,0.040,,67792000000,37562000000,0.554,1563.50,37562000000,6366000000,-3471000000,-1441000000,14596000000,,0.158,,,,,,true,false,12,2015-04-01,2016-03-31,0
2016-04-27,22080,2015-03-31,,104940000000,0.011,,,,,3362000000,0.763,3864000000,0.598,,1966000000,,81.06,,0.056,0.059,0.032,,68001000000,36293000000,0.534,1495.82,36293000000,6360000000,-4406000000,-1060000000,13170000000,,0.197,,,,,,true,false,12,2014-04-01,2015-03-31,-1
2016-04-27,22080,2017-03-31,,50000000000,0.008,,,,,850000000,0.129,900000000,0.278,,950000000,,39.54,,,,,,,,,,,,,,,,,,,,,,true,true,6,2016-04-01,2016-09-30,1
2016-04-27,22080,2017-03-31,,112000000000,0.022,,,,,4600000000,0.053,4700000000,0.132,,3500000000,,145.68,,,,,,,,,,,,,,,,0.117,,,,,,true,true,12,2016-04-01,2017-03-31,1
2016-04-27,22080,2016-03-31,,106792000000,0.037,,,,,3990000000,0.322,4192000000,0.318,2605000000,,1.264,107.83,,,,,,66102000000,38571000000,0.584,1605.47,38571000000,,,,,17.00,,,,27700000,3675149,24166177,false,false,12,2015-04-01,2016-03-31,0
2016-04-27,22080,2015-03-31,,102972000000,0.013,,,,,3019000000,0.527,3179000000,1.361,1151000000,,,47.45,,,,,,66356000000,37331000000,0.563,1538.61,37331000000,,,,,16.00,,,,27700000,3436749,24264575,false,false,12,2014-04-01,2015-03-31,-1
2016-04-27,22080,2017-03-31,,,,,,,,,,,,,,,,,,,,,,,,,,,,,,17.00,,,,,,,false,true,12,2016-04-01,2017-03-31,1
2016-07-28,22080,2017-03-31,1,26437000000,0.050,,,,,1149000000,0.578,769000000,-0.059,,852000000,,35.50,,,,,,64086000000,37809000000,0.590,1573.78,37809000000,,,,,,,,,,,,true,false,3,2016-04-01,2016-06-30,0
2016-07-28,22080,2016-03-31,1,25185000000,0.035,,,,,728000000,-0.114,817000000,0.032,,547000000,,22.55,,,,,,,,,,,,,,,,,,,,,,true,false,3,2015-04-01,2015-06-30,-1
2016-07-28,22080,2017-03-31,1,50000000000,0.008,,,,,850000000,0.129,900000000,0.278,,950000000,,39.54,,,,,,,,,,,,,,,,,,,,,,true,true,6,2016-04-01,2016-09-30,0
2016-07-28,22080,2017-03-31,1,112000000000,0.022,,,,,4600000000,0.053,4700000000,0.132,,3500000000,,145.68,,,,,,,,,,,,,,,,,,,,,,true,true,12,2016-04-01,2017-03-31,0
2016-07-28,22080,2016-03-31,1,,,,,,,,,,,,,,,,,,,,67792000000,37562000000,0.554,1563.50,37562000000,,,,,,,,,,,,true,false,12,2015-04-01,2016-03-31,-1
2016-07-28,22080,2016-03-31,1,,,,,,,,,,,,,,,,,,,,,,,,,,,,,17.00,,,,27700000,3675149,,false,false,12,2015-04-01,2016-03-31,-1
2016-07-28,22080,2017-03-31,1,,,,,,,,,,,,,,,,,,,,,,,,,,,,,17.00,,,,,,,false,true,12,2016-04-01,2017-03-31,0
2016-07-28,22080,2017-03-31,1,,,,,,,,,,,,,,,,,,,,,,,,,,,,,,,,,27700000,3675217,24024825,false,false,3,2016-04-01,2016-06-30,0
2016-07-28,22080,2016-03-31,1,,,,,,,,,,,,,,,,,,,,,,,,,,,,,,,,,,,24262629,false,false,3,2015-04-01,2015-06-30,-1
2016-10-28,22080,2017-03-31,2,51334000000,0.035,,,,,1230000000,0.634,809000000,0.150,,845000000,,35.18,,,,,,65760000000,37949000000,0.577,1579.63,37949000000,,,,,,,,,,,,true,false,6,2016-04-01,2016-09-30,0
2016-10-28,22080,2016-03-31,2,49618000000,0.056,,,,,753000000,0.536,704000000,0.141,,442000000,,18.22,,,,,,,,,,,,,,,,,,,,,,true,false,6,2015-04-01,2015-09-30,-1
2016-10-28,22080,2017-03-31,2,112000000000,0.022,,,,,4600000000,0.053,4700000000,0.132,,3500000000,,145.68,,,,,,,,,,,,,,,,,,,,,,true,true,12,2016-04-01,2017-03-31,0
2016-10-28,22080,2016-03-31,2,,,,,,,,,,,,,,,,,,,,67792000000,37562000000,0.554,1563.50,37562000000,,,,,,,,,,,,true,false,12,2015-04-01,2016-03-31,-1
2016-10-28,22080,2016-03-31,2,,,,,,,,,,,,,,,,,,,,,,,,,,,,,17.00,,,,27700000,3675149,,false,false,12,2015-04-01,2016-03-31,-1
2016-10-28,22080,2017-03-31,2,,,,,,,,,,,,,,,,,,,,,,,,,,,,,9.00,,,,,,,false,false,12,2016-04-01,2017-03-31,0
2016-10-28,22080,2017-03-31,2,,,,,,,,,,,,,,,,,,,,,,,,,,,,,18.00,,,,,,,false,true,12,2016-04-01,2017-03-31,0
2016-10-28,22080,2017-03-31,2,,,,,,,,,,,,,,,,,,,,,,,,,,,,,,,,,27700000,3675443,24024716,false,false,6,2016-04-01,2016-09-30,0
2016-10-28,22080,2016-03-31,2,,,,,,,,,,,,,,,,,,,,,,,,,,,,,,,,,,,24262184,false,false,6,2015-04-01,2015-09-30,-1
2017-01-27,22080,2017-03-31,3,82444000000,0.028,,,,,3278000000,0.133,3239000000,0.118,,2654000000,,110.50,,,,,,73003000000,39930000000,0.547,1662.07,39930000000,,,,,,,,,,,,true,false,9,2016-04-01,2016-12-31,0
2017-01-27,22080,2016-03-31,3,80178000000,0.047,,,,,2895000000,0.371,2898000000,0.128,,2050000000,,84.67,,,,,,,,,,,,,,,,,,,,,,true,false,9,2015-04-01,2015-12-31,-1
2017-01-27,22080,2017-03-31,3,112000000000,0.022,,,,,4600000000,0.053,4700000000,0.132,,3500000000,,145.68,,,,,,,,,,,,,,,,,,,,,,true,true,12,2016-04-01,2017-03-31,0
2017-01-27,22080,2016-03-31,3,,,,,,,,,,,,,,,,,,,,67792000000,37562000000,0.554,1563.50,37562000000,,,,,,,,,,,,true,false,12,2015-04-01,2016-03-31,-1
2017-01-27,22080,2016-03-31,3,,,,,,,,,,,,,,,,,,,,,,,,,,,,,17.00,,,,27700000,3675149,,false,false,12,2015-04-01,2016-03-31,-1
2017-01-27,22080,2017-03-31,3,,,,,,,,,,,,,,,,,,,,,,,,,,,,,9.00,,,,,,,false,false,12,2016-04-01,2017-03-31,0
2017-01-27,22080,2017-03-31,3,,,,,,,,,,,,,,,,,,,,,,,,,,,,,18.00,,,,,,,false,true,12,2016-04-01,2017-03-31,0
2017-01-27,22080,2017-03-31,3,,,,,,,,,,,,,,,,,,,,,,,,,,,,,,,,,27700000,3675420,24024655,false,false,9,2016-04-01,2016-12-31,0
2017-01-27,22080,2016-03-31,3,,,,,,,,,,,,,,,,,,,,,,,,,,,,,,,,,,,24212898,false,false,9,2015-04-01,2015-12-31,-1
2017-04-27,22080,2017-03-31,,112918000000,0.031,,,,,4809000000,0.101,4666000000,0.124,,3652000000,,152.03,,0.093,0.067,0.043,,70747000000,40714000000,0.575,1694.70,40714000000,6306000000,-6123000000,-1780000000,12996000000,,0.125,,,,,,true,false,12,2016-04-01,2017-03-31,0
2017-04-27,22080,2016-03-31,,109561000000,0.044,,,,,4368000000,0.299,4151000000,0.074,,2607000000,,107.90,,0.071,0.061,0.040,,67792000000,37562000000,0.554,1563.50,37562000000,6366000000,-3471000000,-1441000000,14596000000,,0.158,,,,,,true,false,12,2015-04-01,2016-03-31,-1
2017-04-27,22080,2018-03-31,,53000000000,0.032,,,,,1000000000,-0.187,1000000000,0.235,,700000000,,29.14,,,,,,,,,,,,,,,,,,,,,,true,true,6,2017-04-01,2017-09-30,1
2017-04-27,22080,2018-03-31,,117000000000,0.036,,,,,4900000000,0.019,5000000000,0.071,,3400000000,,141.52,,,,,,,,,,,,,,,,0.141,,,,,,true,true,12,2017-04-01,2018-03-31,1
2017-04-27,22080,2017-03-31,,109676000000,0.027,,,,,4271000000,0.070,4484000000,0.070,3515000000,,0.349,146.35,,,,,,70105000000,41956000000,0.598,1746.42,41956000000,,,,,19.00,,,,27700000,3675457,24024633,false,false,12,2016-04-01,2017-03-31,0
2017-04-27,22080,2016-03-31,,106792000000,0.037,,,,,3990000000,0.322,4192000000,0.318,2605000000,,1.264,107.83,,,,,,66102000000,38571000000,0.584,1605.47,38571000000,,,,,17.00,,,,27700000,3675149,24166177,false,false,12,2015-04-01,2016-03-31,-1
2017-04-27,22080,2018-03-31,,,,,,,,,,,,,,,,,,,,,,,,,,,,,,20.00,,,,,,,false,true,12,2017-04-01,2018-03-31,1
2017-07-26,22080,2018-03-31,1,27822000000,0.052,,,,,1116000000,-0.029,1155000000,0.502,,779000000,,32.43,,,,,,68448000000,41493000000,0.606,1727.13,41493000000,,,,,,,,,,,,true,false,3,2017-04-01,2017-06-30,0
2017-07-26,22080,2017-03-31,1,26437000000,0.050,,,,,1149000000,0.578,769000000,-0.059,,852000000,,35.50,,,,,,,,,,,,,,,,,,,,,,true,false,3,2016-04-01,2016-06-30,-1
2017-07-26,22080,2018-03-31,1,53000000000,0.032,,,,,1000000000,-0.187,1000000000,0.235,,700000000,,29.14,,,,,,,,,,,,,,,,,,,,,,true,true,6,2017-04-01,2017-09-30,0
2017-07-26,22080,2018-03-31,1,117000000000,0.036,,,,,4900000000,0.019,5000000000,0.071,,3400000000,,141.52,,,,,,,,,,,,,,,,,,,,,,true,true,12,2017-04-01,2018-03-31,0
2017-07-26,22080,2017-03-31,1,,,,,,,,,,,,,,,,,,,,70747000000,40714000000,0.575,1694.70,40714000000,,,,,,,,,,,,true,false,12,2016-04-01,2017-03-31,-1
2017-07-26,22080,2017-03-31,1,,,,,,,,,,,,,,,,,,,,,,,,,,,,,19.00,,,,27700000,3675457,,false,false,12,2016-04-01,2017-03-31,-1
2017-07-26,22080,2018-03-31,1,,,,,,,,,,,,,,,,,,,,,,,,,,,,,20.00,,,,,,,false,true,12,2017-04-01,2018-03-31,0
2017-07-26,22080,2018-03-31,1,,,,,,,,,,,,,,,,,,,,,,,,,,,,,,,,,27700000,3675490,24024529,false,false,3,2017-04-01,2017-06-30,0
2017-07-26,22080,2017-03-31,1,,,,,,,,,,,,,,,,,,,,,,,,,,,,,,,,,,,24024825,false,false,3,2016-04-01,2016-06-30,-1
2017-10-27,22080,2018-03-31,2,52595000000,0.025,,,,,1171000000,-0.048,1297000000,0.602,,901000000,,37.50,,,,,,73126000000,41606000000,0.569,1731.84,41606000000,,,,,,,,,,,,true,false,6,2017-04-01,2017-09-30,0
2017-10-27,22080,2017-03-31,2,51334000000,0.035,,,,,1230000000,0.634,809000000,0.150,,845000000,,35.18,,,,,,,,,,,,,,,,,,,,,,true,false,6,2016-04-01,2016-09-30,-1
2017-10-27,22080,2018-03-31,2,117000000000,0.036,,,,,4900000000,0.019,5000000000,0.071,,3400000000,,141.52,,,,,,,,,,,,,,,,,,,,,,true,true,12,2017-04-01,2018-03-31,0
2017-10-27,22080,2017-03-31,2,,,,,,,,,,,,,,,,,,,,70747000000,40714000000,0.575,1694.70,40714000000,,,,,,,,,,,,true,false,12,2016-04-01,2017-03-31,-1
2017-10-27,22080,2017-03-31,2,,,,,,,,,,,,,,,,,,,,,,,,,,,,,19.00,,,,27700000,3675457,,false,false,12,2016-04-01,2017-03-31,-1
2017-10-27,22080,2018-03-31,2,,,,,,,,,,,,,,,,,,,,,,,,,,,,,10.00,,,,,,,false,false,12,2017-04-01,2018-03-31,0
2017-10-27,22080,2018-03-31,2,,,,,,,,,,,,,,,,,,,,,,,,,,,,,20.00,,,,,,,false,true,12,2017-04-01,2018-03-31,0
2017-10-27,22080,2018-03-31,2,,,,,,,,,,,,,,,,,,,,,,,,,,,,,,,,,27700000,3675523,24024510,false,false,6,2017-04-01,2017-09-30,0
2017-10-27,22080,2017-03-31,2,,,,,,,,,,,,,,,,,,,,,,,,,,,,,,,,,,,24024716,false,false,6,2016-04-01,2016-09-30,-1
2018-01-26,22080,2018-03-31,3,85088000000,0.032,,,,,3232000000,-0.014,3471000000,0.072,,2418000000,,100.67,,,,,,76224000000,42989000000,0.564,1789.42,42989000000,,,,,,,,,,,,true,false,9,2017-04-01,2017-12-31,0
2018-01-26,22080,2017-03-31,3,82444000000,0.028,,,,,3278000000,0.133,3239000000,0.118,,2654000000,,110.50,,,,,,,,,,,,,,,,,,,,,,true,false,9,2016-04-01,2016-12-31,-1
2018-01-26,22080,2018-03-31,3,117000000000,0.036,,,,,4900000000,0.019,5000000000,0.071,,3400000000,,141.52,,,,,,,,,,,,,,,,,,,,,,true,true,12,2017-04-01,2018-03-31,0
2018-01-26,22080,2017-03-31,3,,,,,,,,,,,,,,,,,,,,70747000000,40714000000,0.575,1694.70,40714000000,,,,,,,,,,,,true,false,12,2016-04-01,2017-03-31,-1
2018-01-26,22080,2017-03-31,3,,,,,,,,,,,,,,,,,,,,,,,,,,,,,19.00,,,,27700000,3675457,,false,false,12,2016-04-01,2017-03-31,-1
2018-01-26,22080,2018-03-31,3,,,,,,,,,,,,,,,,,,,,,,,,,,,,,10.00,,,,,,,false,false,12,2017-04-01,2018-03-31,0
2018-01-26,22080,2018-03-31,3,,,,,,,,,,,,,,,,,,,,,,,,,,,,,20.00,,,,,,,false,true,12,2017-04-01,2018-03-31,0
2018-01-26,22080,2018-03-31,3,,,,,,,,,,,,,,,,,,,,,,,,,,,,,,,,,27700000,3675523,24024499,false,false,9,2017-04-01,2017-12-31,0
2018-01-26,22080,2017-03-31,3,,,,,,,,,,,,,,,,,,,,,,,,,,,,,,,,,,,24024655,false,false,9,2016-04-01,2016-12-31,-1
2018-04-27,22080,2018-03-31,,117696000000,0.042,,,,,5177000000,0.077,5322000000,0.141,,3657000000,,152.25,,0.086,0.071,0.044,,79505000000,43984000000,0.553,1830.82,43984000000,10428000000,-5494000000,19000000,17942000000,,0.138,,,,,,true,false,12,2017-04-01,2018-03-31,0
2018-04-27,22080,2017-03-31,,112918000000,0.031,,,,,4809000000,0.101,4666000000,0.124,,3652000000,,152.03,,0.093,0.067,0.043,,70747000000,40714000000,0.575,1694.70,40714000000,6306000000,-6123000000,-1780000000,12996000000,,0.125,,,,,,true,false,12,2016-04-01,2017-03-31,-1
2018-04-27,22080,2019-03-31,,53900000000,0.025,,,,,800000000,-0.317,900000000,-0.306,,600000000,,24.97,,,,,,,,,,,,,,,,,,,,,,true,true,6,2018-04-01,2018-09-30,1
2018-04-27,22080,2019-03-31,,120700000000,0.026,,,,,5200000000,0.004,5300000000,-0.004,,3600000000,,149.85,,,,,,,,,,,,,,,,0.147,,,,,,true,true,12,2018-04-01,2019-03-31,1
2018-04-27,22080,2018-03-31,,113845000000,0.038,,,,,4519000000,0.058,4594000000,0.024,3144000000,,-0.106,130.87,,,,,,78098000000,44747000000,0.573,1862.57,44747000000,,,,,21.00,,,,27700000,3675586,24024484,false,false,12,2017-04-01,2018-03-31,0
2018-04-27,22080,2017-03-31,,109676000000,0.027,,,,,4271000000,0.070,4484000000,0.070,3515000000,,0.349,146.35,,,,,,70105000000,41956000000,0.598,1746.42,41956000000,,,,,19.00,,,,27700000,3675457,24024633,false,false,12,2016-04-01,2017-03-31,-1
2018-04-27,22080,2019-03-31,,,,,,,,,,,,,,,,,,,,,,,,,,,,,,22.00,,,,,,,false,true,12,2018-04-01,2019-03-31,1
2018-07-27,22080,2019-03-31,1,28299000000,0.017,,,,,1215000000,0.089,1449000000,0.254,,1097000000,,45.68,,,,,,76056000000,44824000000,0.589,1865.78,44824000000,,,,,,,,,,,,true,false,3,2018-04-01,2018-06-30,0
2018-07-27,22080,2018-03-31,1,27822000000,0.052,,,,,1116000000,-0.029,1155000000,0.502,,779000000,,32.43,,,,,,,,,,,,,,,,,,,,,,true,false,3,2017-04-01,2017-06-30,-1
2018-07-27,22080,2019-03-31,1,53900000000,0.025,,,,,800000000,-0.317,900000000,-0.306,,600000000,,24.97,,,,,,,,,,,,,,,,,,,,,,true,true,6,2018-04-01,2018-09-30,0
2018-07-27,22080,2019-03-31,1,120700000000,0.026,,,,,5200000000,0.004,5300000000,-0.004,,3600000000,,149.85,,,,,,,,,,,,,,,,,,,,,,true,true,12,2018-04-01,2019-03-31,0
2018-07-27,22080,2018-03-31,1,,,,,,,,,,,,,,,,,,,,79505000000,43984000000,0.553,1830.82,43984000000,,,,,,,,,,,,true,false,12,2017-04-01,2018-03-31,-1
2018-07-27,22080,2018-03-31,1,,,,,,,,,,,,,,,,,,,,,,,,,,,,,21.00,,,,27700000,3675586,,false,false,12,2017-04-01,2018-03-31,-1
2018-07-27,22080,2019-03-31,1,,,,,,,,,,,,,,,,,,,,,,,,,,,,,22.00,,,,,,,false,true,12,2018-04-01,2019-03-31,0
2018-07-27,22080,2019-03-31,1,,,,,,,,,,,,,,,,,,,,,,,,,,,,,,,,,27700000,3675586,24024414,false,false,3,2018-04-01,2018-06-30,0
2018-07-27,22080,2018-03-31,1,,,,,,,,,,,,,,,,,,,,,,,,,,,,,,,,,,,24024529,false,false,3,2017-04-01,2017-06-30,-1
2018-10-26,22080,2019-03-31,2,53466000000,0.017,,,,,1193000000,0.019,1396000000,0.076,,1030000000,,42.91,,,,,,76142000000,44892000000,0.590,1868.61,44892000000,,,,,,,,,,,,true,false,6,2018-04-01,2018-09-30,0
2018-10-26,22080,2018-03-31,2,52595000000,0.025,,,,,1171000000,-0.048,1297000000,0.602,,901000000,,37.50,,,,,,,,,,,,,,,,,,,,,,true,false,6,2017-04-01,2017-09-30,-1
2018-10-26,22080,2019-03-31,2,120700000000,0.026,,,,,5200000000,0.004,5300000000,-0.004,,3600000000,,149.85,,,,,,,,,,,,,,,,,,,,,,true,true,12,2018-04-01,2019-03-31,0
2018-10-26,22080,2018-03-31,2,,,,,,,,,,,,,,,,,,,,79505000000,43984000000,0.553,1830.82,43984000000,,,,,,,,,,,,true,false,12,2017-04-01,2018-03-31,-1
2018-10-26,22080,2018-03-31,2,,,,,,,,,,,,,,,,,,,,,,,,,,,,,21.00,,,,27700000,3675586,,false,false,12,2017-04-01,2018-03-31,-1
2018-10-26,22080,2019-03-31,2,,,,,,,,,,,,,,,,,,,,,,,,,,,,,11.00,,,,,,,false,false,12,2018-04-01,2019-03-31,0
2018-10-26,22080,2019-03-31,2,,,,,,,,,,,,,,,,,,,,,,,,,,,,,22.00,,,,,,,false,true,12,2018-04-01,2019-03-31,0
2018-10-26,22080,2019-03-31,2,,,,,,,,,,,,,,,,,,,,,,,,,,,,,,,,,27700000,3675586,24024414,false,false,6,2018-04-01,2018-09-30,0
2018-10-26,22080,2018-03-31,2,,,,,,,,,,,,,,,,,,,,,,,,,,,,,,,,,,,24024510,false,false,6,2017-04-01,2017-09-30,-1
2019-01-29,22080,2019-03-31,3,85501000000,0.005,,,,,3226000000,-0.002,3325000000,-0.042,,2263000000,,94.21,,,,,,78291000000,45484000000,0.581,1893.27,45484000000,,,,,,,,,,,,true,false,9,2018-04-01,2018-12-31,0
2019-01-29,22080,2018-03-31,3,85088000000,0.032,,,,,3232000000,-0.014,3471000000,0.072,,2418000000,,100.67,,,,,,,,,,,,,,,,,,,,,,true,false,9,2017-04-01,2017-12-31,-1
2019-01-29,22080,2019-03-31,3,120700000000,0.026,,,,,5200000000,0.004,5300000000,-0.004,,3600000000,,149.85,,,,,,,,,,,,,,,,,,,,,,true,true,12,2018-04-01,2019-03-31,0
2019-01-29,22080,2018-03-31,3,,,,,,,,,,,,,,,,,,,,79505000000,43984000000,0.553,1830.82,43984000000,,,,,,,,,,,,true,false,12,2017-04-01,2018-03-31,-1
2019-01-29,22080,2018-03-31,3,,,,,,,,,,,,,,,,,,,,,,,,,,,,,21.00,,,,27700000,3675586,,false,false,12,2017-04-01,2018-03-31,-1
2019-01-29,22080,2019-03-31,3,,,,,,,,,,,,,,,,,,,,,,,,,,,,,11.00,,,,,,,false,false,12,2018-04-01,2019-03-31,0
2019-01-29,22080,2019-03-31,3,,,,,,,,,,,,,,,,,,,,,,,,,,,,,22.00,,,,,,,false,true,12,2018-04-01,2019-03-31,0
2019-01-29,22080,2019-03-31,3,,,,,,,,,,,,,,,,,,,,,,,,,,,,,,,,,27700000,3675613,24024414,false,false,9,2018-04-01,2018-12-31,0
2019-01-29,22080,2018-03-31,3,,,,,,,,,,,,,,,,,,,,,,,,,,,,,,,,,,,24024499,false,false,9,2017-04-01,2017-12-31,-1
2019-04-25,22080,2019-03-31,,117572000000,-0.001,,,,,4449000000,-0.141,4560000000,-0.143,,3117000000,,129.77,,0.069,0.057,0.038,,80026000000,46310000000,0.579,1927.63,46310000000,7084000000,-6081000000,-913000000,18015000000,,0.170,,,,,,true,false,12,2018-04-01,2019-03-31,0
2019-04-25,22080,2018-03-31,,117696000000,0.042,,,,,5177000000,0.077,5322000000,0.141,,3657000000,,152.25,,0.086,0.071,0.044,,79505000000,43984000000,0.553,1830.82,43984000000,10428000000,-5494000000,19000000,17942000000,,0.138,,,,,,true,false,12,2017-04-01,2018-03-31,-1
2019-04-25,22080,2020-03-31,,54600000000,0.021,,,,,1100000000,-0.079,1200000000,-0.140,,800000000,,33.30,,,,,,,,,,,,,,,,,,,,,,true,true,6,2019-04-01,2019-09-30,1
2019-04-25,22080,2020-03-31,,120000000000,0.021,,,,,4500000000,0.011,4600000000,0.009,,3200000000,,133.20,,,,,,,,,,,,,,,,0.173,,,,,,true,true,12,2019-04-01,2020-03-31,1
2019-04-25,22080,2019-03-31,,113540000000,-0.003,,,,,3803000000,-0.158,4129000000,-0.101,2863000000,,-0.089,119.21,,,,,,78586000000,46669000000,0.594,1942.60,46669000000,,,,,22.00,,,,27700000,3675613,24024407,false,false,12,2018-04-01,2019-03-31,0
2019-04-25,22080,2018-03-31,,113845000000,0.038,,,,,4519000000,0.058,4594000000,0.024,3144000000,,-0.106,130.87,,,,,,78098000000,44747000000,0.573,1862.57,44747000000,,,,,21.00,,,,27700000,3675586,24024484,false,false,12,2017-04-01,2018-03-31,-1
2019-04-25,22080,2020-03-31,,,,,,,,,,,,,,,,,,,,,,,,,,,,,,23.00,,,,,,,false,true,12,2019-04-01,2020-03-31,1
2019-07-26,22080,2020-03-31,1,27763000000,-0.019,,,,,477000000,-0.607,480000000,-0.669,,318000000,,13.25,,,,,,77091000000,46201000000,0.599,1923.09,46201000000,,,,,,,,,,,,true,false,3,2019-04-01,2019-06-30,0
2019-07-26,22080,2019-03-31,1,28299000000,0.017,,,,,1215000000,0.089,1449000000,0.254,,1097000000,,45.68,,,,,,,,,,,,,,,,,,,,,,true,false,3,2018-04-01,2018-06-30,-1
2019-07-26,22080,2020-03-31,1,54600000000,0.021,,,,,1100000000,-0.079,1200000000,-0.140,,800000000,,33.30,,,,,,,,,,,,,,,,,,,,,,true,true,6,2019-04-01,2019-09-30,0
2019-07-26,22080,2020-03-31,1,120000000000,0.021,,,,,4500000000,0.011,4600000000,0.009,,3200000000,,133.20,,,,,,,,,,,,,,,,,,,,,,true,true,12,2019-04-01,2020-03-31,0
2019-07-26,22080,2019-03-31,1,,,,,,,,,,,,,,,,,,,,80026000000,46310000000,0.579,1927.63,46310000000,,,,,,,,,,,,true,false,12,2018-04-01,2019-03-31,-1
2019-07-26,22080,2019-03-31,1,,,,,,,,,,,,,,,,,,,,,,,,,,,,,22.00,,,,27700000,3675613,,false,false,12,2018-04-01,2019-03-31,-1
2019-07-26,22080,2020-03-31,1,,,,,,,,,,,,,,,,,,,,,,,,,,,,,23.00,,,,,,,false,true,12,2019-04-01,2020-03-31,0
2019-07-26,22080,2020-03-31,1,,,,,,,,,,,,,,,,,,,,,,,,,,,,,,,,,27700000,3675613,24024387,false,false,3,2019-04-01,2019-06-30,0
2019-07-26,22080,2019-03-31,1,,,,,,,,,,,,,,,,,,,,,,,,,,,,,,,,,,,24024414,false,false,3,2018-04-01,2018-06-30,-1
2019-10-25,22080,2020-03-31,2,52991000000,-0.009,,,,,-49000000,,-113000000,,,-157000000,,-6.55,,,,,,74311000000,45891000000,0.618,1910.22,45891000000,,,,,,,,,,,,true,false,6,2019-04-01,2019-09-30,0
2019-10-25,22080,2019-03-31,2,53466000000,0.017,,,,,1193000000,0.019,1396000000,0.076,,1030000000,,42.91,,,,,,,,,,,,,,,,,,,,,,true,false,6,2018-04-01,2018-09-30,-1
2019-10-25,22080,2020-03-31,2,118000000000,0.004,,,,,3300000000,-0.258,3400000000,-0.255,,2300000000,,95.74,,,,,,,,,,,,,,,,,,,,,,true,true,12,2019-04-01,2020-03-31,0
2019-10-25,22080,2019-03-31,2,,,,,,,,,,,,,,,,,,,,80026000000,46310000000,0.579,1927.63,46310000000,,,,,,,,,,,,true,false,12,2018-04-01,2019-03-31,-1
2019-10-25,22080,2019-03-31,2,,,,,,,,,,,,,,,,,,,,,,,,,,,,,22.00,,,,27700000,3675613,,false,false,12,2018-04-01,2019-03-31,-1
2019-10-25,22080,2020-03-31,2,,,,,,,,,,,,,,,,,,,,,,,,,,,,,11.00,,,,,,,false,false,12,2019-04-01,2020-03-31,0
2019-10-25,22080,2020-03-31,2,,,,,,,,,,,,,,,,,,,,,,,,,,,,,23.00,,,,,,,false,true,12,2019-04-01,2020-03-31,0
2019-10-25,22080,2020-03-31,2,,,,,,,,,,,,,,,,,,,,,,,,,,,,,,,,,27700000,3675613,24024387,false,false,6,2019-04-01,2019-09-30,0
2019-10-25,22080,2019-03-31,2,,,,,,,,,,,,,,,,,,,,,,,,,,,,,,,,,,,24024414,false,false,6,2018-04-01,2018-09-30,-1
2020-01-24,22080,2020-03-31,3,85757000000,0.003,,,,,1590000000,-0.507,1543000000,-0.536,,987000000,,41.10,,,,,,79496000000,46984000000,0.591,1955.71,46984000000,,,,,,,,,,,,true,false,9,2019-04-01,2019-12-31,0
2020-01-24,22080,2019-03-31,3,85501000000,0.005,,,,,3226000000,-0.002,3325000000,-0.042,,2263000000,,94.21,,,,,,,,,,,,,,,,,,,,,,true,false,9,2018-04-01,2018-12-31,-1
2020-01-24,22080,2020-03-31,3,118000000000,0.004,,,,,3300000000,-0.258,3400000000,-0.255,,2300000000,,95.74,,,,,,,,,,,,,,,,,,,,,,true,true,12,2019-04-01,2020-03-31,0
2020-01-24,22080,2019-03-31,3,,,,,,,,,,,,,,,,,,,,80026000000,46310000000,0.579,1927.63,46310000000,,,,,,,,,,,,true,false,12,2018-04-01,2019-03-31,-1
2020-01-24,22080,2019-03-31,3,,,,,,,,,,,,,,,,,,,,,,,,,,,,,22.00,,,,27700000,3675613,,false,false,12,2018-04-01,2019-03-31,-1
2020-01-24,22080,2020-03-31,3,,,,,,,,,,,,,,,,,,,,,,,,,,,,,11.00,,,,,,,false,false,12,2019-04-01,2020-03-31,0
2020-01-24,22080,2020-03-31,3,,,,,,,,,,,,,,,,,,,,,,,,,,,,,23.00,,,,,,,false,true,12,2019-04-01,2020-03-31,0
2020-01-24,22080,2020-03-31,3,,,,,,,,,,,,,,,,,,,,,,,,,,,,,,,,,27700000,3675613,24024387,false,false,9,2019-04-01,2019-12-31,0
2020-01-24,22080,2019-03-31,3,,,,,,,,,,,,,,,,,,,,,,,,,,,,,,,,,,,24024414,false,false,9,2018-04-01,2018-12-31,-1
2020-04-28,22080,2020-03-31,,117551000000,-0.000,,,,,2919000000,-0.344,2899000000,-0.364,,1875000000,,78.08,,0.040,0.037,0.025,,78050000000,47664000000,0.611,1984.02,47664000000,3389000000,-5605000000,-2500000000,13260000000,,0.295,,,,,,true,false,12,2019-04-01,2020-03-31,0
2020-04-28,22080,2019-03-31,,117572000000,-0.001,,,,,4449000000,-0.141,4560000000,-0.143,,3117000000,,129.77,,0.069,0.057,0.038,,80026000000,46310000000,0.579,1927.63,46310000000,7084000000,-6081000000,-913000000,18015000000,,0.170,,,,,,true,false,12,2018-04-01,2019-03-31,-1
2020-04-28,22080,2021-03-31,,53100000000,0.002,,,,,600000000,,500000000,,,300000000,,12.49,,,,,,,,,,,,,,,,,,,,,,true,true,6,2020-04-01,2020-09-30,1
2020-04-28,22080,2021-03-31,,118600000000,0.009,,,,,3600000000,0.233,3600000000,0.242,,2400000000,,99.90,,,,,,,,,,,,,,,,0.230,,,,,,true,true,12,2020-04-01,2021-03-31,1
2020-04-28,22080,2020-03-31,,113670000000,0.001,,,,,2631000000,-0.308,2895000000,-0.299,1937000000,,-0.324,80.64,,,,,,76974000000,47848000000,0.622,1991.67,47848000000,,,,,23.00,,,,27700000,3675613,24024387,false,false,12,2019-04-01,2020-03-31,0
2020-04-28,22080,2019-03-31,,113540000000,-0.003,,,,,3803000000,-0.158,4129000000,-0.101,2863000000,,-0.089,119.21,,,,,,78586000000,46669000000,0.594,1942.60,46669000000,,,,,22.00,,,,27700000,3675613,24024407,false,false,12,2018-04-01,2019-03-31,-1
2020-04-28,22080,2021-03-31,,,,,,,,,,,,,,,,,,,,,,,,,,,,,,23.00,,,,,,,false,true,12,2020-04-01,2021-03-31,1
2020-07-28,22080,2021-03-31,1,27878000000,0.004,,,,,926000000,0.938,939000000,0.956,,590000000,,24.58,,,,,,73552000000,48190000000,0.655,2005.90,48190000000,,,,,,,,,,,,true,false,3,2020-04-01,2020-06-30,0
2020-07-28,22080,2020-03-31,1,27763000000,-0.019,,,,,477000000,-0.607,480000000,-0.669,,318000000,,13.25,,,,,,,,,,,,,,,,,,,,,,true,false,3,2019-04-01,2019-06-30,-1
2020-07-28,22080,2021-03-31,1,53100000000,0.002,,,,,600000000,,500000000,,,300000000,,12.49,,,,,,,,,,,,,,,,,,,,,,true,true,6,2020-04-01,2020-09-30,0
2020-07-28,22080,2021-03-31,1,118600000000,0.009,,,,,3600000000,0.233,3600000000,0.242,,2400000000,,99.90,,,,,,,,,,,,,,,,,,,,,,true,true,12,2020-04-01,2021-03-31,0
2020-07-28,22080,2020-03-31,1,,,,,,,,,,,,,,,,,,,,78050000000,47664000000,0.611,1984.02,47664000000,,,,,,,,,,,,true,false,12,2019-04-01,2020-03-31,-1
2020-07-28,22080,2020-03-31,1,,,,,,,,,,,,,,,,,,,,,,,,,,,,,23.00,,,,27700000,3675613,,false,false,12,2019-04-01,2020-03-31,-1
2020-07-28,22080,2021-03-31,1,,,,,,,,,,,,,,,,,,,,,,,,,,,,,23.00,,,,,,,false,true,12,2020-04-01,2021-03-31,0
2020-07-28,22080,2021-03-31,1,,,,,,,,,,,,,,,,,,,,,,,,,,,,,,,,,27700000,3675613,24024387,false,false,3,2020-04-01,2020-06-30,0
2020-07-28,22080,2020-03-31,1,,,,,,,,,,,,,,,,,,,,,,,,,,,,,,,,,,,24024387,false,false,3,2019-04-01,2019-06-30,-1
2020-10-28,22080,2021-03-31,2,53085000000,0.002,,,,,723000000,,730000000,,,558000000,,23.27,,,,,,74564000000,48155000000,0.646,2004.43,48155000000,,,,,,,,,,,,true,false,6,2020-04-01,2020-09-30,0
2020-10-28,22080,2020-03-31,2,52991000000,-0.009,,,,,-49000000,,-113000000,,,-157000000,,-6.55,,,,,,,,,,,,,,,,,,,,,,true,false,6,2019-04-01,2019-09-30,-1
2020-10-28,22080,2021-03-31,2,118600000000,0.009,,,,,3600000000,0.233,3600000000,0.242,,2400000000,,99.90,,,,,,,,,,,,,,,,,,,,,,true,true,12,2020-04-01,2021-03-31,0
2020-10-28,22080,2020-03-31,2,,,,,,,,,,,,,,,,,,,,78050000000,47664000000,0.611,1984.02,47664000000,,,,,,,,,,,,true,false,12,2019-04-01,2020-03-31,-1
2020-10-28,22080,2020-03-31,2,,,,,,,,,,,,,,,,,,,,,,,,,,,,,23.00,,,,27700000,3675613,,false,false,12,2019-04-01,2020-03-31,-1
2020-10-28,22080,2021-03-31,2,,,,,,,,,,,,,,,,,,,,,,,,,,,,,11.50,,,,,,,false,false,12,2020-04-01,2021-03-31,0
2020-10-28,22080,2021-03-31,2,,,,,,,,,,,,,,,,,,,,,,,,,,,,,23.00,,,,,,,false,true,12,2020-04-01,2021-03-31,0
2020-10-28,22080,2021-03-31,2,,,,,,,,,,,,,,,,,,,,,,,,,,,,,,,,,27700000,3675613,24024387,false,false,6,2020-04-01,2020-09-30,0
2020-10-28,22080,2020-03-31,2,,,,,,,,,,,,,,,,,,,,,,,,,,,,,,,,,,,24024387,false,false,6,2019-04-01,2019-09-30,-1
2021-01-27,22080,2021-03-31,3,86564000000,0.009,,,,,2762000000,0.737,2871000000,0.860,,2082000000,,86.68,,,,,,79113000000,49388000000,0.624,2055.75,49388000000,,,,,,,,,,,,true,false,9,2020-04-01,2020-12-31,0
2021-01-27,22080,2020-03-31,3,85757000000,0.003,,,,,1590000000,-0.507,1543000000,-0.536,,987000000,,41.10,,,,,,,,,,,,,,,,,,,,,,true,false,9,2019-04-01,2019-12-31,-1
2021-01-27,22080,2021-03-31,3,118600000000,0.009,,,,,3600000000,0.233,3600000000,0.242,,2400000000,,99.90,,,,,,,,,,,,,,,,,,,,,,true,true,12,2020-04-01,2021-03-31,0
2021-01-27,22080,2020-03-31,3,,,,,,,,,,,,,,,,,,,,78050000000,47664000000,0.611,1984.02,47664000000,,,,,,,,,,,,true,false,12,2019-04-01,2020-03-31,-1
2021-01-27,22080,2020-03-31,3,,,,,,,,,,,,,,,,,,,,,,,,,,,,,23.00,,,,27700000,3675613,,false,false,12,2019-04-01,2020-03-31,-1
2021-01-27,22080,2021-03-31,3,,,,,,,,,,,,,,,,,,,,,,,,,,,,,11.50,,,,,,,false,false,12,2020-04-01,2021-03-31,0
2021-01-27,22080,2021-03-31,3,,,,,,,,,,,,,,,,,,,,,,,,,,,,,24.00,,,,,,,false,true,12,2020-04-01,2021-03-31,0
2021-01-27,22080,2021-03-31,3,,,,,,,,,,,,,,,,,,,,,,,,,,,,,,,,,27700000,3675613,24024387,false,false,9,2020-04-01,2020-12-31,0
2021-01-27,22080,2020-03-31,3,,,,,,,,,,,,,,,,,,,,,,,,,,,,,,,,,,,24024387,false,false,9,2019-04-01,2019-12-31,-1
2021-04-28,22080,2021-03-31,,118443000000,0.008,,,,,4179000000,0.431,4676000000,0.613,,3167000000,,131.84,,0.064,0.060,0.035,,78872000000,50561000000,0.641,2104.61,50561000000,8055000000,-5635000000,-932000000,14778000000,,0.182,,,,,,true,false,12,2020-04-01,2021-03-31,0
2021-04-28,22080,2020-03-31,,117551000000,-0.000,,,,,2919000000,-0.344,2899000000,-0.364,,1875000000,,78.08,,0.040,0.037,0.025,,78050000000,47664000000,0.611,1984.02,47664000000,3389000000,-5605000000,-2500000000,13260000000,,0.295,,,,,,true,false,12,2019-04-01,2020-03-31,-1
2021-04-28,22080,2022-03-31,,42500000000,,,,,,1000000000,,1000000000,,,600000000,,24.97,,,,,,,,,,,,,,,,,,,,,,true,true,6,2021-04-01,2021-09-30,1
2021-04-28,22080,2022-03-31,,94500000000,,,,,,4700000000,,4700000000,,,3200000000,,133.20,,,,,,,,,,,,,,,,0.188,,,,,,true,true,12,2021-04-01,2022-03-31,1
2021-04-28,22080,2021-03-31,,115607000000,0.017,,,,,3875000000,0.473,4159000000,0.436,2764000000,,0.427,115.05,,,,,,77570000000,50363000000,0.649,2096.35,50363000000,,,,,24.00,,,,27700000,3675613,24024387,false,false,12,2020-04-01,2021-03-31,0
2021-04-28,22080,2020-03-31,,113670000000,0.001,,,,,2631000000,-0.308,2895000000,-0.299,1937000000,,-0.324,80.64,,,,,,76974000000,47848000000,0.622,1991.67,47848000000,,,,,23.00,,,,27700000,3675613,24024387,false,false,12,2019-04-01,2020-03-31,-1
2021-04-28,22080,2022-03-31,,,,,,,,,,,,,,,,,,,,,,,,,,,,,,25.00,,,,,,,false,true,12,2021-04-01,2022-03-31,1
2021-07-28,22080,2022-03-31,1,23637000000,,,,,,1509000000,,1612000000,,,1085000000,,45.20,,,,,,76659000000,50882000000,0.664,2117.94,50882000000,,,,,,,,,,,,true,false,3,2021-04-01,2021-06-30,0
2021-07-28,22080,2021-03-31,1,27878000000,0.004,,,,,926000000,0.938,939000000,0.956,,590000000,,24.58,,,,,,,,,,,,,,,,,,,,,,true,false,3,2020-04-01,2020-06-30,-1
2021-07-28,22080,2022-03-31,1,42500000000,,,,,,1000000000,,1000000000,,,600000000,,24.97,,,,,,,,,,,,,,,,,,,,,,true,true,6,2021-04-01,2021-09-30,0
2021-07-28,22080,2022-03-31,1,94500000000,,,,,,4700000000,,4700000000,,,3200000000,,133.20,,,,,,,,,,,,,,,,,,,,,,true,true,12,2021-04-01,2022-03-31,0
2021-07-28,22080,2021-03-31,1,,,,,,,,,,,,,,,,,,,,78872000000,50561000000,0.641,2104.61,50561000000,,,,,,,,,,,,true,false,12,2020-04-01,2021-03-31,-1
2021-07-28,22080,2021-03-31,1,,,,,,,,,,,,,,,,,,,,,,,,,,,,,24.00,,,,27700000,3675613,,false,false,12,2020-04-01,2021-03-31,-1
2021-07-28,22080,2022-03-31,1,,,,,,,,,,,,,,,,,,,,,,,,,,,,,25.00,,,,,,,false,true,12,2021-04-01,2022-03-31,0
2021-07-28,22080,2022-03-31,1,,,,,,,,,,,,,,,,,,,,,,,,,,,,,,,,,27700000,3675613,24024387,false,false,3,2021-04-01,2021-06-30,0
2021-07-28,22080,2021-03-31,1,,,,,,,,,,,,,,,,,,,,,,,,,,,,,,,,,,,24024387,false,false,3,2020-04-01,2020-06-30,-1
2021-10-28,2208,2022-03-31,2,44219000000,,,,,,1794000000,,2013000000,,,1380000000,,57.44,,,,,,78099000000,51198000000,0.656,2131.10,51198000000,,,,,,,,,,,,true,false,6,2021-04-01,2021-09-30,0
2021-10-28,2208,2021-03-31,2,53085000000,0.002,,,,,723000000,,730000000,,,558000000,,23.27,,,,,,,,,,,,,,,,,,,,,,true,false,6,2020-04-01,2020-09-30,-1
2021-10-28,2208,2022-03-31,2,94500000000,,,,,,4700000000,,4700000000,,,3200000000,,133.20,,,,,,,,,,,,,,,,,,,,,,true,true,12,2021-04-01,2022-03-31,0
2021-10-28,2208,2021-03-31,2,,,,,,,,,,,,,,,,,,,,78872000000,50561000000,0.641,2104.61,50561000000,,,,,,,,,,,,true,false,12,2020-04-01,2021-03-31,-1
2021-10-28,2208,2021-03-31,2,,,,,,,,,,,,,,,,,,,,,,,,,,,,,24.00,,,,27700000,3675613,,false,false,12,2020-04-01,2021-03-31,-1
2021-10-28,2208,2022-03-31,2,,,,,,,,,,,,,,,,,,,,,,,,,,,,,12.50,,,,,,,false,false,12,2021-04-01,2022-03-31,0
2021-10-28,2208,2022-03-31,2,,,,,,,,,,,,,,,,,,,,,,,,,,,,,25.00,,,,,,,false,true,12,2021-04-01,2022-03-31,0
2021-10-28,2208,2022-03-31,2,,,,,,,,,,,,,,,,,,,,,,,,,,,,,,,,,27700000,3675613,24024387,false,false,6,2021-04-01,2021-09-30,0
2021-10-28,2208,2021-03-31,2,,,,,,,,,,,,,,,,,,,,,,,,,,,,,,,,,,,24024387,false,false,6,2020-04-01,2020-09-30,-1
2022-01-27,2208,2022-03-31,3,69703000000,,,,,,3329000000,,3653000000,,,2475000000,,103.05,,,,,,83647000000,51890000000,0.620,2159.91,51890000000,,,,,,,,,,,,true,false,9,2021-04-01,2021-12-31,0
2022-01-27,2208,2021-03-31,3,86564000000,0.009,,,,,2762000000,0.737,2871000000,0.860,,2082000000,,86.68,,,,,,,,,,,,,,,,,,,,,,true,false,9,2020-04-01,2020-12-31,-1
2022-01-27,2208,2022-03-31,3,94500000000,,,,,,4700000000,,4700000000,,,3200000000,,133.20,,,,,,,,,,,,,,,,,,,,,,true,true,12,2021-04-01,2022-03-31,0
2022-01-27,2208,2021-03-31,3,,,,,,,,,,,,,,,,,,,,78872000000,50561000000,0.641,2104.61,50561000000,,,,,,,,,,,,true,false,12,2020-04-01,2021-03-31,-1
2022-01-27,2208,2021-03-31,3,,,,,,,,,,,,,,,,,,,,,,,,,,,,,24.00,,,,27700000,3675613,,false,false,12,2020-04-01,2021-03-31,-1
2022-01-27,2208,2022-03-31,3,,,,,,,,,,,,,,,,,,,,,,,,,,,,,12.50,,,,,,,false,false,12,2021-04-01,2022-03-31,0
2022-01-27,2208,2022-03-31,3,,,,,,,,,,,,,,,,,,,,,,,,,,,,,25.00,,,,,,,false,true,12,2021-04-01,2022-03-31,0
2022-01-27,2208,2022-03-31,3,,,,,,,,,,,,,,,,,,,,,,,,,,,,,,,,,27700000,3675613,24024387,false,false,9,2021-04-01,2021-12-31,0
2022-01-27,2208,2021-03-31,3,,,,,,,,,,,,,,,,,,,,,,,,,,,,,,,,,,,24024387,false,false,9,2020-04-01,2020-12-31,-1
2022-04-28,2208,2022-03-31,,94451000000,,,,,,4117000000,,4745000000,,,3374000000,,140.47,,0.065,0.059,0.044,,83262000000,52786000000,0.634,2197.20,52786000000,8090000000,-5121000000,-1085000000,16793000000,,0.178,,,,,,true,false,12,2021-04-01,2022-03-31,0
2022-04-28,2208,2021-03-31,,118443000000,0.008,,,,,4179000000,0.431,4676000000,0.613,,3167000000,,131.84,,0.064,0.060,0.035,,78872000000,50561000000,0.641,2104.61,50561000000,8055000000,-5635000000,-932000000,14778000000,,0.182,,,,,,true,false,12,2020-04-01,2021-03-31,-1
2022-04-28,2208,2023-03-31,,45000000000,0.018,,,,,500000000,-0.721,600000000,-0.702,,300000000,,12.49,,,,,,,,,,,,,,,,,,,,,,true,true,6,2022-04-01,2022-09-30,1
2022-04-28,2208,2023-03-31,,99000000000,0.048,,,,,3000000000,-0.271,3000000000,-0.368,,2000000000,,83.25,,,,,,,,,,,,,,,,0.312,,,,,,true,true,12,2022-04-01,2023-03-31,1
2022-04-28,2208,2022-03-31,,91408000000,,,,,,3602000000,,4028000000,,2820000000,,,117.39,,,,,,81814000000,52243000000,0.639,2174.62,52243000000,,,,,25.00,,,,27700000,3675613,24024387,false,false,12,2021-04-01,2022-03-31,0
2022-04-28,2208,2021-03-31,,115607000000,0.017,,,,,3875000000,0.473,4159000000,0.436,2764000000,,0.427,115.05,,,,,,77570000000,50363000000,0.649,2096.35,50363000000,,,,,24.00,,,,27700000,3675613,24024387,false,false,12,2020-04-01,2021-03-31,-1
2022-04-28,2208,2023-03-31,,,,,,,,,,,,,,,,,,,,,,,,,,,,,,26.00,,,,,,,false,true,12,2022-04-01,2023-03-31,1
2022-07-29,2208,2023-03-31,1,22912000000,-0.031,,,,,490000000,-0.675,904000000,-0.439,,576000000,,23.98,,,,,,79601000000,52938000000,0.665,2203.53,52938000000,,,,,,,,,,,,true,false,3,2022-04-01,2022-06-30,0
2022-07-29,2208,2022-03-31,1,23637000000,,,,,,1509000000,,1612000000,,,1085000000,,45.20,,,,,,,,,,,,,,,,,,,,,,true,false,3,2021-04-01,2021-06-30,-1
2022-07-29,2208,2023-03-31,1,43000000000,-0.028,,,,,100000000,-0.944,500000000,-0.752,,200000000,,8.32,,,,,,,,,,,,,,,,,,,,,,true,true,6,2022-04-01,2022-09-30,0
2022-07-29,2208,2023-03-31,1,96000000000,0.016,,,,,1200000000,-0.709,1700000000,-0.642,,1100000000,,45.79,,,,,,,,,,,,,,,,,,,,,,true,true,12,2022-04-01,2023-03-31,0
2022-07-29,2208,2022-03-31,1,,,,,,,,,,,,,,,,,,,,83262000000,52786000000,0.634,2197.20,52786000000,,,,,,,,,,,,true,false,12,2021-04-01,2022-03-31,-1
2022-07-29,2208,2022-03-31,1,,,,,,,,,,,,,,,,,,,,,,,,,,,,,25.00,,,,27700000,3675613,,false,false,12,2021-04-01,2022-03-31,-1
2022-07-29,2208,2023-03-31,1,,,,,,,,,,,,,,,,,,,,,,,,,,,,,26.00,,,,,,,false,true,12,2022-04-01,2023-03-31,0
2022-07-29,2208,2023-03-31,1,,,,,,,,,,,,,,,,,,,,,,,,,,,,,,,,,27700000,3675613,24024387,false,false,3,2022-04-01,2022-06-30,0
2022-07-29,2208,2022-03-31,1,,,,,,,,,,,,,,,,,,,,,,,,,,,,,,,,,,,24024387,false,false,3,2021-04-01,2021-06-30,-1
2022-10-28,2208,2023-03-31,2,42920000000,-0.029,,,,,-275000000,,219000000,-0.891,,122000000,,5.12,,,,,,80529000000,52385000000,0.651,2180.51,52385000000,,,,,,,,,,,,true,false,6,2022-04-01,2022-09-30,0
2022-10-28,2208,2022-03-31,2,44219000000,,,,,,1794000000,,2013000000,,,1380000000,,57.44,,,,,,,,,,,,,,,,,,,,,,true,false,6,2021-04-01,2021-09-30,-1
2022-10-28,2208,2023-03-31,2,96000000000,0.016,,,,,500000000,-0.879,900000000,-0.810,,500000000,,20.81,,,,,,,,,,,,,,,,,,,,,,true,true,12,2022-04-01,2023-03-31,0
2022-10-28,2208,2022-03-31,2,,,,,,,,,,,,,,,,,,,,83262000000,52786000000,0.634,2197.20,52786000000,,,,,,,,,,,,true,false,12,2021-04-01,2022-03-31,-1
2022-10-28,2208,2022-03-31,2,,,,,,,,,,,,,,,,,,,,,,,,,,,,,25.00,,,,27000000,3675613,,false,false,12,2021-04-01,2022-03-31,-1
2022-10-28,2208,2023-03-31,2,,,,,,,,,,,,,,,,,,,,,,,,,,,,,13.00,,,,,,,false,false,12,2022-04-01,2023-03-31,0
2022-10-28,2208,2023-03-31,2,,,,,,,,,,,,,,,,,,,,,,,,,,,,,26.00,,,,,,,false,true,12,2022-04-01,2023-03-31,0
2022-10-28,2208,2023-03-31,2,,,,,,,,,,,,,,,,,,,,,,,,,,,,,,,,,27000000,3675613,24024387,false,false,6,2022-04-01,2022-09-30,0
2022-10-28,2208,2022-03-31,2,,,,,,,,,,,,,,,,,,,,,,,,,,,,,,,,,,,24024387,false,false,6,2021-04-01,2021-09-30,-1
2022-10-28,2208,2023-03-31,2,42920000000,-0.029,,,,,-275000000,,219000000,-0.891,,122000000,,5.12,,,,,,80529000000,52385000000,0.651,2180.51,52385000000,,,,,,,,,,,,true,false,6,2022-04-01,2022-09-30,0
2022-10-28,2208,2022-03-31,2,44219000000,,,,,,1794000000,,2013000000,,,1380000000,,57.44,,,,,,,,,,,,,,,,,,,,,,true,false,6,2021-04-01,2021-09-30,-1
2022-10-28,2208,2023-03-31,2,96000000000,0.016,,,,,500000000,-0.879,900000000,-0.810,,500000000,,20.81,,,,,,,,,,,,,,,,,,,,,,true,true,12,2022-04-01,2023-03-31,0
2022-10-28,2208,2022-03-31,2,,,,,,,,,,,,,,,,,,,,83262000000,52786000000,0.634,2197.20,52786000000,,,,,,,,,,,,true,false,12,2021-04-01,2022-03-31,-1
2022-10-28,2208,2022-03-31,2,,,,,,,,,,,,,,,,,,,,,,,,,,,,,25.00,,,,27700000,3675613,,false,false,12,2021-04-01,2022-03-31,-1
2022-10-28,2208,2023-03-31,2,,,,,,,,,,,,,,,,,,,,,,,,,,,,,13.00,,,,,,,false,false,12,2022-04-01,2023-03-31,0
2022-10-28,2208,2023-03-31,2,,,,,,,,,,,,,,,,,,,,,,,,,,,,,26.00,,,,,,,false,true,12,2022-04-01,2023-03-31,0
2022-10-28,2208,2023-03-31,2,,,,,,,,,,,,,,,,,,,,,,,,,,,,,,,,,27700000,3675613,24024387,false,false,6,2022-04-01,2022-09-30,0
2022-10-28,2208,2022-03-31,2,,,,,,,,,,,,,,,,,,,,,,,,,,,,,,,,,,,24024387,false,false,6,2021-04-01,2021-09-30,-1
2023-01-30,2208,2023-03-31,3,70598000000,0.013,,,,,663000000,-0.801,840000000,-0.770,,479000000,,19.96,,,,,,88833000000,52614000000,0.592,2190.04,52614000000,,,,,,,,,,,,true,false,9,2022-04-01,2022-12-31,0
2023-01-30,2208,2022-03-31,3,69703000000,,,,,,3329000000,,3653000000,,,2475000000,,103.05,,,,,,,,,,,,,,,,,,,,,,true,false,9,2021-04-01,2021-12-31,-1
2023-01-30,2208,2023-03-31,3,96000000000,0.016,,,,,1000000000,-0.757,1200000000,-0.747,,700000000,,29.14,,,,,,,,,,,,,,,,,,,,,,true,true,12,2022-04-01,2023-03-31,0
2023-01-30,2208,2022-03-31,3,,,,,,,,,,,,,,,,,,,,83262000000,52786000000,0.634,2197.20,52786000000,,,,,,,,,,,,true,false,12,2021-04-01,2022-03-31,-1
2023-01-30,2208,2022-03-31,3,,,,,,,,,,,,,,,,,,,,,,,,,,,,,25.00,,,,27700000,3675613,,false,false,12,2021-04-01,2022-03-31,-1
2023-01-30,2208,2023-03-31,3,,,,,,,,,,,,,,,,,,,,,,,,,,,,,13.00,,,,,,,false,false,12,2022-04-01,2023-03-31,0
2023-01-30,2208,2023-03-31,3,,,,,,,,,,,,,,,,,,,,,,,,,,,,,26.00,,,,,,,false,true,12,2022-04-01,2023-03-31,0
2023-01-30,2208,2023-03-31,3,,,,,,,,,,,,,,,,,,,,,,,,,,,,,,,,,27700000,3675613,24024387,false,false,9,2022-04-01,2022-12-31,0
2023-01-30,2208,2022-03-31,3,,,,,,,,,,,,,,,,,,,,,,,,,,,,,,,,,,,24024387,false,false,9,2021-04-01,2021-12-31,-1
2023-04-28,2208,2023-03-31,,97383000000,0.031,,,,,1613000000,-0.608,1838000000,-0.613,,1096000000,,45.64,,0.021,0.022,0.017,,87630000000,53540000000,0.611,2228.59,53540000000,2117000000,-6739000000,3970000000,16183000000,,0.570,,,,,,true,false,12,2022-04-01,2023-03-31,0
2023-04-28,2208,2022-03-31,,94451000000,,,,,,4117000000,,4745000000,,,3374000000,,140.47,,0.065,0.059,0.044,,83262000000,52786000000,0.634,2197.20,52786000000,8090000000,-5121000000,-1085000000,16793000000,,0.178,,,,,,true,false,12,2021-04-01,2022-03-31,-1
2023-04-28,2208,2024-03-31,,45000000000,0.048,,,,,300000000,,400000000,0.821,,300000000,,12.49,,,,,,,,,,,,,,,,,,,,,,true,true,6,2023-04-01,2023-09-30,1
2023-04-28,2208,2024-03-31,,102000000000,0.047,,,,,3000000000,0.859,3200000000,0.741,,2200000000,,91.57,,,,,,,,,,,,,,,,0.295,,,,,,true,true,12,2023-04-01,2024-03-31,1
2023-04-28,2208,2023-03-31,,93775000000,0.026,,,,,1438000000,-0.601,1721000000,-0.573,1397000000,,-0.505,58.16,,,,,,86189000000,53302000000,0.618,2218.68,53302000000,,,,,26.00,,,,27700000,3675613,24024387,false,false,12,2022-04-01,2023-03-31,0
2023-04-28,2208,2022-03-31,,91408000000,,,,,,3602000000,,4028000000,,2820000000,,,117.39,,,,,,81814000000,52243000000,0.639,2174.62,52243000000,,,,,25.00,,,,27700000,3675613,24024387,false,false,12,2021-04-01,2022-03-31,-1
2023-04-28,2208,2024-03-31,,,,,,,,,,,,,,,,,,,,,,,,,,,,,,27.00,,,,,,,false,true,12,2023-04-01,2024-03-31,1
2023-07-28,2208,2024-03-31,1,24850000000,0.085,,,,,670000000,0.367,876000000,-0.030,,533000000,,22.21,,,,,,85446000000,53823000000,0.630,2240.37,53823000000,,,,,,,,,,,,true,false,3,2023-04-01,2023-06-30,0
2023-07-28,2208,2023-03-31,1,22912000000,-0.031,,,,,490000000,-0.675,904000000,-0.439,,576000000,,23.98,,,,,,,,,,,,,,,,,,,,,,true,false,3,2022-04-01,2022-06-30,-1
2023-07-28,2208,2024-03-31,1,45000000000,0.048,,,,,300000000,,400000000,0.821,,300000000,,12.49,,,,,,,,,,,,,,,,,,,,,,true,true,6,2023-04-01,2023-09-30,0
2023-07-28,2208,2024-03-31,1,102000000000,0.047,,,,,3000000000,0.859,3200000000,0.741,,2200000000,,91.57,,,,,,,,,,,,,,,,,,,,,,true,true,12,2023-04-01,2024-03-31,0
2023-07-28,2208,2023-03-31,1,,,,,,,,,,,,,,,,,,,,87630000000,53540000000,0.611,2228.59,53540000000,,,,,,,,,,,,true,false,12,2022-04-01,2023-03-31,-1
2023-07-28,2208,2023-03-31,1,,,,,,,,,,,,,,,,,,,,,,,,,,,,,26.00,,,,27700000,3675613,,false,false,12,2022-04-01,2023-03-31,-1
2023-07-28,2208,2024-03-31,1,,,,,,,,,,,,,,,,,,,,,,,,,,,,,27.00,,,,,,,false,true,12,2023-04-01,2024-03-31,0
2023-07-28,2208,2024-03-31,1,,,,,,,,,,,,,,,,,,,,,,,,,,,,,,,,,27700000,3675613,24024387,false,false,3,2023-04-01,2023-06-30,0
2023-07-28,2208,2023-03-31,1,,,,,,,,,,,,,,,,,,,,,,,,,,,,,,,,,,,24024387,false,false,3,2022-04-01,2022-06-30,-1
2023-10-27,2208,2024-03-31,2,46162000000,0.076,,,,,323000000,,647000000,1.947,,458000000,,19.10,,,,,,88247000000,53763000000,0.609,2237.88,53763000000,,,,,,,,,,,,true,false,6,2023-04-01,2023-09-30,0
2023-10-27,2208,2023-03-31,2,42920000000,-0.029,,,,,-275000000,,219000000,-0.891,,122000000,,5.12,,,,,,,,,,,,,,,,,,,,,,true,false,6,2022-04-01,2022-09-30,-1
2023-10-27,2208,2024-03-31,2,102000000000,0.047,,,,,3000000000,0.859,3200000000,0.741,,2200000000,,91.57,,,,,,,,,,,,,,,,,,,,,,true,true,12,2023-04-01,2024-03-31,0
2023-10-27,2208,2023-03-31,2,,,,,,,,,,,,,,,,,,,,87630000000,53540000000,0.611,2228.59,53540000000,,,,,,,,,,,,true,false,12,2022-04-01,2023-03-31,-1
2023-10-27,2208,2023-03-31,2,,,,,,,,,,,,,,,,,,,,,,,,,,,,,26.00,,,,27700000,3675613,,false,false,12,2022-04-01,2023-03-31,-1
2023-10-27,2208,2024-03-31,2,,,,,,,,,,,,,,,,,,,,,,,,,,,,,13.50,,,,,,,false,false,12,2023-04-01,2024-03-31,0
2023-10-27,2208,2024-03-31,2,,,,,,,,,,,,,,,,,,,,,,,,,,,,,27.00,,,,,,,false,true,12,2023-04-01,2024-03-31,0
2023-10-27,2208,2024-03-31,2,,,,,,,,,,,,,,,,,,,,,,,,,,,,,,,,,27700000,3675659,24024381,false,false,6,2023-04-01,2023-09-30,0
2023-10-27,2208,2023-03-31,2,,,,,,,,,,,,,,,,,,,,,,,,,,,,,,,,,,,24024387,false,false,6,2022-04-01,2022-09-30,-1
2024-01-30,2208,2024-03-31,3,75275000000,0.066,,,,,1967000000,1.966,2217000000,1.639,,1607000000,,66.92,,,,,,91621000000,54676000000,0.597,2275.88,54676000000,,,,,,,,,,,,true,false,9,2023-04-01,2023-12-31,0
2024-01-30,2208,2023-03-31,3,70598000000,0.013,,,,,663000000,-0.801,840000000,-0.770,,479000000,,19.96,,,,,,,,,,,,,,,,,,,,,,true,false,9,2022-04-01,2022-12-31,-1
2024-01-30,2208,2024-03-31,3,102000000000,0.047,,,,,3000000000,0.859,3200000000,0.741,,2200000000,,91.57,,,,,,,,,,,,,,,,,,,,,,true,true,12,2023-04-01,2024-03-31,0
2024-01-30,2208,2023-03-31,3,,,,,,,,,,,,,,,,,,,,87630000000,53540000000,0.611,2228.59,53540000000,,,,,,,,,,,,true,false,12,2022-04-01,2023-03-31,-1
2024-01-30,2208,2023-03-31,3,,,,,,,,,,,,,,,,,,,,,,,,,,,,,26.00,,,,27700000,3675613,,false,false,12,2022-04-01,2023-03-31,-1
2024-01-30,2208,2024-03-31,3,,,,,,,,,,,,,,,,,,,,,,,,,,,,,13.50,,,,,,,false,false,12,2023-04-01,2024-03-31,0
2024-01-30,2208,2024-03-31,3,,,,,,,,,,,,,,,,,,,,,,,,,,,,,27.00,,,,,,,false,true,12,2023-04-01,2024-03-31,0
2024-01-30,2208,2024-03-31,3,,,,,,,,,,,,,,,,,,,,,,,,,,,,,,,,,27700000,3675659,24024368,false,false,9,2023-04-01,2023-12-31,0
2024-01-30,2208,2023-03-31,3,,,,,,,,,,,,,,,,,,,,,,,,,,,,,,,,,,,24024387,false,false,9,2022-04-01,2022-12-31,-1
2024-04-26,2208,2024-03-31,,103717000000,0.065,,,,,3810000000,1.361,4283000000,1.330,,3071000000,,127.85,,0.056,0.047,0.037,,94233000000,56434000000,0.599,2349.05,56434000000,9811000000,-5295000000,-1181000000,19575000000,,0.211,,,,,,true,false,12,2023-04-01,2024-03-31,0
2024-04-26,2208,2023-03-31,,97383000000,0.031,,,,,1613000000,-0.608,1838000000,-0.613,,1096000000,,45.64,,0.021,0.022,0.017,,87630000000,53540000000,0.611,2228.59,53540000000,2117000000,-6739000000,3970000000,16183000000,,0.570,,,,,,true,false,12,2022-04-01,2023-03-31,-1
2024-04-26,2208,2025-03-31,,47900000000,0.038,,,,,600000000,0.857,600000000,-0.073,,600000000,,24.97,,,,,,,,,,,,,,,,,,,,,,true,true,6,2024-04-01,2024-09-30,1
2024-04-26,2208,2025-03-31,,108300000000,0.044,,,,,4100000000,0.076,4200000000,-0.019,,3100000000,,128.27,,,,,,,,,,,,,,,,0.288,,,,,,true,true,12,2024-04-01,2025-03-31,1
2024-04-26,2208,2024-03-31,,99995000000,0.066,,,,,3569000000,1.481,4408000000,1.560,3246000000,,1.324,135.15,,,,,,93414000000,56503000000,0.605,2351.91,56503000000,,,,,27.00,,,,27700000,3675659,24024361,false,false,12,2023-04-01,2024-03-31,0
2024-04-26,2208,2023-03-31,,93775000000,0.026,,,,,1438000000,-0.601,1721000000,-0.573,1397000000,,-0.505,58.16,,,,,,86189000000,53302000000,0.618,2218.68,53302000000,,,,,26.00,,,,27700000,3675613,24024387,false,false,12,2022-04-01,2023-03-31,-1
2024-04-26,2208,2025-03-31,,,,,,,,,,,,,,,,,,,,,,,,,,,,,,37.00,,,,,,,false,true,12,2024-04-01,2025-03-31,1
2024-07-30,2208,2025-03-31,1,27085000000,0.090,,,,,1609000000,1.400,1916000000,1.185,,1518000000,,63.23,,,,,,92300000000,57224000000,0.620,2381.95,57224000000,,,,,,,,,,,,true,false,3,2024-04-01,2024-06-30,0
2024-07-30,2208,2024-03-31,1,24850000000,0.085,,,,,670000000,0.367,876000000,-0.030,,533000000,,22.21,,,,,,,,,,,,,,,,,,,,,,true,false,3,2023-04-01,2023-06-30,-1
2024-07-30,2208,2025-03-31,1,49300000000,0.068,,,,,1300000000,3.023,1600000000,1.472,,1200000000,,49.95,,,,,,,,,,,,,,,,,,,,,,true,true,6,2024-04-01,2024-09-30,0
2024-07-30,2208,2025-03-31,1,108300000000,0.044,,,,,4100000000,0.076,4200000000,-0.019,,3100000000,,128.27,,,,,,,,,,,,,,,,,,,,,,true,true,12,2024-04-01,2025-03-31,0
2024-07-30,2208,2024-03-31,1,,,,,,,,,,,,,,,,,,,,94233000000,56434000000,0.599,2349.05,56434000000,,,,,,,,,,,,true,false,12,2023-04-01,2024-03-31,-1
2024-07-30,2208,2024-03-31,1,,,,,,,,,,,,,,,,,,,,,,,,,,,,,27.00,,,,27700000,3675659,,false,false,12,2023-04-01,2024-03-31,-1
2024-07-30,2208,2025-03-31,1,,,,,,,,,,,,,,,,,,,,,,,,,,,,,37.00,,,,,,,false,true,12,2024-04-01,2025-03-31,0
2024-07-30,2208,2025-03-31,1,,,,,,,,,,,,,,,,,,,,,,,,,,,,,,,,,27700000,3675659,24024341,false,false,3,2024-04-01,2024-06-30,0
2024-07-30,2208,2024-03-31,1,,,,,,,,,,,,,,,,,,,,,,,,,,,,,,,,,,,24024387,false,false,3,2023-04-01,2023-06-30,-1
2024-10-30,2208,2025-03-31,2,51281000000,0.111,,,,,2060000000,5.377,2055000000,2.176,,1721000000,,71.67,,,,,,88902000000,57535000000,0.647,2394.89,57535000000,,,,,,,,,,,,true,false,6,2024-04-01,2024-09-30,0
2024-10-30,2208,2024-03-31,2,46162000000,0.076,,,,,323000000,,647000000,1.947,,458000000,,19.10,,,,,,,,,,,,,,,,,,,,,,true,false,6,2023-04-01,2023-09-30,-1
2024-10-30,2208,2025-03-31,2,111300000000,0.073,,,,,5400000000,0.417,5400000000,0.261,,3800000000,,157.23,,,,,,,,,,,,,,,,,,,,,,true,true,12,2024-04-01,2025-03-31,0
2024-10-30,2208,2024-03-31,2,,,,,,,,,,,,,,,,,,,,94233000000,56434000000,0.599,2349.05,56434000000,,,,,,,,,,,,true,false,12,2023-04-01,2024-03-31,-1
2024-10-30,2208,2024-03-31,2,,,,,,,,,,,,,,,,,,,,,,,,,,,,,27.00,,,,27700000,3675659,,false,false,12,2023-04-01,2024-03-31,-1
2024-10-30,2208,2025-03-31,2,,,,,,,,,,,,,,,,,,,,,,,,,,,,,18.50,,,,,,,false,false,12,2024-04-01,2025-03-31,0
2024-10-30,2208,2025-03-31,2,,,,,,,,,,,,,,,,,,,,,,,,,,,,,37.00,,,,,,,false,true,12,2024-04-01,2025-03-31,0
2024-10-30,2208,2025-03-31,2,,,,,,,,,,,,,,,,,,,,,,,,,,,,,,,,,27700000,3675692,24024335,false,false,6,2024-04-01,2024-09-30,0
2024-10-30,2208,2024-03-31,2,,,,,,,,,,,,,,,,,,,,,,,,,,,,,,,,,,,24024381,false,false,6,2023-04-01,2023-09-30,-1
2025-01-30,2208,2025-03-31,3,82824000000,0.100,,,,,4932000000,1.507,5200000000,1.345,,3682000000,,153.14,,,,,,95904000000,59383000000,0.619,2456.36,59383000000,,,,,,,,,,,,true,false,9,2024-04-01,2024-12-31,0
2025-01-30,2208,2024-03-31,3,75275000000,0.066,,,,,1967000000,1.966,2217000000,1.639,,1607000000,,66.92,,,,,,,,,,,,,,,,,,,,,,true,false,9,2023-04-01,2023-12-31,-1
2025-01-30,2208,2025-03-31,3,112200000000,0.082,,,,,6500000000,0.706,6800000000,0.588,,5000000000,,207.65,,,,,,,,,,,,,,,,,,,,,,true,true,12,2024-04-01,2025-03-31,0
2025-01-30,2208,2024-03-31,3,,,,,,,,,,,,,,,,,,,,94233000000,56434000000,0.599,2349.05,56434000000,,,,,,,,,,,,true,false,12,2023-04-01,2024-03-31,-1
2025-01-30,2208,2024-03-31,3,,,,,,,,,,,,,,,,,,,,,,,,,,,,,27.00,,,,27700000,3675659,,false,false,12,2023-04-01,2024-03-31,-1
2025-01-30,2208,2025-03-31,3,,,,,,,,,,,,,,,,,,,,,,,,,,,,,18.50,,,,,,,false,false,12,2024-04-01,2025-03-31,0
2025-01-30,2208,2025-03-31,3,,,,,,,,,,,,,,,,,,,,,,,,,,,,,37.00,,,,,,,false,true,12,2024-04-01,2025-03-31,0
2025-01-30,2208,2025-03-31,3,,,,,,,,,,,,,,,,,,,,,,,,,,,,,,,,,27700000,3524592,24047425,false,false,9,2024-04-01,2024-12-31,0
2025-01-30,2208,2024-03-31,3,,,,,,,,,,,,,,,,,,,,,,,,,,,,,,,,,,,24024368,false,false,9,2023-04-01,2023-12-31,-1
2025-04-25,2208,2025-03-31,,113475000000,0.094,,,,,7470000000,0.961,7585000000,0.771,,5566000000,,231.17,,0.094,0.080,0.066,,95839000000,61492000000,0.642,2543.62,61492000000,6527000000,-6475000000,-2227000000,17391000000,,0.160,,,,,,true,false,12,2024-04-01,2025-03-31,0
2025-04-25,2208,2024-03-31,,103717000000,0.065,,,,,3810000000,1.361,4283000000,1.330,,3071000000,,127.85,,0.056,0.047,0.037,,94233000000,56434000000,0.599,2349.05,56434000000,9811000000,-5295000000,-1181000000,19575000000,,0.211,,,,,,true,false,12,2023-04-01,2024-03-31,-1
2025-04-25,2208,2026-03-31,,53600000000,0.045,,,,,1500000000,-0.272,1600000000,-0.222,,1000000000,,41.36,,,,,,,,,,,,,,,,,,,,,,true,true,6,2025-04-01,2025-09-30,1
2025-04-25,2208,2026-03-31,,118000000000,0.040,,,,,6000000000,-0.197,6200000000,-0.183,,4300000000,,177.87,,,,,,,,,,,,,,,,0.225,,,,,,true,true,12,2025-04-01,2026-03-31,1
2025-04-25,2208,2025-03-31,,109213000000,0.092,,,,,7265000000,1.036,7468000000,0.694,5444000000,,0.677,226.12,,,,,,94678000000,61280000000,0.647,2534.87,61280000000,,,,,37.00,,,,27700000,3524794,24078962,false,false,12,2024-04-01,2025-03-31,0
2025-04-25,2208,2024-03-31,,99995000000,0.066,,,,,3569000000,1.481,4408000000,1.560,3246000000,,1.324,135.15,,,,,,93414000000,56503000000,0.605,2351.91,56503000000,,,,,27.00,,,,27700000,3675659,24024361,false,false,12,2023-04-01,2024-03-31,-1
2025-04-25,2208,2026-03-31,,,,,,,,,,,,,,,,,,,,,,,,,,,,,,40.00,,,,,,,false,true,12,2025-04-01,2026-03-31,1
