filing_date,code,fiscal_year_end,quarterly_period,net_sales,net_sales_change,revenue,revenue_change,operating_revenue,operating_revenue_change,operating_profit,operating_profit_change,ordinary_profit,ordinary_profit_change,net_income,net_income_of_parent,net_income_change,eps,diluted_eps,roe,roa,operating_profit_to_net_sales,operating_profit_to_revenue,total_assets,net_assets,equity_ratio,bps,owner_equity,operating_cash_flow,investing_cash_flow,financing_cash_flow,cash,dividend_per_share,payout_ratio,commemorative_dividend,extra_dividend,number_of_shares,number_of_treqsury_shares,avg_number_of_shares,is_consolidated,is_forecast,duration,period_start,period_end,period_pos
2015-05-08,22820,2015-03-31,,1212800000000,0.011,,,,,,,,,,,,,,,,,,,,,,,,,,,,,,,,,,true,true,12,2014-04-01,2015-03-31,0
2015-05-08,22820,2014-03-31,,1122097000000,,,,,,,,,,,,,,,,,,,,,,,,,,,,,,,,,,,true,false,12,2013-04-01,2014-03-31,-1
2015-05-08,22820,2015-03-31,,,,,,,,,,,,,,,,,,,,,,,,,,,,,,46.00,,,,,,,false,true,12,2014-04-01,2015-03-31,0
2015-05-08,22820,2014-03-31,,,,,,,,,,,,,,,,,,,,,,,,,,,,,,37.00,,,,,,,false,false,12,2013-04-01,2014-03-31,-1
2015-05-11,22820,2015-03-31,,1212802000000,0.081,,,,,,,,,,,,,,,,,,661567000000,,,,,29681000000,-31517000000,-17187000000,57404000000,,0.302,,,,,,true,false,12,2014-04-01,2015-03-31,0
2015-05-11,22820,2014-03-31,,1122097000000,0.097,,,,,,,,,,,,,,,,,,627220000000,,,,,32952000000,-27021000000,-9373000000,74928000000,,0.303,,,,,,true,false,12,2013-04-01,2014-03-31,-1
2015-05-11,22820,2016-03-31,,600000000000,0.021,,,,,,,,,,,,,,,,,,,,,,,,,,,,,,,,,,true,true,6,2015-04-01,2015-09-30,1
2015-05-11,22820,2016-03-31,,1240000000000,0.022,,,,,,,,,,,,,,,,,,,,,,,,,,,,0.302,,,,,,true,true,12,2015-04-01,2016-03-31,1
2015-05-11,22820,2015-03-31,,784405000000,0.073,,,,,6685000000,2.092,15498000000,-0.033,11121000000,,-0.160,54.60,51.07,,,,,452661000000,191370000000,0.422,938.86,191246000000,,,,,46.00,,,,204000000,298412,203686024,false,false,12,2014-04-01,2015-03-31,0
2015-05-11,22820,2014-03-31,,731087000000,0.089,,,,,2162000000,-0.664,16034000000,-0.116,13237000000,,0.366,65.92,59.91,,,,,437696000000,186024000000,0.425,912.54,185860000000,,,,,37.00,,,,228445350,24771582,200827871,false,false,12,2013-04-01,2014-03-31,-1
2015-05-11,22820,2016-03-31,,395500000000,0.026,,,,,,,11900000000,-0.072,11300000000,,0.035,55.47,,,,,,,,,,,,,,,,,,,,,,false,true,6,2015-04-01,2015-09-30,1
2015-05-11,22820,2016-03-31,,786000000000,0.002,,,,,,,14700000000,-0.051,13000000000,,0.169,63.82,,,,,,,,,,,,,,,40.00,,,,,,,false,true,12,2015-04-01,2016-03-31,1
2015-07-31,22820,2016-03-31,1,305502000000,0.076,,,,,,,,,,,,,,,,,,701265000000,,,,,,,,,,,,,,,,true,false,3,2015-04-01,2015-06-30,0
2015-07-31,22820,2015-03-31,1,283851000000,0.069,,,,,,,,,,,,,,,,,,,,,,,,,,,,,,,,,,true,false,3,2014-04-01,2014-06-30,-1
2015-07-31,22820,2016-03-31,1,620000000000,0.055,,,,,,,,,,,,,,,,,,,,,,,,,,,,,,,,,,true,true,6,2015-04-01,2015-09-30,0
2015-07-31,22820,2016-03-31,1,1260000000000,0.039,,,,,,,,,,,,,,,,,,,,,,,,,,,,,,,,,,true,true,12,2015-04-01,2016-03-31,0
2015-07-31,22820,2015-03-31,1,,,,,,,,,,,,,,,,,,,,661567000000,,,,,,,,,,,,,,,,true,false,12,2014-04-01,2015-03-31,-1
2015-07-31,22820,2015-03-31,1,,,,,,,,,,,,,,,,,,,,,,,,,,,,,46.00,,,,204000000,298412,,false,false,12,2014-04-01,2015-03-31,-1
2015-07-31,22820,2016-03-31,1,,,,,,,,,,,,,,,,,,,,,,,,,,,,,40.00,,,,,,,false,true,12,2015-04-01,2016-03-31,0
2015-07-31,22820,2016-03-31,1,,,,,,,,,,,,,,,,,,,,,,,,,,,,,,,,,204000000,299009,203701238,false,false,3,2015-04-01,2015-06-30,0
2015-07-31,22820,2015-03-31,1,,,,,,,,,,,,,,,,,,,,,,,,,,,,,,,,,,,203673223,false,false,3,2014-04-01,2014-06-30,-1
2015-10-30,22820,2016-03-31,2,620309000000,0.056,,,,,,,,,,,,,,,,,,707398000000,,,,,,,,,,,,,,,,true,false,6,2015-04-01,2015-09-30,0
2015-10-30,22820,2015-03-31,2,587623000000,0.076,,,,,,,,,,,,,,,,,,,,,,,,,,,,,,,,,,true,false,6,2014-04-01,2014-09-30,-1
2015-10-30,22820,2016-03-31,2,1260000000000,0.039,,,,,,,,,,,,,,,,,,,,,,,,,,,,,,,,,,true,true,12,2015-04-01,2016-03-31,0
2015-10-30,22820,2015-03-31,2,,,,,,,,,,,,,,,,,,,,661567000000,,,,,,,,,,,,,,,,true,false,12,2014-04-01,2015-03-31,-1
2015-10-30,22820,2015-03-31,2,,,,,,,,,,,,,,,,,,,,,,,,,,,,,46.00,,,,204000000,298412,,false,false,12,2014-04-01,2015-03-31,-1
2015-10-30,22820,2016-03-31,2,,,,,,,,,,,,,,,,,,,,,,,,,,,,,40.00,,,,,,,false,true,12,2015-04-01,2016-03-31,0
2015-10-30,22820,2016-03-31,2,,,,,,,,,,,,,,,,,,,,,,,,,,,,,,,,,204000000,300521,203700644,false,false,6,2015-04-01,2015-09-30,0
2015-10-30,22820,2015-03-31,2,,,,,,,,,,,,,,,,,,,,,,,,,,,,,,,,,,,203677784,false,false,6,2014-04-01,2014-09-30,-1
2016-02-01,22820,2016-03-31,3,962907000000,0.032,,,,,,,,,,,,,,,,,,732955000000,,,,,,,,,,,,,,,,true,false,9,2015-04-01,2015-12-31,0
2016-02-01,22820,2015-03-31,3,932797000000,0.083,,,,,,,,,,,,,,,,,,,,,,,,,,,,,,,,,,true,false,9,2014-04-01,2014-12-31,-1
2016-02-01,22820,2016-03-31,3,1260000000000,0.039,,,,,,,,,,,,,,,,,,,,,,,,,,,,,,,,,,true,true,12,2015-04-01,2016-03-31,0
2016-02-01,22820,2015-03-31,3,,,,,,,,,,,,,,,,,,,,661567000000,,,,,,,,,,,,,,,,true,false,12,2014-04-01,2015-03-31,-1
2016-02-01,22820,2015-03-31,3,,,,,,,,,,,,,,,,,,,,,,,,,,,,,46.00,,,,204000000,298412,,false,false,12,2014-04-01,2015-03-31,-1
2016-02-01,22820,2016-03-31,3,,,,,,,,,,,,,,,,,,,,,,,,,,,,,40.00,,,,,,,false,true,12,2015-04-01,2016-03-31,0
2016-02-01,22820,2016-03-31,3,,,,,,,,,,,,,,,,,,,,,,,,,,,,,,,,,204000000,296936,203700577,false,false,9,2015-04-01,2015-12-31,0
2016-02-01,22820,2015-03-31,3,,,,,,,,,,,,,,,,,,,,,,,,,,,,,,,,,,,203682778,false,false,9,2014-04-01,2014-12-31,-1
2016-05-02,22820,2016-03-31,,1240700000000,-0.015,,,,,,,,,,,,,,,,,,,,,,,,,,,,,,,,,,true,true,12,2015-04-01,2016-03-31,0
2016-05-02,22820,2015-03-31,,1212802000000,,,,,,,,,,,,,,,,,,,,,,,,,,,,,,,,,,,true,false,12,2014-04-01,2015-03-31,-1
2016-05-02,22820,2016-03-31,,791400000000,0.007,,,,,,,15780000000,0.073,5320000000,,-0.591,26.12,,,,,,,,,,,,,,,33.00,,,,,,,false,true,12,2015-04-01,2016-03-31,0
2016-05-02,22820,2015-03-31,,784405000000,,,,,,,,15498000000,,11121000000,,,54.60,,,,,,,,,,,,,,,46.00,,,,,,,false,false,12,2014-04-01,2015-03-31,-1
2016-05-09,22820,2016-03-31,,1240728000000,0.023,,,,,,,,,,,,,,,,,,682855000000,,,,,52535000000,-49139000000,8182000000,67321000000,,0.309,,,,,,true,false,12,2015-04-01,2016-03-31,0
2016-05-09,22820,2015-03-31,,1212802000000,0.081,,,,,,,,,,,,,,,,,,661567000000,,,,,29681000000,-31517000000,-17187000000,57404000000,,0.302,,,,,,true,false,12,2014-04-01,2015-03-31,-1
2016-05-09,22820,2017-03-31,,630000000000,0.016,,,,,,,,,,,,,,,,,,,,,,,,,,,,,,,,,,true,true,6,2016-04-01,2016-09-30,1
2016-05-09,22820,2017-03-31,,1270000000000,0.024,,,,,,,,,,,,,,,,,,,,,,,,,,,,0.302,,,,,,true,true,12,2016-04-01,2017-03-31,1
2016-05-09,22820,2016-03-31,,791426000000,0.009,,,,,5390000000,-0.194,15784000000,0.018,5322000000,,-0.521,26.13,24.38,,,,,470664000000,186275000000,0.396,913.86,186158000000,,,,,33.00,,,,204000000,295049,203701292,false,false,12,2015-04-01,2016-03-31,0
2016-05-09,22820,2015-03-31,,784405000000,0.073,,,,,6685000000,2.092,15498000000,-0.033,11121000000,,-0.160,54.60,51.07,,,,,452661000000,191370000000,0.422,938.86,191246000000,,,,,46.00,,,,204000000,298412,203686024,false,false,12,2014-04-01,2015-03-31,-1
2016-05-09,22820,2017-03-31,,410000000000,0.032,,,,,,,12600000000,-0.009,12100000000,,0.071,59.40,,,,,,,,,,,,,,,,,,,,,,false,true,6,2016-04-01,2016-09-30,1
2016-05-09,22820,2017-03-31,,815000000000,0.030,,,,,,,15900000000,0.007,14000000000,,1.631,68.73,,,,,,,,,,,,,,,46.00,,,,,,,false,true,12,2016-04-01,2017-03-31,1
2016-07-29,22820,2017-03-31,1,294565000000,-0.036,,,,,,,,,,,,,,,,,,690862000000,,,,,,,,,,,,,,,,true,false,3,2016-04-01,2016-06-30,0
2016-07-29,22820,2016-03-31,1,305502000000,0.076,,,,,,,,,,,,,,,,,,,,,,,,,,,,,,,,,,true,false,3,2015-04-01,2015-06-30,-1
2016-07-29,22820,2017-03-31,1,610000000000,-0.017,,,,,,,,,,,,,,,,,,,,,,,,,,,,,,,,,,true,true,6,2016-04-01,2016-09-30,0
2016-07-29,22820,2017-03-31,1,1250000000000,0.007,,,,,,,,,,,,,,,,,,,,,,,,,,,,,,,,,,true,true,12,2016-04-01,2017-03-31,0
2016-07-29,22820,2016-03-31,1,,,,,,,,,,,,,,,,,,,,682855000000,,,,,,,,,,,,,,,,true,false,12,2015-04-01,2016-03-31,-1
2016-07-29,22820,2016-03-31,1,,,,,,,,,,,,,,,,,,,,,,,,,,,,,33.00,,,,204000000,295049,,false,false,12,2015-04-01,2016-03-31,-1
2016-07-29,22820,2017-03-31,1,,,,,,,,,,,,,,,,,,,,,,,,,,,,,46.00,,,,,,,false,true,12,2016-04-01,2017-03-31,0
2016-07-29,22820,2017-03-31,1,,,,,,,,,,,,,,,,,,,,,,,,,,,,,,,,,204000000,295837,203704572,false,false,3,2016-04-01,2016-06-30,0
2016-07-29,22820,2016-03-31,1,,,,,,,,,,,,,,,,,,,,,,,,,,,,,,,,,,,203701238,false,false,3,2015-04-01,2015-06-30,-1
2016-11-01,22820,2017-03-31,2,593092000000,-0.034,,,,,,,,,,,,,,,,,,690956000000,,,,,,,,,,,,,,,,true,false,6,2016-04-01,2016-09-30,0
2016-11-01,22820,2016-03-31,2,613692000000,0.055,,,,,,,,,,,,,,,,,,,,,,,,,,,,,,,,,,true,false,6,2015-04-01,2015-09-30,-1
2016-11-01,22820,2017-03-31,2,1200000000000,-0.024,,,,,,,,,,,,,,,,,,,,,,,,,,,,,,,,,,true,true,12,2016-04-01,2017-03-31,0
2016-11-01,22820,2016-03-31,2,,,,,,,,,,,,,,,,,,,,682855000000,,,,,,,,,,,,,,,,true,false,12,2015-04-01,2016-03-31,-1
2016-11-01,22820,2016-03-31,2,,,,,,,,,,,,,,,,,,,,,,,,,,,,,33.00,,,,204000000,295049,,false,false,12,2015-04-01,2016-03-31,-1
2016-11-01,22820,2017-03-31,2,,,,,,,,,,,,,,,,,,,,,,,,,,,,,46.00,,,,,,,false,true,12,2016-04-01,2017-03-31,0
2016-11-01,22820,2017-03-31,2,,,,,,,,,,,,,,,,,,,,,,,,,,,,,,,,,204000000,288632,203706179,false,false,6,2016-04-01,2016-09-30,0
2016-11-01,22820,2016-03-31,2,,,,,,,,,,,,,,,,,,,,,,,,,,,,,,,,,,,203700644,false,false,6,2015-04-01,2015-09-30,-1
2017-01-31,22820,2017-03-31,3,926349000000,-0.028,,,,,,,,,,,,,,,,,,742875000000,,,,,,,,,,,,,,,,true,false,9,2016-04-01,2016-12-31,0
2017-01-31,22820,2016-03-31,3,953437000000,0.033,,,,,,,,,,,,,,,,,,,,,,,,,,,,,,,,,,true,false,9,2015-04-01,2015-12-31,-1
2017-01-31,22820,2017-03-31,3,1200000000000,-0.024,,,,,,,,,,,,,,,,,,,,,,,,,,,,,,,,,,true,true,12,2016-04-01,2017-03-31,0
2017-01-31,22820,2016-03-31,3,,,,,,,,,,,,,,,,,,,,682855000000,,,,,,,,,,,,,,,,true,false,12,2015-04-01,2016-03-31,-1
2017-01-31,22820,2016-03-31,3,,,,,,,,,,,,,,,,,,,,,,,,,,,,,33.00,,,,204000000,295049,,false,false,12,2015-04-01,2016-03-31,-1
2017-01-31,22820,2017-03-31,3,,,,,,,,,,,,,,,,,,,,,,,,,,,,,46.00,,,,,,,false,true,12,2016-04-01,2017-03-31,0
2017-01-31,22820,2017-03-31,3,,,,,,,,,,,,,,,,,,,,,,,,,,,,,,,,,204000000,286158,203707988,false,false,9,2016-04-01,2016-12-31,0
2017-01-31,22820,2016-03-31,3,,,,,,,,,,,,,,,,,,,,,,,,,,,,,,,,,,,203700577,false,false,9,2015-04-01,2015-12-31,-1
2017-01-31,22820,2017-03-31,,1200000000000,,,,,,,,,,,,,,,,,,,,,,,,,,,,,,,,,,,true,true,12,2016-04-01,2017-03-31,0
2017-01-31,22820,2016-03-31,,1229324000000,,,,,,,,,,,,,,,,,,,,,,,,,,,,,,,,,,,true,false,12,2015-04-01,2016-03-31,-1
2017-01-31,22820,2017-03-31,,780000000000,-0.043,,,,,,,20400000000,0.283,16300000000,,0.164,80.02,,,,,,,,,,,,,,,,,,,,,,false,true,12,2016-04-01,2017-03-31,0
2017-01-31,22820,2016-03-31,,791426000000,,,,,,,,15784000000,,5322000000,,,26.13,,,,,,,,,,,,,,,,,,,,,,false,false,12,2015-04-01,2016-03-31,-1
2017-05-09,22820,2017-03-31,,1202293000000,-0.022,,,,,,,,,,,,,,,,,,720276000000,,,,,65254000000,-38271000000,-11439000000,82639000000,,0.303,,,,,,true,false,12,2016-04-01,2017-03-31,0
2017-05-09,22820,2016-03-31,,1229324000000,0.024,,,,,,,,,,,,,,,,,,682855000000,,,,,52535000000,-49139000000,8182000000,67321000000,,0.309,,,,,,true,false,12,2015-04-01,2016-03-31,-1
2017-05-09,22820,2018-03-31,,610000000000,0.029,,,,,,,,,,,,,,,,,,,,,,,,,,,,,,,,,,true,true,6,2017-04-01,2017-09-30,1
2017-05-09,22820,2018-03-31,,1250000000000,0.040,,,,,,,,,,,,,,,,,,,,,,,,,,,,0.302,,,,,,true,true,12,2017-04-01,2018-03-31,1
2017-05-09,22820,2017-03-31,,783145000000,-0.010,,,,,8651000000,0.605,19887000000,0.260,14408000000,,1.707,70.69,66.11,,,,,487598000000,212101000000,0.435,1005.32,211991000000,,,,,52.00,,,,210895298,25901,203823551,false,false,12,2016-04-01,2017-03-31,0
2017-05-09,22820,2016-03-31,,791426000000,0.009,,,,,5390000000,-0.194,15784000000,0.018,5322000000,,-0.521,26.13,24.38,,,,,470664000000,186275000000,0.396,913.86,186158000000,,,,,33.00,,,,204000000,295049,203701292,false,false,12,2015-04-01,2016-03-31,-1
2017-05-09,22820,2018-03-31,,392000000000,0.009,,,,,,,16700000000,0.052,16100000000,,0.057,76.35,,,,,,,,,,,,,,,,,,,,,,false,true,6,2017-04-01,2017-09-30,1
2017-05-09,22820,2018-03-31,,793000000000,0.013,,,,,,,19600000000,-0.014,17600000000,,0.222,83.46,,,,,,,,,,,,,,,53.00,,,,,,,false,true,12,2017-04-01,2018-03-31,1
2017-07-31,22820,2018-03-31,1,303297000000,0.037,,,,,,,,,,,,,,,,,,741079000000,,,,,,,,,,,,,,,,true,false,3,2017-04-01,2017-06-30,0
2017-07-31,22820,2017-03-31,1,292387000000,-0.033,,,,,,,,,,,,,,,,,,,,,,,,,,,,,,,,,,true,false,3,2016-04-01,2016-06-30,-1
2017-07-31,22820,2018-03-31,1,620000000000,0.045,,,,,,,,,,,,,,,,,,,,,,,,,,,,,,,,,,true,true,6,2017-04-01,2017-09-30,0
2017-07-31,22820,2018-03-31,1,1260000000000,0.048,,,,,,,,,,,,,,,,,,,,,,,,,,,,,,,,,,true,true,12,2017-04-01,2018-03-31,0
2017-07-31,22820,2017-03-31,1,,,,,,,,,,,,,,,,,,,,720276000000,,,,,,,,,,,,,,,,true,false,12,2016-04-01,2017-03-31,-1
2017-07-31,22820,2017-03-31,1,,,,,,,,,,,,,,,,,,,,,,,,,,,,,52.00,,,,210895298,25901,,false,false,12,2016-04-01,2017-03-31,-1
2017-07-31,22820,2018-03-31,1,,,,,,,,,,,,,,,,,,,,,,,,,,,,,53.00,,,,,,,false,true,12,2017-04-01,2018-03-31,0
2017-07-31,22820,2018-03-31,1,,,,,,,,,,,,,,,,,,,,,,,,,,,,,,,,,211185466,5740,210970483,false,false,3,2017-04-01,2017-06-30,0
2017-07-31,22820,2017-03-31,1,,,,,,,,,,,,,,,,,,,,,,,,,,,,,,,,,,,203704572,false,false,3,2016-04-01,2016-06-30,-1
2017-11-01,22820,2018-03-31,2,627880000000,0.059,,,,,,,,,,,,,,,,,,756031000000,,,,,,,,,,,,,,,,true,false,6,2017-04-01,2017-09-30,0
2017-11-01,22820,2017-03-31,2,593092000000,-0.034,,,,,,,,,,,,,,,,,,,,,,,,,,,,,,,,,,true,false,6,2016-04-01,2016-09-30,-1
2017-11-01,22820,2018-03-31,2,1260000000000,0.048,,,,,,,,,,,,,,,,,,,,,,,,,,,,,,,,,,true,true,12,2017-04-01,2018-03-31,0
2017-11-01,22820,2017-03-31,2,,,,,,,,,,,,,,,,,,,,720276000000,,,,,,,,,,,,,,,,true,false,12,2016-04-01,2017-03-31,-1
2017-11-01,22820,2017-03-31,2,,,,,,,,,,,,,,,,,,,,,,,,,,,,,52.00,,,,210895298,25901,,false,false,12,2016-04-01,2017-03-31,-1
2017-11-01,22820,2018-03-31,2,,,,,,,,,,,,,,,,,,,,,,,,,,,,,53.00,,,,,,,false,true,12,2017-04-01,2018-03-31,0
2017-11-01,22820,2018-03-31,2,,,,,,,,,,,,,,,,,,,,,,,,,,,,,,,,,213708115,7099,212096825,false,false,6,2017-04-01,2017-09-30,0
2017-11-01,22820,2017-03-31,2,,,,,,,,,,,,,,,,,,,,,,,,,,,,,,,,,,,203706179,false,false,6,2016-04-01,2016-09-30,-1
2018-02-01,22820,2018-03-31,3,981110000000,0.059,,,,,,,,,,,,,,,,,,765861000000,,,,,,,,,,,,,,,,true,false,9,2017-04-01,2017-12-31,0
2018-02-01,22820,2017-03-31,3,926349000000,-0.028,,,,,,,,,,,,,,,,,,,,,,,,,,,,,,,,,,true,false,9,2016-04-01,2016-12-31,-1
2018-02-01,22820,2018-03-31,3,1270000000000,0.056,,,,,,,,,,,,,,,,,,,,,,,,,,,,,,,,,,true,true,12,2017-04-01,2018-03-31,0
2018-02-01,22820,2017-03-31,3,,,,,,,,,,,,,,,,,,,,720276000000,,,,,,,,,,,,,,,,true,false,12,2016-04-01,2017-03-31,-1
2018-02-01,22820,2017-03-31,3,,,,,,,,,,,,,,,,,,,,,,,,,,,,,52.00,,,,210895298,25901,,false,false,12,2016-04-01,2017-03-31,-1
2018-02-01,22820,2018-03-31,3,,,,,,,,,,,,,,,,,,,,,,,,,,,,,53.00,,,,,,,false,true,12,2017-04-01,2018-03-31,0
2018-02-01,22820,2018-03-31,3,,,,,,,,,,,,,,,,,,,,,,,,,,,,,,,,,213988149,7149,212702511,false,false,9,2017-04-01,2017-12-31,0
2018-02-01,22820,2017-03-31,3,,,,,,,,,,,,,,,,,,,,,,,,,,,,,,,,,,,203707988,false,false,9,2016-04-01,2016-12-31,-1
2018-05-10,22820,2018-03-31,,1269201000000,0.056,,,,,,,,,,,,,,,,,,755076000000,,,,,54626000000,-49006000000,-27508000000,60335000000,,0.304,,,,,,true,false,12,2017-04-01,2018-03-31,0
2018-05-10,22820,2017-03-31,,1202293000000,-0.022,,,,,,,,,,,,,,,,,,720276000000,,,,,65254000000,-38271000000,-11439000000,82639000000,,0.303,,,,,,true,false,12,2016-04-01,2017-03-31,-1
2018-05-10,22820,2019-03-31,,650000000000,,,,,,30000000000,,,,,19500000000,,181.41,,,,,,,,,,,,,,,,,,,,,,true,true,6,2018-04-01,2018-09-30,1
2018-05-10,22820,2019-03-31,,1310000000000,,,,,,50000000000,,,,,32000000000,,297.70,,,,,,,,,,,,,,,,0.302,,,,,,true,true,12,2018-04-01,2019-03-31,1
2018-05-10,22820,2018-03-31,,802712000000,0.025,,,,,7880000000,-0.089,22934000000,0.153,20209000000,,0.403,189.58,185.81,,,,,481779000000,230683000000,0.479,2145.46,230620000000,,,,,53.00,,,,107495804,3722,106602389,false,false,12,2017-04-01,2018-03-31,0
2018-05-10,22820,2017-03-31,,783145000000,-0.010,,,,,8651000000,0.605,19887000000,0.260,14408000000,,1.707,141.39,132.22,,,,,487598000000,212101000000,0.435,2010.64,211991000000,,,,,52.00,,,,105447649,12950,101911775,false,false,12,2016-04-01,2017-03-31,-1
2018-05-10,22820,2019-03-31,,412000000000,0.037,,,,,,,17200000000,-0.159,16500000000,,-0.113,153.50,,,,,,,,,,,,,,,,,,,,,,false,true,6,2018-04-01,2018-09-30,1
2018-05-10,22820,2019-03-31,,831000000000,0.035,,,,,,,20600000000,-0.102,18100000000,,-0.104,168.38,,,,,,,,,,,,,,,90.00,,,,,,,false,true,12,2018-04-01,2019-03-31,1
2018-07-31,22820,2019-03-31,1,304378000000,0.004,,,,,13800000000,-0.185,,,,11105000000,,103.32,102.72,,,,,750069000000,,,,,,,,,,,,,,,,true,false,3,2018-04-01,2018-06-30,0
2018-07-31,22820,2018-03-31,1,303046000000,,,,,,16935000000,,,,,10319000000,,97.83,97.76,,,,,,,,,,,,,,,,,,,,,true,false,3,2017-04-01,2017-06-30,-1
2018-07-31,22820,2019-03-31,1,650000000000,0.037,,,,,30000000000,-0.000,,,,19500000000,,181.41,,,,,,,,,,,,,,,,,,,,,,true,true,6,2018-04-01,2018-09-30,0
2018-07-31,22820,2019-03-31,1,1310000000000,0.041,,,,,50000000000,0.091,,,,32000000000,,297.69,,,,,,,,,,,,,,,,,,,,,,true,true,12,2018-04-01,2019-03-31,0
2018-07-31,22820,2018-03-31,1,,,,,,,,,,,,,,,,,,,,734528000000,,,,,,,,,,,,,,,,true,false,12,2017-04-01,2018-03-31,-1
2018-07-31,22820,2018-03-31,1,,,,,,,,,,,,,,,,,,,,,,,,,,,,,53.00,,,,107495804,3722,,false,false,12,2017-04-01,2018-03-31,-1
2018-07-31,22820,2019-03-31,1,,,,,,,,,,,,,,,,,,,,,,,,,,,,,90.00,,,,,,,false,true,12,2018-04-01,2019-03-31,0
2018-07-31,22820,2019-03-31,1,,,,,,,,,,,,,,,,,,,,,,,,,,,,,,,,,107498304,4704,107492645,false,false,3,2018-04-01,2018-06-30,0
2018-07-31,22820,2018-03-31,1,,,,,,,,,,,,,,,,,,,,,,,,,,,,,,,,,,,105485241,false,false,3,2017-04-01,2017-06-30,-1
2018-10-29,22820,2019-03-31,,618000000000,-0.049,,,,,21400000000,-0.287,,,,16300000000,,151.64,,,,,,,,,,,,,,,,,,,,,,true,true,6,2018-04-01,2018-09-30,0
2018-10-29,22820,2018-03-31,,627060000000,,,,,,29814000000,,,,,20617000000,,194.42,,,,,,,,,,,,,,,,,,,,,,true,false,6,2017-04-01,2017-09-30,-1
2018-10-29,22820,2019-03-31,,1260000000000,-0.038,,,,,36000000000,-0.280,,,,23000000000,,213.97,,,,,,,,,,,,,,,,,,,,,,true,true,12,2018-04-01,2019-03-31,0
2018-10-29,22820,2018-03-31,,1258463000000,,,,,,45830000000,,,,,37552000000,,352.26,,,,,,,,,,,,,,,,,,,,,,true,false,12,2017-04-01,2018-03-31,-1
2018-10-31,22820,2019-03-31,2,618000000000,-0.014,,,,,21422000000,-0.281,,,,16371000000,,152.30,150.58,,,,,748863000000,,,,,,,,,,,,,,,,true,false,6,2018-04-01,2018-09-30,0
2018-10-31,22820,2018-03-31,2,627060000000,,,,,,29814000000,,,,,20617000000,,194.42,194.31,,,,,,,,,,,,,,,,,,,,,true,false,6,2017-04-01,2017-09-30,-1
2018-10-31,22820,2019-03-31,2,1260000000000,0.001,,,,,36000000000,-0.214,,,,23000000000,,213.97,,,,,,,,,,,,,,,,,,,,,,true,true,12,2018-04-01,2019-03-31,0
2018-10-31,22820,2018-03-31,2,,,,,,,,,,,,,,,,,,,,734528000000,,,,,,,,,,,,,,,,true,false,12,2017-04-01,2018-03-31,-1
2018-10-31,22820,2018-03-31,2,,,,,,,,,,,,,,,,,,,,,,,,,,,,,53.00,,,,107495804,3722,,false,false,12,2017-04-01,2018-03-31,-1
2018-10-31,22820,2019-03-31,2,,,,,,,,,,,,,,,,,,,,,,,,,,,,,90.00,,,,,,,false,true,12,2018-04-01,2019-03-31,0
2018-10-31,22820,2019-03-31,2,,,,,,,,,,,,,,,,,,,,,,,,,,,,,,,,,107498304,4952,107493080,false,false,6,2018-04-01,2018-09-30,0
2018-10-31,22820,2018-03-31,2,,,,,,,,,,,,,,,,,,,,,,,,,,,,,,,,,,,106048412,false,false,6,2017-04-01,2017-09-30,-1
2019-01-31,22820,2019-03-31,3,953761000000,-0.021,,,,,33861000000,-0.290,,,,24046000000,,223.73,221.99,,,,,776969000000,,,,,,,,,,,,,,,,true,false,9,2018-04-01,2018-12-31,0
2019-01-31,22820,2018-03-31,3,974254000000,,,,,,47674000000,,,,,36221000000,,340.58,340.40,,,,,,,,,,,,,,,,,,,,,true,false,9,2017-04-01,2017-12-31,-1
2019-01-31,22820,2019-03-31,3,1250000000000,-0.007,,,,,30000000000,-0.345,,,,19000000000,,177.38,,,,,,,,,,,,,,,,,,,,,,true,true,12,2018-04-01,2019-03-31,0
2019-01-31,22820,2018-03-31,3,,,,,,,,,,,,,,,,,,,,734528000000,,,,,,,,,,,,,,,,true,false,12,2017-04-01,2018-03-31,-1
2019-01-31,22820,2018-03-31,3,,,,,,,,,,,,,,,,,,,,,,,,,,,,,53.00,,,,107495804,3722,,false,false,12,2017-04-01,2018-03-31,-1
2019-01-31,22820,2019-03-31,3,,,,,,,,,,,,,,,,,,,,,,,,,,,,,90.00,,,,,,,false,true,12,2018-04-01,2019-03-31,0
2019-01-31,22820,2019-03-31,3,,,,,,,,,,,,,,,,,,,,,,,,,,,,,,,,,107498304,382675,107475594,false,false,9,2018-04-01,2018-12-31,0
2019-01-31,22820,2018-03-31,3,,,,,,,,,,,,,,,,,,,,,,,,,,,,,,,,,,,106351255,false,false,9,2017-04-01,2017-12-31,-1
2019-05-15,22820,2019-03-31,,1234180000000,-0.019,,,,,32265000000,-0.296,,,,19561000000,,183.21,181.48,,,0.026,,741388000000,,,,,30844000000,-45110000000,2932000000,,,0.491,,,,,,true,false,12,2018-04-01,2019-03-31,0
2019-05-15,22820,2018-03-31,,1258463000000,,,,,,45830000000,,,,,37552000000,,352.26,350.00,,,0.036,,734528000000,,,,,53284000000,-48194000000,-27110000000,,,0.301,,,,,,true,false,12,2017-04-01,2018-03-31,-1
2019-05-15,22820,2020-03-31,,640000000000,0.036,,,,,21000000000,,,,,10000000000,,97.17,,,,,,,,,,,,,,,,,,,,,,true,true,6,2019-04-01,2019-09-30,1
2019-05-15,22820,2020-03-31,,1280000000000,0.037,,,,,40000000000,,,,,18500000000,,179.76,,,,,,,,,,,,,,,,0.501,,,,,,true,true,12,2019-04-01,2020-03-31,1
2019-05-15,22820,2019-03-31,,793357000000,-0.012,,,,,6215000000,-0.211,21617000000,-0.057,13783000000,,-0.318,129.09,129.03,,,,,486859000000,210727000000,0.433,2047.08,210670000000,,,,,90.00,,,,102958904,46288,106765426,false,false,12,2018-04-01,2019-03-31,0
2019-05-15,22820,2018-03-31,,802712000000,0.025,,,,,7880000000,-0.089,22934000000,0.153,20209000000,,0.403,189.58,185.81,,,,,481779000000,230683000000,0.479,2145.46,230620000000,,,,,53.00,,,,107495804,3722,106602389,false,false,12,2017-04-01,2018-03-31,-1
2019-05-15,22820,2020-03-31,,396000000000,0.009,,,,,,,16200000000,-0.126,7900000000,,-0.525,76.76,,,,,,,,,,,,,,,,,,,,,,false,true,6,2019-04-01,2019-09-30,1
2019-05-15,22820,2020-03-31,,800000000000,0.008,,,,,,,20300000000,-0.061,11100000000,,-0.195,107.86,,,,,,,,,,,,,,,90.00,,,,,,,false,true,12,2019-04-01,2020-03-31,1
2019-07-31,22820,2020-03-31,1,304760000000,0.001,,,,,11074000000,-0.076,,,,8651000000,,84.06,84.03,,,,,774946000000,,,,,,,,,,,,,,,,true,false,3,2019-04-01,2019-06-30,0
2019-07-31,22820,2019-03-31,1,304378000000,0.004,,,,,11981000000,-0.242,,,,11105000000,,103.32,102.72,,,,,,,,,,,,,,,,,,,,,true,false,3,2018-04-01,2018-06-30,-1
2019-07-31,22820,2020-03-31,1,640000000000,0.036,,,,,21000000000,-0.040,,,,10000000000,,97.17,,,,,,,,,,,,,,,,,,,,,,true,true,6,2019-04-01,2019-09-30,0
2019-07-31,22820,2020-03-31,1,1280000000000,0.037,,,,,40000000000,0.044,,,,18500000000,,179.76,,,,,,,,,,,,,,,,,,,,,,true,true,12,2019-04-01,2020-03-31,0
2019-07-31,22820,2019-03-31,1,,,,,,,,,,,,,,,,,,,,741388000000,,,,,,,,,,,,,,,,true,false,12,2018-04-01,2019-03-31,-1
2019-07-31,22820,2019-03-31,1,,,,,,,,,,,,,,,,,,,,,,,,,,,,,90.00,,,,102958904,46288,,false,false,12,2018-04-01,2019-03-31,-1
2019-07-31,22820,2020-03-31,1,,,,,,,,,,,,,,,,,,,,,,,,,,,,,90.00,,,,,,,false,true,12,2019-04-01,2020-03-31,0
2019-07-31,22820,2020-03-31,1,,,,,,,,,,,,,,,,,,,,,,,,,,,,,,,,,102958904,46560,102912494,false,false,3,2019-04-01,2019-06-30,0
2019-07-31,22820,2019-03-31,1,,,,,,,,,,,,,,,,,,,,,,,,,,,,,,,,,,,107492645,false,false,3,2018-04-01,2018-06-30,-1
2019-10-31,22820,2020-03-31,2,616266000000,-0.003,,,,,21832000000,-0.002,,,,10331000000,,100.39,100.35,,,,,770867000000,,,,,,,,,,,,,,,,true,false,6,2019-04-01,2019-09-30,0
2019-10-31,22820,2019-03-31,2,618000000000,-0.014,,,,,21871000000,-0.237,,,,16371000000,,152.30,150.58,,,,,,,,,,,,,,,,,,,,,true,false,6,2018-04-01,2018-09-30,-1
2019-10-31,22820,2020-03-31,2,1240000000000,0.005,,,,,40000000000,0.044,,,,18500000000,,179.76,,,,,,,,,,,,,,,,,,,,,,true,true,12,2019-04-01,2020-03-31,0
2019-10-31,22820,2019-03-31,2,,,,,,,,,,,,,,,,,,,,741388000000,,,,,,,,,,,,,,,,true,false,12,2018-04-01,2019-03-31,-1
2019-10-31,22820,2019-03-31,2,,,,,,,,,,,,,,,,,,,,,,,,,,,,,90.00,,,,102958904,46288,,false,false,12,2018-04-01,2019-03-31,-1
2019-10-31,22820,2020-03-31,2,,,,,,,,,,,,,,,,,,,,,,,,,,,,,90.00,,,,,,,false,true,12,2019-04-01,2020-03-31,0
2019-10-31,22820,2020-03-31,2,,,,,,,,,,,,,,,,,,,,,,,,,,,,,,,,,102958904,43866,102913235,false,false,6,2019-04-01,2019-09-30,0
2019-10-31,22820,2019-03-31,2,,,,,,,,,,,,,,,,,,,,,,,,,,,,,,,,,,,107493080,false,false,6,2018-04-01,2018-09-30,-1
2020-01-31,22820,2020-03-31,3,952306000000,-0.002,,,,,39239000000,0.106,,,,23927000000,,232.52,232.43,,,,,813164000000,,,,,,,,,,,,,,,,true,false,9,2019-04-01,2019-12-31,0
2020-01-31,22820,2019-03-31,3,953761000000,-0.021,,,,,35494000000,-0.230,,,,24046000000,,223.73,221.99,,,,,,,,,,,,,,,,,,,,,true,false,9,2018-04-01,2018-12-31,-1
2020-01-31,22820,2020-03-31,3,1240000000000,0.005,,,,,40000000000,0.044,,,,18500000000,,179.76,,,,,,,,,,,,,,,,,,,,,,true,true,12,2019-04-01,2020-03-31,0
2020-01-31,22820,2019-03-31,3,,,,,,,,,,,,,,,,,,,,741388000000,,,,,,,,,,,,,,,,true,false,12,2018-04-01,2019-03-31,-1
2020-01-31,22820,2019-03-31,3,,,,,,,,,,,,,,,,,,,,,,,,,,,,,90.00,,,,102958904,46288,,false,false,12,2018-04-01,2019-03-31,-1
2020-01-31,22820,2020-03-31,3,,,,,,,,,,,,,,,,,,,,,,,,,,,,,90.00,,,,,,,false,true,12,2019-04-01,2020-03-31,0
2020-01-31,22820,2020-03-31,3,,,,,,,,,,,,,,,,,,,,,,,,,,,,,,,,,102958904,44106,102913791,false,false,9,2019-04-01,2019-12-31,0
2020-01-31,22820,2019-03-31,3,,,,,,,,,,,,,,,,,,,,,,,,,,,,,,,,,,,107475594,false,false,9,2018-04-01,2018-12-31,-1
2020-05-11,22820,2020-03-31,,1229826000000,-0.004,,,,,43772000000,0.143,,,,19214000000,,186.70,186.64,,,0.036,,768861000000,,,,,65464000000,-36728000000,-3077000000,,,0.482,,,,,,true,false,12,2019-04-01,2020-03-31,0
2020-05-11,22820,2019-03-31,,1234180000000,-0.019,,,,,38311000000,-0.243,,,,19561000000,,183.21,181.48,,,0.031,,741388000000,,,,,30844000000,-45110000000,2932000000,,,0.491,,,,,,true,false,12,2018-04-01,2019-03-31,-1
2020-05-11,22820,2021-03-31,,580000000000,-0.059,,,,,13000000000,-0.405,,,,9500000000,,92.31,,,,,,,,,,,,,,,,,,,,,,true,true,6,2020-04-01,2020-09-30,1
2020-05-11,22820,2021-03-31,,1200000000000,-0.024,,,,,34000000000,-0.223,,,,20000000000,,194.33,,,,,,,,,,,,,,,,0.468,,,,,,true,true,12,2020-04-01,2021-03-31,1
2020-05-11,22820,2020-03-31,,796143000000,0.004,,,,,3679000000,-0.408,18001000000,-0.167,9453000000,,-0.314,91.85,91.82,,,,,519509000000,210135000000,0.404,2041.34,210093000000,,,,,90.00,,,,102958904,39542,102914325,false,false,12,2019-04-01,2020-03-31,0
2020-05-11,22820,2019-03-31,,793357000000,-0.012,,,,,6215000000,-0.211,21617000000,-0.057,13783000000,,-0.318,129.09,129.03,,,,,486859000000,210727000000,0.433,2047.08,210670000000,,,,,90.00,,,,102958904,46288,106765426,false,false,12,2018-04-01,2019-03-31,-1
2020-05-11,22820,2021-03-31,,380000000000,-0.048,,,,,,,14000000000,-0.001,12600000000,,0.888,122.43,,,,,,,,,,,,,,,,,,,,,,false,true,6,2020-04-01,2020-09-30,1
2020-05-11,22820,2021-03-31,,790000000000,-0.008,,,,,,,16000000000,-0.111,13700000000,,0.449,133.11,,,,,,,,,,,,,,,91.00,,,,,,,false,true,12,2020-04-01,2021-03-31,1
2020-07-31,22820,2021-03-31,1,279305000000,-0.084,,,,,9230000000,-0.167,,,,9384000000,,91.18,91.15,,,,,769247000000,,,,,,,,,,,,,,,,true,false,3,2020-04-01,2020-06-30,0
2020-07-31,22820,2020-03-31,1,304760000000,0.001,,,,,11074000000,-0.076,,,,8651000000,,84.06,84.03,,,,,,,,,,,,,,,,,,,,,true,false,3,2019-04-01,2019-06-30,-1
2020-07-31,22820,2021-03-31,1,580000000000,-0.059,,,,,16000000000,-0.267,,,,12500000000,,121.45,,,,,,,,,,,,,,,,,,,,,,true,true,6,2020-04-01,2020-09-30,0
2020-07-31,22820,2021-03-31,1,1200000000000,-0.024,,,,,37000000000,-0.155,,,,22000000000,,213.75,,,,,,,,,,,,,,,,,,,,,,true,true,12,2020-04-01,2021-03-31,0
2020-07-31,22820,2020-03-31,1,,,,,,,,,,,,,,,,,,,,768861000000,,,,,,,,,,,,,,,,true,false,12,2019-04-01,2020-03-31,-1
2020-07-31,22820,2020-03-31,1,,,,,,,,,,,,,,,,,,,,,,,,,,,,,90.00,,,,102958904,39542,,false,false,12,2019-04-01,2020-03-31,-1
2020-07-31,22820,2021-03-31,1,,,,,,,,,,,,,,,,,,,,,,,,,,,,,91.00,,,,,,,false,true,12,2020-04-01,2021-03-31,0
2020-07-31,22820,2021-03-31,1,,,,,,,,,,,,,,,,,,,,,,,,,,,,,,,,,102958904,37191,102919883,false,false,3,2020-04-01,2020-06-30,0
2020-07-31,22820,2020-03-31,1,,,,,,,,,,,,,,,,,,,,,,,,,,,,,,,,,,,102912494,false,false,3,2019-04-01,2019-06-30,-1
2020-07-31,22820,2021-03-31,,580000000000,,,,,,16000000000,0.231,,,,12500000000,,121.45,,,,,,,,,,,,,,,,,,,,,,true,true,6,2020-04-01,2020-09-30,0
2020-07-31,22820,2020-03-31,,616266000000,,,,,,21832000000,,,,,10331000000,,100.39,,,,,,,,,,,,,,,,,,,,,,true,false,6,2019-04-01,2019-09-30,-1
2020-07-31,22820,2021-03-31,,1200000000000,,,,,,37000000000,0.088,,,,22000000000,,213.75,,,,,,,,,,,,,,,,,,,,,,true,true,12,2020-04-01,2021-03-31,0
2020-07-31,22820,2020-03-31,,1229826000000,,,,,,43772000000,,,,,19214000000,,186.70,,,,,,,,,,,,,,,,,,,,,,true,false,12,2019-04-01,2020-03-31,-1
2020-10-30,22820,2021-03-31,,573400000000,-0.011,,,,,,,,,,19400000000,,188.75,,,,,,,,,,,,,,,,,,,,,,true,true,6,2020-04-01,2020-09-30,0
2020-10-30,22820,2020-03-31,,616266000000,,,,,,,,,,,10331000000,,100.39,,,,,,,,,,,,,,,,,,,,,,true,false,6,2019-04-01,2019-09-30,-1
2020-10-30,22820,2021-03-31,,1180000000000,-0.017,,,,,,,,,,26000000000,,252.97,,,,,,,,,,,,,,,,,,,,,,true,true,12,2020-04-01,2021-03-31,0
2020-10-30,22820,2020-03-31,,1229826000000,,,,,,,,,,,19214000000,,186.70,,,,,,,,,,,,,,,,,,,,,,true,false,12,2019-04-01,2020-03-31,-1
2020-11-02,22820,2021-03-31,2,573484000000,-0.069,,,,,,,,,,19476000000,,189.32,189.26,,,,,782074000000,,,,,,,,,,,,,,,,true,false,6,2020-04-01,2020-09-30,0
2020-11-02,22820,2020-03-31,2,616266000000,-0.003,,,,,,,,,,10331000000,,100.39,100.35,,,,,,,,,,,,,,,,,,,,,true,false,6,2019-04-01,2019-09-30,-1
2020-11-02,22820,2021-03-31,2,1180000000000,-0.041,,,,,,,,,,26000000000,,252.97,,,,,,,,,,,,,,,,,,,,,,true,true,12,2020-04-01,2021-03-31,0
2020-11-02,22820,2020-03-31,2,,,,,,,,,,,,,,,,,,,,768861000000,,,,,,,,,,,,,,,,true,false,12,2019-04-01,2020-03-31,-1
2020-11-02,22820,2020-03-31,2,,,,,,,,,,,,,,,,,,,,,,,,,,,,,90.00,,,,102958904,39542,,false,false,12,2019-04-01,2020-03-31,-1
2020-11-02,22820,2021-03-31,2,,,,,,,,,,,,,,,,,,,,,,,,,,,,,91.00,,,,,,,false,true,12,2020-04-01,2021-03-31,0
2020-11-02,22820,2021-03-31,2,,,,,,,,,,,,,,,,,,,,,,,,,,,,,,,,,102958904,177905,102876200,false,false,6,2020-04-01,2020-09-30,0
2020-11-02,22820,2020-03-31,2,,,,,,,,,,,,,,,,,,,,,,,,,,,,,,,,,,,102913235,false,false,6,2019-04-01,2019-09-30,-1
2021-02-01,22820,2021-03-31,3,902988000000,-0.052,,,,,,,,,,28511000000,,277.57,277.50,,,,,827019000000,,,,,,,,,,,,,,,,true,false,9,2020-04-01,2020-12-31,0
2021-02-01,22820,2020-03-31,3,952306000000,-0.002,,,,,,,,,,23927000000,,232.52,232.43,,,,,,,,,,,,,,,,,,,,,true,false,9,2019-04-01,2019-12-31,-1
2021-02-01,22820,2021-03-31,3,1180000000000,-0.041,,,,,,,,,,26000000000,,254.55,,,,,,,,,,,,,,,,,,,,,,true,true,12,2020-04-01,2021-03-31,0
2021-02-01,22820,2020-03-31,3,,,,,,,,,,,,,,,,,,,,768861000000,,,,,,,,,,,,,,,,true,false,12,2019-04-01,2020-03-31,-1
2021-02-01,22820,2020-03-31,3,,,,,,,,,,,,,,,,,,,,,,,,,,,,,90.00,,,,102958904,39542,,false,false,12,2019-04-01,2020-03-31,-1
2021-02-01,22820,2021-03-31,3,,,,,,,,,,,,,,,,,,,,,,,,,,,,,91.00,,,,,,,false,true,12,2020-04-01,2021-03-31,0
2021-02-01,22820,2021-03-31,3,,,,,,,,,,,,,,,,,,,,,,,,,,,,,,,,,102958904,819708,102712930,false,false,9,2020-04-01,2020-12-31,0
2021-02-01,22820,2020-03-31,3,,,,,,,,,,,,,,,,,,,,,,,,,,,,,,,,,,,102913791,false,false,9,2019-04-01,2019-12-31,-1
2021-02-01,22820,2021-03-31,,1180000000000,,,,,,,,,,,26000000000,,254.55,,,,,,,,,,,,,,,,,,,,,,true,true,12,2020-04-01,2021-03-31,0
2021-02-01,22820,2020-03-31,,1229826000000,,,,,,,,,,,19214000000,,186.70,,,,,,,,,,,,,,,,,,,,,,true,false,12,2019-04-01,2020-03-31,-1
2021-02-01,22820,2021-03-31,,780000000000,-0.013,,,,,,,21200000000,0.325,8800000000,,0.358,86.16,,,,,,,,,,,,,,,,,,,,,,false,true,12,2020-04-01,2021-03-31,0
2021-02-01,22820,2020-03-31,,796143000000,,,,,,,,18001000000,,9453000000,,,91.85,,,,,,,,,,,,,,,,,,,,,,false,false,12,2019-04-01,2020-03-31,-1
2021-04-30,22820,2021-03-31,,1176000000000,-0.003,,,,,,,,,,32000000000,,313.19,,,,,,,,,,,,,,,,,,,,,,true,true,12,2020-04-01,2021-03-31,0
2021-04-30,22820,2020-03-31,,1229826000000,,,,,,,,,,,19214000000,,186.70,,,,,,,,,,,,,,,,,,,,,,true,false,12,2019-04-01,2020-03-31,-1
2021-05-10,22820,2021-03-31,,1176101000000,-0.044,,,,,,,,,,32616000000,,317.97,317.89,,,,,825405000000,,,,,82518000000,-57827000000,-14934000000,,,0.296,,,,,,true,false,12,2020-04-01,2021-03-31,0
2021-05-10,22820,2020-03-31,,1229826000000,-0.004,,,,,,,,,,19214000000,,186.70,186.64,,,,,768861000000,,,,,65464000000,-36728000000,-3077000000,,,0.482,,,,,,true,false,12,2019-04-01,2020-03-31,-1
2021-05-10,22820,2022-03-31,,580000000000,0.011,,,,,,,,,,17000000000,,166.38,,,,,,,,,,,,,,,,,,,,,,true,true,6,2021-04-01,2021-09-30,1
2021-05-10,22820,2022-03-31,,1180000000000,0.003,,,,,,,,,,30000000000,,293.62,,,,,,,,,,,,,,,,0.341,,,,,,true,true,12,2021-04-01,2022-03-31,1
2021-05-10,22820,2021-03-31,,772313000000,-0.030,,,,,6641000000,0.805,22860000000,0.270,6933000000,,-0.267,67.59,67.57,,,,,511500000000,207869000000,0.406,2034.12,207834000000,,,,,94.00,,,,102958904,784890,102575847,false,false,12,2020-04-01,2021-03-31,0
2021-05-10,22820,2020-03-31,,796143000000,0.004,,,,,3679000000,-0.408,18001000000,-0.167,9453000000,,-0.314,91.85,91.82,,,,,519509000000,210135000000,0.404,2041.34,210094000000,,,,,90.00,,,,102958904,39542,102914325,false,false,12,2019-04-01,2020-03-31,-1
2021-05-10,22820,2022-03-31,,370000000000,-0.020,,,,,,,19300000000,0.168,18900000000,,0.300,184.98,,,,,,,,,,,,,,,,,,,,,,false,true,6,2021-04-01,2021-09-30,1
2021-05-10,22820,2022-03-31,,760000000000,-0.016,,,,,,,19500000000,-0.147,18200000000,,1.625,178.13,,,,,,,,,,,,,,,100.00,,,,,,,false,true,12,2021-04-01,2022-03-31,1
2021-08-02,22820,2022-03-31,1,294947000000,0.056,,,,,,,,,,9906000000,,96.94,96.91,,,,,824388000000,,,,,,,,,,,,,,,,true,false,3,2021-04-01,2021-06-30,0
2021-08-02,22820,2021-03-31,1,279305000000,-0.084,,,,,,,,,,9384000000,,91.18,91.15,,,,,,,,,,,,,,,,,,,,,true,false,3,2020-04-01,2020-06-30,-1
2021-08-02,22820,2022-03-31,1,580000000000,0.011,,,,,,,,,,17000000000,,166.38,,,,,,,,,,,,,,,,,,,,,,true,true,6,2021-04-01,2021-09-30,0
2021-08-02,22820,2022-03-31,1,1180000000000,0.003,,,,,,,,,,30000000000,,293.62,,,,,,,,,,,,,,,,,,,,,,true,true,12,2021-04-01,2022-03-31,0
2021-08-02,22820,2021-03-31,1,,,,,,,,,,,,,,,,,,,,825405000000,,,,,,,,,,,,,,,,true,false,12,2020-04-01,2021-03-31,-1
2021-08-02,22820,2021-03-31,1,,,,,,,,,,,,,,,,,,,,,,,,,,,,,94.00,,,,102958904,784890,,false,false,12,2020-04-01,2021-03-31,-1
2021-08-02,22820,2022-03-31,1,,,,,,,,,,,,,,,,,,,,,,,,,,,,,100.00,,,,,,,false,true,12,2021-04-01,2022-03-31,0
2021-08-02,22820,2022-03-31,1,,,,,,,,,,,,,,,,,,,,,,,,,,,,,,,,,102958904,764546,102185139,false,false,3,2021-04-01,2021-06-30,0
2021-08-02,22820,2021-03-31,1,,,,,,,,,,,,,,,,,,,,,,,,,,,,,,,,,,,102919883,false,false,3,2020-04-01,2020-06-30,-1
2021-11-01,22820,2022-03-31,2,603365000000,0.052,,,,,,,,,,19604000000,,191.80,191.75,,,,,844824000000,,,,,,,,,,,,,,,,true,false,6,2021-04-01,2021-09-30,0
2021-11-01,22820,2021-03-31,2,573484000000,-0.069,,,,,,,,,,19476000000,,189.32,189.26,,,,,,,,,,,,,,,,,,,,,true,false,6,2020-04-01,2020-09-30,-1
2021-11-01,22820,2022-03-31,2,1180000000000,0.003,,,,,,,,,,30000000000,,293.62,,,,,,,,,,,,,,,,,,,,,,true,true,12,2021-04-01,2022-03-31,0
2021-11-01,22820,2021-03-31,2,,,,,,,,,,,,,,,,,,,,825405000000,,,,,,,,,,,,,,,,true,false,12,2020-04-01,2021-03-31,-1
2021-11-01,22820,2021-03-31,2,,,,,,,,,,,,,,,,,,,,,,,,,,,,,94.00,,,,102958904,784890,,false,false,12,2020-04-01,2021-03-31,-1
2021-11-01,22820,2022-03-31,2,,,,,,,,,,,,,,,,,,,,,,,,,,,,,100.00,,,,,,,false,true,12,2021-04-01,2022-03-31,0
2021-11-01,22820,2022-03-31,2,,,,,,,,,,,,,,,,,,,,,,,,,,,,,,,,,102958904,703015,102211246,false,false,6,2021-04-01,2021-09-30,0
2021-11-01,22820,2021-03-31,2,,,,,,,,,,,,,,,,,,,,,,,,,,,,,,,,,,,102876200,false,false,6,2020-04-01,2020-09-30,-1
2022-02-02,22820,2022-03-31,3,953239000000,0.056,,,,,,,,,,36747000000,,359.45,359.36,,,,,902437000000,,,,,,,,,,,,,,,,true,false,9,2021-04-01,2021-12-31,0
2022-02-02,22820,2021-03-31,3,902988000000,-0.052,,,,,,,,,,28511000000,,277.57,277.50,,,,,,,,,,,,,,,,,,,,,true,false,9,2020-04-01,2020-12-31,-1
2022-02-02,22820,2022-03-31,3,1180000000000,0.003,,,,,,,,,,30000000000,,293.62,,,,,,,,,,,,,,,,,,,,,,true,true,12,2021-04-01,2022-03-31,0
2022-02-02,22820,2021-03-31,3,,,,,,,,,,,,,,,,,,,,825405000000,,,,,,,,,,,,,,,,true,false,12,2020-04-01,2021-03-31,-1
2022-02-02,22820,2021-03-31,3,,,,,,,,,,,,,,,,,,,,,,,,,,,,,94.00,,,,102958904,784890,,false,false,12,2020-04-01,2021-03-31,-1
2022-02-02,22820,2022-03-31,3,,,,,,,,,,,,,,,,,,,,,,,,,,,,,100.00,,,,,,,false,true,12,2021-04-01,2022-03-31,0
2022-02-02,22820,2022-03-31,3,,,,,,,,,,,,,,,,,,,,,,,,,,,,,,,,,102958904,677028,102231251,false,false,9,2021-04-01,2021-12-31,0
2022-02-02,22820,2021-03-31,3,,,,,,,,,,,,,,,,,,,,,,,,,,,,,,,,,,,102712930,false,false,9,2020-04-01,2020-12-31,-1
2022-02-09,22820,2022-03-31,,1160000000000,-0.017,,,,,,,,,,39500000000,,386.19,,,,,,,,,,,,,,,,,,,,,,true,true,12,2021-04-01,2022-03-31,0
2022-02-09,22820,2021-03-31,,1176101000000,,,,,,,,,,,32616000000,,317.97,,,,,,,,,,,,,,,,,,,,,,true,false,12,2020-04-01,2021-03-31,-1
2022-02-09,22820,2022-03-31,,770000000000,0.013,,,,,,,22000000000,0.128,29700000000,,0.632,290.37,,,,,,,,,,,,,,,,,,,,,,false,true,12,2021-04-01,2022-03-31,0
2022-02-09,22820,2021-03-31,,772313000000,,,,,,,,22860000000,,6933000000,,,67.59,,,,,,,,,,,,,,,,,,,,,,false,false,12,2020-04-01,2021-03-31,-1
2022-05-10,22820,2022-03-31,,1174389000000,0.061,,,,,,,,,,48049000000,,469.92,469.81,,,,,909213000000,,,,,33387000000,-22837000000,-12162000000,,,0.217,,,,,,true,false,12,2021-04-01,2022-03-31,0
2022-05-10,22820,2021-03-31,,1106351000000,,,,,,,,,,,32616000000,,317.97,317.89,,,,,825405000000,,,,,82518000000,-57827000000,-14934000000,,,0.296,,,,,,true,false,12,2020-04-01,2021-03-31,-1
2022-05-10,22820,2023-03-31,,610000000000,0.072,,,,,,,,,,20000000000,,195.45,,,,,,,,,,,,,,,,,,,,,,true,true,6,2022-04-01,2022-09-30,1
2022-05-10,22820,2023-03-31,,1240000000000,0.056,,,,,,,,,,33000000000,,322.50,,,,,,,,,,,,,,,,0.341,,,,,,true,true,12,2022-04-01,2023-03-31,1
2022-05-10,22820,2022-03-31,,775354000000,,,,,,1727000000,,21460000000,,31894000000,,,311.92,311.85,,,,,538489000000,229090000000,0.425,2238.62,229067000000,,,,,102.00,,,,102958904,633488,102251475,false,false,12,2021-04-01,2022-03-31,0
2022-05-10,22820,2021-03-31,,772313000000,-0.030,,,,,6641000000,0.805,22860000000,0.270,6933000000,,-0.267,67.59,67.57,,,,,511500000000,207869000000,0.406,2034.12,207834000000,,,,,94.00,,,,102958904,784890,102575847,false,false,12,2020-04-01,2021-03-31,-1
2022-05-10,22820,2023-03-31,,380000000000,0.003,,,,,,,14800000000,-0.326,17900000000,,-0.142,174.93,,,,,,,,,,,,,,,,,,,,,,false,true,6,2022-04-01,2022-09-30,1
2022-05-10,22820,2023-03-31,,780000000000,0.006,,,,,,,15500000000,-0.278,19400000000,,-0.392,189.59,,,,,,,,,,,,,,,110.00,,,,,,,false,true,12,2022-04-01,2023-03-31,1
2022-05-10,22820,2022-03-31,,1174389000000,0.061,,,,,,,,,,48049000000,,469.92,469.81,,,,,909213000000,,,,,33387000000,-22837000000,-12162000000,,,0.217,,,,,,true,false,12,2021-04-01,2022-03-31,0
2022-05-10,22820,2021-03-31,,1106351000000,,,,,,,,,,,32616000000,,317.97,317.89,,,,,825405000000,,,,,82518000000,-57827000000,-14934000000,,,0.296,,,,,,true,false,12,2020-04-01,2021-03-31,-1
2022-05-10,22820,2023-03-31,,610000000000,0.072,,,,,,,,,,20000000000,,195.45,,,,,,,,,,,,,,,,,,,,,,true,true,6,2022-04-01,2022-09-30,1
2022-05-10,22820,2023-03-31,,1240000000000,0.056,,,,,,,,,,33000000000,,322.50,,,,,,,,,,,,,,,,0.341,,,,,,true,true,12,2022-04-01,2023-03-31,1
2022-05-10,22820,2022-03-31,,775354000000,,,,,,1727000000,,21460000000,,31894000000,,,311.92,311.85,,,,,538489000000,229090000000,0.425,2238.62,229067000000,,,,,102.00,,,,102958904,633488,102251475,false,false,12,2021-04-01,2022-03-31,0
2022-05-10,22820,2021-03-31,,772313000000,-0.030,,,,,6641000000,0.805,22860000000,0.270,6933000000,,-0.267,67.59,67.57,,,,,511500000000,207869000000,0.406,2034.12,207834000000,,,,,94.00,,,,102958904,784890,102575847,false,false,12,2020-04-01,2021-03-31,-1
2022-05-10,22820,2023-03-31,,380000000000,0.003,,,,,,,14800000000,-0.326,17900000000,,-0.142,174.93,,,,,,,,,,,,,,,,,,,,,,false,true,6,2022-04-01,2022-09-30,1
2022-05-10,22820,2023-03-31,,780000000000,0.006,,,,,,,15500000000,-0.278,19400000000,,-0.392,189.59,,,,,,,,,,,,,,,110.00,,,,,,,false,true,12,2022-04-01,2023-03-31,1
2022-08-01,22820,2023-03-31,1,311512000000,0.117,,,,,,,,,,10182000000,,99.49,99.47,,,,,947689000000,,,,,,,,,,,,,,,,true,false,3,2022-04-01,2022-06-30,0
2022-08-01,22820,2022-03-31,1,278829000000,,,,,,,,,,,9906000000,,96.94,96.91,,,,,,,,,,,,,,,,,,,,,true,false,3,2021-04-01,2021-06-30,-1
2022-08-01,22820,2023-03-31,1,610000000000,0.072,,,,,,,,,,18000000000,,175.87,,,,,,,,,,,,,,,,,,,,,,true,true,6,2022-04-01,2022-09-30,0
2022-08-01,22820,2023-03-31,1,1240000000000,0.056,,,,,,,,,,31000000000,,302.88,,,,,,,,,,,,,,,,,,,,,,true,true,12,2022-04-01,2023-03-31,0
2022-08-01,22820,2022-03-31,1,,,,,,,,,,,,,,,,,,,,909213000000,,,,,,,,,,,,,,,,true,false,12,2021-04-01,2022-03-31,-1
2022-08-01,22820,2022-03-31,1,,,,,,,,,,,,,,,,,,,,,,,,,,,,,102.00,,,,102958904,633488,,false,false,12,2021-04-01,2022-03-31,-1
2022-08-01,22820,2023-03-31,1,,,,,,,,,,,,,,,,,,,,,,,,,,,,,110.00,,,,,,,false,true,12,2022-04-01,2023-03-31,0
2022-08-01,22820,2023-03-31,1,,,,,,,,,,,,,,,,,,,,,,,,,,,,,,,,,102958904,609472,102338005,false,false,3,2022-04-01,2022-06-30,0
2022-08-01,22820,2022-03-31,1,,,,,,,,,,,,,,,,,,,,,,,,,,,,,,,,,,,102185139,false,false,3,2021-04-01,2021-06-30,-1
2022-10-28,22820,2023-03-31,,634000000000,0.039,,,,,,,,,,15400000000,,150.36,,,,,,,,,,,,,,,,,,,,,,true,true,6,2022-04-01,2022-09-30,0
2022-10-28,22820,2022-03-31,,569118000000,,,,,,,,,,,19604000000,,191.80,,,,,,,,,,,,,,,,,,,,,,true,false,6,2021-04-01,2021-09-30,-1
2022-10-28,22820,2023-03-31,,1270000000000,0.024,,,,,,,,,,26000000000,,253.85,,,,,,,,,,,,,,,,,,,,,,true,true,12,2022-04-01,2023-03-31,0
2022-10-28,22820,2022-03-31,,1174389000000,,,,,,,,,,,48049000000,,469.92,,,,,,,,,,,,,,,,,,,,,,true,false,12,2021-04-01,2022-03-31,-1
2022-10-28,22820,2023-03-31,,790000000000,0.013,,,,,,,11100000000,-0.284,16900000000,,-0.129,165.00,,,,,,,,,,,,,,,,,,,,,,false,true,12,2022-04-01,2023-03-31,0
2022-10-28,22820,2022-03-31,,775354000000,,,,,,,,21460000000,,31894000000,,,311.92,,,,,,,,,,,,,,,,,,,,,,false,false,12,2021-04-01,2022-03-31,-1
2022-10-31,22820,2023-03-31,2,634024000000,0.114,,,,,,,,,,15480000000,,151.21,151.18,,,,,946987000000,,,,,,,,,,,,,,,,true,false,6,2022-04-01,2022-09-30,0
2022-10-31,22820,2022-03-31,2,569118000000,,,,,,,,,,,19604000000,,191.80,191.75,,,,,,,,,,,,,,,,,,,,,true,false,6,2021-04-01,2021-09-30,-1
2022-10-31,22820,2023-03-31,2,1270000000000,0.081,,,,,,,,,,26000000000,,253.85,,,,,,,,,,,,,,,,,,,,,,true,true,12,2022-04-01,2023-03-31,0
2022-10-31,22820,2022-03-31,2,,,,,,,,,,,,,,,,,,,,909213000000,,,,,,,,,,,,,,,,true,false,12,2021-04-01,2022-03-31,-1
2022-10-31,22820,2022-03-31,2,,,,,,,,,,,,,,,,,,,,,,,,,,,,,102.00,,,,102958904,633488,,false,false,12,2021-04-01,2022-03-31,-1
2022-10-31,22820,2023-03-31,2,,,,,,,,,,,,,,,,,,,,,,,,,,,,,110.00,,,,,,,false,true,12,2022-04-01,2023-03-31,0
2022-10-31,22820,2023-03-31,2,,,,,,,,,,,,,,,,,,,,,,,,,,,,,,,,,102958904,537337,102369344,false,false,6,2022-04-01,2022-09-30,0
2022-10-31,22820,2022-03-31,2,,,,,,,,,,,,,,,,,,,,,,,,,,,,,,,,,,,102211246,false,false,6,2021-04-01,2021-09-30,-1
2023-01-27,22820,2023-03-31,,1270000000000,,,,,,,,,,,17000000000,,165.92,,,,,,,,,,,,,,,,,,,,,,true,true,12,2022-04-01,2023-03-31,0
2023-01-27,22820,2022-03-31,,1174389000000,,,,,,,,,,,48049000000,,469.92,,,,,,,,,,,,,,,,,,,,,,true,false,12,2021-04-01,2022-03-31,-1
2023-01-27,22820,2023-03-31,,800000000000,0.013,,,,,,,7000000000,-0.369,14300000000,,-0.154,139.57,,,,,,,,,,,,,,,,,,,,,,false,true,12,2022-04-01,2023-03-31,0
2023-01-27,22820,2022-03-31,,775354000000,,,,,,,,21460000000,,31894000000,,,311.92,,,,,,,,,,,,,,,,,,,,,,false,false,12,2021-04-01,2022-03-31,-1
2023-01-31,22820,2023-03-31,3,986103000000,0.100,,,,,,,,,,19219000000,,187.70,187.68,,,,,984219000000,,,,,,,,,,,,,,,,true,false,9,2022-04-01,2022-12-31,0
2023-01-31,22820,2022-03-31,3,896129000000,,,,,,,,,,,36747000000,,359.45,359.36,,,,,,,,,,,,,,,,,,,,,true,false,9,2021-04-01,2021-12-31,-1
2023-01-31,22820,2023-03-31,3,1270000000000,0.081,,,,,,,,,,17000000000,,165.92,,,,,,,,,,,,,,,,,,,,,,true,true,12,2022-04-01,2023-03-31,0
2023-01-31,22820,2022-03-31,3,,,,,,,,,,,,,,,,,,,,909213000000,,,,,,,,,,,,,,,,true,false,12,2021-04-01,2022-03-31,-1
2023-01-31,22820,2022-03-31,3,,,,,,,,,,,,,,,,,,,,,,,,,,,,,102.00,,,,102958904,633488,,false,false,12,2021-04-01,2022-03-31,-1
2023-01-31,22820,2023-03-31,3,,,,,,,,,,,,,,,,,,,,,,,,,,,,,110.00,,,,,,,false,true,12,2022-04-01,2023-03-31,0
2023-01-31,22820,2023-03-31,3,,,,,,,,,,,,,,,,,,,,,,,,,,,,,,,,,102958904,498718,102394193,false,false,9,2022-04-01,2022-12-31,0
2023-01-31,22820,2022-03-31,3,,,,,,,,,,,,,,,,,,,,,,,,,,,,,,,,,,,102231251,false,false,9,2021-04-01,2021-12-31,-1
2023-05-10,22820,2023-03-31,,1259792000000,0.094,,,,,,,,,,16637000000,,162.44,162.42,,,0.022,,937155000000,,,,,11331000000,-63677000000,28417000000,,,0.677,,,,,,true,false,12,2022-04-01,2023-03-31,0
2023-05-10,22820,2022-03-31,,1151886000000,,,,,,,,,,,48049000000,,469.92,469.81,,,0.040,,909213000000,,,,,33387000000,-22837000000,-12162000000,,,0.217,,,,,,true,false,12,2021-04-01,2022-03-31,-1
2023-05-10,22820,2024-03-31,,620000000000,0.002,,,,,,,,,,13000000000,,126.82,,,,,,,,,,,,,,,,,,,,,,true,true,6,2023-04-01,2023-09-30,1
2023-05-10,22820,2024-03-31,,1260000000000,0.000,,,,,,,,,,23000000000,,224.38,,,,,,,,,,,,,,,,0.499,,,,,,true,true,12,2023-04-01,2024-03-31,1
2023-05-10,22820,2023-03-31,,810307000000,0.045,,,,,-10108000000,,6972000000,-0.675,12231000000,,-0.617,119.42,119.41,,,,,593706000000,231646000000,0.390,2259.86,231646000000,,,,,110.00,,,,102958904,454459,102418686,false,false,12,2022-04-01,2023-03-31,0
2023-05-10,22820,2022-03-31,,775354000000,,,,,,1727000000,,21460000000,,31894000000,,,311.92,311.85,,,,,538489000000,229090000000,0.425,2238.62,229067000000,,,,,102.00,,,,102958904,633488,102251475,false,false,12,2021-04-01,2022-03-31,-1
2023-05-10,22820,2024-03-31,,400000000000,0.018,,,,,,,16200000000,0.099,18500000000,,-0.039,180.48,,,,,,,,,,,,,,,,,,,,,,false,true,6,2023-04-01,2023-09-30,1
2023-05-10,22820,2024-03-31,,820000000000,0.012,,,,,,,13700000000,0.965,15100000000,,0.235,147.31,,,,,,,,,,,,,,,112.00,,,,,,,false,true,12,2023-04-01,2024-03-31,1
2023-08-01,22820,2024-03-31,1,322175000000,0.065,,,,,,,,,,11749000000,,114.60,114.60,,,,,951955000000,,,,,,,,,,,,,,,,true,false,3,2023-04-01,2023-06-30,0
2023-08-01,22820,2023-03-31,1,302378000000,,,,,,,,,,,10182000000,,99.49,99.47,,,,,,,,,,,,,,,,,,,,,true,false,3,2022-04-01,2022-06-30,-1
2023-08-01,22820,2024-03-31,1,620000000000,0.002,,,,,,,,,,13000000000,,126.82,,,,,,,,,,,,,,,,,,,,,,true,true,6,2023-04-01,2023-09-30,0
2023-08-01,22820,2024-03-31,1,1260000000000,0.000,,,,,,,,,,23000000000,,224.38,,,,,,,,,,,,,,,,,,,,,,true,true,12,2023-04-01,2024-03-31,0
2023-08-01,22820,2023-03-31,1,,,,,,,,,,,,,,,,,,,,937155000000,,,,,,,,,,,,,,,,true,false,12,2022-04-01,2023-03-31,-1
2023-08-01,22820,2023-03-31,1,,,,,,,,,,,,,,,,,,,,,,,,,,,,,110.00,,,,102958904,454459,,false,false,12,2022-04-01,2023-03-31,-1
2023-08-01,22820,2024-03-31,1,,,,,,,,,,,,,,,,,,,,,,,,,,,,,112.00,,,,,,,false,true,12,2023-04-01,2024-03-31,0
2023-08-01,22820,2024-03-31,1,,,,,,,,,,,,,,,,,,,,,,,,,,,,,,,,,102958904,428684,102517730,false,false,3,2023-04-01,2023-06-30,0
2023-08-01,22820,2023-03-31,1,,,,,,,,,,,,,,,,,,,,,,,,,,,,,,,,,,,102338005,false,false,3,2022-04-01,2022-06-30,-1
2023-10-26,22820,2024-03-31,,652000000000,0.052,,,,,,,,,,20000000000,,194.93,,,,,,,,,,,,,,,,,,,,,,true,true,6,2023-04-01,2023-09-30,0
2023-10-26,22820,2023-03-31,,618688000000,,,,,,,,,,,15480000000,,151.21,,,,,,,,,,,,,,,,,,,,,,true,false,6,2022-04-01,2022-09-30,-1
2023-10-31,22820,2024-03-31,2,652122000000,0.054,,,,,,,,,,19984000000,,194.88,194.88,,,,,947916000000,,,,,,,,,,,,,,,,true,false,6,2023-04-01,2023-09-30,0
2023-10-31,22820,2023-03-31,2,618688000000,,,,,,,,,,,15480000000,,151.21,151.18,,,,,,,,,,,,,,,,,,,,,true,false,6,2022-04-01,2022-09-30,-1
2023-10-31,22820,2024-03-31,2,1300000000000,0.032,,,,,,,,,,28000000000,,272.91,,,,,,,,,,,,,,,,,,,,,,true,true,12,2023-04-01,2024-03-31,0
2023-10-31,22820,2023-03-31,2,,,,,,,,,,,,,,,,,,,,937155000000,,,,,,,,,,,,,,,,true,false,12,2022-04-01,2023-03-31,-1
2023-10-31,22820,2023-03-31,2,,,,,,,,,,,,,,,,,,,,,,,,,,,,,110.00,,,,102958904,454459,,false,false,12,2022-04-01,2023-03-31,-1
2023-10-31,22820,2024-03-31,2,,,,,,,,,,,,,,,,,,,,,,,,,,,,,112.00,,,,,,,false,true,12,2023-04-01,2024-03-31,0
2023-10-31,22820,2024-03-31,2,,,,,,,,,,,,,,,,,,,,,,,,,,,,,,,,,102958904,359888,102548991,false,false,6,2023-04-01,2023-09-30,0
2023-10-31,22820,2023-03-31,2,,,,,,,,,,,,,,,,,,,,,,,,,,,,,,,,,,,102369344,false,false,6,2022-04-01,2022-09-30,-1
2023-10-31,22820,2024-03-31,,1300000000000,0.032,,,,,,,,,,28000000000,,272.91,,,,,,,,,,,,,,,,,,,,,,true,true,12,2023-04-01,2024-03-31,0
2023-10-31,22820,2023-03-31,,1259792000000,,,,,,,,,,,16637000000,,162.44,,,,,,,,,,,,,,,,,,,,,,true,false,12,2022-04-01,2023-03-31,-1
2023-10-31,22820,2024-03-31,,830000000000,0.012,,,,,,,18500000000,0.350,19000000000,,0.258,185.19,,,,,,,,,,,,,,,,,,,,,,false,true,12,2023-04-01,2024-03-31,0
2023-10-31,22820,2023-03-31,,810307000000,,,,,,,,6972000000,,12231000000,,,119.42,,,,,,,,,,,,,,,,,,,,,,false,false,12,2022-04-01,2023-03-31,-1
2024-02-01,22820,2024-03-31,3,997957000000,0.037,,,,,,,,,,29520000000,,287.80,287.80,,,,,957219000000,,,,,,,,,,,,,,,,true,false,9,2023-04-01,2023-12-31,0
2024-02-01,22820,2023-03-31,3,962609000000,,,,,,,,,,,19219000000,,187.70,187.68,,,,,,,,,,,,,,,,,,,,,true,false,9,2022-04-01,2022-12-31,-1
2024-02-01,22820,2024-03-31,3,1300000000000,0.032,,,,,,,,,,27000000000,,263.11,,,,,,,,,,,,,,,,,,,,,,true,true,12,2023-04-01,2024-03-31,0
2024-02-01,22820,2023-03-31,3,,,,,,,,,,,,,,,,,,,,937155000000,,,,,,,,,,,,,,,,true,false,12,2022-04-01,2023-03-31,-1
2024-02-01,22820,2023-03-31,3,,,,,,,,,,,,,,,,,,,,,,,,,,,,,110.00,,,,102958904,454459,,false,false,12,2022-04-01,2023-03-31,-1
2024-02-01,22820,2024-03-31,3,,,,,,,,,,,,,,,,,,,,,,,,,,,,,112.00,,,,,,,false,true,12,2023-04-01,2024-03-31,0
2024-02-01,22820,2024-03-31,3,,,,,,,,,,,,,,,,,,,,,,,,,,,,,,,,,102958904,339839,102569539,false,false,9,2023-04-01,2023-12-31,0
2024-02-01,22820,2023-03-31,3,,,,,,,,,,,,,,,,,,,,,,,,,,,,,,,,,,,102394193,false,false,9,2022-04-01,2022-12-31,-1
2024-02-01,22820,2024-03-31,,1300000000000,0.000,,,,,,,,,,27000000000,,263.11,,,,,,,,,,,,,,,,,,,,,,true,true,12,2023-04-01,2024-03-31,0
2024-02-01,22820,2023-03-31,,1259792000000,,,,,,,,,,,16637000000,,162.44,,,,,,,,,,,,,,,,,,,,,,true,false,12,2022-04-01,2023-03-31,-1
2024-05-10,22820,2024-03-31,,1303432000000,0.035,,,,,,,,,,28078000000,,273.70,,,,,,958237000000,,,,,86586000000,-39224000000,-53189000000,,,0.435,,,,,,true,false,12,2023-04-01,2024-03-31,0
2024-05-10,22820,2023-03-31,,1259792000000,0.094,,,,,,,,,,16637000000,,162.44,162.42,,,,,937155000000,,,,,11331000000,-63677000000,28417000000,,,0.677,,,,,,true,false,12,2022-04-01,2023-03-31,-1
2024-05-10,22820,2025-03-31,,670000000000,0.027,,,,,,,,,,13000000000,,136.38,,,,,,,,,,,,,,,,,,,,,,true,true,6,2024-04-01,2024-09-30,1
2024-05-10,22820,2025-03-31,,1340000000000,0.028,,,,,,,,,,27000000000,,263.03,,,,,,,,,,,,,,,,0.513,,,,,,true,true,12,2024-04-01,2025-03-31,1
2024-05-10,22820,2024-03-31,,835263000000,0.031,,,,,-221000000,,21949000000,2.148,21775000000,,0.780,212.26,,,,,,598371000000,244893000000,0.409,2385.70,244893000000,,,,,119.00,,,,102958904,308314,102587844,false,false,12,2023-04-01,2024-03-31,0
2024-05-10,22820,2023-03-31,,810307000000,0.045,,,,,-10108000000,,6972000000,-0.675,12231000000,,-0.617,119.42,119.41,,,,,593706000000,231646000000,0.390,2259.86,231646000000,,,,,110.00,,,,102958904,454459,102418686,false,false,12,2022-04-01,2023-03-31,-1
2024-05-10,22820,2025-03-31,,420000000000,0.015,,,,,,,16600000000,-0.216,17900000000,,-0.180,174.38,,,,,,,,,,,,,,,,,,,,,,false,true,6,2024-04-01,2024-09-30,1
2024-05-10,22820,2025-03-31,,850000000000,0.018,,,,,,,17200000000,-0.216,17900000000,,-0.178,174.38,,,,,,,,,,,,,,,135.00,,,,,,,false,true,12,2024-04-01,2025-03-31,1
2024-08-01,22820,2025-03-31,1,338050000000,0.049,,,,,,,,,,13048000000,,127.09,,,,,,998565000000,,,,,,,,,,,,,,,,true,false,3,2024-04-01,2024-06-30,0
2024-08-01,22820,2024-03-31,1,322175000000,0.065,,,,,,,,,,11749000000,,114.60,,,,,,,,,,,,,,,,,,,,,,true,false,3,2023-04-01,2023-06-30,-1
2024-08-01,22820,2025-03-31,1,670000000000,0.027,,,,,,,,,,14000000000,,136.34,,,,,,,,,,,,,,,,,,,,,,true,true,6,2024-04-01,2024-09-30,0
2024-08-01,22820,2025-03-31,1,1340000000000,0.028,,,,,,,,,,27000000000,,262.94,,,,,,,,,,,,,,,,,,,,,,true,true,12,2024-04-01,2025-03-31,0
2024-08-01,22820,2024-03-31,1,,,,,,,,,,,,,,,,,,,,958237000000,,,,,,,,,,,,,,,,true,false,12,2023-04-01,2024-03-31,-1
2024-08-01,22820,2024-03-31,1,,,,,,,,,,,,,,,,,,,,,,,,,,,,,119.00,,,,102958904,308314,,false,false,12,2023-04-01,2024-03-31,-1
2024-08-01,22820,2025-03-31,1,,,,,,,,,,,,,,,,,,,,,,,,,,,,,135.00,,,,,,,false,true,12,2024-04-01,2025-03-31,0
2024-08-01,22820,2025-03-31,1,,,,,,,,,,,,,,,,,,,,,,,,,,,,,,,,,102958904,272178,102663444,false,false,3,2024-04-01,2024-06-30,0
2024-08-01,22820,2024-03-31,1,,,,,,,,,,,,,,,,,,,,,,,,,,,,,,,,,,,102517730,false,false,3,2023-04-01,2023-06-30,-1
2024-08-08,22820,2025-03-31,1,338050000000,0.049,,,,,,,,,,13048000000,,127.09,,,,,,998565000000,,,,,,,,,,,,,,,,true,false,3,2024-04-01,2024-06-30,0
2024-08-08,22820,2024-03-31,1,322175000000,0.065,,,,,,,,,,11749000000,,114.60,,,,,,,,,,,,,,,,,,,,,,true,false,3,2023-04-01,2023-06-30,-1
2024-08-08,22820,2025-03-31,1,670000000000,0.027,,,,,,,,,,14000000000,,136.34,,,,,,,,,,,,,,,,,,,,,,true,true,6,2024-04-01,2024-09-30,0
2024-08-08,22820,2025-03-31,1,1340000000000,0.028,,,,,,,,,,27000000000,,262.94,,,,,,,,,,,,,,,,,,,,,,true,true,12,2024-04-01,2025-03-31,0
2024-08-08,22820,2024-03-31,1,,,,,,,,,,,,,,,,,,,,958237000000,,,,,,,,,,,,,,,,true,false,12,2023-04-01,2024-03-31,-1
2024-08-08,22820,2024-03-31,1,,,,,,,,,,,,,,,,,,,,,,,,,,,,,119.00,,,,102958904,308314,,false,false,12,2023-04-01,2024-03-31,-1
2024-08-08,22820,2025-03-31,1,,,,,,,,,,,,,,,,,,,,,,,,,,,,,135.00,,,,,,,false,true,12,2024-04-01,2025-03-31,0
2024-08-08,22820,2025-03-31,1,,,,,,,,,,,,,,,,,,,,,,,,,,,,,,,,,102958904,272178,102663444,false,false,3,2024-04-01,2024-06-30,0
2024-08-08,22820,2024-03-31,1,,,,,,,,,,,,,,,,,,,,,,,,,,,,,,,,,,,102517730,false,false,3,2023-04-01,2023-06-30,-1
2024-11-01,22820,2025-03-31,2,683864000000,0.049,,,,,,,,,,17864000000,,174.19,,,,,,957111000000,,,,,,,,,,,,,,,,true,false,6,2024-04-01,2024-09-30,0
2024-11-01,22820,2024-03-31,2,652122000000,0.054,,,,,,,,,,19984000000,,194.88,,,,,,,,,,,,,,,,,,,,,,true,false,6,2023-04-01,2023-09-30,-1
2024-11-01,22820,2025-03-31,2,1340000000000,0.028,,,,,,,,,,27000000000,,262.94,,,,,,,,,,,,,,,,,,,,,,true,true,12,2024-04-01,2025-03-31,0
2024-11-01,22820,2024-03-31,2,,,,,,,,,,,,,,,,,,,,958237000000,,,,,,,,,,,,,,,,true,false,12,2023-04-01,2024-03-31,-1
2024-11-01,22820,2024-03-31,2,,,,,,,,,,,,,,,,,,,,,,,,,,,,,119.00,,,,102958904,308314,,false,false,12,2023-04-01,2024-03-31,-1
2024-11-01,22820,2025-03-31,2,,,,,,,,,,,,,,,,,,,,,,,,,,,,,135.00,,,,,,,false,true,12,2024-04-01,2025-03-31,0
2024-11-01,22820,2025-03-31,2,,,,,,,,,,,,,,,,,,,,,,,,,,,,,,,,,102958904,1175962,102554183,false,false,6,2024-04-01,2024-09-30,0
2024-11-01,22820,2024-03-31,2,,,,,,,,,,,,,,,,,,,,,,,,,,,,,,,,,,,102548991,false,false,6,2023-04-01,2023-09-30,-1
2025-01-31,22820,2025-03-31,3,1055018000000,0.057,,,,,,,,,,29152000000,,286.43,,,,,,996108000000,,,,,,,,,,,,,,,,true,false,9,2024-04-01,2024-12-31,0
2025-01-31,22820,2024-03-31,3,997957000000,0.037,,,,,,,,,,29520000000,,287.80,,,,,,,,,,,,,,,,,,,,,,true,false,9,2023-04-01,2023-12-31,-1
2025-01-31,22820,2025-03-31,3,1370000000000,0.051,,,,,,,,,,26000000000,,262.90,,,,,,,,,,,,,,,,,,,,,,true,true,12,2024-04-01,2025-03-31,0
2025-01-31,22820,2024-03-31,3,,,,,,,,,,,,,,,,,,,,958237000000,,,,,,,,,,,,,,,,true,false,12,2023-04-01,2024-03-31,-1
2025-01-31,22820,2024-03-31,3,,,,,,,,,,,,,,,,,,,,,,,,,,,,,119.00,,,,102958904,308314,,false,false,12,2023-04-01,2024-03-31,-1
2025-01-31,22820,2025-03-31,3,,,,,,,,,,,,,,,,,,,,,,,,,,,,,135.00,,,,,,,false,true,12,2024-04-01,2025-03-31,0
2025-01-31,22820,2025-03-31,3,,,,,,,,,,,,,,,,,,,,,,,,,,,,,,,,,102958904,4062496,101776195,false,false,9,2024-04-01,2024-12-31,0
2025-01-31,22820,2024-03-31,3,,,,,,,,,,,,,,,,,,,,,,,,,,,,,,,,,,,102569539,false,false,9,2023-04-01,2023-12-31,-1
2025-02-07,22820,2025-03-31,3,1055018000000,0.057,,,,,,,,,,29152000000,,286.43,,,,,,996108000000,,,,,,,,,,,,,,,,true,false,9,2024-04-01,2024-12-31,0
2025-02-07,22820,2024-03-31,3,997957000000,0.037,,,,,,,,,,29520000000,,287.80,,,,,,,,,,,,,,,,,,,,,,true,false,9,2023-04-01,2023-12-31,-1
2025-02-07,22820,2025-03-31,3,1370000000000,0.051,,,,,,,,,,26000000000,,262.90,,,,,,,,,,,,,,,,,,,,,,true,true,12,2024-04-01,2025-03-31,0
2025-02-07,22820,2024-03-31,3,,,,,,,,,,,,,,,,,,,,958237000000,,,,,,,,,,,,,,,,true,false,12,2023-04-01,2024-03-31,-1
2025-02-07,22820,2024-03-31,3,,,,,,,,,,,,,,,,,,,,,,,,,,,,,119.00,,,,102958904,308314,,false,false,12,2023-04-01,2024-03-31,-1
2025-02-07,22820,2025-03-31,3,,,,,,,,,,,,,,,,,,,,,,,,,,,,,135.00,,,,,,,false,true,12,2024-04-01,2025-03-31,0
2025-02-07,22820,2025-03-31,3,,,,,,,,,,,,,,,,,,,,,,,,,,,,,,,,,102958904,4062496,101776195,false,false,9,2024-04-01,2024-12-31,0
2025-02-07,22820,2024-03-31,3,,,,,,,,,,,,,,,,,,,,,,,,,,,,,,,,,,,102569539,false,false,9,2023-04-01,2023-12-31,-1
2025-05-09,22820,2025-03-31,,1370553000000,0.051,,,,,,,,,,26585000000,,263.05,,,,,,949272000000,,,,,77441000000,-42717000000,-29851000000,,,0.513,,,,,,true,false,12,2024-04-01,2025-03-31,0
2025-05-09,22820,2024-03-31,,1303432000000,0.035,,,,,,,,,,28078000000,,273.70,,,,,,958237000000,,,,,86586000000,-39224000000,-53189000000,,,0.435,,,,,,true,false,12,2023-04-01,2024-03-31,-1
2025-05-09,22820,2026-03-31,,700000000000,0.024,,,,,,,,,,18500000000,,187.00,,,,,,,,,,,,,,,,,,,,,,true,true,6,2025-04-01,2025-09-30,1
2025-05-09,22820,2026-03-31,,1400000000000,0.021,,,,,,,,,,30000000000,,303.24,,,,,,,,,,,,,,,,0.514,,,,,,true,true,12,2025-04-01,2026-03-31,1
2025-05-09,22820,2025-03-31,,848916000000,0.016,,,,,-6155000000,,13303000000,-0.394,16467000000,,-0.244,162.94,,,,,,608067000000,229597000000,0.378,2320.77,229597000000,,,,,135.00,,,,99095004,163504,101062468,false,false,12,2024-04-01,2025-03-31,0
2025-05-09,22820,2024-03-31,,835263000000,0.031,,,,,-221000000,,21949000000,2.148,21775000000,,0.780,212.26,,,,,,598371000000,244893000000,0.409,2385.70,244893000000,,,,,119.00,,,,102958904,308314,102587844,false,false,12,2023-04-01,2024-03-31,-1
2025-05-09,22820,2026-03-31,,440000000000,0.035,,,,,,,15500000000,0.010,14900000000,,-0.064,150.61,,,,,,,,,,,,,,,,,,,,,,false,true,6,2025-04-01,2025-09-30,1
2025-05-09,22820,2026-03-31,,850000000000,0.001,,,,,,,18600000000,0.398,18500000000,,0.123,187.00,,,,,,,,,,,,,,,156.00,,,,,,,false,true,12,2025-04-01,2026-03-31,1
2025-08-01,22820,2026-03-31,1,354141000000,0.048,,,,,,,,,,11417000000,,115.40,,,,,,954670000000,,,,,,,,,,,,,,,,true,false,3,2025-04-01,2025-06-30,0
2025-08-01,22820,2025-03-31,1,338050000000,0.049,,,,,,,,,,13048000000,,127.09,,,,,,,,,,,,,,,,,,,,,,true,false,3,2024-04-01,2024-06-30,-1
2025-08-01,22820,2026-03-31,1,700000000000,0.024,,,,,,,,,,18500000000,,187.00,,,,,,,,,,,,,,,,,,,,,,true,true,6,2025-04-01,2025-09-30,0
2025-08-01,22820,2026-03-31,1,1400000000000,0.021,,,,,,,,,,30000000000,,303.24,,,,,,,,,,,,,,,,,,,,,,true,true,12,2025-04-01,2026-03-31,0
2025-08-01,22820,2025-03-31,1,,,,,,,,,,,,,,,,,,,,949272000000,,,,,,,,,,,,,,,,true,false,12,2024-04-01,2025-03-31,-1
2025-08-01,22820,2025-03-31,1,,,,,,,,,,,,,,,,,,,,,,,,,,,,,135.00,,,,99095004,163504,,false,false,12,2024-04-01,2025-03-31,-1
2025-08-01,22820,2026-03-31,1,,,,,,,,,,,,,,,,,,,,,,,,,,,,,156.00,,,,,,,false,true,12,2025-04-01,2026-03-31,0
2025-08-01,22820,2026-03-31,1,,,,,,,,,,,,,,,,,,,,,,,,,,,,,,,,,99095004,141239,98942901,false,false,3,2025-04-01,2025-06-30,0
2025-08-01,22820,2025-03-31,1,,,,,,,,,,,,,,,,,,,,,,,,,,,,,,,,,,,102663444,false,false,3,2024-04-01,2024-06-30,-1
2025-08-07,22820,2026-03-31,1,354141000000,0.048,,,,,,,,,,11417000000,,115.40,,,,,,954670000000,,,,,,,,,,,,,,,,true,false,3,2025-04-01,2025-06-30,0
2025-08-07,22820,2025-03-31,1,338050000000,0.049,,,,,,,,,,13048000000,,127.09,,,,,,,,,,,,,,,,,,,,,,true,false,3,2024-04-01,2024-06-30,-1
2025-08-07,22820,2026-03-31,1,700000000000,0.024,,,,,,,,,,18500000000,,187.00,,,,,,,,,,,,,,,,,,,,,,true,true,6,2025-04-01,2025-09-30,0
2025-08-07,22820,2026-03-31,1,1400000000000,0.021,,,,,,,,,,30000000000,,303.24,,,,,,,,,,,,,,,,,,,,,,true,true,12,2025-04-01,2026-03-31,0
2025-08-07,22820,2025-03-31,1,,,,,,,,,,,,,,,,,,,,949272000000,,,,,,,,,,,,,,,,true,false,12,2024-04-01,2025-03-31,-1
2025-08-07,22820,2025-03-31,1,,,,,,,,,,,,,,,,,,,,,,,,,,,,,135.00,,,,99095004,163504,,false,false,12,2024-04-01,2025-03-31,-1
2025-08-07,22820,2026-03-31,1,,,,,,,,,,,,,,,,,,,,,,,,,,,,,156.00,,,,,,,false,true,12,2025-04-01,2026-03-31,0
2025-08-07,22820,2026-03-31,1,,,,,,,,,,,,,,,,,,,,,,,,,,,,,,,,,99095004,141239,98942901,false,false,3,2025-04-01,2025-06-30,0
2025-08-07,22820,2025-03-31,1,,,,,,,,,,,,,,,,,,,,,,,,,,,,,,,,,,,102663444,false,false,3,2024-04-01,2024-06-30,-1
