filing_date,code,fiscal_year_end,quarterly_period,net_sales,net_sales_change,revenue,revenue_change,operating_revenue,operating_revenue_change,operating_profit,operating_profit_change,ordinary_profit,ordinary_profit_change,net_income,net_income_of_parent,net_income_change,eps,diluted_eps,roe,roa,operating_profit_to_net_sales,operating_profit_to_revenue,total_assets,net_assets,equity_ratio,bps,owner_equity,operating_cash_flow,investing_cash_flow,financing_cash_flow,cash,dividend_per_share,payout_ratio,commemorative_dividend,extra_dividend,number_of_shares,number_of_treqsury_shares,avg_number_of_shares,is_consolidated,is_forecast,duration,period_start,period_end,period_pos
2015-06-30,23000,2016-02-29,1,2431000000,-0.018,,,,,476000000,-0.002,495000000,-0.008,298000000,,-0.169,53.93,,,,,,5775000000,3930000000,0.681,,3930000000,,,,,,,,,5551230,9591,5541649,false,false,3,2015-03-01,2015-05-31,0
2015-06-30,23000,2015-02-28,1,2476000000,0.015,,,,,477000000,-0.006,499000000,-0.017,359000000,,0.234,64.91,,,,,,,,,,,,,,,,,,,,,5541719,false,false,3,2014-03-01,2014-05-31,-1
2015-06-30,23000,2016-02-29,1,4249000000,0.028,,,,,538000000,0.283,570000000,0.237,333000000,,-0.014,60.09,,,,,,,,,,,,,,,,,,,,,,false,true,6,2015-03-01,2015-08-31,0
2015-06-30,23000,2016-02-29,1,7315000000,0.050,,,,,345000000,1.827,410000000,0.936,239000000,,0.359,43.12,,,,,,,,,,,,,,,11.00,,,,,,,false,true,12,2015-03-01,2016-02-29,0
2015-06-30,23000,2015-02-28,1,,,,,,,,,,,,,,,,,,,,5234000000,3683000000,0.704,,3683000000,,,,,13.00,,,,5551230,9561,,false,false,12,2014-03-01,2015-02-28,-1
2015-09-30,23000,2016-02-29,2,4011000000,-0.030,,,,,354000000,-0.155,397000000,-0.138,239000000,,-0.290,43.27,,,,,,5416000000,3868000000,0.714,,3868000000,,,,,,,,,5551230,9591,5541644,false,false,6,2015-03-01,2015-08-31,0
2015-09-30,23000,2015-02-28,2,4136000000,0.002,,,,,420000000,0.101,461000000,0.109,337000000,,0.450,60.93,,,,,,,,,,,,,,,,,,,,,5541719,false,false,6,2014-03-01,2014-08-31,-1
2015-09-30,23000,2016-02-29,2,7315000000,0.050,,,,,345000000,1.827,410000000,0.936,239000000,,0.359,43.12,,,,,,,,,,,,,,,11.00,,,,,,,false,true,12,2015-03-01,2016-02-29,0
2015-09-30,23000,2015-02-28,2,,,,,,,,,,,,,,,,,,,,5234000000,3683000000,0.704,,3683000000,,,,,13.00,,,,5551230,9561,,false,false,12,2014-03-01,2015-02-28,-1
2015-09-30,23000,2016-02-29,2,,,,,,,,,,,,,,,,,,,,,,,,,,,,,5.50,,,,,,,false,false,12,2015-03-01,2016-02-29,0
2015-12-30,23000,2016-02-29,3,5565000000,-0.019,,,,,320000000,-0.162,386000000,-0.141,231000000,,-0.299,41.75,,,,,,5310000000,3829000000,0.721,,3829000000,,,,,,,,,5551230,9651,5541643,false,false,9,2015-03-01,2015-11-30,0
2015-12-30,23000,2015-02-28,3,5670000000,-0.011,,,,,382000000,0.255,449000000,0.238,329000000,,0.686,59.52,,,,,,,,,,,,,,,,,,,,,5541719,false,false,9,2014-03-01,2014-11-30,-1
2015-12-30,23000,2016-02-29,3,7315000000,0.050,,,,,345000000,1.827,410000000,0.936,239000000,,0.359,43.12,,,,,,,,,,,,,,,11.00,,,,,,,false,true,12,2015-03-01,2016-02-29,0
2015-12-30,23000,2015-02-28,3,,,,,,,,,,,,,,,,,,,,5234000000,3683000000,0.704,,3683000000,,,,,13.00,,,,5551230,9561,,false,false,12,2014-03-01,2015-02-28,-1
2015-12-30,23000,2016-02-29,3,,,,,,,,,,,,,,,,,,,,,,,,,,,,,5.50,,,,,,,false,false,12,2015-03-01,2016-02-29,0
2016-04-01,23000,2016-02-29,,6868000000,-0.061,,,,,139000000,-0.596,230000000,-0.440,55000000,,-0.769,9.96,,,,,,,,,,,,,,,,,,,,,,false,true,12,2015-03-01,2016-02-29,0
2016-04-01,23000,2015-02-28,,6963000000,,,,,,122000000,,212000000,,175000000,,,31.73,,,,,,,,,,,,,,,,,,,,,,false,false,12,2014-03-01,2015-02-28,-1
2016-04-15,23000,2016-02-29,,6868000000,-0.014,,,,,139000000,0.141,230000000,0.084,55000000,,-0.686,9.95,,0.015,0.045,0.020,,4993000000,3645000000,0.730,657.92,3645000000,211000000,-69000000,-221000000,771000000,11.00,1.105,,,5551230,9681,9608,false,false,12,2015-03-01,2016-02-29,0
2016-04-15,23000,2015-02-28,,6963000000,-0.016,,,,,122000000,0.167,212000000,0.164,175000000,,1.512,31.73,,0.049,0.040,0.018,,5234000000,3683000000,0.704,664.65,3683000000,192000000,117000000,-260000000,851000000,13.00,0.410,,,5551230,9561,9518,false,false,12,2014-03-01,2015-02-28,-1
2016-04-15,23000,2017-02-28,,4147000000,0.034,,,,,428000000,0.206,476000000,0.197,277000000,,0.155,49.98,,,,,,,,,,,,,,,,,,,,,,false,true,6,2016-03-01,2016-08-31,1
2016-04-15,23000,2017-02-28,,7100000000,0.034,,,,,257000000,0.841,350000000,0.521,204000000,,2.697,36.81,,,,,,,,,,,,,,,11.00,0.149,,,,,,false,true,12,2016-03-01,2017-02-28,1
2016-06-30,23000,2017-02-28,1,2400000000,-0.013,,,,,530000000,0.112,547000000,0.105,316000000,,0.059,57.13,,,,,,5739000000,3933000000,0.685,,3933000000,,,,,,,,,5551230,9681,5541549,false,false,3,2016-03-01,2016-05-31,0
2016-06-30,23000,2016-02-28,1,2431000000,-0.018,,,,,476000000,-0.002,495000000,-0.008,298000000,,-0.169,53.93,,,,,,,,,,,,,,,,,,,,,5541649,false,false,3,2015-03-01,2015-05-31,-1
2016-06-30,23000,2017-02-28,1,4147000000,0.034,,,,,428000000,0.206,476000000,0.197,277000000,,0.155,49.98,,,,,,,,,,,,,,,,,,,,,,false,true,6,2016-03-01,2016-08-31,0
2016-06-30,23000,2017-02-28,1,7100000000,0.034,,,,,257000000,0.841,350000000,0.521,204000000,,2.697,36.81,,,,,,,,,,,,,,,11.00,,,,,,,false,true,12,2016-03-01,2017-02-28,0
2016-06-30,23000,2016-02-28,1,,,,,,,,,,,,,,,,,,,,4993000000,3645000000,0.730,,3645000000,,,,,11.00,,,,5551230,9681,,false,false,12,2015-03-01,2016-02-29,-1
2016-09-30,23000,2017-02-28,2,3961000000,-0.013,,,,,502000000,0.417,543000000,0.366,313000000,,0.306,56.53,,,,,,5485000000,3929000000,0.716,,3929000000,,,,,,,,,5551230,9681,5541549,false,false,6,2016-03-01,2016-08-31,0
2016-09-30,23000,2016-02-28,2,4011000000,-0.030,,,,,354000000,-0.155,397000000,-0.138,239000000,,-0.290,43.27,,,,,,,,,,,,,,,,,,,,,5541644,false,false,6,2015-03-01,2015-08-31,-1
2016-09-30,23000,2017-02-28,2,7100000000,0.034,,,,,257000000,0.841,350000000,0.521,204000000,,2.697,36.81,,,,,,,,,,,,,,,11.00,,,,,,,false,true,12,2016-03-01,2017-02-28,0
2016-09-30,23000,2016-02-28,2,,,,,,,,,,,,,,,,,,,,4993000000,3645000000,0.730,,3645000000,,,,,11.00,,,,5551230,9681,,false,false,12,2015-03-01,2016-02-29,-1
2016-09-30,23000,2017-02-28,2,,,,,,,,,,,,,,,,,,,,,,,,,,,,,5.50,,,,,,,false,false,12,2016-03-01,2017-02-28,0
2016-12-30,23000,2017-02-28,3,5500000000,-0.012,,,,,519000000,0.622,577000000,0.494,332000000,,0.439,60.06,,,,,,5462000000,3921000000,0.718,,3921000000,,,,,,,,,5551230,9711,5541546,false,false,9,2016-03-01,2016-11-30,0
2016-12-30,23000,2016-02-28,3,5565000000,-0.019,,,,,320000000,-0.162,386000000,-0.141,231000000,,-0.299,41.75,,,,,,,,,,,,,,,,,,,,,5541643,false,false,9,2015-03-01,2015-11-30,-1
2016-12-30,23000,2017-02-28,3,7100000000,0.034,,,,,257000000,0.841,350000000,0.521,204000000,,2.697,36.81,,,,,,,,,,,,,,,11.00,,,,,,,false,true,12,2016-03-01,2017-02-28,0
2016-12-30,23000,2016-02-28,3,,,,,,,,,,,,,,,,,,,,4993000000,3645000000,0.730,,3645000000,,,,,11.00,,,,5551230,9681,,false,false,12,2015-03-01,2016-02-29,-1
2016-12-30,23000,2017-02-28,3,,,,,,,,,,,,,,,,,,,,,,,,,,,,,5.50,,,,,,,false,false,12,2016-03-01,2017-02-28,0
2017-04-10,23000,2017-02-28,,6803000000,-0.042,,,,,361000000,0.406,446000000,0.277,94000000,,-0.539,16.98,,,,,,,,,,,,,,,,,,,,,,false,true,12,2016-03-01,2017-02-28,0
2017-04-10,23000,2016-02-28,,6868000000,,,,,,139000000,,230000000,,55000000,,,9.95,,,,,,,,,,,,,,,,,,,,,,false,false,12,2015-03-01,2016-02-29,-1
2017-04-14,23000,2017-02-28,,6803000000,-0.009,,,,,361000000,1.588,446000000,0.943,94000000,,0.705,16.98,,0.026,0.089,0.053,,5060000000,3685000000,0.728,665.03,3685000000,462000000,-107000000,-109000000,1016000000,11.00,0.648,,,5551230,9771,5541536,false,false,12,2016-03-01,2017-02-28,0
2017-04-14,23000,2016-02-28,,6868000000,-0.014,,,,,139000000,0.141,230000000,0.084,55000000,,-0.686,9.95,,0.015,0.045,0.020,,4993000000,3645000000,0.730,657.92,3645000000,212000000,-70000000,-221000000,771000000,11.00,1.105,,,5551230,9681,5541622,false,false,12,2015-03-01,2016-02-29,-1
2017-04-14,23000,2018-02-28,,4075000000,0.029,,,,,516000000,0.026,564000000,0.039,333000000,,0.063,60.09,,,,,,,,,,,,,,,,,,,,,,false,true,6,2017-03-01,2017-08-31,1
2017-04-14,23000,2018-02-28,,7000000000,0.029,,,,,370000000,0.024,450000000,0.007,266000000,,1.827,48.00,,,,,,,,,,,,,,,11.00,0.229,,,,,,false,true,12,2017-03-01,2018-02-28,1
2017-06-30,23000,2018-02-28,1,2382000000,-0.008,,,,,586000000,0.107,604000000,0.104,374000000,,0.183,67.56,,,,,,5704000000,4026000000,0.706,,4026000000,,,,,,,,,5551230,9771,5541459,false,false,3,2017-03-01,2017-05-31,0
2017-06-30,23000,2017-02-28,1,2400000000,-0.013,,,,,530000000,0.112,547000000,0.105,316000000,,0.059,57.13,,,,,,,,,,,,,,,,,,,,,5541549,false,false,3,2016-03-01,2016-05-31,-1
2017-06-30,23000,2018-02-28,1,4075000000,0.029,,,,,516000000,0.026,564000000,0.039,333000000,,0.063,60.09,,,,,,,,,,,,,,,,,,,,,,false,true,6,2017-03-01,2017-08-31,0
2017-06-30,23000,2018-02-28,1,7000000000,0.029,,,,,370000000,0.024,450000000,0.007,266000000,,1.827,48.00,,,,,,,,,,,,,,,11.00,,,,,,,false,true,12,2017-03-01,2018-02-28,0
2017-06-30,23000,2017-02-28,1,,,,,,,,,,,,,,,,,,,,5060000000,3685000000,0.728,,3685000000,,,,,11.00,,,,5551230,9771,,false,false,12,2016-03-01,2017-02-28,-1
2017-09-29,23000,2018-02-28,2,3889000000,-0.018,,,,,502000000,-0.001,539000000,-0.006,345000000,,0.101,63.85,,,,,,5596000000,3895000000,0.696,,3895000000,,,,,,,,,5551230,289771,5402981,false,false,6,2017-03-01,2017-08-31,0
2017-09-29,23000,2017-02-28,2,3961000000,-0.013,,,,,502000000,0.417,543000000,0.366,313000000,,0.306,56.53,,,,,,,,,,,,,,,,,,,,,5541549,false,false,6,2016-03-01,2016-08-31,-1
2017-09-29,23000,2018-02-28,2,7000000000,0.029,,,,,370000000,0.024,450000000,0.007,266000000,,1.827,49.87,,,,,,,,,,,,,,,11.00,,,,,,,false,true,12,2017-03-01,2018-02-28,0
2017-09-29,23000,2017-02-28,2,,,,,,,,,,,,,,,,,,,,5060000000,3685000000,0.728,,3685000000,,,,,11.00,,,,5551230,9771,,false,false,12,2016-03-01,2017-02-28,-1
2017-09-29,23000,2018-02-28,2,,,,,,,,,,,,,,,,,,,,,,,,,,,,,5.50,,,,,,,false,false,12,2017-03-01,2018-02-28,0
2017-12-29,23000,2018-02-28,3,5396000000,-0.019,,,,,448000000,-0.137,513000000,-0.110,325000000,,-0.021,60.85,,,,,,5492000000,3904000000,0.711,,3904000000,,,,,,,,,5551230,289879,5356143,false,false,9,2017-03-01,2017-11-30,0
2017-12-29,23000,2017-02-28,3,5500000000,-0.012,,,,,519000000,0.622,577000000,0.494,332000000,,0.439,60.06,,,,,,,,,,,,,,,,,,,,,5541546,false,false,9,2016-03-01,2016-11-30,-1
2017-12-29,23000,2018-02-28,3,7000000000,0.029,,,,,370000000,0.024,450000000,0.007,266000000,,1.827,49.88,,,,,,,,,,,,,,,11.00,,,,,,,false,true,12,2017-03-01,2018-02-28,0
2017-12-29,23000,2017-02-28,3,,,,,,,,,,,,,,,,,,,,5060000000,3685000000,0.728,,3685000000,,,,,11.00,,,,5551230,9771,,false,false,12,2016-03-01,2017-02-28,-1
2017-12-29,23000,2018-02-28,3,,,,,,,,,,,,,,,,,,,,,,,,,,,,,5.50,,,,,,,false,false,12,2017-03-01,2018-02-28,0
2018-04-10,23000,2018-02-28,,6636000000,-0.052,,,,,199000000,-0.460,289000000,-0.356,136000000,,-0.487,25.58,,,,,,,,,,,,,,,,,,,,,,false,true,12,2017-03-01,2018-02-28,0
2018-04-10,23000,2017-02-28,,6803000000,,,,,,361000000,,446000000,,94000000,,,16.98,,,,,,,,,,,,,,,,,,,,,,false,false,12,2016-03-01,2017-02-28,-1
2018-04-13,23000,2018-02-28,,6636000000,-0.024,,,,,199000000,-0.447,289000000,-0.351,136000000,,0.450,25.58,,0.037,0.058,0.030,,5022000000,3641000000,0.725,692.17,3641000000,238000000,-253000000,-178000000,823000000,11.00,0.430,,,5551230,289909,5332768,false,false,12,2017-03-01,2018-02-28,0
2018-04-13,23000,2017-02-28,,6803000000,-0.009,,,,,361000000,1.588,446000000,0.943,94000000,,0.705,16.98,,0.026,0.089,0.053,,5060000000,3685000000,0.728,665.03,3685000000,462000000,-107000000,-109000000,1016000000,11.00,0.648,,,5551230,9771,5541534,false,false,12,2016-03-01,2017-02-28,-1
2018-04-13,23000,2019-02-28,,4101000000,0.055,,,,,547000000,0.090,595000000,0.104,368000000,,0.067,69.94,,,,,,,,,,,,,,,,,,,,,,false,true,6,2018-03-01,2018-08-31,1
2018-04-13,23000,2019-02-28,,7000000000,0.055,,,,,245000000,0.226,350000000,0.207,216000000,,0.583,41.05,,,,,,,,,,,,,,,11.00,0.268,,,,,,false,true,12,2018-03-01,2019-02-28,1
2018-07-03,23000,2019-02-28,1,2459000000,0.032,,,,,606000000,0.033,630000000,0.042,391000000,,0.045,74.33,,,,,,5808000000,4018000000,0.692,,4018000000,,,,,,,,,5551230,289909,5261321,false,false,3,2018-03-01,2018-05-31,0
2018-07-03,23000,2018-02-28,1,2382000000,-0.008,,,,,586000000,0.107,604000000,0.104,374000000,,0.183,67.56,,,,,,,,,,,,,,,,,,,,,5541459,false,false,3,2017-03-01,2017-05-31,-1
2018-07-03,23000,2019-02-28,1,4101000000,0.055,,,,,547000000,0.090,595000000,0.104,368000000,,0.067,69.94,,,,,,,,,,,,,,,,,,,,,,false,true,6,2018-03-01,2018-08-31,0
2018-07-03,23000,2019-02-28,1,7000000000,0.055,,,,,245000000,0.226,350000000,0.207,216000000,,0.583,41.05,,,,,,,,,,,,,,,11.00,,,,,,,false,true,12,2018-03-01,2019-02-28,0
2018-07-03,23000,2018-02-28,1,,,,,,,,,,,,,,,,,,,,5022000000,3641000000,0.725,,3641000000,,,,,11.00,,,,5551230,289909,,false,false,12,2017-03-01,2018-02-28,-1
2018-10-05,23000,2019-02-28,2,3922000000,0.008,,,,,501000000,-0.001,550000000,0.019,334000000,,-0.032,63.50,,,,,,5461000000,3891000000,0.713,,3891000000,,,,,,,,,5551230,289969,5261311,false,false,6,2018-03-01,2018-08-31,0
2018-10-05,23000,2018-02-28,2,3889000000,-0.018,,,,,502000000,-0.001,539000000,-0.006,345000000,,0.101,63.85,,,,,,,,,,,,,,,,,,,,,5402981,false,false,6,2017-03-01,2017-08-31,-1
2018-10-05,23000,2019-02-28,2,7000000000,0.055,,,,,245000000,0.226,350000000,0.207,216000000,,0.583,41.05,,,,,,,,,,,,,,,11.00,,,,,,,false,true,12,2018-03-01,2019-02-28,0
2018-10-05,23000,2018-02-28,2,,,,,,,,,,,,,,,,,,,,5022000000,3641000000,0.725,,3641000000,,,,,11.00,,,,5551230,289909,,false,false,12,2017-03-01,2018-02-28,-1
2018-10-05,23000,2019-02-28,2,,,,,,,,,,,,,,,,,,,,,,,,,,,,,5.50,,,,,,,false,false,12,2018-03-01,2019-02-28,0
2019-01-08,23000,2019-02-28,3,5389000000,-0.001,,,,,417000000,-0.068,505000000,-0.017,305000000,,-0.063,58.04,,,,,,5330000000,3834000000,0.719,,3834000000,,,,,,,,,5551230,289969,5261295,false,false,9,2018-03-01,2018-11-30,0
2019-01-08,23000,2018-02-28,3,5396000000,-0.019,,,,,448000000,-0.137,513000000,-0.110,325000000,,-0.021,60.85,,,,,,,,,,,,,,,,,,,,,5356143,false,false,9,2017-03-01,2017-11-30,-1
2019-01-08,23000,2019-02-28,3,7000000000,0.055,,,,,245000000,0.226,350000000,0.207,216000000,,0.583,41.05,,,,,,,,,,,,,,,11.00,,,,,,,false,true,12,2018-03-01,2019-02-28,0
2019-01-08,23000,2018-02-28,3,,,,,,,,,,,,,,,,,,,,5022000000,3641000000,0.725,,3641000000,,,,,11.00,,,,5551230,289909,,false,false,12,2017-03-01,2018-02-28,-1
2019-01-08,23000,2019-02-28,3,,,,,,,,,,,,,,,,,,,,,,,,,,,,,5.50,,,,,,,false,false,12,2018-03-01,2019-02-28,0
2019-04-08,23000,2019-02-28,,6679000000,-0.046,,,,,221000000,-0.096,332000000,-0.050,120000000,,-0.441,22.93,,,,,,,,,,,,,,,,,,,,,,false,true,12,2018-03-01,2019-02-28,0
2019-04-08,23000,2018-02-28,,6636000000,,,,,,199000000,,289000000,,136000000,,,25.58,,,,,,,,,,,,,,,,,,,,,,false,false,12,2017-03-01,2018-02-28,-1
2019-04-12,23000,2019-02-28,,6679000000,0.006,,,,,221000000,0.108,332000000,0.146,120000000,,-0.116,22.93,,0.033,0.067,0.033,,4960000000,3631000000,0.732,690.16,3631000000,363141000000,-45226000000,-178095000000,963712000000,11.00,0.480,,,5551230,289969,5261286,false,false,12,2018-03-01,2019-02-28,0
2019-04-12,23000,2018-02-28,,6636000000,-0.024,,,,,199000000,-0.447,289000000,-0.351,136000000,,-0.450,25.58,,0.037,0.058,0.030,,5022000000,3641000000,0.725,692.17,3641000000,238937000000,-253461000000,-178108000000,823892000000,11.00,0.430,,,5551230,289909,5332768,false,false,12,2017-03-01,2018-02-28,-1
2019-04-12,23000,2020-02-28,,4110000000,0.048,,,,,532000000,0.061,580000000,0.055,362000000,,0.083,68.80,,,,,,,,,,,,,,,,,,,,,,false,true,6,2019-03-01,2019-08-31,1
2019-04-12,23000,2020-02-28,,7000000000,0.048,,,,,245000000,0.106,350000000,0.053,218000000,,0.807,41.43,,,,,,,,,,,,,,,11.00,0.265,,,,,,false,true,12,2019-03-01,2020-02-29,1
2019-04-12,23000,2019-02-28,,6679000000,0.006,,,,,221000000,0.108,332000000,0.146,120000000,,-0.116,22.93,,0.033,0.067,0.033,,4960000000,3631000000,0.732,690.16,3631000000,363000000,-45000000,-178000000,963000000,11.00,0.480,,,5551230,289969,5261286,false,false,12,2018-03-01,2019-02-28,0
2019-04-12,23000,2018-02-28,,6636000000,-0.024,,,,,199000000,-0.447,289000000,-0.351,136000000,,-0.450,25.58,,0.037,0.058,0.030,,5022000000,3641000000,0.725,692.17,3641000000,238000000,-253000000,-178000000,823000000,11.00,0.430,,,5551230,289909,5332768,false,false,12,2017-03-01,2018-02-28,-1
2019-04-12,23000,2020-02-28,,4110000000,0.048,,,,,532000000,0.061,580000000,0.055,362000000,,0.083,68.80,,,,,,,,,,,,,,,,,,,,,,false,true,6,2019-03-01,2019-08-31,1
2019-04-12,23000,2020-02-28,,7000000000,0.048,,,,,245000000,0.106,350000000,0.053,218000000,,0.807,41.43,,,,,,,,,,,,,,,11.00,0.265,,,,,,false,true,12,2019-03-01,2020-02-29,1
2019-07-02,23000,2020-02-29,1,2330000000,-0.053,,,,,493000000,-0.186,519000000,-0.176,309000000,,-0.208,58.88,,,,,,5720000000,3914000000,0.684,,3914000000,,,,,,,,,5551230,289999,5261261,false,false,3,2019-03-01,2019-05-31,0
2019-07-02,23000,2019-02-28,1,2459000000,0.032,,,,,606000000,0.033,630000000,0.042,391000000,,0.045,74.33,,,,,,,,,,,,,,,,,,,,,5261321,false,false,3,2018-03-01,2018-05-31,-1
2019-07-02,23000,2020-02-29,1,4110000000,0.048,,,,,532000000,0.061,580000000,0.055,362000000,,0.083,68.80,,,,,,,,,,,,,,,,,,,,,,false,true,6,2019-03-01,2019-08-31,0
2019-07-02,23000,2020-02-29,1,7000000000,0.048,,,,,245000000,0.106,350000000,0.053,218000000,,0.807,41.43,,,,,,,,,,,,,,,11.00,,,,,,,false,true,12,2019-03-01,2020-02-29,0
2019-07-02,23000,2019-02-28,1,,,,,,,,,,,,,,,,,,,,4960000000,3631000000,0.732,,3631000000,,,,,11.00,,,,5551230,289969,,false,false,12,2018-03-01,2019-02-28,-1
2019-10-04,23000,2020-02-29,2,3819000000,-0.026,,,,,351000000,-0.300,400000000,-0.273,231000000,,-0.308,43.95,,,,,,5430000000,3828000000,0.705,,3828000000,,,,,,,,,5551230,289999,5261246,false,false,6,2019-03-01,2019-08-31,0
2019-10-04,23000,2019-02-28,2,3922000000,0.008,,,,,501000000,-0.001,550000000,0.019,334000000,,-0.032,63.50,,,,,,,,,,,,,,,,,,,,,5261311,false,false,6,2018-03-01,2018-08-31,-1
2019-10-04,23000,2020-02-29,2,7000000000,0.048,,,,,245000000,0.106,350000000,0.053,218000000,,0.807,41.43,,,,,,,,,,,,,,,11.00,,,,,,,false,true,12,2019-03-01,2020-02-29,0
2019-10-04,23000,2019-02-28,2,,,,,,,,,,,,,,,,,,,,4960000000,3631000000,0.732,,3631000000,,,,,11.00,,,,5551230,289969,,false,false,12,2018-03-01,2019-02-28,-1
2019-10-04,23000,2020-02-29,2,,,,,,,,,,,,,,,,,,,,,,,,,,,,,5.50,,,,,,,false,false,12,2019-03-01,2020-02-29,0
2020-01-07,23000,2020-02-29,3,5312000000,-0.014,,,,,265000000,-0.364,339000000,-0.329,204000000,,-0.330,38.88,,,,,,5296000000,3777000000,0.713,,3777000000,,,,,,,,,5551230,289999,5261241,false,false,9,2019-03-01,2019-11-30,0
2020-01-07,23000,2019-02-28,3,5389000000,-0.001,,,,,417000000,-0.068,505000000,-0.017,305000000,,-0.063,58.04,,,,,,,,,,,,,,,,,,,,,5261295,false,false,9,2018-03-01,2018-11-30,-1
2020-01-07,23000,2020-02-29,3,7000000000,0.048,,,,,245000000,0.106,350000000,0.053,218000000,,0.807,41.43,,,,,,,,,,,,,,,11.00,,,,,,,false,true,12,2019-03-01,2020-02-29,0
2020-01-07,23000,2019-02-28,3,,,,,,,,,,,,,,,,,,,,4960000000,3631000000,0.732,,3631000000,,,,,11.00,,,,5551230,289969,,false,false,12,2018-03-01,2019-02-28,-1
2020-01-07,23000,2020-02-29,3,,,,,,,,,,,,,,,,,,,,,,,,,,,,,5.50,,,,,,,false,false,12,2019-03-01,2020-02-29,0
2020-04-10,23000,2020-02-29,,6618000000,-0.054,,,,,81000000,-0.669,171000000,-0.509,49000000,,-0.772,9.46,,,,,,,,,,,,,,,,,,,,,,false,true,12,2019-03-01,2020-02-29,0
2020-04-10,23000,2019-02-28,,6679000000,,,,,,221000000,,332000000,,120000000,,,22.93,,,,,,,,,,,,,,,,,,,,,,false,false,12,2018-03-01,2019-02-28,-1
2020-04-14,23000,2020-02-29,,6618000000,-0.009,,,,,81000000,-0.634,171000000,-0.483,49000000,,-0.587,9.46,,0.014,0.035,0.012,,4913000000,3583000000,0.729,681.08,3583000000,78000000,-306000000,-30000000,706000000,11.00,1.162,,,5551230,289999,5261239,false,false,12,2019-03-01,2020-02-29,0
2020-04-14,23000,2019-02-28,,6679000000,0.006,,,,,221000000,0.108,332000000,0.146,120000000,,-0.116,22.93,,0.033,0.067,0.033,,4960000000,3631000000,0.732,690.16,3631000000,363000000,-45000000,-178000000,963000000,11.00,0.480,,,5551230,289969,5261286,false,false,12,2018-03-01,2019-02-28,-1
2020-04-14,23000,2021-02-28,,3924000000,0.027,,,,,375000000,0.068,423000000,0.057,264000000,,0.142,50.17,,,,,,,,,,,,,,,,,,,,,,false,true,6,2020-03-01,2020-08-31,1
2020-04-14,23000,2021-02-28,,6800000000,0.027,,,,,110000000,0.357,200000000,0.163,125000000,,1.509,23.75,,,,,,,,,,,,,,,11.00,0.463,,,,,,false,true,12,2020-03-01,2021-02-28,1
2020-07-09,23000,2021-02-28,1,1770000000,-0.240,,,,,197000000,-0.599,222000000,-0.571,126000000,,-0.593,23.96,,,,,,5511000000,3728000000,0.677,,3728000000,,,,,,,,,5551230,289999,5261231,false,false,3,2020-03-01,2020-05-31,0
2020-07-09,23000,2020-02-28,1,2330000000,-0.053,,,,,493000000,-0.186,519000000,-0.176,309000000,,-0.208,58.88,,,,,,,,,,,,,,,,,,,,,5261261,false,false,3,2019-03-01,2019-05-31,-1
2020-07-09,23000,2021-02-28,1,3924000000,0.027,,,,,375000000,0.068,423000000,0.057,264000000,,0.142,50.17,,,,,,,,,,,,,,,,,,,,,,false,true,6,2020-03-01,2020-08-31,0
2020-07-09,23000,2021-02-28,1,6800000000,0.027,,,,,110000000,0.357,200000000,0.163,125000000,,1.509,23.75,,,,,,,,,,,,,,,11.00,,,,,,,false,true,12,2020-03-01,2021-02-28,0
2020-07-09,23000,2020-02-28,1,,,,,,,,,,,,,,,,,,,,4913000000,3583000000,0.729,,3583000000,,,,,11.00,,,,5551230,289999,,false,false,12,2019-03-01,2020-02-29,-1
2020-10-13,23000,2021-02-28,2,2912000000,-0.238,,,,,-46000000,,38000000,-0.904,24000000,,-0.893,4.71,,,,,,5043000000,3573000000,0.709,,3573000000,,,,,,,,,5551230,289999,5261231,false,false,6,2020-03-01,2020-08-31,0
2020-10-13,23000,2020-02-28,2,3819000000,-0.026,,,,,351000000,-0.300,400000000,-0.273,231000000,,-0.308,43.95,,,,,,,,,,,,,,,,,,,,,5261246,false,false,6,2019-03-01,2019-08-31,-1
2020-10-13,23000,2021-02-28,2,5200000000,-0.214,,,,,-384000000,,-200000000,,-220000000,,,-41.81,,,,,,,,,,,,,,,6.00,,,,,,,false,true,12,2020-03-01,2021-02-28,0
2020-10-13,23000,2020-02-28,2,,,,,,,,,,,,,,,,,,,,4913000000,3583000000,0.729,,3583000000,,,,,11.00,,,,5551230,289999,,false,false,12,2019-03-01,2020-02-29,-1
2020-10-13,23000,2021-02-28,2,,,,,,,,,,,,,,,,,,,,,,,,,,,,,3.00,,,,,,,false,false,12,2020-03-01,2021-02-28,0
2021-01-14,23000,2021-02-28,3,4027000000,-0.242,,,,,-280000000,,-125000000,,-338000000,,,-64.31,,,,,,4572000000,3151000000,0.689,,3151000000,,,,,,,,,5551230,289999,5261231,false,false,9,2020-03-01,2020-11-30,0
2021-01-14,23000,2020-02-28,3,5312000000,-0.014,,,,,265000000,-0.364,339000000,-0.329,204000000,,-0.330,38.88,,,,,,,,,,,,,,,,,,,,,5261241,false,false,9,2019-03-01,2019-11-30,-1
2021-01-14,23000,2021-02-28,3,4920000000,-0.054,,,,,-667000000,,-450000000,,-670000000,,,-127.34,,,,,,,,,,,,,,,6.00,,,,,,,false,true,12,2020-03-01,2021-02-28,0
2021-01-14,23000,2020-02-28,3,,,,,,,,,,,,,,,,,,,,4913000000,3583000000,0.729,,3583000000,,,,,11.00,,,,5551230,289999,,false,false,12,2019-03-01,2020-02-29,-1
2021-01-14,23000,2021-02-28,3,,,,,,,,,,,,,,,,,,,,,,,,,,,,,3.00,,,,,,,false,false,12,2020-03-01,2021-02-28,0
2021-04-27,23000,2021-02-28,,4884000000,-0.262,,,,,-624000000,,-406000000,,-756000000,,,-143.79,,-0.240,-0.089,-0.128,,4175000000,2709000000,0.649,515.04,2709000000,-499000000,-34000000,237000000,408000000,6.00,-0.042,,,5551230,289999,5261231,false,false,12,2020-03-01,2021-02-28,0
2021-04-27,23000,2020-02-28,,6618000000,-0.009,,,,,81000000,-0.634,171000000,-0.483,49000000,,-0.587,9.46,,0.014,0.035,0.012,,4913000000,3583000000,0.729,681.08,3583000000,78000000,-306000000,-30000000,706000000,11.00,1.162,,,5551230,289999,5261239,false,false,12,2019-03-01,2020-02-29,-1
2021-04-27,23000,2022-02-28,,3300000000,0.133,,,,,365000000,,400000000,9.382,250000000,,9.088,47.51,,,,,,,,,,,,,,,,,,,,,,false,true,6,2021-03-01,2021-08-31,1
2021-04-27,23000,2022-02-28,,5600000000,0.146,,,,,33000000,,100000000,,50000000,,,9.50,,,,,,,,,,,,,,,6.00,0.631,,,,,,false,true,12,2021-03-01,2022-02-28,1
2021-07-13,23000,2022-02-28,1,1728000000,-0.024,,,,,261000000,0.320,320000000,0.437,221000000,,0.760,42.17,,,,,,4790000000,2913000000,0.608,,2913000000,,,,,,,,,5551230,289999,5261231,false,false,3,2021-03-01,2021-05-31,0
2021-07-13,23000,2021-02-28,1,1770000000,-0.240,,,,,197000000,-0.599,222000000,-0.571,126000000,,-0.593,23.96,,,,,,,,,,,,,,,,,,,,,5261231,false,false,3,2020-03-01,2020-05-31,-1
2021-07-13,23000,2022-02-28,1,3300000000,0.133,,,,,365000000,,400000000,9.382,250000000,,9.088,47.51,,,,,,,,,,,,,,,,,,,,,,false,true,6,2021-03-01,2021-08-31,0
2021-07-13,23000,2022-02-28,1,5600000000,0.146,,,,,33000000,,100000000,,50000000,,,9.50,,,,,,,,,,,,,,,6.00,,,,,,,false,true,12,2021-03-01,2022-02-28,0
2021-07-13,23000,2021-02-28,1,,,,,,,,,,,,,,,,,,,,4175000000,2709000000,0.649,,2709000000,,,,,6.00,,,,5551230,289999,,false,false,12,2020-03-01,2021-02-28,-1
2021-10-08,23000,2022-02-28,2,2690000000,-0.076,,,,,-4000000,,115000000,1.992,71000000,,1.869,13.51,,,,,,4313000000,2711000000,0.629,,2711000000,,,,,,,,,5551230,289999,5261231,false,false,6,2021-03-01,2021-08-31,0
2021-10-08,23000,2021-02-28,2,2912000000,-0.238,,,,,-46000000,,38000000,-0.904,24000000,,-0.893,4.71,,,,,,,,,,,,,,,,,,,,,5261231,false,false,6,2020-03-01,2020-08-31,-1
2021-10-08,23000,2022-02-28,2,4600000000,-0.058,,,,,-310000000,,-100000000,,-132000000,,,-25.08,,,,,,,,,,,,,,,6.00,,,,,,,false,true,12,2021-03-01,2022-02-28,0
2021-10-08,23000,2021-02-28,2,,,,,,,,,,,,,,,,,,,,4175000000,2709000000,0.649,,2709000000,,,,,6.00,,,,5551230,289999,,false,false,12,2020-03-01,2021-02-28,-1
2021-10-08,23000,2022-02-28,2,,,,,,,,,,,,,,,,,,,,,,,,,,,,,3.00,,,,,,,false,false,12,2021-03-01,2022-02-28,0
2022-01-07,23000,2022-02-28,3,3725000000,-0.075,,,,,-166000000,,22000000,,6000000,,,1.20,,,,,,4140000000,2587000000,0.625,,2587000000,,,,,,,,,5551230,290029,5261231,false,false,9,2021-03-01,2021-11-30,0
2022-01-07,23000,2021-02-28,3,4027000000,-0.242,,,,,-280000000,,-125000000,,-338000000,,,-64.31,,,,,,,,,,,,,,,,,,,,,5261231,false,false,9,2020-03-01,2020-11-30,-1
2022-01-07,23000,2022-02-28,3,4600000000,-0.058,,,,,-310000000,,-100000000,,-132000000,,,-25.08,,,,,,,,,,,,,,,6.00,,,,,,,false,true,12,2021-03-01,2022-02-28,0
2022-01-07,23000,2021-02-28,3,,,,,,,,,,,,,,,,,,,,4175000000,2709000000,0.649,,2709000000,,,,,6.00,,,,5551230,289999,,false,false,12,2020-03-01,2021-02-28,-1
2022-01-07,23000,2022-02-28,3,,,,,,,,,,,,,,,,,,,,,,,,,,,,,3.00,,,,,,,false,false,12,2021-03-01,2022-02-28,0
2022-04-15,23000,2022-02-28,,4580000000,-0.062,,,,,-444000000,,-202000000,,-614000000,,,-116.89,,,,-0.097,,3814000000,2207000000,0.579,419.67,2207000000,-135000000,-46000000,114000000,340000000,6.00,,,,5551230,290029,5261201,false,false,12,2021-03-01,2022-02-28,0
2022-04-15,23000,2021-02-28,,4884000000,-0.262,,,,,-624000000,,-406000000,,-756000000,,,-143.79,,,,-0.128,,4175000000,2709000000,0.649,515.04,2709000000,-499000000,-34000000,237000000,408000000,6.00,,,,5551230,289999,5261231,false,false,12,2020-03-01,2021-02-28,-1
2022-04-15,23000,2023-02-28,,2960000000,0.100,,,,,270000000,,300000000,1.603,200000000,,1.813,38.01,,,,,,,,,,,,,,,,,,,,,,false,true,6,2022-03-01,2022-08-31,1
2022-04-15,23000,2023-02-28,,5000000000,0.092,,,,,30000000,,100000000,,50000000,,,9.50,,,,,,,,,,,,,,,6.00,0.631,,,,,,false,true,12,2022-03-01,2023-02-28,1
2022-07-14,23000,2023-02-28,1,1738000000,0.006,,,,,349000000,0.339,407000000,0.273,272000000,,0.227,51.76,,,,,,4365000000,2459000000,0.563,,2459000000,,,,,,,,,5551230,290029,5261201,false,false,3,2022-03-01,2022-05-31,0
2022-07-14,23000,2022-02-28,1,1728000000,-0.024,,,,,261000000,0.320,320000000,0.437,221000000,,0.760,42.17,,,,,,,,,,,,,,,,,,,,,5261201,false,false,3,2021-03-01,2021-05-31,-1
2022-07-14,23000,2023-02-28,1,2960000000,0.100,,,,,270000000,,300000000,1.603,200000000,,1.813,38.01,,,,,,,,,,,,,,,,,,,,,,false,true,6,2022-03-01,2022-08-31,0
2022-07-14,23000,2023-02-28,1,5000000000,0.092,,,,,30000000,,100000000,,50000000,,,9.50,,,,,,,,,,,,,,,6.00,,,,,,,false,true,12,2022-03-01,2023-02-28,0
2022-07-14,23000,2022-02-28,1,,,,,,,,,,,,,,,,,,,,3814000000,2207000000,0.579,,2207000000,,,,,6.00,,,,5551230,290029,,false,false,12,2021-03-01,2022-02-28,-1
2022-10-07,23000,2023-02-28,2,2754000000,0.024,,,,,184000000,,300000000,1.604,193000000,,1.727,36.84,,,,,,4053000000,2373000000,0.586,,2373000000,,,,,,,,,5551230,290029,5261201,false,false,6,2022-03-01,2022-08-31,0
2022-10-07,23000,2022-02-28,2,2690000000,-0.076,,,,,-4000000,,115000000,1.992,71000000,,1.869,13.51,,,,,,,,,,,,,,,,,,,,,5261231,false,false,6,2021-03-01,2021-08-31,-1
2022-10-07,23000,2023-02-28,2,5000000000,0.092,,,,,30000000,,100000000,,50000000,,,9.50,,,,,,,,,,,,,,,6.00,,,,,,,false,true,12,2022-03-01,2023-02-28,0
2022-10-07,23000,2022-02-28,2,,,,,,,,,,,,,,,,,,,,3814000000,2207000000,0.579,,2207000000,,,,,6.00,,,,5551230,290029,,false,false,12,2021-03-01,2022-02-28,-1
2022-10-07,23000,2023-02-28,2,,,,,,,,,,,,,,,,,,,,,,,,,,,,,3.00,,,,,,,false,false,12,2022-03-01,2023-02-28,0
2023-01-10,23000,2023-02-28,3,3783000000,0.016,,,,,91000000,,272000000,10.918,188000000,,28.905,35.90,,,,,,4161000000,2491000000,0.599,,2491000000,,,,,,,,,5551230,290029,5261201,false,false,9,2022-03-01,2022-11-30,0
2023-01-10,23000,2022-02-28,3,3725000000,-0.075,,,,,-166000000,,22000000,,6000000,,,1.20,,,,,,,,,,,,,,,,,,,,,5261231,false,false,9,2021-03-01,2021-11-30,-1
2023-01-10,23000,2023-02-28,3,5000000000,0.092,,,,,30000000,,100000000,,50000000,,,9.50,,,,,,,,,,,,,,,6.00,,,,,,,false,true,12,2022-03-01,2023-02-28,0
2023-01-10,23000,2022-02-28,3,,,,,,,,,,,,,,,,,,,,3814000000,2207000000,0.579,,2207000000,,,,,6.00,,,,5551230,290029,,false,false,12,2021-03-01,2022-02-28,-1
2023-01-10,23000,2023-02-28,3,,,,,,,,,,,,,,,,,,,,,,,,,,,,,3.00,,,,,,,false,false,12,2022-03-01,2023-02-28,0
2023-05-31,23000,2023-02-28,,4688000000,0.024,,,,,-177000000,,-93000000,,-169000000,,,-32.27,,-0.092,-0.025,-0.038,,3773000000,1776000000,0.471,337.74,1776000000,249000000,100000000,-248000000,442000000,6.00,,,,5551230,290059,5261196,false,false,12,2022-03-01,2023-02-28,0
2023-05-31,23000,2022-02-28,,4580000000,-0.062,,,,,-442000000,,-371000000,,-784000000,,,-149.04,,-0.347,-0.094,-0.097,,3779000000,1926000000,0.510,366.12,1926000000,-135000000,-46000000,114000000,340000000,6.00,,,,5551230,290029,5261224,false,false,12,2021-03-01,2022-02-28,-1
2023-05-31,23000,2024-02-28,,2930000000,0.064,,,,,200000000,0.085,250000000,0.108,170000000,,0.197,32.31,,,,,,,,,,,,,,,,,,,,,,false,true,6,2023-03-01,2023-08-31,1
2023-05-31,23000,2024-02-28,,5000000000,0.066,,,,,50000000,,150000000,,100000000,,,19.00,,,,,,,,,,,,,,,6.00,0.631,,,,,,false,true,12,2023-03-01,2024-02-29,1
2023-07-07,23000,2024-02-29,1,1832000000,0.054,,,,,427000000,0.222,449000000,0.214,282000000,,0.148,53.78,,,,,,4013000000,2221000000,0.554,,2221000000,,,,,,,,,5551230,290059,5261171,false,false,3,2023-03-01,2023-05-31,0
2023-07-07,23000,2023-02-28,1,1738000000,0.006,,,,,349000000,0.339,370000000,0.325,246000000,,0.273,46.85,,,,,,,,,,,,,,,,,,,,,5261201,false,false,3,2022-03-01,2022-05-31,-1
2023-07-07,23000,2024-02-29,1,2930000000,0.064,,,,,200000000,0.085,250000000,0.108,170000000,,0.197,32.31,,,,,,,,,,,,,,,,,,,,,,false,true,6,2023-03-01,2023-08-31,0
2023-07-07,23000,2024-02-29,1,5000000000,0.066,,,,,50000000,,150000000,,100000000,,,19.00,,,,,,,,,,,,,,,6.00,,,,,,,false,true,12,2023-03-01,2024-02-29,0
2023-07-07,23000,2023-02-28,1,,,,,,,,,,,,,,,,,,,,3773000000,1776000000,0.471,,1776000000,,,,,6.00,,,,5551230,290059,,false,false,12,2022-03-01,2023-02-28,-1
,23000,2024-02-29,,,,,,,,,,,,,,,,,,,,,,,,,,,,,,8.50,,,,,,,false,true,12,2023-03-01,2024-02-29,0
,23000,2023-02-28,,,,,,,,,,,,,,,,,,,,,,,,,,,,,,6.00,,,,,,,false,false,12,2022-03-01,2023-02-28,-1
2023-10-06,23000,2024-02-29,2,2944000000,0.069,,,,,333000000,0.808,372000000,0.652,229000000,,0.614,43.58,,,,,,4216000000,2230000000,0.529,,2230000000,,,,,,,,,5551230,290059,5261171,false,false,6,2023-03-01,2023-08-31,0
2023-10-06,23000,2023-02-28,2,2754000000,,,,,,184000000,,225000000,,142000000,,,27.00,,,,,,,,,,,,,,,,,,,,,5261201,false,false,6,2022-03-01,2022-08-31,-1
2023-10-06,23000,2024-02-29,2,5000000000,0.066,,,,,50000000,,150000000,,100000000,,,19.00,,,,,,,,,,,,,,,8.50,,,,,,,false,true,12,2023-03-01,2024-02-29,0
2023-10-06,23000,2023-02-28,2,,,,,,,,,,,,,,,,,,,,3773000000,1776000000,0.471,,1776000000,,,,,6.00,,,,5551230,290059,,false,false,12,2022-03-01,2023-02-28,-1
2023-10-06,23000,2024-02-29,2,,,,,,,,,,,,,,,,,,,,,,,,,,,,,3.00,,,,,,,false,false,12,2023-03-01,2024-02-29,0
2024-01-10,23000,2024-02-29,3,4059000000,0.073,,,,,258000000,1.821,317000000,1.026,188000000,,0.732,35.79,,,,,,4106000000,2104000000,0.512,,2104000000,,,,,,,,,5551230,290089,5261164,false,false,9,2023-03-01,2023-11-30,0
2024-01-10,23000,2023-02-28,3,3783000000,,,,,,91000000,,156000000,,108000000,,,20.66,,,,,,,,,,,,,,,,,,,,,5261201,false,false,9,2022-03-01,2022-11-30,-1
2024-01-10,23000,2024-02-29,3,5000000000,0.066,,,,,50000000,,150000000,,100000000,,,19.00,,,,,,,,,,,,,,,8.50,,,,,,,false,true,12,2023-03-01,2024-02-29,0
2024-01-10,23000,2023-02-28,3,,,,,,,,,,,,,,,,,,,,3773000000,1776000000,0.471,,1776000000,,,,,6.00,,,,5551230,290059,,false,false,12,2022-03-01,2023-02-28,-1
2024-01-10,23000,2024-02-29,3,,,,,,,,,,,,,,,,,,,,,,,,,,,,,3.00,,,,,,,false,false,12,2023-03-01,2024-02-29,0
2024-04-15,23000,2024-02-29,,5072000000,0.082,,,,,83000000,,163000000,,119000000,,,22.62,,0.061,0.040,0.016,,4327000000,2115000000,0.489,402.00,2115000000,-287000000,-438000000,643000000,360000000,8.50,0.376,,,5551230,290089,5261158,false,false,12,2023-03-01,2024-02-29,0
2024-04-15,23000,2023-02-28,,4688000000,0.024,,,,,-177000000,,-93000000,,-169000000,,,-32.27,,-0.092,-0.025,-0.038,,3773000000,1776000000,0.471,337.74,1776000000,249000000,100000000,-248000000,442000000,6.00,,,,5551230,290059,5261196,false,false,12,2022-03-01,2023-02-28,-1
2024-04-15,23000,2025-02-28,,3110000000,0.056,,,,,350000000,0.050,390000000,0.047,270000000,,0.178,51.31,,,,,,,,,,,,,,,,,,,,,,false,true,6,2024-03-01,2024-08-31,1
2024-04-15,23000,2025-02-28,,5330000000,0.051,,,,,150000000,0.801,250000000,0.528,150000000,,0.260,28.51,,,,,,,,,,,,,,,11.00,0.386,,,,,,false,true,12,2024-03-01,2025-02-28,1
2024-07-05,23000,2025-02-28,1,2034000000,0.140,,,,,504000000,0.182,531000000,0.181,367000000,,0.298,69.82,,,,,,4981000000,2380000000,0.478,,2380000000,,,,,,,,,5551230,290094,5261140,false,false,3,2024-03-01,2024-05-31,0
2024-07-05,23000,2024-02-28,1,1784000000,,,,,,427000000,0.222,449000000,0.214,282000000,,0.148,53.78,,,,,,,,,,,,,,,,,,,,,5261171,false,false,3,2023-03-01,2023-05-31,-1
2024-07-05,23000,2025-02-28,1,3110000000,0.056,,,,,350000000,0.050,390000000,0.047,270000000,,0.178,51.31,,,,,,,,,,,,,,,,,,,,,,false,true,6,2024-03-01,2024-08-31,0
2024-07-05,23000,2025-02-28,1,5330000000,0.084,,,,,150000000,0.801,250000000,0.528,150000000,,0.260,28.51,,,,,,,,,,,,,,,11.00,,,,,,,false,true,12,2024-03-01,2025-02-28,0
2024-07-05,23000,2024-02-28,1,,,,,,,,,,,,,,,,,,,,4327000000,2115000000,0.489,,2115000000,,,,,8.50,,,,5551230,290089,,false,false,12,2023-03-01,2024-02-29,-1
2024-10-04,23000,2025-02-28,2,3182000000,0.112,,,,,374000000,0.125,419000000,0.127,292000000,,0.277,55.63,,,,,,4753000000,2280000000,0.480,,2280000000,,,,,,,,,5551230,290114,5261134,false,false,6,2024-03-01,2024-08-31,0
2024-10-04,23000,2024-02-28,2,2862000000,,,,,,333000000,0.808,372000000,0.652,229000000,,0.614,43.58,,,,,,,,,,,,,,,,,,,,,5261171,false,false,6,2023-03-01,2023-08-31,-1
2024-10-04,23000,2025-02-28,2,5330000000,0.084,,,,,150000000,0.801,250000000,0.528,150000000,,0.260,28.51,,,,,,,,,,,,,,,11.00,,,,,,,false,true,12,2024-03-01,2025-02-28,0
2024-10-04,23000,2024-02-28,2,,,,,,,,,,,,,,,,,,,,4327000000,2115000000,0.489,,2115000000,,,,,8.50,,,,5551230,290089,,false,false,12,2023-03-01,2024-02-29,-1
2024-10-04,23000,2025-02-28,2,,,,,,,,,,,,,,,,,,,,,,,,,,,,,5.50,,,,,,,false,false,12,2024-03-01,2025-02-28,0
2025-01-10,23000,2025-02-28,3,4332000000,0.100,,,,,292000000,0.132,358000000,0.128,242000000,,0.290,46.15,,,,,,4651000000,2182000000,0.469,,2182000000,,,,,,,,,5551230,290114,5261128,false,false,9,2024-03-01,2024-11-30,0
2025-01-10,23000,2024-02-28,3,3939000000,,,,,,258000000,1.821,317000000,1.026,188000000,,0.732,35.79,,,,,,,,,,,,,,,,,,,,,5261164,false,false,9,2023-03-01,2023-11-30,-1
2025-01-10,23000,2025-02-28,3,5330000000,0.084,,,,,150000000,0.801,250000000,0.528,150000000,,0.260,28.51,,,,,,,,,,,,,,,11.00,,,,,,,false,true,12,2024-03-01,2025-02-28,0
2025-01-10,23000,2024-02-28,3,,,,,,,,,,,,,,,,,,,,4327000000,2115000000,0.489,,2115000000,,,,,8.50,,,,5551230,290089,,false,false,12,2023-03-01,2024-02-29,-1
2025-01-10,23000,2025-02-28,3,,,,,,,,,,,,,,,,,,,,,,,,,,,,,5.50,,,,,,,false,false,12,2024-03-01,2025-02-28,0
2025-04-15,23000,2025-02-28,,5380000000,0.094,,,,,96000000,0.153,182000000,0.113,83000000,,-0.302,15.78,,0.039,0.042,0.018,,4396000000,2141000000,0.487,406.95,2141000000,393000000,-85000000,-253000000,414000000,11.00,0.697,,,5551230,290114,5261125,false,false,12,2024-03-01,2025-02-28,0
2025-04-15,23000,2024-02-28,,4917000000,,,,,,83000000,,163000000,,119000000,,,22.62,,0.061,0.040,0.017,,4327000000,2115000000,0.489,402.00,2115000000,-287000000,-438000000,643000000,360000000,8.50,0.376,,,5551230,290089,5261158,false,false,12,2023-03-01,2024-02-29,-1
2025-04-15,23000,2026-02-28,,3220000000,0.012,,,,,380000000,0.013,425000000,0.012,295000000,,0.008,56.07,,,,,,,,,,,,,,,,,,,,,,false,true,6,2025-03-01,2025-08-31,1
2025-04-15,23000,2026-02-28,,5500000000,0.022,,,,,200000000,1.082,300000000,0.647,200000000,,1.408,38.01,,,,,,,,,,,,,,,11.00,,,,,,,false,true,12,2025-03-01,2026-02-28,1
2025-07-04,23000,2026-02-28,1,1938000000,-0.047,,,,,417000000,-0.173,442000000,-0.166,306000000,,-0.166,58.25,,,,,,4966000000,2467000000,0.497,,2467000000,,,,,,,,,5551230,290114,5261116,false,false,3,2025-03-01,2025-05-31,0
2025-07-04,23000,2025-02-28,1,2034000000,0.140,,,,,504000000,0.182,531000000,0.181,367000000,,0.298,69.82,,,,,,,,,,,,,,,,,,,,,5261140,false,false,3,2024-03-01,2024-05-31,-1
2025-07-04,23000,2026-02-28,1,3220000000,0.012,,,,,380000000,0.013,425000000,0.012,295000000,,0.008,56.07,,,,,,,,,,,,,,,,,,,,,,false,true,6,2025-03-01,2025-08-31,0
2025-07-04,23000,2026-02-28,1,5500000000,0.022,,,,,200000000,1.082,300000000,0.647,200000000,,1.408,38.01,,,,,,,,,,,,,,,11.00,,,,,,,false,true,12,2025-03-01,2026-02-28,0
2025-07-04,23000,2025-02-28,1,,,,,,,,,,,,,,,,,,,,4396000000,2141000000,0.487,,2141000000,,,,,11.00,,,,5551230,290114,,false,false,12,2024-03-01,2025-02-28,-1
