filing_date,code,fiscal_year_end,quarterly_period,net_sales,net_sales_change,revenue,revenue_change,operating_revenue,operating_revenue_change,operating_profit,operating_profit_change,ordinary_profit,ordinary_profit_change,net_income,net_income_of_parent,net_income_change,eps,diluted_eps,roe,roa,operating_profit_to_net_sales,operating_profit_to_revenue,total_assets,net_assets,equity_ratio,bps,owner_equity,operating_cash_flow,investing_cash_flow,financing_cash_flow,cash,dividend_per_share,payout_ratio,commemorative_dividend,extra_dividend,number_of_shares,number_of_treqsury_shares,avg_number_of_shares,is_consolidated,is_forecast,duration,period_start,period_end,period_pos
2015-05-08,23260,2015-03-31,,3402000000,0.124,,,,,865000000,0.325,910000000,0.380,531000000,,0.330,38.27,38.20,0.133,0.171,0.254,,5749000000,4297000000,0.733,303.40,4213000000,1355000000,-848000000,-119000000,2074000000,,0.366,,,,,,true,false,12,2014-04-01,2015-03-31,0
2015-05-08,23260,2014-03-31,,3027000000,0.041,,,,,653000000,-0.114,659000000,-0.092,399000000,,-0.101,28.81,28.74,0.110,0.140,0.216,,4873000000,3876000000,0.778,272.98,3789000000,817000000,-645000000,-85000000,1656000000,,0.278,,,,,,true,false,12,2013-04-01,2014-03-31,-1
2015-05-08,23260,2016-03-31,,1794000000,0.115,,,,,300000000,-0.112,301000000,-0.162,,181000000,,13.09,,,,,,,,,,,,,,,,,,,,,,true,true,6,2015-04-01,2015-09-30,1
2015-05-08,23260,2016-03-31,,3800000000,0.117,,,,,910000000,0.052,910000000,0.000,,548000000,,39.48,,,,,,,,,,,,,,,,0.359,,,,,,true,true,12,2015-04-01,2016-03-31,1
2015-05-08,23260,2015-03-31,,3395000000,0.147,,,,,913000000,0.444,926000000,0.449,573000000,,0.477,41.34,41.26,,,,,5903000000,4415000000,0.734,311.86,4330000000,,,,,14.00,,,,14133000,245600,13883652,false,false,12,2014-04-01,2015-03-31,0
2015-05-08,23260,2014-03-31,,2960000000,0.041,,,,,632000000,-0.108,639000000,-0.086,388000000,,-0.091,28.02,27.95,,,,,5007000000,3961000000,0.774,279.13,3874000000,,,,,8.00,,,,14133000,252200,13868209,false,false,12,2013-04-01,2014-03-31,-1
2015-05-08,23260,2016-03-31,,1793000000,0.117,,,,,,,467000000,0.156,289000000,,0.141,20.87,,,,,,,,,,,,,,,,,,,,,,false,true,6,2015-04-01,2015-09-30,1
2015-05-08,23260,2016-03-31,,3765000000,0.109,,,,,,,1224000000,0.323,759000000,,0.323,54.68,,,,,,,,,,,,,,,14.00,,,,,,,false,true,12,2015-04-01,2016-03-31,1
2015-07-30,23260,2016-03-31,1,803000000,0.194,,,,,81000000,1.271,85000000,1.395,,57000000,,4.14,4.13,,,,,5533000000,4238000000,0.752,299.39,4159000000,,,,,,,,,,,,true,false,3,2015-04-01,2015-06-30,0
2015-07-30,23260,2015-03-31,1,673000000,0.035,,,,,35000000,1.083,35000000,0.792,,16000000,,1.15,1.15,,,,,,,,,,,,,,,,,,,,,true,false,3,2014-04-01,2014-06-30,-1
2015-07-30,23260,2016-03-31,1,1794000000,0.115,,,,,300000000,-0.112,301000000,-0.162,,181000000,,13.09,,,,,,,,,,,,,,,,,,,,,,true,true,6,2015-04-01,2015-09-30,0
2015-07-30,23260,2016-03-31,1,3800000000,0.117,,,,,910000000,0.052,910000000,0.000,,548000000,,39.48,,,,,,,,,,,,,,,,,,,,,,true,true,12,2015-04-01,2016-03-31,0
2015-07-30,23260,2015-03-31,1,,,,,,,,,,,,,,,,,,,,5749000000,4297000000,0.733,303.40,4213000000,,,,,,,,,,,,true,false,12,2014-04-01,2015-03-31,-1
2015-07-30,23260,2015-03-31,1,,,,,,,,,,,,,,,,,,,,,,,,,,,,,14.00,,,,14133000,245600,,false,false,12,2014-04-01,2015-03-31,-1
2015-07-30,23260,2016-03-31,1,,,,,,,,,,,,,,,,,,,,,,,,,,,,,14.00,,,,,,,false,true,12,2015-04-01,2016-03-31,0
2015-07-30,23260,2016-03-31,1,,,,,,,,,,,,,,,,,,,,,,,,,,,,,,,,,14133000,240500,13890986,false,false,3,2015-04-01,2015-06-30,0
2015-07-30,23260,2015-03-31,1,,,,,,,,,,,,,,,,,,,,,,,,,,,,,,,,,,,13880800,false,false,3,2014-04-01,2014-06-30,-1
2015-10-29,23260,2016-03-31,,1935000000,0.078,,,,,497000000,0.652,499000000,0.659,,314000000,,22.64,,,,,,,,,,,,,,,,,,,,,,true,true,6,2015-04-01,2015-09-30,0
2015-10-29,23260,2015-03-31,,1610000000,,,,,,338000000,,359000000,,,210000000,,15.20,,,,,,,,,,,,,,,,,,,,,,true,false,6,2014-04-01,2014-09-30,-1
2015-10-29,23260,2016-03-31,,3950000000,0.039,,,,,1000000000,0.099,1003000000,0.102,,577000000,,41.60,,,,,,,,,,,,,,,,,,,,,,true,true,12,2015-04-01,2016-03-31,0
2015-10-29,23260,2015-03-31,,3402000000,,,,,,865000000,,910000000,,,531000000,,38.27,,,,,,,,,,,,,,,,,,,,,,true,false,12,2014-04-01,2015-03-31,-1
2015-10-29,23260,2016-03-31,,1933000000,0.079,,,,,,,658000000,0.408,437000000,,0.508,31.47,,,,,,,,,,,,,,,,,,,,,,false,true,6,2015-04-01,2015-09-30,0
2015-10-29,23260,2015-03-31,,1605000000,,,,,,,,405000000,,254000000,,,18.36,,,,,,,,,,,,,,,,,,,,,,false,false,6,2014-04-01,2014-09-30,-1
2015-10-29,23260,2016-03-31,,3915000000,0.040,,,,,,,1399000000,0.143,924000000,,0.218,66.58,,,,,,,,,,,,,,,,,,,,,,false,true,12,2015-04-01,2016-03-31,0
2015-10-29,23260,2015-03-31,,3395000000,,,,,,,,926000000,,573000000,,,41.34,,,,,,,,,,,,,,,,,,,,,,false,false,12,2014-04-01,2015-03-31,-1
2015-10-30,23260,2016-03-31,2,1935000000,0.202,,,,,497000000,0.468,499000000,0.390,,314000000,,22.64,22.57,,,,,5875000000,4492000000,0.752,317.81,4416000000,,,,,,,,,,,,true,false,6,2015-04-01,2015-09-30,0
2015-10-30,23260,2015-03-31,2,1610000000,0.087,,,,,338000000,0.319,359000000,0.382,,210000000,,15.20,15.17,,,,,,,,,,,,,,,,,,,,,true,false,6,2014-04-01,2014-09-30,-1
2015-10-30,23260,2016-03-31,2,3950000000,0.161,,,,,1000000000,0.157,1003000000,0.102,,577000000,,41.60,,,,,,,,,,,,,,,,,,,,,,true,true,12,2015-04-01,2016-03-31,0
2015-10-30,23260,2015-03-31,2,,,,,,,,,,,,,,,,,,,,5749000000,4297000000,0.733,303.40,4213000000,,,,,,,,,,,,true,false,12,2014-04-01,2015-03-31,-1
2015-10-30,23260,2015-03-31,2,,,,,,,,,,,,,,,,,,,,,,,,,,,,,14.00,,,,14133000,245600,,false,false,12,2014-04-01,2015-03-31,-1
2015-10-30,23260,2016-03-31,2,,,,,,,,,,,,,,,,,,,,,,,,,,,,,7.00,,,,,,,false,false,12,2015-04-01,2016-03-31,0
2015-10-30,23260,2016-03-31,2,,,,,,,,,,,,,,,,,,,,,,,,,,,,,14.00,,,,,,,false,true,12,2015-04-01,2016-03-31,0
2015-10-30,23260,2016-03-31,2,,,,,,,,,,,,,,,,,,,,,,,,,,,,,,,,,14133000,235700,13893426,false,false,6,2015-04-01,2015-09-30,0
2015-10-30,23260,2015-03-31,2,,,,,,,,,,,,,,,,,,,,,,,,,,,,,,,,,,,13881989,false,false,6,2014-04-01,2014-09-30,-1
2016-01-28,23260,2016-03-31,3,2747000000,0.181,,,,,604000000,0.296,610000000,0.182,,360000000,,25.91,25.82,,,,,5653000000,4455000000,0.776,,4388000000,,,,,,,,,,,,true,false,9,2015-04-01,2015-12-31,0
2016-01-28,23260,2015-03-31,3,2325000000,0.095,,,,,466000000,0.386,516000000,0.502,,302000000,,21.81,21.77,,,,,,,,,,,,,,,,,,,,,true,false,9,2014-04-01,2014-12-31,-1
2016-01-28,23260,2016-03-31,3,3950000000,0.161,,,,,1000000000,0.157,1003000000,0.102,,577000000,,41.60,,,,,,,,,,,,,,,,,,,,,,true,true,12,2015-04-01,2016-03-31,0
2016-01-28,23260,2015-03-31,3,,,,,,,,,,,,,,,,,,,,5749000000,4297000000,0.733,,4213000000,,,,,,,,,,,,true,false,12,2014-04-01,2015-03-31,-1
2016-01-28,23260,2015-03-31,3,,,,,,,,,,,,,,,,,,,,,,,,,,,,,14.00,,,,14133000,245600,,false,false,12,2014-04-01,2015-03-31,-1
2016-01-28,23260,2016-03-31,3,,,,,,,,,,,,,,,,,,,,,,,,,,,,,7.00,,,,,,,false,false,12,2015-04-01,2016-03-31,0
2016-01-28,23260,2016-03-31,3,,,,,,,,,,,,,,,,,,,,,,,,,,,,,14.00,,,,,,,false,true,12,2015-04-01,2016-03-31,0
2016-01-28,23260,2016-03-31,3,,,,,,,,,,,,,,,,,,,,,,,,,,,,,,,,,14133000,217000,13899074,false,false,9,2015-04-01,2015-12-31,0
2016-01-28,23260,2015-03-31,3,,,,,,,,,,,,,,,,,,,,,,,,,,,,,,,,,,,13882728,false,false,9,2014-04-01,2014-12-31,-1
,23260,2016-03-31,,,,,,,,,,,,,,,,,,,,,,,,,,,,,,15.00,,,,,,,false,true,12,2015-04-01,2016-03-31,0
,23260,2016-03-31,,,,,,,,,,,,,,,,,,,,,,,,,,,,,,7.00,,,,,,,false,false,12,2015-04-01,2016-03-31,0
,23260,2015-03-31,,,,,,,,,,,,,,,,,,,,,,,,,,,,,,14.00,,,,,,,false,false,12,2014-04-01,2015-03-31,-1
2016-05-11,23260,2016-03-31,,4000000000,0.176,,,,,1006000000,0.164,994000000,0.092,,545000000,,39.26,39.14,0.124,0.167,0.252,,6133000000,4642000000,0.747,329.03,4583000000,1027000000,-441000000,-187000000,2443000000,,0.382,,,,,,true,false,12,2015-04-01,2016-03-31,0
2016-05-11,23260,2015-03-31,,3402000000,0.124,,,,,865000000,0.325,910000000,0.380,,531000000,,38.27,38.19,0.133,0.171,0.254,,5749000000,4297000000,0.733,303.40,4213000000,1355000000,-848000000,-119000000,2074000000,,0.366,,,,,,true,false,12,2014-04-01,2015-03-31,-1
2016-05-11,23260,2017-03-31,,2222000000,0.148,,,,,608000000,0.225,608000000,0.219,,363000000,,26.08,,,,,,,,,,,,,,,,,,,,,,true,true,6,2016-04-01,2016-09-30,1
2016-05-11,23260,2017-03-31,,4600000000,0.150,,,,,1400000000,0.391,1400000000,0.408,,870000000,,62.49,,,,,,,,,,,,,,,,0.320,,,,,,true,true,12,2016-04-01,2017-03-31,1
2016-05-11,23260,2016-03-31,,4018000000,0.183,,,,,1335000000,0.461,1328000000,0.435,840000000,,0.464,60.45,60.25,,,,,6633000000,5063000000,0.755,359.28,5005000000,,,,,15.00,,,,14133000,201800,13905940,false,false,12,2015-04-01,2016-03-31,0
2016-05-11,23260,2015-03-31,,3395000000,0.147,,,,,913000000,0.444,926000000,0.449,573000000,,0.477,41.34,41.26,,,,,5903000000,4415000000,0.734,311.86,4330000000,,,,,14.00,,,,14133000,245600,13883652,false,false,12,2014-04-01,2015-03-31,-1
2016-05-11,23260,2017-03-31,,2264000000,0.171,,,,,,,792000000,0.202,546000000,,0.248,39.23,,,,,,,,,,,,,,,,,,,,,,false,true,6,2016-04-01,2016-09-30,1
2016-05-11,23260,2017-03-31,,4598000000,0.144,,,,,,,1712000000,0.289,1182000000,,0.407,84.88,,,,,,,,,,,,,,,20.00,,,,,,,false,true,12,2016-04-01,2017-03-31,1
2016-07-28,23260,2017-03-31,1,916000000,0.141,,,,,99000000,0.217,78000000,-0.081,,13000000,,0.98,0.97,,,,,5992000000,4527000000,0.745,,4466000000,,,,,,,,,,,,true,false,3,2016-04-01,2016-06-30,0
2016-07-28,23260,2016-03-31,1,803000000,0.194,,,,,81000000,1.271,85000000,1.395,,57000000,,4.14,4.13,,,,,,,,,,,,,,,,,,,,,true,false,3,2015-04-01,2015-06-30,-1
2016-07-28,23260,2017-03-31,1,2222000000,0.148,,,,,608000000,0.225,608000000,0.219,,363000000,,26.08,,,,,,,,,,,,,,,,,,,,,,true,true,6,2016-04-01,2016-09-30,0
2016-07-28,23260,2017-03-31,1,4600000000,0.150,,,,,1400000000,0.391,1400000000,0.408,,870000000,,62.49,,,,,,,,,,,,,,,,,,,,,,true,true,12,2016-04-01,2017-03-31,0
2016-07-28,23260,2016-03-31,1,,,,,,,,,,,,,,,,,,,,6133000000,4642000000,0.747,,4583000000,,,,,,,,,,,,true,false,12,2015-04-01,2016-03-31,-1
2016-07-28,23260,2016-03-31,1,,,,,,,,,,,,,,,,,,,,,,,,,,,,,15.00,,,,14133000,201800,,false,false,12,2015-04-01,2016-03-31,-1
2016-07-28,23260,2017-03-31,1,,,,,,,,,,,,,,,,,,,,,,,,,,,,,20.00,,,,,,,false,true,12,2016-04-01,2017-03-31,0
2016-07-28,23260,2017-03-31,1,,,,,,,,,,,,,,,,,,,,,,,,,,,,,,,,,14133000,199800,13932606,false,false,3,2016-04-01,2016-06-30,0
2016-07-28,23260,2016-03-31,1,,,,,,,,,,,,,,,,,,,,,,,,,,,,,,,,,,,13890986,false,false,3,2015-04-01,2015-06-30,-1
2016-10-27,23260,2017-03-31,2,2420000000,0.250,,,,,789000000,0.589,767000000,0.536,,454000000,,32.62,32.53,,,,,6624000000,4970000000,0.742,352.48,4912000000,,,,,,,,,,,,true,false,6,2016-04-01,2016-09-30,0
2016-10-27,23260,2016-03-31,2,1935000000,0.202,,,,,497000000,0.468,499000000,0.390,,314000000,,22.64,22.57,,,,,,,,,,,,,,,,,,,,,true,false,6,2015-04-01,2015-09-30,-1
2016-10-27,23260,2017-03-31,2,4600000000,0.150,,,,,1400000000,0.391,1400000000,0.408,,870000000,,62.49,,,,,,,,,,,,,,,,,,,,,,true,true,12,2016-04-01,2017-03-31,0
2016-10-27,23260,2016-03-31,2,,,,,,,,,,,,,,,,,,,,6133000000,4642000000,0.747,329.03,4583000000,,,,,,,,,,,,true,false,12,2015-04-01,2016-03-31,-1
2016-10-27,23260,2016-03-31,2,,,,,,,,,,,,,,,,,,,,,,,,,,,,,15.00,,,,14133000,201800,,false,false,12,2015-04-01,2016-03-31,-1
2016-10-27,23260,2017-03-31,2,,,,,,,,,,,,,,,,,,,,,,,,,,,,,10.00,,,,,,,false,false,12,2016-04-01,2017-03-31,0
2016-10-27,23260,2017-03-31,2,,,,,,,,,,,,,,,,,,,,,,,,,,,,,20.00,,,,,,,false,true,12,2016-04-01,2017-03-31,0
2016-10-27,23260,2017-03-31,2,,,,,,,,,,,,,,,,,,,,,,,,,,,,,,,,,14133000,196400,13934131,false,false,6,2016-04-01,2016-09-30,0
2016-10-27,23260,2016-03-31,2,,,,,,,,,,,,,,,,,,,,,,,,,,,,,,,,,,,13893426,false,false,6,2015-04-01,2015-09-30,-1
2017-01-30,23260,2017-03-31,3,3518000000,0.281,,,,,1145000000,0.893,1134000000,0.858,,693000000,,49.81,49.66,,,,,6397000000,4848000000,0.744,344.48,4760000000,,,,,,,,,,,,true,false,9,2016-04-01,2016-12-31,0
2017-01-30,23260,2016-03-31,3,2747000000,0.181,,,,,604000000,0.296,610000000,0.182,,360000000,,25.91,25.82,,,,,,,,,,,,,,,,,,,,,true,false,9,2015-04-01,2015-12-31,-1
2017-01-30,23260,2017-03-31,3,4600000000,0.150,,,,,1400000000,0.391,1400000000,0.408,,870000000,,62.49,,,,,,,,,,,,,,,,,,,,,,true,true,12,2016-04-01,2017-03-31,0
2017-01-30,23260,2016-03-31,3,,,,,,,,,,,,,,,,,,,,6133000000,4642000000,0.747,329.03,4583000000,,,,,,,,,,,,true,false,12,2015-04-01,2016-03-31,-1
2017-01-30,23260,2016-03-31,3,,,,,,,,,,,,,,,,,,,,,,,,,,,,,15.00,,,,14133000,201800,,false,false,12,2015-04-01,2016-03-31,-1
2017-01-30,23260,2017-03-31,3,,,,,,,,,,,,,,,,,,,,,,,,,,,,,10.00,,,,,,,false,false,12,2016-04-01,2017-03-31,0
2017-01-30,23260,2017-03-31,3,,,,,,,,,,,,,,,,,,,,,,,,,,,,,20.00,,,,,,,false,true,12,2016-04-01,2017-03-31,0
2017-01-30,23260,2017-03-31,3,,,,,,,,,,,,,,,,,,,,,,,,,,,,,,,,,14133000,313500,13930476,false,false,9,2016-04-01,2016-12-31,0
2017-01-30,23260,2016-03-31,3,,,,,,,,,,,,,,,,,,,,,,,,,,,,,,,,,,,13899074,false,false,9,2015-04-01,2015-12-31,-1
2017-03-23,23260,2017-03-31,,5000000000,0.087,,,,,1700000000,0.214,1700000000,0.214,,1050000000,,75.42,,,,,,,,,,,,,,,,,,,,,,true,true,12,2016-04-01,2017-03-31,0
2017-03-23,23260,2016-03-31,,4000000000,,,,,,1006000000,,994000000,,,545000000,,39.26,,,,,,,,,,,,,,,,,,,,,,true,false,12,2015-04-01,2016-03-31,-1
2017-03-23,23260,2017-03-31,,5000000000,0.087,,,,,,,1950000000,0.139,1300000000,,0.099,93.32,,,,,,,,,,,,,,,24.00,,,,,,,false,true,12,2016-04-01,2017-03-31,0
2017-03-23,23260,2016-03-31,,4018000000,,,,,,,,1328000000,,840000000,,,60.45,,,,,,,,,,,,,,,15.00,,,,,,,false,false,12,2015-04-01,2016-03-31,-1
2017-03-23,23260,2017-03-31,,,,,,,,,,,,,,,,,,,,,,,,,,,,,,10.00,,,,,,,false,false,12,2016-04-01,2017-03-31,0
2017-05-09,23260,2017-03-31,,5058000000,0.264,,,,,1824000000,0.812,1811000000,0.822,,1125000000,,80.92,80.68,0.230,0.268,0.361,,7380000000,5270000000,0.702,375.07,5184000000,2012000000,-671000000,-503000000,3298000000,,0.297,,,,,,true,false,12,2016-04-01,2017-03-31,0
2017-05-09,23260,2016-03-31,,4000000000,0.176,,,,,1006000000,0.164,994000000,0.092,,545000000,,39.26,39.14,0.124,0.167,0.252,,6133000000,4642000000,0.747,329.03,4583000000,1027000000,-441000000,-187000000,2443000000,,0.382,,,,,,true,false,12,2015-04-01,2016-03-31,-1
2017-05-09,23260,2018-03-31,,2650000000,0.095,,,,,820000000,0.038,820000000,0.069,,508000000,,36.78,,,,,,,,,,,,,,,,,,,,,,true,true,6,2017-04-01,2017-09-30,1
2017-05-09,23260,2018-03-31,,5600000000,0.107,,,,,2000000000,0.096,2000000000,0.104,,1240000000,,89.71,,,,,,,,,,,,,,,,0.312,,,,,,true,true,12,2017-04-01,2018-03-31,1
2017-05-09,23260,2017-03-31,,5104000000,0.270,,,,,2067000000,0.549,2056000000,0.548,1339000000,,0.593,96.31,96.02,,,,,7948000000,5882000000,0.731,420.53,5812000000,,,,,24.00,,,,14133000,311175,13903526,false,false,12,2016-04-01,2017-03-31,0
2017-05-09,23260,2016-03-31,,4018000000,0.183,,,,,1335000000,0.461,1328000000,0.435,840000000,,0.464,60.45,60.25,,,,,6633000000,5063000000,0.755,359.28,5005000000,,,,,15.00,,,,14133000,201800,13905940,false,false,12,2015-04-01,2016-03-31,-1
2017-05-09,23260,2018-03-31,,2600000000,0.055,,,,,,,980000000,0.067,676000000,,0.092,48.92,,,,,,,,,,,,,,,,,,,,,,false,true,6,2017-04-01,2017-09-30,1
2017-05-09,23260,2018-03-31,,5550000000,0.087,,,,,,,2350000000,0.143,1621000000,,0.211,117.31,,,,,,,,,,,,,,,28.00,,,,,,,false,true,12,2017-04-01,2018-03-31,1
2017-07-27,23260,2018-03-31,1,1158000000,0.263,,,,,356000000,2.589,360000000,3.563,,258000000,,18.65,18.57,,,,,7367000000,5369000000,0.721,383.71,5312000000,,,,,,,,,,,,true,false,3,2017-04-01,2017-06-30,0
2017-07-27,23260,2017-03-31,1,916000000,0.141,,,,,99000000,0.217,78000000,-0.081,,13000000,,0.98,0.97,,,,,,,,,,,,,,,,,,,,,true,false,3,2016-04-01,2016-06-30,-1
2017-07-27,23260,2018-03-31,1,2650000000,0.095,,,,,820000000,0.038,820000000,0.069,,508000000,,36.78,,,,,,,,,,,,,,,,,,,,,,true,true,6,2017-04-01,2017-09-30,0
2017-07-27,23260,2018-03-31,1,5600000000,0.107,,,,,2000000000,0.096,2000000000,0.104,,1240000000,,89.71,,,,,,,,,,,,,,,,,,,,,,true,true,12,2017-04-01,2018-03-31,0
2017-07-27,23260,2017-03-31,1,,,,,,,,,,,,,,,,,,,,7380000000,5270000000,0.702,375.07,5184000000,,,,,,,,,,,,true,false,12,2016-04-01,2017-03-31,-1
2017-07-27,23260,2017-03-31,1,,,,,,,,,,,,,,,,,,,,,,,,,,,,,24.00,,,,14133000,311175,,false,false,12,2016-04-01,2017-03-31,-1
2017-07-27,23260,2018-03-31,1,,,,,,,,,,,,,,,,,,,,,,,,,,,,,28.00,,,,,,,false,true,12,2017-04-01,2018-03-31,0
2017-07-27,23260,2018-03-31,1,,,,,,,,,,,,,,,,,,,,,,,,,,,,,,,,,14133000,286541,13839422,false,false,3,2017-04-01,2017-06-30,0
2017-07-27,23260,2017-03-31,1,,,,,,,,,,,,,,,,,,,,,,,,,,,,,,,,,,,13932606,false,false,3,2016-04-01,2016-06-30,-1
2017-10-30,23260,2018-03-31,2,2468000000,0.020,,,,,922000000,0.168,932000000,0.215,,618000000,,44.67,44.46,,,,,7854000000,5774000000,0.728,412.39,5719000000,,,,,,,,,,,,true,false,6,2017-04-01,2017-09-30,0
2017-10-30,23260,2017-03-31,2,2420000000,0.250,,,,,789000000,0.589,767000000,0.536,,454000000,,32.62,32.53,,,,,,,,,,,,,,,,,,,,,true,false,6,2016-04-01,2016-09-30,-1
2017-10-30,23260,2018-03-31,2,5600000000,0.107,,,,,2000000000,0.096,2000000000,0.104,,1240000000,,89.71,,,,,,,,,,,,,,,,,,,,,,true,true,12,2017-04-01,2018-03-31,0
2017-10-30,23260,2017-03-31,2,,,,,,,,,,,,,,,,,,,,7380000000,5270000000,0.702,375.07,5184000000,,,,,,,,,,,,true,false,12,2016-04-01,2017-03-31,-1
2017-10-30,23260,2017-03-31,2,,,,,,,,,,,,,,,,,,,,,,,,,,,,,24.00,,,,14133000,311175,,false,false,12,2016-04-01,2017-03-31,-1
2017-10-30,23260,2018-03-31,2,,,,,,,,,,,,,,,,,,,,,,,,,,,,,14.00,,,,,,,false,false,12,2017-04-01,2018-03-31,0
2017-10-30,23260,2018-03-31,2,,,,,,,,,,,,,,,,,,,,,,,,,,,,,28.00,,,,,,,false,true,12,2017-04-01,2018-03-31,0
2017-10-30,23260,2018-03-31,2,,,,,,,,,,,,,,,,,,,,,,,,,,,,,,,,,14133000,263741,13851307,false,false,6,2017-04-01,2017-09-30,0
2017-10-30,23260,2017-03-31,2,,,,,,,,,,,,,,,,,,,,,,,,,,,,,,,,,,,13934131,false,false,6,2016-04-01,2016-09-30,-1
2018-01-30,23260,2018-03-31,3,3551000000,0.009,,,,,1164000000,0.017,1177000000,0.038,,777000000,,56.12,55.87,,,,,7204000000,5740000000,0.790,410.11,5690000000,,,,,,,,,,,,true,false,9,2017-04-01,2017-12-31,0
2018-01-30,23260,2017-03-31,3,3518000000,0.281,,,,,1145000000,0.893,1134000000,0.858,,693000000,,49.81,49.66,,,,,,,,,,,,,,,,,,,,,true,false,9,2016-04-01,2016-12-31,-1
2018-01-30,23260,2018-03-31,3,5600000000,0.107,,,,,2000000000,0.096,2000000000,0.104,,1240000000,,89.71,,,,,,,,,,,,,,,,,,,,,,true,true,12,2017-04-01,2018-03-31,0
2018-01-30,23260,2017-03-31,3,,,,,,,,,,,,,,,,,,,,7380000000,5270000000,0.702,375.07,5184000000,,,,,,,,,,,,true,false,12,2016-04-01,2017-03-31,-1
2018-01-30,23260,2017-03-31,3,,,,,,,,,,,,,,,,,,,,,,,,,,,,,24.00,,,,14133000,311175,,false,false,12,2016-04-01,2017-03-31,-1
2018-01-30,23260,2018-03-31,3,,,,,,,,,,,,,,,,,,,,,,,,,,,,,14.00,,,,,,,false,false,12,2017-04-01,2018-03-31,0
2018-01-30,23260,2018-03-31,3,,,,,,,,,,,,,,,,,,,,,,,,,,,,,28.00,,,,,,,false,true,12,2017-04-01,2018-03-31,0
2018-01-30,23260,2018-03-31,3,,,,,,,,,,,,,,,,,,,,,,,,,,,,,,,,,14133000,257118,13858920,false,false,9,2017-04-01,2017-12-31,0
2018-01-30,23260,2017-03-31,3,,,,,,,,,,,,,,,,,,,,,,,,,,,,,,,,,,,13930476,false,false,9,2016-04-01,2016-12-31,-1
2018-05-08,23260,2018-03-31,,5116000000,0.012,,,,,1902000000,0.043,1909000000,0.054,,1281000000,,92.46,92.13,0.225,0.249,0.372,,7928000000,6247000000,0.782,446.43,6198000000,1663000000,-774000000,-293000000,3826000000,,0.303,,,,,,true,false,12,2017-04-01,2018-03-31,0
2018-05-08,23260,2017-03-31,,5058000000,0.264,,,,,1824000000,0.812,1811000000,0.822,,1125000000,,80.92,80.68,0.230,0.268,0.361,,7380000000,5270000000,0.702,375.07,5184000000,2012000000,-671000000,-503000000,3298000000,,0.297,,,,,,true,false,12,2016-04-01,2017-03-31,-1
2018-05-08,23260,2019-03-31,,2800000000,0.134,,,,,1200000000,0.301,1200000000,0.287,,777000000,,56.02,,,,,,,,,,,,,,,,,,,,,,true,true,6,2018-04-01,2018-09-30,1
2018-05-08,23260,2019-03-31,,5800000000,0.133,,,,,2500000000,0.314,2500000000,0.309,,1619000000,,116.62,,,,,,,,,,,,,,,,0.309,,,,,,true,true,12,2018-04-01,2019-03-31,1
2018-05-08,23260,2018-03-31,,5046000000,-0.011,,,,,2087000000,0.010,2097000000,0.020,860000000,,-0.357,62.07,61.85,,,,,8149000000,6451000000,0.787,462.20,6417000000,,,,,28.00,,,,14133000,248018,13864531,false,false,12,2017-04-01,2018-03-31,0
2018-05-08,23260,2017-03-31,,5104000000,0.270,,,,,2067000000,0.549,2056000000,0.548,1339000000,,0.593,96.31,96.02,,,,,7948000000,5882000000,0.731,420.53,5812000000,,,,,24.00,,,,14133000,311175,13903526,false,false,12,2016-04-01,2017-03-31,-1
2018-05-08,23260,2019-03-31,,2750000000,0.111,,,,,,,1150000000,0.116,782000000,,0.065,56.32,,,,,,,,,,,,,,,,,,,,,,false,true,6,2018-04-01,2018-09-30,1
2018-05-08,23260,2019-03-31,,5600000000,0.110,,,,,,,2350000000,0.120,1598000000,,0.857,115.09,,,,,,,,,,,,,,,36.00,,,,,,,false,true,12,2018-04-01,2019-03-31,1
2018-07-30,23260,2019-03-31,1,1217000000,0.052,,,,,295000000,-0.171,294000000,-0.182,,175000000,,12.61,12.59,,,,,8052000000,6241000000,0.770,446.16,6201000000,,,,,,,,,,,,true,false,3,2018-04-01,2018-06-30,0
2018-07-30,23260,2018-03-31,1,1158000000,0.263,,,,,356000000,2.589,360000000,3.563,,258000000,,18.65,18.57,,,,,,,,,,,,,,,,,,,,,true,false,3,2017-04-01,2017-06-30,-1
2018-07-30,23260,2019-03-31,1,2800000000,0.134,,,,,1200000000,0.301,1200000000,0.287,,777000000,,56.02,,,,,,,,,,,,,,,,,,,,,,true,true,6,2018-04-01,2018-09-30,0
2018-07-30,23260,2019-03-31,1,5800000000,0.133,,,,,2500000000,0.314,2500000000,0.309,,1619000000,,116.62,,,,,,,,,,,,,,,,,,,,,,true,true,12,2018-04-01,2019-03-31,0
2018-07-30,23260,2018-03-31,1,,,,,,,,,,,,,,,,,,,,7928000000,6247000000,0.782,446.43,6198000000,,,,,,,,,,,,true,false,12,2017-04-01,2018-03-31,-1
2018-07-30,23260,2018-03-31,1,,,,,,,,,,,,,,,,,,,,,,,,,,,,,28.00,,,,14133000,248018,,false,false,12,2017-04-01,2018-03-31,-1
2018-07-30,23260,2019-03-31,1,,,,,,,,,,,,,,,,,,,,,,,,,,,,,36.00,,,,,,,false,true,12,2018-04-01,2019-03-31,0
2018-07-30,23260,2019-03-31,1,,,,,,,,,,,,,,,,,,,,,,,,,,,,,,,,,14133000,234118,13894802,false,false,3,2018-04-01,2018-06-30,0
2018-07-30,23260,2018-03-31,1,,,,,,,,,,,,,,,,,,,,,,,,,,,,,,,,,,,13839422,false,false,3,2017-04-01,2017-06-30,-1
2018-10-30,23260,2019-03-31,2,2764000000,0.120,,,,,1036000000,0.124,1040000000,0.115,,992000000,,71.39,71.23,,,,,9142000000,7056000000,0.767,504.71,7015000000,,,,,,,,,,,,true,false,6,2018-04-01,2018-09-30,0
2018-10-30,23260,2018-03-31,2,2468000000,0.020,,,,,922000000,0.168,932000000,0.215,,618000000,,44.67,44.46,,,,,,,,,,,,,,,,,,,,,true,false,6,2017-04-01,2017-09-30,-1
2018-10-30,23260,2019-03-31,2,5800000000,0.133,,,,,2600000000,0.366,2600000000,0.362,,2000000000,,143.91,,,,,,,,,,,,,,,,,,,,,,true,true,12,2018-04-01,2019-03-31,0
2018-10-30,23260,2018-03-31,2,,,,,,,,,,,,,,,,,,,,7928000000,6247000000,0.782,446.43,6198000000,,,,,,,,,,,,true,false,12,2017-04-01,2018-03-31,-1
2018-10-30,23260,2018-03-31,2,,,,,,,,,,,,,,,,,,,,,,,,,,,,,28.00,,,,14133000,248018,,false,false,12,2017-04-01,2018-03-31,-1
2018-10-30,23260,2019-03-31,2,,,,,,,,,,,,,,,,,,,,,,,,,,,,,18.00,,,,,,,false,false,12,2018-04-01,2019-03-31,0
2018-10-30,23260,2019-03-31,2,,,,,,,,,,,,,,,,,,,,,,,,,,,,,36.00,,,,,,,false,true,12,2018-04-01,2019-03-31,0
2018-10-30,23260,2019-03-31,2,,,,,,,,,,,,,,,,,,,,,,,,,,,,,,,,,14133000,232820,13897287,false,false,6,2018-04-01,2018-09-30,0
2018-10-30,23260,2018-03-31,2,,,,,,,,,,,,,,,,,,,,,,,,,,,,,,,,,,,13851307,false,false,6,2017-04-01,2017-09-30,-1
2019-01-31,23260,2019-03-31,3,4166000000,0.173,,,,,1674000000,0.437,1674000000,0.422,,1418000000,,102.07,101.85,,,,,9168000000,7250000000,0.786,,7209000000,,,,,,,,,,,,true,false,9,2018-04-01,2018-12-31,0
2019-01-31,23260,2018-03-31,3,3551000000,0.009,,,,,1164000000,0.017,1177000000,0.038,,777000000,,56.12,55.87,,,,,,,,,,,,,,,,,,,,,true,false,9,2017-04-01,2017-12-31,-1
2019-01-31,23260,2019-03-31,3,5800000000,0.133,,,,,2600000000,0.366,2600000000,0.362,,2000000000,,143.91,,,,,,,,,,,,,,,,,,,,,,true,true,12,2018-04-01,2019-03-31,0
2019-01-31,23260,2018-03-31,3,,,,,,,,,,,,,,,,,,,,7928000000,6247000000,0.782,,6198000000,,,,,,,,,,,,true,false,12,2017-04-01,2018-03-31,-1
2019-01-31,23260,2018-03-31,3,,,,,,,,,,,,,,,,,,,,,,,,,,,,,28.00,,,,14133000,248018,,false,false,12,2017-04-01,2018-03-31,-1
2019-01-31,23260,2019-03-31,3,,,,,,,,,,,,,,,,,,,,,,,,,,,,,18.00,,,,,,,false,false,12,2018-04-01,2019-03-31,0
2019-01-31,23260,2019-03-31,3,,,,,,,,,,,,,,,,,,,,,,,,,,,,,36.00,,,,,,,false,true,12,2018-04-01,2019-03-31,0
2019-01-31,23260,2019-03-31,3,,,,,,,,,,,,,,,,,,,,,,,,,,,,,,,,,14133000,232320,13898365,false,false,9,2018-04-01,2018-12-31,0
2019-01-31,23260,2018-03-31,3,,,,,,,,,,,,,,,,,,,,,,,,,,,,,,,,,,,13858920,false,false,9,2017-04-01,2017-12-31,-1
,23260,2019-03-31,,,,,,,,,,,,,,,,,,,,,,,,,,,,,,48.00,,,,,,,false,true,12,2018-04-01,2019-03-31,0
,23260,2019-03-31,,,,,,,,,,,,,,,,,,,,,,,,,,,,,,18.00,,,,,,,false,false,12,2018-04-01,2019-03-31,0
,23260,2018-03-31,,,,,,,,,,,,,,,,,,,,,,,,,,,,,,28.00,,,,,,,false,false,12,2017-04-01,2018-03-31,-1
2019-05-09,23260,2019-03-31,,5841000000,0.142,,,,,2629000000,0.382,2630000000,0.378,,1961000000,,141.11,140.80,0.281,0.296,0.450,,9859000000,7802000000,0.787,558.33,7761000000,3091000000,-908000000,-429000000,5569000000,,0.340,,,,,,true,false,12,2018-04-01,2019-03-31,0
2019-05-09,23260,2018-03-31,,5116000000,0.012,,,,,1902000000,0.043,1909000000,0.054,,1281000000,,92.46,92.13,0.225,0.249,0.372,,7928000000,6247000000,0.782,446.43,6198000000,1663000000,-774000000,-293000000,3826000000,,0.303,,,,,,true,false,12,2017-04-01,2018-03-31,-1
2019-05-09,23260,2020-03-31,,3100000000,0.122,,,,,1340000000,0.293,1340000000,0.288,,924000000,,66.52,,,,,,,,,,,,,,,,,,,,,,true,true,6,2019-04-01,2019-09-30,1
2019-05-09,23260,2020-03-31,,6800000000,0.164,,,,,3300000000,0.255,3300000000,0.254,,2277000000,,163.83,,,,,,,,,,,,,,,,0.305,,,,,,true,true,12,2019-04-01,2020-03-31,1
2019-05-09,23260,2019-03-31,,5752000000,0.140,,,,,2774000000,0.329,2777000000,0.324,1784000000,,1.074,128.42,128.14,,,,,9870000000,7804000000,0.788,559.74,7780000000,,,,,48.00,,,,14133000,232320,13898934,false,false,12,2018-04-01,2019-03-31,0
2019-05-09,23260,2018-03-31,,5046000000,-0.011,,,,,2087000000,0.010,2097000000,0.020,860000000,,-0.357,62.07,61.85,,,,,8149000000,6451000000,0.787,462.20,6417000000,,,,,28.00,,,,14133000,248018,13864531,false,false,12,2017-04-01,2018-03-31,-1
2019-05-09,23260,2020-03-31,,3000000000,0.095,,,,,,,1340000000,0.126,930000000,,0.137,66.91,,,,,,,,,,,,,,,,,,,,,,false,true,6,2019-04-01,2019-09-30,1
2019-05-09,23260,2020-03-31,,6600000000,0.147,,,,,,,3300000000,0.188,2290000000,,0.283,164.76,,,,,,,,,,,,,,,50.00,,,,,,,false,true,12,2019-04-01,2020-03-31,1
2019-07-31,23260,2020-03-31,1,1249000000,0.026,,,,,413000000,0.400,411000000,0.398,,280000000,,20.19,20.15,,,,,9730000000,7667000000,0.784,548.59,7630000000,,,,,,,,,,,,true,false,3,2019-04-01,2019-06-30,0
2019-07-31,23260,2019-03-31,1,1217000000,0.052,,,,,295000000,-0.171,294000000,-0.182,,175000000,,12.61,12.59,,,,,,,,,,,,,,,,,,,,,true,false,3,2018-04-01,2018-06-30,-1
2019-07-31,23260,2020-03-31,1,3100000000,0.122,,,,,1340000000,0.293,1340000000,0.288,,924000000,,66.52,,,,,,,,,,,,,,,,,,,,,,true,true,6,2019-04-01,2019-09-30,0
2019-07-31,23260,2020-03-31,1,6800000000,0.164,,,,,3300000000,0.255,3300000000,0.254,,2277000000,,163.83,,,,,,,,,,,,,,,,,,,,,,true,true,12,2019-04-01,2020-03-31,0
2019-07-31,23260,2019-03-31,1,,,,,,,,,,,,,,,,,,,,9859000000,7802000000,0.787,558.33,7761000000,,,,,,,,,,,,true,false,12,2018-04-01,2019-03-31,-1
2019-07-31,23260,2019-03-31,1,,,,,,,,,,,,,,,,,,,,,,,,,,,,,48.00,,,,14133000,232320,,false,false,12,2018-04-01,2019-03-31,-1
2019-07-31,23260,2020-03-31,1,,,,,,,,,,,,,,,,,,,,,,,,,,,,,50.00,,,,,,,false,true,12,2019-04-01,2020-03-31,0
2019-07-31,23260,2020-03-31,1,,,,,,,,,,,,,,,,,,,,,,,,,,,,,,,,,14133000,224220,13906554,false,false,3,2019-04-01,2019-06-30,0
2019-07-31,23260,2019-03-31,1,,,,,,,,,,,,,,,,,,,,,,,,,,,,,,,,,,,13894802,false,false,3,2018-04-01,2018-06-30,-1
2019-10-30,23260,2020-03-31,2,2764000000,0.000,,,,,1096000000,0.059,1092000000,0.050,,745000000,,53.40,51.80,,,,,10534000000,8464000000,0.800,599.71,8428000000,,,,,,,,,,,,true,false,6,2019-04-01,2019-09-30,0
2019-10-30,23260,2019-03-31,2,2764000000,0.120,,,,,1036000000,0.124,1040000000,0.115,,992000000,,71.39,71.23,,,,,,,,,,,,,,,,,,,,,true,false,6,2018-04-01,2018-09-30,-1
2019-10-30,23260,2020-03-31,2,6800000000,0.164,,,,,3300000000,0.255,3300000000,0.254,,2277000000,,163.83,,,,,,,,,,,,,,,,,,,,,,true,true,12,2019-04-01,2020-03-31,0
2019-10-30,23260,2019-03-31,2,,,,,,,,,,,,,,,,,,,,9859000000,7802000000,0.787,558.33,7761000000,,,,,,,,,,,,true,false,12,2018-04-01,2019-03-31,-1
2019-10-30,23260,2019-03-31,2,,,,,,,,,,,,,,,,,,,,,,,,,,,,,48.00,,,,14133000,232320,,false,false,12,2018-04-01,2019-03-31,-1
2019-10-30,23260,2020-03-31,2,,,,,,,,,,,,,,,,,,,,,,,,,,,,,25.00,,,,,,,false,false,12,2019-04-01,2020-03-31,0
2019-10-30,23260,2020-03-31,2,,,,,,,,,,,,,,,,,,,,,,,,,,,,,50.00,,,,,,,false,true,12,2019-04-01,2020-03-31,0
2019-10-30,23260,2020-03-31,2,,,,,,,,,,,,,,,,,,,,,,,,,,,,,,,,,14133000,78920,13957694,false,false,6,2019-04-01,2019-09-30,0
2019-10-30,23260,2019-03-31,2,,,,,,,,,,,,,,,,,,,,,,,,,,,,,,,,,,,13897287,false,false,6,2018-04-01,2018-09-30,-1
2020-01-31,23260,2020-03-31,3,4141000000,-0.006,,,,,1648000000,-0.016,1648000000,-0.015,,1128000000,,80.72,78.54,,,,,10086000000,8209000000,0.811,583.85,8181000000,,,,,,,,,,,,true,false,9,2019-04-01,2019-12-31,0
2020-01-31,23260,2019-03-31,3,4166000000,0.173,,,,,1674000000,0.437,1674000000,0.422,,1418000000,,102.07,101.85,,,,,,,,,,,,,,,,,,,,,true,false,9,2018-04-01,2018-12-31,-1
2020-01-31,23260,2020-03-31,3,5500000000,-0.058,,,,,2050000000,-0.220,2050000000,-0.221,,1430000000,,102.26,,,,,,,,,,,,,,,,,,,,,,true,true,12,2019-04-01,2020-03-31,0
2020-01-31,23260,2019-03-31,3,,,,,,,,,,,,,,,,,,,,9859000000,7802000000,0.787,558.33,7761000000,,,,,,,,,,,,true,false,12,2018-04-01,2019-03-31,-1
2020-01-31,23260,2019-03-31,3,,,,,,,,,,,,,,,,,,,,,,,,,,,,,48.00,,,,14133000,232320,,false,false,12,2018-04-01,2019-03-31,-1
2020-01-31,23260,2020-03-31,3,,,,,,,,,,,,,,,,,,,,,,,,,,,,,25.00,,,,,,,false,false,12,2019-04-01,2020-03-31,0
2020-01-31,23260,2020-03-31,3,,,,,,,,,,,,,,,,,,,,,,,,,,,,,50.00,,,,,,,false,true,12,2019-04-01,2020-03-31,0
2020-01-31,23260,2020-03-31,3,,,,,,,,,,,,,,,,,,,,,,,,,,,,,,,,,14133000,119920,13983960,false,false,9,2019-04-01,2019-12-31,0
2020-01-31,23260,2019-03-31,3,,,,,,,,,,,,,,,,,,,,,,,,,,,,,,,,,,,13898365,false,false,9,2018-04-01,2018-12-31,-1
2020-05-08,23260,2020-03-31,,5641000000,-0.034,,,,,2328000000,-0.115,2326000000,-0.116,,1590000000,,113.69,110.83,0.194,0.225,0.413,,10852000000,8680000000,0.797,617.27,8652000000,2686000000,111000000,-709000000,7651000000,,0.440,,,,,,true,false,12,2019-04-01,2020-03-31,0
2020-05-08,23260,2019-03-31,,5841000000,0.142,,,,,2629000000,0.382,2630000000,0.378,,1961000000,,141.11,140.80,0.281,0.296,0.450,,9859000000,7802000000,0.787,558.33,7761000000,3091000000,-908000000,-429000000,5569000000,,0.340,,,,,,true,false,12,2018-04-01,2019-03-31,-1
2020-05-08,23260,2021-03-31,,3300000000,0.194,,,,,1490000000,0.358,1490000000,0.364,,1030000000,,73.48,,,,,,,,,,,,,,,,,,,,,,true,true,6,2020-04-01,2020-09-30,1
2020-05-08,23260,2021-03-31,,7500000000,0.329,,,,,3550000000,0.525,3550000000,0.526,,2450000000,,174.79,,,,,,,,,,,,,,,,0.315,,,,,,true,true,12,2020-04-01,2021-03-31,1
2020-05-08,23260,2020-03-31,,5336000000,-0.072,,,,,2357000000,-0.150,2359000000,-0.151,1613000000,,-0.096,115.29,112.39,,,,,10839000000,8714000000,0.802,620.45,8696000000,,,,,50.00,,,,14133000,116042,13991859,false,false,12,2019-04-01,2020-03-31,0
2020-05-08,23260,2019-03-31,,5752000000,0.140,,,,,2774000000,0.329,2777000000,0.324,1784000000,,1.074,128.42,128.14,,,,,9870000000,7804000000,0.788,559.74,7780000000,,,,,48.00,,,,14133000,232320,13898934,false,false,12,2018-04-01,2019-03-31,-1
2020-05-08,23260,2021-03-31,,3100000000,0.170,,,,,,,1480000000,0.324,1020000000,,0.325,72.77,,,,,,,,,,,,,,,,,,,,,,false,true,6,2020-04-01,2020-09-30,1
2020-05-08,23260,2021-03-31,,7000000000,0.312,,,,,,,3500000000,0.484,2420000000,,0.500,172.65,,,,,,,,,,,,,,,55.00,,,,,,,false,true,12,2020-04-01,2021-03-31,1
2020-07-31,23260,2021-03-31,1,1413000000,0.132,,,,,485000000,0.172,489000000,0.188,,334000000,,23.86,23.33,,,,,10769000000,8652000000,0.802,616.10,8635000000,,,,,,,,,,,,true,false,3,2020-04-01,2020-06-30,0
2020-07-31,23260,2020-03-31,1,1249000000,0.026,,,,,413000000,0.400,411000000,0.398,,280000000,,20.19,20.15,,,,,,,,,,,,,,,,,,,,,true,false,3,2019-04-01,2019-06-30,-1
2020-07-31,23260,2021-03-31,1,3300000000,0.194,,,,,1490000000,0.358,1490000000,0.364,,1030000000,,73.48,,,,,,,,,,,,,,,,,,,,,,true,true,6,2020-04-01,2020-09-30,0
2020-07-31,23260,2021-03-31,1,7500000000,0.329,,,,,3550000000,0.525,3550000000,0.526,,2450000000,,174.79,,,,,,,,,,,,,,,,,,,,,,true,true,12,2020-04-01,2021-03-31,0
2020-07-31,23260,2020-03-31,1,,,,,,,,,,,,,,,,,,,,10852000000,8680000000,0.797,617.27,8652000000,,,,,,,,,,,,true,false,12,2019-04-01,2020-03-31,-1
2020-07-31,23260,2020-03-31,1,,,,,,,,,,,,,,,,,,,,,,,,,,,,,50.00,,,,14133000,116042,,false,false,12,2019-04-01,2020-03-31,-1
2020-07-31,23260,2021-03-31,1,,,,,,,,,,,,,,,,,,,,,,,,,,,,,55.00,,,,,,,false,true,12,2020-04-01,2021-03-31,0
2020-07-31,23260,2021-03-31,1,,,,,,,,,,,,,,,,,,,,,,,,,,,,,,,,,14133000,115942,14017028,false,false,3,2020-04-01,2020-06-30,0
2020-07-31,23260,2020-03-31,1,,,,,,,,,,,,,,,,,,,,,,,,,,,,,,,,,,,13906554,false,false,3,2019-04-01,2019-06-30,-1
2020-10-30,23260,2021-03-31,2,3101000000,0.122,,,,,1310000000,0.195,1316000000,0.205,,908000000,,64.84,63.35,,,,,11437000000,9238000000,0.806,657.61,9220000000,,,,,,,,,,,,true,false,6,2020-04-01,2020-09-30,0
2020-10-30,23260,2020-03-31,2,2764000000,0.000,,,,,1096000000,0.059,1092000000,0.050,,745000000,,53.40,51.80,,,,,,,,,,,,,,,,,,,,,true,false,6,2019-04-01,2019-09-30,-1
2020-10-30,23260,2021-03-31,2,7500000000,0.329,,,,,3550000000,0.525,3550000000,0.526,,2450000000,,174.79,,,,,,,,,,,,,,,,,,,,,,true,true,12,2020-04-01,2021-03-31,0
2020-10-30,23260,2020-03-31,2,,,,,,,,,,,,,,,,,,,,10852000000,8680000000,0.797,617.27,8652000000,,,,,,,,,,,,true,false,12,2019-04-01,2020-03-31,-1
2020-10-30,23260,2020-03-31,2,,,,,,,,,,,,,,,,,,,,,,,,,,,,,50.00,,,,14133000,116042,,false,false,12,2019-04-01,2020-03-31,-1
2020-10-30,23260,2021-03-31,2,,,,,,,,,,,,,,,,,,,,,,,,,,,,,25.00,,,,,,,false,false,12,2020-04-01,2021-03-31,0
2020-10-30,23260,2021-03-31,2,,,,,,,,,,,,,,,,,,,,,,,,,,,,,55.00,,,,,,,false,true,12,2020-04-01,2021-03-31,0
2020-10-30,23260,2021-03-31,2,,,,,,,,,,,,,,,,,,,,,,,,,,,,,,,,,14133000,111542,14018558,false,false,6,2020-04-01,2020-09-30,0
2020-10-30,23260,2020-03-31,2,,,,,,,,,,,,,,,,,,,,,,,,,,,,,,,,,,,13957694,false,false,6,2019-04-01,2019-09-30,-1
2021-01-29,23260,2021-03-31,3,4750000000,0.147,,,,,1973000000,0.197,1982000000,0.202,,1363000000,,97.22,94.97,,,,,11906000000,9358000000,0.784,665.66,9336000000,,,,,,,,,,,,true,false,9,2020-04-01,2020-12-31,0
2021-01-29,23260,2020-03-31,3,4141000000,-0.006,,,,,1648000000,-0.016,1648000000,-0.015,,1128000000,,80.72,78.54,,,,,,,,,,,,,,,,,,,,,true,false,9,2019-04-01,2019-12-31,-1
2021-01-29,23260,2021-03-31,3,7500000000,0.329,,,,,3550000000,0.525,3550000000,0.526,,2450000000,,174.79,,,,,,,,,,,,,,,,,,,,,,true,true,12,2020-04-01,2021-03-31,0
2021-01-29,23260,2020-03-31,3,,,,,,,,,,,,,,,,,,,,10852000000,8680000000,0.797,617.27,8652000000,,,,,,,,,,,,true,false,12,2019-04-01,2020-03-31,-1
2021-01-29,23260,2020-03-31,3,,,,,,,,,,,,,,,,,,,,,,,,,,,,,50.00,,,,14133000,116042,,false,false,12,2019-04-01,2020-03-31,-1
2021-01-29,23260,2021-03-31,3,,,,,,,,,,,,,,,,,,,,,,,,,,,,,25.00,,,,,,,false,false,12,2020-04-01,2021-03-31,0
2021-01-29,23260,2021-03-31,3,,,,,,,,,,,,,,,,,,,,,,,,,,,,,55.00,,,,,,,false,true,12,2020-04-01,2021-03-31,0
2021-01-29,23260,2021-03-31,3,,,,,,,,,,,,,,,,,,,,,,,,,,,,,,,,,14133000,106342,14020719,false,false,9,2020-04-01,2020-12-31,0
2021-01-29,23260,2020-03-31,3,,,,,,,,,,,,,,,,,,,,,,,,,,,,,,,,,,,13983960,false,false,9,2019-04-01,2019-12-31,-1
2021-05-07,23260,2021-03-31,,6825000000,0.210,,,,,2977000000,0.279,2991000000,0.286,,2059000000,,146.90,143.45,0.220,0.233,0.436,,14856000000,10062000000,0.676,715.79,10041000000,5221000000,-830000000,-671000000,11382000000,,0.374,,,,,,true,false,12,2020-04-01,2021-03-31,0
2021-05-07,23260,2020-03-31,,5641000000,-0.034,,,,,2328000000,-0.115,2326000000,-0.116,,1590000000,,113.69,110.83,0.194,0.225,0.413,,10852000000,8680000000,0.797,617.27,8652000000,2686000000,111000000,-709000000,7651000000,,0.440,,,,,,true,false,12,2019-04-01,2020-03-31,-1
2021-05-07,23260,2022-03-31,,3900000000,0.257,,,,,1470000000,0.122,1470000000,0.117,,1020000000,,72.71,,,,,,,,,,,,,,,,,,,,,,true,true,6,2021-04-01,2021-09-30,1
2021-05-07,23260,2022-03-31,,8700000000,0.275,,,,,3700000000,0.243,3700000000,0.237,,2550000000,,181.77,,,,,,,,,,,,,,,,0.358,,,,,,true,true,12,2021-04-01,2022-03-31,1
2021-05-07,23260,2021-03-31,,6074000000,0.138,,,,,2947000000,0.250,2964000000,0.256,2044000000,,0.267,145.81,142.38,,,,,14751000000,10078000000,0.683,717.78,10069000000,,,,,55.00,,,,14133000,104462,14022503,false,false,12,2020-04-01,2021-03-31,0
2021-05-07,23260,2020-03-31,,5336000000,-0.072,,,,,2357000000,-0.150,2359000000,-0.151,1613000000,,-0.096,115.29,112.39,,,,,10839000000,8714000000,0.802,620.45,8696000000,,,,,50.00,,,,14133000,116042,13991859,false,false,12,2019-04-01,2020-03-31,-1
2021-05-07,23260,2022-03-31,,3350000000,0.198,,,,,,,1470000000,0.103,1020000000,,0.103,72.71,,,,,,,,,,,,,,,,,,,,,,false,true,6,2021-04-01,2021-09-30,1
2021-05-07,23260,2022-03-31,,7450000000,0.226,,,,,,,3600000000,0.215,2450000000,,0.198,174.64,,,,,,,,,,,,,,,65.00,,,,,,,false,true,12,2021-04-01,2022-03-31,1
2021-07-30,23260,2022-03-31,1,1919000000,0.357,,,,,731000000,0.508,732000000,0.498,,506000000,,36.13,35.29,,,,,16476000000,10157000000,0.615,722.42,10137000000,,,,,,,,,,,,true,false,3,2021-04-01,2021-06-30,0
2021-07-30,23260,2021-03-31,1,1413000000,0.132,,,,,485000000,0.172,489000000,0.188,,334000000,,23.86,23.33,,,,,,,,,,,,,,,,,,,,,true,false,3,2020-04-01,2020-06-30,-1
2021-07-30,23260,2022-03-31,1,3900000000,0.257,,,,,1470000000,0.122,1470000000,0.117,,1020000000,,72.71,,,,,,,,,,,,,,,,,,,,,,true,true,6,2021-04-01,2021-09-30,0
2021-07-30,23260,2022-03-31,1,8700000000,0.275,,,,,3700000000,0.243,3700000000,0.237,,2550000000,,181.77,,,,,,,,,,,,,,,,,,,,,,true,true,12,2021-04-01,2022-03-31,0
2021-07-30,23260,2021-03-31,1,,,,,,,,,,,,,,,,,,,,14856000000,10062000000,0.676,715.79,10041000000,,,,,,,,,,,,true,false,12,2020-04-01,2021-03-31,-1
2021-07-30,23260,2021-03-31,1,,,,,,,,,,,,,,,,,,,,,,,,,,,,,55.00,,,,14133000,104462,,false,false,12,2020-04-01,2021-03-31,-1
2021-07-30,23260,2022-03-31,1,,,,,,,,,,,,,,,,,,,,,,,,,,,,,65.00,,,,,,,false,true,12,2021-04-01,2022-03-31,0
2021-07-30,23260,2022-03-31,1,,,,,,,,,,,,,,,,,,,,,,,,,,,,,,,,,14133000,100396,14031398,false,false,3,2021-04-01,2021-06-30,0
2021-07-30,23260,2021-03-31,1,,,,,,,,,,,,,,,,,,,,,,,,,,,,,,,,,,,14017028,false,false,3,2020-04-01,2020-06-30,-1
2021-10-29,23260,2022-03-31,2,4552000000,0.468,,,,,2079000000,0.587,2080000000,0.580,,1433000000,,102.16,99.81,,,,,18588000000,11093000000,0.595,788.58,11066000000,,,,,,,,,,,,true,false,6,2021-04-01,2021-09-30,0
2021-10-29,23260,2021-03-31,2,3101000000,0.122,,,,,1310000000,0.195,1316000000,0.205,,908000000,,64.84,63.35,,,,,,,,,,,,,,,,,,,,,true,false,6,2020-04-01,2020-09-30,-1
2021-10-29,23260,2022-03-31,2,9000000000,0.319,,,,,4000000000,0.343,4000000000,0.337,,2770000000,,197.40,,,,,,,,,,,,,,,,,,,,,,true,true,12,2021-04-01,2022-03-31,0
2021-10-29,23260,2021-03-31,2,,,,,,,,,,,,,,,,,,,,14856000000,10062000000,0.676,715.79,10041000000,,,,,,,,,,,,true,false,12,2020-04-01,2021-03-31,-1
2021-10-29,23260,2021-03-31,2,,,,,,,,,,,,,,,,,,,,,,,,,,,,,55.00,,,,14133000,104462,,false,false,12,2020-04-01,2021-03-31,-1
2021-10-29,23260,2022-03-31,2,,,,,,,,,,,,,,,,,,,,,,,,,,,,,60.00,,,,,,,false,false,12,2021-04-01,2022-03-31,0
2021-10-29,23260,2022-03-31,2,,,,,,,,,,,,,,,,,,,,,,,,,,,,,95.00,,,,,,,false,true,12,2021-04-01,2022-03-31,0
2021-10-29,23260,2022-03-31,2,,,,,,,,,,,,,,,,,,,,,,,,,,,,,,,,,14133000,99531,14032314,false,false,6,2021-04-01,2021-09-30,0
2021-10-29,23260,2021-03-31,2,,,,,,,,,,,,,,,,,,,,,,,,,,,,,,,,,,,14018558,false,false,6,2020-04-01,2020-09-30,-1
2021-10-29,23260,2022-03-31,2,4552000000,0.468,,,,,2079000000,0.587,2080000000,0.580,,1433000000,,102.16,99.81,,,,,18588000000,11093000000,0.595,788.58,11066000000,,,,,,,,,,,,true,false,6,2021-04-01,2021-09-30,0
2021-10-29,23260,2021-03-31,2,3101000000,0.122,,,,,1310000000,0.195,1316000000,0.205,,908000000,,64.84,63.35,,,,,,,,,,,,,,,,,,,,,true,false,6,2020-04-01,2020-09-30,-1
2021-10-29,23260,2022-03-31,2,9000000000,0.319,,,,,4000000000,0.343,4000000000,0.337,,2770000000,,197.40,,,,,,,,,,,,,,,,,,,,,,true,true,12,2021-04-01,2022-03-31,0
2021-10-29,23260,2021-03-31,2,,,,,,,,,,,,,,,,,,,,14856000000,10062000000,0.676,715.79,10041000000,,,,,,,,,,,,true,false,12,2020-04-01,2021-03-31,-1
2021-10-29,23260,2021-03-31,2,,,,,,,,,,,,,,,,,,,,,,,,,,,,,55.00,,,,14133000,104462,,false,false,12,2020-04-01,2021-03-31,-1
2021-10-29,23260,2022-03-31,2,,,,,,,,,,,,,,,,,,,,,,,,,,,,,30.00,,,,,,,false,false,12,2021-04-01,2022-03-31,0
2021-10-29,23260,2022-03-31,2,,,,,,,,,,,,,,,,,,,,,,,,,,,,,65.00,,,,,,,false,true,12,2021-04-01,2022-03-31,0
2021-10-29,23260,2022-03-31,2,,,,,,,,,,,,,,,,,,,,,,,,,,,,,,,,,14133000,99531,14032314,false,false,6,2021-04-01,2021-09-30,0
2021-10-29,23260,2021-03-31,2,,,,,,,,,,,,,,,,,,,,,,,,,,,,,,,,,,,14018558,false,false,6,2020-04-01,2020-09-30,-1
2021-10-29,23260,2022-03-31,,7850000000,0.054,,,,,,,3900000000,0.083,2690000000,,0.098,191.70,,,,,,,,,,,,,,,,,,,,,,false,true,12,2021-04-01,2022-03-31,0
2021-10-29,23260,2021-03-31,,6074000000,,,,,,,,2964000000,,2044000000,,,145.81,,,,,,,,,,,,,,,,,,,,,,false,false,12,2020-04-01,2021-03-31,-1
2022-01-31,23260,2022-03-31,3,6686000000,0.407,,,,,3024000000,0.533,3027000000,0.527,,2081000000,,148.34,144.89,,,,,18233000000,11325000000,0.620,804.99,11297000000,,,,,,,,,,,,true,false,9,2021-04-01,2021-12-31,0
2022-01-31,23260,2021-03-31,3,4750000000,0.147,,,,,1973000000,0.197,1982000000,0.202,,1363000000,,97.22,94.97,,,,,,,,,,,,,,,,,,,,,true,false,9,2020-04-01,2020-12-31,-1
2022-01-31,23260,2022-03-31,3,9000000000,0.319,,,,,4000000000,0.343,4000000000,0.337,,2770000000,,197.40,,,,,,,,,,,,,,,,,,,,,,true,true,12,2021-04-01,2022-03-31,0
2022-01-31,23260,2021-03-31,3,,,,,,,,,,,,,,,,,,,,14856000000,10062000000,0.676,715.79,10041000000,,,,,,,,,,,,true,false,12,2020-04-01,2021-03-31,-1
2022-01-31,23260,2021-03-31,3,,,,,,,,,,,,,,,,,,,,,,,,,,,,,55.00,,,,14133000,104462,,false,false,12,2020-04-01,2021-03-31,-1
2022-01-31,23260,2022-03-31,3,,,,,,,,,,,,,,,,,,,,,,,,,,,,,30.00,,,,,,,false,false,12,2021-04-01,2022-03-31,0
2022-01-31,23260,2022-03-31,3,,,,,,,,,,,,,,,,,,,,,,,,,,,,,70.00,,,,,,,false,true,12,2021-04-01,2022-03-31,0
2022-01-31,23260,2022-03-31,3,,,,,,,,,,,,,,,,,,,,,,,,,,,,,,,,,14133000,98331,14032979,false,false,9,2021-04-01,2021-12-31,0
2022-01-31,23260,2021-03-31,3,,,,,,,,,,,,,,,,,,,,,,,,,,,,,,,,,,,14020719,false,false,9,2020-04-01,2020-12-31,-1
2022-05-10,23260,2022-03-31,,9051000000,0.326,,,,,4126000000,0.386,4135000000,0.382,,2900000000,,206.71,202.03,0.262,0.242,0.456,,19341000000,12159000000,0.627,863.96,12129000000,6169000000,-978000000,-810000000,15773000000,,0.339,,,,,,true,false,12,2021-04-01,2022-03-31,0
2022-05-10,23260,2021-03-31,,6825000000,0.210,,,,,2977000000,0.279,2991000000,0.286,,2059000000,,146.90,143.45,0.220,0.233,0.436,,14856000000,10062000000,0.676,715.79,10041000000,5221000000,-830000000,-671000000,11382000000,,0.374,,,,,,true,false,12,2020-04-01,2021-03-31,-1
2022-05-10,23260,2023-03-31,,10500000000,0.160,,,,,4700000000,0.139,4700000000,0.137,,3250000000,,231.49,,,,,,,,,,,,,,,,0.324,,,,,,true,true,12,2022-04-01,2023-03-31,1
2022-05-10,23260,2022-03-31,,8003000000,0.318,,,,,4040000000,0.371,4052000000,0.367,2832000000,,0.385,201.83,197.26,,,,,19138000000,12097000000,0.631,860.82,12085000000,,,,,70.00,,,,14133000,93731,14034190,false,false,12,2021-04-01,2022-03-31,0
2022-05-10,23260,2021-03-31,,6074000000,0.138,,,,,2947000000,0.250,2964000000,0.256,2044000000,,0.267,145.81,142.38,,,,,14751000000,10078000000,0.683,717.78,10069000000,,,,,55.00,,,,14133000,104462,14022503,false,false,12,2020-04-01,2021-03-31,-1
2022-05-10,23260,2023-03-31,,9000000000,0.124,,,,,,,4600000000,0.135,3200000000,,0.130,227.93,,,,,,,,,,,,,,,75.00,,,,,,,false,true,12,2022-04-01,2023-03-31,1
2022-07-29,23260,2023-03-31,1,2386000000,0.243,,,,,1009000000,0.380,1019000000,0.391,,702000000,,50.00,48.99,,,,,19204000000,12304000000,0.639,874.20,12273000000,,,,,,,,,,,,true,false,3,2022-04-01,2022-06-30,0
2022-07-29,23260,2022-03-31,1,1919000000,0.357,,,,,731000000,0.508,732000000,0.498,,506000000,,36.13,35.29,,,,,,,,,,,,,,,,,,,,,true,false,3,2021-04-01,2021-06-30,-1
2022-07-29,23260,2023-03-31,1,10500000000,0.160,,,,,4700000000,0.139,4700000000,0.137,,3250000000,,231.49,,,,,,,,,,,,,,,,,,,,,,true,true,12,2022-04-01,2023-03-31,0
2022-07-29,23260,2022-03-31,1,,,,,,,,,,,,,,,,,,,,19341000000,12159000000,0.627,863.96,12129000000,,,,,,,,,,,,true,false,12,2021-04-01,2022-03-31,-1
2022-07-29,23260,2022-03-31,1,,,,,,,,,,,,,,,,,,,,,,,,,,,,,70.00,,,,14133000,93731,,false,false,12,2021-04-01,2022-03-31,-1
2022-07-29,23260,2023-03-31,1,,,,,,,,,,,,,,,,,,,,,,,,,,,,,75.00,,,,,,,false,true,12,2022-04-01,2023-03-31,0
2022-07-29,23260,2023-03-31,1,,,,,,,,,,,,,,,,,,,,,,,,,,,,,,,,,14133000,93769,14039243,false,false,3,2022-04-01,2022-06-30,0
2022-07-29,23260,2022-03-31,1,,,,,,,,,,,,,,,,,,,,,,,,,,,,,,,,,,,14031398,false,false,3,2021-04-01,2021-06-30,-1
2022-10-31,23260,2023-03-31,2,5084000000,0.117,,,,,2247000000,0.081,2263000000,0.088,,1558000000,,111.03,108.82,,,,,20305000000,13164000000,0.647,935.35,13131000000,,,,,,,,,,,,true,false,6,2022-04-01,2022-09-30,0
2022-10-31,23260,2022-03-31,2,4552000000,0.468,,,,,2079000000,0.587,2080000000,0.580,,1433000000,,102.16,99.81,,,,,,,,,,,,,,,,,,,,,true,false,6,2021-04-01,2021-09-30,-1
2022-10-31,23260,2023-03-31,2,10500000000,0.160,,,,,4700000000,0.139,4700000000,0.137,,3250000000,,231.49,,,,,,,,,,,,,,,,,,,,,,true,true,12,2022-04-01,2023-03-31,0
2022-10-31,23260,2022-03-31,2,,,,,,,,,,,,,,,,,,,,19341000000,12159000000,0.627,863.96,12129000000,,,,,,,,,,,,true,false,12,2021-04-01,2022-03-31,-1
2022-10-31,23260,2022-03-31,2,,,,,,,,,,,,,,,,,,,,,,,,,,,,,70.00,,,,14133000,93731,,false,false,12,2021-04-01,2022-03-31,-1
2022-10-31,23260,2023-03-31,2,,,,,,,,,,,,,,,,,,,,,,,,,,,,,35.00,,,,,,,false,false,12,2022-04-01,2023-03-31,0
2022-10-31,23260,2023-03-31,2,,,,,,,,,,,,,,,,,,,,,,,,,,,,,75.00,,,,,,,false,true,12,2022-04-01,2023-03-31,0
2022-10-31,23260,2023-03-31,2,,,,,,,,,,,,,,,,,,,,,,,,,,,,,,,,,14133000,93798,14039231,false,false,6,2022-04-01,2022-09-30,0
2022-10-31,23260,2022-03-31,2,,,,,,,,,,,,,,,,,,,,,,,,,,,,,,,,,,,14032314,false,false,6,2021-04-01,2021-09-30,-1
2023-01-31,23260,2023-03-31,3,7658000000,0.145,,,,,3228000000,0.067,3241000000,0.070,,2235000000,,159.25,156.10,,,,,19840000000,13347000000,0.671,948.36,13314000000,,,,,,,,,,,,true,false,9,2022-04-01,2022-12-31,0
2023-01-31,23260,2022-03-31,3,6686000000,0.407,,,,,3024000000,0.533,3027000000,0.527,,2081000000,,148.34,144.89,,,,,,,,,,,,,,,,,,,,,true,false,9,2021-04-01,2021-12-31,-1
2023-01-31,23260,2023-03-31,3,10500000000,0.160,,,,,4700000000,0.139,4700000000,0.137,,3250000000,,231.49,,,,,,,,,,,,,,,,,,,,,,true,true,12,2022-04-01,2023-03-31,0
2023-01-31,23260,2022-03-31,3,,,,,,,,,,,,,,,,,,,,19341000000,12159000000,0.627,863.96,12129000000,,,,,,,,,,,,true,false,12,2021-04-01,2022-03-31,-1
2023-01-31,23260,2022-03-31,3,,,,,,,,,,,,,,,,,,,,,,,,,,,,,70.00,,,,14133000,93731,,false,false,12,2021-04-01,2022-03-31,-1
2023-01-31,23260,2023-03-31,3,,,,,,,,,,,,,,,,,,,,,,,,,,,,,35.00,,,,,,,false,false,12,2022-04-01,2023-03-31,0
2023-01-31,23260,2023-03-31,3,,,,,,,,,,,,,,,,,,,,,,,,,,,,,75.00,,,,,,,false,true,12,2022-04-01,2023-03-31,0
2023-01-31,23260,2023-03-31,3,,,,,,,,,,,,,,,,,,,,,,,,,,,,,,,,,14133000,93833,14039217,false,false,9,2022-04-01,2022-12-31,0
2023-01-31,23260,2022-03-31,3,,,,,,,,,,,,,,,,,,,,,,,,,,,,,,,,,,,14032979,false,false,9,2021-04-01,2021-12-31,-1
2023-05-09,23260,2023-03-31,,10436000000,0.153,,,,,4413000000,0.070,4429000000,0.071,,3062000000,,218.12,213.92,0.233,0.219,0.423,,21149000000,14173000000,0.669,1007.27,14141000000,3147000000,-867000000,-1051000000,17018000000,,0.344,,,,,,true,false,12,2022-04-01,2023-03-31,0
2023-05-09,23260,2022-03-31,,9051000000,0.326,,,,,4126000000,0.386,4135000000,0.382,,2900000000,,206.71,202.03,0.262,0.242,0.456,,19341000000,12159000000,0.627,863.96,12129000000,6169000000,-978000000,-810000000,15773000000,,0.339,,,,,,true,false,12,2021-04-01,2022-03-31,-1
2023-05-09,23260,2024-03-31,,11500000000,0.102,,,,,5150000000,0.167,5150000000,0.163,,3550000000,,252.86,,,,,,,,,,,,,,,,0.316,,,,,,true,true,12,2023-04-01,2024-03-31,1
2023-05-09,23260,2023-03-31,,8984000000,0.123,,,,,4395000000,0.088,4407000000,0.088,3048000000,,0.076,217.15,212.97,,,,,20780000000,14091000000,0.678,1002.92,14080000000,,,,,75.00,,,,14133000,93833,14039205,false,false,12,2022-04-01,2023-03-31,0
2023-05-09,23260,2022-03-31,,8003000000,0.318,,,,,4040000000,0.371,4052000000,0.367,2832000000,,0.385,201.83,197.26,,,,,19138000000,12097000000,0.631,860.82,12085000000,,,,,70.00,,,,14133000,93731,14034190,false,false,12,2021-04-01,2022-03-31,-1
2023-05-09,23260,2024-03-31,,10000000000,0.113,,,,,,,5000000000,0.134,3450000000,,0.132,245.74,,,,,,,,,,,,,,,80.00,,,,,,,false,true,12,2023-04-01,2024-03-31,1
2023-07-31,23260,2024-03-31,1,2541000000,0.065,,,,,872000000,-0.135,885000000,-0.132,,614000000,,43.87,43.08,,,,,20446000000,13909000000,0.679,992.45,13877000000,,,,,,,,,,,,true,false,3,2023-04-01,2023-06-30,0
2023-07-31,23260,2023-03-31,1,2386000000,0.243,,,,,1009000000,0.380,1019000000,0.391,,702000000,,50.00,48.99,,,,,,,,,,,,,,,,,,,,,true,false,3,2022-04-01,2022-06-30,-1
2023-07-31,23260,2024-03-31,1,11500000000,0.102,,,,,5150000000,0.167,5150000000,0.163,,3550000000,,252.86,,,,,,,,,,,,,,,,,,,,,,true,true,12,2023-04-01,2024-03-31,0
2023-07-31,23260,2023-03-31,1,,,,,,,,,,,,,,,,,,,,21149000000,14173000000,0.669,1007.27,14141000000,,,,,,,,,,,,true,false,12,2022-04-01,2023-03-31,-1
2023-07-31,23260,2023-03-31,1,,,,,,,,,,,,,,,,,,,,,,,,,,,,,75.00,,,,14133000,93833,,false,false,12,2022-04-01,2023-03-31,-1
2023-07-31,23260,2024-03-31,1,,,,,,,,,,,,,,,,,,,,,,,,,,,,,80.00,,,,,,,false,true,12,2023-04-01,2024-03-31,0
2023-07-31,23260,2024-03-31,1,,,,,,,,,,,,,,,,,,,,,,,,,,,,,,,,,14133000,150133,14018845,false,false,3,2023-04-01,2023-06-30,0
2023-07-31,23260,2023-03-31,1,,,,,,,,,,,,,,,,,,,,,,,,,,,,,,,,,,,14039243,false,false,3,2022-04-01,2022-06-30,-1
2023-10-31,23260,2024-03-31,2,5563000000,0.094,,,,,2188000000,-0.026,2201000000,-0.027,,1521000000,,108.90,107.02,,,,,20896000000,14262000000,0.681,1025.71,14229000000,,,,,,,,,,,,true,false,6,2023-04-01,2023-09-30,0
2023-10-31,23260,2023-03-31,2,5084000000,0.117,,,,,2247000000,0.081,2263000000,0.088,,1558000000,,111.03,108.82,,,,,,,,,,,,,,,,,,,,,true,false,6,2022-04-01,2022-09-30,-1
2023-10-31,23260,2024-03-31,2,11500000000,0.102,,,,,5150000000,0.167,5150000000,0.163,,3550000000,,252.86,,,,,,,,,,,,,,,,,,,,,,true,true,12,2023-04-01,2024-03-31,0
2023-10-31,23260,2023-03-31,2,,,,,,,,,,,,,,,,,,,,21149000000,14173000000,0.669,1007.27,14141000000,,,,,,,,,,,,true,false,12,2022-04-01,2023-03-31,-1
2023-10-31,23260,2023-03-31,2,,,,,,,,,,,,,,,,,,,,,,,,,,,,,75.00,,,,14133000,93833,,false,false,12,2022-04-01,2023-03-31,-1
2023-10-31,23260,2024-03-31,2,,,,,,,,,,,,,,,,,,,,,,,,,,,,,40.00,,,,,,,false,false,12,2023-04-01,2024-03-31,0
2023-10-31,23260,2024-03-31,2,,,,,,,,,,,,,,,,,,,,,,,,,,,,,80.00,,,,,,,false,true,12,2023-04-01,2024-03-31,0
2023-10-31,23260,2024-03-31,2,,,,,,,,,,,,,,,,,,,,,,,,,,,,,,,,,14133000,259930,13972909,false,false,6,2023-04-01,2023-09-30,0
2023-10-31,23260,2023-03-31,2,,,,,,,,,,,,,,,,,,,,,,,,,,,,,,,,,,,14039231,false,false,6,2022-04-01,2022-09-30,-1
2024-01-31,23260,2024-03-31,3,8322000000,0.087,,,,,3122000000,-0.033,3132000000,-0.034,,2162000000,,155.38,152.80,,,,,19717000000,13803000000,0.698,1001.13,13768000000,,,,,,,,,,,,true,false,9,2023-04-01,2023-12-31,0
2024-01-31,23260,2023-03-31,3,7658000000,0.145,,,,,3228000000,0.067,3241000000,0.070,,2235000000,,159.25,156.10,,,,,,,,,,,,,,,,,,,,,true,false,9,2022-04-01,2022-12-31,-1
2024-01-31,23260,2024-03-31,3,11500000000,0.102,,,,,5150000000,0.167,5150000000,0.163,,3550000000,,252.86,,,,,,,,,,,,,,,,,,,,,,true,true,12,2023-04-01,2024-03-31,0
2024-01-31,23260,2023-03-31,3,,,,,,,,,,,,,,,,,,,,21149000000,14173000000,0.669,1007.27,14141000000,,,,,,,,,,,,true,false,12,2022-04-01,2023-03-31,-1
2024-01-31,23260,2023-03-31,3,,,,,,,,,,,,,,,,,,,,,,,,,,,,,75.00,,,,14133000,93833,,false,false,12,2022-04-01,2023-03-31,-1
2024-01-31,23260,2024-03-31,3,,,,,,,,,,,,,,,,,,,,,,,,,,,,,40.00,,,,,,,false,false,12,2023-04-01,2024-03-31,0
2024-01-31,23260,2024-03-31,3,,,,,,,,,,,,,,,,,,,,,,,,,,,,,80.00,,,,,,,false,true,12,2023-04-01,2024-03-31,0
2024-01-31,23260,2024-03-31,3,,,,,,,,,,,,,,,,,,,,,,,,,,,,,,,,,14133000,379630,13919043,false,false,9,2023-04-01,2023-12-31,0
2024-01-31,23260,2023-03-31,3,,,,,,,,,,,,,,,,,,,,,,,,,,,,,,,,,,,14039217,false,false,9,2022-04-01,2022-12-31,-1
2024-02-14,23260,2024-03-31,,11500000000,,,,,,5150000000,,5150000000,,,4880000000,,354.82,,,,,,,,,,,,,,,,,,,,,,true,true,12,2023-04-01,2024-03-31,0
2024-02-14,23260,2023-03-31,,10436000000,,,,,,4413000000,,4429000000,,,3062000000,,218.12,,,,,,,,,,,,,,,,,,,,,,true,false,12,2022-04-01,2023-03-31,-1
2024-02-14,23260,2024-03-31,,10000000000,,,,,,5000000000,,5000000000,,4930000000,,0.429,358.46,,,,,,,,,,,,,,,,,,,,,,false,true,12,2023-04-01,2024-03-31,0
2024-02-14,23260,2023-03-31,,8984000000,,,,,,4395000000,,4407000000,,3048000000,,,217.15,,,,,,,,,,,,,,,,,,,,,,false,false,12,2022-04-01,2023-03-31,-1
2024-05-08,23260,2024-03-31,,11512000000,0.103,,,,,4427000000,0.003,4443000000,0.003,,4377000000,,315.46,310.30,0.291,0.204,0.385,,22518000000,15998000000,0.710,1162.40,15986000000,2830000000,1012000000,-2545000000,18339000000,,0.254,,,,,,true,false,12,2023-04-01,2024-03-31,0
2024-05-08,23260,2023-03-31,,10436000000,0.153,,,,,4413000000,0.070,4429000000,0.071,,3062000000,,218.12,213.92,0.233,0.219,0.423,,21149000000,14173000000,0.669,1007.27,14141000000,3147000000,-867000000,-1051000000,17018000000,,0.344,,,,,,true,false,12,2022-04-01,2023-03-31,-1
2024-05-08,23260,2025-03-31,,10720000000,-0.069,,,,,5140000000,0.161,5140000000,0.157,,3540000000,,257.39,,,,,,,,,,,,,,,,0.330,,,,,,true,true,12,2024-04-01,2025-03-31,1
2024-05-08,23260,2024-03-31,,9304000000,0.036,,,,,4330000000,-0.015,4348000000,-0.013,4536000000,,0.488,326.90,321.55,,,,,22595000000,16091000000,0.712,1169.18,16080000000,,,,,80.00,,,,14133000,379630,13877851,false,false,12,2023-04-01,2024-03-31,0
2024-05-08,23260,2023-03-31,,8984000000,0.123,,,,,4395000000,0.088,4407000000,0.088,3048000000,,0.076,217.15,212.97,,,,,20780000000,14091000000,0.678,1002.92,14080000000,,,,,75.00,,,,14133000,93833,14039205,false,false,12,2022-04-01,2023-03-31,-1
2024-05-08,23260,2025-03-31,,10710000000,0.151,,,,,,,5150000000,0.184,3550000000,,-0.217,258.12,,,,,,,,,,,,,,,85.00,,,,,,,false,true,12,2024-04-01,2025-03-31,1
2024-07-31,23260,2025-03-31,1,2234000000,-0.121,,,,,838000000,-0.039,847000000,-0.043,,584000000,,42.50,41.96,,,,,21471000000,15967000000,0.743,1161.63,15955000000,,,,,,,,,,,,true,false,3,2024-04-01,2024-06-30,0
2024-07-31,23260,2024-03-31,1,2541000000,0.065,,,,,872000000,-0.135,885000000,-0.132,,614000000,,43.87,43.08,,,,,,,,,,,,,,,,,,,,,true,false,3,2023-04-01,2023-06-30,-1
2024-07-31,23260,2025-03-31,1,10720000000,-0.069,,,,,5140000000,0.161,5140000000,0.157,,3540000000,,257.39,,,,,,,,,,,,,,,,,,,,,,true,true,12,2024-04-01,2025-03-31,0
2024-07-31,23260,2024-03-31,1,,,,,,,,,,,,,,,,,,,,22518000000,15998000000,0.710,1162.40,15986000000,,,,,,,,,,,,true,false,12,2023-04-01,2024-03-31,-1
2024-07-31,23260,2024-03-31,1,,,,,,,,,,,,,,,,,,,,,,,,,,,,,80.00,,,,14133000,379630,,false,false,12,2023-04-01,2024-03-31,-1
2024-07-31,23260,2025-03-31,1,,,,,,,,,,,,,,,,,,,,,,,,,,,,,85.00,,,,,,,false,true,12,2024-04-01,2025-03-31,0
2024-07-31,23260,2025-03-31,1,,,,,,,,,,,,,,,,,,,,,,,,,,,,,,,,,14133000,397130,13751364,false,false,3,2024-04-01,2024-06-30,0
2024-07-31,23260,2024-03-31,1,,,,,,,,,,,,,,,,,,,,,,,,,,,,,,,,,,,14018845,false,false,3,2023-04-01,2023-06-30,-1
2024-10-31,23260,2025-03-31,2,4838000000,-0.130,,,,,2052000000,-0.062,2053000000,-0.067,,1417000000,,103.41,101.96,,,,,22016000000,16370000000,0.743,1199.20,16358000000,,,,,,,,,,,,true,false,6,2024-04-01,2024-09-30,0
2024-10-31,23260,2024-03-31,2,5563000000,0.094,,,,,2188000000,-0.026,2201000000,-0.027,,1521000000,,108.90,107.02,,,,,,,,,,,,,,,,,,,,,true,false,6,2023-04-01,2023-09-30,-1
2024-10-31,23260,2025-03-31,2,10720000000,-0.069,,,,,5140000000,0.161,5140000000,0.157,,3540000000,,257.39,,,,,,,,,,,,,,,,,,,,,,true,true,12,2024-04-01,2025-03-31,0
2024-10-31,23260,2024-03-31,2,,,,,,,,,,,,,,,,,,,,22518000000,15998000000,0.710,1162.40,15986000000,,,,,,,,,,,,true,false,12,2023-04-01,2024-03-31,-1
2024-10-31,23260,2024-03-31,2,,,,,,,,,,,,,,,,,,,,,,,,,,,,,80.00,,,,14133000,379630,,false,false,12,2023-04-01,2024-03-31,-1
2024-10-31,23260,2025-03-31,2,,,,,,,,,,,,,,,,,,,,,,,,,,,,,40.00,,,,,,,false,false,12,2024-04-01,2025-03-31,0
2024-10-31,23260,2025-03-31,2,,,,,,,,,,,,,,,,,,,,,,,,,,,,,85.00,,,,,,,false,true,12,2024-04-01,2025-03-31,0
2024-10-31,23260,2025-03-31,2,,,,,,,,,,,,,,,,,,,,,,,,,,,,,,,,,14133000,491354,13710741,false,false,6,2024-04-01,2024-09-30,0
2024-10-31,23260,2024-03-31,2,,,,,,,,,,,,,,,,,,,,,,,,,,,,,,,,,,,13972909,false,false,6,2023-04-01,2023-09-30,-1
2025-01-31,23260,2025-03-31,3,7274000000,-0.126,,,,,3145000000,0.007,3150000000,0.006,,2174000000,,158.89,156.37,,,,,21079000000,16603000000,0.786,1214.95,16573000000,,,,,,,,,,,,true,false,9,2024-04-01,2024-12-31,0
2025-01-31,23260,2024-03-31,3,8322000000,0.087,,,,,3122000000,-0.033,3132000000,-0.034,,2162000000,,155.38,152.80,,,,,,,,,,,,,,,,,,,,,true,false,9,2023-04-01,2023-12-31,-1
2025-01-31,23260,2025-03-31,3,10720000000,-0.069,,,,,5140000000,0.161,5140000000,0.157,,3540000000,,257.39,,,,,,,,,,,,,,,,,,,,,,true,true,12,2024-04-01,2025-03-31,0
2025-01-31,23260,2024-03-31,3,,,,,,,,,,,,,,,,,,,,22518000000,15998000000,0.710,1162.40,15986000000,,,,,,,,,,,,true,false,12,2023-04-01,2024-03-31,-1
2025-01-31,23260,2024-03-31,3,,,,,,,,,,,,,,,,,,,,,,,,,,,,,80.00,,,,14133000,379630,,false,false,12,2023-04-01,2024-03-31,-1
2025-01-31,23260,2025-03-31,3,,,,,,,,,,,,,,,,,,,,,,,,,,,,,40.00,,,,,,,false,false,12,2024-04-01,2025-03-31,0
2025-01-31,23260,2025-03-31,3,,,,,,,,,,,,,,,,,,,,,,,,,,,,,85.00,,,,,,,false,true,12,2024-04-01,2025-03-31,0
2025-01-31,23260,2025-03-31,3,,,,,,,,,,,,,,,,,,,,,,,,,,,,,,,,,14133000,491396,13687619,false,false,9,2024-04-01,2024-12-31,0
2025-01-31,23260,2024-03-31,3,,,,,,,,,,,,,,,,,,,,,,,,,,,,,,,,,,,13919043,false,false,9,2023-04-01,2023-12-31,-1
2025-05-08,23260,2025-03-31,,9982000000,-0.133,,,,,4558000000,0.030,4562000000,0.027,,3183000000,,232.79,228.83,0.191,0.202,0.457,,22627000000,17365000000,0.766,1274.46,17336000000,2817000000,-1107000000,-2096000000,17952000000,,0.365,,,,,,true,false,12,2024-04-01,2025-03-31,0
2025-05-08,23260,2024-03-31,,11512000000,0.103,,,,,4427000000,0.003,4443000000,0.003,,4377000000,,315.46,310.30,0.291,0.204,0.385,,22518000000,15998000000,0.710,1162.40,15986000000,2830000000,1012000000,-2545000000,18339000000,,0.254,,,,,,true,false,12,2023-04-01,2024-03-31,-1
2025-05-08,23260,2026-03-31,,12550000000,0.257,,,,,6150000000,0.349,6150000000,0.348,,4200000000,,308.76,,,,,,,,,,,,,,,,0.308,,,,,,true,true,12,2025-04-01,2026-03-31,1
2025-05-08,23260,2025-03-31,,9972000000,0.072,,,,,4562000000,0.054,4569000000,0.051,3187000000,,-0.297,233.13,229.16,,,,,22713000000,17463000000,0.768,1281.69,17434000000,,,,,85.00,,,,14133000,530296,13673529,false,false,12,2024-04-01,2025-03-31,0
2025-05-08,23260,2024-03-31,,9304000000,0.036,,,,,4330000000,-0.015,4348000000,-0.013,4536000000,,0.488,326.90,321.55,,,,,22595000000,16091000000,0.712,1169.18,16080000000,,,,,80.00,,,,14133000,379630,13877851,false,false,12,2023-04-01,2024-03-31,-1
2025-05-08,23260,2026-03-31,,12545000000,0.258,,,,,,,6160000000,0.348,4210000000,,0.321,309.50,,,,,,,,,,,,,,,95.00,,,,,,,false,true,12,2025-04-01,2026-03-31,1
