filing_date,code,fiscal_year_end,quarterly_period,net_sales,net_sales_change,revenue,revenue_change,operating_revenue,operating_revenue_change,operating_profit,operating_profit_change,ordinary_profit,ordinary_profit_change,net_income,net_income_of_parent,net_income_change,eps,diluted_eps,roe,roa,operating_profit_to_net_sales,operating_profit_to_revenue,total_assets,net_assets,equity_ratio,bps,owner_equity,operating_cash_flow,investing_cash_flow,financing_cash_flow,cash,dividend_per_share,payout_ratio,commemorative_dividend,extra_dividend,number_of_shares,number_of_treqsury_shares,avg_number_of_shares,is_consolidated,is_forecast,duration,period_start,period_end,period_pos
2015-07-28,23270,2016-03-31,1,51223000000,0.144,,,,,4660000000,0.565,4855000000,0.543,,2814000000,,60.52,,,,,,161000000000,99120000000,0.592,,95276000000,,,,,,,,,,,,true,false,3,2015-04-01,2015-06-30,0
2015-07-28,23270,2015-03-31,1,44776000000,0.123,,,,,2978000000,0.649,3146000000,0.566,,1742000000,,32.88,,,,,,,,,,,,,,,,,,,,,,true,false,3,2014-04-01,2014-06-30,-1
2015-07-28,23270,2016-03-31,1,101000000000,0.064,,,,,7800000000,0.115,8000000000,0.107,,4700000000,,101.07,,,,,,,,,,,,,,,,,,,,,,true,true,6,2015-04-01,2015-09-30,0
2015-07-28,23270,2016-03-31,1,211000000000,0.023,,,,,17300000000,0.067,17500000000,0.063,,10800000000,,232.24,,,,,,,,,,,,,,,,,,,,,,true,true,12,2015-04-01,2016-03-31,0
2015-07-28,23270,2015-03-31,1,,,,,,,,,,,,,,,,,,,,166283000000,97443000000,0.563,,93554000000,,,,,,,,,,,,true,false,12,2014-04-01,2015-03-31,-1
2015-07-28,23270,2015-03-31,1,,,,,,,,,,,,,,,,,,,,,,,,,,,,,45.00,,,,52999120,6495262,,false,false,12,2014-04-01,2015-03-31,-1
2015-07-28,23270,2016-03-31,1,,,,,,,,,,,,,,,,,,,,,,,,,,,,,70.00,,,,,,,false,true,12,2015-04-01,2016-03-31,0
2015-07-28,23270,2016-03-31,1,,,,,,,,,,,,,,,,,,,,,,,,,,,,,,,,,52999120,6495262,46503858,false,false,3,2015-04-01,2015-06-30,0
2015-07-28,23270,2015-03-31,1,,,,,,,,,,,,,,,,,,,,,,,,,,,,,,,,,,,52997481,false,false,3,2014-04-01,2014-06-30,-1
2015-10-27,23270,2016-03-31,2,106291000000,0.120,,,,,9814000000,0.403,10054000000,0.391,,6027000000,,129.62,,,,,,165458000000,102045000000,0.592,,97981000000,,,,,,,,,,,,true,false,6,2015-04-01,2015-09-30,0
2015-10-27,23270,2015-03-31,2,94891000000,0.165,,,,,6998000000,0.546,7226000000,0.525,,4246000000,,80.12,,,,,,,,,,,,,,,,,,,,,,true,false,6,2014-04-01,2014-09-30,-1
2015-10-27,23270,2016-03-31,2,222000000000,0.076,,,,,20600000000,0.270,21000000000,0.276,,13100000000,,281.70,,,,,,,,,,,,,,,,,,,,,,true,true,12,2015-04-01,2016-03-31,0
2015-10-27,23270,2015-03-31,2,,,,,,,,,,,,,,,,,,,,166283000000,97443000000,0.563,,93554000000,,,,,,,,,,,,true,false,12,2014-04-01,2015-03-31,-1
2015-10-27,23270,2015-03-31,2,,,,,,,,,,,,,,,,,,,,,,,,,,,,,45.00,,,,52999120,6495262,,false,false,12,2014-04-01,2015-03-31,-1
2015-10-27,23270,2016-03-31,2,,,,,,,,,,,,,,,,,,,,,,,,,,,,,42.50,,,,,,,false,false,12,2015-04-01,2016-03-31,0
2015-10-27,23270,2016-03-31,2,,,,,,,,,,,,,,,,,,,,,,,,,,,,,85.00,,,,,,,false,true,12,2015-04-01,2016-03-31,0
2015-10-27,23270,2016-03-31,2,,,,,,,,,,,,,,,,,,,,,,,,,,,,,,,,,52999120,6495262,46503858,false,false,6,2015-04-01,2015-09-30,0
2015-10-27,23270,2015-03-31,2,,,,,,,,,,,,,,,,,,,,,,,,,,,,,,,,,,,52997462,false,false,6,2014-04-01,2014-09-30,-1
,23270,2016-03-31,,,,,,,,,,,,,,,,,,,,,,,,,,,,,,85.00,,,,,,,false,true,12,2015-04-01,2016-03-31,0
,23270,2016-03-31,,,,,,,,,,,,,,,,,,,,,,,,,,,,,,42.50,,,,,,,false,false,12,2015-04-01,2016-03-31,0
,23270,2015-03-31,,,,,,,,,,,,,,,,,,,,,,,,,,,,,,45.00,,,,,,,false,false,12,2014-04-01,2015-03-31,-1
,23270,2016-03-31,,,,,,,,,,,,,,,,,,,,,,,,,,,,,,21.25,,,,,,,false,true,12,2015-04-01,2016-03-31,0
,23270,2016-03-31,,,,,,,,,,,,,,,,,,,,,,,,,,,,,,42.50,,,,,,,false,false,12,2015-04-01,2016-03-31,0
,23270,2015-03-31,,,,,,,,,,,,,,,,,,,,,,,,,,,,,,45.00,,,,,,,false,false,12,2014-04-01,2015-03-31,-1
2016-01-29,23270,2016-03-31,3,156586000000,0.093,,,,,14270000000,0.323,14557000000,0.317,,8855000000,,95.21,,,,,,162823000000,102892000000,0.606,,98717000000,,,,,,,,,,,,true,false,9,2015-04-01,2015-12-31,0
2016-01-29,23270,2015-03-31,3,143217000000,0.176,,,,,10783000000,0.552,11051000000,0.533,,6702000000,,63.24,,,,,,,,,,,,,,,,,,,,,,true,false,9,2014-04-01,2014-12-31,-1
2016-01-29,23270,2016-03-31,3,222000000000,0.076,,,,,20600000000,0.270,21000000000,0.276,,13100000000,,140.85,,,,,,,,,,,,,,,,,,,,,,true,true,12,2015-04-01,2016-03-31,0
2016-01-29,23270,2015-03-31,3,,,,,,,,,,,,,,,,,,,,166283000000,97443000000,0.563,,93554000000,,,,,,,,,,,,true,false,12,2014-04-01,2015-03-31,-1
2016-01-29,23270,2015-03-31,3,,,,,,,,,,,,,,,,,,,,,,,,,,,,,45.00,,,,105998240,12990524,,false,false,12,2014-04-01,2015-03-31,-1
2016-01-29,23270,2016-03-31,3,,,,,,,,,,,,,,,,,,,,,,,,,,,,,42.50,,,,,,,false,false,12,2015-04-01,2016-03-31,0
2016-01-29,23270,2016-03-31,3,,,,,,,,,,,,,,,,,,,,,,,,,,,,,21.25,,,,,,,false,true,12,2015-04-01,2016-03-31,0
2016-01-29,23270,2016-03-31,3,,,,,,,,,,,,,,,,,,,,,,,,,,,,,,,,,105998240,12990720,93007683,false,false,9,2015-04-01,2015-12-31,0
2016-01-29,23270,2015-03-31,3,,,,,,,,,,,,,,,,,,,,,,,,,,,,,,,,,,,105994901,false,false,9,2014-04-01,2014-12-31,-1
2016-04-28,23270,2016-03-31,,218685000000,0.060,,,,,19269000000,0.188,19367000000,0.177,,11168000000,,120.08,,0.115,0.113,0.088,,175696000000,105012000000,0.573,1082.95,100721000000,18247000000,-4839000000,-4013000000,43133000000,,0.354,,,,,,true,false,12,2015-04-01,2016-03-31,0
2016-04-28,23270,2015-03-31,,206295000000,0.146,,,,,16214000000,0.306,16455000000,0.288,,9077000000,,87.34,,0.095,0.100,0.079,,166283000000,97443000000,0.563,1005.88,93554000000,15298000000,1448000000,-22940000000,33762000000,,0.258,,,,,,true,false,12,2014-04-01,2015-03-31,-1
2016-04-28,23270,2017-03-31,,103000000000,-0.031,,,,,8700000000,-0.114,9000000000,-0.105,,5600000000,,60.21,,,,,,,,,,,,,,,,,,,,,,true,true,6,2016-04-01,2016-09-30,1
2016-04-28,23270,2017-03-31,,223000000000,0.020,,,,,20600000000,0.069,21000000000,0.084,,13500000000,,145.15,,,,,,,,,,,,,,,,0.310,,,,,,true,true,12,2016-04-01,2017-03-31,1
2016-04-28,23270,2015-03-31,,,,,,,,,,,,,,,,,,,,,,,,,,,,,,45.00,,,,105998240,12990524,103931196,false,false,12,2014-04-01,2015-03-31,-1
2016-04-28,23270,2016-03-31,,,,,,,,,,,,,,,,,,,,,,,,,,,,,,21.25,,,,105998240,12991324,93007509,false,false,12,2015-04-01,2016-03-31,0
2016-04-28,23270,2017-03-31,,,,,,,,,,,,,,,,,,,,,,,,,,,,,,45.00,,,,,,,false,true,12,2016-04-01,2017-03-31,1
2016-07-28,23270,2017-03-31,1,50025000000,-0.023,,,,,4610000000,-0.011,4870000000,0.003,,2972000000,,31.96,,,,,,171260000000,106696000000,0.599,,102551000000,,,,,,,,,,,,true,false,3,2016-04-01,2016-06-30,0
2016-07-28,23270,2016-03-31,1,51223000000,0.144,,,,,4660000000,0.565,4855000000,0.543,,2814000000,,30.26,,,,,,,,,,,,,,,,,,,,,,true,false,3,2015-04-01,2015-06-30,-1
2016-07-28,23270,2017-03-31,1,103000000000,-0.031,,,,,8700000000,-0.114,9000000000,-0.105,,5600000000,,60.21,,,,,,,,,,,,,,,,,,,,,,true,true,6,2016-04-01,2016-09-30,0
2016-07-28,23270,2017-03-31,1,223000000000,0.020,,,,,20600000000,0.069,21000000000,0.084,,13500000000,,145.15,,,,,,,,,,,,,,,,,,,,,,true,true,12,2016-04-01,2017-03-31,0
2016-07-28,23270,2016-03-31,1,,,,,,,,,,,,,,,,,,,,175696000000,105012000000,0.573,,100721000000,,,,,,,,,,,,true,false,12,2015-04-01,2016-03-31,-1
2016-07-28,23270,2016-03-31,1,,,,,,,,,,,,,,,,,,,,,,,,,,,,,21.25,,,,105998240,12991324,,false,false,12,2015-04-01,2016-03-31,-1
2016-07-28,23270,2017-03-31,1,,,,,,,,,,,,,,,,,,,,,,,,,,,,,45.00,,,,,,,false,true,12,2016-04-01,2017-03-31,0
2016-07-28,23270,2017-03-31,1,,,,,,,,,,,,,,,,,,,,,,,,,,,,,,,,,105998240,12991324,93006916,false,false,3,2016-04-01,2016-06-30,0
2016-07-28,23270,2016-03-31,1,,,,,,,,,,,,,,,,,,,,,,,,,,,,,,,,,,,93007716,false,false,3,2015-04-01,2015-06-30,-1
2016-10-28,23270,2017-03-31,2,105855000000,-0.004,,,,,9826000000,0.001,10209000000,0.015,,6598000000,,70.95,,,,,,177900000000,111485000000,0.603,,107209000000,,,,,,,,,,,,true,false,6,2016-04-01,2016-09-30,0
2016-10-28,23270,2016-03-31,2,106291000000,0.120,,,,,9814000000,0.403,10054000000,0.391,,6027000000,,64.81,,,,,,,,,,,,,,,,,,,,,,true,false,6,2015-04-01,2015-09-30,-1
2016-10-28,23270,2017-03-31,2,223000000000,0.020,,,,,20600000000,0.069,21000000000,0.084,,13500000000,,145.15,,,,,,,,,,,,,,,,,,,,,,true,true,12,2016-04-01,2017-03-31,0
2016-10-28,23270,2016-03-31,2,,,,,,,,,,,,,,,,,,,,175696000000,105012000000,0.573,,100721000000,,,,,,,,,,,,true,false,12,2015-04-01,2016-03-31,-1
2016-10-28,23270,2016-03-31,2,,,,,,,,,,,,,,,,,,,,,,,,,,,,,21.25,,,,105998240,12991324,,false,false,12,2015-04-01,2016-03-31,-1
2016-10-28,23270,2017-03-31,2,,,,,,,,,,,,,,,,,,,,,,,,,,,,,22.50,,,,,,,false,false,12,2016-04-01,2017-03-31,0
2016-10-28,23270,2017-03-31,2,,,,,,,,,,,,,,,,,,,,,,,,,,,,,45.00,,,,,,,false,true,12,2016-04-01,2017-03-31,0
2016-10-28,23270,2017-03-31,2,,,,,,,,,,,,,,,,,,,,,,,,,,,,,,,,,105998240,12991324,93006916,false,false,6,2016-04-01,2016-09-30,0
2016-10-28,23270,2016-03-31,2,,,,,,,,,,,,,,,,,,,,,,,,,,,,,,,,,,,93007716,false,false,6,2015-04-01,2015-09-30,-1
2017-01-31,23270,2017-03-31,3,158701000000,0.014,,,,,15083000000,0.057,15524000000,0.066,,10104000000,,108.65,,,,,,178288000000,114936000000,0.620,,110488000000,,,,,,,,,,,,true,false,9,2016-04-01,2016-12-31,0
2017-01-31,23270,2016-03-31,3,156586000000,0.093,,,,,14270000000,0.323,14557000000,0.317,,8855000000,,95.21,,,,,,,,,,,,,,,,,,,,,,true,false,9,2015-04-01,2015-12-31,-1
2017-01-31,23270,2017-03-31,3,223000000000,0.020,,,,,20600000000,0.069,21000000000,0.084,,13500000000,,145.15,,,,,,,,,,,,,,,,,,,,,,true,true,12,2016-04-01,2017-03-31,0
2017-01-31,23270,2016-03-31,3,,,,,,,,,,,,,,,,,,,,175696000000,105012000000,0.573,,100721000000,,,,,,,,,,,,true,false,12,2015-04-01,2016-03-31,-1
2017-01-31,23270,2016-03-31,3,,,,,,,,,,,,,,,,,,,,,,,,,,,,,21.25,,,,105998240,12991324,,false,false,12,2015-04-01,2016-03-31,-1
2017-01-31,23270,2017-03-31,3,,,,,,,,,,,,,,,,,,,,,,,,,,,,,22.50,,,,,,,false,false,12,2016-04-01,2017-03-31,0
2017-01-31,23270,2017-03-31,3,,,,,,,,,,,,,,,,,,,,,,,,,,,,,45.00,,,,,,,false,true,12,2016-04-01,2017-03-31,0
2017-01-31,23270,2017-03-31,3,,,,,,,,,,,,,,,,,,,,,,,,,,,,,,,,,105998240,12991444,93006901,false,false,9,2016-04-01,2016-12-31,0
2017-01-31,23270,2016-03-31,3,,,,,,,,,,,,,,,,,,,,,,,,,,,,,,,,,,,93007683,false,false,9,2015-04-01,2015-12-31,-1
2017-04-28,23270,2017-03-31,,232473000000,0.063,,,,,21540000000,0.118,22117000000,0.142,,13964000000,,149.48,,0.126,0.117,0.093,,200811000000,125724000000,0.603,1278.42,121053000000,12449000000,-5359000000,-4912000000,45582000000,,0.301,,,,,,true,false,12,2016-04-01,2017-03-31,0
2017-04-28,23270,2016-03-31,,218685000000,0.060,,,,,19269000000,0.188,19367000000,0.177,,11168000000,,120.08,,0.115,0.113,0.088,,175696000000,105012000000,0.573,1082.95,100721000000,18247000000,-4839000000,-4013000000,43133000000,,0.354,,,,,,true,false,12,2015-04-01,2016-03-31,-1
2017-04-28,23270,2018-03-31,,110000000000,0.039,,,,,10200000000,0.038,10500000000,0.028,,6700000000,,70.76,,,,,,,,,,,,,,,,,,,,,,true,true,6,2017-04-01,2017-09-30,1
2017-04-28,23270,2018-03-31,,235000000000,0.011,,,,,22700000000,0.054,23000000000,0.040,,15000000000,,158.41,,,,,,,,,,,,,,,,0.316,,,,,,true,true,12,2017-04-01,2018-03-31,1
2017-04-28,23270,2016-03-31,,,,,,,,,,,,,,,,,,,,,,,,,,,,,,21.25,,,,105998240,12991324,93007509,false,false,12,2015-04-01,2016-03-31,-1
2017-04-28,23270,2017-03-31,,,,,,,,,,,,,,,,,,,,,,,,,,,,,,45.00,,,,105998240,11308612,93421921,false,false,12,2016-04-01,2017-03-31,0
2017-04-28,23270,2018-03-31,,,,,,,,,,,,,,,,,,,,,,,,,,,,,,50.00,,,,,,,false,true,12,2017-04-01,2018-03-31,1
2017-07-28,23270,2018-03-31,1,58163000000,0.163,,,,,4597000000,-0.003,4900000000,0.006,,2855000000,,30.16,,,,,,203657000000,126742000000,0.600,,122174000000,,,,,,,,,,,,true,false,3,2017-04-01,2017-06-30,0
2017-07-28,23270,2017-03-31,1,50025000000,-0.023,,,,,4610000000,-0.011,4870000000,0.003,,2972000000,,31.96,,,,,,,,,,,,,,,,,,,,,,true,false,3,2016-04-01,2016-06-30,-1
2017-07-28,23270,2018-03-31,1,110000000000,0.039,,,,,10200000000,0.038,10500000000,0.028,,6700000000,,70.76,,,,,,,,,,,,,,,,,,,,,,true,true,6,2017-04-01,2017-09-30,0
2017-07-28,23270,2018-03-31,1,235000000000,0.011,,,,,22700000000,0.054,23000000000,0.040,,15000000000,,158.41,,,,,,,,,,,,,,,,,,,,,,true,true,12,2017-04-01,2018-03-31,0
2017-07-28,23270,2017-03-31,1,,,,,,,,,,,,,,,,,,,,200811000000,125724000000,0.603,,121053000000,,,,,,,,,,,,true,false,12,2016-04-01,2017-03-31,-1
2017-07-28,23270,2017-03-31,1,,,,,,,,,,,,,,,,,,,,,,,,,,,,,45.00,,,,105998240,11308612,,false,false,12,2016-04-01,2017-03-31,-1
2017-07-28,23270,2018-03-31,1,,,,,,,,,,,,,,,,,,,,,,,,,,,,,50.00,,,,,,,false,true,12,2017-04-01,2018-03-31,0
2017-07-28,23270,2018-03-31,1,,,,,,,,,,,,,,,,,,,,,,,,,,,,,,,,,99504740,4815486,94689485,false,false,3,2017-04-01,2017-06-30,0
2017-07-28,23270,2017-03-31,1,,,,,,,,,,,,,,,,,,,,,,,,,,,,,,,,,,,93006916,false,false,3,2016-04-01,2016-06-30,-1
2017-10-27,23270,2018-03-31,2,116554000000,0.101,,,,,10073000000,0.025,10475000000,0.026,,6569000000,,69.38,,,,,,215863000000,135456000000,0.606,,130735000000,,,,,,,,,,,,true,false,6,2017-04-01,2017-09-30,0
2017-10-27,23270,2017-03-31,2,105855000000,-0.004,,,,,9826000000,0.001,10209000000,0.015,,6598000000,,70.95,,,,,,,,,,,,,,,,,,,,,,true,false,6,2016-04-01,2016-09-30,-1
2017-10-27,23270,2018-03-31,2,242000000000,0.041,,,,,22700000000,0.054,23000000000,0.040,,15000000000,,158.41,,,,,,,,,,,,,,,,,,,,,,true,true,12,2017-04-01,2018-03-31,0
2017-10-27,23270,2017-03-31,2,,,,,,,,,,,,,,,,,,,,200811000000,125724000000,0.603,,121053000000,,,,,,,,,,,,true,false,12,2016-04-01,2017-03-31,-1
2017-10-27,23270,2017-03-31,2,,,,,,,,,,,,,,,,,,,,,,,,,,,,,45.00,,,,105998240,11308612,,false,false,12,2016-04-01,2017-03-31,-1
2017-10-27,23270,2018-03-31,2,,,,,,,,,,,,,,,,,,,,,,,,,,,,,25.00,,,,,,,false,false,12,2017-04-01,2018-03-31,0
2017-10-27,23270,2018-03-31,2,,,,,,,,,,,,,,,,,,,,,,,,,,,,,50.00,,,,,,,false,true,12,2017-04-01,2018-03-31,0
2017-10-27,23270,2018-03-31,2,,,,,,,,,,,,,,,,,,,,,,,,,,,,,,,,,99504740,4815596,94689305,false,false,6,2017-04-01,2017-09-30,0
2017-10-27,23270,2017-03-31,2,,,,,,,,,,,,,,,,,,,,,,,,,,,,,,,,,,,93006916,false,false,6,2016-04-01,2016-09-30,-1
2018-01-30,23270,2018-03-31,3,168315000000,0.061,,,,,13856000000,-0.081,14437000000,-0.070,,9761000000,,103.09,,,,,,212235000000,137519000000,0.625,,132690000000,,,,,,,,,,,,true,false,9,2017-04-01,2017-12-31,0
2018-01-30,23270,2017-03-31,3,158701000000,0.014,,,,,15083000000,0.057,15524000000,0.066,,10104000000,,108.65,,,,,,,,,,,,,,,,,,,,,,true,false,9,2016-04-01,2016-12-31,-1
2018-01-30,23270,2018-03-31,3,242000000000,0.041,,,,,22700000000,0.054,23000000000,0.040,,15000000000,,158.41,,,,,,,,,,,,,,,,,,,,,,true,true,12,2017-04-01,2018-03-31,0
2018-01-30,23270,2017-03-31,3,,,,,,,,,,,,,,,,,,,,200811000000,125724000000,0.603,,121053000000,,,,,,,,,,,,true,false,12,2016-04-01,2017-03-31,-1
2018-01-30,23270,2017-03-31,3,,,,,,,,,,,,,,,,,,,,,,,,,,,,,45.00,,,,105998240,11308612,,false,false,12,2016-04-01,2017-03-31,-1
2018-01-30,23270,2018-03-31,3,,,,,,,,,,,,,,,,,,,,,,,,,,,,,25.00,,,,,,,false,false,12,2017-04-01,2018-03-31,0
2018-01-30,23270,2018-03-31,3,,,,,,,,,,,,,,,,,,,,,,,,,,,,,50.00,,,,,,,false,true,12,2017-04-01,2018-03-31,0
2018-01-30,23270,2018-03-31,3,,,,,,,,,,,,,,,,,,,,,,,,,,,,,,,,,99504740,4815892,94689229,false,false,9,2017-04-01,2017-12-31,0
2018-01-30,23270,2017-03-31,3,,,,,,,,,,,,,,,,,,,,,,,,,,,,,,,,,,,93006901,false,false,9,2016-04-01,2016-12-31,-1
2018-04-26,23270,2018-03-31,,244215000000,0.051,,,,,22671000000,0.053,23106000000,0.045,,14933000000,,157.71,,0.116,0.109,0.093,,224349000000,141528000000,0.608,1441.29,136473000000,13138000000,-6145000000,-5926000000,46682000000,,0.317,,,,,,true,false,12,2017-04-01,2018-03-31,0
2018-04-26,23270,2017-03-31,,232473000000,0.063,,,,,21540000000,0.118,22117000000,0.142,,13964000000,,149.48,,0.126,0.117,0.093,,200811000000,125724000000,0.603,1278.42,121053000000,12449000000,-5359000000,-4912000000,45582000000,,0.301,,,,,,true,false,12,2016-04-01,2017-03-31,-1
2018-04-26,23270,2019-03-31,,118000000000,0.012,,,,,10700000000,0.062,11000000000,0.050,,7200000000,,76.04,,,,,,,,,,,,,,,,,,,,,,true,true,6,2018-04-01,2018-09-30,1
2018-04-26,23270,2019-03-31,,247000000000,0.011,,,,,23400000000,0.032,24000000000,0.039,,15700000000,,165.81,,,,,,,,,,,,,,,,0.332,,,,,,true,true,12,2018-04-01,2019-03-31,1
2018-04-26,23270,2017-03-31,,,,,,,,,,,,,,,,,,,,,,,,,,,,,,45.00,,,,105998240,11308612,93421921,false,false,12,2016-04-01,2017-03-31,-1
2018-04-26,23270,2018-03-31,,,,,,,,,,,,,,,,,,,,,,,,,,,,,,50.00,,,,94704740,16138,94689106,false,false,12,2017-04-01,2018-03-31,0
2018-04-26,23270,2019-03-31,,,,,,,,,,,,,,,,,,,,,,,,,,,,,,55.00,,,,,,,false,true,12,2018-04-01,2019-03-31,1
2018-08-02,23270,2019-03-31,1,58434000000,0.005,,,,,5117000000,0.113,5257000000,0.073,,3001000000,,31.70,,,,,,218582000000,145495000000,0.643,,140596000000,,,,,,,,,,,,true,false,3,2018-04-01,2018-06-30,0
2018-08-02,23270,2018-03-31,1,58163000000,0.163,,,,,4597000000,-0.003,4900000000,0.006,,2855000000,,30.16,,,,,,,,,,,,,,,,,,,,,,true,false,3,2017-04-01,2017-06-30,-1
2018-08-02,23270,2019-03-31,1,118000000000,0.012,,,,,10700000000,0.062,11000000000,0.050,,7200000000,,76.04,,,,,,,,,,,,,,,,,,,,,,true,true,6,2018-04-01,2018-09-30,0
2018-08-02,23270,2019-03-31,1,247000000000,0.011,,,,,23400000000,0.032,24000000000,0.039,,15700000000,,165.81,,,,,,,,,,,,,,,,,,,,,,true,true,12,2018-04-01,2019-03-31,0
2018-08-02,23270,2018-03-31,1,,,,,,,,,,,,,,,,,,,,221436000000,141528000000,0.616,,136473000000,,,,,,,,,,,,true,false,12,2017-04-01,2018-03-31,-1
2018-08-02,23270,2018-03-31,1,,,,,,,,,,,,,,,,,,,,,,,,,,,,,50.00,,,,94704740,16138,,false,false,12,2017-04-01,2018-03-31,-1
2018-08-02,23270,2019-03-31,1,,,,,,,,,,,,,,,,,,,,,,,,,,,,,55.00,,,,,,,false,true,12,2018-04-01,2019-03-31,0
2018-08-02,23270,2019-03-31,1,,,,,,,,,,,,,,,,,,,,,,,,,,,,,,,,,94704740,16253,94688535,false,false,3,2018-04-01,2018-06-30,0
2018-08-02,23270,2018-03-31,1,,,,,,,,,,,,,,,,,,,,,,,,,,,,,,,,,,,94689485,false,false,3,2017-04-01,2017-06-30,-1
2018-10-30,23270,2019-03-31,2,124646000000,0.069,,,,,11274000000,0.119,11503000000,0.098,,7204000000,,76.17,,,,,,233548000000,153726000000,0.637,,148663000000,,,,,,,,,,,,true,false,6,2018-04-01,2018-09-30,0
2018-10-30,23270,2018-03-31,2,116554000000,0.101,,,,,10073000000,0.025,10475000000,0.026,,6569000000,,69.38,,,,,,,,,,,,,,,,,,,,,,true,false,6,2017-04-01,2017-09-30,-1
2018-10-30,23270,2019-03-31,2,258000000000,0.056,,,,,24000000000,0.059,24500000000,0.060,,16000000000,,169.63,,,,,,,,,,,,,,,,,,,,,,true,true,12,2018-04-01,2019-03-31,0
2018-10-30,23270,2018-03-31,2,,,,,,,,,,,,,,,,,,,,221436000000,141528000000,0.616,,136473000000,,,,,,,,,,,,true,false,12,2017-04-01,2018-03-31,-1
2018-10-30,23270,2018-03-31,2,,,,,,,,,,,,,,,,,,,,,,,,,,,,,50.00,,,,94704740,16138,,false,false,12,2017-04-01,2018-03-31,-1
2018-10-30,23270,2019-03-31,2,,,,,,,,,,,,,,,,,,,,,,,,,,,,,27.50,,,,,,,false,false,12,2018-04-01,2019-03-31,0
2018-10-30,23270,2019-03-31,2,,,,,,,,,,,,,,,,,,,,,,,,,,,,,55.00,,,,,,,false,true,12,2018-04-01,2019-03-31,0
2018-10-30,23270,2019-03-31,2,,,,,,,,,,,,,,,,,,,,,,,,,,,,,,,,,94704740,649199,94585599,false,false,6,2018-04-01,2018-09-30,0
2018-10-30,23270,2018-03-31,2,,,,,,,,,,,,,,,,,,,,,,,,,,,,,,,,,,,94689305,false,false,6,2017-04-01,2017-09-30,-1
2019-02-01,23270,2019-03-31,3,187252000000,0.113,,,,,17624000000,0.272,18053000000,0.250,,11743000000,,124.69,,,,,,219040000000,141305000000,0.621,,136117000000,,,,,,,,,,,,true,false,9,2018-04-01,2018-12-31,0
2019-02-01,23270,2018-03-31,3,168315000000,0.061,,,,,13856000000,-0.081,14437000000,-0.070,,9761000000,,103.09,,,,,,,,,,,,,,,,,,,,,,true,false,9,2017-04-01,2017-12-31,-1
2019-02-01,23270,2019-03-31,3,258000000000,0.056,,,,,24000000000,0.059,24500000000,0.060,,16000000000,,170.54,,,,,,,,,,,,,,,,,,,,,,true,true,12,2018-04-01,2019-03-31,0
2019-02-01,23270,2018-03-31,3,,,,,,,,,,,,,,,,,,,,221436000000,141528000000,0.616,,136473000000,,,,,,,,,,,,true,false,12,2017-04-01,2018-03-31,-1
2019-02-01,23270,2018-03-31,3,,,,,,,,,,,,,,,,,,,,,,,,,,,,,50.00,,,,94704740,16138,,false,false,12,2017-04-01,2018-03-31,-1
2019-02-01,23270,2019-03-31,3,,,,,,,,,,,,,,,,,,,,,,,,,,,,,27.50,,,,,,,false,false,12,2018-04-01,2019-03-31,0
2019-02-01,23270,2019-03-31,3,,,,,,,,,,,,,,,,,,,,,,,,,,,,,55.00,,,,,,,false,true,12,2018-04-01,2019-03-31,0
2019-02-01,23270,2019-03-31,3,,,,,,,,,,,,,,,,,,,,,,,,,,,,,,,,,94704740,1983463,94178784,false,false,9,2018-04-01,2018-12-31,0
2019-02-01,23270,2018-03-31,3,,,,,,,,,,,,,,,,,,,,,,,,,,,,,,,,,,,94689229,false,false,9,2017-04-01,2017-12-31,-1
2019-04-26,23270,2019-03-31,,265278000000,0.086,,,,,25676000000,0.133,26103000000,0.130,,17111000000,,182.69,,0.123,0.114,0.097,,236078000000,147461000000,0.602,1552.00,142008000000,19690000000,-1624000000,-16255000000,48436000000,,0.301,,,,,,true,false,12,2018-04-01,2019-03-31,0
2019-04-26,23270,2018-03-31,,244215000000,0.051,,,,,22671000000,0.053,23106000000,0.045,,14933000000,,157.71,,0.116,0.110,0.093,,221436000000,141528000000,0.616,1441.29,136473000000,13138000000,-6145000000,-5926000000,46682000000,,0.317,,,,,,true,false,12,2017-04-01,2018-03-31,-1
2019-04-26,23270,2020-03-31,,142000000000,0.139,,,,,12400000000,0.100,12500000000,0.087,,8000000000,,87.43,,,,,,,,,,,,,,,,,,,,,,true,true,6,2019-04-01,2019-09-30,1
2019-04-26,23270,2020-03-31,,280000000000,0.055,,,,,27200000000,0.059,27500000000,0.053,,18000000000,,196.72,,,,,,,,,,,,,,,,0.305,,,,,,true,true,12,2019-04-01,2020-03-31,1
2019-04-26,23270,2018-03-31,,,,,,,,,,,,,,,,,,,,,,,,,,,,,,50.00,,,,94704740,16138,94689106,false,false,12,2017-04-01,2018-03-31,-1
2019-04-26,23270,2019-03-31,,,,,,,,,,,,,,,,,,,,,,,,,,,,,,55.00,,,,94704740,3204145,93663790,false,false,12,2018-04-01,2019-03-31,0
2019-04-26,23270,2020-03-31,,,,,,,,,,,,,,,,,,,,,,,,,,,,,,60.00,,,,,,,false,true,12,2019-04-01,2020-03-31,1
2019-07-30,23270,2020-03-31,1,81664000000,0.398,,,,,7936000000,0.551,8184000000,0.557,,5090000000,,55.63,,,,,,240486000000,153444000000,0.616,,148113000000,,,,,,,,,,,,true,false,3,2019-04-01,2019-06-30,0
2019-07-30,23270,2019-03-31,1,58434000000,0.005,,,,,5117000000,0.113,5257000000,0.073,,3001000000,,31.70,,,,,,,,,,,,,,,,,,,,,,true,false,3,2018-04-01,2018-06-30,-1
2019-07-30,23270,2020-03-31,1,142000000000,0.139,,,,,12400000000,0.100,12500000000,0.087,,8000000000,,87.43,,,,,,,,,,,,,,,,,,,,,,true,true,6,2019-04-01,2019-09-30,0
2019-07-30,23270,2020-03-31,1,286000000000,0.078,,,,,27200000000,0.059,27500000000,0.053,,18000000000,,196.72,,,,,,,,,,,,,,,,,,,,,,true,true,12,2019-04-01,2020-03-31,0
2019-07-30,23270,2019-03-31,1,,,,,,,,,,,,,,,,,,,,236078000000,147461000000,0.602,,142008000000,,,,,,,,,,,,true,false,12,2018-04-01,2019-03-31,-1
2019-07-30,23270,2019-03-31,1,,,,,,,,,,,,,,,,,,,,,,,,,,,,,55.00,,,,94704740,3204145,,false,false,12,2018-04-01,2019-03-31,-1
2019-07-30,23270,2020-03-31,1,,,,,,,,,,,,,,,,,,,,,,,,,,,,,60.00,,,,,,,false,true,12,2019-04-01,2020-03-31,0
2019-07-30,23270,2020-03-31,1,,,,,,,,,,,,,,,,,,,,,,,,,,,,,,,,,94704740,3204227,91500577,false,false,3,2019-04-01,2019-06-30,0
2019-07-30,23270,2019-03-31,1,,,,,,,,,,,,,,,,,,,,,,,,,,,,,,,,,,,94688535,false,false,3,2018-04-01,2018-06-30,-1
2019-10-29,23270,2020-03-31,2,149815000000,0.202,,,,,15118000000,0.341,15123000000,0.315,,9645000000,,105.42,,,,,,246320000000,155688000000,0.610,,150141000000,,,,,,,,,,,,true,false,6,2019-04-01,2019-09-30,0
2019-10-29,23270,2019-03-31,2,124646000000,0.069,,,,,11274000000,0.119,11503000000,0.098,,7204000000,,76.17,,,,,,,,,,,,,,,,,,,,,,true,false,6,2018-04-01,2018-09-30,-1
2019-10-29,23270,2020-03-31,2,293500000000,0.106,,,,,29500000000,0.149,29500000000,0.130,,19300000000,,210.93,,,,,,,,,,,,,,,,,,,,,,true,true,12,2019-04-01,2020-03-31,0
2019-10-29,23270,2019-03-31,2,,,,,,,,,,,,,,,,,,,,236078000000,147461000000,0.602,,142008000000,,,,,,,,,,,,true,false,12,2018-04-01,2019-03-31,-1
2019-10-29,23270,2019-03-31,2,,,,,,,,,,,,,,,,,,,,,,,,,,,,,55.00,,,,94704740,3204145,,false,false,12,2018-04-01,2019-03-31,-1
2019-10-29,23270,2020-03-31,2,,,,,,,,,,,,,,,,,,,,,,,,,,,,,32.50,,,,,,,false,false,12,2019-04-01,2020-03-31,0
2019-10-29,23270,2020-03-31,2,,,,,,,,,,,,,,,,,,,,,,,,,,,,,65.00,,,,,,,false,true,12,2019-04-01,2020-03-31,0
2019-10-29,23270,2020-03-31,2,,,,,,,,,,,,,,,,,,,,,,,,,,,,,,,,,94704740,3204227,91500545,false,false,6,2019-04-01,2019-09-30,0
2019-10-29,23270,2019-03-31,2,,,,,,,,,,,,,,,,,,,,,,,,,,,,,,,,,,,94585599,false,false,6,2018-04-01,2018-09-30,-1
2020-02-06,23270,2020-03-31,3,198419000000,0.121,,,,,19928000000,0.165,20158000000,0.149,,13039000000,,142.50,,,,,,241083000000,160889000000,0.644,,155196000000,,,,,,,,,,,,true,false,9,2019-04-01,2019-12-31,0
2020-02-06,23270,2019-03-31,3,177008000000,0.093,,,,,17112000000,0.255,17541000000,0.233,,11194000000,,118.86,,,,,,,,,,,,,,,,,,,,,,true,false,9,2018-04-01,2018-12-31,-1
2020-02-06,23270,2020-03-31,3,274000000000,0.074,,,,,28400000000,0.119,28500000000,0.104,,18300000000,,200.00,,,,,,,,,,,,,,,,,,,,,,true,true,12,2019-04-01,2020-03-31,0
2020-02-06,23270,2019-03-31,3,,,,,,,,,,,,,,,,,,,,232779000000,145901000000,0.603,,140448000000,,,,,,,,,,,,true,false,12,2018-04-01,2019-03-31,-1
2020-02-06,23270,2019-03-31,3,,,,,,,,,,,,,,,,,,,,,,,,,,,,,55.00,,,,94704740,3204145,,false,false,12,2018-04-01,2019-03-31,-1
2020-02-06,23270,2020-03-31,3,,,,,,,,,,,,,,,,,,,,,,,,,,,,,32.50,,,,,,,false,false,12,2019-04-01,2020-03-31,0
2020-02-06,23270,2020-03-31,3,,,,,,,,,,,,,,,,,,,,,,,,,,,,,65.00,,,,,,,false,true,12,2019-04-01,2020-03-31,0
2020-02-06,23270,2020-03-31,3,,,,,,,,,,,,,,,,,,,,,,,,,,,,,,,,,94704740,3204309,91500527,false,false,9,2019-04-01,2019-12-31,0
2020-02-06,23270,2019-03-31,3,,,,,,,,,,,,,,,,,,,,,,,,,,,,,,,,,,,94178784,false,false,9,2018-04-01,2018-12-31,-1
2019-10-29,23270,2020-03-31,2,136759000000,0.156,,,,,14190000000,0.295,14196000000,0.269,,8727000000,,95.39,,,,,,246494000000,153211000000,0.599,,147663000000,,,,,,,,,,,,true,false,6,2019-04-01,2019-09-30,0
2019-10-29,23270,2019-03-31,2,118277000000,0.073,,,,,10955000000,0.117,11185000000,0.095,,6850000000,,72.43,,,,,,,,,,,,,,,,,,,,,,true,false,6,2018-04-01,2018-09-30,-1
2019-10-29,23270,2020-03-31,2,293500000000,0.150,,,,,29500000000,0.162,29500000000,0.143,,19300000000,,210.93,,,,,,,,,,,,,,,,,,,,,,true,true,12,2019-04-01,2020-03-31,0
2019-10-29,23270,2019-03-31,2,,,,,,,,,,,,,,,,,,,,232779000000,145901000000,0.603,,140448000000,,,,,,,,,,,,true,false,12,2018-04-01,2019-03-31,-1
2019-10-29,23270,2019-03-31,2,,,,,,,,,,,,,,,,,,,,,,,,,,,,,55.00,,,,94704740,3204145,,false,false,12,2018-04-01,2019-03-31,-1
2019-10-29,23270,2020-03-31,2,,,,,,,,,,,,,,,,,,,,,,,,,,,,,32.50,,,,,,,false,false,12,2019-04-01,2020-03-31,0
2019-10-29,23270,2020-03-31,2,,,,,,,,,,,,,,,,,,,,,,,,,,,,,65.00,,,,,,,false,true,12,2019-04-01,2020-03-31,0
2019-10-29,23270,2020-03-31,2,,,,,,,,,,,,,,,,,,,,,,,,,,,,,,,,,94704740,3204227,91500545,false,false,6,2019-04-01,2019-09-30,0
2019-10-29,23270,2019-03-31,2,,,,,,,,,,,,,,,,,,,,,,,,,,,,,,,,,,,94585599,false,false,6,2018-04-01,2018-09-30,-1
2019-07-30,23270,2020-03-31,1,68573000000,0.238,,,,,6905000000,0.376,7153000000,0.386,,4101000000,,44.83,,,,,,237630000000,150895000000,0.613,,145564000000,,,,,,,,,,,,true,false,3,2019-04-01,2019-06-30,0
2019-07-30,23270,2019-03-31,1,55409000000,0.061,,,,,5019000000,0.185,5159000000,0.136,,2872000000,,30.34,,,,,,,,,,,,,,,,,,,,,,true,false,3,2018-04-01,2018-06-30,-1
2019-07-30,23270,2020-03-31,1,142000000000,0.201,,,,,12400000000,0.132,12500000000,0.118,,8000000000,,87.43,,,,,,,,,,,,,,,,,,,,,,true,true,6,2019-04-01,2019-09-30,0
2019-07-30,23270,2020-03-31,1,286000000000,0.121,,,,,27200000000,0.071,27500000000,0.065,,18000000000,,196.72,,,,,,,,,,,,,,,,,,,,,,true,true,12,2019-04-01,2020-03-31,0
2019-07-30,23270,2019-03-31,1,,,,,,,,,,,,,,,,,,,,232779000000,145901000000,0.603,,140448000000,,,,,,,,,,,,true,false,12,2018-04-01,2019-03-31,-1
2019-07-30,23270,2019-03-31,1,,,,,,,,,,,,,,,,,,,,,,,,,,,,,55.00,,,,94704740,3204145,,false,false,12,2018-04-01,2019-03-31,-1
2019-07-30,23270,2020-03-31,1,,,,,,,,,,,,,,,,,,,,,,,,,,,,,60.00,,,,,,,false,true,12,2019-04-01,2020-03-31,0
2019-07-30,23270,2020-03-31,1,,,,,,,,,,,,,,,,,,,,,,,,,,,,,,,,,94704740,3204227,91500577,false,false,3,2019-04-01,2019-06-30,0
2019-07-30,23270,2019-03-31,1,,,,,,,,,,,,,,,,,,,,,,,,,,,,,,,,,,,94688535,false,false,3,2018-04-01,2018-06-30,-1
2019-04-26,23270,2019-03-31,,255116000000,0.105,,,,,25385000000,0.162,25812000000,0.159,,16713000000,,178.44,,0.121,0.114,0.100,,232779000000,145901000000,0.603,1534.94,140448000000,19690000000,-1624000000,-16255000000,48436000000,,0.308,,,,,,true,false,12,2018-04-01,2019-03-31,0
2019-04-26,23270,2018-03-31,,230860000000,0.013,,,,,21844000000,0.028,22279000000,0.021,,14105000000,,148.97,,0.110,0.107,0.095,,219077000000,140366000000,0.618,1429.02,135311000000,13138000000,-6145000000,-5926000000,46682000000,,0.336,,,,,,true,false,12,2017-04-01,2018-03-31,-1
2019-04-26,23270,2020-03-31,,142000000000,0.201,,,,,12400000000,0.132,12500000000,0.118,,8000000000,,87.43,,,,,,,,,,,,,,,,,,,,,,true,true,6,2019-04-01,2019-09-30,1
2019-04-26,23270,2020-03-31,,280000000000,0.098,,,,,27200000000,0.071,27500000000,0.065,,18000000000,,196.72,,,,,,,,,,,,,,,,0.305,,,,,,true,true,12,2019-04-01,2020-03-31,1
2019-04-26,23270,2018-03-31,,,,,,,,,,,,,,,,,,,,,,,,,,,,,,50.00,,,,94704740,16138,94689106,false,false,12,2017-04-01,2018-03-31,-1
2019-04-26,23270,2019-03-31,,,,,,,,,,,,,,,,,,,,,,,,,,,,,,55.00,,,,94704740,3204145,93663790,false,false,12,2018-04-01,2019-03-31,0
2019-04-26,23270,2020-03-31,,,,,,,,,,,,,,,,,,,,,,,,,,,,,,60.00,,,,,,,false,true,12,2019-04-01,2020-03-31,1
2020-04-28,23270,2020-03-31,,274843000000,0.077,,,,,28387000000,0.118,28275000000,0.095,,18552000000,,202.76,,0.128,0.119,0.103,,240448000000,155392000000,0.622,1633.31,149448000000,19366000000,-2975000000,-6796000000,58036000000,,0.321,,,,,,true,false,12,2019-04-01,2020-03-31,0
2020-04-28,23270,2019-03-31,,255116000000,0.105,,,,,25385000000,0.162,25812000000,0.159,,16713000000,,178.44,,0.121,0.114,0.100,,232779000000,145901000000,0.603,1534.94,140448000000,19690000000,-1624000000,-16255000000,48436000000,,0.308,,,,,,true,false,12,2018-04-01,2019-03-31,-1
2020-04-28,23270,2021-03-31,,127500000000,-0.068,,,,,12700000000,-0.105,13000000000,-0.084,,8300000000,,90.71,,,,,,,,,,,,,,,,,,,,,,true,true,6,2020-04-01,2020-09-30,1
2020-04-28,23270,2019-03-31,,,,,,,,,,,,,,,,,,,,,,,,,,,,,,55.00,,,,94704740,3204145,93663790,false,false,12,2018-04-01,2019-03-31,-1
2020-04-28,23270,2020-03-31,,,,,,,,,,,,,,,,,,,,,,,,,,,,,,65.00,,,,94704740,3204329,91500502,false,false,12,2019-04-01,2020-03-31,0
2020-04-28,23270,2021-03-31,,,,,,,,,,,,,,,,,,,,,,,,,,,,,,32.50,,,,,,,false,true,12,2020-04-01,2021-03-31,1
2020-07-30,23270,2021-03-31,1,56644000000,-0.174,,,,,5102000000,-0.261,5389000000,-0.247,,3116000000,,34.06,,,,,,247346000000,161484000000,0.630,,155718000000,,,,,,,,,,,,true,false,3,2020-04-01,2020-06-30,0
2020-07-30,23270,2020-03-31,1,68573000000,0.238,,,,,6905000000,0.376,7153000000,0.386,,4101000000,,44.83,,,,,,,,,,,,,,,,,,,,,,true,false,3,2019-04-01,2019-06-30,-1
2020-07-30,23270,2021-03-31,1,120000000000,-0.123,,,,,10900000000,-0.232,11000000000,-0.225,,6900000000,,75.41,,,,,,,,,,,,,,,,,,,,,,true,true,6,2020-04-01,2020-09-30,0
2020-07-30,23270,2021-03-31,1,255000000000,-0.072,,,,,23900000000,-0.158,24000000000,-0.151,,15500000000,,169.40,,,,,,,,,,,,,,,,,,,,,,true,true,12,2020-04-01,2021-03-31,0
2020-07-30,23270,2020-03-31,1,,,,,,,,,,,,,,,,,,,,240448000000,155392000000,0.622,,149448000000,,,,,,,,,,,,true,false,12,2019-04-01,2020-03-31,-1
2020-07-30,23270,2020-03-31,1,,,,,,,,,,,,,,,,,,,,,,,,,,,,,65.00,,,,94704740,3204329,,false,false,12,2019-04-01,2020-03-31,-1
2020-07-30,23270,2021-03-31,1,,,,,,,,,,,,,,,,,,,,,,,,,,,,,25.00,,,,,,,false,true,12,2020-04-01,2021-03-31,0
2020-07-30,23270,2021-03-31,1,,,,,,,,,,,,,,,,,,,,,,,,,,,,,,,,,94704740,3204329,91500411,false,false,3,2020-04-01,2020-06-30,0
2020-07-30,23270,2020-03-31,1,,,,,,,,,,,,,,,,,,,,,,,,,,,,,,,,,,,91500577,false,false,3,2019-04-01,2019-06-30,-1
2020-10-27,23270,2021-03-31,2,119068000000,-0.129,,,,,11149000000,-0.214,11357000000,-0.200,,7921000000,,86.57,,,,,,250397000000,169628000000,0.654,,163698000000,,,,,,,,,,,,true,false,6,2020-04-01,2020-09-30,0
2020-10-27,23270,2020-03-31,2,136759000000,0.156,,,,,14190000000,0.295,14196000000,0.269,,8727000000,,95.39,,,,,,,,,,,,,,,,,,,,,,true,false,6,2019-04-01,2019-09-30,-1
2020-10-27,23270,2021-03-31,2,255000000000,-0.072,,,,,23900000000,-0.158,24000000000,-0.151,,16000000000,,174.86,,,,,,,,,,,,,,,,,,,,,,true,true,12,2020-04-01,2021-03-31,0
2020-10-27,23270,2020-03-31,2,,,,,,,,,,,,,,,,,,,,240448000000,155392000000,0.622,,149448000000,,,,,,,,,,,,true,false,12,2019-04-01,2020-03-31,-1
2020-10-27,23270,2020-03-31,2,,,,,,,,,,,,,,,,,,,,,,,,,,,,,65.00,,,,94704740,3204329,,false,false,12,2019-04-01,2020-03-31,-1
2020-10-27,23270,2021-03-31,2,,,,,,,,,,,,,,,,,,,,,,,,,,,,,25.00,,,,,,,false,false,12,2020-04-01,2021-03-31,0
2020-10-27,23270,2021-03-31,2,,,,,,,,,,,,,,,,,,,,,,,,,,,,,52.50,,,,,,,false,true,12,2020-04-01,2021-03-31,0
2020-10-27,23270,2021-03-31,2,,,,,,,,,,,,,,,,,,,,,,,,,,,,,,,,,94704740,3204364,91500399,false,false,6,2020-04-01,2020-09-30,0
2020-10-27,23270,2020-03-31,2,,,,,,,,,,,,,,,,,,,,,,,,,,,,,,,,,,,91500545,false,false,6,2019-04-01,2019-09-30,-1
2021-01-29,23270,2021-03-31,3,179981000000,-0.093,,,,,17198000000,-0.137,17644000000,-0.125,,12004000000,,131.20,,,,,,249236000000,172795000000,0.669,,166735000000,,,,,,,,,,,,true,false,9,2020-04-01,2020-12-31,0
2021-01-29,23270,2020-03-31,3,198419000000,0.121,,,,,19928000000,0.165,20158000000,0.149,,13039000000,,142.50,,,,,,,,,,,,,,,,,,,,,,true,false,9,2019-04-01,2019-12-31,-1
2021-01-29,23270,2021-03-31,3,255000000000,-0.072,,,,,23900000000,-0.158,24000000000,-0.151,,16000000000,,174.86,,,,,,,,,,,,,,,,,,,,,,true,true,12,2020-04-01,2021-03-31,0
2021-01-29,23270,2020-03-31,3,,,,,,,,,,,,,,,,,,,,240448000000,155392000000,0.622,,149448000000,,,,,,,,,,,,true,false,12,2019-04-01,2020-03-31,-1
2021-01-29,23270,2020-03-31,3,,,,,,,,,,,,,,,,,,,,,,,,,,,,,65.00,,,,94704740,3204329,,false,false,12,2019-04-01,2020-03-31,-1
2021-01-29,23270,2021-03-31,3,,,,,,,,,,,,,,,,,,,,,,,,,,,,,25.00,,,,,,,false,false,12,2020-04-01,2021-03-31,0
2021-01-29,23270,2021-03-31,3,,,,,,,,,,,,,,,,,,,,,,,,,,,,,52.50,,,,,,,false,true,12,2020-04-01,2021-03-31,0
2021-01-29,23270,2021-03-31,3,,,,,,,,,,,,,,,,,,,,,,,,,,,,,,,,,94704740,3204374,91500389,false,false,9,2020-04-01,2020-12-31,0
2021-01-29,23270,2020-03-31,3,,,,,,,,,,,,,,,,,,,,,,,,,,,,,,,,,,,91500527,false,false,9,2019-04-01,2019-12-31,-1
2021-04-28,23270,2021-03-31,,251992000000,-0.083,,,,,24549000000,-0.135,25101000000,-0.112,,16982000000,,185.60,,0.103,0.098,0.097,,272223000000,186128000000,0.661,1965.32,179827000000,17544000000,10414000000,-7395000000,78579000000,,0.283,,,,,,true,false,12,2020-04-01,2021-03-31,0
2021-04-28,23270,2020-03-31,,274843000000,0.077,,,,,28387000000,0.118,28275000000,0.095,,18552000000,,202.76,,0.128,0.119,0.103,,240448000000,155392000000,0.622,1633.31,149448000000,19366000000,-2975000000,-6796000000,58036000000,,0.321,,,,,,true,false,12,2019-04-01,2020-03-31,-1
2021-04-28,23270,2022-03-31,,127500000000,0.071,,,,,11800000000,0.058,12000000000,0.057,,7600000000,,83.06,,,,,,,,,,,,,,,,,,,,,,true,true,6,2021-04-01,2021-09-30,1
2021-04-28,23270,2022-03-31,,265000000000,0.052,,,,,25500000000,0.039,26000000000,0.036,,17100000000,,186.88,,,,,,,,,,,,,,,,0.300,,,,,,true,true,12,2021-04-01,2022-03-31,1
2021-04-28,23270,2020-03-31,,,,,,,,,,,,,,,,,,,,,,,,,,,,,,65.00,,,,94704740,3204329,91500502,false,false,12,2019-04-01,2020-03-31,-1
2021-04-28,23270,2021-03-31,,,,,,,,,,,,,,,,,,,,,,,,,,,,,,52.50,,,,91501000,716,91500376,false,false,12,2020-04-01,2021-03-31,0
2021-04-28,23270,2022-03-31,,,,,,,,,,,,,,,,,,,,,,,,,,,,,,56.00,,,,,,,false,true,12,2021-04-01,2022-03-31,1
2021-07-30,23270,2022-03-31,1,65519000000,0.157,,,,,7142000000,0.400,7522000000,0.396,,4633000000,,50.64,,,,,,270685000000,190541000000,0.681,,184361000000,,,,,,,,,,,,true,false,3,2021-04-01,2021-06-30,0
2021-07-30,23270,2021-03-31,1,56644000000,-0.174,,,,,5102000000,-0.261,5389000000,-0.247,,3116000000,,34.06,,,,,,,,,,,,,,,,,,,,,,true,false,3,2020-04-01,2020-06-30,-1
2021-07-30,23270,2022-03-31,1,127500000000,0.071,,,,,11800000000,0.058,12000000000,0.057,,7600000000,,83.06,,,,,,,,,,,,,,,,,,,,,,true,true,6,2021-04-01,2021-09-30,0
2021-07-30,23270,2022-03-31,1,265000000000,0.052,,,,,25500000000,0.039,26000000000,0.036,,17100000000,,186.88,,,,,,,,,,,,,,,,,,,,,,true,true,12,2021-04-01,2022-03-31,0
2021-07-30,23270,2021-03-31,1,,,,,,,,,,,,,,,,,,,,272223000000,186128000000,0.661,,179827000000,,,,,,,,,,,,true,false,12,2020-04-01,2021-03-31,-1
2021-07-30,23270,2021-03-31,1,,,,,,,,,,,,,,,,,,,,,,,,,,,,,52.50,,,,91501000,716,,false,false,12,2020-04-01,2021-03-31,-1
2021-07-30,23270,2022-03-31,1,,,,,,,,,,,,,,,,,,,,,,,,,,,,,56.00,,,,,,,false,true,12,2021-04-01,2022-03-31,0
2021-07-30,23270,2022-03-31,1,,,,,,,,,,,,,,,,,,,,,,,,,,,,,,,,,91501000,798,91500207,false,false,3,2021-04-01,2021-06-30,0
2021-07-30,23270,2021-03-31,1,,,,,,,,,,,,,,,,,,,,,,,,,,,,,,,,,,,91500411,false,false,3,2020-04-01,2020-06-30,-1
2021-10-29,23270,2022-03-31,2,130787000000,0.098,,,,,13782000000,0.236,14291000000,0.258,,9230000000,,100.88,,,,,,293521000000,205449000000,0.678,,199117000000,,,,,,,,,,,,true,false,6,2021-04-01,2021-09-30,0
2021-10-29,23270,2021-03-31,2,119068000000,-0.129,,,,,11149000000,-0.214,11357000000,-0.200,,7921000000,,86.57,,,,,,,,,,,,,,,,,,,,,,true,false,6,2020-04-01,2020-09-30,-1
2021-10-29,23270,2022-03-31,2,270000000000,0.071,,,,,27700000000,0.128,28500000000,0.135,,18500000000,,202.19,,,,,,,,,,,,,,,,,,,,,,true,true,12,2021-04-01,2022-03-31,0
2021-10-29,23270,2021-03-31,2,,,,,,,,,,,,,,,,,,,,272223000000,186128000000,0.661,,179827000000,,,,,,,,,,,,true,false,12,2020-04-01,2021-03-31,-1
2021-10-29,23270,2021-03-31,2,,,,,,,,,,,,,,,,,,,,,,,,,,,,,52.50,,,,91501000,716,,false,false,12,2020-04-01,2021-03-31,-1
2021-10-29,23270,2022-03-31,2,,,,,,,,,,,,,,,,,,,,,,,,,,,,,30.00,,,,,,,false,false,12,2021-04-01,2022-03-31,0
2021-10-29,23270,2022-03-31,2,,,,,,,,,,,,,,,,,,,,,,,,,,,,,60.00,,,,,,,false,true,12,2021-04-01,2022-03-31,0
2021-10-29,23270,2022-03-31,2,,,,,,,,,,,,,,,,,,,,,,,,,,,,,,,,,91501000,798,91500204,false,false,6,2021-04-01,2021-09-30,0
2021-10-29,23270,2021-03-31,2,,,,,,,,,,,,,,,,,,,,,,,,,,,,,,,,,,,91500399,false,false,6,2020-04-01,2020-09-30,-1
2022-02-01,23270,2022-03-31,3,195618000000,0.087,,,,,21636000000,0.258,22313000000,0.265,,14796000000,,161.71,,,,,,297389000000,209404000000,0.682,,202953000000,,,,,,,,,,,,true,false,9,2021-04-01,2021-12-31,0
2022-02-01,23270,2021-03-31,3,179981000000,-0.093,,,,,17198000000,-0.137,17644000000,-0.125,,12004000000,,131.20,,,,,,,,,,,,,,,,,,,,,,true,false,9,2020-04-01,2020-12-31,-1
2022-02-01,23270,2022-03-31,3,270000000000,0.071,,,,,28700000000,0.169,29500000000,0.175,,19300000000,,210.93,,,,,,,,,,,,,,,,,,,,,,true,true,12,2021-04-01,2022-03-31,0
2022-02-01,23270,2021-03-31,3,,,,,,,,,,,,,,,,,,,,272223000000,186128000000,0.661,,179827000000,,,,,,,,,,,,true,false,12,2020-04-01,2021-03-31,-1
2022-02-01,23270,2021-03-31,3,,,,,,,,,,,,,,,,,,,,,,,,,,,,,52.50,,,,91501000,716,,false,false,12,2020-04-01,2021-03-31,-1
2022-02-01,23270,2022-03-31,3,,,,,,,,,,,,,,,,,,,,,,,,,,,,,30.00,,,,,,,false,false,12,2021-04-01,2022-03-31,0
2022-02-01,23270,2022-03-31,3,,,,,,,,,,,,,,,,,,,,,,,,,,,,,64.00,,,,,,,false,true,12,2021-04-01,2022-03-31,0
2022-02-01,23270,2022-03-31,3,,,,,,,,,,,,,,,,,,,,,,,,,,,,,,,,,91501000,798,91500203,false,false,9,2021-04-01,2021-12-31,0
2022-02-01,23270,2021-03-31,3,,,,,,,,,,,,,,,,,,,,,,,,,,,,,,,,,,,91500389,false,false,9,2020-04-01,2020-12-31,-1
2022-04-28,23270,2022-03-31,,270332000000,0.073,,,,,29815000000,0.214,30811000000,0.227,,19977000000,,218.33,,0.106,0.109,0.110,,296790000000,203429000000,0.663,2149.59,196687000000,32313000000,-8540000000,-6845000000,95706000000,,0.302,,,,,,true,false,12,2021-04-01,2022-03-31,0
2022-04-28,23270,2021-03-31,,251992000000,-0.083,,,,,24549000000,-0.135,25101000000,-0.112,,16982000000,,185.60,,0.103,0.098,0.097,,272223000000,186128000000,0.661,1965.32,179827000000,17544000000,10414000000,-7395000000,78579000000,,0.283,,,,,,true,false,12,2020-04-01,2021-03-31,-1
2022-04-28,23270,2023-03-31,,,,144000000000,,,,14500000000,,,,,9700000000,,106.01,,,,,,,,,,,,,,,,,,,,,,true,true,6,2022-04-01,2022-09-30,1
2022-04-28,23270,2023-03-31,,,,295000000000,,,,31000000000,,,,,21100000000,,230.60,,,,,,,,,,,,,,,,0.304,,,,,,true,true,12,2022-04-01,2023-03-31,1
2022-04-28,23270,2021-03-31,,,,,,,,,,,,,,,,,,,,,,,,,,,,,,52.50,,,,91501000,716,91500376,false,false,12,2020-04-01,2021-03-31,-1
2022-04-28,23270,2022-03-31,,,,,,,,,,,,,,,,,,,,,,,,,,,,,,66.00,,,,91501000,923,91500181,false,false,12,2021-04-01,2022-03-31,0
2022-04-28,23270,2023-03-31,,,,,,,,,,,,,,,,,,,,,,,,,,,,,,70.00,,,,,,,false,true,12,2022-04-01,2023-03-31,1
2022-08-02,23270,2023-03-31,1,,,,,,,6484000000,-0.119,,,,4352000000,,47.57,,,,,,303592000000,,,,,,,,,,,,,,,,true,false,3,2022-04-01,2022-06-30,0
2022-08-02,23270,2022-03-31,1,,,,,,,7363000000,,,,,4750000000,,51.92,,,,,,,,,,,,,,,,,,,,,,true,false,3,2021-04-01,2021-06-30,-1
2022-08-02,23270,2023-03-31,1,,,,,,,14500000000,0.023,,,,9700000000,,106.02,,,,,,,,,,,,,,,,,,,,,,true,true,6,2022-04-01,2022-09-30,0
2022-08-02,23270,2023-03-31,1,,,,,,,31000000000,0.037,,,,21100000000,,230.63,,,,,,,,,,,,,,,,,,,,,,true,true,12,2022-04-01,2023-03-31,0
2022-08-02,23270,2022-03-31,1,,,,,,,,,,,,,,,,,,,,325764000000,,,,,,,,,,,,,,,,true,false,12,2021-04-01,2022-03-31,-1
2022-08-02,23270,2022-03-31,1,,,,,,,,,,,,,,,,,,,,,,,,,,,,,66.00,,,,91501000,923,,false,false,12,2021-04-01,2022-03-31,-1
2022-08-02,23270,2023-03-31,1,,,,,,,,,,,,,,,,,,,,,,,,,,,,,70.00,,,,,,,false,true,12,2022-04-01,2023-03-31,0
2022-08-02,23270,2023-03-31,1,,,,,,,,,,,,,,,,,,,,,,,,,,,,,,,,,91501000,14323,91492073,false,false,3,2022-04-01,2022-06-30,0
2022-08-02,23270,2022-03-31,1,,,,,,,,,,,,,,,,,,,,,,,,,,,,,,,,,,,91500207,false,false,3,2021-04-01,2021-06-30,-1
2022-10-27,23270,2023-03-31,2,,,,,,,14004000000,-0.012,,,,9397000000,,102.71,,,,,,314383000000,,,,,,,,,,,,,,,,true,false,6,2022-04-01,2022-09-30,0
2022-10-27,23270,2022-03-31,2,,,,,,,14169000000,,,,,9460000000,,103.39,,,,,,,,,,,,,,,,,,,,,,true,false,6,2021-04-01,2021-09-30,-1
2022-10-27,23270,2023-03-31,2,,,,,,,31000000000,0.037,,,,21100000000,,230.61,,,,,,,,,,,,,,,,,,,,,,true,true,12,2022-04-01,2023-03-31,0
2022-10-27,23270,2022-03-31,2,,,,,,,,,,,,,,,,,,,,325764000000,,,,,,,,,,,,,,,,true,false,12,2021-04-01,2022-03-31,-1
2022-10-27,23270,2022-03-31,2,,,,,,,,,,,,,,,,,,,,,,,,,,,,,66.00,,,,91501000,923,,false,false,12,2021-04-01,2022-03-31,-1
2022-10-27,23270,2023-03-31,2,,,,,,,,,,,,,,,,,,,,,,,,,,,,,35.00,,,,,,,false,false,12,2022-04-01,2023-03-31,0
2022-10-27,23270,2023-03-31,2,,,,,,,,,,,,,,,,,,,,,,,,,,,,,70.00,,,,,,,false,true,12,2022-04-01,2023-03-31,0
2022-10-27,23270,2023-03-31,2,,,,,,,,,,,,,,,,,,,,,,,,,,,,,,,,,91501000,4845,91493140,false,false,6,2022-04-01,2022-09-30,0
2022-10-27,23270,2022-03-31,2,,,,,,,,,,,,,,,,,,,,,,,,,,,,,,,,,,,91500204,false,false,6,2021-04-01,2021-09-30,-1
2023-02-03,23270,2023-03-31,3,,,,,,,22323000000,0.007,,,,15099000000,,165.03,,,,,,308077000000,,,,,,,,,,,,,,,,true,false,9,2022-04-01,2022-12-31,0
2023-02-03,23270,2022-03-31,3,,,,,,,22175000000,,,,,15137000000,,165.44,,,,,,,,,,,,,,,,,,,,,,true,false,9,2021-04-01,2021-12-31,-1
2023-02-03,23270,2023-03-31,3,,,,,,,31000000000,0.037,,,,21100000000,,230.61,,,,,,,,,,,,,,,,,,,,,,true,true,12,2022-04-01,2023-03-31,0
2023-02-03,23270,2022-03-31,3,,,,,,,,,,,,,,,,,,,,325764000000,,,,,,,,,,,,,,,,true,false,12,2021-04-01,2022-03-31,-1
2023-02-03,23270,2022-03-31,3,,,,,,,,,,,,,,,,,,,,,,,,,,,,,66.00,,,,91501000,923,,false,false,12,2021-04-01,2022-03-31,-1
2023-02-03,23270,2023-03-31,3,,,,,,,,,,,,,,,,,,,,,,,,,,,,,35.00,,,,,,,false,false,12,2022-04-01,2023-03-31,0
2023-02-03,23270,2023-03-31,3,,,,,,,,,,,,,,,,,,,,,,,,,,,,,70.00,,,,,,,false,true,12,2022-04-01,2023-03-31,0
2023-02-03,23270,2023-03-31,3,,,,,,,,,,,,,,,,,,,,,,,,,,,,,,,,,91501000,4845,91494149,false,false,9,2022-04-01,2022-12-31,0
2023-02-03,23270,2022-03-31,3,,,,,,,,,,,,,,,,,,,,,,,,,,,,,,,,,,,91500203,false,false,9,2021-04-01,2021-12-31,-1
2023-04-28,23270,2023-03-31,,,,,,,,31738000000,0.062,,,,22000000000,,240.46,,,,,,319908000000,,,,,26032000000,-5635000000,-14943000000,,,0.312,,,,,,true,false,12,2022-04-01,2023-03-31,0
2023-04-28,23270,2022-03-31,,,,,,,,29886000000,,,,,20521000000,,224.27,,,,,,325764000000,,,,,38406000000,-8540000000,-12939000000,,,0.294,,,,,,true,false,12,2021-04-01,2022-03-31,-1
2023-04-28,23270,2024-03-31,,,,,,,,14000000000,-0.000,,,,9400000000,,102.74,,,,,,,,,,,,,,,,,,,,,,true,true,6,2023-04-01,2023-09-30,1
2023-04-28,23270,2024-03-31,,,,,,,,33500000000,0.055,,,,22800000000,,249.19,,,,,,,,,,,,,,,,0.321,,,,,,true,true,12,2023-04-01,2024-03-31,1
2023-04-28,23270,2022-03-31,,,,,,,,,,,,,,,,,,,,,,,,,,,,,,66.00,,,,91501000,923,91500181,false,false,12,2021-04-01,2022-03-31,-1
2023-04-28,23270,2023-03-31,,,,,,,,,,,,,,,,,,,,,,,,,,,,,,75.00,,,,91501000,4845,91494644,false,false,12,2022-04-01,2023-03-31,0
2023-04-28,23270,2024-03-31,,,,,,,,,,,,,,,,,,,,,,,,,,,,,,80.00,,,,,,,false,true,12,2023-04-01,2024-03-31,1
2023-07-28,23270,2024-03-31,1,,,,,,,6581000000,0.015,,,,4022000000,,43.97,,,,,,325638000000,,,,,,,,,,,,,,,,true,false,3,2023-04-01,2023-06-30,0
2023-07-28,23270,2023-03-31,1,,,,,,,6484000000,-0.119,,,,4352000000,,47.57,,,,,,,,,,,,,,,,,,,,,,true,false,3,2022-04-01,2022-06-30,-1
2023-07-28,23270,2024-03-31,1,,,,,,,14000000000,-0.000,,,,9400000000,,102.75,,,,,,,,,,,,,,,,,,,,,,true,true,6,2023-04-01,2023-09-30,0
2023-07-28,23270,2024-03-31,1,,,,,,,33500000000,0.055,,,,22800000000,,249.22,,,,,,,,,,,,,,,,,,,,,,true,true,12,2023-04-01,2024-03-31,0
2023-07-28,23270,2023-03-31,1,,,,,,,,,,,,,,,,,,,,319908000000,,,,,,,,,,,,,,,,true,false,12,2022-04-01,2023-03-31,-1
2023-07-28,23270,2023-03-31,1,,,,,,,,,,,,,,,,,,,,,,,,,,,,,75.00,,,,91501000,4845,,false,false,12,2022-04-01,2023-03-31,-1
2023-07-28,23270,2024-03-31,1,,,,,,,,,,,,,,,,,,,,,,,,,,,,,80.00,,,,,,,false,true,12,2023-04-01,2024-03-31,0
2023-07-28,23270,2024-03-31,1,,,,,,,,,,,,,,,,,,,,,,,,,,,,,,,,,91501000,18091,91487671,false,false,3,2023-04-01,2023-06-30,0
2023-07-28,23270,2023-03-31,1,,,,,,,,,,,,,,,,,,,,,,,,,,,,,,,,,,,91492073,false,false,3,2022-04-01,2022-06-30,-1
2023-10-27,23270,2024-03-31,2,,,,,,,14642000000,0.046,,,,9500000000,,103.84,,,,,,337009000000,,,,,,,,,,,,,,,,true,false,6,2023-04-01,2023-09-30,0
2023-10-27,23270,2023-03-31,2,,,,,,,14004000000,-0.012,,,,9397000000,,102.71,,,,,,,,,,,,,,,,,,,,,,true,false,6,2022-04-01,2022-09-30,-1
2023-10-27,23270,2024-03-31,2,,,,,,,33500000000,0.055,,,,22800000000,,249.21,,,,,,,,,,,,,,,,,,,,,,true,true,12,2023-04-01,2024-03-31,0
2023-10-27,23270,2023-03-31,2,,,,,,,,,,,,,,,,,,,,319908000000,,,,,,,,,,,,,,,,true,false,12,2022-04-01,2023-03-31,-1
2023-10-27,23270,2023-03-31,2,,,,,,,,,,,,,,,,,,,,,,,,,,,,,75.00,,,,91501000,4845,,false,false,12,2022-04-01,2023-03-31,-1
2023-10-27,23270,2024-03-31,2,,,,,,,,,,,,,,,,,,,,,,,,,,,,,40.00,,,,,,,false,false,12,2023-04-01,2024-03-31,0
2023-10-27,23270,2024-03-31,2,,,,,,,,,,,,,,,,,,,,,,,,,,,,,80.00,,,,,,,false,true,12,2023-04-01,2024-03-31,0
2023-10-27,23270,2024-03-31,2,,,,,,,,,,,,,,,,,,,,,,,,,,,,,,,,,91501000,8504,91489154,false,false,6,2023-04-01,2023-09-30,0
2023-10-27,23270,2023-03-31,2,,,,,,,,,,,,,,,,,,,,,,,,,,,,,,,,,,,91493140,false,false,6,2022-04-01,2022-09-30,-1
2024-02-02,23270,2024-03-31,3,,,,,,,23295000000,0.044,,,,15483000000,,169.24,,,,,,338649000000,,,,,,,,,,,,,,,,true,false,9,2023-04-01,2023-12-31,0
2024-02-02,23270,2023-03-31,3,,,,,,,22323000000,0.007,,,,15099000000,,165.03,,,,,,,,,,,,,,,,,,,,,,true,false,9,2022-04-01,2022-12-31,-1
2024-02-02,23270,2024-03-31,3,,,,,,,33500000000,0.055,,,,22800000000,,249.21,,,,,,,,,,,,,,,,,,,,,,true,true,12,2023-04-01,2024-03-31,0
2024-02-02,23270,2023-03-31,3,,,,,,,,,,,,,,,,,,,,319908000000,,,,,,,,,,,,,,,,true,false,12,2022-04-01,2023-03-31,-1
2024-02-02,23270,2023-03-31,3,,,,,,,,,,,,,,,,,,,,,,,,,,,,,75.00,,,,91501000,4845,,false,false,12,2022-04-01,2023-03-31,-1
2024-02-02,23270,2024-03-31,3,,,,,,,,,,,,,,,,,,,,,,,,,,,,,40.00,,,,,,,false,false,12,2023-04-01,2024-03-31,0
2024-02-02,23270,2024-03-31,3,,,,,,,,,,,,,,,,,,,,,,,,,,,,,80.00,,,,,,,false,true,12,2023-04-01,2024-03-31,0
2024-02-02,23270,2024-03-31,3,,,,,,,,,,,,,,,,,,,,,,,,,,,,,,,,,91501000,8504,91490272,false,false,9,2023-04-01,2023-12-31,0
2024-02-02,23270,2023-03-31,3,,,,,,,,,,,,,,,,,,,,,,,,,,,,,,,,,,,91494149,false,false,9,2022-04-01,2022-12-31,-1
2024-04-26,23270,2024-03-31,,,,,,,,35001000000,0.103,,,,24241000000,,264.96,,,,,,374637000000,,,,,26154000000,-8570000000,-15078000000,,,0.321,,,,,,true,false,12,2023-04-01,2024-03-31,0
2024-04-26,23270,2023-03-31,,,,,,,,31738000000,0.062,,,,22000000000,,240.46,,,,,,319908000000,,,,,26032000000,-5635000000,-14943000000,,,0.312,,,,,,true,false,12,2022-04-01,2023-03-31,-1
2024-04-26,23270,2025-03-31,,,,,,,,15000000000,0.024,,,,9800000000,,53.56,,,,,,,,,,,,,,,,,,,,,,true,true,6,2024-04-01,2024-09-30,1
2024-04-26,23270,2025-03-31,,,,,,,,36000000000,0.029,,,,24500000000,,133.89,,,,,,,,,,,,,,,,0.500,,,,,,true,true,12,2024-04-01,2025-03-31,1
2024-04-26,23270,2023-03-31,,,,,,,,,,,,,,,,,,,,,,,,,,,,,,75.00,,,,91501000,4845,91494644,false,false,12,2022-04-01,2023-03-31,-1
2024-04-26,23270,2024-03-31,,,,,,,,,,,,,,,,,,,,,,,,,,,,,,85.00,,,,91501000,8544,91490822,false,false,12,2023-04-01,2024-03-31,0
2024-04-26,23270,2025-03-31,,,,,,,,,,,,,,,,,,,,,,,,,,,,,,67.00,,,,,,,false,true,12,2024-04-01,2025-03-31,1
2024-07-30,23270,2025-03-31,1,,,,,,,8815000000,0.339,,,,5381000000,,29.41,,,,,,383724000000,,,,,,,,,,,,,,,,true,false,3,2024-04-01,2024-06-30,0
2024-07-30,23270,2024-03-31,1,,,,,,,6581000000,0.015,,,,4022000000,,21.99,,,,,,,,,,,,,,,,,,,,,,true,false,3,2023-04-01,2023-06-30,-1
2024-07-30,23270,2025-03-31,1,,,,,,,16000000000,0.093,,,,10500000000,,57.39,,,,,,,,,,,,,,,,,,,,,,true,true,6,2024-04-01,2024-09-30,0
2024-07-30,23270,2025-03-31,1,,,,,,,37000000000,0.057,,,,25200000000,,137.73,,,,,,,,,,,,,,,,,,,,,,true,true,12,2024-04-01,2025-03-31,0
2024-07-30,23270,2024-03-31,1,,,,,,,,,,,,,,,,,,,,374637000000,,,,,,,,,,,,,,,,true,false,12,2023-04-01,2024-03-31,-1
2024-07-30,23270,2024-03-31,1,,,,,,,,,,,,,,,,,,,,,,,,,,,,,85.00,,,,183002000,17088,,false,false,12,2023-04-01,2024-03-31,-1
2024-07-30,23270,2025-03-31,1,,,,,,,,,,,,,,,,,,,,,,,,,,,,,67.00,,,,,,,false,true,12,2024-04-01,2025-03-31,0
2024-07-30,23270,2025-03-31,1,,,,,,,,,,,,,,,,,,,,,,,,,,,,,,,,,183002000,41488,182969198,false,false,3,2024-04-01,2024-06-30,0
2024-07-30,23270,2024-03-31,1,,,,,,,,,,,,,,,,,,,,,,,,,,,,,,,,,,,182975342,false,false,3,2023-04-01,2023-06-30,-1
2024-10-29,23270,2025-03-31,2,,,,,,,18125000000,0.238,,,,12186000000,,66.60,,,,,,400012000000,,,,,,,,,,,,,,,,true,false,6,2024-04-01,2024-09-30,0
2024-10-29,23270,2024-03-31,2,,,,,,,14642000000,0.046,,,,9500000000,,51.92,,,,,,,,,,,,,,,,,,,,,,true,false,6,2023-04-01,2023-09-30,-1
2024-10-29,23270,2025-03-31,2,,,,,,,39000000000,0.114,,,,26500000000,,144.83,,,,,,,,,,,,,,,,,,,,,,true,true,12,2024-04-01,2025-03-31,0
2024-10-29,23270,2024-03-31,2,,,,,,,,,,,,,,,,,,,,374637000000,,,,,,,,,,,,,,,,true,false,12,2023-04-01,2024-03-31,-1
2024-10-29,23270,2024-03-31,2,,,,,,,,,,,,,,,,,,,,,,,,,,,,,85.00,,,,183002000,17088,,false,false,12,2023-04-01,2024-03-31,-1
2024-10-29,23270,2025-03-31,2,,,,,,,,,,,,,,,,,,,,,,,,,,,,,36.50,,,,,,,false,false,12,2024-04-01,2025-03-31,0
2024-10-29,23270,2025-03-31,2,,,,,,,,,,,,,,,,,,,,,,,,,,,,,73.00,,,,,,,false,true,12,2024-04-01,2025-03-31,0
2024-10-29,23270,2025-03-31,2,,,,,,,,,,,,,,,,,,,,,,,,,,,,,,,,,183002000,27710,182970475,false,false,6,2024-04-01,2024-09-30,0
2024-10-29,23270,2024-03-31,2,,,,,,,,,,,,,,,,,,,,,,,,,,,,,,,,,,,182978308,false,false,6,2023-04-01,2023-09-30,-1
2025-02-04,23270,2025-03-31,3,,,,,,,29587000000,0.270,,,,20401000000,,111.50,,,,,,392769000000,,,,,,,,,,,,,,,,true,false,9,2024-04-01,2024-12-31,0
2025-02-04,23270,2024-03-31,3,,,,,,,23295000000,0.044,,,,15483000000,,84.62,,,,,,,,,,,,,,,,,,,,,,true,false,9,2023-04-01,2023-12-31,-1
2025-02-04,23270,2025-03-31,3,,,,,,,39000000000,0.114,,,,26500000000,,144.83,,,,,,,,,,,,,,,,,,,,,,true,true,12,2024-04-01,2025-03-31,0
2025-02-04,23270,2024-03-31,3,,,,,,,,,,,,,,,,,,,,374637000000,,,,,,,,,,,,,,,,true,false,12,2023-04-01,2024-03-31,-1
2025-02-04,23270,2024-03-31,3,,,,,,,,,,,,,,,,,,,,,,,,,,,,,85.00,,,,183002000,17088,,false,false,12,2023-04-01,2024-03-31,-1
2025-02-04,23270,2025-03-31,3,,,,,,,,,,,,,,,,,,,,,,,,,,,,,36.50,,,,,,,false,false,12,2024-04-01,2025-03-31,0
2025-02-04,23270,2025-03-31,3,,,,,,,,,,,,,,,,,,,,,,,,,,,,,73.00,,,,,,,false,true,12,2024-04-01,2025-03-31,0
2025-02-04,23270,2025-03-31,3,,,,,,,,,,,,,,,,,,,,,,,,,,,,,,,,,183002000,27756,182971745,false,false,9,2024-04-01,2024-12-31,0
2025-02-04,23270,2024-03-31,3,,,,,,,,,,,,,,,,,,,,,,,,,,,,,,,,,,,182980544,false,false,9,2023-04-01,2023-12-31,-1
2025-04-28,23270,2025-03-31,,,,,,,,38497000000,0.100,,,,27049000000,,147.84,,,,,,421302000000,,,,,37207000000,70249000000,-18805000000,,,0.501,,,,,,true,false,12,2024-04-01,2025-03-31,0
2025-04-28,23270,2024-03-31,,,,,,,,35001000000,0.103,,,,24241000000,,132.48,,,,,,374637000000,,,,,26154000000,-8570000000,-15078000000,,,0.321,,,,,,true,false,12,2023-04-01,2024-03-31,-1
2025-04-28,23270,2026-03-31,,,,,,,,19000000000,0.048,,,,12600000000,,68.86,,,,,,,,,,,,,,,,,,,,,,true,true,6,2025-04-01,2025-09-30,1
2025-04-28,23270,2026-03-31,,,,,,,,43000000000,0.117,,,,29200000000,,159.59,,,,,,,,,,,,,,,,0.501,,,,,,true,true,12,2025-04-01,2026-03-31,1
2025-04-28,23270,2024-03-31,,,,,,,,,,,,,,,,,,,,,,,,,,,,,,85.00,,,,183002000,17088,182981644,false,false,12,2023-04-01,2024-03-31,-1
2025-04-28,23270,2025-03-31,,,,,,,,,,,,,,,,,,,,,,,,,,,,,,74.00,,,,183002000,27793,182972357,false,false,12,2024-04-01,2025-03-31,0
2025-04-28,23270,2026-03-31,,,,,,,,,,,,,,,,,,,,,,,,,,,,,,80.00,,,,,,,false,true,12,2025-04-01,2026-03-31,1
2025-04-28,23270,2025-03-31,,286197000000,0.070,,,,,29145000000,0.116,31945000000,0.129,74118000000,,1.888,,,,,,,,,,,,,,,,,,,,,,,false,true,12,2024-04-01,2025-03-31,0
2025-04-28,23270,2024-03-31,,267440000000,,,,,,26113000000,,28285000000,,25660000000,,,,,,,,,,,,,,,,,,,,,,,,,false,false,12,2023-04-01,2024-03-31,-1
2025-07-30,23270,2026-03-31,1,,,,,,,8485000000,-0.037,,,,5111000000,,27.93,,,,,,381386000000,,,,,,,,,,,,,,,,true,false,3,2025-04-01,2025-06-30,0
2025-07-30,23270,2025-03-31,1,,,,,,,8815000000,0.339,,,,5381000000,,29.41,,,,,,,,,,,,,,,,,,,,,,true,false,3,2024-04-01,2024-06-30,-1
2025-07-30,23270,2026-03-31,1,,,,,,,19000000000,0.048,,,,12600000000,,68.86,,,,,,,,,,,,,,,,,,,,,,true,true,6,2025-04-01,2025-09-30,0
2025-07-30,23270,2026-03-31,1,,,,,,,43000000000,0.117,,,,29200000000,,159.59,,,,,,,,,,,,,,,,,,,,,,true,true,12,2025-04-01,2026-03-31,0
2025-07-30,23270,2025-03-31,1,,,,,,,,,,,,,,,,,,,,421302000000,,,,,,,,,,,,,,,,true,false,12,2024-04-01,2025-03-31,-1
2025-07-30,23270,2025-03-31,1,,,,,,,,,,,,,,,,,,,,,,,,,,,,,74.00,,,,183002000,27793,,false,false,12,2024-04-01,2025-03-31,-1
2025-07-30,23270,2026-03-31,1,,,,,,,,,,,,,,,,,,,,,,,,,,,,,80.00,,,,,,,false,true,12,2025-04-01,2026-03-31,0
2025-07-30,23270,2026-03-31,1,,,,,,,,,,,,,,,,,,,,,,,,,,,,,,,,,183002000,27793,182974207,false,false,3,2025-04-01,2025-06-30,0
2025-07-30,23270,2025-03-31,1,,,,,,,,,,,,,,,,,,,,,,,,,,,,,,,,,,,182969198,false,false,3,2024-04-01,2024-06-30,-1
