filing_date,code,fiscal_year_end,quarterly_period,net_sales,net_sales_change,revenue,revenue_change,operating_revenue,operating_revenue_change,operating_profit,operating_profit_change,ordinary_profit,ordinary_profit_change,net_income,net_income_of_parent,net_income_change,eps,diluted_eps,roe,roa,operating_profit_to_net_sales,operating_profit_to_revenue,total_assets,net_assets,equity_ratio,bps,owner_equity,operating_cash_flow,investing_cash_flow,financing_cash_flow,cash,dividend_per_share,payout_ratio,commemorative_dividend,extra_dividend,number_of_shares,number_of_treqsury_shares,avg_number_of_shares,is_consolidated,is_forecast,duration,period_start,period_end,period_pos
2015-05-08,23310,2015-03-31,,365749000000,0.114,,,,,22971000000,0.213,24700000000,0.191,13534000000,,0.235,134.65,,0.078,0.069,0.063,,373863000000,204363000000,0.484,1800.15,180947000000,19666000000,-24295000000,6596000000,37976000000,,0.282,,,,,,true,false,12,2014-04-01,2015-03-31,0
2015-05-08,23310,2014-03-31,,328209000000,0.040,,,,,18932000000,0.606,20745000000,0.407,10955000000,,0.278,108.99,,0.070,0.065,0.058,,342495000000,180205000000,0.462,1574.74,158290000000,21056000000,-16701000000,-9142000000,35791000000,,0.275,,,,,,true,false,12,2013-04-01,2014-03-31,-1
2015-05-08,23310,2016-03-31,,187400000000,0.093,,,,,11600000000,0.440,12500000000,0.373,,6800000000,,67.65,,,,,,,,,,,,,,,,,,,,,,true,true,6,2015-04-01,2015-09-30,1
2015-05-08,23310,2016-03-31,,405000000000,0.107,,,,,29400000000,0.280,31000000000,0.255,,17000000000,,169.12,,,,,,,,,,,,,,,,0.237,,,,,,true,true,12,2015-04-01,2016-03-31,1
2015-05-08,23310,2015-03-31,,213006000000,0.062,,,,,12139000000,0.489,20475000000,0.154,14708000000,,-0.014,146.30,,,,,,266220000000,141283000000,0.531,1405.34,141283000000,,,,,38.00,,,,102040042,1521699,100518457,false,false,12,2014-04-01,2015-03-31,0
2015-05-08,23310,2014-03-31,,200635000000,0.020,,,,,8150000000,1.114,17736000000,1.449,14915000000,,1.864,148.36,,,,,,246437000000,124717000000,0.506,1240.56,124717000000,,,,,30.00,,,,102040042,1521424,100518951,false,false,12,2013-04-01,2014-03-31,-1
2015-05-08,23310,2016-03-31,,,,,,,,,,,,,,,,,,,,,,,,,,,,,,40.00,,,,,,,false,true,12,2015-04-01,2016-03-31,1
2015-07-30,23310,2016-03-31,1,89802000000,0.092,,,,,5571000000,0.737,5952000000,0.704,,3314000000,,32.97,,,,,,356378000000,205944000000,0.512,1815.83,182523000000,,,,,,,,,,,,true,false,3,2015-04-01,2015-06-30,0
2015-07-30,23310,2015-03-31,1,82267000000,0.065,,,,,3206000000,-0.044,3493000000,-0.050,,1722000000,,17.14,,,,,,,,,,,,,,,,,,,,,,true,false,3,2014-04-01,2014-06-30,-1
2015-07-30,23310,2016-03-31,1,187400000000,0.093,,,,,11600000000,0.440,12500000000,0.373,,6800000000,,67.65,,,,,,,,,,,,,,,,,,,,,,true,true,6,2015-04-01,2015-09-30,0
2015-07-30,23310,2016-03-31,1,405000000000,0.107,,,,,29400000000,0.280,31000000000,0.255,,17000000000,,169.12,,,,,,,,,,,,,,,,,,,,,,true,true,12,2015-04-01,2016-03-31,0
2015-07-30,23310,2015-03-31,1,,,,,,,,,,,,,,,,,,,,373863000000,204363000000,0.484,1800.15,180947000000,,,,,,,,,,,,true,false,12,2014-04-01,2015-03-31,-1
2015-07-30,23310,2015-03-31,1,,,,,,,,,,,,,,,,,,,,,,,,,,,,,38.00,,,,102040042,1521699,,false,false,12,2014-04-01,2015-03-31,-1
2015-07-30,23310,2016-03-31,1,,,,,,,,,,,,,,,,,,,,,,,,,,,,,40.00,,,,,,,false,true,12,2015-04-01,2016-03-31,0
2015-07-30,23310,2016-03-31,1,,,,,,,,,,,,,,,,,,,,,,,,,,,,,,,,,102040042,1521763,100518332,false,false,3,2015-04-01,2015-06-30,0
2015-07-30,23310,2015-03-31,1,,,,,,,,,,,,,,,,,,,,,,,,,,,,,,,,,,,100518582,false,false,3,2014-04-01,2014-06-30,-1
2015-10-30,23310,2016-03-31,2,183759000000,0.072,,,,,12522000000,0.555,13362000000,0.468,,7665000000,,76.26,,,,,,341609000000,209330000000,0.544,1847.16,185673000000,,,,,,,,,,,,true,false,6,2015-04-01,2015-09-30,0
2015-10-30,23310,2015-03-31,2,171471000000,0.084,,,,,8055000000,0.005,9100000000,0.036,,4881000000,,48.56,,,,,,,,,,,,,,,,,,,,,,true,false,6,2014-04-01,2014-09-30,-1
2015-10-30,23310,2016-03-31,2,405000000000,0.107,,,,,29400000000,0.280,31000000000,0.255,,17000000000,,169.12,,,,,,,,,,,,,,,,,,,,,,true,true,12,2015-04-01,2016-03-31,0
2015-10-30,23310,2015-03-31,2,,,,,,,,,,,,,,,,,,,,373863000000,204363000000,0.484,1800.15,180947000000,,,,,,,,,,,,true,false,12,2014-04-01,2015-03-31,-1
2015-10-30,23310,2015-03-31,2,,,,,,,,,,,,,,,,,,,,,,,,,,,,,38.00,,,,102040042,1521699,,false,false,12,2014-04-01,2015-03-31,-1
2015-10-30,23310,2016-03-31,2,,,,,,,,,,,,,,,,,,,,,,,,,,,,,20.00,,,,,,,false,false,12,2015-04-01,2016-03-31,0
2015-10-30,23310,2016-03-31,2,,,,,,,,,,,,,,,,,,,,,,,,,,,,,40.00,,,,,,,false,true,12,2015-04-01,2016-03-31,0
2015-10-30,23310,2016-03-31,2,,,,,,,,,,,,,,,,,,,,,,,,,,,,,,,,,102040042,1521763,100518305,false,false,6,2015-04-01,2015-09-30,0
2015-10-30,23310,2015-03-31,2,,,,,,,,,,,,,,,,,,,,,,,,,,,,,,,,,,,100518530,false,false,6,2014-04-01,2014-09-30,-1
2016-01-29,23310,2016-03-31,3,279284000000,0.060,,,,,19700000000,0.417,20996000000,0.370,,12218000000,,121.55,,,,,,367837000000,212733000000,0.513,1876.81,188653000000,,,,,,,,,,,,true,false,9,2015-04-01,2015-12-31,0
2016-01-29,23310,2015-03-31,3,263432000000,0.101,,,,,13903000000,0.083,15329000000,0.076,,8479000000,,84.36,,,,,,,,,,,,,,,,,,,,,,true,false,9,2014-04-01,2014-12-31,-1
2016-01-29,23310,2016-03-31,3,405000000000,0.107,,,,,29400000000,0.280,31000000000,0.255,,17000000000,,169.12,,,,,,,,,,,,,,,,,,,,,,true,true,12,2015-04-01,2016-03-31,0
2016-01-29,23310,2015-03-31,3,,,,,,,,,,,,,,,,,,,,373863000000,204363000000,0.484,1800.15,180947000000,,,,,,,,,,,,true,false,12,2014-04-01,2015-03-31,-1
2016-01-29,23310,2015-03-31,3,,,,,,,,,,,,,,,,,,,,,,,,,,,,,38.00,,,,102040042,1521699,,false,false,12,2014-04-01,2015-03-31,-1
2016-01-29,23310,2016-03-31,3,,,,,,,,,,,,,,,,,,,,,,,,,,,,,20.00,,,,,,,false,false,12,2015-04-01,2016-03-31,0
2016-01-29,23310,2016-03-31,3,,,,,,,,,,,,,,,,,,,,,,,,,,,,,40.00,,,,,,,false,true,12,2015-04-01,2016-03-31,0
2016-01-29,23310,2016-03-31,3,,,,,,,,,,,,,,,,,,,,,,,,,,,,,,,,,102040042,1521763,100518296,false,false,9,2015-04-01,2015-12-31,0
2016-01-29,23310,2015-03-31,3,,,,,,,,,,,,,,,,,,,,,,,,,,,,,,,,,,,100518490,false,false,9,2014-04-01,2014-12-31,-1
2016-05-10,23310,2016-03-31,,381818000000,0.044,,,,,29036000000,0.264,30667000000,0.242,,17868000000,,177.77,,0.099,0.085,0.076,,349561000000,205622000000,0.519,1805.09,181439000000,19678000000,-12808000000,-9176000000,35630000000,,0.281,,,,,,true,false,12,2015-04-01,2016-03-31,0
2016-05-10,23310,2015-03-31,,365749000000,0.114,,,,,22971000000,0.213,24700000000,0.191,,13534000000,,134.65,,0.078,0.069,0.063,,373863000000,204363000000,0.484,1800.15,180947000000,19666000000,-24295000000,6596000000,37976000000,,0.282,,,,,,true,false,12,2014-04-01,2015-03-31,-1
2016-05-10,23310,2017-03-31,,200500000000,0.091,,,,,12600000000,0.006,13700000000,0.025,,8400000000,,83.57,,,,,,,,,,,,,,,,,,,,,,true,true,6,2016-04-01,2016-09-30,1
2016-05-10,23310,2017-03-31,,425000000000,0.113,,,,,32800000000,0.130,35000000000,0.141,,22000000000,,218.87,,,,,,,,,,,,,,,,0.251,,,,,,true,true,12,2016-04-01,2017-03-31,1
2016-05-10,23310,2016-03-31,,220987000000,0.037,,,,,16409000000,0.352,23019000000,0.124,16690000000,,0.135,166.02,,,,,,248611000000,152589000000,0.614,1517.80,152589000000,,,,,50.00,,,,102040042,1524240,100518275,false,false,12,2015-04-01,2016-03-31,0
2016-05-10,23310,2015-03-31,,213006000000,0.062,,,,,12139000000,0.489,20475000000,0.154,14708000000,,-0.014,146.30,,,,,,266220000000,141283000000,0.531,1405.34,141283000000,,,,,38.00,,,,102040042,1521699,100518457,false,false,12,2014-04-01,2015-03-31,-1
2016-05-10,23310,2017-03-31,,,,,,,,,,,,,,,,,,,,,,,,,,,,,,55.00,,,,,,,false,true,12,2016-04-01,2017-03-31,1
2016-07-29,23310,2017-03-31,1,98545000000,0.097,,,,,5834000000,0.047,6284000000,0.056,,3563000000,,35.45,,,,,,360866000000,205236000000,0.502,1802.74,181194000000,,,,,,,,,,,,true,false,3,2016-04-01,2016-06-30,0
2016-07-29,23310,2016-03-31,1,89802000000,0.092,,,,,5571000000,0.737,5952000000,0.704,,3314000000,,32.97,,,,,,,,,,,,,,,,,,,,,,true,false,3,2015-04-01,2015-06-30,-1
2016-07-29,23310,2017-03-31,1,200500000000,0.091,,,,,12600000000,0.006,13700000000,0.025,,8400000000,,83.57,,,,,,,,,,,,,,,,,,,,,,true,true,6,2016-04-01,2016-09-30,0
2016-07-29,23310,2017-03-31,1,425000000000,0.113,,,,,32800000000,0.130,35000000000,0.141,,22000000000,,218.87,,,,,,,,,,,,,,,,,,,,,,true,true,12,2016-04-01,2017-03-31,0
2016-07-29,23310,2016-03-31,1,,,,,,,,,,,,,,,,,,,,349561000000,205622000000,0.519,1805.09,181439000000,,,,,,,,,,,,true,false,12,2015-04-01,2016-03-31,-1
2016-07-29,23310,2016-03-31,1,,,,,,,,,,,,,,,,,,,,,,,,,,,,,50.00,,,,102040042,1524240,,false,false,12,2015-04-01,2016-03-31,-1
2016-07-29,23310,2017-03-31,1,,,,,,,,,,,,,,,,,,,,,,,,,,,,,55.00,,,,,,,false,true,12,2016-04-01,2017-03-31,0
2016-07-29,23310,2017-03-31,1,,,,,,,,,,,,,,,,,,,,,,,,,,,,,,,,,102040042,1529602,100515743,false,false,3,2016-04-01,2016-06-30,0
2016-07-29,23310,2016-03-31,1,,,,,,,,,,,,,,,,,,,,,,,,,,,,,,,,,,,100518332,false,false,3,2015-04-01,2015-06-30,-1
2016-10-28,23310,2017-03-31,2,199206000000,0.084,,,,,12527000000,0.000,13480000000,0.009,,7950000000,,79.10,,,,,,356612000000,210791000000,0.523,1853.97,186343000000,,,,,,,,,,,,true,false,6,2016-04-01,2016-09-30,0
2016-10-28,23310,2016-03-31,2,183759000000,0.072,,,,,12522000000,0.555,13362000000,0.468,,7665000000,,76.26,,,,,,,,,,,,,,,,,,,,,,true,false,6,2015-04-01,2015-09-30,-1
2016-10-28,23310,2017-03-31,2,425000000000,0.113,,,,,32800000000,0.130,35000000000,0.141,,22000000000,,218.87,,,,,,,,,,,,,,,,,,,,,,true,true,12,2016-04-01,2017-03-31,0
2016-10-28,23310,2016-03-31,2,,,,,,,,,,,,,,,,,,,,349561000000,205622000000,0.519,1805.09,181439000000,,,,,,,,,,,,true,false,12,2015-04-01,2016-03-31,-1
2016-10-28,23310,2016-03-31,2,,,,,,,,,,,,,,,,,,,,,,,,,,,,,50.00,,,,102040042,1524240,,false,false,12,2015-04-01,2016-03-31,-1
2016-10-28,23310,2017-03-31,2,,,,,,,,,,,,,,,,,,,,,,,,,,,,,27.50,,,,,,,false,false,12,2016-04-01,2017-03-31,0
2016-10-28,23310,2017-03-31,2,,,,,,,,,,,,,,,,,,,,,,,,,,,,,55.00,,,,,,,false,true,12,2016-04-01,2017-03-31,0
2016-10-28,23310,2017-03-31,2,,,,,,,,,,,,,,,,,,,,,,,,,,,,,,,,,102040042,1529746,100513039,false,false,6,2016-04-01,2016-09-30,0
2016-10-28,23310,2016-03-31,2,,,,,,,,,,,,,,,,,,,,,,,,,,,,,,,,,,,100518305,false,false,6,2015-04-01,2015-09-30,-1
2017-01-31,23310,2017-03-31,3,301551000000,0.080,,,,,19713000000,0.001,21105000000,0.005,,12557000000,,124.93,,,,,,378094000000,215531000000,0.504,1894.82,190448000000,,,,,,,,,,,,true,false,9,2016-04-01,2016-12-31,0
2017-01-31,23310,2016-03-31,3,279284000000,0.060,,,,,19700000000,0.417,20996000000,0.370,,12218000000,,121.55,,,,,,,,,,,,,,,,,,,,,,true,false,9,2015-04-01,2015-12-31,-1
2017-01-31,23310,2017-03-31,3,425000000000,0.113,,,,,32800000000,0.130,35000000000,0.141,,22000000000,,218.87,,,,,,,,,,,,,,,,,,,,,,true,true,12,2016-04-01,2017-03-31,0
2017-01-31,23310,2016-03-31,3,,,,,,,,,,,,,,,,,,,,349561000000,205622000000,0.519,1805.09,181439000000,,,,,,,,,,,,true,false,12,2015-04-01,2016-03-31,-1
2017-01-31,23310,2016-03-31,3,,,,,,,,,,,,,,,,,,,,,,,,,,,,,50.00,,,,102040042,1524240,,false,false,12,2015-04-01,2016-03-31,-1
2017-01-31,23310,2017-03-31,3,,,,,,,,,,,,,,,,,,,,,,,,,,,,,27.50,,,,,,,false,false,12,2016-04-01,2017-03-31,0
2017-01-31,23310,2017-03-31,3,,,,,,,,,,,,,,,,,,,,,,,,,,,,,55.00,,,,,,,false,true,12,2016-04-01,2017-03-31,0
2017-01-31,23310,2017-03-31,3,,,,,,,,,,,,,,,,,,,,,,,,,,,,,,,,,102040042,1529893,100512115,false,false,9,2016-04-01,2016-12-31,0
2017-01-31,23310,2016-03-31,3,,,,,,,,,,,,,,,,,,,,,,,,,,,,,,,,,,,100518296,false,false,9,2015-04-01,2015-12-31,-1
2017-05-09,23310,2017-03-31,,413343000000,0.083,,,,,28422000000,-0.021,30309000000,-0.012,,18330000000,,182.37,,0.097,0.082,0.069,,385877000000,222230000000,0.510,1956.25,196622000000,54561000000,-22055000000,-20582000000,47549000000,,0.302,,,,,,true,false,12,2016-04-01,2017-03-31,0
2017-05-09,23310,2016-03-31,,381818000000,0.044,,,,,29036000000,0.264,30667000000,0.242,,17868000000,,177.77,,0.099,0.085,0.076,,349561000000,205622000000,0.519,1805.09,181439000000,19678000000,-12808000000,-9176000000,35630000000,,0.281,,,,,,true,false,12,2015-04-01,2016-03-31,-1
2017-05-09,23310,2018-03-31,,212000000000,0.064,,,,,14200000000,0.133,14900000000,0.105,,8800000000,,87.55,,,,,,,,,,,,,,,,,,,,,,true,true,6,2017-04-01,2017-09-30,1
2017-05-09,23310,2018-03-31,,440000000000,0.064,,,,,33400000000,0.175,35000000000,0.155,,21500000000,,213.91,,,,,,,,,,,,,,,,0.280,,,,,,true,true,12,2017-04-01,2018-03-31,1
2017-05-09,23310,2017-03-31,,229504000000,0.039,,,,,15502000000,-0.055,22112000000,-0.039,16632000000,,-0.003,165.44,,,,,,268269000000,164024000000,0.611,1631.55,164024000000,,,,,55.00,,,,102040042,1529900,100511630,false,false,12,2016-04-01,2017-03-31,0
2017-05-09,23310,2016-03-31,,220987000000,0.037,,,,,16409000000,0.352,23019000000,0.124,16690000000,,0.135,166.02,,,,,,248611000000,152589000000,0.614,1517.80,152589000000,,,,,50.00,,,,102040042,1524240,100518275,false,false,12,2015-04-01,2016-03-31,-1
2017-05-09,23310,2018-03-31,,,,,,,,,,,,,,,,,,,,,,,,,,,,,,60.00,,,,,,,false,true,12,2017-04-01,2018-03-31,1
2017-07-28,23310,2018-03-31,1,102107000000,0.036,,,,,5599000000,-0.040,6021000000,-0.042,,3392000000,,33.75,,,,,,370446000000,223816000000,0.535,1987.61,198247000000,,,,,,,,,,,,true,false,3,2017-04-01,2017-06-30,0
2017-07-28,23310,2017-03-31,1,98545000000,0.097,,,,,5834000000,0.047,6284000000,0.056,,3563000000,,35.45,,,,,,,,,,,,,,,,,,,,,,true,false,3,2016-04-01,2016-06-30,-1
2017-07-28,23310,2018-03-31,1,212000000000,0.064,,,,,14200000000,0.133,14900000000,0.105,,8800000000,,87.55,,,,,,,,,,,,,,,,,,,,,,true,true,6,2017-04-01,2017-09-30,0
2017-07-28,23310,2018-03-31,1,440000000000,0.064,,,,,33400000000,0.175,35000000000,0.155,,21500000000,,213.91,,,,,,,,,,,,,,,,,,,,,,true,true,12,2017-04-01,2018-03-31,0
2017-07-28,23310,2017-03-31,1,,,,,,,,,,,,,,,,,,,,385877000000,222230000000,0.510,1956.25,196622000000,,,,,,,,,,,,true,false,12,2016-04-01,2017-03-31,-1
2017-07-28,23310,2017-03-31,1,,,,,,,,,,,,,,,,,,,,,,,,,,,,,55.00,,,,102040042,1529900,,false,false,12,2016-04-01,2017-03-31,-1
2017-07-28,23310,2018-03-31,1,,,,,,,,,,,,,,,,,,,,,,,,,,,,,60.00,,,,,,,false,true,12,2017-04-01,2018-03-31,0
2017-07-28,23310,2018-03-31,1,,,,,,,,,,,,,,,,,,,,,,,,,,,,,,,,,102040042,1529955,100510098,false,false,3,2017-04-01,2017-06-30,0
2017-07-28,23310,2017-03-31,1,,,,,,,,,,,,,,,,,,,,,,,,,,,,,,,,,,,100515743,false,false,3,2016-04-01,2016-06-30,-1
2017-10-31,23310,2018-03-31,2,210121000000,0.055,,,,,12929000000,0.032,13813000000,0.025,,8056000000,,80.15,,,,,,375407000000,229477000000,0.542,2024.36,203468000000,,,,,,,,,,,,true,false,6,2017-04-01,2017-09-30,0
2017-10-31,23310,2017-03-31,2,199206000000,0.084,,,,,12527000000,0.000,13480000000,0.009,,7950000000,,79.10,,,,,,,,,,,,,,,,,,,,,,true,false,6,2016-04-01,2016-09-30,-1
2017-10-31,23310,2018-03-31,2,440000000000,0.064,,,,,33400000000,0.175,35000000000,0.155,,21500000000,,213.91,,,,,,,,,,,,,,,,,,,,,,true,true,12,2017-04-01,2018-03-31,0
2017-10-31,23310,2017-03-31,2,,,,,,,,,,,,,,,,,,,,385877000000,222230000000,0.510,1956.25,196622000000,,,,,,,,,,,,true,false,12,2016-04-01,2017-03-31,-1
2017-10-31,23310,2017-03-31,2,,,,,,,,,,,,,,,,,,,,,,,,,,,,,55.00,,,,102040042,1529900,,false,false,12,2016-04-01,2017-03-31,-1
2017-10-31,23310,2018-03-31,2,,,,,,,,,,,,,,,,,,,,,,,,,,,,,30.00,,,,,,,false,false,12,2017-04-01,2018-03-31,0
2017-10-31,23310,2018-03-31,2,,,,,,,,,,,,,,,,,,,,,,,,,,,,,60.00,,,,,,,false,true,12,2017-04-01,2018-03-31,0
2017-10-31,23310,2018-03-31,2,,,,,,,,,,,,,,,,,,,,,,,,,,,,,,,,,102040042,1529955,100510093,false,false,6,2017-04-01,2017-09-30,0
2017-10-31,23310,2017-03-31,2,,,,,,,,,,,,,,,,,,,,,,,,,,,,,,,,,,,100513039,false,false,6,2016-04-01,2016-09-30,-1
2018-01-31,23310,2018-03-31,3,319303000000,0.059,,,,,20630000000,0.047,21773000000,0.032,,12886000000,,128.03,,,,,,399315000000,232951000000,0.526,2075.92,210156000000,,,,,,,,,,,,true,false,9,2017-04-01,2017-12-31,0
2018-01-31,23310,2017-03-31,3,301551000000,0.080,,,,,19713000000,0.001,21105000000,0.005,,12557000000,,124.93,,,,,,,,,,,,,,,,,,,,,,true,false,9,2016-04-01,2016-12-31,-1
2018-01-31,23310,2018-03-31,3,440000000000,0.064,,,,,33400000000,0.175,35000000000,0.155,,21500000000,,213.91,,,,,,,,,,,,,,,,,,,,,,true,true,12,2017-04-01,2018-03-31,0
2018-01-31,23310,2017-03-31,3,,,,,,,,,,,,,,,,,,,,385877000000,222230000000,0.510,1956.25,196622000000,,,,,,,,,,,,true,false,12,2016-04-01,2017-03-31,-1
2018-01-31,23310,2017-03-31,3,,,,,,,,,,,,,,,,,,,,,,,,,,,,,55.00,,,,102040042,1529900,,false,false,12,2016-04-01,2017-03-31,-1
2018-01-31,23310,2018-03-31,3,,,,,,,,,,,,,,,,,,,,,,,,,,,,,30.00,,,,,,,false,false,12,2017-04-01,2018-03-31,0
2018-01-31,23310,2018-03-31,3,,,,,,,,,,,,,,,,,,,,,,,,,,,,,60.00,,,,,,,false,true,12,2017-04-01,2018-03-31,0
2018-01-31,23310,2018-03-31,3,,,,,,,,,,,,,,,,,,,,,,,,,,,,,,,,,102040042,804563,100647269,false,false,9,2017-04-01,2017-12-31,0
2018-01-31,23310,2017-03-31,3,,,,,,,,,,,,,,,,,,,,,,,,,,,,,,,,,,,100512115,false,false,9,2016-04-01,2016-12-31,-1
2018-05-08,23310,2018-03-31,,435982000000,0.055,,,,,30111000000,0.059,31913000000,0.053,,19344000000,,191.93,,0.093,0.082,0.069,,397164000000,241382000000,0.549,2155.74,218237000000,25496000000,-19125000000,-13429000000,40484000000,,0.313,,,,,,true,false,12,2017-04-01,2018-03-31,0
2018-05-08,23310,2017-03-31,,413343000000,0.083,,,,,28422000000,-0.021,30309000000,-0.012,,18330000000,,182.37,,0.097,0.082,0.069,,385877000000,222230000000,0.510,1956.25,196622000000,54561000000,-22055000000,-20582000000,47549000000,,0.302,,,,,,true,false,12,2016-04-01,2017-03-31,-1
2018-05-08,23310,2019-03-31,,217500000000,0.035,,,,,14100000000,0.091,14900000000,0.079,,9000000000,,88.90,,,,,,,,,,,,,,,,,,,,,,true,true,6,2018-04-01,2018-09-30,1
2018-05-08,23310,2019-03-31,,450000000000,0.032,,,,,33100000000,0.099,35000000000,0.097,,22000000000,,217.32,,,,,,,,,,,,,,,,0.285,,,,,,true,true,12,2018-04-01,2019-03-31,1
2018-05-08,23310,2018-03-31,,232697000000,0.014,,,,,16258000000,0.049,23720000000,0.073,17971000000,,0.081,178.26,,,,,,270418000000,180363000000,0.667,1781.22,180363000000,,,,,60.00,,,,102040042,804593,100792300,false,false,12,2017-04-01,2018-03-31,0
2018-05-08,23310,2017-03-31,,229504000000,0.039,,,,,15502000000,-0.055,22112000000,-0.039,16632000000,,-0.003,165.44,,,,,,268269000000,164024000000,0.611,1631.55,164024000000,,,,,55.00,,,,102040042,1529900,100511630,false,false,12,2016-04-01,2017-03-31,-1
2018-05-08,23310,2019-03-31,,,,,,,,,,,,,,,,,,,,,,,,,,,,,,62.00,,,,,,,false,true,12,2018-04-01,2019-03-31,1
2018-08-01,23310,2019-03-31,1,104531000000,0.024,,,,,5937000000,0.060,6079000000,0.010,,3462000000,,34.21,,,,,,390774000000,241816000000,0.560,2161.87,218858000000,,,,,,,,,,,,true,false,3,2018-04-01,2018-06-30,0
2018-08-01,23310,2018-03-31,1,102107000000,0.036,,,,,5599000000,-0.040,6021000000,-0.042,,3392000000,,33.75,,,,,,,,,,,,,,,,,,,,,,true,false,3,2017-04-01,2017-06-30,-1
2018-08-01,23310,2019-03-31,1,217500000000,0.035,,,,,14100000000,0.091,14900000000,0.079,,9000000000,,88.90,,,,,,,,,,,,,,,,,,,,,,true,true,6,2018-04-01,2018-09-30,0
2018-08-01,23310,2019-03-31,1,450000000000,0.032,,,,,33100000000,0.099,35000000000,0.097,,22000000000,,217.32,,,,,,,,,,,,,,,,,,,,,,true,true,12,2018-04-01,2019-03-31,0
2018-08-01,23310,2018-03-31,1,,,,,,,,,,,,,,,,,,,,396635000000,241382000000,0.550,2155.74,218237000000,,,,,,,,,,,,true,false,12,2017-04-01,2018-03-31,-1
2018-08-01,23310,2018-03-31,1,,,,,,,,,,,,,,,,,,,,,,,,,,,,,60.00,,,,102040042,804593,,false,false,12,2017-04-01,2018-03-31,-1
2018-08-01,23310,2019-03-31,1,,,,,,,,,,,,,,,,,,,,,,,,,,,,,62.00,,,,,,,false,true,12,2018-04-01,2019-03-31,0
2018-08-01,23310,2019-03-31,1,,,,,,,,,,,,,,,,,,,,,,,,,,,,,,,,,102040042,804637,101235443,false,false,3,2018-04-01,2018-06-30,0
2018-08-01,23310,2018-03-31,1,,,,,,,,,,,,,,,,,,,,,,,,,,,,,,,,,,,100510098,false,false,3,2017-04-01,2017-06-30,-1
2018-10-31,23310,2019-03-31,2,215384000000,0.025,,,,,13879000000,0.073,14521000000,0.051,,8815000000,,87.08,,,,,,393797000000,248103000000,0.571,2220.39,224782000000,,,,,,,,,,,,true,false,6,2018-04-01,2018-09-30,0
2018-10-31,23310,2018-03-31,2,210121000000,0.055,,,,,12929000000,0.032,13813000000,0.025,,8056000000,,80.15,,,,,,,,,,,,,,,,,,,,,,true,false,6,2017-04-01,2017-09-30,-1
2018-10-31,23310,2019-03-31,2,450000000000,0.032,,,,,33100000000,0.099,35000000000,0.097,,22000000000,,217.32,,,,,,,,,,,,,,,,,,,,,,true,true,12,2018-04-01,2019-03-31,0
2018-10-31,23310,2018-03-31,2,,,,,,,,,,,,,,,,,,,,396635000000,241382000000,0.550,2155.74,218237000000,,,,,,,,,,,,true,false,12,2017-04-01,2018-03-31,-1
2018-10-31,23310,2018-03-31,2,,,,,,,,,,,,,,,,,,,,,,,,,,,,,60.00,,,,102040042,804593,,false,false,12,2017-04-01,2018-03-31,-1
2018-10-31,23310,2019-03-31,2,,,,,,,,,,,,,,,,,,,,,,,,,,,,,31.00,,,,,,,false,false,12,2018-04-01,2019-03-31,0
2018-10-31,23310,2019-03-31,2,,,,,,,,,,,,,,,,,,,,,,,,,,,,,62.00,,,,,,,false,true,12,2018-04-01,2019-03-31,0
2018-10-31,23310,2019-03-31,2,,,,,,,,,,,,,,,,,,,,,,,,,,,,,,,,,102040042,804637,101235424,false,false,6,2018-04-01,2018-09-30,0
2018-10-31,23310,2018-03-31,2,,,,,,,,,,,,,,,,,,,,,,,,,,,,,,,,,,,100510093,false,false,6,2017-04-01,2017-09-30,-1
2019-01-31,23310,2019-03-31,3,324710000000,0.017,,,,,21787000000,0.056,22848000000,0.049,,13850000000,,136.81,,,,,,417918000000,249354000000,0.540,2230.76,225831000000,,,,,,,,,,,,true,false,9,2018-04-01,2018-12-31,0
2019-01-31,23310,2018-03-31,3,319303000000,0.059,,,,,20630000000,0.047,21773000000,0.032,,12886000000,,128.03,,,,,,,,,,,,,,,,,,,,,,true,false,9,2017-04-01,2017-12-31,-1
2019-01-31,23310,2019-03-31,3,450000000000,0.032,,,,,33100000000,0.099,35000000000,0.097,,22000000000,,217.32,,,,,,,,,,,,,,,,,,,,,,true,true,12,2018-04-01,2019-03-31,0
2019-01-31,23310,2018-03-31,3,,,,,,,,,,,,,,,,,,,,396635000000,241382000000,0.550,2155.74,218237000000,,,,,,,,,,,,true,false,12,2017-04-01,2018-03-31,-1
2019-01-31,23310,2018-03-31,3,,,,,,,,,,,,,,,,,,,,,,,,,,,,,60.00,,,,102040042,804593,,false,false,12,2017-04-01,2018-03-31,-1
2019-01-31,23310,2019-03-31,3,,,,,,,,,,,,,,,,,,,,,,,,,,,,,31.00,,,,,,,false,false,12,2018-04-01,2019-03-31,0
2019-01-31,23310,2019-03-31,3,,,,,,,,,,,,,,,,,,,,,,,,,,,,,62.00,,,,,,,false,true,12,2018-04-01,2019-03-31,0
2019-01-31,23310,2019-03-31,3,,,,,,,,,,,,,,,,,,,,,,,,,,,,,,,,,102040042,804557,101235434,false,false,9,2018-04-01,2018-12-31,0
2019-01-31,23310,2018-03-31,3,,,,,,,,,,,,,,,,,,,,,,,,,,,,,,,,,,,100647269,false,false,9,2017-04-01,2017-12-31,-1
2019-05-10,23310,2019-03-31,,443535000000,0.017,,,,,32280000000,0.072,33881000000,0.062,,22269000000,,219.98,,0.099,0.084,0.073,,410113000000,257098000000,0.568,2302.38,233082000000,28771000000,-14911000000,-10934000000,43435000000,,0.300,,,,,,true,false,12,2018-04-01,2019-03-31,0
2019-05-10,23310,2018-03-31,,435982000000,0.055,,,,,30111000000,0.059,31913000000,0.053,,19344000000,,191.93,,0.093,0.082,0.069,,396635000000,241382000000,0.550,2155.74,218237000000,25496000000,-19125000000,-13429000000,40484000000,,0.313,,,,,,true,false,12,2017-04-01,2018-03-31,-1
2019-05-10,23310,2020-03-31,,223800000000,0.039,,,,,15300000000,0.102,16200000000,0.116,,10100000000,,99.77,,,,,,,,,,,,,,,,,,,,,,true,true,6,2019-04-01,2019-09-30,1
2019-05-10,23310,2020-03-31,,465000000000,0.048,,,,,34600000000,0.072,36500000000,0.077,,23000000000,,227.19,,,,,,,,,,,,,,,,0.304,,,,,,true,true,12,2019-04-01,2020-03-31,1
2019-05-10,23310,2019-03-31,,235938000000,0.014,,,,,16357000000,0.006,24326000000,0.026,19374000000,,0.078,191.33,,,,,,281811000000,192758000000,0.684,1903.63,192758000000,,,,,66.00,,,,102040042,804557,101235446,false,false,12,2018-04-01,2019-03-31,0
2019-05-10,23310,2018-03-31,,232697000000,0.014,,,,,16258000000,0.049,23720000000,0.073,17971000000,,0.081,178.26,,,,,,270418000000,180363000000,0.667,1781.22,180363000000,,,,,60.00,,,,102040042,804593,100792300,false,false,12,2017-04-01,2018-03-31,-1
2019-05-10,23310,2020-03-31,,,,,,,,,,,,,,,,,,,,,,,,,,,,,,69.00,,,,,,,false,true,12,2019-04-01,2020-03-31,1
2019-07-31,23310,2020-03-31,1,109423000000,0.047,,,,,7181000000,0.210,7717000000,0.269,,4547000000,,44.92,,,,,,418388000000,257818000000,0.559,2309.25,233778000000,,,,,,,,,,,,true,false,3,2019-04-01,2019-06-30,0
2019-07-31,23310,2019-03-31,1,104531000000,0.024,,,,,5937000000,0.060,6079000000,0.010,,3462000000,,34.21,,,,,,,,,,,,,,,,,,,,,,true,false,3,2018-04-01,2018-06-30,-1
2019-07-31,23310,2020-03-31,1,223800000000,0.039,,,,,15300000000,0.102,16200000000,0.116,,10100000000,,99.77,,,,,,,,,,,,,,,,,,,,,,true,true,6,2019-04-01,2019-09-30,0
2019-07-31,23310,2020-03-31,1,465000000000,0.048,,,,,34600000000,0.072,36500000000,0.077,,23000000000,,227.19,,,,,,,,,,,,,,,,,,,,,,true,true,12,2019-04-01,2020-03-31,0
2019-07-31,23310,2019-03-31,1,,,,,,,,,,,,,,,,,,,,410113000000,257098000000,0.568,2302.38,233082000000,,,,,,,,,,,,true,false,12,2018-04-01,2019-03-31,-1
2019-07-31,23310,2019-03-31,1,,,,,,,,,,,,,,,,,,,,,,,,,,,,,66.00,,,,102040042,804557,,false,false,12,2018-04-01,2019-03-31,-1
2019-07-31,23310,2020-03-31,1,,,,,,,,,,,,,,,,,,,,,,,,,,,,,69.00,,,,,,,false,true,12,2019-04-01,2020-03-31,0
2019-07-31,23310,2020-03-31,1,,,,,,,,,,,,,,,,,,,,,,,,,,,,,,,,,102040042,804653,101235424,false,false,3,2019-04-01,2019-06-30,0
2019-07-31,23310,2019-03-31,1,,,,,,,,,,,,,,,,,,,,,,,,,,,,,,,,,,,101235443,false,false,3,2018-04-01,2018-06-30,-1
2019-10-31,23310,2020-03-31,2,225204000000,0.046,,,,,16222000000,0.169,17256000000,0.188,,10574000000,,104.46,,,,,,447413000000,264760000000,0.537,2374.34,240367000000,,,,,,,,,,,,true,false,6,2019-04-01,2019-09-30,0
2019-10-31,23310,2019-03-31,2,215384000000,0.025,,,,,13879000000,0.073,14521000000,0.051,,8815000000,,87.08,,,,,,,,,,,,,,,,,,,,,,true,false,6,2018-04-01,2018-09-30,-1
2019-10-31,23310,2020-03-31,2,465000000000,0.048,,,,,34600000000,0.072,36500000000,0.077,,23000000000,,227.19,,,,,,,,,,,,,,,,,,,,,,true,true,12,2019-04-01,2020-03-31,0
2019-10-31,23310,2019-03-31,2,,,,,,,,,,,,,,,,,,,,410113000000,257098000000,0.568,2302.38,233082000000,,,,,,,,,,,,true,false,12,2018-04-01,2019-03-31,-1
2019-10-31,23310,2019-03-31,2,,,,,,,,,,,,,,,,,,,,,,,,,,,,,66.00,,,,102040042,804557,,false,false,12,2018-04-01,2019-03-31,-1
2019-10-31,23310,2020-03-31,2,,,,,,,,,,,,,,,,,,,,,,,,,,,,,34.50,,,,,,,false,false,12,2019-04-01,2020-03-31,0
2019-10-31,23310,2020-03-31,2,,,,,,,,,,,,,,,,,,,,,,,,,,,,,69.00,,,,,,,false,true,12,2019-04-01,2020-03-31,0
2019-10-31,23310,2020-03-31,2,,,,,,,,,,,,,,,,,,,,,,,,,,,,,,,,,102040042,804787,101235368,false,false,6,2019-04-01,2019-09-30,0
2019-10-31,23310,2019-03-31,2,,,,,,,,,,,,,,,,,,,,,,,,,,,,,,,,,,,101235424,false,false,6,2018-04-01,2018-09-30,-1
2020-01-31,23310,2020-03-31,3,339040000000,0.044,,,,,25517000000,0.171,26999000000,0.182,,16572000000,,163.70,,,,,,462095000000,268824000000,0.528,2410.13,243990000000,,,,,,,,,,,,true,false,9,2019-04-01,2019-12-31,0
2020-01-31,23310,2019-03-31,3,324710000000,0.017,,,,,21787000000,0.056,22848000000,0.049,,13850000000,,136.81,,,,,,,,,,,,,,,,,,,,,,true,false,9,2018-04-01,2018-12-31,-1
2020-01-31,23310,2020-03-31,3,465000000000,0.048,,,,,34600000000,0.072,36500000000,0.077,,23000000000,,227.19,,,,,,,,,,,,,,,,,,,,,,true,true,12,2019-04-01,2020-03-31,0
2020-01-31,23310,2019-03-31,3,,,,,,,,,,,,,,,,,,,,410113000000,257098000000,0.568,2302.38,233082000000,,,,,,,,,,,,true,false,12,2018-04-01,2019-03-31,-1
2020-01-31,23310,2019-03-31,3,,,,,,,,,,,,,,,,,,,,,,,,,,,,,66.00,,,,102040042,804557,,false,false,12,2018-04-01,2019-03-31,-1
2020-01-31,23310,2020-03-31,3,,,,,,,,,,,,,,,,,,,,,,,,,,,,,34.50,,,,,,,false,false,12,2019-04-01,2020-03-31,0
2020-01-31,23310,2020-03-31,3,,,,,,,,,,,,,,,,,,,,,,,,,,,,,69.00,,,,,,,false,true,12,2019-04-01,2020-03-31,0
2020-01-31,23310,2020-03-31,3,,,,,,,,,,,,,,,,,,,,,,,,,,,,,,,,,102040042,804856,101235316,false,false,9,2019-04-01,2019-12-31,0
2020-01-31,23310,2019-03-31,3,,,,,,,,,,,,,,,,,,,,,,,,,,,,,,,,,,,101235434,false,false,9,2018-04-01,2018-12-31,-1
2020-05-12,23310,2020-03-31,,460118000000,0.037,,,,,36795000000,0.140,38880000000,0.148,,24163000000,,238.69,,0.101,0.093,0.080,,428796000000,270432000000,0.573,2425.02,245497000000,33896000000,-13395000000,-15113000000,48790000000,,0.293,,,,,,true,false,12,2019-04-01,2020-03-31,0
2020-05-12,23310,2019-03-31,,443535000000,0.017,,,,,32280000000,0.072,33881000000,0.062,,22269000000,,219.98,,0.099,0.084,0.073,,410113000000,257098000000,0.568,2302.38,233082000000,28771000000,-14911000000,-10934000000,43435000000,,0.300,,,,,,true,false,12,2018-04-01,2019-03-31,-1
2020-05-12,23310,2021-03-31,,232000000000,0.030,,,,,15800000000,-0.026,16600000000,-0.038,,9900000000,,97.79,,,,,,,,,,,,,,,,,,,,,,true,true,6,2020-04-01,2020-09-30,1
2020-05-12,23310,2021-03-31,,485000000000,0.054,,,,,37600000000,0.022,39200000000,0.008,,24700000000,,243.99,,,,,,,,,,,,,,,,0.287,,,,,,true,true,12,2020-04-01,2021-03-31,1
2020-05-12,23310,2020-03-31,,243265000000,0.031,,,,,19634000000,0.200,28625000000,0.177,21979000000,,0.134,217.06,,,,,,299151000000,206558000000,0.690,2039.93,206558000000,,,,,70.00,,,,102040042,804877,101235280,false,false,12,2019-04-01,2020-03-31,0
2020-05-12,23310,2019-03-31,,235938000000,0.014,,,,,16357000000,0.006,24326000000,0.026,19374000000,,0.078,191.33,,,,,,281811000000,192758000000,0.684,1903.63,192758000000,,,,,66.00,,,,102040042,804557,101235446,false,false,12,2018-04-01,2019-03-31,-1
2020-05-12,23310,2021-03-31,,,,,,,,,,,,,,,,,,,,,,,,,,,,,,70.00,,,,,,,false,true,12,2020-04-01,2021-03-31,1
2020-07-31,23310,2021-03-31,1,110188000000,0.007,,,,,7378000000,0.027,7664000000,-0.007,,4503000000,,44.48,,,,,,459794000000,272507000000,0.538,2443.21,247339000000,,,,,,,,,,,,true,false,3,2020-04-01,2020-06-30,0
2020-07-31,23310,2020-03-31,1,109423000000,0.047,,,,,7181000000,0.210,7717000000,0.269,,4547000000,,44.92,,,,,,,,,,,,,,,,,,,,,,true,false,3,2019-04-01,2019-06-30,-1
2020-07-31,23310,2021-03-31,1,232000000000,0.030,,,,,15800000000,-0.026,16600000000,-0.038,,9900000000,,97.79,,,,,,,,,,,,,,,,,,,,,,true,true,6,2020-04-01,2020-09-30,0
2020-07-31,23310,2021-03-31,1,485000000000,0.054,,,,,37600000000,0.022,39200000000,0.008,,24700000000,,243.99,,,,,,,,,,,,,,,,,,,,,,true,true,12,2020-04-01,2021-03-31,0
2020-07-31,23310,2020-03-31,1,,,,,,,,,,,,,,,,,,,,428796000000,270432000000,0.573,2425.02,245497000000,,,,,,,,,,,,true,false,12,2019-04-01,2020-03-31,-1
2020-07-31,23310,2020-03-31,1,,,,,,,,,,,,,,,,,,,,,,,,,,,,,70.00,,,,102040042,804877,,false,false,12,2019-04-01,2020-03-31,-1
2020-07-31,23310,2021-03-31,1,,,,,,,,,,,,,,,,,,,,,,,,,,,,,70.00,,,,,,,false,true,12,2020-04-01,2021-03-31,0
2020-07-31,23310,2021-03-31,1,,,,,,,,,,,,,,,,,,,,,,,,,,,,,,,,,102040042,804878,101235176,false,false,3,2020-04-01,2020-06-30,0
2020-07-31,23310,2020-03-31,1,,,,,,,,,,,,,,,,,,,,,,,,,,,,,,,,,,,101235424,false,false,3,2019-04-01,2019-06-30,-1
2020-10-30,23310,2021-03-31,2,225889000000,0.003,,,,,15837000000,-0.024,16466000000,-0.046,,9960000000,,98.39,,,,,,452364000000,278932000000,0.560,2501.99,253288000000,,,,,,,,,,,,true,false,6,2020-04-01,2020-09-30,0
2020-10-30,23310,2020-03-31,2,225204000000,0.046,,,,,16222000000,0.169,17256000000,0.188,,10574000000,,104.46,,,,,,,,,,,,,,,,,,,,,,true,false,6,2019-04-01,2019-09-30,-1
2020-10-30,23310,2021-03-31,2,485000000000,0.054,,,,,37600000000,0.022,39200000000,0.008,,24700000000,,243.99,,,,,,,,,,,,,,,,,,,,,,true,true,12,2020-04-01,2021-03-31,0
2020-10-30,23310,2020-03-31,2,,,,,,,,,,,,,,,,,,,,428796000000,270432000000,0.573,2425.02,245497000000,,,,,,,,,,,,true,false,12,2019-04-01,2020-03-31,-1
2020-10-30,23310,2020-03-31,2,,,,,,,,,,,,,,,,,,,,,,,,,,,,,70.00,,,,102040042,804877,,false,false,12,2019-04-01,2020-03-31,-1
2020-10-30,23310,2021-03-31,2,,,,,,,,,,,,,,,,,,,,,,,,,,,,,35.00,,,,,,,false,false,12,2020-04-01,2021-03-31,0
2020-10-30,23310,2021-03-31,2,,,,,,,,,,,,,,,,,,,,,,,,,,,,,70.00,,,,,,,false,true,12,2020-04-01,2021-03-31,0
2020-10-30,23310,2021-03-31,2,,,,,,,,,,,,,,,,,,,,,,,,,,,,,,,,,102040042,804996,101235052,false,false,6,2020-04-01,2020-09-30,0
2020-10-30,23310,2020-03-31,2,,,,,,,,,,,,,,,,,,,,,,,,,,,,,,,,,,,101235368,false,false,6,2019-04-01,2019-09-30,-1
2021-01-29,23310,2021-03-31,3,342408000000,0.010,,,,,25130000000,-0.015,26243000000,-0.028,,15917000000,,157.23,,,,,,483716000000,282601000000,0.530,2533.45,256474000000,,,,,,,,,,,,true,false,9,2020-04-01,2020-12-31,0
2021-01-29,23310,2020-03-31,3,339040000000,0.044,,,,,25517000000,0.171,26999000000,0.182,,16572000000,,163.70,,,,,,,,,,,,,,,,,,,,,,true,false,9,2019-04-01,2019-12-31,-1
2021-01-29,23310,2021-03-31,3,485000000000,0.054,,,,,37600000000,0.022,39200000000,0.008,,24700000000,,243.99,,,,,,,,,,,,,,,,,,,,,,true,true,12,2020-04-01,2021-03-31,0
2021-01-29,23310,2020-03-31,3,,,,,,,,,,,,,,,,,,,,428796000000,270432000000,0.573,2425.02,245497000000,,,,,,,,,,,,true,false,12,2019-04-01,2020-03-31,-1
2021-01-29,23310,2020-03-31,3,,,,,,,,,,,,,,,,,,,,,,,,,,,,,70.00,,,,102040042,804877,,false,false,12,2019-04-01,2020-03-31,-1
2021-01-29,23310,2021-03-31,3,,,,,,,,,,,,,,,,,,,,,,,,,,,,,35.00,,,,,,,false,false,12,2020-04-01,2021-03-31,0
2021-01-29,23310,2021-03-31,3,,,,,,,,,,,,,,,,,,,,,,,,,,,,,70.00,,,,,,,false,true,12,2020-04-01,2021-03-31,0
2021-01-29,23310,2021-03-31,3,,,,,,,,,,,,,,,,,,,,,,,,,,,,,,,,,102040042,804996,101235050,false,false,9,2020-04-01,2020-12-31,0
2021-01-29,23310,2020-03-31,3,,,,,,,,,,,,,,,,,,,,,,,,,,,,,,,,,,,101235316,false,false,9,2019-04-01,2019-12-31,-1
2021-05-11,23310,2021-03-31,,469920000000,0.021,,,,,37182000000,0.011,39212000000,0.009,,25014000000,,247.09,,0.096,0.086,0.079,,481465000000,304427000000,0.576,2741.27,277512000000,55522000000,-38452000000,-12714000000,53143000000,,0.291,,,,,,true,false,12,2020-04-01,2021-03-31,0
2021-05-11,23310,2020-03-31,,460118000000,0.037,,,,,36795000000,0.140,38880000000,0.148,,24163000000,,238.69,,0.101,0.093,0.080,,428796000000,270432000000,0.573,2425.02,245497000000,33896000000,-13395000000,-15113000000,48790000000,,0.293,,,,,,true,false,12,2019-04-01,2020-03-31,-1
2021-05-11,23310,2022-03-31,,249000000000,0.102,,,,,19100000000,0.206,19800000000,0.202,,12500000000,,123.48,,,,,,,,,,,,,,,,,,,,,,true,true,6,2021-04-01,2021-09-30,1
2021-05-11,23310,2022-03-31,,500500000000,0.065,,,,,42100000000,0.132,43500000000,0.109,,27500000000,,271.65,,,,,,,,,,,,,,,,0.280,,,,,,true,true,12,2021-04-01,2022-03-31,1
2021-05-11,23310,2021-03-31,,244367000000,0.005,,,,,18707000000,-0.047,29169000000,0.019,23086000000,,0.050,228.00,,,,,,319591000000,224311000000,0.702,2215.25,224311000000,,,,,72.00,,,,102040042,805021,101235046,false,false,12,2020-04-01,2021-03-31,0
2021-05-11,23310,2020-03-31,,243265000000,0.031,,,,,19634000000,0.200,28625000000,0.177,21979000000,,0.134,217.06,,,,,,299151000000,206558000000,0.690,2039.93,206558000000,,,,,70.00,,,,102040042,804877,101235280,false,false,12,2019-04-01,2020-03-31,-1
2021-05-11,23310,2022-03-31,,,,,,,,,,,,,,,,,,,,,,,,,,,,,,76.00,,,,,,,false,true,12,2021-04-01,2022-03-31,1
2021-05-11,23310,2021-03-31,,469920000000,0.021,,,,,37182000000,0.011,39212000000,0.009,,25014000000,,247.09,,0.096,0.086,0.079,,481465000000,304427000000,0.576,2741.27,277512000000,55522000000,-38452000000,-12714000000,53143000000,,0.291,,,,,,true,false,12,2020-04-01,2021-03-31,0
2021-05-11,23310,2020-03-31,,460118000000,0.037,,,,,36795000000,0.140,38880000000,0.148,,24163000000,,238.69,,0.101,0.093,0.080,,428796000000,270432000000,0.573,2425.02,245497000000,33896000000,-13395000000,-15113000000,48790000000,,0.293,,,,,,true,false,12,2019-04-01,2020-03-31,-1
2021-05-11,23310,2022-03-31,,249000000000,0.102,,,,,19100000000,0.206,19800000000,0.202,,12500000000,,123.48,,,,,,,,,,,,,,,,,,,,,,true,true,6,2021-04-01,2021-09-30,1
2021-05-11,23310,2022-03-31,,500500000000,0.065,,,,,42100000000,0.132,43500000000,0.109,,27500000000,,271.65,,,,,,,,,,,,,,,,0.280,,,,,,true,true,12,2021-04-01,2022-03-31,1
2021-05-11,23310,2021-03-31,,244367000000,0.005,,,,,18707000000,-0.047,29169000000,0.019,23086000000,,0.050,228.00,,,,,,319591000000,224311000000,0.702,2215.25,224311000000,,,,,72.00,,,,102040042,805021,101235046,false,false,12,2020-04-01,2021-03-31,0
2021-05-11,23310,2020-03-31,,243265000000,0.031,,,,,19634000000,0.200,28625000000,0.177,21979000000,,0.134,217.06,,,,,,299151000000,206558000000,0.690,2039.93,206558000000,,,,,70.00,,,,102040042,804877,101235280,false,false,12,2019-04-01,2020-03-31,-1
2021-05-11,23310,2022-03-31,,,,,,,,,,,,,,,,,,,,,,,,,,,,,,76.00,,,,,,,false,true,12,2021-04-01,2022-03-31,1
2021-07-30,23310,2022-03-31,1,117012000000,0.062,,,,,9759000000,0.323,10037000000,0.310,,6098000000,,60.24,,,,,,470528000000,306515000000,0.595,2763.38,279750000000,,,,,,,,,,,,true,false,3,2021-04-01,2021-06-30,0
2021-07-30,23310,2021-03-31,1,110188000000,0.007,,,,,7378000000,0.027,7664000000,-0.007,,4503000000,,44.48,,,,,,,,,,,,,,,,,,,,,,true,false,3,2020-04-01,2020-06-30,-1
2021-07-30,23310,2022-03-31,1,249000000000,0.102,,,,,19100000000,0.206,19800000000,0.202,,12500000000,,123.48,,,,,,,,,,,,,,,,,,,,,,true,true,6,2021-04-01,2021-09-30,0
2021-07-30,23310,2022-03-31,1,500500000000,0.065,,,,,42100000000,0.132,43500000000,0.109,,27500000000,,271.65,,,,,,,,,,,,,,,,,,,,,,true,true,12,2021-04-01,2022-03-31,0
2021-07-30,23310,2021-03-31,1,,,,,,,,,,,,,,,,,,,,481465000000,304427000000,0.576,2741.27,277512000000,,,,,,,,,,,,true,false,12,2020-04-01,2021-03-31,-1
2021-07-30,23310,2021-03-31,1,,,,,,,,,,,,,,,,,,,,,,,,,,,,,72.00,,,,102040042,805021,,false,false,12,2020-04-01,2021-03-31,-1
2021-07-30,23310,2022-03-31,1,,,,,,,,,,,,,,,,,,,,,,,,,,,,,76.00,,,,,,,false,true,12,2021-04-01,2022-03-31,0
2021-07-30,23310,2022-03-31,1,,,,,,,,,,,,,,,,,,,,,,,,,,,,,,,,,102040042,805083,101234989,false,false,3,2021-04-01,2021-06-30,0
2021-07-30,23310,2021-03-31,1,,,,,,,,,,,,,,,,,,,,,,,,,,,,,,,,,,,101235176,false,false,3,2020-04-01,2020-06-30,-1
2021-10-29,2331,2022-03-31,2,245290000000,0.086,,,,,24830000000,0.568,25754000000,0.564,,16097000000,,159.01,,,,,,475107000000,317165000000,0.611,2865.60,290099000000,,,,,,,,,,,,true,false,6,2021-04-01,2021-09-30,0
2021-10-29,2331,2021-03-31,2,225889000000,0.003,,,,,15837000000,-0.024,16466000000,-0.046,,9960000000,,98.39,,,,,,,,,,,,,,,,,,,,,,true,false,6,2020-04-01,2020-09-30,-1
2021-10-29,2331,2022-03-31,2,500500000000,0.065,,,,,42100000000,0.132,43500000000,0.109,,27500000000,,271.65,,,,,,,,,,,,,,,,,,,,,,true,true,12,2021-04-01,2022-03-31,0
2021-10-29,2331,2021-03-31,2,,,,,,,,,,,,,,,,,,,,481465000000,304427000000,0.576,2741.27,277512000000,,,,,,,,,,,,true,false,12,2020-04-01,2021-03-31,-1
2021-10-29,2331,2021-03-31,2,,,,,,,,,,,,,,,,,,,,,,,,,,,,,72.00,,,,102040042,805021,,false,false,12,2020-04-01,2021-03-31,-1
2021-10-29,2331,2022-03-31,2,,,,,,,,,,,,,,,,,,,,,,,,,,,,,38.00,,,,,,,false,false,12,2021-04-01,2022-03-31,0
2021-10-29,2331,2022-03-31,2,,,,,,,,,,,,,,,,,,,,,,,,,,,,,76.00,,,,,,,false,true,12,2021-04-01,2022-03-31,0
2021-10-29,2331,2022-03-31,2,,,,,,,,,,,,,,,,,,,,,,,,,,,,,,,,,102040042,805014,101234990,false,false,6,2021-04-01,2021-09-30,0
2021-10-29,2331,2021-03-31,2,,,,,,,,,,,,,,,,,,,,,,,,,,,,,,,,,,,101235052,false,false,6,2020-04-01,2020-09-30,-1
2022-01-28,2331,2022-03-31,3,363783000000,0.062,,,,,34682000000,0.380,36166000000,0.378,,23136000000,,228.54,,,,,,496908000000,320071000000,0.590,2895.63,293138000000,,,,,,,,,,,,true,false,9,2021-04-01,2021-12-31,0
2022-01-28,2331,2021-03-31,3,342408000000,0.010,,,,,25130000000,-0.015,26243000000,-0.028,,15917000000,,157.23,,,,,,,,,,,,,,,,,,,,,,true,false,9,2020-04-01,2020-12-31,-1
2022-01-28,2331,2022-03-31,3,500500000000,0.065,,,,,42100000000,0.132,43500000000,0.109,,27500000000,,271.65,,,,,,,,,,,,,,,,,,,,,,true,true,12,2021-04-01,2022-03-31,0
2022-01-28,2331,2021-03-31,3,,,,,,,,,,,,,,,,,,,,481465000000,304427000000,0.576,2741.27,277512000000,,,,,,,,,,,,true,false,12,2020-04-01,2021-03-31,-1
2022-01-28,2331,2021-03-31,3,,,,,,,,,,,,,,,,,,,,,,,,,,,,,72.00,,,,102040042,805021,,false,false,12,2020-04-01,2021-03-31,-1
2022-01-28,2331,2022-03-31,3,,,,,,,,,,,,,,,,,,,,,,,,,,,,,38.00,,,,,,,false,false,12,2021-04-01,2022-03-31,0
2022-01-28,2331,2022-03-31,3,,,,,,,,,,,,,,,,,,,,,,,,,,,,,76.00,,,,,,,false,true,12,2021-04-01,2022-03-31,0
2022-01-28,2331,2022-03-31,3,,,,,,,,,,,,,,,,,,,,,,,,,,,,,,,,,102040042,805054,101234997,false,false,9,2021-04-01,2021-12-31,0
2022-01-28,2331,2021-03-31,3,,,,,,,,,,,,,,,,,,,,,,,,,,,,,,,,,,,101235050,false,false,9,2020-04-01,2020-12-31,-1
2022-05-13,2331,2022-03-31,,489092000000,0.041,,,,,42865000000,0.153,44796000000,0.142,,28964000000,,286.11,,0.100,0.092,0.088,,488278000000,327509000000,0.615,2964.85,300147000000,42736000000,-14093000000,-18183000000,63644000000,,0.287,,,,,,true,false,12,2021-04-01,2022-03-31,0
2022-05-13,2331,2021-03-31,,469920000000,0.021,,,,,37182000000,0.011,39212000000,0.009,,25014000000,,247.09,,0.096,0.086,0.079,,481465000000,304427000000,0.576,2741.27,277512000000,55522000000,-38452000000,-12714000000,53143000000,,0.291,,,,,,true,false,12,2020-04-01,2021-03-31,-1
2022-05-13,2331,2023-03-31,,245300000000,0.000,,,,,19500000000,-0.215,20000000000,-0.223,,12000000000,,118.53,,,,,,,,,,,,,,,,,,,,,,true,true,6,2022-04-01,2022-09-30,1
2022-05-13,2331,2023-03-31,,510000000000,0.043,,,,,45300000000,0.057,47000000000,0.049,,29900000000,,295.35,,,,,,,,,,,,,,,,0.291,,,,,,true,true,12,2022-04-01,2023-03-31,1
2022-05-13,2331,2022-03-31,,256449000000,0.049,,,,,19772000000,0.057,30856000000,0.058,24571000000,,0.064,242.66,,,,,,326625000000,241342000000,0.739,2388.89,241342000000,,,,,82.00,,,,102040042,804851,101235025,false,false,12,2021-04-01,2022-03-31,0
2022-05-13,2331,2021-03-31,,244367000000,0.005,,,,,18707000000,-0.047,29169000000,0.019,23086000000,,0.050,228.00,,,,,,319591000000,224311000000,0.702,2215.25,224311000000,,,,,72.00,,,,102040042,805021,101235046,false,false,12,2020-04-01,2021-03-31,-1
2022-05-13,2331,2023-03-31,,,,,,,,,,,,,,,,,,,,,,,,,,,,,,86.00,,,,,,,false,true,12,2022-04-01,2023-03-31,1
2022-07-29,2331,2023-03-31,1,114008000000,-0.026,,,,,7182000000,-0.264,7878000000,-0.215,,4454000000,,44.00,,,,,,498196000000,327964000000,0.604,2971.12,300781000000,,,,,,,,,,,,true,false,3,2022-04-01,2022-06-30,0
2022-07-29,2331,2022-03-31,1,117012000000,0.062,,,,,9759000000,0.323,10037000000,0.310,,6098000000,,60.24,,,,,,,,,,,,,,,,,,,,,,true,false,3,2021-04-01,2021-06-30,-1
2022-07-29,2331,2023-03-31,1,245300000000,0.000,,,,,19500000000,-0.215,20000000000,-0.223,,12000000000,,118.53,,,,,,,,,,,,,,,,,,,,,,true,true,6,2022-04-01,2022-09-30,0
2022-07-29,2331,2023-03-31,1,510000000000,0.043,,,,,45300000000,0.057,47000000000,0.049,,29900000000,,295.35,,,,,,,,,,,,,,,,,,,,,,true,true,12,2022-04-01,2023-03-31,0
2022-07-29,2331,2022-03-31,1,,,,,,,,,,,,,,,,,,,,488278000000,327509000000,0.615,2964.85,300147000000,,,,,,,,,,,,true,false,12,2021-04-01,2022-03-31,-1
2022-07-29,2331,2022-03-31,1,,,,,,,,,,,,,,,,,,,,,,,,,,,,,82.00,,,,102040042,804851,,false,false,12,2021-04-01,2022-03-31,-1
2022-07-29,2331,2023-03-31,1,,,,,,,,,,,,,,,,,,,,,,,,,,,,,86.00,,,,,,,false,true,12,2022-04-01,2023-03-31,0
2022-07-29,2331,2023-03-31,1,,,,,,,,,,,,,,,,,,,,,,,,,,,,,,,,,102040042,805116,101234933,false,false,3,2022-04-01,2022-06-30,0
2022-07-29,2331,2022-03-31,1,,,,,,,,,,,,,,,,,,,,,,,,,,,,,,,,,,,101234989,false,false,3,2021-04-01,2021-06-30,-1
2022-10-28,2331,2023-03-31,2,236053000000,-0.038,,,,,15218000000,-0.387,16551000000,-0.357,,9761000000,,96.43,,,,,,495764000000,333702000000,0.618,3024.60,306194000000,,,,,,,,,,,,true,false,6,2022-04-01,2022-09-30,0
2022-10-28,2331,2022-03-31,2,245290000000,0.086,,,,,24830000000,0.568,25754000000,0.564,,16097000000,,159.01,,,,,,,,,,,,,,,,,,,,,,true,false,6,2021-04-01,2021-09-30,-1
2022-10-28,2331,2023-03-31,2,510000000000,0.043,,,,,45300000000,0.057,47000000000,0.049,,29900000000,,295.35,,,,,,,,,,,,,,,,,,,,,,true,true,12,2022-04-01,2023-03-31,0
2022-10-28,2331,2022-03-31,2,,,,,,,,,,,,,,,,,,,,488278000000,327509000000,0.615,2964.85,300147000000,,,,,,,,,,,,true,false,12,2021-04-01,2022-03-31,-1
2022-10-28,2331,2022-03-31,2,,,,,,,,,,,,,,,,,,,,,,,,,,,,,82.00,,,,102040042,804851,,false,false,12,2021-04-01,2022-03-31,-1
2022-10-28,2331,2023-03-31,2,,,,,,,,,,,,,,,,,,,,,,,,,,,,,43.00,,,,,,,false,false,12,2022-04-01,2023-03-31,0
2022-10-28,2331,2023-03-31,2,,,,,,,,,,,,,,,,,,,,,,,,,,,,,86.00,,,,,,,false,true,12,2022-04-01,2023-03-31,0
2022-10-28,2331,2023-03-31,2,,,,,,,,,,,,,,,,,,,,,,,,,,,,,,,,,102040042,805300,101234840,false,false,6,2022-04-01,2022-09-30,0
2022-10-28,2331,2022-03-31,2,,,,,,,,,,,,,,,,,,,,,,,,,,,,,,,,,,,101234990,false,false,6,2021-04-01,2021-09-30,-1
2023-01-31,2331,2023-03-31,3,357817000000,-0.016,,,,,24688000000,-0.288,26543000000,-0.266,,15783000000,,155.91,,,,,,529333000000,335783000000,0.582,3040.65,307818000000,,,,,,,,,,,,true,false,9,2022-04-01,2022-12-31,0
2023-01-31,2331,2022-03-31,3,363783000000,0.062,,,,,34682000000,0.380,36166000000,0.378,,23136000000,,228.54,,,,,,,,,,,,,,,,,,,,,,true,false,9,2021-04-01,2021-12-31,-1
2023-01-31,2331,2023-03-31,3,489000000000,-0.000,,,,,36000000000,-0.160,38000000000,-0.152,,24500000000,,242.01,,,,,,,,,,,,,,,,,,,,,,true,true,12,2022-04-01,2023-03-31,0
2023-01-31,2331,2022-03-31,3,,,,,,,,,,,,,,,,,,,,488278000000,327509000000,0.615,2964.85,300147000000,,,,,,,,,,,,true,false,12,2021-04-01,2022-03-31,-1
2023-01-31,2331,2022-03-31,3,,,,,,,,,,,,,,,,,,,,,,,,,,,,,82.00,,,,102040042,804851,,false,false,12,2021-04-01,2022-03-31,-1
2023-01-31,2331,2023-03-31,3,,,,,,,,,,,,,,,,,,,,,,,,,,,,,43.00,,,,,,,false,false,12,2022-04-01,2023-03-31,0
2023-01-31,2331,2023-03-31,3,,,,,,,,,,,,,,,,,,,,,,,,,,,,,86.00,,,,,,,false,true,12,2022-04-01,2023-03-31,0
2023-01-31,2331,2023-03-31,3,,,,,,,,,,,,,,,,,,,,,,,,,,,,,,,,,102040042,805300,101234807,false,false,9,2022-04-01,2022-12-31,0
2023-01-31,2331,2022-03-31,3,,,,,,,,,,,,,,,,,,,,,,,,,,,,,,,,,,,101234997,false,false,9,2021-04-01,2021-12-31,-1
2023-05-12,2331,2023-03-31,,492226000000,0.006,,,,,36993000000,-0.137,39230000000,-0.124,,23950000000,,236.58,,0.078,0.078,0.075,,516647000000,343893000000,0.609,3110.52,314892000000,31682000000,-24818000000,-19380000000,51571000000,,0.364,,,,,,true,false,12,2022-04-01,2023-03-31,0
2023-05-12,2331,2022-03-31,,489092000000,0.041,,,,,42865000000,0.153,44796000000,0.142,,28964000000,,286.11,,0.100,0.092,0.088,,488278000000,327509000000,0.615,2964.85,300147000000,42736000000,-14093000000,-18183000000,63644000000,,0.287,,,,,,true,false,12,2021-04-01,2022-03-31,-1
2023-05-12,2331,2024-03-31,,245000000000,0.038,,,,,16500000000,0.084,17800000000,0.075,,11100000000,,21.93,,,,,,,,,,,,,,,,,,,,,,true,true,6,2023-04-01,2023-09-30,1
2023-05-12,2331,2024-03-31,,512500000000,0.041,,,,,38600000000,0.043,41000000000,0.045,,25500000000,,50.38,,,,,,,,,,,,,,,,0.341,,,,,,true,true,12,2023-04-01,2024-03-31,1
2023-05-12,2331,2023-03-31,,248977000000,-0.029,,,,,16885000000,-0.146,30192000000,-0.022,24478000000,,-0.004,241.74,,,,,,351364000000,257811000000,0.734,2546.09,257811000000,,,,,86.00,,,,102040042,805360,101234789,false,false,12,2022-04-01,2023-03-31,0
2023-05-12,2331,2022-03-31,,256449000000,0.049,,,,,19772000000,0.057,30856000000,0.058,24571000000,,0.064,242.66,,,,,,326625000000,241342000000,0.739,2388.89,241342000000,,,,,82.00,,,,102040042,804851,101235025,false,false,12,2021-04-01,2022-03-31,-1
2023-05-12,2331,2024-03-31,,,,,,,,,,,,,,,,,,,,,,,,,,,,,,17.20,,,,,,,false,true,12,2023-04-01,2024-03-31,1
2023-07-28,2331,2024-03-31,1,121593000000,0.067,,,,,8699000000,0.211,9193000000,0.167,,5195000000,,10.26,,,,,,514995000000,345379000000,0.617,627.60,317674000000,,,,,,,,,,,,true,false,3,2023-04-01,2023-06-30,0
2023-07-28,2331,2023-03-31,1,114008000000,-0.026,,,,,7182000000,-0.264,7878000000,-0.215,,4454000000,,8.80,,,,,,,,,,,,,,,,,,,,,,true,false,3,2022-04-01,2022-06-30,-1
2023-07-28,2331,2024-03-31,1,245000000000,0.038,,,,,16500000000,0.084,17800000000,0.075,,11100000000,,21.93,,,,,,,,,,,,,,,,,,,,,,true,true,6,2023-04-01,2023-09-30,0
2023-07-28,2331,2024-03-31,1,512500000000,0.041,,,,,38600000000,0.043,41000000000,0.045,,25500000000,,50.38,,,,,,,,,,,,,,,,,,,,,,true,true,12,2023-04-01,2024-03-31,0
2023-07-28,2331,2023-03-31,1,,,,,,,,,,,,,,,,,,,,516647000000,343893000000,0.609,622.10,314892000000,,,,,,,,,,,,true,false,12,2022-04-01,2023-03-31,-1
2023-07-28,2331,2023-03-31,1,,,,,,,,,,,,,,,,,,,,,,,,,,,,,86.00,,,,510200210,4026800,,false,false,12,2022-04-01,2023-03-31,-1
2023-07-28,2331,2024-03-31,1,,,,,,,,,,,,,,,,,,,,,,,,,,,,,17.20,,,,,,,false,true,12,2023-04-01,2024-03-31,0
2023-07-28,2331,2024-03-31,1,,,,,,,,,,,,,,,,,,,,,,,,,,,,,,,,,510200210,4027560,506173039,false,false,3,2023-04-01,2023-06-30,0
2023-07-28,2331,2023-03-31,1,,,,,,,,,,,,,,,,,,,,,,,,,,,,,,,,,,,506174381,false,false,3,2022-04-01,2022-06-30,-1
2023-10-31,2331,2024-03-31,2,246379000000,0.044,,,,,17825000000,0.171,19406000000,0.173,,11852000000,,23.46,,,,,,516608000000,349852000000,0.620,639.18,320371000000,,,,,,,,,,,,true,false,6,2023-04-01,2023-09-30,0
2023-10-31,2331,2023-03-31,2,236053000000,-0.038,,,,,15218000000,-0.387,16551000000,-0.357,,9761000000,,19.29,,,,,,,,,,,,,,,,,,,,,,true,false,6,2022-04-01,2022-09-30,-1
2023-10-31,2331,2024-03-31,2,512500000000,0.041,,,,,38600000000,0.043,41000000000,0.045,,25500000000,,50.38,,,,,,,,,,,,,,,,,,,,,,true,true,12,2023-04-01,2024-03-31,0
2023-10-31,2331,2023-03-31,2,,,,,,,,,,,,,,,,,,,,516647000000,343893000000,0.609,622.10,314892000000,,,,,,,,,,,,true,false,12,2022-04-01,2023-03-31,-1
2023-10-31,2331,2023-03-31,2,,,,,,,,,,,,,,,,,,,,,,,,,,,,,86.00,,,,510200210,4026800,,false,false,12,2022-04-01,2023-03-31,-1
2023-10-31,2331,2024-03-31,2,,,,,,,,,,,,,,,,,,,,,,,,,,,,,8.70,,,,,,,false,false,12,2023-04-01,2024-03-31,0
2023-10-31,2331,2024-03-31,2,,,,,,,,,,,,,,,,,,,,,,,,,,,,,17.40,,,,,,,false,true,12,2023-04-01,2024-03-31,0
2023-10-31,2331,2024-03-31,2,,,,,,,,,,,,,,,,,,,,,,,,,,,,,,,,,510200210,8976575,505151588,false,false,6,2023-04-01,2023-09-30,0
2023-10-31,2331,2023-03-31,2,,,,,,,,,,,,,,,,,,,,,,,,,,,,,,,,,,,506174201,false,false,6,2022-04-01,2022-09-30,-1
2024-01-31,2331,2024-03-31,3,378990000000,0.059,,,,,26987000000,0.093,29298000000,0.104,,18442000000,,36.62,,,,,,539242000000,354511000000,0.597,643.18,321994000000,,,,,,,,,,,,true,false,9,2023-04-01,2023-12-31,0
2024-01-31,2331,2023-03-31,3,357817000000,-0.016,,,,,24688000000,-0.288,26543000000,-0.266,,15783000000,,31.18,,,,,,,,,,,,,,,,,,,,,,true,false,9,2022-04-01,2022-12-31,-1
2024-01-31,2331,2024-03-31,3,512500000000,0.041,,,,,38600000000,0.043,41000000000,0.045,,25500000000,,50.38,,,,,,,,,,,,,,,,,,,,,,true,true,12,2023-04-01,2024-03-31,0
2024-01-31,2331,2023-03-31,3,,,,,,,,,,,,,,,,,,,,516647000000,343893000000,0.609,622.10,314892000000,,,,,,,,,,,,true,false,12,2022-04-01,2023-03-31,-1
2024-01-31,2331,2023-03-31,3,,,,,,,,,,,,,,,,,,,,,,,,,,,,,86.00,,,,510200210,4026800,,false,false,12,2022-04-01,2023-03-31,-1
2024-01-31,2331,2024-03-31,3,,,,,,,,,,,,,,,,,,,,,,,,,,,,,8.70,,,,,,,false,false,12,2023-04-01,2024-03-31,0
2024-01-31,2331,2024-03-31,3,,,,,,,,,,,,,,,,,,,,,,,,,,,,,17.40,,,,,,,false,true,12,2023-04-01,2024-03-31,0
2024-01-31,2331,2024-03-31,3,,,,,,,,,,,,,,,,,,,,,,,,,,,,,,,,,510200210,9572190,503644895,false,false,9,2023-04-01,2023-12-31,0
2024-01-31,2331,2023-03-31,3,,,,,,,,,,,,,,,,,,,,,,,,,,,,,,,,,,,506174038,false,false,9,2022-04-01,2022-12-31,-1
2024-05-14,2331,2024-03-31,,521400000000,0.059,,,,,39082000000,0.056,42173000000,0.075,,27327000000,,54.34,,0.082,0.078,0.075,,567561000000,386581000000,0.622,704.97,352927000000,56063000000,-16913000000,-21503000000,69162000000,,0.436,,,,,,true,false,12,2023-04-01,2024-03-31,0
2024-05-14,2331,2023-03-31,,492226000000,0.006,,,,,36993000000,-0.137,39230000000,-0.124,,23950000000,,47.32,,0.078,0.078,0.075,,516647000000,343893000000,0.609,622.10,314892000000,31682000000,-24818000000,-19380000000,51571000000,,0.364,,,,,,true,false,12,2022-04-01,2023-03-31,-1
2024-05-14,2331,2025-03-31,,262100000000,0.064,,,,,16100000000,-0.097,17600000000,-0.093,,11300000000,,22.57,,,,,,,,,,,,,,,,,,,,,,true,true,6,2024-04-01,2024-09-30,1
2024-05-14,2331,2025-03-31,,550000000000,0.055,,,,,40300000000,0.031,43100000000,0.022,,27600000000,,55.13,,,,,,,,,,,,,,,,0.450,,,,,,true,true,12,2024-04-01,2025-03-31,1
2024-05-14,2331,2024-03-31,,256633000000,0.031,,,,,18714000000,0.108,33335000000,0.104,26479000000,,0.082,52.64,,,,,,365356000000,273107000000,0.748,545.40,273107000000,,,,,23.70,,,,510200210,9572420,502894770,false,false,12,2023-04-01,2024-03-31,0
2024-05-14,2331,2023-03-31,,248977000000,-0.029,,,,,16885000000,-0.146,30192000000,-0.022,24478000000,,-0.004,48.35,,,,,,351364000000,257811000000,0.734,509.22,257811000000,,,,,86.00,,,,510200210,4026800,506173945,false,false,12,2022-04-01,2023-03-31,-1
2024-05-14,2331,2025-03-31,,,,,,,,,,,,,,,,,,,,,,,,,,,,,,24.80,,,,,,,false,true,12,2024-04-01,2025-03-31,1
2024-08-06,2331,2025-03-31,1,129011000000,0.061,,,,,7266000000,-0.165,7897000000,-0.141,,4288000000,,8.60,,,,,,562557000000,376749000000,0.610,695.45,343364000000,,,,,,,,,,,,true,false,3,2024-04-01,2024-06-30,0
2024-08-06,2331,2024-03-31,1,121593000000,0.067,,,,,8699000000,0.211,9193000000,0.167,,5195000000,,10.26,,,,,,,,,,,,,,,,,,,,,,true,false,3,2023-04-01,2023-06-30,-1
2024-08-06,2331,2025-03-31,1,262100000000,0.064,,,,,16100000000,-0.097,17600000000,-0.093,,11300000000,,22.57,,,,,,,,,,,,,,,,,,,,,,true,true,6,2024-04-01,2024-09-30,0
2024-08-06,2331,2025-03-31,1,550000000000,0.055,,,,,40300000000,0.031,43100000000,0.022,,27600000000,,55.13,,,,,,,,,,,,,,,,,,,,,,true,true,12,2024-04-01,2025-03-31,0
2024-08-06,2331,2024-03-31,1,,,,,,,,,,,,,,,,,,,,567561000000,386581000000,0.622,704.97,352927000000,,,,,,,,,,,,true,false,12,2023-04-01,2024-03-31,-1
2024-08-06,2331,2024-03-31,1,,,,,,,,,,,,,,,,,,,,,,,,,,,,,23.70,,,,510200210,9572420,,false,false,12,2023-04-01,2024-03-31,-1
2024-08-06,2331,2025-03-31,1,,,,,,,,,,,,,,,,,,,,,,,,,,,,,24.80,,,,,,,false,true,12,2024-04-01,2025-03-31,0
2024-08-06,2331,2025-03-31,1,,,,,,,,,,,,,,,,,,,,,,,,,,,,,,,,,510200210,16468268,498514512,false,false,3,2024-04-01,2024-06-30,0
2024-08-06,2331,2024-03-31,1,,,,,,,,,,,,,,,,,,,,,,,,,,,,,,,,,,,506173039,false,false,3,2023-04-01,2023-06-30,-1
2024-11-06,2331,2025-03-31,2,263280000000,0.069,,,,,15603000000,-0.125,16994000000,-0.124,,10091000000,,20.45,,,,,,565605000000,375647000000,0.600,699.49,339172000000,,,,,,,,,,,,true,false,6,2024-04-01,2024-09-30,0
2024-11-06,2331,2024-03-31,2,246379000000,0.044,,,,,17825000000,0.171,19406000000,0.173,,11852000000,,23.46,,,,,,,,,,,,,,,,,,,,,,true,false,6,2023-04-01,2023-09-30,-1
2024-11-06,2331,2025-03-31,2,550000000000,0.055,,,,,40300000000,0.031,43100000000,0.022,,27600000000,,55.13,,,,,,,,,,,,,,,,,,,,,,true,true,12,2024-04-01,2025-03-31,0
2024-11-06,2331,2024-03-31,2,,,,,,,,,,,,,,,,,,,,567561000000,386581000000,0.622,704.97,352927000000,,,,,,,,,,,,true,false,12,2023-04-01,2024-03-31,-1
2024-11-06,2331,2024-03-31,2,,,,,,,,,,,,,,,,,,,,,,,,,,,,,23.70,,,,510200210,9572420,,false,false,12,2023-04-01,2024-03-31,-1
2024-11-06,2331,2025-03-31,2,,,,,,,,,,,,,,,,,,,,,,,,,,,,,12.40,,,,,,,false,false,12,2024-04-01,2025-03-31,0
2024-11-06,2331,2025-03-31,2,,,,,,,,,,,,,,,,,,,,,,,,,,,,,24.80,,,,,,,false,true,12,2024-04-01,2025-03-31,0
2024-11-06,2331,2025-03-31,2,,,,,,,,,,,,,,,,,,,,,,,,,,,,,,,,,510200210,25314208,493518935,false,false,6,2024-04-01,2024-09-30,0
2024-11-06,2331,2024-03-31,2,,,,,,,,,,,,,,,,,,,,,,,,,,,,,,,,,,,505151588,false,false,6,2023-04-01,2023-09-30,-1
2025-02-04,2331,2025-03-31,3,400501000000,0.057,,,,,26588000000,-0.015,28826000000,-0.016,,17519000000,,35.71,,,,,,597222000000,378375000000,0.572,704.23,341470000000,,,,,,,,,,,,true,false,9,2024-04-01,2024-12-31,0
2025-02-04,2331,2024-03-31,3,378990000000,0.059,,,,,26987000000,0.093,29298000000,0.104,,18442000000,,36.62,,,,,,,,,,,,,,,,,,,,,,true,false,9,2023-04-01,2023-12-31,-1
2025-02-04,2331,2025-03-31,3,550000000000,0.055,,,,,40300000000,0.031,43100000000,0.022,,27600000000,,55.13,,,,,,,,,,,,,,,,,,,,,,true,true,12,2024-04-01,2025-03-31,0
2025-02-04,2331,2024-03-31,3,,,,,,,,,,,,,,,,,,,,567561000000,386581000000,0.622,704.97,352927000000,,,,,,,,,,,,true,false,12,2023-04-01,2024-03-31,-1
2025-02-04,2331,2024-03-31,3,,,,,,,,,,,,,,,,,,,,,,,,,,,,,23.70,,,,510200210,9572420,,false,false,12,2023-04-01,2024-03-31,-1
2025-02-04,2331,2025-03-31,3,,,,,,,,,,,,,,,,,,,,,,,,,,,,,12.40,,,,,,,false,false,12,2024-04-01,2025-03-31,0
2025-02-04,2331,2025-03-31,3,,,,,,,,,,,,,,,,,,,,,,,,,,,,,24.80,,,,,,,false,true,12,2024-04-01,2025-03-31,0
2025-02-04,2331,2025-03-31,3,,,,,,,,,,,,,,,,,,,,,,,,,,,,,,,,,510200210,25313308,490630827,false,false,9,2024-04-01,2024-12-31,0
2025-02-04,2331,2024-03-31,3,,,,,,,,,,,,,,,,,,,,,,,,,,,,,,,,,,,503644895,false,false,9,2023-04-01,2023-12-31,-1
2024-05-14,2331,2024-03-31,,521400000000,0.059,,,,,38078000000,0.059,41169000000,0.078,,26630000000,,52.95,,0.082,0.075,0.073,,571463000000,377754000000,0.602,687.34,344100000000,56063000000,-16913000000,-21503000000,69162000000,,0.448,,,,,,true,false,12,2023-04-01,2024-03-31,0
2024-05-14,2331,2023-03-31,,492226000000,0.006,,,,,35961000000,-0.140,38198000000,-0.127,,23234000000,,45.90,,0.078,0.075,0.073,,520989000000,334075000000,0.586,602.71,305074000000,31682000000,-24818000000,-19380000000,51571000000,,0.375,,,,,,true,false,12,2022-04-01,2023-03-31,-1
2024-05-14,2331,2025-03-31,,262100000000,0.064,,,,,16100000000,-0.071,17600000000,-0.069,,11300000000,,22.57,,,,,,,,,,,,,,,,,,,,,,true,true,6,2024-04-01,2024-09-30,1
2024-05-14,2331,2025-03-31,,550000000000,0.055,,,,,40300000000,0.058,43100000000,0.047,,27600000000,,55.13,,,,,,,,,,,,,,,,0.450,,,,,,true,true,12,2024-04-01,2025-03-31,1
2024-05-14,2331,2024-03-31,,256633000000,0.031,,,,,17747000000,0.117,32368000000,0.108,25809000000,,0.085,51.26,,,,,,369966000000,262660000000,0.710,527.78,262660000000,,,,,23.70,,,,510200210,9572420,502894770,false,false,12,2023-04-01,2024-03-31,0
2024-05-14,2331,2023-03-31,,248977000000,-0.029,,,,,15894000000,-0.153,29202000000,-0.022,23790000000,,-0.003,46.93,,,,,,355679000000,248034000000,0.697,489.83,248034000000,,,,,86.00,,,,510200210,4026800,506173945,false,false,12,2022-04-01,2023-03-31,-1
2024-05-14,2331,2025-03-31,,,,,,,,,,,,,,,,,,,,,,,,,,,,,,24.80,,,,,,,false,true,12,2024-04-01,2025-03-31,1
2024-08-06,2331,2025-03-31,1,129011000000,0.061,,,,,7094000000,-0.160,7724000000,-0.136,,4168000000,,8.36,,,,,,566472000000,367774000000,0.590,677.27,334389000000,,,,,,,,,,,,true,false,3,2024-04-01,2024-06-30,0
2024-08-06,2331,2024-03-31,1,121593000000,0.067,,,,,8448000000,0.220,8942000000,0.173,,5021000000,,9.92,,,,,,,,,,,,,,,,,,,,,,true,false,3,2023-04-01,2023-06-30,-1
2024-08-06,2331,2025-03-31,1,262100000000,0.064,,,,,16100000000,-0.071,17600000000,-0.069,,11300000000,,22.57,,,,,,,,,,,,,,,,,,,,,,true,true,6,2024-04-01,2024-09-30,0
2024-08-06,2331,2025-03-31,1,550000000000,0.055,,,,,40300000000,0.058,43100000000,0.047,,27600000000,,55.13,,,,,,,,,,,,,,,,,,,,,,true,true,12,2024-04-01,2025-03-31,0
2024-08-06,2331,2024-03-31,1,,,,,,,,,,,,,,,,,,,,571463000000,377754000000,0.602,687.34,344100000000,,,,,,,,,,,,true,false,12,2023-04-01,2024-03-31,-1
2024-08-06,2331,2024-03-31,1,,,,,,,,,,,,,,,,,,,,,,,,,,,,,23.70,,,,510200210,9572420,,false,false,12,2023-04-01,2024-03-31,-1
2024-08-06,2331,2025-03-31,1,,,,,,,,,,,,,,,,,,,,,,,,,,,,,24.80,,,,,,,false,true,12,2024-04-01,2025-03-31,0
2024-08-06,2331,2025-03-31,1,,,,,,,,,,,,,,,,,,,,,,,,,,,,,,,,,510200210,16468268,498514512,false,false,3,2024-04-01,2024-06-30,0
2024-08-06,2331,2024-03-31,1,,,,,,,,,,,,,,,,,,,,,,,,,,,,,,,,,,,506173039,false,false,3,2023-04-01,2023-06-30,-1
2025-02-04,2331,2025-03-31,3,400501000000,0.057,,,,,26070000000,-0.006,28308000000,-0.008,,17160000000,,34.98,,,,,,601163000000,369103000000,0.553,685.11,332199000000,,,,,,,,,,,,true,false,9,2024-04-01,2024-12-31,0
2025-02-04,2331,2024-03-31,3,378990000000,0.059,,,,,26234000000,0.097,28545000000,0.108,,17920000000,,35.58,,,,,,,,,,,,,,,,,,,,,,true,false,9,2023-04-01,2023-12-31,-1
2025-02-04,2331,2025-03-31,3,550000000000,0.055,,,,,40300000000,0.058,43100000000,0.047,,27600000000,,55.13,,,,,,,,,,,,,,,,,,,,,,true,true,12,2024-04-01,2025-03-31,0
2025-02-04,2331,2024-03-31,3,,,,,,,,,,,,,,,,,,,,571463000000,377754000000,0.602,687.34,344100000000,,,,,,,,,,,,true,false,12,2023-04-01,2024-03-31,-1
2025-02-04,2331,2024-03-31,3,,,,,,,,,,,,,,,,,,,,,,,,,,,,,23.70,,,,510200210,9572420,,false,false,12,2023-04-01,2024-03-31,-1
2025-02-04,2331,2025-03-31,3,,,,,,,,,,,,,,,,,,,,,,,,,,,,,12.40,,,,,,,false,false,12,2024-04-01,2025-03-31,0
2025-02-04,2331,2025-03-31,3,,,,,,,,,,,,,,,,,,,,,,,,,,,,,24.80,,,,,,,false,true,12,2024-04-01,2025-03-31,0
2025-02-04,2331,2025-03-31,3,,,,,,,,,,,,,,,,,,,,,,,,,,,,,,,,,510200210,25313308,490630827,false,false,9,2024-04-01,2024-12-31,0
2025-02-04,2331,2024-03-31,3,,,,,,,,,,,,,,,,,,,,,,,,,,,,,,,,,,,503644895,false,false,9,2023-04-01,2023-12-31,-1
2024-11-06,2331,2025-03-31,2,263280000000,0.069,,,,,15258000000,-0.119,16648000000,-0.119,,9852000000,,19.96,,,,,,569534000000,366524000000,0.580,680.67,330049000000,,,,,,,,,,,,true,false,6,2024-04-01,2024-09-30,0
2024-11-06,2331,2024-03-31,2,246379000000,0.044,,,,,17323000000,0.178,18904000000,0.179,,11505000000,,22.78,,,,,,,,,,,,,,,,,,,,,,true,false,6,2023-04-01,2023-09-30,-1
2024-11-06,2331,2025-03-31,2,550000000000,0.055,,,,,40300000000,0.058,43100000000,0.047,,27600000000,,55.13,,,,,,,,,,,,,,,,,,,,,,true,true,12,2024-04-01,2025-03-31,0
2024-11-06,2331,2024-03-31,2,,,,,,,,,,,,,,,,,,,,571463000000,377754000000,0.602,687.34,344100000000,,,,,,,,,,,,true,false,12,2023-04-01,2024-03-31,-1
2024-11-06,2331,2024-03-31,2,,,,,,,,,,,,,,,,,,,,,,,,,,,,,23.70,,,,510200210,9572420,,false,false,12,2023-04-01,2024-03-31,-1
2024-11-06,2331,2025-03-31,2,,,,,,,,,,,,,,,,,,,,,,,,,,,,,12.40,,,,,,,false,false,12,2024-04-01,2025-03-31,0
2024-11-06,2331,2025-03-31,2,,,,,,,,,,,,,,,,,,,,,,,,,,,,,24.80,,,,,,,false,true,12,2024-04-01,2025-03-31,0
2024-11-06,2331,2025-03-31,2,,,,,,,,,,,,,,,,,,,,,,,,,,,,,,,,,510200210,25314208,493518935,false,false,6,2024-04-01,2024-09-30,0
2024-11-06,2331,2024-03-31,2,,,,,,,,,,,,,,,,,,,,,,,,,,,,,,,,,,,505151588,false,false,6,2023-04-01,2023-09-30,-1
2025-05-13,2331,2025-03-31,,551881000000,0.058,,,,,40201000000,0.056,43107000000,0.047,,27105000000,,55.41,,0.079,0.075,0.073,,572402000000,376000000000,0.591,697.96,338433000000,42647000000,-15550000000,-36309000000,60018000000,,0.466,,,,,,true,false,12,2024-04-01,2025-03-31,0
2025-05-13,2331,2024-03-31,,521400000000,0.059,,,,,38078000000,0.059,41169000000,0.078,,26630000000,,52.95,,0.082,0.075,0.073,,571463000000,377754000000,0.602,687.34,344100000000,56063000000,-17448000000,-20967000000,69162000000,,0.448,,,,,,true,false,12,2023-04-01,2024-03-31,-1
2025-05-13,2331,2026-03-31,,284300000000,0.080,,,,,18100000000,0.186,19700000000,0.183,,12000000000,,24.75,,,,,,,,,,,,,,,,,,,,,,true,true,6,2025-04-01,2025-09-30,1
2025-05-13,2331,2026-03-31,,590000000000,0.069,,,,,43900000000,0.092,47000000000,0.090,,29400000000,,60.63,,,,,,,,,,,,,,,,0.449,,,,,,true,true,12,2025-04-01,2026-03-31,1
2025-05-13,2331,2025-03-31,,255573000000,-0.004,,,,,15992000000,-0.099,30359000000,-0.062,24570000000,,-0.048,50.21,,,,,,371802000000,257571000000,0.693,531.07,257571000000,,,,,25.80,,,,510200210,25313325,489214507,false,false,12,2024-04-01,2025-03-31,0
2025-05-13,2331,2024-03-31,,256633000000,0.031,,,,,17747000000,0.117,32368000000,0.108,25809000000,,0.085,51.26,,,,,,369966000000,262660000000,0.710,527.78,262660000000,,,,,23.70,,,,510200210,9572420,502894770,false,false,12,2023-04-01,2024-03-31,-1
2025-05-13,2331,2026-03-31,,,,,,,,,,,,,,,,,,,,,,,,,,,,,,27.20,,,,,,,false,true,12,2025-04-01,2026-03-31,1
