filing_date,code,fiscal_year_end,quarterly_period,net_sales,net_sales_change,revenue,revenue_change,operating_revenue,operating_revenue_change,operating_profit,operating_profit_change,ordinary_profit,ordinary_profit_change,net_income,net_income_of_parent,net_income_change,eps,diluted_eps,roe,roa,operating_profit_to_net_sales,operating_profit_to_revenue,total_assets,net_assets,equity_ratio,bps,owner_equity,operating_cash_flow,investing_cash_flow,financing_cash_flow,cash,dividend_per_share,payout_ratio,commemorative_dividend,extra_dividend,number_of_shares,number_of_treqsury_shares,avg_number_of_shares,is_consolidated,is_forecast,duration,period_start,period_end,period_pos
2015-07-27,23590,2016-03-31,1,4253000000,0.039,,,,,-87000000,,-62000000,,,-43000000,,-3.12,,,,,,15088000000,7413000000,0.490,,7394000000,,,,,,,,,,,,true,false,3,2015-04-01,2015-06-30,0
2015-07-27,23590,2015-03-31,1,4092000000,-0.078,,,,,-177000000,,-163000000,,,-103000000,,-7.59,,,,,,,,,,,,,,,,,,,,,,true,false,3,2014-04-01,2014-06-30,-1
2015-07-27,23590,2016-03-31,1,9500000000,0.089,,,,,100000000,2.474,100000000,1.237,,60000000,,4.36,,,,,,,,,,,,,,,,,,,,,,true,true,6,2015-04-01,2015-09-30,0
2015-07-27,23590,2016-03-31,1,21000000000,0.110,,,,,900000000,0.397,900000000,0.347,,600000000,,43.70,,,,,,,,,,,,,,,,,,,,,,true,true,12,2015-04-01,2016-03-31,0
2015-07-27,23590,2015-03-31,1,,,,,,,,,,,,,,,,,,,,15256000000,7687000000,0.502,,7663000000,,,,,,,,,,,,true,false,12,2014-04-01,2015-03-31,-1
2015-07-27,23590,2015-03-31,1,,,,,,,,,,,,,,,,,,,,,,,,,,,,,20.00,,,,14834580,1034422,,false,false,12,2014-04-01,2015-03-31,-1
2015-07-27,23590,2016-03-31,1,,,,,,,,,,,,,,,,,,,,,,,,,,,,,20.00,,,,,,,false,true,12,2015-04-01,2016-03-31,0
2015-07-27,23590,2016-03-31,1,,,,,,,,,,,,,,,,,,,,,,,,,,,,,,,,,14834580,996422,13810542,false,false,3,2015-04-01,2015-06-30,0
2015-07-27,23590,2015-03-31,1,,,,,,,,,,,,,,,,,,,,,,,,,,,,,,,,,,,13668910,false,false,3,2014-04-01,2014-06-30,-1
2015-10-26,23590,2016-03-31,2,8954000000,0.026,,,,,104000000,2.642,132000000,1.962,,86000000,,6.27,,,,,,15049000000,7494000000,0.497,,7477000000,,,,,,,,,,,,true,false,6,2015-04-01,2015-09-30,0
2015-10-26,23590,2015-03-31,2,8725000000,-0.056,,,,,28000000,0.385,44000000,0.512,,-18000000,,-1.35,,,,,,,,,,,,,,,,,,,,,,true,false,6,2014-04-01,2014-09-30,-1
2015-10-26,23590,2016-03-31,2,21000000000,0.110,,,,,900000000,0.397,900000000,0.347,,600000000,,43.70,,,,,,,,,,,,,,,,,,,,,,true,true,12,2015-04-01,2016-03-31,0
2015-10-26,23590,2015-03-31,2,,,,,,,,,,,,,,,,,,,,15256000000,7687000000,0.502,,7663000000,,,,,,,,,,,,true,false,12,2014-04-01,2015-03-31,-1
2015-10-26,23590,2015-03-31,2,,,,,,,,,,,,,,,,,,,,,,,,,,,,,20.00,,,,14834580,1034422,,false,false,12,2014-04-01,2015-03-31,-1
2015-10-26,23590,2016-03-31,2,,,,,,,,,,,,,,,,,,,,,,,,,,,,,20.00,,,,,,,false,true,12,2015-04-01,2016-03-31,0
2015-10-26,23590,2016-03-31,2,,,,,,,,,,,,,,,,,,,,,,,,,,,,,,,,,14834580,960922,13833029,false,false,6,2015-04-01,2015-09-30,0
2015-10-26,23590,2015-03-31,2,,,,,,,,,,,,,,,,,,,,,,,,,,,,,,,,,,,13692815,false,false,6,2014-04-01,2014-09-30,-1
2016-01-29,23590,2016-03-31,3,13466000000,0.029,,,,,287000000,1.152,349000000,1.317,,232000000,,16.79,,,,,,14935000000,7665000000,0.512,,7646000000,,,,,,,,,,,,true,false,9,2015-04-01,2015-12-31,0
2016-01-29,23590,2015-03-31,3,13088000000,-0.056,,,,,133000000,,150000000,,,74000000,,5.43,,,,,,,,,,,,,,,,,,,,,,true,false,9,2014-04-01,2014-12-31,-1
2016-01-29,23590,2016-03-31,3,21000000000,0.110,,,,,900000000,0.397,900000000,0.347,,600000000,,43.70,,,,,,,,,,,,,,,,,,,,,,true,true,12,2015-04-01,2016-03-31,0
2016-01-29,23590,2015-03-31,3,,,,,,,,,,,,,,,,,,,,15256000000,7687000000,0.502,,7663000000,,,,,,,,,,,,true,false,12,2014-04-01,2015-03-31,-1
2016-01-29,23590,2015-03-31,3,,,,,,,,,,,,,,,,,,,,,,,,,,,,,20.00,,,,14834580,1034422,,false,false,12,2014-04-01,2015-03-31,-1
2016-01-29,23590,2016-03-31,3,,,,,,,,,,,,,,,,,,,,,,,,,,,,,20.00,,,,,,,false,true,12,2015-04-01,2016-03-31,0
2016-01-29,23590,2016-03-31,3,,,,,,,,,,,,,,,,,,,,,,,,,,,,,,,,,14834580,930822,13849995,false,false,9,2015-04-01,2015-12-31,0
2016-01-29,23590,2015-03-31,3,,,,,,,,,,,,,,,,,,,,,,,,,,,,,,,,,,,13712296,false,false,9,2014-04-01,2014-12-31,-1
2016-04-25,23590,2016-03-31,,19195000000,0.014,,,,,754000000,0.171,810000000,0.213,,514000000,,37.13,,0.066,0.053,0.039,,15169000000,7915000000,0.521,567.29,7895000000,1217000000,-430000000,-710000000,1502000000,,0.539,,,,,,true,false,12,2015-04-01,2016-03-31,0
2016-04-25,23590,2015-03-31,,18925000000,-0.022,,,,,644000000,0.931,667000000,0.959,,370000000,,26.96,,0.049,0.045,0.034,,15256000000,7687000000,0.502,555.33,7663000000,1060000000,-166000000,-479000000,1426000000,,0.742,,,,,,true,false,12,2014-04-01,2015-03-31,-1
2016-04-25,23590,2017-03-31,,9200000000,0.027,,,,,110000000,0.049,135000000,0.020,,90000000,,6.49,,,,,,,,,,,,,,,,,,,,,,true,true,6,2016-04-01,2016-09-30,1
2016-04-25,23590,2017-03-31,,20000000000,0.042,,,,,900000000,0.193,900000000,0.111,,600000000,,43.27,,,,,,,,,,,,,,,,,,,,,,true,true,12,2016-04-01,2017-03-31,1
2016-04-25,23590,2016-03-31,,15244000000,0.013,,,,,479000000,0.277,652000000,0.360,448000000,,0.520,32.32,,,,,,13269000000,6493000000,0.489,466.52,6493000000,,,,,20.00,,,,14834580,915822,13864872,false,false,12,2015-04-01,2016-03-31,0
2016-04-25,23590,2015-03-31,,15053000000,-0.052,,,,,375000000,1.806,479000000,0.956,294000000,,0.594,21.47,,,,,,13213000000,6256000000,0.473,453.35,6256000000,,,,,20.00,,,,14834580,1034422,13730774,false,false,12,2014-04-01,2015-03-31,-1
2016-04-25,23590,2017-03-31,,,,,,,,,,,,,,,,,,,,,,,,,,,,,,20.00,,,,,,,false,true,12,2016-04-01,2017-03-31,1
2016-07-26,23590,2017-03-31,1,4115000000,-0.032,,,,,65000000,,96000000,,,83000000,,5.99,,,,,,14749000000,7725000000,0.523,,7709000000,,,,,,,,,,,,true,false,3,2016-04-01,2016-06-30,0
2016-07-26,23590,2016-03-31,1,4253000000,0.039,,,,,-87000000,,-62000000,,,-43000000,,-3.12,,,,,,,,,,,,,,,,,,,,,,true,false,3,2015-04-01,2015-06-30,-1
2016-07-26,23590,2017-03-31,1,9200000000,0.027,,,,,110000000,0.049,135000000,0.020,,90000000,,6.49,,,,,,,,,,,,,,,,,,,,,,true,true,6,2016-04-01,2016-09-30,0
2016-07-26,23590,2017-03-31,1,20000000000,0.042,,,,,900000000,0.193,900000000,0.111,,600000000,,43.27,,,,,,,,,,,,,,,,,,,,,,true,true,12,2016-04-01,2017-03-31,0
2016-07-26,23590,2016-03-31,1,,,,,,,,,,,,,,,,,,,,15169000000,7915000000,0.521,,7895000000,,,,,,,,,,,,true,false,12,2015-04-01,2016-03-31,-1
2016-07-26,23590,2016-03-31,1,,,,,,,,,,,,,,,,,,,,,,,,,,,,,20.00,,,,14834580,915822,,false,false,12,2015-04-01,2016-03-31,-1
2016-07-26,23590,2017-03-31,1,,,,,,,,,,,,,,,,,,,,,,,,,,,,,20.00,,,,,,,false,true,12,2016-04-01,2017-03-31,0
2016-07-26,23590,2017-03-31,1,,,,,,,,,,,,,,,,,,,,,,,,,,,,,,,,,14834580,881022,13926060,false,false,3,2016-04-01,2016-06-30,0
2016-07-26,23590,2016-03-31,1,,,,,,,,,,,,,,,,,,,,,,,,,,,,,,,,,,,13810542,false,false,3,2015-04-01,2015-06-30,-1
2016-10-24,23590,2017-03-31,,8970000000,-0.025,,,,,420000000,2.818,460000000,2.407,,330000000,,23.66,,,,,,,,,,,,,,,,,,,,,,true,true,6,2016-04-01,2016-09-30,0
2016-10-24,23590,2016-03-31,,8954000000,,,,,,104000000,,132000000,,,86000000,,6.27,,,,,,,,,,,,,,,,,,,,,,true,false,6,2015-04-01,2015-09-30,-1
2016-10-31,23590,2017-03-31,2,8970000000,0.002,,,,,424000000,3.051,463000000,2.502,,338000000,,24.28,,,,,,15120000000,8006000000,0.529,,7991000000,,,,,,,,,,,,true,false,6,2016-04-01,2016-09-30,0
2016-10-31,23590,2016-03-31,2,8954000000,0.026,,,,,104000000,2.642,132000000,1.962,,86000000,,6.27,,,,,,,,,,,,,,,,,,,,,,true,false,6,2015-04-01,2015-09-30,-1
2016-10-31,23590,2017-03-31,2,20000000000,0.042,,,,,900000000,0.193,900000000,0.111,,600000000,,43.27,,,,,,,,,,,,,,,,,,,,,,true,true,12,2016-04-01,2017-03-31,0
2016-10-31,23590,2016-03-31,2,,,,,,,,,,,,,,,,,,,,15169000000,7915000000,0.521,,7895000000,,,,,,,,,,,,true,false,12,2015-04-01,2016-03-31,-1
2016-10-31,23590,2016-03-31,2,,,,,,,,,,,,,,,,,,,,,,,,,,,,,20.00,,,,14834580,915822,,false,false,12,2015-04-01,2016-03-31,-1
2016-10-31,23590,2017-03-31,2,,,,,,,,,,,,,,,,,,,,,,,,,,,,,20.00,,,,,,,false,true,12,2016-04-01,2017-03-31,0
2016-10-31,23590,2017-03-31,2,,,,,,,,,,,,,,,,,,,,,,,,,,,,,,,,,14834580,849922,13947743,false,false,6,2016-04-01,2016-09-30,0
2016-10-31,23590,2016-03-31,2,,,,,,,,,,,,,,,,,,,,,,,,,,,,,,,,,,,13833029,false,false,6,2015-04-01,2015-09-30,-1
2017-01-30,23590,2017-03-31,3,13731000000,0.020,,,,,839000000,1.919,904000000,1.590,,638000000,,45.74,,,,,,15696000000,8304000000,0.532,,8356000000,,,,,,,,,,,,true,false,9,2016-04-01,2016-12-31,0
2017-01-30,23590,2016-03-31,3,13466000000,0.029,,,,,287000000,1.152,349000000,1.317,,232000000,,16.79,,,,,,,,,,,,,,,,,,,,,,true,false,9,2015-04-01,2015-12-31,-1
2017-01-30,23590,2017-03-31,3,20000000000,0.042,,,,,900000000,0.193,900000000,0.111,,600000000,,43.27,,,,,,,,,,,,,,,,,,,,,,true,true,12,2016-04-01,2017-03-31,0
2017-01-30,23590,2016-03-31,3,,,,,,,,,,,,,,,,,,,,15169000000,7915000000,0.521,,7895000000,,,,,,,,,,,,true,false,12,2015-04-01,2016-03-31,-1
2017-01-30,23590,2016-03-31,3,,,,,,,,,,,,,,,,,,,,,,,,,,,,,20.00,,,,14834580,915822,,false,false,12,2015-04-01,2016-03-31,-1
2017-01-30,23590,2017-03-31,3,,,,,,,,,,,,,,,,,,,,,,,,,,,,,20.00,,,,,,,false,true,12,2016-04-01,2017-03-31,0
2017-01-30,23590,2017-03-31,3,,,,,,,,,,,,,,,,,,,,,,,,,,,,,,,,,14834580,822822,13962750,false,false,9,2016-04-01,2016-12-31,0
2017-01-30,23590,2016-03-31,3,,,,,,,,,,,,,,,,,,,,,,,,,,,,,,,,,,,13849995,false,false,9,2015-04-01,2015-12-31,-1
2017-04-20,23590,2017-03-31,,19370000000,-0.032,,,,,1150000000,0.278,1220000000,0.356,,800000000,,57.24,,,,,,,,,,,,,,,,,,,,,,true,true,12,2016-04-01,2017-03-31,0
2017-04-20,23590,2016-03-31,,19195000000,,,,,,754000000,,810000000,,,514000000,,37.13,,,,,,,,,,,,,,,,,,,,,,true,false,12,2015-04-01,2016-03-31,-1
2017-04-26,23590,2017-03-31,,19379000000,0.010,,,,,1158000000,0.536,1226000000,0.514,,803000000,,57.48,57.48,0.098,0.079,0.060,,16061000000,8527000000,0.531,608.51,8535000000,752000000,-167000000,-417000000,1668000000,,0.348,,,,,,true,false,12,2016-04-01,2017-03-31,0
2017-04-26,23590,2016-03-31,,19195000000,0.014,,,,,754000000,0.171,810000000,0.213,,514000000,,37.13,,0.066,0.053,0.039,,15169000000,7915000000,0.521,567.29,7895000000,1217000000,-430000000,-710000000,1502000000,,0.539,,,,,,true,false,12,2015-04-01,2016-03-31,-1
2017-04-26,23590,2018-03-31,,9400000000,0.048,,,,,470000000,0.107,470000000,0.014,,320000000,,22.90,,,,,,,,,,,,,,,,,,,,,,true,true,6,2017-04-01,2017-09-30,1
2017-04-26,23590,2018-03-31,,21000000000,0.084,,,,,1300000000,0.122,1300000000,0.060,,880000000,,62.96,,,,,,,,,,,,,,,,,,,,,,true,true,12,2017-04-01,2018-03-31,1
2017-04-26,23590,2017-03-31,,15127000000,-0.008,,,,,801000000,0.672,1077000000,0.652,751000000,,0.678,53.80,53.80,,,,,13594000000,7080000000,0.519,503.03,7056000000,,,,,20.00,,,,14834580,807022,13976476,false,false,12,2016-04-01,2017-03-31,0
2017-04-26,23590,2016-03-31,,15244000000,0.013,,,,,479000000,0.277,652000000,0.360,448000000,,0.520,32.32,,,,,,13269000000,6493000000,0.489,466.52,6493000000,,,,,20.00,,,,14834580,915822,13864872,false,false,12,2015-04-01,2016-03-31,-1
2017-04-26,23590,2018-03-31,,,,,,,,,,,,,,,,,,,,,,,,,,,,,,20.00,,,,,,,false,true,12,2017-04-01,2018-03-31,1
2017-07-27,23590,2018-03-31,1,4673000000,0.136,,,,,202000000,2.081,218000000,1.254,,126000000,,9.01,9.00,,,,,15846000000,8445000000,0.533,,8448000000,,,,,,,,,,,,true,false,3,2017-04-01,2017-06-30,0
2017-07-27,23590,2017-03-31,1,4115000000,-0.032,,,,,65000000,,96000000,,,83000000,,5.99,,,,,,,,,,,,,,,,,,,,,,true,false,3,2016-04-01,2016-06-30,-1
2017-07-27,23590,2018-03-31,1,9400000000,0.048,,,,,470000000,0.107,470000000,0.014,,320000000,,22.90,,,,,,,,,,,,,,,,,,,,,,true,true,6,2017-04-01,2017-09-30,0
2017-07-27,23590,2018-03-31,1,21000000000,0.084,,,,,1300000000,0.122,1300000000,0.060,,880000000,,62.96,,,,,,,,,,,,,,,,,,,,,,true,true,12,2017-04-01,2018-03-31,0
2017-07-27,23590,2017-03-31,1,,,,,,,,,,,,,,,,,,,,16061000000,8527000000,0.531,,8535000000,,,,,,,,,,,,true,false,12,2016-04-01,2017-03-31,-1
2017-07-27,23590,2017-03-31,1,,,,,,,,,,,,,,,,,,,,,,,,,,,,,20.00,,,,14834580,807022,,false,false,12,2016-04-01,2017-03-31,-1
2017-07-27,23590,2018-03-31,1,,,,,,,,,,,,,,,,,,,,,,,,,,,,,20.00,,,,,,,false,true,12,2017-04-01,2018-03-31,0
2017-07-27,23590,2018-03-31,1,,,,,,,,,,,,,,,,,,,,,,,,,,,,,,,,,14834580,781222,14034923,false,false,3,2017-04-01,2017-06-30,0
2017-07-27,23590,2017-03-31,1,,,,,,,,,,,,,,,,,,,,,,,,,,,,,,,,,,,13926060,false,false,3,2016-04-01,2016-06-30,-1
2017-10-30,23590,2018-03-31,2,9536000000,0.063,,,,,476000000,0.122,484000000,0.046,,294000000,,20.95,20.92,,,,,15790000000,8619000000,0.546,,8626000000,,,,,,,,,,,,true,false,6,2017-04-01,2017-09-30,0
2017-10-30,23590,2017-03-31,2,8970000000,0.002,,,,,424000000,3.051,463000000,2.502,,338000000,,24.28,,,,,,,,,,,,,,,,,,,,,,true,false,6,2016-04-01,2016-09-30,-1
2017-10-30,23590,2018-03-31,2,21000000000,0.084,,,,,1300000000,0.122,1300000000,0.060,,880000000,,62.96,,,,,,,,,,,,,,,,,,,,,,true,true,12,2017-04-01,2018-03-31,0
2017-10-30,23590,2017-03-31,2,,,,,,,,,,,,,,,,,,,,16061000000,8527000000,0.531,,8535000000,,,,,,,,,,,,true,false,12,2016-04-01,2017-03-31,-1
2017-10-30,23590,2017-03-31,2,,,,,,,,,,,,,,,,,,,,,,,,,,,,,20.00,,,,14834580,807022,,false,false,12,2016-04-01,2017-03-31,-1
2017-10-30,23590,2018-03-31,2,,,,,,,,,,,,,,,,,,,,,,,,,,,,,20.00,,,,,,,false,true,12,2017-04-01,2018-03-31,0
2017-10-30,23590,2018-03-31,2,,,,,,,,,,,,,,,,,,,,,,,,,,,,,,,,,14834580,762122,14049120,false,false,6,2017-04-01,2017-09-30,0
2017-10-30,23590,2017-03-31,2,,,,,,,,,,,,,,,,,,,,,,,,,,,,,,,,,,,13947743,false,false,6,2016-04-01,2016-09-30,-1
2018-01-30,23590,2018-03-31,3,14390000000,0.048,,,,,802000000,-0.044,850000000,-0.059,,541000000,,38.49,38.44,,,,,15926000000,8903000000,0.559,,8910000000,,,,,,,,,,,,true,false,9,2017-04-01,2017-12-31,0
2018-01-30,23590,2017-03-31,3,13731000000,0.020,,,,,839000000,1.919,904000000,1.590,,638000000,,45.74,,,,,,,,,,,,,,,,,,,,,,true,false,9,2016-04-01,2016-12-31,-1
2018-01-30,23590,2018-03-31,3,21000000000,0.084,,,,,1300000000,0.122,1300000000,0.060,,880000000,,62.96,,,,,,,,,,,,,,,,,,,,,,true,true,12,2017-04-01,2018-03-31,0
2018-01-30,23590,2017-03-31,3,,,,,,,,,,,,,,,,,,,,16061000000,8527000000,0.531,,8535000000,,,,,,,,,,,,true,false,12,2016-04-01,2017-03-31,-1
2018-01-30,23590,2017-03-31,3,,,,,,,,,,,,,,,,,,,,,,,,,,,,,20.00,,,,14834580,807022,,false,false,12,2016-04-01,2017-03-31,-1
2018-01-30,23590,2018-03-31,3,,,,,,,,,,,,,,,,,,,,,,,,,,,,,20.00,,,,,,,false,true,12,2017-04-01,2018-03-31,0
2018-01-30,23590,2018-03-31,3,,,,,,,,,,,,,,,,,,,,,,,,,,,,,,,,,14834580,742662,14058857,false,false,9,2017-04-01,2017-12-31,0
2018-01-30,23590,2017-03-31,3,,,,,,,,,,,,,,,,,,,,,,,,,,,,,,,,,,,13962750,false,false,9,2016-04-01,2016-12-31,-1
2018-04-25,23590,2018-03-31,,20609000000,0.063,,,,,1304000000,0.126,1359000000,0.108,,922000000,,65.55,65.47,0.103,0.083,0.063,,16609000000,9309000000,0.560,659.86,9305000000,1287000000,-269000000,-720000000,2065000000,,0.305,,,,,,true,false,12,2017-04-01,2018-03-31,0
2018-04-25,23590,2017-03-31,,19379000000,0.010,,,,,1158000000,0.536,1226000000,0.514,,803000000,,57.48,57.48,0.098,0.079,0.060,,16061000000,8527000000,0.531,608.51,8535000000,752000000,-167000000,-417000000,1668000000,,0.348,,,,,,true,false,12,2016-04-01,2017-03-31,-1
2018-04-25,23590,2019-03-31,,9700000000,0.017,,,,,500000000,0.050,500000000,0.031,,340000000,,24.17,,,,,,,,,,,,,,,,,,,,,,true,true,6,2018-04-01,2018-09-30,1
2018-04-25,23590,2019-03-31,,22000000000,0.067,,,,,1500000000,0.150,1500000000,0.103,,1030000000,,73.21,,,,,,,,,,,,,,,,,,,,,,true,true,12,2018-04-01,2019-03-31,1
2018-04-25,23590,2018-03-31,,16091000000,0.064,,,,,984000000,0.229,1180000000,0.096,892000000,,0.188,63.47,63.40,,,,,14067000000,7744000000,0.549,547.57,7722000000,,,,,20.00,,,,14834580,732062,14068465,false,false,12,2017-04-01,2018-03-31,0
2018-04-25,23590,2017-03-31,,15127000000,-0.008,,,,,801000000,0.672,1077000000,0.652,751000000,,0.678,53.80,53.80,,,,,13594000000,7080000000,0.519,503.03,7056000000,,,,,20.00,,,,14834580,807022,13976476,false,false,12,2016-04-01,2017-03-31,-1
2018-04-25,23590,2019-03-31,,,,,,,,,,,,,,,,,,,,,,,,,,,,,,25.00,,,,,,,false,true,12,2018-04-01,2019-03-31,1
2018-07-26,23590,2019-03-31,1,4313000000,-0.077,,,,,138000000,-0.315,174000000,-0.200,,117000000,,8.26,8.26,,,,,15945000000,9217000000,0.578,,9221000000,,,,,,,,,,,,true,false,3,2018-04-01,2018-06-30,0
2018-07-26,23590,2018-03-31,1,4673000000,0.136,,,,,202000000,2.081,218000000,1.254,,126000000,,9.01,9.00,,,,,,,,,,,,,,,,,,,,,true,false,3,2017-04-01,2017-06-30,-1
2018-07-26,23590,2019-03-31,1,9700000000,0.017,,,,,500000000,0.050,500000000,0.031,,340000000,,24.17,,,,,,,,,,,,,,,,,,,,,,true,true,6,2018-04-01,2018-09-30,0
2018-07-26,23590,2019-03-31,1,22000000000,0.067,,,,,1500000000,0.150,1500000000,0.103,,1030000000,,73.21,,,,,,,,,,,,,,,,,,,,,,true,true,12,2018-04-01,2019-03-31,0
2018-07-26,23590,2018-03-31,1,,,,,,,,,,,,,,,,,,,,16609000000,9309000000,0.560,,9305000000,,,,,,,,,,,,true,false,12,2017-04-01,2018-03-31,-1
2018-07-26,23590,2018-03-31,1,,,,,,,,,,,,,,,,,,,,,,,,,,,,,20.00,,,,14834580,732062,,false,false,12,2017-04-01,2018-03-31,-1
2018-07-26,23590,2019-03-31,1,,,,,,,,,,,,,,,,,,,,,,,,,,,,,25.00,,,,,,,false,true,12,2018-04-01,2019-03-31,0
2018-07-26,23590,2019-03-31,1,,,,,,,,,,,,,,,,,,,,,,,,,,,,,,,,,14834580,619262,14207966,false,false,3,2018-04-01,2018-06-30,0
2018-07-26,23590,2018-03-31,1,,,,,,,,,,,,,,,,,,,,,,,,,,,,,,,,,,,14034923,false,false,3,2017-04-01,2017-06-30,-1
2018-10-29,23590,2019-03-31,2,9267000000,-0.028,,,,,504000000,0.060,552000000,0.140,,378000000,,26.60,26.58,,,,,15992000000,9509000000,0.595,,9510000000,,,,,,,,,,,,true,false,6,2018-04-01,2018-09-30,0
2018-10-29,23590,2018-03-31,2,9536000000,0.063,,,,,476000000,0.122,484000000,0.046,,294000000,,20.95,20.92,,,,,,,,,,,,,,,,,,,,,true,false,6,2017-04-01,2017-09-30,-1
2018-10-29,23590,2019-03-31,2,22000000000,0.067,,,,,1500000000,0.150,1500000000,0.103,,1030000000,,73.21,,,,,,,,,,,,,,,,,,,,,,true,true,12,2018-04-01,2019-03-31,0
2018-10-29,23590,2018-03-31,2,,,,,,,,,,,,,,,,,,,,16609000000,9309000000,0.560,,9305000000,,,,,,,,,,,,true,false,12,2017-04-01,2018-03-31,-1
2018-10-29,23590,2018-03-31,2,,,,,,,,,,,,,,,,,,,,,,,,,,,,,20.00,,,,14834580,732062,,false,false,12,2017-04-01,2018-03-31,-1
2018-10-29,23590,2019-03-31,2,,,,,,,,,,,,,,,,,,,,,,,,,,,,,5.00,,,,,,,false,false,12,2018-04-01,2019-03-31,0
2018-10-29,23590,2019-03-31,2,,,,,,,,,,,,,,,,,,,,,,,,,,,,,25.00,,,,,,,false,true,12,2018-04-01,2019-03-31,0
2018-10-29,23590,2019-03-31,2,,,,,,,,,,,,,,,,,,,,,,,,,,,,,,,,,14834580,606763,14217946,false,false,6,2018-04-01,2018-09-30,0
2018-10-29,23590,2018-03-31,2,,,,,,,,,,,,,,,,,,,,,,,,,,,,,,,,,,,14049120,false,false,6,2017-04-01,2017-09-30,-1
2019-01-30,23590,2019-03-31,3,14246000000,-0.010,,,,,931000000,0.161,983000000,0.156,,679000000,,47.83,47.78,,,,,16077000000,9599000000,0.597,,9599000000,,,,,,,,,,,,true,false,9,2018-04-01,2018-12-31,0
2019-01-30,23590,2018-03-31,3,14390000000,0.048,,,,,802000000,-0.044,850000000,-0.059,,541000000,,38.49,38.44,,,,,,,,,,,,,,,,,,,,,true,false,9,2017-04-01,2017-12-31,-1
2019-01-30,23590,2019-03-31,3,22000000000,0.067,,,,,1500000000,0.150,1500000000,0.103,,1030000000,,73.21,,,,,,,,,,,,,,,,,,,,,,true,true,12,2018-04-01,2019-03-31,0
2019-01-30,23590,2018-03-31,3,,,,,,,,,,,,,,,,,,,,16609000000,9309000000,0.560,,9305000000,,,,,,,,,,,,true,false,12,2017-04-01,2018-03-31,-1
2019-01-30,23590,2018-03-31,3,,,,,,,,,,,,,,,,,,,,,,,,,,,,,20.00,,,,14834580,732062,,false,false,12,2017-04-01,2018-03-31,-1
2019-01-30,23590,2019-03-31,3,,,,,,,,,,,,,,,,,,,,,,,,,,,,,5.00,,,,,,,false,false,12,2018-04-01,2019-03-31,0
2019-01-30,23590,2019-03-31,3,,,,,,,,,,,,,,,,,,,,,,,,,,,,,25.00,,,,,,,false,true,12,2018-04-01,2019-03-31,0
2019-01-30,23590,2019-03-31,3,,,,,,,,,,,,,,,,,,,,,,,,,,,,,,,,,14834580,709663,14216010,false,false,9,2018-04-01,2018-12-31,0
2019-01-30,23590,2018-03-31,3,,,,,,,,,,,,,,,,,,,,,,,,,,,,,,,,,,,14058857,false,false,9,2017-04-01,2017-12-31,-1
2019-04-25,23590,2019-03-31,,20464000000,-0.007,,,,,1616000000,0.240,1677000000,0.234,,1248000000,,87.93,87.85,0.128,0.099,0.079,,17318000000,10210000000,0.588,721.56,10191000000,1108000000,-398000000,-160000000,2613000000,,0.284,,,,,,true,false,12,2018-04-01,2019-03-31,0
2019-04-25,23590,2018-03-31,,20609000000,0.063,,,,,1304000000,0.126,1359000000,0.108,,922000000,,65.55,65.47,0.103,0.083,0.063,,16568000000,9309000000,0.560,659.86,9305000000,1287000000,-269000000,-720000000,2065000000,,0.305,,,,,,true,false,12,2017-04-01,2018-03-31,-1
2019-04-25,23590,2020-03-31,,9700000000,0.047,,,,,600000000,0.188,600000000,0.085,,400000000,,28.32,,,,,,,,,,,,,,,,,,,,,,true,true,6,2019-04-01,2019-09-30,1
2019-04-25,23590,2020-03-31,,22000000000,0.075,,,,,1800000000,0.113,1800000000,0.073,,1270000000,,89.91,,,,,,,,,,,,,,,,0.300,,,,,,true,true,12,2019-04-01,2020-03-31,1
2019-04-25,23590,2019-03-31,,16249000000,0.010,,,,,1433000000,0.456,1820000000,0.542,1490000000,,0.669,105.04,104.94,,,,,14348000000,8838000000,0.615,624.52,8821000000,,,,,25.00,,,,14834580,709663,14193549,false,false,12,2018-04-01,2019-03-31,0
2019-04-25,23590,2018-03-31,,16091000000,0.064,,,,,984000000,0.229,1180000000,0.096,892000000,,0.188,63.47,63.40,,,,,14067000000,7744000000,0.549,547.57,7722000000,,,,,20.00,,,,14834580,732062,14068465,false,false,12,2017-04-01,2018-03-31,-1
2019-04-25,23590,2020-03-31,,,,,,,,,,,,,,,,,,,,,,,,,,,,,,27.00,,,,,,,false,true,12,2019-04-01,2020-03-31,1
2019-07-29,23590,2020-03-31,1,4316000000,0.001,,,,,143000000,0.034,151000000,-0.130,,102000000,,7.23,7.22,,,,,16917000000,10028000000,0.592,,10015000000,,,,,,,,,,,,true,false,3,2019-04-01,2019-06-30,0
2019-07-29,23590,2019-03-31,1,4313000000,-0.077,,,,,138000000,-0.315,174000000,-0.200,,117000000,,8.26,8.26,,,,,,,,,,,,,,,,,,,,,true,false,3,2018-04-01,2018-06-30,-1
2019-07-29,23590,2020-03-31,1,9700000000,0.047,,,,,600000000,0.188,600000000,0.085,,400000000,,28.32,,,,,,,,,,,,,,,,,,,,,,true,true,6,2019-04-01,2019-09-30,0
2019-07-29,23590,2020-03-31,1,22000000000,0.075,,,,,1800000000,0.113,1800000000,0.073,,1270000000,,89.91,,,,,,,,,,,,,,,,,,,,,,true,true,12,2019-04-01,2020-03-31,0
2019-07-29,23590,2019-03-31,1,,,,,,,,,,,,,,,,,,,,17318000000,10210000000,0.588,,10191000000,,,,,,,,,,,,true,false,12,2018-04-01,2019-03-31,-1
2019-07-29,23590,2019-03-31,1,,,,,,,,,,,,,,,,,,,,,,,,,,,,,25.00,,,,14834580,709663,,false,false,12,2018-04-01,2019-03-31,-1
2019-07-29,23590,2020-03-31,1,,,,,,,,,,,,,,,,,,,,,,,,,,,,,27.00,,,,,,,false,true,12,2019-04-01,2020-03-31,0
2019-07-29,23590,2020-03-31,1,,,,,,,,,,,,,,,,,,,,,,,,,,,,,,,,,14834580,709760,14124902,false,false,3,2019-04-01,2019-06-30,0
2019-07-29,23590,2019-03-31,1,,,,,,,,,,,,,,,,,,,,,,,,,,,,,,,,,,,14207966,false,false,3,2018-04-01,2018-06-30,-1
2019-10-28,23590,2020-03-31,2,9494000000,0.025,,,,,637000000,0.262,675000000,0.222,,437000000,,30.93,30.90,,,,,17305000000,10498000000,0.606,,10482000000,,,,,,,,,,,,true,false,6,2019-04-01,2019-09-30,0
2019-10-28,23590,2019-03-31,2,9267000000,-0.028,,,,,504000000,0.060,552000000,0.140,,378000000,,26.60,26.58,,,,,,,,,,,,,,,,,,,,,true,false,6,2018-04-01,2018-09-30,-1
2019-10-28,23590,2020-03-31,2,22000000000,0.075,,,,,1800000000,0.113,1800000000,0.073,,1270000000,,89.91,,,,,,,,,,,,,,,,,,,,,,true,true,12,2019-04-01,2020-03-31,0
2019-10-28,23590,2019-03-31,2,,,,,,,,,,,,,,,,,,,,17318000000,10210000000,0.588,,10191000000,,,,,,,,,,,,true,false,12,2018-04-01,2019-03-31,-1
2019-10-28,23590,2019-03-31,2,,,,,,,,,,,,,,,,,,,,,,,,,,,,,25.00,,,,14834580,709663,,false,false,12,2018-04-01,2019-03-31,-1
2019-10-28,23590,2020-03-31,2,,,,,,,,,,,,,,,,,,,,,,,,,,,,,27.00,,,,,,,false,true,12,2019-04-01,2020-03-31,0
2019-10-28,23590,2020-03-31,2,,,,,,,,,,,,,,,,,,,,,,,,,,,,,,,,,14834580,653160,14135936,false,false,6,2019-04-01,2019-09-30,0
2019-10-28,23590,2019-03-31,2,,,,,,,,,,,,,,,,,,,,,,,,,,,,,,,,,,,14217946,false,false,6,2018-04-01,2018-09-30,-1
2020-01-30,23590,2020-03-31,3,14464000000,0.015,,,,,1101000000,0.183,1148000000,0.168,,753000000,,53.24,53.19,,,,,17471000000,10819000000,0.619,,10803000000,,,,,,,,,,,,true,false,9,2019-04-01,2019-12-31,0
2020-01-30,23590,2019-03-31,3,14246000000,-0.010,,,,,931000000,0.161,983000000,0.156,,679000000,,47.83,47.78,,,,,,,,,,,,,,,,,,,,,true,false,9,2018-04-01,2018-12-31,-1
2020-01-30,23590,2020-03-31,3,22000000000,0.075,,,,,1800000000,0.113,1800000000,0.073,,1270000000,,89.91,,,,,,,,,,,,,,,,,,,,,,true,true,12,2019-04-01,2020-03-31,0
2020-01-30,23590,2019-03-31,3,,,,,,,,,,,,,,,,,,,,17318000000,10210000000,0.588,,10191000000,,,,,,,,,,,,true,false,12,2018-04-01,2019-03-31,-1
2020-01-30,23590,2019-03-31,3,,,,,,,,,,,,,,,,,,,,,,,,,,,,,25.00,,,,14834580,709663,,false,false,12,2018-04-01,2019-03-31,-1
2020-01-30,23590,2020-03-31,3,,,,,,,,,,,,,,,,,,,,,,,,,,,,,27.00,,,,,,,false,true,12,2019-04-01,2020-03-31,0
2020-01-30,23590,2020-03-31,3,,,,,,,,,,,,,,,,,,,,,,,,,,,,,,,,,14834580,653360,14151131,false,false,9,2019-04-01,2019-12-31,0
2020-01-30,23590,2019-03-31,3,,,,,,,,,,,,,,,,,,,,,,,,,,,,,,,,,,,14216010,false,false,9,2018-04-01,2018-12-31,-1
2020-04-27,23590,2020-03-31,,20997000000,0.026,,,,,1800000000,0.114,1852000000,0.105,,1172000000,,82.84,82.76,0.110,0.104,0.086,,18245000000,11157000000,0.610,785.79,11130000000,1325000000,-348000000,-931000000,2658000000,,0.326,,,,,,true,false,12,2019-04-01,2020-03-31,0
2020-04-27,23590,2019-03-31,,20464000000,-0.007,,,,,1616000000,0.240,1677000000,0.234,,1248000000,,87.93,87.85,0.128,0.099,0.079,,17318000000,10210000000,0.588,721.56,10191000000,1108000000,-398000000,-160000000,2613000000,,0.284,,,,,,true,false,12,2018-04-01,2019-03-31,-1
2020-04-27,23590,2020-03-31,,16413000000,0.010,,,,,1440000000,0.005,1597000000,-0.122,957000000,,-0.358,67.63,67.56,,,,,15029000000,9577000000,0.636,674.95,9560000000,,,,,27.00,,,,14834580,669260,14157225,false,false,12,2019-04-01,2020-03-31,0
2020-04-27,23590,2019-03-31,,16249000000,0.010,,,,,1433000000,0.456,1820000000,0.542,1490000000,,0.669,105.04,104.94,,,,,14348000000,8838000000,0.615,624.52,8821000000,,,,,25.00,,,,14834580,709663,14193549,false,false,12,2018-04-01,2019-03-31,-1
2020-07-29,23590,2021-03-31,1,4355000000,0.009,,,,,198000000,0.380,225000000,0.486,,155000000,,11.01,11.00,,,,,17745000000,10945000000,0.615,,10918000000,,,,,,,,,,,,true,false,3,2020-04-01,2020-06-30,0
2020-07-29,23590,2020-03-31,1,4316000000,0.001,,,,,143000000,0.034,151000000,-0.130,,102000000,,7.23,7.22,,,,,,,,,,,,,,,,,,,,,true,false,3,2019-04-01,2019-06-30,-1
2020-07-29,23590,2020-03-31,1,,,,,,,,,,,,,,,,,,,,18245000000,11157000000,0.610,,11130000000,,,,,,,,,,,,true,false,12,2019-04-01,2020-03-31,-1
2020-07-29,23590,2020-03-31,1,,,,,,,,,,,,,,,,,,,,,,,,,,,,,27.00,,,,14834580,669260,,false,false,12,2019-04-01,2020-03-31,-1
2020-07-29,23590,2021-03-31,1,,,,,,,,,,,,,,,,,,,,,,,,,,,,,,,,,14834580,671186,14164839,false,false,3,2020-04-01,2020-06-30,0
2020-07-29,23590,2020-03-31,1,,,,,,,,,,,,,,,,,,,,,,,,,,,,,,,,,,,14124902,false,false,3,2019-04-01,2019-06-30,-1
2020-10-27,23590,2021-03-31,2,9390000000,-0.011,,,,,709000000,0.112,758000000,0.123,,522000000,,36.86,36.82,,,,,17809000000,11332000000,0.635,,11311000000,,,,,,,,,,,,true,false,6,2020-04-01,2020-09-30,0
2020-10-27,23590,2020-03-31,2,9494000000,0.025,,,,,637000000,0.262,675000000,0.222,,437000000,,30.93,30.90,,,,,,,,,,,,,,,,,,,,,true,false,6,2019-04-01,2019-09-30,-1
2020-10-27,23590,2021-03-31,2,20500000000,-0.024,,,,,1600000000,-0.111,1650000000,-0.109,,1110000000,,78.36,,,,,,,,,,,,,,,,,,,,,,true,true,12,2020-04-01,2021-03-31,0
2020-10-27,23590,2020-03-31,2,,,,,,,,,,,,,,,,,,,,18245000000,11157000000,0.610,,11130000000,,,,,,,,,,,,true,false,12,2019-04-01,2020-03-31,-1
2020-10-27,23590,2020-03-31,2,,,,,,,,,,,,,,,,,,,,,,,,,,,,,27.00,,,,14834580,669260,,false,false,12,2019-04-01,2020-03-31,-1
2020-10-27,23590,2021-03-31,2,,,,,,,,,,,,,,,,,,,,,,,,,,,,,27.00,,,,,,,false,true,12,2020-04-01,2021-03-31,0
2020-10-27,23590,2021-03-31,2,,,,,,,,,,,,,,,,,,,,,,,,,,,,,,,,,14834580,638986,14166232,false,false,6,2020-04-01,2020-09-30,0
2020-10-27,23590,2020-03-31,2,,,,,,,,,,,,,,,,,,,,,,,,,,,,,,,,,,,14135936,false,false,6,2019-04-01,2019-09-30,-1
2021-01-28,23590,2021-03-31,3,14200000000,-0.018,,,,,1212000000,0.100,1279000000,0.113,,872000000,,61.55,61.50,,,,,17887000000,11671000000,0.652,,11655000000,,,,,,,,,,,,true,false,9,2020-04-01,2020-12-31,0
2021-01-28,23590,2020-03-31,3,14464000000,0.015,,,,,1101000000,0.183,1148000000,0.168,,753000000,,53.24,53.19,,,,,,,,,,,,,,,,,,,,,true,false,9,2019-04-01,2019-12-31,-1
2021-01-28,23590,2021-03-31,3,20500000000,-0.024,,,,,1900000000,0.055,1950000000,0.053,,1300000000,,91.70,,,,,,,,,,,,,,,,,,,,,,true,true,12,2020-04-01,2021-03-31,0
2021-01-28,23590,2020-03-31,3,,,,,,,,,,,,,,,,,,,,18245000000,11157000000,0.610,,11130000000,,,,,,,,,,,,true,false,12,2019-04-01,2020-03-31,-1
2021-01-28,23590,2020-03-31,3,,,,,,,,,,,,,,,,,,,,,,,,,,,,,27.00,,,,14834580,669260,,false,false,12,2019-04-01,2020-03-31,-1
2021-01-28,23590,2021-03-31,3,,,,,,,,,,,,,,,,,,,,,,,,,,,,,30.00,,,,,,,false,true,12,2020-04-01,2021-03-31,0
2021-01-28,23590,2021-03-31,3,,,,,,,,,,,,,,,,,,,,,,,,,,,,,,,,,14834580,638986,14176055,false,false,9,2020-04-01,2020-12-31,0
2021-01-28,23590,2020-03-31,3,,,,,,,,,,,,,,,,,,,,,,,,,,,,,,,,,,,14151131,false,false,9,2019-04-01,2019-12-31,-1
2021-04-26,23590,2021-03-31,,20785000000,-0.010,,,,,2032000000,0.128,2114000000,0.141,,1423000000,,100.37,100.28,0.122,0.115,0.098,,18433000000,12318000000,0.666,865.03,12279000000,1851000000,48000000,-922000000,3636000000,,0.299,,,,,,true,false,12,2020-04-01,2021-03-31,0
2021-04-26,23590,2020-03-31,,20997000000,0.026,,,,,1800000000,0.114,1852000000,0.105,,1172000000,,82.84,82.76,0.110,0.104,0.086,,18245000000,11157000000,0.610,785.79,11130000000,1325000000,-348000000,-931000000,2658000000,,0.326,,,,,,true,false,12,2019-04-01,2020-03-31,-1
2021-04-26,23590,2022-03-31,,9500000000,0.012,,,,,750000000,0.058,780000000,0.028,,530000000,,37.37,,,,,,,,,,,,,,,,,,,,,,true,true,6,2021-04-01,2021-09-30,1
2021-04-26,23590,2022-03-31,,22000000000,0.058,,,,,2200000000,0.083,2250000000,0.064,,1550000000,,109.30,,,,,,,,,,,,,,,,0.320,,,,,,true,true,12,2021-04-01,2022-03-31,1
2021-04-26,23590,2021-03-31,,16019000000,-0.024,,,,,1533000000,0.065,1744000000,0.092,1302000000,,0.360,91.83,91.75,,,,,15499000000,10549000000,0.680,742.04,10533000000,,,,,30.00,,,,14834580,639186,14180852,false,false,12,2020-04-01,2021-03-31,0
2021-04-26,23590,2020-03-31,,16413000000,0.010,,,,,1440000000,0.005,1597000000,-0.122,957000000,,-0.358,67.63,67.56,,,,,15029000000,9577000000,0.636,674.95,9560000000,,,,,27.00,,,,14834580,669260,14157225,false,false,12,2019-04-01,2020-03-31,-1
2021-04-26,23590,2022-03-31,,,,,,,,,,,,,,,,,,,,,,,,,,,,,,35.00,,,,,,,false,true,12,2021-04-01,2022-03-31,1
2021-07-28,23590,2022-03-31,1,5000000000,0.148,,,,,433000000,1.187,457000000,1.024,,309000000,,21.81,21.79,,,,,18092000000,12249000000,0.675,,12213000000,,,,,,,,,,,,true,false,3,2021-04-01,2021-06-30,0
2021-07-28,23590,2021-03-31,1,4355000000,0.009,,,,,198000000,0.380,225000000,0.486,,155000000,,11.01,11.00,,,,,,,,,,,,,,,,,,,,,true,false,3,2020-04-01,2020-06-30,-1
2021-07-28,23590,2022-03-31,1,9500000000,0.012,,,,,750000000,0.058,780000000,0.028,,530000000,,37.37,,,,,,,,,,,,,,,,,,,,,,true,true,6,2021-04-01,2021-09-30,0
2021-07-28,23590,2022-03-31,1,22000000000,0.058,,,,,2200000000,0.083,2250000000,0.064,,1550000000,,109.30,,,,,,,,,,,,,,,,,,,,,,true,true,12,2021-04-01,2022-03-31,0
2021-07-28,23590,2021-03-31,1,,,,,,,,,,,,,,,,,,,,18433000000,12318000000,0.666,,12279000000,,,,,,,,,,,,true,false,12,2020-04-01,2021-03-31,-1
2021-07-28,23590,2021-03-31,1,,,,,,,,,,,,,,,,,,,,,,,,,,,,,30.00,,,,14834580,639186,,false,false,12,2020-04-01,2021-03-31,-1
2021-07-28,23590,2022-03-31,1,,,,,,,,,,,,,,,,,,,,,,,,,,,,,35.00,,,,,,,false,true,12,2021-04-01,2022-03-31,0
2021-07-28,23590,2022-03-31,1,,,,,,,,,,,,,,,,,,,,,,,,,,,,,,,,,14834580,638212,14196045,false,false,3,2021-04-01,2021-06-30,0
2021-07-28,23590,2021-03-31,1,,,,,,,,,,,,,,,,,,,,,,,,,,,,,,,,,,,14164839,false,false,3,2020-04-01,2020-06-30,-1
2021-10-20,23590,2022-03-31,,10430000000,0.098,,,,,1030000000,0.373,1090000000,0.397,740000000,,0.396,52.07,,,,,,,,,,,,,,,,,,,,,,true,true,6,2021-04-01,2021-09-30,0
2021-10-20,23590,2021-03-31,,9390000000,,,,,,709000000,,758000000,,522000000,,,36.86,,,,,,,,,,,,,,,,,,,,,,true,false,6,2020-04-01,2020-09-30,-1
2021-10-20,23590,2022-03-31,,22000000000,,,,,,2200000000,,2250000000,,1550000000,,,109.30,,,,,,,,,,,,,,,,,,,,,,true,true,12,2021-04-01,2022-03-31,0
2021-10-20,23590,2021-03-31,,20785000000,,,,,,2032000000,,2114000000,,1423000000,,,100.37,,,,,,,,,,,,,,,,,,,,,,true,false,12,2020-04-01,2021-03-31,-1
2021-10-27,2359,2022-03-31,2,10439000000,0.112,,,,,1031000000,0.455,1097000000,0.447,,744000000,,52.38,52.18,,,,,18601000000,12764000000,0.685,,12733000000,,,,,,,,,,,,true,false,6,2021-04-01,2021-09-30,0
2021-10-27,2359,2021-03-31,2,9390000000,-0.011,,,,,709000000,0.112,758000000,0.123,,522000000,,36.86,36.82,,,,,,,,,,,,,,,,,,,,,true,false,6,2020-04-01,2020-09-30,-1
2021-10-27,2359,2022-03-31,2,22000000000,0.058,,,,,2200000000,0.083,2250000000,0.064,,1550000000,,109.30,,,,,,,,,,,,,,,,,,,,,,true,true,12,2021-04-01,2022-03-31,0
2021-10-27,2359,2021-03-31,2,,,,,,,,,,,,,,,,,,,,18433000000,12318000000,0.666,,12279000000,,,,,,,,,,,,true,false,12,2020-04-01,2021-03-31,-1
2021-10-27,2359,2021-03-31,2,,,,,,,,,,,,,,,,,,,,,,,,,,,,,30.00,,,,14834580,639186,,false,false,12,2020-04-01,2021-03-31,-1
2021-10-27,2359,2022-03-31,2,,,,,,,,,,,,,,,,,,,,,,,,,,,,,35.00,,,,,,,false,true,12,2021-04-01,2022-03-31,0
2021-10-27,2359,2022-03-31,2,,,,,,,,,,,,,,,,,,,,,,,,,,,,,,,,,14834580,585012,14206828,false,false,6,2021-04-01,2021-09-30,0
2021-10-27,2359,2021-03-31,2,,,,,,,,,,,,,,,,,,,,,,,,,,,,,,,,,,,14166232,false,false,6,2020-04-01,2020-09-30,-1
2022-01-28,2359,2022-03-31,3,16118000000,0.135,,,,,1771000000,0.461,1846000000,0.443,,1256000000,,88.33,88.26,,,,,19708000000,13268000000,0.672,,13241000000,,,,,,,,,,,,true,false,9,2021-04-01,2021-12-31,0
2022-01-28,2359,2021-03-31,3,14200000000,-0.018,,,,,1212000000,0.100,1279000000,0.113,,872000000,,61.55,61.50,,,,,,,,,,,,,,,,,,,,,true,false,9,2020-04-01,2020-12-31,-1
2022-01-28,2359,2022-03-31,3,22000000000,0.058,,,,,2200000000,0.083,2250000000,0.064,,1550000000,,109.30,,,,,,,,,,,,,,,,,,,,,,true,true,12,2021-04-01,2022-03-31,0
2022-01-28,2359,2021-03-31,3,,,,,,,,,,,,,,,,,,,,18433000000,12318000000,0.666,,12279000000,,,,,,,,,,,,true,false,12,2020-04-01,2021-03-31,-1
2022-01-28,2359,2021-03-31,3,,,,,,,,,,,,,,,,,,,,,,,,,,,,,30.00,,,,14834580,639186,,false,false,12,2020-04-01,2021-03-31,-1
2022-01-28,2359,2022-03-31,3,,,,,,,,,,,,,,,,,,,,,,,,,,,,,35.00,,,,,,,false,true,12,2021-04-01,2022-03-31,0
2022-01-28,2359,2022-03-31,3,,,,,,,,,,,,,,,,,,,,,,,,,,,,,,,,,14834580,585812,14221380,false,false,9,2021-04-01,2021-12-31,0
2022-01-28,2359,2021-03-31,3,,,,,,,,,,,,,,,,,,,,,,,,,,,,,,,,,,,14176055,false,false,9,2020-04-01,2020-12-31,-1
2022-04-26,2359,2022-03-31,,21798000000,0.049,,,,,2367000000,0.165,2451000000,0.160,,1622000000,,114.04,113.94,0.125,0.128,0.109,,19962000000,13616000000,0.680,952.98,13578000000,1799000000,-134000000,-602000000,4700000000,,0.307,,,,,,true,false,12,2021-04-01,2022-03-31,0
2022-04-26,2359,2021-03-31,,20785000000,-0.010,,,,,2032000000,0.128,2114000000,0.141,,1423000000,,100.37,100.28,0.122,0.115,0.098,,18433000000,12318000000,0.666,865.03,12279000000,1851000000,48000000,-922000000,3636000000,,0.299,,,,,,true,false,12,2020-04-01,2021-03-31,-1
2022-04-26,2359,2023-03-31,,11000000000,0.054,,,,,1050000000,0.018,1100000000,0.002,,750000000,,52.64,,,,,,,,,,,,,,,,,,,,,,true,true,6,2022-04-01,2022-09-30,1
2022-04-26,2359,2023-03-31,,23000000000,0.055,,,,,2400000000,0.014,2500000000,0.020,,1700000000,,119.30,,,,,,,,,,,,,,,,0.335,,,,,,true,true,12,2022-04-01,2023-03-31,1
2022-04-26,2359,2022-03-31,,17472000000,0.091,,,,,2027000000,0.321,2207000000,0.266,1576000000,,0.211,110.79,110.70,,,,,16906000000,11801000000,0.697,827.19,11785000000,,,,,35.00,,,,14834580,586412,14229676,false,false,12,2021-04-01,2022-03-31,0
2022-04-26,2359,2021-03-31,,16019000000,-0.024,,,,,1533000000,0.065,1744000000,0.092,1302000000,,0.360,91.83,91.75,,,,,15499000000,10549000000,0.680,742.04,10533000000,,,,,30.00,,,,14834580,639186,14180852,false,false,12,2020-04-01,2021-03-31,-1
2022-04-26,2359,2023-03-31,,,,,,,,,,,,,,,,,,,,,,,,,,,,,,40.00,,,,,,,false,true,12,2022-04-01,2023-03-31,1
2022-07-27,2359,2023-03-31,1,5213000000,0.043,,,,,487000000,0.125,511000000,0.119,,338000000,,23.73,23.71,,,,,19640000000,13470000000,0.684,,13434000000,,,,,,,,,,,,true,false,3,2022-04-01,2022-06-30,0
2022-07-27,2359,2022-03-31,1,5000000000,0.148,,,,,433000000,1.187,457000000,1.024,,309000000,,21.81,21.79,,,,,,,,,,,,,,,,,,,,,true,false,3,2021-04-01,2021-06-30,-1
2022-07-27,2359,2023-03-31,1,11000000000,0.054,,,,,1050000000,0.018,1100000000,0.002,,750000000,,52.64,,,,,,,,,,,,,,,,,,,,,,true,true,6,2022-04-01,2022-09-30,0
2022-07-27,2359,2023-03-31,1,23000000000,0.055,,,,,2400000000,0.014,2500000000,0.020,,1700000000,,119.32,,,,,,,,,,,,,,,,,,,,,,true,true,12,2022-04-01,2023-03-31,0
2022-07-27,2359,2022-03-31,1,,,,,,,,,,,,,,,,,,,,19962000000,13616000000,0.680,,13578000000,,,,,,,,,,,,true,false,12,2021-04-01,2022-03-31,-1
2022-07-27,2359,2022-03-31,1,,,,,,,,,,,,,,,,,,,,,,,,,,,,,35.00,,,,14834580,586412,,false,false,12,2021-04-01,2022-03-31,-1
2022-07-27,2359,2023-03-31,1,,,,,,,,,,,,,,,,,,,,,,,,,,,,,40.00,,,,,,,false,true,12,2022-04-01,2023-03-31,0
2022-07-27,2359,2023-03-31,1,,,,,,,,,,,,,,,,,,,,,,,,,,,,,,,,,14834580,587050,14247936,false,false,3,2022-04-01,2022-06-30,0
2022-07-27,2359,2022-03-31,1,,,,,,,,,,,,,,,,,,,,,,,,,,,,,,,,,,,14196045,false,false,3,2021-04-01,2021-06-30,-1
2022-10-27,2359,2023-03-31,2,10724000000,0.027,,,,,1171000000,0.136,1209000000,0.102,,814000000,,57.15,57.10,,,,,20022000000,14006000000,0.697,,13964000000,,,,,,,,,,,,true,false,6,2022-04-01,2022-09-30,0
2022-10-27,2359,2022-03-31,2,10439000000,0.112,,,,,1031000000,0.455,1097000000,0.447,,744000000,,52.38,52.18,,,,,,,,,,,,,,,,,,,,,true,false,6,2021-04-01,2021-09-30,-1
2022-10-27,2359,2023-03-31,2,23000000000,0.055,,,,,2400000000,0.014,2500000000,0.020,,1700000000,,119.32,,,,,,,,,,,,,,,,,,,,,,true,true,12,2022-04-01,2023-03-31,0
2022-10-27,2359,2022-03-31,2,,,,,,,,,,,,,,,,,,,,19962000000,13616000000,0.680,,13578000000,,,,,,,,,,,,true,false,12,2021-04-01,2022-03-31,-1
2022-10-27,2359,2022-03-31,2,,,,,,,,,,,,,,,,,,,,,,,,,,,,,35.00,,,,14834580,586412,,false,false,12,2021-04-01,2022-03-31,-1
2022-10-27,2359,2023-03-31,2,,,,,,,,,,,,,,,,,,,,,,,,,,,,,40.00,,,,,,,false,true,12,2022-04-01,2023-03-31,0
2022-10-27,2359,2023-03-31,2,,,,,,,,,,,,,,,,,,,,,,,,,,,,,,,,,14834580,543150,14257264,false,false,6,2022-04-01,2022-09-30,0
2022-10-27,2359,2022-03-31,2,,,,,,,,,,,,,,,,,,,,,,,,,,,,,,,,,,,14206828,false,false,6,2021-04-01,2021-09-30,-1
2023-01-30,2359,2023-03-31,3,16597000000,0.030,,,,,2033000000,0.148,2078000000,0.126,,1407000000,,98.64,98.56,,,,,20557000000,14606000000,0.708,,14558000000,,,,,,,,,,,,true,false,9,2022-04-01,2022-12-31,0
2023-01-30,2359,2022-03-31,3,16118000000,0.135,,,,,1771000000,0.461,1846000000,0.443,,1256000000,,88.33,88.26,,,,,,,,,,,,,,,,,,,,,true,false,9,2021-04-01,2021-12-31,-1
2023-01-30,2359,2023-03-31,3,23000000000,0.055,,,,,2400000000,0.014,2500000000,0.020,,1700000000,,119.32,,,,,,,,,,,,,,,,,,,,,,true,true,12,2022-04-01,2023-03-31,0
2023-01-30,2359,2022-03-31,3,,,,,,,,,,,,,,,,,,,,19962000000,13616000000,0.680,,13578000000,,,,,,,,,,,,true,false,12,2021-04-01,2022-03-31,-1
2023-01-30,2359,2022-03-31,3,,,,,,,,,,,,,,,,,,,,,,,,,,,,,35.00,,,,14834580,586412,,false,false,12,2021-04-01,2022-03-31,-1
2023-01-30,2359,2023-03-31,3,,,,,,,,,,,,,,,,,,,,,,,,,,,,,40.00,,,,,,,false,true,12,2022-04-01,2023-03-31,0
2023-01-30,2359,2023-03-31,3,,,,,,,,,,,,,,,,,,,,,,,,,,,,,,,,,14834580,544750,14268499,false,false,9,2022-04-01,2022-12-31,0
2023-01-30,2359,2022-03-31,3,,,,,,,,,,,,,,,,,,,,,,,,,,,,,,,,,,,14221380,false,false,9,2021-04-01,2021-12-31,-1
2023-04-27,2359,2023-03-31,,22848000000,0.048,,,,,2743000000,0.159,2812000000,0.147,,1968000000,,137.91,137.80,0.137,0.135,0.120,,21720000000,15198000000,0.697,1059.34,15136000000,1943000000,-378000000,-678000000,5586000000,,0.290,,,,,,true,false,12,2022-04-01,2023-03-31,0
2023-04-27,2359,2022-03-31,,21798000000,0.049,,,,,2367000000,0.165,2451000000,0.160,,1622000000,,114.04,113.94,0.125,0.128,0.109,,19962000000,13616000000,0.680,952.98,13578000000,1799000000,-134000000,-602000000,4700000000,,0.307,,,,,,true,false,12,2021-04-01,2022-03-31,-1
2023-04-27,2359,2024-03-31,,11000000000,0.026,,,,,1300000000,0.110,1300000000,0.075,,850000000,,59.55,,,,,,,,,,,,,,,,,,,,,,true,true,6,2023-04-01,2023-09-30,1
2023-04-27,2359,2024-03-31,,24000000000,0.050,,,,,3000000000,0.093,3000000000,0.067,,2100000000,,147.12,,,,,,,,,,,,,,,,0.306,,,,,,true,true,12,2023-04-01,2024-03-31,1
2023-04-27,2359,2023-03-31,,18339000000,0.050,,,,,2281000000,0.125,2486000000,0.126,1791000000,,0.136,125.52,125.42,,,,,17922000000,13166000000,0.734,920.45,13151000000,,,,,40.00,,,,14834580,546150,14273572,false,false,12,2022-04-01,2023-03-31,0
2023-04-27,2359,2022-03-31,,17472000000,0.091,,,,,2027000000,0.321,2207000000,0.266,1576000000,,0.211,110.79,110.70,,,,,16906000000,11801000000,0.697,827.19,11785000000,,,,,35.00,,,,14834580,586412,14229676,false,false,12,2021-04-01,2022-03-31,-1
2023-04-27,2359,2024-03-31,,,,,,,,,,,,,,,,,,,,,,,,,,,,,,45.00,,,,,,,false,true,12,2023-04-01,2024-03-31,1
2023-07-28,2359,2024-03-31,1,5447000000,0.045,,,,,515000000,0.057,553000000,0.082,,377000000,,26.44,26.42,,,,,21513000000,15078000000,0.698,,15015000000,,,,,,,,,,,,true,false,3,2023-04-01,2023-06-30,0
2023-07-28,2359,2023-03-31,1,5213000000,0.043,,,,,487000000,0.125,511000000,0.119,,338000000,,23.73,23.71,,,,,,,,,,,,,,,,,,,,,true,false,3,2022-04-01,2022-06-30,-1
2023-07-28,2359,2024-03-31,1,11000000000,0.026,,,,,1300000000,0.110,1300000000,0.075,,850000000,,59.55,,,,,,,,,,,,,,,,,,,,,,true,true,6,2023-04-01,2023-09-30,0
2023-07-28,2359,2024-03-31,1,24000000000,0.050,,,,,3000000000,0.093,3000000000,0.067,,2100000000,,147.12,,,,,,,,,,,,,,,,,,,,,,true,true,12,2023-04-01,2024-03-31,0
2023-07-28,2359,2023-03-31,1,,,,,,,,,,,,,,,,,,,,21720000000,15198000000,0.697,,15136000000,,,,,,,,,,,,true,false,12,2022-04-01,2023-03-31,-1
2023-07-28,2359,2023-03-31,1,,,,,,,,,,,,,,,,,,,,,,,,,,,,,40.00,,,,14834580,546150,,false,false,12,2022-04-01,2023-03-31,-1
2023-07-28,2359,2024-03-31,1,,,,,,,,,,,,,,,,,,,,,,,,,,,,,50.00,,,,,,,false,true,12,2023-04-01,2024-03-31,0
2023-07-28,2359,2024-03-31,1,,,,,,,,,,,,,,,,,,,,,,,,,,,,,,,,,14834580,548750,14286744,false,false,3,2023-04-01,2023-06-30,0
2023-07-28,2359,2023-03-31,1,,,,,,,,,,,,,,,,,,,,,,,,,,,,,,,,,,,14247936,false,false,3,2022-04-01,2022-06-30,-1
2023-10-30,2359,2024-03-31,2,11199000000,0.044,,,,,1302000000,0.112,1344000000,0.112,,932000000,,65.19,65.14,,,,,22013000000,15702000000,0.713,,15688000000,,,,,,,,,,,,true,false,6,2023-04-01,2023-09-30,0
2023-10-30,2359,2023-03-31,2,10724000000,0.027,,,,,1171000000,0.136,1209000000,0.102,,814000000,,57.15,57.10,,,,,,,,,,,,,,,,,,,,,true,false,6,2022-04-01,2022-09-30,-1
2023-10-30,2359,2024-03-31,2,24000000000,0.050,,,,,3000000000,0.093,3000000000,0.067,,2100000000,,147.12,,,,,,,,,,,,,,,,,,,,,,true,true,12,2023-04-01,2024-03-31,0
2023-10-30,2359,2023-03-31,2,,,,,,,,,,,,,,,,,,,,21720000000,15198000000,0.697,,15136000000,,,,,,,,,,,,true,false,12,2022-04-01,2023-03-31,-1
2023-10-30,2359,2023-03-31,2,,,,,,,,,,,,,,,,,,,,,,,,,,,,,40.00,,,,14834580,546150,,false,false,12,2022-04-01,2023-03-31,-1
2023-10-30,2359,2024-03-31,2,,,,,,,,,,,,,,,,,,,,,,,,,,,,,5.00,,,,,,,false,false,12,2023-04-01,2024-03-31,0
2023-10-30,2359,2024-03-31,2,,,,,,,,,,,,,,,,,,,,,,,,,,,,,50.00,,,,,,,false,true,12,2023-04-01,2024-03-31,0
2023-10-30,2359,2024-03-31,2,,,,,,,,,,,,,,,,,,,,,,,,,,,,,,,,,14834580,494750,14298030,false,false,6,2023-04-01,2023-09-30,0
2023-10-30,2359,2023-03-31,2,,,,,,,,,,,,,,,,,,,,,,,,,,,,,,,,,,,14257264,false,false,6,2022-04-01,2022-09-30,-1
2024-01-30,2359,2024-03-31,3,17330000000,0.044,,,,,2220000000,0.092,2275000000,0.095,,1573000000,,109.94,109.85,,,,,22380000000,16248000000,0.725,,16234000000,,,,,,,,,,,,true,false,9,2023-04-01,2023-12-31,0
2024-01-30,2359,2023-03-31,3,16597000000,0.030,,,,,2033000000,0.148,2078000000,0.126,,1407000000,,98.64,98.56,,,,,,,,,,,,,,,,,,,,,true,false,9,2022-04-01,2022-12-31,-1
2024-01-30,2359,2024-03-31,3,24000000000,0.050,,,,,3000000000,0.093,3000000000,0.067,,2100000000,,147.12,,,,,,,,,,,,,,,,,,,,,,true,true,12,2023-04-01,2024-03-31,0
2024-01-30,2359,2023-03-31,3,,,,,,,,,,,,,,,,,,,,21720000000,15198000000,0.697,,15136000000,,,,,,,,,,,,true,false,12,2022-04-01,2023-03-31,-1
2024-01-30,2359,2023-03-31,3,,,,,,,,,,,,,,,,,,,,,,,,,,,,,40.00,,,,14834580,546150,,false,false,12,2022-04-01,2023-03-31,-1
2024-01-30,2359,2024-03-31,3,,,,,,,,,,,,,,,,,,,,,,,,,,,,,5.00,,,,,,,false,false,12,2023-04-01,2024-03-31,0
2024-01-30,2359,2024-03-31,3,,,,,,,,,,,,,,,,,,,,,,,,,,,,,50.00,,,,,,,false,true,12,2023-04-01,2024-03-31,0
2024-01-30,2359,2024-03-31,3,,,,,,,,,,,,,,,,,,,,,,,,,,,,,,,,,14834580,495750,14311877,false,false,9,2023-04-01,2023-12-31,0
2024-01-30,2359,2023-03-31,3,,,,,,,,,,,,,,,,,,,,,,,,,,,,,,,,,,,14268499,false,false,9,2022-04-01,2022-12-31,-1
2024-04-26,2359,2024-03-31,,23998000000,0.050,,,,,3140000000,0.145,3219000000,0.145,,2270000000,,158.59,158.47,0.141,0.141,0.131,,23889000000,17003000000,0.711,1184.93,16989000000,2190000000,-673000000,-803000000,6300000000,,0.315,,,,,,true,false,12,2023-04-01,2024-03-31,0
2024-04-26,2359,2023-03-31,,22848000000,0.048,,,,,2743000000,0.159,2812000000,0.147,,1968000000,,137.91,137.80,0.137,0.135,0.120,,21720000000,15198000000,0.697,1059.34,15136000000,1943000000,-378000000,-678000000,5586000000,,0.290,,,,,,true,false,12,2022-04-01,2023-03-31,-1
2024-04-26,2359,2025-03-31,,12000000000,0.071,,,,,1400000000,0.075,1450000000,0.078,,1000000000,,69.84,,,,,,,,,,,,,,,,,,,,,,true,true,6,2024-04-01,2024-09-30,1
2024-04-26,2359,2025-03-31,,26000000000,0.083,,,,,3300000000,0.051,3400000000,0.056,,2400000000,,167.62,,,,,,,,,,,,,,,,0.328,,,,,,true,true,12,2024-04-01,2025-03-31,1
2024-04-26,2359,2024-03-31,,19516000000,0.064,,,,,2588000000,0.135,2768000000,0.113,1983000000,,0.107,138.54,138.43,,,,,19839000000,14657000000,0.738,1021.27,14642000000,,,,,50.00,,,,14834580,496850,14318194,false,false,12,2023-04-01,2024-03-31,0
2024-04-26,2359,2023-03-31,,18339000000,0.050,,,,,2281000000,0.125,2486000000,0.126,1791000000,,0.136,125.52,125.42,,,,,17922000000,13166000000,0.734,920.45,13151000000,,,,,40.00,,,,14834580,546150,14273572,false,false,12,2022-04-01,2023-03-31,-1
2024-04-26,2359,2025-03-31,,,,,,,,,,,,,,,,,,,,,,,,,,,,,,55.00,,,,,,,false,true,12,2024-04-01,2025-03-31,1
2024-07-29,2359,2025-03-31,1,5788000000,0.063,,,,,597000000,0.160,652000000,0.179,,456000000,,31.84,31.81,,,,,23549000000,16829000000,0.714,,16815000000,,,,,,,,,,,,true,false,3,2024-04-01,2024-06-30,0
2024-07-29,2359,2024-03-31,1,5447000000,0.045,,,,,515000000,0.057,553000000,0.082,,377000000,,26.44,26.42,,,,,,,,,,,,,,,,,,,,,true,false,3,2023-04-01,2023-06-30,-1
2024-07-29,2359,2025-03-31,1,12000000000,0.071,,,,,1400000000,0.075,1450000000,0.078,,1000000000,,69.84,,,,,,,,,,,,,,,,,,,,,,true,true,6,2024-04-01,2024-09-30,0
2024-07-29,2359,2025-03-31,1,26000000000,0.083,,,,,3300000000,0.051,3400000000,0.056,,2400000000,,167.62,,,,,,,,,,,,,,,,,,,,,,true,true,12,2024-04-01,2025-03-31,0
2024-07-29,2359,2024-03-31,1,,,,,,,,,,,,,,,,,,,,23889000000,17003000000,0.711,,16989000000,,,,,,,,,,,,true,false,12,2023-04-01,2024-03-31,-1
2024-07-29,2359,2024-03-31,1,,,,,,,,,,,,,,,,,,,,,,,,,,,,,50.00,,,,14834580,496850,,false,false,12,2023-04-01,2024-03-31,-1
2024-07-29,2359,2025-03-31,1,,,,,,,,,,,,,,,,,,,,,,,,,,,,,55.00,,,,,,,false,true,12,2024-04-01,2025-03-31,0
2024-07-29,2359,2025-03-31,1,,,,,,,,,,,,,,,,,,,,,,,,,,,,,,,,,14834580,499650,14335252,false,false,3,2024-04-01,2024-06-30,0
2024-07-29,2359,2024-03-31,1,,,,,,,,,,,,,,,,,,,,,,,,,,,,,,,,,,,14286744,false,false,3,2023-04-01,2023-06-30,-1
2024-10-28,2359,2025-03-31,2,11797000000,0.053,,,,,1315000000,0.010,1376000000,0.024,,954000000,,66.58,66.53,,,,,23360000000,17373000000,0.743,,17359000000,,,,,,,,,,,,true,false,6,2024-04-01,2024-09-30,0
2024-10-28,2359,2024-03-31,2,11199000000,0.044,,,,,1302000000,0.112,1344000000,0.112,,932000000,,65.19,65.14,,,,,,,,,,,,,,,,,,,,,true,false,6,2023-04-01,2023-09-30,-1
2024-10-28,2359,2025-03-31,2,26000000000,0.083,,,,,3300000000,0.051,3400000000,0.056,,2400000000,,167.62,,,,,,,,,,,,,,,,,,,,,,true,true,12,2024-04-01,2025-03-31,0
2024-10-28,2359,2024-03-31,2,,,,,,,,,,,,,,,,,,,,23889000000,17003000000,0.711,,16989000000,,,,,,,,,,,,true,false,12,2023-04-01,2024-03-31,-1
2024-10-28,2359,2024-03-31,2,,,,,,,,,,,,,,,,,,,,,,,,,,,,,50.00,,,,14834580,496850,,false,false,12,2023-04-01,2024-03-31,-1
2024-10-28,2359,2025-03-31,2,,,,,,,,,,,,,,,,,,,,,,,,,,,,,10.00,,,,,,,false,false,12,2024-04-01,2025-03-31,0
2024-10-28,2359,2025-03-31,2,,,,,,,,,,,,,,,,,,,,,,,,,,,,,55.00,,,,,,,false,true,12,2024-04-01,2025-03-31,0
2024-10-28,2359,2025-03-31,2,,,,,,,,,,,,,,,,,,,,,,,,,,,,,,,,,14834580,461279,14342845,false,false,6,2024-04-01,2024-09-30,0
2024-10-28,2359,2024-03-31,2,,,,,,,,,,,,,,,,,,,,,,,,,,,,,,,,,,,14298030,false,false,6,2023-04-01,2023-09-30,-1
2025-01-30,2359,2025-03-31,3,17909000000,0.033,,,,,2111000000,-0.049,2192000000,-0.036,,1400000000,,97.57,97.50,,,,,23615000000,17701000000,0.749,,17687000000,,,,,,,,,,,,true,false,9,2024-04-01,2024-12-31,0
2025-01-30,2359,2024-03-31,3,17330000000,0.044,,,,,2220000000,0.092,2275000000,0.095,,1573000000,,109.94,109.85,,,,,,,,,,,,,,,,,,,,,true,false,9,2023-04-01,2023-12-31,-1
2025-01-30,2359,2025-03-31,3,26000000000,0.083,,,,,3300000000,0.051,3400000000,0.056,,2400000000,,167.62,,,,,,,,,,,,,,,,,,,,,,true,true,12,2024-04-01,2025-03-31,0
2025-01-30,2359,2024-03-31,3,,,,,,,,,,,,,,,,,,,,23889000000,17003000000,0.711,,16989000000,,,,,,,,,,,,true,false,12,2023-04-01,2024-03-31,-1
2025-01-30,2359,2024-03-31,3,,,,,,,,,,,,,,,,,,,,,,,,,,,,,50.00,,,,14834580,496850,,false,false,12,2023-04-01,2024-03-31,-1
2025-01-30,2359,2025-03-31,3,,,,,,,,,,,,,,,,,,,,,,,,,,,,,10.00,,,,,,,false,false,12,2024-04-01,2025-03-31,0
2025-01-30,2359,2025-03-31,3,,,,,,,,,,,,,,,,,,,,,,,,,,,,,55.00,,,,,,,false,true,12,2024-04-01,2025-03-31,0
2025-01-30,2359,2025-03-31,3,,,,,,,,,,,,,,,,,,,,,,,,,,,,,,,,,14834580,463379,14352694,false,false,9,2024-04-01,2024-12-31,0
2025-01-30,2359,2024-03-31,3,,,,,,,,,,,,,,,,,,,,,,,,,,,,,,,,,,,14311877,false,false,9,2023-04-01,2023-12-31,-1
2025-04-28,2359,2025-03-31,,24599000000,0.025,,,,,3175000000,0.011,3267000000,0.015,,2242000000,,156.18,156.07,0.126,0.133,0.129,,25157000000,18532000000,0.736,1288.66,18518000000,2372000000,49000000,-1136000000,7586000000,,0.352,,,,,,true,false,12,2024-04-01,2025-03-31,0
2025-04-28,2359,2024-03-31,,23998000000,0.050,,,,,3140000000,0.145,3219000000,0.145,,2270000000,,158.59,158.47,0.141,0.141,0.131,,23889000000,17003000000,0.711,1184.93,16989000000,2190000000,-673000000,-803000000,6300000000,,0.315,,,,,,true,false,12,2023-04-01,2024-03-31,-1
2025-04-28,2359,2026-03-31,,12500000000,0.060,,,,,1500000000,0.140,1550000000,0.126,,1050000000,,73.13,,,,,,,,,,,,,,,,,,,,,,true,true,6,2025-04-01,2025-09-30,1
2025-04-28,2359,2026-03-31,,27000000000,0.098,,,,,3500000000,0.102,3600000000,0.102,,2500000000,,174.13,,,,,,,,,,,,,,,,0.316,,,,,,true,true,12,2025-04-01,2026-03-31,1
2025-04-28,2359,2025-03-31,,19856000000,0.017,,,,,2934000000,0.134,3150000000,0.138,2049000000,,0.033,142.78,142.67,,,,,21385000000,16031000000,0.749,1114.63,16017000000,,,,,55.00,,,,14834580,464379,14357139,false,false,12,2024-04-01,2025-03-31,0
2025-04-28,2359,2024-03-31,,19516000000,0.064,,,,,2588000000,0.135,2768000000,0.113,1983000000,,0.107,138.54,138.43,,,,,19839000000,14657000000,0.738,1021.27,14642000000,,,,,50.00,,,,14834580,496850,14318194,false,false,12,2023-04-01,2024-03-31,-1
2025-04-28,2359,2026-03-31,,,,,,,,,,,,,,,,,,,,,,,,,,,,,,55.00,,,,,,,false,true,12,2025-04-01,2026-03-31,1
2025-07-29,2359,2026-03-31,1,5929000000,0.024,,,,,685000000,0.148,711000000,0.090,,499000000,,34.77,34.75,,,,,25224000000,18407000000,0.729,,18393000000,,,,,,,,,,,,true,false,3,2025-04-01,2025-06-30,0
2025-07-29,2359,2025-03-31,1,5788000000,0.063,,,,,597000000,0.160,652000000,0.179,,456000000,,31.84,31.81,,,,,,,,,,,,,,,,,,,,,true,false,3,2024-04-01,2024-06-30,-1
2025-07-29,2359,2026-03-31,1,12500000000,0.060,,,,,1500000000,0.140,1550000000,0.126,,1050000000,,73.13,,,,,,,,,,,,,,,,,,,,,,true,true,6,2025-04-01,2025-09-30,0
2025-07-29,2359,2026-03-31,1,27000000000,0.098,,,,,3500000000,0.102,3600000000,0.102,,2500000000,,174.13,,,,,,,,,,,,,,,,,,,,,,true,true,12,2025-04-01,2026-03-31,0
2025-07-29,2359,2025-03-31,1,,,,,,,,,,,,,,,,,,,,25157000000,18532000000,0.736,,18518000000,,,,,,,,,,,,true,false,12,2024-04-01,2025-03-31,-1
2025-07-29,2359,2025-03-31,1,,,,,,,,,,,,,,,,,,,,,,,,,,,,,55.00,,,,14834580,464379,,false,false,12,2024-04-01,2025-03-31,-1
2025-07-29,2359,2026-03-31,1,,,,,,,,,,,,,,,,,,,,,,,,,,,,,55.00,,,,,,,false,true,12,2025-04-01,2026-03-31,0
2025-07-29,2359,2026-03-31,1,,,,,,,,,,,,,,,,,,,,,,,,,,,,,,,,,14834580,470079,14366343,false,false,3,2025-04-01,2025-06-30,0
2025-07-29,2359,2025-03-31,1,,,,,,,,,,,,,,,,,,,,,,,,,,,,,,,,,,,14335252,false,false,3,2024-04-01,2024-06-30,-1
