filing_date,code,fiscal_year_end,quarterly_period,net_sales,net_sales_change,revenue,revenue_change,operating_revenue,operating_revenue_change,operating_profit,operating_profit_change,ordinary_profit,ordinary_profit_change,net_income,net_income_of_parent,net_income_change,eps,diluted_eps,roe,roa,operating_profit_to_net_sales,operating_profit_to_revenue,total_assets,net_assets,equity_ratio,bps,owner_equity,operating_cash_flow,investing_cash_flow,financing_cash_flow,cash,dividend_per_share,payout_ratio,commemorative_dividend,extra_dividend,number_of_shares,number_of_treqsury_shares,avg_number_of_shares,is_consolidated,is_forecast,duration,period_start,period_end,period_pos
2015-05-07,23930,2015-03-31,,12131000000,0.115,,,,,962000000,-0.219,975000000,-0.218,505000000,,-0.253,32.51,,0.051,0.076,0.079,,13057000000,9987000000,0.762,640.29,9948000000,-875000000,-81000000,-341000000,1375000000,,0.523,,,,,,true,false,12,2014-04-01,2015-03-31,0
2015-05-07,23930,2014-03-31,,10883000000,0.127,,,,,1232000000,0.077,1247000000,0.069,676000000,,-0.018,43.55,,0.070,0.098,0.113,,12613000000,9842000000,0.777,630.79,9801000000,-1366000000,1066000000,-342000000,2674000000,,0.505,,,,,,true,false,12,2013-04-01,2014-03-31,-1
2015-05-07,23930,2016-03-31,,13500000000,0.113,,,,,900000000,-0.065,900000000,-0.078,,510000000,,32.82,,,,,,,,,,,,,,,,0.518,,,,,,true,true,12,2015-04-01,2016-03-31,1
2015-05-07,23930,2014-03-31,,,,,,,,,,,,,,,,,,,,,,,,,,,,,,22.00,,,,16342400,804400,15538000,false,false,12,2013-04-01,2014-03-31,-1
2015-05-07,23930,2015-03-31,,,,,,,,,,,,,,,,,,,,,,,,,,,,,,17.00,,,,16342400,804400,15538000,false,false,12,2014-04-01,2015-03-31,0
2015-05-07,23930,2016-03-31,,,,,,,,,,,,,,,,,,,,,,,,,,,,,,17.00,,,,,,,false,true,12,2015-04-01,2016-03-31,1
2015-07-30,23930,2016-03-31,1,3319000000,0.150,,,,,192000000,-0.249,197000000,-0.250,,110000000,,7.10,,,,,,13065000000,9833000000,0.750,,9795000000,,,,,,,,,,,,true,false,3,2015-04-01,2015-06-30,0
2015-07-30,23930,2015-03-31,1,2887000000,0.120,,,,,256000000,0.173,263000000,0.175,,148000000,,9.56,,,,,,,,,,,,,,,,,,,,,,true,false,3,2014-04-01,2014-06-30,-1
2015-07-30,23930,2016-03-31,1,13500000000,0.113,,,,,900000000,-0.065,900000000,-0.078,,510000000,,32.82,,,,,,,,,,,,,,,,,,,,,,true,true,12,2015-04-01,2016-03-31,0
2015-07-30,23930,2015-03-31,1,,,,,,,,,,,,,,,,,,,,13057000000,9987000000,0.762,,9948000000,,,,,,,,,,,,true,false,12,2014-04-01,2015-03-31,-1
2015-07-30,23930,2015-03-31,1,,,,,,,,,,,,,,,,,,,,,,,,,,,,,17.00,,,,16342400,804400,,false,false,12,2014-04-01,2015-03-31,-1
2015-07-30,23930,2016-03-31,1,,,,,,,,,,,,,,,,,,,,,,,,,,,,,17.00,,,,,,,false,true,12,2015-04-01,2016-03-31,0
2015-07-30,23930,2016-03-31,1,,,,,,,,,,,,,,,,,,,,,,,,,,,,,,,,,16342400,804400,15538000,false,false,3,2015-04-01,2015-06-30,0
2015-07-30,23930,2015-03-31,1,,,,,,,,,,,,,,,,,,,,,,,,,,,,,,,,,,,15538000,false,false,3,2014-04-01,2014-06-30,-1
2015-10-30,23930,2016-03-31,2,6740000000,0.141,,,,,529000000,0.025,538000000,0.024,,350000000,,22.53,,,,,,14508000000,10074000000,0.692,,10035000000,,,,,,,,,,,,true,false,6,2015-04-01,2015-09-30,0
2015-10-30,23930,2015-03-31,2,5905000000,0.122,,,,,516000000,0.025,526000000,0.022,,295000000,,19.01,,,,,,,,,,,,,,,,,,,,,,true,false,6,2014-04-01,2014-09-30,-1
2015-10-30,23930,2016-03-31,2,13500000000,0.113,,,,,900000000,-0.065,900000000,-0.078,,510000000,,32.82,,,,,,,,,,,,,,,,,,,,,,true,true,12,2015-04-01,2016-03-31,0
2015-10-30,23930,2015-03-31,2,,,,,,,,,,,,,,,,,,,,13057000000,9987000000,0.762,,9948000000,,,,,,,,,,,,true,false,12,2014-04-01,2015-03-31,-1
2015-10-30,23930,2015-03-31,2,,,,,,,,,,,,,,,,,,,,,,,,,,,,,17.00,,,,16342400,804400,,false,false,12,2014-04-01,2015-03-31,-1
2015-10-30,23930,2016-03-31,2,,,,,,,,,,,,,,,,,,,,,,,,,,,,,0.00,,,,,,,false,false,12,2015-04-01,2016-03-31,0
2015-10-30,23930,2016-03-31,2,,,,,,,,,,,,,,,,,,,,,,,,,,,,,17.00,,,,,,,false,true,12,2015-04-01,2016-03-31,0
2015-10-30,23930,2016-03-31,2,,,,,,,,,,,,,,,,,,,,,,,,,,,,,,,,,16342400,804400,15538000,false,false,6,2015-04-01,2015-09-30,0
2015-10-30,23930,2015-03-31,2,,,,,,,,,,,,,,,,,,,,,,,,,,,,,,,,,,,15538000,false,false,6,2014-04-01,2014-09-30,-1
2015-12-25,23930,2016-03-31,,13600000000,0.007,,,,,1120000000,0.244,1130000000,0.256,,680000000,,43.76,,,,,,,,,,,,,,,,,,,,,,true,true,12,2015-04-01,2016-03-31,0
2015-12-25,23930,2015-03-31,,12131000000,,,,,,962000000,,975000000,,,505000000,,32.51,,,,,,,,,,,,,,,,,,,,,,true,false,12,2014-04-01,2015-03-31,-1
2016-01-29,23930,2016-03-31,3,10194000000,0.133,,,,,868000000,0.161,879000000,0.158,,552000000,,35.58,,,,,,15504000000,10252000000,0.660,,10240000000,,,,,,,,,,,,true,false,9,2015-04-01,2015-12-31,0
2016-01-29,23930,2015-03-31,3,8995000000,0.122,,,,,748000000,-0.105,759000000,-0.106,,421000000,,27.12,,,,,,,,,,,,,,,,,,,,,,true,false,9,2014-04-01,2014-12-31,-1
2016-01-29,23930,2016-03-31,3,13600000000,0.121,,,,,1120000000,0.164,1130000000,0.158,,680000000,,43.76,,,,,,,,,,,,,,,,,,,,,,true,true,12,2015-04-01,2016-03-31,0
2016-01-29,23930,2015-03-31,3,,,,,,,,,,,,,,,,,,,,13057000000,9987000000,0.762,,9948000000,,,,,,,,,,,,true,false,12,2014-04-01,2015-03-31,-1
2016-01-29,23930,2015-03-31,3,,,,,,,,,,,,,,,,,,,,,,,,,,,,,17.00,,,,16342400,804400,,false,false,12,2014-04-01,2015-03-31,-1
2016-01-29,23930,2016-03-31,3,,,,,,,,,,,,,,,,,,,,,,,,,,,,,0.00,,,,,,,false,false,12,2015-04-01,2016-03-31,0
2016-01-29,23930,2016-03-31,3,,,,,,,,,,,,,,,,,,,,,,,,,,,,,22.00,,,,,,,false,true,12,2015-04-01,2016-03-31,0
2016-01-29,23930,2016-03-31,3,,,,,,,,,,,,,,,,,,,,,,,,,,,,,,,,,16342400,804400,15538000,false,false,9,2015-04-01,2015-12-31,0
2016-01-29,23930,2015-03-31,3,,,,,,,,,,,,,,,,,,,,,,,,,,,,,,,,,,,15538000,false,false,9,2014-04-01,2014-12-31,-1
,23930,2016-03-31,,,,,,,,,,,,,,,,,,,,,,,,,,,,,,22.00,,,,,,,false,true,12,2015-04-01,2016-03-31,0
,23930,2016-03-31,,,,,,,,,,,,,,,,,,,,,,,,,,,,,,0.00,,,,,,,false,false,12,2015-04-01,2016-03-31,0
,23930,2015-03-31,,,,,,,,,,,,,,,,,,,,,,,,,,,,,,17.00,,,,,,,false,false,12,2014-04-01,2015-03-31,-1
2016-05-09,23930,2016-03-31,,13707000000,0.130,,,,,1247000000,0.296,1259000000,0.291,,776000000,,50.00,,0.076,0.089,0.091,,15231000000,10463000000,0.686,672.53,10449000000,512000000,-2505000000,1230000000,613000000,,0.500,,,,,,true,false,12,2015-04-01,2016-03-31,0
2016-05-09,23930,2015-03-31,,12131000000,0.115,,,,,962000000,-0.219,975000000,-0.218,,505000000,,32.51,,0.051,0.076,0.079,,13057000000,9987000000,0.762,640.29,9948000000,-875000000,-81000000,-341000000,1375000000,,0.523,,,,,,true,false,12,2014-04-01,2015-03-31,-1
2016-05-09,23930,2017-03-31,,15000000000,0.094,,,,,1450000000,0.163,1450000000,0.151,,900000000,,57.92,,,,,,,,,,,,,,,,0.501,,,,,,true,true,12,2016-04-01,2017-03-31,1
2016-05-09,23930,2015-03-31,,,,,,,,,,,,,,,,,,,,,,,,,,,,,,17.00,,,,16342400,804400,15538000,false,false,12,2014-04-01,2015-03-31,-1
2016-05-09,23930,2016-03-31,,,,,,,,,,,,,,,,,,,,,,,,,,,,,,25.00,,,,16342400,804400,15538000,false,false,12,2015-04-01,2016-03-31,0
2016-05-09,23930,2017-03-31,,,,,,,,,,,,,,,,,,,,,,,,,,,,,,29.00,,,,,,,false,true,12,2016-04-01,2017-03-31,1
2016-07-28,23930,2017-03-31,1,3647000000,0.099,,,,,433000000,1.249,437000000,1.209,,283000000,,18.22,,,,,,15187000000,10359000000,0.681,,10345000000,,,,,,,,,,,,true,false,3,2016-04-01,2016-06-30,0
2016-07-28,23930,2016-03-31,1,3319000000,0.150,,,,,192000000,-0.249,197000000,-0.250,,110000000,,7.10,,,,,,,,,,,,,,,,,,,,,,true,false,3,2015-04-01,2015-06-30,-1
2016-07-28,23930,2017-03-31,1,15000000000,0.094,,,,,1450000000,0.163,1450000000,0.151,,900000000,,57.92,,,,,,,,,,,,,,,,,,,,,,true,true,12,2016-04-01,2017-03-31,0
2016-07-28,23930,2016-03-31,1,,,,,,,,,,,,,,,,,,,,15231000000,10463000000,0.686,,10449000000,,,,,,,,,,,,true,false,12,2015-04-01,2016-03-31,-1
2016-07-28,23930,2016-03-31,1,,,,,,,,,,,,,,,,,,,,,,,,,,,,,25.00,,,,16342400,804400,,false,false,12,2015-04-01,2016-03-31,-1
2016-07-28,23930,2017-03-31,1,,,,,,,,,,,,,,,,,,,,,,,,,,,,,29.00,,,,,,,false,true,12,2016-04-01,2017-03-31,0
2016-07-28,23930,2017-03-31,1,,,,,,,,,,,,,,,,,,,,,,,,,,,,,,,,,16342400,804400,15538000,false,false,3,2016-04-01,2016-06-30,0
2016-07-28,23930,2016-03-31,1,,,,,,,,,,,,,,,,,,,,,,,,,,,,,,,,,,,15538000,false,false,3,2015-04-01,2015-06-30,-1
2016-10-28,23930,2017-03-31,2,7365000000,0.093,,,,,867000000,0.638,873000000,0.622,,565000000,,36.39,,,,,,15594000000,10643000000,0.682,,10629000000,,,,,,,,,,,,true,false,6,2016-04-01,2016-09-30,0
2016-10-28,23930,2016-03-31,2,6740000000,0.141,,,,,529000000,0.025,538000000,0.024,,350000000,,22.53,,,,,,,,,,,,,,,,,,,,,,true,false,6,2015-04-01,2015-09-30,-1
2016-10-28,23930,2017-03-31,2,15000000000,0.094,,,,,1450000000,0.163,1450000000,0.151,,900000000,,57.92,,,,,,,,,,,,,,,,,,,,,,true,true,12,2016-04-01,2017-03-31,0
2016-10-28,23930,2016-03-31,2,,,,,,,,,,,,,,,,,,,,15231000000,10463000000,0.686,,10449000000,,,,,,,,,,,,true,false,12,2015-04-01,2016-03-31,-1
2016-10-28,23930,2016-03-31,2,,,,,,,,,,,,,,,,,,,,,,,,,,,,,25.00,,,,16342400,804400,,false,false,12,2015-04-01,2016-03-31,-1
2016-10-28,23930,2017-03-31,2,,,,,,,,,,,,,,,,,,,,,,,,,,,,,0.00,,,,,,,false,false,12,2016-04-01,2017-03-31,0
2016-10-28,23930,2017-03-31,2,,,,,,,,,,,,,,,,,,,,,,,,,,,,,29.00,,,,,,,false,true,12,2016-04-01,2017-03-31,0
2016-10-28,23930,2017-03-31,2,,,,,,,,,,,,,,,,,,,,,,,,,,,,,,,,,16342400,804400,15538000,false,false,6,2016-04-01,2016-09-30,0
2016-10-28,23930,2016-03-31,2,,,,,,,,,,,,,,,,,,,,,,,,,,,,,,,,,,,15538000,false,false,6,2015-04-01,2015-09-30,-1
2017-01-31,23930,2017-03-31,3,11167000000,0.095,,,,,1318000000,0.518,1324000000,0.506,,856000000,,55.13,,,,,,16448000000,10936000000,0.664,,10921000000,,,,,,,,,,,,true,false,9,2016-04-01,2016-12-31,0
2017-01-31,23930,2016-03-31,3,10194000000,0.133,,,,,868000000,0.161,879000000,0.158,,552000000,,35.58,,,,,,,,,,,,,,,,,,,,,,true,false,9,2015-04-01,2015-12-31,-1
2017-01-31,23930,2017-03-31,3,15000000000,0.094,,,,,1630000000,0.307,1635000000,0.298,,1050000000,,67.58,,,,,,,,,,,,,,,,,,,,,,true,true,12,2016-04-01,2017-03-31,0
2017-01-31,23930,2016-03-31,3,,,,,,,,,,,,,,,,,,,,15231000000,10463000000,0.686,,10449000000,,,,,,,,,,,,true,false,12,2015-04-01,2016-03-31,-1
2017-01-31,23930,2016-03-31,3,,,,,,,,,,,,,,,,,,,,,,,,,,,,,25.00,,,,16342400,804400,,false,false,12,2015-04-01,2016-03-31,-1
2017-01-31,23930,2017-03-31,3,,,,,,,,,,,,,,,,,,,,,,,,,,,,,0.00,,,,,,,false,false,12,2016-04-01,2017-03-31,0
2017-01-31,23930,2017-03-31,3,,,,,,,,,,,,,,,,,,,,,,,,,,,,,34.00,,,,,,,false,true,12,2016-04-01,2017-03-31,0
2017-01-31,23930,2017-03-31,3,,,,,,,,,,,,,,,,,,,,,,,,,,,,,,,,,16342400,804400,15538000,false,false,9,2016-04-01,2016-12-31,0
2017-01-31,23930,2016-03-31,3,,,,,,,,,,,,,,,,,,,,,,,,,,,,,,,,,,,15538000,false,false,9,2015-04-01,2015-12-31,-1
2017-05-08,23930,2017-03-31,,15020000000,0.096,,,,,1624000000,0.303,1632000000,0.295,,1089000000,,70.13,,0.100,0.104,0.108,,16254000000,11274000000,0.693,724.81,11262000000,1620000000,1461000000,-388000000,3306000000,,0.499,,,,,,true,false,12,2016-04-01,2017-03-31,0
2017-05-08,23930,2016-03-31,,13707000000,0.130,,,,,1247000000,0.296,1259000000,0.291,,776000000,,50.00,,0.076,0.089,0.091,,15231000000,10463000000,0.686,672.53,10449000000,512000000,-2505000000,1230000000,613000000,,0.500,,,,,,true,false,12,2015-04-01,2016-03-31,-1
2017-05-08,23930,2018-03-31,,16000000000,0.065,,,,,1700000000,0.046,1700000000,0.042,,1100000000,,70.79,,,,,,,,,,,,,,,,0.509,,,,,,true,true,12,2017-04-01,2018-03-31,1
2017-05-08,23930,2016-03-31,,,,,,,,,,,,,,,,,,,,,,,,,,,,,,25.00,,,,16342400,804400,15538000,false,false,12,2015-04-01,2016-03-31,-1
2017-05-08,23930,2017-03-31,,,,,,,,,,,,,,,,,,,,,,,,,,,,,,35.00,,,,16342400,804434,15537994,false,false,12,2016-04-01,2017-03-31,0
2017-05-08,23930,2018-03-31,,,,,,,,,,,,,,,,,,,,,,,,,,,,,,36.00,,,,,,,false,true,12,2017-04-01,2018-03-31,1
2017-07-28,23930,2018-03-31,1,3984000000,0.092,,,,,383000000,-0.116,388000000,-0.112,,248000000,,15.96,,,,,,16194000000,11030000000,0.680,,11018000000,,,,,,,,,,,,true,false,3,2017-04-01,2017-06-30,0
2017-07-28,23930,2017-03-31,1,3647000000,0.099,,,,,433000000,1.249,437000000,1.209,,283000000,,18.22,,,,,,,,,,,,,,,,,,,,,,true,false,3,2016-04-01,2016-06-30,-1
2017-07-28,23930,2018-03-31,1,16000000000,0.065,,,,,1700000000,0.046,1700000000,0.042,,1100000000,,70.79,,,,,,,,,,,,,,,,,,,,,,true,true,12,2017-04-01,2018-03-31,0
2017-07-28,23930,2017-03-31,1,,,,,,,,,,,,,,,,,,,,16254000000,11274000000,0.693,,11262000000,,,,,,,,,,,,true,false,12,2016-04-01,2017-03-31,-1
2017-07-28,23930,2017-03-31,1,,,,,,,,,,,,,,,,,,,,,,,,,,,,,35.00,,,,16342400,804434,,false,false,12,2016-04-01,2017-03-31,-1
2017-07-28,23930,2018-03-31,1,,,,,,,,,,,,,,,,,,,,,,,,,,,,,36.00,,,,,,,false,true,12,2017-04-01,2018-03-31,0
2017-07-28,23930,2018-03-31,1,,,,,,,,,,,,,,,,,,,,,,,,,,,,,,,,,16342400,804434,15537966,false,false,3,2017-04-01,2017-06-30,0
2017-07-28,23930,2017-03-31,1,,,,,,,,,,,,,,,,,,,,,,,,,,,,,,,,,,,15538000,false,false,3,2016-04-01,2016-06-30,-1
2017-10-30,23930,2018-03-31,2,8019000000,0.089,,,,,886000000,0.021,893000000,0.023,,575000000,,37.07,,,,,,17278000000,11364000000,0.657,,11350000000,,,,,,,,,,,,true,false,6,2017-04-01,2017-09-30,0
2017-10-30,23930,2017-03-31,2,7365000000,0.093,,,,,867000000,0.638,873000000,0.622,,565000000,,36.39,,,,,,,,,,,,,,,,,,,,,,true,false,6,2016-04-01,2016-09-30,-1
2017-10-30,23930,2018-03-31,2,16000000000,0.065,,,,,1700000000,0.046,1700000000,0.042,,1100000000,,70.79,,,,,,,,,,,,,,,,,,,,,,true,true,12,2017-04-01,2018-03-31,0
2017-10-30,23930,2017-03-31,2,,,,,,,,,,,,,,,,,,,,16254000000,11274000000,0.693,,11262000000,,,,,,,,,,,,true,false,12,2016-04-01,2017-03-31,-1
2017-10-30,23930,2017-03-31,2,,,,,,,,,,,,,,,,,,,,,,,,,,,,,35.00,,,,16342400,804434,,false,false,12,2016-04-01,2017-03-31,-1
2017-10-30,23930,2018-03-31,2,,,,,,,,,,,,,,,,,,,,,,,,,,,,,0.00,,,,,,,false,false,12,2017-04-01,2018-03-31,0
2017-10-30,23930,2018-03-31,2,,,,,,,,,,,,,,,,,,,,,,,,,,,,,36.00,,,,,,,false,true,12,2017-04-01,2018-03-31,0
2017-10-30,23930,2018-03-31,2,,,,,,,,,,,,,,,,,,,,,,,,,,,,,,,,,16342400,804434,15537966,false,false,6,2017-04-01,2017-09-30,0
2017-10-30,23930,2017-03-31,2,,,,,,,,,,,,,,,,,,,,,,,,,,,,,,,,,,,15538000,false,false,6,2016-04-01,2016-09-30,-1
2018-01-30,23930,2018-03-31,3,12172000000,0.090,,,,,1437000000,0.090,1445000000,0.091,,935000000,,60.18,,,,,,17695000000,11820000000,0.667,,11804000000,,,,,,,,,,,,true,false,9,2017-04-01,2017-12-31,0
2018-01-30,23930,2017-03-31,3,11167000000,0.095,,,,,1318000000,0.518,1324000000,0.506,,856000000,,55.13,,,,,,,,,,,,,,,,,,,,,,true,false,9,2016-04-01,2016-12-31,-1
2018-01-30,23930,2018-03-31,3,16200000000,0.079,,,,,1850000000,0.139,1850000000,0.134,,1350000000,,86.88,,,,,,,,,,,,,,,,,,,,,,true,true,12,2017-04-01,2018-03-31,0
2018-01-30,23930,2017-03-31,3,,,,,,,,,,,,,,,,,,,,16254000000,11274000000,0.693,,11262000000,,,,,,,,,,,,true,false,12,2016-04-01,2017-03-31,-1
2018-01-30,23930,2017-03-31,3,,,,,,,,,,,,,,,,,,,,,,,,,,,,,35.00,,,,16342400,804434,,false,false,12,2016-04-01,2017-03-31,-1
2018-01-30,23930,2018-03-31,3,,,,,,,,,,,,,,,,,,,,,,,,,,,,,0.00,,,,,,,false,false,12,2017-04-01,2018-03-31,0
2018-01-30,23930,2018-03-31,3,,,,,,,,,,,,,,,,,,,,,,,,,,,,,36.00,,,,,,,false,true,12,2017-04-01,2018-03-31,0
2018-01-30,23930,2018-03-31,3,,,,,,,,,,,,,,,,,,,,,,,,,,,,,,,,,16342400,804434,15537966,false,false,9,2017-04-01,2017-12-31,0
2018-01-30,23930,2017-03-31,3,,,,,,,,,,,,,,,,,,,,,,,,,,,,,,,,,,,15538000,false,false,9,2016-04-01,2016-12-31,-1
2018-05-08,23930,2018-03-31,,16331000000,0.087,,,,,1876000000,0.155,1885000000,0.156,,1426000000,,91.83,,0.121,0.108,0.115,,18566000000,12313000000,0.662,791.39,12296000000,2273000000,-3184000000,-543000000,1852000000,,0.501,,,,,,true,false,12,2017-04-01,2018-03-31,0
2018-05-08,23930,2017-03-31,,15020000000,0.096,,,,,1624000000,0.303,1632000000,0.295,,1089000000,,70.13,,0.100,0.104,0.108,,16254000000,11274000000,0.693,724.81,11262000000,1620000000,1461000000,-388000000,3306000000,,0.499,,,,,,true,false,12,2016-04-01,2017-03-31,-1
2018-05-08,23930,2019-03-31,,17400000000,0.065,,,,,1900000000,0.013,1900000000,0.007,,1200000000,,77.23,,,,,,,,,,,,,,,,0.505,,,,,,true,true,12,2018-04-01,2019-03-31,1
2018-05-08,23930,2017-03-31,,,,,,,,,,,,,,,,,,,,,,,,,,,,,,35.00,,,,16342400,804434,15537994,false,false,12,2016-04-01,2017-03-31,-1
2018-05-08,23930,2018-03-31,,,,,,,,,,,,,,,,,,,,,,,,,,,,,,46.00,,,,16342400,804434,15537966,false,false,12,2017-04-01,2018-03-31,0
2018-05-08,23930,2019-03-31,,,,,,,,,,,,,,,,,,,,,,,,,,,,,,39.00,,,,,,,false,true,12,2018-04-01,2019-03-31,1
2018-07-30,23930,2019-03-31,1,4274000000,0.073,,,,,478000000,0.250,480000000,0.237,,317000000,,20.46,,,,,,18298000000,11843000000,0.647,,11839000000,,,,,,,,,,,,true,false,3,2018-04-01,2018-06-30,0
2018-07-30,23930,2018-03-31,1,3984000000,0.092,,,,,383000000,-0.116,388000000,-0.112,,248000000,,15.96,,,,,,,,,,,,,,,,,,,,,,true,false,3,2017-04-01,2017-06-30,-1
2018-07-30,23930,2019-03-31,1,17400000000,0.065,,,,,1900000000,0.013,1900000000,0.007,,1200000000,,77.23,,,,,,,,,,,,,,,,,,,,,,true,true,12,2018-04-01,2019-03-31,0
2018-07-30,23930,2018-03-31,1,,,,,,,,,,,,,,,,,,,,18566000000,12313000000,0.662,,12296000000,,,,,,,,,,,,true,false,12,2017-04-01,2018-03-31,-1
2018-07-30,23930,2018-03-31,1,,,,,,,,,,,,,,,,,,,,,,,,,,,,,46.00,,,,16342400,804434,,false,false,12,2017-04-01,2018-03-31,-1
2018-07-30,23930,2019-03-31,1,,,,,,,,,,,,,,,,,,,,,,,,,,,,,39.00,,,,,,,false,true,12,2018-04-01,2019-03-31,0
2018-07-30,23930,2019-03-31,1,,,,,,,,,,,,,,,,,,,,,,,,,,,,,,,,,16342400,804434,15537966,false,false,3,2018-04-01,2018-06-30,0
2018-07-30,23930,2018-03-31,1,,,,,,,,,,,,,,,,,,,,,,,,,,,,,,,,,,,15537966,false,false,3,2017-04-01,2017-06-30,-1
2018-10-30,23930,2019-03-31,2,8582000000,0.070,,,,,1066000000,0.203,1069000000,0.197,,705000000,,45.39,,,,,,18273000000,12154000000,0.665,,12150000000,,,,,,,,,,,,true,false,6,2018-04-01,2018-09-30,0
2018-10-30,23930,2018-03-31,2,8019000000,0.089,,,,,886000000,0.021,893000000,0.023,,575000000,,37.07,,,,,,,,,,,,,,,,,,,,,,true,false,6,2017-04-01,2017-09-30,-1
2018-10-30,23930,2019-03-31,2,17400000000,0.065,,,,,1900000000,0.013,1900000000,0.007,,1200000000,,77.23,,,,,,,,,,,,,,,,,,,,,,true,true,12,2018-04-01,2019-03-31,0
2018-10-30,23930,2018-03-31,2,,,,,,,,,,,,,,,,,,,,18566000000,12313000000,0.662,,12296000000,,,,,,,,,,,,true,false,12,2017-04-01,2018-03-31,-1
2018-10-30,23930,2018-03-31,2,,,,,,,,,,,,,,,,,,,,,,,,,,,,,46.00,,,,16342400,804434,,false,false,12,2017-04-01,2018-03-31,-1
2018-10-30,23930,2019-03-31,2,,,,,,,,,,,,,,,,,,,,,,,,,,,,,0.00,,,,,,,false,false,12,2018-04-01,2019-03-31,0
2018-10-30,23930,2019-03-31,2,,,,,,,,,,,,,,,,,,,,,,,,,,,,,39.00,,,,,,,false,true,12,2018-04-01,2019-03-31,0
2018-10-30,23930,2019-03-31,2,,,,,,,,,,,,,,,,,,,,,,,,,,,,,,,,,16342400,804434,15537966,false,false,6,2018-04-01,2018-09-30,0
2018-10-30,23930,2018-03-31,2,,,,,,,,,,,,,,,,,,,,,,,,,,,,,,,,,,,15537966,false,false,6,2017-04-01,2017-09-30,-1
2019-01-31,23930,2019-03-31,3,12984000000,0.067,,,,,1655000000,0.151,1658000000,0.147,,1092000000,,70.33,,,,,,18552000000,12470000000,0.672,,12465000000,,,,,,,,,,,,true,false,9,2018-04-01,2018-12-31,0
2019-01-31,23930,2018-03-31,3,12172000000,0.090,,,,,1437000000,0.090,1445000000,0.091,,935000000,,60.18,,,,,,,,,,,,,,,,,,,,,,true,false,9,2017-04-01,2017-12-31,-1
2019-01-31,23930,2019-03-31,3,17400000000,0.065,,,,,1900000000,0.013,1900000000,0.007,,1200000000,,77.23,,,,,,,,,,,,,,,,,,,,,,true,true,12,2018-04-01,2019-03-31,0
2019-01-31,23930,2018-03-31,3,,,,,,,,,,,,,,,,,,,,18566000000,12313000000,0.662,,12296000000,,,,,,,,,,,,true,false,12,2017-04-01,2018-03-31,-1
2019-01-31,23930,2018-03-31,3,,,,,,,,,,,,,,,,,,,,,,,,,,,,,46.00,,,,16342400,804434,,false,false,12,2017-04-01,2018-03-31,-1
2019-01-31,23930,2019-03-31,3,,,,,,,,,,,,,,,,,,,,,,,,,,,,,0.00,,,,,,,false,false,12,2018-04-01,2019-03-31,0
2019-01-31,23930,2019-03-31,3,,,,,,,,,,,,,,,,,,,,,,,,,,,,,39.00,,,,,,,false,true,12,2018-04-01,2019-03-31,0
2019-01-31,23930,2019-03-31,3,,,,,,,,,,,,,,,,,,,,,,,,,,,,,,,,,16342400,804434,15537966,false,false,9,2018-04-01,2018-12-31,0
2019-01-31,23930,2018-03-31,3,,,,,,,,,,,,,,,,,,,,,,,,,,,,,,,,,,,15537966,false,false,9,2017-04-01,2017-12-31,-1
2019-05-08,23930,2019-03-31,,17379000000,0.064,,,,,2078000000,0.108,2082000000,0.104,,1424000000,,91.66,,0.113,0.110,0.120,,19198000000,12843000000,0.669,826.29,12838000000,1724000000,-1223000000,-714000000,1639000000,,0.502,,,,,,true,false,12,2018-04-01,2019-03-31,0
2019-05-08,23930,2018-03-31,,16331000000,0.087,,,,,1876000000,0.155,1885000000,0.156,,1426000000,,91.83,,0.121,0.108,0.115,,18566000000,12313000000,0.662,791.39,12296000000,2273000000,-3184000000,-543000000,1852000000,,0.501,,,,,,true,false,12,2017-04-01,2018-03-31,-1
2019-05-08,23930,2020-03-31,,18400000000,0.059,,,,,2200000000,0.058,2200000000,0.057,,1430000000,,92.03,,,,,,,,,,,,,,,,0.500,,,,,,true,true,12,2019-04-01,2020-03-31,1
2019-05-08,23930,2018-03-31,,,,,,,,,,,,,,,,,,,,,,,,,,,,,,46.00,,,,16342400,804434,15537966,false,false,12,2017-04-01,2018-03-31,-1
2019-05-08,23930,2019-03-31,,,,,,,,,,,,,,,,,,,,,,,,,,,,,,46.00,,,,16342400,804434,15537966,false,false,12,2018-04-01,2019-03-31,0
2019-05-08,23930,2020-03-31,,,,,,,,,,,,,,,,,,,,,,,,,,,,,,46.00,,,,,,,false,true,12,2019-04-01,2020-03-31,1
2019-07-30,23930,2020-03-31,1,4577000000,0.071,,,,,558000000,0.167,560000000,0.168,,367000000,,23.68,,,,,,19283000000,12486000000,0.647,,12481000000,,,,,,,,,,,,true,false,3,2019-04-01,2019-06-30,0
2019-07-30,23930,2019-03-31,1,4274000000,0.073,,,,,478000000,0.250,480000000,0.237,,317000000,,20.46,,,,,,,,,,,,,,,,,,,,,,true,false,3,2018-04-01,2018-06-30,-1
2019-07-30,23930,2020-03-31,1,18400000000,0.059,,,,,2200000000,0.058,2200000000,0.057,,1430000000,,92.03,,,,,,,,,,,,,,,,,,,,,,true,true,12,2019-04-01,2020-03-31,0
2019-07-30,23930,2019-03-31,1,,,,,,,,,,,,,,,,,,,,19198000000,12843000000,0.669,,12838000000,,,,,,,,,,,,true,false,12,2018-04-01,2019-03-31,-1
2019-07-30,23930,2019-03-31,1,,,,,,,,,,,,,,,,,,,,,,,,,,,,,46.00,,,,16342400,804434,,false,false,12,2018-04-01,2019-03-31,-1
2019-07-30,23930,2020-03-31,1,,,,,,,,,,,,,,,,,,,,,,,,,,,,,46.00,,,,,,,false,true,12,2019-04-01,2020-03-31,0
2019-07-30,23930,2020-03-31,1,,,,,,,,,,,,,,,,,,,,,,,,,,,,,,,,,16342400,804434,15537966,false,false,3,2019-04-01,2019-06-30,0
2019-07-30,23930,2019-03-31,1,,,,,,,,,,,,,,,,,,,,,,,,,,,,,,,,,,,15537966,false,false,3,2018-04-01,2018-06-30,-1
2019-10-30,23930,2020-03-31,2,9356000000,0.090,,,,,1123000000,0.053,1129000000,0.056,,740000000,,47.63,,,,,,17337000000,12863000000,0.742,,12858000000,,,,,,,,,,,,true,false,6,2019-04-01,2019-09-30,0
2019-10-30,23930,2019-03-31,2,8582000000,0.070,,,,,1066000000,0.203,1069000000,0.197,,705000000,,45.39,,,,,,,,,,,,,,,,,,,,,,true,false,6,2018-04-01,2018-09-30,-1
2019-10-30,23930,2020-03-31,2,18400000000,0.059,,,,,2200000000,0.058,2200000000,0.057,,1430000000,,92.03,,,,,,,,,,,,,,,,,,,,,,true,true,12,2019-04-01,2020-03-31,0
2019-10-30,23930,2019-03-31,2,,,,,,,,,,,,,,,,,,,,19198000000,12843000000,0.669,,12838000000,,,,,,,,,,,,true,false,12,2018-04-01,2019-03-31,-1
2019-10-30,23930,2019-03-31,2,,,,,,,,,,,,,,,,,,,,,,,,,,,,,46.00,,,,16342400,804434,,false,false,12,2018-04-01,2019-03-31,-1
2019-10-30,23930,2020-03-31,2,,,,,,,,,,,,,,,,,,,,,,,,,,,,,0.00,,,,,,,false,false,12,2019-04-01,2020-03-31,0
2019-10-30,23930,2020-03-31,2,,,,,,,,,,,,,,,,,,,,,,,,,,,,,46.00,,,,,,,false,true,12,2019-04-01,2020-03-31,0
2019-10-30,23930,2020-03-31,2,,,,,,,,,,,,,,,,,,,,,,,,,,,,,,,,,16342400,804434,15537966,false,false,6,2019-04-01,2019-09-30,0
2019-10-30,23930,2019-03-31,2,,,,,,,,,,,,,,,,,,,,,,,,,,,,,,,,,,,15537966,false,false,6,2018-04-01,2018-09-30,-1
2020-01-31,23930,2020-03-31,3,14170000000,0.091,,,,,1609000000,-0.027,1617000000,-0.024,,1051000000,,67.69,,,,,,18519000000,13167000000,0.711,,13161000000,,,,,,,,,,,,true,false,9,2019-04-01,2019-12-31,0
2020-01-31,23930,2019-03-31,3,12984000000,0.067,,,,,1655000000,0.151,1658000000,0.147,,1092000000,,70.33,,,,,,,,,,,,,,,,,,,,,,true,false,9,2018-04-01,2018-12-31,-1
2020-01-31,23930,2020-03-31,3,18400000000,0.059,,,,,2200000000,0.058,2200000000,0.057,,1430000000,,92.03,,,,,,,,,,,,,,,,,,,,,,true,true,12,2019-04-01,2020-03-31,0
2020-01-31,23930,2019-03-31,3,,,,,,,,,,,,,,,,,,,,19198000000,12843000000,0.669,,12838000000,,,,,,,,,,,,true,false,12,2018-04-01,2019-03-31,-1
2020-01-31,23930,2019-03-31,3,,,,,,,,,,,,,,,,,,,,,,,,,,,,,46.00,,,,16342400,804434,,false,false,12,2018-04-01,2019-03-31,-1
2020-01-31,23930,2020-03-31,3,,,,,,,,,,,,,,,,,,,,,,,,,,,,,0.00,,,,,,,false,false,12,2019-04-01,2020-03-31,0
2020-01-31,23930,2020-03-31,3,,,,,,,,,,,,,,,,,,,,,,,,,,,,,46.00,,,,,,,false,true,12,2019-04-01,2020-03-31,0
2020-01-31,23930,2020-03-31,3,,,,,,,,,,,,,,,,,,,,,,,,,,,,,,,,,16342400,804480,15537953,false,false,9,2019-04-01,2019-12-31,0
2020-01-31,23930,2019-03-31,3,,,,,,,,,,,,,,,,,,,,,,,,,,,,,,,,,,,15537966,false,false,9,2018-04-01,2018-12-31,-1
2020-05-08,23930,2020-03-31,,19097000000,0.099,,,,,2155000000,0.037,2164000000,0.040,,1494000000,,96.19,,0.113,0.116,0.113,,18032000000,13574000000,0.753,873.33,13569000000,722000000,1463000000,-2214000000,1611000000,,0.478,,,,,,true,false,12,2019-04-01,2020-03-31,0
2020-05-08,23930,2019-03-31,,17379000000,0.064,,,,,2078000000,0.108,2082000000,0.104,,1424000000,,91.66,,0.113,0.110,0.120,,19198000000,12843000000,0.669,826.29,12838000000,1724000000,-1223000000,-714000000,1639000000,,0.502,,,,,,true,false,12,2018-04-01,2019-03-31,-1
2020-05-08,23930,2021-03-31,,20600000000,0.079,,,,,2100000000,-0.026,2100000000,-0.030,,1450000000,,93.32,,,,,,,,,,,,,,,,0.493,,,,,,true,true,12,2020-04-01,2021-03-31,1
2020-05-08,23930,2019-03-31,,,,,,,,,,,,,,,,,,,,,,,,,,,,,,46.00,,,,16342400,804434,15537966,false,false,12,2018-04-01,2019-03-31,-1
2020-05-08,23930,2020-03-31,,,,,,,,,,,,,,,,,,,,,,,,,,,,,,46.00,,,,16342400,804480,15537945,false,false,12,2019-04-01,2020-03-31,0
2020-05-08,23930,2021-03-31,,,,,,,,,,,,,,,,,,,,,,,,,,,,,,46.00,,,,,,,false,true,12,2020-04-01,2021-03-31,1
2020-07-30,23930,2021-03-31,1,5046000000,0.103,,,,,740000000,0.327,744000000,0.327,,489000000,,31.53,,,,,,17875000000,13359000000,0.747,,13355000000,,,,,,,,,,,,true,false,3,2020-04-01,2020-06-30,0
2020-07-30,23930,2020-03-31,1,4577000000,0.071,,,,,558000000,0.167,560000000,0.168,,367000000,,23.68,,,,,,,,,,,,,,,,,,,,,,true,false,3,2019-04-01,2019-06-30,-1
2020-07-30,23930,2021-03-31,1,20600000000,0.079,,,,,2100000000,-0.026,2100000000,-0.030,,1450000000,,93.32,,,,,,,,,,,,,,,,,,,,,,true,true,12,2020-04-01,2021-03-31,0
2020-07-30,23930,2020-03-31,1,,,,,,,,,,,,,,,,,,,,18032000000,13574000000,0.753,,13569000000,,,,,,,,,,,,true,false,12,2019-04-01,2020-03-31,-1
2020-07-30,23930,2020-03-31,1,,,,,,,,,,,,,,,,,,,,,,,,,,,,,46.00,,,,16342400,804480,,false,false,12,2019-04-01,2020-03-31,-1
2020-07-30,23930,2021-03-31,1,,,,,,,,,,,,,,,,,,,,,,,,,,,,,46.00,,,,,,,false,true,12,2020-04-01,2021-03-31,0
2020-07-30,23930,2021-03-31,1,,,,,,,,,,,,,,,,,,,,,,,,,,,,,,,,,16342400,804480,15537920,false,false,3,2020-04-01,2020-06-30,0
2020-07-30,23930,2020-03-31,1,,,,,,,,,,,,,,,,,,,,,,,,,,,,,,,,,,,15537966,false,false,3,2019-04-01,2019-06-30,-1
2020-10-29,23930,2021-03-31,2,10107000000,0.080,,,,,1455000000,0.295,1462000000,0.295,,957000000,,61.61,,,,,,18929000000,13841000000,0.731,,13836000000,,,,,,,,,,,,true,false,6,2020-04-01,2020-09-30,0
2020-10-29,23930,2020-03-31,2,9356000000,0.090,,,,,1123000000,0.053,1129000000,0.056,,740000000,,47.63,,,,,,,,,,,,,,,,,,,,,,true,false,6,2019-04-01,2019-09-30,-1
2020-10-29,23930,2021-03-31,2,20600000000,0.079,,,,,2100000000,-0.026,2100000000,-0.030,,1450000000,,93.32,,,,,,,,,,,,,,,,,,,,,,true,true,12,2020-04-01,2021-03-31,0
2020-10-29,23930,2020-03-31,2,,,,,,,,,,,,,,,,,,,,18032000000,13574000000,0.753,,13569000000,,,,,,,,,,,,true,false,12,2019-04-01,2020-03-31,-1
2020-10-29,23930,2020-03-31,2,,,,,,,,,,,,,,,,,,,,,,,,,,,,,46.00,,,,16342400,804480,,false,false,12,2019-04-01,2020-03-31,-1
2020-10-29,23930,2021-03-31,2,,,,,,,,,,,,,,,,,,,,,,,,,,,,,0.00,,,,,,,false,false,12,2020-04-01,2021-03-31,0
2020-10-29,23930,2021-03-31,2,,,,,,,,,,,,,,,,,,,,,,,,,,,,,46.00,,,,,,,false,true,12,2020-04-01,2021-03-31,0
2020-10-29,23930,2021-03-31,2,,,,,,,,,,,,,,,,,,,,,,,,,,,,,,,,,16342400,804512,15537911,false,false,6,2020-04-01,2020-09-30,0
2020-10-29,23930,2020-03-31,2,,,,,,,,,,,,,,,,,,,,,,,,,,,,,,,,,,,15537966,false,false,6,2019-04-01,2019-09-30,-1
2021-01-29,23930,2021-03-31,3,15526000000,0.096,,,,,2126000000,0.321,2141000000,0.324,,1407000000,,90.61,,,,,,20745000000,14280000000,0.688,,14274000000,,,,,,,,,,,,true,false,9,2020-04-01,2020-12-31,0
2021-01-29,23930,2020-03-31,3,14170000000,0.091,,,,,1609000000,-0.027,1617000000,-0.024,,1051000000,,67.69,,,,,,,,,,,,,,,,,,,,,,true,false,9,2019-04-01,2019-12-31,-1
2021-01-29,23930,2021-03-31,3,20800000000,0.089,,,,,2500000000,0.160,2500000000,0.155,,1750000000,,112.63,,,,,,,,,,,,,,,,,,,,,,true,true,12,2020-04-01,2021-03-31,0
2021-01-29,23930,2020-03-31,3,,,,,,,,,,,,,,,,,,,,18032000000,13574000000,0.753,,13569000000,,,,,,,,,,,,true,false,12,2019-04-01,2020-03-31,-1
2021-01-29,23930,2020-03-31,3,,,,,,,,,,,,,,,,,,,,,,,,,,,,,46.00,,,,16342400,804480,,false,false,12,2019-04-01,2020-03-31,-1
2021-01-29,23930,2021-03-31,3,,,,,,,,,,,,,,,,,,,,,,,,,,,,,0.00,,,,,,,false,false,12,2020-04-01,2021-03-31,0
2021-01-29,23930,2021-03-31,3,,,,,,,,,,,,,,,,,,,,,,,,,,,,,46.00,,,,,,,false,true,12,2020-04-01,2021-03-31,0
2021-01-29,23930,2021-03-31,3,,,,,,,,,,,,,,,,,,,,,,,,,,,,,,,,,16342400,804512,15537903,false,false,9,2020-04-01,2020-12-31,0
2021-01-29,23930,2020-03-31,3,,,,,,,,,,,,,,,,,,,,,,,,,,,,,,,,,,,15537953,false,false,9,2019-04-01,2019-12-31,-1
2021-05-07,23930,2021-03-31,,21017000000,0.101,,,,,2613000000,0.212,2636000000,0.218,,1732000000,,111.52,,0.123,0.138,0.124,,20224000000,14606000000,0.722,939.62,14599000000,1804000000,-1043000000,-694000000,1677000000,,0.412,,,,,,true,false,12,2020-04-01,2021-03-31,0
2021-05-07,23930,2020-03-31,,19097000000,0.099,,,,,2155000000,0.037,2164000000,0.040,,1494000000,,96.19,,0.113,0.116,0.113,,18032000000,13574000000,0.753,873.33,13569000000,722000000,1463000000,-2214000000,1611000000,,0.478,,,,,,true,false,12,2019-04-01,2020-03-31,-1
2021-05-07,23930,2022-03-31,,22600000000,0.075,,,,,2500000000,-0.043,2500000000,-0.052,,1650000000,,106.19,,,,,,,,,,,,,,,,0.471,,,,,,true,true,12,2021-04-01,2022-03-31,1
2021-05-07,23930,2020-03-31,,,,,,,,,,,,,,,,,,,,,,,,,,,,,,46.00,,,,16342400,804480,15537945,false,false,12,2019-04-01,2020-03-31,-1
2021-05-07,23930,2021-03-31,,,,,,,,,,,,,,,,,,,,,,,,,,,,,,46.00,,,,16342400,804512,15537900,false,false,12,2020-04-01,2021-03-31,0
2021-05-07,23930,2022-03-31,,,,,,,,,,,,,,,,,,,,,,,,,,,,,,50.00,,,,,,,false,true,12,2021-04-01,2022-03-31,1
2021-07-29,23930,2022-03-31,1,5611000000,0.112,,,,,595000000,-0.196,603000000,-0.189,,401000000,,25.82,,,,,,19801000000,14254000000,0.720,,14247000000,,,,,,,,,,,,true,false,3,2021-04-01,2021-06-30,0
2021-07-29,23930,2021-03-31,1,5046000000,0.103,,,,,740000000,0.327,744000000,0.327,,489000000,,31.53,,,,,,,,,,,,,,,,,,,,,,true,false,3,2020-04-01,2020-06-30,-1
2021-07-29,23930,2022-03-31,1,22600000000,0.075,,,,,2500000000,-0.043,2500000000,-0.052,,1650000000,,106.19,,,,,,,,,,,,,,,,,,,,,,true,true,12,2021-04-01,2022-03-31,0
2021-07-29,23930,2021-03-31,1,,,,,,,,,,,,,,,,,,,,20224000000,14606000000,0.722,,14599000000,,,,,,,,,,,,true,false,12,2020-04-01,2021-03-31,-1
2021-07-29,23930,2021-03-31,1,,,,,,,,,,,,,,,,,,,,,,,,,,,,,46.00,,,,16342400,804512,,false,false,12,2020-04-01,2021-03-31,-1
2021-07-29,23930,2022-03-31,1,,,,,,,,,,,,,,,,,,,,,,,,,,,,,50.00,,,,,,,false,true,12,2021-04-01,2022-03-31,0
2021-07-29,23930,2022-03-31,1,,,,,,,,,,,,,,,,,,,,,,,,,,,,,,,,,16342400,804512,15537888,false,false,3,2021-04-01,2021-06-30,0
2021-07-29,23930,2021-03-31,1,,,,,,,,,,,,,,,,,,,,,,,,,,,,,,,,,,,15537920,false,false,3,2020-04-01,2020-06-30,-1
2021-10-28,2393,2022-03-31,2,11345000000,0.123,,,,,1199000000,-0.176,1216000000,-0.168,,824000000,,53.04,,,,,,20522000000,14677000000,0.715,,14669000000,,,,,,,,,,,,true,false,6,2021-04-01,2021-09-30,0
2021-10-28,2393,2021-03-31,2,10107000000,0.080,,,,,1455000000,0.295,1462000000,0.295,,957000000,,61.61,,,,,,,,,,,,,,,,,,,,,,true,false,6,2020-04-01,2020-09-30,-1
2021-10-28,2393,2022-03-31,2,22600000000,0.075,,,,,2500000000,-0.043,2500000000,-0.052,,1650000000,,106.19,,,,,,,,,,,,,,,,,,,,,,true,true,12,2021-04-01,2022-03-31,0
2021-10-28,2393,2021-03-31,2,,,,,,,,,,,,,,,,,,,,20224000000,14606000000,0.722,,14599000000,,,,,,,,,,,,true,false,12,2020-04-01,2021-03-31,-1
2021-10-28,2393,2021-03-31,2,,,,,,,,,,,,,,,,,,,,,,,,,,,,,46.00,,,,16342400,804512,,false,false,12,2020-04-01,2021-03-31,-1
2021-10-28,2393,2022-03-31,2,,,,,,,,,,,,,,,,,,,,,,,,,,,,,0.00,,,,,,,false,false,12,2021-04-01,2022-03-31,0
2021-10-28,2393,2022-03-31,2,,,,,,,,,,,,,,,,,,,,,,,,,,,,,50.00,,,,,,,false,true,12,2021-04-01,2022-03-31,0
2021-10-28,2393,2022-03-31,2,,,,,,,,,,,,,,,,,,,,,,,,,,,,,,,,,16342400,804512,15537888,false,false,6,2021-04-01,2021-09-30,0
2021-10-28,2393,2021-03-31,2,,,,,,,,,,,,,,,,,,,,,,,,,,,,,,,,,,,15537911,false,false,6,2020-04-01,2020-09-30,-1
2022-01-28,2393,2022-03-31,3,17281000000,0.113,,,,,1811000000,-0.148,1839000000,-0.141,,1237000000,,79.63,,,,,,20645000000,15083000000,0.730,,15076000000,,,,,,,,,,,,true,false,9,2021-04-01,2021-12-31,0
2022-01-28,2393,2021-03-31,3,15526000000,0.096,,,,,2126000000,0.321,2141000000,0.324,,1407000000,,90.61,,,,,,,,,,,,,,,,,,,,,,true,false,9,2020-04-01,2020-12-31,-1
2022-01-28,2393,2022-03-31,3,22600000000,0.075,,,,,2500000000,-0.043,2500000000,-0.052,,1650000000,,106.19,,,,,,,,,,,,,,,,,,,,,,true,true,12,2021-04-01,2022-03-31,0
2022-01-28,2393,2021-03-31,3,,,,,,,,,,,,,,,,,,,,20224000000,14606000000,0.722,,14599000000,,,,,,,,,,,,true,false,12,2020-04-01,2021-03-31,-1
2022-01-28,2393,2021-03-31,3,,,,,,,,,,,,,,,,,,,,,,,,,,,,,46.00,,,,16342400,804512,,false,false,12,2020-04-01,2021-03-31,-1
2022-01-28,2393,2022-03-31,3,,,,,,,,,,,,,,,,,,,,,,,,,,,,,0.00,,,,,,,false,false,12,2021-04-01,2022-03-31,0
2022-01-28,2393,2022-03-31,3,,,,,,,,,,,,,,,,,,,,,,,,,,,,,60.00,,,,,,,false,true,12,2021-04-01,2022-03-31,0
2022-01-28,2393,2022-03-31,3,,,,,,,,,,,,,,,,,,,,,,,,,,,,,,,,,16342400,804543,15537886,false,false,9,2021-04-01,2021-12-31,0
2022-01-28,2393,2021-03-31,3,,,,,,,,,,,,,,,,,,,,,,,,,,,,,,,,,,,15537903,false,false,9,2020-04-01,2020-12-31,-1
2022-05-10,2393,2022-03-31,,23297000000,0.108,,,,,2327000000,-0.109,2362000000,-0.104,,1675000000,,107.81,,0.111,0.114,0.100,,21319000000,15513000000,0.727,997.50,15498000000,53000000,741000000,-724000000,1748000000,,0.557,,,,,,true,false,12,2021-04-01,2022-03-31,0
2022-05-10,2393,2021-03-31,,21017000000,0.101,,,,,2613000000,0.212,2636000000,0.218,,1732000000,,111.52,,0.123,0.138,0.124,,20224000000,14606000000,0.722,939.62,14599000000,1804000000,-1043000000,-694000000,1677000000,,0.412,,,,,,true,false,12,2020-04-01,2021-03-31,-1
2022-05-10,2393,2023-03-31,,25500000000,0.095,,,,,2300000000,-0.012,2300000000,-0.027,,1600000000,,102.97,,,,,,,,,,,,,,,,0.680,,,,,,true,true,12,2022-04-01,2023-03-31,1
2022-05-10,2393,2021-03-31,,,,,,,,,,,,,,,,,,,,,,,,,,,,,,46.00,,,,16342400,804512,15537900,false,false,12,2020-04-01,2021-03-31,-1
2022-05-10,2393,2022-03-31,,,,,,,,,,,,,,,,,,,,,,,,,,,,,,60.00,,,,16342400,804543,15537879,false,false,12,2021-04-01,2022-03-31,0
2022-05-10,2393,2023-03-31,,,,,,,,,,,,,,,,,,,,,,,,,,,,,,70.00,,,,,,,false,true,12,2022-04-01,2023-03-31,1
2022-07-29,2393,2023-03-31,1,6234000000,0.111,,,,,463000000,-0.222,481000000,-0.202,,315000000,,20.32,,,,,,21166000000,14902000000,0.703,,14887000000,,,,,,,,,,,,true,false,3,2022-04-01,2022-06-30,0
2022-07-29,2393,2022-03-31,1,5611000000,0.112,,,,,595000000,-0.196,603000000,-0.189,,401000000,,25.82,,,,,,,,,,,,,,,,,,,,,,true,false,3,2021-04-01,2021-06-30,-1
2022-07-29,2393,2023-03-31,1,25500000000,0.095,,,,,2300000000,-0.012,2300000000,-0.027,,1600000000,,102.97,,,,,,,,,,,,,,,,,,,,,,true,true,12,2022-04-01,2023-03-31,0
2022-07-29,2393,2022-03-31,1,,,,,,,,,,,,,,,,,,,,21319000000,15513000000,0.727,,15498000000,,,,,,,,,,,,true,false,12,2021-04-01,2022-03-31,-1
2022-07-29,2393,2022-03-31,1,,,,,,,,,,,,,,,,,,,,,,,,,,,,,60.00,,,,16342400,804543,,false,false,12,2021-04-01,2022-03-31,-1
2022-07-29,2393,2023-03-31,1,,,,,,,,,,,,,,,,,,,,,,,,,,,,,70.00,,,,,,,false,true,12,2022-04-01,2023-03-31,0
2022-07-29,2393,2023-03-31,1,,,,,,,,,,,,,,,,,,,,,,,,,,,,,,,,,16342400,804543,15537857,false,false,3,2022-04-01,2022-06-30,0
2022-07-29,2393,2022-03-31,1,,,,,,,,,,,,,,,,,,,,,,,,,,,,,,,,,,,15537888,false,false,3,2021-04-01,2021-06-30,-1
2022-10-28,2393,2023-03-31,2,12679000000,0.118,,,,,963000000,-0.197,992000000,-0.184,,650000000,,41.86,,,,,,21369000000,15243000000,0.713,,15228000000,,,,,,,,,,,,true,false,6,2022-04-01,2022-09-30,0
2022-10-28,2393,2022-03-31,2,11345000000,0.123,,,,,1199000000,-0.176,1216000000,-0.168,,824000000,,53.04,,,,,,,,,,,,,,,,,,,,,,true,false,6,2021-04-01,2021-09-30,-1
2022-10-28,2393,2023-03-31,2,25500000000,0.095,,,,,2300000000,-0.012,2300000000,-0.027,,1600000000,,102.97,,,,,,,,,,,,,,,,,,,,,,true,true,12,2022-04-01,2023-03-31,0
2022-10-28,2393,2022-03-31,2,,,,,,,,,,,,,,,,,,,,21319000000,15513000000,0.727,,15498000000,,,,,,,,,,,,true,false,12,2021-04-01,2022-03-31,-1
2022-10-28,2393,2022-03-31,2,,,,,,,,,,,,,,,,,,,,,,,,,,,,,60.00,,,,16342400,804543,,false,false,12,2021-04-01,2022-03-31,-1
2022-10-28,2393,2023-03-31,2,,,,,,,,,,,,,,,,,,,,,,,,,,,,,0.00,,,,,,,false,false,12,2022-04-01,2023-03-31,0
2022-10-28,2393,2023-03-31,2,,,,,,,,,,,,,,,,,,,,,,,,,,,,,70.00,,,,,,,false,true,12,2022-04-01,2023-03-31,0
2022-10-28,2393,2023-03-31,2,,,,,,,,,,,,,,,,,,,,,,,,,,,,,,,,,16342400,804543,15537857,false,false,6,2022-04-01,2022-09-30,0
2022-10-28,2393,2022-03-31,2,,,,,,,,,,,,,,,,,,,,,,,,,,,,,,,,,,,15537888,false,false,6,2021-04-01,2021-09-30,-1
2023-01-30,2393,2023-03-31,3,19247000000,0.114,,,,,1628000000,-0.101,1651000000,-0.103,,1083000000,,69.72,,,,,,21861000000,15672000000,0.716,,15657000000,,,,,,,,,,,,true,false,9,2022-04-01,2022-12-31,0
2023-01-30,2393,2022-03-31,3,17281000000,0.113,,,,,1811000000,-0.148,1839000000,-0.141,,1237000000,,79.63,,,,,,,,,,,,,,,,,,,,,,true,false,9,2021-04-01,2021-12-31,-1
2023-01-30,2393,2023-03-31,3,25500000000,0.095,,,,,2300000000,-0.012,2300000000,-0.027,,1600000000,,102.97,,,,,,,,,,,,,,,,,,,,,,true,true,12,2022-04-01,2023-03-31,0
2023-01-30,2393,2022-03-31,3,,,,,,,,,,,,,,,,,,,,21319000000,15513000000,0.727,,15498000000,,,,,,,,,,,,true,false,12,2021-04-01,2022-03-31,-1
2023-01-30,2393,2022-03-31,3,,,,,,,,,,,,,,,,,,,,,,,,,,,,,60.00,,,,16342400,804543,,false,false,12,2021-04-01,2022-03-31,-1
2023-01-30,2393,2023-03-31,3,,,,,,,,,,,,,,,,,,,,,,,,,,,,,0.00,,,,,,,false,false,12,2022-04-01,2023-03-31,0
2023-01-30,2393,2023-03-31,3,,,,,,,,,,,,,,,,,,,,,,,,,,,,,70.00,,,,,,,false,true,12,2022-04-01,2023-03-31,0
2023-01-30,2393,2023-03-31,3,,,,,,,,,,,,,,,,,,,,,,,,,,,,,,,,,16342400,804543,15537857,false,false,9,2022-04-01,2022-12-31,0
2023-01-30,2393,2022-03-31,3,,,,,,,,,,,,,,,,,,,,,,,,,,,,,,,,,,,15537886,false,false,9,2021-04-01,2021-12-31,-1
2023-05-10,2393,2023-03-31,,25892000000,0.111,,,,,2117000000,-0.090,2142000000,-0.093,,1514000000,,97.46,,0.096,0.096,0.082,,23171000000,16086000000,0.694,1034.42,16072000000,-7000000,132000000,-381000000,1491000000,,0.718,,,,,,true,false,12,2022-04-01,2023-03-31,0
2023-05-10,2393,2022-03-31,,23297000000,0.108,,,,,2327000000,-0.109,2362000000,-0.104,,1675000000,,107.81,,0.111,0.114,0.100,,21319000000,15513000000,0.727,997.50,15498000000,53000000,741000000,-724000000,1748000000,,0.557,,,,,,true,false,12,2021-04-01,2022-03-31,-1
2023-05-10,2393,2024-03-31,,29000000000,0.120,,,,,2300000000,0.086,2300000000,0.074,,1600000000,,102.97,,,,,,,,,,,,,,,,0.680,,,,,,true,true,12,2023-04-01,2024-03-31,1
2023-05-10,2393,2022-03-31,,,,,,,,,,,,,,,,,,,,,,,,,,,,,,60.00,,,,16342400,804543,15537879,false,false,12,2021-04-01,2022-03-31,-1
2023-05-10,2393,2023-03-31,,,,,,,,,,,,,,,,,,,,,,,,,,,,,,70.00,,,,16342400,804543,15537857,false,false,12,2022-04-01,2023-03-31,0
2023-05-10,2393,2024-03-31,,,,,,,,,,,,,,,,,,,,,,,,,,,,,,70.00,,,,,,,false,true,12,2023-04-01,2024-03-31,1
2023-07-28,2393,2024-03-31,1,6803000000,0.091,,,,,398000000,-0.139,405000000,-0.158,,279000000,,17.98,,,,,,23488000000,15265000000,0.649,,15250000000,,,,,,,,,,,,true,false,3,2023-04-01,2023-06-30,0
2023-07-28,2393,2023-03-31,1,6234000000,0.111,,,,,463000000,-0.222,481000000,-0.202,,315000000,,20.32,,,,,,,,,,,,,,,,,,,,,,true,false,3,2022-04-01,2022-06-30,-1
2023-07-28,2393,2024-03-31,1,29000000000,0.120,,,,,2300000000,0.086,2300000000,0.074,,1600000000,,102.97,,,,,,,,,,,,,,,,,,,,,,true,true,12,2023-04-01,2024-03-31,0
2023-07-28,2393,2023-03-31,1,,,,,,,,,,,,,,,,,,,,23171000000,16086000000,0.694,,16072000000,,,,,,,,,,,,true,false,12,2022-04-01,2023-03-31,-1
2023-07-28,2393,2023-03-31,1,,,,,,,,,,,,,,,,,,,,,,,,,,,,,70.00,,,,16342400,804543,,false,false,12,2022-04-01,2023-03-31,-1
2023-07-28,2393,2024-03-31,1,,,,,,,,,,,,,,,,,,,,,,,,,,,,,70.00,,,,,,,false,true,12,2023-04-01,2024-03-31,0
2023-07-28,2393,2024-03-31,1,,,,,,,,,,,,,,,,,,,,,,,,,,,,,,,,,16342400,804543,15537857,false,false,3,2023-04-01,2023-06-30,0
2023-07-28,2393,2023-03-31,1,,,,,,,,,,,,,,,,,,,,,,,,,,,,,,,,,,,15537857,false,false,3,2022-04-01,2022-06-30,-1
2023-10-30,2393,2024-03-31,2,13779000000,0.087,,,,,999000000,0.038,1012000000,0.020,,681000000,,43.86,,,,,,23859000000,15670000000,0.656,,15656000000,,,,,,,,,,,,true,false,6,2023-04-01,2023-09-30,0
2023-10-30,2393,2023-03-31,2,12679000000,0.118,,,,,963000000,-0.197,992000000,-0.184,,650000000,,41.86,,,,,,,,,,,,,,,,,,,,,,true,false,6,2022-04-01,2022-09-30,-1
2023-10-30,2393,2024-03-31,2,29000000000,0.120,,,,,2300000000,0.086,2300000000,0.074,,1600000000,,102.97,,,,,,,,,,,,,,,,,,,,,,true,true,12,2023-04-01,2024-03-31,0
2023-10-30,2393,2023-03-31,2,,,,,,,,,,,,,,,,,,,,23171000000,16086000000,0.694,,16072000000,,,,,,,,,,,,true,false,12,2022-04-01,2023-03-31,-1
2023-10-30,2393,2023-03-31,2,,,,,,,,,,,,,,,,,,,,,,,,,,,,,70.00,,,,16342400,804543,,false,false,12,2022-04-01,2023-03-31,-1
2023-10-30,2393,2024-03-31,2,,,,,,,,,,,,,,,,,,,,,,,,,,,,,0.00,,,,,,,false,false,12,2023-04-01,2024-03-31,0
2023-10-30,2393,2024-03-31,2,,,,,,,,,,,,,,,,,,,,,,,,,,,,,70.00,,,,,,,false,true,12,2023-04-01,2024-03-31,0
2023-10-30,2393,2024-03-31,2,,,,,,,,,,,,,,,,,,,,,,,,,,,,,,,,,16342400,804580,15537848,false,false,6,2023-04-01,2023-09-30,0
2023-10-30,2393,2023-03-31,2,,,,,,,,,,,,,,,,,,,,,,,,,,,,,,,,,,,15537857,false,false,6,2022-04-01,2022-09-30,-1
2024-01-30,2393,2024-03-31,3,21096000000,0.096,,,,,1583000000,-0.028,1605000000,-0.028,,1064000000,,68.51,,,,,,24567000000,16056000000,0.653,,16042000000,,,,,,,,,,,,true,false,9,2023-04-01,2023-12-31,0
2024-01-30,2393,2023-03-31,3,19247000000,0.114,,,,,1628000000,-0.101,1651000000,-0.103,,1083000000,,69.72,,,,,,,,,,,,,,,,,,,,,,true,false,9,2022-04-01,2022-12-31,-1
2024-01-30,2393,2024-03-31,3,29000000000,0.120,,,,,2300000000,0.086,2300000000,0.074,,1600000000,,102.97,,,,,,,,,,,,,,,,,,,,,,true,true,12,2023-04-01,2024-03-31,0
2024-01-30,2393,2023-03-31,3,,,,,,,,,,,,,,,,,,,,23171000000,16086000000,0.694,,16072000000,,,,,,,,,,,,true,false,12,2022-04-01,2023-03-31,-1
2024-01-30,2393,2023-03-31,3,,,,,,,,,,,,,,,,,,,,,,,,,,,,,70.00,,,,16342400,804543,,false,false,12,2022-04-01,2023-03-31,-1
2024-01-30,2393,2024-03-31,3,,,,,,,,,,,,,,,,,,,,,,,,,,,,,0.00,,,,,,,false,false,12,2023-04-01,2024-03-31,0
2024-01-30,2393,2024-03-31,3,,,,,,,,,,,,,,,,,,,,,,,,,,,,,70.00,,,,,,,false,true,12,2023-04-01,2024-03-31,0
2024-01-30,2393,2024-03-31,3,,,,,,,,,,,,,,,,,,,,,,,,,,,,,,,,,16342400,804600,15537833,false,false,9,2023-04-01,2023-12-31,0
2024-01-30,2393,2023-03-31,3,,,,,,,,,,,,,,,,,,,,,,,,,,,,,,,,,,,15537857,false,false,9,2022-04-01,2022-12-31,-1
2024-05-08,2393,2024-03-31,,28592000000,0.104,,,,,2173000000,0.026,2200000000,0.027,,1578000000,,101.57,,0.097,0.091,0.076,,25401000000,16547000000,0.651,1064.29,16536000000,339000000,-775000000,-343000000,711000000,,0.689,,,,,,true,false,12,2023-04-01,2024-03-31,0
2024-05-08,2393,2023-03-31,,25892000000,0.111,,,,,2117000000,-0.090,2142000000,-0.093,,1514000000,,97.46,,0.096,0.096,0.082,,23171000000,16086000000,0.694,1034.42,16072000000,-7000000,132000000,-381000000,1491000000,,0.718,,,,,,true,false,12,2022-04-01,2023-03-31,-1
2024-05-08,2393,2025-03-31,,31500000000,0.102,,,,,2500000000,0.150,2500000000,0.136,,1800000000,,115.85,,,,,,,,,,,,,,,,0.604,,,,,,true,true,12,2024-04-01,2025-03-31,1
2024-05-08,2393,2023-03-31,,,,,,,,,,,,,,,,,,,,,,,,,,,,,,70.00,,,,16342400,804543,15537857,false,false,12,2022-04-01,2023-03-31,-1
2024-05-08,2393,2024-03-31,,,,,,,,,,,,,,,,,,,,,,,,,,,,,,70.00,,,,16342400,804706,15537809,false,false,12,2023-04-01,2024-03-31,0
2024-05-08,2393,2025-03-31,,,,,,,,,,,,,,,,,,,,,,,,,,,,,,70.00,,,,,,,false,true,12,2024-04-01,2025-03-31,1
2024-07-30,2393,2025-03-31,1,7687000000,0.130,,,,,506000000,0.272,522000000,0.290,,347000000,,22.40,,,,,,26329000000,15814000000,0.600,,15804000000,,,,,,,,,,,,true,false,3,2024-04-01,2024-06-30,0
2024-07-30,2393,2024-03-31,1,6803000000,0.091,,,,,398000000,-0.139,405000000,-0.158,,279000000,,17.98,,,,,,,,,,,,,,,,,,,,,,true,false,3,2023-04-01,2023-06-30,-1
2024-07-30,2393,2025-03-31,1,31500000000,0.102,,,,,2500000000,0.150,2500000000,0.136,,1800000000,,115.85,,,,,,,,,,,,,,,,,,,,,,true,true,12,2024-04-01,2025-03-31,0
2024-07-30,2393,2024-03-31,1,,,,,,,,,,,,,,,,,,,,25401000000,16547000000,0.651,,16536000000,,,,,,,,,,,,true,false,12,2023-04-01,2024-03-31,-1
2024-07-30,2393,2024-03-31,1,,,,,,,,,,,,,,,,,,,,,,,,,,,,,70.00,,,,16342400,804706,,false,false,12,2023-04-01,2024-03-31,-1
2024-07-30,2393,2025-03-31,1,,,,,,,,,,,,,,,,,,,,,,,,,,,,,70.00,,,,,,,false,true,12,2024-04-01,2025-03-31,0
2024-07-30,2393,2025-03-31,1,,,,,,,,,,,,,,,,,,,,,,,,,,,,,,,,,16237693,700010,15537687,false,false,3,2024-04-01,2024-06-30,0
2024-07-30,2393,2024-03-31,1,,,,,,,,,,,,,,,,,,,,,,,,,,,,,,,,,,,15537857,false,false,3,2023-04-01,2023-06-30,-1
2024-10-29,2393,2025-03-31,2,15673000000,0.137,,,,,1151000000,0.152,1170000000,0.156,,776000000,,49.98,,,,,,26456000000,16252000000,0.614,,16242000000,,,,,,,,,,,,true,false,6,2024-04-01,2024-09-30,0
2024-10-29,2393,2024-03-31,2,13779000000,0.087,,,,,999000000,0.038,1012000000,0.020,,681000000,,43.86,,,,,,,,,,,,,,,,,,,,,,true,false,6,2023-04-01,2023-09-30,-1
2024-10-29,2393,2025-03-31,2,31500000000,0.102,,,,,2500000000,0.150,2500000000,0.136,,1800000000,,115.85,,,,,,,,,,,,,,,,,,,,,,true,true,12,2024-04-01,2025-03-31,0
2024-10-29,2393,2024-03-31,2,,,,,,,,,,,,,,,,,,,,25401000000,16547000000,0.651,,16536000000,,,,,,,,,,,,true,false,12,2023-04-01,2024-03-31,-1
2024-10-29,2393,2024-03-31,2,,,,,,,,,,,,,,,,,,,,,,,,,,,,,70.00,,,,16342400,804706,,false,false,12,2023-04-01,2024-03-31,-1
2024-10-29,2393,2025-03-31,2,,,,,,,,,,,,,,,,,,,,,,,,,,,,,0.00,,,,,,,false,false,12,2024-04-01,2025-03-31,0
2024-10-29,2393,2025-03-31,2,,,,,,,,,,,,,,,,,,,,,,,,,,,,,70.00,,,,,,,false,true,12,2024-04-01,2025-03-31,0
2024-10-29,2393,2025-03-31,2,,,,,,,,,,,,,,,,,,,,,,,,,,,,,,,,,16237693,700027,15537678,false,false,6,2024-04-01,2024-09-30,0
2024-10-29,2393,2024-03-31,2,,,,,,,,,,,,,,,,,,,,,,,,,,,,,,,,,,,15537848,false,false,6,2023-04-01,2023-09-30,-1
2025-01-31,2393,2025-03-31,3,23847000000,0.130,,,,,1845000000,0.165,1876000000,0.169,,1247000000,,80.27,,,,,,26956000000,16714000000,0.620,,16704000000,,,,,,,,,,,,true,false,9,2024-04-01,2024-12-31,0
2025-01-31,2393,2024-03-31,3,21096000000,0.096,,,,,1583000000,-0.028,1605000000,-0.028,,1064000000,,68.51,,,,,,,,,,,,,,,,,,,,,,true,false,9,2023-04-01,2023-12-31,-1
2025-01-31,2393,2025-03-31,3,31500000000,0.102,,,,,2500000000,0.150,2500000000,0.136,,1800000000,,115.85,,,,,,,,,,,,,,,,,,,,,,true,true,12,2024-04-01,2025-03-31,0
2025-01-31,2393,2024-03-31,3,,,,,,,,,,,,,,,,,,,,25401000000,16547000000,0.651,,16536000000,,,,,,,,,,,,true,false,12,2023-04-01,2024-03-31,-1
2025-01-31,2393,2024-03-31,3,,,,,,,,,,,,,,,,,,,,,,,,,,,,,70.00,,,,16342400,804706,,false,false,12,2023-04-01,2024-03-31,-1
2025-01-31,2393,2025-03-31,3,,,,,,,,,,,,,,,,,,,,,,,,,,,,,0.00,,,,,,,false,false,12,2024-04-01,2025-03-31,0
2025-01-31,2393,2025-03-31,3,,,,,,,,,,,,,,,,,,,,,,,,,,,,,70.00,,,,,,,false,true,12,2024-04-01,2025-03-31,0
2025-01-31,2393,2025-03-31,3,,,,,,,,,,,,,,,,,,,,,,,,,,,,,,,,,16237693,700041,15537672,false,false,9,2024-04-01,2024-12-31,0
2025-01-31,2393,2024-03-31,3,,,,,,,,,,,,,,,,,,,,,,,,,,,,,,,,,,,15537833,false,false,9,2023-04-01,2023-12-31,-1
2025-05-08,2393,2025-03-31,,32006000000,0.119,,,,,2459000000,0.132,2485000000,0.130,,1792000000,,115.35,,0.105,0.095,0.077,,26712000000,17518000000,0.655,1126.87,17508000000,1389000000,-1170000000,-189000000,740000000,,0.607,,,,,,true,false,12,2024-04-01,2025-03-31,0
2025-05-08,2393,2024-03-31,,28592000000,0.104,,,,,2173000000,0.026,2200000000,0.027,,1578000000,,101.57,,0.097,0.091,0.076,,25401000000,16547000000,0.651,1064.29,16536000000,339000000,-775000000,-343000000,711000000,,0.689,,,,,,true,false,12,2023-04-01,2024-03-31,-1
2025-05-08,2393,2026-03-31,,34500000000,0.078,,,,,2650000000,0.078,2650000000,0.066,,1900000000,,122.28,,,,,,,,,,,,,,,,0.589,,,,,,true,true,12,2025-04-01,2026-03-31,1
2025-05-08,2393,2024-03-31,,,,,,,,,,,,,,,,,,,,,,,,,,,,,,70.00,,,,16342400,804706,15537809,false,false,12,2023-04-01,2024-03-31,-1
2025-05-08,2393,2025-03-31,,,,,,,,,,,,,,,,,,,,,,,,,,,,,,70.00,,,,16237693,699918,15537678,false,false,12,2024-04-01,2025-03-31,0
2025-05-08,2393,2026-03-31,,,,,,,,,,,,,,,,,,,,,,,,,,,,,,72.00,,,,,,,false,true,12,2025-04-01,2026-03-31,1
