filing_date,code,fiscal_year_end,quarterly_period,net_sales,net_sales_change,revenue,revenue_change,operating_revenue,operating_revenue_change,operating_profit,operating_profit_change,ordinary_profit,ordinary_profit_change,net_income,net_income_of_parent,net_income_change,eps,diluted_eps,roe,roa,operating_profit_to_net_sales,operating_profit_to_revenue,total_assets,net_assets,equity_ratio,bps,owner_equity,operating_cash_flow,investing_cash_flow,financing_cash_flow,cash,dividend_per_share,payout_ratio,commemorative_dividend,extra_dividend,number_of_shares,number_of_treqsury_shares,avg_number_of_shares,is_consolidated,is_forecast,duration,period_start,period_end,period_pos
2015-05-11,24100,2015-09-30,2,3713000000,0.251,,,,,414000000,-0.032,414000000,-0.035,254000000,,-0.350,37.28,,,,,,3673000000,2276000000,0.595,319.62,2184000000,,,,,,,,,,,,true,false,6,2014-10-01,2015-03-31,0
2015-05-11,24100,2014-09-30,2,2967000000,,,,,,427000000,,429000000,,391000000,,,57.34,57.33,,,,,,,,,,,,,,,,,,,,,true,false,6,2013-10-01,2014-03-31,-1
2015-05-11,24100,2015-09-30,2,7174000000,0.154,,,,,510000000,-0.307,503000000,-0.318,301000000,,-0.583,44.05,,,,,,,,,,,,,,,,,,,,,,true,true,12,2014-10-01,2015-09-30,0
2015-05-11,24100,2014-09-30,2,,,,,,,,,,,,,,,,,,,,3455000000,2187000000,0.606,306.61,2095000000,,,,,,,,,,,,true,false,12,2013-10-01,2014-09-30,-1
2015-05-11,24100,2014-09-30,2,,,,,,,,,,,,,,,,,,,,,,,,,,,,,25.00,,,,7054400,220200,,false,false,12,2013-10-01,2014-09-30,-1
2015-05-11,24100,2015-09-30,2,,,,,,,,,,,,,,,,,,,,,,,,,,,,,0.00,,,,,,,false,false,12,2014-10-01,2015-09-30,0
2015-05-11,24100,2015-09-30,2,,,,,,,,,,,,,,,,,,,,,,,,,,,,,30.00,,,,,,,false,true,12,2014-10-01,2015-09-30,0
2015-05-11,24100,2015-09-30,2,,,,,,,,,,,,,,,,,,,,,,,,,,,,,,,,,7054400,220200,6834200,false,false,6,2014-10-01,2015-03-31,0
2015-05-11,24100,2014-09-30,2,,,,,,,,,,,,,,,,,,,,,,,,,,,,,,,,,,,6834200,false,false,6,2013-10-01,2014-03-31,-1
2015-08-05,24100,2015-09-30,3,5674000000,0.247,,,,,581000000,-0.113,581000000,-0.114,356000000,,-0.400,52.10,52.08,,,,,3706000000,2377000000,0.617,334.44,2285000000,,,,,,,,,,,,true,false,9,2014-10-01,2015-06-30,0
2015-08-05,24100,2014-09-30,3,4550000000,,,,,,655000000,,656000000,,593000000,,,86.82,86.75,,,,,,,,,,,,,,,,,,,,,true,false,9,2013-10-01,2014-06-30,-1
2015-08-05,24100,2015-09-30,3,7613000000,0.225,,,,,600000000,-0.186,600000000,-0.187,360000000,,-0.501,52.68,,,,,,,,,,,,,,,,,,,,,,true,true,12,2014-10-01,2015-09-30,0
2015-08-05,24100,2014-09-30,3,,,,,,,,,,,,,,,,,,,,3455000000,2187000000,0.606,306.61,2095000000,,,,,,,,,,,,true,false,12,2013-10-01,2014-09-30,-1
2015-08-05,24100,2014-09-30,3,,,,,,,,,,,,,,,,,,,,,,,,,,,,,25.00,,,,7054400,220200,,false,false,12,2013-10-01,2014-09-30,-1
2015-08-05,24100,2015-09-30,3,,,,,,,,,,,,,,,,,,,,,,,,,,,,,0.00,,,,,,,false,false,12,2014-10-01,2015-09-30,0
2015-08-05,24100,2015-09-30,3,,,,,,,,,,,,,,,,,,,,,,,,,,,,,30.00,,,,,,,false,true,12,2014-10-01,2015-09-30,0
2015-08-05,24100,2015-09-30,3,,,,,,,,,,,,,,,,,,,,,,,,,,,,,,,,,7054400,220200,6834200,false,false,9,2014-10-01,2015-06-30,0
2015-08-05,24100,2014-09-30,3,,,,,,,,,,,,,,,,,,,,,,,,,,,,,,,,,,,6834200,false,false,9,2013-10-01,2014-06-30,-1
2015-11-11,24100,2015-09-30,,7621000000,0.226,,,,,628000000,-0.147,630000000,-0.146,409000000,,-0.432,59.96,59.86,0.185,0.170,0.082,,3971000000,2426000000,0.588,341.54,2334000000,696000000,-176000000,-208000000,1966000000,,0.500,,,,,,true,false,12,2014-10-01,2015-09-30,0
2015-11-11,24100,2014-09-30,,6217000000,,,,,,736000000,,738000000,,721000000,,,105.61,105.47,0.393,0.238,0.118,,3455000000,2187000000,0.606,306.61,2095000000,963000000,-456000000,-297000000,1654000000,,0.237,,,,,,true,false,12,2013-10-01,2014-09-30,-1
2015-11-11,24100,2016-09-30,,4112000000,0.107,,,,,301000000,-0.273,301000000,-0.273,,188000000,,27.52,,,,,,,,,,,,,,,,,,,,,,true,true,6,2015-10-01,2016-03-31,1
2015-11-11,24100,2016-09-30,,8766000000,0.150,,,,,1000000000,0.592,1000000000,0.586,,655000000,,95.93,,,,,,,,,,,,,,,,0.313,,,,,,true,true,12,2015-10-01,2016-09-30,1
2015-11-11,24100,2015-09-30,,5727000000,0.107,,,,,536000000,-0.258,540000000,-0.256,349000000,,-0.511,51.21,51.12,,,,,3597000000,2325000000,0.621,326.81,2233000000,,,,,30.00,,,,7054400,220200,6834200,false,false,12,2014-10-01,2015-09-30,0
2015-11-11,24100,2014-09-30,,5175000000,0.013,,,,,722000000,0.444,725000000,0.443,715000000,,0.680,104.69,104.56,,,,,3215000000,2141000000,0.637,299.87,2049000000,,,,,25.00,,,,7054400,220200,6834200,false,false,12,2013-10-01,2014-09-30,-1
2015-11-11,24100,2016-09-30,,3099000000,0.101,,,,,,,252000000,-0.286,155000000,,-0.289,22.73,,,,,,,,,,,,,,,,,,,,,,false,true,6,2015-10-01,2016-03-31,1
2015-11-11,24100,2016-09-30,,6568000000,0.147,,,,,,,899000000,0.664,588000000,,0.681,86.06,,,,,,,,,,,,,,,30.00,,,,,,,false,true,12,2015-10-01,2016-09-30,1
2016-01-29,24100,2016-09-30,1,1904000000,0.064,,,,,96000000,-0.658,97000000,-0.652,,56000000,,8.31,8.27,,,,,3446000000,2279000000,0.635,320.04,2187000000,,,,,,,,,,,,true,false,3,2015-10-01,2015-12-31,0
2016-01-29,24100,2015-09-30,1,1791000000,0.176,,,,,281000000,0.049,281000000,0.051,,178000000,,26.07,,,,,,,,,,,,,,,,,,,,,,true,false,3,2014-10-01,2014-12-31,-1
2016-01-29,24100,2016-09-30,1,4112000000,0.107,,,,,301000000,-0.273,301000000,-0.273,,188000000,,27.52,,,,,,,,,,,,,,,,,,,,,,true,true,6,2015-10-01,2016-03-31,0
2016-01-29,24100,2016-09-30,1,8766000000,0.150,,,,,1000000000,0.592,1000000000,0.586,,655000000,,95.93,,,,,,,,,,,,,,,,,,,,,,true,true,12,2015-10-01,2016-09-30,0
2016-01-29,24100,2015-09-30,1,,,,,,,,,,,,,,,,,,,,3971000000,2426000000,0.588,341.54,2334000000,,,,,,,,,,,,true,false,12,2014-10-01,2015-09-30,-1
2016-01-29,24100,2015-09-30,1,,,,,,,,,,,,,,,,,,,,,,,,,,,,,30.00,,,,7054400,220200,,false,false,12,2014-10-01,2015-09-30,-1
2016-01-29,24100,2016-09-30,1,,,,,,,,,,,,,,,,,,,,,,,,,,,,,30.00,,,,,,,false,true,12,2015-10-01,2016-09-30,0
2016-01-29,24100,2016-09-30,1,,,,,,,,,,,,,,,,,,,,,,,,,,,,,,,,,7054400,220200,6834200,false,false,3,2015-10-01,2015-12-31,0
2016-01-29,24100,2015-09-30,1,,,,,,,,,,,,,,,,,,,,,,,,,,,,,,,,,,,6834200,false,false,3,2014-10-01,2014-12-31,-1
2016-03-15,24100,2016-09-30,,4078000000,-0.008,,,,,365000000,0.212,365000000,0.212,,245000000,,35.85,,,,,,,,,,,,,,,,,,,,,,true,true,6,2015-10-01,2016-03-31,0
2016-03-15,24100,2015-09-30,,3713000000,,,,,,414000000,,414000000,,,254000000,,57.34,,,,,,,,,,,,,,,,,,,,,,true,false,6,2014-10-01,2015-03-31,-1
2016-04-28,24100,2016-09-30,2,4094000000,0.103,,,,,400000000,-0.033,404000000,-0.024,,256000000,,37.51,37.43,,,,,3841000000,2480000000,0.622,349.43,2388000000,,,,,,,,,,,,true,false,6,2015-10-01,2016-03-31,0
2016-04-28,24100,2015-09-30,2,3713000000,0.251,,,,,414000000,-0.032,414000000,-0.035,,254000000,,37.28,,,,,,,,,,,,,,,,,,,,,,true,false,6,2014-10-01,2015-03-31,-1
2016-04-28,24100,2016-09-30,2,8766000000,0.150,,,,,1000000000,0.592,1000000000,0.586,,655000000,,95.93,,,,,,,,,,,,,,,,,,,,,,true,true,12,2015-10-01,2016-09-30,0
2016-04-28,24100,2015-09-30,2,,,,,,,,,,,,,,,,,,,,3971000000,2426000000,0.588,341.54,2334000000,,,,,,,,,,,,true,false,12,2014-10-01,2015-09-30,-1
2016-04-28,24100,2015-09-30,2,,,,,,,,,,,,,,,,,,,,,,,,,,,,,30.00,,,,7054400,220200,,false,false,12,2014-10-01,2015-09-30,-1
2016-04-28,24100,2016-09-30,2,,,,,,,,,,,,,,,,,,,,,,,,,,,,,0.00,,,,,,,false,false,12,2015-10-01,2016-09-30,0
2016-04-28,24100,2016-09-30,2,,,,,,,,,,,,,,,,,,,,,,,,,,,,,30.00,,,,,,,false,true,12,2015-10-01,2016-09-30,0
2016-04-28,24100,2016-09-30,2,,,,,,,,,,,,,,,,,,,,,,,,,,,,,,,,,7054400,220200,6834200,false,false,6,2015-10-01,2016-03-31,0
2016-04-28,24100,2015-09-30,2,,,,,,,,,,,,,,,,,,,,,,,,,,,,,,,,,,,6834200,false,false,6,2014-10-01,2015-03-31,-1
2016-07-29,24100,2016-09-30,3,6267000000,0.105,,,,,650000000,0.120,655000000,0.126,,411000000,,60.17,60.11,,,,,4006000000,2636000000,0.635,372.28,2544000000,,,,,,,,,,,,true,false,9,2015-10-01,2016-06-30,0
2016-07-29,24100,2015-09-30,3,5674000000,0.247,,,,,581000000,-0.113,581000000,-0.114,,356000000,,52.10,52.08,,,,,,,,,,,,,,,,,,,,,true,false,9,2014-10-01,2015-06-30,-1
2016-07-29,24100,2016-09-30,3,8766000000,0.150,,,,,1000000000,0.592,1000000000,0.586,,655000000,,95.93,,,,,,,,,,,,,,,,,,,,,,true,true,12,2015-10-01,2016-09-30,0
2016-07-29,24100,2015-09-30,3,,,,,,,,,,,,,,,,,,,,3971000000,2426000000,0.588,341.54,2334000000,,,,,,,,,,,,true,false,12,2014-10-01,2015-09-30,-1
2016-07-29,24100,2015-09-30,3,,,,,,,,,,,,,,,,,,,,,,,,,,,,,30.00,,,,7054400,220200,,false,false,12,2014-10-01,2015-09-30,-1
2016-07-29,24100,2016-09-30,3,,,,,,,,,,,,,,,,,,,,,,,,,,,,,0.00,,,,,,,false,false,12,2015-10-01,2016-09-30,0
2016-07-29,24100,2016-09-30,3,,,,,,,,,,,,,,,,,,,,,,,,,,,,,30.00,,,,,,,false,true,12,2015-10-01,2016-09-30,0
2016-07-29,24100,2016-09-30,3,,,,,,,,,,,,,,,,,,,,,,,,,,,,,,,,,7054400,220200,6834200,false,false,9,2015-10-01,2016-06-30,0
2016-07-29,24100,2015-09-30,3,,,,,,,,,,,,,,,,,,,,,,,,,,,,,,,,,,,6834200,false,false,9,2014-10-01,2015-06-30,-1
2016-11-14,24100,2016-09-30,,8569000000,0.124,,,,,1005000000,0.600,1009000000,0.601,,674000000,,98.81,98.77,0.265,0.241,0.117,,4401000000,2857000000,0.628,407.08,2765000000,689000000,-261000000,-209000000,2185000000,,0.304,,,,,,true,false,12,2015-10-01,2016-09-30,0
2016-11-14,24100,2015-09-30,,7621000000,0.226,,,,,628000000,-0.147,630000000,-0.146,,409000000,,59.96,59.86,0.185,0.170,0.082,,3971000000,2426000000,0.588,341.54,2334000000,696000000,-176000000,-208000000,1966000000,,0.500,,,,,,true,false,12,2014-10-01,2015-09-30,-1
2016-11-14,24100,2017-09-30,,4625000000,0.130,,,,,442000000,0.104,442000000,0.093,,282000000,,41.51,,,,,,,,,,,,,,,,,,,,,,true,true,6,2016-10-01,2017-03-31,1
2016-11-14,24100,2017-09-30,,9771000000,0.140,,,,,1156000000,0.150,1156000000,0.145,,739000000,,108.77,,,,,,,,,,,,,,,,0.303,,,,,,true,true,12,2016-10-01,2017-09-30,1
2016-11-14,24100,2016-09-30,,6392000000,0.116,,,,,908000000,0.693,913000000,0.691,611000000,,0.747,89.57,89.54,,,,,3992000000,2691000000,0.651,382.55,2599000000,,,,,30.00,,,,7054400,260210,6827533,false,false,12,2015-10-01,2016-09-30,0
2016-11-14,24100,2015-09-30,,5727000000,0.107,,,,,536000000,-0.258,540000000,-0.256,349000000,,-0.511,51.21,51.12,,,,,3597000000,2325000000,0.621,326.81,2233000000,,,,,30.00,,,,7054400,220200,6834200,false,false,12,2014-10-01,2015-09-30,-1
2016-11-14,24100,2017-09-30,,3402000000,0.103,,,,,,,391000000,0.079,250000000,,0.088,36.80,,,,,,,,,,,,,,,,,,,,,,false,true,6,2016-10-01,2017-03-31,1
2016-11-14,24100,2017-09-30,,7169000000,0.122,,,,,,,1048000000,0.147,670000000,,0.096,98.61,,,,,,,,,,,,,,,33.00,,,,,,,false,true,12,2016-10-01,2017-09-30,1
2017-01-31,24100,2017-09-30,1,2172000000,0.140,,,,,111000000,0.161,112000000,0.149,,70000000,,10.38,10.36,,,,,4091000000,2724000000,0.644,387.54,2633000000,,,,,,,,,,,,true,false,3,2016-10-01,2016-12-31,0
2017-01-31,24100,2016-09-30,1,1904000000,0.064,,,,,96000000,-0.658,97000000,-0.652,,56000000,,8.31,8.27,,,,,,,,,,,,,,,,,,,,,true,false,3,2015-10-01,2015-12-31,-1
2017-01-31,24100,2017-09-30,1,4625000000,0.130,,,,,442000000,0.104,442000000,0.093,,282000000,,41.51,,,,,,,,,,,,,,,,,,,,,,true,true,6,2016-10-01,2017-03-31,0
2017-01-31,24100,2017-09-30,1,9771000000,0.140,,,,,1156000000,0.150,1156000000,0.145,,739000000,,108.77,,,,,,,,,,,,,,,,,,,,,,true,true,12,2016-10-01,2017-09-30,0
2017-01-31,24100,2016-09-30,1,,,,,,,,,,,,,,,,,,,,4401000000,2857000000,0.628,407.08,2765000000,,,,,,,,,,,,true,false,12,2015-10-01,2016-09-30,-1
2017-01-31,24100,2016-09-30,1,,,,,,,,,,,,,,,,,,,,,,,,,,,,,30.00,,,,7054400,260210,,false,false,12,2015-10-01,2016-09-30,-1
2017-01-31,24100,2017-09-30,1,,,,,,,,,,,,,,,,,,,,,,,,,,,,,33.00,,,,,,,false,true,12,2016-10-01,2017-09-30,0
2017-01-31,24100,2017-09-30,1,,,,,,,,,,,,,,,,,,,,,,,,,,,,,,,,,7054400,260210,6794190,false,false,3,2016-10-01,2016-12-31,0
2017-01-31,24100,2016-09-30,1,,,,,,,,,,,,,,,,,,,,,,,,,,,,,,,,,,,6834200,false,false,3,2015-10-01,2015-12-31,-1
2017-04-28,24100,2017-09-30,2,4670000000,0.141,,,,,442000000,0.104,445000000,0.101,,294000000,,43.37,43.25,,,,,4468000000,2949000000,0.640,420.62,2857000000,,,,,,,,,,,,true,false,6,2016-10-01,2017-03-31,0
2017-04-28,24100,2016-09-30,2,4094000000,0.103,,,,,400000000,-0.033,404000000,-0.024,,256000000,,37.51,37.43,,,,,,,,,,,,,,,,,,,,,true,false,6,2015-10-01,2016-03-31,-1
2017-04-28,24100,2017-09-30,2,9771000000,0.140,,,,,1156000000,0.150,1156000000,0.145,,739000000,,108.77,,,,,,,,,,,,,,,,,,,,,,true,true,12,2016-10-01,2017-09-30,0
2017-04-28,24100,2016-09-30,2,,,,,,,,,,,,,,,,,,,,4401000000,2857000000,0.628,407.08,2765000000,,,,,,,,,,,,true,false,12,2015-10-01,2016-09-30,-1
2017-04-28,24100,2016-09-30,2,,,,,,,,,,,,,,,,,,,,,,,,,,,,,30.00,,,,7054400,260210,,false,false,12,2015-10-01,2016-09-30,-1
2017-04-28,24100,2017-09-30,2,,,,,,,,,,,,,,,,,,,,,,,,,,,,,0.00,,,,,,,false,false,12,2016-10-01,2017-09-30,0
2017-04-28,24100,2017-09-30,2,,,,,,,,,,,,,,,,,,,,,,,,,,,,,33.00,,,,,,,false,true,12,2016-10-01,2017-09-30,0
2017-04-28,24100,2017-09-30,2,,,,,,,,,,,,,,,,,,,,,,,,,,,,,,,,,7054400,260210,6794190,false,false,6,2016-10-01,2017-03-31,0
2017-04-28,24100,2016-09-30,2,,,,,,,,,,,,,,,,,,,,,,,,,,,,,,,,,,,6834200,false,false,6,2015-10-01,2016-03-31,-1
2017-07-31,24100,2017-09-30,3,7203000000,0.149,,,,,707000000,0.086,711000000,0.086,,466000000,,68.73,68.47,,,,,4509000000,3122000000,0.672,446.06,3030000000,,,,,,,,,,,,true,false,9,2016-10-01,2017-06-30,0
2017-07-31,24100,2016-09-30,3,6267000000,0.105,,,,,650000000,0.120,655000000,0.126,,411000000,,60.17,60.11,,,,,,,,,,,,,,,,,,,,,true,false,9,2015-10-01,2016-06-30,-1
2017-07-31,24100,2017-09-30,3,9771000000,0.140,,,,,1156000000,0.150,1156000000,0.145,,739000000,,108.77,,,,,,,,,,,,,,,,,,,,,,true,true,12,2016-10-01,2017-09-30,0
2017-07-31,24100,2016-09-30,3,,,,,,,,,,,,,,,,,,,,4401000000,2857000000,0.628,407.08,2765000000,,,,,,,,,,,,true,false,12,2015-10-01,2016-09-30,-1
2017-07-31,24100,2016-09-30,3,,,,,,,,,,,,,,,,,,,,,,,,,,,,,30.00,,,,7054400,260210,,false,false,12,2015-10-01,2016-09-30,-1
2017-07-31,24100,2017-09-30,3,,,,,,,,,,,,,,,,,,,,,,,,,,,,,0.00,,,,,,,false,false,12,2016-10-01,2017-09-30,0
2017-07-31,24100,2017-09-30,3,,,,,,,,,,,,,,,,,,,,,,,,,,,,,33.00,,,,,,,false,true,12,2016-10-01,2017-09-30,0
2017-07-31,24100,2017-09-30,3,,,,,,,,,,,,,,,,,,,,,,,,,,,,,,,,,7054400,260210,6794190,false,false,9,2016-10-01,2017-06-30,0
2017-07-31,24100,2016-09-30,3,,,,,,,,,,,,,,,,,,,,,,,,,,,,,,,,,,,6834200,false,false,9,2015-10-01,2016-06-30,-1
2017-11-14,24100,2017-09-30,,9893000000,0.154,,,,,1153000000,0.148,1158000000,0.148,,802000000,,118.52,117.92,0.269,0.246,0.117,,5025000000,3292000000,0.637,479.58,3202000000,941000000,-325000000,-445000000,2355000000,,0.321,,,,,,true,false,12,2016-10-01,2017-09-30,0
2017-11-14,24100,2016-09-30,,8569000000,0.124,,,,,1005000000,0.600,1009000000,0.601,,674000000,,98.81,98.77,0.265,0.241,0.117,,4401000000,2857000000,0.628,407.08,2765000000,689000000,-261000000,-209000000,2185000000,,0.304,,,,,,true,false,12,2015-10-01,2016-09-30,-1
2017-11-14,24100,2018-09-30,,5195000000,0.112,,,,,340000000,-0.231,340000000,-0.237,,221000000,,33.09,,,,,,,,,,,,,,,,,,,,,,true,true,6,2017-10-01,2018-03-31,1
2017-11-14,24100,2018-09-30,,11000000000,0.112,,,,,1300000000,0.127,1300000000,0.122,,845000000,,126.52,,,,,,,,,,,,,,,,0.305,,,,,,true,true,12,2017-10-01,2018-09-30,1
2017-11-14,24100,2017-09-30,,7225000000,0.130,,,,,1011000000,0.114,1016000000,0.113,706000000,,0.156,104.36,103.83,,,,,4411000000,3033000000,0.667,440.84,2944000000,,,,,38.00,,,,7054400,375810,6774348,false,false,12,2016-10-01,2017-09-30,0
2017-11-14,24100,2016-09-30,,6392000000,0.116,,,,,908000000,0.693,913000000,0.691,611000000,,0.747,89.57,89.54,,,,,3992000000,2691000000,0.651,382.55,2599000000,,,,,30.00,,,,7054400,260210,6827533,false,false,12,2015-10-01,2016-09-30,-1
2017-11-14,24100,2018-09-30,,3770000000,0.112,,,,,,,290000000,-0.230,185000000,,-0.260,27.70,,,,,,,,,,,,,,,,,,,,,,false,true,6,2017-10-01,2018-03-31,1
2017-11-14,24100,2018-09-30,,7982000000,0.105,,,,,,,1182000000,0.163,757000000,,0.071,113.35,,,,,,,,,,,,,,,38.00,,,,,,,false,true,12,2017-10-01,2018-09-30,1
2018-02-09,24100,2018-09-30,1,2477000000,0.140,,,,,133000000,0.197,134000000,0.192,,82000000,,12.33,12.18,,,,,4601000000,3126000000,0.661,454.82,3039000000,,,,,,,,,,,,true,false,3,2017-10-01,2017-12-31,0
2018-02-09,24100,2017-09-30,1,2172000000,0.140,,,,,111000000,0.161,112000000,0.149,,70000000,,10.38,10.36,,,,,,,,,,,,,,,,,,,,,true,false,3,2016-10-01,2016-12-31,-1
2018-02-09,24100,2018-09-30,1,5195000000,0.112,,,,,340000000,-0.231,340000000,-0.237,,221000000,,33.09,,,,,,,,,,,,,,,,,,,,,,true,true,6,2017-10-01,2018-03-31,0
2018-02-09,24100,2018-09-30,1,11000000000,0.112,,,,,1300000000,0.127,1300000000,0.122,,845000000,,126.52,,,,,,,,,,,,,,,,,,,,,,true,true,12,2017-10-01,2018-09-30,0
2018-02-09,24100,2017-09-30,1,,,,,,,,,,,,,,,,,,,,5025000000,3292000000,0.637,479.58,3202000000,,,,,,,,,,,,true,false,12,2016-10-01,2017-09-30,-1
2018-02-09,24100,2017-09-30,1,,,,,,,,,,,,,,,,,,,,,,,,,,,,,38.00,,,,7054400,375810,,false,false,12,2016-10-01,2017-09-30,-1
2018-02-09,24100,2018-09-30,1,,,,,,,,,,,,,,,,,,,,,,,,,,,,,38.00,,,,,,,false,true,12,2017-10-01,2018-09-30,0
2018-02-09,24100,2018-09-30,1,,,,,,,,,,,,,,,,,,,,,,,,,,,,,,,,,7054400,370610,6680481,false,false,3,2017-10-01,2017-12-31,0
2018-02-09,24100,2017-09-30,1,,,,,,,,,,,,,,,,,,,,,,,,,,,,,,,,,,,6794190,false,false,3,2016-10-01,2016-12-31,-1
2018-04-27,24100,2018-09-30,2,5231000000,0.120,,,,,384000000,-0.130,386000000,-0.133,,250000000,,37.50,37.02,,,,,4902000000,3304000000,0.657,481.36,3220000000,,,,,,,,,,,,true,false,6,2017-10-01,2018-03-31,0
2018-04-27,24100,2017-09-30,2,4670000000,0.141,,,,,442000000,0.104,445000000,0.101,,294000000,,43.37,43.25,,,,,,,,,,,,,,,,,,,,,true,false,6,2016-10-01,2017-03-31,-1
2018-04-27,24100,2018-09-30,2,11000000000,0.112,,,,,1300000000,0.127,1300000000,0.122,,845000000,,126.52,,,,,,,,,,,,,,,,,,,,,,true,true,12,2017-10-01,2018-09-30,0
2018-04-27,24100,2017-09-30,2,,,,,,,,,,,,,,,,,,,,5025000000,3292000000,0.637,479.58,3202000000,,,,,,,,,,,,true,false,12,2016-10-01,2017-09-30,-1
2018-04-27,24100,2017-09-30,2,,,,,,,,,,,,,,,,,,,,,,,,,,,,,38.00,,,,7054400,375810,,false,false,12,2016-10-01,2017-09-30,-1
2018-04-27,24100,2018-09-30,2,,,,,,,,,,,,,,,,,,,,,,,,,,,,,0.00,,,,,,,false,false,12,2017-10-01,2018-09-30,0
2018-04-27,24100,2018-09-30,2,,,,,,,,,,,,,,,,,,,,,,,,,,,,,38.00,,,,,,,false,true,12,2017-10-01,2018-09-30,0
2018-04-27,24100,2018-09-30,2,,,,,,,,,,,,,,,,,,,,,,,,,,,,,,,,,7054400,363410,6684155,false,false,6,2017-10-01,2018-03-31,0
2018-04-27,24100,2017-09-30,2,,,,,,,,,,,,,,,,,,,,,,,,,,,,,,,,,,,6794190,false,false,6,2016-10-01,2017-03-31,-1
2018-07-31,24100,2018-09-30,3,7988000000,0.109,,,,,652000000,-0.077,654000000,-0.079,,431000000,,64.49,63.68,,,,,4962000000,3492000000,0.688,509.50,3412000000,,,,,,,,,,,,true,false,9,2017-10-01,2018-06-30,0
2018-07-31,24100,2017-09-30,3,7203000000,0.149,,,,,707000000,0.086,711000000,0.086,,466000000,,68.73,68.47,,,,,,,,,,,,,,,,,,,,,true,false,9,2016-10-01,2017-06-30,-1
2018-07-31,24100,2018-09-30,3,11000000000,0.112,,,,,1300000000,0.127,1300000000,0.122,,845000000,,126.52,,,,,,,,,,,,,,,,,,,,,,true,true,12,2017-10-01,2018-09-30,0
2018-07-31,24100,2017-09-30,3,,,,,,,,,,,,,,,,,,,,5025000000,3292000000,0.637,479.58,3202000000,,,,,,,,,,,,true,false,12,2016-10-01,2017-09-30,-1
2018-07-31,24100,2017-09-30,3,,,,,,,,,,,,,,,,,,,,,,,,,,,,,38.00,,,,7054400,375810,,false,false,12,2016-10-01,2017-09-30,-1
2018-07-31,24100,2018-09-30,3,,,,,,,,,,,,,,,,,,,,,,,,,,,,,0.00,,,,,,,false,false,12,2017-10-01,2018-09-30,0
2018-07-31,24100,2018-09-30,3,,,,,,,,,,,,,,,,,,,,,,,,,,,,,38.00,,,,,,,false,true,12,2017-10-01,2018-09-30,0
2018-07-31,24100,2018-09-30,3,,,,,,,,,,,,,,,,,,,,,,,,,,,,,,,,,7054400,357410,6687538,false,false,9,2017-10-01,2018-06-30,0
2018-07-31,24100,2017-09-30,3,,,,,,,,,,,,,,,,,,,,,,,,,,,,,,,,,,,6794190,false,false,9,2016-10-01,2017-06-30,-1
2018-11-14,24100,2018-09-30,,10975000000,0.109,,,,,1166000000,0.011,1169000000,0.010,,802000000,,119.92,118.52,0.229,0.220,0.106,,5610000000,3881000000,0.679,567.41,3809000000,1001000000,-267000000,-257000000,2832000000,,0.317,,,,,,true,false,12,2017-10-01,2018-09-30,0
2018-11-14,24100,2017-09-30,,9893000000,0.154,,,,,1153000000,0.148,1158000000,0.148,,802000000,,118.52,117.92,0.269,0.246,0.117,,5025000000,3292000000,0.637,479.58,3202000000,941000000,-325000000,-445000000,2355000000,,0.321,,,,,,true,false,12,2016-10-01,2017-09-30,-1
2018-11-14,24100,2019-09-30,,5786000000,0.106,,,,,264000000,-0.314,264000000,-0.316,,182000000,,27.11,,,,,,,,,,,,,,,,,,,,,,true,true,6,2018-10-01,2019-03-31,1
2018-11-14,24100,2019-09-30,,12140000000,0.106,,,,,1000000000,-0.143,1000000000,-0.145,,690000000,,102.76,,,,,,,,,,,,,,,,0.438,,,,,,true,true,12,2018-10-01,2019-09-30,1
2018-11-14,24100,2018-09-30,,7667000000,0.061,,,,,993000000,-0.018,997000000,-0.019,691000000,,-0.021,103.36,102.16,,,,,4812000000,3508000000,0.714,511.90,3437000000,,,,,38.00,,,,7054400,339810,6693038,false,false,12,2017-10-01,2018-09-30,0
2018-11-14,24100,2017-09-30,,7225000000,0.130,,,,,1011000000,0.114,1016000000,0.113,706000000,,0.156,104.36,103.83,,,,,4411000000,3033000000,0.667,440.84,2944000000,,,,,38.00,,,,7054400,375810,6774348,false,false,12,2016-10-01,2017-09-30,-1
2018-11-14,24100,2019-09-30,,3983000000,0.078,,,,,,,174000000,-0.449,120000000,,-0.421,17.87,,,,,,,,,,,,,,,,,,,,,,false,true,6,2018-10-01,2019-03-31,1
2018-11-14,24100,2019-09-30,,8376000000,0.092,,,,,,,820000000,-0.177,566000000,,-0.182,84.29,,,,,,,,,,,,,,,45.00,,,,,,,false,true,12,2018-10-01,2019-09-30,1
2019-01-31,24100,2019-09-30,1,2801000000,0.131,,,,,98000000,-0.265,105000000,-0.216,,66000000,,9.86,9.80,,,,,5281000000,3697000000,0.687,540.09,3628000000,,,,,,,,,,,,true,false,3,2018-10-01,2018-12-31,0
2019-01-31,24100,2018-09-30,1,2477000000,0.140,,,,,133000000,0.197,134000000,0.192,,82000000,,12.33,12.18,,,,,,,,,,,,,,,,,,,,,true,false,3,2017-10-01,2017-12-31,-1
2019-01-31,24100,2019-09-30,1,5786000000,0.106,,,,,264000000,-0.314,264000000,-0.316,,182000000,,27.11,,,,,,,,,,,,,,,,,,,,,,true,true,6,2018-10-01,2019-03-31,0
2019-01-31,24100,2019-09-30,1,12140000000,0.106,,,,,1000000000,-0.143,1000000000,-0.145,,690000000,,102.76,,,,,,,,,,,,,,,,,,,,,,true,true,12,2018-10-01,2019-09-30,0
2019-01-31,24100,2018-09-30,1,,,,,,,,,,,,,,,,,,,,5610000000,3881000000,0.679,567.41,3809000000,,,,,,,,,,,,true,false,12,2017-10-01,2018-09-30,-1
2019-01-31,24100,2018-09-30,1,,,,,,,,,,,,,,,,,,,,,,,,,,,,,38.00,,,,7054400,339810,,false,false,12,2017-10-01,2018-09-30,-1
2019-01-31,24100,2019-09-30,1,,,,,,,,,,,,,,,,,,,,,,,,,,,,,45.00,,,,,,,false,true,12,2018-10-01,2019-09-30,0
2019-01-31,24100,2019-09-30,1,,,,,,,,,,,,,,,,,,,,,,,,,,,,,,,,,7054400,335828,6716991,false,false,3,2018-10-01,2018-12-31,0
2019-01-31,24100,2018-09-30,1,,,,,,,,,,,,,,,,,,,,,,,,,,,,,,,,,,,6680481,false,false,3,2017-10-01,2017-12-31,-1
2019-03-19,24100,2019-09-30,,5821000000,0.006,,,,,317000000,0.200,317000000,0.200,,206000000,,29.20,,,,,,,,,,,,,,,,,,,,,,true,true,6,2018-10-01,2019-03-31,0
2019-03-19,24100,2018-09-30,,5231000000,,,,,,384000000,,386000000,,,250000000,,37.50,,,,,,,,,,,,,,,,,,,,,,true,false,6,2017-10-01,2018-03-31,-1
2019-04-16,24100,2019-09-30,,5880000000,0.010,,,,,403000000,0.271,409000000,0.290,,272000000,,38.57,,,,,,,,,,,,,,,,,,,,,,true,true,6,2018-10-01,2019-03-31,0
2019-04-16,24100,2018-09-30,,5231000000,,,,,,384000000,,386000000,,,250000000,,37.50,,,,,,,,,,,,,,,,,,,,,,true,false,6,2017-10-01,2018-03-31,-1
2019-04-26,24100,2019-09-30,2,5881000000,0.124,,,,,403000000,0.048,409000000,0.062,,272000000,,40.50,40.32,,,,,5707000000,3906000000,0.672,571.08,3837000000,,,,,,,,,,,,true,false,6,2018-10-01,2019-03-31,0
2019-04-26,24100,2018-09-30,2,5231000000,0.120,,,,,384000000,-0.130,386000000,-0.133,,250000000,,37.50,37.02,,,,,,,,,,,,,,,,,,,,,true,false,6,2017-10-01,2018-03-31,-1
2019-04-26,24100,2019-09-30,2,12140000000,0.106,,,,,1000000000,-0.143,1000000000,-0.145,,690000000,,102.76,,,,,,,,,,,,,,,,,,,,,,true,true,12,2018-10-01,2019-09-30,0
2019-04-26,24100,2018-09-30,2,,,,,,,,,,,,,,,,,,,,5610000000,3881000000,0.679,567.41,3809000000,,,,,,,,,,,,true,false,12,2017-10-01,2018-09-30,-1
2019-04-26,24100,2018-09-30,2,,,,,,,,,,,,,,,,,,,,,,,,,,,,,38.00,,,,7054400,339810,,false,false,12,2017-10-01,2018-09-30,-1
2019-04-26,24100,2019-09-30,2,,,,,,,,,,,,,,,,,,,,,,,,,,,,,0.00,,,,,,,false,false,12,2018-10-01,2019-09-30,0
2019-04-26,24100,2019-09-30,2,,,,,,,,,,,,,,,,,,,,,,,,,,,,,45.00,,,,,,,false,true,12,2018-10-01,2019-09-30,0
2019-04-26,24100,2019-09-30,2,,,,,,,,,,,,,,,,,,,,,,,,,,,,,,,,,7054400,333828,6718236,false,false,6,2018-10-01,2019-03-31,0
2019-04-26,24100,2018-09-30,2,,,,,,,,,,,,,,,,,,,,,,,,,,,,,,,,,,,6684155,false,false,6,2017-10-01,2018-03-31,-1
2019-07-31,24100,2019-09-30,3,8962000000,0.122,,,,,626000000,-0.039,636000000,-0.028,,488000000,,72.67,72.34,,,,,5829000000,4100000000,0.703,607.44,4100000000,,,,,,,,,,,,true,false,9,2018-10-01,2019-06-30,0
2019-07-31,24100,2018-09-30,3,7988000000,0.109,,,,,652000000,-0.077,654000000,-0.079,,431000000,,64.49,63.68,,,,,,,,,,,,,,,,,,,,,true,false,9,2017-10-01,2018-06-30,-1
2019-07-31,24100,2019-09-30,3,12140000000,0.106,,,,,1000000000,-0.143,1000000000,-0.145,,690000000,,102.76,,,,,,,,,,,,,,,,,,,,,,true,true,12,2018-10-01,2019-09-30,0
2019-07-31,24100,2018-09-30,3,,,,,,,,,,,,,,,,,,,,5610000000,3881000000,0.679,567.41,3809000000,,,,,,,,,,,,true,false,12,2017-10-01,2018-09-30,-1
2019-07-31,24100,2018-09-30,3,,,,,,,,,,,,,,,,,,,,,,,,,,,,,38.00,,,,7054400,339810,,false,false,12,2017-10-01,2018-09-30,-1
2019-07-31,24100,2019-09-30,3,,,,,,,,,,,,,,,,,,,,,,,,,,,,,0.00,,,,,,,false,false,12,2018-10-01,2019-09-30,0
2019-07-31,24100,2019-09-30,3,,,,,,,,,,,,,,,,,,,,,,,,,,,,,45.00,,,,,,,false,true,12,2018-10-01,2019-09-30,0
2019-07-31,24100,2019-09-30,3,,,,,,,,,,,,,,,,,,,,,,,,,,,,,,,,,7054400,304328,6725509,false,false,9,2018-10-01,2019-06-30,0
2019-07-31,24100,2018-09-30,3,,,,,,,,,,,,,,,,,,,,,,,,,,,,,,,,,,,6687538,false,false,9,2017-10-01,2018-06-30,-1
2019-11-13,24100,2019-09-30,,12154000000,0.107,,,,,995000000,-0.147,1003000000,-0.143,,721000000,,107.13,106.84,0.177,0.171,0.082,,6090000000,4325000000,0.710,640.74,4325000000,906000000,-407000000,-239000000,3092000000,,0.420,,,,,,true,false,12,2018-10-01,2019-09-30,0
2019-11-13,24100,2018-09-30,,10975000000,0.109,,,,,1166000000,0.011,1169000000,0.010,,802000000,,119.92,118.52,0.229,0.220,0.106,,5610000000,3881000000,0.679,567.41,3809000000,1001000000,-267000000,-257000000,2832000000,,0.317,,,,,,true,false,12,2017-10-01,2018-09-30,-1
2019-11-13,24100,2020-09-30,,6160000000,0.047,,,,,357000000,-0.113,357000000,-0.127,,246000000,,36.54,,,,,,,,,,,,,,,,,,,,,,true,true,6,2019-10-01,2020-03-31,1
2019-11-13,24100,2020-09-30,,13144000000,0.081,,,,,1250000000,0.256,1250000000,0.246,,862000000,,128.05,,,,,,,,,,,,,,,,0.351,,,,,,true,true,12,2019-10-01,2020-09-30,1
2019-11-13,24100,2019-09-30,,8205000000,0.070,,,,,768000000,-0.226,776000000,-0.222,573000000,,-0.171,85.22,84.99,,,,,5122000000,3809000000,0.744,564.43,3809000000,,,,,45.00,,,,7054400,304328,6731700,false,false,12,2018-10-01,2019-09-30,0
2019-11-13,24100,2018-09-30,,7667000000,0.061,,,,,993000000,-0.018,997000000,-0.019,691000000,,-0.021,103.36,102.16,,,,,4812000000,3508000000,0.714,511.90,3437000000,,,,,38.00,,,,7054400,339810,6693038,false,false,12,2017-10-01,2018-09-30,-1
2019-11-13,24100,2020-09-30,,4068000000,0.024,,,,,,,247000000,-0.156,170000000,,-0.133,25.25,,,,,,,,,,,,,,,,,,,,,,false,true,6,2019-10-01,2020-03-31,1
2019-11-13,24100,2020-09-30,,8640000000,0.053,,,,,,,1016000000,0.309,701000000,,0.222,104.13,,,,,,,,,,,,,,,45.00,,,,,,,false,true,12,2019-10-01,2020-09-30,1
2020-01-31,24100,2020-09-30,1,2961000000,0.057,,,,,86000000,-0.123,88000000,-0.162,,54000000,,8.09,,,,,,5800000000,4077000000,0.703,604.13,4077000000,,,,,,,,,,,,true,false,3,2019-10-01,2019-12-31,0
2020-01-31,24100,2019-09-30,1,2801000000,0.131,,,,,98000000,-0.265,105000000,-0.216,,66000000,,9.86,9.80,,,,,,,,,,,,,,,,,,,,,true,false,3,2018-10-01,2018-12-31,-1
2020-01-31,24100,2020-09-30,1,6160000000,0.047,,,,,357000000,-0.113,357000000,-0.127,,246000000,,36.54,,,,,,,,,,,,,,,,,,,,,,true,true,6,2019-10-01,2020-03-31,0
2020-01-31,24100,2020-09-30,1,13144000000,0.081,,,,,1250000000,0.256,1250000000,0.246,,862000000,,128.05,,,,,,,,,,,,,,,,,,,,,,true,true,12,2019-10-01,2020-09-30,0
2020-01-31,24100,2019-09-30,1,,,,,,,,,,,,,,,,,,,,6090000000,4325000000,0.710,640.74,4325000000,,,,,,,,,,,,true,false,12,2018-10-01,2019-09-30,-1
2020-01-31,24100,2019-09-30,1,,,,,,,,,,,,,,,,,,,,,,,,,,,,,45.00,,,,7054400,304328,,false,false,12,2018-10-01,2019-09-30,-1
2020-01-31,24100,2020-09-30,1,,,,,,,,,,,,,,,,,,,,,,,,,,,,,45.00,,,,,,,false,true,12,2019-10-01,2020-09-30,0
2020-01-31,24100,2020-09-30,1,,,,,,,,,,,,,,,,,,,,,,,,,,,,,,,,,7054400,304328,6750072,false,false,3,2019-10-01,2019-12-31,0
2020-01-31,24100,2019-09-30,1,,,,,,,,,,,,,,,,,,,,,,,,,,,,,,,,,,,6716991,false,false,3,2018-10-01,2018-12-31,-1
2020-04-30,24100,2020-09-30,2,6086000000,0.035,,,,,353000000,-0.123,358000000,-0.124,,237000000,,35.24,,,,,,6042000000,4263000000,0.706,631.57,4263000000,,,,,,,,,,,,true,false,6,2019-10-01,2020-03-31,0
2020-04-30,24100,2019-09-30,2,5881000000,0.124,,,,,403000000,0.048,409000000,0.062,,272000000,,40.50,40.32,,,,,,,,,,,,,,,,,,,,,true,false,6,2018-10-01,2019-03-31,-1
2020-04-30,24100,2019-09-30,2,,,,,,,,,,,,,,,,,,,,6090000000,4325000000,0.710,640.74,4325000000,,,,,,,,,,,,true,false,12,2018-10-01,2019-09-30,-1
2020-04-30,24100,2019-09-30,2,,,,,,,,,,,,,,,,,,,,,,,,,,,,,45.00,,,,7054400,304328,,false,false,12,2018-10-01,2019-09-30,-1
2020-04-30,24100,2020-09-30,2,,,,,,,,,,,,,,,,,,,,,,,,,,,,,0.00,,,,,,,false,false,12,2019-10-01,2020-09-30,0
2020-04-30,24100,2020-09-30,2,,,,,,,,,,,,,,,,,,,,,,,,,,,,,,,,,7054400,304328,6750072,false,false,6,2019-10-01,2020-03-31,0
2020-04-30,24100,2019-09-30,2,,,,,,,,,,,,,,,,,,,,,,,,,,,,,,,,,,,6718236,false,false,6,2018-10-01,2019-03-31,-1
2020-07-31,24100,2020-09-30,3,8634000000,-0.037,,,,,182000000,-0.709,202000000,-0.682,,125000000,,18.54,,,,,,5732000000,4152000000,0.724,615.17,4152000000,,,,,,,,,,,,true,false,9,2019-10-01,2020-06-30,0
2020-07-31,24100,2019-09-30,3,8962000000,0.122,,,,,626000000,-0.039,636000000,-0.028,,488000000,,72.67,72.34,,,,,,,,,,,,,,,,,,,,,true,false,9,2018-10-01,2019-06-30,-1
2020-07-31,24100,2019-09-30,3,,,,,,,,,,,,,,,,,,,,6090000000,4325000000,0.710,640.74,4325000000,,,,,,,,,,,,true,false,12,2018-10-01,2019-09-30,-1
2020-07-31,24100,2019-09-30,3,,,,,,,,,,,,,,,,,,,,,,,,,,,,,45.00,,,,7054400,304328,,false,false,12,2018-10-01,2019-09-30,-1
2020-07-31,24100,2020-09-30,3,,,,,,,,,,,,,,,,,,,,,,,,,,,,,0.00,,,,,,,false,false,12,2019-10-01,2020-09-30,0
2020-07-31,24100,2020-09-30,3,,,,,,,,,,,,,,,,,,,,,,,,,,,,,,,,,7054400,304328,6750072,false,false,9,2019-10-01,2020-06-30,0
2020-07-31,24100,2019-09-30,3,,,,,,,,,,,,,,,,,,,,,,,,,,,,,,,,,,,6725509,false,false,9,2018-10-01,2019-06-30,-1
2020-09-25,24100,2020-09-30,,10930000000,,,,,,-330000000,,-330000000,,,-450000000,,,,,,,,,,,,,,,,,,,,,,,,true,true,12,2019-10-01,2020-09-30,0
2020-09-25,24100,2019-09-30,,12154000000,,,,,,995000000,,1003000000,,,,,107.13,,,,,,,,,,,,,,,,,,,,,,true,false,12,2018-10-01,2019-09-30,-1
2020-09-25,24100,2020-09-30,,,,,,,,,,,,,,,,,,,,,,,,,,,,,,20.00,,,,,,,false,true,12,2019-10-01,2020-09-30,0
2020-09-25,24100,2020-09-30,,,,,,,,,,,,,,,,,,,,,,,,,,,,,,0.00,,,,,,,false,false,12,2019-10-01,2020-09-30,0
2020-09-25,24100,2019-09-30,,,,,,,,,,,,,,,,,,,,,,,,,,,,,,45.00,,,,,,,false,false,12,2018-10-01,2019-09-30,-1
2020-11-04,24100,2020-09-30,,11021000000,0.008,,,,,-244000000,0.261,-219000000,0.336,,-169000000,,,,,,,,,,,,,,,,,,,,,,,,true,true,12,2019-10-01,2020-09-30,0
2020-11-04,24100,2019-09-30,,12154000000,,,,,,995000000,,1003000000,,,721000000,,107.13,,,,,,,,,,,,,,,,,,,,,,true,false,12,2018-10-01,2019-09-30,-1
2020-11-11,24100,2020-09-30,,11021000000,-0.093,,,,,-244000000,,-219000000,,,-169000000,,-25.13,,-0.042,-0.037,-0.022,,5642000000,3841000000,0.681,569.12,3841000000,187000000,-517000000,-323000000,2439000000,,,,,,,,true,false,12,2019-10-01,2020-09-30,0
2020-11-11,24100,2019-09-30,,12154000000,0.107,,,,,995000000,-0.147,1003000000,-0.143,,721000000,,107.13,106.84,0.177,0.171,0.082,,6090000000,4325000000,0.710,640.74,4325000000,906000000,-407000000,-239000000,3092000000,,0.420,,,,,,true,false,12,2018-10-01,2019-09-30,-1
2020-11-11,24100,2021-09-30,,5132000000,-0.157,,,,,-466000000,,-454000000,,,-501000000,,-74.23,,,,,,,,,,,,,,,,,,,,,,true,true,6,2020-10-01,2021-03-31,1
2020-11-11,24100,2021-09-30,,10841000000,-0.016,,,,,-380000000,,-370000000,,,-482000000,,-71.50,,,,,,,,,,,,,,,,,,,,,,true,true,12,2020-10-01,2021-09-30,1
2020-11-11,24100,2020-09-30,,6486000000,-0.209,,,,,-515000000,,-497000000,,-350000000,,,-51.94,,,,,,4318000000,3155000000,0.731,467.49,3155000000,,,,,20.00,,,,7054400,304368,6750070,false,false,12,2019-10-01,2020-09-30,0
2020-11-11,24100,2019-09-30,,8205000000,0.070,,,,,768000000,-0.226,776000000,-0.222,573000000,,-0.171,85.22,84.99,,,,,5122000000,3809000000,0.744,564.43,3809000000,,,,,45.00,,,,7054400,304328,6731700,false,false,12,2018-10-01,2019-09-30,-1
2020-11-11,24100,2021-09-30,,2650000000,-0.320,,,,,,,-596000000,,-596000000,,,-88.36,,,,,,,,,,,,,,,,,,,,,,false,true,6,2020-10-01,2021-03-31,1
2020-11-11,24100,2021-09-30,,5767000000,-0.111,,,,,,,-655000000,,-675000000,,,-100.14,,,,,,,,,,,,,,,0.00,,,,,,,false,true,12,2020-10-01,2021-09-30,1
2021-01-29,24100,2021-09-30,1,2792000000,-0.057,,,,,54000000,-0.373,70000000,-0.205,,44000000,,6.63,,,,,,5492000000,3755000000,0.684,556.42,3755000000,,,,,,,,,,,,true,false,3,2020-10-01,2020-12-31,0
2021-01-29,24100,2020-09-30,1,2961000000,0.057,,,,,86000000,-0.123,88000000,-0.162,,54000000,,8.09,,,,,,,,,,,,,,,,,,,,,,true,false,3,2019-10-01,2019-12-31,-1
2021-01-29,24100,2021-09-30,1,5132000000,-0.157,,,,,-466000000,,-454000000,,,-501000000,,-74.23,,,,,,,,,,,,,,,,,,,,,,true,true,6,2020-10-01,2021-03-31,0
2021-01-29,24100,2021-09-30,1,10841000000,-0.016,,,,,-380000000,,-370000000,,,-482000000,,-71.50,,,,,,,,,,,,,,,,,,,,,,true,true,12,2020-10-01,2021-09-30,0
2021-01-29,24100,2020-09-30,1,,,,,,,,,,,,,,,,,,,,5642000000,3841000000,0.681,569.12,3841000000,,,,,,,,,,,,true,false,12,2019-10-01,2020-09-30,-1
2021-01-29,24100,2020-09-30,1,,,,,,,,,,,,,,,,,,,,,,,,,,,,,20.00,,,,7054400,304368,,false,false,12,2019-10-01,2020-09-30,-1
2021-01-29,24100,2021-09-30,1,,,,,,,,,,,,,,,,,,,,,,,,,,,,,0.00,,,,,,,false,true,12,2020-10-01,2021-09-30,0
2021-01-29,24100,2021-09-30,1,,,,,,,,,,,,,,,,,,,,,,,,,,,,,,,,,7054400,304368,6750032,false,false,3,2020-10-01,2020-12-31,0
2021-01-29,24100,2020-09-30,1,,,,,,,,,,,,,,,,,,,,,,,,,,,,,,,,,,,6750072,false,false,3,2019-10-01,2019-12-31,-1
2021-03-16,24100,2021-09-30,,5700000000,0.111,,,,,84000000,,100000000,,,52000000,,7.74,,,,,,,,,,,,,,,,,,,,,,true,true,6,2020-10-01,2021-03-31,0
2021-03-16,24100,2020-09-30,,6086000000,,,,,,353000000,,358000000,,,237000000,,35.24,,,,,,,,,,,,,,,,,,,,,,true,false,6,2019-10-01,2020-03-31,-1
2021-03-16,24100,2021-09-30,,11700000000,0.079,,,,,184000000,,200000000,,,85000000,,12.74,,,,,,,,,,,,,,,,,,,,,,true,true,12,2020-10-01,2021-09-30,0
2021-03-16,24100,2020-09-30,,11021000000,,,,,,-244000000,,-219000000,,,-169000000,,-25.13,,,,,,,,,,,,,,,,,,,,,,true,false,12,2019-10-01,2020-09-30,-1
2021-04-30,24100,2021-09-30,2,5782000000,-0.050,,,,,191000000,-0.458,211000000,-0.410,,137000000,,20.31,,,,,,5602000000,3852000000,0.688,570.77,3852000000,,,,,,,,,,,,true,false,6,2020-10-01,2021-03-31,0
2021-04-30,24100,2020-09-30,2,6086000000,0.035,,,,,353000000,-0.123,358000000,-0.124,,237000000,,35.24,,,,,,,,,,,,,,,,,,,,,,true,false,6,2019-10-01,2020-03-31,-1
2021-04-30,24100,2020-09-30,2,,,,,,,,,,,,,,,,,,,,5642000000,3841000000,0.681,569.12,3841000000,,,,,,,,,,,,true,false,12,2019-10-01,2020-09-30,-1
2021-04-30,24100,2020-09-30,2,,,,,,,,,,,,,,,,,,,,,,,,,,,,,20.00,,,,7054400,304368,,false,false,12,2019-10-01,2020-09-30,-1
2021-04-30,24100,2021-09-30,2,,,,,,,,,,,,,,,,,,,,,,,,,,,,,0.00,,,,,,,false,false,12,2020-10-01,2021-09-30,0
2021-04-30,24100,2021-09-30,2,,,,,,,,,,,,,,,,,,,,,,,,,,,,,,,,,7054400,304368,6750032,false,false,6,2020-10-01,2021-03-31,0
2021-04-30,24100,2020-09-30,2,,,,,,,,,,,,,,,,,,,,,,,,,,,,,,,,,,,6750072,false,false,6,2019-10-01,2020-03-31,-1
2021-04-30,24100,2021-09-30,,9300000000,,,,,,86000000,,100000000,,900000000,,,133.33,,,,,,,,,,,,,,,,,,,,,,false,true,12,2020-10-01,2021-09-30,0
2021-04-30,24100,2020-09-30,,6486000000,,,,,,-515000000,,-497000000,,-350000000,,,-51.94,,,,,,,,,,,,,,,,,,,,,,false,false,12,2019-10-01,2020-09-30,-1
2021-07-30,2410,2021-09-30,3,6272000000,,,,,,83000000,,96000000,,893000000,,,132.41,,,,,,5724000000,3914000000,0.684,579.90,3914000000,,,,,,,,,7054400,304368,6750032,false,false,9,2020-10-01,2021-06-30,0
2021-07-30,2410,2021-09-30,3,9344000000,,,,,,139000000,,152000000,,940000000,,,139.28,,,,,,,,,,,,,,,35.00,,,,,,,false,true,12,2020-10-01,2021-09-30,0
2021-07-30,2410,2020-09-30,3,,,,,,,,,,,,,,,,,,,,4318000000,3155000000,0.731,467.49,3155000000,,,,,20.00,,,,7054400,304368,,false,false,12,2019-10-01,2020-09-30,-1
2021-07-30,2410,2021-09-30,3,,,,,,,,,,,,,,,,,,,,,,,,,,,,,0.00,,,,,,,false,false,12,2020-10-01,2021-09-30,0
2021-07-30,2410,2020-09-30,3,,,,,,,,,,,,,,,,,,,,,,,,,,,,,,,,,,,6750072,false,false,9,2019-10-01,2020-06-30,-1
2021-07-30,24100,2021-09-30,,9344000000,0.004,,,,,139000000,0.616,152000000,0.520,940000000,,0.044,139.28,,,,,,,,,,,,,,,35.00,,,,,,,false,true,12,2020-10-01,2021-09-30,0
2021-07-30,24100,2020-09-30,,6486000000,,,,,,-515000000,,-497000000,,-350000000,,,-51.94,,,,,,,,,,,,,,,20.00,,,,,,,false,false,12,2019-10-01,2020-09-30,-1
2021-07-30,24100,2021-09-30,,,,,,,,,,,,,,,,,,,,,,,,,,,,,,0.00,,,,,,,false,false,12,2020-10-01,2021-09-30,0
2021-11-10,2410,2021-09-30,,9436000000,,,,,,140000000,,155000000,,927000000,,,137.44,,0.261,0.031,0.015,,5858000000,3948000000,0.674,584.92,3948000000,633000000,-431000000,-122000000,2519000000,35.00,0.255,,,7054400,304368,6750032,false,false,12,2020-10-01,2021-09-30,0
2021-11-10,2410,2020-09-30,,6486000000,,,,,,-515000000,,-497000000,,-350000000,,,-51.94,,-0.101,-0.105,-0.079,,4318000000,3155000000,0.731,467.49,3155000000,,,,,20.00,,,,7054400,304368,6750070,false,false,12,2019-10-01,2020-09-30,-1
2021-11-10,2410,2022-09-30,,6770000000,,,,,,276000000,,275000000,,220000000,,,32.59,,,,,,,,,,,,,,,,,,,,,,false,true,6,2021-10-01,2022-03-31,1
2021-11-10,2410,2022-09-30,,13755000000,,,,,,502000000,,500000000,,395000000,,,58.52,,,,,,,,,,,,,,,0.00,,,,,,,false,true,12,2021-10-01,2022-09-30,1
2022-01-31,2410,2022-09-30,1,3547000000,,,,,,313000000,,313000000,,215000000,,,35.65,,,,,,5294000000,2325000000,0.439,426.06,2325000000,,,,,,,,,7054400,1596768,6033593,false,false,3,2021-10-01,2021-12-31,0
2022-01-31,2410,2022-09-30,1,7110000000,,,,,,401000000,,400000000,,287000000,,,47.57,,,,,,,,,,,,,,,,,,,,,,false,true,6,2021-10-01,2022-03-31,0
2022-01-31,2410,2022-09-30,1,13755000000,,,,,,502000000,,500000000,,395000000,,,58.52,,,,,,,,,,,,,,,0.00,,,,,,,false,true,12,2021-10-01,2022-09-30,0
2022-01-31,2410,2021-09-30,1,,,,,,,,,,,,,,,,,,,,5858000000,3948000000,0.674,584.92,3948000000,,,,,35.00,,,,7054400,304368,,false,false,12,2020-10-01,2021-09-30,-1
2022-01-31,2410,2021-09-30,1,,,,,,,,,,,,,,,,,,,,,,,,,,,,,,,,,,,6750032,false,false,3,2020-10-01,2020-12-31,-1
2022-01-31,24100,2022-09-30,,7110000000,0.050,,,,,401000000,0.453,400000000,0.455,287000000,,0.377,47.57,,,,,,,,,,,,,,,,,,,,,,false,true,6,2021-10-01,2022-03-31,0
2022-03-15,24100,2022-09-30,,7280000000,0.024,,,,,601000000,0.499,600000000,0.500,460000000,,0.603,76.24,,,,,,,,,,,,,,,,,,,,,,false,true,6,2021-10-01,2022-03-31,0
2022-03-15,24100,2022-09-30,,14760000000,0.073,,,,,802000000,0.598,800000000,0.600,610000000,,0.544,101.10,,,,,,,,,,,,,,,,,,,,,,false,true,12,2021-10-01,2022-09-30,0
2022-03-15,24100,2021-09-30,,9436000000,,,,,,140000000,,155000000,,927000000,,,137.44,,,,,,,,,,,,,,,,,,,,,,false,false,12,2020-10-01,2021-09-30,-1
2022-04-28,2410,2022-09-30,2,7306000000,,,,,,606000000,,605000000,,416000000,,,72.16,,,,,,5875000000,2583000000,0.440,468.31,2583000000,,,,,,,,,7054400,1538403,5767056,false,false,6,2021-10-01,2022-03-31,0
2022-04-28,2410,2022-09-30,2,14760000000,,,,,,802000000,,800000000,,610000000,,,101.10,,,,,,,,,,,,,,,,,,,,,,false,true,12,2021-10-01,2022-09-30,0
2022-04-28,2410,2021-09-30,2,,,,,,,,,,,,,,,,,,,,5858000000,3948000000,0.674,584.92,3948000000,,,,,35.00,,,,7054400,304368,,false,false,12,2020-10-01,2021-09-30,-1
2022-04-28,2410,2022-09-30,2,,,,,,,,,,,,,,,,,,,,,,,,,,,,,0.00,,,,,,,false,false,12,2021-10-01,2022-09-30,0
2022-04-28,2410,2021-09-30,2,,,,,,,,,,,,,,,,,,,,,,,,,,,,,,,,,,,6750032,false,false,6,2020-10-01,2021-03-31,-1
2022-07-29,2410,2022-09-30,3,11417000000,0.820,,,,,988000000,,984000000,9.176,677000000,,-0.242,119.17,,,,,,6207000000,2844000000,0.458,515.65,2844000000,,,,,,,,,7054400,1538403,5683370,false,false,9,2021-10-01,2022-06-30,0
2022-07-29,2410,2021-09-30,3,6272000000,,,,,,83000000,,96000000,,893000000,,,132.41,,,,,,,,,,,,,,,,,,,,,6750032,false,false,9,2020-10-01,2021-06-30,-1
2022-07-29,2410,2022-09-30,3,15420000000,0.634,,,,,1107000000,6.868,1100000000,6.084,700000000,,-0.245,121.38,,,,,,,,,,,,,,,45.00,,,,,,,false,true,12,2021-10-01,2022-09-30,0
2022-07-29,2410,2021-09-30,3,,,,,,,,,,,,,,,,,,,,5858000000,3948000000,0.674,584.92,3948000000,,,,,35.00,,,,7054400,304368,,false,false,12,2020-10-01,2021-09-30,-1
2022-07-29,2410,2022-09-30,3,,,,,,,,,,,,,,,,,,,,,,,,,,,,,0.00,,,,,,,false,false,12,2021-10-01,2022-09-30,0
2022-07-29,24100,2022-09-30,,15420000000,0.045,,,,,1107000000,0.380,1100000000,0.375,700000000,,0.148,121.38,,,,,,,,,,,,,,,45.00,,,,,,,false,true,12,2021-10-01,2022-09-30,0
2022-07-29,24100,2021-09-30,,9436000000,,,,,,140000000,,155000000,,927000000,,,137.44,,,,,,,,,,,,,,,35.00,,,,,,,false,false,12,2020-10-01,2021-09-30,-1
2022-07-29,24100,2022-09-30,,,,,,,,,,,,,,,,,,,,,,,,,,,,,,0.00,,,,,,,false,false,12,2021-10-01,2022-09-30,0
2022-11-09,2410,2022-09-30,,15507000000,0.643,,,,,1102000000,6.833,1101000000,6.091,793000000,,-0.145,140.68,,0.230,0.175,0.071,,6717000000,2960000000,0.441,536.73,2960000000,2054000000,-347000000,-904000000,3322000000,45.00,0.320,,,7054400,1538438,5641180,false,false,12,2021-10-01,2022-09-30,0
2022-11-09,2410,2021-09-30,,9436000000,,,,,,140000000,,155000000,,927000000,,,137.44,,0.261,0.031,0.015,,5858000000,3948000000,0.674,584.92,3948000000,633000000,-431000000,-122000000,2519000000,35.00,0.255,,,7054400,304368,6750032,false,false,12,2020-10-01,2021-09-30,-1
2022-11-09,2410,2023-09-30,,8372000000,0.146,,,,,574000000,-0.054,567000000,-0.063,378000000,,-0.090,67.11,,,,,,,,,,,,,,,,,,,,,,false,true,6,2022-10-01,2023-03-31,1
2022-11-09,2410,2023-09-30,,17500000000,0.128,,,,,1314000000,0.192,1300000000,0.181,881000000,,0.111,156.29,,,,,,,,,,,,,,,50.00,0.320,,,,,,false,true,12,2022-10-01,2023-09-30,1
2023-01-31,2410,2023-09-30,1,4284000000,0.208,,,,,476000000,0.518,470000000,0.502,322000000,,0.500,58.49,,,,,,6454000000,3034000000,0.470,550.22,3034000000,,,,,,,,,7054400,1538438,5515962,false,false,3,2022-10-01,2022-12-31,0
2023-01-31,2410,2022-09-30,1,3547000000,,,,,,313000000,,313000000,,215000000,,,35.65,,,,,,,,,,,,,,,,,,,,,6033593,false,false,3,2021-10-01,2021-12-31,-1
2023-01-31,2410,2023-09-30,1,8493000000,0.162,,,,,709000000,0.170,700000000,0.157,468000000,,0.127,83.11,,,,,,,,,,,,,,,,,,,,,,false,true,6,2022-10-01,2023-03-31,0
2023-01-31,2410,2023-09-30,1,17500000000,0.128,,,,,1314000000,0.192,1300000000,0.181,881000000,,0.110,156.29,,,,,,,,,,,,,,,50.00,,,,,,,false,true,12,2022-10-01,2023-09-30,0
2023-01-31,2410,2022-09-30,1,,,,,,,,,,,,,,,,,,,,6717000000,2960000000,0.441,536.73,2960000000,,,,,45.00,,,,7054400,1538438,,false,false,12,2021-10-01,2022-09-30,-1
2023-04-28,2410,2023-09-30,2,8534000000,0.168,,,,,818000000,0.350,811000000,0.341,557000000,,0.339,100.83,,,,,,7000000000,3327000000,0.475,599.05,3327000000,,,,,,,,,7054400,1499773,5527015,false,false,6,2022-10-01,2023-03-31,0
2023-04-28,2410,2022-09-30,2,7306000000,,,,,,606000000,,605000000,,416000000,,,72.16,,,,,,,,,,,,,,,,,,,,,5767056,false,false,6,2021-10-01,2022-03-31,-1
2023-04-28,2410,2023-09-30,2,17500000000,0.128,,,,,1314000000,0.192,1300000000,0.181,881000000,,0.110,156.29,,,,,,,,,,,,,,,50.00,,,,,,,false,true,12,2022-10-01,2023-09-30,0
2023-04-28,2410,2022-09-30,2,,,,,,,,,,,,,,,,,,,,6717000000,2960000000,0.441,536.73,2960000000,,,,,45.00,,,,7054400,1538438,,false,false,12,2021-10-01,2022-09-30,-1
2023-04-28,2410,2023-09-30,2,,,,,,,,,,,,,,,,,,,,,,,,,,,,,0.00,,,,,,,false,false,12,2022-10-01,2023-09-30,0
2023-07-31,2410,2023-09-30,3,13064000000,0.144,,,,,1324000000,0.340,1317000000,0.338,904000000,,0.335,163.29,,,,,,7358000000,3674000000,0.499,661.48,3674000000,,,,,,,,,7054400,1499773,5536219,false,false,9,2022-10-01,2023-06-30,0
2023-07-31,2410,2022-09-30,3,11417000000,0.820,,,,,988000000,,984000000,9.176,677000000,,-0.242,119.17,,,,,,,,,,,,,,,,,,,,,5683370,false,false,9,2021-10-01,2022-06-30,-1
2023-07-31,2410,2023-09-30,3,17500000000,0.128,,,,,1563000000,0.418,1550000000,0.408,1086000000,,0.368,196.28,,,,,,,,,,,,,,,70.00,,,,,,,false,true,12,2022-10-01,2023-09-30,0
2023-07-31,2410,2022-09-30,3,,,,,,,,,,,,,,,,,,,,6717000000,2960000000,0.441,536.73,2960000000,,,,,45.00,,,,7054400,1538438,,false,false,12,2021-10-01,2022-09-30,-1
2023-07-31,2410,2023-09-30,3,,,,,,,,,,,,,,,,,,,,,,,,,,,,,0.00,,,,,,,false,false,12,2022-10-01,2023-09-30,0
2023-07-31,24100,2023-09-30,,17500000000,,,,,,1563000000,1.189,1550000000,1.192,1086000000,,1.233,196.28,,,,,,,,,,,,,,,,,,,,,,false,true,12,2022-10-01,2023-09-30,0
2023-07-31,24100,2022-09-30,,15507000000,,,,,,1102000000,,1101000000,,793000000,,,140.68,,,,,,,,,,,,,,,,,,,,,,false,false,12,2021-10-01,2022-09-30,-1
,24100,2023-09-30,,,,,,,,,,,,,,,,,,,,,,,,,,,,,,70.00,,,,,,,false,true,12,2022-10-01,2023-09-30,0
,24100,2023-09-30,,,,,,,,,,,,,,,,,,,,,,,,,,,,,,0.00,,,,,,,false,false,12,2022-10-01,2023-09-30,0
,24100,2022-09-30,,,,,,,,,,,,,,,,,,,,,,,,,,,,,,45.00,,,,,,,false,false,12,2021-10-01,2022-09-30,-1
2023-11-08,2410,2023-09-30,,17388000000,0.121,,,,,1585000000,0.438,1577000000,0.432,1163000000,,0.466,209.94,,0.337,0.214,0.091,,7999000000,3933000000,0.492,708.14,3933000000,1938000000,-478000000,-348000000,4434000000,70.00,0.333,,,7054400,1499813,5540856,false,false,12,2022-10-01,2023-09-30,0
2023-11-08,2410,2022-09-30,,15507000000,0.643,,,,,1102000000,6.833,1101000000,6.091,793000000,,-0.145,140.68,,0.230,0.175,0.071,,6717000000,2960000000,0.441,536.73,2960000000,2054000000,-347000000,-904000000,3322000000,45.00,0.320,,,7054400,1538438,5641180,false,false,12,2021-10-01,2022-09-30,-1
2023-11-08,2410,2024-09-30,,8825000000,0.034,,,,,737000000,-0.100,730000000,-0.100,488000000,,-0.123,88.22,,,,,,,,,,,,,,,,,,,,,,false,true,6,2023-10-01,2024-03-31,1
2023-11-08,2410,2024-09-30,,18370000000,0.056,,,,,1764000000,0.113,1750000000,0.109,1203000000,,0.035,217.28,,,,,,,,,,,,,,,80.00,0.368,,,,,,false,true,12,2023-10-01,2024-09-30,1
2024-01-31,2410,2024-09-30,1,4393000000,0.025,,,,,419000000,-0.119,419000000,-0.108,288000000,,-0.106,51.91,,,,,,7344000000,3832000000,0.522,690.03,3832000000,,,,,,,,,7054400,1499874,5554573,false,false,3,2023-10-01,2023-12-31,0
2024-01-31,2410,2023-09-30,1,4284000000,0.208,,,,,476000000,0.518,470000000,0.502,322000000,,0.500,58.49,,,,,,,,,,,,,,,,,,,,,5515962,false,false,3,2022-10-01,2022-12-31,-1
2024-01-31,2410,2024-09-30,1,8825000000,0.034,,,,,737000000,-0.100,730000000,-0.100,488000000,,-0.123,88.22,,,,,,,,,,,,,,,,,,,,,,false,true,6,2023-10-01,2024-03-31,0
2024-01-31,2410,2024-09-30,1,18370000000,0.056,,,,,1764000000,0.113,1750000000,0.109,1203000000,,0.035,217.28,,,,,,,,,,,,,,,80.00,,,,,,,false,true,12,2023-10-01,2024-09-30,0
2024-01-31,2410,2023-09-30,1,,,,,,,,,,,,,,,,,,,,7999000000,3933000000,0.492,708.14,3933000000,,,,,70.00,,,,7054400,1499813,,false,false,12,2022-10-01,2023-09-30,-1
2024-04-30,2410,2024-09-30,2,8746000000,0.025,,,,,687000000,-0.161,688000000,-0.151,468000000,,-0.159,84.23,,,,,,7877000000,4069000000,0.517,729.15,4069000000,,,,,,,,,7054400,1473779,5562963,false,false,6,2023-10-01,2024-03-31,0
2024-04-30,2410,2023-09-30,2,8534000000,0.168,,,,,818000000,0.350,811000000,0.341,557000000,,0.339,100.83,,,,,,,,,,,,,,,,,,,,,5527015,false,false,6,2022-10-01,2023-03-31,-1
2024-04-30,2410,2024-09-30,2,18370000000,0.056,,,,,1764000000,0.113,1750000000,0.109,1203000000,,0.035,217.28,,,,,,,,,,,,,,,80.00,,,,,,,false,true,12,2023-10-01,2024-09-30,0
2024-04-30,2410,2023-09-30,2,,,,,,,,,,,,,,,,,,,,7999000000,3933000000,0.492,708.14,3933000000,,,,,70.00,,,,7054400,1499813,,false,false,12,2022-10-01,2023-09-30,-1
2024-04-30,2410,2024-09-30,2,,,,,,,,,,,,,,,,,,,,,,,,,,,,,0.00,,,,,,,false,false,12,2023-10-01,2024-09-30,0
2024-07-31,2410,2024-09-30,3,13340000000,0.021,,,,,1096000000,-0.172,1100000000,-0.165,752000000,,-0.168,135.04,,,,,,7799000000,4352000000,0.558,779.95,4352000000,,,,,,,,,7054400,1473779,5568828,false,false,9,2023-10-01,2024-06-30,0
2024-07-31,2410,2023-09-30,3,13064000000,0.144,,,,,1324000000,0.340,1317000000,0.338,904000000,,0.335,163.29,,,,,,,,,,,,,,,,,,,,,5536219,false,false,9,2022-10-01,2023-06-30,-1
2024-07-31,2410,2024-09-30,3,17780000000,0.023,,,,,1429000000,-0.099,1430000000,-0.093,989000000,,-0.149,177.66,,,,,,,,,,,,,,,80.00,,,,,,,false,true,12,2023-10-01,2024-09-30,0
2024-07-31,2410,2023-09-30,3,,,,,,,,,,,,,,,,,,,,7999000000,3933000000,0.492,708.14,3933000000,,,,,70.00,,,,7054400,1499813,,false,false,12,2022-10-01,2023-09-30,-1
2024-07-31,2410,2024-09-30,3,,,,,,,,,,,,,,,,,,,,,,,,,,,,,0.00,,,,,,,false,false,12,2023-10-01,2024-09-30,0
,24100,2024-09-30,,,,,,,,,,,,,,,,,,,,,,,,,,,,,,90.00,,,,,,,false,true,12,2023-10-01,2024-09-30,0
,24100,2023-09-30,,,,,,,,,,,,,,,,,,,,,,,,,,,,,,70.00,,,,,,,false,false,12,2022-10-01,2023-09-30,-1
2024-11-13,2410,2024-09-30,,17734000000,0.020,,,,,1432000000,-0.096,1438000000,-0.088,984000000,,-0.154,178.99,,0.250,0.198,0.081,,6506000000,3939000000,0.605,753.54,3939000000,859000000,-838000000,-1842000000,2612000000,90.00,0.503,,,5497921,270000,5499517,false,false,12,2023-10-01,2024-09-30,0
2024-11-13,2410,2023-09-30,,17388000000,0.121,,,,,1585000000,0.438,1577000000,0.432,1163000000,,0.466,209.94,,0.337,0.214,0.091,,7999000000,3933000000,0.492,708.14,3933000000,1938000000,-478000000,-348000000,4434000000,70.00,0.333,,,7054400,1499813,5540856,false,false,12,2022-10-01,2023-09-30,-1
2024-11-13,2410,2025-09-30,,9021000000,0.031,,,,,627000000,-0.087,621000000,-0.097,414000000,,-0.116,75.29,,,,,,,,,,,,,,,,,,,,,,false,true,6,2024-10-01,2025-03-31,1
2024-11-13,2410,2025-09-30,,19000000000,0.071,,,,,1762000000,0.230,1750000000,0.217,1180000000,,0.199,214.59,,,,,,,,,,,,,,,95.00,0.430,,,,,,false,true,12,2024-10-01,2025-09-30,1
2025-01-31,2410,2025-09-30,1,4601000000,0.047,,,,,377000000,-0.100,382000000,-0.089,260000000,,-0.095,49.89,,,,,,6484000000,3729000000,0.575,713.43,3729000000,,,,,,,,,5497921,270000,5227921,false,false,3,2024-10-01,2024-12-31,0
2025-01-31,2410,2024-09-30,1,4393000000,0.025,,,,,419000000,-0.119,419000000,-0.108,288000000,,-0.106,51.91,,,,,,,,,,,,,,,,,,,,,5554573,false,false,3,2023-10-01,2023-12-31,-1
2025-01-31,2410,2025-09-30,1,9021000000,0.031,,,,,627000000,-0.087,621000000,-0.097,414000000,,-0.116,75.29,,,,,,,,,,,,,,,,,,,,,,false,true,6,2024-10-01,2025-03-31,0
2025-01-31,2410,2025-09-30,1,19000000000,0.071,,,,,1762000000,0.230,1750000000,0.217,1180000000,,0.199,214.59,,,,,,,,,,,,,,,95.00,,,,,,,false,true,12,2024-10-01,2025-09-30,0
2025-01-31,2410,2024-09-30,1,,,,,,,,,,,,,,,,,,,,6506000000,3939000000,0.605,753.54,3939000000,,,,,90.00,,,,5497921,270000,,false,false,12,2023-10-01,2024-09-30,-1
2025-04-30,2410,2025-09-30,2,9052000000,0.035,,,,,630000000,-0.082,640000000,-0.070,437000000,,-0.067,83.45,,,,,,6690000000,3964000000,0.593,753.54,3964000000,,,,,,,,,5497921,236336,5238464,false,false,6,2024-10-01,2025-03-31,0
2025-04-30,2410,2024-09-30,2,8746000000,0.025,,,,,687000000,-0.161,688000000,-0.151,468000000,,-0.159,84.23,,,,,,,,,,,,,,,,,,,,,5562963,false,false,6,2023-10-01,2024-03-31,-1
2025-04-30,2410,2025-09-30,2,19000000000,0.071,,,,,1762000000,0.230,1750000000,0.217,1180000000,,0.199,214.59,,,,,,,,,,,,,,,95.00,,,,,,,false,true,12,2024-10-01,2025-09-30,0
2025-04-30,2410,2024-09-30,2,,,,,,,,,,,,,,,,,,,,6506000000,3939000000,0.605,753.54,3939000000,,,,,90.00,,,,5497921,270000,,false,false,12,2023-10-01,2024-09-30,-1
2025-04-30,2410,2025-09-30,2,,,,,,,,,,,,,,,,,,,,,,,,,,,,,0.00,,,,,,,false,false,12,2024-10-01,2025-09-30,0
2025-07-31,2410,2025-09-30,3,14005000000,0.050,,,,,1211000000,0.105,1225000000,0.113,840000000,,0.117,160.14,,,,,,7165000000,4367000000,0.610,830.12,4367000000,,,,,,,,,5497921,236336,5246171,false,false,9,2024-10-01,2025-06-30,0
2025-07-31,2410,2024-09-30,3,13340000000,0.021,,,,,1096000000,-0.172,1100000000,-0.165,752000000,,-0.168,135.04,,,,,,,,,,,,,,,,,,,,,5568828,false,false,9,2023-10-01,2024-06-30,-1
2025-07-31,2410,2025-09-30,3,19000000000,0.071,,,,,1762000000,0.230,1750000000,0.217,1180000000,,0.199,214.59,,,,,,,,,,,,,,,95.00,,,,,,,false,true,12,2024-10-01,2025-09-30,0
2025-07-31,2410,2024-09-30,3,,,,,,,,,,,,,,,,,,,,6506000000,3939000000,0.605,753.54,3939000000,,,,,90.00,,,,5497921,270000,,false,false,12,2023-10-01,2024-09-30,-1
2025-07-31,2410,2025-09-30,3,,,,,,,,,,,,,,,,,,,,,,,,,,,,,0.00,,,,,,,false,false,12,2024-10-01,2025-09-30,0
