filing_date,code,fiscal_year_end,quarterly_period,net_sales,net_sales_change,revenue,revenue_change,operating_revenue,operating_revenue_change,operating_profit,operating_profit_change,ordinary_profit,ordinary_profit_change,net_income,net_income_of_parent,net_income_change,eps,diluted_eps,roe,roa,operating_profit_to_net_sales,operating_profit_to_revenue,total_assets,net_assets,equity_ratio,bps,owner_equity,operating_cash_flow,investing_cash_flow,financing_cash_flow,cash,dividend_per_share,payout_ratio,commemorative_dividend,extra_dividend,number_of_shares,number_of_treqsury_shares,avg_number_of_shares,is_consolidated,is_forecast,duration,period_start,period_end,period_pos
2015-08-07,24280,2015-06-30,,8888000000,0.169,,,,,1637000000,0.111,1520000000,0.021,938000000,,0.027,96.74,96.34,0.115,0.074,0.184,,19667000000,8218000000,0.416,856.21,8178000000,-712000000,-762000000,-933000000,13293000000,50.00,0.517,,,9800000,247654,9697449,false,false,12,2014-07-01,2015-06-30,0
2015-08-07,24280,2014-06-30,,7600000000,0.107,,,,,1473000000,0.058,1488000000,0.048,913000000,,0.203,92.52,89.75,0.113,0.071,0.194,,21360000000,8194000000,0.382,838.43,7974000000,2236000000,-1341000000,-753000000,15702000000,47.00,0.508,,,10100000,372154,9869791,false,false,12,2013-07-01,2014-06-30,-1
2015-08-07,24280,2016-06-30,,4600000000,0.083,,,,,950000000,0.040,930000000,0.015,610000000,,0.038,64.19,,,,,,,,,,,,,,,,,,,,,,false,true,6,2015-07-01,2015-12-31,1
2015-08-07,24280,2016-06-30,,9600000000,0.080,,,,,2000000000,0.221,1920000000,0.263,1260000000,,0.343,133.30,,,,,,,,,,,,,,,66.00,0.500,,,,,,false,true,12,2015-07-01,2016-06-30,1
,24280,2015-06-30,,,,,,,,,,,,,,,,,,,,,,,,,,,,,,50.00,,,,,,,false,true,12,2014-07-01,2015-06-30,0
,24280,2015-06-30,,,,,,,,,,,,,,,,,,,,,,,,,,,,,,0.00,,,,,,,false,false,12,2014-07-01,2015-06-30,0
,24280,2014-06-30,,,,,,,,,,,,,,,,,,,,,,,,,,,,,,47.00,,,,,,,false,false,12,2013-07-01,2014-06-30,-1
2015-10-30,24280,2016-06-30,1,2446000000,0.195,,,,,535000000,0.207,539000000,0.203,360000000,,0.255,37.78,37.48,,,,,25166000000,8106000000,0.321,844.09,8066000000,,,,,,,,,9700000,143199,9552524,false,false,3,2015-07-01,2015-09-30,0
2015-10-30,24280,2015-06-30,1,2046000000,0.129,,,,,443000000,0.072,448000000,0.070,287000000,,0.090,29.57,29.45,,,,,,,,,,,,,,,,,,,,9697449,false,false,3,2014-07-01,2014-09-30,-1
2015-10-30,24280,2016-06-30,1,4600000000,0.083,,,,,950000000,0.040,930000000,0.015,610000000,,0.038,64.19,,,,,,,,,,,,,,,,,,,,,,false,true,6,2015-07-01,2015-12-31,0
2015-10-30,24280,2016-06-30,1,9600000000,0.080,,,,,2000000000,0.221,1920000000,0.263,1260000000,,0.343,133.30,,,,,,,,,,,,,,,66.00,,,,,,,false,true,12,2015-07-01,2016-06-30,0
2015-10-30,24280,2015-06-30,1,,,,,,,,,,,,,,,,,,,,19667000000,8218000000,0.416,856.21,8178000000,,,,,50.00,,,,9800000,247654,,false,false,12,2014-07-01,2015-06-30,-1
2016-02-02,24280,2016-06-30,2,5041000000,0.187,,,,,1101000000,0.207,1110000000,0.213,743000000,,0.266,78.52,77.92,,,,,19980000000,7872000000,0.392,841.57,7833000000,,,,,,,,,9700000,392399,9472164,false,false,6,2015-07-01,2015-12-31,0
2016-02-02,24280,2015-06-30,2,4246000000,0.141,,,,,913000000,0.141,915000000,0.136,587000000,,0.167,60.38,60.13,,,,,,,,,,,,,,,,,,,,9731081,false,false,6,2014-07-01,2014-12-31,-1
2016-02-02,24280,2016-06-30,2,9600000000,0.080,,,,,2000000000,0.221,1920000000,0.263,1260000000,,0.343,133.30,,,,,,,,,,,,,,,66.00,,,,,,,false,true,12,2015-07-01,2016-06-30,0
2016-02-02,24280,2015-06-30,2,,,,,,,,,,,,,,,,,,,,19667000000,8218000000,0.416,856.21,8178000000,,,,,50.00,,,,9800000,247654,,false,false,12,2014-07-01,2015-06-30,-1
2016-02-02,24280,2016-06-30,2,,,,,,,,,,,,,,,,,,,,,,,,,,,,,0.00,,,,,,,false,false,12,2015-07-01,2016-06-30,0
2016-04-28,24280,2016-06-30,3,7824000000,0.184,,,,,1699000000,0.224,1712000000,0.394,1152000000,,0.436,122.37,121.47,,,,,20503000000,8287000000,0.402,885.50,8248000000,,,,,,,,,9700000,385079,9419200,false,false,9,2015-07-01,2016-03-31,0
2016-04-28,24280,2015-06-30,3,6609000000,0.155,,,,,1388000000,0.128,1228000000,0.003,802000000,,0.054,82.52,82.18,,,,,,,,,,,,,,,,,,,,9697449,false,false,9,2014-07-01,2015-03-31,-1
2016-04-28,24280,2016-06-30,3,9600000000,0.080,,,,,2000000000,0.221,1920000000,0.263,1260000000,,0.343,133.30,,,,,,,,,,,,,,,66.00,,,,,,,false,true,12,2015-07-01,2016-06-30,0
2016-04-28,24280,2015-06-30,3,,,,,,,,,,,,,,,,,,,,19667000000,8218000000,0.416,856.21,8178000000,,,,,50.00,,,,9800000,247654,,false,false,12,2014-07-01,2015-06-30,-1
2016-04-28,24280,2016-06-30,3,,,,,,,,,,,,,,,,,,,,,,,,,,,,,0.00,,,,,,,false,false,12,2015-07-01,2016-06-30,0
,24280,2016-06-30,,,,,,,,,,,,,,,,,,,,,,,,,,,,,,80.00,,,,,,,false,true,12,2015-07-01,2016-06-30,0
,24280,2016-06-30,,,,,,,,,,,,,,,,,,,,,,,,,,,,,,0.00,,,,,,,false,false,12,2015-07-01,2016-06-30,0
,24280,2015-06-30,,,,,,,,,,,,,,,,,,,,,,,,,,,,,,50.00,,,,,,,false,false,12,2014-07-01,2015-06-30,-1
2016-08-05,24280,2016-06-30,,10529000000,0.185,,,,,2054000000,0.255,2007000000,0.321,1350000000,,0.440,71.91,70.22,0.163,0.099,0.195,,21104000000,8485000000,0.400,453.37,8446000000,2554000000,218000000,-1108000000,14958000000,80.00,0.556,,,19400000,769958,18786561,false,false,12,2015-07-01,2016-06-30,0
2016-08-05,24280,2015-06-30,,8888000000,0.169,,,,,1637000000,0.111,1520000000,0.021,938000000,,0.027,48.37,48.00,0.115,0.074,0.184,,19667000000,8218000000,0.416,428.10,8178000000,-712000000,-762000000,-933000000,13293000000,50.00,0.517,,,19600000,495308,19394898,false,false,12,2014-07-01,2015-06-30,-1
2016-08-05,24280,2017-06-30,,5450000000,0.081,,,,,,,,,,,,,,,,,,,,,,,,,,,,,,,,,,false,true,6,2016-07-01,2016-12-31,1
2016-08-05,24280,2017-06-30,,11100000000,0.054,,,,,,,,,,,,,,,,,,,,,,,,,,,50.00,,,,,,,false,true,12,2016-07-01,2017-06-30,1
2016-08-05,24280,2017-06-30,,,,,,,,600000000,-0.455,580000000,-0.477,400000000,,-0.462,21.29,,,,,,,,,,,,,,,,,,,,,,false,true,6,2016-07-01,2016-12-31,1
2016-08-05,24280,2017-06-30,,,,,,,,800000000,-0.273,780000000,-0.297,530000000,,-0.287,28.21,,,,,,,,,,,,,,,,,,,,,,false,true,6,2016-07-01,2016-12-31,1
2016-08-05,24280,2017-06-30,,,,,,,,1000000000,-0.513,950000000,-0.527,650000000,,-0.519,34.60,,,,,,,,,,,,,,,,,,,,,,false,true,12,2016-07-01,2017-06-30,1
2016-08-05,24280,2017-06-30,,,,,,,,1500000000,-0.270,1450000000,-0.278,1000000000,,-0.259,53.23,,,,,,,,,,,,,,,,,,,,,,false,true,12,2016-07-01,2017-06-30,1
2016-10-31,24280,2017-06-30,1,2731000000,0.117,,,,,481000000,-0.100,612000000,0.136,408000000,,0.133,21.92,21.60,,,,,22754000000,8190000000,0.358,435.53,8151000000,,,,,,,,,19400000,683758,18657238,false,false,3,2016-07-01,2016-09-30,0
2016-10-31,24280,2016-06-30,1,2446000000,0.195,,,,,535000000,0.207,539000000,0.203,360000000,,0.255,37.78,37.48,,,,,,,,,,,,,,,,,,,,19105048,false,false,3,2015-07-01,2015-09-30,-1
2016-10-31,24280,2017-06-30,1,5450000000,0.081,,,,,,,,,,,,,,,,,,,,,,,,,,,,,,,,,,false,true,6,2016-07-01,2016-12-31,0
2016-10-31,24280,2017-06-30,1,11100000000,0.054,,,,,,,,,,,,,,,,,,,,,,,,,,,50.00,,,,,,,false,true,12,2016-07-01,2017-06-30,0
2016-10-31,24280,2017-06-30,1,,,,,,,600000000,-0.455,580000000,-0.477,400000000,,-0.462,21.29,,,,,,,,,,,,,,,,,,,,,,false,true,6,2016-07-01,2016-12-31,0
2016-10-31,24280,2017-06-30,1,,,,,,,800000000,-0.273,780000000,-0.297,530000000,,-0.287,28.21,,,,,,,,,,,,,,,,,,,,,,false,true,6,2016-07-01,2016-12-31,0
2016-10-31,24280,2017-06-30,1,,,,,,,1000000000,-0.513,950000000,-0.527,650000000,,-0.519,34.60,,,,,,,,,,,,,,,,,,,,,,false,true,12,2016-07-01,2017-06-30,0
2016-10-31,24280,2017-06-30,1,,,,,,,1500000000,-0.270,1450000000,-0.278,1000000000,,-0.259,53.23,,,,,,,,,,,,,,,,,,,,,,false,true,12,2016-07-01,2017-06-30,0
2016-10-31,24280,2016-06-30,1,,,,,,,,,,,,,,,,,,,,21104000000,8485000000,0.400,453.37,8446000000,,,,,80.00,,,,19400000,769958,,false,false,12,2015-07-01,2016-06-30,-1
2017-02-02,24280,2017-06-30,2,5300000000,0.051,,,,,798000000,-0.275,930000000,-0.163,634000000,,-0.147,33.91,33.24,,,,,23134000000,8462000000,0.363,447.62,8388000000,,,,,,,,,19400000,660158,18695076,false,false,6,2016-07-01,2016-12-31,0
2017-02-02,24280,2016-06-30,2,5041000000,0.187,,,,,1101000000,0.207,1110000000,0.213,743000000,,0.266,39.26,38.96,,,,,,,,,,,,,,,,,,,,18944328,false,false,6,2015-07-01,2015-12-31,-1
2017-02-02,24280,2017-06-30,2,11100000000,0.054,,,,,,,,,,,,,,,,,,,,,,,,,,,50.00,,,,,,,false,true,12,2016-07-01,2017-06-30,0
2017-02-02,24280,2017-06-30,2,,,,,,,1000000000,-0.513,950000000,-0.527,650000000,,-0.519,34.31,,,,,,,,,,,,,,,,,,,,,,false,true,12,2016-07-01,2017-06-30,0
2017-02-02,24280,2017-06-30,2,,,,,,,1500000000,-0.278,1450000000,-0.278,1000000000,,-0.259,52.80,,,,,,,,,,,,,,,,,,,,,,false,true,12,2016-07-01,2017-06-30,0
2017-02-02,24280,2016-06-30,2,,,,,,,,,,,,,,,,,,,,21104000000,8485000000,0.400,453.37,8446000000,,,,,80.00,,,,19400000,769958,,false,false,12,2015-07-01,2016-06-30,-1
2017-02-02,24280,2017-06-30,2,,,,,,,,,,,,,,,,,,,,,,,,,,,,,0.00,,,,,,,false,false,12,2016-07-01,2017-06-30,0
2017-04-28,24280,2017-06-30,3,7914000000,0.012,,,,,1022000000,-0.398,1153000000,-0.327,792000000,,-0.313,42.32,41.61,,,,,24083000000,8682000000,0.357,456.22,8604000000,,,,,,,,,19400000,539358,18721853,false,false,9,2016-07-01,2017-03-31,0
2017-04-28,24280,2016-06-30,3,7824000000,0.184,,,,,1699000000,0.224,1712000000,0.394,1152000000,,0.436,61.19,60.73,,,,,,,,,,,,,,,,,,,,18838400,false,false,9,2015-07-01,2016-03-31,-1
2017-04-28,24280,2017-06-30,3,11100000000,0.054,,,,,,,,,,,,,,,,,,,,,,,,,,,50.00,,,,,,,false,true,12,2016-07-01,2017-06-30,0
2017-04-28,24280,2017-06-30,3,,,,,,,1000000000,-0.513,950000000,-0.527,650000000,,-0.519,34.65,,,,,,,,,,,,,,,,,,,,,,false,true,12,2016-07-01,2017-06-30,0
2017-04-28,24280,2017-06-30,3,,,,,,,1500000000,-0.278,1450000000,-0.278,1000000000,,-0.259,53.31,,,,,,,,,,,,,,,,,,,,,,false,true,12,2016-07-01,2017-06-30,0
2017-04-28,24280,2016-06-30,3,,,,,,,,,,,,,,,,,,,,21104000000,8485000000,0.400,453.37,8446000000,,,,,80.00,,,,19400000,769958,,false,false,12,2015-07-01,2016-06-30,-1
2017-04-28,24280,2017-06-30,3,,,,,,,,,,,,,,,,,,,,,,,,,,,,,0.00,,,,,,,false,false,12,2016-07-01,2017-06-30,0
2017-08-07,24280,2017-06-30,,10260000000,-0.026,,,,,1099000000,-0.465,1239000000,-0.383,869000000,,-0.356,46.36,45.57,0.102,0.057,0.107,,22457000000,8780000000,0.387,460.36,8698000000,2328000000,-1341000000,-596000000,15348000000,50.00,1.079,,,19400000,505158,18758434,false,false,12,2016-07-01,2017-06-30,0
2017-08-07,24280,2016-06-30,,10529000000,0.185,,,,,2054000000,0.255,2007000000,0.321,1350000000,,0.440,71.91,70.22,0.163,0.099,0.195,,21104000000,8485000000,0.400,453.37,8446000000,2554000000,218000000,-1108000000,14958000000,80.00,0.556,,,19400000,769958,18786561,false,false,12,2015-07-01,2016-06-30,-1
2017-08-07,24280,2018-06-30,,,,,,,,,,,,,,,,,,,,,,,,,,,,,,50.00,,,,,,,false,true,12,2017-07-01,2018-06-30,1
2017-10-31,24280,2018-06-30,1,2399000000,-0.122,,,,,217000000,-0.549,229000000,-0.625,158000000,,-0.612,8.40,8.34,,,,,17128000000,8010000000,0.463,418.96,7924000000,,,,,,,,,19400000,485658,18895775,false,false,3,2017-07-01,2017-09-30,0
2017-10-31,24280,2017-06-30,1,2731000000,0.117,,,,,481000000,-0.100,612000000,0.136,408000000,,0.133,21.92,21.60,,,,,,,,,,,,,,,,,,,,18657238,false,false,3,2016-07-01,2016-09-30,-1
2017-10-31,24280,2017-06-30,1,,,,,,,,,,,,,,,,,,,,22457000000,8780000000,0.387,460.36,8698000000,,,,,50.00,,,,19400000,505158,,false,false,12,2016-07-01,2017-06-30,-1
2017-10-31,24280,2018-06-30,1,,,,,,,,,,,,,,,,,,,,,,,,,,,,,50.00,,,,,,,false,true,12,2017-07-01,2018-06-30,0
2018-02-02,24280,2018-06-30,2,4911000000,-0.073,,,,,349000000,-0.563,366000000,-0.606,240000000,,-0.620,12.74,12.65,,,,,18451000000,8113000000,0.435,423.89,8024000000,,,,,,,,,19400000,469556,18909561,false,false,6,2017-07-01,2017-12-31,0
2018-02-02,24280,2017-06-30,2,5300000000,0.051,,,,,798000000,-0.275,930000000,-0.163,634000000,,-0.147,33.91,33.24,,,,,,,,,,,,,,,,,,,,18695076,false,false,6,2016-07-01,2016-12-31,-1
2018-02-02,24280,2017-06-30,2,,,,,,,,,,,,,,,,,,,,22457000000,8780000000,0.387,460.36,8698000000,,,,,50.00,,,,19400000,505158,,false,false,12,2016-07-01,2017-06-30,-1
2018-02-02,24280,2018-06-30,2,,,,,,,,,,,,,,,,,,,,,,,,,,,,,0.00,,,,,,,false,false,12,2017-07-01,2018-06-30,0
2018-02-02,24280,2018-06-30,2,,,,,,,,,,,,,,,,,,,,,,,,,,,,,50.00,,,,,,,false,true,12,2017-07-01,2018-06-30,0
2018-04-27,24280,2018-06-30,3,7421000000,-0.062,,,,,582000000,-0.430,601000000,-0.478,393000000,,-0.503,20.84,20.70,,,,,21880000000,8019000000,0.362,423.71,7927000000,,,,,,,,,19400000,690656,18892810,false,false,9,2017-07-01,2018-03-31,0
2018-04-27,24280,2017-06-30,3,7914000000,0.012,,,,,1022000000,-0.398,1153000000,-0.327,792000000,,-0.313,42.32,41.61,,,,,,,,,,,,,,,,,,,,18721853,false,false,9,2016-07-01,2017-03-31,-1
2018-04-27,24280,2018-06-30,3,9700000000,-0.055,,,,,,,,,,,,,,,,,,,,,,,,,,,50.00,,,,,,,false,true,12,2017-07-01,2018-06-30,0
2018-04-27,24280,2018-06-30,3,,,,,,,640000000,-0.418,660000000,-0.468,480000000,,-0.448,25.47,,,,,,,,,,,,,,,,,,,,,,false,true,12,2017-07-01,2018-06-30,0
2018-04-27,24280,2018-06-30,3,,,,,,,690000000,-0.372,710000000,-0.427,510000000,,-0.414,27.06,,,,,,,,,,,,,,,,,,,,,,false,true,12,2017-07-01,2018-06-30,0
2018-04-27,24280,2017-06-30,3,,,,,,,,,,,,,,,,,,,,22457000000,8780000000,0.387,460.36,8698000000,,,,,50.00,,,,19400000,505158,,false,false,12,2016-07-01,2017-06-30,-1
2018-04-27,24280,2018-06-30,3,,,,,,,,,,,,,,,,,,,,,,,,,,,,,0.00,,,,,,,false,false,12,2017-07-01,2018-06-30,0
2018-04-27,24280,2018-06-30,,9700000000,,,,,,,,,,,,,,,,,,,,,,,,,,,,,,,,,,,false,true,12,2017-07-01,2018-06-30,0
2018-04-27,24280,2017-06-30,,10260000000,,,,,,1099000000,,1239000000,,869000000,,,46.36,,,,,,,,,,,,,,,,,,,,,,false,false,12,2016-07-01,2017-06-30,-1
2018-04-27,24280,2018-06-30,,,,,,,,640000000,,660000000,,480000000,,,25.47,,,,,,,,,,,,,,,,,,,,,,false,true,12,2017-07-01,2018-06-30,0
2018-04-27,24280,2018-06-30,,,,,,,,690000000,,710000000,,510000000,,,27.06,,,,,,,,,,,,,,,,,,,,,,false,true,12,2017-07-01,2018-06-30,0
2018-08-07,24280,2018-06-30,,9783000000,-0.046,,,,,677000000,-0.383,708000000,-0.429,495000000,,-0.431,26.31,26.12,0.060,0.036,0.069,,16811000000,7907000000,0.465,420.62,7812000000,-3993000000,35000000,-1405000000,9983000000,50.00,1.900,,,19400000,825656,18817761,false,false,12,2017-07-01,2018-06-30,0
2018-08-07,24280,2017-06-30,,10260000000,-0.026,,,,,1099000000,-0.465,1239000000,-0.383,869000000,,-0.356,46.36,45.57,0.102,0.057,0.107,,22457000000,8780000000,0.387,460.36,8698000000,2328000000,-1341000000,-596000000,15348000000,50.00,1.079,,,19400000,505158,18758434,false,false,12,2016-07-01,2017-06-30,-1
2018-08-07,24280,2019-06-30,,,,,,,,,,,,,,,,,,,,,,,,,,,,,,50.00,,,,,,,false,true,12,2018-07-01,2019-06-30,1
2018-10-31,24280,2019-06-30,1,2473000000,0.031,,,,,142000000,-0.345,149000000,-0.351,102000000,,-0.353,5.51,5.48,,,,,20484000000,7164000000,0.345,377.06,7067000000,,,,,,,,,19400000,657256,18659277,false,false,3,2018-07-01,2018-09-30,0
2018-10-31,24280,2018-06-30,1,2399000000,-0.122,,,,,217000000,-0.549,229000000,-0.625,158000000,,-0.612,8.40,8.34,,,,,,,,,,,,,,,,,,,,18895775,false,false,3,2017-07-01,2017-09-30,-1
2018-10-31,24280,2018-06-30,1,,,,,,,,,,,,,,,,,,,,16811000000,7907000000,0.465,420.62,7812000000,,,,,50.00,,,,19400000,825656,,false,false,12,2017-07-01,2018-06-30,-1
2018-10-31,24280,2019-06-30,1,,,,,,,,,,,,,,,,,,,,,,,,,,,,,50.00,,,,,,,false,true,12,2018-07-01,2019-06-30,0
2019-02-04,24280,2019-06-30,2,5052000000,0.029,,,,,293000000,-0.160,306000000,-0.164,211000000,,-0.124,11.29,11.23,,,,,23125000000,7286000000,0.311,383.33,7190000000,,,,,,,,,19400000,643020,18705265,false,false,6,2018-07-01,2018-12-31,0
2019-02-04,24280,2018-06-30,2,4911000000,-0.073,,,,,349000000,-0.563,366000000,-0.606,240000000,,-0.620,12.74,12.65,,,,,,,,,,,,,,,,,,,,18909561,false,false,6,2017-07-01,2017-12-31,-1
2019-02-04,24280,2018-06-30,2,,,,,,,,,,,,,,,,,,,,16811000000,7907000000,0.465,420.62,7812000000,,,,,50.00,,,,19400000,825656,,false,false,12,2017-07-01,2018-06-30,-1
2019-02-04,24280,2019-06-30,2,,,,,,,,,,,,,,,,,,,,,,,,,,,,,0.00,,,,,,,false,false,12,2018-07-01,2019-06-30,0
2019-02-04,24280,2019-06-30,2,,,,,,,,,,,,,,,,,,,,,,,,,,,,,50.00,,,,,,,false,true,12,2018-07-01,2019-06-30,0
2019-04-26,24280,2019-06-30,3,7622000000,0.027,,,,,449000000,-0.229,470000000,-0.218,324000000,,-0.175,17.35,17.27,,,,,22330000000,7397000000,0.327,389.40,7303000000,,,,,,,,,19400000,643048,18722247,false,false,9,2018-07-01,2019-03-31,0
2019-04-26,24280,2018-06-30,3,7421000000,-0.062,,,,,582000000,-0.430,601000000,-0.478,393000000,,-0.503,20.84,20.70,,,,,,,,,,,,,,,,,,,,18892810,false,false,9,2017-07-01,2018-03-31,-1
2019-04-26,24280,2019-06-30,3,10000000000,0.022,,,,,560000000,-0.174,580000000,-0.181,400000000,,-0.192,21.36,,,,,,,,,,,,,,,50.00,,,,,,,false,true,12,2018-07-01,2019-06-30,0
2019-04-26,24280,2018-06-30,3,,,,,,,,,,,,,,,,,,,,16811000000,7907000000,0.465,420.62,7812000000,,,,,50.00,,,,19400000,825656,,false,false,12,2017-07-01,2018-06-30,-1
2019-04-26,24280,2019-06-30,3,,,,,,,,,,,,,,,,,,,,,,,,,,,,,0.00,,,,,,,false,false,12,2018-07-01,2019-06-30,0
2019-04-26,24280,2019-06-30,,10000000000,,,,,,560000000,,580000000,,400000000,,,21.36,,,,,,,,,,,,,,,,,,,,,,false,true,12,2018-07-01,2019-06-30,0
2019-04-26,24280,2018-06-30,,9783000000,,,,,,677000000,,708000000,,495000000,,,26.31,,,,,,,,,,,,,,,,,,,,,,false,false,12,2017-07-01,2018-06-30,-1
2019-08-07,24280,2019-06-30,,10032000000,0.025,,,,,503000000,-0.258,530000000,-0.251,374000000,,-0.243,20.02,19.92,0.047,0.026,0.050,,18960000000,7443000000,0.388,392.04,7353000000,3177000000,-477000000,-848000000,11835000000,50.00,2.498,,,19400000,643048,18730900,false,false,12,2018-07-01,2019-06-30,0
2019-08-07,24280,2018-06-30,,9783000000,-0.046,,,,,677000000,-0.383,706000000,-0.429,495000000,,-0.431,26.31,26.12,0.060,0.036,0.069,,16811000000,7907000000,0.465,420.62,7812000000,-3993000000,35000000,-1405000000,9983000000,50.00,1.900,,,19400000,825656,18817761,false,false,12,2017-07-01,2018-06-30,-1
2019-08-07,24280,2020-06-30,,,,,,,,,,,,,,,,,,,,,,,,,,,,,,0.00,,,,,,,false,true,12,2019-07-01,2020-06-30,1
2019-10-31,24280,2020-06-30,1,2456000000,-0.007,,,,,228000000,0.605,229000000,0.542,159000000,,0.549,8.48,8.45,,,,,22580000000,6666000000,0.292,350.83,6588000000,,,,,,,,,19400000,619540,18779100,false,false,3,2019-07-01,2019-09-30,0
2019-10-31,24280,2019-06-30,1,2473000000,0.031,,,,,142000000,-0.345,149000000,-0.351,102000000,,-0.353,5.51,5.48,,,,,,,,,,,,,,,,,,,,18659277,false,false,3,2018-07-01,2018-09-30,-1
2019-10-31,24280,2019-06-30,1,,,,,,,,,,,,,,,,,,,,18960000000,7443000000,0.388,392.04,7353000000,,,,,50.00,,,,19400000,643048,,false,false,12,2018-07-01,2019-06-30,-1
2019-10-31,24280,2020-06-30,1,,,,,,,,,,,,,,,,,,,,,,,,,,,,,0.00,,,,,,,false,true,12,2019-07-01,2020-06-30,0
2020-02-03,24280,2020-06-30,2,4821000000,-0.046,,,,,478000000,0.632,482000000,0.580,335000000,,0.587,17.84,17.78,,,,,19635000000,6854000000,0.345,360.57,6778000000,,,,,,,,,19400000,599824,18785673,false,false,6,2019-07-01,2019-12-31,0
2020-02-03,24280,2019-06-30,2,5052000000,0.029,,,,,293000000,-0.160,305000000,-0.167,211000000,,-0.124,11.29,11.23,,,,,,,,,,,,,,,,,,,,18705265,false,false,6,2018-07-01,2018-12-31,-1
2020-02-03,24280,2019-06-30,2,,,,,,,,,,,,,,,,,,,,18960000000,7443000000,0.388,392.04,7353000000,,,,,50.00,,,,19400000,643048,,false,false,12,2018-07-01,2019-06-30,-1
2020-02-03,24280,2020-06-30,2,,,,,,,,,,,,,,,,,,,,,,,,,,,,,0.00,,,,,,,false,false,12,2019-07-01,2020-06-30,0
2020-04-30,24280,2020-06-30,3,7113000000,-0.067,,,,,699000000,0.557,706000000,0.514,489000000,,0.507,26.06,25.97,,,,,17268000000,7006000000,0.401,368.66,6933000000,,,,,,,,,19400000,599824,18790472,false,false,9,2019-07-01,2020-03-31,0
2020-04-30,24280,2019-06-30,3,7622000000,0.027,,,,,449000000,-0.229,466000000,-0.222,324000000,,-0.175,17.35,17.27,,,,,,,,,,,,,,,,,,,,18722247,false,false,9,2018-07-01,2019-03-31,-1
2020-04-30,24280,2019-06-30,3,,,,,,,,,,,,,,,,,,,,18960000000,7443000000,0.388,392.04,7353000000,,,,,50.00,,,,19400000,643048,,false,false,12,2018-07-01,2019-06-30,-1
2020-04-30,24280,2020-06-30,3,,,,,,,,,,,,,,,,,,,,,,,,,,,,,0.00,,,,,,,false,false,12,2019-07-01,2020-06-30,0
2020-05-29,24280,2020-06-30,,9279000000,,,,,,776000000,,784000000,,471000000,,,25.12,,,,,,,,,,,,,,,,,,,,,,false,true,12,2019-07-01,2020-06-30,0
2020-05-29,24280,2019-06-30,,10032000000,,,,,,503000000,,530000000,,374000000,,,20.02,,,,,,,,,,,,,,,,,,,,,,false,false,12,2018-07-01,2019-06-30,-1
2020-08-07,24280,2020-06-30,,9379000000,-0.065,,,,,817000000,0.624,826000000,0.558,494000000,,0.319,26.31,26.22,0.069,0.042,0.087,,20074000000,7009000000,0.346,368.95,6936000000,-1846000000,-1181000000,-196000000,8609000000,13.15,0.500,,,19400000,598024,18793333,false,false,12,2019-07-01,2020-06-30,0
2020-08-07,24280,2019-06-30,,10032000000,0.025,,,,,503000000,-0.258,530000000,-0.251,374000000,,-0.243,20.02,19.92,0.047,0.026,0.050,,18960000000,7443000000,0.388,392.04,7353000000,3175000000,-475000000,-848000000,11835000000,50.00,2.498,,,19400000,643048,18730900,false,false,12,2018-07-01,2019-06-30,-1
2020-10-30,24280,2021-06-30,1,2217000000,-0.097,,,,,135000000,-0.406,147000000,-0.358,102000000,,-0.358,5.44,5.42,,,,,21470000000,6868000000,0.317,361.43,6795000000,,,,,,,,,19400000,598024,18801976,false,false,3,2020-07-01,2020-09-30,0
2020-10-30,24280,2020-06-30,1,2456000000,-0.007,,,,,228000000,0.605,229000000,0.542,159000000,,0.549,8.48,8.45,,,,,,,,,,,,,,,,,,,,18779100,false,false,3,2019-07-01,2019-09-30,-1
2020-10-30,24280,2020-06-30,1,,,,,,,,,,,,,,,,,,,,20074000000,7009000000,0.346,368.95,6936000000,,,,,13.15,,,,19400000,598024,,false,false,12,2019-07-01,2020-06-30,-1
2020-10-30,24280,2021-06-30,1,,,,,,,,,,,,,,,,,,,,,,,,,,,,,0.00,,,,,,,false,true,12,2020-07-01,2021-06-30,0
2021-02-02,24280,2021-06-30,2,4550000000,-0.056,,,,,336000000,-0.297,357000000,-0.259,247000000,,-0.263,13.14,13.09,,,,,21319000000,7024000000,0.326,369.33,6951000000,,,,,,,,,19400000,577865,18807344,false,false,6,2020-07-01,2020-12-31,0
2021-02-02,24280,2020-06-30,2,4821000000,-0.046,,,,,478000000,0.632,482000000,0.580,335000000,,0.587,17.84,17.78,,,,,,,,,,,,,,,,,,,,18785673,false,false,6,2019-07-01,2019-12-31,-1
2021-02-02,24280,2020-06-30,2,,,,,,,,,,,,,,,,,,,,20074000000,7009000000,0.346,368.95,6936000000,,,,,13.15,,,,19400000,598024,,false,false,12,2019-07-01,2020-06-30,-1
2021-02-02,24280,2021-06-30,2,,,,,,,,,,,,,,,,,,,,,,,,,,,,,0.00,,,,,,,false,false,12,2020-07-01,2021-06-30,0
2021-04-30,24280,2021-06-30,3,6724000000,-0.055,,,,,510000000,-0.270,542000000,-0.232,375000000,,-0.234,19.94,19.87,,,,,20193000000,7156000000,0.351,376.37,7084000000,,,,,,,,,19400000,577865,18812203,false,false,9,2020-07-01,2021-03-31,0
2021-04-30,24280,2020-06-30,3,7113000000,-0.067,,,,,699000000,0.557,706000000,0.514,489000000,,0.507,26.06,25.97,,,,,,,,,,,,,,,,,,,,18790472,false,false,9,2019-07-01,2020-03-31,-1
2021-04-30,24280,2020-06-30,3,,,,,,,,,,,,,,,,,,,,20074000000,7009000000,0.346,368.95,6936000000,,,,,13.15,,,,19400000,598024,,false,false,12,2019-07-01,2020-06-30,-1
2021-04-30,24280,2021-06-30,3,,,,,,,,,,,,,,,,,,,,,,,,,,,,,0.00,,,,,,,false,false,12,2020-07-01,2021-06-30,0
2021-08-10,24280,2021-06-30,,8842000000,-0.057,,,,,567000000,-0.306,666000000,-0.194,393000000,,-0.203,20.94,20.87,0.056,0.032,0.064,,21257000000,7175000000,0.334,377.37,7102000000,2599000000,-1799000000,1013000000,10423000000,15.47,0.739,,,19400000,577865,18814679,false,false,12,2020-07-01,2021-06-30,0
2021-08-10,24280,2020-06-30,,9379000000,-0.065,,,,,817000000,0.624,826000000,0.558,494000000,,0.319,26.31,26.22,0.069,0.042,0.087,,20074000000,7009000000,0.346,368.95,6936000000,-1846000000,-1181000000,-196000000,8609000000,13.15,0.500,,,19400000,598024,18793333,false,false,12,2019-07-01,2020-06-30,-1
2021-08-17,24280,2022-06-30,,9600000000,,,,,,730000000,,730000000,,500000000,,,26.56,,,,,,,,,,,,,,,13.29,,,,,,,false,true,12,2021-07-01,2022-06-30,0
2021-08-17,24280,2021-06-30,,8842000000,,,,,,567000000,,666000000,,393000000,,,20.94,,,,,,,,,,,,,,,15.47,,,,,,,false,false,12,2020-07-01,2021-06-30,-1
2021-10-29,24280,2022-06-30,1,2095000000,-0.055,,,,,130000000,-0.037,134000000,-0.087,108000000,,0.062,5.77,5.75,,,,,21127000000,6979000000,0.328,367.81,6923000000,,,,,,,,,19400000,577865,18822135,false,false,3,2021-07-01,2021-09-30,0
2021-10-29,24280,2021-06-30,1,2217000000,-0.097,,,,,135000000,-0.406,147000000,-0.358,102000000,,-0.358,5.44,5.42,,,,,,,,,,,,,,,,,,,,18801976,false,false,3,2020-07-01,2020-09-30,-1
2021-10-29,24280,2022-06-30,1,9600000000,,,,,,730000000,,730000000,,500000000,,,26.56,,,,,,,,,,,,,,,13.29,,,,,,,false,true,12,2021-07-01,2022-06-30,0
2021-10-29,24280,2021-06-30,1,,,,,,,,,,,,,,,,,,,,21257000000,7175000000,0.334,377.37,7102000000,,,,,15.47,,,,19400000,577865,,false,false,12,2020-07-01,2021-06-30,-1
2022-02-02,24280,2022-06-30,2,4452000000,-0.021,,,,,385000000,0.144,386000000,0.082,282000000,,0.142,14.98,14.93,,,,,26705000000,7149000000,0.266,376.28,7093000000,,,,,,,,,19400000,547985,18830417,false,false,6,2021-07-01,2021-12-31,0
2022-02-02,24280,2021-06-30,2,4550000000,-0.056,,,,,336000000,-0.297,357000000,-0.259,247000000,,-0.263,13.14,13.09,,,,,,,,,,,,,,,,,,,,18807344,false,false,6,2020-07-01,2020-12-31,-1
2022-02-02,24280,2022-06-30,2,9600000000,,,,,,730000000,,730000000,,500000000,,,26.56,,,,,,,,,,,,,,,13.29,,,,,,,false,true,12,2021-07-01,2022-06-30,0
2022-02-02,24280,2021-06-30,2,,,,,,,,,,,,,,,,,,,,21257000000,7175000000,0.334,377.37,7102000000,,,,,15.47,,,,19400000,577865,,false,false,12,2020-07-01,2021-06-30,-1
2022-02-02,24280,2022-06-30,2,,,,,,,,,,,,,,,,,,,,,,,,,,,,,0.00,,,,,,,false,false,12,2021-07-01,2022-06-30,0
2022-04-28,24280,2022-06-30,3,6732000000,0.001,,,,,576000000,0.129,585000000,0.080,419000000,,0.119,22.28,22.20,,,,,25051000000,7289000000,0.289,383.72,7233000000,,,,,,,,,19400000,547985,18837511,false,false,9,2021-07-01,2022-03-31,0
2022-04-28,24280,2021-06-30,3,6724000000,-0.055,,,,,510000000,-0.270,542000000,-0.232,375000000,,-0.234,19.94,19.87,,,,,,,,,,,,,,,,,,,,18812203,false,false,9,2020-07-01,2021-03-31,-1
2022-04-28,24280,2022-06-30,3,9600000000,,,,,,730000000,,730000000,,500000000,,,26.56,,,,,,,,,,,,,,,13.29,,,,,,,false,true,12,2021-07-01,2022-06-30,0
2022-04-28,24280,2021-06-30,3,,,,,,,,,,,,,,,,,,,,21257000000,7175000000,0.334,337.37,7102000000,,,,,15.47,,,,1940000,577865,,false,false,12,2020-07-01,2021-06-30,-1
2022-04-28,24280,2022-06-30,3,,,,,,,,,,,,,,,,,,,,,,,,,,,,,0.00,,,,,,,false,false,12,2021-07-01,2022-06-30,0
2022-08-12,24280,2022-06-30,,8950000000,0.012,,,,,735000000,0.297,754000000,0.132,532000000,,0.351,28.25,28.15,0.074,0.034,0.082,,23642000000,7410000000,0.311,390.16,7355000000,3285000000,-269000000,-390000000,13049000000,14.13,0.500,,,19400000,547985,18841127,false,false,12,2021-07-01,2022-06-30,0
2022-08-12,24280,2021-06-30,,8842000000,-0.057,,,,,567000000,-0.306,666000000,-0.194,393000000,,-0.203,20.94,20.87,0.056,0.032,0.064,,21257000000,7175000000,0.334,377.37,7102000000,2599000000,-1799000000,1013000000,10423000000,15.47,0.739,,,19400000,577865,18814679,false,false,12,2020-07-01,2021-06-30,-1
2022-09-06,24280,2023-06-30,,9300000000,,,,,,,,860000000,,600000000,,,31.83,,,,,,,,,,,,,,,16.00,,,,,,,false,true,12,2022-07-01,2023-06-30,0
2022-09-06,24280,2022-06-30,,8950000000,,,,,,,,754000000,,532000000,,,28.25,,,,,,,,,,,,,,,14.13,,,,,,,false,false,12,2021-07-01,2022-06-30,-1
2022-10-31,24280,2023-06-30,1,2272000000,0.085,,,,,234000000,0.796,226000000,0.684,217000000,,1.007,11.56,11.49,,,,,26327000000,7376000000,0.278,387.76,7309000000,,,,,,,,,19400000,547985,18852015,false,false,3,2022-07-01,2022-09-30,0
2022-10-31,24280,2022-06-30,1,2095000000,-0.055,,,,,130000000,-0.037,134000000,-0.087,108000000,,0.062,5.77,5.75,,,,,,,,,,,,,,,,,,,,18822135,false,false,3,2021-07-01,2021-09-30,-1
2022-10-31,24280,2023-06-30,1,9300000000,0.039,,,,,,,860000000,0.140,600000000,,0.127,31.83,,,,,,,,,,,,,,,16.00,,,,,,,false,true,12,2022-07-01,2023-06-30,0
2022-10-31,24280,2022-06-30,1,,,,,,,,,,,,,,,,,,,,23642000000,7410000000,0.311,390.16,7355000000,,,,,14.13,,,,19400000,547985,,false,false,12,2021-07-01,2022-06-30,-1
2023-02-03,24280,2023-06-30,2,4920000000,0.105,,,,,562000000,0.462,561000000,0.453,444000000,,0.576,23.58,23.37,,,,,28872000000,7623000000,0.262,400.10,7551000000,,,,,,,,,19400000,525475,18858254,false,false,6,2022-07-01,2022-12-31,0
2023-02-03,24280,2022-06-30,2,4452000000,-0.021,,,,,385000000,0.144,386000000,0.082,282000000,,0.142,14.98,14.93,,,,,,,,,,,,,,,,,,,,18830417,false,false,6,2021-07-01,2021-12-31,-1
2023-02-03,24280,2023-06-30,2,9300000000,0.039,,,,,,,860000000,0.140,600000000,,0.127,31.83,,,,,,,,,,,,,,,16.00,,,,,,,false,true,12,2022-07-01,2023-06-30,0
2023-02-03,24280,2022-06-30,2,,,,,,,,,,,,,,,,,,,,23642000000,7410000000,0.311,390.16,7355000000,,,,,14.13,,,,19400000,547985,,false,false,12,2021-07-01,2022-06-30,-1
2023-02-03,24280,2023-06-30,2,,,,,,,,,,,,,,,,,,,,,,,,,,,,,0.00,,,,,,,false,false,12,2022-07-01,2023-06-30,0
2023-05-08,24280,2023-06-30,3,7169000000,0.065,,,,,784000000,0.362,785000000,0.341,533000000,,0.272,28.29,28.03,,,,,29216000000,7721000000,0.262,404.96,7643000000,,,,,,,,,19400000,525475,18863599,false,false,9,2022-07-01,2023-03-31,0
2023-05-08,24280,2022-06-30,3,6732000000,0.001,,,,,576000000,0.129,585000000,0.080,419000000,,0.119,22.28,22.20,,,,,,,,,,,,,,,,,,,,18837511,false,false,9,2021-07-01,2022-03-31,-1
2023-05-08,24280,2023-06-30,3,9400000000,0.050,,,,,,,920000000,0.219,620000000,,0.165,32.85,,,,,,,,,,,,,,,16.43,,,,,,,false,true,12,2022-07-01,2023-06-30,0
2023-05-08,24280,2022-06-30,3,,,,,,,,,,,,,,,,,,,,23642000000,7410000000,0.311,390.16,7355000000,,,,,14.13,,,,19400000,547985,,false,false,12,2021-07-01,2022-06-30,-1
2023-05-08,24280,2023-06-30,3,,,,,,,,,,,,,,,,,,,,,,,,,,,,,0.00,,,,,,,false,false,12,2022-07-01,2023-06-30,0
2023-05-08,24280,2023-06-30,,9400000000,0.011,,,,,,,920000000,0.070,620000000,,0.033,32.85,,,,,,,,,,,,,,,16.43,,,,,,,false,true,12,2022-07-01,2023-06-30,0
2023-05-08,24280,2022-06-30,,8950000000,,,,,,,,754000000,,532000000,,,28.25,,,,,,,,,,,,,,,14.13,,,,,,,false,false,12,2021-07-01,2022-06-30,-1
2023-05-08,24280,2023-06-30,,,,,,,,,,,,,,,,,,,,,,,,,,,,,,0.00,,,,,,,false,false,12,2022-07-01,2023-06-30,0
2023-08-14,24280,2023-06-30,,9424000000,0.053,,,,,939000000,0.277,935000000,0.240,635000000,,0.194,33.68,33.44,0.084,0.039,0.100,,24892000000,7826000000,0.311,410.38,7745000000,1114000000,268000000,-360000000,14070000000,16.84,0.500,,,19400000,525475,18866323,false,false,12,2022-07-01,2023-06-30,0
2023-08-14,24280,2022-06-30,,8950000000,0.012,,,,,735000000,0.297,754000000,0.132,532000000,,0.351,28.25,28.15,0.074,0.034,0.082,,23642000000,7410000000,0.311,390.16,7355000000,3285000000,-267000000,-390000000,13049000000,14.13,0.500,,,19400000,547985,18841127,false,false,12,2021-07-01,2022-06-30,-1
2023-08-14,24280,2024-06-30,,10160000000,0.078,,,,,,,1150000000,0.229,790000000,,0.243,41.86,,,,,,,,,,,,,,,21.00,0.500,,,,,,false,true,12,2023-07-01,2024-06-30,1
2023-10-30,24280,2024-06-30,1,2315000000,0.019,,,,,261000000,0.114,261000000,0.152,178000000,,-0.181,9.45,9.39,,,,,23312000000,7690000000,0.326,402.88,7604000000,,,,,,,,,19400000,525475,18874525,false,false,3,2023-07-01,2023-09-30,0
2023-10-30,24280,2023-06-30,1,2272000000,0.085,,,,,234000000,0.796,226000000,0.684,217000000,,1.007,11.56,11.49,,,,,,,,,,,,,,,,,,,,18852015,false,false,3,2022-07-01,2022-09-30,-1
2023-10-30,24280,2024-06-30,1,10160000000,0.078,,,,,,,1150000000,0.229,790000000,,0.243,41.86,,,,,,,,,,,,,,,21.00,,,,,,,false,true,12,2023-07-01,2024-06-30,0
2023-10-30,24280,2023-06-30,1,,,,,,,,,,,,,,,,,,,,24892000000,7826000000,0.311,410.38,7745000000,,,,,16.84,,,,19400000,525475,,false,false,12,2022-07-01,2023-06-30,-1
2024-02-02,24280,2024-06-30,2,4897000000,-0.005,,,,,563000000,0.002,564000000,0.004,385000000,,-0.134,20.39,20.26,,,,,27164000000,7917000000,0.288,414.01,7825000000,,,,,,,,,19400000,518390,18881610,false,false,6,2023-07-01,2023-12-31,0
2024-02-02,24280,2023-06-30,2,4920000000,0.105,,,,,562000000,0.462,561000000,0.453,444000000,,0.576,23.58,23.37,,,,,,,,,,,,,,,,,,,,18858254,false,false,6,2022-07-01,2022-12-31,-1
2024-02-02,24280,2024-06-30,2,10160000000,0.078,,,,,,,1150000000,0.229,790000000,,0.243,41.86,,,,,,,,,,,,,,,21.00,,,,,,,false,true,12,2023-07-01,2024-06-30,0
2024-02-02,24280,2023-06-30,2,,,,,,,,,,,,,,,,,,,,24892000000,7826000000,0.311,410.38,7745000000,,,,,16.84,,,,19400000,525475,,false,false,12,2022-07-01,2023-06-30,-1
2024-02-02,24280,2024-06-30,2,,,,,,,,,,,,,,,,,,,,,,,,,,,,,0.00,,,,,,,false,false,12,2023-07-01,2024-06-30,0
2024-05-08,24280,2024-06-30,3,7560000000,0.054,,,,,922000000,0.175,923000000,0.176,643000000,,0.206,34.09,33.85,,,,,24930000000,8180000000,0.324,427.68,8083000000,,,,,,,,,19400000,498316,18888253,false,false,9,2023-07-01,2024-03-31,0
2024-05-08,24280,2023-06-30,3,7169000000,0.065,,,,,784000000,0.362,785000000,0.341,533000000,,0.272,28.29,28.03,,,,,,,,,,,,,,,,,,,,18863599,false,false,9,2022-07-01,2023-03-31,-1
2024-05-08,24280,2024-06-30,3,10160000000,0.078,,,,,,,1150000000,0.229,790000000,,0.243,41.86,,,,,,,,,,,,,,,21.00,,,,,,,false,true,12,2023-07-01,2024-06-30,0
2024-05-08,24280,2023-06-30,3,,,,,,,,,,,,,,,,,,,,24892000000,7826000000,0.311,410.38,7745000000,,,,,16.84,,,,19400000,525475,,false,false,12,2022-07-01,2023-06-30,-1
2024-05-08,24280,2024-06-30,3,,,,,,,,,,,,,,,,,,,,,,,,,,,,,0.00,,,,,,,false,false,12,2023-07-01,2024-06-30,0
2024-08-14,2428,2024-06-30,,10132000000,0.075,,,,,1222000000,0.301,1223000000,0.308,836000000,,0.317,44.29,43.95,0.101,0.047,0.121,,27141000000,8378000000,0.305,437.87,8276000000,2644000000,333000000,-392000000,16657000000,22.15,0.500,,,19400000,498316,18891592,false,false,12,2023-07-01,2024-06-30,0
2024-08-14,2428,2023-06-30,,9424000000,0.053,,,,,939000000,0.277,935000000,0.240,635000000,,0.194,33.68,33.44,0.084,0.039,0.100,,24892000000,7826000000,0.311,410.38,7745000000,1114000000,268000000,-360000000,14070000000,16.84,0.500,,,19400000,525475,18866323,false,false,12,2022-07-01,2023-06-30,-1
2024-08-14,2428,2025-06-30,,12000000000,0.184,,,,,,,1500000000,0.226,1000000000,,0.195,52.91,,,,,,,,,,,,,,,26.46,0.500,,,,,,false,true,12,2024-07-01,2025-06-30,1
2024-10-30,2428,2025-06-30,1,2816000000,0.216,,,,,423000000,0.620,427000000,0.634,294000000,,0.647,15.64,15.42,,,,,36462000000,7958000000,0.215,423.53,7851000000,,,,,,,,,19400000,862716,18796123,false,false,3,2024-07-01,2024-09-30,0
2024-10-30,2428,2024-06-30,1,2315000000,0.019,,,,,261000000,0.114,261000000,0.152,178000000,,-0.181,9.45,9.39,,,,,,,,,,,,,,,,,,,,18874525,false,false,3,2023-07-01,2023-09-30,-1
2024-10-30,2428,2025-06-30,1,12000000000,0.184,,,,,,,1500000000,0.226,1000000000,,0.195,52.91,,,,,,,,,,,,,,,26.46,,,,,,,false,true,12,2024-07-01,2025-06-30,0
2024-10-30,2428,2024-06-30,1,,,,,,,,,,,,,,,,,,,,27141000000,8378000000,0.305,437.87,8276000000,,,,,22.15,,,,19400000,498316,,false,false,12,2023-07-01,2024-06-30,-1
2025-01-31,2428,2025-06-30,2,5599000000,0.143,,,,,816000000,0.449,819000000,0.453,563000000,,0.464,30.13,29.36,,,,,35839000000,8307000000,0.229,442.95,8211000000,,,,,,,,,19400000,712057,18705956,false,false,6,2024-07-01,2024-12-31,0
2025-01-31,2428,2024-06-30,2,4897000000,-0.005,,,,,563000000,0.002,564000000,0.004,385000000,,-0.134,20.39,20.26,,,,,,,,,,,,,,,,,,,,18881610,false,false,6,2023-07-01,2023-12-31,-1
2025-01-31,2428,2025-06-30,2,12000000000,0.184,,,,,,,1500000000,0.226,1000000000,,0.195,52.91,,,,,,,,,,,,,,,26.46,,,,,,,false,true,12,2024-07-01,2025-06-30,0
2025-01-31,2428,2024-06-30,2,,,,,,,,,,,,,,,,,,,,27141000000,8378000000,0.305,437.87,8276000000,,,,,22.15,,,,19400000,498316,,false,false,12,2023-07-01,2024-06-30,-1
2025-01-31,2428,2025-06-30,2,,,,,,,,,,,,,,,,,,,,,,,,,,,,,0.00,,,,,,,false,false,12,2024-07-01,2025-06-30,0
2025-01-31,2428,2025-06-30,2,5599000000,0.143,,,,,816000000,0.449,819000000,0.453,563000000,,0.464,30.13,29.69,,,,,35839000000,8307000000,0.229,439.38,8211000000,,,,,,,,,19400000,712057,18705956,false,false,6,2024-07-01,2024-12-31,0
2025-01-31,2428,2024-06-30,2,4897000000,-0.005,,,,,563000000,0.002,564000000,0.004,385000000,,-0.134,20.39,20.26,,,,,,,,,,,,,,,,,,,,18881610,false,false,6,2023-07-01,2023-12-31,-1
2025-01-31,2428,2025-06-30,2,12000000000,0.184,,,,,,,1500000000,0.226,1000000000,,0.195,52.91,,,,,,,,,,,,,,,26.46,,,,,,,false,true,12,2024-07-01,2025-06-30,0
2025-01-31,2428,2024-06-30,2,,,,,,,,,,,,,,,,,,,,27141000000,8378000000,0.305,437.87,8276000000,,,,,22.15,,,,19400000,498316,,false,false,12,2023-07-01,2024-06-30,-1
2025-01-31,2428,2025-06-30,2,,,,,,,,,,,,,,,,,,,,,,,,,,,,,0.00,,,,,,,false,false,12,2024-07-01,2025-06-30,0
2025-04-30,2428,2025-06-30,3,8309000000,0.099,,,,,1259000000,0.366,1421000000,0.540,913000000,,0.418,48.79,48.14,,,,,27741000000,8678000000,0.310,458.02,8588000000,,,,,,,,,19400000,648657,18711738,false,false,9,2024-07-01,2025-03-31,0
2025-04-30,2428,2024-06-30,3,7560000000,0.054,,,,,922000000,0.175,923000000,0.176,643000000,,0.206,34.09,33.85,,,,,,,,,,,,,,,,,,,,18888253,false,false,9,2023-07-01,2024-03-31,-1
2025-04-30,2428,2025-06-30,3,10800000000,0.066,,,,,,,1600000000,0.307,1050000000,,0.255,56.00,,,,,,,,,,,,,,,28.00,,,,,,,false,true,12,2024-07-01,2025-06-30,0
2025-04-30,2428,2024-06-30,3,,,,,,,,,,,,,,,,,,,,27141000000,8378000000,0.305,437.87,8276000000,,,,,22.15,,,,19400000,498316,,false,false,12,2023-07-01,2024-06-30,-1
2025-04-30,2428,2025-06-30,3,,,,,,,,,,,,,,,,,,,,,,,,,,,,,0.00,,,,,,,false,false,12,2024-07-01,2025-06-30,0
