filing_date,code,fiscal_year_end,quarterly_period,net_sales,net_sales_change,revenue,revenue_change,operating_revenue,operating_revenue_change,operating_profit,operating_profit_change,ordinary_profit,ordinary_profit_change,net_income,net_income_of_parent,net_income_change,eps,diluted_eps,roe,roa,operating_profit_to_net_sales,operating_profit_to_revenue,total_assets,net_assets,equity_ratio,bps,owner_equity,operating_cash_flow,investing_cash_flow,financing_cash_flow,cash,dividend_per_share,payout_ratio,commemorative_dividend,extra_dividend,number_of_shares,number_of_treqsury_shares,avg_number_of_shares,is_consolidated,is_forecast,duration,period_start,period_end,period_pos
2015-05-08,24790,2015-03-31,,3348000000,-0.017,,,,,79000000,-0.167,78000000,-0.176,57000000,,-0.109,6.85,6.68,0.099,0.059,0.024,,1407000000,646000000,0.459,75.66,646000000,151000000,-33000000,10000000,774000000,,0.146,,,,,,true,false,12,2014-04-01,2015-03-31,0
2015-05-08,24790,2014-03-31,,3405000000,0.266,,,,,95000000,0.479,94000000,0.433,65000000,,0.370,7.80,7.52,0.128,0.082,0.028,,1229000000,538000000,0.427,62.93,525000000,59000000,0,52000000,646000000,,0.128,,,,,,true,false,12,2013-04-01,2014-03-31,-1
2015-05-08,24790,2016-03-31,,1693000000,0.029,,,,,10000000,,10000000,,,5000000,,0.65,,,,,,,,,,,,,,,,,,,,,,true,true,6,2015-04-01,2015-09-30,1
2015-05-08,24790,2016-03-31,,3621000000,0.082,,,,,133000000,0.680,132000000,0.698,,110000000,,12.87,,,,,,,,,,,,,,,,0.078,,,,,,true,true,12,2015-04-01,2016-03-31,1
2015-05-08,24790,2014-03-31,,,,,,,,,,,,,,,,,,,,,,,,,,,,,,1.00,,,,8349600,2800,8346800,false,false,12,2013-04-01,2014-03-31,-1
2015-05-08,24790,2015-03-31,,,,,,,,,,,,,,,,,,,,,,,,,,,,,,1.00,,,,8547800,2800,8473014,false,false,12,2014-04-01,2015-03-31,0
2015-05-08,24790,2016-03-31,,,,,,,,,,,,,,,,,,,,,,,,,,,,,,1.00,,,,,,,false,true,12,2015-04-01,2016-03-31,1
2015-08-03,24790,2016-03-31,1,805000000,-0.027,,,,,-2000000,,-2000000,,,-20000000,,-2.34,,,,,,1356000000,620000000,0.457,72.59,620000000,,,,,,,,,,,,true,false,3,2015-04-01,2015-06-30,0
2015-08-03,24790,2015-03-31,1,827000000,0.006,,,,,-45000000,,-45000000,,,-60000000,,-7.30,,,,,,,,,,,,,,,,,,,,,,true,false,3,2014-04-01,2014-06-30,-1
2015-08-03,24790,2016-03-31,1,1693000000,0.029,,,,,10000000,,10000000,,,5000000,,0.65,,,,,,,,,,,,,,,,,,,,,,true,true,6,2015-04-01,2015-09-30,0
2015-08-03,24790,2016-03-31,1,3621000000,0.082,,,,,133000000,0.680,132000000,0.698,,110000000,,12.87,,,,,,,,,,,,,,,,,,,,,,true,true,12,2015-04-01,2016-03-31,0
2015-08-03,24790,2015-03-31,1,,,,,,,,,,,,,,,,,,,,1407000000,646000000,0.459,75.66,646000000,,,,,,,,,,,,true,false,12,2014-04-01,2015-03-31,-1
2015-08-03,24790,2015-03-31,1,,,,,,,,,,,,,,,,,,,,,,,,,,,,,1.00,,,,8547800,2800,,false,false,12,2014-04-01,2015-03-31,-1
2015-08-03,24790,2016-03-31,1,,,,,,,,,,,,,,,,,,,,,,,,,,,,,1.00,,,,,,,false,true,12,2015-04-01,2016-03-31,0
2015-08-03,24790,2016-03-31,1,,,,,,,,,,,,,,,,,,,,,,,,,,,,,,,,,8547800,2800,8545000,false,false,3,2015-04-01,2015-06-30,0
2015-08-03,24790,2015-03-31,1,,,,,,,,,,,,,,,,,,,,,,,,,,,,,,,,,,,8346800,false,false,3,2014-04-01,2014-06-30,-1
2015-11-04,24790,2016-03-31,2,1628000000,-0.010,,,,,13000000,,12000000,,,1000000,,0.21,0.21,,,,,1346000000,643000000,0.478,75.28,643000000,,,,,,,,,,,,true,false,6,2015-04-01,2015-09-30,0
2015-11-04,24790,2015-03-31,2,1645000000,-0.016,,,,,-27000000,,-28000000,,,-39000000,,-4.71,,,,,,,,,,,,,,,,,,,,,,true,false,6,2014-04-01,2014-09-30,-1
2015-11-04,24790,2016-03-31,2,3621000000,0.082,,,,,133000000,0.680,132000000,0.698,,110000000,,12.87,,,,,,,,,,,,,,,,,,,,,,true,true,12,2015-04-01,2016-03-31,0
2015-11-04,24790,2015-03-31,2,,,,,,,,,,,,,,,,,,,,1407000000,646000000,0.459,75.66,646000000,,,,,,,,,,,,true,false,12,2014-04-01,2015-03-31,-1
2015-11-04,24790,2015-03-31,2,,,,,,,,,,,,,,,,,,,,,,,,,,,,,1.00,,,,8547800,2800,,false,false,12,2014-04-01,2015-03-31,-1
2015-11-04,24790,2016-03-31,2,,,,,,,,,,,,,,,,,,,,,,,,,,,,,0.00,,,,,,,false,false,12,2015-04-01,2016-03-31,0
2015-11-04,24790,2016-03-31,2,,,,,,,,,,,,,,,,,,,,,,,,,,,,,1.00,,,,,,,false,true,12,2015-04-01,2016-03-31,0
2015-11-04,24790,2016-03-31,2,,,,,,,,,,,,,,,,,,,,,,,,,,,,,,,,,8547800,2800,8545000,false,false,6,2015-04-01,2015-09-30,0
2015-11-04,24790,2015-03-31,2,,,,,,,,,,,,,,,,,,,,,,,,,,,,,,,,,,,8417373,false,false,6,2014-04-01,2014-09-30,-1
2016-02-01,24790,2016-03-31,3,2467000000,-0.010,,,,,17000000,0.619,16000000,0.710,,13000000,,1.56,1.53,,,,,1398000000,657000000,0.470,76.94,657000000,,,,,,,,,,,,true,false,9,2015-04-01,2015-12-31,0
2016-02-01,24790,2015-03-31,3,2491000000,-0.017,,,,,10000000,-0.816,9000000,-0.833,,2000000,,0.34,0.33,,,,,,,,,,,,,,,,,,,,,true,false,9,2014-04-01,2014-12-31,-1
2016-02-01,24790,2016-03-31,3,3621000000,0.082,,,,,133000000,0.680,132000000,0.698,,110000000,,12.87,,,,,,,,,,,,,,,,,,,,,,true,true,12,2015-04-01,2016-03-31,0
2016-02-01,24790,2015-03-31,3,,,,,,,,,,,,,,,,,,,,1407000000,646000000,0.459,75.66,646000000,,,,,,,,,,,,true,false,12,2014-04-01,2015-03-31,-1
2016-02-01,24790,2015-03-31,3,,,,,,,,,,,,,,,,,,,,,,,,,,,,,1.00,,,,8547800,2800,,false,false,12,2014-04-01,2015-03-31,-1
2016-02-01,24790,2016-03-31,3,,,,,,,,,,,,,,,,,,,,,,,,,,,,,0.00,,,,,,,false,false,12,2015-04-01,2016-03-31,0
2016-02-01,24790,2016-03-31,3,,,,,,,,,,,,,,,,,,,,,,,,,,,,,1.00,,,,,,,false,true,12,2015-04-01,2016-03-31,0
2016-02-01,24790,2016-03-31,3,,,,,,,,,,,,,,,,,,,,,,,,,,,,,,,,,8547800,2800,8545000,false,false,9,2015-04-01,2015-12-31,0
2016-02-01,24790,2015-03-31,3,,,,,,,,,,,,,,,,,,,,,,,,,,,,,,,,,,,8453695,false,false,9,2014-04-01,2014-12-31,-1
2016-04-26,24790,2016-03-31,,3356000000,-0.073,,,,,73000000,-0.451,76000000,-0.424,,47000000,,5.51,,,,,,,,,,,,,,,,,,,,,,true,true,12,2015-04-01,2016-03-31,0
2016-04-26,24790,2015-03-31,,3348000000,,,,,,79000000,,78000000,,,57000000,,6.85,,,,,,,,,,,,,,,,,,,,,,true,false,12,2014-04-01,2015-03-31,-1
2016-05-09,24790,2016-03-31,,3356000000,0.002,,,,,73000000,-0.082,76000000,-0.024,,47000000,,5.51,5.41,0.070,0.054,0.022,,1405000000,695000000,0.495,81.40,695000000,-5000000,-65000000,-3000000,700000000,,0.181,,,,,,true,false,12,2015-04-01,2016-03-31,0
2016-05-09,24790,2015-03-31,,3348000000,-0.017,,,,,79000000,-0.167,78000000,-0.176,,57000000,,6.85,6.68,0.099,0.059,0.024,,1407000000,646000000,0.459,75.66,646000000,151000000,-33000000,10000000,774000000,,0.146,,,,,,true,false,12,2014-04-01,2015-03-31,-1
2016-05-09,24790,2017-03-31,,1791000000,0.100,,,,,17000000,0.263,16000000,0.247,,12000000,,1.40,,,,,,,,,,,,,,,,,,,,,,true,true,6,2016-04-01,2016-09-30,1
2016-05-09,24790,2017-03-31,,3692000000,0.100,,,,,92000000,0.260,91000000,0.192,,65000000,,7.61,,,,,,,,,,,,,,,,0.131,,,,,,true,true,12,2016-04-01,2017-03-31,1
2016-05-09,24790,2015-03-31,,,,,,,,,,,,,,,,,,,,,,,,,,,,,,1.00,,,,8547800,2800,8473014,false,false,12,2014-04-01,2015-03-31,-1
2016-05-09,24790,2016-03-31,,,,,,,,,,,,,,,,,,,,,,,,,,,,,,1.00,,,,8547800,2800,8545000,false,false,12,2015-04-01,2016-03-31,0
2016-05-09,24790,2017-03-31,,,,,,,,,,,,,,,,,,,,,,,,,,,,,,1.00,,,,,,,false,true,12,2016-04-01,2017-03-31,1
2016-08-05,24790,2017-03-31,1,839000000,0.042,,,,,15000000,,15000000,,,-24000000,,-2.92,,,,,,1570000000,679000000,0.433,79.53,679000000,,,,,,,,,,,,true,false,3,2016-04-01,2016-06-30,0
2016-08-05,24790,2016-03-31,1,805000000,-0.027,,,,,-2000000,,-2000000,,,-20000000,,-2.34,,,,,,,,,,,,,,,,,,,,,,true,false,3,2015-04-01,2015-06-30,-1
2016-08-05,24790,2017-03-31,1,1791000000,0.100,,,,,17000000,0.263,16000000,0.247,,12000000,,1.40,,,,,,,,,,,,,,,,,,,,,,true,true,6,2016-04-01,2016-09-30,0
2016-08-05,24790,2017-03-31,1,3692000000,0.100,,,,,92000000,0.260,91000000,0.192,,65000000,,7.61,,,,,,,,,,,,,,,,,,,,,,true,true,12,2016-04-01,2017-03-31,0
2016-08-05,24790,2016-03-31,1,,,,,,,,,,,,,,,,,,,,1405000000,695000000,0.495,81.40,695000000,,,,,,,,,,,,true,false,12,2015-04-01,2016-03-31,-1
2016-08-05,24790,2016-03-31,1,,,,,,,,,,,,,,,,,,,,,,,,,,,,,1.00,,,,8547800,2800,,false,false,12,2015-04-01,2016-03-31,-1
2016-08-05,24790,2017-03-31,1,,,,,,,,,,,,,,,,,,,,,,,,,,,,,1.00,,,,,,,false,true,12,2016-04-01,2017-03-31,0
2016-08-05,24790,2017-03-31,1,,,,,,,,,,,,,,,,,,,,,,,,,,,,,,,,,8547800,2800,8545000,false,false,3,2016-04-01,2016-06-30,0
2016-08-05,24790,2016-03-31,1,,,,,,,,,,,,,,,,,,,,,,,,,,,,,,,,,,,8545000,false,false,3,2015-04-01,2015-06-30,-1
2016-10-27,24790,2017-03-31,,1685000000,-0.059,,,,,62000000,2.687,62000000,2.895,,34000000,,4.03,,,,,,,,,,,,,,,,,,,,,,true,true,6,2016-04-01,2016-09-30,0
2016-10-27,24790,2016-03-31,,1628000000,,,,,,13000000,,12000000,,,1000000,,0.21,,,,,,,,,,,,,,,,,,,,,,true,false,6,2015-04-01,2015-09-30,-1
2016-10-31,24790,2017-03-31,2,1685000000,0.035,,,,,62000000,3.655,62000000,3.858,,34000000,,4.03,3.97,,,,,1847000000,741000000,0.401,86.74,741000000,,,,,,,,,,,,true,false,6,2016-04-01,2016-09-30,0
2016-10-31,24790,2016-03-31,2,1628000000,-0.010,,,,,13000000,,12000000,,,1000000,,0.21,0.21,,,,,,,,,,,,,,,,,,,,,true,false,6,2015-04-01,2015-09-30,-1
2016-10-31,24790,2017-03-31,2,3692000000,0.100,,,,,92000000,0.260,91000000,0.192,,65000000,,7.61,,,,,,,,,,,,,,,,,,,,,,true,true,12,2016-04-01,2017-03-31,0
2016-10-31,24790,2016-03-31,2,,,,,,,,,,,,,,,,,,,,1405000000,695000000,0.495,81.40,695000000,,,,,,,,,,,,true,false,12,2015-04-01,2016-03-31,-1
2016-10-31,24790,2016-03-31,2,,,,,,,,,,,,,,,,,,,,,,,,,,,,,1.00,,,,8547800,2800,,false,false,12,2015-04-01,2016-03-31,-1
2016-10-31,24790,2017-03-31,2,,,,,,,,,,,,,,,,,,,,,,,,,,,,,0.00,,,,,,,false,false,12,2016-04-01,2017-03-31,0
2016-10-31,24790,2017-03-31,2,,,,,,,,,,,,,,,,,,,,,,,,,,,,,1.00,,,,,,,false,true,12,2016-04-01,2017-03-31,0
2016-10-31,24790,2017-03-31,2,,,,,,,,,,,,,,,,,,,,,,,,,,,,,,,,,8552400,2800,8545377,false,false,6,2016-04-01,2016-09-30,0
2016-10-31,24790,2016-03-31,2,,,,,,,,,,,,,,,,,,,,,,,,,,,,,,,,,,,8545000,false,false,6,2015-04-01,2015-09-30,-1
2017-01-31,24790,2017-03-31,3,2507000000,0.016,,,,,66000000,2.832,65000000,2.990,,50000000,,5.85,5.75,,,,,1757000000,759000000,0.432,88.68,759000000,,,,,,,,,,,,true,false,9,2016-04-01,2016-12-31,0
2017-01-31,24790,2016-03-31,3,2467000000,-0.010,,,,,17000000,0.619,16000000,0.710,,13000000,,1.56,1.53,,,,,,,,,,,,,,,,,,,,,true,false,9,2015-04-01,2015-12-31,-1
2017-01-31,24790,2017-03-31,3,3692000000,0.100,,,,,92000000,0.260,91000000,0.192,,65000000,,7.61,,,,,,,,,,,,,,,,,,,,,,true,true,12,2016-04-01,2017-03-31,0
2017-01-31,24790,2016-03-31,3,,,,,,,,,,,,,,,,,,,,1405000000,695000000,0.495,81.40,695000000,,,,,,,,,,,,true,false,12,2015-04-01,2016-03-31,-1
2017-01-31,24790,2016-03-31,3,,,,,,,,,,,,,,,,,,,,,,,,,,,,,1.00,,,,8547800,2800,,false,false,12,2015-04-01,2016-03-31,-1
2017-01-31,24790,2017-03-31,3,,,,,,,,,,,,,,,,,,,,,,,,,,,,,0.00,,,,,,,false,false,12,2016-04-01,2017-03-31,0
2017-01-31,24790,2017-03-31,3,,,,,,,,,,,,,,,,,,,,,,,,,,,,,1.00,,,,,,,false,true,12,2016-04-01,2017-03-31,0
2017-01-31,24790,2017-03-31,3,,,,,,,,,,,,,,,,,,,,,,,,,,,,,,,,,8572400,2800,8548608,false,false,9,2016-04-01,2016-12-31,0
2017-01-31,24790,2016-03-31,3,,,,,,,,,,,,,,,,,,,,,,,,,,,,,,,,,,,8545000,false,false,9,2015-04-01,2015-12-31,-1
2017-05-02,24790,2017-03-31,,3330000000,-0.098,,,,,123000000,0.346,123000000,0.353,,89000000,,10.47,,,,,,,,,,,,,,,,,,,,,,true,true,12,2016-04-01,2017-03-31,0
2017-05-02,24790,2016-03-31,,3356000000,,,,,,73000000,,76000000,,,47000000,,5.51,,,,,,,,,,,,,,,,,,,,,,true,false,12,2015-04-01,2016-03-31,-1
2017-05-09,24790,2017-03-31,,3330000000,-0.008,,,,,123000000,0.695,123000000,0.613,,89000000,,10.47,10.33,0.119,0.076,0.037,,1819000000,803000000,0.442,93.79,803000000,122000000,3000000,290000000,1116000000,,0.096,,,,,,true,false,12,2016-04-01,2017-03-31,0
2017-05-09,24790,2016-03-31,,3356000000,0.002,,,,,73000000,-0.082,76000000,-0.024,,47000000,,5.51,5.41,0.070,0.054,0.022,,1405000000,695000000,0.495,81.40,695000000,-5000000,-65000000,-3000000,700000000,,0.181,,,,,,true,false,12,2015-04-01,2016-03-31,-1
2017-05-09,24790,2018-03-31,,1686000000,0.000,,,,,7000000,-0.888,5000000,-0.920,,3000000,,0.35,,,,,,,,,,,,,,,,,,,,,,true,true,6,2017-04-01,2017-09-30,1
2017-05-09,24790,2018-03-31,,3428000000,0.029,,,,,102000000,-0.176,101000000,-0.180,,71000000,,8.29,,,,,,,,,,,,,,,,0.121,,,,,,true,true,12,2017-04-01,2018-03-31,1
2017-05-09,24790,2016-03-31,,,,,,,,,,,,,,,,,,,,,,,,,,,,,,1.00,,,,8547800,2800,8545000,false,false,12,2015-04-01,2016-03-31,-1
2017-05-09,24790,2017-03-31,,,,,,,,,,,,,,,,,,,,,,,,,,,,,,1.00,,,,8572400,2800,8553784,false,false,12,2016-04-01,2017-03-31,0
2017-05-09,24790,2018-03-31,,,,,,,,,,,,,,,,,,,,,,,,,,,,,,1.00,,,,,,,false,true,12,2017-04-01,2018-03-31,1
2017-05-09,24790,2017-03-31,,2156000000,-0.008,,,,,103000000,1.583,150000000,1.523,113000000,,1.692,13.27,,,,,,,,,,,,,,,,,,,,,,false,true,12,2016-04-01,2017-03-31,0
2017-07-31,24790,2018-03-31,1,776000000,-0.075,,,,,-1000000,,-1000000,,,-29000000,,-3.49,,,,,,1862000000,759000000,0.408,88.68,759000000,,,,,,,,,,,,true,false,3,2017-04-01,2017-06-30,0
2017-07-31,24790,2017-03-31,1,839000000,0.042,,,,,15000000,,15000000,,,-24000000,,-2.92,,,,,,,,,,,,,,,,,,,,,,true,false,3,2016-04-01,2016-06-30,-1
2017-07-31,24790,2018-03-31,1,1686000000,0.000,,,,,7000000,-0.888,5000000,-0.920,,3000000,,0.35,,,,,,,,,,,,,,,,,,,,,,true,true,6,2017-04-01,2017-09-30,0
2017-07-31,24790,2018-03-31,1,3428000000,0.029,,,,,102000000,-0.176,101000000,-0.180,,71000000,,8.29,,,,,,,,,,,,,,,,,,,,,,true,true,12,2017-04-01,2018-03-31,0
2017-07-31,24790,2017-03-31,1,,,,,,,,,,,,,,,,,,,,1819000000,803000000,0.442,93.79,803000000,,,,,,,,,,,,true,false,12,2016-04-01,2017-03-31,-1
2017-07-31,24790,2017-03-31,1,,,,,,,,,,,,,,,,,,,,,,,,,,,,,2.00,,,,8572400,2800,,false,false,12,2016-04-01,2017-03-31,-1
2017-07-31,24790,2018-03-31,1,,,,,,,,,,,,,,,,,,,,,,,,,,,,,1.00,,,,,,,false,true,12,2017-04-01,2018-03-31,0
2017-07-31,24790,2018-03-31,1,,,,,,,,,,,,,,,,,,,,,,,,,,,,,,,,,8572400,2800,8569600,false,false,3,2017-04-01,2017-06-30,0
2017-07-31,24790,2017-03-31,1,,,,,,,,,,,,,,,,,,,,,,,,,,,,,,,,,,,8545000,false,false,3,2016-04-01,2016-06-30,-1
2017-10-26,24790,2018-03-31,,1518000000,-0.099,,,,,15000000,1.144,14000000,1.890,,3000000,,0.38,,,,,,,,,,,,,,,,,,,,,,true,true,6,2017-04-01,2017-09-30,0
2017-10-26,24790,2017-03-31,,1685000000,,,,,,62000000,,62000000,,,34000000,,4.03,,,,,,,,,,,,,,,,,,,,,,true,false,6,2016-04-01,2016-09-30,-1
2017-10-31,24790,2018-03-31,2,1518000000,-0.099,,,,,15000000,-0.761,14000000,-0.768,,3000000,,0.38,,,,,,1779000000,799000000,0.449,93.34,799000000,,,,,,,,,,,,true,false,6,2017-04-01,2017-09-30,0
2017-10-31,24790,2017-03-31,2,1685000000,0.035,,,,,62000000,3.655,62000000,3.858,,34000000,,4.03,3.97,,,,,,,,,,,,,,,,,,,,,true,false,6,2016-04-01,2016-09-30,-1
2017-10-31,24790,2018-03-31,2,3428000000,0.029,,,,,102000000,-0.176,101000000,-0.180,,71000000,,8.29,,,,,,,,,,,,,,,,,,,,,,true,true,12,2017-04-01,2018-03-31,0
2017-10-31,24790,2017-03-31,2,,,,,,,,,,,,,,,,,,,,1819000000,803000000,0.442,93.79,803000000,,,,,,,,,,,,true,false,12,2016-04-01,2017-03-31,-1
2017-10-31,24790,2017-03-31,2,,,,,,,,,,,,,,,,,,,,,,,,,,,,,2.00,,,,8572400,2800,,false,false,12,2016-04-01,2017-03-31,-1
2017-10-31,24790,2018-03-31,2,,,,,,,,,,,,,,,,,,,,,,,,,,,,,0.00,,,,,,,false,false,12,2017-04-01,2018-03-31,0
2017-10-31,24790,2018-03-31,2,,,,,,,,,,,,,,,,,,,,,,,,,,,,,1.00,,,,,,,false,true,12,2017-04-01,2018-03-31,0
2017-10-31,24790,2018-03-31,2,,,,,,,,,,,,,,,,,,,,,,,,,,,,,,,,,8572400,2800,8569600,false,false,6,2017-04-01,2017-09-30,0
2017-10-31,24790,2017-03-31,2,,,,,,,,,,,,,,,,,,,,,,,,,,,,,,,,,,,8545377,false,false,6,2016-04-01,2016-09-30,-1
2018-01-31,24790,2018-03-31,3,2293000000,-0.085,,,,,50000000,-0.232,49000000,-0.241,,46000000,,5.37,,,,,,1730000000,848000000,0.491,99.06,848000000,,,,,,,,,,,,true,false,9,2017-04-01,2017-12-31,0
2018-01-31,24790,2017-03-31,3,2507000000,0.016,,,,,66000000,2.832,65000000,2.990,,50000000,,5.85,5.75,,,,,,,,,,,,,,,,,,,,,true,false,9,2016-04-01,2016-12-31,-1
2018-01-31,24790,2018-03-31,3,3428000000,0.029,,,,,102000000,-0.176,101000000,-0.180,,71000000,,8.29,,,,,,,,,,,,,,,,,,,,,,true,true,12,2017-04-01,2018-03-31,0
2018-01-31,24790,2017-03-31,3,,,,,,,,,,,,,,,,,,,,1819000000,803000000,0.442,93.79,803000000,,,,,,,,,,,,true,false,12,2016-04-01,2017-03-31,-1
2018-01-31,24790,2017-03-31,3,,,,,,,,,,,,,,,,,,,,,,,,,,,,,2.00,,,,8572400,2800,,false,false,12,2016-04-01,2017-03-31,-1
2018-01-31,24790,2018-03-31,3,,,,,,,,,,,,,,,,,,,,,,,,,,,,,0.00,,,,,,,false,false,12,2017-04-01,2018-03-31,0
2018-01-31,24790,2018-03-31,3,,,,,,,,,,,,,,,,,,,,,,,,,,,,,1.00,,,,,,,false,true,12,2017-04-01,2018-03-31,0
2018-01-31,24790,2018-03-31,3,,,,,,,,,,,,,,,,,,,,,,,,,,,,,,,,,8572400,2800,8569600,false,false,9,2017-04-01,2017-12-31,0
2018-01-31,24790,2017-03-31,3,,,,,,,,,,,,,,,,,,,,,,,,,,,,,,,,,,,8548608,false,false,9,2016-04-01,2016-12-31,-1
2018-05-08,24790,2018-03-31,,3054000000,-0.083,,,,,77000000,-0.374,76000000,-0.381,,33000000,,3.93,,0.041,0.043,0.025,,1756000000,832000000,0.474,97.20,832000000,108000000,-8000000,-120000000,1095000000,,0.254,,,,,,true,false,12,2017-04-01,2018-03-31,0
2018-05-08,24790,2017-03-31,,3330000000,-0.008,,,,,123000000,0.695,123000000,0.613,,89000000,,10.47,10.33,0.119,0.076,0.037,,1819000000,803000000,0.442,93.79,803000000,122000000,3000000,290000000,1116000000,,0.191,,,,,,true,false,12,2016-04-01,2017-03-31,-1
2018-05-08,24790,2019-03-31,,1674000000,0.102,,,,,16000000,0.066,15000000,0.038,,3000000,,0.35,,,,,,,,,,,,,,,,,,,,,,true,true,6,2018-04-01,2018-09-30,1
2018-05-08,24790,2019-03-31,,3369000000,0.103,,,,,107000000,0.381,106000000,0.391,,79000000,,9.22,,,,,,,,,,,,,,,,0.108,,,,,,true,true,12,2018-04-01,2019-03-31,1
2018-05-08,24790,2017-03-31,,,,,,,,,,,,,,,,,,,,,,,,,,,,,,2.00,,,,8572400,2800,8553784,false,false,12,2016-04-01,2017-03-31,-1
2018-05-08,24790,2018-03-31,,,,,,,,,,,,,,,,,,,,,,,,,,,,,,1.00,,,,8572400,2800,8569600,false,false,12,2017-04-01,2018-03-31,0
2018-05-08,24790,2019-03-31,,,,,,,,,,,,,,,,,,,,,,,,,,,,,,1.00,,,,,,,false,true,12,2018-04-01,2019-03-31,1
2018-05-08,24790,2018-03-31,,3054000000,-0.109,,,,,77000000,-0.241,76000000,-0.245,,33000000,,3.93,,,,,,,,,,,,,,,,,,,,,,true,true,12,2017-04-01,2018-03-31,0
2018-05-08,24790,2017-03-31,,3330000000,,,,,,123000000,,123000000,,,89000000,,10.47,,,,,,,,,,,,,,,,,,,,,,true,false,12,2016-04-01,2017-03-31,-1
2018-05-08,24790,2018-03-31,,1955000000,-0.093,,,,,18000000,-0.823,51000000,-0.655,26000000,,-0.769,3.06,,,,,,,,,,,,,,,,,,,,,,false,true,12,2017-04-01,2018-03-31,0
2018-07-31,24790,2019-03-31,1,758000000,-0.022,,,,,23000000,,23000000,,,17000000,,2.00,,,,,,1865000000,839000000,0.450,97.98,839000000,,,,,,,,,,,,true,false,3,2018-04-01,2018-06-30,0
2018-07-31,24790,2018-03-31,1,776000000,-0.075,,,,,-1000000,,-1000000,,,-29000000,,-3.49,,,,,,,,,,,,,,,,,,,,,,true,false,3,2017-04-01,2017-06-30,-1
2018-07-31,24790,2019-03-31,1,1674000000,0.102,,,,,16000000,0.066,15000000,0.038,,3000000,,0.35,,,,,,,,,,,,,,,,,,,,,,true,true,6,2018-04-01,2018-09-30,0
2018-07-31,24790,2019-03-31,1,3369000000,0.103,,,,,107000000,0.381,106000000,0.391,,79000000,,9.22,,,,,,,,,,,,,,,,,,,,,,true,true,12,2018-04-01,2019-03-31,0
2018-07-31,24790,2018-03-31,1,,,,,,,,,,,,,,,,,,,,1745000000,832000000,0.477,97.20,832000000,,,,,,,,,,,,true,false,12,2017-04-01,2018-03-31,-1
2018-07-31,24790,2018-03-31,1,,,,,,,,,,,,,,,,,,,,,,,,,,,,,1.00,,,,8572400,2800,,false,false,12,2017-04-01,2018-03-31,-1
2018-07-31,24790,2019-03-31,1,,,,,,,,,,,,,,,,,,,,,,,,,,,,,1.00,,,,,,,false,true,12,2018-04-01,2019-03-31,0
2018-07-31,24790,2019-03-31,1,,,,,,,,,,,,,,,,,,,,,,,,,,,,,,,,,8572400,2800,8569600,false,false,3,2018-04-01,2018-06-30,0
2018-07-31,24790,2018-03-31,1,,,,,,,,,,,,,,,,,,,,,,,,,,,,,,,,,,,8569600,false,false,3,2017-04-01,2017-06-30,-1
2018-10-26,24790,2019-03-31,,1525000000,-0.089,,,,,75000000,3.745,75000000,4.039,,52000000,,6.14,,,,,,,,,,,,,,,,,,,,,,true,true,6,2018-04-01,2018-09-30,0
2018-10-26,24790,2018-03-31,,1518000000,,,,,,15000000,,14000000,,,3000000,,0.38,,,,,,,,,,,,,,,,,,,,,,true,false,6,2017-04-01,2017-09-30,-1
2018-10-31,24790,2019-03-31,2,1525000000,0.005,,,,,75000000,4.058,75000000,4.231,,52000000,,6.14,,,,,,1760000000,875000000,0.497,102.13,875000000,,,,,,,,,,,,true,false,6,2018-04-01,2018-09-30,0
2018-10-31,24790,2018-03-31,2,1518000000,-0.099,,,,,15000000,-0.761,14000000,-0.768,,3000000,,0.38,,,,,,,,,,,,,,,,,,,,,,true,false,6,2017-04-01,2017-09-30,-1
2018-10-31,24790,2019-03-31,2,3369000000,0.103,,,,,107000000,0.381,106000000,0.391,,79000000,,9.22,,,,,,,,,,,,,,,,,,,,,,true,true,12,2018-04-01,2019-03-31,0
2018-10-31,24790,2018-03-31,2,,,,,,,,,,,,,,,,,,,,1745000000,832000000,0.477,97.20,832000000,,,,,,,,,,,,true,false,12,2017-04-01,2018-03-31,-1
2018-10-31,24790,2018-03-31,2,,,,,,,,,,,,,,,,,,,,,,,,,,,,,1.00,,,,8572400,2800,,false,false,12,2017-04-01,2018-03-31,-1
2018-10-31,24790,2019-03-31,2,,,,,,,,,,,,,,,,,,,,,,,,,,,,,0.00,,,,,,,false,false,12,2018-04-01,2019-03-31,0
2018-10-31,24790,2019-03-31,2,,,,,,,,,,,,,,,,,,,,,,,,,,,,,1.00,,,,,,,false,true,12,2018-04-01,2019-03-31,0
2018-10-31,24790,2019-03-31,2,,,,,,,,,,,,,,,,,,,,,,,,,,,,,,,,,8572400,2800,8569600,false,false,6,2018-04-01,2018-09-30,0
2018-10-31,24790,2018-03-31,2,,,,,,,,,,,,,,,,,,,,,,,,,,,,,,,,,,,8569600,false,false,6,2017-04-01,2017-09-30,-1
2019-01-28,24790,2019-03-31,,3179000000,-0.056,,,,,191000000,0.791,190000000,0.797,,119000000,,13.92,,,,,,,,,,,,,,,,,,,,,,true,true,12,2018-04-01,2019-03-31,0
2019-01-28,24790,2018-03-31,,3054000000,,,,,,77000000,,76000000,,,33000000,,3.93,,,,,,,,,,,,,,,,,,,,,,true,false,12,2017-04-01,2018-03-31,-1
2019-01-31,24790,2019-03-31,3,2361000000,0.030,,,,,174000000,2.439,174000000,2.501,,118000000,,13.80,,,,,,1740000000,928000000,0.534,108.35,928000000,,,,,,,,,,,,true,false,9,2018-04-01,2018-12-31,0
2019-01-31,24790,2018-03-31,3,2293000000,-0.085,,,,,50000000,-0.232,49000000,-0.241,,46000000,,5.37,,,,,,,,,,,,,,,,,,,,,,true,false,9,2017-04-01,2017-12-31,-1
2019-01-31,24790,2019-03-31,3,3179000000,0.041,,,,,191000000,1.473,190000000,1.500,,119000000,,13.92,,,,,,,,,,,,,,,,,,,,,,true,true,12,2018-04-01,2019-03-31,0
2019-01-31,24790,2018-03-31,3,,,,,,,,,,,,,,,,,,,,1745000000,832000000,0.477,97.20,832000000,,,,,,,,,,,,true,false,12,2017-04-01,2018-03-31,-1
2019-01-31,24790,2018-03-31,3,,,,,,,,,,,,,,,,,,,,,,,,,,,,,1.00,,,,8572400,2800,,false,false,12,2017-04-01,2018-03-31,-1
2019-01-31,24790,2019-03-31,3,,,,,,,,,,,,,,,,,,,,,,,,,,,,,0.00,,,,,,,false,false,12,2018-04-01,2019-03-31,0
2019-01-31,24790,2019-03-31,3,,,,,,,,,,,,,,,,,,,,,,,,,,,,,1.00,,,,,,,false,true,12,2018-04-01,2019-03-31,0
2019-01-31,24790,2019-03-31,3,,,,,,,,,,,,,,,,,,,,,,,,,,,,,,,,,8572400,2800,8569600,false,false,9,2018-04-01,2018-12-31,0
2019-01-31,24790,2018-03-31,3,,,,,,,,,,,,,,,,,,,,,,,,,,,,,,,,,,,8569600,false,false,9,2017-04-01,2017-12-31,-1
2019-05-10,24790,2019-03-31,,3125000000,0.023,,,,,156000000,1.026,156000000,1.051,,91000000,,10.63,,0.105,0.088,0.050,,1806000000,903000000,0.500,105.40,903000000,232000000,-11000000,-113000000,1202000000,,0.094,,,,,,true,false,12,2018-04-01,2019-03-31,0
2019-05-10,24790,2018-03-31,,3054000000,-0.083,,,,,77000000,-0.374,76000000,-0.381,,33000000,,3.93,,0.041,0.043,0.025,,1745000000,832000000,0.477,97.20,832000000,108000000,-8000000,-120000000,1095000000,,0.254,,,,,,true,false,12,2017-04-01,2018-03-31,-1
2019-05-10,24790,2020-03-31,,1672000000,0.096,,,,,60000000,-0.210,58000000,-0.233,,31000000,,3.62,,,,,,,,,,,,,,,,,,,,,,true,true,6,2019-04-01,2019-09-30,1
2019-05-10,24790,2020-03-31,,3485000000,0.115,,,,,122000000,-0.223,121000000,-0.226,,65000000,,7.58,,,,,,,,,,,,,,,,0.132,,,,,,true,true,12,2019-04-01,2020-03-31,1
2019-05-10,24790,2018-03-31,,,,,,,,,,,,,,,,,,,,,,,,,,,,,,1.00,,,,8572400,2800,8569600,false,false,12,2017-04-01,2018-03-31,-1
2019-05-10,24790,2019-03-31,,,,,,,,,,,,,,,,,,,,,,,,,,,,,,1.00,,,,8572400,2800,8569600,false,false,12,2018-04-01,2019-03-31,0
2019-05-10,24790,2020-03-31,,,,,,,,,,,,,,,,,,,,,,,,,,,,,,1.00,,,,,,,false,true,12,2019-04-01,2020-03-31,1
2019-07-31,24790,2020-03-31,1,744000000,-0.020,,,,,17000000,-0.272,17000000,-0.272,,10000000,,1.24,,,,,,1813000000,897000000,0.495,104.70,897000000,,,,,,,,,,,,true,false,3,2019-04-01,2019-06-30,0
2019-07-31,24790,2019-03-31,1,758000000,-0.022,,,,,23000000,,23000000,,,17000000,,2.00,,,,,,,,,,,,,,,,,,,,,,true,false,3,2018-04-01,2018-06-30,-1
2019-07-31,24790,2020-03-31,1,1672000000,0.096,,,,,60000000,-0.210,58000000,-0.233,,31000000,,3.62,,,,,,,,,,,,,,,,,,,,,,true,true,6,2019-04-01,2019-09-30,0
2019-07-31,24790,2020-03-31,1,3485000000,0.115,,,,,122000000,-0.223,121000000,-0.226,,65000000,,7.58,,,,,,,,,,,,,,,,,,,,,,true,true,12,2019-04-01,2020-03-31,0
2019-07-31,24790,2019-03-31,1,,,,,,,,,,,,,,,,,,,,1806000000,903000000,0.500,105.40,903000000,,,,,,,,,,,,true,false,12,2018-04-01,2019-03-31,-1
2019-07-31,24790,2019-03-31,1,,,,,,,,,,,,,,,,,,,,,,,,,,,,,2.00,,,,8572400,2800,,false,false,12,2018-04-01,2019-03-31,-1
2019-07-31,24790,2020-03-31,1,,,,,,,,,,,,,,,,,,,,,,,,,,,,,1.00,,,,,,,false,true,12,2019-04-01,2020-03-31,0
2019-07-31,24790,2020-03-31,1,,,,,,,,,,,,,,,,,,,,,,,,,,,,,,,,,8572400,2800,8569600,false,false,3,2019-04-01,2019-06-30,0
2019-07-31,24790,2019-03-31,1,,,,,,,,,,,,,,,,,,,,,,,,,,,,,,,,,,,8569600,false,false,3,2018-04-01,2018-06-30,-1
2019-10-31,24790,2020-03-31,2,1513000000,-0.008,,,,,45000000,-0.401,44000000,-0.415,,28000000,,3.29,,,,,,1627000000,912000000,0.561,106.47,912000000,,,,,,,,,,,,true,false,6,2019-04-01,2019-09-30,0
2019-10-31,24790,2019-03-31,2,1525000000,0.005,,,,,75000000,4.058,75000000,4.231,,52000000,,6.14,,,,,,,,,,,,,,,,,,,,,,true,false,6,2018-04-01,2018-09-30,-1
2019-10-31,24790,2020-03-31,2,3485000000,0.115,,,,,122000000,-0.223,121000000,-0.226,,65000000,,7.58,,,,,,,,,,,,,,,,,,,,,,true,true,12,2019-04-01,2020-03-31,0
2019-10-31,24790,2019-03-31,2,,,,,,,,,,,,,,,,,,,,1806000000,903000000,0.500,105.40,903000000,,,,,,,,,,,,true,false,12,2018-04-01,2019-03-31,-1
2019-10-31,24790,2019-03-31,2,,,,,,,,,,,,,,,,,,,,,,,,,,,,,2.00,,,,8572400,2800,,false,false,12,2018-04-01,2019-03-31,-1
2019-10-31,24790,2020-03-31,2,,,,,,,,,,,,,,,,,,,,,,,,,,,,,0.00,,,,,,,false,false,12,2019-04-01,2020-03-31,0
2019-10-31,24790,2020-03-31,2,,,,,,,,,,,,,,,,,,,,,,,,,,,,,1.00,,,,,,,false,true,12,2019-04-01,2020-03-31,0
2019-10-31,24790,2020-03-31,2,,,,,,,,,,,,,,,,,,,,,,,,,,,,,,,,,8572400,2800,8569600,false,false,6,2019-04-01,2019-09-30,0
2019-10-31,24790,2019-03-31,2,,,,,,,,,,,,,,,,,,,,,,,,,,,,,,,,,,,8569600,false,false,6,2018-04-01,2018-09-30,-1
2020-01-31,24790,2020-03-31,3,2255000000,-0.045,,,,,87000000,-0.500,85000000,-0.507,,54000000,,6.34,,,,,,1592000000,942000000,0.592,109.99,942000000,,,,,,,,,,,,true,false,9,2019-04-01,2019-12-31,0
2020-01-31,24790,2019-03-31,3,2361000000,0.030,,,,,174000000,2.439,174000000,2.501,,118000000,,13.80,,,,,,,,,,,,,,,,,,,,,,true,false,9,2018-04-01,2018-12-31,-1
2020-01-31,24790,2020-03-31,3,3485000000,0.115,,,,,122000000,-0.223,121000000,-0.226,,65000000,,7.58,,,,,,,,,,,,,,,,,,,,,,true,true,12,2019-04-01,2020-03-31,0
2020-01-31,24790,2019-03-31,3,,,,,,,,,,,,,,,,,,,,1806000000,903000000,0.500,105.40,903000000,,,,,,,,,,,,true,false,12,2018-04-01,2019-03-31,-1
2020-01-31,24790,2019-03-31,3,,,,,,,,,,,,,,,,,,,,,,,,,,,,,2.00,,,,8572400,2800,,false,false,12,2018-04-01,2019-03-31,-1
2020-01-31,24790,2020-03-31,3,,,,,,,,,,,,,,,,,,,,,,,,,,,,,0.00,,,,,,,false,false,12,2019-04-01,2020-03-31,0
2020-01-31,24790,2020-03-31,3,,,,,,,,,,,,,,,,,,,,,,,,,,,,,1.00,,,,,,,false,true,12,2019-04-01,2020-03-31,0
2020-01-31,24790,2020-03-31,3,,,,,,,,,,,,,,,,,,,,,,,,,,,,,,,,,8572400,2800,8569600,false,false,9,2019-04-01,2019-12-31,0
2020-01-31,24790,2019-03-31,3,,,,,,,,,,,,,,,,,,,,,,,,,,,,,,,,,,,8569600,false,false,9,2018-04-01,2018-12-31,-1
2020-05-08,24790,2020-03-31,,3034000000,-0.129,,,,,141000000,0.157,139000000,0.154,,90000000,,10.55,,,,,,,,,,,,,,,,,,,,,,true,true,12,2019-04-01,2020-03-31,0
2020-05-08,24790,2019-03-31,,3125000000,,,,,,156000000,,156000000,,,91000000,,10.63,,,,,,,,,,,,,,,,,,,,,,true,false,12,2018-04-01,2019-03-31,-1
2020-05-11,24790,2020-03-31,,3034000000,-0.029,,,,,141000000,-0.100,139000000,-0.107,,90000000,,10.55,,0.099,0.077,0.047,,1819000000,924000000,0.508,110.50,924000000,-82000000,11000000,72000000,1203000000,,0.095,,,,,,true,false,12,2019-04-01,2020-03-31,0
2020-05-11,24790,2019-03-31,,3125000000,0.023,,,,,156000000,1.026,156000000,1.051,,91000000,,10.63,,0.105,0.088,0.050,,1806000000,903000000,0.500,105.40,903000000,232000000,-11000000,-113000000,1202000000,,0.188,,,,,,true,false,12,2018-04-01,2019-03-31,-1
2020-05-11,24790,2021-03-31,,1302000000,-0.139,,,,,-25000000,-1.556,-26000000,-1.591,,-34000000,,-4.06,,,,,,,,,,,,,,,,,,,,,,true,true,6,2020-04-01,2020-09-30,1
2020-05-11,24790,2021-03-31,,3185000000,0.050,,,,,-62000000,-1.439,-63000000,-1.451,,-85000000,,-10.16,,,,,,,,,,,,,,,,,,,,,,true,true,12,2020-04-01,2021-03-31,1
2020-05-11,24790,2019-03-31,,,,,,,,,,,,,,,,,,,,,,,,,,,,,,2.00,,,,8572400,2800,8569600,false,false,12,2018-04-01,2019-03-31,-1
2020-05-11,24790,2020-03-31,,,,,,,,,,,,,,,,,,,,,,,,,,,,,,1.00,,,,8572400,203400,8559750,false,false,12,2019-04-01,2020-03-31,0
2020-05-11,24790,2021-03-31,,,,,,,,,,,,,,,,,,,,,,,,,,,,,,1.00,,,,,,,false,true,12,2020-04-01,2021-03-31,1
2020-05-28,24790,2021-03-31,,1302000000,,,,,,-25000000,,-26000000,,-34000000,,,-4.60,,,,,,,,,,,,,,,,,,,,,,true,true,6,2020-04-01,2020-09-30,0
2020-05-28,24790,2020-03-31,,1513000000,,,,,,45000000,,44000000,,28000000,,,3.29,,,,,,,,,,,,,,,,,,,,,,true,false,6,2019-04-01,2019-09-30,-1
2020-05-28,24790,2021-03-31,,3185000000,,,,,,-62000000,,-63000000,,,-85000000,,-10.16,,,,,,,,,,,,,,,,,,,,,,true,true,12,2020-04-01,2021-03-31,0
2020-05-28,24790,2020-03-31,,3034000000,,,,,,141000000,,139000000,,,90000000,,10.55,,,,,,,,,,,,,,,,,,,,,,true,false,12,2019-04-01,2020-03-31,-1
2020-07-31,24790,2021-03-31,1,680000000,-0.085,,,,,-21000000,,-16000000,,,-12000000,,-1.59,,,,,,1801000000,832000000,0.462,105.83,832000000,,,,,,,,,,,,true,false,3,2020-04-01,2020-06-30,0
2020-07-31,24790,2020-03-31,1,744000000,-0.020,,,,,17000000,-0.272,17000000,-0.272,,10000000,,1.24,,,,,,,,,,,,,,,,,,,,,,true,false,3,2019-04-01,2019-06-30,-1
2020-07-31,24790,2020-03-31,1,,,,,,,,,,,,,,,,,,,,1819000000,924000000,0.508,110.50,924000000,,,,,,,,,,,,true,false,12,2019-04-01,2020-03-31,-1
2020-07-31,24790,2020-03-31,1,,,,,,,,,,,,,,,,,,,,,,,,,,,,,1.00,,,,8572400,203400,,false,false,12,2019-04-01,2020-03-31,-1
2020-07-31,24790,2021-03-31,1,,,,,,,,,,,,,,,,,,,,,,,,,,,,,1.00,,,,,,,false,true,12,2020-04-01,2021-03-31,0
2020-07-31,24790,2021-03-31,1,,,,,,,,,,,,,,,,,,,,,,,,,,,,,,,,,8572400,702800,8045879,false,false,3,2020-04-01,2020-06-30,0
2020-07-31,24790,2020-03-31,1,,,,,,,,,,,,,,,,,,,,,,,,,,,,,,,,,,,8569600,false,false,3,2019-04-01,2019-06-30,-1
2020-10-30,24790,2021-03-31,2,1367000000,-0.096,,,,,-39000000,,0,-0.983,,-4000000,,-0.60,,,,,,1658000000,846000000,0.510,107.51,846000000,,,,,,,,,,,,true,false,6,2020-04-01,2020-09-30,0
2020-10-30,24790,2020-03-31,2,1513000000,-0.008,,,,,45000000,-0.401,44000000,-0.415,,28000000,,3.29,,,,,,,,,,,,,,,,,,,,,,true,false,6,2019-04-01,2019-09-30,-1
2020-10-30,24790,2020-03-31,2,,,,,,,,,,,,,,,,,,,,1819000000,924000000,0.508,110.50,924000000,,,,,,,,,,,,true,false,12,2019-04-01,2020-03-31,-1
2020-10-30,24790,2020-03-31,2,,,,,,,,,,,,,,,,,,,,,,,,,,,,,1.00,,,,8572400,203400,,false,false,12,2019-04-01,2020-03-31,-1
2020-10-30,24790,2021-03-31,2,,,,,,,,,,,,,,,,,,,,,,,,,,,,,0.00,,,,,,,false,false,12,2020-04-01,2021-03-31,0
2020-10-30,24790,2021-03-31,2,,,,,,,,,,,,,,,,,,,,,,,,,,,,,1.00,,,,,,,false,true,12,2020-04-01,2021-03-31,0
2020-10-30,24790,2021-03-31,2,,,,,,,,,,,,,,,,,,,,,,,,,,,,,,,,,8572400,702800,7957258,false,false,6,2020-04-01,2020-09-30,0
2020-10-30,24790,2020-03-31,2,,,,,,,,,,,,,,,,,,,,,,,,,,,,,,,,,,,8569600,false,false,6,2019-04-01,2019-09-30,-1
2021-01-29,24790,2021-03-31,3,2061000000,-0.086,,,,,-44000000,,46000000,-0.461,,6000000,,0.88,,,,,,1684000000,862000000,0.512,109.54,862000000,,,,,,,,,,,,true,false,9,2020-04-01,2020-12-31,0
2021-01-29,24790,2020-03-31,3,2255000000,-0.045,,,,,87000000,-0.500,85000000,-0.507,,54000000,,6.34,,,,,,,,,,,,,,,,,,,,,,true,false,9,2019-04-01,2019-12-31,-1
2021-01-29,24790,2021-03-31,3,2742000000,-0.096,,,,,-102000000,,21000000,-0.850,,1000000,,0.13,,,,,,,,,,,,,,,,,,,,,,true,true,12,2020-04-01,2021-03-31,0
2021-01-29,24790,2020-03-31,3,,,,,,,,,,,,,,,,,,,,1819000000,924000000,0.508,110.50,924000000,,,,,,,,,,,,true,false,12,2019-04-01,2020-03-31,-1
2021-01-29,24790,2020-03-31,3,,,,,,,,,,,,,,,,,,,,,,,,,,,,,1.00,,,,8572400,203400,,false,false,12,2019-04-01,2020-03-31,-1
2021-01-29,24790,2021-03-31,3,,,,,,,,,,,,,,,,,,,,,,,,,,,,,0.00,,,,,,,false,false,12,2020-04-01,2021-03-31,0
2021-01-29,24790,2021-03-31,3,,,,,,,,,,,,,,,,,,,,,,,,,,,,,1.00,,,,,,,false,true,12,2020-04-01,2021-03-31,0
2021-01-29,24790,2021-03-31,3,,,,,,,,,,,,,,,,,,,,,,,,,,,,,,,,,8572400,702800,7927932,false,false,9,2020-04-01,2020-12-31,0
2021-01-29,24790,2020-03-31,3,,,,,,,,,,,,,,,,,,,,,,,,,,,,,,,,,,,8569600,false,false,9,2019-04-01,2019-12-31,-1
2021-05-11,24790,2021-03-31,,2771000000,-0.087,,,,,-56000000,,78000000,-0.436,,40000000,,5.11,,0.045,0.042,-0.020,,1969000000,887000000,0.450,112.54,887000000,108000000,-16000000,68000000,1363000000,,0.196,,,,,,true,false,12,2020-04-01,2021-03-31,0
2021-05-11,24790,2020-03-31,,3034000000,-0.029,,,,,141000000,-0.100,139000000,-0.107,,90000000,,10.55,,0.099,0.077,0.047,,1819000000,924000000,0.508,110.50,924000000,-82000000,11000000,72000000,1203000000,,0.095,,,,,,true,false,12,2019-04-01,2020-03-31,-1
2021-05-11,24790,2022-03-31,,1580000000,0.155,,,,,-21000000,,-3000000,,,-25000000,,-3.17,,,,,,,,,,,,,,,,,,,,,,true,true,6,2021-04-01,2021-09-30,1
2021-05-11,24790,2022-03-31,,3435000000,0.239,,,,,10000000,,28000000,-0.644,,6000000,,0.76,,,,,,,,,,,,,,,,1.314,,,,,,true,true,12,2021-04-01,2022-03-31,1
2021-05-11,24790,2020-03-31,,,,,,,,,,,,,,,,,,,,,,,,,,,,,,1.00,,,,8572400,203400,8559750,false,false,12,2019-04-01,2020-03-31,-1
2021-05-11,24790,2021-03-31,,,,,,,,,,,,,,,,,,,,,,,,,,,,,,1.00,,,,8572400,689100,7914863,false,false,12,2020-04-01,2021-03-31,0
2021-05-11,24790,2022-03-31,,,,,,,,,,,,,,,,,,,,,,,,,,,,,,1.00,,,,,,,false,true,12,2021-04-01,2022-03-31,1
2021-07-30,24790,2022-03-31,1,701000000,0.030,,,,,-80000000,,-35000000,,,-25000000,,-3.28,,,,,,1979000000,833000000,0.421,105.79,833000000,,,,,,,,,,,,true,false,3,2021-04-01,2021-06-30,0
2021-07-30,24790,2021-03-31,1,680000000,-0.085,,,,,-21000000,,-16000000,,,-12000000,,-1.59,,,,,,,,,,,,,,,,,,,,,,true,false,3,2020-04-01,2020-06-30,-1
2021-07-30,24790,2022-03-31,1,1580000000,0.155,,,,,-21000000,,-3000000,,,-25000000,,-3.17,,,,,,,,,,,,,,,,,,,,,,true,true,6,2021-04-01,2021-09-30,0
2021-07-30,24790,2022-03-31,1,3435000000,0.239,,,,,10000000,,28000000,-0.644,,6000000,,0.76,,,,,,,,,,,,,,,,,,,,,,true,true,12,2021-04-01,2022-03-31,0
2021-07-30,24790,2021-03-31,1,,,,,,,,,,,,,,,,,,,,1969000000,887000000,0.450,112.54,887000000,,,,,,,,,,,,true,false,12,2020-04-01,2021-03-31,-1
2021-07-30,24790,2021-03-31,1,,,,,,,,,,,,,,,,,,,,,,,,,,,,,1.00,,,,8572400,689100,,false,false,12,2020-04-01,2021-03-31,-1
2021-07-30,24790,2022-03-31,1,,,,,,,,,,,,,,,,,,,,,,,,,,,,,1.00,,,,,,,false,true,12,2021-04-01,2022-03-31,0
2021-07-30,24790,2022-03-31,1,,,,,,,,,,,,,,,,,,,,,,,,,,,,,,,,,8572400,689100,7883300,false,false,3,2021-04-01,2021-06-30,0
2021-07-30,24790,2021-03-31,1,,,,,,,,,,,,,,,,,,,,,,,,,,,,,,,,,,,8045879,false,false,3,2020-04-01,2020-06-30,-1
2021-10-29,24790,2022-03-31,2,1427000000,0.044,,,,,-130000000,,6000000,7.853,,-1000000,,-0.15,,,,,,1883000000,868000000,0.461,109.55,868000000,,,,,,,,,,,,true,false,6,2021-04-01,2021-09-30,0
2021-10-29,24790,2021-03-31,2,1367000000,-0.096,,,,,-39000000,,0,-0.983,,-4000000,,-0.60,,,,,,,,,,,,,,,,,,,,,,true,false,6,2020-04-01,2020-09-30,-1
2021-10-29,24790,2022-03-31,2,2977000000,0.074,,,,,-169000000,,46000000,-0.416,,19000000,,2.40,,,,,,,,,,,,,,,,,,,,,,true,true,12,2021-04-01,2022-03-31,0
2021-10-29,24790,2021-03-31,2,,,,,,,,,,,,,,,,,,,,1969000000,887000000,0.450,112.54,887000000,,,,,,,,,,,,true,false,12,2020-04-01,2021-03-31,-1
2021-10-29,24790,2021-03-31,2,,,,,,,,,,,,,,,,,,,,,,,,,,,,,1.00,,,,8572400,689100,,false,false,12,2020-04-01,2021-03-31,-1
2021-10-29,24790,2022-03-31,2,,,,,,,,,,,,,,,,,,,,,,,,,,,,,0.00,,,,,,,false,false,12,2021-04-01,2022-03-31,0
2021-10-29,24790,2022-03-31,2,,,,,,,,,,,,,,,,,,,,,,,,,,,,,1.00,,,,,,,false,true,12,2021-04-01,2022-03-31,0
2021-10-29,24790,2022-03-31,2,,,,,,,,,,,,,,,,,,,,,,,,,,,,,,,,,8572400,648600,7888538,false,false,6,2021-04-01,2021-09-30,0
2021-10-29,24790,2021-03-31,2,,,,,,,,,,,,,,,,,,,,,,,,,,,,,,,,,,,7957258,false,false,6,2020-04-01,2020-09-30,-1
2021-10-29,24790,2022-03-31,,876000000,0.028,,,,,-98000000,,-21000000,,-19000000,,,-0.46,,,,,,,,,,,,,,,,,,,,,,false,true,6,2021-04-01,2021-09-30,0
2022-01-31,24790,2022-03-31,3,2209000000,0.072,,,,,-110000000,,90000000,0.948,,51000000,,6.56,,,,,,1892000000,922000000,0.487,116.45,922000000,,,,,,,,,,,,true,false,9,2021-04-01,2021-12-31,0
2022-01-31,24790,2021-03-31,3,2061000000,-0.086,,,,,-44000000,,46000000,-0.461,,6000000,,0.88,,,,,,,,,,,,,,,,,,,,,,true,false,9,2020-04-01,2020-12-31,-1
2022-01-31,24790,2022-03-31,3,2977000000,0.074,,,,,-169000000,,46000000,-0.416,,19000000,,2.40,,,,,,,,,,,,,,,,,,,,,,true,true,12,2021-04-01,2022-03-31,0
2022-01-31,24790,2021-03-31,3,,,,,,,,,,,,,,,,,,,,1969000000,887000000,0.450,112.54,887000000,,,,,,,,,,,,true,false,12,2020-04-01,2021-03-31,-1
2022-01-31,24790,2021-03-31,3,,,,,,,,,,,,,,,,,,,,,,,,,,,,,1.00,,,,8572400,689100,,false,false,12,2020-04-01,2021-03-31,-1
2022-01-31,24790,2022-03-31,3,,,,,,,,,,,,,,,,,,,,,,,,,,,,,0.00,,,,,,,false,false,12,2021-04-01,2022-03-31,0
2022-01-31,24790,2022-03-31,3,,,,,,,,,,,,,,,,,,,,,,,,,,,,,1.00,,,,,,,false,true,12,2021-04-01,2022-03-31,0
2022-01-31,24790,2022-03-31,3,,,,,,,,,,,,,,,,,,,,,,,,,,,,,,,,,8572400,648600,7900335,false,false,9,2021-04-01,2021-12-31,0
2022-01-31,24790,2021-03-31,3,,,,,,,,,,,,,,,,,,,,,,,,,,,,,,,,,,,7927932,false,false,9,2020-04-01,2020-12-31,-1
2022-05-10,24790,2022-03-31,,2991000000,0.079,,,,,-118000000,,117000000,0.492,,57000000,,7.32,,0.064,0.059,-0.040,,1979000000,930000000,0.470,117.22,930000000,65000000,6000000,-150000000,1284000000,,0.131,,,,,,true,false,12,2021-04-01,2022-03-31,0
2022-05-10,24790,2021-03-31,,2771000000,-0.087,,,,,-56000000,,78000000,-0.436,,40000000,,5.11,,0.045,0.042,-0.020,,1969000000,887000000,0.450,112.54,887000000,108000000,-16000000,68000000,1363000000,,0.196,,,,,,true,false,12,2020-04-01,2021-03-31,-1
2022-05-10,24790,2023-03-31,,1655000000,0.159,,,,,11000000,,25000000,2.652,,18000000,,2.27,,,,,,,,,,,,,,,,,,,,,,true,true,6,2022-04-01,2022-09-30,1
2022-05-10,24790,2023-03-31,,3500000000,0.170,,,,,140000000,,155000000,0.499,,93000000,,11.72,,,,,,,,,,,,,,,,0.085,,,,,,true,true,12,2022-04-01,2023-03-31,1
2022-05-10,24790,2021-03-31,,,,,,,,,,,,,,,,,,,,,,,,,,,,,,1.00,,,,8572400,689100,7914863,false,false,12,2020-04-01,2021-03-31,-1
2022-05-10,24790,2022-03-31,,,,,,,,,,,,,,,,,,,,,,,,,,,,,,1.00,,,,8572400,636300,7906356,false,false,12,2021-04-01,2022-03-31,0
2022-05-10,24790,2023-03-31,,,,,,,,,,,,,,,,,,,,,,,,,,,,,,1.00,,,,,,,false,true,12,2022-04-01,2023-03-31,1
2022-05-18,24790,2022-03-31,,2991000000,0.079,,,,,-118000000,,117000000,0.492,,60000000,,7.62,,0.066,0.059,-0.040,,1981000000,932000000,0.471,117.52,932000000,65000000,6000000,-150000000,1284000000,,0.131,,,,,,true,false,12,2021-04-01,2022-03-31,0
2022-05-18,24790,2021-03-31,,2771000000,-0.087,,,,,-56000000,,78000000,-0.430,,40000000,,5.11,,0.045,0.042,-0.020,,1969000000,887000000,0.450,112.54,887887000000,108000000,-16000000,68000000,1363000000,,0.196,,,,,,true,false,12,2020-04-01,2021-03-31,-1
2022-05-18,24790,2023-03-31,,1655000000,0.159,,,,,11000000,,25000000,2.652,,18000000,,2.27,,,,,,,,,,,,,,,,,,,,,,true,true,6,2022-04-01,2022-09-30,1
2022-05-18,24790,2023-03-31,,3500000000,0.170,,,,,140000000,,155000000,0.320,,93000000,,11.72,,,,,,,,,,,,,,,,0.085,,,,,,true,true,12,2022-04-01,2023-03-31,1
2022-05-18,24790,2021-03-31,,,,,,,,,,,,,,,,,,,,,,,,,,,,,,1.00,,,,8572400,689100,7914863,false,false,12,2020-04-01,2021-03-31,-1
2022-05-18,24790,2022-03-31,,,,,,,,,,,,,,,,,,,,,,,,,,,,,,1.00,,,,8572400,636300,7906356,false,false,12,2021-04-01,2022-03-31,0
2022-05-18,24790,2023-03-31,,,,,,,,,,,,,,,,,,,,,,,,,,,,,,1.00,,,,,,,false,true,12,2022-04-01,2023-03-31,1
2022-05-10,24790,2022-03-31,,2991000000,0.079,,,,,-118000000,,117000000,0.492,,60000000,,7.62,,0.066,0.059,-0.040,,1981000000,932000000,0.471,117.52,932000000,62000000,6000000,-147000000,1284000000,,0.131,,,,,,true,false,12,2021-04-01,2022-03-31,0
2022-05-10,24790,2021-03-31,,2771000000,-0.087,,,,,-56000000,,78000000,-0.430,,40000000,,5.11,,0.045,0.042,-0.020,,1969000000,887000000,0.450,112.54,887000000,108000000,-16000000,68000000,1363000000,,0.196,,,,,,true,false,12,2020-04-01,2021-03-31,-1
2022-05-10,24790,2023-03-31,,1655000000,0.159,,,,,11000000,,25000000,2.652,,18000000,,2.27,,,,,,,,,,,,,,,,,,,,,,true,true,6,2022-04-01,2022-09-30,1
2022-05-10,24790,2023-03-31,,3500000000,0.170,,,,,140000000,,155000000,0.320,,93000000,,11.72,,,,,,,,,,,,,,,,0.085,,,,,,true,true,12,2022-04-01,2023-03-31,1
2022-05-10,24790,2021-03-31,,,,,,,,,,,,,,,,,,,,,,,,,,,,,,1.00,,,,8572400,689100,7914863,false,false,12,2020-04-01,2021-03-31,-1
2022-05-10,24790,2022-03-31,,,,,,,,,,,,,,,,,,,,,,,,,,,,,,1.00,,,,8572400,636300,7906356,false,false,12,2021-04-01,2022-03-31,0
2022-05-10,24790,2023-03-31,,,,,,,,,,,,,,,,,,,,,,,,,,,,,,1.00,,,,,,,false,true,12,2022-04-01,2023-03-31,1
2022-07-29,24790,2023-03-31,1,782000000,0.116,,,,,25000000,,37000000,,,10000000,,1.31,,,,,,2023000000,936000000,0.463,117.97,936000000,,,,,,,,,,,,true,false,3,2022-04-01,2022-06-30,0
2022-07-29,24790,2022-03-31,1,701000000,0.030,,,,,-80000000,,-35000000,,,-25000000,,-3.28,,,,,,,,,,,,,,,,,,,,,,true,false,3,2021-04-01,2021-06-30,-1
2022-07-29,24790,2023-03-31,1,1655000000,0.159,,,,,11000000,,25000000,2.652,,18000000,,2.27,,,,,,,,,,,,,,,,,,,,,,true,true,6,2022-04-01,2022-09-30,0
2022-07-29,24790,2023-03-31,1,3500000000,0.170,,,,,140000000,,155000000,0.320,,93000000,,11.72,,,,,,,,,,,,,,,,,,,,,,true,true,12,2022-04-01,2023-03-31,0
2022-07-29,24790,2022-03-31,1,,,,,,,,,,,,,,,,,,,,1981000000,932000000,0.471,117.52,932000000,,,,,,,,,,,,true,false,12,2021-04-01,2022-03-31,-1
2022-07-29,24790,2022-03-31,1,,,,,,,,,,,,,,,,,,,,,,,,,,,,,1.00,,,,8572400,636300,,false,false,12,2021-04-01,2022-03-31,-1
2022-07-29,24790,2023-03-31,1,,,,,,,,,,,,,,,,,,,,,,,,,,,,,1.00,,,,,,,false,true,12,2022-04-01,2023-03-31,0
2022-07-29,24790,2023-03-31,1,,,,,,,,,,,,,,,,,,,,,,,,,,,,,,,,,8572400,636300,7936100,false,false,3,2022-04-01,2022-06-30,0
2022-07-29,24790,2022-03-31,1,,,,,,,,,,,,,,,,,,,,,,,,,,,,,,,,,,,7883300,false,false,3,2021-04-01,2021-06-30,-1
2022-10-31,24790,2023-03-31,2,1578000000,0.105,,,,,34000000,,62000000,8.163,,31000000,,4.01,,,,,,1927000000,959000000,0.498,120.91,959000000,,,,,,,,,,,,true,false,6,2022-04-01,2022-09-30,0
2022-10-31,24790,2022-03-31,2,1427000000,0.044,,,,,-130000000,,6000000,7.853,,-1000000,,-0.15,,,,,,,,,,,,,,,,,,,,,,true,false,6,2021-04-01,2021-09-30,-1
2022-10-31,24790,2023-03-31,2,3500000000,0.170,,,,,140000000,,155000000,0.320,,93000000,,11.72,,,,,,,,,,,,,,,,,,,,,,true,true,12,2022-04-01,2023-03-31,0
2022-10-31,24790,2022-03-31,2,,,,,,,,,,,,,,,,,,,,1981000000,932000000,0.471,117.52,932000000,,,,,,,,,,,,true,false,12,2021-04-01,2022-03-31,-1
2022-10-31,24790,2022-03-31,2,,,,,,,,,,,,,,,,,,,,,,,,,,,,,1.00,,,,8572400,636300,,false,false,12,2021-04-01,2022-03-31,-1
2022-10-31,24790,2023-03-31,2,,,,,,,,,,,,,,,,,,,,,,,,,,,,,1.00,,,,,,,false,true,12,2022-04-01,2023-03-31,0
2022-10-31,24790,2023-03-31,2,,,,,,,,,,,,,,,,,,,,,,,,,,,,,,,,,8572400,636300,7936100,false,false,6,2022-04-01,2022-09-30,0
2022-10-31,24790,2022-03-31,2,,,,,,,,,,,,,,,,,,,,,,,,,,,,,,,,,,,7888538,false,false,6,2021-04-01,2021-09-30,-1
2023-01-31,2479,2023-03-31,3,2384000000,0.079,,,,,139000000,,174000000,0.928,,110000000,,13.94,,,,,,1908000000,1047000000,0.549,131.46,1047000000,,,,,,,,,,,,true,false,9,2022-04-01,2022-12-31,0
2023-01-31,2479,2022-03-31,3,2209000000,0.072,,,,,-110000000,,90000000,0.948,,51000000,,6.56,,,,,,,,,,,,,,,,,,,,,,true,false,9,2021-04-01,2021-12-31,-1
2023-01-31,2479,2023-03-31,3,3200000000,0.070,,,,,175000000,,215000000,0.831,,118000000,,14.84,,,,,,,,,,,,,,,,,,,,,,true,true,12,2022-04-01,2023-03-31,0
2023-01-31,2479,2022-03-31,3,,,,,,,,,,,,,,,,,,,,1981000000,932000000,0.471,117.52,932000000,,,,,,,,,,,,true,false,12,2021-04-01,2022-03-31,-1
2023-01-31,2479,2022-03-31,3,,,,,,,,,,,,,,,,,,,,,,,,,,,,,1.00,,,,8572400,636300,,false,false,12,2021-04-01,2022-03-31,-1
2023-01-31,2479,2023-03-31,3,,,,,,,,,,,,,,,,,,,,,,,,,,,,,0.00,,,,,,,false,false,12,2022-04-01,2023-03-31,0
2023-01-31,2479,2023-03-31,3,,,,,,,,,,,,,,,,,,,,,,,,,,,,,1.00,,,,,,,false,true,12,2022-04-01,2023-03-31,0
2023-01-31,2479,2023-03-31,3,,,,,,,,,,,,,,,,,,,,,,,,,,,,,,,,,8572400,604900,7940325,false,false,9,2022-04-01,2022-12-31,0
2023-01-31,2479,2022-03-31,3,,,,,,,,,,,,,,,,,,,,,,,,,,,,,,,,,,,7900335,false,false,9,2021-04-01,2021-12-31,-1
2023-05-11,2479,2023-03-31,,3177000000,0.062,,,,,178000000,,217000000,0.853,,131000000,,16.56,,0.132,0.109,0.056,,2012000000,1068000000,0.531,134.06,1068000000,155000000,4000000,-111000000,1332000000,,0.302,,,,,,true,false,12,2022-04-01,2023-03-31,0
2023-05-11,2479,2022-03-31,,2991000000,0.079,,,,,-118000000,,117000000,0.492,,60000000,,7.62,,0.066,0.059,-0.040,,1981000000,932000000,0.471,117.52,932000000,62000000,6000000,-147000000,1284000000,,0.131,,,,,,true,false,12,2021-04-01,2022-03-31,-1
2023-05-11,2479,2024-03-31,,3750000000,0.180,,,,,310000000,0.732,310000000,0.424,,170000000,,21.34,,,,,,,,,,,,,,,,,,,,,,true,true,12,2023-04-01,2024-03-31,1
2023-05-11,2479,2023-03-31,,2072000000,0.117,,,,,32000000,,41000000,,13000000,,,1.70,,,,,,,,,,,,,,,5.00,,,,8572400,604900,7947025,false,false,12,2022-04-01,2023-03-31,0
2023-05-11,2479,2022-03-31,,1855000000,0.076,,,,,-148000000,,-13000000,,-23000000,,,-3.01,,,,,,,,,,,,,,,1.00,,,,8572400,636300,7906356,false,false,12,2021-04-01,2022-03-31,-1
2023-07-31,2479,2024-03-31,1,812000000,0.038,,,,,31000000,0.247,31000000,-0.150,,17000000,,2.23,,,,,,2064000000,1047000000,0.507,131.48,1047000000,,,,,,,,,,,,true,false,3,2023-04-01,2023-06-30,0
2023-07-31,2479,2023-03-31,1,782000000,0.116,,,,,25000000,,37000000,,,10000000,,1.31,,,,,,,,,,,,,,,,,,,,,,true,false,3,2022-04-01,2022-06-30,-1
2023-07-31,2479,2024-03-31,1,3750000000,0.180,,,,,310000000,0.732,310000000,0.424,,170000000,,21.34,,,,,,,,,,,,,,,,,,,,,,true,true,12,2023-04-01,2024-03-31,0
2023-07-31,2479,2023-03-31,1,,,,,,,,,,,,,,,,,,,,2012000000,1068000000,0.531,134.06,1068000000,,,,,,,,,,,,true,false,12,2022-04-01,2023-03-31,-1
2023-07-31,2479,2023-03-31,1,,,,,,,,,,,,,,,,,,,,,,,,,,,,,5.00,,,,8572400,604900,,false,false,12,2022-04-01,2023-03-31,-1
2023-07-31,2479,2024-03-31,1,,,,,,,,,,,,,,,,,,,,,,,,,,,,,,,,,8572400,604900,7967500,false,false,3,2023-04-01,2023-06-30,0
2023-07-31,2479,2023-03-31,1,,,,,,,,,,,,,,,,,,,,,,,,,,,,,,,,,,,7936100,false,false,3,2022-04-01,2022-06-30,-1
2023-10-31,2479,2024-03-31,2,1624000000,0.029,,,,,65000000,0.895,65000000,0.042,,33000000,,4.14,,,,,,1981000000,1069000000,0.540,133.98,1069000000,,,,,,,,,,,,true,false,6,2023-04-01,2023-09-30,0
2023-10-31,2479,2023-03-31,2,1578000000,0.105,,,,,34000000,,62000000,8.163,,31000000,,4.01,,,,,,,,,,,,,,,,,,,,,,true,false,6,2022-04-01,2022-09-30,-1
2023-10-31,2479,2024-03-31,2,3750000000,0.180,,,,,310000000,0.732,310000000,0.424,,170000000,,21.29,,,,,,,,,,,,,,,,,,,,,,true,true,12,2023-04-01,2024-03-31,0
2023-10-31,2479,2023-03-31,2,,,,,,,,,,,,,,,,,,,,2012000000,1068000000,0.531,134.06,1068000000,,,,,,,,,,,,true,false,12,2022-04-01,2023-03-31,-1
2023-10-31,2479,2023-03-31,2,,,,,,,,,,,,,,,,,,,,,,,,,,,,,5.00,,,,8572400,604900,,false,false,12,2022-04-01,2023-03-31,-1
2023-10-31,2479,2024-03-31,2,,,,,,,,,,,,,,,,,,,,,,,,,,,,,,,,,8572400,586700,7971180,false,false,6,2023-04-01,2023-09-30,0
2023-10-31,2479,2023-03-31,2,,,,,,,,,,,,,,,,,,,,,,,,,,,,,,,,,,,7936100,false,false,6,2022-04-01,2022-09-30,-1
2024-01-31,2479,2024-03-31,3,2454000000,0.029,,,,,162000000,0.164,161000000,-0.073,,103000000,,13.01,,,,,,1957000000,1142000000,0.584,143.05,1142000000,,,,,,,,,,,,true,false,9,2023-04-01,2023-12-31,0
2024-01-31,2479,2023-03-31,3,2384000000,0.079,,,,,139000000,,174000000,0.928,,110000000,,13.94,,,,,,,,,,,,,,,,,,,,,,true,false,9,2022-04-01,2022-12-31,-1
2024-01-31,2479,2024-03-31,3,3750000000,0.180,,,,,310000000,0.732,310000000,0.424,,170000000,,21.29,,,,,,,,,,,,,,,,,,,,,,true,true,12,2023-04-01,2024-03-31,0
2024-01-31,2479,2023-03-31,3,,,,,,,,,,,,,,,,,,,,2012000000,1068000000,0.531,134.06,1068000000,,,,,,,,,,,,true,false,12,2022-04-01,2023-03-31,-1
2024-01-31,2479,2023-03-31,3,,,,,,,,,,,,,,,,,,,,,,,,,,,,,5.00,,,,8572400,604900,,false,false,12,2022-04-01,2023-03-31,-1
2024-01-31,2479,2024-03-31,3,,,,,,,,,,,,,,,,,,,,,,,,,,,,,,,,,8572400,586700,7976037,false,false,9,2023-04-01,2023-12-31,0
2024-01-31,2479,2023-03-31,3,,,,,,,,,,,,,,,,,,,,,,,,,,,,,,,,,,,7940325,false,false,9,2022-04-01,2022-12-31,-1
2024-05-10,2479,2024-03-31,,3242000000,0.020,,,,,229000000,0.281,226000000,0.040,,163000000,,20.53,,0.144,0.111,0.071,,2060000000,1202000000,0.584,150.58,1202000000,159000000,-1000000,-131000000,1359000000,,0.244,,,,,,true,false,12,2023-04-01,2024-03-31,0
2024-05-10,2479,2023-03-31,,3177000000,0.062,,,,,178000000,,217000000,0.853,,131000000,,16.56,,0.132,0.109,0.056,,2012000000,1068000000,0.531,134.06,1068000000,155000000,4000000,-111000000,1332000000,,0.302,,,,,,true,false,12,2022-04-01,2023-03-31,-1
2024-05-10,2479,2025-03-31,,3750000000,0.156,,,,,350000000,0.527,350000000,0.546,,193000000,,24.17,,,,,,,,,,,,,,,,,,,,,,true,true,12,2024-04-01,2025-03-31,1
2024-05-10,2479,2024-03-31,,2285000000,0.102,,,,,208000000,5.338,205000000,3.918,149000000,,,18.77,,,,,,,,,,,,,,,5.00,,,,8572400,586700,7978440,false,false,12,2023-04-01,2024-03-31,0
2024-05-10,2479,2023-03-31,,2072000000,0.117,,,,,32000000,,41000000,,13000000,,,1.70,,,,,,,,,,,,,,,5.00,,,,8572400,604900,7947025,false,false,12,2022-04-01,2023-03-31,-1
2024-07-31,2479,2025-03-31,1,819000000,0.009,,,,,38000000,0.215,38000000,0.226,,19000000,,2.45,,,,,,2124000000,1183000000,0.557,148.17,1183000000,,,,,,,,,,,,true,false,3,2024-04-01,2024-06-30,0
2024-07-31,2479,2024-03-31,1,812000000,0.038,,,,,31000000,0.247,31000000,-0.150,,17000000,,2.23,,,,,,,,,,,,,,,,,,,,,,true,false,3,2023-04-01,2023-06-30,-1
2024-07-31,2479,2025-03-31,1,3750000000,0.156,,,,,350000000,0.527,350000000,0.546,,193000000,,24.17,,,,,,,,,,,,,,,,,,,,,,true,true,12,2024-04-01,2025-03-31,0
2024-07-31,2479,2024-03-31,1,,,,,,,,,,,,,,,,,,,,2060000000,1202000000,0.584,150.58,1202000000,,,,,,,,,,,,true,false,12,2023-04-01,2024-03-31,-1
2024-07-31,2479,2024-03-31,1,,,,,,,,,,,,,,,,,,,,,,,,,,,,,5.00,,,,8572400,586700,,false,false,12,2023-04-01,2024-03-31,-1
2024-07-31,2479,2025-03-31,1,,,,,,,,,,,,,,,,,,,,,,,,,,,,,,,,,8572400,586700,7985700,false,false,3,2024-04-01,2024-06-30,0
2024-07-31,2479,2024-03-31,1,,,,,,,,,,,,,,,,,,,,,,,,,,,,,,,,,,,7967500,false,false,3,2023-04-01,2023-06-30,-1
2024-10-31,2479,2025-03-31,2,1647000000,0.014,,,,,98000000,0.489,98000000,0.501,,63000000,,7.91,,,,,,2036000000,1233000000,0.606,154.03,1233000000,,,,,,,,,,,,true,false,6,2024-04-01,2024-09-30,0
2024-10-31,2479,2024-03-31,2,1624000000,0.029,,,,,65000000,0.895,65000000,0.042,,33000000,,4.14,,,,,,,,,,,,,,,,,,,,,,true,false,6,2023-04-01,2023-09-30,-1
2024-10-31,2479,2025-03-31,2,3750000000,0.156,,,,,350000000,0.527,350000000,0.546,,193000000,,24.10,,,,,,,,,,,,,,,,,,,,,,true,true,12,2024-04-01,2025-03-31,0
2024-10-31,2479,2024-03-31,2,,,,,,,,,,,,,,,,,,,,2060000000,1202000000,0.584,150.58,1202000000,,,,,,,,,,,,true,false,12,2023-04-01,2024-03-31,-1
2024-10-31,2479,2024-03-31,2,,,,,,,,,,,,,,,,,,,,,,,,,,,,,5.00,,,,8572400,586700,,false,false,12,2023-04-01,2024-03-31,-1
2024-10-31,2479,2025-03-31,2,,,,,,,,,,,,,,,,,,,,,,,,,,,,,,,,,8572400,565700,7990175,false,false,6,2024-04-01,2024-09-30,0
2024-10-31,2479,2024-03-31,2,,,,,,,,,,,,,,,,,,,,,,,,,,,,,,,,,,,7971180,false,false,6,2023-04-01,2023-09-30,-1
2024-10-31,2479,2025-03-31,2,1647000000,0.014,,,,,98000000,0.502,98000000,0.514,,63000000,,7.91,,,,,,2036000000,1233000000,0.606,154.03,1233000000,,,,,,,,,,,,true,false,6,2024-04-01,2024-09-30,0
2024-10-31,2479,2024-03-31,2,1624000000,0.029,,,,,65000000,0.895,65000000,0.042,,33000000,,4.14,,,,,,,,,,,,,,,,,,,,,,true,false,6,2023-04-01,2023-09-30,-1
2024-10-31,2479,2025-03-31,2,3750000000,0.156,,,,,350000000,0.527,350000000,0.546,,193000000,,24.10,,,,,,,,,,,,,,,,,,,,,,true,true,12,2024-04-01,2025-03-31,0
2024-10-31,2479,2024-03-31,2,,,,,,,,,,,,,,,,,,,,2060000000,1202000000,0.584,150.58,1202000000,,,,,,,,,,,,true,false,12,2023-04-01,2024-03-31,-1
2024-10-31,2479,2024-03-31,2,,,,,,,,,,,,,,,,,,,,,,,,,,,,,5.00,,,,8572400,586700,,false,false,12,2023-04-01,2024-03-31,-1
2024-10-31,2479,2025-03-31,2,,,,,,,,,,,,,,,,,,,,,,,,,,,,,0.00,,,,,,,false,false,12,2024-04-01,2025-03-31,0
2024-10-31,2479,2025-03-31,2,,,,,,,,,,,,,,,,,,,,,,,,,,,,,,,,,8572400,565700,7990175,false,false,6,2024-04-01,2024-09-30,0
2024-10-31,2479,2024-03-31,2,,,,,,,,,,,,,,,,,,,,,,,,,,,,,,,,,,,7971180,false,false,6,2023-04-01,2023-09-30,-1
2025-01-31,2479,2025-03-31,3,2533000000,0.032,,,,,230000000,0.420,230000000,0.429,,149000000,,18.69,,,,,,2066000000,1320000000,0.639,164.95,1320000000,,,,,,,,,,,,true,false,9,2024-04-01,2024-12-31,0
2025-01-31,2479,2024-03-31,3,2454000000,0.029,,,,,162000000,0.164,161000000,-0.073,,103000000,,13.01,,,,,,,,,,,,,,,,,,,,,,true,false,9,2023-04-01,2023-12-31,-1
2025-01-31,2479,2025-03-31,3,3750000000,0.156,,,,,350000000,0.527,350000000,0.546,,193000000,,24.10,,,,,,,,,,,,,,,,,,,,,,true,true,12,2024-04-01,2025-03-31,0
2025-01-31,2479,2024-03-31,3,,,,,,,,,,,,,,,,,,,,2060000000,1202000000,0.584,150.58,1202000000,,,,,,,,,,,,true,false,12,2023-04-01,2024-03-31,-1
2025-01-31,2479,2024-03-31,3,,,,,,,,,,,,,,,,,,,,,,,,,,,,,5.00,,,,8572400,586700,,false,false,12,2023-04-01,2024-03-31,-1
2025-01-31,2479,2025-03-31,3,,,,,,,,,,,,,,,,,,,,,,,,,,,,,0.00,,,,,,,false,false,12,2024-04-01,2025-03-31,0
2025-01-31,2479,2025-03-31,3,,,,,,,,,,,,,,,,,,,,,,,,,,,,,,,,,8572400,565700,7995704,false,false,9,2024-04-01,2024-12-31,0
2025-01-31,2479,2024-03-31,3,,,,,,,,,,,,,,,,,,,,,,,,,,,,,,,,,,,7976037,false,false,9,2023-04-01,2023-12-31,-1
,24790,2025-03-31,,,,,,,,,,,,,,,,,,,,,,,,,,,,,,10.00,,,,,,,false,true,12,2024-04-01,2025-03-31,0
,24790,2025-03-31,,,,,,,,,,,,,,,,,,,,,,,,,,,,,,0.00,,,,,,,false,false,12,2024-04-01,2025-03-31,0
,24790,2024-03-31,,,,,,,,,,,,,,,,,,,,,,,,,,,,,,5.00,,,,,,,false,false,12,2023-04-01,2024-03-31,-1
2025-05-14,2479,2025-03-31,,3393000000,0.046,,,,,329000000,0.436,330000000,0.458,,228000000,,28.52,,0.174,0.154,0.097,,2217000000,1418000000,0.640,177.22,1418000000,250000000,2000000,-112000000,1500000000,,0.351,,,,,,true,false,12,2024-04-01,2025-03-31,0
2025-05-14,2479,2024-03-31,,3242000000,0.020,,,,,229000000,0.281,226000000,0.040,,163000000,,20.53,,0.144,0.111,0.071,,2060000000,1202000000,0.584,150.58,1202000000,159000000,-1000000,-131000000,1359000000,,0.244,,,,,,true,false,12,2023-04-01,2024-03-31,-1
2025-05-14,2479,2026-03-31,,4000000000,0.179,,,,,400000000,0.215,400000000,0.212,,240000000,,29.97,,,,,,,,,,,,,,,,,,,,,,true,true,12,2025-04-01,2026-03-31,1
2025-05-14,2479,2025-03-31,,2481000000,0.086,,,,,220000000,0.056,220000000,0.072,155000000,,0.036,19.40,,,,,,,,,,,,,,,10.00,,,,8572400,565700,7998415,false,false,12,2024-04-01,2025-03-31,0
2025-05-14,2479,2024-03-31,,2285000000,0.102,,,,,208000000,5.338,205000000,3.918,149000000,,,18.77,,,,,,,,,,,,,,,5.00,,,,8572400,586700,7978440,false,false,12,2023-04-01,2024-03-31,-1
2025-07-31,2479,2026-03-31,1,811000000,-0.010,,,,,22000000,-0.408,-2000000,,,-6000000,,-0.80,,,,,,2173000000,1332000000,0.613,166.44,1332000000,,,,,,,,,,,,true,false,3,2025-04-01,2025-06-30,0
2025-07-31,2479,2025-03-31,1,819000000,0.009,,,,,38000000,0.215,38000000,0.226,,19000000,,2.45,,,,,,,,,,,,,,,,,,,,,,true,false,3,2024-04-01,2024-06-30,-1
2025-07-31,2479,2026-03-31,1,4000000000,0.179,,,,,400000000,0.215,400000000,0.212,,240000000,,29.97,,,,,,,,,,,,,,,,,,,,,,true,true,12,2025-04-01,2026-03-31,0
2025-07-31,2479,2025-03-31,1,,,,,,,,,,,,,,,,,,,,2217000000,1418000000,0.640,177.22,1418000000,,,,,,,,,,,,true,false,12,2024-04-01,2025-03-31,-1
2025-07-31,2479,2025-03-31,1,,,,,,,,,,,,,,,,,,,,,,,,,,,,,10.00,,,,8572400,565700,,false,false,12,2024-04-01,2025-03-31,-1
2025-07-31,2479,2026-03-31,1,,,,,,,,,,,,,,,,,,,,,,,,,,,,,,,,,8572400,565700,8006700,false,false,3,2025-04-01,2025-06-30,0
2025-07-31,2479,2025-03-31,1,,,,,,,,,,,,,,,,,,,,,,,,,,,,,,,,,,,7985700,false,false,3,2024-04-01,2024-06-30,-1
