filing_date,code,fiscal_year_end,quarterly_period,net_sales,net_sales_change,revenue,revenue_change,operating_revenue,operating_revenue_change,operating_profit,operating_profit_change,ordinary_profit,ordinary_profit_change,net_income,net_income_of_parent,net_income_change,eps,diluted_eps,roe,roa,operating_profit_to_net_sales,operating_profit_to_revenue,total_assets,net_assets,equity_ratio,bps,owner_equity,operating_cash_flow,investing_cash_flow,financing_cash_flow,cash,dividend_per_share,payout_ratio,commemorative_dividend,extra_dividend,number_of_shares,number_of_treqsury_shares,avg_number_of_shares,is_consolidated,is_forecast,duration,period_start,period_end,period_pos
2015-07-31,24920,2015-12-31,2,2714000000,0.148,,,,,988000000,0.175,991000000,0.188,612000000,,0.218,10.16,,,,,,5904000000,4344000000,0.736,,4344000000,,,,,,,,,,,,true,false,6,2015-01-01,2015-06-30,0
2015-07-31,24920,2014-12-31,2,2364000000,0.144,,,,,841000000,0.584,834000000,0.546,503000000,,0.564,8.52,8.35,,,,,,,,,,,,,,,,,,,,,true,false,6,2014-01-01,2014-06-30,-1
2015-07-31,24920,2015-12-31,2,5948000000,0.195,,,,,2283000000,0.174,2279000000,0.162,1404000000,,0.193,23.26,,,,,,,,,,,,,,,,,,,,,,true,true,12,2015-01-01,2015-12-31,0
2015-07-31,24920,2014-12-31,2,,,,,,,,,,,,,,,,,,,,5689000000,4029000000,0.708,,4029000000,,,,,,,,,,,,true,false,12,2014-01-01,2014-12-31,-1
2015-07-31,24920,2014-12-31,2,,,,,,,,,,,,,,,,,,,,,,,,,,,,,19.38,,,,60752000,393980,,false,false,12,2014-01-01,2014-12-31,-1
2015-07-31,24920,2015-12-31,2,,,,,,,,,,,,,,,,,,,,,,,,,,,,,5.88,,,,,,,false,false,12,2015-01-01,2015-12-31,0
2015-07-31,24920,2015-12-31,2,,,,,,,,,,,,,,,,,,,,,,,,,,,,,11.76,,,,,,,false,true,12,2015-01-01,2015-12-31,0
2015-07-31,24920,2015-12-31,2,,,,,,,,,,,,,,,,,,,,,,,,,,,,,,,,,60752000,394230,60357810,false,false,6,2015-01-01,2015-06-30,0
2015-07-31,24920,2014-12-31,2,,,,,,,,,,,,,,,,,,,,,,,,,,,,,,,,,,,59086044,false,false,6,2014-01-01,2014-06-30,-1
2015-10-30,24920,2015-12-31,3,4146000000,0.142,,,,,1532000000,0.104,1530000000,0.101,954000000,,0.126,15.81,,,,,,5956000000,4335000000,0.728,,4335000000,,,,,,,,,,,,true,false,9,2015-01-01,2015-09-30,0
2015-10-30,24920,2014-12-31,3,3630000000,0.143,,,,,1387000000,0.669,1390000000,0.661,847000000,,0.700,14.35,14.06,,,,,,,,,,,,,,,,,,,,,true,false,9,2014-01-01,2014-09-30,-1
2015-10-30,24920,2015-12-31,3,5948000000,0.195,,,,,2283000000,0.174,2279000000,0.162,1404000000,,0.193,23.26,,,,,,,,,,,,,,,,,,,,,,true,true,12,2015-01-01,2015-12-31,0
2015-10-30,24920,2014-12-31,3,,,,,,,,,,,,,,,,,,,,5689000000,4029000000,0.708,,4029000000,,,,,,,,,,,,true,false,12,2014-01-01,2014-12-31,-1
2015-10-30,24920,2014-12-31,3,,,,,,,,,,,,,,,,,,,,,,,,,,,,,19.38,,,,60752000,393980,,false,false,12,2014-01-01,2014-12-31,-1
2015-10-30,24920,2015-12-31,3,,,,,,,,,,,,,,,,,,,,,,,,,,,,,5.88,,,,,,,false,false,12,2015-01-01,2015-12-31,0
2015-10-30,24920,2015-12-31,3,,,,,,,,,,,,,,,,,,,,,,,,,,,,,11.76,,,,,,,false,true,12,2015-01-01,2015-12-31,0
2015-10-30,24920,2015-12-31,3,,,,,,,,,,,,,,,,,,,,,,,,,,,,,,,,,60752000,394230,60357797,false,false,9,2015-01-01,2015-09-30,0
2015-10-30,24920,2014-12-31,3,,,,,,,,,,,,,,,,,,,,,,,,,,,,,,,,,,,59086035,false,false,9,2014-01-01,2014-09-30,-1
2016-02-15,24920,2015-12-31,,5632000000,0.131,,,,,2094000000,0.077,2040000000,0.040,1308000000,,0.111,21.38,,0.195,0.244,0.372,,11045000000,9414000000,0.852,145.16,9414000000,2078000000,-1369000000,4090000000,5600000000,,0.563,,,,,,true,false,12,2015-01-01,2015-12-31,0
2016-02-15,24920,2014-12-31,,4979000000,0.148,,,,,1945000000,0.777,1962000000,0.772,1177000000,,0.866,19.86,,0.323,0.368,0.391,,5689000000,4029000000,0.708,66.75,4029000000,1878000000,-1144000000,-555000000,800000000,,0.491,,,,,,true,false,12,2014-01-01,2014-12-31,-1
2016-02-15,24920,2016-12-31,,3082000000,0.136,,,,,994000000,0.006,992000000,0.001,,640000000,,9.87,,,,,,,,,,,,,,,,,,,,,,true,true,6,2016-01-01,2016-06-30,1
2016-02-15,24920,2016-12-31,,6649000000,0.181,,,,,2292000000,0.094,2289000000,0.122,,1481000000,,23.34,,,,,,,,,,,,,,,,0.517,,,,,,true,true,12,2016-01-01,2016-12-31,1
2016-02-15,24920,2015-12-31,,5538000000,0.133,,,,,2117000000,0.047,2043000000,0.048,1305000000,,0.121,21.32,,,,,,11203000000,9592000000,0.856,147.90,9592000000,,,,,11.76,,,,64857800,106,61220799,false,false,12,2015-01-01,2015-12-31,0
2016-02-15,24920,2014-12-31,,4887000000,0.145,,,,,2023000000,0.668,1948000000,0.740,1164000000,,1.117,19.64,,,,,,5849000000,4209000000,0.720,69.74,4209000000,,,,,19.38,,,,60752000,393980,59302097,false,false,12,2014-01-01,2014-12-31,-1
2016-02-15,24920,2016-12-31,,,,,,,,,,,,,,,,,,,,,,,,,,,,,,11.80,,,,,,,false,true,12,2016-01-01,2016-12-31,1
2016-04-28,24920,2016-12-31,1,1467000000,0.120,,,,,472000000,-0.075,456000000,-0.107,,294000000,,4.55,,,,,,10821000000,9341000000,0.863,,9341000000,,,,,,,,,,,,true,false,3,2016-01-01,2016-03-31,0
2016-04-28,24920,2015-12-31,1,1310000000,0.132,,,,,511000000,0.208,511000000,0.219,,307000000,,5.09,,,,,,,,,,,,,,,,,,,,,,true,false,3,2015-01-01,2015-03-31,-1
2016-04-28,24920,2016-12-31,1,3082000000,0.136,,,,,994000000,0.006,992000000,0.001,,640000000,,9.87,,,,,,,,,,,,,,,,,,,,,,true,true,6,2016-01-01,2016-06-30,0
2016-04-28,24920,2016-12-31,1,6649000000,0.181,,,,,2292000000,0.094,2289000000,0.122,,1481000000,,23.34,,,,,,,,,,,,,,,,,,,,,,true,true,12,2016-01-01,2016-12-31,0
2016-04-28,24920,2015-12-31,1,,,,,,,,,,,,,,,,,,,,11045000000,9414000000,0.852,,9414000000,,,,,,,,,,,,true,false,12,2015-01-01,2015-12-31,-1
2016-04-28,24920,2015-12-31,1,,,,,,,,,,,,,,,,,,,,,,,,,,,,,11.76,,,,64857800,106,,false,false,12,2015-01-01,2015-12-31,-1
2016-04-28,24920,2016-12-31,1,,,,,,,,,,,,,,,,,,,,,,,,,,,,,11.80,,,,,,,false,true,12,2016-01-01,2016-12-31,0
2016-04-28,24920,2016-12-31,1,,,,,,,,,,,,,,,,,,,,,,,,,,,,,,,,,64857800,106,64857694,false,false,3,2016-01-01,2016-03-31,0
2016-04-28,24920,2015-12-31,1,,,,,,,,,,,,,,,,,,,,,,,,,,,,,,,,,,,60357851,false,false,3,2015-01-01,2015-03-31,-1
2016-07-29,24920,2016-12-31,2,2981000000,0.098,,,,,969000000,-0.019,932000000,-0.059,,600000000,,9.26,,,,,,11148000000,9664000000,0.867,,9664000000,,,,,,,,,,,,true,false,6,2016-01-01,2016-06-30,0
2016-07-29,24920,2015-12-31,2,2714000000,0.148,,,,,988000000,0.175,991000000,0.188,,612000000,,10.16,,,,,,,,,,,,,,,,,,,,,,true,false,6,2015-01-01,2015-06-30,-1
2016-07-29,24920,2016-12-31,2,6649000000,0.181,,,,,2292000000,0.094,2289000000,0.122,,1481000000,,23.34,,,,,,,,,,,,,,,,,,,,,,true,true,12,2016-01-01,2016-12-31,0
2016-07-29,24920,2015-12-31,2,,,,,,,,,,,,,,,,,,,,11045000000,9414000000,0.852,,9414000000,,,,,,,,,,,,true,false,12,2015-01-01,2015-12-31,-1
2016-07-29,24920,2015-12-31,2,,,,,,,,,,,,,,,,,,,,,,,,,,,,,11.76,,,,64857800,106,,false,false,12,2015-01-01,2015-12-31,-1
2016-07-29,24920,2016-12-31,2,,,,,,,,,,,,,,,,,,,,,,,,,,,,,5.90,,,,,,,false,false,12,2016-01-01,2016-12-31,0
2016-07-29,24920,2016-12-31,2,,,,,,,,,,,,,,,,,,,,,,,,,,,,,11.80,,,,,,,false,true,12,2016-01-01,2016-12-31,0
2016-07-29,24920,2016-12-31,2,,,,,,,,,,,,,,,,,,,,,,,,,,,,,,,,,64857800,106,64857694,false,false,6,2016-01-01,2016-06-30,0
2016-07-29,24920,2015-12-31,2,,,,,,,,,,,,,,,,,,,,,,,,,,,,,,,,,,,60357810,false,false,6,2015-01-01,2015-06-30,-1
2016-10-31,24920,2016-12-31,3,4542000000,0.095,,,,,1422000000,-0.072,1382000000,-0.097,,890000000,,13.73,,,,,,11028000000,9574000000,0.868,,9574000000,,,,,,,,,,,,true,false,9,2016-01-01,2016-09-30,0
2016-10-31,24920,2015-12-31,3,4146000000,0.142,,,,,1532000000,0.104,1530000000,0.101,,954000000,,15.81,,,,,,,,,,,,,,,,,,,,,,true,false,9,2015-01-01,2015-09-30,-1
2016-10-31,24920,2016-12-31,3,6649000000,0.181,,,,,2292000000,0.094,2289000000,0.122,,1481000000,,23.34,,,,,,,,,,,,,,,,,,,,,,true,true,12,2016-01-01,2016-12-31,0
2016-10-31,24920,2015-12-31,3,,,,,,,,,,,,,,,,,,,,11045000000,9414000000,0.852,,9414000000,,,,,,,,,,,,true,false,12,2015-01-01,2015-12-31,-1
2016-10-31,24920,2015-12-31,3,,,,,,,,,,,,,,,,,,,,,,,,,,,,,11.76,,,,64857800,106,,false,false,12,2015-01-01,2015-12-31,-1
2016-10-31,24920,2016-12-31,3,,,,,,,,,,,,,,,,,,,,,,,,,,,,,5.90,,,,,,,false,false,12,2016-01-01,2016-12-31,0
2016-10-31,24920,2016-12-31,3,,,,,,,,,,,,,,,,,,,,,,,,,,,,,11.80,,,,,,,false,true,12,2016-01-01,2016-12-31,0
2016-10-31,24920,2016-12-31,3,,,,,,,,,,,,,,,,,,,,,,,,,,,,,,,,,64857800,141,64857686,false,false,9,2016-01-01,2016-09-30,0
2016-10-31,24920,2015-12-31,3,,,,,,,,,,,,,,,,,,,,,,,,,,,,,,,,,,,60357797,false,false,9,2015-01-01,2015-09-30,-1
2017-02-14,24920,2016-12-31,,6154000000,0.093,,,,,1956000000,-0.066,1947000000,-0.046,,1205000000,,9.29,,0.125,0.173,0.318,,11425000000,9860000000,0.863,76.02,9860000000,2394000000,-2398000000,-732000000,4862000000,,0.635,,,,,,true,false,12,2016-01-01,2016-12-31,0
2017-02-14,24920,2015-12-31,,5632000000,0.131,,,,,2094000000,0.077,2040000000,0.040,,1308000000,,10.69,,0.195,0.244,0.372,,11045000000,9414000000,0.852,72.58,9414000000,2078000000,-1369000000,4090000000,5600000000,,0.563,,,,,,true,false,12,2015-01-01,2015-12-31,-1
2017-02-14,24920,2017-12-31,,3402000000,0.141,,,,,852000000,-0.120,851000000,-0.087,,563000000,,4.40,,,,,,,,,,,,,,,,,,,,,,true,true,6,2017-01-01,2017-06-30,1
2017-02-14,24920,2017-12-31,,7900000000,0.284,,,,,2603000000,0.331,2600000000,0.335,,1722000000,,13.46,,,,,,,,,,,,,,,,0.493,,,,,,true,true,12,2017-01-01,2017-12-31,1
2017-02-14,24920,2016-12-31,,6099000000,0.101,,,,,1992000000,-0.059,1958000000,-0.042,1220000000,,-0.065,9.41,,,,,,11590000000,10048000000,0.867,77.46,10048000000,,,,,11.80,,,,129715600,282,127915373,false,false,12,2016-01-01,2016-12-31,0
2017-02-14,24920,2015-12-31,,5538000000,0.133,,,,,2117000000,0.047,2043000000,0.048,1305000000,,0.121,10.66,,,,,,11203000000,9592000000,0.856,73.95,9592000000,,,,,11.76,,,,129715600,212,122441598,false,false,12,2015-01-01,2015-12-31,-1
2017-02-14,24920,2017-12-31,,,,,,,,,,,,,,,,,,,,,,,,,,,,,,6.54,,,,,,,false,true,12,2017-01-01,2017-12-31,1
2017-04-28,24920,2017-12-31,1,1587000000,0.082,,,,,516000000,0.092,507000000,0.112,,341000000,,2.63,,,,,,12372000000,9827000000,0.794,,9827000000,,,,,,,,,,,,true,false,3,2017-01-01,2017-03-31,0
2017-04-28,24920,2016-12-31,1,1467000000,0.120,,,,,472000000,-0.075,456000000,-0.107,,294000000,,2.27,,,,,,,,,,,,,,,,,,,,,,true,false,3,2016-01-01,2016-03-31,-1
2017-04-28,24920,2017-12-31,1,3402000000,0.141,,,,,852000000,-0.120,851000000,-0.087,,563000000,,4.40,,,,,,,,,,,,,,,,,,,,,,true,true,6,2017-01-01,2017-06-30,0
2017-04-28,24920,2017-12-31,1,7900000000,0.284,,,,,2603000000,0.331,2600000000,0.335,,1722000000,,13.46,,,,,,,,,,,,,,,,,,,,,,true,true,12,2017-01-01,2017-12-31,0
2017-04-28,24920,2016-12-31,1,,,,,,,,,,,,,,,,,,,,11425000000,9860000000,0.863,,9860000000,,,,,,,,,,,,true,false,12,2016-01-01,2016-12-31,-1
2017-04-28,24920,2016-12-31,1,,,,,,,,,,,,,,,,,,,,,,,,,,,,,11.80,,,,129715600,282,,false,false,12,2016-01-01,2016-12-31,-1
2017-04-28,24920,2017-12-31,1,,,,,,,,,,,,,,,,,,,,,,,,,,,,,6.54,,,,,,,false,true,12,2017-01-01,2017-12-31,0
2017-04-28,24920,2017-12-31,1,,,,,,,,,,,,,,,,,,,,,,,,,,,,,,,,,129715600,582,129715078,false,false,3,2017-01-01,2017-03-31,0
2017-04-28,24920,2016-12-31,1,,,,,,,,,,,,,,,,,,,,,,,,,,,,,,,,,,,129715388,false,false,3,2016-01-01,2016-03-31,-1
2017-07-25,24920,2017-12-31,,3220000000,-0.053,,,,,953000000,0.119,943000000,0.108,,-207000000,,-1.62,,,,,,,,,,,,,,,,,,,,,,true,true,6,2017-01-01,2017-06-30,0
2017-07-25,24920,2016-12-31,,2981000000,,,,,,969000000,,932000000,,,600000000,,9.26,,,,,,,,,,,,,,,,,,,,,,true,false,6,2016-01-01,2016-06-30,-1
2017-07-25,24920,2017-12-31,,7900000000,0.000,,,,,2603000000,0.000,2600000000,0.000,,887000000,,7.31,,,,,,,,,,,,,,,,,,,,,,true,true,12,2017-01-01,2017-12-31,0
2017-07-25,24920,2016-12-31,,6154000000,,,,,,1956000000,,1947000000,,,1205000000,,9.29,,,,,,,,,,,,,,,,,,,,,,true,false,12,2016-01-01,2016-12-31,-1
2017-07-31,24920,2017-12-31,2,3220000000,0.080,,,,,953000000,-0.017,943000000,0.012,,-207000000,,-1.62,,,,,,11634000000,9278000000,0.798,,9278000000,,,,,,,,,,,,true,false,6,2017-01-01,2017-06-30,0
2017-07-31,24920,2016-12-31,2,2981000000,0.098,,,,,969000000,-0.019,932000000,-0.059,,600000000,,4.63,,,,,,,,,,,,,,,,,,,,,,true,false,6,2016-01-01,2016-06-30,-1
2017-07-31,24920,2017-12-31,2,7900000000,0.284,,,,,2603000000,0.331,2600000000,0.335,,887000000,,7.31,,,,,,,,,,,,,,,,,,,,,,true,true,12,2017-01-01,2017-12-31,0
2017-07-31,24920,2016-12-31,2,,,,,,,,,,,,,,,,,,,,11425000000,9860000000,0.863,,9860000000,,,,,,,,,,,,true,false,12,2016-01-01,2016-12-31,-1
2017-07-31,24920,2016-12-31,2,,,,,,,,,,,,,,,,,,,,,,,,,,,,,11.80,,,,129715600,282,,false,false,12,2016-01-01,2016-12-31,-1
2017-07-31,24920,2017-12-31,2,,,,,,,,,,,,,,,,,,,,,,,,,,,,,3.27,,,,,,,false,false,12,2017-01-01,2017-12-31,0
2017-07-31,24920,2017-12-31,2,,,,,,,,,,,,,,,,,,,,,,,,,,,,,6.54,,,,,,,false,true,12,2017-01-01,2017-12-31,0
2017-07-31,24920,2017-12-31,2,,,,,,,,,,,,,,,,,,,,,,,,,,,,,,,,,129715600,15431197,128351006,false,false,6,2017-01-01,2017-06-30,0
2017-07-31,24920,2016-12-31,2,,,,,,,,,,,,,,,,,,,,,,,,,,,,,,,,,,,129715388,false,false,6,2016-01-01,2016-06-30,-1
2017-10-31,24920,2017-12-31,3,4928000000,0.085,,,,,1278000000,-0.101,1266000000,-0.084,,11000000,,0.09,,,,,,11348000000,9123000000,0.804,,9123000000,,,,,,,,,,,,true,false,9,2017-01-01,2017-09-30,0
2017-10-31,24920,2016-12-31,3,4542000000,0.095,,,,,1422000000,-0.072,1382000000,-0.097,,890000000,,6.86,,,,,,,,,,,,,,,,,,,,,,true,false,9,2016-01-01,2016-09-30,-1
2017-10-31,24920,2017-12-31,3,7900000000,0.284,,,,,2603000000,0.331,2600000000,0.335,,887000000,,7.31,,,,,,,,,,,,,,,,,,,,,,true,true,12,2017-01-01,2017-12-31,0
2017-10-31,24920,2016-12-31,3,,,,,,,,,,,,,,,,,,,,11425000000,9860000000,0.863,,9860000000,,,,,,,,,,,,true,false,12,2016-01-01,2016-12-31,-1
2017-10-31,24920,2016-12-31,3,,,,,,,,,,,,,,,,,,,,,,,,,,,,,11.80,,,,129715600,282,,false,false,12,2016-01-01,2016-12-31,-1
2017-10-31,24920,2017-12-31,3,,,,,,,,,,,,,,,,,,,,,,,,,,,,,3.27,,,,,,,false,false,12,2017-01-01,2017-12-31,0
2017-10-31,24920,2017-12-31,3,,,,,,,,,,,,,,,,,,,,,,,,,,,,,6.54,,,,,,,false,true,12,2017-01-01,2017-12-31,0
2017-10-31,24920,2017-12-31,3,,,,,,,,,,,,,,,,,,,,,,,,,,,,,,,,,129715600,15431197,123554089,false,false,9,2017-01-01,2017-09-30,0
2017-10-31,24920,2016-12-31,3,,,,,,,,,,,,,,,,,,,,,,,,,,,,,,,,,,,129715372,false,false,9,2016-01-01,2016-09-30,-1
2018-01-19,24920,2017-12-31,,6709000000,-0.151,,,,,1764000000,-0.322,1744000000,-0.329,,370000000,,3.05,,,,,,,,,,,,,,,,,,,,,,true,true,12,2017-01-01,2017-12-31,0
2018-01-19,24920,2016-12-31,,6154000000,,,,,,1956000000,,1947000000,,,1205000000,,9.29,,,,,,,,,,,,,,,,,,,,,,true,false,12,2016-01-01,2016-12-31,-1
2018-02-14,24920,2017-12-31,,6709000000,0.090,,,,,1765000000,-0.098,1751000000,-0.100,,384000000,,3.17,,0.040,0.157,0.263,,11178000000,9495000000,0.849,83.08,9495000000,2527000000,-1816000000,-457000000,5116000000,,1.946,,,,,,true,false,12,2017-01-01,2017-12-31,0
2018-02-14,24920,2016-12-31,,6154000000,0.093,,,,,1956000000,-0.066,1947000000,-0.046,,1205000000,,9.29,,0.125,0.173,0.318,,11425000000,9860000000,0.863,76.02,9860000000,2394000000,-2398000000,-732000000,4862000000,,0.635,,,,,,true,false,12,2016-01-01,2016-12-31,-1
2018-02-14,24920,2018-12-31,,3667000000,0.139,,,,,954000000,0.001,948000000,0.006,,634000000,,5.54,,,,,,,,,,,,,,,,,,,,,,true,true,6,2018-01-01,2018-06-30,1
2018-02-14,24920,2018-12-31,,7965000000,0.187,,,,,2512000000,0.423,2500000000,0.428,,1674000000,,14.64,,,,,,,,,,,,,,,,0.501,,,,,,true,true,12,2018-01-01,2018-12-31,1
2018-02-14,24920,2017-12-31,,6674000000,0.094,,,,,1822000000,-0.085,1811000000,-0.075,310000000,,-0.746,2.56,,,,,,11261000000,9602000000,0.853,84.02,9602000000,,,,,6.54,,,,129715600,15431197,121217620,false,false,12,2017-01-01,2017-12-31,0
2018-02-14,24920,2016-12-31,,6099000000,0.101,,,,,1992000000,-0.059,1958000000,-0.042,1220000000,,-0.065,9.41,,,,,,11590000000,10048000000,0.867,77.46,10048000000,,,,,11.80,,,,129715600,282,127915373,false,false,12,2016-01-01,2016-12-31,-1
2018-02-14,24920,2018-12-31,,,,,,,,,,,,,,,,,,,,,,,,,,,,,,7.34,,,,,,,false,true,12,2018-01-01,2018-12-31,1
2018-04-27,24920,2018-12-31,1,1788000000,0.127,,,,,481000000,-0.067,465000000,-0.083,,311000000,,2.72,,,,,,11160000000,9445000000,0.846,,9445000000,,,,,,,,,,,,true,false,3,2018-01-01,2018-03-31,0
2018-04-27,24920,2017-12-31,1,1587000000,0.082,,,,,516000000,0.092,507000000,0.112,,341000000,,2.63,,,,,,,,,,,,,,,,,,,,,,true,false,3,2017-01-01,2017-03-31,-1
2018-04-27,24920,2018-12-31,1,3667000000,0.139,,,,,954000000,0.001,948000000,0.006,,634000000,,5.54,,,,,,,,,,,,,,,,,,,,,,true,true,6,2018-01-01,2018-06-30,0
2018-04-27,24920,2018-12-31,1,7965000000,0.187,,,,,2512000000,0.423,2500000000,0.428,,1674000000,,14.64,,,,,,,,,,,,,,,,,,,,,,true,true,12,2018-01-01,2018-12-31,0
2018-04-27,24920,2017-12-31,1,,,,,,,,,,,,,,,,,,,,11178000000,9495000000,0.849,,9495000000,,,,,,,,,,,,true,false,12,2017-01-01,2017-12-31,-1
2018-04-27,24920,2017-12-31,1,,,,,,,,,,,,,,,,,,,,,,,,,,,,,6.54,,,,129715600,15431197,,false,false,12,2017-01-01,2017-12-31,-1
2018-04-27,24920,2018-12-31,1,,,,,,,,,,,,,,,,,,,,,,,,,,,,,7.34,,,,,,,false,true,12,2018-01-01,2018-12-31,0
2018-04-27,24920,2018-12-31,1,,,,,,,,,,,,,,,,,,,,,,,,,,,,,,,,,129715600,15431197,114284403,false,false,3,2018-01-01,2018-03-31,0
2018-04-27,24920,2017-12-31,1,,,,,,,,,,,,,,,,,,,,,,,,,,,,,,,,,,,129715078,false,false,3,2017-01-01,2017-03-31,-1
2018-07-31,24920,2018-12-31,2,3660000000,0.137,,,,,1003000000,0.052,992000000,0.052,,670000000,,5.86,,,,,,11577000000,9797000000,0.846,,9797000000,,,,,,,,,,,,true,false,6,2018-01-01,2018-06-30,0
2018-07-31,24920,2017-12-31,2,3220000000,0.080,,,,,953000000,-0.017,943000000,0.012,,-207000000,,-1.62,,,,,,,,,,,,,,,,,,,,,,true,false,6,2017-01-01,2017-06-30,-1
2018-07-31,24920,2018-12-31,2,7965000000,0.187,,,,,2512000000,0.423,2500000000,0.428,,1674000000,,14.64,,,,,,,,,,,,,,,,,,,,,,true,true,12,2018-01-01,2018-12-31,0
2018-07-31,24920,2017-12-31,2,,,,,,,,,,,,,,,,,,,,11178000000,9495000000,0.849,,9495000000,,,,,,,,,,,,true,false,12,2017-01-01,2017-12-31,-1
2018-07-31,24920,2017-12-31,2,,,,,,,,,,,,,,,,,,,,,,,,,,,,,6.54,,,,129715600,15431197,,false,false,12,2017-01-01,2017-12-31,-1
2018-07-31,24920,2018-12-31,2,,,,,,,,,,,,,,,,,,,,,,,,,,,,,3.67,,,,,,,false,false,12,2018-01-01,2018-12-31,0
2018-07-31,24920,2018-12-31,2,,,,,,,,,,,,,,,,,,,,,,,,,,,,,7.34,,,,,,,false,true,12,2018-01-01,2018-12-31,0
2018-07-31,24920,2018-12-31,2,,,,,,,,,,,,,,,,,,,,,,,,,,,,,,,,,129715600,15431197,114284403,false,false,6,2018-01-01,2018-06-30,0
2018-07-31,24920,2017-12-31,2,,,,,,,,,,,,,,,,,,,,,,,,,,,,,,,,,,,128351006,false,false,6,2017-01-01,2017-06-30,-1
2018-10-31,24920,2018-12-31,3,5602000000,0.137,,,,,1630000000,0.276,1622000000,0.281,,1084000000,,9.49,,,,,,11533000000,9785000000,0.848,,9785000000,,,,,,,,,,,,true,false,9,2018-01-01,2018-09-30,0
2018-10-31,24920,2017-12-31,3,4928000000,0.085,,,,,1278000000,-0.101,1266000000,-0.084,,11000000,,0.09,,,,,,,,,,,,,,,,,,,,,,true,false,9,2017-01-01,2017-09-30,-1
2018-10-31,24920,2018-12-31,3,7965000000,0.187,,,,,2512000000,0.423,2500000000,0.428,,1674000000,,14.64,,,,,,,,,,,,,,,,,,,,,,true,true,12,2018-01-01,2018-12-31,0
2018-10-31,24920,2017-12-31,3,,,,,,,,,,,,,,,,,,,,11178000000,9495000000,0.849,,9495000000,,,,,,,,,,,,true,false,12,2017-01-01,2017-12-31,-1
2018-10-31,24920,2017-12-31,3,,,,,,,,,,,,,,,,,,,,,,,,,,,,,6.54,,,,129715600,15431197,,false,false,12,2017-01-01,2017-12-31,-1
2018-10-31,24920,2018-12-31,3,,,,,,,,,,,,,,,,,,,,,,,,,,,,,3.67,,,,,,,false,false,12,2018-01-01,2018-12-31,0
2018-10-31,24920,2018-12-31,3,,,,,,,,,,,,,,,,,,,,,,,,,,,,,7.34,,,,,,,false,true,12,2018-01-01,2018-12-31,0
2018-10-31,24920,2018-12-31,3,,,,,,,,,,,,,,,,,,,,,,,,,,,,,,,,,129715600,15431199,114284403,false,false,9,2018-01-01,2018-09-30,0
2018-10-31,24920,2017-12-31,3,,,,,,,,,,,,,,,,,,,,,,,,,,,,,,,,,,,123554089,false,false,9,2017-01-01,2017-09-30,-1
2019-02-14,24920,2018-12-31,,7639000000,0.139,,,,,2353000000,0.333,2335000000,0.334,,1552000000,,13.59,,0.151,0.200,0.308,,12130000000,10260000000,0.846,89.78,10260000000,3113000000,-1047000000,-843000000,6337000000,,0.540,,,,,,true,false,12,2018-01-01,2018-12-31,0
2019-02-14,24920,2017-12-31,,6709000000,0.090,,,,,1765000000,-0.098,1751000000,-0.100,,384000000,,3.17,,0.040,0.157,0.263,,11178000000,9495000000,0.849,83.08,9495000000,2529000000,-1818000000,-457000000,5116000000,,1.946,,,,,,true,false,12,2017-01-01,2017-12-31,-1
2019-02-14,24920,2019-12-31,,4046000000,0.105,,,,,1130000000,0.127,1124000000,0.133,,758000000,,6.67,,,,,,,,,,,,,,,,,,,,,,true,true,6,2019-01-01,2019-06-30,1
2019-02-14,24920,2019-12-31,,8439000000,0.105,,,,,2419000000,0.028,2410000000,0.032,,1623000000,,14.30,,,,,,,,,,,,,,,,0.518,,,,,,true,true,12,2019-01-01,2019-12-31,1
2019-02-14,24920,2018-12-31,,7596000000,0.138,,,,,2405000000,0.320,2394000000,0.322,1498000000,,3.824,13.12,,,,,,12157000000,10308000000,0.848,90.20,10308000000,,,,,7.34,,,,129715600,15431199,114284402,false,false,12,2018-01-01,2018-12-31,0
2019-02-14,24920,2017-12-31,,6674000000,0.094,,,,,1822000000,-0.085,1811000000,-0.075,310000000,,-0.746,2.56,,,,,,11261000000,9602000000,0.853,84.02,9602000000,,,,,6.54,,,,129715600,15431197,121217620,false,false,12,2017-01-01,2017-12-31,-1
2019-02-14,24920,2019-12-31,,,,,,,,,,,,,,,,,,,,,,,,,,,,,,7.36,,,,,,,false,true,12,2019-01-01,2019-12-31,1
2018-02-14,24920,2017-12-31,,6709000000,0.090,,,,,1765000000,-0.098,1751000000,-0.100,,384000000,,3.17,,0.040,0.157,0.263,,11178000000,9495000000,0.849,83.08,9495000000,2529000000,-1818000000,-457000000,5116000000,,1.946,,,,,,true,false,12,2017-01-01,2017-12-31,0
2018-02-14,24920,2016-12-31,,6154000000,0.093,,,,,1956000000,-0.066,1947000000,-0.046,,1205000000,,9.29,,0.125,0.173,0.318,,11425000000,9860000000,0.863,76.02,9860000000,2394000000,-2398000000,-732000000,4862000000,,0.635,,,,,,true,false,12,2016-01-01,2016-12-31,-1
2018-02-14,24920,2018-12-31,,3667000000,0.139,,,,,954000000,0.001,948000000,0.006,,634000000,,5.54,,,,,,,,,,,,,,,,,,,,,,true,true,6,2018-01-01,2018-06-30,1
2018-02-14,24920,2018-12-31,,7965000000,0.187,,,,,2512000000,0.423,2500000000,0.428,,1674000000,,14.64,,,,,,,,,,,,,,,,0.501,,,,,,true,true,12,2018-01-01,2018-12-31,1
2018-02-14,24920,2017-12-31,,6674000000,0.094,,,,,1822000000,-0.085,1811000000,-0.075,310000000,,-0.746,2.56,,,,,,11261000000,9602000000,0.853,84.02,9602000000,,,,,6.54,,,,129715600,15431197,121217620,false,false,12,2017-01-01,2017-12-31,0
2018-02-14,24920,2016-12-31,,6099000000,0.101,,,,,1992000000,-0.059,1958000000,-0.042,1220000000,,-0.065,9.41,,,,,,11590000000,10048000000,0.867,77.46,10048000000,,,,,11.80,,,,129715600,282,127915373,false,false,12,2016-01-01,2016-12-31,-1
2018-02-14,24920,2018-12-31,,,,,,,,,,,,,,,,,,,,,,,,,,,,,,7.34,,,,,,,false,true,12,2018-01-01,2018-12-31,1
2019-02-14,24920,2018-12-31,,7639000000,0.139,,,,,2353000000,0.333,2335000000,0.334,,1552000000,,13.59,,0.157,0.200,0.308,,12130000000,10260000000,0.846,89.78,10260000000,3113000000,-1047000000,-843000000,6337000000,,0.540,,,,,,true,false,12,2018-01-01,2018-12-31,0
2019-02-14,24920,2017-12-31,,6709000000,0.090,,,,,1765000000,-0.098,1751000000,-0.100,,384000000,,3.17,,0.040,0.157,0.263,,11178000000,9495000000,0.849,83.08,9495000000,2529000000,-1818000000,-457000000,5116000000,,1.946,,,,,,true,false,12,2017-01-01,2017-12-31,-1
2019-02-14,24920,2019-12-31,,4046000000,0.105,,,,,1130000000,0.127,1124000000,0.133,,758000000,,6.67,,,,,,,,,,,,,,,,,,,,,,true,true,6,2019-01-01,2019-06-30,1
2019-02-14,24920,2019-12-31,,8439000000,0.105,,,,,2419000000,0.028,2410000000,0.032,,1623000000,,14.30,,,,,,,,,,,,,,,,0.518,,,,,,true,true,12,2019-01-01,2019-12-31,1
2019-02-14,24920,2018-12-31,,7596000000,0.138,,,,,2405000000,0.320,2394000000,0.322,1498000000,,3.824,13.12,,,,,,12157000000,10308000000,0.848,90.20,10308000000,,,,,7.34,,,,129715600,15431199,114284402,false,false,12,2018-01-01,2018-12-31,0
2019-02-14,24920,2017-12-31,,6674000000,0.094,,,,,1822000000,-0.085,1811000000,-0.075,310000000,,-0.746,2.56,,,,,,11261000000,9602000000,0.853,84.02,9602000000,,,,,6.54,,,,129715600,15431197,121217620,false,false,12,2017-01-01,2017-12-31,-1
2019-02-14,24920,2019-12-31,,,,,,,,,,,,,,,,,,,,,,,,,,,,,,7.36,,,,,,,false,true,12,2019-01-01,2019-12-31,1
2019-04-26,24920,2019-12-31,1,2000000000,0.118,,,,,656000000,0.362,654000000,0.405,,601000000,,5.26,,,,,,12029000000,10441000000,0.868,,10441000000,,,,,,,,,,,,true,false,3,2019-01-01,2019-03-31,0
2019-04-26,24920,2018-12-31,1,1788000000,0.127,,,,,481000000,-0.067,465000000,-0.083,,311000000,,2.72,,,,,,,,,,,,,,,,,,,,,,true,false,3,2018-01-01,2018-03-31,-1
2019-04-26,24920,2019-12-31,1,4046000000,0.105,,,,,1130000000,0.127,1124000000,0.133,,758000000,,6.67,,,,,,,,,,,,,,,,,,,,,,true,true,6,2019-01-01,2019-06-30,0
2019-04-26,24920,2019-12-31,1,8439000000,0.105,,,,,2419000000,0.028,2410000000,0.032,,1623000000,,14.30,,,,,,,,,,,,,,,,,,,,,,true,true,12,2019-01-01,2019-12-31,0
2019-04-26,24920,2018-12-31,1,,,,,,,,,,,,,,,,,,,,12130000000,10260000000,0.846,,10260000000,,,,,,,,,,,,true,false,12,2018-01-01,2018-12-31,-1
2019-04-26,24920,2018-12-31,1,,,,,,,,,,,,,,,,,,,,,,,,,,,,,7.34,,,,129715600,15431199,,false,false,12,2018-01-01,2018-12-31,-1
2019-04-26,24920,2019-12-31,1,,,,,,,,,,,,,,,,,,,,,,,,,,,,,7.36,,,,,,,false,true,12,2019-01-01,2019-12-31,0
2019-04-26,24920,2019-12-31,1,,,,,,,,,,,,,,,,,,,,,,,,,,,,,,,,,129715600,15431247,114284376,false,false,3,2019-01-01,2019-03-31,0
2019-04-26,24920,2018-12-31,1,,,,,,,,,,,,,,,,,,,,,,,,,,,,,,,,,,,114284403,false,false,3,2018-01-01,2018-03-31,-1
2019-07-12,24920,2019-12-31,,4097000000,0.013,,,,,1331000000,0.178,1320000000,0.174,,1058000000,,9.26,,,,,,,,,,,,,,,,,,,,,,true,true,6,2019-01-01,2019-06-30,0
2019-07-12,24920,2018-12-31,,3660000000,,,,,,1003000000,,992000000,,,670000000,,5.86,,,,,,,,,,,,,,,,,,,,,,true,false,6,2018-01-01,2018-06-30,-1
2019-07-31,24920,2019-12-31,2,4097000000,0.119,,,,,1330000000,0.326,1320000000,0.331,,1058000000,,9.26,,,,,,12528000000,10904000000,0.870,,10904000000,,,,,,,,,,,,true,false,6,2019-01-01,2019-06-30,0
2019-07-31,24920,2018-12-31,2,3660000000,0.137,,,,,1003000000,0.052,992000000,0.052,,670000000,,5.86,,,,,,,,,,,,,,,,,,,,,,true,false,6,2018-01-01,2018-06-30,-1
2019-07-31,24920,2019-12-31,2,8439000000,0.105,,,,,2419000000,0.028,2410000000,0.032,,1623000000,,14.30,,,,,,,,,,,,,,,,,,,,,,true,true,12,2019-01-01,2019-12-31,0
2019-07-31,24920,2018-12-31,2,,,,,,,,,,,,,,,,,,,,12130000000,10260000000,0.846,,10260000000,,,,,,,,,,,,true,false,12,2018-01-01,2018-12-31,-1
2019-07-31,24920,2018-12-31,2,,,,,,,,,,,,,,,,,,,,,,,,,,,,,7.34,,,,129715600,15431199,,false,false,12,2018-01-01,2018-12-31,-1
2019-07-31,24920,2019-12-31,2,,,,,,,,,,,,,,,,,,,,,,,,,,,,,3.68,,,,,,,false,false,12,2019-01-01,2019-12-31,0
2019-07-31,24920,2019-12-31,2,,,,,,,,,,,,,,,,,,,,,,,,,,,,,7.36,,,,,,,false,true,12,2019-01-01,2019-12-31,0
2019-07-31,24920,2019-12-31,2,,,,,,,,,,,,,,,,,,,,,,,,,,,,,,,,,129715600,15431302,114284349,false,false,6,2019-01-01,2019-06-30,0
2019-07-31,24920,2018-12-31,2,,,,,,,,,,,,,,,,,,,,,,,,,,,,,,,,,,,114284403,false,false,6,2018-01-01,2018-06-30,-1
2019-10-31,24920,2019-12-31,3,6273000000,0.120,,,,,2051000000,0.258,2038000000,0.256,,1553000000,,13.59,,,,,,12608000000,10979000000,0.871,,10979000000,,,,,,,,,,,,true,false,9,2019-01-01,2019-09-30,0
2019-10-31,24920,2018-12-31,3,5602000000,0.137,,,,,1630000000,0.276,1622000000,0.281,,1084000000,,9.49,,,,,,,,,,,,,,,,,,,,,,true,false,9,2018-01-01,2018-09-30,-1
2019-10-31,24920,2019-12-31,3,8439000000,0.105,,,,,2419000000,0.028,2410000000,0.032,,1623000000,,14.30,,,,,,,,,,,,,,,,,,,,,,true,true,12,2019-01-01,2019-12-31,0
2019-10-31,24920,2018-12-31,3,,,,,,,,,,,,,,,,,,,,12130000000,10260000000,0.846,,10260000000,,,,,,,,,,,,true,false,12,2018-01-01,2018-12-31,-1
2019-10-31,24920,2018-12-31,3,,,,,,,,,,,,,,,,,,,,,,,,,,,,,7.34,,,,129715600,15431199,,false,false,12,2018-01-01,2018-12-31,-1
2019-10-31,24920,2019-12-31,3,,,,,,,,,,,,,,,,,,,,,,,,,,,,,3.68,,,,,,,false,false,12,2019-01-01,2019-12-31,0
2019-10-31,24920,2019-12-31,3,,,,,,,,,,,,,,,,,,,,,,,,,,,,,7.36,,,,,,,false,true,12,2019-01-01,2019-12-31,0
2019-10-31,24920,2019-12-31,3,,,,,,,,,,,,,,,,,,,,,,,,,,,,,,,,,129715600,15431302,114284332,false,false,9,2019-01-01,2019-09-30,0
2019-10-31,24920,2018-12-31,3,,,,,,,,,,,,,,,,,,,,,,,,,,,,,,,,,,,114284403,false,false,9,2018-01-01,2018-09-30,-1
2020-02-14,24920,2019-12-31,,8540000000,0.118,,,,,2469000000,0.049,2460000000,0.053,,1694000000,,7.41,,0.159,0.196,0.289,,12943000000,11117000000,0.859,48.64,11117000000,2678000000,-906000000,-840000000,7267000000,,0.500,,,,,,true,false,12,2019-01-01,2019-12-31,0
2020-02-14,24920,2018-12-31,,7639000000,0.139,,,,,2353000000,0.333,2335000000,0.334,,1552000000,,6.79,,0.157,0.200,0.308,,12130000000,10260000000,0.846,44.89,10260000000,3113000000,-1047000000,-843000000,6337000000,,0.540,,,,,,true,false,12,2018-01-01,2018-12-31,-1
2020-02-14,24920,2020-12-31,,4525000000,0.105,,,,,602000000,-0.548,600000000,-0.546,,410000000,,1.79,,,,,,,,,,,,,,,,,,,,,,true,true,6,2020-01-01,2020-06-30,1
2020-02-14,24920,2020-12-31,,9649000000,0.130,,,,,1505000000,-0.390,1500000000,-0.390,,1026000000,,4.49,,,,,,,,,,,,,,,,0.826,,,,,,true,true,12,2020-01-01,2020-12-31,1
2020-02-14,24920,2019-12-31,,8536000000,0.124,,,,,2474000000,0.029,2457000000,0.026,1691000000,,0.129,7.40,,,,,,12975000000,11159000000,0.860,48.82,11159000000,,,,,7.41,,,,259431200,30862604,228568596,false,false,12,2019-01-01,2019-12-31,0
2020-02-14,24920,2018-12-31,,7596000000,0.138,,,,,2405000000,0.320,2394000000,0.322,1498000000,,3.824,6.56,,,,,,12157000000,10308000000,0.848,45.10,10308000000,,,,,7.34,,,,259431200,30862398,228568804,false,false,12,2018-01-01,2018-12-31,-1
2020-02-14,24920,2020-12-31,,,,,,,,,,,,,,,,,,,,,,,,,,,,,,1.86,,,,,,,false,true,12,2020-01-01,2020-12-31,1
2020-04-30,24920,2020-12-31,1,2179000000,0.090,,,,,484000000,-0.261,483000000,-0.261,,333000000,,1.46,,,,,,12753000000,11025000000,0.864,,11025000000,,,,,,,,,,,,true,false,3,2020-01-01,2020-03-31,0
2020-04-30,24920,2019-12-31,1,2000000000,0.118,,,,,656000000,0.362,654000000,0.405,,601000000,,2.63,,,,,,,,,,,,,,,,,,,,,,true,false,3,2019-01-01,2019-03-31,-1
2020-04-30,24920,2020-12-31,1,4525000000,0.105,,,,,602000000,-0.548,600000000,-0.546,,410000000,,1.79,,,,,,,,,,,,,,,,,,,,,,true,true,6,2020-01-01,2020-06-30,0
2020-04-30,24920,2020-12-31,1,9649000000,0.130,,,,,1505000000,-0.390,1500000000,-0.390,,1026000000,,4.49,,,,,,,,,,,,,,,,,,,,,,true,true,12,2020-01-01,2020-12-31,0
2020-04-30,24920,2019-12-31,1,,,,,,,,,,,,,,,,,,,,12943000000,11117000000,0.859,,11117000000,,,,,,,,,,,,true,false,12,2019-01-01,2019-12-31,-1
2020-04-30,24920,2019-12-31,1,,,,,,,,,,,,,,,,,,,,,,,,,,,,,7.41,,,,259431200,30862604,,false,false,12,2019-01-01,2019-12-31,-1
2020-04-30,24920,2020-12-31,1,,,,,,,,,,,,,,,,,,,,,,,,,,,,,3.71,,,,,,,false,true,12,2020-01-01,2020-12-31,0
2020-04-30,24920,2020-12-31,1,,,,,,,,,,,,,,,,,,,,,,,,,,,,,,,,,259431200,30862604,228568596,false,false,3,2020-01-01,2020-03-31,0
2020-04-30,24920,2019-12-31,1,,,,,,,,,,,,,,,,,,,,,,,,,,,,,,,,,,,228568752,false,false,3,2019-01-01,2019-03-31,-1
2020-07-31,24920,2020-12-31,2,4207000000,0.027,,,,,749000000,-0.437,747000000,-0.434,,514000000,,2.25,,,,,,12882000000,11207000000,0.870,,11207000000,,,,,,,,,,,,true,false,6,2020-01-01,2020-06-30,0
2020-07-31,24920,2019-12-31,2,4097000000,0.119,,,,,1330000000,0.326,1320000000,0.331,,1058000000,,4.63,,,,,,,,,,,,,,,,,,,,,,true,false,6,2019-01-01,2019-06-30,-1
2020-07-31,24920,2020-12-31,2,8670000000,0.015,,,,,1135000000,-0.540,1110000000,-0.549,,744000000,,3.26,,,,,,,,,,,,,,,,,,,,,,true,true,12,2020-01-01,2020-12-31,0
2020-07-31,24920,2019-12-31,2,,,,,,,,,,,,,,,,,,,,12943000000,11117000000,0.859,,11117000000,,,,,,,,,,,,true,false,12,2019-01-01,2019-12-31,-1
2020-07-31,24920,2019-12-31,2,,,,,,,,,,,,,,,,,,,,,,,,,,,,,7.41,,,,259431200,30862604,,false,false,12,2019-01-01,2019-12-31,-1
2020-07-31,24920,2020-12-31,2,,,,,,,,,,,,,,,,,,,,,,,,,,,,,1.85,,,,,,,false,false,12,2020-01-01,2020-12-31,0
2020-07-31,24920,2020-12-31,2,,,,,,,,,,,,,,,,,,,,,,,,,,,,,3.71,,,,,,,false,true,12,2020-01-01,2020-12-31,0
2020-07-31,24920,2020-12-31,2,,,,,,,,,,,,,,,,,,,,,,,,,,,,,,,,,259431200,30862604,228568596,false,false,6,2020-01-01,2020-06-30,0
2020-07-31,24920,2019-12-31,2,,,,,,,,,,,,,,,,,,,,,,,,,,,,,,,,,,,228568698,false,false,6,2019-01-01,2019-06-30,-1
2020-10-30,24920,2020-12-31,3,6410000000,0.022,,,,,1052000000,-0.487,1045000000,-0.487,,717000000,,3.14,,,,,,12657000000,10991000000,0.868,,10991000000,,,,,,,,,,,,true,false,9,2020-01-01,2020-09-30,0
2020-10-30,24920,2019-12-31,3,6273000000,0.120,,,,,2051000000,0.258,2038000000,0.256,,1553000000,,6.80,,,,,,,,,,,,,,,,,,,,,,true,false,9,2019-01-01,2019-09-30,-1
2020-10-30,24920,2020-12-31,3,8670000000,0.015,,,,,1135000000,-0.540,1110000000,-0.549,,744000000,,3.26,,,,,,,,,,,,,,,,,,,,,,true,true,12,2020-01-01,2020-12-31,0
2020-10-30,24920,2019-12-31,3,,,,,,,,,,,,,,,,,,,,12943000000,11117000000,0.859,,11117000000,,,,,,,,,,,,true,false,12,2019-01-01,2019-12-31,-1
2020-10-30,24920,2019-12-31,3,,,,,,,,,,,,,,,,,,,,,,,,,,,,,7.41,,,,259431200,30862604,,false,false,12,2019-01-01,2019-12-31,-1
2020-10-30,24920,2020-12-31,3,,,,,,,,,,,,,,,,,,,,,,,,,,,,,1.85,,,,,,,false,false,12,2020-01-01,2020-12-31,0
2020-10-30,24920,2020-12-31,3,,,,,,,,,,,,,,,,,,,,,,,,,,,,,3.71,,,,,,,false,true,12,2020-01-01,2020-12-31,0
2020-10-30,24920,2020-12-31,3,,,,,,,,,,,,,,,,,,,,,,,,,,,,,,,,,259431200,30862604,228568596,false,false,9,2020-01-01,2020-09-30,0
2020-10-30,24920,2019-12-31,3,,,,,,,,,,,,,,,,,,,,,,,,,,,,,,,,,,,228568664,false,false,9,2019-01-01,2019-09-30,-1
2021-01-21,24920,2020-12-31,,8777000000,0.012,,,,,1474000000,0.299,1460000000,0.317,,956000000,,4.18,,,,,,,,,,,,,,,,,,,,,,true,true,12,2020-01-01,2020-12-31,0
2021-01-21,24920,2019-12-31,,8540000000,,,,,,2469000000,,2460000000,,,1694000000,,7.41,,,,,,,,,,,,,,,,,,,,,,true,false,12,2019-01-01,2019-12-31,-1
2021-02-15,24920,2020-12-31,,8777000000,0.028,,,,,1471000000,-0.404,1457000000,-0.407,,1014000000,,4.44,,0.091,0.112,0.168,,13015000000,11293000000,0.868,49.41,11293000000,1981000000,-1342000000,-849000000,7055000000,,0.836,,,,,,true,false,12,2020-01-01,2020-12-31,0
2021-02-15,24920,2019-12-31,,8540000000,0.118,,,,,2469000000,0.049,2460000000,0.053,,1694000000,,7.41,,0.159,0.196,0.289,,12943000000,11117000000,0.859,48.64,11117000000,2678000000,-906000000,-840000000,7267000000,,0.500,,,,,,true,false,12,2019-01-01,2019-12-31,-1
2021-02-15,24920,2021-12-31,,4523000000,0.075,,,,,325000000,-0.566,285000000,-0.618,,194000000,,0.85,,,,,,,,,,,,,,,,,,,,,,true,true,6,2021-01-01,2021-06-30,1
2021-02-15,24920,2021-12-31,,9540000000,0.087,,,,,700000000,-0.524,625000000,-0.571,,425000000,,1.86,,,,,,,,,,,,,,,,0.505,,,,,,true,true,12,2021-01-01,2021-12-31,1
2021-02-15,24920,2020-12-31,,8773000000,0.028,,,,,1468000000,-0.407,1438000000,-0.414,1017000000,,-0.398,4.45,,,,,,13018000000,11328000000,0.870,49.56,11328000000,,,,,3.71,,,,259431200,30862604,228568596,false,false,12,2020-01-01,2020-12-31,0
2021-02-15,24920,2019-12-31,,8536000000,0.124,,,,,2474000000,0.029,2457000000,0.026,1691000000,,0.129,7.40,,,,,,12975000000,11159000000,0.860,48.82,11159000000,,,,,7.41,,,,259431200,30862604,228568596,false,false,12,2019-01-01,2019-12-31,-1
2021-02-15,24920,2021-12-31,,,,,,,,,,,,,,,,,,,,,,,,,,,,,,0.94,,,,,,,false,true,12,2021-01-01,2021-12-31,1
2021-04-30,24920,2021-12-31,1,2299000000,0.055,,,,,383000000,-0.208,402000000,-0.169,,285000000,,1.25,,,,,,12929000000,11136000000,0.861,,11136000000,,,,,,,,,,,,true,false,3,2021-01-01,2021-03-31,0
2021-04-30,24920,2020-12-31,1,2179000000,0.090,,,,,484000000,-0.261,483000000,-0.261,,333000000,,1.46,,,,,,,,,,,,,,,,,,,,,,true,false,3,2020-01-01,2020-03-31,-1
2021-04-30,24920,2021-12-31,1,4523000000,0.075,,,,,325000000,-0.566,285000000,-0.618,,194000000,,0.85,,,,,,,,,,,,,,,,,,,,,,true,true,6,2021-01-01,2021-06-30,0
2021-04-30,24920,2021-12-31,1,9540000000,0.087,,,,,700000000,-0.524,625000000,-0.571,,425000000,,1.86,,,,,,,,,,,,,,,,,,,,,,true,true,12,2021-01-01,2021-12-31,0
2021-04-30,24920,2020-12-31,1,,,,,,,,,,,,,,,,,,,,13015000000,11293000000,0.868,,11293000000,,,,,,,,,,,,true,false,12,2020-01-01,2020-12-31,-1
2021-04-30,24920,2020-12-31,1,,,,,,,,,,,,,,,,,,,,,,,,,,,,,3.71,,,,259431200,30862604,,false,false,12,2020-01-01,2020-12-31,-1
2021-04-30,24920,2021-12-31,1,,,,,,,,,,,,,,,,,,,,,,,,,,,,,0.94,,,,,,,false,true,12,2021-01-01,2021-12-31,0
2021-04-30,24920,2021-12-31,1,,,,,,,,,,,,,,,,,,,,,,,,,,,,,,,,,259431200,30862604,228568596,false,false,3,2021-01-01,2021-03-31,0
2021-04-30,24920,2020-12-31,1,,,,,,,,,,,,,,,,,,,,,,,,,,,,,,,,,,,228568596,false,false,3,2020-01-01,2020-03-31,-1
2021-07-21,24920,2021-12-31,,4693000000,0.038,,,,,706000000,1.172,728000000,1.554,,461000000,,2.02,,,,,,,,,,,,,,,,,,,,,,true,true,6,2021-01-01,2021-06-30,0
2021-07-21,24920,2020-12-31,,4207000000,,,,,,749000000,,747000000,,,514000000,,2.25,,,,,,,,,,,,,,,,,,,,,,true,false,6,2020-01-01,2020-06-30,-1
2021-07-30,24920,2021-12-31,2,4693000000,0.116,,,,,706000000,-0.057,728000000,-0.026,,461000000,,2.02,,,,,,13449000000,11327000000,0.842,,11327000000,,,,,,,,,,,,true,false,6,2021-01-01,2021-06-30,0
2021-07-30,24920,2020-12-31,2,4207000000,0.027,,,,,749000000,-0.437,747000000,-0.434,,514000000,,2.25,,,,,,,,,,,,,,,,,,,,,,true,false,6,2020-01-01,2020-06-30,-1
2021-07-30,24920,2021-12-31,2,9540000000,0.087,,,,,700000000,-0.524,625000000,-0.571,,425000000,,1.86,,,,,,,,,,,,,,,,,,,,,,true,true,12,2021-01-01,2021-12-31,0
2021-07-30,24920,2020-12-31,2,,,,,,,,,,,,,,,,,,,,13015000000,11293000000,0.868,,11293000000,,,,,,,,,,,,true,false,12,2020-01-01,2020-12-31,-1
2021-07-30,24920,2020-12-31,2,,,,,,,,,,,,,,,,,,,,,,,,,,,,,3.71,,,,259431200,30862604,,false,false,12,2020-01-01,2020-12-31,-1
2021-07-30,24920,2021-12-31,2,,,,,,,,,,,,,,,,,,,,,,,,,,,,,0.47,,,,,,,false,false,12,2021-01-01,2021-12-31,0
2021-07-30,24920,2021-12-31,2,,,,,,,,,,,,,,,,,,,,,,,,,,,,,0.94,,,,,,,false,true,12,2021-01-01,2021-12-31,0
2021-07-30,24920,2021-12-31,2,,,,,,,,,,,,,,,,,,,,,,,,,,,,,,,,,259431200,30845063,228575246,false,false,6,2021-01-01,2021-06-30,0
2021-07-30,24920,2020-12-31,2,,,,,,,,,,,,,,,,,,,,,,,,,,,,,,,,,,,228568596,false,false,6,2020-01-01,2020-06-30,-1
2021-10-29,24920,2021-12-31,3,7154000000,0.116,,,,,908000000,-0.137,921000000,-0.119,,585000000,,2.56,,,,,,13123000000,11341000000,0.864,,11341000000,,,,,,,,,,,,true,false,9,2021-01-01,2021-09-30,0
2021-10-29,24920,2020-12-31,3,6410000000,0.022,,,,,1052000000,-0.487,1045000000,-0.487,,717000000,,3.14,,,,,,,,,,,,,,,,,,,,,,true,false,9,2020-01-01,2020-09-30,-1
2021-10-29,24920,2021-12-31,3,9743000000,0.110,,,,,940000000,-0.361,941000000,-0.354,,529000000,,2.32,,,,,,,,,,,,,,,,,,,,,,true,true,12,2021-01-01,2021-12-31,0
2021-10-29,24920,2020-12-31,3,,,,,,,,,,,,,,,,,,,,13015000000,11293000000,0.868,,11293000000,,,,,,,,,,,,true,false,12,2020-01-01,2020-12-31,-1
2021-10-29,24920,2020-12-31,3,,,,,,,,,,,,,,,,,,,,,,,,,,,,,3.71,,,,259431200,30862604,,false,false,12,2020-01-01,2020-12-31,-1
2021-10-29,24920,2021-12-31,3,,,,,,,,,,,,,,,,,,,,,,,,,,,,,0.47,,,,,,,false,false,12,2021-01-01,2021-12-31,0
2021-10-29,24920,2021-12-31,3,,,,,,,,,,,,,,,,,,,,,,,,,,,,,1.10,,,,,,,false,true,12,2021-01-01,2021-12-31,0
2021-10-29,24920,2021-12-31,3,,,,,,,,,,,,,,,,,,,,,,,,,,,,,,,,,259431200,30845063,228578941,false,false,9,2021-01-01,2021-09-30,0
2021-10-29,24920,2020-12-31,3,,,,,,,,,,,,,,,,,,,,,,,,,,,,,,,,,,,228568596,false,false,9,2020-01-01,2020-09-30,-1
2021-10-29,24920,2021-12-31,,9743000000,0.021,,,,,940000000,0.343,941000000,0.507,,529000000,,2.32,,,,,,,,,,,,,,,,,,,,,,true,true,12,2021-01-01,2021-12-31,0
2021-10-29,24920,2020-12-31,,8777000000,,,,,,1471000000,,1457000000,,,1014000000,,4.44,,,,,,,,,,,,,,,,,,,,,,true,false,12,2020-01-01,2020-12-31,-1
2021-10-29,24920,2021-12-31,,,,,,,,,,,,,,,,,,,,,,,,,,,,,,1.10,,,,,,,false,true,12,2021-01-01,2021-12-31,0
2021-10-29,24920,2021-12-31,,,,,,,,,,,,,,,,,,,,,,,,,,,,,,0.47,,,,,,,false,false,12,2021-01-01,2021-12-31,0
2021-10-29,24920,2020-12-31,,,,,,,,,,,,,,,,,,,,,,,,,,,,,,3.71,,,,,,,false,false,12,2020-01-01,2020-12-31,-1
2022-02-14,24920,2021-12-31,,9835000000,0.121,,,,,1030000000,-0.300,1021000000,-0.299,,538000000,,2.36,,0.048,0.076,0.105,,13743000000,11425000000,0.825,49.59,11336000000,1678000000,-1804000000,-532000000,6410000000,,0.607,,,,,,true,false,12,2021-01-01,2021-12-31,0
2022-02-14,24920,2020-12-31,,8777000000,0.028,,,,,1471000000,-0.404,1457000000,-0.407,,1014000000,,4.44,,0.091,0.112,0.168,,13015000000,11293000000,0.868,49.41,11293000000,1981000000,-1342000000,-849000000,7055000000,,0.836,,,,,,true,false,12,2020-01-01,2020-12-31,-1
2022-02-14,24920,2022-12-31,,5227000000,0.114,,,,,35000000,-0.949,5000000,-0.993,,32000000,,0.14,,,,,,,,,,,,,,,,,,,,,,true,true,6,2022-01-01,2022-06-30,1
2022-02-14,24920,2022-12-31,,10986000000,0.117,,,,,100000000,-0.903,41000000,-0.960,,43000000,,0.19,,,,,,,,,,,,,,,,0.940,,,,,,true,true,12,2022-01-01,2022-12-31,1
2022-02-14,24920,2021-12-31,,9835000000,0.121,,,,,1028000000,-0.300,1036000000,-0.280,649000000,,-0.362,2.84,,,,,,13777000000,11461000000,0.832,50.14,11461000000,,,,,1.43,,,,259431200,30845063,228580755,false,false,12,2021-01-01,2021-12-31,0
2022-02-14,24920,2020-12-31,,8773000000,0.028,,,,,1468000000,-0.407,1438000000,-0.414,1017000000,,-0.398,4.45,,,,,,13018000000,11328000000,0.870,49.56,11328000000,,,,,3.71,,,,259431200,30862604,228568596,false,false,12,2020-01-01,2020-12-31,-1
2022-02-14,24920,2022-12-31,,,,,,,,,,,,,,,,,,,,,,,,,,,,,,0.18,,,,,,,false,true,12,2022-01-01,2022-12-31,1
2022-04-28,24920,2022-12-31,1,2560000000,0.114,,,,,183000000,-0.521,169000000,-0.578,,110000000,,0.48,,,,,,13169000000,11358000000,0.856,,11270000000,,,,,,,,,,,,true,false,3,2022-01-01,2022-03-31,0
2022-04-28,24920,2021-12-31,1,2299000000,0.055,,,,,383000000,-0.208,402000000,-0.169,,285000000,,1.25,,,,,,,,,,,,,,,,,,,,,,true,false,3,2021-01-01,2021-03-31,-1
2022-04-28,24920,2022-12-31,1,5227000000,0.114,,,,,35000000,-0.949,5000000,-0.993,,32000000,,0.14,,,,,,,,,,,,,,,,,,,,,,true,true,6,2022-01-01,2022-06-30,0
2022-04-28,24920,2022-12-31,1,10986000000,0.117,,,,,100000000,-0.903,41000000,-0.960,,43000000,,0.19,,,,,,,,,,,,,,,,,,,,,,true,true,12,2022-01-01,2022-12-31,0
2022-04-28,24920,2021-12-31,1,,,,,,,,,,,,,,,,,,,,13743000000,11425000000,0.825,,11336000000,,,,,,,,,,,,true,false,12,2021-01-01,2021-12-31,-1
2022-04-28,24920,2021-12-31,1,,,,,,,,,,,,,,,,,,,,,,,,,,,,,1.43,,,,259431200,30845063,,false,false,12,2021-01-01,2021-12-31,-1
2022-04-28,24920,2022-12-31,1,,,,,,,,,,,,,,,,,,,,,,,,,,,,,0.18,,,,,,,false,true,12,2022-01-01,2022-12-31,0
2022-04-28,24920,2022-12-31,1,,,,,,,,,,,,,,,,,,,,,,,,,,,,,,,,,259431200,30845063,228586137,false,false,3,2022-01-01,2022-03-31,0
2022-04-28,24920,2021-12-31,1,,,,,,,,,,,,,,,,,,,,,,,,,,,,,,,,,,,228568596,false,false,3,2021-01-01,2021-03-31,-1
2022-07-20,24920,2022-12-31,,5283000000,0.011,,,,,442000000,11.345,413000000,81.056,,274000000,,1.20,,,,,,,,,,,,,,,,,,,,,,true,true,6,2022-01-01,2022-06-30,0
2022-07-20,24920,2021-12-31,,4693000000,,,,,,706000000,,728000000,,,461000000,,2.02,,,,,,,,,,,,,,,,,,,,,,true,false,6,2021-01-01,2021-06-30,-1
2022-07-20,24920,2022-12-31,,11113000000,0.012,,,,,460000000,3.581,405000000,8.814,,283000000,,1.24,,,,,,,,,,,,,,,,,,,,,,true,true,12,2022-01-01,2022-12-31,0
2022-07-20,24920,2021-12-31,,9835000000,,,,,,1030000000,,1021000000,,,538000000,,2.36,,,,,,,,,,,,,,,,,,,,,,true,false,12,2021-01-01,2021-12-31,-1
2022-07-20,24920,2022-12-31,,,,,,,,,,,,,,,,,,,,,,,,,,,,,,0.72,,,,,,,false,true,12,2022-01-01,2022-12-31,0
2022-07-20,24920,2021-12-31,,,,,,,,,,,,,,,,,,,,,,,,,,,,,,1.43,,,,,,,false,false,12,2021-01-01,2021-12-31,-1
2022-07-29,24920,2022-12-31,2,5283000000,0.126,,,,,442000000,-0.374,413000000,-0.432,,274000000,,1.20,,,,,,13511000000,11504000000,0.845,,11418000000,,,,,,,,,,,,true,false,6,2022-01-01,2022-06-30,0
2022-07-29,24920,2021-12-31,2,4693000000,0.116,,,,,706000000,-0.057,728000000,-0.026,,461000000,,2.02,,,,,,,,,,,,,,,,,,,,,,true,false,6,2021-01-01,2021-06-30,-1
2022-07-29,24920,2022-12-31,2,11113000000,0.130,,,,,460000000,-0.554,405000000,-0.603,,283000000,,1.24,,,,,,,,,,,,,,,,,,,,,,true,true,12,2022-01-01,2022-12-31,0
2022-07-29,24920,2021-12-31,2,,,,,,,,,,,,,,,,,,,,13743000000,11425000000,0.825,,11336000000,,,,,,,,,,,,true,false,12,2021-01-01,2021-12-31,-1
2022-07-29,24920,2021-12-31,2,,,,,,,,,,,,,,,,,,,,,,,,,,,,,1.43,,,,259431200,30845063,,false,false,12,2021-01-01,2021-12-31,-1
2022-07-29,24920,2022-12-31,2,,,,,,,,,,,,,,,,,,,,,,,,,,,,,0.36,,,,,,,false,false,12,2022-01-01,2022-12-31,0
2022-07-29,24920,2022-12-31,2,,,,,,,,,,,,,,,,,,,,,,,,,,,,,0.72,,,,,,,false,true,12,2022-01-01,2022-12-31,0
2022-07-29,24920,2022-12-31,2,,,,,,,,,,,,,,,,,,,,,,,,,,,,,,,,,259431200,30805599,228600091,false,false,6,2022-01-01,2022-06-30,0
2022-07-29,24920,2021-12-31,2,,,,,,,,,,,,,,,,,,,,,,,,,,,,,,,,,,,228575246,false,false,6,2021-01-01,2021-06-30,-1
2022-10-31,24920,2022-12-31,3,8067000000,0.128,,,,,723000000,-0.205,680000000,-0.262,,484000000,,2.12,,,,,,13417000000,11619000000,0.860,,11534000000,,,,,,,,,,,,true,false,9,2022-01-01,2022-09-30,0
2022-10-31,24920,2021-12-31,3,7154000000,0.116,,,,,908000000,-0.137,921000000,-0.119,,585000000,,2.56,,,,,,,,,,,,,,,,,,,,,,true,false,9,2021-01-01,2021-09-30,-1
2022-10-31,24920,2022-12-31,3,11113000000,0.130,,,,,460000000,-0.554,405000000,-0.603,,283000000,,1.24,,,,,,,,,,,,,,,,,,,,,,true,true,12,2022-01-01,2022-12-31,0
2022-10-31,24920,2021-12-31,3,,,,,,,,,,,,,,,,,,,,13743000000,11425000000,0.825,,11336000000,,,,,,,,,,,,true,false,12,2021-01-01,2021-12-31,-1
2022-10-31,24920,2021-12-31,3,,,,,,,,,,,,,,,,,,,,,,,,,,,,,1.43,,,,259431200,30845063,,false,false,12,2021-01-01,2021-12-31,-1
2022-10-31,24920,2022-12-31,3,,,,,,,,,,,,,,,,,,,,,,,,,,,,,0.36,,,,,,,false,false,12,2022-01-01,2022-12-31,0
2022-10-31,24920,2022-12-31,3,,,,,,,,,,,,,,,,,,,,,,,,,,,,,0.72,,,,,,,false,true,12,2022-01-01,2022-12-31,0
2022-10-31,24920,2022-12-31,3,,,,,,,,,,,,,,,,,,,,,,,,,,,,,,,,,259431200,30805599,228608688,false,false,9,2022-01-01,2022-09-30,0
2022-10-31,24920,2021-12-31,3,,,,,,,,,,,,,,,,,,,,,,,,,,,,,,,,,,,228578941,false,false,9,2021-01-01,2021-09-30,-1
2023-02-14,24920,2022-12-31,,11004000000,0.119,,,,,526000000,-0.489,465000000,-0.545,,286000000,,1.25,,0.025,0.034,0.048,,13703000000,11422000000,0.827,49.59,11337000000,987000000,-984000000,-301000000,6113000000,,0.575,,,,,,true,false,12,2022-01-01,2022-12-31,0
2023-02-14,24920,2021-12-31,,9835000000,0.121,,,,,1030000000,-0.300,1021000000,-0.299,,538000000,,2.36,,0.048,0.076,0.105,,13743000000,11425000000,0.825,49.59,11336000000,1678000000,-1804000000,-532000000,6410000000,,0.607,,,,,,true,false,12,2021-01-01,2021-12-31,-1
2023-02-14,24920,2023-12-31,,5964000000,0.129,,,,,39000000,-0.912,5000000,-0.988,,12000000,,0.06,,,,,,,,,,,,,,,,,,,,,,true,true,6,2023-01-01,2023-06-30,1
2023-02-14,24920,2023-12-31,,12932000000,0.175,,,,,300000000,-0.430,216000000,-0.534,,146000000,,0.64,,,,,,,,,,,,,,,,0.715,,,,,,true,true,12,2023-01-01,2023-12-31,1
2023-02-14,24920,2022-12-31,,11060000000,0.125,,,,,537000000,-0.478,537000000,-0.482,318000000,,-0.510,1.39,,,,,,13784000000,11504000000,0.835,50.32,11504000000,,,,,0.72,,,,259431200,30805599,228612951,false,false,12,2022-01-01,2022-12-31,0
2023-02-14,24920,2021-12-31,,9835000000,0.121,,,,,1028000000,-0.300,1036000000,-0.280,649000000,,-0.362,2.84,,,,,,13777000000,11461000000,0.832,50.14,11461000000,,,,,1.43,,,,259431200,30845063,228580755,false,false,12,2021-01-01,2021-12-31,-1
2023-02-14,24920,2023-12-31,,,,,,,,,,,,,,,,,,,,,,,,,,,,,,0.46,,,,,,,false,true,12,2023-01-01,2023-12-31,1
2023-04-28,24920,2023-12-31,1,3016000000,0.178,,,,,166000000,-0.096,149000000,-0.121,,98000000,,0.43,,,,,,13499000000,11436000000,0.841,,11353000000,,,,,,,,,,,,true,false,3,2023-01-01,2023-03-31,0
2023-04-28,24920,2022-12-31,1,2560000000,0.114,,,,,183000000,-0.521,169000000,-0.578,,110000000,,0.48,,,,,,,,,,,,,,,,,,,,,,true,false,3,2022-01-01,2022-03-31,-1
2023-04-28,24920,2023-12-31,1,6118000000,0.158,,,,,200000000,-0.547,163000000,-0.604,,120000000,,0.53,,,,,,,,,,,,,,,,,,,,,,true,true,6,2023-01-01,2023-06-30,0
2023-04-28,24920,2023-12-31,1,12932000000,0.175,,,,,300000000,-0.430,216000000,-0.534,,146000000,,0.64,,,,,,,,,,,,,,,,,,,,,,true,true,12,2023-01-01,2023-12-31,0
2023-04-28,24920,2022-12-31,1,,,,,,,,,,,,,,,,,,,,13703000000,11422000000,0.827,,11337000000,,,,,,,,,,,,true,false,12,2022-01-01,2022-12-31,-1
2023-04-28,24920,2022-12-31,1,,,,,,,,,,,,,,,,,,,,,,,,,,,,,0.72,,,,259431200,30805599,,false,false,12,2022-01-01,2022-12-31,-1
2023-04-28,24920,2023-12-31,1,,,,,,,,,,,,,,,,,,,,,,,,,,,,,0.46,,,,,,,false,true,12,2023-01-01,2023-12-31,0
2023-04-28,24920,2023-12-31,1,,,,,,,,,,,,,,,,,,,,,,,,,,,,,,,,,259431200,30805599,228625601,false,false,3,2023-01-01,2023-03-31,0
2023-04-28,24920,2022-12-31,1,,,,,,,,,,,,,,,,,,,,,,,,,,,,,,,,,,,228586137,false,false,3,2022-01-01,2022-03-31,-1
2023-04-28,24920,2023-12-31,,6118000000,0.026,,,,,200000000,4.126,163000000,31.247,,120000000,,0.53,,,,,,,,,,,,,,,,,,,,,,true,true,6,2023-01-01,2023-06-30,0
2023-04-28,24920,2022-12-31,,5283000000,,,,,,442000000,,413000000,,,274000000,,1.20,,,,,,,,,,,,,,,,,,,,,,true,false,6,2022-01-01,2022-06-30,-1
2023-07-21,24920,2023-12-31,,6269000000,0.025,,,,,364000000,0.819,309000000,0.890,,213000000,,0.93,,,,,,,,,,,,,,,,,,,,,,true,true,6,2023-01-01,2023-06-30,0
2023-07-21,24920,2022-12-31,,5283000000,,,,,,442000000,,413000000,,,274000000,,1.20,,,,,,,,,,,,,,,,,,,,,,true,false,6,2022-01-01,2022-06-30,-1
2023-07-21,24920,2023-12-31,,13132000000,0.015,,,,,640000000,1.134,535000000,1.469,,356000000,,1.56,,,,,,,,,,,,,,,,,,,,,,true,true,12,2023-01-01,2023-12-31,0
2023-07-21,24920,2022-12-31,,11004000000,,,,,,526000000,,465000000,,,286000000,,1.25,,,,,,,,,,,,,,,,,,,,,,true,false,12,2022-01-01,2022-12-31,-1
2023-07-21,24920,2023-12-31,,,,,,,,,,,,,,,,,,,,,,,,,,,,,,0.97,,,,,,,false,true,12,2023-01-01,2023-12-31,0
2023-07-21,24920,2022-12-31,,,,,,,,,,,,,,,,,,,,,,,,,,,,,,0.72,,,,,,,false,false,12,2022-01-01,2022-12-31,-1
2023-07-31,24920,2023-12-31,2,6269000000,0.187,,,,,365000000,-0.173,310000000,-0.249,,217000000,,0.95,,,,,,14012000000,11576000000,0.820,,11495000000,,,,,,,,,,,,true,false,6,2023-01-01,2023-06-30,0
2023-07-31,24920,2022-12-31,2,5283000000,0.126,,,,,442000000,-0.374,413000000,-0.432,,274000000,,1.20,,,,,,,,,,,,,,,,,,,,,,true,false,6,2022-01-01,2022-06-30,-1
2023-07-31,24920,2023-12-31,2,13132000000,0.193,,,,,640000000,0.216,535000000,0.152,,356000000,,1.56,,,,,,,,,,,,,,,,,,,,,,true,true,12,2023-01-01,2023-12-31,0
2023-07-31,24920,2022-12-31,2,,,,,,,,,,,,,,,,,,,,13703000000,11422000000,0.827,,11337000000,,,,,,,,,,,,true,false,12,2022-01-01,2022-12-31,-1
2023-07-31,24920,2022-12-31,2,,,,,,,,,,,,,,,,,,,,,,,,,,,,,0.72,,,,259431200,30805599,,false,false,12,2022-01-01,2022-12-31,-1
2023-07-31,24920,2023-12-31,2,,,,,,,,,,,,,,,,,,,,,,,,,,,,,0.48,,,,,,,false,false,12,2023-01-01,2023-12-31,0
2023-07-31,24920,2023-12-31,2,,,,,,,,,,,,,,,,,,,,,,,,,,,,,0.97,,,,,,,false,true,12,2023-01-01,2023-12-31,0
2023-07-31,24920,2023-12-31,2,,,,,,,,,,,,,,,,,,,,,,,,,,,,,,,,,259431200,30853949,228648308,false,false,6,2023-01-01,2023-06-30,0
2023-07-31,24920,2022-12-31,2,,,,,,,,,,,,,,,,,,,,,,,,,,,,,,,,,,,228600091,false,false,6,2022-01-01,2022-06-30,-1
2023-10-31,24920,2023-12-31,3,9714000000,0.204,,,,,634000000,-0.123,545000000,-0.199,,374000000,,1.64,,,,,,13102000000,10658000000,0.807,,10578000000,,,,,,,,,,,,true,false,9,2023-01-01,2023-09-30,0
2023-10-31,24920,2022-12-31,3,8067000000,0.128,,,,,723000000,-0.205,680000000,-0.262,,484000000,,2.12,,,,,,,,,,,,,,,,,,,,,,true,false,9,2022-01-01,2022-09-30,-1
2023-10-31,24920,2023-12-31,3,13132000000,0.193,,,,,640000000,0.216,535000000,0.152,,356000000,,1.56,,,,,,,,,,,,,,,,,,,,,,true,true,12,2023-01-01,2023-12-31,0
2023-10-31,24920,2022-12-31,3,,,,,,,,,,,,,,,,,,,,13703000000,11422000000,0.827,,11337000000,,,,,,,,,,,,true,false,12,2022-01-01,2022-12-31,-1
2023-10-31,24920,2022-12-31,3,,,,,,,,,,,,,,,,,,,,,,,,,,,,,0.72,,,,259431200,30805599,,false,false,12,2022-01-01,2022-12-31,-1
2023-10-31,24920,2023-12-31,3,,,,,,,,,,,,,,,,,,,,,,,,,,,,,0.48,,,,,,,false,false,12,2023-01-01,2023-12-31,0
2023-10-31,24920,2023-12-31,3,,,,,,,,,,,,,,,,,,,,,,,,,,,,,0.97,,,,,,,false,true,12,2023-01-01,2023-12-31,0
2023-10-31,24920,2023-12-31,3,,,,,,,,,,,,,,,,,,,,,,,,,,,,,,,,,259431200,33197049,228169559,false,false,9,2023-01-01,2023-09-30,0
2023-10-31,24920,2022-12-31,3,,,,,,,,,,,,,,,,,,,,,,,,,,,,,,,,,,,228608688,false,false,9,2022-01-01,2022-09-30,-1
2024-02-14,24920,2023-12-31,,13363000000,0.214,,,,,830000000,0.578,632000000,0.359,,298000000,,1.31,,0.027,0.046,0.062,,13544000000,10634000000,0.779,46.66,10556000000,1827000000,-1794000000,-1209000000,4936000000,,0.739,,,,,,true,false,12,2023-01-01,2023-12-31,0
2024-02-14,24920,2022-12-31,,11004000000,0.119,,,,,526000000,-0.489,465000000,-0.545,,286000000,,1.25,,0.025,0.034,0.048,,13703000000,11422000000,0.827,49.59,11337000000,987000000,-984000000,-301000000,6113000000,,0.575,,,,,,true,false,12,2022-01-01,2022-12-31,-1
2024-02-14,24920,2024-12-31,,7289000000,0.163,,,,,401000000,0.097,326000000,0.051,,281000000,,1.25,,,,,,,,,,,,,,,,,,,,,,true,true,6,2024-01-01,2024-06-30,1
2024-02-14,24920,2024-12-31,,16086000000,0.204,,,,,1000000000,0.204,780000000,0.235,,539000000,,2.38,,,,,,,,,,,,,,,,0.647,,,,,,true,true,12,2024-01-01,2024-12-31,1
2024-02-14,24920,2023-12-31,,13396000000,0.211,,,,,849000000,0.582,830000000,0.547,197000000,,-0.379,0.87,,,,,,13444000000,10533000000,0.783,46.56,10533000000,,,,,0.97,,,,259431200,33197049,227681730,false,false,12,2023-01-01,2023-12-31,0
2024-02-14,24920,2022-12-31,,11060000000,0.125,,,,,537000000,-0.478,537000000,-0.482,318000000,,-0.510,1.39,,,,,,13784000000,11504000000,0.835,50.32,11504000000,,,,,0.72,,,,259431200,30805599,228612951,false,false,12,2022-01-01,2022-12-31,-1
2024-02-14,24920,2024-12-31,,,,,,,,,,,,,,,,,,,,,,,,,,,,,,1.54,,,,,,,false,true,12,2024-01-01,2024-12-31,1
2024-04-30,24920,2024-12-31,1,3519000000,0.167,,,,,229000000,0.384,227000000,0.527,,202000000,,0.90,,,,,,13889000000,10845000000,0.767,,10648000000,,,,,,,,,,,,true,false,3,2024-01-01,2024-03-31,0
2024-04-30,24920,2023-12-31,1,3016000000,0.178,,,,,166000000,-0.096,149000000,-0.121,,98000000,,0.43,,,,,,,,,,,,,,,,,,,,,,true,false,3,2023-01-01,2023-03-31,-1
2024-04-30,24920,2024-12-31,1,7289000000,0.163,,,,,401000000,0.097,326000000,0.051,,281000000,,1.25,,,,,,,,,,,,,,,,,,,,,,true,true,6,2024-01-01,2024-06-30,0
2024-04-30,24920,2024-12-31,1,16086000000,0.204,,,,,1000000000,0.204,780000000,0.235,,539000000,,2.38,,,,,,,,,,,,,,,,,,,,,,true,true,12,2024-01-01,2024-12-31,0
2024-04-30,24920,2023-12-31,1,,,,,,,,,,,,,,,,,,,,13544000000,10634000000,0.779,,10556000000,,,,,,,,,,,,true,false,12,2023-01-01,2023-12-31,-1
2024-04-30,24920,2023-12-31,1,,,,,,,,,,,,,,,,,,,,,,,,,,,,,0.97,,,,259431200,33197049,,false,false,12,2023-01-01,2023-12-31,-1
2024-04-30,24920,2024-12-31,1,,,,,,,,,,,,,,,,,,,,,,,,,,,,,1.54,,,,,,,false,true,12,2024-01-01,2024-12-31,0
2024-04-30,24920,2024-12-31,1,,,,,,,,,,,,,,,,,,,,,,,,,,,,,,,,,259431200,33197049,226234151,false,false,3,2024-01-01,2024-03-31,0
2024-04-30,24920,2023-12-31,1,,,,,,,,,,,,,,,,,,,,,,,,,,,,,,,,,,,228625601,false,false,3,2023-01-01,2023-03-31,-1
2024-07-31,24920,2024-12-31,2,7213000000,0.151,,,,,310000000,-0.151,305000000,-0.016,,232000000,,1.03,,,,,,14198000000,10909000000,0.754,,10709000000,,,,,,,,,,,,true,false,6,2024-01-01,2024-06-30,0
2024-07-31,24920,2023-12-31,2,6269000000,0.187,,,,,365000000,-0.173,310000000,-0.249,,217000000,,0.95,,,,,,,,,,,,,,,,,,,,,,true,false,6,2023-01-01,2023-06-30,-1
2024-07-31,24920,2024-12-31,2,16086000000,0.204,,,,,1000000000,0.204,780000000,0.235,,539000000,,2.38,,,,,,,,,,,,,,,,,,,,,,true,true,12,2024-01-01,2024-12-31,0
2024-07-31,24920,2023-12-31,2,,,,,,,,,,,,,,,,,,,,13544000000,10634000000,0.779,,10556000000,,,,,,,,,,,,true,false,12,2023-01-01,2023-12-31,-1
2024-07-31,24920,2023-12-31,2,,,,,,,,,,,,,,,,,,,,,,,,,,,,,0.97,,,,259431200,33197049,,false,false,12,2023-01-01,2023-12-31,-1
2024-07-31,24920,2024-12-31,2,,,,,,,,,,,,,,,,,,,,,,,,,,,,,0.77,,,,,,,false,false,12,2024-01-01,2024-12-31,0
2024-07-31,24920,2024-12-31,2,,,,,,,,,,,,,,,,,,,,,,,,,,,,,1.54,,,,,,,false,true,12,2024-01-01,2024-12-31,0
2024-07-31,24920,2024-12-31,2,,,,,,,,,,,,,,,,,,,,,,,,,,,,,,,,,259431200,33126517,226259437,false,false,6,2024-01-01,2024-06-30,0
2024-07-31,24920,2023-12-31,2,,,,,,,,,,,,,,,,,,,,,,,,,,,,,,,,,,,228648308,false,false,6,2023-01-01,2023-06-30,-1
2024-10-31,24920,2024-12-31,3,11244000000,0.158,,,,,671000000,0.059,661000000,0.214,,533000000,,2.36,,,,,,14011000000,10996000000,0.770,,10792000000,,,,,,,,,,,,true,false,9,2024-01-01,2024-09-30,0
2024-10-31,24920,2023-12-31,3,9714000000,0.204,,,,,634000000,-0.123,545000000,-0.199,,374000000,,1.64,,,,,,,,,,,,,,,,,,,,,,true,false,9,2023-01-01,2023-09-30,-1
2024-10-31,24920,2024-12-31,3,16086000000,0.204,,,,,1000000000,0.204,780000000,0.235,,539000000,,2.38,,,,,,,,,,,,,,,,,,,,,,true,true,12,2024-01-01,2024-12-31,0
2024-10-31,24920,2023-12-31,3,,,,,,,,,,,,,,,,,,,,13544000000,10634000000,0.779,,10566000000,,,,,,,,,,,,true,false,12,2023-01-01,2023-12-31,-1
2024-10-31,24920,2023-12-31,3,,,,,,,,,,,,,,,,,,,,,,,,,,,,,0.97,,,,259431200,33197049,,false,false,12,2023-01-01,2023-12-31,-1
2024-10-31,24920,2024-12-31,3,,,,,,,,,,,,,,,,,,,,,,,,,,,,,0.77,,,,,,,false,false,12,2024-01-01,2024-12-31,0
2024-10-31,24920,2024-12-31,3,,,,,,,,,,,,,,,,,,,,,,,,,,,,,1.54,,,,,,,false,true,12,2024-01-01,2024-12-31,0
2024-10-31,24920,2024-12-31,3,,,,,,,,,,,,,,,,,,,,,,,,,,,,,,,,,259431200,33126517,226274629,false,false,9,2024-01-01,2024-09-30,0
2024-10-31,24920,2023-12-31,3,,,,,,,,,,,,,,,,,,,,,,,,,,,,,,,,,,,228169559,false,false,9,2023-01-01,2023-09-30,-1
2025-01-22,24920,2024-12-31,,15626000000,-0.029,,,,,1197000000,0.197,1183000000,0.517,,649000000,,2.87,,,,,,,,,,,,,,,,,,,,,,true,true,12,2024-01-01,2024-12-31,0
2025-01-22,24920,2023-12-31,,13363000000,,,,,,830000000,,632000000,,,298000000,,1.31,,,,,,,,,,,,,,,,,,,,,,true,false,12,2023-01-01,2023-12-31,-1
2025-02-14,2492,2024-12-31,,15630000000,0.170,,,,,1200000000,0.446,1187000000,0.878,,655000000,,2.90,,0.061,0.084,0.077,,14842000000,11079000000,0.735,48.23,10915000000,2072000000,-2911000000,213000000,4311000000,,0.601,,,,,,true,false,12,2024-01-01,2024-12-31,0
2025-02-14,2492,2023-12-31,,13363000000,0.214,,,,,830000000,0.578,632000000,0.359,,298000000,,1.31,,0.027,0.046,0.062,,13544000000,10634000000,0.779,46.66,10556000000,1827000000,-1794000000,-1209000000,4936000000,,0.739,,,,,,true,false,12,2023-01-01,2023-12-31,-1
2025-02-14,2492,2025-12-31,,19491000000,0.247,,,,,2300000000,0.916,2283000000,0.924,,1356000000,,5.99,,,,,,,,,,,,,,,,0.744,,,,,,true,true,12,2025-01-01,2025-12-31,1
2025-02-14,2492,2024-12-31,,15549000000,0.161,,,,,1409000000,0.658,1400000000,0.686,786000000,,2.979,3.48,,,,,,14788000000,11065000000,0.748,48.90,11065000000,,,,,1.74,,,,259431200,33131685,226280871,false,false,12,2024-01-01,2024-12-31,0
2025-02-14,2492,2023-12-31,,13396000000,0.211,,,,,849000000,0.582,830000000,0.547,197000000,,-0.379,0.87,,,,,,13444000000,10533000000,0.783,46.56,10533000000,,,,,0.97,,,,259431200,33197049,227681730,false,false,12,2023-01-01,2023-12-31,-1
2025-02-14,2492,2025-12-31,,,,,,,,,,,,,,,,,,,,,,,,,,,,,,4.46,,,,,,,false,true,12,2025-01-01,2025-12-31,1
2025-04-30,2492,2025-12-31,1,4304000000,0.223,,,,,580000000,1.526,578000000,1.539,,305000000,,1.35,,,,,,15373000000,11037000000,0.716,,11001000000,,,,,,,,,,,,true,false,3,2025-01-01,2025-03-31,0
2025-04-30,2492,2024-12-31,1,3519000000,0.167,,,,,229000000,0.384,227000000,0.527,,202000000,,0.90,,,,,,,,,,,,,,,,,,,,,,true,false,3,2024-01-01,2024-03-31,-1
2025-04-30,2492,2025-12-31,1,19491000000,0.247,,,,,2300000000,0.916,2283000000,0.924,,1356000000,,5.99,,,,,,,,,,,,,,,,,,,,,,true,true,12,2025-01-01,2025-12-31,0
2025-04-30,2492,2024-12-31,1,,,,,,,,,,,,,,,,,,,,14842000000,11079000000,0.735,,10915000000,,,,,,,,,,,,true,false,12,2024-01-01,2024-12-31,-1
2025-04-30,2492,2024-12-31,1,,,,,,,,,,,,,,,,,,,,,,,,,,,,,1.74,,,,259431200,33131685,,false,false,12,2024-01-01,2024-12-31,-1
2025-04-30,2492,2025-12-31,1,,,,,,,,,,,,,,,,,,,,,,,,,,,,,4.46,,,,,,,false,true,12,2025-01-01,2025-12-31,0
2025-04-30,2492,2025-12-31,1,,,,,,,,,,,,,,,,,,,,,,,,,,,,,,,,,259431200,33131685,226299515,false,false,3,2025-01-01,2025-03-31,0
2025-04-30,2492,2024-12-31,1,,,,,,,,,,,,,,,,,,,,,,,,,,,,,,,,,,,226234151,false,false,3,2024-01-01,2024-03-31,-1
2025-07-31,2492,2025-12-31,2,9001000000,0.248,,,,,1421000000,3.584,1413000000,3.627,,848000000,,3.75,,,,,,16785000000,11609000000,0.689,,11573000000,,,,,,,,,,,,true,false,6,2025-01-01,2025-06-30,0
2025-07-31,2492,2024-12-31,2,7213000000,0.151,,,,,310000000,-0.151,305000000,-0.016,,232000000,,1.03,,,,,,,,,,,,,,,,,,,,,,true,false,6,2024-01-01,2024-06-30,-1
2025-07-31,2492,2025-12-31,2,19491000000,0.247,,,,,2300000000,0.916,2283000000,0.924,,1356000000,,5.99,,,,,,,,,,,,,,,,,,,,,,true,true,12,2025-01-01,2025-12-31,0
2025-07-31,2492,2024-12-31,2,,,,,,,,,,,,,,,,,,,,14842000000,11079000000,0.735,,10915000000,,,,,,,,,,,,true,false,12,2024-01-01,2024-12-31,-1
2025-07-31,2492,2024-12-31,2,,,,,,,,,,,,,,,,,,,,,,,,,,,,,1.74,,,,259431200,33131685,,false,false,12,2024-01-01,2024-12-31,-1
2025-07-31,2492,2025-12-31,2,,,,,,,,,,,,,,,,,,,,,,,,,,,,,2.23,,,,,,,false,false,12,2025-01-01,2025-12-31,0
2025-07-31,2492,2025-12-31,2,,,,,,,,,,,,,,,,,,,,,,,,,,,,,4.46,,,,,,,false,true,12,2025-01-01,2025-12-31,0
2025-07-31,2492,2025-12-31,2,,,,,,,,,,,,,,,,,,,,,,,,,,,,,,,,,259431200,33049533,226329925,false,false,6,2025-01-01,2025-06-30,0
2025-07-31,2492,2024-12-31,2,,,,,,,,,,,,,,,,,,,,,,,,,,,,,,,,,,,226259437,false,false,6,2024-01-01,2024-06-30,-1
