filing_date,code,fiscal_year_end,quarterly_period,net_sales,net_sales_change,revenue,revenue_change,operating_revenue,operating_revenue_change,operating_profit,operating_profit_change,ordinary_profit,ordinary_profit_change,net_income,net_income_of_parent,net_income_change,eps,diluted_eps,roe,roa,operating_profit_to_net_sales,operating_profit_to_revenue,total_assets,net_assets,equity_ratio,bps,owner_equity,operating_cash_flow,investing_cash_flow,financing_cash_flow,cash,dividend_per_share,payout_ratio,commemorative_dividend,extra_dividend,number_of_shares,number_of_treqsury_shares,avg_number_of_shares,is_consolidated,is_forecast,duration,period_start,period_end,period_pos
2015-06-01,25930,2015-04-30,,430541000000,-0.016,,,,,11393000000,-0.460,11229000000,-0.453,7292000000,,-0.397,56.60,56.46,0.059,0.041,0.026,,285947000000,127761000000,0.444,1031.19,126822000000,17751000000,-9242000000,-4835000000,48922000000,,0.707,,,,,,true,false,12,2014-05-01,2015-04-30,0
2015-06-01,25930,2014-04-30,,437755000000,0.084,,,,,21100000000,0.042,20518000000,0.030,12096000000,,0.076,95.77,95.49,0.104,0.081,0.048,,258820000000,120509000000,0.463,974.36,119782000000,24300000000,-4598000000,-18147000000,44617000000,,0.407,,,,,,true,false,12,2013-05-01,2014-04-30,-1
2015-06-01,25930,2016-04-30,,249500000000,0.067,,,,,9600000000,0.173,9100000000,0.135,,5500000000,,43.40,,,,,,,,,,,,,,,,,,,,,,true,true,6,2015-05-01,2015-10-31,1
2015-06-01,25930,2016-04-30,,460000000000,0.068,,,,,15000000000,0.317,14000000000,0.247,,8700000000,,68.07,,,,,,,,,,,,,,,,0.588,,,,,,true,true,12,2015-05-01,2016-04-30,1
2015-06-01,25930,2015-04-30,,353754000000,-0.027,,,,,6478000000,-0.597,6929000000,-0.573,4233000000,,-0.582,31.70,31.62,,,,,254974000000,120580000000,0.473,980.28,120569000000,,,,,40.00,,,,89212380,535579,88647599,false,false,12,2014-05-01,2015-04-30,0
2015-06-01,25930,2014-04-30,,363461000000,0.033,,,,,16060000000,-0.046,16225000000,-0.053,10125000000,,-0.024,79.71,79.48,,,,,230820000000,119382000000,0.517,970.67,119330000000,,,,,39.00,,,,89212380,605739,88586390,false,false,12,2013-05-01,2014-04-30,-1
2015-06-01,25930,2016-04-30,,197400000000,0.016,,,,,6500000000,0.259,6800000000,0.205,4500000000,,0.275,35.26,,,,,,,,,,,,,,,,,,,,,,false,true,6,2015-05-01,2015-10-31,1
2015-06-01,25930,2016-04-30,,357800000000,0.011,,,,,10000000000,0.544,10000000000,0.443,6400000000,,0.512,49.34,,,,,,,,,,,,,,,40.00,,,,,,,false,true,12,2015-05-01,2016-04-30,1
2015-09-01,25930,2016-04-30,1,128182000000,0.080,,,,,4289000000,0.954,4798000000,1.304,,2391000000,,19.47,19.43,,,,,294980000000,127656000000,0.430,,126715000000,,,,,,,,,,,,true,false,3,2015-05-01,2015-07-31,0
2015-09-01,25930,2015-04-30,1,118700000000,-0.004,,,,,2194000000,-0.606,2082000000,-0.616,,937000000,,7.64,7.62,,,,,,,,,,,,,,,,,,,,,true,false,3,2014-05-01,2014-07-31,-1
2015-09-01,25930,2016-04-30,1,249500000000,0.067,,,,,9600000000,0.173,9100000000,0.135,,5500000000,,43.40,,,,,,,,,,,,,,,,,,,,,,true,true,6,2015-05-01,2015-10-31,0
2015-09-01,25930,2016-04-30,1,460000000000,0.068,,,,,15000000000,0.317,14000000000,0.247,,8700000000,,68.07,,,,,,,,,,,,,,,,,,,,,,true,true,12,2015-05-01,2016-04-30,0
2015-09-01,25930,2015-04-30,1,,,,,,,,,,,,,,,,,,,,285947000000,127761000000,0.444,,126822000000,,,,,,,,,,,,true,false,12,2014-05-01,2015-04-30,-1
2015-09-01,25930,2015-04-30,1,,,,,,,,,,,,,,,,,,,,,,,,,,,,,40.00,,,,89212380,535579,,false,false,12,2014-05-01,2015-04-30,-1
2015-09-01,25930,2016-04-30,1,,,,,,,,,,,,,,,,,,,,,,,,,,,,,40.00,,,,,,,false,true,12,2015-05-01,2016-04-30,0
2015-09-01,25930,2016-04-30,1,,,,,,,,,,,,,,,,,,,,,,,,,,,,,,,,,89212380,535579,88676801,false,false,3,2015-05-01,2015-07-31,0
2015-09-01,25930,2015-04-30,1,,,,,,,,,,,,,,,,,,,,,,,,,,,,,,,,,,,88609870,false,false,3,2014-05-01,2014-07-31,-1
2015-12-01,25930,2016-04-30,2,252877000000,0.081,,,,,10014000000,0.223,9844000000,0.228,,5706000000,,45.08,44.97,,,,,287311000000,130310000000,0.450,,129304000000,,,,,,,,,,,,true,false,6,2015-05-01,2015-10-31,0
2015-12-01,25930,2015-04-30,2,233852000000,-0.021,,,,,8187000000,-0.434,8019000000,-0.432,,4378000000,,34.27,34.18,,,,,,,,,,,,,,,,,,,,,true,false,6,2014-05-01,2014-10-31,-1
2015-12-01,25930,2016-04-30,2,465000000000,0.080,,,,,15100000000,0.325,14100000000,0.256,,8770000000,,68.64,,,,,,,,,,,,,,,,,,,,,,true,true,12,2015-05-01,2016-04-30,0
2015-12-01,25930,2015-04-30,2,,,,,,,,,,,,,,,,,,,,285947000000,127761000000,0.444,,126822000000,,,,,,,,,,,,true,false,12,2014-05-01,2015-04-30,-1
2015-12-01,25930,2015-04-30,2,,,,,,,,,,,,,,,,,,,,,,,,,,,,,40.00,,,,89212380,535579,,false,false,12,2014-05-01,2015-04-30,-1
2015-12-01,25930,2016-04-30,2,,,,,,,,,,,,,,,,,,,,,,,,,,,,,20.00,,,,,,,false,false,12,2015-05-01,2016-04-30,0
2015-12-01,25930,2016-04-30,2,,,,,,,,,,,,,,,,,,,,,,,,,,,,,40.00,,,,,,,false,true,12,2015-05-01,2016-04-30,0
2015-12-01,25930,2016-04-30,2,,,,,,,,,,,,,,,,,,,,,,,,,,,,,,,,,89212380,535579,88676801,false,false,6,2015-05-01,2015-10-31,0
2015-12-01,25930,2015-04-30,2,,,,,,,,,,,,,,,,,,,,,,,,,,,,,,,,,,,88627004,false,false,6,2014-05-01,2014-10-31,-1
2016-03-01,25930,2016-04-30,3,355840000000,0.084,,,,,11898000000,0.548,11610000000,0.506,,6866000000,,54.51,54.39,,,,,274233000000,128603000000,0.465,,127568000000,,,,,,,,,,,,true,false,9,2015-05-01,2016-01-31,0
2016-03-01,25930,2015-04-30,3,328296000000,-0.017,,,,,7685000000,-0.499,7711000000,-0.484,,3980000000,,31.03,30.94,,,,,,,,,,,,,,,,,,,,,true,false,9,2014-05-01,2015-01-31,-1
2016-03-01,25930,2016-04-30,3,465000000000,0.080,,,,,15100000000,0.325,14100000000,0.256,,8770000000,,68.64,,,,,,,,,,,,,,,,,,,,,,true,true,12,2015-05-01,2016-04-30,0
2016-03-01,25930,2015-04-30,3,,,,,,,,,,,,,,,,,,,,285947000000,127761000000,0.444,,126822000000,,,,,,,,,,,,true,false,12,2014-05-01,2015-04-30,-1
2016-03-01,25930,2015-04-30,3,,,,,,,,,,,,,,,,,,,,,,,,,,,,,40.00,,,,89212380,535579,,false,false,12,2014-05-01,2015-04-30,-1
2016-03-01,25930,2016-04-30,3,,,,,,,,,,,,,,,,,,,,,,,,,,,,,20.00,,,,,,,false,false,12,2015-05-01,2016-04-30,0
2016-03-01,25930,2016-04-30,3,,,,,,,,,,,,,,,,,,,,,,,,,,,,,40.00,,,,,,,false,true,12,2015-05-01,2016-04-30,0
2016-03-01,25930,2016-04-30,3,,,,,,,,,,,,,,,,,,,,,,,,,,,,,,,,,89212380,535579,88676801,false,false,9,2015-05-01,2016-01-31,0
2016-03-01,25930,2015-04-30,3,,,,,,,,,,,,,,,,,,,,,,,,,,,,,,,,,,,88638183,false,false,9,2014-05-01,2015-01-31,-1
2016-06-01,25930,2016-04-30,,465579000000,0.081,,,,,17243000000,0.514,15074000000,0.342,,8615000000,,67.37,67.21,0.068,0.053,0.037,,287702000000,127215000000,0.439,1026.26,126209000000,30085000000,-8150000000,-18018000000,53259000000,,0.594,,,,,,true,false,12,2015-05-01,2016-04-30,0
2016-06-01,25930,2015-04-30,,430541000000,-0.016,,,,,11393000000,-0.460,11229000000,-0.453,,7292000000,,56.60,56.46,0.059,0.041,0.026,,285947000000,127761000000,0.444,1031.19,126822000000,17751000000,-9242000000,-4835000000,48922000000,,0.707,,,,,,true,false,12,2014-05-01,2015-04-30,-1
2016-06-01,25930,2017-04-30,,255400000000,0.010,,,,,12100000000,0.208,11000000000,0.117,,6700000000,,53.16,,,,,,,,,,,,,,,,,,,,,,true,true,6,2016-05-01,2016-10-31,1
2016-06-01,25930,2017-04-30,,471500000000,0.013,,,,,20000000000,0.160,19400000000,0.287,,11800000000,,93.30,,,,,,,,,,,,,,,,0.429,,,,,,true,true,12,2016-05-01,2017-04-30,1
2016-06-01,25930,2016-04-30,,365276000000,0.033,,,,,11934000000,0.842,12821000000,0.850,8941000000,,1.112,70.02,69.85,,,,,259453000000,124045000000,0.478,1008.32,124005000000,,,,,40.00,,,,89212380,535579,88676801,false,false,12,2015-05-01,2016-04-30,0
2016-06-01,25930,2015-04-30,,353754000000,-0.027,,,,,6478000000,-0.597,6929000000,-0.573,4233000000,,-0.582,31.70,31.62,,,,,254974000000,120580000000,0.473,980.28,120569000000,,,,,40.00,,,,89212380,535579,88647599,false,false,12,2014-05-01,2015-04-30,-1
2016-06-01,25930,2017-04-30,,203000000000,0.010,,,,,9600000000,0.405,10700000000,0.128,7550000000,,0.115,60.08,,,,,,,,,,,,,,,,,,,,,,false,true,6,2016-05-01,2016-10-31,1
2016-06-01,25930,2017-04-30,,370000000000,0.013,,,,,15500000000,0.299,17100000000,0.334,11900000000,,0.331,94.11,,,,,,,,,,,,,,,40.00,,,,,,,false,true,12,2016-05-01,2017-04-30,1
2016-09-01,25930,2017-04-30,1,129043000000,0.007,,,,,6524000000,0.521,5722000000,0.192,,3578000000,,29.14,29.06,,,,,290050000000,126205000000,0.432,,125251000000,,,,,,,,,,,,true,false,3,2016-05-01,2016-07-31,0
2016-09-01,25930,2016-04-30,1,128182000000,0.080,,,,,4289000000,0.954,4798000000,1.304,,2391000000,,19.47,19.43,,,,,,,,,,,,,,,,,,,,,true,false,3,2015-05-01,2015-07-31,-1
2016-09-01,25930,2017-04-30,1,255400000000,0.010,,,,,12100000000,0.208,11000000000,0.117,,6700000000,,53.16,,,,,,,,,,,,,,,,,,,,,,true,true,6,2016-05-01,2016-10-31,0
2016-09-01,25930,2017-04-30,1,471500000000,0.013,,,,,20000000000,0.160,19400000000,0.287,,11800000000,,93.30,,,,,,,,,,,,,,,,,,,,,,true,true,12,2016-05-01,2017-04-30,0
2016-09-01,25930,2016-04-30,1,,,,,,,,,,,,,,,,,,,,287702000000,127215000000,0.439,,126209000000,,,,,,,,,,,,true,false,12,2015-05-01,2016-04-30,-1
2016-09-01,25930,2016-04-30,1,,,,,,,,,,,,,,,,,,,,,,,,,,,,,40.00,,,,89212380,535579,,false,false,12,2015-05-01,2016-04-30,-1
2016-09-01,25930,2017-04-30,1,,,,,,,,,,,,,,,,,,,,,,,,,,,,,40.00,,,,,,,false,true,12,2016-05-01,2017-04-30,0
2016-09-01,25930,2017-04-30,1,,,,,,,,,,,,,,,,,,,,,,,,,,,,,,,,,89212380,535579,88676801,false,false,3,2016-05-01,2016-07-31,0
2016-09-01,25930,2016-04-30,1,,,,,,,,,,,,,,,,,,,,,,,,,,,,,,,,,,,88676801,false,false,3,2015-05-01,2015-07-31,-1
2016-12-01,25930,2017-04-30,2,258083000000,0.021,,,,,14324000000,0.430,13531000000,0.375,,8923000000,,71.27,71.09,,,,,287805000000,131318000000,0.453,,130304000000,,,,,,,,,,,,true,false,6,2016-05-01,2016-10-31,0
2016-12-01,25930,2016-04-30,2,252877000000,0.081,,,,,10014000000,0.223,9844000000,0.228,,5706000000,,45.08,44.97,,,,,,,,,,,,,,,,,,,,,true,false,6,2015-05-01,2015-10-31,-1
2016-12-01,25930,2017-04-30,2,475000000000,0.020,,,,,20500000000,0.189,19500000000,0.294,,12000000000,,94.93,,,,,,,,,,,,,,,,,,,,,,true,true,12,2016-05-01,2017-04-30,0
2016-12-01,25930,2016-04-30,2,,,,,,,,,,,,,,,,,,,,287702000000,127215000000,0.439,,126209000000,,,,,,,,,,,,true,false,12,2015-05-01,2016-04-30,-1
2016-12-01,25930,2016-04-30,2,,,,,,,,,,,,,,,,,,,,,,,,,,,,,40.00,,,,89212380,535579,,false,false,12,2015-05-01,2016-04-30,-1
2016-12-01,25930,2017-04-30,2,,,,,,,,,,,,,,,,,,,,,,,,,,,,,20.00,,,,,,,false,false,12,2016-05-01,2017-04-30,0
2016-12-01,25930,2017-04-30,2,,,,,,,,,,,,,,,,,,,,,,,,,,,,,40.00,,,,,,,false,true,12,2016-05-01,2017-04-30,0
2016-12-01,25930,2017-04-30,2,,,,,,,,,,,,,,,,,,,,,,,,,,,,,,,,,89212380,530079,88677462,false,false,6,2016-05-01,2016-10-31,0
2016-12-01,25930,2016-04-30,2,,,,,,,,,,,,,,,,,,,,,,,,,,,,,,,,,,,88676801,false,false,6,2015-05-01,2015-10-31,-1
2017-03-01,25930,2017-04-30,3,364618000000,0.025,,,,,17329000000,0.456,17575000000,0.514,,11564000000,,92.77,92.54,,,,,280418000000,134855000000,0.477,,133774000000,,,,,,,,,,,,true,false,9,2016-05-01,2017-01-31,0
2017-03-01,25930,2016-04-30,3,355840000000,0.084,,,,,11898000000,0.548,11610000000,0.506,,6866000000,,54.51,54.39,,,,,,,,,,,,,,,,,,,,,true,false,9,2015-05-01,2016-01-31,-1
2017-03-01,25930,2017-04-30,3,475000000000,0.020,,,,,20500000000,0.189,19500000000,0.294,,12000000000,,94.93,,,,,,,,,,,,,,,,,,,,,,true,true,12,2016-05-01,2017-04-30,0
2017-03-01,25930,2016-04-30,3,,,,,,,,,,,,,,,,,,,,287702000000,127215000000,0.439,,126209000000,,,,,,,,,,,,true,false,12,2015-05-01,2016-04-30,-1
2017-03-01,25930,2016-04-30,3,,,,,,,,,,,,,,,,,,,,,,,,,,,,,40.00,,,,89212380,535579,,false,false,12,2015-05-01,2016-04-30,-1
2017-03-01,25930,2017-04-30,3,,,,,,,,,,,,,,,,,,,,,,,,,,,,,20.00,,,,,,,false,false,12,2016-05-01,2017-04-30,0
2017-03-01,25930,2017-04-30,3,,,,,,,,,,,,,,,,,,,,,,,,,,,,,40.00,,,,,,,false,true,12,2016-05-01,2017-04-30,0
2017-03-01,25930,2017-04-30,3,,,,,,,,,,,,,,,,,,,,,,,,,,,,,,,,,89212380,521379,88680982,false,false,9,2016-05-01,2017-01-31,0
2017-03-01,25930,2016-04-30,3,,,,,,,,,,,,,,,,,,,,,,,,,,,,,,,,,,,88676801,false,false,9,2015-05-01,2016-01-31,-1
2017-06-01,25930,2017-04-30,,475866000000,0.022,,,,,21774000000,0.263,21524000000,0.428,,13693000000,,108.77,108.50,0.105,0.073,0.046,,302405000000,136709000000,0.448,1105.09,135520000000,27098000000,-8243000000,-8012000000,64202000000,,0.368,,,,,,true,false,12,2016-05-01,2017-04-30,0
2017-06-01,25930,2016-04-30,,465579000000,0.081,,,,,17243000000,0.514,15074000000,0.342,,8615000000,,67.37,67.21,0.068,0.053,0.037,,287702000000,127215000000,0.439,1026.26,126209000000,30085000000,-8150000000,-18018000000,53259000000,,0.594,,,,,,true,false,12,2015-05-01,2016-04-30,-1
2017-06-01,25930,2018-04-30,,264800000000,0.026,,,,,14400000000,0.005,14000000000,0.035,,9000000000,,72.10,,,,,,,,,,,,,,,,,,,,,,true,true,6,2017-05-01,2017-10-31,1
2017-06-01,25930,2018-04-30,,492500000000,0.035,,,,,22600000000,0.038,22000000000,0.022,,14000000000,,111.55,,,,,,,,,,,,,,,,0.359,,,,,,true,true,12,2017-05-01,2018-04-30,1
2017-06-01,25930,2017-04-30,,371831000000,0.018,,,,,15646000000,0.311,17460000000,0.362,12095000000,,0.353,95.76,95.52,,,,,272676000000,130546000000,0.479,1063.94,130480000000,,,,,40.00,,,,89212380,519379,88683613,false,false,12,2016-05-01,2017-04-30,0
2017-06-01,25930,2016-04-30,,365276000000,0.033,,,,,11934000000,0.842,12821000000,0.850,8941000000,,1.112,70.02,69.85,,,,,259453000000,124045000000,0.478,1008.32,124005000000,,,,,40.00,,,,89212380,535579,88676801,false,false,12,2015-05-01,2016-04-30,-1
2017-06-01,25930,2018-04-30,,208515000000,0.018,,,,,11000000000,0.041,12220000000,0.109,8720000000,,0.104,69.82,,,,,,,,,,,,,,,,,,,,,,false,true,6,2017-05-01,2017-10-31,1
2017-06-01,25930,2018-04-30,,381000000000,0.025,,,,,16500000000,0.055,18300000000,0.048,13000000000,,0.075,103.38,,,,,,,,,,,,,,,40.00,,,,,,,false,true,12,2017-05-01,2018-04-30,1
2017-09-01,25930,2018-04-30,1,136451000000,0.057,,,,,6323000000,-0.031,6141000000,0.073,,3692000000,,30.15,30.07,,,,,306350000000,138078000000,0.447,,136975000000,,,,,,,,,,,,true,false,3,2017-05-01,2017-07-31,0
2017-09-01,25930,2017-04-30,1,129043000000,0.007,,,,,6524000000,0.521,5722000000,0.192,,3578000000,,29.14,29.06,,,,,,,,,,,,,,,,,,,,,true,false,3,2016-05-01,2016-07-31,-1
2017-09-01,25930,2018-04-30,1,264800000000,0.026,,,,,14400000000,0.005,14000000000,0.035,,9000000000,,72.10,,,,,,,,,,,,,,,,,,,,,,true,true,6,2017-05-01,2017-10-31,0
2017-09-01,25930,2018-04-30,1,492500000000,0.035,,,,,22600000000,0.038,22000000000,0.022,,14000000000,,111.55,,,,,,,,,,,,,,,,,,,,,,true,true,12,2017-05-01,2018-04-30,0
2017-09-01,25930,2017-04-30,1,,,,,,,,,,,,,,,,,,,,302405000000,136709000000,0.448,,135520000000,,,,,,,,,,,,true,false,12,2016-05-01,2017-04-30,-1
2017-09-01,25930,2017-04-30,1,,,,,,,,,,,,,,,,,,,,,,,,,,,,,40.00,,,,89212380,519379,,false,false,12,2016-05-01,2017-04-30,-1
2017-09-01,25930,2018-04-30,1,,,,,,,,,,,,,,,,,,,,,,,,,,,,,40.00,,,,,,,false,true,12,2017-05-01,2018-04-30,0
2017-09-01,25930,2018-04-30,1,,,,,,,,,,,,,,,,,,,,,,,,,,,,,,,,,89212380,512689,88693717,false,false,3,2017-05-01,2017-07-31,0
2017-09-01,25930,2017-04-30,1,,,,,,,,,,,,,,,,,,,,,,,,,,,,,,,,,,,88676801,false,false,3,2016-05-01,2016-07-31,-1
2017-12-01,25930,2018-04-30,2,265883000000,0.030,,,,,14496000000,0.012,14603000000,0.079,,9246000000,,74.11,73.92,,,,,304256000000,144315000000,0.471,,143192000000,,,,,,,,,,,,true,false,6,2017-05-01,2017-10-31,0
2017-12-01,25930,2017-04-30,2,258083000000,0.021,,,,,14324000000,0.430,13531000000,0.375,,8923000000,,71.27,71.09,,,,,,,,,,,,,,,,,,,,,true,false,6,2016-05-01,2016-10-31,-1
2017-12-01,25930,2018-04-30,2,492500000000,0.035,,,,,22600000000,0.038,22000000000,0.022,,14000000000,,111.55,,,,,,,,,,,,,,,,,,,,,,true,true,12,2017-05-01,2018-04-30,0
2017-12-01,25930,2017-04-30,2,,,,,,,,,,,,,,,,,,,,302405000000,136709000000,0.448,,135520000000,,,,,,,,,,,,true,false,12,2016-05-01,2017-04-30,-1
2017-12-01,25930,2017-04-30,2,,,,,,,,,,,,,,,,,,,,,,,,,,,,,40.00,,,,89212380,519379,,false,false,12,2016-05-01,2017-04-30,-1
2017-12-01,25930,2018-04-30,2,,,,,,,,,,,,,,,,,,,,,,,,,,,,,20.00,,,,,,,false,false,12,2017-05-01,2018-04-30,0
2017-12-01,25930,2018-04-30,2,,,,,,,,,,,,,,,,,,,,,,,,,,,,,40.00,,,,,,,false,true,12,2017-05-01,2018-04-30,0
2017-12-01,25930,2018-04-30,2,,,,,,,,,,,,,,,,,,,,,,,,,,,,,,,,,89212380,504689,88699004,false,false,6,2017-05-01,2017-10-31,0
2017-12-01,25930,2017-04-30,2,,,,,,,,,,,,,,,,,,,,,,,,,,,,,,,,,,,88677462,false,false,6,2016-05-01,2016-10-31,-1
2018-03-01,25930,2018-04-30,3,376371000000,0.032,,,,,16312000000,-0.059,15846000000,-0.098,,8949000000,,71.69,71.51,,,,,288135000000,141512000000,0.487,,140397000000,,,,,,,,,,,,true,false,9,2017-05-01,2018-01-31,0
2018-03-01,25930,2017-04-30,3,364618000000,0.025,,,,,17329000000,0.456,17575000000,0.514,,11564000000,,92.77,92.54,,,,,,,,,,,,,,,,,,,,,true,false,9,2016-05-01,2017-01-31,-1
2018-03-01,25930,2018-04-30,3,492800000000,0.036,,,,,22000000000,0.010,20900000000,-0.029,,12350000000,,98.07,,,,,,,,,,,,,,,,,,,,,,true,true,12,2017-05-01,2018-04-30,0
2018-03-01,25930,2017-04-30,3,,,,,,,,,,,,,,,,,,,,302405000000,136709000000,0.448,,135520000000,,,,,,,,,,,,true,false,12,2016-05-01,2017-04-30,-1
2018-03-01,25930,2017-04-30,3,,,,,,,,,,,,,,,,,,,,,,,,,,,,,40.00,,,,89212380,519379,,false,false,12,2016-05-01,2017-04-30,-1
2018-03-01,25930,2018-04-30,3,,,,,,,,,,,,,,,,,,,,,,,,,,,,,20.00,,,,,,,false,false,12,2017-05-01,2018-04-30,0
2018-03-01,25930,2018-04-30,3,,,,,,,,,,,,,,,,,,,,,,,,,,,,,40.00,,,,,,,false,true,12,2017-05-01,2018-04-30,0
2018-03-01,25930,2018-04-30,3,,,,,,,,,,,,,,,,,,,,,,,,,,,,,,,,,89212380,501542,88702763,false,false,9,2017-05-01,2018-01-31,0
2018-03-01,25930,2017-04-30,3,,,,,,,,,,,,,,,,,,,,,,,,,,,,,,,,,,,88680982,false,false,9,2016-05-01,2017-01-31,-1
2018-06-01,25930,2018-04-30,,494793000000,0.040,,,,,22043000000,0.012,21441000000,-0.004,,12553000000,,99.79,99.54,0.090,0.071,0.045,,301180000000,143750000000,0.473,1165.80,142536000000,25322000000,-11359000000,-16639000000,61376000000,,0.401,,,,,,true,false,12,2017-05-01,2018-04-30,0
2018-06-01,25930,2017-04-30,,475866000000,0.022,,,,,21774000000,0.263,21524000000,0.428,,13693000000,,108.77,108.50,0.105,0.073,0.046,,302405000000,136709000000,0.448,1105.09,135520000000,27098000000,-8243000000,-8012000000,64202000000,,0.368,,,,,,true,false,12,2016-05-01,2017-04-30,-1
2018-06-01,25930,2019-04-30,,273800000000,0.030,,,,,14800000000,0.021,14600000000,-0.000,,9000000000,,72.13,,,,,,,,,,,,,,,,,,,,,,true,true,6,2018-05-01,2018-10-31,1
2018-06-01,25930,2019-04-30,,507800000000,0.026,,,,,23000000000,0.043,22500000000,0.049,,14000000000,,111.61,,,,,,,,,,,,,,,,0.358,,,,,,true,true,12,2018-05-01,2019-04-30,1
2018-06-01,25930,2018-04-30,,383212000000,0.031,,,,,15394000000,-0.016,17142000000,-0.018,12069000000,,-0.002,95.84,95.60,,,,,270770000000,137199000000,0.506,1121.29,137101000000,,,,,40.00,,,,89212380,499602,88704891,false,false,12,2017-05-01,2018-04-30,0
2018-06-01,25930,2017-04-30,,371831000000,0.018,,,,,15646000000,0.311,17460000000,0.362,12095000000,,0.353,95.76,95.52,,,,,272676000000,130546000000,0.479,1063.94,130480000000,,,,,40.00,,,,89212380,519379,88683613,false,false,12,2016-05-01,2017-04-30,-1
2018-06-01,25930,2019-04-30,,215500000000,0.034,,,,,10900000000,0.026,11950000000,-0.025,8000000000,,-0.080,63.96,,,,,,,,,,,,,,,,,,,,,,false,true,6,2018-05-01,2018-10-31,1
2018-06-01,25930,2019-04-30,,394300000000,0.029,,,,,16500000000,0.072,18180000000,0.061,12300000000,,0.019,97.72,,,,,,,,,,,,,,,40.00,,,,,,,false,true,12,2018-05-01,2019-04-30,1
2018-09-03,25930,2019-04-30,1,139568000000,0.023,,,,,6068000000,-0.040,6381000000,0.039,,3431000000,,28.13,28.06,,,,,305426000000,143648000000,0.466,,142336000000,,,,,,,,,,,,true,false,3,2018-05-01,2018-07-31,0
2018-09-03,25930,2018-04-30,1,136451000000,0.057,,,,,6323000000,-0.031,6141000000,0.073,,3692000000,,30.15,30.07,,,,,,,,,,,,,,,,,,,,,true,false,3,2017-05-01,2017-07-31,-1
2018-09-03,25930,2019-04-30,1,273800000000,0.030,,,,,14800000000,0.021,14600000000,-0.000,,9000000000,,72.13,,,,,,,,,,,,,,,,,,,,,,true,true,6,2018-05-01,2018-10-31,0
2018-09-03,25930,2019-04-30,1,507800000000,0.026,,,,,23000000000,0.043,22500000000,0.049,,14000000000,,111.61,,,,,,,,,,,,,,,,,,,,,,true,true,12,2018-05-01,2019-04-30,0
2018-09-03,25930,2018-04-30,1,,,,,,,,,,,,,,,,,,,,301167000000,143750000000,0.473,,142536000000,,,,,,,,,,,,true,false,12,2017-05-01,2018-04-30,-1
2018-09-03,25930,2018-04-30,1,,,,,,,,,,,,,,,,,,,,,,,,,,,,,40.00,,,,89212380,499602,,false,false,12,2017-05-01,2018-04-30,-1
2018-09-03,25930,2019-04-30,1,,,,,,,,,,,,,,,,,,,,,,,,,,,,,40.00,,,,,,,false,true,12,2018-05-01,2019-04-30,0
2018-09-03,25930,2019-04-30,1,,,,,,,,,,,,,,,,,,,,,,,,,,,,,,,,,89212380,696402,88617488,false,false,3,2018-05-01,2018-07-31,0
2018-09-03,25930,2018-04-30,1,,,,,,,,,,,,,,,,,,,,,,,,,,,,,,,,,,,88693717,false,false,3,2017-05-01,2017-07-31,-1
2018-12-03,25930,2019-04-30,2,275468000000,0.036,,,,,13212000000,-0.089,13819000000,-0.054,,8698000000,,70.00,69.83,,,,,306172000000,149008000000,0.482,,147621000000,,,,,,,,,,,,true,false,6,2018-05-01,2018-10-31,0
2018-12-03,25930,2018-04-30,2,265883000000,0.030,,,,,14496000000,0.012,14603000000,0.079,,9246000000,,74.11,73.92,,,,,,,,,,,,,,,,,,,,,true,false,6,2017-05-01,2017-10-31,-1
2018-12-03,25930,2019-04-30,2,507800000000,0.026,,,,,23000000000,0.043,22500000000,0.049,,14000000000,,111.61,,,,,,,,,,,,,,,,,,,,,,true,true,12,2018-05-01,2019-04-30,0
2018-12-03,25930,2018-04-30,2,,,,,,,,,,,,,,,,,,,,301167000000,143750000000,0.473,,142536000000,,,,,,,,,,,,true,false,12,2017-05-01,2018-04-30,-1
2018-12-03,25930,2018-04-30,2,,,,,,,,,,,,,,,,,,,,,,,,,,,,,40.00,,,,89212380,499602,,false,false,12,2017-05-01,2018-04-30,-1
2018-12-03,25930,2019-04-30,2,,,,,,,,,,,,,,,,,,,,,,,,,,,,,20.00,,,,,,,false,false,12,2018-05-01,2019-04-30,0
2018-12-03,25930,2019-04-30,2,,,,,,,,,,,,,,,,,,,,,,,,,,,,,40.00,,,,,,,false,true,12,2018-05-01,2019-04-30,0
2018-12-03,25930,2019-04-30,2,,,,,,,,,,,,,,,,,,,,,,,,,,,,,,,,,89212380,660832,88582223,false,false,6,2018-05-01,2018-10-31,0
2018-12-03,25930,2018-04-30,2,,,,,,,,,,,,,,,,,,,,,,,,,,,,,,,,,,,88699004,false,false,6,2017-05-01,2017-10-31,-1
2019-03-01,25930,2019-04-30,3,389099000000,0.034,,,,,16437000000,0.008,16584000000,0.047,,10258000000,,82.82,82.63,,,,,285372000000,146672000000,0.509,,145212000000,,,,,,,,,,,,true,false,9,2018-05-01,2019-01-31,0
2019-03-01,25930,2018-04-30,3,376371000000,0.032,,,,,16312000000,-0.059,15846000000,-0.098,,8949000000,,71.69,71.51,,,,,,,,,,,,,,,,,,,,,true,false,9,2017-05-01,2018-01-31,-1
2019-03-01,25930,2019-04-30,3,507800000000,0.026,,,,,23000000000,0.043,22500000000,0.049,,14000000000,,111.61,,,,,,,,,,,,,,,,,,,,,,true,true,12,2018-05-01,2019-04-30,0
2019-03-01,25930,2018-04-30,3,,,,,,,,,,,,,,,,,,,,301167000000,143750000000,0.473,,142536000000,,,,,,,,,,,,true,false,12,2017-05-01,2018-04-30,-1
2019-03-01,25930,2018-04-30,3,,,,,,,,,,,,,,,,,,,,,,,,,,,,,40.00,,,,89212380,499602,,false,false,12,2017-05-01,2018-04-30,-1
2019-03-01,25930,2019-04-30,3,,,,,,,,,,,,,,,,,,,,,,,,,,,,,20.00,,,,,,,false,false,12,2018-05-01,2019-04-30,0
2019-03-01,25930,2019-04-30,3,,,,,,,,,,,,,,,,,,,,,,,,,,,,,40.00,,,,,,,false,true,12,2018-05-01,2019-04-30,0
2019-03-01,25930,2019-04-30,3,,,,,,,,,,,,,,,,,,,,,,,,,,,,,,,,,89212380,659872,88572201,false,false,9,2018-05-01,2019-01-31,0
2019-03-01,25930,2018-04-30,3,,,,,,,,,,,,,,,,,,,,,,,,,,,,,,,,,,,88702763,false,false,9,2017-05-01,2018-01-31,-1
2019-06-03,25930,2019-04-30,,504153000000,0.019,,,,,22819000000,0.035,23211000000,0.083,,14462000000,,116.02,115.74,0.099,0.077,0.045,,303981000000,150923000000,0.492,1229.28,149661000000,26128000000,-10635000000,-15005000000,61950000000,,0.345,,,,,,true,false,12,2018-05-01,2019-04-30,0
2019-06-03,25930,2018-04-30,,494793000000,0.040,,,,,22043000000,0.012,21441000000,-0.004,,12553000000,,99.79,99.54,0.090,0.071,0.045,,301167000000,143750000000,0.473,1165.80,142536000000,25322000000,-11359000000,-16639000000,61376000000,,0.401,,,,,,true,false,12,2017-05-01,2018-04-30,-1
2019-06-03,25930,2020-04-30,,276500000000,0.004,,,,,13400000000,0.014,14000000000,0.013,,9000000000,,72.75,,,,,,,,,,,,,,,,,,,,,,true,true,6,2019-05-01,2019-10-31,1
2019-06-03,25930,2020-04-30,,510000000000,0.012,,,,,23000000000,0.008,22800000000,-0.018,,14200000000,,114.21,,,,,,,,,,,,,,,,0.350,,,,,,true,true,12,2019-05-01,2020-04-30,1
2019-06-03,25930,2019-04-30,,394495000000,0.029,,,,,15851000000,0.030,18600000000,0.085,13282000000,,0.100,106.33,106.08,,,,,270427000000,142830000000,0.528,1172.01,142696000000,,,,,40.00,,,,89212380,656736,88567561,false,false,12,2018-05-01,2019-04-30,0
2019-06-03,25930,2018-04-30,,383212000000,0.031,,,,,15394000000,-0.016,17142000000,-0.018,12069000000,,-0.002,95.84,95.60,,,,,270770000000,137199000000,0.506,1121.29,137101000000,,,,,40.00,,,,89212380,499602,88704891,false,false,12,2017-05-01,2018-04-30,-1
2019-06-03,25930,2020-04-30,,218740000000,0.005,,,,,9800000000,0.067,11000000000,0.010,7900000000,,0.035,63.69,,,,,,,,,,,,,,,,,,,,,,false,true,6,2019-05-01,2019-10-31,1
2019-06-03,25930,2020-04-30,,400500000000,0.015,,,,,16200000000,0.022,18100000000,-0.027,13000000000,,-0.021,104.33,,,,,,,,,,,,,,,40.00,,,,,,,false,true,12,2019-05-01,2020-04-30,1
2019-09-02,25930,2020-04-30,1,130367000000,-0.066,,,,,6207000000,0.023,5882000000,-0.078,,3658000000,,30.13,30.06,,,,,301353000000,148911000000,0.490,,147775000000,,,,,,,,,,,,true,false,3,2019-05-01,2019-07-31,0
2019-09-02,25930,2019-04-30,1,139568000000,0.023,,,,,6068000000,-0.040,6381000000,0.039,,3431000000,,28.13,28.06,,,,,,,,,,,,,,,,,,,,,true,false,3,2018-05-01,2018-07-31,-1
2019-09-02,25930,2020-04-30,1,276500000000,0.004,,,,,13400000000,0.014,14000000000,0.013,,9000000000,,72.75,,,,,,,,,,,,,,,,,,,,,,true,true,6,2019-05-01,2019-10-31,0
2019-09-02,25930,2020-04-30,1,510000000000,0.012,,,,,23000000000,0.008,22800000000,-0.018,,14200000000,,114.21,,,,,,,,,,,,,,,,,,,,,,true,true,12,2019-05-01,2020-04-30,0
2019-09-02,25930,2019-04-30,1,,,,,,,,,,,,,,,,,,,,303981000000,150923000000,0.492,,149661000000,,,,,,,,,,,,true,false,12,2018-05-01,2019-04-30,-1
2019-09-02,25930,2019-04-30,1,,,,,,,,,,,,,,,,,,,,,,,,,,,,,40.00,,,,89212380,656736,,false,false,12,2018-05-01,2019-04-30,-1
2019-09-02,25930,2020-04-30,1,,,,,,,,,,,,,,,,,,,,,,,,,,,,,40.00,,,,,,,false,true,12,2019-05-01,2020-04-30,0
2019-09-02,25930,2020-04-30,1,,,,,,,,,,,,,,,,,,,,,,,,,,,,,,,,,89212380,1032268,88374191,false,false,3,2019-05-01,2019-07-31,0
2019-09-02,25930,2019-04-30,1,,,,,,,,,,,,,,,,,,,,,,,,,,,,,,,,,,,88617488,false,false,3,2018-05-01,2018-07-31,-1
2019-12-02,25930,2020-04-30,2,265471000000,-0.036,,,,,14107000000,0.068,13872000000,0.004,,8925000000,,72.20,72.03,,,,,303085000000,154399000000,0.505,,153168000000,,,,,,,,,,,,true,false,6,2019-05-01,2019-10-31,0
2019-12-02,25930,2019-04-30,2,275468000000,0.036,,,,,13212000000,-0.089,13819000000,-0.054,,8698000000,,70.00,69.83,,,,,,,,,,,,,,,,,,,,,true,false,6,2018-05-01,2018-10-31,-1
2019-12-02,25930,2020-04-30,2,498000000000,-0.012,,,,,23000000000,0.008,22800000000,-0.018,,14200000000,,114.21,,,,,,,,,,,,,,,,,,,,,,true,true,12,2019-05-01,2020-04-30,0
2019-12-02,25930,2019-04-30,2,,,,,,,,,,,,,,,,,,,,303981000000,150923000000,0.492,,149661000000,,,,,,,,,,,,true,false,12,2018-05-01,2019-04-30,-1
2019-12-02,25930,2019-04-30,2,,,,,,,,,,,,,,,,,,,,,,,,,,,,,40.00,,,,89212380,656736,,false,false,12,2018-05-01,2019-04-30,-1
2019-12-02,25930,2020-04-30,2,,,,,,,,,,,,,,,,,,,,,,,,,,,,,20.00,,,,,,,false,false,12,2019-05-01,2020-04-30,0
2019-12-02,25930,2020-04-30,2,,,,,,,,,,,,,,,,,,,,,,,,,,,,,40.00,,,,,,,false,true,12,2019-05-01,2020-04-30,0
2019-12-02,25930,2020-04-30,2,,,,,,,,,,,,,,,,,,,,,,,,,,,,,,,,,89212380,1030968,88277554,false,false,6,2019-05-01,2019-10-31,0
2019-12-02,25930,2019-04-30,2,,,,,,,,,,,,,,,,,,,,,,,,,,,,,,,,,,,88582223,false,false,6,2018-05-01,2018-10-31,-1
2020-03-02,25930,2020-04-30,3,379214000000,-0.025,,,,,17852000000,0.086,17690000000,0.067,,11299000000,,91.79,91.57,,,,,291072000000,154229000000,0.525,,152808000000,,,,,,,,,,,,true,false,9,2019-05-01,2020-01-31,0
2020-03-02,25930,2019-04-30,3,389099000000,0.034,,,,,16437000000,0.008,16584000000,0.047,,10258000000,,82.82,82.63,,,,,,,,,,,,,,,,,,,,,true,false,9,2018-05-01,2019-01-31,-1
2020-03-02,25930,2020-04-30,3,498000000000,-0.012,,,,,23000000000,0.008,22800000000,-0.018,,14200000000,,114.21,,,,,,,,,,,,,,,,,,,,,,true,true,12,2019-05-01,2020-04-30,0
2020-03-02,25930,2019-04-30,3,,,,,,,,,,,,,,,,,,,,303981000000,150923000000,0.492,,149661000000,,,,,,,,,,,,true,false,12,2018-05-01,2019-04-30,-1
2020-03-02,25930,2019-04-30,3,,,,,,,,,,,,,,,,,,,,,,,,,,,,,40.00,,,,89212380,656736,,false,false,12,2018-05-01,2019-04-30,-1
2020-03-02,25930,2020-04-30,3,,,,,,,,,,,,,,,,,,,,,,,,,,,,,20.00,,,,,,,false,false,12,2019-05-01,2020-04-30,0
2020-03-02,25930,2020-04-30,3,,,,,,,,,,,,,,,,,,,,,,,,,,,,,40.00,,,,,,,false,true,12,2019-05-01,2020-04-30,0
2020-03-02,25930,2020-04-30,3,,,,,,,,,,,,,,,,,,,,,,,,,,,,,,,,,89212380,1025928,88246287,false,false,9,2019-05-01,2020-01-31,0
2020-03-02,25930,2019-04-30,3,,,,,,,,,,,,,,,,,,,,,,,,,,,,,,,,,,,88572201,false,false,9,2018-05-01,2019-01-31,-1
2020-06-05,25930,2020-04-30,,483000000000,-0.030,,,,,19900000000,-0.135,19400000000,-0.149,7700000000,,-0.458,61.00,,,,,,,,,,,,,,,,,,,,,,true,true,12,2019-05-01,2020-04-30,0
2020-06-05,25930,2019-04-30,,504153000000,,,,,,22819000000,,23211000000,,14462000000,,,116.02,,,,,,,,,,,,,,,,,,,,,,true,false,12,2018-05-01,2019-04-30,-1
2020-06-15,25930,2020-04-30,,483360000000,-0.041,,,,,19940000000,-0.126,19432000000,-0.163,,7793000000,,61.53,61.38,0.052,0.065,0.041,,290651000000,149695000000,0.510,1221.92,148315000000,24719000000,-9217000000,-12905000000,63710000000,,0.650,,,,,,true,false,12,2019-05-01,2020-04-30,0
2020-06-15,25930,2019-04-30,,504153000000,0.019,,,,,22819000000,0.035,23211000000,0.083,,14462000000,,116.02,115.74,0.099,0.077,0.045,,303981000000,150923000000,0.492,1229.28,149661000000,26128000000,-10635000000,-15005000000,61950000000,,0.345,,,,,,true,false,12,2018-05-01,2019-04-30,-1
2020-06-15,25930,2021-04-30,,481000000000,-0.005,,,,,20000000000,0.003,19800000000,0.019,,13000000000,,104.46,,,,,,,,,,,,,,,,0.383,,,,,,true,true,12,2020-05-01,2021-04-30,1
2020-06-15,25930,2020-04-30,,377787000000,-0.042,,,,,16626000000,0.049,18142000000,-0.025,13148000000,,-0.010,105.69,105.44,,,,,266436000000,147918000000,0.555,1217.27,147751000000,,,,,40.00,,,,89212380,1023467,88231914,false,false,12,2019-05-01,2020-04-30,0
2020-06-15,25930,2019-04-30,,394495000000,0.029,,,,,15851000000,0.030,18600000000,0.085,13282000000,,0.100,106.33,106.08,,,,,270427000000,142830000000,0.528,1172.01,142696000000,,,,,40.00,,,,89212380,656736,88567561,false,false,12,2018-05-01,2019-04-30,-1
2020-06-15,25930,2021-04-30,,376200000000,-0.004,,,,,16700000000,0.004,18600000000,0.025,13200000000,,0.004,106.11,,,,,,,,,,,,,,,40.00,,,,,,,false,true,12,2020-05-01,2021-04-30,1
2020-09-01,25930,2021-04-30,1,112714000000,-0.135,,,,,4216000000,-0.321,3984000000,-0.323,,1993000000,,16.44,16.40,,,,,305246000000,148865000000,0.483,,147569000000,,,,,,,,,,,,true,false,3,2020-05-01,2020-07-31,0
2020-09-01,25930,2020-04-30,1,130367000000,-0.066,,,,,6207000000,0.023,5882000000,-0.078,,3658000000,,30.13,30.06,,,,,,,,,,,,,,,,,,,,,true,false,3,2019-05-01,2019-07-31,-1
2020-09-01,25930,2021-04-30,1,481000000000,-0.005,,,,,20000000000,0.003,19800000000,0.019,,13000000000,,104.46,,,,,,,,,,,,,,,,,,,,,,true,true,12,2020-05-01,2021-04-30,0
2020-09-01,25930,2020-04-30,1,,,,,,,,,,,,,,,,,,,,290651000000,149695000000,0.510,,148315000000,,,,,,,,,,,,true,false,12,2019-05-01,2020-04-30,-1
2020-09-01,25930,2020-04-30,1,,,,,,,,,,,,,,,,,,,,,,,,,,,,,40.00,,,,89212380,1023467,,false,false,12,2019-05-01,2020-04-30,-1
2020-09-01,25930,2021-04-30,1,,,,,,,,,,,,,,,,,,,,,,,,,,,,,40.00,,,,,,,false,true,12,2020-05-01,2021-04-30,0
2020-09-01,25930,2021-04-30,1,,,,,,,,,,,,,,,,,,,,,,,,,,,,,,,,,89212380,1023467,88188913,false,false,3,2020-05-01,2020-07-31,0
2020-09-01,25930,2020-04-30,1,,,,,,,,,,,,,,,,,,,,,,,,,,,,,,,,,,,88374191,false,false,3,2019-05-01,2019-07-31,-1
2020-12-01,25930,2021-04-30,2,236585000000,-0.109,,,,,8610000000,-0.390,8317000000,-0.400,,4596000000,,36.54,36.46,,,,,303900000000,151719000000,0.495,,150370000000,,,,,,,,,,,,true,false,6,2020-05-01,2020-10-31,0
2020-12-01,25930,2020-04-30,2,265471000000,-0.036,,,,,14107000000,0.068,13872000000,0.004,,8925000000,,72.20,72.03,,,,,,,,,,,,,,,,,,,,,true,false,6,2019-05-01,2019-10-31,-1
2020-12-01,25930,2021-04-30,2,450000000000,-0.069,,,,,12300000000,-0.383,12100000000,-0.377,,5800000000,,45.09,,,,,,,,,,,,,,,,,,,,,,true,true,12,2020-05-01,2021-04-30,0
2020-12-01,25930,2020-04-30,2,,,,,,,,,,,,,,,,,,,,290651000000,149695000000,0.510,,148315000000,,,,,,,,,,,,true,false,12,2019-05-01,2020-04-30,-1
2020-12-01,25930,2020-04-30,2,,,,,,,,,,,,,,,,,,,,,,,,,,,,,40.00,,,,89212380,1023467,,false,false,12,2019-05-01,2020-04-30,-1
2020-12-01,25930,2021-04-30,2,,,,,,,,,,,,,,,,,,,,,,,,,,,,,20.00,,,,,,,false,false,12,2020-05-01,2021-04-30,0
2020-12-01,25930,2021-04-30,2,,,,,,,,,,,,,,,,,,,,,,,,,,,,,40.00,,,,,,,false,true,12,2020-05-01,2021-04-30,0
2020-12-01,25930,2021-04-30,2,,,,,,,,,,,,,,,,,,,,,,,,,,,,,,,,,89212380,1013467,88191927,false,false,6,2020-05-01,2020-10-31,0
2020-12-01,25930,2020-04-30,2,,,,,,,,,,,,,,,,,,,,,,,,,,,,,,,,,,,88277554,false,false,6,2019-05-01,2019-10-31,-1
2021-03-01,25930,2021-04-30,3,338641000000,-0.107,,,,,10436000000,-0.415,10240000000,-0.421,,5754000000,,46.10,45.99,,,,,285377000000,150758000000,0.523,,149366000000,,,,,,,,,,,,true,false,9,2020-05-01,2021-01-31,0
2021-03-01,25930,2020-04-30,3,379214000000,-0.025,,,,,17852000000,0.086,17690000000,0.067,,11299000000,,91.79,91.57,,,,,,,,,,,,,,,,,,,,,true,false,9,2019-05-01,2020-01-31,-1
2021-03-01,25930,2021-04-30,3,450000000000,-0.069,,,,,12300000000,-0.383,12100000000,-0.377,,5800000000,,45.09,,,,,,,,,,,,,,,,,,,,,,true,true,12,2020-05-01,2021-04-30,0
2021-03-01,25930,2020-04-30,3,,,,,,,,,,,,,,,,,,,,290651000000,149695000000,0.510,,148315000000,,,,,,,,,,,,true,false,12,2019-05-01,2020-04-30,-1
2021-03-01,25930,2020-04-30,3,,,,,,,,,,,,,,,,,,,,,,,,,,,,,40.00,,,,89212380,1023467,,false,false,12,2019-05-01,2020-04-30,-1
2021-03-01,25930,2021-04-30,3,,,,,,,,,,,,,,,,,,,,,,,,,,,,,20.00,,,,,,,false,false,12,2020-05-01,2021-04-30,0
2021-03-01,25930,2021-04-30,3,,,,,,,,,,,,,,,,,,,,,,,,,,,,,40.00,,,,,,,false,true,12,2020-05-01,2021-04-30,0
2021-03-01,25930,2021-04-30,3,,,,,,,,,,,,,,,,,,,,,,,,,,,,,,,,,89212380,1013467,88194255,false,false,9,2020-05-01,2021-01-31,0
2021-03-01,25930,2020-04-30,3,,,,,,,,,,,,,,,,,,,,,,,,,,,,,,,,,,,88246287,false,false,9,2019-05-01,2020-01-31,-1
2021-06-01,25930,2021-04-30,,446281000000,-0.077,,,,,16675000000,-0.164,17029000000,-0.124,,7011000000,,55.10,54.97,0.047,0.055,0.037,,333065000000,153057000000,0.456,1250.37,151773000000,25351000000,-7514000000,25813000000,107763000000,,0.726,,,,,,true,false,12,2020-05-01,2021-04-30,0
2021-06-01,25930,2020-04-30,,483360000000,-0.041,,,,,19940000000,-0.126,19432000000,-0.163,,7793000000,,61.53,61.38,0.052,0.065,0.041,,290651000000,149695000000,0.510,1221.92,148315000000,24719000000,-9217000000,-12905000000,63710000000,,0.650,,,,,,true,false,12,2019-05-01,2020-04-30,-1
2021-06-01,25930,2022-04-30,,215900000000,,,,,,10500000000,0.219,10400000000,0.250,,6800000000,,54.72,,,,,,,,,,,,,,,,,,,,,,true,true,6,2021-05-01,2021-10-31,1
2021-06-01,25930,2022-04-30,,410000000000,,,,,,20000000000,0.199,19800000000,0.163,,12800000000,,102.84,,,,,,,,,,,,,,,,0.389,,,,,,true,true,12,2021-05-01,2022-04-30,1
2021-06-01,25930,2021-04-30,,352732000000,-0.066,,,,,15759000000,-0.052,17565000000,-0.032,7115000000,,-0.459,55.96,55.83,,,,,296470000000,150501000000,0.507,1238.65,150353000000,,,,,40.00,,,,89212380,1012267,88195444,false,false,12,2020-05-01,2021-04-30,0
2021-06-01,25930,2020-04-30,,377787000000,-0.042,,,,,16626000000,0.049,18142000000,-0.025,13148000000,,-0.010,105.69,105.44,,,,,266436000000,147918000000,0.555,1217.27,147751000000,,,,,40.00,,,,89212380,1023467,88231914,false,false,12,2019-05-01,2020-04-30,-1
2021-06-01,25930,2022-04-30,,166000000000,,,,,,9500000000,0.131,10100000000,0.077,7000000000,,0.030,56.37,,,,,,,,,,,,,,,,,,,,,,false,true,6,2021-05-01,2021-10-31,1
2021-06-01,25930,2022-04-30,,311000000000,,,,,,17000000000,0.079,17600000000,0.002,11400000000,,0.602,91.30,,,,,,,,,,,,,,,40.00,,,,,,,false,true,12,2021-05-01,2022-04-30,1
2021-09-01,2593,2022-04-30,1,105775000000,,,,,,6312000000,0.497,6461000000,0.622,,4464000000,,36.82,36.74,,,,,337902000000,154501000000,0.454,,153290000000,,,,,,,,,,,,true,false,3,2021-05-01,2021-07-31,0
2021-09-01,2593,2021-04-30,1,112714000000,-0.135,,,,,4216000000,-0.321,3984000000,-0.323,,1993000000,,16.44,16.40,,,,,,,,,,,,,,,,,,,,,true,false,3,2020-05-01,2020-07-31,-1
2021-09-01,2593,2022-04-30,1,215900000000,,,,,,10500000000,0.219,10400000000,0.250,,6800000000,,54.72,,,,,,,,,,,,,,,,,,,,,,true,true,6,2021-05-01,2021-10-31,0
2021-09-01,2593,2022-04-30,1,410000000000,,,,,,20000000000,0.199,19800000000,0.163,,12800000000,,102.84,,,,,,,,,,,,,,,,,,,,,,true,true,12,2021-05-01,2022-04-30,0
2021-09-01,2593,2021-04-30,1,,,,,,,,,,,,,,,,,,,,333065000000,153057000000,0.456,,151773000000,,,,,,,,,,,,true,false,12,2020-05-01,2021-04-30,-1
2021-09-01,2593,2021-04-30,1,,,,,,,,,,,,,,,,,,,,,,,,,,,,,40.00,,,,89212380,1012267,,false,false,12,2020-05-01,2021-04-30,-1
2021-09-01,2593,2022-04-30,1,,,,,,,,,,,,,,,,,,,,,,,,,,,,,40.00,,,,,,,false,true,12,2021-05-01,2022-04-30,0
2021-09-01,2593,2022-04-30,1,,,,,,,,,,,,,,,,,,,,,,,,,,,,,,,,,89212380,1008517,88202620,false,false,3,2021-05-01,2021-07-31,0
2021-09-01,2593,2021-04-30,1,,,,,,,,,,,,,,,,,,,,,,,,,,,,,,,,,,,88188913,false,false,3,2020-05-01,2020-07-31,-1
2021-12-01,2593,2022-04-30,2,208716000000,,,,,,10856000000,0.261,11303000000,0.359,,7752000000,,62.57,62.43,,,,,335462000000,158609000000,0.469,,157333000000,,,,,,,,,,,,true,false,6,2021-05-01,2021-10-31,0
2021-12-01,2593,2021-04-30,2,236585000000,-0.109,,,,,8610000000,-0.390,8317000000,-0.400,,4596000000,,36.54,36.46,,,,,,,,,,,,,,,,,,,,,true,false,6,2020-05-01,2020-10-31,-1
2021-12-01,2593,2022-04-30,2,403100000000,,,,,,20000000000,0.199,19800000000,0.163,,12800000000,,102.84,,,,,,,,,,,,,,,,,,,,,,true,true,12,2021-05-01,2022-04-30,0
2021-12-01,2593,2021-04-30,2,,,,,,,,,,,,,,,,,,,,333065000000,153057000000,0.456,,151773000000,,,,,,,,,,,,true,false,12,2020-05-01,2021-04-30,-1
2021-12-01,2593,2021-04-30,2,,,,,,,,,,,,,,,,,,,,,,,,,,,,,40.00,,,,89212380,1012267,,false,false,12,2020-05-01,2021-04-30,-1
2021-12-01,2593,2022-04-30,2,,,,,,,,,,,,,,,,,,,,,,,,,,,,,20.00,,,,,,,false,false,12,2021-05-01,2022-04-30,0
2021-12-01,2593,2022-04-30,2,,,,,,,,,,,,,,,,,,,,,,,,,,,,,40.00,,,,,,,false,true,12,2021-05-01,2022-04-30,0
2021-12-01,2593,2022-04-30,2,,,,,,,,,,,,,,,,,,,,,,,,,,,,,,,,,89212380,1004852,88204456,false,false,6,2021-05-01,2021-10-31,0
2021-12-01,2593,2021-04-30,2,,,,,,,,,,,,,,,,,,,,,,,,,,,,,,,,,,,88191927,false,false,6,2020-05-01,2020-10-31,-1
2022-03-01,2593,2022-04-30,3,303626000000,,,,,,14111000000,0.352,14656000000,0.431,,10338000000,,83.90,83.71,,,,,325044000000,158727000000,0.484,,157359000000,,,,,,,,,,,,true,false,9,2021-05-01,2022-01-31,0
2022-03-01,2593,2021-04-30,3,338641000000,-0.107,,,,,10436000000,-0.415,10240000000,-0.421,,5754000000,,46.10,45.99,,,,,,,,,,,,,,,,,,,,,true,false,9,2020-05-01,2021-01-31,-1
2022-03-01,2593,2022-04-30,3,403100000000,,,,,,20000000000,0.199,19800000000,0.163,,12800000000,,102.84,,,,,,,,,,,,,,,,,,,,,,true,true,12,2021-05-01,2022-04-30,0
2022-03-01,2593,2021-04-30,3,,,,,,,,,,,,,,,,,,,,333065000000,153057000000,0.456,,151773000000,,,,,,,,,,,,true,false,12,2020-05-01,2021-04-30,-1
2022-03-01,2593,2021-04-30,3,,,,,,,,,,,,,,,,,,,,,,,,,,,,,40.00,,,,89212380,1012267,,false,false,12,2020-05-01,2021-04-30,-1
2022-03-01,2593,2022-04-30,3,,,,,,,,,,,,,,,,,,,,,,,,,,,,,20.00,,,,,,,false,false,12,2021-05-01,2022-04-30,0
2022-03-01,2593,2022-04-30,3,,,,,,,,,,,,,,,,,,,,,,,,,,,,,40.00,,,,,,,false,true,12,2021-05-01,2022-04-30,0
2022-03-01,2593,2022-04-30,3,,,,,,,,,,,,,,,,,,,,,,,,,,,,,,,,,89212380,1004852,88205480,false,false,9,2021-05-01,2022-01-31,0
2022-03-01,2593,2021-04-30,3,,,,,,,,,,,,,,,,,,,,,,,,,,,,,,,,,,,88194255,false,false,9,2020-05-01,2021-01-31,-1
2022-06-01,2593,2022-04-30,,400769000000,,,,,,18794000000,0.127,19971000000,0.173,,12928000000,,103.92,103.69,0.082,0.060,0.047,,328359000000,163012000000,0.492,1334.88,161640000000,22226000000,-7397000000,-29930000000,94471000000,,0.385,,,,,,true,false,12,2021-05-01,2022-04-30,0
2022-06-01,2593,2021-04-30,,446281000000,-0.077,,,,,16675000000,-0.164,17029000000,-0.124,,7011000000,,55.10,54.97,0.047,0.055,0.037,,333065000000,153057000000,0.456,1250.37,151773000000,25351000000,-7514000000,25813000000,107763000000,,0.726,,,,,,true,false,12,2020-05-01,2021-04-30,-1
2022-06-01,2593,2023-04-30,,220100000000,0.055,,,,,11600000000,0.068,11500000000,0.017,,7100000000,,57.21,,,,,,,,,,,,,,,,,,,,,,true,true,6,2022-05-01,2022-10-31,1
2022-06-01,2593,2023-04-30,,418000000000,0.043,,,,,20000000000,0.064,19500000000,-0.024,,12000000000,,96.28,,,,,,,,,,,,,,,,0.415,,,,,,true,true,12,2022-05-01,2023-04-30,1
2022-06-01,2593,2022-04-30,,300319000000,,,,,,15685000000,-0.005,17409000000,-0.009,12360000000,,0.737,99.24,99.02,,,,,278776000000,156444000000,0.561,1290.96,156327000000,,,,,40.00,,,,89212380,1004852,88205979,false,false,12,2021-05-01,2022-04-30,0
2022-06-01,2593,2021-04-30,,352732000000,-0.066,,,,,15759000000,-0.052,17565000000,-0.032,7115000000,,-0.459,55.96,55.83,,,,,296470000000,150501000000,0.507,1238.65,150353000000,,,,,40.00,,,,89212380,1012267,88195444,false,false,12,2020-05-01,2021-04-30,-1
2022-06-01,2593,2023-04-30,,167600000000,0.051,,,,,10470000000,0.144,11500000000,0.133,8000000000,,0.137,64.64,,,,,,,,,,,,,,,,,,,,,,false,true,6,2022-05-01,2022-10-31,1
2022-06-01,2593,2023-04-30,,312500000000,0.041,,,,,16500000000,0.052,17800000000,0.022,12200000000,,-0.013,97.93,,,,,,,,,,,,,,,40.00,,,,,,,false,true,12,2022-05-01,2023-04-30,1
2022-09-01,2593,2023-04-30,1,113225000000,0.070,,,,,6002000000,-0.049,6701000000,0.037,,4217000000,,34.86,34.78,,,,,333869000000,165205000000,0.491,,163906000000,,,,,,,,,,,,true,false,3,2022-05-01,2022-07-31,0
2022-09-01,2593,2022-04-30,1,105775000000,,,,,,6312000000,0.497,6461000000,0.622,,4464000000,,36.82,36.74,,,,,,,,,,,,,,,,,,,,,true,false,3,2021-05-01,2021-07-31,-1
2022-09-01,2593,2023-04-30,1,220100000000,0.055,,,,,11600000000,0.068,11500000000,0.017,,7100000000,,57.21,,,,,,,,,,,,,,,,,,,,,,true,true,6,2022-05-01,2022-10-31,0
2022-09-01,2593,2023-04-30,1,418000000000,0.043,,,,,20000000000,0.064,19500000000,-0.024,,12000000000,,96.28,,,,,,,,,,,,,,,,,,,,,,true,true,12,2022-05-01,2023-04-30,0
2022-09-01,2593,2022-04-30,1,,,,,,,,,,,,,,,,,,,,328359000000,163012000000,0.492,,161640000000,,,,,,,,,,,,true,false,12,2021-05-01,2022-04-30,-1
2022-09-01,2593,2022-04-30,1,,,,,,,,,,,,,,,,,,,,,,,,,,,,,40.00,,,,89212380,1004852,,false,false,12,2021-05-01,2022-04-30,-1
2022-09-01,2593,2023-04-30,1,,,,,,,,,,,,,,,,,,,,,,,,,,,,,40.00,,,,,,,false,true,12,2022-05-01,2023-04-30,0
2022-09-01,2593,2023-04-30,1,,,,,,,,,,,,,,,,,,,,,,,,,,,,,,,,,89212380,1000952,88208624,false,false,3,2022-05-01,2022-07-31,0
2022-09-01,2593,2022-04-30,1,,,,,,,,,,,,,,,,,,,,,,,,,,,,,,,,,,,88202620,false,false,3,2021-05-01,2021-07-31,-1
2022-12-01,2593,2023-04-30,2,227262000000,0.089,,,,,11335000000,0.044,12548000000,0.110,,7923000000,,64.14,64.01,,,,,338351000000,170754000000,0.501,,169355000000,,,,,,,,,,,,true,false,6,2022-05-01,2022-10-31,0
2022-12-01,2593,2022-04-30,2,208716000000,,,,,,10856000000,0.261,11303000000,0.359,,7752000000,,62.57,62.43,,,,,,,,,,,,,,,,,,,,,true,false,6,2021-05-01,2021-10-31,-1
2022-12-01,2593,2023-04-30,2,418000000000,0.043,,,,,20000000000,0.064,19500000000,-0.024,,12000000000,,96.28,,,,,,,,,,,,,,,,,,,,,,true,true,12,2022-05-01,2023-04-30,0
2022-12-01,2593,2022-04-30,2,,,,,,,,,,,,,,,,,,,,328359000000,163012000000,0.492,,161640000000,,,,,,,,,,,,true,false,12,2021-05-01,2022-04-30,-1
2022-12-01,2593,2022-04-30,2,,,,,,,,,,,,,,,,,,,,,,,,,,,,,40.00,,,,89212380,1004852,,false,false,12,2021-05-01,2022-04-30,-1
2022-12-01,2593,2023-04-30,2,,,,,,,,,,,,,,,,,,,,,,,,,,,,,20.00,,,,,,,false,false,12,2022-05-01,2023-04-30,0
2022-12-01,2593,2023-04-30,2,,,,,,,,,,,,,,,,,,,,,,,,,,,,,40.00,,,,,,,false,true,12,2022-05-01,2023-04-30,0
2022-12-01,2593,2023-04-30,2,,,,,,,,,,,,,,,,,,,,,,,,,,,,,,,,,89212380,978685,88220661,false,false,6,2022-05-01,2022-10-31,0
2022-12-01,2593,2022-04-30,2,,,,,,,,,,,,,,,,,,,,,,,,,,,,,,,,,,,88204456,false,false,6,2021-05-01,2021-10-31,-1
2023-03-01,2593,2023-04-30,3,328454000000,0.082,,,,,15871000000,0.125,16518000000,0.127,,10185000000,,82.83,82.66,,,,,321815000000,168330000000,0.519,,166925000000,,,,,,,,,,,,true,false,9,2022-05-01,2023-01-31,0
2023-03-01,2593,2022-04-30,3,303626000000,,,,,,14111000000,0.352,14656000000,0.431,,10338000000,,83.90,83.71,,,,,,,,,,,,,,,,,,,,,true,false,9,2021-05-01,2022-01-31,-1
2023-03-01,2593,2023-04-30,3,418000000000,0.043,,,,,20000000000,0.064,19500000000,-0.024,,12000000000,,96.28,,,,,,,,,,,,,,,,,,,,,,true,true,12,2022-05-01,2023-04-30,0
2023-03-01,2593,2022-04-30,3,,,,,,,,,,,,,,,,,,,,328359000000,163012000000,0.492,,161640000000,,,,,,,,,,,,true,false,12,2021-05-01,2022-04-30,-1
2023-03-01,2593,2022-04-30,3,,,,,,,,,,,,,,,,,,,,,,,,,,,,,40.00,,,,89212380,1004852,,false,false,12,2021-05-01,2022-04-30,-1
2023-03-01,2593,2023-04-30,3,,,,,,,,,,,,,,,,,,,,,,,,,,,,,20.00,,,,,,,false,false,12,2022-05-01,2023-04-30,0
2023-03-01,2593,2023-04-30,3,,,,,,,,,,,,,,,,,,,,,,,,,,,,,40.00,,,,,,,false,true,12,2022-05-01,2023-04-30,0
2023-03-01,2593,2023-04-30,3,,,,,,,,,,,,,,,,,,,,,,,,,,,,,,,,,89212380,977685,88225150,false,false,9,2022-05-01,2023-01-31,0
2023-03-01,2593,2022-04-30,3,,,,,,,,,,,,,,,,,,,,,,,,,,,,,,,,,,,88205480,false,false,9,2021-05-01,2022-01-31,-1
2023-06-01,2593,2023-04-30,,431674000000,0.077,,,,,19588000000,0.042,20341000000,0.019,,12888000000,,103.82,103.60,0.078,0.061,0.045,,338774000000,172128000000,0.504,1408.55,170589000000,23773000000,-8638000000,-9130000000,100899000000,,0.385,,,,,,true,false,12,2022-05-01,2023-04-30,0
2023-06-01,2593,2022-04-30,,400769000000,,,,,,18794000000,0.127,19971000000,0.173,,12928000000,,103.92,103.69,0.082,0.060,0.047,,328359000000,163012000000,0.492,1334.88,161640000000,22226000000,-7397000000,-29930000000,94471000000,,0.385,,,,,,true,false,12,2021-05-01,2022-04-30,-1
2023-06-01,2593,2024-04-30,,232000000000,0.021,,,,,12500000000,0.103,12600000000,0.004,,8050000000,,64.91,,,,,,,,,,,,,,,,,,,,,,true,true,6,2023-05-01,2023-10-31,1
2023-06-01,2593,2024-04-30,,440000000000,0.019,,,,,21000000000,0.072,21000000000,0.032,,13500000000,,108.33,,,,,,,,,,,,,,,,0.388,,,,,,true,true,12,2023-05-01,2024-04-30,1
2023-06-01,2593,2023-04-30,,315025000000,0.049,,,,,16785000000,0.070,18864000000,0.084,13281000000,,0.074,107.07,106.84,,,,,288473000000,165038000000,0.572,1361.57,164904000000,,,,,40.00,,,,89212380,976571,88227628,false,false,12,2022-05-01,2023-04-30,0
2023-06-01,2593,2022-04-30,,300319000000,,,,,,15685000000,-0.005,17409000000,-0.009,12360000000,,0.737,99.24,99.02,,,,,278776000000,156444000000,0.561,1290.96,156327000000,,,,,40.00,,,,89212380,1004852,88205979,false,false,12,2021-05-01,2022-04-30,-1
2023-06-01,2593,2024-04-30,,171800000000,0.024,,,,,10000000000,0.109,11020000000,0.002,7660000000,,-0.013,61.68,,,,,,,,,,,,,,,,,,,,,,false,true,6,2023-05-01,2023-10-31,1
2023-06-01,2593,2024-04-30,,321500000000,0.021,,,,,17000000000,0.013,18600000000,-0.014,13000000000,,-0.021,104.20,,,,,,,,,,,,,,,42.00,,,,,,,false,true,12,2023-05-01,2024-04-30,1
2023-09-01,2593,2024-04-30,1,121154000000,0.070,,,,,9992000000,0.665,10536000000,0.572,,6828000000,,56.43,56.31,,,,,347370000000,177207000000,0.506,,175752000000,,,,,,,,,,,,true,false,3,2023-05-01,2023-07-31,0
2023-09-01,2593,2023-04-30,1,113225000000,0.070,,,,,6002000000,-0.049,6701000000,0.037,,4217000000,,34.86,34.78,,,,,,,,,,,,,,,,,,,,,true,false,3,2022-05-01,2022-07-31,-1
2023-09-01,2593,2024-04-30,1,232000000000,0.021,,,,,12500000000,0.103,12600000000,0.004,,8050000000,,64.91,,,,,,,,,,,,,,,,,,,,,,true,true,6,2023-05-01,2023-10-31,0
2023-09-01,2593,2024-04-30,1,440000000000,0.019,,,,,21000000000,0.072,21000000000,0.032,,13500000000,,108.33,,,,,,,,,,,,,,,,,,,,,,true,true,12,2023-05-01,2024-04-30,0
2023-09-01,2593,2023-04-30,1,,,,,,,,,,,,,,,,,,,,338774000000,172128000000,0.504,,170589000000,,,,,,,,,,,,true,false,12,2022-05-01,2023-04-30,-1
2023-09-01,2593,2023-04-30,1,,,,,,,,,,,,,,,,,,,,,,,,,,,,,40.00,,,,89212380,976571,,false,false,12,2022-05-01,2023-04-30,-1
2023-09-01,2593,2024-04-30,1,,,,,,,,,,,,,,,,,,,,,,,,,,,,,42.00,,,,,,,false,true,12,2023-05-01,2024-04-30,0
2023-09-01,2593,2024-04-30,1,,,,,,,,,,,,,,,,,,,,,,,,,,,,,,,,,89212380,971051,88236894,false,false,3,2023-05-01,2023-07-31,0
2023-09-01,2593,2023-04-30,1,,,,,,,,,,,,,,,,,,,,,,,,,,,,,,,,,,,88208624,false,false,3,2022-05-01,2022-07-31,-1
2023-11-29,25930,2024-04-30,,242000000000,0.043,,,,,17000000000,0.360,18000000000,0.429,,11200000000,,91.00,,,,,,,,,,,,,,,,,,,,,,true,true,6,2023-05-01,2023-10-31,0
2023-11-29,25930,2023-04-30,,227262000000,,,,,,11335000000,,12548000000,,,7923000000,,64.14,,,,,,,,,,,,,,,,,,,,,,true,false,6,2022-05-01,2022-10-31,-1
2023-11-29,25930,2024-04-30,,450000000000,0.023,,,,,23200000000,0.105,24200000000,0.152,,14700000000,,119.00,,,,,,,,,,,,,,,,,,,,,,true,true,12,2023-05-01,2024-04-30,0
2023-11-29,25930,2023-04-30,,431674000000,,,,,,19588000000,,20341000000,,,12888000000,,103.82,,,,,,,,,,,,,,,,,,,,,,true,false,12,2022-05-01,2023-04-30,-1
2023-11-29,25930,2024-04-30,,178800000000,0.041,,,,,13000000000,0.300,14800000000,0.343,10200000000,,0.332,83.00,,,,,,,,,,,,,,,,,,,,,,false,true,6,2023-05-01,2023-10-31,0
2023-11-29,25930,2023-04-30,,167752000000,,,,,,9017000000,,11002000000,,7758000000,,,62.78,,,,,,,,,,,,,,,,,,,,,,false,false,6,2022-05-01,2022-10-31,-1
2023-11-29,25930,2024-04-30,,326600000000,0.016,,,,,18400000000,0.082,20700000000,0.113,14400000000,,0.108,117.00,,,,,,,,,,,,,,,,,,,,,,false,true,12,2023-05-01,2024-04-30,0
2023-11-29,25930,2023-04-30,,315025000000,,,,,,16785000000,,18864000000,,13281000000,,,107.07,,,,,,,,,,,,,,,,,,,,,,false,false,12,2022-05-01,2023-04-30,-1
2023-12-01,2593,2024-04-30,2,242527000000,0.067,,,,,17046000000,0.504,18089000000,0.442,,11209000000,,91.01,90.82,,,,,353714000000,182932000000,0.513,,181340000000,,,,,,,,,,,,true,false,6,2023-05-01,2023-10-31,0
2023-12-01,2593,2023-04-30,2,227262000000,0.089,,,,,11335000000,0.044,12548000000,0.110,,7923000000,,64.14,64.01,,,,,,,,,,,,,,,,,,,,,true,false,6,2022-05-01,2022-10-31,-1
2023-12-01,2593,2024-04-30,2,450000000000,0.042,,,,,23200000000,0.184,24200000000,0.190,,14700000000,,119.00,,,,,,,,,,,,,,,,,,,,,,true,true,12,2023-05-01,2024-04-30,0
2023-12-01,2593,2023-04-30,2,,,,,,,,,,,,,,,,,,,,338774000000,172128000000,0.504,,170589000000,,,,,,,,,,,,true,false,12,2022-05-01,2023-04-30,-1
2023-12-01,2593,2023-04-30,2,,,,,,,,,,,,,,,,,,,,,,,,,,,,,40.00,,,,89212380,976571,,false,false,12,2022-05-01,2023-04-30,-1
2023-12-01,2593,2024-04-30,2,,,,,,,,,,,,,,,,,,,,,,,,,,,,,21.00,,,,,,,false,false,12,2023-05-01,2024-04-30,0
2023-12-01,2593,2024-04-30,2,,,,,,,,,,,,,,,,,,,,,,,,,,,,,42.00,,,,,,,false,true,12,2023-05-01,2024-04-30,0
2023-12-01,2593,2024-04-30,2,,,,,,,,,,,,,,,,,,,,,,,,,,,,,,,,,89212380,942578,88249451,false,false,6,2023-05-01,2023-10-31,0
2023-12-01,2593,2023-04-30,2,,,,,,,,,,,,,,,,,,,,,,,,,,,,,,,,,,,88220661,false,false,6,2022-05-01,2022-10-31,-1
2024-03-01,2593,2024-04-30,3,346251000000,0.054,,,,,21758000000,0.371,22981000000,0.391,,14243000000,,116.09,115.85,,,,,336898000000,182309000000,0.536,,180687000000,,,,,,,,,,,,true,false,9,2023-05-01,2024-01-31,0
2024-03-01,2593,2023-04-30,3,328454000000,0.082,,,,,15871000000,0.125,16518000000,0.127,,10185000000,,82.83,82.66,,,,,,,,,,,,,,,,,,,,,true,false,9,2022-05-01,2023-01-31,-1
2024-03-01,2593,2024-04-30,3,450000000000,0.042,,,,,23200000000,0.184,24200000000,0.190,,14700000000,,119.00,,,,,,,,,,,,,,,,,,,,,,true,true,12,2023-05-01,2024-04-30,0
2024-03-01,2593,2023-04-30,3,,,,,,,,,,,,,,,,,,,,338774000000,172128000000,0.504,,170589000000,,,,,,,,,,,,true,false,12,2022-05-01,2023-04-30,-1
2024-03-01,2593,2023-04-30,3,,,,,,,,,,,,,,,,,,,,,,,,,,,,,40.00,,,,89212380,976571,,false,false,12,2022-05-01,2023-04-30,-1
2024-03-01,2593,2024-04-30,3,,,,,,,,,,,,,,,,,,,,,,,,,,,,,21.00,,,,,,,false,false,12,2023-05-01,2024-04-30,0
2024-03-01,2593,2024-04-30,3,,,,,,,,,,,,,,,,,,,,,,,,,,,,,42.00,,,,,,,false,true,12,2023-05-01,2024-04-30,0
2024-03-01,2593,2024-04-30,3,,,,,,,,,,,,,,,,,,,,,,,,,,,,,,,,,89212380,941078,88256457,false,false,9,2023-05-01,2024-01-31,0
2024-03-01,2593,2023-04-30,3,,,,,,,,,,,,,,,,,,,,,,,,,,,,,,,,,,,88225150,false,false,9,2022-05-01,2023-01-31,-1
2024-06-03,2593,2024-04-30,,453899000000,0.051,,,,,25023000000,0.277,26681000000,0.312,,15650000000,,126.42,126.16,0.089,0.077,0.055,,353892000000,183216000000,0.513,1516.16,181483000000,25482000000,-10737000000,-12213000000,105397000000,,0.332,,,,,,true,false,12,2023-05-01,2024-04-30,0
2024-06-03,2593,2023-04-30,,431674000000,0.077,,,,,19588000000,0.042,20341000000,0.019,,12888000000,,103.82,103.60,0.078,0.061,0.045,,338774000000,172128000000,0.504,1408.55,170589000000,23773000000,-8638000000,-9130000000,100899000000,,0.385,,,,,,true,false,12,2022-05-01,2023-04-30,-1
2024-06-03,2593,2025-04-30,,466600000000,0.028,,,,,26500000000,0.059,26700000000,0.001,,17200000000,,140.70,,,,,,,,,,,,,,,,0.313,,,,,,true,true,12,2024-05-01,2025-04-30,1
2024-06-03,2593,2024-04-30,,329069000000,0.045,,,,,18819000000,0.121,21493000000,0.139,13813000000,,0.040,111.22,110.99,,,,,293821000000,171199000000,0.582,1429.28,171094000000,,,,,42.00,,,,89212380,939878,88260137,false,false,12,2023-05-01,2024-04-30,0
2024-06-03,2593,2023-04-30,,315025000000,0.049,,,,,16785000000,0.070,18864000000,0.084,13281000000,,0.074,107.07,106.84,,,,,288473000000,165038000000,0.572,1361.57,164904000000,,,,,40.00,,,,89212380,976571,88227628,false,false,12,2022-05-01,2023-04-30,-1
2024-06-03,2593,2025-04-30,,336470000000,0.022,,,,,19600000000,0.041,21650000000,0.007,15000000000,,0.086,122.30,,,,,,,,,,,,,,,44.00,,,,,,,false,true,12,2024-05-01,2025-04-30,1
2024-09-02,2593,2025-04-30,1,125039000000,0.032,,,,,7128000000,-0.287,7219000000,-0.315,,4440000000,,37.31,37.23,,,,,352501000000,180119000000,0.507,,178572000000,,,,,,,,,,,,true,false,3,2024-05-01,2024-07-31,0
2024-09-02,2593,2024-04-30,1,121154000000,0.070,,,,,9992000000,0.665,10536000000,0.572,,6828000000,,56.43,56.31,,,,,,,,,,,,,,,,,,,,,true,false,3,2023-05-01,2023-07-31,-1
2024-09-02,2593,2025-04-30,1,466600000000,0.028,,,,,26500000000,0.059,26700000000,0.001,,17200000000,,140.70,,,,,,,,,,,,,,,,,,,,,,true,true,12,2024-05-01,2025-04-30,0
2024-09-02,2593,2024-04-30,1,,,,,,,,,,,,,,,,,,,,353892000000,183216000000,0.513,,181483000000,,,,,,,,,,,,true,false,12,2023-05-01,2024-04-30,-1
2024-09-02,2593,2024-04-30,1,,,,,,,,,,,,,,,,,,,,,,,,,,,,,42.00,,,,89212380,939878,,false,false,12,2023-05-01,2024-04-30,-1
2024-09-02,2593,2025-04-30,1,,,,,,,,,,,,,,,,,,,,,,,,,,,,,44.00,,,,,,,false,true,12,2024-05-01,2025-04-30,0
2024-09-02,2593,2025-04-30,1,,,,,,,,,,,,,,,,,,,,,,,,,,,,,,,,,88212380,939975,87720092,false,false,3,2024-05-01,2024-07-31,0
2024-09-02,2593,2024-04-30,1,,,,,,,,,,,,,,,,,,,,,,,,,,,,,,,,,,,88236894,false,false,3,2023-05-01,2023-07-31,-1
2024-12-02,2593,2025-04-30,2,252321000000,0.040,,,,,14389000000,-0.156,14617000000,-0.192,,9191000000,,75.97,75.81,,,,,355307000000,184878000000,0.516,,183317000000,,,,,,,,,,,,true,false,6,2024-05-01,2024-10-31,0
2024-12-02,2593,2024-04-30,2,242527000000,0.067,,,,,17046000000,0.504,18089000000,0.442,,11209000000,,91.01,90.82,,,,,,,,,,,,,,,,,,,,,true,false,6,2023-05-01,2023-10-31,-1
2024-12-02,2593,2025-04-30,2,466600000000,0.028,,,,,26500000000,0.059,26700000000,0.001,,17200000000,,140.70,,,,,,,,,,,,,,,,,,,,,,true,true,12,2024-05-01,2025-04-30,0
2024-12-02,2593,2024-04-30,2,,,,,,,,,,,,,,,,,,,,353892000000,183216000000,0.513,,181483000000,,,,,,,,,,,,true,false,12,2023-05-01,2024-04-30,-1
2024-12-02,2593,2024-04-30,2,,,,,,,,,,,,,,,,,,,,,,,,,,,,,42.00,,,,89212380,939878,,false,false,12,2023-05-01,2024-04-30,-1
2024-12-02,2593,2025-04-30,2,,,,,,,,,,,,,,,,,,,,,,,,,,,,,22.00,,,,,,,false,false,12,2024-05-01,2025-04-30,0
2024-12-02,2593,2025-04-30,2,,,,,,,,,,,,,,,,,,,,,,,,,,,,,44.00,,,,,,,false,true,12,2024-05-01,2025-04-30,0
2024-12-02,2593,2025-04-30,2,,,,,,,,,,,,,,,,,,,,,,,,,,,,,,,,,88212380,906095,87509909,false,false,6,2024-05-01,2024-10-31,0
2024-12-02,2593,2024-04-30,2,,,,,,,,,,,,,,,,,,,,,,,,,,,,,,,,,,,88249451,false,false,6,2023-05-01,2023-10-31,-1
2025-03-03,2593,2025-04-30,3,360893000000,0.042,,,,,17808000000,-0.182,18255000000,-0.206,,11367000000,,94.76,94.57,,,,,331023000000,175831000000,0.526,,174121000000,,,,,,,,,,,,true,false,9,2024-05-01,2025-01-31,0
2025-03-03,2593,2024-04-30,3,346251000000,0.054,,,,,21758000000,0.371,22981000000,0.391,,14243000000,,116.09,115.85,,,,,,,,,,,,,,,,,,,,,true,false,9,2023-05-01,2024-01-31,-1
2025-03-03,2593,2025-04-30,3,466600000000,0.028,,,,,26500000000,0.059,26700000000,0.001,,17200000000,,140.70,,,,,,,,,,,,,,,,,,,,,,true,true,12,2024-05-01,2025-04-30,0
2025-03-03,2593,2024-04-30,3,,,,,,,,,,,,,,,,,,,,353892000000,183216000000,0.513,,181483000000,,,,,,,,,,,,true,false,12,2023-05-01,2024-04-30,-1
2025-03-03,2593,2024-04-30,3,,,,,,,,,,,,,,,,,,,,,,,,,,,,,42.00,,,,89212380,939878,,false,false,12,2023-05-01,2024-04-30,-1
2025-03-03,2593,2025-04-30,3,,,,,,,,,,,,,,,,,,,,,,,,,,,,,22.00,,,,,,,false,false,12,2024-05-01,2025-04-30,0
2025-03-03,2593,2025-04-30,3,,,,,,,,,,,,,,,,,,,,,,,,,,,,,44.00,,,,,,,false,true,12,2024-05-01,2025-04-30,0
2025-03-03,2593,2025-04-30,3,,,,,,,,,,,,,,,,,,,,,,,,,,,,,,,,,88212380,3528832,87028372,false,false,9,2024-05-01,2025-01-31,0
2025-03-03,2593,2024-04-30,3,,,,,,,,,,,,,,,,,,,,,,,,,,,,,,,,,,,88256457,false,false,9,2023-05-01,2024-01-31,-1
2025-05-02,25930,2025-04-30,,472000000000,0.012,,,,,22300000000,-0.158,22400000000,-0.161,,13700000000,,115.70,,,,,,,,,,,,,,,,,,,,,,true,true,12,2024-05-01,2025-04-30,0
2025-05-02,25930,2024-04-30,,453899000000,,,,,,25023000000,,26681000000,,,15650000000,,126.42,,,,,,,,,,,,,,,,,,,,,,true,false,12,2023-05-01,2024-04-30,-1
2025-05-02,25930,2025-04-30,,334000000000,-0.007,,,,,14300000000,-0.270,15900000000,-0.266,10700000000,,-0.287,89.65,,,,,,,,,,,,,,,,,,,,,,false,true,12,2024-05-01,2025-04-30,0
2025-05-02,25930,2024-04-30,,329069000000,,,,,,18819000000,,21493000000,,13813000000,,,111.22,,,,,,,,,,,,,,,,,,,,,,false,false,12,2023-05-01,2024-04-30,-1
2025-06-02,2593,2025-04-30,,472716000000,0.041,,,,,22969000000,-0.082,22973000000,-0.139,,14156000000,,117.50,117.26,0.080,0.066,0.049,,344598000000,175971000000,0.506,1511.77,174279000000,18038000000,-13333000000,-23236000000,85565000000,,0.374,,,,,,true,false,12,2024-05-01,2025-04-30,0
2025-06-02,2593,2024-04-30,,453899000000,0.051,,,,,25023000000,0.277,26681000000,0.312,,15650000000,,126.42,126.16,0.089,0.077,0.055,,353892000000,183216000000,0.513,1516.16,181483000000,25482000000,-10737000000,-12213000000,105397000000,,0.332,,,,,,true,false,12,2023-05-01,2024-04-30,-1
2025-06-02,2593,2026-04-30,,490000000000,0.037,,,,,25500000000,0.110,25700000000,0.119,,16000000000,,135.72,,,,,,,,,,,,,,,,0.354,,,,,,true,true,12,2025-05-01,2026-04-30,1
2025-06-02,2593,2025-04-30,,334800000000,0.017,,,,,14902000000,-0.208,16489000000,-0.233,11667000000,,-0.155,96.28,96.09,,,,,281142000000,161531000000,0.574,1400.36,161449000000,,,,,44.00,,,,85212380,906132,86378866,false,false,12,2024-05-01,2025-04-30,0
2025-06-02,2593,2024-04-30,,329069000000,0.045,,,,,18819000000,0.121,21493000000,0.139,13813000000,,0.040,111.22,110.99,,,,,293821000000,171199000000,0.582,1429.28,171094000000,,,,,42.00,,,,89212380,939878,88260137,false,false,12,2023-05-01,2024-04-30,-1
2025-06-02,2593,2026-04-30,,342400000000,0.023,,,,,17000000000,0.141,19350000000,0.173,13500000000,,0.157,114.01,,,,,,,,,,,,,,,48.00,,,,,,,false,true,12,2025-05-01,2026-04-30,1
