filing_date,code,fiscal_year_end,quarterly_period,net_sales,net_sales_change,revenue,revenue_change,operating_revenue,operating_revenue_change,operating_profit,operating_profit_change,ordinary_profit,ordinary_profit_change,net_income,net_income_of_parent,net_income_change,eps,diluted_eps,roe,roa,operating_profit_to_net_sales,operating_profit_to_revenue,total_assets,net_assets,equity_ratio,bps,owner_equity,operating_cash_flow,investing_cash_flow,financing_cash_flow,cash,dividend_per_share,payout_ratio,commemorative_dividend,extra_dividend,number_of_shares,number_of_treqsury_shares,avg_number_of_shares,is_consolidated,is_forecast,duration,period_start,period_end,period_pos
2015-05-13,25940,2015-03-31,,56323000000,0.050,,,,,845000000,-0.453,1389000000,-0.284,808000000,,-0.212,35.66,,0.023,0.028,0.015,,50001000000,37211000000,0.723,1594.32,36161000000,2643000000,-793000000,-528000000,8467000000,,0.449,,,,,,true,false,12,2014-04-01,2015-03-31,0
2015-05-13,25940,2014-03-31,,53622000000,0.000,,,,,1547000000,0.635,1940000000,0.496,1026000000,,-0.063,45.25,,0.030,0.041,0.029,,47553000000,36047000000,0.735,1541.85,34970000000,1918000000,-4412000000,-634000000,7138000000,,0.331,,,,,,true,false,12,2013-04-01,2014-03-31,-1
2015-05-13,25940,2016-03-31,,30180000000,0.095,,,,,950000000,0.267,1130000000,0.144,,685000000,,30.20,,,,,,,,,,,,,,,,,,,,,,true,true,6,2015-04-01,2015-09-30,1
2015-05-13,25940,2016-03-31,,60000000000,0.065,,,,,1360000000,0.608,1800000000,0.296,,1130000000,,49.82,,,,,,,,,,,,,,,,0.321,,,,,,true,true,12,2015-04-01,2016-03-31,1
2015-05-13,25940,2015-03-31,,46917000000,0.029,,,,,917000000,-0.340,1342000000,-0.236,783000000,,-0.190,34.56,,,,,,45136000000,34512000000,0.765,1521.64,34512000000,,,,,16.00,,,,22689000,7945,22681055,false,false,12,2014-04-01,2015-03-31,0
2015-05-13,25940,2014-03-31,,45573000000,-0.004,,,,,1390000000,0.715,1756000000,0.575,967000000,,0.769,42.65,,,,,,42787000000,33572000000,0.785,1480.19,33572000000,,,,,15.00,,,,22689000,7945,22681055,false,false,12,2013-04-01,2014-03-31,-1
2015-05-13,25940,2016-03-31,,,,,,,,,,,,,,,,,,,,,,,,,,,,,,16.00,,,,,,,false,true,12,2015-04-01,2016-03-31,1
2015-07-27,25940,2016-03-31,1,16094000000,0.160,,,,,665000000,0.382,774000000,0.236,,504000000,,22.25,,,,,,57217000000,37530000000,0.637,,36472000000,,,,,,,,,,,,true,false,3,2015-04-01,2015-06-30,0
2015-07-27,25940,2015-03-31,1,13878000000,-0.006,,,,,481000000,-0.346,626000000,-0.256,,354000000,,15.62,,,,,,,,,,,,,,,,,,,,,,true,false,3,2014-04-01,2014-06-30,-1
2015-07-27,25940,2016-03-31,1,30180000000,0.095,,,,,950000000,0.267,1130000000,0.144,,685000000,,30.20,,,,,,,,,,,,,,,,,,,,,,true,true,6,2015-04-01,2015-09-30,0
2015-07-27,25940,2016-03-31,1,60000000000,0.065,,,,,1360000000,0.608,1800000000,0.296,,1130000000,,49.82,,,,,,,,,,,,,,,,,,,,,,true,true,12,2015-04-01,2016-03-31,0
2015-07-27,25940,2015-03-31,1,,,,,,,,,,,,,,,,,,,,50001000000,37211000000,0.723,,36161000000,,,,,,,,,,,,true,false,12,2014-04-01,2015-03-31,-1
2015-07-27,25940,2015-03-31,1,,,,,,,,,,,,,,,,,,,,,,,,,,,,,16.00,,,,22689000,7945,,false,false,12,2014-04-01,2015-03-31,-1
2015-07-27,25940,2016-03-31,1,,,,,,,,,,,,,,,,,,,,,,,,,,,,,16.00,,,,,,,false,true,12,2015-04-01,2016-03-31,0
2015-07-27,25940,2016-03-31,1,,,,,,,,,,,,,,,,,,,,,,,,,,,,,,,,,22689000,7945,22681055,false,false,3,2015-04-01,2015-06-30,0
2015-07-27,25940,2015-03-31,1,,,,,,,,,,,,,,,,,,,,,,,,,,,,,,,,,,,22681055,false,false,3,2014-04-01,2014-06-30,-1
2015-10-26,25940,2016-03-31,2,32752000000,0.189,,,,,775000000,0.034,966000000,-0.022,,579000000,,25.56,,,,,,53436000000,37347000000,0.679,,36303000000,,,,,,,,,,,,true,false,6,2015-04-01,2015-09-30,0
2015-10-26,25940,2015-03-31,2,27555000000,0.008,,,,,750000000,-0.212,987000000,-0.150,,493000000,,21.77,,,,,,,,,,,,,,,,,,,,,,true,false,6,2014-04-01,2014-09-30,-1
2015-10-26,25940,2016-03-31,2,64000000000,0.136,,,,,1360000000,0.608,1800000000,0.296,,1130000000,,49.82,,,,,,,,,,,,,,,,,,,,,,true,true,12,2015-04-01,2016-03-31,0
2015-10-26,25940,2015-03-31,2,,,,,,,,,,,,,,,,,,,,50001000000,37211000000,0.723,,36161000000,,,,,,,,,,,,true,false,12,2014-04-01,2015-03-31,-1
2015-10-26,25940,2015-03-31,2,,,,,,,,,,,,,,,,,,,,,,,,,,,,,16.00,,,,22689000,7945,,false,false,12,2014-04-01,2015-03-31,-1
2015-10-26,25940,2016-03-31,2,,,,,,,,,,,,,,,,,,,,,,,,,,,,,8.00,,,,,,,false,false,12,2015-04-01,2016-03-31,0
2015-10-26,25940,2016-03-31,2,,,,,,,,,,,,,,,,,,,,,,,,,,,,,16.00,,,,,,,false,true,12,2015-04-01,2016-03-31,0
2015-10-26,25940,2016-03-31,2,,,,,,,,,,,,,,,,,,,,,,,,,,,,,,,,,22689000,7945,22681055,false,false,6,2015-04-01,2015-09-30,0
2015-10-26,25940,2015-03-31,2,,,,,,,,,,,,,,,,,,,,,,,,,,,,,,,,,,,22681055,false,false,6,2014-04-01,2014-09-30,-1
2016-01-29,25940,2016-03-31,3,50236000000,0.173,,,,,1657000000,0.290,1929000000,0.150,,1290000000,,57.25,,,,,,51652000000,36963000000,0.697,,36011000000,,,,,,,,,,,,true,false,9,2015-04-01,2015-12-31,0
2016-01-29,25940,2015-03-31,3,42810000000,0.032,,,,,1284000000,-0.275,1677000000,-0.191,,982000000,,43.33,,,,,,,,,,,,,,,,,,,,,,true,false,9,2014-04-01,2014-12-31,-1
2016-01-29,25940,2016-03-31,3,64000000000,0.136,,,,,1360000000,0.608,1800000000,0.296,,1130000000,,50.32,,,,,,,,,,,,,,,,,,,,,,true,true,12,2015-04-01,2016-03-31,0
2016-01-29,25940,2015-03-31,3,,,,,,,,,,,,,,,,,,,,50001000000,37211000000,0.723,,36161000000,,,,,,,,,,,,true,false,12,2014-04-01,2015-03-31,-1
2016-01-29,25940,2015-03-31,3,,,,,,,,,,,,,,,,,,,,,,,,,,,,,16.00,,,,22689000,7945,,false,false,12,2014-04-01,2015-03-31,-1
2016-01-29,25940,2016-03-31,3,,,,,,,,,,,,,,,,,,,,,,,,,,,,,8.00,,,,,,,false,false,12,2015-04-01,2016-03-31,0
2016-01-29,25940,2016-03-31,3,,,,,,,,,,,,,,,,,,,,,,,,,,,,,16.00,,,,,,,false,true,12,2015-04-01,2016-03-31,0
2016-01-29,25940,2016-03-31,3,,,,,,,,,,,,,,,,,,,,,,,,,,,,,,,,,22689000,457945,22531055,false,false,9,2015-04-01,2015-12-31,0
2016-01-29,25940,2015-03-31,3,,,,,,,,,,,,,,,,,,,,,,,,,,,,,,,,,,,22681055,false,false,9,2014-04-01,2014-12-31,-1
2016-05-13,25940,2016-03-31,,64906000000,0.152,,,,,1054000000,0.246,1373000000,-0.011,,751000000,,33.48,,0.021,0.028,0.016,,48447000000,35709000000,0.720,1568.19,34862000000,-6477000000,5151000000,-1330000000,5803000000,,0.508,,,,,,true,false,12,2015-04-01,2016-03-31,0
2016-05-13,25940,2015-03-31,,56323000000,0.050,,,,,845000000,-0.453,1389000000,-0.284,,808000000,,35.66,,0.023,0.028,0.015,,50001000000,37211000000,0.723,1594.32,36161000000,2643000000,-793000000,-528000000,8467000000,,0.449,,,,,,true,false,12,2014-04-01,2015-03-31,-1
2016-05-13,25940,2017-03-31,,65000000000,0.001,,,,,1300000000,0.233,1560000000,0.136,,1000000000,,44.98,,,,,,,,,,,,,,,,0.400,,,,,,true,true,12,2016-04-01,2017-03-31,1
2016-05-13,25940,2016-03-31,,56437000000,0.203,,,,,1118000000,0.220,1390000000,0.036,959000000,,0.224,42.73,,,,,,44104000000,34012000000,0.771,1529.94,34012000000,,,,,17.00,,,,22689000,457945,22456055,false,false,12,2015-04-01,2016-03-31,0
2016-05-13,25940,2015-03-31,,46917000000,0.029,,,,,917000000,-0.340,1342000000,-0.236,783000000,,-0.190,34.56,,,,,,45136000000,34512000000,0.765,1521.64,34512000000,,,,,16.00,,,,22689000,7945,22681055,false,false,12,2014-04-01,2015-03-31,-1
2016-05-13,25940,2017-03-31,,,,,,,,,,,,,,,,,,,,,,,,,,,,,,18.00,,,,,,,false,true,12,2016-04-01,2017-03-31,1
2016-05-13,25940,2016-03-31,,64906000000,0.014,,,,,1054000000,-0.225,1373000000,-0.237,,751000000,,33.48,,,,,,,,,,,,,,,,,,,,,,true,true,12,2015-04-01,2016-03-31,0
2016-05-13,25940,2015-03-31,,56323000000,,,,,,845000000,,1389000000,,,808000000,,35.66,,,,,,,,,,,,,,,,,,,,,,true,false,12,2014-04-01,2015-03-31,-1
2016-05-13,25940,2016-03-31,,56437000000,,,,,,1118000000,,1390000000,,959000000,,,42.73,,,,,,,,,,,,,,,,,,,,,,false,true,12,2015-04-01,2016-03-31,0
2016-05-13,25940,2015-03-31,,46917000000,,,,,,917000000,,1342000000,,783000000,,,34.56,,,,,,,,,,,,,,,,,,,,,,false,false,12,2014-04-01,2015-03-31,-1
2016-07-25,25940,2017-03-31,1,16654000000,0.035,,,,,938000000,0.411,1019000000,0.316,,636000000,,28.62,,,,,,49282000000,35890000000,0.711,,35039000000,,,,,,,,,,,,true,false,3,2016-04-01,2016-06-30,0
2016-07-25,25940,2016-03-31,1,16094000000,0.160,,,,,665000000,0.382,774000000,0.236,,504000000,,22.25,,,,,,,,,,,,,,,,,,,,,,true,false,3,2015-04-01,2015-06-30,-1
2016-07-25,25940,2017-03-31,1,65000000000,0.001,,,,,1300000000,0.233,1560000000,0.136,,1000000000,,44.98,,,,,,,,,,,,,,,,,,,,,,true,true,12,2016-04-01,2017-03-31,0
2016-07-25,25940,2016-03-31,1,,,,,,,,,,,,,,,,,,,,48447000000,35709000000,0.720,,34862000000,,,,,,,,,,,,true,false,12,2015-04-01,2016-03-31,-1
2016-07-25,25940,2016-03-31,1,,,,,,,,,,,,,,,,,,,,,,,,,,,,,17.00,,,,22689000,457945,,false,false,12,2015-04-01,2016-03-31,-1
2016-07-25,25940,2017-03-31,1,,,,,,,,,,,,,,,,,,,,,,,,,,,,,18.00,,,,,,,false,true,12,2016-04-01,2017-03-31,0
2016-07-25,25940,2017-03-31,1,,,,,,,,,,,,,,,,,,,,,,,,,,,,,,,,,22689000,457945,22231055,false,false,3,2016-04-01,2016-06-30,0
2016-07-25,25940,2016-03-31,1,,,,,,,,,,,,,,,,,,,,,,,,,,,,,,,,,,,22681055,false,false,3,2015-04-01,2015-06-30,-1
2016-10-24,25940,2017-03-31,2,32320000000,-0.013,,,,,1315000000,0.697,1418000000,0.468,,901000000,,40.54,,,,,,49706000000,36190000000,0.711,,35355000000,,,,,,,,,,,,true,false,6,2016-04-01,2016-09-30,0
2016-10-24,25940,2016-03-31,2,32752000000,0.189,,,,,775000000,0.034,966000000,-0.022,,579000000,,25.56,,,,,,,,,,,,,,,,,,,,,,true,false,6,2015-04-01,2015-09-30,-1
2016-10-24,25940,2017-03-31,2,65000000000,0.001,,,,,1800000000,0.708,1900000000,0.383,,1200000000,,53.98,,,,,,,,,,,,,,,,,,,,,,true,true,12,2016-04-01,2017-03-31,0
2016-10-24,25940,2016-03-31,2,,,,,,,,,,,,,,,,,,,,48447000000,35709000000,0.720,,34862000000,,,,,,,,,,,,true,false,12,2015-04-01,2016-03-31,-1
2016-10-24,25940,2016-03-31,2,,,,,,,,,,,,,,,,,,,,,,,,,,,,,17.00,,,,22689000,457945,,false,false,12,2015-04-01,2016-03-31,-1
2016-10-24,25940,2017-03-31,2,,,,,,,,,,,,,,,,,,,,,,,,,,,,,9.00,,,,,,,false,false,12,2016-04-01,2017-03-31,0
2016-10-24,25940,2017-03-31,2,,,,,,,,,,,,,,,,,,,,,,,,,,,,,18.00,,,,,,,false,true,12,2016-04-01,2017-03-31,0
2016-10-24,25940,2017-03-31,2,,,,,,,,,,,,,,,,,,,,,,,,,,,,,,,,,22689000,457945,22231055,false,false,6,2016-04-01,2016-09-30,0
2016-10-24,25940,2016-03-31,2,,,,,,,,,,,,,,,,,,,,,,,,,,,,,,,,,,,22681055,false,false,6,2015-04-01,2015-09-30,-1
2016-10-24,25940,2017-03-31,,65000000000,0.000,,,,,1800000000,0.385,1900000000,0.218,,1200000000,,53.98,,,,,,,,,,,,,,,,,,,,,,true,true,12,2016-04-01,2017-03-31,0
2016-10-24,25940,2016-03-31,,64906000000,,,,,,1054000000,,1373000000,,,751000000,,33.48,,,,,,,,,,,,,,,,,,,,,,true,false,12,2015-04-01,2016-03-31,-1
2017-01-30,25940,2017-03-31,3,48521000000,-0.034,,,,,1788000000,0.079,1978000000,0.025,,1238000000,,55.72,,,,,,51813000000,36477000000,0.689,,35707000000,,,,,,,,,,,,true,false,9,2016-04-01,2016-12-31,0
2017-01-30,25940,2016-03-31,3,50236000000,0.173,,,,,1657000000,0.290,1929000000,0.150,,1290000000,,57.25,,,,,,,,,,,,,,,,,,,,,,true,false,9,2015-04-01,2015-12-31,-1
2017-01-30,25940,2017-03-31,3,65000000000,0.001,,,,,1800000000,0.708,1900000000,0.383,,1200000000,,53.98,,,,,,,,,,,,,,,,,,,,,,true,true,12,2016-04-01,2017-03-31,0
2017-01-30,25940,2016-03-31,3,,,,,,,,,,,,,,,,,,,,48447000000,35709000000,0.720,,34862000000,,,,,,,,,,,,true,false,12,2015-04-01,2016-03-31,-1
2017-01-30,25940,2016-03-31,3,,,,,,,,,,,,,,,,,,,,,,,,,,,,,17.00,,,,22689000,457945,,false,false,12,2015-04-01,2016-03-31,-1
2017-01-30,25940,2017-03-31,3,,,,,,,,,,,,,,,,,,,,,,,,,,,,,9.00,,,,,,,false,false,12,2016-04-01,2017-03-31,0
2017-01-30,25940,2017-03-31,3,,,,,,,,,,,,,,,,,,,,,,,,,,,,,18.00,,,,,,,false,true,12,2016-04-01,2017-03-31,0
2017-01-30,25940,2017-03-31,3,,,,,,,,,,,,,,,,,,,,,,,,,,,,,,,,,22689000,457989,22231045,false,false,9,2016-04-01,2016-12-31,0
2017-01-30,25940,2016-03-31,3,,,,,,,,,,,,,,,,,,,,,,,,,,,,,,,,,,,22531055,false,false,9,2015-04-01,2015-12-31,-1
2017-05-12,25940,2017-03-31,,62996000000,-0.029,,,,,1377000000,0.307,1559000000,0.135,,1134000000,,51.04,,0.032,0.031,0.022,,50707000000,36032000000,0.698,1591.39,35378000000,3363000000,-2186000000,-270000000,6708000000,,0.353,,,,,,true,false,12,2016-04-01,2017-03-31,0
2017-05-12,25940,2016-03-31,,64906000000,0.152,,,,,1054000000,0.246,1373000000,-0.011,,751000000,,33.48,,0.021,0.028,0.016,,48447000000,35709000000,0.720,1568.19,34862000000,-6477000000,5151000000,-1330000000,5803000000,,0.508,,,,,,true,false,12,2015-04-01,2016-03-31,-1
2017-05-12,25940,2018-03-31,,35000000000,0.083,,,,,910000000,-0.308,1010000000,-0.288,,670000000,,30.13,,,,,,,,,,,,,,,,,,,,,,true,true,6,2017-04-01,2017-09-30,1
2017-05-12,25940,2018-03-31,,68000000000,0.079,,,,,1550000000,0.125,1770000000,0.135,,1170000000,,52.62,,,,,,,,,,,,,,,,0.342,,,,,,true,true,12,2017-04-01,2018-03-31,1
2017-05-12,25940,2017-03-31,,55182000000,-0.022,,,,,1396000000,0.248,1560000000,0.122,567000000,,-0.409,25.51,,,,,,46130000000,33973000000,0.736,1528.21,33973000000,,,,,18.00,,,,22689000,458040,22231029,false,false,12,2016-04-01,2017-03-31,0
2017-05-12,25940,2016-03-31,,56437000000,0.203,,,,,1118000000,0.220,1390000000,0.036,959000000,,0.224,42.73,,,,,,44104000000,34012000000,0.771,1529.94,34012000000,,,,,17.00,,,,22689000,457945,22456055,false,false,12,2015-04-01,2016-03-31,-1
2017-05-12,25940,2018-03-31,,,,,,,,,,,,,,,,,,,,,,,,,,,,,,18.00,,,,,,,false,true,12,2017-04-01,2018-03-31,1
2017-07-31,25940,2018-03-31,1,16498000000,-0.009,,,,,513000000,-0.453,566000000,-0.444,,346000000,,15.60,,,,,,51294000000,36310000000,0.695,,35637000000,,,,,,,,,,,,true,false,3,2017-04-01,2017-06-30,0
2017-07-31,25940,2017-03-31,1,16654000000,0.035,,,,,938000000,0.411,1019000000,0.316,,636000000,,28.62,,,,,,,,,,,,,,,,,,,,,,true,false,3,2016-04-01,2016-06-30,-1
2017-07-31,25940,2018-03-31,1,35000000000,0.083,,,,,910000000,-0.308,1010000000,-0.288,,670000000,,30.13,,,,,,,,,,,,,,,,,,,,,,true,true,6,2017-04-01,2017-09-30,0
2017-07-31,25940,2018-03-31,1,68000000000,0.079,,,,,1550000000,0.125,1770000000,0.135,,1170000000,,52.62,,,,,,,,,,,,,,,,,,,,,,true,true,12,2017-04-01,2018-03-31,0
2017-07-31,25940,2017-03-31,1,,,,,,,,,,,,,,,,,,,,50707000000,36032000000,0.698,,35378000000,,,,,,,,,,,,true,false,12,2016-04-01,2017-03-31,-1
2017-07-31,25940,2017-03-31,1,,,,,,,,,,,,,,,,,,,,,,,,,,,,,18.00,,,,22689000,458040,,false,false,12,2016-04-01,2017-03-31,-1
2017-07-31,25940,2018-03-31,1,,,,,,,,,,,,,,,,,,,,,,,,,,,,,18.00,,,,,,,false,true,12,2017-04-01,2018-03-31,0
2017-07-31,25940,2018-03-31,1,,,,,,,,,,,,,,,,,,,,,,,,,,,,,,,,,22689000,458040,22230960,false,false,3,2017-04-01,2017-06-30,0
2017-07-31,25940,2017-03-31,1,,,,,,,,,,,,,,,,,,,,,,,,,,,,,,,,,,,22231055,false,false,3,2016-04-01,2016-06-30,-1
2017-10-30,25940,2018-03-31,2,32025000000,-0.009,,,,,464000000,-0.647,585000000,-0.588,,422000000,,18.98,,,,,,51081000000,36286000000,0.697,,35616000000,,,,,,,,,,,,true,false,6,2017-04-01,2017-09-30,0
2017-10-30,25940,2017-03-31,2,32320000000,-0.013,,,,,1315000000,0.697,1418000000,0.468,,901000000,,40.54,,,,,,,,,,,,,,,,,,,,,,true,false,6,2016-04-01,2016-09-30,-1
2017-10-30,25940,2018-03-31,2,65000000000,0.032,,,,,780000000,-0.434,960000000,-0.384,,500000000,,22.49,,,,,,,,,,,,,,,,,,,,,,true,true,12,2017-04-01,2018-03-31,0
2017-10-30,25940,2017-03-31,2,,,,,,,,,,,,,,,,,,,,50707000000,36032000000,0.698,,35378000000,,,,,,,,,,,,true,false,12,2016-04-01,2017-03-31,-1
2017-10-30,25940,2017-03-31,2,,,,,,,,,,,,,,,,,,,,,,,,,,,,,18.00,,,,22689000,458040,,false,false,12,2016-04-01,2017-03-31,-1
2017-10-30,25940,2018-03-31,2,,,,,,,,,,,,,,,,,,,,,,,,,,,,,9.00,,,,,,,false,false,12,2017-04-01,2018-03-31,0
2017-10-30,25940,2018-03-31,2,,,,,,,,,,,,,,,,,,,,,,,,,,,,,18.00,,,,,,,false,true,12,2017-04-01,2018-03-31,0
2017-10-30,25940,2018-03-31,2,,,,,,,,,,,,,,,,,,,,,,,,,,,,,,,,,22689000,458040,22230960,false,false,6,2017-04-01,2017-09-30,0
2017-10-30,25940,2017-03-31,2,,,,,,,,,,,,,,,,,,,,,,,,,,,,,,,,,,,22231055,false,false,6,2016-04-01,2016-09-30,-1
2018-01-29,25940,2018-03-31,3,48689000000,0.003,,,,,770000000,-0.569,975000000,-0.507,,524000000,,23.58,,,,,,50590000000,36322000000,0.705,,35681000000,,,,,,,,,,,,true,false,9,2017-04-01,2017-12-31,0
2018-01-29,25940,2017-03-31,3,48521000000,-0.034,,,,,1788000000,0.079,1978000000,0.025,,1238000000,,55.72,,,,,,,,,,,,,,,,,,,,,,true,false,9,2016-04-01,2016-12-31,-1
2018-01-29,25940,2018-03-31,3,63300000000,0.005,,,,,300000000,-0.782,500000000,-0.679,,170000000,,7.65,,,,,,,,,,,,,,,,,,,,,,true,true,12,2017-04-01,2018-03-31,0
2018-01-29,25940,2017-03-31,3,,,,,,,,,,,,,,,,,,,,50707000000,36032000000,0.698,,35378000000,,,,,,,,,,,,true,false,12,2016-04-01,2017-03-31,-1
2018-01-29,25940,2017-03-31,3,,,,,,,,,,,,,,,,,,,,,,,,,,,,,18.00,,,,22689000,458040,,false,false,12,2016-04-01,2017-03-31,-1
2018-01-29,25940,2018-03-31,3,,,,,,,,,,,,,,,,,,,,,,,,,,,,,9.00,,,,,,,false,false,12,2017-04-01,2018-03-31,0
2018-01-29,25940,2018-03-31,3,,,,,,,,,,,,,,,,,,,,,,,,,,,,,18.00,,,,,,,false,true,12,2017-04-01,2018-03-31,0
2018-01-29,25940,2018-03-31,3,,,,,,,,,,,,,,,,,,,,,,,,,,,,,,,,,22689000,458040,22230960,false,false,9,2017-04-01,2017-12-31,0
2018-01-29,25940,2017-03-31,3,,,,,,,,,,,,,,,,,,,,,,,,,,,,,,,,,,,22231045,false,false,9,2016-04-01,2016-12-31,-1
2018-05-09,25940,2018-03-31,,63027000000,0.001,,,,,319000000,-0.768,474000000,-0.696,,319000000,,14.42,,0.009,0.010,0.005,,46623000000,33819000000,0.716,1559.63,33383000000,-1025000000,1454000000,-1858000000,5278000000,,1.248,,,,,,true,false,12,2017-04-01,2018-03-31,0
2018-05-09,25940,2017-03-31,,62996000000,-0.029,,,,,1377000000,0.307,1559000000,0.135,,1134000000,,51.04,,0.032,0.031,0.022,,50707000000,36032000000,0.698,1591.39,35378000000,3363000000,-2186000000,-270000000,6708000000,,0.353,,,,,,true,false,12,2016-04-01,2017-03-31,-1
2018-05-09,25940,2019-03-31,,33000000000,0.030,,,,,500000000,0.077,600000000,0.025,,350000000,,16.35,,,,,,,,,,,,,,,,,,,,,,true,true,6,2018-04-01,2018-09-30,1
2018-05-09,25940,2019-03-31,,65000000000,0.031,,,,,1000000000,2.126,1100000000,1.317,,600000000,,28.03,,,,,,,,,,,,,,,,0.642,,,,,,true,true,12,2018-04-01,2019-03-31,1
2018-05-09,25940,2018-03-31,,55314000000,0.002,,,,,414000000,-0.703,514000000,-0.671,508000000,,-0.103,22.95,,,,,,42295000000,32224000000,0.762,1505.47,32224000000,,,,,18.00,,,,22689000,1284040,22162127,false,false,12,2017-04-01,2018-03-31,0
2018-05-09,25940,2017-03-31,,55182000000,-0.022,,,,,1396000000,0.248,1560000000,0.122,567000000,,-0.409,25.51,,,,,,46130000000,33973000000,0.736,1528.21,33973000000,,,,,18.00,,,,22689000,458040,22231029,false,false,12,2016-04-01,2017-03-31,-1
2018-05-09,25940,2019-03-31,,,,,,,,,,,,,,,,,,,,,,,,,,,,,,18.00,,,,,,,false,true,12,2018-04-01,2019-03-31,1
2018-07-30,25940,2019-03-31,1,16624000000,0.008,,,,,228000000,-0.555,294000000,-0.480,,144000000,,6.74,,,,,,48183000000,33860000000,0.694,,33415000000,,,,,,,,,,,,true,false,3,2018-04-01,2018-06-30,0
2018-07-30,25940,2018-03-31,1,16498000000,-0.009,,,,,513000000,-0.453,566000000,-0.444,,346000000,,15.60,,,,,,,,,,,,,,,,,,,,,,true,false,3,2017-04-01,2017-06-30,-1
2018-07-30,25940,2019-03-31,1,33000000000,0.030,,,,,500000000,0.077,600000000,0.025,,350000000,,16.35,,,,,,,,,,,,,,,,,,,,,,true,true,6,2018-04-01,2018-09-30,0
2018-07-30,25940,2019-03-31,1,65000000000,0.031,,,,,1000000000,2.126,1100000000,1.317,,600000000,,28.03,,,,,,,,,,,,,,,,,,,,,,true,true,12,2018-04-01,2019-03-31,0
2018-07-30,25940,2018-03-31,1,,,,,,,,,,,,,,,,,,,,46595000000,33819000000,0.716,,33383000000,,,,,,,,,,,,true,false,12,2017-04-01,2018-03-31,-1
2018-07-30,25940,2018-03-31,1,,,,,,,,,,,,,,,,,,,,,,,,,,,,,18.00,,,,22689000,1284040,,false,false,12,2017-04-01,2018-03-31,-1
2018-07-30,25940,2019-03-31,1,,,,,,,,,,,,,,,,,,,,,,,,,,,,,18.00,,,,,,,false,true,12,2018-04-01,2019-03-31,0
2018-07-30,25940,2019-03-31,1,,,,,,,,,,,,,,,,,,,,,,,,,,,,,,,,,22689000,1284040,21404960,false,false,3,2018-04-01,2018-06-30,0
2018-07-30,25940,2018-03-31,1,,,,,,,,,,,,,,,,,,,,,,,,,,,,,,,,,,,22230960,false,false,3,2017-04-01,2017-06-30,-1
2018-10-29,25940,2019-03-31,2,32167000000,0.004,,,,,313000000,-0.325,410000000,-0.298,,179000000,,8.40,,,,,,47433000000,33975000000,0.707,,33513000000,,,,,,,,,,,,true,false,6,2018-04-01,2018-09-30,0
2018-10-29,25940,2018-03-31,2,32025000000,-0.009,,,,,464000000,-0.647,585000000,-0.588,,422000000,,18.98,,,,,,,,,,,,,,,,,,,,,,true,false,6,2017-04-01,2017-09-30,-1
2018-10-29,25940,2019-03-31,2,64000000000,0.015,,,,,650000000,1.032,830000000,0.748,,440000000,,20.56,,,,,,,,,,,,,,,,,,,,,,true,true,12,2018-04-01,2019-03-31,0
2018-10-29,25940,2018-03-31,2,,,,,,,,,,,,,,,,,,,,46595000000,33819000000,0.716,,33383000000,,,,,,,,,,,,true,false,12,2017-04-01,2018-03-31,-1
2018-10-29,25940,2018-03-31,2,,,,,,,,,,,,,,,,,,,,,,,,,,,,,18.00,,,,22689000,1284040,,false,false,12,2017-04-01,2018-03-31,-1
2018-10-29,25940,2019-03-31,2,,,,,,,,,,,,,,,,,,,,,,,,,,,,,9.00,,,,,,,false,false,12,2018-04-01,2019-03-31,0
2018-10-29,25940,2019-03-31,2,,,,,,,,,,,,,,,,,,,,,,,,,,,,,18.00,,,,,,,false,true,12,2018-04-01,2019-03-31,0
2018-10-29,25940,2019-03-31,2,,,,,,,,,,,,,,,,,,,,,,,,,,,,,,,,,22689000,1284040,21404960,false,false,6,2018-04-01,2018-09-30,0
2018-10-29,25940,2018-03-31,2,,,,,,,,,,,,,,,,,,,,,,,,,,,,,,,,,,,22230960,false,false,6,2017-04-01,2017-09-30,-1
2019-01-28,25940,2019-03-31,3,48800000000,0.002,,,,,848000000,0.101,1014000000,0.041,,593000000,,27.74,,,,,,49463000000,34210000000,0.683,,33802000000,,,,,,,,,,,,true,false,9,2018-04-01,2018-12-31,0
2019-01-28,25940,2018-03-31,3,48689000000,0.003,,,,,770000000,-0.569,975000000,-0.507,,524000000,,23.58,,,,,,,,,,,,,,,,,,,,,,true,false,9,2017-04-01,2017-12-31,-1
2019-01-28,25940,2019-03-31,3,64000000000,0.015,,,,,650000000,1.032,830000000,0.748,,440000000,,20.56,,,,,,,,,,,,,,,,,,,,,,true,true,12,2018-04-01,2019-03-31,0
2019-01-28,25940,2018-03-31,3,,,,,,,,,,,,,,,,,,,,46595000000,33819000000,0.716,,33383000000,,,,,,,,,,,,true,false,12,2017-04-01,2018-03-31,-1
2019-01-28,25940,2018-03-31,3,,,,,,,,,,,,,,,,,,,,,,,,,,,,,18.00,,,,22689000,1284040,,false,false,12,2017-04-01,2018-03-31,-1
2019-01-28,25940,2019-03-31,3,,,,,,,,,,,,,,,,,,,,,,,,,,,,,9.00,,,,,,,false,false,12,2018-04-01,2019-03-31,0
2019-01-28,25940,2019-03-31,3,,,,,,,,,,,,,,,,,,,,,,,,,,,,,18.00,,,,,,,false,true,12,2018-04-01,2019-03-31,0
2019-01-28,25940,2019-03-31,3,,,,,,,,,,,,,,,,,,,,,,,,,,,,,,,,,22689000,1284040,21404960,false,false,9,2018-04-01,2018-12-31,0
2019-01-28,25940,2018-03-31,3,,,,,,,,,,,,,,,,,,,,,,,,,,,,,,,,,,,22230960,false,false,9,2017-04-01,2017-12-31,-1
2019-05-13,25940,2019-03-31,,63605000000,0.009,,,,,495000000,0.550,642000000,0.354,,234000000,,10.95,,0.007,0.014,0.008,,48215000000,33670000000,0.692,1558.32,33355000000,3350000000,-902000000,-492000000,7226000000,,1.644,,,,,,true,false,12,2018-04-01,2019-03-31,0
2019-05-13,25940,2018-03-31,,63027000000,0.001,,,,,319000000,-0.768,474000000,-0.696,,319000000,,14.42,,0.009,0.010,0.005,,46595000000,33819000000,0.716,1559.63,33383000000,-1041000000,1470000000,-1858000000,5278000000,,1.248,,,,,,true,false,12,2017-04-01,2018-03-31,-1
2019-05-13,25940,2020-03-31,,64000000000,0.006,,,,,600000000,0.210,760000000,0.182,,700000000,,32.70,,,,,,,,,,,,,,,,0.550,,,,,,true,true,12,2019-04-01,2020-03-31,1
2019-05-13,25940,2019-03-31,,55275000000,-0.001,,,,,587000000,0.416,827000000,0.609,99000000,,-0.804,4.65,,,,,,43575000000,32137000000,0.738,1501.38,32137000000,,,,,18.00,,,,22689000,1284040,21404960,false,false,12,2018-04-01,2019-03-31,0
2019-05-13,25940,2018-03-31,,55314000000,0.002,,,,,414000000,-0.703,514000000,-0.671,508000000,,-0.103,22.95,,,,,,42265000000,32224000000,0.762,1505.47,32224000000,,,,,18.00,,,,22689000,1284040,22162127,false,false,12,2017-04-01,2018-03-31,-1
2019-05-13,25940,2020-03-31,,,,,,,,,,,,,,,,,,,,,,,,,,,,,,18.00,,,,,,,false,true,12,2019-04-01,2020-03-31,1
2019-07-29,25940,2020-03-31,1,16518000000,-0.006,,,,,573000000,1.506,662000000,1.249,,369000000,,17.25,,,,,,49052000000,33830000000,0.683,,33509000000,,,,,,,,,,,,true,false,3,2019-04-01,2019-06-30,0
2019-07-29,25940,2019-03-31,1,16624000000,0.008,,,,,228000000,-0.555,294000000,-0.480,,144000000,,6.74,,,,,,,,,,,,,,,,,,,,,,true,false,3,2018-04-01,2018-06-30,-1
2019-07-29,25940,2020-03-31,1,64000000000,0.006,,,,,600000000,0.210,760000000,0.182,,700000000,,32.70,,,,,,,,,,,,,,,,,,,,,,true,true,12,2019-04-01,2020-03-31,0
2019-07-29,25940,2019-03-31,1,,,,,,,,,,,,,,,,,,,,48215000000,33670000000,0.692,,33355000000,,,,,,,,,,,,true,false,12,2018-04-01,2019-03-31,-1
2019-07-29,25940,2019-03-31,1,,,,,,,,,,,,,,,,,,,,,,,,,,,,,18.00,,,,22689000,1284040,,false,false,12,2018-04-01,2019-03-31,-1
2019-07-29,25940,2020-03-31,1,,,,,,,,,,,,,,,,,,,,,,,,,,,,,18.00,,,,,,,false,true,12,2019-04-01,2020-03-31,0
2019-07-29,25940,2020-03-31,1,,,,,,,,,,,,,,,,,,,,,,,,,,,,,,,,,22689000,1284087,21404945,false,false,3,2019-04-01,2019-06-30,0
2019-07-29,25940,2019-03-31,1,,,,,,,,,,,,,,,,,,,,,,,,,,,,,,,,,,,21404960,false,false,3,2018-04-01,2018-06-30,-1
2019-10-28,25940,2020-03-31,2,32219000000,0.002,,,,,519000000,0.656,729000000,0.777,,929000000,,43.43,,,,,,49294000000,34518000000,0.694,,34206000000,,,,,,,,,,,,true,false,6,2019-04-01,2019-09-30,0
2019-10-28,25940,2019-03-31,2,32167000000,0.004,,,,,313000000,-0.325,410000000,-0.298,,179000000,,8.40,,,,,,,,,,,,,,,,,,,,,,true,false,6,2018-04-01,2018-09-30,-1
2019-10-28,25940,2020-03-31,2,64000000000,0.006,,,,,600000000,0.210,760000000,0.182,,700000000,,32.70,,,,,,,,,,,,,,,,,,,,,,true,true,12,2019-04-01,2020-03-31,0
2019-10-28,25940,2019-03-31,2,,,,,,,,,,,,,,,,,,,,48215000000,33670000000,0.692,,33355000000,,,,,,,,,,,,true,false,12,2018-04-01,2019-03-31,-1
2019-10-28,25940,2019-03-31,2,,,,,,,,,,,,,,,,,,,,,,,,,,,,,18.00,,,,22689000,1284040,,false,false,12,2018-04-01,2019-03-31,-1
2019-10-28,25940,2020-03-31,2,,,,,,,,,,,,,,,,,,,,,,,,,,,,,9.00,,,,,,,false,false,12,2019-04-01,2020-03-31,0
2019-10-28,25940,2020-03-31,2,,,,,,,,,,,,,,,,,,,,,,,,,,,,,18.00,,,,,,,false,true,12,2019-04-01,2020-03-31,0
2019-10-28,25940,2020-03-31,2,,,,,,,,,,,,,,,,,,,,,,,,,,,,,,,,,22689000,1283887,21405062,false,false,6,2019-04-01,2019-09-30,0
2019-10-28,25940,2019-03-31,2,,,,,,,,,,,,,,,,,,,,,,,,,,,,,,,,,,,21404960,false,false,6,2018-04-01,2018-09-30,-1
2020-01-31,25940,2020-03-31,3,48878000000,0.002,,,,,1096000000,0.293,1392000000,0.372,,1253000000,,58.55,,,,,,49923000000,34730000000,0.690,,34445000000,,,,,,,,,,,,true,false,9,2019-04-01,2019-12-31,0
2020-01-31,25940,2019-03-31,3,48800000000,0.002,,,,,848000000,0.101,1014000000,0.041,,593000000,,27.74,,,,,,,,,,,,,,,,,,,,,,true,false,9,2018-04-01,2018-12-31,-1
2020-01-31,25940,2020-03-31,3,64000000000,0.006,,,,,600000000,0.210,760000000,0.182,,700000000,,32.70,,,,,,,,,,,,,,,,,,,,,,true,true,12,2019-04-01,2020-03-31,0
2020-01-31,25940,2019-03-31,3,,,,,,,,,,,,,,,,,,,,48215000000,33670000000,0.692,,33355000000,,,,,,,,,,,,true,false,12,2018-04-01,2019-03-31,-1
2020-01-31,25940,2019-03-31,3,,,,,,,,,,,,,,,,,,,,,,,,,,,,,18.00,,,,22689000,1284040,,false,false,12,2018-04-01,2019-03-31,-1
2020-01-31,25940,2020-03-31,3,,,,,,,,,,,,,,,,,,,,,,,,,,,,,9.00,,,,,,,false,false,12,2019-04-01,2020-03-31,0
2020-01-31,25940,2020-03-31,3,,,,,,,,,,,,,,,,,,,,,,,,,,,,,20.00,,,,,,,false,true,12,2019-04-01,2020-03-31,0
2020-01-31,25940,2020-03-31,3,,,,,,,,,,,,,,,,,,,,,,,,,,,,,,,,,22689000,1283887,21405068,false,false,9,2019-04-01,2019-12-31,0
2020-01-31,25940,2019-03-31,3,,,,,,,,,,,,,,,,,,,,,,,,,,,,,,,,,,,21404960,false,false,9,2018-04-01,2018-12-31,-1
2020-05-19,25940,2020-03-31,,62664000000,-0.015,,,,,531000000,0.071,734000000,0.142,,725000000,,33.90,,0.022,0.015,0.008,,48266000000,33838000000,0.695,1567.82,33559000000,510000000,1198000000,-674000000,8261000000,,0.590,,,,,,true,false,12,2019-04-01,2020-03-31,0
2020-05-19,25940,2019-03-31,,63605000000,0.009,,,,,495000000,0.550,642000000,0.354,,234000000,,10.95,,0.007,0.014,0.008,,48215000000,33670000000,0.692,1558.32,33355000000,3257000000,-810000000,-492000000,7226000000,,1.644,,,,,,true,false,12,2018-04-01,2019-03-31,-1
2020-05-19,25940,2020-03-31,,54702000000,-0.010,,,,,493000000,-0.160,567000000,-0.315,574000000,,4.766,26.85,,,,,,43698000000,32227000000,0.737,1505.57,32227000000,,,,,20.00,,,,22689000,1283936,21405084,false,false,12,2019-04-01,2020-03-31,0
2020-05-19,25940,2019-03-31,,55275000000,-0.001,,,,,587000000,0.416,827000000,0.609,99000000,,-0.804,4.65,,,,,,43575000000,32137000000,0.738,1501.38,32137000000,,,,,18.00,,,,22689000,1284040,21404960,false,false,12,2018-04-01,2019-03-31,-1
2020-07-31,25940,2021-03-31,1,11822000000,-0.284,,,,,-932000000,,-1140000000,,,-1068000000,,-49.93,,,,,,45834000000,32580000000,0.705,,32303000000,,,,,,,,,,,,true,false,3,2020-04-01,2020-06-30,0
2020-07-31,25940,2020-03-31,1,16518000000,-0.006,,,,,573000000,1.506,662000000,1.249,,369000000,,17.25,,,,,,,,,,,,,,,,,,,,,,true,false,3,2019-04-01,2019-06-30,-1
2020-07-31,25940,2020-03-31,1,,,,,,,,,,,,,,,,,,,,48266000000,33838000000,0.695,,33559000000,,,,,,,,,,,,true,false,12,2019-04-01,2020-03-31,-1
2020-07-31,25940,2020-03-31,1,,,,,,,,,,,,,,,,,,,,,,,,,,,,,20.00,,,,22689000,1283936,,false,false,12,2019-04-01,2020-03-31,-1
2020-07-31,25940,2021-03-31,1,,,,,,,,,,,,,,,,,,,,,,,,,,,,,0.00,,,,,,,false,true,12,2020-04-01,2021-03-31,0
2020-07-31,25940,2021-03-31,1,,,,,,,,,,,,,,,,,,,,,,,,,,,,,,,,,22689000,1283936,21405064,false,false,3,2020-04-01,2020-06-30,0
2020-07-31,25940,2020-03-31,1,,,,,,,,,,,,,,,,,,,,,,,,,,,,,,,,,,,21404945,false,false,3,2019-04-01,2019-06-30,-1
2020-10-30,25940,2021-03-31,2,25382000000,-0.212,,,,,-1710000000,,-2005000000,,,-2082000000,,-97.30,,,,,,45672000000,31630000000,0.686,,31350000000,,,,,,,,,,,,true,false,6,2020-04-01,2020-09-30,0
2020-10-30,25940,2020-03-31,2,32219000000,0.002,,,,,519000000,0.656,729000000,0.777,,929000000,,43.43,,,,,,,,,,,,,,,,,,,,,,true,false,6,2019-04-01,2019-09-30,-1
2020-10-30,25940,2021-03-31,2,53500000000,-0.146,,,,,-2900000000,,-3300000000,,,-3500000000,,-163.51,,,,,,,,,,,,,,,,,,,,,,true,true,12,2020-04-01,2021-03-31,0
2020-10-30,25940,2020-03-31,2,,,,,,,,,,,,,,,,,,,,48266000000,33838000000,0.695,,33559000000,,,,,,,,,,,,true,false,12,2019-04-01,2020-03-31,-1
2020-10-30,25940,2020-03-31,2,,,,,,,,,,,,,,,,,,,,,,,,,,,,,20.00,,,,22689000,1283936,,false,false,12,2019-04-01,2020-03-31,-1
2020-10-30,25940,2021-03-31,2,,,,,,,,,,,,,,,,,,,,,,,,,,,,,,,,,22689000,1283936,21405064,false,false,6,2020-04-01,2020-09-30,0
2020-10-30,25940,2020-03-31,2,,,,,,,,,,,,,,,,,,,,,,,,,,,,,,,,,,,21405062,false,false,6,2019-04-01,2019-09-30,-1
2021-01-29,25940,2021-03-31,3,40349000000,-0.174,,,,,-1375000000,,-1748000000,,,-1952000000,,-91.20,,,,,,46092000000,31782000000,0.684,,31510000000,,,,,,,,,,,,true,false,9,2020-04-01,2020-12-31,0
2021-01-29,25940,2020-03-31,3,48878000000,0.002,,,,,1096000000,0.293,1392000000,0.372,,1253000000,,58.55,,,,,,,,,,,,,,,,,,,,,,true,false,9,2019-04-01,2019-12-31,-1
2021-01-29,25940,2021-03-31,3,53500000000,-0.146,,,,,-2900000000,,-3300000000,,,-4200000000,,-196.22,,,,,,,,,,,,,,,,,,,,,,true,true,12,2020-04-01,2021-03-31,0
2021-01-29,25940,2020-03-31,3,,,,,,,,,,,,,,,,,,,,48266000000,33838000000,0.695,,33559000000,,,,,,,,,,,,true,false,12,2019-04-01,2020-03-31,-1
2021-01-29,25940,2020-03-31,3,,,,,,,,,,,,,,,,,,,,,,,,,,,,,20.00,,,,22689000,1283936,,false,false,12,2019-04-01,2020-03-31,-1
2021-01-29,25940,2021-03-31,3,,,,,,,,,,,,,,,,,,,,,,,,,,,,,0.00,,,,,,,false,false,12,2020-04-01,2021-03-31,0
2021-01-29,25940,2021-03-31,3,,,,,,,,,,,,,,,,,,,,,,,,,,,,,,,,,22689000,1283956,21405060,false,false,9,2020-04-01,2020-12-31,0
2021-01-29,25940,2020-03-31,3,,,,,,,,,,,,,,,,,,,,,,,,,,,,,,,,,,,21405068,false,false,9,2019-04-01,2019-12-31,-1
2021-05-17,25940,2021-03-31,,52602000000,-0.161,,,,,-2470000000,,-3159000000,,,-4084000000,,-190.80,,-0.129,-0.069,-0.047,,43794000000,29926000000,0.678,1386.27,29673000000,-1193000000,-396000000,-908000000,5756000000,,-0.027,,,,,,true,false,12,2020-04-01,2021-03-31,0
2021-05-17,25940,2020-03-31,,62664000000,-0.015,,,,,531000000,0.071,734000000,0.142,,725000000,,33.90,,0.022,0.015,0.008,,48266000000,33838000000,0.695,1567.82,33559000000,510000000,1198000000,-674000000,8261000000,,0.590,,,,,,true,false,12,2019-04-01,2020-03-31,-1
2021-05-17,25940,2021-03-31,,46235000000,-0.155,,,,,-1494000000,,-2441000000,,-3307000000,,,-154.50,,,,,,40858000000,28796000000,0.705,1345.33,28796000000,,,,,5.00,,,,22689000,1283956,21405056,false,false,12,2020-04-01,2021-03-31,0
2021-05-17,25940,2020-03-31,,54702000000,-0.010,,,,,493000000,-0.160,567000000,-0.315,574000000,,4.766,26.85,,,,,,43698000000,32227000000,0.737,1505.57,32227000000,,,,,20.00,,,,22689000,1283936,21405084,false,false,12,2019-04-01,2020-03-31,-1
2021-07-30,25940,2022-03-31,1,13773000000,0.165,,,,,277000000,,451000000,,,301000000,,14.09,,,,,,43194000000,30081000000,0.690,,29808000000,,,,,,,,,,,,true,false,3,2021-04-01,2021-06-30,0
2021-07-30,25940,2021-03-31,1,11822000000,-0.284,,,,,-932000000,,-1140000000,,,-1068000000,,-49.93,,,,,,,,,,,,,,,,,,,,,,true,false,3,2020-04-01,2020-06-30,-1
2021-07-30,25940,2021-03-31,1,,,,,,,,,,,,,,,,,,,,43794000000,29926000000,0.678,,29673000000,,,,,,,,,,,,true,false,12,2020-04-01,2021-03-31,-1
2021-07-30,25940,2021-03-31,1,,,,,,,,,,,,,,,,,,,,,,,,,,,,,5.00,,,,22689000,1283936,,false,false,12,2020-04-01,2021-03-31,-1
2021-07-30,25940,2022-03-31,1,,,,,,,,,,,,,,,,,,,,,,,,,,,,,,,,,22689000,1281556,21407444,false,false,3,2021-04-01,2021-06-30,0
2021-07-30,25940,2021-03-31,1,,,,,,,,,,,,,,,,,,,,,,,,,,,,,,,,,,,21405064,false,false,3,2020-04-01,2020-06-30,-1
2021-10-29,25940,2022-03-31,2,27242000000,0.073,,,,,297000000,,471000000,,,308000000,,14.42,,,,,,42820000000,30152000000,0.698,,29879000000,,,,,,,,,,,,true,false,6,2021-04-01,2021-09-30,0
2021-10-29,25940,2021-03-31,2,25382000000,-0.212,,,,,-1710000000,,-2005000000,,,-2082000000,,-97.30,,,,,,,,,,,,,,,,,,,,,,true,false,6,2020-04-01,2020-09-30,-1
2021-10-29,25940,2022-03-31,2,55300000000,0.051,,,,,100000000,,550000000,,,300000000,,14.90,,,,,,,,,,,,,,,,,,,,,,true,true,12,2021-04-01,2022-03-31,0
2021-10-29,25940,2021-03-31,2,,,,,,,,,,,,,,,,,,,,43794000000,29926000000,0.678,,29673000000,,,,,,,,,,,,true,false,12,2020-04-01,2021-03-31,-1
2021-10-29,25940,2021-03-31,2,,,,,,,,,,,,,,,,,,,,,,,,,,,,,5.00,,,,22689000,1283956,,false,false,12,2020-04-01,2021-03-31,-1
2021-10-29,25940,2022-03-31,2,,,,,,,,,,,,,,,,,,,,,,,,,,,,,5.00,,,,,,,false,false,12,2021-04-01,2022-03-31,0
2021-10-29,25940,2022-03-31,2,,,,,,,,,,,,,,,,,,,,,,,,,,,,,10.00,,,,,,,false,true,12,2021-04-01,2022-03-31,0
2021-10-29,25940,2022-03-31,2,,,,,,,,,,,,,,,,,,,,,,,,,,,,,,,,,22689000,1277756,21409344,false,false,6,2021-04-01,2021-09-30,0
2021-10-29,25940,2021-03-31,2,,,,,,,,,,,,,,,,,,,,,,,,,,,,,,,,,,,21405064,false,false,6,2020-04-01,2020-09-30,-1
2022-01-31,25940,2022-03-31,3,42621000000,0.056,,,,,869000000,,1401000000,,,1044000000,,48.80,,,,,,44732000000,30736000000,0.681,,30464000000,,,,,,,,,,,,true,false,9,2021-04-01,2021-12-31,0
2022-01-31,25940,2021-03-31,3,40349000000,-0.174,,,,,-1375000000,,-1748000000,,,-1952000000,,-91.20,,,,,,,,,,,,,,,,,,,,,,true,false,9,2020-04-01,2020-12-31,-1
2022-01-31,25940,2022-03-31,3,55300000000,0.051,,,,,100000000,,550000000,,,300000000,,14.90,,,,,,,,,,,,,,,,,,,,,,true,true,12,2021-04-01,2022-03-31,0
2022-01-31,25940,2021-03-31,3,,,,,,,,,,,,,,,,,,,,43794000000,29926000000,0.678,,29673000000,,,,,,,,,,,,true,false,12,2020-04-01,2021-03-31,-1
2022-01-31,25940,2021-03-31,3,,,,,,,,,,,,,,,,,,,,,,,,,,,,,5.00,,,,22689000,1283956,,false,false,12,2020-04-01,2021-03-31,-1
2022-01-31,25940,2022-03-31,3,,,,,,,,,,,,,,,,,,,,,,,,,,,,,5.00,,,,,,,false,false,12,2021-04-01,2022-03-31,0
2022-01-31,25940,2022-03-31,3,,,,,,,,,,,,,,,,,,,,,,,,,,,,,10.00,,,,,,,false,true,12,2021-04-01,2022-03-31,0
2022-01-31,25940,2022-03-31,3,,,,,,,,,,,,,,,,,,,,,,,,,,,,,,,,,22689000,1277756,21409977,false,false,9,2021-04-01,2021-12-31,0
2022-01-31,25940,2021-03-31,3,,,,,,,,,,,,,,,,,,,,,,,,,,,,,,,,,,,21405060,false,false,9,2020-04-01,2020-12-31,-1
2022-02-22,25940,2022-03-31,,55300000000,,,,,,100000000,,750000000,0.363,,500000000,,23.35,,,,,,,,,,,,,,,,,,,,,,true,true,12,2021-04-01,2022-03-31,0
2022-02-22,25940,2021-03-31,,52602000000,,,,,,-2470000000,,-3159000000,,,-4084000000,,-190.80,,,,,,,,,,,,,,,,,,,,,,true,false,12,2020-04-01,2021-03-31,-1
2022-05-16,25940,2022-03-31,,55680000000,0.059,,,,,405000000,,1022000000,,,742000000,,34.69,,0.025,0.023,0.007,,43429000000,30481000000,0.695,1410.70,30204000000,861000000,-727000000,-466000000,5443000000,,0.288,,,,,,true,false,12,2021-04-01,2022-03-31,0
2022-05-16,25940,2021-03-31,,52602000000,-0.161,,,,,-2470000000,,-3159000000,,,-4084000000,,-190.80,,-0.129,-0.069,-0.047,,43794000000,29926000000,0.678,1386.27,29673000000,-1193000000,-396000000,-908000000,5756000000,,,,,,,,true,false,12,2020-04-01,2021-03-31,-1
2022-05-16,25940,2023-03-31,,64000000000,0.149,,,,,550000000,0.357,700000000,-0.315,,500000000,,23.35,,,,,,,,,,,,,,,,0.428,,,,,,true,true,12,2022-04-01,2023-03-31,1
2022-05-16,25940,2022-03-31,,49063000000,0.061,,,,,529000000,,343000000,,202000000,,,9.44,,,,,,40529000000,28711000000,0.708,1340.96,28711000000,,,,,10.00,,,,22689000,1277756,21410294,false,false,12,2021-04-01,2022-03-31,0
2022-05-16,25940,2021-03-31,,46235000000,-0.155,,,,,-1494000000,,-2441000000,,-3307000000,,,-154.50,,,,,,40858000000,28796000000,0.705,1345.33,28796000000,,,,,5.00,,,,22689000,1283956,21405056,false,false,12,2020-04-01,2021-03-31,-1
2022-05-16,25940,2023-03-31,,,,,,,,,,,,,,,,,,,,,,,,,,,,,,10.00,,,,,,,false,true,12,2022-04-01,2023-03-31,1
2022-07-29,25940,2023-03-31,1,15205000000,0.104,,,,,614000000,1.219,710000000,0.575,,513000000,,24.00,,,,,,44797000000,30937000000,0.684,,30642000000,,,,,,,,,,,,true,false,3,2022-04-01,2022-06-30,0
2022-07-29,25940,2022-03-31,1,13773000000,0.165,,,,,277000000,,451000000,,,301000000,,14.09,,,,,,,,,,,,,,,,,,,,,,true,false,3,2021-04-01,2021-06-30,-1
2022-07-29,25940,2023-03-31,1,64000000000,0.149,,,,,550000000,0.357,700000000,-0.315,,500000000,,23.35,,,,,,,,,,,,,,,,,,,,,,true,true,12,2022-04-01,2023-03-31,0
2022-07-29,25940,2022-03-31,1,,,,,,,,,,,,,,,,,,,,43429000000,30481000000,0.695,,30204000000,,,,,,,,,,,,true,false,12,2021-04-01,2022-03-31,-1
2022-07-29,25940,2022-03-31,1,,,,,,,,,,,,,,,,,,,,,,,,,,,,,10.00,,,,22689000,1277756,,false,false,12,2021-04-01,2022-03-31,-1
2022-07-29,25940,2023-03-31,1,,,,,,,,,,,,,,,,,,,,,,,,,,,,,10.00,,,,,,,false,true,12,2022-04-01,2023-03-31,0
2022-07-29,25940,2023-03-31,1,,,,,,,,,,,,,,,,,,,,,,,,,,,,,,,,,22689000,1276656,21412344,false,false,3,2022-04-01,2022-06-30,0
2022-07-29,25940,2022-03-31,1,,,,,,,,,,,,,,,,,,,,,,,,,,,,,,,,,,,21407444,false,false,3,2021-04-01,2021-06-30,-1
2022-07-29,25940,2023-03-31,1,15205000000,0.104,,,,,627000000,1.265,722000000,0.603,,524000000,,24.51,,,,,,44793000000,30939000000,0.684,,30644000000,,,,,,,,,,,,true,false,3,2022-04-01,2022-06-30,0
2022-07-29,25940,2022-03-31,1,13773000000,0.165,,,,,277000000,,451000000,,,301000000,,14.09,,,,,,,,,,,,,,,,,,,,,,true,false,3,2021-04-01,2021-06-30,-1
2022-07-29,25940,2023-03-31,1,64000000000,0.149,,,,,550000000,0.357,700000000,-0.315,,500000000,,23.35,,,,,,,,,,,,,,,,,,,,,,true,true,12,2022-04-01,2023-03-31,0
2022-07-29,25940,2022-03-31,1,,,,,,,,,,,,,,,,,,,,43429000000,30481000000,0.695,,30204000000,,,,,,,,,,,,true,false,12,2021-04-01,2022-03-31,-1
2022-07-29,25940,2022-03-31,1,,,,,,,,,,,,,,,,,,,,,,,,,,,,,10.00,,,,22689000,1277756,,false,false,12,2021-04-01,2022-03-31,-1
2022-07-29,25940,2023-03-31,1,,,,,,,,,,,,,,,,,,,,,,,,,,,,,10.00,,,,,,,false,true,12,2022-04-01,2023-03-31,0
2022-07-29,25940,2023-03-31,1,,,,,,,,,,,,,,,,,,,,,,,,,,,,,,,,,22689000,1276656,21412344,false,false,3,2022-04-01,2022-06-30,0
2022-07-29,25940,2022-03-31,1,,,,,,,,,,,,,,,,,,,,,,,,,,,,,,,,,,,21407444,false,false,3,2021-04-01,2021-06-30,-1
2022-11-14,25940,2023-03-31,2,30310000000,0.113,,,,,514000000,0.728,623000000,0.323,,457000000,,21.37,,,,,,46567000000,30938000000,0.658,,30646000000,,,,,,,,,,,,true,false,6,2022-04-01,2022-09-30,0
2022-11-14,25940,2022-03-31,2,27242000000,0.073,,,,,297000000,,471000000,,,308000000,,14.42,,,,,,,,,,,,,,,,,,,,,,true,false,6,2021-04-01,2021-09-30,-1
2022-11-14,25940,2023-03-31,2,64000000000,0.149,,,,,550000000,0.357,700000000,-0.315,,500000000,,23.35,,,,,,,,,,,,,,,,,,,,,,true,true,12,2022-04-01,2023-03-31,0
2022-11-14,25940,2022-03-31,2,,,,,,,,,,,,,,,,,,,,43429000000,30481000000,0.695,,30204000000,,,,,,,,,,,,true,false,12,2021-04-01,2022-03-31,-1
2022-11-14,25940,2022-03-31,2,,,,,,,,,,,,,,,,,,,,,,,,,,,,,10.00,,,,22689000,1277756,,false,false,12,2021-04-01,2022-03-31,-1
2022-11-14,25940,2023-03-31,2,,,,,,,,,,,,,,,,,,,,,,,,,,,,,5.00,,,,,,,false,false,12,2022-04-01,2023-03-31,0
2022-11-14,25940,2023-03-31,2,,,,,,,,,,,,,,,,,,,,,,,,,,,,,10.00,,,,,,,false,true,12,2022-04-01,2023-03-31,0
2022-11-14,25940,2023-03-31,2,,,,,,,,,,,,,,,,,,,,,,,,,,,,,,,,,22689000,1276656,21412344,false,false,6,2022-04-01,2022-09-30,0
2022-11-14,25940,2022-03-31,2,,,,,,,,,,,,,,,,,,,,,,,,,,,,,,,,,,,21409344,false,false,6,2021-04-01,2021-09-30,-1
2023-01-30,25940,2023-03-31,3,47362000000,0.111,,,,,866000000,-0.003,998000000,-0.288,,719000000,,33.62,,,,,,50498000000,31140000000,0.611,,30850000000,,,,,,,,,,,,true,false,9,2022-04-01,2022-12-31,0
2023-01-30,25940,2022-03-31,3,42621000000,0.056,,,,,869000000,,1401000000,,,1044000000,,48.80,,,,,,,,,,,,,,,,,,,,,,true,false,9,2021-04-01,2021-12-31,-1
2023-01-30,25940,2023-03-31,3,64000000000,0.149,,,,,300000000,-0.260,450000000,-0.560,,300000000,,14.01,,,,,,,,,,,,,,,,,,,,,,true,true,12,2022-04-01,2023-03-31,0
2023-01-30,25940,2022-03-31,3,,,,,,,,,,,,,,,,,,,,43429000000,30481000000,0.695,,30204000000,,,,,,,,,,,,true,false,12,2021-04-01,2022-03-31,-1
2023-01-30,25940,2022-03-31,3,,,,,,,,,,,,,,,,,,,,,,,,,,,,,10.00,,,,22689000,1277756,,false,false,12,2021-04-01,2022-03-31,-1
2023-01-30,25940,2023-03-31,3,,,,,,,,,,,,,,,,,,,,,,,,,,,,,5.00,,,,,,,false,false,12,2022-04-01,2023-03-31,0
2023-01-30,25940,2023-03-31,3,,,,,,,,,,,,,,,,,,,,,,,,,,,,,10.00,,,,,,,false,true,12,2022-04-01,2023-03-31,0
2023-01-30,25940,2023-03-31,3,,,,,,,,,,,,,,,,,,,,,,,,,,,,,,,,,22689000,1276656,21412344,false,false,9,2022-04-01,2022-12-31,0
2023-01-30,25940,2022-03-31,3,,,,,,,,,,,,,,,,,,,,,,,,,,,,,,,,,,,21409977,false,false,9,2021-04-01,2021-12-31,-1
2023-05-15,25940,2023-03-31,,63298000000,0.137,,,,,244000000,-0.396,349000000,-0.658,,173000000,,8.08,,0.006,0.007,0.004,,51768000000,30530000000,0.584,1412.75,30250000000,-3095000000,-973000000,2757000000,4120000000,,1.237,,,,,,true,false,12,2022-04-01,2023-03-31,0
2023-05-15,25940,2022-03-31,,55680000000,0.059,,,,,405000000,,1022000000,,,742000000,,34.69,,0.025,0.023,0.007,,43429000000,30481000000,0.695,1410.70,30204000000,861000000,-727000000,-466000000,5443000000,,0.288,,,,,,true,false,12,2021-04-01,2022-03-31,-1
2023-05-15,25940,2024-03-31,,75000000000,0.185,,,,,700000000,1.860,700000000,1.004,,500000000,,23.35,,,,,,,,,,,,,,,,0.428,,,,,,true,true,12,2023-04-01,2024-03-31,1
2023-05-15,25940,2023-03-31,,56276000000,0.147,,,,,337000000,-0.363,268000000,-0.218,175000000,,-0.131,8.20,,,,,,48757000000,28754000000,0.590,1342.90,28754000000,,,,,10.00,,,,22689000,1276656,21412344,false,false,12,2022-04-01,2023-03-31,0
2023-05-15,25940,2022-03-31,,49063000000,0.061,,,,,529000000,,343000000,,202000000,,,9.44,,,,,,40529000000,28711000000,0.708,1340.96,28711000000,,,,,10.00,,,,22689000,1277756,21410294,false,false,12,2021-04-01,2022-03-31,-1
2023-05-15,25940,2024-03-31,,,,,,,,,,,,,,,,,,,,,,,,,,,,,,10.00,,,,,,,false,true,12,2023-04-01,2024-03-31,1
2023-07-31,25940,2024-03-31,1,19219000000,0.264,,,,,754000000,0.201,782000000,0.082,,591000000,,27.61,,,,,,54785000000,31113000000,0.562,,30808000000,,,,,,,,,,,,true,false,3,2023-04-01,2023-06-30,0
2023-07-31,25940,2023-03-31,1,15205000000,0.104,,,,,627000000,1.265,722000000,0.603,,524000000,,24.51,,,,,,,,,,,,,,,,,,,,,,true,false,3,2022-04-01,2022-06-30,-1
2023-07-31,25940,2024-03-31,1,75000000000,0.185,,,,,700000000,1.860,700000000,1.004,,500000000,,23.35,,,,,,,,,,,,,,,,,,,,,,true,true,12,2023-04-01,2024-03-31,0
2023-07-31,25940,2023-03-31,1,,,,,,,,,,,,,,,,,,,,51768000000,30530000000,0.584,,30250000000,,,,,,,,,,,,true,false,12,2022-04-01,2023-03-31,-1
2023-07-31,25940,2023-03-31,1,,,,,,,,,,,,,,,,,,,,,,,,,,,,,10.00,,,,22689000,1276656,,false,false,12,2022-04-01,2023-03-31,-1
2023-07-31,25940,2024-03-31,1,,,,,,,,,,,,,,,,,,,,,,,,,,,,,10.00,,,,,,,false,true,12,2023-04-01,2024-03-31,0
2023-07-31,25940,2024-03-31,1,,,,,,,,,,,,,,,,,,,,,,,,,,,,,,,,,22689000,1275856,21413144,false,false,3,2023-04-01,2023-06-30,0
2023-07-31,25940,2023-03-31,1,,,,,,,,,,,,,,,,,,,,,,,,,,,,,,,,,,,21412344,false,false,3,2022-04-01,2022-06-30,-1
2023-10-30,25940,2024-03-31,2,37480000000,0.237,,,,,1041000000,1.025,1121000000,0.800,,786000000,,36.72,,,,,,53948000000,31379000000,0.576,,31070000000,,,,,,,,,,,,true,false,6,2023-04-01,2023-09-30,0
2023-10-30,25940,2023-03-31,2,30310000000,0.113,,,,,514000000,0.728,623000000,0.323,,457000000,,21.37,,,,,,,,,,,,,,,,,,,,,,true,false,6,2022-04-01,2022-09-30,-1
2023-10-30,25940,2024-03-31,2,75000000000,0.185,,,,,1000000000,3.086,1100000000,2.149,,800000000,,37.36,,,,,,,,,,,,,,,,,,,,,,true,true,12,2023-04-01,2024-03-31,0
2023-10-30,25940,2023-03-31,2,,,,,,,,,,,,,,,,,,,,51768000000,30530000000,0.584,,30250000000,,,,,,,,,,,,true,false,12,2022-04-01,2023-03-31,-1
2023-10-30,25940,2023-03-31,2,,,,,,,,,,,,,,,,,,,,,,,,,,,,,10.00,,,,22689000,1276656,,false,false,12,2022-04-01,2023-03-31,-1
2023-10-30,25940,2024-03-31,2,,,,,,,,,,,,,,,,,,,,,,,,,,,,,7.00,,,,,,,false,false,12,2023-04-01,2024-03-31,0
2023-10-30,25940,2024-03-31,2,,,,,,,,,,,,,,,,,,,,,,,,,,,,,12.00,,,,,,,false,true,12,2023-04-01,2024-03-31,0
2023-10-30,25940,2024-03-31,2,,,,,,,,,,,,,,,,,,,,,,,,,,,,,,,,,22689000,1275856,21413144,false,false,6,2023-04-01,2023-09-30,0
2023-10-30,25940,2023-03-31,2,,,,,,,,,,,,,,,,,,,,,,,,,,,,,,,,,,,21412344,false,false,6,2022-04-01,2022-09-30,-1
2024-01-29,25940,2024-03-31,3,56896000000,0.201,,,,,1343000000,0.550,1459000000,0.462,,1028000000,,48.03,,,,,,57264000000,31456000000,0.544,,31153000000,,,,,,,,,,,,true,false,9,2023-04-01,2023-12-31,0
2024-01-29,25940,2023-03-31,3,47362000000,0.111,,,,,866000000,-0.003,998000000,-0.288,,719000000,,33.62,,,,,,,,,,,,,,,,,,,,,,true,false,9,2022-04-01,2022-12-31,-1
2024-01-29,25940,2024-03-31,3,75000000000,0.185,,,,,1000000000,3.086,1100000000,2.149,,800000000,,37.36,,,,,,,,,,,,,,,,,,,,,,true,true,12,2023-04-01,2024-03-31,0
2024-01-29,25940,2023-03-31,3,,,,,,,,,,,,,,,,,,,,51768000000,30530000000,0.584,,30250000000,,,,,,,,,,,,true,false,12,2022-04-01,2023-03-31,-1
2024-01-29,25940,2023-03-31,3,,,,,,,,,,,,,,,,,,,,,,,,,,,,,10.00,,,,22689000,1276656,,false,false,12,2022-04-01,2023-03-31,-1
2024-01-29,25940,2024-03-31,3,,,,,,,,,,,,,,,,,,,,,,,,,,,,,7.00,,,,,,,false,false,12,2023-04-01,2024-03-31,0
2024-01-29,25940,2024-03-31,3,,,,,,,,,,,,,,,,,,,,,,,,,,,,,12.00,,,,,,,false,true,12,2023-04-01,2024-03-31,0
2024-01-29,25940,2024-03-31,3,,,,,,,,,,,,,,,,,,,,,,,,,,,,,,,,,22689000,1275856,21413144,false,false,9,2023-04-01,2023-12-31,0
2024-01-29,25940,2023-03-31,3,,,,,,,,,,,,,,,,,,,,,,,,,,,,,,,,,,,21412344,false,false,9,2022-04-01,2022-12-31,-1
2024-05-13,25940,2024-03-31,,73800000000,0.166,,,,,764000000,2.124,867000000,1.482,,180000000,,8.42,,0.006,0.016,0.010,,54832000000,30971000000,0.559,1432.35,30671000000,582000000,-1678000000,1629000000,4667000000,,1.425,,,,,,true,false,12,2023-04-01,2024-03-31,0
2024-05-13,25940,2023-03-31,,63298000000,0.137,,,,,244000000,-0.396,349000000,-0.658,,173000000,,8.08,,0.006,0.007,0.004,,51768000000,30530000000,0.584,1412.75,30250000000,-3095000000,-973000000,2757000000,4120000000,,1.237,,,,,,true,false,12,2022-04-01,2023-03-31,-1
2024-05-13,25940,2025-03-31,,74000000000,0.003,,,,,500000000,-0.346,700000000,-0.193,,500000000,,23.35,,,,,,,,,,,,,,,,0.514,,,,,,true,true,12,2024-04-01,2025-03-31,1
2024-05-13,25940,2024-03-31,,66405000000,0.180,,,,,564000000,0.673,626000000,1.328,129000000,,-0.265,6.02,,,,,,51571000000,28943000000,0.561,1351.65,28943000000,,,,,12.00,,,,22689000,1275856,21413144,false,false,12,2023-04-01,2024-03-31,0
2024-05-13,25940,2023-03-31,,56276000000,0.147,,,,,337000000,-0.363,268000000,-0.218,175000000,,-0.131,8.20,,,,,,48757000000,28754000000,0.590,1342.90,28754000000,,,,,10.00,,,,22689000,1276656,21412344,false,false,12,2022-04-01,2023-03-31,-1
2024-05-13,25940,2025-03-31,,,,,,,,,,,,,,,,,,,,,,,,,,,,,,12.00,,,,,,,false,true,12,2024-04-01,2025-03-31,1
2024-05-13,25940,2024-03-31,,73800000000,0.166,,,,,764000000,2.124,867000000,1.482,,180000000,,8.42,,0.006,0.016,0.010,,54832000000,30971000000,0.559,1432.35,30671000000,481000000,-1689000000,1741000000,4667000000,,1.425,,,,,,true,false,12,2023-04-01,2024-03-31,0
2024-05-13,25940,2023-03-31,,63298000000,0.137,,,,,244000000,-0.396,349000000,-0.658,,173000000,,8.08,,0.006,0.007,0.004,,51768000000,30530000000,0.584,1412.75,30250000000,-3095000000,-973000000,2757000000,4120000000,,1.237,,,,,,true,false,12,2022-04-01,2023-03-31,-1
2024-05-13,25940,2025-03-31,,74000000000,0.003,,,,,500000000,-0.346,700000000,-0.193,,500000000,,23.35,,,,,,,,,,,,,,,,0.514,,,,,,true,true,12,2024-04-01,2025-03-31,1
2024-05-13,25940,2024-03-31,,66405000000,0.180,,,,,564000000,0.673,626000000,1.328,129000000,,-0.265,6.02,,,,,,51571000000,28943000000,0.561,1351.65,28943000000,,,,,12.00,,,,22689000,1275856,21413144,false,false,12,2023-04-01,2024-03-31,0
2024-05-13,25940,2023-03-31,,56276000000,0.147,,,,,337000000,-0.363,268000000,-0.218,175000000,,-0.131,8.20,,,,,,48757000000,28754000000,0.590,1342.90,28754000000,,,,,10.00,,,,22689000,1276656,21412344,false,false,12,2022-04-01,2023-03-31,-1
2024-05-13,25940,2025-03-31,,,,,,,,,,,,,,,,,,,,,,,,,,,,,,12.00,,,,,,,false,true,12,2024-04-01,2025-03-31,1
2024-07-29,25940,2025-03-31,1,19073000000,-0.008,,,,,665000000,-0.118,716000000,-0.084,,462000000,,21.59,,,,,,57145000000,31311000000,0.542,,30995000000,,,,,,,,,,,,true,false,3,2024-04-01,2024-06-30,0
2024-07-29,25940,2024-03-31,1,19219000000,0.264,,,,,754000000,0.201,782000000,0.082,,591000000,,27.61,,,,,,,,,,,,,,,,,,,,,,true,false,3,2023-04-01,2023-06-30,-1
2024-07-29,25940,2025-03-31,1,74000000000,0.003,,,,,500000000,-0.346,700000000,-0.193,,500000000,,23.35,,,,,,,,,,,,,,,,,,,,,,true,true,12,2024-04-01,2025-03-31,0
2024-07-29,25940,2024-03-31,1,,,,,,,,,,,,,,,,,,,,54832000000,30971000000,0.559,,30671000000,,,,,,,,,,,,true,false,12,2023-04-01,2024-03-31,-1
2024-07-29,25940,2024-03-31,1,,,,,,,,,,,,,,,,,,,,,,,,,,,,,12.00,,,,22689000,1275856,,false,false,12,2023-04-01,2024-03-31,-1
2024-07-29,25940,2025-03-31,1,,,,,,,,,,,,,,,,,,,,,,,,,,,,,12.00,,,,,,,false,true,12,2024-04-01,2025-03-31,0
2024-07-29,25940,2025-03-31,1,,,,,,,,,,,,,,,,,,,,,,,,,,,,,,,,,22689000,1275856,21413144,false,false,3,2024-04-01,2024-06-30,0
2024-07-29,25940,2024-03-31,1,,,,,,,,,,,,,,,,,,,,,,,,,,,,,,,,,,,21413144,false,false,3,2023-04-01,2023-06-30,-1
2024-10-28,25940,2025-03-31,2,38735000000,0.033,,,,,550000000,-0.472,617000000,-0.449,,363000000,,16.98,,,,,,58522000000,31177000000,0.527,,30853000000,,,,,,,,,,,,true,false,6,2024-04-01,2024-09-30,0
2024-10-28,25940,2024-03-31,2,37480000000,0.237,,,,,1041000000,1.025,1121000000,0.800,,786000000,,36.72,,,,,,,,,,,,,,,,,,,,,,true,false,6,2023-04-01,2023-09-30,-1
2024-10-28,25940,2025-03-31,2,74000000000,0.003,,,,,500000000,-0.346,700000000,-0.193,,500000000,,23.35,,,,,,,,,,,,,,,,,,,,,,true,true,12,2024-04-01,2025-03-31,0
2024-10-28,25940,2024-03-31,2,,,,,,,,,,,,,,,,,,,,54832000000,30971000000,0.559,,30671000000,,,,,,,,,,,,true,false,12,2023-04-01,2024-03-31,-1
2024-10-28,25940,2024-03-31,2,,,,,,,,,,,,,,,,,,,,,,,,,,,,,12.00,,,,22689000,1275856,,false,false,12,2023-04-01,2024-03-31,-1
2024-10-28,25940,2025-03-31,2,,,,,,,,,,,,,,,,,,,,,,,,,,,,,6.00,,,,,,,false,false,12,2024-04-01,2025-03-31,0
2024-10-28,25940,2025-03-31,2,,,,,,,,,,,,,,,,,,,,,,,,,,,,,12.00,,,,,,,false,true,12,2024-04-01,2025-03-31,0
2024-10-28,25940,2025-03-31,2,,,,,,,,,,,,,,,,,,,,,,,,,,,,,,,,,22689000,1275922,21413111,false,false,6,2024-04-01,2024-09-30,0
2024-10-28,25940,2024-03-31,2,,,,,,,,,,,,,,,,,,,,,,,,,,,,,,,,,,,21413144,false,false,6,2023-04-01,2023-09-30,-1
2025-01-31,25940,2025-03-31,3,60395000000,0.062,,,,,1471000000,0.096,1597000000,0.094,,1156000000,,54.01,,,,,,61626000000,31795000000,0.511,,31477000000,,,,,,,,,,,,true,false,9,2024-04-01,2024-12-31,0
2025-01-31,25940,2024-03-31,3,56896000000,0.201,,,,,1343000000,0.550,1459000000,0.462,,1028000000,,48.03,,,,,,,,,,,,,,,,,,,,,,true,false,9,2023-04-01,2023-12-31,-1
2025-01-31,25940,2025-03-31,3,74000000000,0.003,,,,,500000000,-0.346,700000000,-0.193,,500000000,,23.35,,,,,,,,,,,,,,,,,,,,,,true,true,12,2024-04-01,2025-03-31,0
2025-01-31,25940,2024-03-31,3,,,,,,,,,,,,,,,,,,,,54832000000,30971000000,0.559,,30671000000,,,,,,,,,,,,true,false,12,2023-04-01,2024-03-31,-1
2025-01-31,25940,2024-03-31,3,,,,,,,,,,,,,,,,,,,,,,,,,,,,,12.00,,,,22689000,1275856,,false,false,12,2023-04-01,2024-03-31,-1
2025-01-31,25940,2025-03-31,3,,,,,,,,,,,,,,,,,,,,,,,,,,,,,6.00,,,,,,,false,false,12,2024-04-01,2025-03-31,0
2025-01-31,25940,2025-03-31,3,,,,,,,,,,,,,,,,,,,,,,,,,,,,,12.00,,,,,,,false,true,12,2024-04-01,2025-03-31,0
2025-01-31,25940,2025-03-31,3,,,,,,,,,,,,,,,,,,,,,,,,,,,,,,,,,22689000,1275847,21413117,false,false,9,2024-04-01,2024-12-31,0
2025-01-31,25940,2024-03-31,3,,,,,,,,,,,,,,,,,,,,,,,,,,,,,,,,,,,21413144,false,false,9,2023-04-01,2023-12-31,-1
2025-05-15,25940,2025-03-31,,77883000000,0.055,,,,,607000000,-0.206,757000000,-0.127,,342000000,,15.99,,0.011,0.013,0.008,,58364000000,31087000000,0.527,1437.07,30772000000,-1343000000,-1080000000,2827000000,5080000000,,0.750,,,,,,true,false,12,2024-04-01,2025-03-31,0
2025-05-15,25940,2024-03-31,,73800000000,0.166,,,,,764000000,2.124,867000000,1.482,,180000000,,8.42,,0.006,0.016,0.010,,54832000000,30971000000,0.559,1432.35,30671000000,481000000,-1689000000,1741000000,4667000000,,1.425,,,,,,true,false,12,2023-04-01,2024-03-31,-1
2025-05-15,25940,2026-03-31,,85000000000,0.091,,,,,700000000,0.152,850000000,0.123,,600000000,,28.01,,,,,,,,,,,,,,,,0.428,,,,,,true,true,12,2025-04-01,2026-03-31,1
2025-05-15,25940,2025-03-31,,70587000000,0.063,,,,,331000000,-0.412,412000000,-0.341,115000000,,-0.107,5.38,,,,,,54928000000,28713000000,0.523,1340.93,28713000000,,,,,12.00,,,,22689000,1275847,21413126,false,false,12,2024-04-01,2025-03-31,0
2025-05-15,25940,2024-03-31,,66405000000,0.180,,,,,564000000,0.673,626000000,1.328,129000000,,-0.265,6.02,,,,,,51571000000,28943000000,0.561,1351.65,28943000000,,,,,12.00,,,,22689000,1275856,21413144,false,false,12,2023-04-01,2024-03-31,-1
2025-05-15,25940,2026-03-31,,,,,,,,,,,,,,,,,,,,,,,,,,,,,,12.00,,,,,,,false,true,12,2025-04-01,2026-03-31,1
2025-06-16,25940,2025-03-31,,77783000000,0.054,,,,,607000000,-0.206,757000000,-0.127,,342000000,,15.99,,0.011,0.013,0.008,,58364000000,31087000000,0.527,1437.07,30772000000,-1343000000,-1080000000,2827000000,5080000000,,0.750,,,,,,true,false,12,2024-04-01,2025-03-31,0
2025-06-16,25940,2024-03-31,,73800000000,0.166,,,,,764000000,2.124,867000000,1.482,,180000000,,8.42,,0.006,0.016,0.010,,54832000000,30971000000,0.559,1432.35,30671000000,481000000,-1689000000,1741000000,4667000000,,1.425,,,,,,true,false,12,2023-04-01,2024-03-31,-1
2025-06-16,25940,2026-03-31,,85000000000,0.093,,,,,700000000,0.152,850000000,0.123,,600000000,,28.01,,,,,,,,,,,,,,,,0.428,,,,,,true,true,12,2025-04-01,2026-03-31,1
2025-06-16,25940,2025-03-31,,70587000000,0.063,,,,,331000000,-0.412,412000000,-0.341,115000000,,-0.107,5.38,,,,,,54928000000,28713000000,0.523,1340.93,28713000000,,,,,12.00,,,,22689000,1275847,21413126,false,false,12,2024-04-01,2025-03-31,0
2025-06-16,25940,2024-03-31,,66405000000,0.180,,,,,564000000,0.673,626000000,1.328,129000000,,-0.265,6.02,,,,,,51571000000,28943000000,0.561,1351.65,28943000000,,,,,12.00,,,,22689000,1275856,21413144,false,false,12,2023-04-01,2024-03-31,-1
2025-06-16,25940,2026-03-31,,,,,,,,,,,,,,,,,,,,,,,,,,,,,,12.00,,,,,,,false,true,12,2025-04-01,2026-03-31,1
