filing_date,code,fiscal_year_end,quarterly_period,net_sales,net_sales_change,revenue,revenue_change,operating_revenue,operating_revenue_change,operating_profit,operating_profit_change,ordinary_profit,ordinary_profit_change,net_income,net_income_of_parent,net_income_change,eps,diluted_eps,roe,roa,operating_profit_to_net_sales,operating_profit_to_revenue,total_assets,net_assets,equity_ratio,bps,owner_equity,operating_cash_flow,investing_cash_flow,financing_cash_flow,cash,dividend_per_share,payout_ratio,commemorative_dividend,extra_dividend,number_of_shares,number_of_treqsury_shares,avg_number_of_shares,is_consolidated,is_forecast,duration,period_start,period_end,period_pos
2015-06-30,26850,2016-02-29,1,47394000000,0.087,,,,,4759000000,2.316,4928000000,2.334,2337000000,,8.115,96.26,,,,,,85405000000,49161000000,0.576,,49161000000,,,,,,,,,,,,true,false,3,2015-03-01,2015-05-31,0
2015-06-30,26850,2015-02-28,1,43591000000,0.415,,,,,1435000000,-0.525,1478000000,-0.534,256000000,,-0.860,10.56,10.56,,,,,,,,,,,,,,,,,,,,,true,false,3,2014-03-01,2014-05-31,-1
2015-06-30,26850,2016-02-29,1,92400000000,0.049,,,,,4000000000,0.962,4300000000,0.978,1200000000,,9.967,49.42,,,,,,,,,,,,,,,,,,,,,,true,true,6,2015-03-01,2015-08-31,0
2015-06-30,26850,2016-02-29,1,189800000000,0.028,,,,,7000000000,0.170,7000000000,0.085,2400000000,,3.764,98.84,,,,,,,,,,,,,,,,,,,,,,true,true,12,2015-03-01,2016-02-29,0
2015-06-30,26850,2015-02-28,1,,,,,,,,,,,,,,,,,,,,83742000000,46233000000,0.552,,46233000000,,,,,,,,,,,,true,false,12,2014-03-01,2015-02-28,-1
2015-06-30,26850,2015-02-28,1,,,,,,,,,,,,,,,,,,,,,,,,,,,,,75.00,,,,24400000,117988,,false,false,12,2014-03-01,2015-02-28,-1
2015-06-30,26850,2016-02-29,1,,,,,,,,,,,,,,,,,,,,,,,,,,,,,75.00,,,,,,,false,true,12,2015-03-01,2016-02-29,0
2015-06-30,26850,2016-02-29,1,,,,,,,,,,,,,,,,,,,,,,,,,,,,,,,,,24400000,118368,24281812,false,false,3,2015-03-01,2015-05-31,0
2015-06-30,26850,2015-02-28,1,,,,,,,,,,,,,,,,,,,,,,,,,,,,,,,,,,,24282187,false,false,3,2014-03-01,2014-05-31,-1
2015-06-30,26850,2016-02-29,,92400000000,0.019,,,,,4000000000,0.600,4300000000,0.720,1200000000,,1.000,49.42,,,,,,,,,,,,,,,,,,,,,,true,true,6,2015-03-01,2015-08-31,0
2015-06-30,26850,2015-02-28,,88051000000,,,,,,2038000000,,2174000000,,109000000,,,4.51,,,,,,,,,,,,,,,,,,,,,,true,false,6,2014-03-01,2014-08-31,-1
2015-06-30,26850,2016-02-29,,86300000000,0.012,,,,,4200000000,0.448,4500000000,0.500,4000000000,,0.053,164.73,,,,,,,,,,,,,,,,,,,,,,false,true,6,2015-03-01,2015-08-31,0
2015-09-16,26850,2016-02-29,,97000000000,0.050,,,,,7900000000,0.975,8100000000,0.884,4000000000,,2.333,164.74,,,,,,,,,,,,,,,,,,,,,,true,true,6,2015-03-01,2015-08-31,0
2015-09-16,26850,2015-02-28,,88051000000,,,,,,2038000000,,2174000000,,109000000,,,4.51,,,,,,,,,,,,,,,,,,,,,,true,false,6,2014-03-01,2014-08-31,-1
2015-09-16,26850,2016-02-29,,90600000000,0.050,,,,,7900000000,0.881,8200000000,0.822,6700000000,,0.675,275.93,,,,,,,,,,,,,,,,,,,,,,false,true,6,2015-03-01,2015-08-31,0
2015-09-30,26850,2016-02-29,2,97032000000,0.102,,,,,8132000000,2.990,8324000000,2.828,4156000000,,,171.19,,,,,,87397000000,52442000000,0.600,,52442000000,,,,,,,,,,,,true,false,6,2015-03-01,2015-08-31,0
2015-09-30,26850,2015-02-28,2,88051000000,0.381,,,,,2038000000,-0.459,2174000000,-0.454,109000000,,-0.948,4.51,4.51,,,,,,,,,,,,,,,,,,,,,true,false,6,2014-03-01,2014-08-31,-1
2015-09-30,26850,2016-02-29,2,198000000000,0.073,,,,,14000000000,1.340,14300000000,1.216,6800000000,,,280.06,,,,,,,,,,,,,,,,,,,,,,true,true,12,2015-03-01,2016-02-29,0
2015-09-30,26850,2015-02-28,2,,,,,,,,,,,,,,,,,,,,83742000000,46233000000,0.552,,46233000000,,,,,,,,,,,,true,false,12,2014-03-01,2015-02-28,-1
2015-09-30,26850,2015-02-28,2,,,,,,,,,,,,,,,,,,,,,,,,,,,,,75.00,,,,24400000,117988,,false,false,12,2014-03-01,2015-02-28,-1
2015-09-30,26850,2016-02-29,2,,,,,,,,,,,,,,,,,,,,,,,,,,,,,40.00,,,,,,,false,false,12,2015-03-01,2016-02-29,0
2015-09-30,26850,2016-02-29,2,,,,,,,,,,,,,,,,,,,,,,,,,,,,,110.00,,,,,,,false,true,12,2015-03-01,2016-02-29,0
2015-09-30,26850,2016-02-29,2,,,,,,,,,,,,,,,,,,,,,,,,,,,,,,,,,24400000,119738,24281417,false,false,6,2015-03-01,2015-08-31,0
2015-09-30,26850,2015-02-28,2,,,,,,,,,,,,,,,,,,,,,,,,,,,,,,,,,,,24282022,false,false,6,2014-03-01,2014-08-31,-1
2015-09-30,26850,2016-02-29,,198000000000,0.043,,,,,14000000000,1.000,14300000000,1.043,6800000000,,1.833,280.06,,,,,,,,,,,,,,,,,,,,,,true,true,12,2015-03-01,2016-02-29,0
2015-09-30,26850,2015-02-28,,184588000000,,,,,,5981000000,,6452000000,,503000000,,,20.75,,,,,,,,,,,,,,,,,,,,,,true,false,12,2014-03-01,2015-02-28,-1
2015-09-30,26850,2016-02-29,,185400000000,0.043,,,,,13400000000,0.740,13800000000,0.747,9300000000,,0.550,383.03,,,,,,,,,,,,,,,,,,,,,,false,true,12,2015-03-01,2016-02-29,0
,26850,2016-02-29,,,,,,,,,,,,,,,,,,,,,,,,,,,,,,110.00,,,,,,,false,true,12,2015-03-01,2016-02-29,0
,26850,2016-02-29,,,,,,,,,,,,,,,,,,,,,,,,,,,,,,40.00,,,,,,,false,false,12,2015-03-01,2016-02-29,0
,26850,2015-02-28,,,,,,,,,,,,,,,,,,,,,,,,,,,,,,75.00,,,,,,,false,false,12,2014-03-01,2015-02-28,-1
2015-12-29,26850,2016-02-29,3,146814000000,0.098,,,,,14347000000,1.554,14665000000,1.465,7964000000,,5.581,328.17,,,,,,92340000000,53405000000,0.578,,53405000000,,,,,,,,,,,,true,false,9,2015-03-01,2015-11-30,0
2015-12-29,26850,2015-02-28,3,133707000000,0.272,,,,,5618000000,0.046,5949000000,0.083,1210000000,,-0.473,49.84,49.84,,,,,,,,,,,,,,,,,,,,,true,false,9,2014-03-01,2014-11-30,-1
2015-12-29,26850,2016-02-29,3,198000000000,0.073,,,,,14000000000,1.340,14300000000,1.216,6800000000,,,280.06,,,,,,,,,,,,,,,,,,,,,,true,true,12,2015-03-01,2016-02-29,0
2015-12-29,26850,2015-02-28,3,,,,,,,,,,,,,,,,,,,,83742000000,46233000000,0.552,,46233000000,,,,,,,,,,,,true,false,12,2014-03-01,2015-02-28,-1
2015-12-29,26850,2015-02-28,3,,,,,,,,,,,,,,,,,,,,,,,,,,,,,75.00,,,,24400000,117988,,false,false,12,2014-03-01,2015-02-28,-1
2015-12-29,26850,2016-02-29,3,,,,,,,,,,,,,,,,,,,,,,,,,,,,,40.00,,,,,,,false,false,12,2015-03-01,2016-02-29,0
2015-12-29,26850,2016-02-29,3,,,,,,,,,,,,,,,,,,,,,,,,,,,,,110.00,,,,,,,false,true,12,2015-03-01,2016-02-29,0
2015-12-29,26850,2016-02-29,3,,,,,,,,,,,,,,,,,,,,,,,,,,,,,,,,,24400000,320878,24269684,false,false,9,2015-03-01,2015-11-30,0
2015-12-29,26850,2015-02-28,3,,,,,,,,,,,,,,,,,,,,,,,,,,,,,,,,,,,24282035,false,false,9,2014-03-01,2014-11-30,-1
2016-04-01,26850,2016-02-29,,200038000000,0.010,,,,,16004000000,0.143,16185000000,0.132,9122000000,,0.341,188.31,,,,,,,,,,,,,,,,,,,,,,true,true,12,2015-03-01,2016-02-29,0
2016-04-01,26850,2015-02-28,,184588000000,,,,,,5981000000,,6452000000,,503000000,,,10.37,,,,,,,,,,,,,,,,,,,,,,true,false,12,2014-03-01,2015-02-28,-1
2016-04-01,26850,2016-02-29,,187917000000,0.014,,,,,15367000000,0.147,15461000000,0.120,8341000000,,-0.103,172.19,,,,,,,,,,,,,,,,,,,,,,false,true,12,2015-03-01,2016-02-29,0
2016-04-04,26850,2016-02-29,,200038000000,0.084,,,,,16004000000,1.676,16185000000,1.508,9122000000,,,188.31,,0.183,0.186,0.080,,90454000000,53282000000,0.589,1106.45,53282000000,22054000000,-4551000000,-5683000000,19452000000,,0.345,,,,,,true,false,12,2015-03-01,2016-02-29,0
2016-04-04,26850,2015-02-28,,184588000000,0.204,,,,,5981000000,0.038,6452000000,0.070,503000000,,,10.37,10.37,0.011,0.079,0.032,,83742000000,46233000000,0.552,952.02,46233000000,12112000000,-10421000000,-2524000000,7667000000,,3.615,,,,,,true,false,12,2014-03-01,2015-02-28,-1
2016-04-04,26850,2017-02-28,,99700000000,0.027,,,,,8100000000,-0.004,8200000000,-0.015,,4500000000,,93.45,,,,,,,,,,,,,,,,,,,,,,true,true,6,2016-03-01,2016-08-31,1
2016-04-04,26850,2017-02-28,,208900000000,0.044,,,,,17000000000,0.062,17300000000,0.069,,10000000000,,207.66,,,,,,,,,,,,,,,,0.361,,,,,,true,true,12,2016-03-01,2017-02-28,1
2016-04-04,26850,2016-02-29,,187917000000,,,,,,15367000000,,15461000000,,8341000000,,,172.19,,,,,,85296000000,50725000000,0.595,1053.34,50725000000,,,,,130.00,,,,48800000,643396,48443869,false,false,12,2015-03-01,2016-02-29,0
2016-04-04,26850,2015-02-28,,3811000000,-0.934,,,,,923000000,-0.824,1308000000,-0.761,-777000000,,,-16.01,,,,,,46712000000,44314000000,0.949,912.50,44314000000,,,,,75.00,,,,48800000,235976,48564157,false,false,12,2014-03-01,2015-02-28,-1
2016-04-04,26850,2017-02-28,,94500000000,0.042,,,,,8000000000,0.012,8000000000,-0.028,4100000000,,-0.392,85.14,,,,,,,,,,,,,,,,,,,,,,false,true,6,2016-03-01,2016-08-31,1
2016-04-04,26850,2017-02-28,,196700000000,0.047,,,,,16400000000,0.067,16300000000,0.054,9200000000,,0.103,191.04,,,,,,,,,,,,,,,75.00,,,,,,,false,true,12,2016-03-01,2017-02-28,1
2016-06-30,26850,2017-02-28,1,48552000000,0.024,,,,,5224000000,0.098,5284000000,0.072,,2983000000,,61.95,,,,,,87033000000,54888000000,0.631,,54888000000,,,,,,,,,,,,true,false,3,2016-03-01,2016-05-31,0
2016-06-30,26850,2016-02-28,1,47394000000,0.087,,,,,4759000000,2.316,4928000000,2.334,,2337000000,,48.13,,,,,,,,,,,,,,,,,,,,,,true,false,3,2015-03-01,2015-05-31,-1
2016-06-30,26850,2017-02-28,1,99700000000,0.027,,,,,8100000000,-0.004,8200000000,-0.015,,4500000000,,93.45,,,,,,,,,,,,,,,,,,,,,,true,true,6,2016-03-01,2016-08-31,0
2016-06-30,26850,2017-02-28,1,208900000000,0.044,,,,,17000000000,0.062,17300000000,0.069,,10000000000,,207.66,,,,,,,,,,,,,,,,,,,,,,true,true,12,2016-03-01,2017-02-28,0
2016-06-30,26850,2016-02-28,1,,,,,,,,,,,,,,,,,,,,90454000000,53282000000,0.589,,53282000000,,,,,,,,,,,,true,false,12,2015-03-01,2016-02-29,-1
2016-06-30,26850,2016-02-28,1,,,,,,,,,,,,,,,,,,,,,,,,,,,,,130.00,,,,48800000,643396,,false,false,12,2015-03-01,2016-02-29,-1
2016-06-30,26850,2017-02-28,1,,,,,,,,,,,,,,,,,,,,,,,,,,,,,75.00,,,,,,,false,true,12,2016-03-01,2017-02-28,0
2016-06-30,26850,2017-02-28,1,,,,,,,,,,,,,,,,,,,,,,,,,,,,,,,,,48800000,646785,48154239,false,false,3,2016-03-01,2016-05-31,0
2016-06-30,26850,2016-02-28,1,,,,,,,,,,,,,,,,,,,,,,,,,,,,,,,,,,,48563624,false,false,3,2015-03-01,2015-05-31,-1
2016-09-30,26850,2017-02-28,2,97726000000,0.007,,,,,8054000000,-0.010,8050000000,-0.033,,4848000000,,100.70,,,,,,87003000000,54543000000,0.627,,54543000000,,,,,,,,,,,,true,false,6,2016-03-01,2016-08-31,0
2016-09-30,26850,2016-02-28,2,97032000000,0.102,,,,,8132000000,2.990,8324000000,2.828,,4156000000,,85.60,,,,,,,,,,,,,,,,,,,,,,true,false,6,2015-03-01,2015-08-31,-1
2016-09-30,26850,2017-02-28,2,208900000000,0.044,,,,,17000000000,0.062,17300000000,0.069,,12000000000,,252.09,,,,,,,,,,,,,,,,,,,,,,true,true,12,2016-03-01,2017-02-28,0
2016-09-30,26850,2016-02-28,2,,,,,,,,,,,,,,,,,,,,90454000000,53282000000,0.589,,53282000000,,,,,,,,,,,,true,false,12,2015-03-01,2016-02-29,-1
2016-09-30,26850,2016-02-28,2,,,,,,,,,,,,,,,,,,,,,,,,,,,,,130.00,,,,48800000,643396,,false,false,12,2015-03-01,2016-02-29,-1
2016-09-30,26850,2017-02-28,2,,,,,,,,,,,,,,,,,,,,,,,,,,,,,35.00,,,,,,,false,false,12,2016-03-01,2017-02-28,0
2016-09-30,26850,2017-02-28,2,,,,,,,,,,,,,,,,,,,,,,,,,,,,,75.00,,,,,,,false,true,12,2016-03-01,2017-02-28,0
2016-09-30,26850,2017-02-28,2,,,,,,,,,,,,,,,,,,,,,,,,,,,,,,,,,48800000,647505,48153477,false,false,6,2016-03-01,2016-08-31,0
2016-09-30,26850,2016-02-28,2,,,,,,,,,,,,,,,,,,,,,,,,,,,,,,,,,,,48562835,false,false,6,2015-03-01,2015-08-31,-1
2016-09-30,26850,2017-02-28,,208900000000,0.000,,,,,17000000000,0.000,17300000000,0.000,,12000000000,,252.09,,,,,,,,,,,,,,,,,,,,,,true,true,12,2016-03-01,2017-02-28,0
2016-09-30,26850,2016-02-28,,200038000000,,,,,,16004000000,,16185000000,,,9122000000,,188.31,,,,,,,,,,,,,,,,,,,,,,true,false,12,2015-03-01,2016-02-29,-1
2016-09-30,26850,2017-02-28,,196700000000,0.000,,,,,16400000000,0.000,16300000000,0.000,11200000000,,0.217,235.28,,,,,,,,,,,,,,,,,,,,,,false,true,12,2016-03-01,2017-02-28,0
2016-09-30,26850,2016-02-28,,187917000000,,,,,,15367000000,,15461000000,,8341000000,,,172.19,,,,,,,,,,,,,,,,,,,,,,false,false,12,2015-03-01,2016-02-29,-1
2016-12-29,26850,2017-02-28,3,148925000000,0.014,,,,,13632000000,-0.050,13800000000,-0.059,,11172000000,,232.92,,,,,,91277000000,55434000000,0.607,,55434000000,,,,,,,,,,,,true,false,9,2016-03-01,2016-11-30,0
2016-12-29,26850,2016-02-28,3,146814000000,0.098,,,,,14347000000,1.554,14665000000,1.465,,7964000000,,164.09,,,,,,,,,,,,,,,,,,,,,,true,false,9,2015-03-01,2015-11-30,-1
2016-12-29,26850,2017-02-28,3,208900000000,0.044,,,,,17000000000,0.062,17300000000,0.069,,12000000000,,252.09,,,,,,,,,,,,,,,,,,,,,,true,true,12,2016-03-01,2017-02-28,0
2016-12-29,26850,2016-02-28,3,,,,,,,,,,,,,,,,,,,,90454000000,53282000000,0.589,,53282000000,,,,,,,,,,,,true,false,12,2015-03-01,2016-02-29,-1
2016-12-29,26850,2016-02-28,3,,,,,,,,,,,,,,,,,,,,,,,,,,,,,130.00,,,,48800000,643396,,false,false,12,2015-03-01,2016-02-29,-1
2016-12-29,26850,2017-02-28,3,,,,,,,,,,,,,,,,,,,,,,,,,,,,,35.00,,,,,,,false,false,12,2016-03-01,2017-02-28,0
2016-12-29,26850,2017-02-28,3,,,,,,,,,,,,,,,,,,,,,,,,,,,,,75.00,,,,,,,false,true,12,2016-03-01,2017-02-28,0
2016-12-29,26850,2017-02-28,3,,,,,,,,,,,,,,,,,,,,,,,,,,,,,,,,,48800000,1756545,47968327,false,false,9,2016-03-01,2016-11-30,0
2016-12-29,26850,2016-02-28,3,,,,,,,,,,,,,,,,,,,,,,,,,,,,,,,,,,,48539369,false,false,9,2015-03-01,2015-11-30,-1
2017-04-04,26850,2017-02-28,,203686000000,0.018,,,,,14916000000,-0.068,15126000000,-0.065,,11575000000,,242.49,,0.212,0.167,0.073,,90389000000,56035000000,0.620,1191.16,56035000000,11947000000,-4323000000,-6309000000,20725000000,,0.309,,,,,,true,false,12,2016-03-01,2017-02-28,0
2017-04-04,26850,2016-02-28,,200038000000,0.084,,,,,16004000000,1.676,16185000000,1.508,,9122000000,,188.31,,0.183,0.186,0.080,,90454000000,53282000000,0.589,1106.45,53282000000,22054000000,-4551000000,-5683000000,19452000000,,0.345,,,,,,true,false,12,2015-03-01,2016-02-29,-1
2017-04-04,26850,2018-02-28,,110300000000,0.129,,,,,5500000000,-0.317,5500000000,-0.317,,5900000000,,125.42,,,,,,,,,,,,,,,,,,,,,,true,true,6,2017-03-01,2017-08-31,1
2017-04-04,26850,2018-02-28,,233000000000,0.144,,,,,15000000000,0.006,14900000000,-0.015,,11900000000,,252.96,,,,,,,,,,,,,,,,0.296,,,,,,true,true,12,2017-03-01,2018-02-28,1
2017-04-04,26850,2017-02-28,,194611000000,0.036,,,,,14352000000,-0.066,14537000000,-0.060,10782000000,,0.293,225.87,,,,,,84902000000,53042000000,0.625,1127.54,53042000000,,,,,75.00,,,,48800000,1757425,47736981,false,false,12,2016-03-01,2017-02-28,0
2017-04-04,26850,2016-02-28,,187917000000,,,,,,15367000000,,15461000000,,8341000000,,,172.19,,,,,,85296000000,50725000000,0.595,1053.34,50725000000,,,,,130.00,,,,48800000,643396,48443869,false,false,12,2015-03-01,2016-02-29,-1
2017-04-04,26850,2018-02-28,,,,,,,,,,,,,,,,,,,,,,,,,,,,,,75.00,,,,,,,false,true,12,2017-03-01,2018-02-28,1
2017-06-30,26850,2018-02-28,1,54066000000,0.114,,,,,3996000000,-0.235,4056000000,-0.232,,5383000000,,114.45,,,,,,95585000000,57108000000,0.597,,57108000000,,,,,,,,,,,,true,false,3,2017-03-01,2017-05-31,0
2017-06-30,26850,2017-02-28,1,48552000000,0.024,,,,,5224000000,0.098,5284000000,0.072,,2983000000,,61.95,,,,,,,,,,,,,,,,,,,,,,true,false,3,2016-03-01,2016-05-31,-1
2017-06-30,26850,2018-02-28,1,110300000000,0.129,,,,,5500000000,-0.317,5500000000,-0.317,,5900000000,,125.42,,,,,,,,,,,,,,,,,,,,,,true,true,6,2017-03-01,2017-08-31,0
2017-06-30,26850,2018-02-28,1,233000000000,0.144,,,,,15000000000,0.006,14900000000,-0.015,,11900000000,,252.96,,,,,,,,,,,,,,,,,,,,,,true,true,12,2017-03-01,2018-02-28,0
2017-06-30,26850,2017-02-28,1,,,,,,,,,,,,,,,,,,,,90389000000,56035000000,0.620,,56035000000,,,,,,,,,,,,true,false,12,2016-03-01,2017-02-28,-1
2017-06-30,26850,2017-02-28,1,,,,,,,,,,,,,,,,,,,,,,,,,,,,,75.00,,,,48800000,1757425,,false,false,12,2016-03-01,2017-02-28,-1
2017-06-30,26850,2018-02-28,1,,,,,,,,,,,,,,,,,,,,,,,,,,,,,75.00,,,,,,,false,true,12,2017-03-01,2018-02-28,0
2017-06-30,26850,2018-02-28,1,,,,,,,,,,,,,,,,,,,,,,,,,,,,,,,,,48800000,1757985,47042328,false,false,3,2017-03-01,2017-05-31,0
2017-06-30,26850,2017-02-28,1,,,,,,,,,,,,,,,,,,,,,,,,,,,,,,,,,,,48154239,false,false,3,2016-03-01,2016-05-31,-1
2017-09-29,26850,2018-02-28,2,107793000000,0.103,,,,,4033000000,-0.499,4143000000,-0.485,,5037000000,,107.09,,,,,,96498000000,56706000000,0.588,,56706000000,,,,,,,,,,,,true,false,6,2017-03-01,2017-08-31,0
2017-09-29,26850,2017-02-28,2,97726000000,0.007,,,,,8054000000,-0.010,8050000000,-0.033,,4848000000,,100.70,,,,,,,,,,,,,,,,,,,,,,true,false,6,2016-03-01,2016-08-31,-1
2017-09-29,26850,2018-02-28,2,230500000000,0.132,,,,,13500000000,-0.095,13500000000,-0.108,,11000000000,,233.84,,,,,,,,,,,,,,,,,,,,,,true,true,12,2017-03-01,2018-02-28,0
2017-09-29,26850,2017-02-28,2,,,,,,,,,,,,,,,,,,,,90389000000,56035000000,0.620,,56035000000,,,,,,,,,,,,true,false,12,2016-03-01,2017-02-28,-1
2017-09-29,26850,2017-02-28,2,,,,,,,,,,,,,,,,,,,,,,,,,,,,,75.00,,,,48800000,1757425,,false,false,12,2016-03-01,2017-02-28,-1
2017-09-29,26850,2018-02-28,2,,,,,,,,,,,,,,,,,,,,,,,,,,,,,35.00,,,,,,,false,false,12,2017-03-01,2018-02-28,0
2017-09-29,26850,2018-02-28,2,,,,,,,,,,,,,,,,,,,,,,,,,,,,,75.00,,,,,,,false,true,12,2017-03-01,2018-02-28,0
2017-09-29,26850,2018-02-28,2,,,,,,,,,,,,,,,,,,,,,,,,,,,,,,,,,48800000,1758695,47041975,false,false,6,2017-03-01,2017-08-31,0
2017-09-29,26850,2017-02-28,2,,,,,,,,,,,,,,,,,,,,,,,,,,,,,,,,,,,48153477,false,false,6,2016-03-01,2016-08-31,-1
2017-12-28,26850,2018-02-28,3,163269000000,0.096,,,,,6890000000,-0.495,7238000000,-0.476,,6594000000,,140.19,,,,,,99312000000,56610000000,0.570,,56610000000,,,,,,,,,,,,true,false,9,2017-03-01,2017-11-30,0
2017-12-28,26850,2017-02-28,3,148925000000,0.014,,,,,13632000000,-0.050,13800000000,-0.059,,11172000000,,232.92,,,,,,,,,,,,,,,,,,,,,,true,false,9,2016-03-01,2016-11-30,-1
2017-12-28,26850,2018-02-28,3,230500000000,0.132,,,,,13500000000,-0.095,13500000000,-0.108,,11000000000,,233.84,,,,,,,,,,,,,,,,,,,,,,true,true,12,2017-03-01,2018-02-28,0
2017-12-28,26850,2017-02-28,3,,,,,,,,,,,,,,,,,,,,90389000000,56035000000,0.620,,56035000000,,,,,,,,,,,,true,false,12,2016-03-01,2017-02-28,-1
2017-12-28,26850,2017-02-28,3,,,,,,,,,,,,,,,,,,,,,,,,,,,,,75.00,,,,48800000,1757425,,false,false,12,2016-03-01,2017-02-28,-1
2017-12-28,26850,2018-02-28,3,,,,,,,,,,,,,,,,,,,,,,,,,,,,,35.00,,,,,,,false,false,12,2017-03-01,2018-02-28,0
2017-12-28,26850,2018-02-28,3,,,,,,,,,,,,,,,,,,,,,,,,,,,,,75.00,,,,,,,false,true,12,2017-03-01,2018-02-28,0
2017-12-28,26850,2018-02-28,3,,,,,,,,,,,,,,,,,,,,,,,,,,,,,,,,,48800000,1759215,47041654,false,false,9,2017-03-01,2017-11-30,0
2017-12-28,26850,2017-02-28,3,,,,,,,,,,,,,,,,,,,,,,,,,,,,,,,,,,,47968327,false,false,9,2016-03-01,2016-11-30,-1
2018-01-24,26850,2018-02-28,,223000000000,-0.033,,,,,5000000000,-0.630,5400000000,-0.600,,4400000000,,93.53,,,,,,,,,,,,,,,,,,,,,,true,true,12,2017-03-01,2018-02-28,0
2018-01-24,26850,2017-02-28,,203686000000,,,,,,14916000000,,15126000000,,,11575000000,,242.49,,,,,,,,,,,,,,,,,,,,,,true,false,12,2016-03-01,2017-02-28,-1
2018-03-22,26850,2018-02-28,,222700000000,-0.001,,,,,4900000000,-0.020,5300000000,-0.019,,800000000,,17.01,,,,,,,,,,,,,,,,,,,,,,true,true,12,2017-03-01,2018-02-28,0
2018-03-22,26850,2017-02-28,,203686000000,,,,,,14916000000,,15126000000,,,11575000000,,242.49,,,,,,,,,,,,,,,,,,,,,,true,false,12,2016-03-01,2017-02-28,-1
2018-03-22,26850,2018-02-28,,,,,,,,,,,,,,,,,,,,,,,,,,,,,,50.00,,,,,,,false,true,12,2017-03-01,2018-02-28,0
2018-03-22,26850,2018-02-28,,,,,,,,,,,,,,,,,,,,,,,,,,,,,,35.00,,,,,,,false,false,12,2017-03-01,2018-02-28,0
2018-03-22,26850,2017-02-28,,,,,,,,,,,,,,,,,,,,,,,,,,,,,,75.00,,,,,,,false,false,12,2016-03-01,2017-02-28,-1
2018-04-04,26850,2018-02-28,,222787000000,0.094,,,,,5005000000,-0.664,5428000000,-0.641,,863000000,,18.36,,0.016,0.060,0.022,,91123000000,51030000000,0.560,1084.84,51030000000,10685000000,-7404000000,-4629000000,19381000000,,2.723,,,,,,true,false,12,2017-03-01,2018-02-28,0
2018-04-04,26850,2017-02-28,,203686000000,0.018,,,,,14916000000,-0.068,15126000000,-0.065,,11575000000,,242.49,,0.212,0.167,0.073,,90389000000,56035000000,0.620,1191.16,56035000000,11928000000,-4323000000,-6309000000,20706000000,,0.309,,,,,,true,false,12,2016-03-01,2017-02-28,-1
2018-04-04,26850,2019-02-28,,227000000000,0.019,,,,,8400000000,0.678,8700000000,0.603,,4400000000,,93.54,,,,,,,,,,,,,,,,0.535,,,,,,true,true,12,2018-03-01,2019-02-28,1
2018-04-04,26850,2018-02-28,,200206000000,0.029,,,,,6432000000,-0.552,6176000000,-0.575,668000000,,-0.938,14.20,,,,,,80969000000,47660000000,0.589,1013.19,47660000000,,,,,50.00,,,,48800000,1759875,47041347,false,false,12,2017-03-01,2018-02-28,0
2018-04-04,26850,2017-02-28,,194611000000,0.036,,,,,14352000000,-0.066,14537000000,-0.060,10782000000,,0.293,225.87,,,,,,84902000000,53042000000,0.625,1127.54,53042000000,,,,,75.00,,,,48800000,1757425,47736981,false,false,12,2016-03-01,2017-02-28,-1
2018-04-04,26850,2019-02-28,,,,,,,,,,,,,,,,,,,,,,,,,,,,,,50.00,,,,,,,false,true,12,2018-03-01,2019-02-28,1
2018-06-29,26850,2019-02-28,1,51392000000,-0.049,,,,,1278000000,-0.666,1358000000,-0.651,,239000000,,5.08,,,,,,90218000000,50439000000,0.559,,50439000000,,,,,,,,,,,,true,false,3,2018-03-01,2018-05-31,0
2018-06-29,26850,2018-02-28,1,54066000000,0.114,,,,,3833000000,-0.266,3892000000,-0.263,,5220000000,,110.97,,,,,,,,,,,,,,,,,,,,,,true,false,3,2017-03-01,2017-05-31,-1
2018-06-29,26850,2019-02-28,1,227000000000,0.019,,,,,8400000000,0.678,8700000000,0.603,,4400000000,,93.54,,,,,,,,,,,,,,,,,,,,,,true,true,12,2018-03-01,2019-02-28,0
2018-06-29,26850,2018-02-28,1,,,,,,,,,,,,,,,,,,,,91123000000,51030000000,0.560,,51030000000,,,,,,,,,,,,true,false,12,2017-03-01,2018-02-28,-1
2018-06-29,26850,2018-02-28,1,,,,,,,,,,,,,,,,,,,,,,,,,,,,,50.00,,,,48800000,1759875,,false,false,12,2017-03-01,2018-02-28,-1
2018-06-29,26850,2019-02-28,1,,,,,,,,,,,,,,,,,,,,,,,,,,,,,50.00,,,,,,,false,true,12,2018-03-01,2019-02-28,0
2018-06-29,26850,2019-02-28,1,,,,,,,,,,,,,,,,,,,,,,,,,,,,,,,,,48800000,1736409,47043916,false,false,3,2018-03-01,2018-05-31,0
2018-06-29,26850,2018-02-28,1,,,,,,,,,,,,,,,,,,,,,,,,,,,,,,,,,,,47042328,false,false,3,2017-03-01,2017-05-31,-1
2018-09-28,26850,2019-02-28,2,105005000000,-0.026,,,,,529000000,-0.860,600000000,-0.846,,-554000000,,-11.79,,,,,,88884000000,49650000000,0.559,,49650000000,,,,,,,,,,,,true,false,6,2018-03-01,2018-08-31,0
2018-09-28,26850,2018-02-28,2,107793000000,0.103,,,,,3790000000,-0.529,3900000000,-0.515,,4794000000,,101.92,,,,,,,,,,,,,,,,,,,,,,true,false,6,2017-03-01,2017-08-31,-1
2018-09-28,26850,2019-02-28,2,227000000000,0.019,,,,,8400000000,0.678,8700000000,0.603,,4400000000,,93.54,,,,,,,,,,,,,,,,,,,,,,true,true,12,2018-03-01,2019-02-28,0
2018-09-28,26850,2018-02-28,2,,,,,,,,,,,,,,,,,,,,91123000000,51030000000,0.560,,51030000000,,,,,,,,,,,,true,false,12,2017-03-01,2018-02-28,-1
2018-09-28,26850,2018-02-28,2,,,,,,,,,,,,,,,,,,,,,,,,,,,,,50.00,,,,48800000,1759875,,false,false,12,2017-03-01,2018-02-28,-1
2018-09-28,26850,2019-02-28,2,,,,,,,,,,,,,,,,,,,,,,,,,,,,,20.00,,,,,,,false,false,12,2018-03-01,2019-02-28,0
2018-09-28,26850,2019-02-28,2,,,,,,,,,,,,,,,,,,,,,,,,,,,,,50.00,,,,,,,false,true,12,2018-03-01,2019-02-28,0
2018-09-28,26850,2019-02-28,2,,,,,,,,,,,,,,,,,,,,,,,,,,,,,,,,,48800000,1736224,47053776,false,false,6,2018-03-01,2018-08-31,0
2018-09-28,26850,2018-02-28,2,,,,,,,,,,,,,,,,,,,,,,,,,,,,,,,,,,,47041975,false,false,6,2017-03-01,2017-08-31,-1
2018-12-28,26850,2019-02-28,3,162345000000,-0.006,,,,,5700000000,-0.154,5832000000,-0.177,,3081000000,,65.48,,,,,,98959000000,52284000000,0.528,,52284000000,,,,,,,,,,,,true,false,9,2018-03-01,2018-11-30,0
2018-12-28,26850,2018-02-28,3,163269000000,0.096,,,,,6739000000,-0.506,7087000000,-0.486,,6444000000,,136.99,,,,,,,,,,,,,,,,,,,,,,true,false,9,2017-03-01,2017-11-30,-1
2018-12-28,26850,2019-02-28,3,227000000000,0.019,,,,,8400000000,0.678,8700000000,0.603,,4400000000,,93.54,,,,,,,,,,,,,,,,,,,,,,true,true,12,2018-03-01,2019-02-28,0
2018-12-28,26850,2018-02-28,3,,,,,,,,,,,,,,,,,,,,91123000000,51030000000,0.560,,51030000000,,,,,,,,,,,,true,false,12,2017-03-01,2018-02-28,-1
2018-12-28,26850,2018-02-28,3,,,,,,,,,,,,,,,,,,,,,,,,,,,,,50.00,,,,48800000,1759875,,false,false,12,2017-03-01,2018-02-28,-1
2018-12-28,26850,2019-02-28,3,,,,,,,,,,,,,,,,,,,,,,,,,,,,,20.00,,,,,,,false,false,12,2018-03-01,2019-02-28,0
2018-12-28,26850,2019-02-28,3,,,,,,,,,,,,,,,,,,,,,,,,,,,,,50.00,,,,,,,false,true,12,2018-03-01,2019-02-28,0
2018-12-28,26850,2019-02-28,3,,,,,,,,,,,,,,,,,,,,,,,,,,,,,,,,,48800000,1736593,47057064,false,false,9,2018-03-01,2018-11-30,0
2018-12-28,26850,2018-02-28,3,,,,,,,,,,,,,,,,,,,,,,,,,,,,,,,,,,,47041654,false,false,9,2017-03-01,2017-11-30,-1
2019-04-04,26850,2019-02-28,,222664000000,-0.001,,,,,7190000000,0.437,7345000000,0.353,,3890000000,,82.67,,0.075,0.081,0.032,,91285000000,52959000000,0.580,1125.29,52959000000,9904000000,-8686000000,-1890000000,18647000000,,0.605,,,,,,true,false,12,2018-03-01,2019-02-28,0
2019-04-04,26850,2018-02-28,,222787000000,0.094,,,,,5005000000,-0.664,5428000000,-0.641,,863000000,,18.36,,0.016,0.060,0.022,,91123000000,51030000000,0.560,1084.84,51030000000,10685000000,-7404000000,-4629000000,19381000000,,2.723,,,,,,true,false,12,2017-03-01,2018-02-28,-1
2019-04-04,26850,2020-02-28,,225000000000,0.010,,,,,10000000000,0.391,10000000000,0.361,,6000000000,,127.49,,,,,,,,,,,,,,,,0.392,,,,,,true,true,12,2019-03-01,2020-02-29,1
2019-04-04,26850,2019-02-28,,195427000000,-0.024,,,,,7442000000,0.157,7280000000,0.179,2078000000,,2.111,44.18,,,,,,80490000000,46968000000,0.584,998.00,46968000000,,,,,50.00,,,,48800000,1736973,47058592,false,false,12,2018-03-01,2019-02-28,0
2019-04-04,26850,2018-02-28,,200206000000,0.029,,,,,6432000000,-0.552,6176000000,-0.575,668000000,,-0.938,14.20,,,,,,80969000000,47660000000,0.589,1013.19,47660000000,,,,,50.00,,,,48800000,1759875,47041347,false,false,12,2017-03-01,2018-02-28,-1
2019-04-04,26850,2020-02-28,,,,,,,,,,,,,,,,,,,,,,,,,,,,,,50.00,,,,,,,false,true,12,2019-03-01,2020-02-29,1
2019-06-28,26850,2020-02-29,1,56290000000,0.095,,,,,5221000000,3.084,5119000000,2.769,,3267000000,,69.41,,,,,,96555000000,54919000000,0.569,,54919000000,,,,,,,,,,,,true,false,3,2019-03-01,2019-05-31,0
2019-06-28,26850,2019-02-28,1,51392000000,-0.049,,,,,1278000000,-0.666,1358000000,-0.651,,239000000,,5.08,,,,,,,,,,,,,,,,,,,,,,true,false,3,2018-03-01,2018-05-31,-1
2019-06-28,26850,2020-02-29,1,225000000000,0.010,,,,,10000000000,0.391,10000000000,0.361,,6000000000,,127.49,,,,,,,,,,,,,,,,,,,,,,true,true,12,2019-03-01,2020-02-29,0
2019-06-28,26850,2019-02-28,1,,,,,,,,,,,,,,,,,,,,91263000000,52959000000,0.580,,52959000000,,,,,,,,,,,,true,false,12,2018-03-01,2019-02-28,-1
2019-06-28,26850,2019-02-28,1,,,,,,,,,,,,,,,,,,,,,,,,,,,,,50.00,,,,48800000,1736973,,false,false,12,2018-03-01,2019-02-28,-1
2019-06-28,26850,2020-02-29,1,,,,,,,,,,,,,,,,,,,,,,,,,,,,,50.00,,,,,,,false,true,12,2019-03-01,2020-02-29,0
2019-06-28,26850,2020-02-29,1,,,,,,,,,,,,,,,,,,,,,,,,,,,,,,,,,48800000,1691422,47070278,false,false,3,2019-03-01,2019-05-31,0
2019-06-28,26850,2019-02-28,1,,,,,,,,,,,,,,,,,,,,,,,,,,,,,,,,,,,47043916,false,false,3,2018-03-01,2018-05-31,-1
2019-09-30,26850,2020-02-29,2,108981000000,0.038,,,,,7164000000,,6987000000,,,4410000000,,93.66,,,,,,96615000000,56056000000,0.580,,56056000000,,,,,,,,,,,,true,false,6,2019-03-01,2019-08-31,0
2019-09-30,26850,2019-02-28,2,105005000000,-0.026,,,,,529000000,-0.860,600000000,-0.846,,-554000000,,-11.79,,,,,,,,,,,,,,,,,,,,,,true,false,6,2018-03-01,2018-08-31,-1
2019-09-30,26850,2020-02-29,2,225000000000,0.010,,,,,10000000000,0.391,10000000000,0.361,,6000000000,,127.49,,,,,,,,,,,,,,,,,,,,,,true,true,12,2019-03-01,2020-02-29,0
2019-09-30,26850,2019-02-28,2,,,,,,,,,,,,,,,,,,,,91263000000,52959000000,0.580,,52959000000,,,,,,,,,,,,true,false,12,2018-03-01,2019-02-28,-1
2019-09-30,26850,2019-02-28,2,,,,,,,,,,,,,,,,,,,,,,,,,,,,,50.00,,,,48800000,1736973,,false,false,12,2018-03-01,2019-02-28,-1
2019-09-30,26850,2020-02-29,2,,,,,,,,,,,,,,,,,,,,,,,,,,,,,25.00,,,,,,,false,false,12,2019-03-01,2020-02-29,0
2019-09-30,26850,2020-02-29,2,,,,,,,,,,,,,,,,,,,,,,,,,,,,,50.00,,,,,,,false,true,12,2019-03-01,2020-02-29,0
2019-09-30,26850,2020-02-29,2,,,,,,,,,,,,,,,,,,,,,,,,,,,,,,,,,48800000,1679137,47093537,false,false,6,2019-03-01,2019-08-31,0
2019-09-30,26850,2019-02-28,2,,,,,,,,,,,,,,,,,,,,,,,,,,,,,,,,,,,47053776,false,false,6,2018-03-01,2018-08-31,-1
2019-12-27,26850,2020-02-29,3,164280000000,0.012,,,,,11970000000,1.100,11871000000,1.035,,6908000000,,146.67,,,,,,99913000000,57347000000,0.574,,57347000000,,,,,,,,,,,,true,false,9,2019-03-01,2019-11-30,0
2019-12-27,26850,2019-02-28,3,162345000000,-0.006,,,,,5700000000,-0.154,5832000000,-0.177,,3081000000,,65.48,,,,,,,,,,,,,,,,,,,,,,true,false,9,2018-03-01,2018-11-30,-1
2019-12-27,26850,2020-02-29,3,223000000000,0.002,,,,,12000000000,0.669,12000000000,0.634,,6500000000,,137.94,,,,,,,,,,,,,,,,,,,,,,true,true,12,2019-03-01,2020-02-29,0
2019-12-27,26850,2019-02-28,3,,,,,,,,,,,,,,,,,,,,91263000000,52959000000,0.580,,52959000000,,,,,,,,,,,,true,false,12,2018-03-01,2019-02-28,-1
2019-12-27,26850,2019-02-28,3,,,,,,,,,,,,,,,,,,,,,,,,,,,,,50.00,,,,48800000,1736973,,false,false,12,2018-03-01,2019-02-28,-1
2019-12-27,26850,2020-02-29,3,,,,,,,,,,,,,,,,,,,,,,,,,,,,,25.00,,,,,,,false,false,12,2019-03-01,2020-02-29,0
2019-12-27,26850,2020-02-29,3,,,,,,,,,,,,,,,,,,,,,,,,,,,,,50.00,,,,,,,false,true,12,2019-03-01,2020-02-29,0
2019-12-27,26850,2020-02-29,3,,,,,,,,,,,,,,,,,,,,,,,,,,,,,,,,,48800000,1679257,47102625,false,false,9,2019-03-01,2019-11-30,0
2019-12-27,26850,2019-02-28,3,,,,,,,,,,,,,,,,,,,,,,,,,,,,,,,,,,,47057064,false,false,9,2018-03-01,2018-11-30,-1
2019-12-27,26850,2020-02-29,,223000000000,-0.009,,,,,12000000000,0.200,12000000000,0.200,,6500000000,,137.94,,,,,,,,,,,,,,,,,,,,,,true,true,12,2019-03-01,2020-02-29,0
2019-12-27,26850,2019-02-28,,222664000000,,,,,,7190000000,,7345000000,,,3890000000,,82.67,,,,,,,,,,,,,,,,,,,,,,true,false,12,2018-03-01,2019-02-28,-1
2019-12-27,26850,2020-02-29,,197600000000,,,,11300000000,,,,11300000000,,6500000000,,,137.94,,,,,,,,,,,,,,,,,,,,,,false,true,12,2019-03-01,2020-02-29,0
2019-12-27,26850,2019-02-28,,195427000000,,,,7442000000,,,,7280000000,,2078000000,,,44.18,,,,,,,,,,,,,,,,,,,,,,false,false,12,2018-03-01,2019-02-28,-1
2020-04-03,26850,2020-02-29,,222376000000,-0.001,,,,,12885000000,0.792,12843000000,0.748,,6363000000,,135.08,,0.116,0.136,0.058,,97924000000,57041000000,0.583,1210.55,57041000000,20850000000,-6645000000,-6439000000,26377000000,,0.370,,,,,,true,false,12,2019-03-01,2020-02-29,0
2020-04-03,26850,2019-02-28,,222664000000,-0.001,,,,,7190000000,0.437,7345000000,0.353,,3890000000,,82.67,,0.075,0.081,0.032,,91263000000,52959000000,0.580,1125.29,52959000000,9904000000,-8686000000,-1890000000,18647000000,,0.605,,,,,,true,false,12,2018-03-01,2019-02-28,-1
2020-04-03,26850,2020-02-29,,197451000000,0.010,,,,,12010000000,0.614,10757000000,0.478,5956000000,,1.865,126.45,,,,,,84065000000,50518000000,0.601,1072.11,50518000000,,,,,50.00,,,,48800000,1679557,47107114,false,false,12,2019-03-01,2020-02-29,0
2020-04-03,26850,2019-02-28,,195427000000,-0.024,,,,,7442000000,0.157,7280000000,0.179,2078000000,,2.111,44.18,,,,,,80490000000,46968000000,0.584,998.00,46968000000,,,,,50.00,,,,48800000,1736973,47058592,false,false,12,2018-03-01,2019-02-28,-1
2020-06-30,26850,2021-02-28,1,33267000000,-0.409,,,,,-4758000000,,-4822000000,,,-3681000000,,-78.12,,,,,,93707000000,52324000000,0.558,,52324000000,,,,,,,,,,,,true,false,3,2020-03-01,2020-05-31,0
2020-06-30,26850,2020-02-28,1,56290000000,0.095,,,,,5221000000,3.084,5119000000,2.769,,3267000000,,69.41,,,,,,,,,,,,,,,,,,,,,,true,false,3,2019-03-01,2019-05-31,-1
2020-06-30,26850,2020-02-28,1,,,,,,,,,,,,,,,,,,,,97924000000,57041000000,0.583,,57041000000,,,,,,,,,,,,true,false,12,2019-03-01,2020-02-29,-1
2020-06-30,26850,2020-02-28,1,,,,,,,,,,,,,,,,,,,,,,,,,,,,,50.00,,,,48800000,1679557,,false,false,12,2019-03-01,2020-02-29,-1
2020-06-30,26850,2021-02-28,1,,,,,,,,,,,,,,,,,,,,,,,,,,,,,,,,,48800000,1638675,47128104,false,false,3,2020-03-01,2020-05-31,0
2020-06-30,26850,2020-02-28,1,,,,,,,,,,,,,,,,,,,,,,,,,,,,,,,,,,,47070278,false,false,3,2019-03-01,2019-05-31,-1
2020-07-16,26850,2021-02-28,,189000000000,,,,,,-1000000000,,-1100000000,,,-2200000000,,-46.69,,,,,,,,,,,,,,,,,,,,,,true,true,12,2020-03-01,2021-02-28,0
2020-07-16,26850,2020-02-28,,222376000000,,,,,,12885000000,,12843000000,,,6363000000,,135.08,,,,,,,,,,,,,,,,,,,,,,true,false,12,2019-03-01,2020-02-29,-1
2020-07-16,26850,2021-02-28,,,,,,,,,,,,,,,,,,,,,,,,,,,,,,40.00,,,,,,,false,true,12,2020-03-01,2021-02-28,0
2020-07-16,26850,2020-02-28,,,,,,,,,,,,,,,,,,,,,,,,,,,,,,50.00,,,,,,,false,false,12,2019-03-01,2020-02-29,-1
2020-09-30,26850,2021-02-28,2,79664000000,-0.269,,,,,-4410000000,,-2730000000,,,-2461000000,,-52.21,,,,,,88320000000,53434000000,0.605,,53434000000,,,,,,,,,,,,true,false,6,2020-03-01,2020-08-31,0
2020-09-30,26850,2020-02-28,2,108981000000,0.038,,,,,7164000000,,6987000000,,,4410000000,,93.66,,,,,,,,,,,,,,,,,,,,,,true,false,6,2019-03-01,2019-08-31,-1
2020-09-30,26850,2021-02-28,2,189000000000,-0.150,,,,,-1000000000,,-1100000000,,,-2200000000,,-46.69,,,,,,,,,,,,,,,,,,,,,,true,true,12,2020-03-01,2021-02-28,0
2020-09-30,26850,2020-02-28,2,,,,,,,,,,,,,,,,,,,,97924000000,57041000000,0.583,,57041000000,,,,,,,,,,,,true,false,12,2019-03-01,2020-02-29,-1
2020-09-30,26850,2020-02-28,2,,,,,,,,,,,,,,,,,,,,,,,,,,,,,50.00,,,,48800000,1679557,,false,false,12,2019-03-01,2020-02-29,-1
2020-09-30,26850,2021-02-28,2,,,,,,,,,,,,,,,,,,,,,,,,,,,,,15.00,,,,,,,false,false,12,2020-03-01,2021-02-28,0
2020-09-30,26850,2021-02-28,2,,,,,,,,,,,,,,,,,,,,,,,,,,,,,40.00,,,,,,,false,true,12,2020-03-01,2021-02-28,0
2020-09-30,26850,2021-02-28,2,,,,,,,,,,,,,,,,,,,,,,,,,,,,,,,,,48800000,1638755,47144688,false,false,6,2020-03-01,2020-08-31,0
2020-09-30,26850,2020-02-28,2,,,,,,,,,,,,,,,,,,,,,,,,,,,,,,,,,,,47093537,false,false,6,2019-03-01,2019-08-31,-1
2020-12-29,26850,2021-02-28,3,132833000000,-0.191,,,,,1108000000,-0.907,3116000000,-0.737,,1228000000,,26.13,,,,,,102204000000,54105000000,0.529,,54105000000,,,,,,,,,,,,true,false,9,2020-03-01,2020-11-30,0
2020-12-29,26850,2020-02-28,3,164280000000,0.012,,,,,11970000000,1.100,11871000000,1.035,,6908000000,,146.67,,,,,,,,,,,,,,,,,,,,,,true,false,9,2019-03-01,2019-11-30,-1
2020-12-29,26850,2021-02-28,3,189000000000,-0.150,,,,,-1000000000,,-1100000000,,,-2200000000,,-46.69,,,,,,,,,,,,,,,,,,,,,,true,true,12,2020-03-01,2021-02-28,0
2020-12-29,26850,2020-02-28,3,,,,,,,,,,,,,,,,,,,,97924000000,57041000000,0.583,,57041000000,,,,,,,,,,,,true,false,12,2019-03-01,2020-02-29,-1
2020-12-29,26850,2020-02-28,3,,,,,,,,,,,,,,,,,,,,,,,,,,,,,50.00,,,,48800000,1679557,,false,false,12,2019-03-01,2020-02-29,-1
2020-12-29,26850,2021-02-28,3,,,,,,,,,,,,,,,,,,,,,,,,,,,,,15.00,,,,,,,false,false,12,2020-03-01,2021-02-28,0
2020-12-29,26850,2021-02-28,3,,,,,,,,,,,,,,,,,,,,,,,,,,,,,40.00,,,,,,,false,true,12,2020-03-01,2021-02-28,0
2020-12-29,26850,2021-02-28,3,,,,,,,,,,,,,,,,,,,,,,,,,,,,,,,,,48800000,2801825,47030649,false,false,9,2020-03-01,2020-11-30,0
2020-12-29,26850,2020-02-28,3,,,,,,,,,,,,,,,,,,,,,,,,,,,,,,,,,,,47102625,false,false,9,2019-03-01,2019-11-30,-1
2021-03-18,26850,2021-02-28,,183800000000,-0.028,,,,,700000000,,2900000000,,,-700000000,,-15.02,,,,,,,,,,,,,,,,,,,,,,true,true,12,2020-03-01,2021-02-28,0
2021-03-18,26850,2020-02-28,,222376000000,,,,,,12885000000,,12843000000,,,6363000000,,135.08,,,,,,,,,,,,,,,,,,,,,,true,false,12,2019-03-01,2020-02-29,-1
2021-04-05,26850,2021-02-28,,183870000000,-0.173,,,,,766000000,-0.940,2981000000,-0.768,,-693000000,,-14.88,,-0.013,0.031,0.004,,95449000000,50701000000,0.531,1122.71,50701000000,11933000000,-7366000000,-6840000000,24082000000,,,,,,,,true,false,12,2020-03-01,2021-02-28,0
2021-04-05,26850,2020-02-28,,222376000000,-0.001,,,,,12885000000,0.792,12843000000,0.748,,6363000000,,135.08,,0.116,0.136,0.058,,97924000000,57041000000,0.583,1210.55,57041000000,20850000000,-6645000000,-6439000000,26377000000,,0.370,,,,,,true,false,12,2019-03-01,2020-02-29,-1
2021-04-05,26850,2022-02-28,,219000000000,0.191,,,,,6500000000,7.477,6500000000,1.180,,3800000000,,84.14,,,,,,,,,,,,,,,,0.594,,,,,,true,true,12,2021-03-01,2022-02-28,1
2021-04-05,26850,2021-02-28,,160940000000,-0.185,,,,,1521000000,-0.873,2775000000,-0.742,-527000000,,,-11.32,,,,,,81340000000,44511000000,0.547,985.63,44511000000,,,,,40.00,,,,48800000,3639505,46598046,false,false,12,2020-03-01,2021-02-28,0
2021-04-05,26850,2020-02-28,,197451000000,0.010,,,,,12010000000,0.614,10757000000,0.478,5956000000,,1.865,126.45,,,,,,84065000000,50518000000,0.601,1072.11,50518000000,,,,,50.00,,,,48800000,1679557,47107114,false,false,12,2019-03-01,2020-02-29,-1
2021-04-05,26850,2022-02-28,,,,,,,,,,,,,,,,,,,,,,,,,,,,,,50.00,,,,,,,false,true,12,2021-03-01,2022-02-28,1
2021-06-30,26850,2022-02-28,1,46387000000,0.394,,,,,624000000,,961000000,,,269000000,,5.98,,,,,,92888000000,50264000000,0.541,,50264000000,,,,,,,,,,,,true,false,3,2021-03-01,2021-05-31,0
2021-06-30,26850,2021-02-28,1,33267000000,-0.409,,,,,-4758000000,,-4822000000,,,-3681000000,,-78.12,,,,,,,,,,,,,,,,,,,,,,true,false,3,2020-03-01,2020-05-31,-1
2021-06-30,26850,2022-02-28,1,219000000000,0.191,,,,,6500000000,7.477,6500000000,1.180,,3800000000,,84.14,,,,,,,,,,,,,,,,,,,,,,true,true,12,2021-03-01,2022-02-28,0
2021-06-30,26850,2021-02-28,1,,,,,,,,,,,,,,,,,,,,95449000000,50701000000,0.531,,50701000000,,,,,,,,,,,,true,false,12,2020-03-01,2021-02-28,-1
2021-06-30,26850,2021-02-28,1,,,,,,,,,,,,,,,,,,,,,,,,,,,,,40.00,,,,48800000,3639505,,false,false,12,2020-03-01,2021-02-28,-1
2021-06-30,26850,2022-02-28,1,,,,,,,,,,,,,,,,,,,,,,,,,,,,,50.00,,,,,,,false,true,12,2021-03-01,2022-02-28,0
2021-06-30,26850,2022-02-28,1,,,,,,,,,,,,,,,,,,,,,,,,,,,,,,,,,48800000,3551732,45176442,false,false,3,2021-03-01,2021-05-31,0
2021-06-30,26850,2021-02-28,1,,,,,,,,,,,,,,,,,,,,,,,,,,,,,,,,,,,47128104,false,false,3,2020-03-01,2020-05-31,-1
2021-09-30,26850,2022-02-28,2,92611000000,0.163,,,,,631000000,,1552000000,,,448000000,,9.93,,,,,,84841000000,50468000000,0.595,,50468000000,,,,,,,,,,,,true,false,6,2021-03-01,2021-08-31,0
2021-09-30,26850,2021-02-28,2,79664000000,-0.269,,,,,-4410000000,,-2730000000,,,-2461000000,,-52.21,,,,,,,,,,,,,,,,,,,,,,true,false,6,2020-03-01,2020-08-31,-1
2021-09-30,26850,2022-02-28,2,219000000000,0.191,,,,,6500000000,7.477,6500000000,1.180,,3800000000,,84.14,,,,,,,,,,,,,,,,,,,,,,true,true,12,2021-03-01,2022-02-28,0
2021-09-30,26850,2021-02-28,2,,,,,,,,,,,,,,,,,,,,95449000000,50701000000,0.531,,50701000000,,,,,,,,,,,,true,false,12,2020-03-01,2021-02-28,-1
2021-09-30,26850,2021-02-28,2,,,,,,,,,,,,,,,,,,,,,,,,,,,,,40.00,,,,48800000,3639505,,false,false,12,2020-03-01,2021-02-28,-1
2021-09-30,26850,2022-02-28,2,,,,,,,,,,,,,,,,,,,,,,,,,,,,,25.00,,,,,,,false,false,12,2021-03-01,2022-02-28,0
2021-09-30,26850,2022-02-28,2,,,,,,,,,,,,,,,,,,,,,,,,,,,,,50.00,,,,,,,false,true,12,2021-03-01,2022-02-28,0
2021-09-30,26850,2022-02-28,2,,,,,,,,,,,,,,,,,,,,,,,,,,,,,,,,,48800000,3552079,45212230,false,false,6,2021-03-01,2021-08-31,0
2021-09-30,26850,2021-02-28,2,,,,,,,,,,,,,,,,,,,,,,,,,,,,,,,,,,,47144688,false,false,6,2020-03-01,2020-08-31,-1
2021-12-27,26850,2022-02-28,3,146731000000,0.105,,,,,4483000000,3.046,5725000000,0.837,,3534000000,,78.16,,,,,,101320000000,52434000000,0.518,,52434000000,,,,,,,,,,,,true,false,9,2021-03-01,2021-11-30,0
2021-12-27,26850,2021-02-28,3,132833000000,-0.191,,,,,1108000000,-0.907,3116000000,-0.737,,1228000000,,26.13,,,,,,,,,,,,,,,,,,,,,,true,false,9,2020-03-01,2020-11-30,-1
2021-12-27,26850,2022-02-28,3,219000000000,0.191,,,,,6500000000,7.477,6500000000,1.180,,3800000000,,84.14,,,,,,,,,,,,,,,,,,,,,,true,true,12,2021-03-01,2022-02-28,0
2021-12-27,26850,2021-02-28,3,,,,,,,,,,,,,,,,,,,,95449000000,50701000000,0.531,,50701000000,,,,,,,,,,,,true,false,12,2020-03-01,2021-02-28,-1
2021-12-27,26850,2021-02-28,3,,,,,,,,,,,,,,,,,,,,,,,,,,,,,40.00,,,,48800000,3639505,,false,false,12,2020-03-01,2021-02-28,-1
2021-12-27,26850,2022-02-28,3,,,,,,,,,,,,,,,,,,,,,,,,,,,,,25.00,,,,,,,false,false,12,2021-03-01,2022-02-28,0
2021-12-27,26850,2022-02-28,3,,,,,,,,,,,,,,,,,,,,,,,,,,,,,50.00,,,,,,,false,true,12,2021-03-01,2022-02-28,0
2021-12-27,26850,2022-02-28,3,,,,,,,,,,,,,,,,,,,,,,,,,,,,,,,,,48800000,3552319,45224082,false,false,9,2021-03-01,2021-11-30,0
2021-12-27,26850,2021-02-28,3,,,,,,,,,,,,,,,,,,,,,,,,,,,,,,,,,,,47030649,false,false,9,2020-03-01,2020-11-30,-1
2022-03-18,26850,2022-02-28,,201500000000,-0.080,,,,,6500000000,0.000,8100000000,0.246,,4900000000,,108.34,,,,,,,,,,,,,,,,,,,,,,true,true,12,2021-03-01,2022-02-28,0
2022-03-18,26850,2021-02-28,,183870000000,,,,,,766000000,,2981000000,,,-693000000,,-14.88,,,,,,,,,,,,,,,,,,,,,,true,false,12,2020-03-01,2021-02-28,-1
2022-03-18,26850,2022-02-28,,174000000000,,,,,,,,6600000000,,4400000000,,,97.28,,,,,,,,,,,,,,,55.00,,,,,,,false,true,12,2021-03-01,2022-02-28,0
2022-03-18,26850,2021-02-28,,160940000000,,,,,,,,2775000000,,-527000000,,,-11.32,,,,,,,,,,,,,,,40.00,,,,,,,false,false,12,2020-03-01,2021-02-28,-1
2022-03-18,26850,2022-02-28,,,,,,,,,,,,,,,,,,,,,,,,,,,,,,25.00,,,,,,,false,false,12,2021-03-01,2022-02-28,0
2022-04-13,26850,2022-02-28,,201582000000,0.096,,,,,6564000000,7.561,8166000000,1.739,,4917000000,,108.72,,0.094,0.084,0.033,,97957000000,54963000000,0.551,1192.62,53963000000,3504000000,-7780000000,-3251000000,16863000000,,0.506,,,,,,true,false,12,2021-03-01,2022-02-28,0
2022-04-13,26850,2021-02-28,,183870000000,-0.173,,,,,766000000,-0.940,2981000000,-0.768,,-693000000,,-14.88,,-0.013,0.031,0.004,,95449000000,50701000000,0.531,1122.71,50701000000,11933000000,-7366000000,-6840000000,24082000000,,,,,,,,true,false,12,2020-03-01,2021-02-28,-1
2022-04-13,26850,2023-02-28,,230000000000,0.141,,,,,10000000000,0.523,10000000000,0.225,,6300000000,,139.23,,,,,,,,,,,,,,,,0.395,,,,,,true,true,12,2022-03-01,2023-02-28,1
2022-04-13,26850,2022-02-28,,174065000000,0.082,,,,,5533000000,2.636,6667000000,1.402,4443000000,,,98.25,,,,,,78983000000,46973000000,0.595,1038.14,46973000000,,,,,55.00,,,,48800000,3552459,45229961,false,false,12,2021-03-01,2022-02-28,0
2022-04-13,26850,2021-02-28,,160940000000,-0.185,,,,,1521000000,-0.873,2775000000,-0.742,-527000000,,,-11.32,,,,,,81340000000,44511000000,0.547,985.63,44511000000,,,,,40.00,,,,48800000,3639505,46598046,false,false,12,2020-03-01,2021-02-28,-1
2022-04-13,26850,2023-02-28,,,,,,,,,,,,,,,,,,,,,,,,,,,,,,55.00,,,,,,,false,true,12,2022-03-01,2023-02-28,1
2022-07-08,26850,2023-02-28,1,58006000000,0.250,,,,,4574000000,6.321,4926000000,4.125,,3313000000,,73.24,,,,,,107118000000,57684000000,0.528,,56514000000,,,,,,,,,,,,true,false,3,2022-03-01,2022-05-31,0
2022-07-08,26850,2022-02-28,1,46387000000,0.394,,,,,624000000,,961000000,,,269000000,,5.98,,,,,,,,,,,,,,,,,,,,,,true,false,3,2021-03-01,2021-05-31,-1
2022-07-08,26850,2023-02-28,1,230000000000,0.141,,,,,10000000000,0.523,10000000000,0.225,,6300000000,,139.23,,,,,,,,,,,,,,,,,,,,,,true,true,12,2022-03-01,2023-02-28,0
2022-07-08,26850,2022-02-28,1,,,,,,,,,,,,,,,,,,,,97957000000,54963000000,0.551,,53963000000,,,,,,,,,,,,true,false,12,2021-03-01,2022-02-28,-1
2022-07-08,26850,2022-02-28,1,,,,,,,,,,,,,,,,,,,,,,,,,,,,,55.00,,,,48800000,3552459,,false,false,12,2021-03-01,2022-02-28,-1
2022-07-08,26850,2023-02-28,1,,,,,,,,,,,,,,,,,,,,,,,,,,,,,55.00,,,,,,,false,true,12,2022-03-01,2023-02-28,0
2022-07-08,26850,2023-02-28,1,,,,,,,,,,,,,,,,,,,,,,,,,,,,,,,,,48800000,3484393,45244312,false,false,3,2022-03-01,2022-05-31,0
2022-07-08,26850,2022-02-28,1,,,,,,,,,,,,,,,,,,,,,,,,,,,,,,,,,,,45176442,false,false,3,2021-03-01,2021-05-31,-1
2022-10-07,26850,2023-02-28,2,112578000000,0.216,,,,,5570000000,7.816,6157000000,2.965,,3893000000,,85.96,,,,,,108451000000,59333000000,0.534,,57952000000,,,,,,,,,,,,true,false,6,2022-03-01,2022-08-31,0
2022-10-07,26850,2022-02-28,2,92611000000,0.163,,,,,631000000,,1552000000,,,448000000,,9.93,,,,,,,,,,,,,,,,,,,,,,true,false,6,2021-03-01,2021-08-31,-1
2022-10-07,26850,2023-02-28,2,230000000000,0.141,,,,,10000000000,0.523,10000000000,0.225,,6300000000,,139.23,,,,,,,,,,,,,,,,,,,,,,true,true,12,2022-03-01,2023-02-28,0
2022-10-07,26850,2022-02-28,2,,,,,,,,,,,,,,,,,,,,97957000000,54963000000,0.551,,53963000000,,,,,,,,,,,,true,false,12,2021-03-01,2022-02-28,-1
2022-10-07,26850,2022-02-28,2,,,,,,,,,,,,,,,,,,,,,,,,,,,,,55.00,,,,48800000,3552459,,false,false,12,2021-03-01,2022-02-28,-1
2022-10-07,26850,2023-02-28,2,,,,,,,,,,,,,,,,,,,,,,,,,,,,,25.00,,,,,,,false,false,12,2022-03-01,2023-02-28,0
2022-10-07,26850,2023-02-28,2,,,,,,,,,,,,,,,,,,,,,,,,,,,,,55.00,,,,,,,false,true,12,2022-03-01,2023-02-28,0
2022-10-07,26850,2023-02-28,2,,,,,,,,,,,,,,,,,,,,,,,,,,,,,,,,,48800000,3448795,45294805,false,false,6,2022-03-01,2022-08-31,0
2022-10-07,26850,2022-02-28,2,,,,,,,,,,,,,,,,,,,,,,,,,,,,,,,,,,,45212230,false,false,6,2021-03-01,2021-08-31,-1
2022-12-29,26850,2023-02-28,3,177026000000,0.206,,,,,11165000000,1.490,11805000000,1.062,,7616000000,,168.09,,,,,,123853000000,61169000000,0.482,,59749000000,,,,,,,,,,,,true,false,9,2022-03-01,2022-11-30,0
2022-12-29,26850,2022-02-28,3,146731000000,0.105,,,,,4483000000,3.046,5725000000,0.837,,3534000000,,78.16,,,,,,,,,,,,,,,,,,,,,,true,false,9,2021-03-01,2021-11-30,-1
2022-12-29,26850,2023-02-28,3,240000000000,0.191,,,,,12500000000,0.904,13000000000,0.592,,8200000000,,180.81,,,,,,,,,,,,,,,,,,,,,,true,true,12,2022-03-01,2023-02-28,0
2022-12-29,26850,2022-02-28,3,,,,,,,,,,,,,,,,,,,,97957000000,54963000000,0.551,,53963000000,,,,,,,,,,,,true,false,12,2021-03-01,2022-02-28,-1
2022-12-29,26850,2022-02-28,3,,,,,,,,,,,,,,,,,,,,,,,,,,,,,55.00,,,,48800000,3552459,,false,false,12,2021-03-01,2022-02-28,-1
2022-12-29,26850,2023-02-28,3,,,,,,,,,,,,,,,,,,,,,,,,,,,,,25.00,,,,,,,false,false,12,2022-03-01,2023-02-28,0
2022-12-29,26850,2023-02-28,3,,,,,,,,,,,,,,,,,,,,,,,,,,,,,60.00,,,,,,,false,true,12,2022-03-01,2023-02-28,0
2022-12-29,26850,2023-02-28,3,,,,,,,,,,,,,,,,,,,,,,,,,,,,,,,,,48800000,3449059,45313566,false,false,9,2022-03-01,2022-11-30,0
2022-12-29,26850,2022-02-28,3,,,,,,,,,,,,,,,,,,,,,,,,,,,,,,,,,,,45224082,false,false,9,2021-03-01,2021-11-30,-1
2022-12-29,26850,2023-02-28,,240000000000,0.043,,,,,12500000000,0.250,13000000000,0.300,,8200000000,,180.81,,,,,,,,,,,,,,,,,,,,,,true,true,12,2022-03-01,2023-02-28,0
2022-12-29,26850,2022-02-28,,201582000000,,,,,,6564000000,,8166000000,,,4917000000,,108.72,,,,,,,,,,,,,,,,,,,,,,true,false,12,2021-03-01,2022-02-28,-1
2022-12-29,26850,2023-02-28,,196000000000,,,,,,,,11300000000,,7300000000,,,160.96,,,,,,,,,,,,,,,60.00,,,,,,,false,true,12,2022-03-01,2023-02-28,0
2022-12-29,26850,2022-02-28,,174065000000,,,,,,,,6667000000,,4443000000,,,98.25,,,,,,,,,,,,,,,55.00,,,,,,,false,false,12,2021-03-01,2022-02-28,-1
2022-12-29,26850,2023-02-28,,,,,,,,,,,,,,,,,,,,,,,,,,,,,,25.00,,,,,,,false,false,12,2022-03-01,2023-02-28,0
2023-04-04,26850,2023-02-28,,242552000000,0.203,,,,,11515000000,0.754,12026000000,0.473,,7540000000,,166.37,,0.133,0.115,0.047,,111392000000,60762000000,0.533,1309.96,59407000000,13460000000,-9963000000,-4398000000,16343000000,,0.361,,,,,,true,false,12,2022-03-01,2023-02-28,0
2023-04-04,26850,2022-02-28,,201582000000,0.096,,,,,6564000000,7.561,8166000000,1.739,,4917000000,,108.72,,0.094,0.084,0.033,,97957000000,54963000000,0.551,1192.62,53963000000,3504000000,-7780000000,-3251000000,16863000000,,0.506,,,,,,true,false,12,2021-03-01,2022-02-28,-1
2023-04-04,26850,2024-02-28,,260000000000,0.072,,,,,14000000000,0.216,14000000000,0.164,,9400000000,,207.27,,,,,,,,,,,,,,,,0.314,,,,,,true,true,12,2023-03-01,2024-02-29,1
2023-04-04,26850,2023-02-28,,196727000000,0.130,,,,,10384000000,0.877,10238000000,0.536,6626000000,,0.491,146.20,,,,,,86314000000,51251000000,0.594,1130.13,51251000000,,,,,60.00,,,,48800000,3449391,45322871,false,false,12,2022-03-01,2023-02-28,0
2023-04-04,26850,2022-02-28,,174065000000,0.082,,,,,5533000000,2.636,6667000000,1.402,4443000000,,,98.25,,,,,,78983000000,46973000000,0.595,1038.14,46973000000,,,,,55.00,,,,48800000,3552459,45229961,false,false,12,2021-03-01,2022-02-28,-1
2023-04-04,26850,2024-02-28,,,,,,,,,,,,,,,,,,,,,,,,,,,,,,65.00,,,,,,,false,true,12,2023-03-01,2024-02-29,1
2023-06-30,26850,2024-02-29,1,68478000000,0.181,,,,,6278000000,0.372,6349000000,0.289,,4464000000,,98.41,,,,,,119070000000,64213000000,0.528,,62891000000,,,,,,,,,,,,true,false,3,2023-03-01,2023-05-31,0
2023-06-30,26850,2023-02-28,1,58006000000,0.250,,,,,4574000000,6.321,4926000000,4.125,,3313000000,,73.24,,,,,,,,,,,,,,,,,,,,,,true,false,3,2022-03-01,2022-05-31,-1
2023-06-30,26850,2024-02-29,1,260000000000,0.072,,,,,14000000000,0.216,14000000000,0.164,,9400000000,,207.27,,,,,,,,,,,,,,,,,,,,,,true,true,12,2023-03-01,2024-02-29,0
2023-06-30,26850,2023-02-28,1,,,,,,,,,,,,,,,,,,,,111392000000,60762000000,0.533,,59407000000,,,,,,,,,,,,true,false,12,2022-03-01,2023-02-28,-1
2023-06-30,26850,2023-02-28,1,,,,,,,,,,,,,,,,,,,,,,,,,,,,,60.00,,,,48800000,3449391,,false,false,12,2022-03-01,2023-02-28,-1
2023-06-30,26850,2024-02-29,1,,,,,,,,,,,,,,,,,,,,,,,,,,,,,65.00,,,,,,,false,true,12,2023-03-01,2024-02-29,0
2023-06-30,26850,2024-02-29,1,,,,,,,,,,,,,,,,,,,,,,,,,,,,,,,,,48800000,3371138,45363497,false,false,3,2023-03-01,2023-05-31,0
2023-06-30,26850,2023-02-28,1,,,,,,,,,,,,,,,,,,,,,,,,,,,,,,,,,,,45244312,false,false,3,2022-03-01,2022-05-31,-1
2023-09-29,26850,2024-02-29,2,132896000000,0.180,,,,,10311000000,0.851,10639000000,0.728,,7094000000,,156.15,,,,,,121523000000,67956000000,0.547,,66486000000,,,,,,,,,,,,true,false,6,2023-03-01,2023-08-31,0
2023-09-29,26850,2023-02-28,2,112578000000,0.216,,,,,5570000000,7.816,6157000000,2.965,,3893000000,,85.96,,,,,,,,,,,,,,,,,,,,,,true,false,6,2022-03-01,2022-08-31,-1
2023-09-29,26850,2024-02-29,2,270000000000,0.113,,,,,18000000000,0.563,18200000000,0.513,,12000000000,,263.65,,,,,,,,,,,,,,,,,,,,,,true,true,12,2023-03-01,2024-02-29,0
2023-09-29,26850,2023-02-28,2,,,,,,,,,,,,,,,,,,,,111392000000,60762000000,0.533,,59407000000,,,,,,,,,,,,true,false,12,2022-03-01,2023-02-28,-1
2023-09-29,26850,2023-02-28,2,,,,,,,,,,,,,,,,,,,,,,,,,,,,,60.00,,,,48800000,3449391,,false,false,12,2022-03-01,2023-02-28,-1
2023-09-29,26850,2024-02-29,2,,,,,,,,,,,,,,,,,,,,,,,,,,,,,35.00,,,,,,,false,false,12,2023-03-01,2024-02-29,0
2023-09-29,26850,2024-02-29,2,,,,,,,,,,,,,,,,,,,,,,,,,,,,,80.00,,,,,,,false,true,12,2023-03-01,2024-02-29,0
2023-09-29,26850,2024-02-29,2,,,,,,,,,,,,,,,,,,,,,,,,,,,,,,,,,48800000,3284608,45432240,false,false,6,2023-03-01,2023-08-31,0
2023-09-29,26850,2023-02-28,2,,,,,,,,,,,,,,,,,,,,,,,,,,,,,,,,,,,45294805,false,false,6,2022-03-01,2022-08-31,-1
2023-09-29,26850,2024-02-29,,270000000000,0.038,,,,,18000000000,0.286,18200000000,0.300,,12000000000,,263.65,,,,,,,,,,,,,,,,,,,,,,true,true,12,2023-03-01,2024-02-29,0
2023-09-29,26850,2023-02-28,,242552000000,,,,,,11515000000,,12026000000,,,7540000000,,166.37,,,,,,,,,,,,,,,,,,,,,,true,false,12,2022-03-01,2023-02-28,-1
2023-09-29,26850,2024-02-29,,,,,,,,,,,,,,,,,,,,,,,,,,,,,,80.00,,,,,,,false,true,12,2023-03-01,2024-02-29,0
2023-09-29,26850,2024-02-29,,,,,,,,,,,,,,,,,,,,,,,,,,,,,,0.00,,,,,,,false,false,12,2023-03-01,2024-02-29,0
2023-09-29,26850,2023-02-28,,,,,,,,,,,,,,,,,,,,,,,,,,,,,,60.00,,,,,,,false,false,12,2022-03-01,2023-02-28,-1
2023-12-29,26850,2024-02-29,3,203252000000,0.148,,,,,16306000000,0.460,16708000000,0.415,,11541000000,,254.10,,,,,,130181000000,69871000000,0.525,,68337000000,,,,,,,,,,,,true,false,9,2023-03-01,2023-11-30,0
2023-12-29,26850,2023-02-28,3,177026000000,0.206,,,,,11165000000,1.490,11805000000,1.062,,7616000000,,168.09,,,,,,,,,,,,,,,,,,,,,,true,false,9,2022-03-01,2022-11-30,-1
2023-12-29,26850,2024-02-29,3,270000000000,0.113,,,,,18000000000,0.563,18200000000,0.513,,12000000000,,263.65,,,,,,,,,,,,,,,,,,,,,,true,true,12,2023-03-01,2024-02-29,0
2023-12-29,26850,2023-02-28,3,,,,,,,,,,,,,,,,,,,,111392000000,60762000000,0.533,,59407000000,,,,,,,,,,,,true,false,12,2022-03-01,2023-02-28,-1
2023-12-29,26850,2023-02-28,3,,,,,,,,,,,,,,,,,,,,,,,,,,,,,60.00,,,,48800000,3449391,,false,false,12,2022-03-01,2023-02-28,-1
2023-12-29,26850,2024-02-29,3,,,,,,,,,,,,,,,,,,,,,,,,,,,,,35.00,,,,,,,false,false,12,2023-03-01,2024-02-29,0
2023-12-29,26850,2024-02-29,3,,,,,,,,,,,,,,,,,,,,,,,,,,,,,80.00,,,,,,,false,true,12,2023-03-01,2024-02-29,0
2023-12-29,26850,2024-02-29,3,,,,,,,,,,,,,,,,,,,,,,,,,,,,,,,,,48800000,3520708,45420607,false,false,9,2023-03-01,2023-11-30,0
2023-12-29,26850,2023-02-28,3,,,,,,,,,,,,,,,,,,,,,,,,,,,,,,,,,,,45313566,false,false,9,2022-03-01,2022-11-30,-1
2024-04-04,26850,2024-02-29,,275596000000,0.136,,,,,18015000000,0.564,18389000000,0.529,,13513000000,,297.75,,0.209,0.154,0.065,,127915000000,71581000000,0.548,1549.13,70143000000,22223000000,-9920000000,-5581000000,23341000000,,0.285,,,,,,true,false,12,2023-03-01,2024-02-29,0
2024-04-04,26850,2023-02-28,,242552000000,0.203,,,,,11515000000,0.754,12026000000,0.473,,7540000000,,166.37,,0.133,0.115,0.047,,111392000000,60762000000,0.533,1309.96,59407000000,13460000000,-9963000000,-4398000000,16343000000,,0.361,,,,,,true,false,12,2022-03-01,2023-02-28,-1
2024-04-04,26850,2025-02-28,,290000000000,0.052,,,,,19000000000,0.055,19000000000,0.033,,12700000000,,280.48,,,,,,,,,,,,,,,,0.321,,,,,,true,true,12,2024-03-01,2025-02-28,1
2024-04-04,26850,2024-02-29,,220078000000,0.119,,,,,16346000000,0.574,16320000000,0.594,8760000000,,0.322,193.03,,,,,,96832000000,56880000000,0.587,1256.23,56880000000,,,,,85.00,,,,48800000,3520769,45385269,false,false,12,2023-03-01,2024-02-29,0
2024-04-04,26850,2023-02-28,,196727000000,0.130,,,,,10384000000,0.877,10238000000,0.536,6626000000,,0.491,146.20,,,,,,86314000000,51251000000,0.594,1130.13,51251000000,,,,,60.00,,,,48800000,3449391,45322871,false,false,12,2022-03-01,2023-02-28,-1
2024-04-04,26850,2025-02-28,,,,,,,,,,,,,,,,,,,,,,,,,,,,,,90.00,,,,,,,false,true,12,2024-03-01,2025-02-28,1
2024-06-28,26850,2025-02-28,1,74001000000,0.081,,,,,6014000000,-0.042,6288000000,-0.010,,4405000000,,97.27,,,,,,131174000000,74253000000,0.556,,72893000000,,,,,,,,,,,,true,false,3,2024-03-01,2024-05-31,0
2024-06-28,26850,2024-02-28,1,68478000000,0.181,,,,,6278000000,0.372,6349000000,0.289,,4464000000,,98.41,,,,,,,,,,,,,,,,,,,,,,true,false,3,2023-03-01,2023-05-31,-1
2024-06-28,26850,2025-02-28,1,290000000000,0.052,,,,,19000000000,0.055,19000000000,0.033,,12700000000,,280.48,,,,,,,,,,,,,,,,,,,,,,true,true,12,2024-03-01,2025-02-28,0
2024-06-28,26850,2024-02-28,1,,,,,,,,,,,,,,,,,,,,127915000000,71581000000,0.548,,70143000000,,,,,,,,,,,,true,false,12,2023-03-01,2024-02-29,-1
2024-06-28,26850,2024-02-28,1,,,,,,,,,,,,,,,,,,,,,,,,,,,,,85.00,,,,48800000,3520769,,false,false,12,2023-03-01,2024-02-29,-1
2024-06-28,26850,2025-02-28,1,,,,,,,,,,,,,,,,,,,,,,,,,,,,,90.00,,,,,,,false,true,12,2024-03-01,2025-02-28,0
2024-06-28,26850,2025-02-28,1,,,,,,,,,,,,,,,,,,,,,,,,,,,,,,,,,48800000,3478202,45286292,false,false,3,2024-03-01,2024-05-31,0
2024-06-28,26850,2024-02-28,1,,,,,,,,,,,,,,,,,,,,,,,,,,,,,,,,,,,45363497,false,false,3,2023-03-01,2023-05-31,-1
2024-09-30,26850,2025-02-28,2,144203000000,0.085,,,,,9915000000,-0.038,10316000000,-0.030,,6948000000,,151.90,,,,,,132473000000,76161000000,0.574,,76053000000,,,,,,,,,,,,true,false,6,2024-03-01,2024-08-31,0
2024-09-30,26850,2024-02-28,2,132896000000,0.180,,,,,10311000000,0.851,10639000000,0.728,,7094000000,,156.15,,,,,,,,,,,,,,,,,,,,,,true,false,6,2023-03-01,2023-08-31,-1
2024-09-30,26850,2025-02-28,2,290000000000,0.052,,,,,19000000000,0.055,19000000000,0.033,,12700000000,,280.48,,,,,,,,,,,,,,,,,,,,,,true,true,12,2024-03-01,2025-02-28,0
2024-09-30,26850,2024-02-28,2,,,,,,,,,,,,,,,,,,,,127915000000,71581000000,0.548,,70143000000,,,,,,,,,,,,true,false,12,2023-03-01,2024-02-29,-1
2024-09-30,26850,2024-02-28,2,,,,,,,,,,,,,,,,,,,,,,,,,,,,,85.00,,,,48800000,3520769,,false,false,12,2023-03-01,2024-02-29,-1
2024-09-30,26850,2025-02-28,2,,,,,,,,,,,,,,,,,,,,,,,,,,,,,35.00,,,,,,,false,false,12,2024-03-01,2025-02-28,0
2024-09-30,26850,2025-02-28,2,,,,,,,,,,,,,,,,,,,,,,,,,,,,,90.00,,,,,,,false,true,12,2024-03-01,2025-02-28,0
2024-09-30,26850,2025-02-28,2,,,,,,,,,,,,,,,,,,,,,,,,,,,,,,,,,48800000,2506333,45743831,false,false,6,2024-03-01,2024-08-31,0
2024-09-30,26850,2024-02-28,2,,,,,,,,,,,,,,,,,,,,,,,,,,,,,,,,,,,45432240,false,false,6,2023-03-01,2023-08-31,-1
2024-12-27,26850,2025-02-28,3,220089000000,0.083,,,,,14770000000,-0.094,14967000000,-0.104,,9907000000,,215.71,,,,,,146276000000,76799000000,0.524,,76700000000,,,,,,,,,,,,true,false,9,2024-03-01,2024-11-30,0
2024-12-27,26850,2024-02-28,3,203252000000,0.148,,,,,16306000000,0.460,16708000000,0.415,,11541000000,,254.10,,,,,,,,,,,,,,,,,,,,,,true,false,9,2023-03-01,2023-11-30,-1
2024-12-27,26850,2025-02-28,3,290000000000,0.052,,,,,19000000000,0.055,19000000000,0.033,,12700000000,,280.48,,,,,,,,,,,,,,,,,,,,,,true,true,12,2024-03-01,2025-02-28,0
2024-12-27,26850,2024-02-28,3,,,,,,,,,,,,,,,,,,,,127915000000,71581000000,0.548,,70143000000,,,,,,,,,,,,true,false,12,2023-03-01,2024-02-29,-1
2024-12-27,26850,2024-02-28,3,,,,,,,,,,,,,,,,,,,,,,,,,,,,,85.00,,,,48800000,3520769,,false,false,12,2023-03-01,2024-02-29,-1
2024-12-27,26850,2025-02-28,3,,,,,,,,,,,,,,,,,,,,,,,,,,,,,35.00,,,,,,,false,false,12,2024-03-01,2025-02-28,0
2024-12-27,26850,2025-02-28,3,,,,,,,,,,,,,,,,,,,,,,,,,,,,,90.00,,,,,,,false,true,12,2024-03-01,2025-02-28,0
2024-12-27,26850,2025-02-28,3,,,,,,,,,,,,,,,,,,,,,,,,,,,,,,,,,48800000,2506309,45927120,false,false,9,2024-03-01,2024-11-30,0
2024-12-27,26850,2024-02-28,3,,,,,,,,,,,,,,,,,,,,,,,,,,,,,,,,,,,45420607,false,false,9,2023-03-01,2023-11-30,-1
2025-04-04,26850,2025-02-28,,293110000000,0.064,,,,,15510000000,-0.139,15964000000,-0.132,,9614000000,,208.93,,0.131,0.122,0.053,,133108000000,77200000000,0.579,1665.51,77102000000,21373000000,-16971000000,-7111000000,21081000000,,0.431,,,,,,true,false,12,2024-03-01,2025-02-28,0
2025-04-04,26850,2024-02-28,,275596000000,0.136,,,,,18015000000,0.564,18389000000,0.529,,13513000000,,297.75,,0.209,0.154,0.065,,127915000000,71581000000,0.548,1549.13,70143000000,22223000000,-9920000000,-5581000000,23341000000,,0.285,,,,,,true,false,12,2023-03-01,2024-02-29,-1
2025-04-04,26850,2026-02-28,,305000000000,0.041,,,,,19000000000,0.225,19000000000,0.190,,12400000000,,267.86,,,,,,,,,,,,,,,,0.336,,,,,,true,true,12,2025-03-01,2026-02-28,1
2025-04-04,26850,2025-02-28,,230983000000,0.050,,,,,13449000000,-0.177,14888000000,-0.088,10792000000,,0.232,234.52,,,,,,105313000000,67141000000,0.638,1450.34,67141000000,,,,,90.00,,,,48800000,2506369,46018757,false,false,12,2024-03-01,2025-02-28,0
2025-04-04,26850,2024-02-28,,220078000000,0.119,,,,,16346000000,0.574,16320000000,0.594,8760000000,,0.322,193.03,,,,,,96832000000,56880000000,0.587,1256.23,56880000000,,,,,85.00,,,,48800000,3520769,45385269,false,false,12,2023-03-01,2024-02-29,-1
2025-04-04,26850,2026-02-28,,,,,,,,,,,,,,,,,,,,,,,,,,,,,,90.00,,,,,,,false,true,12,2025-03-01,2026-02-28,1
2025-06-30,26850,2026-02-28,1,77464000000,0.047,,,,,5603000000,-0.068,5423000000,-0.138,,4374000000,,94.70,,,,,,146926000000,78206000000,0.530,,77823000000,,,,,,,,,,,,true,false,3,2025-03-01,2025-05-31,0
2025-06-30,26850,2025-02-28,1,74001000000,0.081,,,,,6014000000,-0.042,6288000000,-0.010,,4405000000,,97.27,,,,,,,,,,,,,,,,,,,,,,true,false,3,2024-03-01,2024-05-31,-1
2025-06-30,26850,2026-02-28,1,305000000000,0.041,,,,,19000000000,0.225,19000000000,0.190,,12400000000,,267.86,,,,,,,,,,,,,,,,,,,,,,true,true,12,2025-03-01,2026-02-28,0
2025-06-30,26850,2025-02-28,1,,,,,,,,,,,,,,,,,,,,133108000000,77200000000,0.579,,77102000000,,,,,,,,,,,,true,false,12,2024-03-01,2025-02-28,-1
2025-06-30,26850,2025-02-28,1,,,,,,,,,,,,,,,,,,,,,,,,,,,,,90.00,,,,48800000,2506369,,false,false,12,2024-03-01,2025-02-28,-1
2025-06-30,26850,2026-02-28,1,,,,,,,,,,,,,,,,,,,,,,,,,,,,,90.00,,,,,,,false,true,12,2025-03-01,2026-02-28,0
2025-06-30,26850,2026-02-28,1,,,,,,,,,,,,,,,,,,,,,,,,,,,,,,,,,48800000,2699054,46187383,false,false,3,2025-03-01,2025-05-31,0
2025-06-30,26850,2025-02-28,1,,,,,,,,,,,,,,,,,,,,,,,,,,,,,,,,,,,45286292,false,false,3,2024-03-01,2024-05-31,-1
