filing_date,code,fiscal_year_end,quarterly_period,net_sales,net_sales_change,revenue,revenue_change,operating_revenue,operating_revenue_change,operating_profit,operating_profit_change,ordinary_profit,ordinary_profit_change,net_income,net_income_of_parent,net_income_change,eps,diluted_eps,roe,roa,operating_profit_to_net_sales,operating_profit_to_revenue,total_assets,net_assets,equity_ratio,bps,owner_equity,operating_cash_flow,investing_cash_flow,financing_cash_flow,cash,dividend_per_share,payout_ratio,commemorative_dividend,extra_dividend,number_of_shares,number_of_treqsury_shares,avg_number_of_shares,is_consolidated,is_forecast,duration,period_start,period_end,period_pos
2015-08-10,26890,2015-06-30,,94515000000,-0.027,,,,,668000000,-0.536,662000000,-0.564,405000000,,-0.504,72.23,,0.094,0.022,0.007,,30738000000,4710000000,0.153,839.59,4710000000,-2113000000,-388000000,626000000,2296000000,,0.415,,,,,,true,false,12,2014-07-01,2015-06-30,0
2015-08-10,26890,2014-06-30,,97137000000,0.010,,,,,1440000000,-0.074,1519000000,-0.010,816000000,,-0.134,145.54,,0.228,0.050,0.015,,28958000000,3926000000,0.136,699.75,3926000000,926000000,-401000000,-2885000000,4171000000,,0.172,,,,,,true,false,12,2013-07-01,2014-06-30,-1
2015-08-10,26890,2016-06-30,,50317000000,0.102,,,,,287000000,0.227,280000000,0.216,141000000,,0.228,25.24,,,,,,,,,,,,,,,,,,,,,,true,true,6,2015-07-01,2015-12-31,1
2015-08-10,26890,2016-06-30,,103020000000,0.090,,,,,700000000,0.048,688000000,0.039,369000000,,-0.088,65.87,,,,,,,,,,,,,,,,0.456,,,,,,true,true,12,2015-07-01,2016-06-30,1
2015-08-10,26890,2015-06-30,,1579000000,0.003,,,,,439000000,-0.118,424000000,-0.099,433000000,,0.040,77.21,,,,,,8382000000,3019000000,0.360,538.20,3019000000,,,,,30.00,,,,6250000,639238,5610770,false,false,12,2014-07-01,2015-06-30,0
2015-08-10,26890,2014-06-30,,1574000000,0.186,,,,,498000000,0.400,471000000,0.453,416000000,,0.623,74.24,,,,,,8582000000,2675000000,0.312,476.85,2675000000,,,,,25.00,,,,6250000,639205,5610817,false,false,12,2013-07-01,2014-06-30,-1
2015-08-10,26890,2016-06-30,,,,,,,,,,,,,,,,,,,,,,,,,,,,,,30.00,,,,,,,false,true,12,2015-07-01,2016-06-30,1
2015-10-29,26890,2016-06-30,1,23103000000,0.028,,,,,-72000000,,-70000000,,,-72000000,,-12.94,,,,,,30809000000,4452000000,0.145,793.56,4452000000,,,,,,,,,,,,true,false,3,2015-07-01,2015-09-30,0
2015-10-29,26890,2015-06-30,1,22468000000,-0.060,,,,,49000000,-0.869,46000000,-0.877,,13000000,,2.33,,,,,,,,,,,,,,,,,,,,,,true,false,3,2014-07-01,2014-09-30,-1
2015-10-29,26890,2016-06-30,1,50317000000,0.102,,,,,287000000,0.227,280000000,0.216,,141000000,,25.24,,,,,,,,,,,,,,,,,,,,,,true,true,6,2015-07-01,2015-12-31,0
2015-10-29,26890,2016-06-30,1,103020000000,0.090,,,,,700000000,0.048,688000000,0.039,,369000000,,65.87,,,,,,,,,,,,,,,,,,,,,,true,true,12,2015-07-01,2016-06-30,0
2015-10-29,26890,2015-06-30,1,,,,,,,,,,,,,,,,,,,,30738000000,4710000000,0.153,839.59,4710000000,,,,,,,,,,,,true,false,12,2014-07-01,2015-06-30,-1
2015-10-29,26890,2015-06-30,1,,,,,,,,,,,,,,,,,,,,,,,,,,,,,30.00,,,,6250000,639238,,false,false,12,2014-07-01,2015-06-30,-1
2015-10-29,26890,2016-06-30,1,,,,,,,,,,,,,,,,,,,,,,,,,,,,,30.00,,,,,,,false,true,12,2015-07-01,2016-06-30,0
2015-10-29,26890,2016-06-30,1,,,,,,,,,,,,,,,,,,,,,,,,,,,,,,,,,6250000,639238,5610762,false,false,3,2015-07-01,2015-09-30,0
2015-10-29,26890,2015-06-30,1,,,,,,,,,,,,,,,,,,,,,,,,,,,,,,,,,,,5610799,false,false,3,2014-07-01,2014-09-30,-1
2016-01-28,26890,2016-06-30,2,49238000000,0.079,,,,,194000000,-0.169,193000000,-0.161,,91000000,,16.30,,,,,,33384000000,4648000000,0.139,828.56,4648000000,,,,,,,,,,,,true,false,6,2015-07-01,2015-12-31,0
2016-01-28,26890,2015-06-30,2,45645000000,-0.048,,,,,234000000,-0.694,230000000,-0.701,,115000000,,20.55,,,,,,,,,,,,,,,,,,,,,,true,false,6,2014-07-01,2014-12-31,-1
2016-01-28,26890,2016-06-30,2,99833000000,0.056,,,,,453000000,-0.321,448000000,-0.323,,219000000,,39.16,,,,,,,,,,,,,,,,,,,,,,true,true,12,2015-07-01,2016-06-30,0
2016-01-28,26890,2015-06-30,2,,,,,,,,,,,,,,,,,,,,30738000000,4710000000,0.153,839.59,4710000000,,,,,,,,,,,,true,false,12,2014-07-01,2015-06-30,-1
2016-01-28,26890,2015-06-30,2,,,,,,,,,,,,,,,,,,,,,,,,,,,,,30.00,,,,6250000,639238,,false,false,12,2014-07-01,2015-06-30,-1
2016-01-28,26890,2016-06-30,2,,,,,,,,,,,,,,,,,,,,,,,,,,,,,0.00,,,,,,,false,false,12,2015-07-01,2016-06-30,0
2016-01-28,26890,2016-06-30,2,,,,,,,,,,,,,,,,,,,,,,,,,,,,,30.00,,,,,,,false,true,12,2015-07-01,2016-06-30,0
2016-01-28,26890,2016-06-30,2,,,,,,,,,,,,,,,,,,,,,,,,,,,,,,,,,6250000,639238,5610762,false,false,6,2015-07-01,2015-12-31,0
2016-01-28,26890,2015-06-30,2,,,,,,,,,,,,,,,,,,,,,,,,,,,,,,,,,,,5610776,false,false,6,2014-07-01,2014-12-31,-1
2016-01-28,26890,2016-06-30,,99833000000,-0.031,,,,,453000000,-0.352,448000000,-0.349,,219000000,,39.16,,,,,,,,,,,,,,,,,,,,,,true,true,12,2015-07-01,2016-06-30,0
2016-01-28,26890,2015-06-30,,94515000000,,,,,,668000000,,662000000,,,405000000,,72.23,,,,,,,,,,,,,,,,,,,,,,true,false,12,2014-07-01,2015-06-30,-1
2016-04-28,26890,2016-06-30,3,77649000000,0.094,,,,,534000000,0.099,535000000,0.102,,298000000,,53.18,,,,,,36176000000,4845000000,0.134,863.59,4845000000,,,,,,,,,,,,true,false,9,2015-07-01,2016-03-31,0
2016-04-28,26890,2015-06-30,3,70987000000,-0.079,,,,,486000000,-0.681,486000000,-0.694,,262000000,,46.79,,,,,,,,,,,,,,,,,,,,,,true,false,9,2014-07-01,2015-03-31,-1
2016-04-28,26890,2016-06-30,3,99833000000,0.056,,,,,453000000,-0.321,448000000,-0.323,,219000000,,39.16,,,,,,,,,,,,,,,,,,,,,,true,true,12,2015-07-01,2016-06-30,0
2016-04-28,26890,2015-06-30,3,,,,,,,,,,,,,,,,,,,,30738000000,4710000000,0.153,839.59,4710000000,,,,,,,,,,,,true,false,12,2014-07-01,2015-06-30,-1
2016-04-28,26890,2015-06-30,3,,,,,,,,,,,,,,,,,,,,,,,,,,,,,30.00,,,,6250000,639238,,false,false,12,2014-07-01,2015-06-30,-1
2016-04-28,26890,2016-06-30,3,,,,,,,,,,,,,,,,,,,,,,,,,,,,,0.00,,,,,,,false,false,12,2015-07-01,2016-06-30,0
2016-04-28,26890,2016-06-30,3,,,,,,,,,,,,,,,,,,,,,,,,,,,,,30.00,,,,,,,false,true,12,2015-07-01,2016-06-30,0
2016-04-28,26890,2016-06-30,3,,,,,,,,,,,,,,,,,,,,,,,,,,,,,,,,,6250000,639238,5610762,false,false,9,2015-07-01,2016-03-31,0
2016-04-28,26890,2015-06-30,3,,,,,,,,,,,,,,,,,,,,,,,,,,,,,,,,,,,5610772,false,false,9,2014-07-01,2015-03-31,-1
2016-08-09,26890,2016-06-30,,101460000000,0.073,,,,,543000000,-0.187,556000000,-0.160,,305000000,,54.49,,0.066,0.018,0.005,,31049000000,4593000000,0.148,818.77,4593000000,710000000,-705000000,-208000000,2092000000,,0.551,,,,,,true,false,12,2015-07-01,2016-06-30,0
2016-08-09,26890,2015-06-30,,94515000000,-0.027,,,,,668000000,-0.536,662000000,-0.564,,405000000,,72.23,,0.094,0.022,0.007,,30738000000,4710000000,0.153,839.59,4710000000,-2113000000,-388000000,626000000,2296000000,,0.415,,,,,,true,false,12,2014-07-01,2015-06-30,-1
2016-08-09,26890,2017-06-30,,52885000000,0.074,,,,,463000000,1.381,462000000,1.391,,259000000,,46.29,,,,,,,,,,,,,,,,,,,,,,true,true,6,2016-07-01,2016-12-31,1
2016-08-09,26890,2017-06-30,,105069000000,0.036,,,,,816000000,0.502,808000000,0.452,,492000000,,87.77,,,,,,,,,,,,,,,,0.342,,,,,,true,true,12,2016-07-01,2017-06-30,1
2016-08-09,26890,2016-06-30,,1470000000,-0.069,,,,,293000000,-0.332,283000000,-0.333,248000000,,-0.426,44.33,,,,,,8610000000,3071000000,0.357,547.36,3071000000,,,,,30.00,,,,6250000,639284,5610758,false,false,12,2015-07-01,2016-06-30,0
2016-08-09,26890,2015-06-30,,1579000000,0.003,,,,,439000000,-0.118,424000000,-0.099,433000000,,0.040,77.21,,,,,,8382000000,3019000000,0.360,538.20,3019000000,,,,,30.00,,,,6250000,639238,5610770,false,false,12,2014-07-01,2015-06-30,-1
2016-08-09,26890,2017-06-30,,,,,,,,,,,,,,,,,,,,,,,,,,,,,,30.00,,,,,,,false,true,12,2016-07-01,2017-06-30,1
2016-10-28,26890,2017-06-30,1,25459000000,0.102,,,,,41000000,,52000000,,,20000000,,3.72,,,,,,32641000000,4552000000,0.136,,4435000000,,,,,,,,,,,,true,false,3,2016-07-01,2016-09-30,0
2016-10-28,26890,2016-06-30,1,23103000000,0.028,,,,,-72000000,,-70000000,,,-72000000,,-12.94,,,,,,,,,,,,,,,,,,,,,,true,false,3,2015-07-01,2015-09-30,-1
2016-10-28,26890,2017-06-30,1,52885000000,0.074,,,,,463000000,1.381,462000000,1.391,,259000000,,46.29,,,,,,,,,,,,,,,,,,,,,,true,true,6,2016-07-01,2016-12-31,0
2016-10-28,26890,2017-06-30,1,105069000000,0.036,,,,,816000000,0.502,808000000,0.452,,492000000,,87.77,,,,,,,,,,,,,,,,,,,,,,true,true,12,2016-07-01,2017-06-30,0
2016-10-28,26890,2016-06-30,1,,,,,,,,,,,,,,,,,,,,31049000000,4593000000,0.148,,4593000000,,,,,,,,,,,,true,false,12,2015-07-01,2016-06-30,-1
2016-10-28,26890,2016-06-30,1,,,,,,,,,,,,,,,,,,,,,,,,,,,,,30.00,,,,6250000,639284,,false,false,12,2015-07-01,2016-06-30,-1
2016-10-28,26890,2017-06-30,1,,,,,,,,,,,,,,,,,,,,,,,,,,,,,30.00,,,,,,,false,true,12,2016-07-01,2017-06-30,0
2016-10-28,26890,2017-06-30,1,,,,,,,,,,,,,,,,,,,,,,,,,,,,,,,,,6250000,639284,5610716,false,false,3,2016-07-01,2016-09-30,0
2016-10-28,26890,2016-06-30,1,,,,,,,,,,,,,,,,,,,,,,,,,,,,,,,,,,,5610762,false,false,3,2015-07-01,2015-09-30,-1
2017-01-31,26890,2017-06-30,2,53184000000,0.080,,,,,571000000,1.933,590000000,2.052,,377000000,,67.29,,,,,,35391000000,4968000000,0.136,,4827000000,,,,,,,,,,,,true,false,6,2016-07-01,2016-12-31,0
2017-01-31,26890,2016-06-30,2,49238000000,0.079,,,,,194000000,-0.169,193000000,-0.161,,91000000,,16.30,,,,,,,,,,,,,,,,,,,,,,true,false,6,2015-07-01,2015-12-31,-1
2017-01-31,26890,2017-06-30,2,105069000000,0.036,,,,,816000000,0.502,808000000,0.452,,492000000,,87.77,,,,,,,,,,,,,,,,,,,,,,true,true,12,2016-07-01,2017-06-30,0
2017-01-31,26890,2016-06-30,2,,,,,,,,,,,,,,,,,,,,31049000000,4593000000,0.148,,4593000000,,,,,,,,,,,,true,false,12,2015-07-01,2016-06-30,-1
2017-01-31,26890,2016-06-30,2,,,,,,,,,,,,,,,,,,,,,,,,,,,,,30.00,,,,6250000,639284,,false,false,12,2015-07-01,2016-06-30,-1
2017-01-31,26890,2017-06-30,2,,,,,,,,,,,,,,,,,,,,,,,,,,,,,0.00,,,,,,,false,false,12,2016-07-01,2017-06-30,0
2017-01-31,26890,2017-06-30,2,,,,,,,,,,,,,,,,,,,,,,,,,,,,,30.00,,,,,,,false,true,12,2016-07-01,2017-06-30,0
2017-01-31,26890,2017-06-30,2,,,,,,,,,,,,,,,,,,,,,,,,,,,,,,,,,6250000,639284,5610716,false,false,6,2016-07-01,2016-12-31,0
2017-01-31,26890,2016-06-30,2,,,,,,,,,,,,,,,,,,,,,,,,,,,,,,,,,,,5610762,false,false,6,2015-07-01,2015-12-31,-1
2017-04-28,26890,2017-06-30,3,81105000000,0.045,,,,,960000000,0.796,1026000000,0.916,,661000000,,117.89,,,,,,35064000000,5256000000,0.146,,5117000000,,,,,,,,,,,,true,false,9,2016-07-01,2017-03-31,0
2017-04-28,26890,2016-06-30,3,77649000000,0.094,,,,,534000000,0.099,535000000,0.102,,298000000,,53.18,,,,,,,,,,,,,,,,,,,,,,true,false,9,2015-07-01,2016-03-31,-1
2017-04-28,26890,2017-06-30,3,105069000000,0.036,,,,,1000000000,0.840,1060000000,0.903,,660000000,,117.63,,,,,,,,,,,,,,,,,,,,,,true,true,12,2016-07-01,2017-06-30,0
2017-04-28,26890,2016-06-30,3,,,,,,,,,,,,,,,,,,,,31049000000,4593000000,0.148,,4593000000,,,,,,,,,,,,true,false,12,2015-07-01,2016-06-30,-1
2017-04-28,26890,2016-06-30,3,,,,,,,,,,,,,,,,,,,,,,,,,,,,,30.00,,,,6250000,639284,,false,false,12,2015-07-01,2016-06-30,-1
2017-04-28,26890,2017-06-30,3,,,,,,,,,,,,,,,,,,,,,,,,,,,,,0.00,,,,,,,false,false,12,2016-07-01,2017-06-30,0
2017-04-28,26890,2017-06-30,3,,,,,,,,,,,,,,,,,,,,,,,,,,,,,30.00,,,,,,,false,true,12,2016-07-01,2017-06-30,0
2017-04-28,26890,2017-06-30,3,,,,,,,,,,,,,,,,,,,,,,,,,,,,,,,,,6250000,639332,5610702,false,false,9,2016-07-01,2017-03-31,0
2017-04-28,26890,2016-06-30,3,,,,,,,,,,,,,,,,,,,,,,,,,,,,,,,,,,,5610762,false,false,9,2015-07-01,2016-03-31,-1
2017-04-28,26890,2017-06-30,,105069000000,0.000,,,,,1000000000,0.225,1060000000,0.311,,660000000,,117.63,,,,,,,,,,,,,,,,,,,,,,true,true,12,2016-07-01,2017-06-30,0
2017-04-28,26890,2016-06-30,,101460000000,,,,,,543000000,,556000000,,,305000000,,54.49,,,,,,,,,,,,,,,,,,,,,,true,false,12,2015-07-01,2016-06-30,-1
2017-08-09,26890,2017-06-30,,105778000000,0.043,,,,,1044000000,0.922,1112000000,0.998,,690000000,,123.10,,0.140,0.035,0.010,,31774000000,5425000000,0.166,942.77,5289000000,871000000,-99000000,-741000000,2169000000,,0.244,,,,,,true,false,12,2016-07-01,2017-06-30,0
2017-08-09,26890,2016-06-30,,101460000000,0.073,,,,,543000000,-0.187,556000000,-0.160,,305000000,,54.49,,0.066,0.018,0.005,,31049000000,4593000000,0.148,818.77,4593000000,710000000,-705000000,-208000000,2092000000,,0.551,,,,,,true,false,12,2015-07-01,2016-06-30,-1
2017-08-09,26890,2018-06-30,,53789000000,0.011,,,,,469000000,-0.179,471000000,-0.201,,308000000,,54.99,,,,,,,,,,,,,,,,,,,,,,true,true,6,2017-07-01,2017-12-31,1
2017-08-09,26890,2018-06-30,,106377000000,0.006,,,,,1100000000,0.053,1109000000,-0.003,,714000000,,127.32,,,,,,,,,,,,,,,,0.236,,,,,,true,true,12,2017-07-01,2018-06-30,1
2017-08-09,26890,2017-06-30,,1493000000,0.015,,,,,324000000,0.105,326000000,0.154,278000000,,0.119,49.61,,,,,,8932000000,3196000000,0.358,569.81,3196000000,,,,,30.00,,,,6250000,639332,5610694,false,false,12,2016-07-01,2017-06-30,0
2017-08-09,26890,2016-06-30,,1470000000,-0.069,,,,,293000000,-0.332,283000000,-0.333,248000000,,-0.426,44.33,,,,,,8610000000,3071000000,0.357,547.36,3071000000,,,,,30.00,,,,6250000,639284,5610758,false,false,12,2015-07-01,2016-06-30,-1
2017-08-09,26890,2018-06-30,,,,,,,,,,,,,,,,,,,,,,,,,,,,,,30.00,,,,,,,false,true,12,2017-07-01,2018-06-30,1
2017-10-31,26890,2018-06-30,1,26227000000,0.030,,,,,269000000,5.573,270000000,4.134,,204000000,,36.50,,,,,,34690000000,5442000000,0.153,,5308000000,,,,,,,,,,,,true,false,3,2017-07-01,2017-09-30,0
2017-10-31,26890,2017-06-30,1,25459000000,0.102,,,,,41000000,,52000000,,,20000000,,3.72,,,,,,,,,,,,,,,,,,,,,,true,false,3,2016-07-01,2016-09-30,-1
2017-10-31,26890,2018-06-30,1,53789000000,0.011,,,,,469000000,-0.179,471000000,-0.201,,308000000,,54.99,,,,,,,,,,,,,,,,,,,,,,true,true,6,2017-07-01,2017-12-31,0
2017-10-31,26890,2018-06-30,1,106377000000,0.006,,,,,1100000000,0.053,1109000000,-0.003,,714000000,,127.32,,,,,,,,,,,,,,,,,,,,,,true,true,12,2017-07-01,2018-06-30,0
2017-10-31,26890,2017-06-30,1,,,,,,,,,,,,,,,,,,,,31774000000,5425000000,0.166,,5289000000,,,,,,,,,,,,true,false,12,2016-07-01,2017-06-30,-1
2017-10-31,26890,2017-06-30,1,,,,,,,,,,,,,,,,,,,,,,,,,,,,,30.00,,,,6250000,639332,,false,false,12,2016-07-01,2017-06-30,-1
2017-10-31,26890,2018-06-30,1,,,,,,,,,,,,,,,,,,,,,,,,,,,,,30.00,,,,,,,false,true,12,2017-07-01,2018-06-30,0
2017-10-31,26890,2018-06-30,1,,,,,,,,,,,,,,,,,,,,,,,,,,,,,,,,,6250000,639332,5610668,false,false,3,2017-07-01,2017-09-30,0
2017-10-31,26890,2017-06-30,1,,,,,,,,,,,,,,,,,,,,,,,,,,,,,,,,,,,5610716,false,false,3,2016-07-01,2016-09-30,-1
2018-01-30,26890,2018-06-30,2,54563000000,0.026,,,,,704000000,0.234,706000000,0.196,,595000000,,106.06,,,,,,36557000000,5870000000,0.157,,5738000000,,,,,,,,,,,,true,false,6,2017-07-01,2017-12-31,0
2018-01-30,26890,2017-06-30,2,53184000000,0.080,,,,,571000000,1.933,590000000,2.052,,377000000,,67.29,,,,,,,,,,,,,,,,,,,,,,true,false,6,2016-07-01,2016-12-31,-1
2018-01-30,26890,2018-06-30,2,106377000000,0.006,,,,,1100000000,0.053,1109000000,-0.003,,714000000,,127.32,,,,,,,,,,,,,,,,,,,,,,true,true,12,2017-07-01,2018-06-30,0
2018-01-30,26890,2017-06-30,2,,,,,,,,,,,,,,,,,,,,31774000000,5425000000,0.166,,5289000000,,,,,,,,,,,,true,false,12,2016-07-01,2017-06-30,-1
2018-01-30,26890,2017-06-30,2,,,,,,,,,,,,,,,,,,,,,,,,,,,,,30.00,,,,6250000,639332,,false,false,12,2016-07-01,2017-06-30,-1
2018-01-30,26890,2018-06-30,2,,,,,,,,,,,,,,,,,,,,,,,,,,,,,0.00,,,,,,,false,false,12,2017-07-01,2018-06-30,0
2018-01-30,26890,2018-06-30,2,,,,,,,,,,,,,,,,,,,,,,,,,,,,,30.00,,,,,,,false,true,12,2017-07-01,2018-06-30,0
2018-01-30,26890,2018-06-30,2,,,,,,,,,,,,,,,,,,,,,,,,,,,,,,,,,6250000,639347,5610662,false,false,6,2017-07-01,2017-12-31,0
2018-01-30,26890,2017-06-30,2,,,,,,,,,,,,,,,,,,,,,,,,,,,,,,,,,,,5610716,false,false,6,2016-07-01,2016-12-31,-1
2018-04-27,26890,2018-06-30,3,82610000000,0.019,,,,,1142000000,0.189,1143000000,0.114,,981000000,,174.98,,,,,,36022000000,6353000000,0.173,,6222000000,,,,,,,,,,,,true,false,9,2017-07-01,2018-03-31,0
2018-04-27,26890,2017-06-30,3,81105000000,0.045,,,,,960000000,0.796,1026000000,0.916,,661000000,,117.89,,,,,,,,,,,,,,,,,,,,,,true,false,9,2016-07-01,2017-03-31,-1
2018-04-27,26890,2018-06-30,3,106377000000,0.006,,,,,1100000000,0.053,1109000000,-0.003,,714000000,,127.32,,,,,,,,,,,,,,,,,,,,,,true,true,12,2017-07-01,2018-06-30,0
2018-04-27,26890,2017-06-30,3,,,,,,,,,,,,,,,,,,,,31774000000,5425000000,0.166,,5289000000,,,,,,,,,,,,true,false,12,2016-07-01,2017-06-30,-1
2018-04-27,26890,2017-06-30,3,,,,,,,,,,,,,,,,,,,,,,,,,,,,,30.00,,,,6250000,639332,,false,false,12,2016-07-01,2017-06-30,-1
2018-04-27,26890,2018-06-30,3,,,,,,,,,,,,,,,,,,,,,,,,,,,,,0.00,,,,,,,false,false,12,2017-07-01,2018-06-30,0
2018-04-27,26890,2018-06-30,3,,,,,,,,,,,,,,,,,,,,,,,,,,,,,30.00,,,,,,,false,true,12,2017-07-01,2018-06-30,0
2018-04-27,26890,2018-06-30,3,,,,,,,,,,,,,,,,,,,,,,,,,,,,,,,,,6250000,639347,5610659,false,false,9,2017-07-01,2018-03-31,0
2018-04-27,26890,2017-06-30,3,,,,,,,,,,,,,,,,,,,,,,,,,,,,,,,,,,,5610702,false,false,9,2016-07-01,2017-03-31,-1
2018-07-13,26890,2018-06-30,,107670000000,0.012,,,,,1220000000,0.108,1230000000,0.108,,1040000000,,185.36,,,,,,,,,,,,,,,,,,,,,,true,true,12,2017-07-01,2018-06-30,0
2018-07-13,26890,2017-06-30,,105778000000,,,,,,1044000000,,1112000000,,,690000000,,123.10,,,,,,,,,,,,,,,,,,,,,,true,false,12,2016-07-01,2017-06-30,-1
2018-08-09,26890,2018-06-30,,107663000000,0.018,,,,,1230000000,0.179,1235000000,0.111,,1054000000,,187.86,,0.182,0.038,0.011,,33617000000,6416000000,0.187,1121.32,6291000000,-314000000,-269000000,-227000000,1359000000,,0.213,,,,,,true,false,12,2017-07-01,2018-06-30,0
2018-08-09,26890,2017-06-30,,105778000000,0.043,,,,,1044000000,0.922,1112000000,0.998,,690000000,,123.10,,0.140,0.035,0.010,,31774000000,5425000000,0.166,942.77,5289000000,871000000,-99000000,-741000000,2169000000,,0.244,,,,,,true,false,12,2016-07-01,2017-06-30,-1
2018-08-09,26890,2019-06-30,,55812000000,0.023,,,,,579000000,-0.177,585000000,-0.171,,365000000,,62.03,,,,,,,,,,,,,,,,,,,,,,true,true,6,2018-07-01,2018-12-31,1
2018-08-09,26890,2019-06-30,,110881000000,0.030,,,,,1324000000,0.076,1336000000,0.081,,861000000,,153.54,,,,,,,,,,,,,,,,0.261,,,,,,true,true,12,2018-07-01,2019-06-30,1
2018-08-09,26890,2018-06-30,,2172000000,0.455,,,,,955000000,1.942,952000000,1.915,999000000,,2.592,178.19,,,,,,8196000000,4028000000,0.491,717.98,4028000000,,,,,40.00,,,,6250000,639347,5610658,false,false,12,2017-07-01,2018-06-30,0
2018-08-09,26890,2017-06-30,,1493000000,0.015,,,,,324000000,0.105,326000000,0.154,278000000,,0.119,49.61,,,,,,8932000000,3196000000,0.358,569.81,3196000000,,,,,30.00,,,,6250000,639332,5610694,false,false,12,2016-07-01,2017-06-30,-1
2018-08-09,26890,2019-06-30,,,,,,,,,,,,,,,,,,,,,,,,,,,,,,40.00,,,,,,,false,true,12,2018-07-01,2019-06-30,1
2018-10-31,26890,2019-06-30,1,24772000000,-0.055,,,,,81000000,-0.699,82000000,-0.693,,-7000000,,-1.40,,,,,,33308000000,6187000000,0.182,,6076000000,,,,,,,,,,,,true,false,3,2018-07-01,2018-09-30,0
2018-10-31,26890,2018-06-30,1,26227000000,0.030,,,,,269000000,5.573,270000000,4.134,,204000000,,36.50,,,,,,,,,,,,,,,,,,,,,,true,false,3,2017-07-01,2017-09-30,-1
2018-10-31,26890,2019-06-30,1,55812000000,0.023,,,,,579000000,-0.177,585000000,-0.171,,365000000,,62.03,,,,,,,,,,,,,,,,,,,,,,true,true,6,2018-07-01,2018-12-31,0
2018-10-31,26890,2019-06-30,1,110881000000,0.030,,,,,1324000000,0.076,1336000000,0.081,,861000000,,153.54,,,,,,,,,,,,,,,,,,,,,,true,true,12,2018-07-01,2019-06-30,0
2018-10-31,26890,2018-06-30,1,,,,,,,,,,,,,,,,,,,,33433000000,6416000000,0.188,,6291000000,,,,,,,,,,,,true,false,12,2017-07-01,2018-06-30,-1
2018-10-31,26890,2018-06-30,1,,,,,,,,,,,,,,,,,,,,,,,,,,,,,40.00,,,,6250000,639347,,false,false,12,2017-07-01,2018-06-30,-1
2018-10-31,26890,2019-06-30,1,,,,,,,,,,,,,,,,,,,,,,,,,,,,,40.00,,,,,,,false,true,12,2018-07-01,2019-06-30,0
2018-10-31,26890,2019-06-30,1,,,,,,,,,,,,,,,,,,,,,,,,,,,,,,,,,6250000,639348,5610653,false,false,3,2018-07-01,2018-09-30,0
2018-10-31,26890,2018-06-30,1,,,,,,,,,,,,,,,,,,,,,,,,,,,,,,,,,,,5610668,false,false,3,2017-07-01,2017-09-30,-1
2019-01-31,26890,2019-06-30,2,54381000000,-0.003,,,,,579000000,-0.178,583000000,-0.174,,371000000,,66.26,,,,,,37387000000,6464000000,0.170,,6356000000,,,,,,,,,,,,true,false,6,2018-07-01,2018-12-31,0
2019-01-31,26890,2018-06-30,2,54563000000,0.026,,,,,704000000,0.234,706000000,0.196,,595000000,,106.06,,,,,,,,,,,,,,,,,,,,,,true,false,6,2017-07-01,2017-12-31,-1
2019-01-31,26890,2019-06-30,2,110881000000,0.030,,,,,1324000000,0.076,1336000000,0.081,,861000000,,153.54,,,,,,,,,,,,,,,,,,,,,,true,true,12,2018-07-01,2019-06-30,0
2019-01-31,26890,2018-06-30,2,,,,,,,,,,,,,,,,,,,,33433000000,6416000000,0.188,,6291000000,,,,,,,,,,,,true,false,12,2017-07-01,2018-06-30,-1
2019-01-31,26890,2018-06-30,2,,,,,,,,,,,,,,,,,,,,,,,,,,,,,40.00,,,,6250000,639347,,false,false,12,2017-07-01,2018-06-30,-1
2019-01-31,26890,2019-06-30,2,,,,,,,,,,,,,,,,,,,,,,,,,,,,,0.00,,,,,,,false,false,12,2018-07-01,2019-06-30,0
2019-01-31,26890,2019-06-30,2,,,,,,,,,,,,,,,,,,,,,,,,,,,,,40.00,,,,,,,false,true,12,2018-07-01,2019-06-30,0
2019-01-31,26890,2019-06-30,2,,,,,,,,,,,,,,,,,,,,,,,,,,,,,,,,,6250000,639416,5610633,false,false,6,2018-07-01,2018-12-31,0
2019-01-31,26890,2018-06-30,2,,,,,,,,,,,,,,,,,,,,,,,,,,,,,,,,,,,5610662,false,false,6,2017-07-01,2017-12-31,-1
2019-04-26,26890,2019-06-30,3,81237000000,-0.017,,,,,935000000,-0.181,940000000,-0.178,,606000000,,108.09,,,,,,36337000000,6705000000,0.182,,6605000000,,,,,,,,,,,,true,false,9,2018-07-01,2019-03-31,0
2019-04-26,26890,2018-06-30,3,82610000000,0.019,,,,,1142000000,0.189,1143000000,0.114,,981000000,,174.98,,,,,,,,,,,,,,,,,,,,,,true,false,9,2017-07-01,2018-03-31,-1
2019-04-26,26890,2019-06-30,3,110881000000,0.030,,,,,1324000000,0.076,1336000000,0.081,,861000000,,153.54,,,,,,,,,,,,,,,,,,,,,,true,true,12,2018-07-01,2019-06-30,0
2019-04-26,26890,2018-06-30,3,,,,,,,,,,,,,,,,,,,,33433000000,6416000000,0.188,,6291000000,,,,,,,,,,,,true,false,12,2017-07-01,2018-06-30,-1
2019-04-26,26890,2018-06-30,3,,,,,,,,,,,,,,,,,,,,,,,,,,,,,40.00,,,,6250000,639347,,false,false,12,2017-07-01,2018-06-30,-1
2019-04-26,26890,2019-06-30,3,,,,,,,,,,,,,,,,,,,,,,,,,,,,,0.00,,,,,,,false,false,12,2018-07-01,2019-06-30,0
2019-04-26,26890,2019-06-30,3,,,,,,,,,,,,,,,,,,,,,,,,,,,,,40.00,,,,,,,false,true,12,2018-07-01,2019-06-30,0
2019-04-26,26890,2019-06-30,3,,,,,,,,,,,,,,,,,,,,,,,,,,,,,,,,,6250000,639416,5610618,false,false,9,2018-07-01,2019-03-31,0
2019-04-26,26890,2018-06-30,3,,,,,,,,,,,,,,,,,,,,,,,,,,,,,,,,,,,5610659,false,false,9,2017-07-01,2018-03-31,-1
2019-08-09,26890,2019-06-30,,107428000000,-0.002,,,,,1301000000,0.057,1309000000,0.060,,775000000,,138.24,,0.120,0.039,0.012,,33772000000,6771000000,0.198,1191.62,6685000000,136000000,-361000000,-62000000,1070000000,,0.289,,,,,,true,false,12,2018-07-01,2019-06-30,0
2019-08-09,26890,2018-06-30,,107663000000,0.018,,,,,1230000000,0.179,1235000000,0.111,,1054000000,,187.86,,0.182,0.038,0.011,,33433000000,6416000000,0.188,1121.32,6291000000,-314000000,-269000000,-227000000,1359000000,,0.213,,,,,,true,false,12,2017-07-01,2018-06-30,-1
2019-08-09,26890,2020-06-30,,55115000000,0.013,,,,,533000000,-0.079,539000000,-0.075,,353000000,,57.41,,,,,,,,,,,,,,,,,,,,,,true,true,6,2019-07-01,2019-12-31,1
2019-08-09,26890,2020-06-30,,110520000000,0.029,,,,,1254000000,-0.037,1265000000,-0.034,,837000000,,149.12,,,,,,,,,,,,,,,,,,,,,,true,true,12,2019-07-01,2020-06-30,1
2019-08-09,26890,2019-06-30,,1601000000,-0.263,,,,,449000000,-0.530,447000000,-0.531,259000000,,-0.740,46.31,,,,,,8054000000,3984000000,0.495,710.19,3984000000,,,,,40.00,,,,6250000,639505,5610597,false,false,12,2018-07-01,2019-06-30,0
2019-08-09,26890,2018-06-30,,2172000000,0.455,,,,,955000000,1.942,952000000,1.915,999000000,,2.592,178.19,,,,,,8196000000,4028000000,0.491,717.98,4028000000,,,,,40.00,,,,6250000,639347,5610658,false,false,12,2017-07-01,2018-06-30,-1
2019-08-09,26890,2020-06-30,,,,,,,,,,,,,,,,,,,,,,,,,,,,,,40.00,,,,,,,false,true,12,2019-07-01,2020-06-30,1
2019-10-31,26890,2020-06-30,1,28354000000,0.145,,,,,372000000,3.591,374000000,3.519,,243000000,,43.43,,,,,,37162000000,6790000000,0.181,,6712000000,,,,,,,,,,,,true,false,3,2019-07-01,2019-09-30,0
2019-10-31,26890,2019-06-30,1,24772000000,-0.055,,,,,81000000,-0.699,82000000,-0.693,,-7000000,,-1.40,,,,,,,,,,,,,,,,,,,,,,true,false,3,2018-07-01,2018-09-30,-1
2019-10-31,26890,2020-06-30,1,55115000000,0.013,,,,,533000000,-0.079,539000000,-0.075,,353000000,,57.41,,,,,,,,,,,,,,,,,,,,,,true,true,6,2019-07-01,2019-12-31,0
2019-10-31,26890,2020-06-30,1,110520000000,0.029,,,,,1254000000,-0.037,1265000000,-0.034,,837000000,,149.12,,,,,,,,,,,,,,,,,,,,,,true,true,12,2019-07-01,2020-06-30,0
2019-10-31,26890,2019-06-30,1,,,,,,,,,,,,,,,,,,,,33772000000,6771000000,0.198,,6685000000,,,,,,,,,,,,true,false,12,2018-07-01,2019-06-30,-1
2019-10-31,26890,2019-06-30,1,,,,,,,,,,,,,,,,,,,,,,,,,,,,,40.00,,,,6250000,639505,,false,false,12,2018-07-01,2019-06-30,-1
2019-10-31,26890,2020-06-30,1,,,,,,,,,,,,,,,,,,,,,,,,,,,,,40.00,,,,,,,false,true,12,2019-07-01,2020-06-30,0
2019-10-31,26890,2020-06-30,1,,,,,,,,,,,,,,,,,,,,,,,,,,,,,,,,,6250000,639505,5610495,false,false,3,2019-07-01,2019-09-30,0
2019-10-31,26890,2019-06-30,1,,,,,,,,,,,,,,,,,,,,,,,,,,,,,,,,,,,5610653,false,false,3,2018-07-01,2018-09-30,-1
2020-01-24,26890,2020-06-30,,55547000000,0.008,,,,,335000000,-0.372,329000000,-0.389,,169000000,,30.20,,,,,,,,,,,,,,,,,,,,,,true,true,6,2019-07-01,2019-12-31,0
2020-01-24,26890,2019-06-30,,54381000000,,,,,,579000000,,583000000,,,371000000,,66.26,,,,,,,,,,,,,,,,,,,,,,true,false,6,2018-07-01,2018-12-31,-1
2020-01-24,26890,2020-06-30,,110520000000,,,,,,900000000,-0.282,911000000,-0.280,,303000000,,54.15,,,,,,,,,,,,,,,,,,,,,,true,true,12,2019-07-01,2020-06-30,0
2020-01-24,26890,2019-06-30,,107428000000,,,,,,1301000000,,1309000000,,,775000000,,138.24,,,,,,,,,,,,,,,,,,,,,,true,false,12,2018-07-01,2019-06-30,-1
2020-02-03,26890,2020-06-30,2,55547000000,0.021,,,,,335000000,-0.421,329000000,-0.435,,169000000,,30.20,,,,,,39043000000,6654000000,0.170,,6654000000,,,,,,,,,,,,true,false,6,2019-07-01,2019-12-31,0
2020-02-03,26890,2019-06-30,2,54381000000,-0.003,,,,,579000000,-0.178,583000000,-0.174,,371000000,,66.26,,,,,,,,,,,,,,,,,,,,,,true,false,6,2018-07-01,2018-12-31,-1
2020-02-03,26890,2020-06-30,2,110520000000,0.029,,,,,900000000,-0.308,911000000,-0.304,,303000000,,54.15,,,,,,,,,,,,,,,,,,,,,,true,true,12,2019-07-01,2020-06-30,0
2020-02-03,26890,2019-06-30,2,,,,,,,,,,,,,,,,,,,,33772000000,6771000000,0.198,,6685000000,,,,,,,,,,,,true,false,12,2018-07-01,2019-06-30,-1
2020-02-03,26890,2019-06-30,2,,,,,,,,,,,,,,,,,,,,,,,,,,,,,40.00,,,,6250000,639505,,false,false,12,2018-07-01,2019-06-30,-1
2020-02-03,26890,2020-06-30,2,,,,,,,,,,,,,,,,,,,,,,,,,,,,,0.00,,,,,,,false,false,12,2019-07-01,2020-06-30,0
2020-02-03,26890,2020-06-30,2,,,,,,,,,,,,,,,,,,,,,,,,,,,,,40.00,,,,,,,false,true,12,2019-07-01,2020-06-30,0
2020-02-03,26890,2020-06-30,2,,,,,,,,,,,,,,,,,,,,,,,,,,,,,,,,,6250000,639505,5610495,false,false,6,2019-07-01,2019-12-31,0
2020-02-03,26890,2019-06-30,2,,,,,,,,,,,,,,,,,,,,,,,,,,,,,,,,,,,5610633,false,false,6,2018-07-01,2018-12-31,-1
2020-04-30,26890,2020-06-30,3,83940000000,0.033,,,,,799000000,-0.145,782000000,-0.168,,459000000,,81.33,,,,,,39685000000,7334000000,0.185,,7334000000,,,,,,,,,,,,true,false,9,2019-07-01,2020-03-31,0
2020-04-30,26890,2019-06-30,3,81237000000,-0.017,,,,,935000000,-0.181,940000000,-0.178,,606000000,,108.09,,,,,,,,,,,,,,,,,,,,,,true,false,9,2018-07-01,2019-03-31,-1
2020-04-30,26890,2020-06-30,3,110520000000,0.029,,,,,900000000,-0.308,911000000,-0.304,,303000000,,54.15,,,,,,,,,,,,,,,,,,,,,,true,true,12,2019-07-01,2020-06-30,0
2020-04-30,26890,2019-06-30,3,,,,,,,,,,,,,,,,,,,,33772000000,6771000000,0.198,,6685000000,,,,,,,,,,,,true,false,12,2018-07-01,2019-06-30,-1
2020-04-30,26890,2019-06-30,3,,,,,,,,,,,,,,,,,,,,,,,,,,,,,40.00,,,,6250000,639505,,false,false,12,2018-07-01,2019-06-30,-1
2020-04-30,26890,2020-06-30,3,,,,,,,,,,,,,,,,,,,,,,,,,,,,,0.00,,,,,,,false,false,12,2019-07-01,2020-06-30,0
2020-04-30,26890,2020-06-30,3,,,,,,,,,,,,,,,,,,,,,,,,,,,,,40.00,,,,,,,false,true,12,2019-07-01,2020-06-30,0
2020-04-30,26890,2020-06-30,3,,,,,,,,,,,,,,,,,,,,,,,,,,,,,,,,,6250000,237305,5650715,false,false,9,2019-07-01,2020-03-31,0
2020-04-30,26890,2019-06-30,3,,,,,,,,,,,,,,,,,,,,,,,,,,,,,,,,,,,5610618,false,false,9,2018-07-01,2019-03-31,-1
2020-08-11,26890,2020-06-30,,107896000000,0.004,,,,,927000000,-0.288,905000000,-0.309,,326000000,,56.76,,0.047,0.027,0.009,,33683000000,7281000000,0.216,1197.17,7281000000,862000000,-496000000,439000000,1877000000,,0.793,,,,,,true,false,12,2019-07-01,2020-06-30,0
2020-08-11,26890,2019-06-30,,107428000000,-0.002,,,,,1301000000,0.057,1309000000,0.060,,775000000,,138.24,,0.120,0.039,0.012,,33772000000,6771000000,0.198,1191.62,6685000000,136000000,-361000000,-62000000,1070000000,,0.289,,,,,,true,false,12,2018-07-01,2019-06-30,-1
2020-08-11,26890,2021-06-30,,56069000000,0.009,,,,,528000000,0.577,528000000,0.601,,332000000,,54.64,,,,,,,,,,,,,,,,,,,,,,true,true,6,2020-07-01,2020-12-31,1
2020-08-11,26890,2021-06-30,,114114000000,0.058,,,,,1440000000,0.553,1441000000,0.592,,931000000,,153.11,,,,,,,,,,,,,,,,,,,,,,true,true,12,2020-07-01,2021-06-30,1
2020-08-11,26890,2020-06-30,,1573000000,-0.018,,,,,465000000,0.037,238000000,-0.466,-228000000,,,-39.73,,,,,,8781000000,3993000000,0.455,656.64,3993000000,,,,,45.00,,,,6250000,167605,5750333,false,false,12,2019-07-01,2020-06-30,0
2020-08-11,26890,2019-06-30,,1601000000,-0.263,,,,,449000000,-0.530,447000000,-0.531,259000000,,-0.740,46.31,,,,,,8054000000,3984000000,0.495,710.19,3984000000,,,,,40.00,,,,6250000,639505,5610597,false,false,12,2018-07-01,2019-06-30,-1
2020-08-11,26890,2021-06-30,,,,,,,,,,,,,,,,,,,,,,,,,,,,,,45.00,,,,,,,false,true,12,2020-07-01,2021-06-30,1
2020-11-02,26890,2021-06-30,1,26109000000,-0.079,,,,,108000000,-0.710,104000000,-0.720,,54000000,,8.97,,,,,,36138000000,7054000000,0.195,,7054000000,,,,,,,,,,,,true,false,3,2020-07-01,2020-09-30,0
2020-11-02,26890,2020-06-30,1,28354000000,0.145,,,,,372000000,3.591,374000000,3.519,,243000000,,43.43,,,,,,,,,,,,,,,,,,,,,,true,false,3,2019-07-01,2019-09-30,-1
2020-11-02,26890,2021-06-30,1,56069000000,0.009,,,,,528000000,0.577,528000000,0.601,,332000000,,54.64,,,,,,,,,,,,,,,,,,,,,,true,true,6,2020-07-01,2020-12-31,0
2020-11-02,26890,2021-06-30,1,114114000000,0.058,,,,,1440000000,0.553,1441000000,0.592,,931000000,,153.11,,,,,,,,,,,,,,,,,,,,,,true,true,12,2020-07-01,2021-06-30,0
2020-11-02,26890,2020-06-30,1,,,,,,,,,,,,,,,,,,,,33683000000,7281000000,0.216,,7281000000,,,,,,,,,,,,true,false,12,2019-07-01,2020-06-30,-1
2020-11-02,26890,2020-06-30,1,,,,,,,,,,,,,,,,,,,,,,,,,,,,,45.00,,,,6250000,167605,,false,false,12,2019-07-01,2020-06-30,-1
2020-11-02,26890,2021-06-30,1,,,,,,,,,,,,,,,,,,,,,,,,,,,,,45.00,,,,,,,false,true,12,2020-07-01,2021-06-30,0
2020-11-02,26890,2021-06-30,1,,,,,,,,,,,,,,,,,,,,,,,,,,,,,,,,,6250000,167605,6082395,false,false,3,2020-07-01,2020-09-30,0
2020-11-02,26890,2020-06-30,1,,,,,,,,,,,,,,,,,,,,,,,,,,,,,,,,,,,5610495,false,false,3,2019-07-01,2019-09-30,-1
2021-01-29,26890,2021-06-30,2,55282000000,-0.005,,,,,620000000,0.852,615000000,0.866,,389000000,,63.98,,,,,,40041000000,7392000000,0.185,,7392000000,,,,,,,,,,,,true,false,6,2020-07-01,2020-12-31,0
2021-01-29,26890,2020-06-30,2,55547000000,0.021,,,,,335000000,-0.421,329000000,-0.435,,169000000,,30.20,,,,,,,,,,,,,,,,,,,,,,true,false,6,2019-07-01,2019-12-31,-1
2021-01-29,26890,2021-06-30,2,114114000000,0.058,,,,,1440000000,0.553,1441000000,0.592,,931000000,,153.11,,,,,,,,,,,,,,,,,,,,,,true,true,12,2020-07-01,2021-06-30,0
2021-01-29,26890,2020-06-30,2,,,,,,,,,,,,,,,,,,,,33683000000,7281000000,0.216,,7281000000,,,,,,,,,,,,true,false,12,2019-07-01,2020-06-30,-1
2021-01-29,26890,2020-06-30,2,,,,,,,,,,,,,,,,,,,,,,,,,,,,,45.00,,,,6250000,167605,,false,false,12,2019-07-01,2020-06-30,-1
2021-01-29,26890,2021-06-30,2,,,,,,,,,,,,,,,,,,,,,,,,,,,,,0.00,,,,,,,false,false,12,2020-07-01,2021-06-30,0
2021-01-29,26890,2021-06-30,2,,,,,,,,,,,,,,,,,,,,,,,,,,,,,45.00,,,,,,,false,true,12,2020-07-01,2021-06-30,0
2021-01-29,26890,2021-06-30,2,,,,,,,,,,,,,,,,,,,,,,,,,,,,,,,,,6250000,167605,6082395,false,false,6,2020-07-01,2020-12-31,0
2021-01-29,26890,2020-06-30,2,,,,,,,,,,,,,,,,,,,,,,,,,,,,,,,,,,,5610495,false,false,6,2019-07-01,2019-12-31,-1
2021-04-30,26890,2021-06-30,3,85928000000,0.024,,,,,1356000000,0.697,1360000000,0.740,,883000000,,145.30,,,,,,40888000000,7874000000,0.193,,7874000000,,,,,,,,,,,,true,false,9,2020-07-01,2021-03-31,0
2021-04-30,26890,2020-06-30,3,83940000000,0.033,,,,,799000000,-0.145,782000000,-0.168,,459000000,,81.33,,,,,,,,,,,,,,,,,,,,,,true,false,9,2019-07-01,2020-03-31,-1
2021-04-30,26890,2021-06-30,3,114114000000,0.058,,,,,1440000000,0.553,1441000000,0.592,,931000000,,153.11,,,,,,,,,,,,,,,,,,,,,,true,true,12,2020-07-01,2021-06-30,0
2021-04-30,26890,2020-06-30,3,,,,,,,,,,,,,,,,,,,,33683000000,7281000000,0.216,,7281000000,,,,,,,,,,,,true,false,12,2019-07-01,2020-06-30,-1
2021-04-30,26890,2020-06-30,3,,,,,,,,,,,,,,,,,,,,,,,,,,,,,45.00,,,,6250000,167605,,false,false,12,2019-07-01,2020-06-30,-1
2021-04-30,26890,2021-06-30,3,,,,,,,,,,,,,,,,,,,,,,,,,,,,,0.00,,,,,,,false,false,12,2020-07-01,2021-06-30,0
2021-04-30,26890,2021-06-30,3,,,,,,,,,,,,,,,,,,,,,,,,,,,,,45.00,,,,,,,false,true,12,2020-07-01,2021-06-30,0
2021-04-30,26890,2021-06-30,3,,,,,,,,,,,,,,,,,,,,,,,,,,,,,,,,,6250000,167676,6082381,false,false,9,2020-07-01,2021-03-31,0
2021-04-30,26890,2020-06-30,3,,,,,,,,,,,,,,,,,,,,,,,,,,,,,,,,,,,5650715,false,false,9,2019-07-01,2020-03-31,-1
2021-08-10,26890,2021-06-30,,112976000000,0.047,,,,,1540000000,0.662,1542000000,0.703,,989000000,,162.66,,0.128,0.044,0.014,,36562000000,8131000000,0.222,1336.91,8131000000,3126000000,-630000000,-2262000000,2110000000,,0.307,,,,,,true,false,12,2020-07-01,2021-06-30,0
2021-08-10,26890,2020-06-30,,107896000000,0.004,,,,,927000000,-0.288,905000000,-0.309,,326000000,,56.76,,0.047,0.027,0.009,,33683000000,7281000000,0.216,1197.17,7281000000,862000000,-496000000,439000000,1877000000,,0.793,,,,,,true,false,12,2019-07-01,2020-06-30,-1
2021-08-10,26890,2022-06-30,,51774000000,,,,,,564000000,-0.090,571000000,-0.071,,360000000,,59.29,,,,,,,,,,,,,,,,,,,,,,true,true,6,2021-07-01,2021-12-31,1
2021-08-10,26890,2022-06-30,,105049000000,,,,,,1597000000,0.037,1615000000,0.047,,1052000000,,173.01,,,,,,,,,,,,,,,,,,,,,,true,true,12,2021-07-01,2022-06-30,1
2021-08-10,26890,2021-06-30,,1670000000,0.062,,,,,484000000,0.040,476000000,0.997,384000000,,,63.17,,,,,,7838000000,4099000000,0.523,673.94,4099000000,,,,,50.00,,,,6250000,167676,6082368,false,false,12,2020-07-01,2021-06-30,0
2021-08-10,26890,2020-06-30,,1573000000,-0.018,,,,,465000000,0.037,238000000,-0.466,-228000000,,,-39.73,,,,,,8781000000,3993000000,0.455,656.64,3993000000,,,,,45.00,,,,6250000,167605,5750333,false,false,12,2019-07-01,2020-06-30,-1
2021-08-10,26890,2022-06-30,,,,,,,,,,,,,,,,,,,,,,,,,,,,,,50.00,,,,,,,false,true,12,2021-07-01,2022-06-30,1
2021-10-29,26890,2022-06-30,1,25013000000,0.075,,,,,249000000,1.307,257000000,1.457,,175000000,,28.81,,,,,,38261000000,7993000000,0.209,,7993000000,,,,,,,,,,,,true,false,3,2021-07-01,2021-09-30,0
2021-10-29,26890,2021-06-30,1,23260000000,,,,,,108000000,-0.710,104000000,-0.720,,54000000,,8.97,,,,,,,,,,,,,,,,,,,,,,true,false,3,2020-07-01,2020-09-30,-1
2021-10-29,26890,2022-06-30,1,51774000000,0.040,,,,,564000000,-0.090,571000000,-0.071,,360000000,,59.29,,,,,,,,,,,,,,,,,,,,,,true,true,6,2021-07-01,2021-12-31,0
2021-10-29,26890,2022-06-30,1,105049000000,0.030,,,,,1597000000,0.037,1615000000,0.047,,1052000000,,173.01,,,,,,,,,,,,,,,,,,,,,,true,true,12,2021-07-01,2022-06-30,0
2021-10-29,26890,2021-06-30,1,,,,,,,,,,,,,,,,,,,,36562000000,8131000000,0.222,,8131000000,,,,,,,,,,,,true,false,12,2020-07-01,2021-06-30,-1
2021-10-29,26890,2021-06-30,1,,,,,,,,,,,,,,,,,,,,,,,,,,,,,50.00,,,,6250000,167676,,false,false,12,2020-07-01,2021-06-30,-1
2021-10-29,26890,2022-06-30,1,,,,,,,,,,,,,,,,,,,,,,,,,,,,,50.00,,,,,,,false,true,12,2021-07-01,2022-06-30,0
2021-10-29,26890,2022-06-30,1,,,,,,,,,,,,,,,,,,,,,,,,,,,,,,,,,6250000,163476,6083374,false,false,3,2021-07-01,2021-09-30,0
2021-10-29,26890,2021-06-30,1,,,,,,,,,,,,,,,,,,,,,,,,,,,,,,,,,,,6082395,false,false,3,2020-07-01,2020-09-30,-1
2022-01-25,26890,2022-06-30,,53030000000,0.024,,,,,786000000,0.393,802000000,0.405,532000000,,0.478,87.57,,,,,,,,,,,,,,,,,,,,,,true,true,6,2021-07-01,2021-12-31,0
2022-01-25,26890,2021-06-30,,49861000000,,,,,,620000000,,615000000,,389000000,,,63.98,,,,,,,,,,,,,,,,,,,,,,true,false,6,2020-07-01,2020-12-31,-1
2022-01-31,26890,2022-06-30,2,53030000000,0.064,,,,,786000000,0.267,802000000,0.305,,532000000,,87.57,,,,,,41582000000,8331000000,0.200,,8331000000,,,,,,,,,,,,true,false,6,2021-07-01,2021-12-31,0
2022-01-31,26890,2021-06-30,2,49861000000,,,,,,620000000,0.852,615000000,0.866,,389000000,,63.98,,,,,,,,,,,,,,,,,,,,,,true,false,6,2020-07-01,2020-12-31,-1
2022-01-31,26890,2022-06-30,2,105049000000,0.029,,,,,1597000000,0.037,1615000000,0.047,,1052000000,,173.01,,,,,,,,,,,,,,,,,,,,,,true,true,12,2021-07-01,2022-06-30,0
2022-01-31,26890,2021-06-30,2,,,,,,,,,,,,,,,,,,,,36562000000,8131000000,0.222,,8131000000,,,,,,,,,,,,true,false,12,2020-07-01,2021-06-30,-1
2022-01-31,26890,2021-06-30,2,,,,,,,,,,,,,,,,,,,,,,,,,,,,,50.00,,,,6250000,167676,,false,false,12,2020-07-01,2021-06-30,-1
2022-01-31,26890,2022-06-30,2,,,,,,,,,,,,,,,,,,,,,,,,,,,,,0.00,,,,,,,false,false,12,2021-07-01,2022-06-30,0
2022-01-31,26890,2022-06-30,2,,,,,,,,,,,,,,,,,,,,,,,,,,,,,50.00,,,,,,,false,true,12,2021-07-01,2022-06-30,0
2022-01-31,26890,2022-06-30,2,,,,,,,,,,,,,,,,,,,,,,,,,,,,,,,,,6250000,163476,6084724,false,false,6,2021-07-01,2021-12-31,0
2022-01-31,26890,2021-06-30,2,,,,,,,,,,,,,,,,,,,,,,,,,,,,,,,,,,,6082395,false,false,6,2020-07-01,2020-12-31,-1
2022-04-28,26890,2022-06-30,3,81756000000,0.053,,,,,1678000000,0.237,1701000000,0.250,,1133000000,,186.29,,,,,,42377000000,8888000000,0.210,,8888000000,,,,,,,,,,,,true,false,9,2021-07-01,2022-03-31,0
2022-04-28,26890,2021-06-30,3,77608000000,,,,,,1356000000,0.697,1360000000,0.740,,883000000,,145.30,,,,,,,,,,,,,,,,,,,,,,true,false,9,2020-07-01,2021-03-31,-1
2022-04-28,26890,2022-06-30,3,107500000000,0.053,,,,,2000000000,0.298,2030000000,0.316,,1460000000,,240.04,,,,,,,,,,,,,,,,,,,,,,true,true,12,2021-07-01,2022-06-30,0
2022-04-28,26890,2021-06-30,3,,,,,,,,,,,,,,,,,,,,36562000000,8131000000,0.222,,8131000000,,,,,,,,,,,,true,false,12,2020-07-01,2021-06-30,-1
2022-04-28,26890,2021-06-30,3,,,,,,,,,,,,,,,,,,,,,,,,,,,,,50.00,,,,6250000,167676,,false,false,12,2020-07-01,2021-06-30,-1
2022-04-28,26890,2022-06-30,3,,,,,,,,,,,,,,,,,,,,,,,,,,,,,0.00,,,,,,,false,false,12,2021-07-01,2022-06-30,0
2022-04-28,26890,2022-06-30,3,,,,,,,,,,,,,,,,,,,,,,,,,,,,,60.00,,,,,,,false,true,12,2021-07-01,2022-06-30,0
2022-04-28,26890,2022-06-30,3,,,,,,,,,,,,,,,,,,,,,,,,,,,,,,,,,6250000,163476,6085264,false,false,9,2021-07-01,2022-03-31,0
2022-04-28,26890,2021-06-30,3,,,,,,,,,,,,,,,,,,,,,,,,,,,,,,,,,,,6082381,false,false,9,2020-07-01,2021-03-31,-1
2022-04-28,26890,2022-06-30,,107500000000,0.023,,,,,2000000000,0.252,2030000000,0.257,,1460000000,,240.04,,,,,,,,,,,,,,,,,,,,,,true,true,12,2021-07-01,2022-06-30,0
2022-04-28,26890,2021-06-30,,102172000000,,,,,,1540000000,,1542000000,,,989000000,,162.66,,,,,,,,,,,,,,,,,,,,,,true,false,12,2020-07-01,2021-06-30,-1
2022-04-28,26890,2022-06-30,,,,,,,,,,,,,,,,,,,,,,,,,,,,,,60.00,,,,,,,false,true,12,2021-07-01,2022-06-30,0
2022-04-28,26890,2022-06-30,,,,,,,,,,,,,,,,,,,,,,,,,,,,,,0.00,,,,,,,false,false,12,2021-07-01,2022-06-30,0
2022-04-28,26890,2021-06-30,,,,,,,,,,,,,,,,,,,,,,,,,,,,,,50.00,,,,,,,false,false,12,2020-07-01,2021-06-30,-1
2022-08-09,26890,2022-06-30,,107959000000,0.058,,,,,2073000000,0.346,2119000000,0.374,,1535000000,,252.80,,0.178,0.055,0.019,,39968000000,9093000000,0.228,1513.91,9093000000,2420000000,-211000000,-1169000000,3149000000,,0.237,,,,,,true,false,12,2021-07-01,2022-06-30,0
2022-08-09,26890,2021-06-30,,102072000000,,,,,,1540000000,0.662,1542000000,0.703,,989000000,,162.66,,0.128,0.044,0.015,,36562000000,8131000000,0.222,1336.91,8131000000,3126000000,-630000000,-2262000000,2110000000,,0.307,,,,,,true,false,12,2020-07-01,2021-06-30,-1
2022-08-09,26890,2023-06-30,,53980000000,0.018,,,,,753000000,-0.042,753000000,-0.062,,486000000,,80.01,,,,,,,,,,,,,,,,,,,,,,true,true,6,2022-07-01,2022-12-31,1
2022-08-09,26890,2023-06-30,,109479000000,0.014,,,,,2000000000,-0.035,1998000000,-0.057,,1309000000,,215.27,,,,,,,,,,,,,,,,,,,,,,true,true,12,2022-07-01,2023-06-30,1
2022-08-09,26890,2022-06-30,,2183000000,0.307,,,,,1022000000,1.111,1019000000,1.139,998000000,,1.599,164.46,,,,,,8937000000,4658000000,0.521,775.62,4658000000,,,,,60.00,,,,6250000,243515,6073244,false,false,12,2021-07-01,2022-06-30,0
2022-08-09,26890,2021-06-30,,1670000000,0.062,,,,,484000000,0.040,476000000,0.997,384000000,,,63.17,,,,,,7838000000,4099000000,0.523,673.94,4099000000,,,,,50.00,,,,6250000,167676,6082368,false,false,12,2020-07-01,2021-06-30,-1
2022-08-09,26890,2023-06-30,,,,,,,,,,,,,,,,,,,,,,,,,,,,,,60.00,,,,,,,false,true,12,2022-07-01,2023-06-30,1
2022-10-31,26890,2023-06-30,1,26307000000,0.052,,,,,403000000,0.617,404000000,0.570,,251000000,,41.84,,,,,,38531000000,8982000000,0.233,,8982000000,,,,,,,,,,,,true,false,3,2022-07-01,2022-09-30,0
2022-10-31,26890,2022-06-30,1,25013000000,0.075,,,,,249000000,1.307,257000000,1.457,,175000000,,28.81,,,,,,,,,,,,,,,,,,,,,,true,false,3,2021-07-01,2021-09-30,-1
2022-10-31,26890,2023-06-30,1,53980000000,0.018,,,,,753000000,-0.042,753000000,-0.062,,486000000,,80.01,,,,,,,,,,,,,,,,,,,,,,true,true,6,2022-07-01,2022-12-31,0
2022-10-31,26890,2023-06-30,1,109479000000,0.014,,,,,2000000000,-0.035,1998000000,-0.057,,1309000000,,215.27,,,,,,,,,,,,,,,,,,,,,,true,true,12,2022-07-01,2023-06-30,0
2022-10-31,26890,2022-06-30,1,,,,,,,,,,,,,,,,,,,,39968000000,9093000000,0.228,,9093000000,,,,,,,,,,,,true,false,12,2021-07-01,2022-06-30,-1
2022-10-31,26890,2022-06-30,1,,,,,,,,,,,,,,,,,,,,,,,,,,,,,60.00,,,,6250000,243515,,false,false,12,2021-07-01,2022-06-30,-1
2022-10-31,26890,2023-06-30,1,,,,,,,,,,,,,,,,,,,,,,,,,,,,,60.00,,,,,,,false,true,12,2022-07-01,2023-06-30,0
2022-10-31,26890,2023-06-30,1,,,,,,,,,,,,,,,,,,,,,,,,,,,,,,,,,6250000,238515,6010235,false,false,3,2022-07-01,2022-09-30,0
2022-10-31,26890,2022-06-30,1,,,,,,,,,,,,,,,,,,,,,,,,,,,,,,,,,,,6083374,false,false,3,2021-07-01,2021-09-30,-1
2023-01-31,26890,2023-06-30,2,53718000000,0.013,,,,,854000000,0.086,859000000,0.071,,547000000,,91.09,,,,,,40562000000,9277000000,0.229,,9277000000,,,,,,,,,,,,true,false,6,2022-07-01,2022-12-31,0
2023-01-31,26890,2022-06-30,2,53030000000,0.064,,,,,786000000,0.267,802000000,0.305,,532000000,,87.57,,,,,,,,,,,,,,,,,,,,,,true,false,6,2021-07-01,2021-12-31,-1
2023-01-31,26890,2023-06-30,2,109479000000,0.014,,,,,2000000000,-0.035,1998000000,-0.057,,1309000000,,215.27,,,,,,,,,,,,,,,,,,,,,,true,true,12,2022-07-01,2023-06-30,0
2023-01-31,26890,2022-06-30,2,,,,,,,,,,,,,,,,,,,,39968000000,9093000000,0.228,,9093000000,,,,,,,,,,,,true,false,12,2021-07-01,2022-06-30,-1
2023-01-31,26890,2022-06-30,2,,,,,,,,,,,,,,,,,,,,,,,,,,,,,60.00,,,,6250000,243515,,false,false,12,2021-07-01,2022-06-30,-1
2023-01-31,26890,2023-06-30,2,,,,,,,,,,,,,,,,,,,,,,,,,,,,,0.00,,,,,,,false,false,12,2022-07-01,2023-06-30,0
2023-01-31,26890,2023-06-30,2,,,,,,,,,,,,,,,,,,,,,,,,,,,,,60.00,,,,,,,false,true,12,2022-07-01,2023-06-30,0
2023-01-31,26890,2023-06-30,2,,,,,,,,,,,,,,,,,,,,,,,,,,,,,,,,,6250000,231215,6012671,false,false,6,2022-07-01,2022-12-31,0
2023-01-31,26890,2022-06-30,2,,,,,,,,,,,,,,,,,,,,,,,,,,,,,,,,,,,6084724,false,false,6,2021-07-01,2021-12-31,-1
2023-04-28,26890,2023-06-30,3,82852000000,0.013,,,,,1573000000,-0.063,1575000000,-0.074,,1033000000,,171.79,,,,,,41875000000,9775000000,0.233,,9775000000,,,,,,,,,,,,true,false,9,2022-07-01,2023-03-31,0
2023-04-28,26890,2022-06-30,3,81756000000,0.053,,,,,1678000000,0.237,1701000000,0.250,,1133000000,,186.29,,,,,,,,,,,,,,,,,,,,,,true,false,9,2021-07-01,2022-03-31,-1
2023-04-28,26890,2023-06-30,3,109479000000,0.014,,,,,2000000000,-0.035,1998000000,-0.057,,1309000000,,215.27,,,,,,,,,,,,,,,,,,,,,,true,true,12,2022-07-01,2023-06-30,0
2023-04-28,26890,2022-06-30,3,,,,,,,,,,,,,,,,,,,,39968000000,9093000000,0.228,,9093000000,,,,,,,,,,,,true,false,12,2021-07-01,2022-06-30,-1
2023-04-28,26890,2022-06-30,3,,,,,,,,,,,,,,,,,,,,,,,,,,,,,60.00,,,,6250000,243515,,false,false,12,2021-07-01,2022-06-30,-1
2023-04-28,26890,2023-06-30,3,,,,,,,,,,,,,,,,,,,,,,,,,,,,,0.00,,,,,,,false,false,12,2022-07-01,2023-06-30,0
2023-04-28,26890,2023-06-30,3,,,,,,,,,,,,,,,,,,,,,,,,,,,,,60.00,,,,,,,false,true,12,2022-07-01,2023-06-30,0
2023-04-28,26890,2023-06-30,3,,,,,,,,,,,,,,,,,,,,,,,,,,,,,,,,,6250000,218150,6017122,false,false,9,2022-07-01,2023-03-31,0
2023-04-28,26890,2022-06-30,3,,,,,,,,,,,,,,,,,,,,,,,,,,,,,,,,,,,6085264,false,false,9,2021-07-01,2022-03-31,-1
,26890,2023-06-30,,,,,,,,,,,,,,,,,,,,,,,,,,,,,,70.00,,,,,,,false,true,12,2022-07-01,2023-06-30,0
,26890,2023-06-30,,,,,,,,,,,,,,,,,,,,,,,,,,,,,,0.00,,,,,,,false,false,12,2022-07-01,2023-06-30,0
,26890,2022-06-30,,,,,,,,,,,,,,,,,,,,,,,,,,,,,,60.00,,,,,,,false,false,12,2021-07-01,2022-06-30,-1
2023-08-09,26890,2023-06-30,,110472000000,0.023,,,,,2151000000,0.038,2158000000,0.018,,1414000000,,234.90,,0.146,0.053,0.019,,40878000000,10327000000,0.253,1712.19,10327000000,-659000000,-306000000,175000000,2359000000,,0.298,,,,,,true,false,12,2022-07-01,2023-06-30,0
2023-08-09,26890,2022-06-30,,107959000000,0.058,,,,,2073000000,0.346,2119000000,0.374,,1535000000,,252.80,,0.178,0.055,0.019,,39968000000,9093000000,0.228,1513.91,9093000000,2420000000,-211000000,-1169000000,3149000000,,0.237,,,,,,true,false,12,2021-07-01,2022-06-30,-1
2023-08-09,26890,2024-06-30,,57757000000,0.075,,,,,752000000,-0.118,758000000,-0.118,,486000000,,80.73,,,,,,,,,,,,,,,,,,,,,,true,true,6,2023-07-01,2023-12-31,1
2023-08-09,26890,2024-06-30,,118386000000,0.072,,,,,2200000000,0.023,2209000000,0.024,,1451000000,,240.69,,,,,,,,,,,,,,,,,,,,,,true,true,12,2023-07-01,2024-06-30,1
2023-08-09,26890,2023-06-30,,1917000000,-0.122,,,,,630000000,-0.383,631000000,-0.381,549000000,,-0.450,91.25,,,,,,8127000000,4880000000,0.601,809.18,4880000000,,,,,70.00,,,,6250000,218150,6020520,false,false,12,2022-07-01,2023-06-30,0
2023-08-09,26890,2022-06-30,,2183000000,0.307,,,,,1022000000,1.111,1019000000,1.139,998000000,,1.599,164.46,,,,,,8937000000,4658000000,0.521,775.62,4658000000,,,,,60.00,,,,6250000,243515,6073244,false,false,12,2021-07-01,2022-06-30,-1
2023-08-09,26890,2024-06-30,,,,,,,,,,,,,,,,,,,,,,,,,,,,,,70.00,,,,,,,false,true,12,2023-07-01,2024-06-30,1
2023-10-31,26890,2024-06-30,1,27495000000,0.045,,,,,250000000,-0.379,249000000,-0.382,,168000000,,27.90,,,,,,41364000000,10042000000,0.243,,10042000000,,,,,,,,,,,,true,false,3,2023-07-01,2023-09-30,0
2023-10-31,26890,2023-06-30,1,26307000000,0.052,,,,,403000000,0.617,404000000,0.570,,251000000,,41.84,,,,,,,,,,,,,,,,,,,,,,true,false,3,2022-07-01,2022-09-30,-1
2023-10-31,26890,2024-06-30,1,57757000000,0.075,,,,,752000000,-0.118,758000000,-0.118,,486000000,,80.73,,,,,,,,,,,,,,,,,,,,,,true,true,6,2023-07-01,2023-12-31,0
2023-10-31,26890,2024-06-30,1,118386000000,0.072,,,,,2200000000,0.023,2209000000,0.024,,1451000000,,240.69,,,,,,,,,,,,,,,,,,,,,,true,true,12,2023-07-01,2024-06-30,0
2023-10-31,26890,2023-06-30,1,,,,,,,,,,,,,,,,,,,,40878000000,10327000000,0.253,,10327000000,,,,,,,,,,,,true,false,12,2022-07-01,2023-06-30,-1
2023-10-31,26890,2023-06-30,1,,,,,,,,,,,,,,,,,,,,,,,,,,,,,70.00,,,,6250000,218150,,false,false,12,2022-07-01,2023-06-30,-1
2023-10-31,26890,2024-06-30,1,,,,,,,,,,,,,,,,,,,,,,,,,,,,,70.00,,,,,,,false,true,12,2023-07-01,2024-06-30,0
2023-10-31,26890,2024-06-30,1,,,,,,,,,,,,,,,,,,,,,,,,,,,,,,,,,6250000,214100,6033863,false,false,3,2023-07-01,2023-09-30,0
2023-10-31,26890,2023-06-30,1,,,,,,,,,,,,,,,,,,,,,,,,,,,,,,,,,,,6010235,false,false,3,2022-07-01,2022-09-30,-1
2024-01-31,26890,2024-06-30,2,57466000000,0.070,,,,,746000000,-0.125,746000000,-0.132,,486000000,,81.01,,,,,,43446000000,10155000000,0.234,,10155000000,,,,,,,,,,,,true,false,6,2023-07-01,2023-12-31,0
2024-01-31,26890,2023-06-30,2,53718000000,0.013,,,,,854000000,0.086,859000000,0.071,,547000000,,91.09,,,,,,,,,,,,,,,,,,,,,,true,false,6,2022-07-01,2022-12-31,-1
2024-01-31,26890,2024-06-30,2,118386000000,0.072,,,,,2200000000,0.023,2209000000,0.024,,1451000000,,243.53,,,,,,,,,,,,,,,,,,,,,,true,true,12,2023-07-01,2024-06-30,0
2024-01-31,26890,2023-06-30,2,,,,,,,,,,,,,,,,,,,,40878000000,10327000000,0.253,,10327000000,,,,,,,,,,,,true,false,12,2022-07-01,2023-06-30,-1
2024-01-31,26890,2023-06-30,2,,,,,,,,,,,,,,,,,,,,,,,,,,,,,70.00,,,,6250000,218150,,false,false,12,2022-07-01,2023-06-30,-1
2024-01-31,26890,2024-06-30,2,,,,,,,,,,,,,,,,,,,,,,,,,,,,,0.00,,,,,,,false,false,12,2023-07-01,2024-06-30,0
2024-01-31,26890,2024-06-30,2,,,,,,,,,,,,,,,,,,,,,,,,,,,,,70.00,,,,,,,false,true,12,2023-07-01,2024-06-30,0
2024-01-31,26890,2024-06-30,2,,,,,,,,,,,,,,,,,,,,,,,,,,,,,,,,,6250000,334145,6000432,false,false,6,2023-07-01,2023-12-31,0
2024-01-31,26890,2023-06-30,2,,,,,,,,,,,,,,,,,,,,,,,,,,,,,,,,,,,6012671,false,false,6,2022-07-01,2022-12-31,-1
2024-04-30,26890,2024-06-30,3,89402000000,0.079,,,,,1686000000,0.072,1689000000,0.072,,1115000000,,186.64,,,,,,46131000000,10806000000,0.234,,10806000000,,,,,,,,,,,,true,false,9,2023-07-01,2024-03-31,0
2024-04-30,26890,2023-06-30,3,82852000000,0.013,,,,,1573000000,-0.063,1575000000,-0.074,,1033000000,,171.79,,,,,,,,,,,,,,,,,,,,,,true,false,9,2022-07-01,2023-03-31,-1
2024-04-30,26890,2024-06-30,3,118386000000,0.072,,,,,2200000000,0.023,2209000000,0.024,,1451000000,,243.53,,,,,,,,,,,,,,,,,,,,,,true,true,12,2023-07-01,2024-06-30,0
2024-04-30,26890,2023-06-30,3,,,,,,,,,,,,,,,,,,,,40878000000,10327000000,0.253,,10327000000,,,,,,,,,,,,true,false,12,2022-07-01,2023-06-30,-1
2024-04-30,26890,2023-06-30,3,,,,,,,,,,,,,,,,,,,,,,,,,,,,,70.00,,,,6250000,218150,,false,false,12,2022-07-01,2023-06-30,-1
2024-04-30,26890,2024-06-30,3,,,,,,,,,,,,,,,,,,,,,,,,,,,,,0.00,,,,,,,false,false,12,2023-07-01,2024-06-30,0
2024-04-30,26890,2024-06-30,3,,,,,,,,,,,,,,,,,,,,,,,,,,,,,70.00,,,,,,,false,true,12,2023-07-01,2024-06-30,0
2024-04-30,26890,2024-06-30,3,,,,,,,,,,,,,,,,,,,,,,,,,,,,,,,,,6250000,334145,5975059,false,false,9,2023-07-01,2024-03-31,0
2024-04-30,26890,2023-06-30,3,,,,,,,,,,,,,,,,,,,,,,,,,,,,,,,,,,,6017122,false,false,9,2022-07-01,2023-03-31,-1
,26890,2024-06-30,,,,,,,,,,,,,,,,,,,,,,,,,,,,,,80.00,,,,,,,false,true,12,2023-07-01,2024-06-30,0
,26890,2024-06-30,,,,,,,,,,,,,,,,,,,,,,,,,,,,,,0.00,,,,,,,false,false,12,2023-07-01,2024-06-30,0
,26890,2023-06-30,,,,,,,,,,,,,,,,,,,,,,,,,,,,,,70.00,,,,,,,false,false,12,2022-07-01,2023-06-30,-1
2024-08-09,26890,2024-06-30,,118564000000,0.073,,,,,2226000000,0.035,2244000000,0.040,,1500000000,,251.68,,0.138,0.053,0.019,,43237000000,11373000000,0.263,1922.58,11373000000,2084000000,-673000000,-1089000000,2681000000,,0.318,,,,,,true,false,12,2023-07-01,2024-06-30,0
2024-08-09,26890,2023-06-30,,110472000000,0.023,,,,,2151000000,0.038,2158000000,0.018,,1414000000,,234.90,,0.146,0.053,0.019,,40878000000,10327000000,0.253,1712.19,10327000000,-659000000,-306000000,175000000,2359000000,,0.298,,,,,,true,false,12,2022-07-01,2023-06-30,-1
2024-08-09,26890,2025-06-30,,60720000000,0.057,,,,,799000000,0.071,795000000,0.067,,509000000,,86.15,,,,,,,,,,,,,,,,,,,,,,true,true,6,2024-07-01,2024-12-31,1
2024-08-09,26890,2025-06-30,,123726000000,0.044,,,,,2270000000,0.019,2253000000,0.004,,1465000000,,247.65,,,,,,,,,,,,,,,,,,,,,,true,true,12,2024-07-01,2025-06-30,1
2024-08-09,26890,2024-06-30,,2153000000,0.123,,,,,660000000,0.049,671000000,0.064,592000000,,0.078,99.31,,,,,,8454000000,4821000000,0.570,815.07,4821000000,,,,,80.00,,,,6250000,334145,5961397,false,false,12,2023-07-01,2024-06-30,0
2024-08-09,26890,2023-06-30,,1917000000,-0.122,,,,,630000000,-0.383,631000000,-0.381,549000000,,-0.450,91.25,,,,,,8127000000,4880000000,0.601,809.18,4880000000,,,,,70.00,,,,6250000,218150,6020520,false,false,12,2022-07-01,2023-06-30,-1
2024-08-09,26890,2025-06-30,,,,,,,,,,,,,,,,,,,,,,,,,,,,,,80.00,,,,,,,false,true,12,2024-07-01,2025-06-30,1
2024-10-31,26890,2025-06-30,1,29044000000,0.056,,,,,279000000,0.113,284000000,0.138,,168000000,,28.42,,,,,,43523000000,11021000000,0.253,,11021000000,,,,,,,,,,,,true,false,3,2024-07-01,2024-09-30,0
2024-10-31,26890,2024-06-30,1,27495000000,0.045,,,,,250000000,-0.379,249000000,-0.382,,168000000,,27.90,,,,,,,,,,,,,,,,,,,,,,true,false,3,2023-07-01,2023-09-30,-1
2024-10-31,26890,2025-06-30,1,60720000000,0.057,,,,,799000000,0.071,795000000,0.067,,509000000,,86.15,,,,,,,,,,,,,,,,,,,,,,true,true,6,2024-07-01,2024-12-31,0
2024-10-31,26890,2025-06-30,1,123726000000,0.044,,,,,2270000000,0.019,2253000000,0.004,,1465000000,,247.65,,,,,,,,,,,,,,,,,,,,,,true,true,12,2024-07-01,2025-06-30,0
2024-10-31,26890,2024-06-30,1,,,,,,,,,,,,,,,,,,,,43237000000,11373000000,0.263,,11373000000,,,,,,,,,,,,true,false,12,2023-07-01,2024-06-30,-1
2024-10-31,26890,2024-06-30,1,,,,,,,,,,,,,,,,,,,,,,,,,,,,,80.00,,,,6250000,334145,,false,false,12,2023-07-01,2024-06-30,-1
2024-10-31,26890,2025-06-30,1,,,,,,,,,,,,,,,,,,,,,,,,,,,,,80.00,,,,,,,false,true,12,2024-07-01,2025-06-30,0
2024-10-31,26890,2025-06-30,1,,,,,,,,,,,,,,,,,,,,,,,,,,,,,,,,,6250000,336737,5913911,false,false,3,2024-07-01,2024-09-30,0
2024-10-31,26890,2024-06-30,1,,,,,,,,,,,,,,,,,,,,,,,,,,,,,,,,,,,6033863,false,false,3,2023-07-01,2023-09-30,-1
2025-01-31,26890,2025-06-30,2,60627000000,0.055,,,,,808000000,0.082,824000000,0.105,,648000000,,109.44,,,,,,46776000000,11502000000,0.246,,11502000000,,,,,,,,,,,,true,false,6,2024-07-01,2024-12-31,0
2025-01-31,26890,2024-06-30,2,57466000000,0.070,,,,,746000000,-0.125,746000000,-0.132,,486000000,,81.01,,,,,,,,,,,,,,,,,,,,,,true,false,6,2023-07-01,2023-12-31,-1
2025-01-31,26890,2025-06-30,2,123726000000,0.044,,,,,2270000000,0.019,2253000000,0.004,,1465000000,,247.65,,,,,,,,,,,,,,,,,,,,,,true,true,12,2024-07-01,2025-06-30,0
2025-01-31,26890,2024-06-30,2,,,,,,,,,,,,,,,,,,,,43237000000,11373000000,0.263,,11373000000,,,,,,,,,,,,true,false,12,2023-07-01,2024-06-30,-1
2025-01-31,26890,2024-06-30,2,,,,,,,,,,,,,,,,,,,,,,,,,,,,,80.00,,,,6250000,334145,,false,false,12,2023-07-01,2024-06-30,-1
2025-01-31,26890,2025-06-30,2,,,,,,,,,,,,,,,,,,,,,,,,,,,,,0.00,,,,,,,false,false,12,2024-07-01,2025-06-30,0
2025-01-31,26890,2025-06-30,2,,,,,,,,,,,,,,,,,,,,,,,,,,,,,80.00,,,,,,,false,true,12,2024-07-01,2025-06-30,0
2025-01-31,26890,2025-06-30,2,,,,,,,,,,,,,,,,,,,,,,,,,,,,,,,,,6250000,325345,5922512,false,false,6,2024-07-01,2024-12-31,0
2025-01-31,26890,2024-06-30,2,,,,,,,,,,,,,,,,,,,,,,,,,,,,,,,,,,,6000432,false,false,6,2023-07-01,2023-12-31,-1
2025-04-30,26890,2025-06-30,3,92480000000,0.034,,,,,1293000000,-0.233,1285000000,-0.239,,932000000,,157.48,,,,,,47016000000,11773000000,0.250,,11773000000,,,,,,,,,,,,true,false,9,2024-07-01,2025-03-31,0
2025-04-30,26890,2024-06-30,3,89402000000,0.079,,,,,1686000000,0.072,1689000000,0.072,,1115000000,,186.64,,,,,,,,,,,,,,,,,,,,,,true,false,9,2023-07-01,2024-03-31,-1
2025-04-30,26890,2025-06-30,3,123726000000,0.044,,,,,2270000000,0.019,2253000000,0.004,,1465000000,,247.65,,,,,,,,,,,,,,,,,,,,,,true,true,12,2024-07-01,2025-06-30,0
2025-04-30,26890,2024-06-30,3,,,,,,,,,,,,,,,,,,,,43237000000,11373000000,0.263,,11373000000,,,,,,,,,,,,true,false,12,2023-07-01,2024-06-30,-1
2025-04-30,26890,2024-06-30,3,,,,,,,,,,,,,,,,,,,,,,,,,,,,,80.00,,,,6250000,334145,,false,false,12,2023-07-01,2024-06-30,-1
2025-04-30,26890,2025-06-30,3,,,,,,,,,,,,,,,,,,,,,,,,,,,,,0.00,,,,,,,false,false,12,2024-07-01,2025-06-30,0
2025-04-30,26890,2025-06-30,3,,,,,,,,,,,,,,,,,,,,,,,,,,,,,80.00,,,,,,,false,true,12,2024-07-01,2025-06-30,0
2025-04-30,26890,2025-06-30,3,,,,,,,,,,,,,,,,,,,,,,,,,,,,,,,,,6250000,325345,5923155,false,false,9,2024-07-01,2025-03-31,0
2025-04-30,26890,2024-06-30,3,,,,,,,,,,,,,,,,,,,,,,,,,,,,,,,,,,,5975059,false,false,9,2023-07-01,2024-03-31,-1
