filing_date,code,fiscal_year_end,quarterly_period,net_sales,net_sales_change,revenue,revenue_change,operating_revenue,operating_revenue_change,operating_profit,operating_profit_change,ordinary_profit,ordinary_profit_change,net_income,net_income_of_parent,net_income_change,eps,diluted_eps,roe,roa,operating_profit_to_net_sales,operating_profit_to_revenue,total_assets,net_assets,equity_ratio,bps,owner_equity,operating_cash_flow,investing_cash_flow,financing_cash_flow,cash,dividend_per_share,payout_ratio,commemorative_dividend,extra_dividend,number_of_shares,number_of_treqsury_shares,avg_number_of_shares,is_consolidated,is_forecast,duration,period_start,period_end,period_pos
2015-07-28,26920,2016-03-31,1,156606000000,0.055,,,,,575000000,0.786,806000000,0.396,,481000000,,37.52,,,,,,224667000000,75805000000,0.337,,75761000000,,,,,,,,,,,,true,false,3,2015-04-01,2015-06-30,0
2015-07-28,26920,2015-03-31,1,148494000000,-0.022,,,,,322000000,-0.059,577000000,-0.080,,405000000,,31.55,,,,,,,,,,,,,,,,,,,,,,true,false,3,2014-04-01,2014-06-30,-1
2015-07-28,26920,2016-03-31,1,320000000000,0.024,,,,,1200000000,-0.192,1600000000,-0.169,,1000000000,,77.90,,,,,,,,,,,,,,,,,,,,,,true,true,6,2015-04-01,2015-09-30,0
2015-07-28,26920,2016-03-31,1,640000000000,0.036,,,,,3400000000,-0.074,4300000000,-0.046,,2800000000,,218.11,,,,,,,,,,,,,,,,,,,,,,true,true,12,2015-04-01,2016-03-31,0
2015-07-28,26920,2015-03-31,1,,,,,,,,,,,,,,,,,,,,203208000000,74829000000,0.368,,74786000000,,,,,,,,,,,,true,false,12,2014-04-01,2015-03-31,-1
2015-07-28,26920,2015-03-31,1,,,,,,,,,,,,,,,,,,,,,,,,,,,,,68.00,,,,13032690,194889,,false,false,12,2014-04-01,2015-03-31,-1
2015-07-28,26920,2016-03-31,1,,,,,,,,,,,,,,,,,,,,,,,,,,,,,70.00,,,,,,,false,true,12,2015-04-01,2016-03-31,0
2015-07-28,26920,2016-03-31,1,,,,,,,,,,,,,,,,,,,,,,,,,,,,,,,,,13032690,194914,12837784,false,false,3,2015-04-01,2015-06-30,0
2015-07-28,26920,2015-03-31,1,,,,,,,,,,,,,,,,,,,,,,,,,,,,,,,,,,,12837884,false,false,3,2014-04-01,2014-06-30,-1
2015-11-02,26920,2016-03-31,2,328216000000,0.050,,,,,1557000000,0.049,1937000000,0.006,,1189000000,,92.65,,,,,,225099000000,76260000000,0.339,,76216000000,,,,,,,,,,,,true,false,6,2015-04-01,2015-09-30,0
2015-11-02,26920,2015-03-31,2,312503000000,-0.017,,,,,1485000000,0.187,1926000000,0.099,,1291000000,,100.58,,,,,,,,,,,,,,,,,,,,,,true,false,6,2014-04-01,2014-09-30,-1
2015-11-02,26920,2016-03-31,2,640000000000,0.036,,,,,3400000000,-0.074,4300000000,-0.046,,2800000000,,218.11,,,,,,,,,,,,,,,,,,,,,,true,true,12,2015-04-01,2016-03-31,0
2015-11-02,26920,2015-03-31,2,,,,,,,,,,,,,,,,,,,,203208000000,74829000000,0.368,,74786000000,,,,,,,,,,,,true,false,12,2014-04-01,2015-03-31,-1
2015-11-02,26920,2015-03-31,2,,,,,,,,,,,,,,,,,,,,,,,,,,,,,68.00,,,,13032690,194889,,false,false,12,2014-04-01,2015-03-31,-1
2015-11-02,26920,2016-03-31,2,,,,,,,,,,,,,,,,,,,,,,,,,,,,,35.00,,,,,,,false,false,12,2015-04-01,2016-03-31,0
2015-11-02,26920,2016-03-31,2,,,,,,,,,,,,,,,,,,,,,,,,,,,,,70.00,,,,,,,false,true,12,2015-04-01,2016-03-31,0
2015-11-02,26920,2016-03-31,2,,,,,,,,,,,,,,,,,,,,,,,,,,,,,,,,,13032690,194980,12837772,false,false,6,2015-04-01,2015-09-30,0
2015-11-02,26920,2015-03-31,2,,,,,,,,,,,,,,,,,,,,,,,,,,,,,,,,,,,12837871,false,false,6,2014-04-01,2014-09-30,-1
2016-02-01,26920,2016-03-31,3,509859000000,0.052,,,,,3712000000,0.086,4321000000,0.034,,2929000000,,228.22,,,,,,279647000000,77945000000,0.279,,77900000000,,,,,,,,,,,,true,false,9,2015-04-01,2015-12-31,0
2016-02-01,26920,2015-03-31,3,484433000000,-0.010,,,,,3417000000,0.042,4179000000,0.022,,2772000000,,215.94,,,,,,,,,,,,,,,,,,,,,,true,false,9,2014-04-01,2014-12-31,-1
2016-02-01,26920,2016-03-31,3,640000000000,0.036,,,,,3400000000,-0.074,4300000000,-0.046,,2800000000,,218.11,,,,,,,,,,,,,,,,,,,,,,true,true,12,2015-04-01,2016-03-31,0
2016-02-01,26920,2015-03-31,3,,,,,,,,,,,,,,,,,,,,203208000000,74829000000,0.368,,74786000000,,,,,,,,,,,,true,false,12,2014-04-01,2015-03-31,-1
2016-02-01,26920,2015-03-31,3,,,,,,,,,,,,,,,,,,,,,,,,,,,,,68.00,,,,13032690,194889,,false,false,12,2014-04-01,2015-03-31,-1
2016-02-01,26920,2016-03-31,3,,,,,,,,,,,,,,,,,,,,,,,,,,,,,35.00,,,,,,,false,false,12,2015-04-01,2016-03-31,0
2016-02-01,26920,2016-03-31,3,,,,,,,,,,,,,,,,,,,,,,,,,,,,,70.00,,,,,,,false,true,12,2015-04-01,2016-03-31,0
2016-02-01,26920,2016-03-31,3,,,,,,,,,,,,,,,,,,,,,,,,,,,,,,,,,13032690,195070,12837735,false,false,9,2015-04-01,2015-12-31,0
2016-02-01,26920,2015-03-31,3,,,,,,,,,,,,,,,,,,,,,,,,,,,,,,,,,,,12837867,false,false,9,2014-04-01,2014-12-31,-1
2016-04-28,26920,2016-03-31,,653016000000,0.057,,,,,3983000000,0.085,4669000000,0.036,,3002000000,,233.91,,0.040,0.022,0.006,,219116000000,76732000000,0.350,5975.37,76708000000,4363000000,1769000000,-1493000000,21808000000,,0.321,,,,,,true,false,12,2015-04-01,2016-03-31,0
2016-04-28,26920,2015-03-31,,617606000000,-0.020,,,,,3670000000,0.111,4508000000,0.067,,2581000000,,201.08,,0.036,0.022,0.006,,203208000000,74829000000,0.368,5825.46,74786000000,5122000000,-7303000000,-1225000000,16758000000,,0.338,,,,,,true,false,12,2014-04-01,2015-03-31,-1
2016-04-28,26920,2017-03-31,,320000000000,-0.025,,,,,1000000000,-0.358,1300000000,-0.329,,1000000000,,77.90,,,,,,,,,,,,,,,,,,,,,,true,true,6,2016-04-01,2016-09-30,1
2016-04-28,26920,2017-03-31,,630000000000,-0.035,,,,,3200000000,-0.197,4000000000,-0.143,,3100000000,,241.48,,,,,,,,,,,,,,,,0.290,,,,,,true,true,12,2016-04-01,2017-03-31,1
2016-04-28,26920,2016-03-31,,639781000000,0.050,,,,,3619000000,-0.070,4255000000,-0.079,2865000000,,0.110,223.23,,,,,,214906000000,75380000000,0.351,5871.89,75380000000,,,,,75.00,,,,13032690,195183,12837694,false,false,12,2015-04-01,2016-03-31,0
2016-04-28,26920,2015-03-31,,609477000000,-0.019,,,,,3890000000,0.199,4618000000,0.130,2582000000,,-0.198,201.18,,,,,,199266000000,73506000000,0.369,5725.79,73506000000,,,,,68.00,,,,13032690,194889,12837864,false,false,12,2014-04-01,2015-03-31,-1
2016-04-28,26920,2017-03-31,,,,,,,,,,,,,,,,,,,,,,,,,,,,,,70.00,,,,,,,false,true,12,2016-04-01,2017-03-31,1
2016-08-01,26920,2017-03-31,1,156302000000,-0.002,,,,,445000000,-0.226,713000000,-0.116,,684000000,,53.42,,,,,,220048000000,75719000000,0.344,,75696000000,,,,,,,,,,,,true,false,3,2016-04-01,2016-06-30,0
2016-08-01,26920,2016-03-31,1,156606000000,0.055,,,,,575000000,0.786,806000000,0.396,,481000000,,37.52,,,,,,,,,,,,,,,,,,,,,,true,false,3,2015-04-01,2015-06-30,-1
2016-08-01,26920,2017-03-31,1,320000000000,-0.025,,,,,1000000000,-0.358,1300000000,-0.329,,1000000000,,78.40,,,,,,,,,,,,,,,,,,,,,,true,true,6,2016-04-01,2016-09-30,0
2016-08-01,26920,2017-03-31,1,630000000000,-0.035,,,,,3200000000,-0.197,4000000000,-0.143,,3100000000,,243.69,,,,,,,,,,,,,,,,,,,,,,true,true,12,2016-04-01,2017-03-31,0
2016-08-01,26920,2016-03-31,1,,,,,,,,,,,,,,,,,,,,219116000000,76732000000,0.350,,76708000000,,,,,,,,,,,,true,false,12,2015-04-01,2016-03-31,-1
2016-08-01,26920,2016-03-31,1,,,,,,,,,,,,,,,,,,,,,,,,,,,,,75.00,,,,13032690,195183,,false,false,12,2015-04-01,2016-03-31,-1
2016-08-01,26920,2017-03-31,1,,,,,,,,,,,,,,,,,,,,,,,,,,,,,70.00,,,,,,,false,true,12,2016-04-01,2017-03-31,0
2016-08-01,26920,2017-03-31,1,,,,,,,,,,,,,,,,,,,,,,,,,,,,,,,,,13032690,345183,12822671,false,false,3,2016-04-01,2016-06-30,0
2016-08-01,26920,2016-03-31,1,,,,,,,,,,,,,,,,,,,,,,,,,,,,,,,,,,,12837784,false,false,3,2015-04-01,2015-06-30,-1
2016-10-26,26920,2017-03-31,,320000000000,,,,,,1400000000,0.400,1800000000,0.385,,1400000000,,109.76,,,,,,,,,,,,,,,,,,,,,,true,true,6,2016-04-01,2016-09-30,0
2016-10-26,26920,2016-03-31,,328216000000,,,,,,1557000000,,1937000000,,,1189000000,,92.65,,,,,,,,,,,,,,,,,,,,,,true,false,6,2015-04-01,2015-09-30,-1
2016-11-01,26920,2017-03-31,2,320619000000,-0.023,,,,,1416000000,-0.091,1807000000,-0.067,,1407000000,,110.36,,,,,,214800000000,77785000000,0.362,,77761000000,,,,,,,,,,,,true,false,6,2016-04-01,2016-09-30,0
2016-11-01,26920,2016-03-31,2,328216000000,0.050,,,,,1557000000,0.049,1937000000,0.006,,1189000000,,92.65,,,,,,,,,,,,,,,,,,,,,,true,false,6,2015-04-01,2015-09-30,-1
2016-11-01,26920,2017-03-31,2,630000000000,-0.035,,,,,3200000000,-0.197,4000000000,-0.143,,3100000000,,243.69,,,,,,,,,,,,,,,,,,,,,,true,true,12,2016-04-01,2017-03-31,0
2016-11-01,26920,2016-03-31,2,,,,,,,,,,,,,,,,,,,,219116000000,76732000000,0.350,,76708000000,,,,,,,,,,,,true,false,12,2015-04-01,2016-03-31,-1
2016-11-01,26920,2016-03-31,2,,,,,,,,,,,,,,,,,,,,,,,,,,,,,75.00,,,,13032690,195183,,false,false,12,2015-04-01,2016-03-31,-1
2016-11-01,26920,2017-03-31,2,,,,,,,,,,,,,,,,,,,,,,,,,,,,,35.00,,,,,,,false,false,12,2016-04-01,2017-03-31,0
2016-11-01,26920,2017-03-31,2,,,,,,,,,,,,,,,,,,,,,,,,,,,,,70.00,,,,,,,false,true,12,2016-04-01,2017-03-31,0
2016-11-01,26920,2017-03-31,2,,,,,,,,,,,,,,,,,,,,,,,,,,,,,,,,,13032690,345183,12754720,false,false,6,2016-04-01,2016-09-30,0
2016-11-01,26920,2016-03-31,2,,,,,,,,,,,,,,,,,,,,,,,,,,,,,,,,,,,12837772,false,false,6,2015-04-01,2015-09-30,-1
2017-01-31,26920,2017-03-31,3,494922000000,-0.029,,,,,3775000000,0.017,4434000000,0.026,,3206000000,,251.82,,,,,,270088000000,79566000000,0.295,,79542000000,,,,,,,,,,,,true,false,9,2016-04-01,2016-12-31,0
2017-01-31,26920,2016-03-31,3,509859000000,0.052,,,,,3712000000,0.086,4321000000,0.034,,2929000000,,228.22,,,,,,,,,,,,,,,,,,,,,,true,false,9,2015-04-01,2015-12-31,-1
2017-01-31,26920,2017-03-31,3,630000000000,-0.035,,,,,3200000000,-0.197,4000000000,-0.143,,3100000000,,243.69,,,,,,,,,,,,,,,,,,,,,,true,true,12,2016-04-01,2017-03-31,0
2017-01-31,26920,2016-03-31,3,,,,,,,,,,,,,,,,,,,,219116000000,76732000000,0.350,,76708000000,,,,,,,,,,,,true,false,12,2015-04-01,2016-03-31,-1
2017-01-31,26920,2016-03-31,3,,,,,,,,,,,,,,,,,,,,,,,,,,,,,75.00,,,,13032690,195183,,false,false,12,2015-04-01,2016-03-31,-1
2017-01-31,26920,2017-03-31,3,,,,,,,,,,,,,,,,,,,,,,,,,,,,,35.00,,,,,,,false,false,12,2016-04-01,2017-03-31,0
2017-01-31,26920,2017-03-31,3,,,,,,,,,,,,,,,,,,,,,,,,,,,,,70.00,,,,,,,false,true,12,2016-04-01,2017-03-31,0
2017-01-31,26920,2017-03-31,3,,,,,,,,,,,,,,,,,,,,,,,,,,,,,,,,,13032690,345261,12732227,false,false,9,2016-04-01,2016-12-31,0
2017-01-31,26920,2016-03-31,3,,,,,,,,,,,,,,,,,,,,,,,,,,,,,,,,,,,12837735,false,false,9,2015-04-01,2015-12-31,-1
2017-05-01,26920,2017-03-31,,631002000000,-0.034,,,,,3779000000,-0.051,4565000000,-0.022,,3372000000,,265.11,,0.043,0.021,0.006,,211367000000,79702000000,0.377,6280.07,79677000000,3409000000,-3908000000,-2249000000,19059000000,,0.283,,,,,,true,false,12,2016-04-01,2017-03-31,0
2017-05-01,26920,2016-03-31,,653016000000,0.057,,,,,3983000000,0.085,4669000000,0.036,,3002000000,,233.91,,0.040,0.022,0.006,,219116000000,76732000000,0.350,5975.37,76708000000,4363000000,1769000000,-1493000000,21808000000,,0.321,,,,,,true,false,12,2015-04-01,2016-03-31,-1
2017-05-01,26920,2018-03-31,,330000000000,0.029,,,,,1300000000,-0.082,1700000000,-0.059,,1300000000,,102.46,,,,,,,,,,,,,,,,,,,,,,true,true,6,2017-04-01,2017-09-30,1
2017-05-01,26920,2018-03-31,,660000000000,0.046,,,,,3900000000,0.032,4600000000,0.007,,3300000000,,260.10,,,,,,,,,,,,,,,,0.288,,,,,,true,true,12,2017-04-01,2018-03-31,1
2017-05-01,26920,2016-03-31,,,,,,,,,,,,,,,,,,,,,,,,,,,,,,75.00,,,,13032690,195183,12837694,false,false,12,2015-04-01,2016-03-31,-1
2017-05-01,26920,2017-03-31,,,,,,,,,,,,,,,,,,,,,,,,,,,,,,75.00,,,,13032690,345261,12721181,false,false,12,2016-04-01,2017-03-31,0
2017-05-01,26920,2018-03-31,,,,,,,,,,,,,,,,,,,,,,,,,,,,,,75.00,,,,,,,false,true,12,2017-04-01,2018-03-31,1
2017-07-31,26920,2018-03-31,1,161568000000,0.034,,,,,348000000,-0.219,623000000,-0.125,,427000000,,33.67,,,,,,231073000000,80518000000,0.348,,80493000000,,,,,,,,,,,,true,false,3,2017-04-01,2017-06-30,0
2017-07-31,26920,2017-03-31,1,156302000000,-0.002,,,,,445000000,-0.226,713000000,-0.116,,684000000,,53.42,,,,,,,,,,,,,,,,,,,,,,true,false,3,2016-04-01,2016-06-30,-1
2017-07-31,26920,2018-03-31,1,330000000000,0.029,,,,,1300000000,-0.082,1700000000,-0.059,,1300000000,,102.46,,,,,,,,,,,,,,,,,,,,,,true,true,6,2017-04-01,2017-09-30,0
2017-07-31,26920,2018-03-31,1,660000000000,0.046,,,,,3900000000,0.032,4600000000,0.007,,3300000000,,260.10,,,,,,,,,,,,,,,,,,,,,,true,true,12,2017-04-01,2018-03-31,0
2017-07-31,26920,2017-03-31,1,,,,,,,,,,,,,,,,,,,,211367000000,79702000000,0.377,,79677000000,,,,,,,,,,,,true,false,12,2016-04-01,2017-03-31,-1
2017-07-31,26920,2017-03-31,1,,,,,,,,,,,,,,,,,,,,,,,,,,,,,75.00,,,,13032690,345261,,false,false,12,2016-04-01,2017-03-31,-1
2017-07-31,26920,2018-03-31,1,,,,,,,,,,,,,,,,,,,,,,,,,,,,,75.00,,,,,,,false,true,12,2017-04-01,2018-03-31,0
2017-07-31,26920,2018-03-31,1,,,,,,,,,,,,,,,,,,,,,,,,,,,,,,,,,13032690,345261,12687429,false,false,3,2017-04-01,2017-06-30,0
2017-07-31,26920,2017-03-31,1,,,,,,,,,,,,,,,,,,,,,,,,,,,,,,,,,,,12822671,false,false,3,2016-04-01,2016-06-30,-1
2017-10-23,26920,2018-03-31,,334000000000,0.012,,,,,1500000000,0.154,1900000000,0.118,,1800000000,,141.87,,,,,,,,,,,,,,,,,,,,,,true,true,6,2017-04-01,2017-09-30,0
2017-10-23,26920,2017-03-31,,320619000000,,,,,,1416000000,,1807000000,,,1407000000,,110.36,,,,,,,,,,,,,,,,,,,,,,true,false,6,2016-04-01,2016-09-30,-1
2017-10-23,26920,2018-03-31,,660000000000,0.000,,,,,4200000000,0.077,4900000000,0.065,3900000000,,0.182,307.39,,,,,,,,,,,,,,,,,,,,,,true,true,12,2017-04-01,2018-03-31,0
2017-10-23,26920,2017-03-31,,631002000000,,,,,,3779000000,,4565000000,,3372000000,,,265.11,,,,,,,,,,,,,,,,,,,,,,true,false,12,2016-04-01,2017-03-31,-1
2017-10-30,26920,2018-03-31,2,334083000000,0.042,,,,,1564000000,0.105,1936000000,0.072,,1866000000,,147.15,,,,,,242641000000,81647000000,0.336,,81623000000,,,,,,,,,,,,true,false,6,2017-04-01,2017-09-30,0
2017-10-30,26920,2017-03-31,2,320619000000,-0.023,,,,,1416000000,-0.091,1807000000,-0.067,,1407000000,,110.36,,,,,,,,,,,,,,,,,,,,,,true,false,6,2016-04-01,2016-09-30,-1
2017-10-30,26920,2018-03-31,2,660000000000,0.046,,,,,4200000000,0.111,4900000000,0.073,,3900000000,,307.39,,,,,,,,,,,,,,,,,,,,,,true,true,12,2017-04-01,2018-03-31,0
2017-10-30,26920,2017-03-31,2,,,,,,,,,,,,,,,,,,,,211367000000,79702000000,0.377,,79677000000,,,,,,,,,,,,true,false,12,2016-04-01,2017-03-31,-1
2017-10-30,26920,2017-03-31,2,,,,,,,,,,,,,,,,,,,,,,,,,,,,,75.00,,,,13032690,345261,,false,false,12,2016-04-01,2017-03-31,-1
2017-10-30,26920,2018-03-31,2,,,,,,,,,,,,,,,,,,,,,,,,,,,,,37.50,,,,,,,false,false,12,2017-04-01,2018-03-31,0
2017-10-30,26920,2018-03-31,2,,,,,,,,,,,,,,,,,,,,,,,,,,,,,75.00,,,,,,,false,true,12,2017-04-01,2018-03-31,0
2017-10-30,26920,2018-03-31,2,,,,,,,,,,,,,,,,,,,,,,,,,,,,,,,,,13032690,345289,12687427,false,false,6,2017-04-01,2017-09-30,0
2017-10-30,26920,2017-03-31,2,,,,,,,,,,,,,,,,,,,,,,,,,,,,,,,,,,,12754720,false,false,6,2016-04-01,2016-09-30,-1
2018-01-31,26920,2018-03-31,3,518797000000,0.048,,,,,4079000000,0.081,4755000000,0.072,,3841000000,,302.79,,,,,,283244000000,84624000000,0.299,,84598000000,,,,,,,,,,,,true,false,9,2017-04-01,2017-12-31,0
2018-01-31,26920,2017-03-31,3,494922000000,-0.029,,,,,3775000000,0.017,4434000000,0.026,,3206000000,,251.82,,,,,,,,,,,,,,,,,,,,,,true,false,9,2016-04-01,2016-12-31,-1
2018-01-31,26920,2018-03-31,3,660000000000,0.046,,,,,4200000000,0.111,4900000000,0.073,,3900000000,,307.39,,,,,,,,,,,,,,,,,,,,,,true,true,12,2017-04-01,2018-03-31,0
2018-01-31,26920,2017-03-31,3,,,,,,,,,,,,,,,,,,,,211367000000,79702000000,0.377,,79677000000,,,,,,,,,,,,true,false,12,2016-04-01,2017-03-31,-1
2018-01-31,26920,2017-03-31,3,,,,,,,,,,,,,,,,,,,,,,,,,,,,,75.00,,,,13032690,345261,,false,false,12,2016-04-01,2017-03-31,-1
2018-01-31,26920,2018-03-31,3,,,,,,,,,,,,,,,,,,,,,,,,,,,,,37.50,,,,,,,false,false,12,2017-04-01,2018-03-31,0
2018-01-31,26920,2018-03-31,3,,,,,,,,,,,,,,,,,,,,,,,,,,,,,75.00,,,,,,,false,true,12,2017-04-01,2018-03-31,0
2018-01-31,26920,2018-03-31,3,,,,,,,,,,,,,,,,,,,,,,,,,,,,,,,,,13032690,345289,12687418,false,false,9,2017-04-01,2017-12-31,0
2018-01-31,26920,2017-03-31,3,,,,,,,,,,,,,,,,,,,,,,,,,,,,,,,,,,,12732227,false,false,9,2016-04-01,2016-12-31,-1
2018-05-01,26920,2018-03-31,,660899000000,0.047,,,,,4246000000,0.124,5032000000,0.102,,4031000000,,317.73,,0.049,0.023,0.006,,235019000000,84262000000,0.358,6639.43,84236000000,10576000000,99000000,-1624000000,28112000000,,0.236,,,,,,true,false,12,2017-04-01,2018-03-31,0
2018-05-01,26920,2017-03-31,,631002000000,-0.034,,,,,3779000000,-0.051,4565000000,-0.022,,3372000000,,265.11,,0.043,0.021,0.006,,211367000000,79702000000,0.377,6280.07,79677000000,3409000000,-3908000000,-2249000000,19059000000,,0.283,,,,,,true,false,12,2016-04-01,2017-03-31,-1
2018-05-01,26920,2019-03-31,,350000000000,0.048,,,,,1600000000,0.023,2000000000,0.033,,1300000000,,102.46,,,,,,,,,,,,,,,,,,,,,,true,true,6,2018-04-01,2018-09-30,1
2018-05-01,26920,2019-03-31,,690000000000,0.044,,,,,4600000000,0.083,5300000000,0.053,,3600000000,,283.75,,,,,,,,,,,,,,,,0.264,,,,,,true,true,12,2018-04-01,2019-03-31,1
2018-05-01,26920,2017-03-31,,,,,,,,,,,,,,,,,,,,,,,,,,,,,,75.00,,,,13032690,345261,12721181,false,false,12,2016-04-01,2017-03-31,-1
2018-05-01,26920,2018-03-31,,,,,,,,,,,,,,,,,,,,,,,,,,,,,,75.00,,,,13032690,345307,12687414,false,false,12,2017-04-01,2018-03-31,0
2018-05-01,26920,2019-03-31,,,,,,,,,,,,,,,,,,,,,,,,,,,,,,75.00,,,,,,,false,true,12,2018-04-01,2019-03-31,1
2018-07-31,26920,2019-03-31,1,167808000000,0.039,,,,,779000000,1.238,1076000000,0.726,,746000000,,58.85,,,,,,261125000000,85269000000,0.326,,85243000000,,,,,,,,,,,,true,false,3,2018-04-01,2018-06-30,0
2018-07-31,26920,2018-03-31,1,161568000000,0.034,,,,,348000000,-0.219,623000000,-0.125,,427000000,,33.67,,,,,,,,,,,,,,,,,,,,,,true,false,3,2017-04-01,2017-06-30,-1
2018-07-31,26920,2019-03-31,1,350000000000,0.048,,,,,1600000000,0.023,2000000000,0.033,,1300000000,,102.46,,,,,,,,,,,,,,,,,,,,,,true,true,6,2018-04-01,2018-09-30,0
2018-07-31,26920,2019-03-31,1,690000000000,0.044,,,,,4600000000,0.083,5300000000,0.053,,3600000000,,283.75,,,,,,,,,,,,,,,,,,,,,,true,true,12,2018-04-01,2019-03-31,0
2018-07-31,26920,2018-03-31,1,,,,,,,,,,,,,,,,,,,,234532000000,84262000000,0.359,,84236000000,,,,,,,,,,,,true,false,12,2017-04-01,2018-03-31,-1
2018-07-31,26920,2018-03-31,1,,,,,,,,,,,,,,,,,,,,,,,,,,,,,75.00,,,,13032690,345307,,false,false,12,2017-04-01,2018-03-31,-1
2018-07-31,26920,2019-03-31,1,,,,,,,,,,,,,,,,,,,,,,,,,,,,,75.00,,,,,,,false,true,12,2018-04-01,2019-03-31,0
2018-07-31,26920,2019-03-31,1,,,,,,,,,,,,,,,,,,,,,,,,,,,,,,,,,13032690,345337,12687370,false,false,3,2018-04-01,2018-06-30,0
2018-07-31,26920,2018-03-31,1,,,,,,,,,,,,,,,,,,,,,,,,,,,,,,,,,,,12687429,false,false,3,2017-04-01,2017-06-30,-1
2018-10-30,26920,2019-03-31,2,345461000000,0.034,,,,,1646000000,0.052,2067000000,0.068,,1400000000,,110.39,,,,,,252381000000,85817000000,0.340,,85790000000,,,,,,,,,,,,true,false,6,2018-04-01,2018-09-30,0
2018-10-30,26920,2018-03-31,2,334083000000,0.042,,,,,1564000000,0.105,1936000000,0.072,,1866000000,,147.15,,,,,,,,,,,,,,,,,,,,,,true,false,6,2017-04-01,2017-09-30,-1
2018-10-30,26920,2019-03-31,2,690000000000,0.044,,,,,4600000000,0.083,5300000000,0.053,,3600000000,,283.75,,,,,,,,,,,,,,,,,,,,,,true,true,12,2018-04-01,2019-03-31,0
2018-10-30,26920,2018-03-31,2,,,,,,,,,,,,,,,,,,,,234532000000,84262000000,0.359,,84236000000,,,,,,,,,,,,true,false,12,2017-04-01,2018-03-31,-1
2018-10-30,26920,2018-03-31,2,,,,,,,,,,,,,,,,,,,,,,,,,,,,,75.00,,,,13032690,345307,,false,false,12,2017-04-01,2018-03-31,-1
2018-10-30,26920,2019-03-31,2,,,,,,,,,,,,,,,,,,,,,,,,,,,,,37.50,,,,,,,false,false,12,2018-04-01,2019-03-31,0
2018-10-30,26920,2019-03-31,2,,,,,,,,,,,,,,,,,,,,,,,,,,,,,75.00,,,,,,,false,true,12,2018-04-01,2019-03-31,0
2018-10-30,26920,2019-03-31,2,,,,,,,,,,,,,,,,,,,,,,,,,,,,,,,,,13032690,345337,12687361,false,false,6,2018-04-01,2018-09-30,0
2018-10-30,26920,2018-03-31,2,,,,,,,,,,,,,,,,,,,,,,,,,,,,,,,,,,,12687427,false,false,6,2017-04-01,2017-09-30,-1
2019-01-31,26920,2019-03-31,3,527887000000,0.018,,,,,3908000000,-0.042,4663000000,-0.020,,3188000000,,251.33,,,,,,279737000000,85396000000,0.305,,85320000000,,,,,,,,,,,,true,false,9,2018-04-01,2018-12-31,0
2019-01-31,26920,2018-03-31,3,518797000000,0.048,,,,,4079000000,0.081,4755000000,0.072,,3841000000,,302.79,,,,,,,,,,,,,,,,,,,,,,true,false,9,2017-04-01,2017-12-31,-1
2019-01-31,26920,2019-03-31,3,690000000000,0.044,,,,,4600000000,0.083,5300000000,0.053,,3600000000,,283.75,,,,,,,,,,,,,,,,,,,,,,true,true,12,2018-04-01,2019-03-31,0
2019-01-31,26920,2018-03-31,3,,,,,,,,,,,,,,,,,,,,234532000000,84262000000,0.359,,84236000000,,,,,,,,,,,,true,false,12,2017-04-01,2018-03-31,-1
2019-01-31,26920,2018-03-31,3,,,,,,,,,,,,,,,,,,,,,,,,,,,,,75.00,,,,13032690,345307,,false,false,12,2017-04-01,2018-03-31,-1
2019-01-31,26920,2019-03-31,3,,,,,,,,,,,,,,,,,,,,,,,,,,,,,37.50,,,,,,,false,false,12,2018-04-01,2019-03-31,0
2019-01-31,26920,2019-03-31,3,,,,,,,,,,,,,,,,,,,,,,,,,,,,,75.00,,,,,,,false,true,12,2018-04-01,2019-03-31,0
2019-01-31,26920,2019-03-31,3,,,,,,,,,,,,,,,,,,,,,,,,,,,,,,,,,13032690,345337,12687358,false,false,9,2018-04-01,2018-12-31,0
2019-01-31,26920,2018-03-31,3,,,,,,,,,,,,,,,,,,,,,,,,,,,,,,,,,,,12687418,false,false,9,2017-04-01,2017-12-31,-1
2019-04-26,26920,2019-03-31,,667128000000,0.009,,,,,4042000000,-0.048,4943000000,-0.018,,3309000000,,260.86,,0.039,0.021,0.006,,232289000000,85049000000,0.366,6697.55,84974000000,2715000000,-6562000000,-159000000,24104000000,,0.287,,,,,,true,false,12,2018-04-01,2019-03-31,0
2019-04-26,26920,2018-03-31,,660899000000,0.047,,,,,4246000000,0.124,5032000000,0.102,,4031000000,,317.73,,0.049,0.023,0.006,,234532000000,84262000000,0.359,6639.43,84236000000,10576000000,99000000,-1624000000,28112000000,,0.236,,,,,,true,false,12,2017-04-01,2018-03-31,-1
2019-04-26,26920,2020-03-31,,350000000000,0.013,,,,,1400000000,-0.149,1800000000,-0.129,,1200000000,,94.58,,,,,,,,,,,,,,,,,,,,,,true,true,6,2019-04-01,2019-09-30,1
2019-04-26,26920,2020-03-31,,700000000000,0.049,,,,,4700000000,0.163,5800000000,0.173,,4000000000,,315.27,,,,,,,,,,,,,,,,0.238,,,,,,true,true,12,2019-04-01,2020-03-31,1
2019-04-26,26920,2018-03-31,,,,,,,,,,,,,,,,,,,,,,,,,,,,,,75.00,,,,13032690,345307,12687414,false,false,12,2017-04-01,2018-03-31,-1
2019-04-26,26920,2019-03-31,,,,,,,,,,,,,,,,,,,,,,,,,,,,,,75.00,,,,13032690,345337,12687357,false,false,12,2018-04-01,2019-03-31,0
2019-04-26,26920,2020-03-31,,,,,,,,,,,,,,,,,,,,,,,,,,,,,,75.00,,,,,,,false,true,12,2019-04-01,2020-03-31,1
2019-07-31,26920,2020-03-31,1,161352000000,-0.038,,,,,160000000,-0.794,495000000,-0.540,,353000000,,27.82,,,,,,253420000000,83574000000,0.329,,83500000000,,,,,,,,,,,,true,false,3,2019-04-01,2019-06-30,0
2019-07-31,26920,2019-03-31,1,167808000000,0.039,,,,,779000000,1.238,1076000000,0.726,,746000000,,58.85,,,,,,,,,,,,,,,,,,,,,,true,false,3,2018-04-01,2018-06-30,-1
2019-07-31,26920,2020-03-31,1,350000000000,0.013,,,,,1400000000,-0.149,1800000000,-0.129,,1200000000,,94.58,,,,,,,,,,,,,,,,,,,,,,true,true,6,2019-04-01,2019-09-30,0
2019-07-31,26920,2020-03-31,1,700000000000,0.049,,,,,4700000000,0.163,5800000000,0.173,,4000000000,,315.27,,,,,,,,,,,,,,,,,,,,,,true,true,12,2019-04-01,2020-03-31,0
2019-07-31,26920,2019-03-31,1,,,,,,,,,,,,,,,,,,,,232289000000,85049000000,0.366,,84974000000,,,,,,,,,,,,true,false,12,2018-04-01,2019-03-31,-1
2019-07-31,26920,2019-03-31,1,,,,,,,,,,,,,,,,,,,,,,,,,,,,,75.00,,,,13032690,345337,,false,false,12,2018-04-01,2019-03-31,-1
2019-07-31,26920,2020-03-31,1,,,,,,,,,,,,,,,,,,,,,,,,,,,,,75.00,,,,,,,false,true,12,2019-04-01,2020-03-31,0
2019-07-31,26920,2020-03-31,1,,,,,,,,,,,,,,,,,,,,,,,,,,,,,,,,,13032690,345337,12687353,false,false,3,2019-04-01,2019-06-30,0
2019-07-31,26920,2019-03-31,1,,,,,,,,,,,,,,,,,,,,,,,,,,,,,,,,,,,12687370,false,false,3,2018-04-01,2018-06-30,-1
2019-10-31,26920,2020-03-31,2,339206000000,-0.018,,,,,1400000000,-0.149,1923000000,-0.070,,1302000000,,102.62,,,,,,240211000000,85245000000,0.355,,85173000000,,,,,,,,,,,,true,false,6,2019-04-01,2019-09-30,0
2019-10-31,26920,2019-03-31,2,345461000000,0.034,,,,,1646000000,0.052,2068000000,0.068,,1401000000,,110.39,,,,,,,,,,,,,,,,,,,,,,true,false,6,2018-04-01,2018-09-30,-1
2019-10-31,26920,2020-03-31,2,700000000000,0.049,,,,,4700000000,0.163,5800000000,0.173,,4000000000,,315.27,,,,,,,,,,,,,,,,,,,,,,true,true,12,2019-04-01,2020-03-31,0
2019-10-31,26920,2019-03-31,2,,,,,,,,,,,,,,,,,,,,232289000000,85049000000,0.366,,84974000000,,,,,,,,,,,,true,false,12,2018-04-01,2019-03-31,-1
2019-10-31,26920,2019-03-31,2,,,,,,,,,,,,,,,,,,,,,,,,,,,,,75.00,,,,13032690,345337,,false,false,12,2018-04-01,2019-03-31,-1
2019-10-31,26920,2020-03-31,2,,,,,,,,,,,,,,,,,,,,,,,,,,,,,37.50,,,,,,,false,false,12,2019-04-01,2020-03-31,0
2019-10-31,26920,2020-03-31,2,,,,,,,,,,,,,,,,,,,,,,,,,,,,,75.00,,,,,,,false,true,12,2019-04-01,2020-03-31,0
2019-10-31,26920,2020-03-31,2,,,,,,,,,,,,,,,,,,,,,,,,,,,,,,,,,13032690,345337,12687353,false,false,6,2019-04-01,2019-09-30,0
2019-10-31,26920,2019-03-31,2,,,,,,,,,,,,,,,,,,,,,,,,,,,,,,,,,,,12687361,false,false,6,2018-04-01,2018-09-30,-1
2020-01-30,26920,2020-03-31,3,518628000000,-0.018,,,,,3643000000,-0.068,4614000000,-0.011,,3245000000,,255.74,,,,,,285247000000,87253000000,0.305,,87141000000,,,,,,,,,,,,true,false,9,2019-04-01,2019-12-31,0
2020-01-30,26920,2019-03-31,3,527888000000,0.018,,,,,3909000000,-0.042,4663000000,-0.020,,3189000000,,251.33,,,,,,,,,,,,,,,,,,,,,,true,false,9,2018-04-01,2018-12-31,-1
2020-01-30,26920,2020-03-31,3,700000000000,0.049,,,,,4700000000,0.163,5800000000,0.173,,4000000000,,315.27,,,,,,,,,,,,,,,,,,,,,,true,true,12,2019-04-01,2020-03-31,0
2020-01-30,26920,2019-03-31,3,,,,,,,,,,,,,,,,,,,,232289000000,85049000000,0.366,,84974000000,,,,,,,,,,,,true,false,12,2018-04-01,2019-03-31,-1
2020-01-30,26920,2019-03-31,3,,,,,,,,,,,,,,,,,,,,,,,,,,,,,75.00,,,,13032690,345337,,false,false,12,2018-04-01,2019-03-31,-1
2020-01-30,26920,2020-03-31,3,,,,,,,,,,,,,,,,,,,,,,,,,,,,,37.50,,,,,,,false,false,12,2019-04-01,2020-03-31,0
2020-01-30,26920,2020-03-31,3,,,,,,,,,,,,,,,,,,,,,,,,,,,,,75.00,,,,,,,false,true,12,2019-04-01,2020-03-31,0
2020-01-30,26920,2020-03-31,3,,,,,,,,,,,,,,,,,,,,,,,,,,,,,,,,,13032690,345337,12687353,false,false,9,2019-04-01,2019-12-31,0
2020-01-30,26920,2019-03-31,3,,,,,,,,,,,,,,,,,,,,,,,,,,,,,,,,,,,12687358,false,false,9,2018-04-01,2018-12-31,-1
2020-04-30,26920,2020-03-31,,661244000000,-0.009,,,,,4430000000,0.096,5700000000,0.153,,3976000000,,313.42,,0.047,0.025,0.007,,228437000000,86204000000,0.377,6781.27,86036000000,2933000000,-14604000000,-1657000000,10776000000,,0.239,,,,,,true,false,12,2019-04-01,2020-03-31,0
2020-04-30,26920,2019-03-31,,667128000000,0.009,,,,,4043000000,-0.048,4943000000,-0.018,,3310000000,,260.86,,0.039,0.021,0.006,,232289000000,85049000000,0.366,6697.55,84974000000,2715000000,-6563000000,-160000000,24105000000,,0.287,,,,,,true,false,12,2018-04-01,2019-03-31,-1
2020-04-30,26920,2021-03-31,,340000000000,0.002,,,,,1400000000,-0.000,1900000000,-0.012,,1300000000,,102.46,,,,,,,,,,,,,,,,,,,,,,true,true,6,2020-04-01,2020-09-30,1
2020-04-30,26920,2021-03-31,,670000000000,0.013,,,,,4700000000,0.061,6000000000,0.053,,4000000000,,315.27,,,,,,,,,,,,,,,,0.254,,,,,,true,true,12,2020-04-01,2021-03-31,1
2020-04-30,26920,2019-03-31,,,,,,,,,,,,,,,,,,,,,,,,,,,,,,75.00,,,,13032690,345337,12687357,false,false,12,2018-04-01,2019-03-31,-1
2020-04-30,26920,2020-03-31,,,,,,,,,,,,,,,,,,,,,,,,,,,,,,75.00,,,,13032690,345337,12687353,false,false,12,2019-04-01,2020-03-31,0
2020-04-30,26920,2021-03-31,,,,,,,,,,,,,,,,,,,,,,,,,,,,,,80.00,,,,,,,false,true,12,2020-04-01,2021-03-31,1
2020-07-31,26920,2021-03-31,1,163960000000,0.016,,,,,661000000,3.113,1145000000,1.312,,800000000,,63.04,,,,,,246935000000,87558000000,0.354,,87366000000,,,,,,,,,,,,true,false,3,2020-04-01,2020-06-30,0
2020-07-31,26920,2020-03-31,1,161352000000,-0.038,,,,,161000000,-0.794,495000000,-0.540,,353000000,,27.82,,,,,,,,,,,,,,,,,,,,,,true,false,3,2019-04-01,2019-06-30,-1
2020-07-31,26920,2021-03-31,1,340000000000,0.002,,,,,1600000000,0.125,2200000000,0.126,,1500000000,,118.23,,,,,,,,,,,,,,,,,,,,,,true,true,6,2020-04-01,2020-09-30,0
2020-07-31,26920,2021-03-31,1,670000000000,0.013,,,,,4700000000,0.061,6000000000,0.053,,4000000000,,315.27,,,,,,,,,,,,,,,,,,,,,,true,true,12,2020-04-01,2021-03-31,0
2020-07-31,26920,2020-03-31,1,,,,,,,,,,,,,,,,,,,,228437000000,86204000000,0.377,,86036000000,,,,,,,,,,,,true,false,12,2019-04-01,2020-03-31,-1
2020-07-31,26920,2020-03-31,1,,,,,,,,,,,,,,,,,,,,,,,,,,,,,75.00,,,,13032690,345337,,false,false,12,2019-04-01,2020-03-31,-1
2020-07-31,26920,2021-03-31,1,,,,,,,,,,,,,,,,,,,,,,,,,,,,,80.00,,,,,,,false,true,12,2020-04-01,2021-03-31,0
2020-07-31,26920,2021-03-31,1,,,,,,,,,,,,,,,,,,,,,,,,,,,,,,,,,13032690,345337,12687353,false,false,3,2020-04-01,2020-06-30,0
2020-07-31,26920,2020-03-31,1,,,,,,,,,,,,,,,,,,,,,,,,,,,,,,,,,,,12687353,false,false,3,2019-04-01,2019-06-30,-1
2020-07-31,26920,2021-03-31,1,163960000000,0.016,,,,,661000000,3.113,1145000000,1.312,,800000000,,63.04,,,,,,246935000000,87558000000,0.354,,87366000000,,,,,,,,,,,,true,false,3,2020-04-01,2020-06-30,0
2020-07-31,26920,2020-03-31,1,161352000000,-0.038,,,,,161000000,-0.794,495000000,-0.540,,353000000,,27.82,,,,,,,,,,,,,,,,,,,,,,true,false,3,2019-04-01,2019-06-30,-1
2020-07-31,26920,2021-03-31,1,340000000000,0.002,,,,,1600000000,0.143,2200000000,0.144,,1500000000,,118.23,,,,,,,,,,,,,,,,,,,,,,true,true,6,2020-04-01,2020-09-30,0
2020-07-31,26920,2021-03-31,1,670000000000,0.013,,,,,4700000000,0.061,6000000000,0.053,,4000000000,,315.27,,,,,,,,,,,,,,,,,,,,,,true,true,12,2020-04-01,2021-03-31,0
2020-07-31,26920,2020-03-31,1,,,,,,,,,,,,,,,,,,,,228437000000,86204000000,0.377,,86036000000,,,,,,,,,,,,true,false,12,2019-04-01,2020-03-31,-1
2020-07-31,26920,2020-03-31,1,,,,,,,,,,,,,,,,,,,,,,,,,,,,,75.00,,,,13032690,345337,,false,false,12,2019-04-01,2020-03-31,-1
2020-07-31,26920,2021-03-31,1,,,,,,,,,,,,,,,,,,,,,,,,,,,,,80.00,,,,,,,false,true,12,2020-04-01,2021-03-31,0
2020-07-31,26920,2021-03-31,1,,,,,,,,,,,,,,,,,,,,,,,,,,,,,,,,,13032690,345337,12687353,false,false,3,2020-04-01,2020-06-30,0
2020-07-31,26920,2020-03-31,1,,,,,,,,,,,,,,,,,,,,,,,,,,,,,,,,,,,12687353,false,false,3,2019-04-01,2019-06-30,-1
2020-10-30,26920,2021-03-31,2,338956000000,-0.001,,,,,1902000000,0.358,2518000000,0.309,,1820000000,,143.46,,,,,,246452000000,89945000000,0.365,,89917000000,,,,,,,,,,,,true,false,6,2020-04-01,2020-09-30,0
2020-10-30,26920,2020-03-31,2,339206000000,-0.018,,,,,1400000000,-0.149,1923000000,-0.070,,1302000000,,102.62,,,,,,,,,,,,,,,,,,,,,,true,false,6,2019-04-01,2019-09-30,-1
2020-10-30,26920,2021-03-31,2,670000000000,0.013,,,,,4700000000,0.061,6000000000,0.053,,4000000000,,315.27,,,,,,,,,,,,,,,,,,,,,,true,true,12,2020-04-01,2021-03-31,0
2020-10-30,26920,2020-03-31,2,,,,,,,,,,,,,,,,,,,,228437000000,86204000000,0.377,,86036000000,,,,,,,,,,,,true,false,12,2019-04-01,2020-03-31,-1
2020-10-30,26920,2020-03-31,2,,,,,,,,,,,,,,,,,,,,,,,,,,,,,75.00,,,,13032690,345337,,false,false,12,2019-04-01,2020-03-31,-1
2020-10-30,26920,2021-03-31,2,,,,,,,,,,,,,,,,,,,,,,,,,,,,,40.00,,,,,,,false,false,12,2020-04-01,2021-03-31,0
2020-10-30,26920,2021-03-31,2,,,,,,,,,,,,,,,,,,,,,,,,,,,,,80.00,,,,,,,false,true,12,2020-04-01,2021-03-31,0
2020-10-30,26920,2021-03-31,2,,,,,,,,,,,,,,,,,,,,,,,,,,,,,,,,,13032690,345412,12687340,false,false,6,2020-04-01,2020-09-30,0
2020-10-30,26920,2020-03-31,2,,,,,,,,,,,,,,,,,,,,,,,,,,,,,,,,,,,12687353,false,false,6,2019-04-01,2019-09-30,-1
2021-01-29,26920,2021-03-31,3,517564000000,-0.002,,,,,4859000000,0.334,5889000000,0.276,,4281000000,,337.42,,,,,,291360000000,92263000000,0.317,,92234000000,,,,,,,,,,,,true,false,9,2020-04-01,2020-12-31,0
2021-01-29,26920,2020-03-31,3,518628000000,-0.018,,,,,3643000000,-0.068,4614000000,-0.011,,3245000000,,255.74,,,,,,,,,,,,,,,,,,,,,,true,false,9,2019-04-01,2019-12-31,-1
2021-01-29,26920,2021-03-31,3,670000000000,0.013,,,,,4700000000,0.061,6000000000,0.053,,4000000000,,315.27,,,,,,,,,,,,,,,,,,,,,,true,true,12,2020-04-01,2021-03-31,0
2021-01-29,26920,2020-03-31,3,,,,,,,,,,,,,,,,,,,,228437000000,86204000000,0.377,,86036000000,,,,,,,,,,,,true,false,12,2019-04-01,2020-03-31,-1
2021-01-29,26920,2020-03-31,3,,,,,,,,,,,,,,,,,,,,,,,,,,,,,75.00,,,,13032690,345337,,false,false,12,2019-04-01,2020-03-31,-1
2021-01-29,26920,2021-03-31,3,,,,,,,,,,,,,,,,,,,,,,,,,,,,,40.00,,,,,,,false,false,12,2020-04-01,2021-03-31,0
2021-01-29,26920,2021-03-31,3,,,,,,,,,,,,,,,,,,,,,,,,,,,,,80.00,,,,,,,false,true,12,2020-04-01,2021-03-31,0
2021-01-29,26920,2021-03-31,3,,,,,,,,,,,,,,,,,,,,,,,,,,,,,,,,,13032690,345442,12687313,false,false,9,2020-04-01,2020-12-31,0
2021-01-29,26920,2020-03-31,3,,,,,,,,,,,,,,,,,,,,,,,,,,,,,,,,,,,12687353,false,false,9,2019-04-01,2019-12-31,-1
2021-04-28,26920,2021-03-31,,656743000000,-0.007,,,,,5023000000,0.134,6265000000,0.099,,4034000000,,317.94,,0.045,0.027,0.008,,231183000000,93337000000,0.404,7354.47,93308000000,8012000000,-14527000000,-1678000000,2583000000,,0.252,,,,,,true,false,12,2020-04-01,2021-03-31,0
2021-04-28,26920,2020-03-31,,661244000000,-0.009,,,,,4430000000,0.096,5700000000,0.153,,3976000000,,313.42,,0.047,0.025,0.007,,228437000000,86204000000,0.377,6781.27,86036000000,2933000000,-14604000000,-1657000000,10776000000,,0.239,,,,,,true,false,12,2019-04-01,2020-03-31,-1
2021-04-28,26920,2022-03-31,,320000000000,,,,,,1900000000,,2500000000,,,1800000000,,141.88,,,,,,,,,,,,,,,,,,,,,,true,true,6,2021-04-01,2021-09-30,1
2021-04-28,26920,2022-03-31,,620000000000,,,,,,5000000000,,6200000000,,,4100000000,,323.16,,,,,,,,,,,,,,,,0.248,,,,,,true,true,12,2021-04-01,2022-03-31,1
2021-04-28,26920,2020-03-31,,,,,,,,,,,,,,,,,,,,,,,,,,,,,,75.00,,,,13032690,345337,12687353,false,false,12,2019-04-01,2020-03-31,-1
2021-04-28,26920,2021-03-31,,,,,,,,,,,,,,,,,,,,,,,,,,,,,,80.00,,,,12720000,32777,12687292,false,false,12,2020-04-01,2021-03-31,0
2021-04-28,26920,2022-03-31,,,,,,,,,,,,,,,,,,,,,,,,,,,,,,80.00,,,,,,,false,true,12,2021-04-01,2022-03-31,1
2021-07-28,26920,2022-03-31,1,150258000000,,,,,,1106000000,,1648000000,,,1187000000,,93.54,,,,,,254654000000,93791000000,0.368,,93762000000,,,,,,,,,,,,true,false,3,2021-04-01,2021-06-30,0
2021-07-28,26920,2021-03-31,1,163960000000,0.016,,,,,661000000,3.113,1145000000,1.312,,800000000,,63.04,,,,,,,,,,,,,,,,,,,,,,true,false,3,2020-04-01,2020-06-30,-1
2021-07-28,26920,2022-03-31,1,320000000000,,,,,,1900000000,,2500000000,,,1800000000,,141.88,,,,,,,,,,,,,,,,,,,,,,true,true,6,2021-04-01,2021-09-30,0
2021-07-28,26920,2022-03-31,1,620000000000,,,,,,5000000000,,6200000000,,,4100000000,,323.16,,,,,,,,,,,,,,,,,,,,,,true,true,12,2021-04-01,2022-03-31,0
2021-07-28,26920,2021-03-31,1,,,,,,,,,,,,,,,,,,,,231183000000,93337000000,0.404,,93308000000,,,,,,,,,,,,true,false,12,2020-04-01,2021-03-31,-1
2021-07-28,26920,2021-03-31,1,,,,,,,,,,,,,,,,,,,,,,,,,,,,,80.00,,,,12720000,32777,,false,false,12,2020-04-01,2021-03-31,-1
2021-07-28,26920,2022-03-31,1,,,,,,,,,,,,,,,,,,,,,,,,,,,,,80.00,,,,,,,false,true,12,2021-04-01,2022-03-31,0
2021-07-28,26920,2022-03-31,1,,,,,,,,,,,,,,,,,,,,,,,,,,,,,,,,,12720000,32777,12687223,false,false,3,2021-04-01,2021-06-30,0
2021-07-28,26920,2021-03-31,1,,,,,,,,,,,,,,,,,,,,,,,,,,,,,,,,,,,12687353,false,false,3,2020-04-01,2020-06-30,-1
2021-10-22,26920,2022-03-31,,307000000000,-0.041,,,,,2630000000,0.384,3340000000,0.336,,2340000000,,184.44,,,,,,,,,,,,,,,,,,,,,,true,true,6,2021-04-01,2021-09-30,0
2021-10-22,26920,2021-03-31,,338956000000,,,,,,1902000000,,2518000000,,,1820000000,,143.46,,,,,,,,,,,,,,,,,,,,,,true,false,6,2020-04-01,2020-09-30,-1
2021-10-29,2692,2022-03-31,2,307513000000,,,,,,2639000000,,3342000000,,,2347000000,,185.00,,,,,,247304000000,96246000000,0.389,,96216000000,,,,,,,,,,,,true,false,6,2021-04-01,2021-09-30,0
2021-10-29,2692,2021-03-31,2,338956000000,-0.001,,,,,1902000000,0.358,2518000000,0.309,,1820000000,,143.46,,,,,,,,,,,,,,,,,,,,,,true,false,6,2020-04-01,2020-09-30,-1
2021-10-29,2692,2022-03-31,2,620000000000,,,,,,5000000000,,6200000000,,,4100000000,,323.16,,,,,,,,,,,,,,,,,,,,,,true,true,12,2021-04-01,2022-03-31,0
2021-10-29,2692,2021-03-31,2,,,,,,,,,,,,,,,,,,,,231183000000,93337000000,0.404,,93308000000,,,,,,,,,,,,true,false,12,2020-04-01,2021-03-31,-1
2021-10-29,2692,2021-03-31,2,,,,,,,,,,,,,,,,,,,,,,,,,,,,,80.00,,,,12720000,32777,,false,false,12,2020-04-01,2021-03-31,-1
2021-10-29,2692,2022-03-31,2,,,,,,,,,,,,,,,,,,,,,,,,,,,,,40.00,,,,,,,false,false,12,2021-04-01,2022-03-31,0
2021-10-29,2692,2022-03-31,2,,,,,,,,,,,,,,,,,,,,,,,,,,,,,80.00,,,,,,,false,true,12,2021-04-01,2022-03-31,0
2021-10-29,2692,2022-03-31,2,,,,,,,,,,,,,,,,,,,,,,,,,,,,,,,,,12720000,32777,12687223,false,false,6,2021-04-01,2021-09-30,0
2021-10-29,2692,2021-03-31,2,,,,,,,,,,,,,,,,,,,,,,,,,,,,,,,,,,,12687340,false,false,6,2020-04-01,2020-09-30,-1
2022-01-31,2692,2022-03-31,3,477543000000,,,,,,5714000000,,6884000000,,,4938000000,,389.20,,,,,,299777000000,95735000000,0.319,,95704000000,,,,,,,,,,,,true,false,9,2021-04-01,2021-12-31,0
2022-01-31,2692,2021-03-31,3,517564000000,-0.002,,,,,4859000000,0.334,5889000000,0.276,,4281000000,,337.42,,,,,,,,,,,,,,,,,,,,,,true,false,9,2020-04-01,2020-12-31,-1
2022-01-31,2692,2022-03-31,3,620000000000,,,,,,5000000000,,6200000000,,,4300000000,,338.92,,,,,,,,,,,,,,,,,,,,,,true,true,12,2021-04-01,2022-03-31,0
2022-01-31,2692,2021-03-31,3,,,,,,,,,,,,,,,,,,,,231183000000,93337000000,0.404,,93308000000,,,,,,,,,,,,true,false,12,2020-04-01,2021-03-31,-1
2022-01-31,2692,2021-03-31,3,,,,,,,,,,,,,,,,,,,,,,,,,,,,,80.00,,,,12720000,32777,,false,false,12,2020-04-01,2021-03-31,-1
2022-01-31,2692,2022-03-31,3,,,,,,,,,,,,,,,,,,,,,,,,,,,,,40.00,,,,,,,false,false,12,2021-04-01,2022-03-31,0
2022-01-31,2692,2022-03-31,3,,,,,,,,,,,,,,,,,,,,,,,,,,,,,80.00,,,,,,,false,true,12,2021-04-01,2022-03-31,0
2022-01-31,2692,2022-03-31,3,,,,,,,,,,,,,,,,,,,,,,,,,,,,,,,,,12720000,32804,12687217,false,false,9,2021-04-01,2021-12-31,0
2022-01-31,2692,2021-03-31,3,,,,,,,,,,,,,,,,,,,,,,,,,,,,,,,,,,,12687313,false,false,9,2020-04-01,2020-12-31,-1
2022-04-28,2692,2022-03-31,,612658000000,,,,,,5887000000,,7274000000,,,4315000000,,340.09,,0.046,0.031,0.010,,236668000000,95249000000,0.402,7505.14,95219000000,5240000000,1628000000,-1784000000,7667000000,,0.235,,,,,,true,false,12,2021-04-01,2022-03-31,0
2022-04-28,2692,2021-03-31,,656743000000,-0.007,,,,,5023000000,0.134,6265000000,0.099,,4034000000,,317.94,,0.045,0.027,0.008,,231183000000,93337000000,0.404,7354.47,93308000000,8012000000,-14527000000,-1678000000,2583000000,,0.252,,,,,,true,false,12,2020-04-01,2021-03-31,-1
2022-04-28,2692,2023-03-31,,320000000000,0.041,,,,,2700000000,0.023,3350000000,0.002,,2350000000,,185.23,,,,,,,,,,,,,,,,,,,,,,true,true,6,2022-04-01,2022-09-30,1
2022-04-28,2692,2023-03-31,,630000000000,0.028,,,,,6100000000,0.036,7300000000,0.004,,4700000000,,370.45,,,,,,,,,,,,,,,,0.216,,,,,,true,true,12,2022-04-01,2023-03-31,1
2022-04-28,2692,2021-03-31,,,,,,,,,,,,,,,,,,,,,,,,,,,,,,80.00,,,,12720000,32777,12687292,false,false,12,2020-04-01,2021-03-31,-1
2022-04-28,2692,2022-03-31,,,,,,,,,,,,,,,,,,,,,,,,,,,,,,80.00,,,,12720000,32847,12687208,false,false,12,2021-04-01,2022-03-31,0
2022-04-28,2692,2023-03-31,,,,,,,,,,,,,,,,,,,,,,,,,,,,,,80.00,,,,,,,false,true,12,2022-04-01,2023-03-31,1
2022-07-28,2692,2023-03-31,1,155484000000,0.035,,,,,1365000000,0.233,1888000000,0.145,,1331000000,,104.92,,,,,,253426000000,95454000000,0.377,,95435000000,,,,,,,,,,,,true,false,3,2022-04-01,2022-06-30,0
2022-07-28,2692,2022-03-31,1,150258000000,,,,,,1106000000,,1648000000,,,1187000000,,93.54,,,,,,,,,,,,,,,,,,,,,,true,false,3,2021-04-01,2021-06-30,-1
2022-07-28,2692,2023-03-31,1,320000000000,0.041,,,,,2700000000,0.023,3350000000,0.002,,2350000000,,185.23,,,,,,,,,,,,,,,,,,,,,,true,true,6,2022-04-01,2022-09-30,0
2022-07-28,2692,2023-03-31,1,630000000000,0.028,,,,,6100000000,0.036,7300000000,0.004,,4700000000,,370.45,,,,,,,,,,,,,,,,,,,,,,true,true,12,2022-04-01,2023-03-31,0
2022-07-28,2692,2022-03-31,1,,,,,,,,,,,,,,,,,,,,236668000000,95249000000,0.402,,95219000000,,,,,,,,,,,,true,false,12,2021-04-01,2022-03-31,-1
2022-07-28,2692,2022-03-31,1,,,,,,,,,,,,,,,,,,,,,,,,,,,,,80.00,,,,12720000,32847,,false,false,12,2021-04-01,2022-03-31,-1
2022-07-28,2692,2023-03-31,1,,,,,,,,,,,,,,,,,,,,,,,,,,,,,80.00,,,,,,,false,true,12,2022-04-01,2023-03-31,0
2022-07-28,2692,2023-03-31,1,,,,,,,,,,,,,,,,,,,,,,,,,,,,,,,,,12720000,32847,12687153,false,false,3,2022-04-01,2022-06-30,0
2022-07-28,2692,2022-03-31,1,,,,,,,,,,,,,,,,,,,,,,,,,,,,,,,,,,,12687223,false,false,3,2021-04-01,2021-06-30,-1
2022-10-31,2692,2023-03-31,2,326002000000,0.060,,,,,3419000000,0.295,4116000000,0.232,,2874000000,,226.49,,,,,,261720000000,97417000000,0.372,,97397000000,,,,,,,,,,,,true,false,6,2022-04-01,2022-09-30,0
2022-10-31,2692,2022-03-31,2,307513000000,,,,,,2639000000,,3342000000,,,2347000000,,185.00,,,,,,,,,,,,,,,,,,,,,,true,false,6,2021-04-01,2021-09-30,-1
2022-10-31,2692,2023-03-31,2,630000000000,0.028,,,,,6100000000,0.036,7300000000,0.004,,4700000000,,370.45,,,,,,,,,,,,,,,,,,,,,,true,true,12,2022-04-01,2023-03-31,0
2022-10-31,2692,2022-03-31,2,,,,,,,,,,,,,,,,,,,,236668000000,95249000000,0.402,,95219000000,,,,,,,,,,,,true,false,12,2021-04-01,2022-03-31,-1
2022-10-31,2692,2022-03-31,2,,,,,,,,,,,,,,,,,,,,,,,,,,,,,80.00,,,,12720000,32847,,false,false,12,2021-04-01,2022-03-31,-1
2022-10-31,2692,2023-03-31,2,,,,,,,,,,,,,,,,,,,,,,,,,,,,,40.00,,,,,,,false,false,12,2022-04-01,2023-03-31,0
2022-10-31,2692,2023-03-31,2,,,,,,,,,,,,,,,,,,,,,,,,,,,,,80.00,,,,,,,false,true,12,2022-04-01,2023-03-31,0
2022-10-31,2692,2023-03-31,2,,,,,,,,,,,,,,,,,,,,,,,,,,,,,,,,,12720000,32847,12687153,false,false,6,2022-04-01,2022-09-30,0
2022-10-31,2692,2022-03-31,2,,,,,,,,,,,,,,,,,,,,,,,,,,,,,,,,,,,12687223,false,false,6,2021-04-01,2021-09-30,-1
2023-01-31,2692,2023-03-31,3,501790000000,0.051,,,,,7310000000,0.279,8473000000,0.231,,5917000000,,466.36,,,,,,312733000000,100217000000,0.320,,100197000000,,,,,,,,,,,,true,false,9,2022-04-01,2022-12-31,0
2023-01-31,2692,2022-03-31,3,477543000000,,,,,,5714000000,,6884000000,,,4938000000,,389.20,,,,,,,,,,,,,,,,,,,,,,true,false,9,2021-04-01,2021-12-31,-1
2023-01-31,2692,2023-03-31,3,630000000000,0.028,,,,,6100000000,0.036,7300000000,0.004,,4700000000,,370.45,,,,,,,,,,,,,,,,,,,,,,true,true,12,2022-04-01,2023-03-31,0
2023-01-31,2692,2022-03-31,3,,,,,,,,,,,,,,,,,,,,236668000000,95249000000,0.402,,95219000000,,,,,,,,,,,,true,false,12,2021-04-01,2022-03-31,-1
2023-01-31,2692,2022-03-31,3,,,,,,,,,,,,,,,,,,,,,,,,,,,,,80.00,,,,12720000,32847,,false,false,12,2021-04-01,2022-03-31,-1
2023-01-31,2692,2023-03-31,3,,,,,,,,,,,,,,,,,,,,,,,,,,,,,40.00,,,,,,,false,false,12,2022-04-01,2023-03-31,0
2023-01-31,2692,2023-03-31,3,,,,,,,,,,,,,,,,,,,,,,,,,,,,,80.00,,,,,,,false,true,12,2022-04-01,2023-03-31,0
2023-01-31,2692,2023-03-31,3,,,,,,,,,,,,,,,,,,,,,,,,,,,,,,,,,12720000,32847,12687153,false,false,9,2022-04-01,2022-12-31,0
2023-01-31,2692,2022-03-31,3,,,,,,,,,,,,,,,,,,,,,,,,,,,,,,,,,,,12687217,false,false,9,2021-04-01,2021-12-31,-1
2023-05-01,2692,2023-03-31,,642953000000,0.049,,,,,7507000000,0.275,8943000000,0.229,,4843000000,,381.69,,0.050,0.037,0.012,,246617000000,99781000000,0.405,7863.14,99761000000,7679000000,-2424000000,-2157000000,10765000000,,0.210,,,,,,true,false,12,2022-04-01,2023-03-31,0
2023-05-01,2692,2022-03-31,,612658000000,,,,,,5887000000,,7274000000,,,4315000000,,340.09,,0.046,0.031,0.010,,236668000000,95249000000,0.402,7505.14,95219000000,5240000000,1628000000,-1784000000,7667000000,,0.235,,,,,,true,false,12,2021-04-01,2022-03-31,-1
2023-05-01,2692,2024-03-31,,340000000000,0.043,,,,,3500000000,0.024,4000000000,-0.028,,2600000000,,204.93,,,,,,,,,,,,,,,,,,,,,,true,true,6,2023-04-01,2023-09-30,1
2023-05-01,2692,2024-03-31,,680000000000,0.058,,,,,7000000000,-0.068,8000000000,-0.105,,5100000000,,401.98,,,,,,,,,,,,,,,,0.249,,,,,,true,true,12,2023-04-01,2024-03-31,1
2023-05-01,2692,2023-03-31,,635007000000,0.050,,,,,6972000000,0.267,10334000000,0.555,6442000000,,0.674,507.73,,,,,,243696000000,98088000000,0.403,7731.31,98088000000,,,,,80.00,,,,12720000,32867,12687150,false,false,12,2022-04-01,2023-03-31,0
2023-05-01,2692,2022-03-31,,604681000000,,,,,,5504000000,,6646000000,,3847000000,,,303.22,,,,,,234194000000,91710000000,0.392,7228.56,91710000000,,,,,80.00,,,,12720000,32847,12687208,false,false,12,2021-04-01,2022-03-31,-1
2023-05-01,2692,2024-03-31,,,,,,,,,,,,,,,,,,,,,,,,,,,,,,100.00,,,,,,,false,true,12,2023-04-01,2024-03-31,1
2023-07-31,2692,2024-03-31,1,162228000000,0.043,,,,,2144000000,0.571,2734000000,0.448,,1955000000,,154.08,,,,,,266524000000,102765000000,0.386,,102746000000,,,,,,,,,,,,true,false,3,2023-04-01,2023-06-30,0
2023-07-31,2692,2023-03-31,1,155484000000,0.035,,,,,1365000000,0.233,1888000000,0.145,,1331000000,,104.92,,,,,,,,,,,,,,,,,,,,,,true,false,3,2022-04-01,2022-06-30,-1
2023-07-31,2692,2024-03-31,1,340000000000,0.043,,,,,4500000000,0.316,5200000000,0.263,,3500000000,,275.87,,,,,,,,,,,,,,,,,,,,,,true,true,6,2023-04-01,2023-09-30,0
2023-07-31,2692,2024-03-31,1,680000000000,0.058,,,,,7000000000,-0.068,8000000000,-0.105,,5100000000,,401.98,,,,,,,,,,,,,,,,,,,,,,true,true,12,2023-04-01,2024-03-31,0
2023-07-31,2692,2023-03-31,1,,,,,,,,,,,,,,,,,,,,246617000000,99781000000,0.405,,99761000000,,,,,,,,,,,,true,false,12,2022-04-01,2023-03-31,-1
2023-07-31,2692,2023-03-31,1,,,,,,,,,,,,,,,,,,,,,,,,,,,,,80.00,,,,12720000,32867,,false,false,12,2022-04-01,2023-03-31,-1
2023-07-31,2692,2024-03-31,1,,,,,,,,,,,,,,,,,,,,,,,,,,,,,100.00,,,,,,,false,true,12,2023-04-01,2024-03-31,0
2023-07-31,2692,2024-03-31,1,,,,,,,,,,,,,,,,,,,,,,,,,,,,,,,,,12720000,32867,12687133,false,false,3,2023-04-01,2023-06-30,0
2023-07-31,2692,2023-03-31,1,,,,,,,,,,,,,,,,,,,,,,,,,,,,,,,,,,,12687153,false,false,3,2022-04-01,2022-06-30,-1
2023-10-31,2692,2024-03-31,2,338881000000,0.040,,,,,4315000000,0.262,5048000000,0.226,,3533000000,,278.50,,,,,,287465000000,105518000000,0.367,,105498000000,,,,,,,,,,,,true,false,6,2023-04-01,2023-09-30,0
2023-10-31,2692,2023-03-31,2,326002000000,0.060,,,,,3419000000,0.295,4116000000,0.232,,2874000000,,226.49,,,,,,,,,,,,,,,,,,,,,,true,false,6,2022-04-01,2022-09-30,-1
2023-10-31,2692,2024-03-31,2,680000000000,0.058,,,,,7000000000,-0.068,8000000000,-0.105,,5500000000,,433.51,,,,,,,,,,,,,,,,,,,,,,true,true,12,2023-04-01,2024-03-31,0
2023-10-31,2692,2023-03-31,2,,,,,,,,,,,,,,,,,,,,246617000000,99781000000,0.405,,99761000000,,,,,,,,,,,,true,false,12,2022-04-01,2023-03-31,-1
2023-10-31,2692,2023-03-31,2,,,,,,,,,,,,,,,,,,,,,,,,,,,,,80.00,,,,12720000,32867,,false,false,12,2022-04-01,2023-03-31,-1
2023-10-31,2692,2024-03-31,2,,,,,,,,,,,,,,,,,,,,,,,,,,,,,50.00,,,,,,,false,false,12,2023-04-01,2024-03-31,0
2023-10-31,2692,2024-03-31,2,,,,,,,,,,,,,,,,,,,,,,,,,,,,,100.00,,,,,,,false,true,12,2023-04-01,2024-03-31,0
2023-10-31,2692,2024-03-31,2,,,,,,,,,,,,,,,,,,,,,,,,,,,,,,,,,12720000,32867,12687133,false,false,6,2023-04-01,2023-09-30,0
2023-10-31,2692,2023-03-31,2,,,,,,,,,,,,,,,,,,,,,,,,,,,,,,,,,,,12687153,false,false,6,2022-04-01,2022-09-30,-1
2024-02-01,2692,2024-03-31,3,523562000000,0.043,,,,,8200000000,0.122,9516000000,0.123,,6690000000,,527.31,,,,,,316601000000,106902000000,0.338,,106881000000,,,,,,,,,,,,true,false,9,2023-04-01,2023-12-31,0
2024-02-01,2692,2023-03-31,3,501790000000,0.051,,,,,7310000000,0.279,8473000000,0.231,,5917000000,,466.36,,,,,,,,,,,,,,,,,,,,,,true,false,9,2022-04-01,2022-12-31,-1
2024-02-01,2692,2024-03-31,3,680000000000,0.058,,,,,7500000000,-0.001,9000000000,0.006,,6000000000,,472.92,,,,,,,,,,,,,,,,,,,,,,true,true,12,2023-04-01,2024-03-31,0
2024-02-01,2692,2023-03-31,3,,,,,,,,,,,,,,,,,,,,246617000000,99781000000,0.405,,99761000000,,,,,,,,,,,,true,false,12,2022-04-01,2023-03-31,-1
2024-02-01,2692,2023-03-31,3,,,,,,,,,,,,,,,,,,,,,,,,,,,,,80.00,,,,12720000,32867,,false,false,12,2022-04-01,2023-03-31,-1
2024-02-01,2692,2024-03-31,3,,,,,,,,,,,,,,,,,,,,,,,,,,,,,50.00,,,,,,,false,false,12,2023-04-01,2024-03-31,0
2024-02-01,2692,2024-03-31,3,,,,,,,,,,,,,,,,,,,,,,,,,,,,,110.00,,,,,,,false,true,12,2023-04-01,2024-03-31,0
2024-02-01,2692,2024-03-31,3,,,,,,,,,,,,,,,,,,,,,,,,,,,,,,,,,12720000,33049,12687095,false,false,9,2023-04-01,2023-12-31,0
2024-02-01,2692,2023-03-31,3,,,,,,,,,,,,,,,,,,,,,,,,,,,,,,,,,,,12687153,false,false,9,2022-04-01,2022-12-31,-1
2024-04-30,2692,2024-03-31,,672451000000,0.046,,,,,7660000000,0.020,9220000000,0.031,,6598000000,,520.09,,0.063,0.035,0.011,,274496000000,109268000000,0.398,8611.03,109248000000,10531000000,-1657000000,-1723000000,17915000000,,0.212,,,,,,true,false,12,2023-04-01,2024-03-31,0
2024-04-30,2692,2023-03-31,,642953000000,0.049,,,,,7507000000,0.275,8943000000,0.229,,4843000000,,381.69,,0.050,0.037,0.012,,246617000000,99781000000,0.405,7863.14,99761000000,7679000000,-2424000000,-2157000000,10765000000,,0.210,,,,,,true,false,12,2022-04-01,2023-03-31,-1
2024-04-30,2692,2025-03-31,,370000000000,0.092,,,,,5500000000,0.275,6000000000,0.188,,4000000000,,315.28,,,,,,,,,,,,,,,,,,,,,,true,true,6,2024-04-01,2024-09-30,1
2024-04-30,2692,2025-03-31,,700000000000,0.041,,,,,9000000000,0.175,10000000000,0.085,,7000000000,,551.75,,,,,,,,,,,,,,,,0.217,,,,,,true,true,12,2024-04-01,2025-03-31,1
2024-04-30,2692,2023-03-31,,,,,,,,,,,,,,,,,,,,,,,,,,,,,,80.00,,,,12720000,32867,12687150,false,false,12,2022-04-01,2023-03-31,-1
2024-04-30,2692,2024-03-31,,,,,,,,,,,,,,,,,,,,,,,,,,,,,,110.00,,,,12720000,33049,12687059,false,false,12,2023-04-01,2024-03-31,0
2024-04-30,2692,2025-03-31,,,,,,,,,,,,,,,,,,,,,,,,,,,,,,120.00,,,,,,,false,true,12,2024-04-01,2025-03-31,1
2024-07-31,2692,2025-03-31,1,169578000000,0.045,,,,,2498000000,0.165,3143000000,0.150,,2123000000,,167.31,,,,,,295538000000,110766000000,0.375,,110747000000,,,,,,,,,,,,true,false,3,2024-04-01,2024-06-30,0
2024-07-31,2692,2024-03-31,1,162228000000,0.043,,,,,2144000000,0.571,2734000000,0.448,,1955000000,,154.08,,,,,,,,,,,,,,,,,,,,,,true,false,3,2023-04-01,2023-06-30,-1
2024-07-31,2692,2025-03-31,1,370000000000,0.092,,,,,5500000000,0.275,6000000000,0.188,,4000000000,,315.28,,,,,,,,,,,,,,,,,,,,,,true,true,6,2024-04-01,2024-09-30,0
2024-07-31,2692,2025-03-31,1,700000000000,0.041,,,,,9000000000,0.175,10000000000,0.085,,7000000000,,551.75,,,,,,,,,,,,,,,,,,,,,,true,true,12,2024-04-01,2025-03-31,0
2024-07-31,2692,2024-03-31,1,,,,,,,,,,,,,,,,,,,,274496000000,109268000000,0.398,,109248000000,,,,,,,,,,,,true,false,12,2023-04-01,2024-03-31,-1
2024-07-31,2692,2024-03-31,1,,,,,,,,,,,,,,,,,,,,,,,,,,,,,110.00,,,,12720000,33049,,false,false,12,2023-04-01,2024-03-31,-1
2024-07-31,2692,2025-03-31,1,,,,,,,,,,,,,,,,,,,,,,,,,,,,,120.00,,,,,,,false,true,12,2024-04-01,2025-03-31,0
2024-07-31,2692,2025-03-31,1,,,,,,,,,,,,,,,,,,,,,,,,,,,,,,,,,12720000,33049,12686951,false,false,3,2024-04-01,2024-06-30,0
2024-07-31,2692,2024-03-31,1,,,,,,,,,,,,,,,,,,,,,,,,,,,,,,,,,,,12687133,false,false,3,2023-04-01,2023-06-30,-1
2024-10-31,2692,2025-03-31,2,352385000000,0.040,,,,,4969000000,0.152,7028000000,0.392,,5157000000,,406.50,,,,,,267368000000,113660000000,0.425,,113640000000,,,,,,,,,,,,true,false,6,2024-04-01,2024-09-30,0
2024-10-31,2692,2024-03-31,2,338881000000,0.040,,,,,4315000000,0.262,5048000000,0.226,,3533000000,,278.50,,,,,,,,,,,,,,,,,,,,,,true,false,6,2023-04-01,2023-09-30,-1
2024-10-31,2692,2025-03-31,2,700000000000,0.041,,,,,9000000000,0.175,10000000000,0.085,,7000000000,,551.75,,,,,,,,,,,,,,,,,,,,,,true,true,12,2024-04-01,2025-03-31,0
2024-10-31,2692,2024-03-31,2,,,,,,,,,,,,,,,,,,,,274496000000,109268000000,0.398,,109248000000,,,,,,,,,,,,true,false,12,2023-04-01,2024-03-31,-1
2024-10-31,2692,2024-03-31,2,,,,,,,,,,,,,,,,,,,,,,,,,,,,,110.00,,,,12720000,33049,,false,false,12,2023-04-01,2024-03-31,-1
2024-10-31,2692,2025-03-31,2,,,,,,,,,,,,,,,,,,,,,,,,,,,,,60.00,,,,,,,false,false,12,2024-04-01,2025-03-31,0
2024-10-31,2692,2025-03-31,2,,,,,,,,,,,,,,,,,,,,,,,,,,,,,120.00,,,,,,,false,true,12,2024-04-01,2025-03-31,0
2024-10-31,2692,2025-03-31,2,,,,,,,,,,,,,,,,,,,,,,,,,,,,,,,,,12720000,33090,12686948,false,false,6,2024-04-01,2024-09-30,0
2024-10-31,2692,2024-03-31,2,,,,,,,,,,,,,,,,,,,,,,,,,,,,,,,,,,,12687133,false,false,6,2023-04-01,2023-09-30,-1
2025-01-31,2692,2025-03-31,3,543229000000,0.038,,,,,9194000000,0.121,11876000000,0.248,,8507000000,,670.52,,,,,,334624000000,117349000000,0.351,,117329000000,,,,,,,,,,,,true,false,9,2024-04-01,2024-12-31,0
2025-01-31,2692,2024-03-31,3,523562000000,0.043,,,,,8200000000,0.122,9516000000,0.123,,6690000000,,527.31,,,,,,,,,,,,,,,,,,,,,,true,false,9,2023-04-01,2023-12-31,-1
2025-01-31,2692,2025-03-31,3,700000000000,0.041,,,,,9000000000,0.175,10000000000,0.085,,7000000000,,551.75,,,,,,,,,,,,,,,,,,,,,,true,true,12,2024-04-01,2025-03-31,0
2025-01-31,2692,2024-03-31,3,,,,,,,,,,,,,,,,,,,,274496000000,109268000000,0.398,,109248000000,,,,,,,,,,,,true,false,12,2023-04-01,2024-03-31,-1
2025-01-31,2692,2024-03-31,3,,,,,,,,,,,,,,,,,,,,,,,,,,,,,110.00,,,,12720000,33049,,false,false,12,2023-04-01,2024-03-31,-1
2025-01-31,2692,2025-03-31,3,,,,,,,,,,,,,,,,,,,,,,,,,,,,,60.00,,,,,,,false,false,12,2024-04-01,2025-03-31,0
2025-01-31,2692,2025-03-31,3,,,,,,,,,,,,,,,,,,,,,,,,,,,,,120.00,,,,,,,false,true,12,2024-04-01,2025-03-31,0
2025-01-31,2692,2025-03-31,3,,,,,,,,,,,,,,,,,,,,,,,,,,,,,,,,,12720000,33091,12686935,false,false,9,2024-04-01,2024-12-31,0
2025-01-31,2692,2024-03-31,3,,,,,,,,,,,,,,,,,,,,,,,,,,,,,,,,,,,12687095,false,false,9,2023-04-01,2023-12-31,-1
2025-02-28,26920,2025-03-31,,700000000000,0.000,,,,,8500000000,-0.056,11200000000,0.120,8200000000,,0.171,646.33,,,,,,,,,,,,,,,,,,,,,,true,true,12,2024-04-01,2025-03-31,0
2025-02-28,26920,2024-03-31,,672451000000,,,,,,7660000000,,9220000000,,6598000000,,,520.09,,,,,,,,,,,,,,,,,,,,,,true,false,12,2023-04-01,2024-03-31,-1
2025-02-28,26920,2025-03-31,,,,,,,,,,,,,,,,,,,,,,,,,,,,,,140.00,,,,,,,false,true,12,2024-04-01,2025-03-31,0
2025-02-28,26920,2025-03-31,,,,,,,,,,,,,,,,,,,,,,,,,,,,,,60.00,,,,,,,false,false,12,2024-04-01,2025-03-31,0
2025-02-28,26920,2024-03-31,,,,,,,,,,,,,,,,,,,,,,,,,,,,,,110.00,,,,,,,false,false,12,2023-04-01,2024-03-31,-1
2025-04-30,2692,2025-03-31,,699369000000,0.040,,,,,8505000000,0.110,11283000000,0.224,,8204000000,,646.67,,0.073,0.041,0.012,,271551000000,115592000000,0.426,9109.50,115571000000,-3920000000,693000000,-2041000000,12646000000,,0.216,,,,,,true,false,12,2024-04-01,2025-03-31,0
2025-04-30,2692,2024-03-31,,672451000000,0.046,,,,,7660000000,0.020,9220000000,0.031,,6598000000,,520.09,,0.063,0.035,0.011,,274496000000,109268000000,0.398,8611.03,109248000000,10531000000,-1657000000,-1723000000,17915000000,,0.212,,,,,,true,false,12,2023-04-01,2024-03-31,-1
2025-04-30,2692,2026-03-31,,350000000000,-0.007,,,,,4700000000,-0.054,5500000000,-0.217,,4200000000,,331.05,,,,,,,,,,,,,,,,,,,,,,true,true,6,2025-04-01,2025-09-30,1
2025-04-30,2692,2026-03-31,,720000000000,0.029,,,,,9700000000,0.140,11400000000,0.010,,8300000000,,654.22,,,,,,,,,,,,,,,,0.245,,,,,,true,true,12,2025-04-01,2026-03-31,1
2025-04-30,2692,2025-03-31,,691818000000,0.041,,,,,7981000000,0.118,11694000000,0.343,8818000000,,0.404,695.03,,,,,,268907000000,114079000000,0.424,8991.84,114079000000,,,,,140.00,,,,12720000,33091,12686929,false,false,12,2024-04-01,2025-03-31,0
2025-04-30,2692,2024-03-31,,664408000000,0.046,,,,,7140000000,0.024,8707000000,-0.157,6282000000,,-0.025,495.13,,,,,,270666000000,106907000000,0.395,8426.55,106907000000,,,,,110.00,,,,12720000,33049,12687059,false,false,12,2023-04-01,2024-03-31,-1
2025-04-30,2692,2026-03-31,,,,,,,,,,,,,,,,,,,,,,,,,,,,,,160.00,,,,,,,false,true,12,2025-04-01,2026-03-31,1
2025-04-30,2692,2025-03-31,,699369000000,0.040,,,,,8505000000,0.110,11283000000,0.224,,8204000000,,646.67,,0.073,0.041,0.012,,271551000000,115592000000,0.426,9109.50,115571000000,-3730000000,503000000,-2041000000,12646000000,,0.216,,,,,,true,false,12,2024-04-01,2025-03-31,0
2025-04-30,2692,2024-03-31,,672451000000,0.046,,,,,7660000000,0.020,9220000000,0.031,,6598000000,,520.09,,0.063,0.035,0.011,,274496000000,109268000000,0.398,8611.03,109248000000,10531000000,-1657000000,-1723000000,17915000000,,0.212,,,,,,true,false,12,2023-04-01,2024-03-31,-1
2025-04-30,2692,2026-03-31,,350000000000,-0.007,,,,,4700000000,-0.054,5500000000,-0.217,,4200000000,,331.05,,,,,,,,,,,,,,,,,,,,,,true,true,6,2025-04-01,2025-09-30,1
2025-04-30,2692,2026-03-31,,720000000000,0.029,,,,,9700000000,0.140,11400000000,0.010,,8300000000,,654.22,,,,,,,,,,,,,,,,0.245,,,,,,true,true,12,2025-04-01,2026-03-31,1
2025-04-30,2692,2025-03-31,,691818000000,0.041,,,,,7981000000,0.118,11694000000,0.343,8818000000,,0.404,695.03,,,,,,268907000000,114079000000,0.424,8991.84,114079000000,,,,,140.00,,,,12720000,33091,12686929,false,false,12,2024-04-01,2025-03-31,0
2025-04-30,2692,2024-03-31,,664408000000,0.046,,,,,7140000000,0.024,8707000000,-0.157,6282000000,,-0.025,495.13,,,,,,270666000000,106907000000,0.395,8426.55,106907000000,,,,,110.00,,,,12720000,33049,12687059,false,false,12,2023-04-01,2024-03-31,-1
2025-04-30,2692,2026-03-31,,,,,,,,,,,,,,,,,,,,,,,,,,,,,,160.00,,,,,,,false,true,12,2025-04-01,2026-03-31,1
2025-07-31,2692,2026-03-31,1,175052000000,0.032,,,,,2713000000,0.086,3434000000,0.093,,2664000000,,210.00,,,,,,283834000000,118625000000,0.418,,118604000000,,,,,,,,,,,,true,false,3,2025-04-01,2025-06-30,0
2025-07-31,2692,2025-03-31,1,169578000000,0.045,,,,,2498000000,0.165,3143000000,0.150,,2123000000,,167.31,,,,,,,,,,,,,,,,,,,,,,true,false,3,2024-04-01,2024-06-30,-1
2025-07-31,2692,2026-03-31,1,350000000000,-0.007,,,,,4700000000,-0.054,5500000000,-0.217,,4200000000,,331.05,,,,,,,,,,,,,,,,,,,,,,true,true,6,2025-04-01,2025-09-30,0
2025-07-31,2692,2026-03-31,1,720000000000,0.029,,,,,9700000000,0.140,11400000000,0.010,,8300000000,,654.22,,,,,,,,,,,,,,,,,,,,,,true,true,12,2025-04-01,2026-03-31,0
2025-07-31,2692,2025-03-31,1,,,,,,,,,,,,,,,,,,,,271551000000,115592000000,0.426,,115571000000,,,,,,,,,,,,true,false,12,2024-04-01,2025-03-31,-1
2025-07-31,2692,2025-03-31,1,,,,,,,,,,,,,,,,,,,,,,,,,,,,,140.00,,,,12720000,33091,,false,false,12,2024-04-01,2025-03-31,-1
2025-07-31,2692,2026-03-31,1,,,,,,,,,,,,,,,,,,,,,,,,,,,,,160.00,,,,,,,false,true,12,2025-04-01,2026-03-31,0
2025-07-31,2692,2026-03-31,1,,,,,,,,,,,,,,,,,,,,,,,,,,,,,,,,,12720000,33091,12686909,false,false,3,2025-04-01,2025-06-30,0
2025-07-31,2692,2025-03-31,1,,,,,,,,,,,,,,,,,,,,,,,,,,,,,,,,,,,12686951,false,false,3,2024-04-01,2024-06-30,-1
