filing_date,code,fiscal_year_end,quarterly_period,net_sales,net_sales_change,revenue,revenue_change,operating_revenue,operating_revenue_change,operating_profit,operating_profit_change,ordinary_profit,ordinary_profit_change,net_income,net_income_of_parent,net_income_change,eps,diluted_eps,roe,roa,operating_profit_to_net_sales,operating_profit_to_revenue,total_assets,net_assets,equity_ratio,bps,owner_equity,operating_cash_flow,investing_cash_flow,financing_cash_flow,cash,dividend_per_share,payout_ratio,commemorative_dividend,extra_dividend,number_of_shares,number_of_treqsury_shares,avg_number_of_shares,is_consolidated,is_forecast,duration,period_start,period_end,period_pos
2015-07-29,27370,2016-03-31,1,51535000000,0.219,,,,,943000000,0.407,736000000,-0.014,469000000,,0.098,68.96,65.56,,,,,81696000000,24925000000,0.304,3653.62,24850000000,,,,,,,,,,,,true,false,3,2015-04-01,2015-06-30,0
2015-07-29,27370,2015-03-31,1,42269000000,0.058,,,,,670000000,-0.249,747000000,0.175,427000000,,0.105,62.80,57.90,,,,,,,,,,,,,,,,,,,,,true,false,3,2014-04-01,2014-06-30,-1
2015-07-29,27370,2016-03-31,1,174000000000,0.012,,,,,2000000000,-0.179,1600000000,-0.048,1100000000,,0.042,161.73,,,,,,,,,,,,,,,,,,,,,,true,true,12,2015-04-01,2016-03-31,0
2015-07-29,27370,2015-03-31,1,,,,,,,,,,,,,,,,,,,,54603000000,24637000000,0.450,3612.04,24567000000,,,,,,,,,,,,true,false,12,2014-04-01,2015-03-31,-1
2015-07-29,27370,2015-03-31,1,,,,,,,,,,,,,,,,,,,,,,,,,,,,,40.00,,,,6802000,438,,false,false,12,2014-04-01,2015-03-31,-1
2015-07-29,27370,2016-03-31,1,,,,,,,,,,,,,,,,,,,,,,,,,,,,,40.00,,,,,,,false,true,12,2015-04-01,2016-03-31,0
2015-07-29,27370,2016-03-31,1,,,,,,,,,,,,,,,,,,,,,,,,,,,,,,,,,6802000,438,6801562,false,false,3,2015-04-01,2015-06-30,0
2015-07-29,27370,2015-03-31,1,,,,,,,,,,,,,,,,,,,,,,,,,,,,,,,,,,,6801599,false,false,3,2014-04-01,2014-06-30,-1
2015-10-28,27370,2016-03-31,2,102383000000,0.213,,,,,1343000000,0.097,1152000000,0.083,777000000,,0.147,114.29,103.74,,,,,67376000000,25215000000,0.373,3695.60,25135000000,,,,,,,,,,,,true,false,6,2015-04-01,2015-09-30,0
2015-10-28,27370,2015-03-31,2,84374000000,0.064,,,,,1224000000,-0.230,1064000000,-0.179,677000000,,-0.036,99.68,86.60,,,,,,,,,,,,,,,,,,,,,true,false,6,2014-04-01,2014-09-30,-1
2015-10-28,27370,2016-03-31,2,174000000000,0.012,,,,,2000000000,-0.179,1600000000,-0.048,1100000000,,0.042,161.73,,,,,,,,,,,,,,,,,,,,,,true,true,12,2015-04-01,2016-03-31,0
2015-10-28,27370,2015-03-31,2,,,,,,,,,,,,,,,,,,,,54603000000,24637000000,0.450,3612.04,24567000000,,,,,,,,,,,,true,false,12,2014-04-01,2015-03-31,-1
2015-10-28,27370,2015-03-31,2,,,,,,,,,,,,,,,,,,,,,,,,,,,,,40.00,,,,6802000,438,,false,false,12,2014-04-01,2015-03-31,-1
2015-10-28,27370,2016-03-31,2,,,,,,,,,,,,,,,,,,,,,,,,,,,,,0.00,,,,,,,false,false,12,2015-04-01,2016-03-31,0
2015-10-28,27370,2016-03-31,2,,,,,,,,,,,,,,,,,,,,,,,,,,,,,40.00,,,,,,,false,true,12,2015-04-01,2016-03-31,0
2015-10-28,27370,2016-03-31,2,,,,,,,,,,,,,,,,,,,,,,,,,,,,,,,,,6802000,438,6801562,false,false,6,2015-04-01,2015-09-30,0
2015-10-28,27370,2015-03-31,2,,,,,,,,,,,,,,,,,,,,,,,,,,,,,,,,,,,6801599,false,false,6,2014-04-01,2014-09-30,-1
2016-01-28,27370,2016-03-31,3,150881000000,0.182,,,,,1748000000,-0.026,1481000000,0.239,995000000,,0.299,146.37,135.69,,,,,70448000000,25440000000,0.360,3728.61,25360000000,,,,,,,,,,,,true,false,9,2015-04-01,2015-12-31,0
2016-01-28,27370,2015-03-31,3,127664000000,0.017,,,,,1794000000,-0.161,1195000000,-0.267,766000000,,-0.134,112.71,99.37,,,,,,,,,,,,,,,,,,,,,true,false,9,2014-04-01,2014-12-31,-1
2016-01-28,27370,2016-03-31,3,174000000000,0.012,,,,,2000000000,-0.179,1600000000,-0.048,1100000000,,0.042,161.73,,,,,,,,,,,,,,,,,,,,,,true,true,12,2015-04-01,2016-03-31,0
2016-01-28,27370,2015-03-31,3,,,,,,,,,,,,,,,,,,,,54603000000,24637000000,0.450,3612.04,24567000000,,,,,,,,,,,,true,false,12,2014-04-01,2015-03-31,-1
2016-01-28,27370,2015-03-31,3,,,,,,,,,,,,,,,,,,,,,,,,,,,,,40.00,,,,6802000,438,,false,false,12,2014-04-01,2015-03-31,-1
2016-01-28,27370,2016-03-31,3,,,,,,,,,,,,,,,,,,,,,,,,,,,,,0.00,,,,,,,false,false,12,2015-04-01,2016-03-31,0
2016-01-28,27370,2016-03-31,3,,,,,,,,,,,,,,,,,,,,,,,,,,,,,40.00,,,,,,,false,true,12,2015-04-01,2016-03-31,0
2016-01-28,27370,2016-03-31,3,,,,,,,,,,,,,,,,,,,,,,,,,,,,,,,,,6802000,438,6801562,false,false,9,2015-04-01,2015-12-31,0
2016-01-28,27370,2015-03-31,3,,,,,,,,,,,,,,,,,,,,,,,,,,,,,,,,,,,6801599,false,false,9,2014-04-01,2014-12-31,-1
2016-04-26,27370,2016-03-31,,189372000000,0.102,,,,,1907000000,-0.217,1779000000,0.059,,1177000000,,173.14,156.99,0.047,0.031,0.010,,56656000000,25485000000,0.448,3735.11,25404000000,11012000000,24000000,-7328000000,5280000000,,0.289,,,,,,true,false,12,2015-04-01,2016-03-31,0
2016-04-26,27370,2015-03-31,,171882000000,-0.016,,,,,2435000000,0.030,1681000000,-0.100,,1056000000,,155.33,143.66,0.044,0.031,0.014,,54603000000,24637000000,0.450,3612.04,24567000000,1121000000,-60000000,-711000000,1601000000,,0.258,,,,,,true,false,12,2014-04-01,2015-03-31,-1
2016-04-26,27370,2017-03-31,,170000000000,-0.102,,,,,1800000000,-0.056,1400000000,-0.213,,1000000000,,147.03,,,,,,,,,,,,,,,,0.340,,,,,,true,true,12,2016-04-01,2017-03-31,1
2016-04-26,27370,2016-03-31,,97797000000,-0.059,,,,,1299000000,-0.305,1676000000,0.147,1173000000,,0.276,172.47,,,,,,45141000000,24285000000,0.538,3570.51,24285000000,,,,,50.00,,,,6802000,438,6801562,false,false,12,2015-04-01,2016-03-31,0
2016-04-26,27370,2015-03-31,,103881000000,-0.000,,,,,1871000000,-0.089,1461000000,-0.106,919000000,,0.006,135.21,,,,,,38165000000,23302000000,0.611,3425.99,23302000000,,,,,40.00,,,,6802000,438,6801597,false,false,12,2014-04-01,2015-03-31,-1
2016-04-26,27370,2017-03-31,,,,,,,,,,,,,,,,,,,,,,,,,,,,,,50.00,,,,,,,false,true,12,2016-04-01,2017-03-31,1
2016-07-27,27370,2017-03-31,1,36065000000,-0.300,,,,,337000000,-0.643,835000000,0.134,,578000000,,85.07,81.00,,,,,64438000000,25705000000,0.398,3768.97,25634000000,,,,,,,,,,,,true,false,3,2016-04-01,2016-06-30,0
2016-07-27,27370,2016-03-31,1,51535000000,0.219,,,,,943000000,0.407,736000000,-0.014,,469000000,,68.96,65.56,,,,,,,,,,,,,,,,,,,,,true,false,3,2015-04-01,2015-06-30,-1
2016-07-27,27370,2017-03-31,1,170000000000,-0.102,,,,,1800000000,-0.056,1400000000,-0.213,,1000000000,,147.03,,,,,,,,,,,,,,,,,,,,,,true,true,12,2016-04-01,2017-03-31,0
2016-07-27,27370,2016-03-31,1,,,,,,,,,,,,,,,,,,,,56656000000,25485000000,0.448,3735.11,25404000000,,,,,,,,,,,,true,false,12,2015-04-01,2016-03-31,-1
2016-07-27,27370,2016-03-31,1,,,,,,,,,,,,,,,,,,,,,,,,,,,,,50.00,,,,6802000,438,,false,false,12,2015-04-01,2016-03-31,-1
2016-07-27,27370,2017-03-31,1,,,,,,,,,,,,,,,,,,,,,,,,,,,,,50.00,,,,,,,false,true,12,2016-04-01,2017-03-31,0
2016-07-27,27370,2017-03-31,1,,,,,,,,,,,,,,,,,,,,,,,,,,,,,,,,,6802000,510,6801534,false,false,3,2016-04-01,2016-06-30,0
2016-07-27,27370,2016-03-31,1,,,,,,,,,,,,,,,,,,,,,,,,,,,,,,,,,,,6801562,false,false,3,2015-04-01,2015-06-30,-1
2016-10-28,27370,2017-03-31,2,77192000000,-0.246,,,,,312000000,-0.767,1023000000,-0.112,,735000000,,108.21,96.69,,,,,65568000000,25652000000,0.390,3759.51,25570000000,,,,,,,,,,,,true,false,6,2016-04-01,2016-09-30,0
2016-10-28,27370,2016-03-31,2,102383000000,0.213,,,,,1343000000,0.097,1152000000,0.083,,777000000,,114.29,103.74,,,,,,,,,,,,,,,,,,,,,true,false,6,2015-04-01,2015-09-30,-1
2016-10-28,27370,2017-03-31,2,145000000000,-0.234,,,,,1100000000,-0.423,1400000000,-0.213,,1000000000,,147.03,,,,,,,,,,,,,,,,,,,,,,true,true,12,2016-04-01,2017-03-31,0
2016-10-28,27370,2016-03-31,2,,,,,,,,,,,,,,,,,,,,56656000000,25485000000,0.448,3735.11,25404000000,,,,,,,,,,,,true,false,12,2015-04-01,2016-03-31,-1
2016-10-28,27370,2016-03-31,2,,,,,,,,,,,,,,,,,,,,,,,,,,,,,50.00,,,,6802000,438,,false,false,12,2015-04-01,2016-03-31,-1
2016-10-28,27370,2017-03-31,2,,,,,,,,,,,,,,,,,,,,,,,,,,,,,0.00,,,,,,,false,false,12,2016-04-01,2017-03-31,0
2016-10-28,27370,2017-03-31,2,,,,,,,,,,,,,,,,,,,,,,,,,,,,,50.00,,,,,,,false,true,12,2016-04-01,2017-03-31,0
2016-10-28,27370,2017-03-31,2,,,,,,,,,,,,,,,,,,,,,,,,,,,,,,,,,6802000,510,6801512,false,false,6,2016-04-01,2016-09-30,0
2016-10-28,27370,2016-03-31,2,,,,,,,,,,,,,,,,,,,,,,,,,,,,,,,,,,,6801562,false,false,6,2015-04-01,2015-09-30,-1
2016-10-28,27370,2017-03-31,,145000000000,-0.147,,,,,1100000000,-0.389,1400000000,,,1000000000,,147.03,,,,,,,,,,,,,,,,,,,,,,true,true,12,2016-04-01,2017-03-31,0
2016-10-28,27370,2016-03-31,,189372000000,,,,,,1907000000,,1779000000,,,1177000000,,173.14,,,,,,,,,,,,,,,,,,,,,,true,false,12,2015-04-01,2016-03-31,-1
2017-01-26,27370,2017-03-31,3,114048000000,-0.244,,,,,1027000000,-0.412,1481000000,0.000,,1108000000,,163.03,135.24,,,,,72239000000,26400000000,0.364,3865.03,26287000000,,,,,,,,,,,,true,false,9,2016-04-01,2016-12-31,0
2017-01-26,27370,2016-03-31,3,150881000000,0.182,,,,,1748000000,-0.026,1481000000,0.239,,995000000,,146.37,135.69,,,,,,,,,,,,,,,,,,,,,true,false,9,2015-04-01,2015-12-31,-1
2017-01-26,27370,2017-03-31,3,145000000000,-0.234,,,,,1100000000,-0.423,1400000000,-0.213,,1000000000,,147.03,,,,,,,,,,,,,,,,,,,,,,true,true,12,2016-04-01,2017-03-31,0
2017-01-26,27370,2016-03-31,3,,,,,,,,,,,,,,,,,,,,56656000000,25485000000,0.448,3735.11,25404000000,,,,,,,,,,,,true,false,12,2015-04-01,2016-03-31,-1
2017-01-26,27370,2016-03-31,3,,,,,,,,,,,,,,,,,,,,,,,,,,,,,50.00,,,,6802000,438,,false,false,12,2015-04-01,2016-03-31,-1
2017-01-26,27370,2017-03-31,3,,,,,,,,,,,,,,,,,,,,,,,,,,,,,0.00,,,,,,,false,false,12,2016-04-01,2017-03-31,0
2017-01-26,27370,2017-03-31,3,,,,,,,,,,,,,,,,,,,,,,,,,,,,,50.00,,,,,,,false,true,12,2016-04-01,2017-03-31,0
2017-01-26,27370,2017-03-31,3,,,,,,,,,,,,,,,,,,,,,,,,,,,,,,,,,6802000,510,6801505,false,false,9,2016-04-01,2016-12-31,0
2017-01-26,27370,2016-03-31,3,,,,,,,,,,,,,,,,,,,,,,,,,,,,,,,,,,,6801562,false,false,9,2015-04-01,2015-12-31,-1
2017-04-26,27370,2017-03-31,,156677000000,-0.173,,,,,1252000000,-0.343,1690000000,-0.050,,1230000000,,180.86,158.88,0.048,0.024,0.008,,70519000000,26448000000,0.374,3873.53,,9586000000,-37000000,3024000000,17860000000,,0.332,,,,,,true,false,12,2016-04-01,2017-03-31,0
2017-04-26,27370,2016-03-31,,189372000000,0.102,,,,,1907000000,-0.217,1779000000,0.059,,1177000000,,173.14,156.99,0.047,0.031,0.010,,56656000000,25485000000,0.448,3735.11,25404000000,11012000000,24000000,-7328000000,5280000000,,0.289,,,,,,true,false,12,2015-04-01,2016-03-31,-1
2017-04-26,27370,2018-03-31,,160000000000,0.021,,,,,1850000000,0.477,1700000000,0.006,,1250000000,,183.78,,,,,,,,,,,,,,,,0.326,,,,,,true,true,12,2017-04-01,2018-03-31,1
2017-04-26,27370,2017-03-31,,85504000000,-0.126,,,,,425000000,-0.672,981000000,-0.414,658000000,,-0.439,96.80,,,,,,54655000000,24641000000,0.451,3622.94,24641000000,,,,,60.00,,,,6802000,538,6801498,false,false,12,2016-04-01,2017-03-31,0
2017-04-26,27370,2016-03-31,,97797000000,-0.059,,,,,1299000000,-0.305,1676000000,0.147,1173000000,,0.276,172.47,,,,,,45141000000,24285000000,0.538,3570.51,24285000000,,,,,50.00,,,,6802000,438,6801562,false,false,12,2015-04-01,2016-03-31,-1
2017-04-26,27370,2018-03-31,,,,,,,,,,,,,,,,,,,,,,,,,,,,,,60.00,,,,,,,false,true,12,2017-04-01,2018-03-31,1
2017-07-28,27370,2018-03-31,1,52892000000,0.467,,,,,883000000,1.620,839000000,0.005,,591000000,,86.92,77.49,,,,,83982000000,26751000000,0.317,3916.80,26639000000,,,,,,,,,,,,true,false,3,2017-04-01,2017-06-30,0
2017-07-28,27370,2017-03-31,1,36065000000,-0.300,,,,,337000000,-0.643,835000000,0.134,,578000000,,85.07,81.00,,,,,,,,,,,,,,,,,,,,,true,false,3,2016-04-01,2016-06-30,-1
2017-07-28,27370,2018-03-31,1,160000000000,0.021,,,,,1850000000,0.477,1700000000,0.006,,1250000000,,183.78,,,,,,,,,,,,,,,,,,,,,,true,true,12,2017-04-01,2018-03-31,0
2017-07-28,27370,2017-03-31,1,,,,,,,,,,,,,,,,,,,,70519000000,26448000000,0.374,3873.53,26345000000,,,,,,,,,,,,true,false,12,2016-04-01,2017-03-31,-1
2017-07-28,27370,2017-03-31,1,,,,,,,,,,,,,,,,,,,,,,,,,,,,,60.00,,,,6802000,538,,false,false,12,2016-04-01,2017-03-31,-1
2017-07-28,27370,2018-03-31,1,,,,,,,,,,,,,,,,,,,,,,,,,,,,,60.00,,,,,,,false,true,12,2017-04-01,2018-03-31,0
2017-07-28,27370,2018-03-31,1,,,,,,,,,,,,,,,,,,,,,,,,,,,,,,,,,6802000,538,6801462,false,false,3,2017-04-01,2017-06-30,0
2017-07-28,27370,2017-03-31,1,,,,,,,,,,,,,,,,,,,,,,,,,,,,,,,,,,,6801534,false,false,3,2016-04-01,2016-06-30,-1
2017-10-26,27370,2018-03-31,2,104886000000,0.359,,,,,1502000000,3.802,1307000000,0.278,,933000000,,137.26,120.96,,,,,74979000000,27109000000,0.360,3968.31,26990000000,,,,,,,,,,,,true,false,6,2017-04-01,2017-09-30,0
2017-10-26,27370,2017-03-31,2,77192000000,-0.246,,,,,312000000,-0.767,1023000000,-0.112,,735000000,,108.21,96.69,,,,,,,,,,,,,,,,,,,,,true,false,6,2016-04-01,2016-09-30,-1
2017-10-26,27370,2018-03-31,2,190000000000,0.213,,,,,2300000000,0.836,2000000000,0.183,,1500000000,,220.54,,,,,,,,,,,,,,,,,,,,,,true,true,12,2017-04-01,2018-03-31,0
2017-10-26,27370,2017-03-31,2,,,,,,,,,,,,,,,,,,,,70519000000,26448000000,0.374,3873.53,26345000000,,,,,,,,,,,,true,false,12,2016-04-01,2017-03-31,-1
2017-10-26,27370,2017-03-31,2,,,,,,,,,,,,,,,,,,,,,,,,,,,,,60.00,,,,6802000,538,,false,false,12,2016-04-01,2017-03-31,-1
2017-10-26,27370,2018-03-31,2,,,,,,,,,,,,,,,,,,,,,,,,,,,,,0.00,,,,,,,false,false,12,2017-04-01,2018-03-31,0
2017-10-26,27370,2018-03-31,2,,,,,,,,,,,,,,,,,,,,,,,,,,,,,70.00,,,,,,,false,true,12,2017-04-01,2018-03-31,0
2017-10-26,27370,2018-03-31,2,,,,,,,,,,,,,,,,,,,,,,,,,,,,,,,,,6802000,538,6801462,false,false,6,2017-04-01,2017-09-30,0
2017-10-26,27370,2017-03-31,2,,,,,,,,,,,,,,,,,,,,,,,,,,,,,,,,,,,6801512,false,false,6,2016-04-01,2016-09-30,-1
2017-10-26,27370,2018-03-31,,190000000000,0.188,,,,,2300000000,0.243,2000000000,0.176,,1500000000,,220.54,,,,,,,,,,,,,,,,,,,,,,true,true,12,2017-04-01,2018-03-31,0
2017-10-26,27370,2017-03-31,,156677000000,,,,,,1252000000,,1690000000,,,1230000000,,180.86,,,,,,,,,,,,,,,,,,,,,,true,false,12,2016-04-01,2017-03-31,-1
2017-10-26,27370,2018-03-31,,,,,,,,,,,,,,,,,,,,,,,,,,,,,,70.00,,,,,,,false,true,12,2017-04-01,2018-03-31,0
2017-10-26,27370,2018-03-31,,,,,,,,,,,,,,,,,,,,,,,,,,,,,,0.00,,,,,,,false,false,12,2017-04-01,2018-03-31,0
2017-10-26,27370,2017-03-31,,,,,,,,,,,,,,,,,,,,,,,,,,,,,,60.00,,,,,,,false,false,12,2016-04-01,2017-03-31,-1
2018-01-30,27370,2018-03-31,3,149416000000,0.310,,,,,2002000000,0.948,1672000000,0.129,,1215000000,,178.75,155.63,,,,,79491000000,27516000000,0.345,4027.10,27389000000,,,,,,,,,,,,true,false,9,2017-04-01,2017-12-31,0
2018-01-30,27370,2017-03-31,3,114048000000,-0.244,,,,,1027000000,-0.412,1481000000,0.000,,1108000000,,163.03,135.24,,,,,,,,,,,,,,,,,,,,,true,false,9,2016-04-01,2016-12-31,-1
2018-01-30,27370,2018-03-31,3,190000000000,0.213,,,,,2300000000,0.836,2000000000,0.183,,1500000000,,220.54,,,,,,,,,,,,,,,,,,,,,,true,true,12,2017-04-01,2018-03-31,0
2018-01-30,27370,2017-03-31,3,,,,,,,,,,,,,,,,,,,,70519000000,26448000000,0.374,3873.53,26345000000,,,,,,,,,,,,true,false,12,2016-04-01,2017-03-31,-1
2018-01-30,27370,2017-03-31,3,,,,,,,,,,,,,,,,,,,,,,,,,,,,,60.00,,,,6802000,538,,false,false,12,2016-04-01,2017-03-31,-1
2018-01-30,27370,2018-03-31,3,,,,,,,,,,,,,,,,,,,,,,,,,,,,,0.00,,,,,,,false,false,12,2017-04-01,2018-03-31,0
2018-01-30,27370,2018-03-31,3,,,,,,,,,,,,,,,,,,,,,,,,,,,,,70.00,,,,,,,false,true,12,2017-04-01,2018-03-31,0
2018-01-30,27370,2018-03-31,3,,,,,,,,,,,,,,,,,,,,,,,,,,,,,,,,,6802000,611,6801455,false,false,9,2017-04-01,2017-12-31,0
2018-01-30,27370,2017-03-31,3,,,,,,,,,,,,,,,,,,,,,,,,,,,,,,,,,,,6801505,false,false,9,2016-04-01,2016-12-31,-1
2018-04-27,27370,2018-03-31,,197569000000,0.261,,,,,2598000000,1.075,2428000000,0.437,,1741000000,,256.03,227.32,0.064,0.035,0.013,,67707000000,27876000000,0.410,4080.26,27751000000,-2229000000,-62000000,-6963000000,8429000000,,0.312,,,,,,true,false,12,2017-04-01,2018-03-31,0
2018-04-27,27370,2017-03-31,,156677000000,-0.173,,,,,1252000000,-0.343,1690000000,-0.050,,1230000000,,180.86,158.88,0.048,0.024,0.008,,70519000000,26448000000,0.374,3873.53,26345000000,9586000000,-37000000,3024000000,17860000000,,0.332,,,,,,true,false,12,2016-04-01,2017-03-31,-1
2018-04-27,27370,2019-03-31,,205000000000,0.038,,,,,2620000000,0.008,2470000000,0.017,,1760000000,,258.77,,,,,,,,,,,,,,,,0.309,,,,,,true,true,12,2018-04-01,2019-03-31,1
2018-04-27,27370,2018-03-31,,106750000000,0.248,,,,,1487000000,2.492,1490000000,0.518,989000000,,0.502,145.44,,,,,,58816000000,25442000000,0.433,3740.79,25442000000,,,,,80.00,,,,6802000,611,6801438,false,false,12,2017-04-01,2018-03-31,0
2018-04-27,27370,2017-03-31,,85504000000,-0.126,,,,,425000000,-0.672,981000000,-0.414,658000000,,-0.439,96.80,,,,,,54655000000,24641000000,0.451,3622.94,24641000000,,,,,60.00,,,,6802000,538,6801498,false,false,12,2016-04-01,2017-03-31,-1
2018-04-27,27370,2019-03-31,,,,,,,,,,,,,,,,,,,,,,,,,,,,,,80.00,,,,,,,false,true,12,2018-04-01,2019-03-31,1
2018-07-27,27370,2019-03-31,1,48763000000,-0.078,,,,,1256000000,0.423,990000000,0.180,,552000000,,81.19,71.65,,,,,87023000000,27963000000,0.320,4090.81,27823000000,,,,,,,,,,,,true,false,3,2018-04-01,2018-06-30,0
2018-07-27,27370,2018-03-31,1,52892000000,0.467,,,,,883000000,1.620,839000000,0.005,,591000000,,86.92,77.49,,,,,,,,,,,,,,,,,,,,,true,false,3,2017-04-01,2017-06-30,-1
2018-07-27,27370,2019-03-31,1,205000000000,0.038,,,,,2620000000,0.008,2470000000,0.017,,1760000000,,258.77,,,,,,,,,,,,,,,,,,,,,,true,true,12,2018-04-01,2019-03-31,0
2018-07-27,27370,2018-03-31,1,,,,,,,,,,,,,,,,,,,,67673000000,27876000000,0.410,4080.26,27751000000,,,,,,,,,,,,true,false,12,2017-04-01,2018-03-31,-1
2018-07-27,27370,2018-03-31,1,,,,,,,,,,,,,,,,,,,,,,,,,,,,,80.00,,,,6802000,611,,false,false,12,2017-04-01,2018-03-31,-1
2018-07-27,27370,2019-03-31,1,,,,,,,,,,,,,,,,,,,,,,,,,,,,,80.00,,,,,,,false,true,12,2018-04-01,2019-03-31,0
2018-07-27,27370,2019-03-31,1,,,,,,,,,,,,,,,,,,,,,,,,,,,,,,,,,6802000,611,6801389,false,false,3,2018-04-01,2018-06-30,0
2018-07-27,27370,2018-03-31,1,,,,,,,,,,,,,,,,,,,,,,,,,,,,,,,,,,,6801462,false,false,3,2017-04-01,2017-06-30,-1
2018-10-25,27370,2019-03-31,2,99493000000,-0.051,,,,,2186000000,0.455,1647000000,0.259,,1133000000,,166.72,149.69,,,,,85000000000,28633000000,0.335,4187.89,28483000000,,,,,,,,,,,,true,false,6,2018-04-01,2018-09-30,0
2018-10-25,27370,2018-03-31,2,104886000000,0.359,,,,,1502000000,3.802,1307000000,0.278,,933000000,,137.26,120.96,,,,,,,,,,,,,,,,,,,,,true,false,6,2017-04-01,2017-09-30,-1
2018-10-25,27370,2019-03-31,2,215000000000,0.088,,,,,3400000000,0.308,2600000000,0.070,,2000000000,,294.06,,,,,,,,,,,,,,,,,,,,,,true,true,12,2018-04-01,2019-03-31,0
2018-10-25,27370,2018-03-31,2,,,,,,,,,,,,,,,,,,,,67673000000,27876000000,0.410,4080.26,27751000000,,,,,,,,,,,,true,false,12,2017-04-01,2018-03-31,-1
2018-10-25,27370,2018-03-31,2,,,,,,,,,,,,,,,,,,,,,,,,,,,,,80.00,,,,6802000,611,,false,false,12,2017-04-01,2018-03-31,-1
2018-10-25,27370,2019-03-31,2,,,,,,,,,,,,,,,,,,,,,,,,,,,,,0.00,,,,,,,false,false,12,2018-04-01,2019-03-31,0
2018-10-25,27370,2019-03-31,2,,,,,,,,,,,,,,,,,,,,,,,,,,,,,90.00,,,,,,,false,true,12,2018-04-01,2019-03-31,0
2018-10-25,27370,2019-03-31,2,,,,,,,,,,,,,,,,,,,,,,,,,,,,,,,,,6802000,611,6801389,false,false,6,2018-04-01,2018-09-30,0
2018-10-25,27370,2018-03-31,2,,,,,,,,,,,,,,,,,,,,,,,,,,,,,,,,,,,6801462,false,false,6,2017-04-01,2017-09-30,-1
2019-01-30,27370,2019-03-31,3,148941000000,-0.003,,,,,2856000000,0.426,2067000000,0.236,,1438000000,,211.44,187.93,,,,,84539000000,28812000000,0.339,4213.77,28659000000,,,,,,,,,,,,true,false,9,2018-04-01,2018-12-31,0
2019-01-30,27370,2018-03-31,3,149416000000,0.310,,,,,2002000000,0.948,1672000000,0.129,,1215000000,,178.75,155.63,,,,,,,,,,,,,,,,,,,,,true,false,9,2017-04-01,2017-12-31,-1
2019-01-30,27370,2019-03-31,3,215000000000,0.088,,,,,3400000000,0.308,2600000000,0.070,,2000000000,,294.06,,,,,,,,,,,,,,,,,,,,,,true,true,12,2018-04-01,2019-03-31,0
2019-01-30,27370,2018-03-31,3,,,,,,,,,,,,,,,,,,,,67673000000,27876000000,0.410,4080.26,27751000000,,,,,,,,,,,,true,false,12,2017-04-01,2018-03-31,-1
2019-01-30,27370,2018-03-31,3,,,,,,,,,,,,,,,,,,,,,,,,,,,,,80.00,,,,6802000,611,,false,false,12,2017-04-01,2018-03-31,-1
2019-01-30,27370,2019-03-31,3,,,,,,,,,,,,,,,,,,,,,,,,,,,,,0.00,,,,,,,false,false,12,2018-04-01,2019-03-31,0
2019-01-30,27370,2019-03-31,3,,,,,,,,,,,,,,,,,,,,,,,,,,,,,90.00,,,,,,,false,true,12,2018-04-01,2019-03-31,0
2019-01-30,27370,2019-03-31,3,,,,,,,,,,,,,,,,,,,,,,,,,,,,,,,,,6802000,611,6801389,false,false,9,2018-04-01,2018-12-31,0
2019-01-30,27370,2018-03-31,3,,,,,,,,,,,,,,,,,,,,,,,,,,,,,,,,,,,6801455,false,false,9,2017-04-01,2017-12-31,-1
2019-04-26,27370,2019-03-31,,217632000000,0.102,,,,,3528000000,0.358,2639000000,0.087,,1902000000,,279.72,243.58,0.067,0.036,0.016,,79694000000,29278000000,0.365,4280.46,29113000000,-570000000,-229000000,-1055000000,6743000000,,0.322,,,,,,true,false,12,2018-04-01,2019-03-31,0
2019-04-26,27370,2018-03-31,,197569000000,0.261,,,,,2598000000,1.075,2428000000,0.437,,1741000000,,256.03,227.32,0.064,0.035,0.013,,67673000000,27876000000,0.410,4080.26,27751000000,-2229000000,-62000000,-6963000000,8429000000,,0.312,,,,,,true,false,12,2017-04-01,2018-03-31,-1
2019-04-26,27370,2020-03-31,,210000000000,-0.035,,,,,3000000000,-0.150,2650000000,0.004,,1910000000,,280.82,,,,,,,,,,,,,,,,0.320,,,,,,true,true,12,2019-04-01,2020-03-31,1
2019-04-26,27370,2019-03-31,,117261000000,0.098,,,,,1791000000,0.204,1527000000,0.025,1046000000,,0.058,153.85,,,,,,64467000000,25827000000,0.401,3797.35,25827000000,,,,,90.00,,,,6802000,611,6801389,false,false,12,2018-04-01,2019-03-31,0
2019-04-26,27370,2018-03-31,,106750000000,0.248,,,,,1487000000,2.492,1490000000,0.518,989000000,,0.502,145.44,,,,,,58783000000,25442000000,0.433,3740.79,25442000000,,,,,80.00,,,,6802000,611,6801438,false,false,12,2017-04-01,2018-03-31,-1
2019-04-26,27370,2020-03-31,,,,,,,,,,,,,,,,,,,,,,,,,,,,,,90.00,,,,,,,false,true,12,2019-04-01,2020-03-31,1
2019-07-31,27370,2020-03-31,1,56146000000,0.151,,,,,988000000,-0.214,927000000,-0.063,,677000000,,99.59,90.01,,,,,98454000000,29207000000,0.295,4269.46,29038000000,,,,,,,,,,,,true,false,3,2019-04-01,2019-06-30,0
2019-07-31,27370,2019-03-31,1,48763000000,-0.078,,,,,1256000000,0.423,990000000,0.180,,552000000,,81.19,71.65,,,,,,,,,,,,,,,,,,,,,true,false,3,2018-04-01,2018-06-30,-1
2019-07-31,27370,2020-03-31,1,210000000000,-0.035,,,,,3000000000,-0.150,2650000000,0.004,,1910000000,,280.82,,,,,,,,,,,,,,,,,,,,,,true,true,12,2019-04-01,2020-03-31,0
2019-07-31,27370,2019-03-31,1,,,,,,,,,,,,,,,,,,,,79694000000,29278000000,0.365,4280.46,29113000000,,,,,,,,,,,,true,false,12,2018-04-01,2019-03-31,-1
2019-07-31,27370,2019-03-31,1,,,,,,,,,,,,,,,,,,,,,,,,,,,,,90.00,,,,6802000,611,,false,false,12,2018-04-01,2019-03-31,-1
2019-07-31,27370,2020-03-31,1,,,,,,,,,,,,,,,,,,,,,,,,,,,,,90.00,,,,,,,false,true,12,2019-04-01,2020-03-31,0
2019-07-31,27370,2020-03-31,1,,,,,,,,,,,,,,,,,,,,,,,,,,,,,,,,,6802000,611,6801389,false,false,3,2019-04-01,2019-06-30,0
2019-07-31,27370,2019-03-31,1,,,,,,,,,,,,,,,,,,,,,,,,,,,,,,,,,,,6801389,false,false,3,2018-04-01,2018-06-30,-1
2019-10-30,27370,2020-03-31,2,125781000000,0.264,,,,,1878000000,-0.141,1867000000,0.134,,1376000000,,202.46,175.04,,,,,103252000000,29869000000,0.287,4364.14,29682000000,,,,,,,,,,,,true,false,6,2019-04-01,2019-09-30,0
2019-10-30,27370,2019-03-31,2,99493000000,-0.051,,,,,2186000000,0.455,1647000000,0.259,,1133000000,,166.72,149.69,,,,,,,,,,,,,,,,,,,,,true,false,6,2018-04-01,2018-09-30,-1
2019-10-30,27370,2020-03-31,2,240000000000,0.103,,,,,3370000000,-0.045,3350000000,0.269,,2400000000,,352.89,,,,,,,,,,,,,,,,,,,,,,true,true,12,2019-04-01,2020-03-31,0
2019-10-30,27370,2019-03-31,2,,,,,,,,,,,,,,,,,,,,79694000000,29278000000,0.365,4280.46,29113000000,,,,,,,,,,,,true,false,12,2018-04-01,2019-03-31,-1
2019-10-30,27370,2019-03-31,2,,,,,,,,,,,,,,,,,,,,,,,,,,,,,90.00,,,,6802000,611,,false,false,12,2018-04-01,2019-03-31,-1
2019-10-30,27370,2020-03-31,2,,,,,,,,,,,,,,,,,,,,,,,,,,,,,0.00,,,,,,,false,false,12,2019-04-01,2020-03-31,0
2019-10-30,27370,2020-03-31,2,,,,,,,,,,,,,,,,,,,,,,,,,,,,,100.00,,,,,,,false,true,12,2019-04-01,2020-03-31,0
2019-10-30,27370,2020-03-31,2,,,,,,,,,,,,,,,,,,,,,,,,,,,,,,,,,6802000,611,6801389,false,false,6,2019-04-01,2019-09-30,0
2019-10-30,27370,2019-03-31,2,,,,,,,,,,,,,,,,,,,,,,,,,,,,,,,,,,,6801389,false,false,6,2018-04-01,2018-09-30,-1
2020-01-30,27370,2020-03-31,3,194546000000,0.306,,,,,3692000000,0.293,3565000000,0.725,,2678000000,,393.80,326.94,,,,,88411000000,31287000000,0.351,4566.54,31058000000,,,,,,,,,,,,true,false,9,2019-04-01,2019-12-31,0
2020-01-30,27370,2019-03-31,3,148941000000,-0.003,,,,,2856000000,0.426,2067000000,0.236,,1438000000,,211.44,187.93,,,,,,,,,,,,,,,,,,,,,true,false,9,2018-04-01,2018-12-31,-1
2020-01-30,27370,2020-03-31,3,240000000000,0.103,,,,,3370000000,-0.045,3350000000,0.269,,2400000000,,352.89,,,,,,,,,,,,,,,,,,,,,,true,true,12,2019-04-01,2020-03-31,0
2020-01-30,27370,2019-03-31,3,,,,,,,,,,,,,,,,,,,,79694000000,29278000000,0.365,4280.46,29113000000,,,,,,,,,,,,true,false,12,2018-04-01,2019-03-31,-1
2020-01-30,27370,2019-03-31,3,,,,,,,,,,,,,,,,,,,,,,,,,,,,,90.00,,,,6802000,611,,false,false,12,2018-04-01,2019-03-31,-1
2020-01-30,27370,2020-03-31,3,,,,,,,,,,,,,,,,,,,,,,,,,,,,,0.00,,,,,,,false,false,12,2019-04-01,2020-03-31,0
2020-01-30,27370,2020-03-31,3,,,,,,,,,,,,,,,,,,,,,,,,,,,,,100.00,,,,,,,false,true,12,2019-04-01,2020-03-31,0
2020-01-30,27370,2020-03-31,3,,,,,,,,,,,,,,,,,,,,,,,,,,,,,,,,,6802000,666,6801378,false,false,9,2019-04-01,2019-12-31,0
2020-01-30,27370,2019-03-31,3,,,,,,,,,,,,,,,,,,,,,,,,,,,,,,,,,,,6801389,false,false,9,2018-04-01,2018-12-31,-1
2020-03-25,27370,2020-03-31,,255000000000,0.063,,,,,4200000000,0.246,4000000000,0.194,,3000000000,,441.09,,,,,,,,,,,,,,,,,,,,,,true,true,12,2019-04-01,2020-03-31,0
2020-03-25,27370,2019-03-31,,217632000000,,,,,,3528000000,,2639000000,,,1902000000,,279.72,,,,,,,,,,,,,,,,,,,,,,true,false,12,2018-04-01,2019-03-31,-1
2020-03-25,27370,2020-03-31,,,,,,,,,,,,,,,,,,,,,,,,,,,,,,130.00,,,,,,,false,true,12,2019-04-01,2020-03-31,0
2020-03-25,27370,2020-03-31,,,,,,,,,,,,,,,,,,,,,,,,,,,,,,0.00,,,,,,,false,false,12,2019-04-01,2020-03-31,0
2020-03-25,27370,2019-03-31,,,,,,,,,,,,,,,,,,,,,,,,,,,,,,90.00,,,,,,,false,false,12,2018-04-01,2019-03-31,-1
2020-04-28,27370,2020-03-31,,260367000000,0.196,,,,,4526000000,0.283,4374000000,0.657,,3382000000,,497.32,391.58,0.111,0.051,0.017,,92510000000,31917000000,0.342,4653.66,31651000000,9554000000,-17000000,-6297000000,9904000000,,0.302,,,,,,true,false,12,2019-04-01,2020-03-31,0
2020-04-28,27370,2019-03-31,,217632000000,0.102,,,,,3528000000,0.358,2639000000,0.087,,1902000000,,279.72,243.58,0.067,0.036,0.016,,79694000000,29278000000,0.365,4280.46,29113000000,-570000000,-229000000,-1055000000,6743000000,,0.322,,,,,,true,false,12,2018-04-01,2019-03-31,-1
2020-04-28,27370,2020-03-31,,122518000000,0.045,,,,,1437000000,-0.198,1194000000,-0.218,819000000,,-0.217,120.53,,,,,,68519000000,25896000000,0.378,3807.50,25896000000,,,,,150.00,,,,6802000,666,6801367,false,false,12,2019-04-01,2020-03-31,0
2020-04-28,27370,2019-03-31,,117261000000,0.098,,,,,1791000000,0.204,1527000000,0.025,1046000000,,0.058,153.85,,,,,,64467000000,25827000000,0.401,3797.35,25827000000,,,,,90.00,,,,6802000,611,6801389,false,false,12,2018-04-01,2019-03-31,-1
2020-05-22,27370,2021-03-31,,245000000000,,,,,,2900000000,,2800000000,,,2100000000,,308.76,,,,,,,,,,,,,,,,,,,,,,true,true,12,2020-04-01,2021-03-31,0
2020-05-22,27370,2020-03-31,,260367000000,,,,,,4526000000,,4374000000,,,3382000000,,49732.00,,,,,,,,,,,,,,,,,,,,,,true,false,12,2019-04-01,2020-03-31,-1
2020-05-22,27370,2021-03-31,,,,,,,,,,,,,,,,,,,,,,,,,,,,,,120.00,,,,,,,false,true,12,2020-04-01,2021-03-31,0
2020-05-22,27370,2021-03-31,,,,,,,,,,,,,,,,,,,,,,,,,,,,,,0.00,,,,,,,false,false,12,2020-04-01,2021-03-31,0
2020-05-22,27370,2020-03-31,,,,,,,,,,,,,,,,,,,,,,,,,,,,,,150.00,,,,,,,false,false,12,2019-04-01,2020-03-31,-1
2020-07-22,27370,2021-03-31,1,67116000000,0.195,,,,,1077000000,0.090,1059000000,0.142,,796000000,,117.10,95.57,,,,,107322000000,31756000000,0.293,4627.36,31472000000,,,,,,,,,,,,true,false,3,2020-04-01,2020-06-30,0
2020-07-22,27370,2020-03-31,1,56146000000,0.151,,,,,988000000,-0.214,927000000,-0.063,,677000000,,99.59,90.01,,,,,,,,,,,,,,,,,,,,,true,false,3,2019-04-01,2019-06-30,-1
2020-07-22,27370,2021-03-31,1,245000000000,-0.059,,,,,2900000000,-0.359,2800000000,-0.360,,2100000000,,308.76,,,,,,,,,,,,,,,,,,,,,,true,true,12,2020-04-01,2021-03-31,0
2020-07-22,27370,2020-03-31,1,,,,,,,,,,,,,,,,,,,,92510000000,31917000000,0.342,4653.66,31651000000,,,,,,,,,,,,true,false,12,2019-04-01,2020-03-31,-1
2020-07-22,27370,2020-03-31,1,,,,,,,,,,,,,,,,,,,,,,,,,,,,,150.00,,,,6802000,666,,false,false,12,2019-04-01,2020-03-31,-1
2020-07-22,27370,2021-03-31,1,,,,,,,,,,,,,,,,,,,,,,,,,,,,,120.00,,,,,,,false,true,12,2020-04-01,2021-03-31,0
2020-07-22,27370,2021-03-31,1,,,,,,,,,,,,,,,,,,,,,,,,,,,,,,,,,6802000,696,6801332,false,false,3,2020-04-01,2020-06-30,0
2020-07-22,27370,2020-03-31,1,,,,,,,,,,,,,,,,,,,,,,,,,,,,,,,,,,,6801389,false,false,3,2019-04-01,2019-06-30,-1
2020-10-29,27370,2021-03-31,2,150939000000,0.200,,,,,1626000000,-0.134,1619000000,-0.133,,1172000000,,172.41,151.45,,,,,104139000000,32007000000,0.305,4664.62,31725000000,,,,,,,,,,,,true,false,6,2020-04-01,2020-09-30,0
2020-10-29,27370,2020-03-31,2,125781000000,0.264,,,,,1878000000,-0.141,1867000000,0.134,,1376000000,,202.46,175.04,,,,,,,,,,,,,,,,,,,,,true,false,6,2019-04-01,2019-09-30,-1
2020-10-29,27370,2021-03-31,2,245000000000,-0.059,,,,,2900000000,-0.359,2800000000,-0.360,,2100000000,,308.76,,,,,,,,,,,,,,,,,,,,,,true,true,12,2020-04-01,2021-03-31,0
2020-10-29,27370,2020-03-31,2,,,,,,,,,,,,,,,,,,,,92510000000,31917000000,0.342,4653.66,31651000000,,,,,,,,,,,,true,false,12,2019-04-01,2020-03-31,-1
2020-10-29,27370,2020-03-31,2,,,,,,,,,,,,,,,,,,,,,,,,,,,,,150.00,,,,6802000,666,,false,false,12,2019-04-01,2020-03-31,-1
2020-10-29,27370,2021-03-31,2,,,,,,,,,,,,,,,,,,,,,,,,,,,,,0.00,,,,,,,false,false,12,2020-04-01,2021-03-31,0
2020-10-29,27370,2021-03-31,2,,,,,,,,,,,,,,,,,,,,,,,,,,,,,120.00,,,,,,,false,true,12,2020-04-01,2021-03-31,0
2020-10-29,27370,2021-03-31,2,,,,,,,,,,,,,,,,,,,,,,,,,,,,,,,,,6802000,736,6801301,false,false,6,2020-04-01,2020-09-30,0
2020-10-29,27370,2020-03-31,2,,,,,,,,,,,,,,,,,,,,,,,,,,,,,,,,,,,6801389,false,false,6,2019-04-01,2019-09-30,-1
2021-01-28,27370,2021-03-31,3,225410000000,0.159,,,,,3381000000,-0.084,3567000000,0.001,,2641000000,,388.40,328.25,,,,,103142000000,33326000000,0.320,4853.27,33008000000,,,,,,,,,,,,true,false,9,2020-04-01,2020-12-31,0
2021-01-28,27370,2020-03-31,3,194546000000,0.306,,,,,3692000000,0.293,3565000000,0.725,,2678000000,,393.80,326.94,,,,,,,,,,,,,,,,,,,,,true,false,9,2019-04-01,2019-12-31,-1
2021-01-28,27370,2021-03-31,3,290000000000,0.114,,,,,4100000000,-0.094,4300000000,-0.017,,3200000000,,470.50,,,,,,,,,,,,,,,,,,,,,,true,true,12,2020-04-01,2021-03-31,0
2021-01-28,27370,2020-03-31,3,,,,,,,,,,,,,,,,,,,,92510000000,31917000000,0.342,4653.66,31651000000,,,,,,,,,,,,true,false,12,2019-04-01,2020-03-31,-1
2021-01-28,27370,2020-03-31,3,,,,,,,,,,,,,,,,,,,,,,,,,,,,,150.00,,,,6802000,666,,false,false,12,2019-04-01,2020-03-31,-1
2021-01-28,27370,2021-03-31,3,,,,,,,,,,,,,,,,,,,,,,,,,,,,,0.00,,,,,,,false,false,12,2020-04-01,2021-03-31,0
2021-01-28,27370,2021-03-31,3,,,,,,,,,,,,,,,,,,,,,,,,,,,,,160.00,,,,,,,false,true,12,2020-04-01,2021-03-31,0
2021-01-28,27370,2021-03-31,3,,,,,,,,,,,,,,,,,,,,,,,,,,,,,,,,,6802000,774,6801277,false,false,9,2020-04-01,2020-12-31,0
2021-01-28,27370,2020-03-31,3,,,,,,,,,,,,,,,,,,,,,,,,,,,,,,,,,,,6801378,false,false,9,2019-04-01,2019-12-31,-1
2021-01-28,27370,2021-03-31,,290000000000,0.184,,,,,4100000000,0.414,4300000000,0.536,,3200000000,,470.50,,,,,,,,,,,,,,,,,,,,,,true,true,12,2020-04-01,2021-03-31,0
2021-01-28,27370,2020-03-31,,260367000000,,,,,,4526000000,,4374000000,,,3382000000,,497.32,,,,,,,,,,,,,,,,,,,,,,true,false,12,2019-04-01,2020-03-31,-1
2021-01-28,27370,2021-03-31,,,,,,,,,,,,,,,,,,,,,,,,,,,,,,160.00,,,,,,,false,true,12,2020-04-01,2021-03-31,0
2021-01-28,27370,2021-03-31,,,,,,,,,,,,,,,,,,,,,,,,,,,,,,0.00,,,,,,,false,false,12,2020-04-01,2021-03-31,0
2021-01-28,27370,2020-03-31,,,,,,,,,,,,,,,,,,,,,,,,,,,,,,150.00,,,,,,,false,false,12,2019-04-01,2020-03-31,-1
2021-04-28,27370,2021-03-31,,302385000000,0.161,,,,,4997000000,0.104,4561000000,0.043,,3446000000,,506.68,,0.108,0.043,0.017,,119889000000,32801000000,0.268,4729.45,32166000000,-11583000000,-30000000,11296000000,9550000000,,0.336,,,,,,true,false,12,2020-04-01,2021-03-31,0
2021-04-28,27370,2020-03-31,,260367000000,0.196,,,,,4526000000,0.283,4374000000,0.657,,3382000000,,497.32,391.58,0.111,0.051,0.017,,92510000000,31917000000,0.342,4653.66,31651000000,9554000000,-17000000,-6297000000,9904000000,,0.302,,,,,,true,false,12,2019-04-01,2020-03-31,-1
2021-04-28,27370,2022-03-31,,290000000000,-0.041,,,,,4300000000,-0.140,4100000000,-0.101,,3100000000,,455.80,,,,,,,,,,,,,,,,0.373,,,,,,true,true,12,2021-04-01,2022-03-31,1
2021-04-28,27370,2021-03-31,,146349000000,0.195,,,,,1983000000,0.380,1641000000,0.374,1117000000,,0.363,164.32,0.00,,,,,82879000000,25990000000,0.314,3821.44,25990000000,,,,,170.00,,,,6802000,774,6801264,false,false,12,2020-04-01,2021-03-31,0
2021-04-28,27370,2020-03-31,,122518000000,0.045,,,,,1437000000,-0.198,1194000000,-0.218,819000000,,-0.217,120.53,0.00,,,,,68519000000,25896000000,0.378,3807.50,25896000000,,,,,150.00,,,,6802000,666,6801367,false,false,12,2019-04-01,2020-03-31,-1
2021-04-28,27370,2022-03-31,,,,,,,,,,,,,,,,,,,,,,,,,,,,,,170.00,,,,,,,false,true,12,2021-04-01,2022-03-31,1
2021-07-30,27370,2022-03-31,1,98271000000,0.464,,,,,3145000000,1.920,2896000000,1.735,,2115000000,,311.06,,,,,,132414000000,33851000000,0.252,4897.38,33308000000,,,,,,,,,,,,true,false,3,2021-04-01,2021-06-30,0
2021-07-30,27370,2021-03-31,1,67116000000,0.195,,,,,1077000000,0.090,1059000000,0.142,,796000000,,117.10,95.57,,,,,,,,,,,,,,,,,,,,,true,false,3,2020-04-01,2020-06-30,-1
2021-07-30,27370,2022-03-31,1,290000000000,-0.041,,,,,4300000000,-0.140,4100000000,-0.101,,3100000000,,455.80,,,,,,,,,,,,,,,,,,,,,,true,true,12,2021-04-01,2022-03-31,0
2021-07-30,27370,2021-03-31,1,,,,,,,,,,,,,,,,,,,,119889000000,32801000000,0.268,4729.45,32166000000,,,,,,,,,,,,true,false,12,2020-04-01,2021-03-31,-1
2021-07-30,27370,2021-03-31,1,,,,,,,,,,,,,,,,,,,,,,,,,,,,,170.00,,,,6802000,774,,false,false,12,2020-04-01,2021-03-31,-1
2021-07-30,27370,2022-03-31,1,,,,,,,,,,,,,,,,,,,,,,,,,,,,,170.00,,,,,,,false,true,12,2021-04-01,2022-03-31,0
2021-07-30,27370,2022-03-31,1,,,,,,,,,,,,,,,,,,,,,,,,,,,,,,,,,6802000,774,6801226,false,false,3,2021-04-01,2021-06-30,0
2021-07-30,27370,2021-03-31,1,,,,,,,,,,,,,,,,,,,,,,,,,,,,,,,,,,,6801332,false,false,3,2020-04-01,2020-06-30,-1
2021-10-28,27370,2022-03-31,2,217862000000,0.443,,,,,5902000000,2.629,5229000000,2.229,,3848000000,,565.85,,,,,,156447000000,35664000000,0.224,5155.33,35061000000,,,,,,,,,,,,true,false,6,2021-04-01,2021-09-30,0
2021-10-28,27370,2021-03-31,2,150939000000,0.200,,,,,1626000000,-0.134,1619000000,-0.133,,1172000000,,172.41,151.45,,,,,,,,,,,,,,,,,,,,,true,false,6,2020-04-01,2020-09-30,-1
2021-10-28,27370,2022-03-31,2,400000000000,0.323,,,,,7760000000,0.553,6630000000,0.453,,5000000000,,735.16,,,,,,,,,,,,,,,,,,,,,,true,true,12,2021-04-01,2022-03-31,0
2021-10-28,27370,2021-03-31,2,,,,,,,,,,,,,,,,,,,,119889000000,32801000000,0.268,4729.45,32166000000,,,,,,,,,,,,true,false,12,2020-04-01,2021-03-31,-1
2021-10-28,27370,2021-03-31,2,,,,,,,,,,,,,,,,,,,,,,,,,,,,,170.00,,,,6802000,774,,false,false,12,2020-04-01,2021-03-31,-1
2021-10-28,27370,2022-03-31,2,,,,,,,,,,,,,,,,,,,,,,,,,,,,,0.00,,,,,,,false,false,12,2021-04-01,2022-03-31,0
2021-10-28,27370,2022-03-31,2,,,,,,,,,,,,,,,,,,,,,,,,,,,,,240.00,,,,,,,false,true,12,2021-04-01,2022-03-31,0
2021-10-28,27370,2022-03-31,2,,,,,,,,,,,,,,,,,,,,,,,,,,,,,,,,,6802000,888,6801203,false,false,6,2021-04-01,2021-09-30,0
2021-10-28,27370,2021-03-31,2,,,,,,,,,,,,,,,,,,,,,,,,,,,,,,,,,,,6801301,false,false,6,2020-04-01,2020-09-30,-1
2021-10-28,27370,2022-03-31,,400000000000,0.379,,,,,7760000000,0.805,6630000000,0.617,,5000000000,,735.16,,,,,,,,,,,,,,,,,,,,,,true,true,12,2021-04-01,2022-03-31,0
2021-10-28,27370,2021-03-31,,302385000000,,,,,,4997000000,,4561000000,,,3446000000,,506.68,,,,,,,,,,,,,,,,,,,,,,true,false,12,2020-04-01,2021-03-31,-1
2021-10-28,27370,2022-03-31,,,,,,,,,,,,,,,,,,,,,,,,,,,,,,240.00,,,,,,,false,true,12,2021-04-01,2022-03-31,0
2021-10-28,27370,2022-03-31,,,,,,,,,,,,,,,,,,,,,,,,,,,,,,0.00,,,,,,,false,false,12,2021-04-01,2022-03-31,0
2021-10-28,27370,2021-03-31,,,,,,,,,,,,,,,,,,,,,,,,,,,,,,170.00,,,,,,,false,false,12,2020-04-01,2021-03-31,-1
2022-01-27,27370,2022-03-31,3,343689000000,0.525,,,,,8940000000,1.644,7822000000,1.193,,5820000000,,855.87,,,,,,158529000000,37937000000,0.235,5477.02,37249000000,,,,,,,,,,,,true,false,9,2021-04-01,2021-12-31,0
2022-01-27,27370,2021-03-31,3,225410000000,0.159,,,,,3381000000,-0.084,3567000000,0.001,,2641000000,,388.40,328.25,,,,,,,,,,,,,,,,,,,,,true,false,9,2020-04-01,2020-12-31,-1
2022-01-27,27370,2022-03-31,3,440000000000,0.455,,,,,9400000000,0.881,8200000000,0.798,,6100000000,,896.91,,,,,,,,,,,,,,,,,,,,,,true,true,12,2021-04-01,2022-03-31,0
2022-01-27,27370,2021-03-31,3,,,,,,,,,,,,,,,,,,,,119889000000,32801000000,0.268,4729.45,32166000000,,,,,,,,,,,,true,false,12,2020-04-01,2021-03-31,-1
2022-01-27,27370,2021-03-31,3,,,,,,,,,,,,,,,,,,,,,,,,,,,,,170.00,,,,6802000,774,,false,false,12,2020-04-01,2021-03-31,-1
2022-01-27,27370,2022-03-31,3,,,,,,,,,,,,,,,,,,,,,,,,,,,,,0.00,,,,,,,false,false,12,2021-04-01,2022-03-31,0
2022-01-27,27370,2022-03-31,3,,,,,,,,,,,,,,,,,,,,,,,,,,,,,280.00,,,,,,,false,true,12,2021-04-01,2022-03-31,0
2022-01-27,27370,2022-03-31,3,,,,,,,,,,,,,,,,,,,,,,,,,,,,,,,,,6802000,935,6801161,false,false,9,2021-04-01,2021-12-31,0
2022-01-27,27370,2021-03-31,3,,,,,,,,,,,,,,,,,,,,,,,,,,,,,,,,,,,6801277,false,false,9,2020-04-01,2020-12-31,-1
2022-01-27,27370,2022-03-31,,440000000000,0.100,,,,,9400000000,0.212,8200000000,0.237,,6100000000,,896.91,,,,,,,,,,,,,,,,,,,,,,true,true,12,2021-04-01,2022-03-31,0
2022-01-27,27370,2021-03-31,,302385000000,,,,,,4997000000,,4561000000,,,3446000000,,506.68,,,,,,,,,,,,,,,,,,,,,,true,false,12,2020-04-01,2021-03-31,-1
2022-01-27,27370,2022-03-31,,,,,,,,,,,,,,,,,,,,,,,,,,,,,,280.00,,,,,,,false,true,12,2021-04-01,2022-03-31,0
2022-01-27,27370,2022-03-31,,,,,,,,,,,,,,,,,,,,,,,,,,,,,,0.00,,,,,,,false,false,12,2021-04-01,2022-03-31,0
2022-01-27,27370,2021-03-31,,,,,,,,,,,,,,,,,,,,,,,,,,,,,,170.00,,,,,,,false,false,12,2020-04-01,2021-03-31,-1
2022-04-26,27370,2022-03-31,,462822000000,0.531,,,,,10629000000,1.127,8478000000,0.859,,6379000000,,938.04,,0.180,0.072,0.023,,116990000000,39364000000,0.330,5673.96,38589000000,5896000000,-183000000,-7597000000,8216000000,,0.320,,,,,,true,false,12,2021-04-01,2022-03-31,0
2022-04-26,27370,2021-03-31,,302385000000,0.161,,,,,4997000000,0.104,4561000000,0.043,,3446000000,,506.68,,0.108,0.043,0.017,,119889000000,32801000000,0.268,4729.45,32166000000,-11583000000,-30000000,11296000000,9550000000,,0.336,,,,,,true,false,12,2020-04-01,2021-03-31,-1
2022-04-26,27370,2023-03-31,,440000000000,-0.049,,,,,7700000000,-0.276,7000000000,-0.174,,5500000000,,808.69,,,,,,,,,,,,,,,,0.371,,,,,,true,true,12,2022-04-01,2023-03-31,1
2022-04-26,27370,2022-03-31,,219666000000,0.501,,,,,4880000000,1.461,3451000000,1.103,2394000000,,1.142,352.02,,,,,,98659000000,27056000000,0.274,3978.21,27056000000,,,,,300.00,,,,6802000,935,6801137,false,false,12,2021-04-01,2022-03-31,0
2022-04-26,27370,2021-03-31,,146349000000,0.195,,,,,1983000000,0.380,1641000000,0.374,1117000000,,0.363,164.32,,,,,,82879000000,25990000000,0.314,3821.44,25990000000,,,,,170.00,,,,6802000,774,6801264,false,false,12,2020-04-01,2021-03-31,-1
2022-04-26,27370,2023-03-31,,,,,,,,,,,,,,,,,,,,,,,,,,,,,,300.00,,,,,,,false,true,12,2022-04-01,2023-03-31,1
2022-07-28,27370,2023-03-31,1,110945000000,0.129,,,,,3776000000,0.200,2231000000,-0.230,,1658000000,,243.90,,,,,,185238000000,39909000000,0.211,5734.17,38998000000,,,,,,,,,,,,true,false,3,2022-04-01,2022-06-30,0
2022-07-28,27370,2022-03-31,1,98271000000,0.464,,,,,3145000000,1.920,2896000000,1.735,,2115000000,,311.06,,,,,,,,,,,,,,,,,,,,,,true,false,3,2021-04-01,2021-06-30,-1
2022-07-28,27370,2023-03-31,1,440000000000,-0.049,,,,,7700000000,-0.276,7000000000,-0.174,,5500000000,,808.69,,,,,,,,,,,,,,,,,,,,,,true,true,12,2022-04-01,2023-03-31,0
2022-07-28,27370,2022-03-31,1,,,,,,,,,,,,,,,,,,,,116990000000,39364000000,0.330,5673.96,38589000000,,,,,,,,,,,,true,false,12,2021-04-01,2022-03-31,-1
2022-07-28,27370,2022-03-31,1,,,,,,,,,,,,,,,,,,,,,,,,,,,,,300.00,,,,6802000,935,,false,false,12,2021-04-01,2022-03-31,-1
2022-07-28,27370,2023-03-31,1,,,,,,,,,,,,,,,,,,,,,,,,,,,,,300.00,,,,,,,false,true,12,2022-04-01,2023-03-31,0
2022-07-28,27370,2023-03-31,1,,,,,,,,,,,,,,,,,,,,,,,,,,,,,,,,,6802000,963,6801058,false,false,3,2022-04-01,2022-06-30,0
2022-07-28,27370,2022-03-31,1,,,,,,,,,,,,,,,,,,,,,,,,,,,,,,,,,,,6801226,false,false,3,2021-04-01,2021-06-30,-1
2022-10-27,27370,2023-03-31,2,222153000000,0.020,,,,,7361000000,0.247,3607000000,-0.310,,2724000000,,400.58,,,,,,174470000000,42296000000,0.237,6070.19,41283000000,,,,,,,,,,,,true,false,6,2022-04-01,2022-09-30,0
2022-10-27,27370,2022-03-31,2,217862000000,0.443,,,,,5902000000,2.629,5229000000,2.229,,3848000000,,565.85,,,,,,,,,,,,,,,,,,,,,,true,false,6,2021-04-01,2021-09-30,-1
2022-10-27,27370,2023-03-31,2,440000000000,-0.049,,,,,7700000000,-0.276,7000000000,-0.174,,5500000000,,808.69,,,,,,,,,,,,,,,,,,,,,,true,true,12,2022-04-01,2023-03-31,0
2022-10-27,27370,2022-03-31,2,,,,,,,,,,,,,,,,,,,,116990000000,39364000000,0.330,5673.96,38589000000,,,,,,,,,,,,true,false,12,2021-04-01,2022-03-31,-1
2022-10-27,27370,2022-03-31,2,,,,,,,,,,,,,,,,,,,,,,,,,,,,,300.00,,,,6802000,935,,false,false,12,2021-04-01,2022-03-31,-1
2022-10-27,27370,2023-03-31,2,,,,,,,,,,,,,,,,,,,,,,,,,,,,,0.00,,,,,,,false,false,12,2022-04-01,2023-03-31,0
2022-10-27,27370,2023-03-31,2,,,,,,,,,,,,,,,,,,,,,,,,,,,,,300.00,,,,,,,false,true,12,2022-04-01,2023-03-31,0
2022-10-27,27370,2023-03-31,2,,,,,,,,,,,,,,,,,,,,,,,,,,,,,,,,,6802000,963,6801047,false,false,6,2022-04-01,2022-09-30,0
2022-10-27,27370,2022-03-31,2,,,,,,,,,,,,,,,,,,,,,,,,,,,,,,,,,,,6801203,false,false,6,2021-04-01,2021-09-30,-1
2023-01-31,27370,2023-03-31,3,332246000000,-0.033,,,,,10779000000,0.206,5861000000,-0.251,,4369000000,,642.46,,,,,,139595000000,43483000000,0.304,6249.77,42504000000,,,,,,,,,,,,true,false,9,2022-04-01,2022-12-31,0
2023-01-31,27370,2022-03-31,3,343689000000,0.525,,,,,8940000000,1.644,7822000000,1.193,,5820000000,,855.87,,,,,,,,,,,,,,,,,,,,,,true,false,9,2021-04-01,2021-12-31,-1
2023-01-31,27370,2023-03-31,3,440000000000,-0.049,,,,,11000000000,0.035,7000000000,-0.174,,5500000000,,808.69,,,,,,,,,,,,,,,,,,,,,,true,true,12,2022-04-01,2023-03-31,0
2023-01-31,27370,2022-03-31,3,,,,,,,,,,,,,,,,,,,,116990000000,39364000000,0.330,5673.96,38589000000,,,,,,,,,,,,true,false,12,2021-04-01,2022-03-31,-1
2023-01-31,27370,2022-03-31,3,,,,,,,,,,,,,,,,,,,,,,,,,,,,,300.00,,,,6802000,935,,false,false,12,2021-04-01,2022-03-31,-1
2023-01-31,27370,2023-03-31,3,,,,,,,,,,,,,,,,,,,,,,,,,,,,,0.00,,,,,,,false,false,12,2022-04-01,2023-03-31,0
2023-01-31,27370,2023-03-31,3,,,,,,,,,,,,,,,,,,,,,,,,,,,,,300.00,,,,,,,false,true,12,2022-04-01,2023-03-31,0
2023-01-31,27370,2023-03-31,3,,,,,,,,,,,,,,,,,,,,,,,,,,,,,,,,,6802000,963,6801044,false,false,9,2022-04-01,2022-12-31,0
2023-01-31,27370,2022-03-31,3,,,,,,,,,,,,,,,,,,,,,,,,,,,,,,,,,,,6801161,false,false,9,2021-04-01,2021-12-31,-1
2023-04-27,27370,2023-03-31,,417621000000,-0.098,,,,,12230000000,0.151,6589000000,-0.223,,4906000000,,721.37,,0.120,0.059,0.029,,107177000000,44198000000,0.403,6353.93,43213000000,-4961000000,-263000000,8584000000,12137000000,,0.416,,,,,,true,false,12,2022-04-01,2023-03-31,0
2023-04-27,27370,2022-03-31,,462822000000,0.531,,,,,10629000000,1.127,8478000000,0.859,,6379000000,,938.04,,0.180,0.072,0.023,,116990000000,39364000000,0.330,5673.96,38589000000,5896000000,-183000000,-7597000000,8216000000,,0.320,,,,,,true,false,12,2021-04-01,2022-03-31,-1
2023-04-27,27370,2024-03-31,,370000000000,-0.114,,,,,7000000000,-0.428,5500000000,-0.165,,4000000000,,588.15,,,,,,,,,,,,,,,,0.408,,,,,,true,true,12,2023-04-01,2024-03-31,1
2023-04-27,27370,2023-03-31,,202778000000,-0.077,,,,,7196000000,0.475,3276000000,-0.051,2292000000,,-0.042,337.09,,,,,,67964000000,27702000000,0.408,4073.33,27702000000,,,,,300.00,,,,6802000,963,6801042,false,false,12,2022-04-01,2023-03-31,0
2023-04-27,27370,2022-03-31,,219666000000,0.501,,,,,4880000000,1.461,3451000000,1.103,2394000000,,1.142,352.02,,,,,,98659000000,27056000000,0.274,3978.21,27056000000,,,,,300.00,,,,6802000,935,6801137,false,false,12,2021-04-01,2022-03-31,-1
2023-04-27,27370,2024-03-31,,,,,,,,,,,,,,,,,,,,,,,,,,,,,,240.00,,,,,,,false,true,12,2023-04-01,2024-03-31,1
2023-06-16,27370,2024-03-31,,355000000000,-0.041,,,,,6300000000,-0.100,4500000000,-0.182,,850000000,,124.98,,,,,,,,,,,,,,,,,,,,,,true,true,12,2023-04-01,2024-03-31,0
2023-06-16,27370,2023-03-31,,417621000000,,,,,,12230000000,,6589000000,,,4906000000,,721.37,,,,,,,,,,,,,,,,,,,,,,true,false,12,2022-04-01,2023-03-31,-1
2023-06-16,27370,2024-03-31,,,,,,,,,,,,,,,,,,,,,,,,,,,,,,120.00,,,,,,,false,true,12,2023-04-01,2024-03-31,0
2023-06-16,27370,2023-03-31,,,,,,,,,,,,,,,,,,,,,,,,,,,,,,300.00,,,,,,,false,false,12,2022-04-01,2023-03-31,-1
2023-07-27,27370,2024-03-31,1,87968000000,-0.207,,,,,3127000000,-0.172,2098000000,-0.060,,-1052000000,,-154.82,,,,,,139503000000,41238000000,0.296,6063.52,41238000000,,,,,,,,,,,,true,false,3,2023-04-01,2023-06-30,0
2023-07-27,27370,2023-03-31,1,110945000000,0.129,,,,,3776000000,0.200,2231000000,-0.230,,1658000000,,243.90,,,,,,,,,,,,,,,,,,,,,,true,false,3,2022-04-01,2022-06-30,-1
2023-07-27,27370,2024-03-31,1,355000000000,-0.150,,,,,6300000000,-0.485,4500000000,-0.317,,850000000,,124.98,,,,,,,,,,,,,,,,,,,,,,true,true,12,2023-04-01,2024-03-31,0
2023-07-27,27370,2023-03-31,1,,,,,,,,,,,,,,,,,,,,107177000000,44198000000,0.403,6353.93,43213000000,,,,,,,,,,,,true,false,12,2022-04-01,2023-03-31,-1
2023-07-27,27370,2023-03-31,1,,,,,,,,,,,,,,,,,,,,,,,,,,,,,300.00,,,,6802000,963,,false,false,12,2022-04-01,2023-03-31,-1
2023-07-27,27370,2024-03-31,1,,,,,,,,,,,,,,,,,,,,,,,,,,,,,120.00,,,,,,,false,true,12,2023-04-01,2024-03-31,0
2023-07-27,27370,2024-03-31,1,,,,,,,,,,,,,,,,,,,,,,,,,,,,,,,,,6802000,963,6801037,false,false,3,2023-04-01,2023-06-30,0
2023-07-27,27370,2023-03-31,1,,,,,,,,,,,,,,,,,,,,,,,,,,,,,,,,,,,6801058,false,false,3,2022-04-01,2022-06-30,-1
2023-10-26,27370,2024-03-31,2,183781000000,-0.173,,,,,5703000000,-0.225,3413000000,-0.054,,-4000000,,-0.59,,,,,,106976000000,43141000000,0.403,6343.42,43141000000,,,,,,,,,,,,true,false,6,2023-04-01,2023-09-30,0
2023-10-26,27370,2023-03-31,2,222153000000,0.020,,,,,7361000000,0.247,3607000000,-0.310,,2724000000,,400.58,,,,,,,,,,,,,,,,,,,,,,true,false,6,2022-04-01,2022-09-30,-1
2023-10-26,27370,2024-03-31,2,355000000000,-0.150,,,,,6300000000,-0.485,4500000000,-0.317,,850000000,,124.98,,,,,,,,,,,,,,,,,,,,,,true,true,12,2023-04-01,2024-03-31,0
2023-10-26,27370,2023-03-31,2,,,,,,,,,,,,,,,,,,,,107177000000,44198000000,0.403,6353.93,43213000000,,,,,,,,,,,,true,false,12,2022-04-01,2023-03-31,-1
2023-10-26,27370,2023-03-31,2,,,,,,,,,,,,,,,,,,,,,,,,,,,,,300.00,,,,6802000,963,,false,false,12,2022-04-01,2023-03-31,-1
2023-10-26,27370,2024-03-31,2,,,,,,,,,,,,,,,,,,,,,,,,,,,,,0.00,,,,,,,false,false,12,2023-04-01,2024-03-31,0
2023-10-26,27370,2024-03-31,2,,,,,,,,,,,,,,,,,,,,,,,,,,,,,120.00,,,,,,,false,true,12,2023-04-01,2024-03-31,0
2023-10-26,27370,2024-03-31,2,,,,,,,,,,,,,,,,,,,,,,,,,,,,,,,,,6802000,963,6801037,false,false,6,2023-04-01,2023-09-30,0
2023-10-26,27370,2023-03-31,2,,,,,,,,,,,,,,,,,,,,,,,,,,,,,,,,,,,6801047,false,false,6,2022-04-01,2022-09-30,-1
2024-01-31,27370,2024-03-31,3,267494000000,-0.195,,,,,7119000000,-0.340,4486000000,-0.235,,787000000,,115.79,,,,,,116118000000,42840000000,0.369,6299.17,42840000000,,,,,,,,,,,,true,false,9,2023-04-01,2023-12-31,0
2024-01-31,27370,2023-03-31,3,332246000000,-0.033,,,,,10779000000,0.206,5861000000,-0.251,,4369000000,,642.46,,,,,,,,,,,,,,,,,,,,,,true,false,9,2022-04-01,2022-12-31,-1
2024-01-31,27370,2024-03-31,3,355000000000,-0.150,,,,,7900000000,-0.354,4800000000,-0.272,,1100000000,,161.74,,,,,,,,,,,,,,,,,,,,,,true,true,12,2023-04-01,2024-03-31,0
2024-01-31,27370,2023-03-31,3,,,,,,,,,,,,,,,,,,,,107177000000,44198000000,0.403,6353.93,43213000000,,,,,,,,,,,,true,false,12,2022-04-01,2023-03-31,-1
2024-01-31,27370,2023-03-31,3,,,,,,,,,,,,,,,,,,,,,,,,,,,,,300.00,,,,6802000,963,,false,false,12,2022-04-01,2023-03-31,-1
2024-01-31,27370,2024-03-31,3,,,,,,,,,,,,,,,,,,,,,,,,,,,,,0.00,,,,,,,false,false,12,2023-04-01,2024-03-31,0
2024-01-31,27370,2024-03-31,3,,,,,,,,,,,,,,,,,,,,,,,,,,,,,160.00,,,,,,,false,true,12,2023-04-01,2024-03-31,0
2024-01-31,27370,2024-03-31,3,,,,,,,,,,,,,,,,,,,,,,,,,,,,,,,,,6802000,1009,6801025,false,false,9,2023-04-01,2023-12-31,0
2024-01-31,27370,2023-03-31,3,,,,,,,,,,,,,,,,,,,,,,,,,,,,,,,,,,,6801044,false,false,9,2022-04-01,2022-12-31,-1
2024-03-22,27370,2024-03-31,,370000000000,0.042,,,,,9200000000,0.165,6000000000,0.250,,2000000000,,294.07,,,,,,,,,,,,,,,,,,,,,,true,true,12,2023-04-01,2024-03-31,0
2024-03-22,27370,2023-03-31,,417621000000,,,,,,12230000000,,6589000000,,,4906000000,,721.37,,,,,,,,,,,,,,,,,,,,,,true,false,12,2022-04-01,2023-03-31,-1
2024-03-22,27370,2024-03-31,,,,,,,,,,,,,,,,,,,,,,,,,,,,,,200.00,,,,,,,false,true,12,2023-04-01,2024-03-31,0
2024-03-22,27370,2024-03-31,,,,,,,,,,,,,,,,,,,,,,,,,,,,,,0.00,,,,,,,false,false,12,2023-04-01,2024-03-31,0
2024-03-22,27370,2023-03-31,,,,,,,,,,,,,,,,,,,,,,,,,,,,,,300.00,,,,,,,false,false,12,2022-04-01,2023-03-31,-1
2024-04-25,27370,2024-03-31,,370676000000,-0.112,,,,,9480000000,-0.225,6203000000,-0.059,,2096000000,,308.23,,0.047,0.052,0.026,,130213000000,45508000000,0.349,6691.54,45508000000,4425000000,494000000,2904000000,20865000000,,0.649,,,,,,true,false,12,2023-04-01,2024-03-31,0
2024-04-25,27370,2023-03-31,,417621000000,-0.098,,,,,12230000000,0.151,6589000000,-0.223,,4906000000,,721.37,,0.120,0.059,0.029,,107177000000,44198000000,0.403,6353.93,43213000000,-4961000000,-263000000,8584000000,12137000000,,0.416,,,,,,true,false,12,2022-04-01,2023-03-31,-1
2024-04-25,27370,2025-03-31,,400000000000,0.079,,,,,7600000000,-0.198,5400000000,-0.130,,4200000000,,617.56,,,,,,,,,,,,,,,,0.389,,,,,,true,true,12,2024-04-01,2025-03-31,1
2024-04-25,27370,2024-03-31,,148087000000,-0.270,,,,,4058000000,-0.436,3010000000,-0.081,-557000000,,,-82.04,,,,,,74731000000,24647000000,0.330,3624.07,,,,,,200.00,,,,6802000,1032,6801012,false,false,12,2023-04-01,2024-03-31,0
2024-04-25,27370,2023-03-31,,202778000000,-0.077,,,,,7196000000,0.475,3276000000,-0.051,2292000000,,-0.042,337.09,,,,,,67964000000,27702000000,0.408,4073.33,27702000000,,,,,300.00,,,,6802000,963,6801042,false,false,12,2022-04-01,2023-03-31,-1
2024-04-25,27370,2025-03-31,,,,,,,,,,,,,,,,,,,,,,,,,,,,,,240.00,,,,,,,false,true,12,2024-04-01,2025-03-31,1
2024-07-26,27370,2025-03-31,1,102886000000,0.170,,,,,3295000000,0.054,2072000000,-0.012,,1539000000,,226.42,,,,,,163894000000,47169000000,0.288,6935.64,47169000000,,,,,,,,,,,,true,false,3,2024-04-01,2024-06-30,0
2024-07-26,27370,2024-03-31,1,87968000000,-0.207,,,,,3127000000,-0.172,2098000000,-0.060,,-1052000000,,-154.82,,,,,,,,,,,,,,,,,,,,,,true,false,3,2023-04-01,2023-06-30,-1
2024-07-26,27370,2025-03-31,1,400000000000,0.079,,,,,7600000000,-0.198,5400000000,-0.130,,4200000000,,617.56,,,,,,,,,,,,,,,,,,,,,,true,true,12,2024-04-01,2025-03-31,0
2024-07-26,27370,2024-03-31,1,,,,,,,,,,,,,,,,,,,,130213000000,45508000000,0.349,6691.54,45508000000,,,,,,,,,,,,true,false,12,2023-04-01,2024-03-31,-1
2024-07-26,27370,2024-03-31,1,,,,,,,,,,,,,,,,,,,,,,,,,,,,,200.00,,,,6802000,1032,,false,false,12,2023-04-01,2024-03-31,-1
2024-07-26,27370,2025-03-31,1,,,,,,,,,,,,,,,,,,,,,,,,,,,,,240.00,,,,,,,false,true,12,2024-04-01,2025-03-31,0
2024-07-26,27370,2025-03-31,1,,,,,,,,,,,,,,,,,,,,,,,,,,,,,,,,,6802000,1032,6800968,false,false,3,2024-04-01,2024-06-30,0
2024-07-26,27370,2024-03-31,1,,,,,,,,,,,,,,,,,,,,,,,,,,,,,,,,,,,6801037,false,false,3,2023-04-01,2023-06-30,-1
2024-10-29,27370,2025-03-31,2,207304000000,0.128,,,,,5988000000,0.050,5552000000,0.627,,4024000000,,591.68,,,,,,159141000000,46876000000,0.295,6892.57,46876000000,,,,,,,,,,,,true,false,6,2024-04-01,2024-09-30,0
2024-10-29,27370,2024-03-31,2,183781000000,-0.173,,,,,5703000000,-0.225,3413000000,-0.054,,-4000000,,-0.59,,,,,,,,,,,,,,,,,,,,,,true,false,6,2023-04-01,2023-09-30,-1
2024-10-29,27370,2025-03-31,2,430000000000,0.160,,,,,8600000000,-0.093,7200000000,0.161,,5500000000,,808.71,,,,,,,,,,,,,,,,,,,,,,true,true,12,2024-04-01,2025-03-31,0
2024-10-29,27370,2024-03-31,2,,,,,,,,,,,,,,,,,,,,130213000000,45508000000,0.349,6691.54,45508000000,,,,,,,,,,,,true,false,12,2023-04-01,2024-03-31,-1
2024-10-29,27370,2024-03-31,2,,,,,,,,,,,,,,,,,,,,,,,,,,,,,200.00,,,,6802000,1032,,false,false,12,2023-04-01,2024-03-31,-1
2024-10-29,27370,2025-03-31,2,,,,,,,,,,,,,,,,,,,,,,,,,,,,,0.00,,,,,,,false,false,12,2024-04-01,2025-03-31,0
2024-10-29,27370,2025-03-31,2,,,,,,,,,,,,,,,,,,,,,,,,,,,,,300.00,,,,,,,false,true,12,2024-04-01,2025-03-31,0
2024-10-29,27370,2025-03-31,2,,,,,,,,,,,,,,,,,,,,,,,,,,,,,,,,,6802000,1032,6800968,false,false,6,2024-04-01,2024-09-30,0
2024-10-29,27370,2024-03-31,2,,,,,,,,,,,,,,,,,,,,,,,,,,,,,,,,,,,6801037,false,false,6,2023-04-01,2023-09-30,-1
2025-01-29,27370,2025-03-31,3,307512000000,0.150,,,,,8723000000,0.225,6368000000,0.420,,4754000000,,699.12,,,,,,160557000000,49895000000,0.311,7336.55,49895000000,,,,,,,,,,,,true,false,9,2024-04-01,2024-12-31,0
2025-01-29,27370,2024-03-31,3,267494000000,-0.195,,,,,7119000000,-0.340,4486000000,-0.235,,787000000,,115.79,,,,,,,,,,,,,,,,,,,,,,true,false,9,2023-04-01,2023-12-31,-1
2025-01-29,27370,2025-03-31,3,430000000000,0.160,,,,,10000000000,0.055,7200000000,0.161,,5500000000,,808.71,,,,,,,,,,,,,,,,,,,,,,true,true,12,2024-04-01,2025-03-31,0
2025-01-29,27370,2024-03-31,3,,,,,,,,,,,,,,,,,,,,130213000000,45508000000,0.349,6691.54,45508000000,,,,,,,,,,,,true,false,12,2023-04-01,2024-03-31,-1
2025-01-29,27370,2024-03-31,3,,,,,,,,,,,,,,,,,,,,,,,,,,,,,200.00,,,,6802000,1032,,false,false,12,2023-04-01,2024-03-31,-1
2025-01-29,27370,2025-03-31,3,,,,,,,,,,,,,,,,,,,,,,,,,,,,,0.00,,,,,,,false,false,12,2024-04-01,2025-03-31,0
2025-01-29,27370,2025-03-31,3,,,,,,,,,,,,,,,,,,,,,,,,,,,,,300.00,,,,,,,false,true,12,2024-04-01,2025-03-31,0
2025-01-29,27370,2025-03-31,3,,,,,,,,,,,,,,,,,,,,,,,,,,,,,,,,,6802000,1032,6800968,false,false,9,2024-04-01,2024-12-31,0
2025-01-29,27370,2024-03-31,3,,,,,,,,,,,,,,,,,,,,,,,,,,,,,,,,,,,6801025,false,false,9,2023-04-01,2023-12-31,-1
2025-04-24,27370,2025-03-31,,421671000000,0.138,,,,,10169000000,0.073,7377000000,0.189,,5588000000,,821.69,,0.117,0.060,0.024,,113970000000,49621000000,0.435,7296.29,,9210000000,-21000000,-16853000000,13172000000,,0.365,,,,,,true,false,12,2024-04-01,2025-03-31,0
2025-04-24,27370,2024-03-31,,370676000000,-0.112,,,,,9480000000,-0.225,6203000000,-0.059,,2096000000,,308.23,,0.047,0.052,0.026,,130213000000,45508000000,0.349,6691.54,45508000000,4425000000,494000000,2904000000,20865000000,,0.649,,,,,,true,false,12,2023-04-01,2024-03-31,-1
2025-04-24,27370,2026-03-31,,400000000000,-0.051,,,,,8800000000,-0.135,6500000000,-0.119,,4800000000,,705.78,,,,,,,,,,,,,,,,0.368,,,,,,true,true,12,2025-04-01,2026-03-31,1
2025-04-24,27370,2025-03-31,,179033000000,0.209,,,,,4385000000,0.081,3841000000,0.276,2769000000,,,407.25,,,,,,70762000000,26268000000,0.371,3862.52,26268000000,,,,,300.00,,,,6802000,1082,6800959,false,false,12,2024-04-01,2025-03-31,0
2025-04-24,27370,2024-03-31,,148087000000,-0.270,,,,,4058000000,-0.436,3010000000,-0.081,-557000000,,,-82.04,,,,,,74731000000,24647000000,0.330,3624.07,24647000000,,,,,200.00,,,,6802000,1032,6801012,false,false,12,2023-04-01,2024-03-31,-1
2025-04-24,27370,2026-03-31,,,,,,,,,,,,,,,,,,,,,,,,,,,,,,260.00,,,,,,,false,true,12,2025-04-01,2026-03-31,1
