filing_date,code,fiscal_year_end,quarterly_period,net_sales,net_sales_change,revenue,revenue_change,operating_revenue,operating_revenue_change,operating_profit,operating_profit_change,ordinary_profit,ordinary_profit_change,net_income,net_income_of_parent,net_income_change,eps,diluted_eps,roe,roa,operating_profit_to_net_sales,operating_profit_to_revenue,total_assets,net_assets,equity_ratio,bps,owner_equity,operating_cash_flow,investing_cash_flow,financing_cash_flow,cash,dividend_per_share,payout_ratio,commemorative_dividend,extra_dividend,number_of_shares,number_of_treqsury_shares,avg_number_of_shares,is_consolidated,is_forecast,duration,period_start,period_end,period_pos
2015-07-01,27420,2016-02-29,1,,,,,25060000000,0.084,988000000,0.297,966000000,0.317,599000000,,0.308,33.31,33.31,,,,,52442000000,17559000000,0.335,,17557000000,,,,,,,,,18144000,140227,18003773,false,false,3,2015-03-01,2015-05-31,0
2015-07-01,27420,2015-02-28,1,,,,,23125000000,0.082,761000000,0.149,733000000,0.153,458000000,,0.232,25.28,,,,,,,,,,,,,,,,,,,,,18143773,false,false,3,2014-03-01,2014-05-31,-1
2015-07-01,27420,2016-02-29,1,,,,,49180000000,0.029,1740000000,0.024,1680000000,0.018,1080000000,,0.068,60.00,,,,,,,,,,,,,,,,,,,,,,false,true,6,2015-03-01,2015-08-31,0
2015-07-01,27420,2016-02-29,1,,,,,100000000000,0.045,3672000000,0.066,3552000000,0.059,2222000000,,0.058,123.42,,,,,,,,,,,,,,,16.00,,,,,,,false,true,12,2015-03-01,2016-02-29,0
2015-07-01,27420,2015-02-28,1,,,,,,,,,,,,,,,,,,,,51675000000,17280000000,0.334,,17280000000,,,,,16.00,,,,18144000,140227,,false,false,12,2014-03-01,2015-02-28,-1
2015-09-30,27420,2016-02-29,2,,,,,51840000000,0.085,2024000000,0.192,1990000000,0.206,1226000000,,0.214,68.15,68.08,,,,,49134000000,18189000000,0.370,,18184000000,,,,,,,,,18144000,140227,18003773,false,false,6,2015-03-01,2015-08-31,0
2015-09-30,27420,2015-02-28,2,,,,,47781000000,0.072,1698000000,0.163,1650000000,0.168,1010000000,,0.226,55.72,,,,,,,,,,,,,,,,,,,,,18143773,false,false,6,2014-03-01,2014-08-31,-1
2015-09-30,27420,2016-02-29,2,,,,,100000000000,0.045,3672000000,0.066,3552000000,0.059,2222000000,,0.058,123.42,,,,,,,,,,,,,,,16.00,,,,,,,false,true,12,2015-03-01,2016-02-29,0
2015-09-30,27420,2015-02-28,2,,,,,,,,,,,,,,,,,,,,51675000000,17280000000,0.334,,17280000000,,,,,16.00,,,,18144000,140227,,false,false,12,2014-03-01,2015-02-28,-1
2015-09-30,27420,2016-02-29,2,,,,,,,,,,,,,,,,,,,,,,,,,,,,,8.00,,,,,,,false,false,12,2015-03-01,2016-02-29,0
2015-12-28,27420,2016-02-29,3,,,,,78153000000,0.096,2723000000,0.079,2683000000,0.095,1655000000,,0.117,91.98,91.74,,,,,51192000000,18477000000,0.361,,18469000000,,,,,,,,,18144000,140227,18003773,false,false,9,2015-03-01,2015-11-30,0
2015-12-28,27420,2015-02-28,3,,,,,71281000000,0.062,2523000000,0.174,2450000000,0.177,1482000000,,0.219,81.71,,,,,,,,,,,,,,,,,,,,,18140500,false,false,9,2014-03-01,2014-11-30,-1
2015-12-28,27420,2016-02-29,3,,,,,100000000000,0.045,3672000000,0.066,3552000000,0.059,2222000000,,0.058,123.42,,,,,,,,,,,,,,,16.00,,,,,,,false,true,12,2015-03-01,2016-02-29,0
2015-12-28,27420,2015-02-28,3,,,,,,,,,,,,,,,,,,,,51675000000,17280000000,0.334,,17280000000,,,,,16.00,,,,18144000,140227,,false,false,12,2014-03-01,2015-02-28,-1
2015-12-28,27420,2016-02-29,3,,,,,,,,,,,,,,,,,,,,,,,,,,,,,8.00,,,,,,,false,false,12,2015-03-01,2016-02-29,0
2016-02-12,27420,2016-02-29,,,,,,105692000000,0.057,3983000000,0.085,3916000000,0.102,2451000000,,0.103,136.14,,,,,,,,,,,,,,,20.00,,,,,,,false,true,12,2015-03-01,2016-02-29,0
2016-02-12,27420,2015-02-28,,,,,,95660000000,,3445000000,,3354000000,,2099000000,,,115.86,,,,,,,,,,,,,,,16.00,,,,,,,false,false,12,2014-03-01,2015-02-28,-1
2016-02-12,27420,2016-02-29,,,,,,,,,,,,,,,,,,,,,,,,,,,,,,8.00,,,,,,,false,false,12,2015-03-01,2016-02-29,0
2016-04-12,27420,2016-02-29,,,,,,105985000000,0.108,4148000000,0.204,4089000000,0.219,2637000000,,0.256,146.49,146.08,0.144,0.079,0.040,,51578000000,19461000000,0.377,1080.37,19450000000,1258000000,-5519000000,753000000,5234000000,20.00,0.137,,,18144000,140227,18003773,false,false,12,2015-03-01,2016-02-29,0
2016-04-12,27420,2015-02-28,,,,,,95660000000,0.056,3445000000,0.131,3354000000,0.130,2099000000,,0.172,115.86,,0.128,0.070,0.037,,51675000000,17280000000,0.334,959.83,17280000000,10256000000,-2853000000,-1344000000,8741000000,16.00,0.138,,,18144000,140227,18121088,false,false,12,2014-03-01,2015-02-28,-1
2016-04-12,27420,2017-02-28,,,,,,55740000000,0.075,2240000000,0.106,2199000000,0.105,1399000000,,0.140,71.56,,,,,,,,,,,,,,,,,,,,,,false,true,6,2016-03-01,2016-08-31,1
2016-04-12,27420,2017-02-28,,,,,,111900000000,0.056,4390000000,0.058,4319000000,0.056,2789000000,,0.057,141.75,,,,,,,,,,,,,,,20.00,0.141,,,,,,false,true,12,2016-03-01,2017-02-28,1
2016-06-29,27420,2017-02-28,1,,,,,27614000000,0.102,1045000000,0.059,1015000000,0.052,679000000,,0.133,35.23,35.15,,,,,56505000000,23820000000,0.421,,23807000000,,,,,,,,,19864600,140227,19284362,false,false,3,2016-03-01,2016-05-31,0
2016-06-29,27420,2016-02-28,1,,,,,25060000000,0.084,988000000,0.297,966000000,0.317,599000000,,0.308,33.31,33.31,,,,,,,,,,,,,,,,,,,,18003773,false,false,3,2015-03-01,2015-05-31,-1
2016-06-29,27420,2017-02-28,1,,,,,55740000000,0.075,2240000000,0.106,2199000000,0.105,1399000000,,0.140,71.73,,,,,,,,,,,,,,,,,,,,,,false,true,6,2016-03-01,2016-08-31,0
2016-06-29,27420,2017-02-28,1,,,,,111900000000,0.056,4390000000,0.058,4319000000,0.056,2789000000,,0.057,142.20,,,,,,,,,,,,,,,20.00,,,,,,,false,true,12,2016-03-01,2017-02-28,0
2016-06-29,27420,2016-02-28,1,,,,,,,,,,,,,,,,,,,,51578000000,19461000000,0.377,,19450000000,,,,,20.00,,,,18144000,140227,,false,false,12,2015-03-01,2016-02-29,-1
2016-09-30,27420,2017-02-28,2,,,,,56686000000,0.093,2143000000,0.059,2089000000,0.050,1516000000,,0.236,77.76,77.60,,,,,57386000000,24673000000,0.429,,24644000000,,,,,,,,,19864600,140227,19504367,false,false,6,2016-03-01,2016-08-31,0
2016-09-30,27420,2016-02-28,2,,,,,51840000000,0.085,2024000000,0.192,1990000000,0.206,1226000000,,0.214,68.15,68.08,,,,,,,,,,,,,,,,,,,,18003773,false,false,6,2015-03-01,2015-08-31,-1
2016-09-30,27420,2017-02-28,2,,,,,111900000000,0.056,4390000000,0.058,4319000000,0.056,2789000000,,0.057,142.20,,,,,,,,,,,,,,,20.00,,,,,,,false,true,12,2016-03-01,2017-02-28,0
2016-09-30,27420,2016-02-28,2,,,,,,,,,,,,,,,,,,,,51578000000,19461000000,0.377,,19450000000,,,,,20.00,,,,18144000,140227,,false,false,12,2015-03-01,2016-02-29,-1
2016-09-30,27420,2017-02-28,2,,,,,,,,,,,,,,,,,,,,,,,,,,,,,10.00,,,,,,,false,false,12,2016-03-01,2017-02-28,0
2016-12-28,27420,2017-02-28,3,,,,,85071000000,0.089,3255000000,0.195,3187000000,0.188,2250000000,,0.359,114.95,114.65,,,,,56501000000,25226000000,0.446,,25180000000,,,,,,,,,19864600,140227,19577169,false,false,9,2016-03-01,2016-11-30,0
2016-12-28,27420,2016-02-28,3,,,,,78153000000,0.096,2723000000,0.079,2683000000,0.095,1655000000,,0.117,91.98,91.74,,,,,,,,,,,,,,,,,,,,18003773,false,false,9,2015-03-01,2015-11-30,-1
2016-12-28,27420,2017-02-28,3,,,,,111900000000,0.056,4390000000,0.058,4319000000,0.056,2789000000,,0.057,142.20,,,,,,,,,,,,,,,20.00,,,,,,,false,true,12,2016-03-01,2017-02-28,0
2016-12-28,27420,2016-02-28,3,,,,,,,,,,,,,,,,,,,,51578000000,19461000000,0.377,,19450000000,,,,,20.00,,,,18144000,140227,,false,false,12,2015-03-01,2016-02-29,-1
2016-12-28,27420,2017-02-28,3,,,,,,,,,,,,,,,,,,,,,,,,,,,,,10.00,,,,,,,false,false,12,2016-03-01,2017-02-28,0
2017-04-12,27420,2017-02-28,,,,,,114759000000,0.083,4608000000,0.111,4523000000,0.106,2913000000,,0.105,148.57,148.13,0.129,0.084,0.041,,56353000000,25905000000,0.459,1310.28,25844000000,6178000000,-6436000000,631000000,5608000000,20.00,0.135,,,19864600,140227,19613466,false,false,12,2016-03-01,2017-02-28,0
2017-04-12,27420,2016-02-28,,,,,,105985000000,0.108,4148000000,0.204,4089000000,0.219,2637000000,,0.256,146.49,146.08,0.144,0.079,0.040,,51578000000,19461000000,0.377,1080.37,19450000000,1258000000,-5519000000,753000000,5234000000,20.00,0.137,,,18144000,140227,18003773,false,false,12,2015-03-01,2016-02-29,-1
2017-04-12,27420,2018-02-28,,,,,,59150000000,0.044,2510000000,0.171,2470000000,0.182,1620000000,,0.068,82.13,,,,,,,,,,,,,,,,,,,,,,false,true,6,2017-03-01,2017-08-31,1
2017-04-12,27420,2018-02-28,,,,,,120000000000,0.046,4830000000,0.048,4740000000,0.048,3100000000,,0.064,157.17,,,,,,,,,,,,,,,24.00,0.153,,,,,,false,true,12,2017-03-01,2018-02-28,1
2017-06-29,27420,2018-02-28,1,,,,,29075000000,0.053,1078000000,0.031,1056000000,0.040,723000000,,0.064,36.65,36.52,,,,,57087000000,26467000000,0.462,,26395000000,,,,,,,,,19864600,124327,19734098,false,false,3,2017-03-01,2017-05-31,0
2017-06-29,27420,2017-02-28,1,,,,,27614000000,0.102,1045000000,0.059,1015000000,0.052,679000000,,0.133,35.23,35.15,,,,,,,,,,,,,,,,,,,,19284362,false,false,3,2016-03-01,2016-05-31,-1
2017-06-29,27420,2018-02-28,1,,,,,59150000000,0.044,2510000000,0.171,2470000000,0.182,1620000000,,0.068,82.09,,,,,,,,,,,,,,,,,,,,,,false,true,6,2017-03-01,2017-08-31,0
2017-06-29,27420,2018-02-28,1,,,,,120000000000,0.046,4830000000,0.048,4740000000,0.048,3100000000,,0.064,157.09,,,,,,,,,,,,,,,24.00,,,,,,,false,true,12,2017-03-01,2018-02-28,0
2017-06-29,27420,2017-02-28,1,,,,,,,,,,,,,,,,,,,,56353000000,25905000000,0.459,,25844000000,,,,,20.00,,,,19864600,140227,,false,false,12,2016-03-01,2017-02-28,-1
2017-09-29,27420,2018-02-28,2,,,,,59806000000,0.055,2116000000,-0.013,2090000000,0.000,1407000000,,-0.072,71.30,71.05,,,,,59108000000,27174000000,0.458,,27100000000,,,,,,,,,19864600,111327,19740621,false,false,6,2017-03-01,2017-08-31,0
2017-09-29,27420,2017-02-28,2,,,,,56686000000,0.093,2143000000,0.059,2089000000,0.050,1516000000,,0.236,77.76,77.60,,,,,,,,,,,,,,,,,,,,19504367,false,false,6,2016-03-01,2016-08-31,-1
2017-09-29,27420,2018-02-28,2,,,,,120000000000,0.046,4830000000,0.048,4740000000,0.048,3100000000,,0.064,157.04,,,,,,,,,,,,,,,24.00,,,,,,,false,true,12,2017-03-01,2018-02-28,0
2017-09-29,27420,2017-02-28,2,,,,,,,,,,,,,,,,,,,,56353000000,25905000000,0.459,,25844000000,,,,,20.00,,,,19864600,140227,,false,false,12,2016-03-01,2017-02-28,-1
2017-09-29,27420,2018-02-28,2,,,,,,,,,,,,,,,,,,,,,,,,,,,,,12.00,,,,,,,false,false,12,2017-03-01,2018-02-28,0
2017-12-28,27420,2018-02-28,3,,,,,90017000000,0.058,3342000000,0.027,3319000000,0.041,2221000000,,-0.013,112.49,112.10,,,,,59326000000,27767000000,0.467,,27689000000,,,,,,,,,19864600,103327,19745683,false,false,9,2017-03-01,2017-11-30,0
2017-12-28,27420,2017-02-28,3,,,,,85071000000,0.089,3255000000,0.195,3187000000,0.188,2250000000,,0.359,114.95,114.65,,,,,,,,,,,,,,,,,,,,19577169,false,false,9,2016-03-01,2016-11-30,-1
2017-12-28,27420,2018-02-28,3,,,,,120000000000,0.046,4830000000,0.048,4740000000,0.048,3100000000,,0.064,157.00,,,,,,,,,,,,,,,24.00,,,,,,,false,true,12,2017-03-01,2018-02-28,0
2017-12-28,27420,2017-02-28,3,,,,,,,,,,,,,,,,,,,,56353000000,25905000000,0.459,,25844000000,,,,,20.00,,,,19864600,140227,,false,false,12,2016-03-01,2017-02-28,-1
2017-12-28,27420,2018-02-28,3,,,,,,,,,,,,,,,,,,,,,,,,,,,,,12.00,,,,,,,false,false,12,2017-03-01,2018-02-28,0
2018-04-12,27420,2018-02-28,,,,,,121359000000,0.058,4914000000,0.066,4897000000,0.083,3400000000,,0.167,172.17,171.57,0.124,0.084,0.042,,60506000000,28954000000,0.477,1460.88,28871000000,7192000000,-5524000000,-1792000000,5483000000,24.00,0.139,,,19864600,101227,19749646,false,false,12,2017-03-01,2018-02-28,0
2018-04-12,27420,2017-02-28,,,,,,114759000000,0.083,4608000000,0.111,4523000000,0.106,2913000000,,0.105,148.57,148.13,0.129,0.084,0.041,,56353000000,25905000000,0.459,1310.28,25844000000,6178000000,-6436000000,631000000,5608000000,20.00,0.135,,,19864600,140227,19613466,false,false,12,2016-03-01,2017-02-28,-1
2018-04-12,27420,2019-02-28,,,,,,62700000000,0.048,2330000000,0.101,2300000000,0.100,1520000000,,0.080,76.96,,,,,,,,,,,,,,,,,,,,,,false,true,6,2018-03-01,2018-08-31,1
2018-04-12,27420,2019-02-28,,,,,,127200000000,0.048,5050000000,0.028,5000000000,0.021,3300000000,,-0.030,167.09,,,,,,,,,,,,,,,24.00,0.145,,,,,,false,true,12,2018-03-01,2019-02-28,1
2018-04-12,27420,2018-02-28,,,,,,121359000000,0.058,4914000000,0.066,4897000000,0.083,3400000000,,0.167,172.17,171.57,0.124,0.084,0.042,,60506000000,28954000000,0.477,1460.88,28871000000,7192000000,-5524000000,-1792000000,5483000000,24.00,0.139,,,19864600,101227,19749646,false,false,12,2017-03-01,2018-02-28,0
2018-04-12,27420,2017-02-28,,,,,,114759000000,0.083,4608000000,0.111,4523000000,0.106,2913000000,,0.105,148.57,148.13,0.129,0.084,0.041,,56353000000,25905000000,0.459,1310.28,25844000000,6178000000,-6436000000,631000000,5608000000,20.00,0.135,,,19864600,140227,19613466,false,false,12,2016-03-01,2017-02-28,-1
2018-04-12,27420,2019-02-28,,,,,,62700000000,0.048,2330000000,0.101,2300000000,0.100,1520000000,,0.080,76.96,,,,,,,,,,,,,,,,,,,,,,false,true,6,2018-03-01,2018-08-31,1
2018-04-12,27420,2019-02-28,,,,,,127200000000,0.048,5050000000,0.028,5000000000,0.021,3300000000,,-0.030,167.09,,,,,,,,,,,,,,,24.00,0.144,,,,,,false,true,12,2018-03-01,2019-02-28,1
2018-06-28,27420,2019-02-28,1,,,,,30491000000,0.049,1187000000,0.102,1177000000,0.114,790000000,,0.093,40.00,39.86,,,,,61103000000,29517000000,0.482,,29430000000,,,,,,,,,19864600,97827,19764903,false,false,3,2018-03-01,2018-05-31,0
2018-06-28,27420,2018-02-28,1,,,,,29075000000,0.053,1078000000,0.031,1056000000,0.040,723000000,,0.064,36.65,36.52,,,,,,,,,,,,,,,,,,,,19734098,false,false,3,2017-03-01,2017-05-31,-1
2018-06-28,27420,2019-02-28,1,,,,,62700000000,0.048,2330000000,0.101,2300000000,0.100,1520000000,,0.080,76.90,,,,,,,,,,,,,,,,,,,,,,false,true,6,2018-03-01,2018-08-31,0
2018-06-28,27420,2019-02-28,1,,,,,127200000000,0.048,5050000000,0.028,5000000000,0.021,3300000000,,-0.030,166.96,,,,,,,,,,,,,,,24.00,,,,,,,false,true,12,2018-03-01,2019-02-28,0
2018-06-28,27420,2018-02-28,1,,,,,,,,,,,,,,,,,,,,60506000000,28954000000,0.477,,28871000000,,,,,24.00,,,,19864600,101227,,false,false,12,2017-03-01,2018-02-28,-1
2018-09-28,27420,2019-02-28,2,,,,,63495000000,0.062,2530000000,0.195,2534000000,0.212,1717000000,,0.220,86.87,86.56,,,,,64586000000,30452000000,0.470,,30360000000,,,,,,,,,19864600,95727,19766315,false,false,6,2018-03-01,2018-08-31,0
2018-09-28,27420,2018-02-28,2,,,,,59806000000,0.055,2116000000,-0.013,2090000000,0.000,1407000000,,-0.072,71.30,71.05,,,,,,,,,,,,,,,,,,,,19740621,false,false,6,2017-03-01,2017-08-31,-1
2018-09-28,27420,2019-02-28,2,,,,,127200000000,0.048,5050000000,0.028,5000000000,0.021,3300000000,,-0.030,166.95,,,,,,,,,,,,,,,26.00,,,,,,,false,true,12,2018-03-01,2019-02-28,0
2018-09-28,27420,2018-02-28,2,,,,,,,,,,,,,,,,,,,,60506000000,28954000000,0.477,,28871000000,,,,,24.00,,,,19864600,101227,,false,false,12,2017-03-01,2018-02-28,-1
2018-09-28,27420,2019-02-28,2,,,,,,,,,,,,,,,,,,,,,,,,,,,,,12.00,,,,,,,false,false,12,2018-03-01,2019-02-28,0
2018-12-28,27420,2019-02-28,3,,,,,95093000000,0.056,3683000000,0.102,3693000000,0.113,2497000000,,0.124,126.33,125.88,,,,,62961000000,31002000000,0.491,,30906000000,,,,,,,,,19864600,93927,19767364,false,false,9,2018-03-01,2018-11-30,0
2018-12-28,27420,2018-02-28,3,,,,,90017000000,0.058,3342000000,0.027,3319000000,0.041,2221000000,,-0.013,112.49,112.10,,,,,,,,,,,,,,,,,,,,19745683,false,false,9,2017-03-01,2017-11-30,-1
2018-12-28,27420,2019-02-28,3,,,,,127200000000,0.048,5050000000,0.028,5000000000,0.021,3300000000,,-0.030,166.94,,,,,,,,,,,,,,,26.00,,,,,,,false,true,12,2018-03-01,2019-02-28,0
2018-12-28,27420,2018-02-28,3,,,,,,,,,,,,,,,,,,,,60506000000,28954000000,0.477,,28871000000,,,,,24.00,,,,19864600,101227,,false,false,12,2017-03-01,2018-02-28,-1
2018-12-28,27420,2019-02-28,3,,,,,,,,,,,,,,,,,,,,,,,,,,,,,12.00,,,,,,,false,false,12,2018-03-01,2019-02-28,0
2019-04-12,27420,2019-02-28,,,,,,127323000000,0.049,4916000000,0.000,4937000000,0.008,3161000000,,-0.070,159.92,159.35,0.105,0.079,0.040,,63834000000,31677000000,0.495,1596.82,31576000000,7129000000,-4648000000,-1468000000,6496000000,26.00,0.163,,,19864600,90027,19768392,false,false,12,2018-03-01,2019-02-28,0
2019-04-12,27420,2018-02-28,,,,,,121359000000,0.058,4914000000,0.066,4897000000,0.083,3400000000,,0.167,172.17,171.57,0.124,0.084,0.042,,60506000000,28954000000,0.477,1460.88,28871000000,7192000000,-5524000000,-1792000000,5483000000,24.00,0.139,,,19864600,101227,19749646,false,false,12,2017-03-01,2018-02-28,-1
2019-04-12,27420,2020-02-28,,,,,,65490000000,0.031,2440000000,-0.036,2420000000,-0.045,1610000000,,-0.062,81.44,,,,,,,,,,,,,,,,,,,,,,false,true,6,2019-03-01,2019-08-31,1
2019-04-12,27420,2020-02-28,,,,,,133500000000,0.049,5150000000,0.048,5100000000,0.033,3390000000,,0.072,171.49,,,,,,,,,,,,,,,28.00,0.163,,,,,,false,true,12,2019-03-01,2020-02-29,1
2019-06-27,27420,2020-02-29,1,,,,,32353000000,0.061,1094000000,-0.078,1083000000,-0.080,725000000,,-0.083,36.66,36.54,,,,,64889000000,32134000000,0.494,,32028000000,,,,,,,,,19864600,87174,19775436,false,false,3,2019-03-01,2019-05-31,0
2019-06-27,27420,2019-02-28,1,,,,,30491000000,0.049,1187000000,0.102,1177000000,0.114,790000000,,0.093,40.00,39.86,,,,,,,,,,,,,,,,,,,,19764903,false,false,3,2018-03-01,2018-05-31,-1
2019-06-27,27420,2020-02-29,1,,,,,65490000000,0.031,2440000000,-0.036,2420000000,-0.045,1610000000,,-0.062,81.41,,,,,,,,,,,,,,,,,,,,,,false,true,6,2019-03-01,2019-08-31,0
2019-06-27,27420,2020-02-29,1,,,,,133500000000,0.049,5150000000,0.048,5100000000,0.033,3390000000,,0.072,171.42,,,,,,,,,,,,,,,28.00,,,,,,,false,true,12,2019-03-01,2020-02-29,0
2019-06-27,27420,2019-02-28,1,,,,,,,,,,,,,,,,,,,,63834000000,31677000000,0.495,,31576000000,,,,,26.00,,,,19864600,90027,,false,false,12,2018-03-01,2019-02-28,-1
2019-09-27,27420,2020-02-29,2,,,,,66344000000,0.045,2486000000,-0.017,2471000000,-0.025,1664000000,,-0.031,84.14,83.86,,,,,73829000000,33090000000,0.447,,32981000000,,,,,,,,,19864600,78474,19777861,false,false,6,2019-03-01,2019-08-31,0
2019-09-27,27420,2019-02-28,2,,,,,63495000000,0.062,2530000000,0.195,2534000000,0.212,1717000000,,0.220,86.87,86.56,,,,,,,,,,,,,,,,,,,,19766315,false,false,6,2018-03-01,2018-08-31,-1
2019-09-27,27420,2020-02-29,2,,,,,133500000000,0.049,5150000000,0.048,5100000000,0.033,3390000000,,0.072,171.40,,,,,,,,,,,,,,,28.00,,,,,,,false,true,12,2019-03-01,2020-02-29,0
2019-09-27,27420,2019-02-28,2,,,,,,,,,,,,,,,,,,,,63834000000,31677000000,0.495,,31576000000,,,,,26.00,,,,19864600,90027,,false,false,12,2018-03-01,2019-02-28,-1
2019-09-27,27420,2020-02-29,2,,,,,,,,,,,,,,,,,,,,,,,,,,,,,14.00,,,,,,,false,false,12,2019-03-01,2020-02-29,0
2019-12-27,27420,2020-02-29,3,,,,,99449000000,0.046,3607000000,-0.021,3609000000,-0.023,2432000000,,-0.026,123.05,122.63,,,,,74024000000,33474000000,0.451,,33362000000,,,,,,,,,19864600,122374,19771303,false,false,9,2019-03-01,2019-11-30,0
2019-12-27,27420,2019-02-28,3,,,,,95093000000,0.056,3683000000,0.102,3693000000,0.113,2497000000,,0.124,126.33,125.88,,,,,,,,,,,,,,,,,,,,19767364,false,false,9,2018-03-01,2018-11-30,-1
2019-12-27,27420,2020-02-29,3,,,,,133500000000,0.049,5150000000,0.048,5100000000,0.033,3390000000,,0.072,171.46,,,,,,,,,,,,,,,28.00,,,,,,,false,true,12,2019-03-01,2020-02-29,0
2019-12-27,27420,2019-02-28,3,,,,,,,,,,,,,,,,,,,,63834000000,31677000000,0.495,,31576000000,,,,,26.00,,,,19864600,90027,,false,false,12,2018-03-01,2019-02-28,-1
2019-12-27,27420,2020-02-29,3,,,,,,,,,,,,,,,,,,,,,,,,,,,,,14.00,,,,,,,false,false,12,2019-03-01,2020-02-29,0
2020-04-13,27420,2020-02-29,,,,,,134659000000,0.058,5290000000,0.076,5312000000,0.076,3544000000,,0.121,179.28,178.68,0.107,0.075,0.040,,77066000000,34653000000,0.448,1745.84,34545000000,15133000000,-8133000000,1039000000,14535000000,28.00,0.156,,,19864600,77374,19771964,false,false,12,2019-03-01,2020-02-29,0
2020-04-13,27420,2019-02-28,,,,,,127323000000,0.049,4916000000,0.000,4937000000,0.008,3161000000,,-0.070,159.92,159.35,0.105,0.079,0.040,,63834000000,31677000000,0.495,1596.82,31576000000,7129000000,-4648000000,-1468000000,6496000000,26.00,0.163,,,19864600,90027,19768392,false,false,12,2018-03-01,2019-02-28,-1
2020-04-13,27420,2021-02-28,,,,,,69990000000,0.055,2520000000,0.014,2500000000,0.012,1670000000,,0.004,84.46,,,,,,,,,,,,,,,,,,,,,,false,true,6,2020-03-01,2020-08-31,1
2020-04-13,27420,2021-02-28,,,,,,142000000000,0.055,5440000000,0.028,5400000000,0.017,3580000000,,0.010,181.06,,,,,,,,,,,,,,,28.00,0.155,,,,,,false,true,12,2020-03-01,2021-02-28,1
2020-06-26,27420,2021-02-28,1,,,,,38035000000,0.176,1913000000,0.749,1907000000,0.761,1326000000,,0.829,67.01,66.84,,,,,82113000000,35711000000,0.434,,35598000000,,,,,,,,,19864600,74523,19790017,false,false,3,2020-03-01,2020-05-31,0
2020-06-26,27420,2020-02-28,1,,,,,32353000000,0.061,1094000000,-0.078,1083000000,-0.080,725000000,,-0.083,36.66,36.54,,,,,,,,,,,,,,,,,,,,19775436,false,false,3,2019-03-01,2019-05-31,-1
2020-06-26,27420,2021-02-28,1,,,,,69990000000,0.055,2520000000,0.014,2500000000,0.012,1670000000,,0.004,84.39,,,,,,,,,,,,,,,,,,,,,,false,true,6,2020-03-01,2020-08-31,0
2020-06-26,27420,2021-02-28,1,,,,,142000000000,0.055,5440000000,0.028,5400000000,0.017,3580000000,,0.010,180.90,,,,,,,,,,,,,,,28.00,,,,,,,false,true,12,2020-03-01,2021-02-28,0
2020-06-26,27420,2020-02-28,1,,,,,,,,,,,,,,,,,,,,77066000000,34653000000,0.448,,34545000000,,,,,28.00,,,,19864600,77374,,false,false,12,2019-03-01,2020-02-29,-1
2020-09-11,27420,2021-02-28,,,,,,76390000000,0.091,3800000000,0.508,3800000000,0.520,2620000000,,0.569,132.39,,,,,,,,,,,,,,,,,,,,,,false,true,6,2020-03-01,2020-08-31,0
2020-09-11,27420,2020-02-28,,,,,,66344000000,,2486000000,,2471000000,,1664000000,,,84.14,,,,,,,,,,,,,,,,,,,,,,false,false,6,2019-03-01,2019-08-31,-1
2020-09-11,27420,2021-02-28,,,,,,148400000000,0.045,6720000000,0.235,6700000000,0.241,4530000000,,0.265,228.90,,,,,,,,,,,,,,,32.00,,,,,,,false,true,12,2020-03-01,2021-02-28,0
2020-09-11,27420,2020-02-28,,,,,,134659000000,,5290000000,,5312000000,,3544000000,,,179.28,,,,,,,,,,,,,,,28.00,,,,,,,false,false,12,2019-03-01,2020-02-29,-1
2020-09-28,27420,2021-02-28,2,,,,,76651000000,0.155,3874000000,0.559,3864000000,0.564,2686000000,,0.615,135.76,135.41,,,,,75572000000,37078000000,0.489,,36959000000,,,,,,,,,19864600,74542,19790045,false,false,6,2020-03-01,2020-08-31,0
2020-09-28,27420,2020-02-28,2,,,,,66344000000,0.045,2486000000,-0.017,2471000000,-0.025,1664000000,,-0.031,84.14,83.86,,,,,,,,,,,,,,,,,,,,19777861,false,false,6,2019-03-01,2019-08-31,-1
2020-09-28,27420,2021-02-28,2,,,,,148400000000,0.102,6720000000,0.270,6700000000,0.261,4530000000,,0.278,228.90,,,,,,,,,,,,,,,32.00,,,,,,,false,true,12,2020-03-01,2021-02-28,0
2020-09-28,27420,2020-02-28,2,,,,,,,,,,,,,,,,,,,,77066000000,34653000000,0.448,,34545000000,,,,,28.00,,,,19864600,77374,,false,false,12,2019-03-01,2020-02-29,-1
2020-09-28,27420,2021-02-28,2,,,,,,,,,,,,,,,,,,,,,,,,,,,,,16.00,,,,,,,false,false,12,2020-03-01,2021-02-28,0
2020-12-25,27420,2021-02-28,3,,,,,113712000000,0.143,5470000000,0.516,5458000000,0.512,3761000000,,0.546,190.08,189.57,,,,,75950000000,37841000000,0.497,,37717000000,,,,,,,,,19864600,74617,19790027,false,false,9,2020-03-01,2020-11-30,0
2020-12-25,27420,2020-02-28,3,,,,,99449000000,0.046,3607000000,-0.021,3609000000,-0.023,2432000000,,-0.026,123.05,122.63,,,,,,,,,,,,,,,,,,,,19771303,false,false,9,2019-03-01,2019-11-30,-1
2020-12-25,27420,2021-02-28,3,,,,,150350000000,0.117,7060000000,0.335,7020000000,0.322,4810000000,,0.357,243.05,,,,,,,,,,,,,,,32.00,,,,,,,false,true,12,2020-03-01,2021-02-28,0
2020-12-25,27420,2020-02-28,3,,,,,,,,,,,,,,,,,,,,77066000000,34653000000,0.448,,34545000000,,,,,28.00,,,,19864600,77374,,false,false,12,2019-03-01,2020-02-29,-1
2020-12-25,27420,2021-02-28,3,,,,,,,,,,,,,,,,,,,,,,,,,,,,,16.00,,,,,,,false,false,12,2020-03-01,2021-02-28,0
2020-12-25,27420,2021-02-28,,,,,,150350000000,0.013,7060000000,0.051,7020000000,0.048,4810000000,,0.062,243.05,,,,,,,,,,,,,,,,,,,,,,false,true,12,2020-03-01,2021-02-28,0
2020-12-25,27420,2020-02-28,,,,,,134659000000,,5290000000,,5312000000,,3544000000,,,179.28,,,,,,,,,,,,,,,,,,,,,,false,false,12,2019-03-01,2020-02-29,-1
2021-04-13,27420,2021-02-28,,,,,,151943000000,0.128,7604000000,0.437,7582000000,0.427,5498000000,,0.551,276.84,276.08,0.140,0.090,0.051,,90845000000,44217000000,0.485,2065.07,44087000000,11589000000,-7560000000,4684000000,23249000000,34.00,0.123,,,21423900,74617,19861828,false,false,12,2020-03-01,2021-02-28,0
2021-04-13,27420,2020-02-28,,,,,,134659000000,0.058,5290000000,0.076,5312000000,0.076,3544000000,,0.121,179.28,178.67,0.107,0.075,0.040,,77066000000,34653000000,0.448,1745.84,34545000000,15133000000,-8133000000,1039000000,14535000000,28.00,0.156,,,19864600,77374,19771964,false,false,12,2019-03-01,2020-02-29,-1
2021-04-13,27420,2022-02-28,,,,,,76500000000,-0.002,3260000000,-0.159,3250000000,-0.159,2190000000,,-0.185,110.26,,,,,,,,,,,,,,,,,,,,,,false,true,6,2021-03-01,2021-08-31,1
2021-04-13,27420,2022-02-28,,,,,,156800000000,0.032,7330000000,-0.036,7300000000,-0.037,4920000000,,-0.105,247.71,,,,,,,,,,,,,,,36.00,0.145,,,,,,false,true,12,2021-03-01,2022-02-28,1
2021-06-28,27420,2022-02-28,1,,,,,39080000000,0.027,1980000000,0.035,1984000000,0.040,1347000000,,0.016,63.13,62.96,,,,,84041000000,45186000000,0.536,,45051000000,,,,,,,,,21423900,74617,21349283,false,false,3,2021-03-01,2021-05-31,0
2021-06-28,27420,2021-02-28,1,,,,,38035000000,0.176,1913000000,0.749,1907000000,0.761,1326000000,,0.829,67.01,66.84,,,,,,,,,,,,,,,,,,,,19790017,false,false,3,2020-03-01,2020-05-31,-1
2021-06-28,27420,2022-02-28,1,,,,,76500000000,-0.002,3260000000,-0.159,3250000000,-0.159,2190000000,,-0.185,102.58,,,,,,,,,,,,,,,,,,,,,,false,true,6,2021-03-01,2021-08-31,0
2021-06-28,27420,2022-02-28,1,,,,,156800000000,0.032,7330000000,-0.036,7300000000,-0.037,4920000000,,-0.105,230.45,,,,,,,,,,,,,,,36.00,,,,,,,false,true,12,2021-03-01,2022-02-28,0
2021-06-28,27420,2021-02-28,1,,,,,,,,,,,,,,,,,,,,90845000000,44217000000,0.485,,44087000000,,,,,34.00,,,,21423900,74617,,false,false,12,2020-03-01,2021-02-28,-1
2021-09-28,27420,2022-02-28,2,,,,,80880000000,0.055,4020000000,0.037,4022000000,0.041,2728000000,,0.016,127.77,127.45,,,,,85497000000,46571000000,0.543,,46459000000,,,,,,,,,21423900,62317,21355366,false,false,6,2021-03-01,2021-08-31,0
2021-09-28,27420,2021-02-28,2,,,,,76651000000,0.155,3874000000,0.559,3864000000,0.564,2686000000,,0.615,135.76,135.41,,,,,,,,,,,,,,,,,,,,19790045,false,false,6,2020-03-01,2020-08-31,-1
2021-09-28,27420,2022-02-28,2,,,,,156800000000,0.032,7330000000,-0.036,7300000000,-0.037,4920000000,,-0.105,230.39,,,,,,,,,,,,,,,36.00,,,,,,,false,true,12,2021-03-01,2022-02-28,0
2021-09-28,27420,2021-02-28,2,,,,,,,,,,,,,,,,,,,,90845000000,44217000000,0.485,,44087000000,,,,,34.00,,,,21423900,74617,,false,false,12,2020-03-01,2021-02-28,-1
2021-09-28,27420,2022-02-28,2,,,,,,,,,,,,,,,,,,,,,,,,,,,,,18.00,,,,,,,false,false,12,2021-03-01,2022-02-28,0
2021-12-27,27420,2022-02-28,3,,,,,121252000000,0.066,6087000000,0.113,6093000000,0.116,4134000000,,0.099,193.59,193.11,,,,,84456000000,47597000000,0.562,,47481000000,,,,,,,,,21423900,62317,21357423,false,false,9,2021-03-01,2021-11-30,0
2021-12-27,27420,2021-02-28,3,,,,,113712000000,0.143,5470000000,0.516,5458000000,0.512,3761000000,,0.546,190.08,189.57,,,,,,,,,,,,,,,,,,,,19790027,false,false,9,2020-03-01,2020-11-30,-1
2021-12-27,27420,2022-02-28,3,,,,,156800000000,0.032,7330000000,-0.036,7300000000,-0.037,4920000000,,-0.105,230.36,,,,,,,,,,,,,,,36.00,,,,,,,false,true,12,2021-03-01,2022-02-28,0
2021-12-27,27420,2021-02-28,3,,,,,,,,,,,,,,,,,,,,90845000000,44217000000,0.485,,44087000000,,,,,34.00,,,,21423900,74617,,false,false,12,2020-03-01,2021-02-28,-1
2021-12-27,27420,2022-02-28,3,,,,,,,,,,,,,,,,,,,,,,,,,,,,,18.00,,,,,,,false,false,12,2021-03-01,2022-02-28,0
2022-04-12,27420,2022-02-28,,,,,,163374000000,0.075,8688000000,0.143,8713000000,0.149,5932000000,,0.079,277.77,277.08,0.127,0.098,0.055,,87266000000,49400000000,0.565,2306.90,49279000000,3280000000,-7819000000,-4047000000,14663000000,38.00,0.137,,,21423900,62317,21358449,false,false,12,2021-03-01,2022-02-28,0
2022-04-12,27420,2021-02-28,,,,,,151943000000,0.128,7604000000,0.437,7582000000,0.427,5498000000,,0.551,276.84,276.08,0.140,0.090,0.051,,90845000000,44217000000,0.485,2065.07,44087000000,11589000000,-7560000000,4684000000,23249000000,34.00,0.123,,,21423900,74617,19861828,false,false,12,2020-03-01,2021-02-28,-1
2022-04-12,27420,2023-02-28,,,,,,82810000000,,4340000000,,4330000000,,2940000000,,,137.65,,,,,,,,,,,,,,,,,,,,,,false,true,6,2022-03-01,2022-08-31,1
2022-04-12,27420,2023-02-28,,,,,,166000000000,,8700000000,,8750000000,,5940000000,,,278.11,,,,,,,,,,,,,,,40.00,0.144,,,,,,false,true,12,2022-03-01,2023-02-28,1
2022-06-28,27420,2023-02-28,1,,,,,41655000000,0.066,2163000000,0.093,2170000000,0.094,1479000000,,0.098,69.25,69.08,,,,,89837000000,50473000000,0.560,,50338000000,,,,,,,,,21423900,62317,21361583,false,false,3,2022-03-01,2022-05-31,0
2022-06-28,27420,2022-02-28,1,,,,,39080000000,0.027,1980000000,0.035,1984000000,0.040,1347000000,,0.016,63.13,62.96,,,,,,,,,,,,,,,,,,,,21349283,false,false,3,2021-03-01,2021-05-31,-1
2022-06-28,27420,2023-02-28,1,,,,,82810000000,0.024,4340000000,0.080,4330000000,0.076,2940000000,,0.077,137.63,,,,,,,,,,,,,,,,,,,,,,false,true,6,2022-03-01,2022-08-31,0
2022-06-28,27420,2023-02-28,1,,,,,166000000000,0.016,8700000000,0.001,8750000000,0.004,5940000000,,0.001,278.07,,,,,,,,,,,,,,,40.00,,,,,,,false,true,12,2022-03-01,2023-02-28,0
2022-06-28,27420,2022-02-28,1,,,,,,,,,,,,,,,,,,,,87266000000,49400000000,0.565,,49279000000,,,,,38.00,,,,21423900,62317,,false,false,12,2021-03-01,2022-02-28,-1
2022-09-28,27420,2023-02-28,2,,,,,85216000000,0.054,4330000000,0.077,4338000000,0.079,2955000000,,0.083,138.35,138.01,,,,,92953000000,51960000000,0.558,,51823000000,,,,,,,,,21423900,57217,21364133,false,false,6,2022-03-01,2022-08-31,0
2022-09-28,27420,2022-02-28,2,,,,,80880000000,0.055,4020000000,0.037,4022000000,0.041,2728000000,,0.016,127.77,127.45,,,,,,,,,,,,,,,,,,,,21355366,false,false,6,2021-03-01,2021-08-31,-1
2022-09-28,27420,2023-02-28,2,,,,,166000000000,0.016,8700000000,0.001,8750000000,0.004,5940000000,,0.001,278.04,,,,,,,,,,,,,,,40.00,,,,,,,false,true,12,2022-03-01,2023-02-28,0
2022-09-28,27420,2022-02-28,2,,,,,,,,,,,,,,,,,,,,87266000000,49400000000,0.565,,49279000000,,,,,38.00,,,,21423900,62317,,false,false,12,2021-03-01,2022-02-28,-1
2022-09-28,27420,2023-02-28,2,,,,,,,,,,,,,,,,,,,,,,,,,,,,,20.00,,,,,,,false,false,12,2022-03-01,2023-02-28,0
2022-12-27,27420,2023-02-28,3,,,,,128334000000,0.058,6562000000,0.078,6625000000,0.087,4511000000,,0.091,211.16,210.65,,,,,92943000000,53102000000,0.570,,52952000000,,,,,,,,,21423900,57217,21364976,false,false,9,2022-03-01,2022-11-30,0
2022-12-27,27420,2022-02-28,3,,,,,121252000000,0.066,6087000000,0.113,6093000000,0.116,4134000000,,0.099,193.59,193.11,,,,,,,,,,,,,,,,,,,,21357423,false,false,9,2021-03-01,2021-11-30,-1
2022-12-27,27420,2023-02-28,3,,,,,166000000000,0.016,8700000000,0.001,8750000000,0.004,5940000000,,0.001,278.03,,,,,,,,,,,,,,,40.00,,,,,,,false,true,12,2022-03-01,2023-02-28,0
2022-12-27,27420,2022-02-28,3,,,,,,,,,,,,,,,,,,,,87266000000,49400000000,0.565,,49279000000,,,,,38.00,,,,21423900,62317,,false,false,12,2021-03-01,2022-02-28,-1
2022-12-27,27420,2023-02-28,3,,,,,,,,,,,,,,,,,,,,,,,,,,,,,20.00,,,,,,,false,false,12,2022-03-01,2023-02-28,0
2023-04-11,27420,2023-02-28,,,,,,174107000000,0.066,9052000000,0.042,9141000000,0.049,6201000000,,0.045,290.27,289.55,0.119,0.098,0.054,,99148000000,54806000000,0.551,2557.36,54642000000,10619000000,-11519000000,4075000000,17837000000,42.00,0.145,,,21423900,57255,21365397,false,false,12,2022-03-01,2023-02-28,0
2023-04-11,27420,2022-02-28,,,,,,163374000000,0.075,8688000000,0.143,8713000000,0.149,5932000000,,0.079,277.77,277.08,0.127,0.098,0.055,,87266000000,49400000000,0.565,2306.90,49279000000,3280000000,-7819000000,-4047000000,14663000000,38.00,0.137,,,21423900,62317,21358449,false,false,12,2021-03-01,2022-02-28,-1
2023-04-11,27420,2024-02-28,,,,,,90511000000,0.062,4550000000,0.051,4540000000,0.046,3100000000,,0.049,145.09,,,,,,,,,,,,,,,,,,,,,,false,true,6,2023-03-01,2023-08-31,1
2023-04-11,27420,2024-02-28,,,,,,182977000000,0.051,9170000000,0.013,9150000000,0.001,6480000000,,0.045,303.29,,,,,,,,,,,,,,,42.00,0.138,,,,,,false,true,12,2023-03-01,2024-02-29,1
2023-06-28,27420,2024-02-29,1,,,,,45990000000,0.104,2451000000,0.133,2449000000,0.128,1662000000,,0.124,77.81,77.61,,,,,100111000000,56013000000,0.558,,55834000000,,,,,,,,,21423900,57255,21366645,false,false,3,2023-03-01,2023-05-31,0
2023-06-28,27420,2023-02-28,1,,,,,41655000000,0.066,2163000000,0.093,2170000000,0.094,1479000000,,0.098,69.25,69.08,,,,,,,,,,,,,,,,,,,,21361583,false,false,3,2022-03-01,2022-05-31,-1
2023-06-28,27420,2024-02-29,1,,,,,90511000000,0.062,4550000000,0.051,4540000000,0.046,3100000000,,0.049,145.09,,,,,,,,,,,,,,,,,,,,,,false,true,6,2023-03-01,2023-08-31,0
2023-06-28,27420,2024-02-29,1,,,,,182977000000,0.051,9170000000,0.013,9150000000,0.001,6480000000,,0.045,303.28,,,,,,,,,,,,,,,42.00,,,,,,,false,true,12,2023-03-01,2024-02-29,0
2023-06-28,27420,2023-02-28,1,,,,,,,,,,,,,,,,,,,,99148000000,54806000000,0.551,,54642000000,,,,,42.00,,,,21423900,57255,,false,false,12,2022-03-01,2023-02-28,-1
2023-09-28,27420,2024-02-29,2,,,,,95488000000,0.121,5043000000,0.165,5039000000,0.161,3437000000,,0.163,160.88,160.36,,,,,102781000000,57803000000,0.561,,57609000000,,,,,,,,,21423900,57275,21366638,false,false,6,2023-03-01,2023-08-31,0
2023-09-28,27420,2023-02-28,2,,,,,85216000000,0.054,4330000000,0.077,4338000000,0.079,2955000000,,0.083,138.35,138.01,,,,,,,,,,,,,,,,,,,,21364133,false,false,6,2022-03-01,2022-08-31,-1
2023-09-28,27420,2024-02-29,2,,,,,182977000000,0.051,9170000000,0.013,9150000000,0.001,6480000000,,0.045,303.28,,,,,,,,,,,,,,,42.00,,,,,,,false,true,12,2023-03-01,2024-02-29,0
2023-09-28,27420,2023-02-28,2,,,,,,,,,,,,,,,,,,,,99148000000,54806000000,0.551,,54642000000,,,,,42.00,,,,21423900,57255,,false,false,12,2022-03-01,2023-02-28,-1
2023-09-28,27420,2024-02-29,2,,,,,,,,,,,,,,,,,,,,,,,,,,,,,20.00,,,,,,,false,false,12,2023-03-01,2024-02-29,0
2023-12-27,27420,2024-02-29,3,,,,,144543000000,0.126,7743000000,0.180,7757000000,0.171,5293000000,,0.173,247.80,246.89,,,,,102504000000,59181000000,0.575,,58974000000,,,,,,,,,21423900,72275,21362325,false,false,9,2023-03-01,2023-11-30,0
2023-12-27,27420,2023-02-28,3,,,,,128334000000,0.058,6562000000,0.078,6625000000,0.087,4511000000,,0.091,211.16,210.65,,,,,,,,,,,,,,,,,,,,21364976,false,false,9,2022-03-01,2022-11-30,-1
2023-12-27,27420,2024-02-29,3,,,,,182977000000,0.051,9170000000,0.013,9150000000,0.001,6480000000,,0.045,303.34,,,,,,,,,,,,,,,44.00,,,,,,,false,true,12,2023-03-01,2024-02-29,0
2023-12-27,27420,2023-02-28,3,,,,,,,,,,,,,,,,,,,,99148000000,54806000000,0.551,,54642000000,,,,,42.00,,,,21423900,57255,,false,false,12,2022-03-01,2023-02-28,-1
2023-12-27,27420,2024-02-29,3,,,,,,,,,,,,,,,,,,,,,,,,,,,,,20.00,,,,,,,false,false,12,2023-03-01,2024-02-29,0
2024-04-04,27420,2024-02-29,,,,,,195440000000,0.068,10860000000,0.184,10890000000,0.190,8580000000,,0.324,401.64,,,,,,,,,,,,,,,,,,,,,,false,true,12,2023-03-01,2024-02-29,0
2024-04-04,27420,2023-02-28,,,,,,174107000000,,9052000000,,9141000000,,6201000000,,,290.27,,,,,,,,,,,,,,,,,,,,,,false,false,12,2022-03-01,2023-02-28,-1
2024-04-11,27420,2024-02-29,,,,,,195444000000,0.123,10870000000,0.201,10896000000,0.192,8589000000,,0.385,402.12,400.49,0.147,0.107,0.057,,104284000000,62514000000,0.597,2916.65,62297000000,13154000000,-7249000000,-5603000000,18139000000,46.00,0.114,,,21431400,72275,21359919,false,false,12,2023-03-01,2024-02-29,0
2024-04-11,27420,2023-02-28,,,,,,174107000000,0.066,9052000000,0.042,9141000000,0.049,6201000000,,0.045,290.27,289.55,0.119,0.098,0.054,,99148000000,54806000000,0.551,2557.36,54642000000,10619000000,-11519000000,4075000000,17837000000,42.00,0.145,,,21423900,57255,21365397,false,false,12,2022-03-01,2023-02-28,-1
2024-04-11,27420,2025-02-28,,,,,,99196000000,0.039,5270000000,0.045,5250000000,0.042,3560000000,,0.036,166.67,,,,,,,,,,,,,,,,,,,,,,false,true,6,2024-03-01,2024-08-31,1
2024-04-11,27420,2025-02-28,,,,,,201755000000,0.032,10960000000,0.008,10950000000,0.005,7420000000,,-0.136,347.38,,,,,,,,,,,,,,,52.00,0.150,,,,,,false,true,12,2024-03-01,2025-02-28,1
2024-06-27,27420,2025-02-28,1,,,,,49736000000,0.081,2950000000,0.204,2952000000,0.205,2051000000,,0.234,96.02,95.59,,,,,105964000000,64060000000,0.603,,63845000000,,,,,,,,,21446000,72275,21369509,false,false,3,2024-03-01,2024-05-31,0
2024-06-27,27420,2024-02-28,1,,,,,45990000000,0.104,2451000000,0.133,2449000000,0.128,1662000000,,0.124,77.81,77.61,,,,,,,,,,,,,,,,,,,,21366645,false,false,3,2023-03-01,2023-05-31,-1
2024-06-27,27420,2025-02-28,1,,,,,99196000000,0.039,5270000000,0.045,5250000000,0.042,3560000000,,0.036,166.59,,,,,,,,,,,,,,,,,,,,,,false,true,6,2024-03-01,2024-08-31,0
2024-06-27,27420,2025-02-28,1,,,,,201755000000,0.032,10960000000,0.008,10950000000,0.005,7420000000,,-0.136,347.22,,,,,,,,,,,,,,,52.00,,,,,,,false,true,12,2024-03-01,2025-02-28,0
2024-06-27,27420,2024-02-28,1,,,,,,,,,,,,,,,,,,,,104284000000,62514000000,0.597,,62297000000,,,,,46.00,,,,21431400,72275,,false,false,12,2023-03-01,2024-02-29,-1
2024-09-27,27420,2025-02-28,2,,,,,103292000000,0.082,5749000000,0.140,5759000000,0.143,3997000000,,0.163,187.05,186.22,,,,,122126000000,66034000000,0.539,,65819000000,,,,,,,,,21453600,72275,21372630,false,false,6,2024-03-01,2024-08-31,0
2024-09-27,27420,2024-02-28,2,,,,,95488000000,0.121,5043000000,0.165,5039000000,0.161,3437000000,,0.163,160.88,160.36,,,,,,,,,,,,,,,,,,,,21366638,false,false,6,2023-03-01,2023-08-31,-1
2024-09-27,27420,2025-02-28,2,,,,,201755000000,0.032,10960000000,0.008,10950000000,0.005,7420000000,,-0.136,347.17,,,,,,,,,,,,,,,52.00,,,,,,,false,true,12,2024-03-01,2025-02-28,0
2024-09-27,27420,2024-02-28,2,,,,,,,,,,,,,,,,,,,,104284000000,62514000000,0.597,,62297000000,,,,,46.00,,,,21431400,72275,,false,false,12,2023-03-01,2024-02-29,-1
2024-09-27,27420,2025-02-28,2,,,,,,,,,,,,,,,,,,,,,,,,,,,,,26.00,,,,,,,false,false,12,2024-03-01,2025-02-28,0
2024-12-27,27420,2025-02-28,3,,,,,155749000000,0.078,8660000000,0.118,8691000000,0.120,5945000000,,0.123,278.13,276.92,,,,,122673000000,67439000000,0.548,,67214000000,,,,,,,,,21454800,72318,21375718,false,false,9,2024-03-01,2024-11-30,0
2024-12-27,27420,2024-02-28,3,,,,,144543000000,0.126,7743000000,0.180,7757000000,0.171,5293000000,,0.173,247.80,246.89,,,,,,,,,,,,,,,,,,,,21362325,false,false,9,2023-03-01,2023-11-30,-1
2024-12-27,27420,2025-02-28,3,,,,,201755000000,0.032,10960000000,0.008,10950000000,0.005,7420000000,,-0.136,347.12,,,,,,,,,,,,,,,52.00,,,,,,,false,true,12,2024-03-01,2025-02-28,0
2024-12-27,27420,2024-02-28,3,,,,,,,,,,,,,,,,,,,,104284000000,62514000000,0.597,,62297000000,,,,,46.00,,,,21431400,72275,,false,false,12,2023-03-01,2024-02-29,-1
2024-12-27,27420,2025-02-28,3,,,,,,,,,,,,,,,,,,,,,,,,,,,,,26.00,,,,,,,false,false,12,2024-03-01,2025-02-28,0
2025-04-14,27420,2025-02-28,,,,,,210752000000,0.078,12270000000,0.129,12301000000,0.129,8913000000,,0.038,416.95,415.14,0.135,0.113,0.060,,112869000000,70428000000,0.622,3282.29,70194000000,15892000000,-13757000000,-5245000000,15028000000,60.00,0.144,,,21458100,72318,21377708,false,false,12,2024-03-01,2025-02-28,0
2025-04-14,27420,2024-02-28,,,,,,195444000000,0.123,10870000000,0.201,10896000000,0.192,8589000000,,0.385,402.12,400.49,0.147,0.107,0.057,,104284000000,62514000000,0.597,2916.65,62297000000,13154000000,-7249000000,-5603000000,18139000000,46.00,0.114,,,21431400,72275,21359919,false,false,12,2023-03-01,2024-02-29,-1
2025-04-14,27420,2026-02-28,,,,,,109533000000,0.060,5890000000,0.024,5920000000,0.028,4110000000,,0.028,192.26,,,,,,,,,,,,,,,,,,,,,,false,true,6,2025-03-01,2025-08-31,1
2025-04-14,27420,2026-02-28,,,,,,224218000000,0.064,12320000000,0.004,12360000000,0.005,8590000000,,-0.036,401.82,,,,,,,,,,,,,,,68.00,,,,,,,false,true,12,2025-03-01,2026-02-28,1
2025-06-26,27420,2026-02-28,1,,,,,53996000000,0.086,3047000000,0.033,3059000000,0.036,2131000000,,0.039,99.65,99.21,,,,,125703000000,71848000000,0.570,,71603000000,,,,,,,,,21459400,72318,21386403,false,false,3,2025-03-01,2025-05-31,0
2025-06-26,27420,2025-02-28,1,,,,,49736000000,0.081,2950000000,0.204,2952000000,0.205,2051000000,,0.234,96.02,95.59,,,,,,,,,,,,,,,,,,,,21369509,false,false,3,2024-03-01,2024-05-31,-1
2025-06-26,27420,2026-02-28,1,,,,,109533000000,0.060,5890000000,0.024,5920000000,0.028,4110000000,,0.028,192.18,,,,,,,,,,,,,,,,,,,,,,false,true,6,2025-03-01,2025-08-31,0
2025-06-26,27420,2026-02-28,1,,,,,224218000000,0.064,12320000000,0.004,12360000000,0.005,8590000000,,-0.036,401.66,,,,,,,,,,,,,,,68.00,,,,,,,false,true,12,2025-03-01,2026-02-28,0
2025-06-26,27420,2025-02-28,1,,,,,,,,,,,,,,,,,,,,112869000000,70428000000,0.622,,70194000000,,,,,60.00,,,,21458100,72318,,false,false,12,2024-03-01,2025-02-28,-1
