filing_date,code,fiscal_year_end,quarterly_period,net_sales,net_sales_change,revenue,revenue_change,operating_revenue,operating_revenue_change,operating_profit,operating_profit_change,ordinary_profit,ordinary_profit_change,net_income,net_income_of_parent,net_income_change,eps,diluted_eps,roe,roa,operating_profit_to_net_sales,operating_profit_to_revenue,total_assets,net_assets,equity_ratio,bps,owner_equity,operating_cash_flow,investing_cash_flow,financing_cash_flow,cash,dividend_per_share,payout_ratio,commemorative_dividend,extra_dividend,number_of_shares,number_of_treqsury_shares,avg_number_of_shares,is_consolidated,is_forecast,duration,period_start,period_end,period_pos
2015-05-14,28050,2015-03-31,,121866000000,-0.017,,,,,4030000000,-0.088,4126000000,0.053,1992000000,,-0.030,289.66,,0.061,0.041,0.033,,102903000000,33548000000,0.326,4953.29,33548000000,3627000000,-4807000000,-476000000,16779000000,,0.242,,,,,,true,false,12,2014-04-01,2015-03-31,0
2015-05-14,28050,2014-03-31,,123976000000,-0.011,,,,,4421000000,0.227,3919000000,0.185,2054000000,,0.190,295.86,,0.067,0.039,0.036,,100541000000,31484000000,0.313,4534.20,31484000000,6725000000,-4368000000,-1502000000,18341000000,,0.237,,,,,,true,false,12,2013-04-01,2014-03-31,-1
2015-05-14,28050,2016-03-31,,64000000000,0.067,,,,,2000000000,-0.097,2100000000,-0.056,,1500000000,,221.47,,,,,,,,,,,,,,,,,,,,,,true,true,6,2015-04-01,2015-09-30,1
2015-05-14,28050,2016-03-31,,130000000000,0.067,,,,,4100000000,0.017,4200000000,0.018,,2400000000,,354.35,,,,,,,,,,,,,,,,0.198,,,,,,true,true,12,2015-04-01,2016-03-31,1
2015-05-14,28050,2015-03-31,,110721000000,-0.025,,,,,3802000000,0.069,3733000000,0.116,1818000000,,0.042,263.88,,,,,,81900000000,29909000000,0.365,4415.94,29909000000,,,,,70.00,,,,6977117,204087,6878012,false,false,12,2014-04-01,2015-03-31,0
2015-05-14,28050,2014-03-31,,113540000000,-0.016,,,,,3556000000,0.357,3343000000,0.403,1744000000,,0.761,250.54,,,,,,81802000000,28529000000,0.349,4096.72,28529000000,,,,,35.00,,,,6977117,33440,6944327,false,false,12,2013-04-01,2014-03-31,-1
2015-05-14,28050,2016-03-31,,,,,,,,,,,,,,,,,,,,,,,,,,,,,,70.00,,,,,,,false,true,12,2015-04-01,2016-03-31,1
2015-07-30,28050,2016-03-31,1,32327000000,0.137,,,,,1016000000,-0.136,1018000000,-0.114,,840000000,,124.13,,,,,,104934000000,36287000000,0.346,,36287000000,,,,,,,,,,,,true,false,3,2015-04-01,2015-06-30,0
2015-07-30,28050,2015-03-31,1,28438000000,-0.032,,,,,1176000000,0.100,1150000000,0.078,,771000000,,111.13,,,,,,,,,,,,,,,,,,,,,,true,false,3,2014-04-01,2014-06-30,-1
2015-07-30,28050,2016-03-31,1,64000000000,0.067,,,,,2000000000,-0.097,2100000000,-0.056,,1500000000,,221.47,,,,,,,,,,,,,,,,,,,,,,true,true,6,2015-04-01,2015-09-30,0
2015-07-30,28050,2016-03-31,1,130000000000,0.067,,,,,4100000000,0.017,4200000000,0.018,,2400000000,,354.35,,,,,,,,,,,,,,,,,,,,,,true,true,12,2015-04-01,2016-03-31,0
2015-07-30,28050,2015-03-31,1,,,,,,,,,,,,,,,,,,,,102903000000,33548000000,0.326,,33548000000,,,,,,,,,,,,true,false,12,2014-04-01,2015-03-31,-1
2015-07-30,28050,2015-03-31,1,,,,,,,,,,,,,,,,,,,,,,,,,,,,,70.00,,,,6977117,204087,,false,false,12,2014-04-01,2015-03-31,-1
2015-07-30,28050,2016-03-31,1,,,,,,,,,,,,,,,,,,,,,,,,,,,,,70.00,,,,,,,false,true,12,2015-04-01,2016-03-31,0
2015-07-30,28050,2016-03-31,1,,,,,,,,,,,,,,,,,,,,,,,,,,,,,,,,,6977117,204087,6773030,false,false,3,2015-04-01,2015-06-30,0
2015-07-30,28050,2015-03-31,1,,,,,,,,,,,,,,,,,,,,,,,,,,,,,,,,,,,6943627,false,false,3,2014-04-01,2014-06-30,-1
2015-10-30,28050,2016-03-31,2,66735000000,0.113,,,,,1807000000,-0.184,2094000000,-0.058,,1519000000,,224.42,,,,,,108240000000,36316000000,0.336,,36316000000,,,,,,,,,,,,true,false,6,2015-04-01,2015-09-30,0
2015-10-30,28050,2015-03-31,2,59970000000,-0.030,,,,,2215000000,0.029,2224000000,0.038,,1320000000,,190.13,,,,,,,,,,,,,,,,,,,,,,true,false,6,2014-04-01,2014-09-30,-1
2015-10-30,28050,2016-03-31,2,131500000000,0.079,,,,,3000000000,-0.256,3600000000,-0.128,,2200000000,,324.82,,,,,,,,,,,,,,,,,,,,,,true,true,12,2015-04-01,2016-03-31,0
2015-10-30,28050,2015-03-31,2,,,,,,,,,,,,,,,,,,,,102903000000,33548000000,0.326,,33548000000,,,,,,,,,,,,true,false,12,2014-04-01,2015-03-31,-1
2015-10-30,28050,2015-03-31,2,,,,,,,,,,,,,,,,,,,,,,,,,,,,,70.00,,,,6977117,204087,,false,false,12,2014-04-01,2015-03-31,-1
2015-10-30,28050,2016-03-31,2,,,,,,,,,,,,,,,,,,,,,,,,,,,,,35.00,,,,,,,false,false,12,2015-04-01,2016-03-31,0
2015-10-30,28050,2016-03-31,2,,,,,,,,,,,,,,,,,,,,,,,,,,,,,70.00,,,,,,,false,true,12,2015-04-01,2016-03-31,0
2015-10-30,28050,2016-03-31,2,,,,,,,,,,,,,,,,,,,,,,,,,,,,,,,,,6977117,204146,6773022,false,false,6,2015-04-01,2015-09-30,0
2015-10-30,28050,2015-03-31,2,,,,,,,,,,,,,,,,,,,,,,,,,,,,,,,,,,,6943581,false,false,6,2014-04-01,2014-09-30,-1
2016-01-29,28050,2016-03-31,3,102683000000,0.097,,,,,3861000000,-0.089,4253000000,-0.037,,2912000000,,432.48,,,,,,108219000000,36847000000,0.340,,36847000000,,,,,,,,,,,,true,false,9,2015-04-01,2015-12-31,0
2016-01-29,28050,2015-03-31,3,93599000000,-0.020,,,,,4236000000,-0.054,4417000000,-0.017,,2784000000,,402.92,,,,,,,,,,,,,,,,,,,,,,true,false,9,2014-04-01,2014-12-31,-1
2016-01-29,28050,2016-03-31,3,131500000000,0.079,,,,,3000000000,-0.256,3600000000,-0.128,,2200000000,,326.69,,,,,,,,,,,,,,,,,,,,,,true,true,12,2015-04-01,2016-03-31,0
2016-01-29,28050,2015-03-31,3,,,,,,,,,,,,,,,,,,,,102903000000,33548000000,0.326,,33548000000,,,,,,,,,,,,true,false,12,2014-04-01,2015-03-31,-1
2016-01-29,28050,2015-03-31,3,,,,,,,,,,,,,,,,,,,,,,,,,,,,,70.00,,,,6977117,204087,,false,false,12,2014-04-01,2015-03-31,-1
2016-01-29,28050,2016-03-31,3,,,,,,,,,,,,,,,,,,,,,,,,,,,,,35.00,,,,,,,false,false,12,2015-04-01,2016-03-31,0
2016-01-29,28050,2016-03-31,3,,,,,,,,,,,,,,,,,,,,,,,,,,,,,70.00,,,,,,,false,true,12,2015-04-01,2016-03-31,0
2016-01-29,28050,2016-03-31,3,,,,,,,,,,,,,,,,,,,,,,,,,,,,,,,,,6977117,398427,6734145,false,false,9,2015-04-01,2015-12-31,0
2016-01-29,28050,2015-03-31,3,,,,,,,,,,,,,,,,,,,,,,,,,,,,,,,,,,,6909498,false,false,9,2014-04-01,2014-12-31,-1
2016-05-13,28050,2016-03-31,,133147000000,0.093,,,,,3820000000,-0.052,4244000000,0.029,,1670000000,,249.35,,0.049,0.041,0.029,,104799000000,34703000000,0.331,5275.16,34703000000,3499000000,-3100000000,-407000000,16729000000,,0.281,,,,,,true,false,12,2015-04-01,2016-03-31,0
2016-05-13,28050,2015-03-31,,121866000000,-0.017,,,,,4030000000,-0.088,4126000000,0.053,,1992000000,,289.66,,0.061,0.041,0.033,,102903000000,33548000000,0.326,4953.29,33548000000,3627000000,-4807000000,-476000000,16779000000,,0.242,,,,,,true,false,12,2014-04-01,2015-03-31,-1
2016-05-13,28050,2017-03-31,,67000000000,0.004,,,,,2100000000,0.162,1900000000,-0.093,,900000000,,136.81,,,,,,,,,,,,,,,,,,,,,,true,true,6,2016-04-01,2016-09-30,1
2016-05-13,28050,2017-03-31,,134500000000,0.010,,,,,4600000000,0.204,4300000000,0.013,,2350000000,,357.22,,,,,,,,,,,,,,,,0.196,,,,,,true,true,12,2016-04-01,2017-03-31,1
2016-05-13,28050,2016-03-31,,116964000000,0.056,,,,,5189000000,0.365,5283000000,0.415,2659000000,,0.463,397.10,,,,,,83312000000,32091000000,0.385,4878.07,32091000000,,,,,70.00,,,,6977117,398467,6698263,false,false,12,2015-04-01,2016-03-31,0
2016-05-13,28050,2015-03-31,,110721000000,-0.025,,,,,3802000000,0.069,3733000000,0.116,1818000000,,0.042,263.88,,,,,,81900000000,29909000000,0.365,4415.94,29909000000,,,,,70.00,,,,6977117,204087,6878012,false,false,12,2014-04-01,2015-03-31,-1
2016-05-13,28050,2017-03-31,,,,,,,,,,,,,,,,,,,,,,,,,,,,,,70.00,,,,,,,false,true,12,2016-04-01,2017-03-31,1
2016-07-29,28050,2017-03-31,1,33908000000,0.049,,,,,1795000000,0.766,1810000000,0.777,,1106000000,,168.24,,,,,,105321000000,35131000000,0.334,,35131000000,,,,,,,,,,,,true,false,3,2016-04-01,2016-06-30,0
2016-07-29,28050,2016-03-31,1,32327000000,0.137,,,,,1016000000,-0.136,1018000000,-0.114,,840000000,,124.13,,,,,,,,,,,,,,,,,,,,,,true,false,3,2015-04-01,2015-06-30,-1
2016-07-29,28050,2017-03-31,1,67000000000,0.004,,,,,2100000000,0.162,1900000000,-0.093,,900000000,,136.81,,,,,,,,,,,,,,,,,,,,,,true,true,6,2016-04-01,2016-09-30,0
2016-07-29,28050,2017-03-31,1,134500000000,0.010,,,,,4600000000,0.204,4300000000,0.013,,2350000000,,357.22,,,,,,,,,,,,,,,,,,,,,,true,true,12,2016-04-01,2017-03-31,0
2016-07-29,28050,2016-03-31,1,,,,,,,,,,,,,,,,,,,,104799000000,34703000000,0.331,,34703000000,,,,,,,,,,,,true,false,12,2015-04-01,2016-03-31,-1
2016-07-29,28050,2016-03-31,1,,,,,,,,,,,,,,,,,,,,,,,,,,,,,70.00,,,,6977117,398467,,false,false,12,2015-04-01,2016-03-31,-1
2016-07-29,28050,2017-03-31,1,,,,,,,,,,,,,,,,,,,,,,,,,,,,,70.00,,,,,,,false,true,12,2016-04-01,2017-03-31,0
2016-07-29,28050,2017-03-31,1,,,,,,,,,,,,,,,,,,,,,,,,,,,,,,,,,6977117,398557,6578615,false,false,3,2016-04-01,2016-06-30,0
2016-07-29,28050,2016-03-31,1,,,,,,,,,,,,,,,,,,,,,,,,,,,,,,,,,,,6773030,false,false,3,2015-04-01,2015-06-30,-1
2016-10-31,28050,2017-03-31,2,69192000000,0.037,,,,,3057000000,0.692,2932000000,0.400,,1587000000,,241.32,,,,,,108717000000,35923000000,0.330,,35923000000,,,,,,,,,,,,true,false,6,2016-04-01,2016-09-30,0
2016-10-31,28050,2016-03-31,2,66735000000,0.113,,,,,1807000000,-0.184,2094000000,-0.058,,1519000000,,224.42,,,,,,,,,,,,,,,,,,,,,,true,false,6,2015-04-01,2015-09-30,-1
2016-10-31,28050,2017-03-31,2,135500000000,0.018,,,,,5000000000,0.309,4700000000,0.107,,2500000000,,380.02,,,,,,,,,,,,,,,,,,,,,,true,true,12,2016-04-01,2017-03-31,0
2016-10-31,28050,2016-03-31,2,,,,,,,,,,,,,,,,,,,,104799000000,34703000000,0.331,,34703000000,,,,,,,,,,,,true,false,12,2015-04-01,2016-03-31,-1
2016-10-31,28050,2016-03-31,2,,,,,,,,,,,,,,,,,,,,,,,,,,,,,70.00,,,,6977117,398467,,false,false,12,2015-04-01,2016-03-31,-1
2016-10-31,28050,2017-03-31,2,,,,,,,,,,,,,,,,,,,,,,,,,,,,,35.00,,,,,,,false,false,12,2016-04-01,2017-03-31,0
2016-10-31,28050,2017-03-31,2,,,,,,,,,,,,,,,,,,,,,,,,,,,,,70.00,,,,,,,false,true,12,2016-04-01,2017-03-31,0
2016-10-31,28050,2017-03-31,2,,,,,,,,,,,,,,,,,,,,,,,,,,,,,,,,,6977117,398683,6578561,false,false,6,2016-04-01,2016-09-30,0
2016-10-31,28050,2016-03-31,2,,,,,,,,,,,,,,,,,,,,,,,,,,,,,,,,,,,6773022,false,false,6,2015-04-01,2015-09-30,-1
2017-01-31,28050,2017-03-31,3,106849000000,0.041,,,,,5746000000,0.488,5683000000,0.336,,3334000000,,510.45,,,,,,110359000000,37331000000,0.338,,37331000000,,,,,,,,,,,,true,false,9,2016-04-01,2016-12-31,0
2017-01-31,28050,2016-03-31,3,102683000000,0.097,,,,,3861000000,-0.089,4253000000,-0.037,,2912000000,,432.48,,,,,,,,,,,,,,,,,,,,,,true,false,9,2015-04-01,2015-12-31,-1
2017-01-31,28050,2017-03-31,3,135500000000,0.018,,,,,5000000000,0.309,4700000000,0.107,,2500000000,,382.67,,,,,,,,,,,,,,,,,,,,,,true,true,12,2016-04-01,2017-03-31,0
2017-01-31,28050,2016-03-31,3,,,,,,,,,,,,,,,,,,,,104799000000,34703000000,0.331,,34703000000,,,,,,,,,,,,true,false,12,2015-04-01,2016-03-31,-1
2017-01-31,28050,2016-03-31,3,,,,,,,,,,,,,,,,,,,,,,,,,,,,,70.00,,,,6977117,398467,,false,false,12,2015-04-01,2016-03-31,-1
2017-01-31,28050,2017-03-31,3,,,,,,,,,,,,,,,,,,,,,,,,,,,,,35.00,,,,,,,false,false,12,2016-04-01,2017-03-31,0
2017-01-31,28050,2017-03-31,3,,,,,,,,,,,,,,,,,,,,,,,,,,,,,70.00,,,,,,,false,true,12,2016-04-01,2017-03-31,0
2017-01-31,28050,2017-03-31,3,,,,,,,,,,,,,,,,,,,,,,,,,,,,,,,,,6977117,626031,6533049,false,false,9,2016-04-01,2016-12-31,0
2017-01-31,28050,2016-03-31,3,,,,,,,,,,,,,,,,,,,,,,,,,,,,,,,,,,,6734145,false,false,9,2015-04-01,2015-12-31,-1
2017-05-12,28050,2017-03-31,,137907000000,0.036,,,,,5364000000,0.404,5122000000,0.207,,2745000000,,422.97,,0.077,0.049,0.039,,104763000000,36667000000,0.350,5773.56,36667000000,8550000000,-3555000000,-4454000000,17269000000,,0.165,,,,,,true,false,12,2016-04-01,2017-03-31,0
2017-05-12,28050,2016-03-31,,133147000000,0.093,,,,,3820000000,-0.052,4244000000,0.029,,1670000000,,249.35,,0.049,0.041,0.029,,104799000000,34703000000,0.331,5275.16,34703000000,3499000000,-3100000000,-407000000,16729000000,,0.281,,,,,,true,false,12,2015-04-01,2016-03-31,-1
2017-05-12,28050,2018-03-31,,70800000000,0.023,,,,,3050000000,-0.003,2950000000,0.006,,1900000000,,299.16,,,,,,,,,,,,,,,,,,,,,,true,true,6,2017-04-01,2017-09-30,1
2017-05-12,28050,2018-03-31,,140500000000,0.019,,,,,5500000000,0.025,5300000000,0.035,,3300000000,,519.60,,,,,,,,,,,,,,,,0.154,,,,,,true,true,12,2017-04-01,2018-03-31,1
2017-05-12,28050,2017-03-31,,119272000000,0.020,,,,,5610000000,0.081,5400000000,0.022,2426000000,,-0.088,373.76,,,,,,84110000000,33658000000,0.400,5299.74,33658000000,,,,,70.00,,,,6977117,626104,6491042,false,false,12,2016-04-01,2017-03-31,0
2017-05-12,28050,2016-03-31,,116964000000,0.056,,,,,5189000000,0.365,5283000000,0.415,2659000000,,0.463,397.10,,,,,,83312000000,32091000000,0.385,4878.07,32091000000,,,,,70.00,,,,6977117,398467,6698263,false,false,12,2015-04-01,2016-03-31,-1
2017-05-12,28050,2018-03-31,,,,,,,,,,,,,,,,,,,,,,,,,,,,,,80.00,,,,,,,false,true,12,2017-04-01,2018-03-31,1
2017-07-31,28050,2018-03-31,1,35484000000,0.046,,,,,2409000000,0.342,2440000000,0.348,,1690000000,,266.10,,,,,,106288000000,38382000000,0.361,,38382000000,,,,,,,,,,,,true,false,3,2017-04-01,2017-06-30,0
2017-07-31,28050,2017-03-31,1,33908000000,0.049,,,,,1795000000,0.766,1810000000,0.777,,1106000000,,168.24,,,,,,,,,,,,,,,,,,,,,,true,false,3,2016-04-01,2016-06-30,-1
2017-07-31,28050,2018-03-31,1,70800000000,0.023,,,,,3050000000,-0.003,2950000000,0.006,,1900000000,,299.17,,,,,,,,,,,,,,,,,,,,,,true,true,6,2017-04-01,2017-09-30,0
2017-07-31,28050,2018-03-31,1,140500000000,0.019,,,,,5500000000,0.025,5300000000,0.035,,3300000000,,519.61,,,,,,,,,,,,,,,,,,,,,,true,true,12,2017-04-01,2018-03-31,0
2017-07-31,28050,2017-03-31,1,,,,,,,,,,,,,,,,,,,,104763000000,36667000000,0.350,,36667000000,,,,,,,,,,,,true,false,12,2016-04-01,2017-03-31,-1
2017-07-31,28050,2017-03-31,1,,,,,,,,,,,,,,,,,,,,,,,,,,,,,70.00,,,,6977117,626104,,false,false,12,2016-04-01,2017-03-31,-1
2017-07-31,28050,2018-03-31,1,,,,,,,,,,,,,,,,,,,,,,,,,,,,,80.00,,,,,,,false,true,12,2017-04-01,2018-03-31,0
2017-07-31,28050,2018-03-31,1,,,,,,,,,,,,,,,,,,,,,,,,,,,,,,,,,6977117,626186,6350975,false,false,3,2017-04-01,2017-06-30,0
2017-07-31,28050,2017-03-31,1,,,,,,,,,,,,,,,,,,,,,,,,,,,,,,,,,,,6578615,false,false,3,2016-04-01,2016-06-30,-1
2017-10-31,28050,2018-03-31,2,72158000000,0.043,,,,,3771000000,0.233,3708000000,0.264,,2447000000,,385.31,,,,,,108701000000,39274000000,0.361,,39274000000,,,,,,,,,,,,true,false,6,2017-04-01,2017-09-30,0
2017-10-31,28050,2017-03-31,2,69192000000,0.037,,,,,3057000000,0.692,2932000000,0.400,,1587000000,,241.32,,,,,,,,,,,,,,,,,,,,,,true,false,6,2016-04-01,2016-09-30,-1
2017-10-31,28050,2018-03-31,2,142000000000,0.030,,,,,6300000000,0.174,6100000000,0.191,,3800000000,,598.34,,,,,,,,,,,,,,,,,,,,,,true,true,12,2017-04-01,2018-03-31,0
2017-10-31,28050,2017-03-31,2,,,,,,,,,,,,,,,,,,,,104763000000,36667000000,0.350,,36667000000,,,,,,,,,,,,true,false,12,2016-04-01,2017-03-31,-1
2017-10-31,28050,2017-03-31,2,,,,,,,,,,,,,,,,,,,,,,,,,,,,,70.00,,,,6977117,626104,,false,false,12,2016-04-01,2017-03-31,-1
2017-10-31,28050,2018-03-31,2,,,,,,,,,,,,,,,,,,,,,,,,,,,,,40.00,,,,,,,false,false,12,2017-04-01,2018-03-31,0
2017-10-31,28050,2018-03-31,2,,,,,,,,,,,,,,,,,,,,,,,,,,,,,80.00,,,,,,,false,true,12,2017-04-01,2018-03-31,0
2017-10-31,28050,2018-03-31,2,,,,,,,,,,,,,,,,,,,,,,,,,,,,,,,,,6977117,626267,6350930,false,false,6,2017-04-01,2017-09-30,0
2017-10-31,28050,2017-03-31,2,,,,,,,,,,,,,,,,,,,,,,,,,,,,,,,,,,,6578561,false,false,6,2016-04-01,2016-09-30,-1
2018-01-31,28050,2018-03-31,3,110275000000,0.032,,,,,6443000000,0.121,6372000000,0.121,,4152000000,,653.79,,,,,,110448000000,41324000000,0.374,,41324000000,,,,,,,,,,,,true,false,9,2017-04-01,2017-12-31,0
2018-01-31,28050,2017-03-31,3,106849000000,0.041,,,,,5746000000,0.488,5683000000,0.336,,3334000000,,510.45,,,,,,,,,,,,,,,,,,,,,,true,false,9,2016-04-01,2016-12-31,-1
2018-01-31,28050,2018-03-31,3,142000000000,0.030,,,,,6300000000,0.174,6100000000,0.191,,3800000000,,598.34,,,,,,,,,,,,,,,,,,,,,,true,true,12,2017-04-01,2018-03-31,0
2018-01-31,28050,2017-03-31,3,,,,,,,,,,,,,,,,,,,,104763000000,36667000000,0.350,,36667000000,,,,,,,,,,,,true,false,12,2016-04-01,2017-03-31,-1
2018-01-31,28050,2017-03-31,3,,,,,,,,,,,,,,,,,,,,,,,,,,,,,70.00,,,,6977117,626104,,false,false,12,2016-04-01,2017-03-31,-1
2018-01-31,28050,2018-03-31,3,,,,,,,,,,,,,,,,,,,,,,,,,,,,,40.00,,,,,,,false,false,12,2017-04-01,2018-03-31,0
2018-01-31,28050,2018-03-31,3,,,,,,,,,,,,,,,,,,,,,,,,,,,,,80.00,,,,,,,false,true,12,2017-04-01,2018-03-31,0
2018-01-31,28050,2018-03-31,3,,,,,,,,,,,,,,,,,,,,,,,,,,,,,,,,,6977117,626528,6350852,false,false,9,2017-04-01,2017-12-31,0
2018-01-31,28050,2017-03-31,3,,,,,,,,,,,,,,,,,,,,,,,,,,,,,,,,,,,6533049,false,false,9,2016-04-01,2016-12-31,-1
2018-05-11,28050,2018-03-31,,142396000000,0.033,,,,,6389000000,0.191,6189000000,0.208,,3886000000,,611.96,,0.101,0.060,0.045,,103045000000,40272000000,0.391,6341.65,40272000000,3111000000,3637000000,-6299000000,17682000000,,0.131,,,,,,true,false,12,2017-04-01,2018-03-31,0
2018-05-11,28050,2017-03-31,,137907000000,0.036,,,,,5364000000,0.404,5122000000,0.207,,2745000000,,422.97,,0.077,0.049,0.039,,104763000000,36667000000,0.350,5773.56,36667000000,8550000000,-3555000000,-4454000000,17269000000,,0.165,,,,,,true,false,12,2016-04-01,2017-03-31,-1
2018-05-11,28050,2019-03-31,,73000000000,0.012,,,,,3800000000,0.008,3700000000,-0.002,,2500000000,,393.67,,,,,,,,,,,,,,,,,,,,,,true,true,6,2018-04-01,2018-09-30,1
2018-05-11,28050,2019-03-31,,144500000000,0.015,,,,,6600000000,0.033,6500000000,0.050,,3900000000,,614.13,,,,,,,,,,,,,,,,0.130,,,,,,true,true,12,2018-04-01,2019-03-31,1
2018-05-11,28050,2018-03-31,,123661000000,0.037,,,,,6517000000,0.162,6358000000,0.177,3521000000,,0.452,554.57,,,,,,86714000000,37005000000,0.427,5827.24,37005000000,,,,,80.00,,,,6977117,626686,6350754,false,false,12,2017-04-01,2018-03-31,0
2018-05-11,28050,2017-03-31,,119272000000,0.020,,,,,5610000000,0.081,5400000000,0.022,2426000000,,-0.088,373.76,,,,,,84110000000,33658000000,0.400,5299.74,33658000000,,,,,70.00,,,,6977117,626104,6491042,false,false,12,2016-04-01,2017-03-31,-1
2018-05-11,28050,2019-03-31,,,,,,,,,,,,,,,,,,,,,,,,,,,,,,80.00,,,,,,,false,true,12,2018-04-01,2019-03-31,1
2018-07-31,28050,2019-03-31,1,36105000000,0.017,,,,,2302000000,-0.045,2355000000,-0.035,,1640000000,,258.35,,,,,,110249000000,41651000000,0.378,,41651000000,,,,,,,,,,,,true,false,3,2018-04-01,2018-06-30,0
2018-07-31,28050,2018-03-31,1,35484000000,0.046,,,,,2409000000,0.342,2440000000,0.348,,1690000000,,266.10,,,,,,,,,,,,,,,,,,,,,,true,false,3,2017-04-01,2017-06-30,-1
2018-07-31,28050,2019-03-31,1,73000000000,0.012,,,,,3800000000,0.008,3700000000,-0.002,,2500000000,,393.68,,,,,,,,,,,,,,,,,,,,,,true,true,6,2018-04-01,2018-09-30,0
2018-07-31,28050,2019-03-31,1,144500000000,0.015,,,,,6600000000,0.033,6500000000,0.050,,3900000000,,614.13,,,,,,,,,,,,,,,,,,,,,,true,true,12,2018-04-01,2019-03-31,0
2018-07-31,28050,2018-03-31,1,,,,,,,,,,,,,,,,,,,,103045000000,40272000000,0.391,,40272000000,,,,,,,,,,,,true,false,12,2017-04-01,2018-03-31,-1
2018-07-31,28050,2018-03-31,1,,,,,,,,,,,,,,,,,,,,,,,,,,,,,80.00,,,,6977117,626686,,false,false,12,2017-04-01,2018-03-31,-1
2018-07-31,28050,2019-03-31,1,,,,,,,,,,,,,,,,,,,,,,,,,,,,,80.00,,,,,,,false,true,12,2018-04-01,2019-03-31,0
2018-07-31,28050,2019-03-31,1,,,,,,,,,,,,,,,,,,,,,,,,,,,,,,,,,6977117,626728,6350405,false,false,3,2018-04-01,2018-06-30,0
2018-07-31,28050,2018-03-31,1,,,,,,,,,,,,,,,,,,,,,,,,,,,,,,,,,,,6350975,false,false,3,2017-04-01,2017-06-30,-1
2018-10-31,28050,2019-03-31,2,73672000000,0.021,,,,,3960000000,0.050,3957000000,0.067,,2870000000,,451.94,,,,,,111823000000,43109000000,0.386,,43109000000,,,,,,,,,,,,true,false,6,2018-04-01,2018-09-30,0
2018-10-31,28050,2018-03-31,2,72158000000,0.043,,,,,3771000000,0.233,3708000000,0.264,,2447000000,,385.31,,,,,,,,,,,,,,,,,,,,,,true,false,6,2017-04-01,2017-09-30,-1
2018-10-31,28050,2019-03-31,2,144500000000,0.015,,,,,6600000000,0.033,6500000000,0.050,,3900000000,,307.07,,,,,,,,,,,,,,,,,,,,,,true,true,12,2018-04-01,2019-03-31,0
2018-10-31,28050,2018-03-31,2,,,,,,,,,,,,,,,,,,,,103045000000,40272000000,0.391,,40272000000,,,,,,,,,,,,true,false,12,2017-04-01,2018-03-31,-1
2018-10-31,28050,2018-03-31,2,,,,,,,,,,,,,,,,,,,,,,,,,,,,,80.00,,,,6977117,626686,,false,false,12,2017-04-01,2018-03-31,-1
2018-10-31,28050,2019-03-31,2,,,,,,,,,,,,,,,,,,,,,,,,,,,,,40.00,,,,,,,false,false,12,2018-04-01,2019-03-31,0
2018-10-31,28050,2019-03-31,2,,,,,,,,,,,,,,,,,,,,,,,,,,,,,20.00,,,,,,,false,true,12,2018-04-01,2019-03-31,0
2018-10-31,28050,2019-03-31,2,,,,,,,,,,,,,,,,,,,,,,,,,,,,,,,,,6977117,626808,6350387,false,false,6,2018-04-01,2018-09-30,0
2018-10-31,28050,2018-03-31,2,,,,,,,,,,,,,,,,,,,,,,,,,,,,,,,,,,,6350930,false,false,6,2017-04-01,2017-09-30,-1
2019-02-01,28050,2019-03-31,3,112566000000,0.021,,,,,6781000000,0.053,6772000000,0.063,,3762000000,,296.24,,,,,,116497000000,42881000000,0.368,,42881000000,,,,,,,,,,,,true,false,9,2018-04-01,2018-12-31,0
2019-02-01,28050,2018-03-31,3,110275000000,0.032,,,,,6443000000,0.121,6372000000,0.121,,4152000000,,326.90,,,,,,,,,,,,,,,,,,,,,,true,false,9,2017-04-01,2017-12-31,-1
2019-02-01,28050,2019-03-31,3,144500000000,0.015,,,,,6600000000,0.033,6500000000,0.050,,3900000000,,307.07,,,,,,,,,,,,,,,,,,,,,,true,true,12,2018-04-01,2019-03-31,0
2019-02-01,28050,2018-03-31,3,,,,,,,,,,,,,,,,,,,,103045000000,40272000000,0.391,,40272000000,,,,,,,,,,,,true,false,12,2017-04-01,2018-03-31,-1
2019-02-01,28050,2018-03-31,3,,,,,,,,,,,,,,,,,,,,,,,,,,,,,80.00,,,,13954234,1253372,,false,false,12,2017-04-01,2018-03-31,-1
2019-02-01,28050,2019-03-31,3,,,,,,,,,,,,,,,,,,,,,,,,,,,,,40.00,,,,,,,false,false,12,2018-04-01,2019-03-31,0
2019-02-01,28050,2019-03-31,3,,,,,,,,,,,,,,,,,,,,,,,,,,,,,20.00,,,,,,,false,true,12,2018-04-01,2019-03-31,0
2019-02-01,28050,2019-03-31,3,,,,,,,,,,,,,,,,,,,,,,,,,,,,,,,,,13954234,1253750,12700745,false,false,9,2018-04-01,2018-12-31,0
2019-02-01,28050,2018-03-31,3,,,,,,,,,,,,,,,,,,,,,,,,,,,,,,,,,,,12701703,false,false,9,2017-04-01,2017-12-31,-1
2019-05-14,28050,2019-03-31,,145160000000,0.019,,,,,7154000000,0.120,7071000000,0.143,,4317000000,,339.96,,0.103,0.067,0.049,,109532000000,43622000000,0.398,3434.68,43622000000,5248000000,-6233000000,1258000000,17984000000,,0.118,,,,,,true,false,12,2018-04-01,2019-03-31,0
2019-05-14,28050,2018-03-31,,142396000000,0.033,,,,,6389000000,0.191,6189000000,0.208,,3886000000,,305.98,,0.101,0.060,0.045,,103045000000,40272000000,0.391,3170.83,40272000000,3111000000,3637000000,-6299000000,17682000000,,0.131,,,,,,true,false,12,2017-04-01,2018-03-31,-1
2019-05-14,28050,2020-03-31,,75000000000,0.018,,,,,4150000000,0.048,4100000000,0.036,,2800000000,,220.46,,,,,,,,,,,,,,,,,,,,,,true,true,6,2019-04-01,2019-09-30,1
2019-05-14,28050,2020-03-31,,148000000000,0.020,,,,,7200000000,0.006,7100000000,0.004,,4900000000,,385.81,,,,,,,,,,,,,,,,0.114,,,,,,true,true,12,2019-04-01,2020-03-31,1
2019-05-14,28050,2019-03-31,,125431000000,0.014,,,,,7088000000,0.088,7108000000,0.118,4054000000,,0.151,319.21,,,,,,92076000000,40038000000,0.435,3152.54,40038000000,,,,,20.00,,,,13954234,1253750,12700685,false,false,12,2018-04-01,2019-03-31,0
2019-05-14,28050,2018-03-31,,123661000000,0.037,,,,,6517000000,0.162,6358000000,0.177,3521000000,,0.452,277.29,,,,,,86714000000,37005000000,0.427,2913.62,37005000000,,,,,80.00,,,,13954234,1253372,12701509,false,false,12,2017-04-01,2018-03-31,-1
2019-05-14,28050,2020-03-31,,,,,,,,,,,,,,,,,,,,,,,,,,,,,,44.00,,,,,,,false,true,12,2019-04-01,2020-03-31,1
2019-07-31,28050,2020-03-31,1,36842000000,0.020,,,,,2320000000,0.008,2313000000,-0.018,,1631000000,,128.47,,,,,,117997000000,44677000000,0.379,,44677000000,,,,,,,,,,,,true,false,3,2019-04-01,2019-06-30,0
2019-07-31,28050,2019-03-31,1,36105000000,0.017,,,,,2302000000,-0.045,2355000000,-0.035,,1640000000,,129.17,,,,,,,,,,,,,,,,,,,,,,true,false,3,2018-04-01,2018-06-30,-1
2019-07-31,28050,2020-03-31,1,75000000000,0.018,,,,,4150000000,0.048,4100000000,0.036,,2800000000,,220.46,,,,,,,,,,,,,,,,,,,,,,true,true,6,2019-04-01,2019-09-30,0
2019-07-31,28050,2020-03-31,1,148000000000,0.020,,,,,7200000000,0.006,7100000000,0.004,,4900000000,,385.81,,,,,,,,,,,,,,,,,,,,,,true,true,12,2019-04-01,2020-03-31,0
2019-07-31,28050,2019-03-31,1,,,,,,,,,,,,,,,,,,,,109532000000,43622000000,0.398,,43622000000,,,,,,,,,,,,true,false,12,2018-04-01,2019-03-31,-1
2019-07-31,28050,2019-03-31,1,,,,,,,,,,,,,,,,,,,,,,,,,,,,,20.00,,,,13954234,1253750,,false,false,12,2018-04-01,2019-03-31,-1
2019-07-31,28050,2020-03-31,1,,,,,,,,,,,,,,,,,,,,,,,,,,,,,44.00,,,,,,,false,true,12,2019-04-01,2020-03-31,0
2019-07-31,28050,2020-03-31,1,,,,,,,,,,,,,,,,,,,,,,,,,,,,,,,,,13954234,1253816,12700462,false,false,3,2019-04-01,2019-06-30,0
2019-07-31,28050,2019-03-31,1,,,,,,,,,,,,,,,,,,,,,,,,,,,,,,,,,,,12700810,false,false,3,2018-04-01,2018-06-30,-1
2019-10-31,28050,2020-03-31,2,75015000000,0.018,,,,,4128000000,0.042,3992000000,0.009,,3804000000,,299.54,,,,,,122317000000,46933000000,0.384,,46933000000,,,,,,,,,,,,true,false,6,2019-04-01,2019-09-30,0
2019-10-31,28050,2019-03-31,2,73672000000,0.021,,,,,3960000000,0.050,3957000000,0.067,,2870000000,,225.97,,,,,,,,,,,,,,,,,,,,,,true,false,6,2018-04-01,2018-09-30,-1
2019-10-31,28050,2020-03-31,2,145000000000,-0.001,,,,,7200000000,0.006,7100000000,0.004,,5200000000,,409.43,,,,,,,,,,,,,,,,,,,,,,true,true,12,2019-04-01,2020-03-31,0
2019-10-31,28050,2019-03-31,2,,,,,,,,,,,,,,,,,,,,109532000000,43622000000,0.398,,43622000000,,,,,,,,,,,,true,false,12,2018-04-01,2019-03-31,-1
2019-10-31,28050,2019-03-31,2,,,,,,,,,,,,,,,,,,,,,,,,,,,,,20.00,,,,13954234,1253750,,false,false,12,2018-04-01,2019-03-31,-1
2019-10-31,28050,2020-03-31,2,,,,,,,,,,,,,,,,,,,,,,,,,,,,,22.00,,,,,,,false,false,12,2019-04-01,2020-03-31,0
2019-10-31,28050,2020-03-31,2,,,,,,,,,,,,,,,,,,,,,,,,,,,,,44.00,,,,,,,false,true,12,2019-04-01,2020-03-31,0
2019-10-31,28050,2020-03-31,2,,,,,,,,,,,,,,,,,,,,,,,,,,,,,,,,,13954234,1253761,12700472,false,false,6,2019-04-01,2019-09-30,0
2019-10-31,28050,2019-03-31,2,,,,,,,,,,,,,,,,,,,,,,,,,,,,,,,,,,,12700773,false,false,6,2018-04-01,2018-09-30,-1
2020-01-31,28050,2020-03-31,3,113391000000,0.007,,,,,6893000000,0.017,6788000000,0.002,,5703000000,,449.06,,,,,,130114000000,48963000000,0.376,,48963000000,,,,,,,,,,,,true,false,9,2019-04-01,2019-12-31,0
2020-01-31,28050,2019-03-31,3,112566000000,0.021,,,,,6781000000,0.053,6772000000,0.063,,3762000000,,296.24,,,,,,,,,,,,,,,,,,,,,,true,false,9,2018-04-01,2018-12-31,-1
2020-01-31,28050,2020-03-31,3,145000000000,-0.001,,,,,7200000000,0.006,7100000000,0.004,,5200000000,,409.43,,,,,,,,,,,,,,,,,,,,,,true,true,12,2019-04-01,2020-03-31,0
2020-01-31,28050,2019-03-31,3,,,,,,,,,,,,,,,,,,,,109532000000,43622000000,0.398,,43622000000,,,,,,,,,,,,true,false,12,2018-04-01,2019-03-31,-1
2020-01-31,28050,2019-03-31,3,,,,,,,,,,,,,,,,,,,,,,,,,,,,,20.00,,,,13954234,1253750,,false,false,12,2018-04-01,2019-03-31,-1
2020-01-31,28050,2020-03-31,3,,,,,,,,,,,,,,,,,,,,,,,,,,,,,22.00,,,,,,,false,false,12,2019-04-01,2020-03-31,0
2020-01-31,28050,2020-03-31,3,,,,,,,,,,,,,,,,,,,,,,,,,,,,,44.00,,,,,,,false,true,12,2019-04-01,2020-03-31,0
2020-01-31,28050,2020-03-31,3,,,,,,,,,,,,,,,,,,,,,,,,,,,,,,,,,13954234,1253802,12700461,false,false,9,2019-04-01,2019-12-31,0
2020-01-31,28050,2019-03-31,3,,,,,,,,,,,,,,,,,,,,,,,,,,,,,,,,,,,12700745,false,false,9,2018-04-01,2018-12-31,-1
2020-05-14,28050,2020-03-31,,146931000000,0.012,,,,,7239000000,0.012,7121000000,0.007,,5485000000,,431.92,,0.120,0.062,0.049,,120037000000,47679000000,0.397,3754.21,47679000000,12158000000,-11215000000,3109000000,22025000000,,0.102,,,,,,true,false,12,2019-04-01,2020-03-31,0
2020-05-14,28050,2019-03-31,,145160000000,0.019,,,,,7154000000,0.120,7071000000,0.143,,4317000000,,339.96,,0.103,0.067,0.049,,109532000000,43622000000,0.398,3434.68,43622000000,5248000000,-6233000000,1258000000,17984000000,,0.118,,,,,,true,false,12,2018-04-01,2019-03-31,-1
2020-05-14,28050,2021-03-31,,57000000000,,,,,,3850000000,-0.067,3800000000,-0.048,,2600000000,,204.72,,,,,,,,,,,,,,,,,,,,,,true,true,6,2020-04-01,2020-09-30,1
2020-05-14,28050,2021-03-31,,112000000000,,,,,,7200000000,-0.005,7100000000,-0.003,,4900000000,,385.82,,,,,,,,,,,,,,,,0.114,,,,,,true,true,12,2020-04-01,2021-03-31,1
2020-05-14,28050,2020-03-31,,130042000000,0.037,,,,,6606000000,-0.068,6496000000,-0.086,5347000000,,0.319,421.04,,,,,,98322000000,44042000000,0.448,3467.78,44042000000,,,,,44.00,,,,13954234,1253864,12700446,false,false,12,2019-04-01,2020-03-31,0
2020-05-14,28050,2019-03-31,,125431000000,0.014,,,,,7088000000,0.088,7108000000,0.118,4054000000,,0.151,319.21,,,,,,92076000000,40038000000,0.435,3152.54,40038000000,,,,,20.00,,,,13954234,1253750,12700685,false,false,12,2018-04-01,2019-03-31,-1
2020-05-14,28050,2021-03-31,,,,,,,,,,,,,,,,,,,,,,,,,,,,,,44.00,,,,,,,false,true,12,2020-04-01,2021-03-31,1
2020-07-31,28050,2021-03-31,1,29180000000,0.014,,,,,3562000000,0.535,3585000000,0.550,,2538000000,,199.90,,,,,,124905000000,50221000000,0.402,,50221000000,,,,,,,,,,,,true,false,3,2020-04-01,2020-06-30,0
2020-07-31,28050,2020-03-31,1,28767000000,,,,,,2320000000,0.008,2313000000,-0.018,,1631000000,,128.47,,,,,,,,,,,,,,,,,,,,,,true,false,3,2019-04-01,2019-06-30,-1
2020-07-31,28050,2021-03-31,1,57000000000,-0.029,,,,,4650000000,0.126,4600000000,0.152,,3100000000,,244.09,,,,,,,,,,,,,,,,,,,,,,true,true,6,2020-04-01,2020-09-30,0
2020-07-31,28050,2021-03-31,1,112000000000,-0.015,,,,,7200000000,-0.005,7100000000,-0.003,,4900000000,,385.82,,,,,,,,,,,,,,,,,,,,,,true,true,12,2020-04-01,2021-03-31,0
2020-07-31,28050,2020-03-31,1,,,,,,,,,,,,,,,,,,,,120470000000,47679000000,0.396,,47679000000,,,,,,,,,,,,true,false,12,2019-04-01,2020-03-31,-1
2020-07-31,28050,2020-03-31,1,,,,,,,,,,,,,,,,,,,,,,,,,,,,,44.00,,,,13954234,1253864,,false,false,12,2019-04-01,2020-03-31,-1
2020-07-31,28050,2021-03-31,1,,,,,,,,,,,,,,,,,,,,,,,,,,,,,44.00,,,,,,,false,true,12,2020-04-01,2021-03-31,0
2020-07-31,28050,2021-03-31,1,,,,,,,,,,,,,,,,,,,,,,,,,,,,,,,,,13954234,1253904,12700350,false,false,3,2020-04-01,2020-06-30,0
2020-07-31,28050,2020-03-31,1,,,,,,,,,,,,,,,,,,,,,,,,,,,,,,,,,,,12700462,false,false,3,2019-04-01,2019-06-30,-1
2020-10-30,28050,2021-03-31,2,58019000000,-0.004,,,,,6026000000,0.460,5935000000,0.487,,4276000000,,336.71,,,,,,126560000000,52504000000,0.415,,52504000000,,,,,,,,,,,,true,false,6,2020-04-01,2020-09-30,0
2020-10-30,28050,2020-03-31,2,58245000000,,,,,,4128000000,0.042,3992000000,0.009,,3804000000,,299.54,,,,,,,,,,,,,,,,,,,,,,true,false,6,2019-04-01,2019-09-30,-1
2020-10-30,28050,2021-03-31,2,112000000000,-0.005,,,,,8300000000,0.147,8100000000,0.137,,6000000000,,472.43,,,,,,,,,,,,,,,,,,,,,,true,true,12,2020-04-01,2021-03-31,0
2020-10-30,28050,2020-03-31,2,,,,,,,,,,,,,,,,,,,,120470000000,47679000000,0.396,,47679000000,,,,,,,,,,,,true,false,12,2019-04-01,2020-03-31,-1
2020-10-30,28050,2020-03-31,2,,,,,,,,,,,,,,,,,,,,,,,,,,,,,44.00,,,,13954234,1253864,,false,false,12,2019-04-01,2020-03-31,-1
2020-10-30,28050,2021-03-31,2,,,,,,,,,,,,,,,,,,,,,,,,,,,,,22.00,,,,,,,false,false,12,2020-04-01,2021-03-31,0
2020-10-30,28050,2021-03-31,2,,,,,,,,,,,,,,,,,,,,,,,,,,,,,44.00,,,,,,,false,true,12,2020-04-01,2021-03-31,0
2020-10-30,28050,2021-03-31,2,,,,,,,,,,,,,,,,,,,,,,,,,,,,,,,,,13954234,1254002,12700316,false,false,6,2020-04-01,2020-09-30,0
2020-10-30,28050,2020-03-31,2,,,,,,,,,,,,,,,,,,,,,,,,,,,,,,,,,,,12700472,false,false,6,2019-04-01,2019-09-30,-1
2021-01-29,28050,2021-03-31,3,89410000000,0.022,,,,,9790000000,0.420,9686000000,0.427,,6959000000,,547.96,,,,,,131224000000,54708000000,0.417,,54708000000,,,,,,,,,,,,true,false,9,2020-04-01,2020-12-31,0
2021-01-29,28050,2020-03-31,3,87459000000,,,,,,6893000000,0.017,6788000000,0.002,,5703000000,,449.06,,,,,,,,,,,,,,,,,,,,,,true,false,9,2019-04-01,2019-12-31,-1
2021-01-29,28050,2021-03-31,3,114500000000,0.017,,,,,9800000000,0.354,9700000000,0.362,,6700000000,,527.55,,,,,,,,,,,,,,,,,,,,,,true,true,12,2020-04-01,2021-03-31,0
2021-01-29,28050,2020-03-31,3,,,,,,,,,,,,,,,,,,,,120470000000,47679000000,0.396,,47679000000,,,,,,,,,,,,true,false,12,2019-04-01,2020-03-31,-1
2021-01-29,28050,2020-03-31,3,,,,,,,,,,,,,,,,,,,,,,,,,,,,,44.00,,,,13954234,1253864,,false,false,12,2019-04-01,2020-03-31,-1
2021-01-29,28050,2021-03-31,3,,,,,,,,,,,,,,,,,,,,,,,,,,,,,22.00,,,,,,,false,false,12,2020-04-01,2021-03-31,0
2021-01-29,28050,2021-03-31,3,,,,,,,,,,,,,,,,,,,,,,,,,,,,,44.00,,,,,,,false,true,12,2020-04-01,2021-03-31,0
2021-01-29,28050,2021-03-31,3,,,,,,,,,,,,,,,,,,,,,,,,,,,,,,,,,13954234,1254022,12700289,false,false,9,2020-04-01,2020-12-31,0
2021-01-29,28050,2020-03-31,3,,,,,,,,,,,,,,,,,,,,,,,,,,,,,,,,,,,12700461,false,false,9,2019-04-01,2019-12-31,-1
2021-05-13,28050,2021-03-31,,114255000000,0.015,,,,,9448000000,0.305,9383000000,0.318,,6652000000,,523.78,,0.129,0.076,0.083,,125410000000,55137000000,0.440,4341.44,55137000000,11313000000,-6575000000,-1317000000,25563000000,,0.088,,,,,,true,false,12,2020-04-01,2021-03-31,0
2021-05-13,28050,2020-03-31,,112578000000,,,,,,7239000000,0.012,7121000000,0.007,,5485000000,,431.92,,0.120,0.062,0.064,,120470000000,47679000000,0.396,3754.21,47679000000,12158000000,-11215000000,3109000000,22025000000,,0.102,,,,,,true,false,12,2019-04-01,2020-03-31,-1
2021-05-13,28050,2022-03-31,,58500000000,0.008,,,,,4850000000,-0.195,4800000000,-0.191,,3450000000,,271.65,,,,,,,,,,,,,,,,,,,,,,true,true,6,2021-04-01,2021-09-30,1
2021-05-13,28050,2022-03-31,,116000000000,0.015,,,,,8200000000,-0.132,8100000000,-0.137,,5700000000,,448.81,,,,,,,,,,,,,,,,0.111,,,,,,true,true,12,2021-04-01,2022-03-31,1
2021-05-13,28050,2021-03-31,,100040000000,0.045,,,,,7731000000,0.170,7770000000,0.196,6132000000,,0.147,482.88,,,,,,102489000000,50818000000,0.496,4001.38,50818000000,,,,,46.00,,,,13954234,1254044,12700267,false,false,12,2020-04-01,2021-03-31,0
2021-05-13,28050,2020-03-31,,95688000000,,,,,,6606000000,-0.068,6496000000,-0.086,5347000000,,0.319,421.04,,,,,,98322000000,44042000000,0.448,3467.78,44042000000,,,,,44.00,,,,13954234,1253864,12700446,false,false,12,2019-04-01,2020-03-31,-1
2021-05-13,28050,2022-03-31,,,,,,,,,,,,,,,,,,,,,,,,,,,,,,50.00,,,,,,,false,true,12,2021-04-01,2022-03-31,1
2021-07-30,28050,2022-03-31,1,29979000000,0.027,,,,,2941000000,-0.174,3002000000,-0.163,,2122000000,,167.13,,,,,,132024000000,56917000000,0.431,,56917000000,,,,,,,,,,,,true,false,3,2021-04-01,2021-06-30,0
2021-07-30,28050,2021-03-31,1,29180000000,0.014,,,,,3562000000,0.535,3585000000,0.550,,2538000000,,199.90,,,,,,,,,,,,,,,,,,,,,,true,false,3,2020-04-01,2020-06-30,-1
2021-07-30,28050,2022-03-31,1,58500000000,0.008,,,,,4850000000,-0.195,4800000000,-0.191,,3450000000,,271.65,,,,,,,,,,,,,,,,,,,,,,true,true,6,2021-04-01,2021-09-30,0
2021-07-30,28050,2022-03-31,1,116000000000,0.015,,,,,8200000000,-0.132,8100000000,-0.137,,5700000000,,448.81,,,,,,,,,,,,,,,,,,,,,,true,true,12,2021-04-01,2022-03-31,0
2021-07-30,28050,2021-03-31,1,,,,,,,,,,,,,,,,,,,,125410000000,55137000000,0.440,,55137000000,,,,,,,,,,,,true,false,12,2020-04-01,2021-03-31,-1
2021-07-30,28050,2021-03-31,1,,,,,,,,,,,,,,,,,,,,,,,,,,,,,46.00,,,,13954234,1254044,,false,false,12,2020-04-01,2021-03-31,-1
2021-07-30,28050,2022-03-31,1,,,,,,,,,,,,,,,,,,,,,,,,,,,,,50.00,,,,,,,false,true,12,2021-04-01,2022-03-31,0
2021-07-30,28050,2022-03-31,1,,,,,,,,,,,,,,,,,,,,,,,,,,,,,,,,,13954234,1254044,12700190,false,false,3,2021-04-01,2021-06-30,0
2021-07-30,28050,2021-03-31,1,,,,,,,,,,,,,,,,,,,,,,,,,,,,,,,,,,,12700350,false,false,3,2020-04-01,2020-06-30,-1
2021-10-29,28050,2022-03-31,2,59863000000,0.032,,,,,5034000000,-0.165,5032000000,-0.152,,3566000000,,280.80,,,,,,132533000000,58627000000,0.442,,58627000000,,,,,,,,,,,,true,false,6,2021-04-01,2021-09-30,0
2021-10-29,28050,2021-03-31,2,58019000000,-0.004,,,,,6026000000,0.460,5935000000,0.487,,4276000000,,336.71,,,,,,,,,,,,,,,,,,,,,,true,false,6,2020-04-01,2020-09-30,-1
2021-10-29,28050,2022-03-31,2,116000000000,0.015,,,,,8200000000,-0.132,8100000000,-0.137,,5700000000,,448.81,,,,,,,,,,,,,,,,,,,,,,true,true,12,2021-04-01,2022-03-31,0
2021-10-29,28050,2021-03-31,2,,,,,,,,,,,,,,,,,,,,125410000000,55137000000,0.440,,55137000000,,,,,,,,,,,,true,false,12,2020-04-01,2021-03-31,-1
2021-10-29,28050,2021-03-31,2,,,,,,,,,,,,,,,,,,,,,,,,,,,,,46.00,,,,13954234,1254044,,false,false,12,2020-04-01,2021-03-31,-1
2021-10-29,28050,2022-03-31,2,,,,,,,,,,,,,,,,,,,,,,,,,,,,,25.00,,,,,,,false,false,12,2021-04-01,2022-03-31,0
2021-10-29,28050,2022-03-31,2,,,,,,,,,,,,,,,,,,,,,,,,,,,,,50.00,,,,,,,false,true,12,2021-04-01,2022-03-31,0
2021-10-29,28050,2022-03-31,2,,,,,,,,,,,,,,,,,,,,,,,,,,,,,,,,,13954234,1254087,12700172,false,false,6,2021-04-01,2021-09-30,0
2021-10-29,28050,2021-03-31,2,,,,,,,,,,,,,,,,,,,,,,,,,,,,,,,,,,,12700316,false,false,6,2020-04-01,2020-09-30,-1
2022-01-31,28050,2022-03-31,3,91358000000,0.022,,,,,7914000000,-0.192,7992000000,-0.175,,5661000000,,445.79,,,,,,135592000000,60364000000,0.445,,60364000000,,,,,,,,,,,,true,false,9,2021-04-01,2021-12-31,0
2022-01-31,28050,2021-03-31,3,89410000000,0.022,,,,,9790000000,0.420,9686000000,0.427,,6959000000,,547.96,,,,,,,,,,,,,,,,,,,,,,true,false,9,2020-04-01,2020-12-31,-1
2022-01-31,28050,2022-03-31,3,116000000000,0.015,,,,,8200000000,-0.132,8100000000,-0.137,,5700000000,,448.82,,,,,,,,,,,,,,,,,,,,,,true,true,12,2021-04-01,2022-03-31,0
2022-01-31,28050,2021-03-31,3,,,,,,,,,,,,,,,,,,,,125410000000,55137000000,0.440,,55137000000,,,,,,,,,,,,true,false,12,2020-04-01,2021-03-31,-1
2022-01-31,28050,2021-03-31,3,,,,,,,,,,,,,,,,,,,,,,,,,,,,,46.00,,,,13954234,1254044,,false,false,12,2020-04-01,2021-03-31,-1
2022-01-31,28050,2022-03-31,3,,,,,,,,,,,,,,,,,,,,,,,,,,,,,25.00,,,,,,,false,false,12,2021-04-01,2022-03-31,0
2022-01-31,28050,2022-03-31,3,,,,,,,,,,,,,,,,,,,,,,,,,,,,,50.00,,,,,,,false,true,12,2021-04-01,2022-03-31,0
2022-01-31,28050,2022-03-31,3,,,,,,,,,,,,,,,,,,,,,,,,,,,,,,,,,13954234,1254135,12700078,false,false,9,2021-04-01,2021-12-31,0
2022-01-31,28050,2021-03-31,3,,,,,,,,,,,,,,,,,,,,,,,,,,,,,,,,,,,12700289,false,false,9,2020-04-01,2020-12-31,-1
2022-05-13,28050,2022-03-31,,118046000000,0.033,,,,,8617000000,-0.088,8709000000,-0.072,,6225000000,,492.16,,0.108,0.068,0.073,,128984000000,59903000000,0.464,4843.38,59903000000,8170000000,-5736000000,-2898000000,25213000000,,0.102,,,,,,true,false,12,2021-04-01,2022-03-31,0
2022-05-13,28050,2021-03-31,,114255000000,0.015,,,,,9448000000,0.305,9383000000,0.318,,6652000000,,523.78,,0.129,0.076,0.083,,125410000000,55137000000,0.440,4341.44,55137000000,11313000000,-6575000000,-1317000000,25563000000,,0.088,,,,,,true,false,12,2020-04-01,2021-03-31,-1
2022-05-13,28050,2023-03-31,,61500000000,0.027,,,,,3950000000,-0.215,3950000000,-0.215,,2850000000,,230.43,,,,,,,,,,,,,,,,,,,,,,true,true,6,2022-04-01,2022-09-30,1
2022-05-13,28050,2023-03-31,,120500000000,0.021,,,,,7000000000,-0.188,7000000000,-0.196,,5000000000,,404.27,,,,,,,,,,,,,,,,0.134,,,,,,true,true,12,2022-04-01,2023-03-31,1
2022-05-13,28050,2022-03-31,,103898000000,0.039,,,,,6957000000,-0.100,7140000000,-0.081,5706000000,,-0.069,451.17,,,,,,104713000000,55100000000,0.526,4455.03,55100000000,,,,,50.00,,,,13622234,1254135,12649006,false,false,12,2021-04-01,2022-03-31,0
2022-05-13,28050,2021-03-31,,100040000000,0.045,,,,,7731000000,0.170,7770000000,0.196,6132000000,,0.147,482.88,,,,,,102489000000,50818000000,0.496,4001.38,50818000000,,,,,46.00,,,,13954234,1254044,12700267,false,false,12,2020-04-01,2021-03-31,-1
2022-05-13,28050,2023-03-31,,,,,,,,,,,,,,,,,,,,,,,,,,,,,,54.00,,,,,,,false,true,12,2022-04-01,2023-03-31,1
2022-07-29,28050,2023-03-31,1,30616000000,0.021,,,,,2261000000,-0.231,2469000000,-0.178,,1792000000,,144.97,,,,,,140127000000,61406000000,0.438,,61406000000,,,,,,,,,,,,true,false,3,2022-04-01,2022-06-30,0
2022-07-29,28050,2022-03-31,1,29979000000,0.027,,,,,2941000000,-0.174,3002000000,-0.163,,2122000000,,167.13,,,,,,,,,,,,,,,,,,,,,,true,false,3,2021-04-01,2021-06-30,-1
2022-07-29,28050,2023-03-31,1,61500000000,0.027,,,,,3950000000,-0.215,3950000000,-0.215,,2850000000,,230.43,,,,,,,,,,,,,,,,,,,,,,true,true,6,2022-04-01,2022-09-30,0
2022-07-29,28050,2023-03-31,1,120500000000,0.021,,,,,7000000000,-0.188,7000000000,-0.196,,5000000000,,404.27,,,,,,,,,,,,,,,,,,,,,,true,true,12,2022-04-01,2023-03-31,0
2022-07-29,28050,2022-03-31,1,,,,,,,,,,,,,,,,,,,,128984000000,59903000000,0.464,,59903000000,,,,,,,,,,,,true,false,12,2021-04-01,2022-03-31,-1
2022-07-29,28050,2022-03-31,1,,,,,,,,,,,,,,,,,,,,,,,,,,,,,50.00,,,,13622234,1254135,,false,false,12,2021-04-01,2022-03-31,-1
2022-07-29,28050,2023-03-31,1,,,,,,,,,,,,,,,,,,,,,,,,,,,,,54.00,,,,,,,false,true,12,2022-04-01,2023-03-31,0
2022-07-29,28050,2023-03-31,1,,,,,,,,,,,,,,,,,,,,,,,,,,,,,,,,,13622234,1254135,12368099,false,false,3,2022-04-01,2022-06-30,0
2022-07-29,28050,2022-03-31,1,,,,,,,,,,,,,,,,,,,,,,,,,,,,,,,,,,,12700190,false,false,3,2021-04-01,2021-06-30,-1
2022-10-31,28050,2023-03-31,2,61433000000,0.026,,,,,3267000000,-0.351,3427000000,-0.319,,2588000000,,209.32,,,,,,138245000000,62149000000,0.450,,62149000000,,,,,,,,,,,,true,false,6,2022-04-01,2022-09-30,0
2022-10-31,28050,2022-03-31,2,59863000000,0.032,,,,,5034000000,-0.165,5032000000,-0.152,,3566000000,,280.80,,,,,,,,,,,,,,,,,,,,,,true,false,6,2021-04-01,2021-09-30,-1
2022-10-31,28050,2023-03-31,2,122500000000,0.038,,,,,5000000000,-0.420,5100000000,-0.414,,3700000000,,299.16,,,,,,,,,,,,,,,,,,,,,,true,true,12,2022-04-01,2023-03-31,0
2022-10-31,28050,2022-03-31,2,,,,,,,,,,,,,,,,,,,,128984000000,59903000000,0.464,,59903000000,,,,,,,,,,,,true,false,12,2021-04-01,2022-03-31,-1
2022-10-31,28050,2022-03-31,2,,,,,,,,,,,,,,,,,,,,,,,,,,,,,50.00,,,,13622234,1254135,,false,false,12,2021-04-01,2022-03-31,-1
2022-10-31,28050,2023-03-31,2,,,,,,,,,,,,,,,,,,,,,,,,,,,,,27.00,,,,,,,false,false,12,2022-04-01,2023-03-31,0
2022-10-31,28050,2023-03-31,2,,,,,,,,,,,,,,,,,,,,,,,,,,,,,54.00,,,,,,,false,true,12,2022-04-01,2023-03-31,0
2022-10-31,28050,2023-03-31,2,,,,,,,,,,,,,,,,,,,,,,,,,,,,,,,,,13622234,1254167,12368092,false,false,6,2022-04-01,2022-09-30,0
2022-10-31,28050,2022-03-31,2,,,,,,,,,,,,,,,,,,,,,,,,,,,,,,,,,,,12700172,false,false,6,2021-04-01,2021-09-30,-1
2023-01-31,28050,2023-03-31,3,93853000000,0.027,,,,,5637000000,-0.288,5762000000,-0.279,,4249000000,,344.35,,,,,,136536000000,63087000000,0.462,,63087000000,,,,,,,,,,,,true,false,9,2022-04-01,2022-12-31,0
2023-01-31,28050,2022-03-31,3,91358000000,0.022,,,,,7914000000,-0.192,7992000000,-0.175,,5661000000,,445.79,,,,,,,,,,,,,,,,,,,,,,true,false,9,2021-04-01,2021-12-31,-1
2023-01-31,28050,2023-03-31,3,122500000000,0.038,,,,,5000000000,-0.420,5100000000,-0.414,,3700000000,,299.84,,,,,,,,,,,,,,,,,,,,,,true,true,12,2022-04-01,2023-03-31,0
2023-01-31,28050,2022-03-31,3,,,,,,,,,,,,,,,,,,,,128984000000,59903000000,0.464,,59903000000,,,,,,,,,,,,true,false,12,2021-04-01,2022-03-31,-1
2023-01-31,28050,2022-03-31,3,,,,,,,,,,,,,,,,,,,,,,,,,,,,,50.00,,,,13622234,1254135,,false,false,12,2021-04-01,2022-03-31,-1
2023-01-31,28050,2023-03-31,3,,,,,,,,,,,,,,,,,,,,,,,,,,,,,27.00,,,,,,,false,false,12,2022-04-01,2023-03-31,0
2023-01-31,28050,2023-03-31,3,,,,,,,,,,,,,,,,,,,,,,,,,,,,,54.00,,,,,,,false,true,12,2022-04-01,2023-03-31,0
2023-01-31,28050,2023-03-31,3,,,,,,,,,,,,,,,,,,,,,,,,,,,,,,,,,13622234,1537631,12339738,false,false,9,2022-04-01,2022-12-31,0
2023-01-31,28050,2022-03-31,3,,,,,,,,,,,,,,,,,,,,,,,,,,,,,,,,,,,12700078,false,false,9,2021-04-01,2021-12-31,-1
2023-05-12,28050,2023-03-31,,120651000000,0.022,,,,,5399000000,-0.373,5465000000,-0.372,,4080000000,,332.28,,0.066,0.042,0.045,,130462000000,62925000000,0.482,5207.10,62925000000,641000000,-3049000000,-3941000000,20755000000,,0.163,,,,,,true,false,12,2022-04-01,2023-03-31,0
2023-05-12,28050,2022-03-31,,118046000000,0.033,,,,,8617000000,-0.088,8709000000,-0.072,,6225000000,,492.16,,0.108,0.068,0.073,,128984000000,59903000000,0.464,4843.38,59903000000,8170000000,-5736000000,-2898000000,25213000000,,0.102,,,,,,true,false,12,2021-04-01,2022-03-31,-1
2023-05-12,28050,2024-03-31,,63500000000,0.034,,,,,2000000000,-0.388,2050000000,-0.402,,1500000000,,124.13,,,,,,,,,,,,,,,,,,,,,,true,true,6,2023-04-01,2023-09-30,1
2023-05-12,28050,2024-03-31,,126500000000,0.048,,,,,5500000000,0.019,5600000000,0.025,,4200000000,,347.55,,,,,,,,,,,,,,,,0.178,,,,,,true,true,12,2023-04-01,2024-03-31,1
2023-05-12,28050,2023-03-31,,105427000000,0.015,,,,,3330000000,-0.521,3653000000,-0.488,3156000000,,-0.447,257.02,,,,,,104539000000,57098000000,0.546,4724.88,57098000000,,,,,54.00,,,,13622234,1537671,12280857,false,false,12,2022-04-01,2023-03-31,0
2023-05-12,28050,2022-03-31,,103898000000,0.039,,,,,6957000000,-0.100,7140000000,-0.081,5706000000,,-0.069,451.17,,,,,,104713000000,55100000000,0.526,4455.03,55100000000,,,,,50.00,,,,13622234,1254135,12649006,false,false,12,2021-04-01,2022-03-31,-1
2023-05-12,28050,2024-03-31,,,,,,,,,,,,,,,,,,,,,,,,,,,,,,62.00,,,,,,,false,true,12,2023-04-01,2024-03-31,1
2023-07-31,28050,2024-03-31,1,31955000000,0.044,,,,,1802000000,-0.203,2043000000,-0.173,,1495000000,,123.79,,,,,,136913000000,65352000000,0.477,,65352000000,,,,,,,,,,,,true,false,3,2023-04-01,2023-06-30,0
2023-07-31,28050,2023-03-31,1,30616000000,0.021,,,,,2261000000,-0.231,2469000000,-0.178,,1792000000,,144.97,,,,,,,,,,,,,,,,,,,,,,true,false,3,2022-04-01,2022-06-30,-1
2023-07-31,28050,2024-03-31,1,63500000000,0.034,,,,,2000000000,-0.388,2050000000,-0.402,,1500000000,,124.13,,,,,,,,,,,,,,,,,,,,,,true,true,6,2023-04-01,2023-09-30,0
2023-07-31,28050,2024-03-31,1,126500000000,0.048,,,,,5500000000,0.019,5600000000,0.025,,4200000000,,347.55,,,,,,,,,,,,,,,,,,,,,,true,true,12,2023-04-01,2024-03-31,0
2023-07-31,28050,2023-03-31,1,,,,,,,,,,,,,,,,,,,,130462000000,62925000000,0.482,,62925000000,,,,,,,,,,,,true,false,12,2022-04-01,2023-03-31,-1
2023-07-31,28050,2023-03-31,1,,,,,,,,,,,,,,,,,,,,,,,,,,,,,54.00,,,,13622234,1537671,,false,false,12,2022-04-01,2023-03-31,-1
2023-07-31,28050,2024-03-31,1,,,,,,,,,,,,,,,,,,,,,,,,,,,,,62.00,,,,,,,false,true,12,2023-04-01,2024-03-31,0
2023-07-31,28050,2024-03-31,1,,,,,,,,,,,,,,,,,,,,,,,,,,,,,,,,,13622234,1537671,12084563,false,false,3,2023-04-01,2023-06-30,0
2023-07-31,28050,2023-03-31,1,,,,,,,,,,,,,,,,,,,,,,,,,,,,,,,,,,,12368099,false,false,3,2022-04-01,2022-06-30,-1
2023-10-31,28050,2024-03-31,2,63157000000,0.028,,,,,3277000000,0.003,3515000000,0.026,,2410000000,,199.48,,,,,,139326000000,67250000000,0.483,,67250000000,,,,,,,,,,,,true,false,6,2023-04-01,2023-09-30,0
2023-10-31,28050,2023-03-31,2,61433000000,0.026,,,,,3267000000,-0.351,3427000000,-0.319,,2588000000,,209.32,,,,,,,,,,,,,,,,,,,,,,true,false,6,2022-04-01,2022-09-30,-1
2023-10-31,28050,2024-03-31,2,124500000000,0.032,,,,,5700000000,0.056,5800000000,0.061,,4400000000,,364.10,,,,,,,,,,,,,,,,,,,,,,true,true,12,2023-04-01,2024-03-31,0
2023-10-31,28050,2023-03-31,2,,,,,,,,,,,,,,,,,,,,130462000000,62925000000,0.482,,62925000000,,,,,,,,,,,,true,false,12,2022-04-01,2023-03-31,-1
2023-10-31,28050,2023-03-31,2,,,,,,,,,,,,,,,,,,,,,,,,,,,,,54.00,,,,13622234,1537671,,false,false,12,2022-04-01,2023-03-31,-1
2023-10-31,28050,2024-03-31,2,,,,,,,,,,,,,,,,,,,,,,,,,,,,,31.00,,,,,,,false,false,12,2023-04-01,2024-03-31,0
2023-10-31,28050,2024-03-31,2,,,,,,,,,,,,,,,,,,,,,,,,,,,,,62.00,,,,,,,false,true,12,2023-04-01,2024-03-31,0
2023-10-31,28050,2024-03-31,2,,,,,,,,,,,,,,,,,,,,,,,,,,,,,,,,,13622234,1537671,12084563,false,false,6,2023-04-01,2023-09-30,0
2023-10-31,28050,2023-03-31,2,,,,,,,,,,,,,,,,,,,,,,,,,,,,,,,,,,,12368092,false,false,6,2022-04-01,2022-09-30,-1
2024-01-31,28050,2024-03-31,3,97917000000,0.043,,,,,7171000000,0.272,7393000000,0.283,,5290000000,,437.83,,,,,,142659000000,69708000000,0.489,,69708000000,,,,,,,,,,,,true,false,9,2023-04-01,2023-12-31,0
2024-01-31,28050,2023-03-31,3,93853000000,0.027,,,,,5637000000,-0.288,5762000000,-0.279,,4249000000,,344.35,,,,,,,,,,,,,,,,,,,,,,true,false,9,2022-04-01,2022-12-31,-1
2024-01-31,28050,2024-03-31,3,125500000000,0.040,,,,,6700000000,0.241,6900000000,0.263,,5400000000,,446.85,,,,,,,,,,,,,,,,,,,,,,true,true,12,2023-04-01,2024-03-31,0
2024-01-31,28050,2023-03-31,3,,,,,,,,,,,,,,,,,,,,130462000000,62925000000,0.482,,62925000000,,,,,,,,,,,,true,false,12,2022-04-01,2023-03-31,-1
2024-01-31,28050,2023-03-31,3,,,,,,,,,,,,,,,,,,,,,,,,,,,,,54.00,,,,13622234,1537671,,false,false,12,2022-04-01,2023-03-31,-1
2024-01-31,28050,2024-03-31,3,,,,,,,,,,,,,,,,,,,,,,,,,,,,,31.00,,,,,,,false,false,12,2023-04-01,2024-03-31,0
2024-01-31,28050,2024-03-31,3,,,,,,,,,,,,,,,,,,,,,,,,,,,,,62.00,,,,,,,false,true,12,2023-04-01,2024-03-31,0
2024-01-31,28050,2024-03-31,3,,,,,,,,,,,,,,,,,,,,,,,,,,,,,,,,,13622234,1537845,12084520,false,false,9,2023-04-01,2023-12-31,0
2024-01-31,28050,2023-03-31,3,,,,,,,,,,,,,,,,,,,,,,,,,,,,,,,,,,,12339738,false,false,9,2022-04-01,2022-12-31,-1
2024-05-10,28050,2024-03-31,,126443000000,0.048,,,,,7778000000,0.441,8079000000,0.478,,6717000000,,555.89,,0.099,0.060,0.062,,140231000000,72692000000,0.518,6015.43,72692000000,4618000000,843000000,-4417000000,22050000000,,0.119,,,,,,true,false,12,2023-04-01,2024-03-31,0
2024-05-10,28050,2023-03-31,,120651000000,0.022,,,,,5399000000,-0.373,5465000000,-0.372,,4080000000,,332.28,,0.066,0.042,0.045,,130462000000,62925000000,0.482,5207.10,62925000000,641000000,-3049000000,-3941000000,20755000000,,0.163,,,,,,true,false,12,2022-04-01,2023-03-31,-1
2024-05-10,28050,2025-03-31,,60500000000,-0.042,,,,,4100000000,0.251,4100000000,0.166,,3000000000,,248.25,,,,,,,,,,,,,,,,,,,,,,true,true,6,2024-04-01,2024-09-30,1
2024-05-10,28050,2025-03-31,,121500000000,-0.039,,,,,8000000000,0.029,8100000000,0.003,,6200000000,,513.06,,,,,,,,,,,,,,,,0.144,,,,,,true,true,12,2024-04-01,2025-03-31,1
2024-05-10,28050,2024-03-31,,113852000000,0.080,,,,,5577000000,0.675,6961000000,0.906,6705000000,,1.124,554.87,,,,,,115559000000,66494000000,0.575,5502.49,66494000000,,,,,66.00,,,,13622234,1537879,12084484,false,false,12,2023-04-01,2024-03-31,0
2024-05-10,28050,2023-03-31,,105427000000,0.015,,,,,3330000000,-0.521,3653000000,-0.488,3156000000,,-0.447,257.02,,,,,,104539000000,57098000000,0.546,4724.88,57098000000,,,,,54.00,,,,13622234,1537671,12280857,false,false,12,2022-04-01,2023-03-31,-1
2024-05-10,28050,2025-03-31,,,,,,,,,,,,,,,,,,,,,,,,,,,,,,74.00,,,,,,,false,true,12,2024-04-01,2025-03-31,1
2024-07-31,28050,2025-03-31,1,31039000000,-0.029,,,,,3142000000,0.743,3459000000,0.693,,2464000000,,203.98,,,,,,137762000000,75250000000,0.546,,75250000000,,,,,,,,,,,,true,false,3,2024-04-01,2024-06-30,0
2024-07-31,28050,2024-03-31,1,31955000000,0.044,,,,,1802000000,-0.203,2043000000,-0.173,,1495000000,,123.79,,,,,,,,,,,,,,,,,,,,,,true,false,3,2023-04-01,2023-06-30,-1
2024-07-31,28050,2025-03-31,1,61500000000,-0.026,,,,,4500000000,0.373,4700000000,0.337,,3500000000,,289.63,,,,,,,,,,,,,,,,,,,,,,true,true,6,2024-04-01,2024-09-30,0
2024-07-31,28050,2025-03-31,1,121500000000,-0.039,,,,,8000000000,0.029,8100000000,0.003,,6200000000,,513.06,,,,,,,,,,,,,,,,,,,,,,true,true,12,2024-04-01,2025-03-31,0
2024-07-31,28050,2024-03-31,1,,,,,,,,,,,,,,,,,,,,140231000000,72692000000,0.518,,72692000000,,,,,,,,,,,,true,false,12,2023-04-01,2024-03-31,-1
2024-07-31,28050,2024-03-31,1,,,,,,,,,,,,,,,,,,,,,,,,,,,,,66.00,,,,13622234,1537879,,false,false,12,2023-04-01,2024-03-31,-1
2024-07-31,28050,2025-03-31,1,,,,,,,,,,,,,,,,,,,,,,,,,,,,,74.00,,,,,,,false,true,12,2024-04-01,2025-03-31,0
2024-07-31,28050,2025-03-31,1,,,,,,,,,,,,,,,,,,,,,,,,,,,,,,,,,13622234,1537960,12084314,false,false,3,2024-04-01,2024-06-30,0
2024-07-31,28050,2024-03-31,1,,,,,,,,,,,,,,,,,,,,,,,,,,,,,,,,,,,12084563,false,false,3,2023-04-01,2023-06-30,-1
2024-11-01,28050,2025-03-31,2,61491000000,-0.026,,,,,5001000000,0.526,4999000000,0.422,,3659000000,,302.85,,,,,,137626000000,75089000000,0.546,,75089000000,,,,,,,,,,,,true,false,6,2024-04-01,2024-09-30,0
2024-11-01,28050,2024-03-31,2,63157000000,0.028,,,,,3277000000,0.003,3515000000,0.026,,2410000000,,199.48,,,,,,,,,,,,,,,,,,,,,,true,false,6,2023-04-01,2023-09-30,-1
2024-11-01,28050,2025-03-31,2,123000000000,-0.027,,,,,8600000000,0.106,8700000000,0.077,,6800000000,,562.72,,,,,,,,,,,,,,,,,,,,,,true,true,12,2024-04-01,2025-03-31,0
2024-11-01,28050,2024-03-31,2,,,,,,,,,,,,,,,,,,,,140231000000,72692000000,0.518,,72692000000,,,,,,,,,,,,true,false,12,2023-04-01,2024-03-31,-1
2024-11-01,28050,2024-03-31,2,,,,,,,,,,,,,,,,,,,,,,,,,,,,,66.00,,,,13622234,1537879,,false,false,12,2023-04-01,2024-03-31,-1
2024-11-01,28050,2025-03-31,2,,,,,,,,,,,,,,,,,,,,,,,,,,,,,37.00,,,,,,,false,false,12,2024-04-01,2025-03-31,0
2024-11-01,28050,2025-03-31,2,,,,,,,,,,,,,,,,,,,,,,,,,,,,,74.00,,,,,,,false,true,12,2024-04-01,2025-03-31,0
2024-11-01,28050,2025-03-31,2,,,,,,,,,,,,,,,,,,,,,,,,,,,,,,,,,13622234,1538090,12084249,false,false,6,2024-04-01,2024-09-30,0
2024-11-01,28050,2024-03-31,2,,,,,,,,,,,,,,,,,,,,,,,,,,,,,,,,,,,12084563,false,false,6,2023-04-01,2023-09-30,-1
2025-01-31,28050,2025-03-31,3,96521000000,-0.014,,,,,9289000000,0.295,9689000000,0.311,,6976000000,,577.35,,,,,,143088000000,79197000000,0.553,,79197000000,,,,,,,,,,,,true,false,9,2024-04-01,2024-12-31,0
2025-01-31,28050,2024-03-31,3,97917000000,0.043,,,,,7171000000,0.272,7393000000,0.283,,5290000000,,437.83,,,,,,,,,,,,,,,,,,,,,,true,false,9,2023-04-01,2023-12-31,-1
2025-01-31,28050,2025-03-31,3,123500000000,-0.023,,,,,9000000000,0.157,9100000000,0.126,,6800000000,,562.72,,,,,,,,,,,,,,,,,,,,,,true,true,12,2024-04-01,2025-03-31,0
2025-01-31,28050,2024-03-31,3,,,,,,,,,,,,,,,,,,,,140231000000,72692000000,0.518,,72692000000,,,,,,,,,,,,true,false,12,2023-04-01,2024-03-31,-1
2025-01-31,28050,2024-03-31,3,,,,,,,,,,,,,,,,,,,,,,,,,,,,,66.00,,,,13622234,1537879,,false,false,12,2023-04-01,2024-03-31,-1
2025-01-31,28050,2025-03-31,3,,,,,,,,,,,,,,,,,,,,,,,,,,,,,37.00,,,,,,,false,false,12,2024-04-01,2025-03-31,0
2025-01-31,28050,2025-03-31,3,,,,,,,,,,,,,,,,,,,,,,,,,,,,,74.00,,,,,,,false,true,12,2024-04-01,2025-03-31,0
2025-01-31,28050,2025-03-31,3,,,,,,,,,,,,,,,,,,,,,,,,,,,,,,,,,13622234,1538174,12084201,false,false,9,2024-04-01,2024-12-31,0
2025-01-31,28050,2024-03-31,3,,,,,,,,,,,,,,,,,,,,,,,,,,,,,,,,,,,12084520,false,false,9,2023-04-01,2023-12-31,-1
2025-05-13,28050,2025-03-31,,123520000000,-0.023,,,,,9442000000,0.214,9650000000,0.195,,7565000000,,313.04,,0.099,0.070,0.076,,137093000000,80267000000,0.585,3321.27,80267000000,8499000000,-2300000000,-8764000000,19440000000,,0.128,,,,,,true,false,12,2024-04-01,2025-03-31,0
2025-05-13,28050,2024-03-31,,126443000000,0.048,,,,,7778000000,0.441,8079000000,0.478,,6717000000,,277.95,,0.099,0.060,0.062,,140231000000,72692000000,0.518,3007.71,72692000000,4618000000,843000000,-4417000000,22050000000,,0.119,,,,,,true,false,12,2023-04-01,2024-03-31,-1
2025-05-13,28050,2026-03-31,,63500000000,0.033,,,,,4400000000,-0.120,4400000000,-0.120,,3200000000,,132.41,,,,,,,,,,,,,,,,,,,,,,true,true,6,2025-04-01,2025-09-30,1
2025-05-13,28050,2026-03-31,,127000000000,0.028,,,,,9600000000,0.017,9800000000,0.015,,7600000000,,314.47,,,,,,,,,,,,,,,,0.153,,,,,,true,true,12,2025-04-01,2026-03-31,1
2025-05-13,28050,2025-03-31,,121763000000,0.069,,,,,8508000000,0.526,8790000000,0.263,6355000000,,-0.052,262.95,,,,,,118035000000,72335000000,0.613,2993.06,72335000000,,,,,80.00,,,,27244468,3076628,24168281,false,false,12,2024-04-01,2025-03-31,0
2025-05-13,28050,2024-03-31,,113852000000,0.080,,,,,5577000000,0.675,6961000000,0.906,6705000000,,1.124,277.44,,,,,,115559000000,66494000000,0.575,2751.25,66494000000,,,,,66.00,,,,27244468,3075758,24168968,false,false,12,2023-04-01,2024-03-31,-1
2025-05-13,28050,2026-03-31,,,,,,,,,,,,,,,,,,,,,,,,,,,,,,48.00,,,,,,,false,true,12,2025-04-01,2026-03-31,1
