filing_date,code,fiscal_year_end,quarterly_period,net_sales,net_sales_change,revenue,revenue_change,operating_revenue,operating_revenue_change,operating_profit,operating_profit_change,ordinary_profit,ordinary_profit_change,net_income,net_income_of_parent,net_income_change,eps,diluted_eps,roe,roa,operating_profit_to_net_sales,operating_profit_to_revenue,total_assets,net_assets,equity_ratio,bps,owner_equity,operating_cash_flow,investing_cash_flow,financing_cash_flow,cash,dividend_per_share,payout_ratio,commemorative_dividend,extra_dividend,number_of_shares,number_of_treqsury_shares,avg_number_of_shares,is_consolidated,is_forecast,duration,period_start,period_end,period_pos
2015-05-08,28110,2015-12-31,1,42646000000,,,,,,389000000,,402000000,,167000000,,,1.68,1.68,,,,,193729000000,122548000000,0.607,1183.20,117516000000,,,,,,,,,,,,true,false,3,2015-01-01,2015-03-31,0
2015-05-08,28110,2014-12-31,1,49955000000,-0.017,,,,,1067000000,-0.511,1213000000,-0.509,790000000,,-0.533,7.97,7.97,,,,,,,,,,,,,,,,,,,,,true,false,3,2014-01-01,2014-03-31,-1
2015-05-08,28110,2015-12-31,1,96000000000,,,,,,2800000000,,3100000000,,1700000000,,,17.12,,,,,,,,,,,,,,,,,,,,,,true,true,6,2015-01-01,2015-06-30,0
2015-05-08,28110,2015-12-31,1,200000000000,,,,,,7100000000,,7600000000,,4000000000,,,40.29,,,,,,,,,,,,,,,,,,,,,,true,true,12,2015-01-01,2015-12-31,0
2015-05-08,28110,2014-12-31,1,,,,,,,,,,,,,,,,,,,,203413000000,124566000000,0.588,1204.77,119615000000,,,,,,,,,,,,true,false,12,2014-01-01,2014-12-31,-1
2015-05-08,28110,2014-12-31,1,,,,,,,,,,,,,,,,,,,,,,,,,,,,,16.50,,,,99616944,331909,,false,false,12,2014-01-01,2014-12-31,-1
2015-05-08,28110,2015-12-31,1,,,,,,,,,,,,,,,,,,,,,,,,,,,,,22.00,,,,,,,false,true,12,2015-01-01,2015-12-31,0
2015-05-08,28110,2015-12-31,1,,,,,,,,,,,,,,,,,,,,,,,,,,,,,,,,,99616944,296033,99300056,false,false,3,2015-01-01,2015-03-31,0
2015-05-08,28110,2014-12-31,1,,,,,,,,,,,,,,,,,,,,,,,,,,,,,,,,,,,99186645,false,false,3,2014-01-01,2014-03-31,-1
2015-08-04,28110,2015-12-31,2,93993000000,,,,,,3106000000,,3461000000,,2020000000,,,20.35,20.34,,,,,215667000000,127272000000,0.558,1210.26,120242000000,,,,,,,,,,,,true,false,6,2015-01-01,2015-06-30,0
2015-08-04,28110,2014-12-31,2,102825000000,-0.009,,,,,3258000000,-0.351,3605000000,-0.341,2252000000,,-0.436,22.70,22.70,,,,,,,,,,,,,,,,,,,,,true,false,6,2014-01-01,2014-06-30,-1
2015-08-04,28110,2015-12-31,2,200000000000,,,,,,7100000000,,7600000000,,4000000000,,,40.29,,,,,,,,,,,,,,,,,,,,,,true,true,12,2015-01-01,2015-12-31,0
2015-08-04,28110,2014-12-31,2,,,,,,,,,,,,,,,,,,,,203413000000,124566000000,0.588,1204.77,119615000000,,,,,,,,,,,,true,false,12,2014-01-01,2014-12-31,-1
2015-08-04,28110,2014-12-31,2,,,,,,,,,,,,,,,,,,,,,,,,,,,,,16.50,,,,99616944,331909,,false,false,12,2014-01-01,2014-12-31,-1
2015-08-04,28110,2015-12-31,2,,,,,,,,,,,,,,,,,,,,,,,,,,,,,22.00,,,,,,,false,true,12,2015-01-01,2015-12-31,0
2015-08-04,28110,2015-12-31,2,,,,,,,,,,,,,,,,,,,,,,,,,,,,,,,,,99616944,264748,99314669,false,false,6,2015-01-01,2015-06-30,0
2015-08-04,28110,2014-12-31,2,,,,,,,,,,,,,,,,,,,,,,,,,,,,,,,,,,,99211149,false,false,6,2014-01-01,2014-06-30,-1
2015-11-05,28110,2015-12-31,3,145204000000,,,,,,4239000000,,4392000000,,2065000000,,,20.79,20.79,,,,,209161000000,123771000000,0.561,1179.89,117248000000,,,,,,,,,,,,true,false,9,2015-01-01,2015-09-30,0
2015-11-05,28110,2015-12-31,3,200000000000,,,,,,7100000000,,7600000000,,4000000000,,,40.29,,,,,,,,,,,,,,,,,,,,,,true,true,12,2015-01-01,2015-12-31,0
2015-11-05,28110,2014-12-31,3,,,,,,,,,,,,,,,,,,,,203413000000,124566000000,0.588,1204.77,119615000000,,,,,,,,,,,,true,false,12,2014-01-01,2014-12-31,-1
2015-11-05,28110,2014-12-31,3,,,,,,,,,,,,,,,,,,,,,,,,,,,,,16.50,,,,99616944,331909,,false,false,12,2014-01-01,2014-12-31,-1
2015-11-05,28110,2015-12-31,3,,,,,,,,,,,,,,,,,,,,,,,,,,,,,22.00,,,,,,,false,true,12,2015-01-01,2015-12-31,0
2015-11-05,28110,2015-12-31,3,,,,,,,,,,,,,,,,,,,,,,,,,,,,,,,,,99616944,244908,99331818,false,false,9,2015-01-01,2015-09-30,0
2016-02-09,28110,2015-12-31,,195619000000,,,,,,6723000000,,7015000000,,3441000000,,,34.64,34.63,0.029,0.034,0.034,,208885000000,126344000000,0.572,1201.96,119480000000,12039000000,-11023000000,1555000000,21075000000,,0.635,,,,,,true,false,12,2015-01-01,2015-12-31,0
2016-02-09,28110,2014-12-31,,159360000000,,,,,,4328000000,,4969000000,,4366000000,,,44.01,44.00,0.038,0.026,0.027,,203413000000,124566000000,0.588,1204.77,119615000000,1753000000,-7110000000,1793000000,18960000000,,0.375,,,,,,true,false,12,2014-01-01,2014-12-31,-1
2016-02-09,28110,2016-12-31,,97000000000,0.032,,,,,2600000000,-0.163,2900000000,-0.162,,2000000000,,20.12,,,,,,,,,,,,,,,,,,,,,,true,true,6,2016-01-01,2016-06-30,1
2016-02-09,28110,2016-12-31,,200000000000,0.022,,,,,7000000000,0.041,7500000000,0.069,,4500000000,,45.27,,,,,,,,,,,,,,,,0.486,,,,,,true,true,12,2016-01-01,2016-12-31,1
2016-02-09,28110,2015-12-31,,151156000000,,,,,,5836000000,,6526000000,,3237000000,,,32.59,32.58,,,,,175994000000,115436000000,0.656,1161.08,115417000000,,,,,22.00,,,,99616944,212282,99345929,false,false,12,2015-01-01,2015-12-31,0
2016-02-09,28110,2014-12-31,,121505000000,,,,,,4520000000,,5235000000,,4074000000,,,41.06,41.06,,,,,176427000000,114374000000,0.648,1151.86,114362000000,,,,,16.50,,,,99616944,331909,99227844,false,false,12,2014-01-01,2014-12-31,-1
2016-02-09,28110,2016-12-31,,,,,,,,,,,,,,,,,,,,,,,,,,,,,,22.00,,,,,,,false,true,12,2016-01-01,2016-12-31,1
2016-05-10,28110,2016-12-31,1,44348000000,0.040,,,,,1245000000,2.198,1352000000,2.357,,964000000,,9.70,9.70,,,,,197493000000,120507000000,0.575,1142.57,113616000000,,,,,,,,,,,,true,false,3,2016-01-01,2016-03-31,0
2016-05-10,28110,2015-12-31,1,42646000000,,,,,,389000000,,402000000,,,167000000,,1.68,1.68,,,,,,,,,,,,,,,,,,,,,true,false,3,2015-01-01,2015-03-31,-1
2016-05-10,28110,2016-12-31,1,97000000000,0.032,,,,,2600000000,-0.163,2900000000,-0.162,,2000000000,,20.12,,,,,,,,,,,,,,,,,,,,,,true,true,6,2016-01-01,2016-06-30,0
2016-05-10,28110,2016-12-31,1,200000000000,0.022,,,,,7000000000,0.041,7500000000,0.069,,4500000000,,45.27,,,,,,,,,,,,,,,,,,,,,,true,true,12,2016-01-01,2016-12-31,0
2016-05-10,28110,2015-12-31,1,,,,,,,,,,,,,,,,,,,,208885000000,126344000000,0.572,1201.96,119480000000,,,,,,,,,,,,true,false,12,2015-01-01,2015-12-31,-1
2016-05-10,28110,2015-12-31,1,,,,,,,,,,,,,,,,,,,,,,,,,,,,,22.00,,,,99616944,212282,,false,false,12,2015-01-01,2015-12-31,-1
2016-05-10,28110,2016-12-31,1,,,,,,,,,,,,,,,,,,,,,,,,,,,,,22.00,,,,,,,false,true,12,2016-01-01,2016-12-31,0
2016-05-10,28110,2016-12-31,1,,,,,,,,,,,,,,,,,,,,,,,,,,,,,,,,,99616944,177719,99419444,false,false,3,2016-01-01,2016-03-31,0
2016-05-10,28110,2015-12-31,1,,,,,,,,,,,,,,,,,,,,,,,,,,,,,,,,,,,99300056,false,false,3,2015-01-01,2015-03-31,-1
2016-07-26,28110,2016-12-31,,98300000000,0.013,,,,,5500000000,1.115,5600000000,0.931,,3200000000,,32.30,,,,,,,,,,,,,,,,,,,,,,true,true,6,2016-01-01,2016-06-30,0
2016-07-26,28110,2015-12-31,,93993000000,,,,,,3106000000,,3461000000,,,2020000000,,20.35,,,,,,,,,,,,,,,,,,,,,,true,false,6,2015-01-01,2015-06-30,-1
2016-07-26,28110,2016-12-31,,200000000000,,,,,,9200000000,0.314,9400000000,0.253,,4900000000,,49.30,,,,,,,,,,,,,,,,,,,,,,true,true,12,2016-01-01,2016-12-31,0
2016-07-26,28110,2015-12-31,,195619000000,,,,,,6723000000,,7015000000,,,3441000000,,34.64,,,,,,,,,,,,,,,,,,,,,,true,false,12,2015-01-01,2015-12-31,-1
2016-08-02,28110,2016-12-31,2,98318000000,0.046,,,,,5504000000,0.772,5642000000,0.630,,3214000000,,32.35,32.34,,,,,199016000000,113924000000,0.543,1091.46,108061000000,,,,,,,,,,,,true,false,6,2016-01-01,2016-06-30,0
2016-08-02,28110,2015-12-31,2,93993000000,,,,,,3106000000,,3461000000,,,2020000000,,20.35,20.34,,,,,,,,,,,,,,,,,,,,,true,false,6,2015-01-01,2015-06-30,-1
2016-08-02,28110,2016-12-31,2,200000000000,0.022,,,,,9200000000,0.368,9400000000,0.340,,4900000000,,49.30,,,,,,,,,,,,,,,,,,,,,,true,true,12,2016-01-01,2016-12-31,0
2016-08-02,28110,2015-12-31,2,,,,,,,,,,,,,,,,,,,,208885000000,126344000000,0.572,1201.96,119480000000,,,,,,,,,,,,true,false,12,2015-01-01,2015-12-31,-1
2016-08-02,28110,2015-12-31,2,,,,,,,,,,,,,,,,,,,,,,,,,,,,,22.00,,,,99616944,212282,,false,false,12,2015-01-01,2015-12-31,-1
2016-08-02,28110,2016-12-31,2,,,,,,,,,,,,,,,,,,,,,,,,,,,,,22.00,,,,,,,false,true,12,2016-01-01,2016-12-31,0
2016-08-02,28110,2016-12-31,2,,,,,,,,,,,,,,,,,,,,,,,,,,,,,,,,,99616944,611236,99361197,false,false,6,2016-01-01,2016-06-30,0
2016-08-02,28110,2015-12-31,2,,,,,,,,,,,,,,,,,,,,,,,,,,,,,,,,,,,99314669,false,false,6,2015-01-01,2015-06-30,-1
2016-11-02,28110,2016-12-31,3,150929000000,0.039,,,,,8344000000,0.968,8552000000,0.947,,4857000000,,48.94,48.93,,,,,207813000000,115273000000,0.527,1106.45,109561000000,,,,,,,,,,,,true,false,9,2016-01-01,2016-09-30,0
2016-11-02,28110,2015-12-31,3,145204000000,,,,,,4239000000,,4392000000,,,2065000000,,20.79,20.79,,,,,,,,,,,,,,,,,,,,,true,false,9,2015-01-01,2015-09-30,-1
2016-11-02,28110,2016-12-31,3,200000000000,0.022,,,,,9200000000,0.368,9400000000,0.340,,4900000000,,49.30,,,,,,,,,,,,,,,,,,,,,,true,true,12,2016-01-01,2016-12-31,0
2016-11-02,28110,2015-12-31,3,,,,,,,,,,,,,,,,,,,,208885000000,126344000000,0.572,1201.96,119480000000,,,,,,,,,,,,true,false,12,2015-01-01,2015-12-31,-1
2016-11-02,28110,2015-12-31,3,,,,,,,,,,,,,,,,,,,,,,,,,,,,,22.00,,,,99616944,212282,,false,false,12,2015-01-01,2015-12-31,-1
2016-11-02,28110,2016-12-31,3,,,,,,,,,,,,,,,,,,,,,,,,,,,,,22.00,,,,,,,false,true,12,2016-01-01,2016-12-31,0
2016-11-02,28110,2016-12-31,3,,,,,,,,,,,,,,,,,,,,,,,,,,,,,,,,,99616944,595495,99243668,false,false,9,2016-01-01,2016-09-30,0
2016-11-02,28110,2015-12-31,3,,,,,,,,,,,,,,,,,,,,,,,,,,,,,,,,,,,99331818,false,false,9,2015-01-01,2015-09-30,-1
2017-01-26,28110,2016-12-31,,202500000000,0.013,,,,,10900000000,0.185,11300000000,0.202,,6700000000,,67.65,,,,,,,,,,,,,,,,,,,,,,true,true,12,2016-01-01,2016-12-31,0
2017-01-26,28110,2015-12-31,,195619000000,,,,,,6723000000,,7015000000,,,3441000000,,34.64,,,,,,,,,,,,,,,,,,,,,,true,false,12,2015-01-01,2015-12-31,-1
2017-01-26,28110,2016-12-31,,,,,,,,,,,,,,,,,,,,,,,,,,,,,,24.50,,,,,,,false,true,12,2016-01-01,2016-12-31,0
2017-01-26,28110,2015-12-31,,,,,,,,,,,,,,,,,,,,,,,,,,,,,,22.00,,,,,,,false,false,12,2015-01-01,2015-12-31,-1
2017-02-02,28110,2016-12-31,,202534000000,0.035,,,,,10946000000,0.628,11315000000,0.613,,6764000000,,68.30,68.28,0.064,0.053,0.054,,219804000000,97991000000,0.421,1043.89,92432000000,18824000000,-18576000000,6904000000,28313000000,,0.359,,,,,,true,false,12,2016-01-01,2016-12-31,0
2017-02-02,28110,2015-12-31,,195619000000,,,,,,6723000000,,7015000000,,,3441000000,,34.64,34.63,0.029,0.034,0.034,,208885000000,126344000000,0.572,1201.96,119480000000,12039000000,-11023000000,1555000000,21075000000,,0.635,,,,,,true,false,12,2015-01-01,2015-12-31,-1
2017-02-02,28110,2017-12-31,,101000000000,0.027,,,,,5100000000,-0.073,5300000000,-0.061,,3500000000,,39.53,,,,,,,,,,,,,,,,,,,,,,true,true,6,2017-01-01,2017-06-30,1
2017-02-02,28110,2017-12-31,,210000000000,0.037,,,,,11500000000,0.051,11900000000,0.052,,8400000000,,94.87,,,,,,,,,,,,,,,,0.285,,,,,,true,true,12,2017-01-01,2017-12-31,1
2017-02-02,28110,2016-12-31,,158128000000,0.046,,,,,8987000000,0.540,9514000000,0.458,3018000000,,-0.068,30.47,30.46,,,,,184323000000,86785000000,0.471,979.61,86740000000,,,,,24.50,,,,99616944,11070797,99046140,false,false,12,2016-01-01,2016-12-31,0
2017-02-02,28110,2015-12-31,,151156000000,,,,,,5836000000,,6526000000,,3237000000,,,32.59,32.58,,,,,175994000000,115436000000,0.656,1161.08,115417000000,,,,,22.00,,,,99616944,212282,99345929,false,false,12,2015-01-01,2015-12-31,-1
2017-02-02,28110,2017-12-31,,,,,,,,,,,,,,,,,,,,,,,,,,,,,,27.00,,,,,,,false,true,12,2017-01-01,2017-12-31,1
2017-04-28,28110,2017-12-31,1,47122000000,0.063,,,,,2508000000,1.014,2790000000,1.063,,2133000000,,24.09,24.08,,,,,195715000000,96235000000,0.463,1023.27,90626000000,,,,,,,,,,,,true,false,3,2017-01-01,2017-03-31,0
2017-04-28,28110,2016-12-31,1,44348000000,0.040,,,,,1245000000,2.198,1352000000,2.357,,964000000,,9.70,9.70,,,,,,,,,,,,,,,,,,,,,true,false,3,2016-01-01,2016-03-31,-1
2017-04-28,28110,2017-12-31,1,101000000000,0.027,,,,,5100000000,-0.073,5300000000,-0.061,,3500000000,,39.53,,,,,,,,,,,,,,,,,,,,,,true,true,6,2017-01-01,2017-06-30,0
2017-04-28,28110,2017-12-31,1,210000000000,0.037,,,,,11500000000,0.051,11900000000,0.052,,8400000000,,94.87,,,,,,,,,,,,,,,,,,,,,,true,true,12,2017-01-01,2017-12-31,0
2017-04-28,28110,2016-12-31,1,,,,,,,,,,,,,,,,,,,,219804000000,97991000000,0.421,1043.89,92432000000,,,,,,,,,,,,true,false,12,2016-01-01,2016-12-31,-1
2017-04-28,28110,2016-12-31,1,,,,,,,,,,,,,,,,,,,,,,,,,,,,,24.50,,,,99616944,11070797,,false,false,12,2016-01-01,2016-12-31,-1
2017-04-28,28110,2017-12-31,1,,,,,,,,,,,,,,,,,,,,,,,,,,,,,27.00,,,,,,,false,true,12,2017-01-01,2017-12-31,0
2017-04-28,28110,2017-12-31,1,,,,,,,,,,,,,,,,,,,,,,,,,,,,,,,,,99616944,11050890,88552096,false,false,3,2017-01-01,2017-03-31,0
2017-04-28,28110,2016-12-31,1,,,,,,,,,,,,,,,,,,,,,,,,,,,,,,,,,,,99419444,false,false,3,2016-01-01,2016-03-31,-1
2017-07-21,28110,2017-12-31,,104000000000,0.030,,,,,6100000000,0.196,6600000000,0.245,,4700000000,,53.50,,,,,,,,,,,,,,,,,,,,,,true,true,6,2017-01-01,2017-06-30,0
2017-07-21,28110,2016-12-31,,98318000000,,,,,,5504000000,,5642000000,,,3214000000,,32.35,,,,,,,,,,,,,,,,,,,,,,true,false,6,2016-01-01,2016-06-30,-1
2017-07-21,28110,2017-12-31,,217200000000,0.034,,,,,12500000000,0.087,13000000000,0.092,,8700000000,,98.24,,,,,,,,,,,,,,,,,,,,,,true,true,12,2017-01-01,2017-12-31,0
2017-07-21,28110,2016-12-31,,202534000000,,,,,,10946000000,,11315000000,,,6764000000,,68.30,,,,,,,,,,,,,,,,,,,,,,true,false,12,2016-01-01,2016-12-31,-1
2017-07-21,28110,2017-12-31,,,,,,,,,,,,,,,,,,,,,,,,,,,,,,28.00,,,,,,,false,true,12,2017-01-01,2017-12-31,0
2017-07-21,28110,2016-12-31,,,,,,,,,,,,,,,,,,,,,,,,,,,,,,24.50,,,,,,,false,false,12,2016-01-01,2016-12-31,-1
2017-08-01,28110,2017-12-31,2,104095000000,0.059,,,,,6184000000,0.124,6659000000,0.180,,4776000000,,53.93,53.90,,,,,206359000000,100296000000,0.458,1067.33,94549000000,,,,,,,,,,,,true,false,6,2017-01-01,2017-06-30,0
2017-08-01,28110,2016-12-31,2,98318000000,0.046,,,,,5504000000,0.772,5642000000,0.630,,3214000000,,32.35,32.34,,,,,,,,,,,,,,,,,,,,,true,false,6,2016-01-01,2016-06-30,-1
2017-08-01,28110,2017-12-31,2,217200000000,0.072,,,,,12500000000,0.142,13000000000,0.149,,8700000000,,98.24,,,,,,,,,,,,,,,,,,,,,,true,true,12,2017-01-01,2017-12-31,0
2017-08-01,28110,2016-12-31,2,,,,,,,,,,,,,,,,,,,,219804000000,97991000000,0.421,1043.89,92432000000,,,,,,,,,,,,true,false,12,2016-01-01,2016-12-31,-1
2017-08-01,28110,2016-12-31,2,,,,,,,,,,,,,,,,,,,,,,,,,,,,,24.50,,,,99616944,11070797,,false,false,12,2016-01-01,2016-12-31,-1
2017-08-01,28110,2017-12-31,2,,,,,,,,,,,,,,,,,,,,,,,,,,,,,28.00,,,,,,,false,true,12,2017-01-01,2017-12-31,0
2017-08-01,28110,2017-12-31,2,,,,,,,,,,,,,,,,,,,,,,,,,,,,,,,,,99616944,11032614,88561342,false,false,6,2017-01-01,2017-06-30,0
2017-08-01,28110,2016-12-31,2,,,,,,,,,,,,,,,,,,,,,,,,,,,,,,,,,,,99361197,false,false,6,2016-01-01,2016-06-30,-1
2017-10-31,28110,2017-12-31,3,160808000000,0.065,,,,,9923000000,0.189,10482000000,0.226,,7180000000,,81.07,81.03,,,,,216410000000,102977000000,0.449,1095.99,97101000000,,,,,,,,,,,,true,false,9,2017-01-01,2017-09-30,0
2017-10-31,28110,2016-12-31,3,150929000000,0.039,,,,,8344000000,0.968,8552000000,0.947,,4857000000,,48.94,48.93,,,,,,,,,,,,,,,,,,,,,true,false,9,2016-01-01,2016-09-30,-1
2017-10-31,28110,2017-12-31,3,217200000000,0.072,,,,,12500000000,0.142,13000000000,0.149,,8700000000,,98.24,,,,,,,,,,,,,,,,,,,,,,true,true,12,2017-01-01,2017-12-31,0
2017-10-31,28110,2016-12-31,3,,,,,,,,,,,,,,,,,,,,219804000000,97991000000,0.421,1043.89,92432000000,,,,,,,,,,,,true,false,12,2016-01-01,2016-12-31,-1
2017-10-31,28110,2016-12-31,3,,,,,,,,,,,,,,,,,,,,,,,,,,,,,24.50,,,,99616944,11070797,,false,false,12,2016-01-01,2016-12-31,-1
2017-10-31,28110,2017-12-31,3,,,,,,,,,,,,,,,,,,,,,,,,,,,,,28.00,,,,,,,false,true,12,2017-01-01,2017-12-31,0
2017-10-31,28110,2017-12-31,3,,,,,,,,,,,,,,,,,,,,,,,,,,,,,,,,,99616944,11019916,88570800,false,false,9,2017-01-01,2017-09-30,0
2017-10-31,28110,2016-12-31,3,,,,,,,,,,,,,,,,,,,,,,,,,,,,,,,,,,,99243668,false,false,9,2016-01-01,2016-09-30,-1
2018-02-01,28110,2017-12-31,,214210000000,0.058,,,,,11968000000,0.093,12618000000,0.115,,10100000000,,114.03,113.96,0.104,0.061,0.056,,195737000000,105853000000,0.521,1150.50,101949000000,16598000000,17271000000,-40761000000,21550000000,,0.263,,,,,,true,false,12,2017-01-01,2017-12-31,0
2018-02-01,28110,2016-12-31,,202534000000,0.035,,,,,10946000000,0.628,11315000000,0.613,,6764000000,,68.30,68.28,0.064,0.053,0.054,,219804000000,97991000000,0.421,1043.89,92432000000,18824000000,-18576000000,6904000000,28313000000,,0.359,,,,,,true,false,12,2016-01-01,2016-12-31,-1
2018-02-01,28110,2018-12-31,,104400000000,0.003,,,,,5700000000,-0.078,5800000000,-0.129,,4100000000,,46.27,,,,,,,,,,,,,,,,,,,,,,true,true,6,2018-01-01,2018-06-30,1
2018-02-01,28110,2018-12-31,,215000000000,0.004,,,,,13000000000,0.086,13000000000,0.030,,10000000000,,112.85,,,,,,,,,,,,,,,,0.310,,,,,,true,true,12,2018-01-01,2018-12-31,1
2018-02-01,28110,2017-12-31,,168937000000,0.068,,,,,10449000000,0.163,11641000000,0.224,5318000000,,0.762,60.04,60.00,,,,,151916000000,90788000000,0.597,1023.34,90681000000,,,,,30.00,,,,99616944,11003718,88578624,false,false,12,2017-01-01,2017-12-31,0
2018-02-01,28110,2016-12-31,,158128000000,0.046,,,,,8987000000,0.540,9514000000,0.458,3018000000,,-0.068,30.47,30.46,,,,,184323000000,86785000000,0.471,979.61,86740000000,,,,,24.50,,,,99616944,11070797,99046140,false,false,12,2016-01-01,2016-12-31,-1
2018-02-01,28110,2018-12-31,,,,,,,,,,,,,,,,,,,,,,,,,,,,,,35.00,,,,,,,false,true,12,2018-01-01,2018-12-31,1
,28110,2017-12-31,,,,,,,,,,,,,,,,,,,,,,,,,,,,,,30.00,,,,,,,false,true,12,2017-01-01,2017-12-31,0
,28110,2016-12-31,,,,,,,,,,,,,,,,,,,,,,,,,,,,,,24.50,,,,,,,false,false,12,2016-01-01,2016-12-31,-1
2018-04-27,28110,2018-12-31,1,47171000000,0.001,,,,,1985000000,-0.208,2001000000,-0.283,,1741000000,,19.65,19.63,,,,,182949000000,101234000000,0.532,1099.11,97417000000,,,,,,,,,,,,true,false,3,2018-01-01,2018-03-31,0
2018-04-27,28110,2017-12-31,1,47122000000,0.063,,,,,2508000000,1.014,2790000000,1.063,,2133000000,,24.09,24.08,,,,,,,,,,,,,,,,,,,,,true,false,3,2017-01-01,2017-03-31,-1
2018-04-27,28110,2018-12-31,1,104400000000,0.003,,,,,5700000000,-0.078,5800000000,-0.129,,4100000000,,46.27,,,,,,,,,,,,,,,,,,,,,,true,true,6,2018-01-01,2018-06-30,0
2018-04-27,28110,2018-12-31,1,215000000000,0.004,,,,,13000000000,0.086,13000000000,0.030,,10000000000,,112.85,,,,,,,,,,,,,,,,,,,,,,true,true,12,2018-01-01,2018-12-31,0
2018-04-27,28110,2017-12-31,1,,,,,,,,,,,,,,,,,,,,195737000000,105853000000,0.521,1150.50,101949000000,,,,,,,,,,,,true,false,12,2017-01-01,2017-12-31,-1
2018-04-27,28110,2017-12-31,1,,,,,,,,,,,,,,,,,,,,,,,,,,,,,30.00,,,,99616944,11003718,,false,false,12,2017-01-01,2017-12-31,-1
2018-04-27,28110,2018-12-31,1,,,,,,,,,,,,,,,,,,,,,,,,,,,,,35.00,,,,,,,false,true,12,2018-01-01,2018-12-31,0
2018-04-27,28110,2018-12-31,1,,,,,,,,,,,,,,,,,,,,,,,,,,,,,,,,,99616944,10983869,88618565,false,false,3,2018-01-01,2018-03-31,0
2018-04-27,28110,2017-12-31,1,,,,,,,,,,,,,,,,,,,,,,,,,,,,,,,,,,,88552096,false,false,3,2017-01-01,2017-03-31,-1
2018-07-31,28110,2018-12-31,2,102386000000,-0.016,,,,,5268000000,-0.148,5417000000,-0.187,,4647000000,,52.44,52.39,,,,,188181000000,105188000000,0.539,1143.76,101405000000,,,,,,,,,,,,true,false,6,2018-01-01,2018-06-30,0
2018-07-31,28110,2017-12-31,2,104095000000,0.059,,,,,6184000000,0.124,6659000000,0.180,,4776000000,,53.93,53.90,,,,,,,,,,,,,,,,,,,,,true,false,6,2017-01-01,2017-06-30,-1
2018-07-31,28110,2018-12-31,2,215000000000,0.004,,,,,13000000000,0.086,13000000000,0.030,,10000000000,,112.85,,,,,,,,,,,,,,,,,,,,,,true,true,12,2018-01-01,2018-12-31,0
2018-07-31,28110,2017-12-31,2,,,,,,,,,,,,,,,,,,,,195737000000,105853000000,0.521,1150.50,101949000000,,,,,,,,,,,,true,false,12,2017-01-01,2017-12-31,-1
2018-07-31,28110,2017-12-31,2,,,,,,,,,,,,,,,,,,,,,,,,,,,,,30.00,,,,99616944,11003718,,false,false,12,2017-01-01,2017-12-31,-1
2018-07-31,28110,2018-12-31,2,,,,,,,,,,,,,,,,,,,,,,,,,,,,,35.00,,,,,,,false,true,12,2018-01-01,2018-12-31,0
2018-07-31,28110,2018-12-31,2,,,,,,,,,,,,,,,,,,,,,,,,,,,,,,,,,99616944,10956549,88629127,false,false,6,2018-01-01,2018-06-30,0
2018-07-31,28110,2017-12-31,2,,,,,,,,,,,,,,,,,,,,,,,,,,,,,,,,,,,88561342,false,false,6,2017-01-01,2017-06-30,-1
2018-10-31,28110,2018-12-31,3,157069000000,-0.023,,,,,9182000000,-0.075,9346000000,-0.108,,7224000000,,81.50,81.42,,,,,196365000000,107273000000,0.527,1167.74,103546000000,,,,,,,,,,,,true,false,9,2018-01-01,2018-09-30,0
2018-10-31,28110,2017-12-31,3,160808000000,0.065,,,,,9923000000,0.189,10482000000,0.226,,7180000000,,81.07,81.03,,,,,,,,,,,,,,,,,,,,,true,false,9,2017-01-01,2017-09-30,-1
2018-10-31,28110,2018-12-31,3,215000000000,0.004,,,,,13000000000,0.086,13000000000,0.030,,10000000000,,112.85,,,,,,,,,,,,,,,,,,,,,,true,true,12,2018-01-01,2018-12-31,0
2018-10-31,28110,2017-12-31,3,,,,,,,,,,,,,,,,,,,,195737000000,105853000000,0.521,1150.50,101949000000,,,,,,,,,,,,true,false,12,2017-01-01,2017-12-31,-1
2018-10-31,28110,2017-12-31,3,,,,,,,,,,,,,,,,,,,,,,,,,,,,,30.00,,,,99616944,11003718,,false,false,12,2017-01-01,2017-12-31,-1
2018-10-31,28110,2018-12-31,3,,,,,,,,,,,,,,,,,,,,,,,,,,,,,35.00,,,,,,,false,true,12,2018-01-01,2018-12-31,0
2018-10-31,28110,2018-12-31,3,,,,,,,,,,,,,,,,,,,,,,,,,,,,,,,,,99616944,10944400,88641707,false,false,9,2018-01-01,2018-09-30,0
2018-10-31,28110,2017-12-31,3,,,,,,,,,,,,,,,,,,,,,,,,,,,,,,,,,,,88570800,false,false,9,2017-01-01,2017-09-30,-1
2019-01-31,28110,2018-12-31,,209865000000,-0.020,,,,,12000000000,0.003,12051000000,-0.045,,11527000000,,130.03,129.90,0.113,0.062,0.057,,193612000000,104843000000,0.525,1146.85,101732000000,10130000000,-299000000,-1083000000,30112000000,,0.308,,,,,,true,false,12,2018-01-01,2018-12-31,0
2019-01-31,28110,2017-12-31,,214210000000,0.058,,,,,11968000000,0.093,12618000000,0.115,,10100000000,,114.03,113.96,0.104,0.061,0.056,,195737000000,105853000000,0.521,1150.50,101949000000,16598000000,17271000000,-40761000000,21550000000,,0.263,,,,,,true,false,12,2017-01-01,2017-12-31,-1
2019-01-31,28110,2018-12-31,,169127000000,0.001,,,,,10805000000,0.034,11395000000,-0.021,12127000000,,1.280,136.80,136.67,,,,,151449000000,92564000000,0.610,1041.21,92361000000,,,,,40.00,,,,99616944,10910869,88653522,false,false,12,2018-01-01,2018-12-31,0
2019-01-31,28110,2017-12-31,,168937000000,0.068,,,,,10449000000,0.163,11641000000,0.224,5318000000,,0.762,60.04,60.00,,,,,151916000000,90788000000,0.597,1023.34,90681000000,,,,,30.00,,,,99616944,11003718,88578624,false,false,12,2017-01-01,2017-12-31,-1
2019-01-31,28110,2019-12-31,,,,,,,,13600000000,,,,,9500000000,,107.10,,,,,,,,,,,,,,,,0.327,,,,,,true,true,12,2019-01-01,2019-12-31,1
2019-01-31,28110,2019-12-31,,,,,,,,,,,,,,,,,,,,,,,,,,,,,,35.00,,,,,,,false,true,12,2019-01-01,2019-12-31,1
,28110,2018-12-31,,,,,,,,,,,,,,,,,,,,,,,,,,,,,,40.00,,,,,,,false,true,12,2018-01-01,2018-12-31,0
,28110,2017-12-31,,,,,,,,,,,,,,,,,,,,,,,,,,,,,,30.00,,,,,,,false,false,12,2017-01-01,2017-12-31,-1
2019-05-08,28110,2019-12-31,1,,,,,,,1639000000,-0.352,,,,1134000000,,12.79,12.78,,,,,190928000000,,,,,,,,,,,,,,,,true,false,3,2019-01-01,2019-03-31,0
2019-05-08,28110,2018-12-31,1,,,,,,,2528000000,,,,,1764000000,,19.91,19.89,,,,,,,,,,,,,,,,,,,,,true,false,3,2018-01-01,2018-03-31,-1
2019-05-08,28110,2019-12-31,1,,,,,,,13600000000,0.112,,,,9500000000,,107.10,,,,,,,,,,,,,,,,,,,,,,true,true,12,2019-01-01,2019-12-31,0
2019-05-08,28110,2018-12-31,1,,,,,,,,,,,,,,,,,,,,199826000000,,,,,,,,,,,,,,,,true,false,12,2018-01-01,2018-12-31,-1
2019-05-08,28110,2018-12-31,1,,,,,,,,,,,,,,,,,,,,,,,,,,,,,40.00,,,,99616944,10910869,,false,false,12,2018-01-01,2018-12-31,-1
2019-05-08,28110,2019-12-31,1,,,,,,,,,,,,,,,,,,,,,,,,,,,,,35.00,,,,,,,false,true,12,2019-01-01,2019-12-31,0
2019-05-08,28110,2019-12-31,1,,,,,,,,,,,,,,,,,,,,,,,,,,,,,,,30.00,10.00,99616944,10874503,88723113,false,false,3,2019-01-01,2019-03-31,0
2019-05-08,28110,2018-12-31,1,,,,,,,,,,,,,,,,,,,,,,,,,,,,,,,,,,,88618565,false,false,3,2018-01-01,2018-03-31,-1
2019-08-06,28110,2019-12-31,2,,,,,,,7179000000,0.089,,,,5459000000,,61.53,61.46,,,,,194234000000,,,,,,,,,,,,,,,,true,false,6,2019-01-01,2019-06-30,0
2019-08-06,28110,2018-12-31,2,,,,,,,6593000000,,,,,4440000000,,50.10,50.06,,,,,,,,,,,,,,,,,,,,,true,false,6,2018-01-01,2018-06-30,-1
2019-08-06,28110,2019-12-31,2,,,,,,,13600000000,0.112,,,,9500000000,,107.10,,,,,,,,,,,,,,,,,,,,,,true,true,12,2019-01-01,2019-12-31,0
2019-08-06,28110,2018-12-31,2,,,,,,,,,,,,,,,,,,,,199826000000,,,,,,,,,,,,,,,,true,false,12,2018-01-01,2018-12-31,-1
2019-08-06,28110,2018-12-31,2,,,,,,,,,,,,,,,,,,,,,,,,,,,,,40.00,,,,99616944,10910869,,false,false,12,2018-01-01,2018-12-31,-1
2019-08-06,28110,2019-12-31,2,,,,,,,,,,,,,,,,,,,,,,,,,,,,,35.00,,,,,,,false,true,12,2019-01-01,2019-12-31,0
2019-08-06,28110,2019-12-31,2,,,,,,,,,,,,,,,,,,,,,,,,,,,,,,,,,99616944,10841108,88737752,false,false,6,2019-01-01,2019-06-30,0
2019-08-06,28110,2018-12-31,2,,,,,,,,,,,,,,,,,,,,,,,,,,,,,,,,,,,88629127,false,false,6,2018-01-01,2018-06-30,-1
2019-10-31,28110,2019-12-31,3,,,,,,,10916000000,-0.010,,,,7971000000,,89.81,89.70,,,,,193603000000,,,,,,,,,,,,,,,,true,false,9,2019-01-01,2019-09-30,0
2019-10-31,28110,2018-12-31,3,,,,,,,11029000000,,,,,7490000000,,84.51,84.43,,,,,,,,,,,,,,,,,,,,,true,false,9,2018-01-01,2018-09-30,-1
2019-10-31,28110,2019-12-31,3,,,,,,,13600000000,0.112,,,,9500000000,,107.10,,,,,,,,,,,,,,,,,,,,,,true,true,12,2019-01-01,2019-12-31,0
2019-10-31,28110,2018-12-31,3,,,,,,,,,,,,,,,,,,,,199826000000,,,,,,,,,,,,,,,,true,false,12,2018-01-01,2018-12-31,-1
2019-10-31,28110,2018-12-31,3,,,,,,,,,,,,,,,,,,,,,,,,,,,,,40.00,,,,99616944,10910869,,false,false,12,2018-01-01,2018-12-31,-1
2019-10-31,28110,2019-12-31,3,,,,,,,,,,,,,,,,,,,,,,,,,,,,,35.00,,,,,,,false,true,12,2019-01-01,2019-12-31,0
2019-10-31,28110,2019-12-31,3,,,,,,,,,,,,,,,,,,,,,,,,,,,,,,,,,94366944,5559593,88756237,false,false,9,2019-01-01,2019-09-30,0
2019-10-31,28110,2018-12-31,3,,,,,,,,,,,,,,,,,,,,,,,,,,,,,,,,,,,88641707,false,false,9,2018-01-01,2018-09-30,-1
2020-01-24,28110,2019-12-31,,,,,,,,14000000000,0.029,,,,10100000000,,114.00,,,,,,,,,,,,,,,,,,,,,,true,true,12,2019-01-01,2019-12-31,0
2020-01-24,28110,2018-12-31,,,,,,,,12228000000,,,,,8998000000,,101.50,,,,,,,,,,,,,,,,,,,,,,true,false,12,2018-01-01,2018-12-31,-1
2020-02-04,28110,2019-12-31,,142032000000,-0.160,,,,,10906000000,0.009,11431000000,0.003,5645000000,,-0.534,63.60,63.51,,,,,147695000000,94764000000,0.640,1063.18,94458000000,,,,,35.00,,30.00,10.00,94366944,5521926,88771950,false,false,12,2019-01-01,2019-12-31,0
2020-02-04,28110,2018-12-31,,169127000000,0.001,,,,,10805000000,0.034,11395000000,-0.021,12127000000,,1.280,136.80,136.67,,,,,150689000000,92564000000,0.613,1041.21,92361000000,,,,,40.00,,,,99616944,10910869,88653522,false,false,12,2018-01-01,2018-12-31,-1
2020-02-04,28110,2019-12-31,,,,,,,,14079000000,0.151,,,,10198000000,,114.89,114.73,,,,,201179000000,,,,,12224000000,-9267000000,-5068000000,,,0.305,,,,,,true,false,12,2019-01-01,2019-12-31,0
2020-02-04,28110,2018-12-31,,,,,,,,12228000000,,,,,8998000000,,101.50,101.40,,,,,199826000000,,,,,10722000000,-299000000,-1675000000,,,0.394,,,,,,true,false,12,2018-01-01,2018-12-31,-1
2020-02-04,28110,2020-12-31,,,,,,,,12900000000,-0.084,,,,8700000000,,97.92,,,,,,,,,,,,,,,,0.368,,,,,,true,true,12,2020-01-01,2020-12-31,1
2020-02-04,28110,2020-12-31,,,,,,,,,,,,,,,,,,,,,,,,,,,,,,36.00,,,,,,,false,true,12,2020-01-01,2020-12-31,1
2020-04-30,28110,2020-12-31,1,,,,,,,2407000000,0.468,,,,1611000000,,18.17,18.14,,,,,209674000000,,,,,,,,,,,,,,,,true,false,3,2020-01-01,2020-03-31,0
2020-04-30,28110,2019-12-31,1,,,,,,,1639000000,-0.352,,,,1134000000,,12.79,12.78,,,,,,,,,,,,,,,,,,,,,true,false,3,2019-01-01,2019-03-31,-1
2020-04-30,28110,2020-12-31,1,,,,,,,12900000000,-0.084,,,,8700000000,,97.92,,,,,,,,,,,,,,,,,,,,,,true,true,12,2020-01-01,2020-12-31,0
2020-04-30,28110,2019-12-31,1,,,,,,,,,,,,,,,,,,,,201179000000,,,,,,,,,,,,,,,,true,false,12,2019-01-01,2019-12-31,-1
2020-04-30,28110,2019-12-31,1,,,,,,,,,,,,,,,,,,,,,,,,,,,,,35.00,,,,94366944,5521926,,false,false,12,2019-01-01,2019-12-31,-1
2020-04-30,28110,2020-12-31,1,,,,,,,,,,,,,,,,,,,,,,,,,,,,,36.00,,,,,,,false,true,12,2020-01-01,2020-12-31,0
2020-04-30,28110,2020-12-31,1,,,,,,,,,,,,,,,,,,,,,,,,,,,,,,,,,94366944,5967602,88687521,false,false,3,2020-01-01,2020-03-31,0
2020-04-30,28110,2019-12-31,1,,,,,,,,,,,,,,,,,,,,,,,,,,,,,,,,,,,88723113,false,false,3,2019-01-01,2019-03-31,-1
2020-07-29,28110,2020-12-31,2,,,,,,,6874000000,-0.042,,,,4572000000,,51.66,51.57,,,,,216298000000,,,,,,,,,,,,,,,,true,false,6,2020-01-01,2020-06-30,0
2020-07-29,28110,2019-12-31,2,,,,,,,7179000000,0.089,,,,5459000000,,61.53,61.46,,,,,,,,,,,,,,,,,,,,,true,false,6,2019-01-01,2019-06-30,-1
2020-07-29,28110,2020-12-31,2,,,,,,,12900000000,-0.084,,,,8700000000,,97.92,,,,,,,,,,,,,,,,,,,,,,true,true,12,2020-01-01,2020-12-31,0
2020-07-29,28110,2019-12-31,2,,,,,,,,,,,,,,,,,,,,201179000000,,,,,,,,,,,,,,,,true,false,12,2019-01-01,2019-12-31,-1
2020-07-29,28110,2019-12-31,2,,,,,,,,,,,,,,,,,,,,,,,,,,,,,35.00,,,,94366944,5521926,,false,false,12,2019-01-01,2019-12-31,-1
2020-07-29,28110,2020-12-31,2,,,,,,,,,,,,,,,,,,,,,,,,,,,,,36.00,,,,,,,false,true,12,2020-01-01,2020-12-31,0
2020-07-29,28110,2020-12-31,2,,,,,,,,,,,,,,,,,,,,,,,,,,,,,,,,,94366944,6015949,88523966,false,false,6,2020-01-01,2020-06-30,0
2020-07-29,28110,2019-12-31,2,,,,,,,,,,,,,,,,,,,,,,,,,,,,,,,,,,,88737752,false,false,6,2019-01-01,2019-06-30,-1
2020-10-30,28110,2020-12-31,3,,,,,,,12040000000,0.103,,,,8149000000,,92.12,91.97,,,,,223549000000,,,,,,,,,,,,,,,,true,false,9,2020-01-01,2020-09-30,0
2020-10-30,28110,2019-12-31,3,,,,,,,10916000000,-0.010,,,,7971000000,,89.81,89.70,,,,,,,,,,,,,,,,,,,,,true,false,9,2019-01-01,2019-09-30,-1
2020-10-30,28110,2020-12-31,3,,,,,,,12900000000,-0.084,,,,8700000000,,97.92,,,,,,,,,,,,,,,,,,,,,,true,true,12,2020-01-01,2020-12-31,0
2020-10-30,28110,2019-12-31,3,,,,,,,,,,,,,,,,,,,,201179000000,,,,,,,,,,,,,,,,true,false,12,2019-01-01,2019-12-31,-1
2020-10-30,28110,2019-12-31,3,,,,,,,,,,,,,,,,,,,,,,,,,,,,,35.00,,,,94366944,5521926,,false,false,12,2019-01-01,2019-12-31,-1
2020-10-30,28110,2020-12-31,3,,,,,,,,,,,,,,,,,,,,,,,,,,,,,36.00,,,,,,,false,true,12,2020-01-01,2020-12-31,0
2020-10-30,28110,2020-12-31,3,,,,,,,,,,,,,,,,,,,,,,,,,,,,,,,,,94366944,5998005,88468314,false,false,9,2020-01-01,2020-09-30,0
2020-10-30,28110,2019-12-31,3,,,,,,,,,,,,,,,,,,,,,,,,,,,,,,,,,,,88756237,false,false,9,2019-01-01,2019-09-30,-1
2020-12-25,28110,2020-12-31,,,,,,,,10200000000,-0.209,,,,7000000000,,78.95,,,,,,,,,,,,,,,,,,,,,,true,true,12,2020-01-01,2020-12-31,0
2020-12-25,28110,2019-12-31,,,,,,,,14079000000,,,,,10198000000,,114.89,,,,,,,,,,,,,,,,,,,,,,true,false,12,2019-01-01,2019-12-31,-1
2021-02-03,28110,2020-12-31,,144662000000,0.019,,,,,12589000000,0.154,13028000000,0.140,10306000000,,0.826,116.22,116.02,,,,,175492000000,100757000000,0.572,1123.74,100393000000,,,,,36.00,,,,94366944,5027707,88682783,false,false,12,2020-01-01,2020-12-31,0
2021-02-03,28110,2019-12-31,,142032000000,-0.160,,,,,10906000000,0.009,11431000000,0.003,5645000000,,-0.534,63.60,63.51,,,,,147695000000,94764000000,0.640,1063.18,94458000000,,,,,35.00,,,,94366944,5521926,88771950,false,false,12,2019-01-01,2019-12-31,-1
2021-02-03,28110,2020-12-31,,,,,,,,10682000000,-0.241,,,,7425000000,,83.73,83.59,,,,,224913000000,,,,,20442000000,-3398000000,12104000000,,,0.430,,,,,,true,false,12,2020-01-01,2020-12-31,0
2021-02-03,28110,2019-12-31,,,,,,,,14079000000,0.151,,,,10198000000,,114.89,114.73,,,,,201179000000,,,,,12224000000,-9267000000,-5068000000,,,0.305,,,,,,true,false,12,2019-01-01,2019-12-31,-1
2021-02-03,28110,2021-12-31,,,,,,,,13300000000,0.245,,,,8800000000,,98.50,,,,,,,,,,,,,,,,0.376,,,,,,true,true,12,2021-01-01,2021-12-31,1
2021-02-03,28110,2021-12-31,,,,,,,,,,,,,,,,,,,,,,,,,,,,,,37.00,,,,,,,false,true,12,2021-01-01,2021-12-31,1
2021-04-28,28110,2021-12-31,1,,,,,,,2038000000,-0.153,,,,1355000000,,15.17,15.14,,,,,222402000000,,,,,,,,,,,,,,,,true,false,3,2021-01-01,2021-03-31,0
2021-04-28,28110,2020-12-31,1,,,,,,,2407000000,0.468,,,,1611000000,,18.17,18.14,,,,,,,,,,,,,,,,,,,,,true,false,3,2020-01-01,2020-03-31,-1
2021-04-28,28110,2021-12-31,1,,,,,,,13300000000,0.245,,,,8800000000,,98.50,,,,,,,,,,,,,,,,,,,,,,true,true,12,2021-01-01,2021-12-31,0
2021-04-28,28110,2020-12-31,1,,,,,,,,,,,,,,,,,,,,224913000000,,,,,,,,,,,,,,,,true,false,12,2020-01-01,2020-12-31,-1
2021-04-28,28110,2020-12-31,1,,,,,,,,,,,,,,,,,,,,,,,,,,,,,36.00,,,,94366944,5027707,,false,false,12,2020-01-01,2020-12-31,-1
2021-04-28,28110,2021-12-31,1,,,,,,,,,,,,,,,,,,,,,,,,,,,,,37.00,,,,,,,false,true,12,2021-01-01,2021-12-31,0
2021-04-28,28110,2021-12-31,1,,,,,,,,,,,,,,,,,,,,,,,,,,,,,,,,,94366944,5028023,89339136,false,false,3,2021-01-01,2021-03-31,0
2021-04-28,28110,2020-12-31,1,,,,,,,,,,,,,,,,,,,,,,,,,,,,,,,,,,,88687521,false,false,3,2020-01-01,2020-03-31,-1
2021-07-28,28110,2021-12-31,2,,,,,,,6944000000,0.010,,,,4739000000,,53.05,52.96,,,,,204900000000,,,,,,,,,,,,,,,,true,false,6,2021-01-01,2021-06-30,0
2021-07-28,28110,2020-12-31,2,,,,,,,6874000000,-0.042,,,,4572000000,,51.66,51.57,,,,,,,,,,,,,,,,,,,,,true,false,6,2020-01-01,2020-06-30,-1
2021-07-28,28110,2021-12-31,2,,,,,,,13700000000,0.282,,,,9000000000,,100.74,,,,,,,,,,,,,,,,,,,,,,true,true,12,2021-01-01,2021-12-31,0
2021-07-28,28110,2020-12-31,2,,,,,,,,,,,,,,,,,,,,224913000000,,,,,,,,,,,,,,,,true,false,12,2020-01-01,2020-12-31,-1
2021-07-28,28110,2020-12-31,2,,,,,,,,,,,,,,,,,,,,,,,,,,,,,36.00,,,,94366944,5027707,,false,false,12,2020-01-01,2020-12-31,-1
2021-07-28,28110,2021-12-31,2,,,,,,,,,,,,,,,,,,,,,,,,,,,,,37.00,,,,,,,false,true,12,2021-01-01,2021-12-31,0
2021-07-28,28110,2021-12-31,2,,,,,,,,,,,,,,,,,,,,,,,,,,,,,,,,,94366944,5016883,89340768,false,false,6,2021-01-01,2021-06-30,0
2021-07-28,28110,2020-12-31,2,,,,,,,,,,,,,,,,,,,,,,,,,,,,,,,,,,,88523966,false,false,6,2020-01-01,2020-06-30,-1
2021-10-29,28110,2021-12-31,3,,,,,,,11680000000,-0.030,,,,7869000000,,88.08,87.92,,,,,210112000000,,,,,,,,,,,,,,,,true,false,9,2021-01-01,2021-09-30,0
2021-10-29,28110,2020-12-31,3,,,,,,,12040000000,0.103,,,,8149000000,,92.12,91.97,,,,,,,,,,,,,,,,,,,,,true,false,9,2020-01-01,2020-09-30,-1
2021-10-29,28110,2021-12-31,3,,,,,,,13700000000,0.282,,,,9000000000,,100.74,,,,,,,,,,,,,,,,,,,,,,true,true,12,2021-01-01,2021-12-31,0
2021-10-29,28110,2020-12-31,3,,,,,,,,,,,,,,,,,,,,224913000000,,,,,,,,,,,,,,,,true,false,12,2020-01-01,2020-12-31,-1
2021-10-29,28110,2020-12-31,3,,,,,,,,,,,,,,,,,,,,,,,,,,,,,36.00,,,,94366944,5027707,,false,false,12,2020-01-01,2020-12-31,-1
2021-10-29,28110,2021-12-31,3,,,,,,,,,,,,,,,,,,,,,,,,,,,,,37.00,,,,,,,false,true,12,2021-01-01,2021-12-31,0
2021-10-29,28110,2021-12-31,3,,,,,,,,,,,,,,,,,,,,,,,,,,,,,,,,,94366944,5015512,89343964,false,false,9,2021-01-01,2021-09-30,0
2021-10-29,28110,2020-12-31,3,,,,,,,,,,,,,,,,,,,,,,,,,,,,,,,,,,,88468314,false,false,9,2020-01-01,2020-09-30,-1
2022-02-02,28110,2021-12-31,,138017000000,-0.046,,,,,10143000000,-0.194,10813000000,-0.170,7140000000,,-0.307,79.99,79.85,,,,,155419000000,102823000000,0.659,1156.82,102382000000,,,,,37.00,,,,94366944,5863240,89265663,false,false,12,2021-01-01,2021-12-31,0
2022-02-02,28110,2020-12-31,,144662000000,0.019,,,,,12589000000,0.154,13028000000,0.140,10306000000,,0.826,116.22,116.02,,,,,175492000000,100757000000,0.572,1123.74,100393000000,,,,,36.00,,,,94366944,5027707,88682783,false,false,12,2020-01-01,2020-12-31,-1
2022-02-02,28110,2021-12-31,,,,,,,,14010000000,0.312,,,,9763000000,,109.37,109.18,,,,,215208000000,,,,,14796000000,-14162000000,-27652000000,,,0.338,,,,,,true,false,12,2021-01-01,2021-12-31,0
2022-02-02,28110,2020-12-31,,,,,,,,10682000000,-0.241,,,,7425000000,,83.73,83.59,,,,,224913000000,,,,,20442000000,-3398000000,12104000000,,,0.430,,,,,,true,false,12,2020-01-01,2020-12-31,-1
2022-02-02,28110,2022-12-31,,,,,,,,13300000000,-0.051,,,,8800000000,,98.58,,,,,,,,,,,,,,,,0.385,,,,,,true,true,12,2022-01-01,2022-12-31,1
2022-02-02,28110,2022-12-31,,,,,,,,,,,,,,,,,,,,,,,,,,,,,,38.00,,,,,,,false,true,12,2022-01-01,2022-12-31,1
2022-04-28,28110,2022-12-31,1,,,,,,,2226000000,0.092,,,,1492000000,,16.97,16.94,,,,,208687000000,,,,,,,,,,,,,,,,true,false,3,2022-01-01,2022-03-31,0
2022-04-28,28110,2021-12-31,1,,,,,,,2038000000,-0.153,,,,1355000000,,15.17,15.14,,,,,,,,,,,,,,,,,,,,,true,false,3,2021-01-01,2021-03-31,-1
2022-04-28,28110,2022-12-31,1,,,,,,,13300000000,-0.051,,,,8800000000,,98.58,,,,,,,,,,,,,,,,,,,,,,true,true,12,2022-01-01,2022-12-31,0
2022-04-28,28110,2021-12-31,1,,,,,,,,,,,,,,,,,,,,215208000000,,,,,,,,,,,,,,,,true,false,12,2021-01-01,2021-12-31,-1
2022-04-28,28110,2021-12-31,1,,,,,,,,,,,,,,,,,,,,,,,,,,,,,37.00,,,,94366944,5863240,,false,false,12,2021-01-01,2021-12-31,-1
2022-04-28,28110,2022-12-31,1,,,,,,,,,,,,,,,,,,,,,,,,,,,,,38.00,,,,,,,false,true,12,2022-01-01,2022-12-31,0
2022-04-28,28110,2022-12-31,1,,,,,,,,,,,,,,,,,,,,,,,,,,,,,,,,,94366944,6955498,87919841,false,false,3,2022-01-01,2022-03-31,0
2022-04-28,28110,2021-12-31,1,,,,,,,,,,,,,,,,,,,,,,,,,,,,,,,,,,,89339136,false,false,3,2021-01-01,2021-03-31,-1
2022-07-27,28110,2022-12-31,2,,,,,,,5548000000,-0.201,,,,3560000000,,40.75,40.68,,,,,213908000000,,,,,,,,,,,,,,,,true,false,6,2022-01-01,2022-06-30,0
2022-07-27,28110,2021-12-31,2,,,,,,,6944000000,0.010,,,,4739000000,,53.05,52.96,,,,,,,,,,,,,,,,,,,,,true,false,6,2021-01-01,2021-06-30,-1
2022-07-27,28110,2022-12-31,2,,,,,,,10800000000,-0.229,,,,6900000000,,78.97,,,,,,,,,,,,,,,,,,,,,,true,true,12,2022-01-01,2022-12-31,0
2022-07-27,28110,2021-12-31,2,,,,,,,,,,,,,,,,,,,,215208000000,,,,,,,,,,,,,,,,true,false,12,2021-01-01,2021-12-31,-1
2022-07-27,28110,2021-12-31,2,,,,,,,,,,,,,,,,,,,,,,,,,,,,,37.00,,,,94366944,5863240,,false,false,12,2021-01-01,2021-12-31,-1
2022-07-27,28110,2022-12-31,2,,,,,,,,,,,,,,,,,,,,,,,,,,,,,38.00,,,,,,,false,true,12,2022-01-01,2022-12-31,0
2022-07-27,28110,2022-12-31,2,,,,,,,,,,,,,,,,,,,,,,,,,,,,,,,,,94366944,8031348,87374066,false,false,6,2022-01-01,2022-06-30,0
2022-07-27,28110,2021-12-31,2,,,,,,,,,,,,,,,,,,,,,,,,,,,,,,,,,,,89340768,false,false,6,2021-01-01,2021-06-30,-1
2022-10-28,28110,2022-12-31,3,,,,,,,10109000000,-0.134,,,,6615000000,,76.09,75.96,,,,,226123000000,,,,,,,,,,,,,,,,true,false,9,2022-01-01,2022-09-30,0
2022-10-28,28110,2021-12-31,3,,,,,,,11680000000,-0.030,,,,7869000000,,88.08,87.92,,,,,,,,,,,,,,,,,,,,,true,false,9,2021-01-01,2021-09-30,-1
2022-10-28,28110,2022-12-31,3,,,,,,,10800000000,-0.229,,,,6900000000,,78.97,,,,,,,,,,,,,,,,,,,,,,true,true,12,2022-01-01,2022-12-31,0
2022-10-28,28110,2021-12-31,3,,,,,,,,,,,,,,,,,,,,215208000000,,,,,,,,,,,,,,,,true,false,12,2021-01-01,2021-12-31,-1
2022-10-28,28110,2021-12-31,3,,,,,,,,,,,,,,,,,,,,,,,,,,,,,37.00,,,,94366944,5863240,,false,false,12,2021-01-01,2021-12-31,-1
2022-10-28,28110,2022-12-31,3,,,,,,,,,,,,,,,,,,,,,,,,,,,,,38.00,,,,,,,false,true,12,2022-01-01,2022-12-31,0
2022-10-28,28110,2022-12-31,3,,,,,,,,,,,,,,,,,,,,,,,,,,,,,,,,,94366944,8301485,86948958,false,false,9,2022-01-01,2022-09-30,0
2022-10-28,28110,2021-12-31,3,,,,,,,,,,,,,,,,,,,,,,,,,,,,,,,,,,,89343964,false,false,9,2021-01-01,2021-09-30,-1
2023-01-27,28110,2022-12-31,,,,,,,,12700000000,0.176,,,,9100000000,,104.93,,,,,,,,,,,,,,,,,,,,,,true,true,12,2022-01-01,2022-12-31,0
2023-01-27,28110,2021-12-31,,,,,,,,14010000000,,,,,9763000000,,109.37,,,,,,,,,,,,,,,,,,,,,,true,false,12,2021-01-01,2021-12-31,-1
2023-02-02,28110,2022-12-31,,139520000000,0.011,,,,,7479000000,-0.263,8116000000,-0.249,5887000000,,-0.176,67.88,67.75,,,,,149746000000,97742000000,0.650,1130.20,97271000000,,,,,38.00,,,,94366944,8301555,86726257,false,false,12,2022-01-01,2022-12-31,0
2023-02-02,28110,2021-12-31,,138017000000,-0.046,,,,,10143000000,-0.194,10813000000,-0.170,7140000000,,-0.307,79.99,79.85,,,,,155419000000,102823000000,0.659,1156.82,102382000000,,,,,37.00,,,,94366944,5863240,89265663,false,false,12,2021-01-01,2021-12-31,-1
2023-02-02,28110,2022-12-31,,,,,,,,12757000000,-0.089,,,,9116000000,,105.11,104.91,,,,,225372000000,,,,,4635000000,-9457000000,-5512000000,,,0.362,,,,,,true,false,12,2022-01-01,2022-12-31,0
2023-02-02,28110,2021-12-31,,,,,,,,14010000000,0.312,,,,9763000000,,109.37,109.18,,,,,215208000000,,,,,14796000000,-14162000000,-27652000000,,,0.338,,,,,,true,false,12,2021-01-01,2021-12-31,-1
2023-02-02,28110,2023-12-31,,,,,,,,7400000000,-0.420,,,,4100000000,,47.28,,,,,,,,,,,,,,,,0.804,,,,,,true,true,12,2023-01-01,2023-12-31,1
2023-02-02,28110,2023-12-31,,,,,,,,,,,,,,,,,,,,,,,,,,,,,,38.00,,,,,,,false,true,12,2023-01-01,2023-12-31,1
2023-04-28,28110,2023-12-31,1,,,,,,,3415000000,0.534,,,,2033000000,,23.63,23.59,,,,,226125000000,,,,,,,,,,,,,,,,true,false,3,2023-01-01,2023-03-31,0
2023-04-28,28110,2022-12-31,1,,,,,,,2226000000,0.092,,,,1492000000,,16.97,16.94,,,,,,,,,,,,,,,,,,,,,true,false,3,2022-01-01,2022-03-31,-1
2023-04-28,28110,2023-12-31,1,,,,,,,7400000000,-0.420,,,,4100000000,,47.28,,,,,,,,,,,,,,,,,,,,,,true,true,12,2023-01-01,2023-12-31,0
2023-04-28,28110,2022-12-31,1,,,,,,,,,,,,,,,,,,,,225372000000,,,,,,,,,,,,,,,,true,false,12,2022-01-01,2022-12-31,-1
2023-04-28,28110,2022-12-31,1,,,,,,,,,,,,,,,,,,,,,,,,,,,,,38.00,,,,94366944,8301555,,false,false,12,2022-01-01,2022-12-31,-1
2023-04-28,28110,2023-12-31,1,,,,,,,,,,,,,,,,,,,,,,,,,,,,,38.00,,,,,,,false,true,12,2023-01-01,2023-12-31,0
2023-04-28,28110,2023-12-31,1,,,,,,,,,,,,,,,,,,,,,,,,,,,,,,,,,94366944,8291701,86074359,false,false,3,2023-01-01,2023-03-31,0
2023-04-28,28110,2022-12-31,1,,,,,,,,,,,,,,,,,,,,,,,,,,,,,,,,,,,87919841,false,false,3,2022-01-01,2022-03-31,-1
2023-08-01,28110,2023-12-31,2,,,,,,,8911000000,0.606,,,,5189000000,,60.29,60.18,,,,,237483000000,,,,,,,,,,,,,,,,true,false,6,2023-01-01,2023-06-30,0
2023-08-01,28110,2022-12-31,2,,,,,,,5548000000,-0.201,,,,3560000000,,40.75,40.68,,,,,,,,,,,,,,,,,,,,,true,false,6,2022-01-01,2022-06-30,-1
2023-08-01,28110,2023-12-31,2,,,,,,,11700000000,-0.083,,,,6500000000,,75.50,,,,,,,,,,,,,,,,,,,,,,true,true,12,2023-01-01,2023-12-31,0
2023-08-01,28110,2022-12-31,2,,,,,,,,,,,,,,,,,,,,225372000000,,,,,,,,,,,,,,,,true,false,12,2022-01-01,2022-12-31,-1
2023-08-01,28110,2022-12-31,2,,,,,,,,,,,,,,,,,,,,,,,,,,,,,38.00,,,,94366944,8301555,,false,false,12,2022-01-01,2022-12-31,-1
2023-08-01,28110,2023-12-31,2,,,,,,,,,,,,,,,,,,,,,,,,,,,,,38.00,,,,,,,false,true,12,2023-01-01,2023-12-31,0
2023-08-01,28110,2023-12-31,2,,,,,,,,,,,,,,,,,,,,,,,,,,,,,,,,,94366944,8262317,86079098,false,false,6,2023-01-01,2023-06-30,0
2023-08-01,28110,2022-12-31,2,,,,,,,,,,,,,,,,,,,,,,,,,,,,,,,,,,,87374066,false,false,6,2022-01-01,2022-06-30,-1
2023-10-27,28110,2023-12-31,3,,,,,,,15576000000,0.541,,,,9526000000,,110.66,110.48,,,,,262411000000,,,,,,,,,,,,,,,,true,false,9,2023-01-01,2023-09-30,0
2023-10-27,28110,2022-12-31,3,,,,,,,10109000000,-0.134,,,,6615000000,,76.09,75.96,,,,,,,,,,,,,,,,,,,,,true,false,9,2022-01-01,2022-09-30,-1
2023-10-27,28110,2023-12-31,3,,,,,,,16000000000,0.254,,,,9000000000,,104.54,,,,,,,,,,,,,,,,,,,,,,true,true,12,2023-01-01,2023-12-31,0
2023-10-27,28110,2022-12-31,3,,,,,,,,,,,,,,,,,,,,225372000000,,,,,,,,,,,,,,,,true,false,12,2022-01-01,2022-12-31,-1
2023-10-27,28110,2022-12-31,3,,,,,,,,,,,,,,,,,,,,,,,,,,,,,38.00,,,,94366944,8301555,,false,false,12,2022-01-01,2022-12-31,-1
2023-10-27,28110,2023-12-31,3,,,,,,,,,,,,,,,,,,,,,,,,,,,,,38.00,,,,,,,false,true,12,2023-01-01,2023-12-31,0
2023-10-27,28110,2023-12-31,3,,,,,,,,,,,,,,,,,,,,,,,,,,,,,,,,,94366944,8262491,86087671,false,false,9,2023-01-01,2023-09-30,0
2023-10-27,28110,2022-12-31,3,,,,,,,,,,,,,,,,,,,,,,,,,,,,,,,,,,,86948958,false,false,9,2022-01-01,2022-09-30,-1
2024-02-01,28110,2023-12-31,,143948000000,0.032,,,,,6925000000,-0.074,10859000000,0.338,7544000000,,0.282,87.64,87.50,,,,,175615000000,106428000000,0.604,1231.31,106035000000,,,,,41.00,,,,94366944,8251145,86093175,false,false,12,2023-01-01,2023-12-31,0
2024-02-01,28110,2022-12-31,,139520000000,0.011,,,,,7479000000,-0.263,8116000000,-0.249,5887000000,,-0.176,67.88,67.75,,,,,149746000000,97742000000,0.650,1130.20,97271000000,,,,,38.00,,,,94366944,8301555,86726257,false,false,12,2022-01-01,2022-12-31,-1
2024-02-01,28110,2023-12-31,,,,,,,,17472000000,0.370,,,,10432000000,,121.17,120.98,,,,,265648000000,,,,,4617000000,-6056000000,15626000000,,,0.338,,,,,,true,false,12,2023-01-01,2023-12-31,0
2024-02-01,28110,2022-12-31,,,,,,,,12757000000,-0.089,,,,9116000000,,105.11,104.91,,,,,225372000000,,,,,4635000000,-9457000000,-5512000000,,,0.362,,,,,,true,false,12,2022-01-01,2022-12-31,-1
2024-02-01,28110,2024-12-31,,,,,,,,26000000000,0.488,,,,18000000000,,209.02,,,,,,,,,,,,,,,,0.249,,,,,,true,true,12,2024-01-01,2024-12-31,1
2024-02-01,28110,2024-12-31,,,,,,,,,,,,,,,,,,,,,,,,,,,,,,52.00,,,,,,,false,true,12,2024-01-01,2024-12-31,1
2024-04-26,28110,2024-12-31,1,,,,,,,15134000000,3.431,,,,11773000000,,136.71,136.50,,,,,353708000000,,,,,,,,,,,,,,,,true,false,3,2024-01-01,2024-03-31,0
2024-04-26,28110,2023-12-31,1,,,,,,,3415000000,0.534,,,,2033000000,,23.63,23.59,,,,,,,,,,,,,,,,,,,,,true,false,3,2023-01-01,2023-03-31,-1
2024-04-26,28110,2024-12-31,1,,,,,,,32000000000,0.831,,,,21000000000,,243.84,,,,,,,,,,,,,,,,,,,,,,true,true,12,2024-01-01,2024-12-31,0
2024-04-26,28110,2023-12-31,1,,,,,,,,,,,,,,,,,,,,265648000000,,,,,,,,,,,,,,,,true,false,12,2023-01-01,2023-12-31,-1
2024-04-26,28110,2023-12-31,1,,,,,,,,,,,,,,,,,,,,,,,,,,,,,41.00,,,,94366944,8251145,,false,false,12,2023-01-01,2023-12-31,-1
2024-04-26,28110,2024-12-31,1,,,,,,,,,,,,,,,,,,,,,,,,,,,,,52.00,,,,,,,false,true,12,2024-01-01,2024-12-31,0
2024-04-26,28110,2024-12-31,1,,,,,,,,,,,,,,,,,,,,,,,,,,,,,,,,,94366944,8245752,86118651,false,false,3,2024-01-01,2024-03-31,0
2024-04-26,28110,2023-12-31,1,,,,,,,,,,,,,,,,,,,,,,,,,,,,,,,,,,,86074359,false,false,3,2023-01-01,2023-03-31,-1
2024-07-31,28110,2024-12-31,2,,,,,,,25295000000,1.839,,,,17777000000,,206.43,206.12,,,,,361840000000,,,,,,,,,,,,,,,,true,false,6,2024-01-01,2024-06-30,0
2024-07-31,28110,2023-12-31,2,,,,,,,8911000000,0.606,,,,5189000000,,60.29,60.18,,,,,,,,,,,,,,,,,,,,,true,false,6,2023-01-01,2023-06-30,-1
2024-07-31,28110,2024-12-31,2,,,,,,,32000000000,0.831,,,,21000000000,,243.84,,,,,,,,,,,,,,,,,,,,,,true,true,12,2024-01-01,2024-12-31,0
2024-07-31,28110,2023-12-31,2,,,,,,,,,,,,,,,,,,,,265648000000,,,,,,,,,,,,,,,,true,false,12,2023-01-01,2023-12-31,-1
2024-07-31,28110,2023-12-31,2,,,,,,,,,,,,,,,,,,,,,,,,,,,,,41.00,,,,94366944,8251145,,false,false,12,2023-01-01,2023-12-31,-1
2024-07-31,28110,2024-12-31,2,,,,,,,,,,,,,,,,,,,,,,,,,,,,,52.00,,,,,,,false,true,12,2024-01-01,2024-12-31,0
2024-07-31,28110,2024-12-31,2,,,,,,,,,,,,,,,,,,,,,,,,,,,,,,,,,94366944,8245894,86119876,false,false,6,2024-01-01,2024-06-30,0
2024-07-31,28110,2023-12-31,2,,,,,,,,,,,,,,,,,,,,,,,,,,,,,,,,,,,86079098,false,false,6,2023-01-01,2023-06-30,-1
2024-10-30,28110,2024-12-31,3,,,,,,,33470000000,1.149,,,,23115000000,,260.77,260.39,,,,,393252000000,,,,,,,,,,,,,,,,true,false,9,2024-01-01,2024-09-30,0
2024-10-30,28110,2023-12-31,3,,,,,,,15576000000,0.541,,,,9526000000,,110.66,110.48,,,,,,,,,,,,,,,,,,,,,true,false,9,2023-01-01,2023-09-30,-1
2024-10-30,28110,2024-12-31,3,,,,,,,36000000000,1.060,,,,24000000000,,266.62,,,,,,,,,,,,,,,,,,,,,,true,true,12,2024-01-01,2024-12-31,0
2024-10-30,28110,2023-12-31,3,,,,,,,,,,,,,,,,,,,,265648000000,,,,,,,,,,,,,,,,true,false,12,2023-01-01,2023-12-31,-1
2024-10-30,28110,2023-12-31,3,,,,,,,,,,,,,,,,,,,,,,,,,,,,,41.00,,,,94366944,8251145,,false,false,12,2023-01-01,2023-12-31,-1
2024-10-30,28110,2024-12-31,3,,,,,,,,,,,,,,,,,,,,,,,,,,,,,52.00,,,,,,,false,true,12,2024-01-01,2024-12-31,0
2024-10-30,28110,2024-12-31,3,,,,,,,,,,,,,,,,,,,,,,,,,,,,,,,,,94366944,266309,88643495,false,false,9,2024-01-01,2024-09-30,0
2024-10-30,28110,2023-12-31,3,,,,,,,,,,,,,,,,,,,,,,,,,,,,,,,,,,,86087671,false,false,9,2023-01-01,2023-09-30,-1
2024-11-08,28110,2024-12-31,3,,,,,,,33470000000,1.149,,,,23115000000,,260.77,260.39,,,,,393252000000,,,,,,,,,,,,,,,,true,false,9,2024-01-01,2024-09-30,0
2024-11-08,28110,2023-12-31,3,,,,,,,15576000000,0.541,,,,9526000000,,110.66,110.48,,,,,,,,,,,,,,,,,,,,,true,false,9,2023-01-01,2023-09-30,-1
2024-11-08,28110,2024-12-31,3,,,,,,,36000000000,1.060,,,,24000000000,,266.62,,,,,,,,,,,,,,,,,,,,,,true,true,12,2024-01-01,2024-12-31,0
2024-11-08,28110,2023-12-31,3,,,,,,,,,,,,,,,,,,,,265648000000,,,,,,,,,,,,,,,,true,false,12,2023-01-01,2023-12-31,-1
2024-11-08,28110,2023-12-31,3,,,,,,,,,,,,,,,,,,,,,,,,,,,,,41.00,,,,94366944,8251145,,false,false,12,2023-01-01,2023-12-31,-1
2024-11-08,28110,2024-12-31,3,,,,,,,,,,,,,,,,,,,,,,,,,,,,,52.00,,,,,,,false,true,12,2024-01-01,2024-12-31,0
2024-11-08,28110,2024-12-31,3,,,,,,,,,,,,,,,,,,,,,,,,,,,,,,,,,94366944,266309,88643495,false,false,9,2024-01-01,2024-09-30,0
2024-11-08,28110,2023-12-31,3,,,,,,,,,,,,,,,,,,,,,,,,,,,,,,,,,,,86087671,false,false,9,2023-01-01,2023-09-30,-1
2024-11-08,28110,2024-12-31,3,,,,,,,33470000000,1.149,,,,23115000000,,261.09,260.71,,,,,393252000000,,,,,,,,,,,,,,,,true,false,9,2024-01-01,2024-09-30,0
2024-11-08,28110,2023-12-31,3,,,,,,,15576000000,0.541,,,,9526000000,,110.66,110.48,,,,,,,,,,,,,,,,,,,,,true,false,9,2023-01-01,2023-09-30,-1
2024-11-08,28110,2024-12-31,3,,,,,,,36000000000,1.060,,,,24000000000,,266.62,,,,,,,,,,,,,,,,,,,,,,true,true,12,2024-01-01,2024-12-31,0
2024-11-08,28110,2023-12-31,3,,,,,,,,,,,,,,,,,,,,265648000000,,,,,,,,,,,,,,,,true,false,12,2023-01-01,2023-12-31,-1
2024-11-08,28110,2023-12-31,3,,,,,,,,,,,,,,,,,,,,,,,,,,,,,41.00,,,,94366944,8251145,,false,false,12,2023-01-01,2023-12-31,-1
2024-11-08,28110,2024-12-31,3,,,,,,,,,,,,,,,,,,,,,,,,,,,,,52.00,,,,,,,false,true,12,2024-01-01,2024-12-31,0
2024-11-08,28110,2024-12-31,3,,,,,,,,,,,,,,,,,,,,,,,,,,,,,,,,,93886944,266309,88534882,false,false,9,2024-01-01,2024-09-30,0
2024-11-08,28110,2023-12-31,3,,,,,,,,,,,,,,,,,,,,,,,,,,,,,,,,,,,86087671,false,false,9,2023-01-01,2023-09-30,-1
2025-02-03,28110,2024-12-31,,157724000000,0.096,,,,,10237000000,0.478,13873000000,0.277,10368000000,,0.374,115.44,115.30,,,,,208198000000,139112000000,0.666,1481.19,138724000000,,,,,57.00,,,,93886944,229976,89816672,false,false,12,2024-01-01,2024-12-31,0
2025-02-03,28110,2023-12-31,,143948000000,0.032,,,,,6925000000,-0.074,10859000000,0.338,7544000000,,0.282,87.64,87.50,,,,,175615000000,106428000000,0.604,1231.31,106035000000,,,,,41.00,,,,94366944,8251145,86093175,false,false,12,2023-01-01,2023-12-31,-1
2025-02-03,28110,2024-12-31,,,,,,,,36221000000,1.073,,,,25015000000,,278.52,278.19,,,,,362415000000,,,,,31692000000,-46325000000,-571000000,,,0.205,,,,,,true,false,12,2024-01-01,2024-12-31,0
2025-02-03,28110,2023-12-31,,,,,,,,17472000000,0.370,,,,10432000000,,121.17,120.98,,,,,265648000000,,,,,4617000000,-6056000000,15626000000,,,0.338,,,,,,true,false,12,2023-01-01,2023-12-31,-1
2025-02-03,28110,2025-12-31,,,,,,,,24000000000,-0.337,,,,14000000000,,149.48,,,,,,,,,,,,,,,,0.321,,,,,,true,true,12,2025-01-01,2025-12-31,1
2025-02-03,28110,2025-12-31,,,,,,,,,,,,,,,,,,,,,,,,,,,,,,48.00,,,,,,,false,true,12,2025-01-01,2025-12-31,1
2025-04-30,28110,2025-12-31,1,,,,,,,4743000000,-0.681,,,,2813000000,,30.19,30.15,,,,,333564000000,,,,,,,,,,,,,,,,true,false,3,2025-01-01,2025-03-31,0
2025-04-30,28110,2024-12-31,1,,,,,,,14850000000,3.348,,,,11492000000,,133.45,133.24,,,,,,,,,,,,,,,,,,,,,true,false,3,2024-01-01,2024-03-31,-1
2025-04-30,28110,2025-12-31,1,,,,,,,24000000000,-0.337,,,,14000000000,,149.48,,,,,,,,,,,,,,,,,,,,,,true,true,12,2025-01-01,2025-12-31,0
2025-04-30,28110,2024-12-31,1,,,,,,,,,,,,,,,,,,,,362415000000,,,,,,,,,,,,,,,,true,false,12,2024-01-01,2024-12-31,-1
2025-04-30,28110,2024-12-31,1,,,,,,,,,,,,,,,,,,,,,,,,,,,,,57.00,,,,93886944,229976,,false,false,12,2024-01-01,2024-12-31,-1
2025-04-30,28110,2025-12-31,1,,,,,,,,,,,,,,,,,,,,,,,,,,,,,48.00,,,,,,,false,true,12,2025-01-01,2025-12-31,0
2025-04-30,28110,2025-12-31,1,,,,,,,,,,,,,,,,,,,,,,,,,,,,,,,,,93886944,1292304,93186344,false,false,3,2025-01-01,2025-03-31,0
2025-04-30,28110,2024-12-31,1,,,,,,,,,,,,,,,,,,,,,,,,,,,,,,,,,,,86118651,false,false,3,2024-01-01,2024-03-31,-1
2025-05-09,28110,2025-12-31,1,,,,,,,4743000000,-0.681,,,,2813000000,,30.19,30.15,,,,,333564000000,,,,,,,,,,,,,,,,true,false,3,2025-01-01,2025-03-31,0
2025-05-09,28110,2024-12-31,1,,,,,,,14850000000,3.348,,,,11492000000,,133.45,133.24,,,,,,,,,,,,,,,,,,,,,true,false,3,2024-01-01,2024-03-31,-1
2025-05-09,28110,2025-12-31,1,,,,,,,24000000000,-0.337,,,,14000000000,,149.48,,,,,,,,,,,,,,,,,,,,,,true,true,12,2025-01-01,2025-12-31,0
2025-05-09,28110,2024-12-31,1,,,,,,,,,,,,,,,,,,,,362415000000,,,,,,,,,,,,,,,,true,false,12,2024-01-01,2024-12-31,-1
2025-05-09,28110,2024-12-31,1,,,,,,,,,,,,,,,,,,,,,,,,,,,,,57.00,,,,93886944,229976,,false,false,12,2024-01-01,2024-12-31,-1
2025-05-09,28110,2025-12-31,1,,,,,,,,,,,,,,,,,,,,,,,,,,,,,48.00,,,,,,,false,true,12,2025-01-01,2025-12-31,0
2025-05-09,28110,2025-12-31,1,,,,,,,,,,,,,,,,,,,,,,,,,,,,,,,,,93886944,1292304,93186344,false,false,3,2025-01-01,2025-03-31,0
2025-05-09,28110,2024-12-31,1,,,,,,,,,,,,,,,,,,,,,,,,,,,,,,,,,,,86118651,false,false,3,2024-01-01,2024-03-31,-1
2025-07-31,28110,2025-12-31,2,,,,,,,10563000000,-0.572,,,,6181000000,,66.81,66.73,,,,,329512000000,,,,,,,,,,,,,,,,true,false,6,2025-01-01,2025-06-30,0
2025-07-31,28110,2024-12-31,2,,,,,,,24684000000,1.770,,,,17146000000,,199.11,198.81,,,,,,,,,,,,,,,,,,,,,true,false,6,2024-01-01,2024-06-30,-1
2025-07-31,28110,2025-12-31,2,,,,,,,24000000000,-0.337,,,,14000000000,,149.48,,,,,,,,,,,,,,,,,,,,,,true,true,12,2025-01-01,2025-12-31,0
2025-07-31,28110,2024-12-31,2,,,,,,,,,,,,,,,,,,,,362415000000,,,,,,,,,,,,,,,,true,false,12,2024-01-01,2024-12-31,-1
2025-07-31,28110,2024-12-31,2,,,,,,,,,,,,,,,,,,,,,,,,,,,,,57.00,,,,93886944,229976,,false,false,12,2024-01-01,2024-12-31,-1
2025-07-31,28110,2025-12-31,2,,,,,,,,,,,,,,,,,,,,,,,,,,,,,48.00,,,,,,,false,true,12,2025-01-01,2025-12-31,0
2025-07-31,28110,2025-12-31,2,,,,,,,,,,,,,,,,,,,,,,,,,,,,,,,,,93886944,2589296,92512594,false,false,6,2025-01-01,2025-06-30,0
2025-07-31,28110,2024-12-31,2,,,,,,,,,,,,,,,,,,,,,,,,,,,,,,,,,,,86119876,false,false,6,2024-01-01,2024-06-30,-1
