filing_date,code,fiscal_year_end,quarterly_period,net_sales,net_sales_change,revenue,revenue_change,operating_revenue,operating_revenue_change,operating_profit,operating_profit_change,ordinary_profit,ordinary_profit_change,net_income,net_income_of_parent,net_income_change,eps,diluted_eps,roe,roa,operating_profit_to_net_sales,operating_profit_to_revenue,total_assets,net_assets,equity_ratio,bps,owner_equity,operating_cash_flow,investing_cash_flow,financing_cash_flow,cash,dividend_per_share,payout_ratio,commemorative_dividend,extra_dividend,number_of_shares,number_of_treqsury_shares,avg_number_of_shares,is_consolidated,is_forecast,duration,period_start,period_end,period_pos
2015-05-15,28190,2015-03-31,,49575000000,-0.011,,,,,1650000000,-0.150,1754000000,-0.061,791000000,,-0.069,83.33,,0.040,0.055,0.033,,33784000000,21084000000,0.624,2025.69,21084000000,2105000000,-248000000,2161000000,10292000000,,0.384,,,,,,true,false,12,2014-04-01,2015-03-31,0
2015-05-15,28190,2014-03-31,,50149000000,0.036,,,,,1940000000,0.353,1867000000,0.304,850000000,,0.161,93.03,,0.047,0.063,0.039,,29952000000,18267000000,0.610,1997.81,18267000000,3958000000,-1167000000,-286000000,6243000000,,0.344,,,,,,true,false,12,2013-04-01,2014-03-31,-1
2015-05-15,28190,2016-03-31,,25762000000,0.029,,,,,952000000,-0.095,1026000000,-0.113,,647000000,,62.16,,,,,,,,,,,,,,,,,,,,,,true,true,6,2015-04-01,2015-09-30,1
2015-05-15,28190,2016-03-31,,51250000000,0.034,,,,,1736000000,0.052,1814000000,0.034,,955000000,,91.75,,,,,,,,,,,,,,,,0.294,,,,,,true,true,12,2015-04-01,2016-03-31,1
2015-05-15,28190,2015-03-31,,42916000000,-0.020,,,,,1426000000,-0.156,1550000000,-0.131,770000000,,0.385,81.11,,,,,,30131000000,18881000000,0.627,1813.99,18881000000,,,,,32.00,,,,11528400,1119630,9501195,false,false,12,2014-04-01,2015-03-31,0
2015-05-15,28190,2014-03-31,,43810000000,0.031,,,,,1689000000,0.587,1783000000,0.451,556000000,,-0.199,60.84,,,,,,26476000000,16095000000,0.608,1760.23,16095000000,,,,,32.00,,,,12398400,3254630,9144043,false,false,12,2013-04-01,2014-03-31,-1
2015-05-15,28190,2016-03-31,,22426000000,0.032,,,,,,,898000000,-0.150,584000000,,-0.050,56.11,,,,,,,,,,,,,,,,,,,,,,false,true,6,2015-04-01,2015-09-30,1
2015-05-15,28190,2016-03-31,,44418000000,0.035,,,,,,,1524000000,-0.017,795000000,,0.032,76.38,,,,,,,,,,,,,,,27.00,,,,,,,false,true,12,2015-04-01,2016-03-31,1
2015-07-31,28190,2016-03-31,1,11973000000,0.014,,,,,363000000,-0.015,406000000,-0.118,,216000000,,20.78,,,,,,34281000000,21030000000,0.613,2020.51,21030000000,,,,,,,,,,,,true,false,3,2015-04-01,2015-06-30,0
2015-07-31,28190,2015-03-31,1,11812000000,-0.018,,,,,369000000,-0.094,461000000,0.136,,216000000,,23.63,,,,,,,,,,,,,,,,,,,,,,true,false,3,2014-04-01,2014-06-30,-1
2015-07-31,28190,2016-03-31,1,25762000000,0.029,,,,,952000000,-0.095,1026000000,-0.113,,647000000,,62.16,,,,,,,,,,,,,,,,,,,,,,true,true,6,2015-04-01,2015-09-30,0
2015-07-31,28190,2016-03-31,1,51250000000,0.034,,,,,1736000000,0.052,1814000000,0.034,,955000000,,91.75,,,,,,,,,,,,,,,,,,,,,,true,true,12,2015-04-01,2016-03-31,0
2015-07-31,28190,2015-03-31,1,,,,,,,,,,,,,,,,,,,,33784000000,21084000000,0.624,2025.69,21084000000,,,,,,,,,,,,true,false,12,2014-04-01,2015-03-31,-1
2015-07-31,28190,2015-03-31,1,,,,,,,,,,,,,,,,,,,,,,,,,,,,,32.00,,,,11528400,1119630,,false,false,12,2014-04-01,2015-03-31,-1
2015-07-31,28190,2016-03-31,1,,,,,,,,,,,,,,,,,,,,,,,,,,,,,27.00,,,,,,,false,true,12,2015-04-01,2016-03-31,0
2015-07-31,28190,2016-03-31,1,,,,,,,,,,,,,,,,,,,,,,,,,,,,,,,,,11528400,1119630,10408770,false,false,3,2015-04-01,2015-06-30,0
2015-07-31,28190,2015-03-31,1,,,,,,,,,,,,,,,,,,,,,,,,,,,,,,,,,,,9143770,false,false,3,2014-04-01,2014-06-30,-1
2015-10-30,28190,2016-03-31,2,25590000000,0.022,,,,,1092000000,0.039,1135000000,-0.019,,680000000,,65.40,,,,,,35422000000,21488000000,0.607,2064.44,21488000000,,,,,,,,,,,,true,false,6,2015-04-01,2015-09-30,0
2015-10-30,28190,2015-03-31,2,25027000000,-0.011,,,,,1051000000,-0.140,1157000000,-0.031,,619000000,,67.78,,,,,,,,,,,,,,,,,,,,,,true,false,6,2014-04-01,2014-09-30,-1
2015-10-30,28190,2016-03-31,2,51250000000,0.034,,,,,1736000000,0.052,1814000000,0.034,,955000000,,91.75,,,,,,,,,,,,,,,,,,,,,,true,true,12,2015-04-01,2016-03-31,0
2015-10-30,28190,2015-03-31,2,,,,,,,,,,,,,,,,,,,,33784000000,21084000000,0.624,2025.69,21084000000,,,,,,,,,,,,true,false,12,2014-04-01,2015-03-31,-1
2015-10-30,28190,2015-03-31,2,,,,,,,,,,,,,,,,,,,,,,,,,,,,,32.00,,,,11528400,1119630,,false,false,12,2014-04-01,2015-03-31,-1
2015-10-30,28190,2016-03-31,2,,,,,,,,,,,,,,,,,,,,,,,,,,,,,0.00,,,,,,,false,false,12,2015-04-01,2016-03-31,0
2015-10-30,28190,2016-03-31,2,,,,,,,,,,,,,,,,,,,,,,,,,,,,,27.00,,,,,,,false,true,12,2015-04-01,2016-03-31,0
2015-10-30,28190,2016-03-31,2,,,,,,,,,,,,,,,,,,,,,,,,,,,,,,,,,11528400,1119630,10408770,false,false,6,2015-04-01,2015-09-30,0
2015-10-30,28190,2015-03-31,2,,,,,,,,,,,,,,,,,,,,,,,,,,,,,,,,,,,9143770,false,false,6,2014-04-01,2014-09-30,-1
2016-01-29,28190,2016-03-31,3,40101000000,0.012,,,,,2158000000,0.024,2219000000,0.007,,1358000000,,130.47,,,,,,37015000000,22200000000,0.600,2132.85,22200000000,,,,,,,,,,,,true,false,9,2015-04-01,2015-12-31,0
2016-01-29,28190,2015-03-31,3,39635000000,-0.002,,,,,2106000000,-0.120,2203000000,-0.057,,1250000000,,135.86,,,,,,,,,,,,,,,,,,,,,,true,false,9,2014-04-01,2014-12-31,-1
2016-01-29,28190,2016-03-31,3,51250000000,0.034,,,,,1736000000,0.052,1814000000,0.034,,955000000,,91.75,,,,,,,,,,,,,,,,,,,,,,true,true,12,2015-04-01,2016-03-31,0
2016-01-29,28190,2015-03-31,3,,,,,,,,,,,,,,,,,,,,33784000000,21084000000,0.624,2025.69,21084000000,,,,,,,,,,,,true,false,12,2014-04-01,2015-03-31,-1
2016-01-29,28190,2015-03-31,3,,,,,,,,,,,,,,,,,,,,,,,,,,,,,32.00,,,,11528400,1119630,,false,false,12,2014-04-01,2015-03-31,-1
2016-01-29,28190,2016-03-31,3,,,,,,,,,,,,,,,,,,,,,,,,,,,,,0.00,,,,,,,false,false,12,2015-04-01,2016-03-31,0
2016-01-29,28190,2016-03-31,3,,,,,,,,,,,,,,,,,,,,,,,,,,,,,27.00,,,,,,,false,true,12,2015-04-01,2016-03-31,0
2016-01-29,28190,2016-03-31,3,,,,,,,,,,,,,,,,,,,,,,,,,,,,,,,,,11528400,1119630,10408770,false,false,9,2015-04-01,2015-12-31,0
2016-01-29,28190,2015-03-31,3,,,,,,,,,,,,,,,,,,,,,,,,,,,,,,,,,,,9207770,false,false,9,2014-04-01,2014-12-31,-1
2016-04-22,28190,2016-03-31,,44059000000,-0.008,,,,,,,1702000000,0.117,490000000,,-0.383,47.11,,,,,,,,,,,,,,,,,,,,,,false,true,12,2015-04-01,2016-03-31,0
2016-04-22,28190,2015-03-31,,42916000000,,,,,,,,1550000000,,770000000,,,81.11,,,,,,,,,,,,,,,,,,,,,,false,false,12,2014-04-01,2015-03-31,-1
2016-05-13,28190,2016-03-31,,50708000000,0.023,,,,,1754000000,0.063,1806000000,0.030,,1030000000,,99.02,,0.048,0.053,0.035,,34918000000,21611000000,0.619,2076.30,21611000000,1310000000,-661000000,-334000000,10589000000,,0.273,,,,,,true,false,12,2015-04-01,2016-03-31,0
2016-05-13,28190,2015-03-31,,49575000000,-0.011,,,,,1650000000,-0.150,1754000000,-0.061,,791000000,,83.33,,0.040,0.055,0.033,,33784000000,21084000000,0.624,2025.69,21084000000,2105000000,-248000000,2161000000,10292000000,,0.384,,,,,,true,false,12,2014-04-01,2015-03-31,-1
2016-05-13,28190,2017-03-31,,26292000000,0.027,,,,,840000000,-0.230,880000000,-0.224,,443000000,,42.56,,,,,,,,,,,,,,,,,,,,,,true,true,6,2016-04-01,2016-09-30,1
2016-05-13,28190,2017-03-31,,51377000000,0.013,,,,,1609000000,-0.083,1672000000,-0.074,,869000000,,83.56,,,,,,,,,,,,,,,,0.323,,,,,,true,true,12,2016-04-01,2017-03-31,1
2016-05-13,28190,2016-03-31,,44059000000,0.027,,,,,1588000000,0.114,1702000000,0.098,490000000,,-0.364,47.11,,,,,,30901000000,19041000000,0.616,1829.34,19041000000,,,,,27.00,,,,11528400,1119630,10408770,false,false,12,2015-04-01,2016-03-31,0
2016-05-13,28190,2015-03-31,,42916000000,-0.020,,,,,1426000000,-0.156,1550000000,-0.131,770000000,,0.385,81.11,,,,,,30131000000,18881000000,0.627,1813.99,18881000000,,,,,32.00,,,,11528400,1119630,9501195,false,false,12,2014-04-01,2015-03-31,-1
2016-05-13,28190,2017-03-31,,22791000000,0.021,,,,,,,846000000,-0.248,463000000,,-0.348,44.56,,,,,,,,,,,,,,,,,,,,,,false,true,6,2016-04-01,2016-09-30,1
2016-05-13,28190,2017-03-31,,44529000000,0.011,,,,,,,1562000000,-0.082,857000000,,0.748,82.34,,,,,,,,,,,,,,,27.00,,,,,,,false,true,12,2016-04-01,2017-03-31,1
2016-07-29,28190,2017-03-31,1,12506000000,0.045,,,,,443000000,0.220,440000000,0.083,,260000000,,25.05,,,,,,34830000000,21519000000,0.618,2067.47,21519000000,,,,,,,,,,,,true,false,3,2016-04-01,2016-06-30,0
2016-07-29,28190,2016-03-31,1,11973000000,0.014,,,,,363000000,-0.015,406000000,-0.118,,216000000,,20.78,,,,,,,,,,,,,,,,,,,,,,true,false,3,2015-04-01,2015-06-30,-1
2016-07-29,28190,2017-03-31,1,26292000000,0.027,,,,,840000000,-0.230,880000000,-0.224,,443000000,,42.56,,,,,,,,,,,,,,,,,,,,,,true,true,6,2016-04-01,2016-09-30,0
2016-07-29,28190,2017-03-31,1,51377000000,0.013,,,,,1609000000,-0.083,1672000000,-0.074,,869000000,,83.56,,,,,,,,,,,,,,,,,,,,,,true,true,12,2016-04-01,2017-03-31,0
2016-07-29,28190,2016-03-31,1,,,,,,,,,,,,,,,,,,,,34918000000,21611000000,0.619,2076.30,21611000000,,,,,,,,,,,,true,false,12,2015-04-01,2016-03-31,-1
2016-07-29,28190,2016-03-31,1,,,,,,,,,,,,,,,,,,,,,,,,,,,,,27.00,,,,11528400,1119630,,false,false,12,2015-04-01,2016-03-31,-1
2016-07-29,28190,2017-03-31,1,,,,,,,,,,,,,,,,,,,,,,,,,,,,,27.00,,,,,,,false,true,12,2016-04-01,2017-03-31,0
2016-07-29,28190,2017-03-31,1,,,,,,,,,,,,,,,,,,,,,,,,,,,,,,,,,11528400,1119630,10408770,false,false,3,2016-04-01,2016-06-30,0
2016-07-29,28190,2016-03-31,1,,,,,,,,,,,,,,,,,,,,,,,,,,,,,,,,,,,10408770,false,false,3,2015-04-01,2015-06-30,-1
2016-10-25,28190,2017-03-31,,26275000000,-0.001,,,,,1095000000,0.302,1091000000,0.240,685000000,,0.547,65.85,,,,,,,,,,,,,,,,,,,,,,true,true,6,2016-04-01,2016-09-30,0
2016-10-25,28190,2016-03-31,,25590000000,,,,,,1092000000,,1135000000,,680000000,,,65.40,,,,,,,,,,,,,,,,,,,,,,true,false,6,2015-04-01,2015-09-30,-1
2016-10-25,28190,2017-03-31,,22836000000,0.002,,,,,,,1023000000,0.209,670000000,,0.445,64.39,,,,,,,,,,,,,,,,,,,,,,false,true,6,2016-04-01,2016-09-30,0
2016-10-25,28190,2016-03-31,,22325000000,,,,,,,,1125000000,,711000000,,,68.36,,,,,,,,,,,,,,,,,,,,,,false,false,6,2015-04-01,2015-09-30,-1
2016-10-31,28190,2017-03-31,2,26275000000,0.027,,,,,1095000000,0.003,1091000000,-0.039,,685000000,,65.85,,,,,,36069000000,22001000000,0.610,2113.73,22001000000,,,,,,,,,,,,true,false,6,2016-04-01,2016-09-30,0
2016-10-31,28190,2016-03-31,2,25590000000,0.022,,,,,1092000000,0.039,1135000000,-0.019,,680000000,,65.40,,,,,,,,,,,,,,,,,,,,,,true,false,6,2015-04-01,2015-09-30,-1
2016-10-31,28190,2017-03-31,2,51377000000,0.013,,,,,1609000000,-0.083,1672000000,-0.074,,869000000,,83.56,,,,,,,,,,,,,,,,,,,,,,true,true,12,2016-04-01,2017-03-31,0
2016-10-31,28190,2016-03-31,2,,,,,,,,,,,,,,,,,,,,34918000000,21611000000,0.619,2076.30,21611000000,,,,,,,,,,,,true,false,12,2015-04-01,2016-03-31,-1
2016-10-31,28190,2016-03-31,2,,,,,,,,,,,,,,,,,,,,,,,,,,,,,27.00,,,,11528400,1119630,,false,false,12,2015-04-01,2016-03-31,-1
2016-10-31,28190,2017-03-31,2,,,,,,,,,,,,,,,,,,,,,,,,,,,,,0.00,,,,,,,false,false,12,2016-04-01,2017-03-31,0
2016-10-31,28190,2017-03-31,2,,,,,,,,,,,,,,,,,,,,,,,,,,,,,27.00,,,,,,,false,true,12,2016-04-01,2017-03-31,0
2016-10-31,28190,2017-03-31,2,,,,,,,,,,,,,,,,,,,,,,,,,,,,,,,,,11528400,1119690,10408762,false,false,6,2016-04-01,2016-09-30,0
2016-10-31,28190,2016-03-31,2,,,,,,,,,,,,,,,,,,,,,,,,,,,,,,,,,,,10408770,false,false,6,2015-04-01,2015-09-30,-1
2017-01-31,28190,2017-03-31,3,40798000000,0.017,,,,,2248000000,0.042,2315000000,0.043,,1491000000,,143.25,,,,,,37365000000,22912000000,0.613,2201.30,22912000000,,,,,,,,,,,,true,false,9,2016-04-01,2016-12-31,0
2017-01-31,28190,2016-03-31,3,40101000000,0.012,,,,,2158000000,0.024,2219000000,0.007,,1358000000,,130.47,,,,,,,,,,,,,,,,,,,,,,true,false,9,2015-04-01,2015-12-31,-1
2017-01-31,28190,2017-03-31,3,51377000000,0.013,,,,,1609000000,-0.083,1672000000,-0.074,,869000000,,83.56,,,,,,,,,,,,,,,,,,,,,,true,true,12,2016-04-01,2017-03-31,0
2017-01-31,28190,2016-03-31,3,,,,,,,,,,,,,,,,,,,,34918000000,21611000000,0.619,2076.30,21611000000,,,,,,,,,,,,true,false,12,2015-04-01,2016-03-31,-1
2017-01-31,28190,2016-03-31,3,,,,,,,,,,,,,,,,,,,,,,,,,,,,,27.00,,,,11528400,1119630,,false,false,12,2015-04-01,2016-03-31,-1
2017-01-31,28190,2017-03-31,3,,,,,,,,,,,,,,,,,,,,,,,,,,,,,0.00,,,,,,,false,false,12,2016-04-01,2017-03-31,0
2017-01-31,28190,2017-03-31,3,,,,,,,,,,,,,,,,,,,,,,,,,,,,,27.00,,,,,,,false,true,12,2016-04-01,2017-03-31,0
2017-01-31,28190,2017-03-31,3,,,,,,,,,,,,,,,,,,,,,,,,,,,,,,,,,11528400,1119690,10408745,false,false,9,2016-04-01,2016-12-31,0
2017-01-31,28190,2016-03-31,3,,,,,,,,,,,,,,,,,,,,,,,,,,,,,,,,,,,10408770,false,false,9,2015-04-01,2015-12-31,-1
,28190,2017-03-31,,,,,,,,,,,,,,,,,,,,,,,,,,,,,,28.00,,,,,,,false,true,12,2016-04-01,2017-03-31,0
,28190,2017-03-31,,,,,,,,,,,,,,,,,,,,,,,,,,,,,,0.00,,,,,,,false,false,12,2016-04-01,2017-03-31,0
,28190,2016-03-31,,,,,,,,,,,,,,,,,,,,,,,,,,,,,,27.00,,,,,,,false,false,12,2015-04-01,2016-03-31,-1
2017-04-28,28190,2017-03-31,,51365000000,-0.000,,,,,1864000000,0.158,1923000000,0.150,1179000000,,0.357,113.35,,,,,,,,,,,,,,,,,,,,,,true,true,12,2016-04-01,2017-03-31,0
2017-04-28,28190,2016-03-31,,50708000000,,,,,,1754000000,,1806000000,,1030000000,,,99.02,,,,,,,,,,,,,,,,,,,,,,true,false,12,2015-04-01,2016-03-31,-1
2017-04-28,28190,2017-03-31,,44386000000,-0.003,,,,,,,1738000000,0.113,1085000000,,0.267,104.31,,,,,,,,,,,,,,,,,,,,,,false,true,12,2016-04-01,2017-03-31,0
2017-04-28,28190,2016-03-31,,44059000000,,,,,,,,1702000000,,490000000,,,47.11,,,,,,,,,,,,,,,,,,,,,,false,false,12,2015-04-01,2016-03-31,-1
2017-05-10,28190,2017-03-31,,51365000000,0.013,,,,,1864000000,0.062,1923000000,0.064,,1179000000,,113.35,,0.053,0.055,0.036,,35601000000,22829000000,0.641,2193.34,22829000000,2910000000,-2128000000,-281000000,11084000000,,0.247,,,,,,true,false,12,2016-04-01,2017-03-31,0
2017-05-10,28190,2016-03-31,,50708000000,0.023,,,,,1754000000,0.063,1806000000,0.030,,1030000000,,99.02,,0.048,0.053,0.035,,34918000000,21611000000,0.619,2076.30,21611000000,1310000000,-661000000,-334000000,10589000000,,0.273,,,,,,true,false,12,2015-04-01,2016-03-31,-1
2017-05-10,28190,2018-03-31,,26759000000,0.018,,,,,1032000000,-0.057,1076000000,-0.014,,664000000,,63.80,,,,,,,,,,,,,,,,,,,,,,true,true,6,2017-04-01,2017-09-30,1
2017-05-10,28190,2018-03-31,,52200000000,0.016,,,,,1830000000,-0.018,1900000000,-0.012,,1170000000,,112.41,,,,,,,,,,,,,,,,0.258,,,,,,true,true,12,2017-04-01,2018-03-31,1
2017-05-10,28190,2017-03-31,,44386000000,0.007,,,,,1699000000,0.070,1738000000,0.021,1085000000,,1.214,104.31,,,,,,31431000000,20042000000,0.638,1925.51,20042000000,,,,,28.00,,,,11528400,1119690,10408737,false,false,12,2016-04-01,2017-03-31,0
2017-05-10,28190,2016-03-31,,44059000000,0.027,,,,,1588000000,0.114,1702000000,0.098,490000000,,-0.364,47.11,,,,,,30901000000,19041000000,0.616,1829.34,19041000000,,,,,27.00,,,,11528400,1119630,10408770,false,false,12,2015-04-01,2016-03-31,-1
2017-05-10,28190,2018-03-31,,23346000000,0.022,,,,,,,1010000000,-0.012,620000000,,-0.075,59.58,,,,,,,,,,,,,,,,,,,,,,false,true,6,2017-04-01,2017-09-30,1
2017-05-10,28190,2018-03-31,,45075000000,0.016,,,,,,,1720000000,-0.011,1055000000,,-0.028,101.38,,,,,,,,,,,,,,,29.00,,,,,,,false,true,12,2017-04-01,2018-03-31,1
2017-07-31,28190,2018-03-31,1,12214000000,-0.023,,,,,331000000,-0.253,372000000,-0.154,,229000000,,22.03,,,,,,36197000000,22769000000,0.629,2187.57,22769000000,,,,,,,,,,,,true,false,3,2017-04-01,2017-06-30,0
2017-07-31,28190,2017-03-31,1,12506000000,0.045,,,,,443000000,0.220,440000000,0.083,,260000000,,25.05,,,,,,,,,,,,,,,,,,,,,,true,false,3,2016-04-01,2016-06-30,-1
2017-07-31,28190,2018-03-31,1,26759000000,0.018,,,,,1032000000,-0.057,1076000000,-0.014,,664000000,,63.80,,,,,,,,,,,,,,,,,,,,,,true,true,6,2017-04-01,2017-09-30,0
2017-07-31,28190,2018-03-31,1,52200000000,0.016,,,,,1830000000,-0.018,1900000000,-0.012,,1170000000,,112.41,,,,,,,,,,,,,,,,,,,,,,true,true,12,2017-04-01,2018-03-31,0
2017-07-31,28190,2017-03-31,1,,,,,,,,,,,,,,,,,,,,35601000000,22829000000,0.641,2193.34,22829000000,,,,,,,,,,,,true,false,12,2016-04-01,2017-03-31,-1
2017-07-31,28190,2017-03-31,1,,,,,,,,,,,,,,,,,,,,,,,,,,,,,28.00,,,,11528400,1119690,,false,false,12,2016-04-01,2017-03-31,-1
2017-07-31,28190,2018-03-31,1,,,,,,,,,,,,,,,,,,,,,,,,,,,,,29.00,,,,,,,false,true,12,2017-04-01,2018-03-31,0
2017-07-31,28190,2018-03-31,1,,,,,,,,,,,,,,,,,,,,,,,,,,,,,,,,,11528400,1119690,10408710,false,false,3,2017-04-01,2017-06-30,0
2017-07-31,28190,2017-03-31,1,,,,,,,,,,,,,,,,,,,,,,,,,,,,,,,,,,,10408770,false,false,3,2016-04-01,2016-06-30,-1
2017-10-27,28190,2018-03-31,,25617000000,-0.043,,,,,659000000,-0.361,720000000,-0.331,451000000,,-0.321,43.33,,,,,,,,,,,,,,,,,,,,,,true,true,6,2017-04-01,2017-09-30,0
2017-10-27,28190,2017-03-31,,26275000000,,,,,,1095000000,,1091000000,,685000000,,,65.85,,,,,,,,,,,,,,,,,,,,,,true,false,6,2016-04-01,2016-09-30,-1
2017-10-27,28190,2018-03-31,,50557000000,-0.031,,,,,1306000000,-0.286,1392000000,-0.267,871000000,,-0.255,83.77,,,,,,,,,,,,,,,,,,,,,,true,true,12,2017-04-01,2018-03-31,0
2017-10-27,28190,2017-03-31,,51365000000,,,,,,1864000000,,1923000000,,1179000000,,,113.35,,,,,,,,,,,,,,,,,,,,,,true,false,12,2016-04-01,2017-03-31,-1
2017-10-27,28190,2018-03-31,,21925000000,-0.061,,,,,,,527000000,-0.478,345000000,,-0.443,33.18,,,,,,,,,,,,,,,,,,,,,,false,true,6,2017-04-01,2017-09-30,0
2017-10-27,28190,2017-03-31,,22836000000,,,,,,,,1023000000,,670000000,,,64.39,,,,,,,,,,,,,,,,,,,,,,false,false,6,2016-04-01,2016-09-30,-1
2017-10-27,28190,2018-03-31,,43153000000,-0.043,,,,,,,1056000000,-0.386,660000000,,-0.374,63.41,,,,,,,,,,,,,,,,,,,,,,false,true,12,2017-04-01,2018-03-31,0
2017-10-27,28190,2017-03-31,,44386000000,,,,,,,,1738000000,,1085000000,,,104.31,,,,,,,,,,,,,,,,,,,,,,false,false,12,2016-04-01,2017-03-31,-1
2017-10-31,28190,2018-03-31,2,25617000000,-0.025,,,,,659000000,-0.397,720000000,-0.340,,451000000,,43.33,,,,,,36410000000,23041000000,0.633,2213.65,23041000000,,,,,,,,,,,,true,false,6,2017-04-01,2017-09-30,0
2017-10-31,28190,2017-03-31,2,26275000000,0.027,,,,,1095000000,0.003,1091000000,-0.039,,685000000,,65.85,,,,,,,,,,,,,,,,,,,,,,true,false,6,2016-04-01,2016-09-30,-1
2017-10-31,28190,2018-03-31,2,50557000000,-0.016,,,,,1306000000,-0.299,1392000000,-0.276,,871000000,,83.77,,,,,,,,,,,,,,,,,,,,,,true,true,12,2017-04-01,2018-03-31,0
2017-10-31,28190,2017-03-31,2,,,,,,,,,,,,,,,,,,,,35601000000,22829000000,0.641,2193.34,22829000000,,,,,,,,,,,,true,false,12,2016-04-01,2017-03-31,-1
2017-10-31,28190,2017-03-31,2,,,,,,,,,,,,,,,,,,,,,,,,,,,,,28.00,,,,11528400,1119690,,false,false,12,2016-04-01,2017-03-31,-1
2017-10-31,28190,2018-03-31,2,,,,,,,,,,,,,,,,,,,,,,,,,,,,,14.00,,,,,,,false,false,12,2017-04-01,2018-03-31,0
2017-10-31,28190,2018-03-31,2,,,,,,,,,,,,,,,,,,,,,,,,,,,,,29.00,,,,,,,false,true,12,2017-04-01,2018-03-31,0
2017-10-31,28190,2018-03-31,2,,,,,,,,,,,,,,,,,,,,,,,,,,,,,,,,,10468710,60000,10408710,false,false,6,2017-04-01,2017-09-30,0
2017-10-31,28190,2017-03-31,2,,,,,,,,,,,,,,,,,,,,,,,,,,,,,,,,,,,10408762,false,false,6,2016-04-01,2016-09-30,-1
2018-01-31,28190,2018-03-31,3,40047000000,-0.018,,,,,1660000000,-0.261,1746000000,-0.246,,1095000000,,105.28,,,,,,37047000000,23647000000,0.638,2271.87,23647000000,,,,,,,,,,,,true,false,9,2017-04-01,2017-12-31,0
2018-01-31,28190,2017-03-31,3,40798000000,0.017,,,,,2248000000,0.042,2315000000,0.043,,1491000000,,143.25,,,,,,,,,,,,,,,,,,,,,,true,false,9,2016-04-01,2016-12-31,-1
2018-01-31,28190,2018-03-31,3,50557000000,-0.016,,,,,1306000000,-0.299,1392000000,-0.276,,871000000,,83.77,,,,,,,,,,,,,,,,,,,,,,true,true,12,2017-04-01,2018-03-31,0
2018-01-31,28190,2017-03-31,3,,,,,,,,,,,,,,,,,,,,35601000000,22829000000,0.641,2193.34,22829000000,,,,,,,,,,,,true,false,12,2016-04-01,2017-03-31,-1
2018-01-31,28190,2017-03-31,3,,,,,,,,,,,,,,,,,,,,,,,,,,,,,28.00,,,,11528400,1119690,,false,false,12,2016-04-01,2017-03-31,-1
2018-01-31,28190,2018-03-31,3,,,,,,,,,,,,,,,,,,,,,,,,,,,,,14.00,,,,,,,false,false,12,2017-04-01,2018-03-31,0
2018-01-31,28190,2018-03-31,3,,,,,,,,,,,,,,,,,,,,,,,,,,,,,29.00,,,,,,,false,true,12,2017-04-01,2018-03-31,0
2018-01-31,28190,2018-03-31,3,,,,,,,,,,,,,,,,,,,,,,,,,,,,,,,,,10468710,60000,10408710,false,false,9,2017-04-01,2017-12-31,0
2018-01-31,28190,2017-03-31,3,,,,,,,,,,,,,,,,,,,,,,,,,,,,,,,,,,,10408745,false,false,9,2016-04-01,2016-12-31,-1
2018-05-02,28190,2018-03-31,,50397000000,-0.003,,,,,1470000000,0.126,1546000000,0.111,1174000000,,0.347,112.87,,,,,,,,,,,,,,,,,,,,,,true,true,12,2017-04-01,2018-03-31,0
2018-05-02,28190,2017-03-31,,51365000000,,,,,,1864000000,,1923000000,,1179000000,,,113.35,,,,,,,,,,,,,,,,,,,,,,true,false,12,2016-04-01,2017-03-31,-1
2018-05-02,28190,2018-03-31,,42727000000,-0.010,,,,,,,1161000000,0.099,930000000,,0.409,89.36,,,,,,,,,,,,,,,,,,,,,,false,true,12,2017-04-01,2018-03-31,0
2018-05-02,28190,2017-03-31,,44386000000,,,,,,,,1738000000,,1085000000,,,104.31,,,,,,,,,,,,,,,,,,,,,,false,false,12,2016-04-01,2017-03-31,-1
2018-05-10,28190,2018-03-31,,50397000000,-0.019,,,,,1470000000,-0.211,1546000000,-0.196,,1174000000,,112.87,,0.051,0.043,0.029,,35544000000,23485000000,0.661,2256.32,23485000000,-5000000,-1943000000,-521000000,8610000000,,0.257,,,,,,true,false,12,2017-04-01,2018-03-31,0
2018-05-10,28190,2017-03-31,,51365000000,0.013,,,,,1864000000,0.062,1923000000,0.064,,1179000000,,113.35,,0.053,0.055,0.036,,35601000000,22829000000,0.641,2193.34,22829000000,2910000000,-2128000000,-281000000,11084000000,,0.247,,,,,,true,false,12,2016-04-01,2017-03-31,-1
2018-05-10,28190,2019-03-31,,26362000000,0.029,,,,,1009000000,0.530,1059000000,0.471,,659000000,,63.32,,,,,,,,,,,,,,,,,,,,,,true,true,6,2018-04-01,2018-09-30,1
2018-05-10,28190,2019-03-31,,52211000000,0.036,,,,,2091000000,0.422,2175000000,0.407,,1394000000,,133.95,,,,,,,,,,,,,,,,0.224,,,,,,true,true,12,2018-04-01,2019-03-31,1
2018-05-10,28190,2018-03-31,,42727000000,-0.037,,,,,1065000000,-0.373,1161000000,-0.332,930000000,,-0.143,89.36,,,,,,31049000000,20404000000,0.657,1960.36,20404000000,,,,,29.00,,,,10468710,60000,10408710,false,false,12,2017-04-01,2018-03-31,0
2018-05-10,28190,2017-03-31,,44386000000,0.007,,,,,1699000000,0.070,1738000000,0.021,1085000000,,1.214,104.31,,,,,,31431000000,20042000000,0.638,1925.51,20042000000,,,,,28.00,,,,11528400,1119690,10408737,false,false,12,2016-04-01,2017-03-31,-1
2018-05-10,28190,2019-03-31,,22422000000,0.023,,,,,,,963000000,0.826,633000000,,0.834,60.85,,,,,,,,,,,,,,,,,,,,,,false,true,6,2018-04-01,2018-09-30,1
2018-05-10,28190,2019-03-31,,44163000000,0.034,,,,,,,1935000000,0.667,1271000000,,0.367,122.16,,,,,,,,,,,,,,,30.00,,,,,,,false,true,12,2018-04-01,2019-03-31,1
2018-07-31,28190,2019-03-31,1,12354000000,0.011,,,,,467000000,0.410,515000000,0.384,,327000000,,31.42,,,,,,36881000000,23671000000,0.642,2274.24,23671000000,,,,,,,,,,,,true,false,3,2018-04-01,2018-06-30,0
2018-07-31,28190,2018-03-31,1,12214000000,-0.023,,,,,331000000,-0.253,372000000,-0.154,,229000000,,22.03,,,,,,,,,,,,,,,,,,,,,,true,false,3,2017-04-01,2017-06-30,-1
2018-07-31,28190,2019-03-31,1,26362000000,0.029,,,,,1009000000,0.530,1059000000,0.471,,659000000,,63.32,,,,,,,,,,,,,,,,,,,,,,true,true,6,2018-04-01,2018-09-30,0
2018-07-31,28190,2019-03-31,1,52211000000,0.036,,,,,2091000000,0.422,2175000000,0.407,,1394000000,,133.95,,,,,,,,,,,,,,,,,,,,,,true,true,12,2018-04-01,2019-03-31,0
2018-07-31,28190,2018-03-31,1,,,,,,,,,,,,,,,,,,,,35544000000,23485000000,0.661,2256.32,23485000000,,,,,,,,,,,,true,false,12,2017-04-01,2018-03-31,-1
2018-07-31,28190,2018-03-31,1,,,,,,,,,,,,,,,,,,,,,,,,,,,,,29.00,,,,10468710,60000,,false,false,12,2017-04-01,2018-03-31,-1
2018-07-31,28190,2019-03-31,1,,,,,,,,,,,,,,,,,,,,,,,,,,,,,30.00,,,,,,,false,true,12,2018-04-01,2019-03-31,0
2018-07-31,28190,2019-03-31,1,,,,,,,,,,,,,,,,,,,,,,,,,,,,,,,,,10468710,60000,10408710,false,false,3,2018-04-01,2018-06-30,0
2018-07-31,28190,2018-03-31,1,,,,,,,,,,,,,,,,,,,,,,,,,,,,,,,,,,,10408710,false,false,3,2017-04-01,2017-06-30,-1
2018-10-31,28190,2019-03-31,2,25761000000,0.006,,,,,1151000000,0.745,1227000000,0.704,,805000000,,77.37,,,,,,37931000000,24159000000,0.637,2320.05,24159000000,,,,,,,,,,,,true,false,6,2018-04-01,2018-09-30,0
2018-10-31,28190,2018-03-31,2,25617000000,-0.025,,,,,659000000,-0.397,720000000,-0.340,,451000000,,43.33,,,,,,,,,,,,,,,,,,,,,,true,false,6,2017-04-01,2017-09-30,-1
2018-10-31,28190,2019-03-31,2,52211000000,0.036,,,,,2091000000,0.422,2175000000,0.407,,1394000000,,133.95,,,,,,,,,,,,,,,,,,,,,,true,true,12,2018-04-01,2019-03-31,0
2018-10-31,28190,2018-03-31,2,,,,,,,,,,,,,,,,,,,,35544000000,23485000000,0.661,2256.32,23485000000,,,,,,,,,,,,true,false,12,2017-04-01,2018-03-31,-1
2018-10-31,28190,2018-03-31,2,,,,,,,,,,,,,,,,,,,,,,,,,,,,,29.00,,,,10468710,60000,,false,false,12,2017-04-01,2018-03-31,-1
2018-10-31,28190,2019-03-31,2,,,,,,,,,,,,,,,,,,,,,,,,,,,,,15.00,,,,,,,false,false,12,2018-04-01,2019-03-31,0
2018-10-31,28190,2019-03-31,2,,,,,,,,,,,,,,,,,,,,,,,,,,,,,30.00,,,,,,,false,true,12,2018-04-01,2019-03-31,0
2018-10-31,28190,2019-03-31,2,,,,,,,,,,,,,,,,,,,,,,,,,,,,,,,,,10468710,55449,10410328,false,false,6,2018-04-01,2018-09-30,0
2018-10-31,28190,2018-03-31,2,,,,,,,,,,,,,,,,,,,,,,,,,,,,,,,,,,,10408710,false,false,6,2017-04-01,2017-09-30,-1
2019-01-31,28190,2019-03-31,3,40349000000,0.008,,,,,2487000000,0.498,2575000000,0.474,,1715000000,,164.76,,,,,,38858000000,24794000000,0.638,2381.01,24794000000,,,,,,,,,,,,true,false,9,2018-04-01,2018-12-31,0
2019-01-31,28190,2018-03-31,3,40047000000,-0.018,,,,,1660000000,-0.261,1746000000,-0.246,,1095000000,,105.28,,,,,,,,,,,,,,,,,,,,,,true,false,9,2017-04-01,2017-12-31,-1
2019-01-31,28190,2019-03-31,3,52211000000,0.036,,,,,2091000000,0.422,2175000000,0.407,,1394000000,,133.95,,,,,,,,,,,,,,,,,,,,,,true,true,12,2018-04-01,2019-03-31,0
2019-01-31,28190,2018-03-31,3,,,,,,,,,,,,,,,,,,,,35544000000,23485000000,0.661,2256.32,23485000000,,,,,,,,,,,,true,false,12,2017-04-01,2018-03-31,-1
2019-01-31,28190,2018-03-31,3,,,,,,,,,,,,,,,,,,,,,,,,,,,,,29.00,,,,10468710,60000,,false,false,12,2017-04-01,2018-03-31,-1
2019-01-31,28190,2019-03-31,3,,,,,,,,,,,,,,,,,,,,,,,,,,,,,15.00,,,,,,,false,false,12,2018-04-01,2019-03-31,0
2019-01-31,28190,2019-03-31,3,,,,,,,,,,,,,,,,,,,,,,,,,,,,,30.00,,,,,,,false,true,12,2018-04-01,2019-03-31,0
2019-01-31,28190,2019-03-31,3,,,,,,,,,,,,,,,,,,,,,,,,,,,,,,,,,10468710,55451,10411309,false,false,9,2018-04-01,2018-12-31,0
2019-01-31,28190,2018-03-31,3,,,,,,,,,,,,,,,,,,,,,,,,,,,,,,,,,,,10408710,false,false,9,2017-04-01,2017-12-31,-1
2019-05-15,28190,2019-03-31,,51306000000,0.018,,,,,2392000000,0.627,2488000000,0.609,,1649000000,,158.43,,0.069,0.068,0.047,,38149000000,24624000000,0.645,2364.71,24624000000,4005000000,-703000000,-310000000,11594000000,,0.221,,,,,,true,false,12,2018-04-01,2019-03-31,0
2019-05-15,28190,2018-03-31,,50397000000,-0.019,,,,,1470000000,-0.211,1546000000,-0.196,,1174000000,,112.87,,0.051,0.043,0.029,,35544000000,23485000000,0.661,2256.32,23485000000,-5000000,-1943000000,-521000000,8610000000,,0.257,,,,,,true,false,12,2017-04-01,2018-03-31,-1
2019-05-15,28190,2020-03-31,,26431000000,0.026,,,,,1355000000,0.177,1407000000,0.147,,911000000,,87.52,,,,,,,,,,,,,,,,,,,,,,true,true,6,2019-04-01,2019-09-30,1
2019-05-15,28190,2020-03-31,,52484000000,0.023,,,,,2270000000,-0.051,2360000000,-0.051,,1530000000,,147.02,,,,,,,,,,,,,,,,0.245,,,,,,true,true,12,2019-04-01,2020-03-31,1
2019-05-15,28190,2019-03-31,,42853000000,0.003,,,,,2030000000,0.905,2180000000,0.878,1453000000,,0.563,139.61,,,,,,32954000000,21450000000,0.651,2059.90,21450000000,,,,,35.00,,,,10468710,55451,10411790,false,false,12,2018-04-01,2019-03-31,0
2019-05-15,28190,2018-03-31,,42727000000,-0.037,,,,,1065000000,-0.373,1161000000,-0.332,930000000,,-0.143,89.36,,,,,,31049000000,20404000000,0.657,1960.36,20404000000,,,,,29.00,,,,10468710,60000,10408710,false,false,12,2017-04-01,2018-03-31,-1
2019-05-15,28190,2020-03-31,,,,,,,,,,,,,,,,,,,,,,,,,,,,,,36.00,,,,,,,false,true,12,2019-04-01,2020-03-31,1
,28190,2019-03-31,,,,,,,,,,,,,,,,,,,,,,,,,,,,,,35.00,,,,,,,false,true,12,2018-04-01,2019-03-31,0
,28190,2019-03-31,,,,,,,,,,,,,,,,,,,,,,,,,,,,,,15.00,,,,,,,false,false,12,2018-04-01,2019-03-31,0
,28190,2018-03-31,,,,,,,,,,,,,,,,,,,,,,,,,,,,,,29.00,,,,,,,false,false,12,2017-04-01,2018-03-31,-1
2019-07-31,28190,2020-03-31,1,12138000000,-0.018,,,,,455000000,-0.025,475000000,-0.078,,305000000,,29.32,,,,,,37885000000,24702000000,0.652,2372.24,24702000000,,,,,,,,,,,,true,false,3,2019-04-01,2019-06-30,0
2019-07-31,28190,2019-03-31,1,12354000000,0.011,,,,,467000000,0.410,515000000,0.384,,327000000,,31.42,,,,,,,,,,,,,,,,,,,,,,true,false,3,2018-04-01,2018-06-30,-1
2019-07-31,28190,2020-03-31,1,26431000000,0.026,,,,,1355000000,0.177,1407000000,0.147,,911000000,,87.52,,,,,,,,,,,,,,,,,,,,,,true,true,6,2019-04-01,2019-09-30,0
2019-07-31,28190,2020-03-31,1,52484000000,0.023,,,,,2270000000,-0.051,2360000000,-0.051,,1530000000,,147.02,,,,,,,,,,,,,,,,,,,,,,true,true,12,2019-04-01,2020-03-31,0
2019-07-31,28190,2019-03-31,1,,,,,,,,,,,,,,,,,,,,38149000000,24624000000,0.645,2364.71,24624000000,,,,,,,,,,,,true,false,12,2018-04-01,2019-03-31,-1
2019-07-31,28190,2019-03-31,1,,,,,,,,,,,,,,,,,,,,,,,,,,,,,35.00,,,,10468710,55451,,false,false,12,2018-04-01,2019-03-31,-1
2019-07-31,28190,2020-03-31,1,,,,,,,,,,,,,,,,,,,,,,,,,,,,,36.00,,,,,,,false,true,12,2019-04-01,2020-03-31,0
2019-07-31,28190,2020-03-31,1,,,,,,,,,,,,,,,,,,,,,,,,,,,,,,,,,10468710,55451,10413259,false,false,3,2019-04-01,2019-06-30,0
2019-07-31,28190,2019-03-31,1,,,,,,,,,,,,,,,,,,,,,,,,,,,,,,,,,,,10408710,false,false,3,2018-04-01,2018-06-30,-1
2019-10-31,28190,2020-03-31,2,25575000000,-0.007,,,,,1161000000,0.009,1191000000,-0.029,,787000000,,75.57,,,,,,38163000000,25233000000,0.661,2414.29,25233000000,,,,,,,,,,,,true,false,6,2019-04-01,2019-09-30,0
2019-10-31,28190,2019-03-31,2,25761000000,0.006,,,,,1151000000,0.745,1227000000,0.704,,805000000,,77.37,,,,,,,,,,,,,,,,,,,,,,true,false,6,2018-04-01,2018-09-30,-1
2019-10-31,28190,2020-03-31,2,52484000000,0.023,,,,,2270000000,-0.051,2360000000,-0.051,,1530000000,,147.02,,,,,,,,,,,,,,,,,,,,,,true,true,12,2019-04-01,2020-03-31,0
2019-10-31,28190,2019-03-31,2,,,,,,,,,,,,,,,,,,,,38149000000,24624000000,0.645,2364.71,24624000000,,,,,,,,,,,,true,false,12,2018-04-01,2019-03-31,-1
2019-10-31,28190,2019-03-31,2,,,,,,,,,,,,,,,,,,,,,,,,,,,,,35.00,,,,10468710,55451,,false,false,12,2018-04-01,2019-03-31,-1
2019-10-31,28190,2020-03-31,2,,,,,,,,,,,,,,,,,,,,,,,,,,,,,18.00,,,,,,,false,false,12,2019-04-01,2020-03-31,0
2019-10-31,28190,2020-03-31,2,,,,,,,,,,,,,,,,,,,,,,,,,,,,,36.00,,,,,,,false,true,12,2019-04-01,2020-03-31,0
2019-10-31,28190,2020-03-31,2,,,,,,,,,,,,,,,,,,,,,,,,,,,,,,,,,10468710,17129,10423940,false,false,6,2019-04-01,2019-09-30,0
2019-10-31,28190,2019-03-31,2,,,,,,,,,,,,,,,,,,,,,,,,,,,,,,,,,,,10410328,false,false,6,2018-04-01,2018-09-30,-1
2020-01-31,28190,2020-03-31,3,40489000000,0.003,,,,,2466000000,-0.009,2521000000,-0.021,,1563000000,,149.83,,,,,,39658000000,25868000000,0.652,2475.07,25868000000,,,,,,,,,,,,true,false,9,2019-04-01,2019-12-31,0
2020-01-31,28190,2019-03-31,3,40349000000,0.008,,,,,2487000000,0.498,2575000000,0.474,,1715000000,,164.76,,,,,,,,,,,,,,,,,,,,,,true,false,9,2018-04-01,2018-12-31,-1
2020-01-31,28190,2020-03-31,3,52484000000,0.023,,,,,2270000000,-0.051,2360000000,-0.051,,1530000000,,147.02,,,,,,,,,,,,,,,,,,,,,,true,true,12,2019-04-01,2020-03-31,0
2020-01-31,28190,2019-03-31,3,,,,,,,,,,,,,,,,,,,,38149000000,24624000000,0.645,2364.71,24624000000,,,,,,,,,,,,true,false,12,2018-04-01,2019-03-31,-1
2020-01-31,28190,2019-03-31,3,,,,,,,,,,,,,,,,,,,,,,,,,,,,,35.00,,,,10468710,55451,,false,false,12,2018-04-01,2019-03-31,-1
2020-01-31,28190,2020-03-31,3,,,,,,,,,,,,,,,,,,,,,,,,,,,,,18.00,,,,,,,false,false,12,2019-04-01,2020-03-31,0
2020-01-31,28190,2020-03-31,3,,,,,,,,,,,,,,,,,,,,,,,,,,,,,36.00,,,,,,,false,true,12,2019-04-01,2020-03-31,0
2020-01-31,28190,2020-03-31,3,,,,,,,,,,,,,,,,,,,,,,,,,,,,,,,,,10468710,17129,10433187,false,false,9,2019-04-01,2019-12-31,0
2020-01-31,28190,2019-03-31,3,,,,,,,,,,,,,,,,,,,,,,,,,,,,,,,,,,,10411309,false,false,9,2018-04-01,2018-12-31,-1
2020-05-14,28190,2020-03-31,,51228000000,-0.002,,,,,2311000000,-0.034,2375000000,-0.045,,1482000000,,142.27,,0.059,0.063,0.045,,37507000000,25475000000,0.679,2460.36,25475000000,2876000000,-1025000000,-582000000,12850000000,,0.253,,,,,,true,false,12,2019-04-01,2020-03-31,0
2020-05-14,28190,2019-03-31,,51306000000,0.018,,,,,2392000000,0.627,2488000000,0.609,,1649000000,,158.43,,0.069,0.068,0.047,,38149000000,24624000000,0.645,2364.71,24624000000,4005000000,-703000000,-310000000,11594000000,,0.221,,,,,,true,false,12,2018-04-01,2019-03-31,-1
2020-05-14,28190,2021-03-31,,24827000000,-0.029,,,,,749000000,-0.355,798000000,-0.330,,501000000,,48.40,,,,,,,,,,,,,,,,,,,,,,true,true,6,2020-04-01,2020-09-30,1
2020-05-14,28190,2021-03-31,,50095000000,-0.022,,,,,1702000000,-0.263,1784000000,-0.249,,1175000000,,113.55,,,,,,,,,,,,,,,,0.326,,,,,,true,true,12,2020-04-01,2021-03-31,1
2020-05-14,28190,2020-03-31,,42765000000,-0.002,,,,,1898000000,-0.065,2006000000,-0.080,1239000000,,-0.148,118.88,,,,,,32601000000,22038000000,0.676,2128.39,22038000000,,,,,36.00,,,,10468710,114151,10423182,false,false,12,2019-04-01,2020-03-31,0
2020-05-14,28190,2019-03-31,,42853000000,0.003,,,,,2030000000,0.905,2180000000,0.878,1453000000,,0.563,139.61,,,,,,32954000000,21450000000,0.651,2059.90,21450000000,,,,,35.00,,,,10468710,55451,10411790,false,false,12,2018-04-01,2019-03-31,-1
2020-05-14,28190,2021-03-31,,,,,,,,,,,,,,,,,,,,,,,,,,,,,,37.00,,,,,,,false,true,12,2020-04-01,2021-03-31,1
2020-07-31,28190,2021-03-31,1,12370000000,0.019,,,,,1046000000,1.296,1076000000,1.263,,705000000,,68.11,,,,,,38521000000,26065000000,0.677,2517.29,26065000000,,,,,,,,,,,,true,false,3,2020-04-01,2020-06-30,0
2020-07-31,28190,2020-03-31,1,12138000000,-0.018,,,,,455000000,-0.025,475000000,-0.078,,305000000,,29.32,,,,,,,,,,,,,,,,,,,,,,true,false,3,2019-04-01,2019-06-30,-1
2020-07-31,28190,2021-03-31,1,25100000000,-0.019,,,,,1450000000,0.248,1500000000,0.259,,990000000,,95.61,,,,,,,,,,,,,,,,,,,,,,true,true,6,2020-04-01,2020-09-30,0
2020-07-31,28190,2021-03-31,1,50095000000,-0.022,,,,,1702000000,-0.263,1784000000,-0.249,,1175000000,,113.55,,,,,,,,,,,,,,,,,,,,,,true,true,12,2020-04-01,2021-03-31,0
2020-07-31,28190,2020-03-31,1,,,,,,,,,,,,,,,,,,,,37507000000,25475000000,0.679,2460.36,25475000000,,,,,,,,,,,,true,false,12,2019-04-01,2020-03-31,-1
2020-07-31,28190,2020-03-31,1,,,,,,,,,,,,,,,,,,,,,,,,,,,,,36.00,,,,10468710,114151,,false,false,12,2019-04-01,2020-03-31,-1
2020-07-31,28190,2021-03-31,1,,,,,,,,,,,,,,,,,,,,,,,,,,,,,37.00,,,,,,,false,true,12,2020-04-01,2021-03-31,0
2020-07-31,28190,2021-03-31,1,,,,,,,,,,,,,,,,,,,,,,,,,,,,,,,,,10468710,114151,10354559,false,false,3,2020-04-01,2020-06-30,0
2020-07-31,28190,2020-03-31,1,,,,,,,,,,,,,,,,,,,,,,,,,,,,,,,,,,,10413259,false,false,3,2019-04-01,2019-06-30,-1
2020-10-28,28190,2021-03-31,,25247000000,0.006,,,,,1826000000,0.259,1870000000,0.247,,1233000000,,120.32,,,,,,,,,,,,,,,,,,,,,,true,true,6,2020-04-01,2020-09-30,0
2020-10-28,28190,2020-03-31,,25575000000,,,,,,1161000000,,1191000000,,,787000000,,75.57,,,,,,,,,,,,,,,,,,,,,,true,false,6,2019-04-01,2019-09-30,-1
2020-10-28,28190,2021-03-31,,48548000000,-0.031,,,,,2078000000,0.221,2154000000,0.207,,1418000000,,140.07,,,,,,,,,,,,,,,,,,,,,,true,true,12,2020-04-01,2021-03-31,0
2020-10-28,28190,2020-03-31,,51228000000,,,,,,2311000000,,2375000000,,,1482000000,,142.27,,,,,,,,,,,,,,,,,,,,,,true,false,12,2019-04-01,2020-03-31,-1
2020-10-30,28190,2021-03-31,2,25247000000,-0.013,,,,,1826000000,0.572,1870000000,0.570,,1233000000,,120.32,,,,,,39164000000,25856000000,0.660,2583.13,25856000000,,,,,,,,,,,,true,false,6,2020-04-01,2020-09-30,0
2020-10-30,28190,2020-03-31,2,25575000000,-0.007,,,,,1161000000,0.009,1191000000,-0.029,,787000000,,75.57,,,,,,,,,,,,,,,,,,,,,,true,false,6,2019-04-01,2019-09-30,-1
2020-10-30,28190,2021-03-31,2,48548000000,-0.052,,,,,2078000000,-0.101,2154000000,-0.093,,1418000000,,140.07,,,,,,,,,,,,,,,,,,,,,,true,true,12,2020-04-01,2021-03-31,0
2020-10-30,28190,2020-03-31,2,,,,,,,,,,,,,,,,,,,,37507000000,25475000000,0.679,2460.36,25475000000,,,,,,,,,,,,true,false,12,2019-04-01,2020-03-31,-1
2020-10-30,28190,2020-03-31,2,,,,,,,,,,,,,,,,,,,,,,,,,,,,,36.00,,,,10468710,114151,,false,false,12,2019-04-01,2020-03-31,-1
2020-10-30,28190,2021-03-31,2,,,,,,,,,,,,,,,,,,,,,,,,,,,,,18.00,,,,,,,false,false,12,2020-04-01,2021-03-31,0
2020-10-30,28190,2021-03-31,2,,,,,,,,,,,,,,,,,,,,,,,,,,,,,37.00,,,,,,,false,true,12,2020-04-01,2021-03-31,0
2020-10-30,28190,2021-03-31,2,,,,,,,,,,,,,,,,,,,,,,,,,,,,,,,,,10468710,459001,10249323,false,false,6,2020-04-01,2020-09-30,0
2020-10-30,28190,2020-03-31,2,,,,,,,,,,,,,,,,,,,,,,,,,,,,,,,,,,,10423940,false,false,6,2019-04-01,2019-09-30,-1
2021-01-29,28190,2021-03-31,3,40531000000,0.001,,,,,3666000000,0.487,3731000000,0.480,,2545000000,,250.32,,,,,,41145000000,26990000000,0.656,2696.41,26990000000,,,,,,,,,,,,true,false,9,2020-04-01,2020-12-31,0
2021-01-29,28190,2020-03-31,3,40489000000,0.003,,,,,2466000000,-0.009,2521000000,-0.021,,1563000000,,149.83,,,,,,,,,,,,,,,,,,,,,,true,false,9,2019-04-01,2019-12-31,-1
2021-01-29,28190,2021-03-31,3,50307000000,-0.018,,,,,3069000000,0.328,3152000000,0.327,,2034000000,,200.89,,,,,,,,,,,,,,,,,,,,,,true,true,12,2020-04-01,2021-03-31,0
2021-01-29,28190,2020-03-31,3,,,,,,,,,,,,,,,,,,,,37507000000,25475000000,0.679,2460.36,25475000000,,,,,,,,,,,,true,false,12,2019-04-01,2020-03-31,-1
2021-01-29,28190,2020-03-31,3,,,,,,,,,,,,,,,,,,,,,,,,,,,,,36.00,,,,10468710,114151,,false,false,12,2019-04-01,2020-03-31,-1
2021-01-29,28190,2021-03-31,3,,,,,,,,,,,,,,,,,,,,,,,,,,,,,18.00,,,,,,,false,false,12,2020-04-01,2021-03-31,0
2021-01-29,28190,2021-03-31,3,,,,,,,,,,,,,,,,,,,,,,,,,,,,,37.00,,,,,,,false,true,12,2020-04-01,2021-03-31,0
2021-01-29,28190,2021-03-31,3,,,,,,,,,,,,,,,,,,,,,,,,,,,,,,,,,10468710,459028,10169159,false,false,9,2020-04-01,2020-12-31,0
2021-01-29,28190,2020-03-31,3,,,,,,,,,,,,,,,,,,,,,,,,,,,,,,,,,,,10433187,false,false,9,2019-04-01,2019-12-31,-1
,28190,2021-03-31,,,,,,,,,,,,,,,,,,,,,,,,,,,,,,42.00,,,,,,,false,true,12,2020-04-01,2021-03-31,0
,28190,2021-03-31,,,,,,,,,,,,,,,,,,,,,,,,,,,,,,18.00,,,,,,,false,false,12,2020-04-01,2021-03-31,0
,28190,2020-03-31,,,,,,,,,,,,,,,,,,,,,,,,,,,,,,36.00,,,,,,,false,false,12,2019-04-01,2020-03-31,-1
2021-05-14,28190,2021-03-31,,51334000000,0.002,,,,,3627000000,0.570,3738000000,0.574,,2506000000,,247.40,,0.095,0.096,0.071,,40319000000,27062000000,0.671,2703.62,27062000000,4735000000,-870000000,-1229000000,15498000000,,0.170,,,,,,true,false,12,2020-04-01,2021-03-31,0
2021-05-14,28190,2020-03-31,,51228000000,-0.002,,,,,2311000000,-0.034,2375000000,-0.045,,1482000000,,142.27,,0.059,0.063,0.045,,37507000000,25475000000,0.679,2460.36,25475000000,2876000000,-1025000000,-582000000,12850000000,,0.253,,,,,,true,false,12,2019-04-01,2020-03-31,-1
2021-05-14,28190,2022-03-31,,20442000000,,,,,,785000000,,838000000,,,532000000,,53.20,,,,,,,,,,,,,,,,,,,,,,true,true,6,2021-04-01,2021-09-30,1
2021-05-14,28190,2022-03-31,,41340000000,,,,,,1781000000,,1873000000,,,1221000000,,122.02,,,,,,,,,,,,,,,,0.311,,,,,,true,true,12,2021-04-01,2022-03-31,1
2021-05-14,28190,2021-03-31,,42887000000,0.003,,,,,3296000000,0.737,3421000000,0.705,2388000000,,0.927,235.77,,,,,,35228000000,23445000000,0.666,2342.25,23445000000,,,,,42.00,,,,10468710,459042,10129835,false,false,12,2020-04-01,2021-03-31,0
2021-05-14,28190,2020-03-31,,42765000000,-0.002,,,,,1898000000,-0.065,2006000000,-0.080,1239000000,,-0.148,118.88,,,,,,32601000000,22038000000,0.676,2128.39,22038000000,,,,,36.00,,,,10468710,114151,10423182,false,false,12,2019-04-01,2020-03-31,-1
2021-05-14,28190,2022-03-31,,,,,,,,,,,,,,,,,,,,,,,,,,,,,,38.00,,,,,,,false,true,12,2021-04-01,2022-03-31,1
2021-07-30,28190,2022-03-31,1,10573000000,,,,,,1024000000,-0.021,1053000000,-0.022,,703000000,,70.24,,,,,,40437000000,27497000000,0.680,2747.05,27497000000,,,,,,,,,,,,true,false,3,2021-04-01,2021-06-30,0
2021-07-30,28190,2021-03-31,1,12370000000,0.019,,,,,1046000000,1.296,1076000000,1.263,,705000000,,68.11,,,,,,,,,,,,,,,,,,,,,,true,false,3,2020-04-01,2020-06-30,-1
2021-07-30,28190,2022-03-31,1,21029000000,,,,,,1389000000,-0.239,1436000000,-0.232,,961000000,,96.01,,,,,,,,,,,,,,,,,,,,,,true,true,6,2021-04-01,2021-09-30,0
2021-07-30,28190,2022-03-31,1,42120000000,,,,,,2498000000,-0.311,2585000000,-0.309,,1727000000,,172.56,,,,,,,,,,,,,,,,,,,,,,true,true,12,2021-04-01,2022-03-31,0
2021-07-30,28190,2021-03-31,1,,,,,,,,,,,,,,,,,,,,40319000000,27062000000,0.671,2703.62,27062000000,,,,,,,,,,,,true,false,12,2020-04-01,2021-03-31,-1
2021-07-30,28190,2021-03-31,1,,,,,,,,,,,,,,,,,,,,,,,,,,,,,42.00,,,,10468710,459042,,false,false,12,2020-04-01,2021-03-31,-1
2021-07-30,28190,2022-03-31,1,,,,,,,,,,,,,,,,,,,,,,,,,,,,,38.00,,,,,,,false,true,12,2021-04-01,2022-03-31,0
2021-07-30,28190,2022-03-31,1,,,,,,,,,,,,,,,,,,,,,,,,,,,,,,,,,10468710,459042,10009668,false,false,3,2021-04-01,2021-06-30,0
2021-07-30,28190,2021-03-31,1,,,,,,,,,,,,,,,,,,,,,,,,,,,,,,,,,,,10354559,false,false,3,2020-04-01,2020-06-30,-1
2021-10-26,28190,2022-03-31,,21671000000,0.031,,,,,1746000000,0.257,1804000000,0.256,,1290000000,,129.25,,,,,,,,,,,,,,,,,,,,,,true,true,6,2021-04-01,2021-09-30,0
2021-10-26,28190,2021-03-31,,25247000000,,,,,,1826000000,,1870000000,,,1233000000,,120.32,,,,,,,,,,,,,,,,,,,,,,true,false,6,2020-04-01,2020-09-30,-1
2021-10-26,28190,2022-03-31,,42634000000,0.012,,,,,2760000000,0.105,2856000000,0.105,,1996000000,,200.63,,,,,,,,,,,,,,,,,,,,,,true,true,12,2021-04-01,2022-03-31,0
2021-10-26,28190,2021-03-31,,51334000000,,,,,,3627000000,,3738000000,,,2506000000,,247.40,,,,,,,,,,,,,,,,,,,,,,true,false,12,2020-04-01,2021-03-31,-1
2021-10-29,2819,2022-03-31,2,21671000000,,,,,,1746000000,-0.043,1804000000,-0.035,,1290000000,,129.25,,,,,,40384000000,27836000000,0.689,2805.97,27836000000,,,,,,,,,,,,true,false,6,2021-04-01,2021-09-30,0
2021-10-29,2819,2021-03-31,2,25247000000,-0.013,,,,,1826000000,0.572,1870000000,0.570,,1233000000,,120.32,,,,,,,,,,,,,,,,,,,,,,true,false,6,2020-04-01,2020-09-30,-1
2021-10-29,2819,2022-03-31,2,42634000000,,,,,,2760000000,-0.239,2856000000,-0.236,,1996000000,,200.63,,,,,,,,,,,,,,,,,,,,,,true,true,12,2021-04-01,2022-03-31,0
2021-10-29,2819,2021-03-31,2,,,,,,,,,,,,,,,,,,,,40319000000,27062000000,0.671,2703.62,27062000000,,,,,,,,,,,,true,false,12,2020-04-01,2021-03-31,-1
2021-10-29,2819,2021-03-31,2,,,,,,,,,,,,,,,,,,,,,,,,,,,,,42.00,,,,10468710,459042,,false,false,12,2020-04-01,2021-03-31,-1
2021-10-29,2819,2022-03-31,2,,,,,,,,,,,,,,,,,,,,,,,,,,,,,19.00,,,,,,,false,false,12,2021-04-01,2022-03-31,0
2021-10-29,2819,2022-03-31,2,,,,,,,,,,,,,,,,,,,,,,,,,,,,,38.00,,,,,,,false,true,12,2021-04-01,2022-03-31,0
2021-10-29,2819,2022-03-31,2,,,,,,,,,,,,,,,,,,,,,,,,,,,,,,,,,10468710,548302,9982549,false,false,6,2021-04-01,2021-09-30,0
2021-10-29,2819,2021-03-31,2,,,,,,,,,,,,,,,,,,,,,,,,,,,,,,,,,,,10249323,false,false,6,2020-04-01,2020-09-30,-1
2022-01-31,2819,2022-03-31,3,34535000000,,,,,,3537000000,-0.035,3774000000,0.012,,2754000000,,276.55,,,,,,42591000000,29047000000,0.682,2935.10,29047000000,,,,,,,,,,,,true,false,9,2021-04-01,2021-12-31,0
2022-01-31,2819,2021-03-31,3,40531000000,0.001,,,,,3666000000,0.487,3731000000,0.480,,2545000000,,250.32,,,,,,,,,,,,,,,,,,,,,,true,false,9,2020-04-01,2020-12-31,-1
2022-01-31,2819,2022-03-31,3,42848000000,,,,,,3005000000,-0.172,3251000000,-0.130,,2352000000,,236.52,,,,,,,,,,,,,,,,,,,,,,true,true,12,2021-04-01,2022-03-31,0
2022-01-31,2819,2021-03-31,3,,,,,,,,,,,,,,,,,,,,40319000000,27062000000,0.671,2703.62,27062000000,,,,,,,,,,,,true,false,12,2020-04-01,2021-03-31,-1
2022-01-31,2819,2021-03-31,3,,,,,,,,,,,,,,,,,,,,,,,,,,,,,42.00,,,,10468710,459042,,false,false,12,2020-04-01,2021-03-31,-1
2022-01-31,2819,2022-03-31,3,,,,,,,,,,,,,,,,,,,,,,,,,,,,,19.00,,,,,,,false,false,12,2021-04-01,2022-03-31,0
2022-01-31,2819,2022-03-31,3,,,,,,,,,,,,,,,,,,,,,,,,,,,,,38.00,,,,,,,false,true,12,2021-04-01,2022-03-31,0
2022-01-31,2819,2022-03-31,3,,,,,,,,,,,,,,,,,,,,,,,,,,,,,,,,,10468710,572058,9960515,false,false,9,2021-04-01,2021-12-31,0
2022-01-31,2819,2021-03-31,3,,,,,,,,,,,,,,,,,,,,,,,,,,,,,,,,,,,10169159,false,false,9,2020-04-01,2020-12-31,-1
,28190,2022-03-31,,,,,,,,,,,,,,,,,,,,,,,,,,,,,,40.00,,,,,,,false,true,12,2021-04-01,2022-03-31,0
,28190,2022-03-31,,,,,,,,,,,,,,,,,,,,,,,,,,,,,,19.00,,,,,,,false,false,12,2021-04-01,2022-03-31,0
,28190,2021-03-31,,,,,,,,,,,,,,,,,,,,,,,,,,,,,,42.00,,,,,,,false,false,12,2020-04-01,2021-03-31,-1
2022-05-12,2819,2022-03-31,,43345000000,,,,,,3348000000,-0.077,3666000000,-0.019,,2704000000,,272.19,,0.096,0.090,0.077,,41304000000,29082000000,0.704,2951.22,29082000000,3326000000,-1435000000,-1688000000,15765000000,,0.147,,,,,,true,false,12,2021-04-01,2022-03-31,0
2022-05-12,2819,2021-03-31,,51334000000,0.002,,,,,3627000000,0.570,3738000000,0.574,,2506000000,,247.40,,0.095,0.096,0.071,,40319000000,27062000000,0.671,2703.62,27062000000,4735000000,-870000000,-1229000000,15498000000,,0.170,,,,,,true,false,12,2020-04-01,2021-03-31,-1
2022-05-12,2819,2023-03-31,,21665000000,-0.000,,,,,1289000000,-0.262,1335000000,-0.260,,915000000,,92.86,,,,,,,,,,,,,,,,,,,,,,true,true,6,2022-04-01,2022-09-30,1
2022-05-12,2819,2023-03-31,,43240000000,-0.002,,,,,2206000000,-0.341,2296000000,-0.374,,1587000000,,161.13,,,,,,,,,,,,,,,,0.248,,,,,,true,true,12,2022-04-01,2023-03-31,1
2022-05-12,2819,2022-03-31,,34887000000,,,,,,2911000000,-0.117,3311000000,-0.032,2447000000,,0.025,246.35,,,,,,35839000000,25021000000,0.698,2539.11,25021000000,,,,,40.00,,,,10468710,614158,9936622,false,false,12,2021-04-01,2022-03-31,0
2022-05-12,2819,2021-03-31,,42887000000,0.003,,,,,3296000000,0.737,3421000000,0.705,2388000000,,0.927,235.77,,,,,,35228000000,23445000000,0.666,2342.25,23445000000,,,,,42.00,,,,10468710,459042,10129835,false,false,12,2020-04-01,2021-03-31,-1
2022-05-12,2819,2023-03-31,,,,,,,,,,,,,,,,,,,,,,,,,,,,,,40.00,,,,,,,false,true,12,2022-04-01,2023-03-31,1
2022-07-29,2819,2023-03-31,1,10649000000,0.007,,,,,924000000,-0.097,1028000000,-0.023,,681000000,,69.23,,,,,,42105000000,29584000000,0.703,3016.22,29584000000,,,,,,,,,,,,true,false,3,2022-04-01,2022-06-30,0
2022-07-29,2819,2022-03-31,1,10573000000,,,,,,1024000000,-0.021,1053000000,-0.022,,703000000,,70.24,,,,,,,,,,,,,,,,,,,,,,true,false,3,2021-04-01,2021-06-30,-1
2022-07-29,2819,2023-03-31,1,21665000000,-0.000,,,,,1289000000,-0.262,1335000000,-0.260,,915000000,,93.16,,,,,,,,,,,,,,,,,,,,,,true,true,6,2022-04-01,2022-09-30,0
2022-07-29,2819,2023-03-31,1,43240000000,-0.002,,,,,2206000000,-0.341,2296000000,-0.374,,1587000000,,161.76,,,,,,,,,,,,,,,,,,,,,,true,true,12,2022-04-01,2023-03-31,0
2022-07-29,2819,2022-03-31,1,,,,,,,,,,,,,,,,,,,,41304000000,29082000000,0.704,2951.22,29082000000,,,,,,,,,,,,true,false,12,2021-04-01,2022-03-31,-1
2022-07-29,2819,2022-03-31,1,,,,,,,,,,,,,,,,,,,,,,,,,,,,,40.00,,,,10468710,614158,,false,false,12,2021-04-01,2022-03-31,-1
2022-07-29,2819,2023-03-31,1,,,,,,,,,,,,,,,,,,,,,,,,,,,,,40.00,,,,,,,false,true,12,2022-04-01,2023-03-31,0
2022-07-29,2819,2023-03-31,1,,,,,,,,,,,,,,,,,,,,,,,,,,,,,,,,,10468710,660358,9839258,false,false,3,2022-04-01,2022-06-30,0
2022-07-29,2819,2022-03-31,1,,,,,,,,,,,,,,,,,,,,,,,,,,,,,,,,,,,10009668,false,false,3,2021-04-01,2021-06-30,-1
2022-11-07,2819,2023-03-31,2,21637000000,-0.002,,,,,1741000000,-0.003,1904000000,0.056,,1296000000,,131.91,,,,,,43127000000,30243000000,0.701,3079.67,30243000000,,,,,,,,,,,,true,false,6,2022-04-01,2022-09-30,0
2022-11-07,2819,2022-03-31,2,21671000000,,,,,,1746000000,-0.043,1804000000,-0.035,,1290000000,,129.25,,,,,,,,,,,,,,,,,,,,,,true,false,6,2021-04-01,2021-09-30,-1
2022-11-07,2819,2023-03-31,2,43300000000,-0.001,,,,,2500000000,-0.253,2700000000,-0.264,,1800000000,,183.23,,,,,,,,,,,,,,,,,,,,,,true,true,12,2022-04-01,2023-03-31,0
2022-11-07,2819,2022-03-31,2,,,,,,,,,,,,,,,,,,,,41304000000,29082000000,0.704,2951.22,29082000000,,,,,,,,,,,,true,false,12,2021-04-01,2022-03-31,-1
2022-11-07,2819,2022-03-31,2,,,,,,,,,,,,,,,,,,,,,,,,,,,,,40.00,,,,10468710,614158,,false,false,12,2021-04-01,2022-03-31,-1
2022-11-07,2819,2023-03-31,2,,,,,,,,,,,,,,,,,,,,,,,,,,,,,20.00,,,,,,,false,false,12,2022-04-01,2023-03-31,0
2022-11-07,2819,2023-03-31,2,,,,,,,,,,,,,,,,,,,,,,,,,,,,,40.00,,,,,,,false,true,12,2022-04-01,2023-03-31,0
2022-11-07,2819,2023-03-31,2,,,,,,,,,,,,,,,,,,,,,,,,,,,,,,,,,10468710,648445,9827444,false,false,6,2022-04-01,2022-09-30,0
2022-11-07,2819,2022-03-31,2,,,,,,,,,,,,,,,,,,,,,,,,,,,,,,,,,,,9982549,false,false,6,2021-04-01,2021-09-30,-1
2023-02-07,2819,2023-03-31,3,34353000000,-0.005,,,,,3258000000,-0.079,3443000000,-0.088,,2373000000,,241.55,,,,,,44740000000,31072000000,0.695,3164.18,31072000000,,,,,,,,,,,,true,false,9,2022-04-01,2022-12-31,0
2023-02-07,2819,2022-03-31,3,34535000000,,,,,,3537000000,-0.035,3774000000,0.012,,2754000000,,276.55,,,,,,,,,,,,,,,,,,,,,,true,false,9,2021-04-01,2021-12-31,-1
2023-02-07,2819,2023-03-31,3,43300000000,-0.001,,,,,2500000000,-0.253,2700000000,-0.264,,1800000000,,183.23,,,,,,,,,,,,,,,,,,,,,,true,true,12,2022-04-01,2023-03-31,0
2023-02-07,2819,2022-03-31,3,,,,,,,,,,,,,,,,,,,,41304000000,29082000000,0.704,2951.22,29082000000,,,,,,,,,,,,true,false,12,2021-04-01,2022-03-31,-1
2023-02-07,2819,2022-03-31,3,,,,,,,,,,,,,,,,,,,,,,,,,,,,,40.00,,,,10468710,614158,,false,false,12,2021-04-01,2022-03-31,-1
2023-02-07,2819,2023-03-31,3,,,,,,,,,,,,,,,,,,,,,,,,,,,,,20.00,,,,,,,false,false,12,2022-04-01,2023-03-31,0
2023-02-07,2819,2023-03-31,3,,,,,,,,,,,,,,,,,,,,,,,,,,,,,40.00,,,,,,,false,true,12,2022-04-01,2023-03-31,0
2023-02-07,2819,2023-03-31,3,,,,,,,,,,,,,,,,,,,,,,,,,,,,,,,,,10468710,648545,9825010,false,false,9,2022-04-01,2022-12-31,0
2023-02-07,2819,2022-03-31,3,,,,,,,,,,,,,,,,,,,,,,,,,,,,,,,,,,,9960515,false,false,9,2021-04-01,2021-12-31,-1
2023-05-15,2819,2023-03-31,,43419000000,0.002,,,,,2972000000,-0.112,3180000000,-0.133,,2177000000,,221.67,,0.073,0.075,0.068,,43152000000,30933000000,0.717,3152.80,30933000000,2814000000,-1323000000,265000000,17590000000,,0.180,,,,,,true,false,12,2022-04-01,2023-03-31,0
2023-05-15,2819,2022-03-31,,43345000000,,,,,,3348000000,-0.077,3666000000,-0.019,,2704000000,,272.19,,0.096,0.090,0.077,,41304000000,29082000000,0.704,2951.22,29082000000,3326000000,-1435000000,-1688000000,15765000000,,0.147,,,,,,true,false,12,2021-04-01,2022-03-31,-1
2023-05-15,2819,2024-03-31,,44000000000,0.013,,,,,1500000000,-0.495,1600000000,-0.497,,1000000000,,101.92,,,,,,,,,,,,,,,,0.392,,,,,,true,true,12,2023-04-01,2024-03-31,1
2023-05-15,2819,2023-03-31,,35410000000,0.015,,,,,2630000000,-0.096,2916000000,-0.119,2021000000,,-0.174,205.76,,,,,,37573000000,26564000000,0.707,2707.52,26564000000,,,,,40.00,,,,10468710,657345,9823034,false,false,12,2022-04-01,2023-03-31,0
2023-05-15,2819,2022-03-31,,34887000000,,,,,,2911000000,-0.117,3311000000,-0.032,2447000000,,0.025,246.35,,,,,,35839000000,25021000000,0.698,2539.11,25021000000,,,,,40.00,,,,10468710,614158,9936622,false,false,12,2021-04-01,2022-03-31,-1
2023-05-15,2819,2024-03-31,,,,,,,,,,,,,,,,,,,,,,,,,,,,,,40.00,,,,,,,false,true,12,2023-04-01,2024-03-31,1
2023-08-07,2819,2024-03-31,1,10881000000,0.022,,,,,743000000,-0.196,819000000,-0.203,,546000000,,55.70,,,,,,44136000000,31522000000,0.714,3212.89,31522000000,,,,,,,,,,,,true,false,3,2023-04-01,2023-06-30,0
2023-08-07,2819,2023-03-31,1,10649000000,0.007,,,,,924000000,-0.097,1028000000,-0.023,,681000000,,69.23,,,,,,,,,,,,,,,,,,,,,,true,false,3,2022-04-01,2022-06-30,-1
2023-08-07,2819,2024-03-31,1,44000000000,0.013,,,,,1500000000,-0.495,1600000000,-0.497,,1000000000,,101.92,,,,,,,,,,,,,,,,,,,,,,true,true,12,2023-04-01,2024-03-31,0
2023-08-07,2819,2023-03-31,1,,,,,,,,,,,,,,,,,,,,43152000000,30933000000,0.717,3152.80,30933000000,,,,,,,,,,,,true,false,12,2022-04-01,2023-03-31,-1
2023-08-07,2819,2023-03-31,1,,,,,,,,,,,,,,,,,,,,,,,,,,,,,40.00,,,,10468710,657345,,false,false,12,2022-04-01,2023-03-31,-1
2023-08-07,2819,2024-03-31,1,,,,,,,,,,,,,,,,,,,,,,,,,,,,,40.00,,,,,,,false,true,12,2023-04-01,2024-03-31,0
2023-08-07,2819,2024-03-31,1,,,,,,,,,,,,,,,,,,,,,,,,,,,,,,,,,10468710,657345,9811365,false,false,3,2023-04-01,2023-06-30,0
2023-08-07,2819,2023-03-31,1,,,,,,,,,,,,,,,,,,,,,,,,,,,,,,,,,,,9839258,false,false,3,2022-04-01,2022-06-30,-1
2023-11-07,2819,2024-03-31,2,22035000000,0.018,,,,,1363000000,-0.217,1486000000,-0.220,,981000000,,100.02,,,,,,45593000000,32126000000,0.705,3271.36,32126000000,,,,,,,,,,,,true,false,6,2023-04-01,2023-09-30,0
2023-11-07,2819,2023-03-31,2,21637000000,-0.002,,,,,1741000000,-0.003,1904000000,0.056,,1296000000,,131.91,,,,,,,,,,,,,,,,,,,,,,true,false,6,2022-04-01,2022-09-30,-1
2023-11-07,2819,2024-03-31,2,44000000000,0.013,,,,,1500000000,-0.495,1600000000,-0.497,,1000000000,,101.92,,,,,,,,,,,,,,,,,,,,,,true,true,12,2023-04-01,2024-03-31,0
2023-11-07,2819,2023-03-31,2,,,,,,,,,,,,,,,,,,,,43152000000,30933000000,0.717,3152.80,30933000000,,,,,,,,,,,,true,false,12,2022-04-01,2023-03-31,-1
2023-11-07,2819,2023-03-31,2,,,,,,,,,,,,,,,,,,,,,,,,,,,,,40.00,,,,10468710,657345,,false,false,12,2022-04-01,2023-03-31,-1
2023-11-07,2819,2024-03-31,2,,,,,,,,,,,,,,,,,,,,,,,,,,,,,20.00,,,,,,,false,false,12,2023-04-01,2024-03-31,0
2023-11-07,2819,2024-03-31,2,,,,,,,,,,,,,,,,,,,,,,,,,,,,,40.00,,,,,,,false,true,12,2023-04-01,2024-03-31,0
2023-11-07,2819,2024-03-31,2,,,,,,,,,,,,,,,,,,,,,,,,,,,,,,,,,10468710,648150,9814596,false,false,6,2023-04-01,2023-09-30,0
2023-11-07,2819,2023-03-31,2,,,,,,,,,,,,,,,,,,,,,,,,,,,,,,,,,,,9827444,false,false,6,2022-04-01,2022-09-30,-1
2024-02-07,2819,2024-03-31,3,35128000000,0.023,,,,,2761000000,-0.153,2927000000,-0.150,,1984000000,,202.18,,,,,,47926000000,32978000000,0.688,3358.11,32978000000,,,,,,,,,,,,true,false,9,2023-04-01,2023-12-31,0
2024-02-07,2819,2023-03-31,3,34353000000,-0.005,,,,,3258000000,-0.079,3443000000,-0.088,,2373000000,,241.55,,,,,,,,,,,,,,,,,,,,,,true,false,9,2022-04-01,2022-12-31,-1
2024-02-07,2819,2024-03-31,3,44500000000,0.025,,,,,2000000000,-0.327,2100000000,-0.340,,1400000000,,142.60,,,,,,,,,,,,,,,,,,,,,,true,true,12,2023-04-01,2024-03-31,0
2024-02-07,2819,2023-03-31,3,,,,,,,,,,,,,,,,,,,,43152000000,30933000000,0.717,3152.80,30933000000,,,,,,,,,,,,true,false,12,2022-04-01,2023-03-31,-1
2024-02-07,2819,2023-03-31,3,,,,,,,,,,,,,,,,,,,,,,,,,,,,,40.00,,,,10468710,657345,,false,false,12,2022-04-01,2023-03-31,-1
2024-02-07,2819,2024-03-31,3,,,,,,,,,,,,,,,,,,,,,,,,,,,,,20.00,,,,,,,false,false,12,2023-04-01,2024-03-31,0
2024-02-07,2819,2024-03-31,3,,,,,,,,,,,,,,,,,,,,,,,,,,,,,40.00,,,,,,,false,true,12,2023-04-01,2024-03-31,0
2024-02-07,2819,2024-03-31,3,,,,,,,,,,,,,,,,,,,,,,,,,,,,,,,,,10468710,648250,9816580,false,false,9,2023-04-01,2023-12-31,0
2024-02-07,2819,2023-03-31,3,,,,,,,,,,,,,,,,,,,,,,,,,,,,,,,,,,,9825010,false,false,9,2022-04-01,2022-12-31,-1
2024-05-02,28190,2024-03-31,,45200000000,0.016,,,,,2400000000,0.200,2600000000,0.238,,1800000000,,183.37,,,,,,,,,,,,,,,,,,,,,,true,true,12,2023-04-01,2024-03-31,0
2024-05-02,28190,2023-03-31,,43419000000,,,,,,2972000000,,3180000000,,,2177000000,,221.67,,,,,,,,,,,,,,,,,,,,,,true,false,12,2022-04-01,2023-03-31,-1
2024-05-15,2819,2024-03-31,,45216000000,0.041,,,,,2400000000,-0.192,2628000000,-0.174,,1802000000,,183.59,,0.057,0.058,0.053,,47947000000,32818000000,0.684,3346.51,32818000000,767000000,-3642000000,-468000000,14379000000,,0.218,,,,,,true,false,12,2023-04-01,2024-03-31,0
2024-05-15,2819,2023-03-31,,43419000000,0.002,,,,,2972000000,-0.112,3180000000,-0.133,,2177000000,,221.67,,0.073,0.075,0.068,,43152000000,30933000000,0.717,3152.80,30933000000,2814000000,-1323000000,265000000,17590000000,,0.180,,,,,,true,false,12,2022-04-01,2023-03-31,-1
2024-05-15,2819,2025-03-31,,46600000000,0.031,,,,,1000000000,-0.583,1100000000,-0.582,,700000000,,71.38,,,,,,,,,,,,,,,,0.560,,,,,,true,true,12,2024-04-01,2025-03-31,1
2024-05-15,2819,2024-03-31,,36564000000,0.033,,,,,2299000000,-0.126,2505000000,-0.141,1742000000,,-0.138,177.54,,,,,,40323000000,28255000000,0.701,2881.23,28255000000,,,,,40.00,,,,10468710,661920,9816344,false,false,12,2023-04-01,2024-03-31,0
2024-05-15,2819,2023-03-31,,35410000000,0.015,,,,,2630000000,-0.096,2916000000,-0.119,2021000000,,-0.174,205.76,,,,,,37573000000,26564000000,0.707,2707.52,26564000000,,,,,40.00,,,,10468710,657345,9823034,false,false,12,2022-04-01,2023-03-31,-1
2024-05-15,2819,2025-03-31,,,,,,,,,,,,,,,,,,,,,,,,,,,,,,40.00,,,,,,,false,true,12,2024-04-01,2025-03-31,1
2024-08-07,2819,2025-03-31,1,11926000000,0.096,,,,,725000000,-0.024,813000000,-0.007,,539000000,,55.19,,,,,,48125000000,33285000000,0.692,3415.05,33285000000,,,,,,,,,,,,true,false,3,2024-04-01,2024-06-30,0
2024-08-07,2819,2024-03-31,1,10881000000,0.022,,,,,743000000,-0.196,819000000,-0.203,,546000000,,55.70,,,,,,,,,,,,,,,,,,,,,,true,false,3,2023-04-01,2023-06-30,-1
2024-08-07,2819,2025-03-31,1,46600000000,0.031,,,,,1000000000,-0.583,1100000000,-0.582,,700000000,,71.82,,,,,,,,,,,,,,,,,,,,,,true,true,12,2024-04-01,2025-03-31,0
2024-08-07,2819,2024-03-31,1,,,,,,,,,,,,,,,,,,,,47947000000,32818000000,0.684,3346.51,32818000000,,,,,,,,,,,,true,false,12,2023-04-01,2024-03-31,-1
2024-08-07,2819,2024-03-31,1,,,,,,,,,,,,,,,,,,,,,,,,,,,,,40.00,,,,10468710,661920,,false,false,12,2023-04-01,2024-03-31,-1
2024-08-07,2819,2025-03-31,1,,,,,,,,,,,,,,,,,,,,,,,,,,,,,40.00,,,,,,,false,true,12,2024-04-01,2025-03-31,0
2024-08-07,2819,2025-03-31,1,,,,,,,,,,,,,,,,,,,,,,,,,,,,,,,,,10468710,721920,9776461,false,false,3,2024-04-01,2024-06-30,0
2024-08-07,2819,2024-03-31,1,,,,,,,,,,,,,,,,,,,,,,,,,,,,,,,,,,,9811365,false,false,3,2023-04-01,2023-06-30,-1
2024-11-07,2819,2025-03-31,2,23835000000,0.082,,,,,1231000000,-0.096,1272000000,-0.144,,848000000,,86.85,,,,,,49163000000,33557000000,0.683,3433.92,33557000000,,,,,,,,,,,,true,false,6,2024-04-01,2024-09-30,0
2024-11-07,2819,2024-03-31,2,22035000000,0.018,,,,,1363000000,-0.217,1486000000,-0.220,,981000000,,100.02,,,,,,,,,,,,,,,,,,,,,,true,false,6,2023-04-01,2023-09-30,-1
2024-11-07,2819,2025-03-31,2,47000000000,0.039,,,,,1500000000,-0.375,1500000000,-0.429,,900000000,,92.11,,,,,,,,,,,,,,,,,,,,,,true,true,12,2024-04-01,2025-03-31,0
2024-11-07,2819,2024-03-31,2,,,,,,,,,,,,,,,,,,,,47947000000,32818000000,0.684,3346.51,32818000000,,,,,,,,,,,,true,false,12,2023-04-01,2024-03-31,-1
2024-11-07,2819,2024-03-31,2,,,,,,,,,,,,,,,,,,,,,,,,,,,,,40.00,,,,10468710,661920,,false,false,12,2023-04-01,2024-03-31,-1
2024-11-07,2819,2025-03-31,2,,,,,,,,,,,,,,,,,,,,,,,,,,,,,20.00,,,,,,,false,false,12,2024-04-01,2025-03-31,0
2024-11-07,2819,2025-03-31,2,,,,,,,,,,,,,,,,,,,,,,,,,,,,,40.00,,,,,,,false,true,12,2024-04-01,2025-03-31,0
2024-11-07,2819,2025-03-31,2,,,,,,,,,,,,,,,,,,,,,,,,,,,,,,,,,10468626,696161,9769807,false,false,6,2024-04-01,2024-09-30,0
2024-11-07,2819,2024-03-31,2,,,,,,,,,,,,,,,,,,,,,,,,,,,,,,,,,,,9814596,false,false,6,2023-04-01,2023-09-30,-1
2025-02-14,2819,2025-03-31,3,38198000000,0.087,,,,,2648000000,-0.041,2820000000,-0.036,,1918000000,,196.37,,,,,,50430000000,34679000000,0.688,3548.66,34679000000,,,,,,,,,,,,true,false,9,2024-04-01,2024-12-31,0
2025-02-14,2819,2024-03-31,3,35128000000,0.023,,,,,2761000000,-0.153,2927000000,-0.150,,1984000000,,202.18,,,,,,,,,,,,,,,,,,,,,,true,false,9,2023-04-01,2023-12-31,-1
2025-02-14,2819,2025-03-31,3,48000000000,0.062,,,,,2000000000,-0.167,2100000000,-0.201,,1400000000,,143.28,,,,,,,,,,,,,,,,,,,,,,true,true,12,2024-04-01,2025-03-31,0
2025-02-14,2819,2024-03-31,3,,,,,,,,,,,,,,,,,,,,47947000000,32818000000,0.684,3346.51,32818000000,,,,,,,,,,,,true,false,12,2023-04-01,2024-03-31,-1
2025-02-14,2819,2024-03-31,3,,,,,,,,,,,,,,,,,,,,,,,,,,,,,40.00,,,,10468710,661920,,false,false,12,2023-04-01,2024-03-31,-1
2025-02-14,2819,2025-03-31,3,,,,,,,,,,,,,,,,,,,,,,,,,,,,,20.00,,,,,,,false,false,12,2024-04-01,2025-03-31,0
2025-02-14,2819,2025-03-31,3,,,,,,,,,,,,,,,,,,,,,,,,,,,,,45.00,,,,,,,false,true,12,2024-04-01,2025-03-31,0
2025-02-14,2819,2025-03-31,3,,,,,,,,,,,,,,,,,,,,,,,,,,,,,,,,,10468626,696208,9770682,false,false,9,2024-04-01,2024-12-31,0
2025-02-14,2819,2024-03-31,3,,,,,,,,,,,,,,,,,,,,,,,,,,,,,,,,,,,9816580,false,false,9,2023-04-01,2023-12-31,-1
2025-05-14,2819,2025-03-31,,47963000000,0.061,,,,,2031000000,-0.154,2113000000,-0.196,,1399000000,,143.27,,0.042,0.044,0.042,,47372000000,34217000000,0.722,3501.41,34217000000,4533000000,-3343000000,-645000000,14992000000,,0.314,,,,,,true,false,12,2024-04-01,2025-03-31,0
2025-05-14,2819,2024-03-31,,45216000000,0.041,,,,,2400000000,-0.192,2628000000,-0.174,,1802000000,,183.59,,0.057,0.058,0.053,,47947000000,32818000000,0.684,3346.51,32818000000,767000000,-3642000000,-468000000,14379000000,,0.218,,,,,,true,false,12,2023-04-01,2024-03-31,-1
2025-05-14,2819,2026-03-31,,48400000000,0.009,,,,,1000000000,-0.508,1200000000,-0.432,,700000000,,71.63,,,,,,,,,,,,,,,,0.628,,,,,,true,true,12,2025-04-01,2026-03-31,1
2025-05-14,2819,2025-03-31,,37715000000,0.031,,,,,2009000000,-0.126,2045000000,-0.183,1396000000,,-0.199,142.95,,,,,,40356000000,29088000000,0.721,2976.59,29088000000,,,,,45.00,,,,9868626,96208,9771110,false,false,12,2024-04-01,2025-03-31,0
2025-05-14,2819,2024-03-31,,36564000000,0.033,,,,,2299000000,-0.126,2505000000,-0.141,1742000000,,-0.138,177.54,,,,,,40323000000,28255000000,0.701,2881.23,28255000000,,,,,40.00,,,,10468710,661920,9816344,false,false,12,2023-04-01,2024-03-31,-1
2025-05-14,2819,2026-03-31,,,,,,,,,,,,,,,,,,,,,,,,,,,,,,45.00,,,,,,,false,true,12,2025-04-01,2026-03-31,1
2025-08-07,2819,2026-03-31,1,12057000000,0.011,,,,,680000000,-0.062,695000000,-0.146,,163000000,,16.69,,,,,,47975000000,34306000000,0.715,3510.53,34306000000,,,,,,,,,,,,true,false,3,2025-04-01,2025-06-30,0
2025-08-07,2819,2025-03-31,1,11926000000,0.096,,,,,725000000,-0.024,813000000,-0.007,,539000000,,55.19,,,,,,,,,,,,,,,,,,,,,,true,false,3,2024-04-01,2024-06-30,-1
2025-08-07,2819,2026-03-31,1,48400000000,0.009,,,,,1000000000,-0.508,1200000000,-0.432,,700000000,,71.63,,,,,,,,,,,,,,,,,,,,,,true,true,12,2025-04-01,2026-03-31,0
2025-08-07,2819,2025-03-31,1,,,,,,,,,,,,,,,,,,,,47372000000,34217000000,0.722,3501.41,34217000000,,,,,,,,,,,,true,false,12,2024-04-01,2025-03-31,-1
2025-08-07,2819,2025-03-31,1,,,,,,,,,,,,,,,,,,,,,,,,,,,,,45.00,,,,9868626,96208,,false,false,12,2024-04-01,2025-03-31,-1
2025-08-07,2819,2026-03-31,1,,,,,,,,,,,,,,,,,,,,,,,,,,,,,45.00,,,,,,,false,true,12,2025-04-01,2026-03-31,0
2025-08-07,2819,2026-03-31,1,,,,,,,,,,,,,,,,,,,,,,,,,,,,,,,,,9868626,96208,9772418,false,false,3,2025-04-01,2025-06-30,0
2025-08-07,2819,2025-03-31,1,,,,,,,,,,,,,,,,,,,,,,,,,,,,,,,,,,,9776461,false,false,3,2024-04-01,2024-06-30,-1
