filing_date,code,fiscal_year_end,quarterly_period,net_sales,net_sales_change,revenue,revenue_change,operating_revenue,operating_revenue_change,operating_profit,operating_profit_change,ordinary_profit,ordinary_profit_change,net_income,net_income_of_parent,net_income_change,eps,diluted_eps,roe,roa,operating_profit_to_net_sales,operating_profit_to_revenue,total_assets,net_assets,equity_ratio,bps,owner_equity,operating_cash_flow,investing_cash_flow,financing_cash_flow,cash,dividend_per_share,payout_ratio,commemorative_dividend,extra_dividend,number_of_shares,number_of_treqsury_shares,avg_number_of_shares,is_consolidated,is_forecast,duration,period_start,period_end,period_pos
2015-05-15,28750,2015-03-31,,381259000000,0.024,,,,,25075000000,-0.180,26630000000,-0.174,16901000000,,-0.256,165.49,,0.071,0.083,0.066,,333933000000,259949000000,0.748,2444.99,249707000000,32641000000,-39976000000,-8987000000,33680000000,,0.302,,,,,,true,false,12,2014-04-01,2015-03-31,0
2015-05-15,28750,2014-03-31,,372231000000,0.080,,,,,30595000000,0.033,32243000000,0.008,22723000000,,0.315,222.46,,0.108,0.110,0.082,,308787000000,236936000000,0.724,2188.89,223564000000,29377000000,-28521000000,-6238000000,47420000000,,0.225,,,,,,true,false,12,2013-04-01,2014-03-31,-1
2015-05-15,28750,2016-03-31,,192000000000,0.062,,,,,12500000000,0.173,13000000000,0.146,,8000000000,,78.33,,,,,,,,,,,,,,,,,,,,,,true,true,6,2015-04-01,2015-09-30,1
2015-05-15,28750,2016-03-31,,400000000000,0.049,,,,,28000000000,0.117,29000000000,0.089,,18000000000,,176.25,,,,,,,,,,,,,,,,0.340,,,,,,true,true,12,2015-04-01,2016-03-31,1
2015-05-15,28750,2015-03-31,,238026000000,-0.015,,,,,9597000000,-0.249,13768000000,-0.255,10078000000,,-0.264,98.63,,,,,,218669000000,139842000000,0.640,1368.60,139842000000,,,,,50.00,,,,110881044,8750654,102132520,false,false,12,2014-04-01,2015-03-31,0
2015-05-15,28750,2014-03-31,,241704000000,0.044,,,,,12775000000,0.003,18490000000,-0.214,13699000000,,-0.168,134.06,,,,,,212867000000,131461000000,0.618,1286.53,131461000000,,,,,50.00,,,,110881044,8744689,102144027,false,false,12,2013-04-01,2014-03-31,-1
2015-05-15,28750,2016-03-31,,,,,,,,,,,,,,,,,,,,,,,,,,,,,,60.00,,,,,,,false,true,12,2015-04-01,2016-03-31,1
2015-07-31,28750,2016-03-31,1,92136000000,0.071,,,,,6144000000,0.288,6542000000,0.258,,4175000000,,40.89,,,,,,336782000000,264213000000,0.754,,253833000000,,,,,,,,,,,,true,false,3,2015-04-01,2015-06-30,0
2015-07-31,28750,2015-03-31,1,86025000000,-0.021,,,,,4772000000,-0.388,5199000000,-0.370,,3286000000,,32.18,,,,,,,,,,,,,,,,,,,,,,true,false,3,2014-04-01,2014-06-30,-1
2015-07-31,28750,2016-03-31,1,192000000000,0.062,,,,,12500000000,0.173,13000000000,0.146,,8000000000,,78.33,,,,,,,,,,,,,,,,,,,,,,true,true,6,2015-04-01,2015-09-30,0
2015-07-31,28750,2016-03-31,1,400000000000,0.049,,,,,28000000000,0.117,29000000000,0.089,,18000000000,,176.25,,,,,,,,,,,,,,,,,,,,,,true,true,12,2015-04-01,2016-03-31,0
2015-07-31,28750,2015-03-31,1,,,,,,,,,,,,,,,,,,,,333933000000,259949000000,0.748,,249707000000,,,,,,,,,,,,true,false,12,2014-04-01,2015-03-31,-1
2015-07-31,28750,2015-03-31,1,,,,,,,,,,,,,,,,,,,,,,,,,,,,,50.00,,,,110881044,8750654,,false,false,12,2014-04-01,2015-03-31,-1
2015-07-31,28750,2016-03-31,1,,,,,,,,,,,,,,,,,,,,,,,,,,,,,60.00,,,,,,,false,true,12,2015-04-01,2016-03-31,0
2015-07-31,28750,2016-03-31,1,,,,,,,,,,,,,,,,,,,,,,,,,,,,,,,,,110881044,8750819,102130299,false,false,3,2015-04-01,2015-06-30,0
2015-07-31,28750,2015-03-31,1,,,,,,,,,,,,,,,,,,,,,,,,,,,,,,,,,,,102136101,false,false,3,2014-04-01,2014-06-30,-1
2015-10-30,28750,2016-03-31,2,188023000000,0.040,,,,,12508000000,0.174,13054000000,0.151,,8288000000,,81.15,,,,,,342454000000,265585000000,0.745,,255158000000,,,,,,,,,,,,true,false,6,2015-04-01,2015-09-30,0
2015-10-30,28750,2015-03-31,2,180833000000,0.026,,,,,10653000000,-0.233,11342000000,-0.220,,7775000000,,76.13,,,,,,,,,,,,,,,,,,,,,,true,false,6,2014-04-01,2014-09-30,-1
2015-10-30,28750,2016-03-31,2,400000000000,0.049,,,,,28000000000,0.117,29000000000,0.089,,18000000000,,176.25,,,,,,,,,,,,,,,,,,,,,,true,true,12,2015-04-01,2016-03-31,0
2015-10-30,28750,2015-03-31,2,,,,,,,,,,,,,,,,,,,,333933000000,259949000000,0.748,,249707000000,,,,,,,,,,,,true,false,12,2014-04-01,2015-03-31,-1
2015-10-30,28750,2015-03-31,2,,,,,,,,,,,,,,,,,,,,,,,,,,,,,50.00,,,,110881044,8750654,,false,false,12,2014-04-01,2015-03-31,-1
2015-10-30,28750,2016-03-31,2,,,,,,,,,,,,,,,,,,,,,,,,,,,,,30.00,,,,,,,false,false,12,2015-04-01,2016-03-31,0
2015-10-30,28750,2016-03-31,2,,,,,,,,,,,,,,,,,,,,,,,,,,,,,60.00,,,,,,,false,true,12,2015-04-01,2016-03-31,0
2015-10-30,28750,2016-03-31,2,,,,,,,,,,,,,,,,,,,,,,,,,,,,,,,,,110881044,8751260,102130144,false,false,6,2015-04-01,2015-09-30,0
2015-10-30,28750,2015-03-31,2,,,,,,,,,,,,,,,,,,,,,,,,,,,,,,,,,,,102134454,false,false,6,2014-04-01,2014-09-30,-1
2016-01-29,28750,2016-03-31,3,296580000000,0.013,,,,,22788000000,0.148,23791000000,0.123,,15785000000,,154.56,,,,,,355629000000,272910000000,0.737,,262251000000,,,,,,,,,,,,true,false,9,2015-04-01,2015-12-31,0
2016-01-29,28750,2015-03-31,3,292644000000,0.031,,,,,19846000000,-0.193,21190000000,-0.184,,14193000000,,138.97,,,,,,,,,,,,,,,,,,,,,,true,false,9,2014-04-01,2014-12-31,-1
2016-01-29,28750,2016-03-31,3,400000000000,0.049,,,,,28000000000,0.117,29000000000,0.089,,18000000000,,176.25,,,,,,,,,,,,,,,,,,,,,,true,true,12,2015-04-01,2016-03-31,0
2016-01-29,28750,2015-03-31,3,,,,,,,,,,,,,,,,,,,,333933000000,259949000000,0.748,,249707000000,,,,,,,,,,,,true,false,12,2014-04-01,2015-03-31,-1
2016-01-29,28750,2015-03-31,3,,,,,,,,,,,,,,,,,,,,,,,,,,,,,50.00,,,,110881044,8750654,,false,false,12,2014-04-01,2015-03-31,-1
2016-01-29,28750,2016-03-31,3,,,,,,,,,,,,,,,,,,,,,,,,,,,,,30.00,,,,,,,false,false,12,2015-04-01,2016-03-31,0
2016-01-29,28750,2016-03-31,3,,,,,,,,,,,,,,,,,,,,,,,,,,,,,60.00,,,,,,,false,true,12,2015-04-01,2016-03-31,0
2016-01-29,28750,2016-03-31,3,,,,,,,,,,,,,,,,,,,,,,,,,,,,,,,,,110881044,8751313,102130007,false,false,9,2015-04-01,2015-12-31,0
2016-01-29,28750,2015-03-31,3,,,,,,,,,,,,,,,,,,,,,,,,,,,,,,,,,,,102133205,false,false,9,2014-04-01,2014-12-31,-1
2016-05-13,28750,2016-03-31,,383276000000,0.005,,,,,28314000000,0.129,29489000000,0.107,,18363000000,,179.81,,0.073,0.087,0.074,,345396000000,266200000000,0.740,2501.03,255429000000,33262000000,-32695000000,-5912000000,27510000000,,0.334,,,,,,true,false,12,2015-04-01,2016-03-31,0
2016-05-13,28750,2015-03-31,,381259000000,0.024,,,,,25075000000,-0.180,26630000000,-0.174,,16901000000,,165.49,,0.071,0.083,0.066,,333933000000,259949000000,0.748,2444.99,249707000000,32641000000,-39976000000,-8987000000,33680000000,,0.302,,,,,,true,false,12,2014-04-01,2015-03-31,-1
2016-05-13,28750,2017-03-31,,191500000000,0.018,,,,,12800000000,0.023,13300000000,0.019,,9700000000,,94.98,,,,,,,,,,,,,,,,,,,,,,true,true,6,2016-04-01,2016-09-30,1
2016-05-13,28750,2017-03-31,,395000000000,0.031,,,,,29000000000,0.024,30000000000,0.017,,20500000000,,200.73,,,,,,,,,,,,,,,,0.299,,,,,,true,true,12,2016-04-01,2017-03-31,1
2016-05-13,28750,2016-03-31,,246359000000,0.035,,,,,10391000000,0.083,14705000000,0.068,11208000000,,0.112,109.70,,,,,,232476000000,146263000000,0.629,1431.45,146263000000,,,,,60.00,,,,110881044,8751393,102129919,false,false,12,2015-04-01,2016-03-31,0
2016-05-13,28750,2015-03-31,,238026000000,-0.015,,,,,9597000000,-0.249,13768000000,-0.255,10078000000,,-0.264,98.63,,,,,,218669000000,139842000000,0.640,1368.60,139842000000,,,,,50.00,,,,110881044,8750654,102132520,false,false,12,2014-04-01,2015-03-31,-1
2016-05-13,28750,2017-03-31,,,,,,,,,,,,,,,,,,,,,,,,,,,,,,60.00,,,,,,,false,true,12,2016-04-01,2017-03-31,1
2016-07-29,28750,2017-03-31,1,91073000000,-0.012,,,,,7212000000,0.174,7688000000,0.175,,5398000000,,52.86,,,,,,334492000000,260953000000,0.748,,250185000000,,,,,,,,,,,,true,false,3,2016-04-01,2016-06-30,0
2016-07-29,28750,2016-03-31,1,92136000000,0.071,,,,,6144000000,0.288,6542000000,0.258,,4175000000,,40.89,,,,,,,,,,,,,,,,,,,,,,true,false,3,2015-04-01,2015-06-30,-1
2016-07-29,28750,2017-03-31,1,191500000000,0.018,,,,,12800000000,0.023,13300000000,0.019,,9700000000,,94.98,,,,,,,,,,,,,,,,,,,,,,true,true,6,2016-04-01,2016-09-30,0
2016-07-29,28750,2017-03-31,1,395000000000,0.031,,,,,29000000000,0.024,30000000000,0.017,,20500000000,,200.73,,,,,,,,,,,,,,,,,,,,,,true,true,12,2016-04-01,2017-03-31,0
2016-07-29,28750,2016-03-31,1,,,,,,,,,,,,,,,,,,,,345396000000,266200000000,0.740,,255429000000,,,,,,,,,,,,true,false,12,2015-04-01,2016-03-31,-1
2016-07-29,28750,2016-03-31,1,,,,,,,,,,,,,,,,,,,,,,,,,,,,,60.00,,,,110881044,8751393,,false,false,12,2015-04-01,2016-03-31,-1
2016-07-29,28750,2017-03-31,1,,,,,,,,,,,,,,,,,,,,,,,,,,,,,60.00,,,,,,,false,true,12,2016-04-01,2017-03-31,0
2016-07-29,28750,2017-03-31,1,,,,,,,,,,,,,,,,,,,,,,,,,,,,,,,,,110881044,8751481,102129622,false,false,3,2016-04-01,2016-06-30,0
2016-07-29,28750,2016-03-31,1,,,,,,,,,,,,,,,,,,,,,,,,,,,,,,,,,,,102130299,false,false,3,2015-04-01,2015-06-30,-1
2016-10-31,28750,2017-03-31,2,182111000000,-0.031,,,,,13445000000,0.075,14211000000,0.089,,9832000000,,96.27,,,,,,342091000000,264185000000,0.740,,253278000000,,,,,,,,,,,,true,false,6,2016-04-01,2016-09-30,0
2016-10-31,28750,2016-03-31,2,188023000000,0.040,,,,,12508000000,0.174,13054000000,0.151,,8288000000,,81.15,,,,,,,,,,,,,,,,,,,,,,true,false,6,2015-04-01,2015-09-30,-1
2016-10-31,28750,2017-03-31,2,395000000000,0.031,,,,,29000000000,0.024,30000000000,0.017,,20500000000,,200.73,,,,,,,,,,,,,,,,,,,,,,true,true,12,2016-04-01,2017-03-31,0
2016-10-31,28750,2016-03-31,2,,,,,,,,,,,,,,,,,,,,345396000000,266200000000,0.740,,255429000000,,,,,,,,,,,,true,false,12,2015-04-01,2016-03-31,-1
2016-10-31,28750,2016-03-31,2,,,,,,,,,,,,,,,,,,,,,,,,,,,,,60.00,,,,110881044,8751393,,false,false,12,2015-04-01,2016-03-31,-1
2016-10-31,28750,2017-03-31,2,,,,,,,,,,,,,,,,,,,,,,,,,,,,,30.00,,,,,,,false,false,12,2016-04-01,2017-03-31,0
2016-10-31,28750,2017-03-31,2,,,,,,,,,,,,,,,,,,,,,,,,,,,,,60.00,,,,,,,false,true,12,2016-04-01,2017-03-31,0
2016-10-31,28750,2017-03-31,2,,,,,,,,,,,,,,,,,,,,,,,,,,,,,,,,,110881044,8751481,102129593,false,false,6,2016-04-01,2016-09-30,0
2016-10-31,28750,2016-03-31,2,,,,,,,,,,,,,,,,,,,,,,,,,,,,,,,,,,,102130144,false,false,6,2015-04-01,2015-09-30,-1
2017-01-31,28750,2017-03-31,3,294510000000,-0.007,,,,,24243000000,0.064,25816000000,0.085,,17253000000,,168.94,,,,,,364885000000,281078000000,0.740,,269950000000,,,,,,,,,,,,true,false,9,2016-04-01,2016-12-31,0
2017-01-31,28750,2016-03-31,3,296580000000,0.013,,,,,22788000000,0.148,23791000000,0.123,,15785000000,,154.56,,,,,,,,,,,,,,,,,,,,,,true,false,9,2015-04-01,2015-12-31,-1
2017-01-31,28750,2017-03-31,3,395000000000,0.031,,,,,29000000000,0.024,30000000000,0.017,,20500000000,,200.73,,,,,,,,,,,,,,,,,,,,,,true,true,12,2016-04-01,2017-03-31,0
2017-01-31,28750,2016-03-31,3,,,,,,,,,,,,,,,,,,,,345396000000,266200000000,0.740,,255429000000,,,,,,,,,,,,true,false,12,2015-04-01,2016-03-31,-1
2017-01-31,28750,2016-03-31,3,,,,,,,,,,,,,,,,,,,,,,,,,,,,,60.00,,,,110881044,8751393,,false,false,12,2015-04-01,2016-03-31,-1
2017-01-31,28750,2017-03-31,3,,,,,,,,,,,,,,,,,,,,,,,,,,,,,30.00,,,,,,,false,false,12,2016-04-01,2017-03-31,0
2017-01-31,28750,2017-03-31,3,,,,,,,,,,,,,,,,,,,,,,,,,,,,,60.00,,,,,,,false,true,12,2016-04-01,2017-03-31,0
2017-01-31,28750,2017-03-31,3,,,,,,,,,,,,,,,,,,,,,,,,,,,,,,,,,110881044,8751481,102129583,false,false,9,2016-04-01,2016-12-31,0
2017-01-31,28750,2016-03-31,3,,,,,,,,,,,,,,,,,,,,,,,,,,,,,,,,,,,102130007,false,false,9,2015-04-01,2015-12-31,-1
2017-05-12,28750,2017-03-31,,382678000000,-0.002,,,,,29486000000,0.041,31147000000,0.056,,20837000000,,204.03,,0.079,0.088,0.077,,361074000000,281795000000,0.751,2655.44,271198000000,33644000000,-30843000000,-6770000000,23228000000,,0.294,,,,,,true,false,12,2016-04-01,2017-03-31,0
2017-05-12,28750,2016-03-31,,383276000000,0.005,,,,,28314000000,0.129,29489000000,0.107,,18363000000,,179.81,,0.073,0.087,0.074,,345396000000,266200000000,0.740,2501.03,255429000000,33262000000,-32695000000,-5912000000,27510000000,,0.334,,,,,,true,false,12,2015-04-01,2016-03-31,-1
2017-05-12,28750,2018-03-31,,193000000000,0.060,,,,,13500000000,0.004,14500000000,0.020,,9500000000,,93.02,,,,,,,,,,,,,,,,,,,,,,true,true,6,2017-04-01,2017-09-30,1
2017-05-12,28750,2018-03-31,,400000000000,0.045,,,,,30000000000,0.017,31500000000,0.011,,21400000000,,209.54,,,,,,,,,,,,,,,,0.286,,,,,,true,true,12,2017-04-01,2018-03-31,1
2017-05-12,28750,2017-03-31,,249201000000,0.012,,,,,12176000000,0.172,17154000000,0.167,13659000000,,0.219,133.69,,,,,,242226000000,154566000000,0.638,1512.71,154566000000,,,,,60.00,,,,110881044,8751549,102129567,false,false,12,2016-04-01,2017-03-31,0
2017-05-12,28750,2016-03-31,,246359000000,0.035,,,,,10391000000,0.083,14705000000,0.068,11208000000,,0.112,109.70,,,,,,232476000000,146263000000,0.629,1431.45,146263000000,,,,,60.00,,,,110881044,8751393,102129919,false,false,12,2015-04-01,2016-03-31,-1
2017-05-12,28750,2018-03-31,,,,,,,,,,,,,,,,,,,,,,,,,,,,,,60.00,,,,,,,false,true,12,2017-04-01,2018-03-31,1
2017-07-31,28750,2018-03-31,1,93249000000,0.024,,,,,6399000000,-0.113,6938000000,-0.097,,4644000000,,45.48,,,,,,360331000000,284141000000,0.759,,273452000000,,,,,,,,,,,,true,false,3,2017-04-01,2017-06-30,0
2017-07-31,28750,2017-03-31,1,91073000000,-0.012,,,,,7212000000,0.174,7688000000,0.175,,5398000000,,52.86,,,,,,,,,,,,,,,,,,,,,,true,false,3,2016-04-01,2016-06-30,-1
2017-07-31,28750,2018-03-31,1,193000000000,0.060,,,,,13500000000,0.004,14500000000,0.020,,9500000000,,93.02,,,,,,,,,,,,,,,,,,,,,,true,true,6,2017-04-01,2017-09-30,0
2017-07-31,28750,2018-03-31,1,400000000000,0.045,,,,,30000000000,0.017,31500000000,0.011,,21400000000,,209.54,,,,,,,,,,,,,,,,,,,,,,true,true,12,2017-04-01,2018-03-31,0
2017-07-31,28750,2017-03-31,1,,,,,,,,,,,,,,,,,,,,361074000000,281795000000,0.751,,271198000000,,,,,,,,,,,,true,false,12,2016-04-01,2017-03-31,-1
2017-07-31,28750,2017-03-31,1,,,,,,,,,,,,,,,,,,,,,,,,,,,,,60.00,,,,110881044,8751549,,false,false,12,2016-04-01,2017-03-31,-1
2017-07-31,28750,2018-03-31,1,,,,,,,,,,,,,,,,,,,,,,,,,,,,,60.00,,,,,,,false,true,12,2017-04-01,2018-03-31,0
2017-07-31,28750,2018-03-31,1,,,,,,,,,,,,,,,,,,,,,,,,,,,,,,,,,110881044,8751549,102129495,false,false,3,2017-04-01,2017-06-30,0
2017-07-31,28750,2017-03-31,1,,,,,,,,,,,,,,,,,,,,,,,,,,,,,,,,,,,102129622,false,false,3,2016-04-01,2016-06-30,-1
2017-10-31,28750,2018-03-31,2,189974000000,0.043,,,,,12792000000,-0.049,13910000000,-0.021,,8789000000,,86.06,,,,,,368696000000,289234000000,0.755,,278383000000,,,,,,,,,,,,true,false,6,2017-04-01,2017-09-30,0
2017-10-31,28750,2017-03-31,2,182111000000,-0.031,,,,,13445000000,0.075,14211000000,0.089,,9832000000,,96.27,,,,,,,,,,,,,,,,,,,,,,true,false,6,2016-04-01,2016-09-30,-1
2017-10-31,28750,2018-03-31,2,400000000000,0.045,,,,,30000000000,0.017,31500000000,0.011,,21400000000,,209.54,,,,,,,,,,,,,,,,,,,,,,true,true,12,2017-04-01,2018-03-31,0
2017-10-31,28750,2017-03-31,2,,,,,,,,,,,,,,,,,,,,361074000000,281795000000,0.751,,271198000000,,,,,,,,,,,,true,false,12,2016-04-01,2017-03-31,-1
2017-10-31,28750,2017-03-31,2,,,,,,,,,,,,,,,,,,,,,,,,,,,,,60.00,,,,110881044,8751549,,false,false,12,2016-04-01,2017-03-31,-1
2017-10-31,28750,2018-03-31,2,,,,,,,,,,,,,,,,,,,,,,,,,,,,,30.00,,,,,,,false,false,12,2017-04-01,2018-03-31,0
2017-10-31,28750,2018-03-31,2,,,,,,,,,,,,,,,,,,,,,,,,,,,,,60.00,,,,,,,false,true,12,2017-04-01,2018-03-31,0
2017-10-31,28750,2018-03-31,2,,,,,,,,,,,,,,,,,,,,,,,,,,,,,,,,,110881044,8751813,102129392,false,false,6,2017-04-01,2017-09-30,0
2017-10-31,28750,2017-03-31,2,,,,,,,,,,,,,,,,,,,,,,,,,,,,,,,,,,,102129593,false,false,6,2016-04-01,2016-09-30,-1
2018-01-31,28750,2018-03-31,3,299479000000,0.017,,,,,22306000000,-0.080,24045000000,-0.069,,16273000000,,159.34,,,,,,381450000000,295375000000,0.745,,284337000000,,,,,,,,,,,,true,false,9,2017-04-01,2017-12-31,0
2018-01-31,28750,2017-03-31,3,294510000000,-0.007,,,,,24243000000,0.064,25816000000,0.085,,17253000000,,168.94,,,,,,,,,,,,,,,,,,,,,,true,false,9,2016-04-01,2016-12-31,-1
2018-01-31,28750,2018-03-31,3,400000000000,0.045,,,,,30000000000,0.017,31500000000,0.011,,21400000000,,209.54,,,,,,,,,,,,,,,,,,,,,,true,true,12,2017-04-01,2018-03-31,0
2018-01-31,28750,2017-03-31,3,,,,,,,,,,,,,,,,,,,,361074000000,281795000000,0.751,,271198000000,,,,,,,,,,,,true,false,12,2016-04-01,2017-03-31,-1
2018-01-31,28750,2017-03-31,3,,,,,,,,,,,,,,,,,,,,,,,,,,,,,60.00,,,,110881044,8751549,,false,false,12,2016-04-01,2017-03-31,-1
2018-01-31,28750,2018-03-31,3,,,,,,,,,,,,,,,,,,,,,,,,,,,,,30.00,,,,,,,false,false,12,2017-04-01,2018-03-31,0
2018-01-31,28750,2018-03-31,3,,,,,,,,,,,,,,,,,,,,,,,,,,,,,60.00,,,,,,,false,true,12,2017-04-01,2018-03-31,0
2018-01-31,28750,2018-03-31,3,,,,,,,,,,,,,,,,,,,,,,,,,,,,,,,,,110881044,8751888,102129322,false,false,9,2017-04-01,2017-12-31,0
2018-01-31,28750,2017-03-31,3,,,,,,,,,,,,,,,,,,,,,,,,,,,,,,,,,,,102129583,false,false,9,2016-04-01,2016-12-31,-1
2018-05-11,28750,2018-03-31,,388797000000,0.016,,,,,26652000000,-0.096,28571000000,-0.083,,18431000000,,180.47,,0.067,0.078,0.069,,373483000000,290881000000,0.749,2740.72,279907000000,29370000000,-20384000000,-6482000000,25409000000,,0.333,,,,,,true,false,12,2017-04-01,2018-03-31,0
2018-05-11,28750,2017-03-31,,382678000000,-0.002,,,,,29486000000,0.041,31147000000,0.056,,20837000000,,204.03,,0.079,0.088,0.077,,361074000000,281795000000,0.751,2655.44,271198000000,33644000000,-30843000000,-6770000000,23228000000,,0.294,,,,,,true,false,12,2016-04-01,2017-03-31,-1
2018-05-11,28750,2019-03-31,,196000000000,0.032,,,,,12000000000,-0.062,13000000000,-0.065,,9000000000,,88.12,,,,,,,,,,,,,,,,,,,,,,true,true,6,2018-04-01,2018-09-30,1
2018-05-11,28750,2019-03-31,,405000000000,0.042,,,,,25500000000,-0.043,27500000000,-0.038,,19100000000,,187.02,,,,,,,,,,,,,,,,0.321,,,,,,true,true,12,2018-04-01,2019-03-31,1
2018-05-11,28750,2018-03-31,,252992000000,0.015,,,,,11970000000,-0.017,17269000000,0.007,12233000000,,-0.104,119.73,,,,,,244082000000,161395000000,0.661,1579.55,161395000000,,,,,60.00,,,,110881044,8751898,102129278,false,false,12,2017-04-01,2018-03-31,0
2018-05-11,28750,2017-03-31,,249201000000,0.012,,,,,12176000000,0.172,17154000000,0.167,13659000000,,0.219,133.69,,,,,,242226000000,154566000000,0.638,1512.71,154566000000,,,,,60.00,,,,110881044,8751549,102129567,false,false,12,2016-04-01,2017-03-31,-1
2018-05-11,28750,2019-03-31,,,,,,,,,,,,,,,,,,,,,,,,,,,,,,60.00,,,,,,,false,true,12,2018-04-01,2019-03-31,1
2018-07-31,28750,2019-03-31,1,96749000000,0.038,,,,,6485000000,0.014,7207000000,0.039,,5107000000,,50.01,,,,,,374959000000,297634000000,0.765,,286670000000,,,,,,,,,,,,true,false,3,2018-04-01,2018-06-30,0
2018-07-31,28750,2018-03-31,1,93249000000,0.024,,,,,6399000000,-0.113,6938000000,-0.097,,4644000000,,45.48,,,,,,,,,,,,,,,,,,,,,,true,false,3,2017-04-01,2017-06-30,-1
2018-07-31,28750,2019-03-31,1,196000000000,0.032,,,,,12000000000,-0.062,13000000000,-0.065,,9000000000,,88.12,,,,,,,,,,,,,,,,,,,,,,true,true,6,2018-04-01,2018-09-30,0
2018-07-31,28750,2019-03-31,1,405000000000,0.042,,,,,25500000000,-0.043,27500000000,-0.038,,19100000000,,187.02,,,,,,,,,,,,,,,,,,,,,,true,true,12,2018-04-01,2019-03-31,0
2018-07-31,28750,2018-03-31,1,,,,,,,,,,,,,,,,,,,,371842000000,290881000000,0.753,,279907000000,,,,,,,,,,,,true,false,12,2017-04-01,2018-03-31,-1
2018-07-31,28750,2018-03-31,1,,,,,,,,,,,,,,,,,,,,,,,,,,,,,60.00,,,,110881044,8751898,,false,false,12,2017-04-01,2018-03-31,-1
2018-07-31,28750,2019-03-31,1,,,,,,,,,,,,,,,,,,,,,,,,,,,,,60.00,,,,,,,false,true,12,2018-04-01,2019-03-31,0
2018-07-31,28750,2019-03-31,1,,,,,,,,,,,,,,,,,,,,,,,,,,,,,,,,,110881044,8751898,102129146,false,false,3,2018-04-01,2018-06-30,0
2018-07-31,28750,2018-03-31,1,,,,,,,,,,,,,,,,,,,,,,,,,,,,,,,,,,,102129495,false,false,3,2017-04-01,2017-06-30,-1
2018-10-31,28750,2019-03-31,2,196451000000,0.034,,,,,11572000000,-0.095,12665000000,-0.089,,8529000000,,83.52,,,,,,385620000000,303906000000,0.760,,292876000000,,,,,,,,,,,,true,false,6,2018-04-01,2018-09-30,0
2018-10-31,28750,2018-03-31,2,189974000000,0.043,,,,,12792000000,-0.049,13910000000,-0.021,,8789000000,,86.06,,,,,,,,,,,,,,,,,,,,,,true,false,6,2017-04-01,2017-09-30,-1
2018-10-31,28750,2019-03-31,2,405000000000,0.042,,,,,25500000000,-0.043,27500000000,-0.038,,19100000000,,187.02,,,,,,,,,,,,,,,,,,,,,,true,true,12,2018-04-01,2019-03-31,0
2018-10-31,28750,2018-03-31,2,,,,,,,,,,,,,,,,,,,,371842000000,290881000000,0.753,,279907000000,,,,,,,,,,,,true,false,12,2017-04-01,2018-03-31,-1
2018-10-31,28750,2018-03-31,2,,,,,,,,,,,,,,,,,,,,,,,,,,,,,60.00,,,,110881044,8751898,,false,false,12,2017-04-01,2018-03-31,-1
2018-10-31,28750,2019-03-31,2,,,,,,,,,,,,,,,,,,,,,,,,,,,,,30.00,,,,,,,false,false,12,2018-04-01,2019-03-31,0
2018-10-31,28750,2019-03-31,2,,,,,,,,,,,,,,,,,,,,,,,,,,,,,60.00,,,,,,,false,true,12,2018-04-01,2019-03-31,0
2018-10-31,28750,2019-03-31,2,,,,,,,,,,,,,,,,,,,,,,,,,,,,,,,,,110881044,8751984,102129126,false,false,6,2018-04-01,2018-09-30,0
2018-10-31,28750,2018-03-31,2,,,,,,,,,,,,,,,,,,,,,,,,,,,,,,,,,,,102129392,false,false,6,2017-04-01,2017-09-30,-1
2019-01-31,28750,2019-03-31,3,306121000000,0.022,,,,,19797000000,-0.112,21655000000,-0.099,,14736000000,,144.30,,,,,,387649000000,303118000000,0.754,,292120000000,,,,,,,,,,,,true,false,9,2018-04-01,2018-12-31,0
2019-01-31,28750,2018-03-31,3,299479000000,0.017,,,,,22306000000,-0.080,24045000000,-0.069,,16273000000,,159.34,,,,,,,,,,,,,,,,,,,,,,true,false,9,2017-04-01,2017-12-31,-1
2019-01-31,28750,2019-03-31,3,405000000000,0.042,,,,,25500000000,-0.043,27500000000,-0.038,,19100000000,,187.02,,,,,,,,,,,,,,,,,,,,,,true,true,12,2018-04-01,2019-03-31,0
2019-01-31,28750,2018-03-31,3,,,,,,,,,,,,,,,,,,,,371842000000,290881000000,0.753,,279907000000,,,,,,,,,,,,true,false,12,2017-04-01,2018-03-31,-1
2019-01-31,28750,2018-03-31,3,,,,,,,,,,,,,,,,,,,,,,,,,,,,,60.00,,,,110881044,8751898,,false,false,12,2017-04-01,2018-03-31,-1
2019-01-31,28750,2019-03-31,3,,,,,,,,,,,,,,,,,,,,,,,,,,,,,30.00,,,,,,,false,false,12,2018-04-01,2019-03-31,0
2019-01-31,28750,2019-03-31,3,,,,,,,,,,,,,,,,,,,,,,,,,,,,,60.00,,,,,,,false,true,12,2018-04-01,2019-03-31,0
2019-01-31,28750,2019-03-31,3,,,,,,,,,,,,,,,,,,,,,,,,,,,,,,,,,110881044,8752134,102129080,false,false,9,2018-04-01,2018-12-31,0
2019-01-31,28750,2018-03-31,3,,,,,,,,,,,,,,,,,,,,,,,,,,,,,,,,,,,102129322,false,false,9,2017-04-01,2017-12-31,-1
2019-05-10,28750,2019-03-31,,401064000000,0.032,,,,,23661000000,-0.112,26169000000,-0.084,,18438000000,,180.54,,0.064,0.069,0.059,,390190000000,307729000000,0.760,2904.55,296638000000,31028000000,-27358000000,-6163000000,23286000000,,0.388,,,,,,true,false,12,2018-04-01,2019-03-31,0
2019-05-10,28750,2018-03-31,,388797000000,0.016,,,,,26652000000,-0.096,28571000000,-0.083,,18431000000,,180.47,,0.067,0.078,0.069,,371842000000,290881000000,0.753,2740.72,279907000000,29370000000,-20384000000,-6482000000,25409000000,,0.333,,,,,,true,false,12,2017-04-01,2018-03-31,-1
2019-05-10,28750,2020-03-31,,204000000000,0.038,,,,,12000000000,0.037,13200000000,0.042,,9500000000,,93.02,,,,,,,,,,,,,,,,,,,,,,true,true,6,2019-04-01,2019-09-30,1
2019-05-10,28750,2020-03-31,,420000000000,0.047,,,,,27000000000,0.141,29500000000,0.127,,21000000000,,205.62,,,,,,,,,,,,,,,,0.389,,,,,,true,true,12,2019-04-01,2020-03-31,1
2019-05-10,28750,2019-03-31,,252384000000,-0.002,,,,,9974000000,-0.167,14798000000,-0.143,11239000000,,-0.081,110.00,,,,,,243431000000,167012000000,0.686,1634.52,167012000000,,,,,70.00,,,,110881044,8752148,102129034,false,false,12,2018-04-01,2019-03-31,0
2019-05-10,28750,2018-03-31,,252992000000,0.015,,,,,11970000000,-0.017,17269000000,0.007,12233000000,,-0.104,119.73,,,,,,243088000000,161395000000,0.664,1579.55,161395000000,,,,,60.00,,,,110881044,8751898,102129278,false,false,12,2017-04-01,2018-03-31,-1
2019-05-10,28750,2020-03-31,,,,,,,,,,,,,,,,,,,,,,,,,,,,,,80.00,,,,,,,false,true,12,2019-04-01,2020-03-31,1
2019-07-31,28750,2020-03-31,1,97758000000,0.010,,,,,5824000000,-0.102,6727000000,-0.066,,4761000000,,46.63,,,,,,382191000000,304358000000,0.767,,293236000000,,,,,,,,,,,,true,false,3,2019-04-01,2019-06-30,0
2019-07-31,28750,2019-03-31,1,96749000000,0.038,,,,,6485000000,0.014,7207000000,0.039,,5107000000,,50.01,,,,,,,,,,,,,,,,,,,,,,true,false,3,2018-04-01,2018-06-30,-1
2019-07-31,28750,2020-03-31,1,204000000000,0.038,,,,,12000000000,0.037,13200000000,0.042,,9500000000,,93.02,,,,,,,,,,,,,,,,,,,,,,true,true,6,2019-04-01,2019-09-30,0
2019-07-31,28750,2020-03-31,1,420000000000,0.047,,,,,27000000000,0.141,29500000000,0.127,,21000000000,,205.62,,,,,,,,,,,,,,,,,,,,,,true,true,12,2019-04-01,2020-03-31,0
2019-07-31,28750,2019-03-31,1,,,,,,,,,,,,,,,,,,,,390190000000,307729000000,0.760,,296638000000,,,,,,,,,,,,true,false,12,2018-04-01,2019-03-31,-1
2019-07-31,28750,2019-03-31,1,,,,,,,,,,,,,,,,,,,,,,,,,,,,,70.00,,,,110881044,8752148,,false,false,12,2018-04-01,2019-03-31,-1
2019-07-31,28750,2020-03-31,1,,,,,,,,,,,,,,,,,,,,,,,,,,,,,80.00,,,,,,,false,true,12,2019-04-01,2020-03-31,0
2019-07-31,28750,2020-03-31,1,,,,,,,,,,,,,,,,,,,,,,,,,,,,,,,,,110881044,8752341,102128706,false,false,3,2019-04-01,2019-06-30,0
2019-07-31,28750,2019-03-31,1,,,,,,,,,,,,,,,,,,,,,,,,,,,,,,,,,,,102129146,false,false,3,2018-04-01,2018-06-30,-1
2019-10-31,28750,2020-03-31,2,198345000000,0.010,,,,,11664000000,0.008,13229000000,0.045,,9571000000,,93.72,,,,,,387978000000,309256000000,0.768,,298107000000,,,,,,,,,,,,true,false,6,2019-04-01,2019-09-30,0
2019-10-31,28750,2019-03-31,2,196451000000,0.034,,,,,11572000000,-0.095,12665000000,-0.089,,8529000000,,83.52,,,,,,,,,,,,,,,,,,,,,,true,false,6,2018-04-01,2018-09-30,-1
2019-10-31,28750,2020-03-31,2,420000000000,0.047,,,,,27000000000,0.141,29500000000,0.127,,21000000000,,205.62,,,,,,,,,,,,,,,,,,,,,,true,true,12,2019-04-01,2020-03-31,0
2019-10-31,28750,2019-03-31,2,,,,,,,,,,,,,,,,,,,,390190000000,307729000000,0.760,,296638000000,,,,,,,,,,,,true,false,12,2018-04-01,2019-03-31,-1
2019-10-31,28750,2019-03-31,2,,,,,,,,,,,,,,,,,,,,,,,,,,,,,70.00,,,,110881044,8752148,,false,false,12,2018-04-01,2019-03-31,-1
2019-10-31,28750,2020-03-31,2,,,,,,,,,,,,,,,,,,,,,,,,,,,,,40.00,,,,,,,false,false,12,2019-04-01,2020-03-31,0
2019-10-31,28750,2020-03-31,2,,,,,,,,,,,,,,,,,,,,,,,,,,,,,80.00,,,,,,,false,true,12,2019-04-01,2020-03-31,0
2019-10-31,28750,2020-03-31,2,,,,,,,,,,,,,,,,,,,,,,,,,,,,,,,,,110881044,8752506,102128622,false,false,6,2019-04-01,2019-09-30,0
2019-10-31,28750,2019-03-31,2,,,,,,,,,,,,,,,,,,,,,,,,,,,,,,,,,,,102129126,false,false,6,2018-04-01,2018-09-30,-1
2020-01-31,28750,2020-03-31,3,313898000000,0.025,,,,,21887000000,0.106,24305000000,0.122,,17247000000,,168.88,,,,,,400587000000,314704000000,0.757,,303407000000,,,,,,,,,,,,true,false,9,2019-04-01,2019-12-31,0
2020-01-31,28750,2019-03-31,3,306121000000,0.022,,,,,19797000000,-0.112,21655000000,-0.099,,14736000000,,144.30,,,,,,,,,,,,,,,,,,,,,,true,false,9,2018-04-01,2018-12-31,-1
2020-01-31,28750,2020-03-31,3,420000000000,0.047,,,,,27000000000,0.141,29500000000,0.127,,21000000000,,205.62,,,,,,,,,,,,,,,,,,,,,,true,true,12,2019-04-01,2020-03-31,0
2020-01-31,28750,2019-03-31,3,,,,,,,,,,,,,,,,,,,,390190000000,307729000000,0.760,,296638000000,,,,,,,,,,,,true,false,12,2018-04-01,2019-03-31,-1
2020-01-31,28750,2019-03-31,3,,,,,,,,,,,,,,,,,,,,,,,,,,,,,70.00,,,,110881044,8752148,,false,false,12,2018-04-01,2019-03-31,-1
2020-01-31,28750,2020-03-31,3,,,,,,,,,,,,,,,,,,,,,,,,,,,,,40.00,,,,,,,false,false,12,2019-04-01,2020-03-31,0
2020-01-31,28750,2020-03-31,3,,,,,,,,,,,,,,,,,,,,,,,,,,,,,80.00,,,,,,,false,true,12,2019-04-01,2020-03-31,0
2020-01-31,28750,2020-03-31,3,,,,,,,,,,,,,,,,,,,,,,,,,,,,,,,,,110881044,8752522,102128593,false,false,9,2019-04-01,2019-12-31,0
2020-01-31,28750,2019-03-31,3,,,,,,,,,,,,,,,,,,,,,,,,,,,,,,,,,,,102129080,false,false,9,2018-04-01,2018-12-31,-1
2020-05-15,28750,2020-03-31,,416031000000,0.037,,,,,28348000000,0.198,31350000000,0.198,,23379000000,,228.92,,0.078,0.079,0.068,,402608000000,317994000000,0.762,3002.58,306648000000,47692000000,-18454000000,-8912000000,43396000000,,0.350,,,,,,true,false,12,2019-04-01,2020-03-31,0
2020-05-15,28750,2019-03-31,,401064000000,0.032,,,,,23661000000,-0.112,26169000000,-0.084,,18438000000,,180.54,,0.064,0.069,0.059,,390190000000,307729000000,0.760,2904.55,296638000000,31028000000,-27358000000,-6163000000,23286000000,,0.388,,,,,,true,false,12,2018-04-01,2019-03-31,-1
2020-05-15,28750,2021-03-31,,207000000000,0.044,,,,,14000000000,0.200,15000000000,0.134,,12000000000,,117.50,,,,,,,,,,,,,,,,,,,,,,true,true,6,2020-04-01,2020-09-30,1
2020-05-15,28750,2021-03-31,,426000000000,0.024,,,,,30500000000,0.076,33000000000,0.053,,26000000000,,254.58,,,,,,,,,,,,,,,,0.314,,,,,,true,true,12,2020-04-01,2021-03-31,1
2020-05-15,28750,2020-03-31,,264895000000,0.050,,,,,12957000000,0.299,18326000000,0.238,14675000000,,0.306,143.63,,,,,,252795000000,171155000000,0.677,1675.08,171155000000,,,,,80.00,,,,110881044,8752690,102128546,false,false,12,2019-04-01,2020-03-31,0
2020-05-15,28750,2019-03-31,,252384000000,-0.002,,,,,9974000000,-0.167,14798000000,-0.143,11239000000,,-0.081,110.00,,,,,,243431000000,167012000000,0.686,1634.52,167012000000,,,,,70.00,,,,110881044,8752148,102129034,false,false,12,2018-04-01,2019-03-31,-1
2020-05-15,28750,2021-03-31,,,,,,,,,,,,,,,,,,,,,,,,,,,,,,80.00,,,,,,,false,true,12,2020-04-01,2021-03-31,1
2020-07-31,28750,2021-03-31,1,104304000000,0.067,,,,,10379000000,0.782,11060000000,0.644,,8400000000,,82.26,,,,,,403301000000,321787000000,0.769,,310265000000,,,,,,,,,,,,true,false,3,2020-04-01,2020-06-30,0
2020-07-31,28750,2020-03-31,1,97758000000,0.010,,,,,5824000000,-0.102,6727000000,-0.066,,4761000000,,46.63,,,,,,,,,,,,,,,,,,,,,,true,false,3,2019-04-01,2019-06-30,-1
2020-07-31,28750,2021-03-31,1,207000000000,0.044,,,,,14000000000,0.200,15000000000,0.134,,12000000000,,117.50,,,,,,,,,,,,,,,,,,,,,,true,true,6,2020-04-01,2020-09-30,0
2020-07-31,28750,2021-03-31,1,426000000000,0.024,,,,,30500000000,0.076,33000000000,0.053,,26000000000,,254.58,,,,,,,,,,,,,,,,,,,,,,true,true,12,2020-04-01,2021-03-31,0
2020-07-31,28750,2020-03-31,1,,,,,,,,,,,,,,,,,,,,402608000000,317994000000,0.762,,306648000000,,,,,,,,,,,,true,false,12,2019-04-01,2020-03-31,-1
2020-07-31,28750,2020-03-31,1,,,,,,,,,,,,,,,,,,,,,,,,,,,,,80.00,,,,110881044,8752690,,false,false,12,2019-04-01,2020-03-31,-1
2020-07-31,28750,2021-03-31,1,,,,,,,,,,,,,,,,,,,,,,,,,,,,,80.00,,,,,,,false,true,12,2020-04-01,2021-03-31,0
2020-07-31,28750,2021-03-31,1,,,,,,,,,,,,,,,,,,,,,,,,,,,,,,,,,110881044,8752784,102128323,false,false,3,2020-04-01,2020-06-30,0
2020-07-31,28750,2020-03-31,1,,,,,,,,,,,,,,,,,,,,,,,,,,,,,,,,,,,102128706,false,false,3,2019-04-01,2019-06-30,-1
2020-10-28,28750,2021-03-31,,203500000000,-0.017,,,,,18000000000,0.285,19000000000,0.266,,14500000000,,141.98,,,,,,,,,,,,,,,,,,,,,,true,true,6,2020-04-01,2020-09-30,0
2020-10-28,28750,2020-03-31,,198345000000,,,,,,11664000000,,13229000000,,,9571000000,,93.72,,,,,,,,,,,,,,,,,,,,,,true,false,6,2019-04-01,2019-09-30,-1
2020-10-28,28750,2021-03-31,,426000000000,,,,,,34500000000,0.131,37000000000,0.121,,28500000000,,279.06,,,,,,,,,,,,,,,,,,,,,,true,true,12,2020-04-01,2021-03-31,0
2020-10-28,28750,2020-03-31,,416031000000,,,,,,28348000000,,31350000000,,,23379000000,,228.92,,,,,,,,,,,,,,,,,,,,,,true,false,12,2019-04-01,2020-03-31,-1
2020-10-30,2875,2021-03-31,2,203594000000,0.026,,,,,18134000000,0.555,19266000000,0.456,,14704000000,,143.98,,,,,,407294000000,326897000000,0.774,,315252000000,,,,,,,,,,,,true,false,6,2020-04-01,2020-09-30,0
2020-10-30,2875,2020-03-31,2,198345000000,0.010,,,,,11664000000,0.008,13229000000,0.045,,9571000000,,93.72,,,,,,,,,,,,,,,,,,,,,,true,false,6,2019-04-01,2019-09-30,-1
2020-10-30,2875,2021-03-31,2,426000000000,0.024,,,,,34500000000,0.217,37000000000,0.180,,28500000000,,279.06,,,,,,,,,,,,,,,,,,,,,,true,true,12,2020-04-01,2021-03-31,0
2020-10-30,2875,2020-03-31,2,,,,,,,,,,,,,,,,,,,,402608000000,317994000000,0.762,,306648000000,,,,,,,,,,,,true,false,12,2019-04-01,2020-03-31,-1
2020-10-30,2875,2020-03-31,2,,,,,,,,,,,,,,,,,,,,,,,,,,,,,80.00,,,,110881044,8752690,,false,false,12,2019-04-01,2020-03-31,-1
2020-10-30,2875,2021-03-31,2,,,,,,,,,,,,,,,,,,,,,,,,,,,,,40.00,,,,,,,false,false,12,2020-04-01,2021-03-31,0
2020-10-30,2875,2021-03-31,2,,,,,,,,,,,,,,,,,,,,,,,,,,,,,80.00,,,,,,,false,true,12,2020-04-01,2021-03-31,0
2020-10-30,2875,2021-03-31,2,,,,,,,,,,,,,,,,,,,,,,,,,,,,,,,,,110881044,8753003,102128191,false,false,6,2020-04-01,2020-09-30,0
2020-10-30,2875,2020-03-31,2,,,,,,,,,,,,,,,,,,,,,,,,,,,,,,,,,,,102128622,false,false,6,2019-04-01,2019-09-30,-1
2021-01-29,2875,2021-03-31,3,314890000000,0.003,,,,,29059000000,0.328,30701000000,0.263,,22699000000,,222.26,,,,,,413567000000,328462000000,0.766,,316705000000,,,,,,,,,,,,true,false,9,2020-04-01,2020-12-31,0
2021-01-29,2875,2020-03-31,3,313898000000,0.025,,,,,21887000000,0.106,24305000000,0.122,,17247000000,,168.88,,,,,,,,,,,,,,,,,,,,,,true,false,9,2019-04-01,2019-12-31,-1
2021-01-29,2875,2021-03-31,3,426000000000,0.024,,,,,34500000000,0.217,37000000000,0.180,,28500000000,,279.06,,,,,,,,,,,,,,,,,,,,,,true,true,12,2020-04-01,2021-03-31,0
2021-01-29,2875,2020-03-31,3,,,,,,,,,,,,,,,,,,,,402608000000,317994000000,0.762,,306648000000,,,,,,,,,,,,true,false,12,2019-04-01,2020-03-31,-1
2021-01-29,2875,2020-03-31,3,,,,,,,,,,,,,,,,,,,,,,,,,,,,,80.00,,,,110881044,8752690,,false,false,12,2019-04-01,2020-03-31,-1
2021-01-29,2875,2021-03-31,3,,,,,,,,,,,,,,,,,,,,,,,,,,,,,40.00,,,,,,,false,false,12,2020-04-01,2021-03-31,0
2021-01-29,2875,2021-03-31,3,,,,,,,,,,,,,,,,,,,,,,,,,,,,,80.00,,,,,,,false,true,12,2020-04-01,2021-03-31,0
2021-01-29,2875,2021-03-31,3,,,,,,,,,,,,,,,,,,,,,,,,,,,,,,,,,110881044,8753109,102128124,false,false,9,2020-04-01,2020-12-31,0
2021-01-29,2875,2020-03-31,3,,,,,,,,,,,,,,,,,,,,,,,,,,,,,,,,,,,102128593,false,false,9,2019-04-01,2019-12-31,-1
2021-05-14,2875,2021-03-31,,417511000000,0.004,,,,,36460000000,0.286,38697000000,0.234,,29070000000,,284.64,,0.091,0.093,0.087,,426071000000,343319000000,0.778,3245.53,331459000000,47783000000,-49985000000,-8591000000,32832000000,,0.316,,,,,,true,false,12,2020-04-01,2021-03-31,0
2021-05-14,2875,2020-03-31,,416031000000,0.037,,,,,28348000000,0.198,31350000000,0.198,,23379000000,,228.92,,0.078,0.079,0.068,,402608000000,317994000000,0.762,3002.58,306648000000,47692000000,-18454000000,-8912000000,43396000000,,0.350,,,,,,true,false,12,2019-04-01,2020-03-31,-1
2021-05-14,2875,2022-03-31,,171500000000,,,,,,15000000000,,16000000000,,,11500000000,,112.60,,,,,,,,,,,,,,,,,,,,,,true,true,6,2021-04-01,2021-09-30,1
2021-05-14,2875,2022-03-31,,353500000000,,,,,,33500000000,,35000000000,,,26000000000,,254.58,,,,,,,,,,,,,,,,0.354,,,,,,true,true,12,2021-04-01,2022-03-31,1
2021-05-14,2875,2021-03-31,,268730000000,0.015,,,,,17023000000,0.314,23071000000,0.259,17767000000,,0.211,173.89,,,,,,262910000000,182234000000,0.693,1783.52,182234000000,,,,,90.00,,,,110881044,8753164,102128064,false,false,12,2020-04-01,2021-03-31,0
2021-05-14,2875,2020-03-31,,264895000000,0.050,,,,,12957000000,0.299,18326000000,0.238,14675000000,,0.306,143.63,,,,,,252795000000,171155000000,0.677,1675.08,171155000000,,,,,80.00,,,,110881044,8752690,102128546,false,false,12,2019-04-01,2020-03-31,-1
2021-05-14,2875,2022-03-31,,,,,,,,,,,,,,,,,,,,,,,,,,,,,,90.00,,,,,,,false,true,12,2021-04-01,2022-03-31,1
2021-07-30,2875,2022-03-31,1,83640000000,-0.023,,,,,8399000000,-0.191,8996000000,-0.187,,6440000000,,63.06,,,,,,424304000000,343930000000,0.783,,332025000000,,,,,,,,,,,,true,false,3,2021-04-01,2021-06-30,0
2021-07-30,2875,2021-03-31,1,85638000000,,,,,,10379000000,0.782,11060000000,0.644,,8400000000,,82.26,,,,,,,,,,,,,,,,,,,,,,true,false,3,2020-04-01,2020-06-30,-1
2021-07-30,2875,2022-03-31,1,171500000000,0.028,,,,,15000000000,-0.173,16000000000,-0.170,,11500000000,,112.60,,,,,,,,,,,,,,,,,,,,,,true,true,6,2021-04-01,2021-09-30,0
2021-07-30,2875,2022-03-31,1,353500000000,0.037,,,,,33500000000,-0.081,35000000000,-0.096,,26000000000,,254.58,,,,,,,,,,,,,,,,,,,,,,true,true,12,2021-04-01,2022-03-31,0
2021-07-30,2875,2021-03-31,1,,,,,,,,,,,,,,,,,,,,428651000000,343319000000,0.773,,331459000000,,,,,,,,,,,,true,false,12,2020-04-01,2021-03-31,-1
2021-07-30,2875,2021-03-31,1,,,,,,,,,,,,,,,,,,,,,,,,,,,,,90.00,,,,110881044,8753164,,false,false,12,2020-04-01,2021-03-31,-1
2021-07-30,2875,2022-03-31,1,,,,,,,,,,,,,,,,,,,,,,,,,,,,,90.00,,,,,,,false,true,12,2021-04-01,2022-03-31,0
2021-07-30,2875,2022-03-31,1,,,,,,,,,,,,,,,,,,,,,,,,,,,,,,,,,110881044,8753179,102127870,false,false,3,2021-04-01,2021-06-30,0
2021-07-30,2875,2021-03-31,1,,,,,,,,,,,,,,,,,,,,,,,,,,,,,,,,,,,102128323,false,false,3,2020-04-01,2020-06-30,-1
2021-10-29,2875,2022-03-31,2,170498000000,0.022,,,,,14796000000,-0.184,15717000000,-0.184,,10975000000,,107.47,,,,,,434342000000,350922000000,0.780,,338849000000,,,,,,,,,,,,true,false,6,2021-04-01,2021-09-30,0
2021-10-29,2875,2021-03-31,2,166793000000,,,,,,18134000000,0.555,19266000000,0.456,,14704000000,,143.98,,,,,,,,,,,,,,,,,,,,,,true,false,6,2020-04-01,2020-09-30,-1
2021-10-29,2875,2022-03-31,2,360000000000,0.056,,,,,32000000000,-0.122,33500000000,-0.134,,25000000000,,244.79,,,,,,,,,,,,,,,,,,,,,,true,true,12,2021-04-01,2022-03-31,0
2021-10-29,2875,2021-03-31,2,,,,,,,,,,,,,,,,,,,,428651000000,343319000000,0.773,,331459000000,,,,,,,,,,,,true,false,12,2020-04-01,2021-03-31,-1
2021-10-29,2875,2021-03-31,2,,,,,,,,,,,,,,,,,,,,,,,,,,,,,90.00,,,,110881044,8753164,,false,false,12,2020-04-01,2021-03-31,-1
2021-10-29,2875,2022-03-31,2,,,,,,,,,,,,,,,,,,,,,,,,,,,,,40.00,,,,,,,false,false,12,2021-04-01,2022-03-31,0
2021-10-29,2875,2022-03-31,2,,,,,,,,,,,,,,,,,,,,,,,,,,,,,90.00,,,,,,,false,true,12,2021-04-01,2022-03-31,0
2021-10-29,2875,2022-03-31,2,,,,,,,,,,,,,,,,,,,,,,,,,,,,,,,,,110881044,8753241,102127858,false,false,6,2021-04-01,2021-09-30,0
2021-10-29,2875,2021-03-31,2,,,,,,,,,,,,,,,,,,,,,,,,,,,,,,,,,,,102128191,false,false,6,2020-04-01,2020-09-30,-1
2021-10-29,28750,2022-03-31,,360000000000,0.018,,,,,32000000000,-0.045,33500000000,-0.043,,25000000000,,244.79,,,,,,,,,,,,,,,,,,,,,,true,true,12,2021-04-01,2022-03-31,0
2021-10-29,28750,2021-03-31,,340841000000,,,,,,36460000000,,38697000000,,,29070000000,,284.64,,,,,,,,,,,,,,,,,,,,,,true,false,12,2020-04-01,2021-03-31,-1
2022-01-31,2875,2022-03-31,3,268097000000,0.046,,,,,24822000000,-0.146,26386000000,-0.141,,18353000000,,179.71,,,,,,444374000000,356815000000,0.776,,344623000000,,,,,,,,,,,,true,false,9,2021-04-01,2021-12-31,0
2022-01-31,2875,2021-03-31,3,256345000000,,,,,,29059000000,0.328,30701000000,0.263,,22699000000,,222.26,,,,,,,,,,,,,,,,,,,,,,true,false,9,2020-04-01,2020-12-31,-1
2022-01-31,2875,2022-03-31,3,360000000000,0.056,,,,,32000000000,-0.122,33500000000,-0.134,,25000000000,,244.79,,,,,,,,,,,,,,,,,,,,,,true,true,12,2021-04-01,2022-03-31,0
2022-01-31,2875,2021-03-31,3,,,,,,,,,,,,,,,,,,,,428651000000,343319000000,0.773,,331459000000,,,,,,,,,,,,true,false,12,2020-04-01,2021-03-31,-1
2022-01-31,2875,2021-03-31,3,,,,,,,,,,,,,,,,,,,,,,,,,,,,,90.00,,,,110881044,8753164,,false,false,12,2020-04-01,2021-03-31,-1
2022-01-31,2875,2022-03-31,3,,,,,,,,,,,,,,,,,,,,,,,,,,,,,40.00,,,,,,,false,false,12,2021-04-01,2022-03-31,0
2022-01-31,2875,2022-03-31,3,,,,,,,,,,,,,,,,,,,,,,,,,,,,,90.00,,,,,,,false,true,12,2021-04-01,2022-03-31,0
2022-01-31,2875,2022-03-31,3,,,,,,,,,,,,,,,,,,,,,,,,,,,,,,,,,110881044,8753241,102127840,false,false,9,2021-04-01,2021-12-31,0
2022-01-31,2875,2021-03-31,3,,,,,,,,,,,,,,,,,,,,,,,,,,,,,,,,,,,102128124,false,false,9,2020-04-01,2020-12-31,-1
2022-05-13,2875,2022-03-31,,361495000000,0.061,,,,,29737000000,-0.184,31834000000,-0.177,,22414000000,,219.48,,0.065,0.072,0.082,,454670000000,367145000000,0.781,3474.89,354882000000,33293000000,-27308000000,-9596000000,29351000000,,0.410,,,,,,true,false,12,2021-04-01,2022-03-31,0
2022-05-13,2875,2021-03-31,,340841000000,,,,,,36460000000,0.286,38697000000,0.234,,29070000000,,284.64,,0.091,0.093,0.107,,428651000000,343319000000,0.773,3245.53,331459000000,47783000000,-49985000000,-8591000000,32832000000,,0.316,,,,,,true,false,12,2020-04-01,2021-03-31,-1
2022-05-13,2875,2023-03-31,,194000000000,0.138,,,,,16000000000,0.081,16700000000,0.063,,11300000000,,110.65,,,,,,,,,,,,,,,,,,,,,,true,true,6,2022-04-01,2022-09-30,1
2022-05-13,2875,2023-03-31,,405000000000,0.120,,,,,36500000000,0.227,38000000000,0.194,,27000000000,,264.37,,,,,,,,,,,,,,,,0.340,,,,,,true,true,12,2022-04-01,2023-03-31,1
2022-05-13,2875,2022-03-31,,199367000000,-0.003,,,,,15258000000,-0.104,25526000000,0.106,20408000000,,0.149,199.74,,,,,,276505000000,192819000000,0.697,1887.11,192819000000,,,,,90.00,,,,110881044,8753303,102127825,false,false,12,2021-04-01,2022-03-31,0
2022-05-13,2875,2021-03-31,,200006000000,,,,,,17023000000,0.314,23071000000,0.259,17767000000,,0.211,173.89,,,,,,262910000000,182234000000,0.693,1783.52,182234000000,,,,,90.00,,,,110881044,8753164,102128064,false,false,12,2020-04-01,2021-03-31,-1
2022-05-13,2875,2023-03-31,,,,,,,,,,,,,,,,,,,,,,,,,,,,,,90.00,,,,,,,false,true,12,2022-04-01,2023-03-31,1
2022-07-29,2875,2023-03-31,1,103127000000,0.233,,,,,10727000000,0.277,11330000000,0.259,,8649000000,,84.69,,,,,,472550000000,385752000000,0.790,,373468000000,,,,,,,,,,,,true,false,3,2022-04-01,2022-06-30,0
2022-07-29,2875,2022-03-31,1,83640000000,-0.023,,,,,8399000000,-0.191,8996000000,-0.187,,6440000000,,63.06,,,,,,,,,,,,,,,,,,,,,,true,false,3,2021-04-01,2021-06-30,-1
2022-07-29,2875,2023-03-31,1,194000000000,0.138,,,,,16000000000,0.081,16700000000,0.063,,11300000000,,110.65,,,,,,,,,,,,,,,,,,,,,,true,true,6,2022-04-01,2022-09-30,0
2022-07-29,2875,2023-03-31,1,405000000000,0.120,,,,,36500000000,0.227,38000000000,0.194,,27000000000,,264.37,,,,,,,,,,,,,,,,,,,,,,true,true,12,2022-04-01,2023-03-31,0
2022-07-29,2875,2022-03-31,1,,,,,,,,,,,,,,,,,,,,454670000000,367145000000,0.781,,354882000000,,,,,,,,,,,,true,false,12,2021-04-01,2022-03-31,-1
2022-07-29,2875,2022-03-31,1,,,,,,,,,,,,,,,,,,,,,,,,,,,,,90.00,,,,110881044,8753303,,false,false,12,2021-04-01,2022-03-31,-1
2022-07-29,2875,2023-03-31,1,,,,,,,,,,,,,,,,,,,,,,,,,,,,,90.00,,,,,,,false,true,12,2022-04-01,2023-03-31,0
2022-07-29,2875,2023-03-31,1,,,,,,,,,,,,,,,,,,,,,,,,,,,,,,,,,110881044,8753353,102127691,false,false,3,2022-04-01,2022-06-30,0
2022-07-29,2875,2022-03-31,1,,,,,,,,,,,,,,,,,,,,,,,,,,,,,,,,,,,102127870,false,false,3,2021-04-01,2021-06-30,-1
2022-10-31,2875,2023-03-31,2,212940000000,0.249,,,,,18978000000,0.283,20378000000,0.297,,15270000000,,149.53,,,,,,490001000000,400317000000,0.792,,387972000000,,,,,,,,,,,,true,false,6,2022-04-01,2022-09-30,0
2022-10-31,2875,2022-03-31,2,170498000000,0.022,,,,,14796000000,-0.184,15717000000,-0.184,,10975000000,,107.47,,,,,,,,,,,,,,,,,,,,,,true,false,6,2021-04-01,2021-09-30,-1
2022-10-31,2875,2023-03-31,2,443000000000,0.225,,,,,41000000000,0.379,44000000000,0.382,,31000000000,,303.54,,,,,,,,,,,,,,,,,,,,,,true,true,12,2022-04-01,2023-03-31,0
2022-10-31,2875,2022-03-31,2,,,,,,,,,,,,,,,,,,,,454670000000,367145000000,0.781,,354882000000,,,,,,,,,,,,true,false,12,2021-04-01,2022-03-31,-1
2022-10-31,2875,2022-03-31,2,,,,,,,,,,,,,,,,,,,,,,,,,,,,,90.00,,,,110881044,8753303,,false,false,12,2021-04-01,2022-03-31,-1
2022-10-31,2875,2023-03-31,2,,,,,,,,,,,,,,,,,,,,,,,,,,,,,40.00,,,,,,,false,false,12,2022-04-01,2023-03-31,0
2022-10-31,2875,2023-03-31,2,,,,,,,,,,,,,,,,,,,,,,,,,,,,,90.00,,,,,,,false,true,12,2022-04-01,2023-03-31,0
2022-10-31,2875,2023-03-31,2,,,,,,,,,,,,,,,,,,,,,,,,,,,,,,,,,110881044,8753559,102127628,false,false,6,2022-04-01,2022-09-30,0
2022-10-31,2875,2022-03-31,2,,,,,,,,,,,,,,,,,,,,,,,,,,,,,,,,,,,102127858,false,false,6,2021-04-01,2021-09-30,-1
2023-01-31,2875,2023-03-31,3,325313000000,0.213,,,,,31885000000,0.285,33957000000,0.287,,25368000000,,248.40,,,,,,491616000000,395137000000,0.778,,382674000000,,,,,,,,,,,,true,false,9,2022-04-01,2022-12-31,0
2023-01-31,2875,2022-03-31,3,268097000000,0.046,,,,,24822000000,-0.146,26386000000,-0.141,,18353000000,,179.71,,,,,,,,,,,,,,,,,,,,,,true,false,9,2021-04-01,2021-12-31,-1
2023-01-31,2875,2023-03-31,3,443000000000,0.225,,,,,41000000000,0.379,44000000000,0.382,,31000000000,,303.54,,,,,,,,,,,,,,,,,,,,,,true,true,12,2022-04-01,2023-03-31,0
2023-01-31,2875,2022-03-31,3,,,,,,,,,,,,,,,,,,,,454670000000,367145000000,0.781,,354882000000,,,,,,,,,,,,true,false,12,2021-04-01,2022-03-31,-1
2023-01-31,2875,2022-03-31,3,,,,,,,,,,,,,,,,,,,,,,,,,,,,,90.00,,,,110881044,8753303,,false,false,12,2021-04-01,2022-03-31,-1
2023-01-31,2875,2023-03-31,3,,,,,,,,,,,,,,,,,,,,,,,,,,,,,40.00,,,,,,,false,false,12,2022-04-01,2023-03-31,0
2023-01-31,2875,2023-03-31,3,,,,,,,,,,,,,,,,,,,,,,,,,,,,,90.00,,,,,,,false,true,12,2022-04-01,2023-03-31,0
2023-01-31,2875,2023-03-31,3,,,,,,,,,,,,,,,,,,,,,,,,,,,,,,,,,110881044,8753599,102127576,false,false,9,2022-04-01,2022-12-31,0
2023-01-31,2875,2022-03-31,3,,,,,,,,,,,,,,,,,,,,,,,,,,,,,,,,,,,102127840,false,false,9,2021-04-01,2021-12-31,-1
2023-05-12,2875,2023-03-31,,435786000000,0.206,,,,,40330000000,0.356,43724000000,0.373,,33126000000,,324.36,,0.089,0.092,0.093,,497083000000,404750000000,0.789,3840.08,392177000000,42031000000,-25204000000,-9619000000,37567000000,,0.308,,,,,,true,false,12,2022-04-01,2023-03-31,0
2023-05-12,2875,2022-03-31,,361495000000,0.061,,,,,29737000000,-0.184,31834000000,-0.177,,22414000000,,219.48,,0.065,0.072,0.082,,454670000000,367145000000,0.781,3474.89,354882000000,33293000000,-27308000000,-9596000000,29351000000,,0.410,,,,,,true,false,12,2021-04-01,2022-03-31,-1
2023-05-12,2875,2024-03-31,,226000000000,0.061,,,,,24500000000,0.291,27000000000,0.325,,20000000000,,195.83,,,,,,,,,,,,,,,,,,,,,,true,true,6,2023-04-01,2023-09-30,1
2023-05-12,2875,2024-03-31,,466000000000,0.069,,,,,50000000000,0.240,55000000000,0.258,,41500000000,,406.35,,,,,,,,,,,,,,,,0.246,,,,,,true,true,12,2023-04-01,2024-03-31,1
2023-05-12,2875,2023-03-31,,206316000000,0.035,,,,,9018000000,-0.409,24637000000,-0.035,21173000000,,0.038,207.22,,,,,,291587000000,205219000000,0.704,2008.48,205219000000,,,,,100.00,,,,110881044,8753672,102127537,false,false,12,2022-04-01,2023-03-31,0
2023-05-12,2875,2022-03-31,,199367000000,-0.003,,,,,15258000000,-0.104,25526000000,0.106,20408000000,,0.149,199.74,,,,,,276505000000,192819000000,0.697,1887.11,192819000000,,,,,90.00,,,,110881044,8753303,102127825,false,false,12,2021-04-01,2022-03-31,-1
2023-05-12,2875,2024-03-31,,,,,,,,,,,,,,,,,,,,,,,,,,,,,,100.00,,,,,,,false,true,12,2023-04-01,2024-03-31,1
2023-07-31,2875,2024-03-31,1,111181000000,0.078,,,,,13190000000,0.230,15277000000,0.348,,11023000000,,107.94,,,,,,515898000000,424083000000,0.798,,411454000000,,,,,,,,,,,,true,false,3,2023-04-01,2023-06-30,0
2023-07-31,2875,2023-03-31,1,103127000000,0.233,,,,,10727000000,0.277,11330000000,0.259,,8649000000,,84.69,,,,,,,,,,,,,,,,,,,,,,true,false,3,2022-04-01,2022-06-30,-1
2023-07-31,2875,2024-03-31,1,226000000000,0.061,,,,,24500000000,0.291,27000000000,0.325,,20000000000,,195.83,,,,,,,,,,,,,,,,,,,,,,true,true,6,2023-04-01,2023-09-30,0
2023-07-31,2875,2024-03-31,1,466000000000,0.069,,,,,50000000000,0.240,55000000000,0.258,,41500000000,,406.35,,,,,,,,,,,,,,,,,,,,,,true,true,12,2023-04-01,2024-03-31,0
2023-07-31,2875,2023-03-31,1,,,,,,,,,,,,,,,,,,,,497083000000,404750000000,0.789,,392177000000,,,,,,,,,,,,true,false,12,2022-04-01,2023-03-31,-1
2023-07-31,2875,2023-03-31,1,,,,,,,,,,,,,,,,,,,,,,,,,,,,,100.00,,,,110881044,8753672,,false,false,12,2022-04-01,2023-03-31,-1
2023-07-31,2875,2024-03-31,1,,,,,,,,,,,,,,,,,,,,,,,,,,,,,100.00,,,,,,,false,true,12,2023-04-01,2024-03-31,0
2023-07-31,2875,2024-03-31,1,,,,,,,,,,,,,,,,,,,,,,,,,,,,,,,,,110881044,8753905,102127159,false,false,3,2023-04-01,2023-06-30,0
2023-07-31,2875,2023-03-31,1,,,,,,,,,,,,,,,,,,,,,,,,,,,,,,,,,,,102127691,false,false,3,2022-04-01,2022-06-30,-1
2023-10-31,2875,2024-03-31,2,234890000000,0.103,,,,,29824000000,0.571,33646000000,0.651,,25132000000,,246.09,,,,,,545008000000,444012000000,0.791,,431323000000,,,,,,,,,,,,true,false,6,2023-04-01,2023-09-30,0
2023-10-31,2875,2023-03-31,2,212940000000,0.249,,,,,18978000000,0.283,20378000000,0.297,,15270000000,,149.53,,,,,,,,,,,,,,,,,,,,,,true,false,6,2022-04-01,2022-09-30,-1
2023-10-31,2875,2024-03-31,2,466000000000,0.069,,,,,52000000000,0.289,57000000000,0.304,,43000000000,,421.04,,,,,,,,,,,,,,,,,,,,,,true,true,12,2023-04-01,2024-03-31,0
2023-10-31,2875,2023-03-31,2,,,,,,,,,,,,,,,,,,,,497083000000,404750000000,0.789,,392177000000,,,,,,,,,,,,true,false,12,2022-04-01,2023-03-31,-1
2023-10-31,2875,2023-03-31,2,,,,,,,,,,,,,,,,,,,,,,,,,,,,,100.00,,,,110881044,8753672,,false,false,12,2022-04-01,2023-03-31,-1
2023-10-31,2875,2024-03-31,2,,,,,,,,,,,,,,,,,,,,,,,,,,,,,60.00,,,,,,,false,false,12,2023-04-01,2024-03-31,0
2023-10-31,2875,2024-03-31,2,,,,,,,,,,,,,,,,,,,,,,,,,,,,,120.00,,,,,,,false,true,12,2023-04-01,2024-03-31,0
2023-10-31,2875,2024-03-31,2,,,,,,,,,,,,,,,,,,,,,,,,,,,,,,,,,110881044,8754047,102127106,false,false,6,2023-04-01,2023-09-30,0
2023-10-31,2875,2023-03-31,2,,,,,,,,,,,,,,,,,,,,,,,,,,,,,,,,,,,102127628,false,false,6,2022-04-01,2022-09-30,-1
2024-01-31,2875,2024-03-31,3,358399000000,0.102,,,,,48011000000,0.506,53621000000,0.579,,39904000000,,390.73,,,,,,547267000000,445273000000,0.790,,432558000000,,,,,,,,,,,,true,false,9,2023-04-01,2023-12-31,0
2024-01-31,2875,2023-03-31,3,325313000000,0.213,,,,,31885000000,0.285,33957000000,0.287,,25368000000,,248.40,,,,,,,,,,,,,,,,,,,,,,true,false,9,2022-04-01,2022-12-31,-1
2024-01-31,2875,2024-03-31,3,466000000000,0.069,,,,,52000000000,0.289,57000000000,0.304,,43000000000,,421.04,,,,,,,,,,,,,,,,,,,,,,true,true,12,2023-04-01,2024-03-31,0
2024-01-31,2875,2023-03-31,3,,,,,,,,,,,,,,,,,,,,497083000000,404750000000,0.789,,392177000000,,,,,,,,,,,,true,false,12,2022-04-01,2023-03-31,-1
2024-01-31,2875,2023-03-31,3,,,,,,,,,,,,,,,,,,,,,,,,,,,,,100.00,,,,110881044,8753672,,false,false,12,2022-04-01,2023-03-31,-1
2024-01-31,2875,2024-03-31,3,,,,,,,,,,,,,,,,,,,,,,,,,,,,,60.00,,,,,,,false,false,12,2023-04-01,2024-03-31,0
2024-01-31,2875,2024-03-31,3,,,,,,,,,,,,,,,,,,,,,,,,,,,,,120.00,,,,,,,false,true,12,2023-04-01,2024-03-31,0
2024-01-31,2875,2024-03-31,3,,,,,,,,,,,,,,,,,,,,,,,,,,,,,,,,,110881044,8754123,102127061,false,false,9,2023-04-01,2023-12-31,0
2024-01-31,2875,2023-03-31,3,,,,,,,,,,,,,,,,,,,,,,,,,,,,,,,,,,,102127576,false,false,9,2022-04-01,2022-12-31,-1
2024-05-10,2875,2024-03-31,,489013000000,0.122,,,,,66696000000,0.654,74889000000,0.713,,55653000000,,544.95,,0.130,0.140,0.136,,570994000000,474534000000,0.810,4526.89,462316000000,70497000000,-53739000000,-12714000000,42066000000,,0.312,,,,,,true,false,12,2023-04-01,2024-03-31,0
2024-05-10,2875,2023-03-31,,435786000000,0.206,,,,,40330000000,0.356,43724000000,0.373,,33126000000,,324.36,,0.089,0.092,0.093,,497083000000,404750000000,0.789,3840.08,392177000000,42031000000,-25204000000,-9619000000,37567000000,,0.308,,,,,,true,false,12,2022-04-01,2023-03-31,-1
2024-05-10,2875,2025-03-31,,247500000000,0.054,,,,,34500000000,0.157,37500000000,0.115,,27800000000,,272.21,,,,,,,,,,,,,,,,,,,,,,true,true,6,2024-04-01,2024-09-30,1
2024-05-10,2875,2025-03-31,,510000000000,0.043,,,,,72000000000,0.080,78000000000,0.042,,59000000000,,577.71,,,,,,,,,,,,,,,,0.294,,,,,,true,true,12,2024-04-01,2025-03-31,1
2024-05-10,2875,2024-03-31,,214124000000,0.038,,,,,16111000000,0.787,40495000000,0.644,34670000000,,0.638,339.32,,,,,,324469000000,232327000000,0.716,2273.80,232327000000,,,,,170.00,,,,110881044,8754177,102127022,false,false,12,2023-04-01,2024-03-31,0
2024-05-10,2875,2023-03-31,,206316000000,0.035,,,,,9018000000,-0.409,24637000000,-0.035,21173000000,,0.038,207.22,,,,,,291587000000,205219000000,0.704,2008.48,205219000000,,,,,100.00,,,,110881044,8753672,102127537,false,false,12,2022-04-01,2023-03-31,-1
2024-05-10,2875,2025-03-31,,,,,,,,,,,,,,,,,,,,,,,,,,,,,,170.00,,,,,,,false,true,12,2024-04-01,2025-03-31,1
2024-07-31,2875,2025-03-31,1,126697000000,0.140,,,,,20267000000,0.537,22917000000,0.500,,17633000000,,172.66,,,,,,598883000000,493203000000,0.803,,480924000000,,,,,,,,,,,,true,false,3,2024-04-01,2024-06-30,0
2024-07-31,2875,2024-03-31,1,111181000000,0.078,,,,,13190000000,0.230,15277000000,0.348,,11023000000,,107.94,,,,,,,,,,,,,,,,,,,,,,true,false,3,2023-04-01,2023-06-30,-1
2024-07-31,2875,2025-03-31,1,247500000000,0.054,,,,,34500000000,0.157,37500000000,0.115,,27800000000,,272.21,,,,,,,,,,,,,,,,,,,,,,true,true,6,2024-04-01,2024-09-30,0
2024-07-31,2875,2025-03-31,1,510000000000,0.043,,,,,72000000000,0.080,78000000000,0.042,,59000000000,,577.71,,,,,,,,,,,,,,,,,,,,,,true,true,12,2024-04-01,2025-03-31,0
2024-07-31,2875,2024-03-31,1,,,,,,,,,,,,,,,,,,,,570994000000,474534000000,0.810,,462316000000,,,,,,,,,,,,true,false,12,2023-04-01,2024-03-31,-1
2024-07-31,2875,2024-03-31,1,,,,,,,,,,,,,,,,,,,,,,,,,,,,,170.00,,,,110881044,8754177,,false,false,12,2023-04-01,2024-03-31,-1
2024-07-31,2875,2025-03-31,1,,,,,,,,,,,,,,,,,,,,,,,,,,,,,170.00,,,,,,,false,true,12,2024-04-01,2025-03-31,0
2024-07-31,2875,2025-03-31,1,,,,,,,,,,,,,,,,,,,,,,,,,,,,,,,,,110881044,8754177,102126867,false,false,3,2024-04-01,2024-06-30,0
2024-07-31,2875,2024-03-31,1,,,,,,,,,,,,,,,,,,,,,,,,,,,,,,,,,,,102127159,false,false,3,2023-04-01,2023-06-30,-1
2024-11-08,2875,2025-03-31,2,245690000000,0.046,,,,,38151000000,0.279,42117000000,0.252,,31862000000,,315.18,,,,,,559681000000,464267000000,0.808,,452003000000,,,,,,,,,,,,true,false,6,2024-04-01,2024-09-30,0
2024-11-08,2875,2024-03-31,2,234890000000,0.103,,,,,29824000000,0.571,33646000000,0.651,,25132000000,,246.09,,,,,,,,,,,,,,,,,,,,,,true,false,6,2023-04-01,2023-09-30,-1
2024-11-08,2875,2025-03-31,2,510000000000,0.043,,,,,72000000000,0.080,78000000000,0.042,,59000000000,,577.71,,,,,,,,,,,,,,,,,,,,,,true,true,12,2024-04-01,2025-03-31,0
2024-11-08,2875,2024-03-31,2,,,,,,,,,,,,,,,,,,,,570994000000,474534000000,0.810,,462316000000,,,,,,,,,,,,true,false,12,2023-04-01,2024-03-31,-1
2024-11-08,2875,2024-03-31,2,,,,,,,,,,,,,,,,,,,,,,,,,,,,,170.00,,,,110881044,8754177,,false,false,12,2023-04-01,2024-03-31,-1
2024-11-08,2875,2025-03-31,2,,,,,,,,,,,,,,,,,,,,,,,,,,,,,80.00,,,,,,,false,false,12,2024-04-01,2025-03-31,0
2024-11-08,2875,2025-03-31,2,,,,,,,,,,,,,,,,,,,,,,,,,,,,,170.00,,,,,,,false,true,12,2024-04-01,2025-03-31,0
2024-11-08,2875,2025-03-31,2,,,,,,,,,,,,,,,,,,,,,,,,,,,,,,,,,110881044,11254361,101094975,false,false,6,2024-04-01,2024-09-30,0
2024-11-08,2875,2024-03-31,2,,,,,,,,,,,,,,,,,,,,,,,,,,,,,,,,,,,102127106,false,false,6,2023-04-01,2023-09-30,-1
2025-01-31,2875,2025-03-31,3,395214000000,0.103,,,,,62298000000,0.298,69294000000,0.292,,52266000000,,519.51,,,,,,595846000000,493088000000,0.807,,480705000000,,,,,,,,,,,,true,false,9,2024-04-01,2024-12-31,0
2025-01-31,2875,2024-03-31,3,358399000000,0.102,,,,,48011000000,0.506,53621000000,0.579,,39904000000,,390.73,,,,,,,,,,,,,,,,,,,,,,true,false,9,2023-04-01,2023-12-31,-1
2025-01-31,2875,2025-03-31,3,510000000000,0.043,,,,,72000000000,0.080,78000000000,0.042,,59000000000,,577.71,,,,,,,,,,,,,,,,,,,,,,true,true,12,2024-04-01,2025-03-31,0
2025-01-31,2875,2024-03-31,3,,,,,,,,,,,,,,,,,,,,570994000000,474534000000,0.810,,462316000000,,,,,,,,,,,,true,false,12,2023-04-01,2024-03-31,-1
2025-01-31,2875,2024-03-31,3,,,,,,,,,,,,,,,,,,,,,,,,,,,,,170.00,,,,110881044,8754177,,false,false,12,2023-04-01,2024-03-31,-1
2025-01-31,2875,2025-03-31,3,,,,,,,,,,,,,,,,,,,,,,,,,,,,,80.00,,,,,,,false,false,12,2024-04-01,2025-03-31,0
2025-01-31,2875,2025-03-31,3,,,,,,,,,,,,,,,,,,,,,,,,,,,,,170.00,,,,,,,false,true,12,2024-04-01,2025-03-31,0
2025-01-31,2875,2025-03-31,3,,,,,,,,,,,,,,,,,,,,,,,,,,,,,,,,,110881044,11254424,100605525,false,false,9,2024-04-01,2024-12-31,0
2025-01-31,2875,2024-03-31,3,,,,,,,,,,,,,,,,,,,,,,,,,,,,,,,,,,,102127061,false,false,9,2023-04-01,2023-12-31,-1
2025-05-12,2875,2025-03-31,,507600000000,0.038,,,,,75488000000,0.132,83919000000,0.121,,62867000000,,626.41,,0.133,0.144,0.149,,594978000000,493644000000,0.809,4829.96,481192000000,78779000000,-40057000000,-43536000000,39381000000,,0.319,,,,,,true,false,12,2024-04-01,2025-03-31,0
2025-05-12,2875,2024-03-31,,489013000000,0.122,,,,,66696000000,0.654,74889000000,0.713,,55653000000,,544.95,,0.130,0.140,0.136,,570994000000,474534000000,0.810,4526.89,462316000000,70497000000,-53739000000,-12714000000,42066000000,,0.312,,,,,,true,false,12,2023-04-01,2024-03-31,-1
2025-05-12,2875,2026-03-31,,265000000000,0.079,,,,,35000000000,-0.083,39000000000,-0.074,,29000000000,,288.96,,,,,,,,,,,,,,,,,,,,,,true,true,6,2025-04-01,2025-09-30,1
2025-05-12,2875,2026-03-31,,545000000000,0.074,,,,,76000000000,0.007,84000000000,0.001,,62000000000,,617.77,,,,,,,,,,,,,,,,0.324,,,,,,true,true,12,2025-04-01,2026-03-31,1
2025-05-12,2875,2025-03-31,,223495000000,0.044,,,,,18629000000,0.156,54656000000,0.350,48364000000,,0.395,481.68,,,,,,326958000000,236578000000,0.724,2373.48,236578000000,,,,,200.00,,,,110881044,11254424,100360799,false,false,12,2024-04-01,2025-03-31,0
2025-05-12,2875,2024-03-31,,214124000000,0.038,,,,,16111000000,0.787,40495000000,0.644,34670000000,,0.638,339.32,,,,,,324469000000,232327000000,0.716,2273.80,232327000000,,,,,170.00,,,,110881044,8754177,102127022,false,false,12,2023-04-01,2024-03-31,-1
2025-05-12,2875,2026-03-31,,,,,,,,,,,,,,,,,,,,,,,,,,,,,,200.00,,,,,,,false,true,12,2025-04-01,2026-03-31,1
