filing_date,code,fiscal_year_end,quarterly_period,net_sales,net_sales_change,revenue,revenue_change,operating_revenue,operating_revenue_change,operating_profit,operating_profit_change,ordinary_profit,ordinary_profit_change,net_income,net_income_of_parent,net_income_change,eps,diluted_eps,roe,roa,operating_profit_to_net_sales,operating_profit_to_revenue,total_assets,net_assets,equity_ratio,bps,owner_equity,operating_cash_flow,investing_cash_flow,financing_cash_flow,cash,dividend_per_share,payout_ratio,commemorative_dividend,extra_dividend,number_of_shares,number_of_treqsury_shares,avg_number_of_shares,is_consolidated,is_forecast,duration,period_start,period_end,period_pos
2015-05-12,28940,2015-03-31,,10518000000,0.002,,,,,35000000,-0.496,34000000,-0.426,-20000000,,,-1.15,,,,,,,,,,,,,,,,,,,,,,true,true,12,2014-04-01,2015-03-31,0
2015-05-12,28940,2014-03-31,,10349000000,,,,,,-234000000,,-229000000,,-331000000,,,-18.43,,,,,,,,,,,,,,,,,,,,,,true,false,12,2013-04-01,2014-03-31,-1
2015-05-13,28940,2015-03-31,,10518000000,0.016,,,,,35000000,,34000000,,-20000000,,,-1.15,,-0.004,0.004,0.003,,8339000000,4553000000,0.546,256.65,4553000000,460000000,81000000,-62000000,2927000000,,,,,,,,true,false,12,2014-04-01,2015-03-31,0
2015-05-13,28940,2014-03-31,,10349000000,0.016,,,,,-234000000,,-229000000,,-331000000,,,-18.43,,-0.069,-0.026,-0.023,,8170000000,4551000000,0.557,256.53,4551000000,-105000000,61000000,-243000000,2447000000,,,,,,,,true,false,12,2013-04-01,2014-03-31,-1
2015-05-13,28940,2016-03-31,,4900000000,0.016,,,,,-20000000,,-20000000,,,-30000000,,-1.69,,,,,,,,,,,,,,,,,,,,,,true,true,6,2015-04-01,2015-09-30,1
2015-05-13,28940,2016-03-31,,10700000000,0.017,,,,,180000000,4.097,170000000,3.940,,100000000,,5.64,,,,,,,,,,,,,,,,0.532,,,,,,true,true,12,2015-04-01,2016-03-31,1
2015-05-13,28940,2015-03-31,,10497000000,0.020,,,,,45000000,,44000000,,-10000000,,,-0.58,,,,,,8241000000,4517000000,0.548,254.59,4517000000,,,,,3.00,,,,18392000,648334,17743928,false,false,12,2014-04-01,2015-03-31,0
2015-05-13,28940,2014-03-31,,10287000000,0.015,,,,,-249000000,,-232000000,,-329000000,,,-18.35,,,,,,8053000000,4499000000,0.559,253.58,4499000000,,,,,3.00,,,,18392000,648044,17980377,false,false,12,2013-04-01,2014-03-31,-1
2015-05-13,28940,2016-03-31,,,,,,,,,,,,,,,,,,,,,,,,,,,,,,3.00,,,,,,,false,true,12,2015-04-01,2016-03-31,1
2015-07-30,28940,2016-03-31,1,2486000000,0.011,,,,,-20000000,,-15000000,,,-20000000,,-1.15,,,,,,8335000000,4511000000,0.541,,4511000000,,,,,,,,,,,,true,false,3,2015-04-01,2015-06-30,0
2015-07-30,28940,2015-03-31,1,2458000000,0.026,,,,,21000000,,23000000,,,0,,0.04,,,,,,,,,,,,,,,,,,,,,,true,false,3,2014-04-01,2014-06-30,-1
2015-07-30,28940,2016-03-31,1,4900000000,0.016,,,,,-20000000,,-20000000,,,-30000000,,-1.69,,,,,,,,,,,,,,,,,,,,,,true,true,6,2015-04-01,2015-09-30,0
2015-07-30,28940,2016-03-31,1,10700000000,0.017,,,,,180000000,4.097,170000000,3.940,,100000000,,5.64,,,,,,,,,,,,,,,,,,,,,,true,true,12,2015-04-01,2016-03-31,0
2015-07-30,28940,2015-03-31,1,,,,,,,,,,,,,,,,,,,,8339000000,4553000000,0.546,,4553000000,,,,,,,,,,,,true,false,12,2014-04-01,2015-03-31,-1
2015-07-30,28940,2015-03-31,1,,,,,,,,,,,,,,,,,,,,,,,,,,,,,3.00,,,,18392000,648334,,false,false,12,2014-04-01,2015-03-31,-1
2015-07-30,28940,2016-03-31,1,,,,,,,,,,,,,,,,,,,,,,,,,,,,,3.00,,,,,,,false,true,12,2015-04-01,2016-03-31,0
2015-07-30,28940,2016-03-31,1,,,,,,,,,,,,,,,,,,,,,,,,,,,,,,,,,18392000,648714,17743476,false,false,3,2015-04-01,2015-06-30,0
2015-07-30,28940,2015-03-31,1,,,,,,,,,,,,,,,,,,,,,,,,,,,,,,,,,,,17743956,false,false,3,2014-04-01,2014-06-30,-1
2015-10-26,28940,2016-03-31,,4874000000,-0.005,,,,,-176000000,-7.800,-190000000,-8.500,,-202000000,,-11.44,,,,,,,,,,,,,,,,,,,,,,true,true,6,2015-04-01,2015-09-30,0
2015-10-26,28940,2015-03-31,,4824000000,,,,,,-91000000,,-94000000,,,-125000000,,-7.07,,,,,,,,,,,,,,,,,,,,,,true,false,6,2014-04-01,2014-09-30,-1
2015-10-29,28940,2016-03-31,2,4874000000,0.010,,,,,-176000000,,-190000000,,,-202000000,,-11.44,,,,,,8045000000,4245000000,0.528,,4245000000,,,,,,,,,,,,true,false,6,2015-04-01,2015-09-30,0
2015-10-29,28940,2015-03-31,2,4824000000,0.033,,,,,-91000000,,-94000000,,,-125000000,,-7.07,,,,,,,,,,,,,,,,,,,,,,true,false,6,2014-04-01,2014-09-30,-1
2015-10-29,28940,2016-03-31,2,10700000000,0.017,,,,,180000000,4.097,170000000,3.940,,100000000,,5.64,,,,,,,,,,,,,,,,,,,,,,true,true,12,2015-04-01,2016-03-31,0
2015-10-29,28940,2015-03-31,2,,,,,,,,,,,,,,,,,,,,8339000000,4553000000,0.546,,4553000000,,,,,,,,,,,,true,false,12,2014-04-01,2015-03-31,-1
2015-10-29,28940,2015-03-31,2,,,,,,,,,,,,,,,,,,,,,,,,,,,,,3.00,,,,18392000,648334,,false,false,12,2014-04-01,2015-03-31,-1
2015-10-29,28940,2016-03-31,2,,,,,,,,,,,,,,,,,,,,,,,,,,,,,0.00,,,,,,,false,false,12,2015-04-01,2016-03-31,0
2015-10-29,28940,2016-03-31,2,,,,,,,,,,,,,,,,,,,,,,,,,,,,,3.00,,,,,,,false,true,12,2015-04-01,2016-03-31,0
2015-10-29,28940,2016-03-31,2,,,,,,,,,,,,,,,,,,,,,,,,,,,,,,,,,18392000,882445,17709962,false,false,6,2015-04-01,2015-09-30,0
2015-10-29,28940,2015-03-31,2,,,,,,,,,,,,,,,,,,,,,,,,,,,,,,,,,,,17743952,false,false,6,2014-04-01,2014-09-30,-1
2016-01-28,28940,2016-03-31,,10500000000,-0.019,,,,,-170000000,,-200000000,,,-240000000,,-13.60,,,,,,,,,,,,,,,,,,,,,,true,true,12,2015-04-01,2016-03-31,0
2016-01-28,28940,2015-03-31,,10518000000,,,,,,35000000,,34000000,,,-20000000,,-1.15,,,,,,,,,,,,,,,,,,,,,,true,false,12,2014-04-01,2015-03-31,-1
2016-01-29,28940,2016-03-31,3,8240000000,-0.005,,,,,-90000000,,-116000000,,,-133000000,,-7.55,,,,,,9859000000,4327000000,0.439,,4327000000,,,,,,,,,,,,true,false,9,2015-04-01,2015-12-31,0
2016-01-29,28940,2015-03-31,3,8281000000,0.020,,,,,129000000,,120000000,,,80000000,,4.52,,,,,,,,,,,,,,,,,,,,,,true,false,9,2014-04-01,2014-12-31,-1
2016-01-29,28940,2016-03-31,3,10500000000,0.002,,,,,-170000000,,-200000000,,,-240000000,,-13.60,,,,,,,,,,,,,,,,,,,,,,true,true,12,2015-04-01,2016-03-31,0
2016-01-29,28940,2015-03-31,3,,,,,,,,,,,,,,,,,,,,8339000000,4553000000,0.546,,4553000000,,,,,,,,,,,,true,false,12,2014-04-01,2015-03-31,-1
2016-01-29,28940,2015-03-31,3,,,,,,,,,,,,,,,,,,,,,,,,,,,,,3.00,,,,18392000,648334,,false,false,12,2014-04-01,2015-03-31,-1
2016-01-29,28940,2016-03-31,3,,,,,,,,,,,,,,,,,,,,,,,,,,,,,0.00,,,,,,,false,false,12,2015-04-01,2016-03-31,0
2016-01-29,28940,2016-03-31,3,,,,,,,,,,,,,,,,,,,,,,,,,,,,,3.00,,,,,,,false,true,12,2015-04-01,2016-03-31,0
2016-01-29,28940,2016-03-31,3,,,,,,,,,,,,,,,,,,,,,,,,,,,,,,,,,18392000,882445,17649840,false,false,9,2015-04-01,2015-12-31,0
2016-01-29,28940,2015-03-31,3,,,,,,,,,,,,,,,,,,,,,,,,,,,,,,,,,,,17743950,false,false,9,2014-04-01,2014-12-31,-1
2016-03-29,28940,2016-03-31,,10500000000,,,,,,-170000000,,-200000000,,,-413000000,,-23.40,,,,,,,,,,,,,,,,,,,,,,true,true,12,2015-04-01,2016-03-31,0
2016-03-29,28940,2015-03-31,,10518000000,,,,,,35000000,,34000000,,,-20000000,,-1.15,,,,,,,,,,,,,,,,,,,,,,true,false,12,2014-04-01,2015-03-31,-1
2016-05-10,28940,2016-03-31,,10467000000,-0.003,,,,,-253000000,,-276000000,,,-474000000,,-26.96,,,,,,,,,,,,,,,,,,,,,,true,true,12,2015-04-01,2016-03-31,0
2016-05-10,28940,2015-03-31,,10518000000,,,,,,35000000,,34000000,,,-20000000,,-1.15,,,,,,,,,,,,,,,,,,,,,,true,false,12,2014-04-01,2015-03-31,-1
2016-05-13,28940,2016-03-31,,10467000000,-0.005,,,,,-253000000,,-276000000,,,-474000000,,-26.96,,-0.116,-0.034,-0.024,,7735000000,3649000000,0.472,208.47,3649000000,91000000,-1487000000,-129000000,1403000000,,,,,,,,true,false,12,2015-04-01,2016-03-31,0
2016-05-13,28940,2015-03-31,,10518000000,0.016,,,,,35000000,,34000000,,,-20000000,,-1.15,,-0.004,0.004,0.003,,8339000000,4553000000,0.546,256.65,4553000000,460000000,81000000,-62000000,2927000000,,,,,,,,true,false,12,2014-04-01,2015-03-31,-1
2016-05-13,28940,2017-03-31,,5020000000,0.030,,,,,1000000,,-4000000,,,-44000000,,-2.51,,,,,,,,,,,,,,,,,,,,,,true,true,6,2016-04-01,2016-09-30,1
2016-05-13,28940,2017-03-31,,10800000000,0.032,,,,,100000000,,93000000,,,40000000,,2.28,,,,,,,,,,,,,,,,1.313,,,,,,true,true,12,2016-04-01,2017-03-31,1
2016-05-13,28940,2016-03-31,,10442000000,-0.005,,,,,-219000000,,-247000000,,-446000000,,,-25.33,,,,,,7678000000,3890000000,0.507,222.22,3890000000,,,,,3.00,,,,18392000,883895,17617355,false,false,12,2015-04-01,2016-03-31,0
2016-05-13,28940,2015-03-31,,10497000000,0.020,,,,,45000000,,44000000,,-10000000,,,-0.58,,,,,,8241000000,4517000000,0.548,254.59,4517000000,,,,,3.00,,,,18392000,648334,17743928,false,false,12,2014-04-01,2015-03-31,-1
2016-05-13,28940,2017-03-31,,,,,,,,,,,,,,,,,,,,,,,,,,,,,,3.00,,,,,,,false,true,12,2016-04-01,2017-03-31,1
2016-07-29,28940,2017-03-31,1,2469000000,-0.007,,,,,-52000000,,-59000000,,,-64000000,,-3.70,,,,,,8238000000,3523000000,0.428,,3523000000,,,,,,,,,,,,true,false,3,2016-04-01,2016-06-30,0
2016-07-29,28940,2016-03-31,1,2486000000,0.011,,,,,-20000000,,-15000000,,,-20000000,,-1.15,,,,,,,,,,,,,,,,,,,,,,true,false,3,2015-04-01,2015-06-30,-1
2016-07-29,28940,2017-03-31,1,5020000000,0.030,,,,,1000000,,-4000000,,,-44000000,,-2.51,,,,,,,,,,,,,,,,,,,,,,true,true,6,2016-04-01,2016-09-30,0
2016-07-29,28940,2017-03-31,1,10800000000,0.032,,,,,100000000,,93000000,,,40000000,,2.28,,,,,,,,,,,,,,,,,,,,,,true,true,12,2016-04-01,2017-03-31,0
2016-07-29,28940,2016-03-31,1,,,,,,,,,,,,,,,,,,,,7735000000,3649000000,0.472,,3649000000,,,,,,,,,,,,true,false,12,2015-04-01,2016-03-31,-1
2016-07-29,28940,2016-03-31,1,,,,,,,,,,,,,,,,,,,,,,,,,,,,,3.00,,,,18392000,883895,,false,false,12,2015-04-01,2016-03-31,-1
2016-07-29,28940,2017-03-31,1,,,,,,,,,,,,,,,,,,,,,,,,,,,,,3.00,,,,,,,false,true,12,2016-04-01,2017-03-31,0
2016-07-29,28940,2017-03-31,1,,,,,,,,,,,,,,,,,,,,,,,,,,,,,,,,,18392000,883895,17508105,false,false,3,2016-04-01,2016-06-30,0
2016-07-29,28940,2016-03-31,1,,,,,,,,,,,,,,,,,,,,,,,,,,,,,,,,,,,17743476,false,false,3,2015-04-01,2015-06-30,-1
2016-10-27,28940,2017-03-31,,4858000000,-0.033,,,,,-211000000,,-206000000,,,-219000000,,-12.53,,,,,,,,,,,,,,,,,,,,,,true,true,6,2016-04-01,2016-09-30,0
2016-10-27,28940,2016-03-31,,4874000000,,,,,,-176000000,,-190000000,,,-202000000,,-11.44,,,,,,,,,,,,,,,,,,,,,,true,false,6,2015-04-01,2015-09-30,-1
2016-10-28,28940,2017-03-31,2,4858000000,-0.003,,,,,-211000000,,-206000000,,,-219000000,,-12.53,,,,,,8105000000,3383000000,0.417,,3383000000,,,,,,,,,,,,true,false,6,2016-04-01,2016-09-30,0
2016-10-28,28940,2016-03-31,2,4874000000,0.010,,,,,-176000000,,-190000000,,,-202000000,,-11.44,,,,,,,,,,,,,,,,,,,,,,true,false,6,2015-04-01,2015-09-30,-1
2016-10-28,28940,2017-03-31,2,10800000000,0.032,,,,,100000000,,93000000,,,40000000,,2.28,,,,,,,,,,,,,,,,,,,,,,true,true,12,2016-04-01,2017-03-31,0
2016-10-28,28940,2016-03-31,2,,,,,,,,,,,,,,,,,,,,7735000000,3649000000,0.472,,3649000000,,,,,,,,,,,,true,false,12,2015-04-01,2016-03-31,-1
2016-10-28,28940,2016-03-31,2,,,,,,,,,,,,,,,,,,,,,,,,,,,,,3.00,,,,18392000,883895,,false,false,12,2015-04-01,2016-03-31,-1
2016-10-28,28940,2017-03-31,2,,,,,,,,,,,,,,,,,,,,,,,,,,,,,0.00,,,,,,,false,false,12,2016-04-01,2017-03-31,0
2016-10-28,28940,2017-03-31,2,,,,,,,,,,,,,,,,,,,,,,,,,,,,,3.00,,,,,,,false,true,12,2016-04-01,2017-03-31,0
2016-10-28,28940,2017-03-31,2,,,,,,,,,,,,,,,,,,,,,,,,,,,,,,,,,18392000,884105,17508015,false,false,6,2016-04-01,2016-09-30,0
2016-10-28,28940,2016-03-31,2,,,,,,,,,,,,,,,,,,,,,,,,,,,,,,,,,,,17709962,false,false,6,2015-04-01,2015-09-30,-1
2017-01-30,28940,2017-03-31,3,8293000000,0.006,,,,,13000000,,15000000,,,-6000000,,-0.35,,,,,,9471000000,3660000000,0.386,,3660000000,,,,,,,,,,,,true,false,9,2016-04-01,2016-12-31,0
2017-01-30,28940,2016-03-31,3,8240000000,-0.005,,,,,-90000000,,-116000000,,,-133000000,,-7.55,,,,,,,,,,,,,,,,,,,,,,true,false,9,2015-04-01,2015-12-31,-1
2017-01-30,28940,2017-03-31,3,10800000000,0.032,,,,,100000000,,93000000,,,40000000,,2.28,,,,,,,,,,,,,,,,,,,,,,true,true,12,2016-04-01,2017-03-31,0
2017-01-30,28940,2016-03-31,3,,,,,,,,,,,,,,,,,,,,7735000000,3649000000,0.472,,3649000000,,,,,,,,,,,,true,false,12,2015-04-01,2016-03-31,-1
2017-01-30,28940,2016-03-31,3,,,,,,,,,,,,,,,,,,,,,,,,,,,,,3.00,,,,18392000,883895,,false,false,12,2015-04-01,2016-03-31,-1
2017-01-30,28940,2017-03-31,3,,,,,,,,,,,,,,,,,,,,,,,,,,,,,0.00,,,,,,,false,false,12,2016-04-01,2017-03-31,0
2017-01-30,28940,2017-03-31,3,,,,,,,,,,,,,,,,,,,,,,,,,,,,,3.00,,,,,,,false,true,12,2016-04-01,2017-03-31,0
2017-01-30,28940,2017-03-31,3,,,,,,,,,,,,,,,,,,,,,,,,,,,,,,,,,18392000,884830,17507906,false,false,9,2016-04-01,2016-12-31,0
2017-01-30,28940,2016-03-31,3,,,,,,,,,,,,,,,,,,,,,,,,,,,,,,,,,,,17649840,false,false,9,2015-04-01,2015-12-31,-1
2017-05-11,28940,2017-03-31,,10538000000,-0.024,,,,,-38000000,,-32000000,,,-65000000,,-3.75,,,,,,,,,,,,,,,,,,,,,,true,true,12,2016-04-01,2017-03-31,0
2017-05-11,28940,2016-03-31,,10467000000,,,,,,-253000000,,-276000000,,,-474000000,,-26.96,,,,,,,,,,,,,,,,,,,,,,true,false,12,2015-04-01,2016-03-31,-1
2017-05-12,28940,2017-03-31,,10538000000,0.007,,,,,-38000000,,-32000000,,,-65000000,,-3.75,,-0.018,-0.004,-0.004,,8293000000,3620000000,0.437,206.81,3620000000,367000000,891000000,430000000,3093000000,,,,,,,,true,false,12,2016-04-01,2017-03-31,0
2017-05-12,28940,2016-03-31,,10467000000,-0.005,,,,,-253000000,,-276000000,,,-474000000,,-26.96,,-0.116,-0.034,-0.024,,7735000000,3649000000,0.472,208.47,3649000000,91000000,-1487000000,-129000000,1403000000,,,,,,,,true,false,12,2015-04-01,2016-03-31,-1
2017-05-12,28940,2018-03-31,,10700000000,0.015,,,,,163000000,,167000000,,,99000000,,5.65,,,,,,,,,,,,,,,,0.531,,,,,,true,true,12,2017-04-01,2018-03-31,1
2017-05-12,28940,2017-03-31,,10499000000,0.005,,,,,-28000000,,-4000000,,-37000000,,,-2.16,,,,,,8253000000,3838000000,0.465,219.26,3838000000,,,,,3.00,,,,18392000,885314,17507624,false,false,12,2016-04-01,2017-03-31,0
2017-05-12,28940,2016-03-31,,10442000000,-0.005,,,,,-219000000,,-247000000,,-446000000,,,-25.33,,,,,,7678000000,3890000000,0.507,222.22,3890000000,,,,,3.00,,,,18392000,883895,17617355,false,false,12,2015-04-01,2016-03-31,-1
2017-05-12,28940,2018-03-31,,,,,,,,,,,,,,,,,,,,,,,,,,,,,,3.00,,,,,,,false,true,12,2017-04-01,2018-03-31,1
2017-07-28,28940,2018-03-31,1,2528000000,0.024,,,,,39000000,,39000000,,,25000000,,1.48,,,,,,8405000000,3642000000,0.433,,3642000000,,,,,,,,,,,,true,false,3,2017-04-01,2017-06-30,0
2017-07-28,28940,2017-03-31,1,2469000000,-0.007,,,,,-52000000,,-59000000,,,-64000000,,-3.70,,,,,,,,,,,,,,,,,,,,,,true,false,3,2016-04-01,2016-06-30,-1
2017-07-28,28940,2018-03-31,1,10700000000,0.015,,,,,163000000,,167000000,,,99000000,,5.65,,,,,,,,,,,,,,,,,,,,,,true,true,12,2017-04-01,2018-03-31,0
2017-07-28,28940,2017-03-31,1,,,,,,,,,,,,,,,,,,,,8293000000,3620000000,0.437,,3620000000,,,,,,,,,,,,true,false,12,2016-04-01,2017-03-31,-1
2017-07-28,28940,2017-03-31,1,,,,,,,,,,,,,,,,,,,,,,,,,,,,,3.00,,,,18392000,885314,,false,false,12,2016-04-01,2017-03-31,-1
2017-07-28,28940,2018-03-31,1,,,,,,,,,,,,,,,,,,,,,,,,,,,,,3.00,,,,,,,false,true,12,2017-04-01,2018-03-31,0
2017-07-28,28940,2018-03-31,1,,,,,,,,,,,,,,,,,,,,,,,,,,,,,,,,,18392000,885814,17506311,false,false,3,2017-04-01,2017-06-30,0
2017-07-28,28940,2017-03-31,1,,,,,,,,,,,,,,,,,,,,,,,,,,,,,,,,,,,17508105,false,false,3,2016-04-01,2016-06-30,-1
2017-10-30,28940,2018-03-31,2,4879000000,0.004,,,,,-43000000,,-50000000,,,-62000000,,-3.59,,,,,,8825000000,3573000000,0.405,,3573000000,,,,,,,,,,,,true,false,6,2017-04-01,2017-09-30,0
2017-10-30,28940,2017-03-31,2,4858000000,-0.003,,,,,-211000000,,-206000000,,,-219000000,,-12.53,,,,,,,,,,,,,,,,,,,,,,true,false,6,2016-04-01,2016-09-30,-1
2017-10-30,28940,2018-03-31,2,10700000000,0.015,,,,,163000000,,167000000,,,99000000,,5.65,,,,,,,,,,,,,,,,,,,,,,true,true,12,2017-04-01,2018-03-31,0
2017-10-30,28940,2017-03-31,2,,,,,,,,,,,,,,,,,,,,8293000000,3620000000,0.437,,3620000000,,,,,,,,,,,,true,false,12,2016-04-01,2017-03-31,-1
2017-10-30,28940,2017-03-31,2,,,,,,,,,,,,,,,,,,,,,,,,,,,,,3.00,,,,18392000,885314,,false,false,12,2016-04-01,2017-03-31,-1
2017-10-30,28940,2018-03-31,2,,,,,,,,,,,,,,,,,,,,,,,,,,,,,0.00,,,,,,,false,false,12,2017-04-01,2018-03-31,0
2017-10-30,28940,2018-03-31,2,,,,,,,,,,,,,,,,,,,,,,,,,,,,,3.00,,,,,,,false,true,12,2017-04-01,2018-03-31,0
2017-10-30,28940,2018-03-31,2,,,,,,,,,,,,,,,,,,,,,,,,,,,,,,,,,18392000,885815,17506257,false,false,6,2017-04-01,2017-09-30,0
2017-10-30,28940,2017-03-31,2,,,,,,,,,,,,,,,,,,,,,,,,,,,,,,,,,,,17508015,false,false,6,2016-04-01,2016-09-30,-1
2018-01-30,28940,2018-03-31,3,8105000000,-0.023,,,,,210000000,,185000000,,,129000000,,7.38,,,,,,9564000000,3823000000,0.400,,3823000000,,,,,,,,,,,,true,false,9,2017-04-01,2017-12-31,0
2018-01-30,28940,2017-03-31,3,8293000000,0.006,,,,,13000000,,15000000,,,-6000000,,-0.35,,,,,,,,,,,,,,,,,,,,,,true,false,9,2016-04-01,2016-12-31,-1
2018-01-30,28940,2018-03-31,3,10700000000,0.015,,,,,163000000,,167000000,,,99000000,,5.65,,,,,,,,,,,,,,,,,,,,,,true,true,12,2017-04-01,2018-03-31,0
2018-01-30,28940,2017-03-31,3,,,,,,,,,,,,,,,,,,,,8293000000,3620000000,0.437,,3620000000,,,,,,,,,,,,true,false,12,2016-04-01,2017-03-31,-1
2018-01-30,28940,2017-03-31,3,,,,,,,,,,,,,,,,,,,,,,,,,,,,,3.00,,,,18392000,885314,,false,false,12,2016-04-01,2017-03-31,-1
2018-01-30,28940,2018-03-31,3,,,,,,,,,,,,,,,,,,,,,,,,,,,,,0.00,,,,,,,false,false,12,2017-04-01,2018-03-31,0
2018-01-30,28940,2018-03-31,3,,,,,,,,,,,,,,,,,,,,,,,,,,,,,3.00,,,,,,,false,true,12,2017-04-01,2018-03-31,0
2018-01-30,28940,2018-03-31,3,,,,,,,,,,,,,,,,,,,,,,,,,,,,,,,,,18392000,885925,17506213,false,false,9,2017-04-01,2017-12-31,0
2018-01-30,28940,2017-03-31,3,,,,,,,,,,,,,,,,,,,,,,,,,,,,,,,,,,,17507906,false,false,9,2016-04-01,2016-12-31,-1
2018-05-14,28940,2018-03-31,,10387000000,-0.029,,,,,194000000,0.193,170000000,0.018,194000000,,0.962,11.09,,,,,,,,,,,,,,,,,,,,,,true,true,12,2017-04-01,2018-03-31,0
2018-05-14,28940,2017-03-31,,10538000000,,,,,,-38000000,,-32000000,,-65000000,,,-3.75,,,,,,,,,,,,,,,,,,,,,,true,false,12,2016-04-01,2017-03-31,-1
2018-05-15,28940,2018-03-31,,10387000000,-0.014,,,,,194000000,,170000000,,,194000000,,11.09,,0.051,0.020,0.019,,9129000000,3932000000,0.431,224.66,3932000000,829000000,-124000000,-70000000,3727000000,,0.270,,,,,,true,false,12,2017-04-01,2018-03-31,0
2018-05-15,28940,2017-03-31,,10538000000,0.007,,,,,-38000000,,-32000000,,,-65000000,,-3.75,,-0.018,-0.004,-0.004,,8293000000,3620000000,0.437,206.81,3620000000,367000000,891000000,430000000,3093000000,,,,,,,,true,false,12,2016-04-01,2017-03-31,-1
2018-05-15,28940,2019-03-31,,10368000000,-0.002,,,,,166000000,-0.146,160000000,-0.059,,110000000,,6.28,,,,,,,,,,,,,,,,0.477,,,,,,true,true,12,2018-04-01,2019-03-31,1
2018-05-15,28940,2018-03-31,,10322000000,-0.017,,,,,219000000,,191000000,,216000000,,,12.36,,,,,,9110000000,4055000000,0.445,231.67,4055000000,,,,,3.00,,,,18392000,886971,17506033,false,false,12,2017-04-01,2018-03-31,0
2018-05-15,28940,2017-03-31,,10499000000,0.005,,,,,-28000000,,-4000000,,-37000000,,,-2.16,,,,,,8253000000,3838000000,0.465,219.26,3838000000,,,,,3.00,,,,18392000,885314,17507624,false,false,12,2016-04-01,2017-03-31,-1
2018-05-15,28940,2019-03-31,,,,,,,,,,,,,,,,,,,,,,,,,,,,,,3.00,,,,,,,false,true,12,2018-04-01,2019-03-31,1
2018-07-30,28940,2019-03-31,1,2454000000,-0.029,,,,,14000000,-0.637,12000000,-0.682,,3000000,,0.17,,,,,,9074000000,3884000000,0.428,,3884000000,,,,,,,,,,,,true,false,3,2018-04-01,2018-06-30,0
2018-07-30,28940,2018-03-31,1,2528000000,0.024,,,,,39000000,,39000000,,,25000000,,1.48,,,,,,,,,,,,,,,,,,,,,,true,false,3,2017-04-01,2017-06-30,-1
2018-07-30,28940,2019-03-31,1,10368000000,-0.002,,,,,166000000,-0.146,160000000,-0.059,,110000000,,6.28,,,,,,,,,,,,,,,,,,,,,,true,true,12,2018-04-01,2019-03-31,0
2018-07-30,28940,2018-03-31,1,,,,,,,,,,,,,,,,,,,,9085000000,3932000000,0.433,,3932000000,,,,,,,,,,,,true,false,12,2017-04-01,2018-03-31,-1
2018-07-30,28940,2018-03-31,1,,,,,,,,,,,,,,,,,,,,,,,,,,,,,3.00,,,,18392000,886971,,false,false,12,2017-04-01,2018-03-31,-1
2018-07-30,28940,2019-03-31,1,,,,,,,,,,,,,,,,,,,,,,,,,,,,,3.00,,,,,,,false,true,12,2018-04-01,2019-03-31,0
2018-07-30,28940,2019-03-31,1,,,,,,,,,,,,,,,,,,,,,,,,,,,,,,,,,18392000,886971,17505029,false,false,3,2018-04-01,2018-06-30,0
2018-07-30,28940,2018-03-31,1,,,,,,,,,,,,,,,,,,,,,,,,,,,,,,,,,,,17506311,false,false,3,2017-04-01,2017-06-30,-1
2018-10-30,28940,2019-03-31,2,4775000000,-0.021,,,,,-39000000,,-45000000,,,-42000000,,-2.43,,,,,,8906000000,3850000000,0.432,,3850000000,,,,,,,,,,,,true,false,6,2018-04-01,2018-09-30,0
2018-10-30,28940,2018-03-31,2,4879000000,0.004,,,,,-43000000,,-50000000,,,-62000000,,-3.59,,,,,,,,,,,,,,,,,,,,,,true,false,6,2017-04-01,2017-09-30,-1
2018-10-30,28940,2019-03-31,2,10368000000,-0.002,,,,,166000000,-0.146,160000000,-0.059,,110000000,,6.28,,,,,,,,,,,,,,,,,,,,,,true,true,12,2018-04-01,2019-03-31,0
2018-10-30,28940,2018-03-31,2,,,,,,,,,,,,,,,,,,,,9085000000,3932000000,0.433,,3932000000,,,,,,,,,,,,true,false,12,2017-04-01,2018-03-31,-1
2018-10-30,28940,2018-03-31,2,,,,,,,,,,,,,,,,,,,,,,,,,,,,,3.00,,,,18392000,886971,,false,false,12,2017-04-01,2018-03-31,-1
2018-10-30,28940,2019-03-31,2,,,,,,,,,,,,,,,,,,,,,,,,,,,,,0.00,,,,,,,false,false,12,2018-04-01,2019-03-31,0
2018-10-30,28940,2019-03-31,2,,,,,,,,,,,,,,,,,,,,,,,,,,,,,3.00,,,,,,,false,true,12,2018-04-01,2019-03-31,0
2018-10-30,28940,2019-03-31,2,,,,,,,,,,,,,,,,,,,,,,,,,,,,,,,,,18392000,886971,17505029,false,false,6,2018-04-01,2018-09-30,0
2018-10-30,28940,2018-03-31,2,,,,,,,,,,,,,,,,,,,,,,,,,,,,,,,,,,,17506257,false,false,6,2017-04-01,2017-09-30,-1
2019-01-30,28940,2019-03-31,3,7497000000,-0.075,,,,,44000000,-0.788,43000000,-0.768,,35000000,,2.01,,,,,,9060000000,3861000000,0.426,,3861000000,,,,,,,,,,,,true,false,9,2018-04-01,2018-12-31,0
2019-01-30,28940,2018-03-31,3,8105000000,-0.023,,,,,210000000,,185000000,,,129000000,,7.38,,,,,,,,,,,,,,,,,,,,,,true,false,9,2017-04-01,2017-12-31,-1
2019-01-30,28940,2019-03-31,3,10368000000,-0.002,,,,,166000000,-0.146,160000000,-0.059,,110000000,,6.28,,,,,,,,,,,,,,,,,,,,,,true,true,12,2018-04-01,2019-03-31,0
2019-01-30,28940,2018-03-31,3,,,,,,,,,,,,,,,,,,,,9085000000,3932000000,0.433,,3932000000,,,,,,,,,,,,true,false,12,2017-04-01,2018-03-31,-1
2019-01-30,28940,2018-03-31,3,,,,,,,,,,,,,,,,,,,,,,,,,,,,,3.00,,,,18392000,886971,,false,false,12,2017-04-01,2018-03-31,-1
2019-01-30,28940,2019-03-31,3,,,,,,,,,,,,,,,,,,,,,,,,,,,,,0.00,,,,,,,false,false,12,2018-04-01,2019-03-31,0
2019-01-30,28940,2019-03-31,3,,,,,,,,,,,,,,,,,,,,,,,,,,,,,3.00,,,,,,,false,true,12,2018-04-01,2019-03-31,0
2019-01-30,28940,2019-03-31,3,,,,,,,,,,,,,,,,,,,,,,,,,,,,,,,,,18392000,886996,17505026,false,false,9,2018-04-01,2018-12-31,0
2019-01-30,28940,2018-03-31,3,,,,,,,,,,,,,,,,,,,,,,,,,,,,,,,,,,,17506213,false,false,9,2017-04-01,2017-12-31,-1
2019-04-26,28940,2019-03-31,,9692000000,-0.065,,,,,-12000000,,-10000000,,,0,,0.00,,,,,,,,,,,,,,,,,,,,,,true,true,12,2018-04-01,2019-03-31,0
2019-04-26,28940,2018-03-31,,10387000000,,,,,,194000000,,170000000,,,194000000,,11.09,,,,,,,,,,,,,,,,,,,,,,true,false,12,2017-04-01,2018-03-31,-1
2019-05-15,28940,2019-03-31,,9694000000,-0.067,,,,,2000000,-0.988,3000000,-0.981,,9000000,,0.55,,0.002,0.000,0.000,,8364000000,3755000000,0.449,222.53,3755000000,288000000,-210000000,-481000000,3323000000,,5.455,,,,,,true,false,12,2018-04-01,2019-03-31,0
2019-05-15,28940,2018-03-31,,10387000000,-0.014,,,,,194000000,,170000000,,,194000000,,11.09,,0.051,0.020,0.019,,9085000000,3932000000,0.433,224.66,3932000000,829000000,-124000000,-70000000,3727000000,,0.270,,,,,,true,false,12,2017-04-01,2018-03-31,-1
2019-05-15,28940,2020-03-31,,10000000000,0.031,,,,,100000000,,100000000,,,50000000,,2.96,,,,,,,,,,,,,,,,1.014,,,,,,true,true,12,2019-04-01,2020-03-31,1
2019-05-15,28940,2019-03-31,,9646000000,-0.065,,,,,23000000,-0.893,13000000,-0.928,-14000000,,,-0.83,,,,,,8347000000,3766000000,0.451,223.17,3766000000,,,,,3.00,,,,18392000,1514996,17408405,false,false,12,2018-04-01,2019-03-31,0
2019-05-15,28940,2018-03-31,,10322000000,-0.017,,,,,219000000,,191000000,,216000000,,,12.36,,,,,,9066000000,4055000000,0.447,231.67,4055000000,,,,,3.00,,,,18392000,886971,17506033,false,false,12,2017-04-01,2018-03-31,-1
2019-05-15,28940,2020-03-31,,,,,,,,,,,,,,,,,,,,,,,,,,,,,,3.00,,,,,,,false,true,12,2019-04-01,2020-03-31,1
2019-05-15,28940,2019-03-31,,9694000000,0.000,,,,,2000000,,3000000,,,9000000,,0.55,,,,,,,,,,,,,,,,,,,,,,true,true,12,2018-04-01,2019-03-31,0
2019-05-15,28940,2018-03-31,,10387000000,,,,,,194000000,,170000000,,,194000000,,11.09,,,,,,,,,,,,,,,,,,,,,,true,false,12,2017-04-01,2018-03-31,-1
2019-07-30,28940,2020-03-31,1,2410000000,-0.018,,,,,6000000,-0.558,7000000,-0.377,,-2000000,,-0.16,,,,,,7962000000,3682000000,0.462,,3682000000,,,,,,,,,,,,true,false,3,2019-04-01,2019-06-30,0
2019-07-30,28940,2019-03-31,1,2454000000,-0.029,,,,,14000000,-0.637,12000000,-0.682,,3000000,,0.17,,,,,,,,,,,,,,,,,,,,,,true,false,3,2018-04-01,2018-06-30,-1
2019-07-30,28940,2020-03-31,1,10000000000,0.031,,,,,100000000,,100000000,,,50000000,,3.00,,,,,,,,,,,,,,,,,,,,,,true,true,12,2019-04-01,2020-03-31,0
2019-07-30,28940,2019-03-31,1,,,,,,,,,,,,,,,,,,,,8364000000,3755000000,0.449,,3755000000,,,,,,,,,,,,true,false,12,2018-04-01,2019-03-31,-1
2019-07-30,28940,2019-03-31,1,,,,,,,,,,,,,,,,,,,,,,,,,,,,,3.00,,,,18392000,1514996,,false,false,12,2018-04-01,2019-03-31,-1
2019-07-30,28940,2020-03-31,1,,,,,,,,,,,,,,,,,,,,,,,,,,,,,3.00,,,,,,,false,true,12,2019-04-01,2020-03-31,0
2019-07-30,28940,2020-03-31,1,,,,,,,,,,,,,,,,,,,,,,,,,,,,,,,,,18392000,1514996,16877004,false,false,3,2019-04-01,2019-06-30,0
2019-07-30,28940,2019-03-31,1,,,,,,,,,,,,,,,,,,,,,,,,,,,,,,,,,,,17505029,false,false,3,2018-04-01,2018-06-30,-1
2019-10-29,28940,2020-03-31,2,4664000000,-0.023,,,,,-118000000,,-117000000,,,-130000000,,-7.75,,,,,,7319000000,3556000000,0.486,,3556000000,,,,,,,,,,,,true,false,6,2019-04-01,2019-09-30,0
2019-10-29,28940,2019-03-31,2,4775000000,-0.021,,,,,-39000000,,-45000000,,,-42000000,,-2.43,,,,,,,,,,,,,,,,,,,,,,true,false,6,2018-04-01,2018-09-30,-1
2019-10-29,28940,2020-03-31,2,10000000000,0.031,,,,,100000000,,100000000,,,50000000,,2.96,,,,,,,,,,,,,,,,,,,,,,true,true,12,2019-04-01,2020-03-31,0
2019-10-29,28940,2019-03-31,2,,,,,,,,,,,,,,,,,,,,8364000000,3755000000,0.449,,3755000000,,,,,,,,,,,,true,false,12,2018-04-01,2019-03-31,-1
2019-10-29,28940,2019-03-31,2,,,,,,,,,,,,,,,,,,,,,,,,,,,,,3.00,,,,18392000,1514996,,false,false,12,2018-04-01,2019-03-31,-1
2019-10-29,28940,2020-03-31,2,,,,,,,,,,,,,,,,,,,,,,,,,,,,,0.00,,,,,,,false,false,12,2019-04-01,2020-03-31,0
2019-10-29,28940,2020-03-31,2,,,,,,,,,,,,,,,,,,,,,,,,,,,,,3.00,,,,,,,false,true,12,2019-04-01,2020-03-31,0
2019-10-29,28940,2020-03-31,2,,,,,,,,,,,,,,,,,,,,,,,,,,,,,,,,,18392000,1514996,16877004,false,false,6,2019-04-01,2019-09-30,0
2019-10-29,28940,2019-03-31,2,,,,,,,,,,,,,,,,,,,,,,,,,,,,,,,,,,,17505029,false,false,6,2018-04-01,2018-09-30,-1
2020-01-29,28940,2020-03-31,,9480000000,-0.052,,,,,-170000000,,-170000000,,,-230000000,,-13.63,,,,,,,,,,,,,,,,,,,,,,true,true,12,2019-04-01,2020-03-31,0
2020-01-29,28940,2019-03-31,,9694000000,,,,,,2000000,,3000000,,,9000000,,0.55,,,,,,,,,,,,,,,,,,,,,,true,false,12,2018-04-01,2019-03-31,-1
2020-01-30,28940,2020-03-31,3,7302000000,-0.026,,,,,-90000000,,-85000000,,,-154000000,,-9.17,,,,,,7836000000,3552000000,0.453,,3552000000,,,,,,,,,,,,true,false,9,2019-04-01,2019-12-31,0
2020-01-30,28940,2019-03-31,3,7497000000,-0.075,,,,,44000000,-0.788,43000000,-0.768,,35000000,,2.01,,,,,,,,,,,,,,,,,,,,,,true,false,9,2018-04-01,2018-12-31,-1
2020-01-30,28940,2020-03-31,3,9480000000,-0.022,,,,,-170000000,,-170000000,,,-230000000,,-13.63,,,,,,,,,,,,,,,,,,,,,,true,true,12,2019-04-01,2020-03-31,0
2020-01-30,28940,2019-03-31,3,,,,,,,,,,,,,,,,,,,,8364000000,3755000000,0.449,,3755000000,,,,,,,,,,,,true,false,12,2018-04-01,2019-03-31,-1
2020-01-30,28940,2019-03-31,3,,,,,,,,,,,,,,,,,,,,,,,,,,,,,3.00,,,,18392000,1514996,,false,false,12,2018-04-01,2019-03-31,-1
2020-01-30,28940,2020-03-31,3,,,,,,,,,,,,,,,,,,,,,,,,,,,,,0.00,,,,,,,false,false,12,2019-04-01,2020-03-31,0
2020-01-30,28940,2020-03-31,3,,,,,,,,,,,,,,,,,,,,,,,,,,,,,3.00,,,,,,,false,true,12,2019-04-01,2020-03-31,0
2020-01-30,28940,2020-03-31,3,,,,,,,,,,,,,,,,,,,,,,,,,,,,,,,,,18392000,1514996,16877004,false,false,9,2019-04-01,2019-12-31,0
2020-01-30,28940,2019-03-31,3,,,,,,,,,,,,,,,,,,,,,,,,,,,,,,,,,,,17505026,false,false,9,2018-04-01,2018-12-31,-1
2020-05-13,28940,2020-03-31,,9556000000,-0.014,,,,,-126000000,,-117000000,,,-162000000,,-9.62,,-0.045,-0.015,-0.013,,7175000000,3461000000,0.482,205.09,3461000000,-132000000,-129000000,-576000000,2485000000,,,,,,,,true,false,12,2019-04-01,2020-03-31,0
2020-05-13,28940,2019-03-31,,9694000000,-0.067,,,,,2000000,-0.988,3000000,-0.981,,9000000,,0.55,,0.002,0.000,0.000,,8364000000,3755000000,0.449,222.53,3755000000,288000000,-210000000,-481000000,3323000000,,5.455,,,,,,true,false,12,2018-04-01,2019-03-31,-1
2020-05-13,28940,2021-03-31,,10000000000,0.046,,,,,50000000,,50000000,,,50000000,,2.96,,,,,,,,,,,,,,,,1.014,,,,,,true,true,12,2020-04-01,2021-03-31,1
2020-05-13,28940,2020-03-31,,9518000000,-0.013,,,,,-117000000,,-117000000,,-162000000,,,-9.60,,,,,,7147000000,3512000000,0.491,208.11,3512000000,,,,,3.00,,,,18392000,1514996,16877004,false,false,12,2019-04-01,2020-03-31,0
2020-05-13,28940,2019-03-31,,9646000000,-0.065,,,,,23000000,-0.893,13000000,-0.928,-14000000,,,-0.83,,,,,,8347000000,3766000000,0.451,223.17,3766000000,,,,,3.00,,,,18392000,1514996,17408405,false,false,12,2018-04-01,2019-03-31,-1
2020-05-13,28940,2021-03-31,,,,,,,,,,,,,,,,,,,,,,,,,,,,,,3.00,,,,,,,false,true,12,2020-04-01,2021-03-31,1
2020-07-30,28940,2021-03-31,1,2206000000,-0.085,,,,,-51000000,,-48000000,,,-30000000,,-1.84,,,,,,7140000000,3386000000,0.474,,3386000000,,,,,,,,,,,,true,false,3,2020-04-01,2020-06-30,0
2020-07-30,28940,2020-03-31,1,2410000000,-0.018,,,,,6000000,-0.558,7000000,-0.377,,-2000000,,-0.16,,,,,,,,,,,,,,,,,,,,,,true,false,3,2019-04-01,2019-06-30,-1
2020-07-30,28940,2021-03-31,1,10000000000,0.046,,,,,50000000,,50000000,,,50000000,,2.96,,,,,,,,,,,,,,,,,,,,,,true,true,12,2020-04-01,2021-03-31,0
2020-07-30,28940,2020-03-31,1,,,,,,,,,,,,,,,,,,,,7175000000,3461000000,0.482,,3461000000,,,,,,,,,,,,true,false,12,2019-04-01,2020-03-31,-1
2020-07-30,28940,2020-03-31,1,,,,,,,,,,,,,,,,,,,,,,,,,,,,,3.00,,,,18392000,1514996,,false,false,12,2019-04-01,2020-03-31,-1
2020-07-30,28940,2021-03-31,1,,,,,,,,,,,,,,,,,,,,,,,,,,,,,3.00,,,,,,,false,true,12,2020-04-01,2021-03-31,0
2020-07-30,28940,2021-03-31,1,,,,,,,,,,,,,,,,,,,,,,,,,,,,,,,,,18392000,1514996,16877004,false,false,3,2020-04-01,2020-06-30,0
2020-07-30,28940,2020-03-31,1,,,,,,,,,,,,,,,,,,,,,,,,,,,,,,,,,,,16877004,false,false,3,2019-04-01,2019-06-30,-1
2020-10-29,28940,2021-03-31,2,4425000000,-0.051,,,,,-174000000,,-155000000,,,-176000000,,-10.46,,,,,,6447000000,3262000000,0.506,,3262000000,,,,,,,,,,,,true,false,6,2020-04-01,2020-09-30,0
2020-10-29,28940,2020-03-31,2,4664000000,-0.023,,,,,-118000000,,-117000000,,,-130000000,,-7.75,,,,,,,,,,,,,,,,,,,,,,true,false,6,2019-04-01,2019-09-30,-1
2020-10-29,28940,2021-03-31,2,9000000000,-0.058,,,,,-395000000,,-384000000,,,-414000000,,-24.53,,,,,,,,,,,,,,,,,,,,,,true,true,12,2020-04-01,2021-03-31,0
2020-10-29,28940,2020-03-31,2,,,,,,,,,,,,,,,,,,,,7175000000,3461000000,0.482,,3461000000,,,,,,,,,,,,true,false,12,2019-04-01,2020-03-31,-1
2020-10-29,28940,2020-03-31,2,,,,,,,,,,,,,,,,,,,,,,,,,,,,,3.00,,,,18392000,1514996,,false,false,12,2019-04-01,2020-03-31,-1
2020-10-29,28940,2021-03-31,2,,,,,,,,,,,,,,,,,,,,,,,,,,,,,0.00,,,,,,,false,false,12,2020-04-01,2021-03-31,0
2020-10-29,28940,2021-03-31,2,,,,,,,,,,,,,,,,,,,,,,,,,,,,,3.00,,,,,,,false,true,12,2020-04-01,2021-03-31,0
2020-10-29,28940,2021-03-31,2,,,,,,,,,,,,,,,,,,,,,,,,,,,,,,,,,18392000,1514996,16877004,false,false,6,2020-04-01,2020-09-30,0
2020-10-29,28940,2020-03-31,2,,,,,,,,,,,,,,,,,,,,,,,,,,,,,,,,,,,16877004,false,false,6,2019-04-01,2019-09-30,-1
2020-10-29,28940,2021-03-31,,9000000000,-0.100,,,,,-395000000,,-384000000,,,-414000000,,-24.53,,,,,,,,,,,,,,,,,,,,,,true,true,12,2020-04-01,2021-03-31,0
2020-10-29,28940,2020-03-31,,9556000000,,,,,,-126000000,,-117000000,,,-162000000,,-9.62,,,,,,,,,,,,,,,,,,,,,,true,false,12,2019-04-01,2020-03-31,-1
2021-01-29,28940,2021-03-31,3,6944000000,-0.049,,,,,-127000000,,-112000000,,,-138000000,,-8.20,,,,,,7565000000,3296000000,0.436,,3296000000,,,,,,,,,,,,true,false,9,2020-04-01,2020-12-31,0
2021-01-29,28940,2020-03-31,3,7302000000,-0.026,,,,,-90000000,,-85000000,,,-154000000,,-9.17,,,,,,,,,,,,,,,,,,,,,,true,false,9,2019-04-01,2019-12-31,-1
2021-01-29,28940,2021-03-31,3,9000000000,-0.058,,,,,-395000000,,-384000000,,,-414000000,,-24.53,,,,,,,,,,,,,,,,,,,,,,true,true,12,2020-04-01,2021-03-31,0
2021-01-29,28940,2020-03-31,3,,,,,,,,,,,,,,,,,,,,7175000000,3461000000,0.482,,3461000000,,,,,,,,,,,,true,false,12,2019-04-01,2020-03-31,-1
2021-01-29,28940,2020-03-31,3,,,,,,,,,,,,,,,,,,,,,,,,,,,,,3.00,,,,18392000,1514996,,false,false,12,2019-04-01,2020-03-31,-1
2021-01-29,28940,2021-03-31,3,,,,,,,,,,,,,,,,,,,,,,,,,,,,,0.00,,,,,,,false,false,12,2020-04-01,2021-03-31,0
2021-01-29,28940,2021-03-31,3,,,,,,,,,,,,,,,,,,,,,,,,,,,,,3.00,,,,,,,false,true,12,2020-04-01,2021-03-31,0
2021-01-29,28940,2021-03-31,3,,,,,,,,,,,,,,,,,,,,,,,,,,,,,,,,,18392000,1514996,16877004,false,false,9,2020-04-01,2020-12-31,0
2021-01-29,28940,2020-03-31,3,,,,,,,,,,,,,,,,,,,,,,,,,,,,,,,,,,,16877004,false,false,9,2019-04-01,2019-12-31,-1
2021-04-28,28940,2021-03-31,,9192000000,0.021,,,,,-179000000,0.547,-162000000,0.578,,-800000000,,-47.43,,,,,,,,,,,,,,,,,,,,,,true,true,12,2020-04-01,2021-03-31,0
2021-04-28,28940,2020-03-31,,9556000000,,,,,,-126000000,,-117000000,,,-162000000,,-9.62,,,,,,,,,,,,,,,,,,,,,,true,false,12,2019-04-01,2020-03-31,-1
2021-05-13,28940,2021-03-31,,9192000000,-0.038,,,,,-182000000,,-163000000,,,-798000000,,-47.29,,-0.261,-0.024,-0.020,,6454000000,2643000000,0.410,156.62,2643000000,88000000,-120000000,125000000,2579000000,,,,,,,,true,false,12,2020-04-01,2021-03-31,0
2021-05-13,28940,2020-03-31,,9556000000,-0.014,,,,,-126000000,,-117000000,,,-162000000,,-9.62,,-0.045,-0.015,-0.013,,7175000000,3461000000,0.482,205.09,3461000000,-132000000,-129000000,-576000000,2485000000,,,,,,,,true,false,12,2019-04-01,2020-03-31,-1
2021-05-13,28940,2022-03-31,,8800000000,,,,,,40000000,,50000000,,,0,,0.00,,,,,,,,,,,,,,,,,,,,,,true,true,12,2021-04-01,2022-03-31,1
2021-05-13,28940,2021-03-31,,9140000000,-0.040,,,,,-150000000,,-163000000,,-797000000,,,-47.28,,,,,,6420000000,2732000000,0.426,161.89,2732000000,,,,,3.00,,,,18392000,1514996,16877004,false,false,12,2020-04-01,2021-03-31,0
2021-05-13,28940,2020-03-31,,9518000000,-0.013,,,,,-117000000,,-117000000,,-162000000,,,-9.60,,,,,,7147000000,3512000000,0.491,208.11,3512000000,,,,,3.00,,,,18392000,1514996,16877004,false,false,12,2019-04-01,2020-03-31,-1
2021-05-13,28940,2022-03-31,,,,,,,,,,,,,,,,,,,,,,,,,,,,,,3.00,,,,,,,false,true,12,2021-04-01,2022-03-31,1
2021-07-30,28940,2022-03-31,1,2183000000,0.101,,,,,31000000,,37000000,,,22000000,,1.32,,,,,,6084000000,2604000000,0.428,,2604000000,,,,,,,,,,,,true,false,3,2021-04-01,2021-06-30,0
2021-07-30,28940,2021-03-31,1,1983000000,,,,,,-51000000,,-48000000,,,-30000000,,-1.84,,,,,,,,,,,,,,,,,,,,,,true,false,3,2020-04-01,2020-06-30,-1
2021-07-30,28940,2022-03-31,1,8800000000,0.059,,,,,40000000,,50000000,,,0,,0.00,,,,,,,,,,,,,,,,,,,,,,true,true,12,2021-04-01,2022-03-31,0
2021-07-30,28940,2021-03-31,1,,,,,,,,,,,,,,,,,,,,6454000000,2643000000,0.410,,2643000000,,,,,,,,,,,,true,false,12,2020-04-01,2021-03-31,-1
2021-07-30,28940,2021-03-31,1,,,,,,,,,,,,,,,,,,,,,,,,,,,,,3.00,,,,18392000,1514996,,false,false,12,2020-04-01,2021-03-31,-1
2021-07-30,28940,2022-03-31,1,,,,,,,,,,,,,,,,,,,,,,,,,,,,,3.00,,,,,,,false,true,12,2021-04-01,2022-03-31,0
2021-07-30,28940,2022-03-31,1,,,,,,,,,,,,,,,,,,,,,,,,,,,,,,,,,18392000,1514996,16877004,false,false,3,2021-04-01,2021-06-30,0
2021-07-30,28940,2021-03-31,1,,,,,,,,,,,,,,,,,,,,,,,,,,,,,,,,,,,16877004,false,false,3,2020-04-01,2020-06-30,-1
2021-07-30,28940,2022-03-31,1,2169000000,0.094,,,,,17000000,,24000000,,,10000000,,0.62,,,,,,6084000000,2592000000,0.426,,2592000000,,,,,,,,,,,,true,false,3,2021-04-01,2021-06-30,0
2021-07-30,28940,2021-03-31,1,1983000000,,,,,,-51000000,,-48000000,,,-30000000,,-1.84,,,,,,,,,,,,,,,,,,,,,,true,false,3,2020-04-01,2020-06-30,-1
2021-07-30,28940,2022-03-31,1,8800000000,0.059,,,,,40000000,,50000000,,,0,,0.00,,,,,,,,,,,,,,,,,,,,,,true,true,12,2021-04-01,2022-03-31,0
2021-07-30,28940,2021-03-31,1,,,,,,,,,,,,,,,,,,,,6454000000,2643000000,0.410,,2643000000,,,,,,,,,,,,true,false,12,2020-04-01,2021-03-31,-1
2021-07-30,28940,2021-03-31,1,,,,,,,,,,,,,,,,,,,,,,,,,,,,,3.00,,,,18392000,1514996,,false,false,12,2020-04-01,2021-03-31,-1
2021-07-30,28940,2022-03-31,1,,,,,,,,,,,,,,,,,,,,,,,,,,,,,3.00,,,,,,,false,true,12,2021-04-01,2022-03-31,0
2021-07-30,28940,2022-03-31,1,,,,,,,,,,,,,,,,,,,,,,,,,,,,,,,,,18392000,1514996,16877004,false,false,3,2021-04-01,2021-06-30,0
2021-07-30,28940,2021-03-31,1,,,,,,,,,,,,,,,,,,,,,,,,,,,,,,,,,,,16877004,false,false,3,2020-04-01,2020-06-30,-1
2021-10-29,28940,2022-03-31,2,4251000000,0.067,,,,,2000000,,10000000,,,-2000000,,-0.13,,,,,,5928000000,2600000000,0.439,,2600000000,,,,,,,,,,,,true,false,6,2021-04-01,2021-09-30,0
2021-10-29,28940,2021-03-31,2,3983000000,,,,,,-174000000,,-155000000,,,-176000000,,-10.46,,,,,,,,,,,,,,,,,,,,,,true,false,6,2020-04-01,2020-09-30,-1
2021-10-29,28940,2022-03-31,2,8800000000,0.059,,,,,40000000,,50000000,,,0,,0.00,,,,,,,,,,,,,,,,,,,,,,true,true,12,2021-04-01,2022-03-31,0
2021-10-29,28940,2021-03-31,2,,,,,,,,,,,,,,,,,,,,6454000000,2643000000,0.410,,2643000000,,,,,,,,,,,,true,false,12,2020-04-01,2021-03-31,-1
2021-10-29,28940,2021-03-31,2,,,,,,,,,,,,,,,,,,,,,,,,,,,,,3.00,,,,18392000,1514996,,false,false,12,2020-04-01,2021-03-31,-1
2021-10-29,28940,2022-03-31,2,,,,,,,,,,,,,,,,,,,,,,,,,,,,,0.00,,,,,,,false,false,12,2021-04-01,2022-03-31,0
2021-10-29,28940,2022-03-31,2,,,,,,,,,,,,,,,,,,,,,,,,,,,,,3.00,,,,,,,false,true,12,2021-04-01,2022-03-31,0
2021-10-29,28940,2022-03-31,2,,,,,,,,,,,,,,,,,,,,,,,,,,,,,,,,,18392000,1514996,16877004,false,false,6,2021-04-01,2021-09-30,0
2021-10-29,28940,2021-03-31,2,,,,,,,,,,,,,,,,,,,,,,,,,,,,,,,,,,,16877004,false,false,6,2020-04-01,2020-09-30,-1
2022-01-31,2894,2022-03-31,3,6682000000,0.065,,,,,113000000,,124000000,,,72000000,,4.32,,,,,,6614000000,2656000000,0.402,,2656000000,,,,,,,,,,,,true,false,9,2021-04-01,2021-12-31,0
2022-01-31,2894,2021-03-31,3,6272000000,,,,,,-127000000,,-112000000,,,-138000000,,-8.20,,,,,,,,,,,,,,,,,,,,,,true,false,9,2020-04-01,2020-12-31,-1
2022-01-31,2894,2022-03-31,3,8800000000,0.059,,,,,40000000,,50000000,,,0,,0.00,,,,,,,,,,,,,,,,,,,,,,true,true,12,2021-04-01,2022-03-31,0
2022-01-31,2894,2021-03-31,3,,,,,,,,,,,,,,,,,,,,6454000000,2643000000,0.410,,2643000000,,,,,,,,,,,,true,false,12,2020-04-01,2021-03-31,-1
2022-01-31,2894,2021-03-31,3,,,,,,,,,,,,,,,,,,,,,,,,,,,,,3.00,,,,18392000,1514996,,false,false,12,2020-04-01,2021-03-31,-1
2022-01-31,2894,2022-03-31,3,,,,,,,,,,,,,,,,,,,,,,,,,,,,,0.00,,,,,,,false,false,12,2021-04-01,2022-03-31,0
2022-01-31,2894,2022-03-31,3,,,,,,,,,,,,,,,,,,,,,,,,,,,,,3.00,,,,,,,false,true,12,2021-04-01,2022-03-31,0
2022-01-31,2894,2022-03-31,3,,,,,,,,,,,,,,,,,,,,,,,,,,,,,,,,,18392000,1514996,16877004,false,false,9,2021-04-01,2021-12-31,0
2022-01-31,2894,2021-03-31,3,,,,,,,,,,,,,,,,,,,,,,,,,,,,,,,,,,,16877004,false,false,9,2020-04-01,2020-12-31,-1
2022-05-06,28940,2022-03-31,,8831000000,0.004,,,,,78000000,0.953,100000000,1.013,,16000000,,0.97,,,,,,,,,,,,,,,,,,,,,,true,true,12,2021-04-01,2022-03-31,0
2022-05-06,28940,2021-03-31,,8307000000,,,,,,-182000000,,-163000000,,,-798000000,,-47.29,,,,,,,,,,,,,,,,,,,,,,true,false,12,2020-04-01,2021-03-31,-1
2022-05-13,2894,2022-03-31,,8831000000,0.063,,,,,78000000,,100000000,,,16000000,,0.97,,0.006,0.016,0.009,,6035000000,2557000000,0.424,151.53,2557000000,155000000,-277000000,-434000000,2023000000,,3.093,,,,,,true,false,12,2021-04-01,2022-03-31,0
2022-05-13,2894,2021-03-31,,8307000000,,,,,,-182000000,,-163000000,,,-798000000,,-47.29,,-0.261,-0.024,-0.022,,6454000000,2643000000,0.410,156.62,2643000000,88000000,-120000000,125000000,2579000000,,,,,,,,true,false,12,2020-04-01,2021-03-31,-1
2022-05-13,2894,2023-03-31,,9252000000,0.048,,,,,-93000000,,-66000000,,,-105000000,,-6.27,,,,,,,,,,,,,,,,,,,,,,true,true,12,2022-04-01,2023-03-31,1
2022-05-13,2894,2022-03-31,,8749000000,0.060,,,,,102000000,,87000000,,3000000,,,0.18,,,,,,6012000000,2677000000,0.445,158.66,2677000000,,,,,3.00,,,,18392000,1514996,16877004,false,false,12,2021-04-01,2022-03-31,0
2022-05-13,2894,2021-03-31,,8255000000,,,,,,-150000000,,-163000000,,-797000000,,,-47.28,,,,,,6420000000,2732000000,0.426,161.89,2732000000,,,,,3.00,,,,18392000,1514996,16877004,false,false,12,2020-04-01,2021-03-31,-1
2022-05-13,2894,2023-03-31,,,,,,,,,,,,,,,,,,,,,,,,,,,,,,0.00,,,,,,,false,true,12,2022-04-01,2023-03-31,1
2022-07-29,2894,2023-03-31,1,2283000000,0.052,,,,,5000000,-0.670,5000000,-0.769,,-2000000,,-0.16,,,,,,6127000000,2519000000,0.411,,2519000000,,,,,,,,,,,,true,false,3,2022-04-01,2022-06-30,0
2022-07-29,2894,2022-03-31,1,2169000000,0.094,,,,,17000000,,24000000,,,10000000,,0.62,,,,,,,,,,,,,,,,,,,,,,true,false,3,2021-04-01,2021-06-30,-1
2022-07-29,2894,2023-03-31,1,9252000000,0.048,,,,,-93000000,,-66000000,,,-105000000,,-6.27,,,,,,,,,,,,,,,,,,,,,,true,true,12,2022-04-01,2023-03-31,0
2022-07-29,2894,2022-03-31,1,,,,,,,,,,,,,,,,,,,,6035000000,2557000000,0.424,,2557000000,,,,,,,,,,,,true,false,12,2021-04-01,2022-03-31,-1
2022-07-29,2894,2022-03-31,1,,,,,,,,,,,,,,,,,,,,,,,,,,,,,3.00,,,,18392000,1514996,,false,false,12,2021-04-01,2022-03-31,-1
2022-07-29,2894,2023-03-31,1,,,,,,,,,,,,,,,,,,,,,,,,,,,,,0.00,,,,,,,false,true,12,2022-04-01,2023-03-31,0
2022-07-29,2894,2023-03-31,1,,,,,,,,,,,,,,,,,,,,,,,,,,,,,,,,,18392000,1514996,16877004,false,false,3,2022-04-01,2022-06-30,0
2022-07-29,2894,2022-03-31,1,,,,,,,,,,,,,,,,,,,,,,,,,,,,,,,,,,,16877004,false,false,3,2021-04-01,2021-06-30,-1
2022-10-31,2894,2023-03-31,2,4519000000,0.063,,,,,-111000000,,-105000000,,,-113000000,,-6.75,,,,,,5941000000,2431000000,0.409,,2431000000,,,,,,,,,,,,true,false,6,2022-04-01,2022-09-30,0
2022-10-31,2894,2022-03-31,2,4251000000,0.067,,,,,2000000,,10000000,,,-2000000,,-0.13,,,,,,,,,,,,,,,,,,,,,,true,false,6,2021-04-01,2021-09-30,-1
2022-10-31,2894,2023-03-31,2,9252000000,0.048,,,,,-93000000,,-66000000,,,-105000000,,-6.27,,,,,,,,,,,,,,,,,,,,,,true,true,12,2022-04-01,2023-03-31,0
2022-10-31,2894,2022-03-31,2,,,,,,,,,,,,,,,,,,,,6035000000,2557000000,0.424,,2557000000,,,,,,,,,,,,true,false,12,2021-04-01,2022-03-31,-1
2022-10-31,2894,2022-03-31,2,,,,,,,,,,,,,,,,,,,,,,,,,,,,,3.00,,,,18392000,1514996,,false,false,12,2021-04-01,2022-03-31,-1
2022-10-31,2894,2023-03-31,2,,,,,,,,,,,,,,,,,,,,,,,,,,,,,0.00,,,,,,,false,false,12,2022-04-01,2023-03-31,0
2022-10-31,2894,2023-03-31,2,,,,,,,,,,,,,,,,,,,,,,,,,,,,,,,,,18392000,1514997,16877003,false,false,6,2022-04-01,2022-09-30,0
2022-10-31,2894,2022-03-31,2,,,,,,,,,,,,,,,,,,,,,,,,,,,,,,,,,,,16877004,false,false,6,2021-04-01,2021-09-30,-1
2023-01-30,2894,2023-03-31,3,7161000000,0.072,,,,,84000000,-0.255,105000000,-0.157,,87000000,,5.16,,,,,,7014000000,2689000000,0.383,,2689000000,,,,,,,,,,,,true,false,9,2022-04-01,2022-12-31,0
2023-01-30,2894,2022-03-31,3,6682000000,0.065,,,,,113000000,,124000000,,,72000000,,4.32,,,,,,,,,,,,,,,,,,,,,,true,false,9,2021-04-01,2021-12-31,-1
2023-01-30,2894,2023-03-31,3,9252000000,0.048,,,,,-93000000,,-66000000,,,-105000000,,-6.27,,,,,,,,,,,,,,,,,,,,,,true,true,12,2022-04-01,2023-03-31,0
2023-01-30,2894,2022-03-31,3,,,,,,,,,,,,,,,,,,,,6035000000,2557000000,0.424,,2557000000,,,,,,,,,,,,true,false,12,2021-04-01,2022-03-31,-1
2023-01-30,2894,2022-03-31,3,,,,,,,,,,,,,,,,,,,,,,,,,,,,,3.00,,,,18392000,1514996,,false,false,12,2021-04-01,2022-03-31,-1
2023-01-30,2894,2023-03-31,3,,,,,,,,,,,,,,,,,,,,,,,,,,,,,0.00,,,,,,,false,false,12,2022-04-01,2023-03-31,0
2023-01-30,2894,2023-03-31,3,,,,,,,,,,,,,,,,,,,,,,,,,,,,,2.00,,,,,,,false,true,12,2022-04-01,2023-03-31,0
2023-01-30,2894,2023-03-31,3,,,,,,,,,,,,,,,,,,,,,,,,,,,,,,,,,18392000,1514997,16877003,false,false,9,2022-04-01,2022-12-31,0
2023-01-30,2894,2022-03-31,3,,,,,,,,,,,,,,,,,,,,,,,,,,,,,,,,,,,16877004,false,false,9,2021-04-01,2021-12-31,-1
2023-03-31,28940,2023-03-31,,9500000000,0.027,,,,,80000000,,110000000,,,90000000,,5.33,,,,,,,,,,,,,,,,,,,,,,true,true,12,2022-04-01,2023-03-31,0
2023-03-31,28940,2022-03-31,,8831000000,,,,,,78000000,,100000000,,,16000000,,0.97,,,,,,,,,,,,,,,,,,,,,,true,false,12,2021-04-01,2022-03-31,-1
2023-05-12,2894,2023-03-31,,9549000000,0.081,,,,,219000000,1.811,256000000,1.546,,308000000,,18.30,,0.114,0.040,0.023,,6707000000,2876000000,0.429,170.43,2876000000,341000000,-545000000,125000000,1944000000,,0.164,,,,,,true,false,12,2022-04-01,2023-03-31,0
2023-05-12,2894,2022-03-31,,8831000000,0.063,,,,,78000000,,100000000,,,16000000,,0.97,,0.006,0.016,0.009,,6035000000,2557000000,0.424,151.53,2557000000,155000000,-277000000,-434000000,2023000000,,3.093,,,,,,true,false,12,2021-04-01,2022-03-31,-1
2023-05-12,2894,2024-03-31,,9800000000,0.026,,,,,55000000,-0.749,90000000,-0.649,,45000000,,2.67,,,,,,,,,,,,,,,,1.124,,,,,,true,true,12,2023-04-01,2024-03-31,1
2023-05-12,2894,2023-03-31,,9436000000,0.079,,,,,234000000,1.297,250000000,1.882,312000000,,,18.50,,,,,,6685000000,2974000000,0.445,176.25,2974000000,,,,,3.00,,,,18392000,1514997,16877003,false,false,12,2022-04-01,2023-03-31,0
2023-05-12,2894,2022-03-31,,8749000000,0.060,,,,,102000000,,87000000,,3000000,,,0.18,,,,,,6012000000,2677000000,0.445,158.66,2677000000,,,,,3.00,,,,18392000,1514996,16877004,false,false,12,2021-04-01,2022-03-31,-1
2023-05-12,2894,2024-03-31,,,,,,,,,,,,,,,,,,,,,,,,,,,,,,3.00,,,,,,,false,true,12,2023-04-01,2024-03-31,1
2023-07-28,2894,2024-03-31,1,2613000000,0.145,,,,,235000000,,247000000,,,173000000,,10.28,,,,,,6910000000,3023000000,0.437,,3023000000,,,,,,,,,,,,true,false,3,2023-04-01,2023-06-30,0
2023-07-28,2894,2023-03-31,1,2283000000,0.052,,,,,5000000,-0.670,5000000,-0.769,,-2000000,,-0.16,,,,,,,,,,,,,,,,,,,,,,true,false,3,2022-04-01,2022-06-30,-1
2023-07-28,2894,2024-03-31,1,9800000000,0.026,,,,,55000000,-0.749,90000000,-0.649,,45000000,,2.67,,,,,,,,,,,,,,,,,,,,,,true,true,12,2023-04-01,2024-03-31,0
2023-07-28,2894,2023-03-31,1,,,,,,,,,,,,,,,,,,,,6707000000,2876000000,0.429,,2876000000,,,,,,,,,,,,true,false,12,2022-04-01,2023-03-31,-1
2023-07-28,2894,2023-03-31,1,,,,,,,,,,,,,,,,,,,,,,,,,,,,,3.00,,,,18392000,1514997,,false,false,12,2022-04-01,2023-03-31,-1
2023-07-28,2894,2024-03-31,1,,,,,,,,,,,,,,,,,,,,,,,,,,,,,3.00,,,,,,,false,true,12,2023-04-01,2024-03-31,0
2023-07-28,2894,2024-03-31,1,,,,,,,,,,,,,,,,,,,,,,,,,,,,,,,,,18392000,1514997,16877003,false,false,3,2023-04-01,2023-06-30,0
2023-07-28,2894,2023-03-31,1,,,,,,,,,,,,,,,,,,,,,,,,,,,,,,,,,,,16877004,false,false,3,2022-04-01,2022-06-30,-1
2023-10-31,2894,2024-03-31,2,5152000000,0.140,,,,,338000000,,357000000,,,190000000,,11.26,,,,,,7718000000,3112000000,0.403,,3112000000,,,,,,,,,,,,true,false,6,2023-04-01,2023-09-30,0
2023-10-31,2894,2023-03-31,2,4519000000,0.063,,,,,-111000000,,-105000000,,,-113000000,,-6.75,,,,,,,,,,,,,,,,,,,,,,true,false,6,2022-04-01,2022-09-30,-1
2023-10-31,2894,2024-03-31,2,10300000000,0.079,,,,,350000000,0.594,390000000,0.522,,210000000,,12.44,,,,,,,,,,,,,,,,,,,,,,true,true,12,2023-04-01,2024-03-31,0
2023-10-31,2894,2023-03-31,2,,,,,,,,,,,,,,,,,,,,6707000000,2876000000,0.429,,2876000000,,,,,,,,,,,,true,false,12,2022-04-01,2023-03-31,-1
2023-10-31,2894,2023-03-31,2,,,,,,,,,,,,,,,,,,,,,,,,,,,,,3.00,,,,18392000,1514997,,false,false,12,2022-04-01,2023-03-31,-1
2023-10-31,2894,2024-03-31,2,,,,,,,,,,,,,,,,,,,,,,,,,,,,,0.00,,,,,,,false,false,12,2023-04-01,2024-03-31,0
2023-10-31,2894,2024-03-31,2,,,,,,,,,,,,,,,,,,,,,,,,,,,,,4.00,,,,,,,false,true,12,2023-04-01,2024-03-31,0
2023-10-31,2894,2024-03-31,2,,,,,,,,,,,,,,,,,,,,,,,,,,,,,,,,,18392000,1514997,16877003,false,false,6,2023-04-01,2023-09-30,0
2023-10-31,2894,2023-03-31,2,,,,,,,,,,,,,,,,,,,,,,,,,,,,,,,,,,,16877003,false,false,6,2022-04-01,2022-09-30,-1
2024-01-31,2894,2024-03-31,3,7931000000,0.107,,,,,535000000,5.329,565000000,4.382,,393000000,,23.39,,,,,,7736000000,3260000000,0.421,,3260000000,,,,,,,,,,,,true,false,9,2023-04-01,2023-12-31,0
2024-01-31,2894,2023-03-31,3,7161000000,0.072,,,,,84000000,-0.255,105000000,-0.157,,87000000,,5.16,,,,,,,,,,,,,,,,,,,,,,true,false,9,2022-04-01,2022-12-31,-1
2024-01-31,2894,2024-03-31,3,10300000000,0.079,,,,,350000000,0.594,390000000,0.522,,210000000,,12.50,,,,,,,,,,,,,,,,,,,,,,true,true,12,2023-04-01,2024-03-31,0
2024-01-31,2894,2023-03-31,3,,,,,,,,,,,,,,,,,,,,6707000000,2876000000,0.429,,2876000000,,,,,,,,,,,,true,false,12,2022-04-01,2023-03-31,-1
2024-01-31,2894,2023-03-31,3,,,,,,,,,,,,,,,,,,,,,,,,,,,,,3.00,,,,18392000,1514997,,false,false,12,2022-04-01,2023-03-31,-1
2024-01-31,2894,2024-03-31,3,,,,,,,,,,,,,,,,,,,,,,,,,,,,,0.00,,,,,,,false,false,12,2023-04-01,2024-03-31,0
2024-01-31,2894,2024-03-31,3,,,,,,,,,,,,,,,,,,,,,,,,,,,,,4.00,,,,,,,false,true,12,2023-04-01,2024-03-31,0
2024-01-31,2894,2024-03-31,3,,,,,,,,,,,,,,,,,,,,,,,,,,,,,,,,,18392000,1714998,16837002,false,false,9,2023-04-01,2023-12-31,0
2024-01-31,2894,2023-03-31,3,,,,,,,,,,,,,,,,,,,,,,,,,,,,,,,,,,,16877003,false,false,9,2022-04-01,2022-12-31,-1
2024-01-31,2894,2024-03-31,3,7931000000,0.107,,,,,506000000,4.984,536000000,4.104,,306000000,,18.18,,,,,,7736000000,3172000000,0.410,,3172000000,,,,,,,,,,,,true,false,9,2023-04-01,2023-12-31,0
2024-01-31,2894,2023-03-31,3,7161000000,0.072,,,,,84000000,-0.255,105000000,-0.157,,87000000,,5.16,,,,,,,,,,,,,,,,,,,,,,true,false,9,2022-04-01,2022-12-31,-1
2024-01-31,2894,2024-03-31,3,10300000000,0.079,,,,,350000000,0.594,390000000,0.522,,210000000,,12.50,,,,,,,,,,,,,,,,,,,,,,true,true,12,2023-04-01,2024-03-31,0
2024-01-31,2894,2023-03-31,3,,,,,,,,,,,,,,,,,,,,6707000000,2876000000,0.429,,2876000000,,,,,,,,,,,,true,false,12,2022-04-01,2023-03-31,-1
2024-01-31,2894,2023-03-31,3,,,,,,,,,,,,,,,,,,,,,,,,,,,,,3.00,,,,18392000,1514997,,false,false,12,2022-04-01,2023-03-31,-1
2024-01-31,2894,2024-03-31,3,,,,,,,,,,,,,,,,,,,,,,,,,,,,,0.00,,,,,,,false,false,12,2023-04-01,2024-03-31,0
2024-01-31,2894,2024-03-31,3,,,,,,,,,,,,,,,,,,,,,,,,,,,,,4.00,,,,,,,false,true,12,2023-04-01,2024-03-31,0
2024-01-31,2894,2024-03-31,3,,,,,,,,,,,,,,,,,,,,,,,,,,,,,,,,,18392000,1714998,16837002,false,false,9,2023-04-01,2023-12-31,0
2024-01-31,2894,2023-03-31,3,,,,,,,,,,,,,,,,,,,,,,,,,,,,,,,,,,,16877003,false,false,9,2022-04-01,2022-12-31,-1
2024-05-14,2894,2024-03-31,,10492000000,0.099,,,,,413000000,0.884,457000000,0.784,,471000000,,28.07,,0.150,0.062,0.039,,8095000000,3421000000,0.423,205.18,3421000000,1247000000,-611000000,-122000000,2458000000,,0.143,,,,,,true,false,12,2023-04-01,2024-03-31,0
2024-05-14,2894,2023-03-31,,9549000000,0.081,,,,,219000000,1.811,256000000,1.546,,308000000,,18.30,,0.114,0.040,0.023,,6707000000,2876000000,0.429,170.43,2876000000,341000000,-545000000,125000000,1944000000,,0.164,,,,,,true,false,12,2022-04-01,2023-03-31,-1
2024-05-14,2894,2025-03-31,,10710000000,0.021,,,,,250000000,-0.396,280000000,-0.388,,165000000,,9.89,,,,,,,,,,,,,,,,0.404,,,,,,true,true,12,2024-04-01,2025-03-31,1
2024-05-14,2894,2024-03-31,,10329000000,0.095,,,,,405000000,0.731,443000000,0.766,457000000,,0.467,27.25,,,,,,8050000000,3462000000,0.430,207.62,3462000000,,,,,4.00,,,,18392000,1714998,16800079,false,false,12,2023-04-01,2024-03-31,0
2024-05-14,2894,2023-03-31,,9436000000,0.079,,,,,234000000,1.297,250000000,1.882,312000000,,,18.50,,,,,,6685000000,2974000000,0.445,176.25,2974000000,,,,,3.00,,,,18392000,1514997,16877003,false,false,12,2022-04-01,2023-03-31,-1
2024-05-14,2894,2025-03-31,,,,,,,,,,,,,,,,,,,,,,,,,,,,,,4.00,,,,,,,false,true,12,2024-04-01,2025-03-31,1
2024-07-31,2894,2025-03-31,1,2718000000,0.040,,,,,68000000,-0.709,74000000,-0.698,,15000000,,0.91,,,,,,8196000000,3437000000,0.419,,3437000000,,,,,,,,,,,,true,false,3,2024-04-01,2024-06-30,0
2024-07-31,2894,2024-03-31,1,2613000000,0.145,,,,,235000000,,247000000,,,173000000,,10.28,,,,,,,,,,,,,,,,,,,,,,true,false,3,2023-04-01,2023-06-30,-1
2024-07-31,2894,2025-03-31,1,10710000000,0.021,,,,,250000000,-0.396,280000000,-0.388,,165000000,,9.89,,,,,,,,,,,,,,,,,,,,,,true,true,12,2024-04-01,2025-03-31,0
2024-07-31,2894,2024-03-31,1,,,,,,,,,,,,,,,,,,,,8095000000,3421000000,0.423,,3421000000,,,,,,,,,,,,true,false,12,2023-04-01,2024-03-31,-1
2024-07-31,2894,2024-03-31,1,,,,,,,,,,,,,,,,,,,,,,,,,,,,,4.00,,,,18392000,1714998,,false,false,12,2023-04-01,2024-03-31,-1
2024-07-31,2894,2025-03-31,1,,,,,,,,,,,,,,,,,,,,,,,,,,,,,4.00,,,,,,,false,true,12,2024-04-01,2025-03-31,0
2024-07-31,2894,2025-03-31,1,,,,,,,,,,,,,,,,,,,,,,,,,,,,,,,,,18392000,1714998,16677002,false,false,3,2024-04-01,2024-06-30,0
2024-07-31,2894,2024-03-31,1,,,,,,,,,,,,,,,,,,,,,,,,,,,,,,,,,,,16877003,false,false,3,2023-04-01,2023-06-30,-1
2024-11-07,2894,2025-03-31,2,5403000000,0.049,,,,,88000000,-0.739,98000000,-0.724,,34000000,,2.07,,,,,,7453000000,3384000000,0.454,,3384000000,,,,,,,,,,,,true,false,6,2024-04-01,2024-09-30,0
2024-11-07,2894,2024-03-31,2,5152000000,0.140,,,,,338000000,,357000000,,,190000000,,11.26,,,,,,,,,,,,,,,,,,,,,,true,false,6,2023-04-01,2023-09-30,-1
2024-11-07,2894,2025-03-31,2,10900000000,0.039,,,,,100000000,-0.758,130000000,-0.716,,80000000,,4.80,,,,,,,,,,,,,,,,,,,,,,true,true,12,2024-04-01,2025-03-31,0
2024-11-07,2894,2024-03-31,2,,,,,,,,,,,,,,,,,,,,8095000000,3421000000,0.423,,3421000000,,,,,,,,,,,,true,false,12,2023-04-01,2024-03-31,-1
2024-11-07,2894,2024-03-31,2,,,,,,,,,,,,,,,,,,,,,,,,,,,,,4.00,,,,18392000,1714998,,false,false,12,2023-04-01,2024-03-31,-1
2024-11-07,2894,2025-03-31,2,,,,,,,,,,,,,,,,,,,,,,,,,,,,,0.00,,,,,,,false,false,12,2024-04-01,2025-03-31,0
2024-11-07,2894,2025-03-31,2,,,,,,,,,,,,,,,,,,,,,,,,,,,,,4.00,,,,,,,false,true,12,2024-04-01,2025-03-31,0
2024-11-07,2894,2025-03-31,2,,,,,,,,,,,,,,,,,,,,,,,,,,,,,,,,,18392000,1714998,16677002,false,false,6,2024-04-01,2024-09-30,0
2024-11-07,2894,2024-03-31,2,,,,,,,,,,,,,,,,,,,,,,,,,,,,,,,,,,,16877003,false,false,6,2023-04-01,2023-09-30,-1
2025-01-31,2894,2025-03-31,3,8298000000,0.046,,,,,235000000,-0.536,256000000,-0.521,,135000000,,8.14,,,,,,8179000000,3505000000,0.429,,3505000000,,,,,,,,,,,,true,false,9,2024-04-01,2024-12-31,0
2025-01-31,2894,2024-03-31,3,7931000000,0.107,,,,,506000000,4.984,536000000,4.104,,306000000,,18.18,,,,,,,,,,,,,,,,,,,,,,true,false,9,2023-04-01,2023-12-31,-1
2025-01-31,2894,2025-03-31,3,10900000000,0.039,,,,,100000000,-0.758,130000000,-0.716,,80000000,,4.80,,,,,,,,,,,,,,,,,,,,,,true,true,12,2024-04-01,2025-03-31,0
2025-01-31,2894,2024-03-31,3,,,,,,,,,,,,,,,,,,,,8095000000,3421000000,0.423,,3421000000,,,,,,,,,,,,true,false,12,2023-04-01,2024-03-31,-1
2025-01-31,2894,2024-03-31,3,,,,,,,,,,,,,,,,,,,,,,,,,,,,,4.00,,,,18392000,1714998,,false,false,12,2023-04-01,2024-03-31,-1
2025-01-31,2894,2025-03-31,3,,,,,,,,,,,,,,,,,,,,,,,,,,,,,0.00,,,,,,,false,false,12,2024-04-01,2025-03-31,0
2025-01-31,2894,2025-03-31,3,,,,,,,,,,,,,,,,,,,,,,,,,,,,,4.00,,,,,,,false,true,12,2024-04-01,2025-03-31,0
2025-01-31,2894,2025-03-31,3,,,,,,,,,,,,,,,,,,,,,,,,,,,,,,,,,18392000,1745029,16670995,false,false,9,2024-04-01,2024-12-31,0
2025-01-31,2894,2024-03-31,3,,,,,,,,,,,,,,,,,,,,,,,,,,,,,,,,,,,16837002,false,false,9,2023-04-01,2023-12-31,-1
2025-05-15,2894,2025-03-31,,10869000000,0.036,,,,,267000000,-0.353,309000000,-0.322,,287000000,,17.27,,0.082,0.039,0.025,,7657000000,3580000000,0.468,215.11,3580000000,117000000,-665000000,-97000000,1812000000,,0.232,,,,,,true,false,12,2024-04-01,2025-03-31,0
2025-05-15,2894,2024-03-31,,10492000000,0.099,,,,,413000000,0.884,457000000,0.784,,471000000,,28.07,,0.150,0.062,0.039,,8095000000,3421000000,0.423,205.18,3421000000,1247000000,-611000000,-122000000,2458000000,,0.143,,,,,,true,false,12,2023-04-01,2024-03-31,-1
2025-05-15,2894,2026-03-31,,11200000000,0.030,,,,,150000000,-0.440,200000000,-0.355,,150000000,,9.00,,,,,,,,,,,,,,,,0.444,,,,,,true,true,12,2025-04-01,2026-03-31,1
2025-05-15,2894,2025-03-31,,10662000000,0.032,,,,,264000000,-0.347,310000000,-0.299,288000000,,-0.369,17.33,,,,,,7611000000,3713000000,0.488,223.07,3713000000,,,,,4.00,,,,18392000,1745203,16665438,false,false,12,2024-04-01,2025-03-31,0
2025-05-15,2894,2024-03-31,,10329000000,0.095,,,,,405000000,0.731,443000000,0.766,457000000,,0.467,27.25,,,,,,8050000000,3462000000,0.430,207.62,3462000000,,,,,4.00,,,,18392000,1714998,16800079,false,false,12,2023-04-01,2024-03-31,-1
2025-05-15,2894,2026-03-31,,,,,,,,,,,,,,,,,,,,,,,,,,,,,,4.00,,,,,,,false,true,12,2025-04-01,2026-03-31,1
2025-06-20,2894,2025-03-31,,10869000000,0.036,,,,,267000000,-0.353,309000000,-0.322,,287000000,,17.27,,0.079,0.039,0.025,,7657000000,3851000000,0.503,231.38,3851000000,117000000,-665000000,-97000000,1812000000,,0.232,,,,,,true,false,12,2024-04-01,2025-03-31,0
2025-06-20,2894,2024-03-31,,10492000000,0.099,,,,,413000000,0.884,457000000,0.784,,471000000,,28.07,,0.150,0.062,0.039,,8095000000,3421000000,0.423,205.18,3421000000,1247000000,-611000000,-122000000,2458000000,,0.143,,,,,,true,false,12,2023-04-01,2024-03-31,-1
2025-06-20,2894,2026-03-31,,11200000000,0.030,,,,,150000000,-0.440,200000000,-0.355,,150000000,,9.00,,,,,,,,,,,,,,,,0.444,,,,,,true,true,12,2025-04-01,2026-03-31,1
2025-06-20,2894,2025-03-31,,10662000000,0.032,,,,,264000000,-0.347,310000000,-0.299,288000000,,-0.369,17.33,,,,,,7611000000,3713000000,0.488,223.07,3713000000,,,,,4.00,,,,18392000,1745203,16665438,false,false,12,2024-04-01,2025-03-31,0
2025-06-20,2894,2024-03-31,,10329000000,0.095,,,,,405000000,0.731,443000000,0.766,457000000,,0.467,27.25,,,,,,8050000000,3462000000,0.430,207.62,3462000000,,,,,4.00,,,,18392000,1714998,16800079,false,false,12,2023-04-01,2024-03-31,-1
2025-06-20,2894,2026-03-31,,,,,,,,,,,,,,,,,,,,,,,,,,,,,,4.00,,,,,,,false,true,12,2025-04-01,2026-03-31,1
2025-07-31,2894,2026-03-31,1,2728000000,0.004,,,,,137000000,1.004,135000000,0.824,,75000000,,4.53,,,,,,7962000000,3848000000,0.483,,3848000000,,,,,,,,,,,,true,false,3,2025-04-01,2025-06-30,0
2025-07-31,2894,2025-03-31,1,2718000000,0.040,,,,,68000000,-0.709,74000000,-0.698,,15000000,,0.91,,,,,,,,,,,,,,,,,,,,,,true,false,3,2024-04-01,2024-06-30,-1
2025-07-31,2894,2026-03-31,1,11200000000,0.030,,,,,150000000,-0.440,200000000,-0.355,,150000000,,9.00,,,,,,,,,,,,,,,,,,,,,,true,true,12,2025-04-01,2026-03-31,0
2025-07-31,2894,2025-03-31,1,,,,,,,,,,,,,,,,,,,,7657000000,3851000000,0.503,,3851000000,,,,,,,,,,,,true,false,12,2024-04-01,2025-03-31,-1
2025-07-31,2894,2025-03-31,1,,,,,,,,,,,,,,,,,,,,,,,,,,,,,4.00,,,,18392000,1745203,,false,false,12,2024-04-01,2025-03-31,-1
2025-07-31,2894,2026-03-31,1,,,,,,,,,,,,,,,,,,,,,,,,,,,,,4.00,,,,,,,false,true,12,2025-04-01,2026-03-31,0
2025-07-31,2894,2026-03-31,1,,,,,,,,,,,,,,,,,,,,,,,,,,,,,,,,,18392000,1745281,16646744,false,false,3,2025-04-01,2025-06-30,0
2025-07-31,2894,2025-03-31,1,,,,,,,,,,,,,,,,,,,,,,,,,,,,,,,,,,,16677002,false,false,3,2024-04-01,2024-06-30,-1
