filing_date,code,fiscal_year_end,quarterly_period,net_sales,net_sales_change,revenue,revenue_change,operating_revenue,operating_revenue_change,operating_profit,operating_profit_change,ordinary_profit,ordinary_profit_change,net_income,net_income_of_parent,net_income_change,eps,diluted_eps,roe,roa,operating_profit_to_net_sales,operating_profit_to_revenue,total_assets,net_assets,equity_ratio,bps,owner_equity,operating_cash_flow,investing_cash_flow,financing_cash_flow,cash,dividend_per_share,payout_ratio,commemorative_dividend,extra_dividend,number_of_shares,number_of_treqsury_shares,avg_number_of_shares,is_consolidated,is_forecast,duration,period_start,period_end,period_pos
2015-05-15,29080,2015-03-31,,56897000000,0.011,,,,,4261000000,0.049,4561000000,0.036,3014000000,,0.224,94.36,,0.053,0.065,0.075,,72055000000,58584000000,0.813,1834.21,58584000000,7238000000,-3514000000,-2266000000,16231000000,,0.339,,,,,,true,false,12,2014-04-01,2015-03-31,0
2015-05-15,29080,2014-03-31,,56273000000,0.045,,,,,4061000000,0.112,4404000000,0.110,2462000000,,0.069,76.92,,0.045,0.064,0.072,,68609000000,55714000000,0.812,1743.94,55714000000,4207000000,-2091000000,-311000000,14774000000,,0.416,,,,,,true,false,12,2013-04-01,2014-03-31,-1
2015-05-15,29080,2016-03-31,,28300000000,0.048,,,,,1800000000,0.074,1950000000,0.067,,1250000000,,41.75,,,,,,,,,,,,,,,,,,,,,,true,true,6,2015-04-01,2015-09-30,1
2015-05-15,29080,2016-03-31,,60000000000,0.055,,,,,4800000000,0.126,5100000000,0.118,,3300000000,,110.22,,,,,,,,,,,,,,,,0.308,,,,,,true,true,12,2015-04-01,2016-03-31,1
2015-05-15,29080,2014-03-31,,,,,,,,,,,,,,,,,,,,,,,,,,,,,,32.00,,,,34991521,3043904,32012925,false,false,12,2013-04-01,2014-03-31,-1
2015-05-15,29080,2015-03-31,,,,,,,,,,,,,,,,,,,,,,,,,,,,,,32.00,,,,34991521,3051732,31944174,false,false,12,2014-04-01,2015-03-31,0
2015-05-15,29080,2016-03-31,,,,,,,,,,,,,,,,,,,,,,,,,,,,,,34.00,,,,,,,false,true,12,2015-04-01,2016-03-31,1
2015-07-31,29080,2016-03-31,1,14114000000,0.050,,,,,1000000000,0.234,1162000000,0.271,,1035000000,,34.03,,,,,,67464000000,55705000000,0.826,,55705000000,,,,,,,,,,,,true,false,3,2015-04-01,2015-06-30,0
2015-07-31,29080,2015-03-31,1,13439000000,0.020,,,,,811000000,0.074,914000000,0.079,,588000000,,18.42,,,,,,,,,,,,,,,,,,,,,,true,false,3,2014-04-01,2014-06-30,-1
2015-07-31,29080,2016-03-31,1,28300000000,0.048,,,,,1800000000,0.074,1950000000,0.067,,1250000000,,41.36,,,,,,,,,,,,,,,,,,,,,,true,true,6,2015-04-01,2015-09-30,0
2015-07-31,29080,2016-03-31,1,60000000000,0.055,,,,,4800000000,0.126,5100000000,0.118,,3300000000,,109.67,,,,,,,,,,,,,,,,,,,,,,true,true,12,2015-04-01,2016-03-31,0
2015-07-31,29080,2015-03-31,1,,,,,,,,,,,,,,,,,,,,72055000000,58584000000,0.813,,58584000000,,,,,,,,,,,,true,false,12,2014-04-01,2015-03-31,-1
2015-07-31,29080,2015-03-31,1,,,,,,,,,,,,,,,,,,,,,,,,,,,,,32.00,,,,34991521,3051732,,false,false,12,2014-04-01,2015-03-31,-1
2015-07-31,29080,2016-03-31,1,,,,,,,,,,,,,,,,,,,,,,,,,,,,,34.00,,,,,,,false,true,12,2015-04-01,2016-03-31,0
2015-07-31,29080,2016-03-31,1,,,,,,,,,,,,,,,,,,,,,,,,,,,,,,,,,34991521,5055832,30437714,false,false,3,2015-04-01,2015-06-30,0
2015-07-31,29080,2015-03-31,1,,,,,,,,,,,,,,,,,,,,,,,,,,,,,,,,,,,31947524,false,false,3,2014-04-01,2014-06-30,-1
2015-10-26,29080,2016-03-31,,28590000000,0.010,,,,,2380000000,0.322,2580000000,0.323,,1990000000,,65.88,,,,,,,,,,,,,,,,,,,,,,true,true,6,2015-04-01,2015-09-30,0
2015-10-26,29080,2015-03-31,,27012000000,,,,,,1676000000,,1827000000,,,1213000000,,37.98,,,,,,,,,,,,,,,,,,,,,,true,false,6,2014-04-01,2014-09-30,-1
2015-10-30,29080,2016-03-31,2,28593000000,0.059,,,,,2383000000,0.422,2582000000,0.413,,1996000000,,66.09,,,,,,68719000000,56181000000,0.818,,56181000000,,,,,,,,,,,,true,false,6,2015-04-01,2015-09-30,0
2015-10-30,29080,2015-03-31,2,27012000000,0.016,,,,,1676000000,0.165,1827000000,0.170,,1213000000,,37.98,,,,,,,,,,,,,,,,,,,,,,true,false,6,2014-04-01,2014-09-30,-1
2015-10-30,29080,2016-03-31,2,60000000000,0.055,,,,,4800000000,0.126,5100000000,0.118,,3300000000,,109.67,,,,,,,,,,,,,,,,,,,,,,true,true,12,2015-04-01,2016-03-31,0
2015-10-30,29080,2015-03-31,2,,,,,,,,,,,,,,,,,,,,72055000000,58584000000,0.813,,58584000000,,,,,,,,,,,,true,false,12,2014-04-01,2015-03-31,-1
2015-10-30,29080,2015-03-31,2,,,,,,,,,,,,,,,,,,,,,,,,,,,,,32.00,,,,34991521,3051732,,false,false,12,2014-04-01,2015-03-31,-1
2015-10-30,29080,2016-03-31,2,,,,,,,,,,,,,,,,,,,,,,,,,,,,,17.00,,,,,,,false,false,12,2015-04-01,2016-03-31,0
2015-10-30,29080,2016-03-31,2,,,,,,,,,,,,,,,,,,,,,,,,,,,,,34.00,,,,,,,false,true,12,2015-04-01,2016-03-31,0
2015-10-30,29080,2016-03-31,2,,,,,,,,,,,,,,,,,,,,,,,,,,,,,,,,,34991521,5119807,30204254,false,false,6,2015-04-01,2015-09-30,0
2015-10-30,29080,2015-03-31,2,,,,,,,,,,,,,,,,,,,,,,,,,,,,,,,,,,,31946524,false,false,6,2014-04-01,2014-09-30,-1
2016-01-29,29080,2016-03-31,3,45272000000,0.038,,,,,4185000000,0.177,4535000000,0.189,,3330000000,,110.62,,,,,,71899000000,57544000000,0.800,,57544000000,,,,,,,,,,,,true,false,9,2015-04-01,2015-12-31,0
2016-01-29,29080,2015-03-31,3,43623000000,0.010,,,,,3556000000,0.042,3815000000,0.048,,2527000000,,79.13,,,,,,,,,,,,,,,,,,,,,,true,false,9,2014-04-01,2014-12-31,-1
2016-01-29,29080,2016-03-31,3,60000000000,0.055,,,,,4800000000,0.126,5100000000,0.118,,3300000000,,109.67,,,,,,,,,,,,,,,,,,,,,,true,true,12,2015-04-01,2016-03-31,0
2016-01-29,29080,2015-03-31,3,,,,,,,,,,,,,,,,,,,,72055000000,58584000000,0.813,,58584000000,,,,,,,,,,,,true,false,12,2014-04-01,2015-03-31,-1
2016-01-29,29080,2015-03-31,3,,,,,,,,,,,,,,,,,,,,,,,,,,,,,32.00,,,,34991521,3051732,,false,false,12,2014-04-01,2015-03-31,-1
2016-01-29,29080,2016-03-31,3,,,,,,,,,,,,,,,,,,,,,,,,,,,,,17.00,,,,,,,false,false,12,2015-04-01,2016-03-31,0
2016-01-29,29080,2016-03-31,3,,,,,,,,,,,,,,,,,,,,,,,,,,,,,34.00,,,,,,,false,true,12,2015-04-01,2016-03-31,0
2016-01-29,29080,2016-03-31,3,,,,,,,,,,,,,,,,,,,,,,,,,,,,,,,,,34991521,5119861,30104476,false,false,9,2015-04-01,2015-12-31,0
2016-01-29,29080,2015-03-31,3,,,,,,,,,,,,,,,,,,,,,,,,,,,,,,,,,,,31945338,false,false,9,2014-04-01,2014-12-31,-1
2016-05-16,29080,2016-03-31,,58718000000,0.032,,,,,4973000000,0.167,5377000000,0.179,,3920000000,,130.45,,0.067,0.076,0.085,,70003000000,58110000000,0.830,1945.35,58110000000,4597000000,-1702000000,-5481000000,13643000000,,0.261,,,,,,true,false,12,2015-04-01,2016-03-31,0
2016-05-16,29080,2015-03-31,,56897000000,0.011,,,,,4261000000,0.049,4561000000,0.036,,3014000000,,94.36,,0.053,0.065,0.075,,72055000000,58584000000,0.813,1834.21,58584000000,7238000000,-3514000000,-2266000000,16231000000,,0.339,,,,,,true,false,12,2014-04-01,2015-03-31,-1
2016-05-16,29080,2017-03-31,,29800000000,0.042,,,,,2400000000,0.007,2550000000,-0.013,,1750000000,,58.58,,,,,,,,,,,,,,,,,,,,,,true,true,6,2016-04-01,2016-09-30,1
2016-05-16,29080,2017-03-31,,61350000000,0.045,,,,,5100000000,0.025,5400000000,0.004,,3700000000,,123.86,,,,,,,,,,,,,,,,0.274,,,,,,true,true,12,2016-04-01,2017-03-31,1
2016-05-16,29080,2015-03-31,,,,,,,,,,,,,,,,,,,,,,,,,,,,,,32.00,,,,34991521,3051732,31944174,false,false,12,2014-04-01,2015-03-31,-1
2016-05-16,29080,2016-03-31,,,,,,,,,,,,,,,,,,,,,,,,,,,,,,34.00,,,,34991521,5119917,30050742,false,false,12,2015-04-01,2016-03-31,0
2016-05-16,29080,2017-03-31,,,,,,,,,,,,,,,,,,,,,,,,,,,,,,34.00,,,,,,,false,true,12,2016-04-01,2017-03-31,1
2016-07-29,29080,2017-03-31,1,14586000000,0.033,,,,,1059000000,0.059,1221000000,0.051,,808000000,,27.06,27.05,,,,,69426000000,58403000000,0.841,,58376000000,,,,,,,,,,,,true,false,3,2016-04-01,2016-06-30,0
2016-07-29,29080,2016-03-31,1,14114000000,0.050,,,,,1000000000,0.234,1162000000,0.271,,1035000000,,34.03,,,,,,,,,,,,,,,,,,,,,,true,false,3,2015-04-01,2015-06-30,-1
2016-07-29,29080,2017-03-31,1,29800000000,0.042,,,,,2400000000,0.007,2550000000,-0.013,,1750000000,,58.58,,,,,,,,,,,,,,,,,,,,,,true,true,6,2016-04-01,2016-09-30,0
2016-07-29,29080,2017-03-31,1,61350000000,0.045,,,,,5100000000,0.025,5400000000,0.004,,3700000000,,123.86,,,,,,,,,,,,,,,,,,,,,,true,true,12,2016-04-01,2017-03-31,0
2016-07-29,29080,2016-03-31,1,,,,,,,,,,,,,,,,,,,,70003000000,58110000000,0.830,,58110000000,,,,,,,,,,,,true,false,12,2015-04-01,2016-03-31,-1
2016-07-29,29080,2016-03-31,1,,,,,,,,,,,,,,,,,,,,,,,,,,,,,34.00,,,,34991521,5119917,,false,false,12,2015-04-01,2016-03-31,-1
2016-07-29,29080,2017-03-31,1,,,,,,,,,,,,,,,,,,,,,,,,,,,,,34.00,,,,,,,false,true,12,2016-04-01,2017-03-31,0
2016-07-29,29080,2017-03-31,1,,,,,,,,,,,,,,,,,,,,,,,,,,,,,,,,,34991521,5119933,29871600,false,false,3,2016-04-01,2016-06-30,0
2016-07-29,29080,2016-03-31,1,,,,,,,,,,,,,,,,,,,,,,,,,,,,,,,,,,,30437714,false,false,3,2015-04-01,2015-06-30,-1
2016-10-31,29080,2017-03-31,2,29276000000,0.024,,,,,2413000000,0.012,2624000000,0.016,,1678000000,,56.18,56.15,,,,,71076000000,59169000000,0.832,,59110000000,,,,,,,,,,,,true,false,6,2016-04-01,2016-09-30,0
2016-10-31,29080,2016-03-31,2,28593000000,0.059,,,,,2383000000,0.422,2582000000,0.413,,1996000000,,66.09,,,,,,,,,,,,,,,,,,,,,,true,false,6,2015-04-01,2015-09-30,-1
2016-10-31,29080,2017-03-31,2,61350000000,0.045,,,,,5100000000,0.025,5400000000,0.004,,3700000000,,123.86,,,,,,,,,,,,,,,,,,,,,,true,true,12,2016-04-01,2017-03-31,0
2016-10-31,29080,2016-03-31,2,,,,,,,,,,,,,,,,,,,,70003000000,58110000000,0.830,,58110000000,,,,,,,,,,,,true,false,12,2015-04-01,2016-03-31,-1
2016-10-31,29080,2016-03-31,2,,,,,,,,,,,,,,,,,,,,,,,,,,,,,34.00,,,,34991521,5119917,,false,false,12,2015-04-01,2016-03-31,-1
2016-10-31,29080,2017-03-31,2,,,,,,,,,,,,,,,,,,,,,,,,,,,,,17.00,,,,,,,false,false,12,2016-04-01,2017-03-31,0
2016-10-31,29080,2017-03-31,2,,,,,,,,,,,,,,,,,,,,,,,,,,,,,34.00,,,,,,,false,true,12,2016-04-01,2017-03-31,0
2016-10-31,29080,2017-03-31,2,,,,,,,,,,,,,,,,,,,,,,,,,,,,,,,,,34991521,5111591,29872791,false,false,6,2016-04-01,2016-09-30,0
2016-10-31,29080,2016-03-31,2,,,,,,,,,,,,,,,,,,,,,,,,,,,,,,,,,,,30204254,false,false,6,2015-04-01,2015-09-30,-1
2017-01-30,29080,2017-03-31,3,46849000000,0.035,,,,,4565000000,0.091,4870000000,0.074,,3298000000,,110.42,110.34,,,,,75021000000,60440000000,0.805,,60381000000,,,,,,,,,,,,true,false,9,2016-04-01,2016-12-31,0
2017-01-30,29080,2016-03-31,3,45272000000,0.038,,,,,4185000000,0.177,4535000000,0.189,,3330000000,,110.62,,,,,,,,,,,,,,,,,,,,,,true,false,9,2015-04-01,2015-12-31,-1
2017-01-30,29080,2017-03-31,3,61350000000,0.045,,,,,5100000000,0.025,5400000000,0.004,,3700000000,,123.86,,,,,,,,,,,,,,,,,,,,,,true,true,12,2016-04-01,2017-03-31,0
2017-01-30,29080,2016-03-31,3,,,,,,,,,,,,,,,,,,,,70003000000,58110000000,0.830,,58110000000,,,,,,,,,,,,true,false,12,2015-04-01,2016-03-31,-1
2017-01-30,29080,2016-03-31,3,,,,,,,,,,,,,,,,,,,,,,,,,,,,,34.00,,,,34991521,5119917,,false,false,12,2015-04-01,2016-03-31,-1
2017-01-30,29080,2017-03-31,3,,,,,,,,,,,,,,,,,,,,,,,,,,,,,17.00,,,,,,,false,false,12,2016-04-01,2017-03-31,0
2017-01-30,29080,2017-03-31,3,,,,,,,,,,,,,,,,,,,,,,,,,,,,,34.00,,,,,,,false,true,12,2016-04-01,2017-03-31,0
2017-01-30,29080,2017-03-31,3,,,,,,,,,,,,,,,,,,,,,,,,,,,,,,,,,34991521,5111640,29874918,false,false,9,2016-04-01,2016-12-31,0
2017-01-30,29080,2016-03-31,3,,,,,,,,,,,,,,,,,,,,,,,,,,,,,,,,,,,30104476,false,false,9,2015-04-01,2015-12-31,-1
,29080,2017-03-31,,,,,,,,,,,,,,,,,,,,,,,,,,,,,,35.00,,,,,,,false,true,12,2016-04-01,2017-03-31,0
,29080,2017-03-31,,,,,,,,,,,,,,,,,,,,,,,,,,,,,,17.00,,,,,,,false,false,12,2016-04-01,2017-03-31,0
,29080,2016-03-31,,,,,,,,,,,,,,,,,,,,,,,,,,,,,,34.00,,,,,,,false,false,12,2015-04-01,2016-03-31,-1
2017-05-15,29080,2017-03-31,,60860000000,0.036,,,,,5352000000,0.076,5703000000,0.061,,3791000000,,126.92,126.82,0.064,0.079,0.088,,73845000000,60903000000,0.824,2036.41,60854000000,5660000000,-2146000000,-1521000000,15635000000,,0.276,,,,,,true,false,12,2016-04-01,2017-03-31,0
2017-05-15,29080,2016-03-31,,58718000000,0.032,,,,,4973000000,0.167,5377000000,0.179,,3920000000,,130.45,,0.067,0.076,0.085,,70003000000,58110000000,0.830,1945.35,58110000000,4597000000,-1702000000,-5481000000,13643000000,,0.261,,,,,,true,false,12,2015-04-01,2016-03-31,-1
2017-05-15,29080,2018-03-31,,30600000000,0.045,,,,,2450000000,0.015,2650000000,0.010,,1850000000,,61.91,,,,,,,,,,,,,,,,,,,,,,true,true,6,2017-04-01,2017-09-30,1
2017-05-15,29080,2018-03-31,,63600000000,0.045,,,,,5450000000,0.018,5750000000,0.008,,4000000000,,133.85,,,,,,,,,,,,,,,,0.269,,,,,,true,true,12,2017-04-01,2018-03-31,1
2017-05-15,29080,2016-03-31,,,,,,,,,,,,,,,,,,,,,,,,,,,,,,34.00,,,,34991521,5119917,30050742,false,false,12,2015-04-01,2016-03-31,-1
2017-05-15,29080,2017-03-31,,,,,,,,,,,,,,,,,,,,,,,,,,,,,,35.00,,,,34991521,5108269,29876706,false,false,12,2016-04-01,2017-03-31,0
2017-05-15,29080,2018-03-31,,,,,,,,,,,,,,,,,,,,,,,,,,,,,,36.00,,,,,,,false,true,12,2017-04-01,2018-03-31,1
2017-07-28,29080,2018-03-31,1,15227000000,0.044,,,,,1124000000,0.062,1263000000,0.034,,860000000,,28.80,28.77,,,,,73698000000,61593000000,0.835,,61524000000,,,,,,,,,,,,true,false,3,2017-04-01,2017-06-30,0
2017-07-28,29080,2017-03-31,1,14586000000,0.033,,,,,1059000000,0.059,1221000000,0.051,,808000000,,27.06,27.05,,,,,,,,,,,,,,,,,,,,,true,false,3,2016-04-01,2016-06-30,-1
2017-07-28,29080,2018-03-31,1,30600000000,0.045,,,,,2450000000,0.015,2650000000,0.010,,1850000000,,61.91,,,,,,,,,,,,,,,,,,,,,,true,true,6,2017-04-01,2017-09-30,0
2017-07-28,29080,2018-03-31,1,63600000000,0.045,,,,,5450000000,0.018,5750000000,0.008,,4000000000,,133.85,,,,,,,,,,,,,,,,,,,,,,true,true,12,2017-04-01,2018-03-31,0
2017-07-28,29080,2017-03-31,1,,,,,,,,,,,,,,,,,,,,73845000000,60903000000,0.824,,60854000000,,,,,,,,,,,,true,false,12,2016-04-01,2017-03-31,-1
2017-07-28,29080,2017-03-31,1,,,,,,,,,,,,,,,,,,,,,,,,,,,,,35.00,,,,34991521,5108269,,false,false,12,2016-04-01,2017-03-31,-1
2017-07-28,29080,2018-03-31,1,,,,,,,,,,,,,,,,,,,,,,,,,,,,,36.00,,,,,,,false,true,12,2017-04-01,2018-03-31,0
2017-07-28,29080,2018-03-31,1,,,,,,,,,,,,,,,,,,,,,,,,,,,,,,,,,34991521,5106727,29883599,false,false,3,2017-04-01,2017-06-30,0
2017-07-28,29080,2017-03-31,1,,,,,,,,,,,,,,,,,,,,,,,,,,,,,,,,,,,29871600,false,false,3,2016-04-01,2016-06-30,-1
2017-10-30,29080,2018-03-31,2,30448000000,0.040,,,,,2302000000,-0.046,2479000000,-0.055,,1668000000,,55.83,55.76,,,,,76141000000,62671000000,0.822,,62586000000,,,,,,,,,,,,true,false,6,2017-04-01,2017-09-30,0
2017-10-30,29080,2017-03-31,2,29276000000,0.024,,,,,2413000000,0.012,2624000000,0.016,,1678000000,,56.18,56.15,,,,,,,,,,,,,,,,,,,,,true,false,6,2016-04-01,2016-09-30,-1
2017-10-30,29080,2018-03-31,2,63600000000,0.045,,,,,5450000000,0.018,5750000000,0.008,,4000000000,,133.85,,,,,,,,,,,,,,,,,,,,,,true,true,12,2017-04-01,2018-03-31,0
2017-10-30,29080,2017-03-31,2,,,,,,,,,,,,,,,,,,,,73845000000,60903000000,0.824,,60854000000,,,,,,,,,,,,true,false,12,2016-04-01,2017-03-31,-1
2017-10-30,29080,2017-03-31,2,,,,,,,,,,,,,,,,,,,,,,,,,,,,,35.00,,,,34991521,5108269,,false,false,12,2016-04-01,2017-03-31,-1
2017-10-30,29080,2018-03-31,2,,,,,,,,,,,,,,,,,,,,,,,,,,,,,18.00,,,,,,,false,false,12,2017-04-01,2018-03-31,0
2017-10-30,29080,2018-03-31,2,,,,,,,,,,,,,,,,,,,,,,,,,,,,,36.00,,,,,,,false,true,12,2017-04-01,2018-03-31,0
2017-10-30,29080,2018-03-31,2,,,,,,,,,,,,,,,,,,,,,,,,,,,,,,,,,34991521,5092676,29889104,false,false,6,2017-04-01,2017-09-30,0
2017-10-30,29080,2017-03-31,2,,,,,,,,,,,,,,,,,,,,,,,,,,,,,,,,,,,29872791,false,false,6,2016-04-01,2016-09-30,-1
2018-01-29,29080,2018-03-31,3,48344000000,0.032,,,,,4396000000,-0.037,4692000000,-0.037,,3079000000,,103.01,102.88,,,,,80167000000,64161000000,0.799,,64094000000,,,,,,,,,,,,true,false,9,2017-04-01,2017-12-31,0
2018-01-29,29080,2017-03-31,3,46849000000,0.035,,,,,4565000000,0.091,4870000000,0.074,,3298000000,,110.42,110.34,,,,,,,,,,,,,,,,,,,,,true,false,9,2016-04-01,2016-12-31,-1
2018-01-29,29080,2018-03-31,3,63600000000,0.045,,,,,5450000000,0.018,5750000000,0.008,,4000000000,,133.85,,,,,,,,,,,,,,,,,,,,,,true,true,12,2017-04-01,2018-03-31,0
2018-01-29,29080,2017-03-31,3,,,,,,,,,,,,,,,,,,,,73845000000,60903000000,0.824,,60854000000,,,,,,,,,,,,true,false,12,2016-04-01,2017-03-31,-1
2018-01-29,29080,2017-03-31,3,,,,,,,,,,,,,,,,,,,,,,,,,,,,,35.00,,,,34991521,5108269,,false,false,12,2016-04-01,2017-03-31,-1
2018-01-29,29080,2018-03-31,3,,,,,,,,,,,,,,,,,,,,,,,,,,,,,18.00,,,,,,,false,false,12,2017-04-01,2018-03-31,0
2018-01-29,29080,2018-03-31,3,,,,,,,,,,,,,,,,,,,,,,,,,,,,,36.00,,,,,,,false,true,12,2017-04-01,2018-03-31,0
2018-01-29,29080,2018-03-31,3,,,,,,,,,,,,,,,,,,,,,,,,,,,,,,,,,34991521,5085916,29893553,false,false,9,2017-04-01,2017-12-31,0
2018-01-29,29080,2017-03-31,3,,,,,,,,,,,,,,,,,,,,,,,,,,,,,,,,,,,29874918,false,false,9,2016-04-01,2016-12-31,-1
2018-05-14,29080,2018-03-31,,62917000000,0.034,,,,,5396000000,0.008,5728000000,0.004,,4023000000,,134.57,134.42,0.064,0.075,0.086,,78748000000,64972000000,0.824,2170.35,64920000000,4525000000,-6216000000,-1076000000,12867000000,,0.268,,,,,,true,false,12,2017-04-01,2018-03-31,0
2018-05-14,29080,2017-03-31,,60860000000,0.036,,,,,5352000000,0.076,5703000000,0.061,,3791000000,,126.92,126.82,0.064,0.079,0.088,,73845000000,60903000000,0.824,2036.41,60854000000,5660000000,-2146000000,-1521000000,15635000000,,0.276,,,,,,true,false,12,2016-04-01,2017-03-31,-1
2018-05-14,29080,2019-03-31,,31750000000,0.043,,,,,2550000000,0.108,2700000000,0.089,,1850000000,,61.85,,,,,,,,,,,,,,,,,,,,,,true,true,6,2018-04-01,2018-09-30,1
2018-05-14,29080,2019-03-31,,65700000000,0.044,,,,,5780000000,0.071,6080000000,0.061,,4200000000,,140.41,,,,,,,,,,,,,,,,0.271,,,,,,true,true,12,2018-04-01,2019-03-31,1
2018-05-14,29080,2017-03-31,,,,,,,,,,,,,,,,,,,,,,,,,,,,,,35.00,,,,34991521,5108269,29876706,false,false,12,2016-04-01,2017-03-31,-1
2018-05-14,29080,2018-03-31,,,,,,,,,,,,,,,,,,,,,,,,,,,,,,36.00,,,,34991521,5079016,29897426,false,false,12,2017-04-01,2018-03-31,0
2018-05-14,29080,2019-03-31,,,,,,,,,,,,,,,,,,,,,,,,,,,,,,38.00,,,,,,,false,true,12,2018-04-01,2019-03-31,1
2018-07-30,29080,2019-03-31,1,15340000000,0.007,,,,,1048000000,-0.068,1177000000,-0.068,,812000000,,27.15,27.14,,,,,77425000000,65156000000,0.841,,65109000000,,,,,,,,,,,,true,false,3,2018-04-01,2018-06-30,0
2018-07-30,29080,2018-03-31,1,15227000000,0.044,,,,,1124000000,0.062,1263000000,0.034,,860000000,,28.80,28.77,,,,,,,,,,,,,,,,,,,,,true,false,3,2017-04-01,2017-06-30,-1
2018-07-30,29080,2019-03-31,1,31750000000,0.043,,,,,2550000000,0.108,2700000000,0.089,,1850000000,,61.85,,,,,,,,,,,,,,,,,,,,,,true,true,6,2018-04-01,2018-09-30,0
2018-07-30,29080,2019-03-31,1,65700000000,0.044,,,,,5780000000,0.071,6080000000,0.061,,4200000000,,140.41,,,,,,,,,,,,,,,,,,,,,,true,true,12,2018-04-01,2019-03-31,0
2018-07-30,29080,2018-03-31,1,,,,,,,,,,,,,,,,,,,,78327000000,64972000000,0.829,,64920000000,,,,,,,,,,,,true,false,12,2017-04-01,2018-03-31,-1
2018-07-30,29080,2018-03-31,1,,,,,,,,,,,,,,,,,,,,,,,,,,,,,36.00,,,,34991521,5079016,,false,false,12,2017-04-01,2018-03-31,-1
2018-07-30,29080,2019-03-31,1,,,,,,,,,,,,,,,,,,,,,,,,,,,,,38.00,,,,,,,false,true,12,2018-04-01,2019-03-31,0
2018-07-30,29080,2019-03-31,1,,,,,,,,,,,,,,,,,,,,,,,,,,,,,,,,,34991521,5077364,29913343,false,false,3,2018-04-01,2018-06-30,0
2018-07-30,29080,2018-03-31,1,,,,,,,,,,,,,,,,,,,,,,,,,,,,,,,,,,,29883599,false,false,3,2017-04-01,2017-06-30,-1
2018-10-29,29080,2019-03-31,2,31064000000,0.020,,,,,2322000000,0.009,2489000000,0.004,,1896000000,,63.41,63.34,,,,,79880000000,66700000000,0.834,,66633000000,,,,,,,,,,,,true,false,6,2018-04-01,2018-09-30,0
2018-10-29,29080,2018-03-31,2,30448000000,0.040,,,,,2302000000,-0.046,2479000000,-0.055,,1668000000,,55.83,55.76,,,,,,,,,,,,,,,,,,,,,true,false,6,2017-04-01,2017-09-30,-1
2018-10-29,29080,2019-03-31,2,65700000000,0.044,,,,,5780000000,0.071,6080000000,0.061,,4200000000,,140.41,,,,,,,,,,,,,,,,,,,,,,true,true,12,2018-04-01,2019-03-31,0
2018-10-29,29080,2018-03-31,2,,,,,,,,,,,,,,,,,,,,78327000000,64972000000,0.829,,64920000000,,,,,,,,,,,,true,false,12,2017-04-01,2018-03-31,-1
2018-10-29,29080,2018-03-31,2,,,,,,,,,,,,,,,,,,,,,,,,,,,,,36.00,,,,34991521,5079016,,false,false,12,2017-04-01,2018-03-31,-1
2018-10-29,29080,2019-03-31,2,,,,,,,,,,,,,,,,,,,,,,,,,,,,,19.00,,,,,,,false,false,12,2018-04-01,2019-03-31,0
2018-10-29,29080,2019-03-31,2,,,,,,,,,,,,,,,,,,,,,,,,,,,,,38.00,,,,,,,false,true,12,2018-04-01,2019-03-31,0
2018-10-29,29080,2019-03-31,2,,,,,,,,,,,,,,,,,,,,,,,,,,,,,,,,,34991521,5072964,29915335,false,false,6,2018-04-01,2018-09-30,0
2018-10-29,29080,2018-03-31,2,,,,,,,,,,,,,,,,,,,,,,,,,,,,,,,,,,,29889104,false,false,6,2017-04-01,2017-09-30,-1
2019-02-01,29080,2019-03-31,3,49242000000,0.019,,,,,4258000000,-0.032,4553000000,-0.029,,3217000000,,107.55,107.44,,,,,80523000000,66558000000,0.826,,66494000000,,,,,,,,,,,,true,false,9,2018-04-01,2018-12-31,0
2019-02-01,29080,2018-03-31,3,48344000000,0.032,,,,,4396000000,-0.037,4692000000,-0.037,,3079000000,,103.01,102.88,,,,,,,,,,,,,,,,,,,,,true,false,9,2017-04-01,2017-12-31,-1
2019-02-01,29080,2019-03-31,3,65700000000,0.044,,,,,5780000000,0.071,6080000000,0.061,,4200000000,,140.41,,,,,,,,,,,,,,,,,,,,,,true,true,12,2018-04-01,2019-03-31,0
2019-02-01,29080,2018-03-31,3,,,,,,,,,,,,,,,,,,,,78327000000,64972000000,0.829,,64920000000,,,,,,,,,,,,true,false,12,2017-04-01,2018-03-31,-1
2019-02-01,29080,2018-03-31,3,,,,,,,,,,,,,,,,,,,,,,,,,,,,,36.00,,,,34991521,5079016,,false,false,12,2017-04-01,2018-03-31,-1
2019-02-01,29080,2019-03-31,3,,,,,,,,,,,,,,,,,,,,,,,,,,,,,19.00,,,,,,,false,false,12,2018-04-01,2019-03-31,0
2019-02-01,29080,2019-03-31,3,,,,,,,,,,,,,,,,,,,,,,,,,,,,,38.00,,,,,,,false,true,12,2018-04-01,2019-03-31,0
2019-02-01,29080,2019-03-31,3,,,,,,,,,,,,,,,,,,,,,,,,,,,,,,,,,34991521,5067465,29917932,false,false,9,2018-04-01,2018-12-31,0
2019-02-01,29080,2018-03-31,3,,,,,,,,,,,,,,,,,,,,,,,,,,,,,,,,,,,29893553,false,false,9,2017-04-01,2017-12-31,-1
2019-05-13,29080,2019-03-31,,64145000000,0.020,,,,,5214000000,-0.034,5546000000,-0.032,,4189000000,,140.02,139.89,0.064,0.070,0.081,,79984000000,66938000000,0.836,2234.84,66882000000,6018000000,-2552000000,-1110000000,15224000000,,0.271,,,,,,true,false,12,2018-04-01,2019-03-31,0
2019-05-13,29080,2018-03-31,,62917000000,0.034,,,,,5396000000,0.008,5728000000,0.004,,4023000000,,134.57,134.42,0.064,0.075,0.086,,78327000000,64972000000,0.829,2170.35,64920000000,4525000000,-6216000000,-1076000000,12867000000,,0.268,,,,,,true,false,12,2017-04-01,2018-03-31,-1
2019-05-13,29080,2020-03-31,,31500000000,0.014,,,,,2350000000,0.012,2500000000,0.004,,1750000000,,58.48,,,,,,,,,,,,,,,,,,,,,,true,true,6,2019-04-01,2019-09-30,1
2019-05-13,29080,2020-03-31,,65000000000,0.013,,,,,5250000000,0.007,5550000000,0.001,,3800000000,,126.98,,,,,,,,,,,,,,,,0.299,,,,,,true,true,12,2019-04-01,2020-03-31,1
2019-05-13,29080,2018-03-31,,,,,,,,,,,,,,,,,,,,,,,,,,,,,,36.00,,,,34991521,5079016,29897426,false,false,12,2017-04-01,2018-03-31,-1
2019-05-13,29080,2019-03-31,,,,,,,,,,,,,,,,,,,,,,,,,,,,,,38.00,,,,34991521,5064449,29919933,false,false,12,2018-04-01,2019-03-31,0
2019-05-13,29080,2020-03-31,,,,,,,,,,,,,,,,,,,,,,,,,,,,,,38.00,,,,,,,false,true,12,2019-04-01,2020-03-31,1
2019-07-29,29080,2020-03-31,1,15563000000,0.015,,,,,936000000,-0.107,1061000000,-0.098,,680000000,,22.73,22.72,,,,,78599000000,67053000000,0.852,,67001000000,,,,,,,,,,,,true,false,3,2019-04-01,2019-06-30,0
2019-07-29,29080,2019-03-31,1,15340000000,0.007,,,,,1048000000,-0.068,1177000000,-0.068,,812000000,,27.15,27.14,,,,,,,,,,,,,,,,,,,,,true,false,3,2018-04-01,2018-06-30,-1
2019-07-29,29080,2020-03-31,1,31500000000,0.014,,,,,2350000000,0.012,2500000000,0.004,,1750000000,,58.48,,,,,,,,,,,,,,,,,,,,,,true,true,6,2019-04-01,2019-09-30,0
2019-07-29,29080,2020-03-31,1,65000000000,0.013,,,,,5250000000,0.007,5550000000,0.001,,3800000000,,126.98,,,,,,,,,,,,,,,,,,,,,,true,true,12,2019-04-01,2020-03-31,0
2019-07-29,29080,2019-03-31,1,,,,,,,,,,,,,,,,,,,,79984000000,66938000000,0.836,,66882000000,,,,,,,,,,,,true,false,12,2018-04-01,2019-03-31,-1
2019-07-29,29080,2019-03-31,1,,,,,,,,,,,,,,,,,,,,,,,,,,,,,38.00,,,,34991521,5064449,,false,false,12,2018-04-01,2019-03-31,-1
2019-07-29,29080,2020-03-31,1,,,,,,,,,,,,,,,,,,,,,,,,,,,,,38.00,,,,,,,false,true,12,2019-04-01,2020-03-31,0
2019-07-29,29080,2020-03-31,1,,,,,,,,,,,,,,,,,,,,,,,,,,,,,,,,,34991521,5062649,29928397,false,false,3,2019-04-01,2019-06-30,0
2019-07-29,29080,2019-03-31,1,,,,,,,,,,,,,,,,,,,,,,,,,,,,,,,,,,,29913343,false,false,3,2018-04-01,2018-06-30,-1
2019-10-28,29080,2020-03-31,2,31807000000,0.024,,,,,1972000000,-0.151,2148000000,-0.137,,1361000000,,45.48,45.45,,,,,80455000000,67717000000,0.841,,67671000000,,,,,,,,,,,,true,false,6,2019-04-01,2019-09-30,0
2019-10-28,29080,2019-03-31,2,31064000000,0.020,,,,,2322000000,0.009,2489000000,0.004,,1896000000,,63.41,63.34,,,,,,,,,,,,,,,,,,,,,true,false,6,2018-04-01,2018-09-30,-1
2019-10-28,29080,2020-03-31,2,65000000000,0.013,,,,,5250000000,0.007,5550000000,0.001,,3800000000,,126.98,,,,,,,,,,,,,,,,,,,,,,true,true,12,2019-04-01,2020-03-31,0
2019-10-28,29080,2019-03-31,2,,,,,,,,,,,,,,,,,,,,79984000000,66938000000,0.836,,66882000000,,,,,,,,,,,,true,false,12,2018-04-01,2019-03-31,-1
2019-10-28,29080,2019-03-31,2,,,,,,,,,,,,,,,,,,,,,,,,,,,,,38.00,,,,34991521,5064449,,false,false,12,2018-04-01,2019-03-31,-1
2019-10-28,29080,2020-03-31,2,,,,,,,,,,,,,,,,,,,,,,,,,,,,,19.00,,,,,,,false,false,12,2019-04-01,2020-03-31,0
2019-10-28,29080,2020-03-31,2,,,,,,,,,,,,,,,,,,,,,,,,,,,,,38.00,,,,,,,false,true,12,2019-04-01,2020-03-31,0
2019-10-28,29080,2020-03-31,2,,,,,,,,,,,,,,,,,,,,,,,,,,,,,,,,,34991521,5057549,29930672,false,false,6,2019-04-01,2019-09-30,0
2019-10-28,29080,2019-03-31,2,,,,,,,,,,,,,,,,,,,,,,,,,,,,,,,,,,,29915335,false,false,6,2018-04-01,2018-09-30,-1
2020-01-31,29080,2020-03-31,3,50478000000,0.025,,,,,3642000000,-0.145,3943000000,-0.134,,3219000000,,107.57,107.50,,,,,83082000000,68747000000,0.827,,68712000000,,,,,,,,,,,,true,false,9,2019-04-01,2019-12-31,0
2020-01-31,29080,2019-03-31,3,49242000000,0.019,,,,,4258000000,-0.032,4553000000,-0.029,,3217000000,,107.55,107.44,,,,,,,,,,,,,,,,,,,,,true,false,9,2018-04-01,2018-12-31,-1
2020-01-31,29080,2020-03-31,3,65000000000,0.013,,,,,5250000000,0.007,5550000000,0.001,,3800000000,,126.98,,,,,,,,,,,,,,,,,,,,,,true,true,12,2019-04-01,2020-03-31,0
2020-01-31,29080,2019-03-31,3,,,,,,,,,,,,,,,,,,,,79984000000,66938000000,0.836,,66882000000,,,,,,,,,,,,true,false,12,2018-04-01,2019-03-31,-1
2020-01-31,29080,2019-03-31,3,,,,,,,,,,,,,,,,,,,,,,,,,,,,,38.00,,,,34991521,5064449,,false,false,12,2018-04-01,2019-03-31,-1
2020-01-31,29080,2020-03-31,3,,,,,,,,,,,,,,,,,,,,,,,,,,,,,19.00,,,,,,,false,false,12,2019-04-01,2020-03-31,0
2020-01-31,29080,2020-03-31,3,,,,,,,,,,,,,,,,,,,,,,,,,,,,,38.00,,,,,,,false,true,12,2019-04-01,2020-03-31,0
2020-01-31,29080,2020-03-31,3,,,,,,,,,,,,,,,,,,,,,,,,,,,,,,,,,34991521,5053449,29932072,false,false,9,2019-04-01,2019-12-31,0
2020-01-31,29080,2019-03-31,3,,,,,,,,,,,,,,,,,,,,,,,,,,,,,,,,,,,29917932,false,false,9,2018-04-01,2018-12-31,-1
2020-05-14,29080,2020-03-31,,66171000000,0.032,,,,,4489000000,-0.139,4838000000,-0.128,,3100000000,,103.58,103.53,0.046,0.060,0.068,,81068000000,68376000000,0.843,2282.90,68376000000,5427000000,-4419000000,-1625000000,14605000000,,0.386,,,,,,true,false,12,2019-04-01,2020-03-31,0
2020-05-14,29080,2019-03-31,,64145000000,0.020,,,,,5214000000,-0.034,5546000000,-0.032,,4189000000,,140.02,139.89,0.064,0.070,0.081,,79984000000,66938000000,0.836,2234.84,66882000000,6018000000,-2552000000,-1110000000,15224000000,,0.271,,,,,,true,false,12,2018-04-01,2019-03-31,-1
2020-05-14,29080,2021-03-31,,32500000000,0.022,,,,,2000000000,0.014,2150000000,0.001,,1500000000,,50.08,,,,,,,,,,,,,,,,,,,,,,true,true,6,2020-04-01,2020-09-30,1
2020-05-14,29080,2021-03-31,,67000000000,0.013,,,,,4700000000,0.047,5000000000,0.033,,3500000000,,116.86,,,,,,,,,,,,,,,,0.342,,,,,,true,true,12,2020-04-01,2021-03-31,1
2020-05-14,29080,2019-03-31,,,,,,,,,,,,,,,,,,,,,,,,,,,,,,38.00,,,,34991521,5064449,29919933,false,false,12,2018-04-01,2019-03-31,-1
2020-05-14,29080,2020-03-31,,,,,,,,,,,,,,,,,,,,,,,,,,,,,,40.00,,,,34991521,5039949,29935234,false,false,12,2019-04-01,2020-03-31,0
2020-05-14,29080,2021-03-31,,,,,,,,,,,,,,,,,,,,,,,,,,,,,,40.00,,,,,,,false,true,12,2020-04-01,2021-03-31,1
2020-07-31,29080,2021-03-31,1,15487000000,-0.005,,,,,958000000,0.024,1088000000,0.025,,729000000,,24.35,,,,,,80581000000,68656000000,0.852,,68656000000,,,,,,,,,,,,true,false,3,2020-04-01,2020-06-30,0
2020-07-31,29080,2020-03-31,1,15563000000,0.015,,,,,936000000,-0.107,1061000000,-0.098,,680000000,,22.73,22.72,,,,,,,,,,,,,,,,,,,,,true,false,3,2019-04-01,2019-06-30,-1
2020-07-31,29080,2021-03-31,1,32500000000,0.022,,,,,2000000000,0.014,2150000000,0.001,,1500000000,,50.08,,,,,,,,,,,,,,,,,,,,,,true,true,6,2020-04-01,2020-09-30,0
2020-07-31,29080,2021-03-31,1,67000000000,0.013,,,,,4700000000,0.047,5000000000,0.033,,3500000000,,116.86,,,,,,,,,,,,,,,,,,,,,,true,true,12,2020-04-01,2021-03-31,0
2020-07-31,29080,2020-03-31,1,,,,,,,,,,,,,,,,,,,,81068000000,68376000000,0.843,,68376000000,,,,,,,,,,,,true,false,12,2019-04-01,2020-03-31,-1
2020-07-31,29080,2020-03-31,1,,,,,,,,,,,,,,,,,,,,,,,,,,,,,40.00,,,,34991521,5039949,,false,false,12,2019-04-01,2020-03-31,-1
2020-07-31,29080,2021-03-31,1,,,,,,,,,,,,,,,,,,,,,,,,,,,,,40.00,,,,,,,false,true,12,2020-04-01,2021-03-31,0
2020-07-31,29080,2021-03-31,1,,,,,,,,,,,,,,,,,,,,,,,,,,,,,,,,,34991521,5039949,29951572,false,false,3,2020-04-01,2020-06-30,0
2020-07-31,29080,2020-03-31,1,,,,,,,,,,,,,,,,,,,,,,,,,,,,,,,,,,,29928397,false,false,3,2019-04-01,2019-06-30,-1
2020-10-30,29080,2021-03-31,2,31495000000,-0.010,,,,,2177000000,0.104,2369000000,0.103,,1607000000,,53.68,,,,,,81136000000,69770000000,0.860,,69770000000,,,,,,,,,,,,true,false,6,2020-04-01,2020-09-30,0
2020-10-30,29080,2020-03-31,2,31807000000,0.024,,,,,1972000000,-0.151,2148000000,-0.137,,1361000000,,45.48,45.45,,,,,,,,,,,,,,,,,,,,,true,false,6,2019-04-01,2019-09-30,-1
2020-10-30,29080,2021-03-31,2,67000000000,0.013,,,,,4700000000,0.047,5000000000,0.033,,3500000000,,116.86,,,,,,,,,,,,,,,,,,,,,,true,true,12,2020-04-01,2021-03-31,0
2020-10-30,29080,2020-03-31,2,,,,,,,,,,,,,,,,,,,,81068000000,68376000000,0.843,,68376000000,,,,,,,,,,,,true,false,12,2019-04-01,2020-03-31,-1
2020-10-30,29080,2020-03-31,2,,,,,,,,,,,,,,,,,,,,,,,,,,,,,40.00,,,,34991521,5039949,,false,false,12,2019-04-01,2020-03-31,-1
2020-10-30,29080,2021-03-31,2,,,,,,,,,,,,,,,,,,,,,,,,,,,,,20.00,,,,,,,false,false,12,2020-04-01,2021-03-31,0
2020-10-30,29080,2021-03-31,2,,,,,,,,,,,,,,,,,,,,,,,,,,,,,40.00,,,,,,,false,true,12,2020-04-01,2021-03-31,0
2020-10-30,29080,2021-03-31,2,,,,,,,,,,,,,,,,,,,,,,,,,,,,,,,,,34991521,5035838,29953004,false,false,6,2020-04-01,2020-09-30,0
2020-10-30,29080,2020-03-31,2,,,,,,,,,,,,,,,,,,,,,,,,,,,,,,,,,,,29930672,false,false,6,2019-04-01,2019-09-30,-1
2021-01-29,29080,2021-03-31,3,49393000000,-0.021,,,,,3691000000,0.014,4039000000,0.024,,2855000000,,95.31,,,,,,83502000000,70259000000,0.841,,70259000000,,,,,,,,,,,,true,false,9,2020-04-01,2020-12-31,0
2021-01-29,29080,2020-03-31,3,50478000000,0.025,,,,,3642000000,-0.145,3943000000,-0.134,,3219000000,,107.57,107.50,,,,,,,,,,,,,,,,,,,,,true,false,9,2019-04-01,2019-12-31,-1
2021-01-29,29080,2021-03-31,3,67000000000,0.013,,,,,4700000000,0.047,5000000000,0.033,,3500000000,,116.86,,,,,,,,,,,,,,,,,,,,,,true,true,12,2020-04-01,2021-03-31,0
2021-01-29,29080,2020-03-31,3,,,,,,,,,,,,,,,,,,,,81068000000,68376000000,0.843,,68376000000,,,,,,,,,,,,true,false,12,2019-04-01,2020-03-31,-1
2021-01-29,29080,2020-03-31,3,,,,,,,,,,,,,,,,,,,,,,,,,,,,,40.00,,,,34991521,5039949,,false,false,12,2019-04-01,2020-03-31,-1
2021-01-29,29080,2021-03-31,3,,,,,,,,,,,,,,,,,,,,,,,,,,,,,20.00,,,,,,,false,false,12,2020-04-01,2021-03-31,0
2021-01-29,29080,2021-03-31,3,,,,,,,,,,,,,,,,,,,,,,,,,,,,,40.00,,,,,,,false,true,12,2020-04-01,2021-03-31,0
2021-01-29,29080,2021-03-31,3,,,,,,,,,,,,,,,,,,,,,,,,,,,,,,,,,34991521,5035042,29953927,false,false,9,2020-04-01,2020-12-31,0
2021-01-29,29080,2020-03-31,3,,,,,,,,,,,,,,,,,,,,,,,,,,,,,,,,,,,29932072,false,false,9,2019-04-01,2019-12-31,-1
2021-05-14,29080,2021-03-31,,64204000000,-0.030,,,,,4317000000,-0.038,4711000000,-0.026,,3405000000,,113.70,,0.049,0.057,0.067,,85209000000,70905000000,0.832,2366.94,70905000000,6111000000,-5610000000,-1233000000,13874000000,,0.361,,,,,,true,false,12,2020-04-01,2021-03-31,0
2021-05-14,29080,2020-03-31,,66171000000,0.032,,,,,4489000000,-0.139,4838000000,-0.128,,3100000000,,103.58,103.53,0.046,0.060,0.068,,81068000000,68376000000,0.843,2282.90,68376000000,5427000000,-4419000000,-1625000000,14605000000,,0.386,,,,,,true,false,12,2019-04-01,2020-03-31,-1
2021-05-14,29080,2022-03-31,,27500000000,,,,,,2000000000,-0.081,2150000000,-0.093,,1500000000,,50.07,,,,,,,,,,,,,,,,,,,,,,true,true,6,2021-04-01,2021-09-30,1
2021-05-14,29080,2022-03-31,,56000000000,,,,,,4500000000,0.042,4800000000,0.019,,3300000000,,110.16,,,,,,,,,,,,,,,,0.408,,,,,,true,true,12,2021-04-01,2022-03-31,1
2021-05-14,29080,2020-03-31,,,,,,,,,,,,,,,,,,,,,,,,,,,,,,40.00,,,,34991521,5039949,29935234,false,false,12,2019-04-01,2020-03-31,-1
2021-05-14,29080,2021-03-31,,,,,,,,,,,,,,,,,,,,,,,,,,,,,,41.00,,,,34991521,5035042,29954516,false,false,12,2020-04-01,2021-03-31,0
2021-05-14,29080,2022-03-31,,,,,,,,,,,,,,,,,,,,,,,,,,,,,,45.00,,,,,,,false,true,12,2021-04-01,2022-03-31,1
2021-07-30,29080,2022-03-31,1,13568000000,,,,,,554000000,-0.422,689000000,-0.367,,492000000,,16.45,,,,,,82023000000,70584000000,0.861,,70584000000,,,,,,,,,,,,true,false,3,2021-04-01,2021-06-30,0
2021-07-30,29080,2021-03-31,1,15487000000,-0.005,,,,,958000000,0.024,1088000000,0.025,,729000000,,24.35,,,,,,,,,,,,,,,,,,,,,,true,false,3,2020-04-01,2020-06-30,-1
2021-07-30,29080,2022-03-31,1,27500000000,,,,,,2000000000,-0.081,2150000000,-0.093,,1500000000,,50.07,,,,,,,,,,,,,,,,,,,,,,true,true,6,2021-04-01,2021-09-30,0
2021-07-30,29080,2022-03-31,1,56000000000,,,,,,4500000000,0.042,4800000000,0.019,,3300000000,,110.16,,,,,,,,,,,,,,,,,,,,,,true,true,12,2021-04-01,2022-03-31,0
2021-07-30,29080,2021-03-31,1,,,,,,,,,,,,,,,,,,,,85209000000,70905000000,0.832,,70905000000,,,,,,,,,,,,true,false,12,2020-04-01,2021-03-31,-1
2021-07-30,29080,2021-03-31,1,,,,,,,,,,,,,,,,,,,,,,,,,,,,,41.00,,,,34991521,5035042,,false,false,12,2020-04-01,2021-03-31,-1
2021-07-30,29080,2022-03-31,1,,,,,,,,,,,,,,,,,,,,,,,,,,,,,45.00,,,,,,,false,true,12,2021-04-01,2022-03-31,0
2021-07-30,29080,2022-03-31,1,,,,,,,,,,,,,,,,,,,,,,,,,,,,,,,,,34991521,5033842,29956929,false,false,3,2021-04-01,2021-06-30,0
2021-07-30,29080,2021-03-31,1,,,,,,,,,,,,,,,,,,,,,,,,,,,,,,,,,,,29951572,false,false,3,2020-04-01,2020-06-30,-1
2021-10-22,29080,2022-03-31,,27250000000,-0.009,,,,,1310000000,-0.345,1480000000,-0.312,,1240000000,,41.67,,,,,,,,,,,,,,,,,,,,,,true,true,6,2021-04-01,2021-09-30,0
2021-10-22,29080,2021-03-31,,31495000000,,,,,,2177000000,,2369000000,,,1607000000,,53.68,,,,,,,,,,,,,,,,,,,,,,true,false,6,2020-04-01,2020-09-30,-1
2021-10-22,29080,2022-03-31,,56000000000,,,,,,3800000000,-0.156,4100000000,-0.146,,2800000000,,93.47,,,,,,,,,,,,,,,,,,,,,,true,true,12,2021-04-01,2022-03-31,0
2021-10-22,29080,2021-03-31,,64204000000,,,,,,4317000000,,4711000000,,,3405000000,,113.70,,,,,,,,,,,,,,,,,,,,,,true,false,12,2020-04-01,2021-03-31,-1
2021-10-28,29080,2022-03-31,2,27255000000,,,,,,1318000000,-0.394,1488000000,-0.372,,1248000000,,41.67,,,,,,81343000000,71258000000,0.876,,71258000000,,,,,,,,,,,,true,false,6,2021-04-01,2021-09-30,0
2021-10-28,29080,2021-03-31,2,31495000000,-0.010,,,,,2177000000,0.104,2369000000,0.103,,1607000000,,53.68,,,,,,,,,,,,,,,,,,,,,,true,false,6,2020-04-01,2020-09-30,-1
2021-10-28,29080,2022-03-31,2,56000000000,,,,,,3800000000,-0.120,4100000000,-0.130,,2800000000,,93.47,,,,,,,,,,,,,,,,,,,,,,true,true,12,2021-04-01,2022-03-31,0
2021-10-28,29080,2021-03-31,2,,,,,,,,,,,,,,,,,,,,85209000000,70905000000,0.832,,70905000000,,,,,,,,,,,,true,false,12,2020-04-01,2021-03-31,-1
2021-10-28,29080,2021-03-31,2,,,,,,,,,,,,,,,,,,,,,,,,,,,,,41.00,,,,34991521,5035042,,false,false,12,2020-04-01,2021-03-31,-1
2021-10-28,29080,2022-03-31,2,,,,,,,,,,,,,,,,,,,,,,,,,,,,,22.00,,,,,,,false,false,12,2021-04-01,2022-03-31,0
2021-10-28,29080,2022-03-31,2,,,,,,,,,,,,,,,,,,,,,,,,,,,,,45.00,,,,,,,false,true,12,2021-04-01,2022-03-31,0
2021-10-28,29080,2022-03-31,2,,,,,,,,,,,,,,,,,,,,,,,,,,,,,,,,,34991521,5032062,29957557,false,false,6,2021-04-01,2021-09-30,0
2021-10-28,29080,2021-03-31,2,,,,,,,,,,,,,,,,,,,,,,,,,,,,,,,,,,,29953004,false,false,6,2020-04-01,2020-09-30,-1
2022-01-31,2908,2022-03-31,3,42552000000,,,,,,2645000000,-0.284,2961000000,-0.267,,2202000000,,73.62,,,,,,82608000000,70856000000,0.858,,70856000000,,,,,,,,,,,,true,false,9,2021-04-01,2021-12-31,0
2022-01-31,2908,2021-03-31,3,49393000000,-0.021,,,,,3691000000,0.014,4039000000,0.024,,2855000000,,95.31,,,,,,,,,,,,,,,,,,,,,,true,false,9,2020-04-01,2020-12-31,-1
2022-01-31,2908,2022-03-31,3,55400000000,,,,,,3400000000,-0.212,3750000000,-0.204,,2800000000,,93.47,,,,,,,,,,,,,,,,,,,,,,true,true,12,2021-04-01,2022-03-31,0
2022-01-31,2908,2021-03-31,3,,,,,,,,,,,,,,,,,,,,85209000000,70905000000,0.832,,70905000000,,,,,,,,,,,,true,false,12,2020-04-01,2021-03-31,-1
2022-01-31,2908,2021-03-31,3,,,,,,,,,,,,,,,,,,,,,,,,,,,,,41.00,,,,34991521,5035042,,false,false,12,2020-04-01,2021-03-31,-1
2022-01-31,2908,2022-03-31,3,,,,,,,,,,,,,,,,,,,,,,,,,,,,,22.00,,,,,,,false,false,12,2021-04-01,2022-03-31,0
2022-01-31,2908,2022-03-31,3,,,,,,,,,,,,,,,,,,,,,,,,,,,,,45.00,,,,,,,false,true,12,2021-04-01,2022-03-31,0
2022-01-31,2908,2022-03-31,3,,,,,,,,,,,,,,,,,,,,,,,,,,,,,,,,,30050759,362524,29921044,false,false,9,2021-04-01,2021-12-31,0
2022-01-31,2908,2021-03-31,3,,,,,,,,,,,,,,,,,,,,,,,,,,,,,,,,,,,29953927,false,false,9,2020-04-01,2020-12-31,-1
2022-05-13,2908,2022-03-31,,55074000000,,,,,,3152000000,-0.270,3506000000,-0.256,,2115000000,,71.03,,0.030,0.042,0.057,,80136000000,69634000000,0.869,2389.39,69634000000,5101000000,-3330000000,-2867000000,12778000000,,0.634,,,,,,true,false,12,2021-04-01,2022-03-31,0
2022-05-13,2908,2021-03-31,,64204000000,-0.030,,,,,4317000000,-0.038,4711000000,-0.026,,3405000000,,113.70,,0.049,0.057,0.067,,85209000000,70905000000,0.832,2366.94,70905000000,6105000000,-5604000000,-1233000000,13874000000,,0.361,,,,,,true,false,12,2020-04-01,2021-03-31,-1
2022-05-13,2908,2023-03-31,,27000000000,-0.009,,,,,1000000000,-0.242,1100000000,-0.261,,750000000,,25.73,,,,,,,,,,,,,,,,,,,,,,true,true,6,2022-04-01,2022-09-30,1
2022-05-13,2908,2023-03-31,,55300000000,0.004,,,,,3200000000,0.015,3450000000,-0.016,,2400000000,,82.35,,,,,,,,,,,,,,,,0.559,,,,,,true,true,12,2022-04-01,2023-03-31,1
2022-05-13,2908,2022-03-31,,53260000000,,,,,,3106000000,-0.301,3463000000,-0.280,2113000000,,-0.419,70.96,,,,,,80493000000,69719000000,0.866,2392.29,69719000000,,,,,45.00,,,,30050759,907524,29781950,false,false,12,2021-04-01,2022-03-31,0
2022-05-13,2908,2021-03-31,,62217000000,-0.031,,,,,4444000000,-0.044,4807000000,-0.047,3636000000,,0.104,121.40,,,,,,84704000000,71020000000,0.838,2370.80,71020000000,,,,,41.00,,,,34991521,5035042,29954516,false,false,12,2020-04-01,2021-03-31,-1
2022-05-13,2908,2023-03-31,,,,,,,,,,,,,,,,,,,,,,,,,,,,,,46.00,,,,,,,false,true,12,2022-04-01,2023-03-31,1
2022-07-28,2908,2023-03-31,1,12896000000,-0.050,,,,,296000000,-0.464,441000000,-0.360,,256000000,,8.85,,,,,,78272000000,68536000000,0.876,,68536000000,,,,,,,,,,,,true,false,3,2022-04-01,2022-06-30,0
2022-07-28,2908,2022-03-31,1,13568000000,,,,,,554000000,-0.422,689000000,-0.367,,492000000,,16.45,,,,,,,,,,,,,,,,,,,,,,true,false,3,2021-04-01,2021-06-30,-1
2022-07-28,2908,2023-03-31,1,27000000000,-0.009,,,,,1000000000,-0.242,1100000000,-0.261,,750000000,,25.73,,,,,,,,,,,,,,,,,,,,,,true,true,6,2022-04-01,2022-09-30,0
2022-07-28,2908,2023-03-31,1,55300000000,0.004,,,,,3200000000,0.015,3450000000,-0.016,,2400000000,,82.35,,,,,,,,,,,,,,,,,,,,,,true,true,12,2022-04-01,2023-03-31,0
2022-07-28,2908,2022-03-31,1,,,,,,,,,,,,,,,,,,,,80136000000,69634000000,0.869,,69634000000,,,,,,,,,,,,true,false,12,2021-04-01,2022-03-31,-1
2022-07-28,2908,2022-03-31,1,,,,,,,,,,,,,,,,,,,,,,,,,,,,,45.00,,,,30050759,907524,,false,false,12,2021-04-01,2022-03-31,-1
2022-07-28,2908,2023-03-31,1,,,,,,,,,,,,,,,,,,,,,,,,,,,,,46.00,,,,,,,false,true,12,2022-04-01,2023-03-31,0
2022-07-28,2908,2023-03-31,1,,,,,,,,,,,,,,,,,,,,,,,,,,,,,,,,,30050759,1266324,28944835,false,false,3,2022-04-01,2022-06-30,0
2022-07-28,2908,2022-03-31,1,,,,,,,,,,,,,,,,,,,,,,,,,,,,,,,,,,,29956929,false,false,3,2021-04-01,2021-06-30,-1
2022-10-24,29080,2023-03-31,,26300000000,-0.026,,,,,530000000,-0.470,700000000,-0.364,,540000000,,18.82,,,,,,,,,,,,,,,,,,,,,,true,true,6,2022-04-01,2022-09-30,0
2022-10-24,29080,2022-03-31,,27255000000,,,,,,1318000000,,1488000000,,,1248000000,,41.67,,,,,,,,,,,,,,,,,,,,,,true,false,6,2021-04-01,2021-09-30,-1
2022-10-24,29080,2023-03-31,,54600000000,-0.013,,,,,1800000000,-0.438,2000000000,-0.420,,1800000000,,62.82,,,,,,,,,,,,,,,,,,,,,,true,true,12,2022-04-01,2023-03-31,0
2022-10-24,29080,2022-03-31,,55074000000,,,,,,3152000000,,3506000000,,,2115000000,,71.03,,,,,,,,,,,,,,,,,,,,,,true,false,12,2021-04-01,2022-03-31,-1
2022-10-31,2908,2023-03-31,2,26302000000,-0.035,,,,,534000000,-0.595,705000000,-0.526,,542000000,,18.82,,,,,,79057000000,68363000000,0.865,,68363000000,,,,,,,,,,,,true,false,6,2022-04-01,2022-09-30,0
2022-10-31,2908,2022-03-31,2,27255000000,,,,,,1318000000,-0.394,1488000000,-0.372,,1248000000,,41.67,,,,,,,,,,,,,,,,,,,,,,true,false,6,2021-04-01,2021-09-30,-1
2022-10-31,2908,2023-03-31,2,54600000000,-0.009,,,,,1800000000,-0.429,2000000000,-0.430,,1800000000,,62.82,,,,,,,,,,,,,,,,,,,,,,true,true,12,2022-04-01,2023-03-31,0
2022-10-31,2908,2022-03-31,2,,,,,,,,,,,,,,,,,,,,80136000000,69634000000,0.869,,69634000000,,,,,,,,,,,,true,false,12,2021-04-01,2022-03-31,-1
2022-10-31,2908,2022-03-31,2,,,,,,,,,,,,,,,,,,,,,,,,,,,,,45.00,,,,30050759,907524,,false,false,12,2021-04-01,2022-03-31,-1
2022-10-31,2908,2023-03-31,2,,,,,,,,,,,,,,,,,,,,,,,,,,,,,23.00,,,,,,,false,false,12,2022-04-01,2023-03-31,0
2022-10-31,2908,2023-03-31,2,,,,,,,,,,,,,,,,,,,,,,,,,,,,,46.00,,,,,,,false,true,12,2022-04-01,2023-03-31,0
2022-10-31,2908,2023-03-31,2,,,,,,,,,,,,,,,,,,,,,,,,,,,,,,,,,30050759,1476024,28813364,false,false,6,2022-04-01,2022-09-30,0
2022-10-31,2908,2022-03-31,2,,,,,,,,,,,,,,,,,,,,,,,,,,,,,,,,,,,29957557,false,false,6,2021-04-01,2021-09-30,-1
2023-01-27,2908,2023-03-31,3,41352000000,-0.028,,,,,1271000000,-0.519,1557000000,-0.474,,1142000000,,39.80,,,,,,79350000000,68199000000,0.859,,68199000000,,,,,,,,,,,,true,false,9,2022-04-01,2022-12-31,0
2023-01-27,2908,2022-03-31,3,42552000000,,,,,,2645000000,-0.284,2961000000,-0.267,,2202000000,,73.62,,,,,,,,,,,,,,,,,,,,,,true,false,9,2021-04-01,2021-12-31,-1
2023-01-27,2908,2023-03-31,3,54200000000,-0.016,,,,,1500000000,-0.524,1800000000,-0.487,,1600000000,,55.84,,,,,,,,,,,,,,,,,,,,,,true,true,12,2022-04-01,2023-03-31,0
2023-01-27,2908,2022-03-31,3,,,,,,,,,,,,,,,,,,,,80136000000,69634000000,0.869,,69634000000,,,,,,,,,,,,true,false,12,2021-04-01,2022-03-31,-1
2023-01-27,2908,2022-03-31,3,,,,,,,,,,,,,,,,,,,,,,,,,,,,,45.00,,,,30050759,907524,,false,false,12,2021-04-01,2022-03-31,-1
2023-01-27,2908,2023-03-31,3,,,,,,,,,,,,,,,,,,,,,,,,,,,,,23.00,,,,,,,false,false,12,2022-04-01,2023-03-31,0
2023-01-27,2908,2023-03-31,3,,,,,,,,,,,,,,,,,,,,,,,,,,,,,46.00,,,,,,,false,true,12,2022-04-01,2023-03-31,0
2023-01-27,2908,2023-03-31,3,,,,,,,,,,,,,,,,,,,,,,,,,,,,,,,,,30050759,1589024,28711675,false,false,9,2022-04-01,2022-12-31,0
2023-01-27,2908,2022-03-31,3,,,,,,,,,,,,,,,,,,,,,,,,,,,,,,,,,,,29921044,false,false,9,2021-04-01,2021-12-31,-1
2023-05-12,2908,2023-03-31,,53915000000,-0.021,,,,,1249000000,-0.604,1558000000,-0.556,,1406000000,,49.09,,0.020,0.020,0.023,,78862000000,68514000000,0.869,2407.06,68514000000,3414000000,-250000000,-2666000000,13275000000,,0.937,,,,,,true,false,12,2022-04-01,2023-03-31,0
2023-05-12,2908,2022-03-31,,55074000000,,,,,,3152000000,-0.270,3506000000,-0.256,,2115000000,,71.03,,0.030,0.042,0.057,,80136000000,69634000000,0.869,2389.39,69634000000,5101000000,-3330000000,-2867000000,12778000000,,0.634,,,,,,true,false,12,2021-04-01,2022-03-31,-1
2023-05-12,2908,2024-03-31,,27200000000,0.034,,,,,50000000,-0.906,150000000,-0.787,,100000000,,3.51,,,,,,,,,,,,,,,,,,,,,,true,true,6,2023-04-01,2023-09-30,1
2023-05-12,2908,2024-03-31,,55800000000,0.035,,,,,1300000000,0.040,1550000000,-0.005,,1100000000,,38.65,,,,,,,,,,,,,,,,1.190,,,,,,true,true,12,2023-04-01,2024-03-31,1
2023-05-12,2908,2023-03-31,,51984000000,-0.024,,,,,1312000000,-0.578,1611000000,-0.535,1478000000,,-0.300,51.60,,,,,,79331000000,68632000000,0.865,2411.23,68632000000,,,,,46.00,,,,30050759,1586964,28654344,false,false,12,2022-04-01,2023-03-31,0
2023-05-12,2908,2022-03-31,,53260000000,,,,,,3106000000,-0.301,3463000000,-0.280,2113000000,,-0.419,70.96,,,,,,80493000000,69719000000,0.866,2392.29,69719000000,,,,,45.00,,,,30050759,907524,29781950,false,false,12,2021-04-01,2022-03-31,-1
2023-05-12,2908,2024-03-31,,,,,,,,,,,,,,,,,,,,,,,,,,,,,,46.00,,,,,,,false,true,12,2023-04-01,2024-03-31,1
2023-07-28,2908,2024-03-31,1,13634000000,0.057,,,,,170000000,-0.426,316000000,-0.284,,202000000,,7.11,,,,,,78745000000,68350000000,0.868,,68350000000,,,,,,,,,,,,true,false,3,2023-04-01,2023-06-30,0
2023-07-28,2908,2023-03-31,1,12896000000,-0.050,,,,,296000000,-0.464,441000000,-0.360,,256000000,,8.85,,,,,,,,,,,,,,,,,,,,,,true,false,3,2022-04-01,2022-06-30,-1
2023-07-28,2908,2024-03-31,1,27700000000,0.053,,,,,550000000,0.029,650000000,-0.079,,450000000,,15.81,,,,,,,,,,,,,,,,,,,,,,true,true,6,2023-04-01,2023-09-30,0
2023-07-28,2908,2024-03-31,1,56500000000,0.048,,,,,1800000000,0.440,2050000000,0.316,,1430000000,,50.24,,,,,,,,,,,,,,,,,,,,,,true,true,12,2023-04-01,2024-03-31,0
2023-07-28,2908,2023-03-31,1,,,,,,,,,,,,,,,,,,,,78862000000,68514000000,0.869,,68514000000,,,,,,,,,,,,true,false,12,2022-04-01,2023-03-31,-1
2023-07-28,2908,2023-03-31,1,,,,,,,,,,,,,,,,,,,,,,,,,,,,,46.00,,,,30050759,1586964,,false,false,12,2022-04-01,2023-03-31,-1
2023-07-28,2908,2024-03-31,1,,,,,,,,,,,,,,,,,,,,,,,,,,,,,46.00,,,,,,,false,true,12,2023-04-01,2024-03-31,0
2023-07-28,2908,2024-03-31,1,,,,,,,,,,,,,,,,,,,,,,,,,,,,,,,,,30050759,1585804,28464385,false,false,3,2023-04-01,2023-06-30,0
2023-07-28,2908,2023-03-31,1,,,,,,,,,,,,,,,,,,,,,,,,,,,,,,,,,,,28944835,false,false,3,2022-04-01,2022-06-30,-1
2023-07-28,29080,2024-03-31,,27700000000,0.018,,,,,550000000,10.000,650000000,3.333,450000000,,3.500,15.81,,,,,,,,,,,,,,,,,,,,,,true,true,6,2023-04-01,2023-09-30,0
2023-07-28,29080,2023-03-31,,26302000000,,,,,,534000000,,705000000,,542000000,,,18.82,,,,,,,,,,,,,,,,,,,,,,true,false,6,2022-04-01,2022-09-30,-1
2023-07-28,29080,2024-03-31,,56500000000,0.013,,,,,1800000000,0.385,2050000000,0.323,,1430000000,,50.24,,,,,,,,,,,,,,,,,,,,,,true,true,12,2023-04-01,2024-03-31,0
2023-07-28,29080,2023-03-31,,53915000000,,,,,,1249000000,,1558000000,,,1406000000,,49.09,,,,,,,,,,,,,,,,,,,,,,true,false,12,2022-04-01,2023-03-31,-1
2023-10-23,29080,2024-03-31,,27460000000,-0.009,,,,,660000000,0.200,830000000,0.277,,570000000,,20.02,,,,,,,,,,,,,,,,,,,,,,true,true,6,2023-04-01,2023-09-30,0
2023-10-23,29080,2023-03-31,,26302000000,,,,,,534000000,,705000000,,,542000000,,18.82,,,,,,,,,,,,,,,,,,,,,,true,false,6,2022-04-01,2022-09-30,-1
2023-10-31,2908,2024-03-31,2,27466000000,0.044,,,,,660000000,0.237,838000000,0.188,,579000000,,20.36,,,,,,80207000000,68839000000,0.858,,68839000000,,,,,,,,,,,,true,false,6,2023-04-01,2023-09-30,0
2023-10-31,2908,2023-03-31,2,26302000000,-0.035,,,,,534000000,-0.595,705000000,-0.526,,542000000,,18.82,,,,,,,,,,,,,,,,,,,,,,true,false,6,2022-04-01,2022-09-30,-1
2023-10-31,2908,2024-03-31,2,56500000000,0.048,,,,,1800000000,0.440,2050000000,0.316,,1430000000,,50.24,,,,,,,,,,,,,,,,,,,,,,true,true,12,2023-04-01,2024-03-31,0
2023-10-31,2908,2023-03-31,2,,,,,,,,,,,,,,,,,,,,78862000000,68514000000,0.869,,68514000000,,,,,,,,,,,,true,false,12,2022-04-01,2023-03-31,-1
2023-10-31,2908,2023-03-31,2,,,,,,,,,,,,,,,,,,,,,,,,,,,,,46.00,,,,30050759,1586964,,false,false,12,2022-04-01,2023-03-31,-1
2023-10-31,2908,2024-03-31,2,,,,,,,,,,,,,,,,,,,,,,,,,,,,,23.00,,,,,,,false,false,12,2023-04-01,2024-03-31,0
2023-10-31,2908,2024-03-31,2,,,,,,,,,,,,,,,,,,,,,,,,,,,,,46.00,,,,,,,false,true,12,2023-04-01,2024-03-31,0
2023-10-31,2908,2024-03-31,2,,,,,,,,,,,,,,,,,,,,,,,,,,,,,,,,,30050759,1585404,28464801,false,false,6,2023-04-01,2023-09-30,0
2023-10-31,2908,2023-03-31,2,,,,,,,,,,,,,,,,,,,,,,,,,,,,,,,,,,,28813364,false,false,6,2022-04-01,2022-09-30,-1
2024-01-31,2908,2024-03-31,3,42780000000,0.035,,,,,1661000000,0.306,1989000000,0.278,,1394000000,,48.97,,,,,,80921000000,69156000000,0.855,,69156000000,,,,,,,,,,,,true,false,9,2023-04-01,2023-12-31,0
2024-01-31,2908,2023-03-31,3,41352000000,-0.028,,,,,1271000000,-0.519,1557000000,-0.474,,1142000000,,39.80,,,,,,,,,,,,,,,,,,,,,,true,false,9,2022-04-01,2022-12-31,-1
2024-01-31,2908,2024-03-31,3,56500000000,0.048,,,,,1800000000,0.440,2050000000,0.316,,1430000000,,50.24,,,,,,,,,,,,,,,,,,,,,,true,true,12,2023-04-01,2024-03-31,0
2024-01-31,2908,2023-03-31,3,,,,,,,,,,,,,,,,,,,,78862000000,68514000000,0.869,,68514000000,,,,,,,,,,,,true,false,12,2022-04-01,2023-03-31,-1
2024-01-31,2908,2023-03-31,3,,,,,,,,,,,,,,,,,,,,,,,,,,,,,46.00,,,,30050759,1586964,,false,false,12,2022-04-01,2023-03-31,-1
2024-01-31,2908,2024-03-31,3,,,,,,,,,,,,,,,,,,,,,,,,,,,,,23.00,,,,,,,false,false,12,2023-04-01,2024-03-31,0
2024-01-31,2908,2024-03-31,3,,,,,,,,,,,,,,,,,,,,,,,,,,,,,46.00,,,,,,,false,true,12,2023-04-01,2024-03-31,0
2024-01-31,2908,2024-03-31,3,,,,,,,,,,,,,,,,,,,,,,,,,,,,,,,,,30050759,1585004,28465007,false,false,9,2023-04-01,2023-12-31,0
2024-01-31,2908,2023-03-31,3,,,,,,,,,,,,,,,,,,,,,,,,,,,,,,,,,,,28711675,false,false,9,2022-04-01,2022-12-31,-1
2024-05-13,2908,2024-03-31,,55715000000,0.033,,,,,1530000000,0.224,1881000000,0.207,,1110000000,,39.00,,0.016,0.024,0.027,,80476000000,69023000000,0.858,2424.75,69023000000,2800000000,-3423000000,-1311000000,11340000000,,1.180,,,,,,true,false,12,2023-04-01,2024-03-31,0
2024-05-13,2908,2023-03-31,,53915000000,-0.021,,,,,1249000000,-0.604,1558000000,-0.556,,1406000000,,49.09,,0.020,0.020,0.023,,78862000000,68514000000,0.869,2407.06,68514000000,3331000000,-168000000,-2666000000,13275000000,,0.937,,,,,,true,false,12,2022-04-01,2023-03-31,-1
2024-05-13,2908,2025-03-31,,28800000000,0.049,,,,,670000000,0.014,800000000,-0.046,,560000000,,19.67,,,,,,,,,,,,,,,,,,,,,,true,true,6,2024-04-01,2024-09-30,1
2024-05-13,2908,2025-03-31,,58500000000,0.050,,,,,2000000000,0.307,2250000000,0.196,,1550000000,,54.45,,,,,,,,,,,,,,,,0.845,,,,,,true,true,12,2024-04-01,2025-03-31,1
2024-05-13,2908,2023-03-31,,,,,,,,,,,,,,,,,,,,,,,,,,,,,,46.00,,,,30050759,1586964,28654344,false,false,12,2022-04-01,2023-03-31,-1
2024-05-13,2908,2024-03-31,,,,,,,,,,,,,,,,,,,,,,,,,,,,,,46.00,,,,30050759,1584274,28465286,false,false,12,2023-04-01,2024-03-31,0
2024-05-13,2908,2025-03-31,,,,,,,,,,,,,,,,,,,,,,,,,,,,,,46.00,,,,,,,false,true,12,2024-04-01,2025-03-31,1
2024-07-31,2908,2025-03-31,1,13931000000,0.022,,,,,6000000,-0.959,167000000,-0.470,,65000000,,2.31,,,,,,79256000000,68359000000,0.863,,68359000000,,,,,,,,,,,,true,false,3,2024-04-01,2024-06-30,0
2024-07-31,2908,2024-03-31,1,13634000000,0.057,,,,,170000000,-0.426,316000000,-0.284,,202000000,,7.11,,,,,,,,,,,,,,,,,,,,,,true,false,3,2023-04-01,2023-06-30,-1
2024-07-31,2908,2025-03-31,1,28800000000,0.049,,,,,670000000,0.014,800000000,-0.046,,560000000,,19.67,,,,,,,,,,,,,,,,,,,,,,true,true,6,2024-04-01,2024-09-30,0
2024-07-31,2908,2025-03-31,1,58500000000,0.050,,,,,2000000000,0.307,2250000000,0.196,,1550000000,,54.45,,,,,,,,,,,,,,,,,,,,,,true,true,12,2024-04-01,2025-03-31,0
2024-07-31,2908,2024-03-31,1,,,,,,,,,,,,,,,,,,,,80476000000,69023000000,0.858,,69023000000,,,,,,,,,,,,true,false,12,2023-04-01,2024-03-31,-1
2024-07-31,2908,2024-03-31,1,,,,,,,,,,,,,,,,,,,,,,,,,,,,,46.00,,,,30050759,1584274,,false,false,12,2023-04-01,2024-03-31,-1
2024-07-31,2908,2025-03-31,1,,,,,,,,,,,,,,,,,,,,,,,,,,,,,46.00,,,,,,,false,true,12,2024-04-01,2025-03-31,0
2024-07-31,2908,2025-03-31,1,,,,,,,,,,,,,,,,,,,,,,,,,,,,,,,,,30050759,1584314,28466455,false,false,3,2024-04-01,2024-06-30,0
2024-07-31,2908,2024-03-31,1,,,,,,,,,,,,,,,,,,,,,,,,,,,,,,,,,,,28464385,false,false,3,2023-04-01,2023-06-30,-1
2024-10-23,29080,2025-03-31,,28050000000,-0.026,,,,,250000000,-0.627,450000000,-0.438,,370000000,,13.00,,,,,,,,,,,,,,,,,,,,,,true,true,6,2024-04-01,2024-09-30,0
2024-10-23,29080,2024-03-31,,27466000000,,,,,,660000000,,838000000,,,579000000,,20.36,,,,,,,,,,,,,,,,,,,,,,true,false,6,2023-04-01,2023-09-30,-1
2024-10-31,2908,2025-03-31,2,28055000000,0.021,,,,,257000000,-0.610,449000000,-0.463,,378000000,,13.29,,,,,,80292000000,68559000000,0.854,,68559000000,,,,,,,,,,,,true,false,6,2024-04-01,2024-09-30,0
2024-10-31,2908,2024-03-31,2,27466000000,0.044,,,,,660000000,0.237,838000000,0.188,,579000000,,20.36,,,,,,,,,,,,,,,,,,,,,,true,false,6,2023-04-01,2023-09-30,-1
2024-10-31,2908,2025-03-31,2,58500000000,0.050,,,,,2000000000,0.307,2250000000,0.196,,1550000000,,54.45,,,,,,,,,,,,,,,,,,,,,,true,true,12,2024-04-01,2025-03-31,0
2024-10-31,2908,2024-03-31,2,,,,,,,,,,,,,,,,,,,,80476000000,69023000000,0.858,,69023000000,,,,,,,,,,,,true,false,12,2023-04-01,2024-03-31,-1
2024-10-31,2908,2024-03-31,2,,,,,,,,,,,,,,,,,,,,,,,,,,,,,46.00,,,,30050759,1584274,,false,false,12,2023-04-01,2024-03-31,-1
2024-10-31,2908,2025-03-31,2,,,,,,,,,,,,,,,,,,,,,,,,,,,,,23.00,,,,,,,false,false,12,2024-04-01,2025-03-31,0
2024-10-31,2908,2025-03-31,2,,,,,,,,,,,,,,,,,,,,,,,,,,,,,46.00,,,,,,,false,true,12,2024-04-01,2025-03-31,0
2024-10-31,2908,2025-03-31,2,,,,,,,,,,,,,,,,,,,,,,,,,,,,,,,,,30050759,1582650,28466993,false,false,6,2024-04-01,2024-09-30,0
2024-10-31,2908,2024-03-31,2,,,,,,,,,,,,,,,,,,,,,,,,,,,,,,,,,,,28464801,false,false,6,2023-04-01,2023-09-30,-1
2025-01-24,29080,2025-03-31,,56800000000,-0.029,,,,,1000000000,-0.500,1400000000,-0.378,,1000000000,,35.13,,,,,,,,,,,,,,,,,,,,,,true,true,12,2024-04-01,2025-03-31,0
2025-01-24,29080,2024-03-31,,55715000000,,,,,,1530000000,,1881000000,,,1110000000,,39.00,,,,,,,,,,,,,,,,,,,,,,true,false,12,2023-04-01,2024-03-31,-1
2025-01-31,2908,2025-03-31,3,43845000000,0.025,,,,,917000000,-0.448,1302000000,-0.346,,976000000,,34.31,,,,,,80647000000,68662000000,0.851,,68662000000,,,,,,,,,,,,true,false,9,2024-04-01,2024-12-31,0
2025-01-31,2908,2024-03-31,3,42780000000,0.035,,,,,1661000000,0.306,1989000000,0.278,,1394000000,,48.97,,,,,,,,,,,,,,,,,,,,,,true,false,9,2023-04-01,2023-12-31,-1
2025-01-31,2908,2025-03-31,3,56800000000,0.019,,,,,1000000000,-0.347,1400000000,-0.256,,1000000000,,35.13,,,,,,,,,,,,,,,,,,,,,,true,true,12,2024-04-01,2025-03-31,0
2025-01-31,2908,2024-03-31,3,,,,,,,,,,,,,,,,,,,,80476000000,69023000000,0.858,,69023000000,,,,,,,,,,,,true,false,12,2023-04-01,2024-03-31,-1
2025-01-31,2908,2024-03-31,3,,,,,,,,,,,,,,,,,,,,,,,,,,,,,46.00,,,,30050759,1584274,,false,false,12,2023-04-01,2024-03-31,-1
2025-01-31,2908,2025-03-31,3,,,,,,,,,,,,,,,,,,,,,,,,,,,,,23.00,,,,,,,false,false,12,2024-04-01,2025-03-31,0
2025-01-31,2908,2025-03-31,3,,,,,,,,,,,,,,,,,,,,,,,,,,,,,46.00,,,,,,,false,true,12,2024-04-01,2025-03-31,0
2025-01-31,2908,2025-03-31,3,,,,,,,,,,,,,,,,,,,,,,,,,,,,,,,,,30050759,1582364,28467381,false,false,9,2024-04-01,2024-12-31,0
2025-01-31,2908,2024-03-31,3,,,,,,,,,,,,,,,,,,,,,,,,,,,,,,,,,,,28465007,false,false,9,2023-04-01,2023-12-31,-1
2025-05-02,2908,2025-03-31,,57077000000,0.024,,,,,1131000000,-0.261,1554000000,-0.174,,951000000,,33.44,,0.014,0.019,0.020,,79429000000,68596000000,0.864,2409.55,68596000000,4485000000,-2819000000,-1313000000,11692000000,,1.376,,,,,,true,false,12,2024-04-01,2025-03-31,0
2025-05-02,2908,2024-03-31,,55715000000,0.033,,,,,1530000000,0.224,1881000000,0.207,,1110000000,,39.00,,0.016,0.024,0.027,,80476000000,69023000000,0.858,2424.75,69023000000,2800000000,-3423000000,-1311000000,11340000000,,1.180,,,,,,true,false,12,2023-04-01,2024-03-31,-1
2025-05-02,2908,2026-03-31,,28700000000,0.023,,,,,500000000,0.939,650000000,0.445,,450000000,,15.81,,,,,,,,,,,,,,,,,,,,,,true,true,6,2025-04-01,2025-09-30,1
2025-05-02,2908,2026-03-31,,58500000000,0.025,,,,,1650000000,0.459,1900000000,0.222,,1350000000,,47.42,,,,,,,,,,,,,,,,0.973,,,,,,true,true,12,2025-04-01,2026-03-31,1
2025-05-02,2908,2024-03-31,,,,,,,,,,,,,,,,,,,,,,,,,,,,,,46.00,,,,30050759,1584274,28465286,false,false,12,2023-04-01,2024-03-31,-1
2025-05-02,2908,2025-03-31,,,,,,,,,,,,,,,,,,,,,,,,,,,,,,46.00,,,,30050759,1582059,28467685,false,false,12,2024-04-01,2025-03-31,0
2025-05-02,2908,2026-03-31,,,,,,,,,,,,,,,,,,,,,,,,,,,,,,46.00,,,,,,,false,true,12,2025-04-01,2026-03-31,1
