filing_date,code,fiscal_year_end,quarterly_period,net_sales,net_sales_change,revenue,revenue_change,operating_revenue,operating_revenue_change,operating_profit,operating_profit_change,ordinary_profit,ordinary_profit_change,net_income,net_income_of_parent,net_income_change,eps,diluted_eps,roe,roa,operating_profit_to_net_sales,operating_profit_to_revenue,total_assets,net_assets,equity_ratio,bps,owner_equity,operating_cash_flow,investing_cash_flow,financing_cash_flow,cash,dividend_per_share,payout_ratio,commemorative_dividend,extra_dividend,number_of_shares,number_of_treqsury_shares,avg_number_of_shares,is_consolidated,is_forecast,duration,period_start,period_end,period_pos
2015-08-03,29140,2015-12-31,2,,,,,,,289997000000,,,,,211466000000,,117.49,117.42,,,,,4538916000000,,,,,,,,,,,,,,,,true,false,6,2015-01-01,2015-06-30,0
2015-08-03,29140,2014-12-31,2,,,,,,,307065000000,-0.116,,,,219340000000,,120.68,120.61,,,,,,,,,,,,,,,,,,,,,true,false,6,2014-01-01,2014-06-30,-1
2015-08-03,29140,2015-12-31,2,,,,,,,668000000000,,,,,471000000000,,262.36,,,,,,,,,,,,,,,,,,,,,,true,true,12,2015-01-01,2015-12-31,0
2015-08-03,29140,2014-12-31,2,,,,,,,,,,,,,,,,,,,,4704706000000,,,,,,,,,,,,,,,,true,false,12,2014-01-01,2014-12-31,-1
2015-08-03,29140,2014-12-31,2,,,,,,,,,,,,,,,,,,,,,,,,,,,,,100.00,,,,2000000000,182443388,,false,false,12,2014-01-01,2014-12-31,-1
2015-08-03,29140,2015-12-31,2,,,,,,,,,,,,,,,,,,,,,,,,,,,,,54.00,,,,,,,false,false,12,2015-01-01,2015-12-31,0
2015-08-03,29140,2015-12-31,2,,,,,,,,,,,,,,,,,,,,,,,,,,,,,108.00,,,,,,,false,true,12,2015-01-01,2015-12-31,0
2015-08-03,29140,2015-12-31,2,,,,,,,,,,,,,,,,,,,,,,,,,,,,,,,,,2000000000,209330431,1799878919,false,false,6,2015-01-01,2015-06-30,0
2015-08-03,29140,2014-12-31,2,,,,,,,,,,,,,,,,,,,,,,,,,,,,,,,,,,,1817550984,false,false,6,2014-01-01,2014-06-30,-1
2015-08-03,29140,2015-12-31,,727000000000,,,,,,,,361000000000,,336000000000,,,187.16,,,,,,,,,,,,,,,,,,,,,,false,true,12,2015-01-01,2015-12-31,0
2015-08-03,29140,2014-12-31,,572323000000,,,,,,,,159746000000,,108656000000,,,59.78,,,,,,,,,,,,,,,,,,,,,,false,false,12,2014-01-01,2014-12-31,-1
2015-11-04,29140,2015-12-31,3,,,,,,,455901000000,,,,,404395000000,,225.07,224.93,,,,,4404511000000,,,,,,,,,,,,,,,,true,false,9,2015-01-01,2015-09-30,0
2015-11-04,29140,2014-12-31,3,,,,,,,499880000000,,,,,362919000000,,199.67,199.56,,,,,,,,,,,,,,,,,,,,,true,false,9,2014-01-01,2014-09-30,-1
2015-11-04,29140,2015-12-31,3,,,,,,,554000000000,,,,,474000000000,,264.03,,,,,,,,,,,,,,,,,,,,,,true,true,12,2015-01-01,2015-12-31,0
2015-11-04,29140,2014-12-31,3,,,,,,,,,,,,,,,,,,,,4704706000000,,,,,,,,,,,,,,,,true,false,12,2014-01-01,2014-12-31,-1
2015-11-04,29140,2014-12-31,3,,,,,,,,,,,,,,,,,,,,,,,,,,,,,100.00,,,,2000000000,182443388,,false,false,12,2014-01-01,2014-12-31,-1
2015-11-04,29140,2015-12-31,3,,,,,,,,,,,,,,,,,,,,,,,,,,,,,54.00,,,,,,,false,false,12,2015-01-01,2015-12-31,0
2015-11-04,29140,2015-12-31,3,,,,,,,,,,,,,,,,,,,,,,,,,,,,,118.00,,,,,,,false,true,12,2015-01-01,2015-12-31,0
2015-11-04,29140,2015-12-31,3,,,,,,,,,,,,,,,,,,,,,,,,,,,,,,,,,2000000000,209290431,1796783900,false,false,9,2015-01-01,2015-09-30,0
2015-11-04,29140,2014-12-31,3,,,,,,,,,,,,,,,,,,,,,,,,,,,,,,,,,,,1817552790,false,false,9,2014-01-01,2014-09-30,-1
2016-02-04,29140,2015-12-31,,732483000000,,,,,,231704000000,,371989000000,,345009000000,,,192.18,192.06,,,,,2756785000000,1713068000000,0.621,955.56,1711127000000,,,,,118.00,,,,2000000000,209285431,1795254014,false,false,12,2015-01-01,2015-12-31,0
2016-02-04,29140,2014-12-31,,572323000000,,,,,,157712000000,,159746000000,,108656000000,,,59.78,59.75,,,,,2729270000000,1649151000000,0.604,906.45,1647520000000,,,,,100.00,,,,2000000000,182443388,1817552790,false,false,12,2014-01-01,2014-12-31,-1
2016-02-04,29140,2015-12-31,,,,,,,,565229000000,,,,,485691000000,,270.54,270.37,,,,,4558235000000,,,,,468432000000,-63271000000,-254852000000,,,0.436,,,,,,true,false,12,2015-01-01,2015-12-31,0
2016-02-04,29140,2014-12-31,,,,,,,,499880000000,,,,,362919000000,,199.67,199.56,,,,,4704706000000,,,,,543696000000,-49110000000,-388859000000,,,0.501,,,,,,true,false,12,2014-01-01,2014-12-31,-1
2016-02-04,29140,2016-12-31,,,,,,,,566000000000,0.001,,,,399000000000,,222.82,,,,,,,,,,,,,,,,0.574,,,,,,true,true,12,2016-01-01,2016-12-31,1
2016-02-04,29140,2016-12-31,,,,,,,,,,,,,,,,,,,,,,,,,,,,,,128.00,,,,,,,false,true,12,2016-01-01,2016-12-31,1
2016-05-02,29140,2016-12-31,1,,,,,,,203692000000,0.413,,,,145445000000,,81.22,81.17,,,,,4699527000000,,,,,,,,,,,,,,,,true,false,3,2016-01-01,2016-03-31,0
2016-05-02,29140,2015-12-31,1,,,,,,,144137000000,,,,,104195000000,,57.59,57.56,,,,,,,,,,,,,,,,,,,,,true,false,3,2015-01-01,2015-03-31,-1
2016-05-02,29140,2016-12-31,1,,,,,,,566000000000,0.001,,,,399000000000,,222.82,,,,,,,,,,,,,,,,,,,,,,true,true,12,2016-01-01,2016-12-31,0
2016-05-02,29140,2015-12-31,1,,,,,,,,,,,,,,,,,,,,4558235000000,,,,,,,,,,,,,,,,true,false,12,2015-01-01,2015-12-31,-1
2016-05-02,29140,2015-12-31,1,,,,,,,,,,,,,,,,,,,,,,,,,,,,,118.00,,,,2000000000,209285431,,false,false,12,2015-01-01,2015-12-31,-1
2016-05-02,29140,2016-12-31,1,,,,,,,,,,,,,,,,,,,,,,,,,,,,,128.00,,,,,,,false,true,12,2016-01-01,2016-12-31,0
2016-05-02,29140,2016-12-31,1,,,,,,,,,,,,,,,,,,,,,,,,,,,,,,,,,2000000000,209193231,1790800411,false,false,3,2016-01-01,2016-03-31,0
2016-05-02,29140,2015-12-31,1,,,,,,,,,,,,,,,,,,,,,,,,,,,,,,,,,,,1809191436,false,false,3,2015-01-01,2015-03-31,-1
2016-08-01,29140,2016-12-31,2,,,,,,,345020000000,0.155,,,,247094000000,,137.98,137.90,,,,,4360233000000,,,,,,,,,,,,,,,,true,false,6,2016-01-01,2016-06-30,0
2016-08-01,29140,2015-12-31,2,,,,,,,298792000000,,,,,211466000000,,117.49,117.42,,,,,,,,,,,,,,,,,,,,,true,false,6,2015-01-01,2015-06-30,-1
2016-08-01,29140,2016-12-31,2,,,,,,,572000000000,0.012,,,,409000000000,,228.38,,,,,,,,,,,,,,,,,,,,,,true,true,12,2016-01-01,2016-12-31,0
2016-08-01,29140,2015-12-31,2,,,,,,,,,,,,,,,,,,,,4558235000000,,,,,,,,,,,,,,,,true,false,12,2015-01-01,2015-12-31,-1
2016-08-01,29140,2015-12-31,2,,,,,,,,,,,,,,,,,,,,,,,,,,,,,118.00,,,,2000000000,209285431,,false,false,12,2015-01-01,2015-12-31,-1
2016-08-01,29140,2016-12-31,2,,,,,,,,,,,,,,,,,,,,,,,,,,,,,64.00,,,,,,,false,false,12,2016-01-01,2016-12-31,0
2016-08-01,29140,2016-12-31,2,,,,,,,,,,,,,,,,,,,,,,,,,,,,,128.00,,,,,,,false,true,12,2016-01-01,2016-12-31,0
2016-08-01,29140,2016-12-31,2,,,,,,,,,,,,,,,,,,,,,,,,,,,,,,,,,2000000000,209110517,1790842738,false,false,6,2016-01-01,2016-06-30,0
2016-08-01,29140,2015-12-31,2,,,,,,,,,,,,,,,,,,,,,,,,,,,,,,,,,,,1799878919,false,false,6,2015-01-01,2015-06-30,-1
2016-08-01,29140,2016-12-31,,733000000000,0.001,,,,,,,197000000000,-0.470,170000000000,,-0.507,94.93,,,,,,,,,,,,,,,,,,,,,,false,true,12,2016-01-01,2016-12-31,0
2016-08-01,29140,2015-12-31,,732483000000,,,,,,,,371989000000,,345009000000,,,192.18,,,,,,,,,,,,,,,,,,,,,,false,false,12,2015-01-01,2015-12-31,-1
2016-10-31,29140,2016-12-31,3,,,,,,,494580000000,0.085,,,,350008000000,,195.44,195.33,,,,,4257997000000,,,,,,,,,,,,,,,,true,false,9,2016-01-01,2016-09-30,0
2016-10-31,29140,2015-12-31,3,,,,,,,455901000000,,,,,404395000000,,225.07,224.93,,,,,,,,,,,,,,,,,,,,,true,false,9,2015-01-01,2015-09-30,-1
2016-10-31,29140,2016-12-31,3,,,,,,,580000000000,0.026,,,,414000000000,,231.17,,,,,,,,,,,,,,,,,,,,,,true,true,12,2016-01-01,2016-12-31,0
2016-10-31,29140,2015-12-31,3,,,,,,,,,,,,,,,,,,,,4558235000000,,,,,,,,,,,,,,,,true,false,12,2015-01-01,2015-12-31,-1
2016-10-31,29140,2015-12-31,3,,,,,,,,,,,,,,,,,,,,,,,,,,,,,118.00,,,,2000000000,209285431,,false,false,12,2015-01-01,2015-12-31,-1
2016-10-31,29140,2016-12-31,3,,,,,,,,,,,,,,,,,,,,,,,,,,,,,64.00,,,,,,,false,false,12,2016-01-01,2016-12-31,0
2016-10-31,29140,2016-12-31,3,,,,,,,,,,,,,,,,,,,,,,,,,,,,,128.00,,,,,,,false,true,12,2016-01-01,2016-12-31,0
2016-10-31,29140,2016-12-31,3,,,,,,,,,,,,,,,,,,,,,,,,,,,,,,,,,2000000000,209096067,1790859796,false,false,9,2016-01-01,2016-09-30,0
2016-10-31,29140,2015-12-31,3,,,,,,,,,,,,,,,,,,,,,,,,,,,,,,,,,,,1796783900,false,false,9,2015-01-01,2015-09-30,-1
2017-02-06,29140,2016-12-31,,729286000000,-0.004,,,,,196700000000,-0.151,203242000000,-0.454,173607000000,,-0.497,96.94,96.88,,,,,2849913000000,1663675000000,0.583,927.93,1661881000000,,,,,130.00,,,,2000000000,209044267,1790878041,false,false,12,2016-01-01,2016-12-31,0
2017-02-06,29140,2015-12-31,,732483000000,,,,,,231704000000,,371989000000,,345009000000,,,192.18,192.06,,,,,2756785000000,1713068000000,0.621,955.56,1711127000000,,,,,118.00,,,,2000000000,209285431,1795254014,false,false,12,2015-01-01,2015-12-31,-1
2017-02-06,29140,2016-12-31,,,,,,,,593329000000,0.050,,,,421695000000,,235.47,235.33,,,,,4744374000000,,,,,376549000000,-687509000000,91318000000,,,0.552,,,,,,true,false,12,2016-01-01,2016-12-31,0
2017-02-06,29140,2015-12-31,,,,,,,,565229000000,,,,,485691000000,,270.54,270.37,,,,,4558235000000,,,,,468432000000,-63271000000,-254852000000,,,0.436,,,,,,true,false,12,2015-01-01,2015-12-31,-1
2017-02-06,29140,2017-12-31,,,,,,,,560000000000,-0.056,,,,402000000000,,224.46,,,,,,,,,,,,,,,,0.624,,,,,,true,true,12,2017-01-01,2017-12-31,1
2017-02-06,29140,2017-12-31,,,,,,,,,,,,,,,,,,,,,,,,,,,,,,140.00,,,,,,,false,true,12,2017-01-01,2017-12-31,1
2017-05-10,29140,2017-12-31,1,,,,,,,148957000000,-0.269,,,,105491000000,,58.90,58.87,,,,,4522724000000,,,,,,,,,,,,,,,,true,false,3,2017-01-01,2017-03-31,0
2017-05-10,29140,2016-12-31,1,,,,,,,203692000000,0.413,,,,145445000000,,81.22,81.17,,,,,,,,,,,,,,,,,,,,,true,false,3,2016-01-01,2016-03-31,-1
2017-05-10,29140,2017-12-31,1,,,,,,,560000000000,-0.056,,,,402000000000,,224.46,,,,,,,,,,,,,,,,,,,,,,true,true,12,2017-01-01,2017-12-31,0
2017-05-10,29140,2016-12-31,1,,,,,,,,,,,,,,,,,,,,4744374000000,,,,,,,,,,,,,,,,true,false,12,2016-01-01,2016-12-31,-1
2017-05-10,29140,2016-12-31,1,,,,,,,,,,,,,,,,,,,,,,,,,,,,,130.00,,,,2000000000,209044267,,false,false,12,2016-01-01,2016-12-31,-1
2017-05-10,29140,2017-12-31,1,,,,,,,,,,,,,,,,,,,,,,,,,,,,,140.00,,,,,,,false,true,12,2017-01-01,2017-12-31,0
2017-05-10,29140,2017-12-31,1,,,,,,,,,,,,,,,,,,,,,,,,,,,,,,,,,2000000000,209017467,1790978706,false,false,3,2017-01-01,2017-03-31,0
2017-05-10,29140,2016-12-31,1,,,,,,,,,,,,,,,,,,,,,,,,,,,,,,,,,,,1790800411,false,false,3,2016-01-01,2016-03-31,-1
2017-08-02,29140,2017-12-31,2,,,,,,,313285000000,-0.092,,,,225635000000,,125.98,125.92,,,,,4618364000000,,,,,,,,,,,,,,,,true,false,6,2017-01-01,2017-06-30,0
2017-08-02,29140,2016-12-31,2,,,,,,,345020000000,0.155,,,,247094000000,,137.98,137.90,,,,,,,,,,,,,,,,,,,,,true,false,6,2016-01-01,2016-06-30,-1
2017-08-02,29140,2017-12-31,2,,,,,,,565000000000,-0.048,,,,402000000000,,224.46,,,,,,,,,,,,,,,,,,,,,,true,true,12,2017-01-01,2017-12-31,0
2017-08-02,29140,2016-12-31,2,,,,,,,,,,,,,,,,,,,,4744374000000,,,,,,,,,,,,,,,,true,false,12,2016-01-01,2016-12-31,-1
2017-08-02,29140,2016-12-31,2,,,,,,,,,,,,,,,,,,,,,,,,,,,,,130.00,,,,2000000000,209044267,,false,false,12,2016-01-01,2016-12-31,-1
2017-08-02,29140,2017-12-31,2,,,,,,,,,,,,,,,,,,,,,,,,,,,,,70.00,,,,,,,false,false,12,2017-01-01,2017-12-31,0
2017-08-02,29140,2017-12-31,2,,,,,,,,,,,,,,,,,,,,,,,,,,,,,140.00,,,,,,,false,true,12,2017-01-01,2017-12-31,0
2017-08-02,29140,2017-12-31,2,,,,,,,,,,,,,,,,,,,,,,,,,,,,,,,,,2000000000,209012470,1790981910,false,false,6,2017-01-01,2017-06-30,0
2017-08-02,29140,2016-12-31,2,,,,,,,,,,,,,,,,,,,,,,,,,,,,,,,,,,,1790842738,false,false,6,2016-01-01,2016-06-30,-1
2017-11-01,29140,2017-12-31,3,,,,,,,469668000000,-0.050,,,,333698000000,,186.32,186.21,,,,,4915527000000,,,,,,,,,,,,,,,,true,false,9,2017-01-01,2017-09-30,0
2017-11-01,29140,2016-12-31,3,,,,,,,494580000000,0.085,,,,350008000000,,195.44,195.33,,,,,,,,,,,,,,,,,,,,,true,false,9,2016-01-01,2016-09-30,-1
2017-11-01,29140,2017-12-31,3,,,,,,,565000000000,-0.048,,,,402000000000,,224.46,,,,,,,,,,,,,,,,,,,,,,true,true,12,2017-01-01,2017-12-31,0
2017-11-01,29140,2016-12-31,3,,,,,,,,,,,,,,,,,,,,4744374000000,,,,,,,,,,,,,,,,true,false,12,2016-01-01,2016-12-31,-1
2017-11-01,29140,2016-12-31,3,,,,,,,,,,,,,,,,,,,,,,,,,,,,,130.00,,,,2000000000,209044267,,false,false,12,2016-01-01,2016-12-31,-1
2017-11-01,29140,2017-12-31,3,,,,,,,,,,,,,,,,,,,,,,,,,,,,,70.00,,,,,,,false,false,12,2017-01-01,2017-12-31,0
2017-11-01,29140,2017-12-31,3,,,,,,,,,,,,,,,,,,,,,,,,,,,,,140.00,,,,,,,false,true,12,2017-01-01,2017-12-31,0
2017-11-01,29140,2017-12-31,3,,,,,,,,,,,,,,,,,,,,,,,,,,,,,,,,,2000000000,209012545,1790983795,false,false,9,2017-01-01,2017-09-30,0
2017-11-01,29140,2016-12-31,3,,,,,,,,,,,,,,,,,,,,,,,,,,,,,,,,,,,1790859796,false,false,9,2016-01-01,2016-09-30,-1
2018-02-06,29140,2017-12-31,,,,,,,,561101000000,-0.054,,,,392409000000,,219.10,218.97,,,,,5221484000000,,,,,419212000000,-352632000000,-77032000000,,,0.639,,,,,,true,false,12,2017-01-01,2017-12-31,0
2018-02-06,29140,2016-12-31,,,,,,,,593329000000,0.050,,,,421695000000,,235.47,235.33,,,,,4744374000000,,,,,376549000000,-687509000000,91318000000,,,0.552,,,,,,true,false,12,2016-01-01,2016-12-31,-1
2018-02-06,29140,2018-12-31,,,,,,,,561000000000,-0.000,,,,394000000000,,219.98,,,,,,,,,,,,,,,,0.682,,,,,,true,true,12,2018-01-01,2018-12-31,1
2018-02-06,29140,2016-12-31,,,,,,,,,,,,,,,,,,,,,,,,,,,,,,130.00,,,,2000000000,209044267,1790878041,false,false,12,2016-01-01,2016-12-31,-1
2018-02-06,29140,2017-12-31,,,,,,,,,,,,,,,,,,,,,,,,,,,,,,140.00,,,,2000000000,208956589,1790995180,false,false,12,2017-01-01,2017-12-31,0
2018-02-06,29140,2018-12-31,,,,,,,,,,,,,,,,,,,,,,,,,,,,,,150.00,,,,,,,false,true,12,2018-01-01,2018-12-31,1
2018-05-01,29140,2018-12-31,1,,,,,,,146775000000,-0.015,,,,104011000000,,58.07,58.04,,,,,4940056000000,,,,,,,,,,,,,,,,true,false,3,2018-01-01,2018-03-31,0
2018-05-01,29140,2017-12-31,1,,,,,,,148957000000,-0.269,,,,105491000000,,58.90,58.87,,,,,,,,,,,,,,,,,,,,,true,false,3,2017-01-01,2017-03-31,-1
2018-05-01,29140,2018-12-31,1,,,,,,,561000000000,-0.000,,,,394000000000,,219.98,,,,,,,,,,,,,,,,,,,,,,true,true,12,2018-01-01,2018-12-31,0
2018-05-01,29140,2017-12-31,1,,,,,,,,,,,,,,,,,,,,5221484000000,,,,,,,,,,,,,,,,true,false,12,2017-01-01,2017-12-31,-1
2018-05-01,29140,2017-12-31,1,,,,,,,,,,,,,,,,,,,,,,,,,,,,,140.00,,,,2000000000,208956589,,false,false,12,2017-01-01,2017-12-31,-1
2018-05-01,29140,2018-12-31,1,,,,,,,,,,,,,,,,,,,,,,,,,,,,,150.00,,,,,,,false,true,12,2018-01-01,2018-12-31,0
2018-05-01,29140,2018-12-31,1,,,,,,,,,,,,,,,,,,,,,,,,,,,,,,,,,2000000000,208911389,1791073451,false,false,3,2018-01-01,2018-03-31,0
2018-05-01,29140,2017-12-31,1,,,,,,,,,,,,,,,,,,,,,,,,,,,,,,,,,,,1790978706,false,false,3,2017-01-01,2017-03-31,-1
2018-08-01,29140,2018-12-31,2,,,,,,,302330000000,-0.035,,,,216093000000,,120.64,120.58,,,,,4996058000000,,,,,,,,,,,,,,,,true,false,6,2018-01-01,2018-06-30,0
2018-08-01,29140,2017-12-31,2,,,,,,,313285000000,-0.092,,,,225635000000,,125.98,125.92,,,,,,,,,,,,,,,,,,,,,true,false,6,2017-01-01,2017-06-30,-1
2018-08-01,29140,2018-12-31,2,,,,,,,541000000000,-0.036,,,,377000000000,,210.46,,,,,,,,,,,,,,,,,,,,,,true,true,12,2018-01-01,2018-12-31,0
2018-08-01,29140,2017-12-31,2,,,,,,,,,,,,,,,,,,,,5221484000000,,,,,,,,,,,,,,,,true,false,12,2017-01-01,2017-12-31,-1
2018-08-01,29140,2017-12-31,2,,,,,,,,,,,,,,,,,,,,,,,,,,,,,140.00,,,,2000000000,208956589,,false,false,12,2017-01-01,2017-12-31,-1
2018-08-01,29140,2018-12-31,2,,,,,,,,,,,,,,,,,,,,,,,,,,,,,75.00,,,,,,,false,false,12,2018-01-01,2018-12-31,0
2018-08-01,29140,2018-12-31,2,,,,,,,,,,,,,,,,,,,,,,,,,,,,,150.00,,,,,,,false,true,12,2018-01-01,2018-12-31,0
2018-08-01,29140,2018-12-31,2,,,,,,,,,,,,,,,,,,,,,,,,,,,,,,,,,2000000000,208655402,1791202858,false,false,6,2018-01-01,2018-06-30,0
2018-08-01,29140,2017-12-31,2,,,,,,,,,,,,,,,,,,,,,,,,,,,,,,,,,,,1790981910,false,false,6,2017-01-01,2017-06-30,-1
2018-10-31,29140,2018-12-31,3,,,,,,,477093000000,0.016,,,,332686000000,,185.73,185.64,,,,,5347070000000,,,,,,,,,,,,,,,,true,false,9,2018-01-01,2018-09-30,0
2018-10-31,29140,2017-12-31,3,,,,,,,469668000000,-0.050,,,,333698000000,,186.32,186.21,,,,,,,,,,,,,,,,,,,,,true,false,9,2017-01-01,2017-09-30,-1
2018-10-31,29140,2018-12-31,3,,,,,,,532000000000,-0.052,,,,370000000000,,206.56,,,,,,,,,,,,,,,,,,,,,,true,true,12,2018-01-01,2018-12-31,0
2018-10-31,29140,2017-12-31,3,,,,,,,,,,,,,,,,,,,,5221484000000,,,,,,,,,,,,,,,,true,false,12,2017-01-01,2017-12-31,-1
2018-10-31,29140,2017-12-31,3,,,,,,,,,,,,,,,,,,,,,,,,,,,,,140.00,,,,2000000000,208956589,,false,false,12,2017-01-01,2017-12-31,-1
2018-10-31,29140,2018-12-31,3,,,,,,,,,,,,,,,,,,,,,,,,,,,,,75.00,,,,,,,false,false,12,2018-01-01,2018-12-31,0
2018-10-31,29140,2018-12-31,3,,,,,,,,,,,,,,,,,,,,,,,,,,,,,150.00,,,,,,,false,true,12,2018-01-01,2018-12-31,0
2018-10-31,29140,2018-12-31,3,,,,,,,,,,,,,,,,,,,,,,,,,,,,,,,,,2000000000,208635240,1791256836,false,false,9,2018-01-01,2018-09-30,0
2018-10-31,29140,2017-12-31,3,,,,,,,,,,,,,,,,,,,,,,,,,,,,,,,,,,,1790983795,false,false,9,2017-01-01,2017-09-30,-1
2019-02-07,29140,2018-12-31,,,,,,,,564984000000,0.007,,,,385677000000,,215.31,215.20,,,,,5461400000000,,,,,461389000000,-383307000000,-62360000000,,,0.697,,,,,,true,false,12,2018-01-01,2018-12-31,0
2019-02-07,29140,2017-12-31,,,,,,,,561101000000,-0.054,,,,392409000000,,219.10,218.97,,,,,5221484000000,,,,,419212000000,-352632000000,-77032000000,,,0.639,,,,,,true,false,12,2017-01-01,2017-12-31,-1
2019-02-07,29140,2019-12-31,,,,,,,,540000000000,-0.044,,,,370000000000,,206.54,,,,,,,,,,,,,,,,0.746,,,,,,true,true,12,2019-01-01,2019-12-31,1
2019-02-07,29140,2017-12-31,,,,,,,,,,,,,,,,,,,,,,,,,,,,,,140.00,,,,2000000000,208956589,1790995180,false,false,12,2017-01-01,2017-12-31,-1
2019-02-07,29140,2018-12-31,,,,,,,,,,,,,,,,,,,,,,,,,,,,,,150.00,,,,2000000000,208576641,1791296331,false,false,12,2018-01-01,2018-12-31,0
2019-02-07,29140,2019-12-31,,,,,,,,,,,,,,,,,,,,,,,,,,,,,,154.00,,,,,,,false,true,12,2019-01-01,2019-12-31,1
2019-04-26,29140,2019-12-31,1,,,,,,,182593000000,0.244,,,,120840000000,,67.66,67.63,,,,,5465896000000,,,,,,,,,,,,,,,,true,false,3,2019-01-01,2019-03-31,0
2019-04-26,29140,2018-12-31,1,,,,,,,146775000000,-0.015,,,,104011000000,,58.07,58.04,,,,,,,,,,,,,,,,,,,,,true,false,3,2018-01-01,2018-03-31,-1
2019-04-26,29140,2019-12-31,1,,,,,,,540000000000,-0.044,,,,370000000000,,206.54,,,,,,,,,,,,,,,,,,,,,,true,true,12,2019-01-01,2019-12-31,0
2019-04-26,29140,2018-12-31,1,,,,,,,,,,,,,,,,,,,,5461400000000,,,,,,,,,,,,,,,,true,false,12,2018-01-01,2018-12-31,-1
2019-04-26,29140,2018-12-31,1,,,,,,,,,,,,,,,,,,,,,,,,,,,,,150.00,,,,2000000000,208576641,,false,false,12,2018-01-01,2018-12-31,-1
2019-04-26,29140,2019-12-31,1,,,,,,,,,,,,,,,,,,,,,,,,,,,,,154.00,,,,,,,false,true,12,2019-01-01,2019-12-31,0
2019-04-26,29140,2019-12-31,1,,,,,,,,,,,,,,,,,,,,,,,,,,,,,,,,,2000000000,226269051,1785979096,false,false,3,2019-01-01,2019-03-31,0
2019-04-26,29140,2018-12-31,1,,,,,,,,,,,,,,,,,,,,,,,,,,,,,,,,,,,1791073451,false,false,3,2018-01-01,2018-03-31,-1
2019-07-31,29140,2019-12-31,2,,,,,,,311326000000,0.030,,,,226451000000,,127.23,127.18,,,,,5467263000000,,,,,,,,,,,,,,,,true,false,6,2019-01-01,2019-06-30,0
2019-07-31,29140,2018-12-31,2,,,,,,,302330000000,-0.035,,,,216093000000,,120.64,120.58,,,,,,,,,,,,,,,,,,,,,true,false,6,2018-01-01,2018-06-30,-1
2019-07-31,29140,2019-12-31,2,,,,,,,518000000000,-0.083,,,,360000000000,,202.62,,,,,,,,,,,,,,,,,,,,,,true,true,12,2019-01-01,2019-12-31,0
2019-07-31,29140,2018-12-31,2,,,,,,,,,,,,,,,,,,,,5461400000000,,,,,,,,,,,,,,,,true,false,12,2018-01-01,2018-12-31,-1
2019-07-31,29140,2018-12-31,2,,,,,,,,,,,,,,,,,,,,,,,,,,,,,150.00,,,,2000000000,208576641,,false,false,12,2018-01-01,2018-12-31,-1
2019-07-31,29140,2019-12-31,2,,,,,,,,,,,,,,,,,,,,,,,,,,,,,77.00,,,,,,,false,false,12,2019-01-01,2019-12-31,0
2019-07-31,29140,2019-12-31,2,,,,,,,,,,,,,,,,,,,,,,,,,,,,,154.00,,,,,,,false,true,12,2019-01-01,2019-12-31,0
2019-07-31,29140,2019-12-31,2,,,,,,,,,,,,,,,,,,,,,,,,,,,,,,,,,2000000000,226242386,1779826267,false,false,6,2019-01-01,2019-06-30,0
2019-07-31,29140,2018-12-31,2,,,,,,,,,,,,,,,,,,,,,,,,,,,,,,,,,,,1791202858,false,false,6,2018-01-01,2018-06-30,-1
2019-10-31,29140,2019-12-31,3,,,,,,,440597000000,-0.076,,,,316148000000,,177.83,177.75,,,,,5267857000000,,,,,,,,,,,,,,,,true,false,9,2019-01-01,2019-09-30,0
2019-10-31,29140,2018-12-31,3,,,,,,,477093000000,0.016,,,,332686000000,,185.73,185.64,,,,,,,,,,,,,,,,,,,,,true,false,9,2018-01-01,2018-09-30,-1
2019-10-31,29140,2019-12-31,3,,,,,,,505000000000,-0.106,,,,340000000000,,191.36,,,,,,,,,,,,,,,,,,,,,,true,true,12,2019-01-01,2019-12-31,0
2019-10-31,29140,2018-12-31,3,,,,,,,,,,,,,,,,,,,,5461400000000,,,,,,,,,,,,,,,,true,false,12,2018-01-01,2018-12-31,-1
2019-10-31,29140,2018-12-31,3,,,,,,,,,,,,,,,,,,,,,,,,,,,,,150.00,,,,2000000000,208576641,,false,false,12,2018-01-01,2018-12-31,-1
2019-10-31,29140,2019-12-31,3,,,,,,,,,,,,,,,,,,,,,,,,,,,,,77.00,,,,,,,false,false,12,2019-01-01,2019-12-31,0
2019-10-31,29140,2019-12-31,3,,,,,,,,,,,,,,,,,,,,,,,,,,,,,154.00,,,,,,,false,true,12,2019-01-01,2019-12-31,0
2019-10-31,29140,2019-12-31,3,,,,,,,,,,,,,,,,,,,,,,,,,,,,,,,,,2000000000,226204463,1777787005,false,false,9,2019-01-01,2019-09-30,0
2019-10-31,29140,2018-12-31,3,,,,,,,,,,,,,,,,,,,,,,,,,,,,,,,,,,,1791256836,false,false,9,2018-01-01,2018-09-30,-1
2020-02-06,29140,2019-12-31,,,,,,,,502355000000,-0.111,,,,348190000000,,195.97,195.87,,,,,5553071000000,,,,,540410000000,-123571000000,-333832000000,,,0.786,,,,,,true,false,12,2019-01-01,2019-12-31,0
2020-02-06,29140,2018-12-31,,,,,,,,564984000000,0.007,,,,385677000000,,215.31,215.20,,,,,5461400000000,,,,,461389000000,-383307000000,-62360000000,,,0.697,,,,,,true,false,12,2018-01-01,2018-12-31,-1
2020-02-06,29140,2020-12-31,,,,,,,,471000000000,-0.062,,,,305000000000,,171.95,,,,,,,,,,,,,,,,0.896,,,,,,true,true,12,2020-01-01,2020-12-31,1
2020-02-06,29140,2018-12-31,,,,,,,,,,,,,,,,,,,,,,,,,,,,,,150.00,,,,2000000000,208576641,1791296331,false,false,12,2018-01-01,2018-12-31,-1
2020-02-06,29140,2019-12-31,,,,,,,,,,,,,,,,,,,,,,,,,,,,,,154.00,,,,2000000000,226196566,1776781946,false,false,12,2019-01-01,2019-12-31,0
2020-02-06,29140,2020-12-31,,,,,,,,,,,,,,,,,,,,,,,,,,,,,,154.00,,,,,,,false,true,12,2020-01-01,2020-12-31,1
2020-04-30,29140,2020-12-31,1,,,,,,,128953000000,-0.294,,,,86373000000,,48.69,48.67,,,,,5201980000000,,,,,,,,,,,,,,,,true,false,3,2020-01-01,2020-03-31,0
2020-04-30,29140,2019-12-31,1,,,,,,,182593000000,0.244,,,,120840000000,,67.66,67.63,,,,,,,,,,,,,,,,,,,,,true,false,3,2019-01-01,2019-03-31,-1
2020-04-30,29140,2020-12-31,1,,,,,,,471000000000,-0.062,,,,305000000000,,171.95,,,,,,,,,,,,,,,,,,,,,,true,true,12,2020-01-01,2020-12-31,0
2020-04-30,29140,2019-12-31,1,,,,,,,,,,,,,,,,,,,,5553071000000,,,,,,,,,,,,,,,,true,false,12,2019-01-01,2019-12-31,-1
2020-04-30,29140,2019-12-31,1,,,,,,,,,,,,,,,,,,,,,,,,,,,,,154.00,,,,2000000000,226196566,,false,false,12,2019-01-01,2019-12-31,-1
2020-04-30,29140,2020-12-31,1,,,,,,,,,,,,,,,,,,,,,,,,,,,,,154.00,,,,,,,false,true,12,2020-01-01,2020-12-31,0
2020-04-30,29140,2020-12-31,1,,,,,,,,,,,,,,,,,,,,,,,,,,,,,,,,,2000000000,226027421,1773937665,false,false,3,2020-01-01,2020-03-31,0
2020-04-30,29140,2019-12-31,1,,,,,,,,,,,,,,,,,,,,,,,,,,,,,,,,,,,1785979096,false,false,3,2019-01-01,2019-03-31,-1
2020-07-31,29140,2020-12-31,2,,,,,,,251989000000,-0.191,,,,172495000000,,97.23,97.19,,,,,5347173000000,,,,,,,,,,,,,,,,true,false,6,2020-01-01,2020-06-30,0
2020-07-31,29140,2019-12-31,2,,,,,,,311326000000,0.030,,,,226451000000,,127.23,127.18,,,,,,,,,,,,,,,,,,,,,true,false,6,2019-01-01,2019-06-30,-1
2020-07-31,29140,2020-12-31,2,,,,,,,422000000000,-0.160,,,,286000000000,,161.21,,,,,,,,,,,,,,,,,,,,,,true,true,12,2020-01-01,2020-12-31,0
2020-07-31,29140,2019-12-31,2,,,,,,,,,,,,,,,,,,,,5553071000000,,,,,,,,,,,,,,,,true,false,12,2019-01-01,2019-12-31,-1
2020-07-31,29140,2019-12-31,2,,,,,,,,,,,,,,,,,,,,,,,,,,,,,154.00,,,,2000000000,226196566,,false,false,12,2019-01-01,2019-12-31,-1
2020-07-31,29140,2020-12-31,2,,,,,,,,,,,,,,,,,,,,,,,,,,,,,77.00,,,,,,,false,false,12,2020-01-01,2020-12-31,0
2020-07-31,29140,2020-12-31,2,,,,,,,,,,,,,,,,,,,,,,,,,,,,,154.00,,,,,,,false,true,12,2020-01-01,2020-12-31,0
2020-07-31,29140,2020-12-31,2,,,,,,,,,,,,,,,,,,,,,,,,,,,,,,,,,2000000000,225757249,1774011394,false,false,6,2020-01-01,2020-06-30,0
2020-07-31,29140,2019-12-31,2,,,,,,,,,,,,,,,,,,,,,,,,,,,,,,,,,,,1779826267,false,false,6,2019-01-01,2019-06-30,-1
2020-10-30,29140,2020-12-31,3,,,,,,,390181000000,-0.114,,,,257948000000,,145.40,145.33,,,,,5243734000000,,,,,,,,,,,,,,,,true,false,9,2020-01-01,2020-09-30,0
2020-10-30,29140,2019-12-31,3,,,,,,,440597000000,-0.076,,,,316148000000,,177.83,177.75,,,,,,,,,,,,,,,,,,,,,true,false,9,2019-01-01,2019-09-30,-1
2020-10-30,29140,2020-12-31,3,,,,,,,464000000000,-0.076,,,,310000000000,,174.73,,,,,,,,,,,,,,,,,,,,,,true,true,12,2020-01-01,2020-12-31,0
2020-10-30,29140,2019-12-31,3,,,,,,,,,,,,,,,,,,,,5553071000000,,,,,,,,,,,,,,,,true,false,12,2019-01-01,2019-12-31,-1
2020-10-30,29140,2019-12-31,3,,,,,,,,,,,,,,,,,,,,,,,,,,,,,154.00,,,,2000000000,226196566,,false,false,12,2019-01-01,2019-12-31,-1
2020-10-30,29140,2020-12-31,3,,,,,,,,,,,,,,,,,,,,,,,,,,,,,77.00,,,,,,,false,false,12,2020-01-01,2020-12-31,0
2020-10-30,29140,2020-12-31,3,,,,,,,,,,,,,,,,,,,,,,,,,,,,,154.00,,,,,,,false,true,12,2020-01-01,2020-12-31,0
2020-10-30,29140,2020-12-31,3,,,,,,,,,,,,,,,,,,,,,,,,,,,,,,,,,2000000000,225757377,1774089057,false,false,9,2020-01-01,2020-09-30,0
2020-10-30,29140,2019-12-31,3,,,,,,,,,,,,,,,,,,,,,,,,,,,,,,,,,,,1777787005,false,false,9,2019-01-01,2019-09-30,-1
2021-02-09,29140,2020-12-31,,,,,,,,469054000000,-0.066,,,,310253000000,,174.88,174.80,,,,,5381382000000,,,,,519833000000,5354000000,-297404000000,,,0.881,,,,,,true,false,12,2020-01-01,2020-12-31,0
2021-02-09,29140,2019-12-31,,,,,,,,502355000000,-0.111,,,,348190000000,,195.97,195.87,,,,,5553071000000,,,,,540410000000,-123571000000,-333832000000,,,0.786,,,,,,true,false,12,2019-01-01,2019-12-31,-1
2021-02-09,29140,2021-12-31,,,,,,,,363000000000,-0.226,,,,240000000000,,135.30,,,,,,,,,,,,,,,,0.961,,,,,,true,true,12,2021-01-01,2021-12-31,1
2021-02-09,29140,2019-12-31,,,,,,,,,,,,,,,,,,,,,,,,,,,,,,154.00,,,,2000000000,226196566,1776781946,false,false,12,2019-01-01,2019-12-31,-1
2021-02-09,29140,2020-12-31,,,,,,,,,,,,,,,,,,,,,,,,,,,,,,154.00,,,,2000000000,225754671,1774128185,false,false,12,2020-01-01,2020-12-31,0
2021-02-09,29140,2021-12-31,,,,,,,,,,,,,,,,,,,,,,,,,,,,,,130.00,,,,,,,false,true,12,2021-01-01,2021-12-31,1
2021-04-30,29140,2021-12-31,1,,,,,,,160129000000,0.242,,,,113786000000,,64.13,64.10,,,,,5398190000000,,,,,,,,,,,,,,,,true,false,3,2021-01-01,2021-03-31,0
2021-04-30,29140,2020-12-31,1,,,,,,,128953000000,-0.294,,,,86373000000,,48.69,48.67,,,,,,,,,,,,,,,,,,,,,true,false,3,2020-01-01,2020-03-31,-1
2021-04-30,29140,2021-12-31,1,,,,,,,363000000000,-0.226,,,,240000000000,,135.30,,,,,,,,,,,,,,,,,,,,,,true,true,12,2021-01-01,2021-12-31,0
2021-04-30,29140,2020-12-31,1,,,,,,,,,,,,,,,,,,,,5381382000000,,,,,,,,,,,,,,,,true,false,12,2020-01-01,2020-12-31,-1
2021-04-30,29140,2020-12-31,1,,,,,,,,,,,,,,,,,,,,,,,,,,,,,154.00,,,,2000000000,225754671,,false,false,12,2020-01-01,2020-12-31,-1
2021-04-30,29140,2021-12-31,1,,,,,,,,,,,,,,,,,,,,,,,,,,,,,130.00,,,,,,,false,true,12,2021-01-01,2021-12-31,0
2021-04-30,29140,2021-12-31,1,,,,,,,,,,,,,,,,,,,,,,,,,,,,,,,,,2000000000,225734042,1774254698,false,false,3,2021-01-01,2021-03-31,0
2021-04-30,29140,2020-12-31,1,,,,,,,,,,,,,,,,,,,,,,,,,,,,,,,,,,,1773937665,false,false,3,2020-01-01,2020-03-31,-1
2021-07-30,2914,2021-12-31,2,,,,,,,322084000000,0.278,,,,225190000000,,126.92,126.86,,,,,5538885000000,,,,,,,,,,,,,,,,true,false,6,2021-01-01,2021-06-30,0
2021-07-30,2914,2020-12-31,2,,,,,,,251989000000,-0.191,,,,172495000000,,97.23,97.19,,,,,,,,,,,,,,,,,,,,,true,false,6,2020-01-01,2020-06-30,-1
2021-07-30,2914,2021-12-31,2,,,,,,,402000000000,-0.143,,,,272000000000,,153.29,,,,,,,,,,,,,,,,,,,,,,true,true,12,2021-01-01,2021-12-31,0
2021-07-30,2914,2020-12-31,2,,,,,,,,,,,,,,,,,,,,5381382000000,,,,,,,,,,,,,,,,true,false,12,2020-01-01,2020-12-31,-1
2021-07-30,2914,2020-12-31,2,,,,,,,,,,,,,,,,,,,,,,,,,,,,,154.00,,,,2000000000,225754671,,false,false,12,2020-01-01,2020-12-31,-1
2021-07-30,2914,2021-12-31,2,,,,,,,,,,,,,,,,,,,,,,,,,,,,,65.00,,,,,,,false,false,12,2021-01-01,2021-12-31,0
2021-07-30,2914,2021-12-31,2,,,,,,,,,,,,,,,,,,,,,,,,,,,,,130.00,,,,,,,false,true,12,2021-01-01,2021-12-31,0
2021-07-30,2914,2021-12-31,2,,,,,,,,,,,,,,,,,,,,,,,,,,,,,,,,,2000000000,225479825,1774315180,false,false,6,2021-01-01,2021-06-30,0
2021-07-30,2914,2020-12-31,2,,,,,,,,,,,,,,,,,,,,,,,,,,,,,,,,,,,1774011394,false,false,6,2020-01-01,2020-06-30,-1
2021-10-29,2914,2021-12-31,3,,,,,,,480696000000,0.232,,,,338813000000,,190.95,190.87,,,,,5629865000000,,,,,,,,,,,,,,,,true,false,9,2021-01-01,2021-09-30,0
2021-10-29,2914,2020-12-31,3,,,,,,,390181000000,-0.114,,,,257948000000,,145.40,145.33,,,,,,,,,,,,,,,,,,,,,true,false,9,2020-01-01,2020-09-30,-1
2021-10-29,2914,2021-12-31,3,,,,,,,478000000000,0.019,,,,330000000000,,185.98,,,,,,,,,,,,,,,,,,,,,,true,true,12,2021-01-01,2021-12-31,0
2021-10-29,2914,2020-12-31,3,,,,,,,,,,,,,,,,,,,,5381382000000,,,,,,,,,,,,,,,,true,false,12,2020-01-01,2020-12-31,-1
2021-10-29,2914,2020-12-31,3,,,,,,,,,,,,,,,,,,,,,,,,,,,,,154.00,,,,2000000000,225754671,,false,false,12,2020-01-01,2020-12-31,-1
2021-10-29,2914,2021-12-31,3,,,,,,,,,,,,,,,,,,,,,,,,,,,,,65.00,,,,,,,false,false,12,2021-01-01,2021-12-31,0
2021-10-29,2914,2021-12-31,3,,,,,,,,,,,,,,,,,,,,,,,,,,,,,140.00,,,,,,,false,true,12,2021-01-01,2021-12-31,0
2021-10-29,2914,2021-12-31,3,,,,,,,,,,,,,,,,,,,,,,,,,,,,,,,,,2000000000,225479054,1774384501,false,false,9,2021-01-01,2021-09-30,0
2021-10-29,2914,2020-12-31,3,,,,,,,,,,,,,,,,,,,,,,,,,,,,,,,,,,,1774089057,false,false,9,2020-01-01,2020-09-30,-1
2022-02-14,2914,2021-12-31,,,,,,,,499021000000,0.064,,,,338490000000,,190.76,190.68,,,,,5774209000000,,,,,598909000000,-97499000000,-353138000000,,,0.734,,,,,,true,false,12,2021-01-01,2021-12-31,0
2022-02-14,2914,2020-12-31,,,,,,,,469054000000,-0.066,,,,310253000000,,174.88,174.80,,,,,5381382000000,,,,,519833000000,5354000000,-297404000000,,,0.881,,,,,,true,false,12,2020-01-01,2020-12-31,-1
2022-02-14,2914,2022-12-31,,,,,,,,534000000000,0.070,,,,356000000000,,200.62,,,,,,,,,,,,,,,,0.748,,,,,,true,true,12,2022-01-01,2022-12-31,1
2022-02-14,2914,2020-12-31,,,,,,,,,,,,,,,,,,,,,,,,,,,,,,154.00,,,,2000000000,225754671,1774128185,false,false,12,2020-01-01,2020-12-31,-1
2022-02-14,2914,2021-12-31,,,,,,,,,,,,,,,,,,,,,,,,,,,,,,140.00,,,,2000000000,225475301,1774419289,false,false,12,2021-01-01,2021-12-31,0
2022-02-14,2914,2022-12-31,,,,,,,,,,,,,,,,,,,,,,,,,,,,,,150.00,,,,,,,false,true,12,2022-01-01,2022-12-31,1
2022-04-28,2914,2022-12-31,1,,,,,,,178368000000,0.114,,,,124110000000,,69.94,69.91,,,,,5747354000000,,,,,,,,,,,,,,,,true,false,3,2022-01-01,2022-03-31,0
2022-04-28,2914,2021-12-31,1,,,,,,,160129000000,0.242,,,,113786000000,,64.13,64.10,,,,,,,,,,,,,,,,,,,,,true,false,3,2021-01-01,2021-03-31,-1
2022-04-28,2914,2022-12-31,1,,,,,,,534000000000,0.070,,,,356000000000,,200.62,,,,,,,,,,,,,,,,,,,,,,true,true,12,2022-01-01,2022-12-31,0
2022-04-28,2914,2021-12-31,1,,,,,,,,,,,,,,,,,,,,5774209000000,,,,,,,,,,,,,,,,true,false,12,2021-01-01,2021-12-31,-1
2022-04-28,2914,2021-12-31,1,,,,,,,,,,,,,,,,,,,,,,,,,,,,,140.00,,,,2000000000,225475301,,false,false,12,2021-01-01,2021-12-31,-1
2022-04-28,2914,2022-12-31,1,,,,,,,,,,,,,,,,,,,,,,,,,,,,,150.00,,,,,,,false,true,12,2022-01-01,2022-12-31,0
2022-04-28,2914,2022-12-31,1,,,,,,,,,,,,,,,,,,,,,,,,,,,,,,,,,2000000000,225432376,1774562503,false,false,3,2022-01-01,2022-03-31,0
2022-04-28,2914,2021-12-31,1,,,,,,,,,,,,,,,,,,,,,,,,,,,,,,,,,,,1774254698,false,false,3,2021-01-01,2021-03-31,-1
2022-07-29,2914,2022-12-31,2,,,,,,,382972000000,0.189,,,,264063000000,,148.80,148.74,,,,,6648864000000,,,,,,,,,,,,,,,,true,false,6,2022-01-01,2022-06-30,0
2022-07-29,2914,2021-12-31,2,,,,,,,322084000000,0.278,,,,225190000000,,126.92,126.86,,,,,,,,,,,,,,,,,,,,,true,false,6,2021-01-01,2021-06-30,-1
2022-07-29,2914,2022-12-31,2,,,,,,,549000000000,0.100,,,,362000000000,,203.97,,,,,,,,,,,,,,,,,,,,,,true,true,12,2022-01-01,2022-12-31,0
2022-07-29,2914,2021-12-31,2,,,,,,,,,,,,,,,,,,,,5774209000000,,,,,,,,,,,,,,,,true,false,12,2021-01-01,2021-12-31,-1
2022-07-29,2914,2021-12-31,2,,,,,,,,,,,,,,,,,,,,,,,,,,,,,140.00,,,,2000000000,225475301,,false,false,12,2021-01-01,2021-12-31,-1
2022-07-29,2914,2022-12-31,2,,,,,,,,,,,,,,,,,,,,,,,,,,,,,75.00,,,,,,,false,false,12,2022-01-01,2022-12-31,0
2022-07-29,2914,2022-12-31,2,,,,,,,,,,,,,,,,,,,,,,,,,,,,,150.00,,,,,,,false,true,12,2022-01-01,2022-12-31,0
2022-07-29,2914,2022-12-31,2,,,,,,,,,,,,,,,,,,,,,,,,,,,,,,,,,2000000000,225149397,1774644814,false,false,6,2022-01-01,2022-06-30,0
2022-07-29,2914,2021-12-31,2,,,,,,,,,,,,,,,,,,,,,,,,,,,,,,,,,,,1774315180,false,false,6,2021-01-01,2021-06-30,-1
2022-10-31,2914,2022-12-31,3,,,,,,,579341000000,0.205,,,,403807000000,,227.53,227.45,,,,,6728182000000,,,,,,,,,,,,,,,,true,false,9,2022-01-01,2022-09-30,0
2022-10-31,2914,2021-12-31,3,,,,,,,480696000000,0.232,,,,338813000000,,190.95,190.87,,,,,,,,,,,,,,,,,,,,,true,false,9,2021-01-01,2021-09-30,-1
2022-10-31,2914,2022-12-31,3,,,,,,,649000000000,0.301,,,,445000000000,,250.74,,,,,,,,,,,,,,,,,,,,,,true,true,12,2022-01-01,2022-12-31,0
2022-10-31,2914,2021-12-31,3,,,,,,,,,,,,,,,,,,,,5774209000000,,,,,,,,,,,,,,,,true,false,12,2021-01-01,2021-12-31,-1
2022-10-31,2914,2021-12-31,3,,,,,,,,,,,,,,,,,,,,,,,,,,,,,140.00,,,,2000000000,225475301,,false,false,12,2021-01-01,2021-12-31,-1
2022-10-31,2914,2022-12-31,3,,,,,,,,,,,,,,,,,,,,,,,,,,,,,75.00,,,,,,,false,false,12,2022-01-01,2022-12-31,0
2022-10-31,2914,2022-12-31,3,,,,,,,,,,,,,,,,,,,,,,,,,,,,,188.00,,,,,,,false,true,12,2022-01-01,2022-12-31,0
2022-10-31,2914,2022-12-31,3,,,,,,,,,,,,,,,,,,,,,,,,,,,,,,,,,2000000000,225148524,1774714367,false,false,9,2022-01-01,2022-09-30,0
2022-10-31,2914,2021-12-31,3,,,,,,,,,,,,,,,,,,,,,,,,,,,,,,,,,,,1774384501,false,false,9,2021-01-01,2021-09-30,-1
2023-02-14,2914,2022-12-31,,542181000000,-0.084,,,,,64574000000,-0.312,273734000000,-0.018,283461000000,,0.307,159.72,159.66,,,,,2363267000000,1368643000000,0.579,770.57,,,,,,188.00,,,,2000000000,225146463,1774749410,false,false,12,2022-01-01,2022-12-31,0
2023-02-14,2914,2021-12-31,,592220000000,-0.008,,,,,93839000000,-0.070,278809000000,0.159,216896000000,,-0.103,122.23,122.18,,,,,2487979000000,1344696000000,0.540,757.10,,,,,,140.00,,,,2000000000,225475301,1774419289,false,false,12,2021-01-01,2021-12-31,-1
2023-02-14,2914,2022-12-31,,,,,,,,653575000000,0.310,,,,442716000000,,249.45,249.36,,,,,6548078000000,,,,,483799000000,-101822000000,-306176000000,,,0.754,,,,,,true,false,12,2022-01-01,2022-12-31,0
2023-02-14,2914,2021-12-31,,,,,,,,499021000000,0.064,,,,338490000000,,190.76,190.68,,,,,5774209000000,,,,,598909000000,-97499000000,-353138000000,,,0.734,,,,,,true,false,12,2021-01-01,2021-12-31,-1
2023-02-14,2914,2023-12-31,,,,,,,,612000000000,-0.064,,,,440000000000,,247.91,,,,,,,,,,,,,,,,0.758,,,,,,true,true,12,2023-01-01,2023-12-31,1
2023-02-14,2914,2023-12-31,,,,,,,,,,,,,,,,,,,,,,,,,,,,,,188.00,,,,,,,false,true,12,2023-01-01,2023-12-31,1
2023-05-02,2914,2023-12-31,1,,,,,,,206404000000,0.157,,,,144684000000,,81.52,81.49,,,,,6346628000000,,,,,,,,,,,,,,,,true,false,3,2023-01-01,2023-03-31,0
2023-05-02,2914,2022-12-31,1,,,,,,,178368000000,0.114,,,,124110000000,,69.94,69.91,,,,,,,,,,,,,,,,,,,,,true,false,3,2022-01-01,2022-03-31,-1
2023-05-02,2914,2023-12-31,1,,,,,,,612000000000,-0.064,,,,440000000000,,247.91,,,,,,,,,,,,,,,,,,,,,,true,true,12,2023-01-01,2023-12-31,0
2023-05-02,2914,2022-12-31,1,,,,,,,,,,,,,,,,,,,,6548078000000,,,,,,,,,,,,,,,,true,false,12,2022-01-01,2022-12-31,-1
2023-05-02,2914,2022-12-31,1,,,,,,,,,,,,,,,,,,,,,,,,,,,,,188.00,,,,2000000000,225146463,,false,false,12,2022-01-01,2022-12-31,-1
2023-05-02,2914,2023-12-31,1,,,,,,,,,,,,,,,,,,,,,,,,,,,,,188.00,,,,,,,false,true,12,2023-01-01,2023-12-31,0
2023-05-02,2914,2023-12-31,1,,,,,,,,,,,,,,,,,,,,,,,,,,,,,,,,,2000000000,225079867,1774914730,false,false,3,2023-01-01,2023-03-31,0
2023-05-02,2914,2022-12-31,1,,,,,,,,,,,,,,,,,,,,,,,,,,,,,,,,,,,1774562503,false,false,3,2022-01-01,2022-03-31,-1
2023-07-31,2914,2023-12-31,2,,,,,,,413555000000,0.080,,,,287009000000,,161.70,161.65,,,,,6974355000000,,,,,,,,,,,,,,,,true,false,6,2023-01-01,2023-06-30,0
2023-07-31,2914,2022-12-31,2,,,,,,,382972000000,0.189,,,,264063000000,,148.80,148.74,,,,,,,,,,,,,,,,,,,,,true,false,6,2022-01-01,2022-06-30,-1
2023-07-31,2914,2023-12-31,2,,,,,,,633000000000,-0.031,,,,457000000000,,257.46,,,,,,,,,,,,,,,,,,,,,,true,true,12,2023-01-01,2023-12-31,0
2023-07-31,2914,2022-12-31,2,,,,,,,,,,,,,,,,,,,,6548078000000,,,,,,,,,,,,,,,,true,false,12,2022-01-01,2022-12-31,-1
2023-07-31,2914,2022-12-31,2,,,,,,,,,,,,,,,,,,,,,,,,,,,,,188.00,,,,2000000000,225146463,,false,false,12,2022-01-01,2022-12-31,-1
2023-07-31,2914,2023-12-31,2,,,,,,,,,,,,,,,,,,,,,,,,,,,,,94.00,,,,,,,false,false,12,2023-01-01,2023-12-31,0
2023-07-31,2914,2023-12-31,2,,,,,,,,,,,,,,,,,,,,,,,,,,,,,188.00,,,,,,,false,true,12,2023-01-01,2023-12-31,0
2023-07-31,2914,2023-12-31,2,,,,,,,,,,,,,,,,,,,,,,,,,,,,,,,,,2000000000,224934347,1774988149,false,false,6,2023-01-01,2023-06-30,0
2023-07-31,2914,2022-12-31,2,,,,,,,,,,,,,,,,,,,,,,,,,,,,,,,,,,,1774644814,false,false,6,2022-01-01,2022-06-30,-1
2023-10-31,2914,2023-12-31,3,,,,,,,631847000000,0.091,,,,442010000000,,249.01,248.95,,,,,7101511000000,,,,,,,,,,,,,,,,true,false,9,2023-01-01,2023-09-30,0
2023-10-31,2914,2022-12-31,3,,,,,,,579341000000,0.205,,,,403807000000,,227.53,227.45,,,,,,,,,,,,,,,,,,,,,true,false,9,2022-01-01,2022-09-30,-1
2023-10-31,2914,2023-12-31,3,,,,,,,678000000000,0.037,,,,464000000000,,261.39,,,,,,,,,,,,,,,,,,,,,,true,true,12,2023-01-01,2023-12-31,0
2023-10-31,2914,2022-12-31,3,,,,,,,,,,,,,,,,,,,,6548078000000,,,,,,,,,,,,,,,,true,false,12,2022-01-01,2022-12-31,-1
2023-10-31,2914,2022-12-31,3,,,,,,,,,,,,,,,,,,,,,,,,,,,,,188.00,,,,2000000000,225146463,,false,false,12,2022-01-01,2022-12-31,-1
2023-10-31,2914,2023-12-31,3,,,,,,,,,,,,,,,,,,,,,,,,,,,,,94.00,,,,,,,false,false,12,2023-01-01,2023-12-31,0
2023-10-31,2914,2023-12-31,3,,,,,,,,,,,,,,,,,,,,,,,,,,,,,188.00,,,,,,,false,true,12,2023-01-01,2023-12-31,0
2023-10-31,2914,2023-12-31,3,,,,,,,,,,,,,,,,,,,,,,,,,,,,,,,,,2000000000,224694743,1775085981,false,false,9,2023-01-01,2023-09-30,0
2023-10-31,2914,2022-12-31,3,,,,,,,,,,,,,,,,,,,,,,,,,,,,,,,,,,,1774714367,false,false,9,2022-01-01,2022-09-30,-1
2024-02-13,2914,2023-12-31,,537261000000,-0.009,,,,,20131000000,-0.688,185665000000,-0.322,184788000000,,-0.348,104.10,104.07,,,,,2293951000000,1179577000000,0.514,664.12,1179020000000,,,,,194.00,,,,2000000000,224692028,1775141654,false,false,12,2023-01-01,2023-12-31,0
2024-02-13,2914,2022-12-31,,542181000000,-0.084,,,,,64574000000,-0.312,273734000000,-0.018,283461000000,,0.307,159.72,159.66,,,,,2363267000000,1368643000000,0.579,770.57,1367642000000,,,,,188.00,,,,2000000000,225146463,1774749410,false,false,12,2022-01-01,2022-12-31,-1
2024-02-13,2914,2023-12-31,,,,,,,,672410000000,0.029,,,,482288000000,,271.69,271.63,,,,,7282097000000,,,,,567014000000,-126129000000,-270500000000,,,0.714,,,,,,true,false,12,2023-01-01,2023-12-31,0
2024-02-13,2914,2022-12-31,,,,,,,,653575000000,0.310,,,,442716000000,,249.45,249.36,,,,,6548078000000,,,,,483799000000,-101822000000,-306176000000,,,0.754,,,,,,true,false,12,2022-01-01,2022-12-31,-1
2024-02-13,2914,2024-12-31,,,,,,,,648000000000,-0.036,,,,455000000000,,256.29,,,,,,,,,,,,,,,,0.757,,,,,,true,true,12,2024-01-01,2024-12-31,1
2024-02-13,2914,2024-12-31,,,,,,,,,,,,,,,,,,,,,,,,,,,,,,194.00,,,,,,,false,true,12,2024-01-01,2024-12-31,1
2024-05-09,2914,2024-12-31,1,,,,,,,215818000000,0.046,,,,157266000000,,88.58,88.57,,,,,7159003000000,,,,,,,,,,,,,,,,true,false,3,2024-01-01,2024-03-31,0
2024-05-09,2914,2023-12-31,1,,,,,,,206404000000,0.157,,,,144684000000,,81.52,81.49,,,,,,,,,,,,,,,,,,,,,true,false,3,2023-01-01,2023-03-31,-1
2024-05-09,2914,2024-12-31,1,,,,,,,648000000000,-0.036,,,,455000000000,,256.29,,,,,,,,,,,,,,,,,,,,,,true,true,12,2024-01-01,2024-12-31,0
2024-05-09,2914,2023-12-31,1,,,,,,,,,,,,,,,,,,,,7282097000000,,,,,,,,,,,,,,,,true,false,12,2023-01-01,2023-12-31,-1
2024-05-09,2914,2023-12-31,1,,,,,,,,,,,,,,,,,,,,,,,,,,,,,194.00,,,,2000000000,224692028,,false,false,12,2023-01-01,2023-12-31,-1
2024-05-09,2914,2024-12-31,1,,,,,,,,,,,,,,,,,,,,,,,,,,,,,194.00,,,,,,,false,true,12,2024-01-01,2024-12-31,0
2024-05-09,2914,2024-12-31,1,,,,,,,,,,,,,,,,,,,,,,,,,,,,,,,,,2000000000,224658364,1775336403,false,false,3,2024-01-01,2024-03-31,0
2024-05-09,2914,2023-12-31,1,,,,,,,,,,,,,,,,,,,,,,,,,,,,,,,,,,,1774914730,false,false,3,2023-01-01,2023-03-31,-1
2024-08-02,2914,2024-12-31,2,,,,,,,432662000000,0.046,,,,305172000000,,171.89,171.86,,,,,7868668000000,,,,,,,,,,,,,,,,true,false,6,2024-01-01,2024-06-30,0
2024-08-02,2914,2023-12-31,2,,,,,,,413555000000,0.080,,,,287009000000,,161.70,161.65,,,,,,,,,,,,,,,,,,,,,true,false,6,2023-01-01,2023-06-30,-1
2024-08-02,2914,2024-12-31,2,,,,,,,660000000000,-0.018,,,,475000000000,,267.53,,,,,,,,,,,,,,,,,,,,,,true,true,12,2024-01-01,2024-12-31,0
2024-08-02,2914,2023-12-31,2,,,,,,,,,,,,,,,,,,,,7282097000000,,,,,,,,,,,,,,,,true,false,12,2023-01-01,2023-12-31,-1
2024-08-02,2914,2023-12-31,2,,,,,,,,,,,,,,,,,,,,,,,,,,,,,194.00,,,,2000000000,224692028,,false,false,12,2023-01-01,2023-12-31,-1
2024-08-02,2914,2024-12-31,2,,,,,,,,,,,,,,,,,,,,,,,,,,,,,97.00,,,,,,,false,false,12,2024-01-01,2024-12-31,0
2024-08-02,2914,2024-12-31,2,,,,,,,,,,,,,,,,,,,,,,,,,,,,,194.00,,,,,,,false,true,12,2024-01-01,2024-12-31,0
2024-08-02,2914,2024-12-31,2,,,,,,,,,,,,,,,,,,,,,,,,,,,,,,,,,2000000000,224447488,1775428183,false,false,6,2024-01-01,2024-06-30,0
2024-08-02,2914,2023-12-31,2,,,,,,,,,,,,,,,,,,,,,,,,,,,,,,,,,,,1774988149,false,false,6,2023-01-01,2023-06-30,-1
2024-10-31,2914,2024-12-31,3,,,,,,,636629000000,0.008,,,,442414000000,,249.18,249.14,,,,,6946032000000,,,,,,,,,,,,,,,,true,false,9,2024-01-01,2024-09-30,0
2024-10-31,2914,2023-12-31,3,,,,,,,631847000000,0.091,,,,442010000000,,249.01,248.95,,,,,,,,,,,,,,,,,,,,,true,false,9,2023-01-01,2023-09-30,-1
2024-10-31,2914,2024-12-31,3,,,,,,,688000000000,0.023,,,,467000000000,,263.02,,,,,,,,,,,,,,,,,,,,,,true,true,12,2024-01-01,2024-12-31,0
2024-10-31,2914,2023-12-31,3,,,,,,,,,,,,,,,,,,,,7282097000000,,,,,,,,,,,,,,,,true,false,12,2023-01-01,2023-12-31,-1
2024-10-31,2914,2023-12-31,3,,,,,,,,,,,,,,,,,,,,,,,,,,,,,194.00,,,,2000000000,224692028,,false,false,12,2023-01-01,2023-12-31,-1
2024-10-31,2914,2024-12-31,3,,,,,,,,,,,,,,,,,,,,,,,,,,,,,97.00,,,,,,,false,false,12,2024-01-01,2024-12-31,0
2024-10-31,2914,2024-12-31,3,,,,,,,,,,,,,,,,,,,,,,,,,,,,,194.00,,,,,,,false,true,12,2024-01-01,2024-12-31,0
2024-10-31,2914,2024-12-31,3,,,,,,,,,,,,,,,,,,,,,,,,,,,,,,,,,2000000000,224410290,1775481173,false,false,9,2024-01-01,2024-09-30,0
2024-10-31,2914,2023-12-31,3,,,,,,,,,,,,,,,,,,,,,,,,,,,,,,,,,,,1775085981,false,false,9,2023-01-01,2023-09-30,-1
2025-02-13,2914,2024-12-31,,530247000000,-0.013,,,,,-6076000000,,404377000000,1.178,404849000000,,1.191,228.02,227.98,,,,,2303789000000,1214895000000,0.527,684.01,1214531000000,,,,,194.00,,,,2000000000,224409101,1775508620,false,false,12,2024-01-01,2024-12-31,0
2025-02-13,2914,2023-12-31,,537261000000,-0.009,,,,,20131000000,-0.688,185665000000,-0.322,184788000000,,-0.348,104.10,104.07,,,,,2293951000000,1179577000000,0.514,664.12,1179020000000,,,,,194.00,,,,2000000000,224692028,1775141654,false,false,12,2023-01-01,2023-12-31,-1
2025-02-13,2914,2024-12-31,,,,,,,,697203000000,0.037,,,,463369000000,,260.98,260.94,,,,,8281118000000,,,,,630011000000,-439766000000,-94906000000,,,0.743,,,,,,true,false,12,2024-01-01,2024-12-31,0
2025-02-13,2914,2023-12-31,,,,,,,,672410000000,0.029,,,,482288000000,,271.69,271.63,,,,,7282097000000,,,,,566317000000,-125432000000,-270500000000,,,0.714,,,,,,true,false,12,2023-01-01,2023-12-31,-1
2025-02-13,2914,2025-12-31,,,,,,,,671000000000,-0.038,,,,450000000000,,253.44,,,,,,,,,,,,,,,,0.765,,,,,,true,true,12,2025-01-01,2025-12-31,1
2025-02-13,2914,2025-12-31,,,,,,,,,,,,,,,,,,,,,,,,,,,,,,194.00,,,,,,,false,true,12,2025-01-01,2025-12-31,1
2025-02-13,2914,2024-12-31,,530247000000,-0.013,,,,,-6076000000,,404377000000,1.178,404849000000,,1.191,228.02,227.98,,,,,2303789000000,1214895000000,0.527,684.01,1214531000000,,,,,194.00,,,,2000000000,224409101,1775508620,false,false,12,2024-01-01,2024-12-31,0
2025-02-13,2914,2023-12-31,,537261000000,-0.009,,,,,20131000000,-0.688,185665000000,-0.322,184788000000,,-0.348,104.10,104.07,,,,,2293951000000,1179577000000,0.514,664.12,1179020000000,,,,,194.00,,,,2000000000,224692028,1775141654,false,false,12,2023-01-01,2023-12-31,-1
2025-02-13,2914,2024-12-31,,,,,,,,323461000000,-0.519,,,,179240000000,,100.95,100.94,,,,,8370732000000,,,,,630011000000,-439766000000,-94906000000,,,1.922,,,,,,true,false,12,2024-01-01,2024-12-31,0
2025-02-13,2914,2023-12-31,,,,,,,,672410000000,0.029,,,,482288000000,,271.69,271.63,,,,,7282097000000,,,,,566317000000,-125432000000,-270500000000,,,0.714,,,,,,true,false,12,2023-01-01,2023-12-31,-1
2025-02-13,2914,2025-12-31,,,,,,,,671000000000,1.074,,,,450000000000,,253.44,,,,,,,,,,,,,,,,0.765,,,,,,true,true,12,2025-01-01,2025-12-31,1
2025-02-13,2914,2025-12-31,,,,,,,,,,,,,,,,,,,,,,,,,,,,,,194.00,,,,,,,false,true,12,2025-01-01,2025-12-31,1
2025-05-07,2914,2025-12-31,1,,,,,,,248758000000,0.153,,,,157480000000,,88.69,88.68,,,,,7943210000000,,,,,,,,,,,,,,,,true,false,3,2025-01-01,2025-03-31,0
2025-05-07,2914,2024-12-31,1,,,,,,,215818000000,0.046,,,,157266000000,,88.58,88.57,,,,,,,,,,,,,,,,,,,,,true,false,3,2024-01-01,2024-03-31,-1
2025-05-07,2914,2025-12-31,1,,,,,,,671000000000,1.074,,,,450000000000,,253.44,,,,,,,,,,,,,,,,,,,,,,true,true,12,2025-01-01,2025-12-31,0
2025-05-07,2914,2024-12-31,1,,,,,,,,,,,,,,,,,,,,8370732000000,,,,,,,,,,,,,,,,true,false,12,2024-01-01,2024-12-31,-1
2025-05-07,2914,2024-12-31,1,,,,,,,,,,,,,,,,,,,,,,,,,,,,,194.00,,,,2000000000,224409101,,false,false,12,2024-01-01,2024-12-31,-1
2025-05-07,2914,2025-12-31,1,,,,,,,,,,,,,,,,,,,,,,,,,,,,,194.00,,,,,,,false,true,12,2025-01-01,2025-12-31,0
2025-05-07,2914,2025-12-31,1,,,,,,,,,,,,,,,,,,,,,,,,,,,,,,,,,2000000000,224535707,1775575132,false,false,3,2025-01-01,2025-03-31,0
2025-05-07,2914,2024-12-31,1,,,,,,,,,,,,,,,,,,,,,,,,,,,,,,,,,,,1775336403,false,false,3,2024-01-01,2024-03-31,-1
