filing_date,code,fiscal_year_end,quarterly_period,net_sales,net_sales_change,revenue,revenue_change,operating_revenue,operating_revenue_change,operating_profit,operating_profit_change,ordinary_profit,ordinary_profit_change,net_income,net_income_of_parent,net_income_change,eps,diluted_eps,roe,roa,operating_profit_to_net_sales,operating_profit_to_revenue,total_assets,net_assets,equity_ratio,bps,owner_equity,operating_cash_flow,investing_cash_flow,financing_cash_flow,cash,dividend_per_share,payout_ratio,commemorative_dividend,extra_dividend,number_of_shares,number_of_treqsury_shares,avg_number_of_shares,is_consolidated,is_forecast,duration,period_start,period_end,period_pos
2015-07-28,30030,2015-12-31,2,84925000000,-0.310,,,,,21782000000,0.176,21218000000,0.228,14590000000,,0.216,23.69,23.67,,,,,882235000000,303652000000,0.340,455.97,300436000000,,,,,,,,,,,,true,false,6,2015-01-01,2015-06-30,0
2015-07-28,30030,2014-12-31,2,123175000000,2.517,,,,,18515000000,0.341,17265000000,0.370,11997000000,,0.439,20.25,20.22,,,,,,,,,,,,,,,,,,,,,true,false,6,2014-01-01,2014-06-30,-1
2015-07-28,30030,2015-12-31,2,215000000000,0.010,,,,,42000000000,0.165,39000000000,0.136,26000000000,,0.163,40.78,,,,,,,,,,,,,,,,,,,,,,true,true,12,2015-01-01,2015-12-31,0
2015-07-28,30030,2014-12-31,2,,,,,,,,,,,,,,,,,,,,773401000000,205421000000,0.261,341.40,202337000000,,,,,,,,,,,,true,false,12,2014-01-01,2014-12-31,-1
2015-07-28,30030,2014-12-31,2,,,,,,,,,,,,,,,,,,,,,,,,,,,,,10.50,,,,596279271,3613149,,false,false,12,2014-01-01,2014-12-31,-1
2015-07-28,30030,2015-12-31,2,,,,,,,,,,,,,,,,,,,,,,,,,,,,,5.50,,,,,,,false,false,12,2015-01-01,2015-12-31,0
2015-07-28,30030,2015-12-31,2,,,,,,,,,,,,,,,,,,,,,,,,,,,,,12.50,,,,,,,false,true,12,2015-01-01,2015-12-31,0
2015-07-28,30030,2015-12-31,2,,,,,,,,,,,,,,,,,,,,,,,,,,,,,,,,,662498871,3613538,615696965,false,false,6,2015-01-01,2015-06-30,0
2015-07-28,30030,2014-12-31,2,,,,,,,,,,,,,,,,,,,,,,,,,,,,,,,,,,,592388852,false,false,6,2014-01-01,2014-06-30,-1
2015-07-28,30030,2015-12-31,,,,,,215000000000,0.000,42000000000,0.000,39000000000,0.000,26000000000,,0.130,40.78,,,,,,,,,,,,,,,,,,,,,,true,true,12,2015-01-01,2015-12-31,0
2015-07-28,30030,2014-12-31,,,,,,212791000000,,36032000000,,34314000000,,22352000000,,,37.72,,,,,,,,,,,,,,,,,,,,,,true,false,12,2014-01-01,2014-12-31,-1
2015-07-28,30030,2015-12-31,,,,,,,,,,,,,,,,,,,,,,,,,,,,,,12.50,,,,,,,false,true,12,2015-01-01,2015-12-31,0
2015-07-28,30030,2015-12-31,,,,,,,,,,,,,,,,,,,,,,,,,,,,,,5.50,,,,,,,false,false,12,2015-01-01,2015-12-31,0
2015-07-28,30030,2014-12-31,,,,,,,,,,,,,,,,,,,,,,,,,,,,,,10.50,,,,,,,false,false,12,2014-01-01,2014-12-31,-1
2015-10-28,30030,2015-12-31,3,118049000000,-0.245,,,,,29572000000,0.203,30465000000,0.354,23082000000,,0.542,36.62,36.59,,,,,911561000000,299954000000,0.324,448.96,295816000000,,,,,,,,,,,,true,false,9,2015-01-01,2015-09-30,0
2015-10-28,30030,2014-12-31,3,156540000000,1.475,,,,,24566000000,0.184,22494000000,0.220,14963000000,,0.270,25.25,25.22,,,,,,,,,,,,,,,,,,,,,true,false,9,2014-01-01,2014-09-30,-1
2015-10-28,30030,2015-12-31,3,215000000000,0.010,,,,,42000000000,0.165,39000000000,0.136,26000000000,,0.163,40.78,,,,,,,,,,,,,,,,,,,,,,true,true,12,2015-01-01,2015-12-31,0
2015-10-28,30030,2014-12-31,3,,,,,,,,,,,,,,,,,,,,773401000000,205421000000,0.261,341.40,202337000000,,,,,,,,,,,,true,false,12,2014-01-01,2014-12-31,-1
2015-10-28,30030,2014-12-31,3,,,,,,,,,,,,,,,,,,,,,,,,,,,,,10.50,,,,596279271,3613149,,false,false,12,2014-01-01,2014-12-31,-1
2015-10-28,30030,2015-12-31,3,,,,,,,,,,,,,,,,,,,,,,,,,,,,,5.50,,,,,,,false,false,12,2015-01-01,2015-12-31,0
2015-10-28,30030,2015-12-31,3,,,,,,,,,,,,,,,,,,,,,,,,,,,,,12.50,,,,,,,false,true,12,2015-01-01,2015-12-31,0
2015-10-28,30030,2015-12-31,3,,,,,,,,,,,,,,,,,,,,,,,,,,,,,,,,,662498871,3613710,630251270,false,false,9,2015-01-01,2015-09-30,0
2015-10-28,30030,2014-12-31,3,,,,,,,,,,,,,,,,,,,,,,,,,,,,,,,,,,,592462703,false,false,9,2014-01-01,2014-09-30,-1
2015-11-25,30030,2015-12-31,,,,,,160000000000,-0.255,42000000000,0.000,41000000000,0.051,29000000000,,0.115,45.49,,,,,,,,,,,,,,,,,,,,,,true,true,12,2015-01-01,2015-12-31,0
2015-11-25,30030,2014-12-31,,,,,,212791000000,,36032000000,,34314000000,,22352000000,,,37.72,,,,,,,,,,,,,,,,,,,,,,true,false,12,2014-01-01,2014-12-31,-1
2015-11-25,30030,2015-12-31,,,,,,,,,,,,,,,,,,,,,,,,,,,,,,14.00,,,,,,,false,true,12,2015-01-01,2015-12-31,0
2015-11-25,30030,2015-12-31,,,,,,,,,,,,,,,,,,,,,,,,,,,,,,5.50,,,,,,,false,false,12,2015-01-01,2015-12-31,0
2015-11-25,30030,2014-12-31,,,,,,,,,,,,,,,,,,,,,,,,,,,,,,10.50,,,,,,,false,false,12,2014-01-01,2014-12-31,-1
2016-01-29,30030,2015-12-31,,169956000000,-0.201,,,,,42002000000,0.165,42534000000,0.239,33628000000,,0.504,52.75,52.71,0.130,0.045,0.247,,1091266000000,317045000000,0.286,474.90,312937000000,36272000000,-284580000000,257934000000,30997000000,,0.293,,,,,,true,false,12,2015-01-01,2015-12-31,0
2016-01-29,30030,2014-12-31,,212791000000,0.962,,,,,36032000000,0.237,34314000000,0.320,22352000000,,0.399,37.72,37.68,0.118,0.045,0.169,,773401000000,205421000000,0.261,341.40,202337000000,84123000000,-83815000000,4192000000,21129000000,,0.278,,,,,,true,false,12,2014-01-01,2014-12-31,-1
2016-01-29,30030,2015-12-31,,133713000000,-0.302,,,,,39377000000,0.173,39589000000,0.242,26292000000,,0.370,41.09,41.06,,,,,1051698000000,297032000000,0.282,449.14,297032000000,,,,,15.50,,,,662561871,3614046,637474927,false,false,12,2015-01-01,2015-12-31,0
2016-01-29,30030,2014-12-31,,191600000000,1.108,,,,,33568000000,0.256,31856000000,0.254,19182000000,,0.824,32.24,32.20,,,,,744605000000,192435000000,0.258,323.39,192435000000,,,,,10.50,,,,596279271,3613149,592505611,false,false,12,2014-01-01,2014-12-31,-1
2016-01-29,30030,2016-12-31,,,,,,,,50000000000,0.190,47000000000,0.104,,30500000000,,46.28,,,,,,,,,,,,,,,,0.345,,,,,,true,true,12,2016-01-01,2016-12-31,1
2016-01-29,30030,2016-12-31,,,,,,,,,,,,,,,,,,,,,,,,,,,,,,16.00,,,,,,,false,true,12,2016-01-01,2016-12-31,1
,30030,2015-12-31,,,,,,,,,,,,,,,,,,,,,,,,,,,,,,15.50,,,,,,,false,true,12,2015-01-01,2015-12-31,0
,30030,2015-12-31,,,,,,,,,,,,,,,,,,,,,,,,,,,,,,5.50,,,,,,,false,false,12,2015-01-01,2015-12-31,0
,30030,2014-12-31,,,,,,,,,,,,,,,,,,,,,,,,,,,,,,10.50,,,,,,,false,false,12,2014-01-01,2014-12-31,-1
2016-04-28,30030,2016-12-31,1,56718000000,0.562,,,,,13920000000,0.338,13450000000,0.365,,10019000000,,15.20,15.19,,,,,1096841000000,315204000000,0.283,472.59,311047000000,,,,,,,,,,,,true,false,3,2016-01-01,2016-03-31,0
2016-04-28,30030,2015-12-31,1,36302000000,-0.649,,,,,10399000000,-0.081,9852000000,-0.054,,7697000000,,12.98,12.97,,,,,,,,,,,,,,,,,,,,,true,false,3,2015-01-01,2015-03-31,-1
2016-04-28,30030,2016-12-31,1,,,,,,,50000000000,0.190,47000000000,0.104,,30500000000,,46.32,,,,,,,,,,,,,,,,,,,,,,true,true,12,2016-01-01,2016-12-31,0
2016-04-28,30030,2015-12-31,1,,,,,,,,,,,,,,,,,,,,1091266000000,317045000000,0.286,474.90,312937000000,,,,,,,,,,,,true,false,12,2015-01-01,2015-12-31,-1
2016-04-28,30030,2015-12-31,1,,,,,,,,,,,,,,,,,,,,,,,,,,,,,15.50,,,,662561871,3614046,,false,false,12,2015-01-01,2015-12-31,-1
2016-04-28,30030,2016-12-31,1,,,,,,,,,,,,,,,,,,,,,,,,,,,,,16.00,,,,,,,false,true,12,2016-01-01,2016-12-31,0
2016-04-28,30030,2016-12-31,1,,,,,,,,,,,,,,,,,,,,,,,,,,,,,,,,,662660871,4497049,658976026,false,false,3,2016-01-01,2016-03-31,0
2016-04-28,30030,2015-12-31,1,,,,,,,,,,,,,,,,,,,,,,,,,,,,,,,,,,,592675952,false,false,3,2015-01-01,2015-03-31,-1
2016-07-28,30030,2016-12-31,2,96992000000,0.142,,,,,25953000000,0.191,25202000000,0.187,,17690000000,,26.86,26.84,,,,,1121985000000,319051000000,0.280,478.42,314883000000,,,,,,,,,,,,true,false,6,2016-01-01,2016-06-30,0
2016-07-28,30030,2015-12-31,2,84925000000,-0.310,,,,,21782000000,0.176,21218000000,0.228,,14590000000,,23.69,23.67,,,,,,,,,,,,,,,,,,,,,true,false,6,2015-01-01,2015-06-30,-1
2016-07-28,30030,2016-12-31,2,,,,,,,50000000000,0.190,47000000000,0.104,,30500000000,,46.32,,,,,,,,,,,,,,,,,,,,,,true,true,12,2016-01-01,2016-12-31,0
2016-07-28,30030,2015-12-31,2,,,,,,,,,,,,,,,,,,,,1091266000000,317045000000,0.286,474.90,312937000000,,,,,,,,,,,,true,false,12,2015-01-01,2015-12-31,-1
2016-07-28,30030,2015-12-31,2,,,,,,,,,,,,,,,,,,,,,,,,,,,,,15.50,,,,662561871,3614046,,false,false,12,2015-01-01,2015-12-31,-1
2016-07-28,30030,2016-12-31,2,,,,,,,,,,,,,,,,,,,,,,,,,,,,,8.00,,,,,,,false,false,12,2016-01-01,2016-12-31,0
2016-07-28,30030,2016-12-31,2,,,,,,,,,,,,,,,,,,,,,,,,,,,,,16.00,,,,,,,false,true,12,2016-01-01,2016-12-31,0
2016-07-28,30030,2016-12-31,2,,,,,,,,,,,,,,,,,,,,,,,,,,,,,,,,,662669871,4497364,658573805,false,false,6,2016-01-01,2016-06-30,0
2016-07-28,30030,2015-12-31,2,,,,,,,,,,,,,,,,,,,,,,,,,,,,,,,,,,,615696965,false,false,6,2015-01-01,2015-06-30,-1
2016-10-28,30030,2016-12-31,3,145245000000,0.230,,,,,39816000000,0.346,38175000000,0.253,,26131000000,,39.68,39.66,,,,,1127185000000,325457000000,0.284,488.02,321236000000,,,,,,,,,,,,true,false,9,2016-01-01,2016-09-30,0
2016-10-28,30030,2015-12-31,3,118049000000,-0.245,,,,,29572000000,0.203,30465000000,0.354,,23082000000,,36.62,36.59,,,,,,,,,,,,,,,,,,,,,true,false,9,2015-01-01,2015-09-30,-1
2016-10-28,30030,2016-12-31,3,200000000000,0.176,,,,,50000000000,0.190,47000000000,0.104,,30500000000,,46.32,,,,,,,,,,,,,,,,,,,,,,true,true,12,2016-01-01,2016-12-31,0
2016-10-28,30030,2015-12-31,3,,,,,,,,,,,,,,,,,,,,1091266000000,317045000000,0.286,474.90,312937000000,,,,,,,,,,,,true,false,12,2015-01-01,2015-12-31,-1
2016-10-28,30030,2015-12-31,3,,,,,,,,,,,,,,,,,,,,,,,,,,,,,15.50,,,,662561871,3614046,,false,false,12,2015-01-01,2015-12-31,-1
2016-10-28,30030,2016-12-31,3,,,,,,,,,,,,,,,,,,,,,,,,,,,,,8.00,,,,,,,false,false,12,2016-01-01,2016-12-31,0
2016-10-28,30030,2016-12-31,3,,,,,,,,,,,,,,,,,,,,,,,,,,,,,16.00,,,,,,,false,true,12,2016-01-01,2016-12-31,0
2016-10-28,30030,2016-12-31,3,,,,,,,,,,,,,,,,,,,,,,,,,,,,,,,,,662738871,4497364,658442840,false,false,9,2016-01-01,2016-09-30,0
2016-10-28,30030,2015-12-31,3,,,,,,,,,,,,,,,,,,,,,,,,,,,,,,,,,,,630251270,false,false,9,2015-01-01,2015-09-30,-1
2016-10-28,30030,2016-12-31,,,,,,200000000000,,50000000000,0.000,47000000000,0.000,30500000000,,0.000,46.32,,,,,,,,,,,,,,,,,,,,,,true,true,12,2016-01-01,2016-12-31,0
2016-10-28,30030,2015-12-31,,,,,,169956000000,,42002000000,,42534000000,,33628000000,,,52.75,,,,,,,,,,,,,,,,,,,,,,true,false,12,2015-01-01,2015-12-31,-1
2016-11-29,30030,2016-12-31,,,,,,214000000000,0.070,53000000000,0.060,51000000000,0.085,34000000000,,0.114,51.64,,,,,,,,,,,,,,,,,,,,,,true,true,12,2016-01-01,2016-12-31,0
2016-11-29,30030,2015-12-31,,,,,,169956000000,,42002000000,,42534000000,,33628000000,,,52.75,,,,,,,,,,,,,,,,,,,,,,true,false,12,2015-01-01,2015-12-31,-1
2016-11-29,30030,2016-12-31,,,,,,,,,,,,,,,,,,,,,,,,,,,,,,17.00,,,,,,,false,true,12,2016-01-01,2016-12-31,0
2016-11-29,30030,2016-12-31,,,,,,,,,,,,,,,,,,,,,,,,,,,,,,8.00,,,,,,,false,false,12,2016-01-01,2016-12-31,0
2016-11-29,30030,2015-12-31,,,,,,,,,,,,,,,,,,,,,,,,,,,,,,15.50,,,,,,,false,false,12,2015-01-01,2015-12-31,-1
2017-01-30,30030,2016-12-31,,215780000000,0.269,,,,,53377000000,0.270,51432000000,0.209,,34897000000,,53.00,52.98,0.107,0.046,0.247,,1133994000000,341087000000,0.297,511.68,336903000000,108407000000,-111018000000,-5715000000,22671000000,,0.320,,,,,,true,false,12,2016-01-01,2016-12-31,0
2017-01-30,30030,2015-12-31,,169956000000,-0.201,,,,,42002000000,0.165,42534000000,0.239,,33628000000,,52.75,52.71,0.130,0.045,0.247,,1091266000000,317045000000,0.286,474.90,312937000000,36272000000,-284580000000,257934000000,30997000000,,0.293,,,,,,true,false,12,2015-01-01,2015-12-31,-1
2017-01-30,30030,2016-12-31,,178003000000,0.331,,,,,43505000000,0.104,42032000000,0.061,26252000000,,-0.001,39.72,39.71,,,,,1093302000000,312334000000,0.285,472.66,312334000000,,,,,17.00,,,,662914071,4497721,658412697,false,false,12,2016-01-01,2016-12-31,0
2017-01-30,30030,2015-12-31,,133713000000,-0.302,,,,,39377000000,0.173,39589000000,0.242,26292000000,,0.370,41.09,41.06,,,,,1051698000000,297032000000,0.282,449.14,297032000000,,,,,15.50,,,,662561871,3614046,637474927,false,false,12,2015-01-01,2015-12-31,-1
2017-01-30,30030,2017-12-31,,,,,,,,60000000000,0.124,57000000000,0.108,,38000000000,,57.71,,,,,,,,,,,,,,,,0.311,,,,,,true,true,12,2017-01-01,2017-12-31,1
2017-01-30,30030,2017-12-31,,,,,,,,,,,,,,,,,,,,,,,,,,,,,,18.00,,,,,,,false,true,12,2017-01-01,2017-12-31,1
2017-04-27,30030,2017-12-31,1,40082000000,-0.293,,,,,11248000000,-0.191,10257000000,-0.237,,6826000000,,10.36,10.36,,,,,1260227000000,342379000000,0.268,513.46,338134000000,,,,,,,,,,,,true,false,3,2017-01-01,2017-03-31,0
2017-04-27,30030,2016-12-31,1,56718000000,0.562,,,,,13920000000,0.338,13450000000,0.365,,10019000000,,15.20,15.19,,,,,,,,,,,,,,,,,,,,,true,false,3,2016-01-01,2016-03-31,-1
2017-04-27,30030,2017-12-31,1,,,,,,,60000000000,0.124,57000000000,0.108,,38000000000,,57.70,,,,,,,,,,,,,,,,,,,,,,true,true,12,2017-01-01,2017-12-31,0
2017-04-27,30030,2016-12-31,1,,,,,,,,,,,,,,,,,,,,1133994000000,341087000000,0.297,511.68,336903000000,,,,,,,,,,,,true,false,12,2016-01-01,2016-12-31,-1
2017-04-27,30030,2016-12-31,1,,,,,,,,,,,,,,,,,,,,,,,,,,,,,17.00,,,,662914071,4497721,,false,false,12,2016-01-01,2016-12-31,-1
2017-04-27,30030,2017-12-31,1,,,,,,,,,,,,,,,,,,,,,,,,,,,,,18.00,,,,,,,false,true,12,2017-01-01,2017-12-31,0
2017-04-27,30030,2017-12-31,1,,,,,,,,,,,,,,,,,,,,,,,,,,,,,,,,,663034971,4497832,658462689,false,false,3,2017-01-01,2017-03-31,0
2017-04-27,30030,2016-12-31,1,,,,,,,,,,,,,,,,,,,,,,,,,,,,,,,,,,,658976026,false,false,3,2016-01-01,2016-03-31,-1
2017-07-28,30030,2017-12-31,2,96968000000,-0.000,,,,,32138000000,0.238,30886000000,0.225,,20835000000,,31.63,31.63,,,,,1327841000000,358984000000,0.267,538.61,354720000000,,,,,,,,,,,,true,false,6,2017-01-01,2017-06-30,0
2017-07-28,30030,2016-12-31,2,96992000000,0.142,,,,,25953000000,0.191,25202000000,0.187,,17690000000,,26.86,26.84,,,,,,,,,,,,,,,,,,,,,true,false,6,2016-01-01,2016-06-30,-1
2017-07-28,30030,2017-12-31,2,,,,,,,60000000000,0.124,57000000000,0.108,,38000000000,,57.70,,,,,,,,,,,,,,,,,,,,,,true,true,12,2017-01-01,2017-12-31,0
2017-07-28,30030,2016-12-31,2,,,,,,,,,,,,,,,,,,,,1133994000000,341087000000,0.297,511.68,336903000000,,,,,,,,,,,,true,false,12,2016-01-01,2016-12-31,-1
2017-07-28,30030,2016-12-31,2,,,,,,,,,,,,,,,,,,,,,,,,,,,,,17.00,,,,662914071,4497721,,false,false,12,2016-01-01,2016-12-31,-1
2017-07-28,30030,2017-12-31,2,,,,,,,,,,,,,,,,,,,,,,,,,,,,,9.00,,,,,,,false,false,12,2017-01-01,2017-12-31,0
2017-07-28,30030,2017-12-31,2,,,,,,,,,,,,,,,,,,,,,,,,,,,,,18.00,,,,,,,false,true,12,2017-01-01,2017-12-31,0
2017-07-28,30030,2017-12-31,2,,,,,,,,,,,,,,,,,,,,,,,,,,,,,,,,,663062271,4485111,658516586,false,false,6,2017-01-01,2017-06-30,0
2017-07-28,30030,2016-12-31,2,,,,,,,,,,,,,,,,,,,,,,,,,,,,,,,,,,,658573805,false,false,6,2016-01-01,2016-06-30,-1
2017-10-30,30030,2017-12-31,3,126848000000,-0.126,,,,,42394000000,0.064,40419000000,0.058,,27268000000,,41.40,41.40,,,,,1410164000000,360581000000,0.252,540.81,356165000000,,,,,,,,,,,,true,false,9,2017-01-01,2017-09-30,0
2017-10-30,30030,2016-12-31,3,145245000000,0.230,,,,,39816000000,0.346,38175000000,0.253,,26131000000,,39.68,39.66,,,,,,,,,,,,,,,,,,,,,true,false,9,2016-01-01,2016-09-30,-1
2017-10-30,30030,2017-12-31,3,280000000000,0.297,,,,,62500000000,0.170,60000000000,0.166,,40000000000,,60.73,,,,,,,,,,,,,,,,,,,,,,true,true,12,2017-01-01,2017-12-31,0
2017-10-30,30030,2016-12-31,3,,,,,,,,,,,,,,,,,,,,1133994000000,341087000000,0.297,511.68,336903000000,,,,,,,,,,,,true,false,12,2016-01-01,2016-12-31,-1
2017-10-30,30030,2016-12-31,3,,,,,,,,,,,,,,,,,,,,,,,,,,,,,17.00,,,,662914071,4497721,,false,false,12,2016-01-01,2016-12-31,-1
2017-10-30,30030,2017-12-31,3,,,,,,,,,,,,,,,,,,,,,,,,,,,,,9.00,,,,,,,false,false,12,2017-01-01,2017-12-31,0
2017-10-30,30030,2017-12-31,3,,,,,,,,,,,,,,,,,,,,,,,,,,,,,20.00,,,,,,,false,true,12,2017-01-01,2017-12-31,0
2017-10-30,30030,2017-12-31,3,,,,,,,,,,,,,,,,,,,,,,,,,,,,,,,,,663062271,4485332,658536951,false,false,9,2017-01-01,2017-09-30,0
2017-10-30,30030,2016-12-31,3,,,,,,,,,,,,,,,,,,,,,,,,,,,,,,,,,,,658442840,false,false,9,2016-01-01,2016-09-30,-1
,30030,2017-12-31,,,,,,,,,,,,,,,,,,,,,,,,,,,,,,20.50,,,,,,,false,true,12,2017-01-01,2017-12-31,0
,30030,2017-12-31,,,,,,,,,,,,,,,,,,,,,,,,,,,,,,9.00,,,,,,,false,false,12,2017-01-01,2017-12-31,0
,30030,2016-12-31,,,,,,,,,,,,,,,,,,,,,,,,,,,,,,17.00,,,,,,,false,false,12,2016-01-01,2016-12-31,-1
2018-01-30,30030,2017-12-31,,289618000000,0.342,,,,,64249000000,0.203,61870000000,0.202,,42402000000,,64.38,64.38,0.119,0.049,0.221,,1352137000000,378855000000,0.277,570.02,375405000000,45724000000,-189088000000,148483000000,27991000000,,0.326,,,,,,true,false,12,2017-01-01,2017-12-31,0
2018-01-30,30030,2016-12-31,,215780000000,0.269,,,,,53377000000,0.270,51432000000,0.209,,34897000000,,53.00,52.98,0.107,0.046,0.247,,1133994000000,341087000000,0.297,511.68,336903000000,108407000000,-111018000000,-5715000000,22671000000,,0.320,,,,,,true,false,12,2016-01-01,2016-12-31,-1
2018-01-30,30030,2017-12-31,,253639000000,0.424,,,,,59715000000,0.372,58103000000,0.382,40115000000,,0.528,60.69,60.69,,,,,1302395000000,348127000000,0.267,526.70,348127000000,,,,,21.00,,,,663062271,4485413,658547027,false,false,12,2017-01-01,2017-12-31,0
2018-01-30,30030,2016-12-31,,178003000000,0.331,,,,,43505000000,0.104,42032000000,0.061,26252000000,,-0.001,39.72,39.71,,,,,1093302000000,312334000000,0.285,472.66,312334000000,,,,,17.00,,,,662914071,4497721,658412697,false,false,12,2016-01-01,2016-12-31,-1
2018-01-30,30030,2018-12-31,,,,,,,,72000000000,0.120,68500000000,0.107,,46500000000,,70.60,,,,,,,,,,,,,,,,0.332,,,,,,true,true,12,2018-01-01,2018-12-31,1
2018-01-30,30030,2018-12-31,,,,,,,,,,,,,,,,,,,,,,,,,,,,,,23.50,,,,,,,false,true,12,2018-01-01,2018-12-31,1
,30030,2017-12-31,,,,,,,,,,,,,,,,,,,,,,,,,,,,,,21.00,,,,,,,false,true,12,2017-01-01,2017-12-31,0
,30030,2017-12-31,,,,,,,,,,,,,,,,,,,,,,,,,,,,,,9.00,,,,,,,false,false,12,2017-01-01,2017-12-31,0
,30030,2016-12-31,,,,,,,,,,,,,,,,,,,,,,,,,,,,,,17.00,,,,,,,false,false,12,2016-01-01,2016-12-31,-1
2018-04-27,30030,2018-12-31,1,50176000000,0.251,,,,,13743000000,0.221,12898000000,0.257,,8789000000,,13.34,,,,,,1406952000000,375803000000,0.264,565.23,372253000000,,,,,,,,,,,,true,false,3,2018-01-01,2018-03-31,0
2018-04-27,30030,2017-12-31,1,40082000000,-0.293,,,,,11248000000,-0.191,10257000000,-0.237,,6826000000,,10.36,10.36,,,,,,,,,,,,,,,,,,,,,true,false,3,2017-01-01,2017-03-31,-1
2018-04-27,30030,2018-12-31,1,,,,,,,72000000000,0.120,68500000000,0.107,,46500000000,,70.60,,,,,,,,,,,,,,,,,,,,,,true,true,12,2018-01-01,2018-12-31,0
2018-04-27,30030,2017-12-31,1,,,,,,,,,,,,,,,,,,,,1352137000000,378855000000,0.277,570.02,375405000000,,,,,,,,,,,,true,false,12,2017-01-01,2017-12-31,-1
2018-04-27,30030,2017-12-31,1,,,,,,,,,,,,,,,,,,,,,,,,,,,,,21.00,,,,663062271,4485413,,false,false,12,2017-01-01,2017-12-31,-1
2018-04-27,30030,2018-12-31,1,,,,,,,,,,,,,,,,,,,,,,,,,,,,,23.50,,,,,,,false,true,12,2018-01-01,2018-12-31,0
2018-04-27,30030,2018-12-31,1,,,,,,,,,,,,,,,,,,,,,,,,,,,,,,,,,663062271,4485459,658576847,false,false,3,2018-01-01,2018-03-31,0
2018-04-27,30030,2017-12-31,1,,,,,,,,,,,,,,,,,,,,,,,,,,,,,,,,,,,658462689,false,false,3,2017-01-01,2017-03-31,-1
2018-07-30,30030,2018-12-31,2,114564000000,0.181,,,,,35543000000,0.105,34367000000,0.112,,23641000000,,35.89,,,,,,1452619000000,394772000000,0.269,594.06,391238000000,,,,,,,,,,,,true,false,6,2018-01-01,2018-06-30,0
2018-07-30,30030,2017-12-31,2,96968000000,-0.000,,,,,32138000000,0.238,30886000000,0.225,,20835000000,,31.63,31.63,,,,,,,,,,,,,,,,,,,,,true,false,6,2017-01-01,2017-06-30,-1
2018-07-30,30030,2018-12-31,2,,,,,,,72000000000,0.120,68500000000,0.107,,46500000000,,70.60,,,,,,,,,,,,,,,,,,,,,,true,true,12,2018-01-01,2018-12-31,0
2018-07-30,30030,2017-12-31,2,,,,,,,,,,,,,,,,,,,,1352137000000,378855000000,0.277,570.02,375405000000,,,,,,,,,,,,true,false,12,2017-01-01,2017-12-31,-1
2018-07-30,30030,2017-12-31,2,,,,,,,,,,,,,,,,,,,,,,,,,,,,,21.00,,,,663062271,4485413,,false,false,12,2017-01-01,2017-12-31,-1
2018-07-30,30030,2018-12-31,2,,,,,,,,,,,,,,,,,,,,,,,,,,,,,11.50,,,,,,,false,false,12,2018-01-01,2018-12-31,0
2018-07-30,30030,2018-12-31,2,,,,,,,,,,,,,,,,,,,,,,,,,,,,,23.50,,,,,,,false,true,12,2018-01-01,2018-12-31,0
2018-07-30,30030,2018-12-31,2,,,,,,,,,,,,,,,,,,,,,,,,,,,,,,,,,663062271,4485676,658576773,false,false,6,2018-01-01,2018-06-30,0
2018-07-30,30030,2017-12-31,2,,,,,,,,,,,,,,,,,,,,,,,,,,,,,,,,,,,658516586,false,false,6,2017-01-01,2017-06-30,-1
2018-10-30,30030,2018-12-31,3,170135000000,0.341,,,,,51089000000,0.205,48662000000,0.203,,33417000000,,50.74,,,,,,1494862000000,393877000000,0.260,591.81,389758000000,,,,,,,,,,,,true,false,9,2018-01-01,2018-09-30,0
2018-10-30,30030,2017-12-31,3,126848000000,-0.126,,,,,42394000000,0.064,40419000000,0.058,,27268000000,,41.40,41.40,,,,,,,,,,,,,,,,,,,,,true,false,9,2017-01-01,2017-09-30,-1
2018-10-30,30030,2018-12-31,3,290000000000,0.001,,,,,74000000000,0.151,71000000000,0.147,,48000000000,,72.88,,,,,,,,,,,,,,,,,,,,,,true,true,12,2018-01-01,2018-12-31,0
2018-10-30,30030,2017-12-31,3,,,,,,,,,,,,,,,,,,,,1352137000000,378855000000,0.277,570.02,375405000000,,,,,,,,,,,,true,false,12,2017-01-01,2017-12-31,-1
2018-10-30,30030,2017-12-31,3,,,,,,,,,,,,,,,,,,,,,,,,,,,,,21.00,,,,663062271,4485413,,false,false,12,2017-01-01,2017-12-31,-1
2018-10-30,30030,2018-12-31,3,,,,,,,,,,,,,,,,,,,,,,,,,,,,,11.50,,,,,,,false,false,12,2018-01-01,2018-12-31,0
2018-10-30,30030,2018-12-31,3,,,,,,,,,,,,,,,,,,,,,,,,,,,,,25.00,,,,,,,false,true,12,2018-01-01,2018-12-31,0
2018-10-30,30030,2018-12-31,3,,,,,,,,,,,,,,,,,,,,,,,,,,,,,,,,,663062271,4485950,658576681,false,false,9,2018-01-01,2018-09-30,0
2018-10-30,30030,2017-12-31,3,,,,,,,,,,,,,,,,,,,,,,,,,,,,,,,,,,,658536951,false,false,9,2017-01-01,2017-09-30,-1
2019-01-30,30030,2018-12-31,,287513000000,-0.007,,,,,75564000000,0.176,72530000000,0.172,,49515000000,,75.18,,0.127,0.050,0.262,,1526423000000,404135000000,0.262,608.49,400738000000,130973000000,-258127000000,131010000000,31847000000,,0.339,,,,,,true,false,12,2018-01-01,2018-12-31,0
2019-01-30,30030,2017-12-31,,289618000000,0.342,,,,,64249000000,0.203,61870000000,0.202,,42402000000,,64.38,64.38,0.119,0.049,0.221,,1352137000000,378855000000,0.277,570.02,375405000000,45724000000,-189088000000,148483000000,27991000000,,0.326,,,,,,true,false,12,2017-01-01,2017-12-31,-1
2019-01-30,30030,2018-12-31,,250796000000,-0.011,,,,,71167000000,0.191,72143000000,0.241,51042000000,,0.272,77.22,,,,,,1463700000000,374549000000,0.255,566.67,374549000000,,,,,25.50,,,,663062271,4486096,658576575,false,false,12,2018-01-01,2018-12-31,0
2019-01-30,30030,2017-12-31,,253639000000,0.424,,,,,59715000000,0.372,58103000000,0.382,40115000000,,0.528,60.69,60.69,,,,,1302395000000,348127000000,0.267,526.70,348127000000,,,,,21.00,,,,663062271,4485413,658547027,false,false,12,2017-01-01,2017-12-31,-1
2019-01-30,30030,2019-12-31,,,,,,,,85000000000,0.124,80000000000,0.102,,54500000000,,82.87,,,,,,,,,,,,,,,,0.343,,,,,,true,true,12,2019-01-01,2019-12-31,1
2019-01-30,30030,2019-12-31,,,,,,,,,,,,,,,,,,,,,,,,,,,,,,28.50,,,,,,,false,true,12,2019-01-01,2019-12-31,1
2019-04-26,30030,2019-12-31,1,40858000000,-0.185,,,,,10104000000,-0.264,8560000000,-0.336,,6642000000,,10.09,,,,,,1655028000000,401551000000,0.240,606.60,398788000000,,,,,,,,,,,,true,false,3,2019-01-01,2019-03-31,0
2019-04-26,30030,2018-12-31,1,50176000000,0.251,,,,,13743000000,0.221,12898000000,0.257,,8789000000,,13.34,,,,,,,,,,,,,,,,,,,,,,true,false,3,2018-01-01,2018-03-31,-1
2019-04-26,30030,2019-12-31,1,,,,,,,85000000000,0.124,80000000000,0.102,,54500000000,,82.88,,,,,,,,,,,,,,,,,,,,,,true,true,12,2019-01-01,2019-12-31,0
2019-04-26,30030,2018-12-31,1,,,,,,,,,,,,,,,,,,,,1525979000000,404135000000,0.262,608.49,400738000000,,,,,,,,,,,,true,false,12,2018-01-01,2018-12-31,-1
2019-04-26,30030,2018-12-31,1,,,,,,,,,,,,,,,,,,,,,,,,,,,,,25.50,,,,663062271,4486096,,false,false,12,2018-01-01,2018-12-31,-1
2019-04-26,30030,2019-12-31,1,,,,,,,,,,,,,,,,,,,,,,,,,,,,,28.50,,,,,,,false,true,12,2019-01-01,2019-12-31,0
2019-04-26,30030,2019-12-31,1,,,,,,,,,,,,,,,,,,,,,,,,,,,,,,,,,663062271,5657761,658065272,false,false,3,2019-01-01,2019-03-31,0
2019-04-26,30030,2018-12-31,1,,,,,,,,,,,,,,,,,,,,,,,,,,,,,,,,,,,658576847,false,false,3,2018-01-01,2018-03-31,-1
2019-07-30,30030,2019-12-31,2,171199000000,0.494,,,,,38964000000,0.096,36780000000,0.070,,26118000000,,39.70,,,,,,1711245000000,419437000000,0.243,633.77,416643000000,,,,,,,,,,,,true,false,6,2019-01-01,2019-06-30,0
2019-07-30,30030,2018-12-31,2,114564000000,0.181,,,,,35543000000,0.105,34367000000,0.112,,23641000000,,35.89,,,,,,,,,,,,,,,,,,,,,,true,false,6,2018-01-01,2018-06-30,-1
2019-07-30,30030,2019-12-31,2,,,,,,,85000000000,0.124,80000000000,0.102,,54500000000,,82.88,,,,,,,,,,,,,,,,,,,,,,true,true,12,2019-01-01,2019-12-31,0
2019-07-30,30030,2018-12-31,2,,,,,,,,,,,,,,,,,,,,1525979000000,404135000000,0.262,608.49,400738000000,,,,,,,,,,,,true,false,12,2018-01-01,2018-12-31,-1
2019-07-30,30030,2018-12-31,2,,,,,,,,,,,,,,,,,,,,,,,,,,,,,25.50,,,,663062271,4486096,,false,false,12,2018-01-01,2018-12-31,-1
2019-07-30,30030,2019-12-31,2,,,,,,,,,,,,,,,,,,,,,,,,,,,,,14.00,,,,,,,false,false,12,2019-01-01,2019-12-31,0
2019-07-30,30030,2019-12-31,2,,,,,,,,,,,,,,,,,,,,,,,,,,,,,28.50,,,,,,,false,true,12,2019-01-01,2019-12-31,0
2019-07-30,30030,2019-12-31,2,,,,,,,,,,,,,,,,,,,,,,,,,,,,,,,,,663062271,5657789,657733032,false,false,6,2019-01-01,2019-06-30,0
2019-07-30,30030,2018-12-31,2,,,,,,,,,,,,,,,,,,,,,,,,,,,,,,,,,,,658576773,false,false,6,2018-01-01,2018-06-30,-1
2019-10-30,30030,2019-12-31,3,215714000000,0.267,,,,,55785000000,0.091,52124000000,0.071,,36836000000,,55.91,,,,,,1791868000000,434585000000,0.240,646.06,431729000000,,,,,,,,,,,,true,false,9,2019-01-01,2019-09-30,0
2019-10-30,30030,2018-12-31,3,170135000000,0.341,,,,,51089000000,0.205,48662000000,0.203,,33417000000,,50.74,,,,,,,,,,,,,,,,,,,,,,true,false,9,2018-01-01,2018-09-30,-1
2019-10-30,30030,2019-12-31,3,345000000000,0.199,,,,,87000000000,0.151,83000000000,0.144,,57000000000,,86.20,,,,,,,,,,,,,,,,,,,,,,true,true,12,2019-01-01,2019-12-31,0
2019-10-30,30030,2018-12-31,3,,,,,,,,,,,,,,,,,,,,1525979000000,404135000000,0.262,608.49,400738000000,,,,,,,,,,,,true,false,12,2018-01-01,2018-12-31,-1
2019-10-30,30030,2018-12-31,3,,,,,,,,,,,,,,,,,,,,,,,,,,,,,25.50,,,,663062271,4486096,,false,false,12,2018-01-01,2018-12-31,-1
2019-10-30,30030,2019-12-31,3,,,,,,,,,,,,,,,,,,,,,,,,,,,,,14.00,,,,,,,false,false,12,2019-01-01,2019-12-31,0
2019-10-30,30030,2019-12-31,3,,,,,,,,,,,,,,,,,,,,,,,,,,,,,30.50,,,,,,,false,true,12,2019-01-01,2019-12-31,0
2019-10-30,30030,2019-12-31,3,,,,,,,,,,,,,,,,,,,,,,,,,,,,,,,,,673907735,5660609,658813969,false,false,9,2019-01-01,2019-09-30,0
2019-10-30,30030,2018-12-31,3,,,,,,,,,,,,,,,,,,,,,,,,,,,,,,,,,,,658576681,false,false,9,2018-01-01,2018-09-30,-1
2020-01-30,30030,2019-12-31,,357272000000,0.242,,,,,88353000000,0.169,84645000000,0.167,,58805000000,,88.93,,0.136,0.051,0.247,,1776272000000,461856000000,0.258,687.01,459093000000,231180000000,-358334000000,141523000000,48380000000,,0.354,,,,,,true,false,12,2019-01-01,2019-12-31,0
2020-01-30,30030,2018-12-31,,287513000000,-0.007,,,,,75564000000,0.176,72530000000,0.172,,49515000000,,75.18,,0.127,0.050,0.262,,1525979000000,404135000000,0.262,608.49,400738000000,130973000000,-258127000000,131010000000,31847000000,,0.339,,,,,,true,false,12,2018-01-01,2018-12-31,-1
2020-01-30,30030,2019-12-31,,327362000000,0.305,,,,,86725000000,0.218,84505000000,0.171,57788000000,,0.132,87.08,,,,,,1697724000000,432155000000,0.254,644.40,432155000000,,,,,31.50,,,,673907735,5664419,661191178,false,false,12,2019-01-01,2019-12-31,0
2020-01-30,30030,2018-12-31,,250796000000,-0.011,,,,,71167000000,0.191,72143000000,0.241,51042000000,,0.272,77.22,,,,,,1462206000000,374549000000,0.256,566.67,374549000000,,,,,25.50,,,,663062271,4486096,658576575,false,false,12,2018-01-01,2018-12-31,-1
2020-01-30,30030,2020-12-31,,,,,,,,100000000000,0.131,92000000000,0.086,,62000000000,,92.78,,,,,,,,,,,,,,,,0.371,,,,,,true,true,12,2020-01-01,2020-12-31,1
2020-01-30,30030,2020-12-31,,,,,,,,,,,,,,,,,,,,,,,,,,,,,,34.50,,,,,,,false,true,12,2020-01-01,2020-12-31,1
2020-04-28,30030,2020-12-31,1,78024000000,0.909,,,,,21036000000,1.081,19816000000,1.314,,13190000000,,19.73,,,,,,1866383000000,443803000000,0.236,660.48,441102000000,,,,,,,,,,,,true,false,3,2020-01-01,2020-03-31,0
2020-04-28,30030,2019-12-31,1,40858000000,-0.185,,,,,10104000000,-0.264,8560000000,-0.336,,6642000000,,10.09,,,,,,,,,,,,,,,,,,,,,,true,false,3,2019-01-01,2019-03-31,-1
2020-04-28,30030,2020-12-31,1,,,,,,,100000000000,0.131,92000000000,0.086,,62000000000,,92.82,,,,,,,,,,,,,,,,,,,,,,true,true,12,2020-01-01,2020-12-31,0
2020-04-28,30030,2019-12-31,1,,,,,,,,,,,,,,,,,,,,1776272000000,461856000000,0.258,687.01,459093000000,,,,,,,,,,,,true,false,12,2019-01-01,2019-12-31,-1
2020-04-28,30030,2019-12-31,1,,,,,,,,,,,,,,,,,,,,,,,,,,,,,31.50,,,,673907735,5664419,,false,false,12,2019-01-01,2019-12-31,-1
2020-04-28,30030,2020-12-31,1,,,,,,,,,,,,,,,,,,,,,,,,,,,,,34.50,,,,,,,false,true,12,2020-01-01,2020-12-31,0
2020-04-28,30030,2020-12-31,1,,,,,,,,,,,,,,,,,,,,,,,,,,,,,,,,,673907735,6065030,668227601,false,false,3,2020-01-01,2020-03-31,0
2020-04-28,30030,2019-12-31,1,,,,,,,,,,,,,,,,,,,,,,,,,,,,,,,,,,,658065272,false,false,3,2019-01-01,2019-03-31,-1
2020-07-29,30030,2020-12-31,2,160265000000,-0.063,,,,,46907000000,0.203,45257000000,0.230,,27547000000,,41.23,,,,,,1959973000000,461707000000,0.234,687.23,459047000000,,,,,,,,,,,,true,false,6,2020-01-01,2020-06-30,0
2020-07-29,30030,2019-12-31,2,171199000000,0.494,,,,,38964000000,0.096,36780000000,0.070,,26118000000,,39.70,,,,,,,,,,,,,,,,,,,,,,true,false,6,2019-01-01,2019-06-30,-1
2020-07-29,30030,2020-12-31,2,,,,,,,100000000000,0.131,92000000000,0.086,,62000000000,,92.81,,,,,,,,,,,,,,,,,,,,,,true,true,12,2020-01-01,2020-12-31,0
2020-07-29,30030,2019-12-31,2,,,,,,,,,,,,,,,,,,,,1776272000000,461856000000,0.258,687.01,459093000000,,,,,,,,,,,,true,false,12,2019-01-01,2019-12-31,-1
2020-07-29,30030,2019-12-31,2,,,,,,,,,,,,,,,,,,,,,,,,,,,,,31.50,,,,673907735,5664419,,false,false,12,2019-01-01,2019-12-31,-1
2020-07-29,30030,2020-12-31,2,,,,,,,,,,,,,,,,,,,,,,,,,,,,,17.50,,,,,,,false,false,12,2020-01-01,2020-12-31,0
2020-07-29,30030,2020-12-31,2,,,,,,,,,,,,,,,,,,,,,,,,,,,,,34.50,,,,,,,false,true,12,2020-01-01,2020-12-31,0
2020-07-29,30030,2020-12-31,2,,,,,,,,,,,,,,,,,,,,,,,,,,,,,,,,,673907735,5940962,668081553,false,false,6,2020-01-01,2020-06-30,0
2020-07-29,30030,2019-12-31,2,,,,,,,,,,,,,,,,,,,,,,,,,,,,,,,,,,,657733032,false,false,6,2019-01-01,2019-06-30,-1
2020-10-27,30030,2020-12-31,3,186360000000,-0.136,,,,,54146000000,-0.029,50112000000,-0.038,,28703000000,,42.96,,,,,,2029877000000,452662000000,0.221,673.68,449997000000,,,,,,,,,,,,true,false,9,2020-01-01,2020-09-30,0
2020-10-27,30030,2019-12-31,3,215714000000,0.267,,,,,55785000000,0.091,52124000000,0.071,,36836000000,,55.91,,,,,,,,,,,,,,,,,,,,,,true,false,9,2019-01-01,2019-09-30,-1
2020-10-27,30030,2020-12-31,3,320000000000,-0.104,,,,,100000000000,0.131,92000000000,0.086,,62000000000,,92.81,,,,,,,,,,,,,,,,,,,,,,true,true,12,2020-01-01,2020-12-31,0
2020-10-27,30030,2019-12-31,3,,,,,,,,,,,,,,,,,,,,1776272000000,461856000000,0.258,687.01,459093000000,,,,,,,,,,,,true,false,12,2019-01-01,2019-12-31,-1
2020-10-27,30030,2019-12-31,3,,,,,,,,,,,,,,,,,,,,,,,,,,,,,31.50,,,,673907735,5664419,,false,false,12,2019-01-01,2019-12-31,-1
2020-10-27,30030,2020-12-31,3,,,,,,,,,,,,,,,,,,,,,,,,,,,,,17.50,,,,,,,false,false,12,2020-01-01,2020-12-31,0
2020-10-27,30030,2020-12-31,3,,,,,,,,,,,,,,,,,,,,,,,,,,,,,35.00,,,,,,,false,true,12,2020-01-01,2020-12-31,0
2020-10-27,30030,2020-12-31,3,,,,,,,,,,,,,,,,,,,,,,,,,,,,,,,,,673907735,5941462,668042922,false,false,9,2020-01-01,2020-09-30,0
2020-10-27,30030,2019-12-31,3,,,,,,,,,,,,,,,,,,,,,,,,,,,,,,,,,,,658813969,false,false,9,2019-01-01,2019-09-30,-1
2021-01-28,30030,2020-12-31,,339645000000,-0.049,,,,,100596000000,0.138,95627000000,0.129,,63619000000,,95.23,,0.134,0.050,0.296,,2019336000000,489043000000,0.240,728.31,486487000000,202304000000,-343137000000,187388000000,94704000000,,0.378,,,,,,true,false,12,2020-01-01,2020-12-31,0
2021-01-28,30030,2019-12-31,,357272000000,0.242,,,,,88353000000,0.169,84645000000,0.167,,58805000000,,88.93,,0.136,0.051,0.247,,1776272000000,461856000000,0.258,687.01,459093000000,231180000000,-358334000000,141523000000,48380000000,,0.354,,,,,,true,false,12,2019-01-01,2019-12-31,-1
2021-01-28,30030,2020-12-31,,308012000000,-0.059,,,,,105409000000,0.215,106971000000,0.265,79339000000,,0.372,118.34,,,,,,1948197000000,476495000000,0.244,710.82,476495000000,,,,,36.00,,,,673907735,5941885,668023612,false,false,12,2020-01-01,2020-12-31,0
2021-01-28,30030,2019-12-31,,327362000000,0.305,,,,,86725000000,0.218,84505000000,0.171,57788000000,,0.132,87.08,,,,,,1697724000000,432155000000,0.254,644.40,432155000000,,,,,31.50,,,,673907735,5664419,661191178,false,false,12,2019-01-01,2019-12-31,-1
2021-01-28,30030,2021-12-31,,,,,,,,110000000000,0.093,100000000000,0.045,,65000000000,,97.31,,,,,,,,,,,,,,,,0.390,,,,,,true,true,12,2021-01-01,2021-12-31,1
2021-01-28,30030,2021-12-31,,,,,,,,,,,,,,,,,,,,,,,,,,,,,,38.00,,,,,,,false,true,12,2021-01-01,2021-12-31,1
2021-04-27,30030,2021-12-31,1,91494000000,0.172,,,,,22146000000,0.052,20547000000,0.036,,12581000000,,18.83,,,,,,2073395000000,496856000000,0.238,740.03,494318000000,,,,,,,,,,,,true,false,3,2021-01-01,2021-03-31,0
2021-04-27,30030,2020-12-31,1,78024000000,0.909,,,,,21036000000,1.081,19816000000,1.314,,13190000000,,19.73,,,,,,,,,,,,,,,,,,,,,,true,false,3,2020-01-01,2020-03-31,-1
2021-04-27,30030,2021-12-31,1,,,,,,,110000000000,0.093,100000000000,0.045,,65000000000,,97.31,,,,,,,,,,,,,,,,,,,,,,true,true,12,2021-01-01,2021-12-31,0
2021-04-27,30030,2020-12-31,1,,,,,,,,,,,,,,,,,,,,2019336000000,489043000000,0.240,728.31,486487000000,,,,,,,,,,,,true,false,12,2020-01-01,2020-12-31,-1
2021-04-27,30030,2020-12-31,1,,,,,,,,,,,,,,,,,,,,,,,,,,,,,36.00,,,,673907735,5941885,,false,false,12,2020-01-01,2020-12-31,-1
2021-04-27,30030,2021-12-31,1,,,,,,,,,,,,,,,,,,,,,,,,,,,,,38.00,,,,,,,false,true,12,2021-01-01,2021-12-31,0
2021-04-27,30030,2021-12-31,1,,,,,,,,,,,,,,,,,,,,,,,,,,,,,,,,,673907735,5942869,667965365,false,false,3,2021-01-01,2021-03-31,0
2021-04-27,30030,2020-12-31,1,,,,,,,,,,,,,,,,,,,,,,,,,,,,,,,,,,,668227601,false,false,3,2020-01-01,2020-03-31,-1
2021-07-29,3003,2021-12-31,2,220067000000,0.373,,,,,58691000000,0.251,56568000000,0.249,,35943000000,,53.80,,,,,,2140663000000,519527000000,0.241,774.44,517429000000,,,,,,,,,,,,true,false,6,2021-01-01,2021-06-30,0
2021-07-29,3003,2020-12-31,2,160265000000,-0.063,,,,,46907000000,0.203,45257000000,0.230,,27547000000,,41.23,,,,,,,,,,,,,,,,,,,,,,true,false,6,2020-01-01,2020-06-30,-1
2021-07-29,3003,2021-12-31,2,,,,,,,110000000000,0.093,100000000000,0.045,,65000000000,,97.29,,,,,,,,,,,,,,,,,,,,,,true,true,12,2021-01-01,2021-12-31,0
2021-07-29,3003,2020-12-31,2,,,,,,,,,,,,,,,,,,,,2019336000000,489043000000,0.240,728.31,486487000000,,,,,,,,,,,,true,false,12,2020-01-01,2020-12-31,-1
2021-07-29,3003,2020-12-31,2,,,,,,,,,,,,,,,,,,,,,,,,,,,,,36.00,,,,673907735,5941885,,false,false,12,2020-01-01,2020-12-31,-1
2021-07-29,3003,2021-12-31,2,,,,,,,,,,,,,,,,,,,,,,,,,,,,,19.00,,,,,,,false,false,12,2021-01-01,2021-12-31,0
2021-07-29,3003,2021-12-31,2,,,,,,,,,,,,,,,,,,,,,,,,,,,,,38.00,,,,,,,false,true,12,2021-01-01,2021-12-31,0
2021-07-29,3003,2021-12-31,2,,,,,,,,,,,,,,,,,,,,,,,,,,,,,,,,,673907735,5780421,668027083,false,false,6,2021-01-01,2021-06-30,0
2021-07-29,3003,2020-12-31,2,,,,,,,,,,,,,,,,,,,,,,,,,,,,,,,,,,,668081553,false,false,6,2020-01-01,2020-06-30,-1
2021-08-31,30030,2021-12-31,,,,,,420000000000,,110000000000,,100000000000,,,65000000000,,97.29,,,,,,,,,,,,,,,,,,,,,,true,true,12,2021-01-01,2021-12-31,0
2021-08-31,30030,2020-12-31,,,,,,339645000000,,100596000000,,95627000000,,,63619000000,,95.23,,,,,,,,,,,,,,,,,,,,,,true,false,12,2020-01-01,2020-12-31,-1
2021-10-27,3003,2021-12-31,3,265449000000,0.424,,,,,69628000000,0.285,65288000000,0.302,,40465000000,,60.57,,,,,,2144350000000,516349000000,0.239,769.54,514155000000,,,,,,,,,,,,true,false,9,2021-01-01,2021-09-30,0
2021-10-27,3003,2020-12-31,3,186360000000,-0.136,,,,,54146000000,-0.029,50112000000,-0.038,,28703000000,,42.96,,,,,,,,,,,,,,,,,,,,,,true,false,9,2020-01-01,2020-09-30,-1
2021-10-27,3003,2021-12-31,3,420000000000,0.236,,,,,110000000000,0.093,100000000000,0.045,,65000000000,,94.46,,,,,,,,,,,,,,,,,,,,,,true,true,12,2021-01-01,2021-12-31,0
2021-10-27,3003,2020-12-31,3,,,,,,,,,,,,,,,,,,,,2019336000000,489043000000,0.240,728.31,486487000000,,,,,,,,,,,,true,false,12,2020-01-01,2020-12-31,-1
2021-10-27,3003,2020-12-31,3,,,,,,,,,,,,,,,,,,,,,,,,,,,,,36.00,,,,673907735,5941885,,false,false,12,2020-01-01,2020-12-31,-1
2021-10-27,3003,2021-12-31,3,,,,,,,,,,,,,,,,,,,,,,,,,,,,,19.00,,,,,,,false,false,12,2021-01-01,2021-12-31,0
2021-10-27,3003,2021-12-31,3,,,,,,,,,,,,,,,,,,,,,,,,,,,,,38.00,,,,,,,false,true,12,2021-01-01,2021-12-31,0
2021-10-27,3003,2021-12-31,3,,,,,,,,,,,,,,,,,,,,,,,,,,,,,,,,,673907735,5780957,668060792,false,false,9,2021-01-01,2021-09-30,0
2021-10-27,3003,2020-12-31,3,,,,,,,,,,,,,,,,,,,,,,,,,,,,,,,,,,,668042922,false,false,9,2020-01-01,2020-09-30,-1
2022-01-11,30030,2021-12-31,,440000000000,0.047,,,,,113000000000,0.027,108000000000,0.080,,68000000000,,98.82,,,,,,,,,,,,,,,,,,,,,,true,true,12,2021-01-01,2021-12-31,0
2022-01-11,30030,2020-12-31,,339645000000,,,,,,100596000000,,95627000000,,,63619000000,,95.23,,,,,,,,,,,,,,,,,,,,,,true,false,12,2020-01-01,2020-12-31,-1
2022-01-11,30030,2021-12-31,,,,,,,,,,,,,,,,,,,,,,,,,,,,,,39.00,,,,,,,false,true,12,2021-01-01,2021-12-31,0
2022-01-11,30030,2021-12-31,,,,,,,,,,,,,,,,,,,,,,,,,,,,,,19.00,,,,,,,false,false,12,2021-01-01,2021-12-31,0
2022-01-11,30030,2020-12-31,,,,,,,,,,,,,,,,,,,,,,,,,,,,,,36.00,,,,,,,false,false,12,2020-01-01,2020-12-31,-1
2022-01-28,3003,2021-12-31,,447077000000,0.316,,,,,114507000000,0.138,109581000000,0.145,,69564000000,,101.09,,0.123,0.051,0.256,,2207325000000,638332000000,0.288,836.89,637799000000,291736000000,-286943000000,106588000000,206086000000,,0.385,,,,,,true,false,12,2021-01-01,2021-12-31,0
2022-01-28,3003,2020-12-31,,339645000000,-0.049,,,,,100596000000,0.138,95627000000,0.129,,63619000000,,95.23,,0.134,0.050,0.296,,2019336000000,489043000000,0.240,728.31,486487000000,202304000000,-343137000000,187388000000,94704000000,,0.378,,,,,,true,false,12,2020-01-01,2020-12-31,-1
2022-01-28,3003,2021-12-31,,399525000000,0.297,,,,,115637000000,0.097,110965000000,0.037,76224000000,,-0.039,110.39,,,,,,2147510000000,617857000000,0.287,808.17,617857000000,,,,,39.00,,,,767907735,5802693,688098069,false,false,12,2021-01-01,2021-12-31,0
2022-01-28,3003,2020-12-31,,308012000000,-0.059,,,,,105409000000,0.215,106971000000,0.265,79339000000,,0.372,118.34,,,,,,1948197000000,476495000000,0.244,710.82,476495000000,,,,,36.00,,,,673907735,5941885,668023612,false,false,12,2020-01-01,2020-12-31,-1
2022-01-28,3003,2022-12-31,,,,,,,,123000000000,,115000000000,,,75000000000,,98.41,,,,,,,,,,,,,,,,0.406,,,,,,true,true,12,2022-01-01,2022-12-31,1
2022-01-28,3003,2022-12-31,,,,,,,,,,,,,,,,,,,,,,,,,,,,,,40.00,,,,,,,false,true,12,2022-01-01,2022-12-31,1
2022-04-27,3003,2022-12-31,1,106928000000,0.168,,,,,29019000000,0.310,28432000000,0.383,,18343000000,,24.07,24.04,,,,,2295328000000,638325000000,0.277,838.55,637910000000,,,,,,,,,,,,true,false,3,2022-01-01,2022-03-31,0
2022-04-27,3003,2021-12-31,1,91494000000,0.172,,,,,22146000000,0.052,20547000000,0.036,,12581000000,,18.83,,,,,,,,,,,,,,,,,,,,,,true,false,3,2021-01-01,2021-03-31,-1
2022-04-27,3003,2022-12-31,1,,,,,,,123000000000,0.074,115000000000,0.049,,75000000000,,98.54,,,,,,,,,,,,,,,,,,,,,,true,true,12,2022-01-01,2022-12-31,0
2022-04-27,3003,2021-12-31,1,,,,,,,,,,,,,,,,,,,,2207325000000,638332000000,0.288,836.89,637799000000,,,,,,,,,,,,true,false,12,2021-01-01,2021-12-31,-1
2022-04-27,3003,2021-12-31,1,,,,,,,,,,,,,,,,,,,,,,,,,,,,,39.00,,,,767907735,5802693,,false,false,12,2021-01-01,2021-12-31,-1
2022-04-27,3003,2022-12-31,1,,,,,,,,,,,,,,,,,,,,,,,,,,,,,40.00,,,,,,,false,true,12,2022-01-01,2022-12-31,0
2022-04-27,3003,2022-12-31,1,,,,,,,,,,,,,,,,,,,,,,,,,,,,,,,,,767907735,7186101,762059585,false,false,3,2022-01-01,2022-03-31,0
2022-04-27,3003,2021-12-31,1,,,,,,,,,,,,,,,,,,,,,,,,,,,,,,,,,,,667965365,false,false,3,2021-01-01,2021-03-31,-1
2022-07-28,3003,2022-12-31,2,247429000000,0.124,,,,,57065000000,-0.027,57499000000,0.016,,36999000000,,48.59,48.56,,,,,2316871000000,658455000000,0.284,865.02,658043000000,,,,,,,,,,,,true,false,6,2022-01-01,2022-06-30,0
2022-07-28,3003,2021-12-31,2,220067000000,0.373,,,,,58691000000,0.251,56568000000,0.249,,35943000000,,53.80,,,,,,,,,,,,,,,,,,,,,,true,false,6,2021-01-01,2021-06-30,-1
2022-07-28,3003,2022-12-31,2,,,,,,,123000000000,0.074,115000000000,0.049,,75000000000,,98.54,,,,,,,,,,,,,,,,,,,,,,true,true,12,2022-01-01,2022-12-31,0
2022-07-28,3003,2021-12-31,2,,,,,,,,,,,,,,,,,,,,2207325000000,638332000000,0.288,836.89,637799000000,,,,,,,,,,,,true,false,12,2021-01-01,2021-12-31,-1
2022-07-28,3003,2021-12-31,2,,,,,,,,,,,,,,,,,,,,,,,,,,,,,39.00,,,,767907735,5802693,,false,false,12,2021-01-01,2021-12-31,-1
2022-07-28,3003,2022-12-31,2,,,,,,,,,,,,,,,,,,,,,,,,,,,,,20.00,,,,,,,false,false,12,2022-01-01,2022-12-31,0
2022-07-28,3003,2022-12-31,2,,,,,,,,,,,,,,,,,,,,,,,,,,,,,40.00,,,,,,,false,true,12,2022-01-01,2022-12-31,0
2022-07-28,3003,2022-12-31,2,,,,,,,,,,,,,,,,,,,,,,,,,,,,,,,,,767907735,7186150,761386901,false,false,6,2022-01-01,2022-06-30,0
2022-07-28,3003,2021-12-31,2,,,,,,,,,,,,,,,,,,,,,,,,,,,,,,,,,,,668027083,false,false,6,2021-01-01,2021-06-30,-1
2022-10-28,3003,2022-12-31,3,399208000000,0.503,,,,,77257000000,0.109,76078000000,0.165,,48667000000,,63.93,63.90,,,,,2291237000000,656240000000,0.286,862.08,655824000000,,,,,,,,,,,,true,false,9,2022-01-01,2022-09-30,0
2022-10-28,3003,2021-12-31,3,265449000000,0.424,,,,,69628000000,0.285,65288000000,0.302,,40465000000,,60.57,,,,,,,,,,,,,,,,,,,,,,true,false,9,2021-01-01,2021-09-30,-1
2022-10-28,3003,2022-12-31,3,530000000000,0.185,,,,,124000000000,0.082,120000000000,0.095,,78500000000,,103.14,,,,,,,,,,,,,,,,,,,,,,true,true,12,2022-01-01,2022-12-31,0
2022-10-28,3003,2021-12-31,3,,,,,,,,,,,,,,,,,,,,2207325000000,638332000000,0.288,836.89,637799000000,,,,,,,,,,,,true,false,12,2021-01-01,2021-12-31,-1
2022-10-28,3003,2021-12-31,3,,,,,,,,,,,,,,,,,,,,,,,,,,,,,39.00,,,,767907735,5802693,,false,false,12,2021-01-01,2021-12-31,-1
2022-10-28,3003,2022-12-31,3,,,,,,,,,,,,,,,,,,,,,,,,,,,,,20.00,,,,,,,false,false,12,2022-01-01,2022-12-31,0
2022-10-28,3003,2022-12-31,3,,,,,,,,,,,,,,,,,,,,,,,,,,,,,42.00,,,,,,,false,true,12,2022-01-01,2022-12-31,0
2022-10-28,3003,2022-12-31,3,,,,,,,,,,,,,,,,,,,,,,,,,,,,,,,,,767907735,7164149,761168199,false,false,9,2022-01-01,2022-09-30,0
2022-10-28,3003,2021-12-31,3,,,,,,,,,,,,,,,,,,,,,,,,,,,,,,,,,,,668060792,false,false,9,2021-01-01,2021-09-30,-1
2023-01-30,3003,2022-12-31,,523424000000,0.170,,,,,126147000000,0.101,123222000000,0.124,,79150000000,,104.00,103.96,0.119,0.054,0.241,,2320337000000,687153000000,0.295,902.70,686728000000,266108000000,-345335000000,11441000000,138300000000,,0.403,,,,,,true,false,12,2022-01-01,2022-12-31,0
2023-01-30,3003,2021-12-31,,447077000000,0.316,,,,,114507000000,0.138,109581000000,0.145,,69564000000,,101.09,,0.123,0.051,0.256,,2207325000000,638332000000,0.288,836.89,637799000000,291736000000,-286943000000,106588000000,206086000000,,0.385,,,,,,true,false,12,2021-01-01,2021-12-31,-1
2023-01-30,3003,2022-12-31,,484643000000,0.213,,,,,119823000000,0.036,113676000000,0.024,78394000000,,0.028,102.68,,,,,,2261488000000,666838000000,0.294,873.80,666838000000,,,,,42.00,,,,767907735,7164236,761061166,false,false,12,2022-01-01,2022-12-31,0
2023-01-30,3003,2021-12-31,,399525000000,0.297,,,,,115637000000,0.097,110965000000,0.037,76224000000,,-0.039,110.39,,,,,,2147510000000,617857000000,0.287,808.17,617857000000,,,,,39.00,,,,767907735,5802693,688098069,false,false,12,2021-01-01,2021-12-31,-1
2023-01-30,3003,2023-12-31,,,,,,,,140000000000,0.109,132000000000,0.071,,86500000000,,113.70,,,,,,,,,,,,,,,,0.404,,,,,,true,true,12,2023-01-01,2023-12-31,1
2023-01-30,3003,2023-12-31,,,,,,,,,,,,,,,,,,,,,,,,,,,,,,46.00,,,,,,,false,true,12,2023-01-01,2023-12-31,1
2023-04-27,3003,2023-12-31,1,112561000000,0.052,,,,,34190000000,0.178,31772000000,0.117,,22009000000,,28.93,28.89,,,,,2373262000000,692684000000,0.291,909.33,691769000000,,,,,,,,,,,,true,false,3,2023-01-01,2023-03-31,0
2023-04-27,3003,2022-12-31,1,106928000000,0.168,,,,,29019000000,0.310,28432000000,0.383,,18343000000,,24.07,24.04,,,,,,,,,,,,,,,,,,,,,true,false,3,2022-01-01,2022-03-31,-1
2023-04-27,3003,2023-12-31,1,,,,,,,140000000000,0.109,132000000000,0.071,,86500000000,,113.70,,,,,,,,,,,,,,,,,,,,,,true,true,12,2023-01-01,2023-12-31,0
2023-04-27,3003,2022-12-31,1,,,,,,,,,,,,,,,,,,,,2320337000000,687153000000,0.295,902.70,686728000000,,,,,,,,,,,,true,false,12,2022-01-01,2022-12-31,-1
2023-04-27,3003,2022-12-31,1,,,,,,,,,,,,,,,,,,,,,,,,,,,,,42.00,,,,767907735,7164236,,false,false,12,2022-01-01,2022-12-31,-1
2023-04-27,3003,2023-12-31,1,,,,,,,,,,,,,,,,,,,,,,,,,,,,,46.00,,,,,,,false,true,12,2023-01-01,2023-12-31,0
2023-04-27,3003,2023-12-31,1,,,,,,,,,,,,,,,,,,,,,,,,,,,,,,,,,767907735,7164492,760743356,false,false,3,2023-01-01,2023-03-31,0
2023-04-27,3003,2022-12-31,1,,,,,,,,,,,,,,,,,,,,,,,,,,,,,,,,,,,762059585,false,false,3,2022-01-01,2022-03-31,-1
2023-07-28,3003,2023-12-31,2,183950000000,-0.256,,,,,66650000000,0.167,62200000000,0.081,,44117000000,,57.98,57.95,,,,,2467605000000,729777000000,0.295,957.42,728543000000,,,,,,,,,,,,true,false,6,2023-01-01,2023-06-30,0
2023-07-28,3003,2022-12-31,2,247429000000,0.124,,,,,57065000000,-0.027,57499000000,0.016,,36999000000,,48.59,48.56,,,,,,,,,,,,,,,,,,,,,true,false,6,2022-01-01,2022-06-30,-1
2023-07-28,3003,2023-12-31,2,,,,,,,140000000000,0.109,132000000000,0.071,,86500000000,,113.68,,,,,,,,,,,,,,,,,,,,,,true,true,12,2023-01-01,2023-12-31,0
2023-07-28,3003,2022-12-31,2,,,,,,,,,,,,,,,,,,,,2320337000000,687153000000,0.295,902.70,686728000000,,,,,,,,,,,,true,false,12,2022-01-01,2022-12-31,-1
2023-07-28,3003,2022-12-31,2,,,,,,,,,,,,,,,,,,,,,,,,,,,,,42.00,,,,767907735,7164236,,false,false,12,2022-01-01,2022-12-31,-1
2023-07-28,3003,2023-12-31,2,,,,,,,,,,,,,,,,,,,,,,,,,,,,,23.00,,,,,,,false,false,12,2023-01-01,2023-12-31,0
2023-07-28,3003,2023-12-31,2,,,,,,,,,,,,,,,,,,,,,,,,,,,,,46.00,,,,,,,false,true,12,2023-01-01,2023-12-31,0
2023-07-28,3003,2023-12-31,2,,,,,,,,,,,,,,,,,,,,,,,,,,,,,,,,,767907735,6965681,760816917,false,false,6,2023-01-01,2023-06-30,0
2023-07-28,3003,2022-12-31,2,,,,,,,,,,,,,,,,,,,,,,,,,,,,,,,,,,,761386901,false,false,6,2022-01-01,2022-06-30,-1
2023-10-27,3003,2023-12-31,3,278529000000,-0.302,,,,,90950000000,0.177,83588000000,0.098,,58697000000,,77.14,77.11,,,,,2530800000000,734290000000,0.288,960.28,730723000000,,,,,,,,,,,,true,false,9,2023-01-01,2023-09-30,0
2023-10-27,3003,2022-12-31,3,399208000000,0.503,,,,,77257000000,0.109,76078000000,0.165,,48667000000,,63.93,63.90,,,,,,,,,,,,,,,,,,,,,true,false,9,2022-01-01,2022-09-30,-1
2023-10-27,3003,2023-12-31,3,470000000000,-0.102,,,,,143000000000,0.133,134000000000,0.087,,90000000000,,118.28,,,,,,,,,,,,,,,,,,,,,,true,true,12,2023-01-01,2023-12-31,0
2023-10-27,3003,2022-12-31,3,,,,,,,,,,,,,,,,,,,,2320337000000,687153000000,0.295,902.70,686728000000,,,,,,,,,,,,true,false,12,2022-01-01,2022-12-31,-1
2023-10-27,3003,2022-12-31,3,,,,,,,,,,,,,,,,,,,,,,,,,,,,,42.00,,,,767907735,7164236,,false,false,12,2022-01-01,2022-12-31,-1
2023-10-27,3003,2023-12-31,3,,,,,,,,,,,,,,,,,,,,,,,,,,,,,23.00,,,,,,,false,false,12,2023-01-01,2023-12-31,0
2023-10-27,3003,2023-12-31,3,,,,,,,,,,,,,,,,,,,,,,,,,,,,,48.00,,,,,,,false,true,12,2023-01-01,2023-12-31,0
2023-10-27,3003,2023-12-31,3,,,,,,,,,,,,,,,,,,,,,,,,,,,,,,,,,767907735,6965752,760859073,false,false,9,2023-01-01,2023-09-30,0
2023-10-27,3003,2022-12-31,3,,,,,,,,,,,,,,,,,,,,,,,,,,,,,,,,,,,761168199,false,false,9,2022-01-01,2022-09-30,-1
2024-01-30,3003,2023-12-31,,446383000000,-0.147,,,,,146178000000,0.158,137437000000,0.115,,94625000000,,124.36,124.32,0.130,0.057,0.327,,2480472000000,769300000000,0.308,1006.19,765656000000,270819000000,-298330000000,-28024000000,82763000000,,0.402,,,,,,true,false,12,2023-01-01,2023-12-31,0
2024-01-30,3003,2022-12-31,,523424000000,0.170,,,,,126147000000,0.101,123222000000,0.124,,79150000000,,104.00,103.96,0.119,0.054,0.241,,2320337000000,687153000000,0.295,902.70,686728000000,266108000000,-345335000000,11441000000,138300000000,,0.403,,,,,,true,false,12,2022-01-01,2022-12-31,-1
2024-01-30,3003,2023-12-31,,396464000000,-0.181,,,,,136227000000,0.136,133452000000,0.173,91594000000,,0.168,120.00,,,,,,2395490000000,742475000000,0.309,972.66,742475000000,,,,,50.00,,,,767907735,6966030,760879930,false,false,12,2023-01-01,2023-12-31,0
2024-01-30,3003,2022-12-31,,484643000000,0.213,,,,,119823000000,0.036,113676000000,0.024,78394000000,,0.028,102.68,,,,,,2261488000000,666838000000,0.294,873.80,666838000000,,,,,42.00,,,,767907735,7164236,761061166,false,false,12,2022-01-01,2022-12-31,-1
2024-01-30,3003,2024-12-31,,,,,,,,153000000000,0.046,144000000000,0.047,,98000000000,,128.78,,,,,,,,,,,,,,,,0.403,,,,,,true,true,12,2024-01-01,2024-12-31,1
2024-01-30,3003,2024-12-31,,,,,,,,,,,,,,,,,,,,,,,,,,,,,,52.00,,,,,,,false,true,12,2024-01-01,2024-12-31,1
2024-04-25,3003,2024-12-31,1,107593000000,-0.044,,,,,23728000000,-0.305,21241000000,-0.331,,15858000000,,20.84,20.80,,,,,2666929000000,776721000000,0.289,1014.19,771742000000,,,,,,,,,,,,true,false,3,2024-01-01,2024-03-31,0
2024-04-25,3003,2023-12-31,1,112561000000,0.052,,,,,34190000000,0.178,31772000000,0.117,,22009000000,,28.93,28.89,,,,,,,,,,,,,,,,,,,,,true,false,3,2023-01-01,2023-03-31,-1
2024-04-25,3003,2024-12-31,1,,,,,,,153000000000,0.046,144000000000,0.047,,98000000000,,128.78,,,,,,,,,,,,,,,,,,,,,,true,true,12,2024-01-01,2024-12-31,0
2024-04-25,3003,2023-12-31,1,,,,,,,,,,,,,,,,,,,,2480472000000,769300000000,0.308,1006.19,765656000000,,,,,,,,,,,,true,false,12,2023-01-01,2023-12-31,-1
2024-04-25,3003,2023-12-31,1,,,,,,,,,,,,,,,,,,,,,,,,,,,,,50.00,,,,767907735,6966030,,false,false,12,2023-01-01,2023-12-31,-1
2024-04-25,3003,2024-12-31,1,,,,,,,,,,,,,,,,,,,,,,,,,,,,,52.00,,,,,,,false,true,12,2024-01-01,2024-12-31,0
2024-04-25,3003,2024-12-31,1,,,,,,,,,,,,,,,,,,,,,,,,,,,,,,,,,767907735,6966109,760941645,false,false,3,2024-01-01,2024-03-31,0
2024-04-25,3003,2023-12-31,1,,,,,,,,,,,,,,,,,,,,,,,,,,,,,,,,,,,760743356,false,false,3,2023-01-01,2023-03-31,-1
2024-07-26,3003,2024-12-31,2,204852000000,0.113,,,,,68923000000,0.034,64856000000,0.042,,44130000000,,57.98,57.98,,,,,2815565000000,816344000000,0.283,1047.49,797480000000,,,,,,,,,,,,true,false,6,2024-01-01,2024-06-30,0
2024-07-26,3003,2023-12-31,2,183950000000,-0.256,,,,,66650000000,0.167,62200000000,0.081,,44117000000,,57.98,57.95,,,,,,,,,,,,,,,,,,,,,true,false,6,2023-01-01,2023-06-30,-1
2024-07-26,3003,2024-12-31,2,,,,,,,153000000000,0.046,144000000000,0.047,,98000000000,,128.74,,,,,,,,,,,,,,,,,,,,,,true,true,12,2024-01-01,2024-12-31,0
2024-07-26,3003,2023-12-31,2,,,,,,,,,,,,,,,,,,,,2480472000000,769300000000,0.308,1006.19,765656000000,,,,,,,,,,,,true,false,12,2023-01-01,2023-12-31,-1
2024-07-26,3003,2023-12-31,2,,,,,,,,,,,,,,,,,,,,,,,,,,,,,50.00,,,,767907735,6966030,,false,false,12,2023-01-01,2023-12-31,-1
2024-07-26,3003,2024-12-31,2,,,,,,,,,,,,,,,,,,,,,,,,,,,,,26.00,,,,,,,false,false,12,2024-01-01,2024-12-31,0
2024-07-26,3003,2024-12-31,2,,,,,,,,,,,,,,,,,,,,,,,,,,,,,52.00,,,,,,,false,true,12,2024-01-01,2024-12-31,0
2024-07-26,3003,2024-12-31,2,,,,,,,,,,,,,,,,,,,,,,,,,,,,,,,,,767907735,6584534,761077871,false,false,6,2024-01-01,2024-06-30,0
2024-07-26,3003,2023-12-31,2,,,,,,,,,,,,,,,,,,,,,,,,,,,,,,,,,,,760816917,false,false,6,2023-01-01,2023-06-30,-1
2024-10-28,3003,2024-12-31,3,314985000000,0.130,,,,,88810000000,-0.023,81641000000,-0.023,,54596000000,,71.72,71.72,,,,,2834350000000,799408000000,0.275,1024.67,780357000000,,,,,,,,,,,,true,false,9,2024-01-01,2024-09-30,0
2024-10-28,3003,2023-12-31,3,278529000000,-0.302,,,,,90950000000,0.177,83588000000,0.098,,58697000000,,77.14,77.11,,,,,,,,,,,,,,,,,,,,,true,false,9,2023-01-01,2023-09-30,-1
2024-10-28,3003,2024-12-31,3,590000000000,0.321,,,,,157000000000,0.074,150000000000,0.091,,98500000000,,129.38,,,,,,,,,,,,,,,,,,,,,,true,true,12,2024-01-01,2024-12-31,0
2024-10-28,3003,2023-12-31,3,,,,,,,,,,,,,,,,,,,,2480472000000,769300000000,0.308,1006.19,765656000000,,,,,,,,,,,,true,false,12,2023-01-01,2023-12-31,-1
2024-10-28,3003,2023-12-31,3,,,,,,,,,,,,,,,,,,,,,,,,,,,,,50.00,,,,767907735,6966030,,false,false,12,2023-01-01,2023-12-31,-1
2024-10-28,3003,2024-12-31,3,,,,,,,,,,,,,,,,,,,,,,,,,,,,,26.00,,,,,,,false,false,12,2024-01-01,2024-12-31,0
2024-10-28,3003,2024-12-31,3,,,,,,,,,,,,,,,,,,,,,,,,,,,,,54.00,,,,,,,false,true,12,2024-01-01,2024-12-31,0
2024-10-28,3003,2024-12-31,3,,,,,,,,,,,,,,,,,,,,,,,,,,,,,,,,,767907735,6339428,761221071,false,false,9,2024-01-01,2024-09-30,0
2024-10-28,3003,2023-12-31,3,,,,,,,,,,,,,,,,,,,,,,,,,,,,,,,,,,,760859073,false,false,9,2023-01-01,2023-09-30,-1
2024-11-27,3003,2024-12-31,3,314985000000,0.130,,,,,88810000000,-0.023,81641000000,-0.023,,54596000000,,71.72,71.72,,,,,2834350000000,799408000000,0.275,1024.67,780357000000,,,,,,,,,,,,true,false,9,2024-01-01,2024-09-30,0
2024-11-27,3003,2023-12-31,3,278529000000,-0.302,,,,,90950000000,0.177,83588000000,0.098,,58697000000,,77.14,77.11,,,,,,,,,,,,,,,,,,,,,true,false,9,2023-01-01,2023-09-30,-1
2024-11-27,3003,2024-12-31,3,590000000000,0.321,,,,,157000000000,0.074,150000000000,0.091,,98500000000,,129.38,,,,,,,,,,,,,,,,,,,,,,true,true,12,2024-01-01,2024-12-31,0
2024-11-27,3003,2023-12-31,3,,,,,,,,,,,,,,,,,,,,2480472000000,769300000000,0.308,1006.19,765656000000,,,,,,,,,,,,true,false,12,2023-01-01,2023-12-31,-1
2024-11-27,3003,2023-12-31,3,,,,,,,,,,,,,,,,,,,,,,,,,,,,,50.00,,,,767907735,6966030,,false,false,12,2023-01-01,2023-12-31,-1
2024-11-27,3003,2024-12-31,3,,,,,,,,,,,,,,,,,,,,,,,,,,,,,26.00,,,,,,,false,false,12,2024-01-01,2024-12-31,0
2024-11-27,3003,2024-12-31,3,,,,,,,,,,,,,,,,,,,,,,,,,,,,,54.00,,,,,,,false,true,12,2024-01-01,2024-12-31,0
2024-11-27,3003,2024-12-31,3,,,,,,,,,,,,,,,,,,,,,,,,,,,,,,,,,767907735,6339428,761221071,false,false,9,2024-01-01,2024-09-30,0
2024-11-27,3003,2023-12-31,3,,,,,,,,,,,,,,,,,,,,,,,,,,,,,,,,,,,760859073,false,false,9,2023-01-01,2023-09-30,-1
2025-01-30,3003,2024-12-31,,591615000000,0.325,,,,,163360000000,0.117,154329000000,0.122,,102341000000,,134.42,134.42,0.128,0.055,0.276,,3048935000000,856344000000,0.273,1093.78,832991000000,353388000000,-602020000000,300589000000,134326000000,,0.401,,,,,,true,false,12,2024-01-01,2024-12-31,0
2025-01-30,3003,2023-12-31,,446383000000,-0.147,,,,,146178000000,0.158,137437000000,0.115,,94625000000,,124.36,124.32,0.130,0.057,0.327,,2480472000000,769300000000,0.308,1006.19,765656000000,270819000000,-298330000000,-28024000000,82763000000,,0.402,,,,,,true,false,12,2023-01-01,2023-12-31,-1
2025-01-30,3003,2024-12-31,,513479000000,0.295,,,,,153358000000,0.125,150617000000,0.128,104560000000,,0.141,136.91,,,,,,2834702000000,813404000000,0.286,1064.73,813404000000,,,,,54.00,,,,767907735,6339456,761308352,false,false,12,2024-01-01,2024-12-31,0
2025-01-30,3003,2023-12-31,,396464000000,-0.181,,,,,136227000000,0.136,133452000000,0.173,91594000000,,0.168,120.00,,,,,,2395490000000,742475000000,0.309,972.66,742475000000,,,,,50.00,,,,767907735,6966030,760879930,false,false,12,2023-01-01,2023-12-31,-1
2025-01-30,3003,2025-12-31,,,,,,,,178000000000,0.089,164000000000,0.062,,108000000000,,141.81,,,,,,,,,,,,,,,,0.401,,,,,,true,true,12,2025-01-01,2025-12-31,1
2025-01-30,3003,2025-12-31,,,,,,,,,,,,,,,,,,,,,,,,,,,,,,57.00,,,,,,,false,true,12,2025-01-01,2025-12-31,1
2025-04-25,3003,2025-12-31,1,156644000000,0.455,,,,,31816000000,0.340,28010000000,0.318,,17175000000,,22.57,22.57,,,,,3250468000000,852028000000,0.254,1090.18,827797000000,,,,,,,,,,,,true,false,3,2025-01-01,2025-03-31,0
2025-04-25,3003,2024-12-31,1,107593000000,-0.044,,,,,23728000000,-0.305,21241000000,-0.331,,15858000000,,20.84,20.80,,,,,,,,,,,,,,,,,,,,,true,false,3,2024-01-01,2024-03-31,-1
2025-04-25,3003,2025-12-31,1,,,,,,,178000000000,0.089,164000000000,0.062,,108000000000,,142.16,,,,,,,,,,,,,,,,,,,,,,true,true,12,2025-01-01,2025-12-31,0
2025-04-25,3003,2024-12-31,1,,,,,,,,,,,,,,,,,,,,3048935000000,856344000000,0.273,1093.78,832991000000,,,,,,,,,,,,true,false,12,2024-01-01,2024-12-31,-1
2025-04-25,3003,2024-12-31,1,,,,,,,,,,,,,,,,,,,,,,,,,,,,,54.00,,,,767907735,6339456,,false,false,12,2024-01-01,2024-12-31,-1
2025-04-25,3003,2025-12-31,1,,,,,,,,,,,,,,,,,,,,,,,,,,,,,57.00,,,,,,,false,true,12,2025-01-01,2025-12-31,0
2025-04-25,3003,2025-12-31,1,,,,,,,,,,,,,,,,,,,,,,,,,,,,,,,,,767907735,8587739,760703346,false,false,3,2025-01-01,2025-03-31,0
2025-04-25,3003,2024-12-31,1,,,,,,,,,,,,,,,,,,,,,,,,,,,,,,,,,,,760941645,false,false,3,2024-01-01,2024-03-31,-1
2025-07-28,3003,2025-12-31,2,300081000000,0.464,,,,,75055000000,0.088,66547000000,0.026,,44893000000,,59.06,,,,,,3424321000000,867691000000,0.247,1117.07,848219000000,,,,,,,,,,,,true,false,6,2025-01-01,2025-06-30,0
2025-07-28,3003,2024-12-31,2,204852000000,0.113,,,,,68923000000,0.034,64856000000,0.042,,44130000000,,57.98,57.98,,,,,,,,,,,,,,,,,,,,,true,false,6,2024-01-01,2024-06-30,-1
2025-07-28,3003,2025-12-31,2,,,,,,,178000000000,0.089,164000000000,0.062,,108000000000,,142.16,,,,,,,,,,,,,,,,,,,,,,true,true,12,2025-01-01,2025-12-31,0
2025-07-28,3003,2024-12-31,2,,,,,,,,,,,,,,,,,,,,3048935000000,856344000000,0.273,1093.78,832991000000,,,,,,,,,,,,true,false,12,2024-01-01,2024-12-31,-1
2025-07-28,3003,2024-12-31,2,,,,,,,,,,,,,,,,,,,,,,,,,,,,,54.00,,,,767907735,6339456,,false,false,12,2024-01-01,2024-12-31,-1
2025-07-28,3003,2025-12-31,2,,,,,,,,,,,,,,,,,,,,,,,,,,,,,28.50,,,,,,,false,false,12,2025-01-01,2025-12-31,0
2025-07-28,3003,2025-12-31,2,,,,,,,,,,,,,,,,,,,,,,,,,,,,,57.00,,,,,,,false,true,12,2025-01-01,2025-12-31,0
2025-07-28,3003,2025-12-31,2,,,,,,,,,,,,,,,,,,,,,,,,,,,,,,,,,767907735,8587856,760007814,false,false,6,2025-01-01,2025-06-30,0
2025-07-28,3003,2024-12-31,2,,,,,,,,,,,,,,,,,,,,,,,,,,,,,,,,,,,761077871,false,false,6,2024-01-01,2024-06-30,-1
