filing_date,code,fiscal_year_end,quarterly_period,net_sales,net_sales_change,revenue,revenue_change,operating_revenue,operating_revenue_change,operating_profit,operating_profit_change,ordinary_profit,ordinary_profit_change,net_income,net_income_of_parent,net_income_change,eps,diluted_eps,roe,roa,operating_profit_to_net_sales,operating_profit_to_revenue,total_assets,net_assets,equity_ratio,bps,owner_equity,operating_cash_flow,investing_cash_flow,financing_cash_flow,cash,dividend_per_share,payout_ratio,commemorative_dividend,extra_dividend,number_of_shares,number_of_treqsury_shares,avg_number_of_shares,is_consolidated,is_forecast,duration,period_start,period_end,period_pos
2015-05-13,30040,2015-03-31,,43929000000,0.004,,,,,539000000,0.082,454000000,0.612,323000000,,-0.149,8.58,,0.080,0.019,0.012,,24009000000,4501000000,0.187,119.46,4501000000,-781000000,59000000,451000000,1443000000,,0.350,,,,,,true,false,12,2014-04-01,2015-03-31,0
2015-05-13,30040,2014-03-31,,43764000000,-0.064,,,,,498000000,,281000000,,379000000,,,10.08,,0.117,0.012,0.011,,23006000000,3558000000,0.155,94.43,3558000000,461000000,445000000,-1443000000,1661000000,,,,,,,,true,false,12,2013-04-01,2014-03-31,-1
2015-05-13,30040,2016-03-31,,21700000000,0.010,,,,,220000000,-0.356,150000000,-0.410,,60000000,,1.59,,,,,,,,,,,,,,,,,,,,,,true,true,6,2015-04-01,2015-09-30,1
2015-05-13,30040,2016-03-31,,45000000000,0.024,,,,,620000000,0.148,450000000,-0.010,,250000000,,6.63,,,,,,,,,,,,,,,,0.452,,,,,,true,true,12,2015-04-01,2016-03-31,1
2015-05-13,30040,2015-03-31,,32705000000,-0.009,,,,,243000000,0.128,544000000,0.110,221000000,,-0.270,5.89,,,,,,23560000000,4359000000,0.185,115.70,4359000000,,,,,3.00,,,,39600000,1920567,37679706,false,false,12,2014-04-01,2015-03-31,0
2015-05-13,30040,2014-03-31,,33016000000,-0.088,,,,,215000000,,490000000,-0.224,303000000,,,8.06,,,,,,22964000000,3592000000,0.156,95.34,3592000000,,,,,0.00,,,,39600000,1919585,37681382,false,false,12,2013-04-01,2014-03-31,-1
2015-05-13,30040,2016-03-31,,,,,,,,,,,,,,,,,,,,,,,,,,,,,,3.00,,,,,,,false,true,12,2015-04-01,2016-03-31,1
2015-07-31,30040,2016-03-31,1,10489000000,-0.024,,,,,67000000,-0.740,101000000,-0.529,,114000000,,3.04,,,,,,25812000000,4688000000,0.182,,4688000000,,,,,,,,,,,,true,false,3,2015-04-01,2015-06-30,0
2015-07-31,30040,2015-03-31,1,10747000000,0.007,,,,,260000000,3.519,216000000,3.109,,194000000,,5.15,,,,,,,,,,,,,,,,,,,,,,true,false,3,2014-04-01,2014-06-30,-1
2015-07-31,30040,2016-03-31,1,21700000000,0.010,,,,,220000000,-0.356,150000000,-0.410,,60000000,,1.59,,,,,,,,,,,,,,,,,,,,,,true,true,6,2015-04-01,2015-09-30,0
2015-07-31,30040,2016-03-31,1,45000000000,0.024,,,,,620000000,0.148,450000000,-0.010,,250000000,,6.63,,,,,,,,,,,,,,,,,,,,,,true,true,12,2015-04-01,2016-03-31,0
2015-07-31,30040,2015-03-31,1,,,,,,,,,,,,,,,,,,,,24009000000,4501000000,0.187,,4501000000,,,,,,,,,,,,true,false,12,2014-04-01,2015-03-31,-1
2015-07-31,30040,2015-03-31,1,,,,,,,,,,,,,,,,,,,,,,,,,,,,,3.00,,,,39600000,1920567,,false,false,12,2014-04-01,2015-03-31,-1
2015-07-31,30040,2016-03-31,1,,,,,,,,,,,,,,,,,,,,,,,,,,,,,3.00,,,,,,,false,true,12,2015-04-01,2016-03-31,0
2015-07-31,30040,2016-03-31,1,,,,,,,,,,,,,,,,,,,,,,,,,,,,,,,,,39600000,1921256,37679187,false,false,3,2015-04-01,2015-06-30,0
2015-07-31,30040,2015-03-31,1,,,,,,,,,,,,,,,,,,,,,,,,,,,,,,,,,,,37680138,false,false,3,2014-04-01,2014-06-30,-1
2015-10-20,30040,2016-03-31,,21034000000,-0.031,,,,,130000000,-0.408,107000000,-0.284,,19000000,,0.52,,,,,,,,,,,,,,,,,,,,,,true,true,6,2015-04-01,2015-09-30,0
2015-10-20,30040,2015-03-31,,21491000000,,,,,,341000000,,254000000,,,148000000,,3.95,,,,,,,,,,,,,,,,,,,,,,true,false,6,2014-04-01,2014-09-30,-1
2015-10-30,30040,2016-03-31,2,21034000000,-0.021,,,,,130000000,-0.619,107000000,-0.577,,19000000,,0.52,,,,,,25376000000,4149000000,0.163,,4145000000,,,,,,,,,,,,true,false,6,2015-04-01,2015-09-30,0
2015-10-30,30040,2015-03-31,2,21491000000,0.016,,,,,341000000,2.031,254000000,,,148000000,,3.95,,,,,,,,,,,,,,,,,,,,,,true,false,6,2014-04-01,2014-09-30,-1
2015-10-30,30040,2016-03-31,2,45000000000,0.024,,,,,620000000,0.148,450000000,-0.010,,250000000,,6.63,,,,,,,,,,,,,,,,,,,,,,true,true,12,2015-04-01,2016-03-31,0
2015-10-30,30040,2015-03-31,2,,,,,,,,,,,,,,,,,,,,24009000000,4501000000,0.187,,4501000000,,,,,,,,,,,,true,false,12,2014-04-01,2015-03-31,-1
2015-10-30,30040,2015-03-31,2,,,,,,,,,,,,,,,,,,,,,,,,,,,,,3.00,,,,39600000,1920567,,false,false,12,2014-04-01,2015-03-31,-1
2015-10-30,30040,2016-03-31,2,,,,,,,,,,,,,,,,,,,,,,,,,,,,,3.00,,,,,,,false,true,12,2015-04-01,2016-03-31,0
2015-10-30,30040,2016-03-31,2,,,,,,,,,,,,,,,,,,,,,,,,,,,,,,,,,39600000,1921256,37678997,false,false,6,2015-04-01,2015-09-30,0
2015-10-30,30040,2015-03-31,2,,,,,,,,,,,,,,,,,,,,,,,,,,,,,,,,,,,37679912,false,false,6,2014-04-01,2014-09-30,-1
2016-01-29,30040,2016-03-31,3,32236000000,-0.028,,,,,268000000,-0.492,233000000,-0.530,,35000000,,0.95,,,,,,26595000000,4047000000,0.152,,4044000000,,,,,,,,,,,,true,false,9,2015-04-01,2015-12-31,0
2016-01-29,30040,2015-03-31,3,33173000000,0.027,,,,,527000000,0.664,497000000,1.399,,319000000,,8.49,,,,,,,,,,,,,,,,,,,,,,true,false,9,2014-04-01,2014-12-31,-1
2016-01-29,30040,2016-03-31,3,45000000000,0.024,,,,,620000000,0.148,450000000,-0.010,,250000000,,6.63,,,,,,,,,,,,,,,,,,,,,,true,true,12,2015-04-01,2016-03-31,0
2016-01-29,30040,2015-03-31,3,,,,,,,,,,,,,,,,,,,,24009000000,4501000000,0.187,,4501000000,,,,,,,,,,,,true,false,12,2014-04-01,2015-03-31,-1
2016-01-29,30040,2015-03-31,3,,,,,,,,,,,,,,,,,,,,,,,,,,,,,3.00,,,,39600000,1920567,,false,false,12,2014-04-01,2015-03-31,-1
2016-01-29,30040,2016-03-31,3,,,,,,,,,,,,,,,,,,,,,,,,,,,,,3.00,,,,,,,false,true,12,2015-04-01,2016-03-31,0
2016-01-29,30040,2016-03-31,3,,,,,,,,,,,,,,,,,,,,,,,,,,,,,,,,,39600000,1921780,37678817,false,false,9,2015-04-01,2015-12-31,0
2016-01-29,30040,2015-03-31,3,,,,,,,,,,,,,,,,,,,,,,,,,,,,,,,,,,,37679787,false,false,9,2014-04-01,2014-12-31,-1
2016-03-18,30040,2016-03-31,,42500000000,-0.056,,,,,380000000,-0.387,230000000,-0.489,,-340000000,,-9.02,,,,,,,,,,,,,,,,,,,,,,true,true,12,2015-04-01,2016-03-31,0
2016-03-18,30040,2015-03-31,,43929000000,,,,,,539000000,,454000000,,,323000000,,8.58,,,,,,,,,,,,,,,,,,,,,,true,false,12,2014-04-01,2015-03-31,-1
2016-03-18,30040,2016-03-31,,,,,,,,,,,,,,,,,,,,,,,,,,,,,,1.50,,,,,,,false,true,12,2015-04-01,2016-03-31,0
2016-03-18,30040,2015-03-31,,,,,,,,,,,,,,,,,,,,,,,,,,,,,,3.00,,,,,,,false,false,12,2014-04-01,2015-03-31,-1
2016-05-13,30040,2016-03-31,,42433000000,-0.034,,,,,440000000,-0.185,260000000,-0.426,,-299000000,,-7.95,,-0.078,0.011,0.010,,23456000000,3171000000,0.135,84.06,3167000000,78000000,-391000000,127000000,1215000000,,,,,,,,true,false,12,2015-04-01,2016-03-31,0
2016-05-13,30040,2015-03-31,,43929000000,0.004,,,,,539000000,0.082,454000000,0.612,,323000000,,8.58,,0.080,0.019,0.012,,24009000000,4501000000,0.187,119.46,4501000000,-781000000,59000000,451000000,1443000000,,0.350,,,,,,true,false,12,2014-04-01,2015-03-31,-1
2016-05-13,30040,2017-03-31,,23700000000,0.127,,,,,250000000,0.920,150000000,0.397,,100000000,,2.65,,,,,,,,,,,,,,,,,,,,,,true,true,6,2016-04-01,2016-09-30,1
2016-05-13,30040,2017-03-31,,46000000000,0.084,,,,,650000000,0.477,450000000,0.726,,250000000,,6.64,,,,,,,,,,,,,,,,0.452,,,,,,true,true,12,2016-04-01,2017-03-31,1
2016-05-13,30040,2016-03-31,,27431000000,-0.161,,,,,39000000,-0.837,334000000,-0.385,-241000000,,,-6.40,,,,,,23236000000,3293000000,0.142,87.42,3293000000,,,,,1.50,,,,39600000,1921780,37678679,false,false,12,2015-04-01,2016-03-31,0
2016-05-13,30040,2015-03-31,,32705000000,-0.009,,,,,243000000,0.128,544000000,0.110,221000000,,-0.270,5.89,,,,,,23560000000,4359000000,0.185,115.70,4359000000,,,,,3.00,,,,39600000,1920567,37679706,false,false,12,2014-04-01,2015-03-31,-1
2016-05-13,30040,2017-03-31,,,,,,,,,,,,,,,,,,,,,,,,,,,,,,3.00,,,,,,,false,true,12,2016-04-01,2017-03-31,1
2016-07-29,30040,2017-03-31,1,11052000000,0.054,,,,,129000000,0.914,55000000,-0.455,,-53000000,,-1.42,,,,,,23765000000,2850000000,0.120,,2846000000,,,,,,,,,,,,true,false,3,2016-04-01,2016-06-30,0
2016-07-29,30040,2016-03-31,1,10489000000,-0.024,,,,,67000000,-0.740,101000000,-0.529,,114000000,,3.04,,,,,,,,,,,,,,,,,,,,,,true,false,3,2015-04-01,2015-06-30,-1
2016-07-29,30040,2017-03-31,1,23700000000,0.127,,,,,250000000,0.920,150000000,0.397,,100000000,,2.65,,,,,,,,,,,,,,,,,,,,,,true,true,6,2016-04-01,2016-09-30,0
2016-07-29,30040,2017-03-31,1,46000000000,0.084,,,,,650000000,0.477,450000000,0.726,,250000000,,6.64,,,,,,,,,,,,,,,,,,,,,,true,true,12,2016-04-01,2017-03-31,0
2016-07-29,30040,2016-03-31,1,,,,,,,,,,,,,,,,,,,,23456000000,3171000000,0.135,,3167000000,,,,,,,,,,,,true,false,12,2015-04-01,2016-03-31,-1
2016-07-29,30040,2016-03-31,1,,,,,,,,,,,,,,,,,,,,,,,,,,,,,1.50,,,,39600000,1921780,,false,false,12,2015-04-01,2016-03-31,-1
2016-07-29,30040,2017-03-31,1,,,,,,,,,,,,,,,,,,,,,,,,,,,,,3.00,,,,,,,false,true,12,2016-04-01,2017-03-31,0
2016-07-29,30040,2017-03-31,1,,,,,,,,,,,,,,,,,,,,,,,,,,,,,,,,,39600000,1921830,37678183,false,false,3,2016-04-01,2016-06-30,0
2016-07-29,30040,2016-03-31,1,,,,,,,,,,,,,,,,,,,,,,,,,,,,,,,,,,,37679187,false,false,3,2015-04-01,2015-06-30,-1
2016-10-20,30040,2017-03-31,,23568000000,-0.005,,,,,399000000,0.597,240000000,0.602,,138000000,,3.67,,,,,,,,,,,,,,,,,,,,,,true,true,6,2016-04-01,2016-09-30,0
2016-10-20,30040,2016-03-31,,21034000000,,,,,,130000000,,107000000,,,19000000,,0.52,,,,,,,,,,,,,,,,,,,,,,true,false,6,2015-04-01,2015-09-30,-1
2016-10-31,30040,2017-03-31,2,23568000000,0.120,,,,,399000000,2.068,240000000,1.238,,138000000,,3.67,,,,,,23896000000,3144000000,0.131,,3141000000,,,,,,,,,,,,true,false,6,2016-04-01,2016-09-30,0
2016-10-31,30040,2016-03-31,2,21034000000,-0.021,,,,,130000000,-0.619,107000000,-0.577,,19000000,,0.52,,,,,,,,,,,,,,,,,,,,,,true,false,6,2015-04-01,2015-09-30,-1
2016-10-31,30040,2017-03-31,2,46000000000,0.084,,,,,650000000,0.477,450000000,0.726,,250000000,,6.64,,,,,,,,,,,,,,,,,,,,,,true,true,12,2016-04-01,2017-03-31,0
2016-10-31,30040,2016-03-31,2,,,,,,,,,,,,,,,,,,,,23456000000,3171000000,0.135,,3167000000,,,,,,,,,,,,true,false,12,2015-04-01,2016-03-31,-1
2016-10-31,30040,2016-03-31,2,,,,,,,,,,,,,,,,,,,,,,,,,,,,,1.50,,,,39600000,1921780,,false,false,12,2015-04-01,2016-03-31,-1
2016-10-31,30040,2017-03-31,2,,,,,,,,,,,,,,,,,,,,,,,,,,,,,3.00,,,,,,,false,true,12,2016-04-01,2017-03-31,0
2016-10-31,30040,2017-03-31,2,,,,,,,,,,,,,,,,,,,,,,,,,,,,,,,,,39600000,1922040,37678120,false,false,6,2016-04-01,2016-09-30,0
2016-10-31,30040,2016-03-31,2,,,,,,,,,,,,,,,,,,,,,,,,,,,,,,,,,,,37678997,false,false,6,2015-04-01,2015-09-30,-1
2016-12-20,30040,2017-03-31,,46000000000,0.000,,,,,1050000000,0.615,850000000,0.889,,400000000,,10.62,,,,,,,,,,,,,,,,,,,,,,true,true,12,2016-04-01,2017-03-31,0
2016-12-20,30040,2016-03-31,,42433000000,,,,,,440000000,,260000000,,,-299000000,,-7.95,,,,,,,,,,,,,,,,,,,,,,true,false,12,2015-04-01,2016-03-31,-1
2017-01-31,30040,2017-03-31,3,35268000000,0.094,,,,,883000000,2.295,786000000,2.366,,473000000,,12.56,,,,,,25257000000,4014000000,0.159,,4011000000,,,,,,,,,,,,true,false,9,2016-04-01,2016-12-31,0
2017-01-31,30040,2016-03-31,3,32236000000,-0.028,,,,,268000000,-0.492,233000000,-0.530,,35000000,,0.95,,,,,,,,,,,,,,,,,,,,,,true,false,9,2015-04-01,2015-12-31,-1
2017-01-31,30040,2017-03-31,3,46000000000,0.084,,,,,1050000000,1.386,850000000,2.260,,400000000,,10.62,,,,,,,,,,,,,,,,,,,,,,true,true,12,2016-04-01,2017-03-31,0
2017-01-31,30040,2016-03-31,3,,,,,,,,,,,,,,,,,,,,23456000000,3171000000,0.135,,3167000000,,,,,,,,,,,,true,false,12,2015-04-01,2016-03-31,-1
2017-01-31,30040,2016-03-31,3,,,,,,,,,,,,,,,,,,,,,,,,,,,,,1.50,,,,39600000,1921780,,false,false,12,2015-04-01,2016-03-31,-1
2017-01-31,30040,2017-03-31,3,,,,,,,,,,,,,,,,,,,,,,,,,,,,,3.00,,,,,,,false,true,12,2016-04-01,2017-03-31,0
2017-01-31,30040,2017-03-31,3,,,,,,,,,,,,,,,,,,,,,,,,,,,,,,,,,39600000,1922631,37677954,false,false,9,2016-04-01,2016-12-31,0
2017-01-31,30040,2016-03-31,3,,,,,,,,,,,,,,,,,,,,,,,,,,,,,,,,,,,37678817,false,false,9,2015-04-01,2015-12-31,-1
,30040,2017-03-31,,,,,,,,,,,,,,,,,,,,,,,,,,,,,,5.00,,,,,,,false,true,12,2016-04-01,2017-03-31,0
,30040,2016-03-31,,,,,,,,,,,,,,,,,,,,,,,,,,,,,,1.50,,,,,,,false,false,12,2015-04-01,2016-03-31,-1
2017-05-12,30040,2017-03-31,,46250000000,0.090,,,,,1054000000,1.396,876000000,2.361,,350000000,,9.31,,0.097,0.037,0.023,,24405000000,4076000000,0.167,108.10,4072000000,677000000,-78000000,-560000000,1229000000,,0.537,,,,,,true,false,12,2016-04-01,2017-03-31,0
2017-05-12,30040,2016-03-31,,42433000000,-0.034,,,,,440000000,-0.185,260000000,-0.426,,-299000000,,-7.95,,-0.078,0.011,0.010,,23456000000,3171000000,0.135,84.06,3167000000,78000000,-391000000,127000000,1215000000,,,,,,,,true,false,12,2015-04-01,2016-03-31,-1
2017-05-12,30040,2018-03-31,,22600000000,-0.041,,,,,410000000,0.027,300000000,0.248,,70000000,,1.86,,,,,,,,,,,,,,,,,,,,,,true,true,6,2017-04-01,2017-09-30,1
2017-05-12,30040,2018-03-31,,46000000000,-0.005,,,,,1030000000,-0.023,800000000,-0.087,,300000000,,7.96,,,,,,,,,,,,,,,,,,,,,,true,true,12,2017-04-01,2018-03-31,1
2017-05-12,30040,2017-03-31,,30492000000,0.112,,,,,507000000,,695000000,1.079,288000000,,,7.66,,,,,,24563000000,4088000000,0.166,108.53,4088000000,,,,,5.00,,,,39600000,1922771,37677808,false,false,12,2016-04-01,2017-03-31,0
2017-05-12,30040,2016-03-31,,27431000000,-0.161,,,,,39000000,-0.837,334000000,-0.385,-241000000,,,-6.40,,,,,,23236000000,3293000000,0.142,87.42,3293000000,,,,,1.50,,,,39600000,1921780,37678679,false,false,12,2015-04-01,2016-03-31,-1
2017-05-12,30040,2018-03-31,,,,,,,,,,,,,,,,,,,,,,,,,,,,,,3.00,,,,,,,false,true,12,2017-04-01,2018-03-31,1
2017-05-12,30040,2018-03-31,,,,,,,,,,,,,,,,,,,,,,,,,,,,,,5.00,,,,,,,false,true,12,2017-04-01,2018-03-31,1
2016-07-29,30040,2017-03-31,1,10824000000,0.032,,,,,110000000,0.634,36000000,-0.640,,-154000000,,-4.10,,,,,,23511000000,2645000000,0.112,,2640000000,,,,,,,,,,,,true,false,3,2016-04-01,2016-06-30,0
2016-07-29,30040,2016-03-31,1,10489000000,-0.024,,,,,67000000,-0.740,101000000,-0.529,,114000000,,3.04,,,,,,,,,,,,,,,,,,,,,,true,false,3,2015-04-01,2015-06-30,-1
2016-07-29,30040,2017-03-31,1,23700000000,0.127,,,,,250000000,0.920,150000000,0.397,,100000000,,2.65,,,,,,,,,,,,,,,,,,,,,,true,true,6,2016-04-01,2016-09-30,0
2016-07-29,30040,2017-03-31,1,46000000000,0.086,,,,,650000000,0.924,450000000,1.838,,250000000,,6.64,,,,,,,,,,,,,,,,,,,,,,true,true,12,2016-04-01,2017-03-31,0
2016-07-29,30040,2016-03-31,1,,,,,,,,,,,,,,,,,,,,23318000000,3051000000,0.131,,3047000000,,,,,,,,,,,,true,false,12,2015-04-01,2016-03-31,-1
2016-07-29,30040,2016-03-31,1,,,,,,,,,,,,,,,,,,,,,,,,,,,,,1.50,,,,39600000,1921780,,false,false,12,2015-04-01,2016-03-31,-1
2016-07-29,30040,2017-03-31,1,,,,,,,,,,,,,,,,,,,,,,,,,,,,,3.00,,,,,,,false,true,12,2016-04-01,2017-03-31,0
2016-07-29,30040,2017-03-31,1,,,,,,,,,,,,,,,,,,,,,,,,,,,,,,,,,39600000,1921830,37678183,false,false,3,2016-04-01,2016-06-30,0
2016-07-29,30040,2016-03-31,1,,,,,,,,,,,,,,,,,,,,,,,,,,,,,,,,,,,37679187,false,false,3,2015-04-01,2015-06-30,-1
2016-10-31,30040,2017-03-31,2,23287000000,0.107,,,,,374000000,1.873,214000000,1.002,,-4000000,,-0.12,,,,,,23643000000,2913000000,0.123,,2910000000,,,,,,,,,,,,true,false,6,2016-04-01,2016-09-30,0
2016-10-31,30040,2016-03-31,2,21034000000,-0.021,,,,,130000000,-0.619,107000000,-0.577,,19000000,,0.52,,,,,,,,,,,,,,,,,,,,,,true,false,6,2015-04-01,2015-09-30,-1
2016-10-31,30040,2017-03-31,2,46000000000,0.086,,,,,650000000,0.924,450000000,1.838,,250000000,,6.64,,,,,,,,,,,,,,,,,,,,,,true,true,12,2016-04-01,2017-03-31,0
2016-10-31,30040,2016-03-31,2,,,,,,,,,,,,,,,,,,,,23318000000,3051000000,0.131,,3047000000,,,,,,,,,,,,true,false,12,2015-04-01,2016-03-31,-1
2016-10-31,30040,2016-03-31,2,,,,,,,,,,,,,,,,,,,,,,,,,,,,,1.50,,,,39600000,1921780,,false,false,12,2015-04-01,2016-03-31,-1
2016-10-31,30040,2017-03-31,2,,,,,,,,,,,,,,,,,,,,,,,,,,,,,3.00,,,,,,,false,true,12,2016-04-01,2017-03-31,0
2016-10-31,30040,2017-03-31,2,,,,,,,,,,,,,,,,,,,,,,,,,,,,,,,,,39600000,1922040,37678120,false,false,6,2016-04-01,2016-09-30,0
2016-10-31,30040,2016-03-31,2,,,,,,,,,,,,,,,,,,,,,,,,,,,,,,,,,,,37678997,false,false,6,2015-04-01,2015-09-30,-1
2017-01-31,30040,2017-03-31,3,34829000000,0.080,,,,,853000000,2.183,756000000,2.237,,308000000,,8.18,,,,,,24972000000,3763000000,0.151,,3760000000,,,,,,,,,,,,true,false,9,2016-04-01,2016-12-31,0
2017-01-31,30040,2016-03-31,3,32236000000,-0.028,,,,,268000000,-0.492,233000000,-0.530,,35000000,,0.95,,,,,,,,,,,,,,,,,,,,,,true,false,9,2015-04-01,2015-12-31,-1
2017-01-31,30040,2017-03-31,3,46000000000,0.086,,,,,1050000000,2.107,850000000,4.360,,400000000,,10.62,,,,,,,,,,,,,,,,,,,,,,true,true,12,2016-04-01,2017-03-31,0
2017-01-31,30040,2016-03-31,3,,,,,,,,,,,,,,,,,,,,23318000000,3051000000,0.131,,3047000000,,,,,,,,,,,,true,false,12,2015-04-01,2016-03-31,-1
2017-01-31,30040,2016-03-31,3,,,,,,,,,,,,,,,,,,,,,,,,,,,,,1.50,,,,39600000,1921780,,false,false,12,2015-04-01,2016-03-31,-1
2017-01-31,30040,2017-03-31,3,,,,,,,,,,,,,,,,,,,,,,,,,,,,,3.00,,,,,,,false,true,12,2016-04-01,2017-03-31,0
2017-01-31,30040,2017-03-31,3,,,,,,,,,,,,,,,,,,,,,,,,,,,,,,,,,39600000,1922631,37677954,false,false,9,2016-04-01,2016-12-31,0
2017-01-31,30040,2016-03-31,3,,,,,,,,,,,,,,,,,,,,,,,,,,,,,,,,,,,37678817,false,false,9,2015-04-01,2015-12-31,-1
2017-05-12,30040,2017-03-31,,45665000000,0.078,,,,,1030000000,2.048,917000000,4.789,,135000000,,3.60,,0.040,0.039,0.023,,24098000000,3687000000,0.153,97.78,3684000000,677000000,-78000000,-560000000,1229000000,,1.388,,,,,,true,false,12,2016-04-01,2017-03-31,0
2017-05-12,30040,2016-03-31,,42345000000,-0.036,,,,,337000000,-0.374,158000000,-0.651,,-484000000,,-12.87,,-0.128,0.007,0.008,,23318000000,3051000000,0.131,80.89,3047000000,78000000,-391000000,127000000,1215000000,,,,,,,,true,false,12,2015-04-01,2016-03-31,-1
2017-05-12,30040,2018-03-31,,22600000000,-0.030,,,,,410000000,0.096,300000000,0.395,,70000000,,1.86,,,,,,,,,,,,,,,,,,,,,,true,true,6,2017-04-01,2017-09-30,1
2017-05-12,30040,2018-03-31,,46000000000,0.007,,,,,1030000000,-0.000,800000000,-0.129,,300000000,,7.96,,,,,,,,,,,,,,,,,,,,,,true,true,12,2017-04-01,2018-03-31,1
2017-05-12,30040,2017-03-31,,30492000000,0.112,,,,,507000000,,695000000,1.079,245000000,,,6.51,,,,,,24525000000,4045000000,0.165,107.38,4045000000,,,,,5.00,,,,39600000,1922771,37677808,false,false,12,2016-04-01,2017-03-31,0
2017-05-12,30040,2016-03-31,,27431000000,-0.161,,,,,39000000,-0.837,334000000,-0.385,-241000000,,,-6.40,,,,,,23236000000,3293000000,0.142,87.42,3293000000,,,,,1.50,,,,39600000,1921780,37678679,false,false,12,2015-04-01,2016-03-31,-1
2017-05-12,30040,2018-03-31,,,,,,,,,,,,,,,,,,,,,,,,,,,,,,3.00,,,,,,,false,true,12,2017-04-01,2018-03-31,1
2017-05-12,30040,2018-03-31,,,,,,,,,,,,,,,,,,,,,,,,,,,,,,5.00,,,,,,,false,true,12,2017-04-01,2018-03-31,1
2017-08-14,30040,2018-03-31,1,10841000000,0.002,,,,,265000000,1.396,247000000,5.759,,82000000,,2.19,,,,,,23741000000,3657000000,0.154,,3653000000,,,,,,,,,,,,true,false,3,2017-04-01,2017-06-30,0
2017-08-14,30040,2017-03-31,1,10824000000,0.032,,,,,110000000,0.634,36000000,-0.640,,-154000000,,-4.10,,,,,,,,,,,,,,,,,,,,,,true,false,3,2016-04-01,2016-06-30,-1
2017-08-14,30040,2018-03-31,1,22600000000,-0.030,,,,,410000000,0.096,300000000,0.395,,70000000,,1.86,,,,,,,,,,,,,,,,,,,,,,true,true,6,2017-04-01,2017-09-30,0
2017-08-14,30040,2018-03-31,1,46000000000,0.007,,,,,1030000000,-0.000,800000000,-0.129,,300000000,,7.96,,,,,,,,,,,,,,,,,,,,,,true,true,12,2017-04-01,2018-03-31,0
2017-08-14,30040,2017-03-31,1,,,,,,,,,,,,,,,,,,,,24098000000,3687000000,0.153,,3684000000,,,,,,,,,,,,true,false,12,2016-04-01,2017-03-31,-1
2017-08-14,30040,2017-03-31,1,,,,,,,,,,,,,,,,,,,,,,,,,,,,,5.00,,,,39600000,1922771,,false,false,12,2016-04-01,2017-03-31,-1
2017-08-14,30040,2018-03-31,1,,,,,,,,,,,,,,,,,,,,,,,,,,,,,3.00,,,,,,,false,true,12,2017-04-01,2018-03-31,0
2017-08-14,30040,2018-03-31,1,,,,,,,,,,,,,,,,,,,,,,,,,,,,,5.00,,,,,,,false,true,12,2017-04-01,2018-03-31,0
2017-08-14,30040,2018-03-31,1,,,,,,,,,,,,,,,,,,,,,,,,,,,,,,,,,39600000,1922771,37677229,false,false,3,2017-04-01,2017-06-30,0
2017-08-14,30040,2017-03-31,1,,,,,,,,,,,,,,,,,,,,,,,,,,,,,,,,,,,37678183,false,false,3,2016-04-01,2016-06-30,-1
2017-10-20,30040,2018-03-31,,21653000000,-0.042,,,,,489000000,0.194,418000000,0.396,,125000000,,33.33,,,,,,,,,,,,,,,,,,,,,,true,true,6,2017-04-01,2017-09-30,0
2017-10-20,30040,2017-03-31,,23287000000,,,,,,374000000,,214000000,,,-4000000,,-1.16,,,,,,,,,,,,,,,,,,,,,,true,false,6,2016-04-01,2016-09-30,-1
2017-10-31,30040,2018-03-31,2,21653000000,-0.070,,,,,489000000,0.309,418000000,0.948,,125000000,,33.33,,,,,,24714000000,3756000000,0.152,,3753000000,,,,,,,,,,,,true,false,6,2017-04-01,2017-09-30,0
2017-10-31,30040,2017-03-31,2,23287000000,0.107,,,,,374000000,1.873,214000000,1.002,,-4000000,,-1.16,,,,,,,,,,,,,,,,,,,,,,true,false,6,2016-04-01,2016-09-30,-1
2017-10-31,30040,2018-03-31,2,46000000000,0.007,,,,,1030000000,-0.000,800000000,-0.129,,300000000,,79.62,,,,,,,,,,,,,,,,,,,,,,true,true,12,2017-04-01,2018-03-31,0
2017-10-31,30040,2017-03-31,2,,,,,,,,,,,,,,,,,,,,24098000000,3687000000,0.153,,3684000000,,,,,,,,,,,,true,false,12,2016-04-01,2017-03-31,-1
2017-10-31,30040,2017-03-31,2,,,,,,,,,,,,,,,,,,,,,,,,,,,,,5.00,,,,3960000,192277,,false,false,12,2016-04-01,2017-03-31,-1
2017-10-31,30040,2018-03-31,2,,,,,,,,,,,,,,,,,,,,,,,,,,,,,30.00,,,,,,,false,true,12,2017-04-01,2018-03-31,0
2017-10-31,30040,2018-03-31,2,,,,,,,,,,,,,,,,,,,,,,,,,,,,,50.00,,,,,,,false,true,12,2017-04-01,2018-03-31,0
2017-10-31,30040,2018-03-31,2,,,,,,,,,,,,,,,,,,,,,,,,,,,,,,,,,3960000,192362,3767700,false,false,6,2017-04-01,2017-09-30,0
2017-10-31,30040,2017-03-31,2,,,,,,,,,,,,,,,,,,,,,,,,,,,,,,,,,,,3767812,false,false,6,2016-04-01,2016-09-30,-1
2018-01-31,30040,2018-03-31,3,33306000000,-0.044,,,,,827000000,-0.030,737000000,-0.025,,317000000,,84.24,,,,,,26124000000,4148000000,0.159,,4148000000,,,,,,,,,,,,true,false,9,2017-04-01,2017-12-31,0
2018-01-31,30040,2017-03-31,3,34829000000,0.080,,,,,853000000,2.183,756000000,2.237,,308000000,,81.76,,,,,,,,,,,,,,,,,,,,,,true,false,9,2016-04-01,2016-12-31,-1
2018-01-31,30040,2018-03-31,3,46000000000,0.007,,,,,1030000000,-0.000,800000000,-0.129,,300000000,,79.62,,,,,,,,,,,,,,,,,,,,,,true,true,12,2017-04-01,2018-03-31,0
2018-01-31,30040,2017-03-31,3,,,,,,,,,,,,,,,,,,,,24098000000,3687000000,0.153,,3684000000,,,,,,,,,,,,true,false,12,2016-04-01,2017-03-31,-1
2018-01-31,30040,2017-03-31,3,,,,,,,,,,,,,,,,,,,,,,,,,,,,,5.00,,,,3960000,192277,,false,false,12,2016-04-01,2017-03-31,-1
2018-01-31,30040,2018-03-31,3,,,,,,,,,,,,,,,,,,,,,,,,,,,,,30.00,,,,,,,false,true,12,2017-04-01,2018-03-31,0
2018-01-31,30040,2018-03-31,3,,,,,,,,,,,,,,,,,,,,,,,,,,,,,50.00,,,,,,,false,true,12,2017-04-01,2018-03-31,0
2018-01-31,30040,2018-03-31,3,,,,,,,,,,,,,,,,,,,,,,,,,,,,,,,,,3960000,192534,3767610,false,false,9,2017-04-01,2017-12-31,0
2018-01-31,30040,2017-03-31,3,,,,,,,,,,,,,,,,,,,,,,,,,,,,,,,,,,,3767795,false,false,9,2016-04-01,2016-12-31,-1
2018-04-20,30040,2018-03-31,,43383000000,-0.057,,,,,804000000,-0.219,617000000,-0.229,,158000000,,42.02,,,,,,,,,,,,,,,,,,,,,,true,true,12,2017-04-01,2018-03-31,0
2018-04-20,30040,2017-03-31,,45665000000,,,,,,1030000000,,917000000,,,135000000,,36.02,,,,,,,,,,,,,,,,,,,,,,true,false,12,2016-04-01,2017-03-31,-1
2018-04-20,30040,2018-03-31,,,,,,,,,,,,,,,,,,,,,,,,,,,,,,30.00,,,,,,,false,true,12,2017-04-01,2018-03-31,0
2018-04-20,30040,2018-03-31,,,,,,,,,,,,,,,,,,,,,,,,,,,,,,50.00,,,,,,,false,true,12,2017-04-01,2018-03-31,0
2018-04-20,30040,2018-03-31,,,,,,,,,,,,,,,,,,,,,,,,,,,,,,30.00,,,,,,,false,true,12,2017-04-01,2018-03-31,0
2018-04-20,30040,2017-03-31,,,,,,,,,,,,,,,,,,,,,,,,,,,,,,5.00,,,,,,,false,false,12,2016-04-01,2017-03-31,-1
2018-05-11,30040,2018-03-31,,43383000000,-0.050,,,,,804000000,-0.219,617000000,-0.328,,158000000,,42.02,,0.043,0.025,0.019,,24319000000,3732000000,0.153,990.59,3732000000,-511000000,-160000000,352000000,908000000,,0.714,,,,,,true,false,12,2017-04-01,2018-03-31,0
2018-05-11,30040,2017-03-31,,45665000000,0.078,,,,,1030000000,2.048,917000000,4.789,,135000000,,36.02,,0.040,0.039,0.023,,24098000000,3687000000,0.153,977.81,3684000000,677000000,-78000000,-560000000,1229000000,,1.388,,,,,,true,false,12,2016-04-01,2017-03-31,-1
2018-05-11,30040,2019-03-31,,44500000000,0.026,,,,,1000000000,0.244,800000000,0.297,,350000000,,92.90,,,,,,,,,,,,,,,,0.323,,,,,,true,true,12,2018-04-01,2019-03-31,1
2018-05-11,30040,2018-03-31,,30767000000,0.009,,,,,280000000,-0.448,926000000,0.332,229000000,,-0.064,60.97,,,,,,25026000000,4167000000,0.167,1106.17,4167000000,,,,,30.00,,,,3960000,192536,3767576,false,false,12,2017-04-01,2018-03-31,0
2018-05-11,30040,2017-03-31,,30492000000,0.112,,,,,507000000,,695000000,1.079,245000000,,,65.10,,,,,,24525000000,4045000000,0.165,1073.80,4045000000,,,,,5.00,,,,3960000,192277,3767780,false,false,12,2016-04-01,2017-03-31,-1
2018-05-11,30040,2019-03-31,,,,,,,,,,,,,,,,,,,,,,,,,,,,,,30.00,,,,,,,false,true,12,2018-04-01,2019-03-31,1
2018-07-31,30040,2019-03-31,1,10309000000,-0.049,,,,,18000000,-0.930,64000000,-0.739,,-34000000,,-9.10,,,,,,23811000000,3532000000,0.148,,3532000000,,,,,,,,,,,,true,false,3,2018-04-01,2018-06-30,0
2018-07-31,30040,2018-03-31,1,10841000000,0.002,,,,,265000000,1.396,247000000,5.759,,82000000,,21.85,,,,,,,,,,,,,,,,,,,,,,true,false,3,2017-04-01,2017-06-30,-1
2018-07-31,30040,2019-03-31,1,44500000000,0.026,,,,,1000000000,0.244,800000000,0.297,,350000000,,92.90,,,,,,,,,,,,,,,,,,,,,,true,true,12,2018-04-01,2019-03-31,0
2018-07-31,30040,2018-03-31,1,,,,,,,,,,,,,,,,,,,,24131000000,3732000000,0.155,,3732000000,,,,,,,,,,,,true,false,12,2017-04-01,2018-03-31,-1
2018-07-31,30040,2018-03-31,1,,,,,,,,,,,,,,,,,,,,,,,,,,,,,30.00,,,,3960000,192536,,false,false,12,2017-04-01,2018-03-31,-1
2018-07-31,30040,2019-03-31,1,,,,,,,,,,,,,,,,,,,,,,,,,,,,,30.00,,,,,,,false,true,12,2018-04-01,2019-03-31,0
2018-07-31,30040,2019-03-31,1,,,,,,,,,,,,,,,,,,,,,,,,,,,,,,,,,3960000,192536,3767464,false,false,3,2018-04-01,2018-06-30,0
2018-07-31,30040,2018-03-31,1,,,,,,,,,,,,,,,,,,,,,,,,,,,,,,,,,,,3767722,false,false,3,2017-04-01,2017-06-30,-1
2018-10-31,30040,2019-03-31,2,21486000000,-0.008,,,,,21000000,-0.955,40000000,-0.903,,-147000000,,-39.09,,,,,,24915000000,3429000000,0.138,,3429000000,,,,,,,,,,,,true,false,6,2018-04-01,2018-09-30,0
2018-10-31,30040,2018-03-31,2,21653000000,-0.070,,,,,489000000,0.309,418000000,0.948,,125000000,,33.33,,,,,,,,,,,,,,,,,,,,,,true,false,6,2017-04-01,2017-09-30,-1
2018-10-31,30040,2019-03-31,2,43500000000,0.003,,,,,400000000,-0.503,350000000,-0.433,,50000000,,13.27,,,,,,,,,,,,,,,,,,,,,,true,true,12,2018-04-01,2019-03-31,0
2018-10-31,30040,2018-03-31,2,,,,,,,,,,,,,,,,,,,,24131000000,3732000000,0.155,,3732000000,,,,,,,,,,,,true,false,12,2017-04-01,2018-03-31,-1
2018-10-31,30040,2018-03-31,2,,,,,,,,,,,,,,,,,,,,,,,,,,,,,30.00,,,,3960000,192536,,false,false,12,2017-04-01,2018-03-31,-1
2018-10-31,30040,2019-03-31,2,,,,,,,,,,,,,,,,,,,,,,,,,,,,,30.00,,,,,,,false,true,12,2018-04-01,2019-03-31,0
2018-10-31,30040,2019-03-31,2,,,,,,,,,,,,,,,,,,,,,,,,,,,,,,,,,3960000,192544,3767462,false,false,6,2018-04-01,2018-09-30,0
2018-10-31,30040,2018-03-31,2,,,,,,,,,,,,,,,,,,,,,,,,,,,,,,,,,,,3767700,false,false,6,2017-04-01,2017-09-30,-1
2019-01-31,30040,2019-03-31,3,32781000000,-0.016,,,,,123000000,-0.851,125000000,-0.831,,-182000000,,-48.34,,,,,,24534000000,3075000000,0.125,,3075000000,,,,,,,,,,,,true,false,9,2018-04-01,2018-12-31,0
2019-01-31,30040,2018-03-31,3,33306000000,-0.044,,,,,827000000,-0.030,737000000,-0.025,,317000000,,84.24,,,,,,,,,,,,,,,,,,,,,,true,false,9,2017-04-01,2017-12-31,-1
2019-01-31,30040,2019-03-31,3,42500000000,-0.020,,,,,200000000,-0.751,100000000,-0.838,,-350000000,,-92.90,,,,,,,,,,,,,,,,,,,,,,true,true,12,2018-04-01,2019-03-31,0
2019-01-31,30040,2018-03-31,3,,,,,,,,,,,,,,,,,,,,24131000000,3732000000,0.155,,3732000000,,,,,,,,,,,,true,false,12,2017-04-01,2018-03-31,-1
2019-01-31,30040,2018-03-31,3,,,,,,,,,,,,,,,,,,,,,,,,,,,,,30.00,,,,3960000,192536,,false,false,12,2017-04-01,2018-03-31,-1
2019-01-31,30040,2019-03-31,3,,,,,,,,,,,,,,,,,,,,,,,,,,,,,0.00,,,,,,,false,true,12,2018-04-01,2019-03-31,0
2019-01-31,30040,2019-03-31,3,,,,,,,,,,,,,,,,,,,,,,,,,,,,,,,,,3960000,192547,3767459,false,false,9,2018-04-01,2018-12-31,0
2019-01-31,30040,2018-03-31,3,,,,,,,,,,,,,,,,,,,,,,,,,,,,,,,,,,,3767610,false,false,9,2017-04-01,2017-12-31,-1
2019-04-19,30040,2019-03-31,,42739000000,0.006,,,,,202000000,0.012,147000000,0.480,,-396000000,,-105.23,,,,,,,,,,,,,,,,,,,,,,true,true,12,2018-04-01,2019-03-31,0
2019-04-19,30040,2018-03-31,,43383000000,,,,,,804000000,,617000000,,,158000000,,42.02,,,,,,,,,,,,,,,,,,,,,,true,false,12,2017-04-01,2018-03-31,-1
2019-04-19,30040,2019-03-31,,32109000000,,,,,,199000000,,598000000,,-716000000,,,-190.05,,,,,,,,,,,,,,,,,,,,,,false,true,12,2018-04-01,2019-03-31,0
2019-04-19,30040,2018-03-31,,30767000000,,,,,,280000000,,926000000,,229000000,,,60.97,,,,,,,,,,,,,,,,,,,,,,false,false,12,2017-04-01,2018-03-31,-1
2019-05-10,30040,2019-03-31,,42739000000,-0.015,,,,,202000000,-0.748,147000000,-0.760,,-396000000,,-105.23,,-0.121,0.006,0.005,,24379000000,2806000000,0.115,744.93,2806000000,-337000000,-557000000,1054000000,1027000000,,,,,,,,true,false,12,2018-04-01,2019-03-31,0
2019-05-10,30040,2018-03-31,,43383000000,-0.050,,,,,804000000,-0.219,617000000,-0.328,,158000000,,42.02,,0.043,0.026,0.019,,24131000000,3732000000,0.155,990.59,3732000000,-511000000,-160000000,352000000,908000000,,0.714,,,,,,true,false,12,2017-04-01,2018-03-31,-1
2019-05-10,30040,2020-03-31,,44000000000,0.029,,,,,600000000,1.965,450000000,2.041,,150000000,,39.81,,,,,,,,,,,,,,,,,,,,,,true,true,12,2019-04-01,2020-03-31,1
2019-05-10,30040,2019-03-31,,32109000000,0.044,,,,,199000000,-0.288,598000000,-0.354,-716000000,,,-190.05,,,,,,24971000000,2952000000,0.118,783.71,2952000000,,,,,0.00,,,,3960000,192579,3767455,false,false,12,2018-04-01,2019-03-31,0
2019-05-10,30040,2018-03-31,,30767000000,0.009,,,,,280000000,-0.448,926000000,0.332,229000000,,-0.064,60.97,,,,,,24835000000,4167000000,0.168,1106.17,4167000000,,,,,30.00,,,,3960000,192536,3767576,false,false,12,2017-04-01,2018-03-31,-1
2019-07-31,30040,2020-03-31,1,10303000000,-0.001,,,,,56000000,2.053,64000000,0.002,,-17000000,,-4.56,,,,,,23334000000,2578000000,0.110,,2578000000,,,,,,,,,,,,true,false,3,2019-04-01,2019-06-30,0
2019-07-31,30040,2019-03-31,1,10309000000,-0.049,,,,,18000000,-0.930,64000000,-0.739,,-34000000,,-9.10,,,,,,,,,,,,,,,,,,,,,,true,false,3,2018-04-01,2018-06-30,-1
2019-07-31,30040,2020-03-31,1,44000000000,0.029,,,,,600000000,1.965,450000000,2.041,,150000000,,39.81,,,,,,,,,,,,,,,,,,,,,,true,true,12,2019-04-01,2020-03-31,0
2019-07-31,30040,2019-03-31,1,,,,,,,,,,,,,,,,,,,,24379000000,2806000000,0.115,,2806000000,,,,,,,,,,,,true,false,12,2018-04-01,2019-03-31,-1
2019-07-31,30040,2019-03-31,1,,,,,,,,,,,,,,,,,,,,,,,,,,,,,0.00,,,,3960000,192579,,false,false,12,2018-04-01,2019-03-31,-1
2019-07-31,30040,2020-03-31,1,,,,,,,,,,,,,,,,,,,,,,,,,,,,,,,,,3960000,192580,3767421,false,false,3,2019-04-01,2019-06-30,0
2019-07-31,30040,2019-03-31,1,,,,,,,,,,,,,,,,,,,,,,,,,,,,,,,,,,,3767464,false,false,3,2018-04-01,2018-06-30,-1
2019-10-31,30040,2020-03-31,2,20463000000,-0.048,,,,,132000000,5.064,85000000,1.100,,-592000000,,-156.69,,,,,,22589000000,2005000000,0.089,,2005000000,,,,,,,,,,,,true,false,6,2019-04-01,2019-09-30,0
2019-10-31,30040,2019-03-31,2,21486000000,-0.008,,,,,21000000,-0.955,40000000,-0.903,,-147000000,,-39.09,,,,,,,,,,,,,,,,,,,,,,true,false,6,2018-04-01,2018-09-30,-1
2019-10-31,30040,2020-03-31,2,42000000000,-0.017,,,,,600000000,1.965,450000000,2.041,,-300000000,,-79.50,,,,,,,,,,,,,,,,,,,,,,true,true,12,2019-04-01,2020-03-31,0
2019-10-31,30040,2019-03-31,2,,,,,,,,,,,,,,,,,,,,24379000000,2806000000,0.115,,2806000000,,,,,,,,,,,,true,false,12,2018-04-01,2019-03-31,-1
2019-10-31,30040,2019-03-31,2,,,,,,,,,,,,,,,,,,,,,,,,,,,,,0.00,,,,3960000,192579,,false,false,12,2018-04-01,2019-03-31,-1
2019-10-31,30040,2020-03-31,2,,,,,,,,,,,,,,,,,,,,,,,,,,,,,0.00,,,,,,,false,true,12,2019-04-01,2020-03-31,0
2019-10-31,30040,2020-03-31,2,,,,,,,,,,,,,,,,,,,,,,,,,,,,,,,,,3960000,165098,3779199,false,false,6,2019-04-01,2019-09-30,0
2019-10-31,30040,2019-03-31,2,,,,,,,,,,,,,,,,,,,,,,,,,,,,,,,,,,,3767462,false,false,6,2018-04-01,2018-09-30,-1
2020-01-31,30040,2020-03-31,3,31397000000,-0.042,,,,,325000000,1.641,284000000,1.277,,-343000000,,-90.84,,,,,,23907000000,2340000000,0.098,,2340000000,,,,,,,,,,,,true,false,9,2019-04-01,2019-12-31,0
2020-01-31,30040,2019-03-31,3,32781000000,-0.016,,,,,123000000,-0.851,125000000,-0.831,,-182000000,,-48.34,,,,,,,,,,,,,,,,,,,,,,true,false,9,2018-04-01,2018-12-31,-1
2020-01-31,30040,2020-03-31,3,42000000000,-0.017,,,,,600000000,1.965,450000000,2.041,,-300000000,,-79.50,,,,,,,,,,,,,,,,,,,,,,true,true,12,2019-04-01,2020-03-31,0
2020-01-31,30040,2019-03-31,3,,,,,,,,,,,,,,,,,,,,24379000000,2806000000,0.115,,2806000000,,,,,,,,,,,,true,false,12,2018-04-01,2019-03-31,-1
2020-01-31,30040,2019-03-31,3,,,,,,,,,,,,,,,,,,,,,,,,,,,,,0.00,,,,3960000,192579,,false,false,12,2018-04-01,2019-03-31,-1
2020-01-31,30040,2020-03-31,3,,,,,,,,,,,,,,,,,,,,,,,,,,,,,0.00,,,,,,,false,true,12,2019-04-01,2020-03-31,0
2020-01-31,30040,2020-03-31,3,,,,,,,,,,,,,,,,,,,,,,,,,,,,,,,,,3960000,165148,3783895,false,false,9,2019-04-01,2019-12-31,0
2020-01-31,30040,2019-03-31,3,,,,,,,,,,,,,,,,,,,,,,,,,,,,,,,,,,,3767459,false,false,9,2018-04-01,2018-12-31,-1
2020-05-01,30040,2020-03-31,,41164000000,-0.020,,,,,359000000,-0.401,272000000,-0.395,,-677000000,,-178.96,,,,,,,,,,,,,,,,,,,,,,true,true,12,2019-04-01,2020-03-31,0
2020-05-01,30040,2019-03-31,,42739000000,,,,,,202000000,,147000000,,,-396000000,,-105.23,,,,,,,,,,,,,,,,,,,,,,true,false,12,2018-04-01,2019-03-31,-1
2020-05-22,30040,2020-03-31,,41164000000,-0.037,,,,,359000000,0.777,272000000,0.841,,-677000000,,-178.96,,-0.305,0.012,0.009,,22314000000,1638000000,0.073,431.68,1638000000,1010000000,187000000,-1045000000,1186000000,,,,,,,,true,false,12,2019-04-01,2020-03-31,0
2020-05-22,30040,2019-03-31,,42739000000,-0.015,,,,,202000000,-0.748,147000000,-0.760,,-396000000,,-105.23,,-0.121,0.006,0.005,,24379000000,2806000000,0.115,744.93,2806000000,-337000000,-557000000,1054000000,1027000000,,,,,,,,true,false,12,2018-04-01,2019-03-31,-1
2020-05-22,30040,2020-03-31,,33100000000,0.031,,,,,333000000,0.674,615000000,0.028,-666000000,,,-175.95,,,,,,23405000000,1811000000,0.077,477.36,1811000000,,,,,0.00,,,,3960000,165173,3786420,false,false,12,2019-04-01,2020-03-31,0
2020-05-22,30040,2019-03-31,,32109000000,0.044,,,,,199000000,-0.288,598000000,-0.354,-716000000,,,-190.05,,,,,,24971000000,2952000000,0.118,783.71,2952000000,,,,,0.00,,,,3960000,192579,3767455,false,false,12,2018-04-01,2019-03-31,-1
2020-07-31,30040,2021-03-31,1,8780000000,-0.148,,,,,39000000,-0.297,37000000,-0.422,,6000000,,1.63,,,,,,21691000000,1674000000,0.077,,1674000000,,,,,,,,,,,,true,false,3,2020-04-01,2020-06-30,0
2020-07-31,30040,2020-03-31,1,10303000000,-0.001,,,,,56000000,2.053,64000000,0.002,,-17000000,,-4.56,,,,,,,,,,,,,,,,,,,,,,true,false,3,2019-04-01,2019-06-30,-1
2020-07-31,30040,2021-03-31,1,38000000000,-0.077,,,,,450000000,0.251,300000000,0.101,,100000000,,26.18,,,,,,,,,,,,,,,,,,,,,,true,true,12,2020-04-01,2021-03-31,0
2020-07-31,30040,2020-03-31,1,,,,,,,,,,,,,,,,,,,,22314000000,1638000000,0.073,,1638000000,,,,,,,,,,,,true,false,12,2019-04-01,2020-03-31,-1
2020-07-31,30040,2020-03-31,1,,,,,,,,,,,,,,,,,,,,,,,,,,,,,0.00,,,,3960000,165173,,false,false,12,2019-04-01,2020-03-31,-1
2020-07-31,30040,2021-03-31,1,,,,,,,,,,,,,,,,,,,,,,,,,,,,,0.00,,,,,,,false,true,12,2020-04-01,2021-03-31,0
2020-07-31,30040,2021-03-31,1,,,,,,,,,,,,,,,,,,,,,,,,,,,,,,,,,3960000,165175,3794827,false,false,3,2020-04-01,2020-06-30,0
2020-07-31,30040,2020-03-31,1,,,,,,,,,,,,,,,,,,,,,,,,,,,,,,,,,,,3767421,false,false,3,2019-04-01,2019-06-30,-1
2020-07-31,30040,2021-03-31,,38000000000,,,,,,450000000,,300000000,,100000000,,,26.18,,,,,,,,,,,,,,,,,,,,,,true,true,12,2020-04-01,2021-03-31,0
2020-07-31,30040,2020-03-31,,41164000000,,,,,,359000000,,272000000,,-677000000,,,-178.96,,,,,,,,,,,,,,,,,,,,,,true,false,12,2019-04-01,2020-03-31,-1
2020-07-31,30040,2021-03-31,,,,,,,,,,,,,,,,,,,,,,,,,,,,,,0.00,,,,,,,false,true,12,2020-04-01,2021-03-31,0
2020-07-31,30040,2020-03-31,,,,,,,,,,,,,,,,,,,,,,,,,,,,,,0.00,,,,,,,false,false,12,2019-04-01,2020-03-31,-1
2020-10-30,30040,2021-03-31,2,18416000000,-0.100,,,,,168000000,0.273,87000000,0.025,,42000000,,11.17,,,,,,21162000000,1824000000,0.086,,1824000000,,,,,,,,,,,,true,false,6,2020-04-01,2020-09-30,0
2020-10-30,30040,2020-03-31,2,20463000000,-0.048,,,,,132000000,5.064,85000000,1.100,,-592000000,,-156.69,,,,,,,,,,,,,,,,,,,,,,true,false,6,2019-04-01,2019-09-30,-1
2020-10-30,30040,2021-03-31,2,38000000000,-0.077,,,,,450000000,0.251,300000000,0.101,,100000000,,26.18,,,,,,,,,,,,,,,,,,,,,,true,true,12,2020-04-01,2021-03-31,0
2020-10-30,30040,2020-03-31,2,,,,,,,,,,,,,,,,,,,,22314000000,1638000000,0.073,,1638000000,,,,,,,,,,,,true,false,12,2019-04-01,2020-03-31,-1
2020-10-30,30040,2020-03-31,2,,,,,,,,,,,,,,,,,,,,,,,,,,,,,0.00,,,,3960000,165173,,false,false,12,2019-04-01,2020-03-31,-1
2020-10-30,30040,2021-03-31,2,,,,,,,,,,,,,,,,,,,,,,,,,,,,,0.00,,,,,,,false,true,12,2020-04-01,2021-03-31,0
2020-10-30,30040,2021-03-31,2,,,,,,,,,,,,,,,,,,,,,,,,,,,,,,,,,3960000,129747,3810009,false,false,6,2020-04-01,2020-09-30,0
2020-10-30,30040,2020-03-31,2,,,,,,,,,,,,,,,,,,,,,,,,,,,,,,,,,,,3779199,false,false,6,2019-04-01,2019-09-30,-1
2021-01-29,30040,2021-03-31,3,28435000000,-0.094,,,,,486000000,0.496,372000000,0.308,,311000000,,81.63,,,,,,21603000000,2141000000,0.099,,2141000000,,,,,,,,,,,,true,false,9,2020-04-01,2020-12-31,0
2021-01-29,30040,2020-03-31,3,31397000000,-0.042,,,,,325000000,1.641,284000000,1.277,,-343000000,,-90.84,,,,,,,,,,,,,,,,,,,,,,true,false,9,2019-04-01,2019-12-31,-1
2021-01-29,30040,2021-03-31,3,37000000000,-0.101,,,,,650000000,0.807,500000000,0.835,,350000000,,91.64,,,,,,,,,,,,,,,,,,,,,,true,true,12,2020-04-01,2021-03-31,0
2021-01-29,30040,2020-03-31,3,,,,,,,,,,,,,,,,,,,,22314000000,1638000000,0.073,,1638000000,,,,,,,,,,,,true,false,12,2019-04-01,2020-03-31,-1
2021-01-29,30040,2020-03-31,3,,,,,,,,,,,,,,,,,,,,,,,,,,,,,0.00,,,,3960000,165173,,false,false,12,2019-04-01,2020-03-31,-1
2021-01-29,30040,2021-03-31,3,,,,,,,,,,,,,,,,,,,,,,,,,,,,,0.00,,,,,,,false,true,12,2020-04-01,2021-03-31,0
2021-01-29,30040,2021-03-31,3,,,,,,,,,,,,,,,,,,,,,,,,,,,,,,,,,3960000,129812,3816063,false,false,9,2020-04-01,2020-12-31,0
2021-01-29,30040,2020-03-31,3,,,,,,,,,,,,,,,,,,,,,,,,,,,,,,,,,,,3783895,false,false,9,2019-04-01,2019-12-31,-1
2021-01-29,30040,2021-03-31,,37000000000,-0.026,,,,,650000000,0.444,500000000,0.667,,350000000,,91.64,,,,,,,,,,,,,,,,,,,,,,true,true,12,2020-04-01,2021-03-31,0
2021-01-29,30040,2020-03-31,,41164000000,,,,,,359000000,,272000000,,,-677000000,,-178.96,,,,,,,,,,,,,,,,,,,,,,true,false,12,2019-04-01,2020-03-31,-1
2021-04-21,30040,2021-03-31,,37265000000,0.007,,,,,778000000,0.198,676000000,0.353,,500000000,,131.01,,,,,,,,,,,,,,,,,,,,,,true,true,12,2020-04-01,2021-03-31,0
2021-04-21,30040,2020-03-31,,41164000000,,,,,,359000000,,272000000,,,-677000000,,-178.96,,,,,,,,,,,,,,,,,,,,,,true,false,12,2019-04-01,2020-03-31,-1
2021-04-21,30040,2021-03-31,,31692000000,,,,,,364000000,,574000000,,249000000,,,65.21,,,,,,,,,,,,,,,,,,,,,,false,true,12,2020-04-01,2021-03-31,0
2021-04-21,30040,2020-03-31,,33100000000,,,,,,333000000,,615000000,,-666000000,,,-175.95,,,,,,,,,,,,,,,,,,,,,,false,false,12,2019-04-01,2020-03-31,-1
2021-05-14,30040,2021-03-31,,37265000000,-0.095,,,,,778000000,1.164,676000000,1.483,,500000000,,131.01,,0.232,0.031,0.021,,21193000000,2673000000,0.126,698.15,2673000000,2124000000,-224000000,-1716000000,1351000000,,,,,,,,true,false,12,2020-04-01,2021-03-31,0
2021-05-14,30040,2020-03-31,,41164000000,-0.037,,,,,359000000,0.777,272000000,0.841,,-677000000,,-178.96,,-0.305,0.012,0.009,,22314000000,1638000000,0.073,431.68,1638000000,1010000000,187000000,-1045000000,1186000000,,,,,,,,true,false,12,2019-04-01,2020-03-31,-1
2021-05-14,30040,2022-03-31,,37300000000,0.001,,,,,900000000,0.156,750000000,0.109,,550000000,,143.60,,,,,,,,,,,,,,,,,,,,,,true,true,12,2021-04-01,2022-03-31,1
2021-05-14,30040,2021-03-31,,31692000000,-0.043,,,,,364000000,0.092,574000000,-0.066,249000000,,,65.21,,,,,,22138000000,2628000000,0.119,686.17,2628000000,,,,,0.00,,,,3960000,129977,3819302,false,false,12,2020-04-01,2021-03-31,0
2021-05-14,30040,2020-03-31,,33100000000,0.031,,,,,333000000,0.674,615000000,0.028,-666000000,,,-175.95,,,,,,23405000000,1811000000,0.077,477.36,1811000000,,,,,0.00,,,,3960000,165173,3786420,false,false,12,2019-04-01,2020-03-31,-1
2021-05-14,30040,2022-03-31,,,,,,,,,,,,,,,,,,,,,,,,,,,,,,0.00,,,,,,,false,true,12,2021-04-01,2022-03-31,1
2021-07-30,30040,2022-03-31,1,9287000000,0.058,,,,,220000000,4.553,223000000,4.962,,156000000,,40.93,,,,,,21513000000,2676000000,0.124,,2676000000,,,,,,,,,,,,true,false,3,2021-04-01,2021-06-30,0
2021-07-30,30040,2021-03-31,1,8780000000,-0.148,,,,,39000000,-0.297,37000000,-0.422,,6000000,,1.63,,,,,,,,,,,,,,,,,,,,,,true,false,3,2020-04-01,2020-06-30,-1
2021-07-30,30040,2022-03-31,1,37300000000,0.001,,,,,900000000,0.156,750000000,0.109,,550000000,,143.60,,,,,,,,,,,,,,,,,,,,,,true,true,12,2021-04-01,2022-03-31,0
2021-07-30,30040,2021-03-31,1,,,,,,,,,,,,,,,,,,,,21193000000,2673000000,0.126,,2673000000,,,,,,,,,,,,true,false,12,2020-04-01,2021-03-31,-1
2021-07-30,30040,2021-03-31,1,,,,,,,,,,,,,,,,,,,,,,,,,,,,,0.00,,,,3960000,129977,,false,false,12,2020-04-01,2021-03-31,-1
2021-07-30,30040,2022-03-31,1,,,,,,,,,,,,,,,,,,,,,,,,,,,,,0.00,,,,,,,false,true,12,2021-04-01,2022-03-31,0
2021-07-30,30040,2022-03-31,1,,,,,,,,,,,,,,,,,,,,,,,,,,,,,,,,,3960000,129977,3830023,false,false,3,2021-04-01,2021-06-30,0
2021-07-30,30040,2021-03-31,1,,,,,,,,,,,,,,,,,,,,,,,,,,,,,,,,,,,3794827,false,false,3,2020-04-01,2020-06-30,-1
2021-10-29,30040,2022-03-31,2,18628000000,0.011,,,,,407000000,1.426,350000000,2.998,,273000000,,71.25,,,,,,21992000000,2921000000,0.133,,2921000000,,,,,,,,,,,,true,false,6,2021-04-01,2021-09-30,0
2021-10-29,30040,2021-03-31,2,18416000000,-0.100,,,,,168000000,0.273,87000000,0.025,,42000000,,11.17,,,,,,,,,,,,,,,,,,,,,,true,false,6,2020-04-01,2020-09-30,-1
2021-10-29,30040,2022-03-31,2,37300000000,0.001,,,,,900000000,0.156,750000000,0.109,,550000000,,143.60,,,,,,,,,,,,,,,,,,,,,,true,true,12,2021-04-01,2022-03-31,0
2021-10-29,30040,2021-03-31,2,,,,,,,,,,,,,,,,,,,,21193000000,2673000000,0.126,,2673000000,,,,,,,,,,,,true,false,12,2020-04-01,2021-03-31,-1
2021-10-29,30040,2021-03-31,2,,,,,,,,,,,,,,,,,,,,,,,,,,,,,0.00,,,,3960000,129977,,false,false,12,2020-04-01,2021-03-31,-1
2021-10-29,30040,2022-03-31,2,,,,,,,,,,,,,,,,,,,,,,,,,,,,,0.00,,,,,,,false,true,12,2021-04-01,2022-03-31,0
2021-10-29,30040,2022-03-31,2,,,,,,,,,,,,,,,,,,,,,,,,,,,,,,,,,3960000,115827,3836087,false,false,6,2021-04-01,2021-09-30,0
2021-10-29,30040,2021-03-31,2,,,,,,,,,,,,,,,,,,,,,,,,,,,,,,,,,,,3810009,false,false,6,2020-04-01,2020-09-30,-1
2022-01-31,30040,2022-03-31,3,28891000000,0.016,,,,,649000000,0.336,594000000,0.596,,449000000,,117.20,,,,,,23827000000,3060000000,0.128,,3060000000,,,,,,,,,,,,true,false,9,2021-04-01,2021-12-31,0
2022-01-31,30040,2021-03-31,3,28435000000,-0.094,,,,,486000000,0.496,372000000,0.308,,311000000,,81.63,,,,,,,,,,,,,,,,,,,,,,true,false,9,2020-04-01,2020-12-31,-1
2022-01-31,30040,2022-03-31,3,37300000000,0.001,,,,,900000000,0.156,750000000,0.109,,550000000,,143.60,,,,,,,,,,,,,,,,,,,,,,true,true,12,2021-04-01,2022-03-31,0
2022-01-31,30040,2021-03-31,3,,,,,,,,,,,,,,,,,,,,21193000000,2673000000,0.126,,2673000000,,,,,,,,,,,,true,false,12,2020-04-01,2021-03-31,-1
2022-01-31,30040,2021-03-31,3,,,,,,,,,,,,,,,,,,,,,,,,,,,,,0.00,,,,3960000,129977,,false,false,12,2020-04-01,2021-03-31,-1
2022-01-31,30040,2022-03-31,3,,,,,,,,,,,,,,,,,,,,,,,,,,,,,0.00,,,,,,,false,true,12,2021-04-01,2022-03-31,0
2022-01-31,30040,2022-03-31,3,,,,,,,,,,,,,,,,,,,,,,,,,,,,,,,,,3960000,115837,3838510,false,false,9,2021-04-01,2021-12-31,0
2022-01-31,30040,2021-03-31,3,,,,,,,,,,,,,,,,,,,,,,,,,,,,,,,,,,,3816063,false,false,9,2020-04-01,2020-12-31,-1
2022-05-13,30040,2022-03-31,,37686000000,0.011,,,,,721000000,-0.073,634000000,-0.063,,474000000,,121.93,,0.155,0.028,0.019,,23586000000,3432000000,0.146,846.92,3432000000,-1291000000,-264000000,1347000000,1183000000,,,,,,,,true,false,12,2021-04-01,2022-03-31,0
2022-05-13,30040,2021-03-31,,37265000000,-0.095,,,,,778000000,1.164,676000000,1.483,,500000000,,131.01,,0.232,0.031,0.021,,21193000000,2673000000,0.126,698.15,2673000000,2124000000,-224000000,-1716000000,1351000000,,,,,,,,true,false,12,2020-04-01,2021-03-31,-1
2022-05-13,30040,2023-03-31,,39300000000,0.043,,,,,850000000,0.178,700000000,0.104,,500000000,,123.38,,,,,,,,,,,,,,,,0.243,,,,,,true,true,12,2022-04-01,2023-03-31,1
2022-05-13,30040,2022-03-31,,29859000000,-0.058,,,,,161000000,-0.557,810000000,0.409,725000000,,1.915,186.72,,,,,,24231000000,3559000000,0.147,878.31,3559000000,,,,,0.00,,,,4168500,115897,3887918,false,false,12,2021-04-01,2022-03-31,0
2022-05-13,30040,2021-03-31,,31692000000,-0.043,,,,,364000000,0.092,574000000,-0.066,249000000,,,65.21,,,,,,22138000000,2628000000,0.119,686.17,2628000000,,,,,0.00,,,,3960000,129977,3819302,false,false,12,2020-04-01,2021-03-31,-1
2022-05-13,30040,2023-03-31,,,,,,,,,,,,,,,,,,,,,,,,,,,,,,30.00,,,,,,,false,true,12,2022-04-01,2023-03-31,1
2022-07-29,30040,2023-03-31,1,9730000000,0.048,,,,,163000000,-0.258,267000000,0.195,,209000000,,51.67,,,,,,24204000000,3720000000,0.154,,3720000000,,,,,,,,,,,,true,false,3,2022-04-01,2022-06-30,0
2022-07-29,30040,2022-03-31,1,9287000000,0.058,,,,,220000000,4.553,223000000,4.962,,156000000,,40.93,,,,,,,,,,,,,,,,,,,,,,true,false,3,2021-04-01,2021-06-30,-1
2022-07-29,30040,2023-03-31,1,39300000000,0.043,,,,,850000000,0.178,700000000,0.104,,500000000,,123.38,,,,,,,,,,,,,,,,,,,,,,true,true,12,2022-04-01,2023-03-31,0
2022-07-29,30040,2022-03-31,1,,,,,,,,,,,,,,,,,,,,23586000000,3432000000,0.146,,3432000000,,,,,,,,,,,,true,false,12,2021-04-01,2022-03-31,-1
2022-07-29,30040,2022-03-31,1,,,,,,,,,,,,,,,,,,,,,,,,,,,,,0.00,,,,4168500,115897,,false,false,12,2021-04-01,2022-03-31,-1
2022-07-29,30040,2023-03-31,1,,,,,,,,,,,,,,,,,,,,,,,,,,,,,30.00,,,,,,,false,true,12,2022-04-01,2023-03-31,0
2022-07-29,30040,2023-03-31,1,,,,,,,,,,,,,,,,,,,,,,,,,,,,,,,,,4168500,115931,4052595,false,false,3,2022-04-01,2022-06-30,0
2022-07-29,30040,2022-03-31,1,,,,,,,,,,,,,,,,,,,,,,,,,,,,,,,,,,,3830023,false,false,3,2021-04-01,2021-06-30,-1
2022-10-31,30040,2023-03-31,2,19211000000,0.031,,,,,439000000,0.077,510000000,0.457,,241000000,,59.40,,,,,,24479000000,3711000000,0.152,,3711000000,,,,,,,,,,,,true,false,6,2022-04-01,2022-09-30,0
2022-10-31,30040,2022-03-31,2,18628000000,0.011,,,,,407000000,1.426,350000000,2.998,,273000000,,71.25,,,,,,,,,,,,,,,,,,,,,,true,false,6,2021-04-01,2021-09-30,-1
2022-10-31,30040,2023-03-31,2,39500000000,0.048,,,,,980000000,0.358,950000000,0.498,,500000000,,123.38,,,,,,,,,,,,,,,,,,,,,,true,true,12,2022-04-01,2023-03-31,0
2022-10-31,30040,2022-03-31,2,,,,,,,,,,,,,,,,,,,,23586000000,3432000000,0.146,,3432000000,,,,,,,,,,,,true,false,12,2021-04-01,2022-03-31,-1
2022-10-31,30040,2022-03-31,2,,,,,,,,,,,,,,,,,,,,,,,,,,,,,0.00,,,,4168500,115897,,false,false,12,2021-04-01,2022-03-31,-1
2022-10-31,30040,2023-03-31,2,,,,,,,,,,,,,,,,,,,,,,,,,,,,,30.00,,,,,,,false,true,12,2022-04-01,2023-03-31,0
2022-10-31,30040,2023-03-31,2,,,,,,,,,,,,,,,,,,,,,,,,,,,,,,,,,4168500,94816,4061641,false,false,6,2022-04-01,2022-09-30,0
2022-10-31,30040,2022-03-31,2,,,,,,,,,,,,,,,,,,,,,,,,,,,,,,,,,,,3836087,false,false,6,2021-04-01,2021-09-30,-1
2023-01-31,30040,2023-03-31,3,30311000000,0.049,,,,,910000000,0.401,949000000,0.598,,597000000,,147.04,,,,,,25199000000,4312000000,0.171,,4312000000,,,,,,,,,,,,true,false,9,2022-04-01,2022-12-31,0
2023-01-31,30040,2022-03-31,3,28891000000,0.016,,,,,649000000,0.336,594000000,0.596,,449000000,,117.20,,,,,,,,,,,,,,,,,,,,,,true,false,9,2021-04-01,2021-12-31,-1
2023-01-31,30040,2023-03-31,3,40000000000,0.061,,,,,1130000000,0.566,1050000000,0.655,,600000000,,147.59,,,,,,,,,,,,,,,,,,,,,,true,true,12,2022-04-01,2023-03-31,0
2023-01-31,30040,2022-03-31,3,,,,,,,,,,,,,,,,,,,,23586000000,3432000000,0.146,,3432000000,,,,,,,,,,,,true,false,12,2021-04-01,2022-03-31,-1
2023-01-31,30040,2022-03-31,3,,,,,,,,,,,,,,,,,,,,,,,,,,,,,0.00,,,,4168500,115897,,false,false,12,2021-04-01,2022-03-31,-1
2023-01-31,30040,2023-03-31,3,,,,,,,,,,,,,,,,,,,,,,,,,,,,,30.00,,,,,,,false,true,12,2022-04-01,2023-03-31,0
2023-01-31,30040,2023-03-31,3,,,,,,,,,,,,,,,,,,,,,,,,,,,,,,,,,4168500,94816,4065254,false,false,9,2022-04-01,2022-12-31,0
2023-01-31,30040,2022-03-31,3,,,,,,,,,,,,,,,,,,,,,,,,,,,,,,,,,,,3838510,false,false,9,2021-04-01,2021-12-31,-1
2023-04-21,30040,2023-03-31,,39892000000,-0.003,,,,,1375000000,0.217,1340000000,0.277,,949000000,,233.50,,,,,,,,,,,,,,,,,,,,,,true,true,12,2022-04-01,2023-03-31,0
2023-04-21,30040,2022-03-31,,37686000000,,,,,,721000000,,634000000,,,474000000,,121.93,,,,,,,,,,,,,,,,,,,,,,true,false,12,2021-04-01,2022-03-31,-1
2023-04-21,30040,2023-03-31,,33008000000,0.105,,,,,824000000,4.109,1145000000,0.414,883000000,,0.217,217.21,,,,,,,,,,,,,,,40.00,,,,,,,false,true,12,2022-04-01,2023-03-31,0
2023-04-21,30040,2022-03-31,,29859000000,,,,,,161000000,,810000000,,725000000,,,186.72,,,,,,,,,,,,,,,0.00,,,,,,,false,false,12,2021-04-01,2022-03-31,-1
2023-05-12,30040,2023-03-31,,39892000000,0.059,,,,,1375000000,0.906,1340000000,1.113,,949000000,,233.50,,0.235,0.056,0.034,,24159000000,4651000000,0.193,1141.92,4651000000,598000000,-70000000,-484000000,1251000000,,0.171,,,,,,true,false,12,2022-04-01,2023-03-31,0
2023-05-12,30040,2022-03-31,,37686000000,0.011,,,,,721000000,-0.073,634000000,-0.063,,474000000,,121.93,,0.155,0.028,0.019,,23586000000,3432000000,0.146,846.92,3432000000,-1291000000,-264000000,1347000000,1183000000,,,,,,,,true,false,12,2021-04-01,2022-03-31,-1
2023-05-12,30040,2024-03-31,,40000000000,0.003,,,,,1380000000,0.003,1250000000,-0.067,,850000000,,208.66,,,,,,,,,,,,,,,,0.192,,,,,,true,true,12,2023-04-01,2024-03-31,1
2023-05-12,30040,2023-03-31,,33008000000,0.105,,,,,824000000,4.109,1145000000,0.414,883000000,,0.217,217.21,,,,,,25029000000,4646000000,0.186,1140.50,4646000000,,,,,40.00,,,,4168500,94823,4067199,false,false,12,2022-04-01,2023-03-31,0
2023-05-12,30040,2022-03-31,,29859000000,-0.058,,,,,161000000,-0.557,810000000,0.409,725000000,,1.915,186.72,,,,,,24231000000,3559000000,0.147,878.31,3559000000,,,,,0.00,,,,4168500,115897,3887918,false,false,12,2021-04-01,2022-03-31,-1
2023-05-12,30040,2024-03-31,,,,,,,,,,,,,,,,,,,,,,,,,,,,,,40.00,,,,,,,false,true,12,2023-04-01,2024-03-31,1
2023-07-28,30040,2024-03-31,1,10247000000,0.053,,,,,482000000,1.943,567000000,1.124,,434000000,,106.77,,,,,,25738000000,5304000000,0.206,,5304000000,,,,,,,,,,,,true,false,3,2023-04-01,2023-06-30,0
2023-07-28,30040,2023-03-31,1,9730000000,0.048,,,,,163000000,-0.258,267000000,0.195,,209000000,,51.67,,,,,,,,,,,,,,,,,,,,,,true,false,3,2022-04-01,2022-06-30,-1
2023-07-28,30040,2024-03-31,1,40000000000,0.003,,,,,1380000000,0.003,1250000000,-0.067,,850000000,,208.66,,,,,,,,,,,,,,,,,,,,,,true,true,12,2023-04-01,2024-03-31,0
2023-07-28,30040,2023-03-31,1,,,,,,,,,,,,,,,,,,,,24159000000,4651000000,0.193,,4651000000,,,,,,,,,,,,true,false,12,2022-04-01,2023-03-31,-1
2023-07-28,30040,2023-03-31,1,,,,,,,,,,,,,,,,,,,,,,,,,,,,,40.00,,,,4168500,94823,,false,false,12,2022-04-01,2023-03-31,-1
2023-07-28,30040,2024-03-31,1,,,,,,,,,,,,,,,,,,,,,,,,,,,,,40.00,,,,,,,false,true,12,2023-04-01,2024-03-31,0
2023-07-28,30040,2024-03-31,1,,,,,,,,,,,,,,,,,,,,,,,,,,,,,,,,,4168500,94835,4073668,false,false,3,2023-04-01,2023-06-30,0
2023-07-28,30040,2023-03-31,1,,,,,,,,,,,,,,,,,,,,,,,,,,,,,,,,,,,4052595,false,false,3,2022-04-01,2022-06-30,-1
2023-10-31,30040,2024-03-31,2,20356000000,0.060,,,,,957000000,1.178,1043000000,1.045,,810000000,,198.73,,,,,,25844000000,6102000000,0.236,,6102000000,,,,,,,,,,,,true,false,6,2023-04-01,2023-09-30,0
2023-10-31,30040,2023-03-31,2,19211000000,0.031,,,,,439000000,0.077,510000000,0.457,,241000000,,59.40,,,,,,,,,,,,,,,,,,,,,,true,false,6,2022-04-01,2022-09-30,-1
2023-10-31,30040,2024-03-31,2,41000000000,0.028,,,,,1850000000,0.345,1850000000,0.380,,1400000000,,343.07,,,,,,,,,,,,,,,,,,,,,,true,true,12,2023-04-01,2024-03-31,0
2023-10-31,30040,2023-03-31,2,,,,,,,,,,,,,,,,,,,,24159000000,4651000000,0.193,,4651000000,,,,,,,,,,,,true,false,12,2022-04-01,2023-03-31,-1
2023-10-31,30040,2023-03-31,2,,,,,,,,,,,,,,,,,,,,,,,,,,,,,40.00,,,,4168500,94823,,false,false,12,2022-04-01,2023-03-31,-1
2023-10-31,30040,2024-03-31,2,,,,,,,,,,,,,,,,,,,,,,,,,,,,,50.00,,,,,,,false,true,12,2023-04-01,2024-03-31,0
2023-10-31,30040,2024-03-31,2,,,,,,,,,,,,,,,,,,,,,,,,,,,,,,,,,4168500,78117,4080857,false,false,6,2023-04-01,2023-09-30,0
2023-10-31,30040,2023-03-31,2,,,,,,,,,,,,,,,,,,,,,,,,,,,,,,,,,,,4061641,false,false,6,2022-04-01,2022-09-30,-1
2024-02-02,30040,2024-03-31,3,31071000000,0.025,,,,,1488000000,0.634,1593000000,0.678,,1280000000,,313.60,,,,,,26196000000,6501000000,0.248,,6501000000,,,,,,,,,,,,true,false,9,2023-04-01,2023-12-31,0
2024-02-02,30040,2023-03-31,3,30311000000,0.049,,,,,910000000,0.401,949000000,0.598,,597000000,,147.04,,,,,,,,,,,,,,,,,,,,,,true,false,9,2022-04-01,2022-12-31,-1
2024-02-02,30040,2024-03-31,3,41000000000,0.028,,,,,1850000000,0.345,1850000000,0.380,,1400000000,,343.07,,,,,,,,,,,,,,,,,,,,,,true,true,12,2023-04-01,2024-03-31,0
2024-02-02,30040,2023-03-31,3,,,,,,,,,,,,,,,,,,,,24159000000,4651000000,0.193,,4651000000,,,,,,,,,,,,true,false,12,2022-04-01,2023-03-31,-1
2024-02-02,30040,2023-03-31,3,,,,,,,,,,,,,,,,,,,,,,,,,,,,,40.00,,,,4168500,94823,,false,false,12,2022-04-01,2023-03-31,-1
2024-02-02,30040,2024-03-31,3,,,,,,,,,,,,,,,,,,,,,,,,,,,,,50.00,,,,,,,false,true,12,2023-04-01,2024-03-31,0
2024-02-02,30040,2024-03-31,3,,,,,,,,,,,,,,,,,,,,,,,,,,,,,,,,,4168500,78192,4083704,false,false,9,2023-04-01,2023-12-31,0
2024-02-02,30040,2023-03-31,3,,,,,,,,,,,,,,,,,,,,,,,,,,,,,,,,,,,4065254,false,false,9,2022-04-01,2022-12-31,-1
2024-04-19,30040,2024-03-31,,40204000000,-0.019,,,,,1793000000,-0.031,1909000000,0.032,,1655000000,,405.25,,,,,,,,,,,,,,,,,,,,,,true,true,12,2023-04-01,2024-03-31,0
2024-04-19,30040,2023-03-31,,39892000000,,,,,,1375000000,,1340000000,,,949000000,,233.50,,,,,,,,,,,,,,,,,,,,,,true,false,12,2022-04-01,2023-03-31,-1
2024-04-19,30040,2024-03-31,,33438000000,0.013,,,,,1268000000,0.539,1761000000,0.538,1626000000,,0.841,398.06,,,,,,,,,,,,,,,80.00,,,,,,,false,true,12,2023-04-01,2024-03-31,0
2024-04-19,30040,2023-03-31,,33008000000,,,,,,824000000,,1145000000,,883000000,,,217.21,,,,,,,,,,,,,,,40.00,,,,,,,false,false,12,2022-04-01,2023-03-31,-1
2024-05-10,30040,2024-03-31,,40204000000,0.008,,,,,1793000000,0.304,1909000000,0.425,,1655000000,,405.25,,0.270,0.075,0.045,,26574000000,7614000000,0.287,1861.49,7614000000,1311000000,-84000000,-1029000000,1459000000,,0.197,,,,,,true,false,12,2023-04-01,2024-03-31,0
2024-05-10,30040,2023-03-31,,39892000000,0.059,,,,,1375000000,0.906,1340000000,1.113,,949000000,,233.50,,0.235,0.056,0.034,,24159000000,4651000000,0.193,1141.92,4651000000,598000000,-70000000,-484000000,1251000000,,0.171,,,,,,true,false,12,2022-04-01,2023-03-31,-1
2024-05-10,30040,2025-03-31,,41000000000,0.020,,,,,1750000000,-0.024,1650000000,-0.136,,1350000000,,330.05,,,,,,,,,,,,,,,,0.273,,,,,,true,true,12,2024-04-01,2025-03-31,1
2024-05-10,30040,2024-03-31,,33438000000,0.013,,,,,1268000000,0.539,1761000000,0.538,1626000000,,0.841,398.06,,,,,,27482000000,7533000000,0.274,1841.81,7533000000,,,,,80.00,,,,4168500,78207,4085225,false,false,12,2023-04-01,2024-03-31,0
2024-05-10,30040,2023-03-31,,33008000000,0.105,,,,,824000000,4.109,1145000000,0.414,883000000,,0.217,217.21,,,,,,25029000000,4646000000,0.186,1140.50,4646000000,,,,,40.00,,,,4168500,94823,4067199,false,false,12,2022-04-01,2023-03-31,-1
2024-05-10,30040,2025-03-31,,,,,,,,,,,,,,,,,,,,,,,,,,,,,,90.00,,,,,,,false,true,12,2024-04-01,2025-03-31,1
2024-07-31,30040,2025-03-31,1,9879000000,-0.036,,,,,284000000,-0.411,384000000,-0.322,,302000000,,73.95,,,,,,27207000000,8047000000,0.296,,8047000000,,,,,,,,,,,,true,false,3,2024-04-01,2024-06-30,0
2024-07-31,30040,2024-03-31,1,10247000000,0.053,,,,,482000000,1.943,567000000,1.124,,434000000,,106.77,,,,,,,,,,,,,,,,,,,,,,true,false,3,2023-04-01,2023-06-30,-1
2024-07-31,30040,2025-03-31,1,41000000000,0.020,,,,,1750000000,-0.024,1650000000,-0.136,,1350000000,,330.05,,,,,,,,,,,,,,,,,,,,,,true,true,12,2024-04-01,2025-03-31,0
2024-07-31,30040,2024-03-31,1,,,,,,,,,,,,,,,,,,,,26574000000,7614000000,0.287,,7614000000,,,,,,,,,,,,true,false,12,2023-04-01,2024-03-31,-1
2024-07-31,30040,2024-03-31,1,,,,,,,,,,,,,,,,,,,,,,,,,,,,,80.00,,,,4168500,78207,,false,false,12,2023-04-01,2024-03-31,-1
2024-07-31,30040,2025-03-31,1,,,,,,,,,,,,,,,,,,,,,,,,,,,,,90.00,,,,,,,false,true,12,2024-04-01,2025-03-31,0
2024-07-31,30040,2025-03-31,1,,,,,,,,,,,,,,,,,,,,,,,,,,,,,,,,,4168500,78207,4090293,false,false,3,2024-04-01,2024-06-30,0
2024-07-31,30040,2024-03-31,1,,,,,,,,,,,,,,,,,,,,,,,,,,,,,,,,,,,4073668,false,false,3,2023-04-01,2023-06-30,-1
2024-10-31,30040,2025-03-31,2,19702000000,-0.032,,,,,600000000,-0.373,575000000,-0.448,,501000000,,122.40,,,,,,25340000000,7667000000,0.303,,7667000000,,,,,,,,,,,,true,false,6,2024-04-01,2024-09-30,0
2024-10-31,30040,2024-03-31,2,20356000000,0.060,,,,,957000000,1.178,1043000000,1.045,,810000000,,198.73,,,,,,,,,,,,,,,,,,,,,,true,false,6,2023-04-01,2023-09-30,-1
2024-10-31,30040,2025-03-31,2,41000000000,0.020,,,,,1750000000,-0.024,1650000000,-0.136,,1350000000,,330.05,,,,,,,,,,,,,,,,,,,,,,true,true,12,2024-04-01,2025-03-31,0
2024-10-31,30040,2024-03-31,2,,,,,,,,,,,,,,,,,,,,26574000000,7614000000,0.287,,7614000000,,,,,,,,,,,,true,false,12,2023-04-01,2024-03-31,-1
2024-10-31,30040,2024-03-31,2,,,,,,,,,,,,,,,,,,,,,,,,,,,,,80.00,,,,4168500,78207,,false,false,12,2023-04-01,2024-03-31,-1
2024-10-31,30040,2025-03-31,2,,,,,,,,,,,,,,,,,,,,,,,,,,,,,90.00,,,,,,,false,true,12,2024-04-01,2025-03-31,0
2024-10-31,30040,2025-03-31,2,,,,,,,,,,,,,,,,,,,,,,,,,,,,,,,,,4168500,69422,4094058,false,false,6,2024-04-01,2024-09-30,0
2024-10-31,30040,2024-03-31,2,,,,,,,,,,,,,,,,,,,,,,,,,,,,,,,,,,,4080857,false,false,6,2023-04-01,2023-09-30,-1
2025-01-31,30040,2025-03-31,3,30144000000,-0.030,,,,,1085000000,-0.271,1196000000,-0.249,,1005000000,,245.54,,,,,,27575000000,8650000000,0.314,,8650000000,,,,,,,,,,,,true,false,9,2024-04-01,2024-12-31,0
2025-01-31,30040,2024-03-31,3,31071000000,0.025,,,,,1488000000,0.634,1593000000,0.678,,1280000000,,313.60,,,,,,,,,,,,,,,,,,,,,,true,false,9,2023-04-01,2023-12-31,-1
2025-01-31,30040,2025-03-31,3,40200000000,-0.000,,,,,1350000000,-0.247,1400000000,-0.267,,1300000000,,317.42,,,,,,,,,,,,,,,,,,,,,,true,true,12,2024-04-01,2025-03-31,0
2025-01-31,30040,2024-03-31,3,,,,,,,,,,,,,,,,,,,,26574000000,7614000000,0.287,,7614000000,,,,,,,,,,,,true,false,12,2023-04-01,2024-03-31,-1
2025-01-31,30040,2024-03-31,3,,,,,,,,,,,,,,,,,,,,,,,,,,,,,80.00,,,,4168500,78207,,false,false,12,2023-04-01,2024-03-31,-1
2025-01-31,30040,2025-03-31,3,,,,,,,,,,,,,,,,,,,,,,,,,,,,,90.00,,,,,,,false,true,12,2024-04-01,2025-03-31,0
2025-01-31,30040,2025-03-31,3,,,,,,,,,,,,,,,,,,,,,,,,,,,,,,,,,4168500,69422,4095564,false,false,9,2024-04-01,2024-12-31,0
2025-01-31,30040,2024-03-31,3,,,,,,,,,,,,,,,,,,,,,,,,,,,,,,,,,,,4083704,false,false,9,2023-04-01,2023-12-31,-1
2025-05-14,30040,2025-03-31,,40158000000,-0.001,,,,,1385000000,-0.227,1431000000,-0.250,,1321000000,,324.85,,0.161,0.053,0.035,,27562000000,8785000000,0.319,2248.11,8785000000,662000000,-5000000,-1011000000,1146000000,,0.277,,,,,,true,false,12,2024-04-01,2025-03-31,0
2025-05-14,30040,2024-03-31,,40204000000,0.008,,,,,1793000000,0.304,1909000000,0.425,,1655000000,,405.25,,0.270,0.075,0.045,,26574000000,7614000000,0.287,1861.49,7614000000,1311000000,-84000000,-1029000000,1459000000,,0.197,,,,,,true,false,12,2023-04-01,2024-03-31,-1
2025-05-14,30040,2026-03-31,,41500000000,0.033,,,,,1750000000,0.263,1700000000,0.187,,1400000000,,358.26,,,,,,,,,,,,,,,,0.279,,,,,,true,true,12,2025-04-01,2026-03-31,1
2025-05-14,30040,2025-03-31,,33359000000,-0.002,,,,,904000000,-0.287,1283000000,-0.271,1245000000,,-0.234,306.17,,,,,,28493000000,8552000000,0.300,2188.53,8552000000,,,,,90.00,,,,4168500,260692,4066954,false,false,12,2024-04-01,2025-03-31,0
2025-05-14,30040,2024-03-31,,33438000000,0.013,,,,,1268000000,0.539,1761000000,0.538,1626000000,,0.841,398.06,,,,,,27482000000,7533000000,0.274,1841.81,7533000000,,,,,80.00,,,,4168500,78207,4085225,false,false,12,2023-04-01,2024-03-31,-1
2025-05-14,30040,2026-03-31,,,,,,,,,,,,,,,,,,,,,,,,,,,,,,100.00,,,,,,,false,true,12,2025-04-01,2026-03-31,1
2025-07-31,30040,2026-03-31,1,10613000000,0.074,,,,,395000000,0.394,412000000,0.071,,746000000,,190.92,,,,,,27115000000,8882000000,0.328,,8882000000,,,,,,,,,,,,true,false,3,2025-04-01,2025-06-30,0
2025-07-31,30040,2025-03-31,1,9879000000,-0.036,,,,,284000000,-0.411,384000000,-0.322,,302000000,,73.95,,,,,,,,,,,,,,,,,,,,,,true,false,3,2024-04-01,2024-06-30,-1
2025-07-31,30040,2026-03-31,1,41500000000,0.033,,,,,1750000000,0.263,1700000000,0.187,,1400000000,,358.26,,,,,,,,,,,,,,,,,,,,,,true,true,12,2025-04-01,2026-03-31,0
2025-07-31,30040,2025-03-31,1,,,,,,,,,,,,,,,,,,,,27562000000,8785000000,0.319,,8785000000,,,,,,,,,,,,true,false,12,2024-04-01,2025-03-31,-1
2025-07-31,30040,2025-03-31,1,,,,,,,,,,,,,,,,,,,,,,,,,,,,,90.00,,,,4168500,260692,,false,false,12,2024-04-01,2025-03-31,-1
2025-07-31,30040,2026-03-31,1,,,,,,,,,,,,,,,,,,,,,,,,,,,,,100.00,,,,,,,false,true,12,2025-04-01,2026-03-31,0
2025-07-31,30040,2026-03-31,1,,,,,,,,,,,,,,,,,,,,,,,,,,,,,,,,,4168500,260692,3907808,false,false,3,2025-04-01,2025-06-30,0
2025-07-31,30040,2025-03-31,1,,,,,,,,,,,,,,,,,,,,,,,,,,,,,,,,,,,4090293,false,false,3,2024-04-01,2024-06-30,-1
