filing_date,code,fiscal_year_end,quarterly_period,net_sales,net_sales_change,revenue,revenue_change,operating_revenue,operating_revenue_change,operating_profit,operating_profit_change,ordinary_profit,ordinary_profit_change,net_income,net_income_of_parent,net_income_change,eps,diluted_eps,roe,roa,operating_profit_to_net_sales,operating_profit_to_revenue,total_assets,net_assets,equity_ratio,bps,owner_equity,operating_cash_flow,investing_cash_flow,financing_cash_flow,cash,dividend_per_share,payout_ratio,commemorative_dividend,extra_dividend,number_of_shares,number_of_treqsury_shares,avg_number_of_shares,is_consolidated,is_forecast,duration,period_start,period_end,period_pos
2015-06-10,30310,2015-04-30,,2056000000,0.064,,,,,336000000,0.357,327000000,0.318,201000000,,0.634,34.54,32.81,0.131,0.087,0.163,,4327000000,1543000000,0.356,270.88,1540000000,1016000000,-76000000,-264000000,1643000000,,0.197,,,,,,true,false,12,2014-05-01,2015-04-30,0
2015-06-10,30310,2014-04-30,,1932000000,0.069,,,,,247000000,0.366,248000000,0.408,123000000,,-0.078,21.82,21.50,0.086,0.082,0.128,,3228000000,1545000000,0.478,264.17,1543000000,95000000,-75000000,91000000,968000000,,0.195,,,,,,true,false,12,2013-05-01,2014-04-30,-1
2015-06-10,30310,2016-04-30,,2270000000,0.104,,,,,415000000,0.235,410000000,0.254,,260000000,,45.71,,,,,,,,,,,,,,,,,,,,,,true,true,12,2015-05-01,2016-04-30,1
2015-06-10,30310,2015-04-30,,1653000000,0.056,,,,,234000000,0.652,249000000,0.438,156000000,,0.847,26.76,25.42,,,,,4018000000,1333000000,0.331,233.86,1330000000,,,,,6.80,,,,5945100,256846,5837954,false,false,12,2014-05-01,2015-04-30,0
2015-06-10,30310,2014-04-30,,1565000000,0.039,,,,,142000000,0.128,173000000,0.197,84000000,,-0.327,14.95,14.85,,,,,3001000000,1379000000,0.459,235.91,1378000000,,,,,4.25,,,,5844600,46,5656888,false,false,12,2013-05-01,2014-04-30,-1
2015-08-27,30310,2016-04-30,1,533000000,0.088,,,,,87000000,0.522,86000000,0.487,,54000000,,3.20,3.03,,,,,4167000000,1577000000,0.378,90.93,1574000000,,,,,,,,,,,,true,false,3,2015-05-01,2015-07-31,0
2015-08-27,30310,2015-04-30,1,490000000,0.057,,,,,57000000,0.485,58000000,0.550,,35000000,,2.03,1.93,,,,,,,,,,,,,,,,,,,,,true,false,3,2014-05-01,2014-07-31,-1
2015-08-27,30310,2016-04-30,1,2270000000,0.104,,,,,415000000,0.235,410000000,0.254,,260000000,,15.05,,,,,,,,,,,,,,,,,,,,,,true,true,12,2015-05-01,2016-04-30,0
2015-08-27,30310,2015-04-30,1,,,,,,,,,,,,,,,,,,,,4327000000,1543000000,0.356,90.29,1540000000,,,,,,,,,,,,true,false,12,2014-05-01,2015-04-30,-1
2015-08-27,30310,2015-04-30,1,,,,,,,,,,,,,,,,,,,,,,,,,,,,,6.80,,,,17835300,770538,,false,false,12,2014-05-01,2015-04-30,-1
2015-08-27,30310,2016-04-30,1,,,,,,,,,,,,,,,,,,,,,,,,,,,,,0.00,,,,,,,false,true,12,2015-05-01,2016-04-30,0
2015-08-27,30310,2016-04-30,1,,,,,,,,,,,,,,,,,,,,,,,,,,,,,,,,,18085500,770538,17182349,false,false,3,2015-05-01,2015-07-31,0
2015-08-27,30310,2015-04-30,1,,,,,,,,,,,,,,,,,,,,,,,,,,,,,,,,,,,17533662,false,false,3,2014-05-01,2014-07-31,-1
,30310,2016-04-30,,,,,,,,,,,,,,,,,,,,,,,,,,,,,,3.00,,,,,,,false,true,12,2015-05-01,2016-04-30,0
,30310,2015-04-30,,,,,,,,,,,,,,,,,,,,,,,,,,,,,,2.27,,,,,,,false,false,12,2014-05-01,2015-04-30,-1
2015-11-26,30310,2016-04-30,2,1077000000,0.081,,,,,183000000,0.222,181000000,0.199,,117000000,,6.79,6.45,,,,,4555000000,1639000000,0.359,94.51,1636000000,,,,,,,,,,,,true,false,6,2015-05-01,2015-10-31,0
2015-11-26,30310,2015-04-30,2,996000000,0.066,,,,,150000000,0.570,151000000,0.616,,95000000,,5.41,5.16,,,,,,,,,,,,,,,,,,,,,true,false,6,2014-05-01,2014-10-31,-1
2015-11-26,30310,2016-04-30,2,2270000000,0.104,,,,,415000000,0.235,410000000,0.254,,260000000,,15.05,,,,,,,,,,,,,,,,,,,,,,true,true,12,2015-05-01,2016-04-30,0
2015-11-26,30310,2015-04-30,2,,,,,,,,,,,,,,,,,,,,4327000000,1543000000,0.356,90.29,1540000000,,,,,,,,,,,,true,false,12,2014-05-01,2015-04-30,-1
2015-11-26,30310,2015-04-30,2,,,,,,,,,,,,,,,,,,,,,,,,,,,,,6.80,,,,17835300,770538,,false,false,12,2014-05-01,2015-04-30,-1
2015-11-26,30310,2016-04-30,2,,,,,,,,,,,,,,,,,,,,,,,,,,,,,0.00,,,,,,,false,false,12,2015-05-01,2016-04-30,0
2015-11-26,30310,2016-04-30,2,,,,,,,,,,,,,,,,,,,,,,,,,,,,,3.00,,,,,,,false,true,12,2015-05-01,2016-04-30,0
2015-11-26,30310,2016-04-30,2,,,,,,,,,,,,,,,,,,,,,,,,,,,,,,,,,18085500,770538,17248655,false,false,6,2015-05-01,2015-10-31,0
2015-11-26,30310,2015-04-30,2,,,,,,,,,,,,,,,,,,,,,,,,,,,,,,,,,,,17550840,false,false,6,2014-05-01,2014-10-31,-1
2016-02-25,30310,2016-04-30,3,1641000000,0.081,,,,,280000000,0.104,277000000,0.080,,177000000,,10.30,9.82,,,,,4380000000,1702000000,0.388,97.99,1699000000,,,,,,,,,,,,true,false,9,2015-05-01,2016-01-31,0
2016-02-25,30310,2015-04-30,3,1518000000,0.059,,,,,254000000,0.383,256000000,0.398,,159000000,,9.07,8.64,,,,,,,,,,,,,,,,,,,,,true,false,9,2014-05-01,2015-01-31,-1
2016-02-25,30310,2016-04-30,3,2270000000,0.104,,,,,415000000,0.235,410000000,0.254,,260000000,,15.04,,,,,,,,,,,,,,,,,,,,,,true,true,12,2015-05-01,2016-04-30,0
2016-02-25,30310,2015-04-30,3,,,,,,,,,,,,,,,,,,,,4327000000,1543000000,0.356,90.29,1540000000,,,,,,,,,,,,true,false,12,2014-05-01,2015-04-30,-1
2016-02-25,30310,2015-04-30,3,,,,,,,,,,,,,,,,,,,,,,,,,,,,,6.80,,,,17835300,770538,,false,false,12,2014-05-01,2015-04-30,-1
2016-02-25,30310,2016-04-30,3,,,,,,,,,,,,,,,,,,,,,,,,,,,,,0.00,,,,,,,false,false,12,2015-05-01,2016-04-30,0
2016-02-25,30310,2016-04-30,3,,,,,,,,,,,,,,,,,,,,,,,,,,,,,4.50,,,,,,,false,true,12,2015-05-01,2016-04-30,0
2016-02-25,30310,2016-04-30,3,,,,,,,,,,,,,,,,,,,,,,,,,,,,,,,,,18112500,770538,17272029,false,false,9,2015-05-01,2016-01-31,0
2016-02-25,30310,2015-04-30,3,,,,,,,,,,,,,,,,,,,,,,,,,,,,,,,,,,,17561516,false,false,9,2014-05-01,2015-01-31,-1
,30310,2016-04-30,,,,,,,,,,,,,,,,,,,,,,,,,,,,,,4.50,,,,,,,false,true,12,2015-05-01,2016-04-30,0
,30310,2016-04-30,,,,,,,,,,,,,,,,,,,,,,,,,,,,,,0.00,,,,,,,false,false,12,2015-05-01,2016-04-30,0
,30310,2015-04-30,,,,,,,,,,,,,,,,,,,,,,,,,,,,,,2.27,,,,,,,false,false,12,2014-05-01,2015-04-30,-1
2016-06-10,30310,2016-04-30,,2229000000,0.084,,,,,393000000,0.171,367000000,0.122,,239000000,,13.84,13.20,0.144,0.079,0.177,,4969000000,1777000000,0.357,101.17,1774000000,398000000,-102000000,-81000000,1858000000,,0.325,,,,,,true,false,12,2015-05-01,2016-04-30,0
2016-06-10,30310,2015-04-30,,2056000000,0.064,,,,,336000000,0.357,327000000,0.318,,201000000,,11.51,10.94,0.131,0.087,0.163,,4327000000,1543000000,0.356,90.29,1540000000,1016000000,-76000000,-264000000,1643000000,,0.197,,,,,,true,false,12,2014-05-01,2015-04-30,-1
2016-06-10,30310,2017-04-30,,2500000000,0.121,,,,,420000000,0.067,420000000,0.142,,250000000,,14.25,,,,,,,,,,,,,,,,,,,,,,true,true,12,2016-05-01,2017-04-30,1
2016-06-10,30310,2016-04-30,,1754000000,0.061,,,,,260000000,0.110,252000000,0.012,168000000,,0.080,9.75,9.31,,,,,4539000000,1496000000,0.329,85.14,1493000000,,,,,4.50,,,,18312300,770538,17302190,false,false,12,2015-05-01,2016-04-30,0
2016-06-10,30310,2015-04-30,,1653000000,0.056,,,,,234000000,0.652,249000000,0.438,156000000,,0.847,8.92,8.47,,,,,4018000000,1333000000,0.331,77.95,1330000000,,,,,6.80,,,,17835300,770538,17513863,false,false,12,2014-05-01,2015-04-30,-1
2016-08-26,30310,2017-04-30,1,569000000,0.068,,,,,94000000,0.082,93000000,0.087,,57000000,,3.29,3.17,,,,,4734000000,1756000000,0.370,99.95,1753000000,,,,,,,,,,,,true,false,3,2016-05-01,2016-07-31,0
2016-08-26,30310,2016-04-30,1,533000000,0.088,,,,,87000000,0.522,86000000,0.487,,54000000,,3.20,3.03,,,,,,,,,,,,,,,,,,,,,true,false,3,2015-05-01,2015-07-31,-1
2016-08-26,30310,2017-04-30,1,2500000000,0.121,,,,,420000000,0.067,420000000,0.142,,250000000,,14.25,,,,,,,,,,,,,,,,,,,,,,true,true,12,2016-05-01,2017-04-30,0
2016-08-26,30310,2016-04-30,1,,,,,,,,,,,,,,,,,,,,4969000000,1777000000,0.357,101.17,1774000000,,,,,,,,,,,,true,false,12,2015-05-01,2016-04-30,-1
2016-08-26,30310,2016-04-30,1,,,,,,,,,,,,,,,,,,,,,,,,,,,,,4.50,,,,18312300,770538,,false,false,12,2015-05-01,2016-04-30,-1
2016-08-26,30310,2017-04-30,1,,,,,,,,,,,,,,,,,,,,,,,,,,,,,0.00,,,,,,,false,true,12,2016-05-01,2017-04-30,0
2016-08-26,30310,2017-04-30,1,,,,,,,,,,,,,,,,,,,,,,,,,,,,,,,,,18317700,770538,17542867,false,false,3,2016-05-01,2016-07-31,0
2016-08-26,30310,2016-04-30,1,,,,,,,,,,,,,,,,,,,,,,,,,,,,,,,,,,,17182349,false,false,3,2015-05-01,2015-07-31,-1
2016-11-29,30310,2017-04-30,2,1145000000,0.063,,,,,199000000,0.089,195000000,0.076,,104000000,,5.94,5.73,,,,,5079000000,1802000000,0.354,102.60,1800000000,,,,,,,,,,,,true,false,6,2016-05-01,2016-10-31,0
2016-11-29,30310,2016-04-30,2,1077000000,0.081,,,,,183000000,0.222,181000000,0.199,,117000000,,6.79,6.45,,,,,,,,,,,,,,,,,,,,,true,false,6,2015-05-01,2015-10-31,-1
2016-11-29,30310,2017-04-30,2,2500000000,0.121,,,,,420000000,0.067,420000000,0.142,,250000000,,14.25,,,,,,,,,,,,,,,,,,,,,,true,true,12,2016-05-01,2017-04-30,0
2016-11-29,30310,2016-04-30,2,,,,,,,,,,,,,,,,,,,,4969000000,1777000000,0.357,101.17,1774000000,,,,,,,,,,,,true,false,12,2015-05-01,2016-04-30,-1
2016-11-29,30310,2016-04-30,2,,,,,,,,,,,,,,,,,,,,,,,,,,,,,4.50,,,,18312300,770538,,false,false,12,2015-05-01,2016-04-30,-1
2016-11-29,30310,2017-04-30,2,,,,,,,,,,,,,,,,,,,,,,,,,,,,,0.00,,,,,,,false,false,12,2016-05-01,2017-04-30,0
2016-11-29,30310,2017-04-30,2,,,,,,,,,,,,,,,,,,,,,,,,,,,,,,,,,18317700,770538,17545014,false,false,6,2016-05-01,2016-10-31,0
2016-11-29,30310,2016-04-30,2,,,,,,,,,,,,,,,,,,,,,,,,,,,,,,,,,,,17248655,false,false,6,2015-05-01,2015-10-31,-1
2017-02-27,30310,2017-04-30,3,1743000000,0.062,,,,,317000000,0.132,312000000,0.125,,182000000,,10.39,10.03,,,,,4993000000,1880000000,0.376,107.05,1878000000,,,,,,,,,,,,true,false,9,2016-05-01,2017-01-31,0
2017-02-27,30310,2016-04-30,3,1641000000,0.081,,,,,280000000,0.104,277000000,0.080,,177000000,,10.30,9.82,,,,,,,,,,,,,,,,,,,,,true,false,9,2015-05-01,2016-01-31,-1
2017-02-27,30310,2017-04-30,3,2500000000,0.121,,,,,420000000,0.067,420000000,0.142,,250000000,,14.25,,,,,,,,,,,,,,,,,,,,,,true,true,12,2016-05-01,2017-04-30,0
2017-02-27,30310,2016-04-30,3,,,,,,,,,,,,,,,,,,,,4969000000,1777000000,0.357,101.17,1774000000,,,,,,,,,,,,true,false,12,2015-05-01,2016-04-30,-1
2017-02-27,30310,2016-04-30,3,,,,,,,,,,,,,,,,,,,,,,,,,,,,,4.50,,,,18312300,770538,,false,false,12,2015-05-01,2016-04-30,-1
2017-02-27,30310,2017-04-30,3,,,,,,,,,,,,,,,,,,,,,,,,,,,,,0.00,,,,,,,false,false,12,2016-05-01,2017-04-30,0
2017-02-27,30310,2017-04-30,3,,,,,,,,,,,,,,,,,,,,,,,,,,,,,,,,,18317700,770538,17545730,false,false,9,2016-05-01,2017-01-31,0
2017-02-27,30310,2016-04-30,3,,,,,,,,,,,,,,,,,,,,,,,,,,,,,,,,,,,17272029,false,false,9,2015-05-01,2016-01-31,-1
,30310,2017-04-30,,,,,,,,,,,,,,,,,,,,,,,,,,,,,,4.50,,,,,,,false,true,12,2016-05-01,2017-04-30,0
,30310,2017-04-30,,,,,,,,,,,,,,,,,,,,,,,,,,,,,,0.00,,,,,,,false,false,12,2016-05-01,2017-04-30,0
,30310,2016-04-30,,,,,,,,,,,,,,,,,,,,,,,,,,,,,,4.50,,,,,,,false,false,12,2015-05-01,2016-04-30,-1
2017-06-09,30310,2017-04-30,,2359000000,0.058,,,,,420000000,0.069,414000000,0.127,,255000000,,14.58,14.08,0.139,0.079,0.178,,5566000000,1907000000,0.342,108.89,1905000000,469000000,-153000000,-180000000,1992000000,,0.309,,,,,,true,false,12,2016-05-01,2017-04-30,0
2017-06-09,30310,2016-04-30,,2229000000,0.084,,,,,393000000,0.171,367000000,0.122,,239000000,,13.84,13.20,0.144,0.079,0.177,,4969000000,1777000000,0.357,101.17,1774000000,398000000,-102000000,-81000000,1858000000,,0.325,,,,,,true,false,12,2015-05-01,2016-04-30,-1
2017-06-09,30310,2018-04-30,,2550000000,0.081,,,,,490000000,0.164,485000000,0.171,,300000000,,17.14,,,,,,,,,,,,,,,,,,,,,,true,true,12,2017-05-01,2018-04-30,1
2017-06-09,30310,2017-04-30,,1861000000,0.061,,,,,217000000,-0.164,243000000,-0.038,144000000,,-0.143,8.25,7.96,,,,,4974000000,1515000000,0.304,86.47,1513000000,,,,,4.50,,,,18369900,870538,17540865,false,false,12,2016-05-01,2017-04-30,0
2017-06-09,30310,2016-04-30,,1754000000,0.061,,,,,260000000,0.110,252000000,0.012,168000000,,0.080,9.75,9.31,,,,,4539000000,1496000000,0.329,85.14,1493000000,,,,,4.50,,,,18312300,770538,17302190,false,false,12,2015-05-01,2016-04-30,-1
2017-08-30,30310,2018-04-30,1,612000000,0.075,,,,,106000000,0.123,104000000,0.111,,69000000,,3.94,3.82,,,,,5267000000,1907000000,0.362,108.06,1904000000,,,,,,,,,,,,true,false,3,2017-05-01,2017-07-31,0
2017-08-30,30310,2017-04-30,1,569000000,0.068,,,,,94000000,0.082,93000000,0.087,,57000000,,3.29,3.17,,,,,,,,,,,,,,,,,,,,,true,false,3,2016-05-01,2016-07-31,-1
2017-08-30,30310,2018-04-30,1,2550000000,0.081,,,,,490000000,0.164,485000000,0.171,,300000000,,17.14,,,,,,,,,,,,,,,,,,,,,,true,true,12,2017-05-01,2018-04-30,0
2017-08-30,30310,2017-04-30,1,,,,,,,,,,,,,,,,,,,,5566000000,1907000000,0.342,108.89,1905000000,,,,,,,,,,,,true,false,12,2016-05-01,2017-04-30,-1
2017-08-30,30310,2017-04-30,1,,,,,,,,,,,,,,,,,,,,,,,,,,,,,4.50,,,,18369900,870538,,false,false,12,2016-05-01,2017-04-30,-1
2017-08-30,30310,2018-04-30,1,,,,,,,,,,,,,,,,,,,,,,,,,,,,,0.00,,,,,,,false,true,12,2017-05-01,2018-04-30,0
2017-08-30,30310,2018-04-30,1,,,,,,,,,,,,,,,,,,,,,,,,,,,,,,,,,18495900,870608,17534428,false,false,3,2017-05-01,2017-07-31,0
2017-08-30,30310,2017-04-30,1,,,,,,,,,,,,,,,,,,,,,,,,,,,,,,,,,,,17542867,false,false,3,2016-05-01,2016-07-31,-1
2017-11-29,30310,2018-04-30,2,1239000000,0.082,,,,,212000000,0.061,208000000,0.067,,139000000,,7.96,7.73,,,,,5666000000,1978000000,0.349,112.07,1975000000,,,,,,,,,,,,true,false,6,2017-05-01,2017-10-31,0
2017-11-29,30310,2017-04-30,2,1145000000,0.063,,,,,199000000,0.089,195000000,0.076,,104000000,,5.94,5.73,,,,,,,,,,,,,,,,,,,,,true,false,6,2016-05-01,2016-10-31,-1
2017-11-29,30310,2018-04-30,2,2550000000,0.081,,,,,490000000,0.164,485000000,0.171,,300000000,,17.14,,,,,,,,,,,,,,,,,,,,,,true,true,12,2017-05-01,2018-04-30,0
2017-11-29,30310,2017-04-30,2,,,,,,,,,,,,,,,,,,,,5566000000,1907000000,0.342,108.89,1905000000,,,,,,,,,,,,true,false,12,2016-05-01,2017-04-30,-1
2017-11-29,30310,2017-04-30,2,,,,,,,,,,,,,,,,,,,,,,,,,,,,,4.50,,,,18369900,870538,,false,false,12,2016-05-01,2017-04-30,-1
2017-11-29,30310,2018-04-30,2,,,,,,,,,,,,,,,,,,,,,,,,,,,,,0.00,,,,,,,false,false,12,2017-05-01,2018-04-30,0
2017-11-29,30310,2018-04-30,2,,,,,,,,,,,,,,,,,,,,,,,,,,,,,,,,,18501300,870608,17582119,false,false,6,2017-05-01,2017-10-31,0
2017-11-29,30310,2017-04-30,2,,,,,,,,,,,,,,,,,,,,,,,,,,,,,,,,,,,17545014,false,false,6,2016-05-01,2016-10-31,-1
2018-02-26,30310,2018-04-30,3,1887000000,0.082,,,,,334000000,0.053,329000000,0.057,,221000000,,12.56,12.20,,,,,5409000000,2059000000,0.380,116.64,2057000000,,,,,,,,,,,,true,false,9,2017-05-01,2018-01-31,0
2018-02-26,30310,2017-04-30,3,1743000000,0.062,,,,,317000000,0.132,312000000,0.125,,182000000,,10.39,10.03,,,,,,,,,,,,,,,,,,,,,true,false,9,2016-05-01,2017-01-31,-1
2018-02-26,30310,2018-04-30,3,2550000000,0.081,,,,,490000000,0.164,485000000,0.171,,300000000,,17.14,,,,,,,,,,,,,,,,,,,,,,true,true,12,2017-05-01,2018-04-30,0
2018-02-26,30310,2017-04-30,3,,,,,,,,,,,,,,,,,,,,5566000000,1907000000,0.342,108.89,1905000000,,,,,,,,,,,,true,false,12,2016-05-01,2017-04-30,-1
2018-02-26,30310,2017-04-30,3,,,,,,,,,,,,,,,,,,,,,,,,,,,,,4.50,,,,18369900,870538,,false,false,12,2016-05-01,2017-04-30,-1
2018-02-26,30310,2018-04-30,3,,,,,,,,,,,,,,,,,,,,,,,,,,,,,0.00,,,,,,,false,false,12,2017-05-01,2018-04-30,0
2018-02-26,30310,2018-04-30,3,,,,,,,,,,,,,,,,,,,,,,,,,,,,,,,,,18510300,870656,17599812,false,false,9,2017-05-01,2018-01-31,0
2018-02-26,30310,2017-04-30,3,,,,,,,,,,,,,,,,,,,,,,,,,,,,,,,,,,,17545730,false,false,9,2016-05-01,2017-01-31,-1
,30310,2018-04-30,,,,,,,,,,,,,,,,,,,,,,,,,,,,,,5.20,,,,,,,false,true,12,2017-05-01,2018-04-30,0
,30310,2018-04-30,,,,,,,,,,,,,,,,,,,,,,,,,,,,,,0.00,,,,,,,false,false,12,2017-05-01,2018-04-30,0
,30310,2017-04-30,,,,,,,,,,,,,,,,,,,,,,,,,,,,,,4.50,,,,,,,false,false,12,2016-05-01,2017-04-30,-1
2018-06-08,30310,2018-04-30,,2546000000,0.079,,,,,437000000,0.040,431000000,0.041,,282000000,,16.05,15.61,0.140,0.074,0.172,,6056000000,2133000000,0.352,119.67,2131000000,374000000,-97000000,-113000000,2155000000,,0.324,,,,,,true,false,12,2017-05-01,2018-04-30,0
2018-06-08,30310,2017-04-30,,2359000000,0.058,,,,,420000000,0.069,414000000,0.127,,255000000,,14.58,14.08,0.139,0.079,0.178,,5566000000,1907000000,0.342,108.89,1905000000,469000000,-153000000,-180000000,1992000000,,0.309,,,,,,true,false,12,2016-05-01,2017-04-30,-1
2018-06-08,30310,2019-04-30,,2709000000,0.064,,,,,513000000,0.172,508000000,0.177,,330000000,,18.53,,,,,,,,,,,,,,,,,,,,,,true,true,12,2018-05-01,2019-04-30,1
2018-06-08,30310,2018-04-30,,1999000000,0.074,,,,,234000000,0.076,265000000,0.090,172000000,,0.190,9.76,9.50,,,,,5310000000,1630000000,0.307,91.42,1628000000,,,,,5.20,,,,18680400,870656,17625370,false,false,12,2017-05-01,2018-04-30,0
2018-06-08,30310,2017-04-30,,1861000000,0.061,,,,,217000000,-0.164,243000000,-0.038,144000000,,-0.143,8.25,7.96,,,,,4974000000,1515000000,0.304,86.47,1513000000,,,,,4.50,,,,18369900,870538,17540865,false,false,12,2016-05-01,2017-04-30,-1
2018-08-30,30310,2019-04-30,1,669000000,0.093,,,,,133000000,0.257,133000000,0.277,,90000000,,5.05,4.97,,,,,5971000000,2133000000,0.357,119.39,2132000000,,,,,,,,,,,,true,false,3,2018-05-01,2018-07-31,0
2018-08-30,30310,2018-04-30,1,612000000,0.075,,,,,106000000,0.123,104000000,0.111,,69000000,,3.94,3.82,,,,,,,,,,,,,,,,,,,,,true,false,3,2017-05-01,2017-07-31,-1
2018-08-30,30310,2019-04-30,1,2709000000,0.064,,,,,513000000,0.172,508000000,0.177,,330000000,,18.53,,,,,,,,,,,,,,,,,,,,,,true,true,12,2018-05-01,2019-04-30,0
2018-08-30,30310,2018-04-30,1,,,,,,,,,,,,,,,,,,,,6056000000,2133000000,0.352,119.67,2131000000,,,,,,,,,,,,true,false,12,2017-05-01,2018-04-30,-1
2018-08-30,30310,2018-04-30,1,,,,,,,,,,,,,,,,,,,,,,,,,,,,,5.20,,,,18680400,870656,,false,false,12,2017-05-01,2018-04-30,-1
2018-08-30,30310,2019-04-30,1,,,,,,,,,,,,,,,,,,,,,,,,,,,,,0.00,,,,,,,false,true,12,2018-05-01,2019-04-30,0
2018-08-30,30310,2019-04-30,1,,,,,,,,,,,,,,,,,,,,,,,,,,,,,,,,,18728100,870656,17834327,false,false,3,2018-05-01,2018-07-31,0
2018-08-30,30310,2018-04-30,1,,,,,,,,,,,,,,,,,,,,,,,,,,,,,,,,,,,17534428,false,false,3,2017-05-01,2017-07-31,-1
2018-11-29,30310,2019-04-30,2,1351000000,0.091,,,,,270000000,0.276,267000000,0.282,,182000000,,10.20,10.04,,,,,7061000000,2249000000,0.317,124.93,2239000000,,,,,,,,,,,,true,false,6,2018-05-01,2018-10-31,0
2018-11-29,30310,2018-04-30,2,1239000000,0.082,,,,,212000000,0.061,208000000,0.067,,139000000,,7.96,7.73,,,,,,,,,,,,,,,,,,,,,true,false,6,2017-05-01,2017-10-31,-1
2018-11-29,30310,2019-04-30,2,2709000000,0.064,,,,,513000000,0.172,508000000,0.177,,330000000,,18.53,,,,,,,,,,,,,,,,,,,,,,true,true,12,2018-05-01,2019-04-30,0
2018-11-29,30310,2018-04-30,2,,,,,,,,,,,,,,,,,,,,6056000000,2133000000,0.352,119.67,2131000000,,,,,,,,,,,,true,false,12,2017-05-01,2018-04-30,-1
2018-11-29,30310,2018-04-30,2,,,,,,,,,,,,,,,,,,,,,,,,,,,,,5.20,,,,18680400,870656,,false,false,12,2017-05-01,2018-04-30,-1
2018-11-29,30310,2019-04-30,2,,,,,,,,,,,,,,,,,,,,,,,,,,,,,0.00,,,,,,,false,false,12,2018-05-01,2019-04-30,0
2018-11-29,30310,2019-04-30,2,,,,,,,,,,,,,,,,,,,,,,,,,,,,,,,,,18780300,850657,17869322,false,false,6,2018-05-01,2018-10-31,0
2018-11-29,30310,2018-04-30,2,,,,,,,,,,,,,,,,,,,,,,,,,,,,,,,,,,,17582119,false,false,6,2017-05-01,2017-10-31,-1
2019-03-06,30310,2019-04-30,3,2162000000,0.146,,,,,393000000,0.178,389000000,0.179,,237000000,,13.25,13.03,,,,,7082000000,2444000000,0.344,133.96,2435000000,,,,,,,,,,,,true,false,9,2018-05-01,2019-01-31,0
2019-03-06,30310,2018-04-30,3,1887000000,0.082,,,,,334000000,0.053,329000000,0.057,,221000000,,12.56,12.20,,,,,,,,,,,,,,,,,,,,,true,false,9,2017-05-01,2018-01-31,-1
2019-03-06,30310,2019-04-30,3,2980000000,0.170,,,,,545000000,0.245,540000000,0.251,,333000000,,18.58,,,,,,,,,,,,,,,,,,,,,,true,true,12,2018-05-01,2019-04-30,0
2019-03-06,30310,2018-04-30,3,,,,,,,,,,,,,,,,,,,,6056000000,2133000000,0.352,119.67,2131000000,,,,,,,,,,,,true,false,12,2017-05-01,2018-04-30,-1
2019-03-06,30310,2018-04-30,3,,,,,,,,,,,,,,,,,,,,,,,,,,,,,5.20,,,,18680400,870656,,false,false,12,2017-05-01,2018-04-30,-1
2019-03-06,30310,2019-04-30,3,,,,,,,,,,,,,,,,,,,,,,,,,,,,,0.00,,,,,,,false,false,12,2018-05-01,2019-04-30,0
2019-03-06,30310,2019-04-30,3,,,,,,,,,,,,,,,,,,,,,,,,,,,,,,,,,18797400,620657,17923199,false,false,9,2018-05-01,2019-01-31,0
2019-03-06,30310,2018-04-30,3,,,,,,,,,,,,,,,,,,,,,,,,,,,,,,,,,,,17599812,false,false,9,2017-05-01,2018-01-31,-1
,30310,2019-04-30,,,,,,,,,,,,,,,,,,,,,,,,,,,,,,6.00,,,,,,,false,true,12,2018-05-01,2019-04-30,0
,30310,2019-04-30,,,,,,,,,,,,,,,,,,,,,,,,,,,,,,0.00,,,,,,,false,false,12,2018-05-01,2019-04-30,0
,30310,2018-04-30,,,,,,,,,,,,,,,,,,,,,,,,,,,,,,5.20,,,,,,,false,false,12,2017-05-01,2018-04-30,-1
2019-06-13,30310,2019-04-30,,2980000000,0.171,,,,,548000000,0.254,545000000,0.265,,379000000,,21.05,20.68,0.157,0.073,0.184,,8848000000,2697000000,0.304,144.86,2689000000,-569000000,-1679000000,2416000000,2323000000,,0.285,,,,,,true,false,12,2018-05-01,2019-04-30,0
2019-06-13,30310,2018-04-30,,2546000000,0.079,,,,,437000000,0.040,431000000,0.041,,282000000,,16.05,15.61,0.140,0.074,0.172,,6056000000,2133000000,0.352,119.67,2131000000,374000000,-97000000,-113000000,2155000000,,0.324,,,,,,true,false,12,2017-05-01,2018-04-30,-1
2019-06-13,30310,2020-04-30,,3450000000,0.158,,,,,670000000,0.221,670000000,0.228,,425000000,,22.89,,,,,,,,,,,,,,,,,,,,,,true,true,12,2019-05-01,2020-04-30,1
2019-06-13,30310,2018-04-30,,,,,,,,,,,,,,,,,,,,,,,,,,,,,,5.20,,,,18680400,870656,17625370,false,false,12,2017-05-01,2018-04-30,-1
2019-06-13,30310,2019-04-30,,,,,,,,,,,,,,,,,,,,,,,,,,,,,,6.00,,,,19024200,460657,18030061,false,false,12,2018-05-01,2019-04-30,0
2019-09-05,30310,2020-04-30,1,818000000,0.223,,,,,175000000,0.319,175000000,0.314,,111000000,,6.01,5.96,,,,,8371000000,2699000000,0.321,144.79,2690000000,,,,,,,,,,,,true,false,3,2019-05-01,2019-07-31,0
2019-09-05,30310,2019-04-30,1,669000000,0.093,,,,,133000000,0.257,133000000,0.277,,90000000,,5.05,4.97,,,,,,,,,,,,,,,,,,,,,true,false,3,2018-05-01,2018-07-31,-1
2019-09-05,30310,2020-04-30,1,3450000000,0.158,,,,,670000000,0.221,670000000,0.228,,425000000,,22.89,,,,,,,,,,,,,,,,,,,,,,true,true,12,2019-05-01,2020-04-30,0
2019-09-05,30310,2019-04-30,1,,,,,,,,,,,,,,,,,,,,8848000000,2697000000,0.304,144.86,2689000000,,,,,,,,,,,,true,false,12,2018-05-01,2019-04-30,-1
2019-09-05,30310,2019-04-30,1,,,,,,,,,,,,,,,,,,,,,,,,,,,,,6.00,,,,19024200,460657,,false,false,12,2018-05-01,2019-04-30,-1
2019-09-05,30310,2020-04-30,1,,,,,,,,,,,,,,,,,,,,,,,,,,,,,,,,,19046700,460657,18579244,false,false,3,2019-05-01,2019-07-31,0
2019-09-05,30310,2019-04-30,1,,,,,,,,,,,,,,,,,,,,,,,,,,,,,,,,,,,17834327,false,false,3,2018-05-01,2018-07-31,-1
2019-12-05,30310,2020-04-30,2,1667000000,0.234,,,,,365000000,0.348,369000000,0.384,,236000000,,12.75,12.65,,,,,8887000000,2844000000,0.319,152.26,2834000000,,,,,,,,,,,,true,false,6,2019-05-01,2019-10-31,0
2019-12-05,30310,2019-04-30,2,1351000000,0.091,,,,,270000000,0.276,267000000,0.282,,182000000,,10.20,10.04,,,,,,,,,,,,,,,,,,,,,true,false,6,2018-05-01,2018-10-31,-1
2019-12-05,30310,2020-04-30,2,3450000000,0.158,,,,,670000000,0.221,670000000,0.228,,425000000,,22.89,,,,,,,,,,,,,,,,,,,,,,true,true,12,2019-05-01,2020-04-30,0
2019-12-05,30310,2019-04-30,2,,,,,,,,,,,,,,,,,,,,8848000000,2697000000,0.304,144.86,2689000000,,,,,,,,,,,,true,false,12,2018-05-01,2019-04-30,-1
2019-12-05,30310,2019-04-30,2,,,,,,,,,,,,,,,,,,,,,,,,,,,,,6.00,,,,19024200,460657,,false,false,12,2018-05-01,2019-04-30,-1
2019-12-05,30310,2020-04-30,2,,,,,,,,,,,,,,,,,,,,,,,,,,,,,0.00,,,,,,,false,false,12,2019-05-01,2020-04-30,0
2019-12-05,30310,2020-04-30,2,,,,,,,,,,,,,,,,,,,,,,,,,,,,,,,,,19046700,430657,18586094,false,false,6,2019-05-01,2019-10-31,0
2019-12-05,30310,2019-04-30,2,,,,,,,,,,,,,,,,,,,,,,,,,,,,,,,,,,,17869322,false,false,6,2018-05-01,2018-10-31,-1
2020-03-05,30310,2020-04-30,3,2531000000,0.170,,,,,527000000,0.338,529000000,0.362,,338000000,,18.10,17.86,,,,,9321000000,3541000000,0.379,180.15,3531000000,,,,,,,,,,,,true,false,9,2019-05-01,2020-01-31,0
2020-03-05,30310,2019-04-30,3,2162000000,0.146,,,,,393000000,0.178,389000000,0.179,,237000000,,13.25,13.03,,,,,,,,,,,,,,,,,,,,,true,false,9,2018-05-01,2019-01-31,-1
2020-03-05,30310,2020-04-30,3,3450000000,0.158,,,,,670000000,0.221,670000000,0.228,,425000000,,22.89,,,,,,,,,,,,,,,,,,,,,,true,true,12,2019-05-01,2020-04-30,0
2020-03-05,30310,2019-04-30,3,,,,,,,,,,,,,,,,,,,,8848000000,2697000000,0.304,144.86,2689000000,,,,,,,,,,,,true,false,12,2018-05-01,2019-04-30,-1
2020-03-05,30310,2019-04-30,3,,,,,,,,,,,,,,,,,,,,,,,,,,,,,6.00,,,,19024200,460657,,false,false,12,2018-05-01,2019-04-30,-1
2020-03-05,30310,2020-04-30,3,,,,,,,,,,,,,,,,,,,,,,,,,,,,,0.00,,,,,,,false,false,12,2019-05-01,2020-04-30,0
2020-03-05,30310,2020-04-30,3,,,,,,,,,,,,,,,,,,,,,,,,,,,,,,,,,19606043,,18676077,false,false,9,2019-05-01,2020-01-31,0
2020-03-05,30310,2019-04-30,3,,,,,,,,,,,,,,,,,,,,,,,,,,,,,,,,,,,17923199,false,false,9,2018-05-01,2019-01-31,-1
,30310,2020-04-30,,,,,,,,,,,,,,,,,,,,,,,,,,,,,,6.50,,,,,,,false,true,12,2019-05-01,2020-04-30,0
,30310,2020-04-30,,,,,,,,,,,,,,,,,,,,,,,,,,,,,,0.00,,,,,,,false,false,12,2019-05-01,2020-04-30,0
,30310,2019-04-30,,,,,,,,,,,,,,,,,,,,,,,,,,,,,,6.00,,,,,,,false,false,12,2018-05-01,2019-04-30,-1
2020-06-11,30310,2020-04-30,,3477000000,0.167,,,,,706000000,0.287,708000000,0.298,,451000000,,23.73,22.85,0.135,0.063,0.203,,13600000000,3999000000,0.293,197.68,3988000000,1768000000,-427000000,2969000000,6634000000,,0.274,,,,,,true,false,12,2019-05-01,2020-04-30,0
2020-06-11,30310,2019-04-30,,2980000000,0.171,,,,,548000000,0.254,545000000,0.265,,379000000,,21.05,20.68,0.157,0.073,0.184,,8848000000,2697000000,0.304,144.86,2689000000,-569000000,-1679000000,2416000000,2323000000,,0.285,,,,,,true,false,12,2018-05-01,2019-04-30,-1
2020-06-11,30310,2021-04-30,,3900000000,0.121,,,,,,,,,,,,,,,,,,,,,,,,,,,,,,,,,,true,true,12,2020-05-01,2021-04-30,1
2020-06-11,30310,2021-04-30,,,,,,,,810000000,0.147,800000000,0.129,,490000000,,24.29,,,,,,,,,,,,,,,,,,,,,,true,true,12,2020-05-01,2021-04-30,1
2020-06-11,30310,2021-04-30,,,,,,,,900000000,0.275,890000000,0.256,,550000000,,27.26,,,,,,,,,,,,,,,,,,,,,,true,true,12,2020-05-01,2021-04-30,1
2020-06-11,30310,2019-04-30,,,,,,,,,,,,,,,,,,,,,,,,,,,,,,6.00,,,,19024200,460657,18030061,false,false,12,2018-05-01,2019-04-30,-1
2020-06-11,30310,2020-04-30,,,,,,,,,,,,,,,,,,,,,,,,,,,,,,6.50,,,,20176043,,19007161,false,false,12,2019-05-01,2020-04-30,0
2020-09-03,30310,2021-04-30,1,1084000000,0.325,,,,,344000000,0.961,334000000,0.911,,220000000,,10.69,10.34,,,,,13080000000,4738000000,0.361,224.14,4726000000,,,,,,,,,,,,true,false,3,2020-05-01,2020-07-31,0
2020-09-03,30310,2020-04-30,1,818000000,0.223,,,,,175000000,0.319,175000000,0.314,,111000000,,6.01,5.96,,,,,,,,,,,,,,,,,,,,,true,false,3,2019-05-01,2019-07-31,-1
2020-09-03,30310,2021-04-30,1,4450000000,0.280,,,,,1180000000,0.671,1160000000,0.637,,740000000,,34.61,,,,,,,,,,,,,,,,,,,,,,true,true,12,2020-05-01,2021-04-30,0
2020-09-03,30310,2021-04-30,1,4600000000,0.323,,,,,1270000000,0.799,1250000000,0.764,,800000000,,37.42,,,,,,,,,,,,,,,,,,,,,,true,true,12,2020-05-01,2021-04-30,0
2020-09-03,30310,2020-04-30,1,,,,,,,,,,,,,,,,,,,,13600000000,3999000000,0.293,197.68,3988000000,,,,,,,,,,,,true,false,12,2019-05-01,2020-04-30,-1
2020-09-03,30310,2020-04-30,1,,,,,,,,,,,,,,,,,,,,,,,,,,,,,6.50,,,,20176043,,,false,false,12,2019-05-01,2020-04-30,-1
2020-09-03,30310,2021-04-30,1,,,,,,,,,,,,,,,,,,,,,,,,,,,,,16.00,,,,,,,false,true,12,2020-05-01,2021-04-30,0
2020-09-03,30310,2021-04-30,1,,,,,,,,,,,,,,,,,,,,,,,,,,,,,,,,,21085043,41,20632216,false,false,3,2020-05-01,2020-07-31,0
2020-09-03,30310,2020-04-30,1,,,,,,,,,,,,,,,,,,,,,,,,,,,,,,,,,,,18579244,false,false,3,2019-05-01,2019-07-31,-1
2020-11-30,3031,2021-04-30,2,2149000000,0.289,,,,,662000000,0.814,662000000,0.792,,428000000,,20.19,19.62,,,,,13123000000,5631000000,0.428,251.13,5615000000,,,,,,,,,,,,true,false,6,2020-05-01,2020-10-31,0
2020-11-30,3031,2020-04-30,2,1667000000,0.234,,,,,365000000,0.348,369000000,0.384,,236000000,,12.75,12.65,,,,,,,,,,,,,,,,,,,,,true,false,6,2019-05-01,2019-10-31,-1
2020-11-30,3031,2021-04-30,2,4450000000,0.280,,,,,1180000000,0.671,1160000000,0.637,,740000000,,34.61,,,,,,,,,,,,,,,,,,,,,,true,true,12,2020-05-01,2021-04-30,0
2020-11-30,3031,2021-04-30,2,4600000000,0.323,,,,,1270000000,0.799,1250000000,0.764,,800000000,,37.42,,,,,,,,,,,,,,,,,,,,,,true,true,12,2020-05-01,2021-04-30,0
2020-11-30,3031,2020-04-30,2,,,,,,,,,,,,,,,,,,,,13600000000,3999000000,0.293,197.68,3988000000,,,,,,,,,,,,true,false,12,2019-05-01,2020-04-30,-1
2020-11-30,3031,2020-04-30,2,,,,,,,,,,,,,,,,,,,,,,,,,,,,,6.50,,,,20176043,,,false,false,12,2019-05-01,2020-04-30,-1
2020-11-30,3031,2021-04-30,2,,,,,,,,,,,,,,,,,,,,,,,,,,,,,8.00,,,,,,,false,false,12,2020-05-01,2021-04-30,0
2020-11-30,3031,2021-04-30,2,,,,,,,,,,,,,,,,,,,,,,,,,,,,,16.00,,,,,,,false,true,12,2020-05-01,2021-04-30,0
2020-11-30,3031,2021-04-30,2,,,,,,,,,,,,,,,,,,,,,,,,,,,,,,,,,22361043,41,21207239,false,false,6,2020-05-01,2020-10-31,0
2020-11-30,3031,2020-04-30,2,,,,,,,,,,,,,,,,,,,,,,,,,,,,,,,,,,,18586094,false,false,6,2019-05-01,2019-10-31,-1
2021-03-04,3031,2021-04-30,3,3246000000,0.282,,,,,959000000,0.820,956000000,0.806,,630000000,,29.18,28.60,,,,,12640000000,5662000000,0.446,252.16,5638000000,,,,,,,,,,,,true,false,9,2020-05-01,2021-01-31,0
2021-03-04,3031,2020-04-30,3,2531000000,0.170,,,,,527000000,0.338,529000000,0.362,,338000000,,18.10,17.86,,,,,,,,,,,,,,,,,,,,,true,false,9,2019-05-01,2020-01-31,-1
2021-03-04,3031,2021-04-30,3,4450000000,0.280,,,,,1180000000,0.671,1160000000,0.637,,740000000,,34.61,,,,,,,,,,,,,,,,,,,,,,true,true,12,2020-05-01,2021-04-30,0
2021-03-04,3031,2021-04-30,3,4600000000,0.323,,,,,1270000000,0.799,1250000000,0.764,,800000000,,37.42,,,,,,,,,,,,,,,,,,,,,,true,true,12,2020-05-01,2021-04-30,0
2021-03-04,3031,2020-04-30,3,,,,,,,,,,,,,,,,,,,,13600000000,3999000000,0.293,197.68,3988000000,,,,,,,,,,,,true,false,12,2019-05-01,2020-04-30,-1
2021-03-04,3031,2020-04-30,3,,,,,,,,,,,,,,,,,,,,,,,,,,,,,6.50,,,,20176043,,,false,false,12,2019-05-01,2020-04-30,-1
2021-03-04,3031,2021-04-30,3,,,,,,,,,,,,,,,,,,,,,,,,,,,,,8.00,,,,,,,false,false,12,2020-05-01,2021-04-30,0
2021-03-04,3031,2021-04-30,3,,,,,,,,,,,,,,,,,,,,,,,,,,,,,16.00,,,,,,,false,true,12,2020-05-01,2021-04-30,0
2021-03-04,3031,2021-04-30,3,,,,,,,,,,,,,,,,,,,,,,,,,,,,,,,,,22361043,41,21591827,false,false,9,2020-05-01,2021-01-31,0
2021-03-04,3031,2020-04-30,3,,,,,,,,,,,,,,,,,,,,,,,,,,,,,,,,,,,18676077,false,false,9,2019-05-01,2020-01-31,-1
2021-06-10,3031,2021-04-30,,4364000000,0.255,,,,,1196000000,0.694,1216000000,0.718,,800000000,,36.78,36.19,0.172,0.093,0.274,,12452000000,5342000000,0.426,239.23,5310000000,184000000,-43000000,-1972000000,4802000000,,0.462,,,,,,true,false,12,2020-05-01,2021-04-30,0
2021-06-10,3031,2020-04-30,,3477000000,0.167,,,,,706000000,0.287,708000000,0.298,,451000000,,23.73,22.85,0.135,0.063,0.203,,13600000000,3999000000,0.293,197.68,3988000000,1768000000,-427000000,2969000000,6634000000,,0.274,,,,,,true,false,12,2019-05-01,2020-04-30,-1
2021-06-10,3031,2022-04-30,,5300000000,0.214,,,,,,,,,,,,,,,,,,,,,,,,,,,,,,,,,,true,true,12,2021-05-01,2022-04-30,1
2021-06-10,3031,2022-04-30,,,,,,,,1430000000,0.195,1430000000,0.175,,940000000,,42.35,,,,,,,,,,,,,,,,,,,,,,true,true,12,2021-05-01,2022-04-30,1
2021-06-10,3031,2022-04-30,,,,,,,,1530000000,0.279,1530000000,0.257,,1000000000,,45.05,,,,,,,,,,,,,,,,,,,,,,true,true,12,2021-05-01,2022-04-30,1
2021-06-10,3031,2020-04-30,,,,,,,,,,,,,,,,,,,,,,,,,,,,,,6.50,,,,20176043,,19007161,false,false,12,2019-05-01,2020-04-30,-1
2021-06-10,3031,2021-04-30,,,,,,,,,,,,,,,,,,,,,,,,,,,,,,17.00,,,,22361043,163668,21778030,false,false,12,2020-05-01,2021-04-30,0
2021-06-10,3031,2022-04-30,,,,,,,,,,,,,,,,,,,,,,,,,,,,,,20.00,,,,,,,false,true,12,2021-05-01,2022-04-30,1
2021-08-31,3031,2022-04-30,1,1134000000,0.046,,,,,259000000,-0.248,257000000,-0.231,,169000000,,7.62,7.59,,,,,12639000000,5364000000,0.421,239.72,5324000000,,,,,,,,,,,,true,false,3,2021-05-01,2021-07-31,0
2021-08-31,3031,2021-04-30,1,1084000000,0.325,,,,,344000000,0.961,334000000,0.911,,220000000,,10.69,10.34,,,,,,,,,,,,,,,,,,,,,true,false,3,2020-05-01,2020-07-31,-1
2021-08-31,3031,2022-04-30,1,5300000000,0.214,,,,,,,,,,,,,,,,,,,,,,,,,,,,,,,,,,true,true,12,2021-05-01,2022-04-30,0
2021-08-31,3031,2022-04-30,1,,,,,,,1430000000,0.195,1430000000,0.175,,940000000,,42.35,,,,,,,,,,,,,,,,,,,,,,true,true,12,2021-05-01,2022-04-30,0
2021-08-31,3031,2022-04-30,1,,,,,,,1530000000,0.279,1530000000,0.257,,1000000000,,45.05,,,,,,,,,,,,,,,,,,,,,,true,true,12,2021-05-01,2022-04-30,0
2021-08-31,3031,2021-04-30,1,,,,,,,,,,,,,,,,,,,,12452000000,5342000000,0.426,239.23,5310000000,,,,,,,,,,,,true,false,12,2020-05-01,2021-04-30,-1
2021-08-31,3031,2021-04-30,1,,,,,,,,,,,,,,,,,,,,,,,,,,,,,17.00,,,,22361043,163668,,false,false,12,2020-05-01,2021-04-30,-1
2021-08-31,3031,2022-04-30,1,,,,,,,,,,,,,,,,,,,,,,,,,,,,,20.00,,,,,,,false,true,12,2021-05-01,2022-04-30,0
2021-08-31,3031,2022-04-30,1,,,,,,,,,,,,,,,,,,,,,,,,,,,,,,,,,22361043,148455,22204607,false,false,3,2021-05-01,2021-07-31,0
2021-08-31,3031,2021-04-30,1,,,,,,,,,,,,,,,,,,,,,,,,,,,,,,,,,,,20632216,false,false,3,2020-05-01,2020-07-31,-1
2021-12-02,3031,2022-04-30,2,2295000000,0.068,,,,,504000000,-0.239,495000000,-0.252,,-2000000,,-0.12,,,,,,12994000000,5205000000,0.397,232.06,5154000000,,,,,,,,,,,,true,false,6,2021-05-01,2021-10-31,0
2021-12-02,3031,2021-04-30,2,2149000000,0.289,,,,,662000000,0.814,662000000,0.792,,428000000,,20.19,19.62,,,,,,,,,,,,,,,,,,,,,true,false,6,2020-05-01,2020-10-31,-1
2021-12-02,3031,2022-04-30,2,5300000000,0.214,,,,,,,,,,,,,,,,,,,,,,,,,,,,,,,,,,true,true,12,2021-05-01,2022-04-30,0
2021-12-02,3031,2022-04-30,2,,,,,,,1430000000,0.195,1430000000,0.175,,690000000,,31.07,,,,,,,,,,,,,,,,,,,,,,true,true,12,2021-05-01,2022-04-30,0
2021-12-02,3031,2022-04-30,2,,,,,,,1530000000,0.279,1530000000,0.257,,760000000,,34.22,,,,,,,,,,,,,,,,,,,,,,true,true,12,2021-05-01,2022-04-30,0
2021-12-02,3031,2021-04-30,2,,,,,,,,,,,,,,,,,,,,12452000000,5342000000,0.426,239.23,5310000000,,,,,,,,,,,,true,false,12,2020-05-01,2021-04-30,-1
2021-12-02,3031,2021-04-30,2,,,,,,,,,,,,,,,,,,,,,,,,,,,,,17.00,,,,22361043,163668,,false,false,12,2020-05-01,2021-04-30,-1
2021-12-02,3031,2022-04-30,2,,,,,,,,,,,,,,,,,,,,,,,,,,,,,10.00,,,,,,,false,false,12,2021-05-01,2022-04-30,0
2021-12-02,3031,2022-04-30,2,,,,,,,,,,,,,,,,,,,,,,,,,,,,,20.00,,,,,,,false,true,12,2021-05-01,2022-04-30,0
2021-12-02,3031,2022-04-30,2,,,,,,,,,,,,,,,,,,,,,,,,,,,,,,,,,22361043,147878,22208713,false,false,6,2021-05-01,2021-10-31,0
2021-12-02,3031,2021-04-30,2,,,,,,,,,,,,,,,,,,,,,,,,,,,,,,,,,,,21207239,false,false,6,2020-05-01,2020-10-31,-1
2022-03-04,3031,2022-04-30,3,3519000000,0.084,,,,,834000000,-0.130,823000000,-0.139,,296000000,,13.35,13.30,,,,,12712000000,5294000000,0.412,235.50,5231000000,,,,,,,,,,,,true,false,9,2021-05-01,2022-01-31,0
2022-03-04,3031,2021-04-30,3,3246000000,0.282,,,,,959000000,0.820,956000000,0.806,,630000000,,29.18,28.60,,,,,,,,,,,,,,,,,,,,,true,false,9,2020-05-01,2021-01-31,-1
2022-03-04,3031,2022-04-30,3,4759000000,0.090,,,,,1090000000,-0.089,1080000000,-0.113,,440000000,,19.81,,,,,,,,,,,,,,,,,,,,,,true,true,12,2021-05-01,2022-04-30,0
2022-03-04,3031,2021-04-30,3,,,,,,,,,,,,,,,,,,,,12452000000,5342000000,0.426,239.23,5310000000,,,,,,,,,,,,true,false,12,2020-05-01,2021-04-30,-1
2022-03-04,3031,2021-04-30,3,,,,,,,,,,,,,,,,,,,,,,,,,,,,,17.00,,,,22361043,163668,,false,false,12,2020-05-01,2021-04-30,-1
2022-03-04,3031,2022-04-30,3,,,,,,,,,,,,,,,,,,,,,,,,,,,,,10.00,,,,,,,false,false,12,2021-05-01,2022-04-30,0
2022-03-04,3031,2022-04-30,3,,,,,,,,,,,,,,,,,,,,,,,,,,,,,20.00,,,,,,,false,true,12,2021-05-01,2022-04-30,0
2022-03-04,3031,2022-04-30,3,,,,,,,,,,,,,,,,,,,,,,,,,,,,,,,,,22361043,147616,22210250,false,false,9,2021-05-01,2022-01-31,0
2022-03-04,3031,2021-04-30,3,,,,,,,,,,,,,,,,,,,,,,,,,,,,,,,,,,,21591827,false,false,9,2020-05-01,2021-01-31,-1
2022-06-10,3031,2022-04-30,,4789000000,0.097,,,,,1126000000,-0.059,1135000000,-0.067,,354000000,,15.97,15.90,0.067,0.086,0.235,,14060000000,5364000000,0.376,238.12,5289000000,1856000000,-197000000,-1128000000,5333000000,,1.252,,,,,,true,false,12,2021-05-01,2022-04-30,0
2022-06-10,3031,2021-04-30,,4364000000,0.255,,,,,1196000000,0.694,1216000000,0.718,,800000000,,36.78,36.19,0.172,0.093,0.274,,12452000000,5342000000,0.426,239.23,5310000000,184000000,-43000000,-1972000000,4802000000,,0.462,,,,,,true,false,12,2020-05-01,2021-04-30,-1
2022-06-10,3031,2023-04-30,,5500000000,0.148,,,,,1300000000,0.154,1300000000,0.145,,810000000,,36.76,,,,,,,,,,,,,,,,0.490,,,,,,true,true,12,2022-05-01,2023-04-30,1
2022-06-10,3031,2021-04-30,,,,,,,,,,,,,,,,,,,,,,,,,,,,,,17.00,,,,22361043,163668,21778030,false,false,12,2020-05-01,2021-04-30,-1
2022-06-10,3031,2022-04-30,,,,,,,,,,,,,,,,,,,,,,,,,,,,,,20.00,,,,22361043,147616,22211025,false,false,12,2021-05-01,2022-04-30,0
2022-06-10,3031,2023-04-30,,,,,,,,,,,,,,,,,,,,,,,,,,,,,,18.00,,,,,,,false,true,12,2022-05-01,2023-04-30,1
2022-08-31,3031,2023-04-30,1,1273000000,0.123,,,,,314000000,0.214,312000000,0.214,,199000000,,9.02,8.98,,,,,13336000000,5118000000,0.377,228.03,5030000000,,,,,,,,,,,,true,false,3,2022-05-01,2022-07-31,0
2022-08-31,3031,2022-04-30,1,1134000000,0.046,,,,,259000000,-0.248,257000000,-0.231,,169000000,,7.62,7.59,,,,,,,,,,,,,,,,,,,,,true,false,3,2021-05-01,2021-07-31,-1
2022-08-31,3031,2023-04-30,1,5500000000,0.148,,,,,1300000000,0.154,1300000000,0.145,,810000000,,36.76,,,,,,,,,,,,,,,,,,,,,,true,true,12,2022-05-01,2023-04-30,0
2022-08-31,3031,2022-04-30,1,,,,,,,,,,,,,,,,,,,,14060000000,5364000000,0.376,238.12,5289000000,,,,,,,,,,,,true,false,12,2021-05-01,2022-04-30,-1
2022-08-31,3031,2022-04-30,1,,,,,,,,,,,,,,,,,,,,,,,,,,,,,20.00,,,,22361043,147616,,false,false,12,2021-05-01,2022-04-30,-1
2022-08-31,3031,2023-04-30,1,,,,,,,,,,,,,,,,,,,,,,,,,,,,,18.00,,,,,,,false,true,12,2022-05-01,2023-04-30,0
2022-08-31,3031,2023-04-30,1,,,,,,,,,,,,,,,,,,,,,,,,,,,,,,,,,22361043,298699,22140414,false,false,3,2022-05-01,2022-07-31,0
2022-08-31,3031,2022-04-30,1,,,,,,,,,,,,,,,,,,,,,,,,,,,,,,,,,,,22204607,false,false,3,2021-05-01,2021-07-31,-1
2022-11-30,3031,2023-04-30,2,2582000000,0.125,,,,,607000000,0.204,629000000,0.270,,383000000,,17.33,17.25,,,,,14354000000,5316000000,0.364,236.65,5225000000,,,,,,,,,,,,true,false,6,2022-05-01,2022-10-31,0
2022-11-30,3031,2022-04-30,2,2295000000,0.068,,,,,504000000,-0.239,495000000,-0.252,,-2000000,,-0.12,,,,,,,,,,,,,,,,,,,,,,true,false,6,2021-05-01,2021-10-31,-1
2022-11-30,3031,2023-04-30,2,5500000000,0.148,,,,,1300000000,0.154,1300000000,0.145,,810000000,,36.76,,,,,,,,,,,,,,,,,,,,,,true,true,12,2022-05-01,2023-04-30,0
2022-11-30,3031,2022-04-30,2,,,,,,,,,,,,,,,,,,,,14060000000,5364000000,0.376,238.12,5289000000,,,,,,,,,,,,true,false,12,2021-05-01,2022-04-30,-1
2022-11-30,3031,2022-04-30,2,,,,,,,,,,,,,,,,,,,,,,,,,,,,,20.00,,,,22361043,147616,,false,false,12,2021-05-01,2022-04-30,-1
2022-11-30,3031,2023-04-30,2,,,,,,,,,,,,,,,,,,,,,,,,,,,,,9.00,,,,,,,false,false,12,2022-05-01,2023-04-30,0
2022-11-30,3031,2023-04-30,2,,,,,,,,,,,,,,,,,,,,,,,,,,,,,18.00,,,,,,,false,true,12,2022-05-01,2023-04-30,0
2022-11-30,3031,2023-04-30,2,,,,,,,,,,,,,,,,,,,,,,,,,,,,,,,,,22221243,138716,22104688,false,false,6,2022-05-01,2022-10-31,0
2022-11-30,3031,2022-04-30,2,,,,,,,,,,,,,,,,,,,,,,,,,,,,,,,,,,,22208713,false,false,6,2021-05-01,2021-10-31,-1
2023-02-28,3031,2023-04-30,3,3913000000,0.112,,,,,892000000,0.070,913000000,0.109,,570000000,,25.82,25.69,,,,,13652000000,5317000000,0.382,236.08,5213000000,,,,,,,,,,,,true,false,9,2022-05-01,2023-01-31,0
2023-02-28,3031,2022-04-30,3,3519000000,0.084,,,,,834000000,-0.130,823000000,-0.139,,296000000,,13.35,13.30,,,,,,,,,,,,,,,,,,,,,true,false,9,2021-05-01,2022-01-31,-1
2023-02-28,3031,2023-04-30,3,5500000000,0.148,,,,,1300000000,0.154,1300000000,0.145,,810000000,,36.76,,,,,,,,,,,,,,,,,,,,,,true,true,12,2022-05-01,2023-04-30,0
2023-02-28,3031,2022-04-30,3,,,,,,,,,,,,,,,,,,,,14060000000,5364000000,0.376,238.12,5289000000,,,,,,,,,,,,true,false,12,2021-05-01,2022-04-30,-1
2023-02-28,3031,2022-04-30,3,,,,,,,,,,,,,,,,,,,,,,,,,,,,,20.00,,,,22361043,147616,,false,false,12,2021-05-01,2022-04-30,-1
2023-02-28,3031,2023-04-30,3,,,,,,,,,,,,,,,,,,,,,,,,,,,,,9.00,,,,,,,false,false,12,2022-05-01,2023-04-30,0
2023-02-28,3031,2023-04-30,3,,,,,,,,,,,,,,,,,,,,,,,,,,,,,18.00,,,,,,,false,true,12,2022-05-01,2023-04-30,0
2023-02-28,3031,2023-04-30,3,,,,,,,,,,,,,,,,,,,,,,,,,,,,,,,,,22221243,138781,22097297,false,false,9,2022-05-01,2023-01-31,0
2023-02-28,3031,2022-04-30,3,,,,,,,,,,,,,,,,,,,,,,,,,,,,,,,,,,,22210250,false,false,9,2021-05-01,2022-01-31,-1
2023-06-12,3031,2023-04-30,,5320000000,0.111,,,,,1193000000,0.060,1225000000,0.080,,668000000,,30.27,30.12,0.126,0.084,0.224,,15178000000,5429000000,0.350,240.65,5315000000,1122000000,-165000000,-862000000,5427000000,,0.595,,,,,,true,false,12,2022-05-01,2023-04-30,0
2023-06-12,3031,2022-04-30,,4789000000,0.097,,,,,1126000000,-0.059,1135000000,-0.067,,354000000,,15.97,15.90,0.067,0.086,0.235,,14060000000,5364000000,0.376,238.12,5289000000,1856000000,-197000000,-1128000000,5333000000,,1.252,,,,,,true,false,12,2021-05-01,2022-04-30,-1
2023-06-12,3031,2024-04-30,,6240000000,0.173,,,,,850000000,-0.288,850000000,-0.307,,530000000,,24.62,,,,,,,,,,,,,,,,,,,,,,true,true,12,2023-05-01,2024-04-30,1
2023-06-12,3031,2024-04-30,,6440000000,0.210,,,,,1050000000,-0.120,1050000000,-0.144,,650000000,,30.20,,,,,,,,,,,,,,,,,,,,,,true,true,12,2023-05-01,2024-04-30,1
2023-06-12,3031,2022-04-30,,,,,,,,,,,,,,,,,,,,,,,,,,,,,,20.00,,,,22361043,147616,22211025,false,false,12,2021-05-01,2022-04-30,-1
2023-06-12,3031,2023-04-30,,,,,,,,,,,,,,,,,,,,,,,,,,,,,,18.00,,,,22228743,138781,22094768,false,false,12,2022-05-01,2023-04-30,0
2023-06-12,3031,2024-04-30,,,,,,,,,,,,,,,,,,,,,,,,,,,,,,18.00,,,,,,,false,true,12,2023-05-01,2024-04-30,1
2023-06-12,3031,2024-04-30,,,,,,,,,,,,,,,,,,,,,,,,,,,,,,,0.657,,,,,,true,true,12,2023-05-01,2024-04-30,1
2023-08-31,3031,2024-04-30,1,1389000000,0.091,,,,,278000000,-0.114,281000000,-0.101,,182000000,,8.37,8.34,,,,,14246000000,4948000000,0.338,225.31,4821000000,,,,,,,,,,,,true,false,3,2023-05-01,2023-07-31,0
2023-08-31,3031,2023-04-30,1,1273000000,0.123,,,,,314000000,0.214,312000000,0.214,,199000000,,9.02,8.98,,,,,,,,,,,,,,,,,,,,,true,false,3,2022-05-01,2022-07-31,-1
2023-08-31,3031,2024-04-30,1,6240000000,0.173,,,,,850000000,-0.288,850000000,-0.307,,530000000,,24.62,,,,,,,,,,,,,,,,,,,,,,true,true,12,2023-05-01,2024-04-30,0
2023-08-31,3031,2024-04-30,1,6440000000,0.210,,,,,1050000000,-0.120,1050000000,-0.144,,650000000,,30.20,,,,,,,,,,,,,,,,,,,,,,true,true,12,2023-05-01,2024-04-30,0
2023-08-31,3031,2023-04-30,1,,,,,,,,,,,,,,,,,,,,15178000000,5429000000,0.350,240.65,5315000000,,,,,,,,,,,,true,false,12,2022-05-01,2023-04-30,-1
2023-08-31,3031,2023-04-30,1,,,,,,,,,,,,,,,,,,,,,,,,,,,,,18.00,,,,22228743,138781,,false,false,12,2022-05-01,2023-04-30,-1
2023-08-31,3031,2024-04-30,1,,,,,,,,,,,,,,,,,,,,,,,,,,,,,18.00,,,,,,,false,true,12,2023-05-01,2024-04-30,0
2023-08-31,3031,2024-04-30,1,,,,,,,,,,,,,,,,,,,,,,,,,,,,,,,,,22228743,830287,21825518,false,false,3,2023-05-01,2023-07-31,0
2023-08-31,3031,2023-04-30,1,,,,,,,,,,,,,,,,,,,,,,,,,,,,,,,,,,,22140414,false,false,3,2022-05-01,2022-07-31,-1
2023-11-30,3031,2024-04-30,2,2819000000,0.092,,,,,326000000,-0.463,326000000,-0.481,,202000000,,9.37,9.33,,,,,15039000000,4979000000,0.322,226.52,4848000000,,,,,,,,,,,,true,false,6,2023-05-01,2023-10-31,0
2023-11-30,3031,2023-04-30,2,2582000000,0.125,,,,,607000000,0.204,629000000,0.270,,383000000,,17.33,17.25,,,,,,,,,,,,,,,,,,,,,true,false,6,2022-05-01,2022-10-31,-1
2023-11-30,3031,2024-04-30,2,6240000000,0.173,,,,,850000000,-0.288,850000000,-0.307,,530000000,,24.62,,,,,,,,,,,,,,,,,,,,,,true,true,12,2023-05-01,2024-04-30,0
2023-11-30,3031,2024-04-30,2,6440000000,0.210,,,,,1050000000,-0.120,1050000000,-0.144,,650000000,,30.20,,,,,,,,,,,,,,,,,,,,,,true,true,12,2023-05-01,2024-04-30,0
2023-11-30,3031,2023-04-30,2,,,,,,,,,,,,,,,,,,,,15178000000,5429000000,0.350,240.65,5315000000,,,,,,,,,,,,true,false,12,2022-05-01,2023-04-30,-1
2023-11-30,3031,2023-04-30,2,,,,,,,,,,,,,,,,,,,,,,,,,,,,,18.00,,,,22228743,138781,,false,false,12,2022-05-01,2023-04-30,-1
2023-11-30,3031,2024-04-30,2,,,,,,,,,,,,,,,,,,,,,,,,,,,,,9.00,,,,,,,false,false,12,2023-05-01,2024-04-30,0
2023-11-30,3031,2024-04-30,2,,,,,,,,,,,,,,,,,,,,,,,,,,,,,18.00,,,,,,,false,true,12,2023-05-01,2024-04-30,0
2023-11-30,3031,2024-04-30,2,,,,,,,,,,,,,,,,,,,,,,,,,,,,,,,,,22235143,830260,21614116,false,false,6,2023-05-01,2023-10-31,0
2023-11-30,3031,2023-04-30,2,,,,,,,,,,,,,,,,,,,,,,,,,,,,,,,,,,,22104688,false,false,6,2022-05-01,2022-10-31,-1
2024-02-29,30310,2024-04-30,3,4299000000,0.099,,,,,465000000,-0.479,466000000,-0.489,,310000000,,14.43,14.35,,,,,13967000000,4906000000,0.341,222.53,4763000000,,,,,,,,,,,,true,false,9,2023-05-01,2024-01-31,0
2024-02-29,30310,2023-04-30,3,3913000000,0.112,,,,,892000000,0.070,913000000,0.109,,570000000,,25.82,25.69,,,,,,,,,,,,,,,,,,,,,true,false,9,2022-05-01,2023-01-31,-1
2024-02-29,30310,2024-04-30,3,5850000000,0.099,,,,,550000000,-0.539,550000000,-0.551,,330000000,,15.34,,,,,,,,,,,,,,,,,,,,,,true,true,12,2023-05-01,2024-04-30,0
2024-02-29,30310,2023-04-30,3,,,,,,,,,,,,,,,,,,,,15178000000,5429000000,0.350,240.65,5315000000,,,,,,,,,,,,true,false,12,2022-05-01,2023-04-30,-1
2024-02-29,30310,2023-04-30,3,,,,,,,,,,,,,,,,,,,,,,,,,,,,,18.00,,,,22228743,138781,,false,false,12,2022-05-01,2023-04-30,-1
2024-02-29,30310,2024-04-30,3,,,,,,,,,,,,,,,,,,,,,,,,,,,,,9.00,,,,,,,false,false,12,2023-05-01,2024-04-30,0
2024-02-29,30310,2024-04-30,3,,,,,,,,,,,,,,,,,,,,,,,,,,,,,14.00,,,,,,,false,true,12,2023-05-01,2024-04-30,0
2024-02-29,30310,2024-04-30,3,,,,,,,,,,,,,,,,,,,,,,,,,,,,,,,,,22235143,830257,21544372,false,false,9,2023-05-01,2024-01-31,0
2024-02-29,30310,2023-04-30,3,,,,,,,,,,,,,,,,,,,,,,,,,,,,,,,,,,,22097297,false,false,9,2022-05-01,2023-01-31,-1
2024-06-13,30310,2024-04-30,,5808000000,0.092,,,,,566000000,-0.525,535000000,-0.563,,325000000,,15.15,15.07,0.065,0.035,0.098,,15382000000,4932000000,0.311,223.24,4778000000,660000000,-524000000,-950000000,4613000000,,0.924,,,,,,true,false,12,2023-05-01,2024-04-30,0
2024-06-13,30310,2023-04-30,,5320000000,0.111,,,,,1193000000,0.060,1225000000,0.080,,668000000,,30.27,30.12,0.126,0.084,0.224,,15178000000,5429000000,0.350,240.65,5315000000,1122000000,-165000000,-862000000,5427000000,,0.595,,,,,,true,false,12,2022-05-01,2023-04-30,-1
2024-06-13,30310,2025-04-30,,6100000000,0.050,,,,,1250000000,1.205,1250000000,1.333,,700000000,,32.70,,,,,,,,,,,,,,,,0.612,,,,,,true,true,12,2024-05-01,2025-04-30,1
2024-06-13,30310,2023-04-30,,,,,,,,,,,,,,,,,,,,,,,,,,,,,,18.00,,,,22228743,138781,22094768,false,false,12,2022-05-01,2023-04-30,-1
2024-06-13,30310,2024-04-30,,,,,,,,,,,,,,,,,,,,,,,,,,,,,,14.00,,,,22235143,830257,21510072,false,false,12,2023-05-01,2024-04-30,0
2024-06-13,30310,2025-04-30,,,,,,,,,,,,,,,,,,,,,,,,,,,,,,20.00,,,,,,,false,true,12,2024-05-01,2025-04-30,1
2024-08-30,30310,2025-04-30,1,1523000000,0.096,,,,,299000000,0.076,298000000,0.062,,205000000,,9.58,9.52,,,,,15807000000,5043000000,0.308,227.79,4875000000,,,,,,,,,,,,true,false,3,2024-05-01,2024-07-31,0
2024-08-30,30310,2024-04-30,1,1389000000,0.091,,,,,278000000,-0.114,281000000,-0.101,,182000000,,8.37,8.34,,,,,,,,,,,,,,,,,,,,,true,false,3,2023-05-01,2023-07-31,-1
2024-08-30,30310,2025-04-30,1,3000000000,0.064,,,,,580000000,0.776,570000000,0.745,,250000000,,11.68,,,,,,,,,,,,,,,,,,,,,,true,true,6,2024-05-01,2024-10-31,0
2024-08-30,30310,2025-04-30,1,6100000000,0.050,,,,,1250000000,1.205,1250000000,1.333,,700000000,,32.70,,,,,,,,,,,,,,,,,,,,,,true,true,12,2024-05-01,2025-04-30,0
2024-08-30,30310,2024-04-30,1,,,,,,,,,,,,,,,,,,,,15382000000,4932000000,0.311,223.24,4778000000,,,,,,,,,,,,true,false,12,2023-05-01,2024-04-30,-1
2024-08-30,30310,2024-04-30,1,,,,,,,,,,,,,,,,,,,,,,,,,,,,,14.00,,,,22235143,830257,,false,false,12,2023-05-01,2024-04-30,-1
2024-08-30,30310,2025-04-30,1,,,,,,,,,,,,,,,,,,,,,,,,,,,,,20.00,,,,,,,false,true,12,2024-05-01,2025-04-30,0
2024-08-30,30310,2025-04-30,1,,,,,,,,,,,,,,,,,,,,,,,,,,,,,,,,,22235143,830310,21404874,false,false,3,2024-05-01,2024-07-31,0
2024-08-30,30310,2024-04-30,1,,,,,,,,,,,,,,,,,,,,,,,,,,,,,,,,,,,21825518,false,false,3,2023-05-01,2023-07-31,-1
2024-11-29,30310,2025-04-30,2,3052000000,0.083,,,,,619000000,0.899,599000000,0.835,,289000000,,13.51,13.41,,,,,16251000000,5109000000,0.304,231.16,4937000000,,,,,,,,,,,,true,false,6,2024-05-01,2024-10-31,0
2024-11-29,30310,2024-04-30,2,2819000000,0.092,,,,,326000000,-0.463,326000000,-0.481,,202000000,,9.37,9.33,,,,,,,,,,,,,,,,,,,,,true,false,6,2023-05-01,2023-10-31,-1
2024-11-29,30310,2025-04-30,2,6100000000,0.050,,,,,1250000000,1.205,1250000000,1.333,,700000000,,32.70,,,,,,,,,,,,,,,,,,,,,,true,true,12,2024-05-01,2025-04-30,0
2024-11-29,30310,2024-04-30,2,,,,,,,,,,,,,,,,,,,,15382000000,4932000000,0.311,223.24,4778000000,,,,,,,,,,,,true,false,12,2023-05-01,2024-04-30,-1
2024-11-29,30310,2024-04-30,2,,,,,,,,,,,,,,,,,,,,,,,,,,,,,14.00,,,,22235143,830257,,false,false,12,2023-05-01,2024-04-30,-1
2024-11-29,30310,2025-04-30,2,,,,,,,,,,,,,,,,,,,,,,,,,,,,,10.00,,,,,,,false,false,12,2024-05-01,2025-04-30,0
2024-11-29,30310,2025-04-30,2,,,,,,,,,,,,,,,,,,,,,,,,,,,,,20.00,,,,,,,false,true,12,2024-05-01,2025-04-30,0
2024-11-29,30310,2025-04-30,2,,,,,,,,,,,,,,,,,,,,,,,,,,,,,,,,,22238343,880310,21402675,false,false,6,2024-05-01,2024-10-31,0
2024-11-29,30310,2024-04-30,2,,,,,,,,,,,,,,,,,,,,,,,,,,,,,,,,,,,21614116,false,false,6,2023-05-01,2023-10-31,-1
2025-02-28,30310,2025-04-30,3,4559000000,0.060,,,,,952000000,1.047,1117000000,1.393,,659000000,,30.98,30.74,,,,,15081000000,4831000000,0.310,224.74,4674000000,,,,,,,,,,,,true,false,9,2024-05-01,2025-01-31,0
2025-02-28,30310,2024-04-30,3,4299000000,0.099,,,,,465000000,-0.479,466000000,-0.489,,310000000,,14.43,14.35,,,,,,,,,,,,,,,,,,,,,true,false,9,2023-05-01,2024-01-31,-1
2025-02-28,30310,2025-04-30,3,6100000000,0.050,,,,,1250000000,1.205,1400000000,1.613,,830000000,,39.31,,,,,,,,,,,,,,,,,,,,,,true,true,12,2024-05-01,2025-04-30,0
2025-02-28,30310,2024-04-30,3,,,,,,,,,,,,,,,,,,,,15382000000,4932000000,0.311,223.24,4778000000,,,,,,,,,,,,true,false,12,2023-05-01,2024-04-30,-1
2025-02-28,30310,2024-04-30,3,,,,,,,,,,,,,,,,,,,,,,,,,,,,,14.00,,,,22235143,830257,,false,false,12,2023-05-01,2024-04-30,-1
2025-02-28,30310,2025-04-30,3,,,,,,,,,,,,,,,,,,,,,,,,,,,,,10.00,,,,,,,false,false,12,2024-05-01,2025-04-30,0
2025-02-28,30310,2025-04-30,3,,,,,,,,,,,,,,,,,,,,,,,,,,,,,22.00,,,,,,,false,true,12,2024-05-01,2025-04-30,0
2025-02-28,30310,2025-04-30,3,,,,,,,,,,,,,,,,,,,,,,,,,,,,,,,,,22258943,1460210,21300314,false,false,9,2024-05-01,2025-01-31,0
2025-02-28,30310,2024-04-30,3,,,,,,,,,,,,,,,,,,,,,,,,,,,,,,,,,,,21544372,false,false,9,2023-05-01,2024-01-31,-1
2025-06-12,30310,2025-04-30,,6098000000,0.050,,,,,1254000000,1.213,1397000000,1.608,,836000000,,39.61,39.28,0.182,0.088,0.206,,16217000000,4584000000,0.273,217.42,4419000000,1049000000,-344000000,-988000000,4330000000,,0.555,,,,,,true,false,12,2024-05-01,2025-04-30,0
2025-06-12,30310,2024-04-30,,5808000000,0.092,,,,,566000000,-0.525,535000000,-0.563,,325000000,,15.15,15.07,0.065,0.035,0.098,,15382000000,4932000000,0.311,223.24,4778000000,660000000,-524000000,-950000000,4613000000,,0.924,,,,,,true,false,12,2023-05-01,2024-04-30,-1
2025-06-12,30310,2026-04-30,,6740000000,0.105,,,,,1410000000,0.124,1400000000,0.002,,900000000,,44.27,,,,,,,,,,,,,,,,0.497,,,,,,true,true,12,2025-05-01,2026-04-30,1
2025-06-12,30310,2024-04-30,,,,,,,,,,,,,,,,,,,,,,,,,,,,,,14.00,,,,22235143,830257,21510072,false,false,12,2023-05-01,2024-04-30,-1
2025-06-12,30310,2025-04-30,,,,,,,,,,,,,,,,,,,,,,,,,,,,,,22.00,,,,22258943,1930310,21129314,false,false,12,2024-05-01,2025-04-30,0
2025-06-12,30310,2026-04-30,,,,,,,,,,,,,,,,,,,,,,,,,,,,,,22.00,,,,,,,false,true,12,2025-05-01,2026-04-30,1
2025-08-29,30310,2026-04-30,1,1559000000,0.023,,,,,271000000,-0.096,264000000,-0.115,,172000000,,8.49,8.42,,,,,15956000000,4520000000,0.272,213.83,4346000000,,,,,,,,,,,,true,false,3,2025-05-01,2025-07-31,0
2025-08-29,30310,2025-04-30,1,1523000000,0.096,,,,,299000000,0.076,298000000,0.062,,205000000,,9.58,9.52,,,,,,,,,,,,,,,,,,,,,true,false,3,2024-05-01,2024-07-31,-1
2025-08-29,30310,2026-04-30,1,6740000000,0.105,,,,,1410000000,0.124,1400000000,0.002,,900000000,,44.27,,,,,,,,,,,,,,,,,,,,,,true,true,12,2025-05-01,2026-04-30,0
2025-08-29,30310,2025-04-30,1,,,,,,,,,,,,,,,,,,,,16217000000,4584000000,0.273,217.42,4419000000,,,,,,,,,,,,true,false,12,2024-05-01,2025-04-30,-1
2025-08-29,30310,2025-04-30,1,,,,,,,,,,,,,,,,,,,,,,,,,,,,,22.00,,,,22258943,1930310,,false,false,12,2024-05-01,2025-04-30,-1
2025-08-29,30310,2026-04-30,1,,,,,,,,,,,,,,,,,,,,,,,,,,,,,22.00,,,,,,,false,true,12,2025-05-01,2026-04-30,0
2025-08-29,30310,2026-04-30,1,,,,,,,,,,,,,,,,,,,,,,,,,,,,,,,,,22258943,1930310,20328633,false,false,3,2025-05-01,2025-07-31,0
2025-08-29,30310,2025-04-30,1,,,,,,,,,,,,,,,,,,,,,,,,,,,,,,,,,,,21404874,false,false,3,2024-05-01,2024-07-31,-1
