filing_date,code,fiscal_year_end,quarterly_period,net_sales,net_sales_change,revenue,revenue_change,operating_revenue,operating_revenue_change,operating_profit,operating_profit_change,ordinary_profit,ordinary_profit_change,net_income,net_income_of_parent,net_income_change,eps,diluted_eps,roe,roa,operating_profit_to_net_sales,operating_profit_to_revenue,total_assets,net_assets,equity_ratio,bps,owner_equity,operating_cash_flow,investing_cash_flow,financing_cash_flow,cash,dividend_per_share,payout_ratio,commemorative_dividend,extra_dividend,number_of_shares,number_of_treqsury_shares,avg_number_of_shares,is_consolidated,is_forecast,duration,period_start,period_end,period_pos
2015-06-26,30500,2016-02-29,1,,,,,112953000000,-0.045,5927000000,-0.088,5838000000,-0.103,3415000000,,-0.128,25.11,,,,,,361982000000,160262000000,0.443,,160262000000,,,,,,,,,,,,true,false,3,2015-03-01,2015-05-31,0
2015-06-26,30500,2015-02-28,1,,,,,118233000000,0.064,6500000000,0.278,6505000000,0.237,3915000000,,0.209,28.32,,,,,,,,,,,,,,,,,,,,,,true,false,3,2014-03-01,2014-05-31,-1
2015-06-26,30500,2016-02-29,1,,,,,226000000000,-0.005,11500000000,-0.023,11300000000,-0.022,6700000000,,-0.015,49.26,,,,,,,,,,,,,,,,,,,,,,true,true,6,2015-03-01,2015-08-31,0
2015-06-26,30500,2016-02-29,1,,,,,439100000000,0.019,18000000000,0.083,17700000000,0.089,10200000000,,0.132,74.99,,,,,,,,,,,,,,,,,,,,,,true,true,12,2015-03-01,2016-02-29,0
2015-06-26,30500,2015-02-28,1,,,,,,,,,,,,,,,,,,,,349991000000,157071000000,0.449,,157071000000,,,,,,,,,,,,true,false,12,2014-03-01,2015-02-28,-1
2015-06-26,30500,2015-02-28,1,,,,,,,,,,,,,,,,,,,,,,,,,,,,,20.00,,,,139808949,3787006,,false,false,12,2014-03-01,2015-02-28,-1
2015-06-26,30500,2016-02-29,1,,,,,,,,,,,,,,,,,,,,,,,,,,,,,20.00,,,,,,,false,true,12,2015-03-01,2016-02-29,0
2015-06-26,30500,2016-02-29,1,,,,,,,,,,,,,,,,,,,,,,,,,,,,,,,,,139808949,3745753,136044685,false,false,3,2015-03-01,2015-05-31,0
2015-06-26,30500,2015-02-28,1,,,,,,,,,,,,,,,,,,,,,,,,,,,,,,,,,,,138240418,false,false,3,2014-03-01,2014-05-31,-1
2015-09-28,30500,2016-02-29,2,,,,,221657000000,-0.024,11814000000,0.004,11478000000,-0.007,6775000000,,-0.004,49.21,,,,,,371266000000,168259000000,0.453,,168259000000,,,,,,,,,,,,true,false,6,2015-03-01,2015-08-31,0
2015-09-28,30500,2015-02-28,2,,,,,227055000000,0.015,11765000000,0.097,11554000000,0.079,6803000000,,0.070,49.20,,,,,,,,,,,,,,,,,,,,,,true,false,6,2014-03-01,2014-08-31,-1
2015-09-28,30500,2016-02-29,2,,,,,446200000000,0.036,18000000000,0.083,17700000000,0.089,10200000000,,0.132,74.09,,,,,,,,,,,,,,,,,,,,,,true,true,12,2015-03-01,2016-02-29,0
2015-09-28,30500,2015-02-28,2,,,,,,,,,,,,,,,,,,,,349991000000,157071000000,0.449,,157071000000,,,,,,,,,,,,true,false,12,2014-03-01,2015-02-28,-1
2015-09-28,30500,2015-02-28,2,,,,,,,,,,,,,,,,,,,,,,,,,,,,,20.00,,,,139808949,3787006,,false,false,12,2014-03-01,2015-02-28,-1
2015-09-28,30500,2016-02-29,2,,,,,,,,,,,,,,,,,,,,,,,,,,,,,10.00,,,,,,,false,false,12,2015-03-01,2016-02-29,0
2015-09-28,30500,2016-02-29,2,,,,,,,,,,,,,,,,,,,,,,,,,,,,,20.00,,,,,,,false,true,12,2015-03-01,2016-02-29,0
2015-09-28,30500,2016-02-29,2,,,,,,,,,,,,,,,,,,,,,,,,,,,,,,,,,142055989,1167063,137672915,false,false,6,2015-03-01,2015-08-31,0
2015-09-28,30500,2015-02-28,2,,,,,,,,,,,,,,,,,,,,,,,,,,,,,,,,,,,138283176,false,false,6,2014-03-01,2014-08-31,-1
2015-12-28,30500,2016-02-29,3,,,,,332865000000,0.005,16164000000,0.084,15533000000,0.062,9156000000,,0.067,65.96,,,,,,384032000000,169888000000,0.442,,169888000000,,,,,,,,,,,,true,false,9,2015-03-01,2015-11-30,0
2015-12-28,30500,2015-02-28,3,,,,,331081000000,0.001,14908000000,0.043,14633000000,0.029,8579000000,,0.029,62.27,,,,,,,,,,,,,,,,,,,,,,true,false,9,2014-03-01,2014-11-30,-1
2015-12-28,30500,2016-02-29,3,,,,,446200000000,0.036,18000000000,0.083,17700000000,0.089,10200000000,,0.132,74.09,,,,,,,,,,,,,,,,,,,,,,true,true,12,2015-03-01,2016-02-29,0
2015-12-28,30500,2015-02-28,3,,,,,,,,,,,,,,,,,,,,349991000000,157071000000,0.449,,157071000000,,,,,,,,,,,,true,false,12,2014-03-01,2015-02-28,-1
2015-12-28,30500,2015-02-28,3,,,,,,,,,,,,,,,,,,,,,,,,,,,,,20.00,,,,139808949,3787006,,false,false,12,2014-03-01,2015-02-28,-1
2015-12-28,30500,2016-02-29,3,,,,,,,,,,,,,,,,,,,,,,,,,,,,,10.00,,,,,,,false,false,12,2015-03-01,2016-02-29,0
2015-12-28,30500,2016-02-29,3,,,,,,,,,,,,,,,,,,,,,,,,,,,,,20.00,,,,,,,false,true,12,2015-03-01,2016-02-29,0
2015-12-28,30500,2016-02-29,3,,,,,,,,,,,,,,,,,,,,,,,,,,,,,,,,,142055989,728,138822070,false,false,9,2015-03-01,2015-11-30,0
2015-12-28,30500,2015-02-28,3,,,,,,,,,,,,,,,,,,,,,,,,,,,,,,,,,,,137776672,false,false,9,2014-03-01,2014-11-30,-1
2016-04-08,30500,2016-02-29,,,,,,437732000000,0.016,18446000000,0.110,17489000000,0.076,10549000000,,0.170,75.83,73.70,0.066,0.049,0.043,,367653000000,164088000000,0.446,1205.15,164088000000,-3909000000,-16910000000,18209000000,11513000000,,0.277,,,,,,true,false,12,2015-03-01,2016-02-29,0
2016-04-08,30500,2015-02-28,,,,,,430752000000,-0.008,16619000000,-0.004,16256000000,-0.016,9013000000,,-0.118,65.63,,0.058,0.048,0.039,,349991000000,157071000000,0.449,1154.75,157071000000,41947000000,-20339000000,-19520000000,14123000000,,0.305,,,,,,true,false,12,2014-03-01,2015-02-28,-1
2016-04-08,30500,2017-02-28,,,,,,231100000000,0.043,12100000000,0.024,11700000000,0.019,,7100000000,,52.15,,,,,,,,,,,,,,,,,,,,,,true,true,6,2016-03-01,2016-08-31,1
2016-04-08,30500,2017-02-28,,,,,,447200000000,0.022,19300000000,0.046,18400000000,0.052,,10900000000,,80.06,,,,,,,,,,,,,,,,0.275,,,,,,true,true,12,2016-03-01,2017-02-28,1
2016-04-08,30500,2016-02-29,,,,,,49306000000,0.096,5611000000,-0.082,5666000000,-0.113,5842000000,,-0.065,41.99,40.82,,,,,265788000000,145273000000,0.547,1066.96,145273000000,,,,,21.00,,,,142055989,5899630,139130575,false,false,12,2015-03-01,2016-02-29,0
2016-04-08,30500,2015-02-28,,,,,,44973000000,0.028,6111000000,-0.020,6387000000,-0.030,6248000000,,0.015,45.49,,,,,,262375000000,142436000000,0.543,1047.16,142436000000,,,,,20.00,,,,139808949,3787006,137338918,false,false,12,2014-03-01,2015-02-28,-1
2016-04-08,30500,2017-02-28,,,,,,,,,,,,,,,,,,,,,,,,,,,,,,22.00,,,,,,,false,true,12,2016-03-01,2017-02-28,1
2016-06-28,30500,2017-02-28,1,,,,,117413000000,0.039,6944000000,0.171,6466000000,0.108,,3723000000,,27.34,26.34,,,,,378731000000,167121000000,0.441,,167121000000,,,,,,,,,,,,true,false,3,2016-03-01,2016-05-31,0
2016-06-28,30500,2016-02-28,1,,,,,112953000000,-0.045,5927000000,-0.088,5838000000,-0.103,,3415000000,,25.11,,,,,,,,,,,,,,,,,,,,,,true,false,3,2015-03-01,2015-05-31,-1
2016-06-28,30500,2017-02-28,1,,,,,231100000000,0.043,12100000000,0.024,11700000000,0.019,,7100000000,,52.15,,,,,,,,,,,,,,,,,,,,,,true,true,6,2016-03-01,2016-08-31,0
2016-06-28,30500,2017-02-28,1,,,,,447200000000,0.022,19300000000,0.046,18400000000,0.052,,10900000000,,80.06,,,,,,,,,,,,,,,,,,,,,,true,true,12,2016-03-01,2017-02-28,0
2016-06-28,30500,2016-02-28,1,,,,,,,,,,,,,,,,,,,,367653000000,164088000000,0.446,,164088000000,,,,,,,,,,,,true,false,12,2015-03-01,2016-02-29,-1
2016-06-28,30500,2016-02-28,1,,,,,,,,,,,,,,,,,,,,,,,,,,,,,21.00,,,,142055989,5899630,,false,false,12,2015-03-01,2016-02-29,-1
2016-06-28,30500,2017-02-28,1,,,,,,,,,,,,,,,,,,,,,,,,,,,,,22.00,,,,,,,false,true,12,2016-03-01,2017-02-28,0
2016-06-28,30500,2017-02-28,1,,,,,,,,,,,,,,,,,,,,,,,,,,,,,,,,,142055989,5899724,136156339,false,false,3,2016-03-01,2016-05-31,0
2016-06-28,30500,2016-02-28,1,,,,,,,,,,,,,,,,,,,,,,,,,,,,,,,,,,,136044685,false,false,3,2015-03-01,2015-05-31,-1
2016-09-27,30500,2017-02-28,2,,,,,230406000000,0.039,12909000000,0.093,12213000000,0.064,,7356000000,,54.03,50.18,,,,,371507000000,170071000000,0.458,,170071000000,,,,,,,,,,,,true,false,6,2016-03-01,2016-08-31,0
2016-09-27,30500,2016-02-28,2,,,,,221657000000,-0.024,11814000000,0.004,11478000000,-0.007,,6775000000,,49.21,,,,,,,,,,,,,,,,,,,,,,true,false,6,2015-03-01,2015-08-31,-1
2016-09-27,30500,2017-02-28,2,,,,,447200000000,0.022,19300000000,0.046,18400000000,0.052,,10900000000,,80.06,,,,,,,,,,,,,,,,,,,,,,true,true,12,2016-03-01,2017-02-28,0
2016-09-27,30500,2016-02-28,2,,,,,,,,,,,,,,,,,,,,367653000000,164088000000,0.446,,164088000000,,,,,,,,,,,,true,false,12,2015-03-01,2016-02-29,-1
2016-09-27,30500,2016-02-28,2,,,,,,,,,,,,,,,,,,,,,,,,,,,,,21.00,,,,142055989,5899630,,false,false,12,2015-03-01,2016-02-29,-1
2016-09-27,30500,2017-02-28,2,,,,,,,,,,,,,,,,,,,,,,,,,,,,,11.00,,,,,,,false,false,12,2016-03-01,2017-02-28,0
2016-09-27,30500,2017-02-28,2,,,,,,,,,,,,,,,,,,,,,,,,,,,,,22.00,,,,,,,false,true,12,2016-03-01,2017-02-28,0
2016-09-27,30500,2017-02-28,2,,,,,,,,,,,,,,,,,,,,,,,,,,,,,,,,,142055989,5899873,136156268,false,false,6,2016-03-01,2016-08-31,0
2016-09-27,30500,2016-02-28,2,,,,,,,,,,,,,,,,,,,,,,,,,,,,,,,,,,,137672915,false,false,6,2015-03-01,2015-08-31,-1
2016-12-27,30500,2017-02-28,3,,,,,337610000000,0.014,17503000000,0.083,16635000000,0.071,,10103000000,,74.20,64.41,,,,,382883000000,172120000000,0.450,,172120000000,,,,,,,,,,,,true,false,9,2016-03-01,2016-11-30,0
2016-12-27,30500,2016-02-28,3,,,,,332865000000,0.005,16164000000,0.084,15533000000,0.062,,9156000000,,65.96,,,,,,,,,,,,,,,,,,,,,,true,false,9,2015-03-01,2015-11-30,-1
2016-12-27,30500,2017-02-28,3,,,,,447200000000,0.022,19300000000,0.046,18400000000,0.052,,10900000000,,80.06,,,,,,,,,,,,,,,,,,,,,,true,true,12,2016-03-01,2017-02-28,0
2016-12-27,30500,2016-02-28,3,,,,,,,,,,,,,,,,,,,,367653000000,164088000000,0.446,,164088000000,,,,,,,,,,,,true,false,12,2015-03-01,2016-02-29,-1
2016-12-27,30500,2016-02-28,3,,,,,,,,,,,,,,,,,,,,,,,,,,,,,21.00,,,,142055989,5899630,,false,false,12,2015-03-01,2016-02-29,-1
2016-12-27,30500,2017-02-28,3,,,,,,,,,,,,,,,,,,,,,,,,,,,,,11.00,,,,,,,false,false,12,2016-03-01,2017-02-28,0
2016-12-27,30500,2017-02-28,3,,,,,,,,,,,,,,,,,,,,,,,,,,,,,22.00,,,,,,,false,true,12,2016-03-01,2017-02-28,0
2016-12-27,30500,2017-02-28,3,,,,,,,,,,,,,,,,,,,,,,,,,,,,,,,,,142055989,5900061,136156186,false,false,9,2016-03-01,2016-11-30,0
2016-12-27,30500,2016-02-28,3,,,,,,,,,,,,,,,,,,,,,,,,,,,,,,,,,,,138822070,false,false,9,2015-03-01,2015-11-30,-1
,30500,2017-02-28,,,,,,,,,,,,,,,,,,,,,,,,,,,,,,24.00,,,,,,,false,true,12,2016-03-01,2017-02-28,0
,30500,2017-02-28,,,,,,,,,,,,,,,,,,,,,,,,,,,,,,11.00,,,,,,,false,false,12,2016-03-01,2017-02-28,0
,30500,2016-02-28,,,,,,,,,,,,,,,,,,,,,,,,,,,,,,21.00,,,,,,,false,false,12,2015-03-01,2016-02-29,-1
2017-04-11,30500,2017-02-28,,,,,,443369000000,0.013,19625000000,0.064,19122000000,0.093,,11599000000,,84.31,73.29,0.068,0.050,0.045,,393261000000,179174000000,0.456,1263.33,179174000000,21367000000,-22377000000,1010000000,11513000000,,0.285,,,,,,true,false,12,2016-03-01,2017-02-28,0
2017-04-11,30500,2016-02-28,,,,,,437732000000,0.016,18446000000,0.110,17489000000,0.076,,10549000000,,75.83,73.70,0.066,0.049,0.043,,367653000000,164088000000,0.446,1205.15,164088000000,-3909000000,-16910000000,18209000000,11513000000,,0.277,,,,,,true,false,12,2015-03-01,2016-02-29,-1
2017-04-11,30500,2018-02-28,,,,,,239400000000,0.039,13600000000,0.053,13200000000,0.081,,8400000000,,59.23,,,,,,,,,,,,,,,,,,,,,,true,true,6,2017-03-01,2017-08-31,1
2017-04-11,30500,2018-02-28,,,,,,456800000000,0.030,20600000000,0.050,19800000000,0.035,,12200000000,,86.02,,,,,,,,,,,,,,,,0.302,,,,,,true,true,12,2017-03-01,2018-02-28,1
2017-04-11,30500,2017-02-28,,,,,,50826000000,0.031,7589000000,0.353,7488000000,0.322,7297000000,,0.249,52.99,46.06,,,,,270315000000,155541000000,0.575,1091.78,155541000000,,,,,24.00,,,,142468414,640851,137577131,false,false,12,2016-03-01,2017-02-28,0
2017-04-11,30500,2016-02-28,,,,,,49306000000,0.096,5611000000,-0.082,5666000000,-0.113,5842000000,,-0.065,41.99,40.82,,,,,265788000000,145273000000,0.547,1066.96,145273000000,,,,,21.00,,,,142055989,5899630,139130575,false,false,12,2015-03-01,2016-02-29,-1
2017-04-11,30500,2018-02-28,,,,,,,,,,,,,,,,,,,,,,,,,,,,,,26.00,,,,,,,false,true,12,2017-03-01,2018-02-28,1
2017-06-30,30500,2018-02-28,1,,,,,118317000000,0.008,6944000000,0.000,6831000000,0.056,,4425000000,,31.20,27.23,,,,,403721000000,181608000000,0.450,,181608000000,,,,,,,,,,,,true,false,3,2017-03-01,2017-05-31,0
2017-06-30,30500,2017-02-28,1,,,,,117413000000,0.039,6944000000,0.171,6466000000,0.108,,3723000000,,27.34,26.34,,,,,,,,,,,,,,,,,,,,,true,false,3,2016-03-01,2016-05-31,-1
2017-06-30,30500,2018-02-28,1,,,,,239400000000,0.039,13600000000,0.053,13200000000,0.081,,8400000000,,59.23,,,,,,,,,,,,,,,,,,,,,,true,true,6,2017-03-01,2017-08-31,0
2017-06-30,30500,2018-02-28,1,,,,,456800000000,0.030,20600000000,0.050,19800000000,0.035,,12200000000,,86.02,,,,,,,,,,,,,,,,,,,,,,true,true,12,2017-03-01,2018-02-28,0
2017-06-30,30500,2017-02-28,1,,,,,,,,,,,,,,,,,,,,393261000000,179174000000,0.456,,179174000000,,,,,,,,,,,,true,false,12,2016-03-01,2017-02-28,-1
2017-06-30,30500,2017-02-28,1,,,,,,,,,,,,,,,,,,,,,,,,,,,,,24.00,,,,142468414,640851,,false,false,12,2016-03-01,2017-02-28,-1
2017-06-30,30500,2018-02-28,1,,,,,,,,,,,,,,,,,,,,,,,,,,,,,26.00,,,,,,,false,true,12,2017-03-01,2018-02-28,0
2017-06-30,30500,2018-02-28,1,,,,,,,,,,,,,,,,,,,,,,,,,,,,,,,,,142471519,641913,141829365,false,false,3,2017-03-01,2017-05-31,0
2017-06-30,30500,2017-02-28,1,,,,,,,,,,,,,,,,,,,,,,,,,,,,,,,,,,,136156339,false,false,3,2016-03-01,2016-05-31,-1
2017-09-29,30500,2018-02-28,2,,,,,232597000000,0.010,13453000000,0.042,13151000000,0.077,,8506000000,,60.13,52.46,,,,,400553000000,184302000000,0.460,,184302000000,,,,,,,,,,,,true,false,6,2017-03-01,2017-08-31,0
2017-09-29,30500,2017-02-28,2,,,,,230406000000,0.039,12909000000,0.093,12213000000,0.064,,7356000000,,54.03,50.18,,,,,,,,,,,,,,,,,,,,,true,false,6,2016-03-01,2016-08-31,-1
2017-09-29,30500,2018-02-28,2,,,,,456800000000,0.030,20600000000,0.050,19800000000,0.035,,12200000000,,86.02,,,,,,,,,,,,,,,,,,,,,,true,true,12,2017-03-01,2018-02-28,0
2017-09-29,30500,2017-02-28,2,,,,,,,,,,,,,,,,,,,,393261000000,179174000000,0.456,,179174000000,,,,,,,,,,,,true,false,12,2016-03-01,2017-02-28,-1
2017-09-29,30500,2017-02-28,2,,,,,,,,,,,,,,,,,,,,,,,,,,,,,24.00,,,,142468414,640851,,false,false,12,2016-03-01,2017-02-28,-1
2017-09-29,30500,2018-02-28,2,,,,,,,,,,,,,,,,,,,,,,,,,,,,,13.00,,,,,,,false,false,12,2017-03-01,2018-02-28,0
2017-09-29,30500,2018-02-28,2,,,,,,,,,,,,,,,,,,,,,,,,,,,,,26.00,,,,,,,false,true,12,2017-03-01,2018-02-28,0
2017-09-29,30500,2018-02-28,2,,,,,,,,,,,,,,,,,,,,,,,,,,,,,,,,,142471519,2098801,141471978,false,false,6,2017-03-01,2017-08-31,0
2017-09-29,30500,2017-02-28,2,,,,,,,,,,,,,,,,,,,,,,,,,,,,,,,,,,,136156268,false,false,6,2016-03-01,2016-08-31,-1
2017-12-27,30500,2018-02-28,3,,,,,339878000000,0.007,17403000000,-0.006,16786000000,0.009,,10785000000,,76.43,66.66,,,,,418503000000,185372000000,0.443,,185372000000,,,,,,,,,,,,true,false,9,2017-03-01,2017-11-30,0
2017-12-27,30500,2017-02-28,3,,,,,337610000000,0.014,17503000000,0.083,16635000000,0.071,,10103000000,,74.20,64.41,,,,,,,,,,,,,,,,,,,,,true,false,9,2016-03-01,2016-11-30,-1
2017-12-27,30500,2018-02-28,3,,,,,456800000000,0.030,20600000000,0.050,19800000000,0.035,,12200000000,,86.02,,,,,,,,,,,,,,,,,,,,,,true,true,12,2017-03-01,2018-02-28,0
2017-12-27,30500,2017-02-28,3,,,,,,,,,,,,,,,,,,,,393261000000,179174000000,0.456,,179174000000,,,,,,,,,,,,true,false,12,2016-03-01,2017-02-28,-1
2017-12-27,30500,2017-02-28,3,,,,,,,,,,,,,,,,,,,,,,,,,,,,,24.00,,,,142468414,640851,,false,false,12,2016-03-01,2017-02-28,-1
2017-12-27,30500,2018-02-28,3,,,,,,,,,,,,,,,,,,,,,,,,,,,,,13.00,,,,,,,false,false,12,2017-03-01,2018-02-28,0
2017-12-27,30500,2018-02-28,3,,,,,,,,,,,,,,,,,,,,,,,,,,,,,26.00,,,,,,,false,true,12,2017-03-01,2018-02-28,0
2017-12-27,30500,2018-02-28,3,,,,,,,,,,,,,,,,,,,,,,,,,,,,,,,,,142471519,2068957,141113084,false,false,9,2017-03-01,2017-11-30,0
2017-12-27,30500,2017-02-28,3,,,,,,,,,,,,,,,,,,,,,,,,,,,,,,,,,,,136156186,false,false,9,2016-03-01,2016-11-30,-1
2018-04-13,30500,2018-02-28,,,,,,443578000000,0.000,19507000000,-0.006,18610000000,-0.027,,11310000000,,80.29,70.01,0.062,0.047,0.045,,403136000000,183403000000,0.455,1328.85,183403000000,19981000000,-16546000000,-3087000000,11860000000,,0.324,,,,,,true,false,12,2017-03-01,2018-02-28,0
2018-04-13,30500,2017-02-28,,,,,,443369000000,0.013,19625000000,0.064,19122000000,0.093,,11599000000,,84.31,73.29,0.068,0.050,0.045,,393261000000,179174000000,0.456,1263.33,179174000000,21367000000,-22377000000,1010000000,11513000000,,0.285,,,,,,true,false,12,2016-03-01,2017-02-28,-1
2018-04-13,30500,2019-02-28,,,,,,238000000000,0.023,14300000000,0.063,14000000000,0.064,,8900000000,,64.48,,,,,,,,,,,,,,,,,,,,,,true,true,6,2018-03-01,2018-08-31,1
2018-04-13,30500,2019-02-28,,,,,,454100000000,0.024,21000000000,0.077,20200000000,0.085,,11800000000,,85.50,,,,,,,,,,,,,,,,0.304,,,,,,true,true,12,2018-03-01,2019-02-28,1
2018-04-13,30500,2017-02-28,,,,,,,,,,,,,,,,,,,,,,,,,,,,,,24.00,,,,142468414,640851,137577131,false,false,12,2016-03-01,2017-02-28,-1
2018-04-13,30500,2018-02-28,,,,,,,,,,,,,,,,,,,,,,,,,,,,,,26.00,,,,142472554,4455367,140870470,false,false,12,2017-03-01,2018-02-28,0
2018-04-13,30500,2019-02-28,,,,,,,,,,,,,,,,,,,,,,,,,,,,,,26.00,,,,,,,false,true,12,2018-03-01,2019-02-28,1
2018-06-29,30500,2019-02-28,1,,,,,117766000000,-0.005,6222000000,-0.104,5970000000,-0.126,,4061000000,,29.42,25.59,,,,,436041000000,186538000000,0.428,,186538000000,,,,,,,,,,,,true,false,3,2018-03-01,2018-05-31,0
2018-06-29,30500,2018-02-28,1,,,,,118317000000,0.008,6944000000,0.000,6831000000,0.056,,4425000000,,31.20,27.23,,,,,,,,,,,,,,,,,,,,,true,false,3,2017-03-01,2017-05-31,-1
2018-06-29,30500,2019-02-28,1,,,,,238000000000,0.023,14300000000,0.063,14000000000,0.064,,8900000000,,64.48,,,,,,,,,,,,,,,,,,,,,,true,true,6,2018-03-01,2018-08-31,0
2018-06-29,30500,2019-02-28,1,,,,,454100000000,0.024,21000000000,0.077,20200000000,0.085,,11800000000,,85.50,,,,,,,,,,,,,,,,,,,,,,true,true,12,2018-03-01,2019-02-28,0
2018-06-29,30500,2018-02-28,1,,,,,,,,,,,,,,,,,,,,403136000000,183403000000,0.455,,183403000000,,,,,,,,,,,,true,false,12,2017-03-01,2018-02-28,-1
2018-06-29,30500,2018-02-28,1,,,,,,,,,,,,,,,,,,,,,,,,,,,,,26.00,,,,142472554,4455367,,false,false,12,2017-03-01,2018-02-28,-1
2018-06-29,30500,2019-02-28,1,,,,,,,,,,,,,,,,,,,,,,,,,,,,,26.00,,,,,,,false,true,12,2018-03-01,2019-02-28,0
2018-06-29,30500,2019-02-28,1,,,,,,,,,,,,,,,,,,,,,,,,,,,,,,,,,142474624,4397275,138047450,false,false,3,2018-03-01,2018-05-31,0
2018-06-29,30500,2018-02-28,1,,,,,,,,,,,,,,,,,,,,,,,,,,,,,,,,,,,141829365,false,false,3,2017-03-01,2017-05-31,-1
2018-09-28,30500,2019-02-28,2,,,,,231986000000,-0.003,12948000000,-0.038,12333000000,-0.062,,8148000000,,59.10,51.39,,,,,423478000000,187341000000,0.442,,187341000000,,,,,,,,,,,,true,false,6,2018-03-01,2018-08-31,0
2018-09-28,30500,2018-02-28,2,,,,,232597000000,0.010,13453000000,0.042,13151000000,0.077,,8506000000,,60.13,52.46,,,,,,,,,,,,,,,,,,,,,true,false,6,2017-03-01,2017-08-31,-1
2018-09-28,30500,2019-02-28,2,,,,,454100000000,0.024,21000000000,0.077,20200000000,0.085,,11800000000,,85.50,,,,,,,,,,,,,,,,,,,,,,true,true,12,2018-03-01,2019-02-28,0
2018-09-28,30500,2018-02-28,2,,,,,,,,,,,,,,,,,,,,403136000000,183403000000,0.455,,183403000000,,,,,,,,,,,,true,false,12,2017-03-01,2018-02-28,-1
2018-09-28,30500,2018-02-28,2,,,,,,,,,,,,,,,,,,,,,,,,,,,,,26.00,,,,142472554,4455367,,false,false,12,2017-03-01,2018-02-28,-1
2018-09-28,30500,2019-02-28,2,,,,,,,,,,,,,,,,,,,,,,,,,,,,,13.00,,,,,,,false,false,12,2018-03-01,2019-02-28,0
2018-09-28,30500,2019-02-28,2,,,,,,,,,,,,,,,,,,,,,,,,,,,,,26.00,,,,,,,false,true,12,2018-03-01,2019-02-28,0
2018-09-28,30500,2019-02-28,2,,,,,,,,,,,,,,,,,,,,,,,,,,,,,,,,,142475659,8281146,137871135,false,false,6,2018-03-01,2018-08-31,0
2018-09-28,30500,2018-02-28,2,,,,,,,,,,,,,,,,,,,,,,,,,,,,,,,,,,,141471978,false,false,6,2017-03-01,2017-08-31,-1
2018-12-27,30500,2019-02-28,3,,,,,343193000000,0.010,18429000000,0.059,17452000000,0.040,,11437000000,,83.70,72.69,,,,,429334000000,189732000000,0.442,,189732000000,,,,,,,,,,,,true,false,9,2018-03-01,2018-11-30,0
2018-12-27,30500,2018-02-28,3,,,,,339878000000,0.007,17403000000,-0.006,16786000000,0.009,,10785000000,,76.43,66.66,,,,,,,,,,,,,,,,,,,,,true,false,9,2017-03-01,2017-11-30,-1
2018-12-27,30500,2019-02-28,3,,,,,454100000000,0.024,21000000000,0.077,20200000000,0.085,,11800000000,,85.50,,,,,,,,,,,,,,,,,,,,,,true,true,12,2018-03-01,2019-02-28,0
2018-12-27,30500,2018-02-28,3,,,,,,,,,,,,,,,,,,,,403136000000,183403000000,0.455,,183403000000,,,,,,,,,,,,true,false,12,2017-03-01,2018-02-28,-1
2018-12-27,30500,2018-02-28,3,,,,,,,,,,,,,,,,,,,,,,,,,,,,,26.00,,,,142472554,4455367,,false,false,12,2017-03-01,2018-02-28,-1
2018-12-27,30500,2019-02-28,3,,,,,,,,,,,,,,,,,,,,,,,,,,,,,13.00,,,,,,,false,false,12,2018-03-01,2019-02-28,0
2018-12-27,30500,2019-02-28,3,,,,,,,,,,,,,,,,,,,,,,,,,,,,,26.00,,,,,,,false,true,12,2018-03-01,2019-02-28,0
2018-12-27,30500,2019-02-28,3,,,,,,,,,,,,,,,,,,,,,,,,,,,,,,,,,142475659,8252311,136659187,false,false,9,2018-03-01,2018-11-30,0
2018-12-27,30500,2018-02-28,3,,,,,,,,,,,,,,,,,,,,,,,,,,,,,,,,,,,141113084,false,false,9,2017-03-01,2017-11-30,-1
2019-04-12,30500,2019-02-28,,,,,,445758000000,0.005,21013000000,0.077,19905000000,0.070,,12246000000,,90.06,78.17,0.066,0.049,0.048,,415684000000,188404000000,0.453,1410.19,188404000000,25074000000,-9770000000,-11423000000,15741000000,,0.300,,,,,,true,false,12,2018-03-01,2019-02-28,0
2019-04-12,30500,2018-02-28,,,,,,443578000000,0.000,19507000000,-0.006,18610000000,-0.027,,11310000000,,80.29,70.01,0.062,0.047,0.045,,403136000000,183403000000,0.455,1328.85,183403000000,19981000000,-16546000000,-3087000000,11860000000,,0.324,,,,,,true,false,12,2017-03-01,2018-02-28,-1
2019-04-12,30500,2020-02-28,,,,,,234700000000,0.012,14200000000,0.097,14000000000,0.135,,9300000000,,69.61,,,,,,,,,,,,,,,,,,,,,,true,true,6,2019-03-01,2019-08-31,1
2019-04-12,30500,2020-02-28,,,,,,449500000000,0.008,23000000000,0.095,22600000000,0.135,,14000000000,,104.79,,,,,,,,,,,,,,,,0.267,,,,,,true,true,12,2019-03-01,2020-02-29,1
2019-04-12,30500,2018-02-28,,,,,,,,,,,,,,,,,,,,,,,,,,,,,,26.00,,,,142472554,4455367,140870470,false,false,12,2017-03-01,2018-02-28,-1
2019-04-12,30500,2019-02-28,,,,,,,,,,,,,,,,,,,,,,,,,,,,,,27.00,,,,142575035,8972792,135984345,false,false,12,2018-03-01,2019-02-28,0
2019-04-12,30500,2020-02-28,,,,,,,,,,,,,,,,,,,,,,,,,,,,,,28.00,,,,,,,false,true,12,2019-03-01,2020-02-29,1
2019-06-28,30500,2020-02-29,1,,,,,115854000000,-0.016,6812000000,0.095,6675000000,0.118,,4656000000,,34.85,30.20,,,,,427142000000,189763000000,0.444,,189763000000,,,,,,,,,,,,true,false,3,2019-03-01,2019-05-31,0
2019-06-28,30500,2019-02-28,1,,,,,117766000000,-0.005,6222000000,-0.104,5970000000,-0.126,,4061000000,,29.42,25.59,,,,,,,,,,,,,,,,,,,,,true,false,3,2018-03-01,2018-05-31,-1
2019-06-28,30500,2020-02-29,1,,,,,234700000000,0.012,14200000000,0.097,14000000000,0.135,,9300000000,,69.61,,,,,,,,,,,,,,,,,,,,,,true,true,6,2019-03-01,2019-08-31,0
2019-06-28,30500,2020-02-29,1,,,,,449500000000,0.008,23000000000,0.095,22600000000,0.135,,14000000000,,104.79,,,,,,,,,,,,,,,,,,,,,,true,true,12,2019-03-01,2020-02-29,0
2019-06-28,30500,2019-02-28,1,,,,,,,,,,,,,,,,,,,,415684000000,188404000000,0.453,,188404000000,,,,,,,,,,,,true,false,12,2018-03-01,2019-02-28,-1
2019-06-28,30500,2019-02-28,1,,,,,,,,,,,,,,,,,,,,,,,,,,,,,27.00,,,,142575035,8972792,,false,false,12,2018-03-01,2019-02-28,-1
2019-06-28,30500,2020-02-29,1,,,,,,,,,,,,,,,,,,,,,,,,,,,,,28.00,,,,,,,false,true,12,2019-03-01,2020-02-29,0
2019-06-28,30500,2020-02-29,1,,,,,,,,,,,,,,,,,,,,,,,,,,,,,,,,,142577105,8917692,133629267,false,false,3,2019-03-01,2019-05-31,0
2019-06-28,30500,2019-02-28,1,,,,,,,,,,,,,,,,,,,,,,,,,,,,,,,,,,,138047450,false,false,3,2018-03-01,2018-05-31,-1
2019-09-27,30500,2020-02-29,2,,,,,227867000000,-0.018,12678000000,-0.021,12455000000,0.010,,8486000000,,63.48,55.02,,,,,437493000000,193918000000,0.443,,193918000000,,,,,,,,,,,,true,false,6,2019-03-01,2019-08-31,0
2019-09-27,30500,2019-02-28,2,,,,,231986000000,-0.003,12948000000,-0.038,12333000000,-0.062,,8148000000,,59.10,51.39,,,,,,,,,,,,,,,,,,,,,true,false,6,2018-03-01,2018-08-31,-1
2019-09-27,30500,2020-02-29,2,,,,,449500000000,0.008,23000000000,0.095,22600000000,0.135,,14000000000,,104.79,,,,,,,,,,,,,,,,,,,,,,true,true,12,2019-03-01,2020-02-29,0
2019-09-27,30500,2019-02-28,2,,,,,,,,,,,,,,,,,,,,415684000000,188404000000,0.453,,188404000000,,,,,,,,,,,,true,false,12,2018-03-01,2019-02-28,-1
2019-09-27,30500,2019-02-28,2,,,,,,,,,,,,,,,,,,,,,,,,,,,,,27.00,,,,142575035,8972792,,false,false,12,2018-03-01,2019-02-28,-1
2019-09-27,30500,2020-02-29,2,,,,,,,,,,,,,,,,,,,,,,,,,,,,,14.00,,,,,,,false,false,12,2019-03-01,2020-02-29,0
2019-09-27,30500,2020-02-29,2,,,,,,,,,,,,,,,,,,,,,,,,,,,,,28.00,,,,,,,false,true,12,2019-03-01,2020-02-29,0
2019-09-27,30500,2020-02-29,2,,,,,,,,,,,,,,,,,,,,,,,,,,,,,,,,,142615404,8782710,133684816,false,false,6,2019-03-01,2019-08-31,0
2019-09-27,30500,2019-02-28,2,,,,,,,,,,,,,,,,,,,,,,,,,,,,,,,,,,,137871135,false,false,6,2018-03-01,2018-08-31,-1
2019-12-27,30500,2020-02-29,3,,,,,337212000000,-0.017,17886000000,-0.029,17391000000,-0.003,,11682000000,,87.50,75.83,,,,,445698000000,195098000000,0.438,,195098000000,,,,,,,,,,,,true,false,9,2019-03-01,2019-11-30,0
2019-12-27,30500,2019-02-28,3,,,,,343193000000,0.010,18429000000,0.059,17452000000,0.040,,11437000000,,83.70,72.69,,,,,,,,,,,,,,,,,,,,,true,false,9,2018-03-01,2018-11-30,-1
2019-12-27,30500,2020-02-29,3,,,,,449500000000,0.008,23000000000,0.095,22600000000,0.135,,14000000000,,104.79,,,,,,,,,,,,,,,,,,,,,,true,true,12,2019-03-01,2020-02-29,0
2019-12-27,30500,2019-02-28,3,,,,,,,,,,,,,,,,,,,,415684000000,188404000000,0.453,,188404000000,,,,,,,,,,,,true,false,12,2018-03-01,2019-02-28,-1
2019-12-27,30500,2019-02-28,3,,,,,,,,,,,,,,,,,,,,,,,,,,,,,27.00,,,,142575035,8972792,,false,false,12,2018-03-01,2019-02-28,-1
2019-12-27,30500,2020-02-29,3,,,,,,,,,,,,,,,,,,,,,,,,,,,,,14.00,,,,,,,false,false,12,2019-03-01,2020-02-29,0
2019-12-27,30500,2020-02-29,3,,,,,,,,,,,,,,,,,,,,,,,,,,,,,28.00,,,,,,,false,true,12,2019-03-01,2020-02-29,0
2019-12-27,30500,2020-02-29,3,,,,,,,,,,,,,,,,,,,,,,,,,,,,,,,,,142615404,10134288,133507719,false,false,9,2019-03-01,2019-11-30,0
2019-12-27,30500,2019-02-28,3,,,,,,,,,,,,,,,,,,,,,,,,,,,,,,,,,,,136659187,false,false,9,2018-03-01,2018-11-30,-1
2020-04-10,30500,2020-02-29,,,,,,437371000000,-0.019,20832000000,-0.009,20107000000,0.010,,13783000000,,103.31,89.60,0.071,0.047,0.048,,434733000000,200213000000,0.461,1467.32,200213000000,36749000000,-5369000000,-8849000000,38272000000,,0.271,,,,,,true,false,12,2019-03-01,2020-02-29,0
2020-04-10,30500,2019-02-28,,,,,,445758000000,0.005,21013000000,0.077,19905000000,0.070,,12246000000,,90.06,78.17,0.066,0.049,0.048,,415684000000,188404000000,0.453,1410.19,188404000000,25074000000,-9770000000,-11423000000,15741000000,,0.300,,,,,,true,false,12,2018-03-01,2019-02-28,-1
2020-04-10,30500,2021-02-28,,,,,,229000000000,0.005,13200000000,0.041,12900000000,0.036,,8600000000,,63.03,,,,,,,,,,,,,,,,,,,,,,true,true,6,2020-03-01,2020-08-31,1
2020-04-10,30500,2021-02-28,,,,,,438100000000,0.002,21000000000,0.008,20200000000,0.005,,13000000000,,95.27,,,,,,,,,,,,,,,,0.294,,,,,,true,true,12,2020-03-01,2021-02-28,1
2020-04-10,30500,2019-02-28,,,,,,,,,,,,,,,,,,,,,,,,,,,,,,27.00,,,,142575035,8972792,135984345,false,false,12,2018-03-01,2019-02-28,-1
2020-04-10,30500,2020-02-29,,,,,,,,,,,,,,,,,,,,,,,,,,,,,,28.00,,,,146470466,10022020,133413157,false,false,12,2019-03-01,2020-02-29,0
2020-04-10,30500,2021-02-28,,,,,,,,,,,,,,,,,,,,,,,,,,,,,,28.00,,,,,,,false,true,12,2020-03-01,2021-02-28,1
2020-06-29,30500,2021-02-28,1,,,,,125816000000,0.086,11606000000,0.704,11672000000,0.749,,8149000000,,59.71,53.21,,,,,486672000000,207617000000,0.427,,207617000000,,,,,,,,,,,,true,false,3,2020-03-01,2020-05-31,0
2020-06-29,30500,2020-02-28,1,,,,,115854000000,-0.016,6812000000,0.095,6675000000,0.118,,4656000000,,34.85,30.20,,,,,,,,,,,,,,,,,,,,,true,false,3,2019-03-01,2019-05-31,-1
2020-06-29,30500,2021-02-28,1,,,,,229000000000,0.005,13200000000,0.041,12900000000,0.036,,8600000000,,63.03,,,,,,,,,,,,,,,,,,,,,,true,true,6,2020-03-01,2020-08-31,0
2020-06-29,30500,2021-02-28,1,,,,,438100000000,0.002,21000000000,0.008,20200000000,0.005,,13000000000,,95.27,,,,,,,,,,,,,,,,,,,,,,true,true,12,2020-03-01,2021-02-28,0
2020-06-29,30500,2020-02-28,1,,,,,,,,,,,,,,,,,,,,434733000000,200213000000,0.461,,200213000000,,,,,,,,,,,,true,false,12,2019-03-01,2020-02-29,-1
2020-06-29,30500,2020-02-28,1,,,,,,,,,,,,,,,,,,,,,,,,,,,,,28.00,,,,146470466,10022020,,false,false,12,2019-03-01,2020-02-29,-1
2020-06-29,30500,2021-02-28,1,,,,,,,,,,,,,,,,,,,,,,,,,,,,,28.00,,,,,,,false,true,12,2020-03-01,2021-02-28,0
2020-06-29,30500,2021-02-28,1,,,,,,,,,,,,,,,,,,,,,,,,,,,,,,,,,146487027,9979534,136478867,false,false,3,2020-03-01,2020-05-31,0
2020-06-29,30500,2020-02-28,1,,,,,,,,,,,,,,,,,,,,,,,,,,,,,,,,,,,133629267,false,false,3,2019-03-01,2019-05-31,-1
2020-09-18,30500,2021-02-28,,,,,,252900000000,0.104,22300000000,0.689,22200000000,0.721,,15100000000,,108.18,,,,,,,,,,,,,,,,,,,,,,true,true,6,2020-03-01,2020-08-31,0
2020-09-18,30500,2020-02-28,,,,,,227867000000,,12678000000,,12455000000,,,8486000000,,63.48,,,,,,,,,,,,,,,,,,,,,,true,false,6,2019-03-01,2019-08-31,-1
2020-09-18,30500,2021-02-28,,,,,,462000000000,0.055,30100000000,0.433,29500000000,0.460,,19500000000,,139.71,,,,,,,,,,,,,,,,,,,,,,true,true,12,2020-03-01,2021-02-28,0
2020-09-18,30500,2020-02-28,,,,,,437371000000,,20832000000,,20107000000,,,13783000000,,103.31,,,,,,,,,,,,,,,,,,,,,,true,false,12,2019-03-01,2020-02-29,-1
2020-09-29,30500,2021-02-28,2,,,,,253019000000,0.110,22300000000,0.759,22237000000,0.785,,15136000000,,108.44,98.79,,,,,480932000000,229613000000,0.477,,229613000000,,,,,,,,,,,,true,false,6,2020-03-01,2020-08-31,0
2020-09-29,30500,2020-02-28,2,,,,,227867000000,-0.018,12678000000,-0.021,12455000000,0.010,,8486000000,,63.48,55.02,,,,,,,,,,,,,,,,,,,,,true,false,6,2019-03-01,2019-08-31,-1
2020-09-29,30500,2021-02-28,2,,,,,462000000000,0.056,30100000000,0.445,29500000000,0.467,,19500000000,,139.71,,,,,,,,,,,,,,,,,,,,,,true,true,12,2020-03-01,2021-02-28,0
2020-09-29,30500,2020-02-28,2,,,,,,,,,,,,,,,,,,,,434733000000,200213000000,0.461,,200213000000,,,,,,,,,,,,true,false,12,2019-03-01,2020-02-29,-1
2020-09-29,30500,2020-02-28,2,,,,,,,,,,,,,,,,,,,,,,,,,,,,,28.00,,,,146470466,10022020,,false,false,12,2019-03-01,2020-02-29,-1
2020-09-29,30500,2021-02-28,2,,,,,,,,,,,,,,,,,,,,,,,,,,,,,16.00,,,,,,,false,false,12,2020-03-01,2021-02-28,0
2020-09-29,30500,2021-02-28,2,,,,,,,,,,,,,,,,,,,,,,,,,,,,,30.00,,,,,,,false,true,12,2020-03-01,2021-02-28,0
2020-09-29,30500,2021-02-28,2,,,,,,,,,,,,,,,,,,,,,,,,,,,,,,,,,160536684,9862860,139577754,false,false,6,2020-03-01,2020-08-31,0
2020-09-29,30500,2020-02-28,2,,,,,,,,,,,,,,,,,,,,,,,,,,,,,,,,,,,133684816,false,false,6,2019-03-01,2019-08-31,-1
2020-12-28,30500,2021-02-28,3,,,,,364410000000,0.081,28219000000,0.578,27856000000,0.602,,19061000000,,132.69,124.33,,,,,482090000000,233759000000,0.485,,233759000000,,,,,,,,,,,,true,false,9,2020-03-01,2020-11-30,0
2020-12-28,30500,2020-02-28,3,,,,,337212000000,-0.017,17886000000,-0.029,17391000000,-0.003,,11682000000,,87.50,75.83,,,,,,,,,,,,,,,,,,,,,true,false,9,2019-03-01,2019-11-30,-1
2020-12-28,30500,2021-02-28,3,,,,,462000000000,0.056,30100000000,0.445,29500000000,0.467,,19500000000,,139.71,,,,,,,,,,,,,,,,,,,,,,true,true,12,2020-03-01,2021-02-28,0
2020-12-28,30500,2020-02-28,3,,,,,,,,,,,,,,,,,,,,434733000000,200213000000,0.461,,200213000000,,,,,,,,,,,,true,false,12,2019-03-01,2020-02-29,-1
2020-12-28,30500,2020-02-28,3,,,,,,,,,,,,,,,,,,,,,,,,,,,,,28.00,,,,146470466,10022020,,false,false,12,2019-03-01,2020-02-29,-1
2020-12-28,30500,2021-02-28,3,,,,,,,,,,,,,,,,,,,,,,,,,,,,,16.00,,,,,,,false,false,12,2020-03-01,2021-02-28,0
2020-12-28,30500,2021-02-28,3,,,,,,,,,,,,,,,,,,,,,,,,,,,,,32.00,,,,,,,false,true,12,2020-03-01,2021-02-28,0
2020-12-28,30500,2021-02-28,3,,,,,,,,,,,,,,,,,,,,,,,,,,,,,,,,,161833770,9625887,143653136,false,false,9,2020-03-01,2020-11-30,0
2020-12-28,30500,2020-02-28,3,,,,,,,,,,,,,,,,,,,,,,,,,,,,,,,,,,,133507719,false,false,9,2019-03-01,2019-11-30,-1
2021-04-09,30500,2021-02-28,,,,,,471192000000,0.077,30254000000,0.452,29550000000,0.470,,18594000000,,127.34,121.26,0.086,0.064,0.065,,490849000000,234208000000,0.477,1531.66,234208000000,45243000000,-16002000000,12421000000,79934000000,,0.251,,,,,,true,false,12,2020-03-01,2021-02-28,0
2021-04-09,30500,2020-02-28,,,,,,437371000000,-0.019,20832000000,-0.009,20107000000,0.010,,13783000000,,103.31,89.60,0.071,0.047,0.048,,434733000000,200213000000,0.461,1467.32,200213000000,36749000000,-5369000000,-8849000000,38272000000,,0.271,,,,,,true,false,12,2019-03-01,2020-02-29,-1
2021-04-09,30500,2022-02-28,,,,,,240300000000,-0.050,20000000000,-0.103,19700000000,-0.114,,12400000000,,81.09,,,,,,,,,,,,,,,,,,,,,,true,true,6,2021-03-01,2021-08-31,1
2021-04-09,30500,2022-02-28,,,,,,457900000000,-0.028,31500000000,0.041,30700000000,0.039,,19000000000,,124.26,,,,,,,,,,,,,,,,0.246,,,,,,true,true,12,2021-03-01,2022-02-28,1
2021-04-09,30500,2020-02-28,,,,,,,,,,,,,,,,,,,,,,,,,,,,,,28.00,,,,146470466,10022020,133413157,false,false,12,2019-03-01,2020-02-29,-1
2021-04-09,30500,2021-02-28,,,,,,,,,,,,,,,,,,,,,,,,,,,,,,32.00,,,,163103943,10192949,146022886,false,false,12,2020-03-01,2021-02-28,0
2021-04-09,30500,2022-02-28,,,,,,,,,,,,,,,,,,,,,,,,,,,,,,32.00,,,,,,,false,true,12,2021-03-01,2022-02-28,1
2021-06-29,30500,2022-02-28,1,,,,,119335000000,-0.052,10380000000,-0.106,10351000000,-0.113,,7579000000,,50.42,,,,,,467379000000,233698000000,0.500,,233698000000,,,,,,,,,,,,true,false,3,2021-03-01,2021-05-31,0
2021-06-29,30500,2021-02-28,1,,,,,125816000000,0.086,11606000000,0.704,11672000000,0.749,,8149000000,,59.71,53.21,,,,,,,,,,,,,,,,,,,,,true,false,3,2020-03-01,2020-05-31,-1
2021-06-29,30500,2022-02-28,1,,,,,240300000000,-0.050,20000000000,-0.103,19700000000,-0.114,,12400000000,,81.09,,,,,,,,,,,,,,,,,,,,,,true,true,6,2021-03-01,2021-08-31,0
2021-06-29,30500,2022-02-28,1,,,,,457900000000,-0.028,31500000000,0.041,30700000000,0.039,,19000000000,,124.26,,,,,,,,,,,,,,,,,,,,,,true,true,12,2021-03-01,2022-02-28,0
2021-06-29,30500,2021-02-28,1,,,,,,,,,,,,,,,,,,,,490849000000,234208000000,0.477,,234208000000,,,,,,,,,,,,true,false,12,2020-03-01,2021-02-28,-1
2021-06-29,30500,2021-02-28,1,,,,,,,,,,,,,,,,,,,,,,,,,,,,,32.00,,,,163103943,10192941,,false,false,12,2020-03-01,2021-02-28,-1
2021-06-29,30500,2022-02-28,1,,,,,,,,,,,,,,,,,,,,,,,,,,,,,32.00,,,,,,,false,true,12,2021-03-01,2022-02-28,0
2021-06-29,30500,2022-02-28,1,,,,,,,,,,,,,,,,,,,,,,,,,,,,,,,,,163103943,14035884,150307744,false,false,3,2021-03-01,2021-05-31,0
2021-06-29,30500,2021-02-28,1,,,,,,,,,,,,,,,,,,,,,,,,,,,,,,,,,,,136478867,false,false,3,2020-03-01,2020-05-31,-1
2021-09-29,3050,2022-02-28,2,,,,,235039000000,-0.071,19769000000,-0.113,19762000000,-0.111,,13494000000,,90.15,,,,,,459228000000,239708000000,0.522,,239708000000,,,,,,,,,,,,true,false,6,2021-03-01,2021-08-31,0
2021-09-29,3050,2021-02-28,2,,,,,253019000000,0.110,22300000000,0.759,22237000000,0.785,,15136000000,,108.44,98.79,,,,,,,,,,,,,,,,,,,,,true,false,6,2020-03-01,2020-08-31,-1
2021-09-29,3050,2022-02-28,2,,,,,457900000000,-0.028,31500000000,0.041,30700000000,0.039,,19000000000,,124.26,,,,,,,,,,,,,,,,,,,,,,true,true,12,2021-03-01,2022-02-28,0
2021-09-29,3050,2021-02-28,2,,,,,,,,,,,,,,,,,,,,490849000000,234208000000,0.477,,234208000000,,,,,,,,,,,,true,false,12,2020-03-01,2021-02-28,-1
2021-09-29,3050,2021-02-28,2,,,,,,,,,,,,,,,,,,,,,,,,,,,,,32.00,,,,163103943,10192941,,false,false,12,2020-03-01,2021-02-28,-1
2021-09-29,3050,2022-02-28,2,,,,,,,,,,,,,,,,,,,,,,,,,,,,,16.00,,,,,,,false,false,12,2021-03-01,2022-02-28,0
2021-09-29,3050,2022-02-28,2,,,,,,,,,,,,,,,,,,,,,,,,,,,,,32.00,,,,,,,false,true,12,2021-03-01,2022-02-28,0
2021-09-29,3050,2022-02-28,2,,,,,,,,,,,,,,,,,,,,,,,,,,,,,,,,,163103943,14029765,149688756,false,false,6,2021-03-01,2021-08-31,0
2021-09-29,3050,2021-02-28,2,,,,,,,,,,,,,,,,,,,,,,,,,,,,,,,,,,,139577754,false,false,6,2020-03-01,2020-08-31,-1
2021-12-28,3050,2022-02-28,3,,,,,342104000000,-0.061,25967000000,-0.080,25952000000,-0.068,,17462000000,,116.94,,,,,,459849000000,239196000000,0.520,,239196000000,,,,,,,,,,,,true,false,9,2021-03-01,2021-11-30,0
2021-12-28,3050,2021-02-28,3,,,,,364410000000,0.081,28219000000,0.578,27856000000,0.602,,19061000000,,132.69,124.33,,,,,,,,,,,,,,,,,,,,,true,false,9,2020-03-01,2020-11-30,-1
2021-12-28,3050,2022-02-28,3,,,,,457900000000,-0.028,31500000000,0.041,30700000000,0.039,,19000000000,,124.26,,,,,,,,,,,,,,,,,,,,,,true,true,12,2021-03-01,2022-02-28,0
2021-12-28,3050,2021-02-28,3,,,,,,,,,,,,,,,,,,,,490849000000,234208000000,0.477,,234208000000,,,,,,,,,,,,true,false,12,2020-03-01,2021-02-28,-1
2021-12-28,3050,2021-02-28,3,,,,,,,,,,,,,,,,,,,,,,,,,,,,,32.00,,,,163103943,10192941,,false,false,12,2020-03-01,2021-02-28,-1
2021-12-28,3050,2022-02-28,3,,,,,,,,,,,,,,,,,,,,,,,,,,,,,16.00,,,,,,,false,false,12,2021-03-01,2022-02-28,0
2021-12-28,3050,2022-02-28,3,,,,,,,,,,,,,,,,,,,,,,,,,,,,,32.00,,,,,,,false,true,12,2021-03-01,2022-02-28,0
2021-12-28,3050,2022-02-28,3,,,,,,,,,,,,,,,,,,,,,,,,,,,,,,,,,163103943,15020691,149330693,false,false,9,2021-03-01,2021-11-30,0
2021-12-28,3050,2021-02-28,3,,,,,,,,,,,,,,,,,,,,,,,,,,,,,,,,,,,143653136,false,false,9,2020-03-01,2020-11-30,-1
2022-04-12,3050,2022-02-28,,,,,,444750000000,-0.056,30649000000,0.013,30317000000,0.026,,18809000000,,126.20,,0.079,0.065,0.070,,449151000000,240735000000,0.536,1624.22,240735000000,-3720000000,-7489000000,-24620000000,44104000000,,0.261,,,,,,true,false,12,2021-03-01,2022-02-28,0
2022-04-12,3050,2021-02-28,,,,,,471192000000,0.077,30254000000,0.452,29550000000,0.470,,18594000000,,127.34,121.26,0.086,0.064,0.065,,490849000000,234208000000,0.477,1531.66,234208000000,45243000000,-16002000000,12421000000,79934000000,,0.251,,,,,,true,false,12,2020-03-01,2021-02-28,-1
2022-04-12,3050,2023-02-28,,,,,,246500000000,0.049,19900000000,0.007,19800000000,0.002,,12600000000,,85.01,,,,,,,,,,,,,,,,,,,,,,true,true,6,2022-03-01,2022-08-31,1
2022-04-12,3050,2023-02-28,,,,,,495100000000,0.113,31000000000,0.011,30700000000,0.013,,19000000000,,128.19,,,,,,,,,,,,,,,,0.265,,,,,,true,true,12,2022-03-01,2023-02-28,1
2022-04-12,3050,2021-02-28,,,,,,,,,,,,,,,,,,,,,,,,,,,,,,32.00,,,,163103943,10192941,146022886,false,false,12,2020-03-01,2021-02-28,-1
2022-04-12,3050,2022-02-28,,,,,,,,,,,,,,,,,,,,,,,,,,,,,,33.00,,,,163103943,14888512,149048711,false,false,12,2021-03-01,2022-02-28,0
2022-04-12,3050,2023-02-28,,,,,,,,,,,,,,,,,,,,,,,,,,,,,,34.00,,,,,,,false,true,12,2022-03-01,2023-02-28,1
2022-06-30,3050,2023-02-28,1,,,,,114024000000,,9834000000,-0.053,10148000000,-0.020,,6506000000,,44.06,,,,,,572666000000,241407000000,0.422,,241407000000,,,,,,,,,,,,true,false,3,2022-03-01,2022-05-31,0
2022-06-30,3050,2022-02-28,1,,,,,119335000000,-0.052,10380000000,-0.106,10351000000,-0.113,,7579000000,,50.42,,,,,,,,,,,,,,,,,,,,,,true,false,3,2021-03-01,2021-05-31,-1
2022-06-30,3050,2023-02-28,1,,,,,246500000000,0.049,19900000000,0.007,19800000000,0.002,,12600000000,,85.01,,,,,,,,,,,,,,,,,,,,,,true,true,6,2022-03-01,2022-08-31,0
2022-06-30,3050,2023-02-28,1,,,,,495100000000,0.113,31000000000,0.011,30700000000,0.013,,19000000000,,128.19,,,,,,,,,,,,,,,,,,,,,,true,true,12,2022-03-01,2023-02-28,0
2022-06-30,3050,2022-02-28,1,,,,,,,,,,,,,,,,,,,,449151000000,240735000000,0.536,,240735000000,,,,,,,,,,,,true,false,12,2021-03-01,2022-02-28,-1
2022-06-30,3050,2022-02-28,1,,,,,,,,,,,,,,,,,,,,,,,,,,,,,33.00,,,,163103943,14888512,,false,false,12,2021-03-01,2022-02-28,-1
2022-06-30,3050,2023-02-28,1,,,,,,,,,,,,,,,,,,,,,,,,,,,,,34.00,,,,,,,false,true,12,2022-03-01,2023-02-28,0
2022-06-30,3050,2023-02-28,1,,,,,,,,,,,,,,,,,,,,,,,,,,,,,,,,,157000000,11092686,147683302,false,false,3,2022-03-01,2022-05-31,0
2022-06-30,3050,2022-02-28,1,,,,,,,,,,,,,,,,,,,,,,,,,,,,,,,,,,,150307744,false,false,3,2021-03-01,2021-05-31,-1
2022-09-29,3050,2023-02-28,2,,,,,238832000000,,18969000000,-0.040,19165000000,-0.030,,12124000000,,82.64,,,,,,536818000000,247785000000,0.462,,247785000000,,,,,,,,,,,,true,false,6,2022-03-01,2022-08-31,0
2022-09-29,3050,2022-02-28,2,,,,,235039000000,-0.071,19769000000,-0.113,19762000000,-0.111,,13494000000,,90.15,,,,,,,,,,,,,,,,,,,,,,true,false,6,2021-03-01,2021-08-31,-1
2022-09-29,3050,2023-02-28,2,,,,,495100000000,0.113,31000000000,0.011,30700000000,0.013,,19000000000,,128.19,,,,,,,,,,,,,,,,,,,,,,true,true,12,2022-03-01,2023-02-28,0
2022-09-29,3050,2022-02-28,2,,,,,,,,,,,,,,,,,,,,449151000000,240735000000,0.536,,240735000000,,,,,,,,,,,,true,false,12,2021-03-01,2022-02-28,-1
2022-09-29,3050,2022-02-28,2,,,,,,,,,,,,,,,,,,,,,,,,,,,,,33.00,,,,163103943,14888512,,false,false,12,2021-03-01,2022-02-28,-1
2022-09-29,3050,2023-02-28,2,,,,,,,,,,,,,,,,,,,,,,,,,,,,,20.00,,,,,,,false,false,12,2022-03-01,2023-02-28,0
2022-09-29,3050,2023-02-28,2,,,,,,,,,,,,,,,,,,,,,,,,,,,,,40.00,,,,,,,false,true,12,2022-03-01,2023-02-28,0
2022-09-29,3050,2023-02-28,2,,,,,,,,,,,,,,,,,,,,,,,,,,,,,,,,,157000000,11202098,146717359,false,false,6,2022-03-01,2022-08-31,0
2022-09-29,3050,2022-02-28,2,,,,,,,,,,,,,,,,,,,,,,,,,,,,,,,,,,,149688756,false,false,6,2021-03-01,2021-08-31,-1
2022-12-28,3050,2023-02-28,3,,,,,357064000000,,25109000000,-0.033,25183000000,-0.030,,15623000000,,106.91,,,,,,532665000000,246150000000,0.462,,246150000000,,,,,,,,,,,,true,false,9,2022-03-01,2022-11-30,0
2022-12-28,3050,2022-02-28,3,,,,,342104000000,-0.061,25967000000,-0.080,25952000000,-0.068,,17462000000,,116.94,,,,,,,,,,,,,,,,,,,,,,true,false,9,2021-03-01,2021-11-30,-1
2022-12-28,3050,2023-02-28,3,,,,,495100000000,0.113,31000000000,0.011,30700000000,0.013,,19000000000,,128.19,,,,,,,,,,,,,,,,,,,,,,true,true,12,2022-03-01,2023-02-28,0
2022-12-28,3050,2022-02-28,3,,,,,,,,,,,,,,,,,,,,449151000000,240735000000,0.536,,240735000000,,,,,,,,,,,,true,false,12,2021-03-01,2022-02-28,-1
2022-12-28,3050,2022-02-28,3,,,,,,,,,,,,,,,,,,,,,,,,,,,,,33.00,,,,163103943,14888512,,false,false,12,2021-03-01,2022-02-28,-1
2022-12-28,3050,2023-02-28,3,,,,,,,,,,,,,,,,,,,,,,,,,,,,,20.00,,,,,,,false,false,12,2022-03-01,2023-02-28,0
2022-12-28,3050,2023-02-28,3,,,,,,,,,,,,,,,,,,,,,,,,,,,,,40.00,,,,,,,false,true,12,2022-03-01,2023-02-28,0
2022-12-28,3050,2023-02-28,3,,,,,,,,,,,,,,,,,,,,,,,,,,,,,,,,,157000000,13274058,146141126,false,false,9,2022-03-01,2022-11-30,0
2022-12-28,3050,2022-02-28,3,,,,,,,,,,,,,,,,,,,,,,,,,,,,,,,,,,,149330693,false,false,9,2021-03-01,2021-11-30,-1
2023-04-11,3050,2023-02-28,,,,,,476821000000,,30068000000,-0.019,29555000000,-0.025,,18135000000,,125.03,,0.075,0.061,0.064,,515955000000,243353000000,0.472,1738.39,243353000000,15614000000,-38459000000,34383000000,55643000000,,0.320,,,,,,true,false,12,2022-03-01,2023-02-28,0
2023-04-11,3050,2022-02-28,,,,,,444750000000,-0.056,30649000000,0.013,30317000000,0.026,,18809000000,,126.20,,0.079,0.065,0.070,,449151000000,240735000000,0.536,1624.22,240735000000,-3720000000,-7489000000,-24620000000,44104000000,,0.261,,,,,,true,false,12,2021-03-01,2022-02-28,-1
2023-04-11,3050,2024-02-28,,,,,,257500000000,0.078,19400000000,0.023,19600000000,0.023,,12300000000,,87.86,,,,,,,,,,,,,,,,,,,,,,true,true,6,2023-03-01,2023-08-31,1
2023-04-11,3050,2024-02-28,,,,,,494000000000,0.036,31000000000,0.031,30600000000,0.035,,18700000000,,133.58,,,,,,,,,,,,,,,,0.299,,,,,,true,true,12,2023-03-01,2024-02-29,1
2023-04-11,3050,2022-02-28,,,,,,,,,,,,,,,,,,,,,,,,,,,,,,33.00,,,,163103943,14888512,149048711,false,false,12,2021-03-01,2022-02-28,-1
2023-04-11,3050,2023-02-28,,,,,,,,,,,,,,,,,,,,,,,,,,,,,,40.00,,,,157000000,17011776,145057422,false,false,12,2022-03-01,2023-02-28,0
2023-04-11,3050,2024-02-28,,,,,,,,,,,,,,,,,,,,,,,,,,,,,,40.00,,,,,,,false,true,12,2023-03-01,2024-02-29,1
2023-06-30,3050,2024-02-29,1,,,,,123879000000,0.086,9225000000,-0.062,9104000000,-0.103,,5665000000,,41.41,,,,,,564492000000,237972000000,0.422,,237972000000,,,,,,,,,,,,true,false,3,2023-03-01,2023-05-31,0
2023-06-30,3050,2023-02-28,1,,,,,114024000000,,9834000000,-0.053,10148000000,-0.020,,6506000000,,44.06,,,,,,,,,,,,,,,,,,,,,,true,false,3,2022-03-01,2022-05-31,-1
2023-06-30,3050,2024-02-29,1,,,,,257500000000,0.078,19400000000,0.023,19600000000,0.023,,12300000000,,87.86,,,,,,,,,,,,,,,,,,,,,,true,true,6,2023-03-01,2023-08-31,0
2023-06-30,3050,2024-02-29,1,,,,,494000000000,0.036,31000000000,0.031,30600000000,0.035,,18700000000,,133.58,,,,,,,,,,,,,,,,,,,,,,true,true,12,2023-03-01,2024-02-29,0
2023-06-30,3050,2023-02-28,1,,,,,,,,,,,,,,,,,,,,515955000000,243353000000,0.472,,243353000000,,,,,,,,,,,,true,false,12,2022-03-01,2023-02-28,-1
2023-06-30,3050,2023-02-28,1,,,,,,,,,,,,,,,,,,,,,,,,,,,,,40.00,,,,157000000,17011776,,false,false,12,2022-03-01,2023-02-28,-1
2023-06-30,3050,2024-02-29,1,,,,,,,,,,,,,,,,,,,,,,,,,,,,,40.00,,,,,,,false,true,12,2023-03-01,2024-02-29,0
2023-06-30,3050,2024-02-29,1,,,,,,,,,,,,,,,,,,,,,,,,,,,,,,,,,149500000,15993096,136827470,false,false,3,2023-03-01,2023-05-31,0
2023-06-30,3050,2023-02-28,1,,,,,,,,,,,,,,,,,,,,,,,,,,,,,,,,,,,147683302,false,false,3,2022-03-01,2022-05-31,-1
2023-09-29,3050,2024-02-29,2,,,,,247096000000,0.035,17818000000,-0.061,17409000000,-0.092,,10732000000,,79.38,,,,,,556851000000,244370000000,0.439,,244370000000,,,,,,,,,,,,true,false,6,2023-03-01,2023-08-31,0
2023-09-29,3050,2023-02-28,2,,,,,238832000000,,18969000000,-0.040,19165000000,-0.030,,12124000000,,82.64,,,,,,,,,,,,,,,,,,,,,,true,false,6,2022-03-01,2022-08-31,-1
2023-09-29,3050,2024-02-29,2,,,,,494000000000,0.036,31000000000,0.031,30600000000,0.035,,18700000000,,133.58,,,,,,,,,,,,,,,,,,,,,,true,true,12,2023-03-01,2024-02-29,0
2023-09-29,3050,2023-02-28,2,,,,,,,,,,,,,,,,,,,,515955000000,243353000000,0.472,,243353000000,,,,,,,,,,,,true,false,12,2022-03-01,2023-02-28,-1
2023-09-29,3050,2023-02-28,2,,,,,,,,,,,,,,,,,,,,,,,,,,,,,40.00,,,,157000000,17011776,,false,false,12,2022-03-01,2023-02-28,-1
2023-09-29,3050,2024-02-29,2,,,,,,,,,,,,,,,,,,,,,,,,,,,,,20.00,,,,,,,false,false,12,2023-03-01,2024-02-29,0
2023-09-29,3050,2024-02-29,2,,,,,,,,,,,,,,,,,,,,,,,,,,,,,40.00,,,,,,,false,true,12,2023-03-01,2024-02-29,0
2023-09-29,3050,2024-02-29,2,,,,,,,,,,,,,,,,,,,,,,,,,,,,,,,,,149500000,15847695,135205547,false,false,6,2023-03-01,2023-08-31,0
2023-09-29,3050,2023-02-28,2,,,,,,,,,,,,,,,,,,,,,,,,,,,,,,,,,,,146717359,false,false,6,2022-03-01,2022-08-31,-1
2023-12-27,3050,2024-02-29,3,,,,,360814000000,0.011,23626000000,-0.059,22818000000,-0.094,,21555000000,,160.03,,,,,,640240000000,255764000000,0.393,,251414000000,,,,,,,,,,,,true,false,9,2023-03-01,2023-11-30,0
2023-12-27,3050,2023-02-28,3,,,,,357064000000,,25109000000,-0.033,25183000000,-0.030,,15623000000,,106.91,,,,,,,,,,,,,,,,,,,,,,true,false,9,2022-03-01,2022-11-30,-1
2023-12-27,3050,2024-02-29,3,,,,,494000000000,0.036,29000000000,-0.036,28000000000,-0.053,,22500000000,,167.04,,,,,,,,,,,,,,,,,,,,,,true,true,12,2023-03-01,2024-02-29,0
2023-12-27,3050,2023-02-28,3,,,,,,,,,,,,,,,,,,,,515955000000,243353000000,0.472,,243353000000,,,,,,,,,,,,true,false,12,2022-03-01,2023-02-28,-1
2023-12-27,3050,2023-02-28,3,,,,,,,,,,,,,,,,,,,,,,,,,,,,,40.00,,,,157000000,17011776,,false,false,12,2022-03-01,2023-02-28,-1
2023-12-27,3050,2024-02-29,3,,,,,,,,,,,,,,,,,,,,,,,,,,,,,20.00,,,,,,,false,false,12,2023-03-01,2024-02-29,0
2023-12-27,3050,2024-02-29,3,,,,,,,,,,,,,,,,,,,,,,,,,,,,,40.00,,,,,,,false,true,12,2023-03-01,2024-02-29,0
2023-12-27,3050,2024-02-29,3,,,,,,,,,,,,,,,,,,,,,,,,,,,,,,,,,149500000,15751001,134696794,false,false,9,2023-03-01,2023-11-30,0
2023-12-27,3050,2023-02-28,3,,,,,,,,,,,,,,,,,,,,,,,,,,,,,,,,,,,146141126,false,false,9,2022-03-01,2022-11-30,-1
2024-04-12,3050,2024-02-29,,,,,,488613000000,0.025,28685000000,-0.046,27412000000,-0.073,,21446000000,,159.49,,0.087,0.048,0.060,,622734000000,251274000000,0.404,1877.90,251274000000,32101000000,-57981000000,63969000000,93733000000,,0.263,,,,,,true,false,12,2023-03-01,2024-02-29,0
2024-04-12,3050,2023-02-28,,,,,,476821000000,,30068000000,-0.019,29555000000,-0.025,,18135000000,,125.03,,0.075,0.061,0.064,,515955000000,243353000000,0.472,1738.39,243353000000,15614000000,-38459000000,34383000000,55643000000,,0.320,,,,,,true,false,12,2022-03-01,2023-02-28,-1
2024-04-12,3050,2025-02-28,,,,,,287250000000,0.162,21200000000,0.190,20450000000,0.175,,12300000000,,91.92,,,,,,,,,,,,,,,,,,,,,,true,true,6,2024-03-01,2024-08-31,1
2024-04-12,3050,2025-02-28,,,,,,550500000000,0.127,34000000000,0.185,32800000000,0.197,,19400000000,,144.99,,,,,,,,,,,,,,,,0.303,,,,,,true,true,12,2024-03-01,2025-02-28,1
2024-04-12,3050,2023-02-28,,,,,,,,,,,,,,,,,,,,,,,,,,,,,,40.00,,,,157000000,17011776,145057422,false,false,12,2022-03-01,2023-02-28,-1
2024-04-12,3050,2024-02-29,,,,,,,,,,,,,,,,,,,,,,,,,,,,,,42.00,,,,149500000,15693727,134468956,false,false,12,2023-03-01,2024-02-29,0
2024-04-12,3050,2025-02-28,,,,,,,,,,,,,,,,,,,,,,,,,,,,,,44.00,,,,,,,false,true,12,2024-03-01,2025-02-28,1
2024-06-28,3050,2025-02-28,1,,,,,141487000000,0.142,10233000000,0.109,9308000000,0.022,,5691000000,,42.52,,,,,,690378000000,253863000000,0.368,,253863000000,,,,,,,,,,,,true,false,3,2024-03-01,2024-05-31,0
2024-06-28,3050,2024-02-28,1,,,,,123879000000,0.086,9225000000,-0.062,9104000000,-0.103,,5665000000,,41.41,,,,,,,,,,,,,,,,,,,,,,true,false,3,2023-03-01,2023-05-31,-1
2024-06-28,3050,2025-02-28,1,,,,,287250000000,0.162,21200000000,0.190,20450000000,0.175,,12300000000,,91.92,,,,,,,,,,,,,,,,,,,,,,true,true,6,2024-03-01,2024-08-31,0
2024-06-28,3050,2025-02-28,1,,,,,550500000000,0.127,34000000000,0.185,32800000000,0.197,,19400000000,,144.99,,,,,,,,,,,,,,,,,,,,,,true,true,12,2024-03-01,2025-02-28,0
2024-06-28,3050,2024-02-28,1,,,,,,,,,,,,,,,,,,,,622734000000,251274000000,0.404,,251274000000,,,,,,,,,,,,true,false,12,2023-03-01,2024-02-29,-1
2024-06-28,3050,2024-02-28,1,,,,,,,,,,,,,,,,,,,,,,,,,,,,,42.00,,,,149500000,15693727,,false,false,12,2023-03-01,2024-02-29,-1
2024-06-28,3050,2025-02-28,1,,,,,,,,,,,,,,,,,,,,,,,,,,,,,44.00,,,,,,,false,true,12,2024-03-01,2025-02-28,0
2024-06-28,3050,2025-02-28,1,,,,,,,,,,,,,,,,,,,,,,,,,,,,,,,,,146500000,12637502,133835150,false,false,3,2024-03-01,2024-05-31,0
2024-06-28,3050,2024-02-28,1,,,,,,,,,,,,,,,,,,,,,,,,,,,,,,,,,,,136827470,false,false,3,2023-03-01,2023-05-31,-1
2024-09-27,3050,2025-02-28,2,,,,,287774000000,0.165,21081000000,0.183,19602000000,0.126,,11709000000,,87.46,,,,,,695568000000,261429000000,0.376,,261429000000,,,,,,,,,,,,true,false,6,2024-03-01,2024-08-31,0
2024-09-27,3050,2024-02-28,2,,,,,247096000000,0.035,17818000000,-0.061,17409000000,-0.092,,10732000000,,79.38,,,,,,,,,,,,,,,,,,,,,,true,false,6,2023-03-01,2023-08-31,-1
2024-09-27,3050,2025-02-28,2,,,,,550500000000,0.127,34000000000,0.185,32800000000,0.197,,19400000000,,144.99,,,,,,,,,,,,,,,,,,,,,,true,true,12,2024-03-01,2025-02-28,0
2024-09-27,3050,2024-02-28,2,,,,,,,,,,,,,,,,,,,,622734000000,251274000000,0.404,,251274000000,,,,,,,,,,,,true,false,12,2023-03-01,2024-02-29,-1
2024-09-27,3050,2024-02-28,2,,,,,,,,,,,,,,,,,,,,,,,,,,,,,42.00,,,,149500000,15693727,,false,false,12,2023-03-01,2024-02-29,-1
2024-09-27,3050,2025-02-28,2,,,,,,,,,,,,,,,,,,,,,,,,,,,,,22.00,,,,,,,false,false,12,2024-03-01,2025-02-28,0
2024-09-27,3050,2025-02-28,2,,,,,,,,,,,,,,,,,,,,,,,,,,,,,44.00,,,,,,,false,true,12,2024-03-01,2025-02-28,0
2024-09-27,3050,2025-02-28,2,,,,,,,,,,,,,,,,,,,,,,,,,,,,,,,,,146500000,12525797,133882462,false,false,6,2024-03-01,2024-08-31,0
2024-09-27,3050,2024-02-28,2,,,,,,,,,,,,,,,,,,,,,,,,,,,,,,,,,,,135205547,false,false,6,2023-03-01,2023-08-31,-1
2024-12-27,3050,2025-02-28,3,,,,,416922000000,0.156,27855000000,0.179,25844000000,0.133,,15346000000,,114.60,,,,,,693191000000,261931000000,0.378,,261931000000,,,,,,,,,,,,true,false,9,2024-03-01,2024-11-30,0
2024-12-27,3050,2024-02-28,3,,,,,360814000000,0.011,23626000000,-0.059,22818000000,-0.094,,21555000000,,160.03,,,,,,,,,,,,,,,,,,,,,,true,false,9,2023-03-01,2023-11-30,-1
2024-12-27,3050,2025-02-28,3,,,,,550500000000,0.127,34000000000,0.185,32800000000,0.197,,19400000000,,144.99,,,,,,,,,,,,,,,,,,,,,,true,true,12,2024-03-01,2025-02-28,0
2024-12-27,3050,2024-02-28,3,,,,,,,,,,,,,,,,,,,,622734000000,251274000000,0.404,,251274000000,,,,,,,,,,,,true,false,12,2023-03-01,2024-02-29,-1
2024-12-27,3050,2024-02-28,3,,,,,,,,,,,,,,,,,,,,,,,,,,,,,42.00,,,,149500000,15693727,,false,false,12,2023-03-01,2024-02-29,-1
2024-12-27,3050,2025-02-28,3,,,,,,,,,,,,,,,,,,,,,,,,,,,,,22.00,,,,,,,false,false,12,2024-03-01,2025-02-28,0
2024-12-27,3050,2025-02-28,3,,,,,,,,,,,,,,,,,,,,,,,,,,,,,44.00,,,,,,,false,true,12,2024-03-01,2025-02-28,0
2024-12-27,3050,2025-02-28,3,,,,,,,,,,,,,,,,,,,,,,,,,,,,,,,,,146500000,12521555,133913460,false,false,9,2024-03-01,2024-11-30,0
2024-12-27,3050,2024-02-28,3,,,,,,,,,,,,,,,,,,,,,,,,,,,,,,,,,,,134696794,false,false,9,2023-03-01,2023-11-30,-1
2025-04-11,3050,2025-02-28,,,,,,544602000000,0.115,33230000000,0.158,30997000000,0.131,,17144000000,,128.01,,0.067,0.049,0.062,,647936000000,264299000000,0.408,1972.62,264299000000,36534000000,-14925000000,4065000000,119407000000,,0.352,,,,,,true,false,12,2024-03-01,2025-02-28,0
2025-04-11,3050,2024-02-28,,,,,,488613000000,0.025,28685000000,-0.046,27412000000,-0.073,,21446000000,,159.49,,0.087,0.048,0.060,,622734000000,251274000000,0.404,1877.90,251274000000,32101000000,-57981000000,63969000000,93733000000,,0.263,,,,,,true,false,12,2023-03-01,2024-02-29,-1
2025-04-11,3050,2026-02-28,,,,,,292750000000,0.017,22000000000,0.044,21300000000,0.087,,12600000000,,94.04,,,,,,,,,,,,,,,,,,,,,,true,true,6,2025-03-01,2025-08-31,1
2025-04-11,3050,2026-02-28,,,,,,553600000000,0.017,35000000000,0.053,33600000000,0.084,,19600000000,,146.29,,,,,,,,,,,,,,,,0.314,,,,,,true,true,12,2025-03-01,2026-02-28,1
2025-04-11,3050,2024-02-28,,,,,,,,,,,,,,,,,,,,,,,,,,,,,,42.00,,,,149500000,15693727,134468956,false,false,12,2023-03-01,2024-02-29,-1
2025-04-11,3050,2025-02-28,,,,,,,,,,,,,,,,,,,,,,,,,,,,,,45.00,,,,146500000,12516293,133930089,false,false,12,2024-03-01,2025-02-28,0
2025-04-11,3050,2026-02-28,,,,,,,,,,,,,,,,,,,,,,,,,,,,,,46.00,,,,,,,false,true,12,2025-03-01,2026-02-28,1
2025-06-27,3050,2026-02-28,1,,,,,138327000000,-0.022,9685000000,-0.054,9155000000,-0.016,,5881000000,,43.90,,,,,,632897000000,270654000000,0.428,,270654000000,,,,,,,,,,,,true,false,3,2025-03-01,2025-05-31,0
2025-06-27,3050,2025-02-28,1,,,,,141487000000,0.142,10233000000,0.109,9308000000,0.022,,5691000000,,42.52,,,,,,,,,,,,,,,,,,,,,,true,false,3,2024-03-01,2024-05-31,-1
2025-06-27,3050,2026-02-28,1,,,,,292750000000,0.017,22000000000,0.044,21300000000,0.087,,12600000000,,94.04,,,,,,,,,,,,,,,,,,,,,,true,true,6,2025-03-01,2025-08-31,0
2025-06-27,3050,2026-02-28,1,,,,,553600000000,0.017,35000000000,0.053,33600000000,0.084,,19600000000,,146.29,,,,,,,,,,,,,,,,,,,,,,true,true,12,2025-03-01,2026-02-28,0
2025-06-27,3050,2025-02-28,1,,,,,,,,,,,,,,,,,,,,647936000000,264299000000,0.408,,264299000000,,,,,,,,,,,,true,false,12,2024-03-01,2025-02-28,-1
2025-06-27,3050,2025-02-28,1,,,,,,,,,,,,,,,,,,,,,,,,,,,,,45.00,,,,146500000,12516293,,false,false,12,2024-03-01,2025-02-28,-1
2025-06-27,3050,2026-02-28,1,,,,,,,,,,,,,,,,,,,,,,,,,,,,,46.00,,,,,,,false,true,12,2025-03-01,2026-02-28,0
2025-06-27,3050,2026-02-28,1,,,,,,,,,,,,,,,,,,,,,,,,,,,,,,,,,146500000,12510822,133986170,false,false,3,2025-03-01,2025-05-31,0
2025-06-27,3050,2025-02-28,1,,,,,,,,,,,,,,,,,,,,,,,,,,,,,,,,,,,133835150,false,false,3,2024-03-01,2024-05-31,-1
