filing_date,code,fiscal_year_end,quarterly_period,net_sales,net_sales_change,revenue,revenue_change,operating_revenue,operating_revenue_change,operating_profit,operating_profit_change,ordinary_profit,ordinary_profit_change,net_income,net_income_of_parent,net_income_change,eps,diluted_eps,roe,roa,operating_profit_to_net_sales,operating_profit_to_revenue,total_assets,net_assets,equity_ratio,bps,owner_equity,operating_cash_flow,investing_cash_flow,financing_cash_flow,cash,dividend_per_share,payout_ratio,commemorative_dividend,extra_dividend,number_of_shares,number_of_treqsury_shares,avg_number_of_shares,is_consolidated,is_forecast,duration,period_start,period_end,period_pos
2015-07-29,30640,2015-12-31,2,27356000000,0.284,,,,,3433000000,0.548,3445000000,0.535,2178000000,,0.628,35.40,35.08,,,,,20014000000,11014000000,0.547,,10947000000,,,,,,,,,,,,true,false,6,2015-01-01,2015-06-30,0
2015-07-29,30640,2014-12-31,2,21305000000,0.332,,,,,2218000000,0.076,2243000000,0.081,1338000000,,0.001,21.92,21.57,,,,,,,,,,,,,,,,,,,,,true,false,6,2014-01-01,2014-06-30,-1
2015-07-29,30640,2015-12-31,2,57589000000,0.282,,,,,6937000000,0.605,6949000000,0.597,4360000000,,0.714,35.41,,,,,,,,,,,,,,,,,,,,,,true,true,12,2015-01-01,2015-12-31,0
2015-07-29,30640,2014-12-31,2,,,,,,,,,,,,,,,,,,,,17868000000,9216000000,0.512,,9145000000,,,,,,,,,,,,true,false,12,2014-01-01,2014-12-31,-1
2015-07-29,30640,2014-12-31,2,,,,,,,,,,,,,,,,,,,,,,,,,,,,,14.00,,,,61926000,538926,,false,false,12,2014-01-01,2014-12-31,-1
2015-07-29,30640,2015-12-31,2,,,,,,,,,,,,,,,,,,,,,,,,,,,,,10.00,,,,,,,false,false,12,2015-01-01,2015-12-31,0
2015-07-29,30640,2015-12-31,2,,,,,,,,,,,,,,,,,,,,,,,,,,,,,7.00,,,,,,,false,true,12,2015-01-01,2015-12-31,0
2015-07-29,30640,2015-12-31,2,,,,,,,,,,,,,,,,,,,,,,,,,,,,,,,,,62141000,538926,61538774,false,false,6,2015-01-01,2015-06-30,0
2015-07-29,30640,2014-12-31,2,,,,,,,,,,,,,,,,,,,,,,,,,,,,,,,,,,,61052841,false,false,6,2014-01-01,2014-06-30,-1
2015-07-29,30640,2015-12-31,,57589000000,0.035,,,,,6937000000,0.156,6949000000,0.158,4360000000,,0.176,35.41,,,,,,,,,,,,,,,,,,,,,,true,true,12,2015-01-01,2015-12-31,0
2015-07-29,30640,2014-12-31,,44937000000,,,,,,4323000000,,4351000000,,2544000000,,,20.80,,,,,,,,,,,,,,,,,,,,,,true,false,12,2014-01-01,2014-12-31,-1
2015-10-29,30640,2015-12-31,3,41798000000,0.290,,,,,5156000000,0.637,5174000000,0.626,3240000000,,0.740,26.32,26.10,,,,,20210000000,11403000000,0.561,,11337000000,,,,,,,,,,,,true,false,9,2015-01-01,2015-09-30,0
2015-10-29,30640,2014-12-31,3,32413000000,0.318,,,,,3149000000,0.048,3181000000,0.053,1862000000,,0.028,15.24,15.01,,,,,,,,,,,,,,,,,,,,,true,false,9,2014-01-01,2014-09-30,-1
2015-10-29,30640,2015-12-31,3,57589000000,0.282,,,,,6937000000,0.605,6949000000,0.597,4360000000,,0.714,35.41,,,,,,,,,,,,,,,,,,,,,,true,true,12,2015-01-01,2015-12-31,0
2015-10-29,30640,2014-12-31,3,,,,,,,,,,,,,,,,,,,,17868000000,9216000000,0.512,,9145000000,,,,,,,,,,,,true,false,12,2014-01-01,2014-12-31,-1
2015-10-29,30640,2014-12-31,3,,,,,,,,,,,,,,,,,,,,,,,,,,,,,14.00,,,,123852000,1077852,,false,false,12,2014-01-01,2014-12-31,-1
2015-10-29,30640,2015-12-31,3,,,,,,,,,,,,,,,,,,,,,,,,,,,,,10.00,,,,,,,false,false,12,2015-01-01,2015-12-31,0
2015-10-29,30640,2015-12-31,3,,,,,,,,,,,,,,,,,,,,,,,,,,,,,7.00,,,,,,,false,true,12,2015-01-01,2015-12-31,0
2015-10-29,30640,2015-12-31,3,,,,,,,,,,,,,,,,,,,,,,,,,,,,,,,,,124316000,1082652,123125704,false,false,9,2015-01-01,2015-09-30,0
2015-10-29,30640,2014-12-31,3,,,,,,,,,,,,,,,,,,,,,,,,,,,,,,,,,,,122194615,false,false,9,2014-01-01,2014-09-30,-1
2016-01-29,30640,2015-12-31,,57563000000,0.281,,,,,7087000000,0.639,7120000000,0.636,4439000000,,0.745,36.04,35.75,0.409,0.306,0.123,,28744000000,12632000000,0.437,101.87,12572000000,3758000000,-1073000000,4343000000,10889000000,,0.333,,,,,,true,false,12,2015-01-01,2015-12-31,0
2016-01-29,30640,2014-12-31,,44937000000,0.300,,,,,4323000000,0.113,4351000000,0.116,2544000000,,0.111,20.80,20.50,0.310,0.269,0.096,,17868000000,9216000000,0.512,74.49,9145000000,1868000000,-857000000,-1107000000,3884000000,,0.337,,,,,,true,false,12,2014-01-01,2014-12-31,-1
2016-01-29,30640,2016-12-31,,33748000000,0.234,,,,,4300000000,0.253,4296000000,0.247,,2800000000,,22.70,,,,,,,,,,,,,,,,,,,,,,true,true,6,2016-01-01,2016-06-30,1
2016-01-29,30640,2016-12-31,,71076000000,0.235,,,,,9300000000,0.312,9295000000,0.305,,6051000000,,49.03,,,,,,,,,,,,,,,,,,,,,,true,true,12,2016-01-01,2016-12-31,1
2016-01-29,30640,2015-12-31,,55607000000,0.262,,,,,7363000000,0.595,7398000000,0.591,4718000000,,0.659,38.30,37.99,,,,,29218000000,13374000000,0.456,107.88,13314000000,,,,,7.00,,,,124498800,1083233,123182985,false,false,12,2015-01-01,2015-12-31,0
2016-01-29,30640,2014-12-31,,44057000000,0.278,,,,,4616000000,0.132,4651000000,0.133,2843000000,,0.141,23.24,22.91,,,,,18128000000,9645000000,0.528,77.99,9574000000,,,,,14.00,,,,123852000,1077852,122339231,false,false,12,2014-01-01,2014-12-31,-1
2016-01-29,30640,2016-12-31,,32646000000,0.234,,,,,4474000000,0.255,4470000000,0.250,2975000000,,0.287,24.11,,,,,,,,,,,,,,,,,,,,,,false,true,6,2016-01-01,2016-06-30,1
2016-01-29,30640,2016-12-31,,68639000000,0.234,,,,,9579000000,0.301,9574000000,0.294,6330000000,,0.342,51.30,,,,,,,,,,,,,,,18.00,,,,,,,false,true,12,2016-01-01,2016-12-31,1
2016-04-28,30640,2016-12-31,1,16589000000,0.234,,,,,2099000000,0.382,2103000000,0.375,,1375000000,,11.13,11.07,,,,,28410000000,13143000000,0.460,,13081000000,,,,,,,,,,,,true,false,3,2016-01-01,2016-03-31,0
2016-04-28,30640,2015-12-31,1,13447000000,0.241,,,,,1518000000,0.247,1529000000,0.244,,965000000,,7.85,7.78,,,,,,,,,,,,,,,,,,,,,true,false,3,2015-01-01,2015-03-31,-1
2016-04-28,30640,2016-12-31,1,33748000000,0.234,,,,,4300000000,0.253,4296000000,0.247,,2800000000,,22.67,,,,,,,,,,,,,,,,,,,,,,true,true,6,2016-01-01,2016-06-30,0
2016-04-28,30640,2016-12-31,1,71076000000,0.235,,,,,9300000000,0.312,9295000000,0.305,,6051000000,,48.96,,,,,,,,,,,,,,,,,,,,,,true,true,12,2016-01-01,2016-12-31,0
2016-04-28,30640,2015-12-31,1,,,,,,,,,,,,,,,,,,,,28744000000,12632000000,0.437,,12572000000,,,,,,,,,,,,true,false,12,2015-01-01,2015-12-31,-1
2016-04-28,30640,2015-12-31,1,,,,,,,,,,,,,,,,,,,,,,,,,,,,,7.00,,,,124498800,1083233,,false,false,12,2015-01-01,2015-12-31,-1
2016-04-28,30640,2016-12-31,1,,,,,,,,,,,,,,,,,,,,,,,,,,,,,18.00,,,,,,,false,true,12,2016-01-01,2016-12-31,0
2016-04-28,30640,2016-12-31,1,,,,,,,,,,,,,,,,,,,,,,,,,,,,,,,,,124672600,1083233,123567367,false,false,3,2016-01-01,2016-03-31,0
2016-04-28,30640,2015-12-31,1,,,,,,,,,,,,,,,,,,,,,,,,,,,,,,,,,,,122986681,false,false,3,2015-01-01,2015-03-31,-1
2016-07-28,30640,2016-12-31,2,33297000000,0.217,,,,,4509000000,0.313,4510000000,0.309,,2977000000,,24.08,23.97,,,,,30296000000,14724000000,0.484,,14670000000,,,,,,,,,,,,true,false,6,2016-01-01,2016-06-30,0
2016-07-28,30640,2015-12-31,2,27356000000,0.284,,,,,3433000000,0.548,3445000000,0.535,,2178000000,,17.70,17.54,,,,,,,,,,,,,,,,,,,,,true,false,6,2015-01-01,2015-06-30,-1
2016-07-28,30640,2016-12-31,2,71076000000,0.235,,,,,9300000000,0.312,9295000000,0.305,,6051000000,,48.91,,,,,,,,,,,,,,,,,,,,,,true,true,12,2016-01-01,2016-12-31,0
2016-07-28,30640,2015-12-31,2,,,,,,,,,,,,,,,,,,,,28744000000,12632000000,0.437,,12572000000,,,,,,,,,,,,true,false,12,2015-01-01,2015-12-31,-1
2016-07-28,30640,2015-12-31,2,,,,,,,,,,,,,,,,,,,,,,,,,,,,,7.00,,,,124498800,1083233,,false,false,12,2015-01-01,2015-12-31,-1
2016-07-28,30640,2016-12-31,2,,,,,,,,,,,,,,,,,,,,,,,,,,,,,9.00,,,,,,,false,false,12,2016-01-01,2016-12-31,0
2016-07-28,30640,2016-12-31,2,,,,,,,,,,,,,,,,,,,,,,,,,,,,,18.00,,,,,,,false,true,12,2016-01-01,2016-12-31,0
2016-07-28,30640,2016-12-31,2,,,,,,,,,,,,,,,,,,,,,,,,,,,,,,,,,124880000,1083233,123664567,false,false,6,2016-01-01,2016-06-30,0
2016-07-28,30640,2015-12-31,2,,,,,,,,,,,,,,,,,,,,,,,,,,,,,,,,,,,123077548,false,false,6,2015-01-01,2015-06-30,-1
2016-10-28,30640,2016-12-31,3,50553000000,0.209,,,,,6873000000,0.333,6874000000,0.328,,4535000000,,36.66,36.51,,,,,32065000000,15357000000,0.471,,15111000000,,,,,,,,,,,,true,false,9,2016-01-01,2016-09-30,0
2016-10-28,30640,2015-12-31,3,41798000000,0.290,,,,,5156000000,0.637,5174000000,0.626,,3240000000,,26.32,26.10,,,,,,,,,,,,,,,,,,,,,true,false,9,2015-01-01,2015-09-30,-1
2016-10-28,30640,2016-12-31,3,69307000000,0.204,,,,,9380000000,0.323,9386000000,0.318,,6166000000,,49.84,,,,,,,,,,,,,,,,,,,,,,true,true,12,2016-01-01,2016-12-31,0
2016-10-28,30640,2015-12-31,3,,,,,,,,,,,,,,,,,,,,28744000000,12632000000,0.437,,12572000000,,,,,,,,,,,,true,false,12,2015-01-01,2015-12-31,-1
2016-10-28,30640,2015-12-31,3,,,,,,,,,,,,,,,,,,,,,,,,,,,,,7.00,,,,124498800,1083233,,false,false,12,2015-01-01,2015-12-31,-1
2016-10-28,30640,2016-12-31,3,,,,,,,,,,,,,,,,,,,,,,,,,,,,,9.00,,,,,,,false,false,12,2016-01-01,2016-12-31,0
2016-10-28,30640,2016-12-31,3,,,,,,,,,,,,,,,,,,,,,,,,,,,,,18.00,,,,,,,false,true,12,2016-01-01,2016-12-31,0
2016-10-28,30640,2016-12-31,3,,,,,,,,,,,,,,,,,,,,,,,,,,,,,,,,,124900200,1087633,123711767,false,false,9,2016-01-01,2016-09-30,0
2016-10-28,30640,2015-12-31,3,,,,,,,,,,,,,,,,,,,,,,,,,,,,,,,,,,,123125704,false,false,9,2015-01-01,2015-09-30,-1
2016-10-28,30640,2016-12-31,,69307000000,-0.025,,,,,9380000000,0.009,9386000000,0.010,,6166000000,,49.84,,,,,,,,,,,,,,,,,,,,,,true,true,12,2016-01-01,2016-12-31,0
2016-10-28,30640,2015-12-31,,57563000000,,,,,,7087000000,,7120000000,,,4439000000,,36.04,,,,,,,,,,,,,,,,,,,,,,true,false,12,2015-01-01,2015-12-31,-1
2017-01-27,30640,2016-12-31,,69647000000,0.210,,,,,9493000000,0.339,9514000000,0.336,,6368000000,,51.46,51.27,0.430,0.292,0.136,,36353000000,17263000000,0.468,137.32,17018000000,4982000000,-6101000000,-2561000000,7229000000,,0.350,,,,,,true,false,12,2016-01-01,2016-12-31,0
2017-01-27,30640,2015-12-31,,57563000000,0.281,,,,,7087000000,0.639,7120000000,0.636,,4439000000,,36.04,35.75,0.409,0.306,0.123,,28744000000,12632000000,0.437,101.87,12572000000,3758000000,-1073000000,4343000000,10889000000,,0.333,,,,,,true,false,12,2015-01-01,2015-12-31,-1
2017-01-27,30640,2017-12-31,,40414000000,0.214,,,,,5393000000,0.196,5399000000,0.197,,3685000000,,29.74,,,,,,,,,,,,,,,,,,,,,,true,true,6,2017-01-01,2017-06-30,1
2017-01-27,30640,2017-12-31,,84239000000,0.210,,,,,11596000000,0.222,11607000000,0.220,,7934000000,,64.02,,,,,,,,,,,,,,,,0.344,,,,,,true,true,12,2017-01-01,2017-12-31,1
2017-01-27,30640,2016-12-31,,67105000000,0.207,,,,,9782000000,0.328,9800000000,0.325,6631000000,,0.405,53.59,53.38,,,,,36814000000,18081000000,0.490,145.46,18026000000,,,,,18.00,,,,125015400,1087633,123746567,false,false,12,2016-01-01,2016-12-31,0
2017-01-27,30640,2015-12-31,,55607000000,0.262,,,,,7363000000,0.595,7398000000,0.591,4718000000,,0.659,38.30,37.99,,,,,29218000000,13374000000,0.456,107.88,13314000000,,,,,7.00,,,,124498800,1083233,123182985,false,false,12,2015-01-01,2015-12-31,-1
2017-01-27,30640,2017-12-31,,38598000000,0.201,,,,,5615000000,0.209,5614000000,0.209,3860000000,,0.241,31.15,,,,,,,,,,,,,,,,,,,,,,false,true,6,2017-01-01,2017-06-30,1
2017-01-27,30640,2017-12-31,,80240000000,0.196,,,,,11939000000,0.221,11939000000,0.218,8172000000,,0.232,65.95,,,,,,,,,,,,,,,22.00,,,,,,,false,true,12,2017-01-01,2017-12-31,1
2017-04-28,30640,2017-12-31,1,20554000000,0.239,,,,,2677000000,0.275,2698000000,0.283,,1950000000,,15.72,15.70,,,,,40312000000,18097000000,0.444,,17881000000,,,,,,,,,,,,true,false,3,2017-01-01,2017-03-31,0
2017-04-28,30640,2016-12-31,1,16589000000,0.234,,,,,2099000000,0.382,2103000000,0.375,,1375000000,,11.13,11.07,,,,,,,,,,,,,,,,,,,,,true,false,3,2016-01-01,2016-03-31,-1
2017-04-28,30640,2017-12-31,1,40414000000,0.214,,,,,5393000000,0.196,5399000000,0.197,,3685000000,,29.70,,,,,,,,,,,,,,,,,,,,,,true,true,6,2017-01-01,2017-06-30,0
2017-04-28,30640,2017-12-31,1,84239000000,0.210,,,,,11596000000,0.222,11607000000,0.220,,7934000000,,63.94,,,,,,,,,,,,,,,,,,,,,,true,true,12,2017-01-01,2017-12-31,0
2017-04-28,30640,2016-12-31,1,,,,,,,,,,,,,,,,,,,,36353000000,17263000000,0.468,,17018000000,,,,,,,,,,,,true,false,12,2016-01-01,2016-12-31,-1
2017-04-28,30640,2016-12-31,1,,,,,,,,,,,,,,,,,,,,,,,,,,,,,18.00,,,,125015400,1087633,,false,false,12,2016-01-01,2016-12-31,-1
2017-04-28,30640,2017-12-31,1,,,,,,,,,,,,,,,,,,,,,,,,,,,,,22.00,,,,,,,false,true,12,2017-01-01,2017-12-31,0
2017-04-28,30640,2017-12-31,1,,,,,,,,,,,,,,,,,,,,,,,,,,,,,,,,,125168800,1087633,124075034,false,false,3,2017-01-01,2017-03-31,0
2017-04-28,30640,2016-12-31,1,,,,,,,,,,,,,,,,,,,,,,,,,,,,,,,,,,,123567367,false,false,3,2016-01-01,2016-03-31,-1
2017-07-28,30640,2017-12-31,2,41776000000,0.255,,,,,5567000000,0.235,5612000000,0.244,,3965000000,,31.96,31.92,,,,,38748000000,20086000000,0.513,,19890000000,,,,,,,,,,,,true,false,6,2017-01-01,2017-06-30,0
2017-07-28,30640,2016-12-31,2,33297000000,0.217,,,,,4509000000,0.313,4510000000,0.309,,2977000000,,24.08,23.97,,,,,,,,,,,,,,,,,,,,,true,false,6,2016-01-01,2016-06-30,-1
2017-07-28,30640,2017-12-31,2,84239000000,0.210,,,,,11596000000,0.222,11607000000,0.220,,7934000000,,63.94,,,,,,,,,,,,,,,,,,,,,,true,true,12,2017-01-01,2017-12-31,0
2017-07-28,30640,2016-12-31,2,,,,,,,,,,,,,,,,,,,,36353000000,17263000000,0.468,,17018000000,,,,,,,,,,,,true,false,12,2016-01-01,2016-12-31,-1
2017-07-28,30640,2016-12-31,2,,,,,,,,,,,,,,,,,,,,,,,,,,,,,18.00,,,,125015400,1087633,,false,false,12,2016-01-01,2016-12-31,-1
2017-07-28,30640,2017-12-31,2,,,,,,,,,,,,,,,,,,,,,,,,,,,,,11.00,,,,,,,false,false,12,2017-01-01,2017-12-31,0
2017-07-28,30640,2017-12-31,2,,,,,,,,,,,,,,,,,,,,,,,,,,,,,22.00,,,,,,,false,true,12,2017-01-01,2017-12-31,0
2017-07-28,30640,2017-12-31,2,,,,,,,,,,,,,,,,,,,,,,,,,,,,,,,,,125176000,1087633,124080167,false,false,6,2017-01-01,2017-06-30,0
2017-07-28,30640,2016-12-31,2,,,,,,,,,,,,,,,,,,,,,,,,,,,,,,,,,,,123664567,false,false,6,2016-01-01,2016-06-30,-1
2017-10-27,30640,2017-12-31,3,64057000000,0.267,,,,,8559000000,0.245,8620000000,0.254,,6053000000,,48.78,48.73,,,,,39056000000,20784000000,0.528,,20605000000,,,,,,,,,,,,true,false,9,2017-01-01,2017-09-30,0
2017-10-27,30640,2016-12-31,3,50553000000,0.209,,,,,6873000000,0.333,6874000000,0.328,,4535000000,,36.66,36.51,,,,,,,,,,,,,,,,,,,,,true,false,9,2016-01-01,2016-09-30,-1
2017-10-27,30640,2017-12-31,3,88006000000,0.264,,,,,11795000000,0.242,11798000000,0.240,,8376000000,,67.51,,,,,,,,,,,,,,,,,,,,,,true,true,12,2017-01-01,2017-12-31,0
2017-10-27,30640,2016-12-31,3,,,,,,,,,,,,,,,,,,,,36353000000,17263000000,0.468,,17018000000,,,,,,,,,,,,true,false,12,2016-01-01,2016-12-31,-1
2017-10-27,30640,2016-12-31,3,,,,,,,,,,,,,,,,,,,,,,,,,,,,,18.00,,,,125015400,1087633,,false,false,12,2016-01-01,2016-12-31,-1
2017-10-27,30640,2017-12-31,3,,,,,,,,,,,,,,,,,,,,,,,,,,,,,11.00,,,,,,,false,false,12,2017-01-01,2017-12-31,0
2017-10-27,30640,2017-12-31,3,,,,,,,,,,,,,,,,,,,,,,,,,,,,,22.00,,,,,,,false,true,12,2017-01-01,2017-12-31,0
2017-10-27,30640,2017-12-31,3,,,,,,,,,,,,,,,,,,,,,,,,,,,,,,,,,125177000,1091033,124082256,false,false,9,2017-01-01,2017-09-30,0
2017-10-27,30640,2016-12-31,3,,,,,,,,,,,,,,,,,,,,,,,,,,,,,,,,,,,123711767,false,false,9,2016-01-01,2016-09-30,-1
2017-10-27,30640,2017-12-31,,88006000000,0.045,,,,,11795000000,0.017,11798000000,0.016,,8376000000,,67.51,,,,,,,,,,,,,,,,,,,,,,true,true,12,2017-01-01,2017-12-31,0
2017-10-27,30640,2016-12-31,,69647000000,,,,,,9493000000,,9514000000,,,6368000000,,51.46,,,,,,,,,,,,,,,,,,,,,,true,false,12,2016-01-01,2016-12-31,-1
2018-01-25,30640,2017-12-31,,88347000000,0.269,,,,,11837000000,0.247,11858000000,0.246,,8464000000,,68.21,68.14,0.422,0.299,0.134,,42861000000,23216000000,0.538,185.92,23080000000,6097000000,-3284000000,-1379000000,8688000000,,0.323,,,,,,true,false,12,2017-01-01,2017-12-31,0
2018-01-25,30640,2016-12-31,,69647000000,0.210,,,,,9493000000,0.339,9514000000,0.336,,6368000000,,51.46,51.27,0.430,0.292,0.136,,36353000000,17263000000,0.468,137.32,17018000000,4982000000,-6101000000,-2561000000,7229000000,,0.350,,,,,,true,false,12,2016-01-01,2016-12-31,-1
2018-01-25,30640,2018-12-31,,51311000000,0.228,,,,,6476000000,0.163,6441000000,0.148,,4522000000,,36.43,,,,,,,,,,,,,,,,,,,,,,true,true,6,2018-01-01,2018-06-30,1
2018-01-25,30640,2018-12-31,,109469000000,0.239,,,,,14249000000,0.204,14191000000,0.197,,10044000000,,80.91,,,,,,,,,,,,,,,,0.321,,,,,,true,true,12,2018-01-01,2018-12-31,1
2018-01-25,30640,2017-12-31,,84656000000,0.262,,,,,12168000000,0.244,12177000000,0.243,8699000000,,0.312,70.11,70.03,,,,,43525000000,24320000000,0.558,195.60,24281000000,,,,,22.00,,,,125234200,1091033,124088850,false,false,12,2017-01-01,2017-12-31,0
2018-01-25,30640,2016-12-31,,67105000000,0.207,,,,,9782000000,0.328,9800000000,0.325,6631000000,,0.405,53.59,53.38,,,,,36814000000,18081000000,0.490,145.46,18026000000,,,,,18.00,,,,125015400,1087633,123746567,false,false,12,2016-01-01,2016-12-31,-1
2018-01-25,30640,2018-12-31,,48989000000,0.223,,,,,6706000000,0.159,6660000000,0.144,4685000000,,0.132,37.74,,,,,,,,,,,,,,,,,,,,,,false,true,6,2018-01-01,2018-06-30,1
2018-01-25,30640,2018-12-31,,104066000000,0.229,,,,,14668000000,0.205,14590000000,0.198,10292000000,,0.183,82.91,,,,,,,,,,,,,,,26.00,,,,,,,false,true,12,2018-01-01,2018-12-31,1
2018-04-27,30640,2018-12-31,1,25026000000,0.218,,,,,3103000000,0.159,3068000000,0.137,,2112000000,,17.01,17.00,,,,,43147000000,24107000000,0.551,,23790000000,,,,,,,,,,,,true,false,3,2018-01-01,2018-03-31,0
2018-04-27,30640,2017-12-31,1,20554000000,0.239,,,,,2677000000,0.275,2698000000,0.283,,1950000000,,15.72,15.70,,,,,,,,,,,,,,,,,,,,,true,false,3,2017-01-01,2017-03-31,-1
2018-04-27,30640,2018-12-31,1,51311000000,0.228,,,,,6476000000,0.163,6441000000,0.148,,4522000000,,36.42,,,,,,,,,,,,,,,,,,,,,,true,true,6,2018-01-01,2018-06-30,0
2018-04-27,30640,2018-12-31,1,109469000000,0.239,,,,,14249000000,0.204,14191000000,0.197,,10044000000,,80.89,,,,,,,,,,,,,,,,,,,,,,true,true,12,2018-01-01,2018-12-31,0
2018-04-27,30640,2017-12-31,1,,,,,,,,,,,,,,,,,,,,42861000000,23216000000,0.538,,23080000000,,,,,,,,,,,,true,false,12,2017-01-01,2017-12-31,-1
2018-04-27,30640,2017-12-31,1,,,,,,,,,,,,,,,,,,,,,,,,,,,,,22.00,,,,125234200,1091033,,false,false,12,2017-01-01,2017-12-31,-1
2018-04-27,30640,2018-12-31,1,,,,,,,,,,,,,,,,,,,,,,,,,,,,,26.00,,,,,,,false,true,12,2018-01-01,2018-12-31,0
2018-04-27,30640,2018-12-31,1,,,,,,,,,,,,,,,,,,,,,,,,,,,,,,,,,125262400,1091033,124171367,false,false,3,2018-01-01,2018-03-31,0
2018-04-27,30640,2017-12-31,1,,,,,,,,,,,,,,,,,,,,,,,,,,,,,,,,,,,124075034,false,false,3,2017-01-01,2017-03-31,-1
2018-07-27,30640,2018-12-31,2,51694000000,0.237,,,,,6710000000,0.205,6684000000,0.191,,4605000000,,37.09,37.08,,,,,46317000000,26623000000,0.567,,26252000000,,,,,,,,,,,,true,false,6,2018-01-01,2018-06-30,0
2018-07-27,30640,2017-12-31,2,41776000000,0.255,,,,,5567000000,0.235,5612000000,0.244,,3965000000,,31.96,31.92,,,,,,,,,,,,,,,,,,,,,true,false,6,2017-01-01,2017-06-30,-1
2018-07-27,30640,2018-12-31,2,109469000000,0.239,,,,,14249000000,0.204,14191000000,0.197,,10044000000,,40.45,,,,,,,,,,,,,,,,,,,,,,true,true,12,2018-01-01,2018-12-31,0
2018-07-27,30640,2017-12-31,2,,,,,,,,,,,,,,,,,,,,42861000000,23216000000,0.538,,23080000000,,,,,,,,,,,,true,false,12,2017-01-01,2017-12-31,-1
2018-07-27,30640,2017-12-31,2,,,,,,,,,,,,,,,,,,,,,,,,,,,,,22.00,,,,125234200,1091033,,false,false,12,2017-01-01,2017-12-31,-1
2018-07-27,30640,2018-12-31,2,,,,,,,,,,,,,,,,,,,,,,,,,,,,,13.00,,,,,,,false,false,12,2018-01-01,2018-12-31,0
2018-07-27,30640,2018-12-31,2,,,,,,,,,,,,,,,,,,,,,,,,,,,,,6.50,,,,,,,false,true,12,2018-01-01,2018-12-31,0
2018-07-27,30640,2018-12-31,2,,,,,,,,,,,,,,,,,,,,,,,,,,,,,,,,,125263200,1096197,124168940,false,false,6,2018-01-01,2018-06-30,0
2018-07-27,30640,2017-12-31,2,,,,,,,,,,,,,,,,,,,,,,,,,,,,,,,,,,,124080167,false,false,6,2017-01-01,2017-06-30,-1
2018-10-26,30640,2018-12-31,3,78985000000,0.233,,,,,10155000000,0.186,10148000000,0.177,,6986000000,,28.13,28.12,,,,,45305000000,27358000000,0.597,,27038000000,,,,,,,,,,,,true,false,9,2018-01-01,2018-09-30,0
2018-10-26,30640,2017-12-31,3,64057000000,0.267,,,,,8559000000,0.245,8620000000,0.254,,6053000000,,24.39,24.36,,,,,,,,,,,,,,,,,,,,,true,false,9,2017-01-01,2017-09-30,-1
2018-10-26,30640,2018-12-31,3,109469000000,0.239,,,,,14249000000,0.204,14191000000,0.197,,10044000000,,40.45,,,,,,,,,,,,,,,,,,,,,,true,true,12,2018-01-01,2018-12-31,0
2018-10-26,30640,2017-12-31,3,,,,,,,,,,,,,,,,,,,,42861000000,23216000000,0.538,,23080000000,,,,,,,,,,,,true,false,12,2017-01-01,2017-12-31,-1
2018-10-26,30640,2017-12-31,3,,,,,,,,,,,,,,,,,,,,,,,,,,,,,22.00,,,,250468400,2182066,,false,false,12,2017-01-01,2017-12-31,-1
2018-10-26,30640,2018-12-31,3,,,,,,,,,,,,,,,,,,,,,,,,,,,,,13.00,,,,,,,false,false,12,2018-01-01,2018-12-31,0
2018-10-26,30640,2018-12-31,3,,,,,,,,,,,,,,,,,,,,,,,,,,,,,6.50,,,,,,,false,true,12,2018-01-01,2018-12-31,0
2018-10-26,30640,2018-12-31,3,,,,,,,,,,,,,,,,,,,,,,,,,,,,,,,,,250533600,2192394,248337833,false,false,9,2018-01-01,2018-09-30,0
2018-10-26,30640,2017-12-31,3,,,,,,,,,,,,,,,,,,,,,,,,,,,,,,,,,,,248164512,false,false,9,2017-01-01,2017-09-30,-1
2019-01-30,30640,2018-12-31,,109553000000,0.240,,,,,13790000000,0.165,13788000000,0.163,,9515000000,,38.32,38.30,0.361,0.295,0.126,,50706000000,29838000000,0.583,119.07,29569000000,10537000000,-1467000000,-5673000000,12040000000,,0.339,,,,,,true,false,12,2018-01-01,2018-12-31,0
2019-01-30,30640,2017-12-31,,88347000000,0.269,,,,,11837000000,0.247,11858000000,0.246,,8464000000,,34.11,34.07,0.422,0.299,0.134,,42861000000,23216000000,0.538,92.96,23080000000,6097000000,-3284000000,-1379000000,8688000000,,0.323,,,,,,true,false,12,2017-01-01,2017-12-31,-1
2019-01-30,30640,2019-12-31,,63780000000,0.234,,,,,7468000000,0.113,7462000000,0.116,,5191000000,,20.91,,,,,,,,,,,,,,,,,,,,,,true,true,6,2019-01-01,2019-06-30,1
2019-01-30,30640,2019-12-31,,136258000000,0.244,,,,,16536000000,0.199,16530000000,0.199,,11715000000,,47.17,,,,,,,,,,,,,,,,0.318,,,,,,true,true,12,2019-01-01,2019-12-31,1
2019-01-30,30640,2018-12-31,,105331000000,0.244,,,,,14278000000,0.173,14250000000,0.170,9825000000,,0.129,39.56,39.54,,,,,51585000000,31166000000,0.603,125.35,31130000000,,,,,6.50,,,,250540400,2192452,248340095,false,false,12,2018-01-01,2018-12-31,0
2019-01-30,30640,2017-12-31,,84656000000,0.262,,,,,12168000000,0.244,12177000000,0.243,8699000000,,0.312,35.05,35.01,,,,,43525000000,24320000000,0.558,97.80,24281000000,,,,,22.00,,,,250468400,2182066,248177701,false,false,12,2017-01-01,2017-12-31,-1
2019-01-30,30640,2019-12-31,,61193000000,0.231,,,,,7834000000,0.126,7815000000,0.129,5421000000,,0.138,21.83,,,,,,,,,,,,,,,,,,,,,,false,true,6,2019-01-01,2019-06-30,1
2019-01-30,30640,2019-12-31,,130594000000,0.240,,,,,17219000000,0.206,17189000000,0.206,12116000000,,0.233,48.79,,,,,,,,,,,,,,,15.00,,,,,,,false,true,12,2019-01-01,2019-12-31,1
2019-04-26,30640,2019-12-31,1,31065000000,0.241,,,,,3569000000,0.150,3585000000,0.169,,2492000000,,10.04,10.03,,,,,51222000000,30902000000,0.595,,30469000000,,,,,,,,,,,,true,false,3,2019-01-01,2019-03-31,0
2019-04-26,30640,2018-12-31,1,25026000000,0.218,,,,,3103000000,0.159,3068000000,0.137,,2112000000,,8.51,8.50,,,,,,,,,,,,,,,,,,,,,true,false,3,2018-01-01,2018-03-31,-1
2019-04-26,30640,2019-12-31,1,63780000000,0.234,,,,,7468000000,0.113,7462000000,0.116,,5191000000,,20.91,,,,,,,,,,,,,,,,,,,,,,true,true,6,2019-01-01,2019-06-30,0
2019-04-26,30640,2019-12-31,1,136258000000,0.244,,,,,16536000000,0.199,16530000000,0.199,,11715000000,,47.17,,,,,,,,,,,,,,,,,,,,,,true,true,12,2019-01-01,2019-12-31,0
2019-04-26,30640,2018-12-31,1,,,,,,,,,,,,,,,,,,,,50706000000,29838000000,0.583,,29569000000,,,,,,,,,,,,true,false,12,2018-01-01,2018-12-31,-1
2019-04-26,30640,2018-12-31,1,,,,,,,,,,,,,,,,,,,,,,,,,,,,,6.50,,,,250540400,2192452,,false,false,12,2018-01-01,2018-12-31,-1
2019-04-26,30640,2019-12-31,1,,,,,,,,,,,,,,,,,,,,,,,,,,,,,15.00,,,,,,,false,true,12,2019-01-01,2019-12-31,0
2019-04-26,30640,2019-12-31,1,,,,,,,,,,,,,,,,,,,,,,,,,,,,,,,,,250541600,2192452,248349148,false,false,3,2019-01-01,2019-03-31,0
2019-04-26,30640,2018-12-31,1,,,,,,,,,,,,,,,,,,,,,,,,,,,,,,,,,,,248342734,false,false,3,2018-01-01,2018-03-31,-1
2019-07-26,30640,2019-12-31,2,62970000000,0.218,,,,,7597000000,0.132,7607000000,0.138,,5302000000,,21.35,21.34,,,,,53750000000,33582000000,0.618,,33213000000,,,,,,,,,,,,true,false,6,2019-01-01,2019-06-30,0
2019-07-26,30640,2018-12-31,2,51694000000,0.237,,,,,6710000000,0.205,6684000000,0.191,,4605000000,,18.55,18.54,,,,,,,,,,,,,,,,,,,,,true,false,6,2018-01-01,2018-06-30,-1
2019-07-26,30640,2019-12-31,2,136258000000,0.244,,,,,16536000000,0.199,16530000000,0.199,,11715000000,,47.17,,,,,,,,,,,,,,,,,,,,,,true,true,12,2019-01-01,2019-12-31,0
2019-07-26,30640,2018-12-31,2,,,,,,,,,,,,,,,,,,,,50706000000,29838000000,0.583,,29569000000,,,,,,,,,,,,true,false,12,2018-01-01,2018-12-31,-1
2019-07-26,30640,2018-12-31,2,,,,,,,,,,,,,,,,,,,,,,,,,,,,,6.50,,,,250540400,2192452,,false,false,12,2018-01-01,2018-12-31,-1
2019-07-26,30640,2019-12-31,2,,,,,,,,,,,,,,,,,,,,,,,,,,,,,7.50,,,,,,,false,false,12,2019-01-01,2019-12-31,0
2019-07-26,30640,2019-12-31,2,,,,,,,,,,,,,,,,,,,,,,,,,,,,,15.00,,,,,,,false,true,12,2019-01-01,2019-12-31,0
2019-07-26,30640,2019-12-31,2,,,,,,,,,,,,,,,,,,,,,,,,,,,,,,,,,250541600,2200952,248344898,false,false,6,2019-01-01,2019-06-30,0
2019-07-26,30640,2018-12-31,2,,,,,,,,,,,,,,,,,,,,,,,,,,,,,,,,,,,248337879,false,false,6,2018-01-01,2018-06-30,-1
2019-10-24,30640,2019-12-31,3,96653000000,0.224,,,,,11303000000,0.113,11345000000,0.118,,7752000000,,31.22,31.20,,,,,53764000000,34074000000,0.628,,33771000000,,,,,,,,,,,,true,false,9,2019-01-01,2019-09-30,0
2019-10-24,30640,2018-12-31,3,78985000000,0.233,,,,,10155000000,0.186,10148000000,0.177,,6986000000,,28.13,28.12,,,,,,,,,,,,,,,,,,,,,true,false,9,2018-01-01,2018-09-30,-1
2019-10-24,30640,2019-12-31,3,136258000000,0.244,,,,,16536000000,0.199,16530000000,0.199,,11715000000,,47.17,,,,,,,,,,,,,,,,,,,,,,true,true,12,2019-01-01,2019-12-31,0
2019-10-24,30640,2018-12-31,3,,,,,,,,,,,,,,,,,,,,50706000000,29838000000,0.583,,29569000000,,,,,,,,,,,,true,false,12,2018-01-01,2018-12-31,-1
2019-10-24,30640,2018-12-31,3,,,,,,,,,,,,,,,,,,,,,,,,,,,,,6.50,,,,250540400,2192452,,false,false,12,2018-01-01,2018-12-31,-1
2019-10-24,30640,2019-12-31,3,,,,,,,,,,,,,,,,,,,,,,,,,,,,,7.50,,,,,,,false,false,12,2019-01-01,2019-12-31,0
2019-10-24,30640,2019-12-31,3,,,,,,,,,,,,,,,,,,,,,,,,,,,,,15.00,,,,,,,false,true,12,2019-01-01,2019-12-31,0
2019-10-24,30640,2019-12-31,3,,,,,,,,,,,,,,,,,,,,,,,,,,,,,,,,,250543800,2200988,248343722,false,false,9,2019-01-01,2019-09-30,0
2019-10-24,30640,2018-12-31,3,,,,,,,,,,,,,,,,,,,,,,,,,,,,,,,,,,,248337833,false,false,9,2018-01-01,2018-09-30,-1
2020-02-03,30640,2019-12-31,,131463000000,0.200,,,,,15839000000,0.149,15887000000,0.152,,10984000000,,44.23,44.21,0.330,0.288,0.120,,59691000000,37512000000,0.621,149.15,37051000000,9064000000,-3765000000,-6562000000,10746000000,,0.339,,,,,,true,false,12,2019-01-01,2019-12-31,0
2020-02-03,30640,2018-12-31,,109553000000,0.240,,,,,13790000000,0.165,13788000000,0.163,,9515000000,,38.32,38.30,0.361,0.295,0.126,,50706000000,29838000000,0.583,119.07,29569000000,10537000000,-1467000000,-5673000000,12040000000,,0.339,,,,,,true,false,12,2018-01-01,2018-12-31,-1
2020-02-03,30640,2020-12-31,,74744000000,0.187,,,,,8925000000,0.175,8934000000,0.174,,6239000000,,25.12,,,,,,,,,,,,,,,,,,,,,,true,true,6,2020-01-01,2020-06-30,1
2020-02-03,30640,2020-12-31,,156468000000,0.190,,,,,18569000000,0.172,18584000000,0.170,,12997000000,,52.32,,,,,,,,,,,,,,,,0.325,,,,,,true,true,12,2020-01-01,2020-12-31,1
2020-02-03,30640,2019-12-31,,126543000000,0.201,,,,,16430000000,0.151,16444000000,0.154,11309000000,,0.151,45.53,45.52,,,,,60605000000,39000000000,0.643,156.81,38955000000,,,,,15.00,,,,250623200,2200988,248363061,false,false,12,2019-01-01,2019-12-31,0
2020-02-03,30640,2018-12-31,,105331000000,0.244,,,,,14278000000,0.173,14250000000,0.170,9825000000,,0.129,39.56,39.54,,,,,51585000000,31166000000,0.603,125.35,31130000000,,,,,6.50,,,,250540400,2192452,248340095,false,false,12,2018-01-01,2018-12-31,-1
2020-02-03,30640,2020-12-31,,71819000000,0.186,,,,,9282000000,0.173,9265000000,0.172,6430000000,,0.171,25.89,,,,,,,,,,,,,,,,,,,,,,false,true,6,2020-01-01,2020-06-30,1
2020-02-03,30640,2020-12-31,,150049000000,0.186,,,,,19250000000,0.172,19220000000,0.169,13339000000,,0.180,53.70,,,,,,,,,,,,,,,17.00,,,,,,,false,true,12,2020-01-01,2020-12-31,1
2020-04-24,30640,2020-12-31,1,36933000000,0.189,,,,,4504000000,0.262,4506000000,0.257,,3166000000,,12.75,12.74,,,,,60126000000,38630000000,0.636,,38267000000,,,,,,,,,,,,true,false,3,2020-01-01,2020-03-31,0
2020-04-24,30640,2019-12-31,1,31065000000,0.241,,,,,3569000000,0.150,3585000000,0.169,,2492000000,,10.04,10.03,,,,,,,,,,,,,,,,,,,,,true,false,3,2019-01-01,2019-03-31,-1
2020-04-24,30640,2020-12-31,1,74744000000,0.187,,,,,8925000000,0.175,8934000000,0.174,,6239000000,,25.12,,,,,,,,,,,,,,,,,,,,,,true,true,6,2020-01-01,2020-06-30,0
2020-04-24,30640,2020-12-31,1,156468000000,0.190,,,,,18569000000,0.172,18584000000,0.170,,12997000000,,52.32,,,,,,,,,,,,,,,,,,,,,,true,true,12,2020-01-01,2020-12-31,0
2020-04-24,30640,2019-12-31,1,,,,,,,,,,,,,,,,,,,,59691000000,37512000000,0.621,,37051000000,,,,,,,,,,,,true,false,12,2019-01-01,2019-12-31,-1
2020-04-24,30640,2019-12-31,1,,,,,,,,,,,,,,,,,,,,,,,,,,,,,15.00,,,,250623200,2200988,,false,false,12,2019-01-01,2019-12-31,-1
2020-04-24,30640,2020-12-31,1,,,,,,,,,,,,,,,,,,,,,,,,,,,,,17.00,,,,,,,false,true,12,2020-01-01,2020-12-31,0
2020-04-24,30640,2020-12-31,1,,,,,,,,,,,,,,,,,,,,,,,,,,,,,,,,,250623200,2200988,248422212,false,false,3,2020-01-01,2020-03-31,0
2020-04-24,30640,2019-12-31,1,,,,,,,,,,,,,,,,,,,,,,,,,,,,,,,,,,,248349148,false,false,3,2019-01-01,2019-03-31,-1
2020-07-31,30640,2020-12-31,2,75281000000,0.196,,,,,9318000000,0.227,9342000000,0.228,,6540000000,,26.33,26.32,,,,,65407000000,41955000000,0.636,,41621000000,,,,,,,,,,,,true,false,6,2020-01-01,2020-06-30,0
2020-07-31,30640,2019-12-31,2,62970000000,0.218,,,,,7597000000,0.132,7607000000,0.138,,5302000000,,21.35,21.34,,,,,,,,,,,,,,,,,,,,,true,false,6,2019-01-01,2019-06-30,-1
2020-07-31,30640,2020-12-31,2,156468000000,0.190,,,,,18569000000,0.172,18584000000,0.170,,12997000000,,52.32,,,,,,,,,,,,,,,,,,,,,,true,true,12,2020-01-01,2020-12-31,0
2020-07-31,30640,2019-12-31,2,,,,,,,,,,,,,,,,,,,,59691000000,37512000000,0.621,,37051000000,,,,,,,,,,,,true,false,12,2019-01-01,2019-12-31,-1
2020-07-31,30640,2019-12-31,2,,,,,,,,,,,,,,,,,,,,,,,,,,,,,15.00,,,,250623200,2200988,,false,false,12,2019-01-01,2019-12-31,-1
2020-07-31,30640,2020-12-31,2,,,,,,,,,,,,,,,,,,,,,,,,,,,,,8.50,,,,,,,false,false,12,2020-01-01,2020-12-31,0
2020-07-31,30640,2020-12-31,2,,,,,,,,,,,,,,,,,,,,,,,,,,,,,17.00,,,,,,,false,true,12,2020-01-01,2020-12-31,0
2020-07-31,30640,2020-12-31,2,,,,,,,,,,,,,,,,,,,,,,,,,,,,,,,,,250627600,2221788,248415462,false,false,6,2020-01-01,2020-06-30,0
2020-07-31,30640,2019-12-31,2,,,,,,,,,,,,,,,,,,,,,,,,,,,,,,,,,,,248344898,false,false,6,2019-01-01,2019-06-30,-1
2020-10-27,30640,2020-12-31,3,114837000000,0.188,,,,,14368000000,0.271,14405000000,0.270,,10191000000,,41.03,41.02,,,,,73877000000,43427000000,0.584,,43165000000,,,,,,,,,,,,true,false,9,2020-01-01,2020-09-30,0
2020-10-27,30640,2019-12-31,3,96653000000,0.224,,,,,11303000000,0.113,11345000000,0.118,,7752000000,,31.22,31.20,,,,,,,,,,,,,,,,,,,,,true,false,9,2019-01-01,2019-09-30,-1
2020-10-27,30640,2020-12-31,3,156468000000,0.190,,,,,18569000000,0.172,18584000000,0.170,,12997000000,,52.32,,,,,,,,,,,,,,,,,,,,,,true,true,12,2020-01-01,2020-12-31,0
2020-10-27,30640,2019-12-31,3,,,,,,,,,,,,,,,,,,,,59691000000,37512000000,0.621,,37051000000,,,,,,,,,,,,true,false,12,2019-01-01,2019-12-31,-1
2020-10-27,30640,2019-12-31,3,,,,,,,,,,,,,,,,,,,,,,,,,,,,,15.00,,,,250623200,2200988,,false,false,12,2019-01-01,2019-12-31,-1
2020-10-27,30640,2020-12-31,3,,,,,,,,,,,,,,,,,,,,,,,,,,,,,8.50,,,,,,,false,false,12,2020-01-01,2020-12-31,0
2020-10-27,30640,2020-12-31,3,,,,,,,,,,,,,,,,,,,,,,,,,,,,,17.00,,,,,,,false,true,12,2020-01-01,2020-12-31,0
2020-10-27,30640,2020-12-31,3,,,,,,,,,,,,,,,,,,,,,,,,,,,,,,,,,250629800,2221788,248412756,false,false,9,2020-01-01,2020-09-30,0
2020-10-27,30640,2019-12-31,3,,,,,,,,,,,,,,,,,,,,,,,,,,,,,,,,,,,248343722,false,false,9,2019-01-01,2019-09-30,-1
2021-02-02,30640,2020-12-31,,157337000000,0.197,,,,,19607000000,0.238,19671000000,0.238,,13771000000,,55.44,55.43,0.329,0.279,0.125,,81263000000,47658000000,0.575,188.25,46761000000,15269000000,-9015000000,1773000000,18767000000,,0.324,,,,,,true,false,12,2020-01-01,2020-12-31,0
2021-02-02,30640,2019-12-31,,131463000000,0.200,,,,,15839000000,0.149,15887000000,0.152,,10984000000,,44.23,44.21,0.330,0.288,0.120,,59691000000,37512000000,0.621,149.15,37051000000,9064000000,-3765000000,-6562000000,10746000000,,0.339,,,,,,true,false,12,2019-01-01,2019-12-31,-1
2021-02-02,30640,2021-12-31,,94133000000,0.250,,,,,12041000000,0.292,12075000000,0.292,,8427000000,,16.96,,,,,,,,,,,,,,,,,,,,,,true,true,6,2021-01-01,2021-06-30,1
2021-02-02,30640,2021-12-31,,194220000000,0.234,,,,,24678000000,0.259,24738000000,0.258,,17273000000,,34.77,,,,,,,,,,,,,,,,0.331,,,,,,true,true,12,2021-01-01,2021-12-31,1
2021-02-02,30640,2020-12-31,,151798000000,0.200,,,,,20149000000,0.226,20194000000,0.228,13139000000,,0.162,52.89,52.88,,,,,80962000000,48138000000,0.594,193.50,48066000000,,,,,18.00,,,,250631000,2221788,248411770,false,false,12,2020-01-01,2020-12-31,0
2021-02-02,30640,2019-12-31,,126543000000,0.201,,,,,16430000000,0.151,16444000000,0.154,11309000000,,0.151,45.53,45.52,,,,,60605000000,39000000000,0.643,156.81,38955000000,,,,,15.00,,,,250623200,2200988,248363061,false,false,12,2019-01-01,2019-12-31,-1
2021-02-02,30640,2021-12-31,,90742000000,0.249,,,,,12237000000,0.278,12226000000,0.275,8487000000,,0.274,17.08,,,,,,,,,,,,,,,,,,,,,,false,true,6,2021-01-01,2021-06-30,1
2021-02-02,30640,2021-12-31,,186759000000,0.230,,,,,25041000000,0.243,25022000000,0.239,17365000000,,0.322,34.95,,,,,,,,,,,,,,,11.50,,,,,,,false,true,12,2021-01-01,2021-12-31,1
2021-04-30,30640,2021-12-31,1,46017000000,0.246,,,,,6009000000,0.334,6083000000,0.350,,4240000000,,8.54,8.53,,,,,83201000000,49908000000,0.586,,48776000000,,,,,,,,,,,,true,false,3,2021-01-01,2021-03-31,0
2021-04-30,30640,2020-12-31,1,36933000000,0.189,,,,,4504000000,0.262,4506000000,0.257,,3166000000,,6.37,6.37,,,,,,,,,,,,,,,,,,,,,true,false,3,2020-01-01,2020-03-31,-1
2021-04-30,30640,2021-12-31,1,94133000000,0.250,,,,,12041000000,0.292,12075000000,0.292,,8427000000,,16.96,,,,,,,,,,,,,,,,,,,,,,true,true,6,2021-01-01,2021-06-30,0
2021-04-30,30640,2021-12-31,1,194220000000,0.234,,,,,24678000000,0.259,24738000000,0.258,,17273000000,,34.77,,,,,,,,,,,,,,,,,,,,,,true,true,12,2021-01-01,2021-12-31,0
2021-04-30,30640,2020-12-31,1,,,,,,,,,,,,,,,,,,,,81263000000,47658000000,0.575,,46761000000,,,,,,,,,,,,true,false,12,2020-01-01,2020-12-31,-1
2021-04-30,30640,2020-12-31,1,,,,,,,,,,,,,,,,,,,,,,,,,,,,,18.00,,,,501262000,4443576,,false,false,12,2020-01-01,2020-12-31,-1
2021-04-30,30640,2021-12-31,1,,,,,,,,,,,,,,,,,,,,,,,,,,,,,11.50,,,,,,,false,true,12,2021-01-01,2021-12-31,0
2021-04-30,30640,2021-12-31,1,,,,,,,,,,,,,,,,,,,,,,,,,,,,,,,,,501262000,4443576,496818424,false,false,3,2021-01-01,2021-03-31,0
2021-04-30,30640,2020-12-31,1,,,,,,,,,,,,,,,,,,,,,,,,,,,,,,,,,,,496844424,false,false,3,2020-01-01,2020-03-31,-1
2021-07-30,30640,2021-12-31,2,91868000000,0.220,,,,,11898000000,0.277,11973000000,0.282,,8344000000,,16.80,16.79,,,,,88114000000,53938000000,0.600,,52872000000,,,,,,,,,,,,true,false,6,2021-01-01,2021-06-30,0
2021-07-30,30640,2020-12-31,2,75281000000,0.196,,,,,9318000000,0.227,9342000000,0.228,,6540000000,,13.16,13.16,,,,,,,,,,,,,,,,,,,,,true,false,6,2020-01-01,2020-06-30,-1
2021-07-30,30640,2021-12-31,2,194220000000,0.234,,,,,24678000000,0.259,24738000000,0.258,,17273000000,,34.77,,,,,,,,,,,,,,,,,,,,,,true,true,12,2021-01-01,2021-12-31,0
2021-07-30,30640,2020-12-31,2,,,,,,,,,,,,,,,,,,,,81263000000,47658000000,0.575,,46761000000,,,,,,,,,,,,true,false,12,2020-01-01,2020-12-31,-1
2021-07-30,30640,2020-12-31,2,,,,,,,,,,,,,,,,,,,,,,,,,,,,,18.00,,,,501262000,4443576,,false,false,12,2020-01-01,2020-12-31,-1
2021-07-30,30640,2021-12-31,2,,,,,,,,,,,,,,,,,,,,,,,,,,,,,5.75,,,,,,,false,false,12,2021-01-01,2021-12-31,0
2021-07-30,30640,2021-12-31,2,,,,,,,,,,,,,,,,,,,,,,,,,,,,,11.50,,,,,,,false,true,12,2021-01-01,2021-12-31,0
2021-07-30,30640,2021-12-31,2,,,,,,,,,,,,,,,,,,,,,,,,,,,,,,,,,501275000,4443812,496822639,false,false,6,2021-01-01,2021-06-30,0
2021-07-30,30640,2020-12-31,2,,,,,,,,,,,,,,,,,,,,,,,,,,,,,,,,,,,496830924,false,false,6,2020-01-01,2020-06-30,-1
2021-10-29,30640,2021-12-31,3,138450000000,0.206,,,,,17541000000,0.221,17668000000,0.226,,12291000000,,24.74,24.74,,,,,87572000000,54972000000,0.616,,53953000000,,,,,,,,,,,,true,false,9,2021-01-01,2021-09-30,0
2021-10-29,30640,2020-12-31,3,114837000000,0.188,,,,,14368000000,0.271,14405000000,0.270,,10191000000,,20.51,20.51,,,,,,,,,,,,,,,,,,,,,true,false,9,2020-01-01,2020-09-30,-1
2021-10-29,30640,2021-12-31,3,194220000000,0.234,,,,,24678000000,0.259,24738000000,0.258,,17273000000,,34.77,,,,,,,,,,,,,,,,,,,,,,true,true,12,2021-01-01,2021-12-31,0
2021-10-29,30640,2020-12-31,3,,,,,,,,,,,,,,,,,,,,81263000000,47658000000,0.575,,46761000000,,,,,,,,,,,,true,false,12,2020-01-01,2020-12-31,-1
2021-10-29,30640,2020-12-31,3,,,,,,,,,,,,,,,,,,,,,,,,,,,,,18.00,,,,501262000,4443576,,false,false,12,2020-01-01,2020-12-31,-1
2021-10-29,30640,2021-12-31,3,,,,,,,,,,,,,,,,,,,,,,,,,,,,,5.75,,,,,,,false,false,12,2021-01-01,2021-12-31,0
2021-10-29,30640,2021-12-31,3,,,,,,,,,,,,,,,,,,,,,,,,,,,,,11.50,,,,,,,false,true,12,2021-01-01,2021-12-31,0
2021-10-29,30640,2021-12-31,3,,,,,,,,,,,,,,,,,,,,,,,,,,,,,,,,,501275000,4443812,496825489,false,false,9,2021-01-01,2021-09-30,0
2021-10-29,30640,2020-12-31,3,,,,,,,,,,,,,,,,,,,,,,,,,,,,,,,,,,,496825513,false,false,9,2020-01-01,2020-09-30,-1
2022-02-03,3064,2021-12-31,,189731000000,0.206,,,,,24129000000,0.231,24302000000,0.235,,17552000000,,35.33,35.32,0.331,0.275,0.127,,95789000000,60283000000,0.619,119.33,59286000000,12258000000,-14290000000,-5766000000,11068000000,,0.325,,,,,,true,false,12,2021-01-01,2021-12-31,0
2022-02-03,3064,2020-12-31,,157337000000,0.197,,,,,19607000000,0.238,19671000000,0.238,,13771000000,,27.72,27.71,0.329,0.279,0.125,,81263000000,47658000000,0.575,94.12,46761000000,15269000000,-9015000000,1773000000,18767000000,,0.324,,,,,,true,false,12,2020-01-01,2020-12-31,-1
2022-02-03,3064,2022-12-31,,108983000000,0.186,,,,,11702000000,-0.016,11713000000,-0.022,,8204000000,,16.51,,,,,,,,,,,,,,,,,,,,,,true,true,6,2022-01-01,2022-06-30,1
2022-02-03,3064,2022-12-31,,226073000000,0.192,,,,,24380000000,0.010,24392000000,0.004,,17067000000,,34.35,,,,,,,,,,,,,,,,0.393,,,,,,true,true,12,2022-01-01,2022-12-31,1
2022-02-03,3064,2021-12-31,,182472000000,0.202,,,,,24533000000,0.218,24647000000,0.220,17701000000,,0.347,35.63,35.62,,,,,95154000000,60661000000,0.636,121.90,60561000000,,,,,11.50,,,,501275000,4443812,496826914,false,false,12,2021-01-01,2021-12-31,0
2022-02-03,3064,2020-12-31,,151798000000,0.200,,,,,20149000000,0.226,20194000000,0.228,13139000000,,0.162,26.45,26.44,,,,,80962000000,48138000000,0.594,96.75,48066000000,,,,,18.00,,,,501262000,4443576,496823541,false,false,12,2020-01-01,2020-12-31,-1
2022-02-03,3064,2022-12-31,,104617000000,0.183,,,,,12037000000,-0.003,12028000000,-0.008,8349000000,,-0.006,16.80,,,,,,,,,,,,,,,,,,,,,,false,true,6,2022-01-01,2022-06-30,1
2022-02-03,3064,2022-12-31,,216505000000,0.187,,,,,25018000000,0.020,24998000000,0.014,17321000000,,-0.021,34.86,,,,,,,,,,,,,,,13.50,,,,,,,false,true,12,2022-01-01,2022-12-31,1
2022-04-28,3064,2022-12-31,1,54610000000,0.187,,,,,6664000000,0.109,6746000000,0.109,,4709000000,,9.48,9.48,,,,,102081000000,62206000000,0.600,,61268000000,,,,,,,,,,,,true,false,3,2022-01-01,2022-03-31,0
2022-04-28,3064,2021-12-31,1,46017000000,0.246,,,,,6009000000,0.334,6083000000,0.350,,4240000000,,8.54,8.53,,,,,,,,,,,,,,,,,,,,,true,false,3,2021-01-01,2021-03-31,-1
2022-04-28,3064,2022-12-31,1,108983000000,0.186,,,,,11702000000,-0.016,11713000000,-0.022,,8204000000,,16.51,,,,,,,,,,,,,,,,,,,,,,true,true,6,2022-01-01,2022-06-30,0
2022-04-28,3064,2022-12-31,1,226073000000,0.192,,,,,24380000000,0.010,24392000000,0.004,,17067000000,,34.35,,,,,,,,,,,,,,,,,,,,,,true,true,12,2022-01-01,2022-12-31,0
2022-04-28,3064,2021-12-31,1,,,,,,,,,,,,,,,,,,,,95789000000,60283000000,0.619,,59286000000,,,,,,,,,,,,true,false,12,2021-01-01,2021-12-31,-1
2022-04-28,3064,2021-12-31,1,,,,,,,,,,,,,,,,,,,,,,,,,,,,,11.50,,,,501275000,4443812,,false,false,12,2021-01-01,2021-12-31,-1
2022-04-28,3064,2022-12-31,1,,,,,,,,,,,,,,,,,,,,,,,,,,,,,13.50,,,,,,,false,true,12,2022-01-01,2022-12-31,0
2022-04-28,3064,2022-12-31,1,,,,,,,,,,,,,,,,,,,,,,,,,,,,,,,,,501313800,4443812,496869988,false,false,3,2022-01-01,2022-03-31,0
2022-04-28,3064,2021-12-31,1,,,,,,,,,,,,,,,,,,,,,,,,,,,,,,,,,,,496818424,false,false,3,2021-01-01,2021-03-31,-1
2022-07-29,3064,2022-12-31,2,109863000000,0.196,,,,,13136000000,0.104,13319000000,0.112,,9317000000,,18.75,18.75,,,,,105996000000,66921000000,0.623,,66030000000,,,,,,,,,,,,true,false,6,2022-01-01,2022-06-30,0
2022-07-29,3064,2021-12-31,2,91868000000,0.220,,,,,11898000000,0.277,11973000000,0.282,,8344000000,,16.80,16.79,,,,,,,,,,,,,,,,,,,,,true,false,6,2021-01-01,2021-06-30,-1
2022-07-29,3064,2022-12-31,2,226073000000,0.192,,,,,24380000000,0.010,24392000000,0.004,,17067000000,,34.35,,,,,,,,,,,,,,,,,,,,,,true,true,12,2022-01-01,2022-12-31,0
2022-07-29,3064,2021-12-31,2,,,,,,,,,,,,,,,,,,,,95789000000,60283000000,0.619,,59286000000,,,,,,,,,,,,true,false,12,2021-01-01,2021-12-31,-1
2022-07-29,3064,2021-12-31,2,,,,,,,,,,,,,,,,,,,,,,,,,,,,,11.50,,,,501275000,4443812,,false,false,12,2021-01-01,2021-12-31,-1
2022-07-29,3064,2022-12-31,2,,,,,,,,,,,,,,,,,,,,,,,,,,,,,6.50,,,,,,,false,false,12,2022-01-01,2022-12-31,0
2022-07-29,3064,2022-12-31,2,,,,,,,,,,,,,,,,,,,,,,,,,,,,,13.50,,,,,,,false,true,12,2022-01-01,2022-12-31,0
2022-07-29,3064,2022-12-31,2,,,,,,,,,,,,,,,,,,,,,,,,,,,,,,,,,501313800,4443916,496869945,false,false,6,2022-01-01,2022-06-30,0
2022-07-29,3064,2021-12-31,2,,,,,,,,,,,,,,,,,,,,,,,,,,,,,,,,,,,496822639,false,false,6,2021-01-01,2021-06-30,-1
2022-10-28,3064,2022-12-31,3,165993000000,0.199,,,,,19323000000,0.102,19566000000,0.107,,13119000000,,26.40,26.40,,,,,105805000000,67385000000,0.630,,66672000000,,,,,,,,,,,,true,false,9,2022-01-01,2022-09-30,0
2022-10-28,3064,2021-12-31,3,138450000000,0.206,,,,,17541000000,0.221,17668000000,0.226,,12291000000,,24.74,24.74,,,,,,,,,,,,,,,,,,,,,true,false,9,2021-01-01,2021-09-30,-1
2022-10-28,3064,2022-12-31,3,226073000000,0.192,,,,,24380000000,0.010,24392000000,0.004,,17067000000,,34.35,,,,,,,,,,,,,,,,,,,,,,true,true,12,2022-01-01,2022-12-31,0
2022-10-28,3064,2021-12-31,3,,,,,,,,,,,,,,,,,,,,95789000000,60283000000,0.619,,59286000000,,,,,,,,,,,,true,false,12,2021-01-01,2021-12-31,-1
2022-10-28,3064,2021-12-31,3,,,,,,,,,,,,,,,,,,,,,,,,,,,,,11.50,,,,501275000,4443812,,false,false,12,2021-01-01,2021-12-31,-1
2022-10-28,3064,2022-12-31,3,,,,,,,,,,,,,,,,,,,,,,,,,,,,,6.50,,,,,,,false,false,12,2022-01-01,2022-12-31,0
2022-10-28,3064,2022-12-31,3,,,,,,,,,,,,,,,,,,,,,,,,,,,,,13.50,,,,,,,false,true,12,2022-01-01,2022-12-31,0
2022-10-28,3064,2022-12-31,3,,,,,,,,,,,,,,,,,,,,,,,,,,,,,,,,,501346000,4444037,496880632,false,false,9,2022-01-01,2022-09-30,0
2022-10-28,3064,2021-12-31,3,,,,,,,,,,,,,,,,,,,,,,,,,,,,,,,,,,,496825489,false,false,9,2021-01-01,2021-09-30,-1
2023-02-02,3064,2022-12-31,,225970000000,0.191,,,,,26213000000,0.086,26398000000,0.086,,18658000000,,37.55,37.55,0.284,0.254,0.116,,111737000000,72621000000,0.645,145.11,72105000000,15483000000,-12535000000,-5514000000,8586000000,,0.359,,,,,,true,false,12,2022-01-01,2022-12-31,0
2023-02-02,3064,2021-12-31,,189731000000,0.206,,,,,24129000000,0.231,24302000000,0.235,,17552000000,,35.33,35.32,0.331,0.275,0.127,,95789000000,60283000000,0.619,119.33,59286000000,12258000000,-14290000000,-5766000000,11068000000,,0.325,,,,,,true,false,12,2021-01-01,2021-12-31,-1
2023-02-02,3064,2023-12-31,,128696000000,0.171,,,,,14899000000,0.134,14878000000,0.117,,10400000000,,20.93,,,,,,,,,,,,,,,,,,,,,,true,true,6,2023-01-01,2023-06-30,1
2023-02-02,3064,2023-12-31,,265195000000,0.174,,,,,32030000000,0.222,31986000000,0.212,,22789000000,,45.86,,,,,,,,,,,,,,,,0.348,,,,,,true,true,12,2023-01-01,2023-12-31,1
2023-02-02,3064,2022-12-31,,216638000000,0.187,,,,,27085000000,0.104,27239000000,0.105,19044000000,,0.076,38.33,38.32,,,,,110781000000,73637000000,0.664,148.13,73603000000,,,,,13.50,,,,501347600,4444037,496886232,false,false,12,2022-01-01,2022-12-31,0
2023-02-02,3064,2021-12-31,,182472000000,0.202,,,,,24533000000,0.218,24647000000,0.220,17701000000,,0.347,35.63,35.62,,,,,95154000000,60661000000,0.636,121.90,60561000000,,,,,11.50,,,,501275000,4443812,496826914,false,false,12,2021-01-01,2021-12-31,-1
2023-02-02,3064,2023-12-31,,123309000000,0.167,,,,,15429000000,0.140,15408000000,0.125,10696000000,,0.127,21.53,,,,,,,,,,,,,,,,,,,,,,false,true,6,2023-01-01,2023-06-30,1
2023-02-02,3064,2023-12-31,,253373000000,0.170,,,,,32960000000,0.217,32918000000,0.208,23283000000,,0.223,46.86,,,,,,,,,,,,,,,16.00,,,,,,,false,true,12,2023-01-01,2023-12-31,1
2023-04-27,3064,2023-12-31,1,62014000000,0.136,,,,,8030000000,0.205,8084000000,0.198,,5687000000,,11.45,11.45,,,,,114061000000,74695000000,0.652,,74311000000,,,,,,,,,,,,true,false,3,2023-01-01,2023-03-31,0
2023-04-27,3064,2022-12-31,1,54610000000,0.187,,,,,6664000000,0.109,6746000000,0.109,,4709000000,,9.48,9.48,,,,,,,,,,,,,,,,,,,,,true,false,3,2022-01-01,2022-03-31,-1
2023-04-27,3064,2023-12-31,1,128696000000,0.171,,,,,14899000000,0.134,14878000000,0.117,,10400000000,,20.93,,,,,,,,,,,,,,,,,,,,,,true,true,6,2023-01-01,2023-06-30,0
2023-04-27,3064,2023-12-31,1,265195000000,0.174,,,,,32030000000,0.222,31986000000,0.212,,22789000000,,45.86,,,,,,,,,,,,,,,,,,,,,,true,true,12,2023-01-01,2023-12-31,0
2023-04-27,3064,2022-12-31,1,,,,,,,,,,,,,,,,,,,,111737000000,72621000000,0.645,,72105000000,,,,,,,,,,,,true,false,12,2022-01-01,2022-12-31,-1
2023-04-27,3064,2022-12-31,1,,,,,,,,,,,,,,,,,,,,,,,,,,,,,13.50,,,,501347600,4444037,,false,false,12,2022-01-01,2022-12-31,-1
2023-04-27,3064,2023-12-31,1,,,,,,,,,,,,,,,,,,,,,,,,,,,,,16.00,,,,,,,false,true,12,2023-01-01,2023-12-31,0
2023-04-27,3064,2023-12-31,1,,,,,,,,,,,,,,,,,,,,,,,,,,,,,,,,,501351000,4444037,496906963,false,false,3,2023-01-01,2023-03-31,0
2023-04-27,3064,2022-12-31,1,,,,,,,,,,,,,,,,,,,,,,,,,,,,,,,,,,,496869988,false,false,3,2022-01-01,2022-03-31,-1
2023-07-27,3064,2023-12-31,2,124400000000,0.132,,,,,15377000000,0.171,15529000000,0.166,,10878000000,,21.89,21.89,,,,,120746000000,80385000000,0.659,,79554000000,,,,,,,,,,,,true,false,6,2023-01-01,2023-06-30,0
2023-07-27,3064,2022-12-31,2,109863000000,0.196,,,,,13136000000,0.104,13319000000,0.112,,9317000000,,18.75,18.75,,,,,,,,,,,,,,,,,,,,,true,false,6,2022-01-01,2022-06-30,-1
2023-07-27,3064,2023-12-31,2,265195000000,0.174,,,,,32030000000,0.222,31986000000,0.212,,22789000000,,45.86,,,,,,,,,,,,,,,,,,,,,,true,true,12,2023-01-01,2023-12-31,0
2023-07-27,3064,2022-12-31,2,,,,,,,,,,,,,,,,,,,,111737000000,72621000000,0.645,,72105000000,,,,,,,,,,,,true,false,12,2022-01-01,2022-12-31,-1
2023-07-27,3064,2022-12-31,2,,,,,,,,,,,,,,,,,,,,,,,,,,,,,13.50,,,,501347600,4444037,,false,false,12,2022-01-01,2022-12-31,-1
2023-07-27,3064,2023-12-31,2,,,,,,,,,,,,,,,,,,,,,,,,,,,,,8.00,,,,,,,false,false,12,2023-01-01,2023-12-31,0
2023-07-27,3064,2023-12-31,2,,,,,,,,,,,,,,,,,,,,,,,,,,,,,16.00,,,,,,,false,true,12,2023-01-01,2023-12-31,0
2023-07-27,3064,2023-12-31,2,,,,,,,,,,,,,,,,,,,,,,,,,,,,,,,,,501351000,4444126,496906919,false,false,6,2023-01-01,2023-06-30,0
2023-07-27,3064,2022-12-31,2,,,,,,,,,,,,,,,,,,,,,,,,,,,,,,,,,,,496869945,false,false,6,2022-01-01,2022-06-30,-1
2023-10-26,3064,2023-12-31,3,187223000000,0.128,,,,,22919000000,0.186,23145000000,0.183,,16171000000,,32.54,32.54,,,,,117465000000,81611000000,0.689,,80879000000,,,,,,,,,,,,true,false,9,2023-01-01,2023-09-30,0
2023-10-26,3064,2022-12-31,3,165993000000,0.199,,,,,19323000000,0.102,19566000000,0.107,,13119000000,,26.40,26.40,,,,,,,,,,,,,,,,,,,,,true,false,9,2022-01-01,2022-09-30,-1
2023-10-26,3064,2023-12-31,3,265195000000,0.174,,,,,32030000000,0.222,31986000000,0.212,,22789000000,,45.86,,,,,,,,,,,,,,,,,,,,,,true,true,12,2023-01-01,2023-12-31,0
2023-10-26,3064,2022-12-31,3,,,,,,,,,,,,,,,,,,,,111737000000,72621000000,0.645,,72105000000,,,,,,,,,,,,true,false,12,2022-01-01,2022-12-31,-1
2023-10-26,3064,2022-12-31,3,,,,,,,,,,,,,,,,,,,,,,,,,,,,,13.50,,,,501347600,4444037,,false,false,12,2022-01-01,2022-12-31,-1
2023-10-26,3064,2023-12-31,3,,,,,,,,,,,,,,,,,,,,,,,,,,,,,8.00,,,,,,,false,false,12,2023-01-01,2023-12-31,0
2023-10-26,3064,2023-12-31,3,,,,,,,,,,,,,,,,,,,,,,,,,,,,,16.00,,,,,,,false,true,12,2023-01-01,2023-12-31,0
2023-10-26,3064,2023-12-31,3,,,,,,,,,,,,,,,,,,,,,,,,,,,,,,,,,501351000,4444375,496904987,false,false,9,2023-01-01,2023-09-30,0
2023-10-26,3064,2022-12-31,3,,,,,,,,,,,,,,,,,,,,,,,,,,,,,,,,,,,496880632,false,false,9,2022-01-01,2022-09-30,-1
2024-02-02,3064,2023-12-31,,254286000000,0.125,,,,,31309000000,0.194,31538000000,0.195,,21813000000,,43.90,43.90,0.275,0.263,0.123,,128352000000,86982000000,0.673,173.94,86433000000,29932000000,-8401000000,-11705000000,18454000000,,0.364,,,,,,true,false,12,2023-01-01,2023-12-31,0
2024-02-02,3064,2022-12-31,,225970000000,0.191,,,,,26213000000,0.086,26398000000,0.086,,18658000000,,37.55,37.55,0.284,0.254,0.116,,111737000000,72621000000,0.645,145.11,72105000000,15483000000,-12535000000,-5514000000,8586000000,,0.359,,,,,,true,false,12,2022-01-01,2022-12-31,-1
2024-02-02,3064,2024-12-31,,139015000000,0.117,,,,,17022000000,0.107,17024000000,0.096,,11923000000,,23.99,,,,,,,,,,,,,,,,,,,,,,true,true,6,2024-01-01,2024-06-30,1
2024-02-02,3064,2024-12-31,,286570000000,0.127,,,,,35820000000,0.144,35835000000,0.136,,25096000000,,50.51,,,,,,,,,,,,,,,,0.376,,,,,,true,true,12,2024-01-01,2024-12-31,1
2024-02-02,3064,2023-12-31,,243352000000,0.123,,,,,32675000000,0.206,32891000000,0.207,22072000000,,0.159,44.42,44.42,,,,,127332000000,88253000000,0.693,177.55,88225000000,,,,,16.00,,,,501351000,4444396,496905393,false,false,12,2023-01-01,2023-12-31,0
2024-02-02,3064,2022-12-31,,216638000000,0.187,,,,,27085000000,0.104,27239000000,0.105,19044000000,,0.076,38.33,38.32,,,,,110781000000,73637000000,0.664,148.13,73603000000,,,,,13.50,,,,501347600,4444037,496886232,false,false,12,2022-01-01,2022-12-31,-1
2024-02-02,3064,2024-12-31,,133176000000,0.116,,,,,17727000000,0.113,17741000000,0.102,12339000000,,0.101,24.83,,,,,,,,,,,,,,,,,,,,,,false,true,6,2024-01-01,2024-06-30,1
2024-02-02,3064,2024-12-31,,273549000000,0.124,,,,,36957000000,0.131,36984000000,0.124,25714000000,,0.165,51.75,,,,,,,,,,,,,,,19.00,,,,,,,false,true,12,2024-01-01,2024-12-31,1
2024-04-25,3064,2024-12-31,1,69139000000,0.115,,,,,8901000000,0.109,8984000000,0.111,,6256000000,,12.59,12.59,,,,,127043000000,89055000000,0.698,,88650000000,,,,,,,,,,,,true,false,3,2024-01-01,2024-03-31,0
2024-04-25,3064,2023-12-31,1,62014000000,0.136,,,,,8030000000,0.205,8084000000,0.198,,5687000000,,11.45,11.45,,,,,,,,,,,,,,,,,,,,,true,false,3,2023-01-01,2023-03-31,-1
2024-04-25,3064,2024-12-31,1,139015000000,0.117,,,,,17022000000,0.107,17024000000,0.096,,11923000000,,23.99,,,,,,,,,,,,,,,,,,,,,,true,true,6,2024-01-01,2024-06-30,0
2024-04-25,3064,2024-12-31,1,286570000000,0.127,,,,,35820000000,0.144,35835000000,0.136,,25096000000,,50.51,,,,,,,,,,,,,,,,,,,,,,true,true,12,2024-01-01,2024-12-31,0
2024-04-25,3064,2023-12-31,1,,,,,,,,,,,,,,,,,,,,128352000000,86982000000,0.673,,86433000000,,,,,,,,,,,,true,false,12,2023-01-01,2023-12-31,-1
2024-04-25,3064,2023-12-31,1,,,,,,,,,,,,,,,,,,,,,,,,,,,,,16.00,,,,501351000,4444396,,false,false,12,2023-01-01,2023-12-31,-1
2024-04-25,3064,2024-12-31,1,,,,,,,,,,,,,,,,,,,,,,,,,,,,,19.00,,,,,,,false,true,12,2024-01-01,2024-12-31,0
2024-04-25,3064,2024-12-31,1,,,,,,,,,,,,,,,,,,,,,,,,,,,,,,,,,501351000,4503600,496886869,false,false,3,2024-01-01,2024-03-31,0
2024-04-25,3064,2023-12-31,1,,,,,,,,,,,,,,,,,,,,,,,,,,,,,,,,,,,496906963,false,false,3,2023-01-01,2023-03-31,-1
2024-08-01,3064,2024-12-31,2,139397000000,0.121,,,,,17729000000,0.153,17872000000,0.151,,12495000000,,25.15,25.15,,,,,134904000000,95295000000,0.705,,95064000000,,,,,,,,,,,,true,false,6,2024-01-01,2024-06-30,0
2024-08-01,3064,2023-12-31,2,124400000000,0.132,,,,,15377000000,0.171,15529000000,0.166,,10878000000,,21.89,21.89,,,,,,,,,,,,,,,,,,,,,true,false,6,2023-01-01,2023-06-30,-1
2024-08-01,3064,2024-12-31,2,286570000000,0.127,,,,,35820000000,0.144,35835000000,0.136,,25096000000,,50.51,,,,,,,,,,,,,,,,,,,,,,true,true,12,2024-01-01,2024-12-31,0
2024-08-01,3064,2023-12-31,2,,,,,,,,,,,,,,,,,,,,128352000000,86982000000,0.673,,86433000000,,,,,,,,,,,,true,false,12,2023-01-01,2023-12-31,-1
2024-08-01,3064,2023-12-31,2,,,,,,,,,,,,,,,,,,,,,,,,,,,,,16.00,,,,501351000,4444396,,false,false,12,2023-01-01,2023-12-31,-1
2024-08-01,3064,2024-12-31,2,,,,,,,,,,,,,,,,,,,,,,,,,,,,,9.00,,,,,,,false,false,12,2024-01-01,2024-12-31,0
2024-08-01,3064,2024-12-31,2,,,,,,,,,,,,,,,,,,,,,,,,,,,,,19.00,,,,,,,false,true,12,2024-01-01,2024-12-31,0
2024-08-01,3064,2024-12-31,2,,,,,,,,,,,,,,,,,,,,,,,,,,,,,,,,,501351000,4444599,496886827,false,false,6,2024-01-01,2024-06-30,0
2024-08-01,3064,2023-12-31,2,,,,,,,,,,,,,,,,,,,,,,,,,,,,,,,,,,,496906919,false,false,6,2023-01-01,2023-06-30,-1
2024-10-31,3064,2024-12-31,3,211509000000,0.130,,,,,27040000000,0.180,27134000000,0.172,,18886000000,,38.01,38.01,,,,,132248000000,96837000000,0.727,,96157000000,,,,,,,,,,,,true,false,9,2024-01-01,2024-09-30,0
2024-10-31,3064,2023-12-31,3,187223000000,0.128,,,,,22919000000,0.186,23145000000,0.183,,16171000000,,32.54,32.54,,,,,,,,,,,,,,,,,,,,,true,false,9,2023-01-01,2023-09-30,-1
2024-10-31,3064,2024-12-31,3,286570000000,0.127,,,,,35820000000,0.144,35835000000,0.136,,25096000000,,50.51,,,,,,,,,,,,,,,,,,,,,,true,true,12,2024-01-01,2024-12-31,0
2024-10-31,3064,2023-12-31,3,,,,,,,,,,,,,,,,,,,,128352000000,86982000000,0.673,,86433000000,,,,,,,,,,,,true,false,12,2023-01-01,2023-12-31,-1
2024-10-31,3064,2023-12-31,3,,,,,,,,,,,,,,,,,,,,,,,,,,,,,16.00,,,,501351000,4444396,,false,false,12,2023-01-01,2023-12-31,-1
2024-10-31,3064,2024-12-31,3,,,,,,,,,,,,,,,,,,,,,,,,,,,,,9.00,,,,,,,false,false,12,2024-01-01,2024-12-31,0
2024-10-31,3064,2024-12-31,3,,,,,,,,,,,,,,,,,,,,,,,,,,,,,19.00,,,,,,,false,true,12,2024-01-01,2024-12-31,0
2024-10-31,3064,2024-12-31,3,,,,,,,,,,,,,,,,,,,,,,,,,,,,,,,,,501351000,4444238,496891814,false,false,9,2024-01-01,2024-09-30,0
2024-10-31,3064,2023-12-31,3,,,,,,,,,,,,,,,,,,,,,,,,,,,,,,,,,,,496904987,false,false,9,2023-01-01,2023-09-30,-1
2025-01-31,30640,2024-12-31,,288119000000,0.133,,,,,37066000000,0.184,37320000000,0.183,,26338000000,,53.01,53.00,0.277,0.273,0.129,,145028000000,104267000000,0.715,208.64,103673000000,28662000000,-3582000000,-13339000000,30370000000,,0.358,,,,,,true,false,12,2024-01-01,2024-12-31,0
2025-01-31,30640,2023-12-31,,254286000000,0.125,,,,,31309000000,0.194,31538000000,0.195,,21813000000,,43.90,43.90,0.275,0.263,0.123,,128352000000,86982000000,0.673,173.94,86433000000,29932000000,-8401000000,-11705000000,18454000000,,0.364,,,,,,true,false,12,2023-01-01,2023-12-31,-1
2025-01-31,30640,2025-12-31,,159579000000,0.145,,,,,19932000000,0.124,19937000000,0.116,,13899000000,,27.97,,,,,,,,,,,,,,,,,,,,,,true,true,6,2025-01-01,2025-06-30,1
2025-01-31,30640,2025-12-31,,328173000000,0.139,,,,,43000000000,0.160,43026000000,0.153,,30284000000,,60.95,,,,,,,,,,,,,,,,0.509,,,,,,true,true,12,2025-01-01,2025-12-31,1
2025-01-31,30640,2024-12-31,,276100000000,0.135,,,,,38550000000,0.180,38805000000,0.180,25984000000,,0.177,52.29,52.29,,,,,144304000000,105790000000,0.733,212.84,105762000000,,,,,19.00,,,,501351000,4445095,496900234,false,false,12,2024-01-01,2024-12-31,0
2025-01-31,30640,2023-12-31,,243352000000,0.123,,,,,32675000000,0.206,32891000000,0.207,22072000000,,0.159,44.42,44.42,,,,,127332000000,88253000000,0.693,177.55,88225000000,,,,,16.00,,,,501351000,4444396,496905393,false,false,12,2023-01-01,2023-12-31,-1
2025-01-31,30640,2025-12-31,,153296000000,0.148,,,,,20531000000,0.109,20551000000,0.102,14266000000,,0.102,28.71,,,,,,,,,,,,,,,,,,,,,,false,true,6,2025-01-01,2025-06-30,1
2025-01-31,30640,2025-12-31,,314876000000,0.140,,,,,44080000000,0.143,44120000000,0.137,30926000000,,0.190,62.24,,,,,,,,,,,,,,,31.00,,,,,,,false,true,12,2025-01-01,2025-12-31,1
2025-05-01,30640,2025-12-31,1,79106000000,0.144,,,,,10740000000,0.207,10714000000,0.192,,7537000000,,15.17,15.17,,,,,146842000000,106527000000,0.721,,105893000000,,,,,,,,,,,,true,false,3,2025-01-01,2025-03-31,0
2025-05-01,30640,2024-12-31,1,69139000000,0.115,,,,,8901000000,0.109,8984000000,0.111,,6256000000,,12.59,12.59,,,,,,,,,,,,,,,,,,,,,true,false,3,2024-01-01,2024-03-31,-1
2025-05-01,30640,2025-12-31,1,159579000000,0.145,,,,,19932000000,0.124,19937000000,0.116,,13899000000,,27.97,,,,,,,,,,,,,,,,,,,,,,true,true,6,2025-01-01,2025-06-30,0
2025-05-01,30640,2025-12-31,1,328173000000,0.139,,,,,43000000000,0.160,43026000000,0.153,,30284000000,,60.95,,,,,,,,,,,,,,,,,,,,,,true,true,12,2025-01-01,2025-12-31,0
2025-05-01,30640,2024-12-31,1,,,,,,,,,,,,,,,,,,,,145028000000,104267000000,0.715,,103673000000,,,,,,,,,,,,true,false,12,2024-01-01,2024-12-31,-1
2025-05-01,30640,2024-12-31,1,,,,,,,,,,,,,,,,,,,,,,,,,,,,,19.00,,,,501351000,4445095,,false,false,12,2024-01-01,2024-12-31,-1
2025-05-01,30640,2025-12-31,1,,,,,,,,,,,,,,,,,,,,,,,,,,,,,31.00,,,,,,,false,true,12,2025-01-01,2025-12-31,0
2025-05-01,30640,2025-12-31,1,,,,,,,,,,,,,,,,,,,,,,,,,,,,,,,,,501351000,4445095,496905905,false,false,3,2025-01-01,2025-03-31,0
2025-05-01,30640,2024-12-31,1,,,,,,,,,,,,,,,,,,,,,,,,,,,,,,,,,,,496886869,false,false,3,2024-01-01,2024-03-31,-1
2025-07-31,30640,2025-12-31,2,160232000000,0.149,,,,,21883000000,0.234,21840000000,0.222,,15417000000,,31.03,31.03,,,,,165828000000,114237000000,0.685,,113604000000,,,,,,,,,,,,true,false,6,2025-01-01,2025-06-30,0
2025-07-31,30640,2024-12-31,2,139397000000,0.121,,,,,17729000000,0.153,17872000000,0.151,,12495000000,,25.15,25.15,,,,,,,,,,,,,,,,,,,,,true,false,6,2024-01-01,2024-06-30,-1
2025-07-31,30640,2025-12-31,2,328173000000,0.139,,,,,43000000000,0.160,43026000000,0.153,,30284000000,,60.95,,,,,,,,,,,,,,,,,,,,,,true,true,12,2025-01-01,2025-12-31,0
2025-07-31,30640,2024-12-31,2,,,,,,,,,,,,,,,,,,,,145028000000,104267000000,0.715,,103673000000,,,,,,,,,,,,true,false,12,2024-01-01,2024-12-31,-1
2025-07-31,30640,2024-12-31,2,,,,,,,,,,,,,,,,,,,,,,,,,,,,,19.00,,,,501351000,4445095,,false,false,12,2024-01-01,2024-12-31,-1
2025-07-31,30640,2025-12-31,2,,,,,,,,,,,,,,,,,,,,,,,,,,,,,15.00,,,,,,,false,false,12,2025-01-01,2025-12-31,0
2025-07-31,30640,2025-12-31,2,,,,,,,,,,,,,,,,,,,,,,,,,,,,,31.00,,,,,,,false,true,12,2025-01-01,2025-12-31,0
2025-07-31,30640,2025-12-31,2,,,,,,,,,,,,,,,,,,,,,,,,,,,,,,,,,501351000,4445102,496905902,false,false,6,2025-01-01,2025-06-30,0
2025-07-31,30640,2024-12-31,2,,,,,,,,,,,,,,,,,,,,,,,,,,,,,,,,,,,496886827,false,false,6,2024-01-01,2024-06-30,-1
