filing_date,code,fiscal_year_end,quarterly_period,net_sales,net_sales_change,revenue,revenue_change,operating_revenue,operating_revenue_change,operating_profit,operating_profit_change,ordinary_profit,ordinary_profit_change,net_income,net_income_of_parent,net_income_change,eps,diluted_eps,roe,roa,operating_profit_to_net_sales,operating_profit_to_revenue,total_assets,net_assets,equity_ratio,bps,owner_equity,operating_cash_flow,investing_cash_flow,financing_cash_flow,cash,dividend_per_share,payout_ratio,commemorative_dividend,extra_dividend,number_of_shares,number_of_treqsury_shares,avg_number_of_shares,is_consolidated,is_forecast,duration,period_start,period_end,period_pos
2015-05-15,30770,2015-03-31,,8550000000,0.042,,,,,566000000,0.377,568000000,0.371,248000000,,1.051,43.78,0.00,0.076,0.095,0.066,,6056000000,3384000000,0.559,596.98,3384000000,1185000000,-488000000,-361000000,690000000,7.00,0.160,,,5670000,333,5669694,false,false,12,2014-04-01,2015-03-31,0
2015-05-15,30770,2014-03-31,,8209000000,0.094,,,,,411000000,-0.346,414000000,-0.345,121000000,,-0.598,21.34,0.00,0.039,0.075,0.050,,5865000000,3172000000,0.541,559.47,3172000000,730000000,-1242000000,346000000,355000000,7.00,0.328,,,5670000,303,5669729,false,false,12,2013-04-01,2014-03-31,-1
2015-05-15,30770,2016-03-31,,4230000000,0.025,,,,,193000000,0.272,182000000,0.190,100000000,,0.170,17.75,,,,,,,,,,,,,,,,,,,,,,false,true,6,2015-04-01,2015-09-30,1
2015-05-15,30770,2016-03-31,,8750000000,0.023,,,,,600000000,0.061,574000000,0.010,270000000,,0.090,47.75,,,,,,,,,,,,,,,7.00,0.147,,,,,,false,true,12,2015-04-01,2016-03-31,1
2015-07-30,30770,2016-03-31,1,2000000000,-0.023,,,,,63000000,0.007,64000000,-0.093,23000000,,-0.403,4.23,,,,,,6066000000,3374000000,0.556,,3374000000,,,,,,,,,5670000,333,5669667,false,false,3,2015-04-01,2015-06-30,0
2015-07-30,30770,2015-03-31,1,2046000000,0.075,,,,,63000000,-0.393,70000000,-0.324,40000000,,-0.175,7.09,,,,,,,,,,,,,,,,,,,,,5669697,false,false,3,2014-04-01,2014-06-30,-1
2015-07-30,30770,2016-03-31,1,4230000000,0.025,,,,,193000000,0.272,182000000,0.190,100000000,,0.170,17.75,,,,,,,,,,,,,,,,,,,,,,false,true,6,2015-04-01,2015-09-30,0
2015-07-30,30770,2016-03-31,1,8750000000,0.023,,,,,600000000,0.061,574000000,0.010,270000000,,0.090,47.75,,,,,,,,,,,,,,,7.00,,,,,,,false,true,12,2015-04-01,2016-03-31,0
2015-07-30,30770,2015-03-31,1,,,,,,,,,,,,,,,,,,,,6056000000,3384000000,0.559,,3384000000,,,,,7.00,,,,5670000,333,,false,false,12,2014-04-01,2015-03-31,-1
2015-10-22,30770,2016-03-31,,4030000000,-0.047,,,,,143000000,-0.258,142000000,-0.223,-67000000,,,-11.93,,,,,,,,,,,,,,,,,,,,,,false,true,6,2015-04-01,2015-09-30,0
2015-10-22,30770,2015-03-31,,4128000000,,,,,,151000000,,153000000,,85000000,,,15.17,,,,,,,,,,,,,,,,,,,,,,false,false,6,2014-04-01,2014-09-30,-1
2015-10-22,30770,2016-03-31,,8500000000,-0.029,,,,,500000000,-0.168,500000000,-0.130,130000000,,-0.516,23.11,,,,,,,,,,,,,,,,,,,,,,false,true,12,2015-04-01,2016-03-31,0
2015-10-22,30770,2015-03-31,,8550000000,,,,,,566000000,,568000000,,248000000,,,43.78,,,,,,,,,,,,,,,,,,,,,,false,false,12,2014-04-01,2015-03-31,-1
2015-10-29,30770,2016-03-31,2,4030000000,-0.024,,,,,143000000,-0.056,142000000,-0.075,-67000000,,,-11.93,,,,,,5845000000,3272000000,0.560,,3272000000,,,,,,,,,5670000,377,5669664,false,false,6,2015-04-01,2015-09-30,0
2015-10-29,30770,2015-03-31,2,4128000000,0.045,,,,,151000000,-0.211,153000000,-0.194,85000000,,1.435,15.17,,,,,,,,,,,,,,,,,,,,,5669697,false,false,6,2014-04-01,2014-09-30,-1
2015-10-29,30770,2016-03-31,2,8500000000,-0.006,,,,,500000000,-0.117,500000000,-0.121,130000000,,-0.472,23.11,,,,,,,,,,,,,,,7.00,,,,,,,false,true,12,2015-04-01,2016-03-31,0
2015-10-29,30770,2015-03-31,2,,,,,,,,,,,,,,,,,,,,6056000000,3384000000,0.559,,3384000000,,,,,7.00,,,,5670000,333,,false,false,12,2014-04-01,2015-03-31,-1
2015-10-29,30770,2016-03-31,2,,,,,,,,,,,,,,,,,,,,,,,,,,,,,0.00,,,,,,,false,false,12,2015-04-01,2016-03-31,0
2016-01-28,30770,2016-03-31,3,6285000000,-0.030,,,,,314000000,-0.255,315000000,-0.254,-12000000,,,-2.18,,,,,,6059000000,3325000000,0.549,,3325000000,,,,,,,,,5670000,377,5669650,false,false,9,2015-04-01,2015-12-31,0
2016-01-28,30770,2015-03-31,3,6480000000,0.046,,,,,421000000,0.216,422000000,0.218,207000000,,1.062,36.51,,,,,,,,,,,,,,,,,,,,,5669697,false,false,9,2014-04-01,2014-12-31,-1
2016-01-28,30770,2016-03-31,3,8280000000,-0.032,,,,,330000000,-0.417,330000000,-0.419,-60000000,,,-10.62,,,,,,,,,,,,,,,7.00,,,,,,,false,true,12,2015-04-01,2016-03-31,0
2016-01-28,30770,2015-03-31,3,,,,,,,,,,,,,,,,,,,,6056000000,3384000000,0.559,,3384000000,,,,,7.00,,,,5670000,333,,false,false,12,2014-04-01,2015-03-31,-1
2016-01-28,30770,2016-03-31,3,,,,,,,,,,,,,,,,,,,,,,,,,,,,,0.00,,,,,,,false,false,12,2015-04-01,2016-03-31,0
2016-01-28,30770,2016-03-31,,8280000000,-0.026,,,,,330000000,-0.339,330000000,-0.339,-60000000,,,-10.62,,,,,,,,,,,,,,,,,,,,,,false,true,12,2015-04-01,2016-03-31,0
2016-01-28,30770,2015-03-31,,8550000000,,,,,,566000000,,568000000,,248000000,,,43.78,,,,,,,,,,,,,,,,,,,,,,false,false,12,2014-04-01,2015-03-31,-1
2016-05-09,30770,2016-03-31,,8224000000,-0.007,,,,,333000000,0.010,333000000,0.010,-113000000,,,-20.08,,,,,,,,,,,,,,,,,,,,,,false,true,12,2015-04-01,2016-03-31,0
2016-05-09,30770,2015-03-31,,8550000000,,,,,,566000000,,568000000,,248000000,,,43.78,,,,,,,,,,,,,,,,,,,,,,false,false,12,2014-04-01,2015-03-31,-1
2016-05-16,30770,2016-03-31,,8224000000,-0.038,,,,,334000000,-0.409,334000000,-0.412,-113000000,,,-20.08,,-0.035,0.058,0.041,,5562000000,3210000000,0.577,566.26,3210000000,384000000,-620000000,-81000000,374000000,7.00,,,,5670000,377,5669644,false,false,12,2015-04-01,2016-03-31,0
2016-05-16,30770,2015-03-31,,8550000000,0.042,,,,,566000000,0.377,568000000,0.371,248000000,,1.051,43.78,,0.076,0.095,0.066,,6056000000,3384000000,0.559,596.98,3384000000,1185000000,-488000000,-361000000,690000000,7.00,0.160,,,5670000,333,5669694,false,false,12,2014-04-01,2015-03-31,-1
2016-05-16,30770,2017-03-31,,3889000000,-0.035,,,,,24000000,-0.827,24000000,-0.828,-31000000,,,-5.58,,,,,,,,,,,,,,,,,,,,,,false,true,6,2016-04-01,2016-09-30,1
2016-05-16,30770,2017-03-31,,7863000000,-0.044,,,,,188000000,-0.436,200000000,-0.400,34000000,,,6.12,,,,,,,,,,,,,,,7.00,1.143,,,,,,false,true,12,2016-04-01,2017-03-31,1
2016-07-28,30770,2017-03-31,1,1823000000,-0.088,,,,,-37000000,,-37000000,,-33000000,,,-5.99,,,,,,5615000000,3134000000,0.558,,3134000000,,,,,,,,,5670000,377,5669623,false,false,3,2016-04-01,2016-06-30,0
2016-07-28,30770,2016-03-31,1,2000000000,-0.023,,,,,63000000,0.007,64000000,-0.093,23000000,,-0.403,4.23,,,,,,,,,,,,,,,,,,,,,5669667,false,false,3,2015-04-01,2015-06-30,-1
2016-07-28,30770,2017-03-31,1,3889000000,-0.035,,,,,24000000,-0.827,24000000,-0.828,-31000000,,,-5.58,,,,,,,,,,,,,,,,,,,,,,false,true,6,2016-04-01,2016-09-30,0
2016-07-28,30770,2017-03-31,1,7863000000,-0.044,,,,,188000000,-0.436,200000000,-0.400,34000000,,,6.12,,,,,,,,,,,,,,,7.00,,,,,,,false,true,12,2016-04-01,2017-03-31,0
2016-07-28,30770,2016-03-31,1,,,,,,,,,,,,,,,,,,,,5562000000,3210000000,0.577,,3210000000,,,,,7.00,,,,5670000,377,,false,false,12,2015-04-01,2016-03-31,-1
2016-10-25,30770,2017-03-31,,3613000000,-0.071,,,,,-72000000,,-72000000,,-448000000,,,-79.04,,,,,,,,,,,,,,,,,,,,,,false,true,6,2016-04-01,2016-09-30,0
2016-10-25,30770,2016-03-31,,4030000000,,,,,,143000000,,142000000,,-67000000,,,-11.93,,,,,,,,,,,,,,,,,,,,,,false,false,6,2015-04-01,2015-09-30,-1
2016-10-25,30770,2017-03-31,,7303000000,-0.071,,,,,-64000000,,-65000000,,-603000000,,,-106.38,,,,,,,,,,,,,,,,,,,,,,false,true,12,2016-04-01,2017-03-31,0
2016-10-25,30770,2016-03-31,,8224000000,,,,,,334000000,,334000000,,-113000000,,,-20.08,,,,,,,,,,,,,,,,,,,,,,false,false,12,2015-04-01,2016-03-31,-1
2016-10-28,30770,2017-03-31,2,3613000000,-0.104,,,,,-72000000,,-72000000,,-448000000,,,-79.04,,,,,,5238000000,2725000000,0.520,,2725000000,,,,,,,,,5670000,377,5669623,false,false,6,2016-04-01,2016-09-30,0
2016-10-28,30770,2016-03-31,2,4030000000,-0.024,,,,,143000000,-0.056,142000000,-0.075,-67000000,,,-11.93,,,,,,,,,,,,,,,,,,,,,5669664,false,false,6,2015-04-01,2015-09-30,-1
2016-10-28,30770,2017-03-31,2,7303000000,-0.112,,,,,-64000000,,-65000000,,-603000000,,,-106.38,,,,,,,,,,,,,,,7.00,,,,,,,false,true,12,2016-04-01,2017-03-31,0
2016-10-28,30770,2016-03-31,2,,,,,,,,,,,,,,,,,,,,5562000000,3210000000,0.577,,3210000000,,,,,7.00,,,,5670000,377,,false,false,12,2015-04-01,2016-03-31,-1
2016-10-28,30770,2017-03-31,2,,,,,,,,,,,,,,,,,,,,,,,,,,,,,0.00,,,,,,,false,false,12,2016-04-01,2017-03-31,0
2017-01-30,30770,2017-03-31,3,5570000000,-0.114,,,,,20000000,-0.936,21000000,-0.932,-434000000,,,-76.72,,,,,,5321000000,2744000000,0.516,,2744000000,,,,,,,,,5670000,377,5669623,false,false,9,2016-04-01,2016-12-31,0
2017-01-30,30770,2016-03-31,3,6285000000,-0.030,,,,,314000000,-0.255,315000000,-0.254,-12000000,,,-2.18,,,,,,,,,,,,,,,,,,,,,5669650,false,false,9,2015-04-01,2015-12-31,-1
2017-01-30,30770,2017-03-31,3,7303000000,-0.112,,,,,-64000000,,-65000000,,-603000000,,,-106.38,,,,,,,,,,,,,,,7.00,,,,,,,false,true,12,2016-04-01,2017-03-31,0
2017-01-30,30770,2016-03-31,3,,,,,,,,,,,,,,,,,,,,5562000000,3210000000,0.577,,3210000000,,,,,7.00,,,,5670000,377,,false,false,12,2015-04-01,2016-03-31,-1
2017-01-30,30770,2017-03-31,3,,,,,,,,,,,,,,,,,,,,,,,,,,,,,0.00,,,,,,,false,false,12,2016-04-01,2017-03-31,0
2017-04-17,30770,2017-03-31,,7292000000,-0.001,,,,,58000000,,40000000,,-496000000,,,-87.50,,,,,,,,,,,,,,,,,,,,,,false,true,12,2016-04-01,2017-03-31,0
2017-04-17,30770,2016-03-31,,8224000000,,,,,,334000000,,334000000,,-113000000,,,-20.08,,,,,,,,,,,,,,,,,,,,,,false,false,12,2015-04-01,2016-03-31,-1
2017-05-08,30770,2017-03-31,,7292000000,-0.113,,,,,61000000,-0.816,44000000,-0.868,-502000000,,,-88.69,,-0.171,0.009,0.008,,4717000000,2682000000,0.569,473.06,2682000000,358000000,-65000000,-333000000,334000000,7.00,,,,5670000,439,5669620,false,false,12,2016-04-01,2017-03-31,0
2017-05-08,30770,2016-03-31,,8224000000,-0.038,,,,,334000000,-0.409,334000000,-0.412,-113000000,,,-20.08,,-0.035,0.058,0.041,,5562000000,3210000000,0.577,566.26,3210000000,384000000,-620000000,-81000000,374000000,7.00,,,,5670000,377,5669644,false,false,12,2015-04-01,2016-03-31,-1
2017-05-08,30770,2018-03-31,,3172000000,-0.122,,,,,-72000000,,-155000000,,-413000000,,,-72.98,,,,,,,,,,,,,,,,,,,,,,false,true,6,2017-04-01,2017-09-30,1
2017-05-08,30770,2018-03-31,,6553000000,-0.101,,,,,107000000,0.739,25000000,-0.415,-243000000,,,-42.88,,,,,,,,,,,,,,,7.00,,,,,,,false,true,12,2017-04-01,2018-03-31,1
2017-08-02,30770,2018-03-31,1,1607000000,-0.119,,,,,-13000000,,-93000000,,-324000000,,,-57.18,,,,,,4509000000,2319000000,0.514,,2319000000,,,,,,,,,5670000,439,5669561,false,false,3,2017-04-01,2017-06-30,0
2017-08-02,30770,2017-03-31,1,1823000000,-0.088,,,,,-37000000,,-37000000,,-33000000,,,-5.99,,,,,,,,,,,,,,,,,,,,,5669623,false,false,3,2016-04-01,2016-06-30,-1
2017-08-02,30770,2018-03-31,1,3172000000,-0.122,,,,,-72000000,,-155000000,,-413000000,,,-72.98,,,,,,,,,,,,,,,,,,,,,,false,true,6,2017-04-01,2017-09-30,0
2017-08-02,30770,2018-03-31,1,6553000000,-0.101,,,,,107000000,0.739,25000000,-0.415,-243000000,,,-42.88,,,,,,,,,,,,,,,7.00,,,,,,,false,true,12,2017-04-01,2018-03-31,0
2017-08-02,30770,2017-03-31,1,,,,,,,,,,,,,,,,,,,,4717000000,2682000000,0.569,,2682000000,,,,,7.00,,,,5670000,439,,false,false,12,2016-04-01,2017-03-31,-1
2017-11-01,30770,2018-03-31,2,3232000000,-0.105,,,,,12000000,,-82000000,,-403000000,,,-71.09,,,,,,4183000000,2246000000,0.537,,2246000000,,,,,,,,,5670000,439,5669561,false,false,6,2017-04-01,2017-09-30,0
2017-11-01,30770,2017-03-31,2,3613000000,-0.104,,,,,-72000000,,-72000000,,-448000000,,,-79.04,,,,,,,,,,,,,,,,,,,,,5669623,false,false,6,2016-04-01,2016-09-30,-1
2017-11-01,30770,2018-03-31,2,6650000000,-0.088,,,,,140000000,1.277,46000000,0.047,-314000000,,,-55.39,,,,,,,,,,,,,,,7.00,,,,,,,false,true,12,2017-04-01,2018-03-31,0
2017-11-01,30770,2017-03-31,2,,,,,,,,,,,,,,,,,,,,4717000000,2682000000,0.569,,2682000000,,,,,7.00,,,,5670000,439,,false,false,12,2016-04-01,2017-03-31,-1
2017-11-01,30770,2018-03-31,2,,,,,,,,,,,,,,,,,,,,,,,,,,,,,0.00,,,,,,,false,false,12,2017-04-01,2018-03-31,0
2018-01-31,30770,2018-03-31,3,5088000000,-0.087,,,,,127000000,5.346,33000000,0.566,-403000000,,,-71.12,,,,,,4239000000,2250000000,0.531,,2250000000,,,,,,,,,5670000,439,5669561,false,false,9,2017-04-01,2017-12-31,0
2018-01-31,30770,2017-03-31,3,5570000000,-0.114,,,,,20000000,-0.936,21000000,-0.932,-434000000,,,-76.72,,,,,,,,,,,,,,,,,,,,,5669623,false,false,9,2016-04-01,2016-12-31,-1
2018-01-31,30770,2018-03-31,3,6650000000,-0.088,,,,,140000000,1.277,46000000,0.047,-314000000,,,-55.39,,,,,,,,,,,,,,,7.00,,,,,,,false,true,12,2017-04-01,2018-03-31,0
2018-01-31,30770,2017-03-31,3,,,,,,,,,,,,,,,,,,,,4717000000,2682000000,0.569,,2682000000,,,,,7.00,,,,5670000,439,,false,false,12,2016-04-01,2017-03-31,-1
2018-01-31,30770,2018-03-31,3,,,,,,,,,,,,,,,,,,,,,,,,,,,,,0.00,,,,,,,false,false,12,2017-04-01,2018-03-31,0
2018-05-14,30770,2018-03-31,,6815000000,-0.065,,,,,188000000,2.062,93000000,1.109,-408000000,,,-72.03,,-0.166,0.021,0.028,,4071000000,2238000000,0.550,394.81,2238000000,366000000,69000000,-304000000,465000000,7.00,,,,5670000,439,5669561,false,false,12,2017-04-01,2018-03-31,0
2018-05-14,30770,2017-03-31,,7292000000,-0.113,,,,,61000000,-0.816,44000000,-0.868,-502000000,,,-88.69,,-0.171,0.009,0.008,,4717000000,2682000000,0.569,473.06,2682000000,358000000,-65000000,-333000000,334000000,7.00,,,,5670000,439,5669620,false,false,12,2016-04-01,2017-03-31,-1
2018-05-14,30770,2019-03-31,,3262000000,0.009,,,,,-16000000,,-14000000,,-18000000,,,-3.24,,,,,,,,,,,,,,,,,,,,,,false,true,6,2018-04-01,2018-09-30,1
2018-05-14,30770,2019-03-31,,6891000000,0.011,,,,,218000000,0.161,223000000,1.395,152000000,,,26.93,,,,,,,,,,,,,,,7.00,,,,,,,false,true,12,2018-04-01,2019-03-31,1
2018-08-01,30770,2019-03-31,1,1612000000,0.003,,,,,29000000,,30000000,,17000000,,,3.07,,,,,,3925000000,2211000000,0.564,,2211000000,,,,,,,,,5670000,439,5669561,false,false,3,2018-04-01,2018-06-30,0
2018-08-01,30770,2018-03-31,1,1607000000,-0.119,,,,,-13000000,,-93000000,,-324000000,,,-57.18,,,,,,,,,,,,,,,,,,,,,5669561,false,false,3,2017-04-01,2017-06-30,-1
2018-08-01,30770,2019-03-31,1,3262000000,0.009,,,,,-16000000,,-14000000,,-18000000,,,-3.24,,,,,,,,,,,,,,,,,,,,,,false,true,6,2018-04-01,2018-09-30,0
2018-08-01,30770,2019-03-31,1,6891000000,0.011,,,,,218000000,0.161,223000000,1.395,152000000,,,26.93,,,,,,,,,,,,,,,7.00,,,,,,,false,true,12,2018-04-01,2019-03-31,0
2018-08-01,30770,2018-03-31,1,,,,,,,,,,,,,,,,,,,,4071000000,2238000000,0.550,,2238000000,,,,,7.00,,,,5670000,439,,false,false,12,2017-04-01,2018-03-31,-1
2018-10-31,30770,2019-03-31,2,3238000000,0.002,,,,,75000000,4.872,76000000,,36000000,,,6.44,,,,,,3774000000,2234000000,0.592,,2234000000,,,,,,,,,5670000,439,5669561,false,false,6,2018-04-01,2018-09-30,0
2018-10-31,30770,2018-03-31,2,3232000000,-0.105,,,,,12000000,,-82000000,,-403000000,,,-71.09,,,,,,,,,,,,,,,,,,,,,5669561,false,false,6,2017-04-01,2017-09-30,-1
2018-10-31,30770,2019-03-31,2,6891000000,0.011,,,,,218000000,0.161,223000000,1.395,152000000,,,26.93,,,,,,,,,,,,,,,7.00,,,,,,,false,true,12,2018-04-01,2019-03-31,0
2018-10-31,30770,2018-03-31,2,,,,,,,,,,,,,,,,,,,,4071000000,2238000000,0.550,,2238000000,,,,,7.00,,,,5670000,439,,false,false,12,2017-04-01,2018-03-31,-1
2018-10-31,30770,2019-03-31,2,,,,,,,,,,,,,,,,,,,,,,,,,,,,,0.00,,,,,,,false,false,12,2018-04-01,2019-03-31,0
2019-01-30,30770,2019-03-31,3,5058000000,-0.006,,,,,273000000,1.145,275000000,7.246,166000000,,,29.33,,,,,,3638000000,2348000000,0.645,,2348000000,,,,,,,,,5670000,439,5669561,false,false,9,2018-04-01,2018-12-31,0
2019-01-30,30770,2018-03-31,3,5088000000,-0.087,,,,,127000000,5.346,33000000,0.566,-403000000,,,-71.12,,,,,,,,,,,,,,,,,,,,,5669561,false,false,9,2017-04-01,2017-12-31,-1
2019-01-30,30770,2019-03-31,3,6682000000,-0.019,,,,,300000000,0.620,300000000,2.238,230000000,,,40.61,,,,,,,,,,,,,,,7.00,,,,,,,false,true,12,2018-04-01,2019-03-31,0
2019-01-30,30770,2018-03-31,3,,,,,,,,,,,,,,,,,,,,4071000000,2238000000,0.550,,2238000000,,,,,7.00,,,,5670000,439,,false,false,12,2017-04-01,2018-03-31,-1
2019-01-30,30770,2019-03-31,3,,,,,,,,,,,,,,,,,,,,,,,,,,,,,0.00,,,,,,,false,false,12,2018-04-01,2019-03-31,0
2019-05-15,30770,2019-03-31,,6660000000,-0.023,,,,,304000000,1.614,309000000,3.306,249000000,,,44.00,,0.107,0.080,0.046,,3653000000,2433000000,0.666,429.22,2433000000,379000000,428000000,-595000000,677000000,7.00,0.159,,,5670000,439,5669561,false,false,12,2018-04-01,2019-03-31,0
2019-05-15,30770,2018-03-31,,6815000000,-0.065,,,,,188000000,2.062,93000000,1.109,-408000000,,,-72.03,,-0.166,0.021,0.028,,4071000000,2238000000,0.550,394.81,2238000000,366000000,69000000,-304000000,465000000,7.00,,,,5670000,439,5669561,false,false,12,2017-04-01,2018-03-31,-1
2019-05-15,30770,2020-03-31,,3006000000,0.929,,,,,27000000,0.362,30000000,0.402,13000000,,0.370,2.38,,,,,,,,,,,,,,,,,,,,,,false,true,6,2019-04-01,2019-09-30,1
2019-05-15,30770,2020-03-31,,6358000000,0.955,,,,,280000000,0.922,288000000,0.932,170000000,,0.683,30.06,,,,,,,,,,,,,,,7.00,0.233,,,,,,false,true,12,2019-04-01,2020-03-31,1
2019-05-15,30770,2019-03-31,,6660000000,-0.023,,,,,304000000,1.614,309000000,3.306,249000000,,,44.00,,0.107,0.080,0.046,,3653000000,2433000000,0.666,429.22,2433000000,379000000,428000000,-595000000,677000000,7.00,0.159,,,5670000,439,5669561,false,false,12,2018-04-01,2019-03-31,0
2019-05-15,30770,2018-03-31,,6815000000,-0.065,,,,,188000000,2.062,93000000,1.109,-408000000,,,-72.03,,-0.166,0.021,0.028,,4071000000,2238000000,0.550,394.81,2238000000,366000000,69000000,-304000000,465000000,7.00,,,,5670000,439,5669561,false,false,12,2017-04-01,2018-03-31,-1
2019-05-15,30770,2020-03-31,,3006000000,-0.071,,,,,27000000,-0.638,30000000,-0.598,13000000,,-0.630,2.38,,,,,,,,,,,,,,,,,,,,,,false,true,6,2019-04-01,2019-09-30,1
2019-05-15,30770,2020-03-31,,6358000000,-0.045,,,,,280000000,-0.078,288000000,-0.068,170000000,,-0.317,30.06,,,,,,,,,,,,,,,7.00,0.233,,,,,,false,true,12,2019-04-01,2020-03-31,1
2019-07-31,30770,2020-03-31,1,1496000000,-0.072,,,,,-13000000,,-11000000,,-42000000,,,-7.48,,,,,,3507000000,2350000000,0.670,,2350000000,,,,,,,,,5670000,439,5669561,false,false,3,2019-04-01,2019-06-30,0
2019-07-31,30770,2019-03-31,1,1612000000,0.003,,,,,29000000,,30000000,,17000000,,,3.07,,,,,,,,,,,,,,,,,,,,,5669561,false,false,3,2018-04-01,2018-06-30,-1
2019-07-31,30770,2020-03-31,1,3006000000,-0.071,,,,,27000000,-0.638,30000000,-0.598,13000000,,-0.630,2.38,,,,,,,,,,,,,,,,,,,,,,false,true,6,2019-04-01,2019-09-30,0
2019-07-31,30770,2020-03-31,1,6358000000,-0.045,,,,,280000000,-0.078,288000000,-0.068,170000000,,-0.317,30.06,,,,,,,,,,,,,,,7.00,,,,,,,false,true,12,2019-04-01,2020-03-31,0
2019-07-31,30770,2019-03-31,1,,,,,,,,,,,,,,,,,,,,3653000000,2433000000,0.666,,2433000000,,,,,7.00,,,,5670000,439,,false,false,12,2018-04-01,2019-03-31,-1
2019-10-16,30770,2020-03-31,,3005000000,-0.001,,,,,19000000,-0.287,23000000,-0.248,-32000000,,,-5.77,,,,,,,,,,,,,,,,,,,,,,false,true,6,2019-04-01,2019-09-30,0
2019-10-16,30770,2019-03-31,,3238000000,,,,,,75000000,,76000000,,36000000,,,6.44,,,,,,,,,,,,,,,,,,,,,,false,false,6,2018-04-01,2018-09-30,-1
2019-10-30,30770,2020-03-31,2,3005000000,-0.072,,,,,20000000,-0.733,23000000,-0.694,-32000000,,,-5.77,,,,,,3356000000,2361000000,0.703,,2361000000,,,,,,,,,5670000,439,5669561,false,false,6,2019-04-01,2019-09-30,0
2019-10-30,30770,2019-03-31,2,3238000000,0.002,,,,,75000000,4.872,76000000,,36000000,,,6.44,,,,,,,,,,,,,,,,,,,,,5669561,false,false,6,2018-04-01,2018-09-30,-1
2019-10-30,30770,2020-03-31,2,6358000000,-0.045,,,,,280000000,-0.078,288000000,-0.068,170000000,,-0.317,30.06,,,,,,,,,,,,,,,7.00,,,,,,,false,true,12,2019-04-01,2020-03-31,0
2019-10-30,30770,2019-03-31,2,,,,,,,,,,,,,,,,,,,,3653000000,2433000000,0.666,,2433000000,,,,,7.00,,,,5670000,439,,false,false,12,2018-04-01,2019-03-31,-1
2019-10-30,30770,2020-03-31,2,,,,,,,,,,,,,,,,,,,,,,,,,,,,,0.00,,,,,,,false,false,12,2019-04-01,2020-03-31,0
2020-01-29,30770,2020-03-31,3,4726000000,-0.066,,,,,174000000,-0.362,179000000,-0.350,54000000,,-0.673,9.59,,,,,,3688000000,2458000000,0.667,,2458000000,,,,,,,,,5670000,439,5669561,false,false,9,2019-04-01,2019-12-31,0
2020-01-29,30770,2019-03-31,3,5058000000,-0.006,,,,,273000000,1.145,275000000,7.246,166000000,,,29.33,,,,,,,,,,,,,,,,,,,,,5669561,false,false,9,2018-04-01,2018-12-31,-1
2020-01-29,30770,2020-03-31,3,6358000000,-0.045,,,,,280000000,-0.078,288000000,-0.068,170000000,,-0.317,30.06,,,,,,,,,,,,,,,7.00,,,,,,,false,true,12,2019-04-01,2020-03-31,0
2020-01-29,30770,2019-03-31,3,,,,,,,,,,,,,,,,,,,,3653000000,2433000000,0.666,,2433000000,,,,,7.00,,,,5670000,439,,false,false,12,2018-04-01,2019-03-31,-1
2020-01-29,30770,2020-03-31,3,,,,,,,,,,,,,,,,,,,,,,,,,,,,,0.00,,,,,,,false,false,12,2019-04-01,2020-03-31,0
2020-05-27,30770,2020-03-31,,6148000000,-0.077,,,,,143000000,-0.528,151000000,-0.511,-565000000,,,-99.74,,-0.265,0.046,0.023,,2887000000,1833000000,0.635,323.31,1833000000,120000000,-81000000,-50000000,665000000,3.50,,,,5670000,439,5669561,false,false,12,2019-04-01,2020-03-31,0
2020-05-27,30770,2019-03-31,,6660000000,-0.023,,,,,304000000,1.614,309000000,3.306,249000000,,,44.00,,0.107,0.080,0.046,,3653000000,2433000000,0.666,429.22,2433000000,379000000,428000000,-595000000,677000000,7.00,0.159,,,5670000,439,5669561,false,false,12,2018-04-01,2019-03-31,-1
2020-07-29,30770,2021-03-31,1,346000000,-0.768,,,,,-390000000,,-382000000,,-409000000,,,-72.26,,,,,,2680000000,1413000000,0.527,,1413000000,,,,,,,,,5670000,439,5669561,false,false,3,2020-04-01,2020-06-30,0
2020-07-29,30770,2020-03-31,1,1496000000,-0.072,,,,,-13000000,,-11000000,,-42000000,,,-7.48,,,,,,,,,,,,,,,,,,,,,5669561,false,false,3,2019-04-01,2019-06-30,-1
2020-07-29,30770,2020-03-31,1,,,,,,,,,,,,,,,,,,,,2887000000,1833000000,0.635,,1833000000,,,,,3.50,,,,5670000,439,,false,false,12,2019-04-01,2020-03-31,-1
2020-10-28,30770,2021-03-31,2,1215000000,-0.595,,,,,-591000000,,-582000000,,-646000000,,,-113.96,,,,,,2734000000,1179000000,0.431,,1179000000,,,,,,,,,5670000,439,5669561,false,false,6,2020-04-01,2020-09-30,0
2020-10-28,30770,2020-03-31,2,3005000000,-0.072,,,,,20000000,-0.733,23000000,-0.694,-32000000,,,-5.77,,,,,,,,,,,,,,,,,,,,,5669561,false,false,6,2019-04-01,2019-09-30,-1
2020-10-28,30770,2020-03-31,2,,,,,,,,,,,,,,,,,,,,2887000000,1833000000,0.635,,1833000000,,,,,3.50,,,,5670000,439,,false,false,12,2019-04-01,2020-03-31,-1
2020-10-28,30770,2021-03-31,2,,,,,,,,,,,,,,,,,,,,,,,,,,,,,0.00,,,,,,,false,false,12,2020-04-01,2021-03-31,0
2020-10-28,30770,2021-03-31,2,1215000000,-0.595,,,,,-580000000,,-565000000,,-629000000,,,-111.00,,,,,,2740000000,1195000000,0.436,,1195000000,,,,,,,,,5670000,439,5669561,false,false,6,2020-04-01,2020-09-30,0
2020-10-28,30770,2020-03-31,2,3005000000,-0.072,,,,,20000000,-0.733,23000000,-0.694,-32000000,,,-5.77,,,,,,,,,,,,,,,,,,,,,5669561,false,false,6,2019-04-01,2019-09-30,-1
2020-10-28,30770,2020-03-31,2,,,,,,,,,,,,,,,,,,,,2887000000,1833000000,0.635,,1833000000,,,,,3.50,,,,5670000,439,,false,false,12,2019-04-01,2020-03-31,-1
2020-10-28,30770,2021-03-31,2,,,,,,,,,,,,,,,,,,,,,,,,,,,,,0.00,,,,,,,false,false,12,2020-04-01,2021-03-31,0
2021-02-10,30770,2021-03-31,3,2392000000,-0.494,,,,,-621000000,,-604000000,,-802000000,,,-141.58,,,,,,2842000000,1024000000,0.361,,1024000000,,,,,,,,,5670000,439,5669561,false,false,9,2020-04-01,2020-12-31,0
2021-02-10,30770,2020-03-31,3,4726000000,-0.066,,,,,174000000,-0.362,179000000,-0.350,54000000,,-0.673,9.59,,,,,,,,,,,,,,,,,,,,,5669561,false,false,9,2019-04-01,2019-12-31,-1
2021-02-10,30770,2020-03-31,3,,,,,,,,,,,,,,,,,,,,2887000000,1833000000,0.635,,1833000000,,,,,3.50,,,,5670000,439,,false,false,12,2019-04-01,2020-03-31,-1
2021-02-10,30770,2021-03-31,3,,,,,,,,,,,,,,,,,,,,,,,,,,,,,0.00,,,,,,,false,false,12,2020-04-01,2021-03-31,0
,30770,2021-03-31,,,,,,,,,,,,,,,,,,,,,,,,,,,,,,0.00,,,,,,,false,true,12,2020-04-01,2021-03-31,0
,30770,2021-03-31,,,,,,,,,,,,,,,,,,,,,,,,,,,,,,0.00,,,,,,,false,false,12,2020-04-01,2021-03-31,0
,30770,2020-03-31,,,,,,,,,,,,,,,,,,,,,,,,,,,,,,3.50,,,,,,,false,false,12,2019-04-01,2020-03-31,-1
2021-05-18,30770,2021-03-31,,2767000000,-0.550,,,,,-989000000,,-775000000,,-1054000000,,,-186.06,,-0.808,-0.290,-0.358,,2458000000,777000000,0.316,137.10,777000000,-747000000,107000000,474000000,500000000,0.00,,,,5670000,439,5669561,false,false,12,2020-04-01,2021-03-31,0
2021-05-18,30770,2020-03-31,,6148000000,-0.077,,,,,143000000,-0.528,151000000,-0.511,-565000000,,,-99.74,,-0.265,0.046,0.023,,2887000000,1833000000,0.635,323.31,1833000000,120000000,-81000000,-50000000,665000000,3.50,,,,5670000,439,5669561,false,false,12,2019-04-01,2020-03-31,-1
2021-07-28,30770,2022-03-31,1,399000000,0.151,,,,,-363000000,,-205000000,,-189000000,,,-33.37,,,,,,2563000000,588000000,0.229,,588000000,,,,,,,,,5670000,439,5669561,false,false,3,2021-04-01,2021-06-30,0
2021-07-28,30770,2021-03-31,1,346000000,-0.768,,,,,-390000000,,-382000000,,-409000000,,,-72.26,,,,,,,,,,,,,,,,,,,,,5669561,false,false,3,2020-04-01,2020-06-30,-1
2021-07-28,30770,2021-03-31,1,,,,,,,,,,,,,,,,,,,,2458000000,777000000,0.316,,777000000,,,,,0.00,,,,5670000,439,,false,false,12,2020-04-01,2021-03-31,-1
2021-11-09,30770,2022-03-31,2,610000000,-0.498,,,,,-758000000,,-191000000,,-301000000,,,-53.22,,,,,,2799000000,475000000,0.170,,475000000,,,,,,,,,5670000,439,5669561,false,false,6,2021-04-01,2021-09-30,0
2021-11-09,30770,2021-03-31,2,1215000000,-0.595,,,,,-580000000,,-565000000,,-629000000,,,-111.00,,,,,,,,,,,,,,,,,,,,,5669561,false,false,6,2020-04-01,2020-09-30,-1
2021-11-09,30770,2021-03-31,2,,,,,,,,,,,,,,,,,,,,2458000000,777000000,0.316,,777000000,,,,,0.00,,,,5670000,439,,false,false,12,2020-04-01,2021-03-31,-1
2021-11-09,30770,2022-03-31,2,,,,,,,,,,,,,,,,,,,,,,,,,,,,,0.00,,,,,,,false,false,12,2021-04-01,2022-03-31,0
2022-02-07,30770,2022-03-31,3,1728000000,-0.278,,,,,-775000000,,-91000000,,-125000000,,,-22.09,,,,,,3144000000,657000000,0.209,,657000000,,,,,,,,,5670000,439,5669561,false,false,9,2021-04-01,2021-12-31,0
2022-02-07,30770,2021-03-31,3,2392000000,-0.494,,,,,-621000000,,-604000000,,-802000000,,,-141.58,,,,,,,,,,,,,,,,,,,,,5669561,false,false,9,2020-04-01,2020-12-31,-1
2022-02-07,30770,2021-03-31,3,,,,,,,,,,,,,,,,,,,,2458000000,777000000,0.316,,777000000,,,,,0.00,,,,5670000,439,,false,false,12,2020-04-01,2021-03-31,-1
2022-02-07,30770,2022-03-31,3,,,,,,,,,,,,,,,,,,,,,,,,,,,,,0.00,,,,,,,false,false,12,2021-04-01,2022-03-31,0
2022-05-18,30770,2022-03-31,,2160000000,-0.219,,,,,-1121000000,,-289000000,,-391000000,,,-68.96,,-0.671,-0.113,-0.519,,2655000000,388000000,0.146,68.60,,-741000000,-105000000,997000000,651000000,0.00,,,,5670000,439,5669561,false,false,12,2021-04-01,2022-03-31,0
2022-05-18,30770,2021-03-31,,2767000000,-0.550,,,,,-989000000,,-775000000,,-1054000000,,,-186.06,,-0.808,-0.290,-0.358,,2458000000,777000000,0.316,137.10,777000000,-747000000,107000000,474000000,500000000,0.00,,,,5670000,439,5669561,false,false,12,2020-04-01,2021-03-31,-1
2022-08-04,30770,2023-03-31,1,926000000,1.320,,,,,-127000000,,0,,28000000,,,5.08,,,,,,2723000000,415000000,0.153,,415000000,,,,,,,,,5670000,439,5669561,false,false,3,2022-04-01,2022-06-30,0
2022-08-04,30770,2022-03-31,1,399000000,0.151,,,,,-363000000,,-205000000,,-189000000,,,-33.37,,,,,,,,,,,,,,,,,,,,,5669561,false,false,3,2021-04-01,2021-06-30,-1
2022-08-04,30770,2022-03-31,1,,,,,,,,,,,,,,,,,,,,2655000000,388000000,0.146,,388000000,,,,,0.00,,,,5670000,439,,false,false,12,2021-04-01,2022-03-31,-1
2022-11-08,30770,2023-03-31,2,1780000000,1.918,,,,,-390000000,,-181000000,,-164000000,,,-28.95,,,,,,2484000000,221000000,0.089,,221000000,,,,,,,,,5670000,439,5669561,false,false,6,2022-04-01,2022-09-30,0
2022-11-08,30770,2022-03-31,2,610000000,-0.498,,,,,-758000000,,-191000000,,-301000000,,,-53.22,,,,,,,,,,,,,,,,,,,,,5669561,false,false,6,2021-04-01,2021-09-30,-1
2022-11-08,30770,2022-03-31,2,,,,,,,,,,,,,,,,,,,,2655000000,388000000,0.146,,388000000,,,,,0.00,,,,5670000,439,,false,false,12,2021-04-01,2022-03-31,-1
2022-11-08,30770,2023-03-31,2,,,,,,,,,,,,,,,,,,,,,,,,,,,,,0.00,,,,,,,false,false,12,2022-04-01,2023-03-31,0
2023-02-07,30770,2023-03-31,3,2959000000,0.712,,,,,-299000000,,-171000000,,-199000000,,,-35.11,,,,,,2603000000,190000000,0.073,,190000000,,,,,,,,,5670000,439,5669561,false,false,9,2022-04-01,2022-12-31,0
2023-02-07,30770,2022-03-31,3,1728000000,-0.278,,,,,-775000000,,-91000000,,-125000000,,,-22.09,,,,,,,,,,,,,,,,,,,,,5669561,false,false,9,2021-04-01,2021-12-31,-1
2023-02-07,30770,2022-03-31,3,,,,,,,,,,,,,,,,,,,,2655000000,388000000,0.146,,388000000,,,,,0.00,,,,5670000,439,,false,false,12,2021-04-01,2022-03-31,-1
2023-02-07,30770,2023-03-31,3,,,,,,,,,,,,,,,,,,,,,,,,,,,,,0.00,,,,,,,false,false,12,2022-04-01,2023-03-31,0
2023-05-16,30770,2023-03-31,,4053000000,0.876,,,,,-354000000,,-226000000,,-278000000,,,-49.15,,-1.113,-0.087,-0.088,,2543000000,112000000,0.044,19.76,112000000,156000000,-4000000,-1000000,801000000,0.00,,,,5670000,439,5669561,false,false,12,2022-04-01,2023-03-31,0
2023-05-16,30770,2022-03-31,,2160000000,-0.219,,,,,-1121000000,,-289000000,,-391000000,,,-68.96,,-0.671,-0.113,-0.519,,2655000000,388000000,0.146,68.60,388000000,-741000000,-105000000,997000000,651000000,0.00,,,,5670000,439,5669561,false,false,12,2021-04-01,2022-03-31,-1
2023-05-16,30770,2024-03-31,,2145000000,0.205,,,,,-42000000,,-47000000,,-53000000,,,-9.41,,,,,,,,,,,,,,,,,,,,,,false,true,6,2023-04-01,2023-09-30,1
2023-05-16,30770,2024-03-31,,4620000000,0.140,,,,,50000000,,35000000,,23000000,,,4.25,,,,,,,,,,,,,,,,,,,,,,false,true,12,2023-04-01,2024-03-31,1
2023-08-04,30770,2024-03-31,1,1041000000,0.125,,,,,-58000000,,-59000000,,-61000000,,,-10.86,,,,,,2317000000,55000000,0.024,,55000000,,,,,,,,,5670000,439,5669561,false,false,3,2023-04-01,2023-06-30,0
2023-08-04,30770,2023-03-31,1,926000000,1.320,,,,,-127000000,,0,,28000000,,,5.08,,,,,,,,,,,,,,,,,,,,,5669561,false,false,3,2022-04-01,2022-06-30,-1
2023-08-04,30770,2024-03-31,1,2145000000,0.205,,,,,-42000000,,-47000000,,-53000000,,,-9.41,,,,,,,,,,,,,,,,,,,,,,false,true,6,2023-04-01,2023-09-30,0
2023-08-04,30770,2024-03-31,1,4620000000,0.140,,,,,50000000,,35000000,,23000000,,,4.25,,,,,,,,,,,,,,,,,,,,,,false,true,12,2023-04-01,2024-03-31,0
2023-08-04,30770,2023-03-31,1,,,,,,,,,,,,,,,,,,,,2543000000,112000000,0.044,,112000000,,,,,0.00,,,,5670000,439,,false,false,12,2022-04-01,2023-03-31,-1
2023-11-07,30770,2024-03-31,2,2134000000,0.199,,,,,-94000000,,-93000000,,-104000000,,,-18.40,,,,,,2286000000,18000000,0.008,,18000000,,,,,,,,,5670000,439,5669561,false,false,6,2023-04-01,2023-09-30,0
2023-11-07,30770,2023-03-31,2,1780000000,1.918,,,,,-390000000,,-181000000,,-164000000,,,-28.95,,,,,,,,,,,,,,,,,,,,,5669561,false,false,6,2022-04-01,2022-09-30,-1
2023-11-07,30770,2024-03-31,2,4620000000,0.140,,,,,50000000,,35000000,,23000000,,,4.25,,,,,,,,,,,,,,,,,,,,,,false,true,12,2023-04-01,2024-03-31,0
2023-11-07,30770,2023-03-31,2,,,,,,,,,,,,,,,,,,,,2543000000,112000000,0.044,,112000000,,,,,0.00,,,,5670000,439,,false,false,12,2022-04-01,2023-03-31,-1
2023-11-07,30770,2024-03-31,2,,,,,,,,,,,,,,,,,,,,,,,,,,,,,0.00,,,,,,,false,false,12,2023-04-01,2024-03-31,0
2024-02-08,30770,2024-03-31,3,3467000000,0.171,,,,,19000000,,29000000,,5000000,,,1.05,,,,,,2543000000,131000000,0.052,,131000000,,,,,,,,,5670000,439,5669561,false,false,9,2023-04-01,2023-12-31,0
2024-02-08,30770,2023-03-31,3,2959000000,0.712,,,,,-299000000,,-171000000,,-199000000,,,-35.11,,,,,,,,,,,,,,,,,,,,,5669561,false,false,9,2022-04-01,2022-12-31,-1
2024-02-08,30770,2024-03-31,3,4620000000,0.140,,,,,50000000,,35000000,,23000000,,,4.25,,,,,,,,,,,,,,,,,,,,,,false,true,12,2023-04-01,2024-03-31,0
2024-02-08,30770,2023-03-31,3,,,,,,,,,,,,,,,,,,,,2543000000,112000000,0.044,,112000000,,,,,0.00,,,,5670000,439,,false,false,12,2022-04-01,2023-03-31,-1
2024-02-08,30770,2024-03-31,3,,,,,,,,,,,,,,,,,,,,,,,,,,,,,0.00,,,,,,,false,false,12,2023-04-01,2024-03-31,0
2024-05-16,30770,2024-03-31,,4656000000,0.149,,,,,69000000,,80000000,,89000000,,,15.82,,0.525,0.032,0.015,,2577000000,229000000,0.089,40.52,,56000000,-20000000,,837000000,0.00,,,,5670000,439,5669561,false,false,12,2023-04-01,2024-03-31,0
2024-05-16,30770,2023-03-31,,4053000000,0.876,,,,,-354000000,,-226000000,,-278000000,,,-49.15,,-1.113,-0.087,-0.088,,2543000000,112000000,0.044,19.76,112000000,156000000,-4000000,-1000000,801000000,0.00,,,,5670000,439,5669561,false,false,12,2022-04-01,2023-03-31,-1
2024-08-09,30770,2025-03-31,1,1060000000,,,,,,-18000000,,-20000000,,,-23000000,,-4.09,,,,,,2717000000,254000000,0.080,,216000000,,,,,,,,,,,,true,false,3,2024-04-01,2024-06-30,0
2024-08-09,30770,2025-03-31,1,2160000000,,,,,,-54000000,,-57000000,,,-63000000,,-11.18,,,,,,,,,,,,,,,,,,,,,,true,true,6,2024-04-01,2024-09-30,0
2024-08-09,30770,2025-03-31,1,4750000000,,,,,,135000000,,128000000,,,115000000,,20.35,,,,,,,,,,,,,,,,,,,,,,true,true,12,2024-04-01,2025-03-31,0
2024-08-09,30770,2024-03-31,1,,,,,,,,,,,,,,,,,,,,,,,,,,,,,0.00,,,,5670000,439,,false,false,12,2023-04-01,2024-03-31,-1
2024-08-09,30770,2025-03-31,1,,,,,,,,,,,,,,,,,,,,,,,,,,,,,0.00,,,,,,,false,true,12,2024-04-01,2025-03-31,0
2024-08-09,30770,2025-03-31,1,,,,,,,,,,,,,,,,,,,,,,,,,,,,,,,,,5670000,439,5669561,false,false,3,2024-04-01,2024-06-30,0
2024-08-09,30770,2024-03-31,1,,,,,,,,,,,,,,,,,,,,,,,,,,,,,,,,,,,5669561,false,false,3,2023-04-01,2023-06-30,-1
2024-11-13,30770,2025-03-31,2,2169000000,,,,,,-24000000,,-33000000,,,-40000000,,-7.16,,,,,,2617000000,225000000,0.071,,186000000,,,,,,,,,,,,true,false,6,2024-04-01,2024-09-30,0
2024-11-13,30770,2025-03-31,2,4750000000,,,,,,135000000,,128000000,,,115000000,,20.35,,,,,,,,,,,,,,,,,,,,,,true,true,12,2024-04-01,2025-03-31,0
2024-11-13,30770,2024-03-31,2,,,,,,,,,,,,,,,,,,,,,,,,,,,,,0.00,,,,5670000,439,,false,false,12,2023-04-01,2024-03-31,-1
2024-11-13,30770,2025-03-31,2,,,,,,,,,,,,,,,,,,,,,,,,,,,,,0.00,,,,,,,false,false,12,2024-04-01,2025-03-31,0
2024-11-13,30770,2025-03-31,2,,,,,,,,,,,,,,,,,,,,,,,,,,,,,0.00,,,,,,,false,true,12,2024-04-01,2025-03-31,0
2024-11-13,30770,2025-03-31,2,,,,,,,,,,,,,,,,,,,,,,,,,,,,,,,,,5670000,439,5669561,false,false,6,2024-04-01,2024-09-30,0
2024-11-13,30770,2024-03-31,2,,,,,,,,,,,,,,,,,,,,,,,,,,,,,,,,,,,5669561,false,false,6,2023-04-01,2023-09-30,-1
2025-02-14,30770,2025-03-31,3,3530000000,,,,,,135000000,,125000000,,,109000000,,19.33,,,,,,2945000000,389000000,0.118,,346000000,,,,,,,,,,,,true,false,9,2024-04-01,2024-12-31,0
2025-02-14,30770,2025-03-31,3,4750000000,,,,,,135000000,,128000000,,,115000000,,20.35,,,,,,,,,,,,,,,,,,,,,,true,true,12,2024-04-01,2025-03-31,0
2025-02-14,30770,2024-03-31,3,,,,,,,,,,,,,,,,,,,,,,,,,,,,,0.00,,,,5670000,439,,false,false,12,2023-04-01,2024-03-31,-1
2025-02-14,30770,2025-03-31,3,,,,,,,,,,,,,,,,,,,,,,,,,,,,,0.00,,,,,,,false,false,12,2024-04-01,2025-03-31,0
2025-02-14,30770,2025-03-31,3,,,,,,,,,,,,,,,,,,,,,,,,,,,,,0.00,,,,,,,false,true,12,2024-04-01,2025-03-31,0
2025-02-14,30770,2025-03-31,3,,,,,,,,,,,,,,,,,,,,,,,,,,,,,,,,,5670000,439,5669561,false,false,9,2024-04-01,2024-12-31,0
2025-02-14,30770,2024-03-31,3,,,,,,,,,,,,,,,,,,,,,,,,,,,,,,,,,,,5669561,false,false,9,2023-04-01,2023-12-31,-1
2025-05-16,30770,2025-03-31,,4770000000,,,,,,199000000,,180000000,,,175000000,,30.92,,0.370,0.060,0.042,,3018000000,517000000,0.157,72.21,421000000,193000000,-33000000,47000000,1044000000,,,,,,,,true,false,12,2024-04-01,2025-03-31,0
2025-05-16,30770,2026-03-31,,2317000000,0.068,,,,,7000000,,1000000,,,-4000000,,,,,,,,,,,,,,,,,,,,,,,,true,true,6,2025-04-01,2025-09-30,1
2025-05-16,30770,2026-03-31,,5000000000,0.048,,,,,240000000,0.202,216000000,0.200,,200000000,,34.01,,,,,,,,,,,,,,,,,,,,,,true,true,12,2025-04-01,2026-03-31,1
2025-05-16,30770,2025-03-31,,4770000000,0.024,,,,,178000000,0.811,166000000,1.053,146000000,,0.628,25.77,,,,,,2786000000,445000000,0.160,78.54,392000000,,,,,0.00,,,,5670000,439,5669561,false,false,12,2024-04-01,2025-03-31,0
2025-05-16,30770,2024-03-31,,4656000000,0.149,,,,,69000000,,80000000,,89000000,,,15.82,,,,,,2577000000,229000000,0.089,40.52,229000000,,,,,0.00,,,,5670000,439,5669561,false,false,12,2023-04-01,2024-03-31,-1
2025-05-16,30770,2026-03-31,,,,,,,,,,,,,,,,,,,,,,,,,,,,,,0.00,,,,,,,false,true,12,2025-04-01,2026-03-31,1
2025-06-19,30770,2025-11-30,,3089000000,,,,,,50000000,,42000000,,,36000000,,6.12,,,,,,,,,,,,,,,,,,,,,,true,true,12,2024-12-01,2025-11-30,0
2025-06-19,30770,2024-11-30,,4770000000,,,,,,199000000,,180000000,,,175000000,,30.92,,,,,,,,,,,,,,,,,,,,,,true,false,12,2023-12-01,2024-11-30,-1
