filing_date,code,fiscal_year_end,quarterly_period,net_sales,net_sales_change,revenue,revenue_change,operating_revenue,operating_revenue_change,operating_profit,operating_profit_change,ordinary_profit,ordinary_profit_change,net_income,net_income_of_parent,net_income_change,eps,diluted_eps,roe,roa,operating_profit_to_net_sales,operating_profit_to_revenue,total_assets,net_assets,equity_ratio,bps,owner_equity,operating_cash_flow,investing_cash_flow,financing_cash_flow,cash,dividend_per_share,payout_ratio,commemorative_dividend,extra_dividend,number_of_shares,number_of_treqsury_shares,avg_number_of_shares,is_consolidated,is_forecast,duration,period_start,period_end,period_pos
2015-06-30,30890,2015-11-30,2,1301000000,-0.344,,,,,0,-0.996,37000000,-0.855,9000000,,-0.940,4.63,,,,,,2146000000,1720000000,0.801,,1720000000,,,,,,,,,,,,true,false,6,2014-12-01,2015-05-31,0
2015-06-30,30890,2014-11-30,2,1982000000,0.807,,,,,223000000,,258000000,,156000000,,,77.82,,,,,,,,,,,,,,,,,,,,,,true,false,6,2013-12-01,2014-05-31,-1
2015-06-30,30890,2014-11-30,2,,,,,,,,,,,,,,,,,,,,2425000000,1785000000,0.736,,1785000000,,,,,,,,,,,,true,false,12,2013-12-01,2014-11-30,-1
2015-06-30,30890,2014-11-30,2,,,,,,,,,,,,,,,,,,,,,,,,,,,,,30.00,,,,2316000,300110,,false,false,12,2013-12-01,2014-11-30,-1
2015-06-30,30890,2015-11-30,2,,,,,,,,,,,,,,,,,,,,,,,,,,,,,0.00,,,,,,,false,false,12,2014-12-01,2015-11-30,0
2015-06-30,30890,2015-11-30,2,,,,,,,,,,,,,,,,,,,,,,,,,,,,,27.00,,,,,,,false,true,12,2014-12-01,2015-11-30,0
2015-06-30,30890,2015-11-30,2,,,,,,,,,,,,,,,,,,,,,,,,,,,,,,,,,2316000,300110,2015890,false,false,6,2014-12-01,2015-05-31,0
2015-06-30,30890,2014-11-30,2,,,,,,,,,,,,,,,,,,,,,,,,,,,,,,,,,,,2015890,false,false,6,2013-12-01,2014-05-31,-1
2015-09-30,30890,2015-11-30,3,1973000000,-0.264,,,,,-30000000,,20000000,-0.932,-7000000,,,-3.84,,,,,,2181000000,1293000000,0.593,,1293000000,,,,,,,,,,,,true,false,9,2014-12-01,2015-08-31,0
2015-09-30,30890,2014-11-30,3,2680000000,0.375,,,,,253000000,4.546,303000000,0.783,178000000,,0.866,88.42,,,,,,,,,,,,,,,,,,,,,,true,false,9,2013-12-01,2014-08-31,-1
2015-09-30,30890,2014-11-30,3,,,,,,,,,,,,,,,,,,,,2425000000,1785000000,0.736,,1785000000,,,,,,,,,,,,true,false,12,2013-12-01,2014-11-30,-1
2015-09-30,30890,2014-11-30,3,,,,,,,,,,,,,,,,,,,,,,,,,,,,,30.00,,,,2316000,300110,,false,false,12,2013-12-01,2014-11-30,-1
2015-09-30,30890,2015-11-30,3,,,,,,,,,,,,,,,,,,,,,,,,,,,,,0.00,,,,,,,false,false,12,2014-12-01,2015-11-30,0
2015-09-30,30890,2015-11-30,3,,,,,,,,,,,,,,,,,,,,,,,,,,,,,27.00,,,,,,,false,true,12,2014-12-01,2015-11-30,0
2015-09-30,30890,2015-11-30,3,,,,,,,,,,,,,,,,,,,,,,,,,,,,,,,,,2316000,550110,1997641,false,false,9,2014-12-01,2015-08-31,0
2015-09-30,30890,2014-11-30,3,,,,,,,,,,,,,,,,,,,,,,,,,,,,,,,,,,,2015890,false,false,9,2013-12-01,2014-08-31,-1
2015-12-28,30890,2015-11-30,,2610000000,-0.272,,,,,-21000000,,59000000,-0.840,-1000000,,,-0.58,,-0.001,0.027,-0.008,,1905000000,1301000000,0.683,737.12,1301000000,389000000,2000000,-303000000,272000000,,,,,,,,true,false,12,2014-12-01,2015-11-30,0
2015-12-28,30890,2014-11-30,,3585000000,0.391,,,,,304000000,2.567,370000000,0.580,210000000,,0.575,104.44,,0.124,0.164,0.085,,2425000000,1785000000,0.736,885.80,1785000000,-42000000,-76000000,-56000000,183000000,,0.287,,,,,,true,false,12,2013-12-01,2014-11-30,-1
2015-12-28,30890,2014-11-30,,,,,,,,,,,,,,,,,,,,,,,,,,,,,,30.00,,,,2316000,300110,2015890,false,false,12,2013-12-01,2014-11-30,-1
2015-12-28,30890,2015-11-30,,,,,,,,,,,,,,,,,,,,,,,,,,,,,,25.00,,,,2316000,550110,1939862,false,false,12,2014-12-01,2015-11-30,0
2015-12-28,30890,2016-11-30,,,,,,,,,,,,,,,,,,,,,,,,,,,,,,25.00,,,,,,,false,true,12,2015-12-01,2016-11-30,1
2016-03-31,30890,2016-11-30,1,518000000,-0.248,,,,,-59000000,,-44000000,,,-27000000,,-15.72,,,,,,1986000000,1215000000,0.612,,1215000000,,,,,,,,,,,,true,false,3,2015-12-01,2016-02-29,0
2016-03-31,30890,2015-11-30,1,688000000,-0.275,,,,,0,-0.997,14000000,-0.904,,1000000,,0.87,,,,,,,,,,,,,,,,,,,,,,true,false,3,2014-12-01,2015-02-28,-1
2016-03-31,30890,2015-11-30,1,,,,,,,,,,,,,,,,,,,,1905000000,1301000000,0.683,,1301000000,,,,,,,,,,,,true,false,12,2014-12-01,2015-11-30,-1
2016-03-31,30890,2015-11-30,1,,,,,,,,,,,,,,,,,,,,,,,,,,,,,25.00,,,,2316000,550110,,false,false,12,2014-12-01,2015-11-30,-1
2016-03-31,30890,2016-11-30,1,,,,,,,,,,,,,,,,,,,,,,,,,,,,,25.00,,,,,,,false,true,12,2015-12-01,2016-11-30,0
2016-03-31,30890,2016-11-30,1,,,,,,,,,,,,,,,,,,,,,,,,,,,,,,,,,2316000,550110,1765890,false,false,3,2015-12-01,2016-02-29,0
2016-03-31,30890,2015-11-30,1,,,,,,,,,,,,,,,,,,,,,,,,,,,,,,,,,,,2015890,false,false,3,2014-12-01,2015-02-28,-1
2016-06-30,30890,2016-11-30,2,1318000000,0.013,,,,,-1000000,,9000000,-0.735,,3000000,,1.77,,,,,,1937000000,1248000000,0.644,,1248000000,,,,,,,,,,,,true,false,6,2015-12-01,2016-05-31,0
2016-06-30,30890,2015-11-30,2,1301000000,-0.344,,,,,0,-0.996,37000000,-0.855,,9000000,,4.63,,,,,,,,,,,,,,,,,,,,,,true,false,6,2014-12-01,2015-05-31,-1
2016-06-30,30890,2015-11-30,2,,,,,,,,,,,,,,,,,,,,1905000000,1301000000,0.683,,1301000000,,,,,,,,,,,,true,false,12,2014-12-01,2015-11-30,-1
2016-06-30,30890,2015-11-30,2,,,,,,,,,,,,,,,,,,,,,,,,,,,,,25.00,,,,2316000,550110,,false,false,12,2014-12-01,2015-11-30,-1
2016-06-30,30890,2016-11-30,2,,,,,,,,,,,,,,,,,,,,,,,,,,,,,0.00,,,,,,,false,false,12,2015-12-01,2016-11-30,0
2016-06-30,30890,2016-11-30,2,,,,,,,,,,,,,,,,,,,,,,,,,,,,,25.00,,,,,,,false,true,12,2015-12-01,2016-11-30,0
2016-06-30,30890,2016-11-30,2,,,,,,,,,,,,,,,,,,,,,,,,,,,,,,,,,2316000,550110,1765890,false,false,6,2015-12-01,2016-05-31,0
2016-06-30,30890,2015-11-30,2,,,,,,,,,,,,,,,,,,,,,,,,,,,,,,,,,,,2015890,false,false,6,2014-12-01,2015-05-31,-1
2016-09-30,30890,2016-11-30,3,1945000000,-0.014,,,,,-28000000,,-19000000,,,-19000000,,-11.06,,,,,,1816000000,1221000000,0.672,,1221000000,,,,,,,,,,,,true,false,9,2015-12-01,2016-08-31,0
2016-09-30,30890,2015-11-30,3,1973000000,-0.264,,,,,-30000000,,20000000,-0.932,,-7000000,,-3.84,,,,,,,,,,,,,,,,,,,,,,true,false,9,2014-12-01,2015-08-31,-1
2016-09-30,30890,2015-11-30,3,,,,,,,,,,,,,,,,,,,,1905000000,1301000000,0.683,,1301000000,,,,,,,,,,,,true,false,12,2014-12-01,2015-11-30,-1
2016-09-30,30890,2015-11-30,3,,,,,,,,,,,,,,,,,,,,,,,,,,,,,25.00,,,,2316000,550110,,false,false,12,2014-12-01,2015-11-30,-1
2016-09-30,30890,2016-11-30,3,,,,,,,,,,,,,,,,,,,,,,,,,,,,,0.00,,,,,,,false,false,12,2015-12-01,2016-11-30,0
2016-09-30,30890,2016-11-30,3,,,,,,,,,,,,,,,,,,,,,,,,,,,,,25.00,,,,,,,false,true,12,2015-12-01,2016-11-30,0
2016-09-30,30890,2016-11-30,3,,,,,,,,,,,,,,,,,,,,,,,,,,,,,,,,,2316000,550110,1765890,false,false,9,2015-12-01,2016-08-31,0
2016-09-30,30890,2015-11-30,3,,,,,,,,,,,,,,,,,,,,,,,,,,,,,,,,,,,1997641,false,false,9,2014-12-01,2015-08-31,-1
2016-12-28,30890,2016-11-30,,2662000000,0.020,,,,,4000000,,87000000,0.470,,-76000000,,-43.59,,-0.062,0.046,0.002,,1876000000,1176000000,0.627,666.16,1176000000,47000000,9000000,24000000,353000000,,,,,,,,true,false,12,2015-12-01,2016-11-30,0
2016-12-28,30890,2015-11-30,,2610000000,-0.272,,,,,-21000000,,59000000,-0.840,,-1000000,,-0.58,,-0.001,0.027,-0.008,,1905000000,1301000000,0.683,737.12,1301000000,389000000,2000000,-303000000,272000000,,,,,,,,true,false,12,2014-12-01,2015-11-30,-1
2016-12-28,30890,2016-11-30,,1934000000,-0.040,,,,,4000000,-0.730,73000000,-0.120,-124000000,,,-70.23,,,,,,1628000000,1061000000,0.652,601.37,1061000000,,,,,25.00,,,,2316000,550110,1765890,false,false,12,2015-12-01,2016-11-30,0
2016-12-28,30890,2015-11-30,,2015000000,-0.303,,,,,17000000,-0.932,83000000,-0.731,27000000,,-0.852,14.07,,,,,,1676000000,1234000000,0.736,698.97,1234000000,,,,,25.00,,,,2316000,550110,1939862,false,false,12,2014-12-01,2015-11-30,-1
2016-12-28,30890,2017-11-30,,,,,,,,,,,,,,,,,,,,,,,,,,,,,,25.00,,,,,,,false,true,12,2016-12-01,2017-11-30,1
2017-03-31,30890,2017-11-30,1,565000000,0.091,,,,,-37000000,,-33000000,,,-27000000,,-15.34,,,,,,1967000000,1118000000,0.569,633.66,1118000000,,,,,,,,,,,,true,false,3,2016-12-01,2017-02-28,0
2017-03-31,30890,2016-11-30,1,518000000,-0.248,,,,,-59000000,,-44000000,,,-27000000,,-15.72,,,,,,,,,,,,,,,,,,,,,,true,false,3,2015-12-01,2016-02-29,-1
2017-03-31,30890,2016-11-30,1,,,,,,,,,,,,,,,,,,,,1876000000,1176000000,0.627,666.16,1176000000,,,,,,,,,,,,true,false,12,2015-12-01,2016-11-30,-1
2017-03-31,30890,2016-11-30,1,,,,,,,,,,,,,,,,,,,,,,,,,,,,,25.00,,,,2316000,550110,,false,false,12,2015-12-01,2016-11-30,-1
2017-03-31,30890,2017-11-30,1,,,,,,,,,,,,,,,,,,,,,,,,,,,,,25.00,,,,,,,false,true,12,2016-12-01,2017-11-30,0
2017-03-31,30890,2017-11-30,1,,,,,,,,,,,,,,,,,,,,,,,,,,,,,,,,,2316000,550110,1765890,false,false,3,2016-12-01,2017-02-28,0
2017-03-31,30890,2016-11-30,1,,,,,,,,,,,,,,,,,,,,,,,,,,,,,,,,,,,1765890,false,false,3,2015-12-01,2016-02-29,-1
2017-06-30,30890,2017-11-30,2,1162000000,-0.118,,,,,-65000000,,-62000000,,,-49000000,,-27.82,,,,,,1862000000,1098000000,0.590,622.26,1098000000,,,,,,,,,,,,true,false,6,2016-12-01,2017-05-31,0
2017-06-30,30890,2016-11-30,2,1318000000,0.013,,,,,-1000000,,9000000,-0.735,,3000000,,1.77,,,,,,,,,,,,,,,,,,,,,,true,false,6,2015-12-01,2016-05-31,-1
2017-06-30,30890,2016-11-30,2,,,,,,,,,,,,,,,,,,,,1876000000,1176000000,0.627,666.16,1176000000,,,,,,,,,,,,true,false,12,2015-12-01,2016-11-30,-1
2017-06-30,30890,2016-11-30,2,,,,,,,,,,,,,,,,,,,,,,,,,,,,,25.00,,,,2316000,550110,,false,false,12,2015-12-01,2016-11-30,-1
2017-06-30,30890,2017-11-30,2,,,,,,,,,,,,,,,,,,,,,,,,,,,,,0.00,,,,,,,false,false,12,2016-12-01,2017-11-30,0
2017-06-30,30890,2017-11-30,2,,,,,,,,,,,,,,,,,,,,,,,,,,,,,25.00,,,,,,,false,true,12,2016-12-01,2017-11-30,0
2017-06-30,30890,2017-11-30,2,,,,,,,,,,,,,,,,,,,,,,,,,,,,,,,,,2316000,550110,1765890,false,false,6,2016-12-01,2017-05-31,0
2017-06-30,30890,2016-11-30,2,,,,,,,,,,,,,,,,,,,,,,,,,,,,,,,,,,,1765890,false,false,6,2015-12-01,2016-05-31,-1
2017-09-29,30890,2017-11-30,3,2052000000,0.055,,,,,-28000000,,-15000000,,,-19000000,,-10.87,,,,,,2002000000,1127000000,0.563,638.51,1127000000,,,,,,,,,,,,true,false,9,2016-12-01,2017-08-31,0
2017-09-29,30890,2016-11-30,3,1945000000,-0.014,,,,,-28000000,,-19000000,,,-19000000,,-11.06,,,,,,,,,,,,,,,,,,,,,,true,false,9,2015-12-01,2016-08-31,-1
2017-09-29,30890,2016-11-30,3,,,,,,,,,,,,,,,,,,,,1876000000,1176000000,0.627,666.16,1176000000,,,,,,,,,,,,true,false,12,2015-12-01,2016-11-30,-1
2017-09-29,30890,2016-11-30,3,,,,,,,,,,,,,,,,,,,,,,,,,,,,,25.00,,,,2316000,550110,,false,false,12,2015-12-01,2016-11-30,-1
2017-09-29,30890,2017-11-30,3,,,,,,,,,,,,,,,,,,,,,,,,,,,,,0.00,,,,,,,false,false,12,2016-12-01,2017-11-30,0
2017-09-29,30890,2017-11-30,3,,,,,,,,,,,,,,,,,,,,,,,,,,,,,25.00,,,,,,,false,true,12,2016-12-01,2017-11-30,0
2017-09-29,30890,2017-11-30,3,,,,,,,,,,,,,,,,,,,,,,,,,,,,,,,,,2316000,550110,1765890,false,false,9,2016-12-01,2017-08-31,0
2017-09-29,30890,2016-11-30,3,,,,,,,,,,,,,,,,,,,,,,,,,,,,,,,,,,,1765890,false,false,9,2015-12-01,2016-08-31,-1
2017-12-28,30890,2017-11-30,,2819000000,0.059,,,,,34000000,7.110,74000000,-0.146,,44000000,,25.31,,0.038,0.041,0.012,,1719000000,1191000000,0.693,674.76,1191000000,127000000,-6000000,-215000000,257000000,,0.988,,,,,,true,false,12,2016-12-01,2017-11-30,0
2017-12-28,30890,2016-11-30,,2662000000,0.020,,,,,4000000,,87000000,0.470,,-76000000,,-43.59,,-0.062,0.046,0.002,,1876000000,1176000000,0.627,666.16,1176000000,47000000,9000000,24000000,353000000,,,,,,,,true,false,12,2015-12-01,2016-11-30,-1
2017-12-28,30890,2017-11-30,,2137000000,0.105,,,,,11000000,1.529,37000000,-0.485,22000000,,,12.68,,,,,,1423000000,1054000000,0.741,597.34,1054000000,,,,,25.00,,,,2316000,550110,1765890,false,false,12,2016-12-01,2017-11-30,0
2017-12-28,30890,2016-11-30,,1934000000,-0.040,,,,,4000000,-0.730,73000000,-0.120,-124000000,,,-70.23,,,,,,1628000000,1061000000,0.652,601.37,1061000000,,,,,25.00,,,,2316000,550110,1765890,false,false,12,2015-12-01,2016-11-30,-1
2017-12-28,30890,2018-11-30,,,,,,,,,,,,,,,,,,,,,,,,,,,,,,25.00,,,,,,,false,true,12,2017-12-01,2018-11-30,1
2018-03-30,30890,2018-11-30,1,641000000,0.135,,,,,-8000000,,-6000000,,,-8000000,,-5.03,,,,,,1935000000,1128000000,0.583,639.26,1128000000,,,,,,,,,,,,true,false,3,2017-12-01,2018-02-28,0
2018-03-30,30890,2017-11-30,1,565000000,0.091,,,,,-37000000,,-33000000,,,-27000000,,-15.34,,,,,,,,,,,,,,,,,,,,,,true,false,3,2016-12-01,2017-02-28,-1
2018-03-30,30890,2017-11-30,1,,,,,,,,,,,,,,,,,,,,1719000000,1191000000,0.693,674.76,1191000000,,,,,,,,,,,,true,false,12,2016-12-01,2017-11-30,-1
2018-03-30,30890,2017-11-30,1,,,,,,,,,,,,,,,,,,,,,,,,,,,,,25.00,,,,2316000,550110,,false,false,12,2016-12-01,2017-11-30,-1
2018-03-30,30890,2018-11-30,1,,,,,,,,,,,,,,,,,,,,,,,,,,,,,25.00,,,,,,,false,true,12,2017-12-01,2018-11-30,0
2018-03-30,30890,2018-11-30,1,,,,,,,,,,,,,,,,,,,,,,,,,,,,,,,,,2316000,550110,1765890,false,false,3,2017-12-01,2018-02-28,0
2018-03-30,30890,2017-11-30,1,,,,,,,,,,,,,,,,,,,,,,,,,,,,,,,,,,,1765890,false,false,3,2016-12-01,2017-02-28,-1
2018-06-29,30890,2018-11-30,2,1909000000,0.642,,,,,104000000,,109000000,,,67000000,,38.42,,,,,,1967000000,1210000000,0.615,685.25,1210000000,,,,,,,,,,,,true,false,6,2017-12-01,2018-05-31,0
2018-06-29,30890,2017-11-30,2,1162000000,-0.118,,,,,-65000000,,-62000000,,,-49000000,,-27.82,,,,,,,,,,,,,,,,,,,,,,true,false,6,2016-12-01,2017-05-31,-1
2018-06-29,30890,2017-11-30,2,,,,,,,,,,,,,,,,,,,,1719000000,1191000000,0.693,674.76,1191000000,,,,,,,,,,,,true,false,12,2016-12-01,2017-11-30,-1
2018-06-29,30890,2017-11-30,2,,,,,,,,,,,,,,,,,,,,,,,,,,,,,25.00,,,,2316000,550110,,false,false,12,2016-12-01,2017-11-30,-1
2018-06-29,30890,2018-11-30,2,,,,,,,,,,,,,,,,,,,,,,,,,,,,,0.00,,,,,,,false,false,12,2017-12-01,2018-11-30,0
2018-06-29,30890,2018-11-30,2,,,,,,,,,,,,,,,,,,,,,,,,,,,,,25.00,,,,,,,false,true,12,2017-12-01,2018-11-30,0
2018-06-29,30890,2018-11-30,2,,,,,,,,,,,,,,,,,,,,,,,,,,,,,,,,,2316000,550110,1765890,false,false,6,2017-12-01,2018-05-31,0
2018-06-29,30890,2017-11-30,2,,,,,,,,,,,,,,,,,,,,,,,,,,,,,,,,,,,1765890,false,false,6,2016-12-01,2017-05-31,-1
2018-09-28,30890,2018-11-30,3,2487000000,0.212,,,,,87000000,,99000000,,,58000000,,33.28,,,,,,1966000000,1203000000,0.612,681.32,1203000000,,,,,,,,,,,,true,false,9,2017-12-01,2018-08-31,0
2018-09-28,30890,2017-11-30,3,2052000000,0.055,,,,,-28000000,,-15000000,,,-19000000,,-10.87,,,,,,,,,,,,,,,,,,,,,,true,false,9,2016-12-01,2017-08-31,-1
2018-09-28,30890,2017-11-30,3,,,,,,,,,,,,,,,,,,,,1719000000,1191000000,0.693,674.76,1191000000,,,,,,,,,,,,true,false,12,2016-12-01,2017-11-30,-1
2018-09-28,30890,2017-11-30,3,,,,,,,,,,,,,,,,,,,,,,,,,,,,,25.00,,,,2316000,550110,,false,false,12,2016-12-01,2017-11-30,-1
2018-09-28,30890,2018-11-30,3,,,,,,,,,,,,,,,,,,,,,,,,,,,,,0.00,,,,,,,false,false,12,2017-12-01,2018-11-30,0
2018-09-28,30890,2018-11-30,3,,,,,,,,,,,,,,,,,,,,,,,,,,,,,25.00,,,,,,,false,true,12,2017-12-01,2018-11-30,0
2018-09-28,30890,2018-11-30,3,,,,,,,,,,,,,,,,,,,,,,,,,,,,,,,,,2316000,550110,1765890,false,false,9,2017-12-01,2018-08-31,0
2018-09-28,30890,2017-11-30,3,,,,,,,,,,,,,,,,,,,,,,,,,,,,,,,,,,,1765890,false,false,9,2016-12-01,2017-08-31,-1
2018-12-28,30890,2018-11-30,,3584000000,0.272,,,,,263000000,6.566,277000000,2.731,,178000000,,101.03,,0.142,0.144,0.074,,2147000000,1320000000,0.615,747.76,1320000000,-144000000,-30000000,153000000,236000000,,0.267,,,,,,true,false,12,2017-12-01,2018-11-30,0
2018-12-28,30890,2017-11-30,,2819000000,0.059,,,,,34000000,7.110,74000000,-0.146,,44000000,,25.31,,0.038,0.041,0.012,,1719000000,1191000000,0.693,674.76,1191000000,127000000,-6000000,-215000000,257000000,,0.988,,,,,,true,false,12,2016-12-01,2017-11-30,-1
2018-12-28,30890,2018-11-30,,2811000000,0.315,,,,,242000000,,251000000,5.637,143000000,,5.408,81.31,,,,,,1843000000,1148000000,0.623,650.61,1148000000,,,,,27.00,,,,2316000,550110,1765890,false,false,12,2017-12-01,2018-11-30,0
2018-12-28,30890,2017-11-30,,2137000000,0.105,,,,,11000000,1.529,37000000,-0.485,22000000,,,12.68,,,,,,1423000000,1054000000,0.741,597.34,1054000000,,,,,25.00,,,,2316000,550110,1765890,false,false,12,2016-12-01,2017-11-30,-1
2018-12-28,30890,2019-11-30,,,,,,,,,,,,,,,,,,,,,,,,,,,,,,27.00,,,,,,,false,true,12,2018-12-01,2019-11-30,1
2019-03-29,30890,2019-11-30,1,847000000,0.320,,,,,77000000,,102000000,,,68000000,,38.75,,,,,,2151000000,1341000000,0.624,,1341000000,,,,,,,,,,,,true,false,3,2018-12-01,2019-02-28,0
2019-03-29,30890,2018-11-30,1,641000000,0.135,,,,,-8000000,,-6000000,,,-8000000,,-5.03,,,,,,,,,,,,,,,,,,,,,,true,false,3,2017-12-01,2018-02-28,-1
2019-03-29,30890,2018-11-30,1,,,,,,,,,,,,,,,,,,,,2146000000,1320000000,0.615,,1320000000,,,,,,,,,,,,true,false,12,2017-12-01,2018-11-30,-1
2019-03-29,30890,2018-11-30,1,,,,,,,,,,,,,,,,,,,,,,,,,,,,,27.00,,,,2316000,550110,,false,false,12,2017-12-01,2018-11-30,-1
2019-03-29,30890,2019-11-30,1,,,,,,,,,,,,,,,,,,,,,,,,,,,,,27.00,,,,,,,false,true,12,2018-12-01,2019-11-30,0
2019-03-29,30890,2019-11-30,1,,,,,,,,,,,,,,,,,,,,,,,,,,,,,,,,,2316000,550110,1765890,false,false,3,2018-12-01,2019-02-28,0
2019-03-29,30890,2018-11-30,1,,,,,,,,,,,,,,,,,,,,,,,,,,,,,,,,,,,1765890,false,false,3,2017-12-01,2018-02-28,-1
2019-06-28,30890,2019-11-30,2,1695000000,-0.112,,,,,155000000,0.499,182000000,0.676,,140000000,,79.34,,,,,,2080000000,1412000000,0.679,,1412000000,,,,,,,,,,,,true,false,6,2018-12-01,2019-05-31,0
2019-06-28,30890,2018-11-30,2,1909000000,0.642,,,,,104000000,,109000000,,,67000000,,38.42,,,,,,,,,,,,,,,,,,,,,,true,false,6,2017-12-01,2018-05-31,-1
2019-06-28,30890,2018-11-30,2,,,,,,,,,,,,,,,,,,,,2146000000,1320000000,0.615,,1320000000,,,,,,,,,,,,true,false,12,2017-12-01,2018-11-30,-1
2019-06-28,30890,2018-11-30,2,,,,,,,,,,,,,,,,,,,,,,,,,,,,,27.00,,,,2316000,550110,,false,false,12,2017-12-01,2018-11-30,-1
2019-06-28,30890,2019-11-30,2,,,,,,,,,,,,,,,,,,,,,,,,,,,,,0.00,,,,,,,false,false,12,2018-12-01,2019-11-30,0
2019-06-28,30890,2019-11-30,2,,,,,,,,,,,,,,,,,,,,,,,,,,,,,27.00,,,,,,,false,true,12,2018-12-01,2019-11-30,0
2019-06-28,30890,2019-11-30,2,,,,,,,,,,,,,,,,,,,,,,,,,,,,,,,,,2316000,550111,1765889,false,false,6,2018-12-01,2019-05-31,0
2019-06-28,30890,2018-11-30,2,,,,,,,,,,,,,,,,,,,,,,,,,,,,,,,,,,,1765890,false,false,6,2017-12-01,2018-05-31,-1
2019-09-30,30890,2019-11-30,3,2507000000,0.008,,,,,173000000,0.979,201000000,1.032,,156000000,,88.74,,,,,,2092000000,1430000000,0.684,810.03,1430000000,,,,,,,,,,,,true,false,9,2018-12-01,2019-08-31,0
2019-09-30,30890,2018-11-30,3,2487000000,0.212,,,,,87000000,,99000000,,,58000000,,33.28,,,,,,,,,,,,,,,,,,,,,,true,false,9,2017-12-01,2018-08-31,-1
2019-09-30,30890,2018-11-30,3,,,,,,,,,,,,,,,,,,,,2146000000,1320000000,0.615,747.76,1320000000,,,,,,,,,,,,true,false,12,2017-12-01,2018-11-30,-1
2019-09-30,30890,2018-11-30,3,,,,,,,,,,,,,,,,,,,,,,,,,,,,,27.00,,,,2316000,550110,,false,false,12,2017-12-01,2018-11-30,-1
2019-09-30,30890,2019-11-30,3,,,,,,,,,,,,,,,,,,,,,,,,,,,,,0.00,,,,,,,false,false,12,2018-12-01,2019-11-30,0
2019-09-30,30890,2019-11-30,3,,,,,,,,,,,,,,,,,,,,,,,,,,,,,30.00,,,,,,,false,true,12,2018-12-01,2019-11-30,0
2019-09-30,30890,2019-11-30,3,,,,,,,,,,,,,,,,,,,,,,,,,,,,,,,,,2316000,550184,1765885,false,false,9,2018-12-01,2019-08-31,0
2019-09-30,30890,2018-11-30,3,,,,,,,,,,,,,,,,,,,,,,,,,,,,,,,,,,,1765890,false,false,9,2017-12-01,2018-08-31,-1
2019-12-27,30890,2019-11-30,,3422000000,-0.045,,,,,262000000,-0.006,300000000,0.083,,224000000,,127.20,,0.159,0.137,0.077,,2230000000,1501000000,0.673,850.22,1501000000,212000000,-9000000,-99000000,338000000,,0.236,,,,,,true,false,12,2018-12-01,2019-11-30,0
2019-12-27,30890,2018-11-30,,3584000000,0.272,,,,,263000000,6.566,277000000,2.731,,178000000,,101.04,,0.142,0.144,0.074,,2146000000,1320000000,0.615,747.76,1320000000,-144000000,-30000000,153000000,236000000,,0.267,,,,,,true,false,12,2017-12-01,2018-11-30,-1
2019-12-27,30890,2019-11-30,,2635000000,-0.062,,,,,188000000,-0.221,222000000,-0.116,171000000,,0.192,96.92,,,,,,1868000000,1276000000,0.683,722.79,1276000000,,,,,30.00,,,,2316000,550184,1765868,false,false,12,2018-12-01,2019-11-30,0
2019-12-27,30890,2018-11-30,,2811000000,0.315,,,,,242000000,,251000000,5.637,143000000,,5.408,81.32,,,,,,1843000000,1148000000,0.623,650.61,1148000000,,,,,27.00,,,,2316000,550110,1765890,false,false,12,2017-12-01,2018-11-30,-1
2019-12-27,30890,2020-11-30,,,,,,,,,,,,,,,,,,,,,,,,,,,,,,27.00,,,,,,,false,true,12,2019-12-01,2020-11-30,1
2020-03-31,30890,2020-11-30,1,557000000,-0.341,,,,,-43000000,,-40000000,,,-31000000,,-18.09,,,,,,2000000000,1417000000,0.708,,1417000000,,,,,,,,,,,,true,false,3,2019-12-01,2020-02-29,0
2020-03-31,30890,2019-11-30,1,847000000,0.320,,,,,77000000,,102000000,,,68000000,,38.75,,,,,,,,,,,,,,,,,,,,,,true,false,3,2018-12-01,2019-02-28,-1
2020-03-31,30890,2019-11-30,1,,,,,,,,,,,,,,,,,,,,2230000000,1501000000,0.673,,1501000000,,,,,,,,,,,,true,false,12,2018-12-01,2019-11-30,-1
2020-03-31,30890,2019-11-30,1,,,,,,,,,,,,,,,,,,,,,,,,,,,,,30.00,,,,2316000,550184,,false,false,12,2018-12-01,2019-11-30,-1
2020-03-31,30890,2020-11-30,1,,,,,,,,,,,,,,,,,,,,,,,,,,,,,27.00,,,,,,,false,true,12,2019-12-01,2020-11-30,0
2020-03-31,30890,2020-11-30,1,,,,,,,,,,,,,,,,,,,,,,,,,,,,,,,,,2316000,550184,1765816,false,false,3,2019-12-01,2020-02-29,0
2020-03-31,30890,2019-11-30,1,,,,,,,,,,,,,,,,,,,,,,,,,,,,,,,,,,,1765890,false,false,3,2018-12-01,2019-02-28,-1
2020-06-30,30890,2020-11-30,2,1200000000,-0.292,,,,,-28000000,,-25000000,,,-20000000,,-11.49,,,,,,2039000000,1425000000,0.699,,1425000000,,,,,,,,,,,,true,false,6,2019-12-01,2020-05-31,0
2020-06-30,30890,2019-11-30,2,1695000000,-0.112,,,,,155000000,0.499,182000000,0.676,,140000000,,79.35,,,,,,,,,,,,,,,,,,,,,,true,false,6,2018-12-01,2019-05-31,-1
2020-06-30,30890,2019-11-30,2,,,,,,,,,,,,,,,,,,,,2230000000,1501000000,0.673,,1501000000,,,,,,,,,,,,true,false,12,2018-12-01,2019-11-30,-1
2020-06-30,30890,2019-11-30,2,,,,,,,,,,,,,,,,,,,,,,,,,,,,,30.00,,,,2316000,550184,,false,false,12,2018-12-01,2019-11-30,-1
2020-06-30,30890,2020-11-30,2,,,,,,,,,,,,,,,,,,,,,,,,,,,,,0.00,,,,,,,false,false,12,2019-12-01,2020-11-30,0
2020-06-30,30890,2020-11-30,2,,,,,,,,,,,,,,,,,,,,,,,,,,,,,27.00,,,,,,,false,true,12,2019-12-01,2020-11-30,0
2020-06-30,30890,2020-11-30,2,,,,,,,,,,,,,,,,,,,,,,,,,,,,,,,,,2316000,550184,1765816,false,false,6,2019-12-01,2020-05-31,0
2020-06-30,30890,2019-11-30,2,,,,,,,,,,,,,,,,,,,,,,,,,,,,,,,,,,,1765889,false,false,6,2018-12-01,2019-05-31,-1
2020-09-30,30890,2020-11-30,3,1668000000,-0.335,,,,,-91000000,,-67000000,,,-48000000,,-27.21,,,,,,2013000000,1397000000,0.694,791.24,1397000000,,,,,,,,,,,,true,false,9,2019-12-01,2020-08-31,0
2020-09-30,30890,2019-11-30,3,2507000000,0.008,,,,,173000000,0.979,201000000,1.032,,156000000,,88.74,,,,,,,,,,,,,,,,,,,,,,true,false,9,2018-12-01,2019-08-31,-1
2020-09-30,30890,2019-11-30,3,,,,,,,,,,,,,,,,,,,,2230000000,1501000000,0.673,850.22,1501000000,,,,,,,,,,,,true,false,12,2018-12-01,2019-11-30,-1
2020-09-30,30890,2019-11-30,3,,,,,,,,,,,,,,,,,,,,,,,,,,,,,30.00,,,,2316000,550184,,false,false,12,2018-12-01,2019-11-30,-1
2020-09-30,30890,2020-11-30,3,,,,,,,,,,,,,,,,,,,,,,,,,,,,,0.00,,,,,,,false,false,12,2019-12-01,2020-11-30,0
2020-09-30,30890,2020-11-30,3,,,,,,,,,,,,,,,,,,,,,,,,,,,,,27.00,,,,,,,false,true,12,2019-12-01,2020-11-30,0
2020-09-30,30890,2020-11-30,3,,,,,,,,,,,,,,,,,,,,,,,,,,,,,,,,,2316000,550184,1765816,false,false,9,2019-12-01,2020-08-31,0
2020-09-30,30890,2019-11-30,3,,,,,,,,,,,,,,,,,,,,,,,,,,,,,,,,,,,1765885,false,false,9,2018-12-01,2019-08-31,-1
2020-12-28,30890,2020-11-30,,2329000000,-0.319,,,,,-60000000,,-2000000,,,-5000000,,-3.08,,-0.004,-0.001,-0.026,,2167000000,1438000000,0.664,814.44,1438000000,350000000,15000000,45000000,750000000,,,,,,,,true,false,12,2019-12-01,2020-11-30,0
2020-12-28,30890,2019-11-30,,3422000000,-0.045,,,,,262000000,-0.006,300000000,0.083,,224000000,,127.20,,0.159,0.137,0.077,,2230000000,1501000000,0.673,850.22,1501000000,212000000,-9000000,-99000000,338000000,,0.236,,,,,,true,false,12,2018-12-01,2019-11-30,-1
2020-12-28,30890,2020-11-30,,1806000000,-0.315,,,,,10000000,-0.942,23000000,-0.893,12000000,,-0.927,7.07,,,,,,1748000000,1231000000,0.704,697.16,1231000000,,,,,25.00,,,,2316000,550184,1765816,false,false,12,2019-12-01,2020-11-30,0
2020-12-28,30890,2019-11-30,,2635000000,-0.062,,,,,188000000,-0.221,222000000,-0.116,171000000,,0.192,96.92,,,,,,1868000000,1276000000,0.683,722.80,1276000000,,,,,30.00,,,,2316000,550184,1765868,false,false,12,2018-12-01,2019-11-30,-1
2020-12-28,30890,2021-11-30,,,,,,,,,,,,,,,,,,,,,,,,,,,,,,25.00,,,,,,,false,true,12,2020-12-01,2021-11-30,1
2021-03-31,30890,2021-11-30,1,524000000,-0.060,,,,,-5000000,,9000000,,,3000000,,1.96,,,,,,2138000000,1399000000,0.655,,1399000000,,,,,,,,,,,,true,false,3,2020-12-01,2021-02-28,0
2021-03-31,30890,2020-11-30,1,557000000,-0.341,,,,,-43000000,,-40000000,,,-31000000,,-18.09,,,,,,,,,,,,,,,,,,,,,,true,false,3,2019-12-01,2020-02-29,-1
2021-03-31,30890,2020-11-30,1,,,,,,,,,,,,,,,,,,,,2167000000,1438000000,0.664,,1438000000,,,,,,,,,,,,true,false,12,2019-12-01,2020-11-30,-1
2021-03-31,30890,2020-11-30,1,,,,,,,,,,,,,,,,,,,,,,,,,,,,,25.00,,,,2316000,550184,,false,false,12,2019-12-01,2020-11-30,-1
2021-03-31,30890,2021-11-30,1,,,,,,,,,,,,,,,,,,,,,,,,,,,,,25.00,,,,,,,false,true,12,2020-12-01,2021-11-30,0
2021-03-31,30890,2021-11-30,1,,,,,,,,,,,,,,,,,,,,,,,,,,,,,,,,,2316000,550184,1765816,false,false,3,2020-12-01,2021-02-28,0
2021-03-31,30890,2020-11-30,1,,,,,,,,,,,,,,,,,,,,,,,,,,,,,,,,,,,1765816,false,false,3,2019-12-01,2020-02-29,-1
2021-06-30,30890,2021-11-30,2,1281000000,0.068,,,,,58000000,,84000000,,,54000000,,31.12,,,,,,2224000000,1458000000,0.656,,1458000000,,,,,,,,,,,,true,false,6,2020-12-01,2021-05-31,0
2021-06-30,30890,2020-11-30,2,1200000000,-0.292,,,,,-28000000,,-25000000,,,-20000000,,-11.49,,,,,,,,,,,,,,,,,,,,,,true,false,6,2019-12-01,2020-05-31,-1
2021-06-30,30890,2020-11-30,2,,,,,,,,,,,,,,,,,,,,2167000000,1438000000,0.664,,1438000000,,,,,,,,,,,,true,false,12,2019-12-01,2020-11-30,-1
2021-06-30,30890,2020-11-30,2,,,,,,,,,,,,,,,,,,,,,,,,,,,,,25.00,,,,2316000,550184,,false,false,12,2019-12-01,2020-11-30,-1
2021-06-30,30890,2021-11-30,2,,,,,,,,,,,,,,,,,,,,,,,,,,,,,0.00,,,,,,,false,false,12,2020-12-01,2021-11-30,0
2021-06-30,30890,2021-11-30,2,,,,,,,,,,,,,,,,,,,,,,,,,,,,,25.00,,,,,,,false,true,12,2020-12-01,2021-11-30,0
2021-06-30,30890,2021-11-30,2,,,,,,,,,,,,,,,,,,,,,,,,,,,,,,,,,2316000,550184,1765816,false,false,6,2020-12-01,2021-05-31,0
2021-06-30,30890,2020-11-30,2,,,,,,,,,,,,,,,,,,,,,,,,,,,,,,,,,,,1765816,false,false,6,2019-12-01,2020-05-31,-1
2021-09-30,30890,2021-11-30,3,1795000000,0.076,,,,,35000000,,66000000,,,44000000,,25.14,,,,,,2274000000,1443000000,0.635,817.47,1443000000,,,,,,,,,,,,true,false,9,2020-12-01,2021-08-31,0
2021-09-30,30890,2020-11-30,3,1668000000,-0.335,,,,,-91000000,,-67000000,,,-48000000,,-27.21,,,,,,,,,,,,,,,,,,,,,,true,false,9,2019-12-01,2020-08-31,-1
2021-09-30,30890,2020-11-30,3,,,,,,,,,,,,,,,,,,,,2167000000,1438000000,0.664,814.44,1438000000,,,,,,,,,,,,true,false,12,2019-12-01,2020-11-30,-1
2021-09-30,30890,2020-11-30,3,,,,,,,,,,,,,,,,,,,,,,,,,,,,,25.00,,,,2316000,550184,,false,false,12,2019-12-01,2020-11-30,-1
2021-09-30,30890,2021-11-30,3,,,,,,,,,,,,,,,,,,,,,,,,,,,,,0.00,,,,,,,false,false,12,2020-12-01,2021-11-30,0
2021-09-30,30890,2021-11-30,3,,,,,,,,,,,,,,,,,,,,,,,,,,,,,25.00,,,,,,,false,true,12,2020-12-01,2021-11-30,0
2021-09-30,30890,2021-11-30,3,,,,,,,,,,,,,,,,,,,,,,,,,,,,,,,,,2316000,550184,1765816,false,false,9,2020-12-01,2021-08-31,0
2021-09-30,30890,2020-11-30,3,,,,,,,,,,,,,,,,,,,,,,,,,,,,,,,,,,,1765816,false,false,9,2019-12-01,2020-08-31,-1
2021-12-28,30890,2021-11-30,,3148000000,0.351,,,,,127000000,,181000000,,,113000000,,64.21,,0.077,0.076,0.041,,2588000000,1521000000,0.588,861.58,1521000000,-328000000,51000000,54000000,527000000,,0.420,,,,,,true,false,12,2020-12-01,2021-11-30,0
2021-12-28,30890,2020-11-30,,2329000000,-0.319,,,,,-60000000,,-2000000,,,-5000000,,-3.08,,-0.004,-0.001,-0.026,,2167000000,1438000000,0.664,814.44,1438000000,350000000,15000000,45000000,750000000,,,,,,,,true,false,12,2019-12-01,2020-11-30,-1
2021-12-28,30890,2021-11-30,,2560000000,0.417,,,,,164000000,,187000000,6.861,126000000,,9.136,71.64,,,,,,2172000000,1327000000,0.611,751.72,1327000000,,,,,27.00,,,,2316000,550184,1765816,false,false,12,2020-12-01,2021-11-30,0
2021-12-28,30890,2020-11-30,,1806000000,-0.315,,,,,10000000,-0.942,23000000,-0.893,12000000,,-0.927,7.07,,,,,,1748000000,1231000000,0.704,697.16,1231000000,,,,,25.00,,,,2316000,550184,1765816,false,false,12,2019-12-01,2020-11-30,-1
2021-12-28,30890,2022-11-30,,,,,,,,,,,,,,,,,,,,,,,,,,,,,,27.00,,,,,,,false,true,12,2021-12-01,2022-11-30,1
2022-03-31,30890,2022-11-30,1,701000000,0.338,,,,,4000000,,8000000,-0.133,,3000000,,1.74,,,,,,2412000000,1476000000,0.612,,1476000000,,,,,,,,,,,,true,false,3,2021-12-01,2022-02-28,0
2022-03-31,30890,2021-11-30,1,524000000,-0.060,,,,,-5000000,,9000000,,,3000000,,1.96,,,,,,,,,,,,,,,,,,,,,,true,false,3,2020-12-01,2021-02-28,-1
2022-03-31,30890,2021-11-30,1,,,,,,,,,,,,,,,,,,,,2588000000,1521000000,0.588,,1521000000,,,,,,,,,,,,true,false,12,2020-12-01,2021-11-30,-1
2022-03-31,30890,2021-11-30,1,,,,,,,,,,,,,,,,,,,,,,,,,,,,,27.00,,,,2316000,550184,,false,false,12,2020-12-01,2021-11-30,-1
2022-03-31,30890,2022-11-30,1,,,,,,,,,,,,,,,,,,,,,,,,,,,,,27.00,,,,,,,false,true,12,2021-12-01,2022-11-30,0
2022-03-31,30890,2022-11-30,1,,,,,,,,,,,,,,,,,,,,,,,,,,,,,,,,,2316000,550184,1765816,false,false,3,2021-12-01,2022-02-28,0
2022-03-31,30890,2021-11-30,1,,,,,,,,,,,,,,,,,,,,,,,,,,,,,,,,,,,1765816,false,false,3,2020-12-01,2021-02-28,-1
2022-06-30,30890,2022-11-30,2,2028000000,0.583,,,,,159000000,1.725,169000000,1.008,,108000000,,61.31,,,,,,2679000000,1594000000,0.595,,1594000000,,,,,,,,,,,,true,false,6,2021-12-01,2022-05-31,0
2022-06-30,30890,2021-11-30,2,1281000000,0.068,,,,,58000000,,84000000,,,54000000,,31.12,,,,,,,,,,,,,,,,,,,,,,true,false,6,2020-12-01,2021-05-31,-1
2022-06-30,30890,2021-11-30,2,,,,,,,,,,,,,,,,,,,,2588000000,1521000000,0.588,,1521000000,,,,,,,,,,,,true,false,12,2020-12-01,2021-11-30,-1
2022-06-30,30890,2021-11-30,2,,,,,,,,,,,,,,,,,,,,,,,,,,,,,27.00,,,,2316000,550184,,false,false,12,2020-12-01,2021-11-30,-1
2022-06-30,30890,2022-11-30,2,,,,,,,,,,,,,,,,,,,,,,,,,,,,,0.00,,,,,,,false,false,12,2021-12-01,2022-11-30,0
2022-06-30,30890,2022-11-30,2,,,,,,,,,,,,,,,,,,,,,,,,,,,,,27.00,,,,,,,false,true,12,2021-12-01,2022-11-30,0
2022-06-30,30890,2022-11-30,2,,,,,,,,,,,,,,,,,,,,,,,,,,,,,,,,,2316000,550215,1765812,false,false,6,2021-12-01,2022-05-31,0
2022-06-30,30890,2021-11-30,2,,,,,,,,,,,,,,,,,,,,,,,,,,,,,,,,,,,1765816,false,false,6,2020-12-01,2021-05-31,-1
2022-09-30,30890,2022-11-30,3,2708000000,0.508,,,,,158000000,3.419,177000000,1.662,,115000000,,65.65,,,,,,2565000000,1596000000,0.622,,1596000000,,,,,,,,,,,,true,false,9,2021-12-01,2022-08-31,0
2022-09-30,30890,2021-11-30,3,1795000000,0.076,,,,,35000000,,66000000,,,44000000,,25.14,,,,,,,,,,,,,,,,,,,,,,true,false,9,2020-12-01,2021-08-31,-1
2022-09-30,30890,2021-11-30,3,,,,,,,,,,,,,,,,,,,,2588000000,1521000000,0.588,,1521000000,,,,,,,,,,,,true,false,12,2020-12-01,2021-11-30,-1
2022-09-30,30890,2021-11-30,3,,,,,,,,,,,,,,,,,,,,,,,,,,,,,27.00,,,,2316000,550184,,false,false,12,2020-12-01,2021-11-30,-1
2022-09-30,30890,2022-11-30,3,,,,,,,,,,,,,,,,,,,,,,,,,,,,,0.00,,,,,,,false,false,12,2021-12-01,2022-11-30,0
2022-09-30,30890,2022-11-30,3,,,,,,,,,,,,,,,,,,,,,,,,,,,,,27.00,,,,,,,false,true,12,2021-12-01,2022-11-30,0
2022-09-30,30890,2022-11-30,3,,,,,,,,,,,,,,,,,,,,,,,,,,,,,,,,,2316000,550215,1765803,false,false,9,2021-12-01,2022-08-31,0
2022-09-30,30890,2021-11-30,3,,,,,,,,,,,,,,,,,,,,,,,,,,,,,,,,,,,1765816,false,false,9,2020-12-01,2021-08-31,-1
2022-12-28,30890,2022-11-30,,4268000000,0.356,,,,,325000000,1.549,344000000,0.906,,229000000,,129.81,,0.143,0.129,0.076,,2771000000,1687000000,0.609,955.79,1687000000,247000000,47000000,-248000000,573000000,,0.231,,,,,,true,false,12,2021-12-01,2022-11-30,0
2022-12-28,30890,2021-11-30,,3148000000,0.351,,,,,127000000,,181000000,,,113000000,,64.21,,0.077,0.076,0.041,,2588000000,1521000000,0.588,861.58,1521000000,-328000000,51000000,54000000,527000000,,0.420,,,,,,true,false,12,2020-12-01,2021-11-30,-1
2022-12-28,30890,2022-11-30,,3510000000,0.371,,,,,269000000,0.639,278000000,0.480,191000000,,0.514,108.48,,,,,,2230000000,1456000000,0.653,824.59,1456000000,,,,,30.00,,,,2316000,550215,1765798,false,false,12,2021-12-01,2022-11-30,0
2022-12-28,30890,2021-11-30,,2560000000,0.417,,,,,164000000,,187000000,6.861,126000000,,9.136,71.64,,,,,,2172000000,1327000000,0.611,751.72,1327000000,,,,,27.00,,,,2316000,550184,1765816,false,false,12,2020-12-01,2021-11-30,-1
2022-12-28,30890,2023-11-30,,,,,,,,,,,,,,,,,,,,,,,,,,,,,,30.00,,,,,,,false,true,12,2022-12-01,2023-11-30,1
2023-03-31,30890,2023-11-30,1,1000000000,0.426,,,,,64000000,,94000000,,,61000000,,35.10,,,,,,2546000000,1702000000,0.669,,1702000000,,,,,,,,,,,,true,false,3,2022-12-01,2023-02-28,0
2023-03-31,30890,2022-11-30,1,701000000,0.338,,,,,4000000,,8000000,-0.133,,3000000,,1.74,,,,,,,,,,,,,,,,,,,,,,true,false,3,2021-12-01,2022-02-28,-1
2023-03-31,30890,2022-11-30,1,,,,,,,,,,,,,,,,,,,,2771000000,1687000000,0.609,,1687000000,,,,,,,,,,,,true,false,12,2021-12-01,2022-11-30,-1
2023-03-31,30890,2022-11-30,1,,,,,,,,,,,,,,,,,,,,,,,,,,,,,30.00,,,,2316000,550215,,false,false,12,2021-12-01,2022-11-30,-1
2023-03-31,30890,2023-11-30,1,,,,,,,,,,,,,,,,,,,,,,,,,,,,,30.00,,,,,,,false,true,12,2022-12-01,2023-11-30,0
2023-03-31,30890,2023-11-30,1,,,,,,,,,,,,,,,,,,,,,,,,,,,,,,,,,2316000,550215,1765785,false,false,3,2022-12-01,2023-02-28,0
2023-03-31,30890,2022-11-30,1,,,,,,,,,,,,,,,,,,,,,,,,,,,,,,,,,,,1765816,false,false,3,2021-12-01,2022-02-28,-1
2023-06-30,30890,2023-11-30,2,2359000000,0.163,,,,,162000000,0.017,187000000,0.107,,123000000,,69.72,,,,,,2885000000,1762000000,0.611,,1762000000,,,,,,,,,,,,true,false,6,2022-12-01,2023-05-31,0
2023-06-30,30890,2022-11-30,2,2028000000,0.583,,,,,159000000,1.725,169000000,1.008,,108000000,,61.31,,,,,,,,,,,,,,,,,,,,,,true,false,6,2021-12-01,2022-05-31,-1
2023-06-30,30890,2022-11-30,2,,,,,,,,,,,,,,,,,,,,2771000000,1687000000,0.609,,1687000000,,,,,,,,,,,,true,false,12,2021-12-01,2022-11-30,-1
2023-06-30,30890,2022-11-30,2,,,,,,,,,,,,,,,,,,,,,,,,,,,,,30.00,,,,2316000,550215,,false,false,12,2021-12-01,2022-11-30,-1
2023-06-30,30890,2023-11-30,2,,,,,,,,,,,,,,,,,,,,,,,,,,,,,0.00,,,,,,,false,false,12,2022-12-01,2023-11-30,0
2023-06-30,30890,2023-11-30,2,,,,,,,,,,,,,,,,,,,,,,,,,,,,,35.00,,,,,,,false,true,12,2022-12-01,2023-11-30,0
2023-06-30,30890,2023-11-30,2,,,,,,,,,,,,,,,,,,,,,,,,,,,,,,,,,2316000,550215,1765785,false,false,6,2022-12-01,2023-05-31,0
2023-06-30,30890,2022-11-30,2,,,,,,,,,,,,,,,,,,,,,,,,,,,,,,,,,,,1765812,false,false,6,2021-12-01,2022-05-31,-1
2023-09-29,30890,2023-11-30,3,3346000000,0.236,,,,,121000000,-0.231,156000000,-0.118,,100000000,,56.80,,,,,,2521000000,1740000000,0.690,,1740000000,,,,,,,,,,,,true,false,9,2022-12-01,2023-08-31,0
2023-09-29,30890,2022-11-30,3,2708000000,0.508,,,,,158000000,3.419,177000000,1.662,,115000000,,65.65,,,,,,,,,,,,,,,,,,,,,,true,false,9,2021-12-01,2022-08-31,-1
2023-09-29,30890,2022-11-30,3,,,,,,,,,,,,,,,,,,,,2771000000,1687000000,0.609,,1687000000,,,,,,,,,,,,true,false,12,2021-12-01,2022-11-30,-1
2023-09-29,30890,2022-11-30,3,,,,,,,,,,,,,,,,,,,,,,,,,,,,,30.00,,,,2316000,550215,,false,false,12,2021-12-01,2022-11-30,-1
2023-09-29,30890,2023-11-30,3,,,,,,,,,,,,,,,,,,,,,,,,,,,,,0.00,,,,,,,false,false,12,2022-12-01,2023-11-30,0
2023-09-29,30890,2023-11-30,3,,,,,,,,,,,,,,,,,,,,,,,,,,,,,35.00,,,,,,,false,true,12,2022-12-01,2023-11-30,0
2023-09-29,30890,2023-11-30,3,,,,,,,,,,,,,,,,,,,,,,,,,,,,,,,,,2316000,550215,1765785,false,false,9,2022-12-01,2023-08-31,0
2023-09-29,30890,2022-11-30,3,,,,,,,,,,,,,,,,,,,,,,,,,,,,,,,,,,,1765803,false,false,9,2021-12-01,2022-08-31,-1
2023-12-28,30890,2023-11-30,,4369000000,0.024,,,,,196000000,-0.396,238000000,-0.309,,166000000,,94.14,,0.095,0.083,0.045,,2968000000,1802000000,0.607,1020.72,1802000000,79000000,-39000000,46000000,657000000,,0.372,,,,,,true,false,12,2022-12-01,2023-11-30,0
2023-12-28,30890,2022-11-30,,4268000000,0.356,,,,,325000000,1.549,344000000,0.906,,229000000,,129.81,,0.143,0.129,0.076,,2771000000,1687000000,0.609,955.79,1687000000,247000000,47000000,-248000000,573000000,,0.231,,,,,,true,false,12,2021-12-01,2022-11-30,-1
2023-12-28,30890,2022-11-30,,,,,,,,,,,,,,,,,,,,,,,,,,,,,,30.00,,,,2316000,550215,1765798,false,false,12,2021-12-01,2022-11-30,-1
2023-12-28,30890,2023-11-30,,,,,,,,,,,,,,,,,,,,,,,,,,,,,,35.00,,,,2316000,550350,1765726,false,false,12,2022-12-01,2023-11-30,0
2023-12-28,30890,2024-11-30,,,,,,,,,,,,,,,,,,,,,,,,,,,,,,35.00,,,,,,,false,true,12,2023-12-01,2024-11-30,1
2024-03-29,30890,2024-11-30,1,1000000000,-0.000,,,,,60000000,-0.073,84000000,-0.105,,59000000,,33.58,,,,,,2878000000,1807000000,0.628,,1807000000,,,,,,,,,,,,true,false,3,2023-12-01,2024-02-29,0
2024-03-29,30890,2023-11-30,1,1000000000,0.426,,,,,64000000,,94000000,,,61000000,,35.10,,,,,,,,,,,,,,,,,,,,,,true,false,3,2022-12-01,2023-02-28,-1
2024-03-29,30890,2023-11-30,1,,,,,,,,,,,,,,,,,,,,2973000000,1802000000,0.606,,1802000000,,,,,,,,,,,,true,false,12,2022-12-01,2023-11-30,-1
2024-03-29,30890,2023-11-30,1,,,,,,,,,,,,,,,,,,,,,,,,,,,,,35.00,,,,2316000,550350,,false,false,12,2022-12-01,2023-11-30,-1
2024-03-29,30890,2024-11-30,1,,,,,,,,,,,,,,,,,,,,,,,,,,,,,35.00,,,,,,,false,true,12,2023-12-01,2024-11-30,0
2024-03-29,30890,2024-11-30,1,,,,,,,,,,,,,,,,,,,,,,,,,,,,,,,,,2316000,550350,1765650,false,false,3,2023-12-01,2024-02-29,0
2024-03-29,30890,2023-11-30,1,,,,,,,,,,,,,,,,,,,,,,,,,,,,,,,,,,,1765785,false,false,3,2022-12-01,2023-02-28,-1
2024-06-28,30890,2024-11-30,2,1952000000,-0.172,,,,,95000000,-0.414,130000000,-0.305,,89000000,,50.45,,,,,,2651000000,1835000000,0.692,,1835000000,,,,,,,,,,,,true,false,6,2023-12-01,2024-05-31,0
2024-06-28,30890,2023-11-30,2,2359000000,0.163,,,,,162000000,0.017,187000000,0.107,,123000000,,69.72,,,,,,,,,,,,,,,,,,,,,,true,false,6,2022-12-01,2023-05-31,-1
2024-06-28,30890,2023-11-30,2,,,,,,,,,,,,,,,,,,,,2973000000,1802000000,0.606,,1802000000,,,,,,,,,,,,true,false,12,2022-12-01,2023-11-30,-1
2024-06-28,30890,2023-11-30,2,,,,,,,,,,,,,,,,,,,,,,,,,,,,,35.00,,,,2316000,550350,,false,false,12,2022-12-01,2023-11-30,-1
2024-06-28,30890,2024-11-30,2,,,,,,,,,,,,,,,,,,,,,,,,,,,,,0.00,,,,,,,false,false,12,2023-12-01,2024-11-30,0
2024-06-28,30890,2024-11-30,2,,,,,,,,,,,,,,,,,,,,,,,,,,,,,35.00,,,,,,,false,true,12,2023-12-01,2024-11-30,0
2024-06-28,30890,2024-11-30,2,,,,,,,,,,,,,,,,,,,,,,,,,,,,,,,,,2316000,550350,1765650,false,false,6,2023-12-01,2024-05-31,0
2024-06-28,30890,2023-11-30,2,,,,,,,,,,,,,,,,,,,,,,,,,,,,,,,,,,,1765785,false,false,6,2022-12-01,2023-05-31,-1
2024-09-30,30890,2024-11-30,3,2652000000,-0.207,,,,,90000000,-0.255,120000000,-0.227,,71000000,,40.64,,,,,,2696000000,1811000000,0.672,,1811000000,,,,,,,,,,,,true,false,9,2023-12-01,2024-08-31,0
2024-09-30,30890,2023-11-30,3,3346000000,0.236,,,,,121000000,-0.231,156000000,-0.118,,100000000,,56.80,,,,,,,,,,,,,,,,,,,,,,true,false,9,2022-12-01,2023-08-31,-1
2024-09-30,30890,2023-11-30,3,,,,,,,,,,,,,,,,,,,,2973000000,1802000000,0.606,,1802000000,,,,,,,,,,,,true,false,12,2022-12-01,2023-11-30,-1
2024-09-30,30890,2023-11-30,3,,,,,,,,,,,,,,,,,,,,,,,,,,,,,35.00,,,,2316000,550350,,false,false,12,2022-12-01,2023-11-30,-1
2024-09-30,30890,2024-11-30,3,,,,,,,,,,,,,,,,,,,,,,,,,,,,,0.00,,,,,,,false,false,12,2023-12-01,2024-11-30,0
2024-09-30,30890,2024-11-30,3,,,,,,,,,,,,,,,,,,,,,,,,,,,,,35.00,,,,,,,false,true,12,2023-12-01,2024-11-30,0
2024-09-30,30890,2024-11-30,3,,,,,,,,,,,,,,,,,,,,,,,,,,,,,,,,,2316000,550350,1765650,false,false,9,2023-12-01,2024-08-31,0
2024-09-30,30890,2023-11-30,3,,,,,,,,,,,,,,,,,,,,,,,,,,,,,,,,,,,1765785,false,false,9,2022-12-01,2023-08-31,-1
2025-01-10,30890,2024-11-30,,3969000000,-0.091,,,,,276000000,0.408,316000000,0.330,,212000000,,120.31,,0.113,0.106,0.070,,3014000000,1955000000,0.649,1107.63,1955000000,-336000000,-20000000,147000000,449000000,,0.291,,,,,,true,false,12,2023-12-01,2024-11-30,0
2025-01-10,30890,2023-11-30,,4369000000,0.024,,,,,196000000,-0.396,238000000,-0.309,,166000000,,94.14,,0.095,0.083,0.045,,2973000000,1802000000,0.606,1020.72,1802000000,79000000,-39000000,46000000,657000000,,0.372,,,,,,true,false,12,2022-12-01,2023-11-30,-1
2025-01-10,30890,2023-11-30,,,,,,,,,,,,,,,,,,,,,,,,,,,,,,35.00,,,,2316000,550350,1765726,false,false,12,2022-12-01,2023-11-30,-1
2025-01-10,30890,2024-11-30,,,,,,,,,,,,,,,,,,,,,,,,,,,,,,35.00,,,,2316000,550350,1765650,false,false,12,2023-12-01,2024-11-30,0
2025-01-10,30890,2025-11-30,,,,,,,,,,,,,,,,,,,,,,,,,,,,,,35.00,,,,,,,false,true,12,2024-12-01,2025-11-30,1
2025-03-31,30890,2025-11-30,1,674000000,-0.326,,,,,-20000000,,-19000000,,,-14000000,,-8.03,,,,,,2553000000,1878000000,0.735,,1878000000,,,,,,,,,,,,true,false,3,2024-12-01,2025-02-28,0
2025-03-31,30890,2024-11-30,1,1000000000,-0.000,,,,,60000000,-0.073,84000000,-0.105,,59000000,,33.58,,,,,,,,,,,,,,,,,,,,,,true,false,3,2023-12-01,2024-02-29,-1
2025-03-31,30890,2024-11-30,1,,,,,,,,,,,,,,,,,,,,3014000000,1955000000,0.649,,1955000000,,,,,,,,,,,,true,false,12,2023-12-01,2024-11-30,-1
2025-03-31,30890,2024-11-30,1,,,,,,,,,,,,,,,,,,,,,,,,,,,,,35.00,,,,2316000,550350,,false,false,12,2023-12-01,2024-11-30,-1
2025-03-31,30890,2025-11-30,1,,,,,,,,,,,,,,,,,,,,,,,,,,,,,35.00,,,,,,,false,true,12,2024-12-01,2025-11-30,0
2025-03-31,30890,2025-11-30,1,,,,,,,,,,,,,,,,,,,,,,,,,,,,,,,,,2316000,550350,1765650,false,false,3,2024-12-01,2025-02-28,0
2025-03-31,30890,2024-11-30,1,,,,,,,,,,,,,,,,,,,,,,,,,,,,,,,,,,,1765650,false,false,3,2023-12-01,2024-02-29,-1
2025-06-30,30890,2025-11-30,2,1669000000,-0.145,,,,,91000000,-0.036,97000000,-0.251,,66000000,,37.82,,,,,,3047000000,1964000000,0.645,,1964000000,,,,,,,,,,,,true,false,6,2024-12-01,2025-05-31,0
2025-06-30,30890,2024-11-30,2,1952000000,-0.172,,,,,95000000,-0.414,130000000,-0.305,,89000000,,50.45,,,,,,,,,,,,,,,,,,,,,,true,false,6,2023-12-01,2024-05-31,-1
2025-06-30,30890,2024-11-30,2,,,,,,,,,,,,,,,,,,,,3014000000,1955000000,0.649,,1955000000,,,,,,,,,,,,true,false,12,2023-12-01,2024-11-30,-1
2025-06-30,30890,2024-11-30,2,,,,,,,,,,,,,,,,,,,,,,,,,,,,,35.00,,,,2316000,550350,,false,false,12,2023-12-01,2024-11-30,-1
2025-06-30,30890,2025-11-30,2,,,,,,,,,,,,,,,,,,,,,,,,,,,,,0.00,,,,,,,false,false,12,2024-12-01,2025-11-30,0
2025-06-30,30890,2025-11-30,2,,,,,,,,,,,,,,,,,,,,,,,,,,,,,35.00,,,,,,,false,true,12,2024-12-01,2025-11-30,0
2025-06-30,30890,2025-11-30,2,,,,,,,,,,,,,,,,,,,,,,,,,,,,,,,,,2316000,550350,1765650,false,false,6,2024-12-01,2025-05-31,0
2025-06-30,30890,2024-11-30,2,,,,,,,,,,,,,,,,,,,,,,,,,,,,,,,,,,,1765650,false,false,6,2023-12-01,2024-05-31,-1
