filing_date,code,fiscal_year_end,quarterly_period,net_sales,net_sales_change,revenue,revenue_change,operating_revenue,operating_revenue_change,operating_profit,operating_profit_change,ordinary_profit,ordinary_profit_change,net_income,net_income_of_parent,net_income_change,eps,diluted_eps,roe,roa,operating_profit_to_net_sales,operating_profit_to_revenue,total_assets,net_assets,equity_ratio,bps,owner_equity,operating_cash_flow,investing_cash_flow,financing_cash_flow,cash,dividend_per_share,payout_ratio,commemorative_dividend,extra_dividend,number_of_shares,number_of_treqsury_shares,avg_number_of_shares,is_consolidated,is_forecast,duration,period_start,period_end,period_pos
2015-07-31,30920,2016-03-31,1,10856000000,0.292,,,,,3733000000,0.295,3797000000,0.304,,2501000000,,23.18,23.16,,,,,44257000000,29730000000,0.661,,29243000000,,,,,,,,,,,,true,false,3,2015-04-01,2015-06-30,0
2015-07-31,30920,2015-03-31,1,8401000000,-0.016,,,,,2883000000,0.003,2912000000,0.011,,1873000000,,17.47,17.46,,,,,,,,,,,,,,,,,,,,,true,false,3,2014-04-01,2014-06-30,-1
2015-07-31,30920,2016-03-31,1,53800000000,0.306,,,,,19140000000,0.269,19160000000,0.266,,12520000000,,116.40,,,,,,,,,,,,,,,,,,,,,,true,true,12,2015-04-01,2016-03-31,0
2015-07-31,30920,2015-03-31,1,,,,,,,,,,,,,,,,,,,,41351000000,26244000000,0.623,,25753000000,,,,,,,,,,,,true,false,12,2014-04-01,2015-03-31,-1
2015-07-31,30920,2015-03-31,1,,,,,,,,,,,,,,,,,,,,,,,,,,,,,34.00,,,,109896300,2308820,,false,false,12,2014-04-01,2015-03-31,-1
2015-07-31,30920,2016-03-31,1,,,,,,,,,,,,,,,,,,,,,,,,,,,,,47.00,,,,,,,false,true,12,2015-04-01,2016-03-31,0
2015-07-31,30920,2016-03-31,1,,,,,,,,,,,,,,,,,,,,,,,,,,,,,,,,,109896300,1393575,107925736,false,false,3,2015-04-01,2015-06-30,0
2015-07-31,30920,2015-03-31,1,,,,,,,,,,,,,,,,,,,,,,,,,,,,,,,,,,,107211300,false,false,3,2014-04-01,2014-06-30,-1
2015-10-30,30920,2016-03-31,2,22417000000,0.272,,,,,7009000000,0.160,7126000000,0.172,,4789000000,,44.26,44.21,,,,,45423000000,31850000000,0.690,,31364000000,,,,,,,,,,,,true,false,6,2015-04-01,2015-09-30,0
2015-10-30,30920,2015-03-31,2,17620000000,0.009,,,,,6043000000,0.111,6082000000,0.115,,3913000000,,36.51,36.46,,,,,,,,,,,,,,,,,,,,,true,false,6,2014-04-01,2014-09-30,-1
2015-10-30,30920,2016-03-31,2,53800000000,0.306,,,,,19140000000,0.269,19160000000,0.266,,12520000000,,116.40,,,,,,,,,,,,,,,,,,,,,,true,true,12,2015-04-01,2016-03-31,0
2015-10-30,30920,2015-03-31,2,,,,,,,,,,,,,,,,,,,,41351000000,26244000000,0.623,,25753000000,,,,,,,,,,,,true,false,12,2014-04-01,2015-03-31,-1
2015-10-30,30920,2015-03-31,2,,,,,,,,,,,,,,,,,,,,,,,,,,,,,34.00,,,,109896300,2308820,,false,false,12,2014-04-01,2015-03-31,-1
2015-10-30,30920,2016-03-31,2,,,,,,,,,,,,,,,,,,,,,,,,,,,,,19.00,,,,,,,false,false,12,2015-04-01,2016-03-31,0
2015-10-30,30920,2016-03-31,2,,,,,,,,,,,,,,,,,,,,,,,,,,,,,47.00,,,,,,,false,true,12,2015-04-01,2016-03-31,0
2015-10-30,30920,2016-03-31,2,,,,,,,,,,,,,,,,,,,,,,,,,,,,,,,,,109896300,1393615,108214215,false,false,6,2015-04-01,2015-09-30,0
2015-10-30,30920,2015-03-31,2,,,,,,,,,,,,,,,,,,,,,,,,,,,,,,,,,,,107211300,false,false,6,2014-04-01,2014-09-30,-1
2016-01-29,30920,2016-03-31,3,37750000000,0.290,,,,,11744000000,0.103,11898000000,0.112,,7927000000,,73.65,73.51,,,,,31672000000,13917000000,0.424,,13428000000,,,,,,,,,,,,true,false,9,2015-04-01,2015-12-31,0
2016-01-29,30920,2015-03-31,3,29253000000,0.053,,,,,10652000000,0.233,10699000000,0.234,,6879000000,,64.09,63.97,,,,,,,,,,,,,,,,,,,,,true,false,9,2014-04-01,2014-12-31,-1
2016-01-29,30920,2016-03-31,3,53800000000,0.306,,,,,19140000000,0.269,19160000000,0.266,,12520000000,,117.40,,,,,,,,,,,,,,,,,,,,,,true,true,12,2015-04-01,2016-03-31,0
2016-01-29,30920,2015-03-31,3,,,,,,,,,,,,,,,,,,,,41351000000,26244000000,0.623,,25753000000,,,,,,,,,,,,true,false,12,2014-04-01,2015-03-31,-1
2016-01-29,30920,2015-03-31,3,,,,,,,,,,,,,,,,,,,,,,,,,,,,,34.00,,,,109896300,2308820,,false,false,12,2014-04-01,2015-03-31,-1
2016-01-29,30920,2016-03-31,3,,,,,,,,,,,,,,,,,,,,,,,,,,,,,19.00,,,,,,,false,false,12,2015-04-01,2016-03-31,0
2016-01-29,30920,2016-03-31,3,,,,,,,,,,,,,,,,,,,,,,,,,,,,,47.00,,,,,,,false,true,12,2015-04-01,2016-03-31,0
2016-01-29,30920,2016-03-31,3,,,,,,,,,,,,,,,,,,,,,,,,,,,,,,,,,107450800,3839200,107636956,false,false,9,2015-04-01,2015-12-31,0
2016-01-29,30920,2015-03-31,3,,,,,,,,,,,,,,,,,,,,,,,,,,,,,,,,,,,107336769,false,false,9,2014-04-01,2014-12-31,-1
2016-04-28,30920,2016-03-31,,54422000000,0.321,,,,,17756000000,0.177,17883000000,0.181,,11988000000,,112.38,112.14,0.555,0.469,0.326,,34916000000,17932000000,0.501,168.24,17477000000,12027000000,-2175000000,-23222000000,11495000000,,0.418,,,,,,true,false,12,2015-04-01,2016-03-31,0
2016-04-28,30920,2015-03-31,,41182000000,0.067,,,,,15084000000,0.218,15139000000,0.218,,8999000000,,83.79,83.58,0.404,0.406,0.366,,41351000000,26244000000,0.623,239.38,25753000000,10487000000,-501000000,-3109000000,24713000000,,0.406,,,,,,true,false,12,2014-04-01,2015-03-31,-1
2016-04-28,30920,2017-03-31,,69030000000,0.268,,,,,22140000000,0.247,22150000000,0.239,,15260000000,,146.90,,,,,,,,,,,,,,,,0.408,,,,,,true,true,12,2016-04-01,2017-03-31,1
2016-04-28,30920,2016-03-31,,47110000000,0.262,,,,,18960000000,0.243,19130000000,0.248,12877000000,,0.393,120.71,120.45,,,,,35041000000,18786000000,0.536,180.84,18786000000,,,,,47.00,,,,107450800,3569200,106680778,false,false,12,2015-04-01,2016-03-31,0
2016-04-28,30920,2015-03-31,,37339000000,0.024,,,,,15251000000,0.230,15323000000,0.229,9244000000,,0.179,86.08,85.86,,,,,40866000000,26019000000,0.637,241.85,26019000000,,,,,34.00,,,,109896300,2308820,107398419,false,false,12,2014-04-01,2015-03-31,-1
2016-04-28,30920,2017-03-31,,,,,,,,,,,,,,,,,,,,,,,,,,,,,,60.00,,,,,,,false,true,12,2016-04-01,2017-03-31,1
2016-07-29,30920,2017-03-31,1,15386000000,0.417,,,,,5011000000,0.342,5035000000,0.326,,3580000000,,34.47,,,,,,36140000000,18461000000,0.499,,18045000000,,,,,,,,,,,,true,false,3,2016-04-01,2016-06-30,0
2016-07-29,30920,2016-03-31,1,10856000000,0.292,,,,,3733000000,0.295,3797000000,0.304,,2501000000,,23.18,23.16,,,,,,,,,,,,,,,,,,,,,true,false,3,2015-04-01,2015-06-30,-1
2016-07-29,30920,2017-03-31,1,69030000000,0.268,,,,,22140000000,0.247,22150000000,0.239,,15260000000,,48.97,,,,,,,,,,,,,,,,,,,,,,true,true,12,2016-04-01,2017-03-31,0
2016-07-29,30920,2016-03-31,1,,,,,,,,,,,,,,,,,,,,34916000000,17932000000,0.501,,17477000000,,,,,,,,,,,,true,false,12,2015-04-01,2016-03-31,-1
2016-07-29,30920,2016-03-31,1,,,,,,,,,,,,,,,,,,,,,,,,,,,,,47.00,,,,107450800,3569200,,false,false,12,2015-04-01,2016-03-31,-1
2016-07-29,30920,2017-03-31,1,,,,,,,,,,,,,,,,,,,,,,,,,,,,,14.00,,,,,,,false,true,12,2016-04-01,2017-03-31,0
2016-07-29,30920,2017-03-31,1,,,,,,,,,,,,,,,,,,,,,,,,,,,,,,,,,107450800,3569255,103881574,false,false,3,2016-04-01,2016-06-30,0
2016-07-29,30920,2016-03-31,1,,,,,,,,,,,,,,,,,,,,,,,,,,,,,,,,,,,107925736,false,false,3,2015-04-01,2015-06-30,-1
2016-10-28,30920,2017-03-31,2,31566000000,0.408,,,,,10588000000,0.511,10630000000,0.492,,8059000000,,25.86,,,,,,40427000000,22945000000,0.557,,22536000000,,,,,,,,,,,,true,false,6,2016-04-01,2016-09-30,0
2016-10-28,30920,2016-03-31,2,22417000000,0.272,,,,,7009000000,0.160,7126000000,0.172,,4789000000,,14.75,14.74,,,,,,,,,,,,,,,,,,,,,true,false,6,2015-04-01,2015-09-30,-1
2016-10-28,30920,2017-03-31,2,69030000000,0.268,,,,,22140000000,0.247,22150000000,0.239,,15260000000,,48.97,,,,,,,,,,,,,,,,,,,,,,true,true,12,2016-04-01,2017-03-31,0
2016-10-28,30920,2016-03-31,2,,,,,,,,,,,,,,,,,,,,34916000000,17932000000,0.501,,17477000000,,,,,,,,,,,,true,false,12,2015-04-01,2016-03-31,-1
2016-10-28,30920,2016-03-31,2,,,,,,,,,,,,,,,,,,,,,,,,,,,,,47.00,,,,322352400,10707600,,false,false,12,2015-04-01,2016-03-31,-1
2016-10-28,30920,2017-03-31,2,,,,,,,,,,,,,,,,,,,,,,,,,,,,,20.00,,,,,,,false,false,12,2016-04-01,2017-03-31,0
2016-10-28,30920,2017-03-31,2,,,,,,,,,,,,,,,,,,,,,,,,,,,,,14.00,,,,,,,false,true,12,2016-04-01,2017-03-31,0
2016-10-28,30920,2017-03-31,2,,,,,,,,,,,,,,,,,,,,,,,,,,,,,,,,,322352400,10707894,311644637,false,false,6,2016-04-01,2016-09-30,0
2016-10-28,30920,2016-03-31,2,,,,,,,,,,,,,,,,,,,,,,,,,,,,,,,,,,,324642644,false,false,6,2015-04-01,2015-09-30,-1
2017-01-31,30920,2017-03-31,3,53694000000,0.422,,,,,19291000000,0.643,19433000000,0.633,,14117000000,,45.30,,,,,,51511000000,27082000000,0.517,,26611000000,,,,,,,,,,,,true,false,9,2016-04-01,2016-12-31,0
2017-01-31,30920,2016-03-31,3,37750000000,0.290,,,,,11744000000,0.103,11898000000,0.112,,7927000000,,24.55,24.50,,,,,,,,,,,,,,,,,,,,,true,false,9,2015-04-01,2015-12-31,-1
2017-01-31,30920,2017-03-31,3,69030000000,0.268,,,,,22140000000,0.247,22150000000,0.239,,15260000000,,48.97,,,,,,,,,,,,,,,,,,,,,,true,true,12,2016-04-01,2017-03-31,0
2017-01-31,30920,2016-03-31,3,,,,,,,,,,,,,,,,,,,,34916000000,17932000000,0.501,,17477000000,,,,,,,,,,,,true,false,12,2015-04-01,2016-03-31,-1
2017-01-31,30920,2016-03-31,3,,,,,,,,,,,,,,,,,,,,,,,,,,,,,47.00,,,,322352400,10707600,,false,false,12,2015-04-01,2016-03-31,-1
2017-01-31,30920,2017-03-31,3,,,,,,,,,,,,,,,,,,,,,,,,,,,,,20.00,,,,,,,false,false,12,2016-04-01,2017-03-31,0
2017-01-31,30920,2017-03-31,3,,,,,,,,,,,,,,,,,,,,,,,,,,,,,14.00,,,,,,,false,true,12,2016-04-01,2017-03-31,0
2017-01-31,30920,2017-03-31,3,,,,,,,,,,,,,,,,,,,,,,,,,,,,,,,,,322352400,10708054,311644546,false,false,9,2016-04-01,2016-12-31,0
2017-01-31,30920,2016-03-31,3,,,,,,,,,,,,,,,,,,,,,,,,,,,,,,,,,,,322910867,false,false,9,2015-04-01,2015-12-31,-1
2017-04-19,30920,2017-03-31,,76300000000,0.105,,,,,26200000000,0.183,26400000000,0.192,,17000000000,,54.55,,,,,,,,,,,,,,,,,,,,,,true,true,12,2016-04-01,2017-03-31,0
2017-04-19,30920,2016-03-31,,54422000000,,,,,,17756000000,,17883000000,,,11988000000,,37.46,,,,,,,,,,,,,,,,,,,,,,true,false,12,2015-04-01,2016-03-31,-1
2017-04-19,30920,2017-03-31,,,,,,,,,,,,,,,,,,,,,,,,,,,,,,16.00,,,,,,,false,true,12,2016-04-01,2017-03-31,0
2017-04-19,30920,2017-03-31,,,,,,,,,,,,,,,,,,,,,,,,,,,,,,20.00,,,,,,,false,false,12,2016-04-01,2017-03-31,0
2017-04-19,30920,2016-03-31,,,,,,,,,,,,,,,,,,,,,,,,,,,,,,47.00,,,,,,,false,false,12,2015-04-01,2016-03-31,-1
2017-04-28,30920,2017-03-31,,76393000000,0.404,,,,,26284000000,0.480,26442000000,0.479,,17035000000,,54.66,,0.727,0.583,0.344,,55720000000,29868000000,0.528,94.39,29416000000,18294000000,-2725000000,-4995000000,22151000000,,0.415,,,,,,true,false,12,2016-04-01,2017-03-31,0
2017-04-28,30920,2016-03-31,,54422000000,0.321,,,,,17756000000,0.177,17883000000,0.181,,11988000000,,37.46,37.38,0.555,0.469,0.326,,34916000000,17932000000,0.501,56.08,17477000000,12027000000,-2175000000,-23222000000,11495000000,,0.418,,,,,,true,false,12,2015-04-01,2016-03-31,-1
2017-04-28,30920,2018-03-31,,100000000000,0.309,,,,,32000000000,0.217,32000000000,0.210,,22200000000,,71.20,,,,,,,,,,,,,,,,0.407,,,,,,true,true,12,2017-04-01,2018-03-31,1
2017-04-28,30920,2017-03-31,,64689000000,0.373,,,,,25922000000,0.367,26175000000,0.368,16479000000,,0.280,52.88,,,,,,54871000000,30271000000,0.552,97.14,30271000000,,,,,16.00,,,,322352400,10708115,311644487,false,false,12,2016-04-01,2017-03-31,0
2017-04-28,30920,2016-03-31,,47110000000,0.262,,,,,18960000000,0.243,19130000000,0.248,12877000000,,0.393,40.24,40.15,,,,,35041000000,18786000000,0.536,60.28,18786000000,,,,,47.00,,,,322352400,10707600,320042333,false,false,12,2015-04-01,2016-03-31,-1
2017-04-28,30920,2018-03-31,,,,,,,,,,,,,,,,,,,,,,,,,,,,,,29.00,,,,,,,false,true,12,2017-04-01,2018-03-31,1
2017-07-31,30920,2018-03-31,1,21451000000,0.394,,,,,7981000000,0.593,7999000000,0.588,,5532000000,,17.75,,,,,,53745000000,30489000000,0.559,,30046000000,,,,,,,,,,,,true,false,3,2017-04-01,2017-06-30,0
2017-07-31,30920,2017-03-31,1,15386000000,0.417,,,,,5011000000,0.342,5035000000,0.326,,3580000000,,11.49,,,,,,,,,,,,,,,,,,,,,,true,false,3,2016-04-01,2016-06-30,-1
2017-07-31,30920,2018-03-31,1,100000000000,0.309,,,,,32000000000,0.217,32000000000,0.210,,22200000000,,71.20,,,,,,,,,,,,,,,,,,,,,,true,true,12,2017-04-01,2018-03-31,0
2017-07-31,30920,2017-03-31,1,,,,,,,,,,,,,,,,,,,,55720000000,29868000000,0.528,,29416000000,,,,,,,,,,,,true,false,12,2016-04-01,2017-03-31,-1
2017-07-31,30920,2017-03-31,1,,,,,,,,,,,,,,,,,,,,,,,,,,,,,16.00,,,,322352400,10708115,,false,false,12,2016-04-01,2017-03-31,-1
2017-07-31,30920,2018-03-31,1,,,,,,,,,,,,,,,,,,,,,,,,,,,,,29.00,,,,,,,false,true,12,2017-04-01,2018-03-31,0
2017-07-31,30920,2018-03-31,1,,,,,,,,,,,,,,,,,,,,,,,,,,,,,,,,,311644285,,311644285,false,false,3,2017-04-01,2017-06-30,0
2017-07-31,30920,2017-03-31,1,,,,,,,,,,,,,,,,,,,,,,,,,,,,,,,,,,,311644722,false,false,3,2016-04-01,2016-06-30,-1
2017-10-30,30920,2018-03-31,2,42694000000,0.353,,,,,13831000000,0.306,13837000000,0.302,,9551000000,,30.65,,,,,,57967000000,34094000000,0.588,,34094000000,,,,,,,,,,,,true,false,6,2017-04-01,2017-09-30,0
2017-10-30,30920,2017-03-31,2,31566000000,0.408,,,,,10588000000,0.511,10630000000,0.492,,8059000000,,25.86,,,,,,,,,,,,,,,,,,,,,,true,false,6,2016-04-01,2016-09-30,-1
2017-10-30,30920,2018-03-31,2,100000000000,0.309,,,,,32000000000,0.217,32000000000,0.210,,22200000000,,71.20,,,,,,,,,,,,,,,,,,,,,,true,true,12,2017-04-01,2018-03-31,0
2017-10-30,30920,2017-03-31,2,,,,,,,,,,,,,,,,,,,,55720000000,29868000000,0.528,,29416000000,,,,,,,,,,,,true,false,12,2016-04-01,2017-03-31,-1
2017-10-30,30920,2017-03-31,2,,,,,,,,,,,,,,,,,,,,,,,,,,,,,16.00,,,,322352400,10708115,,false,false,12,2016-04-01,2017-03-31,-1
2017-10-30,30920,2018-03-31,2,,,,,,,,,,,,,,,,,,,,,,,,,,,,,12.00,,,,,,,false,false,12,2017-04-01,2018-03-31,0
2017-10-30,30920,2018-03-31,2,,,,,,,,,,,,,,,,,,,,,,,,,,,,,29.00,,,,,,,false,true,12,2017-04-01,2018-03-31,0
2017-10-30,30920,2018-03-31,2,,,,,,,,,,,,,,,,,,,,,,,,,,,,,,,,,311644285,,311644285,false,false,6,2017-04-01,2017-09-30,0
2017-10-30,30920,2017-03-31,2,,,,,,,,,,,,,,,,,,,,,,,,,,,,,,,,,,,311644637,false,false,6,2016-04-01,2016-09-30,-1
2018-01-31,30920,2018-03-31,3,70915000000,0.321,,,,,23551000000,0.221,23600000000,0.214,,16285000000,,52.26,,,,,,65773000000,37098000000,0.564,,37098000000,,,,,,,,,,,,true,false,9,2017-04-01,2017-12-31,0
2018-01-31,30920,2017-03-31,3,53694000000,0.422,,,,,19291000000,0.643,19433000000,0.633,,14117000000,,45.30,,,,,,,,,,,,,,,,,,,,,,true,false,9,2016-04-01,2016-12-31,-1
2018-01-31,30920,2018-03-31,3,100000000000,0.309,,,,,32000000000,0.217,32000000000,0.210,,22200000000,,71.20,,,,,,,,,,,,,,,,,,,,,,true,true,12,2017-04-01,2018-03-31,0
2018-01-31,30920,2017-03-31,3,,,,,,,,,,,,,,,,,,,,55720000000,29868000000,0.528,,29416000000,,,,,,,,,,,,true,false,12,2016-04-01,2017-03-31,-1
2018-01-31,30920,2017-03-31,3,,,,,,,,,,,,,,,,,,,,,,,,,,,,,16.00,,,,322352400,10708115,,false,false,12,2016-04-01,2017-03-31,-1
2018-01-31,30920,2018-03-31,3,,,,,,,,,,,,,,,,,,,,,,,,,,,,,12.00,,,,,,,false,false,12,2017-04-01,2018-03-31,0
2018-01-31,30920,2018-03-31,3,,,,,,,,,,,,,,,,,,,,,,,,,,,,,29.00,,,,,,,false,true,12,2017-04-01,2018-03-31,0
2018-01-31,30920,2018-03-31,3,,,,,,,,,,,,,,,,,,,,,,,,,,,,,,,,,311644285,,311644285,false,false,9,2017-04-01,2017-12-31,0
2018-01-31,30920,2017-03-31,3,,,,,,,,,,,,,,,,,,,,,,,,,,,,,,,,,,,311644546,false,false,9,2016-04-01,2016-12-31,-1
2018-04-27,30920,2018-03-31,,98432000000,0.288,,,,,32669000000,0.243,32740000000,0.238,,20156000000,,64.68,,0.574,0.518,0.332,,70718000000,40810000000,0.577,130.95,40810000000,19882000000,-8219000000,-9215000000,24571000000,,0.448,,,,,,true,false,12,2017-04-01,2018-03-31,0
2018-04-27,30920,2017-03-31,,76393000000,0.404,,,,,26284000000,0.480,26442000000,0.479,,17035000000,,54.66,,0.727,0.583,0.344,,55720000000,29868000000,0.528,94.39,29416000000,18294000000,-2725000000,-4995000000,22151000000,,0.415,,,,,,true,false,12,2016-04-01,2017-03-31,-1
2018-04-27,30920,2019-03-31,,147000000000,0.493,,,,,40000000000,0.224,40000000000,0.222,,28000000000,,89.85,,,,,,,,,,,,,,,,0.401,,,,,,true,true,12,2018-04-01,2019-03-31,1
2018-04-27,30920,2018-03-31,,85520000000,0.322,,,,,30829000000,0.189,31003000000,0.184,18782000000,,0.140,60.27,,,,,,69190000000,40354000000,0.583,129.49,40354000000,,,,,29.00,,,,311644285,,311644285,false,false,12,2017-04-01,2018-03-31,0
2018-04-27,30920,2017-03-31,,64689000000,0.373,,,,,25922000000,0.367,26175000000,0.368,16479000000,,0.280,52.88,,,,,,54871000000,30271000000,0.552,97.14,30271000000,,,,,16.00,,,,322352400,10708115,311644487,false,false,12,2016-04-01,2017-03-31,-1
2018-04-27,30920,2019-03-31,,,,,,,,,,,,,,,,,,,,,,,,,,,,,,36.00,,,,,,,false,true,12,2018-04-01,2019-03-31,1
2018-07-31,30920,2019-03-31,1,26552000000,0.238,,,,,5874000000,-0.264,5859000000,-0.267,,4163000000,,13.48,,,,,,66931000000,14909000000,0.223,,14909000000,,,,,,,,,,,,true,false,3,2018-04-01,2018-06-30,0
2018-07-31,30920,2018-03-31,1,21451000000,0.394,,,,,7981000000,0.593,7999000000,0.588,,5532000000,,17.75,,,,,,,,,,,,,,,,,,,,,,true,false,3,2017-04-01,2017-06-30,-1
2018-07-31,30920,2019-03-31,1,147000000000,0.493,,,,,40000000000,0.224,40000000000,0.222,,28000000000,,89.85,,,,,,,,,,,,,,,,,,,,,,true,true,12,2018-04-01,2019-03-31,0
2018-07-31,30920,2018-03-31,1,,,,,,,,,,,,,,,,,,,,70712000000,40810000000,0.577,,40810000000,,,,,,,,,,,,true,false,12,2017-04-01,2018-03-31,-1
2018-07-31,30920,2018-03-31,1,,,,,,,,,,,,,,,,,,,,,,,,,,,,,29.00,,,,311644285,,,false,false,12,2017-04-01,2018-03-31,-1
2018-07-31,30920,2019-03-31,1,,,,,,,,,,,,,,,,,,,,,,,,,,,,,36.00,,,,,,,false,true,12,2018-04-01,2019-03-31,0
2018-07-31,30920,2019-03-31,1,,,,,,,,,,,,,,,,,,,,,,,,,,,,,,,,,311644285,6349100,308952819,false,false,3,2018-04-01,2018-06-30,0
2018-07-31,30920,2018-03-31,1,,,,,,,,,,,,,,,,,,,,,,,,,,,,,,,,,,,311644285,false,false,3,2017-04-01,2017-06-30,-1
2018-10-31,30920,2019-03-31,2,53764000000,0.259,,,,,10053000000,-0.273,10007000000,-0.277,,6291000000,,20.48,,,,,,69995000000,17256000000,0.244,,17076000000,,,,,,,,,,,,true,false,6,2018-04-01,2018-09-30,0
2018-10-31,30920,2018-03-31,2,42694000000,0.353,,,,,13831000000,0.306,13837000000,0.302,,9551000000,,30.65,,,,,,,,,,,,,,,,,,,,,,true,false,6,2017-04-01,2017-09-30,-1
2018-10-31,30920,2019-03-31,2,147000000000,0.493,,,,,40000000000,0.224,40000000000,0.222,,28000000000,,91.44,,,,,,,,,,,,,,,,,,,,,,true,true,12,2018-04-01,2019-03-31,0
2018-10-31,30920,2018-03-31,2,,,,,,,,,,,,,,,,,,,,70712000000,40810000000,0.577,,40810000000,,,,,,,,,,,,true,false,12,2017-04-01,2018-03-31,-1
2018-10-31,30920,2018-03-31,2,,,,,,,,,,,,,,,,,,,,,,,,,,,,,29.00,,,,311644285,,,false,false,12,2017-04-01,2018-03-31,-1
2018-10-31,30920,2019-03-31,2,,,,,,,,,,,,,,,,,,,,,,,,,,,,,14.00,,,,,,,false,false,12,2018-04-01,2019-03-31,0
2018-10-31,30920,2019-03-31,2,,,,,,,,,,,,,,,,,,,,,,,,,,,,,36.00,,,,,,,false,true,12,2018-04-01,2019-03-31,0
2018-10-31,30920,2019-03-31,2,,,,,,,,,,,,,,,,,,,,,,,,,,,,,,,,,311644285,6349100,307124002,false,false,6,2018-04-01,2018-09-30,0
2018-10-31,30920,2018-03-31,2,,,,,,,,,,,,,,,,,,,,,,,,,,,,,,,,,,,311644285,false,false,6,2017-04-01,2017-09-30,-1
2019-01-31,30920,2019-03-31,3,89774000000,0.266,,,,,20630000000,-0.124,20685000000,-0.124,,13665000000,,44.58,,,,,,76441000000,20203000000,0.263,,20123000000,,,,,,,,,,,,true,false,9,2018-04-01,2018-12-31,0
2019-01-31,30920,2018-03-31,3,70915000000,0.321,,,,,23551000000,0.221,23600000000,0.214,,16285000000,,52.26,,,,,,,,,,,,,,,,,,,,,,true,false,9,2017-04-01,2017-12-31,-1
2019-01-31,30920,2019-03-31,3,118000000000,0.199,,,,,26500000000,-0.189,26500000000,-0.191,,17800000000,,58.13,,,,,,,,,,,,,,,,,,,,,,true,true,12,2018-04-01,2019-03-31,0
2019-01-31,30920,2018-03-31,3,,,,,,,,,,,,,,,,,,,,70712000000,40810000000,0.577,,40810000000,,,,,,,,,,,,true,false,12,2017-04-01,2018-03-31,-1
2019-01-31,30920,2018-03-31,3,,,,,,,,,,,,,,,,,,,,,,,,,,,,,29.00,,,,311644285,,,false,false,12,2017-04-01,2018-03-31,-1
2019-01-31,30920,2019-03-31,3,,,,,,,,,,,,,,,,,,,,,,,,,,,,,14.00,,,,,,,false,false,12,2018-04-01,2019-03-31,0
2019-01-31,30920,2019-03-31,3,,,,,,,,,,,,,,,,,,,,,,,,,,,,,24.00,,,,,,,false,true,12,2018-04-01,2019-03-31,0
2019-01-31,30920,2019-03-31,3,,,,,,,,,,,,,,,,,,,,,,,,,,,,,,,,,311644285,6349100,306514396,false,false,9,2018-04-01,2018-12-31,0
2019-01-31,30920,2018-03-31,3,,,,,,,,,,,,,,,,,,,,,,,,,,,,,,,,,,,311644285,false,false,9,2017-04-01,2017-12-31,-1
2019-04-25,30920,2019-03-31,,118405000000,0.203,,,,,25654000000,-0.215,25717000000,-0.214,,15985000000,,52.20,,0.505,0.344,0.217,,78961000000,22656000000,0.286,73.85,22546000000,14807000000,-6125000000,-12059000000,21560000000,,0.460,,,,,,true,false,12,2018-04-01,2019-03-31,0
2019-04-25,30920,2018-03-31,,98432000000,0.288,,,,,32669000000,0.243,32740000000,0.238,,20156000000,,64.68,,0.574,0.518,0.332,,70712000000,40810000000,0.577,130.95,40810000000,19882000000,-8219000000,-9215000000,24571000000,,0.448,,,,,,true,false,12,2017-04-01,2018-03-31,-1
2019-04-25,30920,2020-03-31,,136000000000,0.149,,,,,32000000000,0.247,32000000000,0.244,,22500000000,,73.70,,,,,,,,,,,,,,,,0.407,,,,,,true,true,12,2019-04-01,2020-03-31,1
2019-04-25,30920,2019-03-31,,103523000000,0.231,,,,,24110000000,-0.218,24265000000,-0.217,13830000000,,-0.264,45.17,,,,,,73452000000,18431000000,0.249,60.37,18321000000,,,,,24.00,,,,311644285,6349103,306214590,false,false,12,2018-04-01,2019-03-31,0
2019-04-25,30920,2018-03-31,,84070000000,0.300,,,,,30829000000,0.189,31003000000,0.184,18782000000,,0.140,60.27,,,,,,69190000000,40354000000,0.583,129.49,40354000000,,,,,29.00,,,,311644285,,311644285,false,false,12,2017-04-01,2018-03-31,-1
2019-04-25,30920,2020-03-31,,,,,,,,,,,,,,,,,,,,,,,,,,,,,,30.00,,,,,,,false,true,12,2019-04-01,2020-03-31,1
2019-07-30,30920,2020-03-31,1,28197000000,0.062,,,,,7786000000,0.326,7618000000,0.300,,5326000000,,17.45,,,,,,79414000000,24902000000,0.312,,24798000000,,,,,,,,,,,,true,false,3,2019-04-01,2019-06-30,0
2019-07-30,30920,2019-03-31,1,26552000000,0.238,,,,,5874000000,-0.264,5859000000,-0.267,,4163000000,,13.48,,,,,,,,,,,,,,,,,,,,,,true,false,3,2018-04-01,2018-06-30,-1
2019-07-30,30920,2020-03-31,1,136000000000,0.149,,,,,32000000000,0.247,32000000000,0.244,,22500000000,,73.70,,,,,,,,,,,,,,,,,,,,,,true,true,12,2019-04-01,2020-03-31,0
2019-07-30,30920,2019-03-31,1,,,,,,,,,,,,,,,,,,,,78961000000,22656000000,0.286,,22546000000,,,,,,,,,,,,true,false,12,2018-04-01,2019-03-31,-1
2019-07-30,30920,2019-03-31,1,,,,,,,,,,,,,,,,,,,,,,,,,,,,,24.00,,,,311644285,6349103,,false,false,12,2018-04-01,2019-03-31,-1
2019-07-30,30920,2020-03-31,1,,,,,,,,,,,,,,,,,,,,,,,,,,,,,30.00,,,,,,,false,true,12,2019-04-01,2020-03-31,0
2019-07-30,30920,2020-03-31,1,,,,,,,,,,,,,,,,,,,,,,,,,,,,,,,,,311644285,6349103,305295182,false,false,3,2019-04-01,2019-06-30,0
2019-07-30,30920,2019-03-31,1,,,,,,,,,,,,,,,,,,,,,,,,,,,,,,,,,,,308952819,false,false,3,2018-04-01,2018-06-30,-1
2019-10-31,30920,2020-03-31,2,57242000000,0.065,,,,,13254000000,0.318,13052000000,0.304,,7919000000,,25.94,,,,,,82197000000,27382000000,0.333,,27372000000,,,,,,,,,,,,true,false,6,2019-04-01,2019-09-30,0
2019-10-31,30920,2019-03-31,2,53764000000,0.259,,,,,10053000000,-0.273,10007000000,-0.277,,6291000000,,20.48,,,,,,,,,,,,,,,,,,,,,,true,false,6,2018-04-01,2018-09-30,-1
2019-10-31,30920,2020-03-31,2,136000000000,0.149,,,,,32000000000,0.247,32000000000,0.244,,22500000000,,73.70,,,,,,,,,,,,,,,,,,,,,,true,true,12,2019-04-01,2020-03-31,0
2019-10-31,30920,2019-03-31,2,,,,,,,,,,,,,,,,,,,,78961000000,22656000000,0.286,,22546000000,,,,,,,,,,,,true,false,12,2018-04-01,2019-03-31,-1
2019-10-31,30920,2019-03-31,2,,,,,,,,,,,,,,,,,,,,,,,,,,,,,24.00,,,,311644285,6349103,,false,false,12,2018-04-01,2019-03-31,-1
2019-10-31,30920,2020-03-31,2,,,,,,,,,,,,,,,,,,,,,,,,,,,,,12.00,,,,,,,false,false,12,2019-04-01,2020-03-31,0
2019-10-31,30920,2020-03-31,2,,,,,,,,,,,,,,,,,,,,,,,,,,,,,30.00,,,,,,,false,true,12,2019-04-01,2020-03-31,0
2019-10-31,30920,2020-03-31,2,,,,,,,,,,,,,,,,,,,,,,,,,,,,,,,,,311644285,6349103,305295182,false,false,6,2019-04-01,2019-09-30,0
2019-10-31,30920,2019-03-31,2,,,,,,,,,,,,,,,,,,,,,,,,,,,,,,,,,,,307124002,false,false,6,2018-04-01,2018-09-30,-1
2020-01-31,30920,2020-03-31,3,91887000000,0.024,,,,,19385000000,-0.060,19224000000,-0.071,,12172000000,,39.87,,,,,,86473000000,28005000000,0.324,,27999000000,,,,,,,,,,,,true,false,9,2019-04-01,2019-12-31,0
2020-01-31,30920,2019-03-31,3,89774000000,0.266,,,,,20630000000,-0.124,20685000000,-0.124,,13665000000,,44.58,,,,,,,,,,,,,,,,,,,,,,true,false,9,2018-04-01,2018-12-31,-1
2020-01-31,30920,2020-03-31,3,136000000000,0.149,,,,,32000000000,0.247,32000000000,0.244,,22500000000,,73.70,,,,,,,,,,,,,,,,,,,,,,true,true,12,2019-04-01,2020-03-31,0
2020-01-31,30920,2019-03-31,3,,,,,,,,,,,,,,,,,,,,78961000000,22656000000,0.286,,22546000000,,,,,,,,,,,,true,false,12,2018-04-01,2019-03-31,-1
2020-01-31,30920,2019-03-31,3,,,,,,,,,,,,,,,,,,,,,,,,,,,,,24.00,,,,311644285,6349103,,false,false,12,2018-04-01,2019-03-31,-1
2020-01-31,30920,2020-03-31,3,,,,,,,,,,,,,,,,,,,,,,,,,,,,,12.00,,,,,,,false,false,12,2019-04-01,2020-03-31,0
2020-01-31,30920,2020-03-31,3,,,,,,,,,,,,,,,,,,,,,,,,,,,,,30.00,,,,,,,false,true,12,2019-04-01,2020-03-31,0
2020-01-31,30920,2020-03-31,3,,,,,,,,,,,,,,,,,,,,,,,,,,,,,,,,,311644285,6349103,305295182,false,false,9,2019-04-01,2019-12-31,0
2020-01-31,30920,2019-03-31,3,,,,,,,,,,,,,,,,,,,,,,,,,,,,,,,,,,,306514396,false,false,9,2018-04-01,2018-12-31,-1
2020-04-22,30920,2020-03-31,,125500000000,-0.077,,,,,27800000000,-0.131,27600000000,-0.138,,18000000000,,58.96,,,,,,,,,,,,,,,,,,,,,,true,true,12,2019-04-01,2020-03-31,0
2020-04-22,30920,2019-03-31,,118405000000,,,,,,25654000000,,25717000000,,,15985000000,,52.20,,,,,,,,,,,,,,,,,,,,,,true,false,12,2018-04-01,2019-03-31,-1
2020-04-28,30920,2020-03-31,,125517000000,0.060,,,,,27888000000,0.087,27644000000,0.075,,18804000000,,61.60,,0.659,0.319,0.222,,94186000000,34534000000,0.367,113.11,34533000000,24789000000,-5987000000,-6771000000,33602000000,,0.487,,,,,,true,false,12,2019-04-01,2020-03-31,0
2020-04-28,30920,2019-03-31,,118405000000,0.203,,,,,25654000000,-0.215,25717000000,-0.214,,15985000000,,52.20,,0.505,0.344,0.217,,78961000000,22656000000,0.286,73.85,22546000000,14807000000,-6125000000,-12059000000,21560000000,,0.460,,,,,,true,false,12,2018-04-01,2019-03-31,-1
2020-04-28,30920,2020-03-31,,117238000000,0.132,,,,,25052000000,0.039,24930000000,0.027,18426000000,,0.332,60.36,,,,,,88117000000,29955000000,0.340,98.12,29954000000,,,,,30.00,,,,311644285,6349103,305295182,false,false,12,2019-04-01,2020-03-31,0
2020-04-28,30920,2019-03-31,,103523000000,0.231,,,,,24110000000,-0.218,24265000000,-0.217,13830000000,,-0.264,45.17,,,,,,73452000000,18431000000,0.249,60.01,18321000000,,,,,24.00,,,,311644285,6349103,306214590,false,false,12,2018-04-01,2019-03-31,-1
2020-07-30,30920,2021-03-31,1,33674000000,0.194,,,,,10423000000,0.339,10473000000,0.375,,7321000000,,23.98,,,,,,92390000000,36380000000,0.394,,36378000000,,,,,,,,,,,,true,false,3,2020-04-01,2020-06-30,0
2020-07-30,30920,2020-03-31,1,28197000000,0.062,,,,,7786000000,0.326,7618000000,0.300,,5326000000,,17.45,,,,,,,,,,,,,,,,,,,,,,true,false,3,2019-04-01,2019-06-30,-1
2020-07-30,30920,2021-03-31,1,143700000000,0.145,,,,,39500000000,0.416,39500000000,0.429,,27600000000,,90.40,,,,,,,,,,,,,,,,,,,,,,true,true,12,2020-04-01,2021-03-31,0
2020-07-30,30920,2020-03-31,1,,,,,,,,,,,,,,,,,,,,94186000000,34534000000,0.367,,34533000000,,,,,,,,,,,,true,false,12,2019-04-01,2020-03-31,-1
2020-07-30,30920,2020-03-31,1,,,,,,,,,,,,,,,,,,,,,,,,,,,,,30.00,,,,311644285,6349103,,false,false,12,2019-04-01,2020-03-31,-1
2020-07-30,30920,2021-03-31,1,,,,,,,,,,,,,,,,,,,,,,,,,,,,,37.00,,,,,,,false,true,12,2020-04-01,2021-03-31,0
2020-07-30,30920,2021-03-31,1,,,,,,,,,,,,,,,,,,,,,,,,,,,,,,,,,311644285,6349103,305295182,false,false,3,2020-04-01,2020-06-30,0
2020-07-30,30920,2020-03-31,1,,,,,,,,,,,,,,,,,,,,,,,,,,,,,,,,,,,305295182,false,false,3,2019-04-01,2019-06-30,-1
2020-10-29,30920,2021-03-31,2,66492000000,0.162,,,,,19905000000,0.502,19957000000,0.529,,13943000000,,45.67,,,,,,101143000000,43258000000,0.427,,43185000000,,,,,,,,,,,,true,false,6,2020-04-01,2020-09-30,0
2020-10-29,30920,2020-03-31,2,57242000000,0.065,,,,,13254000000,0.318,13052000000,0.304,,7919000000,,25.94,,,,,,,,,,,,,,,,,,,,,,true,false,6,2019-04-01,2019-09-30,-1
2020-10-29,30920,2021-03-31,2,143700000000,0.145,,,,,39500000000,0.416,39500000000,0.429,,27600000000,,90.40,,,,,,,,,,,,,,,,,,,,,,true,true,12,2020-04-01,2021-03-31,0
2020-10-29,30920,2020-03-31,2,,,,,,,,,,,,,,,,,,,,94186000000,34534000000,0.367,,34533000000,,,,,,,,,,,,true,false,12,2019-04-01,2020-03-31,-1
2020-10-29,30920,2020-03-31,2,,,,,,,,,,,,,,,,,,,,,,,,,,,,,30.00,,,,311644285,6349103,,false,false,12,2019-04-01,2020-03-31,-1
2020-10-29,30920,2021-03-31,2,,,,,,,,,,,,,,,,,,,,,,,,,,,,,15.00,,,,,,,false,false,12,2020-04-01,2021-03-31,0
2020-10-29,30920,2021-03-31,2,,,,,,,,,,,,,,,,,,,,,,,,,,,,,37.00,,,,,,,false,true,12,2020-04-01,2021-03-31,0
2020-10-29,30920,2021-03-31,2,,,,,,,,,,,,,,,,,,,,,,,,,,,,,,,,,311644285,6279913,305322646,false,false,6,2020-04-01,2020-09-30,0
2020-10-29,30920,2020-03-31,2,,,,,,,,,,,,,,,,,,,,,,,,,,,,,,,,,,,305295182,false,false,6,2019-04-01,2019-09-30,-1
2021-01-29,30920,2021-03-31,3,108480000000,0.181,,,,,33785000000,0.743,33891000000,0.763,,23725000000,,77.70,,,,,,116482000000,48464000000,0.415,,48374000000,,,,,,,,,,,,true,false,9,2020-04-01,2020-12-31,0
2021-01-29,30920,2020-03-31,3,91887000000,0.024,,,,,19385000000,-0.060,19224000000,-0.071,,12172000000,,39.87,,,,,,,,,,,,,,,,,,,,,,true,false,9,2019-04-01,2019-12-31,-1
2021-01-29,30920,2021-03-31,3,145000000000,0.155,,,,,41500000000,0.488,41600000000,0.505,,28500000000,,93.34,,,,,,,,,,,,,,,,,,,,,,true,true,12,2020-04-01,2021-03-31,0
2021-01-29,30920,2020-03-31,3,,,,,,,,,,,,,,,,,,,,94186000000,34534000000,0.367,,34533000000,,,,,,,,,,,,true,false,12,2019-04-01,2020-03-31,-1
2021-01-29,30920,2020-03-31,3,,,,,,,,,,,,,,,,,,,,,,,,,,,,,30.00,,,,311644285,6349103,,false,false,12,2019-04-01,2020-03-31,-1
2021-01-29,30920,2021-03-31,3,,,,,,,,,,,,,,,,,,,,,,,,,,,,,15.00,,,,,,,false,false,12,2020-04-01,2021-03-31,0
2021-01-29,30920,2021-03-31,3,,,,,,,,,,,,,,,,,,,,,,,,,,,,,38.00,,,,,,,false,true,12,2020-04-01,2021-03-31,0
2021-01-29,30920,2021-03-31,3,,,,,,,,,,,,,,,,,,,,,,,,,,,,,,,,,311644285,6279913,305336554,false,false,9,2020-04-01,2020-12-31,0
2021-01-29,30920,2020-03-31,3,,,,,,,,,,,,,,,,,,,,,,,,,,,,,,,,,,,305295182,false,false,9,2019-04-01,2019-12-31,-1
2021-01-29,30920,2021-03-31,,145000000000,0.009,,,,,41500000000,0.051,41600000000,0.053,,28500000000,,93.34,,,,,,,,,,,,,,,,,,,,,,true,true,12,2020-04-01,2021-03-31,0
2021-01-29,30920,2020-03-31,,125517000000,,,,,,27888000000,,27644000000,,,18804000000,,61.60,,,,,,,,,,,,,,,,,,,,,,true,false,12,2019-04-01,2020-03-31,-1
2021-01-29,30920,2021-03-31,,,,,,,,,,,,,,,,,,,,,,,,,,,,,,38.00,,,,,,,false,true,12,2020-04-01,2021-03-31,0
2021-01-29,30920,2021-03-31,,,,,,,,,,,,,,,,,,,,,,,,,,,,,,15.00,,,,,,,false,false,12,2020-04-01,2021-03-31,0
2021-01-29,30920,2020-03-31,,,,,,,,,,,,,,,,,,,,,,,,,,,,,,30.00,,,,,,,false,false,12,2019-04-01,2020-03-31,-1
2021-04-27,30920,2021-03-31,,147402000000,0.174,,,,,44144000000,0.583,44386000000,0.606,,30932000000,,101.30,,0.688,0.404,0.299,,125656000000,55507000000,0.441,181.53,55433000000,44790000000,-4648000000,-12117000000,61648000000,,0.405,,,,,,true,false,12,2020-04-01,2021-03-31,0
2021-04-27,30920,2020-03-31,,125517000000,0.060,,,,,27888000000,0.087,27644000000,0.075,,18804000000,,61.60,,0.659,0.319,0.222,,94186000000,34534000000,0.367,113.11,34533000000,24789000000,-5987000000,-6771000000,33602000000,,0.487,,,,,,true,false,12,2019-04-01,2020-03-31,-1
2021-04-27,30920,2022-03-31,,162600000000,0.103,,,,,47800000000,0.083,47800000000,0.077,,33300000000,,109.05,,,,,,,,,,,,,,,,0.504,,,,,,true,true,12,2021-04-01,2022-03-31,1
2021-04-27,30920,2020-03-31,,,,,,,,,,,,,,,,,,,,,,,,,,,,,,30.00,,,,311644285,6349103,305295182,false,false,12,2019-04-01,2020-03-31,-1
2021-04-27,30920,2021-03-31,,,,,,,,,,,,,,,,,,,,,,,,,,,,,,41.00,,,,311644285,6279914,305343395,false,false,12,2020-04-01,2021-03-31,0
2021-04-27,30920,2022-03-31,,,,,,,,,,,,,,,,,,,,,,,,,,,,,,55.00,,,,,,,false,true,12,2021-04-01,2022-03-31,1
,30920,2021-03-31,,,,,,,,,,,,,,,,,,,,,,,,,,,,,,41.00,,,,,,,false,true,12,2020-04-01,2021-03-31,0
,30920,2021-03-31,,,,,,,,,,,,,,,,,,,,,,,,,,,,,,15.00,,,,,,,false,false,12,2020-04-01,2021-03-31,0
,30920,2020-03-31,,,,,,,,,,,,,,,,,,,,,,,,,,,,,,30.00,,,,,,,false,false,12,2019-04-01,2020-03-31,-1
2021-07-29,30920,2022-03-31,1,38866000000,0.154,,,,,12591000000,0.208,12534000000,0.197,,8731000000,,28.91,,,,,,85726000000,24392000000,0.283,,24287000000,,,,,,,,,,,,true,false,3,2021-04-01,2021-06-30,0
2021-07-29,30920,2021-03-31,1,33674000000,0.194,,,,,10423000000,0.339,10473000000,0.375,,7321000000,,23.98,,,,,,,,,,,,,,,,,,,,,,true,false,3,2020-04-01,2020-06-30,-1
2021-07-29,30920,2022-03-31,1,162600000000,0.103,,,,,47800000000,0.083,47800000000,0.077,,33300000000,,109.05,,,,,,,,,,,,,,,,,,,,,,true,true,12,2021-04-01,2022-03-31,0
2021-07-29,30920,2021-03-31,1,,,,,,,,,,,,,,,,,,,,125656000000,55507000000,0.441,,55433000000,,,,,,,,,,,,true,false,12,2020-04-01,2021-03-31,-1
2021-07-29,30920,2021-03-31,1,,,,,,,,,,,,,,,,,,,,,,,,,,,,,41.00,,,,311644285,6279914,,false,false,12,2020-04-01,2021-03-31,-1
2021-07-29,30920,2022-03-31,1,,,,,,,,,,,,,,,,,,,,,,,,,,,,,55.00,,,,,,,false,true,12,2021-04-01,2022-03-31,0
2021-07-29,30920,2022-03-31,1,,,,,,,,,,,,,,,,,,,,,,,,,,,,,,,,,311644285,14823939,302021058,false,false,3,2021-04-01,2021-06-30,0
2021-07-29,30920,2021-03-31,1,,,,,,,,,,,,,,,,,,,,,,,,,,,,,,,,,,,305295182,false,false,3,2020-04-01,2020-06-30,-1
2021-10-28,30920,2022-03-31,2,76212000000,0.146,,,,,23791000000,0.195,23759000000,0.191,,16541000000,,55.14,,,,,,105076000000,43425000000,0.412,,43305000000,,,,,,,,,,,,true,false,6,2021-04-01,2021-09-30,0
2021-10-28,30920,2021-03-31,2,66492000000,0.162,,,,,19905000000,0.502,19957000000,0.529,,13943000000,,45.67,,,,,,,,,,,,,,,,,,,,,,true,false,6,2020-04-01,2020-09-30,-1
2021-10-28,30920,2022-03-31,2,162600000000,0.103,,,,,47800000000,0.083,47800000000,0.077,,33300000000,,109.05,,,,,,,,,,,,,,,,,,,,,,true,true,12,2021-04-01,2022-03-31,0
2021-10-28,30920,2021-03-31,2,,,,,,,,,,,,,,,,,,,,125656000000,55507000000,0.441,,55433000000,,,,,,,,,,,,true,false,12,2020-04-01,2021-03-31,-1
2021-10-28,30920,2021-03-31,2,,,,,,,,,,,,,,,,,,,,,,,,,,,,,41.00,,,,311644285,6279914,,false,false,12,2020-04-01,2021-03-31,-1
2021-10-28,30920,2022-03-31,2,,,,,,,,,,,,,,,,,,,,,,,,,,,,,22.00,,,,,,,false,false,12,2021-04-01,2022-03-31,0
2021-10-28,30920,2022-03-31,2,,,,,,,,,,,,,,,,,,,,,,,,,,,,,55.00,,,,,,,false,true,12,2021-04-01,2022-03-31,0
2021-10-28,30920,2022-03-31,2,,,,,,,,,,,,,,,,,,,,,,,,,,,,,,,,,311644285,11903539,299978462,false,false,6,2021-04-01,2021-09-30,0
2021-10-28,30920,2021-03-31,2,,,,,,,,,,,,,,,,,,,,,,,,,,,,,,,,,,,305322646,false,false,6,2020-04-01,2020-09-30,-1
2022-01-28,30920,2022-03-31,3,123778000000,0.141,,,,,38779000000,0.148,38756000000,0.144,,26653000000,,88.87,88.87,,,,,119713000000,47255000000,0.393,,47100000000,,,,,,,,,,,,true,false,9,2021-04-01,2021-12-31,0
2022-01-28,30920,2021-03-31,3,108480000000,0.181,,,,,33785000000,0.743,33891000000,0.763,,23725000000,,77.70,,,,,,,,,,,,,,,,,,,,,,true,false,9,2020-04-01,2020-12-31,-1
2022-01-28,30920,2022-03-31,3,162600000000,0.103,,,,,47800000000,0.083,47800000000,0.077,,33300000000,,109.05,,,,,,,,,,,,,,,,,,,,,,true,true,12,2021-04-01,2022-03-31,0
2022-01-28,30920,2021-03-31,3,,,,,,,,,,,,,,,,,,,,125656000000,55507000000,0.441,,55433000000,,,,,,,,,,,,true,false,12,2020-04-01,2021-03-31,-1
2022-01-28,30920,2021-03-31,3,,,,,,,,,,,,,,,,,,,,,,,,,,,,,41.00,,,,311644285,6279914,,false,false,12,2020-04-01,2021-03-31,-1
2022-01-28,30920,2022-03-31,3,,,,,,,,,,,,,,,,,,,,,,,,,,,,,22.00,,,,,,,false,false,12,2021-04-01,2022-03-31,0
2022-01-28,30920,2022-03-31,3,,,,,,,,,,,,,,,,,,,,,,,,,,,,,55.00,,,,,,,false,true,12,2021-04-01,2022-03-31,0
2022-01-28,30920,2022-03-31,3,,,,,,,,,,,,,,,,,,,,,,,,,,,,,,,,,311644285,11833667,299918547,false,false,9,2021-04-01,2021-12-31,0
2022-01-28,30920,2021-03-31,3,,,,,,,,,,,,,,,,,,,,,,,,,,,,,,,,,,,305336554,false,false,9,2020-04-01,2020-12-31,-1
2022-04-27,30920,2022-03-31,,166199000000,0.128,,,,,49656000000,0.125,49655000000,0.119,,34492000000,,115.02,115.01,0.625,0.393,0.299,,127276000000,55099000000,0.432,183.23,54932000000,39895000000,-1283000000,-34823000000,65520000000,,0.504,,,,,,true,false,12,2021-04-01,2022-03-31,0
2022-04-27,30920,2021-03-31,,147402000000,0.174,,,,,44144000000,0.583,44386000000,0.606,,30932000000,,101.30,,0.688,0.404,0.299,,125656000000,55507000000,0.441,181.53,55433000000,44790000000,-4648000000,-12117000000,61648000000,,0.405,,,,,,true,false,12,2020-04-01,2021-03-31,-1
2022-04-27,30920,2023-03-31,,181300000000,0.091,,,,,51500000000,0.037,51500000000,0.037,,35900000000,,119.74,,,,,,,,,,,,,,,,0.501,,,,,,true,true,12,2022-04-01,2023-03-31,1
2022-04-27,30920,2021-03-31,,,,,,,,,,,,,,,,,,,,,,,,,,,,,,41.00,,,,311644285,6279914,305343395,false,false,12,2020-04-01,2021-03-31,-1
2022-04-27,30920,2022-03-31,,,,,,,,,,,,,,,,,,,,,,,,,,,,,,58.00,,,,311644285,11840467,299891989,false,false,12,2021-04-01,2022-03-31,0
2022-04-27,30920,2023-03-31,,,,,,,,,,,,,,,,,,,,,,,,,,,,,,60.00,,,,,,,false,true,12,2022-04-01,2023-03-31,1
2022-07-29,30920,2023-03-31,1,42590000000,0.096,,,,,14312000000,0.137,14296000000,0.141,,9960000000,,33.23,,,,,,119810000000,54391000000,0.453,,54240000000,,,,,,,,,,,,true,false,3,2022-04-01,2022-06-30,0
2022-07-29,30920,2022-03-31,1,38866000000,0.154,,,,,12591000000,0.208,12534000000,0.197,,8731000000,,28.91,,,,,,,,,,,,,,,,,,,,,,true,false,3,2021-04-01,2021-06-30,-1
2022-07-29,30920,2023-03-31,1,181300000000,0.091,,,,,51500000000,0.037,51500000000,0.037,,35900000000,,119.74,,,,,,,,,,,,,,,,,,,,,,true,true,12,2022-04-01,2023-03-31,0
2022-07-29,30920,2022-03-31,1,,,,,,,,,,,,,,,,,,,,127276000000,55099000000,0.432,,54932000000,,,,,,,,,,,,true,false,12,2021-04-01,2022-03-31,-1
2022-07-29,30920,2022-03-31,1,,,,,,,,,,,,,,,,,,,,,,,,,,,,,58.00,,,,311644285,11840467,,false,false,12,2021-04-01,2022-03-31,-1
2022-07-29,30920,2023-03-31,1,,,,,,,,,,,,,,,,,,,,,,,,,,,,,60.00,,,,,,,false,true,12,2022-04-01,2023-03-31,0
2022-07-29,30920,2023-03-31,1,,,,,,,,,,,,,,,,,,,,,,,,,,,,,,,,,311644285,11847304,299801526,false,false,3,2022-04-01,2022-06-30,0
2022-07-29,30920,2022-03-31,1,,,,,,,,,,,,,,,,,,,,,,,,,,,,,,,,,,,302021058,false,false,3,2021-04-01,2021-06-30,-1
2022-10-28,30920,2023-03-31,2,83767000000,0.099,,,,,27210000000,0.144,27433000000,0.155,,19067000000,,63.60,,,,,,129142000000,63707000000,0.492,,63575000000,,,,,,,,,,,,true,false,6,2022-04-01,2022-09-30,0
2022-10-28,30920,2022-03-31,2,76212000000,0.146,,,,,23791000000,0.195,23759000000,0.191,,16541000000,,55.14,,,,,,,,,,,,,,,,,,,,,,true,false,6,2021-04-01,2021-09-30,-1
2022-10-28,30920,2023-03-31,2,181300000000,0.091,,,,,51500000000,0.037,51500000000,0.037,,35900000000,,119.74,,,,,,,,,,,,,,,,,,,,,,true,true,12,2022-04-01,2023-03-31,0
2022-10-28,30920,2022-03-31,2,,,,,,,,,,,,,,,,,,,,127276000000,55099000000,0.432,,54932000000,,,,,,,,,,,,true,false,12,2021-04-01,2022-03-31,-1
2022-10-28,30920,2022-03-31,2,,,,,,,,,,,,,,,,,,,,,,,,,,,,,58.00,,,,311644285,11840467,,false,false,12,2021-04-01,2022-03-31,-1
2022-10-28,30920,2023-03-31,2,,,,,,,,,,,,,,,,,,,,,,,,,,,,,24.00,,,,,,,false,false,12,2022-04-01,2023-03-31,0
2022-10-28,30920,2023-03-31,2,,,,,,,,,,,,,,,,,,,,,,,,,,,,,60.00,,,,,,,false,true,12,2022-04-01,2023-03-31,0
2022-10-28,30920,2023-03-31,2,,,,,,,,,,,,,,,,,,,,,,,,,,,,,,,,,311644285,11787504,299819404,false,false,6,2022-04-01,2022-09-30,0
2022-10-28,30920,2022-03-31,2,,,,,,,,,,,,,,,,,,,,,,,,,,,,,,,,,,,299978462,false,false,6,2021-04-01,2021-09-30,-1
2023-01-31,30920,2023-03-31,3,136467000000,0.103,,,,,44635000000,0.151,44872000000,0.158,,31213000000,,104.10,,,,,,143760000000,68507000000,0.475,,68350000000,,,,,,,,,,,,true,false,9,2022-04-01,2022-12-31,0
2023-01-31,30920,2022-03-31,3,123778000000,0.141,,,,,38779000000,0.148,38756000000,0.144,,26653000000,,88.87,88.87,,,,,,,,,,,,,,,,,,,,,true,false,9,2021-04-01,2021-12-31,-1
2023-01-31,30920,2023-03-31,3,181300000000,0.091,,,,,55000000000,0.108,55200000000,0.112,,38400000000,,128.07,,,,,,,,,,,,,,,,,,,,,,true,true,12,2022-04-01,2023-03-31,0
2023-01-31,30920,2022-03-31,3,,,,,,,,,,,,,,,,,,,,127276000000,55099000000,0.432,,54932000000,,,,,,,,,,,,true,false,12,2021-04-01,2022-03-31,-1
2023-01-31,30920,2022-03-31,3,,,,,,,,,,,,,,,,,,,,,,,,,,,,,58.00,,,,311644285,11840467,,false,false,12,2021-04-01,2022-03-31,-1
2023-01-31,30920,2023-03-31,3,,,,,,,,,,,,,,,,,,,,,,,,,,,,,24.00,,,,,,,false,false,12,2022-04-01,2023-03-31,0
2023-01-31,30920,2023-03-31,3,,,,,,,,,,,,,,,,,,,,,,,,,,,,,65.00,,,,,,,false,true,12,2022-04-01,2023-03-31,0
2023-01-31,30920,2023-03-31,3,,,,,,,,,,,,,,,,,,,,,,,,,,,,,,,,,311644285,11787504,299831863,false,false,9,2022-04-01,2022-12-31,0
2023-01-31,30920,2022-03-31,3,,,,,,,,,,,,,,,,,,,,,,,,,,,,,,,,,,,299918547,false,false,9,2021-04-01,2021-12-31,-1
2023-04-27,30920,2023-03-31,,183423000000,0.104,,,,,56421000000,0.136,56716000000,0.142,,39526000000,,131.83,,0.601,0.401,0.308,,155742000000,76693000000,0.492,255.31,76556000000,36671000000,-10588000000,-17738000000,74145000000,,0.493,,,,,,true,false,12,2022-04-01,2023-03-31,0
2023-04-27,30920,2022-03-31,,166199000000,0.128,,,,,49656000000,0.125,49655000000,0.119,,34492000000,,115.02,115.01,0.625,0.393,0.299,,127276000000,55099000000,0.432,183.23,54932000000,39895000000,-1283000000,-34823000000,65520000000,,0.504,,,,,,true,false,12,2021-04-01,2022-03-31,-1
2023-04-27,30920,2024-03-31,,200700000000,0.094,,,,,60000000000,0.063,60000000000,0.058,,42000000000,,140.07,,,,,,,,,,,,,,,,0.507,,,,,,true,true,12,2023-04-01,2024-03-31,1
2023-04-27,30920,2022-03-31,,,,,,,,,,,,,,,,,,,,,,,,,,,,,,58.00,,,,311644285,11840467,299891989,false,false,12,2021-04-01,2022-03-31,-1
2023-04-27,30920,2023-03-31,,,,,,,,,,,,,,,,,,,,,,,,,,,,,,65.00,,,,311644285,11787504,299837990,false,false,12,2022-04-01,2023-03-31,0
2023-04-27,30920,2024-03-31,,,,,,,,,,,,,,,,,,,,,,,,,,,,,,71.00,,,,,,,false,true,12,2023-04-01,2024-03-31,1
2023-07-31,30920,2024-03-31,1,45871000000,0.077,,,,,15862000000,0.108,15943000000,0.115,,11204000000,,37.36,,,,,,144854000000,75794000000,0.522,,75677000000,,,,,,,,,,,,true,false,3,2023-04-01,2023-06-30,0
2023-07-31,30920,2023-03-31,1,42590000000,0.096,,,,,14312000000,0.137,14296000000,0.141,,9960000000,,33.23,,,,,,,,,,,,,,,,,,,,,,true,false,3,2022-04-01,2022-06-30,-1
2023-07-31,30920,2024-03-31,1,200700000000,0.094,,,,,60000000000,0.063,60000000000,0.058,,42000000000,,140.07,,,,,,,,,,,,,,,,,,,,,,true,true,12,2023-04-01,2024-03-31,0
2023-07-31,30920,2023-03-31,1,,,,,,,,,,,,,,,,,,,,155742000000,76693000000,0.492,,76556000000,,,,,,,,,,,,true,false,12,2022-04-01,2023-03-31,-1
2023-07-31,30920,2023-03-31,1,,,,,,,,,,,,,,,,,,,,,,,,,,,,,65.00,,,,311644285,11787504,,false,false,12,2022-04-01,2023-03-31,-1
2023-07-31,30920,2024-03-31,1,,,,,,,,,,,,,,,,,,,,,,,,,,,,,71.00,,,,,,,false,true,12,2023-04-01,2024-03-31,0
2023-07-31,30920,2024-03-31,1,,,,,,,,,,,,,,,,,,,,,,,,,,,,,,,,,311644285,11787504,299856781,false,false,3,2023-04-01,2023-06-30,0
2023-07-31,30920,2023-03-31,1,,,,,,,,,,,,,,,,,,,,,,,,,,,,,,,,,,,299801526,false,false,3,2022-04-01,2022-06-30,-1
2023-10-31,30920,2024-03-31,2,90217000000,0.077,,,,,28931000000,0.063,29104000000,0.061,,20314000000,,67.73,,,,,,158452000000,85326000000,0.538,,85176000000,,,,,,,,,,,,true,false,6,2023-04-01,2023-09-30,0
2023-10-31,30920,2023-03-31,2,83767000000,0.099,,,,,27210000000,0.144,27433000000,0.155,,19067000000,,63.60,,,,,,,,,,,,,,,,,,,,,,true,false,6,2022-04-01,2022-09-30,-1
2023-10-31,30920,2024-03-31,2,200700000000,0.094,,,,,60000000000,0.063,60000000000,0.058,,42000000000,,140.07,,,,,,,,,,,,,,,,,,,,,,true,true,12,2023-04-01,2024-03-31,0
2023-10-31,30920,2023-03-31,2,,,,,,,,,,,,,,,,,,,,155742000000,76693000000,0.492,,76556000000,,,,,,,,,,,,true,false,12,2022-04-01,2023-03-31,-1
2023-10-31,30920,2023-03-31,2,,,,,,,,,,,,,,,,,,,,,,,,,,,,,65.00,,,,311644285,11787504,,false,false,12,2022-04-01,2023-03-31,-1
2023-10-31,30920,2024-03-31,2,,,,,,,,,,,,,,,,,,,,,,,,,,,,,49.00,,,,,,,false,false,12,2023-04-01,2024-03-31,0
2023-10-31,30920,2024-03-31,2,,,,,,,,,,,,,,,,,,,,,,,,,,,,,98.00,,,,,,,false,true,12,2023-04-01,2024-03-31,0
2023-10-31,30920,2024-03-31,2,,,,,,,,,,,,,,,,,,,,,,,,,,,,,,,,,311644285,11563454,299947287,false,false,6,2023-04-01,2023-09-30,0
2023-10-31,30920,2023-03-31,2,,,,,,,,,,,,,,,,,,,,,,,,,,,,,,,,,,,299819404,false,false,6,2022-04-01,2022-09-30,-1
2024-01-31,30920,2024-03-31,3,147568000000,0.081,,,,,45698000000,0.024,45906000000,0.023,,32470000000,,108.31,,,,,,158558000000,77285000000,0.487,,77285000000,,,,,,,,,,,,true,false,9,2023-04-01,2023-12-31,0
2024-01-31,30920,2023-03-31,3,136467000000,0.103,,,,,44635000000,0.151,44872000000,0.158,,31213000000,,104.10,,,,,,,,,,,,,,,,,,,,,,true,false,9,2022-04-01,2022-12-31,-1
2024-01-31,30920,2024-03-31,3,200700000000,0.094,,,,,60000000000,0.063,60000000000,0.058,,42000000000,,140.07,,,,,,,,,,,,,,,,,,,,,,true,true,12,2023-04-01,2024-03-31,0
2024-01-31,30920,2023-03-31,3,,,,,,,,,,,,,,,,,,,,155742000000,76693000000,0.492,,76556000000,,,,,,,,,,,,true,false,12,2022-04-01,2023-03-31,-1
2024-01-31,30920,2023-03-31,3,,,,,,,,,,,,,,,,,,,,,,,,,,,,,65.00,,,,311644285,11787504,,false,false,12,2022-04-01,2023-03-31,-1
2024-01-31,30920,2024-03-31,3,,,,,,,,,,,,,,,,,,,,,,,,,,,,,49.00,,,,,,,false,false,12,2023-04-01,2024-03-31,0
2024-01-31,30920,2024-03-31,3,,,,,,,,,,,,,,,,,,,,,,,,,,,,,98.00,,,,,,,false,true,12,2023-04-01,2024-03-31,0
2024-01-31,30920,2024-03-31,3,,,,,,,,,,,,,,,,,,,,,,,,,,,,,,,,,300474181,2088350,299800950,false,false,9,2023-04-01,2023-12-31,0
2024-01-31,30920,2023-03-31,3,,,,,,,,,,,,,,,,,,,,,,,,,,,,,,,,,,,299831863,false,false,9,2022-04-01,2022-12-31,-1
2024-04-30,30920,2024-03-31,,197016000000,0.074,,,,,60079000000,0.065,59764000000,0.054,,44341000000,,148.19,,0.550,0.376,0.305,,161862000000,84744000000,0.524,285.38,84744000000,42589000000,-9879000000,-37138000000,69748000000,,0.702,,,,,,true,false,12,2023-04-01,2024-03-31,0
2024-04-30,30920,2023-03-31,,183423000000,0.104,,,,,56421000000,0.136,56716000000,0.142,,39526000000,,131.83,,0.601,0.401,0.308,,155742000000,76693000000,0.492,255.31,76556000000,36671000000,-10588000000,-17738000000,74145000000,,0.493,,,,,,true,false,12,2022-04-01,2023-03-31,-1
2024-04-30,30920,2025-03-31,,214400000000,0.088,,,,,64200000000,0.069,64200000000,0.074,,45200000000,,152.21,,,,,,,,,,,,,,,,0.703,,,,,,true,true,12,2024-04-01,2025-03-31,1
2024-04-30,30920,2023-03-31,,,,,,,,,,,,,,,,,,,,,,,,,,,,,,65.00,,,,311644285,11787504,299837990,false,false,12,2022-04-01,2023-03-31,-1
2024-04-30,30920,2024-03-31,,,,,,,,,,,,,,,,,,,,,,,,,,,,,,104.00,,,,300474181,3523250,299214294,false,false,12,2023-04-01,2024-03-31,0
2024-04-30,30920,2025-03-31,,,,,,,,,,,,,,,,,,,,,,,,,,,,,,107.00,,,,,,,false,true,12,2024-04-01,2025-03-31,1
2024-07-31,30920,2025-03-31,1,50387000000,0.098,,,,,15895000000,0.002,15892000000,-0.003,,11109000000,,37.41,,,,,,152030000000,79736000000,0.524,,79735000000,,,,,,,,,,,,true,false,3,2024-04-01,2024-06-30,0
2024-07-31,30920,2024-03-31,1,45871000000,0.077,,,,,15862000000,0.108,15943000000,0.115,,11204000000,,37.36,,,,,,,,,,,,,,,,,,,,,,true,false,3,2023-04-01,2023-06-30,-1
2024-07-31,30920,2025-03-31,1,214400000000,0.088,,,,,64200000000,0.069,64200000000,0.074,,45200000000,,152.21,,,,,,,,,,,,,,,,,,,,,,true,true,12,2024-04-01,2025-03-31,0
2024-07-31,30920,2024-03-31,1,,,,,,,,,,,,,,,,,,,,161862000000,84744000000,0.524,,84744000000,,,,,,,,,,,,true,false,12,2023-04-01,2024-03-31,-1
2024-07-31,30920,2024-03-31,1,,,,,,,,,,,,,,,,,,,,,,,,,,,,,104.00,,,,300474181,3523250,,false,false,12,2023-04-01,2024-03-31,-1
2024-07-31,30920,2025-03-31,1,,,,,,,,,,,,,,,,,,,,,,,,,,,,,107.00,,,,,,,false,true,12,2024-04-01,2025-03-31,0
2024-07-31,30920,2025-03-31,1,,,,,,,,,,,,,,,,,,,,,,,,,,,,,,,,,300474181,3523251,296950930,false,false,3,2024-04-01,2024-06-30,0
2024-07-31,30920,2024-03-31,1,,,,,,,,,,,,,,,,,,,,,,,,,,,,,,,,,,,299856781,false,false,3,2023-04-01,2023-06-30,-1
2024-08-09,30920,2025-03-31,1,50387000000,0.098,,,,,15895000000,0.002,15892000000,-0.003,,11109000000,,37.41,,,,,,152030000000,79736000000,0.524,,79735000000,,,,,,,,,,,,true,false,3,2024-04-01,2024-06-30,0
2024-08-09,30920,2024-03-31,1,45871000000,0.077,,,,,15862000000,0.108,15943000000,0.115,,11204000000,,37.36,,,,,,,,,,,,,,,,,,,,,,true,false,3,2023-04-01,2023-06-30,-1
2024-08-09,30920,2025-03-31,1,214400000000,0.088,,,,,64200000000,0.069,64200000000,0.074,,45200000000,,152.21,,,,,,,,,,,,,,,,,,,,,,true,true,12,2024-04-01,2025-03-31,0
2024-08-09,30920,2024-03-31,1,,,,,,,,,,,,,,,,,,,,161862000000,84744000000,0.524,,84744000000,,,,,,,,,,,,true,false,12,2023-04-01,2024-03-31,-1
2024-08-09,30920,2024-03-31,1,,,,,,,,,,,,,,,,,,,,,,,,,,,,,104.00,,,,300474181,3523250,,false,false,12,2023-04-01,2024-03-31,-1
2024-08-09,30920,2025-03-31,1,,,,,,,,,,,,,,,,,,,,,,,,,,,,,107.00,,,,,,,false,true,12,2024-04-01,2025-03-31,0
2024-08-09,30920,2025-03-31,1,,,,,,,,,,,,,,,,,,,,,,,,,,,,,,,,,300474181,3523251,296950930,false,false,3,2024-04-01,2024-06-30,0
2024-08-09,30920,2024-03-31,1,,,,,,,,,,,,,,,,,,,,,,,,,,,,,,,,,,,299856781,false,false,3,2023-04-01,2023-06-30,-1
2024-10-31,30920,2025-03-31,2,98801000000,0.095,,,,,30475000000,0.053,30513000000,0.048,,21130000000,,71.16,,,,,,164561000000,89583000000,0.544,,89583000000,,,,,,,,,,,,true,false,6,2024-04-01,2024-09-30,0
2024-10-31,30920,2024-03-31,2,90217000000,0.077,,,,,28931000000,0.063,29104000000,0.061,,20314000000,,67.73,,,,,,,,,,,,,,,,,,,,,,true,false,6,2023-04-01,2023-09-30,-1
2024-10-31,30920,2025-03-31,2,214400000000,0.088,,,,,64200000000,0.069,64200000000,0.074,,45200000000,,152.21,,,,,,,,,,,,,,,,,,,,,,true,true,12,2024-04-01,2025-03-31,0
2024-10-31,30920,2024-03-31,2,,,,,,,,,,,,,,,,,,,,161862000000,84744000000,0.524,,84744000000,,,,,,,,,,,,true,false,12,2023-04-01,2024-03-31,-1
2024-10-31,30920,2024-03-31,2,,,,,,,,,,,,,,,,,,,,,,,,,,,,,104.00,,,,300474181,3523250,,false,false,12,2023-04-01,2024-03-31,-1
2024-10-31,30920,2025-03-31,2,,,,,,,,,,,,,,,,,,,,,,,,,,,,,53.00,,,,,,,false,false,12,2024-04-01,2025-03-31,0
2024-10-31,30920,2025-03-31,2,,,,,,,,,,,,,,,,,,,,,,,,,,,,,107.00,,,,,,,false,true,12,2024-04-01,2025-03-31,0
2024-10-31,30920,2025-03-31,2,,,,,,,,,,,,,,,,,,,,,,,,,,,,,,,,,300474181,3509303,296956098,false,false,6,2024-04-01,2024-09-30,0
2024-10-31,30920,2024-03-31,2,,,,,,,,,,,,,,,,,,,,,,,,,,,,,,,,,,,299947287,false,false,6,2023-04-01,2023-09-30,-1
2025-01-31,30920,2025-03-31,3,161076000000,0.092,,,,,51761000000,0.133,51829000000,0.129,,35943000000,,121.04,,,,,,178318000000,88880000000,0.498,,88880000000,,,,,,,,,,,,true,false,9,2024-04-01,2024-12-31,0
2025-01-31,30920,2024-03-31,3,147568000000,0.081,,,,,45698000000,0.024,45906000000,0.023,,32470000000,,108.31,,,,,,,,,,,,,,,,,,,,,,true,false,9,2023-04-01,2023-12-31,-1
2025-01-31,30920,2025-03-31,3,214400000000,0.088,,,,,64200000000,0.069,64200000000,0.074,,45200000000,,152.21,,,,,,,,,,,,,,,,,,,,,,true,true,12,2024-04-01,2025-03-31,0
2025-01-31,30920,2024-03-31,3,,,,,,,,,,,,,,,,,,,,161862000000,84744000000,0.524,,84744000000,,,,,,,,,,,,true,false,12,2023-04-01,2024-03-31,-1
2025-01-31,30920,2024-03-31,3,,,,,,,,,,,,,,,,,,,,,,,,,,,,,104.00,,,,300474181,3523250,,false,false,12,2023-04-01,2024-03-31,-1
2025-01-31,30920,2025-03-31,3,,,,,,,,,,,,,,,,,,,,,,,,,,,,,53.00,,,,,,,false,false,12,2024-04-01,2025-03-31,0
2025-01-31,30920,2025-03-31,3,,,,,,,,,,,,,,,,,,,,,,,,,,,,,107.00,,,,,,,false,true,12,2024-04-01,2025-03-31,0
2025-01-31,30920,2025-03-31,3,,,,,,,,,,,,,,,,,,,,,,,,,,,,,,,,,300474181,3520203,296957840,false,false,9,2024-04-01,2024-12-31,0
2025-01-31,30920,2024-03-31,3,,,,,,,,,,,,,,,,,,,,,,,,,,,,,,,,,,,299800950,false,false,9,2023-04-01,2023-12-31,-1
2025-02-12,30920,2025-03-31,3,161076000000,0.092,,,,,51761000000,0.133,51829000000,0.129,,35943000000,,121.04,,,,,,178318000000,88880000000,0.498,,88880000000,,,,,,,,,,,,true,false,9,2024-04-01,2024-12-31,0
2025-02-12,30920,2024-03-31,3,147568000000,0.081,,,,,45698000000,0.024,45906000000,0.023,,32470000000,,108.31,,,,,,,,,,,,,,,,,,,,,,true,false,9,2023-04-01,2023-12-31,-1
2025-02-12,30920,2025-03-31,3,214400000000,0.088,,,,,64200000000,0.069,64200000000,0.074,,45200000000,,152.21,,,,,,,,,,,,,,,,,,,,,,true,true,12,2024-04-01,2025-03-31,0
2025-02-12,30920,2024-03-31,3,,,,,,,,,,,,,,,,,,,,161862000000,84744000000,0.524,,84744000000,,,,,,,,,,,,true,false,12,2023-04-01,2024-03-31,-1
2025-02-12,30920,2024-03-31,3,,,,,,,,,,,,,,,,,,,,,,,,,,,,,104.00,,,,300474181,3523250,,false,false,12,2023-04-01,2024-03-31,-1
2025-02-12,30920,2025-03-31,3,,,,,,,,,,,,,,,,,,,,,,,,,,,,,53.00,,,,,,,false,false,12,2024-04-01,2025-03-31,0
2025-02-12,30920,2025-03-31,3,,,,,,,,,,,,,,,,,,,,,,,,,,,,,107.00,,,,,,,false,true,12,2024-04-01,2025-03-31,0
2025-02-12,30920,2025-03-31,3,,,,,,,,,,,,,,,,,,,,,,,,,,,,,,,,,300474181,3520203,296957840,false,false,9,2024-04-01,2024-12-31,0
2025-02-12,30920,2024-03-31,3,,,,,,,,,,,,,,,,,,,,,,,,,,,,,,,,,,,299800950,false,false,9,2023-04-01,2023-12-31,-1
2025-04-30,30920,2025-03-31,,213131000000,0.082,,,,,64756000000,0.078,64888000000,0.086,,45346000000,,50.90,,0.494,0.371,0.304,,187810000000,98719000000,0.526,110.81,98719000000,60114000000,-6285000000,-32081000000,91486000000,,0.701,,,,,,true,false,12,2024-04-01,2025-03-31,0
2025-04-30,30920,2024-03-31,,197016000000,0.074,,,,,60079000000,0.065,59764000000,0.054,,44341000000,,49.40,,0.550,0.376,0.305,,161862000000,84744000000,0.524,95.13,84744000000,42589000000,-9879000000,-37138000000,69748000000,,0.702,,,,,,true,false,12,2023-04-01,2024-03-31,-1
2025-04-30,30920,2026-03-31,,224100000000,0.051,,,,,69800000000,0.078,69800000000,0.076,,48500000000,,54.44,,,,,,,,,,,,,,,,0.716,,,,,,true,true,12,2025-04-01,2026-03-31,1
2025-04-30,30920,2024-03-31,,,,,,,,,,,,,,,,,,,,,,,,,,,,,,104.00,,,,901422543,10569750,897642881,false,false,12,2023-04-01,2024-03-31,-1
2025-04-30,30920,2025-03-31,,,,,,,,,,,,,,,,,,,,,,,,,,,,,,107.00,,,,901422543,10560621,890870670,false,false,12,2024-04-01,2025-03-31,0
2025-04-30,30920,2026-03-31,,,,,,,,,,,,,,,,,,,,,,,,,,,,,,39.00,,,,,,,false,true,12,2025-04-01,2026-03-31,1
