filing_date,code,fiscal_year_end,quarterly_period,net_sales,net_sales_change,revenue,revenue_change,operating_revenue,operating_revenue_change,operating_profit,operating_profit_change,ordinary_profit,ordinary_profit_change,net_income,net_income_of_parent,net_income_change,eps,diluted_eps,roe,roa,operating_profit_to_net_sales,operating_profit_to_revenue,total_assets,net_assets,equity_ratio,bps,owner_equity,operating_cash_flow,investing_cash_flow,financing_cash_flow,cash,dividend_per_share,payout_ratio,commemorative_dividend,extra_dividend,number_of_shares,number_of_treqsury_shares,avg_number_of_shares,is_consolidated,is_forecast,duration,period_start,period_end,period_pos
2015-05-13,31040,2015-03-31,,41173000000,0.047,,,,,4366000000,0.464,4471000000,0.472,2382000000,,0.345,20.42,,0.102,0.096,0.106,,48677000000,24830000000,0.510,212.87,24830000000,5513000000,-3459000000,-1017000000,3239000000,,0.294,,,,,,true,false,12,2014-04-01,2015-03-31,0
2015-05-13,31040,2014-03-31,,39313000000,-0.041,,,,,2981000000,-0.492,3037000000,-0.463,1770000000,,-0.437,15.18,,0.082,0.068,0.076,,44679000000,22027000000,0.493,188.81,22027000000,2966000000,-3632000000,-354000000,2109000000,,0.329,,,,,,true,false,12,2013-04-01,2014-03-31,-1
2015-05-13,31040,2016-03-31,,21200000000,0.016,,,,,2500000000,0.016,2550000000,0.044,,1500000000,,12.86,,,,,,,,,,,,,,,,,,,,,,true,true,6,2015-04-01,2015-09-30,1
2015-05-13,31040,2016-03-31,,42500000000,0.032,,,,,4800000000,0.099,4900000000,0.096,,2900000000,,24.86,,,,,,,,,,,,,,,,,,,,,,true,true,12,2015-04-01,2016-03-31,1
2015-05-13,31040,2015-03-31,,,,,,4467000000,0.248,1463000000,1.051,1571000000,1.031,1093000000,,0.252,9.37,,,,,,32228000000,20023000000,0.621,171.66,20023000000,,,,,6.00,,,,117200000,549494,116656969,false,false,12,2014-04-01,2015-03-31,0
2015-05-13,31040,2014-03-31,,,,,,3580000000,-0.106,713000000,-0.472,773000000,-0.442,873000000,,-0.068,7.49,,,,,,30982000000,18888000000,0.610,161.91,18888000000,,,,,5.00,,,,117200000,537727,116664507,false,false,12,2013-04-01,2014-03-31,-1
2015-05-13,31040,2016-03-31,,,,,,,,,,,,,,,,,,,,,,,,,,,,,,6.00,,,,,,,false,true,12,2015-04-01,2016-03-31,1
2015-07-31,31040,2016-03-31,1,9337000000,-0.050,,,,,783000000,-0.176,838000000,-0.117,,529000000,,4.54,,,,,,48373000000,24756000000,0.512,,24756000000,,,,,,,,,,,,true,false,3,2015-04-01,2015-06-30,0
2015-07-31,31040,2015-03-31,1,9832000000,0.033,,,,,950000000,0.395,949000000,0.332,,539000000,,4.63,,,,,,,,,,,,,,,,,,,,,,true,false,3,2014-04-01,2014-06-30,-1
2015-07-31,31040,2016-03-31,1,19500000000,-0.066,,,,,2000000000,-0.187,2050000000,-0.161,,1250000000,,10.72,,,,,,,,,,,,,,,,,,,,,,true,true,6,2015-04-01,2015-09-30,0
2015-07-31,31040,2016-03-31,1,42500000000,0.032,,,,,4800000000,0.099,4900000000,0.096,,2900000000,,24.86,,,,,,,,,,,,,,,,,,,,,,true,true,12,2015-04-01,2016-03-31,0
2015-07-31,31040,2015-03-31,1,,,,,,,,,,,,,,,,,,,,48677000000,24830000000,0.510,,24830000000,,,,,,,,,,,,true,false,12,2014-04-01,2015-03-31,-1
2015-07-31,31040,2015-03-31,1,,,,,,,,,,,,,,,,,,,,,,,,,,,,,6.00,,,,117200000,549494,,false,false,12,2014-04-01,2015-03-31,-1
2015-07-31,31040,2016-03-31,1,,,,,,,,,,,,,,,,,,,,,,,,,,,,,6.00,,,,,,,false,true,12,2015-04-01,2016-03-31,0
2015-07-31,31040,2016-03-31,1,,,,,,,,,,,,,,,,,,,,,,,,,,,,,,,,,117200000,550280,116650247,false,false,3,2015-04-01,2015-06-30,0
2015-07-31,31040,2015-03-31,1,,,,,,,,,,,,,,,,,,,,,,,,,,,,,,,,,,,116661190,false,false,3,2014-04-01,2014-06-30,-1
2015-10-30,31040,2016-03-31,2,18932000000,-0.093,,,,,1788000000,-0.273,1884000000,-0.229,,1208000000,,10.36,,,,,,48971000000,25272000000,0.516,,25272000000,,,,,,,,,,,,true,false,6,2015-04-01,2015-09-30,0
2015-10-30,31040,2015-03-31,2,20871000000,0.093,,,,,2461000000,0.690,2443000000,0.628,,1433000000,,12.29,,,,,,,,,,,,,,,,,,,,,,true,false,6,2014-04-01,2014-09-30,-1
2015-10-30,31040,2016-03-31,2,40200000000,-0.024,,,,,3400000000,-0.221,3500000000,-0.217,,2200000000,,18.86,,,,,,,,,,,,,,,,,,,,,,true,true,12,2015-04-01,2016-03-31,0
2015-10-30,31040,2015-03-31,2,,,,,,,,,,,,,,,,,,,,48677000000,24830000000,0.510,,24830000000,,,,,,,,,,,,true,false,12,2014-04-01,2015-03-31,-1
2015-10-30,31040,2015-03-31,2,,,,,,,,,,,,,,,,,,,,,,,,,,,,,6.00,,,,117200000,549494,,false,false,12,2014-04-01,2015-03-31,-1
2015-10-30,31040,2016-03-31,2,,,,,,,,,,,,,,,,,,,,,,,,,,,,,0.00,,,,,,,false,false,12,2015-04-01,2016-03-31,0
2015-10-30,31040,2016-03-31,2,,,,,,,,,,,,,,,,,,,,,,,,,,,,,6.00,,,,,,,false,true,12,2015-04-01,2016-03-31,0
2015-10-30,31040,2016-03-31,2,,,,,,,,,,,,,,,,,,,,,,,,,,,,,,,,,117200000,551224,116649751,false,false,6,2015-04-01,2015-09-30,0
2015-10-30,31040,2015-03-31,2,,,,,,,,,,,,,,,,,,,,,,,,,,,,,,,,,,,116659578,false,false,6,2014-04-01,2014-09-30,-1
2016-01-29,31040,2016-03-31,3,28278000000,-0.104,,,,,2781000000,-0.273,2879000000,-0.252,,2329000000,,20.02,,,,,,49357000000,25936000000,0.525,,25936000000,,,,,,,,,,,,true,false,9,2015-04-01,2015-12-31,0
2016-01-29,31040,2015-03-31,3,31560000000,0.058,,,,,3827000000,0.524,3851000000,0.495,,2330000000,,19.98,,,,,,,,,,,,,,,,,,,,,,true,false,9,2014-04-01,2014-12-31,-1
2016-01-29,31040,2016-03-31,3,40200000000,-0.024,,,,,3400000000,-0.221,3500000000,-0.217,,2500000000,,21.57,,,,,,,,,,,,,,,,,,,,,,true,true,12,2015-04-01,2016-03-31,0
2016-01-29,31040,2015-03-31,3,,,,,,,,,,,,,,,,,,,,48677000000,24830000000,0.510,,24830000000,,,,,,,,,,,,true,false,12,2014-04-01,2015-03-31,-1
2016-01-29,31040,2015-03-31,3,,,,,,,,,,,,,,,,,,,,,,,,,,,,,6.00,,,,117200000,549494,,false,false,12,2014-04-01,2015-03-31,-1
2016-01-29,31040,2016-03-31,3,,,,,,,,,,,,,,,,,,,,,,,,,,,,,0.00,,,,,,,false,false,12,2015-04-01,2016-03-31,0
2016-01-29,31040,2016-03-31,3,,,,,,,,,,,,,,,,,,,,,,,,,,,,,6.00,,,,,,,false,true,12,2015-04-01,2016-03-31,0
2016-01-29,31040,2016-03-31,3,,,,,,,,,,,,,,,,,,,,,,,,,,,,,,,,,117200000,2791574,116371477,false,false,9,2015-04-01,2015-12-31,0
2016-01-29,31040,2015-03-31,3,,,,,,,,,,,,,,,,,,,,,,,,,,,,,,,,,,,116658275,false,false,9,2014-04-01,2014-12-31,-1
2016-05-13,31040,2016-03-31,,38117000000,-0.074,,,,,3624000000,-0.170,3724000000,-0.167,,3015000000,,26.02,,0.118,0.079,0.095,,45858000000,26445000000,0.577,231.16,26445000000,4507000000,-1224000000,-2356000000,4099000000,,0.269,,,,,,true,false,12,2015-04-01,2016-03-31,0
2016-05-13,31040,2015-03-31,,41173000000,0.047,,,,,4366000000,0.464,4471000000,0.472,,2382000000,,20.42,,0.102,0.096,0.106,,48677000000,24830000000,0.510,212.87,24830000000,5513000000,-3459000000,-1017000000,3239000000,,0.294,,,,,,true,false,12,2014-04-01,2015-03-31,-1
2016-05-13,31040,2017-03-31,,21600000000,0.141,,,,,2880000000,0.610,2930000000,0.554,,2030000000,,17.74,,,,,,,,,,,,,,,,,,,,,,true,true,6,2016-04-01,2016-09-30,1
2016-05-13,31040,2017-03-31,,42000000000,0.102,,,,,4500000000,0.242,4600000000,0.235,,3200000000,,27.97,,,,,,,,,,,,,,,,,,,,,,true,true,12,2016-04-01,2017-03-31,1
2016-05-13,31040,2016-03-31,,,,,,4580000000,0.025,1539000000,0.052,1762000000,0.121,2201000000,,1.014,19.00,,,,,,31957000000,20882000000,0.653,182.53,20882000000,,,,,7.00,,,,117200000,2794407,115883111,false,false,12,2015-04-01,2016-03-31,0
2016-05-13,31040,2015-03-31,,,,,,4467000000,0.248,1463000000,1.051,1571000000,1.031,1093000000,,0.252,9.37,,,,,,32228000000,20023000000,0.621,171.66,20023000000,,,,,6.00,,,,117200000,549494,116656969,false,false,12,2014-04-01,2015-03-31,-1
2016-05-13,31040,2017-03-31,,,,,,,,,,,,,,,,,,,,,,,,,,,,,,7.00,,,,,,,false,true,12,2016-04-01,2017-03-31,1
,31040,2017-03-31,,,,,,,,,,,,,,,,,,,,,,,,,,,,,,70.00,,,,,,,false,true,12,2016-04-01,2017-03-31,0
,31040,2016-03-31,,,,,,,,,,,,,,,,,,,,,,,,,,,,,,7.00,,,,,,,false,false,12,2015-04-01,2016-03-31,-1
2016-07-29,31040,2017-03-31,1,10606000000,0.136,,,,,2257000000,1.883,2342000000,1.793,,1624000000,,14.20,,,,,,45773000000,26998000000,0.590,,26998000000,,,,,,,,,,,,true,false,3,2016-04-01,2016-06-30,0
2016-07-29,31040,2016-03-31,1,9337000000,-0.050,,,,,783000000,-0.176,838000000,-0.117,,529000000,,4.54,,,,,,,,,,,,,,,,,,,,,,true,false,3,2015-04-01,2015-06-30,-1
2016-07-29,31040,2017-03-31,1,21100000000,0.114,,,,,3700000000,1.068,3750000000,0.990,,2300000000,,20.10,,,,,,,,,,,,,,,,,,,,,,true,true,6,2016-04-01,2016-09-30,0
2016-07-29,31040,2017-03-31,1,41500000000,0.089,,,,,5500000000,0.517,5600000000,0.503,,3500000000,,305.93,,,,,,,,,,,,,,,,,,,,,,true,true,12,2016-04-01,2017-03-31,0
2016-07-29,31040,2016-03-31,1,,,,,,,,,,,,,,,,,,,,45858000000,26445000000,0.577,,26445000000,,,,,,,,,,,,true,false,12,2015-04-01,2016-03-31,-1
2016-07-29,31040,2016-03-31,1,,,,,,,,,,,,,,,,,,,,,,,,,,,,,7.00,,,,117200000,2794407,,false,false,12,2015-04-01,2016-03-31,-1
2016-07-29,31040,2017-03-31,1,,,,,,,,,,,,,,,,,,,,,,,,,,,,,70.00,,,,,,,false,true,12,2016-04-01,2017-03-31,0
2016-07-29,31040,2017-03-31,1,,,,,,,,,,,,,,,,,,,,,,,,,,,,,,,,,117200000,2794947,114405458,false,false,3,2016-04-01,2016-06-30,0
2016-07-29,31040,2016-03-31,1,,,,,,,,,,,,,,,,,,,,,,,,,,,,,,,,,,,116650247,false,false,3,2015-04-01,2015-06-30,-1
2016-10-28,31040,2017-03-31,2,21516000000,0.137,,,,,4641000000,1.594,4769000000,1.530,,3060000000,,267.48,,,,,,48367000000,28432000000,0.588,,28432000000,,,,,,,,,,,,true,false,6,2016-04-01,2016-09-30,0
2016-10-28,31040,2016-03-31,2,18932000000,-0.093,,,,,1788000000,-0.273,1884000000,-0.229,,1208000000,,103.62,,,,,,,,,,,,,,,,,,,,,,true,false,6,2015-04-01,2015-09-30,-1
2016-10-28,31040,2017-03-31,2,41500000000,0.089,,,,,6400000000,0.766,6600000000,0.772,,4100000000,,358.39,,,,,,,,,,,,,,,,,,,,,,true,true,12,2016-04-01,2017-03-31,0
2016-10-28,31040,2016-03-31,2,,,,,,,,,,,,,,,,,,,,45858000000,26445000000,0.577,,26445000000,,,,,,,,,,,,true,false,12,2015-04-01,2016-03-31,-1
2016-10-28,31040,2016-03-31,2,,,,,,,,,,,,,,,,,,,,,,,,,,,,,7.00,,,,11720000,279440,,false,false,12,2015-04-01,2016-03-31,-1
2016-10-28,31040,2017-03-31,2,,,,,,,,,,,,,,,,,,,,,,,,,,,,,0.00,,,,,,,false,false,12,2016-04-01,2017-03-31,0
2016-10-28,31040,2017-03-31,2,,,,,,,,,,,,,,,,,,,,,,,,,,,,,70.00,,,,,,,false,true,12,2016-04-01,2017-03-31,0
2016-10-28,31040,2017-03-31,2,,,,,,,,,,,,,,,,,,,,,,,,,,,,,,,,,11720000,279805,11440427,false,false,6,2016-04-01,2016-09-30,0
2016-10-28,31040,2016-03-31,2,,,,,,,,,,,,,,,,,,,,,,,,,,,,,,,,,,,11664975,false,false,6,2015-04-01,2015-09-30,-1
2016-10-28,31040,2017-03-31,,21516000000,0.020,,,,,4641000000,0.254,4769000000,0.272,,3060000000,,267.48,,,,,,,,,,,,,,,,,,,,,,true,true,6,2016-04-01,2016-09-30,0
2016-10-28,31040,2016-03-31,,18932000000,,,,,,1788000000,,1884000000,,,1208000000,,103.62,,,,,,,,,,,,,,,,,,,,,,true,false,6,2015-04-01,2015-09-30,-1
2016-10-28,31040,2017-03-31,,41500000000,,,,,,6400000000,0.164,6600000000,0.179,,4100000000,,358.39,,,,,,,,,,,,,,,,,,,,,,true,true,12,2016-04-01,2017-03-31,0
2016-10-28,31040,2016-03-31,,38117000000,,,,,,3624000000,,3724000000,,,3015000000,,260.19,,,,,,,,,,,,,,,,,,,,,,true,false,12,2015-04-01,2016-03-31,-1
2017-01-31,31040,2017-03-31,3,31968000000,0.131,,,,,6099000000,1.192,6248000000,1.170,,4035000000,,352.73,,,,,,46781000000,29728000000,0.635,,29728000000,,,,,,,,,,,,true,false,9,2016-04-01,2016-12-31,0
2017-01-31,31040,2016-03-31,3,28278000000,-0.104,,,,,2781000000,-0.273,2879000000,-0.252,,2329000000,,200.21,,,,,,,,,,,,,,,,,,,,,,true,false,9,2015-04-01,2015-12-31,-1
2017-01-31,31040,2017-03-31,3,41500000000,0.089,,,,,6400000000,0.766,6600000000,0.772,,4100000000,,358.41,,,,,,,,,,,,,,,,,,,,,,true,true,12,2016-04-01,2017-03-31,0
2017-01-31,31040,2016-03-31,3,,,,,,,,,,,,,,,,,,,,45858000000,26445000000,0.577,,26445000000,,,,,,,,,,,,true,false,12,2015-04-01,2016-03-31,-1
2017-01-31,31040,2016-03-31,3,,,,,,,,,,,,,,,,,,,,,,,,,,,,,7.00,,,,11720000,279440,,false,false,12,2015-04-01,2016-03-31,-1
2017-01-31,31040,2017-03-31,3,,,,,,,,,,,,,,,,,,,,,,,,,,,,,0.00,,,,,,,false,false,12,2016-04-01,2017-03-31,0
2017-01-31,31040,2017-03-31,3,,,,,,,,,,,,,,,,,,,,,,,,,,,,,70.00,,,,,,,false,true,12,2016-04-01,2017-03-31,0
2017-01-31,31040,2017-03-31,3,,,,,,,,,,,,,,,,,,,,,,,,,,,,,,,,,11720000,280468,11440273,false,false,9,2016-04-01,2016-12-31,0
2017-01-31,31040,2016-03-31,3,,,,,,,,,,,,,,,,,,,,,,,,,,,,,,,,,,,11637147,false,false,9,2015-04-01,2015-12-31,-1
2017-05-12,31040,2017-03-31,,40878000000,0.072,,,,,6816000000,0.881,7076000000,0.900,,4344000000,,379.80,,0.154,0.148,0.167,,50044000000,30149000000,0.602,2635.60,30149000000,7994000000,-851000000,-2515000000,8697000000,,0.237,,,,,,true,false,12,2016-04-01,2017-03-31,0
2017-05-12,31040,2016-03-31,,38117000000,-0.074,,,,,3624000000,-0.170,3724000000,-0.167,,3015000000,,260.19,,0.118,0.079,0.095,,45858000000,26445000000,0.577,2311.59,26445000000,4507000000,-1224000000,-2356000000,4099000000,,0.269,,,,,,true,false,12,2015-04-01,2016-03-31,-1
2017-05-12,31040,2018-03-31,,19800000000,-0.080,,,,,2270000000,-0.511,2370000000,-0.503,,1530000000,,133.75,,,,,,,,,,,,,,,,,,,,,,true,true,6,2017-04-01,2017-09-30,1
2017-05-12,31040,2018-03-31,,40000000000,-0.021,,,,,4500000000,-0.340,4700000000,-0.336,,3000000000,,262.25,,,,,,,,,,,,,,,,,,,,,,true,true,12,2017-04-01,2018-03-31,1
2017-05-12,31040,2017-03-31,,,,,,6620000000,0.445,3783000000,1.458,3530000000,1.004,3113000000,,0.414,272.18,,,,,,32759000000,23355000000,0.713,2041.67,23355000000,,,,,90.00,,,,11720000,280654,11440076,false,false,12,2016-04-01,2017-03-31,0
2017-05-12,31040,2016-03-31,,,,,,4580000000,0.025,1539000000,0.052,1762000000,0.121,2201000000,,1.014,190.00,,,,,,31957000000,20882000000,0.653,1825.34,20882000000,,,,,7.00,,,,11720000,279440,11588311,false,false,12,2015-04-01,2016-03-31,-1
2017-05-12,31040,2018-03-31,,,,,,,,,,,,,,,,,,,,,,,,,,,,,,90.00,,,,,,,false,true,12,2017-04-01,2018-03-31,1
2017-07-28,31040,2018-03-31,1,8913000000,-0.160,,,,,1053000000,-0.534,1243000000,-0.469,,805000000,,70.45,,,,,,46843000000,30074000000,0.642,,30074000000,,,,,,,,,,,,true,false,3,2017-04-01,2017-06-30,0
2017-07-28,31040,2017-03-31,1,10606000000,0.136,,,,,2257000000,1.883,2342000000,1.793,,1624000000,,142.04,,,,,,,,,,,,,,,,,,,,,,true,false,3,2016-04-01,2016-06-30,-1
2017-07-28,31040,2018-03-31,1,19800000000,-0.080,,,,,2270000000,-0.511,2370000000,-0.503,,1530000000,,133.75,,,,,,,,,,,,,,,,,,,,,,true,true,6,2017-04-01,2017-09-30,0
2017-07-28,31040,2018-03-31,1,40000000000,-0.021,,,,,4500000000,-0.340,4700000000,-0.336,,3000000000,,262.25,,,,,,,,,,,,,,,,,,,,,,true,true,12,2017-04-01,2018-03-31,0
2017-07-28,31040,2017-03-31,1,,,,,,,,,,,,,,,,,,,,50044000000,30149000000,0.602,,30149000000,,,,,,,,,,,,true,false,12,2016-04-01,2017-03-31,-1
2017-07-28,31040,2017-03-31,1,,,,,,,,,,,,,,,,,,,,,,,,,,,,,90.00,,,,11720000,280654,,false,false,12,2016-04-01,2017-03-31,-1
2017-07-28,31040,2018-03-31,1,,,,,,,,,,,,,,,,,,,,,,,,,,,,,90.00,,,,,,,false,true,12,2017-04-01,2018-03-31,0
2017-07-28,31040,2018-03-31,1,,,,,,,,,,,,,,,,,,,,,,,,,,,,,,,,,11720000,280733,11439313,false,false,3,2017-04-01,2017-06-30,0
2017-07-28,31040,2017-03-31,1,,,,,,,,,,,,,,,,,,,,,,,,,,,,,,,,,,,11440545,false,false,3,2016-04-01,2016-06-30,-1
2017-10-31,31040,2018-03-31,2,17589000000,-0.183,,,,,1963000000,-0.577,2180000000,-0.543,,1441000000,,125.97,,,,,,48240000000,30806000000,0.639,,30806000000,,,,,,,,,,,,true,false,6,2017-04-01,2017-09-30,0
2017-10-31,31040,2017-03-31,2,21516000000,0.137,,,,,4641000000,1.594,4769000000,1.530,,3060000000,,267.48,,,,,,,,,,,,,,,,,,,,,,true,false,6,2016-04-01,2016-09-30,-1
2017-10-31,31040,2018-03-31,2,38000000000,-0.070,,,,,4200000000,-0.384,4500000000,-0.364,,2900000000,,253.52,,,,,,,,,,,,,,,,,,,,,,true,true,12,2017-04-01,2018-03-31,0
2017-10-31,31040,2017-03-31,2,,,,,,,,,,,,,,,,,,,,50044000000,30149000000,0.602,,30149000000,,,,,,,,,,,,true,false,12,2016-04-01,2017-03-31,-1
2017-10-31,31040,2017-03-31,2,,,,,,,,,,,,,,,,,,,,,,,,,,,,,90.00,,,,11720000,280654,,false,false,12,2016-04-01,2017-03-31,-1
2017-10-31,31040,2018-03-31,2,,,,,,,,,,,,,,,,,,,,,,,,,,,,,0.00,,,,,,,false,false,12,2017-04-01,2018-03-31,0
2017-10-31,31040,2018-03-31,2,,,,,,,,,,,,,,,,,,,,,,,,,,,,,90.00,,,,,,,false,true,12,2017-04-01,2018-03-31,0
2017-10-31,31040,2018-03-31,2,,,,,,,,,,,,,,,,,,,,,,,,,,,,,,,,,11720000,280943,11439249,false,false,6,2017-04-01,2017-09-30,0
2017-10-31,31040,2017-03-31,2,,,,,,,,,,,,,,,,,,,,,,,,,,,,,,,,,,,11440427,false,false,6,2016-04-01,2016-09-30,-1
2018-01-31,31040,2018-03-31,3,26947000000,-0.157,,,,,3213000000,-0.473,3473000000,-0.444,,2429000000,,212.42,,,,,,47101000000,31815000000,0.675,,31815000000,,,,,,,,,,,,true,false,9,2017-04-01,2017-12-31,0
2018-01-31,31040,2017-03-31,3,31968000000,0.131,,,,,6099000000,1.192,6248000000,1.170,,4035000000,,352.73,,,,,,,,,,,,,,,,,,,,,,true,false,9,2016-04-01,2016-12-31,-1
2018-01-31,31040,2018-03-31,3,38000000000,-0.070,,,,,4200000000,-0.384,4500000000,-0.364,,2900000000,,253.52,,,,,,,,,,,,,,,,,,,,,,true,true,12,2017-04-01,2018-03-31,0
2018-01-31,31040,2017-03-31,3,,,,,,,,,,,,,,,,,,,,50044000000,30149000000,0.602,,30149000000,,,,,,,,,,,,true,false,12,2016-04-01,2017-03-31,-1
2018-01-31,31040,2017-03-31,3,,,,,,,,,,,,,,,,,,,,,,,,,,,,,90.00,,,,11720000,280654,,false,false,12,2016-04-01,2017-03-31,-1
2018-01-31,31040,2018-03-31,3,,,,,,,,,,,,,,,,,,,,,,,,,,,,,0.00,,,,,,,false,false,12,2017-04-01,2018-03-31,0
2018-01-31,31040,2018-03-31,3,,,,,,,,,,,,,,,,,,,,,,,,,,,,,90.00,,,,,,,false,true,12,2017-04-01,2018-03-31,0
2018-01-31,31040,2018-03-31,3,,,,,,,,,,,,,,,,,,,,,,,,,,,,,,,,,11720000,281095,11439162,false,false,9,2017-04-01,2017-12-31,0
2018-01-31,31040,2017-03-31,3,,,,,,,,,,,,,,,,,,,,,,,,,,,,,,,,,,,11440273,false,false,9,2016-04-01,2016-12-31,-1
2018-05-11,31040,2018-03-31,,35891000000,-0.122,,,,,3989000000,-0.415,4269000000,-0.397,,2908000000,,254.22,,0.093,0.086,0.111,,48716000000,32148000000,0.660,2810.48,32148000000,3698000000,-5309000000,-2434000000,4694000000,,0.393,,,,,,true,false,12,2017-04-01,2018-03-31,0
2018-05-11,31040,2017-03-31,,40878000000,0.072,,,,,6816000000,0.881,7076000000,0.900,,4344000000,,379.80,,0.154,0.148,0.167,,50044000000,30149000000,0.602,2635.60,30149000000,7994000000,-851000000,-2515000000,8697000000,,0.237,,,,,,true,false,12,2016-04-01,2017-03-31,-1
2018-05-11,31040,2019-03-31,,19000000000,0.080,,,,,2160000000,0.100,2260000000,0.036,,1540000000,,134.63,,,,,,,,,,,,,,,,,,,,,,true,true,6,2018-04-01,2018-09-30,1
2018-05-11,31040,2019-03-31,,40000000000,0.114,,,,,4780000000,0.198,4980000000,0.166,,3400000000,,297.23,,,,,,,,,,,,,,,,,,,,,,true,true,12,2018-04-01,2019-03-31,1
2018-05-11,31040,2018-03-31,,,,,,4823000000,-0.271,1898000000,-0.498,2159000000,-0.388,2164000000,,-0.305,189.18,,,,,,32225000000,24389000000,0.757,2132.18,24389000000,,,,,100.00,,,,11720000,281205,11439079,false,false,12,2017-04-01,2018-03-31,0
2018-05-11,31040,2017-03-31,,,,,,6620000000,0.445,3783000000,1.458,3530000000,1.004,3113000000,,0.414,272.18,,,,,,32759000000,23355000000,0.713,2041.67,23355000000,,,,,90.00,,,,11720000,280654,11440076,false,false,12,2016-04-01,2017-03-31,-1
2018-05-11,31040,2019-03-31,,,,,,,,,,,,,,,,,,,,,,,,,,,,,,100.00,,,,,,,false,true,12,2018-04-01,2019-03-31,1
2018-07-31,31040,2019-03-31,1,8268000000,-0.072,,,,,825000000,-0.217,886000000,-0.287,,579000000,,50.64,,,,,,47465000000,31603000000,0.666,,31603000000,,,,,,,,,,,,true,false,3,2018-04-01,2018-06-30,0
2018-07-31,31040,2018-03-31,1,8913000000,-0.160,,,,,1053000000,-0.534,1243000000,-0.469,,805000000,,70.45,,,,,,,,,,,,,,,,,,,,,,true,false,3,2017-04-01,2017-06-30,-1
2018-07-31,31040,2019-03-31,1,19000000000,0.080,,,,,2160000000,0.100,2260000000,0.036,,1540000000,,134.63,,,,,,,,,,,,,,,,,,,,,,true,true,6,2018-04-01,2018-09-30,0
2018-07-31,31040,2019-03-31,1,40000000000,0.114,,,,,4780000000,0.198,4980000000,0.166,,3400000000,,297.23,,,,,,,,,,,,,,,,,,,,,,true,true,12,2018-04-01,2019-03-31,0
2018-07-31,31040,2018-03-31,1,,,,,,,,,,,,,,,,,,,,48390000000,32148000000,0.664,,32148000000,,,,,,,,,,,,true,false,12,2017-04-01,2018-03-31,-1
2018-07-31,31040,2018-03-31,1,,,,,,,,,,,,,,,,,,,,,,,,,,,,,100.00,,,,11720000,281205,,false,false,12,2017-04-01,2018-03-31,-1
2018-07-31,31040,2019-03-31,1,,,,,,,,,,,,,,,,,,,,,,,,,,,,,100.00,,,,,,,false,true,12,2018-04-01,2019-03-31,0
2018-07-31,31040,2019-03-31,1,,,,,,,,,,,,,,,,,,,,,,,,,,,,,,,,,11720000,281466,11438650,false,false,3,2018-04-01,2018-06-30,0
2018-07-31,31040,2018-03-31,1,,,,,,,,,,,,,,,,,,,,,,,,,,,,,,,,,,,11439313,false,false,3,2017-04-01,2017-06-30,-1
2018-10-31,31040,2019-03-31,2,17750000000,0.009,,,,,1745000000,-0.111,1845000000,-0.154,,1194000000,,104.43,,,,,,49811000000,32261000000,0.648,,32261000000,,,,,,,,,,,,true,false,6,2018-04-01,2018-09-30,0
2018-10-31,31040,2018-03-31,2,17589000000,-0.183,,,,,1963000000,-0.577,2180000000,-0.543,,1441000000,,125.97,,,,,,,,,,,,,,,,,,,,,,true,false,6,2017-04-01,2017-09-30,-1
2018-10-31,31040,2019-03-31,2,38300000000,0.067,,,,,4200000000,0.053,4400000000,0.031,,2900000000,,253.53,,,,,,,,,,,,,,,,,,,,,,true,true,12,2018-04-01,2019-03-31,0
2018-10-31,31040,2018-03-31,2,,,,,,,,,,,,,,,,,,,,48390000000,32148000000,0.664,,32148000000,,,,,,,,,,,,true,false,12,2017-04-01,2018-03-31,-1
2018-10-31,31040,2018-03-31,2,,,,,,,,,,,,,,,,,,,,,,,,,,,,,100.00,,,,11720000,281205,,false,false,12,2017-04-01,2018-03-31,-1
2018-10-31,31040,2019-03-31,2,,,,,,,,,,,,,,,,,,,,,,,,,,,,,50.00,,,,,,,false,false,12,2018-04-01,2019-03-31,0
2018-10-31,31040,2019-03-31,2,,,,,,,,,,,,,,,,,,,,,,,,,,,,,100.00,,,,,,,false,true,12,2018-04-01,2019-03-31,0
2018-10-31,31040,2019-03-31,2,,,,,,,,,,,,,,,,,,,,,,,,,,,,,,,,,11720000,281653,11438528,false,false,6,2018-04-01,2018-09-30,0
2018-10-31,31040,2018-03-31,2,,,,,,,,,,,,,,,,,,,,,,,,,,,,,,,,,,,11439249,false,false,6,2017-04-01,2017-09-30,-1
2019-01-31,31040,2019-03-31,3,28035000000,0.040,,,,,3048000000,-0.051,3203000000,-0.078,,2106000000,,184.15,,,,,,49900000000,32382000000,0.649,,32382000000,,,,,,,,,,,,true,false,9,2018-04-01,2018-12-31,0
2019-01-31,31040,2018-03-31,3,26947000000,-0.157,,,,,3213000000,-0.473,3473000000,-0.444,,2429000000,,212.42,,,,,,,,,,,,,,,,,,,,,,true,false,9,2017-04-01,2017-12-31,-1
2019-01-31,31040,2019-03-31,3,38300000000,0.067,,,,,4200000000,0.053,4400000000,0.031,,2900000000,,253.53,,,,,,,,,,,,,,,,,,,,,,true,true,12,2018-04-01,2019-03-31,0
2019-01-31,31040,2018-03-31,3,,,,,,,,,,,,,,,,,,,,48390000000,32148000000,0.664,,32148000000,,,,,,,,,,,,true,false,12,2017-04-01,2018-03-31,-1
2019-01-31,31040,2018-03-31,3,,,,,,,,,,,,,,,,,,,,,,,,,,,,,100.00,,,,11720000,281205,,false,false,12,2017-04-01,2018-03-31,-1
2019-01-31,31040,2019-03-31,3,,,,,,,,,,,,,,,,,,,,,,,,,,,,,50.00,,,,,,,false,false,12,2018-04-01,2019-03-31,0
2019-01-31,31040,2019-03-31,3,,,,,,,,,,,,,,,,,,,,,,,,,,,,,100.00,,,,,,,false,true,12,2018-04-01,2019-03-31,0
2019-01-31,31040,2019-03-31,3,,,,,,,,,,,,,,,,,,,,,,,,,,,,,,,,,11720000,281797,11438441,false,false,9,2018-04-01,2018-12-31,0
2019-01-31,31040,2018-03-31,3,,,,,,,,,,,,,,,,,,,,,,,,,,,,,,,,,,,11439162,false,false,9,2017-04-01,2017-12-31,-1
2019-05-15,31040,2019-03-31,,37097000000,0.034,,,,,3779000000,-0.053,3983000000,-0.067,,2538000000,,221.93,,0.078,0.079,0.102,,52270000000,32778000000,0.627,2865.73,32778000000,4808000000,-3339000000,-1302000000,4830000000,,0.451,,,,,,true,false,12,2018-04-01,2019-03-31,0
2019-05-15,31040,2018-03-31,,35891000000,-0.122,,,,,3989000000,-0.415,4269000000,-0.397,,2908000000,,254.22,,0.093,0.086,0.111,,48390000000,32148000000,0.664,2810.48,32148000000,3698000000,-5309000000,-2434000000,4694000000,,0.393,,,,,,true,false,12,2017-04-01,2018-03-31,-1
2019-05-15,31040,2020-03-31,,18600000000,0.048,,,,,1700000000,-0.026,1800000000,-0.025,,1150000000,,100.54,,,,,,,,,,,,,,,,,,,,,,true,true,6,2019-04-01,2019-09-30,1
2019-05-15,31040,2020-03-31,,38700000000,0.043,,,,,3800000000,0.005,4000000000,0.004,,2600000000,,227.31,,,,,,,,,,,,,,,,,,,,,,true,true,12,2019-04-01,2020-03-31,1
2019-05-15,31040,2019-03-31,,,,,,4187000000,-0.132,1316000000,-0.307,1542000000,-0.285,1374000000,,-0.365,120.14,,,,,,31145000000,23948000000,0.769,2093.79,23948000000,,,,,100.00,,,,11720000,281911,11438363,false,false,12,2018-04-01,2019-03-31,0
2019-05-15,31040,2018-03-31,,,,,,4823000000,-0.271,1898000000,-0.498,2159000000,-0.388,2164000000,,-0.305,189.18,,,,,,32225000000,24389000000,0.757,2132.18,24389000000,,,,,100.00,,,,11720000,281205,11439079,false,false,12,2017-04-01,2018-03-31,-1
2019-05-15,31040,2020-03-31,,,,,,,,,,,,,,,,,,,,,,,,,,,,,,100.00,,,,,,,false,true,12,2019-04-01,2020-03-31,1
2019-07-31,31040,2020-03-31,1,9501000000,0.149,,,,,1003000000,0.216,1055000000,0.191,,574000000,,50.24,,,,,,51076000000,32765000000,0.642,,32765000000,,,,,,,,,,,,true,false,3,2019-04-01,2019-06-30,0
2019-07-31,31040,2019-03-31,1,8268000000,-0.072,,,,,825000000,-0.217,886000000,-0.287,,579000000,,50.64,,,,,,,,,,,,,,,,,,,,,,true,false,3,2018-04-01,2018-06-30,-1
2019-07-31,31040,2020-03-31,1,18600000000,0.048,,,,,1700000000,-0.026,1800000000,-0.025,,1150000000,,100.51,,,,,,,,,,,,,,,,,,,,,,true,true,6,2019-04-01,2019-09-30,0
2019-07-31,31040,2020-03-31,1,38700000000,0.043,,,,,3800000000,0.005,4000000000,0.004,,2600000000,,227.18,,,,,,,,,,,,,,,,,,,,,,true,true,12,2019-04-01,2020-03-31,0
2019-07-31,31040,2019-03-31,1,,,,,,,,,,,,,,,,,,,,52270000000,32778000000,0.627,,32778000000,,,,,,,,,,,,true,false,12,2018-04-01,2019-03-31,-1
2019-07-31,31040,2019-03-31,1,,,,,,,,,,,,,,,,,,,,,,,,,,,,,100.00,,,,11720000,281911,,false,false,12,2018-04-01,2019-03-31,-1
2019-07-31,31040,2020-03-31,1,,,,,,,,,,,,,,,,,,,,,,,,,,,,,100.00,,,,,,,false,true,12,2019-04-01,2020-03-31,0
2019-07-31,31040,2020-03-31,1,,,,,,,,,,,,,,,,,,,,,,,,,,,,,,,,,11720000,281986,11438045,false,false,3,2019-04-01,2019-06-30,0
2019-07-31,31040,2019-03-31,1,,,,,,,,,,,,,,,,,,,,,,,,,,,,,,,,,,,11438650,false,false,3,2018-04-01,2018-06-30,-1
2019-10-31,31040,2020-03-31,2,19666000000,0.108,,,,,2146000000,0.230,2247000000,0.218,,1338000000,,116.94,,,,,,50740000000,33605000000,0.662,,33605000000,,,,,,,,,,,,true,false,6,2019-04-01,2019-09-30,0
2019-10-31,31040,2019-03-31,2,17750000000,0.009,,,,,1745000000,-0.111,1845000000,-0.154,,1194000000,,104.43,,,,,,,,,,,,,,,,,,,,,,true,false,6,2018-04-01,2018-09-30,-1
2019-10-31,31040,2020-03-31,2,38700000000,0.043,,,,,3800000000,0.005,4000000000,0.004,,2600000000,,227.19,,,,,,,,,,,,,,,,,,,,,,true,true,12,2019-04-01,2020-03-31,0
2019-10-31,31040,2019-03-31,2,,,,,,,,,,,,,,,,,,,,52270000000,32778000000,0.627,,32778000000,,,,,,,,,,,,true,false,12,2018-04-01,2019-03-31,-1
2019-10-31,31040,2019-03-31,2,,,,,,,,,,,,,,,,,,,,,,,,,,,,,100.00,,,,11720000,281911,,false,false,12,2018-04-01,2019-03-31,-1
2019-10-31,31040,2020-03-31,2,,,,,,,,,,,,,,,,,,,,,,,,,,,,,50.00,,,,,,,false,false,12,2019-04-01,2020-03-31,0
2019-10-31,31040,2020-03-31,2,,,,,,,,,,,,,,,,,,,,,,,,,,,,,100.00,,,,,,,false,true,12,2019-04-01,2020-03-31,0
2019-10-31,31040,2020-03-31,2,,,,,,,,,,,,,,,,,,,,,,,,,,,,,,,,,11720000,272817,11441992,false,false,6,2019-04-01,2019-09-30,0
2019-10-31,31040,2019-03-31,2,,,,,,,,,,,,,,,,,,,,,,,,,,,,,,,,,,,11438528,false,false,6,2018-04-01,2018-09-30,-1
2020-01-31,31040,2020-03-31,3,29520000000,0.053,,,,,3363000000,0.103,3529000000,0.102,,2162000000,,188.93,,,,,,51857000000,33974000000,0.655,,33974000000,,,,,,,,,,,,true,false,9,2019-04-01,2019-12-31,0
2020-01-31,31040,2019-03-31,3,28035000000,0.040,,,,,3048000000,-0.051,3203000000,-0.078,,2106000000,,184.15,,,,,,,,,,,,,,,,,,,,,,true,false,9,2018-04-01,2018-12-31,-1
2020-01-31,31040,2020-03-31,3,38700000000,0.043,,,,,3800000000,0.005,4000000000,0.004,,2600000000,,227.19,,,,,,,,,,,,,,,,,,,,,,true,true,12,2019-04-01,2020-03-31,0
2020-01-31,31040,2019-03-31,3,,,,,,,,,,,,,,,,,,,,52270000000,32778000000,0.627,,32778000000,,,,,,,,,,,,true,false,12,2018-04-01,2019-03-31,-1
2020-01-31,31040,2019-03-31,3,,,,,,,,,,,,,,,,,,,,,,,,,,,,,100.00,,,,11720000,281911,,false,false,12,2018-04-01,2019-03-31,-1
2020-01-31,31040,2020-03-31,3,,,,,,,,,,,,,,,,,,,,,,,,,,,,,50.00,,,,,,,false,false,12,2019-04-01,2020-03-31,0
2020-01-31,31040,2020-03-31,3,,,,,,,,,,,,,,,,,,,,,,,,,,,,,100.00,,,,,,,false,true,12,2019-04-01,2020-03-31,0
2020-01-31,31040,2020-03-31,3,,,,,,,,,,,,,,,,,,,,,,,,,,,,,,,,,11720000,272940,11443534,false,false,9,2019-04-01,2019-12-31,0
2020-01-31,31040,2019-03-31,3,,,,,,,,,,,,,,,,,,,,,,,,,,,,,,,,,,,11438441,false,false,9,2018-04-01,2018-12-31,-1
2020-05-13,31040,2020-03-31,,38701000000,0.043,,,,,4079000000,0.079,4329000000,0.087,,2269000000,,198.27,,0.068,0.083,0.105,,52194000000,33842000000,0.648,2956.42,33842000000,6548000000,-4289000000,-2174000000,4930000000,,0.504,,,,,,true,false,12,2019-04-01,2020-03-31,0
2020-05-13,31040,2019-03-31,,37097000000,0.034,,,,,3779000000,-0.053,3983000000,-0.067,,2538000000,,221.93,,0.078,0.079,0.102,,52270000000,32778000000,0.627,2865.73,32778000000,4808000000,-3339000000,-1302000000,4830000000,,0.451,,,,,,true,false,12,2018-04-01,2019-03-31,-1
2020-05-13,31040,2020-03-31,,,,,,4020000000,-0.040,1106000000,-0.159,1276000000,-0.173,1147000000,,-0.165,100.24,,,,,,31269000000,23830000000,0.762,2081.85,23830000000,,,,,100.00,,,,11720000,272955,11444345,false,false,12,2019-04-01,2020-03-31,0
2020-05-13,31040,2019-03-31,,,,,,4187000000,-0.132,1316000000,-0.307,1542000000,-0.285,1374000000,,-0.365,120.14,,,,,,31145000000,23948000000,0.769,2093.79,23948000000,,,,,100.00,,,,11720000,281911,11438363,false,false,12,2018-04-01,2019-03-31,-1
2020-05-13,31040,2021-03-31,,,,,,,,,,,,,,,,,,,,,,,,,,,,,,100.00,,,,,,,false,true,12,2020-04-01,2021-03-31,1
2020-07-31,31040,2021-03-31,1,8624000000,-0.092,,,,,1521000000,0.516,1580000000,0.498,,1101000000,,96.21,,,,,,51697000000,34372000000,0.665,,34372000000,,,,,,,,,,,,true,false,3,2020-04-01,2020-06-30,0
2020-07-31,31040,2020-03-31,1,9501000000,0.149,,,,,1003000000,0.216,1055000000,0.191,,574000000,,50.24,,,,,,,,,,,,,,,,,,,,,,true,false,3,2019-04-01,2019-06-30,-1
2020-07-31,31040,2021-03-31,1,17400000000,-0.115,,,,,2270000000,0.057,2370000000,0.055,,1400000000,,122.27,,,,,,,,,,,,,,,,,,,,,,true,true,6,2020-04-01,2020-09-30,0
2020-07-31,31040,2021-03-31,1,35100000000,-0.093,,,,,4000000000,-0.019,4200000000,-0.030,,2500000000,,218.30,,,,,,,,,,,,,,,,,,,,,,true,true,12,2020-04-01,2021-03-31,0
2020-07-31,31040,2020-03-31,1,,,,,,,,,,,,,,,,,,,,52194000000,33842000000,0.648,,33842000000,,,,,,,,,,,,true,false,12,2019-04-01,2020-03-31,-1
2020-07-31,31040,2020-03-31,1,,,,,,,,,,,,,,,,,,,,,,,,,,,,,100.00,,,,11720000,272955,,false,false,12,2019-04-01,2020-03-31,-1
2020-07-31,31040,2021-03-31,1,,,,,,,,,,,,,,,,,,,,,,,,,,,,,100.00,,,,,,,false,true,12,2020-04-01,2021-03-31,0
2020-07-31,31040,2021-03-31,1,,,,,,,,,,,,,,,,,,,,,,,,,,,,,,,,,11720000,272984,11447030,false,false,3,2020-04-01,2020-06-30,0
2020-07-31,31040,2020-03-31,1,,,,,,,,,,,,,,,,,,,,,,,,,,,,,,,,,,,11438045,false,false,3,2019-04-01,2019-06-30,-1
2020-10-30,31040,2021-03-31,2,17814000000,-0.094,,,,,2883000000,0.343,2960000000,0.317,,2036000000,,177.89,,,,,,53941000000,35436000000,0.657,,35436000000,,,,,,,,,,,,true,false,6,2020-04-01,2020-09-30,0
2020-10-30,31040,2020-03-31,2,19666000000,0.108,,,,,2146000000,0.230,2247000000,0.218,,1338000000,,116.94,,,,,,,,,,,,,,,,,,,,,,true,false,6,2019-04-01,2019-09-30,-1
2020-10-30,31040,2021-03-31,2,35500000000,-0.083,,,,,4400000000,0.079,4600000000,0.062,,2900000000,,253.23,,,,,,,,,,,,,,,,,,,,,,true,true,12,2020-04-01,2021-03-31,0
2020-10-30,31040,2020-03-31,2,,,,,,,,,,,,,,,,,,,,52194000000,33842000000,0.648,,33842000000,,,,,,,,,,,,true,false,12,2019-04-01,2020-03-31,-1
2020-10-30,31040,2020-03-31,2,,,,,,,,,,,,,,,,,,,,,,,,,,,,,100.00,,,,11720000,272955,,false,false,12,2019-04-01,2020-03-31,-1
2020-10-30,31040,2021-03-31,2,,,,,,,,,,,,,,,,,,,,,,,,,,,,,50.00,,,,,,,false,false,12,2020-04-01,2021-03-31,0
2020-10-30,31040,2021-03-31,2,,,,,,,,,,,,,,,,,,,,,,,,,,,,,100.00,,,,,,,false,true,12,2020-04-01,2021-03-31,0
2020-10-30,31040,2021-03-31,2,,,,,,,,,,,,,,,,,,,,,,,,,,,,,,,,,11720000,265902,11450078,false,false,6,2020-04-01,2020-09-30,0
2020-10-30,31040,2020-03-31,2,,,,,,,,,,,,,,,,,,,,,,,,,,,,,,,,,,,11441992,false,false,6,2019-04-01,2019-09-30,-1
2021-01-29,31040,2021-03-31,3,27421000000,-0.071,,,,,4242000000,0.261,4380000000,0.241,,3065000000,,267.68,,,,,,54875000000,35851000000,0.653,,35851000000,,,,,,,,,,,,true,false,9,2020-04-01,2020-12-31,0
2021-01-29,31040,2020-03-31,3,29520000000,0.053,,,,,3363000000,0.103,3529000000,0.102,,2162000000,,188.93,,,,,,,,,,,,,,,,,,,,,,true,false,9,2019-04-01,2019-12-31,-1
2021-01-29,31040,2021-03-31,3,36500000000,-0.057,,,,,4900000000,0.201,5100000000,0.178,,3400000000,,296.89,,,,,,,,,,,,,,,,,,,,,,true,true,12,2020-04-01,2021-03-31,0
2021-01-29,31040,2020-03-31,3,,,,,,,,,,,,,,,,,,,,52194000000,33842000000,0.648,,33842000000,,,,,,,,,,,,true,false,12,2019-04-01,2020-03-31,-1
2021-01-29,31040,2020-03-31,3,,,,,,,,,,,,,,,,,,,,,,,,,,,,,100.00,,,,11720000,272955,,false,false,12,2019-04-01,2020-03-31,-1
2021-01-29,31040,2021-03-31,3,,,,,,,,,,,,,,,,,,,,,,,,,,,,,50.00,,,,,,,false,false,12,2020-04-01,2021-03-31,0
2021-01-29,31040,2021-03-31,3,,,,,,,,,,,,,,,,,,,,,,,,,,,,,105.00,,,,,,,false,true,12,2020-04-01,2021-03-31,0
2021-01-29,31040,2021-03-31,3,,,,,,,,,,,,,,,,,,,,,,,,,,,,,,,,,11720000,265936,11451277,false,false,9,2020-04-01,2020-12-31,0
2021-01-29,31040,2020-03-31,3,,,,,,,,,,,,,,,,,,,,,,,,,,,,,,,,,,,11443534,false,false,9,2019-04-01,2019-12-31,-1
2021-05-14,31040,2021-03-31,,36932000000,-0.046,,,,,5285000000,0.296,5450000000,0.259,,4315000000,,376.85,,0.121,0.101,0.143,,55789000000,37282000000,0.668,3254.99,37282000000,6792000000,-5818000000,-1312000000,4571000000,,0.279,,,,,,true,false,12,2020-04-01,2021-03-31,0
2021-05-14,31040,2020-03-31,,38701000000,0.043,,,,,4079000000,0.079,4329000000,0.087,,2269000000,,198.27,,0.068,0.083,0.105,,52194000000,33842000000,0.648,2956.42,33842000000,6548000000,-4289000000,-2174000000,4930000000,,0.504,,,,,,true,false,12,2019-04-01,2020-03-31,-1
2021-05-14,31040,2022-03-31,,16500000000,,,,,,2500000000,-0.133,2600000000,-0.122,,1750000000,,152.78,,,,,,,,,,,,,,,,,,,,,,true,true,6,2021-04-01,2021-09-30,1
2021-05-14,31040,2022-03-31,,33000000000,,,,,,5000000000,-0.054,5200000000,-0.046,,3500000000,,305.57,,,,,,,,,,,,,,,,,,,,,,true,true,12,2021-04-01,2022-03-31,1
2021-05-14,31040,2021-03-31,,,,,,4174000000,0.038,1528000000,0.381,1828000000,0.432,1450000000,,0.265,126.68,,,,,,31585000000,24442000000,0.774,2133.96,24442000000,,,,,105.00,,,,11720000,265993,11451909,false,false,12,2020-04-01,2021-03-31,0
2021-05-14,31040,2020-03-31,,,,,,4020000000,-0.040,1106000000,-0.159,1276000000,-0.173,1147000000,,-0.165,100.24,,,,,,31269000000,23830000000,0.762,2081.85,23830000000,,,,,100.00,,,,11720000,272955,11444345,false,false,12,2019-04-01,2020-03-31,-1
2021-05-14,31040,2022-03-31,,,,,,,,,,,,,,,,,,,,,,,,,,,,,,110.00,,,,,,,false,true,12,2021-04-01,2022-03-31,1
2021-07-30,31040,2022-03-31,1,8709000000,0.010,,,,,1559000000,0.025,1616000000,0.023,,1124000000,,98.16,,,,,,54032000000,37769000000,0.699,,37769000000,,,,,,,,,,,,true,false,3,2021-04-01,2021-06-30,0
2021-07-30,31040,2021-03-31,1,8624000000,-0.092,,,,,1521000000,0.516,1580000000,0.498,,1101000000,,96.21,,,,,,,,,,,,,,,,,,,,,,true,false,3,2020-04-01,2020-06-30,-1
2021-07-30,31040,2022-03-31,1,16700000000,-0.063,,,,,2700000000,-0.064,2800000000,-0.054,,1950000000,,170.21,,,,,,,,,,,,,,,,,,,,,,true,true,6,2021-04-01,2021-09-30,0
2021-07-30,31040,2022-03-31,1,33400000000,-0.096,,,,,5400000000,0.022,5600000000,0.027,,3900000000,,340.37,,,,,,,,,,,,,,,,,,,,,,true,true,12,2021-04-01,2022-03-31,0
2021-07-30,31040,2021-03-31,1,,,,,,,,,,,,,,,,,,,,55789000000,37282000000,0.668,,37282000000,,,,,,,,,,,,true,false,12,2020-04-01,2021-03-31,-1
2021-07-30,31040,2021-03-31,1,,,,,,,,,,,,,,,,,,,,,,,,,,,,,105.00,,,,11720000,265993,,false,false,12,2020-04-01,2021-03-31,-1
2021-07-30,31040,2022-03-31,1,,,,,,,,,,,,,,,,,,,,,,,,,,,,,110.00,,,,,,,false,true,12,2021-04-01,2022-03-31,0
2021-07-30,31040,2022-03-31,1,,,,,,,,,,,,,,,,,,,,,,,,,,,,,,,,,11720000,266029,11453995,false,false,3,2021-04-01,2021-06-30,0
2021-07-30,31040,2021-03-31,1,,,,,,,,,,,,,,,,,,,,,,,,,,,,,,,,,,,11447030,false,false,3,2020-04-01,2020-06-30,-1
2021-10-29,31040,2022-03-31,2,17609000000,-0.011,,,,,3145000000,0.091,3230000000,0.091,,2255000000,,196.88,,,,,,56089000000,38964000000,0.695,,38964000000,,,,,,,,,,,,true,false,6,2021-04-01,2021-09-30,0
2021-10-29,31040,2021-03-31,2,17814000000,-0.094,,,,,2883000000,0.343,2960000000,0.317,,2036000000,,177.89,,,,,,,,,,,,,,,,,,,,,,true,false,6,2020-04-01,2020-09-30,-1
2021-10-29,31040,2022-03-31,2,35000000000,-0.052,,,,,5900000000,0.116,6100000000,0.119,,4200000000,,366.56,,,,,,,,,,,,,,,,,,,,,,true,true,12,2021-04-01,2022-03-31,0
2021-10-29,31040,2021-03-31,2,,,,,,,,,,,,,,,,,,,,55789000000,37282000000,0.668,,37282000000,,,,,,,,,,,,true,false,12,2020-04-01,2021-03-31,-1
2021-10-29,31040,2021-03-31,2,,,,,,,,,,,,,,,,,,,,,,,,,,,,,105.00,,,,11720000,265993,,false,false,12,2020-04-01,2021-03-31,-1
2021-10-29,31040,2022-03-31,2,,,,,,,,,,,,,,,,,,,,,,,,,,,,,55.00,,,,,,,false,false,12,2021-04-01,2022-03-31,0
2021-10-29,31040,2022-03-31,2,,,,,,,,,,,,,,,,,,,,,,,,,,,,,110.00,,,,,,,false,true,12,2021-04-01,2022-03-31,0
2021-10-29,31040,2022-03-31,2,,,,,,,,,,,,,,,,,,,,,,,,,,,,,,,,,11720000,260348,11456432,false,false,6,2021-04-01,2021-09-30,0
2021-10-29,31040,2021-03-31,2,,,,,,,,,,,,,,,,,,,,,,,,,,,,,,,,,,,11450078,false,false,6,2020-04-01,2020-09-30,-1
2022-01-28,31040,2022-03-31,3,26921000000,-0.018,,,,,4698000000,0.107,4838000000,0.105,,3377000000,,294.81,,,,,,55858000000,39331000000,0.704,,39331000000,,,,,,,,,,,,true,false,9,2021-04-01,2021-12-31,0
2022-01-28,31040,2021-03-31,3,27421000000,-0.071,,,,,4242000000,0.261,4380000000,0.241,,3065000000,,267.68,,,,,,,,,,,,,,,,,,,,,,true,false,9,2020-04-01,2020-12-31,-1
2022-01-28,31040,2022-03-31,3,35000000000,-0.052,,,,,5900000000,0.116,6100000000,0.119,,4200000000,,366.56,,,,,,,,,,,,,,,,,,,,,,true,true,12,2021-04-01,2022-03-31,0
2022-01-28,31040,2021-03-31,3,,,,,,,,,,,,,,,,,,,,55789000000,37282000000,0.668,,37282000000,,,,,,,,,,,,true,false,12,2020-04-01,2021-03-31,-1
2022-01-28,31040,2021-03-31,3,,,,,,,,,,,,,,,,,,,,,,,,,,,,,105.00,,,,11720000,265993,,false,false,12,2020-04-01,2021-03-31,-1
2022-01-28,31040,2022-03-31,3,,,,,,,,,,,,,,,,,,,,,,,,,,,,,55.00,,,,,,,false,false,12,2021-04-01,2022-03-31,0
2022-01-28,31040,2022-03-31,3,,,,,,,,,,,,,,,,,,,,,,,,,,,,,110.00,,,,,,,false,true,12,2021-04-01,2022-03-31,0
2022-01-28,31040,2022-03-31,3,,,,,,,,,,,,,,,,,,,,,,,,,,,,,,,,,11720000,260384,11457389,false,false,9,2021-04-01,2021-12-31,0
2022-01-28,31040,2021-03-31,3,,,,,,,,,,,,,,,,,,,,,,,,,,,,,,,,,,,11451277,false,false,9,2020-04-01,2020-12-31,-1
2022-05-13,31040,2022-03-31,,35916000000,-0.028,,,,,5877000000,0.112,6045000000,0.109,,4455000000,,388.86,,0.115,0.106,0.164,,58531000000,40497000000,0.692,3533.91,40497000000,9107000000,-3928000000,-1456000000,8315000000,,0.283,,,,,,true,false,12,2021-04-01,2022-03-31,0
2022-05-13,31040,2021-03-31,,36932000000,-0.046,,,,,5285000000,0.296,5450000000,0.259,,4315000000,,376.85,,0.121,0.101,0.143,,55789000000,37282000000,0.668,3254.99,37282000000,6792000000,-5818000000,-1312000000,4571000000,,0.279,,,,,,true,false,12,2020-04-01,2021-03-31,-1
2022-05-13,31040,2023-03-31,,18250000000,0.036,,,,,3100000000,-0.015,3200000000,-0.010,,2250000000,,196.34,,,,,,,,,,,,,,,,,,,,,,true,true,6,2022-04-01,2022-09-30,1
2022-05-13,31040,2023-03-31,,36500000000,0.016,,,,,6200000000,0.055,6400000000,0.059,,4500000000,,392.68,,,,,,,,,,,,,,,,,,,,,,true,true,12,2022-04-01,2023-03-31,1
2022-05-13,31040,2022-03-31,,,,,,4597000000,0.101,1944000000,0.272,2091000000,0.144,2160000000,,0.490,188.59,,,,,,32588000000,25305000000,0.777,2208.23,25305000000,,,,,110.00,,,,11720000,260399,11457899,false,false,12,2021-04-01,2022-03-31,0
2022-05-13,31040,2021-03-31,,,,,,4174000000,0.038,1528000000,0.381,1828000000,0.432,1450000000,,0.265,126.68,,,,,,31585000000,24442000000,0.774,2133.96,24442000000,,,,,105.00,,,,11720000,265993,11451909,false,false,12,2020-04-01,2021-03-31,-1
2022-05-13,31040,2023-03-31,,,,,,,,,,,,,,,,,,,,,,,,,,,,,,110.00,,,,,,,false,true,12,2022-04-01,2023-03-31,1
2022-07-29,31040,2023-03-31,1,9635000000,0.106,,,,,1661000000,0.066,1718000000,0.063,,1174000000,,102.53,,,,,,58159000000,41222000000,0.709,,41222000000,,,,,,,,,,,,true,false,3,2022-04-01,2022-06-30,0
2022-07-29,31040,2022-03-31,1,8709000000,0.010,,,,,1559000000,0.025,1616000000,0.023,,1124000000,,98.16,,,,,,,,,,,,,,,,,,,,,,true,false,3,2021-04-01,2021-06-30,-1
2022-07-29,31040,2023-03-31,1,18250000000,0.036,,,,,3100000000,-0.015,3200000000,-0.010,,2250000000,,196.28,,,,,,,,,,,,,,,,,,,,,,true,true,6,2022-04-01,2022-09-30,0
2022-07-29,31040,2023-03-31,1,36500000000,0.016,,,,,6200000000,0.055,6400000000,0.059,,4500000000,,392.49,,,,,,,,,,,,,,,,,,,,,,true,true,12,2022-04-01,2023-03-31,0
2022-07-29,31040,2022-03-31,1,,,,,,,,,,,,,,,,,,,,58531000000,40497000000,0.692,,40497000000,,,,,,,,,,,,true,false,12,2021-04-01,2022-03-31,-1
2022-07-29,31040,2022-03-31,1,,,,,,,,,,,,,,,,,,,,,,,,,,,,,110.00,,,,11720000,260399,,false,false,12,2021-04-01,2022-03-31,-1
2022-07-29,31040,2023-03-31,1,,,,,,,,,,,,,,,,,,,,,,,,,,,,,110.00,,,,,,,false,true,12,2022-04-01,2023-03-31,0
2022-07-29,31040,2023-03-31,1,,,,,,,,,,,,,,,,,,,,,,,,,,,,,,,,,11720000,260423,11459595,false,false,3,2022-04-01,2022-06-30,0
2022-07-29,31040,2022-03-31,1,,,,,,,,,,,,,,,,,,,,,,,,,,,,,,,,,,,11453995,false,false,3,2021-04-01,2021-06-30,-1
2022-10-28,31040,2023-03-31,2,19609000000,0.114,,,,,3343000000,0.063,3406000000,0.054,,2307000000,,201.31,,,,,,61295000000,42482000000,0.693,,42482000000,,,,,,,,,,,,true,false,6,2022-04-01,2022-09-30,0
2022-10-28,31040,2022-03-31,2,17609000000,-0.011,,,,,3145000000,0.091,3230000000,0.091,,2255000000,,196.88,,,,,,,,,,,,,,,,,,,,,,true,false,6,2021-04-01,2021-09-30,-1
2022-10-28,31040,2023-03-31,2,37200000000,0.036,,,,,6200000000,0.055,6400000000,0.059,,4500000000,,392.50,,,,,,,,,,,,,,,,,,,,,,true,true,12,2022-04-01,2023-03-31,0
2022-10-28,31040,2022-03-31,2,,,,,,,,,,,,,,,,,,,,58531000000,40497000000,0.692,,40497000000,,,,,,,,,,,,true,false,12,2021-04-01,2022-03-31,-1
2022-10-28,31040,2022-03-31,2,,,,,,,,,,,,,,,,,,,,,,,,,,,,,110.00,,,,11720000,260399,,false,false,12,2021-04-01,2022-03-31,-1
2022-10-28,31040,2023-03-31,2,,,,,,,,,,,,,,,,,,,,,,,,,,,,,55.00,,,,,,,false,false,12,2022-04-01,2023-03-31,0
2022-10-28,31040,2023-03-31,2,,,,,,,,,,,,,,,,,,,,,,,,,,,,,110.00,,,,,,,false,true,12,2022-04-01,2023-03-31,0
2022-10-28,31040,2023-03-31,2,,,,,,,,,,,,,,,,,,,,,,,,,,,,,,,,,11720000,252507,11463008,false,false,6,2022-04-01,2022-09-30,0
2022-10-28,31040,2022-03-31,2,,,,,,,,,,,,,,,,,,,,,,,,,,,,,,,,,,,11456432,false,false,6,2021-04-01,2021-09-30,-1
2023-01-31,31040,2023-03-31,3,28989000000,0.077,,,,,4445000000,-0.054,4545000000,-0.060,,3077000000,,268.48,,,,,,61890000000,42711000000,0.690,,42711000000,,,,,,,,,,,,true,false,9,2022-04-01,2022-12-31,0
2023-01-31,31040,2022-03-31,3,26921000000,-0.018,,,,,4698000000,0.107,4838000000,0.105,,3377000000,,294.81,,,,,,,,,,,,,,,,,,,,,,true,false,9,2021-04-01,2021-12-31,-1
2023-01-31,31040,2023-03-31,3,36700000000,0.022,,,,,4880000000,-0.170,5050000000,-0.165,,3450000000,,300.91,,,,,,,,,,,,,,,,,,,,,,true,true,12,2022-04-01,2023-03-31,0
2023-01-31,31040,2022-03-31,3,,,,,,,,,,,,,,,,,,,,58531000000,40497000000,0.692,,40497000000,,,,,,,,,,,,true,false,12,2021-04-01,2022-03-31,-1
2023-01-31,31040,2022-03-31,3,,,,,,,,,,,,,,,,,,,,,,,,,,,,,110.00,,,,11720000,260399,,false,false,12,2021-04-01,2022-03-31,-1
2023-01-31,31040,2023-03-31,3,,,,,,,,,,,,,,,,,,,,,,,,,,,,,55.00,,,,,,,false,false,12,2022-04-01,2023-03-31,0
2023-01-31,31040,2023-03-31,3,,,,,,,,,,,,,,,,,,,,,,,,,,,,,110.00,,,,,,,false,true,12,2022-04-01,2023-03-31,0
2023-01-31,31040,2023-03-31,3,,,,,,,,,,,,,,,,,,,,,,,,,,,,,,,,,11720000,252507,11464354,false,false,9,2022-04-01,2022-12-31,0
2023-01-31,31040,2022-03-31,3,,,,,,,,,,,,,,,,,,,,,,,,,,,,,,,,,,,11457389,false,false,9,2021-04-01,2021-12-31,-1
2023-05-12,31040,2023-03-31,,37669000000,0.049,,,,,4872000000,-0.171,5041000000,-0.166,,3399000000,,296.54,,0.082,0.084,0.129,,61368000000,42920000000,0.699,3742.82,42920000000,5175000000,-3554000000,-1899000000,8090000000,,0.371,,,,,,true,false,12,2022-04-01,2023-03-31,0
2023-05-12,31040,2022-03-31,,35916000000,-0.028,,,,,5877000000,0.112,6045000000,0.109,,4455000000,,388.86,,0.115,0.106,0.164,,58531000000,40497000000,0.692,3533.91,40497000000,9107000000,-3928000000,-1456000000,8315000000,,0.283,,,,,,true,false,12,2021-04-01,2022-03-31,-1
2023-05-12,31040,2024-03-31,,17900000000,-0.087,,,,,1100000000,-0.671,1400000000,-0.589,,900000000,,78.48,,,,,,,,,,,,,,,,,,,,,,true,true,6,2023-04-01,2023-09-30,1
2023-05-12,31040,2024-03-31,,36100000000,-0.042,,,,,2950000000,-0.395,3350000000,-0.336,,2200000000,,191.85,,,,,,,,,,,,,,,,,,,,,,true,true,12,2023-04-01,2024-03-31,1
2023-05-12,31040,2023-03-31,,,,,,4641000000,0.010,1762000000,-0.093,1910000000,-0.086,1788000000,,-0.172,156.02,,,,,,32977000000,25954000000,0.787,2263.31,25954000000,,,,,110.00,,,,11720000,252579,11465071,false,false,12,2022-04-01,2023-03-31,0
2023-05-12,31040,2022-03-31,,,,,,4597000000,0.101,1944000000,0.272,2091000000,0.144,2160000000,,0.490,188.59,,,,,,32588000000,25305000000,0.777,2208.23,25305000000,,,,,110.00,,,,11720000,260399,11457899,false,false,12,2021-04-01,2022-03-31,-1
2023-05-12,31040,2024-03-31,,,,,,,,,,,,,,,,,,,,,,,,,,,,,,110.00,,,,,,,false,true,12,2023-04-01,2024-03-31,1
2023-07-28,31040,2024-03-31,1,8511000000,-0.117,,,,,449000000,-0.730,759000000,-0.558,,574000000,,50.06,,,,,,60144000000,43087000000,0.716,,43087000000,,,,,,,,,,,,true,false,3,2023-04-01,2023-06-30,0
2023-07-28,31040,2023-03-31,1,9635000000,0.106,,,,,1661000000,0.066,1718000000,0.063,,1174000000,,102.53,,,,,,,,,,,,,,,,,,,,,,true,false,3,2022-04-01,2022-06-30,-1
2023-07-28,31040,2024-03-31,1,17900000000,-0.087,,,,,1100000000,-0.671,1400000000,-0.589,,900000000,,78.46,,,,,,,,,,,,,,,,,,,,,,true,true,6,2023-04-01,2023-09-30,0
2023-07-28,31040,2024-03-31,1,36100000000,-0.042,,,,,2950000000,-0.395,3350000000,-0.336,,2200000000,,191.77,,,,,,,,,,,,,,,,,,,,,,true,true,12,2023-04-01,2024-03-31,0
2023-07-28,31040,2023-03-31,1,,,,,,,,,,,,,,,,,,,,61368000000,42920000000,0.699,,42920000000,,,,,,,,,,,,true,false,12,2022-04-01,2023-03-31,-1
2023-07-28,31040,2023-03-31,1,,,,,,,,,,,,,,,,,,,,,,,,,,,,,110.00,,,,11720000,252579,,false,false,12,2022-04-01,2023-03-31,-1
2023-07-28,31040,2024-03-31,1,,,,,,,,,,,,,,,,,,,,,,,,,,,,,110.00,,,,,,,false,true,12,2023-04-01,2024-03-31,0
2023-07-28,31040,2024-03-31,1,,,,,,,,,,,,,,,,,,,,,,,,,,,,,,,,,11720000,252581,11467420,false,false,3,2023-04-01,2023-06-30,0
2023-07-28,31040,2023-03-31,1,,,,,,,,,,,,,,,,,,,,,,,,,,,,,,,,,,,11459595,false,false,3,2022-04-01,2022-06-30,-1
2023-10-31,31040,2024-03-31,2,17098000000,-0.128,,,,,917000000,-0.726,1262000000,-0.629,,896000000,,78.20,,,,,,60786000000,43685000000,0.719,,43684000000,,,,,,,,,,,,true,false,6,2023-04-01,2023-09-30,0
2023-10-31,31040,2023-03-31,2,19609000000,0.114,,,,,3343000000,0.063,3406000000,0.054,,2307000000,,201.31,,,,,,,,,,,,,,,,,,,,,,true,false,6,2022-04-01,2022-09-30,-1
2023-10-31,31040,2024-03-31,2,36100000000,-0.042,,,,,2950000000,-0.395,3350000000,-0.336,,2200000000,,191.77,,,,,,,,,,,,,,,,,,,,,,true,true,12,2023-04-01,2024-03-31,0
2023-10-31,31040,2023-03-31,2,,,,,,,,,,,,,,,,,,,,61368000000,42920000000,0.699,,42920000000,,,,,,,,,,,,true,false,12,2022-04-01,2023-03-31,-1
2023-10-31,31040,2023-03-31,2,,,,,,,,,,,,,,,,,,,,,,,,,,,,,110.00,,,,11720000,252579,,false,false,12,2022-04-01,2023-03-31,-1
2023-10-31,31040,2024-03-31,2,,,,,,,,,,,,,,,,,,,,,,,,,,,,,55.00,,,,,,,false,false,12,2023-04-01,2024-03-31,0
2023-10-31,31040,2024-03-31,2,,,,,,,,,,,,,,,,,,,,,,,,,,,,,110.00,,,,,,,false,true,12,2023-04-01,2024-03-31,0
2023-10-31,31040,2024-03-31,2,,,,,,,,,,,,,,,,,,,,,,,,,,,,,,,,,11720000,245677,11470388,false,false,6,2023-04-01,2023-09-30,0
2023-10-31,31040,2023-03-31,2,,,,,,,,,,,,,,,,,,,,,,,,,,,,,,,,,,,11463008,false,false,6,2022-04-01,2022-09-30,-1
2024-01-31,31040,2024-03-31,3,26707000000,-0.079,,,,,2001000000,-0.550,2403000000,-0.471,,1653000000,,144.24,,,,,,61051000000,43399000000,0.711,,43399000000,,,,,,,,,,,,true,false,9,2023-04-01,2023-12-31,0
2024-01-31,31040,2023-03-31,3,28989000000,0.077,,,,,4445000000,-0.054,4545000000,-0.060,,3077000000,,268.48,,,,,,,,,,,,,,,,,,,,,,true,false,9,2022-04-01,2022-12-31,-1
2024-01-31,31040,2024-03-31,3,36100000000,-0.042,,,,,2950000000,-0.395,3350000000,-0.336,,2200000000,,192.43,,,,,,,,,,,,,,,,,,,,,,true,true,12,2023-04-01,2024-03-31,0
2024-01-31,31040,2023-03-31,3,,,,,,,,,,,,,,,,,,,,61368000000,42920000000,0.699,,42920000000,,,,,,,,,,,,true,false,12,2022-04-01,2023-03-31,-1
2024-01-31,31040,2023-03-31,3,,,,,,,,,,,,,,,,,,,,,,,,,,,,,110.00,,,,11720000,252579,,false,false,12,2022-04-01,2023-03-31,-1
2024-01-31,31040,2024-03-31,3,,,,,,,,,,,,,,,,,,,,,,,,,,,,,55.00,,,,,,,false,false,12,2023-04-01,2024-03-31,0
2024-01-31,31040,2024-03-31,3,,,,,,,,,,,,,,,,,,,,,,,,,,,,,110.00,,,,,,,false,true,12,2023-04-01,2024-03-31,0
2024-01-31,31040,2024-03-31,3,,,,,,,,,,,,,,,,,,,,,,,,,,,,,,,,,11720000,336445,11461220,false,false,9,2023-04-01,2023-12-31,0
2024-01-31,31040,2023-03-31,3,,,,,,,,,,,,,,,,,,,,,,,,,,,,,,,,,,,11464354,false,false,9,2022-04-01,2022-12-31,-1
2024-05-15,31040,2024-03-31,,36108000000,-0.041,,,,,2818000000,-0.422,3276000000,-0.350,,2117000000,,185.21,,0.049,0.053,0.078,,62512000000,43973000000,0.703,3878.12,43973000000,4987000000,-3094000000,-1786000000,8245000000,,0.594,,,,,,true,false,12,2023-04-01,2024-03-31,0
2024-05-15,31040,2023-03-31,,37669000000,0.049,,,,,4872000000,-0.171,5041000000,-0.166,,3399000000,,296.54,,0.082,0.084,0.129,,61368000000,42920000000,0.699,3742.82,42920000000,5175000000,-3554000000,-1899000000,8090000000,,0.371,,,,,,true,false,12,2022-04-01,2023-03-31,-1
2024-05-15,31040,2025-03-31,,20500000000,0.199,,,,,2400000000,1.615,2500000000,0.981,,1600000000,,141.11,,,,,,,,,,,,,,,,,,,,,,true,true,6,2024-04-01,2024-09-30,1
2024-05-15,31040,2025-03-31,,42000000000,0.163,,,,,5100000000,0.810,5300000000,0.617,,3500000000,,308.68,,,,,,,,,,,,,,,,,,,,,,true,true,12,2024-04-01,2025-03-31,1
2024-05-15,31040,2024-03-31,,,,,,3581000000,-0.228,584000000,-0.668,739000000,-0.613,754000000,,-0.578,65.99,,,,,,32520000000,25378000000,0.780,2238.20,25378000000,,,,,110.00,,,,11720000,381226,11433247,false,false,12,2023-04-01,2024-03-31,0
2024-05-15,31040,2023-03-31,,,,,,4641000000,0.010,1762000000,-0.093,1910000000,-0.086,1788000000,,-0.172,156.02,,,,,,32977000000,25954000000,0.787,2263.31,25954000000,,,,,110.00,,,,11720000,252579,11465071,false,false,12,2022-04-01,2023-03-31,-1
2024-05-15,31040,2025-03-31,,,,,,,,,,,,,,,,,,,,,,,,,,,,,,120.00,,,,,,,false,true,12,2024-04-01,2025-03-31,1
2024-07-31,31040,2025-03-31,1,10381000000,0.220,,,,,1546000000,2.444,1603000000,1.112,,1077000000,,95.01,,,,,,63965000000,44593000000,0.697,,44592000000,,,,,,,,,,,,true,false,3,2024-04-01,2024-06-30,0
2024-07-31,31040,2024-03-31,1,8511000000,-0.117,,,,,449000000,-0.730,759000000,-0.558,,574000000,,50.06,,,,,,,,,,,,,,,,,,,,,,true,false,3,2023-04-01,2023-06-30,-1
2024-07-31,31040,2025-03-31,1,21200000000,0.240,,,,,2700000000,1.942,2800000000,1.218,,1900000000,,167.54,,,,,,,,,,,,,,,,,,,,,,true,true,6,2024-04-01,2024-09-30,0
2024-07-31,31040,2025-03-31,1,42700000000,0.183,,,,,5400000000,0.916,5600000000,0.709,,3800000000,,335.03,,,,,,,,,,,,,,,,,,,,,,true,true,12,2024-04-01,2025-03-31,0
2024-07-31,31040,2024-03-31,1,,,,,,,,,,,,,,,,,,,,62512000000,43973000000,0.703,,43973000000,,,,,,,,,,,,true,false,12,2023-04-01,2024-03-31,-1
2024-07-31,31040,2024-03-31,1,,,,,,,,,,,,,,,,,,,,,,,,,,,,,110.00,,,,11720000,381226,,false,false,12,2023-04-01,2024-03-31,-1
2024-07-31,31040,2025-03-31,1,,,,,,,,,,,,,,,,,,,,,,,,,,,,,120.00,,,,,,,false,true,12,2024-04-01,2025-03-31,0
2024-07-31,31040,2025-03-31,1,,,,,,,,,,,,,,,,,,,,,,,,,,,,,,,,,11720000,381275,11338761,false,false,3,2024-04-01,2024-06-30,0
2024-07-31,31040,2024-03-31,1,,,,,,,,,,,,,,,,,,,,,,,,,,,,,,,,,,,11467420,false,false,3,2023-04-01,2023-06-30,-1
2024-10-31,31040,2025-03-31,2,21060000000,0.232,,,,,2992000000,2.261,3071000000,1.434,,2095000000,,184.79,,,,,,66158000000,45635000000,0.690,,45634000000,,,,,,,,,,,,true,false,6,2024-04-01,2024-09-30,0
2024-10-31,31040,2024-03-31,2,17098000000,-0.128,,,,,917000000,-0.726,1262000000,-0.629,,896000000,,78.20,,,,,,,,,,,,,,,,,,,,,,true,false,6,2023-04-01,2023-09-30,-1
2024-10-31,31040,2025-03-31,2,43700000000,0.210,,,,,6000000000,1.129,6200000000,0.892,,4100000000,,361.48,,,,,,,,,,,,,,,,,,,,,,true,true,12,2024-04-01,2025-03-31,0
2024-10-31,31040,2024-03-31,2,,,,,,,,,,,,,,,,,,,,62512000000,43973000000,0.703,,43973000000,,,,,,,,,,,,true,false,12,2023-04-01,2024-03-31,-1
2024-10-31,31040,2024-03-31,2,,,,,,,,,,,,,,,,,,,,,,,,,,,,,110.00,,,,11720000,381226,,false,false,12,2023-04-01,2024-03-31,-1
2024-10-31,31040,2025-03-31,2,,,,,,,,,,,,,,,,,,,,,,,,,,,,,60.00,,,,,,,false,false,12,2024-04-01,2025-03-31,0
2024-10-31,31040,2025-03-31,2,,,,,,,,,,,,,,,,,,,,,,,,,,,,,120.00,,,,,,,false,true,12,2024-04-01,2025-03-31,0
2024-10-31,31040,2025-03-31,2,,,,,,,,,,,,,,,,,,,,,,,,,,,,,,,,,11720000,376368,11340849,false,false,6,2024-04-01,2024-09-30,0
2024-10-31,31040,2024-03-31,2,,,,,,,,,,,,,,,,,,,,,,,,,,,,,,,,,,,11470388,false,false,6,2023-04-01,2023-09-30,-1
2025-01-31,31040,2025-03-31,3,32192000000,0.205,,,,,4987000000,1.492,5195000000,1.162,,3644000000,,321.37,,,,,,65816000000,46351000000,0.704,,46351000000,,,,,,,,,,,,true,false,9,2024-04-01,2024-12-31,0
2025-01-31,31040,2024-03-31,3,26707000000,-0.079,,,,,2001000000,-0.550,2403000000,-0.471,,1653000000,,144.24,,,,,,,,,,,,,,,,,,,,,,true,false,9,2023-04-01,2023-12-31,-1
2025-01-31,31040,2025-03-31,3,44300000000,0.227,,,,,6400000000,1.271,6600000000,1.014,,4300000000,,379.12,,,,,,,,,,,,,,,,,,,,,,true,true,12,2024-04-01,2025-03-31,0
2025-01-31,31040,2024-03-31,3,,,,,,,,,,,,,,,,,,,,62512000000,43973000000,0.703,,43973000000,,,,,,,,,,,,true,false,12,2023-04-01,2024-03-31,-1
2025-01-31,31040,2024-03-31,3,,,,,,,,,,,,,,,,,,,,,,,,,,,,,110.00,,,,11720000,381226,,false,false,12,2023-04-01,2024-03-31,-1
2025-01-31,31040,2025-03-31,3,,,,,,,,,,,,,,,,,,,,,,,,,,,,,60.00,,,,,,,false,false,12,2024-04-01,2025-03-31,0
2025-01-31,31040,2025-03-31,3,,,,,,,,,,,,,,,,,,,,,,,,,,,,,130.00,,,,,,,false,true,12,2024-04-01,2025-03-31,0
2025-01-31,31040,2025-03-31,3,,,,,,,,,,,,,,,,,,,,,,,,,,,,,,,,,11720000,376569,11341649,false,false,9,2024-04-01,2024-12-31,0
2025-01-31,31040,2024-03-31,3,,,,,,,,,,,,,,,,,,,,,,,,,,,,,,,,,,,11461220,false,false,9,2023-04-01,2023-12-31,-1
2025-05-15,31040,2025-03-31,,42912000000,0.188,,,,,6476000000,1.298,6675000000,1.037,,4477000000,,405.82,,0.098,0.103,0.151,,66608000000,47460000000,0.713,4183.97,47459000000,8656000000,-6543000000,-2360000000,8048000000,,0.320,,,,,,true,false,12,2024-04-01,2025-03-31,0
2025-05-15,31040,2024-03-31,,36108000000,-0.041,,,,,2818000000,-0.422,3276000000,-0.350,,2117000000,,185.21,,0.049,0.053,0.078,,62512000000,43973000000,0.703,3878.12,43973000000,4987000000,-3094000000,-1786000000,8245000000,,0.594,,,,,,true,false,12,2023-04-01,2024-03-31,-1
2025-05-15,31040,2026-03-31,,22700000000,0.078,,,,,3380000000,0.129,3480000000,0.133,,2270000000,,200.12,,,,,,,,,,,,,,,,,,,,,,true,true,6,2025-04-01,2025-09-30,1
2025-05-15,31040,2026-03-31,,46200000000,0.077,,,,,7000000000,0.081,7200000000,0.079,,4700000000,,414.34,,,,,,,,,,,,,,,,,,,,,,true,true,12,2025-04-01,2026-03-31,1
2025-05-15,31040,2025-03-31,,,,,,4348000000,0.214,1123000000,0.920,1273000000,0.723,1448000000,,0.920,131.29,,,,,,33010000000,25663000000,0.777,2262.47,25663000000,,,,,130.00,,,,11354000,10733,11032347,false,false,12,2024-04-01,2025-03-31,0
2025-05-15,31040,2024-03-31,,,,,,3581000000,-0.228,584000000,-0.668,739000000,-0.613,754000000,,-0.578,65.99,,,,,,32520000000,25378000000,0.780,2238.20,25378000000,,,,,110.00,,,,11720000,381226,11433247,false,false,12,2023-04-01,2024-03-31,-1
2025-05-15,31040,2026-03-31,,,,,,,,,,,,,,,,,,,,,,,,,,,,,,150.00,,,,,,,false,true,12,2025-04-01,2026-03-31,1
2025-07-30,31040,2026-03-31,1,11253000000,0.084,,,,,1935000000,0.251,2052000000,0.280,,1482000000,,130.85,,,,,,65583000000,47697000000,0.727,,47697000000,,,,,,,,,,,,true,false,3,2025-04-01,2025-06-30,0
2025-07-30,31040,2025-03-31,1,10381000000,0.220,,,,,1546000000,2.444,1603000000,1.112,,1077000000,,95.01,,,,,,,,,,,,,,,,,,,,,,true,false,3,2024-04-01,2024-06-30,-1
2025-07-30,31040,2026-03-31,1,22700000000,0.078,,,,,3380000000,0.129,3480000000,0.133,,2270000000,,200.96,,,,,,,,,,,,,,,,,,,,,,true,true,6,2025-04-01,2025-09-30,0
2025-07-30,31040,2026-03-31,1,46200000000,0.077,,,,,7000000000,0.081,7200000000,0.079,,4700000000,,416.83,,,,,,,,,,,,,,,,,,,,,,true,true,12,2025-04-01,2026-03-31,0
2025-07-30,31040,2025-03-31,1,,,,,,,,,,,,,,,,,,,,66608000000,47460000000,0.713,,47459000000,,,,,,,,,,,,true,false,12,2024-04-01,2025-03-31,-1
2025-07-30,31040,2025-03-31,1,,,,,,,,,,,,,,,,,,,,,,,,,,,,,130.00,,,,11354000,10733,,false,false,12,2024-04-01,2025-03-31,-1
2025-07-30,31040,2026-03-31,1,,,,,,,,,,,,,,,,,,,,,,,,,,,,,150.00,,,,,,,false,true,12,2025-04-01,2026-03-31,0
2025-07-30,31040,2026-03-31,1,,,,,,,,,,,,,,,,,,,,,,,,,,,,,,,,,11354000,62533,11329294,false,false,3,2025-04-01,2025-06-30,0
2025-07-30,31040,2025-03-31,1,,,,,,,,,,,,,,,,,,,,,,,,,,,,,,,,,,,11338761,false,false,3,2024-04-01,2024-06-30,-1
