filing_date,code,fiscal_year_end,quarterly_period,net_sales,net_sales_change,revenue,revenue_change,operating_revenue,operating_revenue_change,operating_profit,operating_profit_change,ordinary_profit,ordinary_profit_change,net_income,net_income_of_parent,net_income_change,eps,diluted_eps,roe,roa,operating_profit_to_net_sales,operating_profit_to_revenue,total_assets,net_assets,equity_ratio,bps,owner_equity,operating_cash_flow,investing_cash_flow,financing_cash_flow,cash,dividend_per_share,payout_ratio,commemorative_dividend,extra_dividend,number_of_shares,number_of_treqsury_shares,avg_number_of_shares,is_consolidated,is_forecast,duration,period_start,period_end,period_pos
2015-07-31,31160,2016-03-31,1,333663000000,0.084,,,,,12488000000,0.695,14102000000,1.088,,9027000000,,48.70,48.68,,,,,716332000000,270430000000,0.312,,223270000000,,,,,,,,,,,,true,false,3,2015-04-01,2015-06-30,0
2015-07-31,31160,2015-03-31,1,307840000000,0.052,,,,,7369000000,-0.030,6752000000,-0.462,,3442000000,,18.58,,,,,,,,,,,,,,,,,,,,,,true,false,3,2014-04-01,2014-06-30,-1
2015-07-31,31160,2016-03-31,1,600000000000,-0.041,,,,,19000000000,0.306,20000000000,0.057,,9000000000,,48.53,,,,,,,,,,,,,,,,,,,,,,true,true,6,2015-04-01,2015-09-30,0
2015-07-31,31160,2016-03-31,1,1300000000000,-0.004,,,,,38000000000,0.173,40000000000,-0.027,,17000000000,,91.73,,,,,,,,,,,,,,,,,,,,,,true,true,12,2015-04-01,2016-03-31,0
2015-07-31,31160,2015-03-31,1,,,,,,,,,,,,,,,,,,,,719680000000,264038000000,0.300,,215793000000,,,,,,,,,,,,true,false,12,2014-04-01,2015-03-31,-1
2015-07-31,31160,2015-03-31,1,,,,,,,,,,,,,,,,,,,,,,,,,,,,,18.00,,,,187665738,2334114,,false,false,12,2014-04-01,2015-03-31,-1
2015-07-31,31160,2016-03-31,1,,,,,,,,,,,,,,,,,,,,,,,,,,,,,20.00,,,,,,,false,true,12,2015-04-01,2016-03-31,0
2015-07-31,31160,2016-03-31,1,,,,,,,,,,,,,,,,,,,,,,,,,,,,,,,,,187665738,2219136,185357949,false,false,3,2015-04-01,2015-06-30,0
2015-07-31,31160,2015-03-31,1,,,,,,,,,,,,,,,,,,,,,,,,,,,,,,,,,,,185311032,false,false,3,2014-04-01,2014-06-30,-1
2015-07-31,31160,2016-03-31,,600000000000,0.000,,,,,19000000000,0.267,20000000000,0.250,,9000000000,,48.53,,,,,,,,,,,,,,,,,,,,,,true,true,6,2015-04-01,2015-09-30,0
2015-07-31,31160,2015-03-31,,625723000000,,,,,,14550000000,,18919000000,,,8737000000,,47.15,,,,,,,,,,,,,,,,,,,,,,true,false,6,2014-04-01,2014-09-30,-1
2015-10-30,31160,2016-03-31,2,692995000000,0.108,,,,,27741000000,0.907,30000000000,0.586,,17701000000,,95.45,95.41,,,,,739417000000,271923000000,0.307,,227028000000,,,,,,,,,,,,true,false,6,2015-04-01,2015-09-30,0
2015-10-30,31160,2015-03-31,2,625723000000,0.057,,,,,14550000000,-0.101,18919000000,-0.172,,8737000000,,47.15,,,,,,,,,,,,,,,,,,,,,,true,false,6,2014-04-01,2014-09-30,-1
2015-10-30,31160,2016-03-31,2,1370000000000,0.049,,,,,49000000000,0.513,52000000000,0.265,,28000000000,,150.93,,,,,,,,,,,,,,,,,,,,,,true,true,12,2015-04-01,2016-03-31,0
2015-10-30,31160,2015-03-31,2,,,,,,,,,,,,,,,,,,,,719680000000,264038000000,0.300,,215793000000,,,,,,,,,,,,true,false,12,2014-04-01,2015-03-31,-1
2015-10-30,31160,2015-03-31,2,,,,,,,,,,,,,,,,,,,,,,,,,,,,,18.00,,,,187665738,2334114,,false,false,12,2014-04-01,2015-03-31,-1
2015-10-30,31160,2016-03-31,2,,,,,,,,,,,,,,,,,,,,,,,,,,,,,15.00,,,,,,,false,false,12,2015-04-01,2016-03-31,0
2015-10-30,31160,2016-03-31,2,,,,,,,,,,,,,,,,,,,,,,,,,,,,,30.00,,,,,,,false,true,12,2015-04-01,2016-03-31,0
2015-10-30,31160,2016-03-31,2,,,,,,,,,,,,,,,,,,,,,,,,,,,,,,,,,187665738,2088057,185453112,false,false,6,2015-04-01,2015-09-30,0
2015-10-30,31160,2015-03-31,2,,,,,,,,,,,,,,,,,,,,,,,,,,,,,,,,,,,185310966,false,false,6,2014-04-01,2014-09-30,-1
2015-10-30,31160,2016-03-31,,692995000000,0.155,,,,,27741000000,0.460,30000000000,0.500,,17701000000,,95.45,,,,,,,,,,,,,,,,,,,,,,true,true,6,2015-04-01,2015-09-30,0
2015-10-30,31160,2015-03-31,,625723000000,,,,,,14550000000,,18919000000,,,8737000000,,47.15,,,,,,,,,,,,,,,,,,,,,,true,false,6,2014-04-01,2014-09-30,-1
2015-10-30,31160,2016-03-31,,1370000000000,0.054,,,,,49000000000,0.289,52000000000,0.300,28000000000,,0.647,150.93,,,,,,,,,,,,,,,,,,,,,,true,true,12,2015-04-01,2016-03-31,0
2015-10-30,31160,2015-03-31,,1305502000000,,,,,,32393000000,,41091000000,,5204000000,,,28.08,,,,,,,,,,,,,,,,,,,,,,true,false,12,2014-04-01,2015-03-31,-1
2016-02-03,31160,2016-03-31,3,1053028000000,0.106,,,,,40956000000,0.857,40697000000,0.280,,22442000000,,120.99,120.94,,,,,708368000000,273468000000,0.322,,228374000000,,,,,,,,,,,,true,false,9,2015-04-01,2015-12-31,0
2016-02-03,31160,2015-03-31,3,952082000000,0.069,,,,,22050000000,0.053,31799000000,0.021,,4755000000,,25.66,,,,,,,,,,,,,,,,,,,,,,true,false,9,2014-04-01,2014-12-31,-1
2016-02-03,31160,2016-03-31,3,1420000000000,0.088,,,,,53000000000,0.636,53000000000,0.290,,,,,,,,,,,,,,,,,,,,,,,,,,true,true,12,2015-04-01,2016-03-31,0
2016-02-03,31160,2015-03-31,3,,,,,,,,,,,,,,,,,,,,719680000000,264038000000,0.300,,215793000000,,,,,,,,,,,,true,false,12,2014-04-01,2015-03-31,-1
2016-02-03,31160,2015-03-31,3,,,,,,,,,,,,,,,,,,,,,,,,,,,,,18.00,,,,187665738,2334114,,false,false,12,2014-04-01,2015-03-31,-1
2016-02-03,31160,2016-03-31,3,,,,,,,,,,,,,,,,,,,,,,,,,,,,,15.00,,,,,,,false,false,12,2015-04-01,2016-03-31,0
2016-02-03,31160,2016-03-31,3,,,,,,,,,,,,,,,,,,,,,,,,,,,,,30.00,,,,,,,false,true,12,2015-04-01,2016-03-31,0
2016-02-03,31160,2016-03-31,3,,,,,,,,,,,,,,,,,,,,,,,,,,,,,,,,,187665738,2068267,185499083,false,false,9,2015-04-01,2015-12-31,0
2016-02-03,31160,2015-03-31,3,,,,,,,,,,,,,,,,,,,,,,,,,,,,,,,,,,,185312322,false,false,9,2014-04-01,2014-12-31,-1
2016-02-03,31160,2016-03-31,,1420000000000,0.036,,,,,53000000000,0.082,53000000000,0.019,28000000000,,,150.93,,,,,,,,,,,,,,,,,,,,,,true,true,12,2015-04-01,2016-03-31,0
2016-02-03,31160,2015-03-31,,1305502000000,,,,,,32393000000,,41091000000,,5204000000,,,28.08,,,,,,,,,,,,,,,,,,,,,,true,false,12,2014-04-01,2015-03-31,-1
2016-04-28,31160,2016-03-31,,1415772000000,0.084,,,,,59492000000,0.837,56123000000,0.366,,3900000000,,21.02,21.02,0.019,0.078,0.042,,725895000000,243146000000,0.273,1065.72,197816000000,78912000000,-48086000000,-8739000000,160904000000,,1.427,,,,,,true,false,12,2015-04-01,2016-03-31,0
2016-04-28,31160,2015-03-31,,1305502000000,0.071,,,,,32393000000,0.124,41091000000,0.020,,5204000000,,28.08,,0.025,0.060,0.025,,719680000000,264038000000,0.300,1164.36,215793000000,65536000000,-51615000000,516000000,143493000000,,0.641,,,,,,true,false,12,2014-04-01,2015-03-31,-1
2016-04-28,31160,2017-03-31,,660000000000,-0.048,,,,,23500000000,-0.153,23500000000,-0.217,,10000000000,,53.87,,,,,,,,,,,,,,,,,,,,,,true,true,6,2016-04-01,2016-09-30,1
2016-04-28,31160,2017-03-31,,1330000000000,-0.061,,,,,52500000000,-0.118,52500000000,-0.065,,29000000000,,156.23,,,,,,,,,,,,,,,,0.230,,,,,,true,true,12,2016-04-01,2017-03-31,1
2016-04-28,31160,2015-03-31,,,,,,,,,,,,,,,,,,,,,,,,,,,,,,18.00,,,,187665738,2334114,185316234,false,false,12,2014-04-01,2015-03-31,-1
2016-04-28,31160,2016-03-31,,,,,,,,,,,,,,,,,,,,,,,,,,,,,,30.00,,,,187665738,2047337,185525873,false,false,12,2015-04-01,2016-03-31,0
2016-04-28,31160,2017-03-31,,,,,,,,,,,,,,,,,,,,,,,,,,,,,,36.00,,,,,,,false,true,12,2016-04-01,2017-03-31,1
2016-07-29,31160,2017-03-31,1,324728000000,-0.027,,,,,15986000000,0.280,17175000000,0.218,,8422000000,,45.37,45.36,,,,,668316000000,236614000000,0.291,,194148000000,,,,,,,,,,,,true,false,3,2016-04-01,2016-06-30,0
2016-07-29,31160,2016-03-31,1,333663000000,0.084,,,,,12488000000,0.695,14102000000,1.088,,9027000000,,48.70,48.68,,,,,,,,,,,,,,,,,,,,,true,false,3,2015-04-01,2015-06-30,-1
2016-07-29,31160,2017-03-31,1,650000000000,-0.062,,,,,28000000000,0.009,28000000000,-0.067,,12000000000,,64.64,,,,,,,,,,,,,,,,,,,,,,true,true,6,2016-04-01,2016-09-30,0
2016-07-29,31160,2017-03-31,1,1320000000000,-0.068,,,,,57000000000,-0.042,57000000000,0.016,,30000000000,,161.60,,,,,,,,,,,,,,,,,,,,,,true,true,12,2016-04-01,2017-03-31,0
2016-07-29,31160,2016-03-31,1,,,,,,,,,,,,,,,,,,,,725895000000,243146000000,0.273,,197816000000,,,,,,,,,,,,true,false,12,2015-04-01,2016-03-31,-1
2016-07-29,31160,2016-03-31,1,,,,,,,,,,,,,,,,,,,,,,,,,,,,,30.00,,,,187665738,2047337,,false,false,12,2015-04-01,2016-03-31,-1
2016-07-29,31160,2017-03-31,1,,,,,,,,,,,,,,,,,,,,,,,,,,,,,36.00,,,,,,,false,true,12,2016-04-01,2017-03-31,0
2016-07-29,31160,2017-03-31,1,,,,,,,,,,,,,,,,,,,,,,,,,,,,,,,,,187665738,2021043,185626875,false,false,3,2016-04-01,2016-06-30,0
2016-07-29,31160,2016-03-31,1,,,,,,,,,,,,,,,,,,,,,,,,,,,,,,,,,,,185357949,false,false,3,2015-04-01,2015-06-30,-1
2016-10-28,31160,2017-03-31,2,667485000000,-0.037,,,,,36148000000,0.303,36096000000,0.203,,13281000000,,71.54,,,,,,639452000000,228524000000,0.298,,190484000000,,,,,,,,,,,,true,false,6,2016-04-01,2016-09-30,0
2016-10-28,31160,2016-03-31,2,692995000000,0.108,,,,,27741000000,0.907,30000000000,0.586,,17701000000,,95.45,95.41,,,,,,,,,,,,,,,,,,,,,true,false,6,2015-04-01,2015-09-30,-1
2016-10-28,31160,2017-03-31,2,1330000000000,-0.061,,,,,69000000000,0.160,69000000000,0.229,,36000000000,,193.88,,,,,,,,,,,,,,,,,,,,,,true,true,12,2016-04-01,2017-03-31,0
2016-10-28,31160,2016-03-31,2,,,,,,,,,,,,,,,,,,,,725895000000,243146000000,0.273,,197816000000,,,,,,,,,,,,true,false,12,2015-04-01,2016-03-31,-1
2016-10-28,31160,2016-03-31,2,,,,,,,,,,,,,,,,,,,,,,,,,,,,,30.00,,,,187665738,2047337,,false,false,12,2015-04-01,2016-03-31,-1
2016-10-28,31160,2017-03-31,2,,,,,,,,,,,,,,,,,,,,,,,,,,,,,21.00,,,,,,,false,false,12,2016-04-01,2017-03-31,0
2016-10-28,31160,2017-03-31,2,,,,,,,,,,,,,,,,,,,,,,,,,,,,,42.00,,,,,,,false,true,12,2016-04-01,2017-03-31,0
2016-10-28,31160,2017-03-31,2,,,,,,,,,,,,,,,,,,,,,,,,,,,,,,,,,187665738,1958087,185662864,false,false,6,2016-04-01,2016-09-30,0
2016-10-28,31160,2016-03-31,2,,,,,,,,,,,,,,,,,,,,,,,,,,,,,,,,,,,185453112,false,false,6,2015-04-01,2015-09-30,-1
2017-02-02,31160,2017-03-31,3,1000782000000,-0.050,,,,,52820000000,0.290,54839000000,0.347,,27657000000,,148.96,,,,,,648634000000,249633000000,0.321,,208368000000,,,,,,,,,,,,true,false,9,2016-04-01,2016-12-31,0
2017-02-02,31160,2016-03-31,3,1053028000000,0.106,,,,,40956000000,0.857,40697000000,0.280,,22442000000,,120.99,120.94,,,,,,,,,,,,,,,,,,,,,true,false,9,2015-04-01,2015-12-31,-1
2017-02-02,31160,2017-03-31,3,1330000000000,-0.061,,,,,69000000000,0.160,71000000000,0.265,,40000000000,,215.42,,,,,,,,,,,,,,,,,,,,,,true,true,12,2016-04-01,2017-03-31,0
2017-02-02,31160,2016-03-31,3,,,,,,,,,,,,,,,,,,,,725895000000,243146000000,0.273,,197816000000,,,,,,,,,,,,true,false,12,2015-04-01,2016-03-31,-1
2017-02-02,31160,2016-03-31,3,,,,,,,,,,,,,,,,,,,,,,,,,,,,,30.00,,,,187665738,2047337,,false,false,12,2015-04-01,2016-03-31,-1
2017-02-02,31160,2017-03-31,3,,,,,,,,,,,,,,,,,,,,,,,,,,,,,21.00,,,,,,,false,false,12,2016-04-01,2017-03-31,0
2017-02-02,31160,2017-03-31,3,,,,,,,,,,,,,,,,,,,,,,,,,,,,,42.00,,,,,,,false,true,12,2016-04-01,2017-03-31,0
2017-02-02,31160,2017-03-31,3,,,,,,,,,,,,,,,,,,,,,,,,,,,,,,,,,187665738,1958152,185677845,false,false,9,2016-04-01,2016-12-31,0
2017-02-02,31160,2016-03-31,3,,,,,,,,,,,,,,,,,,,,,,,,,,,,,,,,,,,185499083,false,false,9,2015-04-01,2015-12-31,-1
2017-04-28,31160,2017-03-31,,1357913000000,-0.041,,,,,71936000000,0.209,77224000000,0.376,,45359000000,,244.28,,0.212,0.109,0.053,,691921000000,276274000000,0.333,1240.77,230420000000,95389000000,-48927000000,-61347000000,144889000000,,0.205,,,,,,true,false,12,2016-04-01,2017-03-31,0
2017-04-28,31160,2016-03-31,,1415772000000,0.084,,,,,59492000000,0.837,56123000000,0.366,,3900000000,,21.02,21.02,0.019,0.078,0.042,,725895000000,243146000000,0.273,1065.72,197816000000,78912000000,-48086000000,-8739000000,160904000000,,1.427,,,,,,true,false,12,2015-04-01,2016-03-31,-1
2017-04-28,31160,2018-03-31,,640000000000,-0.041,,,,,29500000000,-0.184,29500000000,-0.183,,17000000000,,91.54,,,,,,,,,,,,,,,,,,,,,,true,true,6,2017-04-01,2017-09-30,1
2017-04-28,31160,2018-03-31,,1300000000000,-0.043,,,,,60000000000,-0.166,60000000000,-0.223,,38000000000,,204.62,,,,,,,,,,,,,,,,0.244,,,,,,true,true,12,2017-04-01,2018-03-31,1
2017-04-28,31160,2016-03-31,,,,,,,,,,,,,,,,,,,,,,,,,,,,,,30.00,,,,187665738,2047337,185525873,false,false,12,2015-04-01,2016-03-31,-1
2017-04-28,31160,2017-03-31,,,,,,,,,,,,,,,,,,,,,,,,,,,,,,50.00,,,,187665738,1958154,185685178,false,false,12,2016-04-01,2017-03-31,0
2017-04-28,31160,2018-03-31,,,,,,,,,,,,,,,,,,,,,,,,,,,,,,50.00,,,,,,,false,true,12,2017-04-01,2018-03-31,1
2017-07-28,31160,2018-03-31,1,332475000000,0.024,,,,,16250000000,0.017,17053000000,-0.007,,10046000000,,54.10,,,,,,680066000000,278800000000,0.344,,234208000000,,,,,,,,,,,,true,false,3,2017-04-01,2017-06-30,0
2017-07-28,31160,2017-03-31,1,324728000000,-0.027,,,,,15986000000,0.280,17175000000,0.218,,8422000000,,45.37,45.36,,,,,,,,,,,,,,,,,,,,,true,false,3,2016-04-01,2016-06-30,-1
2017-07-28,31160,2018-03-31,1,665000000000,-0.004,,,,,31000000000,-0.142,32000000000,-0.113,,18500000000,,99.62,,,,,,,,,,,,,,,,,,,,,,true,true,6,2017-04-01,2017-09-30,0
2017-07-28,31160,2018-03-31,1,1350000000000,-0.006,,,,,63000000000,-0.124,64000000000,-0.171,,40000000000,,215.39,,,,,,,,,,,,,,,,,,,,,,true,true,12,2017-04-01,2018-03-31,0
2017-07-28,31160,2017-03-31,1,,,,,,,,,,,,,,,,,,,,691921000000,276274000000,0.333,,230420000000,,,,,,,,,,,,true,false,12,2016-04-01,2017-03-31,-1
2017-07-28,31160,2017-03-31,1,,,,,,,,,,,,,,,,,,,,,,,,,,,,,50.00,,,,187665738,1958154,,false,false,12,2016-04-01,2017-03-31,-1
2017-07-28,31160,2018-03-31,1,,,,,,,,,,,,,,,,,,,,,,,,,,,,,50.00,,,,,,,false,true,12,2017-04-01,2018-03-31,0
2017-07-28,31160,2018-03-31,1,,,,,,,,,,,,,,,,,,,,,,,,,,,,,,,,,187665738,1958154,185707584,false,false,3,2017-04-01,2017-06-30,0
2017-07-28,31160,2017-03-31,1,,,,,,,,,,,,,,,,,,,,,,,,,,,,,,,,,,,185626875,false,false,3,2016-04-01,2016-06-30,-1
2017-10-31,31160,2018-03-31,2,672313000000,0.007,,,,,31890000000,-0.118,33103000000,-0.083,,19133000000,,103.03,,,,,,679383000000,288520000000,0.362,,245647000000,,,,,,,,,,,,true,false,6,2017-04-01,2017-09-30,0
2017-10-31,31160,2017-03-31,2,667485000000,-0.037,,,,,36148000000,0.303,36096000000,0.203,,13281000000,,71.54,,,,,,,,,,,,,,,,,,,,,,true,false,6,2016-04-01,2016-09-30,-1
2017-10-31,31160,2018-03-31,2,1350000000000,-0.006,,,,,63000000000,-0.124,64000000000,-0.171,,40000000000,,215.39,,,,,,,,,,,,,,,,,,,,,,true,true,12,2017-04-01,2018-03-31,0
2017-10-31,31160,2017-03-31,2,,,,,,,,,,,,,,,,,,,,691921000000,276274000000,0.333,,230420000000,,,,,,,,,,,,true,false,12,2016-04-01,2017-03-31,-1
2017-10-31,31160,2017-03-31,2,,,,,,,,,,,,,,,,,,,,,,,,,,,,,50.00,,,,187665738,1958154,,false,false,12,2016-04-01,2017-03-31,-1
2017-10-31,31160,2018-03-31,2,,,,,,,,,,,,,,,,,,,,,,,,,,,,,25.00,,,,,,,false,false,12,2017-04-01,2018-03-31,0
2017-10-31,31160,2018-03-31,2,,,,,,,,,,,,,,,,,,,,,,,,,,,,,50.00,,,,,,,false,true,12,2017-04-01,2018-03-31,0
2017-10-31,31160,2018-03-31,2,,,,,,,,,,,,,,,,,,,,,,,,,,,,,,,,,187665738,1958276,185707559,false,false,6,2017-04-01,2017-09-30,0
2017-10-31,31160,2017-03-31,2,,,,,,,,,,,,,,,,,,,,,,,,,,,,,,,,,,,185662864,false,false,6,2016-04-01,2016-09-30,-1
2018-02-02,31160,2018-03-31,3,1033081000000,0.032,,,,,49494000000,-0.063,51899000000,-0.054,,28510000000,,153.53,,,,,,723441000000,297863000000,0.349,,252539000000,,,,,,,,,,,,true,false,9,2017-04-01,2017-12-31,0
2018-02-02,31160,2017-03-31,3,1000782000000,-0.050,,,,,52820000000,0.290,54839000000,0.347,,27657000000,,148.96,,,,,,,,,,,,,,,,,,,,,,true,false,9,2016-04-01,2016-12-31,-1
2018-02-02,31160,2018-03-31,3,1390000000000,0.024,,,,,66000000000,-0.083,69000000000,-0.107,,41000000000,,220.78,,,,,,,,,,,,,,,,,,,,,,true,true,12,2017-04-01,2018-03-31,0
2018-02-02,31160,2017-03-31,3,,,,,,,,,,,,,,,,,,,,691921000000,276274000000,0.333,,230420000000,,,,,,,,,,,,true,false,12,2016-04-01,2017-03-31,-1
2018-02-02,31160,2017-03-31,3,,,,,,,,,,,,,,,,,,,,,,,,,,,,,50.00,,,,187665738,1958154,,false,false,12,2016-04-01,2017-03-31,-1
2018-02-02,31160,2018-03-31,3,,,,,,,,,,,,,,,,,,,,,,,,,,,,,25.00,,,,,,,false,false,12,2017-04-01,2018-03-31,0
2018-02-02,31160,2018-03-31,3,,,,,,,,,,,,,,,,,,,,,,,,,,,,,50.00,,,,,,,false,true,12,2017-04-01,2018-03-31,0
2018-02-02,31160,2018-03-31,3,,,,,,,,,,,,,,,,,,,,,,,,,,,,,,,,,187665738,1958326,185707525,false,false,9,2017-04-01,2017-12-31,0
2018-02-02,31160,2017-03-31,3,,,,,,,,,,,,,,,,,,,,,,,,,,,,,,,,,,,185677845,false,false,9,2016-04-01,2016-12-31,-1
2018-04-27,31160,2018-03-31,,1399530000000,0.031,,,,,71198000000,-0.010,72879000000,-0.056,,42762000000,,230.27,,0.173,0.101,0.051,,744558000000,308620000000,0.353,1414.91,262759000000,86117000000,-51707000000,-3528000000,178372000000,,0.235,,,,,,true,false,12,2017-04-01,2018-03-31,0
2018-04-27,31160,2017-03-31,,1357913000000,-0.041,,,,,71936000000,0.209,77224000000,0.376,,45359000000,,244.28,,0.212,0.109,0.053,,691921000000,276274000000,0.333,1240.77,230420000000,95389000000,-48927000000,-61347000000,144889000000,,0.205,,,,,,true,false,12,2016-04-01,2017-03-31,-1
2018-04-27,31160,2019-03-31,,670000000000,-0.003,,,,,29500000000,-0.075,29500000000,-0.109,,17500000000,,94.23,,,,,,,,,,,,,,,,,,,,,,true,true,6,2018-04-01,2018-09-30,1
2018-04-27,31160,2019-03-31,,1360000000000,-0.028,,,,,62000000000,-0.129,62000000000,-0.149,,38000000000,,204.62,,,,,,,,,,,,,,,,0.274,,,,,,true,true,12,2018-04-01,2019-03-31,1
2018-04-27,31160,2017-03-31,,,,,,,,,,,,,,,,,,,,,,,,,,,,,,50.00,,,,187665738,1958154,185685178,false,false,12,2016-04-01,2017-03-31,-1
2018-04-27,31160,2018-03-31,,,,,,,,,,,,,,,,,,,,,,,,,,,,,,54.00,,,,187665738,1958326,185707497,false,false,12,2017-04-01,2018-03-31,0
2018-04-27,31160,2019-03-31,,,,,,,,,,,,,,,,,,,,,,,,,,,,,,56.00,,,,,,,false,true,12,2018-04-01,2019-03-31,1
2018-07-31,31160,2019-03-31,1,344427000000,0.036,,,,,14329000000,-0.118,16396000000,-0.039,,6383000000,,34.37,,,,,,733826000000,306048000000,0.358,,262768000000,,,,,,,,,,,,true,false,3,2018-04-01,2018-06-30,0
2018-07-31,31160,2018-03-31,1,332475000000,0.024,,,,,16250000000,0.017,17053000000,-0.007,,10046000000,,54.10,,,,,,,,,,,,,,,,,,,,,,true,false,3,2017-04-01,2017-06-30,-1
2018-07-31,31160,2019-03-31,1,695000000000,0.034,,,,,29500000000,-0.075,31500000000,-0.048,,15000000000,,80.77,,,,,,,,,,,,,,,,,,,,,,true,true,6,2018-04-01,2018-09-30,0
2018-07-31,31160,2019-03-31,1,1400000000000,0.000,,,,,62000000000,-0.129,64000000000,-0.122,,35000000000,,188.47,,,,,,,,,,,,,,,,,,,,,,true,true,12,2018-04-01,2019-03-31,0
2018-07-31,31160,2018-03-31,1,,,,,,,,,,,,,,,,,,,,744558000000,308620000000,0.353,,262759000000,,,,,,,,,,,,true,false,12,2017-04-01,2018-03-31,-1
2018-07-31,31160,2018-03-31,1,,,,,,,,,,,,,,,,,,,,,,,,,,,,,54.00,,,,187665738,1958326,,false,false,12,2017-04-01,2018-03-31,-1
2018-07-31,31160,2019-03-31,1,,,,,,,,,,,,,,,,,,,,,,,,,,,,,56.00,,,,,,,false,true,12,2018-04-01,2019-03-31,0
2018-07-31,31160,2019-03-31,1,,,,,,,,,,,,,,,,,,,,,,,,,,,,,,,,,187665738,1958391,185707383,false,false,3,2018-04-01,2018-06-30,0
2018-07-31,31160,2018-03-31,1,,,,,,,,,,,,,,,,,,,,,,,,,,,,,,,,,,,185707584,false,false,3,2017-04-01,2017-06-30,-1
2018-10-31,31160,2019-03-31,2,686258000000,0.021,,,,,27815000000,-0.128,28740000000,-0.132,,12278000000,,66.12,,,,,,733062000000,313617000000,0.371,,271857000000,,,,,,,,,,,,true,false,6,2018-04-01,2018-09-30,0
2018-10-31,31160,2018-03-31,2,672313000000,0.007,,,,,31890000000,-0.118,33103000000,-0.083,,19133000000,,103.03,,,,,,,,,,,,,,,,,,,,,,true,false,6,2017-04-01,2017-09-30,-1
2018-10-31,31160,2019-03-31,2,1400000000000,0.000,,,,,62000000000,-0.129,63000000000,-0.136,,34000000000,,183.08,,,,,,,,,,,,,,,,,,,,,,true,true,12,2018-04-01,2019-03-31,0
2018-10-31,31160,2018-03-31,2,,,,,,,,,,,,,,,,,,,,744558000000,308620000000,0.353,,262759000000,,,,,,,,,,,,true,false,12,2017-04-01,2018-03-31,-1
2018-10-31,31160,2018-03-31,2,,,,,,,,,,,,,,,,,,,,,,,,,,,,,54.00,,,,187665738,1958326,,false,false,12,2017-04-01,2018-03-31,-1
2018-10-31,31160,2019-03-31,2,,,,,,,,,,,,,,,,,,,,,,,,,,,,,28.00,,,,,,,false,false,12,2018-04-01,2019-03-31,0
2018-10-31,31160,2019-03-31,2,,,,,,,,,,,,,,,,,,,,,,,,,,,,,56.00,,,,,,,false,true,12,2018-04-01,2019-03-31,0
2018-10-31,31160,2019-03-31,2,,,,,,,,,,,,,,,,,,,,,,,,,,,,,,,,,187665738,1958512,185707317,false,false,6,2018-04-01,2018-09-30,0
2018-10-31,31160,2018-03-31,2,,,,,,,,,,,,,,,,,,,,,,,,,,,,,,,,,,,185707559,false,false,6,2017-04-01,2017-09-30,-1
2019-02-01,31160,2019-03-31,3,1046781000000,0.013,,,,,43682000000,-0.117,44261000000,-0.147,,17046000000,,91.79,,,,,,703301000000,306338000000,0.384,,269934000000,,,,,,,,,,,,true,false,9,2018-04-01,2018-12-31,0
2019-02-01,31160,2018-03-31,3,1033081000000,0.032,,,,,49494000000,-0.063,51899000000,-0.054,,28510000000,,153.53,,,,,,,,,,,,,,,,,,,,,,true,false,9,2017-04-01,2017-12-31,-1
2019-02-01,31160,2019-03-31,3,1400000000000,0.000,,,,,58000000000,-0.185,58000000000,-0.204,,26000000000,,140.01,,,,,,,,,,,,,,,,,,,,,,true,true,12,2018-04-01,2019-03-31,0
2019-02-01,31160,2018-03-31,3,,,,,,,,,,,,,,,,,,,,744558000000,308620000000,0.353,,262759000000,,,,,,,,,,,,true,false,12,2017-04-01,2018-03-31,-1
2019-02-01,31160,2018-03-31,3,,,,,,,,,,,,,,,,,,,,,,,,,,,,,54.00,,,,187665738,1958326,,false,false,12,2017-04-01,2018-03-31,-1
2019-02-01,31160,2019-03-31,3,,,,,,,,,,,,,,,,,,,,,,,,,,,,,28.00,,,,,,,false,false,12,2018-04-01,2019-03-31,0
2019-02-01,31160,2019-03-31,3,,,,,,,,,,,,,,,,,,,,,,,,,,,,,56.00,,,,,,,false,true,12,2018-04-01,2019-03-31,0
2019-02-01,31160,2019-03-31,3,,,,,,,,,,,,,,,,,,,,,,,,,,,,,,,,,187665738,1958513,185707286,false,false,9,2018-04-01,2018-12-31,0
2019-02-01,31160,2018-03-31,3,,,,,,,,,,,,,,,,,,,,,,,,,,,,,,,,,,,185707525,false,false,9,2017-04-01,2017-12-31,-1
2019-04-26,31160,2019-03-31,,1406441000000,0.005,,,,,58065000000,-0.184,57780000000,-0.207,,21503000000,,115.79,,0.080,0.077,0.041,,752281000000,313021000000,0.367,1487.58,276253000000,64114000000,-61773000000,-19526000000,158192000000,,0.484,,,,,,true,false,12,2018-04-01,2019-03-31,0
2019-04-26,31160,2018-03-31,,1399530000000,0.031,,,,,71198000000,-0.010,72879000000,-0.056,,42762000000,,230.27,,0.173,0.101,0.051,,744558000000,308620000000,0.353,1414.91,262759000000,86117000000,-51707000000,-3528000000,178372000000,,0.235,,,,,,true,false,12,2017-04-01,2018-03-31,-1
2019-04-26,31160,2020-03-31,,,,,,,,26000000000,-0.065,,,,13000000000,,70.00,,,,,,,,,,,,,,,,,,,,,,true,true,6,2019-04-01,2019-09-30,1
2019-04-26,31160,2020-03-31,,,,,,,,53000000000,-0.087,,,,29000000000,,156.16,,,,,,,,,,,,,,,,0.359,,,,,,true,true,12,2019-04-01,2020-03-31,1
2019-04-26,31160,2018-03-31,,,,,,,,,,,,,,,,,,,,,,,,,,,,,,54.00,,,,187665738,1958326,185707497,false,false,12,2017-04-01,2018-03-31,-1
2019-04-26,31160,2019-03-31,,,,,,,,,,,,,,,,,,,,,,,,,,,,,,56.00,,,,187665738,1958513,185707271,false,false,12,2018-04-01,2019-03-31,0
2019-04-26,31160,2020-03-31,,,,,,,,,,,,,,,,,,,,,,,,,,,,,,56.00,,,,,,,false,true,12,2019-04-01,2020-03-31,1
2019-06-21,31160,2019-03-31,,,,,,,,61257000000,-0.177,,,,27457000000,,147.85,,,,,,793599000000,,,,,60720000000,-58915000000,-19526000000,,,0.379,,,,,,true,false,12,2018-04-01,2019-03-31,0
2019-06-21,31160,2018-03-31,,,,,,,,74429000000,,,,,44818000000,,241.34,,,,,,776611000000,,,,,83559000000,-48148000000,-3528000000,,,0.224,,,,,,true,false,12,2017-04-01,2018-03-31,-1
2019-06-21,31160,2020-03-31,,,,,,,,26000000000,,,,,13000000000,,70.00,,,,,,,,,,,,,,,,,,,,,,true,true,6,2019-04-01,2019-09-30,1
2019-06-21,31160,2020-03-31,,,,,,,,53000000000,-0.135,,,,29000000000,,156.16,,,,,,,,,,,,,,,,0.359,,,,,,true,true,12,2019-04-01,2020-03-31,1
2019-06-21,31160,2018-03-31,,,,,,,,,,,,,,,,,,,,,,,,,,,,,,54.00,,,,,,,false,false,12,2017-04-01,2018-03-31,-1
2019-06-21,31160,2019-03-31,,,,,,,,,,,,,,,,,,,,,,,,,,,,,,56.00,,,,,,,false,false,12,2018-04-01,2019-03-31,0
2019-06-21,31160,2020-03-31,,,,,,,,,,,,,,,,,,,,,,,,,,,,,,56.00,,,,,,,false,true,12,2019-04-01,2020-03-31,1
2019-07-31,31160,2020-03-31,1,,,,,,,14738000000,-0.010,,,,6905000000,,37.19,,,,,,792651000000,,,,,,,,,,,,,,,,true,false,3,2019-04-01,2019-06-30,0
2019-07-31,31160,2019-03-31,1,,,,,,,14881000000,,,,,6860000000,,36.94,,,,,,,,,,,,,,,,,,,,,,true,false,3,2018-04-01,2018-06-30,-1
2019-07-31,31160,2020-03-31,1,,,,,,,26000000000,,,,,13000000000,,70.00,,,,,,,,,,,,,,,,,,,,,,true,true,6,2019-04-01,2019-09-30,0
2019-07-31,31160,2020-03-31,1,,,,,,,53000000000,-0.135,,,,29000000000,,156.16,,,,,,,,,,,,,,,,,,,,,,true,true,12,2019-04-01,2020-03-31,0
2019-07-31,31160,2019-03-31,1,,,,,,,,,,,,,,,,,,,,793599000000,,,,,,,,,,,,,,,,true,false,12,2018-04-01,2019-03-31,-1
2019-07-31,31160,2019-03-31,1,,,,,,,,,,,,,,,,,,,,,,,,,,,,,56.00,,,,187665738,1958513,,false,false,12,2018-04-01,2019-03-31,-1
2019-07-31,31160,2020-03-31,1,,,,,,,,,,,,,,,,,,,,,,,,,,,,,56.00,,,,,,,false,true,12,2019-04-01,2020-03-31,0
2019-07-31,31160,2020-03-31,1,,,,,,,,,,,,,,,,,,,,,,,,,,,,,,,,,187665738,1958513,185707225,false,false,3,2019-04-01,2019-06-30,0
2019-07-31,31160,2019-03-31,1,,,,,,,,,,,,,,,,,,,,,,,,,,,,,,,,,,,185707383,false,false,3,2018-04-01,2018-06-30,-1
2019-10-31,31160,2020-03-31,2,,,,,,,26508000000,-0.074,,,,12638000000,,67.85,,,,,,791426000000,,,,,,,,,,,,,,,,true,false,6,2019-04-01,2019-09-30,0
2019-10-31,31160,2019-03-31,2,,,,,,,28622000000,,,,,13544000000,,72.93,,,,,,,,,,,,,,,,,,,,,,true,false,6,2018-04-01,2018-09-30,-1
2019-10-31,31160,2020-03-31,2,,,,,,,50000000000,-0.184,,,,25000000000,,134.02,,,,,,,,,,,,,,,,,,,,,,true,true,12,2019-04-01,2020-03-31,0
2019-10-31,31160,2019-03-31,2,,,,,,,,,,,,,,,,,,,,793599000000,,,,,,,,,,,,,,,,true,false,12,2018-04-01,2019-03-31,-1
2019-10-31,31160,2019-03-31,2,,,,,,,,,,,,,,,,,,,,,,,,,,,,,56.00,,,,187665738,1958513,,false,false,12,2018-04-01,2019-03-31,-1
2019-10-31,31160,2020-03-31,2,,,,,,,,,,,,,,,,,,,,,,,,,,,,,28.00,,,,,,,false,false,12,2019-04-01,2020-03-31,0
2019-10-31,31160,2020-03-31,2,,,,,,,,,,,,,,,,,,,,,,,,,,,,,56.00,,,,,,,false,true,12,2019-04-01,2020-03-31,0
2019-10-31,31160,2020-03-31,2,,,,,,,,,,,,,,,,,,,,,,,,,,,,,,,,,187665738,845663,186266725,false,false,6,2019-04-01,2019-09-30,0
2019-10-31,31160,2019-03-31,2,,,,,,,,,,,,,,,,,,,,,,,,,,,,,,,,,,,185707317,false,false,6,2018-04-01,2018-09-30,-1
2020-01-31,31160,2020-03-31,3,,,,,,,39963000000,-0.127,,,,17573000000,,94.25,,,,,,785336000000,,,,,,,,,,,,,,,,true,false,9,2019-04-01,2019-12-31,0
2020-01-31,31160,2019-03-31,3,,,,,,,45752000000,,,,,21949000000,,118.20,,,,,,,,,,,,,,,,,,,,,,true,false,9,2018-04-01,2018-12-31,-1
2020-01-31,31160,2020-03-31,3,,,,,,,53000000000,-0.135,,,,25000000000,,134.02,,,,,,,,,,,,,,,,,,,,,,true,true,12,2019-04-01,2020-03-31,0
2020-01-31,31160,2019-03-31,3,,,,,,,,,,,,,,,,,,,,793599000000,,,,,,,,,,,,,,,,true,false,12,2018-04-01,2019-03-31,-1
2020-01-31,31160,2019-03-31,3,,,,,,,,,,,,,,,,,,,,,,,,,,,,,56.00,,,,187665738,1958513,,false,false,12,2018-04-01,2019-03-31,-1
2020-01-31,31160,2020-03-31,3,,,,,,,,,,,,,,,,,,,,,,,,,,,,,28.00,,,,,,,false,false,12,2019-04-01,2020-03-31,0
2020-01-31,31160,2020-03-31,3,,,,,,,,,,,,,,,,,,,,,,,,,,,,,56.00,,,,,,,false,true,12,2019-04-01,2020-03-31,0
2020-01-31,31160,2020-03-31,3,,,,,,,,,,,,,,,,,,,,,,,,,,,,,,,,,187665738,845736,186447795,false,false,9,2019-04-01,2019-12-31,0
2020-01-31,31160,2019-03-31,3,,,,,,,,,,,,,,,,,,,,,,,,,,,,,,,,,,,185707286,false,false,9,2018-04-01,2018-12-31,-1
2020-04-30,31160,2020-03-31,,,,,,,,47785000000,-0.220,,,,24786000000,,132.88,,,,,,780714000000,,,,,79673000000,-54175000000,-13964000000,,,0.406,,,,,,true,false,12,2019-04-01,2020-03-31,0
2020-04-30,31160,2019-03-31,,,,,,,,61257000000,-0.177,,,,27457000000,,147.85,,,,,,793599000000,,,,,60720000000,-58915000000,-19526000000,,,0.379,,,,,,true,false,12,2018-04-01,2019-03-31,-1
2020-04-30,31160,2019-03-31,,,,,,,,,,,,,,,,,,,,,,,,,,,,,,56.00,,,,187665738,1958513,185707271,false,false,12,2018-04-01,2019-03-31,-1
2020-04-30,31160,2020-03-31,,,,,,,,,,,,,,,,,,,,,,,,,,,,,,54.00,,,,187665738,845736,186540338,false,false,12,2019-04-01,2020-03-31,0
2020-07-31,31160,2021-03-31,1,,,,,,,-14070000000,,,,,-18247000000,,-97.68,,,,,,769747000000,,,,,,,,,,,,,,,,true,false,3,2020-04-01,2020-06-30,0
2020-07-31,31160,2020-03-31,1,,,,,,,14738000000,-0.010,,,,6905000000,,37.19,,,,,,,,,,,,,,,,,,,,,,true,false,3,2019-04-01,2019-06-30,-1
2020-07-31,31160,2021-03-31,1,,,,,,,13000000000,-0.728,,,,-5000000000,,-26.76,,,,,,,,,,,,,,,,,,,,,,true,true,12,2020-04-01,2021-03-31,0
2020-07-31,31160,2020-03-31,1,,,,,,,,,,,,,,,,,,,,780714000000,,,,,,,,,,,,,,,,true,false,12,2019-04-01,2020-03-31,-1
2020-07-31,31160,2020-03-31,1,,,,,,,,,,,,,,,,,,,,,,,,,,,,,54.00,,,,187665738,845736,,false,false,12,2019-04-01,2020-03-31,-1
2020-07-31,31160,2021-03-31,1,,,,,,,,,,,,,,,,,,,,,,,,,,,,,,,,,187665738,845761,186819995,false,false,3,2020-04-01,2020-06-30,0
2020-07-31,31160,2020-03-31,1,,,,,,,,,,,,,,,,,,,,,,,,,,,,,,,,,,,185707225,false,false,3,2019-04-01,2019-06-30,-1
2020-10-29,31160,2021-03-31,2,,,,,,,3614000000,-0.864,,,,-7667000000,,-41.04,,,,,,791540000000,,,,,,,,,,,,,,,,true,false,6,2020-04-01,2020-09-30,0
2020-10-29,31160,2020-03-31,2,,,,,,,26508000000,-0.074,,,,12638000000,,67.85,,,,,,,,,,,,,,,,,,,,,,true,false,6,2019-04-01,2019-09-30,-1
2020-10-29,31160,2021-03-31,2,,,,,,,36000000000,-0.247,,,,14000000000,,74.93,,,,,,,,,,,,,,,,,,,,,,true,true,12,2020-04-01,2021-03-31,0
2020-10-29,31160,2020-03-31,2,,,,,,,,,,,,,,,,,,,,780714000000,,,,,,,,,,,,,,,,true,false,12,2019-04-01,2020-03-31,-1
2020-10-29,31160,2020-03-31,2,,,,,,,,,,,,,,,,,,,,,,,,,,,,,54.00,,,,187665738,845736,,false,false,12,2019-04-01,2020-03-31,-1
2020-10-29,31160,2021-03-31,2,,,,,,,,,,,,,,,,,,,,,,,,,,,,,10.00,,,,,,,false,false,12,2020-04-01,2021-03-31,0
2020-10-29,31160,2021-03-31,2,,,,,,,,,,,,,,,,,,,,,,,,,,,,,38.00,,,,,,,false,true,12,2020-04-01,2021-03-31,0
2020-10-29,31160,2021-03-31,2,,,,,,,,,,,,,,,,,,,,,,,,,,,,,,,,,187665738,818363,186831364,false,false,6,2020-04-01,2020-09-30,0
2020-10-29,31160,2020-03-31,2,,,,,,,,,,,,,,,,,,,,,,,,,,,,,,,,,,,186266725,false,false,6,2019-04-01,2019-09-30,-1
2021-02-02,31160,2021-03-31,3,,,,,,,33880000000,-0.152,,,,12467000000,,66.73,,,,,,818529000000,,,,,,,,,,,,,,,,true,false,9,2020-04-01,2020-12-31,0
2021-02-02,31160,2020-03-31,3,,,,,,,39963000000,-0.127,,,,17573000000,,94.25,,,,,,,,,,,,,,,,,,,,,,true,false,9,2019-04-01,2019-12-31,-1
2021-02-02,31160,2021-03-31,3,,,,,,,47000000000,-0.016,,,,21000000000,,112.40,,,,,,,,,,,,,,,,,,,,,,true,true,12,2020-04-01,2021-03-31,0
2021-02-02,31160,2020-03-31,3,,,,,,,,,,,,,,,,,,,,780714000000,,,,,,,,,,,,,,,,true,false,12,2019-04-01,2020-03-31,-1
2021-02-02,31160,2020-03-31,3,,,,,,,,,,,,,,,,,,,,,,,,,,,,,54.00,,,,187665738,845736,,false,false,12,2019-04-01,2020-03-31,-1
2021-02-02,31160,2021-03-31,3,,,,,,,,,,,,,,,,,,,,,,,,,,,,,10.00,,,,,,,false,false,12,2020-04-01,2021-03-31,0
2021-02-02,31160,2021-03-31,3,,,,,,,,,,,,,,,,,,,,,,,,,,,,,38.00,,,,,,,false,true,12,2020-04-01,2021-03-31,0
2021-02-02,31160,2021-03-31,3,,,,,,,,,,,,,,,,,,,,,,,,,,,,,,,,,187665738,818363,186836721,false,false,9,2020-04-01,2020-12-31,0
2021-02-02,31160,2020-03-31,3,,,,,,,,,,,,,,,,,,,,,,,,,,,,,,,,,,,186447795,false,false,9,2019-04-01,2019-12-31,-1
2021-04-28,31160,2021-03-31,,,,,,,,57103000000,0.195,,,,31188000000,,166.93,,,,,,845778000000,,,,,74483000000,-51392000000,2756000000,,,0.270,,,,,,true,false,12,2020-04-01,2021-03-31,0
2021-04-28,31160,2020-03-31,,,,,,,,47785000000,-0.220,,,,24786000000,,132.88,,,,,,780714000000,,,,,79673000000,-54175000000,-13964000000,,,0.406,,,,,,true,false,12,2019-04-01,2020-03-31,-1
2021-04-28,31160,2022-03-31,,,,,,,,72000000000,0.261,,,,47000000000,,251.54,,,,,,,,,,,,,,,,0.254,,,,,,true,true,12,2021-04-01,2022-03-31,1
2021-04-28,31160,2020-03-31,,,,,,,,,,,,,,,,,,,,,,,,,,,,,,54.00,,,,187665738,845736,186540338,false,false,12,2019-04-01,2020-03-31,-1
2021-04-28,31160,2021-03-31,,,,,,,,,,,,,,,,,,,,,,,,,,,,,,45.00,,,,187665738,818460,186839339,false,false,12,2020-04-01,2021-03-31,0
2021-04-28,31160,2022-03-31,,,,,,,,,,,,,,,,,,,,,,,,,,,,,,64.00,,,,,,,false,true,12,2021-04-01,2022-03-31,1
2021-07-30,31160,2022-03-31,1,,,,,,,17799000000,,,,,12195000000,,65.27,,,,,,863857000000,,,,,,,,,,,,,,,,true,false,3,2021-04-01,2021-06-30,0
2021-07-30,31160,2021-03-31,1,,,,,,,-14070000000,,,,,-18247000000,,-97.68,,,,,,,,,,,,,,,,,,,,,,true,false,3,2020-04-01,2020-06-30,-1
2021-07-30,31160,2022-03-31,1,,,,,,,72000000000,0.261,,,,47000000000,,251.52,,,,,,,,,,,,,,,,,,,,,,true,true,12,2021-04-01,2022-03-31,0
2021-07-30,31160,2021-03-31,1,,,,,,,,,,,,,,,,,,,,845778000000,,,,,,,,,,,,,,,,true,false,12,2020-04-01,2021-03-31,-1
2021-07-30,31160,2021-03-31,1,,,,,,,,,,,,,,,,,,,,,,,,,,,,,45.00,,,,187665738,818460,,false,false,12,2020-04-01,2021-03-31,-1
2021-07-30,31160,2022-03-31,1,,,,,,,,,,,,,,,,,,,,,,,,,,,,,64.00,,,,,,,false,true,12,2021-04-01,2022-03-31,0
2021-07-30,31160,2022-03-31,1,,,,,,,,,,,,,,,,,,,,,,,,,,,,,,,,,187665738,818507,186847267,false,false,3,2021-04-01,2021-06-30,0
2021-07-30,31160,2021-03-31,1,,,,,,,,,,,,,,,,,,,,,,,,,,,,,,,,,,,186819995,false,false,3,2020-04-01,2020-06-30,-1
2021-10-29,3116,2022-03-31,2,,,,,,,24263000000,5.713,,,,14153000000,,75.75,,,,,,823223000000,,,,,,,,,,,,,,,,true,false,6,2021-04-01,2021-09-30,0
2021-10-29,3116,2021-03-31,2,,,,,,,3614000000,-0.864,,,,-7667000000,,-41.04,,,,,,,,,,,,,,,,,,,,,,true,false,6,2020-04-01,2020-09-30,-1
2021-10-29,3116,2022-03-31,2,,,,,,,72000000000,0.261,,,,47000000000,,251.52,,,,,,,,,,,,,,,,,,,,,,true,true,12,2021-04-01,2022-03-31,0
2021-10-29,3116,2021-03-31,2,,,,,,,,,,,,,,,,,,,,845778000000,,,,,,,,,,,,,,,,true,false,12,2020-04-01,2021-03-31,-1
2021-10-29,3116,2021-03-31,2,,,,,,,,,,,,,,,,,,,,,,,,,,,,,45.00,,,,187665738,818460,,false,false,12,2020-04-01,2021-03-31,-1
2021-10-29,3116,2022-03-31,2,,,,,,,,,,,,,,,,,,,,,,,,,,,,,32.00,,,,,,,false,false,12,2021-04-01,2022-03-31,0
2021-10-29,3116,2022-03-31,2,,,,,,,,,,,,,,,,,,,,,,,,,,,,,64.00,,,,,,,false,true,12,2021-04-01,2022-03-31,0
2021-10-29,3116,2022-03-31,2,,,,,,,,,,,,,,,,,,,,,,,,,,,,,,,,,187665738,799820,186855737,false,false,6,2021-04-01,2021-09-30,0
2021-10-29,3116,2021-03-31,2,,,,,,,,,,,,,,,,,,,,,,,,,,,,,,,,,,,186831364,false,false,6,2020-04-01,2020-09-30,-1
2022-02-02,3116,2022-03-31,3,,,,,,,42466000000,0.253,,,,24498000000,,131.10,,,,,,886422000000,,,,,,,,,,,,,,,,true,false,9,2021-04-01,2021-12-31,0
2022-02-02,3116,2021-03-31,3,,,,,,,33880000000,-0.152,,,,12467000000,,66.73,,,,,,,,,,,,,,,,,,,,,,true,false,9,2020-04-01,2020-12-31,-1
2022-02-02,3116,2022-03-31,3,,,,,,,60000000000,0.051,,,,37000000000,,198.01,,,,,,,,,,,,,,,,,,,,,,true,true,12,2021-04-01,2022-03-31,0
2022-02-02,3116,2021-03-31,3,,,,,,,,,,,,,,,,,,,,845778000000,,,,,,,,,,,,,,,,true,false,12,2020-04-01,2021-03-31,-1
2022-02-02,3116,2021-03-31,3,,,,,,,,,,,,,,,,,,,,,,,,,,,,,45.00,,,,187665738,818460,,false,false,12,2020-04-01,2021-03-31,-1
2022-02-02,3116,2022-03-31,3,,,,,,,,,,,,,,,,,,,,,,,,,,,,,32.00,,,,,,,false,false,12,2021-04-01,2022-03-31,0
2022-02-02,3116,2022-03-31,3,,,,,,,,,,,,,,,,,,,,,,,,,,,,,64.00,,,,,,,false,true,12,2021-04-01,2022-03-31,0
2022-02-02,3116,2022-03-31,3,,,,,,,,,,,,,,,,,,,,,,,,,,,,,,,,,187665738,799899,186859132,false,false,9,2021-04-01,2021-12-31,0
2022-02-02,3116,2021-03-31,3,,,,,,,,,,,,,,,,,,,,,,,,,,,,,,,,,,,186836721,false,false,9,2020-04-01,2020-12-31,-1
2022-04-28,3116,2022-03-31,,,,,,,,60290000000,0.056,,,,39260000000,,210.15,210.13,,,,,964740000000,,,,,122933000000,-40893000000,-48664000000,,,0.305,,,,,,true,false,12,2021-04-01,2022-03-31,0
2022-04-28,3116,2021-03-31,,,,,,,,57103000000,0.195,,,,31188000000,,166.93,,,,,,845778000000,,,,,74483000000,-51392000000,2756000000,,,0.270,,,,,,true,false,12,2020-04-01,2021-03-31,-1
2022-04-28,3116,2023-03-31,,,,,,,,78000000000,0.294,,,,52000000000,,278.34,,,,,,,,,,,,,,,,0.251,,,,,,true,true,12,2022-04-01,2023-03-31,1
2022-04-28,3116,2021-03-31,,,,,,,,,,,,,,,,,,,,,,,,,,,,,,45.00,,,,187665738,818460,186839339,false,false,12,2020-04-01,2021-03-31,-1
2022-04-28,3116,2022-03-31,,,,,,,,,,,,,,,,,,,,,,,,,,,,,,64.00,,,,187665738,799985,186823581,false,false,12,2021-04-01,2022-03-31,0
2022-04-28,3116,2023-03-31,,,,,,,,,,,,,,,,,,,,,,,,,,,,,,70.00,,,,,,,false,true,12,2022-04-01,2023-03-31,1
2022-07-29,3116,2023-03-31,1,,,,,,,3404000000,-0.809,,,,-1378000000,,-7.38,-7.38,,,,,975357000000,,,,,,,,,,,,,,,,true,false,3,2022-04-01,2022-06-30,0
2022-07-29,3116,2022-03-31,1,,,,,,,17799000000,,,,,12195000000,,65.27,,,,,,,,,,,,,,,,,,,,,,true,false,3,2021-04-01,2021-06-30,-1
2022-07-29,3116,2023-03-31,1,,,,,,,61000000000,0.012,,,,40000000000,,214.09,,,,,,,,,,,,,,,,,,,,,,true,true,12,2022-04-01,2023-03-31,0
2022-07-29,3116,2022-03-31,1,,,,,,,,,,,,,,,,,,,,964740000000,,,,,,,,,,,,,,,,true,false,12,2021-04-01,2022-03-31,-1
2022-07-29,3116,2022-03-31,1,,,,,,,,,,,,,,,,,,,,,,,,,,,,,64.00,,,,187665738,799985,,false,false,12,2021-04-01,2022-03-31,-1
2022-07-29,3116,2023-03-31,1,,,,,,,,,,,,,,,,,,,,,,,,,,,,,70.00,,,,,,,false,true,12,2022-04-01,2023-03-31,0
2022-07-29,3116,2023-03-31,1,,,,,,,,,,,,,,,,,,,,,,,,,,,,,,,,,187665738,800091,186827525,false,false,3,2022-04-01,2022-06-30,0
2022-07-29,3116,2022-03-31,1,,,,,,,,,,,,,,,,,,,,,,,,,,,,,,,,,,,186847267,false,false,3,2021-04-01,2021-06-30,-1
2022-10-28,3116,2023-03-31,2,,,,,,,12869000000,-0.470,,,,2016000000,,10.79,10.79,,,,,1003288000000,,,,,,,,,,,,,,,,true,false,6,2022-04-01,2022-09-30,0
2022-10-28,3116,2022-03-31,2,,,,,,,24263000000,5.713,,,,14153000000,,75.75,,,,,,,,,,,,,,,,,,,,,,true,false,6,2021-04-01,2021-09-30,-1
2022-10-28,3116,2023-03-31,2,,,,,,,43000000000,-0.287,,,,25000000000,,133.81,,,,,,,,,,,,,,,,,,,,,,true,true,12,2022-04-01,2023-03-31,0
2022-10-28,3116,2022-03-31,2,,,,,,,,,,,,,,,,,,,,964740000000,,,,,,,,,,,,,,,,true,false,12,2021-04-01,2022-03-31,-1
2022-10-28,3116,2022-03-31,2,,,,,,,,,,,,,,,,,,,,,,,,,,,,,64.00,,,,187665738,799985,,false,false,12,2021-04-01,2022-03-31,-1
2022-10-28,3116,2023-03-31,2,,,,,,,,,,,,,,,,,,,,,,,,,,,,,35.00,,,,,,,false,false,12,2022-04-01,2023-03-31,0
2022-10-28,3116,2023-03-31,2,,,,,,,,,,,,,,,,,,,,,,,,,,,,,70.00,,,,,,,false,true,12,2022-04-01,2023-03-31,0
2022-10-28,3116,2023-03-31,2,,,,,,,,,,,,,,,,,,,,,,,,,,,,,,,,,187665738,781553,186835105,false,false,6,2022-04-01,2022-09-30,0
2022-10-28,3116,2022-03-31,2,,,,,,,,,,,,,,,,,,,,,,,,,,,,,,,,,,,186855737,false,false,6,2021-04-01,2021-09-30,-1
2023-02-03,3116,2023-03-31,3,,,,,,,28631000000,-0.326,,,,8770000000,,46.94,46.94,,,,,951710000000,,,,,,,,,,,,,,,,true,false,9,2022-04-01,2022-12-31,0
2023-02-03,3116,2022-03-31,3,,,,,,,42466000000,0.253,,,,24498000000,,131.10,,,,,,,,,,,,,,,,,,,,,,true,false,9,2021-04-01,2021-12-31,-1
2023-02-03,3116,2023-03-31,3,,,,,,,43000000000,-0.287,,,,25000000000,,133.81,,,,,,,,,,,,,,,,,,,,,,true,true,12,2022-04-01,2023-03-31,0
2023-02-03,3116,2022-03-31,3,,,,,,,,,,,,,,,,,,,,964740000000,,,,,,,,,,,,,,,,true,false,12,2021-04-01,2022-03-31,-1
2023-02-03,3116,2022-03-31,3,,,,,,,,,,,,,,,,,,,,,,,,,,,,,64.00,,,,187665738,799985,,false,false,12,2021-04-01,2022-03-31,-1
2023-02-03,3116,2023-03-31,3,,,,,,,,,,,,,,,,,,,,,,,,,,,,,35.00,,,,,,,false,false,12,2022-04-01,2023-03-31,0
2023-02-03,3116,2023-03-31,3,,,,,,,,,,,,,,,,,,,,,,,,,,,,,70.00,,,,,,,false,true,12,2022-04-01,2023-03-31,0
2023-02-03,3116,2023-03-31,3,,,,,,,,,,,,,,,,,,,,,,,,,,,,,,,,,187665738,781553,186837610,false,false,9,2022-04-01,2022-12-31,0
2023-02-03,3116,2022-03-31,3,,,,,,,,,,,,,,,,,,,,,,,,,,,,,,,,,,,186859132,false,false,9,2021-04-01,2021-12-31,-1
2023-04-27,3116,2023-03-31,,,,,,,,47672000000,-0.209,,,,14679000000,,78.57,78.56,,,,,1007392000000,,,,,89428000000,-36461000000,-40812000000,,,0.891,,,,,,true,false,12,2022-04-01,2023-03-31,0
2023-04-27,3116,2022-03-31,,,,,,,,60290000000,0.056,,,,39260000000,,210.15,210.13,,,,,964740000000,,,,,122933000000,-40893000000,-48664000000,,,0.305,,,,,,true,false,12,2021-04-01,2022-03-31,-1
2023-04-27,3116,2024-03-31,,,,,,,,53000000000,0.112,,,,22000000000,,117.75,,,,,,,,,,,,,,,,0.594,,,,,,true,true,12,2023-04-01,2024-03-31,1
2023-04-27,3116,2022-03-31,,,,,,,,,,,,,,,,,,,,,,,,,,,,,,64.00,,,,187665738,799985,186823581,false,false,12,2021-04-01,2022-03-31,-1
2023-04-27,3116,2023-03-31,,,,,,,,,,,,,,,,,,,,,,,,,,,,,,70.00,,,,187665738,781553,186838839,false,false,12,2022-04-01,2023-03-31,0
2023-04-27,3116,2024-03-31,,,,,,,,,,,,,,,,,,,,,,,,,,,,,,70.00,,,,,,,false,true,12,2023-04-01,2024-03-31,1
2023-07-28,3116,2024-03-31,1,,,,,,,22166000000,5.510,,,,12505000000,,66.93,66.92,,,,,1062035000000,,,,,,,,,,,,,,,,true,false,3,2023-04-01,2023-06-30,0
2023-07-28,3116,2023-03-31,1,,,,,,,3404000000,-0.809,,,,-1378000000,,-7.38,-7.38,,,,,,,,,,,,,,,,,,,,,true,false,3,2022-04-01,2022-06-30,-1
2023-07-28,3116,2024-03-31,1,,,,,,,69000000000,0.447,,,,34000000000,,181.96,,,,,,,,,,,,,,,,,,,,,,true,true,12,2023-04-01,2024-03-31,0
2023-07-28,3116,2023-03-31,1,,,,,,,,,,,,,,,,,,,,1007392000000,,,,,,,,,,,,,,,,true,false,12,2022-04-01,2023-03-31,-1
2023-07-28,3116,2023-03-31,1,,,,,,,,,,,,,,,,,,,,,,,,,,,,,70.00,,,,187665738,781553,,false,false,12,2022-04-01,2023-03-31,-1
2023-07-28,3116,2024-03-31,1,,,,,,,,,,,,,,,,,,,,,,,,,,,,,70.00,,,,,,,false,true,12,2023-04-01,2024-03-31,0
2023-07-28,3116,2024-03-31,1,,,,,,,,,,,,,,,,,,,,,,,,,,,,,,,,,187665738,781674,186844638,false,false,3,2023-04-01,2023-06-30,0
2023-07-28,3116,2023-03-31,1,,,,,,,,,,,,,,,,,,,,,,,,,,,,,,,,,,,186827525,false,false,3,2022-04-01,2022-06-30,-1
2023-10-31,3116,2024-03-31,2,,,,,,,49598000000,2.854,,,,28948000000,,154.93,154.90,,,,,1079918000000,,,,,,,,,,,,,,,,true,false,6,2023-04-01,2023-09-30,0
2023-10-31,3116,2023-03-31,2,,,,,,,12869000000,-0.470,,,,2016000000,,10.79,10.79,,,,,,,,,,,,,,,,,,,,,true,false,6,2022-04-01,2022-09-30,-1
2023-10-31,3116,2024-03-31,2,,,,,,,93000000000,0.951,,,,59000000000,,315.76,,,,,,,,,,,,,,,,,,,,,,true,true,12,2023-04-01,2024-03-31,0
2023-10-31,3116,2023-03-31,2,,,,,,,,,,,,,,,,,,,,1007392000000,,,,,,,,,,,,,,,,true,false,12,2022-04-01,2023-03-31,-1
2023-10-31,3116,2023-03-31,2,,,,,,,,,,,,,,,,,,,,,,,,,,,,,70.00,,,,187665738,781553,,false,false,12,2022-04-01,2023-03-31,-1
2023-10-31,3116,2024-03-31,2,,,,,,,,,,,,,,,,,,,,,,,,,,,,,43.00,,,,,,,false,false,12,2023-04-01,2024-03-31,0
2023-10-31,3116,2024-03-31,2,,,,,,,,,,,,,,,,,,,,,,,,,,,,,86.00,,,,,,,false,true,12,2023-04-01,2024-03-31,0
2023-10-31,3116,2024-03-31,2,,,,,,,,,,,,,,,,,,,,,,,,,,,,,,,,,187665738,765282,186849073,false,false,6,2023-04-01,2023-09-30,0
2023-10-31,3116,2023-03-31,2,,,,,,,,,,,,,,,,,,,,,,,,,,,,,,,,,,,186835105,false,false,6,2022-04-01,2022-09-30,-1
2024-02-02,3116,2024-03-31,3,,,,,,,76723000000,1.680,,,,42112000000,,225.38,225.34,,,,,1117899000000,,,,,,,,,,,,,,,,true,false,9,2023-04-01,2023-12-31,0
2024-02-02,3116,2023-03-31,3,,,,,,,28631000000,-0.326,,,,8770000000,,46.94,46.94,,,,,,,,,,,,,,,,,,,,,true,false,9,2022-04-01,2022-12-31,-1
2024-02-02,3116,2024-03-31,3,,,,,,,93000000000,0.951,,,,59000000000,,315.76,,,,,,,,,,,,,,,,,,,,,,true,true,12,2023-04-01,2024-03-31,0
2024-02-02,3116,2023-03-31,3,,,,,,,,,,,,,,,,,,,,1007392000000,,,,,,,,,,,,,,,,true,false,12,2022-04-01,2023-03-31,-1
2024-02-02,3116,2023-03-31,3,,,,,,,,,,,,,,,,,,,,,,,,,,,,,70.00,,,,187665738,781553,,false,false,12,2022-04-01,2023-03-31,-1
2024-02-02,3116,2024-03-31,3,,,,,,,,,,,,,,,,,,,,,,,,,,,,,43.00,,,,,,,false,false,12,2023-04-01,2024-03-31,0
2024-02-02,3116,2024-03-31,3,,,,,,,,,,,,,,,,,,,,,,,,,,,,,86.00,,,,,,,false,true,12,2023-04-01,2024-03-31,0
2024-02-02,3116,2024-03-31,3,,,,,,,,,,,,,,,,,,,,,,,,,,,,,,,,,187665738,765316,186850527,false,false,9,2023-04-01,2023-12-31,0
2024-02-02,3116,2023-03-31,3,,,,,,,,,,,,,,,,,,,,,,,,,,,,,,,,,,,186837610,false,false,9,2022-04-01,2022-12-31,-1
2024-04-26,3116,2024-03-31,,,,,,,,78636000000,0.650,,,,57885000000,,311.74,311.69,,,,,1127694000000,,,,,174898000000,-86698000000,-91595000000,,,0.276,,,,,,true,false,12,2023-04-01,2024-03-31,0
2024-04-26,3116,2023-03-31,,,,,,,,47672000000,-0.209,,,,14679000000,,78.57,78.56,,,,,1007392000000,,,,,89428000000,-36461000000,-40812000000,,,0.891,,,,,,true,false,12,2022-04-01,2023-03-31,-1
2024-04-26,3116,2025-03-31,,,,,,,,75000000000,-0.046,,,,47000000000,,253.12,,,,,,,,,,,,,,,,0.340,,,,,,true,true,12,2024-04-01,2025-03-31,1
2024-04-26,3116,2023-03-31,,,,,,,,,,,,,,,,,,,,,,,,,,,,,,70.00,,,,187665738,781553,186838839,false,false,12,2022-04-01,2023-03-31,-1
2024-04-26,3116,2024-03-31,,,,,,,,,,,,,,,,,,,,,,,,,,,,,,86.00,,,,187665738,9152908,185682478,false,false,12,2023-04-01,2024-03-31,0
2024-04-26,3116,2025-03-31,,,,,,,,,,,,,,,,,,,,,,,,,,,,,,86.00,,,,,,,false,true,12,2024-04-01,2025-03-31,1
2024-07-31,3116,2025-03-31,1,,,,,,,16698000000,-0.247,,,,8696000000,,48.73,48.72,,,,,1141848000000,,,,,,,,,,,,,,,,true,false,3,2024-04-01,2024-06-30,0
2024-07-31,3116,2024-03-31,1,,,,,,,22166000000,5.510,,,,12505000000,,66.93,66.92,,,,,,,,,,,,,,,,,,,,,true,false,3,2023-04-01,2023-06-30,-1
2024-07-31,3116,2025-03-31,1,,,,,,,68000000000,-0.135,,,,43000000000,,240.81,,,,,,,,,,,,,,,,,,,,,,true,true,12,2024-04-01,2025-03-31,0
2024-07-31,3116,2024-03-31,1,,,,,,,,,,,,,,,,,,,,1127694000000,,,,,,,,,,,,,,,,true,false,12,2023-04-01,2024-03-31,-1
2024-07-31,3116,2024-03-31,1,,,,,,,,,,,,,,,,,,,,,,,,,,,,,86.00,,,,187665738,9152908,,false,false,12,2023-04-01,2024-03-31,-1
2024-07-31,3116,2025-03-31,1,,,,,,,,,,,,,,,,,,,,,,,,,,,,,86.00,,,,,,,false,true,12,2024-04-01,2025-03-31,0
2024-07-31,3116,2025-03-31,1,,,,,,,,,,,,,,,,,,,,,,,,,,,,,,,,,187665738,9152908,178468292,false,false,3,2024-04-01,2024-06-30,0
2024-07-31,3116,2024-03-31,1,,,,,,,,,,,,,,,,,,,,,,,,,,,,,,,,,,,186844638,false,false,3,2023-04-01,2023-06-30,-1
2024-10-31,3116,2025-03-31,2,,,,,,,33837000000,-0.318,,,,13506000000,,75.68,75.66,,,,,1092851000000,,,,,,,,,,,,,,,,true,false,6,2024-04-01,2024-09-30,0
2024-10-31,3116,2024-03-31,2,,,,,,,49598000000,2.854,,,,28948000000,,154.93,154.90,,,,,,,,,,,,,,,,,,,,,true,false,6,2023-04-01,2023-09-30,-1
2024-10-31,3116,2025-03-31,2,,,,,,,68000000000,-0.135,,,,43000000000,,240.86,,,,,,,,,,,,,,,,,,,,,,true,true,12,2024-04-01,2025-03-31,0
2024-10-31,3116,2024-03-31,2,,,,,,,,,,,,,,,,,,,,1128491000000,,,,,,,,,,,,,,,,true,false,12,2023-04-01,2024-03-31,-1
2024-10-31,3116,2024-03-31,2,,,,,,,,,,,,,,,,,,,,,,,,,,,,,86.00,,,,187665738,9152908,,false,false,12,2023-04-01,2024-03-31,-1
2024-10-31,3116,2025-03-31,2,,,,,,,,,,,,,,,,,,,,,,,,,,,,,43.00,,,,,,,false,false,12,2024-04-01,2025-03-31,0
2024-10-31,3116,2025-03-31,2,,,,,,,,,,,,,,,,,,,,,,,,,,,,,86.00,,,,,,,false,true,12,2024-04-01,2025-03-31,0
2024-10-31,3116,2025-03-31,2,,,,,,,,,,,,,,,,,,,,,,,,,,,,,,,,,187665738,9134269,178473345,false,false,6,2024-04-01,2024-09-30,0
2024-10-31,3116,2024-03-31,2,,,,,,,,,,,,,,,,,,,,,,,,,,,,,,,,,,,186849073,false,false,6,2023-04-01,2023-09-30,-1
2025-01-31,3116,2025-03-31,3,,,,,,,52021000000,-0.322,,,,28283000000,,158.44,158.41,,,,,1115624000000,,,,,,,,,,,,,,,,true,false,9,2024-04-01,2024-12-31,0
2025-01-31,3116,2024-03-31,3,,,,,,,76723000000,1.680,,,,42112000000,,225.38,225.34,,,,,,,,,,,,,,,,,,,,,true,false,9,2023-04-01,2023-12-31,-1
2025-01-31,3116,2025-03-31,3,,,,,,,68000000000,-0.142,,,,43000000000,,240.86,,,,,,,,,,,,,,,,,,,,,,true,true,12,2024-04-01,2025-03-31,0
2025-01-31,3116,2024-03-31,3,,,,,,,,,,,,,,,,,,,,1128491000000,,,,,,,,,,,,,,,,true,false,12,2023-04-01,2024-03-31,-1
2025-01-31,3116,2024-03-31,3,,,,,,,,,,,,,,,,,,,,,,,,,,,,,86.00,,,,187665738,9152908,,false,false,12,2023-04-01,2024-03-31,-1
2025-01-31,3116,2025-03-31,3,,,,,,,,,,,,,,,,,,,,,,,,,,,,,43.00,,,,,,,false,false,12,2024-04-01,2025-03-31,0
2025-01-31,3116,2025-03-31,3,,,,,,,,,,,,,,,,,,,,,,,,,,,,,86.00,,,,,,,false,true,12,2024-04-01,2025-03-31,0
2025-01-31,3116,2025-03-31,3,,,,,,,,,,,,,,,,,,,,,,,,,,,,,,,,,187665738,9023489,178508856,false,false,9,2024-04-01,2024-12-31,0
2025-01-31,3116,2024-03-31,3,,,,,,,,,,,,,,,,,,,,,,,,,,,,,,,,,,,186850527,false,false,9,2023-04-01,2023-12-31,-1
2025-04-25,3116,2025-03-31,,,,,,,,42399000000,-0.465,,,,16719000000,,93.65,93.63,,,,,1094831000000,,,,,121834000000,-60955000000,-54377000000,,,0.918,,,,,,true,false,12,2024-04-01,2025-03-31,0
2025-04-25,3116,2024-03-31,,,,,,,,79273000000,0.663,,,,58521000000,,315.17,315.12,,,,,1128491000000,,,,,174898000000,-86698000000,-91595000000,,,0.273,,,,,,true,false,12,2023-04-01,2024-03-31,-1
2025-04-25,3116,2026-03-31,,,,,,,,80000000000,0.887,,,,50000000000,,280.07,,,,,,,,,,,,,,,,0.307,,,,,,true,true,12,2025-04-01,2026-03-31,1
2025-04-25,3116,2024-03-31,,,,,,,,,,,,,,,,,,,,,,,,,,,,,,86.00,,,,187665738,9152908,185682478,false,false,12,2023-04-01,2024-03-31,-1
2025-04-25,3116,2025-03-31,,,,,,,,,,,,,,,,,,,,,,,,,,,,,,86.00,,,,187665738,9023517,178528641,false,false,12,2024-04-01,2025-03-31,0
2025-04-25,3116,2026-03-31,,,,,,,,,,,,,,,,,,,,,,,,,,,,,,86.00,,,,,,,false,true,12,2025-04-01,2026-03-31,1
