filing_date,code,fiscal_year_end,quarterly_period,net_sales,net_sales_change,revenue,revenue_change,operating_revenue,operating_revenue_change,operating_profit,operating_profit_change,ordinary_profit,ordinary_profit_change,net_income,net_income_of_parent,net_income_change,eps,diluted_eps,roe,roa,operating_profit_to_net_sales,operating_profit_to_revenue,total_assets,net_assets,equity_ratio,bps,owner_equity,operating_cash_flow,investing_cash_flow,financing_cash_flow,cash,dividend_per_share,payout_ratio,commemorative_dividend,extra_dividend,number_of_shares,number_of_treqsury_shares,avg_number_of_shares,is_consolidated,is_forecast,duration,period_start,period_end,period_pos
2015-07-27,31320,2016-03-31,1,99503000000,,,,,,2741000000,,3078000000,,,3719000000,,63.76,63.44,,,,,203529000000,107319000000,0.519,,105531000000,,,,,,,,,,,,true,false,3,2015-04-01,2015-06-30,0
2015-07-27,31320,2016-03-31,1,187800000000,,,,,,6000000000,,6350000000,,,5800000000,,99.42,,,,,,,,,,,,,,,,,,,,,,true,true,6,2015-04-01,2015-09-30,0
2015-07-27,31320,2016-03-31,1,360000000000,,,,,,12000000000,,12000000000,,,8130000000,,138.64,,,,,,,,,,,,,,,,,,,,,,true,true,12,2015-04-01,2016-03-31,0
2015-07-27,31320,2016-03-31,1,,,,,,,,,,,,,,,,,,,,,,,,,,,,,40.00,,,,,,,false,true,12,2015-04-01,2016-03-31,0
2015-07-27,31320,2016-03-31,1,,,,,,,,,,,,,,,,,,,,,,,,,,,,,,,,,58642557,304966,58337887,false,false,3,2015-04-01,2015-06-30,0
2015-11-02,31320,2016-03-31,2,201071000000,,,,,,5400000000,,5710000000,,,5640000000,,96.64,96.23,,,,,207430000000,107575000000,0.511,,105912000000,,,,,,,,,,,,true,false,6,2015-04-01,2015-09-30,0
2015-11-02,31320,2016-03-31,2,397000000000,,,,,,9700000000,,10200000000,,,7500000000,,128.49,,,,,,,,,,,,,,,,,,,,,,true,true,12,2015-04-01,2016-03-31,0
2015-11-02,31320,2016-03-31,2,,,,,,,,,,,,,,,,,,,,,,,,,,,,,0.00,,,,,,,false,false,12,2015-04-01,2016-03-31,0
2015-11-02,31320,2016-03-31,2,,,,,,,,,,,,,,,,,,,,,,,,,,,,,40.00,,,,,,,false,true,12,2015-04-01,2016-03-31,0
2015-11-02,31320,2016-03-31,2,,,,,,,,,,,,,,,,,,,,,,,,,,,,,,,,,58706557,305184,58369650,false,false,6,2015-04-01,2015-09-30,0
2015-11-02,31320,2016-03-31,,397000000000,0.103,,,,,9700000000,-0.192,10200000000,-0.150,,7500000000,,128.49,,,,,,,,,,,,,,,,,,,,,,true,true,12,2015-04-01,2016-03-31,0
2016-01-25,31320,2016-03-31,3,307643000000,,,,,,7807000000,,9023000000,,,8207000000,,140.57,140.00,,,,,204492000000,110372000000,0.531,,108646000000,,,,,,,,,,,,true,false,9,2015-04-01,2015-12-31,0
2016-01-25,31320,2016-03-31,3,397000000000,,,,,,9700000000,,10200000000,,,7500000000,,128.49,,,,,,,,,,,,,,,,,,,,,,true,true,12,2015-04-01,2016-03-31,0
2016-01-25,31320,2016-03-31,3,,,,,,,,,,,,,,,,,,,,,,,,,,,,,0.00,,,,,,,false,false,12,2015-04-01,2016-03-31,0
2016-01-25,31320,2016-03-31,3,,,,,,,,,,,,,,,,,,,,,,,,,,,,,40.00,,,,,,,false,true,12,2015-04-01,2016-03-31,0
2016-01-25,31320,2016-03-31,3,,,,,,,,,,,,,,,,,,,,,,,,,,,,,,,,,58726557,305939,58386718,false,false,9,2015-04-01,2015-12-31,0
2016-05-09,31320,2016-03-31,,405315000000,,,,,,9729000000,,10176000000,,,7285000000,,124.72,124.29,0.069,0.051,0.024,,201171000000,107620000000,0.526,1810.53,105891000000,-1208000000,-1460000000,2942000000,20697000000,,0.321,,,,,,true,false,12,2015-04-01,2016-03-31,0
2016-05-09,31320,2017-03-31,,200000000000,-0.005,,,,,3500000000,-0.352,3400000000,-0.405,,2300000000,,39.38,,,,,,,,,,,,,,,,,,,,,,true,true,6,2016-04-01,2016-09-30,1
2016-05-09,31320,2017-03-31,,402000000000,-0.008,,,,,9000000000,-0.075,9000000000,-0.116,,5850000000,,100.15,,,,,,,,,,,,,,,,0.349,,,,,,true,true,12,2016-04-01,2017-03-31,1
2016-05-09,31320,2016-03-31,,,,,,4843000000,,4540000000,,4468000000,,4462000000,,,76.41,76.14,,,,,73647000000,73209000000,0.993,1250.73,73150000000,,,,,40.00,,,,58792557,306037,58411664,false,false,12,2015-04-01,2016-03-31,0
2016-05-09,31320,2017-03-31,,,,,,,,,,,,,,,,,,,,,,,,,,,,,,35.00,,,,,,,false,true,12,2016-04-01,2017-03-31,1
2016-07-25,31320,2017-03-31,1,94183000000,-0.053,,,,,1313000000,-0.521,1868000000,-0.393,,1222000000,,20.99,20.93,,,,,207399000000,102810000000,0.488,,101259000000,,,,,,,,,,,,true,false,3,2016-04-01,2016-06-30,0
2016-07-25,31320,2016-03-31,1,99503000000,,,,,,2741000000,,3078000000,,,3719000000,,63.76,63.44,,,,,,,,,,,,,,,,,,,,,true,false,3,2015-04-01,2015-06-30,-1
2016-07-25,31320,2017-03-31,1,200000000000,-0.005,,,,,3500000000,-0.352,3400000000,-0.405,,2300000000,,39.38,,,,,,,,,,,,,,,,,,,,,,true,true,6,2016-04-01,2016-09-30,0
2016-07-25,31320,2017-03-31,1,402000000000,-0.008,,,,,9000000000,-0.075,9000000000,-0.116,,5850000000,,100.15,,,,,,,,,,,,,,,,,,,,,,true,true,12,2016-04-01,2017-03-31,0
2016-07-25,31320,2016-03-31,1,,,,,,,,,,,,,,,,,,,,201171000000,107620000000,0.526,,105891000000,,,,,,,,,,,,true,false,12,2015-04-01,2016-03-31,-1
2016-07-25,31320,2016-03-31,1,,,,,,,,,,,,,,,,,,,,,,,,,,,,,40.00,,,,58792557,306037,,false,false,12,2015-04-01,2016-03-31,-1
2016-07-25,31320,2017-03-31,1,,,,,,,,,,,,,,,,,,,,,,,,,,,,,35.00,,,,,,,false,true,12,2016-04-01,2017-03-31,0
2016-07-25,31320,2017-03-31,1,,,,,,,,,,,,,,,,,,,,,,,,,,,,,,,,,58792557,661588,58249498,false,false,3,2016-04-01,2016-06-30,0
2016-07-25,31320,2016-03-31,1,,,,,,,,,,,,,,,,,,,,,,,,,,,,,,,,,,,58337887,false,false,3,2015-04-01,2015-06-30,-1
2016-10-31,31320,2017-03-31,2,191303000000,-0.049,,,,,3220000000,-0.404,3952000000,-0.308,,2628000000,,45.18,45.07,,,,,200376000000,103591000000,0.509,,102052000000,,,,,,,,,,,,true,false,6,2016-04-01,2016-09-30,0
2016-10-31,31320,2016-03-31,2,201071000000,,,,,,5400000000,,5710000000,,,5574000000,,95.50,95.10,,,,,,,,,,,,,,,,,,,,,true,false,6,2015-04-01,2015-09-30,-1
2016-10-31,31320,2017-03-31,2,370000000000,-0.087,,,,,7000000000,-0.281,7800000000,-0.234,,4900000000,,84.21,,,,,,,,,,,,,,,,,,,,,,true,true,12,2016-04-01,2017-03-31,0
2016-10-31,31320,2016-03-31,2,,,,,,,,,,,,,,,,,,,,201171000000,107620000000,0.526,,105891000000,,,,,,,,,,,,true,false,12,2015-04-01,2016-03-31,-1
2016-10-31,31320,2016-03-31,2,,,,,,,,,,,,,,,,,,,,,,,,,,,,,40.00,,,,58792557,306037,,false,false,12,2015-04-01,2016-03-31,-1
2016-10-31,31320,2017-03-31,2,,,,,,,,,,,,,,,,,,,,,,,,,,,,,17.50,,,,,,,false,false,12,2016-04-01,2017-03-31,0
2016-10-31,31320,2017-03-31,2,,,,,,,,,,,,,,,,,,,,,,,,,,,,,35.00,,,,,,,false,true,12,2016-04-01,2017-03-31,0
2016-10-31,31320,2017-03-31,2,,,,,,,,,,,,,,,,,,,,,,,,,,,,,,,,,58792557,661625,58190215,false,false,6,2016-04-01,2016-09-30,0
2016-10-31,31320,2016-03-31,2,,,,,,,,,,,,,,,,,,,,,,,,,,,,,,,,,,,58369650,false,false,6,2015-04-01,2015-09-30,-1
2016-10-31,31320,2017-03-31,,370000000000,-0.080,,,,,7000000000,-0.222,7800000000,-0.133,,4900000000,,84.21,,,,,,,,,,,,,,,,,,,,,,true,true,12,2016-04-01,2017-03-31,0
2016-10-31,31320,2016-03-31,,405315000000,,,,,,9729000000,,10176000000,,,7285000000,,124.72,,,,,,,,,,,,,,,,,,,,,,true,false,12,2015-04-01,2016-03-31,-1
2017-01-30,31320,2017-03-31,3,291065000000,-0.054,,,,,6276000000,-0.196,5406000000,-0.401,,3489000000,,60.32,60.16,,,,,218191000000,103397000000,0.466,,101652000000,,,,,,,,,,,,true,false,9,2016-04-01,2016-12-31,0
2017-01-30,31320,2016-03-31,3,307643000000,,,,,,7807000000,,9023000000,,,8141000000,,139.44,138.87,,,,,,,,,,,,,,,,,,,,,true,false,9,2015-04-01,2015-12-31,-1
2017-01-30,31320,2017-03-31,3,370000000000,-0.087,,,,,7000000000,-0.281,7800000000,-0.234,,4900000000,,84.21,,,,,,,,,,,,,,,,,,,,,,true,true,12,2016-04-01,2017-03-31,0
2017-01-30,31320,2016-03-31,3,,,,,,,,,,,,,,,,,,,,201171000000,107620000000,0.526,,105891000000,,,,,,,,,,,,true,false,12,2015-04-01,2016-03-31,-1
2017-01-30,31320,2016-03-31,3,,,,,,,,,,,,,,,,,,,,,,,,,,,,,40.00,,,,58792557,306037,,false,false,12,2015-04-01,2016-03-31,-1
2017-01-30,31320,2017-03-31,3,,,,,,,,,,,,,,,,,,,,,,,,,,,,,17.50,,,,,,,false,false,12,2016-04-01,2017-03-31,0
2017-01-30,31320,2017-03-31,3,,,,,,,,,,,,,,,,,,,,,,,,,,,,,35.00,,,,,,,false,true,12,2016-04-01,2017-03-31,0
2017-01-30,31320,2017-03-31,3,,,,,,,,,,,,,,,,,,,,,,,,,,,,,,,,,58792557,2593255,57852251,false,false,9,2016-04-01,2016-12-31,0
2017-01-30,31320,2016-03-31,3,,,,,,,,,,,,,,,,,,,,,,,,,,,,,,,,,,,58386718,false,false,9,2015-04-01,2015-12-31,-1
2017-04-24,31320,2017-03-31,,398000000000,0.076,,,,,10400000000,0.486,9600000000,0.231,,6500000000,,113.71,,,,,,,,,,,,,,,,,,,,,,true,true,12,2016-04-01,2017-03-31,0
2017-04-24,31320,2016-03-31,,405315000000,,,,,,9729000000,,10176000000,,,7285000000,,124.72,,,,,,,,,,,,,,,,,,,,,,true,false,12,2015-04-01,2016-03-31,-1
2017-05-01,31320,2017-03-31,,398503000000,-0.017,,,,,10473000000,0.076,9635000000,-0.053,,6534000000,,114.31,114.03,0.063,0.046,0.026,,215158000000,104769000000,0.479,1878.66,102969000000,3169000000,-1083000000,-8322000000,15523000000,,0.306,,,,,,true,false,12,2016-04-01,2017-03-31,0
2017-05-01,31320,2016-03-31,,405315000000,,,,,,9729000000,,10176000000,,,7285000000,,124.72,124.29,0.069,0.051,0.024,,201171000000,107620000000,0.526,1810.53,105891000000,-1208000000,-1460000000,2942000000,20697000000,,0.321,,,,,,true,false,12,2015-04-01,2016-03-31,-1
2017-05-01,31320,2018-03-31,,204500000000,0.069,,,,,4460000000,0.385,4400000000,0.113,,2820000000,,49.33,,,,,,,,,,,,,,,,,,,,,,true,true,6,2017-04-01,2017-09-30,1
2017-05-01,31320,2018-03-31,,420000000000,0.054,,,,,11100000000,0.060,11000000000,0.142,,6800000000,,118.96,,,,,,,,,,,,,,,,0.294,,,,,,true,true,12,2017-04-01,2018-03-31,1
2017-05-01,31320,2017-03-31,,,,,,3054000000,-0.369,2618000000,-0.423,2647000000,-0.408,2613000000,,-0.414,45.72,45.60,,,,,88139000000,67092000000,0.761,1223.19,67043000000,,,,,35.00,,,,58792557,3982277,57163600,false,false,12,2016-04-01,2017-03-31,0
2017-05-01,31320,2016-03-31,,,,,,4843000000,,4540000000,,4468000000,,4462000000,,,76.41,76.14,,,,,73647000000,73209000000,0.993,1250.73,73150000000,,,,,40.00,,,,58792557,306037,58411664,false,false,12,2015-04-01,2016-03-31,-1
2017-05-01,31320,2018-03-31,,,,,,,,,,,,,,,,,,,,,,,,,,,,,,35.00,,,,,,,false,true,12,2017-04-01,2018-03-31,1
2017-07-31,31320,2018-03-31,1,109431000000,0.162,,,,,2764000000,1.104,2999000000,0.605,,2028000000,,36.96,36.86,,,,,223147000000,105645000000,0.466,,103925000000,,,,,,,,,,,,true,false,3,2017-04-01,2017-06-30,0
2017-07-31,31320,2017-03-31,1,94183000000,-0.053,,,,,1313000000,-0.521,1868000000,-0.393,,1222000000,,20.99,20.93,,,,,,,,,,,,,,,,,,,,,true,false,3,2016-04-01,2016-06-30,-1
2017-07-31,31320,2018-03-31,1,204500000000,0.069,,,,,4460000000,0.385,4400000000,0.113,,2820000000,,49.33,,,,,,,,,,,,,,,,,,,,,,true,true,6,2017-04-01,2017-09-30,0
2017-07-31,31320,2018-03-31,1,420000000000,0.054,,,,,11100000000,0.060,11000000000,0.142,,6800000000,,118.96,,,,,,,,,,,,,,,,,,,,,,true,true,12,2017-04-01,2018-03-31,0
2017-07-31,31320,2017-03-31,1,,,,,,,,,,,,,,,,,,,,215158000000,104769000000,0.479,,102969000000,,,,,,,,,,,,true,false,12,2016-04-01,2017-03-31,-1
2017-07-31,31320,2017-03-31,1,,,,,,,,,,,,,,,,,,,,,,,,,,,,,35.00,,,,58792557,3982277,,false,false,12,2016-04-01,2017-03-31,-1
2017-07-31,31320,2018-03-31,1,,,,,,,,,,,,,,,,,,,,,,,,,,,,,35.00,,,,,,,false,true,12,2017-04-01,2018-03-31,0
2017-07-31,31320,2018-03-31,1,,,,,,,,,,,,,,,,,,,,,,,,,,,,,,,,,58792557,3920409,54872230,false,false,3,2017-04-01,2017-06-30,0
2017-07-31,31320,2017-03-31,1,,,,,,,,,,,,,,,,,,,,,,,,,,,,,,,,,,,58249498,false,false,3,2016-04-01,2016-06-30,-1
2017-10-23,31320,2018-03-31,,237500000000,0.161,,,,,6800000000,0.525,7100000000,0.614,,5300000000,,96.55,,,,,,,,,,,,,,,,,,,,,,true,true,6,2017-04-01,2017-09-30,0
2017-10-23,31320,2017-03-31,,191303000000,,,,,,3220000000,,3952000000,,,2628000000,,45.18,,,,,,,,,,,,,,,,,,,,,,true,false,6,2016-04-01,2016-09-30,-1
2017-10-23,31320,2018-03-31,,470000000000,0.119,,,,,13300000000,0.198,13400000000,0.218,,9000000000,,163.95,,,,,,,,,,,,,,,,,,,,,,true,true,12,2017-04-01,2018-03-31,0
2017-10-23,31320,2017-03-31,,398503000000,,,,,,10473000000,,9635000000,,,6534000000,,114.31,,,,,,,,,,,,,,,,,,,,,,true,false,12,2016-04-01,2017-03-31,-1
2017-10-31,31320,2018-03-31,2,237595000000,0.242,,,,,6801000000,1.112,7152000000,0.810,,5395000000,,98.29,98.12,,,,,246325000000,110125000000,0.437,,107679000000,,,,,,,,,,,,true,false,6,2017-04-01,2017-09-30,0
2017-10-31,31320,2017-03-31,2,191303000000,-0.049,,,,,3220000000,-0.404,3952000000,-0.308,,2628000000,,45.18,45.07,,,,,,,,,,,,,,,,,,,,,true,false,6,2016-04-01,2016-09-30,-1
2017-10-31,31320,2018-03-31,2,470000000000,0.179,,,,,13300000000,0.270,13400000000,0.391,,9000000000,,163.95,,,,,,,,,,,,,,,,,,,,,,true,true,12,2017-04-01,2018-03-31,0
2017-10-31,31320,2017-03-31,2,,,,,,,,,,,,,,,,,,,,215158000000,104769000000,0.479,,102969000000,,,,,,,,,,,,true,false,12,2016-04-01,2017-03-31,-1
2017-10-31,31320,2017-03-31,2,,,,,,,,,,,,,,,,,,,,,,,,,,,,,35.00,,,,58792557,3982277,,false,false,12,2016-04-01,2017-03-31,-1
2017-10-31,31320,2018-03-31,2,,,,,,,,,,,,,,,,,,,,,,,,,,,,,17.50,,,,,,,false,false,12,2017-04-01,2018-03-31,0
2017-10-31,31320,2018-03-31,2,,,,,,,,,,,,,,,,,,,,,,,,,,,,,35.00,,,,,,,false,true,12,2017-04-01,2018-03-31,0
2017-10-31,31320,2018-03-31,2,,,,,,,,,,,,,,,,,,,,,,,,,,,,,,,,,58792557,3809341,54894387,false,false,6,2017-04-01,2017-09-30,0
2017-10-31,31320,2017-03-31,2,,,,,,,,,,,,,,,,,,,,,,,,,,,,,,,,,,,58190215,false,false,6,2016-04-01,2016-09-30,-1
2018-01-29,31320,2018-03-31,3,377160000000,0.296,,,,,11625000000,0.852,11891000000,1.200,,8654000000,,157.80,,,,,,252056000000,111168000000,0.431,,108610000000,,,,,,,,,,,,true,false,9,2017-04-01,2017-12-31,0
2018-01-29,31320,2017-03-31,3,291065000000,-0.054,,,,,6276000000,-0.196,5406000000,-0.401,,3489000000,,60.32,60.16,,,,,,,,,,,,,,,,,,,,,true,false,9,2016-04-01,2016-12-31,-1
2018-01-29,31320,2018-03-31,3,470000000000,0.179,,,,,13300000000,0.270,13400000000,0.391,,9000000000,,163.95,,,,,,,,,,,,,,,,,,,,,,true,true,12,2017-04-01,2018-03-31,0
2018-01-29,31320,2017-03-31,3,,,,,,,,,,,,,,,,,,,,215158000000,104769000000,0.479,,102969000000,,,,,,,,,,,,true,false,12,2016-04-01,2017-03-31,-1
2018-01-29,31320,2017-03-31,3,,,,,,,,,,,,,,,,,,,,,,,,,,,,,35.00,,,,58792557,3982277,,false,false,12,2016-04-01,2017-03-31,-1
2018-01-29,31320,2018-03-31,3,,,,,,,,,,,,,,,,,,,,,,,,,,,,,17.50,,,,,,,false,false,12,2017-04-01,2018-03-31,0
2018-01-29,31320,2018-03-31,3,,,,,,,,,,,,,,,,,,,,,,,,,,,,,50.00,,,,,,,false,true,12,2017-04-01,2018-03-31,0
2018-01-29,31320,2018-03-31,3,,,,,,,,,,,,,,,,,,,,,,,,,,,,,,,,,58792557,4548799,54844238,false,false,9,2017-04-01,2017-12-31,0
2018-01-29,31320,2017-03-31,3,,,,,,,,,,,,,,,,,,,,,,,,,,,,,,,,,,,57852251,false,false,9,2016-04-01,2016-12-31,-1
,31320,2018-03-31,,,,,,,,,,,,,,,,,,,,,,,,,,,,,,50.00,,,,,,,false,true,12,2017-04-01,2018-03-31,0
,31320,2018-03-31,,,,,,,,,,,,,,,,,,,,,,,,,,,,,,17.50,,,,,,,false,false,12,2017-04-01,2018-03-31,0
,31320,2017-03-31,,,,,,,,,,,,,,,,,,,,,,,,,,,,,,35.00,,,,,,,false,false,12,2016-04-01,2017-03-31,-1
2018-03-02,31320,2018-03-31,,497400000000,0.058,,,,,14400000000,0.083,14300000000,0.067,,9900000000,,180.71,,,,,,,,,,,,,,,,,,,,,,true,true,12,2017-04-01,2018-03-31,0
2018-03-02,31320,2017-03-31,,398503000000,,,,,,10473000000,,9635000000,,,6534000000,,114.31,,,,,,,,,,,,,,,,,,,,,,true,false,12,2016-04-01,2017-03-31,-1
2018-05-01,31320,2018-03-31,,504085000000,0.265,,,,,15163000000,0.448,14937000000,0.550,,11412000000,,206.08,,0.100,0.062,0.030,,267142000000,128213000000,0.470,2009.92,125609000000,-28595000000,-1804000000,43699000000,28758000000,,0.243,,,,,,true,false,12,2017-04-01,2018-03-31,0
2018-05-01,31320,2017-03-31,,398503000000,-0.017,,,,,10473000000,0.076,9635000000,-0.053,,6534000000,,114.31,114.03,0.063,0.046,0.026,,215158000000,104769000000,0.479,1878.66,102969000000,3169000000,-1083000000,-8322000000,15523000000,,0.306,,,,,,true,false,12,2016-04-01,2017-03-31,-1
2018-05-01,31320,2019-03-31,,256000000000,0.077,,,,,7200000000,0.059,7100000000,-0.007,,5000000000,,80.01,,,,,,,,,,,,,,,,,,,,,,true,true,6,2018-04-01,2018-09-30,1
2018-05-01,31320,2019-03-31,,530000000000,0.051,,,,,16000000000,0.055,15800000000,0.058,,11000000000,,176.01,,,,,,,,,,,,,,,,0.284,,,,,,true,true,12,2018-04-01,2019-03-31,1
2018-05-01,31320,2018-03-31,,,,,,2943000000,-0.036,2496000000,-0.047,2504000000,-0.054,2460000000,,-0.058,44.43,,,,,,96849000000,81510000000,0.842,1304.27,81510000000,,,,,50.00,,,,62812957,318087,55381687,false,false,12,2017-04-01,2018-03-31,0
2018-05-01,31320,2017-03-31,,,,,,3054000000,-0.369,2618000000,-0.423,2647000000,-0.408,2613000000,,-0.414,45.72,45.60,,,,,88139000000,67092000000,0.761,1223.19,67043000000,,,,,35.00,,,,58792557,3982277,57163600,false,false,12,2016-04-01,2017-03-31,-1
2018-05-01,31320,2019-03-31,,,,,,,,,,,,,,,,,,,,,,,,,,,,,,50.00,,,,,,,false,true,12,2018-04-01,2019-03-31,1
2018-07-30,31320,2019-03-31,1,128774000000,0.177,,,,,4310000000,0.559,3860000000,0.287,,2602000000,,41.63,,,,,,265705000000,128636000000,0.474,,125997000000,,,,,,,,,,,,true,false,3,2018-04-01,2018-06-30,0
2018-07-30,31320,2018-03-31,1,109431000000,0.162,,,,,2764000000,1.104,2999000000,0.605,,2028000000,,36.96,36.86,,,,,,,,,,,,,,,,,,,,,true,false,3,2017-04-01,2017-06-30,-1
2018-07-30,31320,2019-03-31,1,256000000000,0.077,,,,,7200000000,0.059,7100000000,-0.007,,5000000000,,80.01,,,,,,,,,,,,,,,,,,,,,,true,true,6,2018-04-01,2018-09-30,0
2018-07-30,31320,2019-03-31,1,530000000000,0.051,,,,,16000000000,0.055,15800000000,0.058,,11000000000,,176.01,,,,,,,,,,,,,,,,,,,,,,true,true,12,2018-04-01,2019-03-31,0
2018-07-30,31320,2018-03-31,1,,,,,,,,,,,,,,,,,,,,266738000000,128213000000,0.471,,125609000000,,,,,,,,,,,,true,false,12,2017-04-01,2018-03-31,-1
2018-07-30,31320,2018-03-31,1,,,,,,,,,,,,,,,,,,,,,,,,,,,,,50.00,,,,62812957,318087,,false,false,12,2017-04-01,2018-03-31,-1
2018-07-30,31320,2019-03-31,1,,,,,,,,,,,,,,,,,,,,,,,,,,,,,50.00,,,,,,,false,true,12,2018-04-01,2019-03-31,0
2018-07-30,31320,2019-03-31,1,,,,,,,,,,,,,,,,,,,,,,,,,,,,,,,,,62812957,248939,62512139,false,false,3,2018-04-01,2018-06-30,0
2018-07-30,31320,2018-03-31,1,,,,,,,,,,,,,,,,,,,,,,,,,,,,,,,,,,,54872230,false,false,3,2017-04-01,2017-06-30,-1
2018-10-29,31320,2019-03-31,2,261707000000,0.101,,,,,8548000000,0.257,7496000000,0.048,,5007000000,,80.07,,,,,,275606000000,132281000000,0.470,,129415000000,,,,,,,,,,,,true,false,6,2018-04-01,2018-09-30,0
2018-10-29,31320,2018-03-31,2,237595000000,0.242,,,,,6801000000,1.112,7152000000,0.810,,5395000000,,98.29,98.12,,,,,,,,,,,,,,,,,,,,,true,false,6,2017-04-01,2017-09-30,-1
2018-10-29,31320,2019-03-31,2,530000000000,0.051,,,,,16000000000,0.055,15800000000,0.058,,11000000000,,176.01,,,,,,,,,,,,,,,,,,,,,,true,true,12,2018-04-01,2019-03-31,0
2018-10-29,31320,2018-03-31,2,,,,,,,,,,,,,,,,,,,,266738000000,128213000000,0.471,,125609000000,,,,,,,,,,,,true,false,12,2017-04-01,2018-03-31,-1
2018-10-29,31320,2018-03-31,2,,,,,,,,,,,,,,,,,,,,,,,,,,,,,50.00,,,,62812957,318087,,false,false,12,2017-04-01,2018-03-31,-1
2018-10-29,31320,2019-03-31,2,,,,,,,,,,,,,,,,,,,,,,,,,,,,,25.00,,,,,,,false,false,12,2018-04-01,2019-03-31,0
2018-10-29,31320,2019-03-31,2,,,,,,,,,,,,,,,,,,,,,,,,,,,,,50.00,,,,,,,false,true,12,2018-04-01,2019-03-31,0
2018-10-29,31320,2019-03-31,2,,,,,,,,,,,,,,,,,,,,,,,,,,,,,,,,,62812957,247339,62534580,false,false,6,2018-04-01,2018-09-30,0
2018-10-29,31320,2018-03-31,2,,,,,,,,,,,,,,,,,,,,,,,,,,,,,,,,,,,54894387,false,false,6,2017-04-01,2017-09-30,-1
2019-01-28,31320,2019-03-31,3,400507000000,0.062,,,,,12227000000,0.060,10601000000,-0.102,,7417000000,,118.59,,,,,,285360000000,132780000000,0.455,,129918000000,,,,,,,,,,,,true,false,9,2018-04-01,2018-12-31,0
2019-01-28,31320,2018-03-31,3,377160000000,0.296,,,,,11535000000,0.838,11802000000,1.183,,8618000000,,157.14,,,,,,,,,,,,,,,,,,,,,,true,false,9,2017-04-01,2017-12-31,-1
2019-01-28,31320,2019-03-31,3,530000000000,0.051,,,,,16000000000,0.055,15800000000,0.058,,11000000000,,176.01,,,,,,,,,,,,,,,,,,,,,,true,true,12,2018-04-01,2019-03-31,0
2019-01-28,31320,2018-03-31,3,,,,,,,,,,,,,,,,,,,,266738000000,128213000000,0.471,,125609000000,,,,,,,,,,,,true,false,12,2017-04-01,2018-03-31,-1
2019-01-28,31320,2018-03-31,3,,,,,,,,,,,,,,,,,,,,,,,,,,,,,50.00,,,,62812957,318087,,false,false,12,2017-04-01,2018-03-31,-1
2019-01-28,31320,2019-03-31,3,,,,,,,,,,,,,,,,,,,,,,,,,,,,,25.00,,,,,,,false,false,12,2018-04-01,2019-03-31,0
2019-01-28,31320,2019-03-31,3,,,,,,,,,,,,,,,,,,,,,,,,,,,,,50.00,,,,,,,false,true,12,2018-04-01,2019-03-31,0
2019-01-28,31320,2019-03-31,3,,,,,,,,,,,,,,,,,,,,,,,,,,,,,,,,,62812957,247416,62543876,false,false,9,2018-04-01,2018-12-31,0
2019-01-28,31320,2018-03-31,3,,,,,,,,,,,,,,,,,,,,,,,,,,,,,,,,,,,54844238,false,false,9,2017-04-01,2017-12-31,-1
2019-05-07,31320,2019-03-31,,524235000000,0.040,,,,,15324000000,0.011,13101000000,-0.123,,8883000000,,142.03,,0.069,0.046,0.029,,299259000000,135399000000,0.442,2115.96,132385000000,-30173000000,-7251000000,21916000000,14015000000,,0.352,,,,,,true,false,12,2018-04-01,2019-03-31,0
2019-05-07,31320,2018-03-31,,504085000000,0.265,,,,,15163000000,0.448,14937000000,0.550,,11412000000,,206.08,,0.100,0.062,0.030,,266738000000,128213000000,0.471,2009.92,125609000000,-28595000000,-1804000000,43699000000,28758000000,,0.243,,,,,,true,false,12,2017-04-01,2018-03-31,-1
2019-05-07,31320,2020-03-31,,254000000000,-0.029,,,,,6600000000,-0.228,5650000000,-0.246,,3780000000,,60.42,,,,,,,,,,,,,,,,,,,,,,true,true,6,2019-04-01,2019-09-30,1
2019-05-07,31320,2020-03-31,,540000000000,0.030,,,,,15500000000,0.011,13500000000,0.030,,9000000000,,143.85,,,,,,,,,,,,,,,,0.348,,,,,,true,true,12,2019-04-01,2020-03-31,1
2019-05-07,31320,2019-03-31,,,,,,4548000000,0.545,3945000000,0.580,4078000000,0.629,4005000000,,0.628,64.04,,,,,,108374000000,81979000000,0.756,1310.30,81979000000,,,,,50.00,,,,62812957,247566,62548852,false,false,12,2018-04-01,2019-03-31,0
2019-05-07,31320,2018-03-31,,,,,,2943000000,-0.036,2496000000,-0.047,2504000000,-0.054,2460000000,,-0.058,44.43,,,,,,96849000000,81510000000,0.842,1304.27,81510000000,,,,,50.00,,,,62812957,318087,55381687,false,false,12,2017-04-01,2018-03-31,-1
2019-05-07,31320,2020-03-31,,,,,,,,,,,,,,,,,,,,,,,,,,,,,,50.00,,,,,,,false,true,12,2019-04-01,2020-03-31,1
2019-07-29,31320,2020-03-31,1,121926000000,-0.053,,,,,2940000000,-0.318,2049000000,-0.469,,1185000000,,18.95,,,,,,278391000000,133743000000,0.470,,130809000000,,,,,,,,,,,,true,false,3,2019-04-01,2019-06-30,0
2019-07-29,31320,2019-03-31,1,128774000000,0.177,,,,,4310000000,0.559,3860000000,0.287,,2602000000,,41.63,,,,,,,,,,,,,,,,,,,,,,true,false,3,2018-04-01,2018-06-30,-1
2019-07-29,31320,2020-03-31,1,247000000000,-0.056,,,,,5700000000,-0.333,4100000000,-0.453,,2300000000,,36.76,,,,,,,,,,,,,,,,,,,,,,true,true,6,2019-04-01,2019-09-30,0
2019-07-29,31320,2020-03-31,1,510000000000,-0.027,,,,,13250000000,-0.135,10500000000,-0.199,,6400000000,,102.29,,,,,,,,,,,,,,,,,,,,,,true,true,12,2019-04-01,2020-03-31,0
2019-07-29,31320,2019-03-31,1,,,,,,,,,,,,,,,,,,,,299259000000,135399000000,0.442,,132385000000,,,,,,,,,,,,true,false,12,2018-04-01,2019-03-31,-1
2019-07-29,31320,2019-03-31,1,,,,,,,,,,,,,,,,,,,,,,,,,,,,,50.00,,,,62812957,247566,,false,false,12,2018-04-01,2019-03-31,-1
2019-07-29,31320,2020-03-31,1,,,,,,,,,,,,,,,,,,,,,,,,,,,,,50.00,,,,,,,false,true,12,2019-04-01,2020-03-31,0
2019-07-29,31320,2020-03-31,1,,,,,,,,,,,,,,,,,,,,,,,,,,,,,,,,,62812957,247616,62565379,false,false,3,2019-04-01,2019-06-30,0
2019-07-29,31320,2019-03-31,1,,,,,,,,,,,,,,,,,,,,,,,,,,,,,,,,,,,62512139,false,false,3,2018-04-01,2018-06-30,-1
2019-10-28,31320,2020-03-31,2,254421000000,-0.028,,,,,6723000000,-0.214,4830000000,-0.356,,2979000000,,47.54,,,,,,270791000000,135414000000,0.489,,132322000000,,,,,,,,,,,,true,false,6,2019-04-01,2019-09-30,0
2019-10-28,31320,2019-03-31,2,261707000000,0.101,,,,,8548000000,0.257,7496000000,0.048,,5007000000,,80.07,,,,,,,,,,,,,,,,,,,,,,true,false,6,2018-04-01,2018-09-30,-1
2019-10-28,31320,2020-03-31,2,510000000000,-0.027,,,,,13250000000,-0.135,10500000000,-0.199,,6400000000,,102.29,,,,,,,,,,,,,,,,,,,,,,true,true,12,2019-04-01,2020-03-31,0
2019-10-28,31320,2019-03-31,2,,,,,,,,,,,,,,,,,,,,299259000000,135399000000,0.442,,132385000000,,,,,,,,,,,,true,false,12,2018-04-01,2019-03-31,-1
2019-10-28,31320,2019-03-31,2,,,,,,,,,,,,,,,,,,,,,,,,,,,,,50.00,,,,62812957,247566,,false,false,12,2018-04-01,2019-03-31,-1
2019-10-28,31320,2020-03-31,2,,,,,,,,,,,,,,,,,,,,,,,,,,,,,25.00,,,,,,,false,false,12,2019-04-01,2020-03-31,0
2019-10-28,31320,2020-03-31,2,,,,,,,,,,,,,,,,,,,,,,,,,,,,,50.00,,,,,,,false,true,12,2019-04-01,2020-03-31,0
2019-10-28,31320,2020-03-31,2,,,,,,,,,,,,,,,,,,,,,,,,,,,,,,,,,63030582,247652,62658615,false,false,6,2019-04-01,2019-09-30,0
2019-10-28,31320,2019-03-31,2,,,,,,,,,,,,,,,,,,,,,,,,,,,,,,,,,,,62534580,false,false,6,2018-04-01,2018-09-30,-1
2020-01-27,31320,2020-03-31,3,385147000000,-0.038,,,,,10056000000,-0.177,7711000000,-0.273,,4549000000,,72.60,,,,,,271052000000,136491000000,0.491,,133075000000,,,,,,,,,,,,true,false,9,2019-04-01,2019-12-31,0
2020-01-27,31320,2019-03-31,3,400507000000,0.062,,,,,12227000000,0.060,10601000000,-0.102,,7417000000,,118.59,,,,,,,,,,,,,,,,,,,,,,true,false,9,2018-04-01,2018-12-31,-1
2020-01-27,31320,2020-03-31,3,510000000000,-0.027,,,,,13250000000,-0.135,10500000000,-0.199,,6400000000,,102.29,,,,,,,,,,,,,,,,,,,,,,true,true,12,2019-04-01,2020-03-31,0
2020-01-27,31320,2019-03-31,3,,,,,,,,,,,,,,,,,,,,299259000000,135399000000,0.442,,132385000000,,,,,,,,,,,,true,false,12,2018-04-01,2019-03-31,-1
2020-01-27,31320,2019-03-31,3,,,,,,,,,,,,,,,,,,,,,,,,,,,,,50.00,,,,62812957,247566,,false,false,12,2018-04-01,2019-03-31,-1
2020-01-27,31320,2020-03-31,3,,,,,,,,,,,,,,,,,,,,,,,,,,,,,25.00,,,,,,,false,false,12,2019-04-01,2020-03-31,0
2020-01-27,31320,2020-03-31,3,,,,,,,,,,,,,,,,,,,,,,,,,,,,,50.00,,,,,,,false,true,12,2019-04-01,2020-03-31,0
2020-01-27,31320,2020-03-31,3,,,,,,,,,,,,,,,,,,,,,,,,,,,,,,,,,63030582,532189,62661636,false,false,9,2019-04-01,2019-12-31,0
2020-01-27,31320,2019-03-31,3,,,,,,,,,,,,,,,,,,,,,,,,,,,,,,,,,,,62543876,false,false,9,2018-04-01,2018-12-31,-1
2020-05-07,31320,2020-03-31,,521193000000,-0.006,,,,,14447000000,-0.057,11072000000,-0.155,,5633000000,,90.14,,0.043,0.039,0.028,,263247000000,135551000000,0.502,2141.60,132099000000,45770000000,-8919000000,-35797000000,14680000000,,0.555,,,,,,true,false,12,2019-04-01,2020-03-31,0
2020-05-07,31320,2019-03-31,,524235000000,0.040,,,,,15324000000,0.011,13101000000,-0.123,,8883000000,,142.03,,0.069,0.046,0.029,,299259000000,135399000000,0.442,2115.96,132385000000,-30173000000,-7251000000,21916000000,14015000000,,0.352,,,,,,true,false,12,2018-04-01,2019-03-31,-1
2020-05-07,31320,2020-03-31,,,,,,4830000000,0.062,3948000000,0.001,4172000000,0.023,4060000000,,0.014,64.97,,,,,,116841000000,81320000000,0.696,1318.37,81320000000,,,,,50.00,,,,63030582,1347866,62495777,false,false,12,2019-04-01,2020-03-31,0
2020-05-07,31320,2019-03-31,,,,,,4548000000,0.545,3945000000,0.580,4078000000,0.629,4005000000,,0.628,64.04,,,,,,108374000000,81979000000,0.756,1310.30,81979000000,,,,,50.00,,,,62812957,247566,62548852,false,false,12,2018-04-01,2019-03-31,-1
2020-06-22,31320,2021-03-31,,237500000000,,,,,,5600000000,,4900000000,,,2980000000,,48.31,,,,,,,,,,,,,,,,,,,,,,true,true,6,2020-04-01,2020-09-30,0
2020-06-22,31320,2020-03-31,,254421000000,,,,,,6723000000,,4830000000,,,2979000000,,47.54,,,,,,,,,,,,,,,,,,,,,,true,false,6,2019-04-01,2019-09-30,-1
2020-06-22,31320,2021-03-31,,500000000000,,,,,,12600000000,,10700000000,,,6500000000,,105.38,,,,,,,,,,,,,,,,,,,,,,true,true,12,2020-04-01,2021-03-31,0
2020-06-22,31320,2020-03-31,,521193000000,,,,,,14447000000,,11072000000,,,5633000000,,90.14,,,,,,,,,,,,,,,,,,,,,,true,false,12,2019-04-01,2020-03-31,-1
2020-06-22,31320,2021-03-31,,,,,,,,,,,,,,,,,,,,,,,,,,,,,,50.00,,,,,,,false,true,12,2020-04-01,2021-03-31,0
2020-06-22,31320,2020-03-31,,,,,,,,,,,,,,,,,,,,,,,,,,,,,,50.00,,,,,,,false,false,12,2019-04-01,2020-03-31,-1
2020-07-27,31320,2021-03-31,1,125147000000,0.026,,,,,3847000000,0.309,3665000000,0.758,,2492000000,,40.37,,,,,,259939000000,137393000000,0.514,,133704000000,,,,,,,,,,,,true,false,3,2020-04-01,2020-06-30,0
2020-07-27,31320,2020-03-31,1,121926000000,-0.053,,,,,2940000000,-0.318,2084000000,-0.460,,1221000000,,19.52,,,,,,,,,,,,,,,,,,,,,,true,false,3,2019-04-01,2019-06-30,-1
2020-07-27,31320,2021-03-31,1,237500000000,-0.067,,,,,5600000000,-0.167,4900000000,0.014,,2980000000,,48.31,,,,,,,,,,,,,,,,,,,,,,true,true,6,2020-04-01,2020-09-30,0
2020-07-27,31320,2021-03-31,1,500000000000,-0.041,,,,,12600000000,-0.128,10700000000,-0.034,,6500000000,,105.38,,,,,,,,,,,,,,,,,,,,,,true,true,12,2020-04-01,2021-03-31,0
2020-07-27,31320,2020-03-31,1,,,,,,,,,,,,,,,,,,,,263247000000,135551000000,0.502,,132099000000,,,,,,,,,,,,true,false,12,2019-04-01,2020-03-31,-1
2020-07-27,31320,2020-03-31,1,,,,,,,,,,,,,,,,,,,,,,,,,,,,,50.00,,,,63030582,1347866,,false,false,12,2019-04-01,2020-03-31,-1
2020-07-27,31320,2021-03-31,1,,,,,,,,,,,,,,,,,,,,,,,,,,,,,50.00,,,,,,,false,true,12,2020-04-01,2021-03-31,0
2020-07-27,31320,2021-03-31,1,,,,,,,,,,,,,,,,,,,,,,,,,,,,,,,,,63030582,1118752,61739982,false,false,3,2020-04-01,2020-06-30,0
2020-07-27,31320,2020-03-31,1,,,,,,,,,,,,,,,,,,,,,,,,,,,,,,,,,,,62565379,false,false,3,2019-04-01,2019-06-30,-1
2020-09-28,31320,2021-03-31,,251300000000,0.058,,,,,7000000000,0.250,6850000000,0.398,,4400000000,,71.27,,,,,,,,,,,,,,,,,,,,,,true,true,6,2020-04-01,2020-09-30,0
2020-09-28,31320,2020-03-31,,254421000000,,,,,,6723000000,,4830000000,,,2979000000,,47.54,,,,,,,,,,,,,,,,,,,,,,true,false,6,2019-04-01,2019-09-30,-1
2020-11-02,31320,2021-03-31,2,257163000000,0.011,,,,,7597000000,0.130,7518000000,0.533,,5137000000,,83.01,,,,,,245329000000,139142000000,0.553,,135660000000,,,,,,,,,,,,true,false,6,2020-04-01,2020-09-30,0
2020-11-02,31320,2020-03-31,2,254421000000,-0.028,,,,,6723000000,-0.214,4904000000,-0.346,,3052000000,,48.72,,,,,,,,,,,,,,,,,,,,,,true,false,6,2019-04-01,2019-09-30,-1
2020-11-02,31320,2021-03-31,2,522000000000,0.002,,,,,14550000000,0.007,13800000000,0.246,,8600000000,,138.95,,,,,,,,,,,,,,,,,,,,,,true,true,12,2020-04-01,2021-03-31,0
2020-11-02,31320,2020-03-31,2,,,,,,,,,,,,,,,,,,,,263247000000,135551000000,0.502,,132099000000,,,,,,,,,,,,true,false,12,2019-04-01,2020-03-31,-1
2020-11-02,31320,2020-03-31,2,,,,,,,,,,,,,,,,,,,,,,,,,,,,,50.00,,,,63030582,1347866,,false,false,12,2019-04-01,2020-03-31,-1
2020-11-02,31320,2021-03-31,2,,,,,,,,,,,,,,,,,,,,,,,,,,,,,25.00,,,,,,,false,false,12,2020-04-01,2021-03-31,0
2020-11-02,31320,2021-03-31,2,,,,,,,,,,,,,,,,,,,,,,,,,,,,,50.00,,,,,,,false,true,12,2020-04-01,2021-03-31,0
2020-11-02,31320,2021-03-31,2,,,,,,,,,,,,,,,,,,,,,,,,,,,,,,,,,63030582,930027,61894513,false,false,6,2020-04-01,2020-09-30,0
2020-11-02,31320,2020-03-31,2,,,,,,,,,,,,,,,,,,,,,,,,,,,,,,,,,,,62658615,false,false,6,2019-04-01,2019-09-30,-1
2020-11-02,31320,2021-03-31,,522000000000,0.044,,,,,14550000000,0.155,13800000000,0.290,8600000000,,0.323,138.95,,,,,,,,,,,,,,,,,,,,,,true,true,12,2020-04-01,2021-03-31,0
2020-11-02,31320,2020-03-31,,521193000000,,,,,,14447000000,,11072000000,,5633000000,,,90.14,,,,,,,,,,,,,,,,,,,,,,true,false,12,2019-04-01,2020-03-31,-1
2021-01-25,31320,2021-03-31,3,396737000000,0.030,,,,,12129000000,0.206,11868000000,0.520,,8138000000,,131.36,,,,,,252653000000,139898000000,0.540,,136462000000,,,,,,,,,,,,true,false,9,2020-04-01,2020-12-31,0
2021-01-25,31320,2020-03-31,3,385147000000,-0.038,,,,,10056000000,-0.177,7806000000,-0.264,,4644000000,,74.13,,,,,,,,,,,,,,,,,,,,,,true,false,9,2019-04-01,2019-12-31,-1
2021-01-25,31320,2021-03-31,3,522000000000,0.002,,,,,14550000000,0.007,13800000000,0.246,,8600000000,,138.95,,,,,,,,,,,,,,,,,,,,,,true,true,12,2020-04-01,2021-03-31,0
2021-01-25,31320,2020-03-31,3,,,,,,,,,,,,,,,,,,,,263247000000,135551000000,0.502,,132099000000,,,,,,,,,,,,true,false,12,2019-04-01,2020-03-31,-1
2021-01-25,31320,2020-03-31,3,,,,,,,,,,,,,,,,,,,,,,,,,,,,,50.00,,,,63030582,1347866,,false,false,12,2019-04-01,2020-03-31,-1
2021-01-25,31320,2021-03-31,3,,,,,,,,,,,,,,,,,,,,,,,,,,,,,25.00,,,,,,,false,false,12,2020-04-01,2021-03-31,0
2021-01-25,31320,2021-03-31,3,,,,,,,,,,,,,,,,,,,,,,,,,,,,,50.00,,,,,,,false,true,12,2020-04-01,2021-03-31,0
2021-01-25,31320,2021-03-31,3,,,,,,,,,,,,,,,,,,,,,,,,,,,,,,,,,63030582,930127,61956301,false,false,9,2020-04-01,2020-12-31,0
2021-01-25,31320,2020-03-31,3,,,,,,,,,,,,,,,,,,,,,,,,,,,,,,,,,,,62661636,false,false,9,2019-04-01,2019-12-31,-1
2021-04-30,31320,2021-03-31,,553962000000,0.061,,,,,18769000000,0.290,16399000000,0.188,10875000000,,0.265,175.39,,,,,,,,,,,,,,,,,,,,,,true,true,12,2020-04-01,2021-03-31,0
2021-04-30,31320,2020-03-31,,521193000000,,,,,,14447000000,,11072000000,,5633000000,,,90.14,,,,,,,,,,,,,,,,,,,,,,true,false,12,2019-04-01,2020-03-31,-1
2021-05-10,31320,2021-03-31,,553962000000,0.063,,,,,18769000000,0.299,16399000000,0.481,,10875000000,,175.39,,0.079,0.062,0.034,,269590000000,146010000000,0.527,2289.58,142183000000,38076000000,-2181000000,-26189000000,25438000000,,0.285,,,,,,true,false,12,2020-04-01,2021-03-31,0
2021-05-10,31320,2020-03-31,,521193000000,-0.006,,,,,14447000000,-0.057,11072000000,-0.155,,5633000000,,90.14,,0.043,0.039,0.028,,263247000000,135551000000,0.502,2141.60,132099000000,45770000000,-8919000000,-35797000000,14680000000,,0.555,,,,,,true,false,12,2019-04-01,2020-03-31,-1
2021-05-10,31320,2022-03-31,,315000000000,0.225,,,,,10400000000,0.369,9800000000,0.303,,6500000000,,104.67,,,,,,,,,,,,,,,,,,,,,,true,true,6,2021-04-01,2021-09-30,1
2021-05-10,31320,2022-03-31,,630000000000,0.137,,,,,21000000000,0.119,20000000000,0.220,,13000000000,,209.34,,,,,,,,,,,,,,,,0.287,,,,,,true,true,12,2021-04-01,2022-03-31,1
2021-05-10,31320,2021-03-31,,,,,,6944000000,0.438,5902000000,0.495,6106000000,0.463,6189000000,,0.524,99.81,,,,,,105346000000,84943000000,0.806,1367.84,84943000000,,,,,50.00,,,,63030582,930302,62007175,false,false,12,2020-04-01,2021-03-31,0
2021-05-10,31320,2020-03-31,,,,,,4830000000,0.062,3948000000,0.001,4172000000,0.023,4060000000,,0.014,64.97,,,,,,116841000000,81320000000,0.696,1318.37,81320000000,,,,,50.00,,,,63030582,1347866,62495777,false,false,12,2019-04-01,2020-03-31,-1
2021-05-10,31320,2022-03-31,,,,,,,,,,,,,,,,,,,,,,,,,,,,,,60.00,,,,,,,false,true,12,2021-04-01,2022-03-31,1
2021-07-26,31320,2022-03-31,1,178064000000,0.423,,,,,7306000000,0.899,7514000000,1.050,,6255000000,,100.73,,,,,,283224000000,154445000000,0.518,,146742000000,,,,,,,,,,,,true,false,3,2021-04-01,2021-06-30,0
2021-07-26,31320,2021-03-31,1,125147000000,0.026,,,,,3847000000,0.309,3665000000,0.758,,2492000000,,40.37,,,,,,,,,,,,,,,,,,,,,,true,false,3,2020-04-01,2020-06-30,-1
2021-07-26,31320,2022-03-31,1,346000000000,0.345,,,,,13500000000,0.777,13600000000,0.809,,10300000000,,165.86,,,,,,,,,,,,,,,,,,,,,,true,true,6,2021-04-01,2021-09-30,0
2021-07-26,31320,2022-03-31,1,670000000000,0.209,,,,,25000000000,0.332,25000000000,0.524,,17000000000,,273.75,,,,,,,,,,,,,,,,,,,,,,true,true,12,2021-04-01,2022-03-31,0
2021-07-26,31320,2021-03-31,1,,,,,,,,,,,,,,,,,,,,269590000000,146010000000,0.527,,142183000000,,,,,,,,,,,,true,false,12,2020-04-01,2021-03-31,-1
2021-07-26,31320,2021-03-31,1,,,,,,,,,,,,,,,,,,,,,,,,,,,,,50.00,,,,63030582,930302,,false,false,12,2020-04-01,2021-03-31,-1
2021-07-26,31320,2022-03-31,1,,,,,,,,,,,,,,,,,,,,,,,,,,,,,60.00,,,,,,,false,true,12,2021-04-01,2022-03-31,0
2021-07-26,31320,2022-03-31,1,,,,,,,,,,,,,,,,,,,,,,,,,,,,,,,,,63030582,930451,62100218,false,false,3,2021-04-01,2021-06-30,0
2021-07-26,31320,2021-03-31,1,,,,,,,,,,,,,,,,,,,,,,,,,,,,,,,,,,,61739982,false,false,3,2020-04-01,2020-06-30,-1
2021-07-26,31320,2022-03-31,,346000000000,0.098,,,,,13500000000,0.298,13600000000,0.388,,10300000000,,165.86,,,,,,,,,,,,,,,,,,,,,,true,true,6,2021-04-01,2021-09-30,0
2021-07-26,31320,2021-03-31,,257163000000,,,,,,7597000000,,7518000000,,,5137000000,,83.01,,,,,,,,,,,,,,,,,,,,,,true,false,6,2020-04-01,2020-09-30,-1
2021-07-26,31320,2022-03-31,,670000000000,0.063,,,,,25000000000,0.190,25000000000,0.250,,17000000000,,273.75,,,,,,,,,,,,,,,,,,,,,,true,true,12,2021-04-01,2022-03-31,0
2021-07-26,31320,2021-03-31,,553962000000,,,,,,18769000000,,16399000000,,,10875000000,,175.39,,,,,,,,,,,,,,,,,,,,,,true,false,12,2020-04-01,2021-03-31,-1
2021-11-01,31320,2022-03-31,2,362343000000,0.409,,,,,15437000000,1.032,15343000000,1.041,,11988000000,,192.89,,,,,,300698000000,161168000000,0.508,,152799000000,,,,,,,,,,,,true,false,6,2021-04-01,2021-09-30,0
2021-11-01,31320,2021-03-31,2,257163000000,0.011,,,,,7597000000,0.130,7518000000,0.533,,5137000000,,83.01,,,,,,,,,,,,,,,,,,,,,,true,false,6,2020-04-01,2020-09-30,-1
2021-11-01,31320,2022-03-31,2,720000000000,0.300,,,,,30000000000,0.598,29000000000,0.768,,20000000000,,321.80,,,,,,,,,,,,,,,,,,,,,,true,true,12,2021-04-01,2022-03-31,0
2021-11-01,31320,2021-03-31,2,,,,,,,,,,,,,,,,,,,,269590000000,146010000000,0.527,,142183000000,,,,,,,,,,,,true,false,12,2020-04-01,2021-03-31,-1
2021-11-01,31320,2021-03-31,2,,,,,,,,,,,,,,,,,,,,,,,,,,,,,50.00,,,,63030582,930302,,false,false,12,2020-04-01,2021-03-31,-1
2021-11-01,31320,2022-03-31,2,,,,,,,,,,,,,,,,,,,,,,,,,,,,,40.00,,,,,,,false,false,12,2021-04-01,2022-03-31,0
2021-11-01,31320,2022-03-31,2,,,,,,,,,,,,,,,,,,,,,,,,,,,,,80.00,,,,,,,false,true,12,2021-04-01,2022-03-31,0
2021-11-01,31320,2022-03-31,2,,,,,,,,,,,,,,,,,,,,,,,,,,,,,,,,,63030582,814677,62149820,false,false,6,2021-04-01,2021-09-30,0
2021-11-01,31320,2021-03-31,2,,,,,,,,,,,,,,,,,,,,,,,,,,,,,,,,,,,61894513,false,false,6,2020-04-01,2020-09-30,-1
2021-11-01,31320,2022-03-31,,720000000000,0.075,,,,,30000000000,0.200,29000000000,0.160,,20000000000,,321.80,,,,,,,,,,,,,,,,,,,,,,true,true,12,2021-04-01,2022-03-31,0
2021-11-01,31320,2021-03-31,,553962000000,,,,,,18769000000,,16399000000,,,10875000000,,175.39,,,,,,,,,,,,,,,,,,,,,,true,false,12,2020-04-01,2021-03-31,-1
2021-11-01,31320,2022-03-31,,,,,,,,,,,,,,,,,,,,,,,,,,,,,,80.00,,,,,,,false,true,12,2021-04-01,2022-03-31,0
2021-11-01,31320,2022-03-31,,,,,,,,,,,,,,,,,,,,,,,,,,,,,,40.00,,,,,,,false,false,12,2021-04-01,2022-03-31,0
2021-11-01,31320,2021-03-31,,,,,,,,,,,,,,,,,,,,,,,,,,,,,,50.00,,,,,,,false,false,12,2020-04-01,2021-03-31,-1
2022-01-31,31320,2022-03-31,3,557145000000,0.404,,,,,25375000000,1.092,24561000000,1.070,,17822000000,,286.68,,,,,,325232000000,168231000000,0.488,,158623000000,,,,,,,,,,,,true,false,9,2021-04-01,2021-12-31,0
2022-01-31,31320,2021-03-31,3,396737000000,0.030,,,,,12129000000,0.206,11868000000,0.520,,8138000000,,131.36,,,,,,,,,,,,,,,,,,,,,,true,false,9,2020-04-01,2020-12-31,-1
2022-01-31,31320,2022-03-31,3,750000000000,0.354,,,,,35000000000,0.865,34000000000,1.073,,23500000000,,378.00,,,,,,,,,,,,,,,,,,,,,,true,true,12,2021-04-01,2022-03-31,0
2022-01-31,31320,2021-03-31,3,,,,,,,,,,,,,,,,,,,,269590000000,146010000000,0.527,,142183000000,,,,,,,,,,,,true,false,12,2020-04-01,2021-03-31,-1
2022-01-31,31320,2021-03-31,3,,,,,,,,,,,,,,,,,,,,,,,,,,,,,50.00,,,,63030582,930302,,false,false,12,2020-04-01,2021-03-31,-1
2022-01-31,31320,2022-03-31,3,,,,,,,,,,,,,,,,,,,,,,,,,,,,,40.00,,,,,,,false,false,12,2021-04-01,2022-03-31,0
2022-01-31,31320,2022-03-31,3,,,,,,,,,,,,,,,,,,,,,,,,,,,,,100.00,,,,,,,false,true,12,2021-04-01,2022-03-31,0
2022-01-31,31320,2022-03-31,3,,,,,,,,,,,,,,,,,,,,,,,,,,,,,,,,,63030582,814752,62169638,false,false,9,2021-04-01,2021-12-31,0
2022-01-31,31320,2021-03-31,3,,,,,,,,,,,,,,,,,,,,,,,,,,,,,,,,,,,61956301,false,false,9,2020-04-01,2020-12-31,-1
2022-01-31,31320,2022-03-31,,750000000000,0.042,,,,,35000000000,0.167,34000000000,0.172,,23500000000,,378.00,,,,,,,,,,,,,,,,,,,,,,true,true,12,2021-04-01,2022-03-31,0
2022-01-31,31320,2021-03-31,,553962000000,,,,,,18769000000,,16399000000,,,10875000000,,175.39,,,,,,,,,,,,,,,,,,,,,,true,false,12,2020-04-01,2021-03-31,-1
2022-01-31,31320,2022-03-31,,,,,,,,,,,,,,,,,,,,,,,,,,,,,,100.00,,,,,,,false,true,12,2021-04-01,2022-03-31,0
2022-01-31,31320,2022-03-31,,,,,,,,,,,,,,,,,,,,,,,,,,,,,,40.00,,,,,,,false,false,12,2021-04-01,2022-03-31,0
2022-01-31,31320,2021-03-31,,,,,,,,,,,,,,,,,,,,,,,,,,,,,,50.00,,,,,,,false,false,12,2020-04-01,2021-03-31,-1
2022-05-09,31320,2022-03-31,,761823000000,0.375,,,,,36707000000,0.956,35487000000,1.164,,25798000000,,414.89,,0.165,0.112,0.048,,362584000000,179764000000,0.469,2734.55,170131000000,-15534000000,-1653000000,14368000000,25099000000,,0.241,,,,,,true,false,12,2021-04-01,2022-03-31,0
2022-05-09,31320,2021-03-31,,553962000000,0.063,,,,,18769000000,0.299,16399000000,0.481,,10875000000,,175.39,,0.079,0.062,0.034,,269590000000,146010000000,0.527,2289.58,142183000000,38076000000,-2181000000,-26189000000,25438000000,,0.285,,,,,,true,false,12,2020-04-01,2021-03-31,-1
2022-05-09,31320,2023-03-31,,407000000000,0.123,,,,,19500000000,0.263,19200000000,0.251,,13000000000,,208.95,,,,,,,,,,,,,,,,,,,,,,true,true,6,2022-04-01,2022-09-30,1
2022-05-09,31320,2023-03-31,,830000000000,0.089,,,,,39000000000,0.062,38400000000,0.082,,26000000000,,417.90,,,,,,,,,,,,,,,,0.287,,,,,,true,true,12,2022-04-01,2023-03-31,1
2022-05-09,31320,2022-03-31,,,,,,8656000000,0.247,7476000000,0.267,7609000000,0.246,7544000000,,0.219,121.34,,,,,,91160000000,88746000000,0.974,1426.43,88746000000,,,,,100.00,,,,63030582,814802,62180293,false,false,12,2021-04-01,2022-03-31,0
2022-05-09,31320,2021-03-31,,,,,,6944000000,0.438,5902000000,0.495,6106000000,0.463,6189000000,,0.524,99.81,,,,,,105346000000,84943000000,0.806,1367.84,84943000000,,,,,50.00,,,,63030582,930302,62007175,false,false,12,2020-04-01,2021-03-31,-1
2022-05-09,31320,2023-03-31,,,,,,,,,,,,,,,,,,,,,,,,,,,,,,120.00,,,,,,,false,true,12,2022-04-01,2023-03-31,1
2022-08-01,31320,2023-03-31,1,241320000000,0.355,,,,,12265000000,0.679,11280000000,0.501,,7857000000,,126.29,,,,,,405506000000,191606000000,0.447,,181160000000,,,,,,,,,,,,true,false,3,2022-04-01,2022-06-30,0
2022-08-01,31320,2022-03-31,1,178064000000,0.423,,,,,7306000000,0.899,7514000000,1.050,,6255000000,,100.73,,,,,,,,,,,,,,,,,,,,,,true,false,3,2021-04-01,2021-06-30,-1
2022-08-01,31320,2023-03-31,1,464000000000,0.281,,,,,22000000000,0.425,20500000000,0.336,,14000000000,,225.02,,,,,,,,,,,,,,,,,,,,,,true,true,6,2022-04-01,2022-09-30,0
2022-08-01,31320,2023-03-31,1,930000000000,0.221,,,,,44000000000,0.199,41600000000,0.172,,28000000000,,450.05,,,,,,,,,,,,,,,,,,,,,,true,true,12,2022-04-01,2023-03-31,0
2022-08-01,31320,2022-03-31,1,,,,,,,,,,,,,,,,,,,,362584000000,179764000000,0.469,,170131000000,,,,,,,,,,,,true,false,12,2021-04-01,2022-03-31,-1
2022-08-01,31320,2022-03-31,1,,,,,,,,,,,,,,,,,,,,,,,,,,,,,100.00,,,,63030582,814802,,false,false,12,2021-04-01,2022-03-31,-1
2022-08-01,31320,2023-03-31,1,,,,,,,,,,,,,,,,,,,,,,,,,,,,,120.00,,,,,,,false,true,12,2022-04-01,2023-03-31,0
2022-08-01,31320,2023-03-31,1,,,,,,,,,,,,,,,,,,,,,,,,,,,,,,,,,63030582,814802,62215780,false,false,3,2022-04-01,2022-06-30,0
2022-08-01,31320,2022-03-31,1,,,,,,,,,,,,,,,,,,,,,,,,,,,,,,,,,,,62100218,false,false,3,2021-04-01,2021-06-30,-1
2022-10-31,31320,2023-03-31,2,492562000000,0.359,,,,,26801000000,0.736,23707000000,0.545,,16821000000,,270.14,,,,,,465924000000,203918000000,0.415,,193208000000,,,,,,,,,,,,true,false,6,2022-04-01,2022-09-30,0
2022-10-31,31320,2022-03-31,2,362343000000,0.409,,,,,15437000000,1.032,15343000000,1.041,,11988000000,,192.89,,,,,,,,,,,,,,,,,,,,,,true,false,6,2021-04-01,2021-09-30,-1
2022-10-31,31320,2023-03-31,2,970000000000,0.273,,,,,51000000000,0.389,45000000000,0.268,,31500000000,,505.88,,,,,,,,,,,,,,,,,,,,,,true,true,12,2022-04-01,2023-03-31,0
2022-10-31,31320,2022-03-31,2,,,,,,,,,,,,,,,,,,,,362584000000,179764000000,0.469,,170131000000,,,,,,,,,,,,true,false,12,2021-04-01,2022-03-31,-1
2022-10-31,31320,2022-03-31,2,,,,,,,,,,,,,,,,,,,,,,,,,,,,,100.00,,,,63030582,814802,,false,false,12,2021-04-01,2022-03-31,-1
2022-10-31,31320,2023-03-31,2,,,,,,,,,,,,,,,,,,,,,,,,,,,,,65.00,,,,,,,false,false,12,2022-04-01,2023-03-31,0
2022-10-31,31320,2023-03-31,2,,,,,,,,,,,,,,,,,,,,,,,,,,,,,130.00,,,,,,,false,true,12,2022-04-01,2023-03-31,0
2022-10-31,31320,2023-03-31,2,,,,,,,,,,,,,,,,,,,,,,,,,,,,,,,,,63030582,695067,62267116,false,false,6,2022-04-01,2022-09-30,0
2022-10-31,31320,2022-03-31,2,,,,,,,,,,,,,,,,,,,,,,,,,,,,,,,,,,,62149820,false,false,6,2021-04-01,2021-09-30,-1
2022-10-31,31320,2023-03-31,,970000000000,0.043,,,,,51000000000,0.159,45000000000,0.082,,31500000000,,505.88,,,,,,,,,,,,,,,,,,,,,,true,true,12,2022-04-01,2023-03-31,0
2022-10-31,31320,2022-03-31,,761823000000,,,,,,36707000000,,35487000000,,,25798000000,,414.89,,,,,,,,,,,,,,,,,,,,,,true,false,12,2021-04-01,2022-03-31,-1
2022-10-31,31320,2023-03-31,,,,,,,,,,,,,,,,,,,,,,,,,,,,,,130.00,,,,,,,false,true,12,2022-04-01,2023-03-31,0
2022-10-31,31320,2023-03-31,,,,,,,,,,,,,,,,,,,,,,,,,,,,,,65.00,,,,,,,false,false,12,2022-04-01,2023-03-31,0
2022-10-31,31320,2022-03-31,,,,,,,,,,,,,,,,,,,,,,,,,,,,,,100.00,,,,,,,false,false,12,2021-04-01,2022-03-31,-1
2023-01-30,31320,2023-03-31,3,768004000000,0.378,,,,,45294000000,0.785,40829000000,0.662,,29289000000,,471.99,,,,,,475961000000,198086000000,0.397,,189116000000,,,,,,,,,,,,true,false,9,2022-04-01,2022-12-31,0
2023-01-30,31320,2022-03-31,3,557145000000,0.404,,,,,25375000000,1.092,24561000000,1.070,,17822000000,,286.68,,,,,,,,,,,,,,,,,,,,,,true,false,9,2021-04-01,2021-12-31,-1
2023-01-30,31320,2023-03-31,3,1000000000000,0.313,,,,,57000000000,0.553,51000000000,0.437,,36000000000,,580.13,,,,,,,,,,,,,,,,,,,,,,true,true,12,2022-04-01,2023-03-31,0
2023-01-30,31320,2022-03-31,3,,,,,,,,,,,,,,,,,,,,362584000000,179764000000,0.469,,170131000000,,,,,,,,,,,,true,false,12,2021-04-01,2022-03-31,-1
2023-01-30,31320,2022-03-31,3,,,,,,,,,,,,,,,,,,,,,,,,,,,,,100.00,,,,63030582,814802,,false,false,12,2021-04-01,2022-03-31,-1
2023-01-30,31320,2023-03-31,3,,,,,,,,,,,,,,,,,,,,,,,,,,,,,65.00,,,,,,,false,false,12,2022-04-01,2023-03-31,0
2023-01-30,31320,2023-03-31,3,,,,,,,,,,,,,,,,,,,,,,,,,,,,,130.00,,,,,,,false,true,12,2022-04-01,2023-03-31,0
2023-01-30,31320,2023-03-31,3,,,,,,,,,,,,,,,,,,,,,,,,,,,,,,,,,63030582,2123165,62055206,false,false,9,2022-04-01,2022-12-31,0
2023-01-30,31320,2022-03-31,3,,,,,,,,,,,,,,,,,,,,,,,,,,,,,,,,,,,62169638,false,false,9,2021-04-01,2021-12-31,-1
2023-05-08,31320,2023-03-31,,1029263000000,0.351,,,,,61646000000,0.679,56832000000,0.601,,41030000000,,664.89,,0.222,0.129,0.060,,517620000000,207762000000,0.386,3299.25,199792000000,38896000000,-869000000,-27100000000,37492000000,,0.211,,,,,,true,false,12,2022-04-01,2023-03-31,0
2023-05-08,31320,2022-03-31,,761823000000,0.375,,,,,36707000000,0.956,35487000000,1.164,,25798000000,,414.89,,0.165,0.112,0.048,,362584000000,179764000000,0.469,2734.55,170131000000,-15534000000,-1653000000,14368000000,25099000000,,0.241,,,,,,true,false,12,2021-04-01,2022-03-31,-1
2023-05-08,31320,2024-03-31,,528000000000,0.072,,,,,30400000000,0.134,29200000000,0.232,,20400000000,,336.87,,,,,,,,,,,,,,,,,,,,,,true,true,6,2023-04-01,2023-09-30,1
2023-05-08,31320,2024-03-31,,1100000000000,0.069,,,,,62000000000,0.006,59500000000,0.047,,41200000000,,680.35,,,,,,,,,,,,,,,,,,,,,,true,true,12,2023-04-01,2024-03-31,1
2023-05-08,31320,2023-03-31,,,,,,10778000000,0.245,9397000000,0.257,9491000000,0.247,9409000000,,0.247,152.48,,,,,,87552000000,84681000000,0.967,1398.38,84681000000,,,,,140.00,,,,60857382,300365,61709482,false,false,12,2022-04-01,2023-03-31,0
2023-05-08,31320,2022-03-31,,,,,,8656000000,0.247,7476000000,0.267,7609000000,0.246,7544000000,,0.219,121.34,,,,,,91160000000,88746000000,0.974,1426.43,88746000000,,,,,100.00,,,,63030582,814802,62180293,false,false,12,2021-04-01,2022-03-31,-1
2023-05-08,31320,2024-03-31,,,,,,,,,,,,,,,,,,,,,,,,,,,,,,150.00,,,,,,,false,true,12,2023-04-01,2024-03-31,1
2023-07-31,31320,2024-03-31,1,278562000000,0.154,,,,,20653000000,0.684,19611000000,0.739,,13580000000,,224.25,,,,,,533145000000,224433000000,0.405,,215736000000,,,,,,,,,,,,true,false,3,2023-04-01,2023-06-30,0
2023-07-31,31320,2023-03-31,1,241320000000,0.355,,,,,12265000000,0.679,11280000000,0.501,,7857000000,,126.29,,,,,,,,,,,,,,,,,,,,,,true,false,3,2022-04-01,2022-06-30,-1
2023-07-31,31320,2024-03-31,1,548000000000,0.113,,,,,36000000000,0.343,34100000000,0.438,,23300000000,,384.76,,,,,,,,,,,,,,,,,,,,,,true,true,6,2023-04-01,2023-09-30,0
2023-07-31,31320,2024-03-31,1,1100000000000,0.069,,,,,66000000000,0.071,62800000000,0.105,,42200000000,,696.87,,,,,,,,,,,,,,,,,,,,,,true,true,12,2023-04-01,2024-03-31,0
2023-07-31,31320,2023-03-31,1,,,,,,,,,,,,,,,,,,,,517620000000,207762000000,0.386,,199792000000,,,,,,,,,,,,true,false,12,2022-04-01,2023-03-31,-1
2023-07-31,31320,2023-03-31,1,,,,,,,,,,,,,,,,,,,,,,,,,,,,,140.00,,,,60857382,300365,,false,false,12,2022-04-01,2023-03-31,-1
2023-07-31,31320,2024-03-31,1,,,,,,,,,,,,,,,,,,,,,,,,,,,,,150.00,,,,,,,false,true,12,2023-04-01,2024-03-31,0
2023-07-31,31320,2024-03-31,1,,,,,,,,,,,,,,,,,,,,,,,,,,,,,,,,,60857382,300615,60556917,false,false,3,2023-04-01,2023-06-30,0
2023-07-31,31320,2023-03-31,1,,,,,,,,,,,,,,,,,,,,,,,,,,,,,,,,,,,62215780,false,false,3,2022-04-01,2022-06-30,-1
2023-10-30,31320,2024-03-31,2,546961000000,0.110,,,,,38000000000,0.418,36667000000,0.547,,25864000000,,426.97,,,,,,551041000000,239207000000,0.418,,230494000000,,,,,,,,,,,,true,false,6,2023-04-01,2023-09-30,0
2023-10-30,31320,2023-03-31,2,492562000000,0.359,,,,,26801000000,0.736,23707000000,0.545,,16821000000,,270.14,,,,,,,,,,,,,,,,,,,,,,true,false,6,2022-04-01,2022-09-30,-1
2023-10-30,31320,2024-03-31,2,1100000000000,0.069,,,,,66000000000,0.071,62800000000,0.105,,42200000000,,696.87,,,,,,,,,,,,,,,,,,,,,,true,true,12,2023-04-01,2024-03-31,0
2023-10-30,31320,2023-03-31,2,,,,,,,,,,,,,,,,,,,,517620000000,207762000000,0.386,,199792000000,,,,,,,,,,,,true,false,12,2022-04-01,2023-03-31,-1
2023-10-30,31320,2023-03-31,2,,,,,,,,,,,,,,,,,,,,,,,,,,,,,140.00,,,,60857382,300365,,false,false,12,2022-04-01,2023-03-31,-1
2023-10-30,31320,2024-03-31,2,,,,,,,,,,,,,,,,,,,,,,,,,,,,,80.00,,,,,,,false,false,12,2023-04-01,2024-03-31,0
2023-10-30,31320,2024-03-31,2,,,,,,,,,,,,,,,,,,,,,,,,,,,,,160.00,,,,,,,false,true,12,2023-04-01,2024-03-31,0
2023-10-30,31320,2024-03-31,2,,,,,,,,,,,,,,,,,,,,,,,,,,,,,,,,,60857382,258302,60576892,false,false,6,2023-04-01,2023-09-30,0
2023-10-30,31320,2023-03-31,2,,,,,,,,,,,,,,,,,,,,,,,,,,,,,,,,,,,62267116,false,false,6,2022-04-01,2022-09-30,-1
2024-01-29,31320,2024-03-31,3,800303000000,0.042,,,,,51310000000,0.133,48793000000,0.195,,35158000000,,580.33,,,,,,516847000000,239611000000,0.447,,231172000000,,,,,,,,,,,,true,false,9,2023-04-01,2023-12-31,0
2024-01-29,31320,2023-03-31,3,768004000000,0.378,,,,,45294000000,0.785,40829000000,0.662,,29289000000,,471.99,,,,,,,,,,,,,,,,,,,,,,true,false,9,2022-04-01,2022-12-31,-1
2024-01-29,31320,2024-03-31,3,1100000000000,0.069,,,,,66000000000,0.071,62800000000,0.105,,42200000000,,696.87,,,,,,,,,,,,,,,,,,,,,,true,true,12,2023-04-01,2024-03-31,0
2024-01-29,31320,2023-03-31,3,,,,,,,,,,,,,,,,,,,,517620000000,207762000000,0.386,,199792000000,,,,,,,,,,,,true,false,12,2022-04-01,2023-03-31,-1
2024-01-29,31320,2023-03-31,3,,,,,,,,,,,,,,,,,,,,,,,,,,,,,140.00,,,,60857382,300365,,false,false,12,2022-04-01,2023-03-31,-1
2024-01-29,31320,2024-03-31,3,,,,,,,,,,,,,,,,,,,,,,,,,,,,,80.00,,,,,,,false,false,12,2023-04-01,2024-03-31,0
2024-01-29,31320,2024-03-31,3,,,,,,,,,,,,,,,,,,,,,,,,,,,,,190.00,,,,,,,false,true,12,2023-04-01,2024-03-31,0
2024-01-29,31320,2024-03-31,3,,,,,,,,,,,,,,,,,,,,,,,,,,,,,,,,,60857382,258481,60583505,false,false,9,2023-04-01,2023-12-31,0
2024-01-29,31320,2023-03-31,3,,,,,,,,,,,,,,,,,,,,,,,,,,,,,,,,,,,62055206,false,false,9,2022-04-01,2022-12-31,-1
2024-05-07,31320,2024-03-31,,1028718000000,-0.001,,,,,63733000000,0.034,61966000000,0.090,,48069000000,,794.64,,0.216,0.116,0.062,,552244000000,256420000000,0.442,4072.90,244314000000,39949000000,-18457000000,-23014000000,38623000000,,0.252,,,,,,true,false,12,2023-04-01,2024-03-31,0
2024-05-07,31320,2023-03-31,,1029263000000,0.351,,,,,61646000000,0.679,56832000000,0.601,,41030000000,,664.89,,0.222,0.129,0.060,,517620000000,207762000000,0.386,3299.25,199792000000,38896000000,-869000000,-27100000000,37492000000,,0.211,,,,,,true,false,12,2022-04-01,2023-03-31,-1
2024-05-07,31320,2025-03-31,,495000000000,-0.095,,,,,26000000000,-0.316,24200000000,-0.340,,16800000000,,280.07,,,,,,,,,,,,,,,,,,,,,,true,true,6,2024-04-01,2024-09-30,1
2024-05-07,31320,2025-03-31,,1100000000000,0.069,,,,,64000000000,0.004,60500000000,-0.024,,42000000000,,233.39,,,,,,,,,,,,,,,,,,,,,,true,true,12,2024-04-01,2025-03-31,1
2024-05-07,31320,2024-03-31,,,,,,21017000000,0.950,19555000000,1.081,19614000000,1.067,19502000000,,1.073,322.40,,,,,,93416000000,90104000000,0.965,1502.11,90104000000,,,,,200.00,,,,60857382,872110,60492656,false,false,12,2023-04-01,2024-03-31,0
2024-05-07,31320,2023-03-31,,,,,,10778000000,0.245,9397000000,0.257,9491000000,0.247,9409000000,,0.247,152.48,,,,,,87552000000,84681000000,0.967,1398.38,84681000000,,,,,140.00,,,,60857382,300365,61709482,false,false,12,2022-04-01,2023-03-31,-1
2024-05-07,31320,2025-03-31,,,,,,,,,,,,,,,,,,,,,,,,,,,,,,35.00,,,,,,,false,true,12,2024-04-01,2025-03-31,1
2024-07-29,31320,2025-03-31,1,256330000000,-0.080,,,,,12047000000,-0.417,11947000000,-0.391,,8030000000,,133.88,,,,,,576181000000,265530000000,0.438,,252560000000,,,,,,,,,,,,true,false,3,2024-04-01,2024-06-30,0
2024-07-29,31320,2024-03-31,1,278562000000,0.154,,,,,20653000000,0.684,19611000000,0.739,,13580000000,,224.25,,,,,,,,,,,,,,,,,,,,,,true,false,3,2023-04-01,2023-06-30,-1
2024-07-29,31320,2025-03-31,1,495000000000,-0.095,,,,,26000000000,-0.316,24200000000,-0.340,,16800000000,,280.07,,,,,,,,,,,,,,,,,,,,,,true,true,6,2024-04-01,2024-09-30,0
2024-07-29,31320,2025-03-31,1,1100000000000,0.069,,,,,64000000000,0.004,60500000000,-0.024,,42000000000,,233.39,,,,,,,,,,,,,,,,,,,,,,true,true,12,2024-04-01,2025-03-31,0
2024-07-29,31320,2024-03-31,1,,,,,,,,,,,,,,,,,,,,552244000000,256420000000,0.442,,244314000000,,,,,,,,,,,,true,false,12,2023-04-01,2024-03-31,-1
2024-07-29,31320,2024-03-31,1,,,,,,,,,,,,,,,,,,,,,,,,,,,,,200.00,,,,60857382,872110,,false,false,12,2023-04-01,2024-03-31,-1
2024-07-29,31320,2025-03-31,1,,,,,,,,,,,,,,,,,,,,,,,,,,,,,35.00,,,,,,,false,true,12,2024-04-01,2025-03-31,0
2024-07-29,31320,2025-03-31,1,,,,,,,,,,,,,,,,,,,,,,,,,,,,,,,,,60857382,872790,59984795,false,false,3,2024-04-01,2024-06-30,0
2024-07-29,31320,2024-03-31,1,,,,,,,,,,,,,,,,,,,,,,,,,,,,,,,,,,,60556917,false,false,3,2023-04-01,2023-06-30,-1
2024-10-28,31320,2025-03-31,2,518960000000,-0.051,,,,,22377000000,-0.411,21099000000,-0.425,,15243000000,,84.68,,,,,,545485000000,256690000000,0.455,,248132000000,,,,,,,,,,,,true,false,6,2024-04-01,2024-09-30,0
2024-10-28,31320,2024-03-31,2,546961000000,0.110,,,,,38000000000,0.418,36667000000,0.547,,25864000000,,142.32,,,,,,,,,,,,,,,,,,,,,,true,false,6,2023-04-01,2023-09-30,-1
2024-10-28,31320,2025-03-31,2,1040000000000,0.011,,,,,44500000000,-0.302,42000000000,-0.322,,30000000000,,166.65,,,,,,,,,,,,,,,,,,,,,,true,true,12,2024-04-01,2025-03-31,0
2024-10-28,31320,2024-03-31,2,,,,,,,,,,,,,,,,,,,,552244000000,256420000000,0.442,,244314000000,,,,,,,,,,,,true,false,12,2023-04-01,2024-03-31,-1
2024-10-28,31320,2024-03-31,2,,,,,,,,,,,,,,,,,,,,,,,,,,,,,200.00,,,,182572146,2616330,,false,false,12,2023-04-01,2024-03-31,-1
2024-10-28,31320,2025-03-31,2,,,,,,,,,,,,,,,,,,,,,,,,,,,,,105.00,,,,,,,false,false,12,2024-04-01,2025-03-31,0
2024-10-28,31320,2025-03-31,2,,,,,,,,,,,,,,,,,,,,,,,,,,,,,35.00,,,,,,,false,true,12,2024-04-01,2025-03-31,0
2024-10-28,31320,2025-03-31,2,,,,,,,,,,,,,,,,,,,,,,,,,,,,,,,,,182572146,2478804,180013938,false,false,6,2024-04-01,2024-09-30,0
2024-10-28,31320,2024-03-31,2,,,,,,,,,,,,,,,,,,,,,,,,,,,,,,,,,,,181730677,false,false,6,2023-04-01,2023-09-30,-1
2025-02-03,31320,2025-03-31,3,781789000000,-0.023,,,,,33217000000,-0.353,31171000000,-0.361,,22631000000,,125.96,,,,,,578234000000,266438000000,0.444,,256960000000,,,,,,,,,,,,true,false,9,2024-04-01,2024-12-31,0
2025-02-03,31320,2024-03-31,3,800303000000,0.042,,,,,51310000000,0.133,48793000000,0.195,,35158000000,,193.44,,,,,,,,,,,,,,,,,,,,,,true,false,9,2023-04-01,2023-12-31,-1
2025-02-03,31320,2025-03-31,3,1040000000000,0.011,,,,,44500000000,-0.302,42000000000,-0.322,,30000000000,,166.65,,,,,,,,,,,,,,,,,,,,,,true,true,12,2024-04-01,2025-03-31,0
2025-02-03,31320,2024-03-31,3,,,,,,,,,,,,,,,,,,,,552244000000,256420000000,0.442,,244314000000,,,,,,,,,,,,true,false,12,2023-04-01,2024-03-31,-1
2025-02-03,31320,2024-03-31,3,,,,,,,,,,,,,,,,,,,,,,,,,,,,,200.00,,,,182572146,2616330,,false,false,12,2023-04-01,2024-03-31,-1
2025-02-03,31320,2025-03-31,3,,,,,,,,,,,,,,,,,,,,,,,,,,,,,105.00,,,,,,,false,false,12,2024-04-01,2025-03-31,0
2025-02-03,31320,2025-03-31,3,,,,,,,,,,,,,,,,,,,,,,,,,,,,,35.00,,,,,,,false,true,12,2024-04-01,2025-03-31,0
2025-02-03,31320,2025-03-31,3,,,,,,,,,,,,,,,,,,,,,,,,,,,,,,,,,182572146,4157410,179667067,false,false,9,2024-04-01,2024-12-31,0
2025-02-03,31320,2024-03-31,3,,,,,,,,,,,,,,,,,,,,,,,,,,,,,,,,,,,181750515,false,false,9,2023-04-01,2023-12-31,-1
2025-05-07,31320,2025-03-31,,1034180000000,0.005,,,,,39649000000,-0.378,37318000000,-0.398,,25279000000,,140.93,,0.102,0.067,0.038,,556438000000,261477000000,0.454,1414.76,252413000000,24232000000,-9573000000,-4229000000,48452000000,,0.497,,,,,,true,false,12,2024-04-01,2025-03-31,0
2025-05-07,31320,2024-03-31,,1028718000000,-0.001,,,,,63733000000,0.034,61966000000,0.090,,48069000000,,264.88,,0.216,0.116,0.062,,552244000000,256420000000,0.442,1357.63,244314000000,39949000000,-18457000000,-23014000000,38623000000,,0.252,,,,,,true,false,12,2023-04-01,2024-03-31,-1
2025-05-07,31320,2026-03-31,,507500000000,-0.022,,,,,19200000000,-0.142,17500000000,-0.171,,12300000000,,68.94,,,,,,,,,,,,,,,,,,,,,,true,true,6,2025-04-01,2025-09-30,1
2025-05-07,31320,2026-03-31,,1050000000000,0.015,,,,,42000000000,0.059,38500000000,0.032,,27000000000,,151.33,,,,,,,,,,,,,,,,,,,,,,true,true,12,2025-04-01,2026-03-31,1
2025-05-07,31320,2025-03-31,,,,,,14368000000,-0.316,12847000000,-0.343,13055000000,-0.334,12915000000,,-0.338,72.00,,,,,,90803000000,86828000000,0.956,486.67,86828000000,,,,,35.00,,,,179072146,657485,179378062,false,false,12,2024-04-01,2025-03-31,0
2025-05-07,31320,2024-03-31,,,,,,21017000000,0.950,19555000000,1.081,19614000000,1.067,19502000000,,1.073,107.47,,,,,,93416000000,90104000000,0.965,500.70,90104000000,,,,,200.00,,,,182572146,2616330,181477968,false,false,12,2023-04-01,2024-03-31,-1
2025-05-07,31320,2026-03-31,,,,,,,,,,,,,,,,,,,,,,,,,,,,,,70.00,,,,,,,false,true,12,2025-04-01,2026-03-31,1
2025-07-28,31320,2026-03-31,1,281613000000,0.099,,,,,8198000000,-0.320,5082000000,-0.575,,5091000000,,28.54,,,,,,548514000000,259697000000,0.457,,250618000000,,,,,,,,,,,,true,false,3,2025-04-01,2025-06-30,0
2025-07-28,31320,2025-03-31,1,256330000000,-0.080,,,,,12047000000,-0.417,11947000000,-0.391,,8030000000,,44.63,,,,,,,,,,,,,,,,,,,,,,true,false,3,2024-04-01,2024-06-30,-1
2025-07-28,31320,2026-03-31,1,507500000000,-0.022,,,,,19200000000,-0.142,17500000000,-0.171,,12300000000,,68.94,,,,,,,,,,,,,,,,,,,,,,true,true,6,2025-04-01,2025-09-30,0
2025-07-28,31320,2026-03-31,1,1050000000000,0.015,,,,,42000000000,0.059,38500000000,0.032,,27000000000,,151.33,,,,,,,,,,,,,,,,,,,,,,true,true,12,2025-04-01,2026-03-31,0
2025-07-28,31320,2025-03-31,1,,,,,,,,,,,,,,,,,,,,556438000000,261477000000,0.454,,252413000000,,,,,,,,,,,,true,false,12,2024-04-01,2025-03-31,-1
2025-07-28,31320,2025-03-31,1,,,,,,,,,,,,,,,,,,,,,,,,,,,,,35.00,,,,179072146,657485,,false,false,12,2024-04-01,2025-03-31,-1
2025-07-28,31320,2026-03-31,1,,,,,,,,,,,,,,,,,,,,,,,,,,,,,70.00,,,,,,,false,true,12,2025-04-01,2026-03-31,0
2025-07-28,31320,2026-03-31,1,,,,,,,,,,,,,,,,,,,,,,,,,,,,,,,,,179072146,657485,178414661,false,false,3,2025-04-01,2025-06-30,0
2025-07-28,31320,2025-03-31,1,,,,,,,,,,,,,,,,,,,,,,,,,,,,,,,,,,,179954385,false,false,3,2024-04-01,2024-06-30,-1
