filing_date,code,fiscal_year_end,quarterly_period,net_sales,net_sales_change,revenue,revenue_change,operating_revenue,operating_revenue_change,operating_profit,operating_profit_change,ordinary_profit,ordinary_profit_change,net_income,net_income_of_parent,net_income_change,eps,diluted_eps,roe,roa,operating_profit_to_net_sales,operating_profit_to_revenue,total_assets,net_assets,equity_ratio,bps,owner_equity,operating_cash_flow,investing_cash_flow,financing_cash_flow,cash,dividend_per_share,payout_ratio,commemorative_dividend,extra_dividend,number_of_shares,number_of_treqsury_shares,avg_number_of_shares,is_consolidated,is_forecast,duration,period_start,period_end,period_pos
2015-05-15,31530,2015-03-31,,82605000000,0.140,,,,,1753000000,0.088,1858000000,0.076,1504000000,,0.984,69.07,,0.104,0.034,0.021,,57288000000,15515000000,0.264,695.28,15144000000,1378000000,-207000000,-173000000,10780000000,,0.188,,,,,,true,false,12,2014-04-01,2015-03-31,0
2015-05-15,31530,2014-03-31,,72464000000,-0.122,,,,,1611000000,0.133,1727000000,0.101,758000000,,0.005,34.82,,0.055,0.034,0.022,,52071000000,14180000000,0.264,631.02,13744000000,3002000000,39000000,-436000000,9781000000,,0.373,,,,,,true,false,12,2013-04-01,2014-03-31,-1
2015-05-15,31530,2016-03-31,,83000000000,0.005,,,,,1970000000,0.124,2050000000,0.103,,1080000000,,49.58,,,,,,,,,,,,,,,,0.262,,,,,,true,true,12,2015-04-01,2016-03-31,1
2015-05-15,31530,2015-03-31,,77937000000,0.143,,,,,1085000000,0.021,1680000000,0.136,1602000000,,1.216,73.55,,,,,,52384000000,14671000000,0.280,673.57,14671000000,,,,,13.00,,,,21782500,1184,21781316,false,false,12,2014-04-01,2015-03-31,0
2015-05-15,31530,2014-03-31,,68203000000,-0.130,,,,,1063000000,0.132,1479000000,0.119,722000000,,0.018,33.19,,,,,,46179000000,13265000000,0.287,609.02,13265000000,,,,,13.00,,,,21782500,1184,21781316,false,false,12,2013-04-01,2014-03-31,-1
2015-05-15,31530,2016-03-31,,,,,,,,,,,,,,,,,,,,,,,,,,,,,,13.00,,,,,,,false,true,12,2015-04-01,2016-03-31,1
2015-07-30,31530,2016-03-31,1,15441000000,0.190,,,,,56000000,,89000000,,,24000000,,1.14,,,,,,53014000000,15319000000,0.282,,14956000000,,,,,,,,,,,,true,false,3,2015-04-01,2015-06-30,0
2015-07-30,31530,2015-03-31,1,12977000000,-0.093,,,,,-94000000,,-76000000,,,-99000000,,-4.57,,,,,,,,,,,,,,,,,,,,,,true,false,3,2014-04-01,2014-06-30,-1
2015-07-30,31530,2016-03-31,1,83000000000,0.005,,,,,1970000000,0.124,2050000000,0.103,,1080000000,,49.58,,,,,,,,,,,,,,,,,,,,,,true,true,12,2015-04-01,2016-03-31,0
2015-07-30,31530,2015-03-31,1,,,,,,,,,,,,,,,,,,,,57288000000,15515000000,0.264,,15144000000,,,,,,,,,,,,true,false,12,2014-04-01,2015-03-31,-1
2015-07-30,31530,2015-03-31,1,,,,,,,,,,,,,,,,,,,,,,,,,,,,,13.00,,,,21782500,1184,,false,false,12,2014-04-01,2015-03-31,-1
2015-07-30,31530,2016-03-31,1,,,,,,,,,,,,,,,,,,,,,,,,,,,,,13.00,,,,,,,false,true,12,2015-04-01,2016-03-31,0
2015-07-30,31530,2016-03-31,1,,,,,,,,,,,,,,,,,,,,,,,,,,,,,,,,,21782500,1184,21781316,false,false,3,2015-04-01,2015-06-30,0
2015-07-30,31530,2015-03-31,1,,,,,,,,,,,,,,,,,,,,,,,,,,,,,,,,,,,21781316,false,false,3,2014-04-01,2014-06-30,-1
2015-10-29,31530,2016-03-31,2,35581000000,0.184,,,,,184000000,-0.247,241000000,-0.173,,82000000,,3.77,,,,,,48804000000,15304000000,0.306,,14927000000,,,,,,,,,,,,true,false,6,2015-04-01,2015-09-30,0
2015-10-29,31530,2015-03-31,2,30041000000,0.023,,,,,244000000,-0.118,291000000,-0.141,,105000000,,4.85,,,,,,,,,,,,,,,,,,,,,,true,false,6,2014-04-01,2014-09-30,-1
2015-10-29,31530,2016-03-31,2,83000000000,0.005,,,,,1970000000,0.124,2050000000,0.103,,1080000000,,49.58,,,,,,,,,,,,,,,,,,,,,,true,true,12,2015-04-01,2016-03-31,0
2015-10-29,31530,2015-03-31,2,,,,,,,,,,,,,,,,,,,,57288000000,15515000000,0.264,,15144000000,,,,,,,,,,,,true,false,12,2014-04-01,2015-03-31,-1
2015-10-29,31530,2015-03-31,2,,,,,,,,,,,,,,,,,,,,,,,,,,,,,13.00,,,,21782500,1184,,false,false,12,2014-04-01,2015-03-31,-1
2015-10-29,31530,2016-03-31,2,,,,,,,,,,,,,,,,,,,,,,,,,,,,,0.00,,,,,,,false,false,12,2015-04-01,2016-03-31,0
2015-10-29,31530,2016-03-31,2,,,,,,,,,,,,,,,,,,,,,,,,,,,,,13.00,,,,,,,false,true,12,2015-04-01,2016-03-31,0
2015-10-29,31530,2016-03-31,2,,,,,,,,,,,,,,,,,,,,,,,,,,,,,,,,,21782500,1184,21781316,false,false,6,2015-04-01,2015-09-30,0
2015-10-29,31530,2015-03-31,2,,,,,,,,,,,,,,,,,,,,,,,,,,,,,,,,,,,21781316,false,false,6,2014-04-01,2014-09-30,-1
2015-12-16,31530,2016-03-31,,83000000000,,,,,,1970000000,,2050000000,,,1690000000,,77.59,,,,,,,,,,,,,,,,,,,,,,true,true,12,2015-04-01,2016-03-31,0
2015-12-16,31530,2015-03-31,,82605000000,,,,,,1753000000,,1858000000,,,1504000000,,69.07,,,,,,,,,,,,,,,,,,,,,,true,false,12,2014-04-01,2015-03-31,-1
2016-01-28,31530,2016-03-31,3,52893000000,0.100,,,,,307000000,,403000000,,,804000000,,36.95,,,,,,45969000000,16132000000,0.343,,15745000000,,,,,,,,,,,,true,false,9,2015-04-01,2015-12-31,0
2016-01-28,31530,2015-03-31,3,48085000000,0.107,,,,,-285000000,,-198000000,,,270000000,,12.44,,,,,,,,,,,,,,,,,,,,,,true,false,9,2014-04-01,2014-12-31,-1
2016-01-28,31530,2016-03-31,3,83000000000,0.005,,,,,1970000000,0.124,2050000000,0.103,,1690000000,,77.59,,,,,,,,,,,,,,,,,,,,,,true,true,12,2015-04-01,2016-03-31,0
2016-01-28,31530,2015-03-31,3,,,,,,,,,,,,,,,,,,,,57288000000,15515000000,0.264,,15144000000,,,,,,,,,,,,true,false,12,2014-04-01,2015-03-31,-1
2016-01-28,31530,2015-03-31,3,,,,,,,,,,,,,,,,,,,,,,,,,,,,,13.00,,,,21782500,1184,,false,false,12,2014-04-01,2015-03-31,-1
2016-01-28,31530,2016-03-31,3,,,,,,,,,,,,,,,,,,,,,,,,,,,,,0.00,,,,,,,false,false,12,2015-04-01,2016-03-31,0
2016-01-28,31530,2016-03-31,3,,,,,,,,,,,,,,,,,,,,,,,,,,,,,13.00,,,,,,,false,true,12,2015-04-01,2016-03-31,0
2016-01-28,31530,2016-03-31,3,,,,,,,,,,,,,,,,,,,,,,,,,,,,,,,,,21782500,1184,21781316,false,false,9,2015-04-01,2015-12-31,0
2016-01-28,31530,2015-03-31,3,,,,,,,,,,,,,,,,,,,,,,,,,,,,,,,,,,,21781316,false,false,9,2014-04-01,2014-12-31,-1
,31530,2016-03-31,,,,,,,,,,,,,,,,,,,,,,,,,,,,,,15.00,,,,,,,false,true,12,2015-04-01,2016-03-31,0
,31530,2016-03-31,,,,,,,,,,,,,,,,,,,,,,,,,,,,,,0.00,,,,,,,false,false,12,2015-04-01,2016-03-31,0
,31530,2015-03-31,,,,,,,,,,,,,,,,,,,,,,,,,,,,,,13.00,,,,,,,false,false,12,2014-04-01,2015-03-31,-1
2016-05-13,31530,2016-03-31,,78313000000,-0.052,,,,,1887000000,0.077,2009000000,0.081,,1810000000,,83.13,,0.116,0.036,0.024,,53647000000,16423000000,0.299,736.41,16040000000,-1104000000,-345000000,1510000000,10840000000,,0.180,,,,,,true,false,12,2015-04-01,2016-03-31,0
2016-05-13,31530,2015-03-31,,82605000000,0.140,,,,,1753000000,0.088,1858000000,0.076,,1504000000,,69.07,,0.104,0.034,0.021,,57288000000,15515000000,0.264,695.28,15144000000,1378000000,-207000000,-173000000,10780000000,,0.188,,,,,,true,false,12,2014-04-01,2015-03-31,-1
2016-05-13,31530,2017-03-31,,80000000000,0.022,,,,,2010000000,0.065,2150000000,0.070,,1280000000,,58.77,,,,,,,,,,,,,,,,0.221,,,,,,true,true,12,2016-04-01,2017-03-31,1
2016-05-13,31530,2016-03-31,,73168000000,-0.061,,,,,1272000000,0.172,1651000000,-0.017,1034000000,,-0.354,47.51,,,,,,47983000000,15337000000,0.320,704.17,15337000000,,,,,15.00,,,,21782500,1184,21781316,false,false,12,2015-04-01,2016-03-31,0
2016-05-13,31530,2015-03-31,,77937000000,0.143,,,,,1085000000,0.021,1680000000,0.136,1602000000,,1.216,73.55,,,,,,52384000000,14671000000,0.280,673.57,14671000000,,,,,13.00,,,,21782500,1184,21781316,false,false,12,2014-04-01,2015-03-31,-1
2016-05-13,31530,2017-03-31,,,,,,,,,,,,,,,,,,,,,,,,,,,,,,13.00,,,,,,,false,true,12,2016-04-01,2017-03-31,1
2016-07-29,31530,2017-03-31,1,14122000000,-0.085,,,,,-339000000,,-303000000,,,-277000000,,-12.72,,,,,,45204000000,15819000000,0.342,,15462000000,,,,,,,,,,,,true,false,3,2016-04-01,2016-06-30,0
2016-07-29,31530,2016-03-31,1,15441000000,0.190,,,,,56000000,,89000000,,,24000000,,1.14,,,,,,,,,,,,,,,,,,,,,,true,false,3,2015-04-01,2015-06-30,-1
2016-07-29,31530,2017-03-31,1,80000000000,0.022,,,,,2010000000,0.065,2150000000,0.070,,1280000000,,58.77,,,,,,,,,,,,,,,,,,,,,,true,true,12,2016-04-01,2017-03-31,0
2016-07-29,31530,2016-03-31,1,,,,,,,,,,,,,,,,,,,,53647000000,16423000000,0.299,,16040000000,,,,,,,,,,,,true,false,12,2015-04-01,2016-03-31,-1
2016-07-29,31530,2016-03-31,1,,,,,,,,,,,,,,,,,,,,,,,,,,,,,15.00,,,,21782500,1184,,false,false,12,2015-04-01,2016-03-31,-1
2016-07-29,31530,2017-03-31,1,,,,,,,,,,,,,,,,,,,,,,,,,,,,,13.00,,,,,,,false,true,12,2016-04-01,2017-03-31,0
2016-07-29,31530,2017-03-31,1,,,,,,,,,,,,,,,,,,,,,,,,,,,,,,,,,21782500,1184,21781316,false,false,3,2016-04-01,2016-06-30,0
2016-07-29,31530,2016-03-31,1,,,,,,,,,,,,,,,,,,,,,,,,,,,,,,,,,,,21781316,false,false,3,2015-04-01,2015-06-30,-1
2016-10-28,31530,2017-03-31,2,30856000000,-0.133,,,,,-421000000,,-365000000,,,-317000000,,-14.57,,,,,,46549000000,15858000000,0.333,,15510000000,,,,,,,,,,,,true,false,6,2016-04-01,2016-09-30,0
2016-10-28,31530,2016-03-31,2,35581000000,0.184,,,,,184000000,-0.247,241000000,-0.173,,82000000,,3.77,,,,,,,,,,,,,,,,,,,,,,true,false,6,2015-04-01,2015-09-30,-1
2016-10-28,31530,2017-03-31,2,80000000000,0.022,,,,,2010000000,0.065,2150000000,0.070,,1280000000,,58.77,,,,,,,,,,,,,,,,,,,,,,true,true,12,2016-04-01,2017-03-31,0
2016-10-28,31530,2016-03-31,2,,,,,,,,,,,,,,,,,,,,53647000000,16423000000,0.299,,16040000000,,,,,,,,,,,,true,false,12,2015-04-01,2016-03-31,-1
2016-10-28,31530,2016-03-31,2,,,,,,,,,,,,,,,,,,,,,,,,,,,,,15.00,,,,21782500,1184,,false,false,12,2015-04-01,2016-03-31,-1
2016-10-28,31530,2017-03-31,2,,,,,,,,,,,,,,,,,,,,,,,,,,,,,0.00,,,,,,,false,false,12,2016-04-01,2017-03-31,0
2016-10-28,31530,2017-03-31,2,,,,,,,,,,,,,,,,,,,,,,,,,,,,,13.00,,,,,,,false,true,12,2016-04-01,2017-03-31,0
2016-10-28,31530,2017-03-31,2,,,,,,,,,,,,,,,,,,,,,,,,,,,,,,,,,21782500,1184,21781316,false,false,6,2016-04-01,2016-09-30,0
2016-10-28,31530,2016-03-31,2,,,,,,,,,,,,,,,,,,,,,,,,,,,,,,,,,,,21781316,false,false,6,2015-04-01,2015-09-30,-1
2017-01-30,31530,2017-03-31,3,48378000000,-0.085,,,,,-377000000,,-266000000,,,-317000000,,-14.55,,,,,,51515000000,16041000000,0.305,,15688000000,,,,,,,,,,,,true,false,9,2016-04-01,2016-12-31,0
2017-01-30,31530,2016-03-31,3,52893000000,0.100,,,,,307000000,,403000000,,,804000000,,36.95,,,,,,,,,,,,,,,,,,,,,,true,false,9,2015-04-01,2015-12-31,-1
2017-01-30,31530,2017-03-31,3,80000000000,0.022,,,,,2010000000,0.065,2150000000,0.070,,1280000000,,58.77,,,,,,,,,,,,,,,,,,,,,,true,true,12,2016-04-01,2017-03-31,0
2017-01-30,31530,2016-03-31,3,,,,,,,,,,,,,,,,,,,,53647000000,16423000000,0.299,,16040000000,,,,,,,,,,,,true,false,12,2015-04-01,2016-03-31,-1
2017-01-30,31530,2016-03-31,3,,,,,,,,,,,,,,,,,,,,,,,,,,,,,15.00,,,,21782500,1184,,false,false,12,2015-04-01,2016-03-31,-1
2017-01-30,31530,2017-03-31,3,,,,,,,,,,,,,,,,,,,,,,,,,,,,,0.00,,,,,,,false,false,12,2016-04-01,2017-03-31,0
2017-01-30,31530,2017-03-31,3,,,,,,,,,,,,,,,,,,,,,,,,,,,,,13.00,,,,,,,false,true,12,2016-04-01,2017-03-31,0
2017-01-30,31530,2017-03-31,3,,,,,,,,,,,,,,,,,,,,,,,,,,,,,,,,,21782500,1184,21781316,false,false,9,2016-04-01,2016-12-31,0
2017-01-30,31530,2016-03-31,3,,,,,,,,,,,,,,,,,,,,,,,,,,,,,,,,,,,21781316,false,false,9,2015-04-01,2015-12-31,-1
,31530,2017-03-31,,,,,,,,,,,,,,,,,,,,,,,,,,,,,,16.00,,,,,,,false,true,12,2016-04-01,2017-03-31,0
,31530,2017-03-31,,,,,,,,,,,,,,,,,,,,,,,,,,,,,,0.00,,,,,,,false,false,12,2016-04-01,2017-03-31,0
,31530,2016-03-31,,,,,,,,,,,,,,,,,,,,,,,,,,,,,,15.00,,,,,,,false,false,12,2015-04-01,2016-03-31,-1
2017-04-19,31530,2017-03-31,,75660000000,-0.054,,,,,1550000000,-0.229,1680000000,-0.219,,1000000000,,45.91,,,,,,,,,,,,,,,,,,,,,,true,true,12,2016-04-01,2017-03-31,0
2017-04-19,31530,2016-03-31,,78313000000,,,,,,1887000000,,2009000000,,,1810000000,,83.13,,,,,,,,,,,,,,,,,,,,,,true,false,12,2015-04-01,2016-03-31,-1
2017-05-15,31530,2017-03-31,,75662000000,-0.034,,,,,1554000000,-0.177,1687000000,-0.160,,1007000000,,46.27,,0.061,0.031,0.021,,56361000000,17258000000,0.300,776.04,16903000000,2902000000,-1962000000,-1431000000,10348000000,,0.346,,,,,,true,false,12,2016-04-01,2017-03-31,0
2017-05-15,31530,2016-03-31,,78313000000,-0.052,,,,,1887000000,0.077,2009000000,0.081,,1810000000,,83.13,,0.116,0.036,0.024,,53647000000,16423000000,0.299,736.41,16040000000,-1104000000,-345000000,1510000000,10840000000,,0.180,,,,,,true,false,12,2015-04-01,2016-03-31,-1
2017-05-15,31530,2018-03-31,,76300000000,0.008,,,,,2050000000,0.319,2150000000,0.274,,1830000000,,84.02,,,,,,,,,,,,,,,,0.190,,,,,,true,true,12,2017-04-01,2018-03-31,1
2017-05-15,31530,2017-03-31,,63371000000,-0.134,,,,,944000000,-0.258,1414000000,-0.144,921000000,,-0.110,42.30,,,,,,49267000000,16050000000,0.326,736.88,16050000000,,,,,16.00,,,,21782500,1184,21781316,false,false,12,2016-04-01,2017-03-31,0
2017-05-15,31530,2016-03-31,,73168000000,-0.061,,,,,1272000000,0.172,1651000000,-0.017,1034000000,,-0.354,47.51,,,,,,47983000000,15337000000,0.320,704.17,15337000000,,,,,15.00,,,,21782500,1184,21781316,false,false,12,2015-04-01,2016-03-31,-1
2017-05-15,31530,2018-03-31,,,,,,,,,,,,,,,,,,,,,,,,,,,,,,16.00,,,,,,,false,true,12,2017-04-01,2018-03-31,1
2017-07-28,31530,2018-03-31,1,15244000000,0.079,,,,,225000000,,275000000,,,618000000,,28.37,,,,,,51539000000,17691000000,0.336,,17337000000,,,,,,,,,,,,true,false,3,2017-04-01,2017-06-30,0
2017-07-28,31530,2017-03-31,1,14122000000,-0.085,,,,,-339000000,,-303000000,,,-277000000,,-12.72,,,,,,,,,,,,,,,,,,,,,,true,false,3,2016-04-01,2016-06-30,-1
2017-07-28,31530,2018-03-31,1,76300000000,0.008,,,,,2050000000,0.319,2150000000,0.274,,1830000000,,84.02,,,,,,,,,,,,,,,,,,,,,,true,true,12,2017-04-01,2018-03-31,0
2017-07-28,31530,2017-03-31,1,,,,,,,,,,,,,,,,,,,,56361000000,17258000000,0.300,,16903000000,,,,,,,,,,,,true,false,12,2016-04-01,2017-03-31,-1
2017-07-28,31530,2017-03-31,1,,,,,,,,,,,,,,,,,,,,,,,,,,,,,16.00,,,,21782500,1184,,false,false,12,2016-04-01,2017-03-31,-1
2017-07-28,31530,2018-03-31,1,,,,,,,,,,,,,,,,,,,,,,,,,,,,,16.00,,,,,,,false,true,12,2017-04-01,2018-03-31,0
2017-07-28,31530,2018-03-31,1,,,,,,,,,,,,,,,,,,,,,,,,,,,,,,,,,21782500,1184,21781316,false,false,3,2017-04-01,2017-06-30,0
2017-07-28,31530,2017-03-31,1,,,,,,,,,,,,,,,,,,,,,,,,,,,,,,,,,,,21781316,false,false,3,2016-04-01,2016-06-30,-1
2017-08-23,31530,2018-03-31,,76300000000,,,,,,2050000000,,2150000000,,,1450000000,,66.57,,,,,,,,,,,,,,,,,,,,,,true,true,12,2017-04-01,2018-03-31,0
2017-08-23,31530,2017-03-31,,75662000000,,,,,,1554000000,,1687000000,,,1007000000,,46.27,,,,,,,,,,,,,,,,,,,,,,true,false,12,2016-04-01,2017-03-31,-1
2017-10-30,31530,2018-03-31,2,30234000000,-0.020,,,,,161000000,,247000000,,,206000000,,9.49,,,,,,47152000000,17462000000,0.363,,17094000000,,,,,,,,,,,,true,false,6,2017-04-01,2017-09-30,0
2017-10-30,31530,2017-03-31,2,30856000000,-0.133,,,,,-421000000,,-365000000,,,-317000000,,-14.57,,,,,,,,,,,,,,,,,,,,,,true,false,6,2016-04-01,2016-09-30,-1
2017-10-30,31530,2018-03-31,2,76300000000,0.008,,,,,2050000000,0.319,2150000000,0.274,,1450000000,,66.57,,,,,,,,,,,,,,,,,,,,,,true,true,12,2017-04-01,2018-03-31,0
2017-10-30,31530,2017-03-31,2,,,,,,,,,,,,,,,,,,,,56361000000,17258000000,0.300,,16903000000,,,,,,,,,,,,true,false,12,2016-04-01,2017-03-31,-1
2017-10-30,31530,2017-03-31,2,,,,,,,,,,,,,,,,,,,,,,,,,,,,,16.00,,,,21782500,1184,,false,false,12,2016-04-01,2017-03-31,-1
2017-10-30,31530,2018-03-31,2,,,,,,,,,,,,,,,,,,,,,,,,,,,,,0.00,,,,,,,false,false,12,2017-04-01,2018-03-31,0
2017-10-30,31530,2018-03-31,2,,,,,,,,,,,,,,,,,,,,,,,,,,,,,16.00,,,,,,,false,true,12,2017-04-01,2018-03-31,0
2017-10-30,31530,2018-03-31,2,,,,,,,,,,,,,,,,,,,,,,,,,,,,,,,,,21782500,1184,21781316,false,false,6,2017-04-01,2017-09-30,0
2017-10-30,31530,2017-03-31,2,,,,,,,,,,,,,,,,,,,,,,,,,,,,,,,,,,,21781316,false,false,6,2016-04-01,2016-09-30,-1
2018-01-30,31530,2018-03-31,3,45545000000,-0.059,,,,,357000000,,497000000,,,361000000,,16.61,,,,,,46547000000,17686000000,0.372,,17321000000,,,,,,,,,,,,true,false,9,2017-04-01,2017-12-31,0
2018-01-30,31530,2017-03-31,3,48378000000,-0.085,,,,,-377000000,,-266000000,,,-317000000,,-14.55,,,,,,,,,,,,,,,,,,,,,,true,false,9,2016-04-01,2016-12-31,-1
2018-01-30,31530,2018-03-31,3,76300000000,0.008,,,,,2050000000,0.319,2150000000,0.274,,1450000000,,66.66,,,,,,,,,,,,,,,,,,,,,,true,true,12,2017-04-01,2018-03-31,0
2018-01-30,31530,2017-03-31,3,,,,,,,,,,,,,,,,,,,,56361000000,17258000000,0.300,,16903000000,,,,,,,,,,,,true,false,12,2016-04-01,2017-03-31,-1
2018-01-30,31530,2017-03-31,3,,,,,,,,,,,,,,,,,,,,,,,,,,,,,16.00,,,,21782500,1184,,false,false,12,2016-04-01,2017-03-31,-1
2018-01-30,31530,2018-03-31,3,,,,,,,,,,,,,,,,,,,,,,,,,,,,,0.00,,,,,,,false,false,12,2017-04-01,2018-03-31,0
2018-01-30,31530,2018-03-31,3,,,,,,,,,,,,,,,,,,,,,,,,,,,,,16.00,,,,,,,false,true,12,2017-04-01,2018-03-31,0
2018-01-30,31530,2018-03-31,3,,,,,,,,,,,,,,,,,,,,,,,,,,,,,,,,,21782500,101261,21777290,false,false,9,2017-04-01,2017-12-31,0
2018-01-30,31530,2017-03-31,3,,,,,,,,,,,,,,,,,,,,,,,,,,,,,,,,,,,21781316,false,false,9,2016-04-01,2016-12-31,-1
,31530,2018-03-31,,,,,,,,,,,,,,,,,,,,,,,,,,,,,,18.00,,,,,,,false,true,12,2017-04-01,2018-03-31,0
,31530,2017-03-31,,,,,,,,,,,,,,,,,,,,,,,,,,,,,,16.00,,,,,,,false,false,12,2016-04-01,2017-03-31,-1
2018-05-15,31530,2018-03-31,,73523000000,-0.028,,,,,2002000000,0.288,2171000000,0.287,,1575000000,,72.44,,0.089,0.037,0.027,,60378000000,18731000000,0.304,846.89,18361000000,3180000000,519000000,-1037000000,13010000000,,0.248,,,,,,true,false,12,2017-04-01,2018-03-31,0
2018-05-15,31530,2017-03-31,,75662000000,-0.034,,,,,1554000000,-0.177,1687000000,-0.160,,1007000000,,46.27,,0.061,0.031,0.021,,56361000000,17258000000,0.300,776.04,16903000000,2902000000,-1962000000,-1431000000,10348000000,,0.346,,,,,,true,false,12,2016-04-01,2017-03-31,-1
2018-05-15,31530,2019-03-31,,75500000000,0.027,,,,,2150000000,0.074,2300000000,0.059,,1650000000,,75.85,,,,,,,,,,,,,,,,0.237,,,,,,true,true,12,2018-04-01,2019-03-31,1
2018-05-15,31530,2018-03-31,,55180000000,-0.129,,,,,1349000000,0.158,1610000000,0.139,1344000000,,0.459,61.80,,,,,,49824000000,16339000000,0.328,753.60,16339000000,,,,,18.00,,,,21782500,101261,21753606,false,false,12,2017-04-01,2018-03-31,0
2018-05-15,31530,2017-03-31,,63371000000,-0.134,,,,,1165000000,-0.085,1414000000,-0.144,921000000,,-0.110,42.30,,,,,,49267000000,16050000000,0.326,736.88,16050000000,,,,,16.00,,,,21782500,1184,21781316,false,false,12,2016-04-01,2017-03-31,-1
2018-05-15,31530,2019-03-31,,,,,,,,,,,,,,,,,,,,,,,,,,,,,,18.00,,,,,,,false,true,12,2018-04-01,2019-03-31,1
2018-07-30,31530,2019-03-31,1,13693000000,-0.102,,,,,108000000,-0.517,169000000,-0.386,,270000000,,12.46,,,,,,51109000000,18658000000,0.358,,18305000000,,,,,,,,,,,,true,false,3,2018-04-01,2018-06-30,0
2018-07-30,31530,2018-03-31,1,15244000000,0.079,,,,,225000000,,275000000,,,618000000,,28.37,,,,,,,,,,,,,,,,,,,,,,true,false,3,2017-04-01,2017-06-30,-1
2018-07-30,31530,2019-03-31,1,75500000000,0.027,,,,,2150000000,0.074,2300000000,0.059,,1650000000,,76.38,,,,,,,,,,,,,,,,,,,,,,true,true,12,2018-04-01,2019-03-31,0
2018-07-30,31530,2018-03-31,1,,,,,,,,,,,,,,,,,,,,60332000000,18731000000,0.304,,18361000000,,,,,,,,,,,,true,false,12,2017-04-01,2018-03-31,-1
2018-07-30,31530,2018-03-31,1,,,,,,,,,,,,,,,,,,,,,,,,,,,,,18.00,,,,21782500,101261,,false,false,12,2017-04-01,2018-03-31,-1
2018-07-30,31530,2019-03-31,1,,,,,,,,,,,,,,,,,,,,,,,,,,,,,18.00,,,,,,,false,true,12,2018-04-01,2019-03-31,0
2018-07-30,31530,2019-03-31,1,,,,,,,,,,,,,,,,,,,,,,,,,,,,,,,,,21782500,101261,21681239,false,false,3,2018-04-01,2018-06-30,0
2018-07-30,31530,2018-03-31,1,,,,,,,,,,,,,,,,,,,,,,,,,,,,,,,,,,,21781316,false,false,3,2017-04-01,2017-06-30,-1
2018-10-30,31530,2019-03-31,2,27938000000,-0.076,,,,,-33000000,,54000000,-0.779,,180000000,,8.33,,,,,,46388000000,18535000000,0.392,,18182000000,,,,,,,,,,,,true,false,6,2018-04-01,2018-09-30,0
2018-10-30,31530,2018-03-31,2,30234000000,-0.020,,,,,161000000,,247000000,,,206000000,,9.49,,,,,,,,,,,,,,,,,,,,,,true,false,6,2017-04-01,2017-09-30,-1
2018-10-30,31530,2019-03-31,2,76000000000,0.034,,,,,2250000000,0.124,2400000000,0.105,,1700000000,,78.70,,,,,,,,,,,,,,,,,,,,,,true,true,12,2018-04-01,2019-03-31,0
2018-10-30,31530,2018-03-31,2,,,,,,,,,,,,,,,,,,,,60332000000,18731000000,0.304,,18361000000,,,,,,,,,,,,true,false,12,2017-04-01,2018-03-31,-1
2018-10-30,31530,2018-03-31,2,,,,,,,,,,,,,,,,,,,,,,,,,,,,,18.00,,,,21782500,101261,,false,false,12,2017-04-01,2018-03-31,-1
2018-10-30,31530,2019-03-31,2,,,,,,,,,,,,,,,,,,,,,,,,,,,,,0.00,,,,,,,false,false,12,2018-04-01,2019-03-31,0
2018-10-30,31530,2019-03-31,2,,,,,,,,,,,,,,,,,,,,,,,,,,,,,20.00,,,,,,,false,true,12,2018-04-01,2019-03-31,0
2018-10-30,31530,2019-03-31,2,,,,,,,,,,,,,,,,,,,,,,,,,,,,,,,,,21782500,214631,21634686,false,false,6,2018-04-01,2018-09-30,0
2018-10-30,31530,2018-03-31,2,,,,,,,,,,,,,,,,,,,,,,,,,,,,,,,,,,,21781316,false,false,6,2017-04-01,2017-09-30,-1
2019-01-30,31530,2019-03-31,3,42857000000,-0.059,,,,,596000000,0.671,739000000,0.487,,605000000,,28.01,,,,,,46940000000,18801000000,0.392,,18422000000,,,,,,,,,,,,true,false,9,2018-04-01,2018-12-31,0
2019-01-30,31530,2018-03-31,3,45545000000,-0.059,,,,,357000000,,497000000,,,361000000,,16.61,,,,,,,,,,,,,,,,,,,,,,true,false,9,2017-04-01,2017-12-31,-1
2019-01-30,31530,2019-03-31,3,76000000000,0.034,,,,,2250000000,0.124,2400000000,0.105,,1700000000,,78.70,,,,,,,,,,,,,,,,,,,,,,true,true,12,2018-04-01,2019-03-31,0
2019-01-30,31530,2018-03-31,3,,,,,,,,,,,,,,,,,,,,60332000000,18731000000,0.304,,18361000000,,,,,,,,,,,,true,false,12,2017-04-01,2018-03-31,-1
2019-01-30,31530,2018-03-31,3,,,,,,,,,,,,,,,,,,,,,,,,,,,,,18.00,,,,21782500,101261,,false,false,12,2017-04-01,2018-03-31,-1
2019-01-30,31530,2019-03-31,3,,,,,,,,,,,,,,,,,,,,,,,,,,,,,0.00,,,,,,,false,false,12,2018-04-01,2019-03-31,0
2019-01-30,31530,2019-03-31,3,,,,,,,,,,,,,,,,,,,,,,,,,,,,,20.00,,,,,,,false,true,12,2018-04-01,2019-03-31,0
2019-01-30,31530,2019-03-31,3,,,,,,,,,,,,,,,,,,,,,,,,,,,,,,,,,21782500,214634,21612331,false,false,9,2018-04-01,2018-12-31,0
2019-01-30,31530,2018-03-31,3,,,,,,,,,,,,,,,,,,,,,,,,,,,,,,,,,,,21777290,false,false,9,2017-04-01,2017-12-31,-1
2019-04-17,31530,2019-03-31,,69800000000,-0.082,,,,,2350000000,0.044,2500000000,0.042,,1800000000,,83.33,,,,,,,,,,,,,,,,,,,,,,true,true,12,2018-04-01,2019-03-31,0
2019-04-17,31530,2018-03-31,,73523000000,,,,,,2002000000,,2171000000,,,1575000000,,72.44,,,,,,,,,,,,,,,,,,,,,,true,false,12,2017-04-01,2018-03-31,-1
2019-05-15,31530,2019-03-31,,69828000000,-0.050,,,,,2347000000,0.172,2523000000,0.162,,1836000000,,85.01,,0.096,0.042,0.034,,58783000000,20089000000,0.335,913.52,19702000000,-1655000000,-2605000000,-850000000,7898000000,,0.235,,,,,,true,false,12,2018-04-01,2019-03-31,0
2019-05-15,31530,2018-03-31,,73523000000,-0.028,,,,,2002000000,0.288,2171000000,0.287,,1575000000,,72.44,,0.089,0.037,0.027,,60332000000,18731000000,0.304,846.89,18361000000,3180000000,519000000,-1037000000,13010000000,,0.248,,,,,,true,false,12,2017-04-01,2018-03-31,-1
2019-05-15,31530,2020-03-31,,74000000000,0.060,,,,,2400000000,0.022,2600000000,0.030,,1700000000,,78.82,,,,,,,,,,,,,,,,0.254,,,,,,true,true,12,2019-04-01,2020-03-31,1
2019-05-15,31530,2019-03-31,,46108000000,-0.164,,,,,1313000000,-0.026,1650000000,0.025,1360000000,,0.012,63.00,,,,,,45225000000,16873000000,0.373,782.33,16873000000,,,,,20.00,,,,21782500,214634,21601367,false,false,12,2018-04-01,2019-03-31,0
2019-05-15,31530,2018-03-31,,55180000000,-0.129,,,,,1349000000,0.158,1610000000,0.139,1344000000,,0.459,61.80,,,,,,49616000000,16339000000,0.329,753.60,16339000000,,,,,18.00,,,,21782500,101261,21753606,false,false,12,2017-04-01,2018-03-31,-1
2019-05-15,31530,2020-03-31,,,,,,,,,,,,,,,,,,,,,,,,,,,,,,20.00,,,,,,,false,true,12,2019-04-01,2020-03-31,1
2019-07-30,31530,2020-03-31,1,13528000000,-0.012,,,,,164000000,0.512,205000000,0.213,,118000000,,5.51,,,,,,51644000000,19744000000,0.375,,19372000000,,,,,,,,,,,,true,false,3,2019-04-01,2019-06-30,0
2019-07-30,31530,2019-03-31,1,13693000000,-0.102,,,,,108000000,-0.517,169000000,-0.386,,270000000,,12.46,,,,,,,,,,,,,,,,,,,,,,true,false,3,2018-04-01,2018-06-30,-1
2019-07-30,31530,2020-03-31,1,74000000000,0.060,,,,,2400000000,0.022,2600000000,0.030,,1700000000,,78.76,,,,,,,,,,,,,,,,,,,,,,true,true,12,2019-04-01,2020-03-31,0
2019-07-30,31530,2019-03-31,1,,,,,,,,,,,,,,,,,,,,58783000000,20089000000,0.335,,19702000000,,,,,,,,,,,,true,false,12,2018-04-01,2019-03-31,-1
2019-07-30,31530,2019-03-31,1,,,,,,,,,,,,,,,,,,,,,,,,,,,,,20.00,,,,21782500,214634,,false,false,12,2018-04-01,2019-03-31,-1
2019-07-30,31530,2020-03-31,1,,,,,,,,,,,,,,,,,,,,,,,,,,,,,20.00,,,,,,,false,true,12,2019-04-01,2020-03-31,0
2019-07-30,31530,2020-03-31,1,,,,,,,,,,,,,,,,,,,,,,,,,,,,,,,,,21782500,214634,21567866,false,false,3,2019-04-01,2019-06-30,0
2019-07-30,31530,2019-03-31,1,,,,,,,,,,,,,,,,,,,,,,,,,,,,,,,,,,,21681239,false,false,3,2018-04-01,2018-06-30,-1
2019-10-30,31530,2020-03-31,2,29923000000,0.071,,,,,122000000,,188000000,2.446,,88000000,,4.11,,,,,,45031000000,19739000000,0.430,,19374000000,,,,,,,,,,,,true,false,6,2019-04-01,2019-09-30,0
2019-10-30,31530,2019-03-31,2,27938000000,-0.076,,,,,-33000000,,54000000,-0.779,,180000000,,8.33,,,,,,,,,,,,,,,,,,,,,,true,false,6,2018-04-01,2018-09-30,-1
2019-10-30,31530,2020-03-31,2,74000000000,0.060,,,,,2400000000,0.022,2600000000,0.030,,1700000000,,78.76,,,,,,,,,,,,,,,,,,,,,,true,true,12,2019-04-01,2020-03-31,0
2019-10-30,31530,2019-03-31,2,,,,,,,,,,,,,,,,,,,,58783000000,20089000000,0.335,,19702000000,,,,,,,,,,,,true,false,12,2018-04-01,2019-03-31,-1
2019-10-30,31530,2019-03-31,2,,,,,,,,,,,,,,,,,,,,,,,,,,,,,20.00,,,,21782500,214634,,false,false,12,2018-04-01,2019-03-31,-1
2019-10-30,31530,2020-03-31,2,,,,,,,,,,,,,,,,,,,,,,,,,,,,,0.00,,,,,,,false,false,12,2019-04-01,2020-03-31,0
2019-10-30,31530,2020-03-31,2,,,,,,,,,,,,,,,,,,,,,,,,,,,,,20.00,,,,,,,false,true,12,2019-04-01,2020-03-31,0
2019-10-30,31530,2020-03-31,2,,,,,,,,,,,,,,,,,,,,,,,,,,,,,,,,,21782500,190191,21577082,false,false,6,2019-04-01,2019-09-30,0
2019-10-30,31530,2019-03-31,2,,,,,,,,,,,,,,,,,,,,,,,,,,,,,,,,,,,21634686,false,false,6,2018-04-01,2018-09-30,-1
2020-01-30,31530,2020-03-31,3,44729000000,0.044,,,,,580000000,-0.028,687000000,-0.070,,95000000,,4.44,,,,,,49465000000,19846000000,0.394,,19475000000,,,,,,,,,,,,true,false,9,2019-04-01,2019-12-31,0
2020-01-30,31530,2019-03-31,3,42857000000,-0.059,,,,,596000000,0.671,739000000,0.487,,605000000,,28.01,,,,,,,,,,,,,,,,,,,,,,true,false,9,2018-04-01,2018-12-31,-1
2020-01-30,31530,2020-03-31,3,74000000000,0.060,,,,,2400000000,0.022,2600000000,0.030,,1700000000,,78.76,,,,,,,,,,,,,,,,,,,,,,true,true,12,2019-04-01,2020-03-31,0
2020-01-30,31530,2019-03-31,3,,,,,,,,,,,,,,,,,,,,58783000000,20089000000,0.335,,19702000000,,,,,,,,,,,,true,false,12,2018-04-01,2019-03-31,-1
2020-01-30,31530,2019-03-31,3,,,,,,,,,,,,,,,,,,,,,,,,,,,,,20.00,,,,21782500,214634,,false,false,12,2018-04-01,2019-03-31,-1
2020-01-30,31530,2020-03-31,3,,,,,,,,,,,,,,,,,,,,,,,,,,,,,0.00,,,,,,,false,false,12,2019-04-01,2020-03-31,0
2020-01-30,31530,2020-03-31,3,,,,,,,,,,,,,,,,,,,,,,,,,,,,,20.00,,,,,,,false,true,12,2019-04-01,2020-03-31,0
2020-01-30,31530,2020-03-31,3,,,,,,,,,,,,,,,,,,,,,,,,,,,,,,,,,21782500,190191,21582176,false,false,9,2019-04-01,2019-12-31,0
2020-01-30,31530,2019-03-31,3,,,,,,,,,,,,,,,,,,,,,,,,,,,,,,,,,,,21612331,false,false,9,2018-04-01,2018-12-31,-1
2020-04-16,31530,2020-03-31,,70000000000,-0.054,,,,,2500000000,0.042,2650000000,0.019,,1400000000,,64.86,,,,,,,,,,,,,,,,,,,,,,true,true,12,2019-04-01,2020-03-31,0
2020-04-16,31530,2019-03-31,,69828000000,,,,,,2347000000,,2523000000,,,1836000000,,85.01,,,,,,,,,,,,,,,,,,,,,,true,false,12,2018-04-01,2019-03-31,-1
2020-05-15,31530,2020-03-31,,70190000000,0.005,,,,,2509000000,0.069,2658000000,0.053,,1394000000,,64.61,,0.069,0.046,0.036,,57045000000,20924000000,0.360,951.29,20540000000,3555000000,-1826000000,-586000000,9041000000,,0.310,,,,,,true,false,12,2019-04-01,2020-03-31,0
2020-05-15,31530,2019-03-31,,69828000000,-0.050,,,,,2347000000,0.172,2523000000,0.162,,1836000000,,85.01,,0.096,0.042,0.034,,58783000000,20089000000,0.335,913.52,19702000000,-1655000000,-2605000000,-850000000,7898000000,,0.235,,,,,,true,false,12,2018-04-01,2019-03-31,-1
2020-05-15,31530,2020-03-31,,44119000000,-0.043,,,,,1153000000,-0.122,1627000000,-0.014,957000000,,-0.297,44.34,,,,,,43388000000,17268000000,0.398,799.74,17268000000,,,,,20.00,,,,21782500,190264,21584680,false,false,12,2019-04-01,2020-03-31,0
2020-05-15,31530,2019-03-31,,46108000000,-0.164,,,,,1313000000,-0.026,1650000000,0.025,1360000000,,0.012,63.00,,,,,,45225000000,16873000000,0.373,782.33,16873000000,,,,,20.00,,,,21782500,214634,21601367,false,false,12,2018-04-01,2019-03-31,-1
2020-05-15,31530,2021-03-31,,,,,,,,,,,,,,,,,,,,,,,,,,,,,,0.00,,,,,,,false,true,12,2020-04-01,2021-03-31,1
2020-07-30,31530,2021-03-31,1,11080000000,-0.181,,,,,21000000,-0.867,58000000,-0.713,,42000000,,1.98,,,,,,49227000000,20382000000,0.410,,20166000000,,,,,,,,,,,,true,false,3,2020-04-01,2020-06-30,0
2020-07-30,31530,2020-03-31,1,13528000000,-0.012,,,,,164000000,0.512,205000000,0.213,,118000000,,5.51,,,,,,,,,,,,,,,,,,,,,,true,false,3,2019-04-01,2019-06-30,-1
2020-07-30,31530,2021-03-31,1,63000000000,-0.102,,,,,2350000000,-0.063,2450000000,-0.078,,1650000000,,76.55,,,,,,,,,,,,,,,,,,,,,,true,true,12,2020-04-01,2021-03-31,0
2020-07-30,31530,2020-03-31,1,,,,,,,,,,,,,,,,,,,,57045000000,20924000000,0.360,,20540000000,,,,,,,,,,,,true,false,12,2019-04-01,2020-03-31,-1
2020-07-30,31530,2020-03-31,1,,,,,,,,,,,,,,,,,,,,,,,,,,,,,20.00,,,,21782500,190264,,false,false,12,2019-04-01,2020-03-31,-1
2020-07-30,31530,2021-03-31,1,,,,,,,,,,,,,,,,,,,,,,,,,,,,,20.00,,,,,,,false,true,12,2020-04-01,2021-03-31,0
2020-07-30,31530,2021-03-31,1,,,,,,,,,,,,,,,,,,,,,,,,,,,,,,,,,21782500,190264,21592236,false,false,3,2020-04-01,2020-06-30,0
2020-07-30,31530,2020-03-31,1,,,,,,,,,,,,,,,,,,,,,,,,,,,,,,,,,,,21567866,false,false,3,2019-04-01,2019-06-30,-1
2020-10-29,31530,2021-03-31,2,24107000000,-0.194,,,,,-19000000,,45000000,-0.758,,4000000,,0.21,,,,,,52496000000,20324000000,0.383,,20105000000,,,,,,,,,,,,true,false,6,2020-04-01,2020-09-30,0
2020-10-29,31530,2020-03-31,2,29923000000,0.071,,,,,122000000,,188000000,2.446,,88000000,,4.11,,,,,,,,,,,,,,,,,,,,,,true,false,6,2019-04-01,2019-09-30,-1
2020-10-29,31530,2021-03-31,2,63000000000,-0.102,,,,,2350000000,-0.063,2450000000,-0.078,,1650000000,,76.55,,,,,,,,,,,,,,,,,,,,,,true,true,12,2020-04-01,2021-03-31,0
2020-10-29,31530,2020-03-31,2,,,,,,,,,,,,,,,,,,,,57045000000,20924000000,0.360,,20540000000,,,,,,,,,,,,true,false,12,2019-04-01,2020-03-31,-1
2020-10-29,31530,2020-03-31,2,,,,,,,,,,,,,,,,,,,,,,,,,,,,,20.00,,,,21782500,190264,,false,false,12,2019-04-01,2020-03-31,-1
2020-10-29,31530,2021-03-31,2,,,,,,,,,,,,,,,,,,,,,,,,,,,,,0.00,,,,,,,false,false,12,2020-04-01,2021-03-31,0
2020-10-29,31530,2021-03-31,2,,,,,,,,,,,,,,,,,,,,,,,,,,,,,20.00,,,,,,,false,true,12,2020-04-01,2021-03-31,0
2020-10-29,31530,2021-03-31,2,,,,,,,,,,,,,,,,,,,,,,,,,,,,,,,,,21782500,242645,21569290,false,false,6,2020-04-01,2020-09-30,0
2020-10-29,31530,2020-03-31,2,,,,,,,,,,,,,,,,,,,,,,,,,,,,,,,,,,,21577082,false,false,6,2019-04-01,2019-09-30,-1
2021-01-28,31530,2021-03-31,3,36361000000,-0.187,,,,,209000000,-0.639,316000000,-0.540,,207000000,,9.63,,,,,,46668000000,20370000000,0.432,,20146000000,,,,,,,,,,,,true,false,9,2020-04-01,2020-12-31,0
2021-01-28,31530,2020-03-31,3,44729000000,0.044,,,,,580000000,-0.028,687000000,-0.070,,95000000,,4.44,,,,,,,,,,,,,,,,,,,,,,true,false,9,2019-04-01,2019-12-31,-1
2021-01-28,31530,2021-03-31,3,63000000000,-0.102,,,,,2350000000,-0.063,2450000000,-0.078,,1650000000,,76.87,,,,,,,,,,,,,,,,,,,,,,true,true,12,2020-04-01,2021-03-31,0
2021-01-28,31530,2020-03-31,3,,,,,,,,,,,,,,,,,,,,57045000000,20924000000,0.360,,20540000000,,,,,,,,,,,,true,false,12,2019-04-01,2020-03-31,-1
2021-01-28,31530,2020-03-31,3,,,,,,,,,,,,,,,,,,,,,,,,,,,,,20.00,,,,21782500,190264,,false,false,12,2019-04-01,2020-03-31,-1
2021-01-28,31530,2021-03-31,3,,,,,,,,,,,,,,,,,,,,,,,,,,,,,0.00,,,,,,,false,false,12,2020-04-01,2021-03-31,0
2021-01-28,31530,2021-03-31,3,,,,,,,,,,,,,,,,,,,,,,,,,,,,,20.00,,,,,,,false,true,12,2020-04-01,2021-03-31,0
2021-01-28,31530,2021-03-31,3,,,,,,,,,,,,,,,,,,,,,,,,,,,,,,,,,21782500,487645,21521133,false,false,9,2020-04-01,2020-12-31,0
2021-01-28,31530,2020-03-31,3,,,,,,,,,,,,,,,,,,,,,,,,,,,,,,,,,,,21582176,false,false,9,2019-04-01,2019-12-31,-1
2021-04-21,31530,2021-03-31,,59100000000,-0.062,,,,,2150000000,-0.085,2300000000,-0.061,,1550000000,,72.21,,,,,,,,,,,,,,,,,,,,,,true,true,12,2020-04-01,2021-03-31,0
2021-04-21,31530,2020-03-31,,70190000000,,,,,,2509000000,,2658000000,,,1394000000,,64.61,,,,,,,,,,,,,,,,,,,,,,true,false,12,2019-04-01,2020-03-31,-1
2021-05-14,31530,2021-03-31,,59194000000,-0.157,,,,,2172000000,-0.134,2314000000,-0.129,,1571000000,,73.22,,0.074,0.042,0.037,,53308000000,21969000000,0.408,1021.38,21749000000,532000000,642000000,-312000000,9904000000,,0.273,,,,,,true,false,12,2020-04-01,2021-03-31,0
2021-05-14,31530,2020-03-31,,70190000000,0.005,,,,,2509000000,0.069,2658000000,0.053,,1394000000,,64.61,,0.069,0.046,0.036,,57045000000,20924000000,0.360,951.29,20540000000,3555000000,-1826000000,-586000000,9041000000,,0.310,,,,,,true,false,12,2019-04-01,2020-03-31,-1
2021-05-14,31530,2022-03-31,,63000000000,0.064,,,,,2400000000,0.105,2500000000,0.080,,1650000000,,77.48,,,,,,,,,,,,,,,,0.258,,,,,,true,true,12,2021-04-01,2022-03-31,1
2021-05-14,31530,2021-03-31,,41074000000,-0.069,,,,,803000000,-0.303,1663000000,0.022,1394000000,,0.457,64.95,,,,,,39632000000,18081000000,0.456,849.11,18081000000,,,,,20.00,,,,21782500,487681,21465335,false,false,12,2020-04-01,2021-03-31,0
2021-05-14,31530,2020-03-31,,44119000000,-0.043,,,,,1153000000,-0.122,1627000000,-0.014,957000000,,-0.297,44.34,,,,,,43388000000,17268000000,0.398,799.74,17268000000,,,,,20.00,,,,21782500,190264,21584680,false,false,12,2019-04-01,2020-03-31,-1
2021-05-14,31530,2022-03-31,,,,,,,,,,,,,,,,,,,,,,,,,,,,,,20.00,,,,,,,false,true,12,2021-04-01,2022-03-31,1
2021-05-14,31530,2021-03-31,,59194000000,-0.157,,,,,2172000000,-0.134,2314000000,-0.129,,1571000000,,73.22,,0.074,0.042,0.037,,53308000000,21969000000,0.408,1021.38,21749000000,532000000,342000000,-12000000,9904000000,,0.273,,,,,,true,false,12,2020-04-01,2021-03-31,0
2021-05-14,31530,2020-03-31,,70190000000,0.005,,,,,2509000000,0.069,2658000000,0.053,,1394000000,,64.61,,0.069,0.046,0.036,,57045000000,20924000000,0.360,951.29,20540000000,3555000000,-1826000000,-586000000,9041000000,,0.310,,,,,,true,false,12,2019-04-01,2020-03-31,-1
2021-05-14,31530,2022-03-31,,63000000000,0.064,,,,,2400000000,0.105,2500000000,0.080,,1650000000,,77.48,,,,,,,,,,,,,,,,0.258,,,,,,true,true,12,2021-04-01,2022-03-31,1
2021-05-14,31530,2021-03-31,,41074000000,-0.069,,,,,803000000,-0.303,1663000000,0.022,1394000000,,0.457,64.95,,,,,,39632000000,18081000000,0.456,849.11,18081000000,,,,,20.00,,,,21782500,487681,21465335,false,false,12,2020-04-01,2021-03-31,0
2021-05-14,31530,2020-03-31,,44119000000,-0.043,,,,,1153000000,-0.122,1627000000,-0.014,957000000,,-0.297,44.34,,,,,,43388000000,17268000000,0.398,799.74,17268000000,,,,,20.00,,,,21782500,190264,21584680,false,false,12,2019-04-01,2020-03-31,-1
2021-05-14,31530,2022-03-31,,,,,,,,,,,,,,,,,,,,,,,,,,,,,,20.00,,,,,,,false,true,12,2021-04-01,2022-03-31,1
2021-07-30,31530,2022-03-31,1,11992000000,0.082,,,,,42000000,0.955,85000000,0.448,,79000000,,3.75,,,,,,48598000000,21622000000,0.441,,21424000000,,,,,,,,,,,,true,false,3,2021-04-01,2021-06-30,0
2021-07-30,31530,2021-03-31,1,11080000000,-0.181,,,,,21000000,-0.867,58000000,-0.713,,42000000,,1.98,,,,,,,,,,,,,,,,,,,,,,true,false,3,2020-04-01,2020-06-30,-1
2021-07-30,31530,2022-03-31,1,63000000000,0.064,,,,,2400000000,0.105,2500000000,0.080,,1650000000,,77.39,,,,,,,,,,,,,,,,,,,,,,true,true,12,2021-04-01,2022-03-31,0
2021-07-30,31530,2021-03-31,1,,,,,,,,,,,,,,,,,,,,53308000000,21969000000,0.408,,21749000000,,,,,,,,,,,,true,false,12,2020-04-01,2021-03-31,-1
2021-07-30,31530,2021-03-31,1,,,,,,,,,,,,,,,,,,,,,,,,,,,,,20.00,,,,21782500,487681,,false,false,12,2020-04-01,2021-03-31,-1
2021-07-30,31530,2022-03-31,1,,,,,,,,,,,,,,,,,,,,,,,,,,,,,20.00,,,,,,,false,true,12,2021-04-01,2022-03-31,0
2021-07-30,31530,2022-03-31,1,,,,,,,,,,,,,,,,,,,,,,,,,,,,,,,,,21782500,487736,21294813,false,false,3,2021-04-01,2021-06-30,0
2021-07-30,31530,2021-03-31,1,,,,,,,,,,,,,,,,,,,,,,,,,,,,,,,,,,,21592236,false,false,3,2020-04-01,2020-06-30,-1
2021-10-29,31530,2022-03-31,2,24507000000,0.017,,,,,-48000000,,23000000,-0.492,,9000000,,0.44,,,,,,44491000000,21644000000,0.482,,21437000000,,,,,,,,,,,,true,false,6,2021-04-01,2021-09-30,0
2021-10-29,31530,2021-03-31,2,24107000000,-0.194,,,,,-19000000,,45000000,-0.758,,4000000,,0.21,,,,,,,,,,,,,,,,,,,,,,true,false,6,2020-04-01,2020-09-30,-1
2021-10-29,31530,2022-03-31,2,63000000000,0.064,,,,,2400000000,0.105,2500000000,0.080,,1650000000,,77.39,,,,,,,,,,,,,,,,,,,,,,true,true,12,2021-04-01,2022-03-31,0
2021-10-29,31530,2021-03-31,2,,,,,,,,,,,,,,,,,,,,53308000000,21969000000,0.408,,21749000000,,,,,,,,,,,,true,false,12,2020-04-01,2021-03-31,-1
2021-10-29,31530,2021-03-31,2,,,,,,,,,,,,,,,,,,,,,,,,,,,,,20.00,,,,21782500,487681,,false,false,12,2020-04-01,2021-03-31,-1
2021-10-29,31530,2022-03-31,2,,,,,,,,,,,,,,,,,,,,,,,,,,,,,0.00,,,,,,,false,false,12,2021-04-01,2022-03-31,0
2021-10-29,31530,2022-03-31,2,,,,,,,,,,,,,,,,,,,,,,,,,,,,,22.00,,,,,,,false,true,12,2021-04-01,2022-03-31,0
2021-10-29,31530,2022-03-31,2,,,,,,,,,,,,,,,,,,,,,,,,,,,,,,,,,21782500,451739,21308951,false,false,6,2021-04-01,2021-09-30,0
2021-10-29,31530,2021-03-31,2,,,,,,,,,,,,,,,,,,,,,,,,,,,,,,,,,,,21569290,false,false,6,2020-04-01,2020-09-30,-1
,31530,2022-03-31,,,,,,,,,,,,,,,,,,,,,,,,,,,,,,22.00,,,,,,,false,true,12,2021-04-01,2022-03-31,0
,31530,2022-03-31,,,,,,,,,,,,,,,,,,,,,,,,,,,,,,0.00,,,,,,,false,false,12,2021-04-01,2022-03-31,0
,31530,2021-03-31,,,,,,,,,,,,,,,,,,,,,,,,,,,,,,20.00,,,,,,,false,false,12,2020-04-01,2021-03-31,-1
2022-01-31,31530,2022-03-31,3,35693000000,-0.018,,,,,87000000,-0.581,190000000,-0.398,,114000000,,5.39,,,,,,45186000000,21719000000,0.476,,21516000000,,,,,,,,,,,,true,false,9,2021-04-01,2021-12-31,0
2022-01-31,31530,2021-03-31,3,36361000000,-0.187,,,,,209000000,-0.639,316000000,-0.540,,207000000,,9.63,,,,,,,,,,,,,,,,,,,,,,true,false,9,2020-04-01,2020-12-31,-1
2022-01-31,31530,2022-03-31,3,61000000000,0.031,,,,,2250000000,0.036,2350000000,0.015,,1600000000,,75.04,,,,,,,,,,,,,,,,,,,,,,true,true,12,2021-04-01,2022-03-31,0
2022-01-31,31530,2021-03-31,3,,,,,,,,,,,,,,,,,,,,53308000000,21969000000,0.408,,21749000000,,,,,,,,,,,,true,false,12,2020-04-01,2021-03-31,-1
2022-01-31,31530,2021-03-31,3,,,,,,,,,,,,,,,,,,,,,,,,,,,,,20.00,,,,21782500,487681,,false,false,12,2020-04-01,2021-03-31,-1
2022-01-31,31530,2022-03-31,3,,,,,,,,,,,,,,,,,,,,,,,,,,,,,0.00,,,,,,,false,false,12,2021-04-01,2022-03-31,0
2022-01-31,31530,2022-03-31,3,,,,,,,,,,,,,,,,,,,,,,,,,,,,,22.00,,,,,,,false,true,12,2021-04-01,2022-03-31,0
2022-01-31,31530,2022-03-31,3,,,,,,,,,,,,,,,,,,,,,,,,,,,,,,,,,21782500,451739,21316247,false,false,9,2021-04-01,2021-12-31,0
2022-01-31,31530,2021-03-31,3,,,,,,,,,,,,,,,,,,,,,,,,,,,,,,,,,,,21521133,false,false,9,2020-04-01,2020-12-31,-1
2022-05-13,31530,2022-03-31,,60038000000,0.014,,,,,2123000000,-0.022,2251000000,-0.027,,1527000000,,71.63,,0.068,0.043,0.035,,50934000000,23046000000,0.448,1070.92,22843000000,1721000000,-759000000,-298000000,10567000000,,0.307,,,,,,true,false,12,2021-04-01,2022-03-31,0
2022-05-13,31530,2021-03-31,,59194000000,-0.157,,,,,2172000000,-0.134,2314000000,-0.129,,1571000000,,73.22,,0.074,0.042,0.037,,53308000000,21969000000,0.408,1021.38,21749000000,532000000,342000000,-12000000,9904000000,,0.273,,,,,,true,false,12,2020-04-01,2021-03-31,-1
2022-05-13,31530,2023-03-31,,61000000000,0.016,,,,,2300000000,0.083,2400000000,0.066,,1600000000,,75.00,,,,,,,,,,,,,,,,0.293,,,,,,true,true,12,2022-04-01,2023-03-31,1
2022-05-13,31530,2022-03-31,,41462000000,0.009,,,,,891000000,0.109,1473000000,-0.114,1192000000,,-0.145,55.94,,,,,,37920000000,18850000000,0.497,883.73,18850000000,,,,,22.00,,,,21782500,451739,21319826,false,false,12,2021-04-01,2022-03-31,0
2022-05-13,31530,2021-03-31,,41074000000,-0.069,,,,,803000000,-0.303,1663000000,0.022,1394000000,,0.457,64.95,,,,,,39632000000,18081000000,0.456,849.11,18081000000,,,,,20.00,,,,21782500,487681,21465335,false,false,12,2020-04-01,2021-03-31,-1
2022-05-13,31530,2023-03-31,,,,,,,,,,,,,,,,,,,,,,,,,,,,,,22.00,,,,,,,false,true,12,2022-04-01,2023-03-31,1
2022-07-29,31530,2023-03-31,1,8902000000,-0.258,,,,,-385000000,,-356000000,,,-245000000,,-11.50,,,,,,46475000000,22359000000,0.477,,22165000000,,,,,,,,,,,,true,false,3,2022-04-01,2022-06-30,0
2022-07-29,31530,2022-03-31,1,11992000000,0.082,,,,,42000000,0.955,85000000,0.448,,79000000,,3.75,,,,,,,,,,,,,,,,,,,,,,true,false,3,2021-04-01,2021-06-30,-1
2022-07-29,31530,2023-03-31,1,61000000000,0.016,,,,,2300000000,0.083,2400000000,0.066,,1600000000,,75.00,,,,,,,,,,,,,,,,,,,,,,true,true,12,2022-04-01,2023-03-31,0
2022-07-29,31530,2022-03-31,1,,,,,,,,,,,,,,,,,,,,50934000000,23046000000,0.448,,22843000000,,,,,,,,,,,,true,false,12,2021-04-01,2022-03-31,-1
2022-07-29,31530,2022-03-31,1,,,,,,,,,,,,,,,,,,,,,,,,,,,,,22.00,,,,21782500,451739,,false,false,12,2021-04-01,2022-03-31,-1
2022-07-29,31530,2023-03-31,1,,,,,,,,,,,,,,,,,,,,,,,,,,,,,22.00,,,,,,,false,true,12,2022-04-01,2023-03-31,0
2022-07-29,31530,2023-03-31,1,,,,,,,,,,,,,,,,,,,,,,,,,,,,,,,,,21782500,451739,21330761,false,false,3,2022-04-01,2022-06-30,0
2022-07-29,31530,2022-03-31,1,,,,,,,,,,,,,,,,,,,,,,,,,,,,,,,,,,,21294813,false,false,3,2021-04-01,2021-06-30,-1
2022-10-31,31530,2023-03-31,2,20797000000,-0.151,,,,,-571000000,,-519000000,,,-405000000,,-19.01,,,,,,44005000000,22023000000,0.496,,21830000000,,,,,,,,,,,,true,false,6,2022-04-01,2022-09-30,0
2022-10-31,31530,2022-03-31,2,24507000000,0.017,,,,,-48000000,,23000000,-0.492,,9000000,,0.44,,,,,,,,,,,,,,,,,,,,,,true,false,6,2021-04-01,2021-09-30,-1
2022-10-31,31530,2023-03-31,2,61000000000,0.016,,,,,2300000000,0.083,2400000000,0.066,,1600000000,,75.22,,,,,,,,,,,,,,,,,,,,,,true,true,12,2022-04-01,2023-03-31,0
2022-10-31,31530,2022-03-31,2,,,,,,,,,,,,,,,,,,,,50934000000,23046000000,0.448,,22843000000,,,,,,,,,,,,true,false,12,2021-04-01,2022-03-31,-1
2022-10-31,31530,2022-03-31,2,,,,,,,,,,,,,,,,,,,,,,,,,,,,,22.00,,,,21782500,451739,,false,false,12,2021-04-01,2022-03-31,-1
2022-10-31,31530,2023-03-31,2,,,,,,,,,,,,,,,,,,,,,,,,,,,,,0.00,,,,,,,false,false,12,2022-04-01,2023-03-31,0
2022-10-31,31530,2023-03-31,2,,,,,,,,,,,,,,,,,,,,,,,,,,,,,22.00,,,,,,,false,true,12,2022-04-01,2023-03-31,0
2022-10-31,31530,2023-03-31,2,,,,,,,,,,,,,,,,,,,,,,,,,,,,,,,,,21782500,586177,21340093,false,false,6,2022-04-01,2022-09-30,0
2022-10-31,31530,2022-03-31,2,,,,,,,,,,,,,,,,,,,,,,,,,,,,,,,,,,,21308951,false,false,6,2021-04-01,2021-09-30,-1
2022-12-21,31530,2023-03-31,,62000000000,0.016,,,,,2600000000,0.130,2700000000,0.125,,1700000000,,79.93,,,,,,,,,,,,,,,,,,,,,,true,true,12,2022-04-01,2023-03-31,0
2022-12-21,31530,2022-03-31,,60038000000,,,,,,2123000000,,2251000000,,,1527000000,,71.63,,,,,,,,,,,,,,,,,,,,,,true,false,12,2021-04-01,2022-03-31,-1
2022-12-21,31530,2023-03-31,,,,,,,,,,,,,,,,,,,,,,,,,,,,,,25.00,,,,,,,false,true,12,2022-04-01,2023-03-31,0
2022-12-21,31530,2023-03-31,,,,,,,,,,,,,,,,,,,,,,,,,,,,,,0.00,,,,,,,false,false,12,2022-04-01,2023-03-31,0
2022-12-21,31530,2022-03-31,,,,,,,,,,,,,,,,,,,,,,,,,,,,,,22.00,,,,,,,false,false,12,2021-04-01,2022-03-31,-1
2023-01-31,31530,2023-03-31,3,33290000000,-0.067,,,,,-15000000,,96000000,-0.494,,-60000000,,-2.83,,,,,,45191000000,22458000000,0.493,,22274000000,,,,,,,,,,,,true,false,9,2022-04-01,2022-12-31,0
2023-01-31,31530,2022-03-31,3,35693000000,-0.018,,,,,87000000,-0.581,190000000,-0.398,,114000000,,5.39,,,,,,,,,,,,,,,,,,,,,,true,false,9,2021-04-01,2021-12-31,-1
2023-01-31,31530,2023-03-31,3,62000000000,0.033,,,,,2600000000,0.224,2700000000,0.199,,1700000000,,79.93,,,,,,,,,,,,,,,,,,,,,,true,true,12,2022-04-01,2023-03-31,0
2023-01-31,31530,2022-03-31,3,,,,,,,,,,,,,,,,,,,,50934000000,23046000000,0.448,,22843000000,,,,,,,,,,,,true,false,12,2021-04-01,2022-03-31,-1
2023-01-31,31530,2022-03-31,3,,,,,,,,,,,,,,,,,,,,,,,,,,,,,22.00,,,,21782500,451739,,false,false,12,2021-04-01,2022-03-31,-1
2023-01-31,31530,2023-03-31,3,,,,,,,,,,,,,,,,,,,,,,,,,,,,,0.00,,,,,,,false,false,12,2022-04-01,2023-03-31,0
2023-01-31,31530,2023-03-31,3,,,,,,,,,,,,,,,,,,,,,,,,,,,,,25.00,,,,,,,false,true,12,2022-04-01,2023-03-31,0
2023-01-31,31530,2023-03-31,3,,,,,,,,,,,,,,,,,,,,,,,,,,,,,,,,,21782500,586177,21291995,false,false,9,2022-04-01,2022-12-31,0
2023-01-31,31530,2022-03-31,3,,,,,,,,,,,,,,,,,,,,,,,,,,,,,,,,,,,21316247,false,false,9,2021-04-01,2021-12-31,-1
2023-04-19,31530,2023-03-31,,60200000000,-0.029,,,,,2800000000,0.077,2900000000,0.074,,1900000000,,89.33,,,,,,,,,,,,,,,,,,,,,,true,true,12,2022-04-01,2023-03-31,0
2023-04-19,31530,2022-03-31,,60038000000,,,,,,2123000000,,2251000000,,,1527000000,,71.63,,,,,,,,,,,,,,,,,,,,,,true,false,12,2021-04-01,2022-03-31,-1
2023-05-15,31530,2023-03-31,,60270000000,0.004,,,,,2794000000,0.316,2929000000,0.301,,1916000000,,90.10,,0.081,0.053,0.046,,58738000000,24392000000,0.412,1141.83,24202000000,2916000000,-1487000000,-663000000,11332000000,,0.277,,,,,,true,false,12,2022-04-01,2023-03-31,0
2023-05-15,31530,2022-03-31,,60038000000,0.014,,,,,2123000000,-0.022,2251000000,-0.027,,1527000000,,71.63,,0.068,0.043,0.035,,50934000000,23046000000,0.448,1070.92,22843000000,1721000000,-759000000,-298000000,10567000000,,0.307,,,,,,true,false,12,2021-04-01,2022-03-31,-1
2023-05-15,31530,2024-03-31,,62000000000,0.029,,,,,2900000000,0.038,3000000000,0.024,,2000000000,,94.36,,,,,,,,,,,,,,,,0.265,,,,,,true,true,12,2023-04-01,2024-03-31,1
2023-05-15,31530,2023-03-31,,41623000000,0.004,,,,,1639000000,0.839,2158000000,0.465,1663000000,,0.395,78.21,,,,,,44360000000,19911000000,0.449,939.39,19911000000,,,,,25.00,,,,21782500,586177,21268405,false,false,12,2022-04-01,2023-03-31,0
2023-05-15,31530,2022-03-31,,41462000000,0.009,,,,,891000000,0.109,1473000000,-0.114,1192000000,,-0.145,55.94,,,,,,37920000000,18850000000,0.497,883.73,18850000000,,,,,22.00,,,,21782500,451739,21319826,false,false,12,2021-04-01,2022-03-31,-1
2023-05-15,31530,2024-03-31,,,,,,,,,,,,,,,,,,,,,,,,,,,,,,25.00,,,,,,,false,true,12,2023-04-01,2024-03-31,1
2023-07-31,31530,2024-03-31,1,11439000000,0.285,,,,,271000000,,299000000,,,194000000,,9.20,,,,,,50698000000,24224000000,0.474,,24025000000,,,,,,,,,,,,true,false,3,2023-04-01,2023-06-30,0
2023-07-31,31530,2023-03-31,1,8902000000,-0.258,,,,,-385000000,,-356000000,,,-245000000,,-11.50,,,,,,,,,,,,,,,,,,,,,,true,false,3,2022-04-01,2022-06-30,-1
2023-07-31,31530,2024-03-31,1,62000000000,0.029,,,,,2900000000,0.038,3000000000,0.024,,2000000000,,94.36,,,,,,,,,,,,,,,,,,,,,,true,true,12,2023-04-01,2024-03-31,0
2023-07-31,31530,2023-03-31,1,,,,,,,,,,,,,,,,,,,,58738000000,24392000000,0.412,,24202000000,,,,,,,,,,,,true,false,12,2022-04-01,2023-03-31,-1
2023-07-31,31530,2023-03-31,1,,,,,,,,,,,,,,,,,,,,,,,,,,,,,25.00,,,,21782500,586177,,false,false,12,2022-04-01,2023-03-31,-1
2023-07-31,31530,2024-03-31,1,,,,,,,,,,,,,,,,,,,,,,,,,,,,,25.00,,,,,,,false,true,12,2023-04-01,2024-03-31,0
2023-07-31,31530,2024-03-31,1,,,,,,,,,,,,,,,,,,,,,,,,,,,,,,,,,21782500,586268,21196283,false,false,3,2023-04-01,2023-06-30,0
2023-07-31,31530,2023-03-31,1,,,,,,,,,,,,,,,,,,,,,,,,,,,,,,,,,,,21330761,false,false,3,2022-04-01,2022-06-30,-1
2023-09-20,31530,2024-03-31,,62000000000,0.000,,,,,3300000000,0.138,3400000000,0.133,,2100000000,,98.95,,,,,,,,,,,,,,,,,,,,,,true,true,12,2023-04-01,2024-03-31,0
2023-09-20,31530,2023-03-31,,60270000000,,,,,,2794000000,,2929000000,,,1916000000,,90.10,,,,,,,,,,,,,,,,,,,,,,true,false,12,2022-04-01,2023-03-31,-1
2023-10-31,31530,2024-03-31,2,25891000000,0.245,,,,,923000000,,978000000,,,623000000,,29.41,,,,,,46523000000,24798000000,0.529,,24603000000,,,,,,,,,,,,true,false,6,2023-04-01,2023-09-30,0
2023-10-31,31530,2023-03-31,2,20797000000,-0.151,,,,,-571000000,,-519000000,,,-405000000,,-19.01,,,,,,,,,,,,,,,,,,,,,,true,false,6,2022-04-01,2022-09-30,-1
2023-10-31,31530,2024-03-31,2,62000000000,0.029,,,,,3300000000,0.181,3400000000,0.161,,2100000000,,98.95,,,,,,,,,,,,,,,,,,,,,,true,true,12,2023-04-01,2024-03-31,0
2023-10-31,31530,2023-03-31,2,,,,,,,,,,,,,,,,,,,,58738000000,24392000000,0.412,,24202000000,,,,,,,,,,,,true,false,12,2022-04-01,2023-03-31,-1
2023-10-31,31530,2023-03-31,2,,,,,,,,,,,,,,,,,,,,,,,,,,,,,25.00,,,,21782500,586177,,false,false,12,2022-04-01,2023-03-31,-1
2023-10-31,31530,2024-03-31,2,,,,,,,,,,,,,,,,,,,,,,,,,,,,,0.00,,,,,,,false,false,12,2023-04-01,2024-03-31,0
2023-10-31,31530,2024-03-31,2,,,,,,,,,,,,,,,,,,,,,,,,,,,,,25.00,,,,,,,false,true,12,2023-04-01,2024-03-31,0
2023-10-31,31530,2024-03-31,2,,,,,,,,,,,,,,,,,,,,,,,,,,,,,,,,,21782500,545932,21210584,false,false,6,2023-04-01,2023-09-30,0
2023-10-31,31530,2023-03-31,2,,,,,,,,,,,,,,,,,,,,,,,,,,,,,,,,,,,21340093,false,false,6,2022-04-01,2022-09-30,-1
2023-12-20,31530,2024-03-31,,62000000000,0.000,,,,,3400000000,0.030,3500000000,0.029,,2150000000,,101.30,,,,,,,,,,,,,,,,,,,,,,true,true,12,2023-04-01,2024-03-31,0
2023-12-20,31530,2023-03-31,,60270000000,,,,,,2794000000,,2929000000,,,1916000000,,90.10,,,,,,,,,,,,,,,,,,,,,,true,false,12,2022-04-01,2023-03-31,-1
2023-12-20,31530,2024-03-31,,,,,,,,,,,,,,,,,,,,,,,,,,,,,,28.00,,,,,,,false,true,12,2023-04-01,2024-03-31,0
2023-12-20,31530,2024-03-31,,,,,,,,,,,,,,,,,,,,,,,,,,,,,,0.00,,,,,,,false,false,12,2023-04-01,2024-03-31,0
2023-12-20,31530,2023-03-31,,,,,,,,,,,,,,,,,,,,,,,,,,,,,,25.00,,,,,,,false,false,12,2022-04-01,2023-03-31,-1
2024-01-31,31530,2024-03-31,3,37669000000,0.132,,,,,1250000000,,1336000000,,,885000000,,41.74,,,,,,45529000000,25105000000,0.547,,24903000000,,,,,,,,,,,,true,false,9,2023-04-01,2023-12-31,0
2024-01-31,31530,2023-03-31,3,33290000000,-0.067,,,,,-15000000,,96000000,-0.494,,-60000000,,-2.83,,,,,,,,,,,,,,,,,,,,,,true,false,9,2022-04-01,2022-12-31,-1
2024-01-31,31530,2024-03-31,3,62000000000,0.029,,,,,3400000000,0.216,3500000000,0.195,,2150000000,,101.30,,,,,,,,,,,,,,,,,,,,,,true,true,12,2023-04-01,2024-03-31,0
2024-01-31,31530,2023-03-31,3,,,,,,,,,,,,,,,,,,,,58738000000,24392000000,0.412,,24202000000,,,,,,,,,,,,true,false,12,2022-04-01,2023-03-31,-1
2024-01-31,31530,2023-03-31,3,,,,,,,,,,,,,,,,,,,,,,,,,,,,,25.00,,,,21782500,586177,,false,false,12,2022-04-01,2023-03-31,-1
2024-01-31,31530,2024-03-31,3,,,,,,,,,,,,,,,,,,,,,,,,,,,,,0.00,,,,,,,false,false,12,2023-04-01,2024-03-31,0
2024-01-31,31530,2024-03-31,3,,,,,,,,,,,,,,,,,,,,,,,,,,,,,28.00,,,,,,,false,true,12,2023-04-01,2024-03-31,0
2024-01-31,31530,2024-03-31,3,,,,,,,,,,,,,,,,,,,,,,,,,,,,,,,,,21782500,545932,21219277,false,false,9,2023-04-01,2023-12-31,0
2024-01-31,31530,2023-03-31,3,,,,,,,,,,,,,,,,,,,,,,,,,,,,,,,,,,,21291995,false,false,9,2022-04-01,2022-12-31,-1
2024-02-21,31530,2024-03-31,,64000000000,0.032,,,,,3700000000,0.088,3800000000,0.086,,2350000000,,110.73,,,,,,,,,,,,,,,,,,,,,,true,true,12,2023-04-01,2024-03-31,0
2024-02-21,31530,2023-03-31,,60270000000,,,,,,2794000000,,2929000000,,,1916000000,,90.10,,,,,,,,,,,,,,,,,,,,,,true,false,12,2022-04-01,2023-03-31,-1
2024-04-17,31530,2024-03-31,,64800000000,0.013,,,,,3850000000,0.041,4000000000,0.053,,2650000000,,124.86,,,,,,,,,,,,,,,,,,,,,,true,true,12,2023-04-01,2024-03-31,0
2024-04-17,31530,2023-03-31,,60270000000,,,,,,2794000000,,2929000000,,,1916000000,,90.10,,,,,,,,,,,,,,,,,,,,,,true,false,12,2022-04-01,2023-03-31,-1
2024-05-15,31530,2024-03-31,,64862000000,0.076,,,,,3894000000,0.393,4019000000,0.372,,2657000000,,125.22,,0.103,0.067,0.060,,60430000000,27498000000,0.451,1284.59,27280000000,809000000,848000000,-848000000,12142000000,,0.224,,,,,,true,false,12,2023-04-01,2024-03-31,0
2024-05-15,31530,2023-03-31,,60270000000,0.004,,,,,2794000000,0.316,2929000000,0.301,,1916000000,,90.10,,0.081,0.053,0.046,,58738000000,24392000000,0.412,1141.83,24202000000,2916000000,-1487000000,-663000000,11332000000,,0.277,,,,,,true,false,12,2022-04-01,2023-03-31,-1
2024-05-15,31530,2025-03-31,,65000000000,0.002,,,,,4200000000,0.078,4300000000,0.070,,2900000000,,136.56,,,,,,,,,,,,,,,,,,,,,,true,true,12,2024-04-01,2025-03-31,1
2024-05-15,31530,2024-03-31,,43607000000,0.048,,,,,2252000000,0.373,2756000000,0.277,1949000000,,0.172,91.86,,,,,,46733000000,21746000000,0.465,1024.00,21746000000,,,,,28.00,,,,21782500,546001,21223570,false,false,12,2023-04-01,2024-03-31,0
2024-05-15,31530,2023-03-31,,41623000000,0.004,,,,,1639000000,0.839,2158000000,0.465,1663000000,,0.395,78.21,,,,,,44360000000,19911000000,0.449,939.39,19911000000,,,,,25.00,,,,21782500,586177,21268405,false,false,12,2022-04-01,2023-03-31,-1
2024-05-15,31530,2025-03-31,,,,,,,,,,,,,,,,,,,,,,,,,,,,,,32.00,,,,,,,false,true,12,2024-04-01,2025-03-31,1
2024-07-31,31530,2025-03-31,1,10670000000,-0.067,,,,,325000000,0.197,356000000,0.193,,205000000,,9.68,,,,,,48179000000,27161000000,0.559,,26951000000,,,,,,,,,,,,true,false,3,2024-04-01,2024-06-30,0
2024-07-31,31530,2024-03-31,1,11439000000,0.285,,,,,271000000,,299000000,,,194000000,,9.20,,,,,,,,,,,,,,,,,,,,,,true,false,3,2023-04-01,2023-06-30,-1
2024-07-31,31530,2025-03-31,1,65000000000,0.002,,,,,4200000000,0.078,4300000000,0.070,,2900000000,,136.56,,,,,,,,,,,,,,,,,,,,,,true,true,12,2024-04-01,2025-03-31,0
2024-07-31,31530,2024-03-31,1,,,,,,,,,,,,,,,,,,,,60430000000,27498000000,0.451,,27280000000,,,,,,,,,,,,true,false,12,2023-04-01,2024-03-31,-1
2024-07-31,31530,2024-03-31,1,,,,,,,,,,,,,,,,,,,,,,,,,,,,,28.00,,,,21782500,546001,,false,false,12,2023-04-01,2024-03-31,-1
2024-07-31,31530,2025-03-31,1,,,,,,,,,,,,,,,,,,,,,,,,,,,,,32.00,,,,,,,false,true,12,2024-04-01,2025-03-31,0
2024-07-31,31530,2025-03-31,1,,,,,,,,,,,,,,,,,,,,,,,,,,,,,,,,,21782500,546022,21236497,false,false,3,2024-04-01,2024-06-30,0
2024-07-31,31530,2024-03-31,1,,,,,,,,,,,,,,,,,,,,,,,,,,,,,,,,,,,21196283,false,false,3,2023-04-01,2023-06-30,-1
2024-09-18,31530,2025-03-31,,66000000000,0.015,,,,,4600000000,0.095,4700000000,0.093,,3400000000,,160.20,,,,,,,,,,,,,,,,,,,,,,true,true,12,2024-04-01,2025-03-31,0
2024-09-18,31530,2024-03-31,,64862000000,,,,,,3894000000,,4019000000,,,2657000000,,125.22,,,,,,,,,,,,,,,,,,,,,,true,false,12,2023-04-01,2024-03-31,-1
2024-10-31,31530,2025-03-31,2,23416000000,-0.096,,,,,641000000,-0.305,697000000,-0.288,,502000000,,23.67,,,,,,46034000000,27558000000,0.594,,27349000000,,,,,,,,,,,,true,false,6,2024-04-01,2024-09-30,0
2024-10-31,31530,2024-03-31,2,25891000000,0.245,,,,,923000000,,978000000,,,623000000,,29.41,,,,,,,,,,,,,,,,,,,,,,true,false,6,2023-04-01,2023-09-30,-1
2024-10-31,31530,2025-03-31,2,66000000000,0.018,,,,,4600000000,0.181,4700000000,0.169,,3400000000,,159.95,,,,,,,,,,,,,,,,,,,,,,true,true,12,2024-04-01,2025-03-31,0
2024-10-31,31530,2024-03-31,2,,,,,,,,,,,,,,,,,,,,60430000000,27498000000,0.451,,27280000000,,,,,,,,,,,,true,false,12,2023-04-01,2024-03-31,-1
2024-10-31,31530,2024-03-31,2,,,,,,,,,,,,,,,,,,,,,,,,,,,,,28.00,,,,21782500,546001,,false,false,12,2023-04-01,2024-03-31,-1
2024-10-31,31530,2025-03-31,2,,,,,,,,,,,,,,,,,,,,,,,,,,,,,0.00,,,,,,,false,false,12,2024-04-01,2025-03-31,0
2024-10-31,31530,2025-03-31,2,,,,,,,,,,,,,,,,,,,,,,,,,,,,,32.00,,,,,,,false,true,12,2024-04-01,2025-03-31,0
2024-10-31,31530,2025-03-31,2,,,,,,,,,,,,,,,,,,,,,,,,,,,,,,,,,21782500,516276,21247703,false,false,6,2024-04-01,2024-09-30,0
2024-10-31,31530,2024-03-31,2,,,,,,,,,,,,,,,,,,,,,,,,,,,,,,,,,,,21210584,false,false,6,2023-04-01,2023-09-30,-1
2024-12-18,31530,2025-03-31,,66500000000,0.008,,,,,5200000000,0.130,5300000000,0.128,,3800000000,,178.77,,,,,,,,,,,,,,,,,,,,,,true,true,12,2024-04-01,2025-03-31,0
2024-12-18,31530,2024-03-31,,64862000000,,,,,,3894000000,,4019000000,,,2657000000,,125.22,,,,,,,,,,,,,,,,,,,,,,true,false,12,2023-04-01,2024-03-31,-1
2024-12-18,31530,2025-03-31,,,,,,,,,,,,,,,,,,,,,,,,,,,,,,36.00,,,,,,,false,true,12,2024-04-01,2025-03-31,0
2024-12-18,31530,2025-03-31,,,,,,,,,,,,,,,,,,,,,,,,,,,,,,0.00,,,,,,,false,false,12,2024-04-01,2025-03-31,0
2024-12-18,31530,2024-03-31,,,,,,,,,,,,,,,,,,,,,,,,,,,,,,28.00,,,,,,,false,false,12,2023-04-01,2024-03-31,-1
2025-01-31,31530,2025-03-31,3,36591000000,-0.029,,,,,1616000000,0.292,1703000000,0.274,,1173000000,,55.24,,,,,,51607000000,28242000000,0.543,,28034000000,,,,,,,,,,,,true,false,9,2024-04-01,2024-12-31,0
2025-01-31,31530,2024-03-31,3,37669000000,0.132,,,,,1250000000,,1336000000,,,885000000,,41.74,,,,,,,,,,,,,,,,,,,,,,true,false,9,2023-04-01,2023-12-31,-1
2025-01-31,31530,2025-03-31,3,66500000000,0.025,,,,,5200000000,0.335,5300000000,0.319,,3800000000,,178.77,,,,,,,,,,,,,,,,,,,,,,true,true,12,2024-04-01,2025-03-31,0
2025-01-31,31530,2024-03-31,3,,,,,,,,,,,,,,,,,,,,60430000000,27498000000,0.451,,27280000000,,,,,,,,,,,,true,false,12,2023-04-01,2024-03-31,-1
2025-01-31,31530,2024-03-31,3,,,,,,,,,,,,,,,,,,,,,,,,,,,,,28.00,,,,21782500,546001,,false,false,12,2023-04-01,2024-03-31,-1
2025-01-31,31530,2025-03-31,3,,,,,,,,,,,,,,,,,,,,,,,,,,,,,0.00,,,,,,,false,false,12,2024-04-01,2025-03-31,0
2025-01-31,31530,2025-03-31,3,,,,,,,,,,,,,,,,,,,,,,,,,,,,,36.00,,,,,,,false,true,12,2024-04-01,2025-03-31,0
2025-01-31,31530,2025-03-31,3,,,,,,,,,,,,,,,,,,,,,,,,,,,,,,,,,21782500,516276,21253899,false,false,9,2024-04-01,2024-12-31,0
2025-01-31,31530,2024-03-31,3,,,,,,,,,,,,,,,,,,,,,,,,,,,,,,,,,,,21219277,false,false,9,2023-04-01,2023-12-31,-1
2025-05-15,31530,2025-03-31,,66075000000,0.019,,,,,5253000000,0.349,5373000000,0.337,,4011000000,,188.74,,0.139,0.086,0.080,,64141000000,30830000000,0.477,1439.55,30613000000,3484000000,10000000,-763000000,14874000000,,0.191,,,,,,true,false,12,2024-04-01,2025-03-31,0
2025-05-15,31530,2024-03-31,,64862000000,0.076,,,,,3894000000,0.393,4019000000,0.372,,2657000000,,125.22,,0.103,0.067,0.060,,60430000000,27498000000,0.451,1284.59,27280000000,809000000,848000000,-848000000,12142000000,,0.224,,,,,,true,false,12,2023-04-01,2024-03-31,-1
2025-05-15,31530,2026-03-31,,68000000000,0.029,,,,,5600000000,0.066,5700000000,0.061,,4000000000,,188.09,,,,,,,,,,,,,,,,,,,,,,true,true,12,2025-04-01,2026-03-31,1
2025-05-15,31530,2025-03-31,,46101000000,0.057,,,,,3490000000,0.550,4139000000,0.502,3233000000,,0.658,152.10,,,,,,48612000000,24445000000,0.503,1149.48,24445000000,,,,,36.00,,,,21782500,516276,21256938,false,false,12,2024-04-01,2025-03-31,0
2025-05-15,31530,2024-03-31,,43607000000,0.048,,,,,2252000000,0.373,2756000000,0.277,1949000000,,0.172,91.86,,,,,,46733000000,21746000000,0.465,1024.00,21746000000,,,,,28.00,,,,21782500,546001,21223570,false,false,12,2023-04-01,2024-03-31,-1
2025-05-15,31530,2026-03-31,,,,,,,,,,,,,,,,,,,,,,,,,,,,,,40.00,,,,,,,false,true,12,2025-04-01,2026-03-31,1
2025-07-31,31530,2026-03-31,1,13395000000,0.255,,,,,699000000,1.150,731000000,1.049,,481000000,,22.62,,,,,,55260000000,30660000000,0.551,,30460000000,,,,,,,,,,,,true,false,3,2025-04-01,2025-06-30,0
2025-07-31,31530,2025-03-31,1,10670000000,-0.067,,,,,325000000,0.197,356000000,0.193,,205000000,,9.68,,,,,,,,,,,,,,,,,,,,,,true,false,3,2024-04-01,2024-06-30,-1
2025-07-31,31530,2026-03-31,1,68000000000,0.029,,,,,5600000000,0.066,5700000000,0.061,,4000000000,,188.09,,,,,,,,,,,,,,,,,,,,,,true,true,12,2025-04-01,2026-03-31,0
2025-07-31,31530,2025-03-31,1,,,,,,,,,,,,,,,,,,,,64141000000,30830000000,0.477,,30613000000,,,,,,,,,,,,true,false,12,2024-04-01,2025-03-31,-1
2025-07-31,31530,2025-03-31,1,,,,,,,,,,,,,,,,,,,,,,,,,,,,,36.00,,,,21782500,516276,,false,false,12,2024-04-01,2025-03-31,-1
2025-07-31,31530,2026-03-31,1,,,,,,,,,,,,,,,,,,,,,,,,,,,,,40.00,,,,,,,false,true,12,2025-04-01,2026-03-31,0
2025-07-31,31530,2026-03-31,1,,,,,,,,,,,,,,,,,,,,,,,,,,,,,,,,,21782500,516276,21266224,false,false,3,2025-04-01,2025-06-30,0
2025-07-31,31530,2025-03-31,1,,,,,,,,,,,,,,,,,,,,,,,,,,,,,,,,,,,21236497,false,false,3,2024-04-01,2024-06-30,-1
