filing_date,code,fiscal_year_end,quarterly_period,net_sales,net_sales_change,revenue,revenue_change,operating_revenue,operating_revenue_change,operating_profit,operating_profit_change,ordinary_profit,ordinary_profit_change,net_income,net_income_of_parent,net_income_change,eps,diluted_eps,roe,roa,operating_profit_to_net_sales,operating_profit_to_revenue,total_assets,net_assets,equity_ratio,bps,owner_equity,operating_cash_flow,investing_cash_flow,financing_cash_flow,cash,dividend_per_share,payout_ratio,commemorative_dividend,extra_dividend,number_of_shares,number_of_treqsury_shares,avg_number_of_shares,is_consolidated,is_forecast,duration,period_start,period_end,period_pos
2015-05-08,31670,2015-03-31,,187511000000,-0.008,,,,,9003000000,0.218,8549000000,0.219,3934000000,,0.514,34.16,34.12,0.099,0.050,0.048,,165702000000,43467000000,0.257,368.15,42544000000,27265000000,-8851000000,-18764000000,2821000000,,0.351,,,,,,true,false,12,2014-04-01,2015-03-31,0
2015-05-08,31670,2014-03-31,,188987000000,0.040,,,,,7392000000,-0.173,7013000000,-0.130,2598000000,,-0.158,22.67,,0.074,0.040,0.039,,173620000000,38329000000,0.216,325.75,37421000000,22806000000,-9664000000,-14125000000,3150000000,,0.529,,,,,,true,false,12,2013-04-01,2014-03-31,-1
2015-05-08,31670,2016-03-31,,86800000000,-0.005,,,,,900000000,-0.504,730000000,-0.539,,-360000000,,-3.12,,,,,,,,,,,,,,,,,,,,,,true,true,6,2015-04-01,2015-09-30,1
2015-05-08,31670,2016-03-31,,192200000000,0.025,,,,,7760000000,-0.138,7410000000,-0.133,,3240000000,,28.04,,,,,,,,,,,,,,,,0.428,,,,,,true,true,12,2015-04-01,2016-03-31,1
2015-05-08,31670,2015-03-31,,6116000000,-0.027,,,,,2057000000,0.079,1774000000,-0.037,1250000000,,-0.205,10.56,10.55,,,,,100062000000,28097000000,0.278,234.21,27836000000,,,,,12.00,,,,155199977,39637942,115163068,false,false,12,2014-04-01,2015-03-31,0
2015-05-08,31670,2014-03-31,,6283000000,0.140,,,,,1905000000,0.292,1842000000,0.529,1572000000,,-0.311,13.33,,,,,,98895000000,28051000000,0.280,234.68,27732000000,,,,,12.00,,,,155199977,40321476,114626981,false,false,12,2013-04-01,2014-03-31,-1
2015-05-08,31670,2016-03-31,,,,,,,,,,,,,,,,,,,,,,,,,,,,,,12.00,,,,,,,false,true,12,2015-04-01,2016-03-31,1
2015-07-30,31670,2016-03-31,1,42672000000,-0.037,,,,,1708000000,0.031,1649000000,0.066,,714000000,,6.18,6.11,,,,,164163000000,44053000000,0.263,371.47,43124000000,,,,,,,,,,,,true,false,3,2015-04-01,2015-06-30,0
2015-07-30,31670,2015-03-31,1,44302000000,0.029,,,,,1657000000,1.557,1547000000,1.813,,713000000,,6.21,,,,,,,,,,,,,,,,,,,,,,true,false,3,2014-04-01,2014-06-30,-1
2015-07-30,31670,2016-03-31,1,86800000000,-0.005,,,,,900000000,-0.504,730000000,-0.539,,-360000000,,-3.12,,,,,,,,,,,,,,,,,,,,,,true,true,6,2015-04-01,2015-09-30,0
2015-07-30,31670,2016-03-31,1,192200000000,0.025,,,,,7760000000,-0.138,7410000000,-0.133,,3240000000,,28.04,,,,,,,,,,,,,,,,,,,,,,true,true,12,2015-04-01,2016-03-31,0
2015-07-30,31670,2015-03-31,1,,,,,,,,,,,,,,,,,,,,165702000000,43467000000,0.257,368.15,42544000000,,,,,,,,,,,,true,false,12,2014-04-01,2015-03-31,-1
2015-07-30,31670,2015-03-31,1,,,,,,,,,,,,,,,,,,,,,,,,,,,,,12.00,,,,155199977,39637942,,false,false,12,2014-04-01,2015-03-31,-1
2015-07-30,31670,2016-03-31,1,,,,,,,,,,,,,,,,,,,,,,,,,,,,,12.00,,,,,,,false,true,12,2015-04-01,2016-03-31,0
2015-07-30,31670,2016-03-31,1,,,,,,,,,,,,,,,,,,,,,,,,,,,,,,,,,155199977,39107782,115589692,false,false,3,2015-04-01,2015-06-30,0
2015-07-30,31670,2015-03-31,1,,,,,,,,,,,,,,,,,,,,,,,,,,,,,,,,,,,114901146,false,false,3,2014-04-01,2014-06-30,-1
2015-10-29,31670,2016-03-31,2,84773000000,-0.029,,,,,1856000000,0.022,1779000000,0.122,,277000000,,2.39,2.21,,,,,160237000000,42514000000,0.259,358.09,41580000000,,,,,,,,,,,,true,false,6,2015-04-01,2015-09-30,0
2015-10-29,31670,2015-03-31,2,87274000000,0.035,,,,,1816000000,3.417,1585000000,4.231,,225000000,,1.96,,,,,,,,,,,,,,,,,,,,,,true,false,6,2014-04-01,2014-09-30,-1
2015-10-29,31670,2016-03-31,2,192200000000,0.025,,,,,7760000000,-0.138,7410000000,-0.133,,3240000000,,28.04,,,,,,,,,,,,,,,,,,,,,,true,true,12,2015-04-01,2016-03-31,0
2015-10-29,31670,2015-03-31,2,,,,,,,,,,,,,,,,,,,,165702000000,43467000000,0.257,368.15,42544000000,,,,,,,,,,,,true,false,12,2014-04-01,2015-03-31,-1
2015-10-29,31670,2015-03-31,2,,,,,,,,,,,,,,,,,,,,,,,,,,,,,12.00,,,,155199977,39637942,,false,false,12,2014-04-01,2015-03-31,-1
2015-10-29,31670,2016-03-31,2,,,,,,,,,,,,,,,,,,,,,,,,,,,,,6.00,,,,,,,false,false,12,2015-04-01,2016-03-31,0
2015-10-29,31670,2016-03-31,2,,,,,,,,,,,,,,,,,,,,,,,,,,,,,12.00,,,,,,,false,true,12,2015-04-01,2016-03-31,0
2015-10-29,31670,2016-03-31,2,,,,,,,,,,,,,,,,,,,,,,,,,,,,,,,,,155199977,39082329,115846636,false,false,6,2015-04-01,2015-09-30,0
2015-10-29,31670,2015-03-31,2,,,,,,,,,,,,,,,,,,,,,,,,,,,,,,,,,,,114962904,false,false,6,2014-04-01,2014-09-30,-1
2016-01-29,31670,2016-03-31,3,130103000000,-0.043,,,,,4006000000,-0.177,3921000000,-0.132,,1395000000,,12.05,10.91,,,,,164500000000,42272000000,0.251,361.99,41325000000,,,,,,,,,,,,true,false,9,2015-04-01,2015-12-31,0
2016-01-29,31670,2015-03-31,3,135981000000,0.023,,,,,4866000000,0.523,4517000000,0.526,,1819000000,,15.81,15.80,,,,,,,,,,,,,,,,,,,,,true,false,9,2014-04-01,2014-12-31,-1
2016-01-29,31670,2016-03-31,3,192200000000,0.025,,,,,7760000000,-0.138,7410000000,-0.133,,3240000000,,28.04,,,,,,,,,,,,,,,,,,,,,,true,true,12,2015-04-01,2016-03-31,0
2016-01-29,31670,2015-03-31,3,,,,,,,,,,,,,,,,,,,,165702000000,43467000000,0.257,368.15,42544000000,,,,,,,,,,,,true,false,12,2014-04-01,2015-03-31,-1
2016-01-29,31670,2015-03-31,3,,,,,,,,,,,,,,,,,,,,,,,,,,,,,12.00,,,,155199977,39637942,,false,false,12,2014-04-01,2015-03-31,-1
2016-01-29,31670,2016-03-31,3,,,,,,,,,,,,,,,,,,,,,,,,,,,,,6.00,,,,,,,false,false,12,2015-04-01,2016-03-31,0
2016-01-29,31670,2016-03-31,3,,,,,,,,,,,,,,,,,,,,,,,,,,,,,12.00,,,,,,,false,true,12,2015-04-01,2016-03-31,0
2016-01-29,31670,2016-03-31,3,,,,,,,,,,,,,,,,,,,,,,,,,,,,,,,,,139679977,25517219,115825434,false,false,9,2015-04-01,2015-12-31,0
2016-01-29,31670,2015-03-31,3,,,,,,,,,,,,,,,,,,,,,,,,,,,,,,,,,,,115061833,false,false,9,2014-04-01,2014-12-31,-1
,31670,2016-03-31,,,,,,,,,,,,,,,,,,,,,,,,,,,,,,14.00,,,,,,,false,true,12,2015-04-01,2016-03-31,0
,31670,2016-03-31,,,,,,,,,,,,,,,,,,,,,,,,,,,,,,6.00,,,,,,,false,false,12,2015-04-01,2016-03-31,0
,31670,2015-03-31,,,,,,,,,,,,,,,,,,,,,,,,,,,,,,12.00,,,,,,,false,false,12,2014-04-01,2015-03-31,-1
2016-05-10,31670,2016-03-31,,180940000000,-0.035,,,,,8245000000,-0.084,8150000000,-0.047,,3458000000,,30.01,26.89,0.083,0.050,0.046,,160303000000,41970000000,0.256,362.77,41063000000,21395000000,-11015000000,-9150000000,4044000000,,0.467,,,,,,true,false,12,2015-04-01,2016-03-31,0
2016-05-10,31670,2015-03-31,,187511000000,-0.008,,,,,9003000000,0.218,8549000000,0.219,,3934000000,,34.16,34.12,0.099,0.050,0.048,,165702000000,43467000000,0.257,368.15,42544000000,27265000000,-8851000000,-18764000000,2821000000,,0.351,,,,,,true,false,12,2014-04-01,2015-03-31,-1
2016-05-10,31670,2017-03-31,,85300000000,0.006,,,,,3380000000,0.821,3270000000,0.838,,1120000000,,9.89,,,,,,,,,,,,,,,,,,,,,,true,true,6,2016-04-01,2016-09-30,1
2016-05-10,31670,2017-03-31,,187100000000,0.034,,,,,12560000000,0.523,11830000000,0.451,,6240000000,,55.13,,,,,,,,,,,,,,,,0.400,,,,,,true,true,12,2016-04-01,2017-03-31,1
2016-05-10,31670,2016-03-31,,6204000000,0.014,,,,,1821000000,-0.114,1785000000,0.006,1377000000,,0.101,11.62,10.44,,,,,102334000000,24794000000,0.240,217.21,24586000000,,,,,14.00,,,,139679977,26488216,115237936,false,false,12,2015-04-01,2016-03-31,0
2016-05-10,31670,2015-03-31,,6116000000,-0.027,,,,,2057000000,0.079,1774000000,-0.037,1250000000,,-0.205,10.56,10.55,,,,,100062000000,28097000000,0.278,234.21,27836000000,,,,,12.00,,,,155199977,39637942,115163068,false,false,12,2014-04-01,2015-03-31,-1
2016-05-10,31670,2017-03-31,,,,,,,,,,,,,,,,,,,,,,,,,,,,,,22.00,,,,,,,false,true,12,2016-04-01,2017-03-31,1
2016-08-05,31670,2017-03-31,1,41618000000,-0.025,,,,,2870000000,0.680,2900000000,0.759,,1766000000,,15.60,13.51,,,,,155595000000,42521000000,0.268,366.89,41633000000,,,,,,,,,,,,true,false,3,2016-04-01,2016-06-30,0
2016-08-05,31670,2016-03-31,1,42672000000,-0.037,,,,,1708000000,0.031,1649000000,0.066,,714000000,,6.18,6.11,,,,,,,,,,,,,,,,,,,,,true,false,3,2015-04-01,2015-06-30,-1
2016-08-05,31670,2017-03-31,1,85300000000,0.006,,,,,3380000000,0.821,3270000000,0.838,,1120000000,,9.89,,,,,,,,,,,,,,,,,,,,,,true,true,6,2016-04-01,2016-09-30,0
2016-08-05,31670,2017-03-31,1,187100000000,0.034,,,,,12560000000,0.523,11830000000,0.451,,6240000000,,55.13,,,,,,,,,,,,,,,,,,,,,,true,true,12,2016-04-01,2017-03-31,0
2016-08-05,31670,2016-03-31,1,,,,,,,,,,,,,,,,,,,,160303000000,41970000000,0.256,362.77,41063000000,,,,,,,,,,,,true,false,12,2015-04-01,2016-03-31,-1
2016-08-05,31670,2016-03-31,1,,,,,,,,,,,,,,,,,,,,,,,,,,,,,14.00,,,,139679977,26488216,,false,false,12,2015-04-01,2016-03-31,-1
2016-08-05,31670,2017-03-31,1,,,,,,,,,,,,,,,,,,,,,,,,,,,,,22.00,,,,,,,false,true,12,2016-04-01,2017-03-31,0
2016-08-05,31670,2017-03-31,1,,,,,,,,,,,,,,,,,,,,,,,,,,,,,,,,,136679977,26204096,113241238,false,false,3,2016-04-01,2016-06-30,0
2016-08-05,31670,2016-03-31,1,,,,,,,,,,,,,,,,,,,,,,,,,,,,,,,,,,,115589692,false,false,3,2015-04-01,2015-06-30,-1
2016-10-31,31670,2017-03-31,2,82201000000,-0.030,,,,,4406000000,1.374,4428000000,1.489,,2384000000,,21.00,18.21,,,,,153384000000,44004000000,0.282,380.74,43258000000,,,,,,,,,,,,true,false,6,2016-04-01,2016-09-30,0
2016-10-31,31670,2016-03-31,2,84773000000,-0.029,,,,,1856000000,0.022,1779000000,0.122,,277000000,,2.39,2.21,,,,,,,,,,,,,,,,,,,,,true,false,6,2015-04-01,2015-09-30,-1
2016-10-31,31670,2017-03-31,2,179700000000,-0.007,,,,,12750000000,0.547,12360000000,0.516,,6500000000,,57.23,,,,,,,,,,,,,,,,,,,,,,true,true,12,2016-04-01,2017-03-31,0
2016-10-31,31670,2016-03-31,2,,,,,,,,,,,,,,,,,,,,160303000000,41970000000,0.256,362.77,41063000000,,,,,,,,,,,,true,false,12,2015-04-01,2016-03-31,-1
2016-10-31,31670,2016-03-31,2,,,,,,,,,,,,,,,,,,,,,,,,,,,,,14.00,,,,139679977,26488216,,false,false,12,2015-04-01,2016-03-31,-1
2016-10-31,31670,2017-03-31,2,,,,,,,,,,,,,,,,,,,,,,,,,,,,,11.00,,,,,,,false,false,12,2016-04-01,2017-03-31,0
2016-10-31,31670,2017-03-31,2,,,,,,,,,,,,,,,,,,,,,,,,,,,,,28.00,,,,,,,false,true,12,2016-04-01,2017-03-31,0
2016-10-31,31670,2017-03-31,2,,,,,,,,,,,,,,,,,,,,,,,,,,,,,,,,,139679977,26065096,113546363,false,false,6,2016-04-01,2016-09-30,0
2016-10-31,31670,2016-03-31,2,,,,,,,,,,,,,,,,,,,,,,,,,,,,,,,,,,,115846636,false,false,6,2015-04-01,2015-09-30,-1
,31670,2017-03-31,,,,,,,,,,,,,,,,,,,,,,,,,,,,,,28.00,,,,,,,false,true,12,2016-04-01,2017-03-31,0
,31670,2017-03-31,,,,,,,,,,,,,,,,,,,,,,,,,,,,,,11.00,,,,,,,false,false,12,2016-04-01,2017-03-31,0
,31670,2016-03-31,,,,,,,,,,,,,,,,,,,,,,,,,,,,,,14.00,,,,,,,false,false,12,2015-04-01,2016-03-31,-1
2016-10-31,31670,2017-03-31,,82201000000,-0.036,,,,,4406000000,0.304,4428000000,0.354,,2384000000,,21.00,,,,,,,,,,,,,,,,,,,,,,true,true,6,2016-04-01,2016-09-30,0
2016-10-31,31670,2016-03-31,,84773000000,,,,,,1856000000,,1779000000,,,277000000,,2.39,,,,,,,,,,,,,,,,,,,,,,true,false,6,2015-04-01,2015-09-30,-1
2016-10-31,31670,2017-03-31,,179700000000,-0.040,,,,,12750000000,0.015,12360000000,0.045,,6500000000,,57.23,,,,,,,,,,,,,,,,,,,,,,true,true,12,2016-04-01,2017-03-31,0
2016-10-31,31670,2016-03-31,,180940000000,,,,,,8245000000,,8150000000,,,3458000000,,30.01,,,,,,,,,,,,,,,,,,,,,,true,false,12,2015-04-01,2016-03-31,-1
2017-01-31,31670,2017-03-31,3,127432000000,-0.021,,,,,8193000000,1.045,8246000000,1.103,,4850000000,,42.71,37.06,,,,,157735000000,46728000000,0.291,404.54,45961000000,,,,,,,,,,,,true,false,9,2016-04-01,2016-12-31,0
2017-01-31,31670,2016-03-31,3,130103000000,-0.043,,,,,4006000000,-0.177,3921000000,-0.132,,1395000000,,12.05,10.91,,,,,,,,,,,,,,,,,,,,,true,false,9,2015-04-01,2015-12-31,-1
2017-01-31,31670,2017-03-31,3,179700000000,-0.007,,,,,12750000000,0.547,12360000000,0.516,,6500000000,,57.23,,,,,,,,,,,,,,,,,,,,,,true,true,12,2016-04-01,2017-03-31,0
2017-01-31,31670,2016-03-31,3,,,,,,,,,,,,,,,,,,,,160303000000,41970000000,0.256,362.77,41063000000,,,,,,,,,,,,true,false,12,2015-04-01,2016-03-31,-1
2017-01-31,31670,2016-03-31,3,,,,,,,,,,,,,,,,,,,,,,,,,,,,,14.00,,,,139679977,26488216,,false,false,12,2015-04-01,2016-03-31,-1
2017-01-31,31670,2017-03-31,3,,,,,,,,,,,,,,,,,,,,,,,,,,,,,11.00,,,,,,,false,false,12,2016-04-01,2017-03-31,0
2017-01-31,31670,2017-03-31,3,,,,,,,,,,,,,,,,,,,,,,,,,,,,,28.00,,,,,,,false,true,12,2016-04-01,2017-03-31,0
2017-01-31,31670,2017-03-31,3,,,,,,,,,,,,,,,,,,,,,,,,,,,,,,,,,139679977,26065711,113569221,false,false,9,2016-04-01,2016-12-31,0
2017-01-31,31670,2016-03-31,3,,,,,,,,,,,,,,,,,,,,,,,,,,,,,,,,,,,115825434,false,false,9,2015-04-01,2015-12-31,-1
2017-05-09,31670,2017-03-31,,178631000000,-0.013,,,,,12750000000,0.546,12775000000,0.567,,7337000000,,64.46,56.31,0.152,0.079,0.071,,161112000000,56446000000,0.345,439.04,55654000000,26692000000,-10985000000,-16643000000,3111000000,,0.434,,,,,,true,false,12,2016-04-01,2017-03-31,0
2017-05-09,31670,2016-03-31,,180940000000,-0.035,,,,,8245000000,-0.084,8150000000,-0.047,,3458000000,,30.01,26.89,0.083,0.050,0.046,,160303000000,41970000000,0.256,362.77,41063000000,21395000000,-11015000000,-9150000000,4044000000,,0.467,,,,,,true,false,12,2015-04-01,2016-03-31,-1
2017-05-09,31670,2018-03-31,,86000000000,0.046,,,,,2710000000,-0.385,2650000000,-0.402,,1080000000,,8.52,,,,,,,,,,,,,,,,,,,,,,true,true,6,2017-04-01,2017-09-30,1
2017-05-09,31670,2018-03-31,,189400000000,0.060,,,,,11410000000,-0.105,11360000000,-0.111,,6450000000,,50.88,,,,,,,,,,,,,,,,,,,,,,true,true,12,2017-04-01,2018-03-31,1
2017-05-09,31670,2017-03-31,,6606000000,0.065,,,,,1441000000,-0.209,1383000000,-0.225,1410000000,,0.024,12.39,10.83,,,,,92934000000,31988000000,0.344,252.34,31988000000,,,,,28.00,,,,139679977,12915785,113828834,false,false,12,2016-04-01,2017-03-31,0
2017-05-09,31670,2016-03-31,,6204000000,0.014,,,,,1821000000,-0.114,1785000000,0.006,1377000000,,0.101,11.62,10.44,,,,,102334000000,24794000000,0.240,217.21,24586000000,,,,,14.00,,,,139679977,26488216,115237936,false,false,12,2015-04-01,2016-03-31,-1
2017-05-09,31670,2018-03-31,,,,,,,,,,,,,,,,,,,,,,,,,,,,,,28.00,,,,,,,false,true,12,2017-04-01,2018-03-31,1
2017-08-04,31670,2018-03-31,1,42531000000,0.022,,,,,2152000000,-0.250,2204000000,-0.240,,1182000000,,9.33,8.99,,,,,157848000000,55511000000,0.346,,54678000000,,,,,,,,,,,,true,false,3,2017-04-01,2017-06-30,0
2017-08-04,31670,2017-03-31,1,41618000000,-0.025,,,,,2870000000,0.680,2900000000,0.759,,1766000000,,15.60,13.51,,,,,,,,,,,,,,,,,,,,,true,false,3,2016-04-01,2016-06-30,-1
2017-08-04,31670,2018-03-31,1,86000000000,0.046,,,,,2710000000,-0.385,2650000000,-0.402,,1080000000,,8.52,,,,,,,,,,,,,,,,,,,,,,true,true,6,2017-04-01,2017-09-30,0
2017-08-04,31670,2018-03-31,1,189400000000,0.060,,,,,11410000000,-0.105,11360000000,-0.111,,6450000000,,50.88,,,,,,,,,,,,,,,,,,,,,,true,true,12,2017-04-01,2018-03-31,0
2017-08-04,31670,2017-03-31,1,,,,,,,,,,,,,,,,,,,,161112000000,56446000000,0.345,,55654000000,,,,,,,,,,,,true,false,12,2016-04-01,2017-03-31,-1
2017-08-04,31670,2017-03-31,1,,,,,,,,,,,,,,,,,,,,,,,,,,,,,28.00,,,,139679977,12915785,,false,false,12,2016-04-01,2017-03-31,-1
2017-08-04,31670,2018-03-31,1,,,,,,,,,,,,,,,,,,,,,,,,,,,,,28.00,,,,,,,false,true,12,2017-04-01,2018-03-31,0
2017-08-04,31670,2018-03-31,1,,,,,,,,,,,,,,,,,,,,,,,,,,,,,,,,,139679977,12912680,126765243,false,false,3,2017-04-01,2017-06-30,0
2017-08-04,31670,2017-03-31,1,,,,,,,,,,,,,,,,,,,,,,,,,,,,,,,,,,,113241238,false,false,3,2016-04-01,2016-06-30,-1
2017-10-31,31670,2018-03-31,2,84911000000,0.033,,,,,3114000000,-0.293,3143000000,-0.290,,1246000000,,9.76,9.50,,,,,160497000000,58822000000,0.360,,57755000000,,,,,,,,,,,,true,false,6,2017-04-01,2017-09-30,0
2017-10-31,31670,2017-03-31,2,82201000000,-0.030,,,,,4406000000,1.374,4428000000,1.489,,2384000000,,21.00,18.21,,,,,,,,,,,,,,,,,,,,,true,false,6,2016-04-01,2016-09-30,-1
2017-10-31,31670,2018-03-31,2,189400000000,0.060,,,,,11410000000,-0.105,11360000000,-0.111,,6450000000,,50.88,,,,,,,,,,,,,,,,,,,,,,true,true,12,2017-04-01,2018-03-31,0
2017-10-31,31670,2017-03-31,2,,,,,,,,,,,,,,,,,,,,161112000000,56446000000,0.345,,55654000000,,,,,,,,,,,,true,false,12,2016-04-01,2017-03-31,-1
2017-10-31,31670,2017-03-31,2,,,,,,,,,,,,,,,,,,,,,,,,,,,,,28.00,,,,139679977,12915785,,false,false,12,2016-04-01,2017-03-31,-1
2017-10-31,31670,2018-03-31,2,,,,,,,,,,,,,,,,,,,,,,,,,,,,,14.00,,,,,,,false,false,12,2017-04-01,2018-03-31,0
2017-10-31,31670,2018-03-31,2,,,,,,,,,,,,,,,,,,,,,,,,,,,,,28.00,,,,,,,false,true,12,2017-04-01,2018-03-31,0
2017-10-31,31670,2018-03-31,2,,,,,,,,,,,,,,,,,,,,,,,,,,,,,,,,,139679977,8735660,127761866,false,false,6,2017-04-01,2017-09-30,0
2017-10-31,31670,2017-03-31,2,,,,,,,,,,,,,,,,,,,,,,,,,,,,,,,,,,,113546363,false,false,6,2016-04-01,2016-09-30,-1
2018-02-05,31670,2018-03-31,3,133336000000,0.046,,,,,6579000000,-0.197,6662000000,-0.192,,3435000000,,26.66,26.16,,,,,165897000000,59224000000,0.350,,58129000000,,,,,,,,,,,,true,false,9,2017-04-01,2017-12-31,0
2018-02-05,31670,2017-03-31,3,127432000000,-0.021,,,,,8193000000,1.045,8246000000,1.103,,4850000000,,42.71,37.06,,,,,,,,,,,,,,,,,,,,,true,false,9,2016-04-01,2016-12-31,-1
2018-02-05,31670,2018-03-31,3,189400000000,0.060,,,,,11410000000,-0.105,11360000000,-0.111,,6450000000,,50.88,,,,,,,,,,,,,,,,,,,,,,true,true,12,2017-04-01,2018-03-31,0
2018-02-05,31670,2017-03-31,3,,,,,,,,,,,,,,,,,,,,161112000000,56446000000,0.345,,55654000000,,,,,,,,,,,,true,false,12,2016-04-01,2017-03-31,-1
2018-02-05,31670,2017-03-31,3,,,,,,,,,,,,,,,,,,,,,,,,,,,,,28.00,,,,139679977,12915785,,false,false,12,2016-04-01,2017-03-31,-1
2018-02-05,31670,2018-03-31,3,,,,,,,,,,,,,,,,,,,,,,,,,,,,,14.00,,,,,,,false,false,12,2017-04-01,2018-03-31,0
2018-02-05,31670,2018-03-31,3,,,,,,,,,,,,,,,,,,,,,,,,,,,,,28.00,,,,,,,false,true,12,2017-04-01,2018-03-31,0
2018-02-05,31670,2018-03-31,3,,,,,,,,,,,,,,,,,,,,,,,,,,,,,,,,,139679977,8736089,128826506,false,false,9,2017-04-01,2017-12-31,0
2018-02-05,31670,2017-03-31,3,,,,,,,,,,,,,,,,,,,,,,,,,,,,,,,,,,,113569221,false,false,9,2016-04-01,2016-12-31,-1
2018-05-08,31670,2018-03-31,,186069000000,0.042,,,,,10971000000,-0.140,11191000000,-0.124,,6620000000,,51.19,50.45,0.114,0.068,0.059,,166391000000,61450000000,0.363,460.66,60320000000,20909000000,-11488000000,-9527000000,3004000000,,0.547,,,,,,true,false,12,2017-04-01,2018-03-31,0
2018-05-08,31670,2017-03-31,,178631000000,-0.013,,,,,12750000000,0.546,12775000000,0.567,,7337000000,,64.46,56.31,0.152,0.079,0.071,,161112000000,56446000000,0.345,439.04,55654000000,26692000000,-10985000000,-16643000000,3111000000,,0.434,,,,,,true,false,12,2016-04-01,2017-03-31,-1
2018-05-08,31670,2019-03-31,,90100000000,0.061,,,,,3700000000,0.188,3650000000,0.161,,1890000000,,14.43,,,,,,,,,,,,,,,,,,,,,,true,true,6,2018-04-01,2018-09-30,1
2018-05-08,31670,2019-03-31,,195600000000,0.051,,,,,13960000000,0.272,13880000000,0.240,,7920000000,,60.48,,,,,,,,,,,,,,,,,,,,,,true,true,12,2018-04-01,2019-03-31,1
2018-05-08,31670,2018-03-31,,13203000000,0.999,,,,,8252000000,4.725,8248000000,4.960,7947000000,,4.634,61.45,60.56,,,,,95034000000,38335000000,0.403,292.76,38335000000,,,,,28.00,,,,139679977,8736412,129348552,false,false,12,2017-04-01,2018-03-31,0
2018-05-08,31670,2017-03-31,,6606000000,0.065,,,,,1441000000,-0.209,1383000000,-0.225,1410000000,,0.024,12.39,10.83,,,,,92934000000,31988000000,0.344,252.34,31988000000,,,,,28.00,,,,139679977,12915785,113828834,false,false,12,2016-04-01,2017-03-31,-1
2018-05-08,31670,2019-03-31,,,,,,,,,,,,,,,,,,,,,,,,,,,,,,28.00,,,,,,,false,true,12,2018-04-01,2019-03-31,1
2018-08-07,31670,2019-03-31,1,44553000000,0.048,,,,,2390000000,0.110,2487000000,0.129,,1432000000,,10.94,,,,,,162694000000,60957000000,0.368,,59804000000,,,,,,,,,,,,true,false,3,2018-04-01,2018-06-30,0
2018-08-07,31670,2018-03-31,1,42531000000,0.022,,,,,2152000000,-0.250,2204000000,-0.240,,1182000000,,9.33,8.99,,,,,,,,,,,,,,,,,,,,,true,false,3,2017-04-01,2017-06-30,-1
2018-08-07,31670,2019-03-31,1,90100000000,0.061,,,,,3700000000,0.188,3650000000,0.161,,1890000000,,14.43,,,,,,,,,,,,,,,,,,,,,,true,true,6,2018-04-01,2018-09-30,0
2018-08-07,31670,2019-03-31,1,195600000000,0.051,,,,,13960000000,0.272,13880000000,0.240,,7920000000,,60.48,,,,,,,,,,,,,,,,,,,,,,true,true,12,2018-04-01,2019-03-31,0
2018-08-07,31670,2018-03-31,1,,,,,,,,,,,,,,,,,,,,165993000000,61450000000,0.363,,60320000000,,,,,,,,,,,,true,false,12,2017-04-01,2018-03-31,-1
2018-08-07,31670,2018-03-31,1,,,,,,,,,,,,,,,,,,,,,,,,,,,,,28.00,,,,139679977,8736412,,false,false,12,2017-04-01,2018-03-31,-1
2018-08-07,31670,2019-03-31,1,,,,,,,,,,,,,,,,,,,,,,,,,,,,,28.00,,,,,,,false,true,12,2018-04-01,2019-03-31,0
2018-08-07,31670,2019-03-31,1,,,,,,,,,,,,,,,,,,,,,,,,,,,,,,,,,139679977,8736470,130943526,false,false,3,2018-04-01,2018-06-30,0
2018-08-07,31670,2018-03-31,1,,,,,,,,,,,,,,,,,,,,,,,,,,,,,,,,,,,126765243,false,false,3,2017-04-01,2017-06-30,-1
2018-11-01,31670,2019-03-31,2,88840000000,0.046,,,,,3475000000,0.116,3580000000,0.139,,1736000000,,13.26,,,,,,164920000000,62426000000,0.371,,61235000000,,,,,,,,,,,,true,false,6,2018-04-01,2018-09-30,0
2018-11-01,31670,2018-03-31,2,84911000000,0.033,,,,,3114000000,-0.293,3143000000,-0.290,,1246000000,,9.76,9.50,,,,,,,,,,,,,,,,,,,,,true,false,6,2017-04-01,2017-09-30,-1
2018-11-01,31670,2019-03-31,2,195600000000,0.051,,,,,13960000000,0.272,13880000000,0.240,,7920000000,,60.48,,,,,,,,,,,,,,,,,,,,,,true,true,12,2018-04-01,2019-03-31,0
2018-11-01,31670,2018-03-31,2,,,,,,,,,,,,,,,,,,,,165993000000,61450000000,0.363,,60320000000,,,,,,,,,,,,true,false,12,2017-04-01,2018-03-31,-1
2018-11-01,31670,2018-03-31,2,,,,,,,,,,,,,,,,,,,,,,,,,,,,,28.00,,,,139679977,8736412,,false,false,12,2017-04-01,2018-03-31,-1
2018-11-01,31670,2019-03-31,2,,,,,,,,,,,,,,,,,,,,,,,,,,,,,14.00,,,,,,,false,false,12,2018-04-01,2019-03-31,0
2018-11-01,31670,2019-03-31,2,,,,,,,,,,,,,,,,,,,,,,,,,,,,,28.00,,,,,,,false,true,12,2018-04-01,2019-03-31,0
2018-11-01,31670,2019-03-31,2,,,,,,,,,,,,,,,,,,,,,,,,,,,,,,,,,139679977,8731006,130945409,false,false,6,2018-04-01,2018-09-30,0
2018-11-01,31670,2018-03-31,2,,,,,,,,,,,,,,,,,,,,,,,,,,,,,,,,,,,127761866,false,false,6,2017-04-01,2017-09-30,-1
2019-01-31,31670,2019-03-31,3,137943000000,0.035,,,,,7038000000,0.070,7247000000,0.088,,3966000000,,30.29,,,,,,167035000000,59631000000,0.350,,58400000000,,,,,,,,,,,,true,false,9,2018-04-01,2018-12-31,0
2019-01-31,31670,2018-03-31,3,133336000000,0.046,,,,,6579000000,-0.197,6662000000,-0.192,,3435000000,,26.66,26.16,,,,,,,,,,,,,,,,,,,,,true,false,9,2017-04-01,2017-12-31,-1
2019-01-31,31670,2019-03-31,3,195600000000,0.051,,,,,13960000000,0.272,13880000000,0.240,,7920000000,,60.48,,,,,,,,,,,,,,,,,,,,,,true,true,12,2018-04-01,2019-03-31,0
2019-01-31,31670,2018-03-31,3,,,,,,,,,,,,,,,,,,,,165993000000,61450000000,0.363,,60320000000,,,,,,,,,,,,true,false,12,2017-04-01,2018-03-31,-1
2019-01-31,31670,2018-03-31,3,,,,,,,,,,,,,,,,,,,,,,,,,,,,,28.00,,,,139679977,8736412,,false,false,12,2017-04-01,2018-03-31,-1
2019-01-31,31670,2019-03-31,3,,,,,,,,,,,,,,,,,,,,,,,,,,,,,14.00,,,,,,,false,false,12,2018-04-01,2019-03-31,0
2019-01-31,31670,2019-03-31,3,,,,,,,,,,,,,,,,,,,,,,,,,,,,,28.00,,,,,,,false,true,12,2018-04-01,2019-03-31,0
2019-01-31,31670,2019-03-31,3,,,,,,,,,,,,,,,,,,,,,,,,,,,,,,,,,139679977,8731326,130946547,false,false,9,2018-04-01,2018-12-31,0
2019-01-31,31670,2018-03-31,3,,,,,,,,,,,,,,,,,,,,,,,,,,,,,,,,,,,128826506,false,false,9,2017-04-01,2017-12-31,-1
2019-05-09,31670,2019-03-31,,191600000000,0.030,,,,,13057000000,0.190,13259000000,0.185,,7772000000,,59.36,,0.126,0.079,0.068,,167606000000,63894000000,0.374,478.26,62627000000,21605000000,-12443000000,-8147000000,4018000000,,0.472,,,,,,true,false,12,2018-04-01,2019-03-31,0
2019-05-09,31670,2018-03-31,,186069000000,0.042,,,,,10971000000,-0.140,11191000000,-0.124,,6620000000,,51.19,50.45,0.114,0.068,0.059,,165993000000,61450000000,0.363,460.66,60320000000,20909000000,-11488000000,-9527000000,3004000000,,0.547,,,,,,true,false,12,2017-04-01,2018-03-31,-1
2019-05-09,31670,2020-03-31,,92500000000,0.041,,,,,4410000000,0.268,4360000000,0.217,,2360000000,,18.02,,,,,,,,,,,,,,,,,,,,,,true,true,6,2019-04-01,2019-09-30,1
2019-05-09,31670,2020-03-31,,200800000000,0.048,,,,,14170000000,0.085,14040000000,0.059,,8230000000,,62.85,,,,,,,,,,,,,,,,0.446,,,,,,true,true,12,2019-04-01,2020-03-31,1
2019-05-09,31670,2019-03-31,,10420000000,-0.211,,,,,5287000000,-0.359,5295000000,-0.358,5325000000,,-0.330,40.67,,,,,,97232000000,39985000000,0.411,305.35,39985000000,,,,,28.00,,,,139679977,8731411,130947058,false,false,12,2018-04-01,2019-03-31,0
2019-05-09,31670,2018-03-31,,13203000000,0.999,,,,,8252000000,4.725,8248000000,4.960,7947000000,,4.634,61.45,60.56,,,,,95034000000,38335000000,0.403,292.76,38335000000,,,,,28.00,,,,139679977,8736412,129348552,false,false,12,2017-04-01,2018-03-31,-1
2019-05-09,31670,2020-03-31,,,,,,,,,,,,,,,,,,,,,,,,,,,,,,28.00,,,,,,,false,true,12,2019-04-01,2020-03-31,1
2019-07-31,31670,2020-03-31,1,45804000000,0.028,,,,,3231000000,0.352,3351000000,0.347,,2239000000,,17.10,,,,,,163992000000,64107000000,0.383,,62780000000,,,,,,,,,,,,true,false,3,2019-04-01,2019-06-30,0
2019-07-31,31670,2019-03-31,1,44553000000,0.048,,,,,2390000000,0.110,2487000000,0.129,,1432000000,,10.94,,,,,,,,,,,,,,,,,,,,,,true,false,3,2018-04-01,2018-06-30,-1
2019-07-31,31670,2020-03-31,1,92500000000,0.041,,,,,4410000000,0.268,4360000000,0.217,,2360000000,,18.02,,,,,,,,,,,,,,,,,,,,,,true,true,6,2019-04-01,2019-09-30,0
2019-07-31,31670,2020-03-31,1,200800000000,0.048,,,,,14170000000,0.085,14040000000,0.059,,8230000000,,62.85,,,,,,,,,,,,,,,,,,,,,,true,true,12,2019-04-01,2020-03-31,0
2019-07-31,31670,2019-03-31,1,,,,,,,,,,,,,,,,,,,,167606000000,63894000000,0.374,,62627000000,,,,,,,,,,,,true,false,12,2018-04-01,2019-03-31,-1
2019-07-31,31670,2019-03-31,1,,,,,,,,,,,,,,,,,,,,,,,,,,,,,28.00,,,,139679977,8731411,,false,false,12,2018-04-01,2019-03-31,-1
2019-07-31,31670,2020-03-31,1,,,,,,,,,,,,,,,,,,,,,,,,,,,,,28.00,,,,,,,false,true,12,2019-04-01,2020-03-31,0
2019-07-31,31670,2020-03-31,1,,,,,,,,,,,,,,,,,,,,,,,,,,,,,,,,,139679977,8731593,130948486,false,false,3,2019-04-01,2019-06-30,0
2019-07-31,31670,2019-03-31,1,,,,,,,,,,,,,,,,,,,,,,,,,,,,,,,,,,,130943526,false,false,3,2018-04-01,2018-06-30,-1
2019-10-31,31670,2020-03-31,2,93015000000,0.047,,,,,5500000000,0.583,5608000000,0.566,,3492000000,,26.67,,,,,,165616000000,64982000000,0.384,,63602000000,,,,,,,,,,,,true,false,6,2019-04-01,2019-09-30,0
2019-10-31,31670,2019-03-31,2,88840000000,0.046,,,,,3475000000,0.116,3580000000,0.139,,1736000000,,13.26,,,,,,,,,,,,,,,,,,,,,,true,false,6,2018-04-01,2018-09-30,-1
2019-10-31,31670,2020-03-31,2,200800000000,0.048,,,,,14170000000,0.085,14040000000,0.059,,8230000000,,62.85,,,,,,,,,,,,,,,,,,,,,,true,true,12,2019-04-01,2020-03-31,0
2019-10-31,31670,2019-03-31,2,,,,,,,,,,,,,,,,,,,,167606000000,63894000000,0.374,,62627000000,,,,,,,,,,,,true,false,12,2018-04-01,2019-03-31,-1
2019-10-31,31670,2019-03-31,2,,,,,,,,,,,,,,,,,,,,,,,,,,,,,28.00,,,,139679977,8731411,,false,false,12,2018-04-01,2019-03-31,-1
2019-10-31,31670,2020-03-31,2,,,,,,,,,,,,,,,,,,,,,,,,,,,,,14.00,,,,,,,false,false,12,2019-04-01,2020-03-31,0
2019-10-31,31670,2020-03-31,2,,,,,,,,,,,,,,,,,,,,,,,,,,,,,28.00,,,,,,,false,true,12,2019-04-01,2020-03-31,0
2019-10-31,31670,2020-03-31,2,,,,,,,,,,,,,,,,,,,,,,,,,,,,,,,,,139679977,8721837,130951794,false,false,6,2019-04-01,2019-09-30,0
2019-10-31,31670,2019-03-31,2,,,,,,,,,,,,,,,,,,,,,,,,,,,,,,,,,,,130945409,false,false,6,2018-04-01,2018-09-30,-1
2020-01-30,31670,2020-03-31,3,141557000000,0.026,,,,,9278000000,0.318,9478000000,0.308,,5103000000,,38.97,,,,,,168697000000,65724000000,0.382,,64386000000,,,,,,,,,,,,true,false,9,2019-04-01,2019-12-31,0
2020-01-30,31670,2019-03-31,3,137943000000,0.035,,,,,7038000000,0.070,7247000000,0.088,,3966000000,,30.29,,,,,,,,,,,,,,,,,,,,,,true,false,9,2018-04-01,2018-12-31,-1
2020-01-30,31670,2020-03-31,3,200800000000,0.048,,,,,14170000000,0.085,14040000000,0.059,,8230000000,,62.85,,,,,,,,,,,,,,,,,,,,,,true,true,12,2019-04-01,2020-03-31,0
2020-01-30,31670,2019-03-31,3,,,,,,,,,,,,,,,,,,,,167606000000,63894000000,0.374,,62627000000,,,,,,,,,,,,true,false,12,2018-04-01,2019-03-31,-1
2020-01-30,31670,2019-03-31,3,,,,,,,,,,,,,,,,,,,,,,,,,,,,,28.00,,,,139679977,8731411,,false,false,12,2018-04-01,2019-03-31,-1
2020-01-30,31670,2020-03-31,3,,,,,,,,,,,,,,,,,,,,,,,,,,,,,14.00,,,,,,,false,false,12,2019-04-01,2020-03-31,0
2020-01-30,31670,2020-03-31,3,,,,,,,,,,,,,,,,,,,,,,,,,,,,,28.00,,,,,,,false,true,12,2019-04-01,2020-03-31,0
2020-01-30,31670,2020-03-31,3,,,,,,,,,,,,,,,,,,,,,,,,,,,,,,,,,139679977,8722266,130953891,false,false,9,2019-04-01,2019-12-31,0
2020-01-30,31670,2019-03-31,3,,,,,,,,,,,,,,,,,,,,,,,,,,,,,,,,,,,130946547,false,false,9,2018-04-01,2018-12-31,-1
2020-05-08,31670,2020-03-31,,195952000000,0.023,,,,,14224000000,0.089,14479000000,0.092,,8241000000,,62.93,,0.130,0.086,0.073,,169972000000,65982000000,0.380,493.26,64595000000,22535000000,-12131000000,-10375000000,4046000000,,0.445,,,,,,true,false,12,2019-04-01,2020-03-31,0
2020-05-08,31670,2019-03-31,,191600000000,0.030,,,,,13057000000,0.190,13259000000,0.185,,7772000000,,59.36,,0.126,0.079,0.068,,167606000000,63894000000,0.374,478.26,62627000000,21605000000,-12443000000,-8147000000,4018000000,,0.472,,,,,,true,false,12,2018-04-01,2019-03-31,-1
2020-05-08,31670,2021-03-31,,205300000000,0.048,,,,,15000000000,0.055,14870000000,0.027,,8460000000,,64.60,,,,,,,,,,,,,,,,0.433,,,,,,true,true,12,2020-04-01,2021-03-31,1
2020-05-08,31670,2020-03-31,,9028000000,-0.134,,,,,4106000000,-0.223,4119000000,-0.222,4026000000,,-0.244,30.75,,,,,,97290000000,40339000000,0.415,308.03,40339000000,,,,,28.00,,,,139679977,8722345,130954838,false,false,12,2019-04-01,2020-03-31,0
2020-05-08,31670,2019-03-31,,10420000000,-0.211,,,,,5287000000,-0.359,5295000000,-0.358,5325000000,,-0.330,40.67,,,,,,97232000000,39985000000,0.411,305.35,39985000000,,,,,28.00,,,,139679977,8731411,130947058,false,false,12,2018-04-01,2019-03-31,-1
2020-05-08,31670,2021-03-31,,,,,,,,,,,,,,,,,,,,,,,,,,,,,,28.00,,,,,,,false,true,12,2020-04-01,2021-03-31,1
2020-07-30,31670,2021-03-31,1,45113000000,-0.015,,,,,3783000000,0.171,3830000000,0.143,,2445000000,,18.68,,,,,,168253000000,68228000000,0.397,,66813000000,,,,,,,,,,,,true,false,3,2020-04-01,2020-06-30,0
2020-07-30,31670,2020-03-31,1,45804000000,0.028,,,,,3231000000,0.352,3351000000,0.347,,2239000000,,17.10,,,,,,,,,,,,,,,,,,,,,,true,false,3,2019-04-01,2019-06-30,-1
2020-07-30,31670,2021-03-31,1,205300000000,0.048,,,,,15000000000,0.055,14870000000,0.027,,8460000000,,64.60,,,,,,,,,,,,,,,,,,,,,,true,true,12,2020-04-01,2021-03-31,0
2020-07-30,31670,2020-03-31,1,,,,,,,,,,,,,,,,,,,,169972000000,65982000000,0.380,,64595000000,,,,,,,,,,,,true,false,12,2019-04-01,2020-03-31,-1
2020-07-30,31670,2020-03-31,1,,,,,,,,,,,,,,,,,,,,,,,,,,,,,28.00,,,,139679977,8722345,,false,false,12,2019-04-01,2020-03-31,-1
2020-07-30,31670,2021-03-31,1,,,,,,,,,,,,,,,,,,,,,,,,,,,,,28.00,,,,,,,false,true,12,2020-04-01,2021-03-31,0
2020-07-30,31670,2021-03-31,1,,,,,,,,,,,,,,,,,,,,,,,,,,,,,,,,,139679977,8722355,130957632,false,false,3,2020-04-01,2020-06-30,0
2020-07-30,31670,2020-03-31,1,,,,,,,,,,,,,,,,,,,,,,,,,,,,,,,,,,,130948486,false,false,3,2019-04-01,2019-06-30,-1
2020-10-29,31670,2021-03-31,2,89836000000,-0.034,,,,,5452000000,-0.009,5499000000,-0.019,,3279000000,,25.04,,,,,,167687000000,69398000000,0.405,,67946000000,,,,,,,,,,,,true,false,6,2020-04-01,2020-09-30,0
2020-10-29,31670,2020-03-31,2,93015000000,0.047,,,,,5500000000,0.583,5608000000,0.566,,3492000000,,26.67,,,,,,,,,,,,,,,,,,,,,,true,false,6,2019-04-01,2019-09-30,-1
2020-10-29,31670,2021-03-31,2,205300000000,0.048,,,,,15000000000,0.055,14870000000,0.027,,8460000000,,64.60,,,,,,,,,,,,,,,,,,,,,,true,true,12,2020-04-01,2021-03-31,0
2020-10-29,31670,2020-03-31,2,,,,,,,,,,,,,,,,,,,,169972000000,65982000000,0.380,,64595000000,,,,,,,,,,,,true,false,12,2019-04-01,2020-03-31,-1
2020-10-29,31670,2020-03-31,2,,,,,,,,,,,,,,,,,,,,,,,,,,,,,28.00,,,,139679977,8722345,,false,false,12,2019-04-01,2020-03-31,-1
2020-10-29,31670,2021-03-31,2,,,,,,,,,,,,,,,,,,,,,,,,,,,,,14.00,,,,,,,false,false,12,2020-04-01,2021-03-31,0
2020-10-29,31670,2021-03-31,2,,,,,,,,,,,,,,,,,,,,,,,,,,,,,28.00,,,,,,,false,true,12,2020-04-01,2021-03-31,0
2020-10-29,31670,2021-03-31,2,,,,,,,,,,,,,,,,,,,,,,,,,,,,,,,,,139679977,8713096,130960773,false,false,6,2020-04-01,2020-09-30,0
2020-10-29,31670,2020-03-31,2,,,,,,,,,,,,,,,,,,,,,,,,,,,,,,,,,,,130951794,false,false,6,2019-04-01,2019-09-30,-1
2021-01-28,31670,2021-03-31,3,139792000000,-0.012,,,,,9901000000,0.067,9929000000,0.048,,5936000000,,45.33,,,,,,172946000000,70841000000,0.401,,69335000000,,,,,,,,,,,,true,false,9,2020-04-01,2020-12-31,0
2021-01-28,31670,2020-03-31,3,141557000000,0.026,,,,,9278000000,0.318,9478000000,0.308,,5103000000,,38.97,,,,,,,,,,,,,,,,,,,,,,true,false,9,2019-04-01,2019-12-31,-1
2021-01-28,31670,2021-03-31,3,205300000000,0.048,,,,,15000000000,0.055,14870000000,0.027,,8460000000,,64.60,,,,,,,,,,,,,,,,,,,,,,true,true,12,2020-04-01,2021-03-31,0
2021-01-28,31670,2020-03-31,3,,,,,,,,,,,,,,,,,,,,169972000000,65982000000,0.380,,64595000000,,,,,,,,,,,,true,false,12,2019-04-01,2020-03-31,-1
2021-01-28,31670,2020-03-31,3,,,,,,,,,,,,,,,,,,,,,,,,,,,,,28.00,,,,139679977,8722345,,false,false,12,2019-04-01,2020-03-31,-1
2021-01-28,31670,2021-03-31,3,,,,,,,,,,,,,,,,,,,,,,,,,,,,,14.00,,,,,,,false,false,12,2020-04-01,2021-03-31,0
2021-01-28,31670,2021-03-31,3,,,,,,,,,,,,,,,,,,,,,,,,,,,,,28.00,,,,,,,false,true,12,2020-04-01,2021-03-31,0
2021-01-28,31670,2021-03-31,3,,,,,,,,,,,,,,,,,,,,,,,,,,,,,,,,,139679977,8713304,130962791,false,false,9,2020-04-01,2020-12-31,0
2021-01-28,31670,2020-03-31,3,,,,,,,,,,,,,,,,,,,,,,,,,,,,,,,,,,,130953891,false,false,9,2019-04-01,2019-12-31,-1
,31670,2021-03-31,,,,,,,,,,,,,,,,,,,,,,,,,,,,,,30.00,,,,,,,false,true,12,2020-04-01,2021-03-31,0
,31670,2021-03-31,,,,,,,,,,,,,,,,,,,,,,,,,,,,,,14.00,,,,,,,false,false,12,2020-04-01,2021-03-31,0
,31670,2020-03-31,,,,,,,,,,,,,,,,,,,,,,,,,,,,,,28.00,,,,,,,false,false,12,2019-04-01,2020-03-31,-1
2021-05-11,31670,2021-03-31,,196726000000,0.004,,,,,15226000000,0.070,15312000000,0.058,,8815000000,,67.32,,0.127,0.088,0.077,,178974000000,76056000000,0.416,568.93,74510000000,32223000000,-17068000000,-14064000000,5136000000,,0.446,,,,,,true,false,12,2020-04-01,2021-03-31,0
2021-05-11,31670,2020-03-31,,195952000000,0.023,,,,,14224000000,0.089,14479000000,0.092,,8241000000,,62.93,,0.130,0.086,0.073,,169972000000,65982000000,0.380,493.26,64595000000,22535000000,-12131000000,-10375000000,4046000000,,0.445,,,,,,true,false,12,2019-04-01,2020-03-31,-1
2021-05-11,31670,2022-03-31,,207000000000,0.052,,,,,15240000000,0.001,15320000000,0.001,,8830000000,,67.42,,,,,,,,,,,,,,,,0.445,,,,,,true,true,12,2021-04-01,2022-03-31,1
2021-05-11,31670,2021-03-31,,9373000000,0.038,,,,,4104000000,-0.001,4127000000,0.002,3714000000,,-0.078,28.36,,,,,,99896000000,40381000000,0.404,308.33,40381000000,,,,,30.00,,,,139679977,8713335,130963743,false,false,12,2020-04-01,2021-03-31,0
2021-05-11,31670,2020-03-31,,9028000000,-0.134,,,,,4106000000,-0.223,4119000000,-0.222,4026000000,,-0.244,30.75,,,,,,97290000000,40339000000,0.415,308.03,40339000000,,,,,28.00,,,,139679977,8722345,130954838,false,false,12,2019-04-01,2020-03-31,-1
2021-05-11,31670,2022-03-31,,,,,,,,,,,,,,,,,,,,,,,,,,,,,,30.00,,,,,,,false,true,12,2021-04-01,2022-03-31,1
2021-07-29,31670,2022-03-31,1,48396000000,0.073,,,,,3226000000,-0.147,3353000000,-0.125,,1870000000,,14.28,,,,,,176837000000,75672000000,0.419,,74093000000,,,,,,,,,,,,true,false,3,2021-04-01,2021-06-30,0
2021-07-29,31670,2021-03-31,1,45113000000,-0.015,,,,,3783000000,0.171,3830000000,0.143,,2445000000,,18.68,,,,,,,,,,,,,,,,,,,,,,true,false,3,2020-04-01,2020-06-30,-1
2021-07-29,31670,2022-03-31,1,207000000000,0.052,,,,,15240000000,0.001,15320000000,0.001,,8830000000,,67.42,,,,,,,,,,,,,,,,,,,,,,true,true,12,2021-04-01,2022-03-31,0
2021-07-29,31670,2021-03-31,1,,,,,,,,,,,,,,,,,,,,178974000000,76056000000,0.416,,74510000000,,,,,,,,,,,,true,false,12,2020-04-01,2021-03-31,-1
2021-07-29,31670,2021-03-31,1,,,,,,,,,,,,,,,,,,,,,,,,,,,,,30.00,,,,139679977,8713335,,false,false,12,2020-04-01,2021-03-31,-1
2021-07-29,31670,2022-03-31,1,,,,,,,,,,,,,,,,,,,,,,,,,,,,,30.00,,,,,,,false,true,12,2021-04-01,2022-03-31,0
2021-07-29,31670,2022-03-31,1,,,,,,,,,,,,,,,,,,,,,,,,,,,,,,,,,139679977,8713387,130966607,false,false,3,2021-04-01,2021-06-30,0
2021-07-29,31670,2021-03-31,1,,,,,,,,,,,,,,,,,,,,,,,,,,,,,,,,,,,130957632,false,false,3,2020-04-01,2020-06-30,-1
2021-10-28,31670,2022-03-31,2,96060000000,0.069,,,,,5223000000,-0.042,5284000000,-0.039,,2281000000,,17.42,,,,,,177855000000,77142000000,0.425,,75522000000,,,,,,,,,,,,true,false,6,2021-04-01,2021-09-30,0
2021-10-28,31670,2021-03-31,2,89836000000,-0.034,,,,,5452000000,-0.009,5499000000,-0.019,,3279000000,,25.04,,,,,,,,,,,,,,,,,,,,,,true,false,6,2020-04-01,2020-09-30,-1
2021-10-28,31670,2022-03-31,2,207000000000,0.052,,,,,15240000000,0.001,15320000000,0.001,,8830000000,,67.42,,,,,,,,,,,,,,,,,,,,,,true,true,12,2021-04-01,2022-03-31,0
2021-10-28,31670,2021-03-31,2,,,,,,,,,,,,,,,,,,,,178974000000,76056000000,0.416,,74510000000,,,,,,,,,,,,true,false,12,2020-04-01,2021-03-31,-1
2021-10-28,31670,2021-03-31,2,,,,,,,,,,,,,,,,,,,,,,,,,,,,,30.00,,,,139679977,8713335,,false,false,12,2020-04-01,2021-03-31,-1
2021-10-28,31670,2022-03-31,2,,,,,,,,,,,,,,,,,,,,,,,,,,,,,15.00,,,,,,,false,false,12,2021-04-01,2022-03-31,0
2021-10-28,31670,2022-03-31,2,,,,,,,,,,,,,,,,,,,,,,,,,,,,,30.00,,,,,,,false,true,12,2021-04-01,2022-03-31,0
2021-10-28,31670,2022-03-31,2,,,,,,,,,,,,,,,,,,,,,,,,,,,,,,,,,139679977,8688215,130975162,false,false,6,2021-04-01,2021-09-30,0
2021-10-28,31670,2021-03-31,2,,,,,,,,,,,,,,,,,,,,,,,,,,,,,,,,,,,130960773,false,false,6,2020-04-01,2020-09-30,-1
2022-01-27,31670,2022-03-31,3,149420000000,0.069,,,,,9248000000,-0.066,9324000000,-0.061,,4634000000,,35.38,,,,,,181450000000,75797000000,0.409,,74129000000,,,,,,,,,,,,true,false,9,2021-04-01,2021-12-31,0
2022-01-27,31670,2021-03-31,3,139792000000,-0.012,,,,,9901000000,0.067,9929000000,0.048,,5936000000,,45.33,,,,,,,,,,,,,,,,,,,,,,true,false,9,2020-04-01,2020-12-31,-1
2022-01-27,31670,2022-03-31,3,207000000000,0.052,,,,,15240000000,0.001,15320000000,0.001,,8830000000,,67.42,,,,,,,,,,,,,,,,,,,,,,true,true,12,2021-04-01,2022-03-31,0
2022-01-27,31670,2021-03-31,3,,,,,,,,,,,,,,,,,,,,178974000000,76056000000,0.416,,74510000000,,,,,,,,,,,,true,false,12,2020-04-01,2021-03-31,-1
2022-01-27,31670,2021-03-31,3,,,,,,,,,,,,,,,,,,,,,,,,,,,,,30.00,,,,139679977,8713335,,false,false,12,2020-04-01,2021-03-31,-1
2022-01-27,31670,2022-03-31,3,,,,,,,,,,,,,,,,,,,,,,,,,,,,,15.00,,,,,,,false,false,12,2021-04-01,2022-03-31,0
2022-01-27,31670,2022-03-31,3,,,,,,,,,,,,,,,,,,,,,,,,,,,,,30.00,,,,,,,false,true,12,2021-04-01,2022-03-31,0
2022-01-27,31670,2022-03-31,3,,,,,,,,,,,,,,,,,,,,,,,,,,,,,,,,,139679977,8688410,130980704,false,false,9,2021-04-01,2021-12-31,0
2022-01-27,31670,2021-03-31,3,,,,,,,,,,,,,,,,,,,,,,,,,,,,,,,,,,,130962791,false,false,9,2020-04-01,2020-12-31,-1
2022-05-10,31670,2022-03-31,,210691000000,0.071,,,,,15794000000,0.037,15907000000,0.039,,8969000000,,68.49,,0.118,0.088,0.075,,184473000000,78946000000,0.419,590.21,77234000000,20808000000,-14592000000,-6905000000,4447000000,,0.467,,,,,,true,false,12,2021-04-01,2022-03-31,0
2022-05-10,31670,2021-03-31,,196726000000,0.004,,,,,15226000000,0.070,15312000000,0.058,,8815000000,,67.32,,0.127,0.088,0.077,,178974000000,76056000000,0.416,568.93,74510000000,32223000000,-17068000000,-14064000000,5136000000,,0.446,,,,,,true,false,12,2020-04-01,2021-03-31,-1
2022-05-10,31670,2023-03-31,,223000000000,0.058,,,,,14500000000,-0.082,14300000000,-0.101,,8300000000,,63.43,,,,,,,,,,,,,,,,0.505,,,,,,true,true,12,2022-04-01,2023-03-31,1
2022-05-10,31670,2022-03-31,,10127000000,0.080,,,,,4863000000,0.185,4877000000,0.182,4910000000,,0.322,37.50,,,,,,99149000000,41124000000,0.415,314.19,41115000000,,,,,32.00,,,,139679977,8819780,130971865,false,false,12,2021-04-01,2022-03-31,0
2022-05-10,31670,2021-03-31,,9373000000,0.038,,,,,4104000000,-0.001,4127000000,0.002,3714000000,,-0.078,28.36,,,,,,99896000000,40381000000,0.404,308.33,40381000000,,,,,30.00,,,,139679977,8713335,130963743,false,false,12,2020-04-01,2021-03-31,-1
2022-05-10,31670,2023-03-31,,,,,,,,,,,,,,,,,,,,,,,,,,,,,,32.00,,,,,,,false,true,12,2022-04-01,2023-03-31,1
2022-07-28,31670,2023-03-31,1,51803000000,0.070,,,,,3355000000,0.040,3389000000,0.011,,1795000000,,13.72,,,,,,183065000000,79256000000,0.423,,77496000000,,,,,,,,,,,,true,false,3,2022-04-01,2022-06-30,0
2022-07-28,31670,2022-03-31,1,48396000000,0.073,,,,,3226000000,-0.147,3353000000,-0.125,,1870000000,,14.28,,,,,,,,,,,,,,,,,,,,,,true,false,3,2021-04-01,2021-06-30,-1
2022-07-28,31670,2023-03-31,1,223000000000,0.058,,,,,14500000000,-0.082,14300000000,-0.101,,8300000000,,63.43,,,,,,,,,,,,,,,,,,,,,,true,true,12,2022-04-01,2023-03-31,0
2022-07-28,31670,2022-03-31,1,,,,,,,,,,,,,,,,,,,,184473000000,78946000000,0.419,,77234000000,,,,,,,,,,,,true,false,12,2021-04-01,2022-03-31,-1
2022-07-28,31670,2022-03-31,1,,,,,,,,,,,,,,,,,,,,,,,,,,,,,32.00,,,,139679977,8819780,,false,false,12,2021-04-01,2022-03-31,-1
2022-07-28,31670,2023-03-31,1,,,,,,,,,,,,,,,,,,,,,,,,,,,,,32.00,,,,,,,false,true,12,2022-04-01,2023-03-31,0
2022-07-28,31670,2023-03-31,1,,,,,,,,,,,,,,,,,,,,,,,,,,,,,,,,,139679977,8819996,130860135,false,false,3,2022-04-01,2022-06-30,0
2022-07-28,31670,2022-03-31,1,,,,,,,,,,,,,,,,,,,,,,,,,,,,,,,,,,,130966607,false,false,3,2021-04-01,2021-06-30,-1
2022-12-14,31670,2023-03-31,2,104110000000,0.084,,,,,4253000000,-0.186,2432000000,-0.540,,147000000,,1.13,,,,,,180807000000,77859000000,0.421,,76051000000,,,,,,,,,,,,true,false,6,2022-04-01,2022-09-30,0
2022-12-14,31670,2022-03-31,2,96060000000,0.069,,,,,5223000000,-0.042,5284000000,-0.039,,2281000000,,17.42,,,,,,,,,,,,,,,,,,,,,,true,false,6,2021-04-01,2021-09-30,-1
2022-12-14,31670,2023-03-31,2,223000000000,0.058,,,,,14500000000,-0.082,14300000000,-0.101,,8300000000,,63.43,,,,,,,,,,,,,,,,,,,,,,true,true,12,2022-04-01,2023-03-31,0
2022-12-14,31670,2022-03-31,2,,,,,,,,,,,,,,,,,,,,184473000000,78946000000,0.419,,77234000000,,,,,,,,,,,,true,false,12,2021-04-01,2022-03-31,-1
2022-12-14,31670,2022-03-31,2,,,,,,,,,,,,,,,,,,,,,,,,,,,,,32.00,,,,139679977,8819780,,false,false,12,2021-04-01,2022-03-31,-1
2022-12-14,31670,2023-03-31,2,,,,,,,,,,,,,,,,,,,,,,,,,,,,,16.00,,,,,,,false,false,12,2022-04-01,2023-03-31,0
2022-12-14,31670,2023-03-31,2,,,,,,,,,,,,,,,,,,,,,,,,,,,,,32.00,,,,,,,false,true,12,2022-04-01,2023-03-31,0
2022-12-14,31670,2023-03-31,2,,,,,,,,,,,,,,,,,,,,,,,,,,,,,,,,,139679977,8785431,130871825,false,false,6,2022-04-01,2022-09-30,0
2022-12-14,31670,2022-03-31,2,,,,,,,,,,,,,,,,,,,,,,,,,,,,,,,,,,,130975162,false,false,6,2021-04-01,2021-09-30,-1
2023-02-02,31670,2023-03-31,3,164249000000,0.099,,,,,8466000000,-0.085,6705000000,-0.281,,2816000000,,21.52,,,,,,192091000000,78765000000,0.399,,76690000000,,,,,,,,,,,,true,false,9,2022-04-01,2022-12-31,0
2023-02-02,31670,2022-03-31,3,149420000000,0.069,,,,,9248000000,-0.066,9324000000,-0.061,,4634000000,,35.38,,,,,,,,,,,,,,,,,,,,,,true,false,9,2021-04-01,2021-12-31,-1
2023-02-02,31670,2023-03-31,3,223000000000,0.058,,,,,14500000000,-0.082,12600000000,-0.208,,6300000000,,48.12,,,,,,,,,,,,,,,,,,,,,,true,true,12,2022-04-01,2023-03-31,0
2023-02-02,31670,2022-03-31,3,,,,,,,,,,,,,,,,,,,,184473000000,78946000000,0.419,,77234000000,,,,,,,,,,,,true,false,12,2021-04-01,2022-03-31,-1
2023-02-02,31670,2022-03-31,3,,,,,,,,,,,,,,,,,,,,,,,,,,,,,32.00,,,,139679977,8819780,,false,false,12,2021-04-01,2022-03-31,-1
2023-02-02,31670,2023-03-31,3,,,,,,,,,,,,,,,,,,,,,,,,,,,,,16.00,,,,,,,false,false,12,2022-04-01,2023-03-31,0
2023-02-02,31670,2023-03-31,3,,,,,,,,,,,,,,,,,,,,,,,,,,,,,32.00,,,,,,,false,true,12,2022-04-01,2023-03-31,0
2023-02-02,31670,2023-03-31,3,,,,,,,,,,,,,,,,,,,,,,,,,,,,,,,,,139679977,8785536,130879419,false,false,9,2022-04-01,2022-12-31,0
2023-02-02,31670,2022-03-31,3,,,,,,,,,,,,,,,,,,,,,,,,,,,,,,,,,,,130980704,false,false,9,2021-04-01,2021-12-31,-1
2023-05-09,31670,2023-03-31,,230190000000,0.093,,,,,14919000000,-0.055,13289000000,-0.165,,6465000000,,49.41,,0.082,0.070,0.065,,193339000000,82304000000,0.415,614.09,80184000000,21193000000,-14152000000,-7459000000,4028000000,,0.648,,,,,,true,false,12,2022-04-01,2023-03-31,0
2023-05-09,31670,2022-03-31,,210691000000,0.071,,,,,15794000000,0.037,15907000000,0.039,,8969000000,,68.49,,0.118,0.088,0.075,,184473000000,78946000000,0.419,590.21,77234000000,20808000000,-14592000000,-6905000000,4447000000,,0.467,,,,,,true,false,12,2021-04-01,2022-03-31,-1
2023-05-09,31670,2024-03-31,,240000000000,0.043,,,,,15000000000,0.005,15000000000,0.129,,8500000000,,65.10,,,,,,,,,,,,,,,,0.492,,,,,,true,true,12,2023-04-01,2024-03-31,1
2023-05-09,31670,2023-03-31,,9751000000,-0.037,,,,,4490000000,-0.077,4590000000,-0.059,4220000000,,-0.141,32.25,,,,,,102682000000,41040000000,0.399,314.03,41003000000,,,,,32.00,,,,139679977,9105687,130865731,false,false,12,2022-04-01,2023-03-31,0
2023-05-09,31670,2022-03-31,,10127000000,0.080,,,,,4863000000,0.185,4877000000,0.182,4910000000,,0.322,37.50,,,,,,99149000000,41124000000,0.415,314.19,41115000000,,,,,32.00,,,,139679977,8819780,130971865,false,false,12,2021-04-01,2022-03-31,-1
2023-05-09,31670,2024-03-31,,,,,,,,,,,,,,,,,,,,,,,,,,,,,,32.00,,,,,,,false,true,12,2023-04-01,2024-03-31,1
2023-08-03,31670,2024-03-31,1,53971000000,0.042,,,,,2484000000,-0.260,2617000000,-0.228,,1338000000,,10.25,,,,,,188637000000,82117000000,0.424,,79960000000,,,,,,,,,,,,true,false,3,2023-04-01,2023-06-30,0
2023-08-03,31670,2023-03-31,1,51803000000,0.070,,,,,3355000000,0.040,3389000000,0.011,,1795000000,,13.72,,,,,,,,,,,,,,,,,,,,,,true,false,3,2022-04-01,2022-06-30,-1
2023-08-03,31670,2024-03-31,1,240000000000,0.043,,,,,15000000000,0.005,15000000000,0.129,,8500000000,,65.10,,,,,,,,,,,,,,,,,,,,,,true,true,12,2023-04-01,2024-03-31,0
2023-08-03,31670,2023-03-31,1,,,,,,,,,,,,,,,,,,,,193339000000,82304000000,0.415,,80184000000,,,,,,,,,,,,true,false,12,2022-04-01,2023-03-31,-1
2023-08-03,31670,2023-03-31,1,,,,,,,,,,,,,,,,,,,,,,,,,,,,,32.00,,,,139679977,9105687,,false,false,12,2022-04-01,2023-03-31,-1
2023-08-03,31670,2024-03-31,1,,,,,,,,,,,,,,,,,,,,,,,,,,,,,32.00,,,,,,,false,true,12,2023-04-01,2024-03-31,0
2023-08-03,31670,2024-03-31,1,,,,,,,,,,,,,,,,,,,,,,,,,,,,,,,,,139679977,9105857,130574271,false,false,3,2023-04-01,2023-06-30,0
2023-08-03,31670,2023-03-31,1,,,,,,,,,,,,,,,,,,,,,,,,,,,,,,,,,,,130860135,false,false,3,2022-04-01,2022-06-30,-1
2023-11-02,31670,2024-03-31,2,105226000000,0.011,,,,,4254000000,0.000,4355000000,0.791,,2219000000,,17.00,,,,,,190820000000,84800000000,0.433,,82608000000,,,,,,,,,,,,true,false,6,2023-04-01,2023-09-30,0
2023-11-02,31670,2023-03-31,2,104110000000,0.084,,,,,4253000000,-0.186,2432000000,-0.540,,147000000,,1.13,,,,,,,,,,,,,,,,,,,,,,true,false,6,2022-04-01,2022-09-30,-1
2023-11-02,31670,2024-03-31,2,240000000000,0.043,,,,,15000000000,0.005,15000000000,0.129,,8500000000,,65.10,,,,,,,,,,,,,,,,,,,,,,true,true,12,2023-04-01,2024-03-31,0
2023-11-02,31670,2023-03-31,2,,,,,,,,,,,,,,,,,,,,193339000000,82304000000,0.415,,80184000000,,,,,,,,,,,,true,false,12,2022-04-01,2023-03-31,-1
2023-11-02,31670,2023-03-31,2,,,,,,,,,,,,,,,,,,,,,,,,,,,,,32.00,,,,139679977,9105687,,false,false,12,2022-04-01,2023-03-31,-1
2023-11-02,31670,2024-03-31,2,,,,,,,,,,,,,,,,,,,,,,,,,,,,,16.00,,,,,,,false,false,12,2023-04-01,2024-03-31,0
2023-11-02,31670,2024-03-31,2,,,,,,,,,,,,,,,,,,,,,,,,,,,,,32.00,,,,,,,false,true,12,2023-04-01,2024-03-31,0
2023-11-02,31670,2024-03-31,2,,,,,,,,,,,,,,,,,,,,,,,,,,,,,,,,,139679977,9054519,130591637,false,false,6,2023-04-01,2023-09-30,0
2023-11-02,31670,2023-03-31,2,,,,,,,,,,,,,,,,,,,,,,,,,,,,,,,,,,,130871825,false,false,6,2022-04-01,2022-09-30,-1
2024-02-01,31670,2024-03-31,3,164676000000,0.003,,,,,8797000000,0.039,8968000000,0.338,,4934000000,,37.78,37.78,,,,,196419000000,84899000000,0.421,,82672000000,,,,,,,,,,,,true,false,9,2023-04-01,2023-12-31,0
2024-02-01,31670,2023-03-31,3,164249000000,0.099,,,,,8466000000,-0.085,6705000000,-0.281,,2816000000,,21.52,,,,,,,,,,,,,,,,,,,,,,true,false,9,2022-04-01,2022-12-31,-1
2024-02-01,31670,2024-03-31,3,240000000000,0.043,,,,,15000000000,0.005,15000000000,0.129,,8500000000,,65.10,,,,,,,,,,,,,,,,,,,,,,true,true,12,2023-04-01,2024-03-31,0
2024-02-01,31670,2023-03-31,3,,,,,,,,,,,,,,,,,,,,193339000000,82304000000,0.415,,80184000000,,,,,,,,,,,,true,false,12,2022-04-01,2023-03-31,-1
2024-02-01,31670,2023-03-31,3,,,,,,,,,,,,,,,,,,,,,,,,,,,,,32.00,,,,139679977,9105687,,false,false,12,2022-04-01,2023-03-31,-1
2024-02-01,31670,2024-03-31,3,,,,,,,,,,,,,,,,,,,,,,,,,,,,,16.00,,,,,,,false,false,12,2023-04-01,2024-03-31,0
2024-02-01,31670,2024-03-31,3,,,,,,,,,,,,,,,,,,,,,,,,,,,,,32.00,,,,,,,false,true,12,2023-04-01,2024-03-31,0
2024-02-01,31670,2024-03-31,3,,,,,,,,,,,,,,,,,,,,,,,,,,,,,,,,,139679977,9054371,130602941,false,false,9,2023-04-01,2023-12-31,0
2024-02-01,31670,2023-03-31,3,,,,,,,,,,,,,,,,,,,,,,,,,,,,,,,,,,,130879419,false,false,9,2022-04-01,2022-12-31,-1
2024-05-09,31670,2024-03-31,,231513000000,0.006,,,,,15511000000,0.040,15531000000,0.169,,8481000000,,64.94,64.93,0.100,0.078,0.067,,205301000000,91300000000,0.434,681.58,89034000000,30066000000,-18831000000,-9669000000,5604000000,,0.508,,,,,,true,false,12,2023-04-01,2024-03-31,0
2024-05-09,31670,2023-03-31,,230190000000,0.093,,,,,14919000000,-0.055,13289000000,-0.165,,6465000000,,49.41,,0.082,0.070,0.065,,193339000000,82304000000,0.415,614.09,80184000000,21193000000,-14152000000,-7459000000,4028000000,,0.648,,,,,,true,false,12,2022-04-01,2023-03-31,-1
2024-05-09,31670,2025-03-31,,244000000000,0.054,,,,,16000000000,0.032,16000000000,0.030,,9000000000,,68.90,,,,,,,,,,,,,,,,0.493,,,,,,true,true,12,2024-04-01,2025-03-31,1
2024-05-09,31670,2024-03-31,,9161000000,-0.060,,,,,3132000000,-0.302,3177000000,-0.308,3337000000,,-0.209,25.56,25.55,,,,,103010000000,40042000000,0.388,306.15,39992000000,,,,,33.00,,,,139679977,9051754,130608722,false,false,12,2023-04-01,2024-03-31,0
2024-05-09,31670,2023-03-31,,9751000000,-0.037,,,,,4490000000,-0.077,4590000000,-0.059,4220000000,,-0.141,32.25,,,,,,102682000000,41040000000,0.399,314.03,41003000000,,,,,32.00,,,,139679977,9105687,130865731,false,false,12,2022-04-01,2023-03-31,-1
2024-05-09,31670,2025-03-31,,,,,,,,,,,,,,,,,,,,,,,,,,,,,,34.00,,,,,,,false,true,12,2024-04-01,2025-03-31,1
2024-08-01,31670,2025-03-31,1,56205000000,0.041,,,,,3319000000,0.336,3441000000,0.315,,1872000000,,14.33,14.33,,,,,206246000000,92074000000,0.435,,89712000000,,,,,,,,,,,,true,false,3,2024-04-01,2024-06-30,0
2024-08-01,31670,2024-03-31,1,53971000000,0.042,,,,,2484000000,-0.260,2617000000,-0.228,,1338000000,,10.25,,,,,,,,,,,,,,,,,,,,,,true,false,3,2023-04-01,2023-06-30,-1
2024-08-01,31670,2025-03-31,1,244000000000,0.054,,,,,16000000000,0.032,16000000000,0.030,,9000000000,,68.90,,,,,,,,,,,,,,,,,,,,,,true,true,12,2024-04-01,2025-03-31,0
2024-08-01,31670,2024-03-31,1,,,,,,,,,,,,,,,,,,,,205301000000,91300000000,0.434,,89034000000,,,,,,,,,,,,true,false,12,2023-04-01,2024-03-31,-1
2024-08-01,31670,2024-03-31,1,,,,,,,,,,,,,,,,,,,,,,,,,,,,,33.00,,,,139679977,9051754,,false,false,12,2023-04-01,2024-03-31,-1
2024-08-01,31670,2025-03-31,1,,,,,,,,,,,,,,,,,,,,,,,,,,,,,34.00,,,,,,,false,true,12,2024-04-01,2025-03-31,0
2024-08-01,31670,2025-03-31,1,,,,,,,,,,,,,,,,,,,,,,,,,,,,,,,,,139679977,9050954,130628343,false,false,3,2024-04-01,2024-06-30,0
2024-08-01,31670,2024-03-31,1,,,,,,,,,,,,,,,,,,,,,,,,,,,,,,,,,,,130574271,false,false,3,2023-04-01,2023-06-30,-1
2024-08-08,31670,2025-03-31,1,56205000000,0.041,,,,,3319000000,0.336,3441000000,0.315,,1872000000,,14.33,14.33,,,,,206246000000,92074000000,0.435,,89712000000,,,,,,,,,,,,true,false,3,2024-04-01,2024-06-30,0
2024-08-08,31670,2024-03-31,1,53971000000,0.042,,,,,2484000000,-0.260,2617000000,-0.228,,1338000000,,10.25,,,,,,,,,,,,,,,,,,,,,,true,false,3,2023-04-01,2023-06-30,-1
2024-08-08,31670,2025-03-31,1,244000000000,0.054,,,,,16000000000,0.032,16000000000,0.030,,9000000000,,68.90,,,,,,,,,,,,,,,,,,,,,,true,true,12,2024-04-01,2025-03-31,0
2024-08-08,31670,2024-03-31,1,,,,,,,,,,,,,,,,,,,,205301000000,91300000000,0.434,,89034000000,,,,,,,,,,,,true,false,12,2023-04-01,2024-03-31,-1
2024-08-08,31670,2024-03-31,1,,,,,,,,,,,,,,,,,,,,,,,,,,,,,33.00,,,,139679977,9051754,,false,false,12,2023-04-01,2024-03-31,-1
2024-08-08,31670,2025-03-31,1,,,,,,,,,,,,,,,,,,,,,,,,,,,,,34.00,,,,,,,false,true,12,2024-04-01,2025-03-31,0
2024-08-08,31670,2025-03-31,1,,,,,,,,,,,,,,,,,,,,,,,,,,,,,,,,,139679977,9050954,130628343,false,false,3,2024-04-01,2024-06-30,0
2024-08-08,31670,2024-03-31,1,,,,,,,,,,,,,,,,,,,,,,,,,,,,,,,,,,,130574271,false,false,3,2023-04-01,2023-06-30,-1
2024-11-01,31670,2025-03-31,2,111088000000,0.056,,,,,4660000000,0.095,4882000000,0.121,,2390000000,,18.30,18.29,,,,,200043000000,91358000000,0.445,,88967000000,,,,,,,,,,,,true,false,6,2024-04-01,2024-09-30,0
2024-11-01,31670,2024-03-31,2,105226000000,0.011,,,,,4254000000,0.000,4355000000,0.791,,2219000000,,17.00,,,,,,,,,,,,,,,,,,,,,,true,false,6,2023-04-01,2023-09-30,-1
2024-11-01,31670,2025-03-31,2,244000000000,0.054,,,,,16000000000,0.032,16000000000,0.030,,9000000000,,68.90,,,,,,,,,,,,,,,,,,,,,,true,true,12,2024-04-01,2025-03-31,0
2024-11-01,31670,2024-03-31,2,,,,,,,,,,,,,,,,,,,,205301000000,91300000000,0.434,,89034000000,,,,,,,,,,,,true,false,12,2023-04-01,2024-03-31,-1
2024-11-01,31670,2024-03-31,2,,,,,,,,,,,,,,,,,,,,,,,,,,,,,33.00,,,,139679977,9051754,,false,false,12,2023-04-01,2024-03-31,-1
2024-11-01,31670,2025-03-31,2,,,,,,,,,,,,,,,,,,,,,,,,,,,,,17.00,,,,,,,false,false,12,2024-04-01,2025-03-31,0
2024-11-01,31670,2025-03-31,2,,,,,,,,,,,,,,,,,,,,,,,,,,,,,34.00,,,,,,,false,true,12,2024-04-01,2025-03-31,0
2024-11-01,31670,2025-03-31,2,,,,,,,,,,,,,,,,,,,,,,,,,,,,,,,,,139679977,9039945,130632295,false,false,6,2024-04-01,2024-09-30,0
2024-11-01,31670,2024-03-31,2,,,,,,,,,,,,,,,,,,,,,,,,,,,,,,,,,,,130591637,false,false,6,2023-04-01,2023-09-30,-1
2025-02-04,31670,2025-03-31,3,173179000000,0.052,,,,,9711000000,0.104,10136000000,0.130,,5644000000,,43.21,43.19,,,,,209881000000,92424000000,0.429,,89995000000,,,,,,,,,,,,true,false,9,2024-04-01,2024-12-31,0
2025-02-04,31670,2024-03-31,3,164676000000,0.003,,,,,8797000000,0.039,8968000000,0.338,,4934000000,,37.78,37.78,,,,,,,,,,,,,,,,,,,,,true,false,9,2023-04-01,2023-12-31,-1
2025-02-04,31670,2025-03-31,3,244000000000,0.054,,,,,16000000000,0.032,16000000000,0.030,,9000000000,,68.90,,,,,,,,,,,,,,,,,,,,,,true,true,12,2024-04-01,2025-03-31,0
2025-02-04,31670,2024-03-31,3,,,,,,,,,,,,,,,,,,,,205301000000,91300000000,0.434,,89034000000,,,,,,,,,,,,true,false,12,2023-04-01,2024-03-31,-1
2025-02-04,31670,2024-03-31,3,,,,,,,,,,,,,,,,,,,,,,,,,,,,,33.00,,,,139679977,9051754,,false,false,12,2023-04-01,2024-03-31,-1
2025-02-04,31670,2025-03-31,3,,,,,,,,,,,,,,,,,,,,,,,,,,,,,17.00,,,,,,,false,false,12,2024-04-01,2025-03-31,0
2025-02-04,31670,2025-03-31,3,,,,,,,,,,,,,,,,,,,,,,,,,,,,,34.00,,,,,,,false,true,12,2024-04-01,2025-03-31,0
2025-02-04,31670,2025-03-31,3,,,,,,,,,,,,,,,,,,,,,,,,,,,,,,,,,139679977,9040025,130634880,false,false,9,2024-04-01,2024-12-31,0
2025-02-04,31670,2024-03-31,3,,,,,,,,,,,,,,,,,,,,,,,,,,,,,,,,,,,130602941,false,false,9,2023-04-01,2023-12-31,-1
2025-02-12,31670,2025-03-31,3,173179000000,0.052,,,,,9711000000,0.104,10136000000,0.130,,5644000000,,43.21,43.19,,,,,209881000000,92424000000,0.429,,89995000000,,,,,,,,,,,,true,false,9,2024-04-01,2024-12-31,0
2025-02-12,31670,2024-03-31,3,164676000000,0.003,,,,,8797000000,0.039,8968000000,0.338,,4934000000,,37.78,37.78,,,,,,,,,,,,,,,,,,,,,true,false,9,2023-04-01,2023-12-31,-1
2025-02-12,31670,2025-03-31,3,244000000000,0.054,,,,,16000000000,0.032,16000000000,0.030,,9000000000,,68.90,,,,,,,,,,,,,,,,,,,,,,true,true,12,2024-04-01,2025-03-31,0
2025-02-12,31670,2024-03-31,3,,,,,,,,,,,,,,,,,,,,205301000000,91300000000,0.434,,89034000000,,,,,,,,,,,,true,false,12,2023-04-01,2024-03-31,-1
2025-02-12,31670,2024-03-31,3,,,,,,,,,,,,,,,,,,,,,,,,,,,,,33.00,,,,139679977,9051754,,false,false,12,2023-04-01,2024-03-31,-1
2025-02-12,31670,2025-03-31,3,,,,,,,,,,,,,,,,,,,,,,,,,,,,,17.00,,,,,,,false,false,12,2024-04-01,2025-03-31,0
2025-02-12,31670,2025-03-31,3,,,,,,,,,,,,,,,,,,,,,,,,,,,,,34.00,,,,,,,false,true,12,2024-04-01,2025-03-31,0
2025-02-12,31670,2025-03-31,3,,,,,,,,,,,,,,,,,,,,,,,,,,,,,,,,,139679977,9040025,130634880,false,false,9,2024-04-01,2024-12-31,0
2025-02-12,31670,2024-03-31,3,,,,,,,,,,,,,,,,,,,,,,,,,,,,,,,,,,,130602941,false,false,9,2023-04-01,2023-12-31,-1
2025-05-08,31670,2025-03-31,,243482000000,0.052,,,,,16841000000,0.086,17370000000,0.118,,9216000000,,70.55,70.53,0.101,0.083,0.069,,211114000000,95855000000,0.443,715.10,93420000000,25769000000,-15385000000,-10534000000,5463000000,,0.482,,,,,,true,false,12,2024-04-01,2025-03-31,0
2025-05-08,31670,2024-03-31,,231513000000,0.006,,,,,15511000000,0.040,15531000000,0.169,,8481000000,,64.94,64.93,0.100,0.078,0.067,,205301000000,91300000000,0.434,681.58,89034000000,30066000000,-18831000000,-9669000000,5604000000,,0.508,,,,,,true,false,12,2023-04-01,2024-03-31,-1
2025-05-08,31670,2026-03-31,,253000000000,0.039,,,,,17500000000,0.039,17500000000,0.007,,10000000000,,76.55,,,,,,,,,,,,,,,,0.444,,,,,,true,true,12,2025-04-01,2026-03-31,1
2025-05-08,31670,2025-03-31,,9735000000,0.063,,,,,4022000000,0.284,4112000000,0.294,3978000000,,0.192,30.45,30.44,,,,,104659000000,39729000000,0.379,303.75,39681000000,,,,,34.00,,,,139679977,9040187,130636112,false,false,12,2024-04-01,2025-03-31,0
2025-05-08,31670,2024-03-31,,9161000000,-0.060,,,,,3132000000,-0.302,3177000000,-0.308,3337000000,,-0.209,25.56,25.55,,,,,103010000000,40042000000,0.388,306.15,39992000000,,,,,33.00,,,,139679977,9051754,130608722,false,false,12,2023-04-01,2024-03-31,-1
2025-05-08,31670,2026-03-31,,,,,,,,,,,,,,,,,,,,,,,,,,,,,,34.00,,,,,,,false,true,12,2025-04-01,2026-03-31,1
