filing_date,code,fiscal_year_end,quarterly_period,net_sales,net_sales_change,revenue,revenue_change,operating_revenue,operating_revenue_change,operating_profit,operating_profit_change,ordinary_profit,ordinary_profit_change,net_income,net_income_of_parent,net_income_change,eps,diluted_eps,roe,roa,operating_profit_to_net_sales,operating_profit_to_revenue,total_assets,net_assets,equity_ratio,bps,owner_equity,operating_cash_flow,investing_cash_flow,financing_cash_flow,cash,dividend_per_share,payout_ratio,commemorative_dividend,extra_dividend,number_of_shares,number_of_treqsury_shares,avg_number_of_shares,is_consolidated,is_forecast,duration,period_start,period_end,period_pos
2015-05-08,31900,2015-03-31,,21036000000,-0.075,,,,,342000000,-0.632,403000000,-0.581,101000000,,-0.793,13.93,,0.018,0.028,0.016,,14210000000,5777000000,0.407,794.15,5777000000,-93000000,-419000000,-964000000,533000000,10.00,0.718,,,7275500,,7275500,false,false,12,2014-04-01,2015-03-31,0
2015-05-08,31900,2014-03-31,,22737000000,-0.008,,,,,930000000,-0.089,964000000,-0.082,489000000,,-0.151,93.14,,0.098,0.067,0.041,,15131000000,5705000000,0.377,784.25,5705000000,885000000,-277000000,423000000,2010000000,10.00,0.107,,,7275500,,5251062,false,false,12,2013-04-01,2014-03-31,-1
2015-05-08,31900,2016-03-31,,9420000000,0.067,,,,,-450000000,,-440000000,,-330000000,,,-45.36,,,,,,,,,,,,,,,,,,,,,,false,true,6,2015-04-01,2015-09-30,1
2015-05-08,31900,2016-03-31,,22630000000,0.076,,,,,410000000,0.197,430000000,0.065,210000000,,1.072,28.86,,,,,,,,,,,,,,,10.00,0.347,,,,,,false,true,12,2015-04-01,2016-03-31,1
2015-07-30,31900,2016-03-31,1,4751000000,0.037,,,,,6000000,,21000000,,-24000000,,,-3.34,,,,,,13806000000,5679000000,0.411,780.61,5679000000,,,,,,,,,7275500,,7275500,false,false,3,2015-04-01,2015-06-30,0
2015-07-30,31900,2015-03-31,1,4581000000,,,,,,-91000000,,-77000000,,-63000000,,,-8.67,,,,,,,,,,,,,,,,,,,,,7275500,false,false,3,2014-04-01,2014-06-30,-1
2015-07-30,31900,2016-03-31,1,9420000000,0.067,,,,,-450000000,,-440000000,,-330000000,,,-45.36,,,,,,,,,,,,,,,,,,,,,,false,true,6,2015-04-01,2015-09-30,0
2015-07-30,31900,2016-03-31,1,22630000000,0.076,,,,,410000000,0.197,430000000,0.065,210000000,,1.072,28.86,,,,,,,,,,,,,,,10.00,,,,,,,false,true,12,2015-04-01,2016-03-31,0
2015-07-30,31900,2015-03-31,1,,,,,,,,,,,,,,,,,,,,14210000000,5777000000,0.407,794.15,5777000000,,,,,10.00,,,,7275500,,,false,false,12,2014-04-01,2015-03-31,-1
2015-10-30,31900,2016-03-31,2,8966000000,0.016,,,,,-353000000,,-318000000,,-258000000,,,-35.50,,,,,,14282000000,5449000000,0.382,748.96,5449000000,,,,,,,,,7275500,,7275500,false,false,6,2015-04-01,2015-09-30,0
2015-10-30,31900,2015-03-31,2,8825000000,,,,,,-501000000,,-476000000,,-396000000,,,-54.44,,,,,,,,,,,,,,,,,,,,,7275500,false,false,6,2014-04-01,2014-09-30,-1
2015-10-30,31900,2016-03-31,2,22630000000,0.076,,,,,410000000,0.197,430000000,0.065,210000000,,1.072,28.86,,,,,,,,,,,,,,,10.00,,,,,,,false,true,12,2015-04-01,2016-03-31,0
2015-10-30,31900,2015-03-31,2,,,,,,,,,,,,,,,,,,,,14210000000,5777000000,0.407,794.15,5777000000,,,,,10.00,,,,7275500,,,false,false,12,2014-04-01,2015-03-31,-1
2015-10-30,31900,2016-03-31,2,,,,,,,,,,,,,,,,,,,,,,,,,,,,,0.00,,,,,,,false,false,12,2015-04-01,2016-03-31,0
2016-01-22,31900,2016-03-31,,22618000000,,,,,,299000000,,374000000,,,173000000,,23.81,,,,,,,,,,,,,,,,,,,,,,true,true,12,2015-04-01,2016-03-31,0
2016-01-29,31900,2016-03-31,3,16221000000,-0.027,,,,,372000000,-0.172,435000000,-0.110,236000000,,0.078,32.52,,,,,,16234000000,5936000000,0.366,815.98,5936000000,,,,,,,,,7275500,,7275500,false,false,9,2015-04-01,2015-12-31,0
2016-01-29,31900,2015-03-31,3,16671000000,-0.041,,,,,449000000,-0.406,489000000,-0.379,219000000,,-0.473,30.16,,,,,,,,,,,,,,,,,,,,,7275500,false,false,9,2014-04-01,2014-12-31,-1
2016-01-29,31900,2016-03-31,3,22630000000,0.076,,,,,410000000,0.197,430000000,0.065,210000000,,1.072,28.86,,,,,,,,,,,,,,,10.00,,,,,,,false,true,12,2015-04-01,2016-03-31,0
2016-01-29,31900,2015-03-31,3,,,,,,,,,,,,,,,,,,,,14210000000,5777000000,0.407,794.15,5777000000,,,,,10.00,,,,7275500,,,false,false,12,2014-04-01,2015-03-31,-1
2016-01-29,31900,2016-03-31,3,,,,,,,,,,,,,,,,,,,,,,,,,,,,,0.00,,,,,,,false,false,12,2015-04-01,2016-03-31,0
2016-05-10,31900,2016-03-31,,20769000000,,,,,,225000000,,369000000,,,204000000,,28.04,,0.035,0.025,0.011,,14729000000,5842000000,0.397,803.09,5842000000,817000000,-652000000,74000000,772000000,,0.357,,,,,,true,false,12,2015-04-01,2016-03-31,0
2016-05-10,31900,2017-03-31,,9120000000,,,,,,-322000000,,-292000000,,,-239000000,,-32.90,,,,,,,,,,,,,,,,,,,,,,true,true,6,2016-04-01,2016-09-30,1
2016-05-10,31900,2017-03-31,,21058000000,0.014,,,,,359000000,0.597,439000000,0.189,,162000000,,22.31,,,,,,,,,,,,,,,,0.448,,,,,,true,true,12,2016-04-01,2017-03-31,1
2016-05-10,31900,2016-03-31,,20792000000,-0.012,,,,,296000000,-0.133,380000000,-0.058,212000000,,1.095,29.19,,,,,,14621000000,5879000000,0.402,808.14,5879000000,,,,,10.00,,,,7275500,,7275500,false,false,12,2015-04-01,2016-03-31,0
2016-05-10,31900,2015-03-31,,21036000000,-0.075,,,,,342000000,-0.632,403000000,-0.581,101000000,,-0.793,13.93,,,,,,14210000000,5777000000,0.407,794.15,5777000000,,,,,10.00,,,,7275500,,7275500,false,false,12,2014-04-01,2015-03-31,-1
2016-05-10,31900,2017-03-31,,,,,,,,,,,,,,,,,,,,,,,,,,,,,,10.00,,,,,,,false,true,12,2016-04-01,2017-03-31,1
2016-07-29,31900,2017-03-31,1,4707000000,,,,,,-20000000,,-8000000,,,-22000000,,-3.08,,,,,,14009000000,5724000000,0.409,791.98,5724000000,,,,,,,,,,,,true,false,3,2016-04-01,2016-06-30,0
2016-07-29,31900,2017-03-31,1,9120000000,,,,,,-322000000,,-292000000,,,-239000000,,-32.90,,,,,,,,,,,,,,,,,,,,,,true,true,6,2016-04-01,2016-09-30,0
2016-07-29,31900,2017-03-31,1,21058000000,0.014,,,,,359000000,0.597,439000000,0.189,,162000000,,22.31,,,,,,,,,,,,,,,,,,,,,,true,true,12,2016-04-01,2017-03-31,0
2016-07-29,31900,2016-03-31,1,,,,,,,,,,,,,,,,,,,,14729000000,5842000000,0.397,803.09,5842000000,,,,,,,,,,,,true,false,12,2015-04-01,2016-03-31,-1
2016-07-29,31900,2016-03-31,1,,,,,,,,,,,,,,,,,,,,,,,,,,,,,10.00,,,,7275500,,,false,false,12,2015-04-01,2016-03-31,-1
2016-07-29,31900,2017-03-31,1,,,,,,,,,,,,,,,,,,,,,,,,,,,,,10.00,,,,,,,false,true,12,2016-04-01,2017-03-31,0
2016-07-29,31900,2017-03-31,1,,,,,,,,,,,,,,,,,,,,,,,,,,,,,,,,,7275500,46600,7231700,false,false,3,2016-04-01,2016-06-30,0
2016-07-29,31900,2016-03-31,1,,,,,,,,,,,,,,,,,,,,,,,,,,,,,,,,,,,7275500,false,false,3,2015-04-01,2015-06-30,-1
2016-10-31,31900,2017-03-31,2,8716000000,,,,,,-382000000,,-360000000,,,-283000000,,-39.36,,,,,,14487000000,5373000000,0.371,761.58,5373000000,,,,,,,,,,,,true,false,6,2016-04-01,2016-09-30,0
2016-10-31,31900,2017-03-31,2,21058000000,0.014,,,,,359000000,0.597,439000000,0.189,,162000000,,22.31,,,,,,,,,,,,,,,,,,,,,,true,true,12,2016-04-01,2017-03-31,0
2016-10-31,31900,2016-03-31,2,,,,,,,,,,,,,,,,,,,,14729000000,5842000000,0.397,803.09,5842000000,,,,,,,,,,,,true,false,12,2015-04-01,2016-03-31,-1
2016-10-31,31900,2016-03-31,2,,,,,,,,,,,,,,,,,,,,,,,,,,,,,10.00,,,,7275500,,,false,false,12,2015-04-01,2016-03-31,-1
2016-10-31,31900,2017-03-31,2,,,,,,,,,,,,,,,,,,,,,,,,,,,,,0.00,,,,,,,false,false,12,2016-04-01,2017-03-31,0
2016-10-31,31900,2017-03-31,2,,,,,,,,,,,,,,,,,,,,,,,,,,,,,10.00,,,,,,,false,true,12,2016-04-01,2017-03-31,0
2016-10-31,31900,2017-03-31,2,,,,,,,,,,,,,,,,,,,,,,,,,,,,,,,,,7275500,220000,7206858,false,false,6,2016-04-01,2016-09-30,0
2016-10-31,31900,2016-03-31,2,,,,,,,,,,,,,,,,,,,,,,,,,,,,,,,,,,,7275500,false,false,6,2015-04-01,2015-09-30,-1
2016-11-30,31900,2017-03-31,,20800000000,,,,,,,,460000000,,170000000,,,23.84,,,,,,,,,,,,,,,,,,,,,,false,true,12,2016-04-01,2017-03-31,0
2016-11-30,31900,2016-03-31,,20845000000,,,,,,,,380000000,,212000000,,,29.19,,,,,,,,,,,,,,,,,,,,,,false,false,12,2015-04-01,2016-03-31,-1
2017-01-31,31900,2017-03-31,3,15905000000,-0.022,,,,,378000000,-0.019,434000000,-0.003,213000000,,-0.098,29.83,,,,,,15108000000,5941000000,0.393,842.15,5941000000,,,,,,,,,7275500,220000,7156222,false,false,9,2016-04-01,2016-12-31,0
2017-01-31,31900,2016-03-31,3,16261000000,-0.027,,,,,385000000,-0.167,435000000,-0.110,236000000,,0.078,32.52,,,,,,,,,,,,,,,,,,,,,7275500,false,false,9,2015-04-01,2015-12-31,-1
2017-01-31,31900,2017-03-31,3,20800000000,-0.002,,,,,420000000,0.332,460000000,0.210,170000000,,-0.199,23.84,,,,,,,,,,,,,,,10.00,,,,,,,false,true,12,2016-04-01,2017-03-31,0
2017-01-31,31900,2016-03-31,3,,,,,,,,,,,,,,,,,,,,14621000000,5879000000,0.402,808.14,5879000000,,,,,10.00,,,,7275500,,,false,false,12,2015-04-01,2016-03-31,-1
2017-01-31,31900,2017-03-31,3,,,,,,,,,,,,,,,,,,,,,,,,,,,,,0.00,,,,,,,false,false,12,2016-04-01,2017-03-31,0
2017-04-24,31900,2017-03-31,,20061000000,-0.036,,,,,191000000,-0.545,262000000,-0.430,80000000,,-0.529,11.22,,,,,,,,,,,,,,,,,,,,,,false,true,12,2016-04-01,2017-03-31,0
2017-04-24,31900,2016-03-31,,20845000000,,,,,,315000000,,380000000,,212000000,,,29.19,,,,,,,,,,,,,,,,,,,,,,false,false,12,2015-04-01,2016-03-31,-1
2017-05-09,31900,2017-03-31,,20061000000,-0.038,,,,,191000000,-0.393,262000000,-0.310,83000000,,-0.608,11.66,,0.014,0.037,0.010,,14100000000,5807000000,0.412,823.16,5807000000,886000000,-323000000,-695000000,628000000,10.00,0.857,,,7275500,220000,7131386,false,false,12,2016-04-01,2017-03-31,0
2017-05-09,31900,2016-03-31,,20845000000,,,,,,315000000,,380000000,-0.058,212000000,,1.095,29.19,,0.036,0.026,0.015,,14621000000,5879000000,0.402,808.14,5879000000,,,,,10.00,0.343,,,7275500,,7275500,false,false,12,2015-04-01,2016-03-31,-1
2017-05-09,31900,2018-03-31,,8720000000,0.011,,,,,-350000000,,-330000000,,-240000000,,,-34.02,,,,,,,,,,,,,,,,,,,,,,false,true,6,2017-04-01,2017-09-30,1
2017-05-09,31900,2018-03-31,,20170000000,0.005,,,,,220000000,0.149,270000000,0.029,130000000,,0.563,18.43,,,,,,,,,,,,,,,10.00,0.543,,,,,,false,true,12,2017-04-01,2018-03-31,1
2017-07-31,31900,2018-03-31,1,4899000000,,,,,,194000000,,213000000,,136000000,,,19.39,,,,,,13835000000,5886000000,0.425,834.24,5886000000,,,,,,,,,7275500,220000,7055500,false,false,3,2017-04-01,2017-06-30,0
2017-07-31,31900,2018-03-31,1,8720000000,0.011,,,,,-350000000,,-330000000,,-240000000,,,-34.02,,,,,,,,,,,,,,,,,,,,,,false,true,6,2017-04-01,2017-09-30,0
2017-07-31,31900,2018-03-31,1,20170000000,0.005,,,,,220000000,0.149,270000000,0.029,130000000,,0.563,18.43,,,,,,,,,,,,,,,10.00,,,,,,,false,true,12,2017-04-01,2018-03-31,0
2017-07-31,31900,2017-03-31,1,,,,,,,,,,,,,,,,,,,,14100000000,5807000000,0.412,823.16,5807000000,,,,,10.00,,,,7275500,220000,,false,false,12,2016-04-01,2017-03-31,-1
2017-07-31,31900,2017-03-31,1,,,,,,,,,,,,,,,,,,,,,,,,,,,,,,,,,,,7131386,false,false,3,2016-04-01,2016-06-30,-1
2017-10-19,31900,2018-03-31,,9074000000,0.041,,,,,-22000000,,13000000,,-14000000,,,-2.02,,,,,,,,,,,,,,,,,,,,,,false,true,6,2017-04-01,2017-09-30,0
2017-10-19,31900,2017-03-31,,8626000000,,,,,,-353000000,,-331000000,,-254000000,,,-35.36,,,,,,,,,,,,,,,,,,,,,,false,false,6,2016-04-01,2016-09-30,-1
2017-10-19,31900,2018-03-31,,20510000000,0.017,,,,,480000000,1.182,530000000,0.963,200000000,,0.538,28.35,,,,,,,,,,,,,,,,,,,,,,false,true,12,2017-04-01,2018-03-31,0
2017-10-19,31900,2017-03-31,,20061000000,,,,,,191000000,,262000000,,83000000,,,11.66,,,,,,,,,,,,,,,,,,,,,,false,false,12,2016-04-01,2017-03-31,-1
2017-10-31,31900,2018-03-31,2,9074000000,,,,,,-22000000,,13000000,,-14000000,,,-2.02,,,,,,14367000000,5763000000,0.401,816.90,5763000000,,,,,,,,,7275500,220000,7055500,false,false,6,2017-04-01,2017-09-30,0
2017-10-31,31900,2018-03-31,2,20510000000,0.022,,,,,480000000,1.508,530000000,1.020,200000000,,1.404,28.35,,,,,,,,,,,,,,,10.00,,,,,,,false,true,12,2017-04-01,2018-03-31,0
2017-10-31,31900,2017-03-31,2,,,,,,,,,,,,,,,,,,,,14100000000,5807000000,0.412,823.16,5807000000,,,,,10.00,,,,7275500,220000,,false,false,12,2016-04-01,2017-03-31,-1
2017-10-31,31900,2018-03-31,2,,,,,,,,,,,,,,,,,,,,,,,,,,,,,0.00,,,,,,,false,false,12,2017-04-01,2018-03-31,0
2017-10-31,31900,2017-03-31,2,,,,,,,,,,,,,,,,,,,,,,,,,,,,,,,,,,,7206858,false,false,6,2016-04-01,2016-09-30,-1
2018-01-31,31900,2018-03-31,3,16460000000,0.035,,,,,726000000,0.918,781000000,0.799,509000000,,1.384,72.15,,,,,,15464000000,6302000000,0.408,893.23,6302000000,,,,,,,,,7275500,220000,7055500,false,false,9,2017-04-01,2017-12-31,0
2018-01-31,31900,2017-03-31,3,15905000000,-0.022,,,,,378000000,-0.019,434000000,-0.003,213000000,,-0.098,29.83,,,,,,,,,,,,,,,,,,,,,7156222,false,false,9,2016-04-01,2016-12-31,-1
2018-01-31,31900,2018-03-31,3,20510000000,0.022,,,,,480000000,1.508,530000000,1.020,200000000,,1.404,28.35,,,,,,,,,,,,,,,10.00,,,,,,,false,true,12,2017-04-01,2018-03-31,0
2018-01-31,31900,2017-03-31,3,,,,,,,,,,,,,,,,,,,,14100000000,5807000000,0.412,823.16,5807000000,,,,,10.00,,,,7275500,220000,,false,false,12,2016-04-01,2017-03-31,-1
2018-01-31,31900,2018-03-31,3,,,,,,,,,,,,,,,,,,,,,,,,,,,,,0.00,,,,,,,false,false,12,2017-04-01,2018-03-31,0
2018-05-07,31900,2018-03-31,,21087000000,0.028,,,,,607000000,0.265,681000000,0.285,298000000,,0.493,42.31,,,,,,,,,,,,,,,,,,,,,,false,true,12,2017-04-01,2018-03-31,0
2018-05-07,31900,2017-03-31,,20061000000,,,,,,191000000,,262000000,,83000000,,,11.66,,,,,,,,,,,,,,,,,,,,,,false,false,12,2016-04-01,2017-03-31,-1
2018-05-09,31900,2018-03-31,,21087000000,0.051,,,,,607000000,2.172,681000000,1.596,298000000,,2.588,42.31,,0.050,0.048,0.029,,14569000000,6071000000,0.417,860.59,6071000000,1346000000,-170000000,-338000000,1465000000,10.00,0.236,,,7275500,220000,7055500,false,false,12,2017-04-01,2018-03-31,0
2018-05-09,31900,2017-03-31,,20061000000,-0.038,,,,,191000000,-0.393,262000000,-0.310,83000000,,-0.608,11.66,,0.014,0.018,0.010,,14100000000,5807000000,0.412,823.16,5807000000,886000000,-323000000,-695000000,628000000,10.00,0.857,,,7275500,220000,7131386,false,false,12,2016-04-01,2017-03-31,-1
2018-05-09,31900,2019-03-31,,9100000000,0.003,,,,,0,,30000000,1.244,1000000,,,0.14,,,,,,,,,,,,,,,,,,,,,,false,true,6,2018-04-01,2018-09-30,1
2018-05-09,31900,2019-03-31,,21100000000,0.001,,,,,630000000,0.038,700000000,0.028,320000000,,0.072,45.35,,,,,,,,,,,,,,,10.00,0.220,,,,,,false,true,12,2018-04-01,2019-03-31,1
2018-07-30,31900,2019-03-31,1,4769000000,-0.027,,,,,94000000,-0.515,112000000,-0.474,66000000,,-0.514,9.43,,,,,,13674000000,6071000000,0.444,860.58,6071000000,,,,,,,,,7275500,220000,7055500,false,false,3,2018-04-01,2018-06-30,0
2018-07-30,31900,2018-03-31,1,4899000000,,,,,,194000000,,213000000,,136000000,,,19.39,,,,,,,,,,,,,,,,,,,,,7055500,false,false,3,2017-04-01,2017-06-30,-1
2018-07-30,31900,2019-03-31,1,9100000000,0.003,,,,,0,,30000000,1.244,1000000,,,0.14,,,,,,,,,,,,,,,,,,,,,,false,true,6,2018-04-01,2018-09-30,0
2018-07-30,31900,2019-03-31,1,21100000000,0.001,,,,,630000000,0.038,700000000,0.028,320000000,,0.072,45.35,,,,,,,,,,,,,,,10.00,,,,,,,false,true,12,2018-04-01,2019-03-31,0
2018-07-30,31900,2018-03-31,1,,,,,,,,,,,,,,,,,,,,14569000000,6071000000,0.417,860.59,6071000000,,,,,10.00,,,,7275500,220000,,false,false,12,2017-04-01,2018-03-31,-1
2018-10-31,31900,2019-03-31,2,8956000000,-0.013,,,,,-21000000,,11000000,-0.115,-17000000,,,-2.49,,,,,,14794000000,5979000000,0.404,847.48,5979000000,,,,,,,,,7275500,220000,7055500,false,false,6,2018-04-01,2018-09-30,0
2018-10-31,31900,2018-03-31,2,9074000000,,,,,,-22000000,,13000000,,-14000000,,,-2.02,,,,,,,,,,,,,,,,,,,,,7055500,false,false,6,2017-04-01,2017-09-30,-1
2018-10-31,31900,2019-03-31,2,21100000000,0.001,,,,,630000000,0.038,700000000,0.028,320000000,,0.072,45.35,,,,,,,,,,,,,,,10.00,,,,,,,false,true,12,2018-04-01,2019-03-31,0
2018-10-31,31900,2018-03-31,2,,,,,,,,,,,,,,,,,,,,14569000000,6071000000,0.417,860.59,6071000000,,,,,10.00,,,,7275500,220000,,false,false,12,2017-04-01,2018-03-31,-1
2018-10-31,31900,2019-03-31,2,,,,,,,,,,,,,,,,,,,,,,,,,,,,,0.00,,,,,,,false,false,12,2018-04-01,2019-03-31,0
2019-01-31,31900,2019-03-31,3,16613000000,0.009,,,,,854000000,0.177,911000000,0.167,599000000,,0.177,84.94,,,,,,15415000000,6554000000,0.425,928.94,6554000000,,,,,,,,,7275500,220000,7055500,false,false,9,2018-04-01,2018-12-31,0
2019-01-31,31900,2018-03-31,3,16460000000,0.035,,,,,726000000,0.918,781000000,0.799,509000000,,1.384,72.15,,,,,,,,,,,,,,,,,,,,,7055500,false,false,9,2017-04-01,2017-12-31,-1
2019-01-31,31900,2019-03-31,3,21100000000,0.001,,,,,630000000,0.038,700000000,0.028,320000000,,0.072,45.35,,,,,,,,,,,,,,,10.00,,,,,,,false,true,12,2018-04-01,2019-03-31,0
2019-01-31,31900,2018-03-31,3,,,,,,,,,,,,,,,,,,,,14569000000,6071000000,0.417,860.59,6071000000,,,,,10.00,,,,7275500,220000,,false,false,12,2017-04-01,2018-03-31,-1
2019-01-31,31900,2019-03-31,3,,,,,,,,,,,,,,,,,,,,,,,,,,,,,0.00,,,,,,,false,false,12,2018-04-01,2019-03-31,0
2019-05-09,31900,2019-03-31,,21041000000,-0.002,,,,,659000000,0.086,732000000,0.076,376000000,,0.260,53.33,,0.061,0.051,0.031,,14063000000,6343000000,0.451,899.03,6343000000,585000000,-246000000,-936000000,868000000,10.00,0.188,,,7275500,22000,7055500,false,false,12,2018-04-01,2019-03-31,0
2019-05-09,31900,2018-03-31,,21087000000,0.051,,,,,607000000,2.172,681000000,1.596,298000000,,2.588,42.31,,0.050,0.048,0.029,,14569000000,6071000000,0.417,860.59,6071000000,1346000000,-170000000,-338000000,1465000000,10.00,0.236,,,7275500,220000,7055500,false,false,12,2017-04-01,2018-03-31,-1
2019-05-09,31900,2020-03-31,,9090000000,0.015,,,,,-1000000,,26000000,1.197,-10000000,,,-1.42,,,,,,,,,,,,,,,,,,,,,,false,true,6,2019-04-01,2019-09-30,1
2019-05-09,31900,2020-03-31,,21200000000,0.008,,,,,670000000,0.016,740000000,0.010,400000000,,0.063,56.69,,,,,,,,,,,,,,,10.00,0.176,,,,,,false,true,12,2019-04-01,2020-03-31,1
2019-05-09,31900,2019-03-31,,21041000000,-0.002,,,,,659000000,0.086,732000000,0.076,376000000,,0.260,53.33,,0.061,0.051,0.031,,14063000000,6343000000,0.451,899.03,6343000000,585000000,-246000000,-936000000,868000000,10.00,0.188,,,7275500,220000,7055500,false,false,12,2018-04-01,2019-03-31,0
2019-05-09,31900,2018-03-31,,21087000000,0.051,,,,,607000000,2.172,681000000,1.596,298000000,,2.588,42.31,,0.050,0.048,0.029,,14569000000,6071000000,0.417,860.59,6071000000,1346000000,-170000000,-338000000,1465000000,10.00,0.236,,,7275500,220000,7055500,false,false,12,2017-04-01,2018-03-31,-1
2019-05-09,31900,2020-03-31,,9090000000,0.015,,,,,-1000000,,26000000,1.197,-10000000,,,-1.42,,,,,,,,,,,,,,,,,,,,,,false,true,6,2019-04-01,2019-09-30,1
2019-05-09,31900,2020-03-31,,21200000000,0.008,,,,,670000000,0.016,740000000,0.010,400000000,,0.063,56.69,,,,,,,,,,,,,,,10.00,0.176,,,,,,false,true,12,2019-04-01,2020-03-31,1
2019-07-31,31900,2020-03-31,1,4867000000,0.021,,,,,95000000,0.015,114000000,0.021,74000000,,0.113,10.49,,,,,,14058000000,6344000000,0.451,899.21,6344000000,,,,,,,,,7275500,220000,7055500,false,false,3,2019-04-01,2019-06-30,0
2019-07-31,31900,2019-03-31,1,4769000000,-0.027,,,,,94000000,-0.515,112000000,-0.474,66000000,,-0.514,9.43,,,,,,,,,,,,,,,,,,,,,7055500,false,false,3,2018-04-01,2018-06-30,-1
2019-07-31,31900,2020-03-31,1,9090000000,0.015,,,,,-1000000,,26000000,1.197,-10000000,,,-1.42,,,,,,,,,,,,,,,,,,,,,,false,true,6,2019-04-01,2019-09-30,0
2019-07-31,31900,2020-03-31,1,21200000000,0.008,,,,,670000000,0.016,740000000,0.010,400000000,,0.063,56.69,,,,,,,,,,,,,,,10.00,,,,,,,false,true,12,2019-04-01,2020-03-31,0
2019-07-31,31900,2019-03-31,1,,,,,,,,,,,,,,,,,,,,14063000000,6343000000,0.451,899.03,6343000000,,,,,10.00,,,,7275500,220000,,false,false,12,2018-04-01,2019-03-31,-1
2019-10-31,31900,2020-03-31,2,9905000000,0.106,,,,,176000000,,206000000,,113000000,,,16.07,,,,,,15713000000,6402000000,0.407,907.43,6402000000,,,,,,,,,7275500,220000,7055500,false,false,6,2019-04-01,2019-09-30,0
2019-10-31,31900,2019-03-31,2,8956000000,-0.013,,,,,-21000000,,11000000,-0.115,-17000000,,,-2.49,,,,,,,,,,,,,,,,,,,,,7055500,false,false,6,2018-04-01,2018-09-30,-1
2019-10-31,31900,2020-03-31,2,21200000000,0.008,,,,,670000000,0.016,740000000,0.010,400000000,,0.063,56.69,,,,,,,,,,,,,,,10.00,,,,,,,false,true,12,2019-04-01,2020-03-31,0
2019-10-31,31900,2019-03-31,2,,,,,,,,,,,,,,,,,,,,14063000000,6343000000,0.451,899.03,6343000000,,,,,10.00,,,,7275500,220000,,false,false,12,2018-04-01,2019-03-31,-1
2019-10-31,31900,2020-03-31,2,,,,,,,,,,,,,,,,,,,,,,,,,,,,,0.00,,,,,,,false,false,12,2019-04-01,2020-03-31,0
2019-10-31,31900,2020-03-31,,9905000000,0.090,,,,,176000000,,206000000,6.952,113000000,,,16.02,,,,,,,,,,,,,,,,,,,,,,false,true,6,2019-04-01,2019-09-30,0
2019-10-31,31900,2019-03-31,,8956000000,,,,,,-21000000,,11000000,,-17000000,,,-2.41,,,,,,,,,,,,,,,,,,,,,,false,false,6,2018-04-01,2018-09-30,-1
2020-01-31,31900,2020-03-31,3,17064000000,0.027,,,,,877000000,0.027,925000000,0.015,607000000,,0.013,86.06,,,,,,16401000000,6943000000,0.423,984.15,6943000000,,,,,,,,,7275500,220000,7055500,false,false,9,2019-04-01,2019-12-31,0
2020-01-31,31900,2019-03-31,3,16613000000,0.009,,,,,854000000,0.177,911000000,0.167,599000000,,0.177,84.94,,,,,,,,,,,,,,,,,,,,,7055500,false,false,9,2018-04-01,2018-12-31,-1
2020-01-31,31900,2020-03-31,3,21200000000,0.008,,,,,670000000,0.016,740000000,0.010,400000000,,0.063,56.69,,,,,,,,,,,,,,,10.00,,,,,,,false,true,12,2019-04-01,2020-03-31,0
2020-01-31,31900,2019-03-31,3,,,,,,,,,,,,,,,,,,,,14063000000,6343000000,0.451,899.03,6343000000,,,,,10.00,,,,7275500,220000,,false,false,12,2018-04-01,2019-03-31,-1
2020-01-31,31900,2020-03-31,3,,,,,,,,,,,,,,,,,,,,,,,,,,,,,0.00,,,,,,,false,false,12,2019-04-01,2020-03-31,0
2020-05-07,31900,2020-03-31,,21216000000,0.008,,,,,576000000,-0.126,637000000,-0.130,275000000,,-0.267,39.09,,0.043,0.045,0.027,,14530000000,6562000000,0.452,930.09,6562000000,443000000,-784000000,292000000,820000000,10.00,0.256,,,7275500,220000,7055500,false,false,12,2019-04-01,2020-03-31,0
2020-05-07,31900,2019-03-31,,21041000000,-0.002,,,,,659000000,0.086,732000000,0.076,376000000,,0.260,53.33,,0.061,0.051,0.031,,14063000000,6343000000,0.451,899.03,6343000000,585000000,-246000000,-936000000,868000000,10.00,0.188,,,7275500,220000,7055500,false,false,12,2018-04-01,2019-03-31,-1
2020-05-07,31900,2020-03-31,,21216000000,0.001,,,,,576000000,-0.140,637000000,-0.138,275000000,,-0.310,39.09,,,,,,,,,,,,,,,,,,,,,,false,true,12,2019-04-01,2020-03-31,0
2020-05-07,31900,2019-03-31,,21041000000,,,,,,659000000,,732000000,,376000000,,,53.33,,,,,,,,,,,,,,,,,,,,,,false,false,12,2018-04-01,2019-03-31,-1
2020-07-31,31900,2021-03-31,1,4787000000,-0.016,,,,,114000000,0.199,132000000,0.155,81000000,,0.101,11.55,,,,,,15058000000,6578000000,0.437,932.33,6578000000,,,,,,,,,7275500,220000,7055500,false,false,3,2020-04-01,2020-06-30,0
2020-07-31,31900,2020-03-31,1,4867000000,0.021,,,,,95000000,0.015,114000000,0.021,74000000,,0.113,10.49,,,,,,,,,,,,,,,,,,,,,7055500,false,false,3,2019-04-01,2019-06-30,-1
2020-07-31,31900,2020-03-31,1,,,,,,,,,,,,,,,,,,,,14530000000,6562000000,0.451,930.09,6562000000,,,,,10.00,,,,7275500,220000,,false,false,12,2019-04-01,2020-03-31,-1
2020-11-02,31900,2021-03-31,2,9054000000,-0.086,,,,,-19000000,,14000000,-0.928,-13000000,,,-1.93,,,,,,15343000000,6512000000,0.424,923.10,6512000000,,,,,,,,,7275500,220000,7055500,false,false,6,2020-04-01,2020-09-30,0
2020-11-02,31900,2020-03-31,2,9905000000,0.106,,,,,176000000,,206000000,,113000000,,,16.07,,,,,,,,,,,,,,,,,,,,,7055500,false,false,6,2019-04-01,2019-09-30,-1
2020-11-02,31900,2020-03-31,2,,,,,,,,,,,,,,,,,,,,14530000000,6562000000,0.451,930.09,6562000000,,,,,10.00,,,,7275500,220000,,false,false,12,2019-04-01,2020-03-31,-1
2020-11-02,31900,2021-03-31,2,,,,,,,,,,,,,,,,,,,,,,,,,,,,,0.00,,,,,,,false,false,12,2020-04-01,2021-03-31,0
2021-01-29,31900,2021-03-31,3,16838000000,-0.013,,,,,960000000,0.095,1016000000,0.099,670000000,,0.104,95.00,,,,,,16984000000,7185000000,0.423,1018.45,7186000000,,,,,,,,,7275500,220000,7055500,false,false,9,2020-04-01,2020-12-31,0
2021-01-29,31900,2020-03-31,3,17064000000,0.027,,,,,877000000,0.027,925000000,0.015,607000000,,0.013,86.06,,,,,,,,,,,,,,,,,,,,,7055500,false,false,9,2019-04-01,2019-12-31,-1
2021-01-29,31900,2021-03-31,3,20954000000,-0.012,,,,,577000000,0.002,643000000,0.008,280000000,,0.015,39.69,,,,,,,,,,,,,,,10.00,,,,,,,false,true,12,2020-04-01,2021-03-31,0
2021-01-29,31900,2020-03-31,3,,,,,,,,,,,,,,,,,,,,14530000000,6562000000,0.451,930.09,6562000000,,,,,10.00,,,,7275500,220000,,false,false,12,2019-04-01,2020-03-31,-1
2021-01-29,31900,2021-03-31,3,,,,,,,,,,,,,,,,,,,,,,,,,,,,,0.00,,,,,,,false,false,12,2020-04-01,2021-03-31,0
2021-01-29,31900,2021-03-31,,20954000000,,,,,,577000000,,643000000,,280000000,,,16.07,,,,,,,,,,,,,,,10.00,,,,,,,false,true,12,2020-04-01,2021-03-31,0
2021-01-29,31900,2020-03-31,,21216000000,,,,,,576000000,,637000000,,275000000,,,39.09,,,,,,,,,,,,,,,10.00,,,,,,,false,false,12,2019-04-01,2020-03-31,-1
2021-01-29,31900,2021-03-31,,,,,,,,,,,,,,,,,,,,,,,,,,,,,,0.00,,,,,,,false,false,12,2020-04-01,2021-03-31,0
2021-01-29,31900,2021-03-31,,20954000000,,,,,,577000000,,643000000,,280000000,,,36.69,,,,,,,,,,,,,,,10.00,,,,,,,false,true,12,2020-04-01,2021-03-31,0
2021-01-29,31900,2020-03-31,,21216000000,,,,,,576000000,,637000000,,275000000,,,39.09,,,,,,,,,,,,,,,10.00,,,,,,,false,false,12,2019-04-01,2020-03-31,-1
2021-01-29,31900,2021-03-31,,,,,,,,,,,,,,,,,,,,,,,,,,,,,,0.00,,,,,,,false,false,12,2020-04-01,2021-03-31,0
2021-05-10,31900,2021-03-31,,21348000000,0.006,,,,,592000000,0.028,660000000,0.036,341000000,,0.238,48.41,,0.051,0.044,0.028,,15594000000,6894000000,0.442,977.18,6894000000,1133000000,-243000000,164000000,1873000000,10.00,0.207,,,7275500,220000,7055500,false,false,12,2020-04-01,2021-03-31,0
2021-05-10,31900,2020-03-31,,21216000000,0.008,,,,,576000000,-0.126,637000000,-0.130,275000000,,-0.267,39.09,,0.043,0.045,0.027,,14530000000,6562000000,0.452,930.09,6562000000,443000000,-784000000,292000000,820000000,10.00,0.256,,,7275500,220000,7055500,false,false,12,2019-04-01,2020-03-31,-1
2021-05-10,31900,2022-03-31,,9270000000,,,,,,-135000000,,-106000000,,-120000000,,,-17.01,,,,,,,,,,,,,,,,,,,,,,false,true,6,2021-04-01,2021-09-30,1
2021-05-10,31900,2022-03-31,,21800000000,,,,,,600000000,,662000000,,342000000,,,47.48,,,,,,,,,,,,,,,10.00,0.206,,,,,,false,true,12,2021-04-01,2022-03-31,1
2021-08-03,31900,2022-03-31,1,4720000000,-0.014,,,,,33000000,-0.709,57000000,-0.567,72000000,,-0.114,10.23,,,,,,14671000000,6750000000,0.460,956.81,6750000000,,,,,,,,,7275500,220000,7055500,false,false,3,2021-04-01,2021-06-30,0
2021-08-03,31900,2021-03-31,1,4787000000,-0.016,,,,,114000000,0.199,132000000,0.155,81000000,,0.101,11.55,,,,,,,,,,,,,,,,,,,,,7055500,false,false,3,2020-04-01,2020-06-30,-1
2021-08-03,31900,2022-03-31,1,9270000000,0.024,,,,,-135000000,,-106000000,,-120000000,,,-17.01,,,,,,,,,,,,,,,,,,,,,,false,true,6,2021-04-01,2021-09-30,0
2021-08-03,31900,2022-03-31,1,21800000000,0.021,,,,,600000000,0.013,662000000,0.002,342000000,,0.001,47.48,,,,,,,,,,,,,,,10.00,,,,,,,false,true,12,2021-04-01,2022-03-31,0
2021-08-03,31900,2021-03-31,1,,,,,,,,,,,,,,,,,,,,15594000000,6894000000,0.442,977.18,6894000000,,,,,10.00,,,,7275500,220000,,false,false,12,2020-04-01,2021-03-31,-1
2021-10-29,3190,2022-03-31,2,8727000000,-0.036,,,,,-287000000,,-236000000,,-192000000,,,-27.35,,,,,,15971000000,6528000000,0.409,925.29,6528000000,,,,,,,,,7275500,220000,7055500,false,false,6,2021-04-01,2021-09-30,0
2021-10-29,3190,2021-03-31,2,9054000000,-0.086,,,,,-19000000,,14000000,-0.928,-13000000,,,-1.93,,,,,,,,,,,,,,,,,,,,,7055500,false,false,6,2020-04-01,2020-09-30,-1
2021-10-29,3190,2022-03-31,2,21800000000,0.021,,,,,600000000,0.013,662000000,0.002,342000000,,0.001,47.48,,,,,,,,,,,,,,,10.00,,,,,,,false,true,12,2021-04-01,2022-03-31,0
2021-10-29,3190,2021-03-31,2,,,,,,,,,,,,,,,,,,,,15594000000,6894000000,0.442,977.18,6894000000,,,,,10.00,,,,7275500,220000,,false,false,12,2020-04-01,2021-03-31,-1
2021-10-29,3190,2022-03-31,2,,,,,,,,,,,,,,,,,,,,,,,,,,,,,0.00,,,,,,,false,false,12,2021-04-01,2022-03-31,0
2022-01-31,3190,2022-03-31,3,16373000000,-0.028,,,,,648000000,-0.325,722000000,-0.289,508000000,,-0.241,72.09,,,,,,16387000000,7196000000,0.439,1019.96,7196000000,,,,,,,,,7275500,220000,7055500,false,false,9,2021-04-01,2021-12-31,0
2022-01-31,3190,2021-03-31,3,16838000000,-0.013,,,,,960000000,0.095,1016000000,0.099,670000000,,0.104,95.00,,,,,,,,,,,,,,,,,,,,,7055500,false,false,9,2020-04-01,2020-12-31,-1
2022-01-31,3190,2022-03-31,3,21800000000,0.021,,,,,600000000,0.013,662000000,0.002,342000000,,0.001,47.48,,,,,,,,,,,,,,,10.00,,,,,,,false,true,12,2021-04-01,2022-03-31,0
2022-01-31,3190,2021-03-31,3,,,,,,,,,,,,,,,,,,,,15594000000,6894000000,0.442,977.18,6894000000,,,,,10.00,,,,7275500,220000,,false,false,12,2020-04-01,2021-03-31,-1
2022-01-31,3190,2022-03-31,3,,,,,,,,,,,,,,,,,,,,,,,,,,,,,0.00,,,,,,,false,false,12,2021-04-01,2022-03-31,0
2022-05-10,3190,2022-03-31,,20891000000,-0.021,,,,,428000000,-0.277,514000000,-0.222,265000000,,-0.222,37.64,,0.038,0.033,0.021,,15464000000,6917000000,0.447,980.48,6917000000,117000000,-642000000,-94000000,1254000000,10.00,0.266,,,7275500,220000,7055500,false,false,12,2021-04-01,2022-03-31,0
2022-05-10,3190,2021-03-31,,21348000000,0.006,,,,,592000000,0.028,660000000,0.036,341000000,,0.238,48.41,,0.051,0.044,0.028,,15594000000,6894000000,0.442,977.18,6894000000,1133000000,-243000000,164000000,1873000000,10.00,0.207,,,7275500,220000,7055500,false,false,12,2020-04-01,2021-03-31,-1
2022-05-10,3190,2023-03-31,,8950000000,0.026,,,,,-270000000,,-242000000,,-197000000,,,-27.92,,,,,,,,,,,,,,,,,,,,,,false,true,6,2022-04-01,2022-09-30,1
2022-05-10,3190,2023-03-31,,21300000000,0.020,,,,,460000000,0.074,520000000,0.011,266000000,,0.002,37.70,,,,,,,,,,,,,,,10.00,0.265,,,,,,false,true,12,2022-04-01,2023-03-31,1
2022-07-29,3190,2023-03-31,1,4976000000,0.054,,,,,122000000,2.678,143000000,1.507,33000000,,-0.539,4.72,,,,,,15444000000,6895000000,0.446,977.29,6895000000,,,,,,,,,7275500,220000,7055500,false,false,3,2022-04-01,2022-06-30,0
2022-07-29,3190,2022-03-31,1,4720000000,-0.014,,,,,33000000,-0.709,57000000,-0.567,72000000,,-0.114,10.23,,,,,,,,,,,,,,,,,,,,,7055500,false,false,3,2021-04-01,2021-06-30,-1
2022-07-29,3190,2023-03-31,1,8950000000,0.026,,,,,-270000000,,-242000000,,-197000000,,,-27.92,,,,,,,,,,,,,,,,,,,,,,false,true,6,2022-04-01,2022-09-30,0
2022-07-29,3190,2023-03-31,1,21300000000,0.020,,,,,460000000,0.074,520000000,0.011,266000000,,0.002,37.70,,,,,,,,,,,,,,,10.00,,,,,,,false,true,12,2022-04-01,2023-03-31,0
2022-07-29,3190,2022-03-31,1,,,,,,,,,,,,,,,,,,,,15464000000,6917000000,0.447,980.48,6917000000,,,,,10.00,,,,7275500,220000,,false,false,12,2021-04-01,2022-03-31,-1
2022-10-31,3190,2023-03-31,2,9221000000,0.057,,,,,-192000000,,-162000000,,-140000000,,,-19.86,,,,,,16383000000,6653000000,0.406,943.07,6653000000,,,,,,,,,7275500,220000,7055500,false,false,6,2022-04-01,2022-09-30,0
2022-10-31,3190,2022-03-31,2,8727000000,-0.036,,,,,-287000000,,-236000000,,-192000000,,,-27.35,,,,,,,,,,,,,,,,,,,,,7055500,false,false,6,2021-04-01,2021-09-30,-1
2022-10-31,3190,2023-03-31,2,21300000000,0.020,,,,,460000000,0.074,520000000,0.011,266000000,,0.002,37.70,,,,,,,,,,,,,,,10.00,,,,,,,false,true,12,2022-04-01,2023-03-31,0
2022-10-31,3190,2022-03-31,2,,,,,,,,,,,,,,,,,,,,15464000000,6917000000,0.447,980.48,6917000000,,,,,10.00,,,,7275500,220000,,false,false,12,2021-04-01,2022-03-31,-1
2022-10-31,3190,2023-03-31,2,,,,,,,,,,,,,,,,,,,,,,,,,,,,,0.00,,,,,,,false,false,12,2022-04-01,2023-03-31,0
2023-01-31,3190,2023-03-31,3,17141000000,0.047,,,,,775000000,0.194,824000000,0.141,524000000,,0.031,74.35,,,,,,17231000000,7327000000,0.425,1038.56,7327000000,,,,,,,,,7275500,220000,7055500,false,false,9,2022-04-01,2022-12-31,0
2023-01-31,3190,2022-03-31,3,16373000000,-0.028,,,,,648000000,-0.325,722000000,-0.289,508000000,,-0.241,72.09,,,,,,,,,,,,,,,,,,,,,7055500,false,false,9,2021-04-01,2021-12-31,-1
2023-01-31,3190,2023-03-31,3,21300000000,0.020,,,,,460000000,0.074,520000000,0.011,266000000,,0.002,37.70,,,,,,,,,,,,,,,10.00,,,,,,,false,true,12,2022-04-01,2023-03-31,0
2023-01-31,3190,2022-03-31,3,,,,,,,,,,,,,,,,,,,,15464000000,6917000000,0.447,980.48,6917000000,,,,,10.00,,,,7275500,220000,,false,false,12,2021-04-01,2022-03-31,-1
2023-01-31,3190,2023-03-31,3,,,,,,,,,,,,,,,,,,,,,,,,,,,,,0.00,,,,,,,false,false,12,2022-04-01,2023-03-31,0
2023-05-09,3190,2023-03-31,,21801000000,0.044,,,,,378000000,-0.116,436000000,-0.151,187000000,,-0.295,26.55,,0.027,0.028,0.017,,15911000000,7000000000,0.440,992.15,7000000000,747000000,-687000000,-426000000,887000000,10.00,0.377,,,7275500,220000,7055500,false,false,12,2022-04-01,2023-03-31,0
2023-05-09,3190,2022-03-31,,20891000000,-0.021,,,,,428000000,-0.277,514000000,-0.222,265000000,,-0.222,37.64,,0.038,0.033,0.021,,15464000000,6917000000,0.447,980.48,6917000000,117000000,-642000000,-94000000,1254000000,10.00,0.266,,,7275500,220000,7055500,false,false,12,2021-04-01,2022-03-31,-1
2023-05-09,3190,2024-03-31,,9300000000,0.009,,,,,-186000000,,-158000000,,-140000000,,,-19.84,,,,,,,,,,,,,,,,,,,,,,false,true,6,2023-04-01,2023-09-30,1
2023-05-09,3190,2024-03-31,,21900000000,0.004,,,,,400000000,0.056,450000000,0.030,200000000,,0.068,28.35,,,,,,,,,,,,,,,10.00,0.353,,,,,,false,true,12,2023-04-01,2024-03-31,1
2023-07-31,3190,2024-03-31,1,4974000000,0.000,,,,,143000000,0.171,165000000,0.149,104000000,,2.124,14.74,,,,,,15160000000,7051000000,0.465,999.38,7051000000,,,,,,,,,7275500,220000,7055500,false,false,3,2023-04-01,2023-06-30,0
2023-07-31,3190,2023-03-31,1,4976000000,0.054,,,,,122000000,2.678,143000000,1.507,33000000,,-0.539,4.72,,,,,,,,,,,,,,,,,,,,,7055500,false,false,3,2022-04-01,2022-06-30,-1
2023-07-31,3190,2024-03-31,1,9300000000,0.009,,,,,-186000000,,-158000000,,-140000000,,,-19.84,,,,,,,,,,,,,,,,,,,,,,false,true,6,2023-04-01,2023-09-30,0
2023-07-31,3190,2024-03-31,1,21900000000,0.004,,,,,400000000,0.056,450000000,0.030,200000000,,0.068,28.35,,,,,,,,,,,,,,,10.00,,,,,,,false,true,12,2023-04-01,2024-03-31,0
2023-07-31,3190,2023-03-31,1,,,,,,,,,,,,,,,,,,,,15911000000,7000000000,0.440,992.15,7000000000,,,,,10.00,,,,7275500,220000,,false,false,12,2022-04-01,2023-03-31,-1
2023-10-31,3190,2024-03-31,2,9106000000,-0.012,,,,,-208000000,,-181000000,,-150000000,,,-21.36,,,,,,15989000000,6808000000,0.426,965.04,6808000000,,,,,,,,,7275500,220000,7055500,false,false,6,2023-04-01,2023-09-30,0
2023-10-31,3190,2023-03-31,2,9221000000,0.057,,,,,-192000000,,-162000000,,-140000000,,,-19.86,,,,,,,,,,,,,,,,,,,,,7055500,false,false,6,2022-04-01,2022-09-30,-1
2023-10-31,3190,2024-03-31,2,21900000000,0.004,,,,,400000000,0.056,450000000,0.030,200000000,,0.068,28.35,,,,,,,,,,,,,,,10.00,,,,,,,false,true,12,2023-04-01,2024-03-31,0
2023-10-31,3190,2023-03-31,2,,,,,,,,,,,,,,,,,,,,15911000000,7000000000,0.440,992.15,7000000000,,,,,10.00,,,,7275500,220000,,false,false,12,2022-04-01,2023-03-31,-1
2023-10-31,3190,2024-03-31,2,,,,,,,,,,,,,,,,,,,,,,,,,,,,,0.00,,,,,,,false,false,12,2023-04-01,2024-03-31,0
2024-01-31,3190,2024-03-31,3,16746000000,-0.023,,,,,743000000,-0.040,791000000,-0.040,543000000,,0.037,77.09,,,,,,17126000000,7503000000,0.438,1063.54,7503000000,,,,,,,,,7275500,220000,7055500,false,false,9,2023-04-01,2023-12-31,0
2024-01-31,3190,2023-03-31,3,17141000000,0.047,,,,,775000000,0.194,824000000,0.141,524000000,,0.031,74.35,,,,,,,,,,,,,,,,,,,,,7055500,false,false,9,2022-04-01,2022-12-31,-1
2024-01-31,3190,2024-03-31,3,21900000000,0.004,,,,,400000000,0.056,450000000,0.030,200000000,,0.068,28.35,,,,,,,,,,,,,,,10.00,,,,,,,false,true,12,2023-04-01,2024-03-31,0
2024-01-31,3190,2023-03-31,3,,,,,,,,,,,,,,,,,,,,15911000000,7000000000,0.440,992.15,7000000000,,,,,10.00,,,,7275500,220000,,false,false,12,2022-04-01,2023-03-31,-1
2024-01-31,3190,2024-03-31,3,,,,,,,,,,,,,,,,,,,,,,,,,,,,,0.00,,,,,,,false,false,12,2023-04-01,2024-03-31,0
2024-05-10,3190,2024-03-31,,20997000000,-0.037,,,,,287000000,-0.241,352000000,-0.193,204000000,,0.094,29.04,,0.029,0.022,0.014,,15886000000,7109000000,0.448,1007.62,7109000000,734000000,-1149000000,307000000,781000000,10.00,0.347,,,7275500,220000,7055500,false,false,12,2023-04-01,2024-03-31,0
2024-05-10,3190,2023-03-31,,21801000000,0.044,,,,,378000000,-0.116,436000000,-0.151,187000000,,-0.295,26.55,,0.027,0.028,0.017,,15911000000,7000000000,0.440,992.15,7000000000,747000000,-687000000,-426000000,887000000,10.00,0.377,,,7275500,220000,7055500,false,false,12,2022-04-01,2023-03-31,-1
2024-05-10,3190,2025-03-31,,9170000000,0.007,,,,,-173000000,,-148000000,,-130000000,,,-18.43,,,,,,,,,,,,,,,,,,,,,,false,true,6,2024-04-01,2024-09-30,1
2024-05-10,3190,2025-03-31,,21100000000,0.005,,,,,300000000,0.043,368000000,0.037,210000000,,0.025,29.76,,,,,,,,,,,,,,,10.00,0.336,,,,,,false,true,12,2024-04-01,2025-03-31,1
2024-07-31,3190,2025-03-31,1,5056000000,0.016,,,,,231000000,0.613,252000000,0.531,165000000,,0.593,23.48,,,,,,16111000000,7211000000,0.448,1022.11,7211000000,,,,,,,,,7275500,220000,7055500,false,false,3,2024-04-01,2024-06-30,0
2024-07-31,3190,2024-03-31,1,4974000000,0.000,,,,,143000000,0.171,165000000,0.149,104000000,,2.124,14.74,,,,,,,,,,,,,,,,,,,,,7055500,false,false,3,2023-04-01,2023-06-30,-1
2024-07-31,3190,2025-03-31,1,9170000000,0.007,,,,,-173000000,,-148000000,,-130000000,,,-18.43,,,,,,,,,,,,,,,,,,,,,,false,true,6,2024-04-01,2024-09-30,0
2024-07-31,3190,2025-03-31,1,21100000000,0.005,,,,,300000000,0.043,368000000,0.037,210000000,,0.025,29.76,,,,,,,,,,,,,,,10.00,,,,,,,false,true,12,2024-04-01,2025-03-31,0
2024-07-31,3190,2024-03-31,1,,,,,,,,,,,,,,,,,,,,15886000000,7109000000,0.448,1007.62,7109000000,,,,,10.00,,,,7275500,220000,,false,false,12,2023-04-01,2024-03-31,-1
2024-10-31,3190,2025-03-31,2,9270000000,0.018,,,,,-153000000,,-117000000,,-103000000,,,-14.69,,,,,,16542000000,6928000000,0.419,982.01,6928000000,,,,,,,,,7275500,220000,7055500,false,false,6,2024-04-01,2024-09-30,0
2024-10-31,3190,2024-03-31,2,9106000000,-0.012,,,,,-208000000,,-181000000,,-150000000,,,-21.36,,,,,,,,,,,,,,,,,,,,,7055500,false,false,6,2023-04-01,2023-09-30,-1
2024-10-31,3190,2025-03-31,2,21100000000,0.005,,,,,300000000,0.043,368000000,0.037,210000000,,0.025,29.76,,,,,,,,,,,,,,,10.00,,,,,,,false,true,12,2024-04-01,2025-03-31,0
2024-10-31,3190,2024-03-31,2,,,,,,,,,,,,,,,,,,,,15886000000,7109000000,0.448,1007.62,7109000000,,,,,10.00,,,,7275500,220000,,false,false,12,2023-04-01,2024-03-31,-1
2024-10-31,3190,2025-03-31,2,,,,,,,,,,,,,,,,,,,,,,,,,,,,,0.00,,,,,,,false,false,12,2024-04-01,2025-03-31,0
2025-01-31,3190,2025-03-31,3,17361000000,0.037,,,,,992000000,0.335,1046000000,0.322,693000000,,0.276,98.34,,,,,,17892000000,7734000000,0.432,1096.30,7734000000,,,,,,,,,7275500,220000,7055500,false,false,9,2024-04-01,2024-12-31,0
2025-01-31,3190,2024-03-31,3,16746000000,-0.023,,,,,743000000,-0.040,791000000,-0.040,543000000,,0.037,77.09,,,,,,,,,,,,,,,,,,,,,7055500,false,false,9,2023-04-01,2023-12-31,-1
2025-01-31,3190,2025-03-31,3,21100000000,0.005,,,,,300000000,0.043,368000000,0.037,210000000,,0.025,29.76,,,,,,,,,,,,,,,10.00,,,,,,,false,true,12,2024-04-01,2025-03-31,0
2025-01-31,3190,2024-03-31,3,,,,,,,,,,,,,,,,,,,,15886000000,7109000000,0.448,1007.62,7109000000,,,,,10.00,,,,7275500,220000,,false,false,12,2023-04-01,2024-03-31,-1
2025-01-31,3190,2025-03-31,3,,,,,,,,,,,,,,,,,,,,,,,,,,,,,0.00,,,,,,,false,false,12,2024-04-01,2025-03-31,0
2025-05-09,3190,2025-03-31,,21908000000,0.043,,,,,661000000,1.301,731000000,1.073,334000000,,0.632,47.40,,0.046,0.045,0.030,,16368000000,7386000000,0.451,1046.91,7386000000,947000000,-827000000,171000000,1072000000,10.00,0.211,,,7275500,220000,7055500,false,false,12,2024-04-01,2025-03-31,0
2025-05-09,3190,2024-03-31,,20997000000,-0.037,,,,,287000000,-0.241,352000000,-0.193,204000000,,0.094,29.04,,0.029,0.022,0.014,,15886000000,7109000000,0.448,1007.62,7109000000,734000000,-1149000000,307000000,781000000,10.00,0.347,,,7275500,220000,7055500,false,false,12,2023-04-01,2024-03-31,-1
2025-05-09,3190,2026-03-31,,9300000000,0.003,,,,,-153000000,,-117000000,,-99000000,,,-14.03,,,,,,,,,,,,,,,,,,,,,,false,true,6,2025-04-01,2025-09-30,1
2025-05-09,3190,2026-03-31,,22000000000,0.004,,,,,670000000,0.013,740000000,0.012,422000000,,0.262,59.81,,,,,,,,,,,,,,,10.00,0.167,,,,,,false,true,12,2025-04-01,2026-03-31,1
