filing_date,code,fiscal_year_end,quarterly_period,net_sales,net_sales_change,revenue,revenue_change,operating_revenue,operating_revenue_change,operating_profit,operating_profit_change,ordinary_profit,ordinary_profit_change,net_income,net_income_of_parent,net_income_change,eps,diluted_eps,roe,roa,operating_profit_to_net_sales,operating_profit_to_revenue,total_assets,net_assets,equity_ratio,bps,owner_equity,operating_cash_flow,investing_cash_flow,financing_cash_flow,cash,dividend_per_share,payout_ratio,commemorative_dividend,extra_dividend,number_of_shares,number_of_treqsury_shares,avg_number_of_shares,is_consolidated,is_forecast,duration,period_start,period_end,period_pos
2015-05-14,31990,2015-03-31,,83596000000,-0.021,,,,,1018000000,-0.148,1139000000,-0.174,1333000000,,0.391,155.87,,0.154,0.026,0.012,,45041000000,9956000000,0.221,1009.63,9956000000,-351000000,-1738000000,1354000000,1526000000,,0.096,,,,,,true,false,12,2014-04-01,2015-03-31,0
2015-05-14,31990,2014-03-31,,85374000000,0.020,,,,,1195000000,0.232,1378000000,0.355,958000000,,0.276,118.29,,0.138,0.032,0.014,,41793000000,7375000000,0.176,910.60,7375000000,-172000000,-700000000,1191000000,2261000000,,0.127,,,,,,true,false,12,2013-04-01,2014-03-31,-1
2015-05-14,31990,2016-03-31,,41393000000,0.033,,,,,201000000,0.101,280000000,-0.006,,192000000,,19.47,,,,,,,,,,,,,,,,,,,,,,true,true,6,2015-04-01,2015-09-30,1
2015-05-14,31990,2016-03-31,,88101000000,0.054,,,,,1132000000,0.112,1252000000,0.100,,1148000000,,116.42,,,,,,,,,,,,,,,,0.129,,,,,,true,true,12,2015-04-01,2016-03-31,1
2015-05-14,31990,2015-03-31,,2120000000,-0.009,,,,,631000000,0.236,554000000,0.282,782000000,,0.114,91.50,,,,,,17187000000,5816000000,0.338,589.87,5816000000,,,,,15.00,,,,9861500,,8552890,false,false,12,2014-04-01,2015-03-31,0
2015-05-14,31990,2014-03-31,,2140000000,0.293,,,,,510000000,0.704,432000000,0.918,702000000,,0.178,86.70,,,,,,16724000000,3996000000,0.239,493.38,3996000000,,,,,15.00,,,,8100000,,8100000,false,false,12,2013-04-01,2014-03-31,-1
2015-05-14,31990,2016-03-31,,,,,,,,,,,,,,,,,,,,,,,,,,,,,,15.00,,,,,,,false,true,12,2015-04-01,2016-03-31,1
2015-07-29,31990,2016-03-31,1,20822000000,,,,,,298000000,,353000000,,,193000000,,19.59,,,,,,44087000000,10055000000,0.228,1019.65,10055000000,,,,,,,,,,,,true,false,3,2015-04-01,2015-06-30,0
2015-07-29,31990,2016-03-31,1,41393000000,0.033,,,,,201000000,0.101,280000000,-0.006,,192000000,,19.47,,,,,,,,,,,,,,,,,,,,,,true,true,6,2015-04-01,2015-09-30,0
2015-07-29,31990,2016-03-31,1,88101000000,0.054,,,,,1132000000,0.112,1252000000,0.100,,1148000000,,116.42,,,,,,,,,,,,,,,,,,,,,,true,true,12,2015-04-01,2016-03-31,0
2015-07-29,31990,2015-03-31,1,,,,,,,,,,,,,,,,,,,,45041000000,9956000000,0.221,1009.63,9956000000,,,,,,,,,,,,true,false,12,2014-04-01,2015-03-31,-1
2015-07-29,31990,2015-03-31,1,,,,,,,,,,,,,,,,,,,,,,,,,,,,,15.00,,,,9861500,,,false,false,12,2014-04-01,2015-03-31,-1
2015-07-29,31990,2016-03-31,1,,,,,,,,,,,,,,,,,,,,,,,,,,,,,15.00,,,,,,,false,true,12,2015-04-01,2016-03-31,0
2015-07-29,31990,2016-03-31,1,,,,,,,,,,,,,,,,,,,,,,,,,,,,,,,,,9861500,,9861500,false,false,3,2015-04-01,2015-06-30,0
2015-07-29,31990,2015-03-31,1,,,,,,,,,,,,,,,,,,,,,,,,,,,,,,,,,,,8100000,false,false,3,2014-04-01,2014-06-30,-1
2015-10-15,31990,2016-03-31,,42673000000,0.031,,,,,781000000,2.873,892000000,2.185,,595000000,,60.38,,,,,,,,,,,,,,,,,,,,,,true,true,6,2015-04-01,2015-09-30,0
2015-10-15,31990,2015-03-31,,40066000000,,,,,,183000000,,281000000,,,205000000,,25.39,,,,,,,,,,,,,,,,,,,,,,true,false,6,2014-04-01,2014-09-30,-1
2015-10-15,31990,2016-03-31,,88768000000,0.008,,,,,1383000000,0.222,1537000000,0.227,,1260000000,,127.79,,,,,,,,,,,,,,,,,,,,,,true,true,12,2015-04-01,2016-03-31,0
2015-10-15,31990,2015-03-31,,83596000000,,,,,,1018000000,,1139000000,,,1333000000,,155.87,,,,,,,,,,,,,,,,,,,,,,true,false,12,2014-04-01,2015-03-31,-1
2015-10-29,31990,2016-03-31,2,42661000000,0.065,,,,,778000000,3.245,889000000,2.158,,614000000,,62.36,,,,,,45624000000,10428000000,0.229,1057.51,10428000000,,,,,,,,,,,,true,false,6,2015-04-01,2015-09-30,0
2015-10-29,31990,2015-03-31,2,40066000000,,,,,,183000000,,281000000,,,205000000,,25.39,,,,,,,,,,,,,,,,,,,,,,true,false,6,2014-04-01,2014-09-30,-1
2015-10-29,31990,2016-03-31,2,88768000000,0.062,,,,,1383000000,0.358,1537000000,0.350,,1260000000,,127.79,,,,,,,,,,,,,,,,,,,,,,true,true,12,2015-04-01,2016-03-31,0
2015-10-29,31990,2015-03-31,2,,,,,,,,,,,,,,,,,,,,45041000000,9956000000,0.221,1009.63,9956000000,,,,,,,,,,,,true,false,12,2014-04-01,2015-03-31,-1
2015-10-29,31990,2015-03-31,2,,,,,,,,,,,,,,,,,,,,,,,,,,,,,15.00,,,,9861500,,,false,false,12,2014-04-01,2015-03-31,-1
2015-10-29,31990,2016-03-31,2,,,,,,,,,,,,,,,,,,,,,,,,,,,,,0.00,,,,,,,false,false,12,2015-04-01,2016-03-31,0
2015-10-29,31990,2016-03-31,2,,,,,,,,,,,,,,,,,,,,,,,,,,,,,15.00,,,,,,,false,true,12,2015-04-01,2016-03-31,0
2015-10-29,31990,2016-03-31,2,,,,,,,,,,,,,,,,,,,,,,,,,,,,,,,,,9861500,,9861500,false,false,6,2015-04-01,2015-09-30,0
2015-10-29,31990,2015-03-31,2,,,,,,,,,,,,,,,,,,,,,,,,,,,,,,,,,,,8100000,false,false,6,2014-04-01,2014-09-30,-1
,31990,2016-03-31,,,,,,,,,,,,,,,,,,,,,,,,,,,,,,25.00,,,,,,,false,true,12,2015-04-01,2016-03-31,0
,31990,2016-03-31,,,,,,,,,,,,,,,,,,,,,,,,,,,,,,0.00,,,,,,,false,false,12,2015-04-01,2016-03-31,0
,31990,2015-03-31,,,,,,,,,,,,,,,,,,,,,,,,,,,,,,15.00,,,,,,,false,false,12,2014-04-01,2015-03-31,-1
2016-01-28,31990,2016-03-31,3,66887000000,0.057,,,,,1425000000,0.976,1571000000,0.958,,1025000000,,104.03,,,,,,52892000000,10790000000,0.204,1094.18,10790000000,,,,,,,,,,,,true,false,9,2015-04-01,2015-12-31,0
2016-01-28,31990,2015-03-31,3,63298000000,,,,,,721000000,,802000000,,,549000000,,67.40,,,,,,,,,,,,,,,,,,,,,,true,false,9,2014-04-01,2014-12-31,-1
2016-01-28,31990,2016-03-31,3,88768000000,0.062,,,,,1383000000,0.358,1537000000,0.350,,1260000000,,127.79,,,,,,,,,,,,,,,,,,,,,,true,true,12,2015-04-01,2016-03-31,0
2016-01-28,31990,2015-03-31,3,,,,,,,,,,,,,,,,,,,,45041000000,9956000000,0.221,1009.63,9956000000,,,,,,,,,,,,true,false,12,2014-04-01,2015-03-31,-1
2016-01-28,31990,2015-03-31,3,,,,,,,,,,,,,,,,,,,,,,,,,,,,,15.00,,,,9861500,,,false,false,12,2014-04-01,2015-03-31,-1
2016-01-28,31990,2016-03-31,3,,,,,,,,,,,,,,,,,,,,,,,,,,,,,0.00,,,,,,,false,false,12,2015-04-01,2016-03-31,0
2016-01-28,31990,2016-03-31,3,,,,,,,,,,,,,,,,,,,,,,,,,,,,,25.00,,,,,,,false,true,12,2015-04-01,2016-03-31,0
2016-01-28,31990,2016-03-31,3,,,,,,,,,,,,,,,,,,,,,,,,,,,,,,,,,9861500,,9861500,false,false,9,2015-04-01,2015-12-31,0
2016-01-28,31990,2015-03-31,3,,,,,,,,,,,,,,,,,,,,,,,,,,,,,,,,,,,8150909,false,false,9,2014-04-01,2014-12-31,-1
2016-05-13,31990,2016-03-31,,88792000000,0.062,,,,,1569000000,0.540,1716000000,0.506,,1263000000,,128.15,,0.121,0.037,0.018,,48905000000,10935000000,0.224,1108.88,10935000000,685000000,-1944000000,1693000000,1961000000,,0.195,,,,,,true,false,12,2015-04-01,2016-03-31,0
2016-05-13,31990,2015-03-31,,83596000000,-0.021,,,,,1018000000,-0.148,1139000000,-0.174,,1333000000,,155.87,,0.154,0.026,0.012,,45041000000,9956000000,0.221,1009.63,9956000000,-351000000,-1738000000,1354000000,1526000000,,0.096,,,,,,true,false,12,2014-04-01,2015-03-31,-1
2016-05-13,31990,2017-03-31,,45180000000,0.059,,,,,587000000,-0.309,607000000,-0.317,,414000000,,42.05,,,,,,,,,,,,,,,,,,,,,,true,true,6,2016-04-01,2016-09-30,1
2016-05-13,31990,2017-03-31,,96377000000,0.085,,,,,1869000000,0.088,1881000000,0.096,,1267000000,,128.49,,,,,,,,,,,,,,,,0.195,,,,,,true,true,12,2016-04-01,2017-03-31,1
2016-05-13,31990,2016-03-31,,2572000000,0.213,,,,,767000000,0.216,731000000,0.319,812000000,,0.038,82.40,,,,,,20640000000,6383000000,0.309,647.30,6383000000,,,,,25.00,,,,9861500,,9861500,false,false,12,2015-04-01,2016-03-31,0
2016-05-13,31990,2015-03-31,,2120000000,-0.009,,,,,631000000,0.236,554000000,0.282,782000000,,0.114,91.50,,,,,,17187000000,5816000000,0.338,589.87,5816000000,,,,,15.00,,,,9861500,,8552890,false,false,12,2014-04-01,2015-03-31,-1
2016-05-13,31990,2017-03-31,,,,,,,,,,,,,,,,,,,,,,,,,,,,,,25.00,,,,,,,false,true,12,2016-04-01,2017-03-31,1
2016-07-29,31990,2017-03-31,1,21677000000,0.041,,,,,424000000,0.264,447000000,0.266,,367000000,,37.31,,,,,,47648000000,11043000000,0.232,1119.85,11043000000,,,,,,,,,,,,true,false,3,2016-04-01,2016-06-30,0
2016-07-29,31990,2016-03-31,1,20822000000,,,,,,335000000,,353000000,,,193000000,,19.59,,,,,,,,,,,,,,,,,,,,,,true,false,3,2015-04-01,2015-06-30,-1
2016-07-29,31990,2017-03-31,1,45180000000,0.059,,,,,587000000,-0.309,607000000,-0.317,,414000000,,42.05,,,,,,,,,,,,,,,,,,,,,,true,true,6,2016-04-01,2016-09-30,0
2016-07-29,31990,2017-03-31,1,96377000000,0.085,,,,,1869000000,0.088,1881000000,0.096,,1267000000,,128.49,,,,,,,,,,,,,,,,,,,,,,true,true,12,2016-04-01,2017-03-31,0
2016-07-29,31990,2016-03-31,1,,,,,,,,,,,,,,,,,,,,48905000000,10935000000,0.224,1108.88,10935000000,,,,,,,,,,,,true,false,12,2015-04-01,2016-03-31,-1
2016-07-29,31990,2016-03-31,1,,,,,,,,,,,,,,,,,,,,,,,,,,,,,25.00,,,,9861500,,,false,false,12,2015-04-01,2016-03-31,-1
2016-07-29,31990,2017-03-31,1,,,,,,,,,,,,,,,,,,,,,,,,,,,,,25.00,,,,,,,false,true,12,2016-04-01,2017-03-31,0
2016-07-29,31990,2017-03-31,1,,,,,,,,,,,,,,,,,,,,,,,,,,,,,,,,,9861500,,9861500,false,false,3,2016-04-01,2016-06-30,0
2016-07-29,31990,2016-03-31,1,,,,,,,,,,,,,,,,,,,,,,,,,,,,,,,,,,,9861500,false,false,3,2015-04-01,2015-06-30,-1
2016-10-28,31990,2017-03-31,2,43108000000,0.010,,,,,608000000,-0.285,644000000,-0.276,,452000000,,45.89,,,,,,46930000000,11150000000,0.238,1130.74,11150000000,,,,,,,,,,,,true,false,6,2016-04-01,2016-09-30,0
2016-10-28,31990,2016-03-31,2,42661000000,0.065,,,,,850000000,2.156,889000000,2.158,,614000000,,62.36,,,,,,,,,,,,,,,,,,,,,,true,false,6,2015-04-01,2015-09-30,-1
2016-10-28,31990,2017-03-31,2,96377000000,0.085,,,,,1869000000,0.088,1881000000,0.096,,1267000000,,128.49,,,,,,,,,,,,,,,,,,,,,,true,true,12,2016-04-01,2017-03-31,0
2016-10-28,31990,2016-03-31,2,,,,,,,,,,,,,,,,,,,,48905000000,10935000000,0.224,1108.88,10935000000,,,,,,,,,,,,true,false,12,2015-04-01,2016-03-31,-1
2016-10-28,31990,2016-03-31,2,,,,,,,,,,,,,,,,,,,,,,,,,,,,,25.00,,,,9861500,,,false,false,12,2015-04-01,2016-03-31,-1
2016-10-28,31990,2017-03-31,2,,,,,,,,,,,,,,,,,,,,,,,,,,,,,0.00,,,,,,,false,false,12,2016-04-01,2017-03-31,0
2016-10-28,31990,2017-03-31,2,,,,,,,,,,,,,,,,,,,,,,,,,,,,,25.00,,,,,,,false,true,12,2016-04-01,2017-03-31,0
2016-10-28,31990,2017-03-31,2,,,,,,,,,,,,,,,,,,,,,,,,,,,,,,,,,9861500,,9861500,false,false,6,2016-04-01,2016-09-30,0
2016-10-28,31990,2016-03-31,2,,,,,,,,,,,,,,,,,,,,,,,,,,,,,,,,,,,9861500,false,false,6,2015-04-01,2015-09-30,-1
2017-01-30,31990,2017-03-31,3,68348000000,0.022,,,,,1514000000,-0.016,1544000000,-0.018,,1028000000,,104.28,,,,,,57535000000,11854000000,0.206,1202.08,11854000000,,,,,,,,,,,,true,false,9,2016-04-01,2016-12-31,0
2017-01-30,31990,2016-03-31,3,66887000000,0.057,,,,,1538000000,0.807,1571000000,0.958,,1025000000,,104.03,,,,,,,,,,,,,,,,,,,,,,true,false,9,2015-04-01,2015-12-31,-1
2017-01-30,31990,2017-03-31,3,96377000000,0.085,,,,,1869000000,0.088,1881000000,0.096,,1267000000,,128.49,,,,,,,,,,,,,,,,,,,,,,true,true,12,2016-04-01,2017-03-31,0
2017-01-30,31990,2016-03-31,3,,,,,,,,,,,,,,,,,,,,48905000000,10935000000,0.224,1108.88,10935000000,,,,,,,,,,,,true,false,12,2015-04-01,2016-03-31,-1
2017-01-30,31990,2016-03-31,3,,,,,,,,,,,,,,,,,,,,,,,,,,,,,25.00,,,,9861500,,,false,false,12,2015-04-01,2016-03-31,-1
2017-01-30,31990,2017-03-31,3,,,,,,,,,,,,,,,,,,,,,,,,,,,,,0.00,,,,,,,false,false,12,2016-04-01,2017-03-31,0
2017-01-30,31990,2017-03-31,3,,,,,,,,,,,,,,,,,,,,,,,,,,,,,25.00,,,,,,,false,true,12,2016-04-01,2017-03-31,0
2017-01-30,31990,2017-03-31,3,,,,,,,,,,,,,,,,,,,,,,,,,,,,,,,,,9861500,,9861500,false,false,9,2016-04-01,2016-12-31,0
2017-01-30,31990,2016-03-31,3,,,,,,,,,,,,,,,,,,,,,,,,,,,,,,,,,,,9861500,false,false,9,2015-04-01,2015-12-31,-1
2017-05-12,31990,2017-03-31,,92780000000,0.045,,,,,1969000000,0.146,1994000000,0.162,,1344000000,,136.34,,0.116,0.040,0.021,,52052000000,12156000000,0.234,1232.74,12156000000,6303000000,-339000000,-4639000000,3286000000,,0.191,,,,,,true,false,12,2016-04-01,2017-03-31,0
2017-05-12,31990,2016-03-31,,88792000000,0.062,,,,,1717000000,0.444,1716000000,0.506,,1263000000,,128.15,,0.121,0.037,0.019,,48905000000,10935000000,0.224,1108.88,10935000000,685000000,-1944000000,1693000000,1961000000,,0.195,,,,,,true,false,12,2015-04-01,2016-03-31,-1
2017-05-12,31990,2018-03-31,,48749000000,0.131,,,,,765000000,0.258,799000000,0.240,,456000000,,46.28,,,,,,,,,,,,,,,,,,,,,,true,true,6,2017-04-01,2017-09-30,1
2017-05-12,31990,2018-03-31,,101351000000,0.092,,,,,2039000000,0.036,2109000000,0.058,,1259000000,,127.71,,,,,,,,,,,,,,,,0.204,,,,,,true,true,12,2017-04-01,2018-03-31,1
2017-05-12,31990,2017-03-31,,2673000000,0.039,,,,,876000000,0.142,880000000,0.204,1075000000,,0.324,109.06,,,,,,24086000000,7343000000,0.305,744.68,7343000000,,,,,26.00,,,,9861500,,9861500,false,false,12,2016-04-01,2017-03-31,0
2017-05-12,31990,2016-03-31,,2572000000,0.213,,,,,767000000,0.216,731000000,0.319,812000000,,0.038,82.40,,,,,,20640000000,6383000000,0.309,647.30,6383000000,,,,,25.00,,,,9861500,,9861500,false,false,12,2015-04-01,2016-03-31,-1
2017-05-12,31990,2018-03-31,,,,,,,,,,,,,,,,,,,,,,,,,,,,,,26.00,,,,,,,false,true,12,2017-04-01,2018-03-31,1
2017-07-28,31990,2018-03-31,1,24665000000,0.138,,,,,420000000,-0.010,427000000,-0.044,,243000000,,24.69,,,,,,49933000000,12249000000,0.245,1242.13,12249000000,,,,,,,,,,,,true,false,3,2017-04-01,2017-06-30,0
2017-07-28,31990,2017-03-31,1,21677000000,0.041,,,,,424000000,0.264,447000000,0.266,,367000000,,37.31,,,,,,,,,,,,,,,,,,,,,,true,false,3,2016-04-01,2016-06-30,-1
2017-07-28,31990,2018-03-31,1,48749000000,0.131,,,,,765000000,0.258,799000000,0.240,,456000000,,46.28,,,,,,,,,,,,,,,,,,,,,,true,true,6,2017-04-01,2017-09-30,0
2017-07-28,31990,2018-03-31,1,101351000000,0.092,,,,,2039000000,0.036,2109000000,0.058,,1259000000,,127.71,,,,,,,,,,,,,,,,,,,,,,true,true,12,2017-04-01,2018-03-31,0
2017-07-28,31990,2017-03-31,1,,,,,,,,,,,,,,,,,,,,52052000000,12156000000,0.234,1232.74,12156000000,,,,,,,,,,,,true,false,12,2016-04-01,2017-03-31,-1
2017-07-28,31990,2017-03-31,1,,,,,,,,,,,,,,,,,,,,,,,,,,,,,26.00,,,,9861500,,,false,false,12,2016-04-01,2017-03-31,-1
2017-07-28,31990,2018-03-31,1,,,,,,,,,,,,,,,,,,,,,,,,,,,,,26.00,,,,,,,false,true,12,2017-04-01,2018-03-31,0
2017-07-28,31990,2018-03-31,1,,,,,,,,,,,,,,,,,,,,,,,,,,,,,,,,,9861500,,9861500,false,false,3,2017-04-01,2017-06-30,0
2017-07-28,31990,2017-03-31,1,,,,,,,,,,,,,,,,,,,,,,,,,,,,,,,,,,,9861500,false,false,3,2016-04-01,2016-06-30,-1
2017-10-30,31990,2018-03-31,2,49374000000,0.145,,,,,880000000,0.448,935000000,0.451,,590000000,,59.92,,,,,,53566000000,12591000000,0.235,1276.88,12591000000,,,,,,,,,,,,true,false,6,2017-04-01,2017-09-30,0
2017-10-30,31990,2017-03-31,2,43108000000,0.010,,,,,608000000,-0.285,644000000,-0.276,,452000000,,45.89,,,,,,,,,,,,,,,,,,,,,,true,false,6,2016-04-01,2016-09-30,-1
2017-10-30,31990,2018-03-31,2,101351000000,0.092,,,,,2039000000,0.036,2109000000,0.058,,1259000000,,127.71,,,,,,,,,,,,,,,,,,,,,,true,true,12,2017-04-01,2018-03-31,0
2017-10-30,31990,2017-03-31,2,,,,,,,,,,,,,,,,,,,,52052000000,12156000000,0.234,1232.74,12156000000,,,,,,,,,,,,true,false,12,2016-04-01,2017-03-31,-1
2017-10-30,31990,2017-03-31,2,,,,,,,,,,,,,,,,,,,,,,,,,,,,,26.00,,,,9861500,,,false,false,12,2016-04-01,2017-03-31,-1
2017-10-30,31990,2018-03-31,2,,,,,,,,,,,,,,,,,,,,,,,,,,,,,0.00,,,,,,,false,false,12,2017-04-01,2018-03-31,0
2017-10-30,31990,2018-03-31,2,,,,,,,,,,,,,,,,,,,,,,,,,,,,,26.00,,,,,,,false,true,12,2017-04-01,2018-03-31,0
2017-10-30,31990,2018-03-31,2,,,,,,,,,,,,,,,,,,,,,,,,,,,,,,,,,9861500,,9861500,false,false,6,2017-04-01,2017-09-30,0
2017-10-30,31990,2017-03-31,2,,,,,,,,,,,,,,,,,,,,,,,,,,,,,,,,,,,9861500,false,false,6,2016-04-01,2016-09-30,-1
2018-01-30,31990,2018-03-31,3,76926000000,0.126,,,,,1762000000,0.164,1852000000,0.200,,1136000000,,115.20,,,,,,56579000000,13125000000,0.232,1330.99,13125000000,,,,,,,,,,,,true,false,9,2017-04-01,2017-12-31,0
2018-01-30,31990,2017-03-31,3,68348000000,0.022,,,,,1514000000,-0.016,1544000000,-0.018,,1028000000,,104.28,,,,,,,,,,,,,,,,,,,,,,true,false,9,2016-04-01,2016-12-31,-1
2018-01-30,31990,2018-03-31,3,101351000000,0.092,,,,,2039000000,0.036,2109000000,0.058,,1259000000,,127.71,,,,,,,,,,,,,,,,,,,,,,true,true,12,2017-04-01,2018-03-31,0
2018-01-30,31990,2017-03-31,3,,,,,,,,,,,,,,,,,,,,52052000000,12156000000,0.234,1232.74,12156000000,,,,,,,,,,,,true,false,12,2016-04-01,2017-03-31,-1
2018-01-30,31990,2017-03-31,3,,,,,,,,,,,,,,,,,,,,,,,,,,,,,26.00,,,,9861500,,,false,false,12,2016-04-01,2017-03-31,-1
2018-01-30,31990,2018-03-31,3,,,,,,,,,,,,,,,,,,,,,,,,,,,,,0.00,,,,,,,false,false,12,2017-04-01,2018-03-31,0
2018-01-30,31990,2018-03-31,3,,,,,,,,,,,,,,,,,,,,,,,,,,,,,31.00,,,,,,,false,true,12,2017-04-01,2018-03-31,0
2018-01-30,31990,2018-03-31,3,,,,,,,,,,,,,,,,,,,,,,,,,,,,,,,,,9861500,48,9861490,false,false,9,2017-04-01,2017-12-31,0
2018-01-30,31990,2017-03-31,3,,,,,,,,,,,,,,,,,,,,,,,,,,,,,,,,,,,9861500,false,false,9,2016-04-01,2016-12-31,-1
2018-05-11,31990,2018-03-31,,102364000000,0.103,,,,,2346000000,0.192,2501000000,0.254,,1483000000,,150.46,,0.116,0.046,0.023,,56184000000,13438000000,0.239,1362.72,13438000000,6384000000,-591000000,-3973000000,5108000000,,0.213,,,,,,true,false,12,2017-04-01,2018-03-31,0
2018-05-11,31990,2017-03-31,,92780000000,0.045,,,,,1969000000,0.146,1994000000,0.162,,1344000000,,136.34,,0.116,0.040,0.021,,52052000000,12156000000,0.234,1232.74,12156000000,6303000000,-339000000,-4639000000,3286000000,,0.191,,,,,,true,false,12,2016-04-01,2017-03-31,-1
2018-05-11,31990,2019-03-31,,50194000000,0.017,,,,,1099000000,0.248,1193000000,0.277,,693000000,,70.28,,,,,,,,,,,,,,,,,,,,,,true,true,6,2018-04-01,2018-09-30,1
2018-05-11,31990,2019-03-31,,102810000000,0.004,,,,,2441000000,0.041,2604000000,0.041,,1536000000,,155.83,,,,,,,,,,,,,,,,0.205,,,,,,true,true,12,2018-04-01,2019-03-31,1
2018-05-11,31990,2018-03-31,,2825000000,0.057,,,,,856000000,-0.023,857000000,-0.026,1068000000,,-0.007,108.33,,,,,,24826000000,8218000000,0.331,833.43,8218000000,,,,,32.00,,,,9861500,48,9861480,false,false,12,2017-04-01,2018-03-31,0
2018-05-11,31990,2017-03-31,,2673000000,0.039,,,,,876000000,0.142,880000000,0.204,1075000000,,0.324,109.06,,,,,,24086000000,7343000000,0.305,744.68,7343000000,,,,,26.00,,,,9861500,,9861500,false,false,12,2016-04-01,2017-03-31,-1
2018-05-11,31990,2019-03-31,,,,,,,,,,,,,,,,,,,,,,,,,,,,,,32.00,,,,,,,false,true,12,2018-04-01,2019-03-31,1
2018-07-30,31990,2019-03-31,1,23715000000,-0.039,,,,,449000000,0.068,480000000,0.122,,371000000,,37.72,,,,,,54671000000,13448000000,0.246,1363.71,13448000000,,,,,,,,,,,,true,false,3,2018-04-01,2018-06-30,0
2018-07-30,31990,2018-03-31,1,24665000000,0.138,,,,,420000000,-0.010,427000000,-0.044,,243000000,,24.69,,,,,,,,,,,,,,,,,,,,,,true,false,3,2017-04-01,2017-06-30,-1
2018-07-30,31990,2019-03-31,1,50194000000,0.017,,,,,1099000000,0.248,1193000000,0.277,,693000000,,70.28,,,,,,,,,,,,,,,,,,,,,,true,true,6,2018-04-01,2018-09-30,0
2018-07-30,31990,2019-03-31,1,102810000000,0.004,,,,,2441000000,0.041,2604000000,0.041,,1536000000,,155.83,,,,,,,,,,,,,,,,,,,,,,true,true,12,2018-04-01,2019-03-31,0
2018-07-30,31990,2018-03-31,1,,,,,,,,,,,,,,,,,,,,56184000000,13438000000,0.239,1362.72,13438000000,,,,,,,,,,,,true,false,12,2017-04-01,2018-03-31,-1
2018-07-30,31990,2018-03-31,1,,,,,,,,,,,,,,,,,,,,,,,,,,,,,32.00,,,,9861500,48,,false,false,12,2017-04-01,2018-03-31,-1
2018-07-30,31990,2019-03-31,1,,,,,,,,,,,,,,,,,,,,,,,,,,,,,32.00,,,,,,,false,true,12,2018-04-01,2019-03-31,0
2018-07-30,31990,2019-03-31,1,,,,,,,,,,,,,,,,,,,,,,,,,,,,,,,,,9861500,48,9861452,false,false,3,2018-04-01,2018-06-30,0
2018-07-30,31990,2018-03-31,1,,,,,,,,,,,,,,,,,,,,,,,,,,,,,,,,,,,9861500,false,false,3,2017-04-01,2017-06-30,-1
2018-10-30,31990,2019-03-31,2,49138000000,-0.005,,,,,909000000,0.033,979000000,0.048,,661000000,,67.07,,,,,,54486000000,13766000000,0.253,1396.04,13766000000,,,,,,,,,,,,true,false,6,2018-04-01,2018-09-30,0
2018-10-30,31990,2018-03-31,2,49374000000,0.145,,,,,880000000,0.448,935000000,0.451,,590000000,,59.92,,,,,,,,,,,,,,,,,,,,,,true,false,6,2017-04-01,2017-09-30,-1
2018-10-30,31990,2019-03-31,2,102810000000,0.004,,,,,2441000000,0.041,2604000000,0.041,,1536000000,,155.83,,,,,,,,,,,,,,,,,,,,,,true,true,12,2018-04-01,2019-03-31,0
2018-10-30,31990,2018-03-31,2,,,,,,,,,,,,,,,,,,,,56184000000,13438000000,0.239,1362.72,13438000000,,,,,,,,,,,,true,false,12,2017-04-01,2018-03-31,-1
2018-10-30,31990,2018-03-31,2,,,,,,,,,,,,,,,,,,,,,,,,,,,,,32.00,,,,9861500,48,,false,false,12,2017-04-01,2018-03-31,-1
2018-10-30,31990,2019-03-31,2,,,,,,,,,,,,,,,,,,,,,,,,,,,,,0.00,,,,,,,false,false,12,2018-04-01,2019-03-31,0
2018-10-30,31990,2019-03-31,2,,,,,,,,,,,,,,,,,,,,,,,,,,,,,32.00,,,,,,,false,true,12,2018-04-01,2019-03-31,0
2018-10-30,31990,2019-03-31,2,,,,,,,,,,,,,,,,,,,,,,,,,,,,,,,,,9861500,48,9861452,false,false,6,2018-04-01,2018-09-30,0
2018-10-30,31990,2018-03-31,2,,,,,,,,,,,,,,,,,,,,,,,,,,,,,,,,,,,9861500,false,false,6,2017-04-01,2017-09-30,-1
2019-01-30,31990,2019-03-31,3,77824000000,0.012,,,,,1466000000,-0.168,1575000000,-0.150,,1002000000,,101.66,,,,,,59774000000,14069000000,0.235,1426.68,14069000000,,,,,,,,,,,,true,false,9,2018-04-01,2018-12-31,0
2019-01-30,31990,2018-03-31,3,76926000000,0.126,,,,,1762000000,0.164,1852000000,0.200,,1136000000,,115.20,,,,,,,,,,,,,,,,,,,,,,true,false,9,2017-04-01,2017-12-31,-1
2019-01-30,31990,2019-03-31,3,102810000000,0.004,,,,,2441000000,0.041,2604000000,0.041,,1536000000,,155.83,,,,,,,,,,,,,,,,,,,,,,true,true,12,2018-04-01,2019-03-31,0
2019-01-30,31990,2018-03-31,3,,,,,,,,,,,,,,,,,,,,56184000000,13438000000,0.239,1362.72,13438000000,,,,,,,,,,,,true,false,12,2017-04-01,2018-03-31,-1
2019-01-30,31990,2018-03-31,3,,,,,,,,,,,,,,,,,,,,,,,,,,,,,32.00,,,,9861500,48,,false,false,12,2017-04-01,2018-03-31,-1
2019-01-30,31990,2019-03-31,3,,,,,,,,,,,,,,,,,,,,,,,,,,,,,0.00,,,,,,,false,false,12,2018-04-01,2019-03-31,0
2019-01-30,31990,2019-03-31,3,,,,,,,,,,,,,,,,,,,,,,,,,,,,,32.00,,,,,,,false,true,12,2018-04-01,2019-03-31,0
2019-01-30,31990,2019-03-31,3,,,,,,,,,,,,,,,,,,,,,,,,,,,,,,,,,9861500,48,9861452,false,false,9,2018-04-01,2018-12-31,0
2019-01-30,31990,2018-03-31,3,,,,,,,,,,,,,,,,,,,,,,,,,,,,,,,,,,,9861490,false,false,9,2017-04-01,2017-12-31,-1
2019-05-10,31990,2019-03-31,,106462000000,0.040,,,,,2366000000,0.008,2506000000,0.002,,1612000000,,163.54,,0.115,0.043,0.022,,59364000000,14677000000,0.247,1488.41,14677000000,555000000,-2314000000,-237000000,3111000000,,0.202,,,,,,true,false,12,2018-04-01,2019-03-31,0
2019-05-10,31990,2018-03-31,,102364000000,0.103,,,,,2346000000,0.192,2501000000,0.254,,1483000000,,150.46,,0.116,0.046,0.023,,56184000000,13438000000,0.239,1362.72,13438000000,6384000000,-591000000,-3973000000,5108000000,,0.213,,,,,,true,false,12,2017-04-01,2018-03-31,-1
2019-05-10,31990,2020-03-31,,54725000000,0.114,,,,,1043000000,0.148,1121000000,0.145,,604000000,,61.35,,,,,,,,,,,,,,,,,,,,,,true,true,6,2019-04-01,2019-09-30,1
2019-05-10,31990,2020-03-31,,114245000000,0.073,,,,,2673000000,0.130,2811000000,0.122,,1640000000,,166.30,,,,,,,,,,,,,,,,0.204,,,,,,true,true,12,2019-04-01,2020-03-31,1
2019-05-10,31990,2019-03-31,,3732000000,0.321,,,,,1412000000,0.649,1439000000,0.678,1400000000,,0.311,142.00,,,,,,26539000000,9239000000,0.348,936.95,9239000000,,,,,33.00,,,,9861500,48,9861452,false,false,12,2018-04-01,2019-03-31,0
2019-05-10,31990,2018-03-31,,2825000000,0.057,,,,,856000000,-0.023,857000000,-0.026,1068000000,,-0.007,108.33,,,,,,24826000000,8218000000,0.331,833.43,8218000000,,,,,32.00,,,,9861500,48,9861480,false,false,12,2017-04-01,2018-03-31,-1
2019-05-10,31990,2020-03-31,,,,,,,,,,,,,,,,,,,,,,,,,,,,,,34.00,,,,,,,false,true,12,2019-04-01,2020-03-31,1
2019-07-29,31990,2020-03-31,1,28209000000,0.190,,,,,255000000,-0.431,278000000,-0.420,,153000000,,15.58,,,,,,59128000000,14452000000,0.244,1465.59,14452000000,,,,,,,,,,,,true,false,3,2019-04-01,2019-06-30,0
2019-07-29,31990,2019-03-31,1,23715000000,-0.039,,,,,449000000,0.068,480000000,0.122,,371000000,,37.72,,,,,,,,,,,,,,,,,,,,,,true,false,3,2018-04-01,2018-06-30,-1
2019-07-29,31990,2020-03-31,1,54725000000,0.114,,,,,1043000000,0.148,1121000000,0.145,,604000000,,61.35,,,,,,,,,,,,,,,,,,,,,,true,true,6,2019-04-01,2019-09-30,0
2019-07-29,31990,2020-03-31,1,114245000000,0.073,,,,,2673000000,0.130,2811000000,0.122,,1640000000,,166.30,,,,,,,,,,,,,,,,,,,,,,true,true,12,2019-04-01,2020-03-31,0
2019-07-29,31990,2019-03-31,1,,,,,,,,,,,,,,,,,,,,59364000000,14677000000,0.247,1488.41,14677000000,,,,,,,,,,,,true,false,12,2018-04-01,2019-03-31,-1
2019-07-29,31990,2019-03-31,1,,,,,,,,,,,,,,,,,,,,,,,,,,,,,33.00,,,,9861500,48,,false,false,12,2018-04-01,2019-03-31,-1
2019-07-29,31990,2020-03-31,1,,,,,,,,,,,,,,,,,,,,,,,,,,,,,34.00,,,,,,,false,true,12,2019-04-01,2020-03-31,0
2019-07-29,31990,2020-03-31,1,,,,,,,,,,,,,,,,,,,,,,,,,,,,,,,,,9861500,99,9861417,false,false,3,2019-04-01,2019-06-30,0
2019-07-29,31990,2019-03-31,1,,,,,,,,,,,,,,,,,,,,,,,,,,,,,,,,,,,9861452,false,false,3,2018-04-01,2018-06-30,-1
2019-10-31,31990,2020-03-31,2,58846000000,0.198,,,,,934000000,0.028,1013000000,0.035,,551000000,,55.88,,,,,,60580000000,14918000000,0.246,1509.60,14918000000,,,,,,,,,,,,true,false,6,2019-04-01,2019-09-30,0
2019-10-31,31990,2019-03-31,2,49138000000,-0.005,,,,,909000000,0.033,979000000,0.048,,661000000,,67.07,,,,,,,,,,,,,,,,,,,,,,true,false,6,2018-04-01,2018-09-30,-1
2019-10-31,31990,2020-03-31,2,114245000000,0.073,,,,,2673000000,0.130,2811000000,0.122,,1640000000,,166.30,,,,,,,,,,,,,,,,,,,,,,true,true,12,2019-04-01,2020-03-31,0
2019-10-31,31990,2019-03-31,2,,,,,,,,,,,,,,,,,,,,59364000000,14677000000,0.247,1488.41,14677000000,,,,,,,,,,,,true,false,12,2018-04-01,2019-03-31,-1
2019-10-31,31990,2019-03-31,2,,,,,,,,,,,,,,,,,,,,,,,,,,,,,33.00,,,,9861500,48,,false,false,12,2018-04-01,2019-03-31,-1
2019-10-31,31990,2020-03-31,2,,,,,,,,,,,,,,,,,,,,,,,,,,,,,0.00,,,,,,,false,false,12,2019-04-01,2020-03-31,0
2019-10-31,31990,2020-03-31,2,,,,,,,,,,,,,,,,,,,,,,,,,,,,,34.00,,,,,,,false,true,12,2019-04-01,2020-03-31,0
2019-10-31,31990,2020-03-31,2,,,,,,,,,,,,,,,,,,,,,,,,,,,,,,,,,9882397,99,9867462,false,false,6,2019-04-01,2019-09-30,0
2019-10-31,31990,2019-03-31,2,,,,,,,,,,,,,,,,,,,,,,,,,,,,,,,,,,,9861452,false,false,6,2018-04-01,2018-09-30,-1
2020-01-30,31990,2020-03-31,3,89991000000,0.156,,,,,1997000000,0.362,2100000000,0.334,,1266000000,,128.29,,,,,,63646000000,15699000000,0.247,1588.67,15699000000,,,,,,,,,,,,true,false,9,2019-04-01,2019-12-31,0
2020-01-30,31990,2019-03-31,3,77824000000,0.012,,,,,1466000000,-0.168,1575000000,-0.150,,1002000000,,101.66,,,,,,,,,,,,,,,,,,,,,,true,false,9,2018-04-01,2018-12-31,-1
2020-01-30,31990,2020-03-31,3,114245000000,0.073,,,,,2673000000,0.130,2811000000,0.122,,1640000000,,166.30,,,,,,,,,,,,,,,,,,,,,,true,true,12,2019-04-01,2020-03-31,0
2020-01-30,31990,2019-03-31,3,,,,,,,,,,,,,,,,,,,,59364000000,14677000000,0.247,1488.41,14677000000,,,,,,,,,,,,true,false,12,2018-04-01,2019-03-31,-1
2020-01-30,31990,2019-03-31,3,,,,,,,,,,,,,,,,,,,,,,,,,,,,,33.00,,,,9861500,48,,false,false,12,2018-04-01,2019-03-31,-1
2020-01-30,31990,2020-03-31,3,,,,,,,,,,,,,,,,,,,,,,,,,,,,,0.00,,,,,,,false,false,12,2019-04-01,2020-03-31,0
2020-01-30,31990,2020-03-31,3,,,,,,,,,,,,,,,,,,,,,,,,,,,,,34.00,,,,,,,false,true,12,2019-04-01,2020-03-31,0
2020-01-30,31990,2020-03-31,3,,,,,,,,,,,,,,,,,,,,,,,,,,,,,,,,,9882397,99,9872425,false,false,9,2019-04-01,2019-12-31,0
2020-01-30,31990,2019-03-31,3,,,,,,,,,,,,,,,,,,,,,,,,,,,,,,,,,,,9861452,false,false,9,2018-04-01,2018-12-31,-1
2020-05-14,31990,2020-03-31,,120187000000,0.129,,,,,2636000000,0.114,2813000000,0.122,,1519000000,,153.88,,0.100,0.046,0.022,,62286000000,15836000000,0.254,1602.54,15836000000,-425000000,-2065000000,1928000000,2557000000,,0.221,,,,,,true,false,12,2019-04-01,2020-03-31,0
2020-05-14,31990,2019-03-31,,106462000000,0.040,,,,,2366000000,0.008,2506000000,0.002,,1612000000,,163.54,,0.115,0.043,0.022,,59364000000,14677000000,0.247,1488.41,14677000000,555000000,-2314000000,-237000000,3111000000,,0.202,,,,,,true,false,12,2018-04-01,2019-03-31,-1
2020-05-14,31990,2021-03-31,,59785000000,0.016,,,,,1221000000,0.306,1301000000,0.285,,773000000,,78.29,,,,,,,,,,,,,,,,,,,,,,true,true,6,2020-04-01,2020-09-30,1
2020-05-14,31990,2021-03-31,,120277000000,0.001,,,,,2653000000,0.006,2851000000,0.014,,1650000000,,167.03,,,,,,,,,,,,,,,,0.204,,,,,,true,true,12,2020-04-01,2021-03-31,1
2020-05-14,31990,2020-03-31,,3845000000,0.030,,,,,1079000000,-0.235,1125000000,-0.218,957000000,,-0.316,96.96,,,,,,29281000000,9849000000,0.336,996.71,9849000000,,,,,34.00,,,,9882397,128,9874875,false,false,12,2019-04-01,2020-03-31,0
2020-05-14,31990,2019-03-31,,3732000000,0.321,,,,,1412000000,0.649,1439000000,0.678,1400000000,,0.311,142.00,,,,,,26539000000,9239000000,0.348,936.95,9239000000,,,,,33.00,,,,9861500,48,9861452,false,false,12,2018-04-01,2019-03-31,-1
2020-05-14,31990,2021-03-31,,,,,,,,,,,,,,,,,,,,,,,,,,,,,,34.00,,,,,,,false,true,12,2020-04-01,2021-03-31,1
2020-07-30,31990,2021-03-31,1,30190000000,0.070,,,,,1366000000,4.348,1436000000,4.157,,986000000,,99.81,,,,,,61571000000,16502000000,0.268,1669.89,16502000000,,,,,,,,,,,,true,false,3,2020-04-01,2020-06-30,0
2020-07-30,31990,2020-03-31,1,28209000000,0.190,,,,,255000000,-0.431,278000000,-0.420,,153000000,,15.58,,,,,,,,,,,,,,,,,,,,,,true,false,3,2019-04-01,2019-06-30,-1
2020-07-30,31990,2021-03-31,1,59785000000,0.016,,,,,1770000000,0.893,1889000000,0.864,,1139000000,,115.29,,,,,,,,,,,,,,,,,,,,,,true,true,6,2020-04-01,2020-09-30,0
2020-07-30,31990,2021-03-31,1,120277000000,0.001,,,,,2950000000,0.119,3200000000,0.137,,1885000000,,190.75,,,,,,,,,,,,,,,,,,,,,,true,true,12,2020-04-01,2021-03-31,0
2020-07-30,31990,2020-03-31,1,,,,,,,,,,,,,,,,,,,,62286000000,15836000000,0.254,1602.54,15836000000,,,,,,,,,,,,true,false,12,2019-04-01,2020-03-31,-1
2020-07-30,31990,2020-03-31,1,,,,,,,,,,,,,,,,,,,,,,,,,,,,,34.00,,,,9882397,128,,false,false,12,2019-04-01,2020-03-31,-1
2020-07-30,31990,2021-03-31,1,,,,,,,,,,,,,,,,,,,,,,,,,,,,,34.00,,,,,,,false,true,12,2020-04-01,2021-03-31,0
2020-07-30,31990,2021-03-31,1,,,,,,,,,,,,,,,,,,,,,,,,,,,,,,,,,9882397,148,9882251,false,false,3,2020-04-01,2020-06-30,0
2020-07-30,31990,2020-03-31,1,,,,,,,,,,,,,,,,,,,,,,,,,,,,,,,,,,,9861417,false,false,3,2019-04-01,2019-06-30,-1
2020-10-26,31990,2021-03-31,,58896000000,-0.015,,,,,2300000000,0.299,2434000000,0.288,,1544000000,,78.07,,,,,,,,,,,,,,,,,,,,,,true,true,6,2020-04-01,2020-09-30,0
2020-10-26,31990,2020-03-31,,58846000000,,,,,,934000000,,1013000000,,,551000000,,27.94,,,,,,,,,,,,,,,,,,,,,,true,false,6,2019-04-01,2019-09-30,-1
2020-10-26,31990,2021-03-31,,115000000000,-0.044,,,,,3100000000,0.051,3350000000,0.047,,2100000000,,106.06,,,,,,,,,,,,,,,,,,,,,,true,true,12,2020-04-01,2021-03-31,0
2020-10-26,31990,2020-03-31,,120187000000,,,,,,2636000000,,2813000000,,,1519000000,,76.94,,,,,,,,,,,,,,,,,,,,,,true,false,12,2019-04-01,2020-03-31,-1
2020-10-29,31990,2021-03-31,2,58896000000,0.001,,,,,2300000000,1.460,2434000000,1.402,,1544000000,,78.07,,,,,,60004000000,17151000000,0.286,865.52,17151000000,,,,,,,,,,,,true,false,6,2020-04-01,2020-09-30,0
2020-10-29,31990,2020-03-31,2,58846000000,0.198,,,,,934000000,0.028,1013000000,0.035,,551000000,,27.94,,,,,,,,,,,,,,,,,,,,,,true,false,6,2019-04-01,2019-09-30,-1
2020-10-29,31990,2021-03-31,2,115000000000,-0.043,,,,,3100000000,0.176,3350000000,0.191,,2100000000,,106.06,,,,,,,,,,,,,,,,,,,,,,true,true,12,2020-04-01,2021-03-31,0
2020-10-29,31990,2020-03-31,2,,,,,,,,,,,,,,,,,,,,62286000000,15836000000,0.254,801.27,15836000000,,,,,,,,,,,,true,false,12,2019-04-01,2020-03-31,-1
2020-10-29,31990,2020-03-31,2,,,,,,,,,,,,,,,,,,,,,,,,,,,,,34.00,,,,19764794,256,,false,false,12,2019-04-01,2020-03-31,-1
2020-10-29,31990,2021-03-31,2,,,,,,,,,,,,,,,,,,,,,,,,,,,,,0.00,,,,,,,false,false,12,2020-04-01,2021-03-31,0
2020-10-29,31990,2021-03-31,2,,,,,,,,,,,,,,,,,,,,,,,,,,,,,18.00,,,,,,,false,true,12,2020-04-01,2021-03-31,0
2020-10-29,31990,2021-03-31,2,,,,,,,,,,,,,,,,,,,,,,,,,,,,,,,,,19816074,296,19782714,false,false,6,2020-04-01,2020-09-30,0
2020-10-29,31990,2020-03-31,2,,,,,,,,,,,,,,,,,,,,,,,,,,,,,,,,,,,19734922,false,false,6,2019-04-01,2019-09-30,-1
2021-01-29,31990,2021-03-31,3,88808000000,-0.013,,,,,3367000000,0.686,3599000000,0.713,,2137000000,,108.00,,,,,,62217000000,17725000000,0.285,894.51,17725000000,,,,,,,,,,,,true,false,9,2020-04-01,2020-12-31,0
2021-01-29,31990,2020-03-31,3,89991000000,0.156,,,,,1997000000,0.362,2100000000,0.334,,1266000000,,64.14,,,,,,,,,,,,,,,,,,,,,,true,false,9,2019-04-01,2019-12-31,-1
2021-01-29,31990,2021-03-31,3,115000000000,-0.043,,,,,3100000000,0.176,3350000000,0.191,,2100000000,,106.06,,,,,,,,,,,,,,,,,,,,,,true,true,12,2020-04-01,2021-03-31,0
2021-01-29,31990,2020-03-31,3,,,,,,,,,,,,,,,,,,,,62286000000,15836000000,0.254,801.27,15836000000,,,,,,,,,,,,true,false,12,2019-04-01,2020-03-31,-1
2021-01-29,31990,2020-03-31,3,,,,,,,,,,,,,,,,,,,,,,,,,,,,,34.00,,,,19764794,256,,false,false,12,2019-04-01,2020-03-31,-1
2021-01-29,31990,2021-03-31,3,,,,,,,,,,,,,,,,,,,,,,,,,,,,,0.00,,,,,,,false,false,12,2020-04-01,2021-03-31,0
2021-01-29,31990,2021-03-31,3,,,,,,,,,,,,,,,,,,,,,,,,,,,,,18.00,,,,,,,false,true,12,2020-04-01,2021-03-31,0
2021-01-29,31990,2021-03-31,3,,,,,,,,,,,,,,,,,,,,,,,,,,,,,,,,,19816074,296,19793775,false,false,9,2020-04-01,2020-12-31,0
2021-01-29,31990,2020-03-31,3,,,,,,,,,,,,,,,,,,,,,,,,,,,,,,,,,,,19744849,false,false,9,2019-04-01,2019-12-31,-1
2021-05-14,31990,2021-03-31,,114790000000,-0.045,,,,,3282000000,0.245,3527000000,0.254,,1919000000,,96.95,,0.115,0.058,0.029,,58906000000,17533000000,0.298,884.81,17533000000,6970000000,-1659000000,-2827000000,5040000000,,0.206,,,,,,true,false,12,2020-04-01,2021-03-31,0
2021-05-14,31990,2020-03-31,,120187000000,0.129,,,,,2636000000,0.114,2813000000,0.122,,1519000000,,76.94,,0.100,0.046,0.022,,62286000000,15836000000,0.254,801.27,15836000000,-425000000,-2065000000,1928000000,2557000000,,0.221,,,,,,true,false,12,2019-04-01,2020-03-31,-1
2021-05-14,31990,2022-03-31,,56559000000,-0.040,,,,,1236000000,-0.462,1335000000,-0.452,,769000000,,38.83,,,,,,,,,,,,,,,,,,,,,,true,true,6,2021-04-01,2021-09-30,1
2021-05-14,31990,2022-03-31,,120000000000,0.045,,,,,3371000000,0.027,3550000000,0.006,,2100000000,,105.98,,,,,,,,,,,,,,,,0.198,,,,,,true,true,12,2021-04-01,2022-03-31,1
2021-05-14,31990,2021-03-31,,4929000000,0.282,,,,,1772000000,0.641,1816000000,0.613,1933000000,,1.020,97.66,,,,,,30589000000,11559000000,0.378,583.33,11559000000,,,,,20.00,,,,19816074,296,19799201,false,false,12,2020-04-01,2021-03-31,0
2021-05-14,31990,2020-03-31,,3845000000,0.030,,,,,1079000000,-0.235,1125000000,-0.218,957000000,,-0.316,48.48,,,,,,29281000000,9849000000,0.336,498.36,9849000000,,,,,34.00,,,,19764794,256,19749751,false,false,12,2019-04-01,2020-03-31,-1
2021-05-14,31990,2022-03-31,,,,,,,,,,,,,,,,,,,,,,,,,,,,,,21.00,,,,,,,false,true,12,2021-04-01,2022-03-31,1
2021-07-30,31990,2022-03-31,1,26023000000,-0.138,,,,,336000000,-0.754,425000000,-0.704,,237000000,,12.00,,,,,,55444000000,17280000000,0.312,872.07,17280000000,,,,,,,,,,,,true,false,3,2021-04-01,2021-06-30,0
2021-07-30,31990,2021-03-31,1,30190000000,0.070,,,,,1366000000,4.348,1436000000,4.157,,986000000,,49.90,,,,,,,,,,,,,,,,,,,,,,true,false,3,2020-04-01,2020-06-30,-1
2021-07-30,31990,2022-03-31,1,56559000000,-0.040,,,,,1236000000,-0.462,1335000000,-0.452,,769000000,,38.83,,,,,,,,,,,,,,,,,,,,,,true,true,6,2021-04-01,2021-09-30,0
2021-07-30,31990,2022-03-31,1,120000000000,0.045,,,,,3371000000,0.027,3550000000,0.006,,2100000000,,105.98,,,,,,,,,,,,,,,,,,,,,,true,true,12,2021-04-01,2022-03-31,0
2021-07-30,31990,2021-03-31,1,,,,,,,,,,,,,,,,,,,,58906000000,17533000000,0.298,884.81,17533000000,,,,,,,,,,,,true,false,12,2020-04-01,2021-03-31,-1
2021-07-30,31990,2021-03-31,1,,,,,,,,,,,,,,,,,,,,,,,,,,,,,20.00,,,,19816074,296,,false,false,12,2020-04-01,2021-03-31,-1
2021-07-30,31990,2022-03-31,1,,,,,,,,,,,,,,,,,,,,,,,,,,,,,21.00,,,,,,,false,true,12,2021-04-01,2022-03-31,0
2021-07-30,31990,2022-03-31,1,,,,,,,,,,,,,,,,,,,,,,,,,,,,,,,,,19816074,296,19815778,false,false,3,2021-04-01,2021-06-30,0
2021-07-30,31990,2021-03-31,1,,,,,,,,,,,,,,,,,,,,,,,,,,,,,,,,,,,19764503,false,false,3,2020-04-01,2020-06-30,-1
2021-10-27,31990,2022-03-31,,53834000000,-0.048,,,,,752000000,-0.391,957000000,-0.283,,807000000,,40.72,,,,,,,,,,,,,,,,,,,,,,true,true,6,2021-04-01,2021-09-30,0
2021-10-27,31990,2021-03-31,,58896000000,,,,,,2300000000,,2434000000,,,1544000000,,78.07,,,,,,,,,,,,,,,,,,,,,,true,false,6,2020-04-01,2020-09-30,-1
2021-10-28,3199,2022-03-31,2,53834000000,-0.086,,,,,752000000,-0.673,957000000,-0.607,,807000000,,40.72,,,,,,63427000000,17981000000,0.283,905.54,17981000000,,,,,,,,,,,,true,false,6,2021-04-01,2021-09-30,0
2021-10-28,3199,2021-03-31,2,58896000000,0.001,,,,,2300000000,1.460,2434000000,1.402,,1544000000,,78.07,,,,,,,,,,,,,,,,,,,,,,true,false,6,2020-04-01,2020-09-30,-1
2021-10-28,3199,2022-03-31,2,120000000000,0.045,,,,,3371000000,0.027,3550000000,0.006,,2100000000,,105.98,,,,,,,,,,,,,,,,,,,,,,true,true,12,2021-04-01,2022-03-31,0
2021-10-28,3199,2021-03-31,2,,,,,,,,,,,,,,,,,,,,58906000000,17533000000,0.298,884.81,17533000000,,,,,,,,,,,,true,false,12,2020-04-01,2021-03-31,-1
2021-10-28,3199,2021-03-31,2,,,,,,,,,,,,,,,,,,,,,,,,,,,,,20.00,,,,19816074,296,,false,false,12,2020-04-01,2021-03-31,-1
2021-10-28,3199,2022-03-31,2,,,,,,,,,,,,,,,,,,,,,,,,,,,,,0.00,,,,,,,false,false,12,2021-04-01,2022-03-31,0
2021-10-28,3199,2022-03-31,2,,,,,,,,,,,,,,,,,,,,,,,,,,,,,21.00,,,,,,,false,true,12,2021-04-01,2022-03-31,0
2021-10-28,3199,2022-03-31,2,,,,,,,,,,,,,,,,,,,,,,,,,,,,,,,,,19857426,296,19832047,false,false,6,2021-04-01,2021-09-30,0
2021-10-28,3199,2021-03-31,2,,,,,,,,,,,,,,,,,,,,,,,,,,,,,,,,,,,19782714,false,false,6,2020-04-01,2020-09-30,-1
2022-01-27,3199,2022-03-31,3,84943000000,-0.044,,,,,1659000000,-0.507,2119000000,-0.411,,1611000000,,81.24,,,,,,69437000000,18770000000,0.270,945.30,18770000000,,,,,,,,,,,,true,false,9,2021-04-01,2021-12-31,0
2022-01-27,3199,2021-03-31,3,88808000000,-0.013,,,,,3367000000,0.686,3599000000,0.713,,2137000000,,108.00,,,,,,,,,,,,,,,,,,,,,,true,false,9,2020-04-01,2020-12-31,-1
2022-01-27,3199,2022-03-31,3,120000000000,0.045,,,,,3371000000,0.027,3550000000,0.006,,2100000000,,105.98,,,,,,,,,,,,,,,,,,,,,,true,true,12,2021-04-01,2022-03-31,0
2022-01-27,3199,2021-03-31,3,,,,,,,,,,,,,,,,,,,,58906000000,17533000000,0.298,884.81,17533000000,,,,,,,,,,,,true,false,12,2020-04-01,2021-03-31,-1
2022-01-27,3199,2021-03-31,3,,,,,,,,,,,,,,,,,,,,,,,,,,,,,20.00,,,,19816074,296,,false,false,12,2020-04-01,2021-03-31,-1
2022-01-27,3199,2022-03-31,3,,,,,,,,,,,,,,,,,,,,,,,,,,,,,0.00,,,,,,,false,false,12,2021-04-01,2022-03-31,0
2022-01-27,3199,2022-03-31,3,,,,,,,,,,,,,,,,,,,,,,,,,,,,,21.00,,,,,,,false,true,12,2021-04-01,2022-03-31,0
2022-01-27,3199,2022-03-31,3,,,,,,,,,,,,,,,,,,,,,,,,,,,,,,,,,19857426,296,19840438,false,false,9,2021-04-01,2021-12-31,0
2022-01-27,3199,2021-03-31,3,,,,,,,,,,,,,,,,,,,,,,,,,,,,,,,,,,,19793775,false,false,9,2020-04-01,2020-12-31,-1
2022-05-13,3199,2022-03-31,,114500000000,,,,,,2401000000,-0.268,2936000000,-0.168,,2204000000,,111.07,,0.120,0.046,0.021,,69551000000,19345000000,0.278,974.25,19345000000,-1632000000,-4010000000,4786000000,4271000000,,0.189,,,,,,true,false,12,2021-04-01,2022-03-31,0
2022-05-13,3199,2021-03-31,,114790000000,-0.045,,,,,3282000000,0.245,3527000000,0.254,,1919000000,,96.95,,0.115,0.058,0.029,,58906000000,17533000000,0.298,884.81,17533000000,6970000000,-1659000000,-2827000000,5040000000,,0.206,,,,,,true,false,12,2020-04-01,2021-03-31,-1
2022-05-13,3199,2023-03-31,,61971000000,0.151,,,,,1042000000,0.384,1224000000,0.278,,810000000,,40.79,,,,,,,,,,,,,,,,,,,,,,true,true,6,2022-04-01,2022-09-30,1
2022-05-13,3199,2023-03-31,,125000000000,0.092,,,,,2950000000,0.228,3350000000,0.141,,2250000000,,113.31,,,,,,,,,,,,,,,,0.194,,,,,,true,true,12,2022-04-01,2023-03-31,1
2022-05-13,3199,2022-03-31,,4667000000,,,,,,1808000000,0.020,1853000000,0.020,1950000000,,0.009,98.28,,,,,,37033000000,13189000000,0.356,664.23,13189000000,,,,,21.00,,,,19857426,296,19844554,false,false,12,2021-04-01,2022-03-31,0
2022-05-13,3199,2021-03-31,,4929000000,0.282,,,,,1772000000,0.641,1816000000,0.613,1933000000,,1.020,97.66,,,,,,30589000000,11559000000,0.378,583.33,11559000000,,,,,20.00,,,,19816074,296,19799201,false,false,12,2020-04-01,2021-03-31,-1
2022-05-13,3199,2023-03-31,,,,,,,,,,,,,,,,,,,,,,,,,,,,,,22.00,,,,,,,false,true,12,2022-04-01,2023-03-31,1
2022-07-29,3199,2023-03-31,1,30969000000,0.190,,,,,497000000,0.479,647000000,0.521,,332000000,,16.73,,,,,,74721000000,19297000000,0.258,971.81,19297000000,,,,,,,,,,,,true,false,3,2022-04-01,2022-06-30,0
2022-07-29,3199,2022-03-31,1,26023000000,-0.138,,,,,336000000,-0.754,425000000,-0.704,,237000000,,12.00,,,,,,,,,,,,,,,,,,,,,,true,false,3,2021-04-01,2021-06-30,-1
2022-07-29,3199,2023-03-31,1,61971000000,0.151,,,,,1042000000,0.384,1224000000,0.278,,810000000,,40.79,,,,,,,,,,,,,,,,,,,,,,true,true,6,2022-04-01,2022-09-30,0
2022-07-29,3199,2023-03-31,1,125000000000,0.092,,,,,2950000000,0.228,3350000000,0.141,,2250000000,,113.31,,,,,,,,,,,,,,,,,,,,,,true,true,12,2022-04-01,2023-03-31,0
2022-07-29,3199,2022-03-31,1,,,,,,,,,,,,,,,,,,,,69551000000,19345000000,0.278,974.25,19345000000,,,,,,,,,,,,true,false,12,2021-04-01,2022-03-31,-1
2022-07-29,3199,2022-03-31,1,,,,,,,,,,,,,,,,,,,,,,,,,,,,,21.00,,,,19857426,296,,false,false,12,2021-04-01,2022-03-31,-1
2022-07-29,3199,2023-03-31,1,,,,,,,,,,,,,,,,,,,,,,,,,,,,,22.00,,,,,,,false,true,12,2022-04-01,2023-03-31,0
2022-07-29,3199,2023-03-31,1,,,,,,,,,,,,,,,,,,,,,,,,,,,,,,,,,19857426,296,19857130,false,false,3,2022-04-01,2022-06-30,0
2022-07-29,3199,2022-03-31,1,,,,,,,,,,,,,,,,,,,,,,,,,,,,,,,,,,,19815778,false,false,3,2021-04-01,2021-06-30,-1
2022-10-27,3199,2023-03-31,2,64288000000,0.194,,,,,1126000000,0.497,1422000000,0.485,,703000000,,35.43,,,,,,81777000000,19751000000,0.242,992.82,19751000000,,,,,,,,,,,,true,false,6,2022-04-01,2022-09-30,0
2022-10-27,3199,2022-03-31,2,53834000000,-0.086,,,,,752000000,-0.673,957000000,-0.607,,807000000,,40.72,,,,,,,,,,,,,,,,,,,,,,true,false,6,2021-04-01,2021-09-30,-1
2022-10-27,3199,2023-03-31,2,125000000000,0.092,,,,,2950000000,0.228,3350000000,0.141,,2250000000,,113.31,,,,,,,,,,,,,,,,,,,,,,true,true,12,2022-04-01,2023-03-31,0
2022-10-27,3199,2022-03-31,2,,,,,,,,,,,,,,,,,,,,69551000000,19345000000,0.278,974.25,19345000000,,,,,,,,,,,,true,false,12,2021-04-01,2022-03-31,-1
2022-10-27,3199,2022-03-31,2,,,,,,,,,,,,,,,,,,,,,,,,,,,,,21.00,,,,19857426,296,,false,false,12,2021-04-01,2022-03-31,-1
2022-10-27,3199,2023-03-31,2,,,,,,,,,,,,,,,,,,,,,,,,,,,,,0.00,,,,,,,false,false,12,2022-04-01,2023-03-31,0
2022-10-27,3199,2023-03-31,2,,,,,,,,,,,,,,,,,,,,,,,,,,,,,22.00,,,,,,,false,true,12,2022-04-01,2023-03-31,0
2022-10-27,3199,2023-03-31,2,,,,,,,,,,,,,,,,,,,,,,,,,,,,,,,,,19894434,296,19871488,false,false,6,2022-04-01,2022-09-30,0
2022-10-27,3199,2022-03-31,2,,,,,,,,,,,,,,,,,,,,,,,,,,,,,,,,,,,19832047,false,false,6,2021-04-01,2021-09-30,-1
2023-01-31,3199,2023-03-31,3,100593000000,0.184,,,,,2108000000,0.270,2572000000,0.214,,1390000000,,69.95,,,,,,87639000000,20460000000,0.233,1028.46,20460000000,,,,,,,,,,,,true,false,9,2022-04-01,2022-12-31,0
2023-01-31,3199,2022-03-31,3,84943000000,-0.044,,,,,1659000000,-0.507,2119000000,-0.411,,1611000000,,81.24,,,,,,,,,,,,,,,,,,,,,,true,false,9,2021-04-01,2021-12-31,-1
2023-01-31,3199,2023-03-31,3,125000000000,0.092,,,,,2950000000,0.228,3350000000,0.141,,2250000000,,113.31,,,,,,,,,,,,,,,,,,,,,,true,true,12,2022-04-01,2023-03-31,0
2023-01-31,3199,2022-03-31,3,,,,,,,,,,,,,,,,,,,,69551000000,19345000000,0.278,974.25,19345000000,,,,,,,,,,,,true,false,12,2021-04-01,2022-03-31,-1
2023-01-31,3199,2022-03-31,3,,,,,,,,,,,,,,,,,,,,,,,,,,,,,21.00,,,,19857426,296,,false,false,12,2021-04-01,2022-03-31,-1
2023-01-31,3199,2023-03-31,3,,,,,,,,,,,,,,,,,,,,,,,,,,,,,0.00,,,,,,,false,false,12,2022-04-01,2023-03-31,0
2023-01-31,3199,2023-03-31,3,,,,,,,,,,,,,,,,,,,,,,,,,,,,,22.00,,,,,,,false,true,12,2022-04-01,2023-03-31,0
2023-01-31,3199,2023-03-31,3,,,,,,,,,,,,,,,,,,,,,,,,,,,,,,,,,19894434,296,19879065,false,false,9,2022-04-01,2022-12-31,0
2023-01-31,3199,2022-03-31,3,,,,,,,,,,,,,,,,,,,,,,,,,,,,,,,,,,,19840438,false,false,9,2021-04-01,2021-12-31,-1
2023-05-12,3199,2023-03-31,,134299000000,0.173,,,,,2402000000,0.001,3057000000,0.041,,1653000000,,83.16,,0.081,0.040,0.018,,84202000000,21251000000,0.252,1068.23,21251000000,-3653000000,-3956000000,6163000000,2871000000,,0.265,,,,,,true,false,12,2022-04-01,2023-03-31,0
2023-05-12,3199,2022-03-31,,114500000000,,,,,,2401000000,-0.268,2936000000,-0.168,,2204000000,,111.07,,0.120,0.046,0.021,,69551000000,19345000000,0.278,974.25,19345000000,-1632000000,-4010000000,4786000000,4271000000,,0.189,,,,,,true,false,12,2021-04-01,2022-03-31,-1
2023-05-12,3199,2024-03-31,,65763000000,0.023,,,,,895000000,-0.206,1040000000,-0.269,,630000000,,31.67,,,,,,,,,,,,,,,,,,,,,,true,true,6,2023-04-01,2023-09-30,1
2023-05-12,3199,2024-03-31,,138000000000,0.028,,,,,2724000000,0.134,3120000000,0.020,,1850000000,,92.99,,,,,,,,,,,,,,,,0.247,,,,,,true,true,12,2023-04-01,2024-03-31,1
2023-05-12,3199,2023-03-31,,4349000000,-0.068,,,,,1121000000,-0.380,1284000000,-0.307,1040000000,,-0.466,52.35,,,,,,45504000000,14456000000,0.318,726.69,14456000000,,,,,22.00,,,,19894434,296,19882782,false,false,12,2022-04-01,2023-03-31,0
2023-05-12,3199,2022-03-31,,4667000000,,,,,,1808000000,0.020,1853000000,0.020,1950000000,,0.009,98.28,,,,,,37033000000,13189000000,0.356,664.23,13189000000,,,,,21.00,,,,19857426,296,19844554,false,false,12,2021-04-01,2022-03-31,-1
2023-05-12,3199,2024-03-31,,,,,,,,,,,,,,,,,,,,,,,,,,,,,,23.00,,,,,,,false,true,12,2023-04-01,2024-03-31,1
2023-07-27,3199,2024-03-31,1,29762000000,-0.039,,,,,240000000,-0.516,392000000,-0.394,,228000000,,11.48,,,,,,80969000000,20852000000,0.258,1048.15,20852000000,,,,,,,,,,,,true,false,3,2023-04-01,2023-06-30,0
2023-07-27,3199,2023-03-31,1,30969000000,0.190,,,,,497000000,0.479,647000000,0.521,,332000000,,16.73,,,,,,,,,,,,,,,,,,,,,,true,false,3,2022-04-01,2022-06-30,-1
2023-07-27,3199,2024-03-31,1,65763000000,0.023,,,,,895000000,-0.206,1040000000,-0.269,,630000000,,31.67,,,,,,,,,,,,,,,,,,,,,,true,true,6,2023-04-01,2023-09-30,0
2023-07-27,3199,2024-03-31,1,138000000000,0.028,,,,,2724000000,0.134,3120000000,0.020,,1850000000,,92.99,,,,,,,,,,,,,,,,,,,,,,true,true,12,2023-04-01,2024-03-31,0
2023-07-27,3199,2023-03-31,1,,,,,,,,,,,,,,,,,,,,84202000000,21251000000,0.252,1068.23,21251000000,,,,,,,,,,,,true,false,12,2022-04-01,2023-03-31,-1
2023-07-27,3199,2023-03-31,1,,,,,,,,,,,,,,,,,,,,,,,,,,,,,22.00,,,,19894434,296,,false,false,12,2022-04-01,2023-03-31,-1
2023-07-27,3199,2024-03-31,1,,,,,,,,,,,,,,,,,,,,,,,,,,,,,23.00,,,,,,,false,true,12,2023-04-01,2024-03-31,0
2023-07-27,3199,2024-03-31,1,,,,,,,,,,,,,,,,,,,,,,,,,,,,,,,,,19894434,296,19894138,false,false,3,2023-04-01,2023-06-30,0
2023-07-27,3199,2023-03-31,1,,,,,,,,,,,,,,,,,,,,,,,,,,,,,,,,,,,19857130,false,false,3,2022-04-01,2022-06-30,-1
2023-10-31,3199,2024-03-31,2,61978000000,-0.036,,,,,1032000000,-0.083,1261000000,-0.113,,766000000,,38.50,,,,,,78348000000,21571000000,0.275,1082.33,21571000000,,,,,,,,,,,,true,false,6,2023-04-01,2023-09-30,0
2023-10-31,3199,2023-03-31,2,64288000000,0.194,,,,,1126000000,0.497,1422000000,0.485,,703000000,,35.43,,,,,,,,,,,,,,,,,,,,,,true,false,6,2022-04-01,2022-09-30,-1
2023-10-31,3199,2024-03-31,2,138000000000,0.028,,,,,2724000000,0.134,3120000000,0.020,,1850000000,,92.99,,,,,,,,,,,,,,,,,,,,,,true,true,12,2023-04-01,2024-03-31,0
2023-10-31,3199,2023-03-31,2,,,,,,,,,,,,,,,,,,,,84202000000,21251000000,0.252,1068.23,21251000000,,,,,,,,,,,,true,false,12,2022-04-01,2023-03-31,-1
2023-10-31,3199,2023-03-31,2,,,,,,,,,,,,,,,,,,,,,,,,,,,,,22.00,,,,19894434,296,,false,false,12,2022-04-01,2023-03-31,-1
2023-10-31,3199,2024-03-31,2,,,,,,,,,,,,,,,,,,,,,,,,,,,,,0.00,,,,,,,false,false,12,2023-04-01,2024-03-31,0
2023-10-31,3199,2024-03-31,2,,,,,,,,,,,,,,,,,,,,,,,,,,,,,23.00,,,,,,,false,true,12,2023-04-01,2024-03-31,0
2023-10-31,3199,2024-03-31,2,,,,,,,,,,,,,,,,,,,,,,,,,,,,,,,,,19931196,296,19908601,false,false,6,2023-04-01,2023-09-30,0
2023-10-31,3199,2023-03-31,2,,,,,,,,,,,,,,,,,,,,,,,,,,,,,,,,,,,19871488,false,false,6,2022-04-01,2022-09-30,-1
2024-01-30,3199,2024-03-31,3,96144000000,-0.044,,,,,2180000000,0.035,2485000000,-0.034,,1522000000,,76.45,,,,,,80269000000,22228000000,0.277,1115.26,22228000000,,,,,,,,,,,,true,false,9,2023-04-01,2023-12-31,0
2024-01-30,3199,2023-03-31,3,100593000000,0.184,,,,,2108000000,0.270,2572000000,0.214,,1390000000,,69.95,,,,,,,,,,,,,,,,,,,,,,true,false,9,2022-04-01,2022-12-31,-1
2024-01-30,3199,2024-03-31,3,138000000000,0.028,,,,,2724000000,0.134,3120000000,0.020,,1850000000,,92.99,,,,,,,,,,,,,,,,,,,,,,true,true,12,2023-04-01,2024-03-31,0
2024-01-30,3199,2023-03-31,3,,,,,,,,,,,,,,,,,,,,84202000000,21251000000,0.252,1068.23,21251000000,,,,,,,,,,,,true,false,12,2022-04-01,2023-03-31,-1
2024-01-30,3199,2023-03-31,3,,,,,,,,,,,,,,,,,,,,,,,,,,,,,22.00,,,,19894434,296,,false,false,12,2022-04-01,2023-03-31,-1
2024-01-30,3199,2024-03-31,3,,,,,,,,,,,,,,,,,,,,,,,,,,,,,0.00,,,,,,,false,false,12,2023-04-01,2024-03-31,0
2024-01-30,3199,2024-03-31,3,,,,,,,,,,,,,,,,,,,,,,,,,,,,,23.00,,,,,,,false,true,12,2023-04-01,2024-03-31,0
2024-01-30,3199,2024-03-31,3,,,,,,,,,,,,,,,,,,,,,,,,,,,,,,,,,19931196,296,19916061,false,false,9,2023-04-01,2023-12-31,0
2024-01-30,3199,2023-03-31,3,,,,,,,,,,,,,,,,,,,,,,,,,,,,,,,,,,,19879065,false,false,9,2022-04-01,2022-12-31,-1
2024-05-10,3199,2024-03-31,,128072000000,-0.046,,,,,2822000000,0.175,3237000000,0.059,,1854000000,,93.09,,0.084,0.040,0.022,,79270000000,22789000000,0.287,1143.40,22789000000,12467000000,-2170000000,-9484000000,3687000000,,0.247,,,,,,true,false,12,2023-04-01,2024-03-31,0
2024-05-10,3199,2023-03-31,,134299000000,0.173,,,,,2402000000,0.001,3057000000,0.041,,1653000000,,83.16,,0.081,0.040,0.018,,84202000000,21251000000,0.252,1068.23,21251000000,-3653000000,-3956000000,6163000000,2871000000,,0.265,,,,,,true,false,12,2022-04-01,2023-03-31,-1
2024-05-10,3199,2025-03-31,,63500000000,0.025,,,,,1120000000,0.084,1280000000,0.015,,770000000,,38.63,,,,,,,,,,,,,,,,,,,,,,true,true,6,2024-04-01,2024-09-30,1
2024-05-10,3199,2025-03-31,,132000000000,0.031,,,,,3170000000,0.123,3370000000,0.041,,1900000000,,95.33,,,,,,,,,,,,,,,,0.252,,,,,,true,true,12,2024-04-01,2025-03-31,1
2024-05-10,3199,2024-03-31,,4446000000,0.022,,,,,1188000000,0.059,1341000000,0.045,680000000,,-0.346,34.16,,,,,,38965000000,14741000000,0.378,739.65,14741000000,,,,,23.00,,,,19931196,296,19919750,false,false,12,2023-04-01,2024-03-31,0
2024-05-10,3199,2023-03-31,,4349000000,-0.068,,,,,1121000000,-0.380,1284000000,-0.307,1040000000,,-0.466,52.35,,,,,,45504000000,14456000000,0.318,726.69,14456000000,,,,,22.00,,,,19894434,296,19882782,false,false,12,2022-04-01,2023-03-31,-1
2024-05-10,3199,2025-03-31,,,,,,,,,,,,,,,,,,,,,,,,,,,,,,24.00,,,,,,,false,true,12,2024-04-01,2025-03-31,1
2024-07-25,3199,2025-03-31,1,31826000000,0.069,,,,,826000000,2.432,860000000,1.194,,616000000,,30.93,,,,,,84937000000,22860000000,0.269,1147.00,22860000000,,,,,,,,,,,,true,false,3,2024-04-01,2024-06-30,0
2024-07-25,3199,2024-03-31,1,29762000000,-0.039,,,,,240000000,-0.516,392000000,-0.394,,228000000,,11.48,,,,,,,,,,,,,,,,,,,,,,true,false,3,2023-04-01,2023-06-30,-1
2024-07-25,3199,2025-03-31,1,63500000000,0.025,,,,,1120000000,0.084,1280000000,0.015,,770000000,,38.63,,,,,,,,,,,,,,,,,,,,,,true,true,6,2024-04-01,2024-09-30,0
2024-07-25,3199,2025-03-31,1,132000000000,0.031,,,,,3170000000,0.123,3370000000,0.041,,1900000000,,95.33,,,,,,,,,,,,,,,,,,,,,,true,true,12,2024-04-01,2025-03-31,0
2024-07-25,3199,2024-03-31,1,,,,,,,,,,,,,,,,,,,,79270000000,22789000000,0.287,1143.40,22789000000,,,,,,,,,,,,true,false,12,2023-04-01,2024-03-31,-1
2024-07-25,3199,2024-03-31,1,,,,,,,,,,,,,,,,,,,,,,,,,,,,,23.00,,,,19931196,296,,false,false,12,2023-04-01,2024-03-31,-1
2024-07-25,3199,2025-03-31,1,,,,,,,,,,,,,,,,,,,,,,,,,,,,,24.00,,,,,,,false,true,12,2024-04-01,2025-03-31,0
2024-07-25,3199,2025-03-31,1,,,,,,,,,,,,,,,,,,,,,,,,,,,,,,,,,19931196,335,19930867,false,false,3,2024-04-01,2024-06-30,0
2024-07-25,3199,2024-03-31,1,,,,,,,,,,,,,,,,,,,,,,,,,,,,,,,,,,,19894138,false,false,3,2023-04-01,2023-06-30,-1
2024-10-25,31990,2025-03-31,,65270000000,0.028,,,,,1755000000,0.567,1783000000,0.393,,1240000000,,62.20,,,,,,,,,,,,,,,,,,,,,,true,true,6,2024-04-01,2024-09-30,0
2024-10-25,31990,2024-03-31,,61978000000,,,,,,1032000000,,1261000000,,,766000000,,38.50,,,,,,,,,,,,,,,,,,,,,,true,false,6,2023-04-01,2023-09-30,-1
2024-10-25,31990,2025-03-31,,135000000000,0.023,,,,,3500000000,0.104,3700000000,0.098,,2050000000,,102.76,,,,,,,,,,,,,,,,,,,,,,true,true,12,2024-04-01,2025-03-31,0
2024-10-25,31990,2024-03-31,,128072000000,,,,,,2822000000,,3237000000,,,1854000000,,93.09,,,,,,,,,,,,,,,,,,,,,,true,false,12,2023-04-01,2024-03-31,-1
2024-10-28,3199,2025-03-31,2,65270000000,0.053,,,,,1755000000,0.700,1783000000,0.414,,1240000000,,62.20,,,,,,83341000000,23389000000,0.281,1171.91,23389000000,,,,,,,,,,,,true,false,6,2024-04-01,2024-09-30,0
2024-10-28,3199,2024-03-31,2,61978000000,-0.036,,,,,1032000000,-0.083,1261000000,-0.113,,766000000,,38.50,,,,,,,,,,,,,,,,,,,,,,true,false,6,2023-04-01,2023-09-30,-1
2024-10-28,3199,2025-03-31,2,135000000000,0.054,,,,,3500000000,0.240,3700000000,0.143,,2050000000,,102.76,,,,,,,,,,,,,,,,,,,,,,true,true,12,2024-04-01,2025-03-31,0
2024-10-28,3199,2024-03-31,2,,,,,,,,,,,,,,,,,,,,79270000000,22789000000,0.287,1143.40,22789000000,,,,,,,,,,,,true,false,12,2023-04-01,2024-03-31,-1
2024-10-28,3199,2024-03-31,2,,,,,,,,,,,,,,,,,,,,,,,,,,,,,23.00,,,,19931196,296,,false,false,12,2023-04-01,2024-03-31,-1
2024-10-28,3199,2025-03-31,2,,,,,,,,,,,,,,,,,,,,,,,,,,,,,0.00,,,,,,,false,false,12,2024-04-01,2025-03-31,0
2024-10-28,3199,2025-03-31,2,,,,,,,,,,,,,,,,,,,,,,,,,,,,,24.00,,,,,,,false,true,12,2024-04-01,2025-03-31,0
2024-10-28,3199,2025-03-31,2,,,,,,,,,,,,,,,,,,,,,,,,,,,,,,,,,19958940,335,19941021,false,false,6,2024-04-01,2024-09-30,0
2024-10-28,3199,2024-03-31,2,,,,,,,,,,,,,,,,,,,,,,,,,,,,,,,,,,,19908601,false,false,6,2023-04-01,2023-09-30,-1
2024-10-28,3199,2025-03-31,2,65270000000,0.053,,,,,1755000000,0.700,1783000000,0.414,,1240000000,,62.20,,,,,,83341000000,23389000000,0.281,1171.91,23389000000,,,,,,,,,,,,true,false,6,2024-04-01,2024-09-30,0
2024-10-28,3199,2024-03-31,2,61978000000,-0.036,,,,,1032000000,-0.083,1261000000,-0.113,,766000000,,38.50,,,,,,,,,,,,,,,,,,,,,,true,false,6,2023-04-01,2023-09-30,-1
2024-10-28,3199,2025-03-31,2,135000000000,0.054,,,,,3500000000,0.240,3700000000,0.143,,2050000000,,102.76,,,,,,,,,,,,,,,,,,,,,,true,true,12,2024-04-01,2025-03-31,0
2024-10-28,3199,2024-03-31,2,,,,,,,,,,,,,,,,,,,,79270000000,22789000000,0.287,1143.40,22789000000,,,,,,,,,,,,true,false,12,2023-04-01,2024-03-31,-1
2024-10-28,3199,2024-03-31,2,,,,,,,,,,,,,,,,,,,,,,,,,,,,,23.00,,,,19931196,296,,false,false,12,2023-04-01,2024-03-31,-1
2024-10-28,3199,2025-03-31,2,,,,,,,,,,,,,,,,,,,,,,,,,,,,,0.00,,,,,,,false,false,12,2024-04-01,2025-03-31,0
2024-10-28,3199,2025-03-31,2,,,,,,,,,,,,,,,,,,,,,,,,,,,,,24.00,,,,,,,false,true,12,2024-04-01,2025-03-31,0
2024-10-28,3199,2025-03-31,2,,,,,,,,,,,,,,,,,,,,,,,,,,,,,,,,,19958940,335,19941021,false,false,6,2024-04-01,2024-09-30,0
2024-10-28,3199,2024-03-31,2,,,,,,,,,,,,,,,,,,,,,,,,,,,,,,,,,,,19908601,false,false,6,2023-04-01,2023-09-30,-1
2025-01-30,31990,2025-03-31,3,100967000000,0.050,,,,,2995000000,0.374,3217000000,0.295,,2146000000,,107.63,,,,,,87234000000,24488000000,0.281,1226.99,24488000000,,,,,,,,,,,,true,false,9,2024-04-01,2024-12-31,0
2025-01-30,31990,2024-03-31,3,96144000000,-0.044,,,,,2180000000,0.035,2485000000,-0.034,,1522000000,,76.45,,,,,,,,,,,,,,,,,,,,,,true,false,9,2023-04-01,2023-12-31,-1
2025-01-30,31990,2025-03-31,3,135000000000,0.054,,,,,3500000000,0.240,3700000000,0.143,,2050000000,,102.76,,,,,,,,,,,,,,,,,,,,,,true,true,12,2024-04-01,2025-03-31,0
2025-01-30,31990,2024-03-31,3,,,,,,,,,,,,,,,,,,,,79270000000,22789000000,0.287,1143.40,22789000000,,,,,,,,,,,,true,false,12,2023-04-01,2024-03-31,-1
2025-01-30,31990,2024-03-31,3,,,,,,,,,,,,,,,,,,,,,,,,,,,,,23.00,,,,19931196,296,,false,false,12,2023-04-01,2024-03-31,-1
2025-01-30,31990,2025-03-31,3,,,,,,,,,,,,,,,,,,,,,,,,,,,,,0.00,,,,,,,false,false,12,2024-04-01,2025-03-31,0
2025-01-30,31990,2025-03-31,3,,,,,,,,,,,,,,,,,,,,,,,,,,,,,29.00,,,,,,,false,true,12,2024-04-01,2025-03-31,0
2025-01-30,31990,2025-03-31,3,,,,,,,,,,,,,,,,,,,,,,,,,,,,,,,,,19958940,335,19946904,false,false,9,2024-04-01,2024-12-31,0
2025-01-30,31990,2024-03-31,3,,,,,,,,,,,,,,,,,,,,,,,,,,,,,,,,,,,19916061,false,false,9,2023-04-01,2023-12-31,-1
2025-05-12,31990,2025-03-31,,133594000000,0.043,,,,,3501000000,0.240,3812000000,0.178,,2077000000,,104.62,,0.090,0.048,0.026,,79434000000,23240000000,0.293,1200.54,23240000000,-2877000000,-1828000000,4860000000,3840000000,,0.277,,,,,,true,false,12,2024-04-01,2025-03-31,0
2025-05-12,31990,2024-03-31,,128072000000,-0.046,,,,,2822000000,0.175,3237000000,0.059,,1854000000,,93.09,,0.084,0.040,0.022,,79270000000,22789000000,0.287,1143.40,22789000000,12467000000,-2170000000,-9484000000,3687000000,,0.247,,,,,,true,false,12,2023-04-01,2024-03-31,-1
2025-05-12,31990,2026-03-31,,67720000000,0.038,,,,,1762000000,0.004,1803000000,0.011,,1150000000,,59.41,,,,,,,,,,,,,,,,,,,,,,true,true,6,2025-04-01,2025-09-30,1
2025-05-12,31990,2026-03-31,,139000000000,0.040,,,,,3840000000,0.097,4000000000,0.049,,2300000000,,118.81,,,,,,,,,,,,,,,,0.253,,,,,,true,true,12,2025-04-01,2026-03-31,1
2025-05-12,31990,2025-03-31,,4483000000,0.008,,,,,996000000,-0.161,1120000000,-0.165,1080000000,,0.588,54.40,,,,,,44516000000,14141000000,0.318,730.48,14141000000,,,,,29.00,,,,19958940,600335,19857734,false,false,12,2024-04-01,2025-03-31,0
2025-05-12,31990,2024-03-31,,4446000000,0.022,,,,,1188000000,0.059,1341000000,0.045,680000000,,-0.346,34.16,,,,,,38965000000,14741000000,0.378,739.65,14741000000,,,,,23.00,,,,19931196,296,19919750,false,false,12,2023-04-01,2024-03-31,-1
2025-05-12,31990,2026-03-31,,,,,,,,,,,,,,,,,,,,,,,,,,,,,,30.00,,,,,,,false,true,12,2025-04-01,2026-03-31,1
2025-07-24,31990,2026-03-31,1,32416000000,0.019,,,,,683000000,-0.174,813000000,-0.055,,645000000,,33.34,,,,,,78264000000,23374000000,0.299,1207.44,23374000000,,,,,,,,,,,,true,false,3,2025-04-01,2025-06-30,0
2025-07-24,31990,2025-03-31,1,31826000000,0.069,,,,,826000000,2.432,860000000,1.194,,616000000,,30.93,,,,,,,,,,,,,,,,,,,,,,true,false,3,2024-04-01,2024-06-30,-1
2025-07-24,31990,2026-03-31,1,67720000000,0.038,,,,,1762000000,0.004,1803000000,0.011,,1150000000,,59.41,,,,,,,,,,,,,,,,,,,,,,true,true,6,2025-04-01,2025-09-30,0
2025-07-24,31990,2026-03-31,1,139000000000,0.040,,,,,3840000000,0.097,4000000000,0.049,,2300000000,,118.81,,,,,,,,,,,,,,,,,,,,,,true,true,12,2025-04-01,2026-03-31,0
2025-07-24,31990,2025-03-31,1,,,,,,,,,,,,,,,,,,,,79434000000,23240000000,0.293,1200.54,23240000000,,,,,,,,,,,,true,false,12,2024-04-01,2025-03-31,-1
2025-07-24,31990,2025-03-31,1,,,,,,,,,,,,,,,,,,,,,,,,,,,,,29.00,,,,19958940,600335,,false,false,12,2024-04-01,2025-03-31,-1
2025-07-24,31990,2026-03-31,1,,,,,,,,,,,,,,,,,,,,,,,,,,,,,30.00,,,,,,,false,true,12,2025-04-01,2026-03-31,0
2025-07-24,31990,2026-03-31,1,,,,,,,,,,,,,,,,,,,,,,,,,,,,,,,,,19958940,600335,19358605,false,false,3,2025-04-01,2025-06-30,0
2025-07-24,31990,2025-03-31,1,,,,,,,,,,,,,,,,,,,,,,,,,,,,,,,,,,,19930867,false,false,3,2024-04-01,2024-06-30,-1
