filing_date,code,fiscal_year_end,quarterly_period,net_sales,net_sales_change,revenue,revenue_change,operating_revenue,operating_revenue_change,operating_profit,operating_profit_change,ordinary_profit,ordinary_profit_change,net_income,net_income_of_parent,net_income_change,eps,diluted_eps,roe,roa,operating_profit_to_net_sales,operating_profit_to_revenue,total_assets,net_assets,equity_ratio,bps,owner_equity,operating_cash_flow,investing_cash_flow,financing_cash_flow,cash,dividend_per_share,payout_ratio,commemorative_dividend,extra_dividend,number_of_shares,number_of_treqsury_shares,avg_number_of_shares,is_consolidated,is_forecast,duration,period_start,period_end,period_pos
2015-07-30,33410,2016-03-31,1,48895000000,0.134,,,,,2052000000,1.336,1896000000,1.508,,1221000000,,174.21,,,,,,139535000000,18669000000,0.134,,18669000000,,,,,,,,,,,,true,false,3,2015-04-01,2015-06-30,0
2015-07-30,33410,2015-03-31,1,43133000000,0.086,,,,,878000000,-0.180,756000000,-0.201,,293000000,,40.31,,,,,,,,,,,,,,,,,,,,,,true,false,3,2014-04-01,2014-06-30,-1
2015-07-30,33410,2016-03-31,1,97980000000,0.121,,,,,2926000000,0.116,2553000000,0.102,,1195000000,,85.26,,,,,,,,,,,,,,,,,,,,,,true,true,6,2015-04-01,2015-09-30,0
2015-07-30,33410,2016-03-31,1,207523000000,0.141,,,,,8200000000,0.234,7434000000,0.238,,3583000000,,255.55,,,,,,,,,,,,,,,,,,,,,,true,true,12,2015-04-01,2016-03-31,0
2015-07-30,33410,2015-03-31,1,,,,,,,,,,,,,,,,,,,,130141000000,17635000000,0.136,,17635000000,,,,,,,,,,,,true,false,12,2014-04-01,2015-03-31,-1
2015-07-30,33410,2015-03-31,1,,,,,,,,,,,,,,,,,,,,,,,,,,,,,70.00,,,,8012000,1000444,,false,false,12,2014-04-01,2015-03-31,-1
2015-07-30,33410,2016-03-31,1,,,,,,,,,,,,,,,,,,,,,,,,,,,,,22.00,,,,,,,false,true,12,2015-04-01,2016-03-31,0
2015-07-30,33410,2016-03-31,1,,,,,,,,,,,,,,,,,,,,,,,,,,,,,,,,,8012000,1000894,7011313,false,false,3,2015-04-01,2015-06-30,0
2015-07-30,33410,2015-03-31,1,,,,,,,,,,,,,,,,,,,,,,,,,,,,,,,,,,,7268776,false,false,3,2014-04-01,2014-06-30,-1
2015-09-15,33410,2016-03-31,,99739000000,0.018,,,,,3650000000,0.247,3386000000,0.326,1849000000,,0.547,131.93,,,,,,,,,,,,,,,,,,,,,,true,true,6,2015-04-01,2015-09-30,0
2015-09-15,33410,2015-03-31,,87418000000,,,,,,2623000000,,2318000000,,1157000000,,,79.90,,,,,,,,,,,,,,,,,,,,,,true,false,6,2014-04-01,2014-09-30,-1
2015-10-29,33410,2016-03-31,2,100269000000,0.147,,,,,4214000000,0.607,3936000000,0.698,,2471000000,,176.23,,,,,,140831000000,19844000000,0.141,,19844000000,,,,,,,,,,,,true,false,6,2015-04-01,2015-09-30,0
2015-10-29,33410,2015-03-31,2,87418000000,0.091,,,,,2623000000,0.122,2318000000,0.131,,1157000000,,79.90,,,,,,,,,,,,,,,,,,,,,,true,false,6,2014-04-01,2014-09-30,-1
2015-10-29,33410,2016-03-31,2,220455000000,0.212,,,,,10742000000,0.616,9491000000,0.581,,5611000000,,400.17,,,,,,,,,,,,,,,,,,,,,,true,true,12,2015-04-01,2016-03-31,0
2015-10-29,33410,2015-03-31,2,,,,,,,,,,,,,,,,,,,,130141000000,17635000000,0.136,,17635000000,,,,,,,,,,,,true,false,12,2014-04-01,2015-03-31,-1
2015-10-29,33410,2015-03-31,2,,,,,,,,,,,,,,,,,,,,,,,,,,,,,70.00,,,,16024000,2000888,,false,false,12,2014-04-01,2015-03-31,-1
2015-10-29,33410,2016-03-31,2,,,,,,,,,,,,,,,,,,,,,,,,,,,,,40.00,,,,,,,false,false,12,2015-04-01,2016-03-31,0
2015-10-29,33410,2016-03-31,2,,,,,,,,,,,,,,,,,,,,,,,,,,,,,22.00,,,,,,,false,true,12,2015-04-01,2016-03-31,0
2015-10-29,33410,2016-03-31,2,,,,,,,,,,,,,,,,,,,,,,,,,,,,,,,,,16024000,2002568,14022240,false,false,6,2015-04-01,2015-09-30,0
2015-10-29,33410,2015-03-31,2,,,,,,,,,,,,,,,,,,,,,,,,,,,,,,,,,,,14490964,false,false,6,2014-04-01,2014-09-30,-1
,33410,2016-03-31,,,,,,,,,,,,,,,,,,,,,,,,,,,,,,25.00,,,,,,,false,true,12,2015-04-01,2016-03-31,0
,33410,2016-03-31,,,,,,,,,,,,,,,,,,,,,,,,,,,,,,40.00,,,,,,,false,false,12,2015-04-01,2016-03-31,0
,33410,2015-03-31,,,,,,,,,,,,,,,,,,,,,,,,,,,,,,70.00,,,,,,,false,false,12,2014-04-01,2015-03-31,-1
2016-01-29,33410,2016-03-31,3,158645000000,0.181,,,,,7353000000,0.593,6889000000,0.680,,4305000000,,303.88,,,,,,158155000000,30682000000,0.194,,30682000000,,,,,,,,,,,,true,false,9,2015-04-01,2015-12-31,0
2016-01-29,33410,2015-03-31,3,134386000000,0.092,,,,,4615000000,0.266,4100000000,0.268,,2245000000,,156.12,,,,,,,,,,,,,,,,,,,,,,true,false,9,2014-04-01,2014-12-31,-1
2016-01-29,33410,2016-03-31,3,220455000000,0.212,,,,,10742000000,0.616,9491000000,0.581,,5611000000,,400.17,,,,,,,,,,,,,,,,,,,,,,true,true,12,2015-04-01,2016-03-31,0
2016-01-29,33410,2015-03-31,3,,,,,,,,,,,,,,,,,,,,130141000000,17635000000,0.136,,17635000000,,,,,,,,,,,,true,false,12,2014-04-01,2015-03-31,-1
2016-01-29,33410,2015-03-31,3,,,,,,,,,,,,,,,,,,,,,,,,,,,,,70.00,,,,16024000,2000888,,false,false,12,2014-04-01,2015-03-31,-1
2016-01-29,33410,2016-03-31,3,,,,,,,,,,,,,,,,,,,,,,,,,,,,,40.00,,,,,,,false,false,12,2015-04-01,2016-03-31,0
2016-01-29,33410,2016-03-31,3,,,,,,,,,,,,,,,,,,,,,,,,,,,,,25.00,,,,,,,false,true,12,2015-04-01,2016-03-31,0
2016-01-29,33410,2016-03-31,3,,,,,,,,,,,,,,,,,,,,,,,,,,,,,,,,,16024000,29068,14169913,false,false,9,2015-04-01,2015-12-31,0
2016-01-29,33410,2015-03-31,3,,,,,,,,,,,,,,,,,,,,,,,,,,,,,,,,,,,14382125,false,false,9,2014-04-01,2014-12-31,-1
2016-04-28,33410,2016-03-31,,219239000000,0.206,,,,,10489000000,0.578,9878000000,0.645,,6329000000,,432.85,,0.253,0.069,0.048,,157609000000,32473000000,0.206,2030.22,32473000000,19327000000,-7823000000,7031000000,32380000000,,0.104,,,,,,true,false,12,2015-04-01,2016-03-31,0
2016-04-28,33410,2015-03-31,,181844000000,0.100,,,,,6647000000,0.401,6003000000,0.433,,2778000000,,194.48,,0.166,0.049,0.037,,130141000000,17635000000,0.136,1257.59,17635000000,5831000000,-8437000000,1422000000,13844000000,,0.180,,,,,,true,false,12,2014-04-01,2015-03-31,-1
2016-04-28,33410,2017-03-31,,118321000000,0.180,,,,,4991000000,0.184,4829000000,0.227,,3086000000,,193.00,,,,,,,,,,,,,,,,,,,,,,true,true,6,2016-04-01,2016-09-30,1
2016-04-28,33410,2017-03-31,,240013000000,0.095,,,,,11165000000,0.064,10778000000,0.091,,6642000000,,415.27,,,,,,,,,,,,,,,,0.120,,,,,,true,true,12,2016-04-01,2017-03-31,1
2016-04-28,33410,2016-03-31,,190338000000,0.207,,,,,6184000000,0.753,5866000000,0.934,3593000000,,2.171,245.73,,,,,,129344000000,27775000000,0.215,1736.51,27775000000,,,,,25.00,,,,16024000,29068,14623675,false,false,12,2015-04-01,2016-03-31,0
2016-04-28,33410,2015-03-31,,157752000000,0.083,,,,,3528000000,0.011,3033000000,0.023,1133000000,,0.088,79.33,,,,,,101548000000,15656000000,0.154,1116.47,15656000000,,,,,70.00,,,,16024000,2000888,14285738,false,false,12,2014-04-01,2015-03-31,-1
2016-04-28,33410,2017-03-31,,,,,,,,,,,,,,,,,,,,,,,,,,,,,,50.00,,,,,,,false,true,12,2016-04-01,2017-03-31,1
2016-07-29,33410,2017-03-31,1,54476000000,0.114,,,,,1620000000,-0.211,1545000000,-0.185,,981000000,,61.34,,,,,,163518000000,33044000000,0.202,,33044000000,,,,,,,,,,,,true,false,3,2016-04-01,2016-06-30,0
2016-07-29,33410,2016-03-31,1,48895000000,0.134,,,,,2052000000,1.336,1896000000,1.508,,1221000000,,87.10,,,,,,,,,,,,,,,,,,,,,,true,false,3,2015-04-01,2015-06-30,-1
2016-07-29,33410,2017-03-31,1,118321000000,0.180,,,,,4991000000,0.184,4829000000,0.227,,3086000000,,193.00,,,,,,,,,,,,,,,,,,,,,,true,true,6,2016-04-01,2016-09-30,0
2016-07-29,33410,2017-03-31,1,240013000000,0.095,,,,,11165000000,0.064,10778000000,0.091,,6642000000,,415.27,,,,,,,,,,,,,,,,,,,,,,true,true,12,2016-04-01,2017-03-31,0
2016-07-29,33410,2016-03-31,1,,,,,,,,,,,,,,,,,,,,157609000000,32473000000,0.206,,32473000000,,,,,,,,,,,,true,false,12,2015-04-01,2016-03-31,-1
2016-07-29,33410,2016-03-31,1,,,,,,,,,,,,,,,,,,,,,,,,,,,,,25.00,,,,16024000,29068,,false,false,12,2015-04-01,2016-03-31,-1
2016-07-29,33410,2017-03-31,1,,,,,,,,,,,,,,,,,,,,,,,,,,,,,50.00,,,,,,,false,true,12,2016-04-01,2017-03-31,0
2016-07-29,33410,2017-03-31,1,,,,,,,,,,,,,,,,,,,,,,,,,,,,,,,,,16024000,29128,15994905,false,false,3,2016-04-01,2016-06-30,0
2016-07-29,33410,2016-03-31,1,,,,,,,,,,,,,,,,,,,,,,,,,,,,,,,,,,,14022627,false,false,3,2015-04-01,2015-06-30,-1
2016-10-31,33410,2017-03-31,2,109478000000,0.092,,,,,3940000000,-0.065,3751000000,-0.047,,2339000000,,146.26,,,,,,159777000000,34372000000,0.215,,34372000000,,,,,,,,,,,,true,false,6,2016-04-01,2016-09-30,0
2016-10-31,33410,2016-03-31,2,100269000000,0.147,,,,,4214000000,0.607,3936000000,0.698,,2471000000,,176.23,,,,,,,,,,,,,,,,,,,,,,true,false,6,2015-04-01,2015-09-30,-1
2016-10-31,33410,2017-03-31,2,240013000000,0.095,,,,,11165000000,0.064,10778000000,0.091,,6642000000,,415.27,,,,,,,,,,,,,,,,,,,,,,true,true,12,2016-04-01,2017-03-31,0
2016-10-31,33410,2016-03-31,2,,,,,,,,,,,,,,,,,,,,157609000000,32473000000,0.206,,32473000000,,,,,,,,,,,,true,false,12,2015-04-01,2016-03-31,-1
2016-10-31,33410,2016-03-31,2,,,,,,,,,,,,,,,,,,,,,,,,,,,,,25.00,,,,16024000,29068,,false,false,12,2015-04-01,2016-03-31,-1
2016-10-31,33410,2017-03-31,2,,,,,,,,,,,,,,,,,,,,,,,,,,,,,25.00,,,,,,,false,false,12,2016-04-01,2017-03-31,0
2016-10-31,33410,2017-03-31,2,,,,,,,,,,,,,,,,,,,,,,,,,,,,,50.00,,,,,,,false,true,12,2016-04-01,2017-03-31,0
2016-10-31,33410,2017-03-31,2,,,,,,,,,,,,,,,,,,,,,,,,,,,,,,,,,16024000,29208,15994852,false,false,6,2016-04-01,2016-09-30,0
2016-10-31,33410,2016-03-31,2,,,,,,,,,,,,,,,,,,,,,,,,,,,,,,,,,,,14022240,false,false,6,2015-04-01,2015-09-30,-1
2017-01-31,33410,2017-03-31,3,166051000000,0.047,,,,,6101000000,-0.170,5773000000,-0.162,,3307000000,,206.81,,,,,,170626000000,35104000000,0.206,,35104000000,,,,,,,,,,,,true,false,9,2016-04-01,2016-12-31,0
2017-01-31,33410,2016-03-31,3,158645000000,0.181,,,,,7353000000,0.593,6889000000,0.680,,4305000000,,303.88,,,,,,,,,,,,,,,,,,,,,,true,false,9,2015-04-01,2015-12-31,-1
2017-01-31,33410,2017-03-31,3,222888000000,0.017,,,,,7985000000,-0.239,7907000000,-0.200,,4347000000,,271.78,,,,,,,,,,,,,,,,,,,,,,true,true,12,2016-04-01,2017-03-31,0
2017-01-31,33410,2016-03-31,3,,,,,,,,,,,,,,,,,,,,157609000000,32473000000,0.206,,32473000000,,,,,,,,,,,,true,false,12,2015-04-01,2016-03-31,-1
2017-01-31,33410,2016-03-31,3,,,,,,,,,,,,,,,,,,,,,,,,,,,,,25.00,,,,16024000,29068,,false,false,12,2015-04-01,2016-03-31,-1
2017-01-31,33410,2017-03-31,3,,,,,,,,,,,,,,,,,,,,,,,,,,,,,25.00,,,,,,,false,false,12,2016-04-01,2017-03-31,0
2017-01-31,33410,2017-03-31,3,,,,,,,,,,,,,,,,,,,,,,,,,,,,,50.00,,,,,,,false,true,12,2016-04-01,2017-03-31,0
2017-01-31,33410,2017-03-31,3,,,,,,,,,,,,,,,,,,,,,,,,,,,,,,,,,16024000,29348,15994805,false,false,9,2016-04-01,2016-12-31,0
2017-01-31,33410,2016-03-31,3,,,,,,,,,,,,,,,,,,,,,,,,,,,,,,,,,,,14169913,false,false,9,2015-04-01,2015-12-31,-1
2017-04-28,33410,2017-03-31,,223468000000,0.019,,,,,8519000000,-0.188,7976000000,-0.193,,4638000000,,290.03,,0.135,0.047,0.038,,178347000000,36447000000,0.204,2278.70,36447000000,-940000000,-28444000000,18205000000,21200000000,,0.172,,,,,,true,false,12,2016-04-01,2017-03-31,0
2017-04-28,33410,2016-03-31,,219239000000,0.206,,,,,10489000000,0.578,9878000000,0.645,,6329000000,,432.85,,0.253,0.069,0.048,,157609000000,32473000000,0.206,2030.22,32473000000,19327000000,-7823000000,7031000000,32380000000,,0.104,,,,,,true,false,12,2015-04-01,2016-03-31,-1
2017-04-28,33410,2018-03-31,,113606000000,0.038,,,,,4251000000,0.079,4115000000,0.097,,2231000000,,139.53,,,,,,,,,,,,,,,,,,,,,,true,true,6,2017-04-01,2017-09-30,1
2017-04-28,33410,2018-03-31,,234697000000,0.050,,,,,10105000000,0.186,9804000000,0.229,,5639000000,,352.59,,,,,,,,,,,,,,,,0.142,,,,,,true,true,12,2017-04-01,2018-03-31,1
2017-04-28,33410,2017-03-31,,185914000000,-0.023,,,,,4894000000,-0.209,4549000000,-0.224,2408000000,,-0.330,150.58,,,,,,136632000000,29449000000,0.216,1841.20,29449000000,,,,,50.00,,,,16024000,29448,15994766,false,false,12,2016-04-01,2017-03-31,0
2017-04-28,33410,2016-03-31,,190338000000,0.207,,,,,6184000000,0.753,5866000000,0.934,3593000000,,2.171,245.73,,,,,,129344000000,27775000000,0.215,1736.51,27775000000,,,,,25.00,,,,16024000,29068,14623675,false,false,12,2015-04-01,2016-03-31,-1
2017-04-28,33410,2018-03-31,,,,,,,,,,,,,,,,,,,,,,,,,,,,,,50.00,,,,,,,false,true,12,2017-04-01,2018-03-31,1
2017-07-31,33410,2018-03-31,1,58346000000,0.071,,,,,2184000000,0.348,2090000000,0.352,,1122000000,,70.21,,,,,,185572000000,37171000000,0.200,,37171000000,,,,,,,,,,,,true,false,3,2017-04-01,2017-06-30,0
2017-07-31,33410,2017-03-31,1,54476000000,0.114,,,,,1620000000,-0.211,1545000000,-0.185,,981000000,,61.34,,,,,,,,,,,,,,,,,,,,,,true,false,3,2016-04-01,2016-06-30,-1
2017-07-31,33410,2018-03-31,1,113606000000,0.038,,,,,4251000000,0.079,4115000000,0.097,,2231000000,,139.53,,,,,,,,,,,,,,,,,,,,,,true,true,6,2017-04-01,2017-09-30,0
2017-07-31,33410,2018-03-31,1,234697000000,0.050,,,,,10105000000,0.186,9804000000,0.229,,5639000000,,352.59,,,,,,,,,,,,,,,,,,,,,,true,true,12,2017-04-01,2018-03-31,0
2017-07-31,33410,2017-03-31,1,,,,,,,,,,,,,,,,,,,,178347000000,36447000000,0.204,,36447000000,,,,,,,,,,,,true,false,12,2016-04-01,2017-03-31,-1
2017-07-31,33410,2017-03-31,1,,,,,,,,,,,,,,,,,,,,,,,,,,,,,50.00,,,,16024000,29448,,false,false,12,2016-04-01,2017-03-31,-1
2017-07-31,33410,2018-03-31,1,,,,,,,,,,,,,,,,,,,,,,,,,,,,,50.00,,,,,,,false,true,12,2017-04-01,2018-03-31,0
2017-07-31,33410,2018-03-31,1,,,,,,,,,,,,,,,,,,,,,,,,,,,,,,,,,16024000,29548,15994485,false,false,3,2017-04-01,2017-06-30,0
2017-07-31,33410,2017-03-31,1,,,,,,,,,,,,,,,,,,,,,,,,,,,,,,,,,,,15994905,false,false,3,2016-04-01,2016-06-30,-1
2017-10-31,33410,2018-03-31,2,118149000000,0.079,,,,,4888000000,0.241,4635000000,0.236,,2805000000,,175.42,,,,,,187395000000,38623000000,0.206,,38623000000,,,,,,,,,,,,true,false,6,2017-04-01,2017-09-30,0
2017-10-31,33410,2017-03-31,2,109478000000,0.092,,,,,3940000000,-0.065,3751000000,-0.047,,2339000000,,146.26,,,,,,,,,,,,,,,,,,,,,,true,false,6,2016-04-01,2016-09-30,-1
2017-10-31,33410,2018-03-31,2,234697000000,0.050,,,,,10105000000,0.186,9804000000,0.229,,5639000000,,352.59,,,,,,,,,,,,,,,,,,,,,,true,true,12,2017-04-01,2018-03-31,0
2017-10-31,33410,2017-03-31,2,,,,,,,,,,,,,,,,,,,,178347000000,36447000000,0.204,,36447000000,,,,,,,,,,,,true,false,12,2016-04-01,2017-03-31,-1
2017-10-31,33410,2017-03-31,2,,,,,,,,,,,,,,,,,,,,,,,,,,,,,50.00,,,,16024000,29448,,false,false,12,2016-04-01,2017-03-31,-1
2017-10-31,33410,2018-03-31,2,,,,,,,,,,,,,,,,,,,,,,,,,,,,,25.00,,,,,,,false,false,12,2017-04-01,2018-03-31,0
2017-10-31,33410,2018-03-31,2,,,,,,,,,,,,,,,,,,,,,,,,,,,,,50.00,,,,,,,false,true,12,2017-04-01,2018-03-31,0
2017-10-31,33410,2018-03-31,2,,,,,,,,,,,,,,,,,,,,,,,,,,,,,,,,,16024000,29628,15994447,false,false,6,2017-04-01,2017-09-30,0
2017-10-31,33410,2017-03-31,2,,,,,,,,,,,,,,,,,,,,,,,,,,,,,,,,,,,15994852,false,false,6,2016-04-01,2016-09-30,-1
2018-01-31,33410,2018-03-31,3,180250000000,0.086,,,,,8328000000,0.365,7988000000,0.384,,5015000000,,313.61,,,,,,187601000000,40419000000,0.215,,40419000000,,,,,,,,,,,,true,false,9,2017-04-01,2017-12-31,0
2018-01-31,33410,2017-03-31,3,166051000000,0.047,,,,,6101000000,-0.170,5773000000,-0.162,,3307000000,,206.81,,,,,,,,,,,,,,,,,,,,,,true,false,9,2016-04-01,2016-12-31,-1
2018-01-31,33410,2018-03-31,3,234697000000,0.050,,,,,10105000000,0.186,9804000000,0.229,,5639000000,,352.59,,,,,,,,,,,,,,,,,,,,,,true,true,12,2017-04-01,2018-03-31,0
2018-01-31,33410,2017-03-31,3,,,,,,,,,,,,,,,,,,,,178347000000,36447000000,0.204,,36447000000,,,,,,,,,,,,true,false,12,2016-04-01,2017-03-31,-1
2018-01-31,33410,2017-03-31,3,,,,,,,,,,,,,,,,,,,,,,,,,,,,,50.00,,,,16024000,29448,,false,false,12,2016-04-01,2017-03-31,-1
2018-01-31,33410,2018-03-31,3,,,,,,,,,,,,,,,,,,,,,,,,,,,,,25.00,,,,,,,false,false,12,2017-04-01,2018-03-31,0
2018-01-31,33410,2018-03-31,3,,,,,,,,,,,,,,,,,,,,,,,,,,,,,50.00,,,,,,,false,true,12,2017-04-01,2018-03-31,0
2018-01-31,33410,2018-03-31,3,,,,,,,,,,,,,,,,,,,,,,,,,,,,,,,,,16024000,29788,15994384,false,false,9,2017-04-01,2017-12-31,0
2018-01-31,33410,2017-03-31,3,,,,,,,,,,,,,,,,,,,,,,,,,,,,,,,,,,,15994805,false,false,9,2016-04-01,2016-12-31,-1
2018-04-27,33410,2018-03-31,,241274000000,0.080,,,,,10587000000,0.243,10138000000,0.271,,6104000000,,381.69,,0.157,0.056,0.044,,186573000000,41506000000,0.222,2595.00,41504000000,23141000000,-13843000000,-2034000000,28464000000,,0.131,,,,,,true,false,12,2017-04-01,2018-03-31,0
2018-04-27,33410,2017-03-31,,223468000000,0.019,,,,,8519000000,-0.188,7976000000,-0.193,,4638000000,,290.03,,0.135,0.047,0.038,,178347000000,36447000000,0.204,2278.70,36447000000,-940000000,-28444000000,18205000000,21200000000,,0.172,,,,,,true,false,12,2016-04-01,2017-03-31,-1
2018-04-27,33410,2019-03-31,,123146000000,0.042,,,,,1549000000,-0.683,1409000000,-0.696,,932000000,,58.32,,,,,,,,,,,,,,,,,,,,,,true,true,6,2018-04-01,2018-09-30,1
2018-04-27,33410,2019-03-31,,253893000000,0.052,,,,,6318000000,-0.403,6078000000,-0.401,,3756000000,,234.84,,,,,,,,,,,,,,,,0.213,,,,,,true,true,12,2018-04-01,2019-03-31,1
2018-04-27,33410,2018-03-31,,198442000000,0.067,,,,,7322000000,0.496,7436000000,0.634,4427000000,,0.838,276.79,,,,,,140677000000,32811000000,0.233,2051.48,32811000000,,,,,50.00,,,,16024000,29868,15994331,false,false,12,2017-04-01,2018-03-31,0
2018-04-27,33410,2017-03-31,,185914000000,-0.023,,,,,4894000000,-0.209,4549000000,-0.224,2408000000,,-0.330,150.58,,,,,,136632000000,29449000000,0.216,1841.20,29449000000,,,,,50.00,,,,16024000,29448,15994766,false,false,12,2016-04-01,2017-03-31,-1
2018-04-27,33410,2019-03-31,,,,,,,,,,,,,,,,,,,,,,,,,,,,,,50.00,,,,,,,false,true,12,2018-04-01,2019-03-31,1
2018-07-31,33410,2019-03-31,1,59305000000,0.016,,,,,501000000,-0.771,398000000,-0.810,,40000000,,2.56,,,,,,196030000000,41171000000,0.210,,41170000000,,,,,,,,,,,,true,false,3,2018-04-01,2018-06-30,0
2018-07-31,33410,2018-03-31,1,58346000000,0.071,,,,,2184000000,0.348,2090000000,0.352,,1122000000,,70.21,,,,,,,,,,,,,,,,,,,,,,true,false,3,2017-04-01,2017-06-30,-1
2018-07-31,33410,2019-03-31,1,123146000000,0.042,,,,,1549000000,-0.683,1409000000,-0.696,,932000000,,58.32,,,,,,,,,,,,,,,,,,,,,,true,true,6,2018-04-01,2018-09-30,0
2018-07-31,33410,2019-03-31,1,253893000000,0.052,,,,,6318000000,-0.403,6078000000,-0.401,,3756000000,,234.84,,,,,,,,,,,,,,,,,,,,,,true,true,12,2018-04-01,2019-03-31,0
2018-07-31,33410,2018-03-31,1,,,,,,,,,,,,,,,,,,,,186569000000,41506000000,0.222,,41504000000,,,,,,,,,,,,true,false,12,2017-04-01,2018-03-31,-1
2018-07-31,33410,2018-03-31,1,,,,,,,,,,,,,,,,,,,,,,,,,,,,,50.00,,,,16024000,29868,,false,false,12,2017-04-01,2018-03-31,-1
2018-07-31,33410,2019-03-31,1,,,,,,,,,,,,,,,,,,,,,,,,,,,,,50.00,,,,,,,false,true,12,2018-04-01,2019-03-31,0
2018-07-31,33410,2019-03-31,1,,,,,,,,,,,,,,,,,,,,,,,,,,,,,,,,,16024000,29888,15994114,false,false,3,2018-04-01,2018-06-30,0
2018-07-31,33410,2018-03-31,1,,,,,,,,,,,,,,,,,,,,,,,,,,,,,,,,,,,15994485,false,false,3,2017-04-01,2017-06-30,-1
2018-10-31,33410,2019-03-31,2,118694000000,0.005,,,,,1547000000,-0.684,1265000000,-0.727,,744000000,,46.77,,,,,,183289000000,40781000000,0.222,,40780000000,,,,,,,,,,,,true,false,6,2018-04-01,2018-09-30,0
2018-10-31,33410,2018-03-31,2,118149000000,0.079,,,,,4888000000,0.241,4635000000,0.236,,2805000000,,175.42,,,,,,,,,,,,,,,,,,,,,,true,false,6,2017-04-01,2017-09-30,-1
2018-10-31,33410,2019-03-31,2,253893000000,0.052,,,,,6318000000,-0.403,6078000000,-0.401,,3756000000,,234.84,,,,,,,,,,,,,,,,,,,,,,true,true,12,2018-04-01,2019-03-31,0
2018-10-31,33410,2018-03-31,2,,,,,,,,,,,,,,,,,,,,186569000000,41506000000,0.222,,41504000000,,,,,,,,,,,,true,false,12,2017-04-01,2018-03-31,-1
2018-10-31,33410,2018-03-31,2,,,,,,,,,,,,,,,,,,,,,,,,,,,,,50.00,,,,16024000,29868,,false,false,12,2017-04-01,2018-03-31,-1
2018-10-31,33410,2019-03-31,2,,,,,,,,,,,,,,,,,,,,,,,,,,,,,25.00,,,,,,,false,false,12,2018-04-01,2019-03-31,0
2018-10-31,33410,2019-03-31,2,,,,,,,,,,,,,,,,,,,,,,,,,,,,,50.00,,,,,,,false,true,12,2018-04-01,2019-03-31,0
2018-10-31,33410,2019-03-31,2,,,,,,,,,,,,,,,,,,,,,,,,,,,,,,,,,16024000,358908,15927988,false,false,6,2018-04-01,2018-09-30,0
2018-10-31,33410,2018-03-31,2,,,,,,,,,,,,,,,,,,,,,,,,,,,,,,,,,,,15994447,false,false,6,2017-04-01,2017-09-30,-1
2019-01-31,33410,2019-03-31,3,183404000000,0.017,,,,,4385000000,-0.473,3855000000,-0.517,,2369000000,,150.51,,,,,,180824000000,40262000000,0.223,,40260000000,,,,,,,,,,,,true,false,9,2018-04-01,2018-12-31,0
2019-01-31,33410,2018-03-31,3,180250000000,0.086,,,,,8328000000,0.365,7988000000,0.384,,5015000000,,313.61,,,,,,,,,,,,,,,,,,,,,,true,false,9,2017-04-01,2017-12-31,-1
2019-01-31,33410,2019-03-31,3,253893000000,0.052,,,,,6318000000,-0.403,6078000000,-0.401,,3756000000,,234.84,,,,,,,,,,,,,,,,,,,,,,true,true,12,2018-04-01,2019-03-31,0
2019-01-31,33410,2018-03-31,3,,,,,,,,,,,,,,,,,,,,186569000000,41506000000,0.222,,41504000000,,,,,,,,,,,,true,false,12,2017-04-01,2018-03-31,-1
2019-01-31,33410,2018-03-31,3,,,,,,,,,,,,,,,,,,,,,,,,,,,,,50.00,,,,16024000,29868,,false,false,12,2017-04-01,2018-03-31,-1
2019-01-31,33410,2019-03-31,3,,,,,,,,,,,,,,,,,,,,,,,,,,,,,25.00,,,,,,,false,false,12,2018-04-01,2019-03-31,0
2019-01-31,33410,2019-03-31,3,,,,,,,,,,,,,,,,,,,,,,,,,,,,,50.00,,,,,,,false,true,12,2018-04-01,2019-03-31,0
2019-01-31,33410,2019-03-31,3,,,,,,,,,,,,,,,,,,,,,,,,,,,,,,,,,16024000,862690,15742183,false,false,9,2018-04-01,2018-12-31,0
2019-01-31,33410,2018-03-31,3,,,,,,,,,,,,,,,,,,,,,,,,,,,,,,,,,,,15994384,false,false,9,2017-04-01,2017-12-31,-1
2019-04-26,33410,2019-03-31,,245687000000,0.018,,,,,6733000000,-0.364,6077000000,-0.401,,3790000000,,243.47,,0.092,0.033,0.027,,178677000000,41073000000,0.230,2739.04,41068000000,13572000000,-1770000000,-10516000000,29749000000,,0.205,,,,,,true,false,12,2018-04-01,2019-03-31,0
2019-04-26,33410,2018-03-31,,241274000000,0.080,,,,,10587000000,0.243,10138000000,0.271,,6104000000,,381.69,,0.157,0.056,0.044,,186569000000,41506000000,0.222,2595.00,41504000000,23141000000,-13843000000,-2034000000,28464000000,,0.131,,,,,,true,false,12,2017-04-01,2018-03-31,-1
2019-04-26,33410,2020-03-31,,129872000000,0.094,,,,,2862000000,0.850,2789000000,1.204,,1444000000,,96.35,,,,,,,,,,,,,,,,,,,,,,true,true,6,2019-04-01,2019-09-30,1
2019-04-26,33410,2020-03-31,,268599000000,0.093,,,,,7231000000,0.074,7069000000,0.163,,4020000000,,268.17,,,,,,,,,,,,,,,,0.186,,,,,,true,true,12,2019-04-01,2020-03-31,1
2019-04-26,33410,2019-03-31,,203623000000,0.026,,,,,3450000000,-0.529,4266000000,-0.426,2417000000,,-0.454,155.30,,,,,,135271000000,30986000000,0.229,2066.60,30986000000,,,,,50.00,,,,16024000,1030190,15567340,false,false,12,2018-04-01,2019-03-31,0
2019-04-26,33410,2018-03-31,,198442000000,0.067,,,,,7322000000,0.496,7436000000,0.634,4427000000,,0.838,276.79,,,,,,140677000000,32811000000,0.233,2051.48,32811000000,,,,,50.00,,,,16024000,29868,15994331,false,false,12,2017-04-01,2018-03-31,-1
2019-04-26,33410,2020-03-31,,,,,,,,,,,,,,,,,,,,,,,,,,,,,,50.00,,,,,,,false,true,12,2019-04-01,2020-03-31,1
2019-07-31,33410,2020-03-31,1,64316000000,0.085,,,,,1770000000,2.531,1710000000,3.297,,833000000,,55.61,,,,,,184610000000,41539000000,0.225,,41534000000,,,,,,,,,,,,true,false,3,2019-04-01,2019-06-30,0
2019-07-31,33410,2019-03-31,1,59305000000,0.016,,,,,501000000,-0.771,398000000,-0.810,,40000000,,2.56,,,,,,,,,,,,,,,,,,,,,,true,false,3,2018-04-01,2018-06-30,-1
2019-07-31,33410,2020-03-31,1,129872000000,0.094,,,,,2862000000,0.850,2789000000,1.204,,1444000000,,96.35,,,,,,,,,,,,,,,,,,,,,,true,true,6,2019-04-01,2019-09-30,0
2019-07-31,33410,2020-03-31,1,268599000000,0.093,,,,,7231000000,0.074,7069000000,0.163,,4020000000,,268.17,,,,,,,,,,,,,,,,,,,,,,true,true,12,2019-04-01,2020-03-31,0
2019-07-31,33410,2019-03-31,1,,,,,,,,,,,,,,,,,,,,178677000000,41073000000,0.230,,41068000000,,,,,,,,,,,,true,false,12,2018-04-01,2019-03-31,-1
2019-07-31,33410,2019-03-31,1,,,,,,,,,,,,,,,,,,,,,,,,,,,,,50.00,,,,16024000,1030190,,false,false,12,2018-04-01,2019-03-31,-1
2019-07-31,33410,2020-03-31,1,,,,,,,,,,,,,,,,,,,,,,,,,,,,,50.00,,,,,,,false,true,12,2019-04-01,2020-03-31,0
2019-07-31,33410,2020-03-31,1,,,,,,,,,,,,,,,,,,,,,,,,,,,,,,,,,16024000,1030210,14993798,false,false,3,2019-04-01,2019-06-30,0
2019-07-31,33410,2019-03-31,1,,,,,,,,,,,,,,,,,,,,,,,,,,,,,,,,,,,15994114,false,false,3,2018-04-01,2018-06-30,-1
2019-10-28,33410,2020-03-31,,130000000000,0.001,,,,,4050000000,0.415,4000000000,0.434,,2050000000,,136.72,,,,,,,,,,,,,,,,,,,,,,true,true,6,2019-04-01,2019-09-30,0
2019-10-28,33410,2019-03-31,,118694000000,,,,,,1547000000,,1265000000,,,744000000,,46.77,,,,,,,,,,,,,,,,,,,,,,true,false,6,2018-04-01,2018-09-30,-1
2019-10-31,33410,2020-03-31,2,130297000000,0.098,,,,,4066000000,1.628,4001000000,2.162,,2094000000,,139.71,,,,,,179334000000,42804000000,0.239,,42799000000,,,,,,,,,,,,true,false,6,2019-04-01,2019-09-30,0
2019-10-31,33410,2019-03-31,2,118694000000,0.005,,,,,1547000000,-0.684,1265000000,-0.727,,744000000,,46.77,,,,,,,,,,,,,,,,,,,,,,true,false,6,2018-04-01,2018-09-30,-1
2019-10-31,33410,2020-03-31,2,268599000000,0.093,,,,,7231000000,0.074,7069000000,0.163,,4020000000,,268.17,,,,,,,,,,,,,,,,,,,,,,true,true,12,2019-04-01,2020-03-31,0
2019-10-31,33410,2019-03-31,2,,,,,,,,,,,,,,,,,,,,178677000000,41073000000,0.230,,41068000000,,,,,,,,,,,,true,false,12,2018-04-01,2019-03-31,-1
2019-10-31,33410,2019-03-31,2,,,,,,,,,,,,,,,,,,,,,,,,,,,,,50.00,,,,16024000,1030190,,false,false,12,2018-04-01,2019-03-31,-1
2019-10-31,33410,2020-03-31,2,,,,,,,,,,,,,,,,,,,,,,,,,,,,,25.00,,,,,,,false,false,12,2019-04-01,2020-03-31,0
2019-10-31,33410,2020-03-31,2,,,,,,,,,,,,,,,,,,,,,,,,,,,,,50.00,,,,,,,false,true,12,2019-04-01,2020-03-31,0
2019-10-31,33410,2020-03-31,2,,,,,,,,,,,,,,,,,,,,,,,,,,,,,,,,,16024000,1030317,14993765,false,false,6,2019-04-01,2019-09-30,0
2019-10-31,33410,2019-03-31,2,,,,,,,,,,,,,,,,,,,,,,,,,,,,,,,,,,,15927988,false,false,6,2018-04-01,2018-09-30,-1
2019-12-23,33410,2020-03-31,,268599000000,0.000,,,,,7231000000,0.000,7069000000,0.000,,6004000000,,400.43,,,,,,,,,,,,,,,,,,,,,,true,true,12,2019-04-01,2020-03-31,0
2019-12-23,33410,2019-03-31,,245687000000,,,,,,6733000000,,6077000000,,,3790000000,,243.47,,,,,,,,,,,,,,,,,,,,,,true,false,12,2018-04-01,2019-03-31,-1
2020-01-31,33410,2020-03-31,3,199040000000,0.085,,,,,5632000000,0.284,5449000000,0.413,,3059000000,,204.05,,,,,,189831000000,43399000000,0.229,,43399000000,,,,,,,,,,,,true,false,9,2019-04-01,2019-12-31,0
2020-01-31,33410,2019-03-31,3,183404000000,0.017,,,,,4385000000,-0.473,3855000000,-0.517,,2369000000,,150.51,,,,,,,,,,,,,,,,,,,,,,true,false,9,2018-04-01,2018-12-31,-1
2020-01-31,33410,2020-03-31,3,268599000000,0.093,,,,,7231000000,0.074,7069000000,0.163,,6004000000,,400.43,,,,,,,,,,,,,,,,,,,,,,true,true,12,2019-04-01,2020-03-31,0
2020-01-31,33410,2019-03-31,3,,,,,,,,,,,,,,,,,,,,178677000000,41073000000,0.230,,41068000000,,,,,,,,,,,,true,false,12,2018-04-01,2019-03-31,-1
2020-01-31,33410,2019-03-31,3,,,,,,,,,,,,,,,,,,,,,,,,,,,,,50.00,,,,16024000,1030190,,false,false,12,2018-04-01,2019-03-31,-1
2020-01-31,33410,2020-03-31,3,,,,,,,,,,,,,,,,,,,,,,,,,,,,,25.00,,,,,,,false,false,12,2019-04-01,2020-03-31,0
2020-01-31,33410,2020-03-31,3,,,,,,,,,,,,,,,,,,,,,,,,,,,,,50.00,,,,,,,false,true,12,2019-04-01,2020-03-31,0
2020-01-31,33410,2020-03-31,3,,,,,,,,,,,,,,,,,,,,,,,,,,,,,,,,,16024000,1030397,14993723,false,false,9,2019-04-01,2019-12-31,0
2020-01-31,33410,2019-03-31,3,,,,,,,,,,,,,,,,,,,,,,,,,,,,,,,,,,,15742183,false,false,9,2018-04-01,2018-12-31,-1
2020-04-30,33410,2020-03-31,,268520000000,0.093,,,,,7593000000,0.128,7405000000,0.218,,6697000000,,223.33,,0.152,0.041,0.028,,185551000000,47072000000,0.254,1569.77,47072000000,13192000000,-2731000000,-7955000000,32254000000,,0.112,,,,,,true,false,12,2019-04-01,2020-03-31,0
2020-04-30,33410,2019-03-31,,245687000000,0.018,,,,,6733000000,-0.364,6077000000,-0.401,,3790000000,,121.74,,0.092,0.033,0.027,,178677000000,41073000000,0.230,1369.52,41068000000,13572000000,-1770000000,-10516000000,29749000000,,0.205,,,,,,true,false,12,2018-04-01,2019-03-31,-1
2020-04-30,33410,2021-03-31,,138895000000,0.066,,,,,361000000,-0.911,249000000,-0.938,,-51000000,,-1.70,,,,,,,,,,,,,,,,,,,,,,true,true,6,2020-04-01,2020-09-30,1
2020-04-30,33410,2021-03-31,,291813000000,0.087,,,,,6504000000,-0.143,6266000000,-0.154,,3122000000,,104.14,,,,,,,,,,,,,,,,0.240,,,,,,true,true,12,2020-04-01,2021-03-31,1
2020-04-30,33410,2020-03-31,,223775000000,0.099,,,,,4603000000,0.334,5280000000,0.238,4672000000,,0.933,155.83,,,,,,144864000000,34908000000,0.241,1164.12,34908000000,,,,,50.00,,,,32048000,2060834,29987382,false,false,12,2019-04-01,2020-03-31,0
2020-04-30,33410,2019-03-31,,203623000000,0.026,,,,,3450000000,-0.529,4266000000,-0.426,2417000000,,-0.454,77.65,,,,,,135271000000,30986000000,0.229,1033.30,30986000000,,,,,50.00,,,,32048000,2060380,31134681,false,false,12,2018-04-01,2019-03-31,-1
2020-04-30,33410,2021-03-31,,,,,,,,,,,,,,,,,,,,,,,,,,,,,,25.00,,,,,,,false,true,12,2020-04-01,2021-03-31,1
2020-07-31,33410,2021-03-31,1,68306000000,0.062,,,,,429000000,-0.757,337000000,-0.803,,356000000,,11.88,,,,,,199280000000,47059000000,0.236,,47059000000,,,,,,,,,,,,true,false,3,2020-04-01,2020-06-30,0
2020-07-31,33410,2020-03-31,1,64316000000,0.085,,,,,1770000000,2.531,1710000000,3.297,,833000000,,27.81,,,,,,,,,,,,,,,,,,,,,,true,false,3,2019-04-01,2019-06-30,-1
2020-07-31,33410,2021-03-31,1,138895000000,0.066,,,,,361000000,-0.911,249000000,-0.938,,-51000000,,-1.70,,,,,,,,,,,,,,,,,,,,,,true,true,6,2020-04-01,2020-09-30,0
2020-07-31,33410,2021-03-31,1,291813000000,0.087,,,,,6504000000,-0.143,6266000000,-0.154,,3122000000,,104.14,,,,,,,,,,,,,,,,,,,,,,true,true,12,2020-04-01,2021-03-31,0
2020-07-31,33410,2020-03-31,1,,,,,,,,,,,,,,,,,,,,185551000000,47072000000,0.254,,47072000000,,,,,,,,,,,,true,false,12,2019-04-01,2020-03-31,-1
2020-07-31,33410,2020-03-31,1,,,,,,,,,,,,,,,,,,,,,,,,,,,,,50.00,,,,32048000,2060834,,false,false,12,2019-04-01,2020-03-31,-1
2020-07-31,33410,2021-03-31,1,,,,,,,,,,,,,,,,,,,,,,,,,,,,,25.00,,,,,,,false,true,12,2020-04-01,2021-03-31,0
2020-07-31,33410,2021-03-31,1,,,,,,,,,,,,,,,,,,,,,,,,,,,,,,,,,32048000,2060874,29987132,false,false,3,2020-04-01,2020-06-30,0
2020-07-31,33410,2020-03-31,1,,,,,,,,,,,,,,,,,,,,,,,,,,,,,,,,,,,29987597,false,false,3,2019-04-01,2019-06-30,-1
2020-09-23,33410,2020-09-30,,135000000000,-0.028,,,,,2300000000,5.364,2200000000,7.828,,1000000000,,33.35,,,,,,,,,,,,,,,,,,,,,,true,true,12,2019-10-01,2020-09-30,0
2020-09-23,33410,2019-09-30,,130297000000,,,,,,4066000000,,4001000000,,,2094000000,,69.85,,,,,,,,,,,,,,,,,,,,,,true,false,12,2018-10-01,2019-09-30,-1
2020-10-30,33410,2021-03-31,2,135999000000,0.044,,,,,2774000000,-0.318,2665000000,-0.334,,1555000000,,51.89,,,,,,184741000000,48264000000,0.261,,48264000000,,,,,,,,,,,,true,false,6,2020-04-01,2020-09-30,0
2020-10-30,33410,2020-03-31,2,130297000000,0.098,,,,,4066000000,1.628,4001000000,2.162,,2094000000,,69.85,,,,,,,,,,,,,,,,,,,,,,true,false,6,2019-04-01,2019-09-30,-1
2020-10-30,33410,2021-03-31,2,275753000000,0.027,,,,,6552000000,-0.137,6331000000,-0.145,,3260000000,,108.73,,,,,,,,,,,,,,,,,,,,,,true,true,12,2020-04-01,2021-03-31,0
2020-10-30,33410,2020-03-31,2,,,,,,,,,,,,,,,,,,,,185551000000,47072000000,0.254,,47072000000,,,,,,,,,,,,true,false,12,2019-04-01,2020-03-31,-1
2020-10-30,33410,2020-03-31,2,,,,,,,,,,,,,,,,,,,,,,,,,,,,,50.00,,,,32048000,2060834,,false,false,12,2019-04-01,2020-03-31,-1
2020-10-30,33410,2021-03-31,2,,,,,,,,,,,,,,,,,,,,,,,,,,,,,12.50,,,,,,,false,false,12,2020-04-01,2021-03-31,0
2020-10-30,33410,2021-03-31,2,,,,,,,,,,,,,,,,,,,,,,,,,,,,,25.00,,,,,,,false,true,12,2020-04-01,2021-03-31,0
2020-10-30,33410,2021-03-31,2,,,,,,,,,,,,,,,,,,,,,,,,,,,,,,,,,32048000,2060954,29987100,false,false,6,2020-04-01,2020-09-30,0
2020-10-30,33410,2020-03-31,2,,,,,,,,,,,,,,,,,,,,,,,,,,,,,,,,,,,29987530,false,false,6,2019-04-01,2019-09-30,-1
2021-01-29,33410,2021-03-31,3,208337000000,0.047,,,,,5767000000,0.024,5773000000,0.059,,3410000000,,113.74,,,,,,188723000000,49750000000,0.264,,49750000000,,,,,,,,,,,,true,false,9,2020-04-01,2020-12-31,0
2021-01-29,33410,2020-03-31,3,199040000000,0.085,,,,,5632000000,0.284,5449000000,0.413,,3059000000,,102.03,,,,,,,,,,,,,,,,,,,,,,true,false,9,2019-04-01,2019-12-31,-1
2021-01-29,33410,2021-03-31,3,275753000000,0.027,,,,,6552000000,-0.137,6331000000,-0.145,,3260000000,,108.73,,,,,,,,,,,,,,,,,,,,,,true,true,12,2020-04-01,2021-03-31,0
2021-01-29,33410,2020-03-31,3,,,,,,,,,,,,,,,,,,,,185551000000,47072000000,0.254,,47072000000,,,,,,,,,,,,true,false,12,2019-04-01,2020-03-31,-1
2021-01-29,33410,2020-03-31,3,,,,,,,,,,,,,,,,,,,,,,,,,,,,,50.00,,,,32048000,2060834,,false,false,12,2019-04-01,2020-03-31,-1
2021-01-29,33410,2021-03-31,3,,,,,,,,,,,,,,,,,,,,,,,,,,,,,12.50,,,,,,,false,false,12,2020-04-01,2021-03-31,0
2021-01-29,33410,2021-03-31,3,,,,,,,,,,,,,,,,,,,,,,,,,,,,,25.00,,,,,,,false,true,12,2020-04-01,2021-03-31,0
2021-01-29,33410,2021-03-31,3,,,,,,,,,,,,,,,,,,,,,,,,,,,,,,,,,32048000,2061034,29987066,false,false,9,2020-04-01,2020-12-31,0
2021-01-29,33410,2020-03-31,3,,,,,,,,,,,,,,,,,,,,,,,,,,,,,,,,,,,29987447,false,false,9,2019-04-01,2019-12-31,-1
2021-04-19,33410,2021-03-31,,278900000000,0.011,,,,,8100000000,0.236,8400000000,0.327,3500000000,,0.074,116.71,,,,,,,,,,,,,,,,,,,,,,true,true,12,2020-04-01,2021-03-31,0
2021-04-19,33410,2020-03-31,,268520000000,,,,,,7593000000,,7405000000,,6697000000,,,223.33,,,,,,,,,,,,,,,,,,,,,,true,false,12,2019-04-01,2020-03-31,-1
2021-04-30,33410,2021-03-31,,278951000000,0.039,,,,,8106000000,0.068,8409000000,0.136,,3538000000,,118.01,,0.073,0.045,0.029,,186262000000,49868000000,0.268,1663.01,49868000000,11213000000,-7767000000,-2806000000,32893000000,,0.212,,,,,,true,false,12,2020-04-01,2021-03-31,0
2021-04-30,33410,2020-03-31,,268520000000,0.093,,,,,7593000000,0.128,7405000000,0.218,,6697000000,,223.33,,0.152,0.041,0.028,,185551000000,47072000000,0.254,1569.77,47072000000,13192000000,-2731000000,-7955000000,32254000000,,0.112,,,,,,true,false,12,2019-04-01,2020-03-31,-1
2021-04-30,33410,2022-03-31,,142200000000,0.046,,,,,3000000000,0.081,3000000000,0.126,,1400000000,,46.69,,,,,,,,,,,,,,,,,,,,,,true,true,6,2021-04-01,2021-09-30,1
2021-04-30,33410,2022-03-31,,293400000000,0.052,,,,,9200000000,0.135,9100000000,0.082,,5100000000,,170.07,,,,,,,,,,,,,,,,0.145,,,,,,true,true,12,2021-04-01,2022-03-31,1
2021-04-30,33410,2021-03-31,,233619000000,0.044,,,,,5326000000,0.157,7018000000,0.329,3499000000,,-0.251,116.69,,,,,,145540000000,37657000000,0.259,1255.80,37657000000,,,,,25.00,,,,32048000,2061074,29987040,false,false,12,2020-04-01,2021-03-31,0
2021-04-30,33410,2020-03-31,,223775000000,0.099,,,,,4603000000,0.334,5280000000,0.238,4672000000,,0.933,155.83,,,,,,144864000000,34908000000,0.241,1164.12,34908000000,,,,,50.00,,,,32048000,2060834,29987382,false,false,12,2019-04-01,2020-03-31,-1
2021-04-30,33410,2022-03-31,,,,,,,,,,,,,,,,,,,,,,,,,,,,,,25.00,,,,,,,false,true,12,2021-04-01,2022-03-31,1
2021-07-30,33410,2022-03-31,1,71851000000,0.052,,,,,936000000,1.181,993000000,1.948,,427000000,,14.27,,,,,,199050000000,49926000000,0.251,,49926000000,,,,,,,,,,,,true,false,3,2021-04-01,2021-06-30,0
2021-07-30,33410,2021-03-31,1,68306000000,0.062,,,,,429000000,-0.757,337000000,-0.803,,356000000,,11.88,,,,,,,,,,,,,,,,,,,,,,true,false,3,2020-04-01,2020-06-30,-1
2021-07-30,33410,2022-03-31,1,142200000000,0.046,,,,,3000000000,0.081,3000000000,0.126,,1400000000,,46.69,,,,,,,,,,,,,,,,,,,,,,true,true,6,2021-04-01,2021-09-30,0
2021-07-30,33410,2022-03-31,1,293400000000,0.052,,,,,9200000000,0.135,9100000000,0.082,,5100000000,,170.07,,,,,,,,,,,,,,,,,,,,,,true,true,12,2021-04-01,2022-03-31,0
2021-07-30,33410,2021-03-31,1,,,,,,,,,,,,,,,,,,,,186262000000,49868000000,0.268,,49868000000,,,,,,,,,,,,true,false,12,2020-04-01,2021-03-31,-1
2021-07-30,33410,2021-03-31,1,,,,,,,,,,,,,,,,,,,,,,,,,,,,,25.00,,,,32048000,2061074,,false,false,12,2020-04-01,2021-03-31,-1
2021-07-30,33410,2022-03-31,1,,,,,,,,,,,,,,,,,,,,,,,,,,,,,25.00,,,,,,,false,true,12,2021-04-01,2022-03-31,0
2021-07-30,33410,2022-03-31,1,,,,,,,,,,,,,,,,,,,,,,,,,,,,,,,,,32048000,2061114,29986894,false,false,3,2021-04-01,2021-06-30,0
2021-07-30,33410,2021-03-31,1,,,,,,,,,,,,,,,,,,,,,,,,,,,,,,,,,,,29987132,false,false,3,2020-04-01,2020-06-30,-1
2021-10-29,33410,2022-03-31,2,146202000000,0.075,,,,,2416000000,-0.129,2528000000,-0.051,,1340000000,,44.71,,,,,,184363000000,50844000000,0.276,,50844000000,,,,,,,,,,,,true,false,6,2021-04-01,2021-09-30,0
2021-10-29,33410,2021-03-31,2,135999000000,0.044,,,,,2774000000,-0.318,2665000000,-0.334,,1555000000,,51.89,,,,,,,,,,,,,,,,,,,,,,true,false,6,2020-04-01,2020-09-30,-1
2021-10-29,33410,2022-03-31,2,294600000000,0.056,,,,,7000000000,-0.136,7000000000,-0.168,,4000000000,,133.39,,,,,,,,,,,,,,,,,,,,,,true,true,12,2021-04-01,2022-03-31,0
2021-10-29,33410,2021-03-31,2,,,,,,,,,,,,,,,,,,,,186262000000,49868000000,0.268,,49868000000,,,,,,,,,,,,true,false,12,2020-04-01,2021-03-31,-1
2021-10-29,33410,2021-03-31,2,,,,,,,,,,,,,,,,,,,,,,,,,,,,,25.00,,,,32048000,2061074,,false,false,12,2020-04-01,2021-03-31,-1
2021-10-29,33410,2022-03-31,2,,,,,,,,,,,,,,,,,,,,,,,,,,,,,12.50,,,,,,,false,false,12,2021-04-01,2022-03-31,0
2021-10-29,33410,2022-03-31,2,,,,,,,,,,,,,,,,,,,,,,,,,,,,,25.00,,,,,,,false,true,12,2021-04-01,2022-03-31,0
2021-10-29,33410,2022-03-31,2,,,,,,,,,,,,,,,,,,,,,,,,,,,,,,,,,32048000,2061135,29986886,false,false,6,2021-04-01,2021-09-30,0
2021-10-29,33410,2021-03-31,2,,,,,,,,,,,,,,,,,,,,,,,,,,,,,,,,,,,29987100,false,false,6,2020-04-01,2020-09-30,-1
2021-10-29,33410,2022-03-31,,294600000000,0.004,,,,,7000000000,-0.239,7000000000,-0.231,4000000000,,-0.216,133.39,,,,,,,,,,,,,,,,,,,,,,true,true,12,2021-04-01,2022-03-31,0
2021-10-29,33410,2021-03-31,,278951000000,,,,,,8106000000,,8409000000,,3538000000,,,118.01,,,,,,,,,,,,,,,,,,,,,,true,false,12,2020-04-01,2021-03-31,-1
2022-01-31,33410,2022-03-31,3,223439000000,0.072,,,,,5827000000,0.010,6058000000,0.049,,1096000000,,36.57,,,,,,181904000000,50231000000,0.276,,50231000000,,,,,,,,,,,,true,false,9,2021-04-01,2021-12-31,0
2022-01-31,33410,2021-03-31,3,208337000000,0.047,,,,,5767000000,0.024,5773000000,0.059,,3410000000,,113.74,,,,,,,,,,,,,,,,,,,,,,true,false,9,2020-04-01,2020-12-31,-1
2022-01-31,33410,2022-03-31,3,294600000000,0.056,,,,,7000000000,-0.136,7000000000,-0.168,,4000000000,,133.39,,,,,,,,,,,,,,,,,,,,,,true,true,12,2021-04-01,2022-03-31,0
2022-01-31,33410,2021-03-31,3,,,,,,,,,,,,,,,,,,,,186262000000,49868000000,0.268,,49868000000,,,,,,,,,,,,true,false,12,2020-04-01,2021-03-31,-1
2022-01-31,33410,2021-03-31,3,,,,,,,,,,,,,,,,,,,,,,,,,,,,,25.00,,,,32048000,2061074,,false,false,12,2020-04-01,2021-03-31,-1
2022-01-31,33410,2022-03-31,3,,,,,,,,,,,,,,,,,,,,,,,,,,,,,12.50,,,,,,,false,false,12,2021-04-01,2022-03-31,0
2022-01-31,33410,2022-03-31,3,,,,,,,,,,,,,,,,,,,,,,,,,,,,,25.00,,,,,,,false,true,12,2021-04-01,2022-03-31,0
2022-01-31,33410,2022-03-31,3,,,,,,,,,,,,,,,,,,,,,,,,,,,,,,,,,32048000,2061175,29986867,false,false,9,2021-04-01,2021-12-31,0
2022-01-31,33410,2021-03-31,3,,,,,,,,,,,,,,,,,,,,,,,,,,,,,,,,,,,29987066,false,false,9,2020-04-01,2020-12-31,-1
2022-04-28,33410,2022-03-31,,299392000000,0.073,,,,,6589000000,-0.187,6767000000,-0.195,,3705000000,,123.56,,0.072,0.037,0.022,,178753000000,52876000000,0.296,1763.34,52876000000,19411000000,-9313000000,-17448000000,25543000000,,0.202,,,,,,true,false,12,2021-04-01,2022-03-31,0
2022-04-28,33410,2021-03-31,,278951000000,0.039,,,,,8106000000,0.068,8409000000,0.136,,3538000000,,118.01,,0.073,0.045,0.029,,186262000000,49868000000,0.268,1663.01,49868000000,11213000000,-7767000000,-2806000000,32893000000,,0.212,,,,,,true,false,12,2020-04-01,2021-03-31,-1
2022-04-28,33410,2023-03-31,,156000000000,0.067,,,,,2600000000,0.076,2500000000,-0.011,,1000000000,,33.35,,,,,,,,,,,,,,,,,,,,,,true,true,6,2022-04-01,2022-09-30,1
2022-04-28,33410,2023-03-31,,321400000000,0.074,,,,,8500000000,0.290,8400000000,0.241,,4400000000,,146.73,,,,,,,,,,,,,,,,0.170,,,,,,true,true,12,2022-04-01,2023-03-31,1
2022-04-28,33410,2022-03-31,,259171000000,0.109,,,,,5945000000,0.116,6614000000,-0.057,2316000000,,-0.338,77.25,,,,,,140086000000,39224000000,0.280,1308.05,39224000000,,,,,25.00,,,,32048000,2061175,29986857,false,false,12,2021-04-01,2022-03-31,0
2022-04-28,33410,2021-03-31,,233619000000,0.044,,,,,5326000000,0.157,7018000000,0.329,3499000000,,-0.251,116.69,,,,,,145540000000,37657000000,0.259,1255.80,37657000000,,,,,25.00,,,,32048000,2061074,29987040,false,false,12,2020-04-01,2021-03-31,-1
2022-04-28,33410,2023-03-31,,,,,,,,,,,,,,,,,,,,,,,,,,,,,,25.00,,,,,,,false,true,12,2022-04-01,2023-03-31,1
2022-07-29,33410,2023-03-31,1,74709000000,0.040,,,,,892000000,-0.048,913000000,-0.080,,391000000,,13.05,,,,,,195341000000,52897000000,0.271,,52897000000,,,,,,,,,,,,true,false,3,2022-04-01,2022-06-30,0
2022-07-29,33410,2022-03-31,1,71851000000,0.052,,,,,936000000,1.181,993000000,1.948,,427000000,,14.27,,,,,,,,,,,,,,,,,,,,,,true,false,3,2021-04-01,2021-06-30,-1
2022-07-29,33410,2023-03-31,1,156000000000,0.067,,,,,2600000000,0.076,2500000000,-0.011,,1000000000,,33.35,,,,,,,,,,,,,,,,,,,,,,true,true,6,2022-04-01,2022-09-30,0
2022-07-29,33410,2023-03-31,1,321400000000,0.074,,,,,8500000000,0.290,8400000000,0.241,,4400000000,,146.73,,,,,,,,,,,,,,,,,,,,,,true,true,12,2022-04-01,2023-03-31,0
2022-07-29,33410,2022-03-31,1,,,,,,,,,,,,,,,,,,,,178753000000,52876000000,0.296,,52876000000,,,,,,,,,,,,true,false,12,2021-04-01,2022-03-31,-1
2022-07-29,33410,2022-03-31,1,,,,,,,,,,,,,,,,,,,,,,,,,,,,,25.00,,,,32048000,2061175,,false,false,12,2021-04-01,2022-03-31,-1
2022-07-29,33410,2023-03-31,1,,,,,,,,,,,,,,,,,,,,,,,,,,,,,25.00,,,,,,,false,true,12,2022-04-01,2023-03-31,0
2022-07-29,33410,2023-03-31,1,,,,,,,,,,,,,,,,,,,,,,,,,,,,,,,,,32048000,2061175,29986825,false,false,3,2022-04-01,2022-06-30,0
2022-07-29,33410,2022-03-31,1,,,,,,,,,,,,,,,,,,,,,,,,,,,,,,,,,,,29986894,false,false,3,2021-04-01,2021-06-30,-1
2022-10-31,33410,2023-03-31,2,152331000000,0.042,,,,,2813000000,0.164,2849000000,0.127,,1607000000,,53.66,,,,,,187623000000,54017000000,0.288,,54017000000,,,,,,,,,,,,true,false,6,2022-04-01,2022-09-30,0
2022-10-31,33410,2022-03-31,2,146202000000,0.075,,,,,2416000000,-0.129,2528000000,-0.051,,1340000000,,44.71,,,,,,,,,,,,,,,,,,,,,,true,false,6,2021-04-01,2021-09-30,-1
2022-10-31,33410,2023-03-31,2,321400000000,0.074,,,,,8500000000,0.290,8400000000,0.241,,4400000000,,146.73,,,,,,,,,,,,,,,,,,,,,,true,true,12,2022-04-01,2023-03-31,0
2022-10-31,33410,2022-03-31,2,,,,,,,,,,,,,,,,,,,,178753000000,52876000000,0.296,,52876000000,,,,,,,,,,,,true,false,12,2021-04-01,2022-03-31,-1
2022-10-31,33410,2022-03-31,2,,,,,,,,,,,,,,,,,,,,,,,,,,,,,25.00,,,,32048000,2061175,,false,false,12,2021-04-01,2022-03-31,-1
2022-10-31,33410,2023-03-31,2,,,,,,,,,,,,,,,,,,,,,,,,,,,,,12.50,,,,,,,false,false,12,2022-04-01,2023-03-31,0
2022-10-31,33410,2023-03-31,2,,,,,,,,,,,,,,,,,,,,,,,,,,,,,25.00,,,,,,,false,true,12,2022-04-01,2023-03-31,0
2022-10-31,33410,2023-03-31,2,,,,,,,,,,,,,,,,,,,,,,,,,,,,,,,,,32048000,2133495,29966230,false,false,6,2022-04-01,2022-09-30,0
2022-10-31,33410,2022-03-31,2,,,,,,,,,,,,,,,,,,,,,,,,,,,,,,,,,,,29986886,false,false,6,2021-04-01,2021-09-30,-1
2023-01-31,33410,2023-03-31,3,232844000000,0.042,,,,,5829000000,0.000,5836000000,-0.037,,4289000000,,143.23,,,,,,187619000000,56327000000,0.300,,56327000000,,,,,,,,,,,,true,false,9,2022-04-01,2022-12-31,0
2023-01-31,33410,2022-03-31,3,223439000000,0.072,,,,,5827000000,0.010,6058000000,0.049,,1096000000,,36.57,,,,,,,,,,,,,,,,,,,,,,true,false,9,2021-04-01,2021-12-31,-1
2023-01-31,33410,2023-03-31,3,321400000000,0.074,,,,,8500000000,0.290,8400000000,0.241,,4400000000,,146.73,,,,,,,,,,,,,,,,,,,,,,true,true,12,2022-04-01,2023-03-31,0
2023-01-31,33410,2022-03-31,3,,,,,,,,,,,,,,,,,,,,178753000000,52876000000,0.296,,52876000000,,,,,,,,,,,,true,false,12,2021-04-01,2022-03-31,-1
2023-01-31,33410,2022-03-31,3,,,,,,,,,,,,,,,,,,,,,,,,,,,,,25.00,,,,32048000,2061175,,false,false,12,2021-04-01,2022-03-31,-1
2023-01-31,33410,2023-03-31,3,,,,,,,,,,,,,,,,,,,,,,,,,,,,,12.50,,,,,,,false,false,12,2022-04-01,2023-03-31,0
2023-01-31,33410,2023-03-31,3,,,,,,,,,,,,,,,,,,,,,,,,,,,,,25.00,,,,,,,false,true,12,2022-04-01,2023-03-31,0
2023-01-31,33410,2023-03-31,3,,,,,,,,,,,,,,,,,,,,,,,,,,,,,,,,,32048000,2133615,29948912,false,false,9,2022-04-01,2022-12-31,0
2023-01-31,33410,2022-03-31,3,,,,,,,,,,,,,,,,,,,,,,,,,,,,,,,,,,,29986867,false,false,9,2021-04-01,2021-12-31,-1
2023-04-28,33410,2023-03-31,,313318000000,0.047,,,,,7586000000,0.151,7682000000,0.135,,4458000000,,148.92,,0.082,0.042,0.024,,185297000000,56483000000,0.305,1888.17,56483000000,7532000000,-10018000000,713000000,23770000000,,0.168,,,,,,true,false,12,2022-04-01,2023-03-31,0
2023-04-28,33410,2022-03-31,,299392000000,0.073,,,,,6589000000,-0.187,6767000000,-0.195,,3705000000,,123.56,,0.072,0.037,0.022,,178753000000,52876000000,0.296,1763.34,52876000000,19411000000,-9313000000,-17448000000,25543000000,,0.202,,,,,,true,false,12,2021-04-01,2022-03-31,-1
2023-04-28,33410,2024-03-31,,164100000000,0.077,,,,,1400000000,-0.502,1400000000,-0.509,,400000000,,13.37,,,,,,,,,,,,,,,,,,,,,,true,true,6,2023-04-01,2023-09-30,1
2023-04-28,33410,2024-03-31,,334400000000,0.067,,,,,6400000000,-0.156,6300000000,-0.180,,3200000000,,106.97,,,,,,,,,,,,,,,,0.234,,,,,,true,true,12,2023-04-01,2024-03-31,1
2023-04-28,33410,2023-03-31,,275304000000,0.062,,,,,7919000000,0.332,8630000000,0.305,3154000000,,0.362,105.35,,,,,,148273000000,41528000000,0.280,1388.25,41528000000,,,,,25.00,,,,32048000,2133695,29940392,false,false,12,2022-04-01,2023-03-31,0
2023-04-28,33410,2022-03-31,,259171000000,0.109,,,,,5945000000,0.116,6614000000,-0.057,2316000000,,-0.338,77.25,,,,,,140086000000,39224000000,0.280,1308.05,39224000000,,,,,25.00,,,,32048000,2061175,29986857,false,false,12,2021-04-01,2022-03-31,-1
2023-04-28,33410,2024-03-31,,,,,,,,,,,,,,,,,,,,,,,,,,,,,,25.00,,,,,,,false,true,12,2023-04-01,2024-03-31,1
2023-07-31,33410,2024-03-31,1,81848000000,0.096,,,,,1596000000,0.789,1605000000,0.757,,659000000,,22.06,,,,,,199201000000,56771000000,0.285,,56771000000,,,,,,,,,,,,true,false,3,2023-04-01,2023-06-30,0
2023-07-31,33410,2023-03-31,1,74709000000,0.040,,,,,892000000,-0.048,913000000,-0.080,,391000000,,13.05,,,,,,,,,,,,,,,,,,,,,,true,false,3,2022-04-01,2022-06-30,-1
2023-07-31,33410,2024-03-31,1,164100000000,0.077,,,,,1400000000,-0.502,1400000000,-0.509,,400000000,,13.37,,,,,,,,,,,,,,,,,,,,,,true,true,6,2023-04-01,2023-09-30,0
2023-07-31,33410,2024-03-31,1,334400000000,0.067,,,,,6400000000,-0.156,6300000000,-0.180,,3200000000,,106.97,,,,,,,,,,,,,,,,,,,,,,true,true,12,2023-04-01,2024-03-31,0
2023-07-31,33410,2023-03-31,1,,,,,,,,,,,,,,,,,,,,185297000000,56483000000,0.305,,56483000000,,,,,,,,,,,,true,false,12,2022-04-01,2023-03-31,-1
2023-07-31,33410,2023-03-31,1,,,,,,,,,,,,,,,,,,,,,,,,,,,,,25.00,,,,32048000,2133695,,false,false,12,2022-04-01,2023-03-31,-1
2023-07-31,33410,2024-03-31,1,,,,,,,,,,,,,,,,,,,,,,,,,,,,,25.00,,,,,,,false,true,12,2023-04-01,2024-03-31,0
2023-07-31,33410,2024-03-31,1,,,,,,,,,,,,,,,,,,,,,,,,,,,,,,,,,32048000,2132611,29914448,false,false,3,2023-04-01,2023-06-30,0
2023-07-31,33410,2023-03-31,1,,,,,,,,,,,,,,,,,,,,,,,,,,,,,,,,,,,29986825,false,false,3,2022-04-01,2022-06-30,-1
2023-10-31,33410,2024-03-31,2,166310000000,0.092,,,,,3397000000,0.208,3367000000,0.182,,1748000000,,58.44,,,,,,193453000000,57863000000,0.299,,57863000000,,,,,,,,,,,,true,false,6,2023-04-01,2023-09-30,0
2023-10-31,33410,2023-03-31,2,152331000000,0.042,,,,,2813000000,0.164,2849000000,0.127,,1607000000,,53.66,,,,,,,,,,,,,,,,,,,,,,true,false,6,2022-04-01,2022-09-30,-1
2023-10-31,33410,2024-03-31,2,337100000000,0.076,,,,,8400000000,0.107,8300000000,0.080,,4300000000,,143.74,,,,,,,,,,,,,,,,,,,,,,true,true,12,2023-04-01,2024-03-31,0
2023-10-31,33410,2023-03-31,2,,,,,,,,,,,,,,,,,,,,185297000000,56483000000,0.305,,56483000000,,,,,,,,,,,,true,false,12,2022-04-01,2023-03-31,-1
2023-10-31,33410,2023-03-31,2,,,,,,,,,,,,,,,,,,,,,,,,,,,,,25.00,,,,32048000,2133695,,false,false,12,2022-04-01,2023-03-31,-1
2023-10-31,33410,2024-03-31,2,,,,,,,,,,,,,,,,,,,,,,,,,,,,,12.50,,,,,,,false,false,12,2023-04-01,2024-03-31,0
2023-10-31,33410,2024-03-31,2,,,,,,,,,,,,,,,,,,,,,,,,,,,,,25.00,,,,,,,false,true,12,2023-04-01,2024-03-31,0
2023-10-31,33410,2024-03-31,2,,,,,,,,,,,,,,,,,,,,,,,,,,,,,,,,,32048000,2130651,29915728,false,false,6,2023-04-01,2023-09-30,0
2023-10-31,33410,2023-03-31,2,,,,,,,,,,,,,,,,,,,,,,,,,,,,,,,,,,,29966230,false,false,6,2022-04-01,2022-09-30,-1
2024-01-31,33410,2024-03-31,3,254127000000,0.091,,,,,6550000000,0.124,6517000000,0.117,,3769000000,,125.99,,,,,,194365000000,59511000000,0.306,,59511000000,,,,,,,,,,,,true,false,9,2023-04-01,2023-12-31,0
2024-01-31,33410,2023-03-31,3,232844000000,0.042,,,,,5829000000,0.000,5836000000,-0.037,,4289000000,,143.23,,,,,,,,,,,,,,,,,,,,,,true,false,9,2022-04-01,2022-12-31,-1
2024-01-31,33410,2024-03-31,3,337100000000,0.076,,,,,8400000000,0.107,8300000000,0.080,,4300000000,,143.74,,,,,,,,,,,,,,,,,,,,,,true,true,12,2023-04-01,2024-03-31,0
2024-01-31,33410,2023-03-31,3,,,,,,,,,,,,,,,,,,,,185297000000,56483000000,0.305,,56483000000,,,,,,,,,,,,true,false,12,2022-04-01,2023-03-31,-1
2024-01-31,33410,2023-03-31,3,,,,,,,,,,,,,,,,,,,,,,,,,,,,,25.00,,,,32048000,2133695,,false,false,12,2022-04-01,2023-03-31,-1
2024-01-31,33410,2024-03-31,3,,,,,,,,,,,,,,,,,,,,,,,,,,,,,12.50,,,,,,,false,false,12,2023-04-01,2024-03-31,0
2024-01-31,33410,2024-03-31,3,,,,,,,,,,,,,,,,,,,,,,,,,,,,,25.00,,,,,,,false,true,12,2023-04-01,2024-03-31,0
2024-01-31,33410,2024-03-31,3,,,,,,,,,,,,,,,,,,,,,,,,,,,,,,,,,32048000,2130651,29916270,false,false,9,2023-04-01,2023-12-31,0
2024-01-31,33410,2023-03-31,3,,,,,,,,,,,,,,,,,,,,,,,,,,,,,,,,,,,29948912,false,false,9,2022-04-01,2022-12-31,-1
2024-04-30,33410,2024-03-31,,340310000000,0.086,,,,,9142000000,0.205,9439000000,0.229,,2553000000,,85.35,,0.044,0.050,0.027,,195087000000,58351000000,0.299,1950.44,58351000000,20421000000,-13726000000,-4430000000,26034000000,,0.293,,,,,,true,false,12,2023-04-01,2024-03-31,0
2024-04-30,33410,2023-03-31,,313318000000,0.047,,,,,7586000000,0.151,7682000000,0.135,,4458000000,,148.92,,0.082,0.042,0.024,,185297000000,56483000000,0.305,1888.17,56483000000,7532000000,-10018000000,713000000,23770000000,,0.168,,,,,,true,false,12,2022-04-01,2023-03-31,-1
2024-04-30,33410,2025-03-31,,183700000000,0.105,,,,,2300000000,-0.323,2400000000,-0.287,,1200000000,,40.11,,,,,,,,,,,,,,,,,,,,,,true,true,6,2024-04-01,2024-09-30,1
2024-04-30,33410,2025-03-31,,373800000000,0.098,,,,,6400000000,-0.300,6500000000,-0.311,,3700000000,,123.67,,,,,,,,,,,,,,,,0.202,,,,,,true,true,12,2024-04-01,2025-03-31,1
2024-04-30,33410,2024-03-31,,298040000000,0.083,,,,,7832000000,-0.011,8625000000,-0.001,2984000000,,-0.054,99.76,,,,,,155685000000,43767000000,0.281,1462.94,43767000000,,,,,25.00,,,,31048000,1130711,29916535,false,false,12,2023-04-01,2024-03-31,0
2024-04-30,33410,2023-03-31,,275304000000,0.062,,,,,7919000000,0.332,8630000000,0.305,3154000000,,0.362,105.35,,,,,,148273000000,41528000000,0.280,1388.25,41528000000,,,,,25.00,,,,32048000,2133695,29940392,false,false,12,2022-04-01,2023-03-31,-1
2024-04-30,33410,2025-03-31,,,,,,,,,,,,,,,,,,,,,,,,,,,,,,25.00,,,,,,,false,true,12,2024-04-01,2025-03-31,1
2024-07-31,33410,2025-03-31,1,86433000000,0.056,,,,,-236000000,,85000000,-0.947,,-140000000,,-4.70,,,,,,208936000000,57840000000,0.277,,57840000000,,,,,,,,,,,,true,false,3,2024-04-01,2024-06-30,0
2024-07-31,33410,2024-03-31,1,81848000000,0.096,,,,,1596000000,0.789,1605000000,0.757,,659000000,,22.06,,,,,,,,,,,,,,,,,,,,,,true,false,3,2023-04-01,2023-06-30,-1
2024-07-31,33410,2025-03-31,1,183700000000,0.105,,,,,2300000000,-0.323,2400000000,-0.287,,1200000000,,40.11,,,,,,,,,,,,,,,,,,,,,,true,true,6,2024-04-01,2024-09-30,0
2024-07-31,33410,2025-03-31,1,373800000000,0.098,,,,,6400000000,-0.300,6500000000,-0.311,,3700000000,,123.67,,,,,,,,,,,,,,,,,,,,,,true,true,12,2024-04-01,2025-03-31,0
2024-07-31,33410,2024-03-31,1,,,,,,,,,,,,,,,,,,,,195087000000,58351000000,0.299,,58351000000,,,,,,,,,,,,true,false,12,2023-04-01,2024-03-31,-1
2024-07-31,33410,2024-03-31,1,,,,,,,,,,,,,,,,,,,,,,,,,,,,,25.00,,,,31048000,1130711,,false,false,12,2023-04-01,2024-03-31,-1
2024-07-31,33410,2025-03-31,1,,,,,,,,,,,,,,,,,,,,,,,,,,,,,25.00,,,,,,,false,true,12,2024-04-01,2025-03-31,0
2024-07-31,33410,2025-03-31,1,,,,,,,,,,,,,,,,,,,,,,,,,,,,,,,,,31048000,1125858,29918036,false,false,3,2024-04-01,2024-06-30,0
2024-07-31,33410,2024-03-31,1,,,,,,,,,,,,,,,,,,,,,,,,,,,,,,,,,,,29914448,false,false,3,2023-04-01,2023-06-30,-1
2024-10-31,33410,2025-03-31,2,175575000000,0.056,,,,,423000000,-0.875,772000000,-0.771,,-43000000,,-1.44,,,,,,204147000000,57885000000,0.284,,57885000000,,,,,,,,,,,,true,false,6,2024-04-01,2024-09-30,0
2024-10-31,33410,2024-03-31,2,166310000000,0.092,,,,,3397000000,0.208,3367000000,0.182,,1748000000,,58.44,,,,,,,,,,,,,,,,,,,,,,true,false,6,2023-04-01,2023-09-30,-1
2024-10-31,33410,2025-03-31,2,373800000000,0.098,,,,,6400000000,-0.300,6500000000,-0.311,,3700000000,,123.67,,,,,,,,,,,,,,,,,,,,,,true,true,12,2024-04-01,2025-03-31,0
2024-10-31,33410,2024-03-31,2,,,,,,,,,,,,,,,,,,,,195087000000,58351000000,0.299,,58351000000,,,,,,,,,,,,true,false,12,2023-04-01,2024-03-31,-1
2024-10-31,33410,2024-03-31,2,,,,,,,,,,,,,,,,,,,,,,,,,,,,,25.00,,,,31048000,1130711,,false,false,12,2023-04-01,2024-03-31,-1
2024-10-31,33410,2025-03-31,2,,,,,,,,,,,,,,,,,,,,,,,,,,,,,12.50,,,,,,,false,false,12,2024-04-01,2025-03-31,0
2024-10-31,33410,2025-03-31,2,,,,,,,,,,,,,,,,,,,,,,,,,,,,,25.00,,,,,,,false,true,12,2024-04-01,2025-03-31,0
2024-10-31,33410,2025-03-31,2,,,,,,,,,,,,,,,,,,,,,,,,,,,,,,,,,31048000,1172704,29907128,false,false,6,2024-04-01,2024-09-30,0
2024-10-31,33410,2024-03-31,2,,,,,,,,,,,,,,,,,,,,,,,,,,,,,,,,,,,29915728,false,false,6,2023-04-01,2023-09-30,-1
2025-01-31,33410,2025-03-31,3,269799000000,0.062,,,,,3733000000,-0.430,4174000000,-0.359,,617000000,,20.65,,,,,,201487000000,58171000000,0.289,,58171000000,,,,,,,,,,,,true,false,9,2024-04-01,2024-12-31,0
2025-01-31,33410,2024-03-31,3,254127000000,0.091,,,,,6550000000,0.124,6517000000,0.117,,3769000000,,125.99,,,,,,,,,,,,,,,,,,,,,,true,false,9,2023-04-01,2023-12-31,-1
2025-01-31,33410,2025-03-31,3,373800000000,0.098,,,,,6400000000,-0.300,6500000000,-0.311,,2000000000,,66.85,,,,,,,,,,,,,,,,,,,,,,true,true,12,2024-04-01,2025-03-31,0
2025-01-31,33410,2024-03-31,3,,,,,,,,,,,,,,,,,,,,195087000000,58351000000,0.299,,58351000000,,,,,,,,,,,,true,false,12,2023-04-01,2024-03-31,-1
2025-01-31,33410,2024-03-31,3,,,,,,,,,,,,,,,,,,,,,,,,,,,,,25.00,,,,31048000,1130711,,false,false,12,2023-04-01,2024-03-31,-1
2025-01-31,33410,2025-03-31,3,,,,,,,,,,,,,,,,,,,,,,,,,,,,,12.50,,,,,,,false,false,12,2024-04-01,2025-03-31,0
2025-01-31,33410,2025-03-31,3,,,,,,,,,,,,,,,,,,,,,,,,,,,,,25.00,,,,,,,false,true,12,2024-04-01,2025-03-31,0
2025-01-31,33410,2025-03-31,3,,,,,,,,,,,,,,,,,,,,,,,,,,,,,,,,,31048000,1172744,29896469,false,false,9,2024-04-01,2024-12-31,0
2025-01-31,33410,2024-03-31,3,,,,,,,,,,,,,,,,,,,,,,,,,,,,,,,,,,,29916270,false,false,9,2023-04-01,2023-12-31,-1
2025-04-30,33410,2025-03-31,,360512000000,0.059,,,,,6239000000,-0.318,6915000000,-0.267,,1391000000,,46.54,,0.024,0.035,0.017,,197105000000,59097000000,0.300,1978.13,59097000000,8824000000,-9921000000,2526000000,27463000000,,0.537,,,,,,true,false,12,2024-04-01,2025-03-31,0
2025-04-30,33410,2024-03-31,,340310000000,0.086,,,,,9142000000,0.205,9439000000,0.229,,2553000000,,85.35,,0.044,0.050,0.027,,195087000000,58351000000,0.299,1950.44,58351000000,20421000000,-13726000000,-4430000000,26034000000,,0.293,,,,,,true,false,12,2023-04-01,2024-03-31,-1
2025-04-30,33410,2026-03-31,,184200000000,0.049,,,,,3000000000,6.091,2000000000,1.588,,900000000,,30.12,,,,,,,,,,,,,,,,,,,,,,true,true,6,2025-04-01,2025-09-30,1
2025-04-30,33410,2026-03-31,,372800000000,0.034,,,,,8000000000,0.282,6900000000,-0.002,,3500000000,,117.15,,,,,,,,,,,,,,,,0.213,,,,,,true,true,12,2025-04-01,2026-03-31,1
2025-04-30,33410,2025-03-31,,315614000000,0.059,,,,,5693000000,-0.273,7028000000,-0.185,1313000000,,-0.560,43.94,,,,,,157190000000,44282000000,0.282,1482.24,44282000000,,,,,25.00,,,,31048000,1172744,29891239,false,false,12,2024-04-01,2025-03-31,0
2025-04-30,33410,2024-03-31,,298040000000,0.083,,,,,7832000000,-0.011,8625000000,-0.001,2984000000,,-0.054,99.76,,,,,,155685000000,43767000000,0.281,1462.94,43767000000,,,,,25.00,,,,31048000,1130711,29916535,false,false,12,2023-04-01,2024-03-31,-1
2025-04-30,33410,2026-03-31,,,,,,,,,,,,,,,,,,,,,,,,,,,,,,25.00,,,,,,,false,true,12,2025-04-01,2026-03-31,1
2025-04-30,33410,2025-03-31,,360512000000,0.059,,,,,6239000000,-0.318,6915000000,-0.267,,1391000000,,46.54,,0.024,0.035,0.017,,197105000000,59097000000,0.300,1978.13,59097000000,8824000000,-9921000000,2526000000,27463000000,,0.537,,,,,,true,false,12,2024-04-01,2025-03-31,0
2025-04-30,33410,2024-03-31,,340310000000,0.086,,,,,9142000000,0.205,9439000000,0.229,,2553000000,,85.35,,0.044,0.050,0.027,,195087000000,58351000000,0.299,1950.44,58351000000,20421000000,-13726000000,-4430000000,26034000000,,0.293,,,,,,true,false,12,2023-04-01,2024-03-31,-1
2025-04-30,33410,2026-03-31,,184200000000,0.049,,,,,3000000000,6.091,2000000000,1.588,,900000000,,30.12,,,,,,,,,,,,,,,,,,,,,,true,true,6,2025-04-01,2025-09-30,1
2025-04-30,33410,2026-03-31,,372800000000,0.034,,,,,8000000000,0.282,6900000000,-0.002,,3500000000,,117.15,,,,,,,,,,,,,,,,0.213,,,,,,true,true,12,2025-04-01,2026-03-31,1
2025-04-30,33410,2025-03-31,,315614000000,0.059,,,,,5693000000,-0.273,7028000000,-0.185,1313000000,,-0.560,43.94,,,,,,157190000000,44282000000,0.282,1482.24,44282000000,,,,,25.00,,,,31048000,1172744,29891239,false,false,12,2024-04-01,2025-03-31,0
2025-04-30,33410,2024-03-31,,298040000000,0.083,,,,,7832000000,-0.011,8625000000,-0.001,2984000000,,-0.054,99.76,,,,,,155685000000,43767000000,0.281,1462.94,43767000000,,,,,25.00,,,,31048000,1130711,29916535,false,false,12,2023-04-01,2024-03-31,-1
2025-04-30,33410,2026-03-31,,,,,,,,,,,,,,,,,,,,,,,,,,,,,,25.00,,,,,,,false,true,12,2025-04-01,2026-03-31,1
