filing_date,code,fiscal_year_end,quarterly_period,net_sales,net_sales_change,revenue,revenue_change,operating_revenue,operating_revenue_change,operating_profit,operating_profit_change,ordinary_profit,ordinary_profit_change,net_income,net_income_of_parent,net_income_change,eps,diluted_eps,roe,roa,operating_profit_to_net_sales,operating_profit_to_revenue,total_assets,net_assets,equity_ratio,bps,owner_equity,operating_cash_flow,investing_cash_flow,financing_cash_flow,cash,dividend_per_share,payout_ratio,commemorative_dividend,extra_dividend,number_of_shares,number_of_treqsury_shares,avg_number_of_shares,is_consolidated,is_forecast,duration,period_start,period_end,period_pos
2015-05-07,33520,2015-03-31,,8525000000,-0.006,,,,,93000000,0.295,171000000,0.141,81000000,,-0.078,39.35,,,,,,,,,,,,,,,,,,,,,,false,true,12,2014-04-01,2015-03-31,0
2015-05-07,33520,2014-03-31,,8762000000,,,,,,271000000,,377000000,,225000000,,,109.18,,,,,,,,,,,,,,,,,,,,,,false,false,12,2013-04-01,2014-03-31,-1
2015-05-08,33520,2015-03-31,,8525000000,-0.027,,,,,93000000,-0.657,171000000,-0.547,81000000,,-0.640,39.35,,0.018,0.028,0.011,,5967000000,4427000000,0.742,2147.69,4427000000,7000000,-397000000,-238000000,1295000000,30.00,0.762,,,2061600,137,2061495,false,false,12,2014-04-01,2015-03-31,0
2015-05-08,33520,2014-03-31,,8762000000,-0.030,,,,,271000000,0.063,377000000,0.073,225000000,,0.070,109.18,,0.052,0.061,0.031,,6343000000,4407000000,0.695,2138.16,4407000000,683000000,-149000000,-239000000,1923000000,1515.00,0.275,,,2061600,100,2061500,false,false,12,2013-04-01,2014-03-31,-1
2015-05-08,33520,2016-03-31,,4080000000,0.112,,,,,-110000000,,-86000000,,-70000000,,,-33.96,,,,,,,,,,,,,,,,,,,,,,false,true,6,2015-04-01,2015-09-30,1
2015-05-08,33520,2016-03-31,,8867000000,0.040,,,,,147000000,0.583,200000000,0.169,115000000,,0.417,55.78,,,,,,,,,,,,,,,30.00,,,,,,,false,true,12,2015-04-01,2016-03-31,1
2015-07-30,33520,2016-03-31,1,1949000000,0.121,,,,,-50000000,,-35000000,,-25000000,,,-12.54,,,,,,6366000000,4370000000,0.686,2120.23,4370000000,,,,,,,,,2061600,137,2061463,false,false,3,2015-04-01,2015-06-30,0
2015-07-30,33520,2015-03-31,1,1738000000,-0.113,,,,,-87000000,,-70000000,,-42000000,,,-20.83,,,,,,,,,,,,,,,,,,,,,2061500,false,false,3,2014-04-01,2014-06-30,-1
2015-07-30,33520,2016-03-31,1,4080000000,0.112,,,,,-110000000,,-86000000,,-70000000,,,-33.96,,,,,,,,,,,,,,,,,,,,,,false,true,6,2015-04-01,2015-09-30,0
2015-07-30,33520,2016-03-31,1,8867000000,0.040,,,,,147000000,0.583,200000000,0.169,115000000,,0.417,55.78,,,,,,,,,,,,,,,30.00,,,,,,,false,true,12,2015-04-01,2016-03-31,0
2015-07-30,33520,2015-03-31,1,,,,,,,,,,,,,,,,,,,,5967000000,4427000000,0.742,2147.69,4427000000,,,,,30.00,,,,2061600,137,,false,false,12,2014-04-01,2015-03-31,-1
2015-10-29,33520,2016-03-31,,4033000000,-0.011,,,,,-85000000,,-47000000,,-36000000,,,-17.55,,,,,,,,,,,,,,,,,,,,,,false,true,6,2015-04-01,2015-09-30,0
2015-10-29,33520,2015-03-31,,3669000000,,,,,,-171000000,,-138000000,,-89000000,,,-43.35,,,,,,,,,,,,,,,,,,,,,,false,false,6,2014-04-01,2014-09-30,-1
2015-10-30,33520,2016-03-31,2,4033000000,0.099,,,,,-85000000,,-47000000,,-36000000,,,-17.55,,,,,,6106000000,4360000000,0.714,2115.18,4360000000,,,,,,,,,2061600,137,2061463,false,false,6,2015-04-01,2015-09-30,0
2015-10-30,33520,2015-03-31,2,3669000000,-0.077,,,,,-171000000,,-138000000,,-89000000,,,-43.35,,,,,,,,,,,,,,,,,,,,,2061500,false,false,6,2014-04-01,2014-09-30,-1
2015-10-30,33520,2016-03-31,2,8867000000,0.040,,,,,147000000,0.583,200000000,0.169,115000000,,0.417,55.78,,,,,,,,,,,,,,,30.00,,,,,,,false,true,12,2015-04-01,2016-03-31,0
2015-10-30,33520,2015-03-31,2,,,,,,,,,,,,,,,,,,,,5967000000,4427000000,0.742,2147.69,4427000000,,,,,30.00,,,,2061600,137,,false,false,12,2014-04-01,2015-03-31,-1
2015-10-30,33520,2016-03-31,2,,,,,,,,,,,,,,,,,,,,,,,,,,,,,15.00,,,,,,,false,false,12,2015-04-01,2016-03-31,0
2016-01-29,33520,2016-03-31,3,6466000000,0.008,,,,,3000000,-0.925,61000000,-0.394,34000000,,-0.459,16.57,,,,,,6365000000,4400000000,0.691,2134.42,4400000000,,,,,,,,,2061600,137,2061463,false,false,9,2015-04-01,2015-12-31,0
2016-01-29,33520,2015-03-31,3,6416000000,-0.010,,,,,48000000,-0.732,100000000,-0.604,63000000,,-0.578,30.63,,,,,,,,,,,,,,,,,,,,,2061500,false,false,9,2014-04-01,2014-12-31,-1
2016-01-29,33520,2016-03-31,3,8591000000,0.008,,,,,55000000,-0.410,130000000,-0.240,74000000,,-0.088,35.90,,,,,,,,,,,,,,,30.00,,,,,,,false,true,12,2015-04-01,2016-03-31,0
2016-01-29,33520,2015-03-31,3,,,,,,,,,,,,,,,,,,,,5967000000,4427000000,0.742,2147.69,4427000000,,,,,30.00,,,,2061600,137,,false,false,12,2014-04-01,2015-03-31,-1
2016-01-29,33520,2016-03-31,3,,,,,,,,,,,,,,,,,,,,,,,,,,,,,15.00,,,,,,,false,false,12,2015-04-01,2016-03-31,0
2016-01-29,33520,2016-03-31,,8591000000,-0.031,,,,,55000000,-0.627,130000000,-0.350,74000000,,-0.357,35.90,,,,,,,,,,,,,,,,,,,,,,false,true,12,2015-04-01,2016-03-31,0
2016-01-29,33520,2015-03-31,,8525000000,,,,,,93000000,,171000000,,81000000,,,39.35,,,,,,,,,,,,,,,,,,,,,,false,false,12,2014-04-01,2015-03-31,-1
2016-05-09,33520,2016-03-31,,8601000000,0.001,,,,,70000000,0.279,144000000,0.112,73000000,,-0.010,35.55,,,,,,,,,,,,,,,,,,,,,,false,true,12,2015-04-01,2016-03-31,0
2016-05-09,33520,2015-03-31,,8525000000,,,,,,93000000,,171000000,,81000000,,,39.35,,,,,,,,,,,,,,,,,,,,,,false,false,12,2014-04-01,2015-03-31,-1
2016-05-10,33520,2016-03-31,,8601000000,0.009,,,,,70000000,-0.246,144000000,-0.155,73000000,,-0.097,35.55,,0.017,0.024,0.008,,6043000000,4438000000,0.734,2153.25,4438000000,293000000,-417000000,-37000000,1134000000,30.00,0.844,,,2061600,137,2061463,false,false,12,2015-04-01,2016-03-31,0
2016-05-10,33520,2015-03-31,,8525000000,-0.027,,,,,93000000,-0.657,171000000,-0.547,81000000,,-0.640,39.35,,0.018,0.028,0.011,,5967000000,4427000000,0.742,2147.69,4427000000,7000000,-397000000,-238000000,1295000000,30.00,0.762,,,2061600,137,2061495,false,false,12,2014-04-01,2015-03-31,-1
2016-05-10,33520,2017-03-31,,4162000000,0.032,,,,,-35000000,,-15000000,,-6000000,,,-2.91,,,,,,,,,,,,,,,,,,,,,,false,true,6,2016-04-01,2016-09-30,1
2016-05-10,33520,2017-03-31,,9030000000,0.050,,,,,155000000,1.203,200000000,0.384,125000000,,0.706,60.64,,,,,,,,,,,,,,,30.00,0.495,,,,,,false,true,12,2016-04-01,2017-03-31,1
2016-07-29,33520,2017-03-31,1,1962000000,0.007,,,,,0,,10000000,,5000000,,,2.72,,,,,,6371000000,4413000000,0.693,2140.74,4413000000,,,,,,,,,2061600,137,2061463,false,false,3,2016-04-01,2016-06-30,0
2016-07-29,33520,2016-03-31,1,1949000000,0.121,,,,,-50000000,,-35000000,,-25000000,,,-12.54,,,,,,,,,,,,,,,,,,,,,2061463,false,false,3,2015-04-01,2015-06-30,-1
2016-07-29,33520,2017-03-31,1,4162000000,0.032,,,,,-35000000,,-15000000,,-6000000,,,-2.91,,,,,,,,,,,,,,,,,,,,,,false,true,6,2016-04-01,2016-09-30,0
2016-07-29,33520,2017-03-31,1,9030000000,0.050,,,,,155000000,1.203,200000000,0.384,125000000,,0.706,60.64,,,,,,,,,,,,,,,30.00,,,,,,,false,true,12,2016-04-01,2017-03-31,0
2016-07-29,33520,2016-03-31,1,,,,,,,,,,,,,,,,,,,,6043000000,4438000000,0.734,2153.25,4438000000,,,,,30.00,,,,2061600,137,,false,false,12,2015-04-01,2016-03-31,-1
2016-10-28,33520,2017-03-31,,3967000000,-0.047,,,,,-34000000,,-12000000,,-12000000,,,-6.00,,,,,,,,,,,,,,,,,,,,,,false,true,6,2016-04-01,2016-09-30,0
2016-10-28,33520,2016-03-31,,4033000000,,,,,,-85000000,,-47000000,,-36000000,,,-17.55,,,,,,,,,,,,,,,,,,,,,,false,false,6,2015-04-01,2015-09-30,-1
2016-10-31,33520,2017-03-31,2,3967000000,-0.016,,,,,-34000000,,-12000000,,-12000000,,,-6.00,,,,,,6345000000,4395000000,0.693,2132.02,4395000000,,,,,,,,,2061600,137,2061463,false,false,6,2016-04-01,2016-09-30,0
2016-10-31,33520,2016-03-31,2,4033000000,0.099,,,,,-85000000,,-47000000,,-36000000,,,-17.55,,,,,,,,,,,,,,,,,,,,,2061463,false,false,6,2015-04-01,2015-09-30,-1
2016-10-31,33520,2017-03-31,2,9030000000,0.050,,,,,155000000,1.203,200000000,0.384,125000000,,0.706,60.64,,,,,,,,,,,,,,,30.00,,,,,,,false,true,12,2016-04-01,2017-03-31,0
2016-10-31,33520,2016-03-31,2,,,,,,,,,,,,,,,,,,,,6043000000,4438000000,0.734,2153.25,4438000000,,,,,30.00,,,,2061600,137,,false,false,12,2015-04-01,2016-03-31,-1
2016-10-31,33520,2017-03-31,2,,,,,,,,,,,,,,,,,,,,,,,,,,,,,15.00,,,,,,,false,false,12,2016-04-01,2017-03-31,0
2017-01-31,33520,2017-03-31,3,6577000000,0.017,,,,,123000000,,166000000,1.727,109000000,,2.204,53.09,,,,,,6806000000,4486000000,0.659,2176.27,4486000000,,,,,,,,,2061600,137,2061463,false,false,9,2016-04-01,2016-12-31,0
2017-01-31,33520,2016-03-31,3,6466000000,0.008,,,,,3000000,-0.925,61000000,-0.394,34000000,,-0.459,16.57,,,,,,,,,,,,,,,,,,,,,2061463,false,false,9,2015-04-01,2015-12-31,-1
2017-01-31,33520,2017-03-31,3,9030000000,0.050,,,,,155000000,1.203,200000000,0.384,125000000,,0.706,60.64,,,,,,,,,,,,,,,30.00,,,,,,,false,true,12,2016-04-01,2017-03-31,0
2017-01-31,33520,2016-03-31,3,,,,,,,,,,,,,,,,,,,,6043000000,4438000000,0.734,2153.25,4438000000,,,,,30.00,,,,2061600,137,,false,false,12,2015-04-01,2016-03-31,-1
2017-01-31,33520,2017-03-31,3,,,,,,,,,,,,,,,,,,,,,,,,,,,,,15.00,,,,,,,false,false,12,2016-04-01,2017-03-31,0
2017-05-08,33520,2017-03-31,,8556000000,-0.052,,,,,183000000,0.184,236000000,0.183,-17000000,,,-8.46,,,,,,,,,,,,,,,,,,,,,,false,true,12,2016-04-01,2017-03-31,0
2017-05-08,33520,2016-03-31,,8601000000,,,,,,70000000,,144000000,,73000000,,,35.55,,,,,,,,,,,,,,,,,,,,,,false,false,12,2015-04-01,2016-03-31,-1
2017-05-09,33520,2017-03-31,,8556000000,-0.005,,,,,183000000,1.609,236000000,0.637,-17000000,,,-8.46,,-0.004,0.039,0.021,,6211000000,4359000000,0.702,2114.67,4359000000,336000000,-542000000,132000000,1060000000,35.00,-4.138,,,2061600,137,2061463,false,false,12,2016-04-01,2017-03-31,0
2017-05-09,33520,2016-03-31,,8601000000,0.009,,,,,70000000,-0.246,144000000,-0.155,73000000,,-0.097,35.55,,0.017,0.024,0.008,,6043000000,4438000000,0.734,2153.25,4438000000,293000000,-417000000,-37000000,1134000000,30.00,0.844,,,2061600,137,2061463,false,false,12,2015-04-01,2016-03-31,-1
2017-05-09,33520,2018-03-31,,4092000000,0.031,,,,,-13000000,,6000000,,-3000000,,,-1.91,,,,,,,,,,,,,,,,,,,,,,false,true,6,2017-04-01,2017-09-30,1
2017-05-09,33520,2018-03-31,,8643000000,0.010,,,,,231000000,0.263,270000000,0.141,170000000,,,82.47,,,,,,,,,,,,,,,30.00,0.364,,,,,,false,true,12,2017-04-01,2018-03-31,1
2017-07-28,33520,2018-03-31,1,1995000000,0.016,,,,,45000000,,56000000,4.204,37000000,,5.647,18.10,,,,,,6292000000,4355000000,0.692,2112.85,4355000000,,,,,,,,,2061600,137,2061463,false,false,3,2017-04-01,2017-06-30,0
2017-07-28,33520,2017-03-31,1,1962000000,0.007,,,,,0,,10000000,,5000000,,,2.72,,,,,,,,,,,,,,,,,,,,,2061463,false,false,3,2016-04-01,2016-06-30,-1
2017-07-28,33520,2018-03-31,1,4092000000,0.031,,,,,-13000000,,6000000,,-3000000,,,-1.91,,,,,,,,,,,,,,,,,,,,,,false,true,6,2017-04-01,2017-09-30,0
2017-07-28,33520,2018-03-31,1,8643000000,0.010,,,,,231000000,0.263,270000000,0.141,170000000,,,82.47,,,,,,,,,,,,,,,30.00,,,,,,,false,true,12,2017-04-01,2018-03-31,0
2017-07-28,33520,2017-03-31,1,,,,,,,,,,,,,,,,,,,,6211000000,4359000000,0.702,2114.67,4359000000,,,,,35.00,,,,2061600,137,,false,false,12,2016-04-01,2017-03-31,-1
2017-10-27,33520,2018-03-31,,3958000000,-0.033,,,,,57000000,,82000000,12.539,52000000,,,25.34,,,,,,,,,,,,,,,,,,,,,,false,true,6,2017-04-01,2017-09-30,0
2017-10-27,33520,2017-03-31,,3967000000,,,,,,-34000000,,-12000000,,-12000000,,,-6.00,,,,,,,,,,,,,,,,,,,,,,false,false,6,2016-04-01,2016-09-30,-1
2017-10-30,33520,2018-03-31,2,3958000000,-0.002,,,,,57000000,,82000000,,52000000,,,25.34,,,,,,6280000000,4401000000,0.701,2098.36,4401000000,,,,,,,,,2097533,137,2077367,false,false,6,2017-04-01,2017-09-30,0
2017-10-30,33520,2017-03-31,2,3967000000,-0.016,,,,,-34000000,,-12000000,,-12000000,,,-6.00,,,,,,,,,,,,,,,,,,,,,2061463,false,false,6,2016-04-01,2016-09-30,-1
2017-10-30,33520,2018-03-31,2,8643000000,0.010,,,,,231000000,0.263,270000000,0.141,170000000,,,80.18,,,,,,,,,,,,,,,30.00,,,,,,,false,true,12,2017-04-01,2018-03-31,0
2017-10-30,33520,2017-03-31,2,,,,,,,,,,,,,,,,,,,,6211000000,4359000000,0.702,2114.67,4359000000,,,,,35.00,,,,2061600,137,,false,false,12,2016-04-01,2017-03-31,-1
2017-10-30,33520,2018-03-31,2,,,,,,,,,,,,,,,,,,,,,,,,,,,,,15.00,,,,,,,false,false,12,2017-04-01,2018-03-31,0
2018-01-30,33520,2018-03-31,3,6537000000,-0.006,,,,,267000000,1.176,305000000,0.831,204000000,,0.872,97.30,,,,,,6797000000,4581000000,0.674,2117.66,4581000000,,,,,,,,,2163833,137,2106007,false,false,9,2017-04-01,2017-12-31,0
2018-01-30,33520,2017-03-31,3,6577000000,0.017,,,,,123000000,,166000000,1.727,109000000,,2.204,53.09,,,,,,,,,,,,,,,,,,,,,2061463,false,false,9,2016-04-01,2016-12-31,-1
2018-01-30,33520,2018-03-31,3,8643000000,0.010,,,,,272000000,0.482,310000000,0.310,205000000,,,96.69,,,,,,,,,,,,,,,30.00,,,,,,,false,true,12,2017-04-01,2018-03-31,0
2018-01-30,33520,2017-03-31,3,,,,,,,,,,,,,,,,,,,,6211000000,4359000000,0.702,2114.67,4359000000,,,,,35.00,,,,2061600,137,,false,false,12,2016-04-01,2017-03-31,-1
2018-01-30,33520,2018-03-31,3,,,,,,,,,,,,,,,,,,,,,,,,,,,,,15.00,,,,,,,false,false,12,2017-04-01,2018-03-31,0
2018-05-07,33520,2018-03-31,,8717000000,0.009,,,,,360000000,0.325,402000000,0.299,263000000,,0.286,124.35,,,,,,,,,,,,,,,,,,,,,,false,true,12,2017-04-01,2018-03-31,0
2018-05-07,33520,2017-03-31,,8556000000,,,,,,183000000,,236000000,,-17000000,,,-8.46,,,,,,,,,,,,,,,,,,,,,,false,false,12,2016-04-01,2017-03-31,-1
2018-05-08,33520,2018-03-31,,8717000000,0.019,,,,,360000000,0.963,402000000,0.701,263000000,,,124.35,,0.059,0.063,0.041,,6663000000,4640000000,0.696,2144.73,4640000000,774000000,-39000000,-200000000,1594000000,30.00,0.241,,,2163833,137,2120232,false,false,12,2017-04-01,2018-03-31,0
2018-05-08,33520,2017-03-31,,8556000000,-0.005,,,,,183000000,1.609,236000000,0.637,-17000000,,,-8.46,,-0.004,0.039,0.021,,6211000000,4359000000,0.702,2114.67,4359000000,336000000,-542000000,132000000,1060000000,35.00,-4.138,,,2061600,137,2061463,false,false,12,2016-04-01,2017-03-31,-1
2018-05-08,33520,2019-03-31,,8478000000,-0.027,,,,,276000000,-0.234,320000000,-0.205,210000000,,-0.203,97.06,,,,,,,,,,,,,,,30.00,0.309,,,,,,false,true,12,2018-04-01,2019-03-31,1
2018-07-31,33520,2019-03-31,1,1974000000,-0.010,,,,,50000000,0.107,60000000,0.058,39000000,,0.066,18.38,,,,,,6527000000,4647000000,0.712,2148.09,4647000000,,,,,,,,,2163833,137,2163696,false,false,3,2018-04-01,2018-06-30,0
2018-07-31,33520,2018-03-31,1,1995000000,0.016,,,,,45000000,,56000000,4.204,37000000,,5.647,18.10,,,,,,,,,,,,,,,,,,,,,2061463,false,false,3,2017-04-01,2017-06-30,-1
2018-07-31,33520,2019-03-31,1,8478000000,-0.027,,,,,276000000,-0.234,320000000,-0.205,210000000,,-0.203,97.06,,,,,,,,,,,,,,,30.00,,,,,,,false,true,12,2018-04-01,2019-03-31,0
2018-07-31,33520,2018-03-31,1,,,,,,,,,,,,,,,,,,,,6663000000,4640000000,0.696,2144.73,4640000000,,,,,30.00,,,,2163833,137,,false,false,12,2017-04-01,2018-03-31,-1
2018-10-30,33520,2019-03-31,2,4021000000,0.016,,,,,141000000,1.473,162000000,0.981,108000000,,1.070,50.16,,,,,,6453000000,4748000000,0.736,2161.93,4748000000,,,,,,,,,2196490,137,2172083,false,false,6,2018-04-01,2018-09-30,0
2018-10-30,33520,2018-03-31,2,3958000000,-0.002,,,,,57000000,,82000000,,52000000,,,25.34,,,,,,,,,,,,,,,,,,,,,2077367,false,false,6,2017-04-01,2017-09-30,-1
2018-10-30,33520,2019-03-31,2,8478000000,-0.027,,,,,276000000,-0.234,320000000,-0.205,210000000,,-0.203,96.15,,,,,,,,,,,,,,,30.00,,,,,,,false,true,12,2018-04-01,2019-03-31,0
2018-10-30,33520,2018-03-31,2,,,,,,,,,,,,,,,,,,,,6663000000,4640000000,0.696,2144.73,4640000000,,,,,30.00,,,,2163833,137,,false,false,12,2017-04-01,2018-03-31,-1
2018-10-30,33520,2019-03-31,2,,,,,,,,,,,,,,,,,,,,,,,,,,,,,15.00,,,,,,,false,false,12,2018-04-01,2019-03-31,0
2019-01-31,33520,2019-03-31,3,6694000000,0.024,,,,,376000000,0.408,411000000,0.348,279000000,,0.365,128.07,,,,,,7022000000,4915000000,0.700,2204.80,4915000000,,,,,,,,,2229790,137,2183714,false,false,9,2018-04-01,2018-12-31,0
2019-01-31,33520,2018-03-31,3,6537000000,-0.006,,,,,267000000,1.176,305000000,0.831,204000000,,0.872,97.30,,,,,,,,,,,,,,,,,,,,,2106007,false,false,9,2017-04-01,2017-12-31,-1
2019-01-31,33520,2019-03-31,3,8682000000,-0.004,,,,,375000000,0.041,420000000,0.043,283000000,,0.073,128.93,,,,,,,,,,,,,,,30.00,,,,,,,false,true,12,2018-04-01,2019-03-31,0
2019-01-31,33520,2018-03-31,3,,,,,,,,,,,,,,,,,,,,6663000000,4640000000,0.696,2144.73,4640000000,,,,,30.00,,,,2163833,137,,false,false,12,2017-04-01,2018-03-31,-1
2019-01-31,33520,2019-03-31,3,,,,,,,,,,,,,,,,,,,,,,,,,,,,,15.00,,,,,,,false,false,12,2018-04-01,2019-03-31,0
2019-01-31,33520,2019-03-31,,8682000000,0.024,,,,,375000000,0.359,420000000,0.313,283000000,,0.348,128.93,,,,,,,,,,,,,,,,,,,,,,false,true,12,2018-04-01,2019-03-31,0
2019-01-31,33520,2018-03-31,,8717000000,,,,,,360000000,,402000000,,263000000,,,124.35,,,,,,,,,,,,,,,,,,,,,,false,false,12,2017-04-01,2018-03-31,-1
2019-05-08,33520,2019-03-31,,8780000000,0.007,,,,,435000000,0.209,476000000,0.184,338000000,,0.283,154.15,,0.070,0.071,0.050,,6801000000,4974000000,0.731,2231.14,4974000000,550000000,-103000000,-205000000,1835000000,35.00,0.227,,,2229790,137,2195042,false,false,12,2018-04-01,2019-03-31,0
2019-05-08,33520,2018-03-31,,8717000000,0.019,,,,,360000000,0.963,402000000,0.701,263000000,,,124.35,,0.059,0.063,0.041,,6663000000,4640000000,0.696,2144.73,4640000000,774000000,-39000000,-200000000,1594000000,30.00,0.241,,,2163833,137,2120232,false,false,12,2017-04-01,2018-03-31,-1
2019-05-08,33520,2020-03-31,,8870000000,0.010,,,,,456000000,0.047,500000000,0.049,340000000,,0.005,152.49,,,,,,,,,,,,,,,40.00,0.262,,,,,,false,true,12,2019-04-01,2020-03-31,1
2019-07-31,33520,2020-03-31,1,2045000000,0.036,,,,,64000000,0.274,74000000,0.229,49000000,,0.238,22.08,,,,,,6818000000,4979000000,0.730,2233.90,4979000000,,,,,,,,,2229790,851,2229057,false,false,3,2019-04-01,2019-06-30,0
2019-07-31,33520,2019-03-31,1,1974000000,-0.010,,,,,50000000,0.107,60000000,0.058,39000000,,0.066,18.38,,,,,,,,,,,,,,,,,,,,,2163696,false,false,3,2018-04-01,2018-06-30,-1
2019-07-31,33520,2020-03-31,1,8870000000,0.010,,,,,456000000,0.047,500000000,0.049,340000000,,0.005,151.53,,,,,,,,,,,,,,,40.00,,,,,,,false,true,12,2019-04-01,2020-03-31,0
2019-07-31,33520,2019-03-31,1,,,,,,,,,,,,,,,,,,,,6801000000,4974000000,0.731,2231.14,4974000000,,,,,35.00,,,,2229790,137,,false,false,12,2018-04-01,2019-03-31,-1
2019-10-30,33520,2020-03-31,2,4390000000,0.092,,,,,254000000,0.800,279000000,0.718,190000000,,0.744,85.02,,,,,,7265000000,5152000000,0.709,2287.57,5152000000,,,,,,,,,2253374,851,2235055,false,false,6,2019-04-01,2019-09-30,0
2019-10-30,33520,2019-03-31,2,4021000000,0.016,,,,,141000000,1.473,162000000,0.981,108000000,,1.070,50.16,,,,,,,,,,,,,,,,,,,,,2172083,false,false,6,2018-04-01,2018-09-30,-1
2019-10-30,33520,2020-03-31,2,8870000000,0.010,,,,,456000000,0.047,500000000,0.049,340000000,,0.005,151.53,,,,,,,,,,,,,,,40.00,,,,,,,false,true,12,2019-04-01,2020-03-31,0
2019-10-30,33520,2019-03-31,2,,,,,,,,,,,,,,,,,,,,6801000000,4974000000,0.731,2231.14,4974000000,,,,,35.00,,,,2229790,137,,false,false,12,2018-04-01,2019-03-31,-1
2019-10-30,33520,2020-03-31,2,,,,,,,,,,,,,,,,,,,,,,,,,,,,,20.00,,,,,,,false,false,12,2019-04-01,2020-03-31,0
2020-01-31,33520,2020-03-31,3,6972000000,0.042,,,,,418000000,0.111,456000000,0.109,310000000,,0.109,138.47,,,,,,7227000000,5227000000,0.723,2321.66,5227000000,,,,,,,,,2253374,1560,2240779,false,false,9,2019-04-01,2019-12-31,0
2020-01-31,33520,2019-03-31,3,6694000000,0.024,,,,,376000000,0.408,411000000,0.348,279000000,,0.365,128.07,,,,,,,,,,,,,,,,,,,,,2183714,false,false,9,2018-04-01,2018-12-31,-1
2020-01-31,33520,2020-03-31,3,8870000000,0.010,,,,,456000000,0.047,500000000,0.049,340000000,,0.005,151.54,,,,,,,,,,,,,,,40.00,,,,,,,false,true,12,2019-04-01,2020-03-31,0
2020-01-31,33520,2019-03-31,3,,,,,,,,,,,,,,,,,,,,6801000000,4974000000,0.731,2231.14,4974000000,,,,,35.00,,,,2229790,137,,false,false,12,2018-04-01,2019-03-31,-1
2020-01-31,33520,2020-03-31,3,,,,,,,,,,,,,,,,,,,,,,,,,,,,,20.00,,,,,,,false,false,12,2019-04-01,2020-03-31,0
2020-02-13,33520,2020-03-31,,8930000000,,,,,,456000000,,500000000,,,340000000,,151.54,,,,,,,,,,,,,,,,,,,,,,true,true,12,2019-04-01,2020-03-31,0
2020-05-19,33520,2020-03-31,,9067000000,,,,,,439000000,,488000000,,,321000000,,143.23,,0.061,0.071,0.049,,6844000000,5238000000,0.765,2326.53,5238000000,354000000,-172000000,-226000000,1790000000,,0.279,,,,,,true,false,12,2019-04-01,2020-03-31,0
2020-05-19,33520,2021-03-31,,9287000000,0.024,,,,,460000000,0.045,500000000,0.024,,333000000,,148.43,,,,,,,,,,,,,,,,0.269,,,,,,true,true,12,2020-04-01,2021-03-31,1
2020-05-19,33520,2019-03-31,,,,,,,,,,,,,,,,,,,,,,,,,,,,,,35.00,,,,2229790,137,2195042,false,false,12,2018-04-01,2019-03-31,-1
2020-05-19,33520,2020-03-31,,,,,,,,,,,,,,,,,,,,,,,,,,,,,,40.00,,,,2253374,1733,2243493,false,false,12,2019-04-01,2020-03-31,0
2020-05-19,33520,2021-03-31,,,,,,,,,,,,,,,,,,,,,,,,,,,,,,40.00,,,,,,,false,true,12,2020-04-01,2021-03-31,1
2020-07-31,33520,2021-03-31,1,2023000000,,,,,,22000000,,29000000,,,16000000,,7.31,,,,,,6936000000,5210000000,0.751,,5210000000,,,,,,,,,,,,true,false,3,2020-04-01,2020-06-30,0
2020-07-31,33520,2021-03-31,1,9287000000,0.024,,,,,460000000,0.045,500000000,0.024,,333000000,,148.43,,,,,,,,,,,,,,,,,,,,,,true,true,12,2020-04-01,2021-03-31,0
2020-07-31,33520,2020-03-31,1,,,,,,,,,,,,,,,,,,,,6844000000,5238000000,0.765,,5238000000,,,,,,,,,,,,true,false,12,2019-04-01,2020-03-31,-1
2020-07-31,33520,2020-03-31,1,,,,,,,,,,,,,,,,,,,,,,,,,,,,,40.00,,,,2253374,1733,,false,false,12,2019-04-01,2020-03-31,-1
2020-07-31,33520,2021-03-31,1,,,,,,,,,,,,,,,,,,,,,,,,,,,,,40.00,,,,,,,false,true,12,2020-04-01,2021-03-31,0
2020-07-31,33520,2021-03-31,1,,,,,,,,,,,,,,,,,,,,,,,,,,,,,,,,,2253374,1733,2251641,false,false,3,2020-04-01,2020-06-30,0
2020-07-31,33520,2020-03-31,1,,,,,,,,,,,,,,,,,,,,,,,,,,,,,,,,,,,2229057,false,false,3,2019-04-01,2019-06-30,-1
2020-10-30,33520,2021-03-31,2,4392000000,,,,,,127000000,,145000000,,,92000000,,41.11,,,,,,6959000000,5286000000,0.760,,5286000000,,,,,,,,,,,,true,false,6,2020-04-01,2020-09-30,0
2020-10-30,33520,2021-03-31,2,9287000000,0.024,,,,,460000000,0.045,500000000,0.024,,333000000,,147.89,,,,,,,,,,,,,,,,,,,,,,true,true,12,2020-04-01,2021-03-31,0
2020-10-30,33520,2020-03-31,2,,,,,,,,,,,,,,,,,,,,6844000000,5238000000,0.765,,5238000000,,,,,,,,,,,,true,false,12,2019-04-01,2020-03-31,-1
2020-10-30,33520,2020-03-31,2,,,,,,,,,,,,,,,,,,,,,,,,,,,,,40.00,,,,2253374,1733,,false,false,12,2019-04-01,2020-03-31,-1
2020-10-30,33520,2021-03-31,2,,,,,,,,,,,,,,,,,,,,,,,,,,,,,20.00,,,,,,,false,false,12,2020-04-01,2021-03-31,0
2020-10-30,33520,2021-03-31,2,,,,,,,,,,,,,,,,,,,,,,,,,,,,,40.00,,,,,,,false,true,12,2020-04-01,2021-03-31,0
2020-10-30,33520,2021-03-31,2,,,,,,,,,,,,,,,,,,,,,,,,,,,,,,,,,2253374,1733,2251641,false,false,6,2020-04-01,2020-09-30,0
2020-10-30,33520,2020-03-31,2,,,,,,,,,,,,,,,,,,,,,,,,,,,,,,,,,,,2235055,false,false,6,2019-04-01,2019-09-30,-1
2021-01-29,33520,2021-03-31,3,7247000000,,,,,,358000000,,409000000,,,270000000,,119.82,,,,,,7417000000,5443000000,0.734,,5443000000,,,,,,,,,,,,true,false,9,2020-04-01,2020-12-31,0
2021-01-29,33520,2021-03-31,3,9287000000,0.024,,,,,460000000,0.045,500000000,0.024,,333000000,,147.31,,,,,,,,,,,,,,,,,,,,,,true,true,12,2020-04-01,2021-03-31,0
2021-01-29,33520,2020-03-31,3,,,,,,,,,,,,,,,,,,,,6844000000,5238000000,0.765,,5238000000,,,,,,,,,,,,true,false,12,2019-04-01,2020-03-31,-1
2021-01-29,33520,2020-03-31,3,,,,,,,,,,,,,,,,,,,,,,,,,,,,,40.00,,,,2253374,1733,,false,false,12,2019-04-01,2020-03-31,-1
2021-01-29,33520,2021-03-31,3,,,,,,,,,,,,,,,,,,,,,,,,,,,,,20.00,,,,,,,false,false,12,2020-04-01,2021-03-31,0
2021-01-29,33520,2021-03-31,3,,,,,,,,,,,,,,,,,,,,,,,,,,,,,40.00,,,,,,,false,true,12,2020-04-01,2021-03-31,0
2021-01-29,33520,2021-03-31,3,,,,,,,,,,,,,,,,,,,,,,,,,,,,,,,,,2275374,1733,2256281,false,false,9,2020-04-01,2020-12-31,0
2021-01-29,33520,2020-03-31,3,,,,,,,,,,,,,,,,,,,,,,,,,,,,,,,,,,,2240779,false,false,9,2019-04-01,2019-12-31,-1
2021-05-10,33520,2021-03-31,,9451000000,0.042,,,,,358000000,-0.185,441000000,-0.095,,288000000,,127.78,,0.054,0.063,0.038,,7132000000,5461000000,0.766,2402.64,5461000000,560000000,-225000000,-162000000,1963000000,,0.313,,,,,,true,false,12,2020-04-01,2021-03-31,0
2021-05-10,33520,2020-03-31,,9067000000,,,,,,439000000,,488000000,,,321000000,,143.23,,0.061,0.071,0.049,,6844000000,5238000000,0.765,2326.53,5238000000,354000000,-172000000,-226000000,1790000000,,0.279,,,,,,true,false,12,2019-04-01,2020-03-31,-1
2021-05-10,33520,2022-03-31,,9980000000,0.056,,,,,471000000,0.313,530000000,0.199,,340000000,,149.56,,,,,,,,,,,,,,,,0.267,,,,,,true,true,12,2021-04-01,2022-03-31,1
2021-05-10,33520,2020-03-31,,,,,,,,,,,,,,,,,,,,,,,,,,,,,,40.00,,,,2253374,1733,2243493,false,false,12,2019-04-01,2020-03-31,-1
2021-05-10,33520,2021-03-31,,,,,,,,,,,,,,,,,,,,,,,,,,,,,,40.00,,,,2275374,2156,2260553,false,false,12,2020-04-01,2021-03-31,0
2021-05-10,33520,2022-03-31,,,,,,,,,,,,,,,,,,,,,,,,,,,,,,40.00,,,,,,,false,true,12,2021-04-01,2022-03-31,1
2021-07-30,33520,2022-03-31,1,2271000000,0.122,,,,,39000000,0.719,70000000,1.373,,46000000,,20.48,,,,,,7368000000,5425000000,0.736,,5425000000,,,,,,,,,,,,true,false,3,2021-04-01,2021-06-30,0
2021-07-30,33520,2021-03-31,1,2023000000,,,,,,22000000,,29000000,,,16000000,,7.31,,,,,,,,,,,,,,,,,,,,,,true,false,3,2020-04-01,2020-06-30,-1
2021-07-30,33520,2022-03-31,1,9980000000,0.056,,,,,471000000,0.313,530000000,0.199,,340000000,,149.56,,,,,,,,,,,,,,,,,,,,,,true,true,12,2021-04-01,2022-03-31,0
2021-07-30,33520,2021-03-31,1,,,,,,,,,,,,,,,,,,,,7132000000,5461000000,0.766,,5461000000,,,,,,,,,,,,true,false,12,2020-04-01,2021-03-31,-1
2021-07-30,33520,2021-03-31,1,,,,,,,,,,,,,,,,,,,,,,,,,,,,,40.00,,,,2275374,2156,,false,false,12,2020-04-01,2021-03-31,-1
2021-07-30,33520,2022-03-31,1,,,,,,,,,,,,,,,,,,,,,,,,,,,,,40.00,,,,,,,false,true,12,2021-04-01,2022-03-31,0
2021-07-30,33520,2022-03-31,1,,,,,,,,,,,,,,,,,,,,,,,,,,,,,,,,,2275374,2156,2273218,false,false,3,2021-04-01,2021-06-30,0
2021-07-30,33520,2021-03-31,1,,,,,,,,,,,,,,,,,,,,,,,,,,,,,,,,,,,2251641,false,false,3,2020-04-01,2020-06-30,-1
2021-10-29,33520,2022-03-31,2,4623000000,0.053,,,,,51000000,-0.597,134000000,-0.078,,91000000,,40.14,,,,,,7305000000,5470000000,0.749,,5470000000,,,,,,,,,,,,true,false,6,2021-04-01,2021-09-30,0
2021-10-29,33520,2021-03-31,2,4392000000,,,,,,127000000,,145000000,,,92000000,,41.11,,,,,,,,,,,,,,,,,,,,,,true,false,6,2020-04-01,2020-09-30,-1
2021-10-29,33520,2022-03-31,2,9980000000,0.056,,,,,471000000,0.313,530000000,0.199,,340000000,,149.56,,,,,,,,,,,,,,,,,,,,,,true,true,12,2021-04-01,2022-03-31,0
2021-10-29,33520,2021-03-31,2,,,,,,,,,,,,,,,,,,,,7132000000,5461000000,0.766,,5461000000,,,,,,,,,,,,true,false,12,2020-04-01,2021-03-31,-1
2021-10-29,33520,2021-03-31,2,,,,,,,,,,,,,,,,,,,,,,,,,,,,,40.00,,,,2275374,2156,,false,false,12,2020-04-01,2021-03-31,-1
2021-10-29,33520,2022-03-31,2,,,,,,,,,,,,,,,,,,,,,,,,,,,,,20.00,,,,,,,false,false,12,2021-04-01,2022-03-31,0
2021-10-29,33520,2022-03-31,2,,,,,,,,,,,,,,,,,,,,,,,,,,,,,40.00,,,,,,,false,true,12,2021-04-01,2022-03-31,0
2021-10-29,33520,2022-03-31,2,,,,,,,,,,,,,,,,,,,,,,,,,,,,,,,,,2275374,2156,2273218,false,false,6,2021-04-01,2021-09-30,0
2021-10-29,33520,2021-03-31,2,,,,,,,,,,,,,,,,,,,,,,,,,,,,,,,,,,,2251641,false,false,6,2020-04-01,2020-09-30,-1
2022-01-31,33520,2022-03-31,3,7531000000,0.039,,,,,291000000,-0.187,407000000,-0.005,,280000000,,123.26,,,,,,7814000000,5613000000,0.718,,5613000000,,,,,,,,,,,,true,false,9,2021-04-01,2021-12-31,0
2022-01-31,33520,2021-03-31,3,7247000000,,,,,,358000000,,409000000,,,270000000,,119.82,,,,,,,,,,,,,,,,,,,,,,true,false,9,2020-04-01,2020-12-31,-1
2022-01-31,33520,2022-03-31,3,9980000000,0.056,,,,,471000000,0.313,530000000,0.199,,340000000,,149.56,,,,,,,,,,,,,,,,,,,,,,true,true,12,2021-04-01,2022-03-31,0
2022-01-31,33520,2021-03-31,3,,,,,,,,,,,,,,,,,,,,7132000000,5461000000,0.766,,5461000000,,,,,,,,,,,,true,false,12,2020-04-01,2021-03-31,-1
2022-01-31,33520,2021-03-31,3,,,,,,,,,,,,,,,,,,,,,,,,,,,,,40.00,,,,2275374,2156,,false,false,12,2020-04-01,2021-03-31,-1
2022-01-31,33520,2022-03-31,3,,,,,,,,,,,,,,,,,,,,,,,,,,,,,20.00,,,,,,,false,false,12,2021-04-01,2022-03-31,0
2022-01-31,33520,2022-03-31,3,,,,,,,,,,,,,,,,,,,,,,,,,,,,,40.00,,,,,,,false,true,12,2021-04-01,2022-03-31,0
2022-01-31,33520,2022-03-31,3,,,,,,,,,,,,,,,,,,,,,,,,,,,,,,,,,2275374,2156,2273218,false,false,9,2021-04-01,2021-12-31,0
2022-01-31,33520,2021-03-31,3,,,,,,,,,,,,,,,,,,,,,,,,,,,,,,,,,,,2256281,false,false,9,2020-04-01,2020-12-31,-1
2022-05-09,33520,2022-03-31,,10000000000,0.058,,,,,441000000,0.231,573000000,0.299,,351000000,,154.68,,0.063,0.077,0.044,,7761000000,5685000000,0.732,2500.93,5685000000,637000000,-191000000,-100000000,2309000000,,0.259,,,,,,true,false,12,2021-04-01,2022-03-31,0
2022-05-09,33520,2021-03-31,,9451000000,0.042,,,,,358000000,-0.185,441000000,-0.095,,288000000,,127.78,,0.054,0.063,0.038,,7132000000,5461000000,0.766,2402.64,5461000000,560000000,-225000000,-162000000,1963000000,,0.313,,,,,,true,false,12,2020-04-01,2021-03-31,-1
2022-05-09,33520,2023-03-31,,10300000000,0.030,,,,,508000000,0.150,540000000,-0.059,,364000000,,160.13,,,,,,,,,,,,,,,,0.250,,,,,,true,true,12,2022-04-01,2023-03-31,1
2022-05-09,33520,2021-03-31,,,,,,,,,,,,,,,,,,,,,,,,,,,,,,40.00,,,,2275374,2156,2260553,false,false,12,2020-04-01,2021-03-31,-1
2022-05-09,33520,2022-03-31,,,,,,,,,,,,,,,,,,,,,,,,,,,,,,40.00,,,,2275374,2156,2273218,false,false,12,2021-04-01,2022-03-31,0
2022-05-09,33520,2023-03-31,,,,,,,,,,,,,,,,,,,,,,,,,,,,,,40.00,,,,,,,false,true,12,2022-04-01,2023-03-31,1
2022-07-29,33520,2023-03-31,1,2466000000,0.086,,,,,90000000,1.300,107000000,0.514,,65000000,,28.64,,,,,,7886000000,5704000000,0.723,,5704000000,,,,,,,,,,,,true,false,3,2022-04-01,2022-06-30,0
2022-07-29,33520,2022-03-31,1,2271000000,0.122,,,,,39000000,0.719,70000000,1.373,,46000000,,20.48,,,,,,,,,,,,,,,,,,,,,,true,false,3,2021-04-01,2021-06-30,-1
2022-07-29,33520,2023-03-31,1,10300000000,0.030,,,,,508000000,0.150,540000000,-0.059,,364000000,,160.14,,,,,,,,,,,,,,,,,,,,,,true,true,12,2022-04-01,2023-03-31,0
2022-07-29,33520,2022-03-31,1,,,,,,,,,,,,,,,,,,,,7761000000,5685000000,0.732,,5685000000,,,,,,,,,,,,true,false,12,2021-04-01,2022-03-31,-1
2022-07-29,33520,2022-03-31,1,,,,,,,,,,,,,,,,,,,,,,,,,,,,,40.00,,,,2275374,2156,,false,false,12,2021-04-01,2022-03-31,-1
2022-07-29,33520,2023-03-31,1,,,,,,,,,,,,,,,,,,,,,,,,,,,,,40.00,,,,,,,false,true,12,2022-04-01,2023-03-31,0
2022-07-29,33520,2023-03-31,1,,,,,,,,,,,,,,,,,,,,,,,,,,,,,,,,,2275374,2444,2273146,false,false,3,2022-04-01,2022-06-30,0
2022-07-29,33520,2022-03-31,1,,,,,,,,,,,,,,,,,,,,,,,,,,,,,,,,,,,2273218,false,false,3,2021-04-01,2021-06-30,-1
2022-10-31,33520,2023-03-31,2,4913000000,0.063,,,,,157000000,2.065,182000000,0.356,,110000000,,48.41,,,,,,7603000000,5749000000,0.756,,5749000000,,,,,,,,,,,,true,false,6,2022-04-01,2022-09-30,0
2022-10-31,33520,2022-03-31,2,4623000000,0.053,,,,,51000000,-0.597,134000000,-0.078,,91000000,,40.14,,,,,,,,,,,,,,,,,,,,,,true,false,6,2021-04-01,2021-09-30,-1
2022-10-31,33520,2023-03-31,2,10300000000,0.030,,,,,508000000,0.150,540000000,-0.059,,364000000,,160.14,,,,,,,,,,,,,,,,,,,,,,true,true,12,2022-04-01,2023-03-31,0
2022-10-31,33520,2022-03-31,2,,,,,,,,,,,,,,,,,,,,7761000000,5685000000,0.732,,5685000000,,,,,,,,,,,,true,false,12,2021-04-01,2022-03-31,-1
2022-10-31,33520,2022-03-31,2,,,,,,,,,,,,,,,,,,,,,,,,,,,,,40.00,,,,2275374,2156,,false,false,12,2021-04-01,2022-03-31,-1
2022-10-31,33520,2023-03-31,2,,,,,,,,,,,,,,,,,,,,,,,,,,,,,20.00,,,,,,,false,false,12,2022-04-01,2023-03-31,0
2022-10-31,33520,2023-03-31,2,,,,,,,,,,,,,,,,,,,,,,,,,,,,,40.00,,,,,,,false,true,12,2022-04-01,2023-03-31,0
2022-10-31,33520,2023-03-31,2,,,,,,,,,,,,,,,,,,,,,,,,,,,,,,,,,2275374,2444,2273037,false,false,6,2022-04-01,2022-09-30,0
2022-10-31,33520,2022-03-31,2,,,,,,,,,,,,,,,,,,,,,,,,,,,,,,,,,,,2273218,false,false,6,2021-04-01,2021-09-30,-1
2023-01-31,33520,2023-03-31,3,8215000000,0.091,,,,,404000000,0.388,437000000,0.074,,277000000,,121.76,,,,,,8465000000,5948000000,0.703,,5948000000,,,,,,,,,,,,true,false,9,2022-04-01,2022-12-31,0
2023-01-31,33520,2022-03-31,3,7531000000,0.039,,,,,291000000,-0.187,407000000,-0.005,,280000000,,123.26,,,,,,,,,,,,,,,,,,,,,,true,false,9,2021-04-01,2021-12-31,-1
2023-01-31,33520,2023-03-31,3,10300000000,0.030,,,,,508000000,0.150,540000000,-0.059,,364000000,,158.50,,,,,,,,,,,,,,,,,,,,,,true,true,12,2022-04-01,2023-03-31,0
2023-01-31,33520,2022-03-31,3,,,,,,,,,,,,,,,,,,,,7761000000,5685000000,0.732,,5685000000,,,,,,,,,,,,true,false,12,2021-04-01,2022-03-31,-1
2023-01-31,33520,2022-03-31,3,,,,,,,,,,,,,,,,,,,,,,,,,,,,,40.00,,,,2275374,2156,,false,false,12,2021-04-01,2022-03-31,-1
2023-01-31,33520,2023-03-31,3,,,,,,,,,,,,,,,,,,,,,,,,,,,,,20.00,,,,,,,false,false,12,2022-04-01,2023-03-31,0
2023-01-31,33520,2023-03-31,3,,,,,,,,,,,,,,,,,,,,,,,,,,,,,40.00,,,,,,,false,true,12,2022-04-01,2023-03-31,0
2023-01-31,33520,2023-03-31,3,,,,,,,,,,,,,,,,,,,,,,,,,,,,,,,,,2345874,2444,2281204,false,false,9,2022-04-01,2022-12-31,0
2023-01-31,33520,2022-03-31,3,,,,,,,,,,,,,,,,,,,,,,,,,,,,,,,,,,,2273218,false,false,9,2021-04-01,2021-12-31,-1
2023-05-09,33520,2023-03-31,,10795000000,0.079,,,,,525000000,0.190,564000000,-0.016,,325000000,,141.57,,0.056,0.071,0.049,,8237000000,5996000000,0.728,2558.74,5996000000,547000000,-141000000,-44000000,2672000000,,0.318,,,,,,true,false,12,2022-04-01,2023-03-31,0
2023-05-09,33520,2022-03-31,,10000000000,0.058,,,,,441000000,0.231,573000000,0.299,,351000000,,154.68,,0.063,0.077,0.044,,7761000000,5685000000,0.732,2500.93,5685000000,637000000,-191000000,-100000000,2309000000,,0.259,,,,,,true,false,12,2021-04-01,2022-03-31,-1
2023-05-09,33520,2024-03-31,,11156000000,0.033,,,,,578000000,0.100,610000000,0.080,,400000000,,170.69,,,,,,,,,,,,,,,,0.293,,,,,,true,true,12,2023-04-01,2024-03-31,1
2023-05-09,33520,2022-03-31,,,,,,,,,,,,,,,,,,,,,,,,,,,,,,40.00,,,,2275374,2156,2273218,false,false,12,2021-04-01,2022-03-31,-1
2023-05-09,33520,2023-03-31,,,,,,,,,,,,,,,,,,,,,,,,,,,,,,45.00,,,,2345874,2444,2296548,false,false,12,2022-04-01,2023-03-31,0
2023-05-09,33520,2024-03-31,,,,,,,,,,,,,,,,,,,,,,,,,,,,,,50.00,,,,,,,false,true,12,2023-04-01,2024-03-31,1
2023-07-31,33520,2024-03-31,1,2620000000,0.062,,,,,76000000,-0.154,85000000,-0.199,,50000000,,21.73,,,,,,8469000000,5988000000,0.707,,5988000000,,,,,,,,,,,,true,false,3,2023-04-01,2023-06-30,0
2023-07-31,33520,2023-03-31,1,2466000000,0.086,,,,,90000000,1.300,107000000,0.514,,65000000,,28.64,,,,,,,,,,,,,,,,,,,,,,true,false,3,2022-04-01,2022-06-30,-1
2023-07-31,33520,2024-03-31,1,11156000000,0.033,,,,,578000000,0.100,610000000,0.080,,400000000,,170.69,,,,,,,,,,,,,,,,,,,,,,true,true,12,2023-04-01,2024-03-31,0
2023-07-31,33520,2023-03-31,1,,,,,,,,,,,,,,,,,,,,8237000000,5996000000,0.728,,5996000000,,,,,,,,,,,,true,false,12,2022-04-01,2023-03-31,-1
2023-07-31,33520,2023-03-31,1,,,,,,,,,,,,,,,,,,,,,,,,,,,,,45.00,,,,2345874,2444,,false,false,12,2022-04-01,2023-03-31,-1
2023-07-31,33520,2024-03-31,1,,,,,,,,,,,,,,,,,,,,,,,,,,,,,50.00,,,,,,,false,true,12,2023-04-01,2024-03-31,0
2023-07-31,33520,2024-03-31,1,,,,,,,,,,,,,,,,,,,,,,,,,,,,,,,,,2345874,2444,2343430,false,false,3,2023-04-01,2023-06-30,0
2023-07-31,33520,2023-03-31,1,,,,,,,,,,,,,,,,,,,,,,,,,,,,,,,,,,,2273146,false,false,3,2022-04-01,2022-06-30,-1
2023-10-31,33520,2024-03-31,2,5228000000,0.064,,,,,134000000,-0.145,165000000,-0.090,,97000000,,41.78,,,,,,8087000000,6035000000,0.746,,6035000000,,,,,,,,,,,,true,false,6,2023-04-01,2023-09-30,0
2023-10-31,33520,2023-03-31,2,4913000000,0.063,,,,,157000000,2.065,182000000,0.356,,110000000,,48.41,,,,,,,,,,,,,,,,,,,,,,true,false,6,2022-04-01,2022-09-30,-1
2023-10-31,33520,2024-03-31,2,11156000000,0.033,,,,,578000000,0.100,610000000,0.080,,400000000,,170.69,,,,,,,,,,,,,,,,,,,,,,true,true,12,2023-04-01,2024-03-31,0
2023-10-31,33520,2023-03-31,2,,,,,,,,,,,,,,,,,,,,8237000000,5996000000,0.728,,5996000000,,,,,,,,,,,,true,false,12,2022-04-01,2023-03-31,-1
2023-10-31,33520,2023-03-31,2,,,,,,,,,,,,,,,,,,,,,,,,,,,,,45.00,,,,2345874,2444,,false,false,12,2022-04-01,2023-03-31,-1
2023-10-31,33520,2024-03-31,2,,,,,,,,,,,,,,,,,,,,,,,,,,,,,25.00,,,,,,,false,false,12,2023-04-01,2024-03-31,0
2023-10-31,33520,2024-03-31,2,,,,,,,,,,,,,,,,,,,,,,,,,,,,,50.00,,,,,,,false,true,12,2023-04-01,2024-03-31,0
2023-10-31,33520,2024-03-31,2,,,,,,,,,,,,,,,,,,,,,,,,,,,,,,,,,2345874,2444,2343430,false,false,6,2023-04-01,2023-09-30,0
2023-10-31,33520,2023-03-31,2,,,,,,,,,,,,,,,,,,,,,,,,,,,,,,,,,,,2273037,false,false,6,2022-04-01,2022-09-30,-1
2024-01-31,33520,2024-03-31,3,8485000000,0.033,,,,,354000000,-0.122,394000000,-0.098,,246000000,,105.23,,,,,,8544000000,6125000000,0.717,,6125000000,,,,,,,,,,,,true,false,9,2023-04-01,2023-12-31,0
2024-01-31,33520,2023-03-31,3,8215000000,0.091,,,,,404000000,0.388,437000000,0.074,,277000000,,121.76,,,,,,,,,,,,,,,,,,,,,,true,false,9,2022-04-01,2022-12-31,-1
2024-01-31,33520,2024-03-31,3,11156000000,0.033,,,,,578000000,0.100,610000000,0.080,,400000000,,170.69,,,,,,,,,,,,,,,,,,,,,,true,true,12,2023-04-01,2024-03-31,0
2024-01-31,33520,2023-03-31,3,,,,,,,,,,,,,,,,,,,,8237000000,5996000000,0.728,,5996000000,,,,,,,,,,,,true,false,12,2022-04-01,2023-03-31,-1
2024-01-31,33520,2023-03-31,3,,,,,,,,,,,,,,,,,,,,,,,,,,,,,45.00,,,,2345874,2444,,false,false,12,2022-04-01,2023-03-31,-1
2024-01-31,33520,2024-03-31,3,,,,,,,,,,,,,,,,,,,,,,,,,,,,,25.00,,,,,,,false,false,12,2023-04-01,2024-03-31,0
2024-01-31,33520,2024-03-31,3,,,,,,,,,,,,,,,,,,,,,,,,,,,,,50.00,,,,,,,false,true,12,2023-04-01,2024-03-31,0
2024-01-31,33520,2024-03-31,3,,,,,,,,,,,,,,,,,,,,,,,,,,,,,,,,,2345874,2444,2343430,false,false,9,2023-04-01,2023-12-31,0
2024-01-31,33520,2023-03-31,3,,,,,,,,,,,,,,,,,,,,,,,,,,,,,,,,,,,2281204,false,false,9,2022-04-01,2022-12-31,-1
2024-05-08,33520,2024-03-31,,11216000000,0.005,,,,,413000000,-0.285,459000000,-0.247,,114000000,,49.07,,,,,,,,,,,,,,,,,,,,,,true,true,12,2023-04-01,2024-03-31,0
2024-05-08,33520,2023-03-31,,10795000000,,,,,,525000000,,564000000,,,325000000,,141.57,,,,,,,,,,,,,,,,,,,,,,true,false,12,2022-04-01,2023-03-31,-1
2024-05-08,33520,2024-03-31,,,,,,,,,,,,,,,,,,,,,,,,,,,,,,55.00,,,,,,,false,true,12,2023-04-01,2024-03-31,0
2024-05-08,33520,2024-03-31,,,,,,,,,,,,,,,,,,,,,,,,,,,,,,25.00,,,,,,,false,false,12,2023-04-01,2024-03-31,0
2024-05-08,33520,2023-03-31,,,,,,,,,,,,,,,,,,,,,,,,,,,,,,45.00,,,,,,,false,false,12,2022-04-01,2023-03-31,-1
2024-05-08,33520,2024-03-31,,10567000000,0.046,,,,,509000000,-0.160,561000000,-0.124,114000000,,-0.575,49.07,,,,,,,,,,,,,,,,,,,,,,false,true,12,2023-04-01,2024-03-31,0
2024-05-08,33520,2023-03-31,,10099000000,,,,,,606000000,,640000000,,270000000,,,117.77,,,,,,,,,,,,,,,,,,,,,,false,false,12,2022-04-01,2023-03-31,-1
2024-05-09,3352,2024-03-31,,11216000000,0.039,,,,,413000000,-0.214,459000000,-0.186,,114000000,,49.07,,0.019,0.055,0.037,,8493000000,5994000000,0.706,2557.88,5994000000,543000000,-131000000,-138000000,2947000000,,1.121,,,,,,true,false,12,2023-04-01,2024-03-31,0
2024-05-09,3352,2023-03-31,,10795000000,0.079,,,,,525000000,0.190,564000000,-0.016,,325000000,,141.57,,0.056,0.071,0.049,,8237000000,5996000000,0.728,2558.74,5996000000,540000000,-117000000,-60000000,2672000000,,0.318,,,,,,true,false,12,2022-04-01,2023-03-31,-1
2024-05-09,3352,2025-03-31,,11680000000,0.041,,,,,515000000,0.246,543000000,0.181,,334000000,,142.53,,,,,,,,,,,,,,,,0.421,,,,,,true,true,12,2024-04-01,2025-03-31,1
2024-05-09,3352,2023-03-31,,,,,,,,,,,,,,,,,,,,,,,,,,,,,,45.00,,,,2345874,2444,2296548,false,false,12,2022-04-01,2023-03-31,-1
2024-05-09,3352,2024-03-31,,,,,,,,,,,,,,,,,,,,,,,,,,,,,,55.00,,,,2345874,2444,2343430,false,false,12,2023-04-01,2024-03-31,0
2024-05-09,3352,2025-03-31,,,,,,,,,,,,,,,,,,,,,,,,,,,,,,60.00,,,,,,,false,true,12,2024-04-01,2025-03-31,1
2024-07-31,3352,2025-03-31,1,2741000000,0.046,,,,,109000000,0.439,116000000,0.360,,74000000,,31.92,,,,,,8621000000,5998000000,0.696,,5998000000,,,,,,,,,,,,true,false,3,2024-04-01,2024-06-30,0
2024-07-31,3352,2024-03-31,1,2620000000,0.062,,,,,76000000,-0.154,85000000,-0.199,,50000000,,21.73,,,,,,,,,,,,,,,,,,,,,,true,false,3,2023-04-01,2023-06-30,-1
2024-07-31,3352,2025-03-31,1,11680000000,0.041,,,,,515000000,0.246,543000000,0.181,,334000000,,142.53,,,,,,,,,,,,,,,,,,,,,,true,true,12,2024-04-01,2025-03-31,0
2024-07-31,3352,2024-03-31,1,,,,,,,,,,,,,,,,,,,,8493000000,5994000000,0.706,,5994000000,,,,,,,,,,,,true,false,12,2023-04-01,2024-03-31,-1
2024-07-31,3352,2024-03-31,1,,,,,,,,,,,,,,,,,,,,,,,,,,,,,55.00,,,,2345874,2444,,false,false,12,2023-04-01,2024-03-31,-1
2024-07-31,3352,2025-03-31,1,,,,,,,,,,,,,,,,,,,,,,,,,,,,,60.00,,,,,,,false,true,12,2024-04-01,2025-03-31,0
2024-07-31,3352,2025-03-31,1,,,,,,,,,,,,,,,,,,,,,,,,,,,,,,,,,2345874,2444,2343430,false,false,3,2024-04-01,2024-06-30,0
2024-07-31,3352,2024-03-31,1,,,,,,,,,,,,,,,,,,,,,,,,,,,,,,,,,,,2343430,false,false,3,2023-04-01,2023-06-30,-1
2024-10-31,3352,2025-03-31,2,5566000000,0.065,,,,,165000000,0.233,179000000,0.082,,105000000,,44.89,,,,,,8578000000,6028000000,0.703,,6028000000,,,,,,,,,,,,true,false,6,2024-04-01,2024-09-30,0
2024-10-31,3352,2024-03-31,2,5228000000,0.064,,,,,134000000,-0.145,165000000,-0.090,,97000000,,41.78,,,,,,,,,,,,,,,,,,,,,,true,false,6,2023-04-01,2023-09-30,-1
2024-10-31,3352,2025-03-31,2,11680000000,0.041,,,,,515000000,0.246,543000000,0.181,,334000000,,142.53,,,,,,,,,,,,,,,,,,,,,,true,true,12,2024-04-01,2025-03-31,0
2024-10-31,3352,2024-03-31,2,,,,,,,,,,,,,,,,,,,,8493000000,5994000000,0.706,,5994000000,,,,,,,,,,,,true,false,12,2023-04-01,2024-03-31,-1
2024-10-31,3352,2024-03-31,2,,,,,,,,,,,,,,,,,,,,,,,,,,,,,55.00,,,,2345874,2444,,false,false,12,2023-04-01,2024-03-31,-1
2024-10-31,3352,2025-03-31,2,,,,,,,,,,,,,,,,,,,,,,,,,,,,,30.00,,,,,,,false,false,12,2024-04-01,2025-03-31,0
2024-10-31,3352,2025-03-31,2,,,,,,,,,,,,,,,,,,,,,,,,,,,,,60.00,,,,,,,false,true,12,2024-04-01,2025-03-31,0
2024-10-31,3352,2025-03-31,2,,,,,,,,,,,,,,,,,,,,,,,,,,,,,,,,,2345874,2444,2343430,false,false,6,2024-04-01,2024-09-30,0
2024-10-31,3352,2024-03-31,2,,,,,,,,,,,,,,,,,,,,,,,,,,,,,,,,,,,2343430,false,false,6,2023-04-01,2023-09-30,-1
2025-01-31,3352,2025-03-31,3,9302000000,0.096,,,,,411000000,0.159,435000000,0.102,,271000000,,115.67,,,,,,9265000000,6124000000,0.661,,6124000000,,,,,,,,,,,,true,false,9,2024-04-01,2024-12-31,0
2025-01-31,3352,2024-03-31,3,8485000000,0.033,,,,,354000000,-0.122,394000000,-0.098,,246000000,,105.23,,,,,,,,,,,,,,,,,,,,,,true,false,9,2023-04-01,2023-12-31,-1
2025-01-31,3352,2025-03-31,3,11680000000,0.041,,,,,515000000,0.246,543000000,0.181,,334000000,,142.53,,,,,,,,,,,,,,,,,,,,,,true,true,12,2024-04-01,2025-03-31,0
2025-01-31,3352,2024-03-31,3,,,,,,,,,,,,,,,,,,,,8493000000,5994000000,0.706,,5994000000,,,,,,,,,,,,true,false,12,2023-04-01,2024-03-31,-1
2025-01-31,3352,2024-03-31,3,,,,,,,,,,,,,,,,,,,,,,,,,,,,,55.00,,,,2345874,2444,,false,false,12,2023-04-01,2024-03-31,-1
2025-01-31,3352,2025-03-31,3,,,,,,,,,,,,,,,,,,,,,,,,,,,,,30.00,,,,,,,false,false,12,2024-04-01,2025-03-31,0
2025-01-31,3352,2025-03-31,3,,,,,,,,,,,,,,,,,,,,,,,,,,,,,60.00,,,,,,,false,true,12,2024-04-01,2025-03-31,0
2025-01-31,3352,2025-03-31,3,,,,,,,,,,,,,,,,,,,,,,,,,,,,,,,,,2345874,2444,2343430,false,false,9,2024-04-01,2024-12-31,0
2025-01-31,3352,2024-03-31,3,,,,,,,,,,,,,,,,,,,,,,,,,,,,,,,,,,,2343430,false,false,9,2023-04-01,2023-12-31,-1
2025-05-09,3352,2025-03-31,,12185000000,0.086,,,,,512000000,0.241,544000000,0.185,,343000000,,146.74,,0.056,0.062,0.042,,9108000000,6197000000,0.680,2644.58,6197000000,595000000,-657000000,393000000,3278000000,,0.409,,,,,,true,false,12,2024-04-01,2025-03-31,0
2025-05-09,3352,2024-03-31,,11216000000,0.039,,,,,413000000,-0.214,459000000,-0.186,,114000000,,49.07,,0.019,0.055,0.037,,8493000000,5994000000,0.706,2557.88,5994000000,543000000,-131000000,-138000000,2947000000,,1.121,,,,,,true,false,12,2023-04-01,2024-03-31,-1
2025-05-09,3352,2026-03-31,,13192000000,0.083,,,,,572000000,0.117,592000000,0.089,,370000000,,157.99,,,,,,,,,,,,,,,,0.380,,,,,,true,true,12,2025-04-01,2026-03-31,1
2025-05-09,3352,2024-03-31,,,,,,,,,,,,,,,,,,,,,,,,,,,,,,55.00,,,,2345874,2444,2343430,false,false,12,2023-04-01,2024-03-31,-1
2025-05-09,3352,2025-03-31,,,,,,,,,,,,,,,,,,,,,,,,,,,,,,60.00,,,,2345874,2444,2343430,false,false,12,2024-04-01,2025-03-31,0
2025-05-09,3352,2026-03-31,,,,,,,,,,,,,,,,,,,,,,,,,,,,,,60.00,,,,,,,false,true,12,2025-04-01,2026-03-31,1
2025-07-31,3352,2026-03-31,1,3208000000,0.170,,,,,123000000,0.121,141000000,0.215,,88000000,,37.56,,,,,,9426000000,6215000000,0.659,,6215000000,,,,,,,,,,,,true,false,3,2025-04-01,2025-06-30,0
2025-07-31,3352,2025-03-31,1,2741000000,0.046,,,,,109000000,0.439,116000000,0.360,,74000000,,31.92,,,,,,,,,,,,,,,,,,,,,,true,false,3,2024-04-01,2024-06-30,-1
2025-07-31,3352,2026-03-31,1,13192000000,0.083,,,,,572000000,0.117,592000000,0.089,,370000000,,157.99,,,,,,,,,,,,,,,,,,,,,,true,true,12,2025-04-01,2026-03-31,0
2025-07-31,3352,2025-03-31,1,,,,,,,,,,,,,,,,,,,,9108000000,6197000000,0.680,,6197000000,,,,,,,,,,,,true,false,12,2024-04-01,2025-03-31,-1
2025-07-31,3352,2025-03-31,1,,,,,,,,,,,,,,,,,,,,,,,,,,,,,60.00,,,,2345874,2444,,false,false,12,2024-04-01,2025-03-31,-1
2025-07-31,3352,2026-03-31,1,,,,,,,,,,,,,,,,,,,,,,,,,,,,,60.00,,,,,,,false,true,12,2025-04-01,2026-03-31,0
2025-07-31,3352,2026-03-31,1,,,,,,,,,,,,,,,,,,,,,,,,,,,,,,,,,2345874,2460,2343414,false,false,3,2025-04-01,2025-06-30,0
2025-07-31,3352,2025-03-31,1,,,,,,,,,,,,,,,,,,,,,,,,,,,,,,,,,,,2343430,false,false,3,2024-04-01,2024-06-30,-1
