filing_date,code,fiscal_year_end,quarterly_period,net_sales,net_sales_change,revenue,revenue_change,operating_revenue,operating_revenue_change,operating_profit,operating_profit_change,ordinary_profit,ordinary_profit_change,net_income,net_income_of_parent,net_income_change,eps,diluted_eps,roe,roa,operating_profit_to_net_sales,operating_profit_to_revenue,total_assets,net_assets,equity_ratio,bps,owner_equity,operating_cash_flow,investing_cash_flow,financing_cash_flow,cash,dividend_per_share,payout_ratio,commemorative_dividend,extra_dividend,number_of_shares,number_of_treqsury_shares,avg_number_of_shares,is_consolidated,is_forecast,duration,period_start,period_end,period_pos
2015-05-15,33880,2015-03-31,,55408000000,0.193,,,,,1997000000,0.739,2310000000,0.683,1498000000,,0.856,130.77,,0.102,0.080,0.036,,30862000000,15614000000,0.506,1362.95,15614000000,765000000,-4000000,-224000000,3335000000,,0.306,,,,,,true,false,12,2014-04-01,2015-03-31,0
2015-05-15,33880,2014-03-31,,46433000000,0.059,,,,,1148000000,0.065,1372000000,0.058,807000000,,0.012,69.23,,0.060,0.052,0.025,,27224000000,13853000000,0.509,1209.27,13853000000,96000000,-29000000,-354000000,2676000000,,0.253,,,,,,true,false,12,2013-04-01,2014-03-31,-1
2015-05-15,33880,2016-03-31,,26500000000,0.063,,,,,830000000,0.085,910000000,-0.009,,600000000,,52.37,,,,,,,,,,,,,,,,,,,,,,true,true,6,2015-04-01,2015-09-30,1
2015-05-15,33880,2016-03-31,,57000000000,0.029,,,,,2200000000,0.101,2360000000,0.021,,1570000000,,137.04,,,,,,,,,,,,,,,,0.292,,,,,,true,true,12,2015-04-01,2016-03-31,1
2015-05-15,33880,2015-03-31,,51973000000,0.197,,,,,1655000000,0.900,1968000000,0.788,1314000000,,1.052,114.74,,,,,,28450000000,13891000000,0.488,1212.53,13891000000,,,,,40.00,,,,12067120,610745,11456394,false,false,12,2014-04-01,2015-03-31,0
2015-05-15,33880,2014-03-31,,43405000000,0.028,,,,,871000000,-0.068,1101000000,-0.046,640000000,,-0.094,54.93,,,,,,25785000000,12649000000,0.491,1104.15,12649000000,,,,,17.50,,,,12067120,610704,11660662,false,false,12,2013-04-01,2014-03-31,-1
2015-05-15,33880,2016-03-31,,,,,,,,,,,,,,,,,,,,,,,,,,,,,,40.00,,,,,,,false,true,12,2015-04-01,2016-03-31,1
,33880,2015-03-31,,,,,,,,,,,,,,,,,,,,,,,,,,,,,,40.00,,,,,,,false,true,12,2014-04-01,2015-03-31,0
,33880,2015-03-31,,,,,,,,,,,,,,,,,,,,,,,,,,,,,,0.00,,,,,,,false,false,12,2014-04-01,2015-03-31,0
,33880,2014-03-31,,,,,,,,,,,,,,,,,,,,,,,,,,,,,,17.50,,,,,,,false,false,12,2013-04-01,2014-03-31,-1
2015-07-30,33880,2016-03-31,1,12036000000,0.068,,,,,274000000,0.460,349000000,0.395,,212000000,,18.58,,,,,,28845000000,15594000000,0.541,,15594000000,,,,,,,,,,,,true,false,3,2015-04-01,2015-06-30,0
2015-07-30,33880,2015-03-31,1,11266000000,0.138,,,,,188000000,2.530,250000000,0.662,,164000000,,14.34,,,,,,,,,,,,,,,,,,,,,,true,false,3,2014-04-01,2014-06-30,-1
2015-07-30,33880,2016-03-31,1,26500000000,0.063,,,,,830000000,0.085,910000000,-0.009,,600000000,,52.37,,,,,,,,,,,,,,,,,,,,,,true,true,6,2015-04-01,2015-09-30,0
2015-07-30,33880,2016-03-31,1,57000000000,0.029,,,,,2200000000,0.101,2360000000,0.021,,1570000000,,137.04,,,,,,,,,,,,,,,,,,,,,,true,true,12,2015-04-01,2016-03-31,0
2015-07-30,33880,2015-03-31,1,,,,,,,,,,,,,,,,,,,,30862000000,15614000000,0.506,,15614000000,,,,,,,,,,,,true,false,12,2014-04-01,2015-03-31,-1
2015-07-30,33880,2015-03-31,1,,,,,,,,,,,,,,,,,,,,,,,,,,,,,40.00,,,,12067120,610745,,false,false,12,2014-04-01,2015-03-31,-1
2015-07-30,33880,2016-03-31,1,,,,,,,,,,,,,,,,,,,,,,,,,,,,,40.00,,,,,,,false,true,12,2015-04-01,2016-03-31,0
2015-07-30,33880,2016-03-31,1,,,,,,,,,,,,,,,,,,,,,,,,,,,,,,,,,12067120,610745,11456375,false,false,3,2015-04-01,2015-06-30,0
2015-07-30,33880,2015-03-31,1,,,,,,,,,,,,,,,,,,,,,,,,,,,,,,,,,,,11456416,false,false,3,2014-04-01,2014-06-30,-1
2015-10-30,33880,2016-03-31,2,26447000000,0.061,,,,,878000000,0.149,961000000,0.047,,621000000,,54.29,,,,,,29045000000,15846000000,0.546,,15846000000,,,,,,,,,,,,true,false,6,2015-04-01,2015-09-30,0
2015-10-30,33880,2015-03-31,2,24927000000,0.208,,,,,764000000,1.873,918000000,1.127,,632000000,,55.25,,,,,,,,,,,,,,,,,,,,,,true,false,6,2014-04-01,2014-09-30,-1
2015-10-30,33880,2016-03-31,2,57000000000,0.029,,,,,2200000000,0.101,2360000000,0.021,,1570000000,,137.04,,,,,,,,,,,,,,,,,,,,,,true,true,12,2015-04-01,2016-03-31,0
2015-10-30,33880,2015-03-31,2,,,,,,,,,,,,,,,,,,,,30862000000,15614000000,0.506,,15614000000,,,,,,,,,,,,true,false,12,2014-04-01,2015-03-31,-1
2015-10-30,33880,2015-03-31,2,,,,,,,,,,,,,,,,,,,,,,,,,,,,,40.00,,,,12067120,610745,,false,false,12,2014-04-01,2015-03-31,-1
2015-10-30,33880,2016-03-31,2,,,,,,,,,,,,,,,,,,,,,,,,,,,,,15.00,,,,,,,false,false,12,2015-04-01,2016-03-31,0
2015-10-30,33880,2016-03-31,2,,,,,,,,,,,,,,,,,,,,,,,,,,,,,40.00,,,,,,,false,true,12,2015-04-01,2016-03-31,0
2015-10-30,33880,2016-03-31,2,,,,,,,,,,,,,,,,,,,,,,,,,,,,,,,,,12067120,610745,11456375,false,false,6,2015-04-01,2015-09-30,0
2015-10-30,33880,2015-03-31,2,,,,,,,,,,,,,,,,,,,,,,,,,,,,,,,,,,,11456410,false,false,6,2014-04-01,2014-09-30,-1
2016-01-29,33880,2016-03-31,3,41087000000,0.074,,,,,1439000000,0.277,1581000000,0.128,,1039000000,,90.72,,,,,,29292000000,16162000000,0.552,,16162000000,,,,,,,,,,,,true,false,9,2015-04-01,2015-12-31,0
2016-01-29,33880,2015-03-31,3,38258000000,0.211,,,,,1127000000,1.760,1402000000,1.310,,951000000,,83.06,,,,,,,,,,,,,,,,,,,,,,true,false,9,2014-04-01,2014-12-31,-1
2016-01-29,33880,2016-03-31,3,57000000000,0.029,,,,,2200000000,0.101,2360000000,0.021,,1570000000,,137.04,,,,,,,,,,,,,,,,,,,,,,true,true,12,2015-04-01,2016-03-31,0
2016-01-29,33880,2015-03-31,3,,,,,,,,,,,,,,,,,,,,30862000000,15614000000,0.506,,15614000000,,,,,,,,,,,,true,false,12,2014-04-01,2015-03-31,-1
2016-01-29,33880,2015-03-31,3,,,,,,,,,,,,,,,,,,,,,,,,,,,,,40.00,,,,12067120,610745,,false,false,12,2014-04-01,2015-03-31,-1
2016-01-29,33880,2016-03-31,3,,,,,,,,,,,,,,,,,,,,,,,,,,,,,15.00,,,,,,,false,false,12,2015-04-01,2016-03-31,0
2016-01-29,33880,2016-03-31,3,,,,,,,,,,,,,,,,,,,,,,,,,,,,,40.00,,,,,,,false,true,12,2015-04-01,2016-03-31,0
2016-01-29,33880,2016-03-31,3,,,,,,,,,,,,,,,,,,,,,,,,,,,,,,,,,12067120,610745,11456375,false,false,9,2015-04-01,2015-12-31,0
2016-01-29,33880,2015-03-31,3,,,,,,,,,,,,,,,,,,,,,,,,,,,,,,,,,,,11456000,false,false,9,2014-04-01,2014-12-31,-1
2016-05-16,33880,2016-03-31,,58697000000,0.059,,,,,2274000000,0.139,2418000000,0.047,,1550000000,,135.37,,0.098,0.077,0.039,,32162000000,16156000000,0.502,1410.26,16156000000,764000000,-146000000,-649000000,3308000000,,0.295,,,,,,true,false,12,2015-04-01,2016-03-31,0
2016-05-16,33880,2015-03-31,,55408000000,0.193,,,,,1997000000,0.739,2310000000,0.683,,1498000000,,130.77,,0.102,0.080,0.036,,30862000000,15614000000,0.506,1362.95,15614000000,765000000,-4000000,-224000000,3335000000,,0.306,,,,,,true,false,12,2014-04-01,2015-03-31,-1
2016-05-16,33880,2017-03-31,,27000000000,0.021,,,,,870000000,-0.010,940000000,-0.023,,610000000,,53.25,,,,,,,,,,,,,,,,,,,,,,true,true,6,2016-04-01,2016-09-30,1
2016-05-16,33880,2017-03-31,,59000000000,0.005,,,,,2280000000,0.002,2430000000,0.005,,1600000000,,139.66,,,,,,,,,,,,,,,,0.286,,,,,,true,true,12,2016-04-01,2017-03-31,1
2016-05-16,33880,2015-03-31,,,,,,,,,,,,,,,,,,,,,,,,,,,,,,40.00,,,,12067120,610745,11456394,false,false,12,2014-04-01,2015-03-31,-1
2016-05-16,33880,2016-03-31,,,,,,,,,,,,,,,,,,,,,,,,,,,,,,40.00,,,,12067120,610745,11456375,false,false,12,2015-04-01,2016-03-31,0
2016-05-16,33880,2017-03-31,,,,,,,,,,,,,,,,,,,,,,,,,,,,,,40.00,,,,,,,false,true,12,2016-04-01,2017-03-31,1
2016-07-29,33880,2017-03-31,1,12555000000,0.043,,,,,115000000,-0.578,114000000,-0.673,,70000000,,6.18,,,,,,28961000000,15684000000,0.542,,15684000000,,,,,,,,,,,,true,false,3,2016-04-01,2016-06-30,0
2016-07-29,33880,2016-03-31,1,12036000000,0.068,,,,,274000000,0.460,349000000,0.395,,212000000,,18.58,,,,,,,,,,,,,,,,,,,,,,true,false,3,2015-04-01,2015-06-30,-1
2016-07-29,33880,2017-03-31,1,27000000000,0.021,,,,,870000000,-0.010,940000000,-0.023,,610000000,,53.25,,,,,,,,,,,,,,,,,,,,,,true,true,6,2016-04-01,2016-09-30,0
2016-07-29,33880,2017-03-31,1,59000000000,0.005,,,,,2280000000,0.002,2430000000,0.005,,1600000000,,139.66,,,,,,,,,,,,,,,,,,,,,,true,true,12,2016-04-01,2017-03-31,0
2016-07-29,33880,2016-03-31,1,,,,,,,,,,,,,,,,,,,,32162000000,16156000000,0.502,,16156000000,,,,,,,,,,,,true,false,12,2015-04-01,2016-03-31,-1
2016-07-29,33880,2016-03-31,1,,,,,,,,,,,,,,,,,,,,,,,,,,,,,40.00,,,,12067120,610745,,false,false,12,2015-04-01,2016-03-31,-1
2016-07-29,33880,2017-03-31,1,,,,,,,,,,,,,,,,,,,,,,,,,,,,,40.00,,,,,,,false,true,12,2016-04-01,2017-03-31,0
2016-07-29,33880,2017-03-31,1,,,,,,,,,,,,,,,,,,,,,,,,,,,,,,,,,12067120,610745,11456375,false,false,3,2016-04-01,2016-06-30,0
2016-07-29,33880,2016-03-31,1,,,,,,,,,,,,,,,,,,,,,,,,,,,,,,,,,,,11456375,false,false,3,2015-04-01,2015-06-30,-1
2016-10-31,33880,2017-03-31,2,27278000000,0.031,,,,,760000000,-0.135,791000000,-0.177,,552000000,,48.21,,,,,,28810000000,16104000000,0.559,,16104000000,,,,,,,,,,,,true,false,6,2016-04-01,2016-09-30,0
2016-10-31,33880,2016-03-31,2,26447000000,0.061,,,,,878000000,0.149,961000000,0.047,,621000000,,54.29,,,,,,,,,,,,,,,,,,,,,,true,false,6,2015-04-01,2015-09-30,-1
2016-10-31,33880,2017-03-31,2,59000000000,0.005,,,,,2280000000,0.002,2430000000,0.005,,1600000000,,139.66,,,,,,,,,,,,,,,,,,,,,,true,true,12,2016-04-01,2017-03-31,0
2016-10-31,33880,2016-03-31,2,,,,,,,,,,,,,,,,,,,,32162000000,16156000000,0.502,,16156000000,,,,,,,,,,,,true,false,12,2015-04-01,2016-03-31,-1
2016-10-31,33880,2016-03-31,2,,,,,,,,,,,,,,,,,,,,,,,,,,,,,40.00,,,,12067120,610745,,false,false,12,2015-04-01,2016-03-31,-1
2016-10-31,33880,2017-03-31,2,,,,,,,,,,,,,,,,,,,,,,,,,,,,,15.00,,,,,,,false,false,12,2016-04-01,2017-03-31,0
2016-10-31,33880,2017-03-31,2,,,,,,,,,,,,,,,,,,,,,,,,,,,,,40.00,,,,,,,false,true,12,2016-04-01,2017-03-31,0
2016-10-31,33880,2017-03-31,2,,,,,,,,,,,,,,,,,,,,,,,,,,,,,,,,,12067120,610745,11456375,false,false,6,2016-04-01,2016-09-30,0
2016-10-31,33880,2016-03-31,2,,,,,,,,,,,,,,,,,,,,,,,,,,,,,,,,,,,11456375,false,false,6,2015-04-01,2015-09-30,-1
2017-01-30,33880,2017-03-31,3,41921000000,0.020,,,,,1161000000,-0.193,1353000000,-0.144,,948000000,,82.81,,,,,,29515000000,16504000000,0.559,,16504000000,,,,,,,,,,,,true,false,9,2016-04-01,2016-12-31,0
2017-01-30,33880,2016-03-31,3,41087000000,0.074,,,,,1439000000,0.277,1581000000,0.128,,1039000000,,90.72,,,,,,,,,,,,,,,,,,,,,,true,false,9,2015-04-01,2015-12-31,-1
2017-01-30,33880,2017-03-31,3,59000000000,0.005,,,,,2280000000,0.002,2430000000,0.005,,1600000000,,139.66,,,,,,,,,,,,,,,,,,,,,,true,true,12,2016-04-01,2017-03-31,0
2017-01-30,33880,2016-03-31,3,,,,,,,,,,,,,,,,,,,,32162000000,16156000000,0.502,,16156000000,,,,,,,,,,,,true,false,12,2015-04-01,2016-03-31,-1
2017-01-30,33880,2016-03-31,3,,,,,,,,,,,,,,,,,,,,,,,,,,,,,40.00,,,,12067120,610745,,false,false,12,2015-04-01,2016-03-31,-1
2017-01-30,33880,2017-03-31,3,,,,,,,,,,,,,,,,,,,,,,,,,,,,,15.00,,,,,,,false,false,12,2016-04-01,2017-03-31,0
2017-01-30,33880,2017-03-31,3,,,,,,,,,,,,,,,,,,,,,,,,,,,,,40.00,,,,,,,false,true,12,2016-04-01,2017-03-31,0
2017-01-30,33880,2017-03-31,3,,,,,,,,,,,,,,,,,,,,,,,,,,,,,,,,,12067120,610745,11456375,false,false,9,2016-04-01,2016-12-31,0
2017-01-30,33880,2016-03-31,3,,,,,,,,,,,,,,,,,,,,,,,,,,,,,,,,,,,11456375,false,false,9,2015-04-01,2015-12-31,-1
2017-05-15,33880,2017-03-31,,60260000000,0.027,,,,,2005000000,-0.118,2215000000,-0.084,,1518000000,,132.55,,0.091,0.068,0.033,,33341000000,17220000000,0.516,1503.16,17220000000,809000000,-311000000,-471000000,3258000000,,0.302,,,,,,true,false,12,2016-04-01,2017-03-31,0
2017-05-15,33880,2016-03-31,,58697000000,0.059,,,,,2274000000,0.139,2418000000,0.047,,1550000000,,135.37,,0.098,0.077,0.039,,32162000000,16156000000,0.502,1410.26,16156000000,764000000,-146000000,-649000000,3308000000,,0.295,,,,,,true,false,12,2015-04-01,2016-03-31,-1
2017-05-15,33880,2018-03-31,,29270000000,0.073,,,,,900000000,0.183,990000000,0.250,,680000000,,59.36,,,,,,,,,,,,,,,,,,,,,,true,true,6,2017-04-01,2017-09-30,1
2017-05-15,33880,2018-03-31,,61500000000,0.021,,,,,2190000000,0.092,2350000000,0.061,,1610000000,,140.53,,,,,,,,,,,,,,,,0.285,,,,,,true,true,12,2017-04-01,2018-03-31,1
2017-05-15,33880,2016-03-31,,,,,,,,,,,,,,,,,,,,,,,,,,,,,,40.00,,,,12067120,610745,11456375,false,false,12,2015-04-01,2016-03-31,-1
2017-05-15,33880,2017-03-31,,,,,,,,,,,,,,,,,,,,,,,,,,,,,,40.00,,,,12067120,610745,11456375,false,false,12,2016-04-01,2017-03-31,0
2017-05-15,33880,2018-03-31,,,,,,,,,,,,,,,,,,,,,,,,,,,,,,40.00,,,,,,,false,true,12,2017-04-01,2018-03-31,1
2017-07-28,33880,2018-03-31,1,13843000000,0.103,,,,,364000000,2.142,420000000,2.681,,277000000,,24.20,,,,,,31173000000,17230000000,0.553,,17230000000,,,,,,,,,,,,true,false,3,2017-04-01,2017-06-30,0
2017-07-28,33880,2017-03-31,1,12555000000,0.043,,,,,115000000,-0.578,114000000,-0.673,,70000000,,6.18,,,,,,,,,,,,,,,,,,,,,,true,false,3,2016-04-01,2016-06-30,-1
2017-07-28,33880,2018-03-31,1,29270000000,0.073,,,,,900000000,0.183,990000000,0.250,,680000000,,59.36,,,,,,,,,,,,,,,,,,,,,,true,true,6,2017-04-01,2017-09-30,0
2017-07-28,33880,2018-03-31,1,61500000000,0.021,,,,,2190000000,0.092,2350000000,0.061,,1610000000,,140.53,,,,,,,,,,,,,,,,,,,,,,true,true,12,2017-04-01,2018-03-31,0
2017-07-28,33880,2017-03-31,1,,,,,,,,,,,,,,,,,,,,33341000000,17220000000,0.516,,17220000000,,,,,,,,,,,,true,false,12,2016-04-01,2017-03-31,-1
2017-07-28,33880,2017-03-31,1,,,,,,,,,,,,,,,,,,,,,,,,,,,,,40.00,,,,12067120,610745,,false,false,12,2016-04-01,2017-03-31,-1
2017-07-28,33880,2018-03-31,1,,,,,,,,,,,,,,,,,,,,,,,,,,,,,40.00,,,,,,,false,true,12,2017-04-01,2018-03-31,0
2017-07-28,33880,2018-03-31,1,,,,,,,,,,,,,,,,,,,,,,,,,,,,,,,,,12067120,610745,11456375,false,false,3,2017-04-01,2017-06-30,0
2017-07-28,33880,2017-03-31,1,,,,,,,,,,,,,,,,,,,,,,,,,,,,,,,,,,,11456375,false,false,3,2016-04-01,2016-06-30,-1
2017-10-30,33880,2018-03-31,2,30104000000,0.104,,,,,985000000,0.295,1092000000,0.380,,749000000,,65.39,,,,,,32555000000,17863000000,0.549,,17863000000,,,,,,,,,,,,true,false,6,2017-04-01,2017-09-30,0
2017-10-30,33880,2017-03-31,2,27278000000,0.031,,,,,760000000,-0.135,791000000,-0.177,,552000000,,48.21,,,,,,,,,,,,,,,,,,,,,,true,false,6,2016-04-01,2016-09-30,-1
2017-10-30,33880,2018-03-31,2,61500000000,0.021,,,,,2190000000,0.092,2350000000,0.061,,1610000000,,140.53,,,,,,,,,,,,,,,,,,,,,,true,true,12,2017-04-01,2018-03-31,0
2017-10-30,33880,2017-03-31,2,,,,,,,,,,,,,,,,,,,,33341000000,17220000000,0.516,,17220000000,,,,,,,,,,,,true,false,12,2016-04-01,2017-03-31,-1
2017-10-30,33880,2017-03-31,2,,,,,,,,,,,,,,,,,,,,,,,,,,,,,40.00,,,,12067120,610745,,false,false,12,2016-04-01,2017-03-31,-1
2017-10-30,33880,2018-03-31,2,,,,,,,,,,,,,,,,,,,,,,,,,,,,,15.00,,,,,,,false,false,12,2017-04-01,2018-03-31,0
2017-10-30,33880,2018-03-31,2,,,,,,,,,,,,,,,,,,,,,,,,,,,,,40.00,,,,,,,false,true,12,2017-04-01,2018-03-31,0
2017-10-30,33880,2018-03-31,2,,,,,,,,,,,,,,,,,,,,,,,,,,,,,,,,,12067120,610776,11456371,false,false,6,2017-04-01,2017-09-30,0
2017-10-30,33880,2017-03-31,2,,,,,,,,,,,,,,,,,,,,,,,,,,,,,,,,,,,11456375,false,false,6,2016-04-01,2016-09-30,-1
2018-01-30,33880,2018-03-31,3,47950000000,0.144,,,,,1785000000,0.538,1961000000,0.450,,1352000000,,118.04,,,,,,35329000000,18504000000,0.524,,18504000000,,,,,,,,,,,,true,false,9,2017-04-01,2017-12-31,0
2018-01-30,33880,2017-03-31,3,41921000000,0.020,,,,,1161000000,-0.193,1353000000,-0.144,,948000000,,82.81,,,,,,,,,,,,,,,,,,,,,,true,false,9,2016-04-01,2016-12-31,-1
2018-01-30,33880,2018-03-31,3,61500000000,0.021,,,,,2190000000,0.092,2350000000,0.061,,1610000000,,140.53,,,,,,,,,,,,,,,,,,,,,,true,true,12,2017-04-01,2018-03-31,0
2018-01-30,33880,2017-03-31,3,,,,,,,,,,,,,,,,,,,,33341000000,17220000000,0.516,,17220000000,,,,,,,,,,,,true,false,12,2016-04-01,2017-03-31,-1
2018-01-30,33880,2017-03-31,3,,,,,,,,,,,,,,,,,,,,,,,,,,,,,40.00,,,,12067120,610745,,false,false,12,2016-04-01,2017-03-31,-1
2018-01-30,33880,2018-03-31,3,,,,,,,,,,,,,,,,,,,,,,,,,,,,,15.00,,,,,,,false,false,12,2017-04-01,2018-03-31,0
2018-01-30,33880,2018-03-31,3,,,,,,,,,,,,,,,,,,,,,,,,,,,,,40.00,,,,,,,false,true,12,2017-04-01,2018-03-31,0
2018-01-30,33880,2018-03-31,3,,,,,,,,,,,,,,,,,,,,,,,,,,,,,,,,,12067120,610776,11456363,false,false,9,2017-04-01,2017-12-31,0
2018-01-30,33880,2017-03-31,3,,,,,,,,,,,,,,,,,,,,,,,,,,,,,,,,,,,11456375,false,false,9,2016-04-01,2016-12-31,-1
2018-05-07,33880,2018-03-31,,67849000000,0.103,,,,,2815000000,0.286,3010000000,0.281,,2147000000,,187.47,,,,,,,,,,,,,,,,,,,,,,true,true,12,2017-04-01,2018-03-31,0
2018-05-07,33880,2017-03-31,,60260000000,,,,,,2005000000,,2215000000,,,1518000000,,132.55,,,,,,,,,,,,,,,,,,,,,,true,false,12,2016-04-01,2017-03-31,-1
2018-05-07,33880,2018-03-31,,,,,,,,,,,,,,,,,,,,,,,,,,,,,,55.00,,,,,,,false,true,12,2017-04-01,2018-03-31,0
2018-05-07,33880,2018-03-31,,,,,,,,,,,,,,,,,,,,,,,,,,,,,,15.00,,,,,,,false,false,12,2017-04-01,2018-03-31,0
2018-05-07,33880,2017-03-31,,,,,,,,,,,,,,,,,,,,,,,,,,,,,,40.00,,,,,,,false,false,12,2016-04-01,2017-03-31,-1
2018-05-15,33880,2018-03-31,,67849000000,0.126,,,,,2815000000,0.404,3010000000,0.359,,2147000000,,187.47,,0.118,0.084,0.041,,38254000000,19232000000,0.503,1678.74,19232000000,-756000000,-75000000,727000000,3134000000,,0.293,,,,,,true,false,12,2017-04-01,2018-03-31,0
2018-05-15,33880,2017-03-31,,60260000000,0.027,,,,,2005000000,-0.118,2215000000,-0.084,,1518000000,,132.55,,0.091,0.068,0.033,,33341000000,17220000000,0.516,1503.16,17220000000,809000000,-311000000,-471000000,3258000000,,0.302,,,,,,true,false,12,2016-04-01,2017-03-31,-1
2018-05-15,33880,2019-03-31,,33500000000,0.113,,,,,1200000000,0.218,1310000000,0.199,,920000000,,80.30,,,,,,,,,,,,,,,,,,,,,,true,true,6,2018-04-01,2018-09-30,1
2018-05-15,33880,2019-03-31,,71000000000,0.046,,,,,2950000000,0.048,3140000000,0.043,,2200000000,,192.03,,,,,,,,,,,,,,,,0.286,,,,,,true,true,12,2018-04-01,2019-03-31,1
2018-05-15,33880,2018-03-31,,63350000000,0.137,,,,,2513000000,0.428,2755000000,0.339,1975000000,,0.325,172.45,,,,,,36362000000,17461000000,0.480,1524.16,17461000000,,,,,55.00,,,,12067120,610776,11456358,false,false,12,2017-04-01,2018-03-31,0
2018-05-15,33880,2017-03-31,,55718000000,0.033,,,,,1760000000,0.045,2058000000,0.097,1490000000,,0.197,130.12,,,,,,30836000000,15558000000,0.505,1358.06,15558000000,,,,,40.00,,,,12067120,610745,11456375,false,false,12,2016-04-01,2017-03-31,-1
2018-05-15,33880,2019-03-31,,,,,,,,,,,,,,,,,,,,,,,,,,,,,,55.00,,,,,,,false,true,12,2018-04-01,2019-03-31,1
2018-05-15,33880,2018-03-31,,67849000000,0.126,,,,,2815000000,0.404,3010000000,0.359,,2147000000,,187.47,,0.118,0.084,0.041,,38254000000,19232000000,0.503,1678.74,19232000000,-686000000,-145000000,727000000,3134000000,,0.293,,,,,,true,false,12,2017-04-01,2018-03-31,0
2018-05-15,33880,2017-03-31,,60260000000,0.027,,,,,2005000000,-0.118,2215000000,-0.084,,1518000000,,132.55,,0.091,0.068,0.033,,33341000000,17220000000,0.516,1503.16,17220000000,809000000,-311000000,-471000000,3258000000,,0.302,,,,,,true,false,12,2016-04-01,2017-03-31,-1
2018-05-15,33880,2019-03-31,,33500000000,0.113,,,,,1200000000,0.218,1310000000,0.199,,920000000,,80.30,,,,,,,,,,,,,,,,,,,,,,true,true,6,2018-04-01,2018-09-30,1
2018-05-15,33880,2019-03-31,,71000000000,0.046,,,,,2950000000,0.048,3140000000,0.043,,2200000000,,192.03,,,,,,,,,,,,,,,,0.286,,,,,,true,true,12,2018-04-01,2019-03-31,1
2018-05-15,33880,2018-03-31,,63350000000,0.137,,,,,2513000000,0.428,2755000000,0.339,1975000000,,0.325,172.45,,,,,,36362000000,17461000000,0.480,1524.16,17461000000,,,,,55.00,,,,12067120,610776,11456358,false,false,12,2017-04-01,2018-03-31,0
2018-05-15,33880,2017-03-31,,55718000000,0.033,,,,,1760000000,0.045,2058000000,0.097,1490000000,,0.197,130.12,,,,,,30836000000,15558000000,0.505,1358.06,15558000000,,,,,40.00,,,,12067120,610745,11456375,false,false,12,2016-04-01,2017-03-31,-1
2018-05-15,33880,2019-03-31,,,,,,,,,,,,,,,,,,,,,,,,,,,,,,55.00,,,,,,,false,true,12,2018-04-01,2019-03-31,1
2018-07-30,33880,2019-03-31,1,18244000000,0.318,,,,,777000000,1.136,830000000,0.974,,605000000,,52.86,,,,,,38150000000,19579000000,0.510,,19446000000,,,,,,,,,,,,true,false,3,2018-04-01,2018-06-30,0
2018-07-30,33880,2018-03-31,1,13843000000,0.103,,,,,364000000,2.142,420000000,2.681,,277000000,,24.20,,,,,,,,,,,,,,,,,,,,,,true,false,3,2017-04-01,2017-06-30,-1
2018-07-30,33880,2019-03-31,1,33500000000,0.113,,,,,1200000000,0.218,1310000000,0.199,,920000000,,80.30,,,,,,,,,,,,,,,,,,,,,,true,true,6,2018-04-01,2018-09-30,0
2018-07-30,33880,2019-03-31,1,71000000000,0.046,,,,,2950000000,0.048,3140000000,0.043,,2200000000,,192.03,,,,,,,,,,,,,,,,,,,,,,true,true,12,2018-04-01,2019-03-31,0
2018-07-30,33880,2018-03-31,1,,,,,,,,,,,,,,,,,,,,38014000000,19232000000,0.506,,19232000000,,,,,,,,,,,,true,false,12,2017-04-01,2018-03-31,-1
2018-07-30,33880,2018-03-31,1,,,,,,,,,,,,,,,,,,,,,,,,,,,,,55.00,,,,12067120,610776,,false,false,12,2017-04-01,2018-03-31,-1
2018-07-30,33880,2019-03-31,1,,,,,,,,,,,,,,,,,,,,,,,,,,,,,55.00,,,,,,,false,true,12,2018-04-01,2019-03-31,0
2018-07-30,33880,2019-03-31,1,,,,,,,,,,,,,,,,,,,,,,,,,,,,,,,,,12067120,610776,11456344,false,false,3,2018-04-01,2018-06-30,0
2018-07-30,33880,2018-03-31,1,,,,,,,,,,,,,,,,,,,,,,,,,,,,,,,,,,,11456375,false,false,3,2017-04-01,2017-06-30,-1
2018-10-30,33880,2019-03-31,2,38607000000,0.282,,,,,1986000000,1.016,2100000000,0.922,,1511000000,,131.91,,,,,,40887000000,20576000000,0.500,,20442000000,,,,,,,,,,,,true,false,6,2018-04-01,2018-09-30,0
2018-10-30,33880,2018-03-31,2,30104000000,0.104,,,,,985000000,0.295,1092000000,0.380,,749000000,,65.39,,,,,,,,,,,,,,,,,,,,,,true,false,6,2017-04-01,2017-09-30,-1
2018-10-30,33880,2019-03-31,2,76000000000,0.120,,,,,3680000000,0.307,3920000000,0.302,,2780000000,,242.66,,,,,,,,,,,,,,,,,,,,,,true,true,12,2018-04-01,2019-03-31,0
2018-10-30,33880,2018-03-31,2,,,,,,,,,,,,,,,,,,,,38014000000,19232000000,0.506,,19232000000,,,,,,,,,,,,true,false,12,2017-04-01,2018-03-31,-1
2018-10-30,33880,2018-03-31,2,,,,,,,,,,,,,,,,,,,,,,,,,,,,,55.00,,,,12067120,610776,,false,false,12,2017-04-01,2018-03-31,-1
2018-10-30,33880,2019-03-31,2,,,,,,,,,,,,,,,,,,,,,,,,,,,,,35.00,,,,,,,false,false,12,2018-04-01,2019-03-31,0
2018-10-30,33880,2019-03-31,2,,,,,,,,,,,,,,,,,,,,,,,,,,,,,70.00,,,,,,,false,true,12,2018-04-01,2019-03-31,0
2018-10-30,33880,2019-03-31,2,,,,,,,,,,,,,,,,,,,,,,,,,,,,,,,,,12067120,610776,11456344,false,false,6,2018-04-01,2018-09-30,0
2018-10-30,33880,2018-03-31,2,,,,,,,,,,,,,,,,,,,,,,,,,,,,,,,,,,,11456371,false,false,6,2017-04-01,2017-09-30,-1
2019-01-30,33880,2019-03-31,3,60416000000,0.260,,,,,3219000000,0.803,3402000000,0.734,,2448000000,,213.74,,,,,,41323000000,20867000000,0.501,,20721000000,,,,,,,,,,,,true,false,9,2018-04-01,2018-12-31,0
2019-01-30,33880,2018-03-31,3,47950000000,0.144,,,,,1785000000,0.538,1961000000,0.450,,1352000000,,118.04,,,,,,,,,,,,,,,,,,,,,,true,false,9,2017-04-01,2017-12-31,-1
2019-01-30,33880,2019-03-31,3,76000000000,0.120,,,,,3680000000,0.307,3920000000,0.302,,2780000000,,242.66,,,,,,,,,,,,,,,,,,,,,,true,true,12,2018-04-01,2019-03-31,0
2019-01-30,33880,2018-03-31,3,,,,,,,,,,,,,,,,,,,,38014000000,19232000000,0.506,,19232000000,,,,,,,,,,,,true,false,12,2017-04-01,2018-03-31,-1
2019-01-30,33880,2018-03-31,3,,,,,,,,,,,,,,,,,,,,,,,,,,,,,55.00,,,,12067120,610776,,false,false,12,2017-04-01,2018-03-31,-1
2019-01-30,33880,2019-03-31,3,,,,,,,,,,,,,,,,,,,,,,,,,,,,,35.00,,,,,,,false,false,12,2018-04-01,2019-03-31,0
2019-01-30,33880,2019-03-31,3,,,,,,,,,,,,,,,,,,,,,,,,,,,,,70.00,,,,,,,false,true,12,2018-04-01,2019-03-31,0
2019-01-30,33880,2019-03-31,3,,,,,,,,,,,,,,,,,,,,,,,,,,,,,,,,,12067120,610776,11456344,false,false,9,2018-04-01,2018-12-31,0
2019-01-30,33880,2018-03-31,3,,,,,,,,,,,,,,,,,,,,,,,,,,,,,,,,,,,11456363,false,false,9,2017-04-01,2017-12-31,-1
2019-05-15,33880,2019-03-31,,82978000000,0.223,,,,,4411000000,0.567,4636000000,0.540,,3153000000,,275.22,,0.155,0.115,0.053,,42940000000,21548000000,0.498,1868.43,21405000000,2272000000,-903000000,-912000000,3936000000,,0.298,,,,,,true,false,12,2018-04-01,2019-03-31,0
2019-05-15,33880,2018-03-31,,67849000000,0.126,,,,,2815000000,0.404,3010000000,0.359,,2147000000,,187.47,,0.118,0.084,0.041,,38014000000,19232000000,0.506,1678.74,19232000000,-686000000,-145000000,727000000,3134000000,,0.293,,,,,,true,false,12,2017-04-01,2018-03-31,-1
2019-05-15,33880,2020-03-31,,37300000000,-0.034,,,,,1470000000,-0.260,1560000000,-0.257,,920000000,,80.31,,,,,,,,,,,,,,,,,,,,,,true,true,6,2019-04-01,2019-09-30,1
2019-05-15,33880,2020-03-31,,80000000000,-0.036,,,,,3520000000,-0.202,3690000000,-0.204,,2450000000,,213.86,,,,,,,,,,,,,,,,0.304,,,,,,true,true,12,2019-04-01,2020-03-31,1
2019-05-15,33880,2019-03-31,,74885000000,0.182,,,,,3904000000,0.553,4246000000,0.541,2919000000,,0.478,254.84,,,,,,39754000000,19400000000,0.488,1693.45,19400000000,,,,,82.00,,,,12067120,610896,11456320,false,false,12,2018-04-01,2019-03-31,0
2019-05-15,33880,2018-03-31,,63350000000,0.137,,,,,2513000000,0.428,2755000000,0.339,1975000000,,0.325,172.45,,,,,,36135000000,17461000000,0.483,1524.16,17461000000,,,,,55.00,,,,12067120,610776,11456358,false,false,12,2017-04-01,2018-03-31,-1
2019-05-15,33880,2020-03-31,,,,,,,,,,,,,,,,,,,,,,,,,,,,,,65.00,,,,,,,false,true,12,2019-04-01,2020-03-31,1
2019-07-30,33880,2020-03-31,1,17764000000,-0.026,,,,,698000000,-0.102,728000000,-0.123,,311000000,,27.15,,,,,,39746000000,21307000000,0.532,,21141000000,,,,,,,,,,,,true,false,3,2019-04-01,2019-06-30,0
2019-07-30,33880,2019-03-31,1,18244000000,0.318,,,,,777000000,1.136,830000000,0.974,,605000000,,52.86,,,,,,,,,,,,,,,,,,,,,,true,false,3,2018-04-01,2018-06-30,-1
2019-07-30,33880,2020-03-31,1,37300000000,-0.034,,,,,1470000000,-0.260,1560000000,-0.257,,920000000,,80.31,,,,,,,,,,,,,,,,,,,,,,true,true,6,2019-04-01,2019-09-30,0
2019-07-30,33880,2020-03-31,1,80000000000,-0.036,,,,,3520000000,-0.202,3690000000,-0.204,,2450000000,,213.86,,,,,,,,,,,,,,,,,,,,,,true,true,12,2019-04-01,2020-03-31,0
2019-07-30,33880,2019-03-31,1,,,,,,,,,,,,,,,,,,,,42940000000,21548000000,0.498,,21405000000,,,,,,,,,,,,true,false,12,2018-04-01,2019-03-31,-1
2019-07-30,33880,2019-03-31,1,,,,,,,,,,,,,,,,,,,,,,,,,,,,,82.00,,,,12067120,610896,,false,false,12,2018-04-01,2019-03-31,-1
2019-07-30,33880,2020-03-31,1,,,,,,,,,,,,,,,,,,,,,,,,,,,,,65.00,,,,,,,false,true,12,2019-04-01,2020-03-31,0
2019-07-30,33880,2020-03-31,1,,,,,,,,,,,,,,,,,,,,,,,,,,,,,,,,,12067120,610896,11456224,false,false,3,2019-04-01,2019-06-30,0
2019-07-30,33880,2019-03-31,1,,,,,,,,,,,,,,,,,,,,,,,,,,,,,,,,,,,11456344,false,false,3,2018-04-01,2018-06-30,-1
2019-10-30,33880,2020-03-31,2,37028000000,-0.041,,,,,1739000000,-0.124,1818000000,-0.134,,1070000000,,93.38,,,,,,38068000000,22047000000,0.575,,21878000000,,,,,,,,,,,,true,false,6,2019-04-01,2019-09-30,0
2019-10-30,33880,2019-03-31,2,38607000000,0.282,,,,,1986000000,1.016,2100000000,0.922,,1511000000,,131.91,,,,,,,,,,,,,,,,,,,,,,true,false,6,2018-04-01,2018-09-30,-1
2019-10-30,33880,2020-03-31,2,80000000000,-0.036,,,,,3520000000,-0.202,3690000000,-0.204,,2450000000,,213.86,,,,,,,,,,,,,,,,,,,,,,true,true,12,2019-04-01,2020-03-31,0
2019-10-30,33880,2019-03-31,2,,,,,,,,,,,,,,,,,,,,42940000000,21548000000,0.498,,21405000000,,,,,,,,,,,,true,false,12,2018-04-01,2019-03-31,-1
2019-10-30,33880,2019-03-31,2,,,,,,,,,,,,,,,,,,,,,,,,,,,,,82.00,,,,12067120,610896,,false,false,12,2018-04-01,2019-03-31,-1
2019-10-30,33880,2020-03-31,2,,,,,,,,,,,,,,,,,,,,,,,,,,,,,25.00,,,,,,,false,false,12,2019-04-01,2020-03-31,0
2019-10-30,33880,2020-03-31,2,,,,,,,,,,,,,,,,,,,,,,,,,,,,,65.00,,,,,,,false,true,12,2019-04-01,2020-03-31,0
2019-10-30,33880,2020-03-31,2,,,,,,,,,,,,,,,,,,,,,,,,,,,,,,,,,12067120,599696,11461024,false,false,6,2019-04-01,2019-09-30,0
2019-10-30,33880,2019-03-31,2,,,,,,,,,,,,,,,,,,,,,,,,,,,,,,,,,,,11456344,false,false,6,2018-04-01,2018-09-30,-1
2020-01-30,33880,2020-03-31,3,55659000000,-0.079,,,,,2577000000,-0.199,2742000000,-0.194,,1798000000,,156.87,,,,,,39625000000,22600000000,0.566,,22425000000,,,,,,,,,,,,true,false,9,2019-04-01,2019-12-31,0
2020-01-30,33880,2019-03-31,3,60416000000,0.260,,,,,3219000000,0.803,3402000000,0.734,,2448000000,,213.74,,,,,,,,,,,,,,,,,,,,,,true,false,9,2018-04-01,2018-12-31,-1
2020-01-30,33880,2020-03-31,3,80000000000,-0.036,,,,,3520000000,-0.202,3690000000,-0.204,,2450000000,,213.86,,,,,,,,,,,,,,,,,,,,,,true,true,12,2019-04-01,2020-03-31,0
2020-01-30,33880,2019-03-31,3,,,,,,,,,,,,,,,,,,,,42940000000,21548000000,0.498,,21405000000,,,,,,,,,,,,true,false,12,2018-04-01,2019-03-31,-1
2020-01-30,33880,2019-03-31,3,,,,,,,,,,,,,,,,,,,,,,,,,,,,,82.00,,,,12067120,610896,,false,false,12,2018-04-01,2019-03-31,-1
2020-01-30,33880,2020-03-31,3,,,,,,,,,,,,,,,,,,,,,,,,,,,,,25.00,,,,,,,false,false,12,2019-04-01,2020-03-31,0
2020-01-30,33880,2020-03-31,3,,,,,,,,,,,,,,,,,,,,,,,,,,,,,65.00,,,,,,,false,true,12,2019-04-01,2020-03-31,0
2020-01-30,33880,2020-03-31,3,,,,,,,,,,,,,,,,,,,,,,,,,,,,,,,,,12067120,599771,11462929,false,false,9,2019-04-01,2019-12-31,0
2020-01-30,33880,2019-03-31,3,,,,,,,,,,,,,,,,,,,,,,,,,,,,,,,,,,,11456344,false,false,9,2018-04-01,2018-12-31,-1
2020-05-15,33880,2020-03-31,,80408000000,-0.031,,,,,3915000000,-0.112,4090000000,-0.118,,2759000000,,240.69,,0.124,0.093,0.049,,44694000000,23138000000,0.514,2001.82,22955000000,3079000000,-9000000,-2080000000,4930000000,,0.299,,,,,,true,false,12,2019-04-01,2020-03-31,0
2020-05-15,33880,2019-03-31,,82978000000,0.223,,,,,4411000000,0.567,4636000000,0.540,,3153000000,,275.22,,0.155,0.115,0.053,,42940000000,21548000000,0.498,1868.43,21405000000,2272000000,-903000000,-912000000,3936000000,,0.298,,,,,,true,false,12,2018-04-01,2019-03-31,-1
2020-05-15,33880,2019-03-31,,,,,,,,,,,,,,,,,,,,,,,,,,,,,,82.00,,,,12067120,610896,11456320,false,false,12,2018-04-01,2019-03-31,-1
2020-05-15,33880,2020-03-31,,,,,,,,,,,,,,,,,,,,,,,,,,,,,,72.00,,,,12067120,599771,11463949,false,false,12,2019-04-01,2020-03-31,0
2020-07-31,33880,2021-03-31,1,14077000000,-0.208,,,,,203000000,-0.709,267000000,-0.633,,171000000,,14.97,,,,,,40359000000,22830000000,0.561,,22660000000,,,,,,,,,,,,true,false,3,2020-04-01,2020-06-30,0
2020-07-31,33880,2020-03-31,1,17764000000,-0.026,,,,,698000000,-0.102,728000000,-0.123,,311000000,,27.15,,,,,,,,,,,,,,,,,,,,,,true,false,3,2019-04-01,2019-06-30,-1
2020-07-31,33880,2021-03-31,1,29000000000,-0.217,,,,,450000000,-0.741,540000000,-0.703,,370000000,,32.27,,,,,,,,,,,,,,,,,,,,,,true,true,6,2020-04-01,2020-09-30,0
2020-07-31,33880,2021-03-31,1,64000000000,-0.204,,,,,1340000000,-0.658,1490000000,-0.636,,1030000000,,89.82,,,,,,,,,,,,,,,,,,,,,,true,true,12,2020-04-01,2021-03-31,0
2020-07-31,33880,2020-03-31,1,,,,,,,,,,,,,,,,,,,,44694000000,23138000000,0.514,,22955000000,,,,,,,,,,,,true,false,12,2019-04-01,2020-03-31,-1
2020-07-31,33880,2020-03-31,1,,,,,,,,,,,,,,,,,,,,,,,,,,,,,72.00,,,,12067120,599771,,false,false,12,2019-04-01,2020-03-31,-1
2020-07-31,33880,2021-03-31,1,,,,,,,,,,,,,,,,,,,,,,,,,,,,,50.00,,,,,,,false,true,12,2020-04-01,2021-03-31,0
2020-07-31,33880,2021-03-31,1,,,,,,,,,,,,,,,,,,,,,,,,,,,,,,,,,12067120,599771,11467349,false,false,3,2020-04-01,2020-06-30,0
2020-07-31,33880,2020-03-31,1,,,,,,,,,,,,,,,,,,,,,,,,,,,,,,,,,,,11456224,false,false,3,2019-04-01,2019-06-30,-1
2020-10-30,33880,2021-03-31,2,29092000000,-0.214,,,,,658000000,-0.621,775000000,-0.573,,529000000,,46.22,,,,,,36870000000,23340000000,0.628,,23159000000,,,,,,,,,,,,true,false,6,2020-04-01,2020-09-30,0
2020-10-30,33880,2020-03-31,2,37028000000,-0.041,,,,,1739000000,-0.124,1818000000,-0.134,,1070000000,,93.38,,,,,,,,,,,,,,,,,,,,,,true,false,6,2019-04-01,2019-09-30,-1
2020-10-30,33880,2021-03-31,2,64000000000,-0.204,,,,,1340000000,-0.658,1490000000,-0.636,,1030000000,,89.82,,,,,,,,,,,,,,,,,,,,,,true,true,12,2020-04-01,2021-03-31,0
2020-10-30,33880,2020-03-31,2,,,,,,,,,,,,,,,,,,,,44694000000,23138000000,0.514,,22955000000,,,,,,,,,,,,true,false,12,2019-04-01,2020-03-31,-1
2020-10-30,33880,2020-03-31,2,,,,,,,,,,,,,,,,,,,,,,,,,,,,,72.00,,,,12067120,599771,,false,false,12,2019-04-01,2020-03-31,-1
2020-10-30,33880,2021-03-31,2,,,,,,,,,,,,,,,,,,,,,,,,,,,,,20.00,,,,,,,false,false,12,2020-04-01,2021-03-31,0
2020-10-30,33880,2021-03-31,2,,,,,,,,,,,,,,,,,,,,,,,,,,,,,50.00,,,,,,,false,true,12,2020-04-01,2021-03-31,0
2020-10-30,33880,2021-03-31,2,,,,,,,,,,,,,,,,,,,,,,,,,,,,,,,,,12067120,599771,11467349,false,false,6,2020-04-01,2020-09-30,0
2020-10-30,33880,2020-03-31,2,,,,,,,,,,,,,,,,,,,,,,,,,,,,,,,,,,,11461024,false,false,6,2019-04-01,2019-09-30,-1
2021-01-29,33880,2021-03-31,3,44342000000,-0.203,,,,,912000000,-0.646,1094000000,-0.601,,806000000,,70.33,,,,,,37078000000,23499000000,0.629,,23323000000,,,,,,,,,,,,true,false,9,2020-04-01,2020-12-31,0
2021-01-29,33880,2020-03-31,3,55659000000,-0.079,,,,,2577000000,-0.199,2742000000,-0.194,,1798000000,,156.87,,,,,,,,,,,,,,,,,,,,,,true,false,9,2019-04-01,2019-12-31,-1
2021-01-29,33880,2021-03-31,3,64000000000,-0.204,,,,,1340000000,-0.658,1490000000,-0.636,,1030000000,,89.82,,,,,,,,,,,,,,,,,,,,,,true,true,12,2020-04-01,2021-03-31,0
2021-01-29,33880,2020-03-31,3,,,,,,,,,,,,,,,,,,,,44694000000,23138000000,0.514,,22955000000,,,,,,,,,,,,true,false,12,2019-04-01,2020-03-31,-1
2021-01-29,33880,2020-03-31,3,,,,,,,,,,,,,,,,,,,,,,,,,,,,,72.00,,,,12067120,599771,,false,false,12,2019-04-01,2020-03-31,-1
2021-01-29,33880,2021-03-31,3,,,,,,,,,,,,,,,,,,,,,,,,,,,,,20.00,,,,,,,false,false,12,2020-04-01,2021-03-31,0
2021-01-29,33880,2021-03-31,3,,,,,,,,,,,,,,,,,,,,,,,,,,,,,50.00,,,,,,,false,true,12,2020-04-01,2021-03-31,0
2021-01-29,33880,2021-03-31,3,,,,,,,,,,,,,,,,,,,,,,,,,,,,,,,,,12067120,599771,11467349,false,false,9,2020-04-01,2020-12-31,0
2021-01-29,33880,2020-03-31,3,,,,,,,,,,,,,,,,,,,,,,,,,,,,,,,,,,,11462929,false,false,9,2019-04-01,2019-12-31,-1
2021-05-14,33880,2021-03-31,,63910000000,-0.205,,,,,1893000000,-0.516,2162000000,-0.471,,1515000000,,132.13,,0.064,0.050,0.030,,41747000000,24551000000,0.584,2125.45,24373000000,3452000000,-885000000,-743000000,6685000000,,0.454,,,,,,true,false,12,2020-04-01,2021-03-31,0
2021-05-14,33880,2020-03-31,,80408000000,-0.031,,,,,3915000000,-0.112,4090000000,-0.118,,2759000000,,240.69,,0.124,0.093,0.049,,44694000000,23138000000,0.514,2001.82,22955000000,3079000000,-9000000,-2080000000,4930000000,,0.299,,,,,,true,false,12,2019-04-01,2020-03-31,-1
2021-05-14,33880,2022-03-31,,33900000000,,,,,,1030000000,,1130000000,,,790000000,,68.89,,,,,,,,,,,,,,,,,,,,,,true,true,6,2021-04-01,2021-09-30,1
2021-05-14,33880,2022-03-31,,68000000000,,,,,,2150000000,,2320000000,,,1620000000,,141.27,,,,,,,,,,,,,,,,0.304,,,,,,true,true,12,2021-04-01,2022-03-31,1
2021-05-14,33880,2021-03-31,,58286000000,-0.191,,,,,1760000000,-0.489,2039000000,-0.455,1424000000,,-0.446,124.26,,,,,,37853000000,21970000000,0.580,1915.94,21970000000,,,,,60.00,,,,12067120,599771,11467349,false,false,12,2020-04-01,2021-03-31,0
2021-05-14,33880,2020-03-31,,72056000000,-0.038,,,,,3445000000,-0.118,3743000000,-0.118,2571000000,,-0.119,224.35,,,,,,41308000000,20910000000,0.506,1823.45,20910000000,,,,,72.00,,,,12067120,599771,11463949,false,false,12,2019-04-01,2020-03-31,-1
2021-05-14,33880,2022-03-31,,,,,,,,,,,,,,,,,,,,,,,,,,,,,,43.00,,,,,,,false,true,12,2021-04-01,2022-03-31,1
2021-07-30,33880,2022-03-31,1,15321000000,0.088,,,,,321000000,0.582,407000000,0.524,,280000000,,24.50,,,,,,40463000000,24671000000,0.605,,24473000000,,,,,,,,,,,,true,false,3,2021-04-01,2021-06-30,0
2021-07-30,33880,2021-03-31,1,14077000000,-0.208,,,,,203000000,-0.709,267000000,-0.633,,171000000,,14.97,,,,,,,,,,,,,,,,,,,,,,true,false,3,2020-04-01,2020-06-30,-1
2021-07-30,33880,2022-03-31,1,33900000000,,,,,,1030000000,,1130000000,,,790000000,,68.89,,,,,,,,,,,,,,,,,,,,,,true,true,6,2021-04-01,2021-09-30,0
2021-07-30,33880,2022-03-31,1,68000000000,,,,,,2150000000,,2320000000,,,1620000000,,141.27,,,,,,,,,,,,,,,,,,,,,,true,true,12,2021-04-01,2022-03-31,0
2021-07-30,33880,2021-03-31,1,,,,,,,,,,,,,,,,,,,,41747000000,24551000000,0.584,,24373000000,,,,,,,,,,,,true,false,12,2020-04-01,2021-03-31,-1
2021-07-30,33880,2021-03-31,1,,,,,,,,,,,,,,,,,,,,,,,,,,,,,60.00,,,,12067120,599771,,false,false,12,2020-04-01,2021-03-31,-1
2021-07-30,33880,2022-03-31,1,,,,,,,,,,,,,,,,,,,,,,,,,,,,,43.00,,,,,,,false,true,12,2021-04-01,2022-03-31,0
2021-07-30,33880,2022-03-31,1,,,,,,,,,,,,,,,,,,,,,,,,,,,,,,,,,12067120,599771,11467349,false,false,3,2021-04-01,2021-06-30,0
2021-07-30,33880,2021-03-31,1,,,,,,,,,,,,,,,,,,,,,,,,,,,,,,,,,,,11467349,false,false,3,2020-04-01,2020-06-30,-1
2021-10-29,33880,2022-03-31,2,31879000000,0.096,,,,,891000000,0.354,1147000000,0.479,,851000000,,74.18,,,,,,40113000000,25598000000,0.633,,25406000000,,,,,,,,,,,,true,false,6,2021-04-01,2021-09-30,0
2021-10-29,33880,2021-03-31,2,29092000000,-0.214,,,,,658000000,-0.621,775000000,-0.573,,529000000,,46.22,,,,,,,,,,,,,,,,,,,,,,true,false,6,2020-04-01,2020-09-30,-1
2021-10-29,33880,2022-03-31,2,68000000000,,,,,,2150000000,,2320000000,,,1620000000,,141.27,,,,,,,,,,,,,,,,,,,,,,true,true,12,2021-04-01,2022-03-31,0
2021-10-29,33880,2021-03-31,2,,,,,,,,,,,,,,,,,,,,41747000000,24551000000,0.584,,24373000000,,,,,,,,,,,,true,false,12,2020-04-01,2021-03-31,-1
2021-10-29,33880,2021-03-31,2,,,,,,,,,,,,,,,,,,,,,,,,,,,,,60.00,,,,12067120,599771,,false,false,12,2020-04-01,2021-03-31,-1
2021-10-29,33880,2022-03-31,2,,,,,,,,,,,,,,,,,,,,,,,,,,,,,20.00,,,,,,,false,false,12,2021-04-01,2022-03-31,0
2021-10-29,33880,2022-03-31,2,,,,,,,,,,,,,,,,,,,,,,,,,,,,,43.00,,,,,,,false,true,12,2021-04-01,2022-03-31,0
2021-10-29,33880,2022-03-31,2,,,,,,,,,,,,,,,,,,,,,,,,,,,,,,,,,12067120,565771,11481920,false,false,6,2021-04-01,2021-09-30,0
2021-10-29,33880,2021-03-31,2,,,,,,,,,,,,,,,,,,,,,,,,,,,,,,,,,,,11467349,false,false,6,2020-04-01,2020-09-30,-1
2022-01-31,33880,2022-03-31,3,47664000000,0.075,,,,,1161000000,0.272,1522000000,0.391,,1181000000,,102.85,,,,,,40054000000,25767000000,0.639,,25580000000,,,,,,,,,,,,true,false,9,2021-04-01,2021-12-31,0
2022-01-31,33880,2021-03-31,3,44342000000,-0.203,,,,,912000000,-0.646,1094000000,-0.601,,806000000,,70.33,,,,,,,,,,,,,,,,,,,,,,true,false,9,2020-04-01,2020-12-31,-1
2022-01-31,33880,2022-03-31,3,68000000000,,,,,,2150000000,,2320000000,,,1620000000,,141.27,,,,,,,,,,,,,,,,,,,,,,true,true,12,2021-04-01,2022-03-31,0
2022-01-31,33880,2021-03-31,3,,,,,,,,,,,,,,,,,,,,41747000000,24551000000,0.584,,24373000000,,,,,,,,,,,,true,false,12,2020-04-01,2021-03-31,-1
2022-01-31,33880,2021-03-31,3,,,,,,,,,,,,,,,,,,,,,,,,,,,,,60.00,,,,12067120,599771,,false,false,12,2020-04-01,2021-03-31,-1
2022-01-31,33880,2022-03-31,3,,,,,,,,,,,,,,,,,,,,,,,,,,,,,20.00,,,,,,,false,false,12,2021-04-01,2022-03-31,0
2022-01-31,33880,2022-03-31,3,,,,,,,,,,,,,,,,,,,,,,,,,,,,,43.00,,,,,,,false,true,12,2021-04-01,2022-03-31,0
2022-01-31,33880,2022-03-31,3,,,,,,,,,,,,,,,,,,,,,,,,,,,,,,,,,12067120,565771,11487749,false,false,9,2021-04-01,2021-12-31,0
2022-01-31,33880,2021-03-31,3,,,,,,,,,,,,,,,,,,,,,,,,,,,,,,,,,,,11467349,false,false,9,2020-04-01,2020-12-31,-1
2022-05-13,33880,2022-03-31,,67749000000,0.060,,,,,2008000000,0.061,2439000000,0.128,,1780000000,,154.08,,0.069,0.056,0.030,,44666000000,27328000000,0.607,2144.63,27132000000,1136000000,-710000000,489000000,7749000000,,0.305,,,,,,true,false,12,2021-04-01,2022-03-31,0
2022-05-13,33880,2021-03-31,,63910000000,-0.205,,,,,1893000000,-0.516,2162000000,-0.471,,1515000000,,132.13,,0.064,0.050,0.030,,41747000000,24551000000,0.584,2125.45,24373000000,3452000000,-885000000,-743000000,6685000000,,0.454,,,,,,true,false,12,2020-04-01,2021-03-31,-1
2022-05-13,33880,2023-03-31,,34500000000,0.082,,,,,1020000000,0.144,1100000000,-0.042,,760000000,,65.76,,,,,,,,,,,,,,,,,,,,,,true,true,6,2022-04-01,2022-09-30,1
2022-05-13,33880,2023-03-31,,73500000000,0.085,,,,,2710000000,0.349,2870000000,0.177,,2000000000,,173.04,,,,,,,,,,,,,,,,0.304,,,,,,true,true,12,2022-04-01,2023-03-31,1
2022-05-13,33880,2021-03-31,,,,,,,,,,,,,,,,,,,,,,,,,,,,,,60.00,,,,12067120,599771,11467349,false,false,12,2020-04-01,2021-03-31,-1
2022-05-13,33880,2022-03-31,,,,,,,,,,,,,,,,,,,,,,,,,,,,,,47.00,,,,12717120,65771,11557748,false,false,12,2021-04-01,2022-03-31,0
2022-05-13,33880,2023-03-31,,,,,,,,,,,,,,,,,,,,,,,,,,,,,,48.00,,,,,,,false,true,12,2022-04-01,2023-03-31,1
2022-07-29,33880,2023-03-31,1,13658000000,-0.109,,,,,71000000,-0.777,203000000,-0.501,,144000000,,11.46,,,,,,41957000000,27190000000,0.643,,26976000000,,,,,,,,,,,,true,false,3,2022-04-01,2022-06-30,0
2022-07-29,33880,2022-03-31,1,15321000000,0.088,,,,,321000000,0.582,407000000,0.524,,280000000,,24.50,,,,,,,,,,,,,,,,,,,,,,true,false,3,2021-04-01,2021-06-30,-1
2022-07-29,33880,2023-03-31,1,34500000000,0.082,,,,,1020000000,0.144,1100000000,-0.042,,760000000,,65.76,,,,,,,,,,,,,,,,,,,,,,true,true,6,2022-04-01,2022-09-30,0
2022-07-29,33880,2023-03-31,1,73500000000,0.085,,,,,2710000000,0.349,2870000000,0.177,,2000000000,,173.04,,,,,,,,,,,,,,,,,,,,,,true,true,12,2022-04-01,2023-03-31,0
2022-07-29,33880,2022-03-31,1,,,,,,,,,,,,,,,,,,,,44666000000,27328000000,0.607,,27132000000,,,,,,,,,,,,true,false,12,2021-04-01,2022-03-31,-1
2022-07-29,33880,2022-03-31,1,,,,,,,,,,,,,,,,,,,,,,,,,,,,,47.00,,,,12717120,65771,,false,false,12,2021-04-01,2022-03-31,-1
2022-07-29,33880,2023-03-31,1,,,,,,,,,,,,,,,,,,,,,,,,,,,,,48.00,,,,,,,false,true,12,2022-04-01,2023-03-31,0
2022-07-29,33880,2023-03-31,1,,,,,,,,,,,,,,,,,,,,,,,,,,,,,,,,,12717120,65771,12651349,false,false,3,2022-04-01,2022-06-30,0
2022-07-29,33880,2022-03-31,1,,,,,,,,,,,,,,,,,,,,,,,,,,,,,,,,,,,11467349,false,false,3,2021-04-01,2021-06-30,-1
2022-10-31,33880,2023-03-31,2,30541000000,-0.042,,,,,586000000,-0.342,808000000,-0.296,,574000000,,45.37,,,,,,42692000000,27867000000,0.648,,27641000000,,,,,,,,,,,,true,false,6,2022-04-01,2022-09-30,0
2022-10-31,33880,2022-03-31,2,31879000000,0.096,,,,,891000000,0.354,1147000000,0.479,,851000000,,74.18,,,,,,,,,,,,,,,,,,,,,,true,false,6,2021-04-01,2021-09-30,-1
2022-10-31,33880,2023-03-31,2,73500000000,0.085,,,,,2710000000,0.349,2870000000,0.177,,2000000000,,173.04,,,,,,,,,,,,,,,,,,,,,,true,true,12,2022-04-01,2023-03-31,0
2022-10-31,33880,2022-03-31,2,,,,,,,,,,,,,,,,,,,,44666000000,27328000000,0.607,,27132000000,,,,,,,,,,,,true,false,12,2021-04-01,2022-03-31,-1
2022-10-31,33880,2022-03-31,2,,,,,,,,,,,,,,,,,,,,,,,,,,,,,47.00,,,,12717120,65771,,false,false,12,2021-04-01,2022-03-31,-1
2022-10-31,33880,2023-03-31,2,,,,,,,,,,,,,,,,,,,,,,,,,,,,,20.00,,,,,,,false,false,12,2022-04-01,2023-03-31,0
2022-10-31,33880,2023-03-31,2,,,,,,,,,,,,,,,,,,,,,,,,,,,,,48.00,,,,,,,false,true,12,2022-04-01,2023-03-31,0
2022-10-31,33880,2023-03-31,2,,,,,,,,,,,,,,,,,,,,,,,,,,,,,,,,,12717120,65771,12651349,false,false,6,2022-04-01,2022-09-30,0
2022-10-31,33880,2022-03-31,2,,,,,,,,,,,,,,,,,,,,,,,,,,,,,,,,,,,11481920,false,false,6,2021-04-01,2021-09-30,-1
2023-01-31,33880,2023-03-31,3,47794000000,0.003,,,,,1177000000,0.015,1395000000,-0.084,,1015000000,,80.23,,,,,,44625000000,28177000000,0.626,,27948000000,,,,,,,,,,,,true,false,9,2022-04-01,2022-12-31,0
2023-01-31,33880,2022-03-31,3,47664000000,0.075,,,,,1161000000,0.272,1522000000,0.391,,1181000000,,102.85,,,,,,,,,,,,,,,,,,,,,,true,false,9,2021-04-01,2021-12-31,-1
2023-01-31,33880,2023-03-31,3,73500000000,0.085,,,,,2710000000,0.349,2870000000,0.177,,2000000000,,173.04,,,,,,,,,,,,,,,,,,,,,,true,true,12,2022-04-01,2023-03-31,0
2023-01-31,33880,2022-03-31,3,,,,,,,,,,,,,,,,,,,,44666000000,27328000000,0.607,,27132000000,,,,,,,,,,,,true,false,12,2021-04-01,2022-03-31,-1
2023-01-31,33880,2022-03-31,3,,,,,,,,,,,,,,,,,,,,,,,,,,,,,47.00,,,,12717120,65771,,false,false,12,2021-04-01,2022-03-31,-1
2023-01-31,33880,2023-03-31,3,,,,,,,,,,,,,,,,,,,,,,,,,,,,,20.00,,,,,,,false,false,12,2022-04-01,2023-03-31,0
2023-01-31,33880,2023-03-31,3,,,,,,,,,,,,,,,,,,,,,,,,,,,,,48.00,,,,,,,false,true,12,2022-04-01,2023-03-31,0
2023-01-31,33880,2023-03-31,3,,,,,,,,,,,,,,,,,,,,,,,,,,,,,,,,,12717120,65771,12651349,false,false,9,2022-04-01,2022-12-31,0
2023-01-31,33880,2022-03-31,3,,,,,,,,,,,,,,,,,,,,,,,,,,,,,,,,,,,11487749,false,false,9,2021-04-01,2021-12-31,-1
2023-05-15,33880,2023-03-31,,70947000000,0.047,,,,,2724000000,0.356,3050000000,0.251,,2191000000,,173.23,,0.078,0.064,0.038,,51351000000,29411000000,0.568,2306.54,29180000000,-3820000000,-897000000,1661000000,4875000000,,0.300,,,,,,true,false,12,2022-04-01,2023-03-31,0
2023-05-15,33880,2022-03-31,,67749000000,0.060,,,,,2008000000,0.061,2439000000,0.128,,1780000000,,154.08,,0.069,0.056,0.030,,44666000000,27328000000,0.607,2144.63,27132000000,1136000000,-710000000,489000000,7749000000,,0.305,,,,,,true,false,12,2021-04-01,2022-03-31,-1
2023-05-15,33880,2024-03-31,,35600000000,0.166,,,,,1140000000,0.943,1250000000,0.547,,860000000,,67.98,,,,,,,,,,,,,,,,,,,,,,true,true,6,2023-04-01,2023-09-30,1
2023-05-15,33880,2024-03-31,,76000000000,0.071,,,,,2960000000,0.086,3180000000,0.042,,2200000000,,173.89,,,,,,,,,,,,,,,,,,,,,,true,true,12,2023-04-01,2024-03-31,1
2023-05-15,33880,2022-03-31,,,,,,,,,,,,,,,,,,,,,,,,,,,,,,47.00,,,,12717120,65771,11557748,false,false,12,2021-04-01,2022-03-31,-1
2023-05-15,33880,2023-03-31,,,,,,,,,,,,,,,,,,,,,,,,,,,,,,52.00,,,,12717120,65771,12651349,false,false,12,2022-04-01,2023-03-31,0
2023-05-15,33880,2024-03-31,,,,,,,,,,,,,,,,,,,,,,,,,,,,,,53.00,,,,,,,false,true,12,2023-04-01,2024-03-31,1
2023-07-31,33880,2024-03-31,1,15768000000,0.154,,,,,329000000,3.594,515000000,1.537,,364000000,,28.77,,,,,,48462000000,29767000000,0.609,,29517000000,,,,,,,,,,,,true,false,3,2023-04-01,2023-06-30,0
2023-07-31,33880,2023-03-31,1,13658000000,-0.109,,,,,71000000,-0.777,203000000,-0.501,,144000000,,11.46,,,,,,,,,,,,,,,,,,,,,,true,false,3,2022-04-01,2022-06-30,-1
2023-07-31,33880,2024-03-31,1,35600000000,0.166,,,,,1140000000,0.943,1250000000,0.547,,860000000,,67.98,,,,,,,,,,,,,,,,,,,,,,true,true,6,2023-04-01,2023-09-30,0
2023-07-31,33880,2024-03-31,1,76000000000,0.071,,,,,2960000000,0.086,3180000000,0.042,,2200000000,,173.89,,,,,,,,,,,,,,,,,,,,,,true,true,12,2023-04-01,2024-03-31,0
2023-07-31,33880,2023-03-31,1,,,,,,,,,,,,,,,,,,,,51351000000,29411000000,0.568,,29180000000,,,,,,,,,,,,true,false,12,2022-04-01,2023-03-31,-1
2023-07-31,33880,2023-03-31,1,,,,,,,,,,,,,,,,,,,,,,,,,,,,,52.00,,,,12717120,65771,,false,false,12,2022-04-01,2023-03-31,-1
2023-07-31,33880,2024-03-31,1,,,,,,,,,,,,,,,,,,,,,,,,,,,,,53.00,,,,,,,false,true,12,2023-04-01,2024-03-31,0
2023-07-31,33880,2024-03-31,1,,,,,,,,,,,,,,,,,,,,,,,,,,,,,,,,,12717120,65771,12651349,false,false,3,2023-04-01,2023-06-30,0
2023-07-31,33880,2023-03-31,1,,,,,,,,,,,,,,,,,,,,,,,,,,,,,,,,,,,12651349,false,false,3,2022-04-01,2022-06-30,-1
2023-10-31,33880,2024-03-31,2,33969000000,0.112,,,,,1100000000,0.876,1362000000,0.686,,964000000,,76.17,,,,,,47646000000,30646000000,0.638,,30383000000,,,,,,,,,,,,true,false,6,2023-04-01,2023-09-30,0
2023-10-31,33880,2023-03-31,2,30541000000,-0.042,,,,,586000000,-0.342,808000000,-0.296,,574000000,,45.37,,,,,,,,,,,,,,,,,,,,,,true,false,6,2022-04-01,2022-09-30,-1
2023-10-31,33880,2024-03-31,2,76000000000,0.071,,,,,2960000000,0.086,3180000000,0.042,,2200000000,,173.89,,,,,,,,,,,,,,,,,,,,,,true,true,12,2023-04-01,2024-03-31,0
2023-10-31,33880,2023-03-31,2,,,,,,,,,,,,,,,,,,,,51351000000,29411000000,0.568,,29180000000,,,,,,,,,,,,true,false,12,2022-04-01,2023-03-31,-1
2023-10-31,33880,2023-03-31,2,,,,,,,,,,,,,,,,,,,,,,,,,,,,,52.00,,,,12717120,65771,,false,false,12,2022-04-01,2023-03-31,-1
2023-10-31,33880,2024-03-31,2,,,,,,,,,,,,,,,,,,,,,,,,,,,,,20.00,,,,,,,false,false,12,2023-04-01,2024-03-31,0
2023-10-31,33880,2024-03-31,2,,,,,,,,,,,,,,,,,,,,,,,,,,,,,53.00,,,,,,,false,true,12,2023-04-01,2024-03-31,0
2023-10-31,33880,2024-03-31,2,,,,,,,,,,,,,,,,,,,,,,,,,,,,,,,,,12717120,47312,12658268,false,false,6,2023-04-01,2023-09-30,0
2023-10-31,33880,2023-03-31,2,,,,,,,,,,,,,,,,,,,,,,,,,,,,,,,,,,,12651349,false,false,6,2022-04-01,2022-09-30,-1
2024-01-31,33880,2024-03-31,3,52375000000,0.096,,,,,1793000000,0.522,2079000000,0.491,,1482000000,,117.05,,,,,,48474000000,31159000000,0.637,,30888000000,,,,,,,,,,,,true,false,9,2023-04-01,2023-12-31,0
2024-01-31,33880,2023-03-31,3,47794000000,0.003,,,,,1177000000,0.015,1395000000,-0.084,,1015000000,,80.23,,,,,,,,,,,,,,,,,,,,,,true,false,9,2022-04-01,2022-12-31,-1
2024-01-31,33880,2024-03-31,3,76000000000,0.071,,,,,2960000000,0.086,3180000000,0.042,,2200000000,,173.89,,,,,,,,,,,,,,,,,,,,,,true,true,12,2023-04-01,2024-03-31,0
2024-01-31,33880,2023-03-31,3,,,,,,,,,,,,,,,,,,,,51351000000,29411000000,0.568,,29180000000,,,,,,,,,,,,true,false,12,2022-04-01,2023-03-31,-1
2024-01-31,33880,2023-03-31,3,,,,,,,,,,,,,,,,,,,,,,,,,,,,,52.00,,,,12717120,65771,,false,false,12,2022-04-01,2023-03-31,-1
2024-01-31,33880,2024-03-31,3,,,,,,,,,,,,,,,,,,,,,,,,,,,,,20.00,,,,,,,false,false,12,2023-04-01,2024-03-31,0
2024-01-31,33880,2024-03-31,3,,,,,,,,,,,,,,,,,,,,,,,,,,,,,53.00,,,,,,,false,true,12,2023-04-01,2024-03-31,0
2024-01-31,33880,2024-03-31,3,,,,,,,,,,,,,,,,,,,,,,,,,,,,,,,,,12717120,47312,12662115,false,false,9,2023-04-01,2023-12-31,0
2024-01-31,33880,2023-03-31,3,,,,,,,,,,,,,,,,,,,,,,,,,,,,,,,,,,,12651349,false,false,9,2022-04-01,2022-12-31,-1
2024-05-14,33880,2024-03-31,,74580000000,0.051,,,,,2914000000,0.070,3332000000,0.092,,2426000000,,191.46,,0.078,0.064,0.039,,52148000000,33063000000,0.629,2577.33,32778000000,5733000000,-326000000,-3132000000,7332000000,,0.303,,,,,,true,false,12,2023-04-01,2024-03-31,0
2024-05-14,33880,2023-03-31,,70947000000,0.047,,,,,2724000000,0.356,3050000000,0.251,,2191000000,,173.23,,0.078,0.064,0.038,,51351000000,29411000000,0.568,2306.54,29180000000,-3820000000,-897000000,1661000000,4875000000,,0.300,,,,,,true,false,12,2022-04-01,2023-03-31,-1
2024-05-14,33880,2025-03-31,,37400000000,0.101,,,,,1400000000,0.272,1530000000,0.123,,1140000000,,89.96,,,,,,,,,,,,,,,,,,,,,,true,true,6,2024-04-01,2024-09-30,1
2024-05-14,33880,2025-03-31,,78500000000,0.053,,,,,3250000000,0.115,3490000000,0.047,,2510000000,,198.06,,,,,,,,,,,,,,,,0.303,,,,,,true,true,12,2024-04-01,2025-03-31,1
2024-05-14,33880,2023-03-31,,,,,,,,,,,,,,,,,,,,,,,,,,,,,,52.00,,,,12717120,65771,12651349,false,false,12,2022-04-01,2023-03-31,-1
2024-05-14,33880,2024-03-31,,,,,,,,,,,,,,,,,,,,,,,,,,,,,,58.00,,,,12765820,47812,12672793,false,false,12,2023-04-01,2024-03-31,0
2024-05-14,33880,2025-03-31,,,,,,,,,,,,,,,,,,,,,,,,,,,,,,60.00,,,,,,,false,true,12,2024-04-01,2025-03-31,1
2024-07-30,33880,2025-03-31,1,15148000000,-0.039,,,,,45000000,-0.862,189000000,-0.633,,133000000,,10.46,,,,,,48543000000,33032000000,0.674,,32731000000,,,,,,,,,,,,true,false,3,2024-04-01,2024-06-30,0
2024-07-30,33880,2024-03-31,1,15768000000,0.154,,,,,329000000,3.594,515000000,1.537,,364000000,,28.77,,,,,,,,,,,,,,,,,,,,,,true,false,3,2023-04-01,2023-06-30,-1
2024-07-30,33880,2025-03-31,1,37400000000,0.101,,,,,1400000000,0.272,1530000000,0.123,,1140000000,,89.96,,,,,,,,,,,,,,,,,,,,,,true,true,6,2024-04-01,2024-09-30,0
2024-07-30,33880,2025-03-31,1,78500000000,0.053,,,,,3250000000,0.115,3490000000,0.047,,2510000000,,198.06,,,,,,,,,,,,,,,,,,,,,,true,true,12,2024-04-01,2025-03-31,0
2024-07-30,33880,2024-03-31,1,,,,,,,,,,,,,,,,,,,,52148000000,33063000000,0.629,,32778000000,,,,,,,,,,,,true,false,12,2023-04-01,2024-03-31,-1
2024-07-30,33880,2024-03-31,1,,,,,,,,,,,,,,,,,,,,,,,,,,,,,58.00,,,,12765820,47812,,false,false,12,2023-04-01,2024-03-31,-1
2024-07-30,33880,2025-03-31,1,,,,,,,,,,,,,,,,,,,,,,,,,,,,,60.00,,,,,,,false,true,12,2024-04-01,2025-03-31,0
2024-07-30,33880,2025-03-31,1,,,,,,,,,,,,,,,,,,,,,,,,,,,,,,,,,12765820,47912,12717911,false,false,3,2024-04-01,2024-06-30,0
2024-07-30,33880,2024-03-31,1,,,,,,,,,,,,,,,,,,,,,,,,,,,,,,,,,,,12651349,false,false,3,2023-04-01,2023-06-30,-1
2024-10-31,3388,2025-03-31,2,34173000000,0.006,,,,,828000000,-0.247,927000000,-0.319,,637000000,,50.09,,,,,,50877000000,33704000000,0.656,,33381000000,,,,,,,,,,,,true,false,6,2024-04-01,2024-09-30,0
2024-10-31,3388,2024-03-31,2,33969000000,0.112,,,,,1100000000,0.876,1362000000,0.686,,964000000,,76.17,,,,,,,,,,,,,,,,,,,,,,true,false,6,2023-04-01,2023-09-30,-1
2024-10-31,3388,2025-03-31,2,77500000000,0.039,,,,,3010000000,0.033,3220000000,-0.034,,2240000000,,176.03,,,,,,,,,,,,,,,,,,,,,,true,true,12,2024-04-01,2025-03-31,0
2024-10-31,3388,2024-03-31,2,,,,,,,,,,,,,,,,,,,,52148000000,33063000000,0.629,,32778000000,,,,,,,,,,,,true,false,12,2023-04-01,2024-03-31,-1
2024-10-31,3388,2024-03-31,2,,,,,,,,,,,,,,,,,,,,,,,,,,,,,58.00,,,,12765820,47812,,false,false,12,2023-04-01,2024-03-31,-1
2024-10-31,3388,2025-03-31,2,,,,,,,,,,,,,,,,,,,,,,,,,,,,,30.00,,,,,,,false,false,12,2024-04-01,2025-03-31,0
2024-10-31,3388,2025-03-31,2,,,,,,,,,,,,,,,,,,,,,,,,,,,,,60.00,,,,,,,false,true,12,2024-04-01,2025-03-31,0
2024-10-31,3388,2025-03-31,2,,,,,,,,,,,,,,,,,,,,,,,,,,,,,,,,,12765820,30012,12724863,false,false,6,2024-04-01,2024-09-30,0
2024-10-31,3388,2024-03-31,2,,,,,,,,,,,,,,,,,,,,,,,,,,,,,,,,,,,12658268,false,false,6,2023-04-01,2023-09-30,-1
2025-01-31,3388,2025-03-31,3,53056000000,0.013,,,,,1559000000,-0.130,1801000000,-0.134,,1273000000,,100.02,,,,,,50921000000,33629000000,0.654,,33289000000,,,,,,,,,,,,true,false,9,2024-04-01,2024-12-31,0
2025-01-31,3388,2024-03-31,3,52375000000,0.096,,,,,1793000000,0.522,2079000000,0.491,,1482000000,,117.05,,,,,,,,,,,,,,,,,,,,,,true,false,9,2023-04-01,2023-12-31,-1
2025-01-31,3388,2025-03-31,3,77500000000,0.039,,,,,3010000000,0.033,3220000000,-0.034,,2240000000,,176.03,,,,,,,,,,,,,,,,,,,,,,true,true,12,2024-04-01,2025-03-31,0
2025-01-31,3388,2024-03-31,3,,,,,,,,,,,,,,,,,,,,52148000000,33063000000,0.629,,32778000000,,,,,,,,,,,,true,false,12,2023-04-01,2024-03-31,-1
2025-01-31,3388,2024-03-31,3,,,,,,,,,,,,,,,,,,,,,,,,,,,,,58.00,,,,12765820,47812,,false,false,12,2023-04-01,2024-03-31,-1
2025-01-31,3388,2025-03-31,3,,,,,,,,,,,,,,,,,,,,,,,,,,,,,30.00,,,,,,,false,false,12,2024-04-01,2025-03-31,0
2025-01-31,3388,2025-03-31,3,,,,,,,,,,,,,,,,,,,,,,,,,,,,,60.00,,,,,,,false,true,12,2024-04-01,2025-03-31,0
2025-01-31,3388,2025-03-31,3,,,,,,,,,,,,,,,,,,,,,,,,,,,,,,,,,12765820,30212,12728471,false,false,9,2024-04-01,2024-12-31,0
2025-01-31,3388,2024-03-31,3,,,,,,,,,,,,,,,,,,,,,,,,,,,,,,,,,,,12662115,false,false,9,2023-04-01,2023-12-31,-1
2025-05-15,3388,2025-03-31,,78672000000,0.055,,,,,3294000000,0.131,3596000000,0.079,,2435000000,,191.34,,0.073,0.068,0.042,,54208000000,34770000000,0.634,2700.65,34392000000,1609000000,-475000000,-892000000,7905000000,,0.314,,,,,,true,false,12,2024-04-01,2025-03-31,0
2025-05-15,3388,2024-03-31,,74580000000,0.051,,,,,2914000000,0.070,3332000000,0.092,,2426000000,,191.46,,0.078,0.064,0.039,,52148000000,33063000000,0.629,2577.33,32778000000,5733000000,-326000000,-3132000000,7332000000,,0.303,,,,,,true,false,12,2023-04-01,2024-03-31,-1
2025-05-15,3388,2026-03-31,,40600000000,0.188,,,,,1790000000,1.159,1900000000,1.049,,1330000000,,104.44,,,,,,,,,,,,,,,,,,,,,,true,true,6,2025-04-01,2025-09-30,1
2025-05-15,3388,2026-03-31,,82500000000,0.049,,,,,3730000000,0.132,3990000000,0.109,,2800000000,,219.87,,,,,,,,,,,,,,,,0.400,,,,,,true,true,12,2025-04-01,2026-03-31,1
2025-05-15,3388,2024-03-31,,,,,,,,,,,,,,,,,,,,,,,,,,,,,,58.00,,,,12765820,47812,12672793,false,false,12,2023-04-01,2024-03-31,-1
2025-05-15,3388,2025-03-31,,,,,,,,,,,,,,,,,,,,,,,,,,,,,,60.00,,,,12765820,30945,12730116,false,false,12,2024-04-01,2025-03-31,0
2025-05-15,3388,2026-03-31,,,,,,,,,,,,,,,,,,,,,,,,,,,,,,88.00,,,,,,,false,true,12,2025-04-01,2026-03-31,1
