filing_date,code,fiscal_year_end,quarterly_period,net_sales,net_sales_change,revenue,revenue_change,operating_revenue,operating_revenue_change,operating_profit,operating_profit_change,ordinary_profit,ordinary_profit_change,net_income,net_income_of_parent,net_income_change,eps,diluted_eps,roe,roa,operating_profit_to_net_sales,operating_profit_to_revenue,total_assets,net_assets,equity_ratio,bps,owner_equity,operating_cash_flow,investing_cash_flow,financing_cash_flow,cash,dividend_per_share,payout_ratio,commemorative_dividend,extra_dividend,number_of_shares,number_of_treqsury_shares,avg_number_of_shares,is_consolidated,is_forecast,duration,period_start,period_end,period_pos
2015-05-08,34330,2015-03-31,,26068000000,0.154,,,,,4568000000,0.311,4889000000,0.337,3030000000,,0.393,199.41,,0.122,0.139,0.175,,36646000000,27151000000,0.709,1709.47,25982000000,4545000000,-4888000000,-1475000000,5963000000,,0.301,,,,,,true,false,12,2014-04-01,2015-03-31,0
2015-05-08,34330,2014-03-31,,22598000000,0.080,,,,,3483000000,0.199,3656000000,0.196,2175000000,,0.161,143.14,,0.095,0.115,0.154,,33507000000,24693000000,0.708,1560.73,23721000000,3465000000,-177000000,-165000000,7645000000,,0.349,,,,,,true,false,12,2013-04-01,2014-03-31,-1
2015-05-08,34330,2016-03-31,,13807000000,0.123,,,,,2577000000,0.233,2645000000,0.206,,1713000000,,112.73,,,,,,,,,,,,,,,,,,,,,,true,true,6,2015-04-01,2015-09-30,1
2015-05-08,34330,2016-03-31,,27500000000,0.055,,,,,4866000000,0.065,5000000000,0.023,,3222000000,,212.00,,,,,,,,,,,,,,,,0.354,,,,,,true,true,12,2015-04-01,2016-03-31,1
2015-05-08,34330,2015-03-31,,21209000000,0.158,,,,,3690000000,0.267,4154000000,0.298,2724000000,,0.340,179.24,,,,,,32499000000,24780000000,0.763,1630.44,24780000000,,,,,60.00,,,,15800000,601108,15198910,false,false,12,2014-04-01,2015-03-31,0
2015-05-08,34330,2014-03-31,,18312000000,0.035,,,,,2911000000,0.078,3201000000,0.086,2033000000,,0.086,133.80,,,,,,30153000000,22992000000,0.763,1512.79,22992000000,,,,,50.00,,,,15800000,601050,15199001,false,false,12,2013-04-01,2014-03-31,-1
2015-05-08,34330,2016-03-31,,,,,,,,,,,,,,,,,,,,,,,,,,,,,,75.00,,,,,,,false,true,12,2015-04-01,2016-03-31,1
2015-07-31,34330,2016-03-31,1,7746000000,0.202,,,,,1563000000,0.219,1649000000,0.264,,1069000000,,70.39,,,,,,37041000000,27797000000,0.717,,26544000000,,,,,,,,,,,,true,false,3,2015-04-01,2015-06-30,0
2015-07-31,34330,2015-03-31,1,6443000000,0.214,,,,,1282000000,0.832,1305000000,0.754,,836000000,,55.00,,,,,,,,,,,,,,,,,,,,,,true,false,3,2014-04-01,2014-06-30,-1
2015-07-31,34330,2016-03-31,1,13807000000,0.123,,,,,2577000000,0.233,2645000000,0.206,,1713000000,,112.73,,,,,,,,,,,,,,,,,,,,,,true,true,6,2015-04-01,2015-09-30,0
2015-07-31,34330,2016-03-31,1,27500000000,0.055,,,,,4866000000,0.065,5000000000,0.023,,3222000000,,212.00,,,,,,,,,,,,,,,,,,,,,,true,true,12,2015-04-01,2016-03-31,0
2015-07-31,34330,2015-03-31,1,,,,,,,,,,,,,,,,,,,,36646000000,27151000000,0.709,,25982000000,,,,,,,,,,,,true,false,12,2014-04-01,2015-03-31,-1
2015-07-31,34330,2015-03-31,1,,,,,,,,,,,,,,,,,,,,,,,,,,,,,60.00,,,,15800000,601108,,false,false,12,2014-04-01,2015-03-31,-1
2015-07-31,34330,2016-03-31,1,,,,,,,,,,,,,,,,,,,,,,,,,,,,,75.00,,,,,,,false,true,12,2015-04-01,2016-03-31,0
2015-07-31,34330,2016-03-31,1,,,,,,,,,,,,,,,,,,,,,,,,,,,,,,,,,15800000,601108,15198892,false,false,3,2015-04-01,2015-06-30,0
2015-07-31,34330,2015-03-31,1,,,,,,,,,,,,,,,,,,,,,,,,,,,,,,,,,,,15198950,false,false,3,2014-04-01,2014-06-30,-1
2015-10-30,34330,2016-03-31,2,14740000000,0.199,,,,,2865000000,0.371,2986000000,0.362,,1902000000,,125.16,,,,,,37509000000,28706000000,0.730,,27390000000,,,,,,,,,,,,true,false,6,2015-04-01,2015-09-30,0
2015-10-30,34330,2015-03-31,2,12294000000,0.146,,,,,2090000000,0.372,2192000000,0.381,,1381000000,,90.93,,,,,,,,,,,,,,,,,,,,,,true,false,6,2014-04-01,2014-09-30,-1
2015-10-30,34330,2016-03-31,2,27500000000,0.055,,,,,4866000000,0.065,5000000000,0.023,,3222000000,,212.00,,,,,,,,,,,,,,,,,,,,,,true,true,12,2015-04-01,2016-03-31,0
2015-10-30,34330,2015-03-31,2,,,,,,,,,,,,,,,,,,,,36646000000,27151000000,0.709,,25982000000,,,,,,,,,,,,true,false,12,2014-04-01,2015-03-31,-1
2015-10-30,34330,2015-03-31,2,,,,,,,,,,,,,,,,,,,,,,,,,,,,,60.00,,,,15800000,601108,,false,false,12,2014-04-01,2015-03-31,-1
2015-10-30,34330,2016-03-31,2,,,,,,,,,,,,,,,,,,,,,,,,,,,,,37.50,,,,,,,false,false,12,2015-04-01,2016-03-31,0
2015-10-30,34330,2016-03-31,2,,,,,,,,,,,,,,,,,,,,,,,,,,,,,75.00,,,,,,,false,true,12,2015-04-01,2016-03-31,0
2015-10-30,34330,2016-03-31,2,,,,,,,,,,,,,,,,,,,,,,,,,,,,,,,,,15800000,601108,15198892,false,false,6,2015-04-01,2015-09-30,0
2015-10-30,34330,2015-03-31,2,,,,,,,,,,,,,,,,,,,,,,,,,,,,,,,,,,,15198927,false,false,6,2014-04-01,2014-09-30,-1
2016-02-01,34330,2016-03-31,3,21803000000,0.146,,,,,4138000000,0.242,4279000000,0.212,,2716000000,,178.73,,,,,,38050000000,28763000000,0.723,,27513000000,,,,,,,,,,,,true,false,9,2015-04-01,2015-12-31,0
2016-02-01,34330,2015-03-31,3,19027000000,0.146,,,,,3332000000,0.346,3530000000,0.369,,2200000000,,144.79,,,,,,,,,,,,,,,,,,,,,,true,false,9,2014-04-01,2014-12-31,-1
2016-02-01,34330,2016-03-31,3,27500000000,0.055,,,,,4866000000,0.065,5000000000,0.023,,3222000000,,212.00,,,,,,,,,,,,,,,,,,,,,,true,true,12,2015-04-01,2016-03-31,0
2016-02-01,34330,2015-03-31,3,,,,,,,,,,,,,,,,,,,,36646000000,27151000000,0.709,,25982000000,,,,,,,,,,,,true,false,12,2014-04-01,2015-03-31,-1
2016-02-01,34330,2015-03-31,3,,,,,,,,,,,,,,,,,,,,,,,,,,,,,60.00,,,,15800000,601108,,false,false,12,2014-04-01,2015-03-31,-1
2016-02-01,34330,2016-03-31,3,,,,,,,,,,,,,,,,,,,,,,,,,,,,,37.50,,,,,,,false,false,12,2015-04-01,2016-03-31,0
2016-02-01,34330,2016-03-31,3,,,,,,,,,,,,,,,,,,,,,,,,,,,,,75.00,,,,,,,false,true,12,2015-04-01,2016-03-31,0
2016-02-01,34330,2016-03-31,3,,,,,,,,,,,,,,,,,,,,,,,,,,,,,,,,,15800000,601108,15198892,false,false,9,2015-04-01,2015-12-31,0
2016-02-01,34330,2015-03-31,3,,,,,,,,,,,,,,,,,,,,,,,,,,,,,,,,,,,15198916,false,false,9,2014-04-01,2014-12-31,-1
2016-05-09,34330,2016-03-31,,28746000000,0.103,,,,,4805000000,0.052,5027000000,0.028,,3015000000,,198.40,,0.112,0.135,0.167,,37992000000,29070000000,0.731,1827.70,27778000000,4533000000,-895000000,-1742000000,7827000000,,0.378,,,,,,true,false,12,2015-04-01,2016-03-31,0
2016-05-09,34330,2015-03-31,,26068000000,0.154,,,,,4568000000,0.311,4889000000,0.337,,3030000000,,199.41,,0.122,0.139,0.175,,36646000000,27151000000,0.709,1709.47,25982000000,4545000000,-4888000000,-1475000000,5963000000,,0.301,,,,,,true,false,12,2014-04-01,2015-03-31,-1
2016-05-09,34330,2017-03-31,,13950000000,-0.054,,,,,2220000000,-0.225,2300000000,-0.230,,1487000000,,97.88,,,,,,,,,,,,,,,,,,,,,,true,true,6,2016-04-01,2016-09-30,1
2016-05-09,34330,2017-03-31,,28000000000,-0.026,,,,,4440000000,-0.076,4600000000,-0.085,,2978000000,,195.96,,,,,,,,,,,,,,,,0.383,,,,,,true,true,12,2016-04-01,2017-03-31,1
2016-05-09,34330,2016-03-31,,23777000000,0.121,,,,,3918000000,0.062,4324000000,0.041,2762000000,,0.014,181.73,,,,,,33891000000,26403000000,0.779,1737.17,26403000000,,,,,75.00,,,,15800000,601108,15198892,false,false,12,2015-04-01,2016-03-31,0
2016-05-09,34330,2015-03-31,,21209000000,0.158,,,,,3690000000,0.267,4154000000,0.298,2724000000,,0.340,179.24,,,,,,32499000000,24780000000,0.763,1630.44,24780000000,,,,,60.00,,,,15800000,601108,15198910,false,false,12,2014-04-01,2015-03-31,-1
2016-05-09,34330,2017-03-31,,,,,,,,,,,,,,,,,,,,,,,,,,,,,,75.00,,,,,,,false,true,12,2016-04-01,2017-03-31,1
2016-07-29,34330,2017-03-31,1,7069000000,-0.087,,,,,1312000000,-0.160,1297000000,-0.213,,879000000,,57.89,,,,,,37992000000,29335000000,0.736,,27950000000,,,,,,,,,,,,true,false,3,2016-04-01,2016-06-30,0
2016-07-29,34330,2016-03-31,1,7746000000,0.202,,,,,1563000000,0.219,1649000000,0.264,,1069000000,,70.39,,,,,,,,,,,,,,,,,,,,,,true,false,3,2015-04-01,2015-06-30,-1
2016-07-29,34330,2017-03-31,1,13950000000,-0.054,,,,,2220000000,-0.225,2300000000,-0.230,,1487000000,,97.88,,,,,,,,,,,,,,,,,,,,,,true,true,6,2016-04-01,2016-09-30,0
2016-07-29,34330,2017-03-31,1,28000000000,-0.026,,,,,4440000000,-0.076,4600000000,-0.085,,2978000000,,195.96,,,,,,,,,,,,,,,,,,,,,,true,true,12,2016-04-01,2017-03-31,0
2016-07-29,34330,2016-03-31,1,,,,,,,,,,,,,,,,,,,,37992000000,29070000000,0.731,,27778000000,,,,,,,,,,,,true,false,12,2015-04-01,2016-03-31,-1
2016-07-29,34330,2016-03-31,1,,,,,,,,,,,,,,,,,,,,,,,,,,,,,75.00,,,,15800000,601108,,false,false,12,2015-04-01,2016-03-31,-1
2016-07-29,34330,2017-03-31,1,,,,,,,,,,,,,,,,,,,,,,,,,,,,,75.00,,,,,,,false,true,12,2016-04-01,2017-03-31,0
2016-07-29,34330,2017-03-31,1,,,,,,,,,,,,,,,,,,,,,,,,,,,,,,,,,15800000,601108,15198892,false,false,3,2016-04-01,2016-06-30,0
2016-07-29,34330,2016-03-31,1,,,,,,,,,,,,,,,,,,,,,,,,,,,,,,,,,,,15198892,false,false,3,2015-04-01,2015-06-30,-1
2016-10-31,34330,2017-03-31,2,14141000000,-0.041,,,,,2589000000,-0.096,2583000000,-0.135,,1739000000,,114.45,,,,,,40347000000,29881000000,0.708,,28577000000,,,,,,,,,,,,true,false,6,2016-04-01,2016-09-30,0
2016-10-31,34330,2016-03-31,2,14740000000,0.199,,,,,2865000000,0.371,2986000000,0.362,,1902000000,,125.16,,,,,,,,,,,,,,,,,,,,,,true,false,6,2015-04-01,2015-09-30,-1
2016-10-31,34330,2017-03-31,2,28000000000,-0.026,,,,,4440000000,-0.076,4600000000,-0.085,,2978000000,,195.96,,,,,,,,,,,,,,,,,,,,,,true,true,12,2016-04-01,2017-03-31,0
2016-10-31,34330,2016-03-31,2,,,,,,,,,,,,,,,,,,,,37992000000,29070000000,0.731,,27778000000,,,,,,,,,,,,true,false,12,2015-04-01,2016-03-31,-1
2016-10-31,34330,2016-03-31,2,,,,,,,,,,,,,,,,,,,,,,,,,,,,,75.00,,,,15800000,601108,,false,false,12,2015-04-01,2016-03-31,-1
2016-10-31,34330,2017-03-31,2,,,,,,,,,,,,,,,,,,,,,,,,,,,,,37.50,,,,,,,false,false,12,2016-04-01,2017-03-31,0
2016-10-31,34330,2017-03-31,2,,,,,,,,,,,,,,,,,,,,,,,,,,,,,75.00,,,,,,,false,true,12,2016-04-01,2017-03-31,0
2016-10-31,34330,2017-03-31,2,,,,,,,,,,,,,,,,,,,,,,,,,,,,,,,,,15800000,601108,15198892,false,false,6,2016-04-01,2016-09-30,0
2016-10-31,34330,2016-03-31,2,,,,,,,,,,,,,,,,,,,,,,,,,,,,,,,,,,,15198892,false,false,6,2015-04-01,2015-09-30,-1
2017-01-31,34330,2017-03-31,3,21479000000,-0.015,,,,,4166000000,0.007,4200000000,-0.018,,2808000000,,184.79,,,,,,41949000000,30452000000,0.693,,29081000000,,,,,,,,,,,,true,false,9,2016-04-01,2016-12-31,0
2017-01-31,34330,2016-03-31,3,21803000000,0.146,,,,,4138000000,0.242,4279000000,0.212,,2716000000,,178.73,,,,,,,,,,,,,,,,,,,,,,true,false,9,2015-04-01,2015-12-31,-1
2017-01-31,34330,2017-03-31,3,28000000000,-0.026,,,,,4440000000,-0.076,4600000000,-0.085,,2978000000,,195.96,,,,,,,,,,,,,,,,,,,,,,true,true,12,2016-04-01,2017-03-31,0
2017-01-31,34330,2016-03-31,3,,,,,,,,,,,,,,,,,,,,37992000000,29070000000,0.731,,27778000000,,,,,,,,,,,,true,false,12,2015-04-01,2016-03-31,-1
2017-01-31,34330,2016-03-31,3,,,,,,,,,,,,,,,,,,,,,,,,,,,,,75.00,,,,15800000,601108,,false,false,12,2015-04-01,2016-03-31,-1
2017-01-31,34330,2017-03-31,3,,,,,,,,,,,,,,,,,,,,,,,,,,,,,37.50,,,,,,,false,false,12,2016-04-01,2017-03-31,0
2017-01-31,34330,2017-03-31,3,,,,,,,,,,,,,,,,,,,,,,,,,,,,,75.00,,,,,,,false,true,12,2016-04-01,2017-03-31,0
2017-01-31,34330,2017-03-31,3,,,,,,,,,,,,,,,,,,,,,,,,,,,,,,,,,15800000,601153,15198883,false,false,9,2016-04-01,2016-12-31,0
2017-01-31,34330,2016-03-31,3,,,,,,,,,,,,,,,,,,,,,,,,,,,,,,,,,,,15198892,false,false,9,2015-04-01,2015-12-31,-1
2017-03-22,34330,2017-03-31,,28800000000,0.029,,,,,5500000000,0.239,5600000000,0.217,3770000000,,0.266,248.04,,,,,,,,,,,,,,,,,,,,,,true,true,12,2016-04-01,2017-03-31,0
2017-03-22,34330,2016-03-31,,28746000000,,,,,,4805000000,,5027000000,,3015000000,,,198.40,,,,,,,,,,,,,,,,,,,,,,true,false,12,2015-04-01,2016-03-31,-1
2017-03-22,34330,2017-03-31,,,,,,,,,,,,,,,,,,,,,,,,,,,,,,85.00,,,,,,,false,true,12,2016-04-01,2017-03-31,0
2017-03-22,34330,2017-03-31,,,,,,,,,,,,,,,,,,,,,,,,,,,,,,37.50,,,,,,,false,false,12,2016-04-01,2017-03-31,0
2017-03-22,34330,2016-03-31,,,,,,,,,,,,,,,,,,,,,,,,,,,,,,75.00,,,,,,,false,false,12,2015-04-01,2016-03-31,-1
2017-05-10,34330,2017-03-31,,28963000000,0.008,,,,,5645000000,0.175,5801000000,0.154,,4070000000,,267.80,,0.139,0.141,0.195,,44331000000,32252000000,0.691,2016.43,30647000000,5237000000,-6537000000,1581000000,8068000000,,0.317,,,,,,true,false,12,2016-04-01,2017-03-31,0
2017-05-10,34330,2016-03-31,,28746000000,0.103,,,,,4805000000,0.052,5027000000,0.028,,3015000000,,198.40,,0.112,0.135,0.167,,37992000000,29070000000,0.731,1827.70,27778000000,4533000000,-895000000,-1742000000,7827000000,,0.378,,,,,,true,false,12,2015-04-01,2016-03-31,-1
2017-05-10,34330,2018-03-31,,14800000000,0.047,,,,,2900000000,0.120,2960000000,0.146,,1980000000,,130.27,,,,,,,,,,,,,,,,,,,,,,true,true,6,2017-04-01,2017-09-30,1
2017-05-10,34330,2018-03-31,,30000000000,0.036,,,,,5900000000,0.045,6000000000,0.034,,4000000000,,263.18,,,,,,,,,,,,,,,,0.342,,,,,,true,true,12,2017-04-01,2018-03-31,1
2017-05-10,34330,2017-03-31,,24299000000,0.022,,,,,4700000000,0.199,5024000000,0.162,3748000000,,0.357,246.64,,,,,,39261000000,29036000000,0.740,1910.47,29036000000,,,,,85.00,,,,15800000,601178,15198874,false,false,12,2016-04-01,2017-03-31,0
2017-05-10,34330,2016-03-31,,23777000000,0.121,,,,,3918000000,0.062,4324000000,0.041,2762000000,,0.014,181.73,,,,,,33891000000,26403000000,0.779,1737.17,26403000000,,,,,75.00,,,,15800000,601108,15198892,false,false,12,2015-04-01,2016-03-31,-1
2017-05-10,34330,2018-03-31,,,,,,,,,,,,,,,,,,,,,,,,,,,,,,90.00,,,,,,,false,true,12,2017-04-01,2018-03-31,1
2017-08-02,34330,2018-03-31,1,8198000000,0.160,,,,,1891000000,0.441,1925000000,0.484,,1287000000,,84.70,,,,,,45185000000,32856000000,0.691,,31208000000,,,,,,,,,,,,true,false,3,2017-04-01,2017-06-30,0
2017-08-02,34330,2017-03-31,1,7069000000,-0.087,,,,,1312000000,-0.160,1297000000,-0.213,,879000000,,57.89,,,,,,,,,,,,,,,,,,,,,,true,false,3,2016-04-01,2016-06-30,-1
2017-08-02,34330,2018-03-31,1,14800000000,0.047,,,,,2900000000,0.120,2960000000,0.146,,1980000000,,130.27,,,,,,,,,,,,,,,,,,,,,,true,true,6,2017-04-01,2017-09-30,0
2017-08-02,34330,2018-03-31,1,30000000000,0.036,,,,,5900000000,0.045,6000000000,0.034,,4000000000,,263.18,,,,,,,,,,,,,,,,,,,,,,true,true,12,2017-04-01,2018-03-31,0
2017-08-02,34330,2017-03-31,1,,,,,,,,,,,,,,,,,,,,44331000000,32252000000,0.691,,30647000000,,,,,,,,,,,,true,false,12,2016-04-01,2017-03-31,-1
2017-08-02,34330,2017-03-31,1,,,,,,,,,,,,,,,,,,,,,,,,,,,,,85.00,,,,15800000,601178,,false,false,12,2016-04-01,2017-03-31,-1
2017-08-02,34330,2018-03-31,1,,,,,,,,,,,,,,,,,,,,,,,,,,,,,90.00,,,,,,,false,true,12,2017-04-01,2018-03-31,0
2017-08-02,34330,2018-03-31,1,,,,,,,,,,,,,,,,,,,,,,,,,,,,,,,,,15800000,601242,15198789,false,false,3,2017-04-01,2017-06-30,0
2017-08-02,34330,2017-03-31,1,,,,,,,,,,,,,,,,,,,,,,,,,,,,,,,,,,,15198892,false,false,3,2016-04-01,2016-06-30,-1
2017-10-31,34330,2018-03-31,2,16362000000,0.157,,,,,3502000000,0.353,3592000000,0.391,,2358000000,,155.18,,,,,,48221000000,34026000000,0.670,,32290000000,,,,,,,,,,,,true,false,6,2017-04-01,2017-09-30,0
2017-10-31,34330,2017-03-31,2,14141000000,-0.041,,,,,2589000000,-0.096,2583000000,-0.135,,1739000000,,114.45,,,,,,,,,,,,,,,,,,,,,,true,false,6,2016-04-01,2016-09-30,-1
2017-10-31,34330,2018-03-31,2,33000000000,0.139,,,,,6800000000,0.204,7000000000,0.207,,4500000000,,296.08,,,,,,,,,,,,,,,,,,,,,,true,true,12,2017-04-01,2018-03-31,0
2017-10-31,34330,2017-03-31,2,,,,,,,,,,,,,,,,,,,,44331000000,32252000000,0.691,,30647000000,,,,,,,,,,,,true,false,12,2016-04-01,2017-03-31,-1
2017-10-31,34330,2017-03-31,2,,,,,,,,,,,,,,,,,,,,,,,,,,,,,85.00,,,,15800000,601178,,false,false,12,2016-04-01,2017-03-31,-1
2017-10-31,34330,2018-03-31,2,,,,,,,,,,,,,,,,,,,,,,,,,,,,,45.00,,,,,,,false,false,12,2017-04-01,2018-03-31,0
2017-10-31,34330,2018-03-31,2,,,,,,,,,,,,,,,,,,,,,,,,,,,,,90.00,,,,,,,false,true,12,2017-04-01,2018-03-31,0
2017-10-31,34330,2018-03-31,2,,,,,,,,,,,,,,,,,,,,,,,,,,,,,,,,,15800000,601242,15198773,false,false,6,2017-04-01,2017-09-30,0
2017-10-31,34330,2017-03-31,2,,,,,,,,,,,,,,,,,,,,,,,,,,,,,,,,,,,15198892,false,false,6,2016-04-01,2016-09-30,-1
2018-01-31,34330,2018-03-31,3,25318000000,0.179,,,,,5490000000,0.318,5653000000,0.346,,3704000000,,243.76,,,,,,49874000000,34834000000,0.662,,32995000000,,,,,,,,,,,,true,false,9,2017-04-01,2017-12-31,0
2018-01-31,34330,2017-03-31,3,21479000000,-0.015,,,,,4166000000,0.007,4200000000,-0.018,,2808000000,,184.79,,,,,,,,,,,,,,,,,,,,,,true,false,9,2016-04-01,2016-12-31,-1
2018-01-31,34330,2018-03-31,3,33000000000,0.139,,,,,6800000000,0.204,7000000000,0.207,,4500000000,,74.02,,,,,,,,,,,,,,,,,,,,,,true,true,12,2017-04-01,2018-03-31,0
2018-01-31,34330,2017-03-31,3,,,,,,,,,,,,,,,,,,,,44331000000,32252000000,0.691,,30647000000,,,,,,,,,,,,true,false,12,2016-04-01,2017-03-31,-1
2018-01-31,34330,2017-03-31,3,,,,,,,,,,,,,,,,,,,,,,,,,,,,,85.00,,,,15800000,601178,,false,false,12,2016-04-01,2017-03-31,-1
2018-01-31,34330,2018-03-31,3,,,,,,,,,,,,,,,,,,,,,,,,,,,,,45.00,,,,,,,false,false,12,2017-04-01,2018-03-31,0
2018-01-31,34330,2018-03-31,3,,,,,,,,,,,,,,,,,,,,,,,,,,,,,13.75,,,,,,,false,true,12,2017-04-01,2018-03-31,0
2018-01-31,34330,2018-03-31,3,,,,,,,,,,,,,,,,,,,,,,,,,,,,,,,,,15800000,601278,15198760,false,false,9,2017-04-01,2017-12-31,0
2018-01-31,34330,2017-03-31,3,,,,,,,,,,,,,,,,,,,,,,,,,,,,,,,,,,,15198883,false,false,9,2016-04-01,2016-12-31,-1
2018-05-10,34330,2018-03-31,,34109000000,0.178,,,,,7110000000,0.259,7363000000,0.269,,4836000000,,79.56,,0.149,0.152,0.208,,52716000000,36139000000,0.648,562.12,34174000000,7611000000,-4681000000,-2217000000,8807000000,,0.330,,,,,,true,false,12,2017-04-01,2018-03-31,0
2018-05-10,34330,2017-03-31,,28963000000,0.008,,,,,5645000000,0.175,5801000000,0.154,,4070000000,,66.95,,0.139,0.141,0.195,,44331000000,32252000000,0.691,504.11,30647000000,5237000000,-6537000000,1581000000,8068000000,,0.317,,,,,,true,false,12,2016-04-01,2017-03-31,-1
2018-05-10,34330,2019-03-31,,19000000000,0.161,,,,,3850000000,0.099,4000000000,0.113,,2631000000,,43.28,,,,,,,,,,,,,,,,,,,,,,true,true,6,2018-04-01,2018-09-30,1
2018-05-10,34330,2019-03-31,,39000000000,0.143,,,,,7900000000,0.111,8200000000,0.114,,5400000000,,88.82,,,,,,,,,,,,,,,,0.338,,,,,,true,true,12,2018-04-01,2019-03-31,1
2018-05-10,34330,2018-03-31,,28507000000,0.173,,,,,5577000000,0.187,6021000000,0.198,4256000000,,0.135,70.01,,,,,,46435000000,31885000000,0.687,524.48,31885000000,,,,,15.00,,,,63200000,2405112,60795004,false,false,12,2017-04-01,2018-03-31,0
2018-05-10,34330,2017-03-31,,24299000000,0.022,,,,,4700000000,0.199,5024000000,0.162,3748000000,,0.357,61.66,,,,,,39261000000,29036000000,0.740,477.62,29036000000,,,,,85.00,,,,63200000,2404712,60795497,false,false,12,2016-04-01,2017-03-31,-1
2018-05-10,34330,2019-03-31,,,,,,,,,,,,,,,,,,,,,,,,,,,,,,30.00,,,,,,,false,true,12,2018-04-01,2019-03-31,1
2018-07-31,34330,2019-03-31,1,11116000000,0.356,,,,,2705000000,0.430,2739000000,0.423,,1801000000,,29.63,,,,,,53141000000,36908000000,0.657,,34917000000,,,,,,,,,,,,true,false,3,2018-04-01,2018-06-30,0
2018-07-31,34330,2018-03-31,1,8198000000,0.160,,,,,1891000000,0.441,1925000000,0.484,,1287000000,,21.17,,,,,,,,,,,,,,,,,,,,,,true,false,3,2017-04-01,2017-06-30,-1
2018-07-31,34330,2019-03-31,1,21000000000,0.283,,,,,4750000000,0.356,5000000000,0.392,,3300000000,,54.28,,,,,,,,,,,,,,,,,,,,,,true,true,6,2018-04-01,2018-09-30,0
2018-07-31,34330,2019-03-31,1,41000000000,0.202,,,,,8700000000,0.224,9000000000,0.222,,5900000000,,97.05,,,,,,,,,,,,,,,,,,,,,,true,true,12,2018-04-01,2019-03-31,0
2018-07-31,34330,2018-03-31,1,,,,,,,,,,,,,,,,,,,,52664000000,36139000000,0.649,,34174000000,,,,,,,,,,,,true,false,12,2017-04-01,2018-03-31,-1
2018-07-31,34330,2018-03-31,1,,,,,,,,,,,,,,,,,,,,,,,,,,,,,15.00,,,,63200000,2405112,,false,false,12,2017-04-01,2018-03-31,-1
2018-07-31,34330,2019-03-31,1,,,,,,,,,,,,,,,,,,,,,,,,,,,,,30.00,,,,,,,false,true,12,2018-04-01,2019-03-31,0
2018-07-31,34330,2019-03-31,1,,,,,,,,,,,,,,,,,,,,,,,,,,,,,,,,,63200000,2405112,60794888,false,false,3,2018-04-01,2018-06-30,0
2018-07-31,34330,2018-03-31,1,,,,,,,,,,,,,,,,,,,,,,,,,,,,,,,,,,,60795156,false,false,3,2017-04-01,2017-06-30,-1
2018-10-31,34330,2019-03-31,2,20943000000,0.280,,,,,4673000000,0.334,4855000000,0.351,,3216000000,,52.91,,,,,,55775000000,38304000000,0.652,,36344000000,,,,,,,,,,,,true,false,6,2018-04-01,2018-09-30,0
2018-10-31,34330,2018-03-31,2,16362000000,0.157,,,,,3502000000,0.353,3592000000,0.391,,2358000000,,38.79,,,,,,,,,,,,,,,,,,,,,,true,false,6,2017-04-01,2017-09-30,-1
2018-10-31,34330,2019-03-31,2,41000000000,0.202,,,,,8700000000,0.224,9000000000,0.222,,5900000000,,97.05,,,,,,,,,,,,,,,,,,,,,,true,true,12,2018-04-01,2019-03-31,0
2018-10-31,34330,2018-03-31,2,,,,,,,,,,,,,,,,,,,,52664000000,36139000000,0.649,,34174000000,,,,,,,,,,,,true,false,12,2017-04-01,2018-03-31,-1
2018-10-31,34330,2018-03-31,2,,,,,,,,,,,,,,,,,,,,,,,,,,,,,15.00,,,,63200000,2405112,,false,false,12,2017-04-01,2018-03-31,-1
2018-10-31,34330,2019-03-31,2,,,,,,,,,,,,,,,,,,,,,,,,,,,,,15.00,,,,,,,false,false,12,2018-04-01,2019-03-31,0
2018-10-31,34330,2019-03-31,2,,,,,,,,,,,,,,,,,,,,,,,,,,,,,30.00,,,,,,,false,true,12,2018-04-01,2019-03-31,0
2018-10-31,34330,2019-03-31,2,,,,,,,,,,,,,,,,,,,,,,,,,,,,,,,,,63200000,2405112,60794888,false,false,6,2018-04-01,2018-09-30,0
2018-10-31,34330,2018-03-31,2,,,,,,,,,,,,,,,,,,,,,,,,,,,,,,,,,,,60795094,false,false,6,2017-04-01,2017-09-30,-1
2019-01-31,34330,2019-03-31,3,30726000000,0.214,,,,,6673000000,0.215,6911000000,0.222,,4558000000,,74.98,,,,,,54800000000,38912000000,0.672,,36817000000,,,,,,,,,,,,true,false,9,2018-04-01,2018-12-31,0
2019-01-31,34330,2018-03-31,3,25318000000,0.179,,,,,5490000000,0.318,5653000000,0.346,,3704000000,,60.94,,,,,,,,,,,,,,,,,,,,,,true,false,9,2017-04-01,2017-12-31,-1
2019-01-31,34330,2019-03-31,3,41000000000,0.202,,,,,8700000000,0.224,9000000000,0.222,,5900000000,,97.05,,,,,,,,,,,,,,,,,,,,,,true,true,12,2018-04-01,2019-03-31,0
2019-01-31,34330,2018-03-31,3,,,,,,,,,,,,,,,,,,,,52664000000,36139000000,0.649,,34174000000,,,,,,,,,,,,true,false,12,2017-04-01,2018-03-31,-1
2019-01-31,34330,2018-03-31,3,,,,,,,,,,,,,,,,,,,,,,,,,,,,,15.00,,,,63200000,2405112,,false,false,12,2017-04-01,2018-03-31,-1
2019-01-31,34330,2019-03-31,3,,,,,,,,,,,,,,,,,,,,,,,,,,,,,15.00,,,,,,,false,false,12,2018-04-01,2019-03-31,0
2019-01-31,34330,2019-03-31,3,,,,,,,,,,,,,,,,,,,,,,,,,,,,,30.00,,,,,,,false,true,12,2018-04-01,2019-03-31,0
2019-01-31,34330,2019-03-31,3,,,,,,,,,,,,,,,,,,,,,,,,,,,,,,,,,63200000,2405116,60794887,false,false,9,2018-04-01,2018-12-31,0
2019-01-31,34330,2018-03-31,3,,,,,,,,,,,,,,,,,,,,,,,,,,,,,,,,,,,60795042,false,false,9,2017-04-01,2017-12-31,-1
2019-05-10,34330,2019-03-31,,39558000000,0.160,,,,,7741000000,0.089,8076000000,0.097,,5441000000,,89.51,,0.152,0.147,0.196,,57278000000,39665000000,0.656,617.80,37559000000,8044000000,-4617000000,40000000,12213000000,,0.335,,,,,,true,false,12,2018-04-01,2019-03-31,0
2019-05-10,34330,2018-03-31,,34109000000,0.178,,,,,7110000000,0.259,7363000000,0.269,,4836000000,,79.56,,0.149,0.152,0.208,,52664000000,36139000000,0.649,562.12,34174000000,7611000000,-4681000000,-2217000000,8807000000,,0.330,,,,,,true,false,12,2017-04-01,2018-03-31,-1
2019-05-10,34330,2020-03-31,,17500000000,-0.164,,,,,2500000000,-0.465,2700000000,-0.444,,1720000000,,28.29,,,,,,,,,,,,,,,,,,,,,,true,true,6,2019-04-01,2019-09-30,1
2019-05-10,34330,2020-03-31,,36000000000,-0.090,,,,,5200000000,-0.328,5500000000,-0.319,,3520000000,,57.90,,,,,,,,,,,,,,,,0.432,,,,,,true,true,12,2019-04-01,2020-03-31,1
2019-05-10,34330,2019-03-31,,33021000000,0.158,,,,,6049000000,0.085,6724000000,0.117,4895000000,,0.150,80.53,,,,,,50691000000,34907000000,0.689,574.19,34907000000,,,,,30.00,,,,63200000,2405116,60794886,false,false,12,2018-04-01,2019-03-31,0
2019-05-10,34330,2018-03-31,,28507000000,0.173,,,,,5577000000,0.187,6021000000,0.198,4256000000,,0.135,70.01,,,,,,46435000000,31885000000,0.687,524.48,31885000000,,,,,15.00,,,,63200000,2405112,60795004,false,false,12,2017-04-01,2018-03-31,-1
2019-05-10,34330,2020-03-31,,,,,,,,,,,,,,,,,,,,,,,,,,,,,,25.00,,,,,,,false,true,12,2019-04-01,2020-03-31,1
2019-07-31,34330,2020-03-31,1,9897000000,-0.110,,,,,2001000000,-0.260,2005000000,-0.268,,1267000000,,20.85,,,,,,58620000000,40128000000,0.647,,37930000000,,,,,,,,,,,,true,false,3,2019-04-01,2019-06-30,0
2019-07-31,34330,2019-03-31,1,11116000000,0.356,,,,,2705000000,0.430,2739000000,0.423,,1801000000,,29.63,,,,,,,,,,,,,,,,,,,,,,true,false,3,2018-04-01,2018-06-30,-1
2019-07-31,34330,2020-03-31,1,17500000000,-0.164,,,,,2500000000,-0.465,2700000000,-0.444,,1720000000,,28.29,,,,,,,,,,,,,,,,,,,,,,true,true,6,2019-04-01,2019-09-30,0
2019-07-31,34330,2020-03-31,1,36000000000,-0.090,,,,,5200000000,-0.328,5500000000,-0.319,,3520000000,,57.90,,,,,,,,,,,,,,,,,,,,,,true,true,12,2019-04-01,2020-03-31,0
2019-07-31,34330,2019-03-31,1,,,,,,,,,,,,,,,,,,,,57278000000,39665000000,0.656,,37559000000,,,,,,,,,,,,true,false,12,2018-04-01,2019-03-31,-1
2019-07-31,34330,2019-03-31,1,,,,,,,,,,,,,,,,,,,,,,,,,,,,,30.00,,,,63200000,2405116,,false,false,12,2018-04-01,2019-03-31,-1
2019-07-31,34330,2020-03-31,1,,,,,,,,,,,,,,,,,,,,,,,,,,,,,25.00,,,,,,,false,true,12,2019-04-01,2020-03-31,0
2019-07-31,34330,2020-03-31,1,,,,,,,,,,,,,,,,,,,,,,,,,,,,,,,,,63200000,2405116,60794884,false,false,3,2019-04-01,2019-06-30,0
2019-07-31,34330,2019-03-31,1,,,,,,,,,,,,,,,,,,,,,,,,,,,,,,,,,,,60794888,false,false,3,2018-04-01,2018-06-30,-1
2019-10-31,34330,2020-03-31,2,18794000000,-0.103,,,,,3348000000,-0.284,3403000000,-0.299,,2148000000,,35.34,,,,,,56596000000,40798000000,0.683,,38663000000,,,,,,,,,,,,true,false,6,2019-04-01,2019-09-30,0
2019-10-31,34330,2019-03-31,2,20943000000,0.280,,,,,4673000000,0.334,4855000000,0.351,,3216000000,,52.91,,,,,,,,,,,,,,,,,,,,,,true,false,6,2018-04-01,2018-09-30,-1
2019-10-31,34330,2020-03-31,2,36500000000,-0.077,,,,,5800000000,-0.251,6000000000,-0.257,,3900000000,,64.15,,,,,,,,,,,,,,,,,,,,,,true,true,12,2019-04-01,2020-03-31,0
2019-10-31,34330,2019-03-31,2,,,,,,,,,,,,,,,,,,,,57278000000,39665000000,0.656,,37559000000,,,,,,,,,,,,true,false,12,2018-04-01,2019-03-31,-1
2019-10-31,34330,2019-03-31,2,,,,,,,,,,,,,,,,,,,,,,,,,,,,,30.00,,,,63200000,2405116,,false,false,12,2018-04-01,2019-03-31,-1
2019-10-31,34330,2020-03-31,2,,,,,,,,,,,,,,,,,,,,,,,,,,,,,12.50,,,,,,,false,false,12,2019-04-01,2020-03-31,0
2019-10-31,34330,2020-03-31,2,,,,,,,,,,,,,,,,,,,,,,,,,,,,,25.00,,,,,,,false,true,12,2019-04-01,2020-03-31,0
2019-10-31,34330,2020-03-31,2,,,,,,,,,,,,,,,,,,,,,,,,,,,,,,,,,63200000,2405116,60794884,false,false,6,2019-04-01,2019-09-30,0
2019-10-31,34330,2019-03-31,2,,,,,,,,,,,,,,,,,,,,,,,,,,,,,,,,,,,60794888,false,false,6,2018-04-01,2018-09-30,-1
2020-01-31,34330,2020-03-31,3,28486000000,-0.073,,,,,5188000000,-0.223,5259000000,-0.239,,3370000000,,55.44,,,,,,56877000000,41308000000,0.687,,39084000000,,,,,,,,,,,,true,false,9,2019-04-01,2019-12-31,0
2020-01-31,34330,2019-03-31,3,30726000000,0.214,,,,,6673000000,0.215,6911000000,0.222,,4558000000,,74.98,,,,,,,,,,,,,,,,,,,,,,true,false,9,2018-04-01,2018-12-31,-1
2020-01-31,34330,2020-03-31,3,37300000000,-0.057,,,,,6300000000,-0.186,6500000000,-0.195,,4200000000,,69.08,,,,,,,,,,,,,,,,,,,,,,true,true,12,2019-04-01,2020-03-31,0
2020-01-31,34330,2019-03-31,3,,,,,,,,,,,,,,,,,,,,57278000000,39665000000,0.656,,37559000000,,,,,,,,,,,,true,false,12,2018-04-01,2019-03-31,-1
2020-01-31,34330,2019-03-31,3,,,,,,,,,,,,,,,,,,,,,,,,,,,,,30.00,,,,63200000,2405116,,false,false,12,2018-04-01,2019-03-31,-1
2020-01-31,34330,2020-03-31,3,,,,,,,,,,,,,,,,,,,,,,,,,,,,,12.50,,,,,,,false,false,12,2019-04-01,2020-03-31,0
2020-01-31,34330,2020-03-31,3,,,,,,,,,,,,,,,,,,,,,,,,,,,,,25.00,,,,,,,false,true,12,2019-04-01,2020-03-31,0
2020-01-31,34330,2020-03-31,3,,,,,,,,,,,,,,,,,,,,,,,,,,,,,,,,,63200000,2405116,60794884,false,false,9,2019-04-01,2019-12-31,0
2020-01-31,34330,2019-03-31,3,,,,,,,,,,,,,,,,,,,,,,,,,,,,,,,,,,,60794887,false,false,9,2018-04-01,2018-12-31,-1
2020-05-08,34330,2020-03-31,,37896000000,-0.042,,,,,6550000000,-0.154,6812000000,-0.157,,4404000000,,72.45,,0.113,0.115,0.173,,61122000000,42634000000,0.659,662.28,40263000000,6621000000,-4217000000,1871000000,16496000000,,0.345,,,,,,true,false,12,2019-04-01,2020-03-31,0
2020-05-08,34330,2019-03-31,,39558000000,0.160,,,,,7741000000,0.089,8076000000,0.097,,5441000000,,89.51,,0.152,0.147,0.196,,57278000000,39665000000,0.656,617.80,37559000000,8044000000,-4617000000,40000000,12213000000,,0.335,,,,,,true,false,12,2018-04-01,2019-03-31,-1
2020-05-08,34330,2020-03-31,,31182000000,-0.056,,,,,4888000000,-0.192,5520000000,-0.179,3980000000,,-0.187,65.48,,,,,,54026000000,37212000000,0.689,612.10,37212000000,,,,,25.00,,,,63200000,2405136,60794884,false,false,12,2019-04-01,2020-03-31,0
2020-05-08,34330,2019-03-31,,33021000000,0.158,,,,,6049000000,0.085,6724000000,0.117,4895000000,,0.150,80.53,,,,,,50691000000,34907000000,0.689,574.19,34907000000,,,,,30.00,,,,63200000,2405116,60794886,false,false,12,2018-04-01,2019-03-31,-1
2020-07-31,34330,2021-03-31,1,9911000000,0.001,,,,,2227000000,0.113,2276000000,0.136,,1466000000,,24.12,,,,,,61562000000,43322000000,0.664,,40893000000,,,,,,,,,,,,true,false,3,2020-04-01,2020-06-30,0
2020-07-31,34330,2020-03-31,1,9897000000,-0.110,,,,,2001000000,-0.260,2005000000,-0.268,,1267000000,,20.85,,,,,,,,,,,,,,,,,,,,,,true,false,3,2019-04-01,2019-06-30,-1
2020-07-31,34330,2021-03-31,1,18500000000,-0.016,,,,,3300000000,-0.015,3400000000,-0.001,,2170000000,,35.69,,,,,,,,,,,,,,,,,,,,,,true,true,6,2020-04-01,2020-09-30,0
2020-07-31,34330,2021-03-31,1,36500000000,-0.037,,,,,5800000000,-0.115,6000000000,-0.119,,3880000000,,63.82,,,,,,,,,,,,,,,,,,,,,,true,true,12,2020-04-01,2021-03-31,0
2020-07-31,34330,2020-03-31,1,,,,,,,,,,,,,,,,,,,,61122000000,42634000000,0.659,,40263000000,,,,,,,,,,,,true,false,12,2019-04-01,2020-03-31,-1
2020-07-31,34330,2020-03-31,1,,,,,,,,,,,,,,,,,,,,,,,,,,,,,25.00,,,,63200000,2405136,,false,false,12,2019-04-01,2020-03-31,-1
2020-07-31,34330,2021-03-31,1,,,,,,,,,,,,,,,,,,,,,,,,,,,,,25.00,,,,,,,false,true,12,2020-04-01,2021-03-31,0
2020-07-31,34330,2021-03-31,1,,,,,,,,,,,,,,,,,,,,,,,,,,,,,,,,,63200000,2405136,60794864,false,false,3,2020-04-01,2020-06-30,0
2020-07-31,34330,2020-03-31,1,,,,,,,,,,,,,,,,,,,,,,,,,,,,,,,,,,,60794884,false,false,3,2019-04-01,2019-06-30,-1
2020-10-30,34330,2021-03-31,2,19093000000,0.016,,,,,4091000000,0.222,4174000000,0.227,,2688000000,,44.22,,,,,,61817000000,44583000000,0.682,,42140000000,,,,,,,,,,,,true,false,6,2020-04-01,2020-09-30,0
2020-10-30,34330,2020-03-31,2,18794000000,-0.103,,,,,3348000000,-0.284,3403000000,-0.299,,2148000000,,35.34,,,,,,,,,,,,,,,,,,,,,,true,false,6,2019-04-01,2019-09-30,-1
2020-10-30,34330,2021-03-31,2,37000000000,-0.024,,,,,6600000000,0.008,6800000000,-0.002,,4400000000,,72.37,,,,,,,,,,,,,,,,,,,,,,true,true,12,2020-04-01,2021-03-31,0
2020-10-30,34330,2020-03-31,2,,,,,,,,,,,,,,,,,,,,61122000000,42634000000,0.659,,40263000000,,,,,,,,,,,,true,false,12,2019-04-01,2020-03-31,-1
2020-10-30,34330,2020-03-31,2,,,,,,,,,,,,,,,,,,,,,,,,,,,,,25.00,,,,63200000,2405136,,false,false,12,2019-04-01,2020-03-31,-1
2020-10-30,34330,2021-03-31,2,,,,,,,,,,,,,,,,,,,,,,,,,,,,,12.50,,,,,,,false,false,12,2020-04-01,2021-03-31,0
2020-10-30,34330,2021-03-31,2,,,,,,,,,,,,,,,,,,,,,,,,,,,,,25.00,,,,,,,false,true,12,2020-04-01,2021-03-31,0
2020-10-30,34330,2021-03-31,2,,,,,,,,,,,,,,,,,,,,,,,,,,,,,,,,,63200000,2405136,60794864,false,false,6,2020-04-01,2020-09-30,0
2020-10-30,34330,2020-03-31,2,,,,,,,,,,,,,,,,,,,,,,,,,,,,,,,,,,,60794884,false,false,6,2019-04-01,2019-09-30,-1
2021-01-29,34330,2021-03-31,3,29131000000,0.023,,,,,6377000000,0.229,6479000000,0.232,,4177000000,,68.71,,,,,,62942000000,45444000000,0.682,,42898000000,,,,,,,,,,,,true,false,9,2020-04-01,2020-12-31,0
2021-01-29,34330,2020-03-31,3,28486000000,-0.073,,,,,5188000000,-0.223,5259000000,-0.239,,3370000000,,55.44,,,,,,,,,,,,,,,,,,,,,,true,false,9,2019-04-01,2019-12-31,-1
2021-01-29,34330,2021-03-31,3,38200000000,0.008,,,,,8000000000,0.221,8200000000,0.204,,5200000000,,85.53,,,,,,,,,,,,,,,,,,,,,,true,true,12,2020-04-01,2021-03-31,0
2021-01-29,34330,2020-03-31,3,,,,,,,,,,,,,,,,,,,,61122000000,42634000000,0.659,,40263000000,,,,,,,,,,,,true,false,12,2019-04-01,2020-03-31,-1
2021-01-29,34330,2020-03-31,3,,,,,,,,,,,,,,,,,,,,,,,,,,,,,25.00,,,,63200000,2405136,,false,false,12,2019-04-01,2020-03-31,-1
2021-01-29,34330,2021-03-31,3,,,,,,,,,,,,,,,,,,,,,,,,,,,,,12.50,,,,,,,false,false,12,2020-04-01,2021-03-31,0
2021-01-29,34330,2021-03-31,3,,,,,,,,,,,,,,,,,,,,,,,,,,,,,30.00,,,,,,,false,true,12,2020-04-01,2021-03-31,0
2021-01-29,34330,2021-03-31,3,,,,,,,,,,,,,,,,,,,,,,,,,,,,,,,,,63200000,2405136,60794864,false,false,9,2020-04-01,2020-12-31,0
2021-01-29,34330,2020-03-31,3,,,,,,,,,,,,,,,,,,,,,,,,,,,,,,,,,,,60794884,false,false,9,2019-04-01,2019-12-31,-1
2021-05-10,34330,2021-03-31,,39073000000,0.031,,,,,8669000000,0.323,8914000000,0.309,,5463000000,,89.86,,0.129,0.142,0.222,,64183000000,46891000000,0.689,727.06,44201000000,10588000000,-4615000000,-3798000000,18672000000,,0.389,,,,,,true,false,12,2020-04-01,2021-03-31,0
2021-05-10,34330,2020-03-31,,37896000000,-0.042,,,,,6550000000,-0.154,6812000000,-0.157,,4404000000,,72.45,,0.113,0.115,0.173,,61122000000,42634000000,0.659,662.28,40263000000,6621000000,-4217000000,1871000000,16496000000,,0.345,,,,,,true,false,12,2019-04-01,2020-03-31,-1
2021-05-10,34330,2022-03-31,,20000000000,,,,,,4300000000,,4300000000,,,2800000000,,46.06,,,,,,,,,,,,,,,,,,,,,,true,true,6,2021-04-01,2021-09-30,1
2021-05-10,34330,2022-03-31,,41000000000,,,,,,9000000000,,9000000000,,,5800000000,,95.40,,,,,,,,,,,,,,,,0.367,,,,,,true,true,12,2021-04-01,2022-03-31,1
2021-05-10,34330,2021-03-31,,32820000000,0.053,,,,,6884000000,0.408,7531000000,0.364,4756000000,,0.195,78.23,,,,,,55976000000,40452000000,0.723,665.40,40452000000,,,,,35.00,,,,63200000,2405136,60794864,false,false,12,2020-04-01,2021-03-31,0
2021-05-10,34330,2020-03-31,,31182000000,-0.056,,,,,4888000000,-0.192,5520000000,-0.179,3980000000,,-0.187,65.48,,,,,,54026000000,37212000000,0.689,612.10,37212000000,,,,,25.00,,,,63200000,2405136,60794884,false,false,12,2019-04-01,2020-03-31,-1
2021-05-10,34330,2022-03-31,,,,,,,,,,,,,,,,,,,,,,,,,,,,,,35.00,,,,,,,false,true,12,2021-04-01,2022-03-31,1
2021-07-30,34330,2022-03-31,1,10736000000,0.079,,,,,2759000000,0.216,2839000000,0.247,,1865000000,,30.69,,,,,,65134000000,47852000000,0.690,,44939000000,,,,,,,,,,,,true,false,3,2021-04-01,2021-06-30,0
2021-07-30,34330,2021-03-31,1,9953000000,0.004,,,,,2269000000,0.122,2276000000,0.136,,1466000000,,24.12,,,,,,,,,,,,,,,,,,,,,,true,false,3,2020-04-01,2020-06-30,-1
2021-07-30,34330,2022-03-31,1,20000000000,0.041,,,,,4300000000,0.023,4300000000,0.030,,2800000000,,46.05,,,,,,,,,,,,,,,,,,,,,,true,true,6,2021-04-01,2021-09-30,0
2021-07-30,34330,2022-03-31,1,41000000000,0.043,,,,,9000000000,0.012,9000000000,0.010,,5800000000,,95.38,,,,,,,,,,,,,,,,,,,,,,true,true,12,2021-04-01,2022-03-31,0
2021-07-30,34330,2021-03-31,1,,,,,,,,,,,,,,,,,,,,64183000000,46891000000,0.689,,44201000000,,,,,,,,,,,,true,false,12,2020-04-01,2021-03-31,-1
2021-07-30,34330,2021-03-31,1,,,,,,,,,,,,,,,,,,,,,,,,,,,,,35.00,,,,63200000,2405136,,false,false,12,2020-04-01,2021-03-31,-1
2021-07-30,34330,2022-03-31,1,,,,,,,,,,,,,,,,,,,,,,,,,,,,,35.00,,,,,,,false,true,12,2021-04-01,2022-03-31,0
2021-07-30,34330,2022-03-31,1,,,,,,,,,,,,,,,,,,,,,,,,,,,,,,,,,63200000,2405192,60794820,false,false,3,2021-04-01,2021-06-30,0
2021-07-30,34330,2021-03-31,1,,,,,,,,,,,,,,,,,,,,,,,,,,,,,,,,,,,60794864,false,false,3,2020-04-01,2020-06-30,-1
2021-10-29,34330,2022-03-31,2,21098000000,0.099,,,,,5111000000,0.216,5222000000,0.251,,3448000000,,56.72,,,,,,66430000000,49575000000,0.702,,46633000000,,,,,,,,,,,,true,false,6,2021-04-01,2021-09-30,0
2021-10-29,34330,2021-03-31,2,19205000000,0.017,,,,,4203000000,0.226,4174000000,0.227,,2688000000,,44.22,,,,,,,,,,,,,,,,,,,,,,true,false,6,2020-04-01,2020-09-30,-1
2021-10-29,34330,2022-03-31,2,42500000000,0.082,,,,,10100000000,0.136,10200000000,0.144,,6600000000,,108.54,,,,,,,,,,,,,,,,,,,,,,true,true,12,2021-04-01,2022-03-31,0
2021-10-29,34330,2021-03-31,2,,,,,,,,,,,,,,,,,,,,64183000000,46891000000,0.689,,44201000000,,,,,,,,,,,,true,false,12,2020-04-01,2021-03-31,-1
2021-10-29,34330,2021-03-31,2,,,,,,,,,,,,,,,,,,,,,,,,,,,,,35.00,,,,63200000,2405136,,false,false,12,2020-04-01,2021-03-31,-1
2021-10-29,34330,2022-03-31,2,,,,,,,,,,,,,,,,,,,,,,,,,,,,,20.00,,,,,,,false,false,12,2021-04-01,2022-03-31,0
2021-10-29,34330,2022-03-31,2,,,,,,,,,,,,,,,,,,,,,,,,,,,,,40.00,,,,,,,false,true,12,2021-04-01,2022-03-31,0
2021-10-29,34330,2022-03-31,2,,,,,,,,,,,,,,,,,,,,,,,,,,,,,,,,,63200000,2381222,60800315,false,false,6,2021-04-01,2021-09-30,0
2021-10-29,34330,2021-03-31,2,,,,,,,,,,,,,,,,,,,,,,,,,,,,,,,,,,,60794864,false,false,6,2020-04-01,2020-09-30,-1
2022-01-31,34330,2022-03-31,3,32227000000,0.101,,,,,7555000000,0.158,7738000000,0.194,,4997000000,,82.18,,,,,,66958000000,50142000000,0.702,,47029000000,,,,,,,,,,,,true,false,9,2021-04-01,2021-12-31,0
2022-01-31,34330,2021-03-31,3,29279000000,0.024,,,,,6525000000,0.233,6479000000,0.232,,4177000000,,68.71,,,,,,,,,,,,,,,,,,,,,,true,false,9,2020-04-01,2020-12-31,-1
2022-01-31,34330,2022-03-31,3,42500000000,0.082,,,,,10100000000,0.136,10200000000,0.144,,6600000000,,108.54,,,,,,,,,,,,,,,,,,,,,,true,true,12,2021-04-01,2022-03-31,0
2022-01-31,34330,2021-03-31,3,,,,,,,,,,,,,,,,,,,,64183000000,46891000000,0.689,,44201000000,,,,,,,,,,,,true,false,12,2020-04-01,2021-03-31,-1
2022-01-31,34330,2021-03-31,3,,,,,,,,,,,,,,,,,,,,,,,,,,,,,35.00,,,,63200000,2405136,,false,false,12,2020-04-01,2021-03-31,-1
2022-01-31,34330,2022-03-31,3,,,,,,,,,,,,,,,,,,,,,,,,,,,,,20.00,,,,,,,false,false,12,2021-04-01,2022-03-31,0
2022-01-31,34330,2022-03-31,3,,,,,,,,,,,,,,,,,,,,,,,,,,,,,40.00,,,,,,,false,true,12,2021-04-01,2022-03-31,0
2022-01-31,34330,2022-03-31,3,,,,,,,,,,,,,,,,,,,,,,,,,,,,,,,,,63200000,2381222,60806492,false,false,9,2021-04-01,2021-12-31,0
2022-01-31,34330,2021-03-31,3,,,,,,,,,,,,,,,,,,,,,,,,,,,,,,,,,,,60794864,false,false,9,2020-04-01,2020-12-31,-1
2022-05-10,34330,2022-03-31,,43813000000,0.115,,,,,10255000000,0.154,10571000000,0.186,,6909000000,,113.62,,0.148,0.158,0.234,,69517000000,52459000000,0.706,807.31,49099000000,9873000000,-5044000000,-4547000000,19141000000,,0.396,,,,,,true,false,12,2021-04-01,2022-03-31,0
2022-05-10,34330,2021-03-31,,39294000000,0.032,,,,,8890000000,0.322,8914000000,0.309,,5463000000,,89.86,,0.129,0.142,0.226,,64183000000,46891000000,0.689,727.06,44201000000,10588000000,-4615000000,-3798000000,18672000000,,0.389,,,,,,true,false,12,2020-04-01,2021-03-31,-1
2022-05-10,34330,2023-03-31,,22900000000,0.085,,,,,5200000000,0.017,5200000000,-0.004,,3400000000,,55.90,,,,,,,,,,,,,,,,,,,,,,true,true,6,2022-04-01,2022-09-30,1
2022-05-10,34330,2023-03-31,,47500000000,0.084,,,,,11000000000,0.073,11000000000,0.041,,7184000000,,118.12,,,,,,,,,,,,,,,,0.381,,,,,,true,true,12,2022-04-01,2023-03-31,1
2022-05-10,34330,2022-03-31,,36487000000,0.102,,,,,8271000000,0.151,8917000000,0.184,6324000000,,0.330,104.01,,,,,,59331000000,44226000000,0.745,727.19,44226000000,,,,,45.00,,,,63200000,2381222,60809521,false,false,12,2021-04-01,2022-03-31,0
2022-05-10,34330,2021-03-31,,33122000000,0.053,,,,,7186000000,0.399,7531000000,0.364,4756000000,,0.195,78.23,,,,,,55976000000,40452000000,0.723,665.40,40452000000,,,,,35.00,,,,63200000,2405136,60794864,false,false,12,2020-04-01,2021-03-31,-1
2022-05-10,34330,2023-03-31,,,,,,,,,,,,,,,,,,,,,,,,,,,,,,45.00,,,,,,,false,true,12,2022-04-01,2023-03-31,1
2022-07-29,34330,2023-03-31,1,11906000000,0.109,,,,,2724000000,-0.013,2948000000,0.039,,1912000000,,31.44,,,,,,69820000000,53246000000,0.712,,49680000000,,,,,,,,,,,,true,false,3,2022-04-01,2022-06-30,0
2022-07-29,34330,2022-03-31,1,10736000000,0.079,,,,,2759000000,0.216,2839000000,0.247,,1865000000,,30.69,,,,,,,,,,,,,,,,,,,,,,true,false,3,2021-04-01,2021-06-30,-1
2022-07-29,34330,2023-03-31,1,23600000000,0.119,,,,,5400000000,0.056,5600000000,0.072,,3660000000,,60.17,,,,,,,,,,,,,,,,,,,,,,true,true,6,2022-04-01,2022-09-30,0
2022-07-29,34330,2023-03-31,1,48200000000,0.100,,,,,11200000000,0.092,11400000000,0.078,,7444000000,,122.36,,,,,,,,,,,,,,,,,,,,,,true,true,12,2022-04-01,2023-03-31,0
2022-07-29,34330,2022-03-31,1,,,,,,,,,,,,,,,,,,,,69517000000,52459000000,0.706,,49099000000,,,,,,,,,,,,true,false,12,2021-04-01,2022-03-31,-1
2022-07-29,34330,2022-03-31,1,,,,,,,,,,,,,,,,,,,,,,,,,,,,,45.00,,,,63200000,2381222,,false,false,12,2021-04-01,2022-03-31,-1
2022-07-29,34330,2023-03-31,1,,,,,,,,,,,,,,,,,,,,,,,,,,,,,45.00,,,,,,,false,true,12,2022-04-01,2023-03-31,0
2022-07-29,34330,2023-03-31,1,,,,,,,,,,,,,,,,,,,,,,,,,,,,,,,,,63200000,2381222,60818778,false,false,3,2022-04-01,2022-06-30,0
2022-07-29,34330,2022-03-31,1,,,,,,,,,,,,,,,,,,,,,,,,,,,,,,,,,,,60794820,false,false,3,2021-04-01,2021-06-30,-1
2022-10-31,34330,2023-03-31,2,23996000000,0.137,,,,,5581000000,0.092,6033000000,0.155,,3919000000,,64.45,,,,,,72454000000,55990000000,0.720,,52170000000,,,,,,,,,,,,true,false,6,2022-04-01,2022-09-30,0
2022-10-31,34330,2022-03-31,2,21098000000,0.099,,,,,5111000000,0.216,5222000000,0.251,,3448000000,,56.72,,,,,,,,,,,,,,,,,,,,,,true,false,6,2021-04-01,2021-09-30,-1
2022-10-31,34330,2023-03-31,2,48200000000,0.100,,,,,11200000000,0.092,11400000000,0.078,,7444000000,,122.36,,,,,,,,,,,,,,,,,,,,,,true,true,12,2022-04-01,2023-03-31,0
2022-10-31,34330,2022-03-31,2,,,,,,,,,,,,,,,,,,,,69517000000,52459000000,0.706,,49099000000,,,,,,,,,,,,true,false,12,2021-04-01,2022-03-31,-1
2022-10-31,34330,2022-03-31,2,,,,,,,,,,,,,,,,,,,,,,,,,,,,,45.00,,,,63200000,2381222,,false,false,12,2021-04-01,2022-03-31,-1
2022-10-31,34330,2023-03-31,2,,,,,,,,,,,,,,,,,,,,,,,,,,,,,22.50,,,,,,,false,false,12,2022-04-01,2023-03-31,0
2022-10-31,34330,2023-03-31,2,,,,,,,,,,,,,,,,,,,,,,,,,,,,,45.00,,,,,,,false,true,12,2022-04-01,2023-03-31,0
2022-10-31,34330,2023-03-31,2,,,,,,,,,,,,,,,,,,,,,,,,,,,,,,,,,63200000,2352845,60825446,false,false,6,2022-04-01,2022-09-30,0
2022-10-31,34330,2022-03-31,2,,,,,,,,,,,,,,,,,,,,,,,,,,,,,,,,,,,60800315,false,false,6,2021-04-01,2021-09-30,-1
2023-01-31,34330,2023-03-31,3,36424000000,0.130,,,,,8224000000,0.088,8678000000,0.121,,5669000000,,93.20,,,,,,73570000000,56474000000,0.715,,52578000000,,,,,,,,,,,,true,false,9,2022-04-01,2022-12-31,0
2023-01-31,34330,2022-03-31,3,32227000000,0.101,,,,,7555000000,0.158,7738000000,0.194,,4997000000,,82.18,,,,,,,,,,,,,,,,,,,,,,true,false,9,2021-04-01,2021-12-31,-1
2023-01-31,34330,2023-03-31,3,48200000000,0.100,,,,,11200000000,0.092,11400000000,0.078,,7444000000,,122.36,,,,,,,,,,,,,,,,,,,,,,true,true,12,2022-04-01,2023-03-31,0
2023-01-31,34330,2022-03-31,3,,,,,,,,,,,,,,,,,,,,69517000000,52459000000,0.706,,49099000000,,,,,,,,,,,,true,false,12,2021-04-01,2022-03-31,-1
2023-01-31,34330,2022-03-31,3,,,,,,,,,,,,,,,,,,,,,,,,,,,,,45.00,,,,63200000,2381222,,false,false,12,2021-04-01,2022-03-31,-1
2023-01-31,34330,2023-03-31,3,,,,,,,,,,,,,,,,,,,,,,,,,,,,,22.50,,,,,,,false,false,12,2022-04-01,2023-03-31,0
2023-01-31,34330,2023-03-31,3,,,,,,,,,,,,,,,,,,,,,,,,,,,,,45.00,,,,,,,false,true,12,2022-04-01,2023-03-31,0
2023-01-31,34330,2023-03-31,3,,,,,,,,,,,,,,,,,,,,,,,,,,,,,,,,,63200000,2352845,60832709,false,false,9,2022-04-01,2022-12-31,0
2023-01-31,34330,2022-03-31,3,,,,,,,,,,,,,,,,,,,,,,,,,,,,,,,,,,,60806492,false,false,9,2021-04-01,2021-12-31,-1
2023-05-10,34330,2023-03-31,,48144000000,0.099,,,,,10558000000,0.029,11003000000,0.041,,7350000000,,120.83,,0.143,0.153,0.219,,74263000000,57643000000,0.725,884.83,53839000000,9894000000,-5094000000,-4561000000,19520000000,,0.414,,,,,,true,false,12,2022-04-01,2023-03-31,0
2023-05-10,34330,2022-03-31,,43813000000,0.115,,,,,10255000000,0.154,10571000000,0.186,,6909000000,,113.62,,0.148,0.158,0.234,,69517000000,52459000000,0.706,807.31,49099000000,9873000000,-5044000000,-4547000000,19141000000,,0.396,,,,,,true,false,12,2021-04-01,2022-03-31,-1
2023-05-10,34330,2024-03-31,,23000000000,-0.042,,,,,4200000000,-0.248,4200000000,-0.304,,2800000000,,46.27,,,,,,,,,,,,,,,,,,,,,,true,true,6,2023-04-01,2023-09-30,1
2023-05-10,34330,2024-03-31,,47000000000,-0.024,,,,,8700000000,-0.176,8700000000,-0.209,,5800000000,,96.70,,,,,,,,,,,,,,,,0.517,,,,,,true,true,12,2023-04-01,2024-03-31,1
2023-05-10,34330,2023-03-31,,40175000000,0.101,,,,,8557000000,0.035,9447000000,0.060,6856000000,,0.084,112.70,,,,,,62584000000,48230000000,0.771,792.65,48230000000,,,,,50.00,,,,63200000,2352845,60836271,false,false,12,2022-04-01,2023-03-31,0
2023-05-10,34330,2022-03-31,,36487000000,0.102,,,,,8271000000,0.151,8917000000,0.184,6324000000,,0.330,104.01,,,,,,59331000000,44226000000,0.745,727.19,44226000000,,,,,45.00,,,,63200000,2381222,60809521,false,false,12,2021-04-01,2022-03-31,-1
2023-05-10,34330,2024-03-31,,,,,,,,,,,,,,,,,,,,,,,,,,,,,,50.00,,,,,,,false,true,12,2023-04-01,2024-03-31,1
2023-07-31,34330,2024-03-31,1,11787000000,-0.010,,,,,2268000000,-0.167,2380000000,-0.193,,1539000000,,25.35,,,,,,73260000000,57174000000,0.727,,53267000000,,,,,,,,,,,,true,false,3,2023-04-01,2023-06-30,0
2023-07-31,34330,2023-03-31,1,11906000000,0.109,,,,,2724000000,-0.013,2948000000,0.039,,1912000000,,31.44,,,,,,,,,,,,,,,,,,,,,,true,false,3,2022-04-01,2022-06-30,-1
2023-07-31,34330,2024-03-31,1,23000000000,-0.042,,,,,4200000000,-0.248,4200000000,-0.304,,2800000000,,46.27,,,,,,,,,,,,,,,,,,,,,,true,true,6,2023-04-01,2023-09-30,0
2023-07-31,34330,2024-03-31,1,47000000000,-0.024,,,,,8700000000,-0.176,8700000000,-0.209,,5800000000,,96.70,,,,,,,,,,,,,,,,,,,,,,true,true,12,2023-04-01,2024-03-31,0
2023-07-31,34330,2023-03-31,1,,,,,,,,,,,,,,,,,,,,74263000000,57643000000,0.725,,53839000000,,,,,,,,,,,,true,false,12,2022-04-01,2023-03-31,-1
2023-07-31,34330,2023-03-31,1,,,,,,,,,,,,,,,,,,,,,,,,,,,,,50.00,,,,63200000,2352845,,false,false,12,2022-04-01,2023-03-31,-1
2023-07-31,34330,2024-03-31,1,,,,,,,,,,,,,,,,,,,,,,,,,,,,,50.00,,,,,,,false,true,12,2023-04-01,2024-03-31,0
2023-07-31,34330,2024-03-31,1,,,,,,,,,,,,,,,,,,,,,,,,,,,,,,,,,61200000,753483,60726089,false,false,3,2023-04-01,2023-06-30,0
2023-07-31,34330,2023-03-31,1,,,,,,,,,,,,,,,,,,,,,,,,,,,,,,,,,,,60818778,false,false,3,2022-04-01,2022-06-30,-1
2023-10-31,34330,2024-03-31,2,22971000000,-0.043,,,,,4295000000,-0.230,4590000000,-0.239,,2985000000,,49.42,,,,,,75226000000,58380000000,0.720,,54186000000,,,,,,,,,,,,true,false,6,2023-04-01,2023-09-30,0
2023-10-31,34330,2023-03-31,2,23996000000,0.137,,,,,5581000000,0.092,6033000000,0.155,,3919000000,,64.45,,,,,,,,,,,,,,,,,,,,,,true,false,6,2022-04-01,2022-09-30,-1
2023-10-31,34330,2024-03-31,2,47000000000,-0.024,,,,,8700000000,-0.176,8700000000,-0.209,,5800000000,,96.70,,,,,,,,,,,,,,,,,,,,,,true,true,12,2023-04-01,2024-03-31,0
2023-10-31,34330,2023-03-31,2,,,,,,,,,,,,,,,,,,,,74263000000,57643000000,0.725,,53839000000,,,,,,,,,,,,true,false,12,2022-04-01,2023-03-31,-1
2023-10-31,34330,2023-03-31,2,,,,,,,,,,,,,,,,,,,,,,,,,,,,,50.00,,,,63200000,2352845,,false,false,12,2022-04-01,2023-03-31,-1
2023-10-31,34330,2024-03-31,2,,,,,,,,,,,,,,,,,,,,,,,,,,,,,25.00,,,,,,,false,false,12,2023-04-01,2024-03-31,0
2023-10-31,34330,2024-03-31,2,,,,,,,,,,,,,,,,,,,,,,,,,,,,,50.00,,,,,,,false,true,12,2023-04-01,2024-03-31,0
2023-10-31,34330,2024-03-31,2,,,,,,,,,,,,,,,,,,,,,,,,,,,,,,,,,61200000,1366626,60425064,false,false,6,2023-04-01,2023-09-30,0
2023-10-31,34330,2023-03-31,2,,,,,,,,,,,,,,,,,,,,,,,,,,,,,,,,,,,60825446,false,false,6,2022-04-01,2022-09-30,-1
2024-01-31,34330,2024-03-31,3,34804000000,-0.044,,,,,6404000000,-0.221,6729000000,-0.225,,4280000000,,71.19,,,,,,72337000000,57897000000,0.740,,53533000000,,,,,,,,,,,,true,false,9,2023-04-01,2023-12-31,0
2024-01-31,34330,2023-03-31,3,36424000000,0.130,,,,,8224000000,0.088,8678000000,0.121,,5669000000,,93.20,,,,,,,,,,,,,,,,,,,,,,true,false,9,2022-04-01,2022-12-31,-1
2024-01-31,34330,2024-03-31,3,47000000000,-0.024,,,,,8700000000,-0.176,8700000000,-0.209,,5800000000,,96.70,,,,,,,,,,,,,,,,,,,,,,true,true,12,2023-04-01,2024-03-31,0
2024-01-31,34330,2023-03-31,3,,,,,,,,,,,,,,,,,,,,74263000000,57643000000,0.725,,53839000000,,,,,,,,,,,,true,false,12,2022-04-01,2023-03-31,-1
2024-01-31,34330,2023-03-31,3,,,,,,,,,,,,,,,,,,,,,,,,,,,,,50.00,,,,63200000,2352845,,false,false,12,2022-04-01,2023-03-31,-1
2024-01-31,34330,2024-03-31,3,,,,,,,,,,,,,,,,,,,,,,,,,,,,,25.00,,,,,,,false,false,12,2023-04-01,2024-03-31,0
2024-01-31,34330,2024-03-31,3,,,,,,,,,,,,,,,,,,,,,,,,,,,,,50.00,,,,,,,false,true,12,2023-04-01,2024-03-31,0
2024-01-31,34330,2024-03-31,3,,,,,,,,,,,,,,,,,,,,,,,,,,,,,,,,,61200000,1762426,60126277,false,false,9,2023-04-01,2023-12-31,0
2024-01-31,34330,2023-03-31,3,,,,,,,,,,,,,,,,,,,,,,,,,,,,,,,,,,,60832709,false,false,9,2022-04-01,2022-12-31,-1
2024-05-09,34330,2024-03-31,,46735000000,-0.029,,,,,9197000000,-0.129,9662000000,-0.122,,6326000000,,105.53,,0.116,0.127,0.197,,77940000000,59924000000,0.712,933.08,55460000000,7877000000,-4634000000,-3241000000,19656000000,,0.502,,,,,,true,false,12,2023-04-01,2024-03-31,0
2024-05-09,34330,2023-03-31,,48144000000,0.099,,,,,10558000000,0.029,11003000000,0.041,,7350000000,,120.83,,0.143,0.153,0.219,,74263000000,57643000000,0.725,884.83,53839000000,9894000000,-5094000000,-4561000000,19520000000,,0.414,,,,,,true,false,12,2022-04-01,2023-03-31,-1
2024-05-09,34330,2025-03-31,,24500000000,0.067,,,,,5000000000,0.164,5000000000,0.089,,3290000000,,55.35,,,,,,,,,,,,,,,,,,,,,,true,true,6,2024-04-01,2024-09-30,1
2024-05-09,34330,2025-03-31,,51000000000,0.091,,,,,10500000000,0.142,10500000000,0.087,,6880000000,,115.75,,,,,,,,,,,,,,,,0.501,,,,,,true,true,12,2024-04-01,2025-03-31,1
2024-05-09,34330,2024-03-31,,37977000000,-0.055,,,,,6783000000,-0.207,7877000000,-0.166,5850000000,,-0.147,97.58,,,,,,64264000000,48950000000,0.762,823.56,48950000000,,,,,53.00,,,,61200000,1762426,59955042,false,false,12,2023-04-01,2024-03-31,0
2024-05-09,34330,2023-03-31,,40175000000,0.101,,,,,8557000000,0.035,9447000000,0.060,6856000000,,0.084,112.70,,,,,,62584000000,48230000000,0.771,792.65,48230000000,,,,,50.00,,,,63200000,2352845,60836271,false,false,12,2022-04-01,2023-03-31,-1
2024-05-09,34330,2025-03-31,,,,,,,,,,,,,,,,,,,,,,,,,,,,,,58.00,,,,,,,false,true,12,2024-04-01,2025-03-31,1
2024-07-31,34330,2025-03-31,1,12864000000,0.091,,,,,2687000000,0.184,2924000000,0.228,,1886000000,,31.74,,,,,,78584000000,60631000000,0.712,,55970000000,,,,,,,,,,,,true,false,3,2024-04-01,2024-06-30,0
2024-07-31,34330,2024-03-31,1,11787000000,-0.010,,,,,2268000000,-0.167,2380000000,-0.193,,1539000000,,25.35,,,,,,,,,,,,,,,,,,,,,,true,false,3,2023-04-01,2023-06-30,-1
2024-07-31,34330,2025-03-31,1,24500000000,0.067,,,,,5000000000,0.164,5000000000,0.089,,3290000000,,55.35,,,,,,,,,,,,,,,,,,,,,,true,true,6,2024-04-01,2024-09-30,0
2024-07-31,34330,2025-03-31,1,51000000000,0.091,,,,,10500000000,0.142,10500000000,0.087,,6880000000,,115.75,,,,,,,,,,,,,,,,,,,,,,true,true,12,2024-04-01,2025-03-31,0
2024-07-31,34330,2024-03-31,1,,,,,,,,,,,,,,,,,,,,77940000000,59924000000,0.712,,55460000000,,,,,,,,,,,,true,false,12,2023-04-01,2024-03-31,-1
2024-07-31,34330,2024-03-31,1,,,,,,,,,,,,,,,,,,,,,,,,,,,,,53.00,,,,61200000,1762426,,false,false,12,2023-04-01,2024-03-31,-1
2024-07-31,34330,2025-03-31,1,,,,,,,,,,,,,,,,,,,,,,,,,,,,,58.00,,,,,,,false,true,12,2024-04-01,2025-03-31,0
2024-07-31,34330,2025-03-31,1,,,,,,,,,,,,,,,,,,,,,,,,,,,,,,,,,61200000,1762426,59437574,false,false,3,2024-04-01,2024-06-30,0
2024-07-31,34330,2024-03-31,1,,,,,,,,,,,,,,,,,,,,,,,,,,,,,,,,,,,60726089,false,false,3,2023-04-01,2023-06-30,-1
2024-10-31,34330,2025-03-31,2,25863000000,0.126,,,,,5383000000,0.253,5520000000,0.203,,3556000000,,59.83,,,,,,77687000000,62948000000,0.748,,58072000000,,,,,,,,,,,,true,false,6,2024-04-01,2024-09-30,0
2024-10-31,34330,2024-03-31,2,22971000000,-0.043,,,,,4295000000,-0.230,4590000000,-0.239,,2985000000,,49.42,,,,,,,,,,,,,,,,,,,,,,true,false,6,2023-04-01,2023-09-30,-1
2024-10-31,34330,2025-03-31,2,53000000000,0.134,,,,,11500000000,0.250,11500000000,0.190,,7500000000,,126.16,,,,,,,,,,,,,,,,,,,,,,true,true,12,2024-04-01,2025-03-31,0
2024-10-31,34330,2024-03-31,2,,,,,,,,,,,,,,,,,,,,77940000000,59924000000,0.712,,55460000000,,,,,,,,,,,,true,false,12,2023-04-01,2024-03-31,-1
2024-10-31,34330,2024-03-31,2,,,,,,,,,,,,,,,,,,,,,,,,,,,,,53.00,,,,61200000,1762426,,false,false,12,2023-04-01,2024-03-31,-1
2024-10-31,34330,2025-03-31,2,,,,,,,,,,,,,,,,,,,,,,,,,,,,,30.00,,,,,,,false,false,12,2024-04-01,2025-03-31,0
2024-10-31,34330,2025-03-31,2,,,,,,,,,,,,,,,,,,,,,,,,,,,,,63.00,,,,,,,false,true,12,2024-04-01,2025-03-31,0
2024-10-31,34330,2025-03-31,2,,,,,,,,,,,,,,,,,,,,,,,,,,,,,,,,,61200000,1744662,59442711,false,false,6,2024-04-01,2024-09-30,0
2024-10-31,34330,2024-03-31,2,,,,,,,,,,,,,,,,,,,,,,,,,,,,,,,,,,,60425064,false,false,6,2023-04-01,2023-09-30,-1
2025-02-04,34330,2025-03-31,3,39903000000,0.146,,,,,8489000000,0.326,8771000000,0.303,,5781000000,,97.26,,,,,,77950000000,62405000000,0.742,,57835000000,,,,,,,,,,,,true,false,9,2024-04-01,2024-12-31,0
2025-02-04,34330,2024-03-31,3,34804000000,-0.044,,,,,6404000000,-0.221,6729000000,-0.225,,4280000000,,71.19,,,,,,,,,,,,,,,,,,,,,,true,false,9,2023-04-01,2023-12-31,-1
2025-02-04,34330,2025-03-31,3,54000000000,0.155,,,,,11500000000,0.250,11800000000,0.221,,7700000000,,129.52,,,,,,,,,,,,,,,,,,,,,,true,true,12,2024-04-01,2025-03-31,0
2025-02-04,34330,2024-03-31,3,,,,,,,,,,,,,,,,,,,,77940000000,59924000000,0.712,,55460000000,,,,,,,,,,,,true,false,12,2023-04-01,2024-03-31,-1
2025-02-04,34330,2024-03-31,3,,,,,,,,,,,,,,,,,,,,,,,,,,,,,53.00,,,,61200000,1762426,,false,false,12,2023-04-01,2024-03-31,-1
2025-02-04,34330,2025-03-31,3,,,,,,,,,,,,,,,,,,,,,,,,,,,,,30.00,,,,,,,false,false,12,2024-04-01,2025-03-31,0
2025-02-04,34330,2025-03-31,3,,,,,,,,,,,,,,,,,,,,,,,,,,,,,65.00,,,,,,,false,true,12,2024-04-01,2025-03-31,0
2025-02-04,34330,2025-03-31,3,,,,,,,,,,,,,,,,,,,,,,,,,,,,,,,,,61200000,1744662,59446935,false,false,9,2024-04-01,2024-12-31,0
2025-02-04,34330,2024-03-31,3,,,,,,,,,,,,,,,,,,,,,,,,,,,,,,,,,,,60126277,false,false,9,2023-04-01,2023-12-31,-1
2025-05-09,34330,2025-03-31,,54231000000,0.160,,,,,12271000000,0.334,12561000000,0.300,,8052000000,,135.45,,0.139,0.157,0.226,,81676000000,65731000000,0.743,1020.04,60646000000,9077000000,-6194000000,-5124000000,17591000000,,0.502,,,,,,true,false,12,2024-04-01,2025-03-31,0
2025-05-09,34330,2024-03-31,,46735000000,-0.029,,,,,9197000000,-0.129,9662000000,-0.122,,6326000000,,105.53,,0.116,0.127,0.197,,77940000000,59924000000,0.712,933.08,55460000000,7877000000,-4634000000,-3241000000,19656000000,,0.502,,,,,,true,false,12,2023-04-01,2024-03-31,-1
2025-05-09,34330,2026-03-31,,28000000000,0.083,,,,,6300000000,0.170,6300000000,0.141,,4040000000,,67.95,,,,,,,,,,,,,,,,,,,,,,true,true,6,2025-04-01,2025-09-30,1
2025-05-09,34330,2026-03-31,,57000000000,0.051,,,,,13000000000,0.059,13000000000,0.035,,8330000000,,140.11,,,,,,,,,,,,,,,,0.500,,,,,,true,true,12,2025-04-01,2026-03-31,1
2025-05-09,34330,2025-03-31,,43724000000,0.151,,,,,8725000000,0.286,9525000000,0.209,6387000000,,0.092,107.45,,,,,,64731000000,51920000000,0.802,873.28,51920000000,,,,,68.00,,,,61200000,1744662,59449007,false,false,12,2024-04-01,2025-03-31,0
2025-05-09,34330,2024-03-31,,37977000000,-0.055,,,,,6783000000,-0.207,7877000000,-0.166,5850000000,,-0.147,97.58,,,,,,64264000000,48950000000,0.762,823.56,48950000000,,,,,53.00,,,,61200000,1762426,59955042,false,false,12,2023-04-01,2024-03-31,-1
2025-05-09,34330,2026-03-31,,,,,,,,,,,,,,,,,,,,,,,,,,,,,,70.00,,,,,,,false,true,12,2025-04-01,2026-03-31,1
