filing_date,code,fiscal_year_end,quarterly_period,net_sales,net_sales_change,revenue,revenue_change,operating_revenue,operating_revenue_change,operating_profit,operating_profit_change,ordinary_profit,ordinary_profit_change,net_income,net_income_of_parent,net_income_change,eps,diluted_eps,roe,roa,operating_profit_to_net_sales,operating_profit_to_revenue,total_assets,net_assets,equity_ratio,bps,owner_equity,operating_cash_flow,investing_cash_flow,financing_cash_flow,cash,dividend_per_share,payout_ratio,commemorative_dividend,extra_dividend,number_of_shares,number_of_treqsury_shares,avg_number_of_shares,is_consolidated,is_forecast,duration,period_start,period_end,period_pos
2015-05-15,35120,2015-03-31,,11610000000,-0.007,,,,,776000000,-0.021,928000000,-0.057,561000000,,-0.027,28.35,,0.036,0.042,0.067,,22176000000,16000000000,0.705,799.76,15629000000,928000000,-31000000,-796000000,3548000000,,0.459,,,,,,true,false,12,2014-04-01,2015-03-31,0
2015-05-15,35120,2014-03-31,,11689000000,0.044,,,,,792000000,0.241,985000000,0.139,577000000,,0.122,29.09,,0.039,0.044,0.068,,22553000000,15497000000,0.672,764.21,15163000000,1646000000,-1250000000,-939000000,3428000000,,0.413,,,,,,true,false,12,2013-04-01,2014-03-31,-1
2015-05-15,35120,2016-03-31,,6050000000,0.034,,,,,580000000,0.266,580000000,0.036,,380000000,,19.45,,,,,,,,,,,,,,,,,,,,,,true,true,6,2015-04-01,2015-09-30,1
2015-05-15,35120,2016-03-31,,12100000000,0.042,,,,,1190000000,0.533,1240000000,0.335,,810000000,,41.45,,,,,,,,,,,,,,,,0.314,,,,,,true,true,12,2015-04-01,2016-03-31,1
2015-05-15,35120,2015-03-31,,10560000000,-0.015,,,,,667000000,-0.032,843000000,-0.074,525000000,,-0.026,26.50,,,,,,20235000000,14689000000,0.726,751.68,14689000000,,,,,13.00,,,,19842089,300000,19812936,false,false,12,2014-04-01,2015-03-31,0
2015-05-15,35120,2014-03-31,,10716000000,0.030,,,,,689000000,0.195,910000000,0.111,539000000,,0.082,27.17,,,,,,20809000000,14431000000,0.693,727.32,14431000000,,,,,12.00,,,,20842459,1000370,19842167,false,false,12,2013-04-01,2014-03-31,-1
2015-05-15,35120,2016-03-31,,5500000000,0.035,,,,,490000000,0.311,520000000,0.030,350000000,,-0.054,17.91,,,,,,,,,,,,,,,,,,,,,,false,true,6,2015-04-01,2015-09-30,1
2015-05-15,35120,2016-03-31,,11000000000,0.042,,,,,1000000000,0.499,1090000000,0.293,720000000,,0.371,36.84,,,,,,,,,,,,,,,13.00,,,,,,,false,true,12,2015-04-01,2016-03-31,1
2015-07-31,35120,2016-03-31,1,2954000000,0.003,,,,,264000000,0.086,297000000,-0.113,,198000000,,10.16,,,,,,22637000000,16583000000,0.716,829.58,16211000000,,,,,,,,,,,,true,false,3,2015-04-01,2015-06-30,0
2015-07-31,35120,2015-03-31,1,2946000000,0.059,,,,,243000000,1.430,335000000,0.651,,218000000,,10.99,,,,,,,,,,,,,,,,,,,,,,true,false,3,2014-04-01,2014-06-30,-1
2015-07-31,35120,2016-03-31,1,6050000000,0.034,,,,,580000000,0.266,580000000,0.036,,380000000,,19.45,,,,,,,,,,,,,,,,,,,,,,true,true,6,2015-04-01,2015-09-30,0
2015-07-31,35120,2016-03-31,1,12100000000,0.042,,,,,1190000000,0.533,1240000000,0.335,,810000000,,41.45,,,,,,,,,,,,,,,,,,,,,,true,true,12,2015-04-01,2016-03-31,0
2015-07-31,35120,2015-03-31,1,,,,,,,,,,,,,,,,,,,,22176000000,16000000000,0.705,799.76,15629000000,,,,,,,,,,,,true,false,12,2014-04-01,2015-03-31,-1
2015-07-31,35120,2015-03-31,1,,,,,,,,,,,,,,,,,,,,,,,,,,,,,13.00,,,,19842089,300000,,false,false,12,2014-04-01,2015-03-31,-1
2015-07-31,35120,2016-03-31,1,,,,,,,,,,,,,,,,,,,,,,,,,,,,,13.00,,,,,,,false,true,12,2015-04-01,2016-03-31,0
2015-07-31,35120,2016-03-31,1,,,,,,,,,,,,,,,,,,,,,,,,,,,,,,,,,19842089,300000,19542089,false,false,3,2015-04-01,2015-06-30,0
2015-07-31,35120,2015-03-31,1,,,,,,,,,,,,,,,,,,,,,,,,,,,,,,,,,,,19842089,false,false,3,2014-04-01,2014-06-30,-1
2015-10-30,35120,2016-03-31,2,5861000000,0.001,,,,,469000000,0.024,482000000,-0.138,,323000000,,16.54,,,,,,22225000000,16188000000,0.711,808.82,15806000000,,,,,,,,,,,,true,false,6,2015-04-01,2015-09-30,0
2015-10-30,35120,2015-03-31,2,5853000000,0.023,,,,,458000000,0.327,560000000,0.186,,399000000,,20.12,,,,,,,,,,,,,,,,,,,,,,true,false,6,2014-04-01,2014-09-30,-1
2015-10-30,35120,2016-03-31,2,11910000000,0.026,,,,,1020000000,0.314,1090000000,0.173,,730000000,,37.36,,,,,,,,,,,,,,,,,,,,,,true,true,12,2015-04-01,2016-03-31,0
2015-10-30,35120,2015-03-31,2,,,,,,,,,,,,,,,,,,,,22176000000,16000000000,0.705,799.76,15629000000,,,,,,,,,,,,true,false,12,2014-04-01,2015-03-31,-1
2015-10-30,35120,2015-03-31,2,,,,,,,,,,,,,,,,,,,,,,,,,,,,,13.00,,,,19842089,300000,,false,false,12,2014-04-01,2015-03-31,-1
2015-10-30,35120,2016-03-31,2,,,,,,,,,,,,,,,,,,,,,,,,,,,,,6.00,,,,,,,false,false,12,2015-04-01,2016-03-31,0
2015-10-30,35120,2016-03-31,2,,,,,,,,,,,,,,,,,,,,,,,,,,,,,13.00,,,,,,,false,true,12,2015-04-01,2016-03-31,0
2015-10-30,35120,2016-03-31,2,,,,,,,,,,,,,,,,,,,,,,,,,,,,,,,,,19842089,300010,19542085,false,false,6,2015-04-01,2015-09-30,0
2015-10-30,35120,2015-03-31,2,,,,,,,,,,,,,,,,,,,,,,,,,,,,,,,,,,,19842089,false,false,6,2014-04-01,2014-09-30,-1
2016-01-29,35120,2016-03-31,3,8691000000,-0.010,,,,,664000000,0.001,760000000,-0.109,,504000000,,25.79,,,,,,22231000000,16363000000,0.720,818.91,16003000000,,,,,,,,,,,,true,false,9,2015-04-01,2015-12-31,0
2016-01-29,35120,2015-03-31,3,8780000000,0.017,,,,,664000000,0.174,853000000,0.126,,590000000,,29.75,,,,,,,,,,,,,,,,,,,,,,true,false,9,2014-04-01,2014-12-31,-1
2016-01-29,35120,2016-03-31,3,11910000000,0.026,,,,,1020000000,0.314,1090000000,0.173,,730000000,,37.36,,,,,,,,,,,,,,,,,,,,,,true,true,12,2015-04-01,2016-03-31,0
2016-01-29,35120,2015-03-31,3,,,,,,,,,,,,,,,,,,,,22176000000,16000000000,0.705,799.76,15629000000,,,,,,,,,,,,true,false,12,2014-04-01,2015-03-31,-1
2016-01-29,35120,2015-03-31,3,,,,,,,,,,,,,,,,,,,,,,,,,,,,,13.00,,,,19842089,300000,,false,false,12,2014-04-01,2015-03-31,-1
2016-01-29,35120,2016-03-31,3,,,,,,,,,,,,,,,,,,,,,,,,,,,,,6.00,,,,,,,false,false,12,2015-04-01,2016-03-31,0
2016-01-29,35120,2016-03-31,3,,,,,,,,,,,,,,,,,,,,,,,,,,,,,13.00,,,,,,,false,true,12,2015-04-01,2016-03-31,0
2016-01-29,35120,2016-03-31,3,,,,,,,,,,,,,,,,,,,,,,,,,,,,,,,,,19842089,300010,19542083,false,false,9,2015-04-01,2015-12-31,0
2016-01-29,35120,2015-03-31,3,,,,,,,,,,,,,,,,,,,,,,,,,,,,,,,,,,,19842089,false,false,9,2014-04-01,2014-12-31,-1
2016-05-13,35120,2016-03-31,,11589000000,-0.002,,,,,842000000,0.086,928000000,-0.000,,563000000,,28.85,,0.036,0.042,0.073,,21985000000,15671000000,0.696,783.38,15308000000,1366000000,-528000000,-439000000,3941000000,,0.451,,,,,,true,false,12,2015-04-01,2016-03-31,0
2016-05-13,35120,2015-03-31,,11610000000,-0.007,,,,,776000000,-0.021,928000000,-0.057,,561000000,,28.35,,0.036,0.042,0.067,,22176000000,16000000000,0.705,799.76,15629000000,928000000,-31000000,-796000000,3548000000,,0.459,,,,,,true,false,12,2014-04-01,2015-03-31,-1
2016-05-13,35120,2017-03-31,,5880000000,0.003,,,,,440000000,-0.062,480000000,-0.005,,320000000,,16.37,,,,,,,,,,,,,,,,,,,,,,true,true,6,2016-04-01,2016-09-30,1
2016-05-13,35120,2017-03-31,,11820000000,0.020,,,,,910000000,0.080,990000000,0.066,,650000000,,33.26,,,,,,,,,,,,,,,,0.391,,,,,,true,true,12,2016-04-01,2017-03-31,1
2016-05-13,35120,2016-03-31,,10529000000,-0.003,,,,,753000000,0.129,859000000,0.019,535000000,,0.019,27.38,,,,,,20120000000,14468000000,0.719,740.39,14468000000,,,,,13.00,,,,19842089,300010,19542082,false,false,12,2015-04-01,2016-03-31,0
2016-05-13,35120,2015-03-31,,10560000000,-0.015,,,,,667000000,-0.032,843000000,-0.074,525000000,,-0.026,26.50,,,,,,20235000000,14689000000,0.726,751.68,14689000000,,,,,13.00,,,,19842089,300000,19812936,false,false,12,2014-04-01,2015-03-31,-1
2016-05-13,35120,2017-03-31,,5420000000,0.023,,,,,370000000,-0.114,450000000,-0.057,310000000,,-0.051,15.86,,,,,,,,,,,,,,,,,,,,,,false,true,6,2016-04-01,2016-09-30,1
2016-05-13,35120,2017-03-31,,10830000000,0.029,,,,,750000000,-0.004,880000000,0.024,610000000,,0.140,31.21,,,,,,,,,,,,,,,13.00,,,,,,,false,true,12,2016-04-01,2017-03-31,1
2016-07-29,35120,2017-03-31,1,2732000000,-0.075,,,,,144000000,-0.455,175000000,-0.411,,112000000,,5.80,,,,,,21031000000,15255000000,0.709,771.22,14917000000,,,,,,,,,,,,true,false,3,2016-04-01,2016-06-30,0
2016-07-29,35120,2016-03-31,1,2954000000,0.003,,,,,264000000,0.086,297000000,-0.113,,198000000,,10.16,,,,,,,,,,,,,,,,,,,,,,true,false,3,2015-04-01,2015-06-30,-1
2016-07-29,35120,2017-03-31,1,5880000000,0.003,,,,,440000000,-0.062,480000000,-0.005,,320000000,,16.37,,,,,,,,,,,,,,,,,,,,,,true,true,6,2016-04-01,2016-09-30,0
2016-07-29,35120,2017-03-31,1,11820000000,0.020,,,,,910000000,0.080,990000000,0.066,,650000000,,33.26,,,,,,,,,,,,,,,,,,,,,,true,true,12,2016-04-01,2017-03-31,0
2016-07-29,35120,2016-03-31,1,,,,,,,,,,,,,,,,,,,,21985000000,15671000000,0.696,783.38,15308000000,,,,,,,,,,,,true,false,12,2015-04-01,2016-03-31,-1
2016-07-29,35120,2016-03-31,1,,,,,,,,,,,,,,,,,,,,,,,,,,,,,13.00,,,,19842089,300010,,false,false,12,2015-04-01,2016-03-31,-1
2016-07-29,35120,2017-03-31,1,,,,,,,,,,,,,,,,,,,,,,,,,,,,,13.00,,,,,,,false,true,12,2016-04-01,2017-03-31,0
2016-07-29,35120,2017-03-31,1,,,,,,,,,,,,,,,,,,,,,,,,,,,,,,,,,19842089,498810,19482630,false,false,3,2016-04-01,2016-06-30,0
2016-07-29,35120,2016-03-31,1,,,,,,,,,,,,,,,,,,,,,,,,,,,,,,,,,,,19542089,false,false,3,2015-04-01,2015-06-30,-1
2016-10-28,35120,2017-03-31,,5500000000,-0.065,,,,,280000000,-0.364,330000000,-0.313,,200000000,,10.32,,,,,,,,,,,,,,,,,,,,,,true,true,6,2016-04-01,2016-09-30,0
2016-10-28,35120,2016-03-31,,5861000000,,,,,,469000000,,482000000,,,323000000,,16.54,,,,,,,,,,,,,,,,,,,,,,true,false,6,2015-04-01,2015-09-30,-1
2016-10-28,35120,2017-03-31,,11270000000,-0.047,,,,,690000000,-0.242,780000000,-0.212,,500000000,,25.79,,,,,,,,,,,,,,,,,,,,,,true,true,12,2016-04-01,2017-03-31,0
2016-10-28,35120,2016-03-31,,11589000000,,,,,,842000000,,928000000,,,563000000,,28.85,,,,,,,,,,,,,,,,,,,,,,true,false,12,2015-04-01,2016-03-31,-1
2016-10-28,35120,2017-03-31,,5100000000,-0.059,,,,,220000000,-0.405,300000000,-0.333,180000000,,-0.419,9.29,,,,,,,,,,,,,,,,,,,,,,false,true,6,2016-04-01,2016-09-30,0
2016-10-28,35120,2016-03-31,,5297000000,,,,,,417000000,,477000000,,326000000,,,16.72,,,,,,,,,,,,,,,,,,,,,,false,false,6,2015-04-01,2015-09-30,-1
2016-10-28,35120,2017-03-31,,10460000000,-0.034,,,,,610000000,-0.187,750000000,-0.148,490000000,,-0.197,25.28,,,,,,,,,,,,,,,,,,,,,,false,true,12,2016-04-01,2017-03-31,0
2016-10-28,35120,2016-03-31,,10529000000,,,,,,753000000,,859000000,,535000000,,,27.38,,,,,,,,,,,,,,,,,,,,,,false,false,12,2015-04-01,2016-03-31,-1
2016-10-31,35120,2017-03-31,2,5508000000,-0.060,,,,,287000000,-0.387,331000000,-0.313,,199000000,,10.28,,,,,,20914000000,15426000000,0.723,785.53,15115000000,,,,,,,,,,,,true,false,6,2016-04-01,2016-09-30,0
2016-10-31,35120,2016-03-31,2,5861000000,0.001,,,,,469000000,0.024,482000000,-0.138,,323000000,,16.54,,,,,,,,,,,,,,,,,,,,,,true,false,6,2015-04-01,2015-09-30,-1
2016-10-31,35120,2017-03-31,2,11270000000,-0.028,,,,,690000000,-0.181,780000000,-0.160,,500000000,,25.79,,,,,,,,,,,,,,,,,,,,,,true,true,12,2016-04-01,2017-03-31,0
2016-10-31,35120,2016-03-31,2,,,,,,,,,,,,,,,,,,,,21985000000,15671000000,0.696,783.38,15308000000,,,,,,,,,,,,true,false,12,2015-04-01,2016-03-31,-1
2016-10-31,35120,2016-03-31,2,,,,,,,,,,,,,,,,,,,,,,,,,,,,,13.00,,,,19842089,300010,,false,false,12,2015-04-01,2016-03-31,-1
2016-10-31,35120,2017-03-31,2,,,,,,,,,,,,,,,,,,,,,,,,,,,,,6.00,,,,,,,false,false,12,2016-04-01,2017-03-31,0
2016-10-31,35120,2017-03-31,2,,,,,,,,,,,,,,,,,,,,,,,,,,,,,13.00,,,,,,,false,true,12,2016-04-01,2017-03-31,0
2016-10-31,35120,2017-03-31,2,,,,,,,,,,,,,,,,,,,,,,,,,,,,,,,,,19842089,600010,19385087,false,false,6,2016-04-01,2016-09-30,0
2016-10-31,35120,2016-03-31,2,,,,,,,,,,,,,,,,,,,,,,,,,,,,,,,,,,,19542085,false,false,6,2015-04-01,2015-09-30,-1
2017-01-31,35120,2017-03-31,3,8241000000,-0.052,,,,,498000000,-0.250,631000000,-0.169,,417000000,,21.57,,,,,,21590000000,16121000000,0.732,821.89,15814000000,,,,,,,,,,,,true,false,9,2016-04-01,2016-12-31,0
2017-01-31,35120,2016-03-31,3,8691000000,-0.010,,,,,664000000,0.001,760000000,-0.109,,504000000,,25.79,,,,,,,,,,,,,,,,,,,,,,true,false,9,2015-04-01,2015-12-31,-1
2017-01-31,35120,2017-03-31,3,11270000000,-0.028,,,,,690000000,-0.181,780000000,-0.160,,500000000,,25.79,,,,,,,,,,,,,,,,,,,,,,true,true,12,2016-04-01,2017-03-31,0
2017-01-31,35120,2016-03-31,3,,,,,,,,,,,,,,,,,,,,21985000000,15671000000,0.696,783.38,15308000000,,,,,,,,,,,,true,false,12,2015-04-01,2016-03-31,-1
2017-01-31,35120,2016-03-31,3,,,,,,,,,,,,,,,,,,,,,,,,,,,,,13.00,,,,19842089,300010,,false,false,12,2015-04-01,2016-03-31,-1
2017-01-31,35120,2017-03-31,3,,,,,,,,,,,,,,,,,,,,,,,,,,,,,6.00,,,,,,,false,false,12,2016-04-01,2017-03-31,0
2017-01-31,35120,2017-03-31,3,,,,,,,,,,,,,,,,,,,,,,,,,,,,,13.00,,,,,,,false,true,12,2016-04-01,2017-03-31,0
2017-01-31,35120,2017-03-31,3,,,,,,,,,,,,,,,,,,,,,,,,,,,,,,,,,19842089,600010,19337244,false,false,9,2016-04-01,2016-12-31,0
2017-01-31,35120,2016-03-31,3,,,,,,,,,,,,,,,,,,,,,,,,,,,,,,,,,,,19542083,false,false,9,2015-04-01,2015-12-31,-1
2017-05-15,35120,2017-03-31,,11080000000,-0.044,,,,,638000000,-0.242,794000000,-0.145,,504000000,,26.14,,0.032,0.036,0.058,,22030000000,16397000000,0.730,835.51,16076000000,1038000000,-1047000000,-586000000,3329000000,,0.574,,,,,,true,false,12,2016-04-01,2017-03-31,0
2017-05-15,35120,2016-03-31,,11589000000,-0.002,,,,,842000000,0.086,928000000,-0.000,,563000000,,28.85,,0.036,0.042,0.073,,21985000000,15671000000,0.696,783.38,15308000000,1366000000,-528000000,-439000000,3941000000,,0.451,,,,,,true,false,12,2015-04-01,2016-03-31,-1
2017-05-15,35120,2018-03-31,,5700000000,0.035,,,,,350000000,0.218,400000000,0.206,,250000000,,12.99,,,,,,,,,,,,,,,,,,,,,,true,true,6,2017-04-01,2017-09-30,1
2017-05-15,35120,2018-03-31,,11500000000,0.038,,,,,740000000,0.159,820000000,0.032,,530000000,,27.54,,,,,,,,,,,,,,,,0.472,,,,,,true,true,12,2017-04-01,2018-03-31,1
2017-05-15,35120,2017-03-31,,10281000000,-0.024,,,,,603000000,-0.199,797000000,-0.072,548000000,,0.025,28.41,,,,,,20447000000,15215000000,0.744,790.74,15215000000,,,,,15.00,,,,19842089,600010,19313779,false,false,12,2016-04-01,2017-03-31,0
2017-05-15,35120,2016-03-31,,10529000000,-0.003,,,,,753000000,0.129,859000000,0.019,535000000,,0.019,27.38,,,,,,20120000000,14468000000,0.719,740.39,14468000000,,,,,13.00,,,,19842089,300010,19542082,false,false,12,2015-04-01,2016-03-31,-1
2017-05-15,35120,2018-03-31,,,,,,,,,,,,,,,,,,,,,,,,,,,,,,13.00,,,,,,,false,true,12,2017-04-01,2018-03-31,1
2017-07-31,35120,2018-03-31,1,2816000000,0.031,,,,,170000000,0.185,239000000,0.364,,154000000,,8.03,,,,,,22125000000,16630000000,0.737,847.74,16312000000,,,,,,,,,,,,true,false,3,2017-04-01,2017-06-30,0
2017-07-31,35120,2017-03-31,1,2732000000,-0.075,,,,,144000000,-0.455,175000000,-0.411,,112000000,,5.80,,,,,,,,,,,,,,,,,,,,,,true,false,3,2016-04-01,2016-06-30,-1
2017-07-31,35120,2018-03-31,1,5700000000,0.035,,,,,350000000,0.218,400000000,0.206,,250000000,,12.99,,,,,,,,,,,,,,,,,,,,,,true,true,6,2017-04-01,2017-09-30,0
2017-07-31,35120,2018-03-31,1,11500000000,0.038,,,,,740000000,0.159,820000000,0.032,,530000000,,27.54,,,,,,,,,,,,,,,,,,,,,,true,true,12,2017-04-01,2018-03-31,0
2017-07-31,35120,2017-03-31,1,,,,,,,,,,,,,,,,,,,,22030000000,16397000000,0.730,835.51,16076000000,,,,,,,,,,,,true,false,12,2016-04-01,2017-03-31,-1
2017-07-31,35120,2017-03-31,1,,,,,,,,,,,,,,,,,,,,,,,,,,,,,15.00,,,,19842089,600010,,false,false,12,2016-04-01,2017-03-31,-1
2017-07-31,35120,2018-03-31,1,,,,,,,,,,,,,,,,,,,,,,,,,,,,,13.00,,,,,,,false,true,12,2017-04-01,2018-03-31,0
2017-07-31,35120,2018-03-31,1,,,,,,,,,,,,,,,,,,,,,,,,,,,,,,,,,19842089,600010,19242079,false,false,3,2017-04-01,2017-06-30,0
2017-07-31,35120,2017-03-31,1,,,,,,,,,,,,,,,,,,,,,,,,,,,,,,,,,,,19482630,false,false,3,2016-04-01,2016-06-30,-1
2017-10-31,35120,2018-03-31,2,5634000000,0.023,,,,,302000000,0.053,378000000,0.140,,249000000,,12.95,,,,,,22233000000,16684000000,0.736,850.73,16369000000,,,,,,,,,,,,true,false,6,2017-04-01,2017-09-30,0
2017-10-31,35120,2017-03-31,2,5508000000,-0.060,,,,,287000000,-0.387,331000000,-0.313,,199000000,,10.28,,,,,,,,,,,,,,,,,,,,,,true,false,6,2016-04-01,2016-09-30,-1
2017-10-31,35120,2018-03-31,2,11500000000,0.038,,,,,740000000,0.159,820000000,0.032,,530000000,,27.54,,,,,,,,,,,,,,,,,,,,,,true,true,12,2017-04-01,2018-03-31,0
2017-10-31,35120,2017-03-31,2,,,,,,,,,,,,,,,,,,,,22030000000,16397000000,0.730,835.51,16076000000,,,,,,,,,,,,true,false,12,2016-04-01,2017-03-31,-1
2017-10-31,35120,2017-03-31,2,,,,,,,,,,,,,,,,,,,,,,,,,,,,,15.00,,,,19842089,600010,,false,false,12,2016-04-01,2017-03-31,-1
2017-10-31,35120,2018-03-31,2,,,,,,,,,,,,,,,,,,,,,,,,,,,,,6.00,,,,,,,false,false,12,2017-04-01,2018-03-31,0
2017-10-31,35120,2018-03-31,2,,,,,,,,,,,,,,,,,,,,,,,,,,,,,13.00,,,,,,,false,true,12,2017-04-01,2018-03-31,0
2017-10-31,35120,2018-03-31,2,,,,,,,,,,,,,,,,,,,,,,,,,,,,,,,,,19842089,600010,19242079,false,false,6,2017-04-01,2017-09-30,0
2017-10-31,35120,2017-03-31,2,,,,,,,,,,,,,,,,,,,,,,,,,,,,,,,,,,,19385087,false,false,6,2016-04-01,2016-09-30,-1
2018-01-31,35120,2018-03-31,3,8436000000,0.024,,,,,508000000,0.020,653000000,0.035,,442000000,,22.99,,,,,,22618000000,17125000000,0.743,873.56,16809000000,,,,,,,,,,,,true,false,9,2017-04-01,2017-12-31,0
2018-01-31,35120,2017-03-31,3,8241000000,-0.052,,,,,498000000,-0.250,631000000,-0.169,,417000000,,21.57,,,,,,,,,,,,,,,,,,,,,,true,false,9,2016-04-01,2016-12-31,-1
2018-01-31,35120,2018-03-31,3,11500000000,0.038,,,,,740000000,0.159,820000000,0.032,,530000000,,27.54,,,,,,,,,,,,,,,,,,,,,,true,true,12,2017-04-01,2018-03-31,0
2018-01-31,35120,2017-03-31,3,,,,,,,,,,,,,,,,,,,,22030000000,16397000000,0.730,835.51,16076000000,,,,,,,,,,,,true,false,12,2016-04-01,2017-03-31,-1
2018-01-31,35120,2017-03-31,3,,,,,,,,,,,,,,,,,,,,,,,,,,,,,15.00,,,,19842089,600010,,false,false,12,2016-04-01,2017-03-31,-1
2018-01-31,35120,2018-03-31,3,,,,,,,,,,,,,,,,,,,,,,,,,,,,,6.00,,,,,,,false,false,12,2017-04-01,2018-03-31,0
2018-01-31,35120,2018-03-31,3,,,,,,,,,,,,,,,,,,,,,,,,,,,,,13.00,,,,,,,false,true,12,2017-04-01,2018-03-31,0
2018-01-31,35120,2018-03-31,3,,,,,,,,,,,,,,,,,,,,,,,,,,,,,,,,,19842089,600010,19242079,false,false,9,2017-04-01,2017-12-31,0
2018-01-31,35120,2017-03-31,3,,,,,,,,,,,,,,,,,,,,,,,,,,,,,,,,,,,19337244,false,false,9,2016-04-01,2016-12-31,-1
2018-05-15,35120,2018-03-31,,11368000000,0.026,,,,,759000000,0.189,904000000,0.138,,582000000,,30.28,,0.036,0.040,0.067,,22819000000,17004000000,0.732,867.65,16695000000,1062000000,-508000000,-416000000,3472000000,,0.429,,,,,,true,false,12,2017-04-01,2018-03-31,0
2018-05-15,35120,2017-03-31,,11080000000,-0.044,,,,,638000000,-0.242,794000000,-0.145,,504000000,,26.14,,0.032,0.036,0.058,,22030000000,16397000000,0.730,835.51,16076000000,1038000000,-1047000000,-586000000,3329000000,,0.574,,,,,,true,false,12,2016-04-01,2017-03-31,-1
2018-05-15,35120,2019-03-31,,5850000000,0.038,,,,,310000000,0.024,440000000,0.164,,300000000,,15.59,,,,,,,,,,,,,,,,,,,,,,true,true,6,2018-04-01,2018-09-30,1
2018-05-15,35120,2019-03-31,,11700000000,0.029,,,,,720000000,-0.052,980000000,0.084,,660000000,,34.30,,,,,,,,,,,,,,,,0.379,,,,,,true,true,12,2018-04-01,2019-03-31,1
2018-05-15,35120,2018-03-31,,10482000000,0.020,,,,,733000000,0.215,916000000,0.149,596000000,,0.087,31.00,,,,,,21281000000,15850000000,0.745,823.73,15850000000,,,,,13.00,,,,19842089,600010,19242079,false,false,12,2017-04-01,2018-03-31,0
2018-05-15,35120,2017-03-31,,10281000000,-0.024,,,,,603000000,-0.199,797000000,-0.072,548000000,,0.025,28.41,,,,,,20447000000,15215000000,0.744,790.74,15215000000,,,,,15.00,,,,19842089,600010,19313779,false,false,12,2016-04-01,2017-03-31,-1
2018-05-15,35120,2019-03-31,,,,,,,,,,,,,,,,,,,,,,,,,,,,,,13.00,,,,,,,false,true,12,2018-04-01,2019-03-31,1
2018-07-31,35120,2019-03-31,1,2744000000,-0.026,,,,,150000000,-0.116,267000000,0.119,,179000000,,9.34,,,,,,22271000000,16920000000,0.747,864.16,16628000000,,,,,,,,,,,,true,false,3,2018-04-01,2018-06-30,0
2018-07-31,35120,2018-03-31,1,2816000000,0.031,,,,,170000000,0.185,239000000,0.364,,154000000,,8.03,,,,,,,,,,,,,,,,,,,,,,true,false,3,2017-04-01,2017-06-30,-1
2018-07-31,35120,2019-03-31,1,5850000000,0.038,,,,,310000000,0.024,440000000,0.164,,300000000,,15.59,,,,,,,,,,,,,,,,,,,,,,true,true,6,2018-04-01,2018-09-30,0
2018-07-31,35120,2019-03-31,1,11700000000,0.029,,,,,720000000,-0.052,980000000,0.084,,660000000,,34.30,,,,,,,,,,,,,,,,,,,,,,true,true,12,2018-04-01,2019-03-31,0
2018-07-31,35120,2018-03-31,1,,,,,,,,,,,,,,,,,,,,22619000000,17004000000,0.738,867.65,16695000000,,,,,,,,,,,,true,false,12,2017-04-01,2018-03-31,-1
2018-07-31,35120,2018-03-31,1,,,,,,,,,,,,,,,,,,,,,,,,,,,,,13.00,,,,19842089,600010,,false,false,12,2017-04-01,2018-03-31,-1
2018-07-31,35120,2019-03-31,1,,,,,,,,,,,,,,,,,,,,,,,,,,,,,13.00,,,,,,,false,true,12,2018-04-01,2019-03-31,0
2018-07-31,35120,2019-03-31,1,,,,,,,,,,,,,,,,,,,,,,,,,,,,,,,,,19842089,600010,19242079,false,false,3,2018-04-01,2018-06-30,0
2018-07-31,35120,2018-03-31,1,,,,,,,,,,,,,,,,,,,,,,,,,,,,,,,,,,,19242079,false,false,3,2017-04-01,2017-06-30,-1
2018-10-31,35120,2019-03-31,2,5536000000,-0.018,,,,,270000000,-0.105,433000000,0.146,,302000000,,15.71,,,,,,22798000000,17285000000,0.745,881.42,16991000000,,,,,,,,,,,,true,false,6,2018-04-01,2018-09-30,0
2018-10-31,35120,2018-03-31,2,5634000000,0.023,,,,,302000000,0.053,378000000,0.140,,249000000,,12.95,,,,,,,,,,,,,,,,,,,,,,true,false,6,2017-04-01,2017-09-30,-1
2018-10-31,35120,2019-03-31,2,11370000000,,,,,,500000000,-0.342,760000000,-0.160,,530000000,,27.53,,,,,,,,,,,,,,,,,,,,,,true,true,12,2018-04-01,2019-03-31,0
2018-10-31,35120,2018-03-31,2,,,,,,,,,,,,,,,,,,,,22619000000,17004000000,0.738,867.65,16695000000,,,,,,,,,,,,true,false,12,2017-04-01,2018-03-31,-1
2018-10-31,35120,2018-03-31,2,,,,,,,,,,,,,,,,,,,,,,,,,,,,,13.00,,,,19842089,600010,,false,false,12,2017-04-01,2018-03-31,-1
2018-10-31,35120,2019-03-31,2,,,,,,,,,,,,,,,,,,,,,,,,,,,,,6.00,,,,,,,false,false,12,2018-04-01,2019-03-31,0
2018-10-31,35120,2019-03-31,2,,,,,,,,,,,,,,,,,,,,,,,,,,,,,13.00,,,,,,,false,true,12,2018-04-01,2019-03-31,0
2018-10-31,35120,2019-03-31,2,,,,,,,,,,,,,,,,,,,,,,,,,,,,,,,,,19842089,564410,19254919,false,false,6,2018-04-01,2018-09-30,0
2018-10-31,35120,2018-03-31,2,,,,,,,,,,,,,,,,,,,,,,,,,,,,,,,,,,,19242079,false,false,6,2017-04-01,2017-09-30,-1
2018-10-31,35120,2019-03-31,,11370000000,-0.028,,,,,500000000,-0.306,760000000,-0.224,,530000000,,27.53,,,,,,,,,,,,,,,,,,,,,,true,true,12,2018-04-01,2019-03-31,0
2018-10-31,35120,2018-03-31,,11368000000,,,,,,759000000,,904000000,,,582000000,,30.28,,,,,,,,,,,,,,,,,,,,,,true,false,12,2017-04-01,2018-03-31,-1
2019-01-31,35120,2019-03-31,3,8438000000,,,,,,406000000,-0.202,662000000,0.014,,468000000,,24.30,,,,,,21565000000,16526000000,0.752,841.38,16219000000,,,,,,,,,,,,true,false,9,2018-04-01,2018-12-31,0
2019-01-31,35120,2018-03-31,3,8436000000,0.024,,,,,508000000,0.020,653000000,0.035,,442000000,,22.99,,,,,,,,,,,,,,,,,,,,,,true,false,9,2017-04-01,2017-12-31,-1
2019-01-31,35120,2019-03-31,3,11370000000,,,,,,500000000,-0.342,760000000,-0.160,,530000000,,27.53,,,,,,,,,,,,,,,,,,,,,,true,true,12,2018-04-01,2019-03-31,0
2019-01-31,35120,2018-03-31,3,,,,,,,,,,,,,,,,,,,,22619000000,17004000000,0.738,867.65,16695000000,,,,,,,,,,,,true,false,12,2017-04-01,2018-03-31,-1
2019-01-31,35120,2018-03-31,3,,,,,,,,,,,,,,,,,,,,,,,,,,,,,13.00,,,,19842089,600010,,false,false,12,2017-04-01,2018-03-31,-1
2019-01-31,35120,2019-03-31,3,,,,,,,,,,,,,,,,,,,,,,,,,,,,,6.00,,,,,,,false,false,12,2018-04-01,2019-03-31,0
2019-01-31,35120,2019-03-31,3,,,,,,,,,,,,,,,,,,,,,,,,,,,,,13.00,,,,,,,false,true,12,2018-04-01,2019-03-31,0
2019-01-31,35120,2019-03-31,3,,,,,,,,,,,,,,,,,,,,,,,,,,,,,,,,,19842089,564430,19262532,false,false,9,2018-04-01,2018-12-31,0
2019-01-31,35120,2018-03-31,3,,,,,,,,,,,,,,,,,,,,,,,,,,,,,,,,,,,19242079,false,false,9,2017-04-01,2017-12-31,-1
2019-05-15,35120,2019-03-31,,11208000000,-0.014,,,,,453000000,-0.402,695000000,-0.231,,503000000,,26.15,,0.030,0.031,0.040,,21971000000,16709000000,0.747,850.99,16405000000,800000000,-1071000000,-396000000,2798000000,,0.497,,,,,,true,false,12,2018-04-01,2019-03-31,0
2019-05-15,35120,2018-03-31,,11368000000,0.026,,,,,759000000,0.189,904000000,0.138,,582000000,,30.28,,0.036,0.041,0.067,,22619000000,17004000000,0.738,867.65,16695000000,1062000000,-508000000,-416000000,3472000000,,0.429,,,,,,true,false,12,2017-04-01,2018-03-31,-1
2019-05-15,35120,2020-03-31,,5780000000,0.044,,,,,330000000,0.218,390000000,-0.100,,310000000,,16.05,,,,,,,,,,,,,,,,,,,,,,true,true,6,2019-04-01,2019-09-30,1
2019-05-15,35120,2020-03-31,,11570000000,0.032,,,,,700000000,0.542,810000000,0.165,,610000000,,31.58,,,,,,,,,,,,,,,,0.412,,,,,,true,true,12,2019-04-01,2020-03-31,1
2019-05-15,35120,2019-03-31,,10313000000,-0.016,,,,,378000000,-0.484,690000000,-0.247,505000000,,-0.152,26.24,,,,,,20506000000,15667000000,0.764,812.72,15667000000,,,,,13.00,,,,19842089,564430,19266262,false,false,12,2018-04-01,2019-03-31,0
2019-05-15,35120,2018-03-31,,10482000000,0.020,,,,,733000000,0.215,916000000,0.149,596000000,,0.087,31.00,,,,,,21081000000,15850000000,0.752,823.73,15850000000,,,,,13.00,,,,19842089,600010,19242079,false,false,12,2017-04-01,2018-03-31,-1
2019-05-15,35120,2020-03-31,,,,,,,,,,,,,,,,,,,,,,,,,,,,,,13.00,,,,,,,false,true,12,2019-04-01,2020-03-31,1
2019-07-31,35120,2020-03-31,1,2669000000,-0.055,,,,,73000000,-0.623,148000000,-0.446,,123000000,,6.43,,,,,,21425000000,16428000000,0.753,838.55,16129000000,,,,,,,,,,,,true,false,3,2019-04-01,2019-06-30,0
2019-07-31,35120,2019-03-31,1,2825000000,-0.024,,,,,195000000,-0.097,267000000,0.119,,179000000,,9.34,,,,,,,,,,,,,,,,,,,,,,true,false,3,2018-04-01,2018-06-30,-1
2019-07-31,35120,2020-03-31,1,5780000000,0.044,,,,,330000000,0.218,390000000,-0.100,,310000000,,16.05,,,,,,,,,,,,,,,,,,,,,,true,true,6,2019-04-01,2019-09-30,0
2019-07-31,35120,2020-03-31,1,11570000000,0.032,,,,,700000000,0.542,810000000,0.165,,610000000,,31.58,,,,,,,,,,,,,,,,,,,,,,true,true,12,2019-04-01,2020-03-31,0
2019-07-31,35120,2019-03-31,1,,,,,,,,,,,,,,,,,,,,21971000000,16709000000,0.747,850.99,16405000000,,,,,,,,,,,,true,false,12,2018-04-01,2019-03-31,-1
2019-07-31,35120,2019-03-31,1,,,,,,,,,,,,,,,,,,,,,,,,,,,,,13.00,,,,19842089,564430,,false,false,12,2018-04-01,2019-03-31,-1
2019-07-31,35120,2020-03-31,1,,,,,,,,,,,,,,,,,,,,,,,,,,,,,13.00,,,,,,,false,true,12,2019-04-01,2020-03-31,0
2019-07-31,35120,2020-03-31,1,,,,,,,,,,,,,,,,,,,,,,,,,,,,,,,,,19842089,607130,19267431,false,false,3,2019-04-01,2019-06-30,0
2019-07-31,35120,2019-03-31,1,,,,,,,,,,,,,,,,,,,,,,,,,,,,,,,,,,,19242079,false,false,3,2018-04-01,2018-06-30,-1
2019-10-30,35120,2020-03-31,,5430000000,-0.061,,,,,200000000,-0.394,290000000,-0.256,,220000000,,11.44,,,,,,,,,,,,,,,,,,,,,,true,true,6,2019-04-01,2019-09-30,0
2019-10-30,35120,2019-03-31,,5699000000,,,,,,362000000,,433000000,,,302000000,,15.71,,,,,,,,,,,,,,,,,,,,,,true,false,6,2018-04-01,2018-09-30,-1
2019-10-30,35120,2020-03-31,,11000000000,-0.049,,,,,510000000,-0.271,680000000,-0.160,,500000000,,26.29,,,,,,,,,,,,,,,,,,,,,,true,true,12,2019-04-01,2020-03-31,0
2019-10-30,35120,2019-03-31,,11542000000,,,,,,616000000,,695000000,,,503000000,,26.15,,,,,,,,,,,,,,,,,,,,,,true,false,12,2018-04-01,2019-03-31,-1
2019-10-31,35120,2020-03-31,2,5432000000,-0.047,,,,,206000000,-0.429,286000000,-0.339,,221000000,,11.51,,,,,,21385000000,16415000000,0.754,840.69,16120000000,,,,,,,,,,,,true,false,6,2019-04-01,2019-09-30,0
2019-10-31,35120,2019-03-31,2,5699000000,-0.016,,,,,362000000,-0.074,433000000,0.146,,302000000,,15.71,,,,,,,,,,,,,,,,,,,,,,true,false,6,2018-04-01,2018-09-30,-1
2019-10-31,35120,2020-03-31,2,11000000000,-0.047,,,,,510000000,-0.172,680000000,-0.022,,500000000,,26.29,,,,,,,,,,,,,,,,,,,,,,true,true,12,2019-04-01,2020-03-31,0
2019-10-31,35120,2019-03-31,2,,,,,,,,,,,,,,,,,,,,21971000000,16709000000,0.747,850.99,16405000000,,,,,,,,,,,,true,false,12,2018-04-01,2019-03-31,-1
2019-10-31,35120,2019-03-31,2,,,,,,,,,,,,,,,,,,,,,,,,,,,,,13.00,,,,19842089,564430,,false,false,12,2018-04-01,2019-03-31,-1
2019-10-31,35120,2020-03-31,2,,,,,,,,,,,,,,,,,,,,,,,,,,,,,6.00,,,,,,,false,false,12,2019-04-01,2020-03-31,0
2019-10-31,35120,2020-03-31,2,,,,,,,,,,,,,,,,,,,,,,,,,,,,,13.00,,,,,,,false,true,12,2019-04-01,2020-03-31,0
2019-10-31,35120,2020-03-31,2,,,,,,,,,,,,,,,,,,,,,,,,,,,,,,,,,19842089,667030,19235020,false,false,6,2019-04-01,2019-09-30,0
2019-10-31,35120,2019-03-31,2,,,,,,,,,,,,,,,,,,,,,,,,,,,,,,,,,,,19254919,false,false,6,2018-04-01,2018-09-30,-1
2020-01-31,35120,2020-03-31,3,8127000000,-0.064,,,,,325000000,-0.401,480000000,-0.275,,360000000,,18.76,,,,,,21529000000,16643000000,0.759,856.30,16343000000,,,,,,,,,,,,true,false,9,2019-04-01,2019-12-31,0
2020-01-31,35120,2019-03-31,3,8685000000,0.001,,,,,543000000,-0.155,662000000,0.014,,468000000,,24.30,,,,,,,,,,,,,,,,,,,,,,true,false,9,2018-04-01,2018-12-31,-1
2020-01-31,35120,2020-03-31,3,11000000000,-0.047,,,,,510000000,-0.172,680000000,-0.022,,500000000,,26.29,,,,,,,,,,,,,,,,,,,,,,true,true,12,2019-04-01,2020-03-31,0
2020-01-31,35120,2019-03-31,3,,,,,,,,,,,,,,,,,,,,21971000000,16709000000,0.747,850.99,16405000000,,,,,,,,,,,,true,false,12,2018-04-01,2019-03-31,-1
2020-01-31,35120,2019-03-31,3,,,,,,,,,,,,,,,,,,,,,,,,,,,,,13.00,,,,19842089,564430,,false,false,12,2018-04-01,2019-03-31,-1
2020-01-31,35120,2020-03-31,3,,,,,,,,,,,,,,,,,,,,,,,,,,,,,6.00,,,,,,,false,false,12,2019-04-01,2020-03-31,0
2020-01-31,35120,2020-03-31,3,,,,,,,,,,,,,,,,,,,,,,,,,,,,,13.00,,,,,,,false,true,12,2019-04-01,2020-03-31,0
2020-01-31,35120,2020-03-31,3,,,,,,,,,,,,,,,,,,,,,,,,,,,,,,,,,19842089,755930,19199393,false,false,9,2019-04-01,2019-12-31,0
2020-01-31,35120,2019-03-31,3,,,,,,,,,,,,,,,,,,,,,,,,,,,,,,,,,,,19262532,false,false,9,2018-04-01,2018-12-31,-1
2020-05-15,35120,2020-03-31,,10841000000,-0.061,,,,,428000000,-0.305,572000000,-0.176,,418000000,,21.86,,0.026,0.026,0.040,,21271000000,16055000000,0.740,827.97,15746000000,2060000000,-976000000,-530000000,3344000000,,0.595,,,,,,true,false,12,2019-04-01,2020-03-31,0
2020-05-15,35120,2019-03-31,,11542000000,-0.012,,,,,616000000,-0.343,695000000,-0.231,,503000000,,26.15,,0.030,0.031,0.053,,21971000000,16709000000,0.747,850.99,16405000000,892000000,-1163000000,-396000000,2798000000,,0.497,,,,,,true,false,12,2018-04-01,2019-03-31,-1
2020-05-15,35120,2020-03-31,,10076000000,-0.054,,,,,346000000,-0.360,564000000,-0.183,423000000,,-0.161,22.13,,,,,,19812000000,15048000000,0.760,791.26,15048000000,,,,,13.00,,,,19842089,823800,19159546,false,false,12,2019-04-01,2020-03-31,0
2020-05-15,35120,2019-03-31,,10646000000,-0.014,,,,,540000000,-0.686,690000000,-0.247,505000000,,-0.152,26.24,,,,,,20506000000,15667000000,0.764,812.72,15667000000,,,,,13.00,,,,19842089,564430,19266262,false,false,12,2018-04-01,2019-03-31,-1
2020-05-15,35120,2021-03-31,,,,,,,,,,,,,,,,,,,,,,,,,,,,,,13.00,,,,,,,false,true,12,2020-04-01,2021-03-31,1
2020-07-31,35120,2021-03-31,1,2552000000,-0.044,,,,,125000000,0.695,204000000,0.381,,138000000,,7.29,,,,,,21036000000,16159000000,0.754,833.86,15858000000,,,,,,,,,,,,true,false,3,2020-04-01,2020-06-30,0
2020-07-31,35120,2020-03-31,1,2669000000,-0.055,,,,,73000000,-0.623,148000000,-0.446,,123000000,,6.43,,,,,,,,,,,,,,,,,,,,,,true,false,3,2019-04-01,2019-06-30,-1
2020-07-31,35120,2021-03-31,1,5100000000,-0.061,,,,,90000000,-0.564,160000000,-0.442,,120000000,,6.31,,,,,,,,,,,,,,,,,,,,,,true,true,6,2020-04-01,2020-09-30,0
2020-07-31,35120,2021-03-31,1,10300000000,-0.050,,,,,190000000,-0.556,340000000,-0.406,,250000000,,13.15,,,,,,,,,,,,,,,,,,,,,,true,true,12,2020-04-01,2021-03-31,0
2020-07-31,35120,2020-03-31,1,,,,,,,,,,,,,,,,,,,,21271000000,16055000000,0.740,827.97,15746000000,,,,,,,,,,,,true,false,12,2019-04-01,2020-03-31,-1
2020-07-31,35120,2020-03-31,1,,,,,,,,,,,,,,,,,,,,,,,,,,,,,13.00,,,,19842089,823800,,false,false,12,2019-04-01,2020-03-31,-1
2020-07-31,35120,2021-03-31,1,,,,,,,,,,,,,,,,,,,,,,,,,,,,,13.00,,,,,,,false,true,12,2020-04-01,2021-03-31,0
2020-07-31,35120,2021-03-31,1,,,,,,,,,,,,,,,,,,,,,,,,,,,,,,,,,19842089,823800,19018289,false,false,3,2020-04-01,2020-06-30,0
2020-07-31,35120,2020-03-31,1,,,,,,,,,,,,,,,,,,,,,,,,,,,,,,,,,,,19267431,false,false,3,2019-04-01,2019-06-30,-1
2020-10-29,35120,2021-03-31,,4950000000,-0.029,,,,,130000000,0.444,230000000,0.438,,160000000,,8.41,,,,,,,,,,,,,,,,,,,,,,true,true,6,2020-04-01,2020-09-30,0
2020-10-29,35120,2020-03-31,,5432000000,,,,,,206000000,,286000000,,,221000000,,11.51,,,,,,,,,,,,,,,,,,,,,,true,false,6,2019-04-01,2019-09-30,-1
2020-10-29,35120,2021-03-31,,10100000000,-0.019,,,,,200000000,0.053,390000000,0.147,,280000000,,14.70,,,,,,,,,,,,,,,,,,,,,,true,true,12,2020-04-01,2021-03-31,0
2020-10-29,35120,2020-03-31,,10841000000,,,,,,428000000,,572000000,,,418000000,,21.86,,,,,,,,,,,,,,,,,,,,,,true,false,12,2019-04-01,2020-03-31,-1
2020-10-30,35120,2021-03-31,2,4954000000,-0.088,,,,,130000000,-0.369,233000000,-0.183,,161000000,,8.49,,,,,,21904000000,16247000000,0.728,836.73,15942000000,,,,,,,,,,,,true,false,6,2020-04-01,2020-09-30,0
2020-10-30,35120,2020-03-31,2,5432000000,-0.047,,,,,206000000,-0.429,286000000,-0.339,,221000000,,11.51,,,,,,,,,,,,,,,,,,,,,,true,false,6,2019-04-01,2019-09-30,-1
2020-10-30,35120,2021-03-31,2,10100000000,-0.068,,,,,200000000,-0.533,390000000,-0.319,,280000000,,14.70,,,,,,,,,,,,,,,,,,,,,,true,true,12,2020-04-01,2021-03-31,0
2020-10-30,35120,2020-03-31,2,,,,,,,,,,,,,,,,,,,,21271000000,16055000000,0.740,827.97,15746000000,,,,,,,,,,,,true,false,12,2019-04-01,2020-03-31,-1
2020-10-30,35120,2020-03-31,2,,,,,,,,,,,,,,,,,,,,,,,,,,,,,13.00,,,,19842089,823800,,false,false,12,2019-04-01,2020-03-31,-1
2020-10-30,35120,2021-03-31,2,,,,,,,,,,,,,,,,,,,,,,,,,,,,,6.00,,,,,,,false,false,12,2020-04-01,2021-03-31,0
2020-10-30,35120,2021-03-31,2,,,,,,,,,,,,,,,,,,,,,,,,,,,,,13.00,,,,,,,false,true,12,2020-04-01,2021-03-31,0
2020-10-30,35120,2021-03-31,2,,,,,,,,,,,,,,,,,,,,,,,,,,,,,,,,,19842089,788900,19031830,false,false,6,2020-04-01,2020-09-30,0
2020-10-30,35120,2020-03-31,2,,,,,,,,,,,,,,,,,,,,,,,,,,,,,,,,,,,19235020,false,false,6,2019-04-01,2019-09-30,-1
2021-01-29,35120,2021-03-31,3,7441000000,-0.084,,,,,134000000,-0.587,344000000,-0.283,,135000000,,7.11,,,,,,21816000000,16512000000,0.743,850.53,16205000000,,,,,,,,,,,,true,false,9,2020-04-01,2020-12-31,0
2021-01-29,35120,2020-03-31,3,8127000000,-0.064,,,,,325000000,-0.401,480000000,-0.275,,360000000,,18.76,,,,,,,,,,,,,,,,,,,,,,true,false,9,2019-04-01,2019-12-31,-1
2021-01-29,35120,2021-03-31,3,10100000000,-0.068,,,,,200000000,-0.533,390000000,-0.319,,280000000,,14.70,,,,,,,,,,,,,,,,,,,,,,true,true,12,2020-04-01,2021-03-31,0
2021-01-29,35120,2020-03-31,3,,,,,,,,,,,,,,,,,,,,21271000000,16055000000,0.740,827.97,15746000000,,,,,,,,,,,,true,false,12,2019-04-01,2020-03-31,-1
2021-01-29,35120,2020-03-31,3,,,,,,,,,,,,,,,,,,,,,,,,,,,,,13.00,,,,19842089,823800,,false,false,12,2019-04-01,2020-03-31,-1
2021-01-29,35120,2021-03-31,3,,,,,,,,,,,,,,,,,,,,,,,,,,,,,6.00,,,,,,,false,false,12,2020-04-01,2021-03-31,0
2021-01-29,35120,2021-03-31,3,,,,,,,,,,,,,,,,,,,,,,,,,,,,,13.00,,,,,,,false,true,12,2020-04-01,2021-03-31,0
2021-01-29,35120,2021-03-31,3,,,,,,,,,,,,,,,,,,,,,,,,,,,,,,,,,19842089,788901,19038975,false,false,9,2020-04-01,2020-12-31,0
2021-01-29,35120,2020-03-31,3,,,,,,,,,,,,,,,,,,,,,,,,,,,,,,,,,,,19199393,false,false,9,2019-04-01,2019-12-31,-1
2021-05-14,35120,2021-03-31,,10005000000,-0.077,,,,,232000000,-0.458,477000000,-0.166,,329000000,,17.31,,0.020,0.022,0.023,,22649000000,17287000000,0.749,889.88,16955000000,1054000000,-690000000,411000000,4119000000,,0.751,,,,,,true,false,12,2020-04-01,2021-03-31,0
2021-05-14,35120,2020-03-31,,10841000000,-0.061,,,,,428000000,-0.305,572000000,-0.176,,418000000,,21.86,,0.026,0.026,0.040,,21271000000,16055000000,0.740,827.97,15746000000,2060000000,-976000000,-530000000,3344000000,,0.595,,,,,,true,false,12,2019-04-01,2020-03-31,-1
2021-05-14,35120,2022-03-31,,10100000000,0.063,,,,,430000000,0.852,570000000,0.193,,410000000,,21.52,,,,,,,,,,,,,,,,0.604,,,,,,true,true,12,2021-04-01,2022-03-31,1
2021-05-14,35120,2021-03-31,,9252000000,-0.082,,,,,194000000,-0.439,499000000,-0.114,360000000,,-0.149,18.95,,,,,,21285000000,16083000000,0.756,844.11,16083000000,,,,,13.00,,,,19842089,788951,19042474,false,false,12,2020-04-01,2021-03-31,0
2021-05-14,35120,2020-03-31,,10076000000,-0.054,,,,,346000000,-0.360,564000000,-0.183,423000000,,-0.161,22.13,,,,,,19812000000,15048000000,0.760,791.26,15048000000,,,,,13.00,,,,19842089,823800,19159546,false,false,12,2019-04-01,2020-03-31,-1
2021-05-14,35120,2022-03-31,,,,,,,,,,,,,,,,,,,,,,,,,,,,,,13.00,,,,,,,false,true,12,2021-04-01,2022-03-31,1
2021-07-30,35120,2022-03-31,1,2442000000,,,,,,96000000,,198000000,,,66000000,,3.48,,,,,,22411000000,17175000000,0.752,885.92,16851000000,,,,,,,,,,,,true,false,3,2021-04-01,2021-06-30,0
2021-07-30,35120,2021-03-31,1,2552000000,-0.044,,,,,125000000,0.695,204000000,0.381,,138000000,,7.29,,,,,,,,,,,,,,,,,,,,,,true,false,3,2020-04-01,2020-06-30,-1
2021-07-30,35120,2022-03-31,1,10100000000,,,,,,430000000,,570000000,,,410000000,,21.52,,,,,,,,,,,,,,,,,,,,,,true,true,12,2021-04-01,2022-03-31,0
2021-07-30,35120,2021-03-31,1,,,,,,,,,,,,,,,,,,,,22649000000,17287000000,0.749,889.88,16955000000,,,,,,,,,,,,true,false,12,2020-04-01,2021-03-31,-1
2021-07-30,35120,2021-03-31,1,,,,,,,,,,,,,,,,,,,,,,,,,,,,,13.00,,,,19842089,788951,,false,false,12,2020-04-01,2021-03-31,-1
2021-07-30,35120,2022-03-31,1,,,,,,,,,,,,,,,,,,,,,,,,,,,,,13.00,,,,,,,false,true,12,2021-04-01,2022-03-31,0
2021-07-30,35120,2022-03-31,1,,,,,,,,,,,,,,,,,,,,,,,,,,,,,,,,,19842089,820551,19046347,false,false,3,2021-04-01,2021-06-30,0
2021-07-30,35120,2021-03-31,1,,,,,,,,,,,,,,,,,,,,,,,,,,,,,,,,,,,19018289,false,false,3,2020-04-01,2020-06-30,-1
2021-07-30,35120,2022-03-31,1,2466000000,,,,,,113000000,,214000000,,,77000000,,4.09,,,,,,22396000000,17139000000,0.750,882.99,16795000000,,,,,,,,,,,,true,false,3,2021-04-01,2021-06-30,0
2021-07-30,35120,2021-03-31,1,2552000000,-0.044,,,,,125000000,0.695,204000000,0.381,,138000000,,7.29,,,,,,,,,,,,,,,,,,,,,,true,false,3,2020-04-01,2020-06-30,-1
2021-07-30,35120,2022-03-31,1,10100000000,,,,,,430000000,,570000000,,,410000000,,21.52,,,,,,,,,,,,,,,,,,,,,,true,true,12,2021-04-01,2022-03-31,0
2021-07-30,35120,2021-03-31,1,,,,,,,,,,,,,,,,,,,,22649000000,17287000000,0.749,889.88,16955000000,,,,,,,,,,,,true,false,12,2020-04-01,2021-03-31,-1
2021-07-30,35120,2021-03-31,1,,,,,,,,,,,,,,,,,,,,,,,,,,,,,13.00,,,,19842089,788951,,false,false,12,2020-04-01,2021-03-31,-1
2021-07-30,35120,2022-03-31,1,,,,,,,,,,,,,,,,,,,,,,,,,,,,,13.00,,,,,,,false,true,12,2021-04-01,2022-03-31,0
2021-07-30,35120,2022-03-31,1,,,,,,,,,,,,,,,,,,,,,,,,,,,,,,,,,19842089,820551,19046347,false,false,3,2021-04-01,2021-06-30,0
2021-07-30,35120,2021-03-31,1,,,,,,,,,,,,,,,,,,,,,,,,,,,,,,,,,,,19018289,false,false,3,2020-04-01,2020-06-30,-1
2021-10-29,3512,2022-03-31,2,4927000000,-0.005,,,,,306000000,1.353,415000000,0.774,,225000000,,11.86,,,,,,22637000000,17351000000,0.751,898.12,17003000000,,,,,,,,,,,,true,false,6,2021-04-01,2021-09-30,0
2021-10-29,3512,2021-03-31,2,4954000000,-0.088,,,,,130000000,-0.369,233000000,-0.183,,161000000,,8.49,,,,,,,,,,,,,,,,,,,,,,true,false,6,2020-04-01,2020-09-30,-1
2021-10-29,3512,2022-03-31,2,10100000000,0.009,,,,,430000000,0.852,570000000,0.193,,410000000,,21.52,,,,,,,,,,,,,,,,,,,,,,true,true,12,2021-04-01,2022-03-31,0
2021-10-29,3512,2021-03-31,2,,,,,,,,,,,,,,,,,,,,22649000000,17287000000,0.749,889.88,16955000000,,,,,,,,,,,,true,false,12,2020-04-01,2021-03-31,-1
2021-10-29,3512,2021-03-31,2,,,,,,,,,,,,,,,,,,,,,,,,,,,,,13.00,,,,19842089,788951,,false,false,12,2020-04-01,2021-03-31,-1
2021-10-29,3512,2022-03-31,2,,,,,,,,,,,,,,,,,,,,,,,,,,,,,6.00,,,,,,,false,false,12,2021-04-01,2022-03-31,0
2021-10-29,3512,2022-03-31,2,,,,,,,,,,,,,,,,,,,,,,,,,,,,,13.00,,,,,,,false,true,12,2021-04-01,2022-03-31,0
2021-10-29,3512,2022-03-31,2,,,,,,,,,,,,,,,,,,,,,,,,,,,,,,,,,19842089,909551,19013715,false,false,6,2021-04-01,2021-09-30,0
2021-10-29,3512,2021-03-31,2,,,,,,,,,,,,,,,,,,,,,,,,,,,,,,,,,,,19031830,false,false,6,2020-04-01,2020-09-30,-1
2022-01-31,3512,2022-03-31,3,7339000000,-0.014,,,,,467000000,2.471,661000000,0.919,,389000000,,20.53,,,,,,22615000000,17283000000,0.749,898.56,16929000000,,,,,,,,,,,,true,false,9,2021-04-01,2021-12-31,0
2022-01-31,3512,2021-03-31,3,7441000000,-0.084,,,,,134000000,-0.587,344000000,-0.283,,135000000,,7.11,,,,,,,,,,,,,,,,,,,,,,true,false,9,2020-04-01,2020-12-31,-1
2022-01-31,3512,2022-03-31,3,9750000000,-0.026,,,,,500000000,1.153,700000000,0.466,,410000000,,21.76,,,,,,,,,,,,,,,,,,,,,,true,true,12,2021-04-01,2022-03-31,0
2022-01-31,3512,2021-03-31,3,,,,,,,,,,,,,,,,,,,,22649000000,17287000000,0.749,889.88,16955000000,,,,,,,,,,,,true,false,12,2020-04-01,2021-03-31,-1
2022-01-31,3512,2021-03-31,3,,,,,,,,,,,,,,,,,,,,,,,,,,,,,13.00,,,,19842089,788951,,false,false,12,2020-04-01,2021-03-31,-1
2022-01-31,3512,2022-03-31,3,,,,,,,,,,,,,,,,,,,,,,,,,,,,,6.00,,,,,,,false,false,12,2021-04-01,2022-03-31,0
2022-01-31,3512,2022-03-31,3,,,,,,,,,,,,,,,,,,,,,,,,,,,,,13.00,,,,,,,false,true,12,2021-04-01,2022-03-31,0
2022-01-31,3512,2022-03-31,3,,,,,,,,,,,,,,,,,,,,,,,,,,,,,,,,,19842089,1001351,18969179,false,false,9,2021-04-01,2021-12-31,0
2022-01-31,3512,2021-03-31,3,,,,,,,,,,,,,,,,,,,,,,,,,,,,,,,,,,,19038975,false,false,9,2020-04-01,2020-12-31,-1
2022-01-31,35120,2022-03-31,,9750000000,-0.035,,,,,500000000,0.163,700000000,0.228,,410000000,,21.76,,,,,,,,,,,,,,,,,,,,,,true,true,12,2021-04-01,2022-03-31,0
2022-01-31,35120,2021-03-31,,10005000000,,,,,,232000000,,477000000,,,329000000,,17.31,,,,,,,,,,,,,,,,,,,,,,true,false,12,2020-04-01,2021-03-31,-1
2022-05-13,3512,2022-03-31,,9839000000,-0.017,,,,,629000000,1.711,829000000,0.737,,499000000,,26.38,,0.029,0.037,0.064,,22789000000,17394000000,0.747,906.52,17021000000,1281000000,-251000000,-431000000,4758000000,,0.493,,,,,,true,false,12,2021-04-01,2022-03-31,0
2022-05-13,3512,2021-03-31,,10005000000,-0.077,,,,,232000000,-0.458,477000000,-0.166,,329000000,,17.31,,0.020,0.022,0.023,,22649000000,17287000000,0.749,889.88,16955000000,1054000000,-690000000,411000000,4119000000,,0.751,,,,,,true,false,12,2020-04-01,2021-03-31,-1
2022-05-13,3512,2023-03-31,,10000000000,0.016,,,,,420000000,-0.333,580000000,-0.301,,430000000,,22.90,,,,,,,,,,,,,,,,0.568,,,,,,true,true,12,2022-04-01,2023-03-31,1
2022-05-13,3512,2022-03-31,,9134000000,-0.013,,,,,567000000,1.922,835000000,0.671,510000000,,0.415,26.98,,,,,,21307000000,15969000000,0.749,850.47,15969000000,,,,,13.00,,,,19842089,1064951,18926267,false,false,12,2021-04-01,2022-03-31,0
2022-05-13,3512,2021-03-31,,9252000000,-0.082,,,,,194000000,-0.439,499000000,-0.114,360000000,,-0.149,18.95,,,,,,21285000000,16083000000,0.756,844.11,16083000000,,,,,13.00,,,,19842089,788951,19042474,false,false,12,2020-04-01,2021-03-31,-1
2022-05-13,3512,2023-03-31,,,,,,,,,,,,,,,,,,,,,,,,,,,,,,13.00,,,,,,,false,true,12,2022-04-01,2023-03-31,1
2022-07-29,3512,2023-03-31,1,2487000000,0.009,,,,,191000000,0.688,298000000,0.390,,205000000,,10.96,,,,,,22633000000,17399000000,0.752,906.34,17018000000,,,,,,,,,,,,true,false,3,2022-04-01,2022-06-30,0
2022-07-29,3512,2022-03-31,1,2466000000,-0.034,,,,,113000000,-0.093,214000000,0.049,,77000000,,4.09,,,,,,,,,,,,,,,,,,,,,,true,false,3,2021-04-01,2021-06-30,-1
2022-07-29,3512,2023-03-31,1,10000000000,0.016,,,,,420000000,-0.333,580000000,-0.301,,430000000,,22.90,,,,,,,,,,,,,,,,,,,,,,true,true,12,2022-04-01,2023-03-31,0
2022-07-29,3512,2022-03-31,1,,,,,,,,,,,,,,,,,,,,22789000000,17394000000,0.747,906.52,17021000000,,,,,,,,,,,,true,false,12,2021-04-01,2022-03-31,-1
2022-07-29,3512,2022-03-31,1,,,,,,,,,,,,,,,,,,,,,,,,,,,,,13.00,,,,19842089,1064951,,false,false,12,2021-04-01,2022-03-31,-1
2022-07-29,3512,2023-03-31,1,,,,,,,,,,,,,,,,,,,,,,,,,,,,,13.00,,,,,,,false,true,12,2022-04-01,2023-03-31,0
2022-07-29,3512,2023-03-31,1,,,,,,,,,,,,,,,,,,,,,,,,,,,,,,,,,19842089,1064951,18777138,false,false,3,2022-04-01,2022-06-30,0
2022-07-29,3512,2022-03-31,1,,,,,,,,,,,,,,,,,,,,,,,,,,,,,,,,,,,19046347,false,false,3,2021-04-01,2021-06-30,-1
2022-10-31,3512,2023-03-31,2,5155000000,0.046,,,,,421000000,0.372,556000000,0.340,,385000000,,20.49,,,,,,22924000000,17582000000,0.749,912.53,17169000000,,,,,,,,,,,,true,false,6,2022-04-01,2022-09-30,0
2022-10-31,3512,2022-03-31,2,4927000000,-0.005,,,,,306000000,1.353,415000000,0.774,,225000000,,11.86,,,,,,,,,,,,,,,,,,,,,,true,false,6,2021-04-01,2021-09-30,-1
2022-10-31,3512,2023-03-31,2,10500000000,0.067,,,,,710000000,0.128,910000000,0.097,,630000000,,33.48,,,,,,,,,,,,,,,,,,,,,,true,true,12,2022-04-01,2023-03-31,0
2022-10-31,3512,2022-03-31,2,,,,,,,,,,,,,,,,,,,,22789000000,17394000000,0.747,906.52,17021000000,,,,,,,,,,,,true,false,12,2021-04-01,2022-03-31,-1
2022-10-31,3512,2022-03-31,2,,,,,,,,,,,,,,,,,,,,,,,,,,,,,13.00,,,,19842089,1064951,,false,false,12,2021-04-01,2022-03-31,-1
2022-10-31,3512,2023-03-31,2,,,,,,,,,,,,,,,,,,,,,,,,,,,,,6.00,,,,,,,false,false,12,2022-04-01,2023-03-31,0
2022-10-31,3512,2023-03-31,2,,,,,,,,,,,,,,,,,,,,,,,,,,,,,13.00,,,,,,,false,true,12,2022-04-01,2023-03-31,0
2022-10-31,3512,2023-03-31,2,,,,,,,,,,,,,,,,,,,,,,,,,,,,,,,,,19842089,1027151,18791184,false,false,6,2022-04-01,2022-09-30,0
2022-10-31,3512,2022-03-31,2,,,,,,,,,,,,,,,,,,,,,,,,,,,,,,,,,,,19013715,false,false,6,2021-04-01,2021-09-30,-1
2023-01-31,3512,2023-03-31,3,7751000000,0.056,,,,,651000000,0.393,883000000,0.334,,617000000,,32.85,,,,,,23339000000,18026000000,0.754,935.54,17602000000,,,,,,,,,,,,true,false,9,2022-04-01,2022-12-31,0
2023-01-31,3512,2022-03-31,3,7339000000,-0.014,,,,,467000000,2.471,661000000,0.919,,389000000,,20.53,,,,,,,,,,,,,,,,,,,,,,true,false,9,2021-04-01,2021-12-31,-1
2023-01-31,3512,2023-03-31,3,10500000000,0.067,,,,,710000000,0.128,910000000,0.097,,630000000,,33.48,,,,,,,,,,,,,,,,,,,,,,true,true,12,2022-04-01,2023-03-31,0
2023-01-31,3512,2022-03-31,3,,,,,,,,,,,,,,,,,,,,22789000000,17394000000,0.747,906.52,17021000000,,,,,,,,,,,,true,false,12,2021-04-01,2022-03-31,-1
2023-01-31,3512,2022-03-31,3,,,,,,,,,,,,,,,,,,,,,,,,,,,,,13.00,,,,19842089,1064951,,false,false,12,2021-04-01,2022-03-31,-1
2023-01-31,3512,2023-03-31,3,,,,,,,,,,,,,,,,,,,,,,,,,,,,,6.00,,,,,,,false,false,12,2022-04-01,2023-03-31,0
2023-01-31,3512,2023-03-31,3,,,,,,,,,,,,,,,,,,,,,,,,,,,,,13.00,,,,,,,false,true,12,2022-04-01,2023-03-31,0
2023-01-31,3512,2023-03-31,3,,,,,,,,,,,,,,,,,,,,,,,,,,,,,,,,,19842089,1027309,18799117,false,false,9,2022-04-01,2022-12-31,0
2023-01-31,3512,2022-03-31,3,,,,,,,,,,,,,,,,,,,,,,,,,,,,,,,,,,,18969179,false,false,9,2021-04-01,2021-12-31,-1
2023-05-15,3512,2023-03-31,,10399000000,0.057,,,,,824000000,0.310,1055000000,0.273,,750000000,,39.89,,0.043,0.046,0.079,,23589000000,18213000000,0.755,946.58,17809000000,1062000000,-562000000,-262000000,5029000000,,0.326,,,,,,true,false,12,2022-04-01,2023-03-31,0
2023-05-15,3512,2022-03-31,,9839000000,-0.017,,,,,629000000,1.711,829000000,0.737,,499000000,,26.38,,0.029,0.037,0.064,,22789000000,17394000000,0.747,906.52,17021000000,1281000000,-251000000,-431000000,4758000000,,0.493,,,,,,true,false,12,2021-04-01,2022-03-31,-1
2023-05-15,3512,2024-03-31,,10600000000,0.019,,,,,640000000,-0.224,790000000,-0.252,,590000000,,31.36,,,,,,,,,,,,,,,,,,,,,,true,true,12,2023-04-01,2024-03-31,1
2023-05-15,3512,2023-03-31,,9615000000,0.053,,,,,747000000,0.318,999000000,0.197,725000000,,0.420,38.57,,,,,,22015000000,16661000000,0.757,885.53,16661000000,,,,,13.00,,,,19842089,1027309,18802979,false,false,12,2022-04-01,2023-03-31,0
2023-05-15,3512,2022-03-31,,9134000000,-0.013,,,,,567000000,1.922,835000000,0.671,510000000,,0.415,26.98,,,,,,21307000000,15969000000,0.749,850.47,15969000000,,,,,13.00,,,,19842089,1064951,18926267,false,false,12,2021-04-01,2022-03-31,-1
2023-05-15,3512,2024-03-31,,,,,,,,,,,,,,,,,,,,,,,,,,,,,,13.00,,,,,,,false,true,12,2023-04-01,2024-03-31,1
2023-07-31,3512,2024-03-31,1,2378000000,-0.044,,,,,165000000,-0.136,255000000,-0.145,,175000000,,9.32,,,,,,23213000000,18655000000,0.786,969.95,18249000000,,,,,,,,,,,,true,false,3,2023-04-01,2023-06-30,0
2023-07-31,3512,2023-03-31,1,2487000000,0.009,,,,,191000000,0.688,298000000,0.390,,205000000,,10.96,,,,,,,,,,,,,,,,,,,,,,true,false,3,2022-04-01,2022-06-30,-1
2023-07-31,3512,2024-03-31,1,10600000000,0.019,,,,,640000000,-0.224,790000000,-0.252,,590000000,,31.36,,,,,,,,,,,,,,,,,,,,,,true,true,12,2023-04-01,2024-03-31,0
2023-07-31,3512,2023-03-31,1,,,,,,,,,,,,,,,,,,,,23589000000,18213000000,0.755,946.58,17809000000,,,,,,,,,,,,true,false,12,2022-04-01,2023-03-31,-1
2023-07-31,3512,2023-03-31,1,,,,,,,,,,,,,,,,,,,,,,,,,,,,,13.00,,,,19842089,1027309,,false,false,12,2022-04-01,2023-03-31,-1
2023-07-31,3512,2024-03-31,1,,,,,,,,,,,,,,,,,,,,,,,,,,,,,13.00,,,,,,,false,true,12,2023-04-01,2024-03-31,0
2023-07-31,3512,2024-03-31,1,,,,,,,,,,,,,,,,,,,,,,,,,,,,,,,,,19842089,1027309,18814780,false,false,3,2023-04-01,2023-06-30,0
2023-07-31,3512,2023-03-31,1,,,,,,,,,,,,,,,,,,,,,,,,,,,,,,,,,,,18777138,false,false,3,2022-04-01,2022-06-30,-1
2023-10-31,3512,2024-03-31,2,4949000000,-0.040,,,,,284000000,-0.323,383000000,-0.311,,272000000,,14.56,,,,,,24107000000,19115000000,0.775,1024.69,18679000000,,,,,,,,,,,,true,false,6,2023-04-01,2023-09-30,0
2023-10-31,3512,2023-03-31,2,5155000000,0.046,,,,,421000000,0.372,556000000,0.340,,385000000,,20.49,,,,,,,,,,,,,,,,,,,,,,true,false,6,2022-04-01,2022-09-30,-1
2023-10-31,3512,2024-03-31,2,10600000000,0.019,,,,,640000000,-0.224,790000000,-0.252,,590000000,,32.37,,,,,,,,,,,,,,,,,,,,,,true,true,12,2023-04-01,2024-03-31,0
2023-10-31,3512,2023-03-31,2,,,,,,,,,,,,,,,,,,,,23589000000,18213000000,0.755,946.58,17809000000,,,,,,,,,,,,true,false,12,2022-04-01,2023-03-31,-1
2023-10-31,3512,2023-03-31,2,,,,,,,,,,,,,,,,,,,,,,,,,,,,,13.00,,,,19842089,1027309,,false,false,12,2022-04-01,2023-03-31,-1
2023-10-31,3512,2024-03-31,2,,,,,,,,,,,,,,,,,,,,,,,,,,,,,6.00,,,,,,,false,false,12,2023-04-01,2024-03-31,0
2023-10-31,3512,2024-03-31,2,,,,,,,,,,,,,,,,,,,,,,,,,,,,,13.00,,,,,,,false,true,12,2023-04-01,2024-03-31,0
2023-10-31,3512,2024-03-31,2,,,,,,,,,,,,,,,,,,,,,,,,,,,,,,,,,19842089,1613009,18720126,false,false,6,2023-04-01,2023-09-30,0
2023-10-31,3512,2023-03-31,2,,,,,,,,,,,,,,,,,,,,,,,,,,,,,,,,,,,18791184,false,false,6,2022-04-01,2022-09-30,-1
2024-01-31,3512,2024-03-31,3,7512000000,-0.031,,,,,420000000,-0.355,620000000,-0.298,,433000000,,23.35,,,,,,23660000000,19024000000,0.785,1019.35,18581000000,,,,,,,,,,,,true,false,9,2023-04-01,2023-12-31,0
2024-01-31,3512,2023-03-31,3,7751000000,0.056,,,,,651000000,0.393,883000000,0.334,,617000000,,32.85,,,,,,,,,,,,,,,,,,,,,,true,false,9,2022-04-01,2022-12-31,-1
2024-01-31,3512,2024-03-31,3,10600000000,0.019,,,,,640000000,-0.224,790000000,-0.252,,590000000,,32.37,,,,,,,,,,,,,,,,,,,,,,true,true,12,2023-04-01,2024-03-31,0
2024-01-31,3512,2023-03-31,3,,,,,,,,,,,,,,,,,,,,23589000000,18213000000,0.755,946.58,17809000000,,,,,,,,,,,,true,false,12,2022-04-01,2023-03-31,-1
2024-01-31,3512,2023-03-31,3,,,,,,,,,,,,,,,,,,,,,,,,,,,,,13.00,,,,19842089,1027309,,false,false,12,2022-04-01,2023-03-31,-1
2024-01-31,3512,2024-03-31,3,,,,,,,,,,,,,,,,,,,,,,,,,,,,,6.00,,,,,,,false,false,12,2023-04-01,2024-03-31,0
2024-01-31,3512,2024-03-31,3,,,,,,,,,,,,,,,,,,,,,,,,,,,,,13.00,,,,,,,false,true,12,2023-04-01,2024-03-31,0
2024-01-31,3512,2024-03-31,3,,,,,,,,,,,,,,,,,,,,,,,,,,,,,,,,,18342089,113077,18555834,false,false,9,2023-04-01,2023-12-31,0
2024-01-31,3512,2023-03-31,3,,,,,,,,,,,,,,,,,,,,,,,,,,,,,,,,,,,18799117,false,false,9,2022-04-01,2022-12-31,-1
2024-05-15,3512,2024-03-31,,10082000000,-0.030,,,,,468000000,-0.431,663000000,-0.371,,487000000,,26.39,,0.026,0.027,0.047,,25070000000,20366000000,0.795,1093.20,19927000000,611000000,-934000000,-1327000000,3392000000,,0.606,,,,,,true,false,12,2023-04-01,2024-03-31,0
2024-05-15,3512,2023-03-31,,10399000000,0.057,,,,,824000000,0.310,1055000000,0.273,,750000000,,39.89,,0.043,0.046,0.079,,23589000000,18213000000,0.755,946.58,17809000000,1062000000,-562000000,-262000000,5029000000,,0.326,,,,,,true,false,12,2022-04-01,2023-03-31,-1
2024-05-15,3512,2025-03-31,,10500000000,0.041,,,,,700000000,0.493,900000000,0.356,,700000000,,38.40,,,,,,,,,,,,,,,,0.521,,,,,,true,true,12,2024-04-01,2025-03-31,1
2024-05-15,3512,2024-03-31,,9246000000,-0.038,,,,,355000000,-0.525,610000000,-0.389,459000000,,-0.366,24.88,,,,,,23341000000,18352000000,0.786,1006.77,18352000000,,,,,16.00,,,,18342089,113077,18474575,false,false,12,2023-04-01,2024-03-31,0
2024-05-15,3512,2023-03-31,,9615000000,0.053,,,,,747000000,0.318,999000000,0.197,725000000,,0.420,38.57,,,,,,22015000000,16661000000,0.757,885.53,16661000000,,,,,13.00,,,,19842089,1027309,18802979,false,false,12,2022-04-01,2023-03-31,-1
2024-05-15,3512,2025-03-31,,,,,,,,,,,,,,,,,,,,,,,,,,,,,,20.00,,,,,,,false,true,12,2024-04-01,2025-03-31,1
2024-07-31,3512,2025-03-31,1,2426000000,0.020,,,,,108000000,-0.347,245000000,-0.038,,156000000,,8.56,,,,,,25434000000,20409000000,0.785,1094.99,19960000000,,,,,,,,,,,,true,false,3,2024-04-01,2024-06-30,0
2024-07-31,3512,2024-03-31,1,2378000000,-0.044,,,,,165000000,-0.136,255000000,-0.145,,175000000,,9.32,,,,,,,,,,,,,,,,,,,,,,true,false,3,2023-04-01,2023-06-30,-1
2024-07-31,3512,2025-03-31,1,10500000000,0.041,,,,,700000000,0.493,900000000,0.356,,700000000,,38.40,,,,,,,,,,,,,,,,,,,,,,true,true,12,2024-04-01,2025-03-31,0
2024-07-31,3512,2024-03-31,1,,,,,,,,,,,,,,,,,,,,25070000000,20366000000,0.795,1093.20,19927000000,,,,,,,,,,,,true,false,12,2023-04-01,2024-03-31,-1
2024-07-31,3512,2024-03-31,1,,,,,,,,,,,,,,,,,,,,,,,,,,,,,16.00,,,,18342089,113077,,false,false,12,2023-04-01,2024-03-31,-1
2024-07-31,3512,2025-03-31,1,,,,,,,,,,,,,,,,,,,,,,,,,,,,,20.00,,,,,,,false,true,12,2024-04-01,2025-03-31,0
2024-07-31,3512,2025-03-31,1,,,,,,,,,,,,,,,,,,,,,,,,,,,,,,,,,18342089,113077,18229012,false,false,3,2024-04-01,2024-06-30,0
2024-07-31,3512,2024-03-31,1,,,,,,,,,,,,,,,,,,,,,,,,,,,,,,,,,,,18814780,false,false,3,2023-04-01,2023-06-30,-1
2024-10-31,3512,2025-03-31,2,4882000000,-0.014,,,,,268000000,-0.057,407000000,0.064,,273000000,,15.02,,,,,,24677000000,20184000000,0.799,1079.30,19710000000,,,,,,,,,,,,true,false,6,2024-04-01,2024-09-30,0
2024-10-31,3512,2024-03-31,2,4949000000,-0.040,,,,,284000000,-0.323,383000000,-0.311,,272000000,,14.56,,,,,,,,,,,,,,,,,,,,,,true,false,6,2023-04-01,2023-09-30,-1
2024-10-31,3512,2025-03-31,2,10500000000,0.041,,,,,700000000,0.493,900000000,0.356,,700000000,,38.33,,,,,,,,,,,,,,,,,,,,,,true,true,12,2024-04-01,2025-03-31,0
2024-10-31,3512,2024-03-31,2,,,,,,,,,,,,,,,,,,,,25070000000,20366000000,0.795,1093.20,19927000000,,,,,,,,,,,,true,false,12,2023-04-01,2024-03-31,-1
2024-10-31,3512,2024-03-31,2,,,,,,,,,,,,,,,,,,,,,,,,,,,,,16.00,,,,18342089,113077,,false,false,12,2023-04-01,2024-03-31,-1
2024-10-31,3512,2025-03-31,2,,,,,,,,,,,,,,,,,,,,,,,,,,,,,10.00,,,,,,,false,false,12,2024-04-01,2025-03-31,0
2024-10-31,3512,2025-03-31,2,,,,,,,,,,,,,,,,,,,,,,,,,,,,,20.00,,,,,,,false,true,12,2024-04-01,2025-03-31,0
2024-10-31,3512,2025-03-31,2,,,,,,,,,,,,,,,,,,,,,,,,,,,,,,,,,18342089,79477,18242049,false,false,6,2024-04-01,2024-09-30,0
2024-10-31,3512,2024-03-31,2,,,,,,,,,,,,,,,,,,,,,,,,,,,,,,,,,,,18720126,false,false,6,2023-04-01,2023-09-30,-1
2025-01-31,3512,2025-03-31,3,7324000000,-0.025,,,,,301000000,-0.282,559000000,-0.098,,383000000,,21.13,,,,,,25006000000,20383000000,0.798,1125.47,19956000000,,,,,,,,,,,,true,false,9,2024-04-01,2024-12-31,0
2025-01-31,3512,2024-03-31,3,7512000000,-0.031,,,,,420000000,-0.355,620000000,-0.298,,433000000,,23.35,,,,,,,,,,,,,,,,,,,,,,true,false,9,2023-04-01,2023-12-31,-1
2025-01-31,3512,2025-03-31,3,10500000000,0.041,,,,,700000000,0.493,900000000,0.356,,700000000,,39.48,,,,,,,,,,,,,,,,,,,,,,true,true,12,2024-04-01,2025-03-31,0
2025-01-31,3512,2024-03-31,3,,,,,,,,,,,,,,,,,,,,25070000000,20366000000,0.795,1093.20,19927000000,,,,,,,,,,,,true,false,12,2023-04-01,2024-03-31,-1
2025-01-31,3512,2024-03-31,3,,,,,,,,,,,,,,,,,,,,,,,,,,,,,16.00,,,,18342089,113077,,false,false,12,2023-04-01,2024-03-31,-1
2025-01-31,3512,2025-03-31,3,,,,,,,,,,,,,,,,,,,,,,,,,,,,,10.00,,,,,,,false,false,12,2024-04-01,2025-03-31,0
2025-01-31,3512,2025-03-31,3,,,,,,,,,,,,,,,,,,,,,,,,,,,,,20.00,,,,,,,false,true,12,2024-04-01,2025-03-31,0
2025-01-31,3512,2025-03-31,3,,,,,,,,,,,,,,,,,,,,,,,,,,,,,,,,,18342089,610777,18131076,false,false,9,2024-04-01,2024-12-31,0
2025-01-31,3512,2024-03-31,3,,,,,,,,,,,,,,,,,,,,,,,,,,,,,,,,,,,18555834,false,false,9,2023-04-01,2023-12-31,-1
2025-03-31,35120,2025-03-31,,9700000000,-0.076,,,,,170000000,-0.757,450000000,-0.500,,390000000,,21.63,,,,,,,,,,,,,,,,,,,,,,true,true,12,2024-04-01,2025-03-31,0
2025-03-31,35120,2024-03-31,,10082000000,,,,,,468000000,,663000000,,,487000000,,26.39,,,,,,,,,,,,,,,,,,,,,,true,false,12,2023-04-01,2024-03-31,-1
2025-05-15,3512,2025-03-31,,9699000000,-0.038,,,,,200000000,-0.573,468000000,-0.295,,429000000,,23.84,,0.021,0.019,0.021,,25264000000,20719000000,0.801,1141.65,20242000000,1063000000,-753000000,-623000000,3107000000,,0.839,,,,,,true,false,12,2024-04-01,2025-03-31,0
2025-05-15,3512,2024-03-31,,10082000000,-0.030,,,,,468000000,-0.431,663000000,-0.371,,487000000,,26.39,,0.026,0.027,0.047,,25070000000,20366000000,0.795,1093.20,19927000000,611000000,-934000000,-1327000000,3392000000,,0.606,,,,,,true,false,12,2023-04-01,2024-03-31,-1
2025-05-15,3512,2026-03-31,,9800000000,0.010,,,,,250000000,0.248,550000000,0.175,,400000000,,22.56,,,,,,,,,,,,,,,,0.887,,,,,,true,true,12,2025-04-01,2026-03-31,1
2025-05-15,3512,2025-03-31,,8923000000,-0.035,,,,,216000000,-0.391,513000000,-0.159,503000000,,0.096,27.94,,,,,,23497000000,18520000000,0.788,1044.52,18520000000,,,,,20.00,,,,18342089,610777,18032504,false,false,12,2024-04-01,2025-03-31,0
2025-05-15,3512,2024-03-31,,9246000000,-0.038,,,,,355000000,-0.525,610000000,-0.389,459000000,,-0.366,24.88,,,,,,23341000000,18352000000,0.786,1006.77,18352000000,,,,,16.00,,,,18342089,113077,18474575,false,false,12,2023-04-01,2024-03-31,-1
2025-05-15,3512,2026-03-31,,,,,,,,,,,,,,,,,,,,,,,,,,,,,,20.00,,,,,,,false,true,12,2025-04-01,2026-03-31,1
