filing_date,code,fiscal_year_end,quarterly_period,net_sales,net_sales_change,revenue,revenue_change,operating_revenue,operating_revenue_change,operating_profit,operating_profit_change,ordinary_profit,ordinary_profit_change,net_income,net_income_of_parent,net_income_change,eps,diluted_eps,roe,roa,operating_profit_to_net_sales,operating_profit_to_revenue,total_assets,net_assets,equity_ratio,bps,owner_equity,operating_cash_flow,investing_cash_flow,financing_cash_flow,cash,dividend_per_share,payout_ratio,commemorative_dividend,extra_dividend,number_of_shares,number_of_treqsury_shares,avg_number_of_shares,is_consolidated,is_forecast,duration,period_start,period_end,period_pos
2015-05-15,35130,2015-03-31,,12590000000,0.010,,,,,883000000,-0.078,881000000,-0.010,648000000,,-0.122,25.96,,0.036,0.033,0.070,,26822000000,18394000000,0.686,767.04,18394000000,1745000000,-1169000000,-1541000000,2384000000,,0.385,,,,,,true,false,12,2014-04-01,2015-03-31,0
2015-05-15,35130,2014-03-31,,12462000000,0.060,,,,,957000000,0.316,890000000,0.721,738000000,,0.668,27.55,,0.042,0.034,0.077,,26613000000,18100000000,0.680,675.25,18100000000,2373000000,-464000000,-899000000,3338000000,,0.290,,,,,,true,false,12,2013-04-01,2014-03-31,-1
2015-05-15,35130,2016-03-31,,6400000000,0.052,,,,,620000000,0.402,610000000,0.399,,400000000,,16.68,,,,,,,,,,,,,,,,,,,,,,true,true,6,2015-04-01,2015-09-30,1
2015-05-15,35130,2016-03-31,,13000000000,0.033,,,,,1160000000,0.313,1160000000,0.316,,730000000,,30.44,,,,,,,,,,,,,,,,0.394,,,,,,true,true,12,2015-04-01,2016-03-31,1
2015-05-15,35130,2015-03-31,,11273000000,0.014,,,,,617000000,0.014,883000000,0.011,710000000,,-0.145,28.43,,,,,,25423000000,17417000000,0.685,726.33,17417000000,,,,,10.00,,,,24835758,855267,24982166,false,false,12,2014-04-01,2015-03-31,0
2015-05-15,35130,2014-03-31,,11117000000,0.064,,,,,608000000,2.214,874000000,0.844,831000000,,0.717,31.00,,,,,,25126000000,17207000000,0.685,641.93,17207000000,,,,,8.00,,,,29835758,3030359,26817637,false,false,12,2013-04-01,2014-03-31,-1
2015-05-15,35130,2016-03-31,,5800000000,0.065,,,,,,,570000000,-0.003,430000000,,0.030,17.93,,,,,,,,,,,,,,,,,,,,,,false,true,6,2015-04-01,2015-09-30,1
2015-05-15,35130,2016-03-31,,11800000000,0.047,,,,,,,970000000,0.098,650000000,,-0.085,27.11,,,,,,,,,,,,,,,12.00,,,,,,,false,true,12,2015-04-01,2016-03-31,1
2015-07-31,35130,2016-03-31,1,2869000000,-0.004,,,,,91000000,-0.579,124000000,-0.441,,85000000,,3.56,,,,,,27001000000,18734000000,0.694,,18734000000,,,,,,,,,,,,true,false,3,2015-04-01,2015-06-30,0
2015-07-31,35130,2015-03-31,1,2881000000,0.037,,,,,216000000,0.504,223000000,0.164,,138000000,,5.16,,,,,,,,,,,,,,,,,,,,,,true,false,3,2014-04-01,2014-06-30,-1
2015-07-31,35130,2016-03-31,1,6400000000,0.052,,,,,620000000,0.402,610000000,0.399,,400000000,,16.68,,,,,,,,,,,,,,,,,,,,,,true,true,6,2015-04-01,2015-09-30,0
2015-07-31,35130,2016-03-31,1,13000000000,0.033,,,,,1160000000,0.313,1160000000,0.316,,730000000,,30.45,,,,,,,,,,,,,,,,,,,,,,true,true,12,2015-04-01,2016-03-31,0
2015-07-31,35130,2015-03-31,1,,,,,,,,,,,,,,,,,,,,26822000000,18394000000,0.686,,18394000000,,,,,,,,,,,,true,false,12,2014-04-01,2015-03-31,-1
2015-07-31,35130,2015-03-31,1,,,,,,,,,,,,,,,,,,,,,,,,,,,,,10.00,,,,24835758,855267,,false,false,12,2014-04-01,2015-03-31,-1
2015-07-31,35130,2016-03-31,1,,,,,,,,,,,,,,,,,,,,,,,,,,,,,12.00,,,,,,,false,true,12,2015-04-01,2016-03-31,0
2015-07-31,35130,2016-03-31,1,,,,,,,,,,,,,,,,,,,,,,,,,,,,,,,,,24835758,859694,23977688,false,false,3,2015-04-01,2015-06-30,0
2015-07-31,35130,2015-03-31,1,,,,,,,,,,,,,,,,,,,,,,,,,,,,,,,,,,,26804753,false,false,3,2014-04-01,2014-06-30,-1
2015-10-29,35130,2016-03-31,,6120000000,-0.044,,,,,330000000,-0.468,325000000,-0.467,,240000000,,10.03,,,,,,,,,,,,,,,,,,,,,,true,true,6,2015-04-01,2015-09-30,0
2015-10-29,35130,2015-03-31,,6085000000,,,,,,442000000,,435000000,,,270000000,,10.42,,,,,,,,,,,,,,,,,,,,,,true,false,6,2014-04-01,2014-09-30,-1
2015-10-29,35130,2016-03-31,,5525000000,-0.047,,,,,,,480000000,-0.158,400000000,,-0.070,16.72,,,,,,,,,,,,,,,,,,,,,,false,true,6,2015-04-01,2015-09-30,0
2015-10-29,35130,2015-03-31,,5445000000,,,,,,,,571000000,,417000000,,,16.07,,,,,,,,,,,,,,,,,,,,,,false,false,6,2014-04-01,2014-09-30,-1
2015-10-30,35130,2016-03-31,2,6121000000,0.006,,,,,330000000,-0.252,328000000,-0.248,,242000000,,10.15,,,,,,26076000000,18400000000,0.706,,18400000000,,,,,,,,,,,,true,false,6,2015-04-01,2015-09-30,0
2015-10-30,35130,2015-03-31,2,6085000000,-0.005,,,,,442000000,-0.027,435000000,-0.086,,270000000,,10.42,,,,,,,,,,,,,,,,,,,,,,true,false,6,2014-04-01,2014-09-30,-1
2015-10-30,35130,2016-03-31,2,13000000000,0.033,,,,,1160000000,0.313,1160000000,0.316,,730000000,,30.61,,,,,,,,,,,,,,,,,,,,,,true,true,12,2015-04-01,2016-03-31,0
2015-10-30,35130,2015-03-31,2,,,,,,,,,,,,,,,,,,,,26822000000,18394000000,0.686,,18394000000,,,,,,,,,,,,true,false,12,2014-04-01,2015-03-31,-1
2015-10-30,35130,2015-03-31,2,,,,,,,,,,,,,,,,,,,,,,,,,,,,,10.00,,,,24835758,855267,,false,false,12,2014-04-01,2015-03-31,-1
2015-10-30,35130,2016-03-31,2,,,,,,,,,,,,,,,,,,,,,,,,,,,,,6.00,,,,,,,false,false,12,2015-04-01,2016-03-31,0
2015-10-30,35130,2016-03-31,2,,,,,,,,,,,,,,,,,,,,,,,,,,,,,12.00,,,,,,,false,true,12,2015-04-01,2016-03-31,0
2015-10-30,35130,2016-03-31,2,,,,,,,,,,,,,,,,,,,,,,,,,,,,,,,,,24835758,1059984,23921184,false,false,6,2015-04-01,2015-09-30,0
2015-10-30,35130,2015-03-31,2,,,,,,,,,,,,,,,,,,,,,,,,,,,,,,,,,,,25973970,false,false,6,2014-04-01,2014-09-30,-1
2016-01-29,35130,2016-03-31,3,8901000000,-0.043,,,,,440000000,-0.426,455000000,-0.374,,287000000,,12.03,,,,,,26255000000,18479000000,0.704,,18479000000,,,,,,,,,,,,true,false,9,2015-04-01,2015-12-31,0
2016-01-29,35130,2015-03-31,3,9302000000,0.016,,,,,766000000,-0.022,727000000,0.001,,419000000,,16.59,,,,,,,,,,,,,,,,,,,,,,true,false,9,2014-04-01,2014-12-31,-1
2016-01-29,35130,2016-03-31,3,12100000000,-0.039,,,,,450000000,-0.491,560000000,-0.365,,330000000,,13.84,,,,,,,,,,,,,,,,,,,,,,true,true,12,2015-04-01,2016-03-31,0
2016-01-29,35130,2015-03-31,3,,,,,,,,,,,,,,,,,,,,26822000000,18394000000,0.686,,18394000000,,,,,,,,,,,,true,false,12,2014-04-01,2015-03-31,-1
2016-01-29,35130,2015-03-31,3,,,,,,,,,,,,,,,,,,,,,,,,,,,,,10.00,,,,24835758,855267,,false,false,12,2014-04-01,2015-03-31,-1
2016-01-29,35130,2016-03-31,3,,,,,,,,,,,,,,,,,,,,,,,,,,,,,6.00,,,,,,,false,false,12,2015-04-01,2016-03-31,0
2016-01-29,35130,2016-03-31,3,,,,,,,,,,,,,,,,,,,,,,,,,,,,,12.00,,,,,,,false,true,12,2015-04-01,2016-03-31,0
2016-01-29,35130,2016-03-31,3,,,,,,,,,,,,,,,,,,,,,,,,,,,,,,,,,24835758,1061559,23872364,false,false,9,2015-04-01,2015-12-31,0
2016-01-29,35130,2015-03-31,3,,,,,,,,,,,,,,,,,,,,,,,,,,,,,,,,,,,25309331,false,false,9,2014-04-01,2014-12-31,-1
2016-01-29,35130,2016-03-31,,12100000000,-0.069,,,,,450000000,-0.612,560000000,-0.517,,330000000,,13.84,,,,,,,,,,,,,,,,,,,,,,true,true,12,2015-04-01,2016-03-31,0
2016-01-29,35130,2015-03-31,,12590000000,,,,,,883000000,,881000000,,,648000000,,25.96,,,,,,,,,,,,,,,,,,,,,,true,false,12,2014-04-01,2015-03-31,-1
2016-01-29,35130,2016-03-31,,10900000000,-0.076,,,,,,,470000000,-0.515,360000000,,-0.446,15.10,,,,,,,,,,,,,,,,,,,,,,false,true,12,2015-04-01,2016-03-31,0
2016-01-29,35130,2015-03-31,,11273000000,,,,,,,,883000000,,710000000,,,28.43,,,,,,,,,,,,,,,,,,,,,,false,false,12,2014-04-01,2015-03-31,-1
2016-05-13,35130,2016-03-31,,12042000000,-0.044,,,,,477000000,-0.460,540000000,-0.387,,364000000,,15.29,,0.020,0.021,0.040,,25145000000,17602000000,0.700,740.39,17602000000,1129000000,-1018000000,-797000000,1688000000,,0.785,,,,,,true,false,12,2015-04-01,2016-03-31,0
2016-05-13,35130,2015-03-31,,12590000000,0.010,,,,,883000000,-0.078,881000000,-0.010,,648000000,,25.96,,0.036,0.033,0.070,,26822000000,18394000000,0.686,767.04,18394000000,1745000000,-1169000000,-1541000000,2384000000,,0.385,,,,,,true,false,12,2014-04-01,2015-03-31,-1
2016-05-13,35130,2017-03-31,,5800000000,-0.053,,,,,180000000,-0.455,200000000,-0.390,,80000000,,3.36,,,,,,,,,,,,,,,,,,,,,,true,true,6,2016-04-01,2016-09-30,1
2016-05-13,35130,2017-03-31,,12200000000,0.013,,,,,540000000,0.132,590000000,0.092,,300000000,,12.62,,,,,,,,,,,,,,,,0.951,,,,,,true,true,12,2016-04-01,2017-03-31,1
2016-05-13,35130,2016-03-31,,10832000000,-0.039,,,,,326000000,-0.471,468000000,-0.469,411000000,,-0.420,17.26,,,,,,23819000000,17027000000,0.715,716.22,17027000000,,,,,12.00,,,,24835758,1061579,23847952,false,false,12,2015-04-01,2016-03-31,0
2016-05-13,35130,2015-03-31,,11273000000,0.014,,,,,617000000,0.014,883000000,0.011,710000000,,-0.145,28.43,,,,,,25423000000,17417000000,0.685,726.33,17417000000,,,,,10.00,,,,24835758,855267,24982166,false,false,12,2014-04-01,2015-03-31,-1
2016-05-13,35130,2017-03-31,,5400000000,-0.023,,,,,,,130000000,-0.730,70000000,,-0.826,2.94,,,,,,,,,,,,,,,,,,,,,,false,true,6,2016-04-01,2016-09-30,1
2016-05-13,35130,2017-03-31,,11200000000,0.034,,,,,,,370000000,-0.211,190000000,,-0.538,7.99,,,,,,,,,,,,,,,12.00,,,,,,,false,true,12,2016-04-01,2017-03-31,1
2016-07-29,35130,2017-03-31,1,2493000000,-0.131,,,,,16000000,-0.821,-16000000,,,-32000000,,-1.39,,,,,,24296000000,17153000000,0.706,,17153000000,,,,,,,,,,,,true,false,3,2016-04-01,2016-06-30,0
2016-07-29,35130,2016-03-31,1,2869000000,-0.004,,,,,91000000,-0.579,124000000,-0.441,,85000000,,3.56,,,,,,,,,,,,,,,,,,,,,,true,false,3,2015-04-01,2015-06-30,-1
2016-07-29,35130,2017-03-31,1,5800000000,-0.053,,,,,180000000,-0.455,200000000,-0.390,,80000000,,3.36,,,,,,,,,,,,,,,,,,,,,,true,true,6,2016-04-01,2016-09-30,0
2016-07-29,35130,2017-03-31,1,12200000000,0.013,,,,,540000000,0.132,590000000,0.092,,300000000,,12.62,,,,,,,,,,,,,,,,,,,,,,true,true,12,2016-04-01,2017-03-31,0
2016-07-29,35130,2016-03-31,1,,,,,,,,,,,,,,,,,,,,25145000000,17602000000,0.700,,17602000000,,,,,,,,,,,,true,false,12,2015-04-01,2016-03-31,-1
2016-07-29,35130,2016-03-31,1,,,,,,,,,,,,,,,,,,,,,,,,,,,,,12.00,,,,24835758,1061579,,false,false,12,2015-04-01,2016-03-31,-1
2016-07-29,35130,2017-03-31,1,,,,,,,,,,,,,,,,,,,,,,,,,,,,,12.00,,,,,,,false,true,12,2016-04-01,2017-03-31,0
2016-07-29,35130,2017-03-31,1,,,,,,,,,,,,,,,,,,,,,,,,,,,,,,,,,24835758,1062167,23773705,false,false,3,2016-04-01,2016-06-30,0
2016-07-29,35130,2016-03-31,1,,,,,,,,,,,,,,,,,,,,,,,,,,,,,,,,,,,23977688,false,false,3,2015-04-01,2015-06-30,-1
2016-10-28,35130,2017-03-31,,5665000000,-0.023,,,,,140000000,-0.222,90000000,-0.555,,2000000,,0.08,,,,,,,,,,,,,,,,,,,,,,true,true,6,2016-04-01,2016-09-30,0
2016-10-28,35130,2016-03-31,,6121000000,,,,,,330000000,,328000000,,,242000000,,10.15,,,,,,,,,,,,,,,,,,,,,,true,false,6,2015-04-01,2015-09-30,-1
2016-10-28,35130,2017-03-31,,5235000000,-0.031,,,,,,,80000000,-0.385,10000000,,-0.857,0.42,,,,,,,,,,,,,,,,,,,,,,false,true,6,2016-04-01,2016-09-30,0
2016-10-28,35130,2016-03-31,,5529000000,,,,,,,,482000000,,401000000,,,16.80,,,,,,,,,,,,,,,,,,,,,,false,false,6,2015-04-01,2015-09-30,-1
2016-10-31,35130,2017-03-31,2,5669000000,-0.074,,,,,142000000,-0.568,93000000,-0.714,,2000000,,0.08,,,,,,24526000000,17413000000,0.710,,17413000000,,,,,,,,,,,,true,false,6,2016-04-01,2016-09-30,0
2016-10-31,35130,2016-03-31,2,6121000000,0.006,,,,,330000000,-0.252,328000000,-0.248,,242000000,,10.15,,,,,,,,,,,,,,,,,,,,,,true,false,6,2015-04-01,2015-09-30,-1
2016-10-31,35130,2017-03-31,2,12200000000,0.013,,,,,540000000,0.132,590000000,0.092,,300000000,,12.62,,,,,,,,,,,,,,,,,,,,,,true,true,12,2016-04-01,2017-03-31,0
2016-10-31,35130,2016-03-31,2,,,,,,,,,,,,,,,,,,,,25145000000,17602000000,0.700,,17602000000,,,,,,,,,,,,true,false,12,2015-04-01,2016-03-31,-1
2016-10-31,35130,2016-03-31,2,,,,,,,,,,,,,,,,,,,,,,,,,,,,,12.00,,,,24835758,1061579,,false,false,12,2015-04-01,2016-03-31,-1
2016-10-31,35130,2017-03-31,2,,,,,,,,,,,,,,,,,,,,,,,,,,,,,6.00,,,,,,,false,false,12,2016-04-01,2017-03-31,0
2016-10-31,35130,2017-03-31,2,,,,,,,,,,,,,,,,,,,,,,,,,,,,,12.00,,,,,,,false,true,12,2016-04-01,2017-03-31,0
2016-10-31,35130,2017-03-31,2,,,,,,,,,,,,,,,,,,,,,,,,,,,,,,,,,24835758,1063939,23773216,false,false,6,2016-04-01,2016-09-30,0
2016-10-31,35130,2016-03-31,2,,,,,,,,,,,,,,,,,,,,,,,,,,,,,,,,,,,23921184,false,false,6,2015-04-01,2015-09-30,-1
2017-01-31,35130,2017-03-31,3,8406000000,-0.056,,,,,241000000,-0.451,225000000,-0.505,,74000000,,3.14,,,,,,24861000000,17937000000,0.722,,17937000000,,,,,,,,,,,,true,false,9,2016-04-01,2016-12-31,0
2017-01-31,35130,2016-03-31,3,8901000000,-0.043,,,,,440000000,-0.426,455000000,-0.374,,287000000,,12.03,,,,,,,,,,,,,,,,,,,,,,true,false,9,2015-04-01,2015-12-31,-1
2017-01-31,35130,2017-03-31,3,12200000000,0.013,,,,,540000000,0.132,590000000,0.092,,300000000,,12.62,,,,,,,,,,,,,,,,,,,,,,true,true,12,2016-04-01,2017-03-31,0
2017-01-31,35130,2016-03-31,3,,,,,,,,,,,,,,,,,,,,25145000000,17602000000,0.700,,17602000000,,,,,,,,,,,,true,false,12,2015-04-01,2016-03-31,-1
2017-01-31,35130,2016-03-31,3,,,,,,,,,,,,,,,,,,,,,,,,,,,,,12.00,,,,24835758,1061579,,false,false,12,2015-04-01,2016-03-31,-1
2017-01-31,35130,2017-03-31,3,,,,,,,,,,,,,,,,,,,,,,,,,,,,,6.00,,,,,,,false,false,12,2016-04-01,2017-03-31,0
2017-01-31,35130,2017-03-31,3,,,,,,,,,,,,,,,,,,,,,,,,,,,,,12.00,,,,,,,false,true,12,2016-04-01,2017-03-31,0
2017-01-31,35130,2017-03-31,3,,,,,,,,,,,,,,,,,,,,,,,,,,,,,,,,,24835758,1063949,23772739,false,false,9,2016-04-01,2016-12-31,0
2017-01-31,35130,2016-03-31,3,,,,,,,,,,,,,,,,,,,,,,,,,,,,,,,,,,,23872364,false,false,9,2015-04-01,2015-12-31,-1
2017-05-12,35130,2017-03-31,,11695000000,-0.041,,,,,360000000,-0.333,380000000,-0.356,,235000000,,9.86,,,,,,,,,,,,,,,,,,,,,,true,true,12,2016-04-01,2017-03-31,0
2017-05-12,35130,2016-03-31,,12042000000,,,,,,477000000,,540000000,,,364000000,,15.29,,,,,,,,,,,,,,,,,,,,,,true,false,12,2015-04-01,2016-03-31,-1
2017-05-12,35130,2017-03-31,,10745000000,-0.041,,,,,,,320000000,-0.135,210000000,,0.105,8.83,,,,,,,,,,,,,,,,,,,,,,false,true,12,2016-04-01,2017-03-31,0
2017-05-12,35130,2016-03-31,,10832000000,,,,,,,,468000000,,411000000,,,17.26,,,,,,,,,,,,,,,,,,,,,,false,false,12,2015-04-01,2016-03-31,-1
2017-05-15,35130,2017-03-31,,11696000000,-0.029,,,,,362000000,-0.240,381000000,-0.293,,235000000,,9.92,,0.013,0.015,0.031,,24964000000,18108000000,0.725,761.78,18108000000,1712000000,-1048000000,-691000000,1642000000,,1.210,,,,,,true,false,12,2016-04-01,2017-03-31,0
2017-05-15,35130,2016-03-31,,12042000000,-0.044,,,,,477000000,-0.460,540000000,-0.387,,364000000,,15.29,,0.020,0.021,0.040,,25145000000,17602000000,0.700,740.39,17602000000,1129000000,-1018000000,-797000000,1688000000,,0.785,,,,,,true,false,12,2015-04-01,2016-03-31,-1
2017-05-15,35130,2018-03-31,,6200000000,0.094,,,,,380000000,1.660,410000000,3.378,,240000000,,10.10,,,,,,,,,,,,,,,,,,,,,,true,true,6,2017-04-01,2017-09-30,1
2017-05-15,35130,2018-03-31,,12400000000,0.060,,,,,720000000,0.986,800000000,1.095,,460000000,,19.35,,,,,,,,,,,,,,,,0.620,,,,,,true,true,12,2017-04-01,2018-03-31,1
2017-05-15,35130,2017-03-31,,10747000000,-0.008,,,,,135000000,-0.585,323000000,-0.309,211000000,,-0.487,8.88,,,,,,23888000000,17443000000,0.730,733.78,17443000000,,,,,12.00,,,,24835758,1064093,23772501,false,false,12,2016-04-01,2017-03-31,0
2017-05-15,35130,2016-03-31,,10832000000,-0.039,,,,,326000000,-0.471,468000000,-0.469,411000000,,-0.420,17.26,,,,,,23819000000,17027000000,0.715,716.22,17027000000,,,,,12.00,,,,24835758,1061579,23847952,false,false,12,2015-04-01,2016-03-31,-1
2017-05-15,35130,2018-03-31,,,,,,,,,,,,,,,,,,,,,,,,,,,,,,12.00,,,,,,,false,true,12,2017-04-01,2018-03-31,1
2017-07-31,35130,2018-03-31,1,2838000000,0.138,,,,,78000000,3.801,100000000,,,34000000,,1.45,,,,,,25369000000,18294000000,0.721,,18294000000,,,,,,,,,,,,true,false,3,2017-04-01,2017-06-30,0
2017-07-31,35130,2017-03-31,1,2493000000,-0.131,,,,,16000000,-0.821,-16000000,,,-32000000,,-1.39,,,,,,,,,,,,,,,,,,,,,,true,false,3,2016-04-01,2016-06-30,-1
2017-07-31,35130,2018-03-31,1,6200000000,0.094,,,,,380000000,1.660,410000000,3.378,,240000000,,10.10,,,,,,,,,,,,,,,,,,,,,,true,true,6,2017-04-01,2017-09-30,0
2017-07-31,35130,2018-03-31,1,12400000000,0.060,,,,,720000000,0.986,800000000,1.095,,460000000,,19.35,,,,,,,,,,,,,,,,,,,,,,true,true,12,2017-04-01,2018-03-31,0
2017-07-31,35130,2017-03-31,1,,,,,,,,,,,,,,,,,,,,24964000000,18108000000,0.725,,18108000000,,,,,,,,,,,,true,false,12,2016-04-01,2017-03-31,-1
2017-07-31,35130,2017-03-31,1,,,,,,,,,,,,,,,,,,,,,,,,,,,,,12.00,,,,24835758,1064093,,false,false,12,2016-04-01,2017-03-31,-1
2017-07-31,35130,2018-03-31,1,,,,,,,,,,,,,,,,,,,,,,,,,,,,,12.00,,,,,,,false,true,12,2017-04-01,2018-03-31,0
2017-07-31,35130,2018-03-31,1,,,,,,,,,,,,,,,,,,,,,,,,,,,,,,,,,24835758,1065016,23771074,false,false,3,2017-04-01,2017-06-30,0
2017-07-31,35130,2017-03-31,1,,,,,,,,,,,,,,,,,,,,,,,,,,,,,,,,,,,23773705,false,false,3,2016-04-01,2016-06-30,-1
2017-10-31,35130,2018-03-31,2,6293000000,0.110,,,,,389000000,1.723,402000000,3.298,,230000000,,9.71,,,,,,29190000000,18695000000,0.714,,18695000000,,,,,,,,,,,,true,false,6,2017-04-01,2017-09-30,0
2017-10-31,35130,2017-03-31,2,5669000000,-0.074,,,,,142000000,-0.568,93000000,-0.714,,2000000,,0.08,,,,,,,,,,,,,,,,,,,,,,true,false,6,2016-04-01,2016-09-30,-1
2017-10-31,35130,2018-03-31,2,12400000000,0.060,,,,,720000000,0.986,800000000,1.095,,460000000,,19.35,,,,,,,,,,,,,,,,,,,,,,true,true,12,2017-04-01,2018-03-31,0
2017-10-31,35130,2017-03-31,2,,,,,,,,,,,,,,,,,,,,24964000000,18108000000,0.725,,18108000000,,,,,,,,,,,,true,false,12,2016-04-01,2017-03-31,-1
2017-10-31,35130,2017-03-31,2,,,,,,,,,,,,,,,,,,,,,,,,,,,,,12.00,,,,24835758,1064093,,false,false,12,2016-04-01,2017-03-31,-1
2017-10-31,35130,2018-03-31,2,,,,,,,,,,,,,,,,,,,,,,,,,,,,,6.00,,,,,,,false,false,12,2017-04-01,2018-03-31,0
2017-10-31,35130,2018-03-31,2,,,,,,,,,,,,,,,,,,,,,,,,,,,,,12.00,,,,,,,false,true,12,2017-04-01,2018-03-31,0
2017-10-31,35130,2018-03-31,2,,,,,,,,,,,,,,,,,,,,,,,,,,,,,,,,,24835758,1065724,23770841,false,false,6,2017-04-01,2017-09-30,0
2017-10-31,35130,2017-03-31,2,,,,,,,,,,,,,,,,,,,,,,,,,,,,,,,,,,,23773216,false,false,6,2016-04-01,2016-09-30,-1
2018-01-31,35130,2018-03-31,3,9275000000,0.103,,,,,581000000,1.406,605000000,1.681,,364000000,,15.35,,,,,,26238000000,18867000000,0.719,,18867000000,,,,,,,,,,,,true,false,9,2017-04-01,2017-12-31,0
2018-01-31,35130,2017-03-31,3,8406000000,-0.056,,,,,241000000,-0.451,225000000,-0.505,,74000000,,3.14,,,,,,,,,,,,,,,,,,,,,,true,false,9,2016-04-01,2016-12-31,-1
2018-01-31,35130,2018-03-31,3,12400000000,0.060,,,,,720000000,0.986,800000000,1.095,,460000000,,19.35,,,,,,,,,,,,,,,,,,,,,,true,true,12,2017-04-01,2018-03-31,0
2018-01-31,35130,2017-03-31,3,,,,,,,,,,,,,,,,,,,,24964000000,18108000000,0.725,,18108000000,,,,,,,,,,,,true,false,12,2016-04-01,2017-03-31,-1
2018-01-31,35130,2017-03-31,3,,,,,,,,,,,,,,,,,,,,,,,,,,,,,12.00,,,,24835758,1064093,,false,false,12,2016-04-01,2017-03-31,-1
2018-01-31,35130,2018-03-31,3,,,,,,,,,,,,,,,,,,,,,,,,,,,,,6.00,,,,,,,false,false,12,2017-04-01,2018-03-31,0
2018-01-31,35130,2018-03-31,3,,,,,,,,,,,,,,,,,,,,,,,,,,,,,12.00,,,,,,,false,true,12,2017-04-01,2018-03-31,0
2018-01-31,35130,2018-03-31,3,,,,,,,,,,,,,,,,,,,,,,,,,,,,,,,,,24835758,1066186,23770530,false,false,9,2017-04-01,2017-12-31,0
2018-01-31,35130,2017-03-31,3,,,,,,,,,,,,,,,,,,,,,,,,,,,,,,,,,,,23772739,false,false,9,2016-04-01,2016-12-31,-1
2018-05-15,35130,2018-03-31,,12417000000,0.062,,,,,592000000,0.634,675000000,0.769,,344000000,,14.50,,0.019,0.026,0.048,,26083000000,18651000000,0.715,784.70,18651000000,2053000000,-686000000,153000000,3171000000,,0.828,,,,,,true,false,12,2017-04-01,2018-03-31,0
2018-05-15,35130,2017-03-31,,11696000000,-0.029,,,,,362000000,-0.240,381000000,-0.293,,235000000,,9.92,,0.013,0.015,0.031,,24964000000,18108000000,0.725,761.78,18108000000,1712000000,-1048000000,-691000000,1642000000,,1.210,,,,,,true,false,12,2016-04-01,2017-03-31,-1
2018-05-15,35130,2019-03-31,,6300000000,0.001,,,,,380000000,-0.023,440000000,0.093,,280000000,,11.78,,,,,,,,,,,,,,,,,,,,,,true,true,6,2018-04-01,2018-09-30,1
2018-05-15,35130,2019-03-31,,12700000000,0.023,,,,,720000000,0.215,830000000,0.229,,510000000,,107.28,,,,,,,,,,,,,,,,0.559,,,,,,true,true,12,2018-04-01,2019-03-31,1
2018-05-15,35130,2018-03-31,,11180000000,0.040,,,,,213000000,0.574,378000000,0.167,173000000,,-0.177,7.31,,,,,,24763000000,17632000000,0.712,741.81,17632000000,,,,,12.00,,,,24835758,1066732,23770187,false,false,12,2017-04-01,2018-03-31,0
2018-05-15,35130,2017-03-31,,10747000000,-0.008,,,,,135000000,-0.585,323000000,-0.309,211000000,,-0.487,8.88,,,,,,23888000000,17443000000,0.730,733.78,17443000000,,,,,12.00,,,,24835758,1064093,23772501,false,false,12,2016-04-01,2017-03-31,-1
2018-05-15,35130,2019-03-31,,,,,,,,,,,,,,,,,,,,,,,,,,,,,,30.00,,,,,,,false,true,12,2018-04-01,2019-03-31,1
2018-07-31,35130,2019-03-31,1,2945000000,0.038,,,,,142000000,0.815,201000000,0.994,,110000000,,4.65,,,,,,25603000000,18520000000,0.723,,18520000000,,,,,,,,,,,,true,false,3,2018-04-01,2018-06-30,0
2018-07-31,35130,2018-03-31,1,2838000000,0.138,,,,,78000000,3.801,100000000,,,34000000,,1.45,,,,,,,,,,,,,,,,,,,,,,true,false,3,2017-04-01,2017-06-30,-1
2018-07-31,35130,2019-03-31,1,6300000000,0.001,,,,,380000000,-0.023,440000000,0.093,,280000000,,11.78,,,,,,,,,,,,,,,,,,,,,,true,true,6,2018-04-01,2018-09-30,0
2018-07-31,35130,2019-03-31,1,12700000000,0.023,,,,,720000000,0.215,830000000,0.229,,510000000,,107.28,,,,,,,,,,,,,,,,,,,,,,true,true,12,2018-04-01,2019-03-31,0
2018-07-31,35130,2018-03-31,1,,,,,,,,,,,,,,,,,,,,25871000000,18651000000,0.721,,18651000000,,,,,,,,,,,,true,false,12,2017-04-01,2018-03-31,-1
2018-07-31,35130,2018-03-31,1,,,,,,,,,,,,,,,,,,,,,,,,,,,,,12.00,,,,24835758,1066732,,false,false,12,2017-04-01,2018-03-31,-1
2018-07-31,35130,2019-03-31,1,,,,,,,,,,,,,,,,,,,,,,,,,,,,,30.00,,,,,,,false,true,12,2018-04-01,2019-03-31,0
2018-07-31,35130,2019-03-31,1,,,,,,,,,,,,,,,,,,,,,,,,,,,,,,,,,24835758,1067618,23768778,false,false,3,2018-04-01,2018-06-30,0
2018-07-31,35130,2018-03-31,1,,,,,,,,,,,,,,,,,,,,,,,,,,,,,,,,,,,23771074,false,false,3,2017-04-01,2017-06-30,-1
2018-10-31,35130,2019-03-31,2,6257000000,-0.006,,,,,437000000,0.125,499000000,0.241,,317000000,,66.89,,,,,,26450000000,19141000000,0.723,,19130000000,,,,,,,,,,,,true,false,6,2018-04-01,2018-09-30,0
2018-10-31,35130,2018-03-31,2,6293000000,0.110,,,,,389000000,1.723,402000000,3.298,,230000000,,48.57,,,,,,,,,,,,,,,,,,,,,,true,false,6,2017-04-01,2017-09-30,-1
2018-10-31,35130,2019-03-31,2,12700000000,0.023,,,,,720000000,0.215,830000000,0.229,,510000000,,107.28,,,,,,,,,,,,,,,,,,,,,,true,true,12,2018-04-01,2019-03-31,0
2018-10-31,35130,2018-03-31,2,,,,,,,,,,,,,,,,,,,,25871000000,18651000000,0.721,,18651000000,,,,,,,,,,,,true,false,12,2017-04-01,2018-03-31,-1
2018-10-31,35130,2018-03-31,2,,,,,,,,,,,,,,,,,,,,,,,,,,,,,12.00,,,,4967151,213346,,false,false,12,2017-04-01,2018-03-31,-1
2018-10-31,35130,2019-03-31,2,,,,,,,,,,,,,,,,,,,,,,,,,,,,,6.00,,,,,,,false,false,12,2018-04-01,2019-03-31,0
2018-10-31,35130,2019-03-31,2,,,,,,,,,,,,,,,,,,,,,,,,,,,,,30.00,,,,,,,false,true,12,2018-04-01,2019-03-31,0
2018-10-31,35130,2019-03-31,2,,,,,,,,,,,,,,,,,,,,,,,,,,,,,,,,,4967151,213646,4753665,false,false,6,2018-04-01,2018-09-30,0
2018-10-31,35130,2018-03-31,2,,,,,,,,,,,,,,,,,,,,,,,,,,,,,,,,,,,4754168,false,false,6,2017-04-01,2017-09-30,-1
2019-01-31,35130,2019-03-31,3,9227000000,-0.005,,,,,571000000,-0.018,689000000,0.140,,437000000,,92.00,,,,,,24951000000,18331000000,0.734,,18315000000,,,,,,,,,,,,true,false,9,2018-04-01,2018-12-31,0
2019-01-31,35130,2018-03-31,3,9275000000,0.103,,,,,581000000,1.406,605000000,1.681,,364000000,,76.75,,,,,,,,,,,,,,,,,,,,,,true,false,9,2017-04-01,2017-12-31,-1
2019-01-31,35130,2019-03-31,3,12700000000,0.023,,,,,720000000,0.215,830000000,0.229,,510000000,,107.28,,,,,,,,,,,,,,,,,,,,,,true,true,12,2018-04-01,2019-03-31,0
2019-01-31,35130,2018-03-31,3,,,,,,,,,,,,,,,,,,,,25871000000,18651000000,0.721,,18651000000,,,,,,,,,,,,true,false,12,2017-04-01,2018-03-31,-1
2019-01-31,35130,2018-03-31,3,,,,,,,,,,,,,,,,,,,,,,,,,,,,,12.00,,,,4967151,213346,,false,false,12,2017-04-01,2018-03-31,-1
2019-01-31,35130,2019-03-31,3,,,,,,,,,,,,,,,,,,,,,,,,,,,,,6.00,,,,,,,false,false,12,2018-04-01,2019-03-31,0
2019-01-31,35130,2019-03-31,3,,,,,,,,,,,,,,,,,,,,,,,,,,,,,30.00,,,,,,,false,true,12,2018-04-01,2019-03-31,0
2019-01-31,35130,2019-03-31,3,,,,,,,,,,,,,,,,,,,,,,,,,,,,,,,,,4967151,213743,4753585,false,false,9,2018-04-01,2018-12-31,0
2019-01-31,35130,2018-03-31,3,,,,,,,,,,,,,,,,,,,,,,,,,,,,,,,,,,,4754106,false,false,9,2017-04-01,2017-12-31,-1
2019-04-26,35130,2019-03-31,,12300000000,-0.031,,,,,480000000,-0.333,610000000,-0.265,,360000000,,75.85,,,,,,,,,,,,,,,,,,,,,,true,true,12,2018-04-01,2019-03-31,0
2019-04-26,35130,2018-03-31,,12417000000,,,,,,592000000,,675000000,,,344000000,,14.50,,,,,,,,,,,,,,,,,,,,,,true,false,12,2017-04-01,2018-03-31,-1
2019-05-15,35130,2019-03-31,,12357000000,-0.005,,,,,485000000,-0.181,611000000,-0.094,,366000000,,77.03,,0.020,0.024,0.039,,25624000000,18435000000,0.719,3875.51,18420000000,1815000000,-302000000,-465000000,4241000000,,0.779,,,,,,true,false,12,2018-04-01,2019-03-31,0
2019-05-15,35130,2018-03-31,,12417000000,0.062,,,,,592000000,0.634,675000000,0.769,,344000000,,72.51,,0.019,0.027,0.048,,25871000000,18651000000,0.721,3923.49,18651000000,2053000000,-686000000,153000000,3171000000,,0.828,,,,,,true,false,12,2017-04-01,2018-03-31,-1
2019-05-15,35130,2020-03-31,,6040000000,-0.035,,,,,250000000,-0.428,280000000,-0.439,,170000000,,35.77,,,,,,,,,,,,,,,,,,,,,,true,true,6,2019-04-01,2019-09-30,1
2019-05-15,35130,2020-03-31,,12100000000,-0.021,,,,,420000000,-0.134,510000000,-0.165,,290000000,,61.01,,,,,,,,,,,,,,,,1.065,,,,,,true,true,12,2019-04-01,2020-03-31,1
2019-05-15,35130,2019-03-31,,11046000000,-0.012,,,,,176000000,-0.171,474000000,0.255,337000000,,0.945,71.07,,,,,,24223000000,17303000000,0.714,3640.39,17303000000,,,,,30.00,,,,4967151,214073,4753423,false,false,12,2018-04-01,2019-03-31,0
2019-05-15,35130,2018-03-31,,11180000000,0.040,,,,,213000000,0.574,378000000,0.167,173000000,,-0.177,36.54,,,,,,24618000000,17632000000,0.716,3709.04,17632000000,,,,,12.00,,,,4967151,213346,4754037,false,false,12,2017-04-01,2018-03-31,-1
2019-05-15,35130,2020-03-31,,,,,,,,,,,,,,,,,,,,,,,,,,,,,,65.00,,,,,,,false,true,12,2019-04-01,2020-03-31,1
2019-07-31,35130,2020-03-31,1,2912000000,-0.011,,,,,59000000,-0.582,89000000,-0.556,,60000000,,12.86,,,,,,24921000000,18065000000,0.724,,18050000000,,,,,,,,,,,,true,false,3,2019-04-01,2019-06-30,0
2019-07-31,35130,2019-03-31,1,2945000000,0.038,,,,,142000000,0.815,201000000,0.994,,110000000,,23.25,,,,,,,,,,,,,,,,,,,,,,true,false,3,2018-04-01,2018-06-30,-1
2019-07-31,35130,2020-03-31,1,6040000000,-0.035,,,,,250000000,-0.428,280000000,-0.439,170000000,,-0.464,35.77,,,,,,,,,,,,,,,,,,,,,,true,true,6,2019-04-01,2019-09-30,0
2019-07-31,35130,2020-03-31,1,12100000000,-0.021,,,,,420000000,-0.134,510000000,-0.165,290000000,,-0.208,60.01,,,,,,,,,,,,,,,,,,,,,,true,true,12,2019-04-01,2020-03-31,0
2019-07-31,35130,2019-03-31,1,,,,,,,,,,,,,,,,,,,,25624000000,18435000000,0.719,,18420000000,,,,,,,,,,,,true,false,12,2018-04-01,2019-03-31,-1
2019-07-31,35130,2019-03-31,1,,,,,,,,,,,,,,,,,,,,,,,,,,,,,30.00,,,,4967151,214073,,false,false,12,2018-04-01,2019-03-31,-1
2019-07-31,35130,2020-03-31,1,,,,,,,,,,,,,,,,,,,,,,,,,,,,,65.00,,,,,,,false,true,12,2019-04-01,2020-03-31,0
2019-07-31,35130,2020-03-31,1,,,,,,,,,,,,,,,,,,,,,,,,,,,,,,,,,4967151,285041,4740340,false,false,3,2019-04-01,2019-06-30,0
2019-07-31,35130,2019-03-31,1,,,,,,,,,,,,,,,,,,,,,,,,,,,,,,,,,,,4753755,false,false,3,2018-04-01,2018-06-30,-1
2019-10-29,35130,2020-03-31,,5930000000,-0.018,,,,,110000000,-0.560,170000000,-0.393,,110000000,,23.61,,,,,,,,,,,,,,,,,,,,,,true,true,6,2019-04-01,2019-09-30,0
2019-10-29,35130,2019-03-31,,6257000000,,,,,,437000000,,499000000,,,317000000,,66.89,,,,,,,,,,,,,,,,,,,,,,true,false,6,2018-04-01,2018-09-30,-1
2019-10-31,35130,2020-03-31,2,5933000000,-0.052,,,,,108000000,-0.751,165000000,-0.669,,108000000,,23.38,,,,,,24825000000,17938000000,0.722,,17924000000,,,,,,,,,,,,true,false,6,2019-04-01,2019-09-30,0
2019-10-31,35130,2019-03-31,2,6257000000,-0.006,,,,,437000000,0.125,499000000,0.241,,317000000,,66.89,,,,,,,,,,,,,,,,,,,,,,true,false,6,2018-04-01,2018-09-30,-1
2019-10-31,35130,2020-03-31,2,12100000000,-0.021,,,,,420000000,-0.134,510000000,-0.165,290000000,,-0.208,62.84,,,,,,,,,,,,,,,,,,,,,,true,true,12,2019-04-01,2020-03-31,0
2019-10-31,35130,2019-03-31,2,,,,,,,,,,,,,,,,,,,,25624000000,18435000000,0.719,,18420000000,,,,,,,,,,,,true,false,12,2018-04-01,2019-03-31,-1
2019-10-31,35130,2019-03-31,2,,,,,,,,,,,,,,,,,,,,,,,,,,,,,30.00,,,,4967151,214073,,false,false,12,2018-04-01,2019-03-31,-1
2019-10-31,35130,2020-03-31,2,,,,,,,,,,,,,,,,,,,,,,,,,,,,,30.00,,,,,,,false,false,12,2019-04-01,2020-03-31,0
2019-10-31,35130,2020-03-31,2,,,,,,,,,,,,,,,,,,,,,,,,,,,,,65.00,,,,,,,false,true,12,2019-04-01,2020-03-31,0
2019-10-31,35130,2020-03-31,2,,,,,,,,,,,,,,,,,,,,,,,,,,,,,,,,,4967151,396222,4658243,false,false,6,2019-04-01,2019-09-30,0
2019-10-31,35130,2019-03-31,2,,,,,,,,,,,,,,,,,,,,,,,,,,,,,,,,,,,4753665,false,false,6,2018-04-01,2018-09-30,-1
2020-01-31,35130,2020-03-31,3,8832000000,-0.043,,,,,279000000,-0.511,382000000,-0.446,,261000000,,56.58,,,,,,25190000000,18035000000,0.715,,18021000000,,,,,,,,,,,,true,false,9,2019-04-01,2019-12-31,0
2020-01-31,35130,2019-03-31,3,9227000000,-0.005,,,,,571000000,-0.018,689000000,0.140,,437000000,,92.00,,,,,,,,,,,,,,,,,,,,,,true,false,9,2018-04-01,2018-12-31,-1
2020-01-31,35130,2020-03-31,3,12100000000,-0.021,,,,,420000000,-0.134,510000000,-0.165,290000000,,-0.208,61.01,,,,,,,,,,,,,,,,,,,,,,true,true,12,2019-04-01,2020-03-31,0
2020-01-31,35130,2019-03-31,3,,,,,,,,,,,,,,,,,,,,25624000000,18435000000,0.719,,18420000000,,,,,,,,,,,,true,false,12,2018-04-01,2019-03-31,-1
2020-01-31,35130,2019-03-31,3,,,,,,,,,,,,,,,,,,,,,,,,,,,,,30.00,,,,4967151,214073,,false,false,12,2018-04-01,2019-03-31,-1
2020-01-31,35130,2020-03-31,3,,,,,,,,,,,,,,,,,,,,,,,,,,,,,30.00,,,,,,,false,false,12,2019-04-01,2020-03-31,0
2020-01-31,35130,2020-03-31,3,,,,,,,,,,,,,,,,,,,,,,,,,,,,,65.00,,,,,,,false,true,12,2019-04-01,2020-03-31,0
2020-01-31,35130,2020-03-31,3,,,,,,,,,,,,,,,,,,,,,,,,,,,,,,,,,4967151,396222,4629033,false,false,9,2019-04-01,2019-12-31,0
2020-01-31,35130,2019-03-31,3,,,,,,,,,,,,,,,,,,,,,,,,,,,,,,,,,,,4753585,false,false,9,2018-04-01,2018-12-31,-1
2020-05-25,35130,2020-03-31,,11945000000,-0.033,,,,,418000000,-0.136,534000000,-0.127,,358000000,,77.67,,0.020,0.021,0.035,,24256000000,17763000000,0.732,3882.98,17748000000,1450000000,-1665000000,-708000000,3296000000,,0.772,,,,,,true,false,12,2019-04-01,2020-03-31,0
2020-05-25,35130,2019-03-31,,12357000000,-0.005,,,,,485000000,-0.181,611000000,-0.094,,366000000,,77.03,,0.020,0.024,0.039,,25624000000,18435000000,0.719,3875.51,18420000000,1815000000,-302000000,-465000000,4241000000,,0.779,,,,,,true,false,12,2018-04-01,2019-03-31,-1
2020-05-25,35130,2020-03-31,,10797000000,-0.023,,,,,89000000,-0.492,422000000,-0.110,340000000,,0.006,73.68,,,,,,22911000000,16578000000,0.724,3627.00,16578000000,,,,,60.00,,,,4967151,396250,4614584,false,false,12,2019-04-01,2020-03-31,0
2020-05-25,35130,2019-03-31,,11046000000,-0.012,,,,,176000000,-0.171,474000000,0.255,337000000,,0.945,71.07,,,,,,24223000000,17303000000,0.714,3640.39,17303000000,,,,,30.00,,,,4967151,214073,4753423,false,false,12,2018-04-01,2019-03-31,-1
2020-07-31,35130,2021-03-31,1,2772000000,-0.048,,,,,32000000,-0.455,103000000,0.161,,50000000,,11.14,,,,,,24167000000,17734000000,0.733,,17720000000,,,,,,,,,,,,true,false,3,2020-04-01,2020-06-30,0
2020-07-31,35130,2020-03-31,1,2912000000,-0.011,,,,,59000000,-0.582,89000000,-0.556,,60000000,,12.86,,,,,,,,,,,,,,,,,,,,,,true,false,3,2019-04-01,2019-06-30,-1
2020-07-31,35130,2021-03-31,1,5800000000,-0.023,,,,,60000000,-0.448,140000000,-0.154,,80000000,,17.50,,,,,,,,,,,,,,,,,,,,,,true,true,6,2020-04-01,2020-09-30,0
2020-07-31,35130,2021-03-31,1,11900000000,-0.004,,,,,300000000,-0.284,400000000,-0.251,,260000000,,56.88,,,,,,,,,,,,,,,,,,,,,,true,true,12,2020-04-01,2021-03-31,0
2020-07-31,35130,2020-03-31,1,,,,,,,,,,,,,,,,,,,,24256000000,17763000000,0.732,,17748000000,,,,,,,,,,,,true,false,12,2019-04-01,2020-03-31,-1
2020-07-31,35130,2020-03-31,1,,,,,,,,,,,,,,,,,,,,,,,,,,,,,60.00,,,,4967151,396250,,false,false,12,2019-04-01,2020-03-31,-1
2020-07-31,35130,2021-03-31,1,,,,,,,,,,,,,,,,,,,,,,,,,,,,,60.00,,,,,,,false,true,12,2020-04-01,2021-03-31,0
2020-07-31,35130,2021-03-31,1,,,,,,,,,,,,,,,,,,,,,,,,,,,,,,,,,4967151,396254,4570901,false,false,3,2020-04-01,2020-06-30,0
2020-07-31,35130,2020-03-31,1,,,,,,,,,,,,,,,,,,,,,,,,,,,,,,,,,,,4740340,false,false,3,2019-04-01,2019-06-30,-1
2020-10-29,35130,2021-03-31,,5800000000,,,,,,21000000,-0.650,127000000,-0.093,,141000000,,30.83,,,,,,,,,,,,,,,,,,,,,,true,true,6,2020-04-01,2020-09-30,0
2020-10-29,35130,2020-03-31,,5933000000,,,,,,108000000,,165000000,,,108000000,,23.38,,,,,,,,,,,,,,,,,,,,,,true,false,6,2019-04-01,2019-09-30,-1
2020-10-30,35130,2021-03-31,2,5834000000,-0.017,,,,,21000000,-0.802,127000000,-0.228,,141000000,,30.87,,,,,,24266000000,17779000000,0.732,,17765000000,,,,,,,,,,,,true,false,6,2020-04-01,2020-09-30,0
2020-10-30,35130,2020-03-31,2,5933000000,-0.052,,,,,108000000,-0.751,165000000,-0.669,,108000000,,23.38,,,,,,,,,,,,,,,,,,,,,,true,false,6,2019-04-01,2019-09-30,-1
2020-10-30,35130,2021-03-31,2,11900000000,-0.004,,,,,300000000,-0.284,400000000,-0.251,,260000000,,56.88,,,,,,,,,,,,,,,,,,,,,,true,true,12,2020-04-01,2021-03-31,0
2020-10-30,35130,2020-03-31,2,,,,,,,,,,,,,,,,,,,,24256000000,17763000000,0.732,,17748000000,,,,,,,,,,,,true,false,12,2019-04-01,2020-03-31,-1
2020-10-30,35130,2020-03-31,2,,,,,,,,,,,,,,,,,,,,,,,,,,,,,60.00,,,,4967151,396250,,false,false,12,2019-04-01,2020-03-31,-1
2020-10-30,35130,2021-03-31,2,,,,,,,,,,,,,,,,,,,,,,,,,,,,,30.00,,,,,,,false,false,12,2020-04-01,2021-03-31,0
2020-10-30,35130,2021-03-31,2,,,,,,,,,,,,,,,,,,,,,,,,,,,,,60.00,,,,,,,false,true,12,2020-04-01,2021-03-31,0
2020-10-30,35130,2021-03-31,2,,,,,,,,,,,,,,,,,,,,,,,,,,,,,,,,,4967151,391226,4572871,false,false,6,2020-04-01,2020-09-30,0
2020-10-30,35130,2020-03-31,2,,,,,,,,,,,,,,,,,,,,,,,,,,,,,,,,,,,4658243,false,false,6,2019-04-01,2019-09-30,-1
2021-01-29,35130,2021-03-31,3,8395000000,-0.050,,,,,12000000,-0.956,165000000,-0.568,,125000000,,27.48,,,,,,24828000000,17996000000,0.724,,17982000000,,,,,,,,,,,,true,false,9,2020-04-01,2020-12-31,0
2021-01-29,35130,2020-03-31,3,8832000000,-0.043,,,,,279000000,-0.511,382000000,-0.446,,261000000,,56.58,,,,,,,,,,,,,,,,,,,,,,true,false,9,2019-04-01,2019-12-31,-1
2021-01-29,35130,2021-03-31,3,11900000000,-0.004,,,,,300000000,-0.284,400000000,-0.251,,260000000,,56.85,,,,,,,,,,,,,,,,,,,,,,true,true,12,2020-04-01,2021-03-31,0
2021-01-29,35130,2020-03-31,3,,,,,,,,,,,,,,,,,,,,24256000000,17763000000,0.732,,17748000000,,,,,,,,,,,,true,false,12,2019-04-01,2020-03-31,-1
2021-01-29,35130,2020-03-31,3,,,,,,,,,,,,,,,,,,,,,,,,,,,,,60.00,,,,4967151,396250,,false,false,12,2019-04-01,2020-03-31,-1
2021-01-29,35130,2021-03-31,3,,,,,,,,,,,,,,,,,,,,,,,,,,,,,30.00,,,,,,,false,false,12,2020-04-01,2021-03-31,0
2021-01-29,35130,2021-03-31,3,,,,,,,,,,,,,,,,,,,,,,,,,,,,,60.00,,,,,,,false,true,12,2020-04-01,2021-03-31,0
2021-01-29,35130,2021-03-31,3,,,,,,,,,,,,,,,,,,,,,,,,,,,,,,,,,4967151,391331,4573889,false,false,9,2020-04-01,2020-12-31,0
2021-01-29,35130,2020-03-31,3,,,,,,,,,,,,,,,,,,,,,,,,,,,,,,,,,,,4629033,false,false,9,2019-04-01,2019-12-31,-1
2021-01-29,35130,2021-03-31,3,8395000000,-0.050,,,,,12000000,-0.956,165000000,-0.568,,125000000,,27.48,,,,,,24828000000,17857000000,0.719,,17842000000,,,,,,,,,,,,true,false,9,2020-04-01,2020-12-31,0
2021-01-29,35130,2020-03-31,3,8832000000,-0.043,,,,,279000000,-0.511,382000000,-0.446,,261000000,,56.58,,,,,,,,,,,,,,,,,,,,,,true,false,9,2019-04-01,2019-12-31,-1
2021-01-29,35130,2021-03-31,3,11900000000,-0.004,,,,,300000000,-0.284,400000000,-0.251,,260000000,,56.85,,,,,,,,,,,,,,,,,,,,,,true,true,12,2020-04-01,2021-03-31,0
2021-01-29,35130,2020-03-31,3,,,,,,,,,,,,,,,,,,,,24256000000,17763000000,0.732,,17748000000,,,,,,,,,,,,true,false,12,2019-04-01,2020-03-31,-1
2021-01-29,35130,2020-03-31,3,,,,,,,,,,,,,,,,,,,,,,,,,,,,,60.00,,,,4967151,396250,,false,false,12,2019-04-01,2020-03-31,-1
2021-01-29,35130,2021-03-31,3,,,,,,,,,,,,,,,,,,,,,,,,,,,,,30.00,,,,,,,false,false,12,2020-04-01,2021-03-31,0
2021-01-29,35130,2021-03-31,3,,,,,,,,,,,,,,,,,,,,,,,,,,,,,60.00,,,,,,,false,true,12,2020-04-01,2021-03-31,0
2021-01-29,35130,2021-03-31,3,,,,,,,,,,,,,,,,,,,,,,,,,,,,,,,,,4967151,391331,4573889,false,false,9,2020-04-01,2020-12-31,0
2021-01-29,35130,2020-03-31,3,,,,,,,,,,,,,,,,,,,,,,,,,,,,,,,,,,,4629033,false,false,9,2019-04-01,2019-12-31,-1
2021-05-13,35130,2021-03-31,,11590000000,-0.026,,,,,320000000,0.067,480000000,0.200,,360000000,,78.70,,,,,,,,,,,,,,,,,,,,,,true,true,12,2020-04-01,2021-03-31,0
2021-05-13,35130,2020-03-31,,11945000000,,,,,,418000000,,534000000,,,358000000,,77.67,,,,,,,,,,,,,,,,,,,,,,true,false,12,2019-04-01,2020-03-31,-1
2021-05-14,35130,2021-03-31,,11598000000,-0.029,,,,,323000000,-0.228,489000000,-0.084,,369000000,,80.80,,0.020,0.020,0.028,,25293000000,18500000000,0.731,4039.79,18485000000,1716000000,-1023000000,-395000000,3614000000,,0.743,,,,,,true,false,12,2020-04-01,2021-03-31,0
2021-05-14,35130,2020-03-31,,11945000000,-0.033,,,,,418000000,-0.136,534000000,-0.127,,358000000,,77.67,,0.020,0.021,0.035,,24256000000,17763000000,0.732,3882.98,17748000000,1450000000,-1665000000,-709000000,3296000000,,0.772,,,,,,true,false,12,2019-04-01,2020-03-31,-1
2021-05-14,35130,2022-03-31,,5800000000,-0.006,,,,,140000000,5.492,190000000,0.486,,100000000,,21.85,,,,,,,,,,,,,,,,,,,,,,true,true,6,2021-04-01,2021-09-30,1
2021-05-14,35130,2022-03-31,,11900000000,0.026,,,,,480000000,0.484,560000000,0.145,,270000000,,59.01,,,,,,,,,,,,,,,,1.017,,,,,,true,true,12,2021-04-01,2022-03-31,1
2021-05-14,35130,2021-03-31,,10144000000,-0.060,,,,,-249000000,,164000000,-0.610,172000000,,-0.494,37.63,,,,,,23621000000,17028000000,0.721,3721.47,17028000000,,,,,60.00,,,,4967151,391405,4574357,false,false,12,2020-04-01,2021-03-31,0
2021-05-14,35130,2020-03-31,,10797000000,-0.023,,,,,89000000,-0.492,422000000,-0.110,340000000,,0.006,73.68,,,,,,22911000000,16578000000,0.724,3627.00,16578000000,,,,,60.00,,,,4967151,396250,4614584,false,false,12,2019-04-01,2020-03-31,-1
2021-05-14,35130,2022-03-31,,,,,,,,,,,,,,,,,,,,,,,,,,,,,,60.00,,,,,,,false,true,12,2021-04-01,2022-03-31,1
2021-07-30,35130,2022-03-31,1,2775000000,0.001,,,,,15000000,-0.515,118000000,0.139,,65000000,,14.34,,,,,,25021000000,18226000000,0.728,,18211000000,,,,,,,,,,,,true,false,3,2021-04-01,2021-06-30,0
2021-07-30,35130,2021-03-31,1,2772000000,-0.048,,,,,32000000,-0.455,103000000,0.161,,50000000,,11.14,,,,,,,,,,,,,,,,,,,,,,true,false,3,2020-04-01,2020-06-30,-1
2021-07-30,35130,2022-03-31,1,5800000000,-0.006,,,,,140000000,5.492,190000000,0.486,,100000000,,21.85,,,,,,,,,,,,,,,,,,,,,,true,true,6,2021-04-01,2021-09-30,0
2021-07-30,35130,2022-03-31,1,11900000000,0.026,,,,,480000000,0.484,560000000,0.145,,270000000,,59.01,,,,,,,,,,,,,,,,,,,,,,true,true,12,2021-04-01,2022-03-31,0
2021-07-30,35130,2021-03-31,1,,,,,,,,,,,,,,,,,,,,25293000000,18500000000,0.731,,18485000000,,,,,,,,,,,,true,false,12,2020-04-01,2021-03-31,-1
2021-07-30,35130,2021-03-31,1,,,,,,,,,,,,,,,,,,,,,,,,,,,,,60.00,,,,4967151,391405,,false,false,12,2020-04-01,2021-03-31,-1
2021-07-30,35130,2022-03-31,1,,,,,,,,,,,,,,,,,,,,,,,,,,,,,60.00,,,,,,,false,true,12,2021-04-01,2022-03-31,0
2021-07-30,35130,2022-03-31,1,,,,,,,,,,,,,,,,,,,,,,,,,,,,,,,,,4967151,391437,4575733,false,false,3,2021-04-01,2021-06-30,0
2021-07-30,35130,2021-03-31,1,,,,,,,,,,,,,,,,,,,,,,,,,,,,,,,,,,,4570901,false,false,3,2020-04-01,2020-06-30,-1
2021-10-28,35130,2022-03-31,,5850000000,0.009,,,,,210000000,0.500,340000000,0.789,,270000000,,58.99,,,,,,,,,,,,,,,,,,,,,,true,true,6,2021-04-01,2021-09-30,0
2021-10-28,35130,2021-03-31,,5834000000,,,,,,21000000,,127000000,,,141000000,,30.87,,,,,,,,,,,,,,,,,,,,,,true,false,6,2020-04-01,2020-09-30,-1
2021-10-28,35130,2022-03-31,,11900000000,0.000,,,,,480000000,0.000,750000000,0.339,,490000000,,107.06,,,,,,,,,,,,,,,,,,,,,,true,true,12,2021-04-01,2022-03-31,0
2021-10-28,35130,2021-03-31,,11598000000,,,,,,323000000,,489000000,,,369000000,,80.80,,,,,,,,,,,,,,,,,,,,,,true,false,12,2020-04-01,2021-03-31,-1
2021-10-29,35130,2022-03-31,2,5859000000,0.004,,,,,218000000,9.144,346000000,1.714,,270000000,,59.14,,,,,,25356000000,18518000000,0.730,,18505000000,,,,,,,,,,,,true,false,6,2021-04-01,2021-09-30,0
2021-10-29,35130,2021-03-31,2,5834000000,-0.017,,,,,21000000,-0.802,127000000,-0.228,,141000000,,30.87,,,,,,,,,,,,,,,,,,,,,,true,false,6,2020-04-01,2020-09-30,-1
2021-10-29,35130,2022-03-31,2,11900000000,0.026,,,,,480000000,0.484,750000000,0.533,,490000000,,107.06,,,,,,,,,,,,,,,,,,,,,,true,true,12,2021-04-01,2022-03-31,0
2021-10-29,35130,2021-03-31,2,,,,,,,,,,,,,,,,,,,,25293000000,18500000000,0.731,,18485000000,,,,,,,,,,,,true,false,12,2020-04-01,2021-03-31,-1
2021-10-29,35130,2021-03-31,2,,,,,,,,,,,,,,,,,,,,,,,,,,,,,60.00,,,,4967151,391405,,false,false,12,2020-04-01,2021-03-31,-1
2021-10-29,35130,2022-03-31,2,,,,,,,,,,,,,,,,,,,,,,,,,,,,,30.00,,,,,,,false,false,12,2021-04-01,2022-03-31,0
2021-10-29,35130,2022-03-31,2,,,,,,,,,,,,,,,,,,,,,,,,,,,,,60.00,,,,,,,false,true,12,2021-04-01,2022-03-31,0
2021-10-29,35130,2022-03-31,2,,,,,,,,,,,,,,,,,,,,,,,,,,,,,,,,,4967151,388917,4576720,false,false,6,2021-04-01,2021-09-30,0
2021-10-29,35130,2021-03-31,2,,,,,,,,,,,,,,,,,,,,,,,,,,,,,,,,,,,4572871,false,false,6,2020-04-01,2020-09-30,-1
2022-01-31,35130,2022-03-31,3,8829000000,0.052,,,,,341000000,,571000000,2.462,,413000000,,90.40,,,,,,25490000000,18471000000,0.724,,18456000000,,,,,,,,,,,,true,false,9,2021-04-01,2021-12-31,0
2022-01-31,35130,2021-03-31,3,8395000000,-0.050,,,,,12000000,-0.956,165000000,-0.568,,125000000,,27.48,,,,,,,,,,,,,,,,,,,,,,true,false,9,2020-04-01,2020-12-31,-1
2022-01-31,35130,2022-03-31,3,11900000000,0.026,,,,,480000000,0.484,750000000,0.533,,490000000,,107.06,,,,,,,,,,,,,,,,,,,,,,true,true,12,2021-04-01,2022-03-31,0
2022-01-31,35130,2021-03-31,3,,,,,,,,,,,,,,,,,,,,25293000000,18500000000,0.731,,18485000000,,,,,,,,,,,,true,false,12,2020-04-01,2021-03-31,-1
2022-01-31,35130,2021-03-31,3,,,,,,,,,,,,,,,,,,,,,,,,,,,,,60.00,,,,4967151,391405,,false,false,12,2020-04-01,2021-03-31,-1
2022-01-31,35130,2022-03-31,3,,,,,,,,,,,,,,,,,,,,,,,,,,,,,30.00,,,,,,,false,false,12,2021-04-01,2022-03-31,0
2022-01-31,35130,2022-03-31,3,,,,,,,,,,,,,,,,,,,,,,,,,,,,,60.00,,,,,,,false,true,12,2021-04-01,2022-03-31,0
2022-01-31,35130,2022-03-31,3,,,,,,,,,,,,,,,,,,,,,,,,,,,,,,,,,4967151,388917,4577226,false,false,9,2021-04-01,2021-12-31,0
2022-01-31,35130,2021-03-31,3,,,,,,,,,,,,,,,,,,,,,,,,,,,,,,,,,,,4573889,false,false,9,2020-04-01,2020-12-31,-1
2022-05-13,35130,2022-03-31,,12355000000,0.065,,,,,531000000,0.642,758000000,0.550,,523000000,,114.45,,0.028,0.030,0.043,,25732000000,18768000000,0.729,4095.88,18751000000,1580000000,-457000000,-363000000,4435000000,,0.524,,,,,,true,false,12,2021-04-01,2022-03-31,0
2022-05-13,35130,2021-03-31,,11598000000,-0.029,,,,,323000000,-0.228,489000000,-0.084,,369000000,,80.80,,0.020,0.020,0.028,,25293000000,18500000000,0.731,4039.79,18485000000,1716000000,-1023000000,-395000000,3614000000,,0.743,,,,,,true,false,12,2020-04-01,2021-03-31,-1
2022-05-13,35130,2023-03-31,,6060000000,0.034,,,,,70000000,-0.680,120000000,-0.654,,110000000,,24.03,,,,,,,,,,,,,,,,,,,,,,true,true,6,2022-04-01,2022-09-30,1
2022-05-13,35130,2023-03-31,,12600000000,0.020,,,,,440000000,-0.171,500000000,-0.341,,320000000,,69.90,,,,,,,,,,,,,,,,0.874,,,,,,true,true,12,2022-04-01,2023-03-31,1
2022-05-13,35130,2022-03-31,,10776000000,0.062,,,,,20000000,,687000000,3.175,545000000,,2.168,119.14,,,,,,23979000000,17153000000,0.715,3746.90,17153000000,,,,,60.00,,,,4967151,388995,4577464,false,false,12,2021-04-01,2022-03-31,0
2022-05-13,35130,2021-03-31,,10144000000,-0.060,,,,,-249000000,,164000000,-0.610,172000000,,-0.494,37.63,,,,,,23621000000,17028000000,0.721,3721.47,17028000000,,,,,60.00,,,,4967151,391405,4574357,false,false,12,2020-04-01,2021-03-31,-1
2022-05-13,35130,2023-03-31,,,,,,,,,,,,,,,,,,,,,,,,,,,,,,60.00,,,,,,,false,true,12,2022-04-01,2023-03-31,1
2022-07-29,35130,2023-03-31,1,3072000000,0.107,,,,,53000000,2.385,257000000,1.181,,202000000,,44.29,,,,,,25769000000,18902000000,0.733,,18882000000,,,,,,,,,,,,true,false,3,2022-04-01,2022-06-30,0
2022-07-29,35130,2022-03-31,1,2775000000,0.001,,,,,15000000,-0.515,118000000,0.139,,65000000,,14.34,,,,,,,,,,,,,,,,,,,,,,true,false,3,2021-04-01,2021-06-30,-1
2022-07-29,35130,2023-03-31,1,6060000000,0.034,,,,,70000000,-0.680,120000000,-0.654,,110000000,,24.03,,,,,,,,,,,,,,,,,,,,,,true,true,6,2022-04-01,2022-09-30,0
2022-07-29,35130,2023-03-31,1,12600000000,0.020,,,,,440000000,-0.171,500000000,-0.341,,320000000,,69.90,,,,,,,,,,,,,,,,,,,,,,true,true,12,2022-04-01,2023-03-31,0
2022-07-29,35130,2022-03-31,1,,,,,,,,,,,,,,,,,,,,25732000000,18768000000,0.729,,18751000000,,,,,,,,,,,,true,false,12,2021-04-01,2022-03-31,-1
2022-07-29,35130,2022-03-31,1,,,,,,,,,,,,,,,,,,,,,,,,,,,,,60.00,,,,4967151,388995,,false,false,12,2021-04-01,2022-03-31,-1
2022-07-29,35130,2023-03-31,1,,,,,,,,,,,,,,,,,,,,,,,,,,,,,60.00,,,,,,,false,true,12,2022-04-01,2023-03-31,0
2022-07-29,35130,2023-03-31,1,,,,,,,,,,,,,,,,,,,,,,,,,,,,,,,,,4967151,389003,4578154,false,false,3,2022-04-01,2022-06-30,0
2022-07-29,35130,2022-03-31,1,,,,,,,,,,,,,,,,,,,,,,,,,,,,,,,,,,,4575733,false,false,3,2021-04-01,2021-06-30,-1
2022-10-28,35130,2023-03-31,,6500000000,0.073,,,,,330000000,3.714,560000000,3.667,,450000000,,98.29,,,,,,,,,,,,,,,,,,,,,,true,true,6,2022-04-01,2022-09-30,0
2022-10-28,35130,2022-03-31,,5859000000,,,,,,218000000,,346000000,,,270000000,,59.14,,,,,,,,,,,,,,,,,,,,,,true,false,6,2021-04-01,2021-09-30,-1
2022-10-28,35130,2023-03-31,,13000000000,0.032,,,,,600000000,0.364,1000000000,1.000,,700000000,,152.90,,,,,,,,,,,,,,,,,,,,,,true,true,12,2022-04-01,2023-03-31,0
2022-10-28,35130,2022-03-31,,12355000000,,,,,,531000000,,758000000,,,523000000,,114.45,,,,,,,,,,,,,,,,,,,,,,true,false,12,2021-04-01,2022-03-31,-1
2022-10-31,35130,2023-03-31,2,6515000000,0.112,,,,,330000000,0.511,564000000,0.626,,450000000,,98.46,,,,,,26050000000,19123000000,0.733,,19103000000,,,,,,,,,,,,true,false,6,2022-04-01,2022-09-30,0
2022-10-31,35130,2022-03-31,2,5859000000,0.004,,,,,218000000,9.144,346000000,1.714,,270000000,,59.14,,,,,,,,,,,,,,,,,,,,,,true,false,6,2021-04-01,2021-09-30,-1
2022-10-31,35130,2023-03-31,2,13000000000,0.052,,,,,600000000,0.130,1000000000,0.319,,700000000,,152.90,,,,,,,,,,,,,,,,,,,,,,true,true,12,2022-04-01,2023-03-31,0
2022-10-31,35130,2022-03-31,2,,,,,,,,,,,,,,,,,,,,25732000000,18768000000,0.729,,18751000000,,,,,,,,,,,,true,false,12,2021-04-01,2022-03-31,-1
2022-10-31,35130,2022-03-31,2,,,,,,,,,,,,,,,,,,,,,,,,,,,,,60.00,,,,4967151,388995,,false,false,12,2021-04-01,2022-03-31,-1
2022-10-31,35130,2023-03-31,2,,,,,,,,,,,,,,,,,,,,,,,,,,,,,30.00,,,,,,,false,false,12,2022-04-01,2023-03-31,0
2022-10-31,35130,2023-03-31,2,,,,,,,,,,,,,,,,,,,,,,,,,,,,,60.00,,,,,,,false,true,12,2022-04-01,2023-03-31,0
2022-10-31,35130,2023-03-31,2,,,,,,,,,,,,,,,,,,,,,,,,,,,,,,,,,4967151,389011,4578148,false,false,6,2022-04-01,2022-09-30,0
2022-10-31,35130,2022-03-31,2,,,,,,,,,,,,,,,,,,,,,,,,,,,,,,,,,,,4576720,false,false,6,2021-04-01,2021-09-30,-1
2023-01-31,35130,2023-03-31,3,9997000000,0.132,,,,,579000000,0.699,871000000,0.524,,675000000,,147.47,,,,,,26593000000,19446000000,0.731,,19427000000,,,,,,,,,,,,true,false,9,2022-04-01,2022-12-31,0
2023-01-31,35130,2022-03-31,3,8829000000,0.052,,,,,341000000,,571000000,2.462,,413000000,,90.40,,,,,,,,,,,,,,,,,,,,,,true,false,9,2021-04-01,2021-12-31,-1
2023-01-31,35130,2023-03-31,3,13000000000,0.052,,,,,600000000,0.130,1000000000,0.319,,700000000,,152.90,,,,,,,,,,,,,,,,,,,,,,true,true,12,2022-04-01,2023-03-31,0
2023-01-31,35130,2022-03-31,3,,,,,,,,,,,,,,,,,,,,25732000000,18768000000,0.729,,18751000000,,,,,,,,,,,,true,false,12,2021-04-01,2022-03-31,-1
2023-01-31,35130,2022-03-31,3,,,,,,,,,,,,,,,,,,,,,,,,,,,,,60.00,,,,4967151,388995,,false,false,12,2021-04-01,2022-03-31,-1
2023-01-31,35130,2023-03-31,3,,,,,,,,,,,,,,,,,,,,,,,,,,,,,30.00,,,,,,,false,false,12,2022-04-01,2023-03-31,0
2023-01-31,35130,2023-03-31,3,,,,,,,,,,,,,,,,,,,,,,,,,,,,,60.00,,,,,,,false,true,12,2022-04-01,2023-03-31,0
2023-01-31,35130,2023-03-31,3,,,,,,,,,,,,,,,,,,,,,,,,,,,,,,,,,4967151,389118,4578131,false,false,9,2022-04-01,2022-12-31,0
2023-01-31,35130,2022-03-31,3,,,,,,,,,,,,,,,,,,,,,,,,,,,,,,,,,,,4577226,false,false,9,2021-04-01,2021-12-31,-1
2023-05-12,35130,2023-03-31,,13300000000,0.023,,,,,800000000,0.333,1040000000,0.040,,830000000,,181.30,,,,,,,,,,,,,,,,,,,,,,true,true,12,2022-04-01,2023-03-31,0
2023-05-12,35130,2022-03-31,,12355000000,,,,,,531000000,,758000000,,,523000000,,114.45,,,,,,,,,,,,,,,,,,,,,,true,false,12,2021-04-01,2022-03-31,-1
2023-05-15,35130,2023-03-31,,13344000000,0.080,,,,,800000000,0.507,1044000000,0.377,,833000000,,182.06,,0.044,0.040,0.060,,26643000000,19515000000,0.732,4258.51,19495000000,1729000000,-103000000,-369000000,5765000000,,0.384,,,,,,true,false,12,2022-04-01,2023-03-31,0
2023-05-15,35130,2022-03-31,,12355000000,0.065,,,,,531000000,0.642,758000000,0.550,,523000000,,114.45,,0.028,0.030,0.043,,25732000000,18768000000,0.729,4095.88,18751000000,1580000000,-457000000,-363000000,4435000000,,0.524,,,,,,true,false,12,2021-04-01,2022-03-31,-1
2023-05-15,35130,2024-03-31,,6600000000,0.013,,,,,290000000,-0.123,350000000,-0.379,,260000000,,56.79,,,,,,,,,,,,,,,,,,,,,,true,true,6,2023-04-01,2023-09-30,1
2023-05-15,35130,2024-03-31,,13300000000,-0.003,,,,,610000000,-0.238,720000000,-0.310,,410000000,,89.56,,,,,,,,,,,,,,,,0.670,,,,,,true,true,12,2023-04-01,2024-03-31,1
2023-05-15,35130,2023-03-31,,11770000000,0.092,,,,,289000000,,725000000,0.056,657000000,,0.206,143.71,,,,,,24618000000,17605000000,0.715,3845.68,17605000000,,,,,70.00,,,,4967151,389126,4578106,false,false,12,2022-04-01,2023-03-31,0
2023-05-15,35130,2022-03-31,,10776000000,0.062,,,,,20000000,,687000000,3.175,545000000,,2.168,119.14,,,,,,23979000000,17153000000,0.715,3746.90,17153000000,,,,,60.00,,,,4967151,388995,4577464,false,false,12,2021-04-01,2022-03-31,-1
2023-05-15,35130,2024-03-31,,,,,,,,,,,,,,,,,,,,,,,,,,,,,,60.00,,,,,,,false,true,12,2023-04-01,2024-03-31,1
2023-07-31,35130,2024-03-31,1,3240000000,0.054,,,,,191000000,2.593,342000000,0.330,,199000000,,43.68,,,,,,27311000000,20016000000,0.732,,20000000000,,,,,,,,,,,,true,false,3,2023-04-01,2023-06-30,0
2023-07-31,35130,2023-03-31,1,3072000000,0.107,,,,,53000000,2.385,257000000,1.181,,202000000,,44.29,,,,,,,,,,,,,,,,,,,,,,true,false,3,2022-04-01,2022-06-30,-1
2023-07-31,35130,2024-03-31,1,6600000000,0.013,,,,,290000000,-0.123,350000000,-0.379,,260000000,,56.79,,,,,,,,,,,,,,,,,,,,,,true,true,6,2023-04-01,2023-09-30,0
2023-07-31,35130,2024-03-31,1,13300000000,-0.003,,,,,610000000,-0.238,720000000,-0.310,,410000000,,89.56,,,,,,,,,,,,,,,,,,,,,,true,true,12,2023-04-01,2024-03-31,0
2023-07-31,35130,2023-03-31,1,,,,,,,,,,,,,,,,,,,,26643000000,19515000000,0.732,,19495000000,,,,,,,,,,,,true,false,12,2022-04-01,2023-03-31,-1
2023-07-31,35130,2023-03-31,1,,,,,,,,,,,,,,,,,,,,,,,,,,,,,70.00,,,,4967151,389126,,false,false,12,2022-04-01,2023-03-31,-1
2023-07-31,35130,2024-03-31,1,,,,,,,,,,,,,,,,,,,,,,,,,,,,,60.00,,,,,,,false,true,12,2023-04-01,2024-03-31,0
2023-07-31,35130,2024-03-31,1,,,,,,,,,,,,,,,,,,,,,,,,,,,,,,,,,4967151,389191,4577996,false,false,3,2023-04-01,2023-06-30,0
2023-07-31,35130,2023-03-31,1,,,,,,,,,,,,,,,,,,,,,,,,,,,,,,,,,,,4578154,false,false,3,2022-04-01,2022-06-30,-1
2023-10-30,35130,2024-03-31,,6860000000,0.039,,,,,640000000,1.207,830000000,1.371,,580000000,,127.50,,,,,,,,,,,,,,,,,,,,,,true,true,6,2023-04-01,2023-09-30,0
2023-10-30,35130,2023-03-31,,6515000000,,,,,,330000000,,564000000,,,450000000,,98.46,,,,,,,,,,,,,,,,,,,,,,true,false,6,2022-04-01,2022-09-30,-1
2023-10-30,35130,2024-03-31,,13300000000,0.000,,,,,700000000,0.148,1000000000,0.389,,600000000,,134.10,,,,,,,,,,,,,,,,,,,,,,true,true,12,2023-04-01,2024-03-31,0
2023-10-30,35130,2023-03-31,,13344000000,,,,,,800000000,,1044000000,,,833000000,,182.06,,,,,,,,,,,,,,,,,,,,,,true,false,12,2022-04-01,2023-03-31,-1
2023-10-31,35130,2024-03-31,2,6860000000,0.053,,,,,649000000,0.964,835000000,0.481,,587000000,,129.07,,,,,,28485000000,20563000000,0.721,,20546000000,,,,,,,,,,,,true,false,6,2023-04-01,2023-09-30,0
2023-10-31,35130,2023-03-31,2,6515000000,0.112,,,,,330000000,0.511,564000000,0.626,,450000000,,98.46,,,,,,,,,,,,,,,,,,,,,,true,false,6,2022-04-01,2022-09-30,-1
2023-10-31,35130,2024-03-31,2,13300000000,-0.003,,,,,700000000,-0.126,1000000000,-0.042,,600000000,,134.10,,,,,,,,,,,,,,,,,,,,,,true,true,12,2023-04-01,2024-03-31,0
2023-10-31,35130,2023-03-31,2,,,,,,,,,,,,,,,,,,,,26643000000,19515000000,0.732,,19495000000,,,,,,,,,,,,true,false,12,2022-04-01,2023-03-31,-1
2023-10-31,35130,2023-03-31,2,,,,,,,,,,,,,,,,,,,,,,,,,,,,,70.00,,,,4967151,389126,,false,false,12,2022-04-01,2023-03-31,-1
2023-10-31,35130,2024-03-31,2,,,,,,,,,,,,,,,,,,,,,,,,,,,,,35.00,,,,,,,false,false,12,2023-04-01,2024-03-31,0
2023-10-31,35130,2024-03-31,2,,,,,,,,,,,,,,,,,,,,,,,,,,,,,65.00,,,,,,,false,true,12,2023-04-01,2024-03-31,0
2023-10-31,35130,2024-03-31,2,,,,,,,,,,,,,,,,,,,,,,,,,,,,,,,,,4967151,568195,4549091,false,false,6,2023-04-01,2023-09-30,0
2023-10-31,35130,2023-03-31,2,,,,,,,,,,,,,,,,,,,,,,,,,,,,,,,,,,,4578148,false,false,6,2022-04-01,2022-09-30,-1
2024-01-31,35130,2024-03-31,3,10086000000,0.009,,,,,935000000,0.614,1111000000,0.276,,765000000,,170.09,,,,,,27962000000,20426000000,0.730,,20409000000,,,,,,,,,,,,true,false,9,2023-04-01,2023-12-31,0
2024-01-31,35130,2023-03-31,3,9997000000,0.132,,,,,579000000,0.699,871000000,0.524,,675000000,,147.47,,,,,,,,,,,,,,,,,,,,,,true,false,9,2022-04-01,2022-12-31,-1
2024-01-31,35130,2024-03-31,3,13300000000,-0.003,,,,,700000000,-0.126,1000000000,-0.042,,600000000,,134.10,,,,,,,,,,,,,,,,,,,,,,true,true,12,2023-04-01,2024-03-31,0
2024-01-31,35130,2023-03-31,3,,,,,,,,,,,,,,,,,,,,26643000000,19515000000,0.732,,19495000000,,,,,,,,,,,,true,false,12,2022-04-01,2023-03-31,-1
2024-01-31,35130,2023-03-31,3,,,,,,,,,,,,,,,,,,,,,,,,,,,,,70.00,,,,4967151,389126,,false,false,12,2022-04-01,2023-03-31,-1
2024-01-31,35130,2024-03-31,3,,,,,,,,,,,,,,,,,,,,,,,,,,,,,35.00,,,,,,,false,false,12,2023-04-01,2024-03-31,0
2024-01-31,35130,2024-03-31,3,,,,,,,,,,,,,,,,,,,,,,,,,,,,,65.00,,,,,,,false,true,12,2023-04-01,2024-03-31,0
2024-01-31,35130,2024-03-31,3,,,,,,,,,,,,,,,,,,,,,,,,,,,,,,,,,4967151,568246,4498852,false,false,9,2023-04-01,2023-12-31,0
2024-01-31,35130,2023-03-31,3,,,,,,,,,,,,,,,,,,,,,,,,,,,,,,,,,,,4578131,false,false,9,2022-04-01,2022-12-31,-1
2024-05-14,35130,2024-03-31,,13600000000,0.023,,,,,1100000000,0.571,1160000000,0.160,,740000000,,165.40,,,,,,,,,,,,,,,,,,,,,,true,true,12,2023-04-01,2024-03-31,0
2024-05-14,35130,2023-03-31,,13344000000,,,,,,800000000,,1044000000,,,833000000,,182.06,,,,,,,,,,,,,,,,,,,,,,true,false,12,2022-04-01,2023-03-31,-1
2024-05-15,35130,2024-03-31,,13603000000,0.019,,,,,1115000000,0.394,1168000000,0.119,,771000000,,172.34,,0.038,0.042,0.082,,29242000000,21107000000,0.722,4797.30,21102000000,1992000000,-520000000,-672000000,6690000000,,0.406,,,,,,true,false,12,2023-04-01,2024-03-31,0
2024-05-15,35130,2023-03-31,,13344000000,0.080,,,,,800000000,0.507,1044000000,0.377,,833000000,,182.06,,0.044,0.040,0.060,,26643000000,19515000000,0.732,4258.51,19495000000,1729000000,-103000000,-369000000,5765000000,,0.384,,,,,,true,false,12,2022-04-01,2023-03-31,-1
2024-05-15,35130,2025-03-31,,6600000000,-0.038,,,,,400000000,-0.384,400000000,-0.521,,230000000,,52.29,,,,,,,,,,,,,,,,,,,,,,true,true,6,2024-04-01,2024-09-30,1
2024-05-15,35130,2025-03-31,,13500000000,-0.008,,,,,890000000,-0.202,980000000,-0.162,,540000000,,122.76,,,,,,,,,,,,,,,,0.570,,,,,,true,true,12,2024-04-01,2025-03-31,1
2024-05-15,35130,2024-03-31,,11824000000,0.005,,,,,643000000,1.226,1135000000,0.565,825000000,,0.254,184.45,,,,,,27045000000,19050000000,0.704,4330.81,19050000000,,,,,70.00,,,,4967151,568323,4473989,false,false,12,2023-04-01,2024-03-31,0
2024-05-15,35130,2023-03-31,,11770000000,0.092,,,,,289000000,,725000000,0.056,657000000,,0.206,143.71,,,,,,24618000000,17605000000,0.715,3845.68,17605000000,,,,,70.00,,,,4967151,389126,4578106,false,false,12,2022-04-01,2023-03-31,-1
2024-05-15,35130,2025-03-31,,,,,,,,,,,,,,,,,,,,,,,,,,,,,,70.00,,,,,,,false,true,12,2024-04-01,2025-03-31,1
2024-05-15,35130,2024-03-31,,13603000000,0.019,,,,,1115000000,0.394,1168000000,0.119,,1018000000,,227.76,,0.050,0.042,0.082,,29242000000,21355000000,0.730,4853.66,21350000000,1992000000,-520000000,-672000000,6690000000,,0.307,,,,,,true,false,12,2023-04-01,2024-03-31,0
2024-05-15,35130,2023-03-31,,13344000000,0.080,,,,,800000000,0.507,1044000000,0.377,,833000000,,182.06,,0.044,0.040,0.060,,26643000000,19515000000,0.732,4258.51,19495000000,1729000000,-103000000,-369000000,5765000000,,0.384,,,,,,true,false,12,2022-04-01,2023-03-31,-1
2024-05-15,35130,2025-03-31,,6600000000,-0.038,,,,,400000000,-0.384,400000000,-0.521,,230000000,,52.29,,,,,,,,,,,,,,,,,,,,,,true,true,6,2024-04-01,2024-09-30,1
2024-05-15,35130,2025-03-31,,13500000000,-0.008,,,,,890000000,-0.202,980000000,-0.162,,540000000,,122.76,,,,,,,,,,,,,,,,0.570,,,,,,true,true,12,2024-04-01,2025-03-31,1
2024-05-15,35130,2024-03-31,,11824000000,0.005,,,,,643000000,1.226,1135000000,0.565,1073000000,,0.631,239.86,,,,,,27045000000,19298000000,0.714,4387.17,19298000000,,,,,70.00,,,,4967151,568323,4473989,false,false,12,2023-04-01,2024-03-31,0
2024-05-15,35130,2023-03-31,,11770000000,0.092,,,,,289000000,,725000000,0.056,657000000,,0.206,143.71,,,,,,24618000000,17605000000,0.715,3845.68,17605000000,,,,,70.00,,,,4967151,389126,4578106,false,false,12,2022-04-01,2023-03-31,-1
2024-05-15,35130,2025-03-31,,,,,,,,,,,,,,,,,,,,,,,,,,,,,,70.00,,,,,,,false,true,12,2024-04-01,2025-03-31,1
2024-07-31,35130,2025-03-31,1,3276000000,0.011,,,,,200000000,0.047,344000000,0.006,,223000000,,51.02,,,,,,29175000000,21412000000,0.734,,21407000000,,,,,,,,,,,,true,false,3,2024-04-01,2024-06-30,0
2024-07-31,35130,2024-03-31,1,3240000000,0.054,,,,,191000000,2.593,342000000,0.330,,199000000,,43.68,,,,,,,,,,,,,,,,,,,,,,true,false,3,2023-04-01,2023-06-30,-1
2024-07-31,35130,2025-03-31,1,6600000000,-0.038,,,,,400000000,-0.384,400000000,-0.521,,230000000,,52.29,,,,,,,,,,,,,,,,,,,,,,true,true,6,2024-04-01,2024-09-30,0
2024-07-31,35130,2025-03-31,1,13500000000,-0.008,,,,,890000000,-0.202,980000000,-0.162,,540000000,,122.76,,,,,,,,,,,,,,,,,,,,,,true,true,12,2024-04-01,2025-03-31,0
2024-07-31,35130,2024-03-31,1,,,,,,,,,,,,,,,,,,,,29242000000,21355000000,0.730,,21350000000,,,,,,,,,,,,true,false,12,2023-04-01,2024-03-31,-1
2024-07-31,35130,2024-03-31,1,,,,,,,,,,,,,,,,,,,,,,,,,,,,,70.00,,,,4967151,568323,,false,false,12,2023-04-01,2024-03-31,-1
2024-07-31,35130,2025-03-31,1,,,,,,,,,,,,,,,,,,,,,,,,,,,,,70.00,,,,,,,false,true,12,2024-04-01,2025-03-31,0
2024-07-31,35130,2025-03-31,1,,,,,,,,,,,,,,,,,,,,,,,,,,,,,,,,,4967151,668243,4383453,false,false,3,2024-04-01,2024-06-30,0
2024-07-31,35130,2024-03-31,1,,,,,,,,,,,,,,,,,,,,,,,,,,,,,,,,,,,4577996,false,false,3,2023-04-01,2023-06-30,-1
2024-10-29,35130,2025-03-31,,6860000000,0.039,,,,,560000000,0.400,600000000,0.500,400000000,,0.739,92.11,,,,,,,,,,,,,,,,,,,,,,true,true,6,2024-04-01,2024-09-30,0
2024-10-29,35130,2024-03-31,,6860000000,,,,,,649000000,,835000000,,587000000,,,129.07,,,,,,,,,,,,,,,,,,,,,,true,false,6,2023-04-01,2023-09-30,-1
2024-10-31,35130,2025-03-31,2,6866000000,0.001,,,,,565000000,-0.129,606000000,-0.274,,401000000,,92.36,,,,,,28696000000,21131000000,0.736,,21126000000,,,,,,,,,,,,true,false,6,2024-04-01,2024-09-30,0
2024-10-31,35130,2024-03-31,2,6860000000,0.053,,,,,649000000,0.964,835000000,0.481,,587000000,,129.07,,,,,,,,,,,,,,,,,,,,,,true,false,6,2023-04-01,2023-09-30,-1
2024-10-31,35130,2025-03-31,2,13500000000,-0.008,,,,,890000000,-0.202,980000000,-0.162,,540000000,,124.87,,,,,,,,,,,,,,,,,,,,,,true,true,12,2024-04-01,2025-03-31,0
2024-10-31,35130,2024-03-31,2,,,,,,,,,,,,,,,,,,,,29242000000,21355000000,0.730,,21350000000,,,,,,,,,,,,true,false,12,2023-04-01,2024-03-31,-1
2024-10-31,35130,2024-03-31,2,,,,,,,,,,,,,,,,,,,,,,,,,,,,,70.00,,,,4967151,568323,,false,false,12,2023-04-01,2024-03-31,-1
2024-10-31,35130,2025-03-31,2,,,,,,,,,,,,,,,,,,,,,,,,,,,,,40.00,,,,,,,false,false,12,2024-04-01,2025-03-31,0
2024-10-31,35130,2025-03-31,2,,,,,,,,,,,,,,,,,,,,,,,,,,,,,75.00,,,,,,,false,true,12,2024-04-01,2025-03-31,0
2024-10-31,35130,2025-03-31,2,,,,,,,,,,,,,,,,,,,,,,,,,,,,,,,,,4967151,661286,4342426,false,false,6,2024-04-01,2024-09-30,0
2024-10-31,35130,2024-03-31,2,,,,,,,,,,,,,,,,,,,,,,,,,,,,,,,,,,,4549091,false,false,6,2023-04-01,2023-09-30,-1
2025-01-31,35130,2025-03-31,3,10641000000,0.055,,,,,1042000000,0.114,1197000000,0.077,,727000000,,168.12,,,,,,29765000000,21757000000,0.731,,21752000000,,,,,,,,,,,,true,false,9,2024-04-01,2024-12-31,0
2025-01-31,35130,2024-03-31,3,10086000000,0.009,,,,,935000000,0.614,1111000000,0.276,,765000000,,170.09,,,,,,,,,,,,,,,,,,,,,,true,false,9,2023-04-01,2023-12-31,-1
2025-01-31,35130,2025-03-31,3,13850000000,0.018,,,,,1100000000,-0.014,1330000000,0.138,,800000000,,185.65,,,,,,,,,,,,,,,,,,,,,,true,true,12,2024-04-01,2025-03-31,0
2025-01-31,35130,2024-03-31,3,,,,,,,,,,,,,,,,,,,,29242000000,21355000000,0.730,,21350000000,,,,,,,,,,,,true,false,12,2023-04-01,2024-03-31,-1
2025-01-31,35130,2024-03-31,3,,,,,,,,,,,,,,,,,,,,,,,,,,,,,70.00,,,,4967151,568323,,false,false,12,2023-04-01,2024-03-31,-1
2025-01-31,35130,2025-03-31,3,,,,,,,,,,,,,,,,,,,,,,,,,,,,,40.00,,,,,,,false,false,12,2024-04-01,2025-03-31,0
2025-01-31,35130,2025-03-31,3,,,,,,,,,,,,,,,,,,,,,,,,,,,,,80.00,,,,,,,false,true,12,2024-04-01,2025-03-31,0
2025-01-31,35130,2025-03-31,3,,,,,,,,,,,,,,,,,,,,,,,,,,,,,,,,,4967151,707001,4325208,false,false,9,2024-04-01,2024-12-31,0
2025-01-31,35130,2024-03-31,3,,,,,,,,,,,,,,,,,,,,,,,,,,,,,,,,,,,4498852,false,false,9,2023-04-01,2023-12-31,-1
2025-01-31,35130,2025-03-31,,13850000000,0.026,,,,,1100000000,0.236,1330000000,0.357,800000000,,0.481,185.65,,,,,,,,,,,,,,,,,,,,,,true,true,12,2024-04-01,2025-03-31,0
2025-01-31,35130,2024-03-31,,13603000000,,,,,,1115000000,,1168000000,,1018000000,,,227.76,,,,,,,,,,,,,,,,,,,,,,true,false,12,2023-04-01,2024-03-31,-1
2025-01-31,35130,2025-03-31,,,,,,,,,,,,,,,,,,,,,,,,,,,,,,80.00,,,,,,,false,true,12,2024-04-01,2025-03-31,0
2025-01-31,35130,2025-03-31,,,,,,,,,,,,,,,,,,,,,,,,,,,,,,40.00,,,,,,,false,false,12,2024-04-01,2025-03-31,0
2025-01-31,35130,2024-03-31,,,,,,,,,,,,,,,,,,,,,,,,,,,,,,70.00,,,,,,,false,false,12,2023-04-01,2024-03-31,-1
2025-01-31,35130,2025-03-31,3,10641000000,0.055,,,,,1042000000,0.114,1197000000,0.077,,799000000,,184.95,,,,,,29765000000,21830000000,0.733,,21825000000,,,,,,,,,,,,true,false,9,2024-04-01,2024-12-31,0
2025-01-31,35130,2024-03-31,3,10086000000,0.009,,,,,935000000,0.614,1111000000,0.276,,765000000,,170.09,,,,,,,,,,,,,,,,,,,,,,true,false,9,2023-04-01,2023-12-31,-1
2025-01-31,35130,2025-03-31,3,13850000000,0.018,,,,,1100000000,-0.014,1330000000,0.138,,800000000,,185.65,,,,,,,,,,,,,,,,,,,,,,true,true,12,2024-04-01,2025-03-31,0
2025-01-31,35130,2024-03-31,3,,,,,,,,,,,,,,,,,,,,29242000000,21355000000,0.730,,21350000000,,,,,,,,,,,,true,false,12,2023-04-01,2024-03-31,-1
2025-01-31,35130,2024-03-31,3,,,,,,,,,,,,,,,,,,,,,,,,,,,,,70.00,,,,4967151,568323,,false,false,12,2023-04-01,2024-03-31,-1
2025-01-31,35130,2025-03-31,3,,,,,,,,,,,,,,,,,,,,,,,,,,,,,40.00,,,,,,,false,false,12,2024-04-01,2025-03-31,0
2025-01-31,35130,2025-03-31,3,,,,,,,,,,,,,,,,,,,,,,,,,,,,,80.00,,,,,,,false,true,12,2024-04-01,2025-03-31,0
2025-01-31,35130,2025-03-31,3,,,,,,,,,,,,,,,,,,,,,,,,,,,,,,,,,4967151,707001,4325208,false,false,9,2024-04-01,2024-12-31,0
2025-01-31,35130,2024-03-31,3,,,,,,,,,,,,,,,,,,,,,,,,,,,,,,,,,,,4498852,false,false,9,2023-04-01,2023-12-31,-1
2025-05-15,35130,2025-03-31,,13947000000,0.025,,,,,1072000000,-0.038,1216000000,0.041,,782000000,,181.51,,0.036,0.041,0.077,,29466000000,22265000000,0.755,5225.40,22260000000,1401000000,-1119000000,-622000000,6367000000,,0.441,,,,,,true,false,12,2024-04-01,2025-03-31,0
2025-05-15,35130,2024-03-31,,13603000000,0.019,,,,,1115000000,0.394,1168000000,0.119,,1018000000,,227.76,,0.050,0.042,0.082,,29242000000,21355000000,0.730,4853.66,21350000000,1992000000,-520000000,-672000000,6690000000,,0.307,,,,,,true,false,12,2023-04-01,2024-03-31,-1
2025-05-15,35130,2026-03-31,,6500000000,-0.053,,,,,340000000,-0.398,400000000,-0.341,,280000000,,65.73,,,,,,,,,,,,,,,,,,,,,,true,true,6,2025-04-01,2025-09-30,1
2025-05-15,35130,2026-03-31,,13400000000,-0.039,,,,,720000000,-0.329,840000000,-0.309,,560000000,,131.45,,,,,,,,,,,,,,,,0.609,,,,,,true,true,12,2025-04-01,2026-03-31,1
2025-05-15,35130,2025-03-31,,12406000000,0.049,,,,,740000000,0.151,1077000000,-0.051,758000000,,-0.293,176.06,,,,,,27067000000,19786000000,0.731,4644.58,19786000000,,,,,80.00,,,,4967151,707047,4309161,false,false,12,2024-04-01,2025-03-31,0
2025-05-15,35130,2024-03-31,,11824000000,0.005,,,,,643000000,1.226,1135000000,0.565,1073000000,,0.631,239.86,,,,,,27045000000,19298000000,0.714,4387.17,19298000000,,,,,70.00,,,,4967151,568323,4473989,false,false,12,2023-04-01,2024-03-31,-1
2025-05-15,35130,2026-03-31,,,,,,,,,,,,,,,,,,,,,,,,,,,,,,80.00,,,,,,,false,true,12,2025-04-01,2026-03-31,1
2025-08-08,35130,2026-03-31,1,3409000000,0.041,,,,,255000000,0.273,378000000,0.099,,308000000,,72.45,,,,,,29675000000,22273000000,0.750,,22268000000,,,,,,,,,,,,true,false,3,2025-04-01,2025-06-30,0
2025-08-08,35130,2025-03-31,1,3276000000,0.011,,,,,200000000,0.047,344000000,0.006,,223000000,,51.02,,,,,,,,,,,,,,,,,,,,,,true,false,3,2024-04-01,2024-06-30,-1
2025-08-08,35130,2026-03-31,1,6500000000,-0.053,,,,,340000000,-0.398,400000000,-0.341,,280000000,,65.73,,,,,,,,,,,,,,,,,,,,,,true,true,6,2025-04-01,2025-09-30,0
2025-08-08,35130,2026-03-31,1,13400000000,-0.039,,,,,720000000,-0.329,840000000,-0.309,,560000000,,131.45,,,,,,,,,,,,,,,,,,,,,,true,true,12,2025-04-01,2026-03-31,0
2025-08-08,35130,2025-03-31,1,,,,,,,,,,,,,,,,,,,,29466000000,22265000000,0.755,,22260000000,,,,,,,,,,,,true,false,12,2024-04-01,2025-03-31,-1
2025-08-08,35130,2025-03-31,1,,,,,,,,,,,,,,,,,,,,,,,,,,,,,80.00,,,,4967151,707047,,false,false,12,2024-04-01,2025-03-31,-1
2025-08-08,35130,2026-03-31,1,,,,,,,,,,,,,,,,,,,,,,,,,,,,,80.00,,,,,,,false,true,12,2025-04-01,2026-03-31,0
2025-08-08,35130,2026-03-31,1,,,,,,,,,,,,,,,,,,,,,,,,,,,,,,,,,4967151,707157,4260048,false,false,3,2025-04-01,2025-06-30,0
2025-08-08,35130,2025-03-31,1,,,,,,,,,,,,,,,,,,,,,,,,,,,,,,,,,,,4383453,false,false,3,2024-04-01,2024-06-30,-1
