filing_date,code,fiscal_year_end,quarterly_period,net_sales,net_sales_change,revenue,revenue_change,operating_revenue,operating_revenue_change,operating_profit,operating_profit_change,ordinary_profit,ordinary_profit_change,net_income,net_income_of_parent,net_income_change,eps,diluted_eps,roe,roa,operating_profit_to_net_sales,operating_profit_to_revenue,total_assets,net_assets,equity_ratio,bps,owner_equity,operating_cash_flow,investing_cash_flow,financing_cash_flow,cash,dividend_per_share,payout_ratio,commemorative_dividend,extra_dividend,number_of_shares,number_of_treqsury_shares,avg_number_of_shares,is_consolidated,is_forecast,duration,period_start,period_end,period_pos
2016-07-29,35420,2017-03-31,1,2481000000,,,,,,211000000,,182000000,,124000000,,,26.19,25.71,,,,,4596000000,2784000000,0.606,,2784000000,,,,,,,,,5158900,,4761053,false,false,3,2016-04-01,2016-06-30,0
2016-07-29,35420,2017-03-31,1,9806000000,0.176,,,,,785000000,0.364,770000000,0.302,662000000,,0.857,131.10,,,,,,,,,,,,,,,0.00,,,,,,,false,true,12,2016-04-01,2017-03-31,0
2016-07-29,35420,2016-03-31,1,,,,,,,,,,,,,,,,,,,,3965000000,2138000000,0.539,,2138000000,,,,,0.00,,,,47429,,,false,false,12,2015-04-01,2016-03-31,-1
2016-10-31,35420,2017-03-31,2,4911000000,,,,,,353000000,,328000000,,216000000,,,43.67,42.76,,,,,4680000000,2912000000,0.622,,2912000000,,,,,,,,,5161600,45,4961718,false,false,6,2016-04-01,2016-09-30,0
2016-10-31,35420,2017-03-31,2,9806000000,0.176,,,,,785000000,0.364,770000000,0.302,662000000,,0.857,131.10,,,,,,,,,,,,,,,0.00,,,,,,,false,true,12,2016-04-01,2017-03-31,0
2016-10-31,35420,2016-03-31,2,,,,,,,,,,,,,,,,,,,,3965000000,2138000000,0.539,,2138000000,,,,,0.00,,,,47429,,,false,false,12,2015-04-01,2016-03-31,-1
2016-10-31,35420,2017-03-31,2,,,,,,,,,,,,,,,,,,,,,,,,,,,,,0.00,,,,,,,false,false,12,2016-04-01,2017-03-31,0
2017-01-31,35420,2017-03-31,3,7964000000,,,,,,627000000,,604000000,,390000000,,,77.61,76.02,,,,,4891000000,3188000000,0.652,,3188000000,,,,,,,,,5161800,45,5028602,false,false,9,2016-04-01,2016-12-31,0
2017-01-31,35420,2017-03-31,3,10944000000,0.312,,,,,819000000,0.424,801000000,0.354,757000000,,1.122,149.68,,,,,,,,,,,,,,,0.00,,,,,,,false,true,12,2016-04-01,2017-03-31,0
2017-01-31,35420,2016-03-31,3,,,,,,,,,,,,,,,,,,,,3965000000,2138000000,0.539,,2138000000,,,,,0.00,,,,47429,,,false,false,12,2015-04-01,2016-03-31,-1
2017-01-31,35420,2017-03-31,3,,,,,,,,,,,,,,,,,,,,,,,,,,,,,0.00,,,,,,,false,false,12,2016-04-01,2017-03-31,0
2017-01-31,35420,2017-03-31,,10944000000,0.116,,,,,819000000,0.044,801000000,0.040,757000000,,0.143,149.68,,,,,,,,,,,,,,,,,,,,,,false,true,12,2016-04-01,2017-03-31,0
2017-01-31,35420,2016-03-31,,8340000000,,,,,,575000000,,592000000,,356000000,,,84.29,,,,,,,,,,,,,,,,,,,,,,false,false,12,2015-04-01,2016-03-31,-1
2017-04-28,35420,2017-03-31,,10960000000,0.314,,,,,828000000,0.440,808000000,0.366,786000000,,1.202,77.65,76.08,0.275,0.174,0.076,,5336000000,3580000000,0.671,346.15,3580000000,189000000,-82000000,513000000,1430000000,0.00,,,,10343800,150,10124386,false,false,12,2016-04-01,2017-03-31,0
2017-04-28,35420,2016-03-31,,8340000000,0.328,,,,,575000000,0.074,592000000,0.082,356000000,,0.143,42.15,,,,,,3965000000,2138000000,0.539,225.47,2138000000,,,,,0.00,,,,9485800,,8469825,false,false,12,2015-04-01,2016-03-31,-1
2017-04-28,35420,2018-03-31,,6300000000,0.283,,,,,360000000,0.017,360000000,0.096,220000000,,0.015,21.27,,,,,,,,,,,,,,,,,,,,,,false,true,6,2017-04-01,2017-09-30,1
2017-04-28,35420,2018-03-31,,13700000000,0.250,,,,,950000000,0.147,930000000,0.150,580000000,,-0.262,56.07,,,,,,,,,,,,,,,0.00,,,,,,,false,true,12,2017-04-01,2018-03-31,1
2017-07-31,35420,2018-03-31,1,3203000000,0.291,,,,,144000000,-0.320,146000000,-0.199,89000000,,-0.280,8.68,8.51,,,,,5356000000,3685000000,0.688,,3685000000,,,,,,,,,10343800,150,10343650,false,false,3,2017-04-01,2017-06-30,0
2017-07-31,35420,2017-03-31,1,2481000000,,,,,,211000000,,182000000,,124000000,,,13.09,12.86,,,,,,,,,,,,,,,,,,,,9522107,false,false,3,2016-04-01,2016-06-30,-1
2017-07-31,35420,2018-03-31,1,6300000000,0.283,,,,,360000000,0.017,360000000,0.096,220000000,,0.015,21.27,,,,,,,,,,,,,,,,,,,,,,false,true,6,2017-04-01,2017-09-30,0
2017-07-31,35420,2018-03-31,1,13700000000,0.250,,,,,950000000,0.147,930000000,0.150,580000000,,-0.262,56.07,,,,,,,,,,,,,,,0.00,,,,,,,false,true,12,2017-04-01,2018-03-31,0
2017-07-31,35420,2017-03-31,1,,,,,,,,,,,,,,,,,,,,5336000000,3580000000,0.671,,3580000000,,,,,0.00,,,,10343800,150,,false,false,12,2016-04-01,2017-03-31,-1
2017-10-31,35420,2018-03-31,2,6250000000,0.273,,,,,166000000,-0.529,173000000,-0.472,106000000,,-0.508,10.30,10.11,,,,,5480000000,3713000000,0.678,,3713000000,,,,,,,,,10345000,150,10344028,false,false,6,2017-04-01,2017-09-30,0
2017-10-31,35420,2017-03-31,2,4911000000,,,,,,353000000,,328000000,,216000000,,,43.67,42.76,,,,,,,,,,,,,,,,,,,,9923436,false,false,6,2016-04-01,2016-09-30,-1
2017-10-31,35420,2018-03-31,2,13100000000,0.195,,,,,350000000,-0.578,370000000,-0.543,230000000,,-0.707,22.23,,,,,,,,,,,,,,,0.00,,,,,,,false,true,12,2017-04-01,2018-03-31,0
2017-10-31,35420,2017-03-31,2,,,,,,,,,,,,,,,,,,,,5336000000,3580000000,0.671,,3580000000,,,,,0.00,,,,10343800,150,,false,false,12,2016-04-01,2017-03-31,-1
2017-10-31,35420,2018-03-31,2,,,,,,,,,,,,,,,,,,,,,,,,,,,,,0.00,,,,,,,false,false,12,2017-04-01,2018-03-31,0
2018-01-31,35420,2018-03-31,3,9569000000,0.202,,,,,354000000,-0.436,376000000,-0.377,230000000,,-0.408,22.33,21.91,,,,,5533000000,3690000000,0.667,,3690000000,,,,,,,,,10345000,95150,10338430,false,false,9,2017-04-01,2017-12-31,0
2018-01-31,35420,2017-03-31,3,7964000000,,,,,,627000000,,604000000,,390000000,,,38.81,38.01,,,,,,,,,,,,,,,,,,,,10057205,false,false,9,2016-04-01,2016-12-31,-1
2018-01-31,35420,2018-03-31,3,12800000000,0.168,,,,,400000000,-0.517,420000000,-0.481,260000000,,-0.669,25.20,,,,,,,,,,,,,,,0.00,,,,,,,false,true,12,2017-04-01,2018-03-31,0
2018-01-31,35420,2017-03-31,3,,,,,,,,,,,,,,,,,,,,5336000000,3580000000,0.671,,3580000000,,,,,0.00,,,,10343800,150,,false,false,12,2016-04-01,2017-03-31,-1
2018-01-31,35420,2018-03-31,3,,,,,,,,,,,,,,,,,,,,,,,,,,,,,0.00,,,,,,,false,false,12,2017-04-01,2018-03-31,0
2018-04-10,35420,2018-03-31,,12970000000,0.013,,,,,550000000,0.375,560000000,0.333,340000000,,0.308,32.96,,,,,,,,,,,,,,,,,,,,,,false,true,12,2017-04-01,2018-03-31,0
2018-04-10,35420,2017-03-31,,10960000000,,,,,,828000000,,808000000,,786000000,,,77.65,,,,,,,,,,,,,,,,,,,,,,false,false,12,2016-04-01,2017-03-31,-1
2018-04-27,35420,2018-03-31,,12977000000,0.184,,,,,561000000,-0.322,589000000,-0.271,338000000,,-0.569,32.84,32.22,0.092,0.105,0.043,,5914000000,3779000000,0.639,368.63,3779000000,537000000,-173000000,-127000000,1663000000,0.00,,,,10347000,95150,10317517,false,false,12,2017-04-01,2018-03-31,0
2018-04-27,35420,2017-03-31,,10960000000,0.314,,,,,828000000,0.440,808000000,0.366,786000000,,1.202,77.65,76.08,0.275,0.174,0.076,,5336000000,3580000000,0.671,346.15,3580000000,189000000,-82000000,513000000,1430000000,0.00,,,,10343800,150,10124386,false,false,12,2016-04-01,2017-03-31,-1
2018-04-27,35420,2019-03-31,,15800000000,0.218,,,,,730000000,0.299,750000000,0.272,460000000,,0.358,44.87,,,,,,,,,,,,,,,0.00,,,,,,,false,true,12,2018-04-01,2019-03-31,1
2018-07-31,35420,2019-03-31,1,3371000000,0.052,,,,,71000000,-0.502,75000000,-0.482,46000000,,-0.479,4.56,4.47,,,,,5725000000,3874000000,0.677,,3873000000,,,,,,,,,10366600,95203,10262024,false,false,3,2018-04-01,2018-06-30,0
2018-07-31,35420,2018-03-31,1,3203000000,0.291,,,,,144000000,-0.320,146000000,-0.199,89000000,,-0.280,8.68,8.51,,,,,,,,,,,,,,,,,,,,10343650,false,false,3,2017-04-01,2017-06-30,-1
2018-07-31,35420,2019-03-31,1,15800000000,0.218,,,,,730000000,0.299,750000000,0.272,460000000,,0.358,44.87,,,,,,,,,,,,,,,0.00,,,,,,,false,true,12,2018-04-01,2019-03-31,0
2018-07-31,35420,2018-03-31,1,,,,,,,,,,,,,,,,,,,,5914000000,3779000000,0.639,,3779000000,,,,,0.00,,,,10347000,95150,,false,false,12,2017-04-01,2018-03-31,-1
2018-10-31,35420,2019-03-31,2,6341000000,0.015,,,,,-23000000,,-16000000,,-47000000,,,-4.59,,,,,,5915000000,3778000000,0.639,,3778000000,,,,,,,,,10367800,95203,10267123,false,false,6,2018-04-01,2018-09-30,0
2018-10-31,35420,2018-03-31,2,6250000000,0.273,,,,,166000000,-0.529,173000000,-0.472,106000000,,-0.508,10.30,10.11,,,,,,,,,,,,,,,,,,,,10344028,false,false,6,2017-04-01,2017-09-30,-1
2018-10-31,35420,2019-03-31,2,14000000000,0.079,,,,,-152000000,,-139000000,,-123000000,,,-11.98,,,,,,,,,,,,,,,0.00,,,,,,,false,true,12,2018-04-01,2019-03-31,0
2018-10-31,35420,2018-03-31,2,,,,,,,,,,,,,,,,,,,,5914000000,3779000000,0.639,,3779000000,,,,,0.00,,,,10347000,95150,,false,false,12,2017-04-01,2018-03-31,-1
2018-10-31,35420,2019-03-31,2,,,,,,,,,,,,,,,,,,,,,,,,,,,,,0.00,,,,,,,false,false,12,2018-04-01,2019-03-31,0
2019-01-31,35420,2019-03-31,3,9882000000,0.033,,,,,-166000000,,-146000000,,-149000000,,,-14.57,,,,,,6278000000,3652000000,0.582,,3652000000,,,,,,,,,10367800,95203,10268954,false,false,9,2018-04-01,2018-12-31,0
2019-01-31,35420,2018-03-31,3,9569000000,0.202,,,,,354000000,-0.436,376000000,-0.377,230000000,,-0.408,22.33,21.91,,,,,,,,,,,,,,,,,,,,10338430,false,false,9,2017-04-01,2017-12-31,-1
2019-01-31,35420,2019-03-31,3,14000000000,0.079,,,,,-152000000,,-139000000,,-123000000,,,-11.98,,,,,,,,,,,,,,,0.00,,,,,,,false,true,12,2018-04-01,2019-03-31,0
2019-01-31,35420,2018-03-31,3,,,,,,,,,,,,,,,,,,,,5914000000,3779000000,0.639,,3779000000,,,,,0.00,,,,10347000,95150,,false,false,12,2017-04-01,2018-03-31,-1
2019-01-31,35420,2019-03-31,3,,,,,,,,,,,,,,,,,,,,,,,,,,,,,0.00,,,,,,,false,false,12,2018-04-01,2019-03-31,0
2019-05-13,35420,2019-03-31,,13322000000,0.027,,,,,-296000000,,-256000000,,-240000000,,,-23.44,,-0.065,-0.043,-0.022,,6037000000,3574000000,0.592,347.92,3574000000,-574000000,-565000000,510000000,1033000000,0.00,,,,10367800,95203,10269852,false,false,12,2018-04-01,2019-03-31,0
2019-05-13,35420,2018-03-31,,12977000000,0.184,,,,,561000000,-0.322,589000000,-0.271,338000000,,-0.569,32.84,32.24,0.092,0.105,0.043,,5914000000,3779000000,0.639,368.63,3779000000,537000000,-173000000,-127000000,1663000000,0.00,,,,10347000,95150,10317517,false,false,12,2017-04-01,2018-03-31,-1
2019-05-13,35420,2020-03-31,,13700000000,0.028,,,,,-170000000,,-150000000,,-100000000,,,-9.73,,,,,,,,,,,,,,,0.00,,,,,,,false,true,12,2019-04-01,2020-03-31,1
2019-07-31,35420,2020-03-31,1,3320000000,-0.015,,,,,7000000,-0.898,13000000,-0.816,6000000,,-0.871,0.59,0.59,,,,,6086000000,3573000000,0.587,,3573000000,,,,,,,,,10374800,95203,10277981,false,false,3,2019-04-01,2019-06-30,0
2019-07-31,35420,2019-03-31,1,3371000000,0.052,,,,,71000000,-0.502,75000000,-0.482,46000000,,-0.479,4.56,4.47,,,,,,,,,,,,,,,,,,,,10262024,false,false,3,2018-04-01,2018-06-30,-1
2019-07-31,35420,2020-03-31,1,13700000000,0.028,,,,,-170000000,,-150000000,,-100000000,,,-9.73,,,,,,,,,,,,,,,0.00,,,,,,,false,true,12,2019-04-01,2020-03-31,0
2019-07-31,35420,2019-03-31,1,,,,,,,,,,,,,,,,,,,,6037000000,3574000000,0.592,,3574000000,,,,,0.00,,,,10367800,95203,,false,false,12,2018-04-01,2019-03-31,-1
2019-10-31,35420,2020-03-31,2,6676000000,0.053,,,,,28000000,,43000000,,19000000,,,1.91,1.91,,,,,5762000000,3620000000,0.628,,3620000000,,,,,,,,,10374800,76803,10282715,false,false,6,2019-04-01,2019-09-30,0
2019-10-31,35420,2019-03-31,2,6341000000,0.015,,,,,-23000000,,-16000000,,-47000000,,,-4.59,,,,,,,,,,,,,,,,,,,,,10267123,false,false,6,2018-04-01,2018-09-30,-1
2019-10-31,35420,2020-03-31,2,13700000000,0.028,,,,,-170000000,,-150000000,,-100000000,,,-9.73,,,,,,,,,,,,,,,0.00,,,,,,,false,true,12,2019-04-01,2020-03-31,0
2019-10-31,35420,2019-03-31,2,,,,,,,,,,,,,,,,,,,,6037000000,3574000000,0.592,,3574000000,,,,,0.00,,,,10367800,95203,,false,false,12,2018-04-01,2019-03-31,-1
2019-10-31,35420,2020-03-31,2,,,,,,,,,,,,,,,,,,,,,,,,,,,,,0.00,,,,,,,false,false,12,2019-04-01,2020-03-31,0
2020-01-31,35420,2020-03-31,3,9840000000,-0.004,,,,,13000000,,37000000,,13000000,,,1.31,1.31,,,,,5800000000,3611000000,0.623,,3611000000,,,,,,,,,10374800,76803,10287827,false,false,9,2019-04-01,2019-12-31,0
2020-01-31,35420,2019-03-31,3,9882000000,0.033,,,,,-166000000,,-146000000,,-149000000,,,-14.57,,,,,,,,,,,,,,,,,,,,,10268954,false,false,9,2018-04-01,2018-12-31,-1
2020-01-31,35420,2020-03-31,3,13700000000,0.028,,,,,-170000000,,-150000000,,-100000000,,,-9.73,,,,,,,,,,,,,,,0.00,,,,,,,false,true,12,2019-04-01,2020-03-31,0
2020-01-31,35420,2019-03-31,3,,,,,,,,,,,,,,,,,,,,6037000000,3574000000,0.592,,3574000000,,,,,0.00,,,,10367800,95203,,false,false,12,2018-04-01,2019-03-31,-1
2020-01-31,35420,2020-03-31,3,,,,,,,,,,,,,,,,,,,,,,,,,,,,,0.00,,,,,,,false,false,12,2019-04-01,2020-03-31,0
2020-04-09,35420,2020-03-31,,13500000000,-0.015,,,,,110000000,,140000000,,50000000,,,4.86,,,,,,,,,,,,,,,,,,,,,,false,true,12,2019-04-01,2020-03-31,0
2020-04-09,35420,2019-03-31,,13322000000,,,,,,-296000000,,-256000000,,-240000000,,,-23.44,,,,,,,,,,,,,,,,,,,,,,false,false,12,2018-04-01,2019-03-31,-1
2020-05-15,35420,2020-03-31,,13570000000,0.019,,,,,116000000,,146000000,,40000000,,,3.94,3.93,0.011,0.024,0.009,,6006000000,3708000000,0.617,360.15,3708000000,932000000,-146000000,-496000000,1322000000,0.00,,,,10374800,76803,10290356,false,false,12,2019-04-01,2020-03-31,0
2020-05-15,35420,2019-03-31,,13322000000,0.027,,,,,-296000000,,-256000000,,-240000000,,,-23.44,,-0.065,-0.043,-0.022,,6037000000,3574000000,0.592,347.92,3574000000,-574000000,-565000000,510000000,1033000000,0.00,,,,10367800,95203,10269852,false,false,12,2018-04-01,2019-03-31,-1
2020-05-15,35420,2021-03-31,,15100000000,0.113,,,,,470000000,3.036,500000000,2.410,300000000,,6.405,29.13,,,,,,,,,,,,,,,0.00,,,,,,,false,true,12,2020-04-01,2021-03-31,1
2020-05-15,35420,2021-03-31,,,-1.000,,,,,,-1.000,,-1.000,,,-1.000,,,,,,,,,,,,,,,,,,,,,,,false,true,6,2020-04-01,2020-09-30,1
2020-07-31,35420,2021-03-31,1,5349000000,0.611,,,,,748000000,,757000000,,461000000,,,44.77,44.34,,,,,6931000000,4148000000,0.598,,4148000000,,,,,,,,,10375400,76824,10298068,false,false,3,2020-04-01,2020-06-30,0
2020-07-31,35420,2020-03-31,1,3320000000,-0.015,,,,,7000000,-0.898,13000000,-0.816,6000000,,-0.871,0.59,0.59,,,,,,,,,,,,,,,,,,,,10277981,false,false,3,2019-04-01,2019-06-30,-1
2020-07-31,35420,2021-03-31,1,18000000000,0.326,,,,,1700000000,,1730000000,,1030000000,,,98.97,,,,,,,,,,,,,,,,,,,,,,false,true,12,2020-04-01,2021-03-31,0
2020-07-31,35420,2021-03-31,1,20000000000,0.474,,,,,2100000000,,2130000000,,1270000000,,,122.03,,,,,,,,,,,,,,,,,,,,,,false,true,12,2020-04-01,2021-03-31,0
2020-07-31,35420,2020-03-31,1,,,,,,,,,,,,,,,,,,,,6006000000,3708000000,0.617,,3708000000,,,,,0.00,,,,10374800,76803,,false,false,12,2019-04-01,2020-03-31,-1
2020-07-31,35420,2021-03-31,1,,,,,,,,,,,,,,,,,,,,,,,,,,,,,0.00,,,,,,,false,true,12,2020-04-01,2021-03-31,0
2020-10-30,35420,2021-03-31,2,9883000000,0.480,,,,,1158000000,,1173000000,,714000000,,,69.00,68.03,,,,,7107000000,4643000000,0.653,,4643000000,,,,,,,,,10570200,66824,10348096,false,false,6,2020-04-01,2020-09-30,0
2020-10-30,35420,2020-03-31,2,6676000000,0.053,,,,,28000000,,43000000,,19000000,,,1.91,1.91,,,,,,,,,,,,,,,,,,,,10282715,false,false,6,2019-04-01,2019-09-30,-1
2020-10-30,35420,2021-03-31,2,18000000000,0.326,,,,,1700000000,,1730000000,,1030000000,,,98.97,,,,,,,,,,,,,,,,,,,,,,false,true,12,2020-04-01,2021-03-31,0
2020-10-30,35420,2021-03-31,2,20000000000,0.474,,,,,2100000000,,2130000000,,1270000000,,,122.03,,,,,,,,,,,,,,,,,,,,,,false,true,12,2020-04-01,2021-03-31,0
2020-10-30,35420,2020-03-31,2,,,,,,,,,,,,,,,,,,,,6006000000,3708000000,0.617,,3708000000,,,,,0.00,,,,10374800,76803,,false,false,12,2019-04-01,2020-03-31,-1
2020-10-30,35420,2021-03-31,2,,,,,,,,,,,,,,,,,,,,,,,,,,,,,0.00,,,,,,,false,false,12,2020-04-01,2021-03-31,0
2020-10-30,35420,2021-03-31,2,,,,,,,,,,,,,,,,,,,,,,,,,,,,,0.00,,,,,,,false,true,12,2020-04-01,2021-03-31,0
2021-01-29,35420,2021-03-31,3,14247000000,0.448,,,,,1407000000,,1428000000,,867000000,,,83.38,82.27,,,,,7334000000,4785000000,0.652,,4785000000,,,,,,,,,10601200,66824,10408208,false,false,9,2020-04-01,2020-12-31,0
2021-01-29,35420,2020-03-31,3,9840000000,-0.004,,,,,13000000,,37000000,,13000000,,,1.31,1.31,,,,,,,,,,,,,,,,,,,,10287827,false,false,9,2019-04-01,2019-12-31,-1
2021-01-29,35420,2021-03-31,3,18000000000,0.326,,,,,1700000000,,1730000000,,1030000000,,,98.97,,,,,,,,,,,,,,,,,,,,,,false,true,12,2020-04-01,2021-03-31,0
2021-01-29,35420,2021-03-31,3,20000000000,0.474,,,,,2100000000,,2130000000,,1270000000,,,122.03,,,,,,,,,,,,,,,,,,,,,,false,true,12,2020-04-01,2021-03-31,0
2021-01-29,35420,2020-03-31,3,,,,,,,,,,,,,,,,,,,,6006000000,3708000000,0.617,,3708000000,,,,,0.00,,,,10374800,76803,,false,false,12,2019-04-01,2020-03-31,-1
2021-01-29,35420,2021-03-31,3,,,,,,,,,,,,,,,,,,,,,,,,,,,,,0.00,,,,,,,false,false,12,2020-04-01,2021-03-31,0
2021-01-29,35420,2021-03-31,3,,,,,,,,,,,,,,,,,,,,,,,,,,,,,10.00,,,,,,,false,true,12,2020-04-01,2021-03-31,0
2021-05-14,35420,2021-03-31,,19313000000,0.423,,,,,1824000000,,1851000000,,1159000000,,,110.99,109.61,0.262,0.260,0.094,,8223000000,5138000000,0.625,486.30,5138000000,2369000000,-300000000,-269000000,3121000000,10.00,0.090,,,10633600,66824,10443309,false,false,12,2020-04-01,2021-03-31,0
2021-05-14,35420,2020-03-31,,13570000000,0.019,,,,,116000000,,146000000,,40000000,,,3.94,3.93,0.011,0.024,0.009,,6006000000,3708000000,0.617,360.15,3708000000,932000000,-146000000,-496000000,1322000000,0.00,,,,10374800,76803,10290356,false,false,12,2019-04-01,2020-03-31,-1
2021-05-14,35420,2022-03-31,,19000000000,-0.016,,,,,1000000000,-0.452,1030000000,-0.444,618000000,,-0.467,58.49,,,,,,,,,,,,,,,,,,,,,,false,true,12,2021-04-01,2022-03-31,1
2021-05-14,35420,2022-03-31,,20500000000,0.061,,,,,1300000000,-0.288,1330000000,-0.282,798000000,,-0.312,75.52,,,,,,,,,,,,,,,,,,,,,,false,true,12,2021-04-01,2022-03-31,1
2021-05-14,35420,2022-03-31,,,,,,,,,,,,,,,,,,,,,,,,,,,,,,10.00,0.132,,,,,,false,true,12,2021-04-01,2022-03-31,1
2021-07-30,35420,2022-03-31,1,4519000000,,,,,,245000000,-0.672,252000000,-0.667,157000000,,-0.658,14.96,14.84,,,,,7402000000,5018000000,0.678,,5018000000,,,,,,,,,10633600,162824,10535686,false,false,3,2021-04-01,2021-06-30,0
2021-07-30,35420,2021-03-31,1,5349000000,0.611,,,,,748000000,,757000000,,461000000,,,44.77,44.34,,,,,,,,,,,,,,,,,,,,10298068,false,false,3,2020-04-01,2020-06-30,-1
2021-07-30,35420,2022-03-31,1,19000000000,,,,,,1000000000,-0.452,1030000000,-0.444,618000000,,-0.467,58.49,,,,,,,,,,,,,,,,,,,,,,false,true,12,2021-04-01,2022-03-31,0
2021-07-30,35420,2022-03-31,1,20500000000,,,,,,1300000000,-0.288,1330000000,-0.282,798000000,,-0.312,75.52,,,,,,,,,,,,,,,,,,,,,,false,true,12,2021-04-01,2022-03-31,0
2021-07-30,35420,2021-03-31,1,,,,,,,,,,,,,,,,,,,,8223000000,5138000000,0.625,,5138000000,,,,,10.00,,,,10633600,66824,,false,false,12,2020-04-01,2021-03-31,-1
2021-07-30,35420,2022-03-31,1,,,,,,,,,,,,,,,,,,,,,,,,,,,,,10.00,,,,,,,false,true,12,2021-04-01,2022-03-31,0
2021-10-29,35420,2022-03-31,2,8587000000,,,,,,345000000,-0.702,358000000,-0.695,223000000,,-0.688,21.23,21.09,,,,,7349000000,5128000000,0.698,,5128000000,,,,,,,,,10633600,137324,10507701,false,false,6,2021-04-01,2021-09-30,0
2021-10-29,35420,2021-03-31,2,9883000000,0.480,,,,,1158000000,,1173000000,,714000000,,,69.00,68.03,,,,,,,,,,,,,,,,,,,,10348096,false,false,6,2020-04-01,2020-09-30,-1
2021-10-29,35420,2022-03-31,2,19000000000,,,,,,1000000000,-0.452,1030000000,-0.444,618000000,,-0.467,58.49,,,,,,,,,,,,,,,,,,,,,,false,true,12,2021-04-01,2022-03-31,0
2021-10-29,35420,2022-03-31,2,20500000000,,,,,,1300000000,-0.288,1330000000,-0.282,798000000,,-0.312,75.52,,,,,,,,,,,,,,,,,,,,,,false,true,12,2021-04-01,2022-03-31,0
2021-10-29,35420,2021-03-31,2,,,,,,,,,,,,,,,,,,,,8223000000,5138000000,0.625,,5138000000,,,,,10.00,,,,10633600,66824,,false,false,12,2020-04-01,2021-03-31,-1
2021-10-29,35420,2022-03-31,2,,,,,,,,,,,,,,,,,,,,,,,,,,,,,0.00,,,,,,,false,false,12,2021-04-01,2022-03-31,0
2021-10-29,35420,2022-03-31,2,,,,,,,,,,,,,,,,,,,,,,,,,,,,,10.00,,,,,,,false,true,12,2021-04-01,2022-03-31,0
2022-01-31,35420,2022-03-31,3,12455000000,,,,,,449000000,-0.680,472000000,-0.669,308000000,,-0.644,29.41,29.22,,,,,7878000000,5208000000,0.661,,5208000000,,,,,,,,,10633600,136674,10504040,false,false,9,2021-04-01,2021-12-31,0
2022-01-31,35420,2021-03-31,3,14247000000,0.448,,,,,1407000000,,1428000000,,867000000,,,83.38,82.27,,,,,,,,,,,,,,,,,,,,10408208,false,false,9,2020-04-01,2020-12-31,-1
2022-01-31,35420,2022-03-31,3,16000000000,,,,,,500000000,-0.671,530000000,-0.660,250000000,,-0.643,23.80,,,,,,,,,,,,,,,,,,,,,,false,true,12,2021-04-01,2022-03-31,0
2022-01-31,35420,2022-03-31,3,16500000000,,,,,,600000000,-0.726,630000000,-0.714,414000000,,-0.784,39.42,,,,,,,,,,,,,,,,,,,,,,false,true,12,2021-04-01,2022-03-31,0
2022-01-31,35420,2021-03-31,3,,,,,,,,,,,,,,,,,,,,8223000000,5138000000,0.625,,5138000000,,,,,10.00,,,,10633600,66824,,false,false,12,2020-04-01,2021-03-31,-1
2022-01-31,35420,2022-03-31,3,,,,,,,,,,,,,,,,,,,,,,,,,,,,,0.00,,,,,,,false,false,12,2021-04-01,2022-03-31,0
2022-01-31,35420,2022-03-31,3,,,,,,,,,,,,,,,,,,,,,,,,,,,,,10.00,,,,,,,false,true,12,2021-04-01,2022-03-31,0
2022-05-13,35420,2022-03-31,,16832000000,,,,,,596000000,-0.673,621000000,-0.665,382000000,,-0.670,36.43,36.22,0.074,0.076,0.035,,8020000000,5269000000,0.657,501.98,5269000000,-1915000000,-229000000,258000000,1234000000,10.00,0.274,,,10634200,136674,10502404,false,false,12,2021-04-01,2022-03-31,0
2022-05-13,35420,2021-03-31,,19313000000,0.423,,,,,1824000000,,1851000000,,1159000000,,,110.99,109.51,0.262,0.260,0.094,,8223000000,5138000000,0.625,486.30,5138000000,2369000000,-300000000,-269000000,3121000000,10.00,0.090,,,10633600,66824,10443309,false,false,12,2020-04-01,2021-03-31,-1
2022-05-13,35420,2023-03-31,,16300000000,-0.032,,,,,0,-1.000,30000000,-0.952,18000000,,-0.953,1.72,,,,,,,,,,,,,,,,,,,,,,false,true,12,2022-04-01,2023-03-31,1
2022-05-13,35420,2023-03-31,,17300000000,0.028,,,,,200000000,-0.664,230000000,-0.630,138000000,,-0.639,13.15,,,,,,,,,,,,,,,,,,,,,,false,true,12,2022-04-01,2023-03-31,1
2022-05-13,35420,2023-03-31,,,,,,,,,,,,,,,,,,,,,,,,,,,,,,10.00,0.761,,,,,,false,true,12,2022-04-01,2023-03-31,1
2022-07-29,35420,2023-03-31,1,4200000000,-0.071,,,,,62000000,-0.748,67000000,-0.734,40000000,,-0.740,3.91,3.90,,,,,7983000000,5248000000,0.657,,5248000000,,,,,,,,,10635400,181674,10482143,false,false,3,2022-04-01,2022-06-30,0
2022-07-29,35420,2022-03-31,1,4519000000,,,,,,245000000,-0.672,252000000,-0.667,157000000,,-0.658,14.96,14.84,,,,,,,,,,,,,,,,,,,,10535686,false,false,3,2021-04-01,2021-06-30,-1
2022-07-29,35420,2023-03-31,1,16300000000,-0.032,,,,,0,-1.000,30000000,-0.952,18000000,,-0.953,1.72,,,,,,,,,,,,,,,,,,,,,,false,true,12,2022-04-01,2023-03-31,0
2022-07-29,35420,2023-03-31,1,17300000000,0.028,,,,,200000000,-0.664,230000000,-0.630,138000000,,-0.639,13.15,,,,,,,,,,,,,,,,,,,,,,false,true,12,2022-04-01,2023-03-31,0
2022-07-29,35420,2022-03-31,1,,,,,,,,,,,,,,,,,,,,8020000000,5269000000,0.657,,5269000000,,,,,10.00,,,,10634200,136674,,false,false,12,2021-04-01,2022-03-31,-1
2022-07-29,35420,2023-03-31,1,,,,,,,,,,,,,,,,,,,,,,,,,,,,,10.00,,,,,,,false,true,12,2022-04-01,2023-03-31,0
2022-10-31,35420,2023-03-31,2,8286000000,-0.035,,,,,115000000,-0.666,130000000,-0.637,59000000,,-0.734,5.67,5.67,,,,,7558000000,5348000000,0.708,,5348000000,,,,,,,,,10635400,146674,10475917,false,false,6,2022-04-01,2022-09-30,0
2022-10-31,35420,2022-03-31,2,8587000000,,,,,,345000000,-0.702,358000000,-0.695,223000000,,-0.688,21.23,21.09,,,,,,,,,,,,,,,,,,,,10507701,false,false,6,2021-04-01,2021-09-30,-1
2022-10-31,35420,2023-03-31,2,16300000000,-0.032,,,,,0,-1.000,30000000,-0.952,18000000,,-0.953,1.72,,,,,,,,,,,,,,,,,,,,,,false,true,12,2022-04-01,2023-03-31,0
2022-10-31,35420,2023-03-31,2,17300000000,0.028,,,,,200000000,-0.664,230000000,-0.630,138000000,,-0.639,13.15,,,,,,,,,,,,,,,,,,,,,,false,true,12,2022-04-01,2023-03-31,0
2022-10-31,35420,2022-03-31,2,,,,,,,,,,,,,,,,,,,,8020000000,5269000000,0.657,,5269000000,,,,,10.00,,,,10634200,136674,,false,false,12,2021-04-01,2022-03-31,-1
2022-10-31,35420,2023-03-31,2,,,,,,,,,,,,,,,,,,,,,,,,,,,,,0.00,,,,,,,false,false,12,2022-04-01,2023-03-31,0
2022-10-31,35420,2023-03-31,2,,,,,,,,,,,,,,,,,,,,,,,,,,,,,10.00,,,,,,,false,true,12,2022-04-01,2023-03-31,0
2023-01-31,35420,2023-03-31,3,12467000000,0.001,,,,,215000000,-0.522,235000000,-0.502,25000000,,-0.918,2.40,2.40,,,,,7527000000,5114000000,0.679,,5114000000,,,,,,,,,10635400,146674,10480202,false,false,9,2022-04-01,2022-12-31,0
2023-01-31,35420,2022-03-31,3,12455000000,,,,,,449000000,-0.680,472000000,-0.669,308000000,,-0.644,29.41,29.22,,,,,,,,,,,,,,,,,,,,10504040,false,false,9,2021-04-01,2021-12-31,-1
2023-01-31,35420,2023-03-31,3,16800000000,-0.002,,,,,250000000,-0.581,270000000,-0.565,42000000,,-0.890,3.95,,,,,,,,,,,,,,,,,,,,,,false,true,12,2022-04-01,2023-03-31,0
2023-01-31,35420,2023-03-31,3,17300000000,0.028,,,,,350000000,-0.413,370000000,-0.404,102000000,,-0.733,9.59,,,,,,,,,,,,,,,,,,,,,,false,true,12,2022-04-01,2023-03-31,0
2023-01-31,35420,2022-03-31,3,,,,,,,,,,,,,,,,,,,,8020000000,5269000000,0.657,,5269000000,,,,,10.00,,,,10634200,136674,,false,false,12,2021-04-01,2022-03-31,-1
2023-01-31,35420,2023-03-31,3,,,,,,,,,,,,,,,,,,,,,,,,,,,,,0.00,,,,,,,false,false,12,2022-04-01,2023-03-31,0
2023-01-31,35420,2023-03-31,3,,,,,,,,,,,,,,,,,,,,,,,,,,,,,10.00,,,,,,,false,true,12,2022-04-01,2023-03-31,0
2023-05-15,35420,2023-03-31,,16973000000,0.008,,,,,338000000,-0.432,364000000,-0.413,120000000,,-0.685,11.49,11.48,0.023,0.048,0.020,,7151000000,5304000000,0.742,505.30,5304000000,2043000000,-179000000,-1099000000,2000000000,10.00,0.870,,,10644200,146674,10482662,false,false,12,2022-04-01,2023-03-31,0
2023-05-15,35420,2022-03-31,,16832000000,,,,,,596000000,-0.673,621000000,-0.665,382000000,,-0.670,36.43,36.22,0.074,0.076,0.035,,8020000000,5269000000,0.657,501.98,5269000000,-1915000000,-229000000,258000000,1234000000,10.00,0.274,,,10634200,136674,10502404,false,false,12,2021-04-01,2022-03-31,-1
2023-05-15,35420,2024-03-31,,18000000000,0.060,,,,,600000000,0.774,630000000,0.728,378000000,,2.138,35.50,,,,,,,,,,,,,,,10.00,0.282,,,,,,false,true,12,2023-04-01,2024-03-31,1
2023-07-31,35420,2024-03-31,1,4154000000,-0.011,,,,,-34000000,,-16000000,,-11000000,,,-1.07,,,,,,6768000000,5283000000,0.781,,5283000000,,,,,,,,,10644800,178474,10493833,false,false,3,2023-04-01,2023-06-30,0
2023-07-31,35420,2023-03-31,1,4200000000,-0.071,,,,,62000000,-0.748,67000000,-0.734,40000000,,-0.740,3.91,3.90,,,,,,,,,,,,,,,,,,,,10482143,false,false,3,2022-04-01,2022-06-30,-1
2023-07-31,35420,2024-03-31,1,18000000000,0.060,,,,,600000000,0.774,630000000,0.728,378000000,,2.138,35.50,,,,,,,,,,,,,,,10.00,,,,,,,false,true,12,2023-04-01,2024-03-31,0
2023-07-31,35420,2023-03-31,1,,,,,,,,,,,,,,,,,,,,7151000000,5304000000,0.742,,5304000000,,,,,10.00,,,,10644200,146674,,false,false,12,2022-04-01,2023-03-31,-1
2023-07-31,35420,2024-03-31,1,4154000000,-0.011,,,,,-34000000,,-29000000,,-19000000,,,-1.89,,,,,,6769000000,5283000000,0.781,,5283000000,,,,,,,,,10644800,178474,10493833,false,false,3,2023-04-01,2023-06-30,0
2023-07-31,35420,2023-03-31,1,4200000000,-0.071,,,,,62000000,-0.748,67000000,-0.734,40000000,,-0.740,3.91,3.90,,,,,,,,,,,,,,,,,,,,10482143,false,false,3,2022-04-01,2022-06-30,-1
2023-07-31,35420,2024-03-31,1,18000000000,0.060,,,,,600000000,0.774,630000000,0.728,378000000,,2.138,35.50,,,,,,,,,,,,,,,10.00,,,,,,,false,true,12,2023-04-01,2024-03-31,0
2023-07-31,35420,2023-03-31,1,,,,,,,,,,,,,,,,,,,,7151000000,5304000000,0.742,,5304000000,,,,,10.00,,,,10644200,146674,,false,false,12,2022-04-01,2023-03-31,-1
2023-10-31,35420,2024-03-31,2,7905000000,-0.046,,,,,27000000,-0.759,36000000,-0.717,24000000,,-0.590,2.33,2.33,,,,,6659000000,5283000000,0.793,,5283000000,,,,,,,,,10644800,232974,10461890,false,false,6,2023-04-01,2023-09-30,0
2023-10-31,35420,2023-03-31,2,8286000000,-0.035,,,,,115000000,-0.666,130000000,-0.637,59000000,,-0.734,5.67,5.67,,,,,,,,,,,,,,,,,,,,10475917,false,false,6,2022-04-01,2022-09-30,-1
2023-10-31,35420,2024-03-31,2,18000000000,0.060,,,,,600000000,0.774,630000000,0.728,378000000,,2.138,35.50,,,,,,,,,,,,,,,10.00,,,,,,,false,true,12,2023-04-01,2024-03-31,0
2023-10-31,35420,2023-03-31,2,,,,,,,,,,,,,,,,,,,,7151000000,5304000000,0.742,,5304000000,,,,,10.00,,,,10644200,146674,,false,false,12,2022-04-01,2023-03-31,-1
2023-10-31,35420,2024-03-31,2,,,,,,,,,,,,,,,,,,,,,,,,,,,,,0.00,,,,,,,false,false,12,2023-04-01,2024-03-31,0
2024-01-31,35420,2024-03-31,3,11812000000,-0.053,,,,,302000000,0.406,319000000,0.355,110000000,,3.404,10.62,10.62,,,,,6697000000,5284000000,0.789,,5284000000,,,,,,,,,10644800,232974,10445141,false,false,9,2023-04-01,2023-12-31,0
2024-01-31,35420,2023-03-31,3,12467000000,0.001,,,,,215000000,-0.522,235000000,-0.502,25000000,,-0.918,2.40,2.40,,,,,,,,,,,,,,,,,,,,10480202,false,false,9,2022-04-01,2022-12-31,-1
2024-01-31,35420,2024-03-31,3,18000000000,0.060,,,,,600000000,0.774,630000000,0.728,378000000,,2.138,35.50,,,,,,,,,,,,,,,10.00,,,,,,,false,true,12,2023-04-01,2024-03-31,0
2024-01-31,35420,2023-03-31,3,,,,,,,,,,,,,,,,,,,,7151000000,5304000000,0.742,,5304000000,,,,,10.00,,,,10644200,146674,,false,false,12,2022-04-01,2023-03-31,-1
2024-01-31,35420,2024-03-31,3,,,,,,,,,,,,,,,,,,,,,,,,,,,,,0.00,,,,,,,false,false,12,2023-04-01,2024-03-31,0
2024-02-14,35420,2024-03-31,,15800000000,-0.122,,,,,,,690000000,0.095,354000000,,-0.063,34.00,,,,,,,,,,,,,,,,,,,,,,false,true,12,2023-04-01,2024-03-31,0
2024-02-14,35420,2023-03-31,,16973000000,,,,,,,,364000000,,120000000,,,11.49,,,,,,,,,,,,,,,,,,,,,,false,false,12,2022-04-01,2023-03-31,-1
2024-04-12,35420,2024-03-31,,16000000000,0.013,,,,,770000000,0.167,790000000,0.145,400000000,,0.130,38.36,,,,,,,,,,,,,,,,,,,,,,false,true,12,2023-04-01,2024-03-31,0
2024-04-12,35420,2023-03-31,,16973000000,,,,,,338000000,,364000000,,120000000,,,11.49,,,,,,,,,,,,,,,,,,,,,,false,false,12,2022-04-01,2023-03-31,-1
2024-05-15,35420,2024-03-31,,16063000000,-0.054,,,,,771000000,1.281,790000000,1.167,394000000,,2.274,37.82,37.79,0.073,0.110,0.048,,7209000000,5566000000,0.772,538.56,5566000000,264000000,-189000000,-234000000,1839000000,10.00,0.264,,,10669000,332974,10426803,false,false,12,2023-04-01,2024-03-31,0
2024-05-15,35420,2023-03-31,,16973000000,0.008,,,,,338000000,-0.432,364000000,-0.413,120000000,,-0.685,11.49,11.48,0.023,0.048,0.020,,7151000000,5304000000,0.742,505.30,5304000000,2043000000,-179000000,-1099000000,2000000000,10.00,0.870,,,10644200,146674,10482662,false,false,12,2022-04-01,2023-03-31,-1
2024-05-15,35420,2025-03-31,,7600000000,-0.039,,,,,400000000,,400000000,9.836,240000000,,8.840,23.22,,,,,,,,,,,,,,,,,,,,,,false,true,6,2024-04-01,2024-09-30,1
2024-05-15,35420,2025-03-31,,17000000000,0.058,,,,,1200000000,0.555,1200000000,0.518,720000000,,0.826,69.66,,,,,,,,,,,,,,,11.00,0.158,,,,,,false,true,12,2024-04-01,2025-03-31,1
2024-07-31,35420,2025-03-31,1,3598000000,-0.134,,,,,202000000,,203000000,,130000000,,,12.60,12.58,,,,,6998000000,5641000000,0.806,,5641000000,,,,,,,,,10669000,332974,10336026,false,false,3,2024-04-01,2024-06-30,0
2024-07-31,35420,2024-03-31,1,4154000000,-0.011,,,,,-34000000,,-29000000,,-19000000,,,-1.89,,,,,,,,,,,,,,,,,,,,,10493833,false,false,3,2023-04-01,2023-06-30,-1
2024-07-31,35420,2025-03-31,1,7600000000,-0.039,,,,,400000000,,400000000,9.836,240000000,,8.840,23.22,,,,,,,,,,,,,,,,,,,,,,false,true,6,2024-04-01,2024-09-30,0
2024-07-31,35420,2025-03-31,1,17000000000,0.058,,,,,1200000000,0.555,1200000000,0.518,720000000,,0.826,69.66,,,,,,,,,,,,,,,11.00,,,,,,,false,true,12,2024-04-01,2025-03-31,0
2024-07-31,35420,2024-03-31,1,,,,,,,,,,,,,,,,,,,,7209000000,5566000000,0.772,,5566000000,,,,,10.00,,,,10669000,332974,,false,false,12,2023-04-01,2024-03-31,-1
2024-10-31,35420,2025-03-31,2,7123000000,-0.099,,,,,294000000,9.587,298000000,7.097,191000000,,6.837,18.48,18.46,,,,,6975000000,5553000000,0.796,,5553000000,,,,,,,,,10669000,309974,10341767,false,false,6,2024-04-01,2024-09-30,0
2024-10-31,35420,2024-03-31,2,7905000000,-0.046,,,,,27000000,-0.759,36000000,-0.717,24000000,,-0.590,2.33,2.33,,,,,,,,,,,,,,,,,,,,10461890,false,false,6,2023-04-01,2023-09-30,-1
2024-10-31,35420,2025-03-31,2,17000000000,0.058,,,,,1200000000,0.555,1200000000,0.518,720000000,,0.826,69.66,,,,,,,,,,,,,,,11.00,,,,,,,false,true,12,2024-04-01,2025-03-31,0
2024-10-31,35420,2024-03-31,2,,,,,,,,,,,,,,,,,,,,7209000000,5566000000,0.772,,5566000000,,,,,10.00,,,,10669000,332974,,false,false,12,2023-04-01,2024-03-31,-1
2024-10-31,35420,2025-03-31,2,,,,,,,,,,,,,,,,,,,,,,,,,,,,,0.00,,,,,,,false,false,12,2024-04-01,2025-03-31,0
2025-01-31,35420,2025-03-31,3,11237000000,-0.049,,,,,507000000,0.678,512000000,0.605,327000000,,1.952,31.65,31.62,,,,,7530000000,5929000000,0.787,,5929000000,,,,,,,,,10669000,309974,10347541,false,false,9,2024-04-01,2024-12-31,0
2025-01-31,35420,2024-03-31,3,11812000000,-0.053,,,,,302000000,0.406,319000000,0.355,110000000,,3.404,10.62,10.62,,,,,,,,,,,,,,,,,,,,10445141,false,false,9,2023-04-01,2023-12-31,-1
2025-01-31,35420,2025-03-31,3,16000000000,-0.004,,,,,900000000,0.166,900000000,0.139,540000000,,0.369,52.17,,,,,,,,,,,,,,,11.00,,,,,,,false,true,12,2024-04-01,2025-03-31,0
2025-01-31,35420,2024-03-31,3,,,,,,,,,,,,,,,,,,,,7209000000,5566000000,0.772,,5566000000,,,,,10.00,,,,10669000,332974,,false,false,12,2023-04-01,2024-03-31,-1
2025-01-31,35420,2025-03-31,3,,,,,,,,,,,,,,,,,,,,,,,,,,,,,0.00,,,,,,,false,false,12,2024-04-01,2025-03-31,0
2025-01-31,35420,2025-03-31,,16000000000,-0.059,,,,,900000000,-0.250,900000000,-0.250,540000000,,-0.250,52.17,,,,,,,,,,,,,,,,,,,,,,false,true,12,2024-04-01,2025-03-31,0
2025-01-31,35420,2024-03-31,,16063000000,,,,,,771000000,,790000000,,394000000,,,37.82,,,,,,,,,,,,,,,,,,,,,,false,false,12,2023-04-01,2024-03-31,-1
2025-05-15,35420,2025-03-31,,15935000000,-0.008,,,,,926000000,0.201,938000000,0.187,591000000,,0.500,57.23,57.16,0.103,0.123,0.058,,8073000000,5958000000,0.738,579.51,5958000000,715000000,-466000000,-165000000,1922000000,11.00,0.192,,,10692600,410020,10339172,false,false,12,2024-04-01,2025-03-31,0
2025-05-15,35420,2024-03-31,,16063000000,-0.054,,,,,771000000,1.281,790000000,1.167,394000000,,2.274,37.82,37.79,0.073,0.110,0.048,,7209000000,5566000000,0.772,538.56,5566000000,264000000,-189000000,-234000000,1839000000,10.00,0.264,,,10669000,332974,10426803,false,false,12,2023-04-01,2024-03-31,-1
2025-05-15,35420,2026-03-31,,8000000000,0.123,,,,,400000000,0.356,400000000,0.338,240000000,,0.256,23.34,,,,,,,,,,,,,,,,,,,,,,false,true,6,2025-04-01,2025-09-30,1
2025-05-15,35420,2026-03-31,,17500000000,0.098,,,,,1100000000,0.187,1100000000,0.173,660000000,,0.115,64.19,,,,,,,,,,,,,,,12.00,0.187,,,,,,false,true,12,2025-04-01,2026-03-31,1
2025-07-31,35420,2026-03-31,1,4351000000,0.209,,,,,264000000,0.305,267000000,0.315,178000000,,0.369,17.32,17.29,,,,,7968000000,5990000000,0.752,,5990000000,,,,,,,,,10713400,410027,10294722,false,false,3,2025-04-01,2025-06-30,0
2025-07-31,35420,2025-03-31,1,3598000000,-0.134,,,,,202000000,,203000000,,130000000,,,12.60,12.58,,,,,,,,,,,,,,,,,,,,10336026,false,false,3,2024-04-01,2024-06-30,-1
2025-07-31,35420,2026-03-31,1,8000000000,0.123,,,,,400000000,0.356,400000000,0.338,240000000,,0.256,23.34,,,,,,,,,,,,,,,,,,,,,,false,true,6,2025-04-01,2025-09-30,0
2025-07-31,35420,2026-03-31,1,17500000000,0.098,,,,,1100000000,0.187,1100000000,0.173,660000000,,0.115,64.19,,,,,,,,,,,,,,,12.00,,,,,,,false,true,12,2025-04-01,2026-03-31,0
2025-07-31,35420,2025-03-31,1,,,,,,,,,,,,,,,,,,,,8073000000,5958000000,0.738,,5958000000,,,,,11.00,,,,10692600,410020,,false,false,12,2024-04-01,2025-03-31,-1
