filing_date,code,fiscal_year_end,quarterly_period,net_sales,net_sales_change,revenue,revenue_change,operating_revenue,operating_revenue_change,operating_profit,operating_profit_change,ordinary_profit,ordinary_profit_change,net_income,net_income_of_parent,net_income_change,eps,diluted_eps,roe,roa,operating_profit_to_net_sales,operating_profit_to_revenue,total_assets,net_assets,equity_ratio,bps,owner_equity,operating_cash_flow,investing_cash_flow,financing_cash_flow,cash,dividend_per_share,payout_ratio,commemorative_dividend,extra_dividend,number_of_shares,number_of_treqsury_shares,avg_number_of_shares,is_consolidated,is_forecast,duration,period_start,period_end,period_pos
2015-05-11,35530,2015-03-31,,45126000000,0.073,,,,,2508000000,0.408,2634000000,0.499,3538000000,,1.747,144.45,,0.143,0.061,0.056,,45739000000,27387000000,0.574,1072.05,26263000000,4236000000,-2722000000,-616000000,5000000000,,0.194,,,,,,true,false,12,2014-04-01,2015-03-31,0
2015-05-11,35530,2014-03-31,,42042000000,0.226,,,,,1781000000,5.258,1756000000,4.804,1288000000,,4.950,52.58,,0.057,0.045,0.042,,41034000000,24265000000,0.568,952.00,23322000000,3304000000,-2705000000,145000000,4062000000,,0.238,,,,,,true,false,12,2013-04-01,2014-03-31,-1
2015-05-11,35530,2016-03-31,,23500000000,0.103,,,,,1400000000,0.186,1400000000,0.199,,800000000,,32.66,,,,,,,,,,,,,,,,,,,,,,true,true,6,2015-04-01,2015-09-30,1
2015-05-11,35530,2016-03-31,,48000000000,0.064,,,,,3100000000,0.236,3100000000,0.177,,1900000000,,77.56,,,,,,,,,,,,,,,,0.361,,,,,,true,true,12,2015-04-01,2016-03-31,1
2015-05-11,35530,2015-03-31,,31482000000,0.056,,,,,1859000000,0.328,2245000000,0.443,3296000000,,1.661,134.56,,,,,,40261000000,22955000000,0.570,937.02,22955000000,,,,,28.00,,,,24500000,1677,24498382,false,false,12,2014-04-01,2015-03-31,0
2015-05-11,35530,2014-03-31,,29823000000,0.203,,,,,1399000000,,1556000000,6.278,1238000000,,5.482,50.56,,,,,,36678000000,20577000000,0.561,839.96,20577000000,,,,,12.50,,,,24500000,1581,24498445,false,false,12,2013-04-01,2014-03-31,-1
2015-05-11,35530,2016-03-31,,,,,,,,,,,,,,,,,,,,,,,,,,,,,,28.00,,,,,,,false,true,12,2015-04-01,2016-03-31,1
2015-07-30,35530,2016-03-31,1,11619000000,0.105,,,,,959000000,0.662,958000000,0.729,,573000000,,23.39,,,,,,45525000000,27585000000,0.581,1078.81,26429000000,,,,,,,,,,,,true,false,3,2015-04-01,2015-06-30,0
2015-07-30,35530,2015-03-31,1,10515000000,0.158,,,,,577000000,2.955,554000000,2.591,,484000000,,19.80,,,,,,,,,,,,,,,,,,,,,,true,false,3,2014-04-01,2014-06-30,-1
2015-07-30,35530,2016-03-31,1,23500000000,0.103,,,,,1400000000,0.186,1400000000,0.199,,800000000,,32.66,,,,,,,,,,,,,,,,,,,,,,true,true,6,2015-04-01,2015-09-30,0
2015-07-30,35530,2016-03-31,1,48000000000,0.064,,,,,3100000000,0.236,3100000000,0.177,,1900000000,,77.56,,,,,,,,,,,,,,,,,,,,,,true,true,12,2015-04-01,2016-03-31,0
2015-07-30,35530,2015-03-31,1,,,,,,,,,,,,,,,,,,,,45739000000,27387000000,0.574,1072.05,26263000000,,,,,,,,,,,,true,false,12,2014-04-01,2015-03-31,-1
2015-07-30,35530,2015-03-31,1,,,,,,,,,,,,,,,,,,,,,,,,,,,,,28.0,,,,24500000,1677,,false,false,12,2014-04-01,2015-03-31,-1
2015-07-30,35530,2016-03-31,1,,,,,,,,,,,,,,,,,,,,,,,,,,,,,28.0,,,,,,,false,true,12,2015-04-01,2016-03-31,0
2015-07-30,35530,2016-03-31,1,,,,,,,,,,,,,,,,,,,,,,,,,,,,,,,,,24500000,1677,24498323,false,false,3,2015-04-01,2015-06-30,0
2015-07-30,35530,2015-03-31,1,,,,,,,,,,,,,,,,,,,,,,,,,,,,,,,,,,,24498419,false,false,3,2014-04-01,2014-06-30,-1
2015-11-05,35530,2016-03-31,2,23447000000,0.101,,,,,1513000000,0.282,1514000000,0.297,,890000000,,36.36,,,,,,46425000000,27915000000,0.575,1089.46,26689000000,,,,,,,,,,,,true,false,6,2015-04-01,2015-09-30,0
2015-11-05,35530,2015-03-31,2,21295000000,0.092,,,,,1180000000,0.687,1167000000,0.609,,944000000,,38.55,,,,,,,,,,,,,,,,,,,,,,true,false,6,2014-04-01,2014-09-30,-1
2015-11-05,35530,2016-03-31,2,48000000000,0.064,,,,,3100000000,0.236,3100000000,0.177,,1900000000,,77.56,,,,,,,,,,,,,,,,,,,,,,true,true,12,2015-04-01,2016-03-31,0
2015-11-05,35530,2015-03-31,2,,,,,,,,,,,,,,,,,,,,45739000000,27387000000,0.574,1072.05,26263000000,,,,,,,,,,,,true,false,12,2014-04-01,2015-03-31,-1
2015-11-05,35530,2015-03-31,2,,,,,,,,,,,,,,,,,,,,,,,,,,,,,28.00,,,,24500000,1677,,false,false,12,2014-04-01,2015-03-31,-1
2015-11-05,35530,2016-03-31,2,,,,,,,,,,,,,,,,,,,,,,,,,,,,,14.00,,,,,,,false,false,12,2015-04-01,2016-03-31,0
2015-11-05,35530,2016-03-31,2,,,,,,,,,,,,,,,,,,,,,,,,,,,,,28.00,,,,,,,false,true,12,2015-04-01,2016-03-31,0
2015-11-05,35530,2016-03-31,2,,,,,,,,,,,,,,,,,,,,,,,,,,,,,,,,,24500000,1677,24498323,false,false,6,2015-04-01,2015-09-30,0
2015-11-05,35530,2015-03-31,2,,,,,,,,,,,,,,,,,,,,,,,,,,,,,,,,,,,24498414,false,false,6,2014-04-01,2014-09-30,-1
2016-02-05,35530,2016-03-31,3,35604000000,0.087,,,,,2583000000,0.419,2612000000,0.418,,1606000000,,65.57,,,,,,49053000000,28282000000,0.551,1103.93,27044000000,,,,,,,,,,,,true,false,9,2015-04-01,2015-12-31,0
2016-02-05,35530,2015-03-31,3,32766000000,0.075,,,,,1820000000,0.210,1842000000,0.187,,1541000000,,62.91,,,,,,,,,,,,,,,,,,,,,,true,false,9,2014-04-01,2014-12-31,-1
2016-02-05,35530,2016-03-31,3,48000000000,0.064,,,,,3100000000,0.236,3100000000,0.177,,1900000000,,77.56,,,,,,,,,,,,,,,,,,,,,,true,true,12,2015-04-01,2016-03-31,0
2016-02-05,35530,2015-03-31,3,,,,,,,,,,,,,,,,,,,,45739000000,27387000000,0.574,1072.05,26263000000,,,,,,,,,,,,true,false,12,2014-04-01,2015-03-31,-1
2016-02-05,35530,2015-03-31,3,,,,,,,,,,,,,,,,,,,,,,,,,,,,,28.00,,,,24500000,1677,,false,false,12,2014-04-01,2015-03-31,-1
2016-02-05,35530,2016-03-31,3,,,,,,,,,,,,,,,,,,,,,,,,,,,,,14.00,,,,,,,false,false,12,2015-04-01,2016-03-31,0
2016-02-05,35530,2016-03-31,3,,,,,,,,,,,,,,,,,,,,,,,,,,,,,33.00,,,,,,,false,true,12,2015-04-01,2016-03-31,0
2016-02-05,35530,2016-03-31,3,,,,,,,,,,,,,,,,,,,,,,,,,,,,,,,,,24500000,1737,24498316,false,false,9,2015-04-01,2015-12-31,0
2016-02-05,35530,2015-03-31,3,,,,,,,,,,,,,,,,,,,,,,,,,,,,,,,,,,,24498397,false,false,9,2014-04-01,2014-12-31,-1
2016-05-10,35530,2016-03-31,,47929000000,0.062,,,,,3636000000,0.450,3691000000,0.401,,2153000000,,87.92,,0.081,0.078,0.076,,48636000000,28363000000,0.557,1105.84,27091000000,4779000000,-3453000000,-766000000,5555000000,,0.375,,,,,,true,false,12,2015-04-01,2016-03-31,0
2016-05-10,35530,2015-03-31,,45126000000,0.073,,,,,2508000000,0.408,2634000000,0.499,,3538000000,,144.45,,0.143,0.061,0.056,,45739000000,27387000000,0.574,1072.05,26263000000,4236000000,-2722000000,-616000000,5000000000,,0.194,,,,,,true,false,12,2014-04-01,2015-03-31,-1
2016-05-10,35530,2017-03-31,,23500000000,0.002,,,,,1600000000,0.057,1550000000,0.024,,900000000,,36.74,,,,,,,,,,,,,,,,,,,,,,true,true,6,2016-04-01,2016-09-30,1
2016-05-10,35530,2017-03-31,,48500000000,0.012,,,,,3900000000,0.072,3850000000,0.043,,2350000000,,95.93,,,,,,,,,,,,,,,,0.313,,,,,,true,true,12,2016-04-01,2017-03-31,1
2016-05-10,35530,2016-03-31,,32875000000,0.044,,,,,2582000000,0.389,2822000000,0.257,1808000000,,-0.451,73.82,,,,,,42054000000,23870000000,0.568,974.37,23870000000,,,,,33.00,,,,24500000,1737,24498303,false,false,12,2015-04-01,2016-03-31,0
2016-05-10,35530,2015-03-31,,31482000000,0.056,,,,,1859000000,0.328,2245000000,0.443,3296000000,,1.661,134.56,,,,,,40261000000,22955000000,0.570,937.02,22955000000,,,,,28.00,,,,24500000,1677,24498382,false,false,12,2014-04-01,2015-03-31,-1
2016-05-10,35530,2017-03-31,,,,,,,,,,,,,,,,,,,,,,,,,,,,,,30.00,,,,,,,false,true,12,2016-04-01,2017-03-31,1
2016-08-01,35530,2017-03-31,1,11455000000,-0.014,,,,,858000000,-0.105,781000000,-0.184,,504000000,,20.60,,,,,,46735000000,28215000000,0.576,1099.61,26938000000,,,,,,,,,,,,true,false,3,2016-04-01,2016-06-30,0
2016-08-01,35530,2016-03-31,1,11619000000,0.105,,,,,959000000,0.662,958000000,0.729,,573000000,,23.39,,,,,,,,,,,,,,,,,,,,,,true,false,3,2015-04-01,2015-06-30,-1
2016-08-01,35530,2017-03-31,1,22000000000,-0.062,,,,,1500000000,-0.009,1400000000,-0.075,,800000000,,32.66,,,,,,,,,,,,,,,,,,,,,,true,true,6,2016-04-01,2016-09-30,0
2016-08-01,35530,2017-03-31,1,45500000000,-0.051,,,,,3400000000,-0.065,3300000000,-0.106,,1950000000,,79.60,,,,,,,,,,,,,,,,,,,,,,true,true,12,2016-04-01,2017-03-31,0
2016-08-01,35530,2016-03-31,1,,,,,,,,,,,,,,,,,,,,48636000000,28363000000,0.557,1105.84,27091000000,,,,,,,,,,,,true,false,12,2015-04-01,2016-03-31,-1
2016-08-01,35530,2016-03-31,1,,,,,,,,,,,,,,,,,,,,,,,,,,,,,33.00,,,,24500000,1737,,false,false,12,2015-04-01,2016-03-31,-1
2016-08-01,35530,2017-03-31,1,,,,,,,,,,,,,,,,,,,,,,,,,,,,,30.00,,,,,,,false,true,12,2016-04-01,2017-03-31,0
2016-08-01,35530,2017-03-31,1,,,,,,,,,,,,,,,,,,,,,,,,,,,,,,,,,24500000,1737,24498263,false,false,3,2016-04-01,2016-06-30,0
2016-08-01,35530,2016-03-31,1,,,,,,,,,,,,,,,,,,,,,,,,,,,,,,,,,,,24498323,false,false,3,2015-04-01,2015-06-30,-1
2016-08-01,35530,2017-03-31,,22000000000,-0.064,,,,,1500000000,-0.063,1400000000,-0.097,,800000000,,32.66,,,,,,,,,,,,,,,,,,,,,,true,true,6,2016-04-01,2016-09-30,0
2016-08-01,35530,2016-03-31,,23447000000,,,,,,1513000000,,1514000000,,,890000000,,36.36,,,,,,,,,,,,,,,,,,,,,,true,false,6,2015-04-01,2015-09-30,-1
2016-08-01,35530,2017-03-31,,45500000000,-0.062,,,,,3400000000,-0.128,3300000000,-0.143,,1950000000,,79.60,,,,,,,,,,,,,,,,,,,,,,true,true,12,2016-04-01,2017-03-31,0
2016-08-01,35530,2016-03-31,,47929000000,,,,,,3636000000,,3691000000,,,2153000000,,87.92,,,,,,,,,,,,,,,,,,,,,,true,false,12,2015-04-01,2016-03-31,-1
2016-10-31,35530,2017-03-31,2,22286000000,-0.049,,,,,1647000000,0.089,1564000000,0.034,,994000000,,40.61,,,,,,46268000000,29011000000,0.601,1134.35,27789000000,,,,,,,,,,,,true,false,6,2016-04-01,2016-09-30,0
2016-10-31,35530,2016-03-31,2,23447000000,0.101,,,,,1513000000,0.282,1514000000,0.297,,890000000,,36.36,,,,,,,,,,,,,,,,,,,,,,true,false,6,2015-04-01,2015-09-30,-1
2016-10-31,35530,2017-03-31,2,45500000000,-0.051,,,,,3400000000,-0.065,3300000000,-0.106,,1950000000,,79.60,,,,,,,,,,,,,,,,,,,,,,true,true,12,2016-04-01,2017-03-31,0
2016-10-31,35530,2016-03-31,2,,,,,,,,,,,,,,,,,,,,48636000000,28363000000,0.557,1105.84,27091000000,,,,,,,,,,,,true,false,12,2015-04-01,2016-03-31,-1
2016-10-31,35530,2016-03-31,2,,,,,,,,,,,,,,,,,,,,,,,,,,,,,33.00,,,,24500000,1737,,false,false,12,2015-04-01,2016-03-31,-1
2016-10-31,35530,2017-03-31,2,,,,,,,,,,,,,,,,,,,,,,,,,,,,,15.00,,,,,,,false,false,12,2016-04-01,2017-03-31,0
2016-10-31,35530,2017-03-31,2,,,,,,,,,,,,,,,,,,,,,,,,,,,,,30.00,,,,,,,false,true,12,2016-04-01,2017-03-31,0
2016-10-31,35530,2017-03-31,2,,,,,,,,,,,,,,,,,,,,,,,,,,,,,,,,,24500000,1737,24498263,false,false,6,2016-04-01,2016-09-30,0
2016-10-31,35530,2016-03-31,2,,,,,,,,,,,,,,,,,,,,,,,,,,,,,,,,,,,24498323,false,false,6,2015-04-01,2015-09-30,-1
2017-02-08,35530,2017-03-31,3,33801000000,-0.051,,,,,2834000000,0.097,2928000000,0.121,,1859000000,,75.89,,,,,,48079000000,29599000000,0.589,1156.71,28337000000,,,,,,,,,,,,true,false,9,2016-04-01,2016-12-31,0
2017-02-08,35530,2016-03-31,3,35604000000,0.087,,,,,2583000000,0.419,2612000000,0.418,,1606000000,,65.57,,,,,,,,,,,,,,,,,,,,,,true,false,9,2015-04-01,2015-12-31,-1
2017-02-08,35530,2017-03-31,3,45500000000,-0.051,,,,,3400000000,-0.065,3300000000,-0.106,,1950000000,,79.60,,,,,,,,,,,,,,,,,,,,,,true,true,12,2016-04-01,2017-03-31,0
2017-02-08,35530,2016-03-31,3,,,,,,,,,,,,,,,,,,,,48636000000,28363000000,0.557,1105.84,27091000000,,,,,,,,,,,,true,false,12,2015-04-01,2016-03-31,-1
2017-02-08,35530,2016-03-31,3,,,,,,,,,,,,,,,,,,,,,,,,,,,,,33.00,,,,24500000,1737,,false,false,12,2015-04-01,2016-03-31,-1
2017-02-08,35530,2017-03-31,3,,,,,,,,,,,,,,,,,,,,,,,,,,,,,15.00,,,,,,,false,false,12,2016-04-01,2017-03-31,0
2017-02-08,35530,2017-03-31,3,,,,,,,,,,,,,,,,,,,,,,,,,,,,,30.00,,,,,,,false,true,12,2016-04-01,2017-03-31,0
2017-02-08,35530,2017-03-31,3,,,,,,,,,,,,,,,,,,,,,,,,,,,,,,,,,24500000,1737,24498263,false,false,9,2016-04-01,2016-12-31,0
2017-02-08,35530,2016-03-31,3,,,,,,,,,,,,,,,,,,,,,,,,,,,,,,,,,,,24498316,false,false,9,2015-04-01,2015-12-31,-1
2017-05-09,35530,2017-03-31,,46773000000,-0.024,,,,,3770000000,0.037,3803000000,0.030,,2557000000,,104.39,,0.091,0.078,0.081,,48398000000,30626000000,0.604,1193.13,29229000000,2381000000,-8000000,-845000000,7050000000,,0.307,,,,,,true,false,12,2016-04-01,2017-03-31,0
2017-05-09,35530,2016-03-31,,47929000000,0.062,,,,,3636000000,0.450,3691000000,0.401,,2153000000,,87.92,,0.081,0.078,0.076,,48636000000,28363000000,0.557,1105.84,27091000000,4779000000,-3453000000,-766000000,5555000000,,0.375,,,,,,true,false,12,2015-04-01,2016-03-31,-1
2017-05-09,35530,2018-03-31,,22500000000,0.010,,,,,1500000000,-0.090,1500000000,-0.041,,900000000,,36.74,,,,,,,,,,,,,,,,,,,,,,true,true,6,2017-04-01,2017-09-30,1
2017-05-09,35530,2018-03-31,,47000000000,0.005,,,,,3600000000,-0.045,3600000000,-0.053,,2300000000,,93.88,,,,,,,,,,,,,,,,0.341,,,,,,true,true,12,2017-04-01,2018-03-31,1
2017-05-09,35530,2017-03-31,,31032000000,-0.056,,,,,2610000000,0.011,2873000000,0.018,2155000000,,0.192,87.99,,,,,,40935000000,25200000000,0.616,1028.67,25200000000,,,,,32.00,,,,24500000,1737,24498263,false,false,12,2016-04-01,2017-03-31,0
2017-05-09,35530,2016-03-31,,32875000000,0.044,,,,,2582000000,0.389,2822000000,0.257,1808000000,,-0.451,73.82,,,,,,42054000000,23870000000,0.568,974.37,23870000000,,,,,33.00,,,,24500000,1737,24498303,false,false,12,2015-04-01,2016-03-31,-1
2017-05-09,35530,2018-03-31,,,,,,,,,,,,,,,,,,,,,,,,,,,,,,32.00,,,,,,,false,true,12,2017-04-01,2018-03-31,1
2017-07-31,35530,2018-03-31,1,11465000000,0.001,,,,,700000000,-0.185,767000000,-0.018,,482000000,,19.69,,,,,,47787000000,30653000000,0.612,1193.24,29232000000,,,,,,,,,,,,true,false,3,2017-04-01,2017-06-30,0
2017-07-31,35530,2017-03-31,1,11455000000,-0.014,,,,,858000000,-0.105,781000000,-0.184,,504000000,,20.60,,,,,,,,,,,,,,,,,,,,,,true,false,3,2016-04-01,2016-06-30,-1
2017-07-31,35530,2018-03-31,1,22500000000,0.010,,,,,1500000000,-0.090,1500000000,-0.041,,900000000,,36.74,,,,,,,,,,,,,,,,,,,,,,true,true,6,2017-04-01,2017-09-30,0
2017-07-31,35530,2018-03-31,1,47000000000,0.005,,,,,3600000000,-0.045,3600000000,-0.053,,2300000000,,93.88,,,,,,,,,,,,,,,,,,,,,,true,true,12,2017-04-01,2018-03-31,0
2017-07-31,35530,2017-03-31,1,,,,,,,,,,,,,,,,,,,,48398000000,30626000000,0.604,1193.13,29229000000,,,,,,,,,,,,true,false,12,2016-04-01,2017-03-31,-1
2017-07-31,35530,2017-03-31,1,,,,,,,,,,,,,,,,,,,,,,,,,,,,,32.00,,,,24500000,1737,,false,false,12,2016-04-01,2017-03-31,-1
2017-07-31,35530,2018-03-31,1,,,,,,,,,,,,,,,,,,,,,,,,,,,,,32.00,,,,,,,false,true,12,2017-04-01,2018-03-31,0
2017-07-31,35530,2018-03-31,1,,,,,,,,,,,,,,,,,,,,,,,,,,,,,,,,,24500000,1737,24498263,false,false,3,2017-04-01,2017-06-30,0
2017-07-31,35530,2017-03-31,1,,,,,,,,,,,,,,,,,,,,,,,,,,,,,,,,,,,24498263,false,false,3,2016-04-01,2016-06-30,-1
2017-10-31,35530,2018-03-31,2,23106000000,0.037,,,,,1494000000,-0.093,1594000000,0.019,,995000000,,40.65,,,,,,50178000000,31325000000,0.594,1217.42,29824000000,,,,,,,,,,,,true,false,6,2017-04-01,2017-09-30,0
2017-10-31,35530,2017-03-31,2,22286000000,-0.049,,,,,1647000000,0.089,1564000000,0.034,,994000000,,40.61,,,,,,,,,,,,,,,,,,,,,,true,false,6,2016-04-01,2016-09-30,-1
2017-10-31,35530,2018-03-31,2,47500000000,0.016,,,,,3000000000,-0.204,3050000000,-0.198,,2100000000,,85.72,,,,,,,,,,,,,,,,,,,,,,true,true,12,2017-04-01,2018-03-31,0
2017-10-31,35530,2017-03-31,2,,,,,,,,,,,,,,,,,,,,48398000000,30626000000,0.604,1193.13,29229000000,,,,,,,,,,,,true,false,12,2016-04-01,2017-03-31,-1
2017-10-31,35530,2017-03-31,2,,,,,,,,,,,,,,,,,,,,,,,,,,,,,32.00,,,,24500000,1737,,false,false,12,2016-04-01,2017-03-31,-1
2017-10-31,35530,2018-03-31,2,,,,,,,,,,,,,,,,,,,,,,,,,,,,,16.00,,,,,,,false,false,12,2017-04-01,2018-03-31,0
2017-10-31,35530,2018-03-31,2,,,,,,,,,,,,,,,,,,,,,,,,,,,,,32.00,,,,,,,false,true,12,2017-04-01,2018-03-31,0
2017-10-31,35530,2018-03-31,2,,,,,,,,,,,,,,,,,,,,,,,,,,,,,,,,,24500000,1737,24498263,false,false,6,2017-04-01,2017-09-30,0
2017-10-31,35530,2017-03-31,2,,,,,,,,,,,,,,,,,,,,,,,,,,,,,,,,,,,24498263,false,false,6,2016-04-01,2016-09-30,-1
2017-10-31,35530,2018-03-31,,47500000000,0.011,,,,,3000000000,-0.167,3050000000,-0.153,,2100000000,,85.72,,,,,,,,,,,,,,,,,,,,,,true,true,12,2017-04-01,2018-03-31,0
2017-10-31,35530,2017-03-31,,46773000000,,,,,,3770000000,,3803000000,,,2557000000,,104.39,,,,,,,,,,,,,,,,,,,,,,true,false,12,2016-04-01,2017-03-31,-1
2018-02-07,35530,2018-03-31,3,35459000000,0.049,,,,,2605000000,-0.081,2745000000,-0.062,,1800000000,,73.51,,,,,,51606000000,31849000000,0.588,1238.48,30340000000,,,,,,,,,,,,true,false,9,2017-04-01,2017-12-31,0
2018-02-07,35530,2017-03-31,3,33801000000,-0.051,,,,,2834000000,0.097,2928000000,0.121,,1859000000,,75.89,,,,,,,,,,,,,,,,,,,,,,true,false,9,2016-04-01,2016-12-31,-1
2018-02-07,35530,2018-03-31,3,47500000000,0.016,,,,,3000000000,-0.204,3050000000,-0.198,,2100000000,,85.72,,,,,,,,,,,,,,,,,,,,,,true,true,12,2017-04-01,2018-03-31,0
2018-02-07,35530,2017-03-31,3,,,,,,,,,,,,,,,,,,,,48398000000,30626000000,0.604,1193.13,29229000000,,,,,,,,,,,,true,false,12,2016-04-01,2017-03-31,-1
2018-02-07,35530,2017-03-31,3,,,,,,,,,,,,,,,,,,,,,,,,,,,,,32.00,,,,24500000,1737,,false,false,12,2016-04-01,2017-03-31,-1
2018-02-07,35530,2018-03-31,3,,,,,,,,,,,,,,,,,,,,,,,,,,,,,16.00,,,,,,,false,false,12,2017-04-01,2018-03-31,0
2018-02-07,35530,2018-03-31,3,,,,,,,,,,,,,,,,,,,,,,,,,,,,,32.00,,,,,,,false,true,12,2017-04-01,2018-03-31,0
2018-02-07,35530,2018-03-31,3,,,,,,,,,,,,,,,,,,,,,,,,,,,,,,,,,24500000,1737,24498263,false,false,9,2017-04-01,2017-12-31,0
2018-02-07,35530,2017-03-31,3,,,,,,,,,,,,,,,,,,,,,,,,,,,,,,,,,,,24498263,false,false,9,2016-04-01,2016-12-31,-1
2018-05-08,35530,2018-03-31,,49003000000,0.048,,,,,3247000000,-0.139,3349000000,-0.119,,2399000000,,97.95,,0.080,0.066,0.066,,53533000000,32172000000,0.580,1266.53,31027000000,4633000000,-2929000000,-987000000,7774000000,,0.327,,,,,,true,false,12,2017-04-01,2018-03-31,0
2018-05-08,35530,2017-03-31,,46773000000,-0.024,,,,,3770000000,0.037,3803000000,0.030,,2557000000,,104.39,,0.091,0.078,0.081,,48398000000,30626000000,0.604,1193.13,29229000000,2381000000,-8000000,-845000000,7050000000,,0.307,,,,,,true,false,12,2016-04-01,2017-03-31,-1
2018-05-08,35530,2019-03-31,,24000000000,0.039,,,,,1200000000,-0.197,1200000000,-0.247,,700000000,,28.57,,,,,,,,,,,,,,,,,,,,,,true,true,6,2018-04-01,2018-09-30,1
2018-05-08,35530,2019-03-31,,50000000000,0.020,,,,,3900000000,0.201,3900000000,0.165,,2450000000,,100.01,,,,,,,,,,,,,,,,0.320,,,,,,true,true,12,2018-04-01,2019-03-31,1
2018-05-08,35530,2018-03-31,,32683000000,0.053,,,,,2803000000,0.074,3133000000,0.091,2396000000,,0.112,97.80,,,,,,45279000000,26858000000,0.593,1096.33,26858000000,,,,,32.00,,,,24500000,1737,24498263,false,false,12,2017-04-01,2018-03-31,0
2018-05-08,35530,2017-03-31,,31032000000,-0.056,,,,,2610000000,0.011,2873000000,0.018,2155000000,,0.192,87.99,,,,,,40935000000,25200000000,0.616,1028.67,25200000000,,,,,32.00,,,,24500000,1737,24498263,false,false,12,2016-04-01,2017-03-31,-1
2018-05-08,35530,2019-03-31,,,,,,,,,,,,,,,,,,,,,,,,,,,,,,32.00,,,,,,,false,true,12,2018-04-01,2019-03-31,1
2018-07-31,35530,2019-03-31,1,11877000000,0.036,,,,,611000000,-0.126,647000000,-0.157,,436000000,,17.82,,,,,,52494000000,32157000000,0.591,1266.93,31037000000,,,,,,,,,,,,true,false,3,2018-04-01,2018-06-30,0
2018-07-31,35530,2018-03-31,1,11465000000,0.001,,,,,700000000,-0.185,767000000,-0.018,,482000000,,19.69,,,,,,,,,,,,,,,,,,,,,,true,false,3,2017-04-01,2017-06-30,-1
2018-07-31,35530,2019-03-31,1,24000000000,0.039,,,,,1200000000,-0.197,1200000000,-0.247,,700000000,,28.57,,,,,,,,,,,,,,,,,,,,,,true,true,6,2018-04-01,2018-09-30,0
2018-07-31,35530,2019-03-31,1,50000000000,0.020,,,,,3900000000,0.201,3900000000,0.165,,2450000000,,100.01,,,,,,,,,,,,,,,,,,,,,,true,true,12,2018-04-01,2019-03-31,0
2018-07-31,35530,2018-03-31,1,,,,,,,,,,,,,,,,,,,,53533000000,32172000000,0.580,1266.53,31027000000,,,,,,,,,,,,true,false,12,2017-04-01,2018-03-31,-1
2018-07-31,35530,2018-03-31,1,,,,,,,,,,,,,,,,,,,,,,,,,,,,,32.00,,,,24500000,1737,,false,false,12,2017-04-01,2018-03-31,-1
2018-07-31,35530,2019-03-31,1,,,,,,,,,,,,,,,,,,,,,,,,,,,,,32.00,,,,,,,false,true,12,2018-04-01,2019-03-31,0
2018-07-31,35530,2019-03-31,1,,,,,,,,,,,,,,,,,,,,,,,,,,,,,,,,,24500000,1737,24498263,false,false,3,2018-04-01,2018-06-30,0
2018-07-31,35530,2018-03-31,1,,,,,,,,,,,,,,,,,,,,,,,,,,,,,,,,,,,24498263,false,false,3,2017-04-01,2017-06-30,-1
2018-10-30,35530,2019-03-31,,22950000000,-0.044,,,,,880000000,-0.267,950000000,-0.208,,620000000,,25.31,,,,,,,,,,,,,,,,,,,,,,true,true,6,2018-04-01,2018-09-30,0
2018-10-30,35530,2018-03-31,,23106000000,,,,,,1494000000,,1594000000,,,995000000,,40.65,,,,,,,,,,,,,,,,,,,,,,true,false,6,2017-04-01,2017-09-30,-1
2018-10-30,35530,2019-03-31,,49000000000,-0.020,,,,,2800000000,-0.282,2900000000,-0.256,,2050000000,,83.68,,,,,,,,,,,,,,,,,,,,,,true,true,12,2018-04-01,2019-03-31,0
2018-10-30,35530,2018-03-31,,49003000000,,,,,,3247000000,,3349000000,,,2399000000,,97.95,,,,,,,,,,,,,,,,,,,,,,true,false,12,2017-04-01,2018-03-31,-1
2018-11-06,35530,2019-03-31,2,22978000000,-0.006,,,,,887000000,-0.406,953000000,-0.402,,629000000,,25.71,,,,,,51336000000,32278000000,0.607,1272.92,31184000000,,,,,,,,,,,,true,false,6,2018-04-01,2018-09-30,0
2018-11-06,35530,2018-03-31,2,23106000000,0.037,,,,,1494000000,-0.093,1594000000,0.019,,995000000,,40.65,,,,,,,,,,,,,,,,,,,,,,true,false,6,2017-04-01,2017-09-30,-1
2018-11-06,35530,2019-03-31,2,49000000000,0.000,,,,,2800000000,-0.138,2900000000,-0.134,,2050000000,,83.68,,,,,,,,,,,,,,,,,,,,,,true,true,12,2018-04-01,2019-03-31,0
2018-11-06,35530,2018-03-31,2,,,,,,,,,,,,,,,,,,,,53533000000,32172000000,0.580,1266.53,31027000000,,,,,,,,,,,,true,false,12,2017-04-01,2018-03-31,-1
2018-11-06,35530,2018-03-31,2,,,,,,,,,,,,,,,,,,,,,,,,,,,,,32.00,,,,24500000,1737,,false,false,12,2017-04-01,2018-03-31,-1
2018-11-06,35530,2019-03-31,2,,,,,,,,,,,,,,,,,,,,,,,,,,,,,16.00,,,,,,,false,false,12,2018-04-01,2019-03-31,0
2018-11-06,35530,2019-03-31,2,,,,,,,,,,,,,,,,,,,,,,,,,,,,,32.00,,,,,,,false,true,12,2018-04-01,2019-03-31,0
2018-11-06,35530,2019-03-31,2,,,,,,,,,,,,,,,,,,,,,,,,,,,,,,,,,24500000,1737,24498263,false,false,6,2018-04-01,2018-09-30,0
2018-11-06,35530,2018-03-31,2,,,,,,,,,,,,,,,,,,,,,,,,,,,,,,,,,,,24498263,false,false,6,2017-04-01,2017-09-30,-1
2019-02-06,35530,2019-03-31,3,34980000000,-0.014,,,,,1454000000,-0.442,1522000000,-0.446,,1055000000,,43.07,,,,,,49914000000,32124000000,0.623,1268.43,31074000000,,,,,,,,,,,,true,false,9,2018-04-01,2018-12-31,0
2019-02-06,35530,2018-03-31,3,35459000000,0.049,,,,,2605000000,-0.081,2745000000,-0.062,,1800000000,,73.51,,,,,,,,,,,,,,,,,,,,,,true,false,9,2017-04-01,2017-12-31,-1
2019-02-06,35530,2019-03-31,3,46500000000,-0.051,,,,,2000000000,-0.384,2150000000,-0.358,,1500000000,,61.23,,,,,,,,,,,,,,,,,,,,,,true,true,12,2018-04-01,2019-03-31,0
2019-02-06,35530,2018-03-31,3,,,,,,,,,,,,,,,,,,,,53533000000,32172000000,0.580,1266.53,31027000000,,,,,,,,,,,,true,false,12,2017-04-01,2018-03-31,-1
2019-02-06,35530,2018-03-31,3,,,,,,,,,,,,,,,,,,,,,,,,,,,,,32.00,,,,24500000,1737,,false,false,12,2017-04-01,2018-03-31,-1
2019-02-06,35530,2019-03-31,3,,,,,,,,,,,,,,,,,,,,,,,,,,,,,16.00,,,,,,,false,false,12,2018-04-01,2019-03-31,0
2019-02-06,35530,2019-03-31,3,,,,,,,,,,,,,,,,,,,,,,,,,,,,,32.00,,,,,,,false,true,12,2018-04-01,2019-03-31,0
2019-02-06,35530,2019-03-31,3,,,,,,,,,,,,,,,,,,,,,,,,,,,,,,,,,24500000,1737,24498263,false,false,9,2018-04-01,2018-12-31,0
2019-02-06,35530,2018-03-31,3,,,,,,,,,,,,,,,,,,,,,,,,,,,,,,,,,,,24498263,false,false,9,2017-04-01,2017-12-31,-1
2019-05-09,35530,2019-03-31,,45682000000,-0.068,,,,,1949000000,-0.400,2043000000,-0.390,,1498000000,,61.16,,0.048,0.039,0.043,,50710000000,32439000000,0.620,1283.51,31443000000,4030000000,-2740000000,-718000000,8338000000,,0.523,,,,,,true,false,12,2018-04-01,2019-03-31,0
2019-05-09,35530,2018-03-31,,49003000000,0.048,,,,,3247000000,-0.139,3349000000,-0.119,,2399000000,,97.95,,0.080,0.066,0.066,,53533000000,32172000000,0.580,1266.53,31027000000,4633000000,-2929000000,-987000000,7774000000,,0.327,,,,,,true,false,12,2017-04-01,2018-03-31,-1
2019-05-09,35530,2020-03-31,,21000000000,-0.086,,,,,600000000,-0.324,700000000,-0.266,,500000000,,20.41,,,,,,,,,,,,,,,,,,,,,,true,true,6,2019-04-01,2019-09-30,1
2019-05-09,35530,2020-03-31,,46000000000,0.007,,,,,2800000000,0.436,2900000000,0.419,,2000000000,,81.64,,,,,,,,,,,,,,,,0.392,,,,,,true,true,12,2019-04-01,2020-03-31,1
2019-05-09,35530,2019-03-31,,31066000000,-0.049,,,,,1878000000,-0.330,2267000000,-0.276,1710000000,,-0.286,69.82,,,,,,44335000000,27748000000,0.626,1132.68,27748000000,,,,,32.00,,,,24500000,1737,24498263,false,false,12,2018-04-01,2019-03-31,0
2019-05-09,35530,2018-03-31,,32683000000,0.053,,,,,2803000000,0.074,3133000000,0.091,2396000000,,0.112,97.80,,,,,,45279000000,26858000000,0.593,1096.33,26858000000,,,,,32.00,,,,24500000,1737,24498263,false,false,12,2017-04-01,2018-03-31,-1
2019-05-09,35530,2020-03-31,,,,,,,,,,,,,,,,,,,,,,,,,,,,,,32.00,,,,,,,false,true,12,2019-04-01,2020-03-31,1
2019-07-30,35530,2020-03-31,1,10514000000,-0.115,,,,,295000000,-0.517,264000000,-0.592,,198000000,,8.09,,,,,,50418000000,32264000000,0.620,1276.13,31263000000,,,,,,,,,,,,true,false,3,2019-04-01,2019-06-30,0
2019-07-30,35530,2019-03-31,1,11877000000,0.036,,,,,611000000,-0.126,647000000,-0.157,,436000000,,17.82,,,,,,,,,,,,,,,,,,,,,,true,false,3,2018-04-01,2018-06-30,-1
2019-07-30,35530,2020-03-31,1,21000000000,-0.086,,,,,600000000,-0.324,700000000,-0.266,,500000000,,20.41,,,,,,,,,,,,,,,,,,,,,,true,true,6,2019-04-01,2019-09-30,0
2019-07-30,35530,2020-03-31,1,46000000000,0.007,,,,,2800000000,0.436,2900000000,0.419,,2000000000,,81.64,,,,,,,,,,,,,,,,,,,,,,true,true,12,2019-04-01,2020-03-31,0
2019-07-30,35530,2019-03-31,1,,,,,,,,,,,,,,,,,,,,50710000000,32439000000,0.620,1283.51,31443000000,,,,,,,,,,,,true,false,12,2018-04-01,2019-03-31,-1
2019-07-30,35530,2019-03-31,1,,,,,,,,,,,,,,,,,,,,,,,,,,,,,32.00,,,,24500000,1737,,false,false,12,2018-04-01,2019-03-31,-1
2019-07-30,35530,2020-03-31,1,,,,,,,,,,,,,,,,,,,,,,,,,,,,,32.00,,,,,,,false,true,12,2019-04-01,2020-03-31,0
2019-07-30,35530,2020-03-31,1,,,,,,,,,,,,,,,,,,,,,,,,,,,,,,,,,24500000,1737,24498263,false,false,3,2019-04-01,2019-06-30,0
2019-07-30,35530,2019-03-31,1,,,,,,,,,,,,,,,,,,,,,,,,,,,,,,,,,,,24498263,false,false,3,2018-04-01,2018-06-30,-1
2019-10-31,35530,2020-03-31,2,20951000000,-0.088,,,,,773000000,-0.129,746000000,-0.217,,551000000,,22.50,,,,,,48882000000,32480000000,0.645,1287.52,31542000000,,,,,,,,,,,,true,false,6,2019-04-01,2019-09-30,0
2019-10-31,35530,2019-03-31,2,22978000000,-0.006,,,,,887000000,-0.406,953000000,-0.402,,629000000,,25.71,,,,,,,,,,,,,,,,,,,,,,true,false,6,2018-04-01,2018-09-30,-1
2019-10-31,35530,2020-03-31,2,46000000000,0.007,,,,,2800000000,0.436,2900000000,0.419,,2000000000,,81.64,,,,,,,,,,,,,,,,,,,,,,true,true,12,2019-04-01,2020-03-31,0
2019-10-31,35530,2019-03-31,2,,,,,,,,,,,,,,,,,,,,50710000000,32439000000,0.620,1283.51,31443000000,,,,,,,,,,,,true,false,12,2018-04-01,2019-03-31,-1
2019-10-31,35530,2019-03-31,2,,,,,,,,,,,,,,,,,,,,,,,,,,,,,32.00,,,,24500000,1737,,false,false,12,2018-04-01,2019-03-31,-1
2019-10-31,35530,2020-03-31,2,,,,,,,,,,,,,,,,,,,,,,,,,,,,,16.00,,,,,,,false,false,12,2019-04-01,2020-03-31,0
2019-10-31,35530,2020-03-31,2,,,,,,,,,,,,,,,,,,,,,,,,,,,,,32.00,,,,,,,false,true,12,2019-04-01,2020-03-31,0
2019-10-31,35530,2020-03-31,2,,,,,,,,,,,,,,,,,,,,,,,,,,,,,,,,,24500000,1737,24498263,false,false,6,2019-04-01,2019-09-30,0
2019-10-31,35530,2019-03-31,2,,,,,,,,,,,,,,,,,,,,,,,,,,,,,,,,,,,24498263,false,false,6,2018-04-01,2018-09-30,-1
2020-02-05,35530,2020-03-31,3,31937000000,-0.087,,,,,1487000000,0.023,1543000000,0.014,,1099000000,,44.87,,,,,,51247000000,32506000000,0.617,1289.91,31600000000,,,,,,,,,,,,true,false,9,2019-04-01,2019-12-31,0
2020-02-05,35530,2019-03-31,3,34980000000,-0.014,,,,,1454000000,-0.442,1522000000,-0.446,,1055000000,,43.07,,,,,,,,,,,,,,,,,,,,,,true,false,9,2018-04-01,2018-12-31,-1
2020-02-05,35530,2020-03-31,3,43000000000,-0.059,,,,,2000000000,0.026,2050000000,0.003,,1500000000,,61.23,,,,,,,,,,,,,,,,,,,,,,true,true,12,2019-04-01,2020-03-31,0
2020-02-05,35530,2019-03-31,3,,,,,,,,,,,,,,,,,,,,50710000000,32439000000,0.620,1283.51,31443000000,,,,,,,,,,,,true,false,12,2018-04-01,2019-03-31,-1
2020-02-05,35530,2019-03-31,3,,,,,,,,,,,,,,,,,,,,,,,,,,,,,32.00,,,,24500000,1737,,false,false,12,2018-04-01,2019-03-31,-1
2020-02-05,35530,2020-03-31,3,,,,,,,,,,,,,,,,,,,,,,,,,,,,,16.00,,,,,,,false,false,12,2019-04-01,2020-03-31,0
2020-02-05,35530,2020-03-31,3,,,,,,,,,,,,,,,,,,,,,,,,,,,,,32.00,,,,,,,false,true,12,2019-04-01,2020-03-31,0
2020-02-05,35530,2020-03-31,3,,,,,,,,,,,,,,,,,,,,,,,,,,,,,,,,,24500000,1757,24498256,false,false,9,2019-04-01,2019-12-31,0
2020-02-05,35530,2019-03-31,3,,,,,,,,,,,,,,,,,,,,,,,,,,,,,,,,,,,24498263,false,false,9,2018-04-01,2018-12-31,-1
2020-05-01,35530,2020-03-31,,42926000000,-0.060,,,,,2052000000,0.053,2199000000,0.077,,1277000000,,52.13,,0.041,0.044,0.048,,49931000000,32448000000,0.631,1285.48,31491000000,4296000000,-1230000000,-944000000,10455000000,,0.614,,,,,,true,false,12,2019-04-01,2020-03-31,0
2020-05-01,35530,2019-03-31,,45682000000,-0.068,,,,,1949000000,-0.400,2043000000,-0.390,,1498000000,,61.16,,0.048,0.039,0.043,,50710000000,32439000000,0.620,1283.51,31443000000,4030000000,-2740000000,-718000000,8338000000,,0.523,,,,,,true,false,12,2018-04-01,2019-03-31,-1
2020-05-01,35530,2020-03-31,,30435000000,-0.020,,,,,1772000000,-0.056,2024000000,-0.107,1192000000,,-0.303,48.66,,,,,,43365000000,28059000000,0.647,1145.38,28059000000,,,,,32.00,,,,24500000,1757,24498253,false,false,12,2019-04-01,2020-03-31,0
2020-05-01,35530,2019-03-31,,31066000000,-0.049,,,,,1878000000,-0.330,2267000000,-0.276,1710000000,,-0.286,69.82,,,,,,44335000000,27748000000,0.626,1132.68,27748000000,,,,,32.00,,,,24500000,1737,24498263,false,false,12,2018-04-01,2019-03-31,-1
2020-05-01,35530,2021-03-31,,,,,,,,,,,,,,,,,,,,,,,,,,,,,,16.00,,,,,,,false,true,12,2020-04-01,2021-03-31,1
2020-07-30,35530,2021-03-31,1,6405000000,-0.391,,,,,-597000000,,-511000000,,,-262000000,,-10.71,,,,,,45223000000,31697000000,0.681,1257.43,30804000000,,,,,,,,,,,,true,false,3,2020-04-01,2020-06-30,0
2020-07-30,35530,2020-03-31,1,10514000000,-0.115,,,,,295000000,-0.517,264000000,-0.592,,198000000,,8.09,,,,,,,,,,,,,,,,,,,,,,true,false,3,2019-04-01,2019-06-30,-1
2020-07-30,35530,2021-03-31,1,14400000000,-0.313,,,,,-800000000,,-700000000,,,-450000000,,-18.37,,,,,,,,,,,,,,,,,,,,,,true,true,6,2020-04-01,2020-09-30,0
2020-07-30,35530,2021-03-31,1,35000000000,-0.185,,,,,100000000,-0.951,250000000,-0.886,,150000000,,6.12,,,,,,,,,,,,,,,,,,,,,,true,true,12,2020-04-01,2021-03-31,0
2020-07-30,35530,2020-03-31,1,,,,,,,,,,,,,,,,,,,,49931000000,32448000000,0.631,1285.48,31491000000,,,,,,,,,,,,true,false,12,2019-04-01,2020-03-31,-1
2020-07-30,35530,2020-03-31,1,,,,,,,,,,,,,,,,,,,,,,,,,,,,,32.00,,,,24500000,1757,,false,false,12,2019-04-01,2020-03-31,-1
2020-07-30,35530,2021-03-31,1,,,,,,,,,,,,,,,,,,,,,,,,,,,,,,,,,24500000,1757,24498243,false,false,3,2020-04-01,2020-06-30,0
2020-07-30,35530,2020-03-31,1,,,,,,,,,,,,,,,,,,,,,,,,,,,,,,,,,,,24498263,false,false,3,2019-04-01,2019-06-30,-1
2020-10-23,35530,2021-03-31,,16200000000,0.125,,,,,-150000000,,-50000000,,50000000,,,2.04,,,,,,,,,,,,,,,,,,,,,,true,true,6,2020-04-01,2020-09-30,0
2020-10-23,35530,2020-03-31,,20951000000,,,,,,773000000,,746000000,,551000000,,,22.50,,,,,,,,,,,,,,,,,,,,,,true,false,6,2019-04-01,2019-09-30,-1
2020-10-23,35530,2021-03-31,,37800000000,0.080,,,,,600000000,5.000,800000000,2.200,,600000000,,24.49,,,,,,,,,,,,,,,,,,,,,,true,true,12,2020-04-01,2021-03-31,0
2020-10-23,35530,2020-03-31,,42926000000,,,,,,2052000000,,2199000000,,,1277000000,,52.13,,,,,,,,,,,,,,,,,,,,,,true,false,12,2019-04-01,2020-03-31,-1
2020-10-30,3553,2021-03-31,2,16228000000,-0.225,,,,,-117000000,,-11000000,,,76000000,,3.10,,,,,,46334000000,32025000000,0.673,1272.17,31165000000,,,,,,,,,,,,true,false,6,2020-04-01,2020-09-30,0
2020-10-30,3553,2020-03-31,2,20951000000,-0.088,,,,,773000000,-0.129,746000000,-0.217,,551000000,,22.50,,,,,,,,,,,,,,,,,,,,,,true,false,6,2019-04-01,2019-09-30,-1
2020-10-30,3553,2021-03-31,2,37800000000,-0.119,,,,,600000000,-0.708,800000000,-0.636,,600000000,,24.49,,,,,,,,,,,,,,,,,,,,,,true,true,12,2020-04-01,2021-03-31,0
2020-10-30,3553,2020-03-31,2,,,,,,,,,,,,,,,,,,,,49931000000,32448000000,0.631,1285.48,31491000000,,,,,,,,,,,,true,false,12,2019-04-01,2020-03-31,-1
2020-10-30,3553,2020-03-31,2,,,,,,,,,,,,,,,,,,,,,,,,,,,,,32.00,,,,24500000,1757,,false,false,12,2019-04-01,2020-03-31,-1
2020-10-30,3553,2021-03-31,2,,,,,,,,,,,,,,,,,,,,,,,,,,,,,12.00,,,,,,,false,false,12,2020-04-01,2021-03-31,0
2020-10-30,3553,2021-03-31,2,,,,,,,,,,,,,,,,,,,,,,,,,,,,,24.00,,,,,,,false,true,12,2020-04-01,2021-03-31,0
2020-10-30,3553,2021-03-31,2,,,,,,,,,,,,,,,,,,,,,,,,,,,,,,,,,24500000,1757,24498243,false,false,6,2020-04-01,2020-09-30,0
2020-10-30,3553,2020-03-31,2,,,,,,,,,,,,,,,,,,,,,,,,,,,,,,,,,,,24498263,false,false,6,2019-04-01,2019-09-30,-1
2021-02-05,3553,2021-03-31,3,28546000000,-0.106,,,,,677000000,-0.545,839000000,-0.457,,604000000,,24.67,,,,,,51110000000,32250000000,0.616,1285.95,31503000000,,,,,,,,,,,,true,false,9,2020-04-01,2020-12-31,0
2021-02-05,3553,2020-03-31,3,31937000000,-0.087,,,,,1487000000,0.023,1543000000,0.014,,1099000000,,44.87,,,,,,,,,,,,,,,,,,,,,,true,false,9,2019-04-01,2019-12-31,-1
2021-02-05,3553,2021-03-31,3,37800000000,-0.119,,,,,600000000,-0.708,800000000,-0.636,,600000000,,24.49,,,,,,,,,,,,,,,,,,,,,,true,true,12,2020-04-01,2021-03-31,0
2021-02-05,3553,2020-03-31,3,,,,,,,,,,,,,,,,,,,,49931000000,32448000000,0.631,1285.48,31491000000,,,,,,,,,,,,true,false,12,2019-04-01,2020-03-31,-1
2021-02-05,3553,2020-03-31,3,,,,,,,,,,,,,,,,,,,,,,,,,,,,,32.00,,,,24500000,1757,,false,false,12,2019-04-01,2020-03-31,-1
2021-02-05,3553,2021-03-31,3,,,,,,,,,,,,,,,,,,,,,,,,,,,,,12.00,,,,,,,false,false,12,2020-04-01,2021-03-31,0
2021-02-05,3553,2021-03-31,3,,,,,,,,,,,,,,,,,,,,,,,,,,,,,24.00,,,,,,,false,true,12,2020-04-01,2021-03-31,0
2021-02-05,3553,2021-03-31,3,,,,,,,,,,,,,,,,,,,,,,,,,,,,,,,,,24500000,1757,24498243,false,false,9,2020-04-01,2020-12-31,0
2021-02-05,3553,2020-03-31,3,,,,,,,,,,,,,,,,,,,,,,,,,,,,,,,,,,,24498256,false,false,9,2019-04-01,2019-12-31,-1
2021-03-19,35530,2021-03-31,,41000000000,0.085,,,,,1300000000,1.167,1500000000,0.875,,1000000000,,40.82,,,,,,,,,,,,,,,,,,,,,,true,true,12,2020-04-01,2021-03-31,0
2021-03-19,35530,2020-03-31,,42926000000,,,,,,2052000000,,2199000000,,,1277000000,,52.13,,,,,,,,,,,,,,,,,,,,,,true,false,12,2019-04-01,2020-03-31,-1
2021-05-11,3553,2021-03-31,,41182000000,-0.041,,,,,1571000000,-0.234,1907000000,-0.133,,1442000000,,58.86,,0.045,0.037,0.038,,52642000000,33443000000,0.621,1334.45,32691000000,2753000000,-2367000000,-781000000,10063000000,,0.442,,,,,,true,false,12,2020-04-01,2021-03-31,0
2021-05-11,3553,2020-03-31,,42926000000,-0.060,,,,,2052000000,0.053,2199000000,0.077,,1277000000,,52.13,,0.041,0.044,0.048,,49931000000,32448000000,0.631,1285.48,31491000000,4296000000,-1230000000,-944000000,10455000000,,0.614,,,,,,true,false,12,2019-04-01,2020-03-31,-1
2021-05-11,3553,2021-03-31,,31007000000,0.019,,,,,1704000000,-0.038,2052000000,0.014,1578000000,,0.324,64.45,,,,,,46074000000,29172000000,0.633,1190.80,29172000000,,,,,26.00,,,,24500000,1757,24498243,false,false,12,2020-04-01,2021-03-31,0
2021-05-11,3553,2020-03-31,,30435000000,-0.020,,,,,1772000000,-0.056,2024000000,-0.107,1192000000,,-0.303,48.66,,,,,,43365000000,28059000000,0.647,1145.38,28059000000,,,,,32.00,,,,24500000,1757,24498253,false,false,12,2019-04-01,2020-03-31,-1
2021-05-11,3553,2022-03-31,,,,,,,,,,,,,,,,,,,,,,,,,,,,,,28.00,,,,,,,false,true,12,2021-04-01,2022-03-31,1
2021-05-11,3553,2022-03-31,,,,,,,,,,,,,,,,,,,,,,,,,,,,,,,0.404,,,,,,true,true,12,2021-04-01,2022-03-31,1
2021-07-29,3553,2022-03-31,1,12019000000,0.876,,,,,390000000,,445000000,,,329000000,,13.47,,,,,,52673000000,33647000000,0.623,1340.43,32838000000,,,,,,,,,,,,true,false,3,2021-04-01,2021-06-30,0
2021-07-29,3553,2021-03-31,1,6405000000,-0.391,,,,,-597000000,,-511000000,,,-262000000,,-10.71,,,,,,,,,,,,,,,,,,,,,,true,false,3,2020-04-01,2020-06-30,-1
2021-07-29,3553,2022-03-31,1,23500000000,0.448,,,,,700000000,,850000000,,,550000000,,22.45,,,,,,,,,,,,,,,,,,,,,,true,true,6,2021-04-01,2021-09-30,0
2021-07-29,3553,2022-03-31,1,48000000000,0.166,,,,,2200000000,0.400,2500000000,0.310,,1700000000,,69.39,,,,,,,,,,,,,,,,,,,,,,true,true,12,2021-04-01,2022-03-31,0
2021-07-29,3553,2021-03-31,1,,,,,,,,,,,,,,,,,,,,52642000000,33443000000,0.621,1334.45,32691000000,,,,,,,,,,,,true,false,12,2020-04-01,2021-03-31,-1
2021-07-29,3553,2021-03-31,1,,,,,,,,,,,,,,,,,,,,,,,,,,,,,26.00,,,,24500000,1757,,false,false,12,2020-04-01,2021-03-31,-1
2021-07-29,3553,2022-03-31,1,,,,,,,,,,,,,,,,,,,,,,,,,,,,,28.00,,,,,,,false,true,12,2021-04-01,2022-03-31,0
2021-07-29,3553,2022-03-31,1,,,,,,,,,,,,,,,,,,,,,,,,,,,,,,,,,24500000,1757,24498243,false,false,3,2021-04-01,2021-06-30,0
2021-07-29,3553,2021-03-31,1,,,,,,,,,,,,,,,,,,,,,,,,,,,,,,,,,,,24498243,false,false,3,2020-04-01,2020-06-30,-1
2021-10-29,3553,2022-03-31,2,22793000000,0.405,,,,,758000000,,868000000,,,624000000,,25.49,,,,,,52671000000,34011000000,0.630,1355.08,33197000000,,,,,,,,,,,,true,false,6,2021-04-01,2021-09-30,0
2021-10-29,3553,2021-03-31,2,16228000000,-0.225,,,,,-117000000,,-11000000,,,76000000,,3.10,,,,,,,,,,,,,,,,,,,,,,true,false,6,2020-04-01,2020-09-30,-1
2021-10-29,3553,2022-03-31,2,46500000000,0.129,,,,,1300000000,-0.173,1500000000,-0.214,,1100000000,,44.90,,,,,,,,,,,,,,,,,,,,,,true,true,12,2021-04-01,2022-03-31,0
2021-10-29,3553,2021-03-31,2,,,,,,,,,,,,,,,,,,,,52642000000,33443000000,0.621,1334.45,32691000000,,,,,,,,,,,,true,false,12,2020-04-01,2021-03-31,-1
2021-10-29,3553,2021-03-31,2,,,,,,,,,,,,,,,,,,,,,,,,,,,,,26.00,,,,24500000,1757,,false,false,12,2020-04-01,2021-03-31,-1
2021-10-29,3553,2022-03-31,2,,,,,,,,,,,,,,,,,,,,,,,,,,,,,14.00,,,,,,,false,false,12,2021-04-01,2022-03-31,0
2021-10-29,3553,2022-03-31,2,,,,,,,,,,,,,,,,,,,,,,,,,,,,,28.00,,,,,,,false,true,12,2021-04-01,2022-03-31,0
2021-10-29,3553,2022-03-31,2,,,,,,,,,,,,,,,,,,,,,,,,,,,,,,,,,24500000,1757,24498243,false,false,6,2021-04-01,2021-09-30,0
2021-10-29,3553,2021-03-31,2,,,,,,,,,,,,,,,,,,,,,,,,,,,,,,,,,,,24498243,false,false,6,2020-04-01,2020-09-30,-1
2022-02-07,3553,2022-03-31,3,34618000000,0.213,,,,,1661000000,1.453,1904000000,1.270,,1322000000,,53.97,,,,,,54163000000,34425000000,0.620,1371.35,33595000000,,,,,,,,,,,,true,false,9,2021-04-01,2021-12-31,0
2022-02-07,3553,2021-03-31,3,28546000000,-0.106,,,,,677000000,-0.545,839000000,-0.457,,604000000,,24.67,,,,,,,,,,,,,,,,,,,,,,true,false,9,2020-04-01,2020-12-31,-1
2022-02-07,3553,2022-03-31,3,46500000000,0.129,,,,,1700000000,0.082,2000000000,0.048,,1400000000,,57.15,,,,,,,,,,,,,,,,,,,,,,true,true,12,2021-04-01,2022-03-31,0
2022-02-07,3553,2021-03-31,3,,,,,,,,,,,,,,,,,,,,52642000000,33443000000,0.621,1334.45,32691000000,,,,,,,,,,,,true,false,12,2020-04-01,2021-03-31,-1
2022-02-07,3553,2021-03-31,3,,,,,,,,,,,,,,,,,,,,,,,,,,,,,26.00,,,,24500000,1757,,false,false,12,2020-04-01,2021-03-31,-1
2022-02-07,3553,2022-03-31,3,,,,,,,,,,,,,,,,,,,,,,,,,,,,,14.00,,,,,,,false,false,12,2021-04-01,2022-03-31,0
2022-02-07,3553,2022-03-31,3,,,,,,,,,,,,,,,,,,,,,,,,,,,,,28.00,,,,,,,false,true,12,2021-04-01,2022-03-31,0
2022-02-07,3553,2022-03-31,3,,,,,,,,,,,,,,,,,,,,,,,,,,,,,,,,,24500000,1757,24498243,false,false,9,2021-04-01,2021-12-31,0
2022-02-07,3553,2021-03-31,3,,,,,,,,,,,,,,,,,,,,,,,,,,,,,,,,,,,24498243,false,false,9,2020-04-01,2020-12-31,-1
2022-05-10,3553,2022-03-31,,47074000000,0.143,,,,,1819000000,0.158,2285000000,0.198,,1684000000,,68.85,,0.051,0.043,0.039,,54275000000,34680000000,0.623,1402.17,33789000000,2966000000,-2747000000,-1419000000,8882000000,,0.404,,,,,,true,false,12,2021-04-01,2022-03-31,0
2022-05-10,3553,2021-03-31,,41182000000,-0.041,,,,,1571000000,-0.234,1907000000,-0.133,,1442000000,,58.86,,0.045,0.037,0.038,,52642000000,33443000000,0.621,1334.45,32691000000,2753000000,-2367000000,-781000000,10063000000,,0.442,,,,,,true,false,12,2020-04-01,2021-03-31,-1
2022-05-10,3553,2023-03-31,,51000000000,0.083,,,,,800000000,-0.560,850000000,-0.628,,550000000,,22.82,,,,,,,,,,,,,,,,0.876,,,,,,true,true,12,2022-04-01,2023-03-31,1
2022-05-10,3553,2022-03-31,,34134000000,0.101,,,,,1135000000,-0.334,1734000000,-0.155,1334000000,,-0.154,54.56,,,,,,45724000000,29719000000,0.650,1233.27,29719000000,,,,,28.00,,,,24500000,401757,24464909,false,false,12,2021-04-01,2022-03-31,0
2022-05-10,3553,2021-03-31,,31007000000,0.019,,,,,1704000000,-0.038,2052000000,0.014,1578000000,,0.324,64.45,,,,,,46074000000,29172000000,0.633,1190.80,29172000000,,,,,26.00,,,,24500000,1757,24498243,false,false,12,2020-04-01,2021-03-31,-1
2022-05-10,3553,2023-03-31,,,,,,,,,,,,,,,,,,,,,,,,,,,,,,20.00,,,,,,,false,true,12,2022-04-01,2023-03-31,1
2022-07-29,3553,2023-03-31,1,10713000000,-0.109,,,,,-65000000,,318000000,-0.285,,229000000,,9.51,,,,,,52487000000,34733000000,0.644,1401.68,33778000000,,,,,,,,,,,,true,false,3,2022-04-01,2022-06-30,0
2022-07-29,3553,2022-03-31,1,12019000000,0.876,,,,,390000000,,445000000,,,329000000,,13.47,,,,,,,,,,,,,,,,,,,,,,true,false,3,2021-04-01,2021-06-30,-1
2022-07-29,3553,2023-03-31,1,51000000000,0.083,,,,,800000000,-0.560,850000000,-0.628,,550000000,,22.82,,,,,,,,,,,,,,,,,,,,,,true,true,12,2022-04-01,2023-03-31,0
2022-07-29,3553,2022-03-31,1,,,,,,,,,,,,,,,,,,,,54275000000,34680000000,0.623,1402.17,33789000000,,,,,,,,,,,,true,false,12,2021-04-01,2022-03-31,-1
2022-07-29,3553,2022-03-31,1,,,,,,,,,,,,,,,,,,,,,,,,,,,,,28.00,,,,24500000,401757,,false,false,12,2021-04-01,2022-03-31,-1
2022-07-29,3553,2023-03-31,1,,,,,,,,,,,,,,,,,,,,,,,,,,,,,20.00,,,,,,,false,true,12,2022-04-01,2023-03-31,0
2022-07-29,3553,2023-03-31,1,,,,,,,,,,,,,,,,,,,,,,,,,,,,,,,,,24500000,401757,24098243,false,false,3,2022-04-01,2022-06-30,0
2022-07-29,3553,2022-03-31,1,,,,,,,,,,,,,,,,,,,,,,,,,,,,,,,,,,,24498243,false,false,3,2021-04-01,2021-06-30,-1
2022-10-25,35530,2023-03-31,,21500000000,,,,,,-400000000,,130000000,,80000000,,,3.32,,,,,,,,,,,,,,,,,,,,,,true,true,6,2022-04-01,2022-09-30,0
2022-10-25,35530,2022-03-31,,22793000000,,,,,,758000000,,868000000,,624000000,,,25.49,,,,,,,,,,,,,,,,,,,,,,true,false,6,2021-04-01,2021-09-30,-1
2022-10-25,35530,2023-03-31,,48000000000,-0.059,,,,,400000000,-0.500,950000000,0.118,,600000000,,24.90,,,,,,,,,,,,,,,,,,,,,,true,true,12,2022-04-01,2023-03-31,0
2022-10-25,35530,2022-03-31,,47074000000,,,,,,1819000000,,2285000000,,,1684000000,,68.85,,,,,,,,,,,,,,,,,,,,,,true,false,12,2021-04-01,2022-03-31,-1
2022-10-31,3553,2023-03-31,2,21572000000,-0.054,,,,,-385000000,,133000000,-0.846,,89000000,,3.70,,,,,,51272000000,34702000000,0.657,1398.19,33693000000,,,,,,,,,,,,true,false,6,2022-04-01,2022-09-30,0
2022-10-31,3553,2022-03-31,2,22793000000,0.405,,,,,758000000,,868000000,,,624000000,,25.49,,,,,,,,,,,,,,,,,,,,,,true,false,6,2021-04-01,2021-09-30,-1
2022-10-31,3553,2023-03-31,2,48000000000,0.020,,,,,400000000,-0.780,950000000,-0.584,,600000000,,24.90,,,,,,,,,,,,,,,,,,,,,,true,true,12,2022-04-01,2023-03-31,0
2022-10-31,3553,2022-03-31,2,,,,,,,,,,,,,,,,,,,,54275000000,34680000000,0.623,1402.17,33789000000,,,,,,,,,,,,true,false,12,2021-04-01,2022-03-31,-1
2022-10-31,3553,2022-03-31,2,,,,,,,,,,,,,,,,,,,,,,,,,,,,,28.00,,,,24500000,401757,,false,false,12,2021-04-01,2022-03-31,-1
2022-10-31,3553,2023-03-31,2,,,,,,,,,,,,,,,,,,,,,,,,,,,,,10.00,,,,,,,false,false,12,2022-04-01,2023-03-31,0
2022-10-31,3553,2023-03-31,2,,,,,,,,,,,,,,,,,,,,,,,,,,,,,20.00,,,,,,,false,true,12,2022-04-01,2023-03-31,0
2022-10-31,3553,2023-03-31,2,,,,,,,,,,,,,,,,,,,,,,,,,,,,,,,,,24500000,401757,24098243,false,false,6,2022-04-01,2022-09-30,0
2022-10-31,3553,2022-03-31,2,,,,,,,,,,,,,,,,,,,,,,,,,,,,,,,,,,,24498243,false,false,6,2021-04-01,2021-09-30,-1
2023-02-03,3553,2023-03-31,3,33812000000,-0.023,,,,,-194000000,,200000000,-0.895,,111000000,,4.62,,,,,,54393000000,34539000000,0.615,1389.09,33474000000,,,,,,,,,,,,true,false,9,2022-04-01,2022-12-31,0
2023-02-03,3553,2022-03-31,3,34618000000,0.213,,,,,1661000000,1.453,1904000000,1.270,,1322000000,,53.97,,,,,,,,,,,,,,,,,,,,,,true,false,9,2021-04-01,2021-12-31,-1
2023-02-03,3553,2023-03-31,3,45500000000,-0.033,,,,,150000000,-0.918,500000000,-0.781,,300000000,,12.45,,,,,,,,,,,,,,,,,,,,,,true,true,12,2022-04-01,2023-03-31,0
2023-02-03,3553,2022-03-31,3,,,,,,,,,,,,,,,,,,,,54275000000,34680000000,0.623,1402.17,33789000000,,,,,,,,,,,,true,false,12,2021-04-01,2022-03-31,-1
2023-02-03,3553,2022-03-31,3,,,,,,,,,,,,,,,,,,,,,,,,,,,,,28.00,,,,24500000,401757,,false,false,12,2021-04-01,2022-03-31,-1
2023-02-03,3553,2023-03-31,3,,,,,,,,,,,,,,,,,,,,,,,,,,,,,10.00,,,,,,,false,false,12,2022-04-01,2023-03-31,0
2023-02-03,3553,2023-03-31,3,,,,,,,,,,,,,,,,,,,,,,,,,,,,,20.00,,,,,,,false,true,12,2022-04-01,2023-03-31,0
2023-02-03,3553,2023-03-31,3,,,,,,,,,,,,,,,,,,,,,,,,,,,,,,,,,24500000,401757,24098243,false,false,9,2022-04-01,2022-12-31,0
2023-02-03,3553,2022-03-31,3,,,,,,,,,,,,,,,,,,,,,,,,,,,,,,,,,,,24498243,false,false,9,2021-04-01,2021-12-31,-1
2023-05-09,3553,2023-03-31,,45792000000,-0.028,,,,,237000000,-0.871,591000000,-0.741,,347000000,,14.41,,0.010,0.011,0.005,,52951000000,34530000000,0.633,1389.82,33492000000,2960000000,-1941000000,-703000000,9209000000,,1.388,,,,,,true,false,12,2022-04-01,2023-03-31,0
2023-05-09,3553,2022-03-31,,47096000000,,,,,,1840000000,,2285000000,0.198,,1684000000,,68.85,,0.051,0.043,0.039,,54275000000,34680000000,0.623,1402.17,33789000000,2966000000,-2747000000,-1419000000,8882000000,,0.404,,,,,,true,false,12,2021-04-01,2022-03-31,-1
2023-05-09,3553,2024-03-31,,22500000000,0.042,,,,,150000000,,150000000,0.121,,100000000,,4.15,,,,,,,,,,,,,,,,,,,,,,true,true,6,2023-04-01,2023-09-30,1
2023-05-09,3553,2024-03-31,,47500000000,0.037,,,,,1000000000,3.210,1000000000,0.692,,850000000,,35.27,,,,,,,,,,,,,,,,0.567,,,,,,true,true,12,2023-04-01,2024-03-31,1
2023-05-09,3553,2023-03-31,,31662000000,-0.073,,,,,-479000000,,96000000,-0.945,74000000,,-0.944,3.08,,,,,,44765000000,29162000000,0.651,1210.15,29162000000,,,,,20.00,,,,24500000,401757,24098243,false,false,12,2022-04-01,2023-03-31,0
2023-05-09,3553,2022-03-31,,34155000000,,,,,,1157000000,,1734000000,-0.155,1334000000,,-0.154,54.56,,,,,,45724000000,29719000000,0.650,1233.27,29719000000,,,,,28.00,,,,24500000,401757,24464909,false,false,12,2021-04-01,2022-03-31,-1
2023-05-09,3553,2024-03-31,,,,,,,,,,,,,,,,,,,,,,,,,,,,,,20.00,,,,,,,false,true,12,2023-04-01,2024-03-31,1
2023-07-28,3553,2024-03-31,1,11499000000,0.073,,,,,220000000,,345000000,0.085,,217000000,,9.04,,,,,,51907000000,34768000000,0.650,1399.38,33722000000,,,,,,,,,,,,true,false,3,2023-04-01,2023-06-30,0
2023-07-28,3553,2023-03-31,1,10720000000,,,,,,-58000000,,318000000,-0.285,,229000000,,9.51,,,,,,,,,,,,,,,,,,,,,,true,false,3,2022-04-01,2022-06-30,-1
2023-07-28,3553,2024-03-31,1,23500000000,0.088,,,,,400000000,,450000000,2.362,,400000000,,16.60,,,,,,,,,,,,,,,,,,,,,,true,true,6,2023-04-01,2023-09-30,0
2023-07-28,3553,2024-03-31,1,47500000000,0.037,,,,,1000000000,3.210,1050000000,0.777,,850000000,,35.27,,,,,,,,,,,,,,,,,,,,,,true,true,12,2023-04-01,2024-03-31,0
2023-07-28,3553,2023-03-31,1,,,,,,,,,,,,,,,,,,,,52951000000,34530000000,0.633,1389.82,33492000000,,,,,,,,,,,,true,false,12,2022-04-01,2023-03-31,-1
2023-07-28,3553,2023-03-31,1,,,,,,,,,,,,,,,,,,,,,,,,,,,,,20.00,,,,24500000,401757,,false,false,12,2022-04-01,2023-03-31,-1
2023-07-28,3553,2024-03-31,1,,,,,,,,,,,,,,,,,,,,,,,,,,,,,20.00,,,,,,,false,true,12,2023-04-01,2024-03-31,0
2023-07-28,3553,2024-03-31,1,,,,,,,,,,,,,,,,,,,,,,,,,,,,,,,,,24500000,401757,24098243,false,false,3,2023-04-01,2023-06-30,0
2023-07-28,3553,2023-03-31,1,,,,,,,,,,,,,,,,,,,,,,,,,,,,,,,,,,,24098243,false,false,3,2022-04-01,2022-06-30,-1
2023-10-25,35530,2024-03-31,,24000000000,0.021,,,,,850000000,1.125,1000000000,1.222,,650000000,,26.97,,,,,,,,,,,,,,,,,,,,,,true,true,6,2023-04-01,2023-09-30,0
2023-10-25,35530,2023-03-31,,21593000000,,,,,,-364000000,,133000000,,,89000000,,3.70,,,,,,,,,,,,,,,,,,,,,,true,false,6,2022-04-01,2022-09-30,-1
2023-10-25,35530,2024-03-31,,49500000000,0.042,,,,,1800000000,0.800,1950000000,0.857,,1400000000,,58.10,,,,,,,,,,,,,,,,,,,,,,true,true,12,2023-04-01,2024-03-31,0
2023-10-25,35530,2023-03-31,,45792000000,,,,,,237000000,,591000000,,,347000000,,14.41,,,,,,,,,,,,,,,,,,,,,,true,false,12,2022-04-01,2023-03-31,-1
2023-10-31,3553,2024-03-31,2,24039000000,0.113,,,,,884000000,,1001000000,6.482,,647000000,,26.88,,,,,,55747000000,35476000000,0.617,1426.91,34385000000,,,,,,,,,,,,true,false,6,2023-04-01,2023-09-30,0
2023-10-31,3553,2023-03-31,2,21593000000,,,,,,-364000000,,133000000,-0.846,,89000000,,3.70,,,,,,,,,,,,,,,,,,,,,,true,false,6,2022-04-01,2022-09-30,-1
2023-10-31,3553,2024-03-31,2,49500000000,0.081,,,,,1800000000,6.579,1950000000,2.299,,1400000000,,58.10,,,,,,,,,,,,,,,,,,,,,,true,true,12,2023-04-01,2024-03-31,0
2023-10-31,3553,2023-03-31,2,,,,,,,,,,,,,,,,,,,,52951000000,34530000000,0.633,1389.82,33492000000,,,,,,,,,,,,true,false,12,2022-04-01,2023-03-31,-1
2023-10-31,3553,2023-03-31,2,,,,,,,,,,,,,,,,,,,,,,,,,,,,,20.00,,,,24500000,401757,,false,false,12,2022-04-01,2023-03-31,-1
2023-10-31,3553,2024-03-31,2,,,,,,,,,,,,,,,,,,,,,,,,,,,,,14.00,,,,,,,false,false,12,2023-04-01,2024-03-31,0
2023-10-31,3553,2024-03-31,2,,,,,,,,,,,,,,,,,,,,,,,,,,,,,28.00,,,,,,,false,true,12,2023-04-01,2024-03-31,0
2023-10-31,3553,2024-03-31,2,,,,,,,,,,,,,,,,,,,,,,,,,,,,,,,,,24500000,401757,24098243,false,false,6,2023-04-01,2023-09-30,0
2023-10-31,3553,2023-03-31,2,,,,,,,,,,,,,,,,,,,,,,,,,,,,,,,,,,,24098243,false,false,6,2022-04-01,2022-09-30,-1
2024-02-06,3553,2024-03-31,3,38872000000,0.148,,,,,2261000000,,2331000000,,,1649000000,,68.43,,,,,,58423000000,36308000000,0.600,1455.83,35082000000,,,,,,,,,,,,true,false,9,2023-04-01,2023-12-31,0
2024-02-06,3553,2023-03-31,3,33847000000,,,,,,-159000000,,200000000,-0.895,,111000000,,4.62,,,,,,,,,,,,,,,,,,,,,,true,false,9,2022-04-01,2022-12-31,-1
2024-02-06,3553,2024-03-31,3,52000000000,0.136,,,,,2400000000,9.105,2500000000,3.230,,1750000000,,72.62,,,,,,,,,,,,,,,,,,,,,,true,true,12,2023-04-01,2024-03-31,0
2024-02-06,3553,2023-03-31,3,,,,,,,,,,,,,,,,,,,,52951000000,34530000000,0.633,1389.82,33492000000,,,,,,,,,,,,true,false,12,2022-04-01,2023-03-31,-1
2024-02-06,3553,2023-03-31,3,,,,,,,,,,,,,,,,,,,,,,,,,,,,,20.00,,,,24500000,401757,,false,false,12,2022-04-01,2023-03-31,-1
2024-02-06,3553,2024-03-31,3,,,,,,,,,,,,,,,,,,,,,,,,,,,,,14.00,,,,,,,false,false,12,2023-04-01,2024-03-31,0
2024-02-06,3553,2024-03-31,3,,,,,,,,,,,,,,,,,,,,,,,,,,,,,28.00,,,,,,,false,true,12,2023-04-01,2024-03-31,0
2024-02-06,3553,2024-03-31,3,,,,,,,,,,,,,,,,,,,,,,,,,,,,,,,,,24500000,401758,24098242,false,false,9,2023-04-01,2023-12-31,0
2024-02-06,3553,2023-03-31,3,,,,,,,,,,,,,,,,,,,,,,,,,,,,,,,,,,,24098243,false,false,9,2022-04-01,2022-12-31,-1
2024-05-08,3553,2024-03-31,,52037000000,0.136,,,,,2567000000,9.809,2704000000,3.576,,1958000000,,81.29,,0.056,0.048,0.049,,60653000000,37574000000,0.599,1507.69,36332000000,7105000000,-1920000000,-587000000,13773000000,,0.394,,,,,,true,false,12,2023-04-01,2024-03-31,0
2024-05-08,3553,2023-03-31,,45792000000,-0.028,,,,,237000000,-0.871,591000000,-0.741,,347000000,,14.41,,0.010,0.011,0.005,,52951000000,34530000000,0.633,1389.82,33492000000,2960000000,-1941000000,-703000000,9209000000,,1.388,,,,,,true,false,12,2022-04-01,2023-03-31,-1
2024-05-08,3553,2025-03-31,,26000000000,0.082,,,,,1000000000,0.130,1100000000,0.098,,700000000,,29.05,,,,,,,,,,,,,,,,,,,,,,true,true,6,2024-04-01,2024-09-30,1
2024-05-08,3553,2025-03-31,,53000000000,0.018,,,,,2600000000,0.013,2650000000,-0.020,,1750000000,,72.62,,,,,,,,,,,,,,,,0.441,,,,,,true,true,12,2024-04-01,2025-03-31,1
2024-05-08,3553,2024-03-31,,37348000000,0.180,,,,,2074000000,,2439000000,,1829000000,,,75.91,,,,,,49977000000,31221000000,0.625,1295.61,31221000000,,,,,32.00,,,,24500000,401758,24098242,false,false,12,2023-04-01,2024-03-31,0
2024-05-08,3553,2023-03-31,,31662000000,-0.073,,,,,-479000000,,96000000,-0.945,74000000,,-0.944,3.08,,,,,,44765000000,29162000000,0.651,1210.15,29162000000,,,,,20.00,,,,24500000,401757,24098243,false,false,12,2022-04-01,2023-03-31,-1
2024-05-08,3553,2025-03-31,,,,,,,,,,,,,,,,,,,,,,,,,,,,,,32.00,,,,,,,false,true,12,2024-04-01,2025-03-31,1
2024-07-30,3553,2025-03-31,1,12342000000,0.073,,,,,420000000,0.906,529000000,0.531,,353000000,,14.70,,,,,,57933000000,37399000000,0.623,1509.76,36093000000,,,,,,,,,,,,true,false,3,2024-04-01,2024-06-30,0
2024-07-30,3553,2024-03-31,1,11499000000,0.073,,,,,220000000,,345000000,0.085,,217000000,,9.04,,,,,,,,,,,,,,,,,,,,,,true,false,3,2023-04-01,2023-06-30,-1
2024-07-30,3553,2025-03-31,1,26000000000,0.082,,,,,1000000000,0.130,1100000000,0.098,,700000000,,29.05,,,,,,,,,,,,,,,,,,,,,,true,true,6,2024-04-01,2024-09-30,0
2024-07-30,3553,2025-03-31,1,53000000000,0.018,,,,,2600000000,0.013,2650000000,-0.020,,1750000000,,72.62,,,,,,,,,,,,,,,,,,,,,,true,true,12,2024-04-01,2025-03-31,0
2024-07-30,3553,2024-03-31,1,,,,,,,,,,,,,,,,,,,,60653000000,37574000000,0.599,1507.69,36332000000,,,,,,,,,,,,true,false,12,2023-04-01,2024-03-31,-1
2024-07-30,3553,2024-03-31,1,,,,,,,,,,,,,,,,,,,,,,,,,,,,,32.00,,,,24500000,401758,,false,false,12,2023-04-01,2024-03-31,-1
2024-07-30,3553,2025-03-31,1,,,,,,,,,,,,,,,,,,,,,,,,,,,,,32.00,,,,,,,false,true,12,2024-04-01,2025-03-31,0
2024-07-30,3553,2025-03-31,1,,,,,,,,,,,,,,,,,,,,,,,,,,,,,,,,,24500000,593258,24010408,false,false,3,2024-04-01,2024-06-30,0
2024-07-30,3553,2024-03-31,1,,,,,,,,,,,,,,,,,,,,,,,,,,,,,,,,,,,24098243,false,false,3,2023-04-01,2023-06-30,-1
2024-10-30,3553,2025-03-31,2,26100000000,0.086,,,,,923000000,0.044,834000000,-0.167,,531000000,,22.24,,,,,,56987000000,37477000000,0.633,1514.13,36082000000,,,,,,,,,,,,true,false,6,2024-04-01,2024-09-30,0
2024-10-30,3553,2024-03-31,2,24039000000,0.113,,,,,884000000,,1001000000,6.482,,647000000,,26.88,,,,,,,,,,,,,,,,,,,,,,true,false,6,2023-04-01,2023-09-30,-1
2024-10-30,3553,2025-03-31,2,53000000000,0.018,,,,,26000000000,0.013,2650000000,-0.020,,1750000000,,72.62,,,,,,,,,,,,,,,,,,,,,,true,true,12,2024-04-01,2025-03-31,0
2024-10-30,3553,2024-03-31,2,,,,,,,,,,,,,,,,,,,,60653000000,37574000000,0.599,1507.69,36332000000,,,,,,,,,,,,true,false,12,2023-04-01,2024-03-31,-1
2024-10-30,3553,2024-03-31,2,,,,,,,,,,,,,,,,,,,,,,,,,,,,,32.00,,,,24500000,401758,,false,false,12,2023-04-01,2024-03-31,-1
2024-10-30,3553,2025-03-31,2,,,,,,,,,,,,,,,,,,,,,,,,,,,,,16.00,,,,,,,false,false,12,2024-04-01,2025-03-31,0
2024-10-30,3553,2025-03-31,2,,,,,,,,,,,,,,,,,,,,,,,,,,,,,32.00,,,,,,,false,true,12,2024-04-01,2025-03-31,0
2024-10-30,3553,2025-03-31,2,,,,,,,,,,,,,,,,,,,,,,,,,,,,,,,,,24500000,669258,23920576,false,false,6,2024-04-01,2024-09-30,0
2024-10-30,3553,2024-03-31,2,,,,,,,,,,,,,,,,,,,,,,,,,,,,,,,,,,,24098243,false,false,6,2023-04-01,2023-09-30,-1
2024-10-30,3553,2025-03-31,2,26100000000,0.086,,,,,923000000,0.044,834000000,-0.167,,531000000,,22.24,,,,,,56987000000,37477000000,0.633,1514.13,36082000000,,,,,,,,,,,,true,false,6,2024-04-01,2024-09-30,0
2024-10-30,3553,2024-03-31,2,24039000000,0.113,,,,,884000000,,1001000000,6.482,,647000000,,26.88,,,,,,,,,,,,,,,,,,,,,,true,false,6,2023-04-01,2023-09-30,-1
2024-10-30,3553,2025-03-31,2,53000000000,0.018,,,,,2600000000,0.013,2650000000,-0.020,,1750000000,,72.62,,,,,,,,,,,,,,,,,,,,,,true,true,12,2024-04-01,2025-03-31,0
2024-10-30,3553,2024-03-31,2,,,,,,,,,,,,,,,,,,,,60653000000,37574000000,0.599,1507.69,36332000000,,,,,,,,,,,,true,false,12,2023-04-01,2024-03-31,-1
2024-10-30,3553,2024-03-31,2,,,,,,,,,,,,,,,,,,,,,,,,,,,,,32.00,,,,24500000,401758,,false,false,12,2023-04-01,2024-03-31,-1
2024-10-30,3553,2025-03-31,2,,,,,,,,,,,,,,,,,,,,,,,,,,,,,16.00,,,,,,,false,false,12,2024-04-01,2025-03-31,0
2024-10-30,3553,2025-03-31,2,,,,,,,,,,,,,,,,,,,,,,,,,,,,,32.00,,,,,,,false,true,12,2024-04-01,2025-03-31,0
2024-10-30,3553,2025-03-31,2,,,,,,,,,,,,,,,,,,,,,,,,,,,,,,,,,24500000,669258,23920576,false,false,6,2024-04-01,2024-09-30,0
2024-10-30,3553,2024-03-31,2,,,,,,,,,,,,,,,,,,,,,,,,,,,,,,,,,,,24098243,false,false,6,2023-04-01,2023-09-30,-1
2025-02-05,3553,2025-03-31,3,40152000000,0.033,,,,,1654000000,-0.268,1740000000,-0.253,,1138000000,,47.66,,,,,,59991000000,37623000000,0.605,1523.08,36296000000,,,,,,,,,,,,true,false,9,2024-04-01,2024-12-31,0
2025-02-05,3553,2024-03-31,3,38872000000,0.148,,,,,2261000000,,2331000000,,,1649000000,,68.43,,,,,,,,,,,,,,,,,,,,,,true,false,9,2023-04-01,2023-12-31,-1
2025-02-05,3553,2025-03-31,3,53000000000,0.018,,,,,2600000000,0.013,2650000000,-0.020,,1750000000,,72.62,,,,,,,,,,,,,,,,,,,,,,true,true,12,2024-04-01,2025-03-31,0
2025-02-05,3553,2024-03-31,3,,,,,,,,,,,,,,,,,,,,60653000000,37574000000,0.599,1507.69,36332000000,,,,,,,,,,,,true,false,12,2023-04-01,2024-03-31,-1
2025-02-05,3553,2024-03-31,3,,,,,,,,,,,,,,,,,,,,,,,,,,,,,32.00,,,,24500000,401758,,false,false,12,2023-04-01,2024-03-31,-1
2025-02-05,3553,2025-03-31,3,,,,,,,,,,,,,,,,,,,,,,,,,,,,,16.00,,,,,,,false,false,12,2024-04-01,2025-03-31,0
2025-02-05,3553,2025-03-31,3,,,,,,,,,,,,,,,,,,,,,,,,,,,,,32.00,,,,,,,false,true,12,2024-04-01,2025-03-31,0
2025-02-05,3553,2025-03-31,3,,,,,,,,,,,,,,,,,,,,,,,,,,,,,,,,,24500000,669258,23890631,false,false,9,2024-04-01,2024-12-31,0
2025-02-05,3553,2024-03-31,3,,,,,,,,,,,,,,,,,,,,,,,,,,,,,,,,,,,24098242,false,false,9,2023-04-01,2023-12-31,-1
2025-05-09,3553,2025-03-31,,56397000000,0.084,,,,,2140000000,-0.166,1679000000,-0.379,,1100000000,,46.10,,0.030,0.028,0.038,,59471000000,37400000000,0.609,1520.31,36230000000,1328000000,-4487000000,-1295000000,9244000000,,0.694,,,,,,true,false,12,2024-04-01,2025-03-31,0
2025-05-09,3553,2024-03-31,,52037000000,0.136,,,,,2567000000,9.809,2704000000,3.576,,1958000000,,81.29,,0.056,0.048,0.049,,60653000000,37574000000,0.599,1507.69,36332000000,7105000000,-1920000000,-587000000,13773000000,,0.394,,,,,,true,false,12,2023-04-01,2024-03-31,-1
2025-05-09,3553,2026-03-31,,53000000000,-0.060,,,,,700000000,-0.673,650000000,-0.613,,300000000,,12.59,,,,,,,,,,,,,,,,4.130,,,,,,true,true,12,2025-04-01,2026-03-31,1
2025-05-09,3553,2025-03-31,,37066000000,-0.008,,,,,1304000000,-0.371,1676000000,-0.313,1337000000,,-0.269,56.01,,,,,,46934000000,31083000000,0.662,1304.36,31083000000,,,,,32.00,,,,24500000,669258,23875659,false,false,12,2024-04-01,2025-03-31,0
2025-05-09,3553,2024-03-31,,37348000000,0.180,,,,,2074000000,,2439000000,,1829000000,,,75.91,,,,,,49977000000,31221000000,0.625,1295.61,31221000000,,,,,32.00,,,,24500000,401758,24098242,false,false,12,2023-04-01,2024-03-31,-1
2025-05-09,3553,2026-03-31,,,,,,,,,,,,,,,,,,,,,,,,,,,,,,52.00,,,,,,,false,true,12,2025-04-01,2026-03-31,1
2025-07-30,3553,2026-03-31,1,12376000000,0.003,,,,,22000000,-0.947,75000000,-0.857,,33000000,,1.40,,,,,,56393000000,36826000000,0.633,1497.80,35693000000,,,,,,,,,,,,true,false,3,2025-04-01,2025-06-30,0
2025-07-30,3553,2025-03-31,1,12342000000,0.073,,,,,420000000,0.906,529000000,0.531,,353000000,,14.70,,,,,,,,,,,,,,,,,,,,,,true,false,3,2024-04-01,2024-06-30,-1
2025-07-30,3553,2026-03-31,1,53000000000,-0.060,,,,,700000000,-0.673,650000000,-0.613,,300000000,,12.59,,,,,,,,,,,,,,,,,,,,,,true,true,12,2025-04-01,2026-03-31,0
2025-07-30,3553,2025-03-31,1,,,,,,,,,,,,,,,,,,,,59471000000,37400000000,0.609,1520.31,36230000000,,,,,,,,,,,,true,false,12,2024-04-01,2025-03-31,-1
2025-07-30,3553,2025-03-31,1,,,,,,,,,,,,,,,,,,,,,,,,,,,,,32.00,,,,24500000,669258,,false,false,12,2024-04-01,2025-03-31,-1
2025-07-30,3553,2026-03-31,1,,,,,,,,,,,,,,,,,,,,,,,,,,,,,52.00,,,,,,,false,true,12,2025-04-01,2026-03-31,0
2025-07-30,3553,2026-03-31,1,,,,,,,,,,,,,,,,,,,,,,,,,,,,,,,,,24500000,669298,23830729,false,false,3,2025-04-01,2025-06-30,0
2025-07-30,3553,2025-03-31,1,,,,,,,,,,,,,,,,,,,,,,,,,,,,,,,,,,,24010408,false,false,3,2024-04-01,2024-06-30,-1
