filing_date,code,fiscal_year_end,quarterly_period,net_sales,net_sales_change,revenue,revenue_change,operating_revenue,operating_revenue_change,operating_profit,operating_profit_change,ordinary_profit,ordinary_profit_change,net_income,net_income_of_parent,net_income_change,eps,diluted_eps,roe,roa,operating_profit_to_net_sales,operating_profit_to_revenue,total_assets,net_assets,equity_ratio,bps,owner_equity,operating_cash_flow,investing_cash_flow,financing_cash_flow,cash,dividend_per_share,payout_ratio,commemorative_dividend,extra_dividend,number_of_shares,number_of_treqsury_shares,avg_number_of_shares,is_consolidated,is_forecast,duration,period_start,period_end,period_pos
2015-05-08,35800,2015-03-31,,36662000000,-0.002,,,,,412000000,0.137,957000000,-0.037,632000000,,-0.182,14.77,,0.020,0.022,0.011,,44901000000,33226000000,0.726,761.83,32613000000,527000000,-222000000,-901000000,6684000000,,0.812,,,,,,true,false,12,2014-04-01,2015-03-31,0
2015-05-08,35800,2014-03-31,,36753000000,0.024,,,,,362000000,-0.718,993000000,-0.451,772000000,,-0.356,18.05,,0.025,0.023,0.010,,43364000000,32101000000,0.719,727.92,31162000000,1961000000,-1460000000,-629000000,7253000000,,0.665,,,,,,true,false,12,2013-04-01,2014-03-31,-1
2015-05-08,35800,2016-03-31,,18500000000,-0.020,,,,,300000000,9.705,550000000,0.780,,450000000,,10.51,,,,,,,,,,,,,,,,,,,,,,true,true,6,2015-04-01,2015-09-30,1
2015-05-08,35800,2016-03-31,,38000000000,0.036,,,,,1000000000,1.424,1400000000,0.463,,1000000000,,23.36,,,,,,,,,,,,,,,,0.514,,,,,,true,true,12,2015-04-01,2016-03-31,1
2015-05-08,35800,2014-03-31,,,,,,,,,,,,,,,,,,,,,,,,,,,,,,12.00,,,,43140999,330183,42815191,false,false,12,2013-04-01,2014-03-31,-1
2015-05-08,35800,2015-03-31,,,,,,,,,,,,,,,,,,,,,,,,,,,,,,12.00,,,,43140999,332282,42809067,false,false,12,2014-04-01,2015-03-31,0
2015-05-08,35800,2016-03-31,,,,,,,,,,,,,,,,,,,,,,,,,,,,,,12.00,,,,,,,false,true,12,2015-04-01,2016-03-31,1
2015-07-31,35800,2016-03-31,1,9483000000,0.013,,,,,240000000,1.182,407000000,0.521,,265000000,,6.20,,,,,,44858000000,33011000000,0.731,765.61,32774000000,,,,,,,,,,,,true,false,3,2015-04-01,2015-06-30,0
2015-07-31,35800,2015-03-31,1,9364000000,0.011,,,,,110000000,-0.670,267000000,-0.514,,216000000,,5.05,,,,,,,,,,,,,,,,,,,,,,true,false,3,2014-04-01,2014-06-30,-1
2015-07-31,35800,2016-03-31,1,18500000000,-0.020,,,,,300000000,9.705,550000000,0.780,,450000000,,10.51,,,,,,,,,,,,,,,,,,,,,,true,true,6,2015-04-01,2015-09-30,0
2015-07-31,35800,2016-03-31,1,38000000000,0.036,,,,,1000000000,1.424,1400000000,0.463,,1000000000,,23.36,,,,,,,,,,,,,,,,,,,,,,true,true,12,2015-04-01,2016-03-31,0
2015-07-31,35800,2015-03-31,1,,,,,,,,,,,,,,,,,,,,44901000000,33226000000,0.726,761.83,32613000000,,,,,,,,,,,,true,false,12,2014-04-01,2015-03-31,-1
2015-07-31,35800,2015-03-31,1,,,,,,,,,,,,,,,,,,,,,,,,,,,,,12.00,,,,43140999,332282,,false,false,12,2014-04-01,2015-03-31,-1
2015-07-31,35800,2016-03-31,1,,,,,,,,,,,,,,,,,,,,,,,,,,,,,12.00,,,,,,,false,true,12,2015-04-01,2016-03-31,0
2015-07-31,35800,2016-03-31,1,,,,,,,,,,,,,,,,,,,,,,,,,,,,,,,,,43140999,332429,42808649,false,false,3,2015-04-01,2015-06-30,0
2015-07-31,35800,2015-03-31,1,,,,,,,,,,,,,,,,,,,,,,,,,,,,,,,,,,,42809728,false,false,3,2014-04-01,2014-06-30,-1
2015-10-30,35800,2016-03-31,2,19284000000,0.021,,,,,386000000,,685000000,1.217,,497000000,,11.62,,,,,,44939000000,33148000000,0.732,768.71,32907000000,,,,,,,,,,,,true,false,6,2015-04-01,2015-09-30,0
2015-10-30,35800,2015-03-31,2,18879000000,-0.010,,,,,28000000,-0.946,309000000,-0.634,,301000000,,7.05,,,,,,,,,,,,,,,,,,,,,,true,false,6,2014-04-01,2014-09-30,-1
2015-10-30,35800,2016-03-31,2,38000000000,0.036,,,,,1000000000,1.424,1400000000,0.463,,1000000000,,23.36,,,,,,,,,,,,,,,,,,,,,,true,true,12,2015-04-01,2016-03-31,0
2015-10-30,35800,2015-03-31,2,,,,,,,,,,,,,,,,,,,,44901000000,33226000000,0.726,761.83,32613000000,,,,,,,,,,,,true,false,12,2014-04-01,2015-03-31,-1
2015-10-30,35800,2015-03-31,2,,,,,,,,,,,,,,,,,,,,,,,,,,,,,12.00,,,,43140999,332282,,false,false,12,2014-04-01,2015-03-31,-1
2015-10-30,35800,2016-03-31,2,,,,,,,,,,,,,,,,,,,,,,,,,,,,,6.00,,,,,,,false,false,12,2015-04-01,2016-03-31,0
2015-10-30,35800,2016-03-31,2,,,,,,,,,,,,,,,,,,,,,,,,,,,,,12.00,,,,,,,false,true,12,2015-04-01,2016-03-31,0
2015-10-30,35800,2016-03-31,2,,,,,,,,,,,,,,,,,,,,,,,,,,,,,,,,,43140999,332441,42808610,false,false,6,2015-04-01,2015-09-30,0
2015-10-30,35800,2015-03-31,2,,,,,,,,,,,,,,,,,,,,,,,,,,,,,,,,,,,42809343,false,false,6,2014-04-01,2014-09-30,-1
2016-02-02,35800,2016-03-31,3,28385000000,0.025,,,,,654000000,5.526,1059000000,0.906,,684000000,,16.00,,,,,,44663000000,33026000000,0.734,766.23,32800000000,,,,,,,,,,,,true,false,9,2015-04-01,2015-12-31,0
2016-02-02,35800,2015-03-31,3,27687000000,0.000,,,,,100000000,-0.789,555000000,-0.449,,427000000,,9.99,,,,,,,,,,,,,,,,,,,,,,true,false,9,2014-04-01,2014-12-31,-1
2016-02-02,35800,2016-03-31,3,38000000000,0.036,,,,,1000000000,1.424,1400000000,0.463,,1000000000,,23.36,,,,,,,,,,,,,,,,,,,,,,true,true,12,2015-04-01,2016-03-31,0
2016-02-02,35800,2015-03-31,3,,,,,,,,,,,,,,,,,,,,44901000000,33226000000,0.726,761.83,32613000000,,,,,,,,,,,,true,false,12,2014-04-01,2015-03-31,-1
2016-02-02,35800,2015-03-31,3,,,,,,,,,,,,,,,,,,,,,,,,,,,,,12.00,,,,43140999,332282,,false,false,12,2014-04-01,2015-03-31,-1
2016-02-02,35800,2016-03-31,3,,,,,,,,,,,,,,,,,,,,,,,,,,,,,6.00,,,,,,,false,false,12,2015-04-01,2016-03-31,0
2016-02-02,35800,2016-03-31,3,,,,,,,,,,,,,,,,,,,,,,,,,,,,,12.00,,,,,,,false,true,12,2015-04-01,2016-03-31,0
2016-02-02,35800,2016-03-31,3,,,,,,,,,,,,,,,,,,,,,,,,,,,,,,,,,43140999,332721,42808543,false,false,9,2015-04-01,2015-12-31,0
2016-02-02,35800,2015-03-31,3,,,,,,,,,,,,,,,,,,,,,,,,,,,,,,,,,,,42809170,false,false,9,2014-04-01,2014-12-31,-1
2016-05-10,35800,2016-03-31,,37981000000,0.036,,,,,863000000,1.092,1394000000,0.457,,864000000,,20.19,,0.027,0.031,0.023,,44308000000,32408000000,0.727,752.10,32195000000,2547000000,-3236000000,-897000000,5079000000,,0.594,,,,,,true,false,12,2015-04-01,2016-03-31,0
2016-05-10,35800,2015-03-31,,36662000000,-0.002,,,,,412000000,0.137,957000000,-0.037,,632000000,,14.77,,0.020,0.022,0.011,,44901000000,33226000000,0.726,761.83,32613000000,527000000,-222000000,-901000000,6684000000,,0.812,,,,,,true,false,12,2014-04-01,2015-03-31,-1
2016-05-10,35800,2017-03-31,,18500000000,-0.041,,,,,500000000,0.293,700000000,0.022,,500000000,,11.68,,,,,,,,,,,,,,,,,,,,,,true,true,6,2016-04-01,2016-09-30,1
2016-05-10,35800,2017-03-31,,38000000000,0.000,,,,,1200000000,0.390,1600000000,0.147,,1200000000,,28.03,,,,,,,,,,,,,,,,0.428,,,,,,true,true,12,2016-04-01,2017-03-31,1
2016-05-10,35800,2015-03-31,,,,,,,,,,,,,,,,,,,,,,,,,,,,,,12.00,,,,43140999,332282,42809067,false,false,12,2014-04-01,2015-03-31,-1
2016-05-10,35800,2016-03-31,,,,,,,,,,,,,,,,,,,,,,,,,,,,,,12.00,,,,43140999,332728,42808486,false,false,12,2015-04-01,2016-03-31,0
2016-05-10,35800,2017-03-31,,,,,,,,,,,,,,,,,,,,,,,,,,,,,,12.00,,,,,,,false,true,12,2016-04-01,2017-03-31,1
2016-07-29,35800,2017-03-31,1,8943000000,-0.057,,,,,332000000,0.383,430000000,0.058,,310000000,,7.26,,,,,,43428000000,31796000000,0.728,738.15,31598000000,,,,,,,,,,,,true,false,3,2016-04-01,2016-06-30,0
2016-07-29,35800,2016-03-31,1,9483000000,0.013,,,,,240000000,1.182,407000000,0.521,,265000000,,6.20,,,,,,,,,,,,,,,,,,,,,,true,false,3,2015-04-01,2015-06-30,-1
2016-07-29,35800,2017-03-31,1,18500000000,-0.041,,,,,500000000,0.293,700000000,0.022,,500000000,,11.68,,,,,,,,,,,,,,,,,,,,,,true,true,6,2016-04-01,2016-09-30,0
2016-07-29,35800,2017-03-31,1,38000000000,0.000,,,,,1200000000,0.390,1600000000,0.147,,1200000000,,28.03,,,,,,,,,,,,,,,,,,,,,,true,true,12,2016-04-01,2017-03-31,0
2016-07-29,35800,2016-03-31,1,,,,,,,,,,,,,,,,,,,,44308000000,32408000000,0.727,752.10,32195000000,,,,,,,,,,,,true,false,12,2015-04-01,2016-03-31,-1
2016-07-29,35800,2016-03-31,1,,,,,,,,,,,,,,,,,,,,,,,,,,,,,12.00,,,,43140999,332728,,false,false,12,2015-04-01,2016-03-31,-1
2016-07-29,35800,2017-03-31,1,,,,,,,,,,,,,,,,,,,,,,,,,,,,,12.00,,,,,,,false,true,12,2016-04-01,2017-03-31,0
2016-07-29,35800,2017-03-31,1,,,,,,,,,,,,,,,,,,,,,,,,,,,,,,,,,43140999,332728,42808271,false,false,3,2016-04-01,2016-06-30,0
2016-07-29,35800,2016-03-31,1,,,,,,,,,,,,,,,,,,,,,,,,,,,,,,,,,,,42808649,false,false,3,2015-04-01,2015-06-30,-1
2016-10-21,35800,2017-03-31,,18090000000,-0.022,,,,,683000000,0.366,869000000,0.241,622000000,,0.244,14.53,,,,,,,,,,,,,,,,,,,,,,true,true,6,2016-04-01,2016-09-30,0
2016-10-21,35800,2016-03-31,,19284000000,,,,,,386000000,,685000000,,497000000,,,11.62,,,,,,,,,,,,,,,,,,,,,,true,false,6,2015-04-01,2015-09-30,-1
2016-10-31,35800,2017-03-31,2,18090000000,-0.062,,,,,683000000,0.768,869000000,0.269,,622000000,,14.54,,,,,,43974000000,32392000000,0.733,752.54,32215000000,,,,,,,,,,,,true,false,6,2016-04-01,2016-09-30,0
2016-10-31,35800,2016-03-31,2,19284000000,0.021,,,,,386000000,,685000000,1.217,,497000000,,11.62,,,,,,,,,,,,,,,,,,,,,,true,false,6,2015-04-01,2015-09-30,-1
2016-10-31,35800,2017-03-31,2,38000000000,0.000,,,,,1200000000,0.390,1600000000,0.147,,1200000000,,28.03,,,,,,,,,,,,,,,,,,,,,,true,true,12,2016-04-01,2017-03-31,0
2016-10-31,35800,2016-03-31,2,,,,,,,,,,,,,,,,,,,,44308000000,32408000000,0.727,752.10,32195000000,,,,,,,,,,,,true,false,12,2015-04-01,2016-03-31,-1
2016-10-31,35800,2016-03-31,2,,,,,,,,,,,,,,,,,,,,,,,,,,,,,12.00,,,,43140999,332728,,false,false,12,2015-04-01,2016-03-31,-1
2016-10-31,35800,2017-03-31,2,,,,,,,,,,,,,,,,,,,,,,,,,,,,,6.00,,,,,,,false,false,12,2016-04-01,2017-03-31,0
2016-10-31,35800,2017-03-31,2,,,,,,,,,,,,,,,,,,,,,,,,,,,,,6.00,,,,,,,false,true,12,2016-04-01,2017-03-31,0
2016-10-31,35800,2017-03-31,2,,,,,,,,,,,,,,,,,,,,,,,,,,,,,,,,,43140999,332759,42808263,false,false,6,2016-04-01,2016-09-30,0
2016-10-31,35800,2016-03-31,2,,,,,,,,,,,,,,,,,,,,,,,,,,,,,,,,,,,42808610,false,false,6,2015-04-01,2015-09-30,-1
2016-10-31,35800,2017-03-31,2,18090000000,-0.062,,,,,683000000,0.768,869000000,0.269,,622000000,,14.54,,,,,,43974000000,32392000000,0.733,752.54,32215000000,,,,,,,,,,,,true,false,6,2016-04-01,2016-09-30,0
2016-10-31,35800,2016-03-31,2,19284000000,0.021,,,,,386000000,,685000000,1.217,,497000000,,11.62,,,,,,,,,,,,,,,,,,,,,,true,false,6,2015-04-01,2015-09-30,-1
2016-10-31,35800,2017-03-31,2,38000000000,0.000,,,,,1200000000,0.390,1600000000,0.147,,1200000000,,28.03,,,,,,,,,,,,,,,,,,,,,,true,true,12,2016-04-01,2017-03-31,0
2016-10-31,35800,2016-03-31,2,,,,,,,,,,,,,,,,,,,,44308000000,32408000000,0.727,752.10,32195000000,,,,,,,,,,,,true,false,12,2015-04-01,2016-03-31,-1
2016-10-31,35800,2016-03-31,2,,,,,,,,,,,,,,,,,,,,,,,,,,,,,12.00,,,,43140999,332728,,false,false,12,2015-04-01,2016-03-31,-1
2016-10-31,35800,2017-03-31,2,,,,,,,,,,,,,,,,,,,,,,,,,,,,,6.00,,,,,,,false,false,12,2016-04-01,2017-03-31,0
2016-10-31,35800,2017-03-31,2,,,,,,,,,,,,,,,,,,,,,,,,,,,,,12.00,,,,,,,false,true,12,2016-04-01,2017-03-31,0
2016-10-31,35800,2017-03-31,2,,,,,,,,,,,,,,,,,,,,,,,,,,,,,,,,,43140999,332759,42808263,false,false,6,2016-04-01,2016-09-30,0
2016-10-31,35800,2016-03-31,2,,,,,,,,,,,,,,,,,,,,,,,,,,,,,,,,,,,42808610,false,false,6,2015-04-01,2015-09-30,-1
2017-02-01,35800,2017-03-31,3,26773000000,-0.057,,,,,1031000000,0.577,1342000000,0.268,,955000000,,22.33,,,,,,44197000000,32847000000,0.739,763.35,32677000000,,,,,,,,,,,,true,false,9,2016-04-01,2016-12-31,0
2017-02-01,35800,2016-03-31,3,28385000000,0.025,,,,,654000000,5.526,1059000000,0.906,,684000000,,16.00,,,,,,,,,,,,,,,,,,,,,,true,false,9,2015-04-01,2015-12-31,-1
2017-02-01,35800,2017-03-31,3,38000000000,0.000,,,,,1200000000,0.390,1600000000,0.147,,1200000000,,28.03,,,,,,,,,,,,,,,,,,,,,,true,true,12,2016-04-01,2017-03-31,0
2017-02-01,35800,2016-03-31,3,,,,,,,,,,,,,,,,,,,,44308000000,32408000000,0.727,752.10,32195000000,,,,,,,,,,,,true,false,12,2015-04-01,2016-03-31,-1
2017-02-01,35800,2016-03-31,3,,,,,,,,,,,,,,,,,,,,,,,,,,,,,12.00,,,,43140999,332728,,false,false,12,2015-04-01,2016-03-31,-1
2017-02-01,35800,2017-03-31,3,,,,,,,,,,,,,,,,,,,,,,,,,,,,,6.00,,,,,,,false,false,12,2016-04-01,2017-03-31,0
2017-02-01,35800,2017-03-31,3,,,,,,,,,,,,,,,,,,,,,,,,,,,,,12.00,,,,,,,false,true,12,2016-04-01,2017-03-31,0
2017-02-01,35800,2017-03-31,3,,,,,,,,,,,,,,,,,,,,,,,,,,,,,,,,,43140999,332905,42808228,false,false,9,2016-04-01,2016-12-31,0
2017-02-01,35800,2016-03-31,3,,,,,,,,,,,,,,,,,,,,,,,,,,,,,,,,,,,42808543,false,false,9,2015-04-01,2015-12-31,-1
2017-05-09,35800,2017-03-31,,35872000000,-0.056,,,,,1445000000,0.675,1955000000,0.403,,1431000000,,33.44,,0.044,0.044,0.040,,44972000000,33694000000,0.745,780.03,33500000000,3480000000,-3490000000,-741000000,4281000000,,0.359,,,,,,true,false,12,2016-04-01,2017-03-31,0
2017-05-09,35800,2016-03-31,,37981000000,0.036,,,,,863000000,1.092,1394000000,0.457,,864000000,,20.19,,0.027,0.031,0.023,,44308000000,32408000000,0.727,752.10,32195000000,2547000000,-3236000000,-897000000,5079000000,,0.594,,,,,,true,false,12,2015-04-01,2016-03-31,-1
2017-05-09,35800,2018-03-31,,18500000000,0.023,,,,,750000000,0.097,1000000000,0.150,,750000000,,17.46,,,,,,,,,,,,,,,,,,,,,,true,true,6,2017-04-01,2017-09-30,1
2017-05-09,35800,2018-03-31,,38000000000,0.059,,,,,1600000000,0.107,2200000000,0.125,,1600000000,,37.25,,,,,,,,,,,,,,,,0.322,,,,,,true,true,12,2017-04-01,2018-03-31,1
2017-05-09,35800,2016-03-31,,,,,,,,,,,,,,,,,,,,,,,,,,,,,,12.00,,,,43140999,332728,42808486,false,false,12,2015-04-01,2016-03-31,-1
2017-05-09,35800,2017-03-31,,,,,,,,,,,,,,,,,,,,,,,,,,,,,,12.00,,,,43140999,193644,42818888,false,false,12,2016-04-01,2017-03-31,0
2017-05-09,35800,2018-03-31,,,,,,,,,,,,,,,,,,,,,,,,,,,,,,12.00,,,,,,,false,true,12,2017-04-01,2018-03-31,1
2017-07-31,35800,2018-03-31,1,8882000000,-0.007,,,,,495000000,0.490,677000000,0.573,,478000000,,11.15,,,,,,45719000000,34009000000,0.740,787.75,33831000000,,,,,,,,,,,,true,false,3,2017-04-01,2017-06-30,0
2017-07-31,35800,2017-03-31,1,8943000000,-0.057,,,,,332000000,0.383,430000000,0.058,,310000000,,7.26,,,,,,,,,,,,,,,,,,,,,,true,false,3,2016-04-01,2016-06-30,-1
2017-07-31,35800,2018-03-31,1,18500000000,0.023,,,,,750000000,0.097,1000000000,0.150,,750000000,,17.46,,,,,,,,,,,,,,,,,,,,,,true,true,6,2017-04-01,2017-09-30,0
2017-07-31,35800,2018-03-31,1,38000000000,0.059,,,,,1600000000,0.107,2200000000,0.125,,1600000000,,37.25,,,,,,,,,,,,,,,,,,,,,,true,true,12,2017-04-01,2018-03-31,0
2017-07-31,35800,2017-03-31,1,,,,,,,,,,,,,,,,,,,,44972000000,33694000000,0.745,780.03,33500000000,,,,,,,,,,,,true,false,12,2016-04-01,2017-03-31,-1
2017-07-31,35800,2017-03-31,1,,,,,,,,,,,,,,,,,,,,,,,,,,,,,12.00,,,,43140999,193644,,false,false,12,2016-04-01,2017-03-31,-1
2017-07-31,35800,2018-03-31,1,,,,,,,,,,,,,,,,,,,,,,,,,,,,,12.00,,,,,,,false,true,12,2017-04-01,2018-03-31,0
2017-07-31,35800,2018-03-31,1,,,,,,,,,,,,,,,,,,,,,,,,,,,,,,,,,43140999,193735,42947316,false,false,3,2017-04-01,2017-06-30,0
2017-07-31,35800,2017-03-31,1,,,,,,,,,,,,,,,,,,,,,,,,,,,,,,,,,,,42808271,false,false,3,2016-04-01,2016-06-30,-1
2017-10-31,35800,2018-03-31,2,18637000000,0.030,,,,,947000000,0.385,1275000000,0.466,,920000000,,21.44,,,,,,46821000000,35008000000,0.744,810.94,34827000000,,,,,,,,,,,,true,false,6,2017-04-01,2017-09-30,0
2017-10-31,35800,2017-03-31,2,18090000000,-0.062,,,,,683000000,0.768,869000000,0.269,,622000000,,14.54,,,,,,,,,,,,,,,,,,,,,,true,false,6,2016-04-01,2016-09-30,-1
2017-10-31,35800,2018-03-31,2,38000000000,0.059,,,,,1600000000,0.107,2200000000,0.125,,1600000000,,37.26,,,,,,,,,,,,,,,,,,,,,,true,true,12,2017-04-01,2018-03-31,0
2017-10-31,35800,2017-03-31,2,,,,,,,,,,,,,,,,,,,,44972000000,33694000000,0.745,780.03,33500000000,,,,,,,,,,,,true,false,12,2016-04-01,2017-03-31,-1
2017-10-31,35800,2017-03-31,2,,,,,,,,,,,,,,,,,,,,,,,,,,,,,12.00,,,,43140999,193644,,false,false,12,2016-04-01,2017-03-31,-1
2017-10-31,35800,2018-03-31,2,,,,,,,,,,,,,,,,,,,,,,,,,,,,,6.00,,,,,,,false,false,12,2017-04-01,2018-03-31,0
2017-10-31,35800,2018-03-31,2,,,,,,,,,,,,,,,,,,,,,,,,,,,,,12.00,,,,,,,false,true,12,2017-04-01,2018-03-31,0
2017-10-31,35800,2018-03-31,2,,,,,,,,,,,,,,,,,,,,,,,,,,,,,,,,,43140999,194041,42947236,false,false,6,2017-04-01,2017-09-30,0
2017-10-31,35800,2017-03-31,2,,,,,,,,,,,,,,,,,,,,,,,,,,,,,,,,,,,42808263,false,false,6,2016-04-01,2016-09-30,-1
2018-02-01,35800,2018-03-31,3,28639000000,0.070,,,,,1697000000,0.645,2189000000,0.631,,1570000000,,36.58,,,,,,47700000000,35358000000,0.738,820.00,35216000000,,,,,,,,,,,,true,false,9,2017-04-01,2017-12-31,0
2018-02-01,35800,2017-03-31,3,26773000000,-0.057,,,,,1031000000,0.577,1342000000,0.268,,955000000,,22.33,,,,,,,,,,,,,,,,,,,,,,true,false,9,2016-04-01,2016-12-31,-1
2018-02-01,35800,2018-03-31,3,38500000000,0.073,,,,,2000000000,0.383,2600000000,0.329,,2000000000,,46.57,,,,,,,,,,,,,,,,,,,,,,true,true,12,2017-04-01,2018-03-31,0
2018-02-01,35800,2017-03-31,3,,,,,,,,,,,,,,,,,,,,44972000000,33694000000,0.745,780.03,33500000000,,,,,,,,,,,,true,false,12,2016-04-01,2017-03-31,-1
2018-02-01,35800,2017-03-31,3,,,,,,,,,,,,,,,,,,,,,,,,,,,,,12.00,,,,43140999,193644,,false,false,12,2016-04-01,2017-03-31,-1
2018-02-01,35800,2018-03-31,3,,,,,,,,,,,,,,,,,,,,,,,,,,,,,6.00,,,,,,,false,false,12,2017-04-01,2018-03-31,0
2018-02-01,35800,2018-03-31,3,,,,,,,,,,,,,,,,,,,,,,,,,,,,,12.00,,,,,,,false,true,12,2017-04-01,2018-03-31,0
2018-02-01,35800,2018-03-31,3,,,,,,,,,,,,,,,,,,,,,,,,,,,,,,,,,43140999,194187,42947119,false,false,9,2017-04-01,2017-12-31,0
2018-02-01,35800,2017-03-31,3,,,,,,,,,,,,,,,,,,,,,,,,,,,,,,,,,,,42808228,false,false,9,2016-04-01,2016-12-31,-1
2018-05-09,35800,2018-03-31,,38679000000,0.078,,,,,2151000000,0.488,2805000000,0.434,,2135000000,,49.72,,0.062,0.060,0.056,,47794000000,35490000000,0.740,823.14,35351000000,3101000000,-1461000000,-636000000,5296000000,,0.282,,,,,,true,false,12,2017-04-01,2018-03-31,0
2018-05-09,35800,2017-03-31,,35872000000,-0.056,,,,,1445000000,0.675,1955000000,0.403,,1431000000,,33.44,,0.044,0.044,0.040,,44972000000,33694000000,0.745,780.03,33500000000,3480000000,-3490000000,-741000000,4281000000,,0.359,,,,,,true,false,12,2016-04-01,2017-03-31,-1
2018-05-09,35800,2019-03-31,,19000000000,0.019,,,,,1000000000,0.056,1300000000,0.019,,950000000,,22.12,,,,,,,,,,,,,,,,,,,,,,true,true,6,2018-04-01,2018-09-30,1
2018-05-09,35800,2019-03-31,,40000000000,0.034,,,,,2300000000,0.069,2900000000,0.034,,2200000000,,51.23,,,,,,,,,,,,,,,,0.273,,,,,,true,true,12,2018-04-01,2019-03-31,1
2018-05-09,35800,2017-03-31,,,,,,,,,,,,,,,,,,,,,,,,,,,,,,12.00,,,,43140999,193644,42818888,false,false,12,2016-04-01,2017-03-31,-1
2018-05-09,35800,2018-03-31,,,,,,,,,,,,,,,,,,,,,,,,,,,,,,14.00,,,,43140999,194311,42947029,false,false,12,2017-04-01,2018-03-31,0
2018-05-09,35800,2019-03-31,,,,,,,,,,,,,,,,,,,,,,,,,,,,,,14.00,,,,,,,false,true,12,2018-04-01,2019-03-31,1
2018-07-30,35800,2019-03-31,1,9589000000,0.080,,,,,631000000,0.275,785000000,0.159,,574000000,,13.38,,,,,,48095000000,35243000000,0.730,817.47,35107000000,,,,,,,,,,,,true,false,3,2018-04-01,2018-06-30,0
2018-07-30,35800,2018-03-31,1,8882000000,-0.007,,,,,495000000,0.490,677000000,0.573,,478000000,,11.15,,,,,,,,,,,,,,,,,,,,,,true,false,3,2017-04-01,2017-06-30,-1
2018-07-30,35800,2019-03-31,1,19000000000,0.019,,,,,1000000000,0.056,1300000000,0.019,,950000000,,22.12,,,,,,,,,,,,,,,,,,,,,,true,true,6,2018-04-01,2018-09-30,0
2018-07-30,35800,2019-03-31,1,40000000000,0.034,,,,,2300000000,0.069,2900000000,0.034,,2200000000,,51.23,,,,,,,,,,,,,,,,,,,,,,true,true,12,2018-04-01,2019-03-31,0
2018-07-30,35800,2018-03-31,1,,,,,,,,,,,,,,,,,,,,47794000000,35490000000,0.740,823.14,35351000000,,,,,,,,,,,,true,false,12,2017-04-01,2018-03-31,-1
2018-07-30,35800,2018-03-31,1,,,,,,,,,,,,,,,,,,,,,,,,,,,,,14.00,,,,43140999,194311,,false,false,12,2017-04-01,2018-03-31,-1
2018-07-30,35800,2019-03-31,1,,,,,,,,,,,,,,,,,,,,,,,,,,,,,14.00,,,,,,,false,true,12,2018-04-01,2019-03-31,0
2018-07-30,35800,2019-03-31,1,,,,,,,,,,,,,,,,,,,,,,,,,,,,,,,,,43140999,194338,42946668,false,false,3,2018-04-01,2018-06-30,0
2018-07-30,35800,2018-03-31,1,,,,,,,,,,,,,,,,,,,,,,,,,,,,,,,,,,,42947316,false,false,3,2017-04-01,2017-06-30,-1
2018-10-31,35800,2019-03-31,2,19645000000,0.054,,,,,1085000000,0.146,1378000000,0.081,,991000000,,23.10,,,,,,48098000000,35748000000,0.740,,35611000000,,,,,,,,,,,,true,false,6,2018-04-01,2018-09-30,0
2018-10-31,35800,2018-03-31,2,18637000000,0.030,,,,,947000000,0.385,1275000000,0.466,,920000000,,21.44,,,,,,,,,,,,,,,,,,,,,,true,false,6,2017-04-01,2017-09-30,-1
2018-10-31,35800,2019-03-31,2,40000000000,0.034,,,,,2300000000,0.069,2900000000,0.034,,2200000000,,51.25,,,,,,,,,,,,,,,,,,,,,,true,true,12,2018-04-01,2019-03-31,0
2018-10-31,35800,2018-03-31,2,,,,,,,,,,,,,,,,,,,,47794000000,35490000000,0.740,,35351000000,,,,,,,,,,,,true,false,12,2017-04-01,2018-03-31,-1
2018-10-31,35800,2018-03-31,2,,,,,,,,,,,,,,,,,,,,,,,,,,,,,14.00,,,,43140999,194311,,false,false,12,2017-04-01,2018-03-31,-1
2018-10-31,35800,2019-03-31,2,,,,,,,,,,,,,,,,,,,,,,,,,,,,,6.00,,,,,,,false,false,12,2018-04-01,2019-03-31,0
2018-10-31,35800,2019-03-31,2,,,,,,,,,,,,,,,,,,,,,,,,,,,,,14.00,,,,,,,false,true,12,2018-04-01,2019-03-31,0
2018-10-31,35800,2019-03-31,2,,,,,,,,,,,,,,,,,,,,,,,,,,,,,,,,,43140999,237197,42928342,false,false,6,2018-04-01,2018-09-30,0
2018-10-31,35800,2018-03-31,2,,,,,,,,,,,,,,,,,,,,,,,,,,,,,,,,,,,42947236,false,false,6,2017-04-01,2017-09-30,-1
2019-02-01,35800,2019-03-31,3,29223000000,0.020,,,,,1780000000,0.049,2288000000,0.045,,1677000000,,39.08,,,,,,47107000000,35402000000,0.749,821.99,35266000000,,,,,,,,,,,,true,false,9,2018-04-01,2018-12-31,0
2019-02-01,35800,2018-03-31,3,28639000000,0.070,,,,,1697000000,0.645,2189000000,0.631,,1570000000,,36.58,,,,,,,,,,,,,,,,,,,,,,true,false,9,2017-04-01,2017-12-31,-1
2019-02-01,35800,2019-03-31,3,40000000000,0.034,,,,,2300000000,0.069,2900000000,0.034,,2200000000,,51.26,,,,,,,,,,,,,,,,,,,,,,true,true,12,2018-04-01,2019-03-31,0
2019-02-01,35800,2018-03-31,3,,,,,,,,,,,,,,,,,,,,47794000000,35490000000,0.740,823.14,35351000000,,,,,,,,,,,,true,false,12,2017-04-01,2018-03-31,-1
2019-02-01,35800,2018-03-31,3,,,,,,,,,,,,,,,,,,,,,,,,,,,,,14.00,,,,43140999,194311,,false,false,12,2017-04-01,2018-03-31,-1
2019-02-01,35800,2019-03-31,3,,,,,,,,,,,,,,,,,,,,,,,,,,,,,6.00,,,,,,,false,false,12,2018-04-01,2019-03-31,0
2019-02-01,35800,2019-03-31,3,,,,,,,,,,,,,,,,,,,,,,,,,,,,,14.00,,,,,,,false,true,12,2018-04-01,2019-03-31,0
2019-02-01,35800,2019-03-31,3,,,,,,,,,,,,,,,,,,,,,,,,,,,,,,,,,43140999,237278,42920956,false,false,9,2018-04-01,2018-12-31,0
2019-02-01,35800,2018-03-31,3,,,,,,,,,,,,,,,,,,,,,,,,,,,,,,,,,,,42947119,false,false,9,2017-04-01,2017-12-31,-1
2019-05-08,35800,2019-03-31,,39078000000,0.010,,,,,2165000000,0.006,2778000000,-0.010,,2131000000,,49.66,,0.060,0.058,0.055,,47249000000,35556000000,0.750,825.71,35425000000,1854000000,-1812000000,-525000000,4778000000,,0.282,,,,,,true,false,12,2018-04-01,2019-03-31,0
2019-05-08,35800,2018-03-31,,38679000000,0.078,,,,,2151000000,0.488,2805000000,0.434,,2135000000,,49.72,,0.062,0.060,0.056,,47794000000,35490000000,0.740,823.14,35351000000,3101000000,-1461000000,-636000000,5296000000,,0.282,,,,,,true,false,12,2017-04-01,2018-03-31,-1
2019-05-08,35800,2020-03-31,,20000000000,0.018,,,,,1100000000,0.013,1400000000,0.016,,1000000000,,23.31,,,,,,,,,,,,,,,,,,,,,,true,true,6,2019-04-01,2019-09-30,1
2019-05-08,35800,2020-03-31,,40000000000,0.024,,,,,2400000000,0.108,3000000000,0.080,,2300000000,,53.61,,,,,,,,,,,,,,,,0.261,,,,,,true,true,12,2019-04-01,2020-03-31,1
2019-05-08,35800,2018-03-31,,,,,,,,,,,,,,,,,,,,,,,,,,,,,,14.00,,,,43140999,194311,42947029,false,false,12,2017-04-01,2018-03-31,-1
2019-05-08,35800,2019-03-31,,,,,,,,,,,,,,,,,,,,,,,,,,,,,,14.00,,,,43140999,237307,42916976,false,false,12,2018-04-01,2019-03-31,0
2019-05-08,35800,2020-03-31,,,,,,,,,,,,,,,,,,,,,,,,,,,,,,14.00,,,,,,,false,true,12,2019-04-01,2020-03-31,1
2019-07-30,35800,2020-03-31,1,8888000000,-0.073,,,,,439000000,-0.305,650000000,-0.173,,500000000,,11.66,,,,,,47357000000,35697000000,0.751,828.88,35561000000,,,,,,,,,,,,true,false,3,2019-04-01,2019-06-30,0
2019-07-30,35800,2019-03-31,1,9589000000,0.080,,,,,631000000,0.275,785000000,0.159,,574000000,,13.38,,,,,,,,,,,,,,,,,,,,,,true,false,3,2018-04-01,2018-06-30,-1
2019-07-30,35800,2020-03-31,1,20000000000,0.018,,,,,1100000000,0.013,1400000000,0.016,,1000000000,,23.31,,,,,,,,,,,,,,,,,,,,,,true,true,6,2019-04-01,2019-09-30,0
2019-07-30,35800,2020-03-31,1,40000000000,0.024,,,,,2400000000,0.108,3000000000,0.080,,2300000000,,53.61,,,,,,,,,,,,,,,,,,,,,,true,true,12,2019-04-01,2020-03-31,0
2019-07-30,35800,2019-03-31,1,,,,,,,,,,,,,,,,,,,,47249000000,35556000000,0.750,825.71,35425000000,,,,,,,,,,,,true,false,12,2018-04-01,2019-03-31,-1
2019-07-30,35800,2019-03-31,1,,,,,,,,,,,,,,,,,,,,,,,,,,,,,14.00,,,,43140999,237307,,false,false,12,2018-04-01,2019-03-31,-1
2019-07-30,35800,2020-03-31,1,,,,,,,,,,,,,,,,,,,,,,,,,,,,,14.00,,,,,,,false,true,12,2019-04-01,2020-03-31,0
2019-07-30,35800,2020-03-31,1,,,,,,,,,,,,,,,,,,,,,,,,,,,,,,,,,43140999,237334,42903679,false,false,3,2019-04-01,2019-06-30,0
2019-07-30,35800,2019-03-31,1,,,,,,,,,,,,,,,,,,,,,,,,,,,,,,,,,,,42946668,false,false,3,2018-04-01,2018-06-30,-1
2019-09-27,35800,2020-03-31,,18000000000,-0.100,,,,,800000000,-0.273,1100000000,-0.214,,500000000,,11.65,,,,,,,,,,,,,,,,,,,,,,true,true,6,2019-04-01,2019-09-30,0
2019-09-27,35800,2019-03-31,,19645000000,,,,,,1085000000,,1378000000,,,991000000,,23.10,,,,,,,,,,,,,,,,,,,,,,true,false,6,2018-04-01,2018-09-30,-1
2019-09-27,35800,2020-03-31,,38000000000,-0.050,,,,,2100000000,-0.125,2700000000,-0.100,,1800000000,,41.97,,,,,,,,,,,,,,,,,,,,,,true,true,12,2019-04-01,2020-03-31,0
2019-09-27,35800,2019-03-31,,39078000000,,,,,,2165000000,,2778000000,,,2131000000,,49.66,,,,,,,,,,,,,,,,,,,,,,true,false,12,2018-04-01,2019-03-31,-1
2019-10-29,35800,2020-03-31,2,18325000000,-0.067,,,,,763000000,-0.297,1046000000,-0.241,,584000000,,13.63,,,,,,47597000000,35700000000,0.747,,35568000000,,,,,,,,,,,,true,false,6,2019-04-01,2019-09-30,0
2019-10-29,35800,2019-03-31,2,19645000000,0.054,,,,,1085000000,0.146,1378000000,0.081,,991000000,,23.10,,,,,,,,,,,,,,,,,,,,,,true,false,6,2018-04-01,2018-09-30,-1
2019-10-29,35800,2020-03-31,2,38000000000,-0.028,,,,,2100000000,-0.030,2700000000,-0.028,,1800000000,,41.95,,,,,,,,,,,,,,,,,,,,,,true,true,12,2019-04-01,2020-03-31,0
2019-10-29,35800,2019-03-31,2,,,,,,,,,,,,,,,,,,,,47249000000,35556000000,0.750,,35425000000,,,,,,,,,,,,true,false,12,2018-04-01,2019-03-31,-1
2019-10-29,35800,2019-03-31,2,,,,,,,,,,,,,,,,,,,,,,,,,,,,,14.00,,,,43140999,237307,,false,false,12,2018-04-01,2019-03-31,-1
2019-10-29,35800,2020-03-31,2,,,,,,,,,,,,,,,,,,,,,,,,,,,,,7.00,,,,,,,false,false,12,2019-04-01,2020-03-31,0
2019-10-29,35800,2020-03-31,2,,,,,,,,,,,,,,,,,,,,,,,,,,,,,14.00,,,,,,,false,true,12,2019-04-01,2020-03-31,0
2019-10-29,35800,2020-03-31,2,,,,,,,,,,,,,,,,,,,,,,,,,,,,,,,,,43140999,237357,42903670,false,false,6,2019-04-01,2019-09-30,0
2019-10-29,35800,2019-03-31,2,,,,,,,,,,,,,,,,,,,,,,,,,,,,,,,,,,,42928342,false,false,6,2018-04-01,2018-09-30,-1
2020-02-04,35800,2020-03-31,3,28169000000,-0.036,,,,,1697000000,-0.047,2114000000,-0.076,,1368000000,,31.89,,,,,,47697000000,36134000000,0.755,839.24,36006000000,,,,,,,,,,,,true,false,9,2019-04-01,2019-12-31,0
2020-02-04,35800,2019-03-31,3,29223000000,0.020,,,,,1780000000,0.049,2288000000,0.045,,1677000000,,39.08,,,,,,,,,,,,,,,,,,,,,,true,false,9,2018-04-01,2018-12-31,-1
2020-02-04,35800,2020-03-31,3,38000000000,-0.028,,,,,2100000000,-0.030,2700000000,-0.028,,1800000000,,41.95,,,,,,,,,,,,,,,,,,,,,,true,true,12,2019-04-01,2020-03-31,0
2020-02-04,35800,2019-03-31,3,,,,,,,,,,,,,,,,,,,,47249000000,35556000000,0.750,825.71,35425000000,,,,,,,,,,,,true,false,12,2018-04-01,2019-03-31,-1
2020-02-04,35800,2019-03-31,3,,,,,,,,,,,,,,,,,,,,,,,,,,,,,14.00,,,,43140999,237307,,false,false,12,2018-04-01,2019-03-31,-1
2020-02-04,35800,2020-03-31,3,,,,,,,,,,,,,,,,,,,,,,,,,,,,,7.00,,,,,,,false,false,12,2019-04-01,2020-03-31,0
2020-02-04,35800,2020-03-31,3,,,,,,,,,,,,,,,,,,,,,,,,,,,,,14.00,,,,,,,false,true,12,2019-04-01,2020-03-31,0
2020-02-04,35800,2020-03-31,3,,,,,,,,,,,,,,,,,,,,,,,,,,,,,,,,,43140999,237610,42903617,false,false,9,2019-04-01,2019-12-31,0
2020-02-04,35800,2019-03-31,3,,,,,,,,,,,,,,,,,,,,,,,,,,,,,,,,,,,42920956,false,false,9,2018-04-01,2018-12-31,-1
2020-05-08,35800,2020-03-31,,36525000000,-0.065,,,,,1612000000,-0.255,2152000000,-0.225,,1375000000,,32.06,,0.039,0.046,0.044,,45973000000,34855000000,0.755,809.39,34725000000,3031000000,1502000000,-691000000,8596000000,,0.469,,,,,,true,false,12,2019-04-01,2020-03-31,0
2020-05-08,35800,2019-03-31,,39078000000,0.010,,,,,2165000000,0.006,2778000000,-0.010,,2131000000,,49.66,,0.060,0.058,0.055,,47249000000,35556000000,0.750,825.71,35425000000,1854000000,-1812000000,-525000000,4778000000,,0.282,,,,,,true,false,12,2018-04-01,2019-03-31,-1
2020-05-08,35800,2021-03-31,,16300000000,-0.111,,,,,500000000,-0.345,800000000,-0.235,,500000000,,11.65,,,,,,,,,,,,,,,,,,,,,,true,true,6,2020-04-01,2020-09-30,1
2020-05-08,35800,2019-03-31,,,,,,,,,,,,,,,,,,,,,,,,,,,,,,14.00,,,,43140999,237307,42916976,false,false,12,2018-04-01,2019-03-31,-1
2020-05-08,35800,2020-03-31,,,,,,,,,,,,,,,,,,,,,,,,,,,,,,15.00,,,,43140999,237634,42903559,false,false,12,2019-04-01,2020-03-31,0
2020-07-31,35800,2021-03-31,1,8727000000,-0.018,,,,,559000000,0.274,719000000,0.107,,545000000,,12.72,,,,,,45980000000,34924000000,0.760,814.03,34924000000,,,,,,,,,,,,true,false,3,2020-04-01,2020-06-30,0
2020-07-31,35800,2020-03-31,1,8888000000,-0.073,,,,,439000000,-0.305,650000000,-0.173,,500000000,,11.66,,,,,,,,,,,,,,,,,,,,,,true,false,3,2019-04-01,2019-06-30,-1
2020-07-31,35800,2021-03-31,1,16300000000,-0.111,,,,,500000000,-0.345,800000000,-0.235,,500000000,,11.65,,,,,,,,,,,,,,,,,,,,,,true,true,6,2020-04-01,2020-09-30,0
2020-07-31,35800,2020-03-31,1,,,,,,,,,,,,,,,,,,,,45973000000,34855000000,0.755,809.39,34725000000,,,,,,,,,,,,true,false,12,2019-04-01,2020-03-31,-1
2020-07-31,35800,2020-03-31,1,,,,,,,,,,,,,,,,,,,,,,,,,,,,,15.00,,,,43140999,237634,,false,false,12,2019-04-01,2020-03-31,-1
2020-07-31,35800,2021-03-31,1,,,,,,,,,,,,,,,,,,,,,,,,,,,,,,,,,43140999,237634,42903365,false,false,3,2020-04-01,2020-06-30,0
2020-07-31,35800,2020-03-31,1,,,,,,,,,,,,,,,,,,,,,,,,,,,,,,,,,,,42903679,false,false,3,2019-04-01,2019-06-30,-1
2020-10-28,35800,2021-03-31,2,15979000000,-0.128,,,,,632000000,-0.172,887000000,-0.152,,640000000,,14.92,,,,,,45324000000,34980000000,0.772,,34980000000,,,,,,,,,,,,true,false,6,2020-04-01,2020-09-30,0
2020-10-28,35800,2020-03-31,2,18325000000,-0.067,,,,,763000000,-0.297,1046000000,-0.241,,584000000,,13.63,,,,,,,,,,,,,,,,,,,,,,true,false,6,2019-04-01,2019-09-30,-1
2020-10-28,35800,2021-03-31,2,30200000000,-0.173,,,,,1620000000,0.005,2200000000,0.022,,2000000000,,46.62,,,,,,,,,,,,,,,,,,,,,,true,true,12,2020-04-01,2021-03-31,0
2020-10-28,35800,2020-03-31,2,,,,,,,,,,,,,,,,,,,,45973000000,34855000000,0.755,,34725000000,,,,,,,,,,,,true,false,12,2019-04-01,2020-03-31,-1
2020-10-28,35800,2020-03-31,2,,,,,,,,,,,,,,,,,,,,,,,,,,,,,15.00,,,,43140999,237634,,false,false,12,2019-04-01,2020-03-31,-1
2020-10-28,35800,2021-03-31,2,,,,,,,,,,,,,,,,,,,,,,,,,,,,,8.00,,,,,,,false,false,12,2020-04-01,2021-03-31,0
2020-10-28,35800,2021-03-31,2,,,,,,,,,,,,,,,,,,,,,,,,,,,,,,,,,43140999,237816,42903313,false,false,6,2020-04-01,2020-09-30,0
2020-10-28,35800,2020-03-31,2,,,,,,,,,,,,,,,,,,,,,,,,,,,,,,,,,,,42903670,false,false,6,2019-04-01,2019-09-30,-1
2021-02-03,35800,2021-03-31,3,22981000000,-0.184,,,,,1083000000,-0.362,1469000000,-0.305,,1560000000,,36.42,,,,,,44975000000,35776000000,0.795,840.24,35776000000,,,,,,,,,,,,true,false,9,2020-04-01,2020-12-31,0
2021-02-03,35800,2020-03-31,3,28169000000,-0.036,,,,,1697000000,-0.047,2114000000,-0.076,,1368000000,,31.89,,,,,,,,,,,,,,,,,,,,,,true,false,9,2019-04-01,2019-12-31,-1
2021-02-03,35800,2021-03-31,3,30200000000,-0.173,,,,,1620000000,0.005,2200000000,0.022,,2000000000,,46.67,,,,,,,,,,,,,,,,,,,,,,true,true,12,2020-04-01,2021-03-31,0
2021-02-03,35800,2020-03-31,3,,,,,,,,,,,,,,,,,,,,45973000000,34855000000,0.755,809.39,34725000000,,,,,,,,,,,,true,false,12,2019-04-01,2020-03-31,-1
2021-02-03,35800,2020-03-31,3,,,,,,,,,,,,,,,,,,,,,,,,,,,,,15.00,,,,43140999,237634,,false,false,12,2019-04-01,2020-03-31,-1
2021-02-03,35800,2021-03-31,3,,,,,,,,,,,,,,,,,,,,,,,,,,,,,8.00,,,,,,,false,false,12,2020-04-01,2021-03-31,0
2021-02-03,35800,2021-03-31,3,,,,,,,,,,,,,,,,,,,,,,,,,,,,,,,,,43140999,561891,42853760,false,false,9,2020-04-01,2020-12-31,0
2021-02-03,35800,2020-03-31,3,,,,,,,,,,,,,,,,,,,,,,,,,,,,,,,,,,,42903617,false,false,9,2019-04-01,2019-12-31,-1
2021-05-07,35800,2021-03-31,,30018000000,-0.178,,,,,1416000000,-0.121,1916000000,-0.110,,1810000000,,42.38,,0.051,0.042,0.047,,45635000000,36073000000,0.790,855.78,36073000000,3069000000,-117000000,-1649000000,9954000000,,0.378,,,,,,true,false,12,2020-04-01,2021-03-31,0
2021-05-07,35800,2020-03-31,,36525000000,-0.065,,,,,1612000000,-0.255,2152000000,-0.225,,1375000000,,32.06,,0.039,0.046,0.044,,45973000000,34855000000,0.755,809.39,34725000000,3031000000,1502000000,-691000000,8596000000,,0.469,,,,,,true,false,12,2019-04-01,2020-03-31,-1
2021-05-07,35800,2022-03-31,,14500000000,-0.093,,,,,700000000,0.107,950000000,0.071,,750000000,,17.79,,,,,,,,,,,,,,,,,,,,,,true,true,6,2021-04-01,2021-09-30,1
2021-05-07,35800,2022-03-31,,32000000000,0.066,,,,,1800000000,0.270,2300000000,0.200,,1850000000,,43.89,,,,,,,,,,,,,,,,0.375,,,,,,true,true,12,2021-04-01,2022-03-31,1
2021-05-07,35800,2020-03-31,,,,,,,,,,,,,,,,,,,,,,,,,,,,,,15.00,,,,43140999,237634,42903559,false,false,12,2019-04-01,2020-03-31,-1
2021-05-07,35800,2021-03-31,,,,,,,,,,,,,,,,,,,,,,,,,,,,,,16.00,,,,43140999,987955,42718836,false,false,12,2020-04-01,2021-03-31,0
2021-05-07,35800,2022-03-31,,,,,,,,,,,,,,,,,,,,,,,,,,,,,,16.00,,,,,,,false,true,12,2021-04-01,2022-03-31,1
2021-05-07,35800,2021-03-31,,26515000000,-0.134,,,,,1509000000,0.027,1818000000,0.005,328000000,,-0.697,7.67,,,,,,,,,,,,,,,,,,,,,,true,true,12,2020-04-01,2021-03-31,0
2021-07-30,35800,2022-03-31,1,6939000000,-0.205,,,,,120000000,-0.785,255000000,-0.646,,302000000,,7.17,,,,,,46662000000,36178000000,0.775,858.27,36178000000,,,,,,,,,,,,true,false,3,2021-04-01,2021-06-30,0
2021-07-30,35800,2021-03-31,1,8727000000,-0.018,,,,,559000000,0.274,719000000,0.107,,545000000,,12.72,,,,,,,,,,,,,,,,,,,,,,true,false,3,2020-04-01,2020-06-30,-1
2021-07-30,35800,2022-03-31,1,14500000000,-0.093,,,,,700000000,0.107,950000000,0.071,,750000000,,17.79,,,,,,,,,,,,,,,,,,,,,,true,true,6,2021-04-01,2021-09-30,0
2021-07-30,35800,2022-03-31,1,32000000000,0.066,,,,,1800000000,0.270,2300000000,0.200,,1850000000,,43.89,,,,,,,,,,,,,,,,,,,,,,true,true,12,2021-04-01,2022-03-31,0
2021-07-30,35800,2021-03-31,1,,,,,,,,,,,,,,,,,,,,45635000000,36073000000,0.790,855.78,36073000000,,,,,,,,,,,,true,false,12,2020-04-01,2021-03-31,-1
2021-07-30,35800,2021-03-31,1,,,,,,,,,,,,,,,,,,,,,,,,,,,,,16.00,,,,43140999,987955,,false,false,12,2020-04-01,2021-03-31,-1
2021-07-30,35800,2022-03-31,1,,,,,,,,,,,,,,,,,,,,,,,,,,,,,16.00,,,,,,,false,true,12,2021-04-01,2022-03-31,0
2021-07-30,35800,2022-03-31,1,,,,,,,,,,,,,,,,,,,,,,,,,,,,,,,,,43140999,988005,42153019,false,false,3,2021-04-01,2021-06-30,0
2021-07-30,35800,2021-03-31,1,,,,,,,,,,,,,,,,,,,,,,,,,,,,,,,,,,,42903365,false,false,3,2020-04-01,2020-06-30,-1
2021-10-29,35800,2022-03-31,2,14543000000,-0.090,,,,,538000000,-0.148,803000000,-0.095,,714000000,,16.94,,,,,,47488000000,36747000000,0.774,,36747000000,,,,,,,,,,,,true,false,6,2021-04-01,2021-09-30,0
2021-10-29,35800,2021-03-31,2,15979000000,-0.128,,,,,632000000,-0.172,887000000,-0.152,,640000000,,14.92,,,,,,,,,,,,,,,,,,,,,,true,false,6,2020-04-01,2020-09-30,-1
2021-10-29,35800,2022-03-31,2,32000000000,0.066,,,,,1800000000,0.270,2300000000,0.200,,1850000000,,43.89,,,,,,,,,,,,,,,,,,,,,,true,true,12,2021-04-01,2022-03-31,0
2021-10-29,35800,2021-03-31,2,,,,,,,,,,,,,,,,,,,,45635000000,36073000000,0.790,,36073000000,,,,,,,,,,,,true,false,12,2020-04-01,2021-03-31,-1
2021-10-29,35800,2021-03-31,2,,,,,,,,,,,,,,,,,,,,,,,,,,,,,16.00,,,,43140999,987955,,false,false,12,2020-04-01,2021-03-31,-1
2021-10-29,35800,2022-03-31,2,,,,,,,,,,,,,,,,,,,,,,,,,,,,,8.00,,,,,,,false,false,12,2021-04-01,2022-03-31,0
2021-10-29,35800,2022-03-31,2,,,,,,,,,,,,,,,,,,,,,,,,,,,,,16.00,,,,,,,false,true,12,2021-04-01,2022-03-31,0
2021-10-29,35800,2022-03-31,2,,,,,,,,,,,,,,,,,,,,,,,,,,,,,,,,,43140999,988064,42152983,false,false,6,2021-04-01,2021-09-30,0
2021-10-29,35800,2021-03-31,2,,,,,,,,,,,,,,,,,,,,,,,,,,,,,,,,,,,42903313,false,false,6,2020-04-01,2020-09-30,-1
2022-02-03,35800,2022-03-31,3,23082000000,0.004,,,,,1137000000,0.049,1577000000,0.073,,1619000000,,38.54,,,,,,47030000000,36050000000,0.767,869.21,36050000000,,,,,,,,,,,,true,false,9,2021-04-01,2021-12-31,0
2022-02-03,35800,2021-03-31,3,22981000000,-0.184,,,,,1083000000,-0.362,1469000000,-0.305,,1560000000,,36.42,,,,,,,,,,,,,,,,,,,,,,true,false,9,2020-04-01,2020-12-31,-1
2022-02-03,35800,2022-03-31,3,32000000000,0.066,,,,,1800000000,0.270,2300000000,0.200,,1850000000,,43.89,,,,,,,,,,,,,,,,,,,,,,true,true,12,2021-04-01,2022-03-31,0
2022-02-03,35800,2021-03-31,3,,,,,,,,,,,,,,,,,,,,45635000000,36073000000,0.790,855.78,36073000000,,,,,,,,,,,,true,false,12,2020-04-01,2021-03-31,-1
2022-02-03,35800,2021-03-31,3,,,,,,,,,,,,,,,,,,,,,,,,,,,,,16.00,,,,43140999,987955,,false,false,12,2020-04-01,2021-03-31,-1
2022-02-03,35800,2022-03-31,3,,,,,,,,,,,,,,,,,,,,,,,,,,,,,8.00,,,,,,,false,false,12,2021-04-01,2022-03-31,0
2022-02-03,35800,2022-03-31,3,,,,,,,,,,,,,,,,,,,,,,,,,,,,,16.00,,,,,,,false,true,12,2021-04-01,2022-03-31,0
2022-02-03,35800,2022-03-31,3,,,,,,,,,,,,,,,,,,,,,,,,,,,,,,,,,43140999,1666220,42034339,false,false,9,2021-04-01,2021-12-31,0
2022-02-03,35800,2021-03-31,3,,,,,,,,,,,,,,,,,,,,,,,,,,,,,,,,,,,42853760,false,false,9,2020-04-01,2020-12-31,-1
2022-05-10,35800,2022-03-31,,31449000000,0.048,,,,,1593000000,0.125,2154000000,0.124,,2184000000,,52.26,,0.061,0.046,0.051,,47600000000,35839000000,0.750,876.38,35713000000,1385000000,157000000,-2401000000,9571000000,,0.344,,,,,,true,false,12,2021-04-01,2022-03-31,0
2022-05-10,35800,2021-03-31,,30018000000,-0.178,,,,,1416000000,-0.121,1916000000,-0.110,,1810000000,,42.38,,0.051,0.042,0.047,,45635000000,36073000000,0.790,855.78,36073000000,3069000000,-117000000,-1649000000,9954000000,,0.378,,,,,,true,false,12,2020-04-01,2021-03-31,-1
2022-05-10,35800,2023-03-31,,16000000000,0.100,,,,,700000000,0.300,1000000000,0.245,,750000000,,17.18,,,,,,,,,,,,,,,,,,,,,,true,true,6,2022-04-01,2022-09-30,1
2022-05-10,35800,2023-03-31,,34500000000,0.097,,,,,1900000000,0.192,2500000000,0.161,,1850000000,,44.17,,,,,,,,,,,,,,,,0.441,,,,,,true,true,12,2022-04-01,2023-03-31,1
2022-05-10,35800,2021-03-31,,,,,,,,,,,,,,,,,,,,,,,,,,,,,,16.00,,,,43140999,987955,42718836,false,false,12,2020-04-01,2021-03-31,-1
2022-05-10,35800,2022-03-31,,,,,,,,,,,,,,,,,,,,,,,,,,,,,,18.00,,,,43140999,2389246,41797229,false,false,12,2021-04-01,2022-03-31,0
2022-05-10,35800,2023-03-31,,,,,,,,,,,,,,,,,,,,,,,,,,,,,,20.00,,,,,,,false,true,12,2022-04-01,2023-03-31,1
2022-05-10,35800,2022-03-31,,27452000000,0.035,,,,,1621000000,0.074,1941000000,0.068,1950000000,,4.937,46.54,,,,,,,,,,,,,,,,,,,,,,true,true,12,2021-04-01,2022-03-31,0
2022-07-29,35800,2023-03-31,1,8356000000,0.204,,,,,418000000,2.475,639000000,1.506,,443000000,,10.98,,,,,,46452000000,35504000000,0.762,883.55,35378000000,,,,,,,,,,,,true,false,3,2022-04-01,2022-06-30,0
2022-07-29,35800,2022-03-31,1,6939000000,-0.205,,,,,120000000,-0.785,255000000,-0.646,,302000000,,7.17,,,,,,,,,,,,,,,,,,,,,,true,false,3,2021-04-01,2021-06-30,-1
2022-07-29,35800,2023-03-31,1,16000000000,0.100,,,,,700000000,0.300,1000000000,0.245,,750000000,,17.18,,,,,,,,,,,,,,,,,,,,,,true,true,6,2022-04-01,2022-09-30,0
2022-07-29,35800,2023-03-31,1,34500000000,0.097,,,,,1900000000,0.192,2500000000,0.161,,1850000000,,44.17,,,,,,,,,,,,,,,,,,,,,,true,true,12,2022-04-01,2023-03-31,0
2022-07-29,35800,2022-03-31,1,,,,,,,,,,,,,,,,,,,,47600000000,35839000000,0.750,876.38,35713000000,,,,,,,,,,,,true,false,12,2021-04-01,2022-03-31,-1
2022-07-29,35800,2022-03-31,1,,,,,,,,,,,,,,,,,,,,,,,,,,,,,18.00,,,,43140999,2389246,,false,false,12,2021-04-01,2022-03-31,-1
2022-07-29,35800,2023-03-31,1,,,,,,,,,,,,,,,,,,,,,,,,,,,,,20.00,,,,,,,false,true,12,2022-04-01,2023-03-31,0
2022-07-29,35800,2023-03-31,1,,,,,,,,,,,,,,,,,,,,,,,,,,,,,,,,,43140999,3099374,40420157,false,false,3,2022-04-01,2022-06-30,0
2022-07-29,35800,2022-03-31,1,,,,,,,,,,,,,,,,,,,,,,,,,,,,,,,,,,,42153019,false,false,3,2021-04-01,2021-06-30,-1
2022-10-28,35800,2023-03-31,2,17397000000,0.196,,,,,956000000,0.775,1352000000,0.684,,940000000,,23.35,,,,,,46878000000,35908000000,0.763,,35781000000,,,,,,,,,,,,true,false,6,2022-04-01,2022-09-30,0
2022-10-28,35800,2022-03-31,2,14543000000,-0.090,,,,,538000000,-0.148,803000000,-0.095,,714000000,,16.94,,,,,,,,,,,,,,,,,,,,,,true,false,6,2021-04-01,2021-09-30,-1
2022-10-28,35800,2023-03-31,2,34500000000,0.097,,,,,1900000000,0.192,2500000000,0.161,,1850000000,,44.17,,,,,,,,,,,,,,,,,,,,,,true,true,12,2022-04-01,2023-03-31,0
2022-10-28,35800,2022-03-31,2,,,,,,,,,,,,,,,,,,,,47600000000,35839000000,0.750,,35713000000,,,,,,,,,,,,true,false,12,2021-04-01,2022-03-31,-1
2022-10-28,35800,2022-03-31,2,,,,,,,,,,,,,,,,,,,,,,,,,,,,,18.00,,,,43140999,2389246,,false,false,12,2021-04-01,2022-03-31,-1
2022-10-28,35800,2023-03-31,2,,,,,,,,,,,,,,,,,,,,,,,,,,,,,10.00,,,,,,,false,false,12,2022-04-01,2023-03-31,0
2022-10-28,35800,2023-03-31,2,,,,,,,,,,,,,,,,,,,,,,,,,,,,,20.00,,,,,,,false,true,12,2022-04-01,2023-03-31,0
2022-10-28,35800,2023-03-31,2,,,,,,,,,,,,,,,,,,,,,,,,,,,,,,,,,43140999,3099374,40257929,false,false,6,2022-04-01,2022-09-30,0
2022-10-28,35800,2022-03-31,2,,,,,,,,,,,,,,,,,,,,,,,,,,,,,,,,,,,42152983,false,false,6,2021-04-01,2021-09-30,-1
2023-02-03,35800,2023-03-31,3,26625000000,0.153,,,,,1389000000,0.222,1448000000,-0.081,,1002000000,,24.94,,,,,,47303000000,35715000000,0.752,888.72,35585000000,,,,,,,,,,,,true,false,9,2022-04-01,2022-12-31,0
2023-02-03,35800,2022-03-31,3,23082000000,0.004,,,,,1137000000,0.049,1577000000,0.073,,1619000000,,38.54,,,,,,,,,,,,,,,,,,,,,,true,false,9,2021-04-01,2021-12-31,-1
2023-02-03,35800,2023-03-31,3,34500000000,0.097,,,,,1900000000,0.192,2500000000,0.161,,1850000000,,44.17,,,,,,,,,,,,,,,,,,,,,,true,true,12,2022-04-01,2023-03-31,0
2023-02-03,35800,2022-03-31,3,,,,,,,,,,,,,,,,,,,,47600000000,35839000000,0.750,876.38,35713000000,,,,,,,,,,,,true,false,12,2021-04-01,2022-03-31,-1
2023-02-03,35800,2022-03-31,3,,,,,,,,,,,,,,,,,,,,,,,,,,,,,18.00,,,,43140999,2389246,,false,false,12,2021-04-01,2022-03-31,-1
2023-02-03,35800,2023-03-31,3,,,,,,,,,,,,,,,,,,,,,,,,,,,,,10.00,,,,,,,false,false,12,2022-04-01,2023-03-31,0
2023-02-03,35800,2023-03-31,3,,,,,,,,,,,,,,,,,,,,,,,,,,,,,20.00,,,,,,,false,true,12,2022-04-01,2023-03-31,0
2023-02-03,35800,2023-03-31,3,,,,,,,,,,,,,,,,,,,,,,,,,,,,,,,,,43140999,3099374,40193038,false,false,9,2022-04-01,2022-12-31,0
2023-02-03,35800,2022-03-31,3,,,,,,,,,,,,,,,,,,,,,,,,,,,,,,,,,,,42034339,false,false,9,2021-04-01,2021-12-31,-1
2023-05-09,35800,2023-03-31,,35438000000,0.127,,,,,1605000000,0.007,1683000000,-0.218,,1118000000,,27.86,,0.031,0.035,0.045,,47548000000,35878000000,0.752,893.80,35751000000,1818000000,-214000000,-1808000000,9457000000,,0.718,,,,,,true,false,12,2022-04-01,2023-03-31,0
2023-05-09,35800,2022-03-31,,31449000000,0.048,,,,,1593000000,0.125,2154000000,0.124,,2184000000,,52.26,,0.061,0.046,0.051,,47600000000,35839000000,0.750,876.38,35713000000,1385000000,157000000,-2401000000,9571000000,,0.344,,,,,,true,false,12,2021-04-01,2022-03-31,-1
2023-05-09,35800,2024-03-31,,17500000000,0.006,,,,,450000000,-0.529,750000000,-0.446,,550000000,,13.74,,,,,,,,,,,,,,,,,,,,,,true,true,6,2023-04-01,2023-09-30,1
2023-05-09,35800,2024-03-31,,36500000000,0.030,,,,,1400000000,-0.128,1950000000,0.158,,1750000000,,43.70,,,,,,,,,,,,,,,,0.503,,,,,,true,true,12,2023-04-01,2024-03-31,1
2023-05-09,35800,2022-03-31,,,,,,,,,,,,,,,,,,,,,,,,,,,,,,18.00,,,,43140999,2389246,41797229,false,false,12,2021-04-01,2022-03-31,-1
2023-05-09,35800,2023-03-31,,,,,,,,,,,,,,,,,,,,,,,,,,,,,,20.00,,10.00,2.00,43140999,3142027,40148260,false,false,12,2022-04-01,2023-03-31,0
2023-05-09,35800,2024-03-31,,,,,,,,,,,,,,,,,,,,,,,,,,,,,,22.00,,,,,,,false,true,12,2023-04-01,2024-03-31,1
2023-07-31,35800,2024-03-31,1,8844000000,0.058,,,,,369000000,-0.118,553000000,-0.134,,425000000,,10.65,,,,,,47568000000,36325000000,0.761,904.98,36198000000,,,,,,,,,,,,true,false,3,2023-04-01,2023-06-30,0
2023-07-31,35800,2023-03-31,1,8356000000,0.204,,,,,418000000,2.475,639000000,1.506,,443000000,,10.98,,,,,,,,,,,,,,,,,,,,,,true,false,3,2022-04-01,2022-06-30,-1
2023-07-31,35800,2024-03-31,1,17500000000,0.006,,,,,450000000,-0.529,750000000,-0.446,,550000000,,13.74,,,,,,,,,,,,,,,,,,,,,,true,true,6,2023-04-01,2023-09-30,0
2023-07-31,35800,2024-03-31,1,36500000000,0.030,,,,,1400000000,-0.128,1950000000,0.158,,1750000000,,43.70,,,,,,,,,,,,,,,,,,,,,,true,true,12,2023-04-01,2024-03-31,0
2023-07-31,35800,2023-03-31,1,,,,,,,,,,,,,,,,,,,,47548000000,35878000000,0.752,893.80,35751000000,,,,,,,,,,,,true,false,12,2022-04-01,2023-03-31,-1
2023-07-31,35800,2023-03-31,1,,,,,,,,,,,,,,,,,,,,,,,,,,,,,20.00,,,,43140999,3142027,,false,false,12,2022-04-01,2023-03-31,-1
2023-07-31,35800,2024-03-31,1,,,,,,,,,,,,,,,,,,,,,,,,,,,,,22.00,,,,,,,false,true,12,2023-04-01,2024-03-31,0
2023-07-31,35800,2024-03-31,1,,,,,,,,,,,,,,,,,,,,,,,,,,,,,,,10.00,2.00,43140999,3142027,39998972,false,false,3,2023-04-01,2023-06-30,0
2023-07-31,35800,2023-03-31,1,,,,,,,,,,,,,,,,,,,,,,,,,,,,,,,,,,,40420157,false,false,3,2022-04-01,2022-06-30,-1
2023-10-31,35800,2024-03-31,2,17677000000,0.016,,,,,736000000,-0.230,1200000000,-0.112,,890000000,,22.25,,,,,,48267000000,37423000000,0.772,930.67,37277000000,,,,,,,,,,,,true,false,6,2023-04-01,2023-09-30,0
2023-10-31,35800,2023-03-31,2,17397000000,0.196,,,,,956000000,0.775,1352000000,0.684,,940000000,,23.35,,,,,,,,,,,,,,,,,,,,,,true,false,6,2022-04-01,2022-09-30,-1
2023-10-31,35800,2024-03-31,2,36500000000,0.030,,,,,1400000000,-0.128,1950000000,0.158,,1750000000,,43.70,,,,,,,,,,,,,,,,,,,,,,true,true,12,2023-04-01,2024-03-31,0
2023-10-31,35800,2023-03-31,2,,,,,,,,,,,,,,,,,,,,47548000000,35878000000,0.752,893.80,35751000000,,,,,,,,,,,,true,false,12,2022-04-01,2023-03-31,-1
2023-10-31,35800,2023-03-31,2,,,,,,,,,,,,,,,,,,,,,,,,,,,,,20.00,,,,43140999,3142027,,false,false,12,2022-04-01,2023-03-31,-1
2023-10-31,35800,2024-03-31,2,,,,,,,,,,,,,,,,,,,,,,,,,,,,,12.00,,,,,,,false,false,12,2023-04-01,2024-03-31,0
2023-10-31,35800,2024-03-31,2,,,,,,,,,,,,,,,,,,,,,,,,,,,,,22.00,,,,,,,false,true,12,2023-04-01,2024-03-31,0
2023-10-31,35800,2024-03-31,2,,,,,,,,,,,,,,,,,,,,,,,,,,,,,,,10.00,2.00,43140999,3086400,40022813,false,false,6,2023-04-01,2023-09-30,0
2023-10-31,35800,2023-03-31,2,,,,,,,,,,,,,,,,,,,,,,,,,,,,,,,,,,,40257929,false,false,6,2022-04-01,2022-09-30,-1
2024-02-02,35800,2024-03-31,3,27146000000,0.020,,,,,1394000000,0.003,2028000000,0.400,,1458000000,,36.42,,,,,,48592000000,37169000000,0.762,924.31,37022000000,,,,,,,,,,,,true,false,9,2023-04-01,2023-12-31,0
2024-02-02,35800,2023-03-31,3,26625000000,0.153,,,,,1389000000,0.222,1448000000,-0.081,,1002000000,,24.94,,,,,,,,,,,,,,,,,,,,,,true,false,9,2022-04-01,2022-12-31,-1
2024-02-02,35800,2024-03-31,3,36500000000,0.030,,,,,1650000000,0.028,2200000000,0.307,,1900000000,,47.45,,,,,,,,,,,,,,,,,,,,,,true,true,12,2023-04-01,2024-03-31,0
2024-02-02,35800,2023-03-31,3,,,,,,,,,,,,,,,,,,,,47548000000,35878000000,0.752,893.80,35751000000,,,,,,,,,,,,true,false,12,2022-04-01,2023-03-31,-1
2024-02-02,35800,2023-03-31,3,,,,,,,,,,,,,,,,,,,,,,,,,,,,,20.00,,,,43140999,3142027,,false,false,12,2022-04-01,2023-03-31,-1
2024-02-02,35800,2024-03-31,3,,,,,,,,,,,,,,,,,,,,,,,,,,,,,12.00,,,,,,,false,false,12,2023-04-01,2024-03-31,0
2024-02-02,35800,2024-03-31,3,,,,,,,,,,,,,,,,,,,,,,,,,,,,,22.00,,,,,,,false,true,12,2023-04-01,2024-03-31,0
2024-02-02,35800,2024-03-31,3,,,,,,,,,,,,,,,,,,,,,,,,,,,,,,,10.00,2.00,43140999,3086442,40032340,false,false,9,2023-04-01,2023-12-31,0
2024-02-02,35800,2023-03-31,3,,,,,,,,,,,,,,,,,,,,,,,,,,,,,,,,,,,40193038,false,false,9,2022-04-01,2022-12-31,-1
2024-05-08,35800,2024-03-31,,36670000000,0.035,,,,,1856000000,0.156,2643000000,0.570,,1843000000,,46.03,,0.050,0.054,0.051,,49998000000,37937000000,0.756,943.89,37807000000,3113000000,-228000000,-906000000,11565000000,,0.478,,,,,,true,false,12,2023-04-01,2024-03-31,0
2024-05-08,35800,2023-03-31,,35438000000,0.127,,,,,1605000000,0.007,1683000000,-0.218,,1118000000,,27.86,,0.031,0.035,0.045,,47548000000,35878000000,0.752,893.80,35751000000,1818000000,-214000000,-1808000000,9457000000,,0.718,,,,,,true,false,12,2022-04-01,2023-03-31,-1
2024-05-08,35800,2025-03-31,,18000000000,0.018,,,,,700000000,-0.050,1050000000,-0.126,,1300000000,,32.46,,,,,,,,,,,,,,,,,,,,,,true,true,6,2024-04-01,2024-09-30,1
2024-05-08,35800,2025-03-31,,38000000000,0.036,,,,,1500000000,-0.192,2200000000,-0.168,,2100000000,,52.43,,,,,,,,,,,,,,,,0.458,,,,,,true,true,12,2024-04-01,2025-03-31,1
2024-05-08,35800,2023-03-31,,,,,,,,,,,,,,,,,,,,,,,,,,,,,,20.00,,,,43140999,3142027,40148260,false,false,12,2022-04-01,2023-03-31,-1
2024-05-08,35800,2024-03-31,,,,,,,,,,,,,,,,,,,,,,,,,,,,,,22.00,,,,43140999,3086630,40037444,false,false,12,2023-04-01,2024-03-31,0
2024-05-08,35800,2025-03-31,,,,,,,,,,,,,,,,,,,,,,,,,,,,,,24.00,,,,,,,false,true,12,2024-04-01,2025-03-31,1
2024-07-31,35800,2025-03-31,1,9489000000,0.073,,,,,565000000,0.531,769000000,0.390,,1084000000,,27.09,,,,,,49876000000,38436000000,0.768,956.22,38300000000,,,,,,,,,,,,true,false,3,2024-04-01,2024-06-30,0
2024-07-31,35800,2024-03-31,1,8844000000,0.058,,,,,369000000,-0.118,553000000,-0.134,,425000000,,10.65,,,,,,,,,,,,,,,,,,,,,,true,false,3,2023-04-01,2023-06-30,-1
2024-07-31,35800,2025-03-31,1,18000000000,0.018,,,,,700000000,-0.050,1050000000,-0.126,,1300000000,,32.46,,,,,,,,,,,,,,,,,,,,,,true,true,6,2024-04-01,2024-09-30,0
2024-07-31,35800,2025-03-31,1,38000000000,0.036,,,,,1500000000,-0.192,2200000000,-0.168,,2100000000,,52.43,,,,,,,,,,,,,,,,,,,,,,true,true,12,2024-04-01,2025-03-31,0
2024-07-31,35800,2024-03-31,1,,,,,,,,,,,,,,,,,,,,49998000000,37937000000,0.756,943.89,37807000000,,,,,,,,,,,,true,false,12,2023-04-01,2024-03-31,-1
2024-07-31,35800,2024-03-31,1,,,,,,,,,,,,,,,,,,,,,,,,,,,,,22.00,,,,43140999,3086630,,false,false,12,2023-04-01,2024-03-31,-1
2024-07-31,35800,2025-03-31,1,,,,,,,,,,,,,,,,,,,,,,,,,,,,,24.00,,,,,,,false,true,12,2024-04-01,2025-03-31,0
2024-07-31,35800,2025-03-31,1,,,,,,,,,,,,,,,,,,,,,,,,,,,,,,,,,43140999,3086630,40054369,false,false,3,2024-04-01,2024-06-30,0
2024-07-31,35800,2024-03-31,1,,,,,,,,,,,,,,,,,,,,,,,,,,,,,,,,,,,39998972,false,false,3,2023-04-01,2023-06-30,-1
2024-09-06,35800,2025-03-31,,19000000000,0.056,,,,,1000000000,0.429,1450000000,0.381,,1650000000,,41.19,,,,,,,,,,,,,,,,,,,,,,true,true,6,2024-04-01,2024-09-30,0
2024-09-06,35800,2024-03-31,,17677000000,,,,,,736000000,,1200000000,,,890000000,,22.25,,,,,,,,,,,,,,,,,,,,,,true,false,6,2023-04-01,2023-09-30,-1
2024-09-06,35800,2025-03-31,,39000000000,0.026,,,,,1800000000,0.200,2600000000,0.182,,2450000000,,61.17,,,,,,,,,,,,,,,,,,,,,,true,true,12,2024-04-01,2025-03-31,0
2024-09-06,35800,2024-03-31,,36670000000,,,,,,1856000000,,2643000000,,,1843000000,,46.03,,,,,,,,,,,,,,,,,,,,,,true,false,12,2023-04-01,2024-03-31,-1
2024-10-30,35800,2025-03-31,2,19113000000,0.081,,,,,1163000000,0.579,1534000000,0.277,,1629000000,,40.67,,,,,,51442000000,39167000000,0.759,972.91,39023000000,,,,,,,,,,,,true,false,6,2024-04-01,2024-09-30,0
2024-10-30,35800,2024-03-31,2,17677000000,0.016,,,,,736000000,-0.230,1200000000,-0.112,,890000000,,22.25,,,,,,,,,,,,,,,,,,,,,,true,false,6,2023-04-01,2023-09-30,-1
2024-10-30,35800,2025-03-31,2,39000000000,0.064,,,,,1900000000,0.024,2700000000,0.021,,2450000000,,61.17,,,,,,,,,,,,,,,,,,,,,,true,true,12,2024-04-01,2025-03-31,0
2024-10-30,35800,2024-03-31,2,,,,,,,,,,,,,,,,,,,,49998000000,37937000000,0.756,943.89,37807000000,,,,,,,,,,,,true,false,12,2023-04-01,2024-03-31,-1
2024-10-30,35800,2024-03-31,2,,,,,,,,,,,,,,,,,,,,,,,,,,,,,22.00,,,,43140999,3086630,,false,false,12,2023-04-01,2024-03-31,-1
2024-10-30,35800,2025-03-31,2,,,,,,,,,,,,,,,,,,,,,,,,,,,,,12.00,,,,,,,false,false,12,2024-04-01,2025-03-31,0
2024-10-30,35800,2025-03-31,2,,,,,,,,,,,,,,,,,,,,,,,,,,,,,24.00,,,,,,,false,true,12,2024-04-01,2025-03-31,0
2024-10-30,35800,2025-03-31,2,,,,,,,,,,,,,,,,,,,,,,,,,,,,,,,,,43140999,3031341,40078065,false,false,6,2024-04-01,2024-09-30,0
2024-10-30,35800,2024-03-31,2,,,,,,,,,,,,,,,,,,,,,,,,,,,,,,,,,,,40022813,false,false,6,2023-04-01,2023-09-30,-1
2025-02-07,35800,2025-03-31,3,29529000000,0.088,,,,,1935000000,0.389,2451000000,0.209,,2665000000,,66.54,,,,,,51600000000,39968000000,0.772,998.17,39820000000,,,,,,,,,,,,true,false,9,2024-04-01,2024-12-31,0
2025-02-07,35800,2024-03-31,3,27146000000,0.020,,,,,1394000000,0.003,2028000000,0.400,,1458000000,,36.42,,,,,,,,,,,,,,,,,,,,,,true,false,9,2023-04-01,2023-12-31,-1
2025-02-07,35800,2025-03-31,3,39000000000,0.064,,,,,2100000000,0.131,2900000000,0.097,,2600000000,,64.92,,,,,,,,,,,,,,,,,,,,,,true,true,12,2024-04-01,2025-03-31,0
2025-02-07,35800,2024-03-31,3,,,,,,,,,,,,,,,,,,,,49998000000,37937000000,0.756,943.89,37807000000,,,,,,,,,,,,true,false,12,2023-04-01,2024-03-31,-1
2025-02-07,35800,2024-03-31,3,,,,,,,,,,,,,,,,,,,,,,,,,,,,,22.00,,,,43140999,3086630,,false,false,12,2023-04-01,2024-03-31,-1
2025-02-07,35800,2025-03-31,3,,,,,,,,,,,,,,,,,,,,,,,,,,,,,12.00,,,,,,,false,false,12,2024-04-01,2025-03-31,0
2025-02-07,35800,2025-03-31,3,,,,,,,,,,,,,,,,,,,,,,,,,,,,,24.00,,,,,,,false,true,12,2024-04-01,2025-03-31,0
2025-02-07,35800,2025-03-31,3,,,,,,,,,,,,,,,,,,,,,,,,,,,,,,,,,43140999,3247996,40050627,false,false,9,2024-04-01,2024-12-31,0
2025-02-07,35800,2024-03-31,3,,,,,,,,,,,,,,,,,,,,,,,,,,,,,,,,,,,40032340,false,false,9,2023-04-01,2023-12-31,-1
2025-05-08,35800,2025-03-31,,39526000000,0.078,,,,,2181000000,0.175,2838000000,0.074,,2934000000,,73.42,,0.076,0.055,0.055,,53026000000,39701000000,0.746,998.19,39558000000,4793000000,-5693000000,-1347000000,9430000000,,0.341,,,,,,true,false,12,2024-04-01,2025-03-31,0
2025-05-08,35800,2024-03-31,,36670000000,0.035,,,,,1856000000,0.156,2643000000,0.570,,1843000000,,46.03,,0.050,0.054,0.051,,49998000000,37937000000,0.756,943.89,37807000000,3113000000,-228000000,-906000000,11565000000,,0.478,,,,,,true,false,12,2023-04-01,2024-03-31,-1
2025-05-08,35800,2026-03-31,,20000000000,0.046,,,,,850000000,-0.269,1100000000,-0.283,,850000000,,21.45,,,,,,,,,,,,,,,,,,,,,,true,true,6,2025-04-01,2025-09-30,1
2025-05-08,35800,2026-03-31,,41000000000,0.037,,,,,2200000000,0.009,2700000000,-0.049,,2100000000,,52.99,,,,,,,,,,,,,,,,0.491,,,,,,true,true,12,2025-04-01,2026-03-31,1
2025-05-08,35800,2024-03-31,,,,,,,,,,,,,,,,,,,,,,,,,,,,,,22.00,,,,43140999,3086630,40037444,false,false,12,2023-04-01,2024-03-31,-1
2025-05-08,35800,2025-03-31,,,,,,,,,,,,,,,,,,,,,,,,,,,,,,25.00,,,,43140999,3510396,39973976,false,false,12,2024-04-01,2025-03-31,0
2025-05-08,35800,2026-03-31,,,,,,,,,,,,,,,,,,,,,,,,,,,,,,26.00,,,,,,,false,true,12,2025-04-01,2026-03-31,1
2025-07-31,35800,2026-03-31,1,10061000000,0.060,,,,,772000000,0.366,956000000,0.243,,677000000,,17.17,,,,,,51786000000,39511000000,0.760,1001.95,39365000000,,,,,,,,,,,,true,false,3,2025-04-01,2025-06-30,0
2025-07-31,35800,2025-03-31,1,9489000000,0.073,,,,,565000000,0.531,769000000,0.390,,1084000000,,27.09,,,,,,,,,,,,,,,,,,,,,,true,false,3,2024-04-01,2024-06-30,-1
2025-07-31,35800,2026-03-31,1,20000000000,0.046,,,,,850000000,-0.269,1100000000,-0.283,,850000000,,21.45,,,,,,,,,,,,,,,,,,,,,,true,true,6,2025-04-01,2025-09-30,0
2025-07-31,35800,2026-03-31,1,41000000000,0.037,,,,,2200000000,0.009,2700000000,-0.049,,2100000000,,52.99,,,,,,,,,,,,,,,,,,,,,,true,true,12,2025-04-01,2026-03-31,0
2025-07-31,35800,2025-03-31,1,,,,,,,,,,,,,,,,,,,,53026000000,39701000000,0.746,998.19,39558000000,,,,,,,,,,,,true,false,12,2024-04-01,2025-03-31,-1
2025-07-31,35800,2025-03-31,1,,,,,,,,,,,,,,,,,,,,,,,,,,,,,25.00,,,,43140999,3510396,,false,false,12,2024-04-01,2025-03-31,-1
2025-07-31,35800,2026-03-31,1,,,,,,,,,,,,,,,,,,,,,,,,,,,,,26.00,,,,,,,false,true,12,2025-04-01,2026-03-31,0
2025-07-31,35800,2026-03-31,1,,,,,,,,,,,,,,,,,,,,,,,,,,,,,,,,,43140999,3851796,39462403,false,false,3,2025-04-01,2025-06-30,0
2025-07-31,35800,2025-03-31,1,,,,,,,,,,,,,,,,,,,,,,,,,,,,,,,,,,,40054369,false,false,3,2024-04-01,2024-06-30,-1
