filing_date,code,fiscal_year_end,quarterly_period,net_sales,net_sales_change,revenue,revenue_change,operating_revenue,operating_revenue_change,operating_profit,operating_profit_change,ordinary_profit,ordinary_profit_change,net_income,net_income_of_parent,net_income_change,eps,diluted_eps,roe,roa,operating_profit_to_net_sales,operating_profit_to_revenue,total_assets,net_assets,equity_ratio,bps,owner_equity,operating_cash_flow,investing_cash_flow,financing_cash_flow,cash,dividend_per_share,payout_ratio,commemorative_dividend,extra_dividend,number_of_shares,number_of_treqsury_shares,avg_number_of_shares,is_consolidated,is_forecast,duration,period_start,period_end,period_pos
2015-05-07,35910,2015-03-31,,191700000000,-0.002,,,,,7000000000,0.207,,,,,,,,,,,,,,,,,,,,,,,,,,,,true,true,12,2014-04-01,2015-03-31,0
2015-05-07,35910,2014-03-31,,193781000000,,,,,,13860000000,,,,,,,,,,,,,,,,,,,,,,,,,,,,,true,false,12,2013-04-01,2014-03-31,-1
2015-05-11,35910,2015-03-31,,191765000000,-0.010,,,,,,,,,,,,,,,,,,300272000000,,,,,14337000000,164000000,-8391000000,38410000000,,0.500,,,,,,true,false,12,2014-04-01,2015-03-31,0
2015-05-11,35910,2014-03-31,,193781000000,0.075,,,,,,,,,,,,,,,,,,271988000000,,,,,8949000000,1658000000,-5554000000,30658000000,,0.460,,,,,,true,false,12,2013-04-01,2014-03-31,-1
2015-05-11,35910,2016-03-31,,106000000000,0.102,,,,,,,,,,,,,,,,,,,,,,,,,,,,,,,,,,true,true,6,2015-04-01,2015-09-30,1
2015-05-11,35910,2016-03-31,,205000000000,0.069,,,,,,,,,,,,,,,,,,,,,,,,,,,,0.465,,,,,,true,true,12,2015-04-01,2016-03-31,1
2015-05-11,35910,2015-03-31,,10898000000,0.215,,,,,7102000000,0.378,7351000000,0.386,-542000000,,,-3.84,,,,,,168762000000,140578000000,0.830,995.48,140205000000,,,,,30.00,,,,143378085,2537276,140839059,false,false,12,2014-04-01,2015-03-31,0
2015-05-11,35910,2014-03-31,,8967000000,0.030,,,,,5150000000,0.058,5301000000,0.159,4955000000,,0.024,35.18,35.10,,,,,177411000000,145605000000,0.818,1031.57,145285000000,,,,,33.00,,,,143378085,2539371,140841722,false,false,12,2013-04-01,2014-03-31,-1
2015-05-11,35910,2016-03-31,,,,,,,,,,,,,,,,,,,,,,,,,,,,,,33.00,,,,,,,false,true,12,2015-04-01,2016-03-31,1
2015-05-11,35910,2015-03-31,,191765000000,-0.010,,,,,,,,,,,,,,,,,,300272000000,,,,,14337000000,164000000,-8391000000,38410000000,,0.500,,,,,,true,false,12,2014-04-01,2015-03-31,0
2015-05-11,35910,2014-03-31,,193781000000,0.075,,,,,,,,,,,,,,,,,,271988000000,,,,,8949000000,1658000000,-5554000000,30658000000,,0.460,,,,,,true,false,12,2013-04-01,2014-03-31,-1
2015-05-11,35910,2016-03-31,,106000000000,0.102,,,,,,,,,,,,,,,,,,,,,,,,,,,,,,,,,,true,true,6,2015-04-01,2015-09-30,1
2015-05-11,35910,2016-03-31,,205000000000,0.069,,,,,,,,,,,,,,,,,,,,,,,,,,,,0.465,,,,,,true,true,12,2015-04-01,2016-03-31,1
2015-05-11,35910,2015-03-31,,10898000000,0.215,,,,,7102000000,0.378,7350000000,0.386,-541000000,,,-3.84,,,,,,168762000000,140578000000,0.830,995.48,140205000000,,,,,30.00,,,,143378085,2537276,140839059,false,false,12,2014-04-01,2015-03-31,0
2015-05-11,35910,2014-03-31,,8967000000,0.030,,,,,5150000000,0.058,5301000000,0.159,4955000000,,0.024,35.18,35.10,,,,,177411000000,145605000000,0.818,1031.57,145285000000,,,,,33.00,,,,143378085,2539371,140841722,false,false,12,2013-04-01,2014-03-31,-1
2015-05-11,35910,2016-03-31,,,,,,,,,,,,,,,,,,,,,,,,,,,,,,33.00,,,,,,,false,true,12,2015-04-01,2016-03-31,1
2015-07-31,35910,2016-03-31,1,49854000000,0.084,,,,,,,,,,,,,,,,,,307074000000,,,,,,,,,,,,,,,,true,false,3,2015-04-01,2015-06-30,0
2015-07-31,35910,2015-03-31,1,46010000000,-0.049,,,,,,,,,,,,,,,,,,,,,,,,,,,,,,,,,,true,false,3,2014-04-01,2014-06-30,-1
2015-07-31,35910,2016-03-31,1,106000000000,0.102,,,,,,,,,,,,,,,,,,,,,,,,,,,,,,,,,,true,true,6,2015-04-01,2015-09-30,0
2015-07-31,35910,2016-03-31,1,205000000000,0.069,,,,,,,,,,,,,,,,,,,,,,,,,,,,,,,,,,true,true,12,2015-04-01,2016-03-31,0
2015-07-31,35910,2015-03-31,1,,,,,,,,,,,,,,,,,,,,300272000000,,,,,,,,,,,,,,,,true,false,12,2014-04-01,2015-03-31,-1
2015-07-31,35910,2015-03-31,1,,,,,,,,,,,,,,,,,,,,,,,,,,,,,30.00,,,,143378085,2537276,,false,false,12,2014-04-01,2015-03-31,-1
2015-07-31,35910,2016-03-31,1,,,,,,,,,,,,,,,,,,,,,,,,,,,,,33.00,,,,,,,false,true,12,2015-04-01,2016-03-31,0
2015-07-31,35910,2016-03-31,1,,,,,,,,,,,,,,,,,,,,,,,,,,,,,,,,,143378085,2538651,140839822,false,false,3,2015-04-01,2015-06-30,0
2015-07-31,35910,2015-03-31,1,,,,,,,,,,,,,,,,,,,,,,,,,,,,,,,,,,,140838676,false,false,3,2014-04-01,2014-06-30,-1
2015-10-30,35910,2016-03-31,2,105715000000,0.099,,,,,,,,,,,,,,,,,,300306000000,,,,,,,,,,,,,,,,true,false,6,2015-04-01,2015-09-30,0
2015-10-30,35910,2015-03-31,2,96190000000,-0.024,,,,,,,,,,,,,,,,,,,,,,,,,,,,,,,,,,true,false,6,2014-04-01,2014-09-30,-1
2015-10-30,35910,2016-03-31,2,205000000000,0.069,,,,,,,,,,,,,,,,,,,,,,,,,,,,,,,,,,true,true,12,2015-04-01,2016-03-31,0
2015-10-30,35910,2015-03-31,2,,,,,,,,,,,,,,,,,,,,300272000000,,,,,,,,,,,,,,,,true,false,12,2014-04-01,2015-03-31,-1
2015-10-30,35910,2015-03-31,2,,,,,,,,,,,,,,,,,,,,,,,,,,,,,30.00,,,,143378085,2537276,,false,false,12,2014-04-01,2015-03-31,-1
2015-10-30,35910,2016-03-31,2,,,,,,,,,,,,,,,,,,,,,,,,,,,,,33.00,,,,,,,false,true,12,2015-04-01,2016-03-31,0
2015-10-30,35910,2016-03-31,2,,,,,,,,,,,,,,,,,,,,,,,,,,,,,,,,,143378085,2539496,140839319,false,false,6,2015-04-01,2015-09-30,0
2015-10-30,35910,2015-03-31,2,,,,,,,,,,,,,,,,,,,,,,,,,,,,,,,,,,,140838532,false,false,6,2014-04-01,2014-09-30,-1
2016-01-29,35910,2016-03-31,3,154017000000,0.070,,,,,,,,,,,,,,,,,,304561000000,,,,,,,,,,,,,,,,true,false,9,2015-04-01,2015-12-31,0
2016-01-29,35910,2015-03-31,3,143980000000,-0.013,,,,,,,,,,,,,,,,,,,,,,,,,,,,,,,,,,true,false,9,2014-04-01,2014-12-31,-1
2016-01-29,35910,2016-03-31,3,205000000000,0.069,,,,,,,,,,,,,,,,,,,,,,,,,,,,,,,,,,true,true,12,2015-04-01,2016-03-31,0
2016-01-29,35910,2015-03-31,3,,,,,,,,,,,,,,,,,,,,300272000000,,,,,,,,,,,,,,,,true,false,12,2014-04-01,2015-03-31,-1
2016-01-29,35910,2015-03-31,3,,,,,,,,,,,,,,,,,,,,,,,,,,,,,30.00,,,,143378085,2537276,,false,false,12,2014-04-01,2015-03-31,-1
2016-01-29,35910,2016-03-31,3,,,,,,,,,,,,,,,,,,,,,,,,,,,,,33.00,,,,,,,false,true,12,2015-04-01,2016-03-31,0
2016-01-29,35910,2016-03-31,3,,,,,,,,,,,,,,,,,,,,,,,,,,,,,,,,,143378085,2534181,140839694,false,false,9,2015-04-01,2015-12-31,0
2016-01-29,35910,2015-03-31,3,,,,,,,,,,,,,,,,,,,,,,,,,,,,,,,,,,,140838338,false,false,9,2014-04-01,2014-12-31,-1
2016-05-09,35910,2016-03-31,,202917000000,0.058,,,,,,,,,,,,,,,,,,292854000000,,,,,12634000000,-11407000000,-4547000000,34059000000,,0.417,,,,,,true,false,12,2015-04-01,2016-03-31,0
2016-05-09,35910,2015-03-31,,191765000000,-0.010,,,,,,,,,,,,,,,,,,300272000000,,,,,14337000000,164000000,-8391000000,38410000000,,0.500,,,,,,true,false,12,2014-04-01,2015-03-31,-1
2016-05-09,35910,2017-03-31,,104000000000,-0.016,,,,,,,,,,,,,,,,,,,,,,,,,,,,,,,,,,true,true,6,2016-04-01,2016-09-30,1
2016-05-09,35910,2017-03-31,,203000000000,0.000,,,,,,,,,,,,,,,,,,,,,,,,,,,,0.465,,,,,,true,true,12,2016-04-01,2017-03-31,1
2016-05-09,35910,2016-03-31,,10934000000,0.003,,,,,7016000000,-0.012,7044000000,-0.041,6739000000,,,47.85,47.69,,,,,163972000000,143135000000,0.870,1013.19,142717000000,,,,,33.00,,,,143378085,2519350,140842184,false,false,12,2015-04-01,2016-03-31,0
2016-05-09,35910,2015-03-31,,10898000000,0.215,,,,,7102000000,0.378,7350000000,0.386,-541000000,,,-3.84,,,,,,168762000000,140578000000,0.830,995.48,140205000000,,,,,30.00,,,,143378085,2537276,140839059,false,false,12,2014-04-01,2015-03-31,-1
2016-05-09,35910,2017-03-31,,,,,,,,,,,,,,,,,,,,,,,,,,,,,,33.00,,,,,,,false,true,12,2016-04-01,2017-03-31,1
2016-05-09,35910,2016-03-31,,202917000000,0.058,,,,,,,,,,,,,,,,,,292854000000,,,,,12635000000,-11407000000,-4547000000,34059000000,,0.417,,,,,,true,false,12,2015-04-01,2016-03-31,0
2016-05-09,35910,2015-03-31,,191765000000,-0.010,,,,,,,,,,,,,,,,,,300272000000,,,,,14337000000,164000000,-8391000000,38410000000,,0.500,,,,,,true,false,12,2014-04-01,2015-03-31,-1
2016-05-09,35910,2017-03-31,,104000000000,-0.016,,,,,,,,,,,,,,,,,,,,,,,,,,,,,,,,,,true,true,6,2016-04-01,2016-09-30,1
2016-05-09,35910,2017-03-31,,203000000000,0.000,,,,,,,,,,,,,,,,,,,,,,,,,,,,0.465,,,,,,true,true,12,2016-04-01,2017-03-31,1
2016-05-09,35910,2016-03-31,,10934000000,0.003,,,,,7016000000,-0.012,7044000000,-0.041,6739000000,,,47.85,47.69,,,,,163972000000,143135000000,0.870,1013.19,142717000000,,,,,33.00,,,,143378085,2519350,140842184,false,false,12,2015-04-01,2016-03-31,0
2016-05-09,35910,2015-03-31,,10898000000,0.215,,,,,7102000000,0.378,7350000000,0.386,-541000000,,,-3.84,,,,,,168762000000,140578000000,0.830,995.48,140205000000,,,,,30.00,,,,143378085,2537276,140839059,false,false,12,2014-04-01,2015-03-31,-1
2016-05-09,35910,2017-03-31,,,,,,,,,,,,,,,,,,,,,,,,,,,,,,33.00,,,,,,,false,true,12,2016-04-01,2017-03-31,1
2016-07-29,35910,2017-03-31,1,48440000000,-0.028,,,,,,,,,,,,,,,,,,286405000000,,,,,,,,,,,,,,,,true,false,3,2016-04-01,2016-06-30,0
2016-07-29,35910,2016-03-31,1,49854000000,0.084,,,,,,,,,,,,,,,,,,,,,,,,,,,,,,,,,,true,false,3,2015-04-01,2015-06-30,-1
2016-07-29,35910,2017-03-31,1,104000000000,-0.016,,,,,,,,,,,,,,,,,,,,,,,,,,,,,,,,,,true,true,6,2016-04-01,2016-09-30,0
2016-07-29,35910,2017-03-31,1,203000000000,0.000,,,,,,,,,,,,,,,,,,,,,,,,,,,,,,,,,,true,true,12,2016-04-01,2017-03-31,0
2016-07-29,35910,2016-03-31,1,,,,,,,,,,,,,,,,,,,,292854000000,,,,,,,,,,,,,,,,true,false,12,2015-04-01,2016-03-31,-1
2016-07-29,35910,2016-03-31,1,,,,,,,,,,,,,,,,,,,,,,,,,,,,,33.00,,,,143378085,2519350,,false,false,12,2015-04-01,2016-03-31,-1
2016-07-29,35910,2017-03-31,1,,,,,,,,,,,,,,,,,,,,,,,,,,,,,33.00,,,,,,,false,true,12,2016-04-01,2017-03-31,0
2016-07-29,35910,2017-03-31,1,,,,,,,,,,,,,,,,,,,,,,,,,,,,,,,,,143378085,3527378,140661785,false,false,3,2016-04-01,2016-06-30,0
2016-07-29,35910,2016-03-31,1,,,,,,,,,,,,,,,,,,,,,,,,,,,,,,,,,,,140839822,false,false,3,2015-04-01,2015-06-30,-1
2016-10-28,35910,2017-03-31,,102400000000,-0.015,,,,,,,,,,,,,,,,,,,,,,,,,,,,,,,,,,true,true,6,2016-04-01,2016-09-30,0
2016-10-28,35910,2016-03-31,,105715000000,,,,,,,,,,,,,,,,,,,,,,,,,,,,,,,,,,,true,false,6,2015-04-01,2015-09-30,-1
2016-10-31,35910,2017-03-31,2,102412000000,-0.031,,,,,,,,,,,,,,,,,,283918000000,,,,,,,,,,,,,,,,true,false,6,2016-04-01,2016-09-30,0
2016-10-31,35910,2016-03-31,2,105715000000,0.099,,,,,,,,,,,,,,,,,,,,,,,,,,,,,,,,,,true,false,6,2015-04-01,2015-09-30,-1
2016-10-31,35910,2017-03-31,2,198000000000,-0.024,,,,,,,,,,,,,,,,,,,,,,,,,,,,,,,,,,true,true,12,2016-04-01,2017-03-31,0
2016-10-31,35910,2016-03-31,2,,,,,,,,,,,,,,,,,,,,292854000000,,,,,,,,,,,,,,,,true,false,12,2015-04-01,2016-03-31,-1
2016-10-31,35910,2016-03-31,2,,,,,,,,,,,,,,,,,,,,,,,,,,,,,33.00,,,,143378085,2519350,,false,false,12,2015-04-01,2016-03-31,-1
2016-10-31,35910,2017-03-31,2,,,,,,,,,,,,,,,,,,,,,,,,,,,,,33.00,,,,,,,false,true,12,2016-04-01,2017-03-31,0
2016-10-31,35910,2017-03-31,2,,,,,,,,,,,,,,,,,,,,,,,,,,,,,,,,,143378085,4788810,139718364,false,false,6,2016-04-01,2016-09-30,0
2016-10-31,35910,2016-03-31,2,,,,,,,,,,,,,,,,,,,,,,,,,,,,,,,,,,,140839319,false,false,6,2015-04-01,2015-09-30,-1
2017-01-31,35910,2017-03-31,3,149019000000,-0.032,,,,,,,,,,,,,,,,,,294994000000,,,,,,,,,,,,,,,,true,false,9,2016-04-01,2016-12-31,0
2017-01-31,35910,2016-03-31,3,154017000000,0.070,,,,,,,,,,,,,,,,,,,,,,,,,,,,,,,,,,true,false,9,2015-04-01,2015-12-31,-1
2017-01-31,35910,2017-03-31,3,198000000000,-0.024,,,,,,,,,,,,,,,,,,,,,,,,,,,,,,,,,,true,true,12,2016-04-01,2017-03-31,0
2017-01-31,35910,2016-03-31,3,,,,,,,,,,,,,,,,,,,,292854000000,,,,,,,,,,,,,,,,true,false,12,2015-04-01,2016-03-31,-1
2017-01-31,35910,2016-03-31,3,,,,,,,,,,,,,,,,,,,,,,,,,,,,,33.00,,,,143378085,2519350,,false,false,12,2015-04-01,2016-03-31,-1
2017-01-31,35910,2017-03-31,3,,,,,,,,,,,,,,,,,,,,,,,,,,,,,33.00,,,,,,,false,true,12,2016-04-01,2017-03-31,0
2017-01-31,35910,2017-03-31,3,,,,,,,,,,,,,,,,,,,,,,,,,,,,,,,,,143378085,4790075,139340406,false,false,9,2016-04-01,2016-12-31,0
2017-01-31,35910,2016-03-31,3,,,,,,,,,,,,,,,,,,,,,,,,,,,,,,,,,,,140839694,false,false,9,2015-04-01,2015-12-31,-1
2017-05-10,35910,2017-03-31,,195881000000,-0.035,,,,,,,,,,,,,,,,,,294958000000,,,,,16351000000,-3032000000,-13055000000,33995000000,,0.399,,,,,,true,false,12,2016-04-01,2017-03-31,0
2017-05-10,35910,2016-03-31,,202917000000,0.058,,,,,,,,,,,,,,,,,,292854000000,,,,,12635000000,-11407000000,-4547000000,34059000000,,0.417,,,,,,true,false,12,2015-04-01,2016-03-31,-1
2017-05-10,35910,2018-03-31,,103000000000,0.006,,,,,,,,,,,,,,,,,,,,,,,,,,,,,,,,,,true,true,6,2017-04-01,2017-09-30,1
2017-05-10,35910,2018-03-31,,200000000000,0.021,,,,,,,,,,,,,,,,,,,,,,,,,,,,0.549,,,,,,true,true,12,2017-04-01,2018-03-31,1
2017-05-10,35910,2017-03-31,,13139000000,0.202,,,,,9241000000,0.317,9215000000,0.308,11453000000,,0.700,82.42,82.16,,,,,165113000000,145496000000,0.879,1057.19,145057000000,,,,,36.00,,,,143378085,6167211,138966630,false,false,12,2016-04-01,2017-03-31,0
2017-05-10,35910,2016-03-31,,10934000000,0.003,,,,,7016000000,-0.012,7044000000,-0.041,6739000000,,,47.85,47.69,,,,,163972000000,143135000000,0.870,1013.19,142717000000,,,,,33.00,,,,143378085,2519350,140842184,false,false,12,2015-04-01,2016-03-31,-1
2017-05-10,35910,2018-03-31,,,,,,,,,,,,,,,,,,,,,,,,,,,,,,36.00,,,,,,,false,true,12,2017-04-01,2018-03-31,1
2017-07-31,35910,2018-03-31,1,48674000000,0.005,,,,,,,,,,,,,,,,,,299065000000,,,,,,,,,,,,,,,,true,false,3,2017-04-01,2017-06-30,0
2017-07-31,35910,2017-03-31,1,48440000000,-0.028,,,,,,,,,,,,,,,,,,,,,,,,,,,,,,,,,,true,false,3,2016-04-01,2016-06-30,-1
2017-07-31,35910,2018-03-31,1,103000000000,0.006,,,,,,,,,,,,,,,,,,,,,,,,,,,,,,,,,,true,true,6,2017-04-01,2017-09-30,0
2017-07-31,35910,2018-03-31,1,200000000000,0.021,,,,,,,,,,,,,,,,,,,,,,,,,,,,,,,,,,true,true,12,2017-04-01,2018-03-31,0
2017-07-31,35910,2017-03-31,1,,,,,,,,,,,,,,,,,,,,294958000000,,,,,,,,,,,,,,,,true,false,12,2016-04-01,2017-03-31,-1
2017-07-31,35910,2017-03-31,1,,,,,,,,,,,,,,,,,,,,,,,,,,,,,36.00,,,,143378085,6167211,,false,false,12,2016-04-01,2017-03-31,-1
2017-07-31,35910,2018-03-31,1,,,,,,,,,,,,,,,,,,,,,,,,,,,,,36.00,,,,,,,false,true,12,2017-04-01,2018-03-31,0
2017-07-31,35910,2018-03-31,1,,,,,,,,,,,,,,,,,,,,,,,,,,,,,,,,,143378085,6455736,137178970,false,false,3,2017-04-01,2017-06-30,0
2017-07-31,35910,2017-03-31,1,,,,,,,,,,,,,,,,,,,,,,,,,,,,,,,,,,,140661785,false,false,3,2016-04-01,2016-06-30,-1
2017-10-31,35910,2018-03-31,2,101976000000,-0.004,,,,,,,,,,,,,,,,,,298743000000,,,,,,,,,,,,,,,,true,false,6,2017-04-01,2017-09-30,0
2017-10-31,35910,2017-03-31,2,102412000000,-0.031,,,,,,,,,,,,,,,,,,,,,,,,,,,,,,,,,,true,false,6,2016-04-01,2016-09-30,-1
2017-10-31,35910,2018-03-31,2,200000000000,0.021,,,,,,,,,,,,,,,,,,,,,,,,,,,,,,,,,,true,true,12,2017-04-01,2018-03-31,0
2017-10-31,35910,2017-03-31,2,,,,,,,,,,,,,,,,,,,,294958000000,,,,,,,,,,,,,,,,true,false,12,2016-04-01,2017-03-31,-1
2017-10-31,35910,2017-03-31,2,,,,,,,,,,,,,,,,,,,,,,,,,,,,,36.00,,,,71689042,3083605,,false,false,12,2016-04-01,2017-03-31,-1
2017-10-31,35910,2018-03-31,2,,,,,,,,,,,,,,,,,,,,,,,,,,,,,18.00,,,,,,,false,false,12,2017-04-01,2018-03-31,0
2017-10-31,35910,2018-03-31,2,,,,,,,,,,,,,,,,,,,,,,,,,,,,,36.00,,,,,,,false,true,12,2017-04-01,2018-03-31,0
2017-10-31,35910,2018-03-31,2,,,,,,,,,,,,,,,,,,,,,,,,,,,,,,,,,71689042,3743438,68303670,false,false,6,2017-04-01,2017-09-30,0
2017-10-31,35910,2017-03-31,2,,,,,,,,,,,,,,,,,,,,,,,,,,,,,,,,,,,69859182,false,false,6,2016-04-01,2016-09-30,-1
2018-01-31,35910,2018-03-31,3,148416000000,-0.004,,,,,,,,,,,,,,,,,,301982000000,,,,,,,,,,,,,,,,true,false,9,2017-04-01,2017-12-31,0
2018-01-31,35910,2017-03-31,3,149019000000,-0.032,,,,,,,,,,,,,,,,,,,,,,,,,,,,,,,,,,true,false,9,2016-04-01,2016-12-31,-1
2018-01-31,35910,2018-03-31,3,200000000000,0.021,,,,,,,,,,,,,,,,,,,,,,,,,,,,,,,,,,true,true,12,2017-04-01,2018-03-31,0
2018-01-31,35910,2017-03-31,3,,,,,,,,,,,,,,,,,,,,294958000000,,,,,,,,,,,,,,,,true,false,12,2016-04-01,2017-03-31,-1
2018-01-31,35910,2017-03-31,3,,,,,,,,,,,,,,,,,,,,,,,,,,,,,36.00,,,,71689042,3083605,,false,false,12,2016-04-01,2017-03-31,-1
2018-01-31,35910,2018-03-31,3,,,,,,,,,,,,,,,,,,,,,,,,,,,,,18.00,,,,,,,false,false,12,2017-04-01,2018-03-31,0
2018-01-31,35910,2018-03-31,3,,,,,,,,,,,,,,,,,,,,,,,,,,,,,36.00,,,,,,,false,true,12,2017-04-01,2018-03-31,0
2018-01-31,35910,2018-03-31,3,,,,,,,,,,,,,,,,,,,,,,,,,,,,,,,,,71689042,4327028,68113218,false,false,9,2017-04-01,2017-12-31,0
2018-01-31,35910,2017-03-31,3,,,,,,,,,,,,,,,,,,,,,,,,,,,,,,,,,,,69670203,false,false,9,2016-04-01,2016-12-31,-1
2018-05-15,35910,2018-03-31,,195725000000,-0.001,,,,,,,,,,,,,,,,,,298534000000,,,,,15493000000,-7362000000,-12303000000,29487000000,,0.502,,,,,,true,false,12,2017-04-01,2018-03-31,0
2018-05-15,35910,2017-03-31,,195881000000,-0.035,,,,,,,,,,,,,,,,,,294958000000,,,,,16351000000,-3032000000,-13055000000,33995000000,,0.399,,,,,,true,false,12,2016-04-01,2017-03-31,-1
2018-05-15,35910,2019-03-31,,103000000000,0.010,,,,,,,,,,,,,,,,,,,,,,,,,,,,,,,,,,true,true,6,2018-04-01,2018-09-30,1
2018-05-15,35910,2019-03-31,,200000000000,0.022,,,,,,,,,,,,,,,,,,,,,,,,,,,,0.485,,,,,,true,true,12,2018-04-01,2019-03-31,1
2018-05-15,35910,2018-03-31,,12644000000,-0.038,,,,,8546000000,-0.075,6308000000,-0.315,6461000000,,-0.436,95.12,94.47,,,,,160140000000,140510000000,0.874,2078.38,140013000000,,,,,36.00,,,,71689042,4322121,67928557,false,false,12,2017-04-01,2018-03-31,0
2018-05-15,35910,2017-03-31,,13139000000,0.202,,,,,9241000000,0.317,9215000000,0.308,11453000000,,0.700,164.85,164.32,,,,,165113000000,145496000000,0.879,2114.38,145057000000,,,,,36.00,,,,71689042,3083605,69483315,false,false,12,2016-04-01,2017-03-31,-1
2018-05-15,35910,2019-03-31,,,,,,,,,,,,,,,,,,,,,,,,,,,,,,72.00,,,,,,,false,true,12,2018-04-01,2019-03-31,1
2018-07-31,35910,2019-03-31,1,49373000000,0.014,,,,,,,,,,,,,,,,,,310463000000,,,,,,,,,,,,,,,,true,false,3,2018-04-01,2018-06-30,0
2018-07-31,35910,2018-03-31,1,48674000000,0.005,,,,,,,,,,,,,,,,,,,,,,,,,,,,,,,,,,true,false,3,2017-04-01,2017-06-30,-1
2018-07-31,35910,2019-03-31,1,103000000000,0.010,,,,,,,,,,,,,,,,,,,,,,,,,,,,,,,,,,true,true,6,2018-04-01,2018-09-30,0
2018-07-31,35910,2019-03-31,1,200000000000,0.022,,,,,,,,,,,,,,,,,,,,,,,,,,,,,,,,,,true,true,12,2018-04-01,2019-03-31,0
2018-07-31,35910,2018-03-31,1,,,,,,,,,,,,,,,,,,,,298534000000,,,,,,,,,,,,,,,,true,false,12,2017-04-01,2018-03-31,-1
2018-07-31,35910,2018-03-31,1,,,,,,,,,,,,,,,,,,,,,,,,,,,,,36.00,,,,71689042,4322121,,false,false,12,2017-04-01,2018-03-31,-1
2018-07-31,35910,2019-03-31,1,,,,,,,,,,,,,,,,,,,,,,,,,,,,,72.00,,,,,,,false,true,12,2018-04-01,2019-03-31,0
2018-07-31,35910,2019-03-31,1,,,,,,,,,,,,,,,,,,,,,,,,,,,,,,,,,70689042,3732609,67254020,false,false,3,2018-04-01,2018-06-30,0
2018-07-31,35910,2018-03-31,1,,,,,,,,,,,,,,,,,,,,,,,,,,,,,,,,,,,68589485,false,false,3,2017-04-01,2017-06-30,-1
2018-10-31,35910,2019-03-31,2,101815000000,-0.002,,,,,,,,,,,,,,,,,,309986000000,,,,,,,,,,,,,,,,true,false,6,2018-04-01,2018-09-30,0
2018-10-31,35910,2018-03-31,2,101976000000,-0.004,,,,,,,,,,,,,,,,,,,,,,,,,,,,,,,,,,true,false,6,2017-04-01,2017-09-30,-1
2018-10-31,35910,2019-03-31,2,200000000000,0.022,,,,,,,,,,,,,,,,,,,,,,,,,,,,,,,,,,true,true,12,2018-04-01,2019-03-31,0
2018-10-31,35910,2018-03-31,2,,,,,,,,,,,,,,,,,,,,298534000000,,,,,,,,,,,,,,,,true,false,12,2017-04-01,2018-03-31,-1
2018-10-31,35910,2018-03-31,2,,,,,,,,,,,,,,,,,,,,,,,,,,,,,36.00,,,,71689042,4322121,,false,false,12,2017-04-01,2018-03-31,-1
2018-10-31,35910,2019-03-31,2,,,,,,,,,,,,,,,,,,,,,,,,,,,,,36.00,,,,,,,false,false,12,2018-04-01,2019-03-31,0
2018-10-31,35910,2019-03-31,2,,,,,,,,,,,,,,,,,,,,,,,,,,,,,72.00,,,,,,,false,true,12,2018-04-01,2019-03-31,0
2018-10-31,35910,2019-03-31,2,,,,,,,,,,,,,,,,,,,,,,,,,,,,,,,,,70689042,4410145,66866299,false,false,6,2018-04-01,2018-09-30,0
2018-10-31,35910,2018-03-31,2,,,,,,,,,,,,,,,,,,,,,,,,,,,,,,,,,,,68303670,false,false,6,2017-04-01,2017-09-30,-1
2019-01-31,35910,2019-03-31,3,147247000000,-0.008,,,,,,,,,,,,,,,,,,291224000000,,,,,,,,,,,,,,,,true,false,9,2018-04-01,2018-12-31,0
2019-01-31,35910,2018-03-31,3,148416000000,-0.004,,,,,,,,,,,,,,,,,,,,,,,,,,,,,,,,,,true,false,9,2017-04-01,2017-12-31,-1
2019-01-31,35910,2019-03-31,3,200000000000,0.022,,,,,,,,,,,,,,,,,,,,,,,,,,,,,,,,,,true,true,12,2018-04-01,2019-03-31,0
2019-01-31,35910,2018-03-31,3,,,,,,,,,,,,,,,,,,,,298534000000,,,,,,,,,,,,,,,,true,false,12,2017-04-01,2018-03-31,-1
2019-01-31,35910,2018-03-31,3,,,,,,,,,,,,,,,,,,,,,,,,,,,,,36.00,,,,71689042,4322121,,false,false,12,2017-04-01,2018-03-31,-1
2019-01-31,35910,2019-03-31,3,,,,,,,,,,,,,,,,,,,,,,,,,,,,,36.00,,,,,,,false,false,12,2018-04-01,2019-03-31,0
2019-01-31,35910,2019-03-31,3,,,,,,,,,,,,,,,,,,,,,,,,,,,,,72.00,,,,,,,false,true,12,2018-04-01,2019-03-31,0
2019-01-31,35910,2019-03-31,3,,,,,,,,,,,,,,,,,,,,,,,,,,,,,,,,,70689042,5522453,66461009,false,false,9,2018-04-01,2018-12-31,0
2019-01-31,35910,2018-03-31,3,,,,,,,,,,,,,,,,,,,,,,,,,,,,,,,,,,,68113218,false,false,9,2017-04-01,2017-12-31,-1
2019-05-10,35910,2019-03-31,,194000000000,-0.030,,,,,,,,,,,,,,,,,,,,,,,,,,,,,,,,,,true,true,12,2018-04-01,2019-03-31,0
2019-05-10,35910,2018-03-31,,195725000000,,,,,,,,,,,,,,,,,,,,,,,,,,,,,,,,,,,true,false,12,2017-04-01,2018-03-31,-1
2019-05-15,35910,2019-03-31,,194201000000,-0.008,,,,,,,,,,,,,,,,,,281767000000,,,,,13620000000,-2474000000,-10872000000,30133000000,,13.953,,,,,,true,false,12,2018-04-01,2019-03-31,0
2019-05-15,35910,2018-03-31,,195725000000,-0.001,,,,,,,,,,,,,,,,,,298534000000,,,,,15493000000,-7362000000,-12303000000,29487000000,,0.502,,,,,,true,false,12,2017-04-01,2018-03-31,-1
2019-05-15,35910,2020-03-31,,200000000000,0.030,,,,,,,,,,,,,,,,,,,,,,,,,,,,0.579,,,,,,true,true,12,2019-04-01,2020-03-31,1
2019-05-15,35910,2019-03-31,,15715000000,0.243,,,,,11792000000,0.380,11255000000,0.784,5968000000,,-0.076,90.24,89.91,,,,,154554000000,134813000000,0.869,2060.13,134275000000,,,,,72.00,,,,70689042,5510891,66143405,false,false,12,2018-04-01,2019-03-31,0
2019-05-15,35910,2018-03-31,,12644000000,-0.038,,,,,8546000000,-0.075,6308000000,-0.315,6461000000,,-0.436,95.12,94.47,,,,,160086000000,140510000000,0.875,2078.38,140013000000,,,,,36.00,,,,71689042,4322121,67928557,false,false,12,2017-04-01,2018-03-31,-1
2019-05-15,35910,2020-03-31,,,,,,,,,,,,,,,,,,,,,,,,,,,,,,80.00,,,,,,,false,true,12,2019-04-01,2020-03-31,1
2019-07-30,35910,2020-03-31,1,47313000000,-0.042,,,,,,,,,,,,,,,,,,291142000000,,,,,,,,,,,,,,,,true,false,3,2019-04-01,2019-06-30,0
2019-07-30,35910,2019-03-31,1,49373000000,0.014,,,,,,,,,,,,,,,,,,,,,,,,,,,,,,,,,,true,false,3,2018-04-01,2018-06-30,-1
2019-07-30,35910,2020-03-31,1,200000000000,0.030,,,,,,,,,,,,,,,,,,,,,,,,,,,,,,,,,,true,true,12,2019-04-01,2020-03-31,0
2019-07-30,35910,2019-03-31,1,,,,,,,,,,,,,,,,,,,,281767000000,,,,,,,,,,,,,,,,true,false,12,2018-04-01,2019-03-31,-1
2019-07-30,35910,2019-03-31,1,,,,,,,,,,,,,,,,,,,,,,,,,,,,,72.00,,,,70689042,5510891,,false,false,12,2018-04-01,2019-03-31,-1
2019-07-30,35910,2020-03-31,1,,,,,,,,,,,,,,,,,,,,,,,,,,,,,80.00,,,,,,,false,true,12,2019-04-01,2020-03-31,0
2019-07-30,35910,2020-03-31,1,,,,,,,,,,,,,,,,,,,,,,,,,,,,,,,,,68589042,3911253,65025473,false,false,3,2019-04-01,2019-06-30,0
2019-07-30,35910,2019-03-31,1,,,,,,,,,,,,,,,,,,,,,,,,,,,,,,,,,,,67254020,false,false,3,2018-04-01,2018-06-30,-1
2019-10-31,35910,2020-03-31,2,101450000000,-0.004,,,,,,,,,,,,,,,,,,296674000000,,,,,,,,,,,,,,,,true,false,6,2019-04-01,2019-09-30,0
2019-10-31,35910,2019-03-31,2,101815000000,-0.002,,,,,,,,,,,,,,,,,,,,,,,,,,,,,,,,,,true,false,6,2018-04-01,2018-09-30,-1
2019-10-31,35910,2020-03-31,2,200000000000,0.030,,,,,,,,,,,,,,,,,,,,,,,,,,,,,,,,,,true,true,12,2019-04-01,2020-03-31,0
2019-10-31,35910,2019-03-31,2,,,,,,,,,,,,,,,,,,,,281767000000,,,,,,,,,,,,,,,,true,false,12,2018-04-01,2019-03-31,-1
2019-10-31,35910,2019-03-31,2,,,,,,,,,,,,,,,,,,,,,,,,,,,,,72.00,,,,70689042,5510891,,false,false,12,2018-04-01,2019-03-31,-1
2019-10-31,35910,2020-03-31,2,,,,,,,,,,,,,,,,,,,,,,,,,,,,,40.00,,,,,,,false,false,12,2019-04-01,2020-03-31,0
2019-10-31,35910,2020-03-31,2,,,,,,,,,,,,,,,,,,,,,,,,,,,,,80.00,,,,,,,false,true,12,2019-04-01,2020-03-31,0
2019-10-31,35910,2020-03-31,2,,,,,,,,,,,,,,,,,,,,,,,,,,,,,,,,,68589042,4580395,64694162,false,false,6,2019-04-01,2019-09-30,0
2019-10-31,35910,2019-03-31,2,,,,,,,,,,,,,,,,,,,,,,,,,,,,,,,,,,,66866299,false,false,6,2018-04-01,2018-09-30,-1
2020-01-31,35910,2020-03-31,3,144031000000,-0.022,,,,,,,,,,,,,,,,,,293633000000,,,,,,,,,,,,,,,,true,false,9,2019-04-01,2019-12-31,0
2020-01-31,35910,2019-03-31,3,147247000000,-0.008,,,,,,,,,,,,,,,,,,,,,,,,,,,,,,,,,,true,false,9,2018-04-01,2018-12-31,-1
2020-01-31,35910,2020-03-31,3,191000000000,-0.016,,,,,,,,,,,,,,,,,,,,,,,,,,,,,,,,,,true,true,12,2019-04-01,2020-03-31,0
2020-01-31,35910,2019-03-31,3,,,,,,,,,,,,,,,,,,,,281767000000,,,,,,,,,,,,,,,,true,false,12,2018-04-01,2019-03-31,-1
2020-01-31,35910,2019-03-31,3,,,,,,,,,,,,,,,,,,,,,,,,,,,,,72.00,,,,70689042,5510891,,false,false,12,2018-04-01,2019-03-31,-1
2020-01-31,35910,2020-03-31,3,,,,,,,,,,,,,,,,,,,,,,,,,,,,,40.00,,,,,,,false,false,12,2019-04-01,2020-03-31,0
2020-01-31,35910,2020-03-31,3,,,,,,,,,,,,,,,,,,,,,,,,,,,,,80.00,,,,,,,false,true,12,2019-04-01,2020-03-31,0
2020-01-31,35910,2020-03-31,3,,,,,,,,,,,,,,,,,,,,,,,,,,,,,,,,,68589042,5232292,64348678,false,false,9,2019-04-01,2019-12-31,0
2020-01-31,35910,2019-03-31,3,,,,,,,,,,,,,,,,,,,,,,,,,,,,,,,,,,,66461009,false,false,9,2018-04-01,2018-12-31,-1
2020-05-12,35910,2020-03-31,,186000000000,-0.026,,,,,,,,,,,,,,,,,,,,,,,,,,,,,,,,,,true,true,12,2019-04-01,2020-03-31,0
2020-05-12,35910,2019-03-31,,194201000000,,,,,,,,,,,,,,,,,,,,,,,,,,,,,,,,,,,true,false,12,2018-04-01,2019-03-31,-1
2020-05-15,35910,2020-03-31,,186760000000,-0.038,,,,,,,,,,,,,,,,,,277688000000,,,,,13325000000,2569000000,-17471000000,27905000000,,1.106,,,,,,true,false,12,2019-04-01,2020-03-31,0
2020-05-15,35910,2019-03-31,,194201000000,-0.008,,,,,,,,,,,,,,,,,,281767000000,,,,,13620000000,-2474000000,-10872000000,30133000000,,13.953,,,,,,true,false,12,2018-04-01,2019-03-31,-1
2020-05-15,35910,2020-03-31,,13346000000,-0.151,,,,,9371000000,-0.205,9111000000,-0.190,8762000000,,0.468,136.93,136.39,,,,,156000000000,130996000000,0.836,2090.11,130428000000,,,,,60.00,,,,68589042,6186410,63989561,false,false,12,2019-04-01,2020-03-31,0
2020-05-15,35910,2019-03-31,,15715000000,0.243,,,,,11792000000,0.380,11255000000,0.784,5968000000,,-0.076,90.24,89.91,,,,,154554000000,134813000000,0.869,2060.13,134275000000,,,,,72.00,,,,70689042,5510891,66143405,false,false,12,2018-04-01,2019-03-31,-1
2020-07-31,35910,2021-03-31,1,28551000000,-0.397,,,,,,,,,,,,,,,,,,298280000000,,,,,,,,,,,,,,,,true,false,3,2020-04-01,2020-06-30,0
2020-07-31,35910,2020-03-31,1,47313000000,-0.042,,,,,,,,,,,,,,,,,,,,,,,,,,,,,,,,,,true,false,3,2019-04-01,2019-06-30,-1
2020-07-31,35910,2021-03-31,1,70500000000,-0.305,,,,,,,,,,,,,,,,,,,,,,,,,,,,,,,,,,true,true,6,2020-04-01,2020-09-30,0
2020-07-31,35910,2021-03-31,1,158000000000,-0.154,,,,,,,,,,,,,,,,,,,,,,,,,,,,,,,,,,true,true,12,2020-04-01,2021-03-31,0
2020-07-31,35910,2020-03-31,1,,,,,,,,,,,,,,,,,,,,277688000000,,,,,,,,,,,,,,,,true,false,12,2019-04-01,2020-03-31,-1
2020-07-31,35910,2020-03-31,1,,,,,,,,,,,,,,,,,,,,,,,,,,,,,60.00,,,,68589042,6186410,,false,false,12,2019-04-01,2020-03-31,-1
2020-07-31,35910,2021-03-31,1,,,,,,,,,,,,,,,,,,,,,,,,,,,,,40.00,,,,,,,false,true,12,2020-04-01,2021-03-31,0
2020-07-31,35910,2021-03-31,1,,,,,,,,,,,,,,,,,,,,,,,,,,,,,,,,,65589042,3186454,62402618,false,false,3,2020-04-01,2020-06-30,0
2020-07-31,35910,2020-03-31,1,,,,,,,,,,,,,,,,,,,,,,,,,,,,,,,,,,,65025473,false,false,3,2019-04-01,2019-06-30,-1
2020-07-31,35910,2021-03-31,1,28551000000,-0.397,,,,,,,,,,,,,,,,,,298280000000,,,,,,,,,,,,,,,,true,false,3,2020-04-01,2020-06-30,0
2020-07-31,35910,2020-03-31,1,47313000000,-0.042,,,,,,,,,,,,,,,,,,,,,,,,,,,,,,,,,,true,false,3,2019-04-01,2019-06-30,-1
2020-07-31,35910,2021-03-31,1,70500000000,-0.305,,,,,,,,,,,,,,,,,,,,,,,,,,,,,,,,,,true,true,6,2020-04-01,2020-09-30,0
2020-07-31,35910,2021-03-31,1,158000000000,-0.154,,,,,,,,,,,,,,,,,,,,,,,,,,,,,,,,,,true,true,12,2020-04-01,2021-03-31,0
2020-07-31,35910,2020-03-31,1,,,,,,,,,,,,,,,,,,,,277688000000,,,,,,,,,,,,,,,,true,false,12,2019-04-01,2020-03-31,-1
2020-07-31,35910,2020-03-31,1,,,,,,,,,,,,,,,,,,,,,,,,,,,,,60.00,,,,68589042,6186410,,false,false,12,2019-04-01,2020-03-31,-1
2020-07-31,35910,2021-03-31,1,,,,,,,,,,,,,,,,,,,,,,,,,,,,,40.00,,,,,,,false,true,12,2020-04-01,2021-03-31,0
2020-07-31,35910,2021-03-31,1,,,,,,,,,,,,,,,,,,,,,,,,,,,,,,,,,65589042,3186454,62402618,false,false,3,2020-04-01,2020-06-30,0
2020-07-31,35910,2020-03-31,1,,,,,,,,,,,,,,,,,,,,,,,,,,,,,,,,,,,65025473,false,false,3,2019-04-01,2019-06-30,-1
2020-10-30,35910,2021-03-31,2,73155000000,-0.279,,,,,,,,,,,,,,,,,,308760000000,,,,,,,,,,,,,,,,true,false,6,2020-04-01,2020-09-30,0
2020-10-30,35910,2020-03-31,2,101450000000,-0.004,,,,,,,,,,,,,,,,,,,,,,,,,,,,,,,,,,true,false,6,2019-04-01,2019-09-30,-1
2020-10-30,35910,2021-03-31,2,156000000000,-0.165,,,,,,,,,,,,,,,,,,,,,,,,,,,,,,,,,,true,true,12,2020-04-01,2021-03-31,0
2020-10-30,35910,2020-03-31,2,,,,,,,,,,,,,,,,,,,,277688000000,,,,,,,,,,,,,,,,true,false,12,2019-04-01,2020-03-31,-1
2020-10-30,35910,2020-03-31,2,,,,,,,,,,,,,,,,,,,,,,,,,,,,,60.00,,,,68589042,6186410,,false,false,12,2019-04-01,2020-03-31,-1
2020-10-30,35910,2021-03-31,2,,,,,,,,,,,,,,,,,,,,,,,,,,,,,20.00,,,,,,,false,false,12,2020-04-01,2021-03-31,0
2020-10-30,35910,2021-03-31,2,,,,,,,,,,,,,,,,,,,,,,,,,,,,,40.00,,,,,,,false,true,12,2020-04-01,2021-03-31,0
2020-10-30,35910,2021-03-31,2,,,,,,,,,,,,,,,,,,,,,,,,,,,,,,,,,65589042,3185075,62403282,false,false,6,2020-04-01,2020-09-30,0
2020-10-30,35910,2020-03-31,2,,,,,,,,,,,,,,,,,,,,,,,,,,,,,,,,,,,64694162,false,false,6,2019-04-01,2019-09-30,-1
2021-01-29,35910,2021-03-31,3,114901000000,-0.202,,,,,,,,,,,,,,,,,,314471000000,,,,,,,,,,,,,,,,true,false,9,2020-04-01,2020-12-31,0
2021-01-29,35910,2020-03-31,3,144031000000,-0.022,,,,,,,,,,,,,,,,,,,,,,,,,,,,,,,,,,true,false,9,2019-04-01,2019-12-31,-1
2021-01-29,35910,2021-03-31,3,156000000000,-0.165,,,,,,,,,,,,,,,,,,,,,,,,,,,,,,,,,,true,true,12,2020-04-01,2021-03-31,0
2021-01-29,35910,2020-03-31,3,,,,,,,,,,,,,,,,,,,,277688000000,,,,,,,,,,,,,,,,true,false,12,2019-04-01,2020-03-31,-1
2021-01-29,35910,2020-03-31,3,,,,,,,,,,,,,,,,,,,,,,,,,,,,,60.00,,,,68589042,6186410,,false,false,12,2019-04-01,2020-03-31,-1
2021-01-29,35910,2021-03-31,3,,,,,,,,,,,,,,,,,,,,,,,,,,,,,20.00,,,,,,,false,false,12,2020-04-01,2021-03-31,0
2021-01-29,35910,2021-03-31,3,,,,,,,,,,,,,,,,,,,,,,,,,,,,,40.00,,,,,,,false,true,12,2020-04-01,2021-03-31,0
2021-01-29,35910,2021-03-31,3,,,,,,,,,,,,,,,,,,,,,,,,,,,,,,,,,65589042,3181704,62403898,false,false,9,2020-04-01,2020-12-31,0
2021-01-29,35910,2020-03-31,3,,,,,,,,,,,,,,,,,,,,,,,,,,,,,,,,,,,64348678,false,false,9,2019-04-01,2019-12-31,-1
2021-05-11,35910,2021-03-31,,152000000000,-0.026,,,,,,,,,,,,,,,,,,,,,,,,,,,,,,,,,,true,true,12,2020-04-01,2021-03-31,0
2021-05-11,35910,2020-03-31,,186760000000,,,,,,,,,,,,,,,,,,,,,,,,,,,,,,,,,,,true,false,12,2019-04-01,2020-03-31,-1
2021-05-14,35910,2021-03-31,,152204000000,-0.185,,,,,,,,,,,,,,,,,,322761000000,,,,,4260000000,-2562000000,33605000000,63557000000,,0.355,,,,,,true,false,12,2020-04-01,2021-03-31,0
2021-05-14,35910,2020-03-31,,186760000000,-0.038,,,,,,,,,,,,,,,,,,277688000000,,,,,13325000000,2569000000,-17471000000,27905000000,,1.106,,,,,,true,false,12,2019-04-01,2020-03-31,-1
2021-05-14,35910,2022-03-31,,184000000000,0.209,,,,,,,,,,,,,,,,,,,,,,,,,,,,0.567,,,,,,true,true,12,2021-04-01,2022-03-31,1
2021-05-14,35910,2021-03-31,,16429000000,0.231,,,,,12749000000,0.360,12048000000,0.322,11544000000,,0.317,184.98,184.16,,,,,191737000000,140106000000,0.728,2235.07,139514000000,,,,,40.00,,,,65589042,3168353,62406826,false,false,12,2020-04-01,2021-03-31,0
2021-05-14,35910,2020-03-31,,13346000000,-0.151,,,,,9371000000,-0.205,9111000000,-0.190,8762000000,,0.468,136.93,136.39,,,,,156000000000,130996000000,0.836,2090.11,130428000000,,,,,60.00,,,,68589042,6186410,63989561,false,false,12,2019-04-01,2020-03-31,-1
2021-05-14,35910,2022-03-31,,,,,,,,,,,,,,,,,,,,,,,,,,,,,,50.00,,,,,,,false,true,12,2021-04-01,2022-03-31,1
2021-07-30,35910,2022-03-31,1,42305000000,0.482,,,,,,,,,,,,,,,,,,301255000000,,,,,,,,,,,,,,,,true,false,3,2021-04-01,2021-06-30,0
2021-07-30,35910,2021-03-31,1,28551000000,-0.397,,,,,,,,,,,,,,,,,,,,,,,,,,,,,,,,,,true,false,3,2020-04-01,2020-06-30,-1
2021-07-30,35910,2022-03-31,1,184000000000,0.209,,,,,,,,,,,,,,,,,,,,,,,,,,,,,,,,,,true,true,12,2021-04-01,2022-03-31,0
2021-07-30,35910,2021-03-31,1,,,,,,,,,,,,,,,,,,,,322761000000,,,,,,,,,,,,,,,,true,false,12,2020-04-01,2021-03-31,-1
2021-07-30,35910,2021-03-31,1,,,,,,,,,,,,,,,,,,,,,,,,,,,,,40.00,,,,65589042,3168353,,false,false,12,2020-04-01,2021-03-31,-1
2021-07-30,35910,2022-03-31,1,,,,,,,,,,,,,,,,,,,,,,,,,,,,,50.00,,,,,,,false,true,12,2021-04-01,2022-03-31,0
2021-07-30,35910,2022-03-31,1,,,,,,,,,,,,,,,,,,,,,,,,,,,,,,,,,65589042,3159967,62424862,false,false,3,2021-04-01,2021-06-30,0
2021-07-30,35910,2021-03-31,1,,,,,,,,,,,,,,,,,,,,,,,,,,,,,,,,,,,62402618,false,false,3,2020-04-01,2020-06-30,-1
2021-10-29,35910,2022-03-31,2,87419000000,0.195,,,,,,,,,,,,,,,,,,303935000000,,,,,,,,,,,,,,,,true,false,6,2021-04-01,2021-09-30,0
2021-10-29,35910,2021-03-31,2,73155000000,-0.279,,,,,,,,,,,,,,,,,,,,,,,,,,,,,,,,,,true,false,6,2020-04-01,2020-09-30,-1
2021-10-29,35910,2022-03-31,2,184000000000,0.209,,,,,,,,,,,,,,,,,,,,,,,,,,,,,,,,,,true,true,12,2021-04-01,2022-03-31,0
2021-10-29,35910,2021-03-31,2,,,,,,,,,,,,,,,,,,,,322761000000,,,,,,,,,,,,,,,,true,false,12,2020-04-01,2021-03-31,-1
2021-10-29,35910,2021-03-31,2,,,,,,,,,,,,,,,,,,,,,,,,,,,,,40.00,,,,65589042,3168353,,false,false,12,2020-04-01,2021-03-31,-1
2021-10-29,35910,2022-03-31,2,,,,,,,,,,,,,,,,,,,,,,,,,,,,,20.00,,,,,,,false,false,12,2021-04-01,2022-03-31,0
2021-10-29,35910,2022-03-31,2,,,,,,,,,,,,,,,,,,,,,,,,,,,,,50.00,,,,,,,false,true,12,2021-04-01,2022-03-31,0
2021-10-29,35910,2022-03-31,2,,,,,,,,,,,,,,,,,,,,,,,,,,,,,,,,,65589042,3132525,62438539,false,false,6,2021-04-01,2021-09-30,0
2021-10-29,35910,2021-03-31,2,,,,,,,,,,,,,,,,,,,,,,,,,,,,,,,,,,,62403282,false,false,6,2020-04-01,2020-09-30,-1
2022-01-31,35910,2022-03-31,3,130187000000,0.133,,,,,,,,,,,,,,,,,,298959000000,,,,,,,,,,,,,,,,true,false,9,2021-04-01,2021-12-31,0
2022-01-31,35910,2021-03-31,3,114901000000,-0.202,,,,,,,,,,,,,,,,,,,,,,,,,,,,,,,,,,true,false,9,2020-04-01,2020-12-31,-1
2022-01-31,35910,2022-03-31,3,184000000000,0.209,,,,,,,,,,,,,,,,,,,,,,,,,,,,,,,,,,true,true,12,2021-04-01,2022-03-31,0
2022-01-31,35910,2021-03-31,3,,,,,,,,,,,,,,,,,,,,322761000000,,,,,,,,,,,,,,,,true,false,12,2020-04-01,2021-03-31,-1
2022-01-31,35910,2021-03-31,3,,,,,,,,,,,,,,,,,,,,,,,,,,,,,40.00,,,,65589042,3168353,,false,false,12,2020-04-01,2021-03-31,-1
2022-01-31,35910,2022-03-31,3,,,,,,,,,,,,,,,,,,,,,,,,,,,,,20.00,,,,,,,false,false,12,2021-04-01,2022-03-31,0
2022-01-31,35910,2022-03-31,3,,,,,,,,,,,,,,,,,,,,,,,,,,,,,50.00,,,,,,,false,true,12,2021-04-01,2022-03-31,0
2022-01-31,35910,2022-03-31,3,,,,,,,,,,,,,,,,,,,,,,,,,,,,,,,,,65589042,3410985,62424097,false,false,9,2021-04-01,2021-12-31,0
2022-01-31,35910,2021-03-31,3,,,,,,,,,,,,,,,,,,,,,,,,,,,,,,,,,,,62403898,false,false,9,2020-04-01,2020-12-31,-1
2022-05-13,35910,2022-03-31,,172860000000,0.136,,,,,,,,,,,,,,,,,,303245000000,,,,,13008000000,-3096000000,-36349000000,37982000000,,0.675,,,,,,true,false,12,2021-04-01,2022-03-31,0
2022-05-13,35910,2021-03-31,,152204000000,-0.185,,,,,,,,,,,,,,,,,,322761000000,,,,,4260000000,-2562000000,33605000000,63557000000,,0.355,,,,,,true,false,12,2020-04-01,2021-03-31,-1
2022-05-13,35910,2022-03-31,,6196000000,-0.623,,,,,2299000000,-0.820,1682000000,-0.860,2749000000,,-0.762,44.18,43.99,,,,,165180000000,138332000000,0.834,2241.50,137758000000,,,,,50.00,,,,65589042,4130773,62234734,false,false,12,2021-04-01,2022-03-31,0
2022-05-13,35910,2021-03-31,,16429000000,0.231,,,,,12749000000,0.360,12048000000,0.322,11544000000,,0.317,184.98,184.16,,,,,191737000000,140106000000,0.728,2235.07,139514000000,,,,,40.00,,,,65589042,3168353,62406826,false,false,12,2020-04-01,2021-03-31,-1
2022-05-13,35910,2023-03-31,,,,,,,,4500000000,,,,,3600000000,,58.58,,,,,,,,,,,,,,,,,,,,,,true,true,6,2022-04-01,2022-09-30,1
2022-05-13,35910,2023-03-31,,,,,,,,6500000000,,,,,5500000000,,89.49,,,,,,,,,,,,,,,,0.894,,,,,,true,true,12,2022-04-01,2023-03-31,1
2022-05-13,35910,2023-03-31,,,,,,,,,,,,,,,,,,,,,,,,,,,,,,80.00,,,,,,,false,true,12,2022-04-01,2023-03-31,1
2022-08-10,3591,2023-03-31,1,,,,,,,2469000000,0.005,,,,2404000000,,39.17,39.01,,,,,305330000000,,,,,,,,,,,,,,,,true,false,3,2022-04-01,2022-06-30,0
2022-08-10,3591,2022-03-31,1,,,,,,,2456000000,,,,,1627000000,,26.06,25.95,,,,,,,,,,,,,,,,,,,,,true,false,3,2021-04-01,2021-06-30,-1
2022-08-10,3591,2023-03-31,1,,,,,,,4500000000,-0.025,,,,3600000000,,58.66,,,,,,,,,,,,,,,,,,,,,,true,true,6,2022-04-01,2022-09-30,0
2022-08-10,3591,2023-03-31,1,,,,,,,6500000000,0.975,,,,5500000000,,89.62,,,,,,,,,,,,,,,,,,,,,,true,true,12,2022-04-01,2023-03-31,0
2022-08-10,3591,2022-03-31,1,,,,,,,,,,,,,,,,,,,,299177000000,,,,,,,,,,,,,,,,true,false,12,2021-04-01,2022-03-31,-1
2022-08-10,3591,2022-03-31,1,,,,,,,,,,,,,,,,,,,,,,,,,,,,,50.00,,,,65589042,4130773,,false,false,12,2021-04-01,2022-03-31,-1
2022-08-10,3591,2023-03-31,1,,,,,,,,,,,,,,,,,,,,,,,,,,,,,80.00,,,,,,,false,true,12,2022-04-01,2023-03-31,0
2022-08-10,3591,2023-03-31,1,,,,,,,,,,,,,,,,,,,,,,,,,,,,,,,,,64500000,3534182,61372313,false,false,3,2022-04-01,2022-06-30,0
2022-08-10,3591,2022-03-31,1,,,,,,,,,,,,,,,,,,,,,,,,,,,,,,,,,,,62424862,false,false,3,2021-04-01,2021-06-30,-1
2022-11-11,3591,2023-03-31,2,,,,,,,4001000000,-0.133,,,,4201000000,,68.91,68.62,,,,,302426000000,,,,,,,,,,,,,,,,true,false,6,2022-04-01,2022-09-30,0
2022-11-11,3591,2022-03-31,2,,,,,,,4617000000,,,,,3435000000,,55.01,54.78,,,,,,,,,,,,,,,,,,,,,true,false,6,2021-04-01,2021-09-30,-1
2022-11-11,3591,2023-03-31,2,,,,,,,8000000000,1.431,,,,8000000000,,131.22,,,,,,,,,,,,,,,,,,,,,,true,true,12,2022-04-01,2023-03-31,0
2022-11-11,3591,2022-03-31,2,,,,,,,,,,,,,,,,,,,,299177000000,,,,,,,,,,,,,,,,true,false,12,2021-04-01,2022-03-31,-1
2022-11-11,3591,2022-03-31,2,,,,,,,,,,,,,,,,,,,,,,,,,,,,,50.00,,,,65589042,4130773,,false,false,12,2021-04-01,2022-03-31,-1
2022-11-11,3591,2023-03-31,2,,,,,,,,,,,,,,,,,,,,,,,,,,,,,40.00,,,,,,,false,false,12,2022-04-01,2023-03-31,0
2022-11-11,3591,2023-03-31,2,,,,,,,,,,,,,,,,,,,,,,,,,,,,,80.00,,,,,,,false,true,12,2022-04-01,2023-03-31,0
2022-11-11,3591,2023-03-31,2,,,,,,,,,,,,,,,,,,,,,,,,,,,,,,,,,64500000,4523114,60965308,false,false,6,2022-04-01,2022-09-30,0
2022-11-11,3591,2022-03-31,2,,,,,,,,,,,,,,,,,,,,,,,,,,,,,,,,,,,62438539,false,false,6,2021-04-01,2021-09-30,-1
2023-02-10,3591,2023-03-31,3,,,,,,,-1810000000,,,,,-2431000000,,-40.27,-40.27,,,,,283266000000,,,,,,,,,,,,,,,,true,false,9,2022-04-01,2022-12-31,0
2023-02-10,3591,2022-03-31,3,,,,,,,6113000000,,,,,5002000000,,80.13,79.79,,,,,,,,,,,,,,,,,,,,,true,false,9,2021-04-01,2021-12-31,-1
2023-02-10,3591,2023-03-31,3,,,,,,,-5500000000,,,,,-4000000000,,-66.26,,,,,,,,,,,,,,,,,,,,,,true,true,12,2022-04-01,2023-03-31,0
2023-02-10,3591,2022-03-31,3,,,,,,,,,,,,,,,,,,,,299177000000,,,,,,,,,,,,,,,,true,false,12,2021-04-01,2022-03-31,-1
2023-02-10,3591,2022-03-31,3,,,,,,,,,,,,,,,,,,,,,,,,,,,,,50.00,,,,65589042,4130773,,false,false,12,2021-04-01,2022-03-31,-1
2023-02-10,3591,2023-03-31,3,,,,,,,,,,,,,,,,,,,,,,,,,,,,,40.00,,,,,,,false,false,12,2022-04-01,2023-03-31,0
2023-02-10,3591,2023-03-31,3,,,,,,,,,,,,,,,,,,,,,,,,,,,,,80.00,,,,,,,false,true,12,2022-04-01,2023-03-31,0
2023-02-10,3591,2023-03-31,3,,,,,,,,,,,,,,,,,,,,,,,,,,,,,,,,,64500000,5763428,60364680,false,false,9,2022-04-01,2022-12-31,0
2023-02-10,3591,2022-03-31,3,,,,,,,,,,,,,,,,,,,,,,,,,,,,,,,,,,,62424097,false,false,9,2021-04-01,2021-12-31,-1
2023-05-11,35910,2023-03-31,,,,,,,,-3500000000,,,,,-1800000000,,-30.06,,,,,,,,,,,,,,,,,,,,,,true,true,12,2022-04-01,2023-03-31,0
2023-05-11,35910,2022-03-31,,,,,,,,3291000000,,,,,1732000000,,27.83,,,,,,,,,,,,,,,,,,,,,,true,false,12,2021-04-01,2022-03-31,-1
2023-05-12,3591,2023-03-31,,6772000000,0.093,,,,,2503000000,0.089,2473000000,0.470,4458000000,,0.621,74.46,74.15,,,,,154705000000,130602000000,0.841,2242.19,130075000000,,,,,80.00,,,,64500000,6487185,59871381,false,false,12,2022-04-01,2023-03-31,0
2023-05-12,3591,2022-03-31,,6196000000,-0.623,,,,,2299000000,-0.820,1682000000,-0.860,2749000000,,-0.762,44.18,43.99,,,,,165180000000,138332000000,0.834,2241.50,137758000000,,,,,50.00,,,,65589042,4130773,62234734,false,false,12,2021-04-01,2022-03-31,-1
2023-05-12,3591,2023-03-31,,,,,,,,-3490000000,,,,,-1776000000,,-29.66,-29.66,,,,,285296000000,,,,,7334000000,3902000000,-22541000000,,,,,,,,,true,false,12,2022-04-01,2023-03-31,0
2023-05-12,3591,2022-03-31,,,,,,,,3291000000,,,,,1732000000,,27.83,27.71,,,,,299177000000,,,,,16622000000,-3042000000,-41007000000,,,1.797,,,,,,true,false,12,2021-04-01,2022-03-31,-1
2023-05-12,3591,2024-03-31,,,,,,,,4400000000,0.100,,,,3900000000,,67.23,,,,,,,,,,,,,,,,,,,,,,true,true,6,2023-04-01,2023-09-30,1
2023-05-12,3591,2024-03-31,,,,,,,,6000000000,,,,,4800000000,,82.74,,,,,,,,,,,,,,,,1.209,,,,,,true,true,12,2023-04-01,2024-03-31,1
2023-05-12,3591,2024-03-31,,,,,,,,,,,,,,,,,,,,,,,,,,,,,,100.00,,,,,,,false,true,12,2023-04-01,2024-03-31,1
2023-08-09,3591,2024-03-31,1,,,,,,,2727000000,0.104,,,,2844000000,,49.03,48.82,,,,,296731000000,,,,,,,,,,,,,,,,true,false,3,2023-04-01,2023-06-30,0
2023-08-09,3591,2023-03-31,1,,,,,,,2469000000,0.005,,,,2411000000,,39.28,39.12,,,,,,,,,,,,,,,,,,,,,true,false,3,2022-04-01,2022-06-30,-1
2023-08-09,3591,2024-03-31,1,,,,,,,4400000000,0.100,,,,3900000000,,67.23,,,,,,,,,,,,,,,,,,,,,,true,true,6,2023-04-01,2023-09-30,0
2023-08-09,3591,2024-03-31,1,,,,,,,6000000000,,,,,4800000000,,82.74,,,,,,,,,,,,,,,,,,,,,,true,true,12,2023-04-01,2024-03-31,0
2023-08-09,3591,2023-03-31,1,,,,,,,,,,,,,,,,,,,,285659000000,,,,,,,,,,,,,,,,true,false,12,2022-04-01,2023-03-31,-1
2023-08-09,3591,2023-03-31,1,,,,,,,,,,,,,,,,,,,,,,,,,,,,,80.00,,,,64500000,6487185,,false,false,12,2022-04-01,2023-03-31,-1
2023-08-09,3591,2024-03-31,1,,,,,,,,,,,,,,,,,,,,,,,,,,,,,100.00,,,,,,,false,true,12,2023-04-01,2024-03-31,0
2023-08-09,3591,2024-03-31,1,,,,,,,,,,,,,,,,,,,,,,,,,,,,,,,,,61000000,2989790,58010347,false,false,3,2023-04-01,2023-06-30,0
2023-08-09,3591,2023-03-31,1,,,,,,,,,,,,,,,,,,,,,,,,,,,,,,,,,,,61372313,false,false,3,2022-04-01,2022-06-30,-1
2023-11-09,3591,2024-03-31,2,,,,,,,-3384000000,,,,,-4404000000,,-76.09,-76.09,,,,,287948000000,,,,,,,,,,,,,,,,true,false,6,2023-04-01,2023-09-30,0
2023-11-09,3591,2023-03-31,2,,,,,,,4001000000,-0.133,,,,4218000000,,69.19,68.89,,,,,,,,,,,,,,,,,,,,,true,false,6,2022-04-01,2022-09-30,-1
2023-11-09,3591,2024-03-31,2,,,,,,,-12000000000,,,,,-10800000000,,-186.60,,,,,,,,,,,,,,,,,,,,,,true,true,12,2023-04-01,2024-03-31,0
2023-11-09,3591,2023-03-31,2,,,,,,,,,,,,,,,,,,,,285659000000,,,,,,,,,,,,,,,,true,false,12,2022-04-01,2023-03-31,-1
2023-11-09,3591,2023-03-31,2,,,,,,,,,,,,,,,,,,,,,,,,,,,,,80.00,,,,64500000,6487185,,false,false,12,2022-04-01,2023-03-31,-1
2023-11-09,3591,2024-03-31,2,,,,,,,,,,,,,,,,,,,,,,,,,,,,,50.00,,,,,,,false,false,12,2023-04-01,2024-03-31,0
2023-11-09,3591,2024-03-31,2,,,,,,,,,,,,,,,,,,,,,,,,,,,,,100.00,,,,,,,false,true,12,2023-04-01,2024-03-31,0
2023-11-09,3591,2024-03-31,2,,,,,,,,,,,,,,,,,,,,,,,,,,,,,,,,,61000000,4038807,57878570,false,false,6,2023-04-01,2023-09-30,0
2023-11-09,3591,2023-03-31,2,,,,,,,,,,,,,,,,,,,,,,,,,,,,,,,,,,,60965308,false,false,6,2022-04-01,2022-09-30,-1
2024-02-09,3591,2024-03-31,3,,,,,,,-1981000000,,,,,-3903000000,,-67.98,-67.98,,,,,281282000000,,,,,,,,,,,,,,,,true,false,9,2023-04-01,2023-12-31,0
2024-02-09,3591,2023-03-31,3,,,,,,,-1810000000,,,,,-2289000000,,-37.92,-37.92,,,,,,,,,,,,,,,,,,,,,true,false,9,2022-04-01,2022-12-31,-1
2024-02-09,3591,2024-03-31,3,,,,,,,-12000000000,,,,,-10800000000,,-188.11,,,,,,,,,,,,,,,,,,,,,,true,true,12,2023-04-01,2024-03-31,0
2024-02-09,3591,2023-03-31,3,,,,,,,,,,,,,,,,,,,,285659000000,,,,,,,,,,,,,,,,true,false,12,2022-04-01,2023-03-31,-1
2024-02-09,3591,2023-03-31,3,,,,,,,,,,,,,,,,,,,,,,,,,,,,,80.00,,,,64500000,6487185,,false,false,12,2022-04-01,2023-03-31,-1
2024-02-09,3591,2024-03-31,3,,,,,,,,,,,,,,,,,,,,,,,,,,,,,50.00,,,,,,,false,false,12,2023-04-01,2024-03-31,0
2024-02-09,3591,2024-03-31,3,,,,,,,,,,,,,,,,,,,,,,,,,,,,,100.00,,,,,,,false,true,12,2023-04-01,2024-03-31,0
2024-02-09,3591,2024-03-31,3,,,,,,,,,,,,,,,,,,,,,,,,,,,,,,,,,61000000,5287524,57412738,false,false,9,2023-04-01,2023-12-31,0
2024-02-09,3591,2023-03-31,3,,,,,,,,,,,,,,,,,,,,,,,,,,,,,,,,,,,60364680,false,false,9,2022-04-01,2022-12-31,-1
2024-05-15,3591,2024-03-31,,7276000000,0.074,,,,,3224000000,0.288,3002000000,0.214,2817000000,,-0.368,49.50,49.29,,,,,154073000000,118310000000,0.765,2139.06,117794000000,,,,,100.00,,,,61000000,5931669,56932308,false,false,12,2023-04-01,2024-03-31,0
2024-05-15,3591,2023-03-31,,6772000000,0.093,,,,,2503000000,0.089,2473000000,0.470,4458000000,,0.621,74.46,74.15,,,,,154705000000,130602000000,0.841,2242.19,130075000000,,,,,80.00,,,,64500000,6487185,59871381,false,false,12,2022-04-01,2023-03-31,-1
2024-05-15,3591,2024-03-31,,,,,,,,-9503000000,,,,,-8632000000,,-151.62,-151.62,,,,,294029000000,,,,,11291000000,14048000000,-20211000000,,,,,,,,,true,false,12,2023-04-01,2024-03-31,0
2024-05-15,3591,2023-03-31,,,,,,,,-3490000000,,,,,-1643000000,,-27.44,-27.44,,,,,285659000000,,,,,7334000000,3902000000,-22541000000,,,,,,,,,true,false,12,2022-04-01,2023-03-31,-1
2024-05-15,3591,2025-03-31,,,,,,,,2200000000,,,,,2200000000,,39.95,,,,,,,,,,,,,,,,,,,,,,true,true,6,2024-04-01,2024-09-30,1
2024-05-15,3591,2025-03-31,,,,,,,,2000000000,,,,,3200000000,,58.11,,,,,,,,,,,,,,,,1.721,,,,,,true,true,12,2024-04-01,2025-03-31,1
2024-05-15,3591,2025-03-31,,,,,,,,,,,,,,,,,,,,,,,,,,,,,,100.00,,,,,,,false,true,12,2024-04-01,2025-03-31,1
2024-08-07,3591,2025-03-31,1,,,,,,,3206000000,0.176,,,,3038000000,,55.18,54.95,,,,,291050000000,,,,,,,,,,,,,,,,true,false,3,2024-04-01,2024-06-30,0
2024-08-07,3591,2024-03-31,1,,,,,,,2727000000,0.104,,,,2844000000,,49.03,48.82,,,,,,,,,,,,,,,,,,,,,true,false,3,2023-04-01,2023-06-30,-1
2024-08-07,3591,2025-03-31,1,,,,,,,2200000000,,,,,2200000000,,39.96,,,,,,,,,,,,,,,,,,,,,,true,true,6,2024-04-01,2024-09-30,0
2024-08-07,3591,2025-03-31,1,,,,,,,2000000000,,,,,3200000000,,58.12,,,,,,,,,,,,,,,,,,,,,,true,true,12,2024-04-01,2025-03-31,0
2024-08-07,3591,2024-03-31,1,,,,,,,,,,,,,,,,,,,,294029000000,,,,,,,,,,,,,,,,true,false,12,2023-04-01,2024-03-31,-1
2024-08-07,3591,2024-03-31,1,,,,,,,,,,,,,,,,,,,,,,,,,,,,,100.00,,,,61000000,5931669,,false,false,12,2023-04-01,2024-03-31,-1
2024-08-07,3591,2025-03-31,1,,,,,,,,,,,,,,,,,,,,,,,,,,,,,100.00,,,,,,,false,true,12,2024-04-01,2025-03-31,0
2024-08-07,3591,2025-03-31,1,,,,,,,,,,,,,,,,,,,,,,,,,,,,,,,,,55500000,439446,55057323,false,false,3,2024-04-01,2024-06-30,0
2024-08-07,3591,2024-03-31,1,,,,,,,,,,,,,,,,,,,,,,,,,,,,,,,,,,,58010347,false,false,3,2023-04-01,2023-06-30,-1
2024-11-11,3591,2025-03-31,2,,,,,,,11551000000,,,,,8773000000,,159.69,159.05,,,,,288858000000,,,,,,,,,,,,,,,,true,false,6,2024-04-01,2024-09-30,0
2024-11-11,3591,2024-03-31,2,,,,,,,-3384000000,,,,,-4404000000,,-76.09,-76.09,,,,,,,,,,,,,,,,,,,,,true,false,6,2023-04-01,2023-09-30,-1
2024-11-11,3591,2025-03-31,2,,,,,,,4800000000,,,,,4500000000,,81.91,,,,,,,,,,,,,,,,,,,,,,true,true,12,2024-04-01,2025-03-31,0
2024-11-11,3591,2024-03-31,2,,,,,,,,,,,,,,,,,,,,294029000000,,,,,,,,,,,,,,,,true,false,12,2023-04-01,2024-03-31,-1
2024-11-11,3591,2024-03-31,2,,,,,,,,,,,,,,,,,,,,,,,,,,,,,100.00,,,,61000000,5931669,,false,false,12,2023-04-01,2024-03-31,-1
2024-11-11,3591,2025-03-31,2,,,,,,,,,,,,,,,,,,,,,,,,,,,,,50.00,,,,,,,false,false,12,2024-04-01,2025-03-31,0
2024-11-11,3591,2025-03-31,2,,,,,,,,,,,,,,,,,,,,,,,,,,,,,100.00,,,,,,,false,true,12,2024-04-01,2025-03-31,0
2024-11-11,3591,2025-03-31,2,,,,,,,,,,,,,,,,,,,,,,,,,,,,,,,,,55500000,1316317,54938466,false,false,6,2024-04-01,2024-09-30,0
2024-11-11,3591,2024-03-31,2,,,,,,,,,,,,,,,,,,,,,,,,,,,,,,,,,,,57878570,false,false,6,2023-04-01,2023-09-30,-1
2025-02-10,3591,2025-03-31,3,,,,,,,11075000000,,,,,9086000000,,166.88,166.23,,,,,286742000000,,,,,,,,,,,,,,,,true,false,9,2024-04-01,2024-12-31,0
2025-02-10,3591,2024-03-31,3,,,,,,,-1981000000,,,,,-3903000000,,-67.98,-67.98,,,,,,,,,,,,,,,,,,,,,true,false,9,2023-04-01,2023-12-31,-1
2025-02-10,3591,2025-03-31,3,,,,,,,4800000000,,,,,4500000000,,82.65,,,,,,,,,,,,,,,,,,,,,,true,true,12,2024-04-01,2025-03-31,0
2025-02-10,3591,2024-03-31,3,,,,,,,,,,,,,,,,,,,,294029000000,,,,,,,,,,,,,,,,true,false,12,2023-04-01,2024-03-31,-1
2025-02-10,3591,2024-03-31,3,,,,,,,,,,,,,,,,,,,,,,,,,,,,,100.00,,,,61000000,5931669,,false,false,12,2023-04-01,2024-03-31,-1
2025-02-10,3591,2025-03-31,3,,,,,,,,,,,,,,,,,,,,,,,,,,,,,50.00,,,,,,,false,false,12,2024-04-01,2025-03-31,0
2025-02-10,3591,2025-03-31,3,,,,,,,,,,,,,,,,,,,,,,,,,,,,,100.00,,,,,,,false,true,12,2024-04-01,2025-03-31,0
2025-02-10,3591,2025-03-31,3,,,,,,,,,,,,,,,,,,,,,,,,,,,,,,,,,55500000,2731269,54446326,false,false,9,2024-04-01,2024-12-31,0
2025-02-10,3591,2024-03-31,3,,,,,,,,,,,,,,,,,,,,,,,,,,,,,,,,,,,57412738,false,false,9,2023-04-01,2023-12-31,-1
2025-05-15,3591,2025-03-31,,13693000000,0.882,,,,,9174000000,1.846,8919000000,1.971,15702000000,,4.572,291.29,289.82,,,,,142378000000,111602000000,0.781,2153.26,111235000000,,,,,100.00,,,,55500000,3840910,53905551,false,false,12,2024-04-01,2025-03-31,0
2025-05-15,3591,2024-03-31,,7276000000,0.074,,,,,3224000000,0.288,3002000000,0.214,2817000000,,-0.368,49.50,49.29,,,,,154073000000,118310000000,0.765,2139.06,117794000000,,,,,100.00,,,,61000000,5931669,56932308,false,false,12,2023-04-01,2024-03-31,-1
2025-05-15,3591,2025-03-31,,,,,,,,3328000000,,,,,6989000000,,129.65,129.16,,,,,272183000000,,,,,4938000000,9382000000,-22925000000,,,0.771,,,,,,true,false,12,2024-04-01,2025-03-31,0
2025-05-15,3591,2024-03-31,,,,,,,,-9503000000,,,,,-8632000000,,-151.62,-151.62,,,,,294029000000,,,,,11291000000,14048000000,-20211000000,,,,,,,,,true,false,12,2023-04-01,2024-03-31,-1
2025-05-15,3591,2026-03-31,,,,,,,,22600000000,0.957,,,,14470000000,,280.11,,,,,,,,,,,,,,,,,,,,,,true,true,6,2025-04-01,2025-09-30,1
2025-05-15,3591,2026-03-31,,,,,,,,22800000000,5.851,,,,14870000000,,287.85,,,,,,,,,,,,,,,,0.347,,,,,,true,true,12,2025-04-01,2026-03-31,1
2025-05-15,3591,2026-03-31,,,,,,,,,,,,,,,,,,,,,,,,,,,,,,100.00,,,,,,,false,true,12,2025-04-01,2026-03-31,1
