filing_date,code,fiscal_year_end,quarterly_period,net_sales,net_sales_change,revenue,revenue_change,operating_revenue,operating_revenue_change,operating_profit,operating_profit_change,ordinary_profit,ordinary_profit_change,net_income,net_income_of_parent,net_income_change,eps,diluted_eps,roe,roa,operating_profit_to_net_sales,operating_profit_to_revenue,total_assets,net_assets,equity_ratio,bps,owner_equity,operating_cash_flow,investing_cash_flow,financing_cash_flow,cash,dividend_per_share,payout_ratio,commemorative_dividend,extra_dividend,number_of_shares,number_of_treqsury_shares,avg_number_of_shares,is_consolidated,is_forecast,duration,period_start,period_end,period_pos
2015-07-01,36070,2015-08-31,3,9552000000,-0.138,,,,,302000000,-0.635,390000000,-0.554,327000000,,-0.245,36.14,,,,,,14922000000,7513000000,0.504,866.99,7513000000,,,,,,,,,,,,true,false,9,2014-09-01,2015-05-31,0
2015-07-01,36070,2014-08-31,3,11078000000,-0.032,,,,,830000000,-0.032,875000000,-0.053,433000000,,-0.116,47.33,,,,,,,,,,,,,,,,,,,,,,true,false,9,2013-09-01,2014-05-31,-1
2015-07-01,36070,2015-08-31,3,13100000000,-0.059,,,,,110000000,-0.791,210000000,-0.647,160000000,,-0.181,17.45,,,,,,,,,,,,,,,,,,,,,,true,true,12,2014-09-01,2015-08-31,0
2015-07-01,36070,2014-08-31,3,,,,,,,,,,,,,,,,,,,,14661000000,7420000000,0.506,809.51,7420000000,,,,,,,,,,,,true,false,12,2013-09-01,2014-08-31,-1
2015-07-01,36070,2014-08-31,3,,,,,,,,,,,,,,,,,,,,,,,,,,,,,40.00,,,,9689200,522702,,false,false,12,2013-09-01,2014-08-31,-1
2015-07-01,36070,2015-08-31,3,,,,,,,,,,,,,,,,,,,,,,,,,,,,,10.00,,,,,,,false,false,12,2014-09-01,2015-08-31,0
2015-07-01,36070,2015-08-31,3,,,,,,,,,,,,,,,,,,,,,,,,,,,,,5.00,,,,,,,false,true,12,2014-09-01,2015-08-31,0
2015-07-01,36070,2015-08-31,3,,,,,,,,,,,,,,,,,,,,,,,,,,,,,,,,,9689200,1022902,9066402,false,false,9,2014-09-01,2015-05-31,0
2015-07-01,36070,2014-08-31,3,,,,,,,,,,,,,,,,,,,,,,,,,,,,,,,,,,,9166498,false,false,9,2013-09-01,2014-05-31,-1
2015-09-30,36070,2015-08-31,,12381000000,-0.111,,,,,20000000,-0.961,127000000,-0.785,31000000,,-0.841,3.46,,0.004,0.009,0.002,,15034000000,7217000000,0.480,832.79,7217000000,496000000,-620000000,386000000,1409000000,,2.887,,,,,,true,false,12,2014-09-01,2015-08-31,0
2015-09-30,36070,2014-08-31,,13926000000,-0.051,,,,,526000000,-0.291,594000000,-0.270,195000000,,-0.531,21.32,,0.026,0.040,0.038,,14661000000,7420000000,0.506,809.51,7420000000,1161000000,-833000000,-575000000,1112000000,,0.938,,,,,,true,false,12,2013-09-01,2014-08-31,-1
2015-09-30,36070,2016-08-31,,6720000000,0.078,,,,,90000000,,100000000,1.221,,40000000,,4.62,,,,,,,,,,,,,,,,,,,,,,true,true,6,2015-09-01,2016-02-29,1
2015-09-30,36070,2016-08-31,,13860000000,0.119,,,,,380000000,,420000000,2.287,,220000000,,25.39,,,,,,,,,,,,,,,,0.394,,,,,,true,true,12,2015-09-01,2016-08-31,1
2015-09-30,36070,2014-08-31,,,,,,,,,,,,,,,,,,,,,,,,,,,,,,40.00,,,,9689200,522702,9166498,false,false,12,2013-09-01,2014-08-31,-1
2015-09-30,36070,2015-08-31,,,,,,,,,,,,,,,,,,,,,,,,,,,,,,5.00,,,,9689200,1022902,8974070,false,false,12,2014-09-01,2015-08-31,0
2015-09-30,36070,2016-08-31,,,,,,,,,,,,,,,,,,,,,,,,,,,,,,10.00,,,,,,,false,true,12,2015-09-01,2016-08-31,1
2016-01-08,36070,2016-08-31,1,4193000000,0.037,,,,,663000000,-0.037,675000000,-0.034,,400000000,,46.22,,,,,,15705000000,7539000000,0.480,869.99,7539000000,,,,,,,,,,,,true,false,3,2015-09-01,2015-11-30,0
2016-01-08,36070,2015-08-31,1,4044000000,-0.089,,,,,689000000,-0.069,699000000,-0.085,,466000000,,50.86,,,,,,,,,,,,,,,,,,,,,,true,false,3,2014-09-01,2014-11-30,-1
2016-01-08,36070,2016-08-31,1,6720000000,0.078,,,,,90000000,,100000000,1.221,,40000000,,4.62,,,,,,,,,,,,,,,,,,,,,,true,true,6,2015-09-01,2016-02-29,0
2016-01-08,36070,2016-08-31,1,13860000000,0.119,,,,,380000000,,420000000,2.287,,220000000,,25.39,,,,,,,,,,,,,,,,,,,,,,true,true,12,2015-09-01,2016-08-31,0
2016-01-08,36070,2015-08-31,1,,,,,,,,,,,,,,,,,,,,15034000000,7217000000,0.480,832.79,7217000000,,,,,,,,,,,,true,false,12,2014-09-01,2015-08-31,-1
2016-01-08,36070,2015-08-31,1,,,,,,,,,,,,,,,,,,,,,,,,,,,,,5.00,,,,9689200,1022902,,false,false,12,2014-09-01,2015-08-31,-1
2016-01-08,36070,2016-08-31,1,,,,,,,,,,,,,,,,,,,,,,,,,,,,,10.00,,,,,,,false,true,12,2015-09-01,2016-08-31,0
2016-01-08,36070,2016-08-31,1,,,,,,,,,,,,,,,,,,,,,,,,,,,,,,,,,9689200,1022902,8666298,false,false,3,2015-09-01,2015-11-30,0
2016-01-08,36070,2015-08-31,1,,,,,,,,,,,,,,,,,,,,,,,,,,,,,,,,,,,9166488,false,false,3,2014-09-01,2014-11-30,-1
2016-03-31,36070,2016-08-31,2,6692000000,0.074,,,,,174000000,,197000000,3.387,,10000000,,1.21,,,,,,14542000000,7144000000,0.491,824.35,7144000000,,,,,,,,,,,,true,false,6,2015-09-01,2016-02-29,0
2016-03-31,36070,2015-08-31,2,6231000000,-0.143,,,,,4000000,-0.988,45000000,-0.895,,-15000000,,-1.72,,,,,,,,,,,,,,,,,,,,,,true,false,6,2014-09-01,2015-02-28,-1
2016-03-31,36070,2016-08-31,2,13860000000,0.119,,,,,380000000,,420000000,2.287,,220000000,,25.39,,,,,,,,,,,,,,,,,,,,,,true,true,12,2015-09-01,2016-08-31,0
2016-03-31,36070,2015-08-31,2,,,,,,,,,,,,,,,,,,,,15034000000,7217000000,0.480,832.79,7217000000,,,,,,,,,,,,true,false,12,2014-09-01,2015-08-31,-1
2016-03-31,36070,2015-08-31,2,,,,,,,,,,,,,,,,,,,,,,,,,,,,,5.00,,,,9689200,1022902,,false,false,12,2014-09-01,2015-08-31,-1
2016-03-31,36070,2016-08-31,2,,,,,,,,,,,,,,,,,,,,,,,,,,,,,5.00,,,,,,,false,false,12,2015-09-01,2016-08-31,0
2016-03-31,36070,2016-08-31,2,,,,,,,,,,,,,,,,,,,,,,,,,,,,,10.00,,,,,,,false,true,12,2015-09-01,2016-08-31,0
2016-03-31,36070,2016-08-31,2,,,,,,,,,,,,,,,,,,,,,,,,,,,,,,,,,9689200,1022902,8666298,false,false,6,2015-09-01,2016-02-29,0
2016-03-31,36070,2015-08-31,2,,,,,,,,,,,,,,,,,,,,,,,,,,,,,,,,,,,9166447,false,false,6,2014-09-01,2015-02-28,-1
2016-06-30,36070,2016-08-31,3,10213000000,0.069,,,,,579000000,0.912,589000000,0.509,,311000000,,35.90,,,,,,14545000000,7338000000,0.505,846.84,7338000000,,,,,,,,,,,,true,false,9,2015-09-01,2016-05-31,0
2016-06-30,36070,2015-08-31,3,9552000000,-0.138,,,,,302000000,-0.635,390000000,-0.554,,327000000,,36.14,,,,,,,,,,,,,,,,,,,,,,true,false,9,2014-09-01,2015-05-31,-1
2016-06-30,36070,2016-08-31,3,13860000000,0.119,,,,,380000000,,420000000,2.287,,220000000,,25.39,,,,,,,,,,,,,,,,,,,,,,true,true,12,2015-09-01,2016-08-31,0
2016-06-30,36070,2015-08-31,3,,,,,,,,,,,,,,,,,,,,15034000000,7217000000,0.480,832.79,7217000000,,,,,,,,,,,,true,false,12,2014-09-01,2015-08-31,-1
2016-06-30,36070,2015-08-31,3,,,,,,,,,,,,,,,,,,,,,,,,,,,,,5.00,,,,9689200,1022902,,false,false,12,2014-09-01,2015-08-31,-1
2016-06-30,36070,2016-08-31,3,,,,,,,,,,,,,,,,,,,,,,,,,,,,,5.00,,,,,,,false,false,12,2015-09-01,2016-08-31,0
2016-06-30,36070,2016-08-31,3,,,,,,,,,,,,,,,,,,,,,,,,,,,,,15.00,,,,,,,false,true,12,2015-09-01,2016-08-31,0
2016-06-30,36070,2016-08-31,3,,,,,,,,,,,,,,,,,,,,,,,,,,,,,,,,,9689200,1022902,8666298,false,false,9,2015-09-01,2016-05-31,0
2016-06-30,36070,2015-08-31,3,,,,,,,,,,,,,,,,,,,,,,,,,,,,,,,,,,,9066402,false,false,9,2014-09-01,2015-05-31,-1
,36070,2016-08-31,,,,,,,,,,,,,,,,,,,,,,,,,,,,,,15.00,,,,,,,false,true,12,2015-09-01,2016-08-31,0
,36070,2016-08-31,,,,,,,,,,,,,,,,,,,,,,,,,,,,,,5.00,,,,,,,false,false,12,2015-09-01,2016-08-31,0
,36070,2015-08-31,,,,,,,,,,,,,,,,,,,,,,,,,,,,,,5.00,,,,,,,false,false,12,2014-09-01,2015-08-31,-1
2016-09-30,36070,2016-08-31,,13020000000,0.052,,,,,311000000,,346000000,1.715,,-1652000000,,-190.69,,-0.263,0.025,0.024,,12260000000,5348000000,0.436,617.13,5348000000,1225000000,-205000000,-1190000000,1222000000,,-0.079,,,,,,true,false,12,2015-09-01,2016-08-31,0
2016-09-30,36070,2015-08-31,,12381000000,-0.111,,,,,20000000,-0.961,127000000,-0.785,,31000000,,3.46,,0.004,0.009,0.002,,15034000000,7217000000,0.480,832.79,7217000000,496000000,-620000000,386000000,1409000000,,2.887,,,,,,true,false,12,2014-09-01,2015-08-31,-1
2016-09-30,36070,2017-08-31,,6350000000,-0.051,,,,,160000000,-0.084,170000000,-0.139,,370000000,,42.69,,,,,,,,,,,,,,,,,,,,,,true,true,6,2016-09-01,2017-02-28,1
2016-09-30,36070,2017-08-31,,12980000000,-0.003,,,,,410000000,0.317,420000000,0.211,,550000000,,63.46,,,,,,,,,,,,,,,,0.252,,,,,,true,true,12,2016-09-01,2017-08-31,1
2016-09-30,36070,2016-08-31,,4894000000,-0.011,,,,,-11000000,,436000000,0.253,-1219000000,,,-140.72,,,,,,7546000000,4774000000,0.633,550.93,4774000000,,,,,15.00,,,,9689200,1022902,8666298,false,false,12,2015-09-01,2016-08-31,0
2016-09-30,36070,2015-08-31,,4951000000,-0.055,,,,,-80000000,,348000000,-0.285,235000000,,-0.350,26.19,,,,,,9496000000,6081000000,0.640,701.73,6081000000,,,,,5.00,,,,9689200,1022902,8974070,false,false,12,2014-09-01,2015-08-31,-1
2016-09-30,36070,2017-08-31,,,,,,,,,,,,,,,,,,,,,,,,,,,,,,16.00,,,,,,,false,true,12,2016-09-01,2017-08-31,1
2017-01-10,36070,2017-08-31,1,3872000000,-0.077,,,,,667000000,0.005,686000000,0.016,,743000000,,85.82,,,,,,12809000000,6003000000,0.469,692.73,6003000000,,,,,,,,,,,,true,false,3,2016-09-01,2016-11-30,0
2017-01-10,36070,2016-08-31,1,4193000000,0.037,,,,,663000000,-0.037,675000000,-0.034,,400000000,,46.22,,,,,,,,,,,,,,,,,,,,,,true,false,3,2015-09-01,2015-11-30,-1
2017-01-10,36070,2017-08-31,1,6350000000,-0.051,,,,,160000000,-0.084,170000000,-0.139,,370000000,,42.69,,,,,,,,,,,,,,,,,,,,,,true,true,6,2016-09-01,2017-02-28,0
2017-01-10,36070,2017-08-31,1,12980000000,-0.003,,,,,410000000,0.317,420000000,0.211,,550000000,,63.46,,,,,,,,,,,,,,,,,,,,,,true,true,12,2016-09-01,2017-08-31,0
2017-01-10,36070,2016-08-31,1,,,,,,,,,,,,,,,,,,,,12260000000,5348000000,0.436,617.13,5348000000,,,,,,,,,,,,true,false,12,2015-09-01,2016-08-31,-1
2017-01-10,36070,2016-08-31,1,,,,,,,,,,,,,,,,,,,,,,,,,,,,,15.00,,,,9689200,1022902,,false,false,12,2015-09-01,2016-08-31,-1
2017-01-10,36070,2017-08-31,1,,,,,,,,,,,,,,,,,,,,,,,,,,,,,16.00,,,,,,,false,true,12,2016-09-01,2017-08-31,0
2017-01-10,36070,2017-08-31,1,,,,,,,,,,,,,,,,,,,,,,,,,,,,,,,,,9689200,1022902,8666298,false,false,3,2016-09-01,2016-11-30,0
2017-01-10,36070,2016-08-31,1,,,,,,,,,,,,,,,,,,,,,,,,,,,,,,,,,,,8666298,false,false,3,2015-09-01,2015-11-30,-1
2017-03-31,36070,2017-08-31,2,6415000000,-0.041,,,,,334000000,0.914,373000000,0.890,,526000000,,60.71,,,,,,12248000000,5841000000,0.477,674.03,5841000000,,,,,,,,,,,,true,false,6,2016-09-01,2017-02-28,0
2017-03-31,36070,2016-08-31,2,6692000000,0.074,,,,,174000000,,197000000,3.387,,10000000,,1.21,,,,,,,,,,,,,,,,,,,,,,true,false,6,2015-09-01,2016-02-29,-1
2017-03-31,36070,2017-08-31,2,12980000000,-0.003,,,,,410000000,0.317,420000000,0.211,,550000000,,63.46,,,,,,,,,,,,,,,,,,,,,,true,true,12,2016-09-01,2017-08-31,0
2017-03-31,36070,2016-08-31,2,,,,,,,,,,,,,,,,,,,,12260000000,5348000000,0.436,617.13,5348000000,,,,,,,,,,,,true,false,12,2015-09-01,2016-08-31,-1
2017-03-31,36070,2016-08-31,2,,,,,,,,,,,,,,,,,,,,,,,,,,,,,15.00,,,,9689200,1022902,,false,false,12,2015-09-01,2016-08-31,-1
2017-03-31,36070,2017-08-31,2,,,,,,,,,,,,,,,,,,,,,,,,,,,,,8.00,,,,,,,false,false,12,2016-09-01,2017-08-31,0
2017-03-31,36070,2017-08-31,2,,,,,,,,,,,,,,,,,,,,,,,,,,,,,16.00,,,,,,,false,true,12,2016-09-01,2017-08-31,0
2017-03-31,36070,2017-08-31,2,,,,,,,,,,,,,,,,,,,,,,,,,,,,,,,,,9689200,1022902,8666298,false,false,6,2016-09-01,2017-02-28,0
2017-03-31,36070,2016-08-31,2,,,,,,,,,,,,,,,,,,,,,,,,,,,,,,,,,,,8666298,false,false,6,2015-09-01,2016-02-29,-1
2017-06-30,36070,2017-08-31,3,9772000000,-0.043,,,,,637000000,0.100,674000000,0.145,,895000000,,103.29,,,,,,12491000000,6122000000,0.490,706.53,6122000000,,,,,,,,,,,,true,false,9,2016-09-01,2017-05-31,0
2017-06-30,36070,2016-08-31,3,10213000000,0.069,,,,,579000000,0.912,589000000,0.509,,311000000,,35.90,,,,,,,,,,,,,,,,,,,,,,true,false,9,2015-09-01,2016-05-31,-1
2017-06-30,36070,2017-08-31,3,12980000000,-0.003,,,,,410000000,0.317,420000000,0.211,,550000000,,63.46,,,,,,,,,,,,,,,,,,,,,,true,true,12,2016-09-01,2017-08-31,0
2017-06-30,36070,2016-08-31,3,,,,,,,,,,,,,,,,,,,,12260000000,5348000000,0.436,617.13,5348000000,,,,,,,,,,,,true,false,12,2015-09-01,2016-08-31,-1
2017-06-30,36070,2016-08-31,3,,,,,,,,,,,,,,,,,,,,,,,,,,,,,15.00,,,,9689200,1022902,,false,false,12,2015-09-01,2016-08-31,-1
2017-06-30,36070,2017-08-31,3,,,,,,,,,,,,,,,,,,,,,,,,,,,,,8.00,,,,,,,false,false,12,2016-09-01,2017-08-31,0
2017-06-30,36070,2017-08-31,3,,,,,,,,,,,,,,,,,,,,,,,,,,,,,16.00,,,,,,,false,true,12,2016-09-01,2017-08-31,0
2017-06-30,36070,2017-08-31,3,,,,,,,,,,,,,,,,,,,,,,,,,,,,,,,,,9689200,1022982,8666282,false,false,9,2016-09-01,2017-05-31,0
2017-06-30,36070,2016-08-31,3,,,,,,,,,,,,,,,,,,,,,,,,,,,,,,,,,,,8666298,false,false,9,2015-09-01,2016-05-31,-1
2017-09-29,36070,2017-08-31,,12514000000,-0.039,,,,,299000000,-0.039,379000000,0.094,,633000000,,73.09,,0.113,0.030,0.024,,12663000000,5862000000,0.463,676.49,5862000000,319000000,-87000000,-183000000,1279000000,,0.219,,,,,,true,false,12,2016-09-01,2017-08-31,0
2017-09-29,36070,2016-08-31,,13020000000,0.052,,,,,311000000,,346000000,1.715,,-1652000000,,-190.69,,-0.263,0.025,0.024,,12260000000,5348000000,0.436,617.13,5348000000,1225000000,-205000000,-1190000000,1222000000,,-0.079,,,,,,true,false,12,2015-09-01,2016-08-31,-1
2017-09-29,36070,2018-08-31,,12870000000,0.028,,,,,410000000,0.371,440000000,0.160,,270000000,,31.16,,,,,,,,,,,,,,,,0.514,,,,,,true,true,12,2017-09-01,2018-08-31,1
2017-09-29,36070,2017-08-31,,4518000000,-0.077,,,,,-1000000,,347000000,-0.202,989000000,,,114.12,,,,,,8484000000,5609000000,0.661,647.33,5609000000,,,,,16.00,,,,9689200,1022982,8666267,false,false,12,2016-09-01,2017-08-31,0
2017-09-29,36070,2016-08-31,,4894000000,-0.011,,,,,-11000000,,436000000,0.253,-1219000000,,,-140.72,,,,,,7546000000,4774000000,0.633,550.93,4774000000,,,,,15.00,,,,9689200,1022902,8666298,false,false,12,2015-09-01,2016-08-31,-1
2017-09-29,36070,2018-08-31,,,,,,,,,,,,,,,,,,,,,,,,,,,,,,16.00,,,,,,,false,true,12,2017-09-01,2018-08-31,1
2018-01-10,36070,2018-08-31,1,4019000000,0.038,,,,,751000000,0.127,767000000,0.118,,506000000,,58.46,,,,,,13461000000,6302000000,0.468,727.29,6302000000,,,,,,,,,,,,true,false,3,2017-09-01,2017-11-30,0
2018-01-10,36070,2017-08-31,1,3872000000,-0.077,,,,,667000000,0.005,686000000,0.016,,743000000,,85.82,,,,,,,,,,,,,,,,,,,,,,true,false,3,2016-09-01,2016-11-30,-1
2018-01-10,36070,2018-08-31,1,12870000000,0.028,,,,,410000000,0.371,440000000,0.160,,270000000,,31.16,,,,,,,,,,,,,,,,,,,,,,true,true,12,2017-09-01,2018-08-31,0
2018-01-10,36070,2017-08-31,1,,,,,,,,,,,,,,,,,,,,12663000000,5862000000,0.463,676.49,5862000000,,,,,,,,,,,,true,false,12,2016-09-01,2017-08-31,-1
2018-01-10,36070,2017-08-31,1,,,,,,,,,,,,,,,,,,,,,,,,,,,,,16.00,,,,9689200,1022982,,false,false,12,2016-09-01,2017-08-31,-1
2018-01-10,36070,2018-08-31,1,,,,,,,,,,,,,,,,,,,,,,,,,,,,,16.00,,,,,,,false,true,12,2017-09-01,2018-08-31,0
2018-01-10,36070,2018-08-31,1,,,,,,,,,,,,,,,,,,,,,,,,,,,,,,,,,9689200,1022982,8666218,false,false,3,2017-09-01,2017-11-30,0
2018-01-10,36070,2017-08-31,1,,,,,,,,,,,,,,,,,,,,,,,,,,,,,,,,,,,8666298,false,false,3,2016-09-01,2016-11-30,-1
2018-03-30,36070,2018-08-31,2,6409000000,-0.001,,,,,172000000,-0.484,196000000,-0.474,,86000000,,9.97,,,,,,12453000000,5881000000,0.472,678.71,5881000000,,,,,,,,,,,,true,false,6,2017-09-01,2018-02-28,0
2018-03-30,36070,2017-08-31,2,6415000000,-0.041,,,,,334000000,0.914,373000000,0.890,,526000000,,60.71,,,,,,,,,,,,,,,,,,,,,,true,false,6,2016-09-01,2017-02-28,-1
2018-03-30,36070,2018-08-31,2,12870000000,0.028,,,,,410000000,0.371,440000000,0.160,,270000000,,31.16,,,,,,,,,,,,,,,,,,,,,,true,true,12,2017-09-01,2018-08-31,0
2018-03-30,36070,2017-08-31,2,,,,,,,,,,,,,,,,,,,,12663000000,5862000000,0.463,676.49,5862000000,,,,,,,,,,,,true,false,12,2016-09-01,2017-08-31,-1
2018-03-30,36070,2017-08-31,2,,,,,,,,,,,,,,,,,,,,,,,,,,,,,16.00,,,,9689200,1022982,,false,false,12,2016-09-01,2017-08-31,-1
2018-03-30,36070,2018-08-31,2,,,,,,,,,,,,,,,,,,,,,,,,,,,,,8.00,,,,,,,false,false,12,2017-09-01,2018-08-31,0
2018-03-30,36070,2018-08-31,2,,,,,,,,,,,,,,,,,,,,,,,,,,,,,16.00,,,,,,,false,true,12,2017-09-01,2018-08-31,0
2018-03-30,36070,2018-08-31,2,,,,,,,,,,,,,,,,,,,,,,,,,,,,,,,,,9689200,1023022,8666201,false,false,6,2017-09-01,2018-02-28,0
2018-03-30,36070,2017-08-31,2,,,,,,,,,,,,,,,,,,,,,,,,,,,,,,,,,,,8666298,false,false,6,2016-09-01,2017-02-28,-1
2018-06-29,36070,2018-08-31,3,9665000000,-0.011,,,,,481000000,-0.245,517000000,-0.233,,278000000,,32.12,,,,,,12346000000,5975000000,0.484,689.53,5975000000,,,,,,,,,,,,true,false,9,2017-09-01,2018-05-31,0
2018-06-29,36070,2017-08-31,3,9772000000,-0.043,,,,,637000000,0.100,674000000,0.145,,895000000,,103.29,,,,,,,,,,,,,,,,,,,,,,true,false,9,2016-09-01,2017-05-31,-1
2018-06-29,36070,2018-08-31,3,12870000000,0.028,,,,,410000000,0.371,440000000,0.160,,270000000,,31.16,,,,,,,,,,,,,,,,,,,,,,true,true,12,2017-09-01,2018-08-31,0
2018-06-29,36070,2017-08-31,3,,,,,,,,,,,,,,,,,,,,12663000000,5862000000,0.463,676.49,5862000000,,,,,,,,,,,,true,false,12,2016-09-01,2017-08-31,-1
2018-06-29,36070,2017-08-31,3,,,,,,,,,,,,,,,,,,,,,,,,,,,,,16.00,,,,9689200,1022982,,false,false,12,2016-09-01,2017-08-31,-1
2018-06-29,36070,2018-08-31,3,,,,,,,,,,,,,,,,,,,,,,,,,,,,,8.00,,,,,,,false,false,12,2017-09-01,2018-08-31,0
2018-06-29,36070,2018-08-31,3,,,,,,,,,,,,,,,,,,,,,,,,,,,,,16.00,,,,,,,false,true,12,2017-09-01,2018-08-31,0
2018-06-29,36070,2018-08-31,3,,,,,,,,,,,,,,,,,,,,,,,,,,,,,,,,,9689200,1023022,8666194,false,false,9,2017-09-01,2018-05-31,0
2018-06-29,36070,2017-08-31,3,,,,,,,,,,,,,,,,,,,,,,,,,,,,,,,,,,,8666282,false,false,9,2016-09-01,2017-05-31,-1
2018-09-28,36070,2018-08-31,,12251000000,-0.021,,,,,196000000,-0.344,270000000,-0.287,,10000000,,1.23,,0.002,0.022,0.016,,12107000000,5725000000,0.473,660.64,5725000000,643000000,-344000000,-575000000,1000000000,,,,,,,,true,false,12,2017-09-01,2018-08-31,0
2018-09-28,36070,2017-08-31,,12514000000,-0.039,,,,,299000000,-0.039,379000000,0.094,,633000000,,73.09,,0.113,0.030,0.024,,12663000000,5862000000,0.463,676.49,5862000000,319000000,-87000000,-183000000,1279000000,,0.219,,,,,,true,false,12,2016-09-01,2017-08-31,-1
2018-09-28,36070,2019-08-31,,12000000000,-0.021,,,,,260000000,0.325,300000000,0.110,,150000000,,17.31,,,,,,,,,,,,,,,,0.924,,,,,,true,true,12,2018-09-01,2019-08-31,1
2018-09-28,36070,2017-08-31,,4518000000,-0.077,,,,,-1000000,,347000000,-0.202,989000000,,,114.12,,,,,,8484000000,5609000000,0.661,647.33,5609000000,,,,,16.00,,,,9689200,1022982,8666267,false,false,12,2016-09-01,2017-08-31,-1
2018-09-28,36070,2018-08-31,,,,,,991000000,,127000000,,134000000,-0.614,54000000,,-0.945,6.33,,,,,,6142000000,5525000000,0.900,637.62,5525000000,,,,,16.00,,,,9689200,1023022,8666190,false,false,12,2017-09-01,2018-08-31,0
2018-09-28,36070,2019-08-31,,,,,,,,,,,,,,,,,,,,,,,,,,,,,,16.00,,,,,,,false,true,12,2018-09-01,2019-08-31,1
2019-01-10,36070,2019-08-31,1,3819000000,-0.050,,,,,745000000,-0.008,765000000,-0.004,,496000000,,57.34,,,,,,12458000000,6159000000,0.494,710.71,6159000000,,,,,,,,,,,,true,false,3,2018-09-01,2018-11-30,0
2019-01-10,36070,2018-08-31,1,4019000000,0.038,,,,,751000000,0.127,767000000,0.118,,506000000,,58.46,,,,,,,,,,,,,,,,,,,,,,true,false,3,2017-09-01,2017-11-30,-1
2019-01-10,36070,2019-08-31,1,12000000000,-0.021,,,,,260000000,0.325,300000000,0.110,,150000000,,17.31,,,,,,,,,,,,,,,,,,,,,,true,true,12,2018-09-01,2019-08-31,0
2019-01-10,36070,2018-08-31,1,,,,,,,,,,,,,,,,,,,,12107000000,5725000000,0.473,660.64,5725000000,,,,,,,,,,,,true,false,12,2017-09-01,2018-08-31,-1
2019-01-10,36070,2018-08-31,1,,,,,,,,,,,,,,,,,,,,,,,,,,,,,16.00,,,,9689200,1023022,,false,false,12,2017-09-01,2018-08-31,-1
2019-01-10,36070,2019-08-31,1,,,,,,,,,,,,,,,,,,,,,,,,,,,,,16.00,,,,,,,false,true,12,2018-09-01,2019-08-31,0
2019-01-10,36070,2019-08-31,1,,,,,,,,,,,,,,,,,,,,,,,,,,,,,,,,,9689200,1023023,8666177,false,false,3,2018-09-01,2018-11-30,0
2019-01-10,36070,2018-08-31,1,,,,,,,,,,,,,,,,,,,,,,,,,,,,,,,,,,,8666218,false,false,3,2017-09-01,2017-11-30,-1
2019-03-29,36070,2019-08-31,2,6209000000,-0.031,,,,,399000000,1.316,456000000,1.324,,351000000,,40.52,,,,,,12042000000,6029000000,0.501,691.98,6029000000,,,,,,,,,,,,true,false,6,2018-09-01,2019-02-28,0
2019-03-29,36070,2018-08-31,2,6409000000,-0.001,,,,,172000000,-0.484,196000000,-0.474,,86000000,,9.97,,,,,,,,,,,,,,,,,,,,,,true,false,6,2017-09-01,2018-02-28,-1
2019-03-29,36070,2019-08-31,2,12000000000,-0.021,,,,,260000000,0.325,300000000,0.110,,150000000,,17.31,,,,,,,,,,,,,,,,,,,,,,true,true,12,2018-09-01,2019-08-31,0
2019-03-29,36070,2018-08-31,2,,,,,,,,,,,,,,,,,,,,12107000000,5725000000,0.473,660.64,5725000000,,,,,,,,,,,,true,false,12,2017-09-01,2018-08-31,-1
2019-03-29,36070,2018-08-31,2,,,,,,,,,,,,,,,,,,,,,,,,,,,,,16.00,,,,9689200,1023022,,false,false,12,2017-09-01,2018-08-31,-1
2019-03-29,36070,2019-08-31,2,,,,,,,,,,,,,,,,,,,,,,,,,,,,,8.00,,,,,,,false,false,12,2018-09-01,2019-08-31,0
2019-03-29,36070,2019-08-31,2,,,,,,,,,,,,,,,,,,,,,,,,,,,,,16.00,,,,,,,false,true,12,2018-09-01,2019-08-31,0
2019-03-29,36070,2019-08-31,2,,,,,,,,,,,,,,,,,,,,,,,,,,,,,,,,,9689200,975523,8686534,false,false,6,2018-09-01,2019-02-28,0
2019-03-29,36070,2018-08-31,2,,,,,,,,,,,,,,,,,,,,,,,,,,,,,,,,,,,8666201,false,false,6,2017-09-01,2018-02-28,-1
2019-06-27,36070,2019-08-31,3,9576000000,-0.009,,,,,642000000,0.335,699000000,0.351,,510000000,,58.76,,,,,,13060000000,6117000000,0.468,702.06,6117000000,,,,,,,,,,,,true,false,9,2018-09-01,2019-05-31,0
2019-06-27,36070,2018-08-31,3,9665000000,-0.011,,,,,481000000,-0.245,517000000,-0.233,,278000000,,32.12,,,,,,,,,,,,,,,,,,,,,,true,false,9,2017-09-01,2018-05-31,-1
2019-06-27,36070,2019-08-31,3,12000000000,-0.021,,,,,260000000,0.325,300000000,0.110,,150000000,,17.31,,,,,,,,,,,,,,,,,,,,,,true,true,12,2018-09-01,2019-08-31,0
2019-06-27,36070,2018-08-31,3,,,,,,,,,,,,,,,,,,,,12107000000,5725000000,0.473,660.64,5725000000,,,,,,,,,,,,true,false,12,2017-09-01,2018-08-31,-1
2019-06-27,36070,2018-08-31,3,,,,,,,,,,,,,,,,,,,,,,,,,,,,,16.00,,,,9689200,1023022,,false,false,12,2017-09-01,2018-08-31,-1
2019-06-27,36070,2019-08-31,3,,,,,,,,,,,,,,,,,,,,,,,,,,,,,8.00,,,,,,,false,false,12,2018-09-01,2019-08-31,0
2019-06-27,36070,2019-08-31,3,,,,,,,,,,,,,,,,,,,,,,,,,,,,,18.00,,,,,,,false,true,12,2018-09-01,2019-08-31,0
2019-06-27,36070,2019-08-31,3,,,,,,,,,,,,,,,,,,,,,,,,,,,,,,,,,9689200,975523,8694677,false,false,9,2018-09-01,2019-05-31,0
2019-06-27,36070,2018-08-31,3,,,,,,,,,,,,,,,,,,,,,,,,,,,,,,,,,,,8666194,false,false,9,2017-09-01,2018-05-31,-1
2019-10-04,36070,2019-08-31,,12359000000,0.009,,,,,308000000,0.575,399000000,0.478,,61000000,,7.04,,0.011,0.032,0.025,,12518000000,5656000000,0.452,649.21,5656000000,726000000,-985000000,192000000,933000000,,2.555,,,,,,true,false,12,2018-09-01,2019-08-31,0
2019-10-04,36070,2018-08-31,,12251000000,-0.021,,,,,196000000,-0.344,270000000,-0.287,,10000000,,1.23,,0.002,0.022,0.016,,12107000000,5725000000,0.473,660.64,5725000000,643000000,-344000000,-575000000,1000000000,,,,,,,,true,false,12,2017-09-01,2018-08-31,-1
2019-10-04,36070,2020-08-31,,12600000000,0.019,,,,,330000000,0.068,400000000,0.001,,200000000,,22.87,,,,,,,,,,,,,,,,0.700,,,,,,true,true,12,2019-09-01,2020-08-31,1
2019-10-04,36070,2019-08-31,,,,,,1069000000,0.079,115000000,-0.091,149000000,0.112,96000000,,0.761,11.10,,,,,,6852000000,5505000000,0.803,631.83,5505000000,,,,,18.00,,,,9689200,975523,8699062,false,false,12,2018-09-01,2019-08-31,0
2019-10-04,36070,2018-08-31,,,,,,991000000,,127000000,,134000000,-0.614,54000000,,-0.945,6.33,,,,,,6142000000,5525000000,0.900,637.62,5525000000,,,,,16.00,,,,9689200,1023022,8666190,false,false,12,2017-09-01,2018-08-31,-1
2019-10-04,36070,2020-08-31,,,,,,,,,,,,,,,,,,,,,,,,,,,,,,16.00,,,,,,,false,true,12,2019-09-01,2020-08-31,1
2020-01-10,36070,2020-08-31,1,3877000000,0.015,,,,,711000000,-0.046,732000000,-0.043,,491000000,,56.35,,,,,,12961000000,6063000000,0.468,695.83,6063000000,,,,,,,,,,,,true,false,3,2019-09-01,2019-11-30,0
2020-01-10,36070,2019-08-31,1,3819000000,-0.050,,,,,745000000,-0.008,765000000,-0.004,,496000000,,57.34,,,,,,,,,,,,,,,,,,,,,,true,false,3,2018-09-01,2018-11-30,-1
2020-01-10,36070,2020-08-31,1,12600000000,0.019,,,,,330000000,0.068,400000000,0.001,,200000000,,22.87,,,,,,,,,,,,,,,,,,,,,,true,true,12,2019-09-01,2020-08-31,0
2020-01-10,36070,2019-08-31,1,,,,,,,,,,,,,,,,,,,,12518000000,5656000000,0.452,649.21,5656000000,,,,,,,,,,,,true,false,12,2018-09-01,2019-08-31,-1
2020-01-10,36070,2019-08-31,1,,,,,,,,,,,,,,,,,,,,,,,,,,,,,18.00,,,,9689200,975523,,false,false,12,2018-09-01,2019-08-31,-1
2020-01-10,36070,2020-08-31,1,,,,,,,,,,,,,,,,,,,,,,,,,,,,,16.00,,,,,,,false,true,12,2019-09-01,2020-08-31,0
2020-01-10,36070,2020-08-31,1,,,,,,,,,,,,,,,,,,,,,,,,,,,,,,,,,9689200,975563,8713667,false,false,3,2019-09-01,2019-11-30,0
2020-01-10,36070,2019-08-31,1,,,,,,,,,,,,,,,,,,,,,,,,,,,,,,,,,,,8666177,false,false,3,2018-09-01,2018-11-30,-1
2020-04-03,36070,2020-08-31,2,6225000000,0.003,,,,,224000000,-0.440,271000000,-0.404,,157000000,,18.00,,,,,,12683000000,5754000000,0.454,656.88,5754000000,,,,,,,,,,,,true,false,6,2019-09-01,2020-02-29,0
2020-04-03,36070,2019-08-31,2,6209000000,-0.031,,,,,399000000,1.316,456000000,1.324,,351000000,,40.52,,,,,,,,,,,,,,,,,,,,,,true,false,6,2018-09-01,2019-02-28,-1
2020-04-03,36070,2019-08-31,2,,,,,,,,,,,,,,,,,,,,12518000000,5656000000,0.452,649.21,5656000000,,,,,,,,,,,,true,false,12,2018-09-01,2019-08-31,-1
2020-04-03,36070,2019-08-31,2,,,,,,,,,,,,,,,,,,,,,,,,,,,,,18.00,,,,9689200,975523,,false,false,12,2018-09-01,2019-08-31,-1
2020-04-03,36070,2020-08-31,2,,,,,,,,,,,,,,,,,,,,,,,,,,,,,8.00,,,,,,,false,false,12,2019-09-01,2020-08-31,0
2020-04-03,36070,2020-08-31,2,,,,,,,,,,,,,,,,,,,,,,,,,,,,,,,,,9689200,928063,8734011,false,false,6,2019-09-01,2020-02-29,0
2020-04-03,36070,2019-08-31,2,,,,,,,,,,,,,,,,,,,,,,,,,,,,,,,,,,,8686534,false,false,6,2018-09-01,2019-02-28,-1
2020-07-03,36070,2020-08-31,3,7394000000,-0.228,,,,,-805000000,,-753000000,,,-959000000,,-109.77,,,,,,13256000000,4561000000,0.344,520.66,4561000000,,,,,,,,,,,,true,false,9,2019-09-01,2020-05-31,0
2020-07-03,36070,2019-08-31,3,9576000000,-0.009,,,,,642000000,0.335,699000000,0.351,,510000000,,58.76,,,,,,,,,,,,,,,,,,,,,,true,false,9,2018-09-01,2019-05-31,-1
2020-07-03,36070,2020-08-31,3,8000000000,-0.353,,,,,-2300000000,,-2100000000,,,-2400000000,,-274.39,,,,,,,,,,,,,,,,,,,,,,true,true,12,2019-09-01,2020-08-31,0
2020-07-03,36070,2019-08-31,3,,,,,,,,,,,,,,,,,,,,12518000000,5656000000,0.452,649.21,5656000000,,,,,,,,,,,,true,false,12,2018-09-01,2019-08-31,-1
2020-07-03,36070,2019-08-31,3,,,,,,,,,,,,,,,,,,,,,,,,,,,,,18.00,,,,9689200,975523,,false,false,12,2018-09-01,2019-08-31,-1
2020-07-03,36070,2020-08-31,3,,,,,,,,,,,,,,,,,,,,,,,,,,,,,8.00,,,,,,,false,false,12,2019-09-01,2020-08-31,0
2020-07-03,36070,2020-08-31,3,,,,,,,,,,,,,,,,,,,,,,,,,,,,,8.00,,,,,,,false,true,12,2019-09-01,2020-08-31,0
2020-07-03,36070,2020-08-31,3,,,,,,,,,,,,,,,,,,,,,,,,,,,,,,,,,9689200,928063,8742149,false,false,9,2019-09-01,2020-05-31,0
2020-07-03,36070,2019-08-31,3,,,,,,,,,,,,,,,,,,,,,,,,,,,,,,,,,,,8694677,false,false,9,2018-09-01,2019-05-31,-1
2020-10-02,36070,2020-08-31,,8272000000,-0.331,,,,,-2311000000,,-2061000000,,,-2367000000,,-270.66,,-0.537,-0.152,-0.279,,14610000000,3155000000,0.216,360.13,3155000000,-1935000000,-249000000,5247000000,3996000000,,,,,,,,true,false,12,2019-09-01,2020-08-31,0
2020-10-02,36070,2019-08-31,,12359000000,0.009,,,,,308000000,0.575,399000000,0.478,,61000000,,7.04,,0.011,0.032,0.025,,12518000000,5656000000,0.452,649.21,5656000000,726000000,-985000000,192000000,933000000,,2.555,,,,,,true,false,12,2018-09-01,2019-08-31,-1
2020-10-02,36070,2020-08-31,,,,,,1005000000,-0.060,111000000,-0.037,125000000,-0.159,-752000000,,,-86.00,,,,,,8826000000,4616000000,0.523,526.94,4616000000,,,,,8.00,,,,9689200,928063,8746531,false,false,12,2019-09-01,2020-08-31,0
2020-10-02,36070,2019-08-31,,,,,,1069000000,0.079,115000000,-0.091,149000000,0.112,96000000,,0.761,11.10,,,,,,6852000000,5505000000,0.803,631.83,5505000000,,,,,18.00,,,,9689200,975523,8699062,false,false,12,2018-09-01,2019-08-31,-1
2021-01-08,36070,2021-08-31,1,1965000000,-0.493,,,,,-311000000,,328000000,-0.551,,228000000,,26.13,,,,,,15449000000,3380000000,0.219,385.84,3380000000,,,,,,,,,,,,true,false,3,2020-09-01,2020-11-30,0
2021-01-08,36070,2020-08-31,1,3877000000,0.015,,,,,711000000,-0.046,732000000,-0.043,,491000000,,56.35,,,,,,,,,,,,,,,,,,,,,,true,false,3,2019-09-01,2019-11-30,-1
2021-01-08,36070,2020-08-31,1,,,,,,,,,,,,,,,,,,,,14610000000,3155000000,0.216,360.13,3155000000,,,,,,,,,,,,true,false,12,2019-09-01,2020-08-31,-1
2021-01-08,36070,2020-08-31,1,,,,,,,,,,,,,,,,,,,,,,,,,,,,,8.00,,,,9689200,928063,,false,false,12,2019-09-01,2020-08-31,-1
2021-01-08,36070,2021-08-31,1,,,,,,,,,,,,,,,,,,,,,,,,,,,,,,,,,9689200,928063,8761137,false,false,3,2020-09-01,2020-11-30,0
2021-01-08,36070,2020-08-31,1,,,,,,,,,,,,,,,,,,,,,,,,,,,,,,,,,,,8713667,false,false,3,2019-09-01,2019-11-30,-1
2021-04-02,36070,2021-08-31,2,3048000000,-0.510,,,,,-1178000000,,-302000000,,,-559000000,,-63.67,,,,,,14420000000,2603000000,0.181,295.55,2603000000,,,,,,,,,,,,true,false,6,2020-09-01,2021-02-28,0
2021-04-02,36070,2020-08-31,2,6225000000,0.003,,,,,224000000,-0.440,271000000,-0.404,,157000000,,18.00,,,,,,,,,,,,,,,,,,,,,,true,false,6,2019-09-01,2020-02-29,-1
2021-04-02,36070,2020-08-31,2,,,,,,,,,,,,,,,,,,,,14610000000,3155000000,0.216,360.13,3155000000,,,,,,,,,,,,true,false,12,2019-09-01,2020-08-31,-1
2021-04-02,36070,2020-08-31,2,,,,,,,,,,,,,,,,,,,,,,,,,,,,,8.00,,,,9689200,928063,,false,false,12,2019-09-01,2020-08-31,-1
2021-04-02,36070,2021-08-31,2,,,,,,,,,,,,,,,,,,,,,,,,,,,,,0.00,,,,,,,false,false,12,2020-09-01,2021-08-31,0
2021-04-02,36070,2021-08-31,2,,,,,,,,,,,,,,,,,,,,,,,,,,,,,,,,,9689200,880563,8781494,false,false,6,2020-09-01,2021-02-28,0
2021-04-02,36070,2020-08-31,2,,,,,,,,,,,,,,,,,,,,,,,,,,,,,,,,,,,8734011,false,false,6,2019-09-01,2020-02-29,-1
2021-07-02,3607,2021-08-31,3,5200000000,-0.297,,,,,-1203000000,,-68000000,,,-353000000,,-40.23,,,,,,14481000000,2824000000,0.195,320.68,2824000000,,,,,,,,,,,,true,false,9,2020-09-01,2021-05-31,0
2021-07-02,3607,2020-08-31,3,7394000000,-0.228,,,,,-805000000,,-753000000,,,-959000000,,-109.77,,,,,,,,,,,,,,,,,,,,,,true,false,9,2019-09-01,2020-05-31,-1
2021-07-02,3607,2021-08-31,3,6900000000,-0.166,,,,,-1800000000,,-500000000,,,-950000000,,-108.03,,,,,,,,,,,,,,,,,,,,,,true,true,12,2020-09-01,2021-08-31,0
2021-07-02,3607,2020-08-31,3,,,,,,,,,,,,,,,,,,,,14610000000,3155000000,0.216,360.13,3155000000,,,,,,,,,,,,true,false,12,2019-09-01,2020-08-31,-1
2021-07-02,3607,2020-08-31,3,,,,,,,,,,,,,,,,,,,,,,,,,,,,,8.00,,,,9689200,928063,,false,false,12,2019-09-01,2020-08-31,-1
2021-07-02,3607,2021-08-31,3,,,,,,,,,,,,,,,,,,,,,,,,,,,,,0.00,,,,,,,false,false,12,2020-09-01,2021-08-31,0
2021-07-02,3607,2021-08-31,3,,,,,,,,,,,,,,,,,,,,,,,,,,,,,0.00,,,,,,,false,true,12,2020-09-01,2021-08-31,0
2021-07-02,3607,2021-08-31,3,,,,,,,,,,,,,,,,,,,,,,,,,,,,,,,,,9689200,880563,8789637,false,false,9,2020-09-01,2021-05-31,0
2021-07-02,3607,2020-08-31,3,,,,,,,,,,,,,,,,,,,,,,,,,,,,,,,,,,,8742149,false,false,9,2019-09-01,2020-05-31,-1
2021-10-01,3607,2021-08-31,,7015000000,-0.152,,,,,-1732000000,,-405000000,,,-810000000,,-92.20,,-0.294,-0.029,-0.247,,13785000000,2368000000,0.172,268.90,2368000000,515000000,381000000,-126000000,4777000000,,,,,,,,true,false,12,2020-09-01,2021-08-31,0
2021-10-01,3607,2020-08-31,,8272000000,-0.331,,,,,-2311000000,,-2061000000,,,-2367000000,,-270.66,,-0.537,-0.152,-0.279,,14610000000,3155000000,0.216,360.13,3155000000,-1935000000,-249000000,5247000000,3996000000,,,,,,,,true,false,12,2019-09-01,2020-08-31,-1
2021-10-01,3607,2021-08-31,,,,,,830000000,-0.175,16000000,-0.855,20000000,-0.839,-86000000,,,-9.83,,,,,,8552000000,4546000000,0.532,516.17,4546000000,,,,,0.00,,,,9689200,880563,8794022,false,false,12,2020-09-01,2021-08-31,0
2021-10-01,3607,2020-08-31,,,,,,1005000000,-0.060,111000000,-0.037,125000000,-0.159,-752000000,,,-86.00,,,,,,8826000000,4616000000,0.523,526.94,4616000000,,,,,8.00,,,,9689200,928063,8746531,false,false,12,2019-09-01,2020-08-31,-1
2022-01-07,3607,2022-08-31,1,2478000000,0.261,,,,,216000000,,384000000,0.169,,377000000,,42.88,,,,,,13820000000,2679000000,0.194,304.23,2679000000,,,,,,,,,,,,true,false,3,2021-09-01,2021-11-30,0
2022-01-07,3607,2021-08-31,1,1965000000,-0.493,,,,,-311000000,,328000000,-0.551,,228000000,,26.13,,,,,,,,,,,,,,,,,,,,,,true,false,3,2020-09-01,2020-11-30,-1
2022-01-07,3607,2021-08-31,1,,,,,,,,,,,,,,,,,,,,13785000000,2368000000,0.172,268.90,2368000000,,,,,,,,,,,,true,false,12,2020-09-01,2021-08-31,-1
2022-01-07,3607,2021-08-31,1,,,,,,,,,,,,,,,,,,,,,,,,,,,,,0.00,,,,9689200,880563,,false,false,12,2020-09-01,2021-08-31,-1
2022-01-07,3607,2022-08-31,1,,,,,,,,,,,,,,,,,,,,,,,,,,,,,,,,,9689200,880603,8808627,false,false,3,2021-09-01,2021-11-30,0
2022-01-07,3607,2021-08-31,1,,,,,,,,,,,,,,,,,,,,,,,,,,,,,,,,,,,8761137,false,false,3,2020-09-01,2020-11-30,-1
2022-03-31,3607,2022-08-31,2,4149000000,0.361,,,,,-245000000,,18000000,,,70000000,,8.03,,,,,,13092000000,2390000000,0.183,269.83,2390000000,,,,,,,,,,,,true,false,6,2021-09-01,2022-02-28,0
2022-03-31,3607,2021-08-31,2,3048000000,-0.510,,,,,-1178000000,,-302000000,,,-559000000,,-63.67,,,,,,,,,,,,,,,,,,,,,,true,false,6,2020-09-01,2021-02-28,-1
2022-03-31,3607,2021-08-31,2,,,,,,,,,,,,,,,,,,,,13785000000,2368000000,0.172,268.90,2368000000,,,,,,,,,,,,true,false,12,2020-09-01,2021-08-31,-1
2022-03-31,3607,2021-08-31,2,,,,,,,,,,,,,,,,,,,,,,,,,,,,,0.00,,,,9689200,880563,,false,false,12,2020-09-01,2021-08-31,-1
2022-03-31,3607,2022-08-31,2,,,,,,,,,,,,,,,,,,,,,,,,,,,,,0.00,,,,,,,false,false,12,2021-09-01,2022-08-31,0
2022-03-31,3607,2022-08-31,2,,,,,,,,,,,,,,,,,,,,,,,,,,,,,,,,,9689200,829103,8830686,false,false,6,2021-09-01,2022-02-28,0
2022-03-31,3607,2021-08-31,2,,,,,,,,,,,,,,,,,,,,,,,,,,,,,,,,,,,8781494,false,false,6,2020-09-01,2021-02-28,-1
2022-07-01,3607,2022-08-31,3,7112000000,0.368,,,,,255000000,,733000000,,,777000000,,87.94,,,,,,13842000000,3099000000,0.224,349.87,3099000000,,,,,,,,,,,,true,false,9,2021-09-01,2022-05-31,0
2022-07-01,3607,2021-08-31,3,5200000000,-0.297,,,,,-1203000000,,-68000000,,,-353000000,,-40.23,,,,,,,,,,,,,,,,,,,,,,true,false,9,2020-09-01,2021-05-31,-1
2022-07-01,3607,2022-08-31,3,9200000000,0.311,,,,,30000000,,480000000,,,580000000,,65.58,,,,,,,,,,,,,,,,,,,,,,true,true,12,2021-09-01,2022-08-31,0
2022-07-01,3607,2021-08-31,3,,,,,,,,,,,,,,,,,,,,13785000000,2368000000,0.172,268.90,2368000000,,,,,,,,,,,,true,false,12,2020-09-01,2021-08-31,-1
2022-07-01,3607,2021-08-31,3,,,,,,,,,,,,,,,,,,,,,,,,,,,,,0.00,,,,9689200,880563,,false,false,12,2020-09-01,2021-08-31,-1
2022-07-01,3607,2022-08-31,3,,,,,,,,,,,,,,,,,,,,,,,,,,,,,0.00,,,,,,,false,false,12,2021-09-01,2022-08-31,0
2022-07-01,3607,2022-08-31,3,,,,,,,,,,,,,,,,,,,,,,,,,,,,,,,,,9689200,829103,8839509,false,false,9,2021-09-01,2022-05-31,0
2022-07-01,3607,2021-08-31,3,,,,,,,,,,,,,,,,,,,,,,,,,,,,,,,,,,,8789637,false,false,9,2020-09-01,2021-05-31,-1
,36070,2022-08-31,,,,,,,,,,,,,,,,,,,,,,,,,,,,,,3.00,,,,,,,false,true,12,2021-09-01,2022-08-31,0
,36070,2022-08-31,,,,,,,,,,,,,,,,,,,,,,,,,,,,,,0.00,,,,,,,false,false,12,2021-09-01,2022-08-31,0
,36070,2021-08-31,,,,,,,,,,,,,,,,,,,,,,,,,,,,,,0.00,,,,,,,false,false,12,2020-09-01,2021-08-31,-1
2022-09-29,36070,2022-08-31,,9507000000,0.033,,,,,104000000,2.467,686000000,0.429,,824000000,,93.21,,,,,,,,,,,,,,,,,,,,,,true,true,12,2021-09-01,2022-08-31,0
2022-09-29,36070,2021-08-31,,7015000000,,,,,,-1732000000,,-405000000,,,-810000000,,-92.20,,,,,,,,,,,,,,,,,,,,,,true,false,12,2020-09-01,2021-08-31,-1
2022-09-30,3607,2022-08-31,,9507000000,0.355,,,,,104000000,,686000000,,,824000000,,93.21,,0.299,0.050,0.011,,13577000000,3136000000,0.231,354.04,3136000000,989000000,-133000000,-1234000000,4455000000,,0.032,,,,,,true,false,12,2021-09-01,2022-08-31,0
2022-09-30,3607,2021-08-31,,7015000000,-0.152,,,,,-1732000000,,-405000000,,,-810000000,,-92.20,,-0.294,-0.029,-0.247,,13785000000,2368000000,0.172,268.90,2368000000,515000000,381000000,-126000000,4777000000,,,,,,,,true,false,12,2020-09-01,2021-08-31,-1
2022-09-30,3607,2023-08-31,,11000000000,0.157,,,,,400000000,2.843,380000000,-0.446,,320000000,,35.97,,,,,,,,,,,,,,,,0.139,,,,,,true,true,12,2022-09-01,2023-08-31,1
2022-09-30,3607,2022-08-31,,,,,,805000000,-0.030,46000000,1.885,55000000,1.742,-2255000000,,,-255.06,,,,,,10456000000,2303000000,0.220,260.04,2303000000,,,,,3.00,,,,9689200,829103,8844260,false,false,12,2021-09-01,2022-08-31,0
2022-09-30,3607,2021-08-31,,,,,,830000000,-0.175,16000000,-0.855,20000000,-0.839,-86000000,,,-9.83,,,,,,8552000000,4546000000,0.532,516.17,4546000000,,,,,0.00,,,,9689200,880563,8794022,false,false,12,2020-09-01,2021-08-31,-1
2022-09-30,3607,2023-08-31,,,,,,,,,,,,,,,,,,,,,,,,,,,,,,5.00,,,,,,,false,true,12,2022-09-01,2023-08-31,1
2023-01-10,3607,2023-08-31,1,3538000000,0.428,,,,,810000000,2.746,839000000,1.185,,784000000,,88.52,,,,,,14261000000,3921000000,0.275,442.59,3921000000,,,,,,,,,,,,true,false,3,2022-09-01,2022-11-30,0
2023-01-10,3607,2022-08-31,1,2478000000,0.261,,,,,216000000,,384000000,0.169,,377000000,,42.88,,,,,,,,,,,,,,,,,,,,,,true,false,3,2021-09-01,2021-11-30,-1
2023-01-10,3607,2023-08-31,1,11000000000,0.157,,,,,400000000,2.843,380000000,-0.446,,320000000,,35.97,,,,,,,,,,,,,,,,,,,,,,true,true,12,2022-09-01,2023-08-31,0
2023-01-10,3607,2022-08-31,1,,,,,,,,,,,,,,,,,,,,13577000000,3136000000,0.231,354.04,3136000000,,,,,,,,,,,,true,false,12,2021-09-01,2022-08-31,-1
2023-01-10,3607,2022-08-31,1,,,,,,,,,,,,,,,,,,,,,,,,,,,,,3.00,,,,9689200,829103,,false,false,12,2021-09-01,2022-08-31,-1
2023-01-10,3607,2023-08-31,1,,,,,,,,,,,,,,,,,,,,,,,,,,,,,5.00,,,,,,,false,true,12,2022-09-01,2023-08-31,0
2023-01-10,3607,2023-08-31,1,,,,,,,,,,,,,,,,,,,,,,,,,,,,,,,,,9689200,829103,8860097,false,false,3,2022-09-01,2022-11-30,0
2023-01-10,3607,2022-08-31,1,,,,,,,,,,,,,,,,,,,,,,,,,,,,,,,,,,,8808627,false,false,3,2021-09-01,2021-11-30,-1
2023-03-31,3607,2023-08-31,2,5799000000,0.398,,,,,534000000,,565000000,,,529000000,,59.59,,,,,,13477000000,3634000000,0.270,407.80,3634000000,,,,,,,,,,,,true,false,6,2022-09-01,2023-02-28,0
2023-03-31,3607,2022-08-31,2,4149000000,0.361,,,,,-245000000,,18000000,,,70000000,,8.03,,,,,,,,,,,,,,,,,,,,,,true,false,6,2021-09-01,2022-02-28,-1
2023-03-31,3607,2023-08-31,2,11000000000,0.157,,,,,400000000,2.843,380000000,-0.446,,320000000,,35.97,,,,,,,,,,,,,,,,,,,,,,true,true,12,2022-09-01,2023-08-31,0
2023-03-31,3607,2022-08-31,2,,,,,,,,,,,,,,,,,,,,13577000000,3136000000,0.231,354.04,3136000000,,,,,,,,,,,,true,false,12,2021-09-01,2022-08-31,-1
2023-03-31,3607,2022-08-31,2,,,,,,,,,,,,,,,,,,,,,,,,,,,,,3.00,,,,9689200,829103,,false,false,12,2021-09-01,2022-08-31,-1
2023-03-31,3607,2023-08-31,2,,,,,,,,,,,,,,,,,,,,,,,,,,,,,2.00,,,,,,,false,false,12,2022-09-01,2023-08-31,0
2023-03-31,3607,2023-08-31,2,,,,,,,,,,,,,,,,,,,,,,,,,,,,,7.00,,,,,,,false,true,12,2022-09-01,2023-08-31,0
2023-03-31,3607,2023-08-31,2,,,,,,,,,,,,,,,,,,,,,,,,,,,,,,,,,9689200,777603,8882168,false,false,6,2022-09-01,2023-02-28,0
2023-03-31,3607,2022-08-31,2,,,,,,,,,,,,,,,,,,,,,,,,,,,,,,,,,,,8830686,false,false,6,2021-09-01,2022-02-28,-1
,36070,2023-08-31,,,,,,,,,,,,,,,,,,,,,,,,,,,,,,7.00,,,,,,,false,true,12,2022-09-01,2023-08-31,0
,36070,2023-08-31,,,,,,,,,,,,,,,,,,,,,,,,,,,,,,2.00,,,,,,,false,false,12,2022-09-01,2023-08-31,0
,36070,2022-08-31,,,,,,,,,,,,,,,,,,,,,,,,,,,,,,3.00,,,,,,,false,false,12,2021-09-01,2022-08-31,-1
2023-06-30,3607,2023-08-31,3,8891000000,0.250,,,,,805000000,2.158,839000000,0.144,,723000000,,81.42,,,,,,13932000000,3815000000,0.274,428.11,3815000000,,,,,,,,,,,,true,false,9,2022-09-01,2023-05-31,0
2023-06-30,3607,2022-08-31,3,7112000000,0.368,,,,,255000000,,733000000,,,777000000,,87.94,,,,,,,,,,,,,,,,,,,,,,true,false,9,2021-09-01,2022-05-31,-1
2023-06-30,3607,2023-08-31,3,11300000000,0.188,,,,,500000000,3.804,520000000,-0.243,,450000000,,50.59,,,,,,,,,,,,,,,,,,,,,,true,true,12,2022-09-01,2023-08-31,0
2023-06-30,3607,2022-08-31,3,,,,,,,,,,,,,,,,,,,,13577000000,3136000000,0.231,354.04,3136000000,,,,,,,,,,,,true,false,12,2021-09-01,2022-08-31,-1
2023-06-30,3607,2022-08-31,3,,,,,,,,,,,,,,,,,,,,,,,,,,,,,3.00,,,,9689200,829103,,false,false,12,2021-09-01,2022-08-31,-1
2023-06-30,3607,2023-08-31,3,,,,,,,,,,,,,,,,,,,,,,,,,,,,,2.00,,,,,,,false,false,12,2022-09-01,2023-08-31,0
2023-06-30,3607,2023-08-31,3,,,,,,,,,,,,,,,,,,,,,,,,,,,,,7.00,,,,,,,false,true,12,2022-09-01,2023-08-31,0
2023-06-30,3607,2023-08-31,3,,,,,,,,,,,,,,,,,,,,,,,,,,,,,,,,,9689200,777543,8891003,false,false,9,2022-09-01,2023-05-31,0
2023-06-30,3607,2022-08-31,3,,,,,,,,,,,,,,,,,,,,,,,,,,,,,,,,,,,8839509,false,false,9,2021-09-01,2022-05-31,-1
2023-06-30,36070,2023-08-31,,11300000000,0.027,,,,,500000000,0.250,520000000,0.368,450000000,,0.406,50.59,,,,,,,,,,,,,,,,,,,,,,true,true,12,2022-09-01,2023-08-31,0
2023-06-30,36070,2022-08-31,,9507000000,,,,,,104000000,,686000000,,824000000,,,93.21,,,,,,,,,,,,,,,,,,,,,,true,false,12,2021-09-01,2022-08-31,-1
2023-10-03,3607,2023-08-31,,11521000000,0.212,,,,,553000000,4.318,617000000,-0.101,,562000000,,63.18,,0.165,0.048,0.048,,11898000000,3695000000,0.311,414.71,3695000000,761000000,-409000000,-2731000000,2077000000,,0.111,,,,,,true,false,12,2022-09-01,2023-08-31,0
2023-10-03,3607,2022-08-31,,9507000000,0.355,,,,,104000000,,686000000,,,824000000,,93.21,,0.299,0.050,0.011,,13577000000,3136000000,0.231,354.04,3136000000,989000000,-133000000,-1234000000,4455000000,,0.032,,,,,,true,false,12,2021-09-01,2022-08-31,-1
2023-10-03,3607,2024-08-31,,12500000000,0.085,,,,,600000000,0.084,570000000,-0.076,,500000000,,55.98,,,,,,,,,,,,,,,,0.179,,,,,,true,true,12,2023-09-01,2024-08-31,1
2023-10-03,3607,2023-08-31,,,,,,825000000,0.025,6000000,-0.852,13000000,-0.753,49000000,,,5.59,,,,,,7836000000,2325000000,0.297,260.93,2325000000,,,,,7.00,,,,9689200,777543,8895769,false,false,12,2022-09-01,2023-08-31,0
2023-10-03,3607,2022-08-31,,,,,,805000000,-0.030,46000000,1.885,55000000,1.742,-2255000000,,,-255.06,,,,,,10456000000,2303000000,0.220,260.04,2303000000,,,,,3.00,,,,9689200,829103,8844260,false,false,12,2021-09-01,2022-08-31,-1
2023-10-03,3607,2024-08-31,,,,,,,,,,,,,,,,,,,,,,,,,,,,,,10.00,,,,,,,false,true,12,2023-09-01,2024-08-31,1
2024-01-10,3607,2024-08-31,1,4060000000,0.147,,,,,887000000,0.095,845000000,0.007,,788000000,,88.42,,,,,,14167000000,4389000000,0.310,492.55,4389000000,,,,,,,,,,,,true,false,3,2023-09-01,2023-11-30,0
2024-01-10,3607,2023-08-31,1,3538000000,0.428,,,,,810000000,2.746,839000000,1.185,,784000000,,88.52,,,,,,,,,,,,,,,,,,,,,,true,false,3,2022-09-01,2022-11-30,-1
2024-01-10,3607,2024-08-31,1,12500000000,0.085,,,,,600000000,0.084,570000000,-0.076,,500000000,,55.98,,,,,,,,,,,,,,,,,,,,,,true,true,12,2023-09-01,2024-08-31,0
2024-01-10,3607,2023-08-31,1,,,,,,,,,,,,,,,,,,,,11898000000,3695000000,0.311,414.71,3695000000,,,,,,,,,,,,true,false,12,2022-09-01,2023-08-31,-1
2024-01-10,3607,2023-08-31,1,,,,,,,,,,,,,,,,,,,,,,,,,,,,,7.00,,,,9689200,777543,,false,false,12,2022-09-01,2023-08-31,-1
2024-01-10,3607,2024-08-31,1,,,,,,,,,,,,,,,,,,,,,,,,,,,,,10.00,,,,,,,false,true,12,2023-09-01,2024-08-31,0
2024-01-10,3607,2024-08-31,1,,,,,,,,,,,,,,,,,,,,,,,,,,,,,,,,,9689200,777543,8911657,false,false,3,2023-09-01,2023-11-30,0
2024-01-10,3607,2023-08-31,1,,,,,,,,,,,,,,,,,,,,,,,,,,,,,,,,,,,8860097,false,false,3,2022-09-01,2022-11-30,-1
2024-03-29,3607,2024-08-31,2,7027000000,0.212,,,,,695000000,0.302,698000000,0.235,,634000000,,70.99,,,,,,13773000000,4227000000,0.307,471.62,4227000000,,,,,,,,,,,,true,false,6,2023-09-01,2024-02-29,0
2024-03-29,3607,2023-08-31,2,5799000000,0.398,,,,,534000000,,565000000,,,529000000,,59.59,,,,,,,,,,,,,,,,,,,,,,true,false,6,2022-09-01,2023-02-28,-1
2024-03-29,3607,2024-08-31,2,12500000000,0.085,,,,,600000000,0.084,570000000,-0.076,,500000000,,55.98,,,,,,,,,,,,,,,,,,,,,,true,true,12,2023-09-01,2024-08-31,0
2024-03-29,3607,2023-08-31,2,,,,,,,,,,,,,,,,,,,,11898000000,3695000000,0.311,414.71,3695000000,,,,,,,,,,,,true,false,12,2022-09-01,2023-08-31,-1
2024-03-29,3607,2023-08-31,2,,,,,,,,,,,,,,,,,,,,,,,,,,,,,7.00,,,,9689200,777543,,false,false,12,2022-09-01,2023-08-31,-1
2024-03-29,3607,2024-08-31,2,,,,,,,,,,,,,,,,,,,,,,,,,,,,,3.00,,,,,,,false,false,12,2023-09-01,2024-08-31,0
2024-03-29,3607,2024-08-31,2,,,,,,,,,,,,,,,,,,,,,,,,,,,,,10.00,,,,,,,false,true,12,2023-09-01,2024-08-31,0
2024-03-29,3607,2024-08-31,2,,,,,,,,,,,,,,,,,,,,,,,,,,,,,,,,,9689200,726043,8933728,false,false,6,2023-09-01,2024-02-29,0
2024-03-29,3607,2023-08-31,2,,,,,,,,,,,,,,,,,,,,,,,,,,,,,,,,,,,8882168,false,false,6,2022-09-01,2023-02-28,-1
2024-06-28,3607,2024-08-31,3,10421000000,0.172,,,,,853000000,0.059,906000000,0.080,,790000000,,88.42,,,,,,12975000000,4392000000,0.339,490.04,4392000000,,,,,,,,,,,,true,false,9,2023-09-01,2024-05-31,0
2024-06-28,3607,2023-08-31,3,8891000000,0.250,,,,,805000000,2.158,839000000,0.144,,723000000,,81.42,,,,,,,,,,,,,,,,,,,,,,true,false,9,2022-09-01,2023-05-31,-1
2024-06-28,3607,2024-08-31,3,12500000000,0.085,,,,,600000000,0.084,570000000,-0.076,,500000000,,55.98,,,,,,,,,,,,,,,,,,,,,,true,true,12,2023-09-01,2024-08-31,0
2024-06-28,3607,2023-08-31,3,,,,,,,,,,,,,,,,,,,,11898000000,3695000000,0.311,414.71,3695000000,,,,,,,,,,,,true,false,12,2022-09-01,2023-08-31,-1
2024-06-28,3607,2023-08-31,3,,,,,,,,,,,,,,,,,,,,,,,,,,,,,7.00,,,,9689200,777543,,false,false,12,2022-09-01,2023-08-31,-1
2024-06-28,3607,2024-08-31,3,,,,,,,,,,,,,,,,,,,,,,,,,,,,,3.00,,,,,,,false,false,12,2023-09-01,2024-08-31,0
2024-06-28,3607,2024-08-31,3,,,,,,,,,,,,,,,,,,,,,,,,,,,,,10.00,,,,,,,false,true,12,2023-09-01,2024-08-31,0
2024-06-28,3607,2024-08-31,3,,,,,,,,,,,,,,,,,,,,,,,,,,,,,,,,,9689200,726043,8942557,false,false,9,2023-09-01,2024-05-31,0
2024-06-28,3607,2023-08-31,3,,,,,,,,,,,,,,,,,,,,,,,,,,,,,,,,,,,8891003,false,false,9,2022-09-01,2023-05-31,-1
2024-10-01,3607,2024-08-31,,13219000000,0.147,,,,,341000000,-0.383,388000000,-0.370,,192000000,,21.52,,0.051,0.031,0.026,,12813000000,3829000000,0.299,427.24,3829000000,526000000,-979000000,36000000,1685000000,,0.465,,,,,,true,false,12,2023-09-01,2024-08-31,0
2024-10-01,3607,2023-08-31,,11521000000,0.212,,,,,553000000,4.318,617000000,-0.101,,562000000,,63.18,,0.165,0.048,0.048,,11898000000,3695000000,0.311,414.71,3695000000,761000000,-409000000,-2731000000,2077000000,,0.111,,,,,,true,false,12,2022-09-01,2023-08-31,-1
2024-10-01,3607,2025-08-31,,14000000000,0.059,,,,,450000000,0.317,430000000,0.107,,350000000,,38.90,,,,,,,,,,,,,,,,0.257,,,,,,true,true,12,2024-09-01,2025-08-31,1
2024-10-01,3607,2024-08-31,,,,,,1087000000,0.317,173000000,,172000000,,170000000,,2.428,19.06,,,,,,8816000000,2448000000,0.278,273.13,2448000000,,,,,10.00,,,,9689200,726043,8947311,false,false,12,2023-09-01,2024-08-31,0
2024-10-01,3607,2023-08-31,,,,,,825000000,0.025,6000000,-0.852,13000000,-0.753,49000000,,,5.59,,,,,,7836000000,2325000000,0.297,260.93,2325000000,,,,,7.00,,,,9689200,777543,8895769,false,false,12,2022-09-01,2023-08-31,-1
2024-10-01,3607,2025-08-31,,,,,,,,,,,,,,,,,,,,,,,,,,,,,,10.00,,,,,,,false,true,12,2024-09-01,2025-08-31,1
2025-01-10,3607,2025-08-31,1,4085000000,0.006,,,,,636000000,-0.283,649000000,-0.232,,577000000,,64.45,,,,,,13706000000,4273000000,0.312,476.81,4273000000,,,,,,,,,,,,true,false,3,2024-09-01,2024-11-30,0
2025-01-10,3607,2024-08-31,1,4060000000,0.147,,,,,887000000,0.095,845000000,0.007,,788000000,,88.42,,,,,,,,,,,,,,,,,,,,,,true,false,3,2023-09-01,2023-11-30,-1
2025-01-10,3607,2025-08-31,1,14000000000,0.059,,,,,450000000,0.317,430000000,0.107,,350000000,,38.90,,,,,,,,,,,,,,,,,,,,,,true,true,12,2024-09-01,2025-08-31,0
2025-01-10,3607,2024-08-31,1,,,,,,,,,,,,,,,,,,,,12813000000,3829000000,0.299,427.24,3829000000,,,,,,,,,,,,true,false,12,2023-09-01,2024-08-31,-1
2025-01-10,3607,2024-08-31,1,,,,,,,,,,,,,,,,,,,,,,,,,,,,,10.00,,,,9689200,726043,,false,false,12,2023-09-01,2024-08-31,-1
2025-01-10,3607,2025-08-31,1,,,,,,,,,,,,,,,,,,,,,,,,,,,,,10.00,,,,,,,false,true,12,2024-09-01,2025-08-31,0
2025-01-10,3607,2025-08-31,1,,,,,,,,,,,,,,,,,,,,,,,,,,,,,,,,,9689200,726460,8962949,false,false,3,2024-09-01,2024-11-30,0
2025-01-10,3607,2024-08-31,1,,,,,,,,,,,,,,,,,,,,,,,,,,,,,,,,,,,8911657,false,false,3,2023-09-01,2023-11-30,-1
2025-03-31,3607,2025-08-31,2,7078000000,0.007,,,,,370000000,-0.467,380000000,-0.455,,336000000,,37.48,,,,,,12900000000,4101000000,0.318,455.09,4101000000,,,,,,,,,,,,true,false,6,2024-09-01,2025-02-28,0
2025-03-31,3607,2024-08-31,2,7027000000,0.212,,,,,695000000,0.302,698000000,0.235,,634000000,,70.99,,,,,,,,,,,,,,,,,,,,,,true,false,6,2023-09-01,2024-02-29,-1
2025-03-31,3607,2025-08-31,2,14000000000,0.059,,,,,450000000,0.317,430000000,0.107,,350000000,,38.90,,,,,,,,,,,,,,,,,,,,,,true,true,12,2024-09-01,2025-08-31,0
2025-03-31,3607,2024-08-31,2,,,,,,,,,,,,,,,,,,,,12813000000,3829000000,0.299,427.24,3829000000,,,,,,,,,,,,true,false,12,2023-09-01,2024-08-31,-1
2025-03-31,3607,2024-08-31,2,,,,,,,,,,,,,,,,,,,,,,,,,,,,,10.00,,,,9689200,726043,,false,false,12,2023-09-01,2024-08-31,-1
2025-03-31,3607,2025-08-31,2,,,,,,,,,,,,,,,,,,,,,,,,,,,,,5.00,,,,,,,false,false,12,2024-09-01,2025-08-31,0
2025-03-31,3607,2025-08-31,2,,,,,,,,,,,,,,,,,,,,,,,,,,,,,10.00,,,,,,,false,true,12,2024-09-01,2025-08-31,0
2025-03-31,3607,2025-08-31,2,,,,,,,,,,,,,,,,,,,,,,,,,,,,,,,,,9689200,677460,8983859,false,false,6,2024-09-01,2025-02-28,0
2025-03-31,3607,2024-08-31,2,,,,,,,,,,,,,,,,,,,,,,,,,,,,,,,,,,,8933728,false,false,6,2023-09-01,2024-02-29,-1
