filing_date,code,fiscal_year_end,quarterly_period,net_sales,net_sales_change,revenue,revenue_change,operating_revenue,operating_revenue_change,operating_profit,operating_profit_change,ordinary_profit,ordinary_profit_change,net_income,net_income_of_parent,net_income_change,eps,diluted_eps,roe,roa,operating_profit_to_net_sales,operating_profit_to_revenue,total_assets,net_assets,equity_ratio,bps,owner_equity,operating_cash_flow,investing_cash_flow,financing_cash_flow,cash,dividend_per_share,payout_ratio,commemorative_dividend,extra_dividend,number_of_shares,number_of_treqsury_shares,avg_number_of_shares,is_consolidated,is_forecast,duration,period_start,period_end,period_pos
2015-05-11,36220,2015-03-31,,7239000000,0.353,,,,,442000000,1.348,446000000,1.339,73000000,,0.251,10.81,10.63,0.038,0.138,0.061,,3352000000,1972000000,0.584,285.90,1959000000,648000000,-75000000,-140000000,1463000000,,0.301,,,,,,true,false,12,2014-04-01,2015-03-31,0
2015-05-11,36220,2014-03-31,,5352000000,0.229,,,,,188000000,0.327,191000000,0.328,59000000,,-0.342,8.77,8.52,0.032,0.068,0.035,,3143000000,1909000000,0.604,279.00,1899000000,82000000,-407000000,306000000,1031000000,,0.371,,,,,,true,false,12,2013-04-01,2014-03-31,-1
2015-05-11,36220,2016-03-31,,7500000000,0.036,,,,,250000000,-0.436,250000000,-0.441,,150000000,,21.89,,,,,,,,,,,,,,,,,,,,,,true,true,12,2015-04-01,2016-03-31,1
2015-05-11,36220,2015-03-31,,5772000000,0.414,,,,,452000000,2.126,489000000,2.263,30000000,,-0.507,4.44,4.37,,,,,2918000000,1799000000,0.617,262.60,1799000000,,,,,3.25,,,,6853800,66,6842531,false,false,12,2014-04-01,2015-03-31,0
2015-05-11,36220,2014-03-31,,4083000000,0.219,,,,,144000000,0.605,149000000,0.510,61000000,,-0.230,9.15,8.90,,,,,2793000000,1783000000,0.638,261.93,1783000000,,,,,3.25,,,,6807600,66,6744789,false,false,12,2013-04-01,2014-03-31,-1
2015-05-11,36220,2016-03-31,,,,,,,,,,,,,,,,,,,,,,,,,,,,,,3.25,,,,,,,false,true,12,2015-04-01,2016-03-31,1
2015-05-11,36220,2015-03-31,,7239000000,0.049,,,,,442000000,0.107,446000000,0.117,73000000,,1.466,10.81,,,,,,,,,,,,,,,,,,,,,,true,true,12,2014-04-01,2015-03-31,0
2015-05-11,36220,2014-03-31,,5352000000,,,,,,188000000,,191000000,,59000000,,,8.77,,,,,,,,,,,,,,,,,,,,,,true,false,12,2013-04-01,2014-03-31,-1
2015-07-31,36220,2016-03-31,1,1667000000,0.340,,,,,22000000,,22000000,,,-12000000,,-1.76,,,,,,2959000000,1936000000,0.650,280.89,1925000000,,,,,,,,,,,,true,false,3,2015-04-01,2015-06-30,0
2015-07-31,36220,2015-03-31,1,1244000000,0.483,,,,,-80000000,,-79000000,,,-81000000,,-11.90,,,,,,,,,,,,,,,,,,,,,,true,false,3,2014-04-01,2014-06-30,-1
2015-07-31,36220,2016-03-31,1,7500000000,0.036,,,,,250000000,-0.436,250000000,-0.441,,150000000,,21.89,,,,,,,,,,,,,,,,,,,,,,true,true,12,2015-04-01,2016-03-31,0
2015-07-31,36220,2015-03-31,1,,,,,,,,,,,,,,,,,,,,3352000000,1972000000,0.584,285.90,1959000000,,,,,,,,,,,,true,false,12,2014-04-01,2015-03-31,-1
2015-07-31,36220,2015-03-31,1,,,,,,,,,,,,,,,,,,,,,,,,,,,,,3.25,,,,6853800,66,,false,false,12,2014-04-01,2015-03-31,-1
2015-07-31,36220,2016-03-31,1,,,,,,,,,,,,,,,,,,,,,,,,,,,,,3.25,,,,,,,false,true,12,2015-04-01,2016-03-31,0
2015-07-31,36220,2016-03-31,1,,,,,,,,,,,,,,,,,,,,,,,,,,,,,,,,,6854200,66,6853815,false,false,3,2015-04-01,2015-06-30,0
2015-07-31,36220,2015-03-31,1,,,,,,,,,,,,,,,,,,,,,,,,,,,,,,,,,,,6817422,false,false,3,2014-04-01,2014-06-30,-1
2015-10-29,36220,2016-03-31,2,3667000000,0.134,,,,,216000000,0.594,214000000,0.561,,132000000,,19.38,19.10,,,,,3141000000,2082000000,0.659,301.98,2070000000,,,,,,,,,,,,true,false,6,2015-04-01,2015-09-30,0
2015-10-29,36220,2015-03-31,2,3234000000,0.368,,,,,135000000,0.314,137000000,0.307,,61000000,,9.00,8.83,,,,,,,,,,,,,,,,,,,,,true,false,6,2014-04-01,2014-09-30,-1
2015-10-29,36220,2016-03-31,2,7500000000,0.036,,,,,250000000,-0.436,250000000,0.441,,150000000,,21.89,,,,,,,,,,,,,,,,,,,,,,true,true,12,2015-04-01,2016-03-31,0
2015-10-29,36220,2015-03-31,2,,,,,,,,,,,,,,,,,,,,3352000000,1972000000,0.584,285.90,1959000000,,,,,,,,,,,,true,false,12,2014-04-01,2015-03-31,-1
2015-10-29,36220,2015-03-31,2,,,,,,,,,,,,,,,,,,,,,,,,,,,,,3.25,,,,6853800,66,,false,false,12,2014-04-01,2015-03-31,-1
2015-10-29,36220,2016-03-31,2,,,,,,,,,,,,,,,,,,,,,,,,,,,,,0.00,,,,,,,false,false,12,2015-04-01,2016-03-31,0
2015-10-29,36220,2016-03-31,2,,,,,,,,,,,,,,,,,,,,,,,,,,,,,3.25,,,,,,,false,true,12,2015-04-01,2016-03-31,0
2015-10-29,36220,2016-03-31,2,,,,,,,,,,,,,,,,,,,,,,,,,,,,,,,,,6855200,66,6854172,false,false,6,2015-04-01,2015-09-30,0
2015-10-29,36220,2015-03-31,2,,,,,,,,,,,,,,,,,,,,,,,,,,,,,,,,,,,6833067,false,false,6,2014-04-01,2014-09-30,-1
2016-01-29,36220,2016-03-31,3,5067000000,0.003,,,,,123000000,-0.547,121000000,-0.559,,62000000,,9.07,8.95,,,,,2842000000,2017000000,0.703,291.67,1999000000,,,,,,,,,,,,true,false,9,2015-04-01,2015-12-31,0
2016-01-29,36220,2015-03-31,3,5052000000,0.409,,,,,273000000,7.398,275000000,7.237,,-26000000,,-3.90,,,,,,,,,,,,,,,,,,,,,,true,false,9,2014-04-01,2014-12-31,-1
2016-01-29,36220,2016-03-31,3,7500000000,0.036,,,,,250000000,-0.436,250000000,-0.441,,150000000,,21.89,,,,,,,,,,,,,,,,,,,,,,true,true,12,2015-04-01,2016-03-31,0
2016-01-29,36220,2015-03-31,3,,,,,,,,,,,,,,,,,,,,3352000000,1972000000,0.584,285.90,1959000000,,,,,,,,,,,,true,false,12,2014-04-01,2015-03-31,-1
2016-01-29,36220,2015-03-31,3,,,,,,,,,,,,,,,,,,,,,,,,,,,,,3.25,,,,6853800,66,,false,false,12,2014-04-01,2015-03-31,-1
2016-01-29,36220,2016-03-31,3,,,,,,,,,,,,,,,,,,,,,,,,,,,,,0.00,,,,,,,false,false,12,2015-04-01,2016-03-31,0
2016-01-29,36220,2016-03-31,3,,,,,,,,,,,,,,,,,,,,,,,,,,,,,3.25,,,,,,,false,true,12,2015-04-01,2016-03-31,0
2016-01-29,36220,2016-03-31,3,,,,,,,,,,,,,,,,,,,,,,,,,,,,,,,,,6855400,66,6854507,false,false,9,2015-04-01,2015-12-31,0
2016-01-29,36220,2015-03-31,3,,,,,,,,,,,,,,,,,,,,,,,,,,,,,,,,,,,6839002,false,false,9,2014-04-01,2014-12-31,-1
2016-04-18,36220,2016-03-31,,6801000000,-0.093,,,,,146000000,-0.416,143000000,-0.428,,74000000,,10.89,,,,,,,,,,,,,,,,,,,,,,true,true,12,2015-04-01,2016-03-31,0
2016-04-18,36220,2015-03-31,,7239000000,,,,,,442000000,,446000000,,,73000000,,10.81,,,,,,,,,,,,,,,,,,,,,,true,false,12,2014-04-01,2015-03-31,-1
2016-05-10,36220,2016-03-31,,6801000000,-0.060,,,,,146000000,-0.670,143000000,-0.678,,74000000,,10.89,10.76,0.038,0.044,0.021,,3176000000,2042000000,0.637,293.80,2021000000,-43000000,-105000000,-95000000,1219000000,,0.298,,,,,,true,false,12,2015-04-01,2016-03-31,0
2016-05-10,36220,2015-03-31,,7239000000,0.353,,,,,442000000,1.348,446000000,1.339,,73000000,,10.81,10.63,0.038,0.138,0.061,,3352000000,1972000000,0.584,285.90,1959000000,648000000,-75000000,-140000000,1463000000,,0.301,,,,,,true,false,12,2014-04-01,2015-03-31,-1
2016-05-10,36220,2017-03-31,,6500000000,-0.044,,,,,200000000,0.369,200000000,0.391,,124000000,,18.02,,,,,,,,,,,,,,,,,,,,,,true,true,12,2016-04-01,2017-03-31,1
2016-05-10,36220,2016-03-31,,4888000000,-0.153,,,,,27000000,-0.940,26000000,-0.945,9000000,,-0.703,1.32,1.30,,,,,2689000000,1799000000,0.6680,261.04,1796000000,,,,,3.25,,,,6881900,66,6860617,false,false,12,2015-04-01,2016-03-31,0
2016-05-10,36220,2015-03-31,,5772000000,0.414,,,,,452000000,2.126,489000000,2.263,30000000,,-0.507,4.44,4.37,,,,,2918000000,1799000000,0.617,262.60,1799000000,,,,,3.25,,,,6853800,66,6842531,false,false,12,2014-04-01,2015-03-31,-1
2016-05-10,36220,2017-03-31,,,,,,,,,,,,,,,,,,,,,,,,,,,,,,3.25,,,,,,,false,true,12,2016-04-01,2017-03-31,1
2016-07-29,36220,2017-03-31,1,1098000000,-0.341,,,,,-253000000,,-253000000,,,-236000000,,-34.39,,,,,,2628000000,1784000000,0.671,256.22,1764000000,,,,,,,,,,,,true,false,3,2016-04-01,2016-06-30,0
2016-07-29,36220,2016-03-31,1,1667000000,0.340,,,,,22000000,,22000000,,,-12000000,,-1.76,,,,,,,,,,,,,,,,,,,,,,true,false,3,2015-04-01,2015-06-30,-1
2016-07-29,36220,2017-03-31,1,6500000000,-0.044,,,,,200000000,0.369,200000000,0.391,,124000000,,18.02,,,,,,,,,,,,,,,,,,,,,,true,true,12,2016-04-01,2017-03-31,0
2016-07-29,36220,2016-03-31,1,,,,,,,,,,,,,,,,,,,,3176000000,2042000000,0.637,293.80,2021000000,,,,,,,,,,,,true,false,12,2015-04-01,2016-03-31,-1
2016-07-29,36220,2016-03-31,1,,,,,,,,,,,,,,,,,,,,,,,,,,,,,3.25,,,,6881900,66,,false,false,12,2015-04-01,2016-03-31,-1
2016-07-29,36220,2017-03-31,1,,,,,,,,,,,,,,,,,,,,,,,,,,,,,3.25,,,,,,,false,true,12,2016-04-01,2017-03-31,0
2016-07-29,36220,2017-03-31,1,,,,,,,,,,,,,,,,,,,,,,,,,,,,,,,,,6886900,113,6883439,false,false,3,2016-04-01,2016-06-30,0
2016-07-29,36220,2016-03-31,1,,,,,,,,,,,,,,,,,,,,,,,,,,,,,,,,,,,6853815,false,false,3,2015-04-01,2015-06-30,-1
2016-10-31,36220,2017-03-31,2,2327000000,-0.365,,,,,-315000000,,-315000000,,,-360000000,,-52.35,,,,,,2793000000,1669000000,0.590,238.63,1649000000,,,,,,,,,,,,true,false,6,2016-04-01,2016-09-30,0
2016-10-31,36220,2016-03-31,2,3667000000,0.134,,,,,216000000,0.594,214000000,0.561,,132000000,,19.38,19.10,,,,,,,,,,,,,,,,,,,,,true,false,6,2015-04-01,2015-09-30,-1
2016-10-31,36220,2017-03-31,2,5800000000,-0.147,,,,,-200000000,,-200000000,,,-280000000,,-40.65,,,,,,,,,,,,,,,,,,,,,,true,true,12,2016-04-01,2017-03-31,0
2016-10-31,36220,2016-03-31,2,,,,,,,,,,,,,,,,,,,,3176000000,2042000000,0.637,293.80,2021000000,,,,,,,,,,,,true,false,12,2015-04-01,2016-03-31,-1
2016-10-31,36220,2016-03-31,2,,,,,,,,,,,,,,,,,,,,,,,,,,,,,3.25,,,,6881900,66,,false,false,12,2015-04-01,2016-03-31,-1
2016-10-31,36220,2017-03-31,2,,,,,,,,,,,,,,,,,,,,,,,,,,,,,3.25,,,,,,,false,true,12,2016-04-01,2017-03-31,0
2016-10-31,36220,2017-03-31,2,,,,,,,,,,,,,,,,,,,,,,,,,,,,,,,,,6911300,113,6888457,false,false,6,2016-04-01,2016-09-30,0
2016-10-31,36220,2016-03-31,2,,,,,,,,,,,,,,,,,,,,,,,,,,,,,,,,,,,6854172,false,false,6,2015-04-01,2015-09-30,-1
2016-10-31,36220,2017-03-31,,5800000000,-0.108,,,,,-200000000,,-200000000,,,-280000000,,-40.65,,,,,,,,,,,,,,,,,,,,,,true,true,12,2016-04-01,2017-03-31,0
2016-10-31,36220,2016-03-31,,6801000000,,,,,,146000000,,143000000,,,74000000,,10.89,,,,,,,,,,,,,,,,,,,,,,true,false,12,2015-04-01,2016-03-31,-1
2016-12-22,36220,2017-03-31,,3900000000,,,,,,-190000000,,-190000000,,-140000000,,,-20.17,,,,,,,,,,,,,,,,,,,,,,false,true,12,2016-04-01,2017-03-31,0
2016-12-22,36220,2016-03-31,,4888000000,,,,,,27000000,,26000000,,9000000,,,1.32,,,,,,,,,,,,,,,,,,,,,,false,false,12,2015-04-01,2016-03-31,-1
2017-01-31,36220,2017-03-31,3,3703000000,-0.269,,,,,-428000000,,-431000000,,,-484000000,,-70.25,,,,,,2703000000,1557000000,0.568,221.38,1527000000,,,,,,,,,,,,true,false,9,2016-04-01,2016-12-31,0
2017-01-31,36220,2016-03-31,3,5067000000,0.003,,,,,123000000,-0.547,121000000,-0.559,,62000000,,9.07,8.95,,,,,,,,,,,,,,,,,,,,,true,false,9,2015-04-01,2015-12-31,-1
2017-01-31,36220,2017-03-31,3,5800000000,-0.147,,,,,-200000000,,-200000000,,,-280000000,,-40.65,,,,,,,,,,,,,,,,,,,,,,true,true,12,2016-04-01,2017-03-31,0
2017-01-31,36220,2016-03-31,3,,,,,,,,,,,,,,,,,,,,3176000000,2042000000,0.637,293.80,2021000000,,,,,,,,,,,,true,false,12,2015-04-01,2016-03-31,-1
2017-01-31,36220,2016-03-31,3,,,,,,,,,,,,,,,,,,,,,,,,,,,,,3.25,,,,6881900,66,,false,false,12,2015-04-01,2016-03-31,-1
2017-01-31,36220,2017-03-31,3,,,,,,,,,,,,,,,,,,,,,,,,,,,,,0.00,,,,,,,false,false,12,2016-04-01,2017-03-31,0
2017-01-31,36220,2017-03-31,3,,,,,,,,,,,,,,,,,,,,,,,,,,,,,3.25,,,,,,,false,true,12,2016-04-01,2017-03-31,0
2017-01-31,36220,2017-03-31,3,,,,,,,,,,,,,,,,,,,,,,,,,,,,,,,,,6941700,113,6903254,false,false,9,2016-04-01,2016-12-31,0
2017-01-31,36220,2016-03-31,3,,,,,,,,,,,,,,,,,,,,,,,,,,,,,,,,,,,6854507,false,false,9,2015-04-01,2015-12-31,-1
2017-01-31,36220,2017-03-31,3,3703000000,-0.269,,,,,-428000000,,-431000000,,,-484000000,,-70.25,,,,,,2718000000,1557000000,0.565,221.38,1536000000,,,,,,,,,,,,true,false,9,2016-04-01,2016-12-31,0
2017-01-31,36220,2016-03-31,3,5067000000,0.003,,,,,123000000,-0.547,121000000,-0.559,,62000000,,9.07,8.95,,,,,,,,,,,,,,,,,,,,,true,false,9,2015-04-01,2015-12-31,-1
2017-01-31,36220,2017-03-31,3,5800000000,-0.147,,,,,-200000000,,-200000000,,,-280000000,,-40.65,,,,,,,,,,,,,,,,,,,,,,true,true,12,2016-04-01,2017-03-31,0
2017-01-31,36220,2016-03-31,3,,,,,,,,,,,,,,,,,,,,3176000000,2042000000,0.637,293.80,2021000000,,,,,,,,,,,,true,false,12,2015-04-01,2016-03-31,-1
2017-01-31,36220,2016-03-31,3,,,,,,,,,,,,,,,,,,,,,,,,,,,,,3.25,,,,6881900,66,,false,false,12,2015-04-01,2016-03-31,-1
2017-01-31,36220,2017-03-31,3,,,,,,,,,,,,,,,,,,,,,,,,,,,,,0.00,,,,,,,false,false,12,2016-04-01,2017-03-31,0
2017-01-31,36220,2017-03-31,3,,,,,,,,,,,,,,,,,,,,,,,,,,,,,3.25,,,,,,,false,true,12,2016-04-01,2017-03-31,0
2017-01-31,36220,2017-03-31,3,,,,,,,,,,,,,,,,,,,,,,,,,,,,,,,,,6941700,113,6903254,false,false,9,2016-04-01,2016-12-31,0
2017-01-31,36220,2016-03-31,3,,,,,,,,,,,,,,,,,,,,,,,,,,,,,,,,,,,6854507,false,false,9,2015-04-01,2015-12-31,-1
2017-05-10,36220,2017-03-31,,5906000000,-0.132,,,,,-206000000,,-209000000,,,-297000000,,-43.05,,-0.158,-0.066,-0.035,,3172000000,1768000000,0.550,249.30,1744000000,-211000000,-109000000,154000000,1052000000,,,,,,,,true,false,12,2016-04-01,2017-03-31,0
2017-05-10,36220,2016-03-31,,6801000000,-0.060,,,,,146000000,-0.670,143000000,-0.678,,74000000,,10.89,10.76,0.038,0.044,0.021,,3176000000,2042000000,0.637,293.80,2021000000,-43000000,-105000000,-95000000,1219000000,,0.298,,,,,,true,false,12,2015-04-01,2016-03-31,-1
2017-05-10,36220,2018-03-31,,6200000000,0.050,,,,,110000000,,107000000,,,97000000,,13.86,,,,,,,,,,,,,,,,0.234,,,,,,true,true,12,2017-04-01,2018-03-31,1
2017-05-10,36220,2017-03-31,,3950000000,-0.192,,,,,-198000000,,-198000000,,-149000000,,,-21.64,,,,,,2682000000,1670000000,0.622,238.24,1667000000,,,,,3.25,,,,6999000,113,6917319,false,false,12,2016-04-01,2017-03-31,0
2017-05-10,36220,2016-03-31,,4888000000,-0.153,,,,,27000000,-0.940,26000000,-0.945,9000000,,-0.703,1.32,1.30,,,,,2689000000,1799000000,0.668,261.04,1796000000,,,,,3.25,,,,6881900,66,6860617,false,false,12,2015-04-01,2016-03-31,-1
2017-05-10,36220,2018-03-31,,,,,,,,,,,,,,,,,,,,,,,,,,,,,,3.25,,,,,,,false,true,12,2017-04-01,2018-03-31,1
2017-07-31,36220,2018-03-31,1,1075000000,-0.021,,,,,-231000000,,-232000000,,,-220000000,,-31.44,,,,,,2729000000,1522000000,0.550,214.66,1502000000,,,,,,,,,,,,true,false,3,2017-04-01,2017-06-30,0
2017-07-31,36220,2017-03-31,1,1098000000,-0.341,,,,,-253000000,,-253000000,,,-236000000,,-34.39,,,,,,,,,,,,,,,,,,,,,,true,false,3,2016-04-01,2016-06-30,-1
2017-07-31,36220,2018-03-31,1,6200000000,0.050,,,,,110000000,,107000000,,,97000000,,13.86,,,,,,,,,,,,,,,,,,,,,,true,true,12,2017-04-01,2018-03-31,0
2017-07-31,36220,2017-03-31,1,,,,,,,,,,,,,,,,,,,,3172000000,1768000000,0.550,249.30,1744000000,,,,,,,,,,,,true,false,12,2016-04-01,2017-03-31,-1
2017-07-31,36220,2017-03-31,1,,,,,,,,,,,,,,,,,,,,,,,,,,,,,3.25,,,,6999000,113,,false,false,12,2016-04-01,2017-03-31,-1
2017-07-31,36220,2018-03-31,1,,,,,,,,,,,,,,,,,,,,,,,,,,,,,3.25,,,,,,,false,true,12,2017-04-01,2018-03-31,0
2017-07-31,36220,2018-03-31,1,,,,,,,,,,,,,,,,,,,,,,,,,,,,,,,,,6999000,113,6998887,false,false,3,2017-04-01,2017-06-30,0
2017-07-31,36220,2017-03-31,1,,,,,,,,,,,,,,,,,,,,,,,,,,,,,,,,,,,6883439,false,false,3,2016-04-01,2016-06-30,-1
2017-08-29,36220,2018-03-31,,6000000000,-0.032,,,,,45000000,-0.591,43000000,-0.598,444000000,,3.577,63.44,,,,,,,,,,,,,,,,,,,,,,true,true,12,2017-04-01,2018-03-31,0
2017-08-29,36220,2017-03-31,,5906000000,,,,,,-206000000,,-209000000,,-297000000,,,-43.05,,,,,,,,,,,,,,,,,,,,,,true,false,12,2016-04-01,2017-03-31,-1
2017-08-29,36220,2018-03-31,,4100000000,,,,,,40000000,,37000000,,359000000,,,51.29,,,,,,,,,,,,,,,,,,,,,,false,true,12,2017-04-01,2018-03-31,0
2017-10-31,36220,2018-03-31,2,2637000000,0.133,,,,,-194000000,,-194000000,,,224000000,,32.09,,,,,,2972000000,1968000000,0.655,278.19,1947000000,,,,,,,,,,,,true,false,6,2017-04-01,2017-09-30,0
2017-10-31,36220,2017-03-31,2,2327000000,-0.365,,,,,-315000000,,-315000000,,,-360000000,,-52.35,,,,,,,,,,,,,,,,,,,,,,true,false,6,2016-04-01,2016-09-30,-1
2017-10-31,36220,2018-03-31,2,6000000000,0.016,,,,,45000000,,43000000,,,444000000,,63.44,,,,,,,,,,,,,,,,,,,,,,true,true,12,2017-04-01,2018-03-31,0
2017-10-31,36220,2017-03-31,2,,,,,,,,,,,,,,,,,,,,3172000000,1768000000,0.550,249.30,1744000000,,,,,,,,,,,,true,false,12,2016-04-01,2017-03-31,-1
2017-10-31,36220,2017-03-31,2,,,,,,,,,,,,,,,,,,,,,,,,,,,,,3.25,,,,6999000,113,,false,false,12,2016-04-01,2017-03-31,-1
2017-10-31,36220,2018-03-31,2,,,,,,,,,,,,,,,,,,,,,,,,,,,,,0.00,,,,,,,false,false,12,2017-04-01,2018-03-31,0
2017-10-31,36220,2018-03-31,2,,,,,,,,,,,,,,,,,,,,,,,,,,,,,3.25,,,,,,,false,true,12,2017-04-01,2018-03-31,0
2017-10-31,36220,2018-03-31,2,,,,,,,,,,,,,,,,,,,,,,,,,,,,,,,,,6999000,113,6998887,false,false,6,2017-04-01,2017-09-30,0
2017-10-31,36220,2017-03-31,2,,,,,,,,,,,,,,,,,,,,,,,,,,,,,,,,,,,6888457,false,false,6,2016-04-01,2016-09-30,-1
2018-01-31,36220,2018-03-31,3,4115000000,0.111,,,,,-191000000,,-193000000,,,208000000,,29.81,,,,,,2833000000,1954000000,0.682,275.89,1930000000,,,,,,,,,,,,true,false,9,2017-04-01,2017-12-31,0
2018-01-31,36220,2017-03-31,3,3703000000,-0.269,,,,,-428000000,,-431000000,,,-484000000,,-70.25,,,,,,,,,,,,,,,,,,,,,,true,false,9,2016-04-01,2016-12-31,-1
2018-01-31,36220,2018-03-31,3,6000000000,0.016,,,,,45000000,,43000000,,,444000000,,63.44,,,,,,,,,,,,,,,,,,,,,,true,true,12,2017-04-01,2018-03-31,0
2018-01-31,36220,2017-03-31,3,,,,,,,,,,,,,,,,,,,,3172000000,1768000000,0.550,249.30,1744000000,,,,,,,,,,,,true,false,12,2016-04-01,2017-03-31,-1
2018-01-31,36220,2017-03-31,3,,,,,,,,,,,,,,,,,,,,,,,,,,,,,3.25,,,,6999000,113,,false,false,12,2016-04-01,2017-03-31,-1
2018-01-31,36220,2018-03-31,3,,,,,,,,,,,,,,,,,,,,,,,,,,,,,0.00,,,,,,,false,false,12,2017-04-01,2018-03-31,0
2018-01-31,36220,2018-03-31,3,,,,,,,,,,,,,,,,,,,,,,,,,,,,,3.25,,,,,,,false,true,12,2017-04-01,2018-03-31,0
2018-01-31,36220,2018-03-31,3,,,,,,,,,,,,,,,,,,,,,,,,,,,,,,,,,6999000,113,6998887,false,false,9,2017-04-01,2017-12-31,0
2018-01-31,36220,2017-03-31,3,,,,,,,,,,,,,,,,,,,,,,,,,,,,,,,,,,,6903254,false,false,9,2016-04-01,2016-12-31,-1
2018-03-30,36220,2018-03-31,,6180000000,0.030,,,,,-100000000,,-102000000,,274000000,,-0.383,39.15,,,,,,,,,,,,,,,,,,,,,,true,true,12,2017-04-01,2018-03-31,0
2018-03-30,36220,2017-03-31,,5906000000,,,,,,-206000000,,-209000000,,-297000000,,,-43.05,,,,,,,,,,,,,,,,,,,,,,true,false,12,2016-04-01,2017-03-31,-1
2018-03-30,36220,2018-03-31,,4100000000,0.000,,,,,-170000000,,-172000000,,157000000,,-0.563,22.43,,,,,,,,,,,,,,,,,,,,,,false,true,12,2017-04-01,2018-03-31,0
2018-03-30,36220,2017-03-31,,3950000000,,,,,,-198000000,,-198000000,,-149000000,,,-21.64,,,,,,,,,,,,,,,,,,,,,,false,false,12,2016-04-01,2017-03-31,-1
2018-05-11,36220,2018-03-31,,6189000000,0.048,,,,,-51000000,,-53000000,,,312000000,,44.71,,0.166,-0.017,-0.008,,3203000000,2062000000,0.635,290.72,2034000000,68000000,335000000,-166000000,1289000000,,0.073,,,,,,true,false,12,2017-04-01,2018-03-31,0
2018-05-11,36220,2017-03-31,,5906000000,-0.132,,,,,-206000000,,-209000000,,,-297000000,,-43.05,,-0.158,-0.066,-0.035,,3172000000,1768000000,0.550,249.30,1744000000,-211000000,-109000000,154000000,1052000000,,,,,,,,true,false,12,2016-04-01,2017-03-31,-1
2018-05-11,36220,2019-03-31,,6100000000,-0.015,,,,,80000000,,79000000,,,56000000,,8.00,,,,,,,,,,,,,,,,0.406,,,,,,true,true,12,2018-04-01,2019-03-31,1
2018-05-11,36220,2018-03-31,,4111000000,0.041,,,,,-158000000,,-159000000,,169000000,,,24.15,,,,,,2547000000,1816000000,0.712,259.11,1813000000,,,,,3.25,,,,6999000,113,6998887,false,false,12,2017-04-01,2018-03-31,0
2018-05-11,36220,2017-03-31,,3950000000,-0.192,,,,,-198000000,,-198000000,,-149000000,,,-21.64,,,,,,2682000000,1670000000,0.622,238.24,1667000000,,,,,3.25,,,,6999000,113,6917319,false,false,12,2016-04-01,2017-03-31,-1
2018-05-11,36220,2019-03-31,,,,,,,,,,,,,,,,,,,,,,,,,,,,,,3.25,,,,,,,false,true,12,2018-04-01,2019-03-31,1
2018-07-30,36220,2019-03-31,1,1171000000,0.090,,,,,-174000000,,-174000000,,,-170000000,,-24.32,,,,,,2746000000,1869000000,0.671,263.17,1841000000,,,,,,,,,,,,true,false,3,2018-04-01,2018-06-30,0
2018-07-30,36220,2018-03-31,1,1075000000,-0.021,,,,,-231000000,,-232000000,,,-220000000,,-31.44,,,,,,,,,,,,,,,,,,,,,,true,false,3,2017-04-01,2017-06-30,-1
2018-07-30,36220,2019-03-31,1,6100000000,-0.015,,,,,80000000,,79000000,,,56000000,,8.00,,,,,,,,,,,,,,,,,,,,,,true,true,12,2018-04-01,2019-03-31,0
2018-07-30,36220,2018-03-31,1,,,,,,,,,,,,,,,,,,,,3203000000,2062000000,0.635,290.72,2034000000,,,,,,,,,,,,true,false,12,2017-04-01,2018-03-31,-1
2018-07-30,36220,2018-03-31,1,,,,,,,,,,,,,,,,,,,,,,,,,,,,,3.25,,,,6999000,113,,false,false,12,2017-04-01,2018-03-31,-1
2018-07-30,36220,2019-03-31,1,,,,,,,,,,,,,,,,,,,,,,,,,,,,,3.25,,,,,,,false,true,12,2018-04-01,2019-03-31,0
2018-07-30,36220,2019-03-31,1,,,,,,,,,,,,,,,,,,,,,,,,,,,,,,,,,6999000,113,6998887,false,false,3,2018-04-01,2018-06-30,0
2018-07-30,36220,2018-03-31,1,,,,,,,,,,,,,,,,,,,,,,,,,,,,,,,,,,,6998887,false,false,3,2017-04-01,2017-06-30,-1
2018-10-30,36220,2019-03-31,2,2537000000,-0.038,,,,,-154000000,,-155000000,,,-154000000,,-22.14,,,,,,2606000000,1884000000,0.712,265.35,1857000000,,,,,,,,,,,,true,false,6,2018-04-01,2018-09-30,0
2018-10-30,36220,2018-03-31,2,2637000000,0.133,,,,,-194000000,,-194000000,,,224000000,,32.09,,,,,,,,,,,,,,,,,,,,,,true,false,6,2017-04-01,2017-09-30,-1
2018-10-30,36220,2019-03-31,2,6100000000,-0.015,,,,,80000000,,79000000,,,56000000,,8.00,,,,,,,,,,,,,,,,,,,,,,true,true,12,2018-04-01,2019-03-31,0
2018-10-30,36220,2018-03-31,2,,,,,,,,,,,,,,,,,,,,3203000000,2062000000,0.635,290.72,2034000000,,,,,,,,,,,,true,false,12,2017-04-01,2018-03-31,-1
2018-10-30,36220,2018-03-31,2,,,,,,,,,,,,,,,,,,,,,,,,,,,,,3.25,,,,6999000,113,,false,false,12,2017-04-01,2018-03-31,-1
2018-10-30,36220,2019-03-31,2,,,,,,,,,,,,,,,,,,,,,,,,,,,,,0.00,,,,,,,false,false,12,2018-04-01,2019-03-31,0
2018-10-30,36220,2019-03-31,2,,,,,,,,,,,,,,,,,,,,,,,,,,,,,3.25,,,,,,,false,true,12,2018-04-01,2019-03-31,0
2018-10-30,36220,2019-03-31,2,,,,,,,,,,,,,,,,,,,,,,,,,,,,,,,,,6999000,113,6998887,false,false,6,2018-04-01,2018-09-30,0
2018-10-30,36220,2018-03-31,2,,,,,,,,,,,,,,,,,,,,,,,,,,,,,,,,,,,6998887,false,false,6,2017-04-01,2017-09-30,-1
2019-02-05,36220,2019-03-31,,5400000000,-0.115,,,,,-70000000,,-71000000,,,-168000000,,-24.00,,,,,,,,,,,,,,,,,,,,,,true,true,12,2018-04-01,2019-03-31,0
2019-02-05,36220,2018-03-31,,6189000000,,,,,,-51000000,,-53000000,,,312000000,,44.71,,,,,,,,,,,,,,,,,,,,,,true,false,12,2017-04-01,2018-03-31,-1
2019-02-05,36220,2019-03-31,,3380000000,,,,,,-120000000,,-120000000,,-196000000,,,-28.00,,,,,,,,,,,,,,,,,,,,,,false,true,12,2018-04-01,2019-03-31,0
2019-02-05,36220,2019-03-31,3,3860000000,-0.062,,,,,-175000000,,-175000000,,,-262000000,,-37.53,,,,,,2421000000,1777000000,0.722,249.76,1748000000,,,,,,,,,,,,true,false,9,2018-04-01,2018-12-31,0
2019-02-05,36220,2018-03-31,3,4115000000,0.111,,,,,-191000000,,-193000000,,,208000000,,29.81,,,,,,,,,,,,,,,,,,,,,,true,false,9,2017-04-01,2017-12-31,-1
2019-02-05,36220,2019-03-31,3,5400000000,-0.128,,,,,-70000000,,-71000000,,,-168000000,,-24.00,,,,,,,,,,,,,,,,,,,,,,true,true,12,2018-04-01,2019-03-31,0
2019-02-05,36220,2018-03-31,3,,,,,,,,,,,,,,,,,,,,3203000000,2062000000,0.635,290.72,2034000000,,,,,,,,,,,,true,false,12,2017-04-01,2018-03-31,-1
2019-02-05,36220,2018-03-31,3,,,,,,,,,,,,,,,,,,,,,,,,,,,,,3.25,,,,6999000,113,,false,false,12,2017-04-01,2018-03-31,-1
2019-02-05,36220,2019-03-31,3,,,,,,,,,,,,,,,,,,,,,,,,,,,,,0.00,,,,,,,false,false,12,2018-04-01,2019-03-31,0
2019-02-05,36220,2019-03-31,3,,,,,,,,,,,,,,,,,,,,,,,,,,,,,3.25,,,,,,,false,true,12,2018-04-01,2019-03-31,0
2019-02-05,36220,2019-03-31,3,,,,,,,,,,,,,,,,,,,,,,,,,,,,,,,,,6999000,113,6998887,false,false,9,2018-04-01,2018-12-31,0
2019-02-05,36220,2018-03-31,3,,,,,,,,,,,,,,,,,,,,,,,,,,,,,,,,,,,6998887,false,false,9,2017-04-01,2017-12-31,-1
2019-04-25,36220,2019-03-31,,5513000000,0.021,,,,,21000000,,20000000,,,-83000000,,-11.94,,,,,,,,,,,,,,,,,,,,,,true,true,12,2018-04-01,2019-03-31,0
2019-04-25,36220,2018-03-31,,6189000000,,,,,,-51000000,,-53000000,,,312000000,,44.71,,,,,,,,,,,,,,,,,,,,,,true,false,12,2017-04-01,2018-03-31,-1
2019-04-25,36220,2019-03-31,,3403000000,0.007,,,,,-58000000,,-57000000,,-133000000,,,-19.05,,,,,,,,,,,,,,,,,,,,,,false,true,12,2018-04-01,2019-03-31,0
2019-04-25,36220,2018-03-31,,4111000000,,,,,,-158000000,,-159000000,,169000000,,,24.15,,,,,,,,,,,,,,,,,,,,,,false,false,12,2017-04-01,2018-03-31,-1
2019-05-09,36220,2019-03-31,,5513000000,-0.109,,,,,21000000,,20000000,,,-83000000,,-11.94,,-0.042,0.007,0.004,,2742000000,1958000000,0.703,275.34,1927000000,94000000,-3000000,-139000000,1241000000,,,,,,,,true,false,12,2018-04-01,2019-03-31,0
2019-05-09,36220,2018-03-31,,6189000000,0.048,,,,,-51000000,,-53000000,,,312000000,,44.71,,0.166,-0.017,-0.008,,3203000000,2062000000,0.635,290.72,2034000000,68000000,335000000,-166000000,1289000000,,0.073,,,,,,true,false,12,2017-04-01,2018-03-31,-1
2019-05-09,36220,2020-03-31,,6200000000,0.124,,,,,80000000,2.707,80000000,2.835,,56000000,,8.00,,,,,,,,,,,,,,,,0.406,,,,,,true,true,12,2019-04-01,2020-03-31,1
2019-05-09,36220,2019-03-31,,3403000000,-0.172,,,,,-58000000,,-57000000,,-133000000,,,-19.05,,,,,,2073000000,1658000000,0.799,236.62,1656000000,,,,,3.25,,,,6999000,113,6998887,false,false,12,2018-04-01,2019-03-31,0
2019-05-09,36220,2018-03-31,,4111000000,0.041,,,,,-158000000,,-159000000,,169000000,,,24.15,,,,,,2547000000,1816000000,0.712,259.11,1813000000,,,,,3.25,,,,6999000,113,6998887,false,false,12,2017-04-01,2018-03-31,-1
2019-05-09,36220,2020-03-31,,,,,,,,,,,,,,,,,,,,,,,,,,,,,,3.25,,,,,,,false,true,12,2019-04-01,2020-03-31,1
2019-08-02,36220,2020-03-31,1,999000000,-0.147,,,,,-222000000,,-222000000,,,-217000000,,-31.15,,,,,,2282000000,1718000000,0.742,241.83,1692000000,,,,,,,,,,,,true,false,3,2019-04-01,2019-06-30,0
2019-08-02,36220,2019-03-31,1,1171000000,0.090,,,,,-174000000,,-174000000,,,-170000000,,-24.32,,,,,,,,,,,,,,,,,,,,,,true,false,3,2018-04-01,2018-06-30,-1
2019-08-02,36220,2020-03-31,1,6200000000,0.124,,,,,80000000,2.707,80000000,2.835,,56000000,,8.00,,,,,,,,,,,,,,,,,,,,,,true,true,12,2019-04-01,2020-03-31,0
2019-08-02,36220,2019-03-31,1,,,,,,,,,,,,,,,,,,,,2742000000,1958000000,0.703,275.34,1927000000,,,,,,,,,,,,true,false,12,2018-04-01,2019-03-31,-1
2019-08-02,36220,2019-03-31,1,,,,,,,,,,,,,,,,,,,,,,,,,,,,,3.25,,,,6999000,113,,false,false,12,2018-04-01,2019-03-31,-1
2019-08-02,36220,2020-03-31,1,,,,,,,,,,,,,,,,,,,,,,,,,,,,,3.25,,,,,,,false,true,12,2019-04-01,2020-03-31,0
2019-08-02,36220,2020-03-31,1,,,,,,,,,,,,,,,,,,,,,,,,,,,,,,,,,6999000,113,6998887,false,false,3,2019-04-01,2019-06-30,0
2019-08-02,36220,2019-03-31,1,,,,,,,,,,,,,,,,,,,,,,,,,,,,,,,,,,,6998887,false,false,3,2018-04-01,2018-06-30,-1
2019-10-31,36220,2020-03-31,2,2278000000,-0.102,,,,,-273000000,,-273000000,,,-277000000,,-39.68,,,,,,2175000000,1647000000,0.748,232.61,1628000000,,,,,,,,,,,,true,false,6,2019-04-01,2019-09-30,0
2019-10-31,36220,2019-03-31,2,2537000000,-0.038,,,,,-154000000,,-155000000,,,-154000000,,-22.14,,,,,,,,,,,,,,,,,,,,,,true,false,6,2018-04-01,2018-09-30,-1
2019-10-31,36220,2020-03-31,2,6200000000,0.124,,,,,80000000,2.707,80000000,2.835,,56000000,,8.00,,,,,,,,,,,,,,,,,,,,,,true,true,12,2019-04-01,2020-03-31,0
2019-10-31,36220,2019-03-31,2,,,,,,,,,,,,,,,,,,,,2742000000,1958000000,0.703,275.34,1927000000,,,,,,,,,,,,true,false,12,2018-04-01,2019-03-31,-1
2019-10-31,36220,2019-03-31,2,,,,,,,,,,,,,,,,,,,,,,,,,,,,,3.25,,,,6999000,113,,false,false,12,2018-04-01,2019-03-31,-1
2019-10-31,36220,2020-03-31,2,,,,,,,,,,,,,,,,,,,,,,,,,,,,,0.00,,,,,,,false,false,12,2019-04-01,2020-03-31,0
2019-10-31,36220,2020-03-31,2,,,,,,,,,,,,,,,,,,,,,,,,,,,,,3.25,,,,,,,false,true,12,2019-04-01,2020-03-31,0
2019-10-31,36220,2020-03-31,2,,,,,,,,,,,,,,,,,,,,,,,,,,,,,,,,,6999000,113,6998887,false,false,6,2019-04-01,2019-09-30,0
2019-10-31,36220,2019-03-31,2,,,,,,,,,,,,,,,,,,,,,,,,,,,,,,,,,,,6998887,false,false,6,2018-04-01,2018-09-30,-1
2020-01-31,36220,2020-03-31,3,3537000000,-0.084,,,,,-366000000,,-366000000,,,-391000000,,-55.90,,,,,,2134000000,1530000000,0.710,216.56,1515000000,,,,,,,,,,,,true,false,9,2019-04-01,2019-12-31,0
2020-01-31,36220,2019-03-31,3,3860000000,-0.062,,,,,-175000000,,-175000000,,,-262000000,,-37.53,,,,,,,,,,,,,,,,,,,,,,true,false,9,2018-04-01,2018-12-31,-1
2020-01-31,36220,2020-03-31,3,5300000000,-0.039,,,,,-200000000,,-200000000,,,-233000000,,-33.29,,,,,,,,,,,,,,,,,,,,,,true,true,12,2019-04-01,2020-03-31,0
2020-01-31,36220,2019-03-31,3,,,,,,,,,,,,,,,,,,,,2742000000,1958000000,0.703,275.34,1927000000,,,,,,,,,,,,true,false,12,2018-04-01,2019-03-31,-1
2020-01-31,36220,2019-03-31,3,,,,,,,,,,,,,,,,,,,,,,,,,,,,,3.25,,,,6999000,113,,false,false,12,2018-04-01,2019-03-31,-1
2020-01-31,36220,2020-03-31,3,,,,,,,,,,,,,,,,,,,,,,,,,,,,,0.00,,,,,,,false,false,12,2019-04-01,2020-03-31,0
2020-01-31,36220,2020-03-31,3,,,,,,,,,,,,,,,,,,,,,,,,,,,,,3.25,,,,,,,false,true,12,2019-04-01,2020-03-31,0
2020-01-31,36220,2020-03-31,3,,,,,,,,,,,,,,,,,,,,,,,,,,,,,,,,,6999000,113,6998887,false,false,9,2019-04-01,2019-12-31,0
2020-01-31,36220,2019-03-31,3,,,,,,,,,,,,,,,,,,,,,,,,,,,,,,,,,,,6998887,false,false,9,2018-04-01,2018-12-31,-1
2020-01-31,36220,2020-03-31,,5300000000,-0.145,,,,,-200000000,,-200000000,,,-233000000,,-33.29,,,,,,,,,,,,,,,,,,,,,,true,true,12,2019-04-01,2020-03-31,0
2020-01-31,36220,2019-03-31,,5513000000,,,,,,21000000,,20000000,,,-83000000,,-11.94,,,,,,,,,,,,,,,,,,,,,,true,false,12,2018-04-01,2019-03-31,-1
2020-01-31,36220,2020-03-31,,3350000000,,,,,,-50000000,,-50000000,,-52000000,,,-7.43,,,,,,,,,,,,,,,,,,,,,,false,true,12,2019-04-01,2020-03-31,0
2020-01-31,36220,2019-03-31,,3403000000,,,,,,-58000000,,-57000000,,-133000000,,,-19.05,,,,,,,,,,,,,,,,,,,,,,false,false,12,2018-04-01,2019-03-31,-1
2020-04-16,36220,2020-03-31,,5465000000,0.031,,,,,-77000000,,-77000000,,,-69000000,,-10.00,,,,,,,,,,,,,,,,,,,,,,true,true,12,2019-04-01,2020-03-31,0
2020-04-16,36220,2019-03-31,,5513000000,,,,,,21000000,,20000000,,,-83000000,,-11.94,,,,,,,,,,,,,,,,,,,,,,true,false,12,2018-04-01,2019-03-31,-1
2020-04-16,36220,2020-03-31,,3493000000,0.043,,,,,50000000,,49000000,,38000000,,,5.50,,,,,,,,,,,,,,,,,,,,,,false,true,12,2019-04-01,2020-03-31,0
2020-04-16,36220,2019-03-31,,3403000000,,,,,,-58000000,,-57000000,,-133000000,,,-19.05,,,,,,,,,,,,,,,,,,,,,,false,false,12,2018-04-01,2019-03-31,-1
2020-04-28,36220,2020-03-31,,5465000000,-0.009,,,,,-77000000,,-77000000,,,-68000000,,-9.75,,-0.036,-0.029,-0.014,,2712000000,1856000000,0.677,262.33,1836000000,-153000000,-31000000,-63000000,992000000,,,,,,,,true,false,12,2019-04-01,2020-03-31,0
2020-04-28,36220,2019-03-31,,5513000000,-0.109,,,,,21000000,,20000000,,,-83000000,,-11.94,,-0.042,0.007,0.004,,2742000000,1958000000,0.703,275.34,1927000000,94000000,-3000000,-139000000,1241000000,,,,,,,,true,false,12,2018-04-01,2019-03-31,-1
2020-04-28,36220,2020-03-31,,3493000000,0.026,,,,,50000000,,49000000,,40000000,,,5.74,,,,,,2195000000,1673000000,0.762,239.10,1673000000,,,,,3.25,,,,6999000,113,6998887,false,false,12,2019-04-01,2020-03-31,0
2020-04-28,36220,2019-03-31,,3403000000,-0.172,,,,,-58000000,,-57000000,,-133000000,,,-19.05,,,,,,2073000000,1658000000,0.799,236.62,1656000000,,,,,3.25,,,,6999000,113,6998887,false,false,12,2018-04-01,2019-03-31,-1
2020-07-31,36220,2021-03-31,1,1008000000,0.009,,,,,-226000000,,-226000000,,,-227000000,,-32.49,,,,,,2143000000,1596000000,0.740,226.56,1585000000,,,,,,,,,,,,true,false,3,2020-04-01,2020-06-30,0
2020-07-31,36220,2020-03-31,1,999000000,-0.147,,,,,-222000000,,-222000000,,,-217000000,,-31.15,,,,,,,,,,,,,,,,,,,,,,true,false,3,2019-04-01,2019-06-30,-1
2020-07-31,36220,2020-03-31,1,,,,,,,,,,,,,,,,,,,,2712000000,1856000000,0.677,262.33,1836000000,,,,,,,,,,,,true,false,12,2019-04-01,2020-03-31,-1
2020-07-31,36220,2020-03-31,1,,,,,,,,,,,,,,,,,,,,,,,,,,,,,3.25,,,,6999000,113,,false,false,12,2019-04-01,2020-03-31,-1
2020-07-31,36220,2021-03-31,1,,,,,,,,,,,,,,,,,,,,,,,,,,,,,,,,,6999000,113,6998887,false,false,3,2020-04-01,2020-06-30,0
2020-07-31,36220,2020-03-31,1,,,,,,,,,,,,,,,,,,,,,,,,,,,,,,,,,,,6998887,false,false,3,2019-04-01,2019-06-30,-1
2020-10-30,36220,2021-03-31,2,2197000000,-0.035,,,,,-298000000,,-299000000,,,-289000000,,-41.30,,,,,,2045000000,1532000000,0.745,217.72,1523000000,,,,,,,,,,,,true,false,6,2020-04-01,2020-09-30,0
2020-10-30,36220,2020-03-31,2,2278000000,-0.102,,,,,-273000000,,-273000000,,,-277000000,,-39.68,,,,,,,,,,,,,,,,,,,,,,true,false,6,2019-04-01,2019-09-30,-1
2020-10-30,36220,2021-03-31,2,5400000000,-0.012,,,,,50000000,,50000000,,,40000000,,5.72,,,,,,,,,,,,,,,,,,,,,,true,true,12,2020-04-01,2021-03-31,0
2020-10-30,36220,2020-03-31,2,,,,,,,,,,,,,,,,,,,,2712000000,1856000000,0.677,262.33,1836000000,,,,,,,,,,,,true,false,12,2019-04-01,2020-03-31,-1
2020-10-30,36220,2020-03-31,2,,,,,,,,,,,,,,,,,,,,,,,,,,,,,3.25,,,,6999000,113,,false,false,12,2019-04-01,2020-03-31,-1
2020-10-30,36220,2021-03-31,2,,,,,,,,,,,,,,,,,,,,,,,,,,,,,0.00,,,,,,,false,false,12,2020-04-01,2021-03-31,0
2020-10-30,36220,2021-03-31,2,,,,,,,,,,,,,,,,,,,,,,,,,,,,,3.25,,,,,,,false,true,12,2020-04-01,2021-03-31,0
2020-10-30,36220,2021-03-31,2,,,,,,,,,,,,,,,,,,,,,,,,,,,,,,,,,6999000,113,6998887,false,false,6,2020-04-01,2020-09-30,0
2020-10-30,36220,2020-03-31,2,,,,,,,,,,,,,,,,,,,,,,,,,,,,,,,,,,,6998887,false,false,6,2019-04-01,2019-09-30,-1
2021-01-29,36220,2021-03-31,3,3608000000,0.020,,,,,-230000000,,-231000000,,,-219000000,,-31.31,,,,,,2284000000,1606000000,0.698,227.77,1594000000,,,,,,,,,,,,true,false,9,2020-04-01,2020-12-31,0
2021-01-29,36220,2020-03-31,3,3537000000,-0.084,,,,,-366000000,,-366000000,,,-391000000,,-55.90,,,,,,,,,,,,,,,,,,,,,,true,false,9,2019-04-01,2019-12-31,-1
2021-01-29,36220,2021-03-31,3,5400000000,-0.012,,,,,50000000,,50000000,,,40000000,,5.72,,,,,,,,,,,,,,,,,,,,,,true,true,12,2020-04-01,2021-03-31,0
2021-01-29,36220,2020-03-31,3,,,,,,,,,,,,,,,,,,,,2712000000,1856000000,0.677,262.33,1836000000,,,,,,,,,,,,true,false,12,2019-04-01,2020-03-31,-1
2021-01-29,36220,2020-03-31,3,,,,,,,,,,,,,,,,,,,,,,,,,,,,,3.25,,,,6999000,113,,false,false,12,2019-04-01,2020-03-31,-1
2021-01-29,36220,2021-03-31,3,,,,,,,,,,,,,,,,,,,,,,,,,,,,,0.00,,,,,,,false,false,12,2020-04-01,2021-03-31,0
2021-01-29,36220,2021-03-31,3,,,,,,,,,,,,,,,,,,,,,,,,,,,,,3.25,,,,,,,false,true,12,2020-04-01,2021-03-31,0
2021-01-29,36220,2021-03-31,3,,,,,,,,,,,,,,,,,,,,,,,,,,,,,,,,,6999000,113,6998887,false,false,9,2020-04-01,2020-12-31,0
2021-01-29,36220,2020-03-31,3,,,,,,,,,,,,,,,,,,,,,,,,,,,,,,,,,,,6998887,false,false,9,2019-04-01,2019-12-31,-1
2021-03-25,36220,2021-03-31,,5570000000,0.031,,,,,140000000,1.800,139000000,1.780,,171000000,,24.43,,,,,,,,,,,,,,,,,,,,,,true,true,12,2020-04-01,2021-03-31,0
2021-03-25,36220,2020-03-31,,5465000000,,,,,,-77000000,,-77000000,,,-68000000,,-9.75,,,,,,,,,,,,,,,,,,,,,,true,false,12,2019-04-01,2020-03-31,-1
2021-03-25,36220,2021-03-31,,3400000000,,,,,,120000000,,120000000,,242000000,,,34.58,,,,,,,,,,,,,,,,,,,,,,false,true,12,2020-04-01,2021-03-31,0
2021-03-25,36220,2020-03-31,,3493000000,,,,,,50000000,,49000000,,40000000,,,5.74,,,,,,,,,,,,,,,,,,,,,,false,false,12,2019-04-01,2020-03-31,-1
2021-04-28,36220,2021-03-31,,5611000000,0.027,,,,,172000000,,171000000,,,200000000,,28.60,,0.104,0.059,0.031,,3149000000,2037000000,0.640,287.88,2014000000,245000000,-18000000,222000000,1442000000,,0.114,,,,,,true,false,12,2020-04-01,2021-03-31,0
2021-04-28,36220,2020-03-31,,5465000000,-0.009,,,,,-77000000,,-77000000,,,-68000000,,-9.75,,-0.036,-0.029,-0.014,,2712000000,1856000000,0.677,262.33,1836000000,-153000000,-31000000,-63000000,992000000,,,,,,,,true,false,12,2019-04-01,2020-03-31,-1
2021-04-28,36220,2021-03-31,,3409000000,-0.024,,,,,140000000,1.798,140000000,1.813,263000000,,5.568,37.72,,,,,,2315000000,1916000000,0.827,273.76,1916000000,,,,,3.25,,,,6999000,113,6998887,false,false,12,2020-04-01,2021-03-31,0
2021-04-28,36220,2020-03-31,,3493000000,0.026,,,,,50000000,,49000000,,40000000,,,5.74,,,,,,2195000000,1673000000,0.762,239.10,1673000000,,,,,3.25,,,,6999000,113,6998887,false,false,12,2019-04-01,2020-03-31,-1
2021-04-28,36220,2022-03-31,,3600000000,0.056,,,,,140000000,-0.003,139000000,-0.009,531000000,,1.011,75.87,,,,,,,,,,,,,,,3.25,,,,,,,false,true,12,2021-04-01,2022-03-31,1
2021-04-28,36220,2022-03-31,,,,,,,,,,,,,,,,,,,,,,,,,,,,,,,0.043,,,,,,true,true,12,2021-04-01,2022-03-31,1
2021-07-30,36220,2022-03-31,1,681000000,,,,,,18000000,,20000000,,434000000,,,62.10,,,,,,2774000000,2328000000,0.839,,2328000000,,,,,,,,,6999000,113,6998887,false,false,3,2021-04-01,2021-06-30,0
2021-07-30,36220,2022-03-31,1,3600000000,0.056,,,,,140000000,-0.003,139000000,-0.009,531000000,,1.011,75.87,,,,,,,,,,,,,,,3.25,,,,,,,false,true,12,2021-04-01,2022-03-31,0
2021-07-30,36220,2021-03-31,1,,,,,,,,,,,,,,,,,,,,2315000000,1916000000,0.827,,1916000000,,,,,3.25,,,,6999000,113,,false,false,12,2020-04-01,2021-03-31,-1
2021-07-30,36220,2021-03-31,1,,,,,,,,,,,,,,,,,,,,,,,,,,,,,,,,,,,6998887,false,false,3,2020-04-01,2020-06-30,-1
2021-10-29,3622,2022-03-31,2,1417000000,,,,,,27000000,,28000000,,441000000,,,63.02,,,,,,2800000000,2334000000,0.834,,2334000000,,,,,,,,,6999000,113,6998887,false,false,6,2021-04-01,2021-09-30,0
2021-10-29,3622,2022-03-31,2,3600000000,0.056,,,,,140000000,-0.003,139000000,-0.009,531000000,,1.011,75.87,,,,,,,,,,,,,,,3.25,,,,,,,false,true,12,2021-04-01,2022-03-31,0
2021-10-29,3622,2021-03-31,2,,,,,,,,,,,,,,,,,,,,2315000000,1916000000,0.827,,1916000000,,,,,3.25,,,,6999000,113,,false,false,12,2020-04-01,2021-03-31,-1
2021-10-29,3622,2022-03-31,2,,,,,,,,,,,,,,,,,,,,,,,,,,,,,0.00,,,,,,,false,false,12,2021-04-01,2022-03-31,0
2021-10-29,3622,2021-03-31,2,,,,,,,,,,,,,,,,,,,,,,,,,,,,,,,,,,,6998887,false,false,6,2020-04-01,2020-09-30,-1
2022-01-31,3622,2022-03-31,3,2236000000,,,,,,20000000,,21000000,,433000000,,,61.99,,,,,,2785000000,2327000000,0.836,,2327000000,,,,,,,,,6999000,113,6998887,false,false,9,2021-04-01,2021-12-31,0
2022-01-31,3622,2022-03-31,3,3600000000,0.056,,,,,140000000,-0.003,139000000,-0.009,531000000,,1.011,75.87,,,,,,,,,,,,,,,3.25,,,,,,,false,true,12,2021-04-01,2022-03-31,0
2022-01-31,3622,2021-03-31,3,,,,,,,,,,,,,,,,,,,,2315000000,1916000000,0.827,,1916000000,,,,,3.25,,,,6999000,113,,false,false,12,2020-04-01,2021-03-31,-1
2022-01-31,3622,2022-03-31,3,,,,,,,,,,,,,,,,,,,,,,,,,,,,,0.00,,,,,,,false,false,12,2021-04-01,2022-03-31,0
2022-01-31,3622,2021-03-31,3,,,,,,,,,,,,,,,,,,,,,,,,,,,,,,,,,,,6998887,false,false,9,2020-04-01,2020-12-31,-1
2022-04-13,36220,2022-03-31,,3416000000,-0.051,,,,,205000000,0.465,205000000,0.477,580000000,,0.093,82.95,,,,,,,,,,,,,,,,,,,,,,false,true,12,2021-04-01,2022-03-31,0
2022-04-13,36220,2021-03-31,,3409000000,,,,,,140000000,,140000000,,263000000,,,37.72,,,,,,,,,,,,,,,,,,,,,,false,false,12,2020-04-01,2021-03-31,-1
2022-04-28,3622,2022-03-31,,3416000000,0.002,,,,,205000000,0.461,205000000,0.464,580000000,,1.199,82.95,,0.264,0.075,0.060,,3122000000,2474000000,0.792,353.50,2474000000,205000000,706000000,-22000000,1962000000,3.25,0.039,,,6999000,113,6998887,false,false,12,2021-04-01,2022-03-31,0
2022-04-28,3622,2021-03-31,,3409000000,-0.024,,,,,140000000,1.798,140000000,1.813,263000000,,5.568,37.72,,,,,,2315000000,1916000000,0.827,273.76,1916000000,,,,,3.25,0.114,,,6999000,113,6998887,false,false,12,2020-04-01,2021-03-31,-1
2022-04-28,3622,2023-03-31,,3600000000,0.054,,,,,240000000,0.170,239000000,0.164,167000000,,-0.712,23.86,,,,,,,,,,,,,,,3.25,0.136,,,,,,false,true,12,2022-04-01,2023-03-31,1
2022-07-29,3622,2023-03-31,1,771000000,0.131,,,,,-58000000,,-58000000,,-42000000,,,-6.07,,,,,,2794000000,2408000000,0.862,,2408000000,,,,,,,,,6999000,113,6998887,false,false,3,2022-04-01,2022-06-30,0
2022-07-29,3622,2022-03-31,1,681000000,,,,,,18000000,,20000000,,434000000,,,62.10,,,,,,,,,,,,,,,,,,,,,6998887,false,false,3,2021-04-01,2021-06-30,-1
2022-07-29,3622,2023-03-31,1,3600000000,0.054,,,,,240000000,0.170,239000000,0.164,167000000,,-0.712,23.86,,,,,,,,,,,,,,,3.25,,,,,,,false,true,12,2022-04-01,2023-03-31,0
2022-07-29,3622,2022-03-31,1,,,,,,,,,,,,,,,,,,,,3122000000,2474000000,0.792,,2474000000,,,,,3.25,,,,6999000,113,,false,false,12,2021-04-01,2022-03-31,-1
2022-10-31,3622,2023-03-31,2,1826000000,0.288,,,,,70000000,1.561,70000000,1.445,48000000,,-0.889,6.97,,,,,,2878000000,2500000000,0.868,,2500000000,,,,,,,,,6999000,113,6998887,false,false,6,2022-04-01,2022-09-30,0
2022-10-31,3622,2022-03-31,2,1417000000,,,,,,27000000,,28000000,,441000000,,,63.02,,,,,,,,,,,,,,,,,,,,,6998887,false,false,6,2021-04-01,2021-09-30,-1
2022-10-31,3622,2023-03-31,2,3600000000,0.054,,,,,240000000,0.170,239000000,0.164,167000000,,-0.712,23.86,,,,,,,,,,,,,,,3.25,,,,,,,false,true,12,2022-04-01,2023-03-31,0
2022-10-31,3622,2022-03-31,2,,,,,,,,,,,,,,,,,,,,3122000000,2474000000,0.792,,2474000000,,,,,3.25,,,,6999000,113,,false,false,12,2021-04-01,2022-03-31,-1
2022-10-31,3622,2023-03-31,2,,,,,,,,,,,,,,,,,,,,,,,,,,,,,0.00,,,,,,,false,false,12,2022-04-01,2023-03-31,0
2023-01-31,3622,2023-03-31,3,2716000000,0.215,,,,,131000000,5.491,130000000,5.181,90000000,,-0.792,12.88,,,,,,2945000000,2541000000,0.863,,2541000000,,,,,,,,,6999000,113,6998887,false,false,9,2022-04-01,2022-12-31,0
2023-01-31,3622,2022-03-31,3,2236000000,,,,,,20000000,,21000000,,433000000,,,61.99,,,,,,,,,,,,,,,,,,,,,6998887,false,false,9,2021-04-01,2021-12-31,-1
2023-01-31,3622,2023-03-31,3,3600000000,0.054,,,,,240000000,0.170,239000000,0.164,167000000,,-0.712,23.86,,,,,,,,,,,,,,,3.25,,,,,,,false,true,12,2022-04-01,2023-03-31,0
2023-01-31,3622,2022-03-31,3,,,,,,,,,,,,,,,,,,,,3122000000,2474000000,0.792,,2474000000,,,,,3.25,,,,6999000,113,,false,false,12,2021-04-01,2022-03-31,-1
2023-01-31,3622,2023-03-31,3,,,,,,,,,,,,,,,,,,,,,,,,,,,,,0.00,,,,,,,false,false,12,2022-04-01,2023-03-31,0
2023-04-28,3622,2023-03-31,,3919000000,0.147,,,,,281000000,0.371,280000000,0.366,200000000,,-0.655,28.61,,0.078,0.089,0.072,,3176000000,2651000000,0.835,378.86,2651000000,153000000,127000000,-22000000,2220000000,5.75,0.201,,,6999000,113,6998887,false,false,12,2022-04-01,2023-03-31,0
2023-04-28,3622,2022-03-31,,3416000000,0.002,,,,,205000000,0.461,205000000,0.464,580000000,,1.199,82.95,,0.264,0.075,0.060,,3122000000,2474000000,0.792,353.50,2474000000,205000000,706000000,-22000000,1962000000,3.25,0.039,,,6999000,113,6998887,false,false,12,2021-04-01,2022-03-31,-1
2023-04-28,3622,2024-03-31,,4100000000,0.046,,,,,300000000,0.067,299000000,0.066,209000000,,0.044,29.86,,,,,,,,,,,,,,,6.00,0.201,,,,,,false,true,12,2023-04-01,2024-03-31,1
2023-07-31,3622,2024-03-31,1,813000000,0.055,,,,,-54000000,,-54000000,,-38000000,,,-5.52,,,,,,2967000000,2572000000,0.867,,2572000000,,,,,,,,,6999000,113,6998887,false,false,3,2023-04-01,2023-06-30,0
2023-07-31,3622,2023-03-31,1,771000000,0.131,,,,,-58000000,,-58000000,,-42000000,,,-6.07,,,,,,,,,,,,,,,,,,,,,6998887,false,false,3,2022-04-01,2022-06-30,-1
2023-07-31,3622,2024-03-31,1,4100000000,0.046,,,,,300000000,0.067,299000000,0.066,209000000,,0.044,29.86,,,,,,,,,,,,,,,6.00,,,,,,,false,true,12,2023-04-01,2024-03-31,0
2023-07-31,3622,2023-03-31,1,,,,,,,,,,,,,,,,,,,,3176000000,2651000000,0.835,,2651000000,,,,,5.75,,,,6999000,113,,false,false,12,2022-04-01,2023-03-31,-1
2023-10-31,3622,2024-03-31,2,1704000000,-0.066,,,,,-36000000,,-36000000,,-27000000,,,-3.88,,,,,,2944000000,2584000000,0.878,,2584000000,,,,,,,,,6999000,113,6998887,false,false,6,2023-04-01,2023-09-30,0
2023-10-31,3622,2023-03-31,2,1826000000,0.288,,,,,70000000,1.561,70000000,1.445,48000000,,-0.889,6.97,,,,,,,,,,,,,,,,,,,,,6998887,false,false,6,2022-04-01,2022-09-30,-1
2023-10-31,3622,2024-03-31,2,4100000000,0.046,,,,,300000000,0.067,299000000,0.066,209000000,,0.044,29.86,,,,,,,,,,,,,,,6.00,,,,,,,false,true,12,2023-04-01,2024-03-31,0
2023-10-31,3622,2023-03-31,2,,,,,,,,,,,,,,,,,,,,3176000000,2651000000,0.835,,2651000000,,,,,5.75,,,,6999000,113,,false,false,12,2022-04-01,2023-03-31,-1
2023-10-31,3622,2024-03-31,2,,,,,,,,,,,,,,,,,,,,,,,,,,,,,0.00,,,,,,,false,false,12,2023-04-01,2024-03-31,0
2024-01-31,3622,2024-03-31,3,2574000000,-0.052,,,,,-34000000,,-35000000,,-26000000,,,-3.81,,,,,,2976000000,2584000000,0.868,,2584000000,,,,,,,,,6999000,113,6998887,false,false,9,2023-04-01,2023-12-31,0
2024-01-31,3622,2023-03-31,3,2716000000,0.215,,,,,131000000,5.491,130000000,5.181,90000000,,-0.792,12.88,,,,,,,,,,,,,,,,,,,,,6998887,false,false,9,2022-04-01,2022-12-31,-1
2024-01-31,3622,2024-03-31,3,3500000000,-0.107,,,,,30000000,-0.893,29000000,-0.897,19000000,,-0.905,2.71,,,,,,,,,,,,,,,6.00,,,,,,,false,true,12,2023-04-01,2024-03-31,0
2024-01-31,3622,2023-03-31,3,,,,,,,,,,,,,,,,,,,,3176000000,2651000000,0.835,,2651000000,,,,,5.75,,,,6999000,113,,false,false,12,2022-04-01,2023-03-31,-1
2024-01-31,3622,2024-03-31,3,,,,,,,,,,,,,,,,,,,,,,,,,,,,,0.00,,,,,,,false,false,12,2023-04-01,2024-03-31,0
2024-01-31,36220,2024-03-31,,3500000000,-0.146,,,,,30000000,-0.900,29000000,-0.903,19000000,,-0.909,2.71,,,,,,,,,,,,,,,,,,,,,,false,true,12,2023-04-01,2024-03-31,0
2024-01-31,36220,2023-03-31,,3919000000,,,,,,281000000,,280000000,,200000000,,,28.61,,,,,,,,,,,,,,,,,,,,,,false,false,12,2022-04-01,2023-03-31,-1
2024-04-12,36220,2024-03-31,,3642000000,0.041,,,,,144000000,3.830,144000000,3.968,106000000,,4.585,15.16,,,,,,,,,,,,,,,,,,,,,,false,true,12,2023-04-01,2024-03-31,0
2024-04-12,36220,2023-03-31,,3919000000,,,,,,281000000,,280000000,,200000000,,,28.61,,,,,,,,,,,,,,,,,,,,,,false,false,12,2022-04-01,2023-03-31,-1
2024-04-30,3622,2024-03-31,,3630000000,-0.074,,,,,144000000,-0.485,144000000,-0.486,106000000,,-0.470,15.16,,0.040,0.045,0.040,,3188000000,2717000000,0.852,388.27,2717000000,81000000,-100000000,-40000000,2160000000,6.00,0.396,,,6999000,113,6998887,false,false,12,2023-04-01,2024-03-31,0
2024-04-30,3622,2023-03-31,,3919000000,0.147,,,,,281000000,0.371,280000000,0.366,200000000,,-0.655,28.61,,0.078,0.089,0.072,,3176000000,2651000000,0.835,378.86,2651000000,153000000,127000000,-22000000,2220000000,5.75,0.201,,,6999000,113,6998887,false,false,12,2022-04-01,2023-03-31,-1
2024-04-30,3622,2025-03-31,,4100000000,0.129,,,,,300000000,1.070,299000000,1.075,205000000,,0.932,29.29,,,,,,,,,,,,,,,6.00,0.205,,,,,,false,true,12,2024-04-01,2025-03-31,1
2024-07-31,3622,2025-03-31,1,739000000,-0.090,,,,,-70000000,,-70000000,,-49000000,,,-7.10,,,,,,3031000000,2625000000,0.866,,2625000000,,,,,,,,,6999000,113,6998887,false,false,3,2024-04-01,2024-06-30,0
2024-07-31,3622,2024-03-31,1,813000000,0.055,,,,,-54000000,,-54000000,,-38000000,,,-5.52,,,,,,,,,,,,,,,,,,,,,6998887,false,false,3,2023-04-01,2023-06-30,-1
2024-07-31,3622,2025-03-31,1,4100000000,0.129,,,,,300000000,1.070,299000000,1.075,205000000,,0.932,29.29,,,,,,,,,,,,,,,6.00,,,,,,,false,true,12,2024-04-01,2025-03-31,0
2024-07-31,3622,2024-03-31,1,,,,,,,,,,,,,,,,,,,,3188000000,2717000000,0.852,,2717000000,,,,,6.00,,,,6999000,113,,false,false,12,2023-04-01,2024-03-31,-1
2024-10-31,3622,2025-03-31,2,1502000000,-0.119,,,,,-59000000,,-59000000,,-132000000,,,-18.97,,,,,,2892000000,2542000000,0.879,,2542000000,,,,,,,,,6999000,113,6998887,false,false,6,2024-04-01,2024-09-30,0
2024-10-31,3622,2024-03-31,2,1704000000,-0.066,,,,,-36000000,,-36000000,,-27000000,,,-3.88,,,,,,,,,,,,,,,,,,,,,6998887,false,false,6,2023-04-01,2023-09-30,-1
2024-10-31,3622,2025-03-31,2,4100000000,0.129,,,,,300000000,1.070,299000000,1.075,115000000,,0.084,16.43,,,,,,,,,,,,,,,6.00,,,,,,,false,true,12,2024-04-01,2025-03-31,0
2024-10-31,3622,2024-03-31,2,,,,,,,,,,,,,,,,,,,,3188000000,2717000000,0.852,,2717000000,,,,,6.00,,,,6999000,113,,false,false,12,2023-04-01,2024-03-31,-1
2024-10-31,3622,2025-03-31,2,,,,,,,,,,,,,,,,,,,,,,,,,,,,,0.00,,,,,,,false,false,12,2024-04-01,2025-03-31,0
2025-01-17,36220,2025-03-31,,3300000000,-0.195,,,,,0,,-1000000,,-94000000,,,-13.43,,,,,,,,,,,,,,,,,,,,,,false,true,12,2024-04-01,2025-03-31,0
2025-01-17,36220,2024-03-31,,3630000000,,,,,,144000000,,144000000,,106000000,,,15.16,,,,,,,,,,,,,,,,,,,,,,false,false,12,2023-04-01,2024-03-31,-1
2025-01-31,3622,2025-03-31,3,2333000000,-0.094,,,,,-88000000,,-89000000,,-153000000,,,-21.96,,,,,,2956000000,2521000000,0.853,,2521000000,,,,,,,,,6999000,113,6998887,false,false,9,2024-04-01,2024-12-31,0
2025-01-31,3622,2024-03-31,3,2574000000,-0.052,,,,,-34000000,,-35000000,,-26000000,,,-3.81,,,,,,,,,,,,,,,,,,,,,6998887,false,false,9,2023-04-01,2023-12-31,-1
2025-01-31,3622,2025-03-31,3,3300000000,-0.091,,,,,0,,-1000000,,-94000000,,,-13.43,,,,,,,,,,,,,,,6.00,,,,,,,false,true,12,2024-04-01,2025-03-31,0
2025-01-31,3622,2024-03-31,3,,,,,,,,,,,,,,,,,,,,3188000000,2717000000,0.852,,2717000000,,,,,6.00,,,,6999000,113,,false,false,12,2023-04-01,2024-03-31,-1
2025-01-31,3622,2025-03-31,3,,,,,,,,,,,,,,,,,,,,,,,,,,,,,0.00,,,,,,,false,false,12,2024-04-01,2025-03-31,0
2025-04-14,36220,2025-03-31,,3377000000,0.024,,,,,82000000,,83000000,,-33000000,,,-4.82,,,,,,,,,,,,,,,,,,,,,,false,true,12,2024-04-01,2025-03-31,0
2025-04-14,36220,2024-03-31,,3630000000,,,,,,144000000,,144000000,,106000000,,,15.16,,,,,,,,,,,,,,,,,,,,,,false,false,12,2023-04-01,2024-03-31,-1
2025-04-30,3622,2025-03-31,,3377000000,-0.070,,,,,82000000,-0.430,83000000,-0.423,-33000000,,,-4.82,,-0.013,0.026,0.024,,3135000000,2641000000,0.842,377.45,2641000000,74000000,-4000000,-41000000,2188000000,6.00,,,,6999000,113,6998887,false,false,12,2024-04-01,2025-03-31,0
2025-04-30,3622,2024-03-31,,3630000000,-0.074,,,,,144000000,-0.485,144000000,-0.486,106000000,,-0.470,15.16,,0.040,0.045,0.040,,3188000000,2717000000,0.852,388.27,2717000000,81000000,-100000000,-40000000,2160000000,6.00,0.396,,,6999000,113,6998887,false,false,12,2023-04-01,2024-03-31,-1
2025-04-30,3622,2026-03-31,,3500000000,0.036,,,,,100000000,0.210,100000000,0.203,69000000,,,9.86,,,,,,,,,,,,,,,6.00,0.609,,,,,,false,true,12,2025-04-01,2026-03-31,1
