filing_date,code,fiscal_year_end,quarterly_period,net_sales,net_sales_change,revenue,revenue_change,operating_revenue,operating_revenue_change,operating_profit,operating_profit_change,ordinary_profit,ordinary_profit_change,net_income,net_income_of_parent,net_income_change,eps,diluted_eps,roe,roa,operating_profit_to_net_sales,operating_profit_to_revenue,total_assets,net_assets,equity_ratio,bps,owner_equity,operating_cash_flow,investing_cash_flow,financing_cash_flow,cash,dividend_per_share,payout_ratio,commemorative_dividend,extra_dividend,number_of_shares,number_of_treqsury_shares,avg_number_of_shares,is_consolidated,is_forecast,duration,period_start,period_end,period_pos
2015-05-13,36400,2015-03-31,,12942000000,0.029,,,,,471000000,,487000000,,171000000,,,31.03,,0.023,0.029,0.036,,17246000000,7625000000,0.442,1396.68,7625000000,132000000,-380000000,-144000000,1136000000,34.00,1.096,,,5837200,377400,5540021,false,false,12,2014-04-01,2015-03-31,0
2015-05-13,36400,2014-03-31,,12580000000,-0.090,,,,,-216000000,,-188000000,,-424000000,,,-73.51,,-0.053,-0.011,-0.017,,16295000000,7647000000,0.469,1337.70,7647000000,756000000,-863000000,-744000000,1525000000,34.00,,,,5837200,120600,5772069,false,false,12,2013-04-01,2014-03-31,-1
2015-05-13,36400,2016-03-31,,5387000000,0.033,,,,,-517000000,,-496000000,,131000000,,,24.05,,,,,,,,,,,,,,,,,,,,,,false,true,6,2015-04-01,2015-09-30,1
2015-05-13,36400,2016-03-31,,13900000000,0.074,,,,,370000000,-0.215,383000000,-0.213,722000000,,3.202,132.32,,,,,,,,,,,,,,,34.00,0.257,,,,,,false,true,12,2015-04-01,2016-03-31,1
2015-07-30,36400,2016-03-31,1,2501000000,-0.088,,,,,-190000000,,-190000000,,375000000,,,68.67,,,,,,15545000000,7459000000,0.479,1363.78,7452000000,,,,,,,,,5837200,367200,5462973,false,false,3,2015-04-01,2015-06-30,0
2015-07-30,36400,2015-03-31,1,2743000000,0.104,,,,,-172000000,,-173000000,,-130000000,,,-22.75,,,,,,,,,,,,,,,,,,,,,5720755,false,false,3,2014-04-01,2014-06-30,-1
2015-07-30,36400,2016-03-31,1,5387000000,0.033,,,,,-517000000,,-496000000,,131000000,,,24.05,,,,,,,,,,,,,,,,,,,,,,false,true,6,2015-04-01,2015-09-30,0
2015-07-30,36400,2016-03-31,1,13900000000,0.074,,,,,370000000,-0.215,383000000,-0.213,722000000,,3.202,132.32,,,,,,,,,,,,,,,34.00,,,,,,,false,true,12,2015-04-01,2016-03-31,0
2015-07-30,36400,2015-03-31,1,,,,,,,,,,,,,,,,,,,,17246000000,7625000000,0.442,1396.68,7625000000,,,,,34.00,,,,5837200,377400,,false,false,12,2014-04-01,2015-03-31,-1
2015-10-30,36400,2016-03-31,2,5443000000,0.044,,,,,-258000000,,-237000000,,359000000,,,65.75,,,,,,15227000000,7399000000,0.485,1350.19,7392000000,,,,,,,,,5837200,362400,5467467,false,false,6,2015-04-01,2015-09-30,0
2015-10-30,36400,2015-03-31,2,5216000000,-0.035,,,,,-496000000,,-473000000,,-325000000,,,-57.81,,,,,,,,,,,,,,,,,,,,,5627390,false,false,6,2014-04-01,2014-09-30,-1
2015-10-30,36400,2016-03-31,2,13900000000,0.074,,,,,370000000,-0.215,383000000,-0.213,722000000,,3.202,132.32,,,,,,,,,,,,,,,34.00,,,,,,,false,true,12,2015-04-01,2016-03-31,0
2015-10-30,36400,2015-03-31,2,,,,,,,,,,,,,,,,,,,,17246000000,7625000000,0.442,1396.68,7625000000,,,,,34.00,,,,5837200,377400,,false,false,12,2014-04-01,2015-03-31,-1
2015-10-30,36400,2016-03-31,2,,,,,,,,,,,,,,,,,,,,,,,,,,,,,17.00,,,,,,,false,false,12,2015-04-01,2016-03-31,0
2015-10-30,36400,2016-03-31,,5443000000,0.010,,,,,-258000000,,-237000000,,359000000,,1.738,65.75,,,,,,,,,,,,,,,,,,,,,,false,true,6,2015-04-01,2015-09-30,0
2015-10-30,36400,2015-03-31,,5216000000,,,,,,-496000000,,-473000000,,-325000000,,,-57.81,,,,,,,,,,,,,,,,,,,,,,false,false,6,2014-04-01,2014-09-30,-1
2016-01-29,36400,2016-03-31,3,10105000000,0.324,,,,,673000000,,693000000,,1032000000,,,188.75,,,,,,15905000000,8020000000,0.504,1460.99,8013000000,,,,,,,,,5837200,352500,5470989,false,false,9,2015-04-01,2015-12-31,0
2016-01-29,36400,2015-03-31,3,7630000000,-0.053,,,,,-830000000,,-809000000,,-546000000,,,-98.11,,,,,,,,,,,,,,,,,,,,,5567146,false,false,9,2014-04-01,2014-12-31,-1
2016-01-29,36400,2016-03-31,3,13900000000,0.074,,,,,370000000,-0.215,383000000,-0.213,722000000,,3.202,132.32,,,,,,,,,,,,,,,34.00,,,,,,,false,true,12,2015-04-01,2016-03-31,0
2016-01-29,36400,2015-03-31,3,,,,,,,,,,,,,,,,,,,,17246000000,7625000000,0.442,1396.68,7625000000,,,,,34.00,,,,5837200,377400,,false,false,12,2014-04-01,2015-03-31,-1
2016-01-29,36400,2016-03-31,3,,,,,,,,,,,,,,,,,,,,,,,,,,,,,17.00,,,,,,,false,false,12,2015-04-01,2016-03-31,0
,36400,2016-03-31,,,,,,,,,,,,,,,,,,,,,,,,,,,,,,40.00,,,,,,,false,true,12,2015-04-01,2016-03-31,0
,36400,2016-03-31,,,,,,,,,,,,,,,,,,,,,,,,,,,,,,17.00,,,,,,,false,false,12,2015-04-01,2016-03-31,0
,36400,2015-03-31,,,,,,,,,,,,,,,,,,,,,,,,,,,,,,34.00,,,,,,,false,false,12,2014-04-01,2015-03-31,-1
2016-04-15,36400,2016-03-31,,14226000000,0.023,,,,,603000000,0.630,618000000,0.613,972000000,,0.346,177.56,,,,,,,,,,,,,,,,,,,,,,false,true,12,2015-04-01,2016-03-31,0
2016-04-15,36400,2015-03-31,,12942000000,,,,,,471000000,,487000000,,171000000,,,31.03,,,,,,,,,,,,,,,,,,,,,,false,false,12,2014-04-01,2015-03-31,-1
2016-05-13,36400,2016-03-31,,14226000000,0.099,,,,,600000000,0.275,616000000,0.263,969000000,,4.640,177.12,,0.125,0.037,0.042,,16149000000,7956000000,0.492,1448.26,7949000000,1570000000,-268000000,-1347000000,1089000000,40.00,0.226,,,5837200,348200,5474854,false,false,12,2015-04-01,2016-03-31,0
2016-05-13,36400,2015-03-31,,12942000000,0.029,,,,,471000000,,487000000,,171000000,,,31.03,,0.023,0.029,0.036,,17246000000,7625000000,0.442,1396.68,7625000000,132000000,-380000000,-144000000,1136000000,34.00,1.096,,,5837200,377400,5540021,false,false,12,2014-04-01,2015-03-31,-1
2016-05-13,36400,2017-03-31,,5006000000,-0.008,,,,,-1024000000,,-1001000000,,-704000000,,,-128.34,,,,,,,,,,,,,,,,,,,,,,false,true,6,2016-04-01,2016-09-30,1
2016-05-13,36400,2017-03-31,,14200000000,-0.002,,,,,380000000,-0.368,399000000,-0.352,266000000,,-0.725,48.58,,,,,,,,,,,,,,,35.00,0.720,,,,,,false,true,12,2016-04-01,2017-03-31,1
2016-07-29,36400,2017-03-31,1,2768000000,0.107,,,,,-334000000,,-334000000,,-242000000,,,-44.24,,,,,,14802000000,7592000000,0.512,1378.88,7585000000,,,,,,,,,5837200,336300,5492474,false,false,3,2016-04-01,2016-06-30,0
2016-07-29,36400,2016-03-31,1,2501000000,-0.088,,,,,-190000000,,-190000000,,375000000,,,68.67,,,,,,,,,,,,,,,,,,,,,5462973,false,false,3,2015-04-01,2015-06-30,-1
2016-07-29,36400,2017-03-31,1,5006000000,-0.080,,,,,-1024000000,,-1001000000,,-704000000,,,-128.34,,,,,,,,,,,,,,,,,,,,,,false,true,6,2016-04-01,2016-09-30,0
2016-07-29,36400,2017-03-31,1,14200000000,-0.002,,,,,380000000,-0.368,399000000,-0.352,266000000,,-0.725,48.58,,,,,,,,,,,,,,,35.00,,,,,,,false,true,12,2016-04-01,2017-03-31,0
2016-07-29,36400,2016-03-31,1,,,,,,,,,,,,,,,,,,,,16149000000,7956000000,0.492,1448.26,7949000000,,,,,40.00,,,,5837200,348200,,false,false,12,2015-04-01,2016-03-31,-1
2016-10-28,36400,2017-03-31,2,5478000000,0.006,,,,,-605000000,,-586000000,,-439000000,,,-79.92,,,,,,15131000000,7430000000,0.489,1343.30,7396000000,,,,,,,,,5837200,331300,5497722,false,false,6,2016-04-01,2016-09-30,0
2016-10-28,36400,2016-03-31,2,5443000000,0.044,,,,,-258000000,,-237000000,,359000000,,,65.75,,,,,,,,,,,,,,,,,,,,,5467467,false,false,6,2015-04-01,2015-09-30,-1
2016-10-28,36400,2017-03-31,2,14200000000,-0.002,,,,,380000000,-0.368,399000000,-0.352,266000000,,-0.725,48.58,,,,,,,,,,,,,,,35.00,,,,,,,false,true,12,2016-04-01,2017-03-31,0
2016-10-28,36400,2016-03-31,2,,,,,,,,,,,,,,,,,,,,16149000000,7956000000,0.492,1448.26,7949000000,,,,,40.00,,,,5837200,348200,,false,false,12,2015-04-01,2016-03-31,-1
2016-10-28,36400,2017-03-31,2,,,,,,,,,,,,,,,,,,,,,,,,,,,,,17.00,,,,,,,false,false,12,2016-04-01,2017-03-31,0
2016-10-28,36400,2017-03-31,,5478000000,0.094,,,,,-605000000,,-586000000,,-439000000,,,-79.92,,,,,,,,,,,,,,,,,,,,,,false,true,6,2016-04-01,2016-09-30,0
2016-10-28,36400,2016-03-31,,5443000000,,,,,,-258000000,,-237000000,,359000000,,,65.75,,,,,,,,,,,,,,,,,,,,,,false,false,6,2015-04-01,2015-09-30,-1
2017-01-30,36400,2017-03-31,3,8399000000,-0.169,,,,,-648000000,,-630000000,,-477000000,,,-86.77,,,,,,16298000000,7329000000,0.448,1322.34,7295000000,,,,,,,,,5837200,320400,5501671,false,false,9,2016-04-01,2016-12-31,0
2017-01-30,36400,2016-03-31,3,10105000000,0.324,,,,,673000000,,693000000,,1032000000,,,188.75,,,,,,,,,,,,,,,,,,,,,5470989,false,false,9,2015-04-01,2015-12-31,-1
2017-01-30,36400,2017-03-31,3,14200000000,-0.002,,,,,380000000,-0.368,399000000,-0.352,266000000,,-0.725,48.58,,,,,,,,,,,,,,,35.00,,,,,,,false,true,12,2016-04-01,2017-03-31,0
2017-01-30,36400,2016-03-31,3,,,,,,,,,,,,,,,,,,,,16149000000,7956000000,0.492,1448.26,7949000000,,,,,40.00,,,,5837200,348200,,false,false,12,2015-04-01,2016-03-31,-1
2017-01-30,36400,2017-03-31,3,,,,,,,,,,,,,,,,,,,,,,,,,,,,,17.00,,,,,,,false,false,12,2016-04-01,2017-03-31,0
2017-04-17,36400,2017-03-31,,14790000000,0.042,,,,,580000000,0.526,595000000,0.491,415000000,,0.560,76.03,,,,,,,,,,,,,,,,,,,,,,false,true,12,2016-04-01,2017-03-31,0
2017-04-17,36400,2016-03-31,,14226000000,,,,,,600000000,,616000000,,969000000,,,177.12,,,,,,,,,,,,,,,,,,,,,,false,false,12,2015-04-01,2016-03-31,-1
2017-05-15,36400,2017-03-31,,14799000000,0.040,,,,,586000000,-0.024,600000000,-0.026,419000000,,-0.567,76.22,76.08,0.052,0.034,0.040,,18706000000,8220000000,0.438,1482.83,8186000000,666000000,-2415000000,1429000000,770000000,35.00,0.459,,,5837200,316500,5505801,false,false,12,2016-04-01,2017-03-31,0
2017-05-15,36400,2016-03-31,,14226000000,0.099,,,,,600000000,0.275,616000000,0.263,969000000,,4.640,177.12,,0.125,0.037,0.042,,16149000000,7956000000,0.492,1448.26,7949000000,1570000000,-268000000,-1347000000,1089000000,40.00,0.226,,,5837200,348200,5474854,false,false,12,2015-04-01,2016-03-31,-1
2017-05-15,36400,2018-03-31,,5015000000,-0.085,,,,,-227000000,,-217000000,,-152000000,,,-27.55,,,,,,,,,,,,,,,,,,,,,,false,true,6,2017-04-01,2017-09-30,1
2017-05-15,36400,2018-03-31,,14600000000,-0.013,,,,,890000000,0.517,902000000,0.503,621000000,,0.480,112.52,,,,,,,,,,,,,,,35.00,0.311,,,,,,false,true,12,2017-04-01,2018-03-31,1
2017-07-28,36400,2018-03-31,1,2861000000,0.034,,,,,185000000,,192000000,,122000000,,,22.10,22.04,,,,,17484000000,8266000000,0.471,1488.33,8232000000,,,,,,,,,5837200,306100,5523923,false,false,3,2017-04-01,2017-06-30,0
2017-07-28,36400,2017-03-31,1,2768000000,0.107,,,,,-334000000,,-334000000,,-242000000,,,-44.24,,,,,,,,,,,,,,,,,,,,,5492474,false,false,3,2016-04-01,2016-06-30,-1
2017-07-28,36400,2018-03-31,1,5015000000,-0.085,,,,,-227000000,,-217000000,,-152000000,,,-27.55,,,,,,,,,,,,,,,,,,,,,,false,true,6,2017-04-01,2017-09-30,0
2017-07-28,36400,2018-03-31,1,14600000000,-0.013,,,,,890000000,0.517,902000000,0.503,621000000,,0.480,112.52,,,,,,,,,,,,,,,35.00,,,,,,,false,true,12,2017-04-01,2018-03-31,0
2017-07-28,36400,2017-03-31,1,,,,,,,,,,,,,,,,,,,,18706000000,8220000000,0.438,1482.83,8186000000,,,,,35.00,,,,5837200,316500,,false,false,12,2016-04-01,2017-03-31,-1
2017-10-30,36400,2018-03-31,2,5446000000,-0.006,,,,,131000000,,134000000,,78000000,,,14.17,14.13,,,,,17792000000,8233000000,0.461,1481.29,8199000000,,,,,,,,,5837200,301800,5528401,false,false,6,2017-04-01,2017-09-30,0
2017-10-30,36400,2017-03-31,2,5478000000,0.006,,,,,-605000000,,-586000000,,-439000000,,,-79.92,,,,,,,,,,,,,,,,,,,,,5497722,false,false,6,2016-04-01,2016-09-30,-1
2017-10-30,36400,2018-03-31,2,14600000000,-0.013,,,,,890000000,0.517,902000000,0.503,621000000,,0.480,112.52,,,,,,,,,,,,,,,35.00,,,,,,,false,true,12,2017-04-01,2018-03-31,0
2017-10-30,36400,2017-03-31,2,,,,,,,,,,,,,,,,,,,,18706000000,8220000000,0.438,1482.83,8186000000,,,,,35.00,,,,5837200,316500,,false,false,12,2016-04-01,2017-03-31,-1
2017-10-30,36400,2018-03-31,2,,,,,,,,,,,,,,,,,,,,,,,,,,,,,17.00,,,,,,,false,false,12,2017-04-01,2018-03-31,0
2018-01-30,36400,2018-03-31,3,8550000000,0.018,,,,,154000000,,152000000,,132000000,,,24.02,23.96,,,,,17471000000,8221000000,0.469,1476.42,8186000000,,,,,,,,,5837200,292232,5531740,false,false,9,2017-04-01,2017-12-31,0
2018-01-30,36400,2017-03-31,3,8399000000,-0.169,,,,,-648000000,,-630000000,,-477000000,,,-86.77,,,,,,,,,,,,,,,,,,,,,5501671,false,false,9,2016-04-01,2016-12-31,-1
2018-01-30,36400,2018-03-31,3,14600000000,-0.013,,,,,890000000,0.517,902000000,0.503,621000000,,0.480,112.52,,,,,,,,,,,,,,,35.00,,,,,,,false,true,12,2017-04-01,2018-03-31,0
2018-01-30,36400,2017-03-31,3,,,,,,,,,,,,,,,,,,,,18706000000,8220000000,0.438,1482.83,8186000000,,,,,35.00,,,,5837200,316500,,false,false,12,2016-04-01,2017-03-31,-1
2018-01-30,36400,2018-03-31,3,,,,,,,,,,,,,,,,,,,,,,,,,,,,,17.00,,,,,,,false,false,12,2017-04-01,2018-03-31,0
2018-05-15,36400,2018-03-31,,13597000000,-0.081,,,,,1048000000,0.788,1044000000,0.740,744000000,,0.774,134.51,134.15,0.088,0.055,0.077,,18943000000,8823000000,0.464,1586.35,8796000000,2180000000,-1790000000,-206000000,952000000,35.00,0.260,,,5837200,291832,5535074,false,false,12,2017-04-01,2018-03-31,0
2018-05-15,36400,2017-03-31,,14799000000,0.040,,,,,586000000,-0.024,600000000,-0.026,419000000,,-0.567,76.22,76.08,0.052,0.034,0.040,,18706000000,8220000000,0.438,1482.83,8186000000,666000000,-2415000000,1429000000,770000000,35.00,0.459,,,5837200,316500,5505801,false,false,12,2016-04-01,2017-03-31,-1
2018-05-15,36400,2019-03-31,,5247000000,-0.036,,,,,-545000000,,-533000000,,-370000000,,,-66.87,,,,,,,,,,,,,,,,,,,,,,false,true,6,2018-04-01,2018-09-30,1
2018-05-15,36400,2019-03-31,,14300000000,0.052,,,,,280000000,-0.733,295000000,-0.717,193000000,,-0.740,34.95,,,,,,,,,,,,,,,35.00,1.001,,,,,,false,true,12,2018-04-01,2019-03-31,1
2018-07-30,36400,2019-03-31,1,2695000000,-0.058,,,,,-118000000,,-114000000,,-90000000,,,-16.36,,,,,,17589000000,8632000000,0.489,1551.79,8605000000,,,,,,,,,5837200,291832,5545368,false,false,3,2018-04-01,2018-06-30,0
2018-07-30,36400,2018-03-31,1,2861000000,0.034,,,,,185000000,,192000000,,122000000,,,22.10,22.04,,,,,,,,,,,,,,,,,,,,5523923,false,false,3,2017-04-01,2017-06-30,-1
2018-07-30,36400,2019-03-31,1,5247000000,-0.036,,,,,-545000000,,-533000000,,-370000000,,,-66.87,,,,,,,,,,,,,,,,,,,,,,false,true,6,2018-04-01,2018-09-30,0
2018-07-30,36400,2019-03-31,1,14300000000,0.052,,,,,280000000,-0.733,295000000,-0.717,193000000,,-0.740,34.95,,,,,,,,,,,,,,,35.00,,,,,,,false,true,12,2018-04-01,2019-03-31,0
2018-07-30,36400,2018-03-31,1,,,,,,,,,,,,,,,,,,,,18943000000,8823000000,0.464,1586.35,8796000000,,,,,35.00,,,,5837200,291832,,false,false,12,2017-04-01,2018-03-31,-1
2018-10-30,36400,2019-03-31,2,5597000000,0.028,,,,,-424000000,,-423000000,,-312000000,,,-56.28,,,,,,18047000000,8435000000,0.466,1513.59,8413000000,,,,,,,,,5837200,278732,5549218,false,false,6,2018-04-01,2018-09-30,0
2018-10-30,36400,2018-03-31,2,5446000000,-0.006,,,,,131000000,,134000000,,78000000,,,14.17,14.13,,,,,,,,,,,,,,,,,,,,5528401,false,false,6,2017-04-01,2017-09-30,-1
2018-10-30,36400,2019-03-31,2,14300000000,0.052,,,,,280000000,-0.733,295000000,-0.717,193000000,,-0.740,34.95,,,,,,,,,,,,,,,35.00,,,,,,,false,true,12,2018-04-01,2019-03-31,0
2018-10-30,36400,2018-03-31,2,,,,,,,,,,,,,,,,,,,,18943000000,8823000000,0.464,1586.35,8796000000,,,,,35.00,,,,5837200,291832,,false,false,12,2017-04-01,2018-03-31,-1
2018-10-30,36400,2019-03-31,2,,,,,,,,,,,,,,,,,,,,,,,,,,,,,17.00,,,,,,,false,false,12,2018-04-01,2019-03-31,0
2019-01-30,36400,2019-03-31,3,8822000000,0.032,,,,,-691000000,,-694000000,,-507000000,,,-91.32,,,,,,18851000000,8142000000,0.431,1460.86,8120000000,,,,,,,,,5837200,278732,5552312,false,false,9,2018-04-01,2018-12-31,0
2019-01-30,36400,2018-03-31,3,8550000000,0.018,,,,,154000000,,152000000,,132000000,,,24.02,23.96,,,,,,,,,,,,,,,,,,,,5531740,false,false,9,2017-04-01,2017-12-31,-1
2019-01-30,36400,2019-03-31,3,14300000000,0.052,,,,,280000000,-0.733,295000000,-0.717,193000000,,-0.740,34.95,,,,,,,,,,,,,,,35.00,,,,,,,false,true,12,2018-04-01,2019-03-31,0
2019-01-30,36400,2018-03-31,3,,,,,,,,,,,,,,,,,,,,18943000000,8823000000,0.464,1586.35,8796000000,,,,,35.00,,,,5837200,291832,,false,false,12,2017-04-01,2018-03-31,-1
2019-01-30,36400,2019-03-31,3,,,,,,,,,,,,,,,,,,,,,,,,,,,,,17.00,,,,,,,false,false,12,2018-04-01,2019-03-31,0
2019-03-15,36400,2019-03-31,,13700000000,-0.042,,,,,-390000000,,-400000000,,-980000000,,,,,,,,,,,,,,,,,,,,,,,,,false,true,12,2018-04-01,2019-03-31,0
2019-03-15,36400,2018-03-31,,13597000000,,,,,,1048000000,,1044000000,,744000000,,,,,,,,,,,,,,,,,,,,,,,,,false,false,12,2017-04-01,2018-03-31,-1
2019-05-15,36400,2019-03-31,,14088000000,,,,,,-380000000,,-385000000,,,-1062000000,,-191.28,,-0.133,-0.020,-0.027,,19400000000,7435000000,0.382,1333.57,7412000000,-315000000,-186000000,-116000000,369000000,,,,,,,,true,false,12,2018-04-01,2019-03-31,0
2019-05-15,36400,2020-03-31,,5871000000,,,,,,-342000000,,-327000000,,,-227000000,,-40.99,,,,,,,,,,,,,,,,,,,,,,true,true,6,2019-04-01,2019-09-30,1
2019-05-15,36400,2020-03-31,,14900000000,0.058,,,,,339000000,,361000000,,,251000000,,45.16,,,,,,,,,,,,,,,,0.775,,,,,,true,true,12,2019-04-01,2020-03-31,1
2019-05-15,36400,2019-03-31,,13714000000,0.009,,,,,-327000000,,-332000000,,-1011000000,,,-182.13,,,,,,19346000000,7639000000,0.394,1370.31,7616000000,,,,,35.00,,,,5837200,278732,5553830,false,false,12,2018-04-01,2019-03-31,0
2019-05-15,36400,2018-03-31,,13597000000,-0.081,,,,,1048000000,0.788,1044000000,0.740,744000000,,0.774,134.51,134.15,,,,,18943000000,8823000000,0.464,1586.35,8796000000,,,,,35.00,,,,5837200,291832,5535074,false,false,12,2017-04-01,2018-03-31,-1
2019-05-15,36400,2020-03-31,,,,,,,,,,,,,,,,,,,,,,,,,,,,,,35.00,,,,,,,false,true,12,2019-04-01,2020-03-31,1
2019-05-15,36400,2019-03-31,,14088000000,,,,,,-380000000,,-385000000,,,-1062000000,,-191.28,,-0.133,-0.020,-0.027,,19400000000,7435000000,0.382,1333.57,7412000000,-287000000,-186000000,-144000000,369000000,,,,,,,,true,false,12,2018-04-01,2019-03-31,0
2019-05-15,36400,2020-03-31,,5871000000,,,,,,-342000000,,-327000000,,,-227000000,,-40.99,,,,,,,,,,,,,,,,,,,,,,true,true,6,2019-04-01,2019-09-30,1
2019-05-15,36400,2020-03-31,,14900000000,0.058,,,,,339000000,,361000000,,,251000000,,45.16,,,,,,,,,,,,,,,,0.775,,,,,,true,true,12,2019-04-01,2020-03-31,1
2019-05-15,36400,2019-03-31,,13714000000,0.009,,,,,-327000000,,-332000000,,-1011000000,,,-182.13,,,,,,19346000000,7639000000,0.394,1370.31,7616000000,,,,,35.00,,,,5837200,278732,5553830,false,false,12,2018-04-01,2019-03-31,0
2019-05-15,36400,2018-03-31,,13597000000,-0.081,,,,,1048000000,0.788,1044000000,0.740,744000000,,0.774,134.51,134.15,,,,,18943000000,8823000000,0.464,1586.35,8796000000,,,,,35.00,,,,5837200,291832,5535074,false,false,12,2017-04-01,2018-03-31,-1
2019-05-15,36400,2020-03-31,,,,,,,,,,,,,,,,,,,,,,,,,,,,,,35.00,,,,,,,false,true,12,2019-04-01,2020-03-31,1
2019-07-30,36400,2020-03-31,1,3128000000,,,,,,-209000000,,-206000000,,,-157000000,,-28.35,,,,,,18033000000,7175000000,0.397,1287.01,7157000000,,,,,,,,,,,,true,false,3,2019-04-01,2019-06-30,0
2019-07-30,36400,2020-03-31,1,5871000000,,,,,,-342000000,,-327000000,,,-227000000,,-40.99,,,,,,,,,,,,,,,,,,,,,,true,true,6,2019-04-01,2019-09-30,0
2019-07-30,36400,2020-03-31,1,14900000000,0.058,,,,,339000000,,361000000,,,251000000,,45.16,,,,,,,,,,,,,,,,,,,,,,true,true,12,2019-04-01,2020-03-31,0
2019-07-30,36400,2019-03-31,1,,,,,,,,,,,,,,,,,,,,19400000000,7435000000,0.382,1333.57,7412000000,,,,,,,,,,,,true,false,12,2018-04-01,2019-03-31,-1
2019-07-30,36400,2019-03-31,1,,,,,,,,,,,,,,,,,,,,,,,,,,,,,35.00,,,,5837200,278732,,false,false,12,2018-04-01,2019-03-31,-1
2019-07-30,36400,2020-03-31,1,,,,,,,,,,,,,,,,,,,,,,,,,,,,,35.00,,,,,,,false,true,12,2019-04-01,2020-03-31,0
2019-07-30,36400,2020-03-31,1,,,,,,,,,,,,,,,,,,,,,,,,,,,,,,,,,5837200,276232,5558578,false,false,3,2019-04-01,2019-06-30,0
2019-07-30,36400,2019-03-31,1,,,,,,,,,,,,,,,,,,,,,,,,,,,,,,,,,,,5545368,false,false,3,2018-04-01,2018-06-30,-1
2019-10-30,36400,2020-03-31,2,6573000000,,,,,,-237000000,,-237000000,,,-186000000,,-33.45,,,,,,18000000000,7168000000,0.397,1283.12,7150000000,,,,,,,,,,,,true,false,6,2019-04-01,2019-09-30,0
2019-10-30,36400,2020-03-31,2,14900000000,0.058,,,,,339000000,,361000000,,,251000000,,45.16,,,,,,,,,,,,,,,,,,,,,,true,true,12,2019-04-01,2020-03-31,0
2019-10-30,36400,2019-03-31,2,,,,,,,,,,,,,,,,,,,,19400000000,7435000000,0.382,1333.57,7412000000,,,,,,,,,,,,true,false,12,2018-04-01,2019-03-31,-1
2019-10-30,36400,2019-03-31,2,,,,,,,,,,,,,,,,,,,,,,,,,,,,,35.00,,,,5837200,278732,,false,false,12,2018-04-01,2019-03-31,-1
2019-10-30,36400,2020-03-31,2,,,,,,,,,,,,,,,,,,,,,,,,,,,,,17.00,,,,,,,false,false,12,2019-04-01,2020-03-31,0
2019-10-30,36400,2020-03-31,2,,,,,,,,,,,,,,,,,,,,,,,,,,,,,35.00,,,,,,,false,true,12,2019-04-01,2020-03-31,0
2019-10-30,36400,2020-03-31,2,,,,,,,,,,,,,,,,,,,,,,,,,,,,,,,,,5837200,264632,5562695,false,false,6,2019-04-01,2019-09-30,0
2019-10-30,36400,2019-03-31,2,,,,,,,,,,,,,,,,,,,,,,,,,,,,,,,,,,,5549218,false,false,6,2018-04-01,2018-09-30,-1
2019-10-30,36400,2020-03-31,,6573000000,0.119,,,,,-237000000,,-237000000,,,-186000000,,-33.45,,,,,,,,,,,,,,,,,,,,,,true,true,6,2019-04-01,2019-09-30,0
2020-01-30,36400,2020-03-31,3,10029000000,,,,,,-117000000,,-121000000,,,-114000000,,-20.59,,,,,,18418000000,7148000000,0.387,1279.64,7130000000,,,,,,,,,,,,true,false,9,2019-04-01,2019-12-31,0
2020-01-30,36400,2020-03-31,3,14900000000,0.058,,,,,339000000,,361000000,,,251000000,,45.16,,,,,,,,,,,,,,,,,,,,,,true,true,12,2019-04-01,2020-03-31,0
2020-01-30,36400,2019-03-31,3,,,,,,,,,,,,,,,,,,,,19400000000,7435000000,0.382,1333.57,7412000000,,,,,,,,,,,,true,false,12,2018-04-01,2019-03-31,-1
2020-01-30,36400,2019-03-31,3,,,,,,,,,,,,,,,,,,,,,,,,,,,,,35.00,,,,5837200,278732,,false,false,12,2018-04-01,2019-03-31,-1
2020-01-30,36400,2020-03-31,3,,,,,,,,,,,,,,,,,,,,,,,,,,,,,17.00,,,,,,,false,false,12,2019-04-01,2020-03-31,0
2020-01-30,36400,2020-03-31,3,,,,,,,,,,,,,,,,,,,,,,,,,,,,,35.00,,,,,,,false,true,12,2019-04-01,2020-03-31,0
2020-01-30,36400,2020-03-31,3,,,,,,,,,,,,,,,,,,,,,,,,,,,,,,,,,5837200,264632,5565998,false,false,9,2019-04-01,2019-12-31,0
2020-01-30,36400,2019-03-31,3,,,,,,,,,,,,,,,,,,,,,,,,,,,,,,,,,,,5552312,false,false,9,2018-04-01,2018-12-31,-1
2020-05-15,36400,2020-03-31,,14869000000,0.055,,,,,300000000,,313000000,,,261000000,,46.94,46.86,0.035,0.016,0.020,,18693000000,7533000000,0.402,1348.72,7515000000,1371000000,-514000000,-778000000,448000000,,0.746,,,,,,true,false,12,2019-04-01,2020-03-31,0
2020-05-15,36400,2019-03-31,,14088000000,,,,,,-380000000,,-385000000,,,-1062000000,,-191.28,,-0.133,-0.020,-0.027,,19400000000,7435000000,0.382,1333.57,7412000000,-287000000,-186000000,-144000000,369000000,,,,,,,,true,false,12,2018-04-01,2019-03-31,-1
2020-05-15,36400,2021-03-31,,5736000000,-0.127,,,,,-452000000,,-429000000,,,-298000000,,-53.58,,,,,,,,,,,,,,,,,,,,,,true,true,6,2020-04-01,2020-09-30,1
2020-05-15,36400,2021-03-31,,15720000000,0.057,,,,,343000000,0.140,374000000,0.194,,257000000,,46.12,,,,,,,,,,,,,,,,0.759,,,,,,true,true,12,2020-04-01,2021-03-31,1
2020-05-15,36400,2020-03-31,,14405000000,0.050,,,,,287000000,,295000000,,247000000,,,44.45,44.36,,,,,18585000000,7715000000,0.414,1381.27,7697000000,,,,,35.00,,,,5837200,264681,5567624,false,false,12,2019-04-01,2020-03-31,0
2020-05-15,36400,2019-03-31,,13714000000,0.009,,,,,-327000000,,-332000000,,-1011000000,,,-182.13,,,,,,19346000000,7639000000,0.394,1370.31,7616000000,,,,,35.00,,,,5837200,278732,5553830,false,false,12,2018-04-01,2019-03-31,-1
2020-05-15,36400,2021-03-31,,,,,,,,,,,,,,,,,,,,,,,,,,,,,,35.00,,,,,,,false,true,12,2020-04-01,2021-03-31,1
2020-07-30,36400,2021-03-31,1,3542000000,0.132,,,,,276000000,,280000000,,,165000000,,29.61,29.56,,,,,17566000000,7603000000,0.432,1361.27,7585000000,,,,,,,,,,,,true,false,3,2020-04-01,2020-06-30,0
2020-07-30,36400,2020-03-31,1,3128000000,,,,,,-209000000,,-206000000,,,-157000000,,-28.35,,,,,,,,,,,,,,,,,,,,,,true,false,3,2019-04-01,2019-06-30,-1
2020-07-30,36400,2021-03-31,1,5736000000,-0.127,,,,,-452000000,,-429000000,,,-298000000,,-53.58,,,,,,,,,,,,,,,,,,,,,,true,true,6,2020-04-01,2020-09-30,0
2020-07-30,36400,2021-03-31,1,15720000000,0.057,,,,,343000000,0.140,374000000,0.194,,257000000,,46.12,,,,,,,,,,,,,,,,,,,,,,true,true,12,2020-04-01,2021-03-31,0
2020-07-30,36400,2020-03-31,1,,,,,,,,,,,,,,,,,,,,18693000000,7533000000,0.402,1348.72,7515000000,,,,,,,,,,,,true,false,12,2019-04-01,2020-03-31,-1
2020-07-30,36400,2020-03-31,1,,,,,,,,,,,,,,,,,,,,,,,,,,,,,35.00,,,,5837200,264681,,false,false,12,2019-04-01,2020-03-31,-1
2020-07-30,36400,2021-03-31,1,,,,,,,,,,,,,,,,,,,,,,,,,,,,,35.00,,,,,,,false,true,12,2020-04-01,2021-03-31,0
2020-07-30,36400,2021-03-31,1,,,,,,,,,,,,,,,,,,,,,,,,,,,,,,,,,5837200,264681,5572519,false,false,3,2020-04-01,2020-06-30,0
2020-07-30,36400,2020-03-31,1,,,,,,,,,,,,,,,,,,,,,,,,,,,,,,,,,,,5558578,false,false,3,2019-04-01,2019-06-30,-1
2020-09-15,36400,2021-03-31,,6477000000,0.129,,,,,40000000,,41000000,,,5000000,,1.07,,,,,,,,,,,,,,,,,,,,,,true,true,6,2020-04-01,2020-09-30,0
2020-09-15,36400,2020-03-31,,6573000000,,,,,,-237000000,,-237000000,,,-186000000,,-33.45,,,,,,,,,,,,,,,,,,,,,,true,false,6,2019-04-01,2019-09-30,-1
2020-10-30,36400,2021-03-31,2,6463000000,-0.017,,,,,38000000,,41000000,,,9000000,,1.75,1.75,,,,,17330000000,7476000000,0.430,1335.70,7458000000,,,,,,,,,,,,true,false,6,2020-04-01,2020-09-30,0
2020-10-30,36400,2020-03-31,2,6573000000,,,,,,-237000000,,-237000000,,,-186000000,,-33.45,,,,,,,,,,,,,,,,,,,,,,true,false,6,2019-04-01,2019-09-30,-1
2020-10-30,36400,2021-03-31,2,15720000000,0.057,,,,,343000000,0.140,374000000,0.194,,257000000,,46.12,,,,,,,,,,,,,,,,,,,,,,true,true,12,2020-04-01,2021-03-31,0
2020-10-30,36400,2020-03-31,2,,,,,,,,,,,,,,,,,,,,18693000000,7533000000,0.402,1348.72,7515000000,,,,,,,,,,,,true,false,12,2019-04-01,2020-03-31,-1
2020-10-30,36400,2020-03-31,2,,,,,,,,,,,,,,,,,,,,,,,,,,,,,35.00,,,,5837200,264681,,false,false,12,2019-04-01,2020-03-31,-1
2020-10-30,36400,2021-03-31,2,,,,,,,,,,,,,,,,,,,,,,,,,,,,,17.00,,,,,,,false,false,12,2020-04-01,2021-03-31,0
2020-10-30,36400,2021-03-31,2,,,,,,,,,,,,,,,,,,,,,,,,,,,,,35.00,,,,,,,false,true,12,2020-04-01,2021-03-31,0
2020-10-30,36400,2021-03-31,2,,,,,,,,,,,,,,,,,,,,,,,,,,,,,,,,,5837200,253181,5575535,false,false,6,2020-04-01,2020-09-30,0
2020-10-30,36400,2020-03-31,2,,,,,,,,,,,,,,,,,,,,,,,,,,,,,,,,,,,5562695,false,false,6,2019-04-01,2019-09-30,-1
2021-01-29,36400,2021-03-31,3,9595000000,-0.043,,,,,-99000000,,-92000000,,,-93000000,,-16.75,,,,,,17412000000,7283000000,0.417,1301.14,7265000000,,,,,,,,,,,,true,false,9,2020-04-01,2020-12-31,0
2021-01-29,36400,2020-03-31,3,10029000000,,,,,,-117000000,,-121000000,,,-114000000,,-20.59,,,,,,,,,,,,,,,,,,,,,,true,false,9,2019-04-01,2019-12-31,-1
2021-01-29,36400,2021-03-31,3,15720000000,0.057,,,,,343000000,0.140,374000000,0.194,,257000000,,46.12,,,,,,,,,,,,,,,,,,,,,,true,true,12,2020-04-01,2021-03-31,0
2021-01-29,36400,2020-03-31,3,,,,,,,,,,,,,,,,,,,,18693000000,7533000000,0.402,1348.72,7515000000,,,,,,,,,,,,true,false,12,2019-04-01,2020-03-31,-1
2021-01-29,36400,2020-03-31,3,,,,,,,,,,,,,,,,,,,,,,,,,,,,,35.00,,,,5837200,264681,,false,false,12,2019-04-01,2020-03-31,-1
2021-01-29,36400,2021-03-31,3,,,,,,,,,,,,,,,,,,,,,,,,,,,,,17.00,,,,,,,false,false,12,2020-04-01,2021-03-31,0
2021-01-29,36400,2021-03-31,3,,,,,,,,,,,,,,,,,,,,,,,,,,,,,35.00,,,,,,,false,true,12,2020-04-01,2021-03-31,0
2021-01-29,36400,2021-03-31,3,,,,,,,,,,,,,,,,,,,,,,,,,,,,,,,,,5837200,253181,5578374,false,false,9,2020-04-01,2020-12-31,0
2021-01-29,36400,2020-03-31,3,,,,,,,,,,,,,,,,,,,,,,,,,,,,,,,,,,,5565998,false,false,9,2019-04-01,2019-12-31,-1
,36400,2021-03-31,,,,,,,,,,,,,,,,,,,,,,,,,,,,,,38.00,,,,,,,false,true,12,2020-04-01,2021-03-31,0
,36400,2021-03-31,,,,,,,,,,,,,,,,,,,,,,,,,,,,,,17.00,,,,,,,false,false,12,2020-04-01,2021-03-31,0
,36400,2020-03-31,,,,,,,,,,,,,,,,,,,,,,,,,,,,,,35.00,,,,,,,false,false,12,2019-04-01,2020-03-31,-1
2021-03-16,36400,2021-03-31,,16080000000,0.023,,,,,1060000000,2.090,1060000000,1.834,,570000000,,104.29,,,,,,,,,,,,,,,,,,,,,,true,true,12,2020-04-01,2021-03-31,0
2021-03-16,36400,2020-03-31,,14869000000,,,,,,300000000,,313000000,,,261000000,,46.94,,,,,,,,,,,,,,,,,,,,,,true,false,12,2019-04-01,2020-03-31,-1
2021-05-14,36400,2021-03-31,,16098000000,0.083,,,,,1154000000,2.836,1108000000,2.538,,599000000,,109.61,109.41,0.084,0.058,0.072,,19736000000,6719000000,0.340,1341.31,6701000000,589000000,-642000000,-5000000,390000000,,0.347,,,,,,true,false,12,2020-04-01,2021-03-31,0
2021-05-14,36400,2020-03-31,,14869000000,0.055,,,,,300000000,,313000000,,,261000000,,46.94,46.86,0.035,0.016,0.020,,18693000000,7533000000,0.402,1348.72,7515000000,1371000000,-514000000,-778000000,448000000,,0.746,,,,,,true,false,12,2019-04-01,2020-03-31,-1
2021-05-14,36400,2022-03-31,,6702000000,0.037,,,,,-7000000,,-10000000,,,-5000000,,-1.18,,,,,,,,,,,,,,,,,,,,,,true,true,6,2021-04-01,2021-09-30,1
2021-05-14,36400,2022-03-31,,16520000000,0.026,,,,,1000000000,-0.134,989000000,-0.108,,686000000,,137.49,,,,,,,,,,,,,,,,0.255,,,,,,true,true,12,2021-04-01,2022-03-31,1
2021-05-14,36400,2021-03-31,,15695000000,0.090,,,,,1181000000,3.104,1128000000,2.820,474000000,,0.917,86.80,86.64,,,,,19541000000,6753000000,0.345,1348.00,6735000000,,,,,38.00,,,,5837200,840881,5465446,false,false,12,2020-04-01,2021-03-31,0
2021-05-14,36400,2020-03-31,,14405000000,0.050,,,,,287000000,,295000000,,247000000,,,44.45,44.36,,,,,18585000000,7715000000,0.414,1381.27,7697000000,,,,,35.00,,,,5837200,264681,5567624,false,false,12,2019-04-01,2020-03-31,-1
2021-05-14,36400,2022-03-31,,,,,,,,,,,,,,,,,,,,,,,,,,,,,,35.00,,,,,,,false,true,12,2021-04-01,2022-03-31,1
2021-07-30,36400,2022-03-31,1,3591000000,,,,,,220000000,,223000000,,,143000000,,28.82,28.76,,,,,17838000000,6731000000,0.376,1343.64,6713000000,,,,,,,,,,,,true,false,3,2021-04-01,2021-06-30,0
2021-07-30,36400,2021-03-31,1,3542000000,0.132,,,,,276000000,,280000000,,,165000000,,29.61,29.56,,,,,,,,,,,,,,,,,,,,,true,false,3,2020-04-01,2020-06-30,-1
2021-07-30,36400,2022-03-31,1,6702000000,0.037,,,,,-7000000,,-10000000,,,-5000000,,-1.18,,,,,,,,,,,,,,,,,,,,,,true,true,6,2021-04-01,2021-09-30,0
2021-07-30,36400,2022-03-31,1,16520000000,0.026,,,,,1000000000,-0.134,989000000,-0.108,,686000000,,137.49,,,,,,,,,,,,,,,,,,,,,,true,true,12,2021-04-01,2022-03-31,0
2021-07-30,36400,2021-03-31,1,,,,,,,,,,,,,,,,,,,,19736000000,6719000000,0.340,1341.31,6701000000,,,,,,,,,,,,true,false,12,2020-04-01,2021-03-31,-1
2021-07-30,36400,2021-03-31,1,,,,,,,,,,,,,,,,,,,,,,,,,,,,,38.00,,,,5837200,840881,,false,false,12,2020-04-01,2021-03-31,-1
2021-07-30,36400,2022-03-31,1,,,,,,,,,,,,,,,,,,,,,,,,,,,,,35.00,,,,,,,false,true,12,2021-04-01,2022-03-31,0
2021-07-30,36400,2022-03-31,1,,,,,,,,,,,,,,,,,,,,,,,,,,,,,,,,,5837200,840881,4996319,false,false,3,2021-04-01,2021-06-30,0
2021-07-30,36400,2021-03-31,1,,,,,,,,,,,,,,,,,,,,,,,,,,,,,,,,,,,5572519,false,false,3,2020-04-01,2020-06-30,-1
2021-09-16,36400,2022-03-31,,7070000000,0.055,,,,,400000000,,400000000,,,260000000,,52.01,,,,,,,,,,,,,,,,,,,,,,true,true,6,2021-04-01,2021-09-30,0
2021-09-16,36400,2021-03-31,,6463000000,,,,,,38000000,,41000000,,,9000000,,1.75,,,,,,,,,,,,,,,,,,,,,,true,false,6,2020-04-01,2020-09-30,-1
2021-10-29,3640,2022-03-31,2,7119000000,,,,,,444000000,,446000000,,,293000000,,58.67,58.55,,,,,17856000000,6908000000,0.386,1376.10,6890000000,,,,,,,,,,,,true,false,6,2021-04-01,2021-09-30,0
2021-10-29,3640,2021-03-31,2,6463000000,-0.017,,,,,38000000,,41000000,,,9000000,,1.75,1.75,,,,,,,,,,,,,,,,,,,,,true,false,6,2020-04-01,2020-09-30,-1
2021-10-29,3640,2022-03-31,2,16520000000,0.026,,,,,1000000000,-0.134,989000000,-0.108,,686000000,,137.49,,,,,,,,,,,,,,,,,,,,,,true,true,12,2021-04-01,2022-03-31,0
2021-10-29,3640,2021-03-31,2,,,,,,,,,,,,,,,,,,,,19736000000,6719000000,0.340,1341.31,6701000000,,,,,,,,,,,,true,false,12,2020-04-01,2021-03-31,-1
2021-10-29,3640,2021-03-31,2,,,,,,,,,,,,,,,,,,,,,,,,,,,,,38.00,,,,5837200,840881,,false,false,12,2020-04-01,2021-03-31,-1
2021-10-29,3640,2022-03-31,2,,,,,,,,,,,,,,,,,,,,,,,,,,,,,17.00,,,,,,,false,false,12,2021-04-01,2022-03-31,0
2021-10-29,3640,2022-03-31,2,,,,,,,,,,,,,,,,,,,,,,,,,,,,,35.00,,,,,,,false,true,12,2021-04-01,2022-03-31,0
2021-10-29,3640,2022-03-31,2,,,,,,,,,,,,,,,,,,,,,,,,,,,,,,,,,5837200,830181,4999184,false,false,6,2021-04-01,2021-09-30,0
2021-10-29,3640,2021-03-31,2,,,,,,,,,,,,,,,,,,,,,,,,,,,,,,,,,,,5575535,false,false,6,2020-04-01,2020-09-30,-1
2022-01-28,3640,2022-03-31,3,10340000000,,,,,,383000000,,382000000,,,247000000,,49.38,49.28,,,,,17603000000,6802000000,0.385,1355.06,6784000000,,,,,,,,,,,,true,false,9,2021-04-01,2021-12-31,0
2022-01-28,3640,2021-03-31,3,9595000000,-0.043,,,,,-99000000,,-92000000,,,-93000000,,-16.75,,,,,,,,,,,,,,,,,,,,,,true,false,9,2020-04-01,2020-12-31,-1
2022-01-28,3640,2022-03-31,3,16520000000,0.026,,,,,1000000000,-0.134,989000000,-0.108,,686000000,,137.49,,,,,,,,,,,,,,,,,,,,,,true,true,12,2021-04-01,2022-03-31,0
2022-01-28,3640,2021-03-31,3,,,,,,,,,,,,,,,,,,,,19736000000,6719000000,0.340,1341.31,6701000000,,,,,,,,,,,,true,false,12,2020-04-01,2021-03-31,-1
2022-01-28,3640,2021-03-31,3,,,,,,,,,,,,,,,,,,,,,,,,,,,,,38.00,,,,5837200,840881,,false,false,12,2020-04-01,2021-03-31,-1
2022-01-28,3640,2022-03-31,3,,,,,,,,,,,,,,,,,,,,,,,,,,,,,17.00,,,,,,,false,false,12,2021-04-01,2022-03-31,0
2022-01-28,3640,2022-03-31,3,,,,,,,,,,,,,,,,,,,,,,,,,,,,,35.00,,,,,,,false,true,12,2021-04-01,2022-03-31,0
2022-01-28,3640,2022-03-31,3,,,,,,,,,,,,,,,,,,,,,,,,,,,,,,,,,5837200,830181,5001805,false,false,9,2021-04-01,2021-12-31,0
2022-01-28,3640,2021-03-31,3,,,,,,,,,,,,,,,,,,,,,,,,,,,,,,,,,,,5578374,false,false,9,2020-04-01,2020-12-31,-1
2022-05-13,3640,2022-03-31,,17306000000,,,,,,1245000000,,1242000000,,,859000000,,171.75,171.41,0.122,0.061,0.072,,20773000000,7412000000,0.356,1476.85,7394000000,2373000000,-540000000,-1007000000,1216000000,,0.204,,,,,,true,false,12,2021-04-01,2022-03-31,0
2022-05-13,3640,2021-03-31,,16098000000,0.083,,,,,1154000000,2.836,1108000000,2.538,,599000000,,109.61,109.41,0.084,0.058,0.072,,19736000000,6719000000,0.340,1341.31,6701000000,589000000,-642000000,-5000000,390000000,,0.347,,,,,,true,false,12,2020-04-01,2021-03-31,-1
2022-05-13,3640,2023-03-31,,6584000000,-0.075,,,,,-468000000,,-467000000,,,-323000000,,-64.59,,,,,,,,,,,,,,,,,,,,,,true,true,6,2022-04-01,2022-09-30,1
2022-05-13,3640,2023-03-31,,17500000000,0.011,,,,,1250000000,0.003,1243000000,0.001,,863000000,,172.51,,,,,,,,,,,,,,,,0.203,,,,,,true,true,12,2022-04-01,2023-03-31,1
2022-05-13,3640,2022-03-31,,16873000000,,,,,,1221000000,,1217000000,,838000000,,,167.59,167.26,,,,,20619000000,7400000000,0.358,1474.53,7382000000,,,,,35.00,,,,5837200,830181,5003091,false,false,12,2021-04-01,2022-03-31,0
2022-05-13,3640,2021-03-31,,15695000000,0.090,,,,,1181000000,3.104,1128000000,2.820,474000000,,0.917,86.80,86.64,,,,,19541000000,6753000000,0.345,1348.00,6735000000,,,,,38.00,,,,5837200,840881,5465446,false,false,12,2020-04-01,2021-03-31,-1
2022-05-13,3640,2023-03-31,,,,,,,,,,,,,,,,,,,,,,,,,,,,,,35.00,,,,,,,false,true,12,2022-04-01,2023-03-31,1
2022-07-29,3640,2023-03-31,1,3598000000,0.002,,,,,98000000,-0.554,102000000,-0.542,,55000000,,11.06,11.04,,,,,17793000000,7366000000,0.413,1467.76,7350000000,,,,,,,,,,,,true,false,3,2022-04-01,2022-06-30,0
2022-07-29,3640,2022-03-31,1,3591000000,,,,,,220000000,,223000000,,,143000000,,28.82,28.76,,,,,,,,,,,,,,,,,,,,,true,false,3,2021-04-01,2021-06-30,-1
2022-07-29,3640,2023-03-31,1,6584000000,-0.075,,,,,-468000000,,-467000000,,,-323000000,,-64.59,,,,,,,,,,,,,,,,,,,,,,true,true,6,2022-04-01,2022-09-30,0
2022-07-29,3640,2023-03-31,1,17500000000,0.011,,,,,1250000000,0.003,1243000000,0.001,,863000000,,172.51,,,,,,,,,,,,,,,,,,,,,,true,true,12,2022-04-01,2023-03-31,0
2022-07-29,3640,2022-03-31,1,,,,,,,,,,,,,,,,,,,,20773000000,7412000000,0.356,1476.85,7394000000,,,,,,,,,,,,true,false,12,2021-04-01,2022-03-31,-1
2022-07-29,3640,2022-03-31,1,,,,,,,,,,,,,,,,,,,,,,,,,,,,,35.00,,,,5837200,830181,,false,false,12,2021-04-01,2022-03-31,-1
2022-07-29,3640,2023-03-31,1,,,,,,,,,,,,,,,,,,,,,,,,,,,,,35.00,,,,,,,false,true,12,2022-04-01,2023-03-31,0
2022-07-29,3640,2023-03-31,1,,,,,,,,,,,,,,,,,,,,,,,,,,,,,,,,,5837200,829181,5007041,false,false,3,2022-04-01,2022-06-30,0
2022-07-29,3640,2022-03-31,1,,,,,,,,,,,,,,,,,,,,,,,,,,,,,,,,,,,4996319,false,false,3,2021-04-01,2021-06-30,-1
,36400,2023-03-31,,,,,,,,,,,,,,,,,,,,,,,,,,,,,,37.00,,,,,,,false,true,12,2022-04-01,2023-03-31,0
,36400,2022-03-31,,,,,,,,,,,,,,,,,,,,,,,,,,,,,,35.00,,,,,,,false,false,12,2021-04-01,2022-03-31,-1
2022-09-15,36400,2023-03-31,,7145000000,0.085,,,,,167000000,,169000000,,,101000000,,20.34,,,,,,,,,,,,,,,,,,,,,,true,true,6,2022-04-01,2022-09-30,0
2022-09-15,36400,2022-03-31,,7119000000,,,,,,444000000,,446000000,,,293000000,,58.67,,,,,,,,,,,,,,,,,,,,,,true,false,6,2021-04-01,2021-09-30,-1
2022-10-28,3640,2023-03-31,2,7203000000,0.012,,,,,220000000,-0.503,231000000,-0.482,,155000000,,31.00,30.95,,,,,18394000000,7494000000,0.407,1489.63,7478000000,,,,,,,,,,,,true,false,6,2022-04-01,2022-09-30,0
2022-10-28,3640,2022-03-31,2,7119000000,,,,,,444000000,,446000000,,,293000000,,58.67,58.55,,,,,,,,,,,,,,,,,,,,,true,false,6,2021-04-01,2021-09-30,-1
2022-10-28,3640,2023-03-31,2,17500000000,0.011,,,,,1250000000,0.003,1243000000,0.001,,863000000,,172.51,,,,,,,,,,,,,,,,,,,,,,true,true,12,2022-04-01,2023-03-31,0
2022-10-28,3640,2022-03-31,2,,,,,,,,,,,,,,,,,,,,20773000000,7412000000,0.356,1476.85,7394000000,,,,,,,,,,,,true,false,12,2021-04-01,2022-03-31,-1
2022-10-28,3640,2022-03-31,2,,,,,,,,,,,,,,,,,,,,,,,,,,,,,35.00,,,,5837200,830181,,false,false,12,2021-04-01,2022-03-31,-1
2022-10-28,3640,2023-03-31,2,,,,,,,,,,,,,,,,,,,,,,,,,,,,,17.00,,,,,,,false,false,12,2022-04-01,2023-03-31,0
2022-10-28,3640,2023-03-31,2,,,,,,,,,,,,,,,,,,,,,,,,,,,,,37.00,,,,,,,false,true,12,2022-04-01,2023-03-31,0
2022-10-28,3640,2023-03-31,2,,,,,,,,,,,,,,,,,,,,,,,,,,,,,,,,,5837200,817081,5010839,false,false,6,2022-04-01,2022-09-30,0
2022-10-28,3640,2022-03-31,2,,,,,,,,,,,,,,,,,,,,,,,,,,,,,,,,,,,4999184,false,false,6,2021-04-01,2021-09-30,-1
2023-01-31,3640,2023-03-31,3,11114000000,0.075,,,,,559000000,0.459,567000000,0.484,,384000000,,76.64,76.50,,,,,18325000000,7646000000,0.417,1521.75,7632000000,,,,,,,,,,,,true,false,9,2022-04-01,2022-12-31,0
2023-01-31,3640,2022-03-31,3,10340000000,,,,,,383000000,,382000000,,,247000000,,49.38,49.28,,,,,,,,,,,,,,,,,,,,,true,false,9,2021-04-01,2021-12-31,-1
2023-01-31,3640,2023-03-31,3,17500000000,0.011,,,,,1250000000,0.003,1243000000,0.001,,863000000,,172.51,,,,,,,,,,,,,,,,,,,,,,true,true,12,2022-04-01,2023-03-31,0
2023-01-31,3640,2022-03-31,3,,,,,,,,,,,,,,,,,,,,20773000000,7412000000,0.356,1476.85,7394000000,,,,,,,,,,,,true,false,12,2021-04-01,2022-03-31,-1
2023-01-31,3640,2022-03-31,3,,,,,,,,,,,,,,,,,,,,,,,,,,,,,35.00,,,,5837200,830181,,false,false,12,2021-04-01,2022-03-31,-1
2023-01-31,3640,2023-03-31,3,,,,,,,,,,,,,,,,,,,,,,,,,,,,,17.00,,,,,,,false,false,12,2022-04-01,2023-03-31,0
2023-01-31,3640,2023-03-31,3,,,,,,,,,,,,,,,,,,,,,,,,,,,,,37.00,,,,,,,false,true,12,2022-04-01,2023-03-31,0
2023-01-31,3640,2023-03-31,3,,,,,,,,,,,,,,,,,,,,,,,,,,,,,,,,,5837200,821381,5013443,false,false,9,2022-04-01,2022-12-31,0
2023-01-31,3640,2022-03-31,3,,,,,,,,,,,,,,,,,,,,,,,,,,,,,,,,,,,5001805,false,false,9,2021-04-01,2021-12-31,-1
2023-02-15,36400,2023-03-31,,17700000000,0.011,,,,,2200000000,0.760,2200000000,0.770,,1300000000,,259.64,,,,,,,,,,,,,,,,,,,,,,true,true,12,2022-04-01,2023-03-31,0
2023-02-15,36400,2022-03-31,,17306000000,,,,,,1245000000,,1242000000,,,859000000,,171.75,,,,,,,,,,,,,,,,,,,,,,true,false,12,2021-04-01,2022-03-31,-1
2023-02-15,36400,2023-03-31,,,,,,,,,,,,,,,,,,,,,,,,,,,,,,45.00,,,,,,,false,true,12,2022-04-01,2023-03-31,0
2023-02-15,36400,2023-03-31,,,,,,,,,,,,,,,,,,,,,,,,,,,,,,17.00,,,,,,,false,false,12,2022-04-01,2023-03-31,0
2023-02-15,36400,2022-03-31,,,,,,,,,,,,,,,,,,,,,,,,,,,,,,35.00,,,,,,,false,false,12,2021-04-01,2022-03-31,-1
2023-05-15,3640,2023-03-31,,17804000000,0.029,,,,,2503000000,1.010,2507000000,1.018,,1611000000,,321.46,320.91,0.198,0.122,0.141,,20179000000,8921000000,0.441,1775.89,8907000000,1463000000,-432000000,-1202000000,1045000000,,0.140,,,,,,true,false,12,2022-04-01,2023-03-31,0
2023-05-15,3640,2022-03-31,,17306000000,,,,,,1245000000,,1242000000,,,859000000,,171.75,171.41,0.122,0.061,0.072,,20773000000,7412000000,0.356,1476.85,7394000000,2373000000,-540000000,-1007000000,1216000000,,0.204,,,,,,true,false,12,2021-04-01,2022-03-31,-1
2023-05-15,3640,2024-03-31,,6140000000,-0.148,,,,,-300000000,,-295000000,,,-204000000,,-40.79,,,,,,,,,,,,,,,,,,,,,,true,true,6,2023-04-01,2023-09-30,1
2023-05-15,3640,2024-03-31,,17500000000,-0.017,,,,,1250000000,-0.501,1248000000,-0.502,,867000000,,172.99,,,,,,,,,,,,,,,,0.214,,,,,,true,true,12,2023-04-01,2024-03-31,1
2023-05-15,3640,2023-03-31,,17404000000,0.031,,,,,2474000000,1.026,2478000000,1.036,1586000000,,0.892,316.35,315.80,,,,,20031000000,8851000000,0.441,1761.97,8837000000,,,,,45.00,,,,5837200,821381,5014029,false,false,12,2022-04-01,2023-03-31,0
2023-05-15,3640,2022-03-31,,16873000000,,,,,,1221000000,,1217000000,,838000000,,,167.59,167.26,,,,,20619000000,7400000000,0.358,1474.53,7382000000,,,,,35.00,,,,5837200,830181,5003091,false,false,12,2021-04-01,2022-03-31,-1
2023-05-15,3640,2024-03-31,,,,,,,,,,,,,,,,,,,,,,,,,,,,,,37.00,,,,,,,false,true,12,2023-04-01,2024-03-31,1
2023-07-28,3640,2024-03-31,1,3641000000,0.012,,,,,77000000,-0.213,82000000,-0.199,,48000000,,9.70,9.68,,,,,18534000000,8838000000,0.476,1759.40,8824000000,,,,,,,,,,,,true,false,3,2023-04-01,2023-06-30,0
2023-07-28,3640,2023-03-31,1,3598000000,0.002,,,,,98000000,-0.554,102000000,-0.542,,55000000,,11.06,11.04,,,,,,,,,,,,,,,,,,,,,true,false,3,2022-04-01,2022-06-30,-1
2023-07-28,3640,2024-03-31,1,6140000000,-0.148,,,,,-300000000,,-295000000,,,-204000000,,-40.79,,,,,,,,,,,,,,,,,,,,,,true,true,6,2023-04-01,2023-09-30,0
2023-07-28,3640,2024-03-31,1,17500000000,-0.017,,,,,1250000000,-0.501,1248000000,-0.502,,867000000,,172.99,,,,,,,,,,,,,,,,,,,,,,true,true,12,2023-04-01,2024-03-31,0
2023-07-28,3640,2023-03-31,1,,,,,,,,,,,,,,,,,,,,20179000000,8921000000,0.441,1775.89,8907000000,,,,,,,,,,,,true,false,12,2022-04-01,2023-03-31,-1
2023-07-28,3640,2023-03-31,1,,,,,,,,,,,,,,,,,,,,,,,,,,,,,45.00,,,,5837200,821381,,false,false,12,2022-04-01,2023-03-31,-1
2023-07-28,3640,2024-03-31,1,,,,,,,,,,,,,,,,,,,,,,,,,,,,,37.00,,,,,,,false,true,12,2023-04-01,2024-03-31,0
2023-07-28,3640,2024-03-31,1,,,,,,,,,,,,,,,,,,,,,,,,,,,,,,,,,5837200,821381,5015819,false,false,3,2023-04-01,2023-06-30,0
2023-07-28,3640,2023-03-31,1,,,,,,,,,,,,,,,,,,,,,,,,,,,,,,,,,,,5007041,false,false,3,2022-04-01,2022-06-30,-1
2023-10-17,36400,2024-03-31,,7035000000,0.146,,,,,91000000,,97000000,,,54000000,,10.95,,,,,,,,,,,,,,,,,,,,,,true,true,6,2023-04-01,2023-09-30,0
2023-10-17,36400,2023-03-31,,7203000000,,,,,,220000000,,231000000,,,155000000,,31.00,,,,,,,,,,,,,,,,,,,,,,true,false,6,2022-04-01,2022-09-30,-1
2023-10-31,3640,2024-03-31,2,7043000000,-0.022,,,,,97000000,-0.558,102000000,-0.554,,55000000,,11.04,11.02,,,,,18701000000,8874000000,0.474,1760.91,8860000000,,,,,,,,,,,,true,false,6,2023-04-01,2023-09-30,0
2023-10-31,3640,2023-03-31,2,7203000000,0.012,,,,,220000000,-0.503,231000000,-0.482,,155000000,,31.00,30.95,,,,,,,,,,,,,,,,,,,,,true,false,6,2022-04-01,2022-09-30,-1
2023-10-31,3640,2024-03-31,2,17500000000,-0.017,,,,,1250000000,-0.501,1248000000,-0.502,,867000000,,172.99,,,,,,,,,,,,,,,,,,,,,,true,true,12,2023-04-01,2024-03-31,0
2023-10-31,3640,2023-03-31,2,,,,,,,,,,,,,,,,,,,,20179000000,8921000000,0.441,1775.89,8907000000,,,,,,,,,,,,true,false,12,2022-04-01,2023-03-31,-1
2023-10-31,3640,2023-03-31,2,,,,,,,,,,,,,,,,,,,,,,,,,,,,,45.00,,,,5837200,821381,,false,false,12,2022-04-01,2023-03-31,-1
2023-10-31,3640,2024-03-31,2,,,,,,,,,,,,,,,,,,,,,,,,,,,,,17.00,,,,,,,false,false,12,2023-04-01,2024-03-31,0
2023-10-31,3640,2024-03-31,2,,,,,,,,,,,,,,,,,,,,,,,,,,,,,37.00,,,,,,,false,true,12,2023-04-01,2024-03-31,0
2023-10-31,3640,2024-03-31,2,,,,,,,,,,,,,,,,,,,,,,,,,,,,,,,,,5837200,805381,5019753,false,false,6,2023-04-01,2023-09-30,0
2023-10-31,3640,2023-03-31,2,,,,,,,,,,,,,,,,,,,,,,,,,,,,,,,,,,,5010839,false,false,6,2022-04-01,2022-09-30,-1
2024-01-30,3640,2024-03-31,3,10530000000,-0.053,,,,,51000000,-0.908,-4000000,,,-22000000,,-4.27,,,,,,18657000000,9901000000,0.530,1707.27,9888000000,,,,,,,,,,,,true,false,9,2023-04-01,2023-12-31,0
2024-01-30,3640,2023-03-31,3,11114000000,0.075,,,,,559000000,0.459,567000000,0.484,,384000000,,76.64,76.50,,,,,,,,,,,,,,,,,,,,,true,false,9,2022-04-01,2022-12-31,-1
2024-01-30,3640,2024-03-31,3,17500000000,-0.017,,,,,1250000000,-0.501,1248000000,-0.502,,867000000,,172.99,,,,,,,,,,,,,,,,,,,,,,true,true,12,2023-04-01,2024-03-31,0
2024-01-30,3640,2023-03-31,3,,,,,,,,,,,,,,,,,,,,20179000000,8921000000,0.441,1775.89,8907000000,,,,,,,,,,,,true,false,12,2022-04-01,2023-03-31,-1
2024-01-30,3640,2023-03-31,3,,,,,,,,,,,,,,,,,,,,,,,,,,,,,45.00,,,,5837200,821381,,false,false,12,2022-04-01,2023-03-31,-1
2024-01-30,3640,2024-03-31,3,,,,,,,,,,,,,,,,,,,,,,,,,,,,,17.00,,,,,,,false,false,12,2023-04-01,2024-03-31,0
2024-01-30,3640,2024-03-31,3,,,,,,,,,,,,,,,,,,,,,,,,,,,,,37.00,,,,,,,false,true,12,2023-04-01,2024-03-31,0
2024-01-30,3640,2024-03-31,3,,,,,,,,,,,,,,,,,,,,,,,,,,,,,,,,,5837200,45381,5148154,false,false,9,2023-04-01,2023-12-31,0
2024-01-30,3640,2023-03-31,3,,,,,,,,,,,,,,,,,,,,,,,,,,,,,,,,,,,5013443,false,false,9,2022-04-01,2022-12-31,-1
2024-05-15,3640,2024-03-31,,15974000000,-0.103,,,,,1290000000,-0.484,1233000000,-0.508,,898000000,,169.29,169.05,0.091,0.062,0.081,,19547000000,10830000000,0.553,1867.72,10817000000,1615000000,-1414000000,-194000000,1053000000,,0.219,,,,,,true,false,12,2023-04-01,2024-03-31,0
2024-05-15,3640,2023-03-31,,17804000000,0.029,,,,,2503000000,1.010,2507000000,1.018,,1611000000,,321.46,320.91,0.198,0.122,0.141,,20179000000,8921000000,0.441,1775.89,8907000000,1463000000,-432000000,-1202000000,1045000000,,0.140,,,,,,true,false,12,2022-04-01,2023-03-31,-1
2024-05-15,3640,2025-03-31,,6530000000,-0.073,,,,,-210000000,,-200000000,,,-140000000,,-24.17,,,,,,,,,,,,,,,,,,,,,,true,true,6,2024-04-01,2024-09-30,1
2024-05-15,3640,2025-03-31,,17600000000,0.102,,,,,1350000000,0.046,1360000000,0.102,,940000000,,162.30,,,,,,,,,,,,,,,,0.228,,,,,,true,true,12,2024-04-01,2025-03-31,1
2024-05-15,3640,2024-03-31,,15504000000,-0.109,,,,,1250000000,-0.495,1194000000,-0.518,862000000,,-0.456,162.57,162.34,,,,,19368000000,10714000000,0.553,1847.65,10701000000,,,,,37.00,,,,5837200,45381,5308191,false,false,12,2023-04-01,2024-03-31,0
2024-05-15,3640,2023-03-31,,17404000000,0.031,,,,,2474000000,1.026,2478000000,1.036,1586000000,,0.892,316.35,315.80,,,,,20031000000,8851000000,0.441,1761.97,8837000000,,,,,45.00,,,,5837200,821381,5014029,false,false,12,2022-04-01,2023-03-31,-1
2024-05-15,3640,2025-03-31,,,,,,,,,,,,,,,,,,,,,,,,,,,,,,37.00,,,,,,,false,true,12,2024-04-01,2025-03-31,1
2024-07-31,3640,2025-03-31,1,3586000000,-0.015,,,,,104000000,0.348,109000000,0.334,,75000000,,13.00,12.99,,,,,19352000000,10822000000,0.559,1866.20,10811000000,,,,,,,,,,,,true,false,3,2024-04-01,2024-06-30,0
2024-07-31,3640,2024-03-31,1,3641000000,0.012,,,,,77000000,-0.213,82000000,-0.199,,48000000,,9.70,9.68,,,,,,,,,,,,,,,,,,,,,true,false,3,2023-04-01,2023-06-30,-1
2024-07-31,3640,2025-03-31,1,6530000000,-0.073,,,,,-210000000,,-200000000,,,-140000000,,-24.17,,,,,,,,,,,,,,,,,,,,,,true,true,6,2024-04-01,2024-09-30,0
2024-07-31,3640,2025-03-31,1,17600000000,0.102,,,,,1350000000,0.046,1360000000,0.102,,940000000,,162.30,,,,,,,,,,,,,,,,,,,,,,true,true,12,2024-04-01,2025-03-31,0
2024-07-31,3640,2024-03-31,1,,,,,,,,,,,,,,,,,,,,19547000000,10830000000,0.553,1867.72,10817000000,,,,,,,,,,,,true,false,12,2023-04-01,2024-03-31,-1
2024-07-31,3640,2024-03-31,1,,,,,,,,,,,,,,,,,,,,,,,,,,,,,37.00,,,,5837200,45381,,false,false,12,2023-04-01,2024-03-31,-1
2024-07-31,3640,2025-03-31,1,,,,,,,,,,,,,,,,,,,,,,,,,,,,,37.00,,,,,,,false,true,12,2024-04-01,2025-03-31,0
2024-07-31,3640,2025-03-31,1,,,,,,,,,,,,,,,,,,,,,,,,,,,,,,,,,5837200,43931,5791855,false,false,3,2024-04-01,2024-06-30,0
2024-07-31,3640,2024-03-31,1,,,,,,,,,,,,,,,,,,,,,,,,,,,,,,,,,,,5015819,false,false,3,2023-04-01,2023-06-30,-1
2024-09-18,36400,2025-03-31,,7200000000,0.103,,,,,200000000,,200000000,,,150000000,,25.90,,,,,,,,,,,,,,,,,,,,,,true,true,6,2024-04-01,2024-09-30,0
2024-09-18,36400,2024-03-31,,7043000000,,,,,,97000000,,102000000,,,55000000,,11.04,,,,,,,,,,,,,,,,,,,,,,true,false,6,2023-04-01,2023-09-30,-1
2024-10-31,3640,2025-03-31,2,7291000000,0.035,,,,,289000000,1.969,295000000,1.871,,225000000,,38.86,38.82,,,,,19217000000,11084000000,0.576,1905.74,11073000000,,,,,,,,,,,,true,false,6,2024-04-01,2024-09-30,0
2024-10-31,3640,2024-03-31,2,7043000000,-0.022,,,,,97000000,-0.558,102000000,-0.554,,55000000,,11.04,11.02,,,,,,,,,,,,,,,,,,,,,true,false,6,2023-04-01,2023-09-30,-1
2024-10-31,3640,2025-03-31,2,17600000000,0.102,,,,,1350000000,0.046,1360000000,0.102,,940000000,,162.30,,,,,,,,,,,,,,,,,,,,,,true,true,12,2024-04-01,2025-03-31,0
2024-10-31,3640,2024-03-31,2,,,,,,,,,,,,,,,,,,,,19547000000,10830000000,0.553,1867.72,10817000000,,,,,,,,,,,,true,false,12,2023-04-01,2024-03-31,-1
2024-10-31,3640,2024-03-31,2,,,,,,,,,,,,,,,,,,,,,,,,,,,,,37.00,,,,5837200,45381,,false,false,12,2023-04-01,2024-03-31,-1
2024-10-31,3640,2025-03-31,2,,,,,,,,,,,,,,,,,,,,,,,,,,,,,17.00,,,,,,,false,false,12,2024-04-01,2025-03-31,0
2024-10-31,3640,2025-03-31,2,,,,,,,,,,,,,,,,,,,,,,,,,,,,,37.00,,,,,,,false,true,12,2024-04-01,2025-03-31,0
2024-10-31,3640,2025-03-31,2,,,,,,,,,,,,,,,,,,,,,,,,,,,,,,,,,5837200,26731,5796983,false,false,6,2024-04-01,2024-09-30,0
2024-10-31,3640,2024-03-31,2,,,,,,,,,,,,,,,,,,,,,,,,,,,,,,,,,,,5019753,false,false,6,2023-04-01,2023-09-30,-1
2025-01-31,3640,2025-03-31,3,11522000000,0.094,,,,,784000000,,794000000,,,586000000,,101.12,101.00,,,,,18911000000,11339000000,0.599,1949.70,11328000000,,,,,,,,,,,,true,false,9,2024-04-01,2024-12-31,0
2025-01-31,3640,2024-03-31,3,10530000000,-0.053,,,,,51000000,-0.908,-4000000,,,-22000000,,-4.27,,,,,,,,,,,,,,,,,,,,,,true,false,9,2023-04-01,2023-12-31,-1
2025-01-31,3640,2025-03-31,3,18500000000,0.158,,,,,2310000000,0.790,2320000000,0.880,,1670000000,,288.34,,,,,,,,,,,,,,,,,,,,,,true,true,12,2024-04-01,2025-03-31,0
2025-01-31,3640,2024-03-31,3,,,,,,,,,,,,,,,,,,,,19547000000,10830000000,0.553,1867.72,10817000000,,,,,,,,,,,,true,false,12,2023-04-01,2024-03-31,-1
2025-01-31,3640,2024-03-31,3,,,,,,,,,,,,,,,,,,,,,,,,,,,,,37.00,,,,5837200,45381,,false,false,12,2023-04-01,2024-03-31,-1
2025-01-31,3640,2025-03-31,3,,,,,,,,,,,,,,,,,,,,,,,,,,,,,17.00,,,,,,,false,false,12,2024-04-01,2025-03-31,0
2025-01-31,3640,2025-03-31,3,,,,,,,,,,,,,,,,,,,,,,,,,,,,,37.00,,,,,,,false,true,12,2024-04-01,2025-03-31,0
2025-01-31,3640,2025-03-31,3,,,,,,,,,,,,,,,,,,,,,,,,,,,,,,,,,5837200,26731,5801495,false,false,9,2024-04-01,2024-12-31,0
2025-01-31,3640,2024-03-31,3,,,,,,,,,,,,,,,,,,,,,,,,,,,,,,,,,,,5148154,false,false,9,2023-04-01,2023-12-31,-1
2025-05-15,3640,2025-03-31,,18740000000,0.173,,,,,2517000000,0.950,2523000000,1.046,,1842000000,,317.42,317.07,0.157,0.123,0.134,,21463000000,12711000000,0.592,2185.77,12700000000,2965000000,-930000000,-1286000000,1803000000,,0.117,,,,,,true,false,12,2024-04-01,2025-03-31,0
2025-05-15,3640,2024-03-31,,15974000000,-0.103,,,,,1290000000,-0.484,1233000000,-0.508,,898000000,,169.29,169.05,0.091,0.062,0.081,,19547000000,10830000000,0.553,1867.72,10817000000,1615000000,-1414000000,-194000000,1053000000,,0.219,,,,,,true,false,12,2023-04-01,2024-03-31,-1
2025-05-15,3640,2026-03-31,,8994000000,0.234,,,,,913000000,2.155,918000000,2.109,,638000000,,109.90,,,,,,,,,,,,,,,,,,,,,,true,true,6,2025-04-01,2025-09-30,1
2025-05-15,3640,2026-03-31,,24580000000,0.312,,,,,4355000000,0.730,4357000000,0.726,,3027000000,,521.09,,,,,,,,,,,,,,,,0.192,,,,,,true,true,12,2025-04-01,2026-03-31,1
2025-05-15,3640,2025-03-31,,18299000000,0.180,,,,,2466000000,0.972,2473000000,1.071,1807000000,,1.095,311.49,311.15,,,,,21323000000,12426000000,0.582,2136.78,12415000000,,,,,37.00,,,,5837200,26731,5803708,false,false,12,2024-04-01,2025-03-31,0
2025-05-15,3640,2024-03-31,,15504000000,-0.109,,,,,1250000000,-0.495,1194000000,-0.518,862000000,,-0.456,162.57,162.34,,,,,19368000000,10714000000,0.553,1847.65,10701000000,,,,,37.00,,,,5837200,45381,5308191,false,false,12,2023-04-01,2024-03-31,-1
2025-05-15,3640,2026-03-31,,,,,,,,,,,,,,,,,,,,,,,,,,,,,,100.00,,,,,,,false,true,12,2025-04-01,2026-03-31,1
2025-07-31,3640,2026-03-31,1,4238000000,0.182,,,,,82000000,-0.210,86000000,-0.211,,52000000,,9.00,8.99,,,,,20287000000,12735000000,0.627,2189.97,12724000000,,,,,,,,,,,,true,false,3,2025-04-01,2025-06-30,0
2025-07-31,3640,2025-03-31,1,3586000000,-0.015,,,,,104000000,0.348,109000000,0.334,,75000000,,13.00,12.99,,,,,,,,,,,,,,,,,,,,,true,false,3,2024-04-01,2024-06-30,-1
2025-07-31,3640,2026-03-31,1,8994000000,0.234,,,,,913000000,2.155,918000000,2.109,,638000000,,109.90,,,,,,,,,,,,,,,,,,,,,,true,true,6,2025-04-01,2025-09-30,0
2025-07-31,3640,2026-03-31,1,24580000000,0.312,,,,,4355000000,0.730,4357000000,0.726,,3027000000,,521.09,,,,,,,,,,,,,,,,,,,,,,true,true,12,2025-04-01,2026-03-31,0
2025-07-31,3640,2025-03-31,1,,,,,,,,,,,,,,,,,,,,21463000000,12711000000,0.592,2185.77,12700000000,,,,,,,,,,,,true,false,12,2024-04-01,2025-03-31,-1
2025-07-31,3640,2025-03-31,1,,,,,,,,,,,,,,,,,,,,,,,,,,,,,37.00,,,,5837200,26731,,false,false,12,2024-04-01,2025-03-31,-1
2025-07-31,3640,2026-03-31,1,,,,,,,,,,,,,,,,,,,,,,,,,,,,,100.00,,,,,,,false,true,12,2025-04-01,2026-03-31,0
2025-07-31,3640,2026-03-31,1,,,,,,,,,,,,,,,,,,,,,,,,,,,,,,,,,5837200,26731,5810469,false,false,3,2025-04-01,2025-06-30,0
2025-07-31,3640,2025-03-31,1,,,,,,,,,,,,,,,,,,,,,,,,,,,,,,,,,,,5791855,false,false,3,2024-04-01,2024-06-30,-1
