filing_date,code,fiscal_year_end,quarterly_period,net_sales,net_sales_change,revenue,revenue_change,operating_revenue,operating_revenue_change,operating_profit,operating_profit_change,ordinary_profit,ordinary_profit_change,net_income,net_income_of_parent,net_income_change,eps,diluted_eps,roe,roa,operating_profit_to_net_sales,operating_profit_to_revenue,total_assets,net_assets,equity_ratio,bps,owner_equity,operating_cash_flow,investing_cash_flow,financing_cash_flow,cash,dividend_per_share,payout_ratio,commemorative_dividend,extra_dividend,number_of_shares,number_of_treqsury_shares,avg_number_of_shares,is_consolidated,is_forecast,duration,period_start,period_end,period_pos
2015-05-14,36480,2015-03-31,,16505000000,0.017,,,,,526000000,-0.086,571000000,-0.132,294000000,,0.300,33.20,,0.032,0.040,0.032,,14772000000,9276000000,0.628,1044.20,9276000000,1846000000,-749000000,-492000000,2697000000,,0.542,,,,,,true,false,12,2014-04-01,2015-03-31,0
2015-05-14,36480,2014-03-31,,16225000000,-0.038,,,,,576000000,0.162,658000000,0.217,226000000,,-0.216,24.89,,0.025,0.046,0.036,,14043000000,9015000000,0.642,1014.77,9015000000,498000000,-350000000,-1131000000,2094000000,,0.723,,,,,,true,false,12,2013-04-01,2014-03-31,-1
2015-05-14,36480,2016-03-31,,8000000000,0.001,,,,,150000000,-0.395,200000000,-0.311,,130000000,,14.63,,,,,,,,,,,,,,,,,,,,,,true,true,6,2015-04-01,2015-09-30,1
2015-05-14,36480,2016-03-31,,17200000000,0.042,,,,,650000000,0.234,680000000,0.190,,440000000,,49.53,,,,,,,,,,,,,,,,0.404,,,,,,true,true,12,2015-04-01,2016-03-31,1
2015-05-14,36480,2014-03-31,,,,,,,,,,,,,,,,,,,,,,,,,,,,,,9.00,,,,9814200,930234,9116979,false,false,12,2013-04-01,2014-03-31,-1
2015-05-14,36480,2015-03-31,,,,,,,,,,,,,,,,,,,,,,,,,,,,,,18.00,,,,9814200,930234,8883966,false,false,12,2014-04-01,2015-03-31,0
2015-05-14,36480,2016-03-31,,,,,,,,,,,,,,,,,,,,,,,,,,,,,,20.00,,,,,,,false,true,12,2015-04-01,2016-03-31,1
2015-07-30,36480,2016-03-31,1,3830000000,-0.026,,,,,3000000,-0.961,18000000,-0.832,,5000000,,0.65,,,,,,13573000000,9236000000,0.680,,9236000000,,,,,,,,,,,,true,false,3,2015-04-01,2015-06-30,0
2015-07-30,36480,2015-03-31,1,3931000000,0.047,,,,,93000000,0.861,111000000,-0.179,,68000000,,7.76,,,,,,,,,,,,,,,,,,,,,,true,false,3,2014-04-01,2014-06-30,-1
2015-07-30,36480,2016-03-31,1,8000000000,0.001,,,,,150000000,-0.395,200000000,-0.311,,130000000,,14.63,,,,,,,,,,,,,,,,,,,,,,true,true,6,2015-04-01,2015-09-30,0
2015-07-30,36480,2016-03-31,1,17200000000,0.042,,,,,650000000,0.234,680000000,0.190,,440000000,,49.53,,,,,,,,,,,,,,,,,,,,,,true,true,12,2015-04-01,2016-03-31,0
2015-07-30,36480,2015-03-31,1,,,,,,,,,,,,,,,,,,,,14772000000,9276000000,0.628,,9276000000,,,,,,,,,,,,true,false,12,2014-04-01,2015-03-31,-1
2015-07-30,36480,2015-03-31,1,,,,,,,,,,,,,,,,,,,,,,,,,,,,,18.00,,,,9814200,930234,,false,false,12,2014-04-01,2015-03-31,-1
2015-07-30,36480,2016-03-31,1,,,,,,,,,,,,,,,,,,,,,,,,,,,,,20.00,,,,,,,false,true,12,2015-04-01,2016-03-31,0
2015-07-30,36480,2016-03-31,1,,,,,,,,,,,,,,,,,,,,,,,,,,,,,,,,,8883966,0,8883966,false,false,3,2015-04-01,2015-06-30,0
2015-07-30,36480,2015-03-31,1,,,,,,,,,,,,,,,,,,,,,,,,,,,,,,,,,,,8883966,false,false,3,2014-04-01,2014-06-30,-1
2015-10-30,36480,2016-03-31,2,7946000000,-0.006,,,,,246000000,-0.006,288000000,-0.005,,173000000,,19.48,,,,,,13932000000,9272000000,0.666,,9272000000,,,,,,,,,,,,true,false,6,2015-04-01,2015-09-30,0
2015-10-30,36480,2015-03-31,2,7995000000,0.053,,,,,248000000,0.087,290000000,-0.064,,173000000,,19.58,,,,,,,,,,,,,,,,,,,,,,true,false,6,2014-04-01,2014-09-30,-1
2015-10-30,36480,2016-03-31,2,17200000000,0.042,,,,,650000000,0.234,680000000,0.190,,440000000,,49.53,,,,,,,,,,,,,,,,,,,,,,true,true,12,2015-04-01,2016-03-31,0
2015-10-30,36480,2015-03-31,2,,,,,,,,,,,,,,,,,,,,14772000000,9276000000,0.628,,9276000000,,,,,,,,,,,,true,false,12,2014-04-01,2015-03-31,-1
2015-10-30,36480,2015-03-31,2,,,,,,,,,,,,,,,,,,,,,,,,,,,,,18.00,,,,9814200,930234,,false,false,12,2014-04-01,2015-03-31,-1
2015-10-30,36480,2016-03-31,2,,,,,,,,,,,,,,,,,,,,,,,,,,,,,10.00,,,,,,,false,false,12,2015-04-01,2016-03-31,0
2015-10-30,36480,2016-03-31,2,,,,,,,,,,,,,,,,,,,,,,,,,,,,,20.00,,,,,,,false,true,12,2015-04-01,2016-03-31,0
2015-10-30,36480,2016-03-31,2,,,,,,,,,,,,,,,,,,,,,,,,,,,,,,,,,8883966,0,8883966,false,false,6,2015-04-01,2015-09-30,0
2015-10-30,36480,2015-03-31,2,,,,,,,,,,,,,,,,,,,,,,,,,,,,,,,,,,,8883966,false,false,6,2014-04-01,2014-09-30,-1
2016-01-29,36480,2016-03-31,3,11952000000,0.008,,,,,335000000,-0.053,378000000,-0.065,,224000000,,25.22,,,,,,13974000000,9323000000,0.667,,9323000000,,,,,,,,,,,,true,false,9,2015-04-01,2015-12-31,0
2016-01-29,36480,2015-03-31,3,11862000000,0.020,,,,,354000000,-0.057,404000000,-0.103,,242000000,,27.33,,,,,,,,,,,,,,,,,,,,,,true,false,9,2014-04-01,2014-12-31,-1
2016-01-29,36480,2016-03-31,3,17200000000,0.042,,,,,650000000,0.234,680000000,0.190,,440000000,,49.53,,,,,,,,,,,,,,,,,,,,,,true,true,12,2015-04-01,2016-03-31,0
2016-01-29,36480,2015-03-31,3,,,,,,,,,,,,,,,,,,,,14772000000,9276000000,0.628,,9276000000,,,,,,,,,,,,true,false,12,2014-04-01,2015-03-31,-1
2016-01-29,36480,2015-03-31,3,,,,,,,,,,,,,,,,,,,,,,,,,,,,,18.00,,,,9814200,930234,,false,false,12,2014-04-01,2015-03-31,-1
2016-01-29,36480,2016-03-31,3,,,,,,,,,,,,,,,,,,,,,,,,,,,,,10.00,,,,,,,false,false,12,2015-04-01,2016-03-31,0
2016-01-29,36480,2016-03-31,3,,,,,,,,,,,,,,,,,,,,,,,,,,,,,20.00,,,,,,,false,true,12,2015-04-01,2016-03-31,0
2016-01-29,36480,2016-03-31,3,,,,,,,,,,,,,,,,,,,,,,,,,,,,,,,,,8883966,0,8883966,false,false,9,2015-04-01,2015-12-31,0
2016-01-29,36480,2015-03-31,3,,,,,,,,,,,,,,,,,,,,,,,,,,,,,,,,,,,8883966,false,false,9,2014-04-01,2014-12-31,-1
2016-05-13,36480,2016-03-31,,16835000000,0.020,,,,,660000000,0.254,697000000,0.220,,398000000,,44.81,,0.042,0.047,0.039,,14652000000,9472000000,0.646,1066.25,9472000000,1027000000,-529000000,-521000000,2673000000,,0.446,,,,,,true,false,12,2015-04-01,2016-03-31,0
2016-05-13,36480,2015-03-31,,16505000000,0.017,,,,,526000000,-0.086,571000000,-0.132,,294000000,,33.20,,0.032,0.040,0.032,,14772000000,9276000000,0.628,1044.20,9276000000,1846000000,-749000000,-492000000,2697000000,,0.542,,,,,,true,false,12,2014-04-01,2015-03-31,-1
2016-05-13,36480,2017-03-31,,8600000000,0.082,,,,,210000000,-0.149,260000000,-0.099,,170000000,,19.14,,,,,,,,,,,,,,,,,,,,,,true,true,6,2016-04-01,2016-09-30,1
2016-05-13,36480,2017-03-31,,19000000000,0.129,,,,,770000000,0.165,800000000,0.147,,550000000,,61.91,,,,,,,,,,,,,,,,0.355,,,,,,true,true,12,2016-04-01,2017-03-31,1
2016-05-13,36480,2015-03-31,,,,,,,,,,,,,,,,,,,,,,,,,,,,,,18.00,,,,9814200,930234,8883966,false,false,12,2014-04-01,2015-03-31,-1
2016-05-13,36480,2016-03-31,,,,,,,,,,,,,,,,,,,,,,,,,,,,,,20.00,,,,8883966,0,8883966,false,false,12,2015-04-01,2016-03-31,0
2016-05-13,36480,2017-03-31,,,,,,,,,,,,,,,,,,,,,,,,,,,,,,22.00,,,,,,,false,true,12,2016-04-01,2017-03-31,1
2016-07-29,36480,2017-03-31,1,4156000000,0.085,,,,,41000000,,59000000,2.162,,36000000,,4.08,,,,,,13945000000,9474000000,0.679,,9474000000,,,,,,,,,,,,true,false,3,2016-04-01,2016-06-30,0
2016-07-29,36480,2016-03-31,1,3830000000,-0.026,,,,,3000000,-0.961,18000000,-0.832,,5000000,,0.65,,,,,,,,,,,,,,,,,,,,,,true,false,3,2015-04-01,2015-06-30,-1
2016-07-29,36480,2017-03-31,1,8600000000,0.082,,,,,210000000,-0.149,260000000,-0.099,,170000000,,19.14,,,,,,,,,,,,,,,,,,,,,,true,true,6,2016-04-01,2016-09-30,0
2016-07-29,36480,2017-03-31,1,19000000000,0.129,,,,,770000000,0.165,800000000,0.147,,1380000000,,155.34,,,,,,,,,,,,,,,,,,,,,,true,true,12,2016-04-01,2017-03-31,0
2016-07-29,36480,2016-03-31,1,,,,,,,,,,,,,,,,,,,,14652000000,9472000000,0.646,,9472000000,,,,,,,,,,,,true,false,12,2015-04-01,2016-03-31,-1
2016-07-29,36480,2016-03-31,1,,,,,,,,,,,,,,,,,,,,,,,,,,,,,20.00,,,,8883966,0,,false,false,12,2015-04-01,2016-03-31,-1
2016-07-29,36480,2017-03-31,1,,,,,,,,,,,,,,,,,,,,,,,,,,,,,22.00,,,,,,,false,true,12,2016-04-01,2017-03-31,0
2016-07-29,36480,2017-03-31,1,,,,,,,,,,,,,,,,,,,,,,,,,,,,,,,,,8883966,0,8883966,false,false,3,2016-04-01,2016-06-30,0
2016-07-29,36480,2016-03-31,1,,,,,,,,,,,,,,,,,,,,,,,,,,,,,,,,,,,8883966,false,false,3,2015-04-01,2015-06-30,-1
2016-07-29,36480,2017-03-31,,19000000000,0.000,,,,,770000000,0.000,800000000,0.000,,1380000000,,155.34,,,,,,,,,,,,,,,,,,,,,,true,true,12,2016-04-01,2017-03-31,0
2016-07-29,36480,2016-03-31,,16835000000,,,,,,660000000,,697000000,,,398000000,,44.81,,,,,,,,,,,,,,,,,,,,,,true,false,12,2015-04-01,2016-03-31,-1
2016-10-28,36480,2017-03-31,2,8853000000,0.114,,,,,285000000,0.157,328000000,0.137,,210000000,,23.71,,,,,,14742000000,9626000000,0.653,,9626000000,,,,,,,,,,,,true,false,6,2016-04-01,2016-09-30,0
2016-10-28,36480,2016-03-31,2,7946000000,-0.006,,,,,246000000,-0.006,288000000,-0.005,,173000000,,19.48,,,,,,,,,,,,,,,,,,,,,,true,false,6,2015-04-01,2015-09-30,-1
2016-10-28,36480,2017-03-31,2,19000000000,0.129,,,,,770000000,0.165,800000000,0.147,,1380000000,,155.34,,,,,,,,,,,,,,,,,,,,,,true,true,12,2016-04-01,2017-03-31,0
2016-10-28,36480,2016-03-31,2,,,,,,,,,,,,,,,,,,,,14652000000,9472000000,0.646,,9472000000,,,,,,,,,,,,true,false,12,2015-04-01,2016-03-31,-1
2016-10-28,36480,2016-03-31,2,,,,,,,,,,,,,,,,,,,,,,,,,,,,,20.00,,,,8883966,0,,false,false,12,2015-04-01,2016-03-31,-1
2016-10-28,36480,2017-03-31,2,,,,,,,,,,,,,,,,,,,,,,,,,,,,,11.00,,,,,,,false,false,12,2016-04-01,2017-03-31,0
2016-10-28,36480,2017-03-31,2,,,,,,,,,,,,,,,,,,,,,,,,,,,,,22.00,,,,,,,false,true,12,2016-04-01,2017-03-31,0
2016-10-28,36480,2017-03-31,2,,,,,,,,,,,,,,,,,,,,,,,,,,,,,,,,,8883966,0,8883966,false,false,6,2016-04-01,2016-09-30,0
2016-10-28,36480,2016-03-31,2,,,,,,,,,,,,,,,,,,,,,,,,,,,,,,,,,,,8883966,false,false,6,2015-04-01,2015-09-30,-1
2017-01-30,36480,2017-03-31,3,13443000000,0.125,,,,,578000000,0.725,621000000,0.643,,1237000000,,139.31,,,,,,14405000000,10658000000,0.740,,10658000000,,,,,,,,,,,,true,false,9,2016-04-01,2016-12-31,0
2017-01-30,36480,2016-03-31,3,11952000000,0.008,,,,,335000000,-0.053,378000000,-0.065,,224000000,,25.22,,,,,,,,,,,,,,,,,,,,,,true,false,9,2015-04-01,2015-12-31,-1
2017-01-30,36480,2017-03-31,3,19000000000,0.129,,,,,770000000,0.165,800000000,0.147,,1380000000,,155.34,,,,,,,,,,,,,,,,,,,,,,true,true,12,2016-04-01,2017-03-31,0
2017-01-30,36480,2016-03-31,3,,,,,,,,,,,,,,,,,,,,14652000000,9472000000,0.646,,9472000000,,,,,,,,,,,,true,false,12,2015-04-01,2016-03-31,-1
2017-01-30,36480,2016-03-31,3,,,,,,,,,,,,,,,,,,,,,,,,,,,,,20.00,,,,8883966,0,,false,false,12,2015-04-01,2016-03-31,-1
2017-01-30,36480,2017-03-31,3,,,,,,,,,,,,,,,,,,,,,,,,,,,,,11.00,,,,,,,false,false,12,2016-04-01,2017-03-31,0
2017-01-30,36480,2017-03-31,3,,,,,,,,,,,,,,,,,,,,,,,,,,,,,22.00,,,,,,,false,true,12,2016-04-01,2017-03-31,0
2017-01-30,36480,2017-03-31,3,,,,,,,,,,,,,,,,,,,,,,,,,,,,,,,,,8883966,0,8883966,false,false,9,2016-04-01,2016-12-31,0
2017-01-30,36480,2016-03-31,3,,,,,,,,,,,,,,,,,,,,,,,,,,,,,,,,,,,8883966,false,false,9,2015-04-01,2015-12-31,-1
2017-05-12,36480,2017-03-31,,18690000000,0.110,,,,,834000000,0.264,872000000,0.251,,1423000000,,160.18,,0.140,0.058,0.045,,15531000000,10904000000,0.702,1227.42,10904000000,1438000000,-678000000,-568000000,2865000000,,0.137,,,,,,true,false,12,2016-04-01,2017-03-31,0
2017-05-12,36480,2016-03-31,,16835000000,0.020,,,,,660000000,0.254,697000000,0.220,,398000000,,44.81,,0.042,0.047,0.039,,14652000000,9472000000,0.646,1066.25,9472000000,1027000000,-529000000,-521000000,2673000000,,0.446,,,,,,true,false,12,2015-04-01,2016-03-31,-1
2017-05-12,36480,2018-03-31,,8800000000,-0.006,,,,,320000000,0.121,360000000,0.097,,240000000,,27.01,,,,,,,,,,,,,,,,,,,,,,true,true,6,2017-04-01,2017-09-30,1
2017-05-12,36480,2018-03-31,,19600000000,0.049,,,,,800000000,-0.042,820000000,-0.060,,560000000,,63.03,,,,,,,,,,,,,,,,0.349,,,,,,true,true,12,2017-04-01,2018-03-31,1
2017-05-12,36480,2016-03-31,,,,,,,,,,,,,,,,,,,,,,,,,,,,,,20.00,,,,8883966,0,8883966,false,false,12,2015-04-01,2016-03-31,-1
2017-05-12,36480,2017-03-31,,,,,,,,,,,,,,,,,,,,,,,,,,,,,,22.00,,,,8883966,0,8883966,false,false,12,2016-04-01,2017-03-31,0
2017-05-12,36480,2018-03-31,,,,,,,,,,,,,,,,,,,,,,,,,,,,,,22.00,,,,,,,false,true,12,2017-04-01,2018-03-31,1
2017-05-12,36480,2017-03-31,,15153000000,0.141,,,,,616000000,0.575,816000000,0.384,1277000000,,2.229,143.75,,,,,,,,,,,,,,,,,,,,,,false,true,12,2016-04-01,2017-03-31,0
2017-07-31,36480,2018-03-31,1,4419000000,0.063,,,,,173000000,3.200,197000000,2.340,,130000000,,14.72,,,,,,14687000000,10986000000,0.748,,10986000000,,,,,,,,,,,,true,false,3,2017-04-01,2017-06-30,0
2017-07-31,36480,2017-03-31,1,4156000000,0.085,,,,,41000000,,59000000,2.162,,36000000,,4.08,,,,,,,,,,,,,,,,,,,,,,true,false,3,2016-04-01,2016-06-30,-1
2017-07-31,36480,2018-03-31,1,8800000000,-0.006,,,,,320000000,0.121,360000000,0.097,,240000000,,27.01,,,,,,,,,,,,,,,,,,,,,,true,true,6,2017-04-01,2017-09-30,0
2017-07-31,36480,2018-03-31,1,19600000000,0.049,,,,,800000000,-0.042,820000000,-0.060,,560000000,,63.03,,,,,,,,,,,,,,,,,,,,,,true,true,12,2017-04-01,2018-03-31,0
2017-07-31,36480,2017-03-31,1,,,,,,,,,,,,,,,,,,,,15531000000,10904000000,0.702,,10904000000,,,,,,,,,,,,true,false,12,2016-04-01,2017-03-31,-1
2017-07-31,36480,2017-03-31,1,,,,,,,,,,,,,,,,,,,,,,,,,,,,,22.00,,,,8883966,0,,false,false,12,2016-04-01,2017-03-31,-1
2017-07-31,36480,2018-03-31,1,,,,,,,,,,,,,,,,,,,,,,,,,,,,,22.00,,,,,,,false,true,12,2017-04-01,2018-03-31,0
2017-07-31,36480,2018-03-31,1,,,,,,,,,,,,,,,,,,,,,,,,,,,,,,,,,8883966,0,8883966,false,false,3,2017-04-01,2017-06-30,0
2017-07-31,36480,2017-03-31,1,,,,,,,,,,,,,,,,,,,,,,,,,,,,,,,,,,,8883966,false,false,3,2016-04-01,2016-06-30,-1
,36480,2018-03-31,,,,,,,,,,,,,,,,,,,,,,,,,,,,,,5.50,,,,,,,false,true,12,2017-04-01,2018-03-31,0
,36480,2018-03-31,,,,,,,,,,,,,,,,,,,,,,,,,,,,,,0.00,,,,,,,false,false,12,2017-04-01,2018-03-31,0
,36480,2017-03-31,,,,,,,,,,,,,,,,,,,,,,,,,,,,,,22.00,,,,,,,false,false,12,2016-04-01,2017-03-31,-1
2017-10-30,36480,2018-03-31,2,8863000000,0.001,,,,,392000000,0.375,443000000,0.352,,294000000,,16.55,,,,,,15658000000,11206000000,0.716,,11206000000,,,,,,,,,,,,true,false,6,2017-04-01,2017-09-30,0
2017-10-30,36480,2017-03-31,2,8853000000,0.114,,,,,285000000,0.157,328000000,0.137,,210000000,,11.86,,,,,,,,,,,,,,,,,,,,,,true,false,6,2016-04-01,2016-09-30,-1
2017-10-30,36480,2018-03-31,2,19600000000,0.049,,,,,800000000,-0.042,820000000,-0.060,,560000000,,31.52,,,,,,,,,,,,,,,,,,,,,,true,true,12,2017-04-01,2018-03-31,0
2017-10-30,36480,2017-03-31,2,,,,,,,,,,,,,,,,,,,,15531000000,10904000000,0.702,,10904000000,,,,,,,,,,,,true,false,12,2016-04-01,2017-03-31,-1
2017-10-30,36480,2017-03-31,2,,,,,,,,,,,,,,,,,,,,,,,,,,,,,22.00,,,,17767932,0,,false,false,12,2016-04-01,2017-03-31,-1
2017-10-30,36480,2018-03-31,2,,,,,,,,,,,,,,,,,,,,,,,,,,,,,11.00,,,,,,,false,false,12,2017-04-01,2018-03-31,0
2017-10-30,36480,2018-03-31,2,,,,,,,,,,,,,,,,,,,,,,,,,,,,,5.50,,,,,,,false,true,12,2017-04-01,2018-03-31,0
2017-10-30,36480,2018-03-31,2,,,,,,,,,,,,,,,,,,,,,,,,,,,,,,,,,17767932,0,17767932,false,false,6,2017-04-01,2017-09-30,0
2017-10-30,36480,2017-03-31,2,,,,,,,,,,,,,,,,,,,,,,,,,,,,,,,,,,,17767932,false,false,6,2016-04-01,2016-09-30,-1
2018-01-30,36480,2018-03-31,3,13412000000,-0.002,,,,,594000000,0.028,643000000,0.036,,423000000,,23.84,,,,,,15404000000,11399000000,0.740,,11399000000,,,,,,,,,,,,true,false,9,2017-04-01,2017-12-31,0
2018-01-30,36480,2017-03-31,3,13443000000,0.125,,,,,578000000,0.725,621000000,0.643,,1237000000,,69.66,,,,,,,,,,,,,,,,,,,,,,true,false,9,2016-04-01,2016-12-31,-1
2018-01-30,36480,2018-03-31,3,19600000000,0.049,,,,,800000000,-0.042,820000000,-0.060,,560000000,,31.48,,,,,,,,,,,,,,,,,,,,,,true,true,12,2017-04-01,2018-03-31,0
2018-01-30,36480,2017-03-31,3,,,,,,,,,,,,,,,,,,,,15531000000,10904000000,0.702,,10904000000,,,,,,,,,,,,true,false,12,2016-04-01,2017-03-31,-1
2018-01-30,36480,2017-03-31,3,,,,,,,,,,,,,,,,,,,,,,,,,,,,,22.00,,,,17767932,0,,false,false,12,2016-04-01,2017-03-31,-1
2018-01-30,36480,2018-03-31,3,,,,,,,,,,,,,,,,,,,,,,,,,,,,,11.00,,,,,,,false,false,12,2017-04-01,2018-03-31,0
2018-01-30,36480,2018-03-31,3,,,,,,,,,,,,,,,,,,,,,,,,,,,,,5.50,,,,,,,false,true,12,2017-04-01,2018-03-31,0
2018-01-30,36480,2018-03-31,3,,,,,,,,,,,,,,,,,,,,,,,,,,,,,,,,,17845932,150,17769308,false,false,9,2017-04-01,2017-12-31,0
2018-01-30,36480,2017-03-31,3,,,,,,,,,,,,,,,,,,,,,,,,,,,,,,,,,,,17767932,false,false,9,2016-04-01,2016-12-31,-1
2018-05-11,36480,2018-03-31,,19471000000,0.042,,,,,819000000,-0.019,864000000,-0.009,,570000000,,32.08,,0.051,0.053,0.042,,17183000000,11578000000,0.674,648.78,11578000000,1656000000,-710000000,-451000000,3359000000,,0.343,,,,,,true,false,12,2017-04-01,2018-03-31,0
2018-05-11,36480,2017-03-31,,18690000000,0.110,,,,,834000000,0.264,872000000,0.251,,1423000000,,80.09,,0.140,0.058,0.045,,15531000000,10904000000,0.702,613.71,10904000000,1438000000,-678000000,-568000000,2865000000,,0.137,,,,,,true,false,12,2016-04-01,2017-03-31,-1
2018-05-11,36480,2019-03-31,,9300000000,0.049,,,,,350000000,-0.108,390000000,-0.121,,270000000,,15.16,,,,,,,,,,,,,,,,,,,,,,true,true,6,2018-04-01,2018-09-30,1
2018-05-11,36480,2019-03-31,,19700000000,0.012,,,,,800000000,-0.023,830000000,-0.039,,560000000,,31.44,,,,,,,,,,,,,,,,0.350,,,,,,true,true,12,2018-04-01,2019-03-31,1
2018-05-11,36480,2017-03-31,,,,,,,,,,,,,,,,,,,,,,,,,,,,,,22.00,,,,17767932,0,17767932,false,false,12,2016-04-01,2017-03-31,-1
2018-05-11,36480,2018-03-31,,,,,,,,,,,,,,,,,,,,,,,,,,,,,,5.50,,,,17845932,150,17788165,false,false,12,2017-04-01,2018-03-31,0
2018-05-11,36480,2019-03-31,,,,,,,,,,,,,,,,,,,,,,,,,,,,,,11.00,,,,,,,false,true,12,2018-04-01,2019-03-31,1
2018-05-11,36480,2018-03-31,,15526000000,0.025,,,,,524000000,-0.148,707000000,-0.134,522000000,,-0.590,29.40,,,,,,,,,,,,,,,,,,,,,,false,true,12,2017-04-01,2018-03-31,0
2018-07-30,36480,2019-03-31,1,4361000000,-0.013,,,,,31000000,-0.819,50000000,-0.745,,26000000,,1.46,,,,,,16057000000,11450000000,0.713,,11450000000,,,,,,,,,,,,true,false,3,2018-04-01,2018-06-30,0
2018-07-30,36480,2018-03-31,1,4419000000,0.063,,,,,173000000,3.200,197000000,2.340,,130000000,,7.36,,,,,,,,,,,,,,,,,,,,,,true,false,3,2017-04-01,2017-06-30,-1
2018-07-30,36480,2019-03-31,1,9300000000,0.049,,,,,350000000,-0.108,390000000,-0.121,,270000000,,15.16,,,,,,,,,,,,,,,,,,,,,,true,true,6,2018-04-01,2018-09-30,0
2018-07-30,36480,2019-03-31,1,19700000000,0.012,,,,,800000000,-0.023,830000000,-0.039,,560000000,,31.44,,,,,,,,,,,,,,,,,,,,,,true,true,12,2018-04-01,2019-03-31,0
2018-07-30,36480,2018-03-31,1,,,,,,,,,,,,,,,,,,,,17020000000,11578000000,0.680,,11578000000,,,,,,,,,,,,true,false,12,2017-04-01,2018-03-31,-1
2018-07-30,36480,2018-03-31,1,,,,,,,,,,,,,,,,,,,,,,,,,,,,,5.50,,,,17845932,150,,false,false,12,2017-04-01,2018-03-31,-1
2018-07-30,36480,2019-03-31,1,,,,,,,,,,,,,,,,,,,,,,,,,,,,,11.00,,,,,,,false,true,12,2018-04-01,2019-03-31,0
2018-07-30,36480,2019-03-31,1,,,,,,,,,,,,,,,,,,,,,,,,,,,,,,,,,17845932,40150,17826001,false,false,3,2018-04-01,2018-06-30,0
2018-07-30,36480,2018-03-31,1,,,,,,,,,,,,,,,,,,,,,,,,,,,,,,,,,,,17767932,false,false,3,2017-04-01,2017-06-30,-1
2018-10-30,36480,2019-03-31,2,9160000000,0.034,,,,,292000000,-0.256,334000000,-0.245,,213000000,,11.96,,,,,,16860000000,11631000000,0.690,,11631000000,,,,,,,,,,,,true,false,6,2018-04-01,2018-09-30,0
2018-10-30,36480,2018-03-31,2,8863000000,0.001,,,,,392000000,0.375,443000000,0.352,,294000000,,16.55,,,,,,,,,,,,,,,,,,,,,,true,false,6,2017-04-01,2017-09-30,-1
2018-10-30,36480,2019-03-31,2,19700000000,0.012,,,,,800000000,-0.023,830000000,-0.039,,560000000,,31.44,,,,,,,,,,,,,,,,,,,,,,true,true,12,2018-04-01,2019-03-31,0
2018-10-30,36480,2018-03-31,2,,,,,,,,,,,,,,,,,,,,17020000000,11578000000,0.680,,11578000000,,,,,,,,,,,,true,false,12,2017-04-01,2018-03-31,-1
2018-10-30,36480,2018-03-31,2,,,,,,,,,,,,,,,,,,,,,,,,,,,,,5.50,,,,17845932,150,,false,false,12,2017-04-01,2018-03-31,-1
2018-10-30,36480,2019-03-31,2,,,,,,,,,,,,,,,,,,,,,,,,,,,,,5.50,,,,,,,false,false,12,2018-04-01,2019-03-31,0
2018-10-30,36480,2019-03-31,2,,,,,,,,,,,,,,,,,,,,,,,,,,,,,11.00,,,,,,,false,true,12,2018-04-01,2019-03-31,0
2018-10-30,36480,2019-03-31,2,,,,,,,,,,,,,,,,,,,,,,,,,,,,,,,,,17845932,29752,17819416,false,false,6,2018-04-01,2018-09-30,0
2018-10-30,36480,2018-03-31,2,,,,,,,,,,,,,,,,,,,,,,,,,,,,,,,,,,,17767932,false,false,6,2017-04-01,2017-09-30,-1
2019-01-30,36480,2019-03-31,3,13836000000,0.032,,,,,510000000,-0.141,561000000,-0.127,,361000000,,20.29,,,,,,16125000000,11643000000,0.722,,11643000000,,,,,,,,,,,,true,false,9,2018-04-01,2018-12-31,0
2019-01-30,36480,2018-03-31,3,13412000000,-0.002,,,,,594000000,0.028,643000000,0.036,,423000000,,23.84,,,,,,,,,,,,,,,,,,,,,,true,false,9,2017-04-01,2017-12-31,-1
2019-01-30,36480,2019-03-31,3,19700000000,0.012,,,,,800000000,-0.023,830000000,-0.039,,560000000,,31.44,,,,,,,,,,,,,,,,,,,,,,true,true,12,2018-04-01,2019-03-31,0
2019-01-30,36480,2018-03-31,3,,,,,,,,,,,,,,,,,,,,17020000000,11578000000,0.680,,11578000000,,,,,,,,,,,,true,false,12,2017-04-01,2018-03-31,-1
2019-01-30,36480,2018-03-31,3,,,,,,,,,,,,,,,,,,,,,,,,,,,,,5.50,,,,17845932,150,,false,false,12,2017-04-01,2018-03-31,-1
2019-01-30,36480,2019-03-31,3,,,,,,,,,,,,,,,,,,,,,,,,,,,,,5.50,,,,,,,false,false,12,2018-04-01,2019-03-31,0
2019-01-30,36480,2019-03-31,3,,,,,,,,,,,,,,,,,,,,,,,,,,,,,11.00,,,,,,,false,true,12,2018-04-01,2019-03-31,0
2019-01-30,36480,2019-03-31,3,,,,,,,,,,,,,,,,,,,,,,,,,,,,,,,,,17845932,29752,17818333,false,false,9,2018-04-01,2018-12-31,0
2019-01-30,36480,2018-03-31,3,,,,,,,,,,,,,,,,,,,,,,,,,,,,,,,,,,,17769308,false,false,9,2017-04-01,2017-12-31,-1
2019-05-13,36480,2019-03-31,,19666000000,0.010,,,,,822000000,0.004,863000000,-0.000,,544000000,,30.57,,0.047,0.051,0.042,,17004000000,11816000000,0.695,663.25,11816000000,1988000000,-1051000000,-679000000,3617000000,,0.360,,,,,,true,false,12,2018-04-01,2019-03-31,0
2019-05-13,36480,2018-03-31,,19471000000,0.042,,,,,819000000,-0.019,864000000,-0.009,,570000000,,32.08,,0.051,0.053,0.042,,17020000000,11578000000,0.680,648.78,11578000000,1656000000,-710000000,-451000000,3359000000,,0.343,,,,,,true,false,12,2017-04-01,2018-03-31,-1
2019-05-13,36480,2020-03-31,,9300000000,0.015,,,,,220000000,-0.247,240000000,-0.283,,160000000,,8.98,,,,,,,,,,,,,,,,,,,,,,true,true,6,2019-04-01,2019-09-30,1
2019-05-13,36480,2020-03-31,,19700000000,0.002,,,,,600000000,-0.270,610000000,-0.294,,410000000,,23.01,,,,,,,,,,,,,,,,0.478,,,,,,true,true,12,2019-04-01,2020-03-31,1
2019-05-13,36480,2018-03-31,,,,,,,,,,,,,,,,,,,,,,,,,,,,,,5.50,,,,17845932,150,17788165,false,false,12,2017-04-01,2018-03-31,-1
2019-05-13,36480,2019-03-31,,,,,,,,,,,,,,,,,,,,,,,,,,,,,,11.00,,,,17845932,29752,17817802,false,false,12,2018-04-01,2019-03-31,0
2019-05-13,36480,2020-03-31,,,,,,,,,,,,,,,,,,,,,,,,,,,,,,11.00,,,,,,,false,true,12,2019-04-01,2020-03-31,1
2019-07-30,36480,2020-03-31,1,4550000000,0.043,,,,,90000000,1.871,125000000,1.509,,78000000,,4.38,,,,,,16109000000,11729000000,0.728,,11729000000,,,,,,,,,,,,true,false,3,2019-04-01,2019-06-30,0
2019-07-30,36480,2019-03-31,1,4361000000,-0.013,,,,,31000000,-0.819,50000000,-0.745,,26000000,,1.46,,,,,,,,,,,,,,,,,,,,,,true,false,3,2018-04-01,2018-06-30,-1
2019-07-30,36480,2020-03-31,1,9300000000,0.015,,,,,220000000,-0.247,240000000,-0.283,,160000000,,8.98,,,,,,,,,,,,,,,,,,,,,,true,true,6,2019-04-01,2019-09-30,0
2019-07-30,36480,2020-03-31,1,19700000000,0.002,,,,,600000000,-0.270,610000000,-0.294,,410000000,,23.01,,,,,,,,,,,,,,,,,,,,,,true,true,12,2019-04-01,2020-03-31,0
2019-07-30,36480,2019-03-31,1,,,,,,,,,,,,,,,,,,,,17004000000,11816000000,0.695,,11816000000,,,,,,,,,,,,true,false,12,2018-04-01,2019-03-31,-1
2019-07-30,36480,2019-03-31,1,,,,,,,,,,,,,,,,,,,,,,,,,,,,,11.00,,,,17845932,29752,,false,false,12,2018-04-01,2019-03-31,-1
2019-07-30,36480,2020-03-31,1,,,,,,,,,,,,,,,,,,,,,,,,,,,,,11.00,,,,,,,false,true,12,2019-04-01,2020-03-31,0
2019-07-30,36480,2020-03-31,1,,,,,,,,,,,,,,,,,,,,,,,,,,,,,,,,,17845932,29752,17816180,false,false,3,2019-04-01,2019-06-30,0
2019-07-30,36480,2019-03-31,1,,,,,,,,,,,,,,,,,,,,,,,,,,,,,,,,,,,17826001,false,false,3,2018-04-01,2018-06-30,-1
2019-10-29,36480,2020-03-31,2,9645000000,0.053,,,,,376000000,0.287,408000000,0.221,,262000000,,14.75,,,,,,16321000000,11906000000,0.730,,11906000000,,,,,,,,,,,,true,false,6,2019-04-01,2019-09-30,0
2019-10-29,36480,2019-03-31,2,9160000000,0.034,,,,,292000000,-0.256,334000000,-0.245,,213000000,,11.96,,,,,,,,,,,,,,,,,,,,,,true,false,6,2018-04-01,2018-09-30,-1
2019-10-29,36480,2020-03-31,2,19700000000,0.002,,,,,600000000,-0.270,610000000,-0.294,,410000000,,23.01,,,,,,,,,,,,,,,,,,,,,,true,true,12,2019-04-01,2020-03-31,0
2019-10-29,36480,2019-03-31,2,,,,,,,,,,,,,,,,,,,,17004000000,11816000000,0.695,,11816000000,,,,,,,,,,,,true,false,12,2018-04-01,2019-03-31,-1
2019-10-29,36480,2019-03-31,2,,,,,,,,,,,,,,,,,,,,,,,,,,,,,11.00,,,,17845932,29752,,false,false,12,2018-04-01,2019-03-31,-1
2019-10-29,36480,2020-03-31,2,,,,,,,,,,,,,,,,,,,,,,,,,,,,,5.50,,,,,,,false,false,12,2019-04-01,2020-03-31,0
2019-10-29,36480,2020-03-31,2,,,,,,,,,,,,,,,,,,,,,,,,,,,,,11.00,,,,,,,false,true,12,2019-04-01,2020-03-31,0
2019-10-29,36480,2020-03-31,2,,,,,,,,,,,,,,,,,,,,,,,,,,,,,,,,,17845932,19452,17819725,false,false,6,2019-04-01,2019-09-30,0
2019-10-29,36480,2019-03-31,2,,,,,,,,,,,,,,,,,,,,,,,,,,,,,,,,,,,17819416,false,false,6,2018-04-01,2018-09-30,-1
2020-01-30,36480,2020-03-31,3,14847000000,0.073,,,,,629000000,0.231,666000000,0.187,,429000000,,24.08,,,,,,16785000000,12018000000,0.716,,12018000000,,,,,,,,,,,,true,false,9,2019-04-01,2019-12-31,0
2020-01-30,36480,2019-03-31,3,13836000000,0.032,,,,,510000000,-0.141,561000000,-0.127,,361000000,,20.29,,,,,,,,,,,,,,,,,,,,,,true,false,9,2018-04-01,2018-12-31,-1
2020-01-30,36480,2020-03-31,3,19800000000,0.007,,,,,700000000,-0.149,730000000,-0.155,,470000000,,26.39,,,,,,,,,,,,,,,,,,,,,,true,true,12,2019-04-01,2020-03-31,0
2020-01-30,36480,2019-03-31,3,,,,,,,,,,,,,,,,,,,,17004000000,11816000000,0.695,,11816000000,,,,,,,,,,,,true,false,12,2018-04-01,2019-03-31,-1
2020-01-30,36480,2019-03-31,3,,,,,,,,,,,,,,,,,,,,,,,,,,,,,11.00,,,,17845932,29752,,false,false,12,2018-04-01,2019-03-31,-1
2020-01-30,36480,2020-03-31,3,,,,,,,,,,,,,,,,,,,,,,,,,,,,,5.50,,,,,,,false,false,12,2019-04-01,2020-03-31,0
2020-01-30,36480,2020-03-31,3,,,,,,,,,,,,,,,,,,,,,,,,,,,,,11.00,,,,,,,false,true,12,2019-04-01,2020-03-31,0
2020-01-30,36480,2020-03-31,3,,,,,,,,,,,,,,,,,,,,,,,,,,,,,,,,,17845932,49590,17817277,false,false,9,2019-04-01,2019-12-31,0
2020-01-30,36480,2019-03-31,3,,,,,,,,,,,,,,,,,,,,,,,,,,,,,,,,,,,17818333,false,false,9,2018-04-01,2018-12-31,-1
2020-01-30,36480,2020-03-31,,19800000000,0.005,,,,,700000000,0.167,730000000,0.197,,470000000,,26.39,,,,,,,,,,,,,,,,,,,,,,true,true,12,2019-04-01,2020-03-31,0
2020-01-30,36480,2019-03-31,,19666000000,,,,,,822000000,,863000000,,,544000000,,30.57,,,,,,,,,,,,,,,,,,,,,,true,false,12,2018-04-01,2019-03-31,-1
2020-05-14,36480,2020-03-31,,19942000000,0.014,,,,,714000000,-0.131,750000000,-0.132,,475000000,,26.72,,0.040,0.045,0.036,,16557000000,11991000000,0.724,673.82,11991000000,1655000000,-624000000,-704000000,3944000000,,0.412,,,,,,true,false,12,2019-04-01,2020-03-31,0
2020-05-14,36480,2019-03-31,,19666000000,0.010,,,,,822000000,0.004,863000000,-0.000,,544000000,,30.57,,0.047,0.051,0.042,,17004000000,11816000000,0.695,663.25,11816000000,1988000000,-1051000000,-679000000,3617000000,,0.360,,,,,,true,false,12,2018-04-01,2019-03-31,-1
2020-05-14,36480,2021-03-31,,18000000000,-0.097,,,,,580000000,-0.189,,,,,,,,,,,,,,,,,,,,,,,,,,,,true,true,12,2020-04-01,2021-03-31,1
2020-05-14,36480,2021-03-31,,20000000000,0.003,,,,,720000000,0.007,,,,,,,,,,,,,,,,,,,,,,,,,,,,true,true,12,2020-04-01,2021-03-31,1
2020-05-14,36480,2019-03-31,,,,,,,,,,,,,,,,,,,,,,,,,,,,,,11.00,,,,17845932,29752,17817802,false,false,12,2018-04-01,2019-03-31,-1
2020-05-14,36480,2020-03-31,,,,,,,,,,,,,,,,,,,,,,,,,,,,,,11.00,,,,17845932,49590,17812071,false,false,12,2019-04-01,2020-03-31,0
2020-05-14,36480,2021-03-31,,,,,,,,,,,,,,,,,,,,,,,,,,,,,,11.00,,,,,,,false,true,12,2020-04-01,2021-03-31,1
2020-05-14,36480,2021-03-31,,,,,,,,,,,,,,,,,,,,,,,,,,,,,,,0.384,,,,,,true,true,12,2020-04-01,2021-03-31,1
2020-07-30,36480,2021-03-31,1,4464000000,-0.019,,,,,-33000000,,-16000000,,,-25000000,,-1.41,,,,,,16055000000,11950000000,0.744,,11950000000,,,,,,,,,,,,true,false,3,2020-04-01,2020-06-30,0
2020-07-30,36480,2020-03-31,1,4550000000,0.043,,,,,90000000,1.871,125000000,1.509,,78000000,,4.38,,,,,,,,,,,,,,,,,,,,,,true,false,3,2019-04-01,2019-06-30,-1
2020-07-30,36480,2021-03-31,1,18000000000,-0.097,,,,,580000000,-0.189,,,,,,,,,,,,,,,,,,,,,,,,,,,,true,true,12,2020-04-01,2021-03-31,0
2020-07-30,36480,2021-03-31,1,20000000000,0.003,,,,,720000000,0.007,,,,,,,,,,,,,,,,,,,,,,,,,,,,true,true,12,2020-04-01,2021-03-31,0
2020-07-30,36480,2020-03-31,1,,,,,,,,,,,,,,,,,,,,16557000000,11991000000,0.724,,11991000000,,,,,,,,,,,,true,false,12,2019-04-01,2020-03-31,-1
2020-07-30,36480,2020-03-31,1,,,,,,,,,,,,,,,,,,,,,,,,,,,,,11.00,,,,17845932,49590,,false,false,12,2019-04-01,2020-03-31,-1
2020-07-30,36480,2021-03-31,1,,,,,,,,,,,,,,,,,,,,,,,,,,,,,11.00,,,,,,,false,true,12,2020-04-01,2021-03-31,0
2020-07-30,36480,2021-03-31,1,,,,,,,,,,,,,,,,,,,,,,,,,,,,,,,,,17845932,49590,17796342,false,false,3,2020-04-01,2020-06-30,0
2020-07-30,36480,2020-03-31,1,,,,,,,,,,,,,,,,,,,,,,,,,,,,,,,,,,,17816180,false,false,3,2019-04-01,2019-06-30,-1
2020-10-30,36480,2021-03-31,2,9156000000,-0.051,,,,,231000000,-0.384,245000000,-0.401,,148000000,,8.34,,,,,,16360000000,12159000000,0.743,,12159000000,,,,,,,,,,,,true,false,6,2020-04-01,2020-09-30,0
2020-10-30,36480,2020-03-31,2,9645000000,0.053,,,,,376000000,0.287,408000000,0.221,,262000000,,14.75,,,,,,,,,,,,,,,,,,,,,,true,false,6,2019-04-01,2019-09-30,-1
2020-10-30,36480,2021-03-31,2,18000000000,-0.097,,,,,580000000,-0.189,,,,,,,,,,,,,,,,,,,,,,,,,,,,true,true,12,2020-04-01,2021-03-31,0
2020-10-30,36480,2021-03-31,2,20000000000,0.003,,,,,720000000,0.007,,,,,,,,,,,,,,,,,,,,,,,,,,,,true,true,12,2020-04-01,2021-03-31,0
2020-10-30,36480,2020-03-31,2,,,,,,,,,,,,,,,,,,,,16557000000,11991000000,0.724,,11991000000,,,,,,,,,,,,true,false,12,2019-04-01,2020-03-31,-1
2020-10-30,36480,2020-03-31,2,,,,,,,,,,,,,,,,,,,,,,,,,,,,,11.00,,,,17845932,49590,,false,false,12,2019-04-01,2020-03-31,-1
2020-10-30,36480,2021-03-31,2,,,,,,,,,,,,,,,,,,,,,,,,,,,,,5.50,,,,,,,false,false,12,2020-04-01,2021-03-31,0
2020-10-30,36480,2021-03-31,2,,,,,,,,,,,,,,,,,,,,,,,,,,,,,11.00,,,,,,,false,true,12,2020-04-01,2021-03-31,0
2020-10-30,36480,2021-03-31,2,,,,,,,,,,,,,,,,,,,,,,,,,,,,,,,,,17845932,40690,17799405,false,false,6,2020-04-01,2020-09-30,0
2020-10-30,36480,2020-03-31,2,,,,,,,,,,,,,,,,,,,,,,,,,,,,,,,,,,,17819725,false,false,6,2019-04-01,2019-09-30,-1
2021-01-29,36480,2021-03-31,3,14552000000,-0.020,,,,,300000000,-0.522,314000000,-0.528,,186000000,,10.49,,,,,,16385000000,12145000000,0.741,,12145000000,,,,,,,,,,,,true,false,9,2020-04-01,2020-12-31,0
2021-01-29,36480,2020-03-31,3,14847000000,0.073,,,,,629000000,0.231,666000000,0.187,,429000000,,24.08,,,,,,,,,,,,,,,,,,,,,,true,false,9,2019-04-01,2019-12-31,-1
2021-01-29,36480,2021-03-31,3,20000000000,0.003,,,,,720000000,0.007,760000000,0.013,,510000000,,28.66,,,,,,,,,,,,,,,,,,,,,,true,true,12,2020-04-01,2021-03-31,0
2021-01-29,36480,2020-03-31,3,,,,,,,,,,,,,,,,,,,,16557000000,11991000000,0.724,,11991000000,,,,,,,,,,,,true,false,12,2019-04-01,2020-03-31,-1
2021-01-29,36480,2020-03-31,3,,,,,,,,,,,,,,,,,,,,,,,,,,,,,11.00,,,,17845932,49590,,false,false,12,2019-04-01,2020-03-31,-1
2021-01-29,36480,2021-03-31,3,,,,,,,,,,,,,,,,,,,,,,,,,,,,,5.50,,,,,,,false,false,12,2020-04-01,2021-03-31,0
2021-01-29,36480,2021-03-31,3,,,,,,,,,,,,,,,,,,,,,,,,,,,,,11.00,,,,,,,false,true,12,2020-04-01,2021-03-31,0
2021-01-29,36480,2021-03-31,3,,,,,,,,,,,,,,,,,,,,,,,,,,,,,,,,,17845932,67690,17799983,false,false,9,2020-04-01,2020-12-31,0
2021-01-29,36480,2020-03-31,3,,,,,,,,,,,,,,,,,,,,,,,,,,,,,,,,,,,17817277,false,false,9,2019-04-01,2019-12-31,-1
2021-05-13,36480,2021-03-31,,20949000000,0.051,,,,,769000000,0.077,779000000,0.039,,497000000,,27.93,,0.041,0.044,0.037,,19125000000,12503000000,0.654,703.30,12503000000,1747000000,-702000000,-699000000,4290000000,,0.394,,,,,,true,false,12,2020-04-01,2021-03-31,0
2021-05-13,36480,2020-03-31,,19942000000,0.014,,,,,714000000,-0.131,750000000,-0.132,,475000000,,26.72,,0.040,0.045,0.036,,16557000000,11991000000,0.724,673.82,11991000000,1655000000,-624000000,-704000000,3944000000,,0.412,,,,,,true,false,12,2019-04-01,2020-03-31,-1
2021-05-13,36480,2022-03-31,,10200000000,0.114,,,,,340000000,0.469,350000000,0.428,,230000000,,12.94,,,,,,,,,,,,,,,,,,,,,,true,true,6,2021-04-01,2021-09-30,1
2021-05-13,36480,2022-03-31,,22000000000,0.050,,,,,860000000,0.118,870000000,0.116,,590000000,,33.19,,,,,,,,,,,,,,,,0.392,,,,,,true,true,12,2021-04-01,2022-03-31,1
2021-05-13,36480,2020-03-31,,,,,,,,,,,,,,,,,,,,,,,,,,,,,,11.00,,,,17845932,49590,17812071,false,false,12,2019-04-01,2020-03-31,-1
2021-05-13,36480,2021-03-31,,,,,,,,,,,,,,,,,,,,,,,,,,,,,,11.00,,,,17845932,67690,17794622,false,false,12,2020-04-01,2021-03-31,0
2021-05-13,36480,2022-03-31,,,,,,,,,,,,,,,,,,,,,,,,,,,,,,13.00,,,,,,,false,true,12,2021-04-01,2022-03-31,1
2021-07-30,36480,2022-03-31,1,5217000000,,,,,,308000000,,336000000,,,226000000,,12.72,,,,,,17608000000,12668000000,0.719,,12668000000,,,,,,,,,,,,true,false,3,2021-04-01,2021-06-30,0
2021-07-30,36480,2021-03-31,1,4464000000,-0.019,,,,,-33000000,,-16000000,,,-25000000,,-1.41,,,,,,,,,,,,,,,,,,,,,,true,false,3,2020-04-01,2020-06-30,-1
2021-07-30,36480,2022-03-31,1,10200000000,0.114,,,,,340000000,0.469,350000000,0.428,,230000000,,12.94,,,,,,,,,,,,,,,,,,,,,,true,true,6,2021-04-01,2021-09-30,0
2021-07-30,36480,2022-03-31,1,22000000000,0.050,,,,,860000000,0.118,870000000,0.116,,590000000,,33.19,,,,,,,,,,,,,,,,,,,,,,true,true,12,2021-04-01,2022-03-31,0
2021-07-30,36480,2021-03-31,1,,,,,,,,,,,,,,,,,,,,19125000000,12503000000,0.654,,12503000000,,,,,,,,,,,,true,false,12,2020-04-01,2021-03-31,-1
2021-07-30,36480,2021-03-31,1,,,,,,,,,,,,,,,,,,,,,,,,,,,,,11.00,,,,17845932,67690,,false,false,12,2020-04-01,2021-03-31,-1
2021-07-30,36480,2022-03-31,1,,,,,,,,,,,,,,,,,,,,,,,,,,,,,13.00,,,,,,,false,true,12,2021-04-01,2022-03-31,0
2021-07-30,36480,2022-03-31,1,,,,,,,,,,,,,,,,,,,,,,,,,,,,,,,,,17845932,67690,17778242,false,false,3,2021-04-01,2021-06-30,0
2021-07-30,36480,2021-03-31,1,,,,,,,,,,,,,,,,,,,,,,,,,,,,,,,,,,,17796342,false,false,3,2020-04-01,2020-06-30,-1
2021-10-29,3648,2022-03-31,2,10415000000,,,,,,671000000,,696000000,,,464000000,,26.13,,,,,,17957000000,12982000000,0.723,,12982000000,,,,,,,,,,,,true,false,6,2021-04-01,2021-09-30,0
2021-10-29,3648,2021-03-31,2,9156000000,-0.051,,,,,231000000,-0.384,245000000,-0.401,,148000000,,8.34,,,,,,,,,,,,,,,,,,,,,,true,false,6,2020-04-01,2020-09-30,-1
2021-10-29,3648,2022-03-31,2,22000000000,0.050,,,,,860000000,0.118,870000000,0.116,,590000000,,33.19,,,,,,,,,,,,,,,,,,,,,,true,true,12,2021-04-01,2022-03-31,0
2021-10-29,3648,2021-03-31,2,,,,,,,,,,,,,,,,,,,,19125000000,12503000000,0.654,,12503000000,,,,,,,,,,,,true,false,12,2020-04-01,2021-03-31,-1
2021-10-29,3648,2021-03-31,2,,,,,,,,,,,,,,,,,,,,,,,,,,,,,11.00,,,,17845932,67690,,false,false,12,2020-04-01,2021-03-31,-1
2021-10-29,3648,2022-03-31,2,,,,,,,,,,,,,,,,,,,,,,,,,,,,,7.50,,,,,,,false,false,12,2021-04-01,2022-03-31,0
2021-10-29,3648,2022-03-31,2,,,,,,,,,,,,,,,,,,,,,,,,,,,,,13.00,,,,,,,false,true,12,2021-04-01,2022-03-31,0
2021-10-29,3648,2022-03-31,2,,,,,,,,,,,,,,,,,,,,,,,,,,,,,,,,,17845932,59690,17780996,false,false,6,2021-04-01,2021-09-30,0
2021-10-29,3648,2021-03-31,2,,,,,,,,,,,,,,,,,,,,,,,,,,,,,,,,,,,17799405,false,false,6,2020-04-01,2020-09-30,-1
2022-01-28,3648,2022-03-31,3,15663000000,,,,,,868000000,,906000000,,,601000000,,33.84,,,,,,17993000000,12947000000,0.720,,12947000000,,,,,,,,,,,,true,false,9,2021-04-01,2021-12-31,0
2022-01-28,3648,2021-03-31,3,14552000000,-0.020,,,,,300000000,-0.522,314000000,-0.528,,186000000,,10.49,,,,,,,,,,,,,,,,,,,,,,true,false,9,2020-04-01,2020-12-31,-1
2022-01-28,3648,2022-03-31,3,22000000000,0.050,,,,,920000000,0.195,950000000,0.219,,630000000,,35.43,,,,,,,,,,,,,,,,,,,,,,true,true,12,2021-04-01,2022-03-31,0
2022-01-28,3648,2021-03-31,3,,,,,,,,,,,,,,,,,,,,19125000000,12503000000,0.654,,12503000000,,,,,,,,,,,,true,false,12,2020-04-01,2021-03-31,-1
2022-01-28,3648,2021-03-31,3,,,,,,,,,,,,,,,,,,,,,,,,,,,,,11.00,,,,17845932,67690,,false,false,12,2020-04-01,2021-03-31,-1
2022-01-28,3648,2022-03-31,3,,,,,,,,,,,,,,,,,,,,,,,,,,,,,7.50,,,,,,,false,false,12,2021-04-01,2022-03-31,0
2022-01-28,3648,2022-03-31,3,,,,,,,,,,,,,,,,,,,,,,,,,,,,,13.00,,,,,,,false,true,12,2021-04-01,2022-03-31,0
2022-01-28,3648,2022-03-31,3,,,,,,,,,,,,,,,,,,,,,,,,,,,,,,,,,17845932,59690,17782751,false,false,9,2021-04-01,2021-12-31,0
2022-01-28,3648,2021-03-31,3,,,,,,,,,,,,,,,,,,,,,,,,,,,,,,,,,,,17799983,false,false,9,2020-04-01,2020-12-31,-1
2022-05-12,3648,2022-03-31,,21187000000,,,,,,948000000,,981000000,,,638000000,,35.89,,0.050,0.052,0.045,,18600000000,12908000000,0.694,725.78,12908000000,2123000000,-518000000,-744000000,5150000000,,0.362,,,,,,true,false,12,2021-04-01,2022-03-31,0
2022-05-12,3648,2021-03-31,,20949000000,0.051,,,,,769000000,0.077,779000000,0.039,,497000000,,27.93,,0.041,0.044,0.037,,19125000000,12503000000,0.654,703.30,12503000000,1747000000,-702000000,-699000000,4290000000,,0.394,,,,,,true,false,12,2020-04-01,2021-03-31,-1
2022-05-12,3648,2023-03-31,,10300000000,-0.011,,,,,280000000,-0.583,310000000,-0.555,,210000000,,11.81,,,,,,,,,,,,,,,,,,,,,,true,true,6,2022-04-01,2022-09-30,1
2022-05-12,3648,2023-03-31,,21500000000,0.015,,,,,870000000,-0.083,900000000,-0.083,,610000000,,34.30,,,,,,,,,,,,,,,,0.321,,,,,,true,true,12,2022-04-01,2023-03-31,1
2022-05-12,3648,2021-03-31,,,,,,,,,,,,,,,,,,,,,,,,,,,,,,11.00,,,,17845932,67690,17794622,false,false,12,2020-04-01,2021-03-31,-1
2022-05-12,3648,2022-03-31,,,,,,,,,,,,,,,,,,,,,,,,,,,,,,13.00,,,,17845932,59690,17783611,false,false,12,2021-04-01,2022-03-31,0
2022-05-12,3648,2023-03-31,,,,,,,,,,,,,,,,,,,,,,,,,,,,,,11.00,,,,,,,false,true,12,2022-04-01,2023-03-31,1
2022-07-29,3648,2023-03-31,1,5094000000,-0.023,,,,,149000000,-0.515,175000000,-0.478,,112000000,,6.34,,,,,,17207000000,12851000000,0.747,,12851000000,,,,,,,,,,,,true,false,3,2022-04-01,2022-06-30,0
2022-07-29,3648,2022-03-31,1,5217000000,,,,,,308000000,,336000000,,,226000000,,12.72,,,,,,,,,,,,,,,,,,,,,,true,false,3,2021-04-01,2021-06-30,-1
2022-07-29,3648,2023-03-31,1,10300000000,-0.011,,,,,280000000,-0.583,310000000,-0.555,,210000000,,11.81,,,,,,,,,,,,,,,,,,,,,,true,true,6,2022-04-01,2022-09-30,0
2022-07-29,3648,2023-03-31,1,21500000000,0.015,,,,,870000000,-0.083,900000000,-0.083,,610000000,,34.30,,,,,,,,,,,,,,,,,,,,,,true,true,12,2022-04-01,2023-03-31,0
2022-07-29,3648,2022-03-31,1,,,,,,,,,,,,,,,,,,,,18600000000,12908000000,0.694,,12908000000,,,,,,,,,,,,true,false,12,2021-04-01,2022-03-31,-1
2022-07-29,3648,2022-03-31,1,,,,,,,,,,,,,,,,,,,,,,,,,,,,,13.00,,,,17845932,59690,,false,false,12,2021-04-01,2022-03-31,-1
2022-07-29,3648,2023-03-31,1,,,,,,,,,,,,,,,,,,,,,,,,,,,,,11.00,,,,,,,false,true,12,2022-04-01,2023-03-31,0
2022-07-29,3648,2023-03-31,1,,,,,,,,,,,,,,,,,,,,,,,,,,,,,,,,,17845932,59690,17786242,false,false,3,2022-04-01,2022-06-30,0
2022-07-29,3648,2022-03-31,1,,,,,,,,,,,,,,,,,,,,,,,,,,,,,,,,,,,17778242,false,false,3,2021-04-01,2021-06-30,-1
2022-10-28,3648,2023-03-31,2,10026000000,-0.037,,,,,368000000,-0.452,394000000,-0.434,,255000000,,14.34,,,,,,17459000000,13055000000,0.748,,13055000000,,,,,,,,,,,,true,false,6,2022-04-01,2022-09-30,0
2022-10-28,3648,2022-03-31,2,10415000000,,,,,,671000000,,696000000,,,464000000,,26.13,,,,,,,,,,,,,,,,,,,,,,true,false,6,2021-04-01,2021-09-30,-1
2022-10-28,3648,2023-03-31,2,21500000000,0.015,,,,,870000000,-0.083,900000000,-0.083,,610000000,,34.30,,,,,,,,,,,,,,,,,,,,,,true,true,12,2022-04-01,2023-03-31,0
2022-10-28,3648,2022-03-31,2,,,,,,,,,,,,,,,,,,,,18600000000,12908000000,0.694,,12908000000,,,,,,,,,,,,true,false,12,2021-04-01,2022-03-31,-1
2022-10-28,3648,2022-03-31,2,,,,,,,,,,,,,,,,,,,,,,,,,,,,,13.00,,,,17845932,59690,,false,false,12,2021-04-01,2022-03-31,-1
2022-10-28,3648,2023-03-31,2,,,,,,,,,,,,,,,,,,,,,,,,,,,,,5.50,,,,,,,false,false,12,2022-04-01,2023-03-31,0
2022-10-28,3648,2023-03-31,2,,,,,,,,,,,,,,,,,,,,,,,,,,,,,11.00,,,,,,,false,true,12,2022-04-01,2023-03-31,0
2022-10-28,3648,2023-03-31,2,,,,,,,,,,,,,,,,,,,,,,,,,,,,,,,,,17845932,51290,17789042,false,false,6,2022-04-01,2022-09-30,0
2022-10-28,3648,2022-03-31,2,,,,,,,,,,,,,,,,,,,,,,,,,,,,,,,,,,,17780996,false,false,6,2021-04-01,2021-09-30,-1
2023-01-30,3648,2023-03-31,3,15072000000,-0.038,,,,,532000000,-0.387,565000000,-0.377,,366000000,,20.61,,,,,,17105000000,13081000000,0.765,,13081000000,,,,,,,,,,,,true,false,9,2022-04-01,2022-12-31,0
2023-01-30,3648,2022-03-31,3,15663000000,,,,,,868000000,,906000000,,,601000000,,33.84,,,,,,,,,,,,,,,,,,,,,,true,false,9,2021-04-01,2021-12-31,-1
2023-01-30,3648,2023-03-31,3,21500000000,0.015,,,,,870000000,-0.083,900000000,-0.083,,610000000,,34.30,,,,,,,,,,,,,,,,,,,,,,true,true,12,2022-04-01,2023-03-31,0
2023-01-30,3648,2022-03-31,3,,,,,,,,,,,,,,,,,,,,18600000000,12908000000,0.694,,12908000000,,,,,,,,,,,,true,false,12,2021-04-01,2022-03-31,-1
2023-01-30,3648,2022-03-31,3,,,,,,,,,,,,,,,,,,,,,,,,,,,,,13.00,,,,17845932,59690,,false,false,12,2021-04-01,2022-03-31,-1
2023-01-30,3648,2023-03-31,3,,,,,,,,,,,,,,,,,,,,,,,,,,,,,5.50,,,,,,,false,false,12,2022-04-01,2023-03-31,0
2023-01-30,3648,2023-03-31,3,,,,,,,,,,,,,,,,,,,,,,,,,,,,,11.00,,,,,,,false,true,12,2022-04-01,2023-03-31,0
2023-01-30,3648,2023-03-31,3,,,,,,,,,,,,,,,,,,,,,,,,,,,,,,,,,17845932,112890,17783151,false,false,9,2022-04-01,2022-12-31,0
2023-01-30,3648,2022-03-31,3,,,,,,,,,,,,,,,,,,,,,,,,,,,,,,,,,,,17782751,false,false,9,2021-04-01,2021-12-31,-1
2023-05-11,3648,2023-03-31,,21066000000,-0.006,,,,,873000000,-0.079,910000000,-0.072,,682000000,,38.42,,0.052,0.047,0.041,,20123000000,13440000000,0.668,761.23,13440000000,1711000000,-475000000,-756000000,5630000000,,0.286,,,,,,true,false,12,2022-04-01,2023-03-31,0
2023-05-11,3648,2022-03-31,,21187000000,,,,,,948000000,,981000000,,,638000000,,35.89,,0.050,0.052,0.045,,18600000000,12908000000,0.694,725.78,12908000000,2123000000,-518000000,-744000000,5150000000,,0.362,,,,,,true,false,12,2021-04-01,2022-03-31,-1
2023-05-11,3648,2024-03-31,,10400000000,0.037,,,,,370000000,0.005,390000000,-0.011,,260000000,,14.73,,,,,,,,,,,,,,,,,,,,,,true,true,6,2023-04-01,2023-09-30,1
2023-05-11,3648,2024-03-31,,22000000000,0.044,,,,,900000000,0.030,910000000,-0.001,,610000000,,34.55,,,,,,,,,,,,,,,,0.318,,,,,,true,true,12,2023-04-01,2024-03-31,1
2023-05-11,3648,2022-03-31,,,,,,,,,,,,,,,,,,,,,,,,,,,,,,13.00,,,,17845932,59690,17783611,false,false,12,2021-04-01,2022-03-31,-1
2023-05-11,3648,2023-03-31,,,,,,,,,,,,,,,,,,,,,,,,,,,,,,11.00,,,,17845932,189290,17762409,false,false,12,2022-04-01,2023-03-31,0
2023-05-11,3648,2024-03-31,,,,,,,,,,,,,,,,,,,,,,,,,,,,,,11.00,,,,,,,false,true,12,2023-04-01,2024-03-31,1
2023-07-28,3648,2024-03-31,1,4838000000,-0.050,,,,,251000000,0.680,270000000,0.544,,180000000,,10.27,,,,,,19708000000,13562000000,0.688,,13562000000,,,,,,,,,,,,true,false,3,2023-04-01,2023-06-30,0
2023-07-28,3648,2023-03-31,1,5094000000,-0.023,,,,,149000000,-0.515,175000000,-0.478,,112000000,,6.34,,,,,,,,,,,,,,,,,,,,,,true,false,3,2022-04-01,2022-06-30,-1
2023-07-28,3648,2024-03-31,1,10400000000,0.037,,,,,370000000,0.005,390000000,-0.011,,260000000,,14.73,,,,,,,,,,,,,,,,,,,,,,true,true,6,2023-04-01,2023-09-30,0
2023-07-28,3648,2024-03-31,1,22000000000,0.044,,,,,900000000,0.030,910000000,-0.001,,610000000,,34.55,,,,,,,,,,,,,,,,,,,,,,true,true,12,2023-04-01,2024-03-31,0
2023-07-28,3648,2023-03-31,1,,,,,,,,,,,,,,,,,,,,20123000000,13440000000,0.668,,13440000000,,,,,,,,,,,,true,false,12,2022-04-01,2023-03-31,-1
2023-07-28,3648,2023-03-31,1,,,,,,,,,,,,,,,,,,,,,,,,,,,,,11.00,,,,17845932,189290,,false,false,12,2022-04-01,2023-03-31,-1
2023-07-28,3648,2024-03-31,1,,,,,,,,,,,,,,,,,,,,,,,,,,,,,11.00,,,,,,,false,true,12,2023-04-01,2024-03-31,0
2023-07-28,3648,2024-03-31,1,,,,,,,,,,,,,,,,,,,,,,,,,,,,,,,,,17845932,306790,17591243,false,false,3,2023-04-01,2023-06-30,0
2023-07-28,3648,2023-03-31,1,,,,,,,,,,,,,,,,,,,,,,,,,,,,,,,,,,,17786242,false,false,3,2022-04-01,2022-06-30,-1
2023-10-30,3648,2024-03-31,2,10567000000,0.054,,,,,683000000,0.857,704000000,0.787,,468000000,,26.68,,,,,,20223000000,13799000000,0.682,,13799000000,,,,,,,,,,,,true,false,6,2023-04-01,2023-09-30,0
2023-10-30,3648,2023-03-31,2,10026000000,-0.037,,,,,368000000,-0.452,394000000,-0.434,,255000000,,14.34,,,,,,,,,,,,,,,,,,,,,,true,false,6,2022-04-01,2022-09-30,-1
2023-10-30,3648,2024-03-31,2,22000000000,0.044,,,,,1100000000,0.259,1110000000,0.219,,830000000,,47.28,,,,,,,,,,,,,,,,,,,,,,true,true,12,2023-04-01,2024-03-31,0
2023-10-30,3648,2023-03-31,2,,,,,,,,,,,,,,,,,,,,20123000000,13440000000,0.668,,13440000000,,,,,,,,,,,,true,false,12,2022-04-01,2023-03-31,-1
2023-10-30,3648,2023-03-31,2,,,,,,,,,,,,,,,,,,,,,,,,,,,,,11.00,,,,17845932,189290,,false,false,12,2022-04-01,2023-03-31,-1
2023-10-30,3648,2024-03-31,2,,,,,,,,,,,,,,,,,,,,,,,,,,,,,6.50,,,,,,,false,false,12,2023-04-01,2024-03-31,0
2023-10-30,3648,2024-03-31,2,,,,,,,,,,,,,,,,,,,,,,,,,,,,,13.00,,,,,,,false,true,12,2023-04-01,2024-03-31,0
2023-10-30,3648,2024-03-31,2,,,,,,,,,,,,,,,,,,,,,,,,,,,,,,,,,17588132,72590,17554220,false,false,6,2023-04-01,2023-09-30,0
2023-10-30,3648,2023-03-31,2,,,,,,,,,,,,,,,,,,,,,,,,,,,,,,,,,,,17789042,false,false,6,2022-04-01,2022-09-30,-1
2024-01-30,3648,2024-03-31,3,16248000000,0.078,,,,,1106000000,1.079,1127000000,0.996,,847000000,,48.60,,,,,,19284000000,13735000000,0.712,,13735000000,,,,,,,,,,,,true,false,9,2023-04-01,2023-12-31,0
2024-01-30,3648,2023-03-31,3,15072000000,-0.038,,,,,532000000,-0.387,565000000,-0.377,,366000000,,20.61,,,,,,,,,,,,,,,,,,,,,,true,false,9,2022-04-01,2022-12-31,-1
2024-01-30,3648,2024-03-31,3,22000000000,0.044,,,,,1100000000,0.259,1110000000,0.219,,830000000,,47.28,,,,,,,,,,,,,,,,,,,,,,true,true,12,2023-04-01,2024-03-31,0
2024-01-30,3648,2023-03-31,3,,,,,,,,,,,,,,,,,,,,20123000000,13440000000,0.668,,13440000000,,,,,,,,,,,,true,false,12,2022-04-01,2023-03-31,-1
2024-01-30,3648,2023-03-31,3,,,,,,,,,,,,,,,,,,,,,,,,,,,,,11.00,,,,17845932,189290,,false,false,12,2022-04-01,2023-03-31,-1
2024-01-30,3648,2024-03-31,3,,,,,,,,,,,,,,,,,,,,,,,,,,,,,6.50,,,,,,,false,false,12,2023-04-01,2024-03-31,0
2024-01-30,3648,2024-03-31,3,,,,,,,,,,,,,,,,,,,,,,,,,,,,,13.00,,,,,,,false,true,12,2023-04-01,2024-03-31,0
2024-01-30,3648,2024-03-31,3,,,,,,,,,,,,,,,,,,,,,,,,,,,,,,,,,17588132,541790,17444363,false,false,9,2023-04-01,2023-12-31,0
2024-01-30,3648,2023-03-31,3,,,,,,,,,,,,,,,,,,,,,,,,,,,,,,,,,,,17783151,false,false,9,2022-04-01,2022-12-31,-1
2024-05-13,3648,2024-03-31,,22092000000,0.049,,,,,1272000000,0.456,1286000000,0.412,,936000000,,54.02,,0.069,0.063,0.058,,20820000000,13852000000,0.665,815.71,13852000000,2505000000,-595000000,-1203000000,6335000000,,0.268,,,,,,true,false,12,2023-04-01,2024-03-31,0
2024-05-13,3648,2023-03-31,,21066000000,-0.006,,,,,873000000,-0.079,910000000,-0.072,,682000000,,38.42,,0.052,0.047,0.041,,20123000000,13440000000,0.668,761.23,13440000000,1711000000,-475000000,-756000000,5630000000,,0.286,,,,,,true,false,12,2022-04-01,2023-03-31,-1
2024-05-13,3648,2025-03-31,,10800000000,0.022,,,,,550000000,-0.195,570000000,-0.191,,390000000,,22.97,,,,,,,,,,,,,,,,,,,,,,true,true,6,2024-04-01,2024-09-30,1
2024-05-13,3648,2025-03-31,,23500000000,0.064,,,,,1350000000,0.061,1370000000,0.065,,930000000,,54.76,,,,,,,,,,,,,,,,0.292,,,,,,true,true,12,2024-04-01,2025-03-31,1
2024-05-13,3648,2023-03-31,,,,,,,,,,,,,,,,,,,,,,,,,,,,,,11.00,,,,17845932,189290,17762409,false,false,12,2022-04-01,2023-03-31,-1
2024-05-13,3648,2024-03-31,,,,,,,,,,,,,,,,,,,,,,,,,,,,,,14.50,,,,17588132,605990,17336741,false,false,12,2023-04-01,2024-03-31,0
2024-05-13,3648,2025-03-31,,,,,,,,,,,,,,,,,,,,,,,,,,,,,,16.00,,,,,,,false,true,12,2024-04-01,2025-03-31,1
2024-07-30,3648,2025-03-31,1,5088000000,0.052,,,,,138000000,-0.449,185000000,-0.315,,122000000,,7.20,,,,,,19777000000,13835000000,0.700,,13835000000,,,,,,,,,,,,true,false,3,2024-04-01,2024-06-30,0
2024-07-30,3648,2024-03-31,1,4838000000,-0.050,,,,,251000000,0.680,270000000,0.544,,180000000,,10.27,,,,,,,,,,,,,,,,,,,,,,true,false,3,2023-04-01,2023-06-30,-1
2024-07-30,3648,2025-03-31,1,10800000000,0.022,,,,,550000000,-0.195,570000000,-0.191,,390000000,,22.97,,,,,,,,,,,,,,,,,,,,,,true,true,6,2024-04-01,2024-09-30,0
2024-07-30,3648,2025-03-31,1,23500000000,0.064,,,,,1350000000,0.061,1370000000,0.065,,930000000,,54.76,,,,,,,,,,,,,,,,,,,,,,true,true,12,2024-04-01,2025-03-31,0
2024-07-30,3648,2024-03-31,1,,,,,,,,,,,,,,,,,,,,20820000000,13852000000,0.665,,13852000000,,,,,,,,,,,,true,false,12,2023-04-01,2024-03-31,-1
2024-07-30,3648,2024-03-31,1,,,,,,,,,,,,,,,,,,,,,,,,,,,,,14.50,,,,17588132,605990,,false,false,12,2023-04-01,2024-03-31,-1
2024-07-30,3648,2025-03-31,1,,,,,,,,,,,,,,,,,,,,,,,,,,,,,16.00,,,,,,,false,true,12,2024-04-01,2025-03-31,0
2024-07-30,3648,2025-03-31,1,,,,,,,,,,,,,,,,,,,,,,,,,,,,,,,,,17588132,643890,16957062,false,false,3,2024-04-01,2024-06-30,0
2024-07-30,3648,2024-03-31,1,,,,,,,,,,,,,,,,,,,,,,,,,,,,,,,,,,,17591243,false,false,3,2023-04-01,2023-06-30,-1
2024-10-30,3648,2025-03-31,2,10931000000,0.034,,,,,585000000,-0.143,622000000,-0.116,,408000000,,24.17,,,,,,19733000000,13949000000,0.707,,13949000000,,,,,,,,,,,,true,false,6,2024-04-01,2024-09-30,0
2024-10-30,3648,2024-03-31,2,10567000000,0.054,,,,,683000000,0.857,704000000,0.787,,468000000,,26.68,,,,,,,,,,,,,,,,,,,,,,true,false,6,2023-04-01,2023-09-30,-1
2024-10-30,3648,2025-03-31,2,23500000000,0.064,,,,,1350000000,0.061,1370000000,0.065,,930000000,,54.76,,,,,,,,,,,,,,,,,,,,,,true,true,12,2024-04-01,2025-03-31,0
2024-10-30,3648,2024-03-31,2,,,,,,,,,,,,,,,,,,,,20820000000,13852000000,0.665,,13852000000,,,,,,,,,,,,true,false,12,2023-04-01,2024-03-31,-1
2024-10-30,3648,2024-03-31,2,,,,,,,,,,,,,,,,,,,,,,,,,,,,,14.50,,,,17588132,605990,,false,false,12,2023-04-01,2024-03-31,-1
2024-10-30,3648,2025-03-31,2,,,,,,,,,,,,,,,,,,,,,,,,,,,,,8.00,,,,,,,false,false,12,2024-04-01,2025-03-31,0
2024-10-30,3648,2025-03-31,2,,,,,,,,,,,,,,,,,,,,,,,,,,,,,16.00,,,,,,,false,true,12,2024-04-01,2025-03-31,0
2024-10-30,3648,2025-03-31,2,,,,,,,,,,,,,,,,,,,,,,,,,,,,,,,,,17327932,494290,16911716,false,false,6,2024-04-01,2024-09-30,0
2024-10-30,3648,2024-03-31,2,,,,,,,,,,,,,,,,,,,,,,,,,,,,,,,,,,,17554220,false,false,6,2023-04-01,2023-09-30,-1
2025-01-29,3648,2025-03-31,3,17076000000,0.051,,,,,1087000000,-0.017,1138000000,0.009,,757000000,,44.88,,,,,,19976000000,14121000000,0.707,,14121000000,,,,,,,,,,,,true,false,9,2024-04-01,2024-12-31,0
2025-01-29,3648,2024-03-31,3,16248000000,0.078,,,,,1106000000,1.079,1127000000,0.996,,847000000,,48.60,,,,,,,,,,,,,,,,,,,,,,true,false,9,2023-04-01,2023-12-31,-1
2025-01-29,3648,2025-03-31,3,24500000000,0.109,,,,,1800000000,0.414,1840000000,0.430,,1220000000,,72.28,,,,,,,,,,,,,,,,,,,,,,true,true,12,2024-04-01,2025-03-31,0
2025-01-29,3648,2024-03-31,3,,,,,,,,,,,,,,,,,,,,20820000000,13852000000,0.665,,13852000000,,,,,,,,,,,,true,false,12,2023-04-01,2024-03-31,-1
2025-01-29,3648,2024-03-31,3,,,,,,,,,,,,,,,,,,,,,,,,,,,,,14.50,,,,17588132,605990,,false,false,12,2023-04-01,2024-03-31,-1
2025-01-29,3648,2025-03-31,3,,,,,,,,,,,,,,,,,,,,,,,,,,,,,8.00,,,,,,,false,false,12,2024-04-01,2025-03-31,0
2025-01-29,3648,2025-03-31,3,,,,,,,,,,,,,,,,,,,,,,,,,,,,,16.00,,,,,,,false,true,12,2024-04-01,2025-03-31,0
2025-01-29,3648,2025-03-31,3,,,,,,,,,,,,,,,,,,,,,,,,,,,,,,,,,17327932,551190,16878594,false,false,9,2024-04-01,2024-12-31,0
2025-01-29,3648,2024-03-31,3,,,,,,,,,,,,,,,,,,,,,,,,,,,,,,,,,,,17444363,false,false,9,2023-04-01,2023-12-31,-1
,36480,2025-03-31,,,,,,,,,,,,,,,,,,,,,,,,,,,,,,24.00,,,,,,,false,true,12,2024-04-01,2025-03-31,0
,36480,2025-03-31,,,,,,,,,,,,,,,,,,,,,,,,,,,,,,8.00,,,,,,,false,false,12,2024-04-01,2025-03-31,0
,36480,2024-03-31,,,,,,,,,,,,,,,,,,,,,,,,,,,,,,14.50,,,,,,,false,false,12,2023-04-01,2024-03-31,-1
2025-05-14,3648,2025-03-31,,24862000000,0.125,,,,,1849000000,0.454,1900000000,0.477,,1379000000,,81.89,,0.097,0.090,0.074,,21576000000,14661000000,0.680,877.00,14661000000,742000000,-608000000,-1033000000,5435000000,,0.293,,,,,,true,false,12,2024-04-01,2025-03-31,0
2025-05-14,3648,2024-03-31,,22092000000,0.049,,,,,1272000000,0.456,1286000000,0.412,,936000000,,54.02,,0.069,0.063,0.058,,20820000000,13852000000,0.665,815.71,13852000000,2505000000,-595000000,-1203000000,6335000000,,0.268,,,,,,true,false,12,2023-04-01,2024-03-31,-1
2025-05-14,3648,2026-03-31,,12900000000,0.180,,,,,840000000,0.435,870000000,0.397,,570000000,,34.10,,,,,,,,,,,,,,,,,,,,,,true,true,6,2025-04-01,2025-09-30,1
2025-05-14,3648,2026-03-31,,26800000000,0.078,,,,,2050000000,0.108,2090000000,0.100,,1460000000,,87.33,,,,,,,,,,,,,,,,0.321,,,,,,true,true,12,2025-04-01,2026-03-31,1
2025-05-14,3648,2024-03-31,,,,,,,,,,,,,,,,,,,,,,,,,,,,,,14.50,,,,17588132,605990,17336741,false,false,12,2023-04-01,2024-03-31,-1
2025-05-14,3648,2025-03-31,,,,,,,,,,,,,,,,,,,,,,,,,,,,,,24.00,,,,17327932,610090,16845325,false,false,12,2024-04-01,2025-03-31,0
2025-05-14,3648,2026-03-31,,,,,,,,,,,,,,,,,,,,,,,,,,,,,,28.00,,,,,,,false,true,12,2025-04-01,2026-03-31,1
2025-05-14,36480,2025-03-31,,19410000000,0.146,,,,,1392000000,0.711,1739000000,0.596,1357000000,,0.502,80.59,,,,,,,,,,,,,,,,,,,,,,false,true,12,2024-04-01,2025-03-31,0
2025-07-30,3648,2026-03-31,1,6011000000,0.181,,,,,477000000,2.446,510000000,1.755,,344000000,,20.59,,,,,,20645000000,14821000000,0.718,,14821000000,,,,,,,,,,,,true,false,3,2025-04-01,2025-06-30,0
2025-07-30,3648,2025-03-31,1,5088000000,0.052,,,,,138000000,-0.449,185000000,-0.315,,122000000,,7.20,,,,,,,,,,,,,,,,,,,,,,true,false,3,2024-04-01,2024-06-30,-1
2025-07-30,3648,2026-03-31,1,12900000000,0.180,,,,,840000000,0.435,870000000,0.397,,570000000,,34.10,,,,,,,,,,,,,,,,,,,,,,true,true,6,2025-04-01,2025-09-30,0
2025-07-30,3648,2026-03-31,1,26800000000,0.078,,,,,2050000000,0.108,2090000000,0.100,,1460000000,,87.33,,,,,,,,,,,,,,,,,,,,,,true,true,12,2025-04-01,2026-03-31,0
2025-07-30,3648,2025-03-31,1,,,,,,,,,,,,,,,,,,,,21576000000,14661000000,0.680,,14661000000,,,,,,,,,,,,true,false,12,2024-04-01,2025-03-31,-1
2025-07-30,3648,2025-03-31,1,,,,,,,,,,,,,,,,,,,,,,,,,,,,,24.00,,,,17327932,610090,,false,false,12,2024-04-01,2025-03-31,-1
2025-07-30,3648,2026-03-31,1,,,,,,,,,,,,,,,,,,,,,,,,,,,,,28.00,,,,,,,false,true,12,2025-04-01,2026-03-31,0
2025-07-30,3648,2026-03-31,1,,,,,,,,,,,,,,,,,,,,,,,,,,,,,,,,,17208732,494290,16714529,false,false,3,2025-04-01,2025-06-30,0
2025-07-30,3648,2025-03-31,1,,,,,,,,,,,,,,,,,,,,,,,,,,,,,,,,,,,16957062,false,false,3,2024-04-01,2024-06-30,-1
