filing_date,code,fiscal_year_end,quarterly_period,net_sales,net_sales_change,revenue,revenue_change,operating_revenue,operating_revenue_change,operating_profit,operating_profit_change,ordinary_profit,ordinary_profit_change,net_income,net_income_of_parent,net_income_change,eps,diluted_eps,roe,roa,operating_profit_to_net_sales,operating_profit_to_revenue,total_assets,net_assets,equity_ratio,bps,owner_equity,operating_cash_flow,investing_cash_flow,financing_cash_flow,cash,dividend_per_share,payout_ratio,commemorative_dividend,extra_dividend,number_of_shares,number_of_treqsury_shares,avg_number_of_shares,is_consolidated,is_forecast,duration,period_start,period_end,period_pos
2015-07-29,37440,2015-12-31,2,4392000000,0.205,,,,,-55000000,,-33000000,,-54000000,,,-6.31,,,,,,3728000000,1696000000,0.438,,1634000000,,,,,,,,,,,,true,false,6,2015-01-01,2015-06-30,0
2015-07-29,37440,2014-12-31,2,3645000000,0.112,,,,,53000000,-0.636,60000000,-0.613,4000000,,-0.964,0.47,,,,,,,,,,,,,,,,,,,,,,true,false,6,2014-01-01,2014-06-30,-1
2015-07-29,37440,2015-12-31,2,8800000000,0.194,,,,,-300000000,,-300000000,,-330000000,,,-38.39,,,,,,,,,,,,,,,,,,,,,,true,true,12,2015-01-01,2015-12-31,0
2015-07-29,37440,2014-12-31,2,,,,,,,,,,,,,,,,,,,,3651000000,1733000000,0.471,,1720000000,,,,,,,,,,,,true,false,12,2014-01-01,2014-12-31,-1
2015-07-29,37440,2014-12-31,2,,,,,,,,,,,,,,,,,,,,,,,,,,,,,5.00,,,,8874400,281641,,false,false,12,2014-01-01,2014-12-31,-1
2015-07-29,37440,2015-12-31,2,,,,,,,,,,,,,,,,,,,,,,,,,,,,,0.00,,,,,,,false,false,12,2015-01-01,2015-12-31,0
2015-07-29,37440,2015-12-31,2,,,,,,,,,,,,,,,,,,,,,,,,,,,,,0.00,,,,,,,false,true,12,2015-01-01,2015-12-31,0
2015-07-29,37440,2015-12-31,2,,,,,,,,,,,,,,,,,,,,,,,,,,,,,,,,,8874400,274241,8597058,false,false,6,2015-01-01,2015-06-30,0
2015-07-29,37440,2014-12-31,2,,,,,,,,,,,,,,,,,,,,,,,,,,,,,,,,,,,8789836,false,false,6,2014-01-01,2014-06-30,-1
2015-10-29,37440,2015-12-31,3,6877000000,0.271,,,,,-101000000,,-98000000,,-135000000,,,-15.72,,,,,,3733000000,1610000000,0.413,,1543000000,,,,,,,,,,,,true,false,9,2015-01-01,2015-09-30,0
2015-10-29,37440,2014-12-31,3,5411000000,0.100,,,,,55000000,-0.694,67000000,-0.656,-1000000,,,-0.22,,,,,,,,,,,,,,,,,,,,,,true,false,9,2014-01-01,2014-09-30,-1
2015-10-29,37440,2015-12-31,3,8800000000,0.194,,,,,-300000000,,-300000000,,-330000000,,,-38.38,,,,,,,,,,,,,,,,,,,,,,true,true,12,2015-01-01,2015-12-31,0
2015-10-29,37440,2014-12-31,3,,,,,,,,,,,,,,,,,,,,3651000000,1733000000,0.471,,1720000000,,,,,,,,,,,,true,false,12,2014-01-01,2014-12-31,-1
2015-10-29,37440,2014-12-31,3,,,,,,,,,,,,,,,,,,,,,,,,,,,,,5.00,,,,8874400,281641,,false,false,12,2014-01-01,2014-12-31,-1
2015-10-29,37440,2015-12-31,3,,,,,,,,,,,,,,,,,,,,,,,,,,,,,0.00,,,,,,,false,false,12,2015-01-01,2015-12-31,0
2015-10-29,37440,2015-12-31,3,,,,,,,,,,,,,,,,,,,,,,,,,,,,,0.00,,,,,,,false,true,12,2015-01-01,2015-12-31,0
2015-10-29,37440,2015-12-31,3,,,,,,,,,,,,,,,,,,,,,,,,,,,,,,,,,8874400,274241,8598103,false,false,9,2015-01-01,2015-09-30,0
2015-10-29,37440,2014-12-31,3,,,,,,,,,,,,,,,,,,,,,,,,,,,,,,,,,,,8791205,false,false,9,2014-01-01,2014-09-30,-1
2016-01-29,37440,2015-12-31,,9362000000,0.064,,,,,-111000000,,-127000000,,-179000000,,,-20.82,,,,,,,,,,,,,,,,,,,,,,true,true,12,2015-01-01,2015-12-31,0
2016-01-29,37440,2014-12-31,,7367000000,,,,,,65000000,,81000000,,39000000,,,4.48,,,,,,,,,,,,,,,,,,,,,,true,false,12,2014-01-01,2014-12-31,-1
2016-02-02,37440,2015-12-31,,9362000000,0.271,,,,,-111000000,,-127000000,,-179000000,,,-20.82,,-0.111,-0.027,-0.012,,5642000000,1539000000,0.266,174.66,1502000000,168000000,-996000000,988000000,2045000000,,,,,,,,true,false,12,2015-01-01,2015-12-31,0
2016-02-02,37440,2014-12-31,,7367000000,0.112,,,,,65000000,-0.734,81000000,-0.693,39000000,,-0.645,4.48,3.37,0.023,0.024,0.009,,3651000000,1733000000,0.471,200.26,1720000000,401000000,-223000000,-145000000,1882000000,,1.116,,,,,,true,false,12,2014-01-01,2014-12-31,-1
2016-02-02,37440,2016-12-31,,10500000000,0.121,,,,,140000000,,100000000,,,50000000,,5.82,,,,,,,,,,,,,,,,,,,,,,true,true,12,2016-01-01,2016-12-31,1
2016-02-02,37440,2015-12-31,,6990000000,0.117,,,,,-63000000,,-52000000,,-102000000,,,-11.96,,,,,,4756000000,1901000000,0.399,220.68,1897000000,,,,,0.00,,,,8874400,274241,8598621,false,false,12,2015-01-01,2015-12-31,0
2016-02-02,37440,2014-12-31,,6256000000,0.150,,,,,156000000,-0.003,298000000,0.148,150000000,,,17.10,17.08,,,,,3553000000,2045000000,0.574,237.53,2041000000,,,,,5.00,,,,8874400,281641,8773147,false,false,12,2014-01-01,2014-12-31,-1
2016-02-02,37440,2016-12-31,,,,,,,,,,,,,,,,,,,,,,,,,,,,,,0.00,,,,,,,false,true,12,2016-01-01,2016-12-31,1
2015-10-29,37440,2015-12-31,3,6877000000,0.275,,,,,-101000000,,-106000000,,-139000000,,,-16.28,,,,,,3733000000,1486000000,0.380,,1420000000,,,,,,,,,,,,true,false,9,2015-01-01,2015-09-30,0
2015-10-29,37440,2014-12-31,3,5393000000,0.109,,,,,45000000,-0.719,49000000,-0.707,-20000000,,,-2.38,,,,,,,,,,,,,,,,,,,,,,true,false,9,2014-01-01,2014-09-30,-1
2015-10-29,37440,2015-12-31,3,8800000000,0.197,,,,,-300000000,,-300000000,,-330000000,,,-38.38,,,,,,,,,,,,,,,,,,,,,,true,true,12,2015-01-01,2015-12-31,0
2015-10-29,37440,2014-12-31,3,,,,,,,,,,,,,,,,,,,,3651000000,1615000000,0.439,,1602000000,,,,,,,,,,,,true,false,12,2014-01-01,2014-12-31,-1
2015-10-29,37440,2014-12-31,3,,,,,,,,,,,,,,,,,,,,,,,,,,,,,5.00,,,,8874400,281641,,false,false,12,2014-01-01,2014-12-31,-1
2015-10-29,37440,2015-12-31,3,,,,,,,,,,,,,,,,,,,,,,,,,,,,,0.00,,,,,,,false,false,12,2015-01-01,2015-12-31,0
2015-10-29,37440,2015-12-31,3,,,,,,,,,,,,,,,,,,,,,,,,,,,,,0.00,,,,,,,false,true,12,2015-01-01,2015-12-31,0
2015-10-29,37440,2015-12-31,3,,,,,,,,,,,,,,,,,,,,,,,,,,,,,,,,,8874400,274241,8598103,false,false,9,2015-01-01,2015-09-30,0
2015-10-29,37440,2014-12-31,3,,,,,,,,,,,,,,,,,,,,,,,,,,,,,,,,,,,8791205,false,false,9,2014-01-01,2014-09-30,-1
2015-04-28,37440,2015-12-31,1,2099000000,0.106,,,,,25000000,-0.712,31000000,-0.662,-29000000,,,-3.47,,,,,,3650000000,1541000000,0.419,,1528000000,,,,,,,,,,,,true,false,3,2015-01-01,2015-03-31,0
2015-04-28,37440,2014-12-31,1,1898000000,0.066,,,,,90000000,0.030,92000000,0.015,40000000,,-0.339,4.64,3.41,,,,,,,,,,,,,,,,,,,,,true,false,3,2014-01-01,2014-03-31,-1
2015-04-28,37440,2015-12-31,1,8800000000,0.197,,,,,-300000000,,-300000000,,-330000000,,,-38.40,,,,,,,,,,,,,,,,,,,,,,true,true,12,2015-01-01,2015-12-31,0
2015-04-28,37440,2014-12-31,1,,,,,,,,,,,,,,,,,,,,3651000000,1615000000,0.439,,1602000000,,,,,,,,,,,,true,false,12,2014-01-01,2014-12-31,-1
2015-04-28,37440,2014-12-31,1,,,,,,,,,,,,,,,,,,,,,,,,,,,,,5.00,,,,8874400,281641,,false,false,12,2014-01-01,2014-12-31,-1
2015-04-28,37440,2015-12-31,1,,,,,,,,,,,,,,,,,,,,,,,,,,,,,0.00,,,,,,,false,true,12,2015-01-01,2015-12-31,0
2015-04-28,37440,2015-12-31,1,,,,,,,,,,,,,,,,,,,,,,,,,,,,,,,,,8874400,274241,8593923,false,false,3,2015-01-01,2015-03-31,0
2015-04-28,37440,2014-12-31,1,,,,,,,,,,,,,,,,,,,,,,,,,,,,,,,,,,,8789727,false,false,3,2014-01-01,2014-03-31,-1
2015-07-29,37440,2015-12-31,2,4392000000,0.211,,,,,-55000000,,-38000000,,-59000000,,,-6.90,,,,,,3728000000,1572000000,0.405,,1511000000,,,,,,,,,,,,true,false,6,2015-01-01,2015-06-30,0
2015-07-29,37440,2014-12-31,2,3626000000,0.124,,,,,43000000,-0.664,46000000,-0.661,-10000000,,,-1.25,,,,,,,,,,,,,,,,,,,,,,true,false,6,2014-01-01,2014-06-30,-1
2015-07-29,37440,2015-12-31,2,8800000000,0.197,,,,,-300000000,,-300000000,,-330000000,,,-38.39,,,,,,,,,,,,,,,,,,,,,,true,true,12,2015-01-01,2015-12-31,0
2015-07-29,37440,2014-12-31,2,,,,,,,,,,,,,,,,,,,,3651000000,1615000000,0.439,,1602000000,,,,,,,,,,,,true,false,12,2014-01-01,2014-12-31,-1
2015-07-29,37440,2014-12-31,2,,,,,,,,,,,,,,,,,,,,,,,,,,,,,5.00,,,,8874400,281641,,false,false,12,2014-01-01,2014-12-31,-1
2015-07-29,37440,2015-12-31,2,,,,,,,,,,,,,,,,,,,,,,,,,,,,,0.00,,,,,,,false,false,12,2015-01-01,2015-12-31,0
2015-07-29,37440,2015-12-31,2,,,,,,,,,,,,,,,,,,,,,,,,,,,,,0.00,,,,,,,false,true,12,2015-01-01,2015-12-31,0
2015-07-29,37440,2015-12-31,2,,,,,,,,,,,,,,,,,,,,,,,,,,,,,,,,,8874400,274241,8597058,false,false,6,2015-01-01,2015-06-30,0
2015-07-29,37440,2014-12-31,2,,,,,,,,,,,,,,,,,,,,,,,,,,,,,,,,,,,8789836,false,false,6,2014-01-01,2014-06-30,-1
2016-02-02,37440,2015-12-31,,9362000000,0.274,,,,,-111000000,,-137000000,,-186000000,,,-21.67,,,,-0.012,,5642000000,1414000000,0.244,160.02,1376000000,168000000,-996000000,988000000,2045000000,,,,,,,,true,false,12,2015-01-01,2015-12-31,0
2016-02-02,37440,2014-12-31,,7349000000,0.119,,,,,55000000,-0.756,61000000,-0.742,16000000,,-0.833,1.89,0.79,0.010,0.018,0.008,,3651000000,1615000000,0.439,186.46,1602000000,401000000,-223000000,-145000000,1882000000,,2.647,,,,,,true,false,12,2014-01-01,2014-12-31,-1
2016-02-02,37440,2016-12-31,,10500000000,0.121,,,,,140000000,,100000000,,,50000000,,5.82,,,,,,,,,,,,,,,,,,,,,,true,true,12,2016-01-01,2016-12-31,1
2016-02-02,37440,2015-12-31,,6990000000,0.117,,,,,-63000000,,-52000000,,-109000000,,,-12.73,,,,,,4752000000,1776000000,0.373,206.12,1772000000,,,,,0.00,,,,8874400,274241,8598621,false,false,12,2015-01-01,2015-12-31,0
2016-02-02,37440,2014-12-31,,6256000000,0.150,,,,,156000000,-0.003,298000000,0.148,151000000,,1.251,17.30,17.28,,,,,3549000000,1926000000,0.542,223.73,1922000000,,,,,5.00,,,,8874400,281641,8773147,false,false,12,2014-01-01,2014-12-31,-1
2016-02-02,37440,2016-12-31,,,,,,,,,,,,,,,,,,,,,,,,,,,,,,0.00,,,,,,,false,true,12,2016-01-01,2016-12-31,1
2016-06-16,37440,2016-12-31,1,3281000000,0.563,,,,,223000000,7.601,207000000,5.627,,129000000,,15.09,15.08,,,,,5552000000,1474000000,0.262,,1452000000,,,,,,,,,,,,true,false,3,2016-01-01,2016-03-31,0
2016-06-16,37440,2015-12-31,1,2099000000,0.106,,,,,25000000,-0.712,31000000,-0.662,,-29000000,,-3.47,,,,,,,,,,,,,,,,,,,,,,true,false,3,2015-01-01,2015-03-31,-1
2016-06-16,37440,2016-12-31,1,10500000000,0.121,,,,,140000000,,100000000,,,50000000,,5.81,,,,,,,,,,,,,,,,,,,,,,true,true,12,2016-01-01,2016-12-31,0
2016-06-16,37440,2015-12-31,1,,,,,,,,,,,,,,,,,,,,5642000000,1414000000,0.244,,1376000000,,,,,,,,,,,,true,false,12,2015-01-01,2015-12-31,-1
2016-06-16,37440,2015-12-31,1,,,,,,,,,,,,,,,,,,,,,,,,,,,,,0.00,,,,8874400,274241,,false,false,12,2015-01-01,2015-12-31,-1
2016-06-16,37440,2016-12-31,1,,,,,,,,,,,,,,,,,,,,,,,,,,,,,0.00,,,,,,,false,true,12,2016-01-01,2016-12-31,0
2016-06-16,37440,2016-12-31,1,,,,,,,,,,,,,,,,,,,,,,,,,,,,,,,,,8874400,274241,8600159,false,false,3,2016-01-01,2016-03-31,0
2016-06-16,37440,2015-12-31,1,,,,,,,,,,,,,,,,,,,,,,,,,,,,,,,,,,,8593923,false,false,3,2015-01-01,2015-03-31,-1
2016-07-29,37440,2016-12-31,2,6238000000,0.420,,,,,330000000,,292000000,,,88000000,,10.34,10.32,,,,,5597000000,1392000000,0.245,,1370000000,,,,,,,,,,,,true,false,6,2016-01-01,2016-06-30,0
2016-07-29,37440,2015-12-31,2,4392000000,0.211,,,,,-55000000,,-38000000,,,-59000000,,-6.90,,,,,,,,,,,,,,,,,,,,,,true,false,6,2015-01-01,2015-06-30,-1
2016-07-29,37440,2016-12-31,2,11500000000,0.228,,,,,370000000,,310000000,,,100000000,,11.62,,,,,,,,,,,,,,,,,,,,,,true,true,12,2016-01-01,2016-12-31,0
2016-07-29,37440,2015-12-31,2,,,,,,,,,,,,,,,,,,,,5642000000,1414000000,0.244,,1376000000,,,,,,,,,,,,true,false,12,2015-01-01,2015-12-31,-1
2016-07-29,37440,2015-12-31,2,,,,,,,,,,,,,,,,,,,,,,,,,,,,,0.00,,,,8874400,274241,,false,false,12,2015-01-01,2015-12-31,-1
2016-07-29,37440,2016-12-31,2,,,,,,,,,,,,,,,,,,,,,,,,,,,,,0.00,,,,,,,false,false,12,2016-01-01,2016-12-31,0
2016-07-29,37440,2016-12-31,2,,,,,,,,,,,,,,,,,,,,,,,,,,,,,0.00,,,,,,,false,true,12,2016-01-01,2016-12-31,0
2016-07-29,37440,2016-12-31,2,,,,,,,,,,,,,,,,,,,,,,,,,,,,,,,,,8874400,260841,8605613,false,false,6,2016-01-01,2016-06-30,0
2016-07-29,37440,2015-12-31,2,,,,,,,,,,,,,,,,,,,,,,,,,,,,,,,,,,,8597058,false,false,6,2015-01-01,2015-06-30,-1
2016-10-31,37440,2016-12-31,3,9181000000,0.335,,,,,426000000,,367000000,,,160000000,,18.65,18.62,,,,,5210000000,1457000000,0.275,,1434000000,,,,,,,,,,,,true,false,9,2016-01-01,2016-09-30,0
2016-10-31,37440,2015-12-31,3,6877000000,0.275,,,,,-101000000,,-106000000,,,-139000000,,-16.28,,,,,,,,,,,,,,,,,,,,,,true,false,9,2015-01-01,2015-09-30,-1
2016-10-31,37440,2016-12-31,3,11500000000,0.228,,,,,370000000,,310000000,,,100000000,,11.62,,,,,,,,,,,,,,,,,,,,,,true,true,12,2016-01-01,2016-12-31,0
2016-10-31,37440,2015-12-31,3,,,,,,,,,,,,,,,,,,,,5642000000,1414000000,0.244,,1376000000,,,,,,,,,,,,true,false,12,2015-01-01,2015-12-31,-1
2016-10-31,37440,2015-12-31,3,,,,,,,,,,,,,,,,,,,,,,,,,,,,,0.00,,,,8874400,274241,,false,false,12,2015-01-01,2015-12-31,-1
2016-10-31,37440,2016-12-31,3,,,,,,,,,,,,,,,,,,,,,,,,,,,,,0.00,,,,,,,false,false,12,2016-01-01,2016-12-31,0
2016-10-31,37440,2016-12-31,3,,,,,,,,,,,,,,,,,,,,,,,,,,,,,0.00,,,,,,,false,true,12,2016-01-01,2016-12-31,0
2016-10-31,37440,2016-12-31,3,,,,,,,,,,,,,,,,,,,,,,,,,,,,,,,,,8874400,260041,8608538,false,false,9,2016-01-01,2016-09-30,0
2016-10-31,37440,2015-12-31,3,,,,,,,,,,,,,,,,,,,,,,,,,,,,,,,,,,,8598103,false,false,9,2015-01-01,2015-09-30,-1
2017-01-31,37440,2016-12-31,,12080000000,0.050,,,,,474000000,0.283,389000000,0.258,,254000000,,29.56,,,,,,,,,,,,,,,,,,,,,,true,true,12,2016-01-01,2016-12-31,0
2017-01-31,37440,2015-12-31,,9362000000,,,,,,-111000000,,-137000000,,,-186000000,,-21.67,,,,,,,,,,,,,,,,,,,,,,true,false,12,2015-01-01,2015-12-31,-1
2017-02-02,37440,2016-12-31,,12080000000,0.290,,,,,474000000,,389000000,,,254000000,,29.56,29.52,0.170,0.072,0.039,,5256000000,1647000000,0.308,188.00,1619000000,311000000,-123000000,-414000000,1793000000,,,,,,,,true,false,12,2016-01-01,2016-12-31,0
2017-02-02,37440,2015-12-31,,9362000000,0.274,,,,,-111000000,,-137000000,,,-186000000,,-21.67,,-0.125,-0.030,-0.012,,5642000000,1414000000,0.244,160.02,1376000000,168000000,-996000000,988000000,2045000000,,,,,,,,true,false,12,2015-01-01,2015-12-31,-1
2017-02-02,37440,2017-12-31,,12600000000,0.043,,,,,500000000,0.054,480000000,0.231,,320000000,,37.15,,,,,,,,,,,,,,,,0.135,,,,,,true,true,12,2017-01-01,2017-12-31,1
2017-02-02,37440,2016-12-31,,7950000000,0.137,,,,,235000000,,288000000,,-7000000,,,-0.83,,,,,,4629000000,1789000000,0.386,207.51,1787000000,,,,,0.00,,,,8874400,260041,8609398,false,false,12,2016-01-01,2016-12-31,0
2017-02-02,37440,2015-12-31,,6990000000,0.117,,,,,-63000000,,-52000000,,-109000000,,,-12.73,,,,,,4752000000,1776000000,0.373,206.12,1772000000,,,,,0.00,,,,8874400,274241,8598621,false,false,12,2015-01-01,2015-12-31,-1
2017-02-02,37440,2017-12-31,,,,,,,,,,,,,,,,,,,,,,,,,,,,,,5.00,,,,,,,false,true,12,2017-01-01,2017-12-31,1
2017-04-28,37440,2017-12-31,1,3321000000,0.012,,,,,121000000,-0.457,126000000,-0.390,,59000000,,6.89,6.86,,,,,5580000000,1680000000,0.296,,1652000000,,,,,,,,,,,,true,false,3,2017-01-01,2017-03-31,0
2017-04-28,37440,2016-12-31,1,3281000000,0.563,,,,,223000000,7.601,207000000,5.627,,129000000,,15.09,15.08,,,,,,,,,,,,,,,,,,,,,true,false,3,2016-01-01,2016-03-31,-1
2017-04-28,37440,2017-12-31,1,12600000000,0.043,,,,,500000000,0.054,480000000,0.231,,320000000,,37.14,,,,,,,,,,,,,,,,,,,,,,true,true,12,2017-01-01,2017-12-31,0
2017-04-28,37440,2016-12-31,1,,,,,,,,,,,,,,,,,,,,5256000000,1647000000,0.308,,1619000000,,,,,,,,,,,,true,false,12,2016-01-01,2016-12-31,-1
2017-04-28,37440,2016-12-31,1,,,,,,,,,,,,,,,,,,,,,,,,,,,,,0.00,,,,8874400,260041,,false,false,12,2016-01-01,2016-12-31,-1
2017-04-28,37440,2017-12-31,1,,,,,,,,,,,,,,,,,,,,,,,,,,,,,5.00,,,,,,,false,true,12,2017-01-01,2017-12-31,0
2017-04-28,37440,2017-12-31,1,,,,,,,,,,,,,,,,,,,,,,,,,,,,,,,,,8874400,259241,8615159,false,false,3,2017-01-01,2017-03-31,0
2017-04-28,37440,2016-12-31,1,,,,,,,,,,,,,,,,,,,,,,,,,,,,,,,,,,,8600159,false,false,3,2016-01-01,2016-03-31,-1
2017-07-31,37440,2017-12-31,2,6226000000,-0.002,,,,,173000000,-0.475,184000000,-0.370,,89000000,,10.43,10.39,,,,,5537000000,1719000000,0.305,,1689000000,,,,,,,,,,,,true,false,6,2017-01-01,2017-06-30,0
2017-07-31,37440,2016-12-31,2,6238000000,0.420,,,,,330000000,,292000000,,,88000000,,10.34,10.32,,,,,,,,,,,,,,,,,,,,,true,false,6,2016-01-01,2016-06-30,-1
2017-07-31,37440,2017-12-31,2,12600000000,0.043,,,,,500000000,0.054,480000000,0.231,,320000000,,37.11,,,,,,,,,,,,,,,,,,,,,,true,true,12,2017-01-01,2017-12-31,0
2017-07-31,37440,2016-12-31,2,,,,,,,,,,,,,,,,,,,,5256000000,1647000000,0.308,,1619000000,,,,,,,,,,,,true,false,12,2016-01-01,2016-12-31,-1
2017-07-31,37440,2016-12-31,2,,,,,,,,,,,,,,,,,,,,,,,,,,,,,0.00,,,,8874400,260041,,false,false,12,2016-01-01,2016-12-31,-1
2017-07-31,37440,2017-12-31,2,,,,,,,,,,,,,,,,,,,,,,,,,,,,,0.00,,,,,,,false,false,12,2017-01-01,2017-12-31,0
2017-07-31,37440,2017-12-31,2,,,,,,,,,,,,,,,,,,,,,,,,,,,,,5.00,,,,,,,false,true,12,2017-01-01,2017-12-31,0
2017-07-31,37440,2017-12-31,2,,,,,,,,,,,,,,,,,,,,,,,,,,,,,,,,,8874400,250241,8624159,false,false,6,2017-01-01,2017-06-30,0
2017-07-31,37440,2016-12-31,2,,,,,,,,,,,,,,,,,,,,,,,,,,,,,,,,,,,8605613,false,false,6,2016-01-01,2016-06-30,-1
2017-10-31,37440,2017-12-31,3,9283000000,0.011,,,,,184000000,-0.569,194000000,-0.469,,79000000,,9.18,9.14,,,,,5654000000,1713000000,0.297,,1681000000,,,,,,,,,,,,true,false,9,2017-01-01,2017-09-30,0
2017-10-31,37440,2016-12-31,3,9181000000,0.335,,,,,426000000,,367000000,,,160000000,,18.65,18.62,,,,,,,,,,,,,,,,,,,,,true,false,9,2016-01-01,2016-09-30,-1
2017-10-31,37440,2017-12-31,3,12600000000,0.043,,,,,500000000,0.054,480000000,0.231,,320000000,,37.12,,,,,,,,,,,,,,,,,,,,,,true,true,12,2017-01-01,2017-12-31,0
2017-10-31,37440,2016-12-31,3,,,,,,,,,,,,,,,,,,,,5256000000,1647000000,0.308,,1619000000,,,,,,,,,,,,true,false,12,2016-01-01,2016-12-31,-1
2017-10-31,37440,2016-12-31,3,,,,,,,,,,,,,,,,,,,,,,,,,,,,,0.00,,,,8874400,260041,,false,false,12,2016-01-01,2016-12-31,-1
2017-10-31,37440,2017-12-31,3,,,,,,,,,,,,,,,,,,,,,,,,,,,,,0.00,,,,,,,false,false,12,2017-01-01,2017-12-31,0
2017-10-31,37440,2017-12-31,3,,,,,,,,,,,,,,,,,,,,,,,,,,,,,5.00,,,,,,,false,true,12,2017-01-01,2017-12-31,0
2017-10-31,37440,2017-12-31,3,,,,,,,,,,,,,,,,,,,,,,,,,,,,,,,,,8874400,250241,8620334,false,false,9,2017-01-01,2017-09-30,0
2017-10-31,37440,2016-12-31,3,,,,,,,,,,,,,,,,,,,,,,,,,,,,,,,,,,,8608538,false,false,9,2016-01-01,2016-09-30,-1
2017-12-22,37440,2017-12-31,,12450000000,-0.011,,,,,300000000,-0.400,310000000,-0.354,,-700000000,,-81.20,,,,,,,,,,,,,,,,,,,,,,true,true,12,2017-01-01,2017-12-31,0
2017-12-22,37440,2016-12-31,,12080000000,,,,,,474000000,,389000000,,,254000000,,29.56,,,,,,,,,,,,,,,,,,,,,,true,false,12,2016-01-01,2016-12-31,-1
2017-12-22,37440,2017-12-31,,,,,,,,,,,,,,,,,,,,,,,,,,,,,,0.00,,,,,,,false,true,12,2017-01-01,2017-12-31,0
2017-12-22,37440,2017-12-31,,,,,,,,,,,,,,,,,,,,,,,,,,,,,,0.00,,,,,,,false,false,12,2017-01-01,2017-12-31,0
2017-12-22,37440,2016-12-31,,,,,,,,,,,,,,,,,,,,,,,,,,,,,,0.00,,,,,,,false,false,12,2016-01-01,2016-12-31,-1
2018-02-05,37440,2017-12-31,,12470000000,0.032,,,,,320000000,-0.324,326000000,-0.163,,-587000000,,-68.11,,-0.441,0.065,0.026,,4849000000,1076000000,0.215,120.94,1043000000,640000000,-26000000,-109000000,2249000000,,,,,,,,true,false,12,2017-01-01,2017-12-31,0
2018-02-05,37440,2016-12-31,,12080000000,0.290,,,,,474000000,,389000000,,,254000000,,29.56,29.52,0.170,0.072,0.039,,5256000000,1647000000,0.308,188.00,1619000000,311000000,-123000000,-414000000,1793000000,,,,,,,,true,false,12,2016-01-01,2016-12-31,-1
2018-02-05,37440,2018-12-31,,13000000000,0.042,,,,,330000000,0.028,330000000,0.011,,260000000,,30.13,,,,,,,,,,,,,,,,,,,,,,true,true,12,2018-01-01,2018-12-31,1
2018-02-05,37440,2017-12-31,,6896000000,-0.138,,,,,328000000,0.140,321000000,0.115,-614000000,,,-71.26,,,,,,2786000000,1207000000,0.433,139.87,1206000000,,,,,0.00,,,,8874400,246541,8621643,false,false,12,2017-01-01,2017-12-31,0
2018-02-05,37440,2016-12-31,,8003000000,0.144,,,,,288000000,,288000000,,-7000000,,,-0.83,,,,,,4629000000,1789000000,0.386,207.51,1787000000,,,,,0.00,,,,8874400,260041,8609398,false,false,12,2016-01-01,2016-12-31,-1
2018-02-05,37440,2018-12-31,,,,,,,,,,,,,,,,,,,,,,,,,,,,,,0.00,,,,,,,false,true,12,2018-01-01,2018-12-31,1
2018-04-27,37440,2018-12-31,1,3363000000,0.013,,,,,223000000,0.838,225000000,0.782,,138000000,,16.08,16.02,,,,,5161000000,1178000000,0.222,,1145000000,,,,,,,,,,,,true,false,3,2018-01-01,2018-03-31,0
2018-04-27,37440,2017-12-31,1,3321000000,0.012,,,,,121000000,-0.457,126000000,-0.390,,59000000,,6.89,6.86,,,,,,,,,,,,,,,,,,,,,true,false,3,2017-01-01,2017-03-31,-1
2018-04-27,37440,2018-12-31,1,13000000000,0.042,,,,,330000000,0.028,330000000,0.011,,260000000,,30.13,,,,,,,,,,,,,,,,,,,,,,true,true,12,2018-01-01,2018-12-31,0
2018-04-27,37440,2017-12-31,1,,,,,,,,,,,,,,,,,,,,4849000000,1076000000,0.215,,1043000000,,,,,,,,,,,,true,false,12,2017-01-01,2017-12-31,-1
2018-04-27,37440,2017-12-31,1,,,,,,,,,,,,,,,,,,,,,,,,,,,,,0.00,,,,8874400,246541,,false,false,12,2017-01-01,2017-12-31,-1
2018-04-27,37440,2018-12-31,1,,,,,,,,,,,,,,,,,,,,,,,,,,,,,0.00,,,,,,,false,true,12,2018-01-01,2018-12-31,0
2018-04-27,37440,2018-12-31,1,,,,,,,,,,,,,,,,,,,,,,,,,,,,,,,,,8874400,246541,8627859,false,false,3,2018-01-01,2018-03-31,0
2018-04-27,37440,2017-12-31,1,,,,,,,,,,,,,,,,,,,,,,,,,,,,,,,,,,,8615159,false,false,3,2017-01-01,2017-03-31,-1
2018-07-31,37440,2018-12-31,2,6270000000,0.007,,,,,127000000,-0.265,131000000,-0.285,,79000000,,9.17,9.11,,,,,5049000000,1147000000,0.220,,1110000000,,,,,,,,,,,,true,false,6,2018-01-01,2018-06-30,0
2018-07-31,37440,2017-12-31,2,6226000000,-0.002,,,,,173000000,-0.475,184000000,-0.370,,89000000,,10.43,10.39,,,,,,,,,,,,,,,,,,,,,true,false,6,2017-01-01,2017-06-30,-1
2018-07-31,37440,2018-12-31,2,13000000000,0.042,,,,,330000000,0.028,330000000,0.011,,260000000,,30.13,,,,,,,,,,,,,,,,,,,,,,true,true,12,2018-01-01,2018-12-31,0
2018-07-31,37440,2017-12-31,2,,,,,,,,,,,,,,,,,,,,4849000000,1076000000,0.215,,1043000000,,,,,,,,,,,,true,false,12,2017-01-01,2017-12-31,-1
2018-07-31,37440,2017-12-31,2,,,,,,,,,,,,,,,,,,,,,,,,,,,,,0.00,,,,8874400,246541,,false,false,12,2017-01-01,2017-12-31,-1
2018-07-31,37440,2018-12-31,2,,,,,,,,,,,,,,,,,,,,,,,,,,,,,0.00,,,,,,,false,false,12,2018-01-01,2018-12-31,0
2018-07-31,37440,2018-12-31,2,,,,,,,,,,,,,,,,,,,,,,,,,,,,,0.00,,,,,,,false,true,12,2018-01-01,2018-12-31,0
2018-07-31,37440,2018-12-31,2,,,,,,,,,,,,,,,,,,,,,,,,,,,,,,,,,8874400,232868,8630042,false,false,6,2018-01-01,2018-06-30,0
2018-07-31,37440,2017-12-31,2,,,,,,,,,,,,,,,,,,,,,,,,,,,,,,,,,,,8624159,false,false,6,2017-01-01,2017-06-30,-1
2018-10-31,37440,2018-12-31,3,9462000000,0.019,,,,,107000000,-0.419,118000000,-0.391,,47000000,,5.52,5.51,,,,,4792000000,1135000000,0.229,,1096000000,,,,,,,,,,,,true,false,9,2018-01-01,2018-09-30,0
2018-10-31,37440,2017-12-31,3,9283000000,0.011,,,,,184000000,-0.569,194000000,-0.469,,79000000,,9.18,9.14,,,,,,,,,,,,,,,,,,,,,true,false,9,2017-01-01,2017-09-30,-1
2018-10-31,37440,2018-12-31,3,12400000000,-0.006,,,,,70000000,-0.782,80000000,-0.755,,0,,0.00,,,,,,,,,,,,,,,,,,,,,,true,true,12,2018-01-01,2018-12-31,0
2018-10-31,37440,2017-12-31,3,,,,,,,,,,,,,,,,,,,,4849000000,1076000000,0.215,,1043000000,,,,,,,,,,,,true,false,12,2017-01-01,2017-12-31,-1
2018-10-31,37440,2017-12-31,3,,,,,,,,,,,,,,,,,,,,,,,,,,,,,0.00,,,,8874400,246541,,false,false,12,2017-01-01,2017-12-31,-1
2018-10-31,37440,2018-12-31,3,,,,,,,,,,,,,,,,,,,,,,,,,,,,,0.00,,,,,,,false,false,12,2018-01-01,2018-12-31,0
2018-10-31,37440,2018-12-31,3,,,,,,,,,,,,,,,,,,,,,,,,,,,,,0.00,,,,,,,false,true,12,2018-01-01,2018-12-31,0
2018-10-31,37440,2018-12-31,3,,,,,,,,,,,,,,,,,,,,,,,,,,,,,,,,,8874400,226968,8635429,false,false,9,2018-01-01,2018-09-30,0
2018-10-31,37440,2017-12-31,3,,,,,,,,,,,,,,,,,,,,,,,,,,,,,,,,,,,8620334,false,false,9,2017-01-01,2017-09-30,-1
2019-01-30,37440,2018-12-31,,12799000000,0.032,,,,,290000000,3.143,310000000,2.875,,225000000,,26.15,,,,,,,,,,,,,,,,,,,,,,true,true,12,2018-01-01,2018-12-31,0
2019-01-30,37440,2017-12-31,,12470000000,,,,,,320000000,,326000000,,,-587000000,,-68.11,,,,,,,,,,,,,,,,,,,,,,true,false,12,2017-01-01,2017-12-31,-1
2019-02-05,37440,2018-12-31,,12799000000,0.026,,,,,290000000,-0.094,310000000,-0.048,,225000000,,26.15,,0.191,0.061,0.023,,5357000000,1359000000,0.246,152.54,1319000000,78000000,-184000000,-127000000,2008000000,,,,,,,,true,false,12,2018-01-01,2018-12-31,0
2019-02-05,37440,2017-12-31,,12470000000,0.032,,,,,320000000,-0.324,326000000,-0.163,,-587000000,,-68.11,,-0.441,0.065,0.026,,4849000000,1076000000,0.215,120.94,1043000000,640000000,-26000000,-109000000,2249000000,,,,,,,,true,false,12,2017-01-01,2017-12-31,-1
2019-02-05,37440,2019-12-31,,13200000000,0.031,,,,,200000000,-0.312,210000000,-0.324,,140000000,,16.18,,,,,,,,,,,,,,,,0.309,,,,,,true,true,12,2019-01-01,2019-12-31,1
2019-02-05,37440,2018-12-31,,991000000,-0.856,,,,,119000000,-0.636,116000000,-0.638,104000000,,,12.06,,,,,,2923000000,1375000000,0.470,158.93,1374000000,,,,,0.00,,,,8874400,224268,8638647,false,false,12,2018-01-01,2018-12-31,0
2019-02-05,37440,2017-12-31,,6896000000,-0.138,,,,,328000000,0.140,321000000,0.115,-614000000,,,-71.26,,,,,,2786000000,1207000000,0.433,139.87,1206000000,,,,,0.00,,,,8874400,246541,8621643,false,false,12,2017-01-01,2017-12-31,-1
2019-02-05,37440,2019-12-31,,,,,,,,,,,,,,,,,,,,,,,,,,,,,,5.00,,,,,,,false,true,12,2019-01-01,2019-12-31,1
2019-04-26,37440,2019-12-31,1,3529000000,0.049,,,,,91000000,-0.588,106000000,-0.525,,34000000,,4.00,,,,,,5512000000,1403000000,0.247,,1362000000,,,,,,,,,,,,true,false,3,2019-01-01,2019-03-31,0
2019-04-26,37440,2018-12-31,1,3363000000,0.013,,,,,223000000,0.838,225000000,0.782,,138000000,,16.08,16.02,,,,,,,,,,,,,,,,,,,,,true,false,3,2018-01-01,2018-03-31,-1
2019-04-26,37440,2019-12-31,1,13200000000,0.031,,,,,200000000,-0.312,210000000,-0.324,,140000000,,16.18,,,,,,,,,,,,,,,,,,,,,,true,true,12,2019-01-01,2019-12-31,0
2019-04-26,37440,2018-12-31,1,,,,,,,,,,,,,,,,,,,,5330000000,1359000000,0.248,,1319000000,,,,,,,,,,,,true,false,12,2018-01-01,2018-12-31,-1
2019-04-26,37440,2018-12-31,1,,,,,,,,,,,,,,,,,,,,,,,,,,,,,0.00,,,,8874400,224268,,false,false,12,2018-01-01,2018-12-31,-1
2019-04-26,37440,2019-12-31,1,,,,,,,,,,,,,,,,,,,,,,,,,,,,,5.00,,,,,,,false,true,12,2019-01-01,2019-12-31,0
2019-04-26,37440,2019-12-31,1,,,,,,,,,,,,,,,,,,,,,,,,,,,,,,,,,8874400,205768,8653204,false,false,3,2019-01-01,2019-03-31,0
2019-04-26,37440,2018-12-31,1,,,,,,,,,,,,,,,,,,,,,,,,,,,,,,,,,,,8627859,false,false,3,2018-01-01,2018-03-31,-1
2019-07-31,37440,2019-12-31,2,6914000000,0.103,,,,,38000000,-0.700,70000000,-0.465,,-20000000,,-2.32,,,,,,5386000000,1333000000,0.240,,1292000000,,,,,,,,,,,,true,false,6,2019-01-01,2019-06-30,0
2019-07-31,37440,2018-12-31,2,6270000000,0.007,,,,,127000000,-0.265,131000000,-0.285,,79000000,,9.17,9.11,,,,,,,,,,,,,,,,,,,,,true,false,6,2018-01-01,2018-06-30,-1
2019-07-31,37440,2019-12-31,2,13200000000,0.031,,,,,200000000,-0.312,210000000,-0.324,,140000000,,16.18,,,,,,,,,,,,,,,,,,,,,,true,true,12,2019-01-01,2019-12-31,0
2019-07-31,37440,2018-12-31,2,,,,,,,,,,,,,,,,,,,,5330000000,1359000000,0.248,,1319000000,,,,,,,,,,,,true,false,12,2018-01-01,2018-12-31,-1
2019-07-31,37440,2018-12-31,2,,,,,,,,,,,,,,,,,,,,,,,,,,,,,0.00,,,,8874400,224268,,false,false,12,2018-01-01,2018-12-31,-1
2019-07-31,37440,2019-12-31,2,,,,,,,,,,,,,,,,,,,,,,,,,,,,,0.00,,,,,,,false,false,12,2019-01-01,2019-12-31,0
2019-07-31,37440,2019-12-31,2,,,,,,,,,,,,,,,,,,,,,,,,,,,,,5.00,,,,,,,false,true,12,2019-01-01,2019-12-31,0
2019-07-31,37440,2019-12-31,2,,,,,,,,,,,,,,,,,,,,,,,,,,,,,,,,,8874400,205768,8668632,false,false,6,2019-01-01,2019-06-30,0
2019-07-31,37440,2018-12-31,2,,,,,,,,,,,,,,,,,,,,,,,,,,,,,,,,,,,8630042,false,false,6,2018-01-01,2018-06-30,-1
2019-10-31,37440,2019-12-31,3,10135000000,0.071,,,,,-74000000,,-34000000,,,-74000000,,-8.65,,,,,,5137000000,1278000000,0.241,,1236000000,,,,,,,,,,,,true,false,9,2019-01-01,2019-09-30,0
2019-10-31,37440,2018-12-31,3,9462000000,0.019,,,,,107000000,-0.419,118000000,-0.391,,47000000,,5.52,5.51,,,,,,,,,,,,,,,,,,,,,true,false,9,2018-01-01,2018-09-30,-1
2019-10-31,37440,2019-12-31,3,13200000000,0.031,,,,,200000000,-0.312,210000000,-0.324,,140000000,,16.16,,,,,,,,,,,,,,,,,,,,,,true,true,12,2019-01-01,2019-12-31,0
2019-10-31,37440,2018-12-31,3,,,,,,,,,,,,,,,,,,,,5330000000,1359000000,0.248,,1319000000,,,,,,,,,,,,true,false,12,2018-01-01,2018-12-31,-1
2019-10-31,37440,2018-12-31,3,,,,,,,,,,,,,,,,,,,,,,,,,,,,,0.00,,,,8874400,224268,,false,false,12,2018-01-01,2018-12-31,-1
2019-10-31,37440,2019-12-31,3,,,,,,,,,,,,,,,,,,,,,,,,,,,,,0.00,,,,,,,false,false,12,2019-01-01,2019-12-31,0
2019-10-31,37440,2019-12-31,3,,,,,,,,,,,,,,,,,,,,,,,,,,,,,5.00,,,,,,,false,true,12,2019-01-01,2019-12-31,0
2019-10-31,37440,2019-12-31,3,,,,,,,,,,,,,,,,,,,,,,,,,,,,,,,,,8874400,205768,8663546,false,false,9,2019-01-01,2019-09-30,0
2019-10-31,37440,2018-12-31,3,,,,,,,,,,,,,,,,,,,,,,,,,,,,,,,,,,,8635429,false,false,9,2018-01-01,2018-09-30,-1
2020-01-23,37440,2019-12-31,,13680000000,0.036,,,,,55000000,-0.725,97000000,-0.538,,36000000,,4.15,,,,,,,,,,,,,,,,,,,,,,true,true,12,2019-01-01,2019-12-31,0
2020-01-23,37440,2018-12-31,,12799000000,,,,,,290000000,,310000000,,,225000000,,26.15,,,,,,,,,,,,,,,,,,,,,,true,false,12,2018-01-01,2018-12-31,-1
2020-02-05,37440,2019-12-31,,13686000000,0.069,,,,,54000000,-0.811,96000000,-0.690,,32000000,,3.73,,0.025,0.018,0.004,,5332000000,1308000000,0.237,145.92,1264000000,363000000,-101000000,-130000000,2136000000,,1.339,,,,,,true,false,12,2019-01-01,2019-12-31,0
2020-02-05,37440,2018-12-31,,12799000000,0.026,,,,,290000000,-0.094,310000000,-0.048,,225000000,,26.15,,0.191,0.061,0.023,,5330000000,1359000000,0.248,152.54,1319000000,78000000,-184000000,-127000000,2008000000,,,,,,,,true,false,12,2018-01-01,2018-12-31,-1
2020-02-05,37440,2020-12-31,,14300000000,0.045,,,,,80000000,0.456,100000000,0.039,,40000000,,4.61,,,,,,,,,,,,,,,,1.084,,,,,,true,true,12,2020-01-01,2020-12-31,1
2020-02-05,37440,2019-12-31,,1160000000,0.170,,,,,343000000,1.869,364000000,2.135,318000000,,2.054,36.72,,,,,,2842000000,1610000000,0.566,185.73,1610000000,,,,,5.00,,,,8874400,205768,8664828,false,false,12,2019-01-01,2019-12-31,0
2020-02-05,37440,2018-12-31,,991000000,-0.856,,,,,119000000,-0.636,116000000,-0.638,104000000,,,12.06,,,,,,2909000000,1375000000,0.472,158.93,1374000000,,,,,0.00,,,,8874400,224268,8638647,false,false,12,2018-01-01,2018-12-31,-1
2020-02-05,37440,2020-12-31,,,,,,,,,,,,,,,,,,,,,,,,,,,,,,5.00,,,,,,,false,true,12,2020-01-01,2020-12-31,1
2020-04-28,37440,2020-12-31,1,3979000000,0.128,,,,,141000000,0.542,136000000,0.275,,73000000,,8.49,,,,,,5535000000,1333000000,0.233,,1288000000,,,,,,,,,,,,true,false,3,2020-01-01,2020-03-31,0
2020-04-28,37440,2019-12-31,1,3529000000,0.049,,,,,91000000,-0.588,106000000,-0.525,,34000000,,4.00,,,,,,,,,,,,,,,,,,,,,,true,false,3,2019-01-01,2019-03-31,-1
2020-04-28,37440,2020-12-31,1,14300000000,0.045,,,,,80000000,0.456,100000000,0.039,,40000000,,4.61,,,,,,,,,,,,,,,,,,,,,,true,true,12,2020-01-01,2020-12-31,0
2020-04-28,37440,2019-12-31,1,,,,,,,,,,,,,,,,,,,,5332000000,1308000000,0.237,,1264000000,,,,,,,,,,,,true,false,12,2019-01-01,2019-12-31,-1
2020-04-28,37440,2019-12-31,1,,,,,,,,,,,,,,,,,,,,,,,,,,,,,5.00,,,,8874400,205768,,false,false,12,2019-01-01,2019-12-31,-1
2020-04-28,37440,2020-12-31,1,,,,,,,,,,,,,,,,,,,,,,,,,,,,,5.00,,,,,,,false,true,12,2020-01-01,2020-12-31,0
2020-04-28,37440,2020-12-31,1,,,,,,,,,,,,,,,,,,,,,,,,,,,,,,,,,8874400,205768,8668632,false,false,3,2020-01-01,2020-03-31,0
2020-04-28,37440,2019-12-31,1,,,,,,,,,,,,,,,,,,,,,,,,,,,,,,,,,,,8653204,false,false,3,2019-01-01,2019-03-31,-1
2020-08-03,37440,2020-12-31,2,7276000000,0.052,,,,,54000000,0.420,57000000,-0.179,,19000000,,2.29,,,,,,5527000000,1277000000,0.222,,1229000000,,,,,,,,,,,,true,false,6,2020-01-01,2020-06-30,0
2020-08-03,37440,2019-12-31,2,6914000000,0.103,,,,,38000000,-0.700,70000000,-0.465,,-20000000,,-2.32,,,,,,,,,,,,,,,,,,,,,,true,false,6,2019-01-01,2019-06-30,-1
2020-08-03,37440,2020-12-31,2,14300000000,0.045,,,,,80000000,0.456,100000000,0.039,,40000000,,4.61,,,,,,,,,,,,,,,,,,,,,,true,true,12,2020-01-01,2020-12-31,0
2020-08-03,37440,2019-12-31,2,,,,,,,,,,,,,,,,,,,,5332000000,1308000000,0.237,,1264000000,,,,,,,,,,,,true,false,12,2019-01-01,2019-12-31,-1
2020-08-03,37440,2019-12-31,2,,,,,,,,,,,,,,,,,,,,,,,,,,,,,5.00,,,,8874400,205768,,false,false,12,2019-01-01,2019-12-31,-1
2020-08-03,37440,2020-12-31,2,,,,,,,,,,,,,,,,,,,,,,,,,,,,,0.00,,,,,,,false,false,12,2020-01-01,2020-12-31,0
2020-08-03,37440,2020-12-31,2,,,,,,,,,,,,,,,,,,,,,,,,,,,,,5.00,,,,,,,false,true,12,2020-01-01,2020-12-31,0
2020-08-03,37440,2020-12-31,2,,,,,,,,,,,,,,,,,,,,,,,,,,,,,,,,,8874400,205812,8668628,false,false,6,2020-01-01,2020-06-30,0
2020-08-03,37440,2019-12-31,2,,,,,,,,,,,,,,,,,,,,,,,,,,,,,,,,,,,8668632,false,false,6,2019-01-01,2019-06-30,-1
2020-10-29,37440,2020-12-31,3,10529000000,0.039,,,,,-6000000,,-2000000,,,112000000,,12.97,,,,,,5763000000,1364000000,0.228,,1315000000,,,,,,,,,,,,true,false,9,2020-01-01,2020-09-30,0
2020-10-29,37440,2019-12-31,3,10135000000,0.071,,,,,-74000000,,-34000000,,,-74000000,,-8.65,,,,,,,,,,,,,,,,,,,,,,true,false,9,2019-01-01,2019-09-30,-1
2020-10-29,37440,2020-12-31,3,14200000000,0.037,,,,,40000000,-0.272,45000000,-0.533,,150000000,,17.30,,,,,,,,,,,,,,,,,,,,,,true,true,12,2020-01-01,2020-12-31,0
2020-10-29,37440,2019-12-31,3,,,,,,,,,,,,,,,,,,,,5332000000,1308000000,0.237,,1264000000,,,,,,,,,,,,true,false,12,2019-01-01,2019-12-31,-1
2020-10-29,37440,2019-12-31,3,,,,,,,,,,,,,,,,,,,,,,,,,,,,,5.00,,,,8874400,205768,,false,false,12,2019-01-01,2019-12-31,-1
2020-10-29,37440,2020-12-31,3,,,,,,,,,,,,,,,,,,,,,,,,,,,,,0.00,,,,,,,false,false,12,2020-01-01,2020-12-31,0
2020-10-29,37440,2020-12-31,3,,,,,,,,,,,,,,,,,,,,,,,,,,,,,5.00,,,,,,,false,true,12,2020-01-01,2020-12-31,0
2020-10-29,37440,2020-12-31,3,,,,,,,,,,,,,,,,,,,,,,,,,,,,,,,,,8874400,205838,8668607,false,false,9,2020-01-01,2020-09-30,0
2020-10-29,37440,2019-12-31,3,,,,,,,,,,,,,,,,,,,,,,,,,,,,,,,,,,,8663546,false,false,9,2019-01-01,2019-09-30,-1
2020-10-29,37440,2020-12-31,,14200000000,-0.007,,,,,40000000,-0.500,45000000,-0.550,,150000000,,17.30,,,,,,,,,,,,,,,,,,,,,,true,true,12,2020-01-01,2020-12-31,0
2020-10-29,37440,2019-12-31,,13686000000,,,,,,54000000,,96000000,,,32000000,,3.73,,,,,,,,,,,,,,,,,,,,,,true,false,12,2019-01-01,2019-12-31,-1
2021-01-28,37440,2020-12-31,,15360000000,0.082,,,,,275000000,5.875,300000000,5.667,,340000000,,39.22,,,,,,,,,,,,,,,,,,,,,,true,true,12,2020-01-01,2020-12-31,0
2021-01-28,37440,2019-12-31,,13686000000,,,,,,54000000,,96000000,,,32000000,,3.73,,,,,,,,,,,,,,,,,,,,,,true,false,12,2019-01-01,2019-12-31,-1
2021-02-03,37440,2020-12-31,,14841000000,0.084,,,,,236000000,3.299,256000000,1.664,,310000000,,35.78,,0.220,0.042,0.016,,6851000000,1548000000,0.219,173.15,1500000000,649000000,151000000,-182000000,2728000000,,0.279,,,,,,true,false,12,2020-01-01,2020-12-31,0
2021-02-03,37440,2019-12-31,,13686000000,0.069,,,,,54000000,-0.811,96000000,-0.690,,32000000,,3.73,,0.025,0.018,0.004,,5332000000,1308000000,0.237,145.92,1264000000,363000000,-101000000,-130000000,2136000000,,1.339,,,,,,true,false,12,2019-01-01,2019-12-31,-1
2021-02-03,37440,2021-12-31,,15500000000,0.044,,,,,320000000,0.355,350000000,0.365,,250000000,,28.84,,,,,,,,,,,,,,,,0.347,,,,,,true,true,12,2021-01-01,2021-12-31,1
2021-02-03,37440,2020-12-31,,1002000000,-0.136,,,,,121000000,-0.646,118000000,-0.675,78000000,,-0.754,9.02,,,,,,2774000000,1643000000,0.592,189.60,1643000000,,,,,10.00,,,,8874400,205838,8668596,false,false,12,2020-01-01,2020-12-31,0
2021-02-03,37440,2019-12-31,,1160000000,0.170,,,,,343000000,1.869,364000000,2.135,318000000,,2.054,36.72,,,,,,2842000000,1610000000,0.566,185.73,1610000000,,,,,5.00,,,,8874400,205768,8664828,false,false,12,2019-01-01,2019-12-31,-1
2021-02-03,37440,2021-12-31,,,,,,,,,,,,,,,,,,,,,,,,,,,,,,10.00,,,,,,,false,true,12,2021-01-01,2021-12-31,1
2021-04-28,37440,2021-12-31,1,4398000000,0.105,,,,,223000000,0.575,237000000,0.744,,159000000,,18.41,,,,,,6529000000,1662000000,0.247,,1610000000,,,,,,,,,,,,true,false,3,2021-01-01,2021-03-31,0
2021-04-28,37440,2020-12-31,1,3979000000,0.128,,,,,141000000,0.542,136000000,0.275,,73000000,,8.49,,,,,,,,,,,,,,,,,,,,,,true,false,3,2020-01-01,2020-03-31,-1
2021-04-28,37440,2021-12-31,1,15500000000,0.044,,,,,320000000,0.355,350000000,0.365,,250000000,,28.84,,,,,,,,,,,,,,,,,,,,,,true,true,12,2021-01-01,2021-12-31,0
2021-04-28,37440,2020-12-31,1,,,,,,,,,,,,,,,,,,,,6851000000,1548000000,0.219,,1500000000,,,,,,,,,,,,true,false,12,2020-01-01,2020-12-31,-1
2021-04-28,37440,2020-12-31,1,,,,,,,,,,,,,,,,,,,,,,,,,,,,,10.00,,,,8874400,205838,,false,false,12,2020-01-01,2020-12-31,-1
2021-04-28,37440,2021-12-31,1,,,,,,,,,,,,,,,,,,,,,,,,,,,,,10.00,,,,,,,false,true,12,2021-01-01,2021-12-31,0
2021-04-28,37440,2021-12-31,1,,,,,,,,,,,,,,,,,,,,,,,,,,,,,,,,,8874400,205838,8668562,false,false,3,2021-01-01,2021-03-31,0
2021-04-28,37440,2020-12-31,1,,,,,,,,,,,,,,,,,,,,,,,,,,,,,,,,,,,8668632,false,false,3,2020-01-01,2020-03-31,-1
2021-07-29,37440,2021-12-31,2,8079000000,0.110,,,,,295000000,4.432,316000000,4.460,,234000000,,27.06,,,,,,6465000000,1739000000,0.261,,1686000000,,,,,,,,,,,,true,false,6,2021-01-01,2021-06-30,0
2021-07-29,37440,2020-12-31,2,7276000000,0.052,,,,,54000000,0.420,57000000,-0.179,,19000000,,2.29,,,,,,,,,,,,,,,,,,,,,,true,false,6,2020-01-01,2020-06-30,-1
2021-07-29,37440,2021-12-31,2,15700000000,0.058,,,,,480000000,1.032,510000000,0.989,,390000000,,44.99,,,,,,,,,,,,,,,,,,,,,,true,true,12,2021-01-01,2021-12-31,0
2021-07-29,37440,2020-12-31,2,,,,,,,,,,,,,,,,,,,,6851000000,1548000000,0.219,,1500000000,,,,,,,,,,,,true,false,12,2020-01-01,2020-12-31,-1
2021-07-29,37440,2020-12-31,2,,,,,,,,,,,,,,,,,,,,,,,,,,,,,10.00,,,,8874400,205838,,false,false,12,2020-01-01,2020-12-31,-1
2021-07-29,37440,2021-12-31,2,,,,,,,,,,,,,,,,,,,,,,,,,,,,,0.00,,,,,,,false,false,12,2021-01-01,2021-12-31,0
2021-07-29,37440,2021-12-31,2,,,,,,,,,,,,,,,,,,,,,,,,,,,,,10.00,,,,,,,false,true,12,2021-01-01,2021-12-31,0
2021-07-29,37440,2021-12-31,2,,,,,,,,,,,,,,,,,,,,,,,,,,,,,,,,,8874400,205838,8668562,false,false,6,2021-01-01,2021-06-30,0
2021-07-29,37440,2020-12-31,2,,,,,,,,,,,,,,,,,,,,,,,,,,,,,,,,,,,8668628,false,false,6,2020-01-01,2020-06-30,-1
2021-10-28,37440,2021-12-31,3,11707000000,0.112,,,,,279000000,,312000000,,,224000000,,25.88,,,,,,6398000000,1736000000,0.263,,1680000000,,,,,,,,,,,,true,false,9,2021-01-01,2021-09-30,0
2021-10-28,37440,2020-12-31,3,10529000000,0.039,,,,,-6000000,,-2000000,,,112000000,,12.97,,,,,,,,,,,,,,,,,,,,,,true,false,9,2020-01-01,2020-09-30,-1
2021-10-28,37440,2021-12-31,3,15700000000,0.058,,,,,480000000,1.032,510000000,0.989,,390000000,,44.99,,,,,,,,,,,,,,,,,,,,,,true,true,12,2021-01-01,2021-12-31,0
2021-10-28,37440,2020-12-31,3,,,,,,,,,,,,,,,,,,,,6851000000,1548000000,0.219,,1500000000,,,,,,,,,,,,true,false,12,2020-01-01,2020-12-31,-1
2021-10-28,37440,2020-12-31,3,,,,,,,,,,,,,,,,,,,,,,,,,,,,,10.00,,,,8874400,205838,,false,false,12,2020-01-01,2020-12-31,-1
2021-10-28,37440,2021-12-31,3,,,,,,,,,,,,,,,,,,,,,,,,,,,,,0.00,,,,,,,false,false,12,2021-01-01,2021-12-31,0
2021-10-28,37440,2021-12-31,3,,,,,,,,,,,,,,,,,,,,,,,,,,,,,10.00,,,,,,,false,true,12,2021-01-01,2021-12-31,0
2021-10-28,37440,2021-12-31,3,,,,,,,,,,,,,,,,,,,,,,,,,,,,,,,,,8874400,205838,8668562,false,false,9,2021-01-01,2021-09-30,0
2021-10-28,37440,2020-12-31,3,,,,,,,,,,,,,,,,,,,,,,,,,,,,,,,,,,,8668607,false,false,9,2020-01-01,2020-09-30,-1
2022-02-03,37440,2021-12-31,,15725000000,0.060,,,,,358000000,0.517,400000000,0.561,,367000000,,42.42,,0.220,0.059,0.023,,6649000000,1897000000,0.277,212.12,1838000000,587000000,58000000,-267000000,3148000000,,0.354,,,,,,true,false,12,2021-01-01,2021-12-31,0
2022-02-03,37440,2020-12-31,,14841000000,0.084,,,,,236000000,3.299,256000000,1.664,,310000000,,35.78,,0.224,0.042,0.016,,6851000000,1548000000,0.219,173.15,1500000000,649000000,151000000,-182000000,2728000000,,0.279,,,,,,true,false,12,2020-01-01,2020-12-31,-1
2022-02-03,37440,2022-12-31,,16000000000,0.017,,,,,100000000,-0.721,120000000,-0.700,,60000000,,6.92,,,,,,,,,,,,,,,,1.445,,,,,,true,true,12,2022-01-01,2022-12-31,1
2022-02-03,37440,2021-12-31,,1306000000,0.303,,,,,346000000,1.852,339000000,1.873,310000000,,2.968,35.78,,,,,,2903000000,1867000000,0.643,215.39,1867000000,,,,,15.00,,10.00,5.00,8874400,205838,8668562,false,false,12,2021-01-01,2021-12-31,0
2022-02-03,37440,2020-12-31,,1002000000,-0.136,,,,,121000000,-0.646,118000000,-0.675,78000000,,-0.754,9.02,,,,,,2774000000,1643000000,0.592,189.60,1643000000,,,,,10.00,,,,8874400,205838,8668596,false,false,12,2020-01-01,2020-12-31,-1
2022-02-03,37440,2022-12-31,,,,,,,,,,,,,,,,,,,,,,,,,,,,,,10.00,,,,,,,false,true,12,2022-01-01,2022-12-31,1
2022-04-27,37440,2022-12-31,1,3767000000,-0.144,,,,,-18000000,,1000000,-0.993,,-4000000,,-0.48,,,,,,6465000000,1813000000,0.270,,1748000000,,,,,,,,,,,,true,false,3,2022-01-01,2022-03-31,0
2022-04-27,37440,2021-12-31,1,4398000000,0.105,,,,,223000000,0.575,237000000,0.744,,159000000,,18.41,,,,,,,,,,,,,,,,,,,,,,true,false,3,2021-01-01,2021-03-31,-1
2022-04-27,37440,2022-12-31,1,16000000000,0.017,,,,,100000000,-0.721,120000000,-0.700,,60000000,,6.92,,,,,,,,,,,,,,,,,,,,,,true,true,12,2022-01-01,2022-12-31,0
2022-04-27,37440,2021-12-31,1,,,,,,,,,,,,,,,,,,,,6649000000,1897000000,0.277,,1838000000,,,,,,,,,,,,true,false,12,2021-01-01,2021-12-31,-1
2022-04-27,37440,2021-12-31,1,,,,,,,,,,,,,,,,,,,,,,,,,,,,,15.00,,,,8874400,205838,,false,false,12,2021-01-01,2021-12-31,-1
2022-04-27,37440,2022-12-31,1,,,,,,,,,,,,,,,,,,,,,,,,,,,,,10.00,,,,,,,false,true,12,2022-01-01,2022-12-31,0
2022-04-27,37440,2022-12-31,1,,,,,,,,,,,,,,,,,,,,,,,,,,,,,,,,,8874400,205838,8668562,false,false,3,2022-01-01,2022-03-31,0
2022-04-27,37440,2021-12-31,1,,,,,,,,,,,,,,,,,,,,,,,,,,,,,,,,,,,8668562,false,false,3,2021-01-01,2021-03-31,-1
2022-07-28,37440,2022-12-31,2,7256000000,-0.102,,,,,-225000000,,-207000000,,,-339000000,,-39.21,,,,,,6104000000,1551000000,0.242,,1476000000,,,,,,,,,,,,true,false,6,2022-01-01,2022-06-30,0
2022-07-28,37440,2021-12-31,2,8079000000,0.110,,,,,295000000,4.432,316000000,4.460,,234000000,,27.06,,,,,,,,,,,,,,,,,,,,,,true,false,6,2021-01-01,2021-06-30,-1
2022-07-28,37440,2022-12-31,2,15000000000,-0.046,,,,,-550000000,,-500000000,,,-650000000,,-74.98,,,,,,,,,,,,,,,,,,,,,,true,true,12,2022-01-01,2022-12-31,0
2022-07-28,37440,2021-12-31,2,,,,,,,,,,,,,,,,,,,,6649000000,1897000000,0.277,,1838000000,,,,,,,,,,,,true,false,12,2021-01-01,2021-12-31,-1
2022-07-28,37440,2021-12-31,2,,,,,,,,,,,,,,,,,,,,,,,,,,,,,15.00,,,,8874400,205838,,false,false,12,2021-01-01,2021-12-31,-1
2022-07-28,37440,2022-12-31,2,,,,,,,,,,,,,,,,,,,,,,,,,,,,,0.00,,,,,,,false,false,12,2022-01-01,2022-12-31,0
2022-07-28,37440,2022-12-31,2,,,,,,,,,,,,,,,,,,,,,,,,,,,,,10.00,,,,,,,false,true,12,2022-01-01,2022-12-31,0
2022-07-28,37440,2022-12-31,2,,,,,,,,,,,,,,,,,,,,,,,,,,,,,,,,,8874400,205838,8668562,false,false,6,2022-01-01,2022-06-30,0
2022-07-28,37440,2021-12-31,2,,,,,,,,,,,,,,,,,,,,,,,,,,,,,,,,,,,8668562,false,false,6,2021-01-01,2021-06-30,-1
2022-07-28,37440,2022-12-31,,15000000000,-0.063,,,,,-550000000,,-500000000,,,-650000000,,-74.98,,,,,,,,,,,,,,,,,,,,,,true,true,12,2022-01-01,2022-12-31,0
2022-07-28,37440,2021-12-31,,15725000000,,,,,,358000000,,400000000,,,367000000,,42.42,,,,,,,,,,,,,,,,,,,,,,true,false,12,2021-01-01,2021-12-31,-1
2022-10-27,37440,2022-12-31,3,10686000000,-0.087,,,,,-468000000,,-419000000,,,-566000000,,-65.31,,,,,,5796000000,1361000000,0.221,,1280000000,,,,,,,,,,,,true,false,9,2022-01-01,2022-09-30,0
2022-10-27,37440,2021-12-31,3,11707000000,0.112,,,,,279000000,,312000000,,,224000000,,25.88,,,,,,,,,,,,,,,,,,,,,,true,false,9,2021-01-01,2021-09-30,-1
2022-10-27,37440,2022-12-31,3,15000000000,-0.046,,,,,-550000000,,-500000000,,,-650000000,,-74.98,,,,,,,,,,,,,,,,,,,,,,true,true,12,2022-01-01,2022-12-31,0
2022-10-27,37440,2021-12-31,3,,,,,,,,,,,,,,,,,,,,6649000000,1897000000,0.277,,1838000000,,,,,,,,,,,,true,false,12,2021-01-01,2021-12-31,-1
2022-10-27,37440,2021-12-31,3,,,,,,,,,,,,,,,,,,,,,,,,,,,,,15.00,,,,8874400,205838,,false,false,12,2021-01-01,2021-12-31,-1
2022-10-27,37440,2022-12-31,3,,,,,,,,,,,,,,,,,,,,,,,,,,,,,0.00,,,,,,,false,false,12,2022-01-01,2022-12-31,0
2022-10-27,37440,2022-12-31,3,,,,,,,,,,,,,,,,,,,,,,,,,,,,,10.00,,,,,,,false,true,12,2022-01-01,2022-12-31,0
2022-10-27,37440,2022-12-31,3,,,,,,,,,,,,,,,,,,,,,,,,,,,,,,,,,8874400,205838,8668562,false,false,9,2022-01-01,2022-09-30,0
2022-10-27,37440,2021-12-31,3,,,,,,,,,,,,,,,,,,,,,,,,,,,,,,,,,,,8668562,false,false,9,2021-01-01,2021-09-30,-1
2023-02-02,37440,2022-12-31,,14420000000,-0.083,,,,,-572000000,,-499000000,,,-639000000,,-73.81,,-0.426,-0.079,-0.040,,6022000000,1243000000,0.194,134.76,1168000000,-370000000,-107000000,-245000000,2505000000,,,,,,,,true,false,12,2022-01-01,2022-12-31,0
2023-02-02,37440,2021-12-31,,15725000000,0.060,,,,,358000000,0.517,400000000,0.561,,367000000,,42.42,,0.220,0.059,0.023,,6649000000,1897000000,0.277,212.12,1838000000,587000000,58000000,-267000000,3148000000,,0.354,,,,,,true,false,12,2021-01-01,2021-12-31,-1
2023-02-02,37440,2022-12-31,,1277000000,-0.022,,,,,318000000,-0.083,299000000,-0.118,285000000,,-0.079,32.97,,,,,,3051000000,2023000000,0.663,233.41,2023000000,,,,,10.00,,10.00,5.00,8874400,205838,8668562,false,false,12,2022-01-01,2022-12-31,0
2023-02-02,37440,2021-12-31,,1306000000,0.303,,,,,346000000,1.852,339000000,1.873,310000000,,2.968,35.78,,,,,,2903000000,1867000000,0.643,215.39,1867000000,,,,,15.00,,,,8874400,205838,8668562,false,false,12,2021-01-01,2021-12-31,-1
2023-05-10,37440,2023-12-31,1,4220000000,0.120,,,,,24000000,,57000000,,,12000000,,1.48,,,,,,6437000000,1172000000,0.170,,1094000000,,,,,,,,,,,,true,false,3,2023-01-01,2023-03-31,0
2023-05-10,37440,2022-12-31,1,3767000000,-0.144,,,,,-18000000,,1000000,-0.993,,-4000000,,-0.48,,,,,,,,,,,,,,,,,,,,,,true,false,3,2022-01-01,2022-03-31,-1
2023-05-10,37440,2022-12-31,1,,,,,,,,,,,,,,,,,,,,6022000000,1243000000,0.194,,1168000000,,,,,,,,,,,,true,false,12,2022-01-01,2022-12-31,-1
2023-05-10,37440,2022-12-31,1,,,,,,,,,,,,,,,,,,,,,,,,,,,,,10.00,,,,8874400,205838,,false,false,12,2022-01-01,2022-12-31,-1
2023-05-10,37440,2023-12-31,1,,,,,,,,,,,,,,,,,,,,,,,,,,,,,,,,,8874400,205838,8668562,false,false,3,2023-01-01,2023-03-31,0
2023-05-10,37440,2022-12-31,1,,,,,,,,,,,,,,,,,,,,,,,,,,,,,,,,,,,8668562,false,false,3,2022-01-01,2022-03-31,-1
2023-08-09,37440,2023-12-31,2,8066000000,0.112,,,,,-106000000,,-78000000,,,-176000000,,-20.34,,,,,,6114000000,1033000000,0.155,,947000000,,,,,,,,,,,,true,false,6,2023-01-01,2023-06-30,0
2023-08-09,37440,2022-12-31,2,7256000000,-0.102,,,,,-225000000,,-207000000,,,-339000000,,-39.21,,,,,,,,,,,,,,,,,,,,,,true,false,6,2022-01-01,2022-06-30,-1
2023-08-09,37440,2022-12-31,2,,,,,,,,,,,,,,,,,,,,6022000000,1243000000,0.194,,1168000000,,,,,,,,,,,,true,false,12,2022-01-01,2022-12-31,-1
2023-08-09,37440,2022-12-31,2,,,,,,,,,,,,,,,,,,,,,,,,,,,,,10.00,,,,8874400,205838,,false,false,12,2022-01-01,2022-12-31,-1
2023-08-09,37440,2023-12-31,2,,,,,,,,,,,,,,,,,,,,,,,,,,,,,0.00,,,,,,,false,false,12,2023-01-01,2023-12-31,0
2023-08-09,37440,2023-12-31,2,,,,,,,,,,,,,,,,,,,,,,,,,,,,,,,,,8874400,205838,8668562,false,false,6,2023-01-01,2023-06-30,0
2023-08-09,37440,2022-12-31,2,,,,,,,,,,,,,,,,,,,,,,,,,,,,,,,,,,,8668562,false,false,6,2022-01-01,2022-06-30,-1
2023-11-09,37440,2023-12-31,3,11701000000,0.095,,,,,-194000000,,-139000000,,,-186000000,,-21.49,,,,,,6118000000,1049000000,0.157,,958000000,,,,,,,,,,,,true,false,9,2023-01-01,2023-09-30,0
2023-11-09,37440,2022-12-31,3,10686000000,-0.087,,,,,-468000000,,-419000000,,,-566000000,,-65.31,,,,,,,,,,,,,,,,,,,,,,true,false,9,2022-01-01,2022-09-30,-1
2023-11-09,37440,2022-12-31,3,,,,,,,,,,,,,,,,,,,,6022000000,1243000000,0.194,,1168000000,,,,,,,,,,,,true,false,12,2022-01-01,2022-12-31,-1
2023-11-09,37440,2022-12-31,3,,,,,,,,,,,,,,,,,,,,,,,,,,,,,10.00,,,,8874400,205838,,false,false,12,2022-01-01,2022-12-31,-1
2023-11-09,37440,2023-12-31,3,,,,,,,,,,,,,,,,,,,,,,,,,,,,,0.00,,,,,,,false,false,12,2023-01-01,2023-12-31,0
2023-11-09,37440,2023-12-31,3,,,,,,,,,,,,,,,,,,,,,,,,,,,,,,,,,8874400,205838,8668562,false,false,9,2023-01-01,2023-09-30,0
2023-11-09,37440,2022-12-31,3,,,,,,,,,,,,,,,,,,,,,,,,,,,,,,,,,,,8668562,false,false,9,2022-01-01,2022-09-30,-1
2024-02-08,37440,2023-12-31,,15889000000,0.102,,,,,-208000000,,-15000000,,,-18000000,,-2.18,,-0.017,-0.002,-0.013,,6706000000,1187000000,0.164,126.83,1099000000,28000000,188000000,-157000000,2604000000,,,,,,,,true,false,12,2023-01-01,2023-12-31,0
2024-02-08,37440,2022-12-31,,14420000000,-0.083,,,,,-572000000,,-499000000,,,-639000000,,-73.81,,-0.426,-0.079,-0.040,,6022000000,1243000000,0.194,134.76,1168000000,-370000000,-107000000,-245000000,2505000000,,,,,,,,true,false,12,2022-01-01,2022-12-31,-1
2024-02-08,37440,2024-12-31,,16600000000,0.045,,,,,250000000,,330000000,,,220000000,,25.38,,,,,,,,,,,,,,,,0.394,,,,,,true,true,12,2024-01-01,2024-12-31,1
2024-02-08,37440,2023-12-31,,1020000000,-0.201,,,,,109000000,-0.655,174000000,-0.417,129000000,,-0.547,14.93,,,,,,3060000000,2066000000,0.675,238.36,2066000000,,,,,5.00,,,,8874400,205838,8668562,false,false,12,2023-01-01,2023-12-31,0
2024-02-08,37440,2022-12-31,,1277000000,-0.022,,,,,318000000,-0.083,299000000,-0.118,285000000,,-0.079,32.97,,,,,,3051000000,2023000000,0.663,233.41,2023000000,,,,,10.00,,,,8874400,205838,8668562,false,false,12,2022-01-01,2022-12-31,-1
2024-02-08,37440,2024-12-31,,,,,,,,,,,,,,,,,,,,,,,,,,,,,,10.00,,,,,,,false,true,12,2024-01-01,2024-12-31,1
2024-05-08,37440,2024-12-31,1,6405000000,0.518,,,,,18000000,-0.253,57000000,-0.007,,38000000,,4.46,,,,,,9243000000,1203000000,0.120,,1106000000,,,,,,,,,,,,true,false,3,2024-01-01,2024-03-31,0
2024-05-08,37440,2023-12-31,1,4220000000,0.120,,,,,24000000,,57000000,,,12000000,,1.48,,,,,,,,,,,,,,,,,,,,,,true,false,3,2023-01-01,2023-03-31,-1
2024-05-08,37440,2024-12-31,1,16600000000,0.045,,,,,250000000,,330000000,,,220000000,,25.38,,,,,,,,,,,,,,,,,,,,,,true,true,12,2024-01-01,2024-12-31,0
2024-05-08,37440,2023-12-31,1,,,,,,,,,,,,,,,,,,,,6706000000,1187000000,0.164,,1099000000,,,,,,,,,,,,true,false,12,2023-01-01,2023-12-31,-1
2024-05-08,37440,2023-12-31,1,,,,,,,,,,,,,,,,,,,,,,,,,,,,,5.00,,,,8874400,205838,,false,false,12,2023-01-01,2023-12-31,-1
2024-05-08,37440,2024-12-31,1,,,,,,,,,,,,,,,,,,,,,,,,,,,,,10.00,,,,,,,false,true,12,2024-01-01,2024-12-31,0
2024-05-08,37440,2024-12-31,1,,,,,,,,,,,,,,,,,,,,,,,,,,,,,,,,,8874400,205838,8668562,false,false,3,2024-01-01,2024-03-31,0
2024-05-08,37440,2023-12-31,1,,,,,,,,,,,,,,,,,,,,,,,,,,,,,,,,,,,8668562,false,false,3,2023-01-01,2023-03-31,-1
2024-08-08,37440,2024-12-31,2,11804000000,0.463,,,,,-18000000,,57000000,,,23000000,,2.72,,,,,,8524000000,1226000000,0.132,,1121000000,,,,,,,,,,,,true,false,6,2024-01-01,2024-06-30,0
2024-08-08,37440,2023-12-31,2,8066000000,0.112,,,,,-106000000,,-78000000,,,-176000000,,-20.34,,,,,,,,,,,,,,,,,,,,,,true,false,6,2023-01-01,2023-06-30,-1
2024-08-08,37440,2024-12-31,2,20000000000,0.259,,,,,250000000,,330000000,,,220000000,,25.38,,,,,,,,,,,,,,,,,,,,,,true,true,12,2024-01-01,2024-12-31,0
2024-08-08,37440,2023-12-31,2,,,,,,,,,,,,,,,,,,,,6706000000,1187000000,0.164,,1099000000,,,,,,,,,,,,true,false,12,2023-01-01,2023-12-31,-1
2024-08-08,37440,2023-12-31,2,,,,,,,,,,,,,,,,,,,,,,,,,,,,,5.00,,,,8874400,205838,,false,false,12,2023-01-01,2023-12-31,-1
2024-08-08,37440,2024-12-31,2,,,,,,,,,,,,,,,,,,,,,,,,,,,,,0.00,,,,,,,false,false,12,2024-01-01,2024-12-31,0
2024-08-08,37440,2024-12-31,2,,,,,,,,,,,,,,,,,,,,,,,,,,,,,10.00,,,,,,,false,true,12,2024-01-01,2024-12-31,0
2024-08-08,37440,2024-12-31,2,,,,,,,,,,,,,,,,,,,,,,,,,,,,,,,,,8874400,205838,8668562,false,false,6,2024-01-01,2024-06-30,0
2024-08-08,37440,2023-12-31,2,,,,,,,,,,,,,,,,,,,,,,,,,,,,,,,,,,,8668562,false,false,6,2023-01-01,2023-06-30,-1
2024-11-07,37440,2024-12-31,3,15717000000,0.343,,,,,-86000000,,41000000,,,-12000000,,-1.46,,,,,,6622000000,1130000000,0.157,,1036000000,,,,,,,,,,,,true,false,9,2024-01-01,2024-09-30,0
2024-11-07,37440,2023-12-31,3,11701000000,0.095,,,,,-194000000,,-139000000,,,-186000000,,-21.49,,,,,,,,,,,,,,,,,,,,,,true,false,9,2023-01-01,2023-09-30,-1
2024-11-07,37440,2024-12-31,3,20000000000,0.259,,,,,-70000000,,45000000,,,280000000,,32.30,,,,,,,,,,,,,,,,,,,,,,true,true,12,2024-01-01,2024-12-31,0
2024-11-07,37440,2023-12-31,3,,,,,,,,,,,,,,,,,,,,6706000000,1187000000,0.164,,1099000000,,,,,,,,,,,,true,false,12,2023-01-01,2023-12-31,-1
2024-11-07,37440,2023-12-31,3,,,,,,,,,,,,,,,,,,,,,,,,,,,,,5.00,,,,8874400,205838,,false,false,12,2023-01-01,2023-12-31,-1
2024-11-07,37440,2024-12-31,3,,,,,,,,,,,,,,,,,,,,,,,,,,,,,0.00,,,,,,,false,false,12,2024-01-01,2024-12-31,0
2024-11-07,37440,2024-12-31,3,,,,,,,,,,,,,,,,,,,,,,,,,,,,,10.00,,,,,,,false,true,12,2024-01-01,2024-12-31,0
2024-11-07,37440,2024-12-31,3,,,,,,,,,,,,,,,,,,,,,,,,,,,,,,,,,8874400,205838,8668562,false,false,9,2024-01-01,2024-09-30,0
2024-11-07,37440,2023-12-31,3,,,,,,,,,,,,,,,,,,,,,,,,,,,,,,,,,,,8668562,false,false,9,2023-01-01,2023-09-30,-1
,37440,2024-12-31,,,,,,,,,,,,,,,,,,,,,,,,,,,,,,0.00,,,,,,,false,true,12,2024-01-01,2024-12-31,0
,37440,2024-12-31,,,,,,,,,,,,,,,,,,,,,,,,,,,,,,0.00,,,,,,,false,false,12,2024-01-01,2024-12-31,0
,37440,2023-12-31,,,,,,,,,,,,,,,,,,,,,,,,,,,,,,5.00,,,,,,,false,false,12,2023-01-01,2023-12-31,-1
2025-02-12,37440,2024-12-31,,20561000000,0.028,,,,,35000000,,183000000,3.067,,351000000,,40.44,,,,,,,,,,,,,,,,,,,,,,true,true,12,2024-01-01,2024-12-31,0
2025-02-12,37440,2023-12-31,,15889000000,,,,,,-208000000,,-15000000,,,-18000000,,-2.18,,,,,,,,,,,,,,,,,,,,,,true,false,12,2023-01-01,2023-12-31,-1
2025-02-14,37440,2024-12-31,,20561000000,0.294,,,,,35000000,,189000000,,,351000000,,40.57,,0.268,0.026,0.002,,8085000000,1537000000,0.177,165.51,1434000000,865000000,298000000,-127000000,3677000000,,,,,,,,true,false,12,2024-01-01,2024-12-31,0
2025-02-14,37440,2023-12-31,,15889000000,0.102,,,,,-208000000,,-15000000,,,-18000000,,-2.18,,-0.017,-0.002,-0.013,,6706000000,1187000000,0.164,126.83,1099000000,28000000,188000000,-157000000,2604000000,,,,,,,,true,false,12,2023-01-01,2023-12-31,-1
2025-02-14,37440,2025-12-31,,19000000000,-0.076,,,,,70000000,0.995,160000000,-0.153,,100000000,,11.54,,,,,,,,,,,,,,,,,,,,,,true,true,12,2025-01-01,2025-12-31,1
2025-02-14,37440,2024-12-31,,1041000000,0.021,,,,,101000000,-0.075,100000000,-0.421,-569000000,,,-65.72,,,,,,2509000000,1453000000,0.579,167.70,1453000000,,,,,0.00,,,,8874400,205838,8668562,false,false,12,2024-01-01,2024-12-31,0
2025-02-14,37440,2023-12-31,,1020000000,-0.201,,,,,109000000,-0.655,174000000,-0.417,129000000,,-0.547,14.93,,,,,,3060000000,2066000000,0.675,238.36,2066000000,,,,,5.00,,,,8874400,205838,8668562,false,false,12,2023-01-01,2023-12-31,-1
2025-02-14,37440,2025-12-31,,,,,,,,,,,,,,,,,,,,,,,,,,,,,,0.00,,,,,,,false,true,12,2025-01-01,2025-12-31,1
2025-05-08,37440,2025-12-31,1,4992000000,-0.221,,,,,68000000,2.720,73000000,0.292,,38000000,,4.49,,,,,,8193000000,1555000000,0.178,,1457000000,,,,,,,,,,,,true,false,3,2025-01-01,2025-03-31,0
2025-05-08,37440,2024-12-31,1,6405000000,0.518,,,,,18000000,-0.253,57000000,-0.007,,38000000,,4.46,,,,,,,,,,,,,,,,,,,,,,true,false,3,2024-01-01,2024-03-31,-1
2025-05-08,37440,2025-12-31,1,19000000000,-0.076,,,,,70000000,0.995,160000000,-0.153,,100000000,,11.54,,,,,,,,,,,,,,,,,,,,,,true,true,12,2025-01-01,2025-12-31,0
2025-05-08,37440,2024-12-31,1,,,,,,,,,,,,,,,,,,,,8085000000,1537000000,0.177,,1434000000,,,,,,,,,,,,true,false,12,2024-01-01,2024-12-31,-1
2025-05-08,37440,2024-12-31,1,,,,,,,,,,,,,,,,,,,,,,,,,,,,,0.00,,,,8874400,205838,,false,false,12,2024-01-01,2024-12-31,-1
2025-05-08,37440,2025-12-31,1,,,,,,,,,,,,,,,,,,,,,,,,,,,,,0.00,,,,,,,false,true,12,2025-01-01,2025-12-31,0
2025-05-08,37440,2025-12-31,1,,,,,,,,,,,,,,,,,,,,,,,,,,,,,,,,,8874400,205338,8668568,false,false,3,2025-01-01,2025-03-31,0
2025-05-08,37440,2024-12-31,1,,,,,,,,,,,,,,,,,,,,,,,,,,,,,,,,,,,8668562,false,false,3,2024-01-01,2024-03-31,-1
