filing_date,code,fiscal_year_end,quarterly_period,net_sales,net_sales_change,revenue,revenue_change,operating_revenue,operating_revenue_change,operating_profit,operating_profit_change,ordinary_profit,ordinary_profit_change,net_income,net_income_of_parent,net_income_change,eps,diluted_eps,roe,roa,operating_profit_to_net_sales,operating_profit_to_revenue,total_assets,net_assets,equity_ratio,bps,owner_equity,operating_cash_flow,investing_cash_flow,financing_cash_flow,cash,dividend_per_share,payout_ratio,commemorative_dividend,extra_dividend,number_of_shares,number_of_treqsury_shares,avg_number_of_shares,is_consolidated,is_forecast,duration,period_start,period_end,period_pos
2015-05-08,37620,2015-03-31,,18417000000,0.061,,,,,1130000000,0.010,1132000000,-0.027,584000000,,-0.263,48.25,48.15,0.094,0.083,0.061,,14227000000,6451000000,0.453,530.20,6449000000,1075000000,-341000000,-205000000,4291000000,,0.311,,,,,,true,false,12,2014-04-01,2015-03-31,0
2015-05-08,37620,2014-03-31,,17353000000,0.037,,,,,1118000000,-0.064,1164000000,-0.007,793000000,,0.261,66.37,65.96,0.136,0.092,0.064,,13170000000,6252000000,0.468,513.07,6165000000,1247000000,-976000000,-145000000,3759000000,,0.226,,,,,,true,false,12,2013-04-01,2014-03-31,-1
2015-05-08,37620,2016-03-31,,9600000000,0.116,,,,,440000000,0.256,440000000,0.280,,270000000,,22.28,,,,,,,,,,,,,,,,,,,,,,true,true,6,2015-04-01,2015-09-30,1
2015-05-08,37620,2016-03-31,,20400000000,0.108,,,,,1300000000,0.150,1300000000,0.148,,840000000,,69.33,,,,,,,,,,,,,,,,0.245,,,,,,true,true,12,2015-04-01,2016-03-31,1
2015-05-08,37620,2015-03-31,,13972000000,0.110,,,,,957000000,0.086,960000000,0.052,497000000,,-0.299,41.04,40.96,,,,,13410000000,6732000000,0.502,553.49,6732000000,,,,,15.00,,,,12379600,216356,12115944,false,false,12,2014-04-01,2015-03-31,0
2015-05-08,37620,2014-03-31,,12585000000,0.009,,,,,881000000,-0.103,913000000,-0.058,709000000,,0.260,59.35,58.99,,,,,11906000000,6276000000,0.527,522.31,6276000000,,,,,15.00,,,,12379600,363556,11948935,false,false,12,2013-04-01,2014-03-31,-1
2015-05-08,37620,2016-03-31,,7300000000,0.154,,,,,,,400000000,0.381,250000000,,0.402,20.63,,,,,,,,,,,,,,,,,,,,,,false,true,6,2015-04-01,2015-09-30,1
2015-05-08,37620,2016-03-31,,15400000000,0.102,,,,,,,1080000000,0.124,700000000,,0.408,57.78,,,,,,,,,,,,,,,17.00,,,,,,,false,true,12,2015-04-01,2016-03-31,1
2015-07-31,37620,2016-03-31,1,4848000000,0.228,,,,,104000000,0.638,106000000,0.223,,25000000,,2.06,,,,,,14453000000,6295000000,0.435,,6291000000,,,,,,,,,,,,true,false,3,2015-04-01,2015-06-30,0
2015-07-31,37620,2015-03-31,1,3949000000,0.033,,,,,63000000,0.089,87000000,0.376,,43000000,,3.64,3.62,,,,,,,,,,,,,,,,,,,,,true,false,3,2014-04-01,2014-06-30,-1
2015-07-31,37620,2016-03-31,1,9600000000,0.116,,,,,440000000,0.256,440000000,0.280,,270000000,,22.20,,,,,,,,,,,,,,,,,,,,,,true,true,6,2015-04-01,2015-09-30,0
2015-07-31,37620,2016-03-31,1,20400000000,0.108,,,,,1300000000,0.150,1300000000,0.148,,840000000,,69.06,,,,,,,,,,,,,,,,,,,,,,true,true,12,2015-04-01,2016-03-31,0
2015-07-31,37620,2015-03-31,1,,,,,,,,,,,,,,,,,,,,14227000000,6451000000,0.453,,6449000000,,,,,,,,,,,,true,false,12,2014-04-01,2015-03-31,-1
2015-07-31,37620,2015-03-31,1,,,,,,,,,,,,,,,,,,,,,,,,,,,,,15.00,,,,12379600,216356,,false,false,12,2014-04-01,2015-03-31,-1
2015-07-31,37620,2016-03-31,1,,,,,,,,,,,,,,,,,,,,,,,,,,,,,17.00,,,,,,,false,true,12,2015-04-01,2016-03-31,0
2015-07-31,37620,2016-03-31,1,,,,,,,,,,,,,,,,,,,,,,,,,,,,,,,,,12379600,216356,12163244,false,false,3,2015-04-01,2015-06-30,0
2015-07-31,37620,2015-03-31,1,,,,,,,,,,,,,,,,,,,,,,,,,,,,,,,,,,,12020936,false,false,3,2014-04-01,2014-06-30,-1
2015-10-30,37620,2016-03-31,2,10138000000,0.178,,,,,516000000,0.473,518000000,0.510,,296000000,,26.05,,,,,,14005000000,3476000000,0.248,,3469000000,,,,,,,,,,,,true,false,6,2015-04-01,2015-09-30,0
2015-10-30,37620,2015-03-31,2,8604000000,0.034,,,,,350000000,-0.187,343000000,-0.231,,211000000,,17.53,17.46,,,,,,,,,,,,,,,,,,,,,true,false,6,2014-04-01,2014-09-30,-1
2015-10-30,37620,2016-03-31,2,20400000000,0.108,,,,,1300000000,0.150,1300000000,0.148,,840000000,,73.79,,,,,,,,,,,,,,,,,,,,,,true,true,12,2015-04-01,2016-03-31,0
2015-10-30,37620,2015-03-31,2,,,,,,,,,,,,,,,,,,,,14227000000,6451000000,0.453,,6449000000,,,,,,,,,,,,true,false,12,2014-04-01,2015-03-31,-1
2015-10-30,37620,2015-03-31,2,,,,,,,,,,,,,,,,,,,,,,,,,,,,,15.00,,,,12379600,216356,,false,false,12,2014-04-01,2015-03-31,-1
2015-10-30,37620,2016-03-31,2,,,,,,,,,,,,,,,,,,,,,,,,,,,,,0.00,,,,,,,false,false,12,2015-04-01,2016-03-31,0
2015-10-30,37620,2016-03-31,2,,,,,,,,,,,,,,,,,,,,,,,,,,,,,17.00,,,,,,,false,true,12,2015-04-01,2016-03-31,0
2015-10-30,37620,2016-03-31,2,,,,,,,,,,,,,,,,,,,,,,,,,,,,,,,,,12379600,3694356,11384019,false,false,6,2015-04-01,2015-09-30,0
2015-10-30,37620,2015-03-31,2,,,,,,,,,,,,,,,,,,,,,,,,,,,,,,,,,,,12068903,false,false,6,2014-04-01,2014-09-30,-1
2016-01-29,37620,2016-03-31,3,15079000000,0.162,,,,,774000000,0.426,777000000,0.472,,447000000,,42.69,,,,,,14569000000,3628000000,0.248,,3617000000,,,,,,,,,,,,true,false,9,2015-04-01,2015-12-31,0
2016-01-29,37620,2015-03-31,3,12979000000,0.065,,,,,542000000,-0.111,527000000,-0.151,,235000000,,19.46,19.41,,,,,,,,,,,,,,,,,,,,,true,false,9,2014-04-01,2014-12-31,-1
2016-01-29,37620,2016-03-31,3,20400000000,0.108,,,,,1300000000,0.150,1300000000,0.148,,840000000,,80.14,,,,,,,,,,,,,,,,,,,,,,true,true,12,2015-04-01,2016-03-31,0
2016-01-29,37620,2015-03-31,3,,,,,,,,,,,,,,,,,,,,14227000000,6451000000,0.453,,6449000000,,,,,,,,,,,,true,false,12,2014-04-01,2015-03-31,-1
2016-01-29,37620,2015-03-31,3,,,,,,,,,,,,,,,,,,,,,,,,,,,,,15.00,,,,12379600,216356,,false,false,12,2014-04-01,2015-03-31,-1
2016-01-29,37620,2016-03-31,3,,,,,,,,,,,,,,,,,,,,,,,,,,,,,0.00,,,,,,,false,false,12,2015-04-01,2016-03-31,0
2016-01-29,37620,2016-03-31,3,,,,,,,,,,,,,,,,,,,,,,,,,,,,,17.00,,,,,,,false,true,12,2015-04-01,2016-03-31,0
2016-01-29,37620,2016-03-31,3,,,,,,,,,,,,,,,,,,,,,,,,,,,,,,,,,12379600,3694391,10481152,false,false,9,2015-04-01,2015-12-31,0
2016-01-29,37620,2015-03-31,3,,,,,,,,,,,,,,,,,,,,,,,,,,,,,,,,,,,12100464,false,false,9,2014-04-01,2014-12-31,-1
,37620,2016-03-31,,,,,,,,,,,,,,,,,,,,,,,,,,,,,,20.00,,,,,,,false,true,12,2015-04-01,2016-03-31,0
,37620,2016-03-31,,,,,,,,,,,,,,,,,,,,,,,,,,,,,,0.00,,,,,,,false,false,12,2015-04-01,2016-03-31,0
,37620,2015-03-31,,,,,,,,,,,,,,,,,,,,,,,,,,,,,,15.00,,,,,,,false,false,12,2014-04-01,2015-03-31,-1
2016-05-09,37620,2016-03-31,,20920000000,0.136,,,,,1381000000,0.222,1420000000,0.254,,829000000,,82.67,,0.160,0.095,0.066,,15718000000,3967000000,0.251,455.08,3952000000,1366000000,-89000000,-869000000,4698000000,,0.242,,,,,,true,false,12,2015-04-01,2016-03-31,0
2016-05-09,37620,2015-03-31,,18417000000,0.061,,,,,1130000000,0.010,1132000000,-0.027,,584000000,,48.25,48.15,0.094,0.083,0.061,,14227000000,6451000000,0.453,530.20,6449000000,1075000000,-341000000,-205000000,4291000000,,0.311,,,,,,true,false,12,2014-04-01,2015-03-31,-1
2016-05-09,37620,2017-03-31,,10500000000,0.036,,,,,590000000,0.143,590000000,0.137,,350000000,,34.88,,,,,,,,,,,,,,,,,,,,,,true,true,6,2016-04-01,2016-09-30,1
2016-05-09,37620,2017-03-31,,22300000000,0.066,,,,,1650000000,0.194,1650000000,0.161,,1030000000,,102.64,,,,,,,,,,,,,,,,,,,,,,true,true,12,2016-04-01,2017-03-31,1
2016-05-09,37620,2016-03-31,,16371000000,0.172,,,,,1151000000,0.202,1178000000,0.226,732000000,,0.474,73.03,,,,,,14813000000,4169000000,0.281,480.10,4169000000,,,,,20.00,,,,12379600,3694391,10034620,false,false,12,2015-04-01,2016-03-31,0
2016-05-09,37620,2015-03-31,,13972000000,0.110,,,,,957000000,0.086,960000000,0.052,497000000,,-0.299,41.04,40.96,,,,,13410000000,6732000000,0.502,553.49,6732000000,,,,,15.00,,,,12379600,216356,12115944,false,false,12,2014-04-01,2015-03-31,-1
2016-05-09,37620,2017-03-31,,8000000000,0.019,,,,,,,500000000,0.088,340000000,,0.227,33.88,,,,,,,,,,,,,,,,,,,,,,false,true,6,2016-04-01,2016-09-30,1
2016-05-09,37620,2017-03-31,,17200000000,0.051,,,,,,,1350000000,0.146,900000000,,0.228,89.69,,,,,,,,,,,,,,,25.00,,,,,,,false,true,12,2016-04-01,2017-03-31,1
2016-07-29,37620,2017-03-31,1,4885000000,0.008,,,,,123000000,0.182,132000000,0.238,,77000000,,8.93,,,,,,15487000000,3855000000,0.248,,3838000000,,,,,,,,,,,,true,false,3,2016-04-01,2016-06-30,0
2016-07-29,37620,2016-03-31,1,4848000000,0.228,,,,,104000000,0.638,106000000,0.223,,25000000,,2.06,,,,,,,,,,,,,,,,,,,,,,true,false,3,2015-04-01,2015-06-30,-1
2016-07-29,37620,2017-03-31,1,10500000000,0.036,,,,,590000000,0.143,590000000,0.137,,350000000,,40.30,,,,,,,,,,,,,,,,,,,,,,true,true,6,2016-04-01,2016-09-30,0
2016-07-29,37620,2017-03-31,1,22300000000,0.066,,,,,1650000000,0.194,1650000000,0.161,,1030000000,,118.59,,,,,,,,,,,,,,,,,,,,,,true,true,12,2016-04-01,2017-03-31,0
2016-07-29,37620,2016-03-31,1,,,,,,,,,,,,,,,,,,,,15718000000,3967000000,0.251,,3952000000,,,,,,,,,,,,true,false,12,2015-04-01,2016-03-31,-1
2016-07-29,37620,2016-03-31,1,,,,,,,,,,,,,,,,,,,,,,,,,,,,,20.00,,,,12379600,3694391,,false,false,12,2015-04-01,2016-03-31,-1
2016-07-29,37620,2017-03-31,1,,,,,,,,,,,,,,,,,,,,,,,,,,,,,25.00,,,,,,,false,true,12,2016-04-01,2017-03-31,0
2016-07-29,37620,2017-03-31,1,,,,,,,,,,,,,,,,,,,,,,,,,,,,,,,,,12379600,3694391,8685209,false,false,3,2016-04-01,2016-06-30,0
2016-07-29,37620,2016-03-31,1,,,,,,,,,,,,,,,,,,,,,,,,,,,,,,,,,,,12163244,false,false,3,2015-04-01,2015-06-30,-1
2016-10-31,37620,2017-03-31,2,10397000000,0.026,,,,,595000000,0.153,608000000,0.173,,389000000,,44.83,44.82,,,,,15592000000,4187000000,0.267,,4165000000,,,,,,,,,,,,true,false,6,2016-04-01,2016-09-30,0
2016-10-31,37620,2016-03-31,2,10138000000,0.178,,,,,516000000,0.473,518000000,0.510,,296000000,,26.05,,,,,,,,,,,,,,,,,,,,,,true,false,6,2015-04-01,2015-09-30,-1
2016-10-31,37620,2017-03-31,2,22300000000,0.066,,,,,1650000000,0.194,1650000000,0.161,,1030000000,,118.59,,,,,,,,,,,,,,,,,,,,,,true,true,12,2016-04-01,2017-03-31,0
2016-10-31,37620,2016-03-31,2,,,,,,,,,,,,,,,,,,,,15718000000,3967000000,0.251,,3952000000,,,,,,,,,,,,true,false,12,2015-04-01,2016-03-31,-1
2016-10-31,37620,2016-03-31,2,,,,,,,,,,,,,,,,,,,,,,,,,,,,,20.00,,,,12379600,3694391,,false,false,12,2015-04-01,2016-03-31,-1
2016-10-31,37620,2017-03-31,2,,,,,,,,,,,,,,,,,,,,,,,,,,,,,0.00,,,,,,,false,false,12,2016-04-01,2017-03-31,0
2016-10-31,37620,2017-03-31,2,,,,,,,,,,,,,,,,,,,,,,,,,,,,,25.00,,,,,,,false,true,12,2016-04-01,2017-03-31,0
2016-10-31,37620,2017-03-31,2,,,,,,,,,,,,,,,,,,,,,,,,,,,,,,,,,12379600,3694475,8685175,false,false,6,2016-04-01,2016-09-30,0
2016-10-31,37620,2016-03-31,2,,,,,,,,,,,,,,,,,,,,,,,,,,,,,,,,,,,11384019,false,false,6,2015-04-01,2015-09-30,-1
2017-01-31,37620,2017-03-31,3,15689000000,0.040,,,,,1004000000,0.297,986000000,0.269,,618000000,,71.20,71.18,,,,,15825000000,4459000000,0.280,,4428000000,,,,,,,,,,,,true,false,9,2016-04-01,2016-12-31,0
2017-01-31,37620,2016-03-31,3,15079000000,0.162,,,,,774000000,0.426,777000000,0.472,,447000000,,42.69,,,,,,,,,,,,,,,,,,,,,,true,false,9,2015-04-01,2015-12-31,-1
2017-01-31,37620,2017-03-31,3,22300000000,0.066,,,,,1650000000,0.194,1650000000,0.161,,1030000000,,118.59,,,,,,,,,,,,,,,,,,,,,,true,true,12,2016-04-01,2017-03-31,0
2017-01-31,37620,2016-03-31,3,,,,,,,,,,,,,,,,,,,,15718000000,3967000000,0.251,,3952000000,,,,,,,,,,,,true,false,12,2015-04-01,2016-03-31,-1
2017-01-31,37620,2016-03-31,3,,,,,,,,,,,,,,,,,,,,,,,,,,,,,20.00,,,,12379600,3694391,,false,false,12,2015-04-01,2016-03-31,-1
2017-01-31,37620,2017-03-31,3,,,,,,,,,,,,,,,,,,,,,,,,,,,,,0.00,,,,,,,false,false,12,2016-04-01,2017-03-31,0
2017-01-31,37620,2017-03-31,3,,,,,,,,,,,,,,,,,,,,,,,,,,,,,25.00,,,,,,,false,true,12,2016-04-01,2017-03-31,0
2017-01-31,37620,2017-03-31,3,,,,,,,,,,,,,,,,,,,,,,,,,,,,,,,,,12379600,3694513,8685147,false,false,9,2016-04-01,2016-12-31,0
2017-01-31,37620,2016-03-31,3,,,,,,,,,,,,,,,,,,,,,,,,,,,,,,,,,,,10481152,false,false,9,2015-04-01,2015-12-31,-1
,37620,2017-03-31,,,,,,,,,,,,,,,,,,,,,,,,,,,,,,12.50,,,,,,,false,true,12,2016-04-01,2017-03-31,0
,37620,2017-03-31,,,,,,,,,,,,,,,,,,,,,,,,,,,,,,0.00,,,,,,,false,false,12,2016-04-01,2017-03-31,0
,37620,2016-03-31,,,,,,,,,,,,,,,,,,,,,,,,,,,,,,20.00,,,,,,,false,false,12,2015-04-01,2016-03-31,-1
,37620,2017-03-31,,,,,,,,,,,,,,,,,,,,,,,,,,,,,,15.00,,,,,,,false,true,12,2016-04-01,2017-03-31,0
,37620,2017-03-31,,,,,,,,,,,,,,,,,,,,,,,,,,,,,,0.00,,,,,,,false,false,12,2016-04-01,2017-03-31,0
,37620,2016-03-31,,,,,,,,,,,,,,,,,,,,,,,,,,,,,,20.00,,,,,,,false,false,12,2015-04-01,2016-03-31,-1
2017-05-09,37620,2017-03-31,,21996000000,0.051,,,,,1643000000,0.190,1626000000,0.145,,1018000000,,58.64,58.60,0.232,0.099,0.075,,17280000000,4853000000,0.279,277.14,4813000000,1629000000,-454000000,-414000000,5458000000,,0.256,,,,,,true,false,12,2016-04-01,2017-03-31,0
2017-05-09,37620,2016-03-31,,20920000000,0.136,,,,,1381000000,0.222,1420000000,0.254,,829000000,,41.34,,0.160,0.095,0.066,,15718000000,3967000000,0.251,227.54,3952000000,1366000000,-89000000,-869000000,4698000000,,0.242,,,,,,true,false,12,2015-04-01,2016-03-31,-1
2017-05-09,37620,2018-03-31,,11200000000,0.077,,,,,700000000,0.176,900000000,0.479,,600000000,,34.54,,,,,,,,,,,,,,,,,,,,,,true,true,6,2017-04-01,2017-09-30,1
2017-05-09,37620,2018-03-31,,24000000000,0.091,,,,,2000000000,0.217,2200000000,0.352,,1400000000,,80.60,,,,,,,,,,,,,,,,0.223,,,,,,true,true,12,2017-04-01,2018-03-31,1
2017-05-09,37620,2017-03-31,,17167000000,0.049,,,,,1312000000,0.140,1296000000,0.100,902000000,,0.232,51.98,51.95,,,,,15658000000,4939000000,0.315,283.54,4925000000,,,,,15.00,,,,24759200,7389124,17370251,false,false,12,2016-04-01,2017-03-31,0
2017-05-09,37620,2016-03-31,,16371000000,0.172,,,,,1151000000,0.202,1178000000,0.226,732000000,,0.474,36.51,,,,,,14813000000,4169000000,0.281,240.05,4169000000,,,,,20.00,,,,24759200,7388782,20069239,false,false,12,2015-04-01,2016-03-31,-1
2017-05-09,37620,2018-03-31,,8800000000,0.099,,,,,,,600000000,0.358,400000000,,0.312,23.03,,,,,,,,,,,,,,,,,,,,,,false,true,6,2017-04-01,2017-09-30,1
2017-05-09,37620,2018-03-31,,18800000000,0.095,,,,,,,1600000000,0.234,1100000000,,0.218,63.33,,,,,,,,,,,,,,,18.00,,,,,,,false,true,12,2017-04-01,2018-03-31,1
2017-07-31,37620,2018-03-31,1,4931000000,0.009,,,,,103000000,-0.163,245000000,0.855,,148000000,,8.52,8.51,,,,,16801000000,4767000000,0.281,,4717000000,,,,,,,,,,,,true,false,3,2017-04-01,2017-06-30,0
2017-07-31,37620,2017-03-31,1,4885000000,0.008,,,,,123000000,0.182,132000000,0.238,,77000000,,4.47,,,,,,,,,,,,,,,,,,,,,,true,false,3,2016-04-01,2016-06-30,-1
2017-07-31,37620,2018-03-31,1,11200000000,0.077,,,,,700000000,0.176,900000000,0.479,,600000000,,34.54,,,,,,,,,,,,,,,,,,,,,,true,true,6,2017-04-01,2017-09-30,0
2017-07-31,37620,2018-03-31,1,24000000000,0.091,,,,,2000000000,0.217,2200000000,0.352,,1400000000,,80.60,,,,,,,,,,,,,,,,,,,,,,true,true,12,2017-04-01,2018-03-31,0
2017-07-31,37620,2017-03-31,1,,,,,,,,,,,,,,,,,,,,17280000000,4853000000,0.279,,4813000000,,,,,,,,,,,,true,false,12,2016-04-01,2017-03-31,-1
2017-07-31,37620,2017-03-31,1,,,,,,,,,,,,,,,,,,,,,,,,,,,,,15.00,,,,24759200,7389124,,false,false,12,2016-04-01,2017-03-31,-1
2017-07-31,37620,2018-03-31,1,,,,,,,,,,,,,,,,,,,,,,,,,,,,,18.00,,,,,,,false,true,12,2017-04-01,2018-03-31,0
2017-07-31,37620,2018-03-31,1,,,,,,,,,,,,,,,,,,,,,,,,,,,,,,,,,24759200,7389124,17370076,false,false,3,2017-04-01,2017-06-30,0
2017-07-31,37620,2017-03-31,1,,,,,,,,,,,,,,,,,,,,,,,,,,,,,,,,,,,17370418,false,false,3,2016-04-01,2016-06-30,-1
2017-10-31,37620,2018-03-31,2,11028000000,0.061,,,,,556000000,-0.065,697000000,0.146,,447000000,,25.78,25.74,,,,,17360000000,5087000000,0.290,,5028000000,,,,,,,,,,,,true,false,6,2017-04-01,2017-09-30,0
2017-10-31,37620,2017-03-31,2,10397000000,0.026,,,,,595000000,0.153,608000000,0.173,,389000000,,22.41,22.41,,,,,,,,,,,,,,,,,,,,,true,false,6,2016-04-01,2016-09-30,-1
2017-10-31,37620,2018-03-31,2,24000000000,0.091,,,,,2000000000,0.217,2200000000,0.352,,1400000000,,80.60,,,,,,,,,,,,,,,,,,,,,,true,true,12,2017-04-01,2018-03-31,0
2017-10-31,37620,2017-03-31,2,,,,,,,,,,,,,,,,,,,,17280000000,4853000000,0.279,,4813000000,,,,,,,,,,,,true,false,12,2016-04-01,2017-03-31,-1
2017-10-31,37620,2017-03-31,2,,,,,,,,,,,,,,,,,,,,,,,,,,,,,15.00,,,,24759200,7389124,,false,false,12,2016-04-01,2017-03-31,-1
2017-10-31,37620,2018-03-31,2,,,,,,,,,,,,,,,,,,,,,,,,,,,,,0.00,,,,,,,false,false,12,2017-04-01,2018-03-31,0
2017-10-31,37620,2018-03-31,2,,,,,,,,,,,,,,,,,,,,,,,,,,,,,18.00,,,,,,,false,true,12,2017-04-01,2018-03-31,0
2017-10-31,37620,2018-03-31,2,,,,,,,,,,,,,,,,,,,,,,,,,,,,,,,,,24759200,7387924,17370666,false,false,6,2017-04-01,2017-09-30,0
2017-10-31,37620,2017-03-31,2,,,,,,,,,,,,,,,,,,,,,,,,,,,,,,,,,,,17370351,false,false,6,2016-04-01,2016-09-30,-1
2018-01-31,37620,2018-03-31,3,16503000000,0.052,,,,,939000000,-0.064,1077000000,0.093,,683000000,,39.35,39.29,,,,,17419000000,5354000000,0.303,,5286000000,,,,,,,,,,,,true,false,9,2017-04-01,2017-12-31,0
2018-01-31,37620,2017-03-31,3,15689000000,0.040,,,,,1004000000,0.297,986000000,0.269,,618000000,,35.60,35.59,,,,,,,,,,,,,,,,,,,,,true,false,9,2016-04-01,2016-12-31,-1
2018-01-31,37620,2018-03-31,3,24000000000,0.091,,,,,2000000000,0.217,2200000000,0.352,,1400000000,,80.59,,,,,,,,,,,,,,,,,,,,,,true,true,12,2017-04-01,2018-03-31,0
2018-01-31,37620,2017-03-31,3,,,,,,,,,,,,,,,,,,,,17280000000,4853000000,0.279,,4813000000,,,,,,,,,,,,true,false,12,2016-04-01,2017-03-31,-1
2018-01-31,37620,2017-03-31,3,,,,,,,,,,,,,,,,,,,,,,,,,,,,,15.00,,,,24759200,7389124,,false,false,12,2016-04-01,2017-03-31,-1
2018-01-31,37620,2018-03-31,3,,,,,,,,,,,,,,,,,,,,,,,,,,,,,0.00,,,,,,,false,false,12,2017-04-01,2018-03-31,0
2018-01-31,37620,2018-03-31,3,,,,,,,,,,,,,,,,,,,,,,,,,,,,,18.00,,,,,,,false,true,12,2017-04-01,2018-03-31,0
2018-01-31,37620,2018-03-31,3,,,,,,,,,,,,,,,,,,,,,,,,,,,,,,,,,24759200,7387953,17370869,false,false,9,2017-04-01,2017-12-31,0
2018-01-31,37620,2017-03-31,3,,,,,,,,,,,,,,,,,,,,,,,,,,,,,,,,,,,17370293,false,false,9,2016-04-01,2016-12-31,-1
,37620,2018-03-31,,,,,,,,,,,,,,,,,,,,,,,,,,,,,,20.00,,,,,,,false,true,12,2017-04-01,2018-03-31,0
,37620,2018-03-31,,,,,,,,,,,,,,,,,,,,,,,,,,,,,,0.00,,,,,,,false,false,12,2017-04-01,2018-03-31,0
,37620,2017-03-31,,,,,,,,,,,,,,,,,,,,,,,,,,,,,,15.00,,,,,,,false,false,12,2016-04-01,2017-03-31,-1
2018-05-09,37620,2018-03-31,,23512000000,0.069,,,,,1902000000,0.158,2054000000,0.263,,1308000000,,75.31,75.19,0.244,0.114,0.081,,18626000000,5973000000,0.317,339.40,5895000000,1432000000,-171000000,-621000000,6097000000,,0.266,,,,,,true,false,12,2017-04-01,2018-03-31,0
2018-05-09,37620,2017-03-31,,21996000000,0.051,,,,,1643000000,0.190,1626000000,0.145,,1018000000,,58.64,58.60,0.232,0.099,0.075,,17280000000,4853000000,0.279,277.14,4813000000,1629000000,-454000000,-414000000,5458000000,,0.256,,,,,,true,false,12,2016-04-01,2017-03-31,-1
2018-05-09,37620,2019-03-31,,11500000000,0.043,,,,,860000000,0.545,840000000,0.204,,530000000,,30.51,,,,,,,,,,,,,,,,,,,,,,true,true,6,2018-04-01,2018-09-30,1
2018-05-09,37620,2019-03-31,,24500000000,0.042,,,,,2200000000,0.156,2170000000,0.056,,1390000000,,80.02,,,,,,,,,,,,,,,,0.287,,,,,,true,true,12,2018-04-01,2019-03-31,1
2018-05-09,37620,2018-03-31,,18216000000,0.061,,,,,1517000000,0.157,1508000000,0.163,992000000,,0.099,57.11,57.02,,,,,16662000000,5718000000,0.341,327.31,5685000000,,,,,20.00,,,,24759200,7387953,17370962,false,false,12,2017-04-01,2018-03-31,0
2018-05-09,37620,2017-03-31,,17167000000,0.049,,,,,1312000000,0.140,1296000000,0.100,902000000,,0.232,51.98,51.95,,,,,15658000000,4939000000,0.315,283.54,4925000000,,,,,15.00,,,,24759200,7389124,17370251,false,false,12,2016-04-01,2017-03-31,-1
2018-05-09,37620,2019-03-31,,8000000000,-0.069,,,,,640000000,0.305,620000000,0.303,430000000,,0.324,24.75,,,,,,,,,,,,,,,,,,,,,,false,true,6,2018-04-01,2018-09-30,1
2018-05-09,37620,2019-03-31,,17000000000,-0.067,,,,,1530000000,0.008,1510000000,0.001,1050000000,,0.058,60.45,,,,,,,,,,,,,,,23.00,,,,,,,false,true,12,2018-04-01,2019-03-31,1
2018-07-31,37620,2019-03-31,1,5658000000,0.147,,,,,353000000,2.424,320000000,0.306,,213000000,,12.29,12.27,,,,,20661000000,8041000000,0.332,,6862000000,,,,,,,,,,,,true,false,3,2018-04-01,2018-06-30,0
2018-07-31,37620,2018-03-31,1,4931000000,0.009,,,,,103000000,-0.163,245000000,0.855,,148000000,,8.52,8.51,,,,,,,,,,,,,,,,,,,,,true,false,3,2017-04-01,2017-06-30,-1
2018-07-31,37620,2019-03-31,1,11500000000,0.043,,,,,860000000,0.545,840000000,0.204,,530000000,,30.51,,,,,,,,,,,,,,,,,,,,,,true,true,6,2018-04-01,2018-09-30,0
2018-07-31,37620,2019-03-31,1,24500000000,0.042,,,,,2200000000,0.156,2170000000,0.056,,1390000000,,80.02,,,,,,,,,,,,,,,,,,,,,,true,true,12,2018-04-01,2019-03-31,0
2018-07-31,37620,2018-03-31,1,,,,,,,,,,,,,,,,,,,,18626000000,5973000000,0.317,,5895000000,,,,,,,,,,,,true,false,12,2017-04-01,2018-03-31,-1
2018-07-31,37620,2018-03-31,1,,,,,,,,,,,,,,,,,,,,,,,,,,,,,20.00,,,,24759200,7387953,,false,false,12,2017-04-01,2018-03-31,-1
2018-07-31,37620,2019-03-31,1,,,,,,,,,,,,,,,,,,,,,,,,,,,,,23.00,,,,,,,false,true,12,2018-04-01,2019-03-31,0
2018-07-31,37620,2019-03-31,1,,,,,,,,,,,,,,,,,,,,,,,,,,,,,,,,,24759200,7388024,17371233,false,false,3,2018-04-01,2018-06-30,0
2018-07-31,37620,2018-03-31,1,,,,,,,,,,,,,,,,,,,,,,,,,,,,,,,,,,,17370076,false,false,3,2017-04-01,2017-06-30,-1
2018-10-31,37620,2019-03-31,2,12117000000,0.099,,,,,944000000,0.697,888000000,0.274,,585000000,,33.57,33.34,,,,,21894000000,9061000000,0.359,,7852000000,,,,,,,,,,,,true,false,6,2018-04-01,2018-09-30,0
2018-10-31,37620,2018-03-31,2,11028000000,0.061,,,,,556000000,-0.065,697000000,0.146,,447000000,,25.78,25.74,,,,,,,,,,,,,,,,,,,,,true,false,6,2017-04-01,2017-09-30,-1
2018-10-31,37620,2019-03-31,2,24500000000,0.042,,,,,2200000000,0.156,2170000000,0.056,,1390000000,,78.62,,,,,,,,,,,,,,,,,,,,,,true,true,12,2018-04-01,2019-03-31,0
2018-10-31,37620,2018-03-31,2,,,,,,,,,,,,,,,,,,,,18626000000,5973000000,0.317,,5895000000,,,,,,,,,,,,true,false,12,2017-04-01,2018-03-31,-1
2018-10-31,37620,2018-03-31,2,,,,,,,,,,,,,,,,,,,,,,,,,,,,,20.00,,,,24759200,7387953,,false,false,12,2017-04-01,2018-03-31,-1
2018-10-31,37620,2019-03-31,2,,,,,,,,,,,,,,,,,,,,,,,,,,,,,0.00,,,,,,,false,false,12,2018-04-01,2019-03-31,0
2018-10-31,37620,2019-03-31,2,,,,,,,,,,,,,,,,,,,,,,,,,,,,,23.00,,,,,,,false,true,12,2018-04-01,2019-03-31,0
2018-10-31,37620,2019-03-31,2,,,,,,,,,,,,,,,,,,,,,,,,,,,,,,,,,22259200,4580328,17449440,false,false,6,2018-04-01,2018-09-30,0
2018-10-31,37620,2018-03-31,2,,,,,,,,,,,,,,,,,,,,,,,,,,,,,,,,,,,17370666,false,false,6,2017-04-01,2017-09-30,-1
2019-01-31,37620,2019-03-31,3,18441000000,0.117,,,,,1548000000,0.648,1493000000,0.386,,955000000,,54.17,53.68,,,,,23135000000,10615000000,0.406,,9396000000,,,,,,,,,,,,true,false,9,2018-04-01,2018-12-31,0
2019-01-31,37620,2018-03-31,3,16503000000,0.052,,,,,939000000,-0.064,1077000000,0.093,,683000000,,39.35,39.29,,,,,,,,,,,,,,,,,,,,,true,false,9,2017-04-01,2017-12-31,-1
2019-01-31,37620,2019-03-31,3,24500000000,0.042,,,,,2200000000,0.156,2170000000,0.056,,1390000000,,75.72,,,,,,,,,,,,,,,,,,,,,,true,true,12,2018-04-01,2019-03-31,0
2019-01-31,37620,2018-03-31,3,,,,,,,,,,,,,,,,,,,,18626000000,5973000000,0.317,,5895000000,,,,,,,,,,,,true,false,12,2017-04-01,2018-03-31,-1
2019-01-31,37620,2018-03-31,3,,,,,,,,,,,,,,,,,,,,,,,,,,,,,20.00,,,,24759200,7387953,,false,false,12,2017-04-01,2018-03-31,-1
2019-01-31,37620,2019-03-31,3,,,,,,,,,,,,,,,,,,,,,,,,,,,,,0.00,,,,,,,false,false,12,2018-04-01,2019-03-31,0
2019-01-31,37620,2019-03-31,3,,,,,,,,,,,,,,,,,,,,,,,,,,,,,23.00,,,,,,,false,true,12,2018-04-01,2019-03-31,0
2019-01-31,37620,2019-03-31,3,,,,,,,,,,,,,,,,,,,,,,,,,,,,,,,,,22259200,3902528,17642183,false,false,9,2018-04-01,2018-12-31,0
2019-01-31,37620,2018-03-31,3,,,,,,,,,,,,,,,,,,,,,,,,,,,,,,,,,,,17370869,false,false,9,2017-04-01,2017-12-31,-1
,37620,2019-03-31,,,,,,,,,,,,,,,,,,,,,,,,,,,,,,25.00,,,,,,,false,true,12,2018-04-01,2019-03-31,0
,37620,2019-03-31,,,,,,,,,,,,,,,,,,,,,,,,,,,,,,0.00,,,,,,,false,false,12,2018-04-01,2019-03-31,0
,37620,2018-03-31,,,,,,,,,,,,,,,,,,,,,,,,,,,,,,20.00,,,,,,,false,false,12,2017-04-01,2018-03-31,-1
2019-05-09,37620,2019-03-31,,25418000000,0.081,,,,,2418000000,0.271,2352000000,0.145,,1470000000,,82.15,81.28,0.173,0.106,0.095,,25733000000,12374000000,0.432,583.33,11125000000,1980000000,-650000000,4373000000,11802000000,,0.304,,,,,,true,false,12,2018-04-01,2019-03-31,0
2019-05-09,37620,2018-03-31,,23512000000,0.069,,,,,1902000000,0.158,2054000000,0.263,,1308000000,,75.31,75.19,0.244,0.114,0.081,,18626000000,5973000000,0.317,339.40,5895000000,1432000000,-171000000,-621000000,6097000000,,0.266,,,,,,true,false,12,2017-04-01,2018-03-31,-1
2019-05-09,37620,2020-03-31,,12800000000,0.056,,,,,1020000000,0.080,1020000000,0.148,,630000000,,33.03,,,,,,,,,,,,,,,,,,,,,,true,true,6,2019-04-01,2019-09-30,1
2019-05-09,37620,2020-03-31,,26800000000,0.054,,,,,2460000000,0.017,2460000000,0.046,,1600000000,,83.89,,,,,,,,,,,,,,,,0.322,,,,,,true,true,12,2019-04-01,2020-03-31,1
2019-05-09,37620,2019-03-31,,18075000000,-0.008,,,,,1824000000,0.202,1763000000,0.169,1174000000,,0.184,65.60,64.91,,,,,19408000000,8556000000,0.438,445.48,8495000000,,,,,25.00,,,,22259200,3187559,17897867,false,false,12,2018-04-01,2019-03-31,0
2019-05-09,37620,2018-03-31,,18216000000,0.061,,,,,1517000000,0.157,1508000000,0.163,992000000,,0.099,57.11,57.02,,,,,16662000000,5718000000,0.341,327.31,5685000000,,,,,20.00,,,,24759200,7387953,17370962,false,false,12,2017-04-01,2018-03-31,-1
2019-05-09,37620,2020-03-31,,9100000000,0.059,,,,,,,730000000,0.021,510000000,,0.060,26.74,,,,,,,,,,,,,,,,,,,,,,false,true,6,2019-04-01,2019-09-30,1
2019-05-09,37620,2020-03-31,,18900000000,0.046,,,,,,,1750000000,-0.007,1200000000,,0.022,62.92,,,,,,,,,,,,,,,27.00,,,,,,,false,true,12,2019-04-01,2020-03-31,1
2019-07-31,37620,2020-03-31,1,6362000000,0.124,,,,,559000000,0.582,558000000,0.746,,369000000,,18.87,18.80,,,,,26965000000,13665000000,0.460,,12411000000,,,,,,,,,,,,true,false,3,2019-04-01,2019-06-30,0
2019-07-31,37620,2019-03-31,1,5658000000,0.147,,,,,353000000,2.424,320000000,0.306,,213000000,,12.29,12.27,,,,,,,,,,,,,,,,,,,,,true,false,3,2018-04-01,2018-06-30,-1
2019-07-31,37620,2020-03-31,1,12800000000,0.056,,,,,1020000000,0.080,1020000000,0.148,,630000000,,31.70,,,,,,,,,,,,,,,,,,,,,,true,true,6,2019-04-01,2019-09-30,0
2019-07-31,37620,2020-03-31,1,26800000000,0.054,,,,,2460000000,0.017,2460000000,0.046,,1600000000,,80.52,,,,,,,,,,,,,,,,,,,,,,true,true,12,2019-04-01,2020-03-31,0
2019-07-31,37620,2019-03-31,1,,,,,,,,,,,,,,,,,,,,25733000000,12374000000,0.432,,11125000000,,,,,,,,,,,,true,false,12,2018-04-01,2019-03-31,-1
2019-07-31,37620,2019-03-31,1,,,,,,,,,,,,,,,,,,,,,,,,,,,,,25.00,,,,22259200,3187559,,false,false,12,2018-04-01,2019-03-31,-1
2019-07-31,37620,2020-03-31,1,,,,,,,,,,,,,,,,,,,,,,,,,,,,,27.00,,,,,,,false,true,12,2019-04-01,2020-03-31,0
2019-07-31,37620,2020-03-31,1,,,,,,,,,,,,,,,,,,,,,,,,,,,,,,,,,22259200,2388080,19585372,false,false,3,2019-04-01,2019-06-30,0
2019-07-31,37620,2019-03-31,1,,,,,,,,,,,,,,,,,,,,,,,,,,,,,,,,,,,17371233,false,false,3,2018-04-01,2018-06-30,-1
,37620,2020-03-31,,,,,,,,,,,,,,,,,,,,,,,,,,,,,,27.00,,,,,,,false,true,12,2019-04-01,2020-03-31,0
,37620,2019-03-31,,,,,,,,,,,,,,,,,,,,,,,,,,,,,,25.00,,,,,,,false,false,12,2018-04-01,2019-03-31,-1
2019-10-28,37620,2020-03-31,,13800000000,0.078,,,,,1343000000,0.317,1339000000,0.314,,871000000,,44.18,,,,,,,,,,,,,,,,,,,,,,true,true,6,2019-04-01,2019-09-30,0
2019-10-28,37620,2019-03-31,,12117000000,,,,,,944000000,,888000000,,,585000000,,33.57,,,,,,,,,,,,,,,,,,,,,,true,false,6,2018-04-01,2018-09-30,-1
2019-10-28,37620,2020-03-31,,10147000000,0.115,,,,,,,1029000000,0.410,700000000,,0.374,35.51,,,,,,,,,,,,,,,,,,,,,,false,true,6,2019-04-01,2019-09-30,0
2019-10-28,37620,2019-03-31,,8592000000,,,,,,,,713000000,,481000000,,,27.57,,,,,,,,,,,,,,,,,,,,,,false,false,6,2018-04-01,2018-09-30,-1
2019-10-31,37620,2020-03-31,2,13800000000,0.139,,,,,1343000000,0.423,1339000000,0.508,,871000000,,44.18,44.05,,,,,27703000000,14215000000,0.467,,12927000000,,,,,,,,,,,,true,false,6,2019-04-01,2019-09-30,0
2019-10-31,37620,2019-03-31,2,12117000000,0.099,,,,,944000000,0.697,888000000,0.274,,585000000,,33.57,33.34,,,,,,,,,,,,,,,,,,,,,true,false,6,2018-04-01,2018-09-30,-1
2019-10-31,37620,2020-03-31,2,26800000000,0.054,,,,,2460000000,0.017,2460000000,0.046,,1600000000,,80.52,,,,,,,,,,,,,,,,,,,,,,true,true,12,2019-04-01,2020-03-31,0
2019-10-31,37620,2019-03-31,2,,,,,,,,,,,,,,,,,,,,25733000000,12374000000,0.432,,11125000000,,,,,,,,,,,,true,false,12,2018-04-01,2019-03-31,-1
2019-10-31,37620,2019-03-31,2,,,,,,,,,,,,,,,,,,,,,,,,,,,,,25.00,,,,22259200,3187559,,false,false,12,2018-04-01,2019-03-31,-1
2019-10-31,37620,2020-03-31,2,,,,,,,,,,,,,,,,,,,,,,,,,,,,,12.00,,,,,,,false,false,12,2019-04-01,2020-03-31,0
2019-10-31,37620,2020-03-31,2,,,,,,,,,,,,,,,,,,,,,,,,,,,,,27.00,,,,,,,false,true,12,2019-04-01,2020-03-31,0
2019-10-31,37620,2020-03-31,2,,,,,,,,,,,,,,,,,,,,,,,,,,,,,,,,,22259200,2388118,19729020,false,false,6,2019-04-01,2019-09-30,0
2019-10-31,37620,2019-03-31,2,,,,,,,,,,,,,,,,,,,,,,,,,,,,,,,,,,,17449440,false,false,6,2018-04-01,2018-09-30,-1
2020-01-31,37620,2020-03-31,3,20490000000,0.111,,,,,2101000000,0.357,2094000000,0.403,,1358000000,,68.68,68.49,,,,,27685000000,14499000000,0.476,,13190000000,,,,,,,,,,,,true,false,9,2019-04-01,2019-12-31,0
2020-01-31,37620,2019-03-31,3,18441000000,0.117,,,,,1548000000,0.648,1493000000,0.386,,955000000,,54.17,53.68,,,,,,,,,,,,,,,,,,,,,true,false,9,2018-04-01,2018-12-31,-1
2020-01-31,37620,2020-03-31,3,26800000000,0.054,,,,,2460000000,0.017,2460000000,0.046,,1600000000,,80.52,,,,,,,,,,,,,,,,,,,,,,true,true,12,2019-04-01,2020-03-31,0
2020-01-31,37620,2019-03-31,3,,,,,,,,,,,,,,,,,,,,25733000000,12374000000,0.432,,11125000000,,,,,,,,,,,,true,false,12,2018-04-01,2019-03-31,-1
2020-01-31,37620,2019-03-31,3,,,,,,,,,,,,,,,,,,,,,,,,,,,,,25.00,,,,22259200,3187559,,false,false,12,2018-04-01,2019-03-31,-1
2020-01-31,37620,2020-03-31,3,,,,,,,,,,,,,,,,,,,,,,,,,,,,,12.00,,,,,,,false,false,12,2019-04-01,2020-03-31,0
2020-01-31,37620,2020-03-31,3,,,,,,,,,,,,,,,,,,,,,,,,,,,,,27.00,,,,,,,false,true,12,2019-04-01,2020-03-31,0
2020-01-31,37620,2020-03-31,3,,,,,,,,,,,,,,,,,,,,,,,,,,,,,,,,,22259200,2388148,19776538,false,false,9,2019-04-01,2019-12-31,0
2020-01-31,37620,2019-03-31,3,,,,,,,,,,,,,,,,,,,,,,,,,,,,,,,,,,,17642183,false,false,9,2018-04-01,2018-12-31,-1
,37620,2020-03-31,,,,,,,,,,,,,,,,,,,,,,,,,,,,,,30.00,,,,,,,false,true,12,2019-04-01,2020-03-31,0
,37620,2020-03-31,,,,,,,,,,,,,,,,,,,,,,,,,,,,,,12.00,,,,,,,false,false,12,2019-04-01,2020-03-31,0
,37620,2019-03-31,,,,,,,,,,,,,,,,,,,,,,,,,,,,,,25.00,,,,,,,false,false,12,2018-04-01,2019-03-31,-1
2020-05-01,37620,2020-03-31,,28550000000,0.065,,,,,3020000000,0.228,3010000000,0.224,1860000000,,0.163,93.60,,,,,,,,,,,,,,,,,,,,,,true,true,12,2019-04-01,2020-03-31,0
2020-05-01,37620,2019-03-31,,25418000000,,,,,,2418000000,,2352000000,,1470000000,,,82.15,,,,,,,,,,,,,,,,,,,,,,true,false,12,2018-04-01,2019-03-31,-1
2020-05-01,37620,2020-03-31,,20910000000,0.106,,,,,,,2280000000,0.303,1430000000,,0.192,71.96,,,,,,,,,,,,,,,,,,,,,,false,true,12,2019-04-01,2020-03-31,0
2020-05-01,37620,2019-03-31,,18075000000,,,,,,,,1763000000,,1174000000,,,65.60,,,,,,,,,,,,,,,,,,,,,,false,false,12,2018-04-01,2019-03-31,-1
2020-05-11,37620,2020-03-31,,28553000000,0.123,,,,,3028000000,0.252,3018000000,0.283,,1863000000,,94.10,93.84,0.150,0.109,0.106,,29623000000,15005000000,0.461,687.33,13658000000,2469000000,-999000000,123000000,13396000000,,0.319,,,,,,true,false,12,2019-04-01,2020-03-31,0
2020-05-11,37620,2019-03-31,,25418000000,0.081,,,,,2418000000,0.271,2352000000,0.145,,1470000000,,82.15,81.28,0.173,0.106,0.095,,25733000000,12374000000,0.432,583.33,11125000000,1980000000,-650000000,4373000000,11802000000,,0.304,,,,,,true,false,12,2018-04-01,2019-03-31,-1
2020-05-11,37620,2020-03-31,,20912000000,0.157,,,,,2280000000,0.250,2280000000,0.294,1431000000,,0.219,72.29,72.09,,,,,22967000000,10666000000,0.461,532.87,10588000000,,,,,30.00,,,,22259200,2388148,19800037,false,false,12,2019-04-01,2020-03-31,0
2020-05-11,37620,2019-03-31,,18075000000,-0.008,,,,,1824000000,0.202,1763000000,0.169,1174000000,,0.184,65.60,64.91,,,,,19408000000,8556000000,0.438,445.48,8495000000,,,,,25.00,,,,22259200,3187559,17897867,false,false,12,2018-04-01,2019-03-31,-1
2020-07-31,37620,2021-03-31,1,7446000000,0.170,,,,,969000000,0.733,973000000,0.742,,654000000,,16.46,16.42,,,,,31871000000,14656000000,0.417,,13285000000,,,,,,,,,,,,true,false,3,2020-04-01,2020-06-30,0
2020-07-31,37620,2020-03-31,1,6362000000,0.124,,,,,559000000,0.582,558000000,0.746,,369000000,,9.43,9.40,,,,,,,,,,,,,,,,,,,,,true,false,3,2019-04-01,2019-06-30,-1
2020-07-31,37620,2020-03-31,1,,,,,,,,,,,,,,,,,,,,29623000000,15005000000,0.461,,13658000000,,,,,,,,,,,,true,false,12,2019-04-01,2020-03-31,-1
2020-07-31,37620,2020-03-31,1,,,,,,,,,,,,,,,,,,,,,,,,,,,,,30.00,,,,44518400,4776296,,false,false,12,2019-04-01,2020-03-31,-1
2020-07-31,37620,2021-03-31,1,,,,,,,,,,,,,,,,,,,,,,,,,,,,,,,,,44518400,4776346,39742080,false,false,3,2020-04-01,2020-06-30,0
2020-07-31,37620,2020-03-31,1,,,,,,,,,,,,,,,,,,,,,,,,,,,,,,,,,,,39170744,false,false,3,2019-04-01,2019-06-30,-1
,37620,2021-03-31,,,,,,,,,,,,,,,,,,,,,,,,,,,,,,7.00,,,,,,,false,true,12,2020-04-01,2021-03-31,0
,37620,2020-03-31,,,,,,,,,,,,,,,,,,,,,,,,,,,,,,30.00,,,,,,,false,false,12,2019-04-01,2020-03-31,-1
2020-10-30,37620,2021-03-31,2,14483000000,0.050,,,,,1682000000,0.252,1680000000,0.254,,1108000000,,27.89,27.81,,,,,32826000000,15160000000,0.419,,13747000000,,,,,,,,,,,,true,false,6,2020-04-01,2020-09-30,0
2020-10-30,37620,2020-03-31,2,13800000000,0.139,,,,,1343000000,0.423,1339000000,0.508,,871000000,,22.09,22.02,,,,,,,,,,,,,,,,,,,,,true,false,6,2019-04-01,2019-09-30,-1
2020-10-30,37620,2021-03-31,2,30000000000,0.051,,,,,3300000000,0.090,3300000000,0.093,,2100000000,,52.84,,,,,,,,,,,,,,,,,,,,,,true,true,12,2020-04-01,2021-03-31,0
2020-10-30,37620,2020-03-31,2,,,,,,,,,,,,,,,,,,,,29623000000,15005000000,0.461,,13658000000,,,,,,,,,,,,true,false,12,2019-04-01,2020-03-31,-1
2020-10-30,37620,2020-03-31,2,,,,,,,,,,,,,,,,,,,,,,,,,,,,,30.00,,,,44518400,4776296,,false,false,12,2019-04-01,2020-03-31,-1
2020-10-30,37620,2021-03-31,2,,,,,,,,,,,,,,,,,,,,,,,,,,,,,7.00,,,,,,,false,false,12,2020-04-01,2021-03-31,0
2020-10-30,37620,2021-03-31,2,,,,,,,,,,,,,,,,,,,,,,,,,,,,,17.00,,,,,,,false,true,12,2020-04-01,2021-03-31,0
2020-10-30,37620,2021-03-31,2,,,,,,,,,,,,,,,,,,,,,,,,,,,,,,,,,44518400,4776398,39742045,false,false,6,2020-04-01,2020-09-30,0
2020-10-30,37620,2020-03-31,2,,,,,,,,,,,,,,,,,,,,,,,,,,,,,,,,,,,39458040,false,false,6,2019-04-01,2019-09-30,-1
2020-10-30,37620,2021-03-31,,30000000000,,,,,,3300000000,,3300000000,,,2100000000,,52.84,,,,,,,,,,,,,,,,,,,,,,true,true,12,2020-04-01,2021-03-31,0
2020-10-30,37620,2020-03-31,,28553000000,,,,,,3028000000,,3018000000,,,1863000000,,47.05,,,,,,,,,,,,,,,,,,,,,,true,false,12,2019-04-01,2020-03-31,-1
2020-10-30,37620,2021-03-31,,22800000000,,,,,,,,2600000000,,1800000000,,,45.29,,,,,,,,,,,,,,,17.00,,,,,,,false,true,12,2020-04-01,2021-03-31,0
2020-10-30,37620,2020-03-31,,20912000000,,,,,,,,2280000000,,1431000000,,,36.14,,,,,,,,,,,,,,,30.00,,,,,,,false,false,12,2019-04-01,2020-03-31,-1
2021-01-29,37620,2021-03-31,3,21934000000,0.070,,,,,2625000000,0.250,2623000000,0.252,,1717000000,,43.23,43.11,,,,,34102000000,15564000000,0.414,,14102000000,,,,,,,,,,,,true,false,9,2020-04-01,2020-12-31,0
2021-01-29,37620,2020-03-31,3,20490000000,0.111,,,,,2101000000,0.357,2094000000,0.403,,1358000000,,34.34,34.25,,,,,,,,,,,,,,,,,,,,,true,false,9,2019-04-01,2019-12-31,-1
2021-01-29,37620,2021-03-31,3,30000000000,0.051,,,,,3300000000,0.090,3300000000,0.093,,2100000000,,52.84,,,,,,,,,,,,,,,,,,,,,,true,true,12,2020-04-01,2021-03-31,0
2021-01-29,37620,2020-03-31,3,,,,,,,,,,,,,,,,,,,,29623000000,15005000000,0.461,,13658000000,,,,,,,,,,,,true,false,12,2019-04-01,2020-03-31,-1
2021-01-29,37620,2020-03-31,3,,,,,,,,,,,,,,,,,,,,,,,,,,,,,30.00,,,,44518400,4776296,,false,false,12,2019-04-01,2020-03-31,-1
2021-01-29,37620,2021-03-31,3,,,,,,,,,,,,,,,,,,,,,,,,,,,,,7.00,,,,,,,false,false,12,2020-04-01,2021-03-31,0
2021-01-29,37620,2021-03-31,3,,,,,,,,,,,,,,,,,,,,,,,,,,,,,17.00,,,,,,,false,true,12,2020-04-01,2021-03-31,0
2021-01-29,37620,2021-03-31,3,,,,,,,,,,,,,,,,,,,,,,,,,,,,,,,,,44518400,4776398,39742030,false,false,9,2020-04-01,2020-12-31,0
2021-01-29,37620,2020-03-31,3,,,,,,,,,,,,,,,,,,,,,,,,,,,,,,,,,,,39553076,false,false,9,2019-04-01,2019-12-31,-1
,37620,2021-03-31,,,,,,,,,,,,,,,,,,,,,,,,,,,,,,19.00,,,,,,,false,true,12,2020-04-01,2021-03-31,0
,37620,2021-03-31,,,,,,,,,,,,,,,,,,,,,,,,,,,,,,7.00,,,,,,,false,false,12,2020-04-01,2021-03-31,0
,37620,2020-03-31,,,,,,,,,,,,,,,,,,,,,,,,,,,,,,30.00,,,,,,,false,false,12,2019-04-01,2020-03-31,-1
2021-05-10,37620,2021-03-31,,30603000000,0.072,,,,,3686000000,0.217,3655000000,0.211,,2340000000,,58.90,58.73,0.164,0.110,0.120,,36607000000,16316000000,0.405,372.96,14822000000,2845000000,-911000000,-1102000000,14229000000,,0.322,,,,,,true,false,12,2020-04-01,2021-03-31,0
2021-05-10,37620,2020-03-31,,28553000000,0.123,,,,,3028000000,0.252,3018000000,0.283,,1863000000,,47.05,46.92,0.150,0.109,0.106,,29623000000,15005000000,0.461,343.67,13658000000,2469000000,-999000000,123000000,13396000000,,0.319,,,,,,true,false,12,2019-04-01,2020-03-31,-1
2021-05-10,37620,2021-03-31,,22980000000,0.099,,,,,2732000000,0.198,2708000000,0.187,1874000000,,0.310,47.17,47.04,,,,,29258000000,11359000000,0.385,283.36,11261000000,,,,,19.00,,,,44518400,4776438,39742016,false,false,12,2020-04-01,2021-03-31,0
2021-05-10,37620,2020-03-31,,20912000000,0.157,,,,,2280000000,0.250,2280000000,0.294,1431000000,,0.219,36.14,36.04,,,,,22967000000,10666000000,0.461,266.43,10588000000,,,,,30.00,,,,44518400,4776296,39600075,false,false,12,2019-04-01,2020-03-31,-1
2021-05-10,37620,2022-03-31,,11400000000,0.050,,,,,,,1150000000,-0.106,775000000,,-0.123,19.50,,,,,,,,,,,,,,,,,,,,,,false,true,6,2021-04-01,2021-09-30,1
2021-05-10,37620,2022-03-31,,24500000000,0.066,,,,,,,2700000000,-0.003,1850000000,,-0.013,46.55,,,,,,,,,,,,,,,19.00,,,,,,,false,true,12,2021-04-01,2022-03-31,1
2021-05-10,37620,2022-03-31,,,,,,,,1550000000,,,,,1025000000,,25.79,,,,,,,,,,,,,,,,,,,,,,true,true,6,2021-04-01,2021-09-30,1
2021-05-10,37620,2022-03-31,,,,,,,,3700000000,,,,,2400000000,,60.39,,,,,,,,,,,,,,,,0.315,,,,,,true,true,12,2021-04-01,2022-03-31,1
2021-06-29,37620,2021-03-31,,,,,,,,3583000000,0.310,,,,2301000000,,57.92,57.75,,,,,39996000000,,,,,3516000000,-841000000,-1790000000,,,0.328,,,,,,true,false,12,2020-04-01,2021-03-31,0
2021-06-29,37620,2020-03-31,,,,,,,,2735000000,,,,,1831000000,,46.24,46.11,,,,,35744000000,,,,,3001000000,-540000000,-569000000,,,0.319,,,,,,true,false,12,2019-04-01,2020-03-31,-1
2021-06-29,37620,2022-03-31,,,,,,,,1550000000,,,,,1025000000,,25.79,,,,,,,,,,,,,,,,,,,,,,true,true,6,2021-04-01,2021-09-30,1
2021-06-29,37620,2022-03-31,,,,,,,,3700000000,0.033,,,,2400000000,,60.39,,,,,,,,,,,,,,,,0.315,,,,,,true,true,12,2021-04-01,2022-03-31,1
2021-06-29,37620,2020-03-31,,,,,,,,,,,,,,,,,,,,,,,,,,,,,,30.00,,,,44518400,4776296,39600074,false,false,12,2019-04-01,2020-03-31,-1
2021-06-29,37620,2021-03-31,,,,,,,,,,,,,,,,,,,,,,,,,,,,,,19.00,,,,44518400,4776438,39742016,false,false,12,2020-04-01,2021-03-31,0
2021-06-29,37620,2022-03-31,,,,,,,,,,,,,,,,,,,,,,,,,,,,,,19.00,,,,,,,false,true,12,2021-04-01,2022-03-31,1
2021-07-30,37620,2022-03-31,1,,,,,,,647000000,-0.328,,,,427000000,,10.76,10.73,,,,,41117000000,,,,,,,,,,,,,,,,true,false,3,2021-04-01,2021-06-30,0
2021-07-30,37620,2021-03-31,1,,,,,,,963000000,,,,,649000000,,16.35,16.30,,,,,,,,,,,,,,,,,,,,,true,false,3,2020-04-01,2020-06-30,-1
2021-07-30,37620,2022-03-31,1,,,,,,,1550000000,,,,,1025000000,,25.79,,,,,,,,,,,,,,,,,,,,,,true,true,6,2021-04-01,2021-09-30,0
2021-07-30,37620,2022-03-31,1,,,,,,,3700000000,0.033,,,,2400000000,,60.39,,,,,,,,,,,,,,,,,,,,,,true,true,12,2021-04-01,2022-03-31,0
2021-07-30,37620,2021-03-31,1,,,,,,,,,,,,,,,,,,,,39996000000,,,,,,,,,,,,,,,,true,false,12,2020-04-01,2021-03-31,-1
2021-07-30,37620,2021-03-31,1,,,,,,,,,,,,,,,,,,,,,,,,,,,,,19.00,,,,44518400,4776438,,false,false,12,2020-04-01,2021-03-31,-1
2021-07-30,37620,2022-03-31,1,,,,,,,,,,,,,,,,,,,,,,,,,,,,,19.00,,,,,,,false,true,12,2021-04-01,2022-03-31,0
2021-07-30,37620,2022-03-31,1,,,,,,,,,,,,,,,,,,,,,,,,,,,,,,,,,44518400,4776487,39741957,false,false,3,2021-04-01,2021-06-30,0
2021-07-30,37620,2021-03-31,1,,,,,,,,,,,,,,,,,,,,,,,,,,,,,,,,,,,39742080,false,false,3,2020-04-01,2020-06-30,-1
2021-10-29,37620,2022-03-31,2,,,,,,,1601000000,-0.036,,,,1045000000,,26.32,26.24,,,,,42527000000,,,,,,,,,,,,,,,,true,false,6,2021-04-01,2021-09-30,0
2021-10-29,37620,2021-03-31,2,,,,,,,1661000000,,,,,1099000000,,27.68,27.60,,,,,,,,,,,,,,,,,,,,,true,false,6,2020-04-01,2020-09-30,-1
2021-10-29,37620,2022-03-31,2,,,,,,,3700000000,0.033,,,,2400000000,,60.39,,,,,,,,,,,,,,,,,,,,,,true,true,12,2021-04-01,2022-03-31,0
2021-10-29,37620,2021-03-31,2,,,,,,,,,,,,,,,,,,,,39996000000,,,,,,,,,,,,,,,,true,false,12,2020-04-01,2021-03-31,-1
2021-10-29,37620,2021-03-31,2,,,,,,,,,,,,,,,,,,,,,,,,,,,,,19.00,,,,44518400,4776438,,false,false,12,2020-04-01,2021-03-31,-1
2021-10-29,37620,2022-03-31,2,,,,,,,,,,,,,,,,,,,,,,,,,,,,,7.00,,,,,,,false,false,12,2021-04-01,2022-03-31,0
2021-10-29,37620,2022-03-31,2,,,,,,,,,,,,,,,,,,,,,,,,,,,,,19.00,,,,,,,false,true,12,2021-04-01,2022-03-31,0
2021-10-29,37620,2022-03-31,2,,,,,,,,,,,,,,,,,,,,,,,,,,,,,,,,,44518400,4776528,39741929,false,false,6,2021-04-01,2021-09-30,0
2021-10-29,37620,2021-03-31,2,,,,,,,,,,,,,,,,,,,,,,,,,,,,,,,,,,,39742045,false,false,6,2020-04-01,2020-09-30,-1
2022-01-31,37620,2022-03-31,3,,,,,,,2416000000,-0.055,,,,1569000000,,39.50,39.38,,,,,43745000000,,,,,,,,,,,,,,,,true,false,9,2021-04-01,2021-12-31,0
2022-01-31,37620,2021-03-31,3,,,,,,,2556000000,,,,,1690000000,,42.52,42.40,,,,,,,,,,,,,,,,,,,,,true,false,9,2020-04-01,2020-12-31,-1
2022-01-31,37620,2022-03-31,3,,,,,,,3700000000,0.033,,,,2400000000,,60.39,,,,,,,,,,,,,,,,,,,,,,true,true,12,2021-04-01,2022-03-31,0
2022-01-31,37620,2021-03-31,3,,,,,,,,,,,,,,,,,,,,39996000000,,,,,,,,,,,,,,,,true,false,12,2020-04-01,2021-03-31,-1
2022-01-31,37620,2021-03-31,3,,,,,,,,,,,,,,,,,,,,,,,,,,,,,19.00,,,,44518400,4776438,,false,false,12,2020-04-01,2021-03-31,-1
2022-01-31,37620,2022-03-31,3,,,,,,,,,,,,,,,,,,,,,,,,,,,,,7.00,,,,,,,false,false,12,2021-04-01,2022-03-31,0
2022-01-31,37620,2022-03-31,3,,,,,,,,,,,,,,,,,,,,,,,,,,,,,19.00,,,,,,,false,true,12,2021-04-01,2022-03-31,0
2022-01-31,37620,2022-03-31,3,,,,,,,,,,,,,,,,,,,,,,,,,,,,,,,,,44518400,4776566,39741906,false,false,9,2021-04-01,2021-12-31,0
2022-01-31,37620,2021-03-31,3,,,,,,,,,,,,,,,,,,,,,,,,,,,,,,,,,,,39742030,false,false,9,2020-04-01,2020-12-31,-1
2022-04-28,37620,2022-03-31,,26480000000,0.080,,,,,,,2820000000,0.044,1740000000,,-0.060,43.78,,,,,,,,,,,,,,,,,,,,,,false,true,12,2021-04-01,2022-03-31,0
2022-04-28,37620,2021-03-31,,22980000000,,,,,,,,2708000000,,1874000000,,,47.17,,,,,,,,,,,,,,,,,,,,,,false,false,12,2020-04-01,2021-03-31,-1
2022-04-28,37620,2022-03-31,,,,,,,,3730000000,0.008,,,,2370000000,,59.65,,,,,,,,,,,,,,,,,,,,,,true,true,12,2021-04-01,2022-03-31,0
2022-04-28,37620,2021-03-31,,,,,,,,3583000000,,,,,2301000000,,57.92,,,,,,,,,,,,,,,,,,,,,,true,false,12,2020-04-01,2021-03-31,-1
2022-05-09,37620,2022-03-31,,36513000000,0.181,,,,,3734000000,0.042,,,,2371000000,,59.65,59.46,,,0.102,,52503000000,,,,,5283000000,195000000,-1959000000,,,0.335,,,,,,true,false,12,2021-04-01,2022-03-31,0
2022-05-09,37620,2021-03-31,,30928000000,0.121,,,,,3583000000,0.310,,,,2301000000,,57.92,57.75,,,0.116,,39996000000,,,,,3516000000,-841000000,-1790000000,,,0.328,,,,,,true,false,12,2020-04-01,2021-03-31,-1
2022-05-09,37620,2023-03-31,,20500000000,0.270,,,,,1700000000,0.062,,,,1100000000,,27.56,,,,,,,,,,,,,,,,,,,,,,true,true,6,2022-04-01,2022-09-30,1
2022-05-09,37620,2023-03-31,,43000000000,0.178,,,,,4000000000,0.071,,,,2540000000,,63.64,,,,,,,,,,,,,,,,,,,,,,true,true,12,2022-04-01,2023-03-31,1
2022-05-09,37620,2022-03-31,,26482000000,0.152,,,,,2831000000,0.036,2822000000,0.042,1739000000,,-0.072,43.76,43.62,,,,,36999000000,12594000000,0.337,312.64,12478000000,,,,,20.00,,,,44518400,4605598,39762966,false,false,12,2021-04-01,2022-03-31,0
2022-05-09,37620,2021-03-31,,22980000000,0.099,,,,,2732000000,0.198,2708000000,0.187,1874000000,,0.310,47.17,47.04,,,,,29258000000,11359000000,0.385,283.36,11261000000,,,,,19.00,,,,44518400,4776438,39742016,false,false,12,2020-04-01,2021-03-31,-1
2022-05-09,37620,2023-03-31,,14000000000,,,,,,,,1290000000,,900000000,,,22.55,,,,,,,,,,,,,,,,,,,,,,false,true,6,2022-04-01,2022-09-30,1
2022-05-09,37620,2023-03-31,,29000000000,0.095,,,,,,,2890000000,0.024,1980000000,,0.138,49.61,,,,,,,,,,,,,,,21.00,,,,,,,false,true,12,2022-04-01,2023-03-31,1
2022-07-29,37620,2023-03-31,1,,,,,,,897000000,0.386,,,,502000000,,12.59,12.55,,,,,54286000000,,,,,,,,,,,,,,,,true,false,3,2022-04-01,2022-06-30,0
2022-07-29,37620,2022-03-31,1,,,,,,,647000000,-0.328,,,,427000000,,10.76,10.73,,,,,,,,,,,,,,,,,,,,,true,false,3,2021-04-01,2021-06-30,-1
2022-07-29,37620,2023-03-31,1,,,,,,,1700000000,0.062,,,,1100000000,,27.56,,,,,,,,,,,,,,,,,,,,,,true,true,6,2022-04-01,2022-09-30,0
2022-07-29,37620,2023-03-31,1,,,,,,,4000000000,0.071,,,,2540000000,,63.64,,,,,,,,,,,,,,,,,,,,,,true,true,12,2022-04-01,2023-03-31,0
2022-07-29,37620,2022-03-31,1,,,,,,,,,,,,,,,,,,,,52503000000,,,,,,,,,,,,,,,,true,false,12,2021-04-01,2022-03-31,-1
2022-07-29,37620,2022-03-31,1,,,,,,,,,,,,,,,,,,,,,,,,,,,,,20.00,,,,44518400,4605598,,false,false,12,2021-04-01,2022-03-31,-1
2022-07-29,37620,2023-03-31,1,,,,,,,,,,,,,,,,,,,,,,,,,,,,,21.00,,,,,,,false,true,12,2022-04-01,2023-03-31,0
2022-07-29,37620,2023-03-31,1,,,,,,,,,,,,,,,,,,,,,,,,,,,,,,,,,44518400,4599213,39918978,false,false,3,2022-04-01,2022-06-30,0
2022-07-29,37620,2022-03-31,1,,,,,,,,,,,,,,,,,,,,,,,,,,,,,,,,,,,39741957,false,false,3,2021-04-01,2021-06-30,-1
2022-10-28,37620,2023-03-31,2,20743000000,0.285,,,,,1915000000,0.196,,,,1063000000,,26.65,26.57,,,,,60789000000,,,,,,,,,,,,,,,,true,false,6,2022-04-01,2022-09-30,0
2022-10-28,37620,2022-03-31,2,16146000000,0.103,,,,,1601000000,-0.036,,,,1045000000,,26.32,26.24,,,,,,,,,,,,,,,,,,,,,true,false,6,2021-04-01,2021-09-30,-1
2022-10-28,37620,2023-03-31,2,43000000000,0.178,,,,,4000000000,0.071,,,,2540000000,,63.63,,,,,,,,,,,,,,,,,,,,,,true,true,12,2022-04-01,2023-03-31,0
2022-10-28,37620,2022-03-31,2,,,,,,,,,,,,,,,,,,,,52503000000,,,,,,,,,,,,,,,,true,false,12,2021-04-01,2022-03-31,-1
2022-10-28,37620,2022-03-31,2,,,,,,,,,,,,,,,,,,,,,,,,,,,,,20.00,,,,44518400,4605598,,false,false,12,2021-04-01,2022-03-31,-1
2022-10-28,37620,2023-03-31,2,,,,,,,,,,,,,,,,,,,,,,,,,,,,,7.00,,,,,,,false,false,12,2022-04-01,2023-03-31,0
2022-10-28,37620,2023-03-31,2,,,,,,,,,,,,,,,,,,,,,,,,,,,,,21.00,,,,,,,false,true,12,2022-04-01,2023-03-31,0
2022-10-28,37620,2023-03-31,2,,,,,,,,,,,,,,,,,,,,,,,,,,,,,,,,,44518400,4599219,39919077,false,false,6,2022-04-01,2022-09-30,0
2022-10-28,37620,2022-03-31,2,,,,,,,,,,,,,,,,,,,,,,,,,,,,,,,,,,,39741929,false,false,6,2021-04-01,2021-09-30,-1
2023-01-31,37620,2023-03-31,3,,,,,,,2828000000,0.171,,,,1577000000,,39.52,39.41,,,,,62159000000,,,,,,,,,,,,,,,,true,false,9,2022-04-01,2022-12-31,0
2023-01-31,37620,2022-03-31,3,,,,,,,2416000000,-0.055,,,,1569000000,,39.50,39.38,,,,,,,,,,,,,,,,,,,,,true,false,9,2021-04-01,2021-12-31,-1
2023-01-31,37620,2023-03-31,3,,,,,,,4000000000,0.071,,,,2540000000,,63.63,,,,,,,,,,,,,,,,,,,,,,true,true,12,2022-04-01,2023-03-31,0
2023-01-31,37620,2022-03-31,3,,,,,,,,,,,,,,,,,,,,52503000000,,,,,,,,,,,,,,,,true,false,12,2021-04-01,2022-03-31,-1
2023-01-31,37620,2022-03-31,3,,,,,,,,,,,,,,,,,,,,,,,,,,,,,20.00,,,,44518400,4605598,,false,false,12,2021-04-01,2022-03-31,-1
2023-01-31,37620,2023-03-31,3,,,,,,,,,,,,,,,,,,,,,,,,,,,,,7.00,,,,,,,false,false,12,2022-04-01,2023-03-31,0
2023-01-31,37620,2023-03-31,3,,,,,,,,,,,,,,,,,,,,,,,,,,,,,21.00,,,,,,,false,true,12,2022-04-01,2023-03-31,0
2023-01-31,37620,2023-03-31,3,,,,,,,,,,,,,,,,,,,,,,,,,,,,,,,,,44518400,4599264,39919099,false,false,9,2022-04-01,2022-12-31,0
2023-01-31,37620,2022-03-31,3,,,,,,,,,,,,,,,,,,,,,,,,,,,,,,,,,,,39741906,false,false,9,2021-04-01,2021-12-31,-1
2023-05-09,37620,2023-03-31,,30916000000,0.167,,,,,2707000000,-0.044,2651000000,-0.061,2403000000,,0.381,60.20,60.00,,,,,47494000000,14188000000,0.296,352.02,14052000000,,,,,23.00,,,,44518400,4599264,39919108,false,false,12,2022-04-01,2023-03-31,0
2023-05-09,37620,2022-03-31,,26482000000,0.152,,,,,2831000000,0.036,2822000000,0.042,1739000000,,-0.072,43.76,43.62,,,,,36999000000,12594000000,0.337,312.64,12478000000,,,,,20.00,,,,44518400,4605598,39762966,false,false,12,2021-04-01,2022-03-31,-1
2023-05-09,37620,2024-03-31,,16200000000,,,,,,,,1400000000,,970000000,,,24.30,,,,,,,,,,,,,,,,,,,,,,false,true,6,2023-04-01,2023-09-30,1
2023-05-09,37620,2024-03-31,,34000000000,0.100,,,,,,,3300000000,0.244,2290000000,,-0.047,57.37,,,,,,,,,,,,,,,24.00,,,,,,,false,true,12,2023-04-01,2024-03-31,1
2023-05-09,37620,2023-03-31,,,,,,,,5098000000,0.365,,,,2950000000,,73.91,73.67,,,0.111,,65691000000,,,,,6348000000,-3131000000,-1299000000,,,0.311,,,,,,true,false,12,2022-04-01,2023-03-31,0
2023-05-09,37620,2022-03-31,,,,,,,,3734000000,0.042,,,,2371000000,,59.65,59.46,,,0.102,,52503000000,,,,,5283000000,195000000,-1959000000,,,0.335,,,,,,true,false,12,2021-04-01,2022-03-31,-1
2023-05-09,37620,2024-03-31,,,,,,,,2000000000,0.044,,,,1270000000,,31.81,,,,,,,,,,,,,,,,,,,,,,true,true,6,2023-04-01,2023-09-30,1
2023-05-09,37620,2024-03-31,,,,,,,,5300000000,0.040,,,,3210000000,,80.41,,,,,,,,,,,,,,,,0.299,,,,,,true,true,12,2023-04-01,2024-03-31,1
2023-07-28,37620,2024-03-31,1,,,,,,,898000000,0.001,,,,560000000,,14.05,14.00,,,,,68817000000,,,,,,,,,,,,,,,,true,false,3,2023-04-01,2023-06-30,0
2023-07-28,37620,2023-03-31,1,,,,,,,897000000,0.386,,,,502000000,,12.59,12.55,,,,,,,,,,,,,,,,,,,,,true,false,3,2022-04-01,2022-06-30,-1
2023-07-28,37620,2024-03-31,1,,,,,,,2000000000,0.044,,,,1270000000,,31.81,,,,,,,,,,,,,,,,,,,,,,true,true,6,2023-04-01,2023-09-30,0
2023-07-28,37620,2024-03-31,1,,,,,,,5300000000,0.040,,,,3210000000,,80.41,,,,,,,,,,,,,,,,,,,,,,true,true,12,2023-04-01,2024-03-31,0
2023-07-28,37620,2023-03-31,1,,,,,,,,,,,,,,,,,,,,65691000000,,,,,,,,,,,,,,,,true,false,12,2022-04-01,2023-03-31,-1
2023-07-28,37620,2023-03-31,1,,,,,,,,,,,,,,,,,,,,,,,,,,,,,23.00,,,,44518400,4599264,,false,false,12,2022-04-01,2023-03-31,-1
2023-07-28,37620,2024-03-31,1,,,,,,,,,,,,,,,,,,,,,,,,,,,,,24.00,,,,,,,false,true,12,2023-04-01,2024-03-31,0
2023-07-28,37620,2024-03-31,1,,,,,,,,,,,,,,,,,,,,,,,,,,,,,,,,,44518400,4599312,39919095,false,false,3,2023-04-01,2023-06-30,0
2023-07-28,37620,2023-03-31,1,,,,,,,,,,,,,,,,,,,,,,,,,,,,,,,,,,,39918978,false,false,3,2022-04-01,2022-06-30,-1
,37620,2024-03-31,,,,,,,,,,,,,,,,,,,,,,,,,,,,,,25.00,,,,,,,false,true,12,2023-04-01,2024-03-31,0
,37620,2023-03-31,,,,,,,,,,,,,,,,,,,,,,,,,,,,,,23.00,,,,,,,false,false,12,2022-04-01,2023-03-31,-1
2023-10-31,37620,2024-03-31,2,24602000000,0.186,,,,,2281000000,0.191,,,,1411000000,,35.28,35.16,,,,,72498000000,,,,,,,,,,,,,,,,true,false,6,2023-04-01,2023-09-30,0
2023-10-31,37620,2023-03-31,2,20743000000,0.285,,,,,1915000000,0.196,,,,1063000000,,26.65,26.57,,,,,,,,,,,,,,,,,,,,,true,false,6,2022-04-01,2022-09-30,-1
2023-10-31,37620,2024-03-31,2,49500000000,0.077,,,,,5300000000,0.040,,,,3210000000,,80.01,,,,,,,,,,,,,,,,,,,,,,true,true,12,2023-04-01,2024-03-31,0
2023-10-31,37620,2023-03-31,2,,,,,,,,,,,,,,,,,,,,65691000000,,,,,,,,,,,,,,,,true,false,12,2022-04-01,2023-03-31,-1
2023-10-31,37620,2023-03-31,2,,,,,,,,,,,,,,,,,,,,,,,,,,,,,23.00,,,,44518400,4599264,,false,false,12,2022-04-01,2023-03-31,-1
2023-10-31,37620,2024-03-31,2,,,,,,,,,,,,,,,,,,,,,,,,,,,,,9.00,,,,,,,false,false,12,2023-04-01,2024-03-31,0
2023-10-31,37620,2024-03-31,2,,,,,,,,,,,,,,,,,,,,,,,,,,,,,25.00,,,,,,,false,true,12,2023-04-01,2024-03-31,0
2023-10-31,37620,2024-03-31,2,,,,,,,,,,,,,,,,,,,,,,,,,,,,,,,,,44518400,4397986,40017848,false,false,6,2023-04-01,2023-09-30,0
2023-10-31,37620,2023-03-31,2,,,,,,,,,,,,,,,,,,,,,,,,,,,,,,,,,,,39919077,false,false,6,2022-04-01,2022-09-30,-1
2024-01-31,37620,2024-03-31,3,,,,,,,3824000000,0.352,,,,2344000000,,58.54,58.33,,,,,73399000000,,,,,,,,,,,,,,,,true,false,9,2023-04-01,2023-12-31,0
2024-01-31,37620,2023-03-31,3,,,,,,,2828000000,0.171,,,,1577000000,,39.52,39.41,,,,,,,,,,,,,,,,,,,,,true,false,9,2022-04-01,2022-12-31,-1
2024-01-31,37620,2024-03-31,3,,,,,,,5300000000,0.040,,,,3210000000,,79.99,,,,,,,,,,,,,,,,,,,,,,true,true,12,2023-04-01,2024-03-31,0
2024-01-31,37620,2023-03-31,3,,,,,,,,,,,,,,,,,,,,65691000000,,,,,,,,,,,,,,,,true,false,12,2022-04-01,2023-03-31,-1
2024-01-31,37620,2023-03-31,3,,,,,,,,,,,,,,,,,,,,,,,,,,,,,23.00,,,,44518400,4599264,,false,false,12,2022-04-01,2023-03-31,-1
2024-01-31,37620,2024-03-31,3,,,,,,,,,,,,,,,,,,,,,,,,,,,,,9.00,,,,,,,false,false,12,2023-04-01,2024-03-31,0
2024-01-31,37620,2024-03-31,3,,,,,,,,,,,,,,,,,,,,,,,,,,,,,25.00,,,,,,,false,true,12,2023-04-01,2024-03-31,0
2024-01-31,37620,2024-03-31,3,,,,,,,,,,,,,,,,,,,,,,,,,,,,,,,,,44518400,4389486,40054046,false,false,9,2023-04-01,2023-12-31,0
2024-01-31,37620,2023-03-31,3,,,,,,,,,,,,,,,,,,,,,,,,,,,,,,,,,,,39919099,false,false,9,2022-04-01,2022-12-31,-1
2024-05-09,37620,2024-03-31,,36996000000,0.197,,,,,3810000000,0.407,3786000000,0.428,2731000000,,0.137,68.16,67.91,,,,,64972000000,16255000000,0.248,401.40,16107000000,,,,,28.00,,,,44518400,4389486,40072660,false,false,12,2023-04-01,2024-03-31,0
2024-05-09,37620,2023-03-31,,30916000000,0.167,,,,,2707000000,-0.044,2651000000,-0.061,2403000000,,0.381,60.20,60.00,,,,,47494000000,14188000000,0.296,352.02,14052000000,,,,,23.00,,,,44518400,4599264,39919108,false,false,12,2022-04-01,2023-03-31,-1
2024-05-09,37620,2025-03-31,,19200000000,,,,,,,,1790000000,,1240000000,,,30.90,,,,,,,,,,,,,,,,,,,,,,false,true,6,2024-04-01,2024-09-30,1
2024-05-09,37620,2025-03-31,,41100000000,0.111,,,,,,,4340000000,0.146,3010000000,,0.102,75.01,,,,,,,,,,,,,,,30.00,,,,,,,false,true,12,2024-04-01,2025-03-31,1
2024-05-09,37620,2024-03-31,,,,,,,,5850000000,0.147,,,,3540000000,,88.35,88.03,,,,,85756000000,,,,,8982000000,-1938000000,147000000,,,0.317,,,,,,true,false,12,2023-04-01,2024-03-31,0
2024-05-09,37620,2023-03-31,,,,,,,,5098000000,0.365,,,,2950000000,,73.91,73.67,,,,,65691000000,,,,,6348000000,-3131000000,-1299000000,,,0.311,,,,,,true,false,12,2022-04-01,2023-03-31,-1
2024-05-09,37620,2025-03-31,,,,,,,,2600000000,0.140,,,,1570000000,,39.12,,,,,,,,,,,,,,,,,,,,,,true,true,6,2024-04-01,2024-09-30,1
2024-05-09,37620,2025-03-31,,,,,,,,6500000000,0.111,,,,3920000000,,97.69,,,,,,,,,,,,,,,,0.307,,,,,,true,true,12,2024-04-01,2025-03-31,1
2024-07-31,37620,2025-03-31,1,,,,,,,1113000000,0.240,,,,726000000,,18.11,18.05,,,,,89872000000,,,,,,,,,,,,,,,,true,false,3,2024-04-01,2024-06-30,0
2024-07-31,37620,2024-03-31,1,,,,,,,898000000,0.001,,,,560000000,,14.05,14.00,,,,,,,,,,,,,,,,,,,,,true,false,3,2023-04-01,2023-06-30,-1
2024-07-31,37620,2025-03-31,1,,,,,,,2600000000,0.140,,,,1570000000,,39.12,,,,,,,,,,,,,,,,,,,,,,true,true,6,2024-04-01,2024-09-30,0
2024-07-31,37620,2025-03-31,1,,,,,,,6500000000,0.111,,,,3920000000,,97.69,,,,,,,,,,,,,,,,,,,,,,true,true,12,2024-04-01,2025-03-31,0
2024-07-31,37620,2024-03-31,1,,,,,,,,,,,,,,,,,,,,85756000000,,,,,,,,,,,,,,,,true,false,12,2023-04-01,2024-03-31,-1
2024-07-31,37620,2024-03-31,1,,,,,,,,,,,,,,,,,,,,,,,,,,,,,28.00,,,,44518400,4389486,,false,false,12,2023-04-01,2024-03-31,-1
2024-07-31,37620,2025-03-31,1,,,,,,,,,,,,,,,,,,,,,,,,,,,,,30.00,,,,,,,false,true,12,2024-04-01,2025-03-31,0
2024-07-31,37620,2025-03-31,1,,,,,,,,,,,,,,,,,,,,,,,,,,,,,,,,,44518400,4389550,40128895,false,false,3,2024-04-01,2024-06-30,0
2024-07-31,37620,2024-03-31,1,,,,,,,,,,,,,,,,,,,,,,,,,,,,,,,,,,,39919095,false,false,3,2023-04-01,2023-06-30,-1
2024-10-31,37620,2025-03-31,2,30841000000,0.254,,,,,3023000000,0.325,,,,1708000000,,42.56,42.44,,,,,94256000000,,,,,,,,,,,,,,,,true,false,6,2024-04-01,2024-09-30,0
2024-10-31,37620,2024-03-31,2,24602000000,0.186,,,,,2281000000,0.191,,,,1411000000,,35.28,35.16,,,,,,,,,,,,,,,,,,,,,true,false,6,2023-04-01,2023-09-30,-1
2024-10-31,37620,2025-03-31,2,64400000000,0.208,,,,,7000000000,0.197,,,,4100000000,,102.12,,,,,,,,,,,,,,,,,,,,,,true,true,12,2024-04-01,2025-03-31,0
2024-10-31,37620,2024-03-31,2,,,,,,,,,,,,,,,,,,,,85756000000,,,,,,,,,,,,,,,,true,false,12,2023-04-01,2024-03-31,-1
2024-10-31,37620,2024-03-31,2,,,,,,,,,,,,,,,,,,,,,,,,,,,,,28.00,,,,44518400,4389486,,false,false,12,2023-04-01,2024-03-31,-1
2024-10-31,37620,2025-03-31,2,,,,,,,,,,,,,,,,,,,,,,,,,,,,,12.00,,,,,,,false,false,12,2024-04-01,2025-03-31,0
2024-10-31,37620,2025-03-31,2,,,,,,,,,,,,,,,,,,,,,,,,,,,,,32.00,,,,,,,false,true,12,2024-04-01,2025-03-31,0
2024-10-31,37620,2025-03-31,2,,,,,,,,,,,,,,,,,,,,,,,,,,,,,,,,,44518400,4349725,40148012,false,false,6,2024-04-01,2024-09-30,0
2024-10-31,37620,2024-03-31,2,,,,,,,,,,,,,,,,,,,,,,,,,,,,,,,,,,,40017848,false,false,6,2023-04-01,2023-09-30,-1
2024-10-31,37620,2025-03-31,,22444000000,0.169,,,,,,,2223000000,0.242,1528000000,,0.232,38.06,,,,,,,,,,,,,,,,,,,,,,false,true,6,2024-04-01,2024-09-30,0
2024-10-31,37620,2024-03-31,,17271000000,,,,,,,,1564000000,,1083000000,,,27.08,,,,,,,,,,,,,,,,,,,,,,false,false,6,2023-04-01,2023-09-30,-1
2025-01-31,37620,2025-03-31,3,,,,,,,4795000000,0.254,,,,2896000000,,72.14,71.93,,,,,101655000000,,,,,,,,,,,,,,,,true,false,9,2024-04-01,2024-12-31,0
2025-01-31,37620,2024-03-31,3,,,,,,,3824000000,0.352,,,,2344000000,,58.54,58.33,,,,,,,,,,,,,,,,,,,,,true,false,9,2023-04-01,2023-12-31,-1
2025-01-31,37620,2025-03-31,3,,,,,,,7000000000,0.197,,,,4100000000,,102.07,,,,,,,,,,,,,,,,,,,,,,true,true,12,2024-04-01,2025-03-31,0
2025-01-31,37620,2024-03-31,3,,,,,,,,,,,,,,,,,,,,85756000000,,,,,,,,,,,,,,,,true,false,12,2023-04-01,2024-03-31,-1
2025-01-31,37620,2024-03-31,3,,,,,,,,,,,,,,,,,,,,,,,,,,,,,28.00,,,,44518400,4389486,,false,false,12,2023-04-01,2024-03-31,-1
2025-01-31,37620,2025-03-31,3,,,,,,,,,,,,,,,,,,,,,,,,,,,,,12.00,,,,,,,false,false,12,2024-04-01,2025-03-31,0
2025-01-31,37620,2025-03-31,3,,,,,,,,,,,,,,,,,,,,,,,,,,,,,32.00,,,,,,,false,true,12,2024-04-01,2025-03-31,0
2025-01-31,37620,2025-03-31,3,,,,,,,,,,,,,,,,,,,,,,,,,,,,,,,,,44518400,4349725,40154925,false,false,9,2024-04-01,2024-12-31,0
2025-01-31,37620,2024-03-31,3,,,,,,,,,,,,,,,,,,,,,,,,,,,,,,,,,,,40054046,false,false,9,2023-04-01,2023-12-31,-1
2025-05-09,37620,2025-03-31,,46321000000,0.252,,,,,4912000000,0.289,4954000000,0.309,3023000000,,0.107,75.29,75.07,,,,,82440000000,18104000000,0.218,447.12,17960000000,,,,,34.00,,,,44518400,4349725,40158315,false,false,12,2024-04-01,2025-03-31,0
2025-05-09,37620,2024-03-31,,36996000000,0.197,,,,,3810000000,0.407,3786000000,0.428,2731000000,,0.137,68.16,67.91,,,,,64972000000,16255000000,0.248,401.40,16107000000,,,,,28.00,,,,44518400,4389486,40072660,false,false,12,2023-04-01,2024-03-31,-1
2025-05-09,37620,2026-03-31,,25200000000,,,,,,,,2640000000,,1830000000,,,45.56,,,,,,,,,,,,,,,,,,,,,,false,true,6,2025-04-01,2025-09-30,1
2025-05-09,37620,2026-03-31,,52555000000,0.135,,,,,,,5600000000,0.130,3880000000,,0.283,96.59,,,,,,,,,,,,,,,36.00,,,,,,,false,true,12,2025-04-01,2026-03-31,1
2025-05-09,37620,2025-03-31,,,,,,,,6668000000,0.140,,,,4060000000,,101.12,100.81,,,,,105441000000,,,,,6836000000,-5955000000,-799000000,,,0.336,,,,,,true,false,12,2024-04-01,2025-03-31,0
2025-05-09,37620,2024-03-31,,,,,,,,5850000000,0.147,,,,3540000000,,88.35,88.03,,,,,85756000000,,,,,8982000000,-1938000000,147000000,,,0.317,,,,,,true,false,12,2023-04-01,2024-03-31,-1
2025-05-09,37620,2026-03-31,,,,,,,,3200000000,0.058,,,,2090000000,,52.03,,,,,,,,,,,,,,,,,,,,,,true,true,6,2025-04-01,2025-09-30,1
2025-05-09,37620,2026-03-31,,,,,,,,7600000000,0.140,,,,4880000000,,121.49,,,,,,,,,,,,,,,,0.296,,,,,,true,true,12,2025-04-01,2026-03-31,1
