filing_date,code,fiscal_year_end,quarterly_period,net_sales,net_sales_change,revenue,revenue_change,operating_revenue,operating_revenue_change,operating_profit,operating_profit_change,ordinary_profit,ordinary_profit_change,net_income,net_income_of_parent,net_income_change,eps,diluted_eps,roe,roa,operating_profit_to_net_sales,operating_profit_to_revenue,total_assets,net_assets,equity_ratio,bps,owner_equity,operating_cash_flow,investing_cash_flow,financing_cash_flow,cash,dividend_per_share,payout_ratio,commemorative_dividend,extra_dividend,number_of_shares,number_of_treqsury_shares,avg_number_of_shares,is_consolidated,is_forecast,duration,period_start,period_end,period_pos
2015-05-08,37630,2015-03-31,,3515000000,-0.008,,,,,1172000000,0.223,1181000000,0.227,746000000,,0.282,202.99,198.95,0.130,0.171,0.333,,7232000000,6069000000,0.833,1621.13,6021000000,980000000,-106000000,-177000000,1935000000,,0.394,,,,,,true,false,12,2014-04-01,2015-03-31,0
2015-05-08,37630,2014-03-31,,3544000000,0.034,,,,,958000000,0.152,962000000,0.148,582000000,,0.035,160.17,158.50,0.111,0.152,0.270,,6606000000,5499000000,0.823,1484.32,5439000000,953000000,-319000000,-201000000,1238000000,,0.437,,,,,,true,false,12,2013-04-01,2014-03-31,-1
2015-05-08,37630,2016-03-31,,3800000000,0.081,,,,,1175000000,0.002,1185000000,0.003,,747000000,,201.10,,,,,,,,,,,,,,,,0.348,,,,,,true,true,12,2015-04-01,2016-03-31,1
2015-05-08,37630,2015-03-31,,3329000000,0.021,,,,,1119000000,0.280,1139000000,0.269,724000000,,0.322,196.78,192.87,,,,,7006000000,5873000000,0.831,1568.26,5825000000,,,,,80.00,,,,3757000,42470,3679408,false,false,12,2014-04-01,2015-03-31,0
2015-05-08,37630,2014-03-31,,3261000000,0.067,,,,,874000000,0.183,897000000,0.176,547000000,,0.049,150.57,149.01,,,,,6385000000,5325000000,0.825,1436.97,5266000000,,,,,70.00,,,,3757000,92170,3636724,false,false,12,2013-04-01,2014-03-31,-1
2015-05-08,37630,2016-03-31,,,,,,,,,,,,,,,,,,,,,,,,,,,,,,70.00,,,,,,,false,true,12,2015-04-01,2016-03-31,1
2015-07-28,37630,2016-03-31,1,814000000,0.129,,,,,220000000,0.504,222000000,0.500,,143000000,,38.49,37.79,,,,,7287000000,5920000000,0.806,,5874000000,,,,,,,,,,,,true,false,3,2015-04-01,2015-06-30,0
2015-07-28,37630,2015-03-31,1,721000000,-0.043,,,,,146000000,0.822,148000000,0.806,,92000000,,25.35,25.04,,,,,,,,,,,,,,,,,,,,,true,false,3,2014-04-01,2014-06-30,-1
2015-07-28,37630,2016-03-31,1,3800000000,0.081,,,,,1175000000,0.002,1185000000,0.003,,747000000,,,,,,,,,,,,,,,,,,,,,,,,true,true,12,2015-04-01,2016-03-31,0
2015-07-28,37630,2015-03-31,1,,,,,,,,,,,,,,,,,,,,7232000000,6069000000,0.833,,6021000000,,,,,,,,,,,,true,false,12,2014-04-01,2015-03-31,-1
2015-07-28,37630,2015-03-31,1,,,,,,,,,,,,,,,,,,,,,,,,,,,,,80.00,,,,3757000,42470,,false,false,12,2014-04-01,2015-03-31,-1
2015-07-28,37630,2016-03-31,1,,,,,,,,,,,,,,,,,,,,,,,,,,,,,70.00,,,,,,,false,true,12,2015-04-01,2016-03-31,0
2015-07-28,37630,2016-03-31,1,,,,,,,,,,,,,,,,,,,,,,,,,,,,,,,,,3757000,38970,3715959,false,false,3,2015-04-01,2015-06-30,0
2015-07-28,37630,2015-03-31,1,,,,,,,,,,,,,,,,,,,,,,,,,,,,,,,,,,,3664885,false,false,3,2014-04-01,2014-06-30,-1
2015-10-27,37630,2016-03-31,2,1601000000,-0.003,,,,,472000000,0.015,474000000,0.004,,309000000,,83.20,81.85,,,,,7450000000,6093000000,0.812,,6050000000,,,,,,,,,,,,true,false,6,2015-04-01,2015-09-30,0
2015-10-27,37630,2015-03-31,2,1605000000,0.072,,,,,465000000,1.456,472000000,1.459,,301000000,,82.23,80.78,,,,,,,,,,,,,,,,,,,,,true,false,6,2014-04-01,2014-09-30,-1
2015-10-27,37630,2016-03-31,2,3800000000,0.081,,,,,1175000000,0.002,1185000000,0.003,,747000000,,,,,,,,,,,,,,,,,,,,,,,,true,true,12,2015-04-01,2016-03-31,0
2015-10-27,37630,2015-03-31,2,,,,,,,,,,,,,,,,,,,,7232000000,6069000000,0.833,,6021000000,,,,,,,,,,,,true,false,12,2014-04-01,2015-03-31,-1
2015-10-27,37630,2015-03-31,2,,,,,,,,,,,,,,,,,,,,,,,,,,,,,80.00,,,,3757000,42470,,false,false,12,2014-04-01,2015-03-31,-1
2015-10-27,37630,2016-03-31,2,,,,,,,,,,,,,,,,,,,,,,,,,,,,,0.00,,,,,,,false,false,12,2015-04-01,2016-03-31,0
2015-10-27,37630,2016-03-31,2,,,,,,,,,,,,,,,,,,,,,,,,,,,,,70.00,,,,,,,false,true,12,2015-04-01,2016-03-31,0
2015-10-27,37630,2016-03-31,2,,,,,,,,,,,,,,,,,,,,,,,,,,,,,,,,,3757000,34370,3718072,false,false,6,2015-04-01,2015-09-30,0
2015-10-27,37630,2015-03-31,2,,,,,,,,,,,,,,,,,,,,,,,,,,,,,,,,,,,3666332,false,false,6,2014-04-01,2014-09-30,-1
2016-01-28,37630,2016-03-31,3,2400000000,-0.011,,,,,776000000,0.038,779000000,0.031,,516000000,,138.79,136.69,,,,,7504000000,6333000000,0.840,,6305000000,,,,,,,,,,,,true,false,9,2015-04-01,2015-12-31,0
2016-01-28,37630,2015-03-31,3,2427000000,0.037,,,,,747000000,0.800,756000000,0.804,,479000000,,130.72,128.21,,,,,,,,,,,,,,,,,,,,,true,false,9,2014-04-01,2014-12-31,-1
2016-01-28,37630,2016-03-31,3,3800000000,0.081,,,,,1175000000,0.002,1185000000,0.003,,747000000,,,,,,,,,,,,,,,,,,,,,,,,true,true,12,2015-04-01,2016-03-31,0
2016-01-28,37630,2015-03-31,3,,,,,,,,,,,,,,,,,,,,7232000000,6069000000,0.833,,6021000000,,,,,,,,,,,,true,false,12,2014-04-01,2015-03-31,-1
2016-01-28,37630,2015-03-31,3,,,,,,,,,,,,,,,,,,,,,,,,,,,,,80.00,,,,3757000,42470,,false,false,12,2014-04-01,2015-03-31,-1
2016-01-28,37630,2016-03-31,3,,,,,,,,,,,,,,,,,,,,,,,,,,,,,0.00,,,,,,,false,false,12,2015-04-01,2016-03-31,0
2016-01-28,37630,2016-03-31,3,,,,,,,,,,,,,,,,,,,,,,,,,,,,,70.00,,,,,,,false,true,12,2015-04-01,2016-03-31,0
2016-01-28,37630,2016-03-31,3,,,,,,,,,,,,,,,,,,,,,,,,,,,,,,,,,3757000,8330,3725035,false,false,9,2015-04-01,2015-12-31,0
2016-01-28,37630,2015-03-31,3,,,,,,,,,,,,,,,,,,,,,,,,,,,,,,,,,,,3672038,false,false,9,2014-04-01,2014-12-31,-1
2016-05-06,37630,2016-03-31,,3566000000,0.014,,,,,1245000000,0.063,1250000000,0.058,,817000000,,219.04,215.88,0.130,0.166,0.349,,7789000000,6620000000,0.846,1756.91,6587000000,1027000000,-409000000,-243000000,2309000000,,0.365,,,,,,true,false,12,2015-04-01,2016-03-31,0
2016-05-06,37630,2015-03-31,,3515000000,-0.008,,,,,1172000000,0.223,1181000000,0.227,,746000000,,202.99,198.95,0.130,0.171,0.333,,7232000000,6069000000,0.833,1621.13,6021000000,980000000,-106000000,-177000000,1935000000,,0.394,,,,,,true,false,12,2014-04-01,2015-03-31,-1
2016-05-06,37630,2017-03-31,,4000000000,0.122,,,,,1225000000,-0.017,1250000000,0.000,,822000000,,220.32,,,,,,,,,,,,,,,,,,,,,,true,true,12,2016-04-01,2017-03-31,1
2016-05-06,37630,2016-03-31,,3429000000,0.030,,,,,1207000000,0.078,1225000000,0.075,804000000,,0.111,215.58,212.47,,,,,7556000000,6411000000,0.844,1701.10,6378000000,,,,,80.00,,,,3757000,7576,3730947,false,false,12,2015-04-01,2016-03-31,0
2016-05-06,37630,2015-03-31,,3329000000,0.021,,,,,1119000000,0.280,1139000000,0.269,724000000,,0.322,196.78,192.87,,,,,7006000000,5873000000,0.831,1568.26,5825000000,,,,,80.00,,,,3757000,42470,3679408,false,false,12,2014-04-01,2015-03-31,-1
2016-05-06,37630,2017-03-31,,,,,,,,,,,,,,,,,,,,,,,,,,,,,,80.00,,,,,,,false,true,12,2016-04-01,2017-03-31,1
,37630,2016-03-31,,,,,,,,,,,,,,,,,,,,,,,,,,,,,,80.00,,,,,,,false,true,12,2015-04-01,2016-03-31,0
,37630,2016-03-31,,,,,,,,,,,,,,,,,,,,,,,,,,,,,,0.00,,,,,,,false,false,12,2015-04-01,2016-03-31,0
,37630,2015-03-31,,,,,,,,,,,,,,,,,,,,,,,,,,,,,,80.00,,,,,,,false,false,12,2014-04-01,2015-03-31,-1
2016-07-28,37630,2017-03-31,1,701000000,-0.138,,,,,158000000,-0.282,166000000,-0.252,,109000000,,29.26,29.13,,,,,7902000000,6430000000,0.809,,6392000000,,,,,,,,,,,,true,false,3,2016-04-01,2016-06-30,0
2016-07-28,37630,2016-03-31,1,814000000,0.129,,,,,220000000,0.504,222000000,0.500,,143000000,,38.49,37.79,,,,,,,,,,,,,,,,,,,,,true,false,3,2015-04-01,2015-06-30,-1
2016-07-28,37630,2017-03-31,1,4000000000,0.122,,,,,1225000000,-0.017,1250000000,0.000,,822000000,,,,,,,,,,,,,,,,,,,,,,,,true,true,12,2016-04-01,2017-03-31,0
2016-07-28,37630,2016-03-31,1,,,,,,,,,,,,,,,,,,,,7789000000,6620000000,0.846,,6587000000,,,,,,,,,,,,true,false,12,2015-04-01,2016-03-31,-1
2016-07-28,37630,2016-03-31,1,,,,,,,,,,,,,,,,,,,,,,,,,,,,,80.00,,,,3757000,7576,,false,false,12,2015-04-01,2016-03-31,-1
2016-07-28,37630,2017-03-31,1,,,,,,,,,,,,,,,,,,,,,,,,,,,,,80.00,,,,,,,false,true,12,2016-04-01,2017-03-31,0
2016-07-28,37630,2017-03-31,1,,,,,,,,,,,,,,,,,,,,,,,,,,,,,,,,,3757000,7576,3749424,false,false,3,2016-04-01,2016-06-30,0
2016-07-28,37630,2016-03-31,1,,,,,,,,,,,,,,,,,,,,,,,,,,,,,,,,,,,3715959,false,false,3,2015-04-01,2015-06-30,-1
,37630,2017-03-31,,,,,,,,,,,,,,,,,,,,,,,,,,,,,,40.00,,,,,,,false,true,12,2016-04-01,2017-03-31,0
,37630,2016-03-31,,,,,,,,,,,,,,,,,,,,,,,,,,,,,,80.00,,,,,,,false,false,12,2015-04-01,2016-03-31,-1
2016-10-28,37630,2017-03-31,2,1724000000,0.077,,,,,493000000,0.046,508000000,0.072,,346000000,,46.20,45.92,,,,,8152000000,6674000000,0.813,,6631000000,,,,,,,,,,,,true,false,6,2016-04-01,2016-09-30,0
2016-10-28,37630,2016-03-31,2,1601000000,-0.003,,,,,472000000,0.015,474000000,0.004,,309000000,,41.60,40.92,,,,,,,,,,,,,,,,,,,,,true,false,6,2015-04-01,2015-09-30,-1
2016-10-28,37630,2017-03-31,2,4000000000,0.122,,,,,1225000000,-0.017,1250000000,0.000,,822000000,,,,,,,,,,,,,,,,,,,,,,,,true,true,12,2016-04-01,2017-03-31,0
2016-10-28,37630,2016-03-31,2,,,,,,,,,,,,,,,,,,,,7789000000,6620000000,0.846,,6587000000,,,,,,,,,,,,true,false,12,2015-04-01,2016-03-31,-1
2016-10-28,37630,2016-03-31,2,,,,,,,,,,,,,,,,,,,,,,,,,,,,,80.00,,,,7514000,15152,,false,false,12,2015-04-01,2016-03-31,-1
2016-10-28,37630,2017-03-31,2,,,,,,,,,,,,,,,,,,,,,,,,,,,,,0.00,,,,,,,false,false,12,2016-04-01,2017-03-31,0
2016-10-28,37630,2017-03-31,2,,,,,,,,,,,,,,,,,,,,,,,,,,,,,40.00,,,,,,,false,true,12,2016-04-01,2017-03-31,0
2016-10-28,37630,2017-03-31,2,,,,,,,,,,,,,,,,,,,,,,,,,,,,,,,,,7514000,14266,7499070,false,false,6,2016-04-01,2016-09-30,0
2016-10-28,37630,2016-03-31,2,,,,,,,,,,,,,,,,,,,,,,,,,,,,,,,,,,,7436143,false,false,6,2015-04-01,2015-09-30,-1
2017-01-30,37630,2017-03-31,3,2678000000,0.116,,,,,838000000,0.080,863000000,0.107,,586000000,,78.21,77.56,,,,,8192000000,6958000000,0.844,,6912000000,,,,,,,,,,,,true,false,9,2016-04-01,2016-12-31,0
2017-01-30,37630,2016-03-31,3,2400000000,-0.011,,,,,776000000,0.038,779000000,0.031,,516000000,,69.40,68.35,,,,,,,,,,,,,,,,,,,,,true,false,9,2015-04-01,2015-12-31,-1
2017-01-30,37630,2017-03-31,3,4000000000,0.122,,,,,1225000000,-0.017,1250000000,0.000,,822000000,,,,,,,,,,,,,,,,,,,,,,,,true,true,12,2016-04-01,2017-03-31,0
2017-01-30,37630,2016-03-31,3,,,,,,,,,,,,,,,,,,,,7789000000,6620000000,0.846,,6587000000,,,,,,,,,,,,true,false,12,2015-04-01,2016-03-31,-1
2017-01-30,37630,2016-03-31,3,,,,,,,,,,,,,,,,,,,,,,,,,,,,,80.00,,,,7514000,15152,,false,false,12,2015-04-01,2016-03-31,-1
2017-01-30,37630,2017-03-31,3,,,,,,,,,,,,,,,,,,,,,,,,,,,,,0.00,,,,,,,false,false,12,2016-04-01,2017-03-31,0
2017-01-30,37630,2017-03-31,3,,,,,,,,,,,,,,,,,,,,,,,,,,,,,50.00,,,,,,,false,true,12,2016-04-01,2017-03-31,0
2017-01-30,37630,2017-03-31,3,,,,,,,,,,,,,,,,,,,,,,,,,,,,,,,,,7515600,666,7501993,false,false,9,2016-04-01,2016-12-31,0
2017-01-30,37630,2016-03-31,3,,,,,,,,,,,,,,,,,,,,,,,,,,,,,,,,,,,7450069,false,false,9,2015-04-01,2015-12-31,-1
,37630,2017-03-31,,,,,,,,,,,,,,,,,,,,,,,,,,,,,,50.00,,,,,,,false,true,12,2016-04-01,2017-03-31,0
,37630,2017-03-31,,,,,,,,,,,,,,,,,,,,,,,,,,,,,,0.00,,,,,,,false,false,12,2016-04-01,2017-03-31,0
,37630,2016-03-31,,,,,,,,,,,,,,,,,,,,,,,,,,,,,,80.00,,,,,,,false,false,12,2015-04-01,2016-03-31,-1
2017-05-02,37630,2017-03-31,,4112000000,0.153,,,,,1544000000,0.240,1575000000,0.260,,1061000000,,142.11,140.55,0.155,0.192,0.376,,8595000000,7141000000,0.825,967.86,7094000000,1244000000,1141000000,-582000000,4112000000,,0.352,,,,,,true,false,12,2016-04-01,2017-03-31,0
2017-05-02,37630,2016-03-31,,3566000000,0.014,,,,,1245000000,0.063,1250000000,0.058,,817000000,,109.52,107.94,0.130,0.166,0.349,,7789000000,6620000000,0.846,878.46,6587000000,1027000000,-409000000,-243000000,2309000000,,0.365,,,,,,true,false,12,2015-04-01,2016-03-31,-1
2017-05-02,37630,2018-03-31,,4300000000,0.046,,,,,1417000000,-0.083,1450000000,-0.080,,970000000,,132.34,,,,,,,,,,,,,,,,0.378,,,,,,true,true,12,2017-04-01,2018-03-31,1
2017-05-02,37630,2017-03-31,,4001000000,0.167,,,,,1512000000,0.253,1556000000,0.270,1052000000,,0.308,140.85,139.31,,,,,8355000000,6922000000,0.823,938.03,6875000000,,,,,50.00,,,,7515600,185866,7470844,false,false,12,2016-04-01,2017-03-31,0
2017-05-02,37630,2016-03-31,,3429000000,0.030,,,,,1207000000,0.078,1225000000,0.075,804000000,,0.111,107.79,106.23,,,,,7556000000,6411000000,0.844,850.55,6378000000,,,,,80.00,,,,7514000,15152,7461895,false,false,12,2015-04-01,2016-03-31,-1
2017-05-02,37630,2018-03-31,,,,,,,,,,,,,,,,,,,,,,,,,,,,,,50.00,,,,,,,false,true,12,2017-04-01,2018-03-31,1
2017-07-28,37630,2018-03-31,1,857000000,0.221,,,,,204000000,0.290,212000000,0.280,,144000000,,19.71,19.25,,,,,8599000000,6954000000,0.803,,6904000000,,,,,,,,,,,,true,false,3,2017-04-01,2017-06-30,0
2017-07-28,37630,2017-03-31,1,701000000,-0.138,,,,,158000000,-0.282,166000000,-0.252,,109000000,,14.63,14.57,,,,,,,,,,,,,,,,,,,,,true,false,3,2016-04-01,2016-06-30,-1
2017-07-28,37630,2018-03-31,1,4300000000,0.046,,,,,1417000000,-0.083,1450000000,-0.080,,970000000,,,,,,,,,,,,,,,,,,,,,,,,true,true,12,2017-04-01,2018-03-31,0
2017-07-28,37630,2017-03-31,1,,,,,,,,,,,,,,,,,,,,8595000000,7141000000,0.825,,7094000000,,,,,,,,,,,,true,false,12,2016-04-01,2017-03-31,-1
2017-07-28,37630,2017-03-31,1,,,,,,,,,,,,,,,,,,,,,,,,,,,,,50.00,,,,7515600,185866,,false,false,12,2016-04-01,2017-03-31,-1
2017-07-28,37630,2018-03-31,1,,,,,,,,,,,,,,,,,,,,,,,,,,,,,50.00,,,,,,,false,true,12,2017-04-01,2018-03-31,0
2017-07-28,37630,2018-03-31,1,,,,,,,,,,,,,,,,,,,,,,,,,,,,,,,,,7515600,177866,7331138,false,false,3,2017-04-01,2017-06-30,0
2017-07-28,37630,2017-03-31,1,,,,,,,,,,,,,,,,,,,,,,,,,,,,,,,,,,,7498848,false,false,3,2016-04-01,2016-06-30,-1
,37630,2018-03-31,,,,,,,,,,,,,,,,,,,,,,,,,,,,,,60.00,,,,,,,false,true,12,2017-04-01,2018-03-31,0
,37630,2017-03-31,,,,,,,,,,,,,,,,,,,,,,,,,,,,,,50.00,,,,,,,false,false,12,2016-04-01,2017-03-31,-1
2017-10-30,37630,2018-03-31,2,1765000000,0.024,,,,,466000000,-0.055,483000000,-0.049,,333000000,,45.21,44.04,,,,,8864000000,7232000000,0.811,,7187000000,,,,,,,,,,,,true,false,6,2017-04-01,2017-09-30,0
2017-10-30,37630,2017-03-31,2,1724000000,0.077,,,,,493000000,0.046,508000000,0.072,,346000000,,46.20,45.92,,,,,,,,,,,,,,,,,,,,,true,false,6,2016-04-01,2016-09-30,-1
2017-10-30,37630,2018-03-31,2,4300000000,0.046,,,,,1417000000,-0.083,1450000000,-0.080,,970000000,,,,,,,,,,,,,,,,,,,,,,,,true,true,12,2017-04-01,2018-03-31,0
2017-10-30,37630,2017-03-31,2,,,,,,,,,,,,,,,,,,,,8595000000,7141000000,0.825,,7094000000,,,,,,,,,,,,true,false,12,2016-04-01,2017-03-31,-1
2017-10-30,37630,2017-03-31,2,,,,,,,,,,,,,,,,,,,,,,,,,,,,,50.00,,,,7515600,185866,,false,false,12,2016-04-01,2017-03-31,-1
2017-10-30,37630,2018-03-31,2,,,,,,,,,,,,,,,,,,,,,,,,,,,,,0.00,,,,,,,false,false,12,2017-04-01,2018-03-31,0
2017-10-30,37630,2018-03-31,2,,,,,,,,,,,,,,,,,,,,,,,,,,,,,60.00,,,,,,,false,true,12,2017-04-01,2018-03-31,0
2017-10-30,37630,2018-03-31,2,,,,,,,,,,,,,,,,,,,,,,,,,,,,,,,,,7515600,85266,7366314,false,false,6,2017-04-01,2017-09-30,0
2017-10-30,37630,2017-03-31,2,,,,,,,,,,,,,,,,,,,,,,,,,,,,,,,,,,,7499070,false,false,6,2016-04-01,2016-09-30,-1
2018-01-31,37630,2018-03-31,3,2735000000,0.021,,,,,745000000,-0.111,771000000,-0.107,,528000000,,71.44,69.86,,,,,8855000000,7484000000,0.839,,7430000000,,,,,,,,,,,,true,false,9,2017-04-01,2017-12-31,0
2018-01-31,37630,2017-03-31,3,2678000000,0.116,,,,,838000000,0.080,863000000,0.107,,586000000,,78.21,77.56,,,,,,,,,,,,,,,,,,,,,true,false,9,2016-04-01,2016-12-31,-1
2018-01-31,37630,2018-03-31,3,4300000000,0.046,,,,,1417000000,-0.083,1450000000,-0.080,,970000000,,,,,,,,,,,,,,,,,,,,,,,,true,true,12,2017-04-01,2018-03-31,0
2018-01-31,37630,2017-03-31,3,,,,,,,,,,,,,,,,,,,,8595000000,7141000000,0.825,,7094000000,,,,,,,,,,,,true,false,12,2016-04-01,2017-03-31,-1
2018-01-31,37630,2017-03-31,3,,,,,,,,,,,,,,,,,,,,,,,,,,,,,50.00,,,,7515600,185866,,false,false,12,2016-04-01,2017-03-31,-1
2018-01-31,37630,2018-03-31,3,,,,,,,,,,,,,,,,,,,,,,,,,,,,,0.00,,,,,,,false,false,12,2017-04-01,2018-03-31,0
2018-01-31,37630,2018-03-31,3,,,,,,,,,,,,,,,,,,,,,,,,,,,,,60.00,,,,,,,false,true,12,2017-04-01,2018-03-31,0
2018-01-31,37630,2018-03-31,3,,,,,,,,,,,,,,,,,,,,,,,,,,,,,,,,,7515600,47466,7392563,false,false,9,2017-04-01,2017-12-31,0
2018-01-31,37630,2017-03-31,3,,,,,,,,,,,,,,,,,,,,,,,,,,,,,,,,,,,7501993,false,false,9,2016-04-01,2016-12-31,-1
2018-05-07,37630,2018-03-31,,4347000000,0.057,,,,,1441000000,-0.067,1471000000,-0.066,,1010000000,,136.30,133.51,0.134,0.163,0.331,,9456000000,8026000000,0.843,1058.30,7967000000,1137000000,-1164000000,-168000000,3914000000,,0.440,,,,,,true,false,12,2017-04-01,2018-03-31,0
2018-05-07,37630,2017-03-31,,4112000000,0.153,,,,,1544000000,0.240,1575000000,0.260,,1061000000,,142.11,140.55,0.155,0.192,0.376,,8595000000,7141000000,0.825,967.86,7094000000,1244000000,1141000000,-582000000,4112000000,,0.352,,,,,,true,false,12,2016-04-01,2017-03-31,-1
2018-05-07,37630,2019-03-31,,4600000000,0.058,,,,,1480000000,0.027,1510000000,0.026,,1040000000,,138.13,,,,,,,,,,,,,,,,0.434,,,,,,true,true,12,2018-04-01,2019-03-31,1
2018-05-07,37630,2018-03-31,,4235000000,0.058,,,,,1417000000,-0.063,1456000000,-0.064,1003000000,,-0.047,135.27,132.51,,,,,9205000000,7799000000,0.841,1028.24,7741000000,,,,,60.00,,,,7529800,866,7416929,false,false,12,2017-04-01,2018-03-31,0
2018-05-07,37630,2017-03-31,,4001000000,0.167,,,,,1512000000,0.253,1556000000,0.270,1052000000,,0.308,140.85,139.31,,,,,8355000000,6922000000,0.823,938.03,6875000000,,,,,50.00,,,,7515600,185866,7470844,false,false,12,2016-04-01,2017-03-31,-1
2018-05-07,37630,2019-03-31,,,,,,,,,,,,,,,,,,,,,,,,,,,,,,60.00,,,,,,,false,true,12,2018-04-01,2019-03-31,1
2018-07-30,37630,2019-03-31,1,847000000,-0.012,,,,,217000000,0.064,228000000,0.075,,152000000,,20.28,19.93,,,,,9387000000,7750000000,0.818,,7681000000,,,,,,,,,,,,true,false,3,2018-04-01,2018-06-30,0
2018-07-30,37630,2018-03-31,1,857000000,0.221,,,,,204000000,0.290,212000000,0.280,,144000000,,19.71,19.25,,,,,,,,,,,,,,,,,,,,,true,false,3,2017-04-01,2017-06-30,-1
2018-07-30,37630,2019-03-31,1,4600000000,0.058,,,,,1480000000,0.027,1510000000,0.026,,1040000000,,,,,,,,,,,,,,,,,,,,,,,,true,true,12,2018-04-01,2019-03-31,0
2018-07-30,37630,2018-03-31,1,,,,,,,,,,,,,,,,,,,,9456000000,8026000000,0.843,,7967000000,,,,,,,,,,,,true,false,12,2017-04-01,2018-03-31,-1
2018-07-30,37630,2018-03-31,1,,,,,,,,,,,,,,,,,,,,,,,,,,,,,60.00,,,,7529800,866,,false,false,12,2017-04-01,2018-03-31,-1
2018-07-30,37630,2019-03-31,1,,,,,,,,,,,,,,,,,,,,,,,,,,,,,60.00,,,,,,,false,true,12,2018-04-01,2019-03-31,0
2018-07-30,37630,2019-03-31,1,,,,,,,,,,,,,,,,,,,,,,,,,,,,,,,,,7539000,866,7534325,false,false,3,2018-04-01,2018-06-30,0
2018-07-30,37630,2018-03-31,1,,,,,,,,,,,,,,,,,,,,,,,,,,,,,,,,,,,7331138,false,false,3,2017-04-01,2017-06-30,-1
2018-10-30,37630,2019-03-31,2,1788000000,0.013,,,,,464000000,-0.004,484000000,0.002,,334000000,,44.34,43.65,,,,,9551000000,7953000000,0.824,,7873000000,,,,,,,,,,,,true,false,6,2018-04-01,2018-09-30,0
2018-10-30,37630,2018-03-31,2,1765000000,0.024,,,,,466000000,-0.055,483000000,-0.049,,333000000,,45.21,44.04,,,,,,,,,,,,,,,,,,,,,true,false,6,2017-04-01,2017-09-30,-1
2018-10-30,37630,2019-03-31,2,4600000000,0.058,,,,,1480000000,0.027,1510000000,0.026,,1040000000,,,,,,,,,,,,,,,,,,,,,,,,true,true,12,2018-04-01,2019-03-31,0
2018-10-30,37630,2018-03-31,2,,,,,,,,,,,,,,,,,,,,9456000000,8026000000,0.843,,7967000000,,,,,,,,,,,,true,false,12,2017-04-01,2018-03-31,-1
2018-10-30,37630,2018-03-31,2,,,,,,,,,,,,,,,,,,,,,,,,,,,,,60.00,,,,7529800,866,,false,false,12,2017-04-01,2018-03-31,-1
2018-10-30,37630,2019-03-31,2,,,,,,,,,,,,,,,,,,,,,,,,,,,,,0.00,,,,,,,false,false,12,2018-04-01,2019-03-31,0
2018-10-30,37630,2019-03-31,2,,,,,,,,,,,,,,,,,,,,,,,,,,,,,60.00,,,,,,,false,true,12,2018-04-01,2019-03-31,0
2018-10-30,37630,2019-03-31,2,,,,,,,,,,,,,,,,,,,,,,,,,,,,,,,,,7544800,866,7538229,false,false,6,2018-04-01,2018-09-30,0
2018-10-30,37630,2018-03-31,2,,,,,,,,,,,,,,,,,,,,,,,,,,,,,,,,,,,7366314,false,false,6,2017-04-01,2017-09-30,-1
2019-01-30,37630,2019-03-31,3,2900000000,0.060,,,,,828000000,0.110,872000000,0.132,,597000000,,39.63,39.02,,,,,9491000000,8218000000,0.856,,8127000000,,,,,,,,,,,,true,false,9,2018-04-01,2018-12-31,0
2019-01-30,37630,2018-03-31,3,2735000000,0.021,,,,,745000000,-0.111,771000000,-0.107,,528000000,,35.72,34.93,,,,,,,,,,,,,,,,,,,,,true,false,9,2017-04-01,2017-12-31,-1
2019-01-30,37630,2019-03-31,3,4600000000,0.058,,,,,1480000000,0.027,1510000000,0.026,,1040000000,,,,,,,,,,,,,,,,,,,,,,,,true,true,12,2018-04-01,2019-03-31,0
2019-01-30,37630,2018-03-31,3,,,,,,,,,,,,,,,,,,,,9456000000,8026000000,0.843,,7967000000,,,,,,,,,,,,true,false,12,2017-04-01,2018-03-31,-1
2019-01-30,37630,2018-03-31,3,,,,,,,,,,,,,,,,,,,,,,,,,,,,,60.00,,,,15059600,1732,,false,false,12,2017-04-01,2018-03-31,-1
2019-01-30,37630,2019-03-31,3,,,,,,,,,,,,,,,,,,,,,,,,,,,,,0.00,,,,,,,false,false,12,2018-04-01,2019-03-31,0
2019-01-30,37630,2019-03-31,3,,,,,,,,,,,,,,,,,,,,,,,,,,,,,30.00,,,,,,,false,true,12,2018-04-01,2019-03-31,0
2019-01-30,37630,2019-03-31,3,,,,,,,,,,,,,,,,,,,,,,,,,,,,,,,,,15102800,1812,15082241,false,false,9,2018-04-01,2018-12-31,0
2019-01-30,37630,2018-03-31,3,,,,,,,,,,,,,,,,,,,,,,,,,,,,,,,,,,,14785126,false,false,9,2017-04-01,2017-12-31,-1
,37630,2019-03-31,,,,,,,,,,,,,,,,,,,,,,,,,,,,,,35.00,,,,,,,false,true,12,2018-04-01,2019-03-31,0
,37630,2019-03-31,,,,,,,,,,,,,,,,,,,,,,,,,,,,,,0.00,,,,,,,false,false,12,2018-04-01,2019-03-31,0
,37630,2018-03-31,,,,,,,,,,,,,,,,,,,,,,,,,,,,,,60.00,,,,,,,false,false,12,2017-04-01,2018-03-31,-1
2019-05-08,37630,2019-03-31,,4443000000,0.022,,,,,1534000000,0.065,1594000000,0.083,,1086000000,,72.03,70.89,0.131,0.162,0.345,,10208000000,8753000000,0.848,571.69,8653000000,884000000,-121000000,-404000000,4275000000,,0.486,,,,,,true,false,12,2018-04-01,2019-03-31,0
2019-05-08,37630,2018-03-31,,4347000000,0.057,,,,,1441000000,-0.067,1471000000,-0.066,,1010000000,,68.15,66.76,0.134,0.163,0.331,,9456000000,8026000000,0.843,529.15,7967000000,1137000000,-1164000000,-168000000,3914000000,,0.440,,,,,,true,false,12,2017-04-01,2018-03-31,-1
2019-05-08,37630,2020-03-31,,5000000000,0.125,,,,,1620000000,0.056,1650000000,0.035,,1135000000,,74.98,,,,,,,,,,,,,,,,0.600,,,,,,true,true,12,2019-04-01,2020-03-31,1
2019-05-08,37630,2019-03-31,,4303000000,0.016,,,,,1503000000,0.060,1569000000,0.078,1073000000,,0.070,71.16,70.04,,,,,9937000000,8514000000,0.847,555.87,8414000000,,,,,35.00,,,,15139200,1900,15089488,false,false,12,2018-04-01,2019-03-31,0
2019-05-08,37630,2018-03-31,,4235000000,0.058,,,,,1417000000,-0.063,1456000000,-0.064,1003000000,,-0.047,67.64,66.25,,,,,9205000000,7799000000,0.841,514.12,7741000000,,,,,60.00,,,,15059600,1732,14833857,false,false,12,2017-04-01,2018-03-31,-1
2019-05-08,37630,2020-03-31,,,,,,,,,,,,,,,,,,,,,,,,,,,,,,45.00,,,,,,,false,true,12,2019-04-01,2020-03-31,1
2019-07-30,37630,2020-03-31,1,1229000000,0.451,,,,,140000000,-0.353,147000000,-0.356,,93000000,,6.20,6.14,,,,,10284000000,8338000000,0.800,,8231000000,,,,,,,,,,,,true,false,3,2019-04-01,2019-06-30,0
2019-07-30,37630,2019-03-31,1,847000000,-0.012,,,,,217000000,0.064,228000000,0.075,,152000000,,10.14,9.97,,,,,,,,,,,,,,,,,,,,,true,false,3,2018-04-01,2018-06-30,-1
2019-07-30,37630,2020-03-31,1,5000000000,0.125,,,,,1620000000,0.056,1650000000,0.035,,1135000000,,,,,,,,,,,,,,,,,,,,,,,,true,true,12,2019-04-01,2020-03-31,0
2019-07-30,37630,2019-03-31,1,,,,,,,,,,,,,,,,,,,,10208000000,8753000000,0.848,,8653000000,,,,,,,,,,,,true,false,12,2018-04-01,2019-03-31,-1
2019-07-30,37630,2019-03-31,1,,,,,,,,,,,,,,,,,,,,,,,,,,,,,35.00,,,,15139200,1900,,false,false,12,2018-04-01,2019-03-31,-1
2019-07-30,37630,2020-03-31,1,,,,,,,,,,,,,,,,,,,,,,,,,,,,,45.00,,,,,,,false,true,12,2019-04-01,2020-03-31,0
2019-07-30,37630,2020-03-31,1,,,,,,,,,,,,,,,,,,,,,,,,,,,,,,,,,15162400,1900,15146627,false,false,3,2019-04-01,2019-06-30,0
2019-07-30,37630,2019-03-31,1,,,,,,,,,,,,,,,,,,,,,,,,,,,,,,,,,,,15068650,false,false,3,2018-04-01,2018-06-30,-1
2019-10-30,37630,2020-03-31,2,2282000000,0.276,,,,,391000000,-0.158,420000000,-0.132,,282000000,,18.66,18.46,,,,,10439000000,8549000000,0.808,,8430000000,,,,,,,,,,,,true,false,6,2019-04-01,2019-09-30,0
2019-10-30,37630,2019-03-31,2,1788000000,0.013,,,,,464000000,-0.004,484000000,0.002,,334000000,,22.17,21.83,,,,,,,,,,,,,,,,,,,,,true,false,6,2018-04-01,2018-09-30,-1
2019-10-30,37630,2020-03-31,2,5000000000,0.125,,,,,1620000000,0.056,1650000000,0.035,,1135000000,,,,,,,,,,,,,,,,,,,,,,,,true,true,12,2019-04-01,2020-03-31,0
2019-10-30,37630,2019-03-31,2,,,,,,,,,,,,,,,,,,,,10208000000,8753000000,0.848,,8653000000,,,,,,,,,,,,true,false,12,2018-04-01,2019-03-31,-1
2019-10-30,37630,2019-03-31,2,,,,,,,,,,,,,,,,,,,,,,,,,,,,,35.00,,,,15139200,1900,,false,false,12,2018-04-01,2019-03-31,-1
2019-10-30,37630,2020-03-31,2,,,,,,,,,,,,,,,,,,,,,,,,,,,,,0.00,,,,,,,false,false,12,2019-04-01,2020-03-31,0
2019-10-30,37630,2020-03-31,2,,,,,,,,,,,,,,,,,,,,,,,,,,,,,45.00,,,,,,,false,true,12,2019-04-01,2020-03-31,0
2019-10-30,37630,2020-03-31,2,,,,,,,,,,,,,,,,,,,,,,,,,,,,,,,,,15167600,2009,15154335,false,false,6,2019-04-01,2019-09-30,0
2019-10-30,37630,2019-03-31,2,,,,,,,,,,,,,,,,,,,,,,,,,,,,,,,,,,,15076458,false,false,6,2018-04-01,2018-09-30,-1
2020-01-30,37630,2020-03-31,3,3358000000,0.158,,,,,719000000,-0.132,777000000,-0.110,,525000000,,34.63,34.22,,,,,10407000000,8838000000,0.837,,8712000000,,,,,,,,,,,,true,false,9,2019-04-01,2019-12-31,0
2020-01-30,37630,2019-03-31,3,2900000000,0.060,,,,,828000000,0.110,872000000,0.132,,597000000,,39.63,39.02,,,,,,,,,,,,,,,,,,,,,true,false,9,2018-04-01,2018-12-31,-1
2020-01-30,37630,2020-03-31,3,5000000000,0.125,,,,,1620000000,0.056,1650000000,0.035,,1135000000,,,,,,,,,,,,,,,,,,,,,,,,true,true,12,2019-04-01,2020-03-31,0
2020-01-30,37630,2019-03-31,3,,,,,,,,,,,,,,,,,,,,10208000000,8753000000,0.848,,8653000000,,,,,,,,,,,,true,false,12,2018-04-01,2019-03-31,-1
2020-01-30,37630,2019-03-31,3,,,,,,,,,,,,,,,,,,,,,,,,,,,,,35.00,,,,15139200,1900,,false,false,12,2018-04-01,2019-03-31,-1
2020-01-30,37630,2020-03-31,3,,,,,,,,,,,,,,,,,,,,,,,,,,,,,0.00,,,,,,,false,false,12,2019-04-01,2020-03-31,0
2020-01-30,37630,2020-03-31,3,,,,,,,,,,,,,,,,,,,,,,,,,,,,,45.00,,,,,,,false,true,12,2019-04-01,2020-03-31,0
2020-01-30,37630,2020-03-31,3,,,,,,,,,,,,,,,,,,,,,,,,,,,,,,,,,15206400,2009,15165320,false,false,9,2019-04-01,2019-12-31,0
2020-01-30,37630,2019-03-31,3,,,,,,,,,,,,,,,,,,,,,,,,,,,,,,,,,,,15082241,false,false,9,2018-04-01,2018-12-31,-1
2020-05-08,37630,2020-03-31,,5052000000,0.137,,,,,1470000000,-0.042,1535000000,-0.037,,1036000000,,68.31,67.47,0.116,0.144,0.291,,11067000000,9346000000,0.832,604.94,9213000000,1677000000,-254000000,-455000000,5241000000,,0.659,,,,,,true,false,12,2019-04-01,2020-03-31,0
2020-05-08,37630,2019-03-31,,4443000000,0.022,,,,,1534000000,0.065,1594000000,0.083,,1086000000,,72.03,70.89,0.131,0.162,0.345,,10208000000,8753000000,0.848,571.69,8653000000,884000000,-121000000,-404000000,4275000000,,0.486,,,,,,true,false,12,2018-04-01,2019-03-31,-1
2020-05-08,37630,2021-03-31,,5400000000,0.069,,,,,1690000000,0.150,1730000000,0.127,,1160000000,,76.17,,,,,,,,,,,,,,,,0.460,,,,,,true,true,12,2020-04-01,2021-03-31,1
2020-05-08,37630,2020-03-31,,4936000000,0.147,,,,,1454000000,-0.033,1530000000,-0.025,1037000000,,-0.034,68.35,67.51,,,,,10788000000,9107000000,0.832,589.26,8974000000,,,,,45.00,,,,15232000,2009,15178183,false,false,12,2019-04-01,2020-03-31,0
2020-05-08,37630,2019-03-31,,4303000000,0.016,,,,,1503000000,0.060,1569000000,0.078,1073000000,,0.070,71.16,70.04,,,,,9937000000,8514000000,0.847,555.87,8414000000,,,,,35.00,,,,15139200,1900,15089488,false,false,12,2018-04-01,2019-03-31,-1
2020-05-08,37630,2021-03-31,,,,,,,,,,,,,,,,,,,,,,,,,,,,,,35.00,,,,,,,false,true,12,2020-04-01,2021-03-31,1
2020-07-30,37630,2021-03-31,1,940000000,-0.235,,,,,178000000,0.267,188000000,0.282,,128000000,,8.45,8.36,,,,,10869000000,8820000000,0.798,,8676000000,,,,,,,,,,,,true,false,3,2020-04-01,2020-06-30,0
2020-07-30,37630,2020-03-31,1,1229000000,0.451,,,,,140000000,-0.353,147000000,-0.356,,93000000,,6.20,6.14,,,,,,,,,,,,,,,,,,,,,true,false,3,2019-04-01,2019-06-30,-1
2020-07-30,37630,2021-03-31,1,5400000000,0.069,,,,,1690000000,0.150,1730000000,0.127,,1160000000,,76.17,,,,,,,,,,,,,,,,,,,,,,true,true,12,2020-04-01,2021-03-31,0
2020-07-30,37630,2020-03-31,1,,,,,,,,,,,,,,,,,,,,11067000000,9346000000,0.832,,9213000000,,,,,,,,,,,,true,false,12,2019-04-01,2020-03-31,-1
2020-07-30,37630,2020-03-31,1,,,,,,,,,,,,,,,,,,,,,,,,,,,,,45.00,,,,15232000,2009,,false,false,12,2019-04-01,2020-03-31,-1
2020-07-30,37630,2021-03-31,1,,,,,,,,,,,,,,,,,,,,,,,,,,,,,35.00,,,,,,,false,true,12,2020-04-01,2021-03-31,0
2020-07-30,37630,2021-03-31,1,,,,,,,,,,,,,,,,,,,,,,,,,,,,,,,,,15232000,2009,15229991,false,false,3,2020-04-01,2020-06-30,0
2020-07-30,37630,2020-03-31,1,,,,,,,,,,,,,,,,,,,,,,,,,,,,,,,,,,,15146627,false,false,3,2019-04-01,2019-06-30,-1
2020-10-30,3763,2021-03-31,2,2152000000,-0.057,,,,,571000000,0.460,589000000,0.402,,401000000,,26.33,26.01,,,,,11085000000,9112000000,0.808,,8955000000,,,,,,,,,,,,true,false,6,2020-04-01,2020-09-30,0
2020-10-30,3763,2020-03-31,2,2282000000,0.276,,,,,391000000,-0.158,420000000,-0.132,,282000000,,18.66,18.46,,,,,,,,,,,,,,,,,,,,,true,false,6,2019-04-01,2019-09-30,-1
2020-10-30,3763,2021-03-31,2,5400000000,0.069,,,,,1690000000,0.150,1730000000,0.127,,1160000000,,,,,,,,,,,,,,,,,,,,,,,,true,true,12,2020-04-01,2021-03-31,0
2020-10-30,3763,2020-03-31,2,,,,,,,,,,,,,,,,,,,,11067000000,9346000000,0.832,,9213000000,,,,,,,,,,,,true,false,12,2019-04-01,2020-03-31,-1
2020-10-30,3763,2020-03-31,2,,,,,,,,,,,,,,,,,,,,,,,,,,,,,45.00,,,,15232000,2009,,false,false,12,2019-04-01,2020-03-31,-1
2020-10-30,3763,2021-03-31,2,,,,,,,,,,,,,,,,,,,,,,,,,,,,,0.00,,,,,,,false,false,12,2020-04-01,2021-03-31,0
2020-10-30,3763,2021-03-31,2,,,,,,,,,,,,,,,,,,,,,,,,,,,,,35.00,,,,,,,false,true,12,2020-04-01,2021-03-31,0
2020-10-30,3763,2021-03-31,2,,,,,,,,,,,,,,,,,,,,,,,,,,,,,,,,,15238200,2029,15230971,false,false,6,2020-04-01,2020-09-30,0
2020-10-30,3763,2020-03-31,2,,,,,,,,,,,,,,,,,,,,,,,,,,,,,,,,,,,15154335,false,false,6,2019-04-01,2019-09-30,-1
2021-01-29,3763,2021-03-31,3,3228000000,-0.039,,,,,931000000,0.296,958000000,0.234,,656000000,,43.02,42.50,,,,,11138000000,9462000000,0.836,,9308000000,,,,,,,,,,,,true,false,9,2020-04-01,2020-12-31,0
2021-01-29,3763,2020-03-31,3,3358000000,0.158,,,,,719000000,-0.132,777000000,-0.110,,525000000,,34.63,34.22,,,,,,,,,,,,,,,,,,,,,true,false,9,2019-04-01,2019-12-31,-1
2021-01-29,3763,2021-03-31,3,5400000000,0.069,,,,,1690000000,0.150,1730000000,0.127,,1160000000,,,,,,,,,,,,,,,,,,,,,,,,true,true,12,2020-04-01,2021-03-31,0
2021-01-29,3763,2020-03-31,3,,,,,,,,,,,,,,,,,,,,11067000000,9346000000,0.832,,9213000000,,,,,,,,,,,,true,false,12,2019-04-01,2020-03-31,-1
2021-01-29,3763,2020-03-31,3,,,,,,,,,,,,,,,,,,,,,,,,,,,,,45.00,,,,15232000,2009,,false,false,12,2019-04-01,2020-03-31,-1
2021-01-29,3763,2021-03-31,3,,,,,,,,,,,,,,,,,,,,,,,,,,,,,0.00,,,,,,,false,false,12,2020-04-01,2021-03-31,0
2021-01-29,3763,2021-03-31,3,,,,,,,,,,,,,,,,,,,,,,,,,,,,,35.00,,,,,,,false,true,12,2020-04-01,2021-03-31,0
2021-01-29,3763,2021-03-31,3,,,,,,,,,,,,,,,,,,,,,,,,,,,,,,,,,15371000,2029,15259023,false,false,9,2020-04-01,2020-12-31,0
2021-01-29,3763,2020-03-31,3,,,,,,,,,,,,,,,,,,,,,,,,,,,,,,,,,,,15165320,false,false,9,2019-04-01,2019-12-31,-1
2021-05-07,3763,2021-03-31,,5351000000,0.059,,,,,1719000000,0.170,1758000000,0.145,,1192000000,,77.98,77.09,0.125,0.153,0.321,,11904000000,10048000000,0.830,642.53,9884000000,908000000,-150000000,-582000000,5418000000,,0.449,,,,,,true,false,12,2020-04-01,2021-03-31,0
2021-05-07,3763,2020-03-31,,5052000000,0.137,,,,,1470000000,-0.042,1535000000,-0.037,,1036000000,,68.31,67.47,0.116,0.144,0.291,,11067000000,9346000000,0.832,604.94,9213000000,1677000000,-254000000,-455000000,5241000000,,0.659,,,,,,true,false,12,2019-04-01,2020-03-31,-1
2021-05-07,3763,2022-03-31,,6400000000,0.196,,,,,1913000000,0.113,1950000000,0.109,,1308000000,,85.28,,,,,,,,,,,,,,,,0.469,,,,,,true,true,12,2021-04-01,2022-03-31,1
2021-05-07,3763,2021-03-31,,5207000000,0.055,,,,,1690000000,0.163,1733000000,0.133,1176000000,,0.134,76.95,76.07,,,,,11612000000,9793000000,0.829,625.98,9629000000,,,,,35.00,,,,15385800,2029,15287264,false,false,12,2020-04-01,2021-03-31,0
2021-05-07,3763,2020-03-31,,4936000000,0.147,,,,,1454000000,-0.033,1530000000,-0.025,1037000000,,-0.034,68.35,67.51,,,,,10788000000,9107000000,0.832,589.26,8974000000,,,,,45.00,,,,15232000,2009,15178183,false,false,12,2019-04-01,2020-03-31,-1
2021-05-07,3763,2022-03-31,,,,,,,,,,,,,,,,,,,,,,,,,,,,,,40.00,,,,,,,false,true,12,2021-04-01,2022-03-31,1
2021-07-30,3763,2022-03-31,1,1394000000,0.483,,,,,454000000,1.552,471000000,1.497,,324000000,,21.08,20.95,,,,,12127000000,9887000000,0.801,,9719000000,,,,,,,,,,,,true,false,3,2021-04-01,2021-06-30,0
2021-07-30,3763,2021-03-31,1,940000000,-0.235,,,,,178000000,0.267,188000000,0.282,,128000000,,8.45,8.36,,,,,,,,,,,,,,,,,,,,,true,false,3,2020-04-01,2020-06-30,-1
2021-07-30,3763,2022-03-31,1,6400000000,0.196,,,,,1913000000,0.113,1950000000,0.109,,1308000000,,85.28,,,,,,,,,,,,,,,,,,,,,,true,true,12,2021-04-01,2022-03-31,0
2021-07-30,3763,2021-03-31,1,,,,,,,,,,,,,,,,,,,,11904000000,10048000000,0.830,,9884000000,,,,,,,,,,,,true,false,12,2020-04-01,2021-03-31,-1
2021-07-30,3763,2021-03-31,1,,,,,,,,,,,,,,,,,,,,,,,,,,,,,35.00,,,,15385800,2029,,false,false,12,2020-04-01,2021-03-31,-1
2021-07-30,3763,2022-03-31,1,,,,,,,,,,,,,,,,,,,,,,,,,,,,,40.00,,,,,,,false,true,12,2021-04-01,2022-03-31,0
2021-07-30,3763,2022-03-31,1,,,,,,,,,,,,,,,,,,,,,,,,,,,,,,,,,15388600,2036,15384724,false,false,3,2021-04-01,2021-06-30,0
2021-07-30,3763,2021-03-31,1,,,,,,,,,,,,,,,,,,,,,,,,,,,,,,,,,,,15229991,false,false,3,2020-04-01,2020-06-30,-1
2021-10-29,3763,2022-03-31,2,3074000000,0.429,,,,,1020000000,0.787,1046000000,0.777,,742000000,,48.28,47.85,,,,,12618000000,10326000000,0.805,,10161000000,,,,,,,,,,,,true,false,6,2021-04-01,2021-09-30,0
2021-10-29,3763,2021-03-31,2,2152000000,-0.057,,,,,571000000,0.460,589000000,0.402,,401000000,,26.33,26.01,,,,,,,,,,,,,,,,,,,,,true,false,6,2020-04-01,2020-09-30,-1
2021-10-29,3763,2022-03-31,2,6400000000,0.196,,,,,1913000000,0.113,1950000000,0.109,,1308000000,,85.28,,,,,,,,,,,,,,,,,,,,,,true,true,12,2021-04-01,2022-03-31,0
2021-10-29,3763,2021-03-31,2,,,,,,,,,,,,,,,,,,,,11904000000,10048000000,0.830,,9884000000,,,,,,,,,,,,true,false,12,2020-04-01,2021-03-31,-1
2021-10-29,3763,2021-03-31,2,,,,,,,,,,,,,,,,,,,,,,,,,,,,,35.00,,,,15385800,2029,,false,false,12,2020-04-01,2021-03-31,-1
2021-10-29,3763,2022-03-31,2,,,,,,,,,,,,,,,,,,,,,,,,,,,,,0.00,,,,,,,false,false,12,2021-04-01,2022-03-31,0
2021-10-29,3763,2022-03-31,2,,,,,,,,,,,,,,,,,,,,,,,,,,,,,40.00,,,,,,,false,true,12,2021-04-01,2022-03-31,0
2021-10-29,3763,2022-03-31,2,,,,,,,,,,,,,,,,,,,,,,,,,,,,,,,,,15404200,2081,15388735,false,false,6,2021-04-01,2021-09-30,0
2021-10-29,3763,2021-03-31,2,,,,,,,,,,,,,,,,,,,,,,,,,,,,,,,,,,,15230971,false,false,6,2020-04-01,2020-09-30,-1
2022-01-28,3763,2022-03-31,3,4714000000,0.460,,,,,1540000000,0.654,1579000000,0.647,,1110000000,,72.07,71.33,,,,,12813000000,10776000000,0.828,,10608000000,,,,,,,,,,,,true,false,9,2021-04-01,2021-12-31,0
2022-01-28,3763,2021-03-31,3,3228000000,-0.039,,,,,931000000,0.296,958000000,0.234,,656000000,,43.02,42.50,,,,,,,,,,,,,,,,,,,,,true,false,9,2020-04-01,2020-12-31,-1
2022-01-28,3763,2022-03-31,3,6400000000,0.196,,,,,1913000000,0.113,1950000000,0.109,,1308000000,,85.28,,,,,,,,,,,,,,,,,,,,,,true,true,12,2021-04-01,2022-03-31,0
2022-01-28,3763,2021-03-31,3,,,,,,,,,,,,,,,,,,,,11904000000,10048000000,0.830,,9884000000,,,,,,,,,,,,true,false,12,2020-04-01,2021-03-31,-1
2022-01-28,3763,2021-03-31,3,,,,,,,,,,,,,,,,,,,,,,,,,,,,,35.00,,,,15385800,2029,,false,false,12,2020-04-01,2021-03-31,-1
2022-01-28,3763,2022-03-31,3,,,,,,,,,,,,,,,,,,,,,,,,,,,,,0.00,,,,,,,false,false,12,2021-04-01,2022-03-31,0
2022-01-28,3763,2022-03-31,3,,,,,,,,,,,,,,,,,,,,,,,,,,,,,40.00,,,,,,,false,true,12,2021-04-01,2022-03-31,0
2022-01-28,3763,2022-03-31,3,,,,,,,,,,,,,,,,,,,,,,,,,,,,,,,,,15457900,2081,15403115,false,false,9,2021-04-01,2021-12-31,0
2022-01-28,3763,2021-03-31,3,,,,,,,,,,,,,,,,,,,,,,,,,,,,,,,,,,,15259023,false,false,9,2020-04-01,2020-12-31,-1
,37630,2022-03-31,,,,,,,,,,,,,,,,,,,,,,,,,,,,,,50.00,,,,,,,false,true,12,2021-04-01,2022-03-31,0
,37630,2022-03-31,,,,,,,,,,,,,,,,,,,,,,,,,,,,,,0.00,,,,,,,false,false,12,2021-04-01,2022-03-31,0
,37630,2021-03-31,,,,,,,,,,,,,,,,,,,,,,,,,,,,,,35.00,,,,,,,false,false,12,2020-04-01,2021-03-31,-1
2022-05-09,3763,2022-03-31,,6689000000,0.250,,,,,2205000000,0.282,2271000000,0.292,,1591000000,,103.20,102.23,0.151,0.179,0.330,,13532000000,11336000000,0.824,719.53,11153000000,2337000000,-94000000,-396000000,7271000000,,0.484,,,,,,true,false,12,2021-04-01,2022-03-31,0
2022-05-09,3763,2021-03-31,,5351000000,0.059,,,,,1719000000,0.170,1758000000,0.145,,1192000000,,77.98,77.09,0.125,0.153,0.321,,11904000000,10048000000,0.830,642.53,9884000000,908000000,-150000000,-582000000,5418000000,,0.449,,,,,,true,false,12,2020-04-01,2021-03-31,-1
2022-05-09,3763,2023-03-31,,7000000000,0.046,,,,,2280000000,0.034,2310000000,0.017,,1600000000,,103.22,,,,,,,,,,,,,,,,0.436,,,,,,true,true,12,2022-04-01,2023-03-31,1
2022-05-09,3763,2022-03-31,,6645000000,0.276,,,,,2198000000,0.301,2272000000,0.311,1568000000,,0.333,101.72,100.76,,,,,13252000000,11059000000,0.821,701.63,10875000000,,,,,50.00,,,,15502800,2081,15420297,false,false,12,2021-04-01,2022-03-31,0
2022-05-09,3763,2021-03-31,,5207000000,0.055,,,,,1690000000,0.163,1733000000,0.133,1176000000,,0.134,76.95,76.07,,,,,11612000000,9793000000,0.829,625.98,9629000000,,,,,35.00,,,,15385800,2029,15287264,false,false,12,2020-04-01,2021-03-31,-1
2022-05-09,3763,2023-03-31,,,,,,,,,,,,,,,,,,,,,,,,,,,,,,45.00,,,,,,,false,true,12,2022-04-01,2023-03-31,1
2022-08-10,3763,2023-03-31,1,1498000000,0.074,,,,,251000000,-0.448,274000000,-0.418,,182000000,,11.79,11.72,,,,,13268000000,10797000000,0.799,,10595000000,,,,,,,,,,,,true,false,3,2022-04-01,2022-06-30,0
2022-08-10,3763,2022-03-31,1,1394000000,0.483,,,,,454000000,1.552,471000000,1.497,,324000000,,21.08,20.95,,,,,,,,,,,,,,,,,,,,,true,false,3,2021-04-01,2021-06-30,-1
2022-08-10,3763,2023-03-31,1,7000000000,0.046,,,,,2280000000,0.034,2310000000,0.017,,1600000000,,103.22,,,,,,,,,,,,,,,,,,,,,,true,true,12,2022-04-01,2023-03-31,0
2022-08-10,3763,2022-03-31,1,,,,,,,,,,,,,,,,,,,,13532000000,11336000000,0.824,,11153000000,,,,,,,,,,,,true,false,12,2021-04-01,2022-03-31,-1
2022-08-10,3763,2022-03-31,1,,,,,,,,,,,,,,,,,,,,,,,,,,,,,50.00,,,,15502800,2081,,false,false,12,2021-04-01,2022-03-31,-1
2022-08-10,3763,2023-03-31,1,,,,,,,,,,,,,,,,,,,,,,,,,,,,,45.00,,,,,,,false,true,12,2022-04-01,2023-03-31,0
2022-08-10,3763,2023-03-31,1,,,,,,,,,,,,,,,,,,,,,,,,,,,,,,,,,15513400,2081,15502466,false,false,3,2022-04-01,2022-06-30,0
2022-08-10,3763,2022-03-31,1,,,,,,,,,,,,,,,,,,,,,,,,,,,,,,,,,,,15384724,false,false,3,2021-04-01,2021-06-30,-1
2022-10-28,3763,2023-03-31,2,3255000000,0.059,,,,,740000000,-0.274,772000000,-0.262,,521000000,,35.68,35.40,,,,,8235000000,5950000000,0.697,,5743000000,,,,,,,,,,,,true,false,6,2022-04-01,2022-09-30,0
2022-10-28,3763,2022-03-31,2,3074000000,0.429,,,,,1020000000,0.787,1046000000,0.777,,742000000,,48.28,47.85,,,,,,,,,,,,,,,,,,,,,true,false,6,2021-04-01,2021-09-30,-1
2022-10-28,3763,2023-03-31,2,7000000000,0.046,,,,,2280000000,0.034,2310000000,0.017,,1600000000,,103.22,,,,,,,,,,,,,,,,,,,,,,true,true,12,2022-04-01,2023-03-31,0
2022-10-28,3763,2022-03-31,2,,,,,,,,,,,,,,,,,,,,13532000000,11336000000,0.824,,11153000000,,,,,,,,,,,,true,false,12,2021-04-01,2022-03-31,-1
2022-10-28,3763,2022-03-31,2,,,,,,,,,,,,,,,,,,,,,,,,,,,,,50.00,,,,15502800,2081,,false,false,12,2021-04-01,2022-03-31,-1
2022-10-28,3763,2023-03-31,2,,,,,,,,,,,,,,,,,,,,,,,,,,,,,0.00,,,,,,,false,false,12,2022-04-01,2023-03-31,0
2022-10-28,3763,2023-03-31,2,,,,,,,,,,,,,,,,,,,,,,,,,,,,,45.00,,,,,,,false,true,12,2022-04-01,2023-03-31,0
2022-10-28,3763,2023-03-31,2,,,,,,,,,,,,,,,,,,,,,,,,,,,,,,,,,15605800,3300081,14617234,false,false,6,2022-04-01,2022-09-30,0
2022-10-28,3763,2022-03-31,2,,,,,,,,,,,,,,,,,,,,,,,,,,,,,,,,,,,15388735,false,false,6,2021-04-01,2021-09-30,-1
2022-10-28,3763,2023-03-31,2,3255000000,0.059,,,,,740000000,-0.275,772000000,-0.262,,546000000,,37.38,37.09,,,,,8235000000,5938000000,0.700,,5768000000,,,,,,,,,,,,true,false,6,2022-04-01,2022-09-30,0
2022-10-28,3763,2022-03-31,2,3074000000,0.429,,,,,1020000000,0.787,1046000000,0.777,,742000000,,48.28,47.85,,,,,,,,,,,,,,,,,,,,,true,false,6,2021-04-01,2021-09-30,-1
2022-10-28,3763,2023-03-31,2,7000000000,0.046,,,,,2280000000,0.034,2310000000,0.017,,1600000000,,103.22,,,,,,,,,,,,,,,,,,,,,,true,true,12,2022-04-01,2023-03-31,0
2022-10-28,3763,2022-03-31,2,,,,,,,,,,,,,,,,,,,,13532000000,11336000000,0.824,,11153000000,,,,,,,,,,,,true,false,12,2021-04-01,2022-03-31,-1
2022-10-28,3763,2022-03-31,2,,,,,,,,,,,,,,,,,,,,,,,,,,,,,50.00,,,,15502800,2081,,false,false,12,2021-04-01,2022-03-31,-1
2022-10-28,3763,2023-03-31,2,,,,,,,,,,,,,,,,,,,,,,,,,,,,,0.00,,,,,,,false,false,12,2022-04-01,2023-03-31,0
2022-10-28,3763,2023-03-31,2,,,,,,,,,,,,,,,,,,,,,,,,,,,,,45.00,,,,,,,false,true,12,2022-04-01,2023-03-31,0
2022-10-28,3763,2023-03-31,2,,,,,,,,,,,,,,,,,,,,,,,,,,,,,,,,,15605800,3300081,14617234,false,false,6,2022-04-01,2022-09-30,0
2022-10-28,3763,2022-03-31,2,,,,,,,,,,,,,,,,,,,,,,,,,,,,,,,,,,,15388735,false,false,6,2021-04-01,2021-09-30,-1
2023-01-31,3763,2023-03-31,3,4870000000,0.033,,,,,1112000000,-0.278,1294000000,-0.181,,901000000,,65.09,64.65,,,,,8230000000,6267000000,0.738,,6075000000,,,,,,,,,,,,true,false,9,2022-04-01,2022-12-31,0
2023-01-31,3763,2022-03-31,3,4714000000,0.460,,,,,1540000000,0.654,1579000000,0.647,,1110000000,,72.07,71.33,,,,,,,,,,,,,,,,,,,,,true,false,9,2021-04-01,2021-12-31,-1
2023-01-31,3763,2023-03-31,3,6600000000,-0.013,,,,,1600000000,-0.275,1810000000,-0.203,,1260000000,,93.58,,,,,,,,,,,,,,,,,,,,,,true,true,12,2022-04-01,2023-03-31,0
2023-01-31,3763,2022-03-31,3,,,,,,,,,,,,,,,,,,,,13532000000,11336000000,0.824,,11153000000,,,,,,,,,,,,true,false,12,2021-04-01,2022-03-31,-1
2023-01-31,3763,2022-03-31,3,,,,,,,,,,,,,,,,,,,,,,,,,,,,,50.00,,,,15502800,2081,,false,false,12,2021-04-01,2022-03-31,-1
2023-01-31,3763,2023-03-31,3,,,,,,,,,,,,,,,,,,,,,,,,,,,,,0.00,,,,,,,false,false,12,2022-04-01,2023-03-31,0
2023-01-31,3763,2023-03-31,3,,,,,,,,,,,,,,,,,,,,,,,,,,,,,45.00,,,,,,,false,true,12,2022-04-01,2023-03-31,0
2023-01-31,3763,2023-03-31,3,,,,,,,,,,,,,,,,,,,,,,,,,,,,,,,,,15605800,3300081,13843927,false,false,9,2022-04-01,2022-12-31,0
2023-01-31,3763,2022-03-31,3,,,,,,,,,,,,,,,,,,,,,,,,,,,,,,,,,,,15403115,false,false,9,2021-04-01,2021-12-31,-1
2023-05-09,3763,2023-03-31,,6600000000,-0.013,,,,,1630000000,-0.261,1831000000,-0.194,,1299000000,,96.53,95.96,0.148,0.165,0.247,,8626000000,6679000000,0.750,525.50,6468000000,1119000000,-198000000,-5980000000,2214000000,,0.487,,,,,,true,false,12,2022-04-01,2023-03-31,0
2023-05-09,3763,2022-03-31,,6689000000,0.250,,,,,2205000000,0.282,2271000000,0.292,,1591000000,,103.20,102.23,0.151,0.179,0.330,,13532000000,11336000000,0.824,719.53,11153000000,2337000000,-94000000,-396000000,7271000000,,0.484,,,,,,true,false,12,2021-04-01,2022-03-31,-1
2023-05-09,3763,2024-03-31,,7300000000,0.106,,,,,1959000000,0.202,2000000000,0.092,,1388000000,,112.77,,,,,,,,,,,,,,,,0.443,,,,,,true,true,12,2023-04-01,2024-03-31,1
2023-05-09,3763,2023-03-31,,6595000000,-0.008,,,,,1626000000,-0.260,1844000000,-0.189,1314000000,,-0.162,97.60,97.02,,,,,8363000000,6416000000,0.742,504.13,6205000000,,,,,47.00,,,,15609800,3300081,13465172,false,false,12,2022-04-01,2023-03-31,0
2023-05-09,3763,2022-03-31,,6645000000,0.276,,,,,2198000000,0.301,2272000000,0.311,1568000000,,0.333,101.72,100.76,,,,,13252000000,11059000000,0.821,701.63,10875000000,,,,,50.00,,,,15502800,2081,15420297,false,false,12,2021-04-01,2022-03-31,-1
2023-05-09,3763,2024-03-31,,,,,,,,,,,,,,,,,,,,,,,,,,,,,,50.00,,,,,,,false,true,12,2023-04-01,2024-03-31,1
2023-08-10,3763,2024-03-31,1,1296000000,-0.135,,,,,23000000,-0.907,39000000,-0.856,,26000000,,2.18,2.17,,,,,8691000000,6188000000,0.685,,5957000000,,,,,,,,,,,,true,false,3,2023-04-01,2023-06-30,0
2023-08-10,3763,2023-03-31,1,1498000000,0.074,,,,,251000000,-0.448,274000000,-0.418,,182000000,,11.79,11.72,,,,,,,,,,,,,,,,,,,,,true,false,3,2022-04-01,2022-06-30,-1
2023-08-10,3763,2024-03-31,1,7300000000,0.106,,,,,1959000000,0.202,2000000000,0.092,,1388000000,,112.77,,,,,,,,,,,,,,,,,,,,,,true,true,12,2023-04-01,2024-03-31,0
2023-08-10,3763,2023-03-31,1,,,,,,,,,,,,,,,,,,,,8626000000,6679000000,0.750,,6468000000,,,,,,,,,,,,true,false,12,2022-04-01,2023-03-31,-1
2023-08-10,3763,2023-03-31,1,,,,,,,,,,,,,,,,,,,,,,,,,,,,,47.00,,,,15609800,3300081,,false,false,12,2022-04-01,2023-03-31,-1
2023-08-10,3763,2024-03-31,1,,,,,,,,,,,,,,,,,,,,,,,,,,,,,50.00,,,,,,,false,true,12,2023-04-01,2024-03-31,0
2023-08-10,3763,2024-03-31,1,,,,,,,,,,,,,,,,,,,,,,,,,,,,,,,,,15609800,3300081,12309719,false,false,3,2023-04-01,2023-06-30,0
2023-08-10,3763,2023-03-31,1,,,,,,,,,,,,,,,,,,,,,,,,,,,,,,,,,,,15502466,false,false,3,2022-04-01,2022-06-30,-1
2023-11-13,3763,2024-03-31,2,3026000000,-0.070,,,,,415000000,-0.438,443000000,-0.426,,301000000,,24.46,24.44,,,,,8899000000,6491000000,0.701,,6242000000,,,,,,,,,,,,true,false,6,2023-04-01,2023-09-30,0
2023-11-13,3763,2023-03-31,2,3255000000,0.059,,,,,740000000,-0.275,772000000,-0.262,,546000000,,37.38,37.09,,,,,,,,,,,,,,,,,,,,,true,false,6,2022-04-01,2022-09-30,-1
2023-11-13,3763,2024-03-31,2,7300000000,0.106,,,,,1959000000,0.202,2000000000,0.092,,1388000000,,112.77,,,,,,,,,,,,,,,,,,,,,,true,true,12,2023-04-01,2024-03-31,0
2023-11-13,3763,2023-03-31,2,,,,,,,,,,,,,,,,,,,,8626000000,6679000000,0.750,,6468000000,,,,,,,,,,,,true,false,12,2022-04-01,2023-03-31,-1
2023-11-13,3763,2023-03-31,2,,,,,,,,,,,,,,,,,,,,,,,,,,,,,47.00,,,,15609800,3300081,,false,false,12,2022-04-01,2023-03-31,-1
2023-11-13,3763,2024-03-31,2,,,,,,,,,,,,,,,,,,,,,,,,,,,,,0.00,,,,,,,false,false,12,2023-04-01,2024-03-31,0
2023-11-13,3763,2024-03-31,2,,,,,,,,,,,,,,,,,,,,,,,,,,,,,50.00,,,,,,,false,true,12,2023-04-01,2024-03-31,0
2023-11-13,3763,2024-03-31,2,,,,,,,,,,,,,,,,,,,,,,,,,,,,,,,,,15609800,3300123,12309698,false,false,6,2023-04-01,2023-09-30,0
2023-11-13,3763,2023-03-31,2,,,,,,,,,,,,,,,,,,,,,,,,,,,,,,,,,,,14617234,false,false,6,2022-04-01,2022-09-30,-1
2024-02-09,3763,2024-03-31,3,4912000000,0.008,,,,,985000000,-0.114,1194000000,-0.077,,838000000,,68.13,68.11,,,,,9120000000,7024000000,0.742,,6767000000,,,,,,,,,,,,true,false,9,2023-04-01,2023-12-31,0
2024-02-09,3763,2023-03-31,3,4870000000,0.033,,,,,1112000000,-0.278,1294000000,-0.181,,901000000,,65.09,64.65,,,,,,,,,,,,,,,,,,,,,true,false,9,2022-04-01,2022-12-31,-1
2024-02-09,3763,2024-03-31,3,6800000000,0.030,,,,,1448000000,-0.112,1718000000,-0.062,,1217000000,,98.87,,,,,,,,,,,,,,,,,,,,,,true,true,12,2023-04-01,2024-03-31,0
2024-02-09,3763,2023-03-31,3,,,,,,,,,,,,,,,,,,,,8626000000,6679000000,0.750,,6468000000,,,,,,,,,,,,true,false,12,2022-04-01,2023-03-31,-1
2024-02-09,3763,2023-03-31,3,,,,,,,,,,,,,,,,,,,,,,,,,,,,,47.00,,,,15609800,3300081,,false,false,12,2022-04-01,2023-03-31,-1
2024-02-09,3763,2024-03-31,3,,,,,,,,,,,,,,,,,,,,,,,,,,,,,0.00,,,,,,,false,false,12,2023-04-01,2024-03-31,0
2024-02-09,3763,2024-03-31,3,,,,,,,,,,,,,,,,,,,,,,,,,,,,,50.00,,,,,,,false,true,12,2023-04-01,2024-03-31,0
2024-02-09,3763,2024-03-31,3,,,,,,,,,,,,,,,,,,,,,,,,,,,,,,,,,15609800,3300169,12309698,false,false,9,2023-04-01,2023-12-31,0
2024-02-09,3763,2023-03-31,3,,,,,,,,,,,,,,,,,,,,,,,,,,,,,,,,,,,13843927,false,false,9,2022-04-01,2022-12-31,-1
2024-05-10,3763,2024-03-31,,6812000000,0.032,,,,,1632000000,0.001,1877000000,0.025,,1349000000,,109.65,109.53,0.196,0.205,0.240,,9729000000,7560000000,0.751,593.25,7305000000,1425000000,-236000000,-561000000,2844000000,,0.456,,,,,,true,false,12,2023-04-01,2024-03-31,0
2024-05-10,3763,2023-03-31,,6600000000,-0.013,,,,,1630000000,-0.261,1831000000,-0.194,,1299000000,,96.53,95.96,0.148,0.165,0.247,,8626000000,6679000000,0.750,525.50,6468000000,1119000000,-198000000,-5980000000,2214000000,,0.487,,,,,,true,false,12,2022-04-01,2023-03-31,-1
2024-05-10,3763,2025-03-31,,7300000000,0.071,,,,,1900000000,0.164,2000000000,0.065,,1400000000,,113.72,,,,,,,,,,,,,,,,0.457,,,,,,true,true,12,2024-04-01,2025-03-31,1
2024-05-10,3763,2024-03-31,,6808000000,0.032,,,,,1628000000,0.002,1875000000,0.017,1348000000,,0.026,109.53,109.42,,,,,9464000000,7295000000,0.745,571.78,7041000000,,,,,50.00,,,,15614800,3300214,12309991,false,false,12,2023-04-01,2024-03-31,0
2024-05-10,3763,2023-03-31,,6595000000,-0.008,,,,,1626000000,-0.260,1844000000,-0.189,1314000000,,-0.162,97.60,97.02,,,,,8363000000,6416000000,0.742,504.13,6205000000,,,,,47.00,,,,15609800,3300081,13465172,false,false,12,2022-04-01,2023-03-31,-1
2024-05-10,3763,2025-03-31,,,,,,,,,,,,,,,,,,,,,,,,,,,,,,52.00,,,,,,,false,true,12,2024-04-01,2025-03-31,1
2024-05-10,3763,2024-03-31,,6812000000,0.032,,,,,1632000000,0.001,1877000000,0.025,,1349000000,,109.65,109.53,0.196,0.205,0.240,,9729000000,7560000000,0.751,593.25,7305000000,1425000000,-236000000,-571000000,2834000000,,0.456,,,,,,true,false,12,2023-04-01,2024-03-31,0
2024-05-10,3763,2023-03-31,,6600000000,-0.013,,,,,1630000000,-0.261,1831000000,-0.194,,1299000000,,96.53,95.96,0.148,0.165,0.247,,8626000000,6679000000,0.750,525.50,6468000000,1119000000,-198000000,-5980000000,2214000000,,0.487,,,,,,true,false,12,2022-04-01,2023-03-31,-1
2024-05-10,3763,2025-03-31,,7300000000,0.071,,,,,1900000000,0.164,2000000000,0.065,,1400000000,,113.72,,,,,,,,,,,,,,,,0.457,,,,,,true,true,12,2024-04-01,2025-03-31,1
2024-05-10,3763,2024-03-31,,6808000000,0.032,,,,,1628000000,0.002,1875000000,0.017,1348000000,,0.026,109.53,109.42,,,,,9464000000,7295000000,0.745,571.78,7041000000,,,,,50.00,,,,15614800,3300214,12309991,false,false,12,2023-04-01,2024-03-31,0
2024-05-10,3763,2023-03-31,,6595000000,-0.008,,,,,1626000000,-0.260,1844000000,-0.189,1314000000,,-0.162,97.60,97.02,,,,,8363000000,6416000000,0.742,504.13,6205000000,,,,,47.00,,,,15609800,3300081,13465172,false,false,12,2022-04-01,2023-03-31,-1
2024-05-10,3763,2025-03-31,,,,,,,,,,,,,,,,,,,,,,,,,,,,,,52.00,,,,,,,false,true,12,2024-04-01,2025-03-31,1
2024-08-09,3763,2025-03-31,1,1485000000,0.146,,,,,193000000,7.293,224000000,4.677,,163000000,,13.27,13.25,,,,,9664000000,7165000000,0.717,,6931000000,,,,,,,,,,,,true,false,3,2024-04-01,2024-06-30,0
2024-08-09,3763,2024-03-31,1,1296000000,-0.135,,,,,23000000,-0.907,39000000,-0.856,,26000000,,2.18,2.17,,,,,,,,,,,,,,,,,,,,,true,false,3,2023-04-01,2023-06-30,-1
2024-08-09,3763,2025-03-31,1,7300000000,0.071,,,,,1900000000,0.164,2000000000,0.065,,1400000000,,113.72,,,,,,,,,,,,,,,,,,,,,,true,true,12,2024-04-01,2025-03-31,0
2024-08-09,3763,2024-03-31,1,,,,,,,,,,,,,,,,,,,,9729000000,7560000000,0.751,,7305000000,,,,,,,,,,,,true,false,12,2023-04-01,2024-03-31,-1
2024-08-09,3763,2024-03-31,1,,,,,,,,,,,,,,,,,,,,,,,,,,,,,50.00,,,,15614800,3300214,,false,false,12,2023-04-01,2024-03-31,-1
2024-08-09,3763,2025-03-31,1,,,,,,,,,,,,,,,,,,,,,,,,,,,,,52.00,,,,,,,false,true,12,2024-04-01,2025-03-31,0
2024-08-09,3763,2025-03-31,1,,,,,,,,,,,,,,,,,,,,,,,,,,,,,,,,,15642800,3300214,12326849,false,false,3,2024-04-01,2024-06-30,0
2024-08-09,3763,2024-03-31,1,,,,,,,,,,,,,,,,,,,,,,,,,,,,,,,,,,,12309719,false,false,3,2023-04-01,2023-06-30,-1
2024-11-08,3763,2025-03-31,2,3118000000,0.030,,,,,501000000,0.208,540000000,0.220,,428000000,,34.72,34.65,,,,,9904000000,7376000000,0.728,,7215000000,,,,,,,,,,,,true,false,6,2024-04-01,2024-09-30,0
2024-11-08,3763,2024-03-31,2,3026000000,-0.070,,,,,415000000,-0.438,443000000,-0.426,,301000000,,24.46,24.44,,,,,,,,,,,,,,,,,,,,,true,false,6,2023-04-01,2023-09-30,-1
2024-11-08,3763,2025-03-31,2,7300000000,0.071,,,,,1900000000,0.164,2000000000,0.065,,1400000000,,113.72,,,,,,,,,,,,,,,,,,,,,,true,true,12,2024-04-01,2025-03-31,0
2024-11-08,3763,2024-03-31,2,,,,,,,,,,,,,,,,,,,,9729000000,7560000000,0.751,,7305000000,,,,,,,,,,,,true,false,12,2023-04-01,2024-03-31,-1
2024-11-08,3763,2024-03-31,2,,,,,,,,,,,,,,,,,,,,,,,,,,,,,50.00,,,,15614800,3300214,,false,false,12,2023-04-01,2024-03-31,-1
2024-11-08,3763,2025-03-31,2,,,,,,,,,,,,,,,,,,,,,,,,,,,,,0.00,,,,,,,false,false,12,2024-04-01,2025-03-31,0
2024-11-08,3763,2025-03-31,2,,,,,,,,,,,,,,,,,,,,,,,,,,,,,52.00,,,,,,,false,true,12,2024-04-01,2025-03-31,0
2024-11-08,3763,2025-03-31,2,,,,,,,,,,,,,,,,,,,,,,,,,,,,,,,,,15670700,3276645,12347614,false,false,6,2024-04-01,2024-09-30,0
2024-11-08,3763,2024-03-31,2,,,,,,,,,,,,,,,,,,,,,,,,,,,,,,,,,,,12309698,false,false,6,2023-04-01,2023-09-30,-1
2025-02-07,3763,2025-03-31,3,4954000000,0.009,,,,,1096000000,0.113,1206000000,0.011,,895000000,,72.44,72.33,,,,,10189000000,7888000000,0.759,,7729000000,,,,,,,,,,,,true,false,9,2024-04-01,2024-12-31,0
2025-02-07,3763,2024-03-31,3,4912000000,0.008,,,,,985000000,-0.114,1194000000,-0.077,,838000000,,68.13,68.11,,,,,,,,,,,,,,,,,,,,,true,false,9,2023-04-01,2023-12-31,-1
2025-02-07,3763,2025-03-31,3,7300000000,0.071,,,,,1900000000,0.164,2000000000,0.065,,1400000000,,113.72,,,,,,,,,,,,,,,,,,,,,,true,true,12,2024-04-01,2025-03-31,0
2025-02-07,3763,2024-03-31,3,,,,,,,,,,,,,,,,,,,,9729000000,7560000000,0.751,,7305000000,,,,,,,,,,,,true,false,12,2023-04-01,2024-03-31,-1
2025-02-07,3763,2024-03-31,3,,,,,,,,,,,,,,,,,,,,,,,,,,,,,50.00,,,,15614800,3300214,,false,false,12,2023-04-01,2024-03-31,-1
2025-02-07,3763,2025-03-31,3,,,,,,,,,,,,,,,,,,,,,,,,,,,,,0.00,,,,,,,false,false,12,2024-04-01,2025-03-31,0
2025-02-07,3763,2025-03-31,3,,,,,,,,,,,,,,,,,,,,,,,,,,,,,52.00,,,,,,,false,true,12,2024-04-01,2025-03-31,0
2025-02-07,3763,2025-03-31,3,,,,,,,,,,,,,,,,,,,,,,,,,,,,,,,,,15670700,3277565,12363012,false,false,9,2024-04-01,2024-12-31,0
2025-02-07,3763,2024-03-31,3,,,,,,,,,,,,,,,,,,,,,,,,,,,,,,,,,,,12309698,false,false,9,2023-04-01,2023-12-31,-1
2025-03-21,37630,2025-03-31,,7400000000,0.014,,,,,2100000000,0.105,2250000000,0.125,,1550000000,,125.30,,,,,,,,,,,,,,,,,,,,,,true,true,12,2024-04-01,2025-03-31,0
2025-03-21,37630,2024-03-31,,6812000000,,,,,,1632000000,,1877000000,,,1349000000,,109.65,,,,,,,,,,,,,,,,,,,,,,true,false,12,2023-04-01,2024-03-31,-1
2025-03-21,37630,2025-03-31,,,,,,,,,,,,,,,,,,,,,,,,,,,,,,55.00,,,,,,,false,true,12,2024-04-01,2025-03-31,0
2025-03-21,37630,2025-03-31,,,,,,,,,,,,,,,,,,,,,,,,,,,,,,0.00,,,,,,,false,false,12,2024-04-01,2025-03-31,0
2025-03-21,37630,2024-03-31,,,,,,,,,,,,,,,,,,,,,,,,,,,,,,50.00,,,,,,,false,false,12,2023-04-01,2024-03-31,-1
2025-05-09,3763,2025-03-31,,7564000000,0.110,,,,,2309000000,0.415,2431000000,0.295,,1930000000,,156.06,155.89,0.241,0.230,0.305,,11380000000,8894000000,0.768,704.97,8736000000,1474000000,-316000000,-531000000,3460000000,,0.404,,,,,,true,false,12,2024-04-01,2025-03-31,0
2025-05-09,3763,2024-03-31,,6812000000,0.032,,,,,1632000000,0.001,1877000000,0.025,,1349000000,,109.65,109.53,0.196,0.205,0.240,,9729000000,7560000000,0.751,593.25,7305000000,1425000000,-236000000,-571000000,2834000000,,0.456,,,,,,true,false,12,2023-04-01,2024-03-31,-1
2025-05-09,3763,2026-03-31,,8200000000,0.084,,,,,2310000000,0.000,2460000000,0.012,,1800000000,,145.17,,,,,,,,,,,,,,,,0.441,,,,,,true,true,12,2025-04-01,2026-03-31,1
2025-05-09,3763,2025-03-31,,7559000000,0.110,,,,,2306000000,0.416,2430000000,0.296,1930000000,,0.432,156.05,155.88,,,,,11115000000,8629000000,0.762,683.62,8471000000,,,,,63.00,,,,15670700,3278030,12370395,false,false,12,2024-04-01,2025-03-31,0
2025-05-09,3763,2024-03-31,,6808000000,0.032,,,,,1628000000,0.002,1875000000,0.017,1348000000,,0.026,109.53,109.42,,,,,9464000000,7295000000,0.745,571.78,7041000000,,,,,50.00,,,,15614800,3300214,12309991,false,false,12,2023-04-01,2024-03-31,-1
2025-05-09,3763,2026-03-31,,,,,,,,,,,,,,,,,,,,,,,,,,,,,,64.00,,,,,,,false,true,12,2025-04-01,2026-03-31,1
2025-07-10,37630,2026-03-31,,,,,,,,,,,,,,,,,,,,,,,,,,,,,,32.00,,,,,,,false,true,12,2025-04-01,2026-03-31,0
2025-07-10,37630,2026-03-31,,,,,,,,,,,,,,,,,,,,,,,,,,,,,,0.00,,,,,,,false,false,12,2025-04-01,2026-03-31,0
2025-07-10,37630,2025-03-31,,,,,,,,,,,,,,,,,,,,,,,,,,,,,,63.00,,,,,,,false,false,12,2024-04-01,2025-03-31,-1
