filing_date,code,fiscal_year_end,quarterly_period,net_sales,net_sales_change,revenue,revenue_change,operating_revenue,operating_revenue_change,operating_profit,operating_profit_change,ordinary_profit,ordinary_profit_change,net_income,net_income_of_parent,net_income_change,eps,diluted_eps,roe,roa,operating_profit_to_net_sales,operating_profit_to_revenue,total_assets,net_assets,equity_ratio,bps,owner_equity,operating_cash_flow,investing_cash_flow,financing_cash_flow,cash,dividend_per_share,payout_ratio,commemorative_dividend,extra_dividend,number_of_shares,number_of_treqsury_shares,avg_number_of_shares,is_consolidated,is_forecast,duration,period_start,period_end,period_pos
2015-05-11,37710,2015-03-31,,10019000000,0.100,,,,,650000000,0.139,660000000,0.146,409000000,,0.093,195.74,,0.137,0.105,0.064,,6660000000,3254000000,0.488,1555.91,3251000000,466000000,-83000000,-54000000,2085000000,,0.255,,,,,,true,false,12,2014-04-01,2015-03-31,0
2015-05-11,37710,2014-03-31,,9103000000,0.193,,,,,570000000,0.533,576000000,0.580,374000000,,0.649,179.06,,0.147,0.101,0.062,,5900000000,2679000000,0.453,1281.01,2676000000,70000000,-108000000,18000000,1756000000,,0.279,,,,,,true,false,12,2013-04-01,2014-03-31,-1
2015-05-11,37710,2016-03-31,,5043000000,0.070,,,,,280000000,0.264,277000000,0.256,,166000000,,79.89,,,,,,,,,,,,,,,,,,,,,,true,true,6,2015-04-01,2015-09-30,1
2015-05-11,37710,2016-03-31,,11044000000,0.102,,,,,887000000,0.364,881000000,0.334,,529000000,,253.38,,,,,,,,,,,,,,,,0.197,,,,,,true,true,12,2015-04-01,2016-03-31,1
2015-05-11,37710,2015-03-31,,9656000000,0.175,,,,,699000000,0.522,703000000,0.536,488000000,,0.776,233.91,,,,,,6572000000,3196000000,0.486,1529.75,3196000000,,,,,50.00,,,,2090000,340,2089670,false,false,12,2014-04-01,2015-03-31,0
2015-05-11,37710,2014-03-31,,8216000000,0.189,,,,,459000000,0.346,457000000,0.372,275000000,,0.432,131.63,,,,,,5457000000,2603000000,0.476,1245.65,2603000000,,,,,50.00,,,,2090000,314,2089761,false,false,12,2013-04-01,2014-03-31,-1
2015-05-11,37710,2016-03-31,,5036000000,0.156,,,,,,,275000000,0.020,165000000,,-0.089,78.96,,,,,,,,,,,,,,,,,,,,,,false,true,6,2015-04-01,2015-09-30,1
2015-05-11,37710,2016-03-31,,11029000000,0.142,,,,,,,875000000,0.245,525000000,,0.074,251.23,,,,,,,,,,,,,,,50.00,,,,,,,false,true,12,2015-04-01,2016-03-31,1
2015-07-30,37710,2016-03-31,1,2243000000,0.052,,,,,33000000,-0.452,33000000,-0.446,,20000000,,9.97,,,,,,6554000000,3171000000,0.483,,3167000000,,,,,,,,,,,,true,false,3,2015-04-01,2015-06-30,0
2015-07-30,37710,2015-03-31,1,2131000000,0.108,,,,,62000000,0.377,61000000,0.440,,38000000,,18.41,,,,,,,,,,,,,,,,,,,,,,true,false,3,2014-04-01,2014-06-30,-1
2015-07-30,37710,2016-03-31,1,5043000000,0.070,,,,,280000000,0.264,277000000,0.256,,166000000,,79.89,,,,,,,,,,,,,,,,,,,,,,true,true,6,2015-04-01,2015-09-30,0
2015-07-30,37710,2016-03-31,1,11044000000,0.102,,,,,887000000,0.364,881000000,0.334,,529000000,,253.38,,,,,,,,,,,,,,,,,,,,,,true,true,12,2015-04-01,2016-03-31,0
2015-07-30,37710,2015-03-31,1,,,,,,,,,,,,,,,,,,,,6660000000,3254000000,0.488,,3251000000,,,,,,,,,,,,true,false,12,2014-04-01,2015-03-31,-1
2015-07-30,37710,2015-03-31,1,,,,,,,,,,,,,,,,,,,,,,,,,,,,,50.00,,,,2090000,340,,false,false,12,2014-04-01,2015-03-31,-1
2015-07-30,37710,2016-03-31,1,,,,,,,,,,,,,,,,,,,,,,,,,,,,,50.00,,,,,,,false,true,12,2015-04-01,2016-03-31,0
2015-07-30,37710,2016-03-31,1,,,,,,,,,,,,,,,,,,,,,,,,,,,,,,,,,2090000,376,2089651,false,false,3,2015-04-01,2015-06-30,0
2015-07-30,37710,2015-03-31,1,,,,,,,,,,,,,,,,,,,,,,,,,,,,,,,,,,,2089686,false,false,3,2014-04-01,2014-06-30,-1
2015-10-30,37710,2016-03-31,2,5008000000,0.062,,,,,259000000,0.168,274000000,0.239,,184000000,,88.33,,,,,,6620000000,3333000000,0.503,,3330000000,,,,,,,,,,,,true,false,6,2015-04-01,2015-09-30,0
2015-10-30,37710,2015-03-31,2,4712000000,0.109,,,,,221000000,0.756,221000000,0.797,,120000000,,57.68,,,,,,,,,,,,,,,,,,,,,,true,false,6,2014-04-01,2014-09-30,-1
2015-10-30,37710,2016-03-31,2,11044000000,0.102,,,,,887000000,0.364,881000000,0.334,,529000000,,253.38,,,,,,,,,,,,,,,,,,,,,,true,true,12,2015-04-01,2016-03-31,0
2015-10-30,37710,2015-03-31,2,,,,,,,,,,,,,,,,,,,,6660000000,3254000000,0.488,,3251000000,,,,,,,,,,,,true,false,12,2014-04-01,2015-03-31,-1
2015-10-30,37710,2015-03-31,2,,,,,,,,,,,,,,,,,,,,,,,,,,,,,50.00,,,,2090000,340,,false,false,12,2014-04-01,2015-03-31,-1
2015-10-30,37710,2016-03-31,2,,,,,,,,,,,,,,,,,,,,,,,,,,,,,0.00,,,,,,,false,false,12,2015-04-01,2016-03-31,0
2015-10-30,37710,2016-03-31,2,,,,,,,,,,,,,,,,,,,,,,,,,,,,,50.00,,,,,,,false,true,12,2015-04-01,2016-03-31,0
2015-10-30,37710,2016-03-31,2,,,,,,,,,,,,,,,,,,,,,,,,,,,,,,,,,2090000,376,2089639,false,false,6,2015-04-01,2015-09-30,0
2015-10-30,37710,2015-03-31,2,,,,,,,,,,,,,,,,,,,,,,,,,,,,,,,,,,,2089679,false,false,6,2014-04-01,2014-09-30,-1
2016-01-29,37710,2016-03-31,3,7537000000,0.068,,,,,491000000,0.388,508000000,0.414,,344000000,,164.64,,,,,,6890000000,3491000000,0.506,,3489000000,,,,,,,,,,,,true,false,9,2015-04-01,2015-12-31,0
2016-01-29,37710,2015-03-31,3,7053000000,0.115,,,,,354000000,0.645,359000000,0.644,,209000000,,100.07,,,,,,,,,,,,,,,,,,,,,,true,false,9,2014-04-01,2014-12-31,-1
2016-01-29,37710,2016-03-31,3,11044000000,0.102,,,,,887000000,0.364,881000000,0.334,,529000000,,253.38,,,,,,,,,,,,,,,,,,,,,,true,true,12,2015-04-01,2016-03-31,0
2016-01-29,37710,2015-03-31,3,,,,,,,,,,,,,,,,,,,,6660000000,3254000000,0.488,,3251000000,,,,,,,,,,,,true,false,12,2014-04-01,2015-03-31,-1
2016-01-29,37710,2015-03-31,3,,,,,,,,,,,,,,,,,,,,,,,,,,,,,50.00,,,,2090000,340,,false,false,12,2014-04-01,2015-03-31,-1
2016-01-29,37710,2016-03-31,3,,,,,,,,,,,,,,,,,,,,,,,,,,,,,0.00,,,,,,,false,false,12,2015-04-01,2016-03-31,0
2016-01-29,37710,2016-03-31,3,,,,,,,,,,,,,,,,,,,,,,,,,,,,,50.00,,,,,,,false,true,12,2015-04-01,2016-03-31,0
2016-01-29,37710,2016-03-31,3,,,,,,,,,,,,,,,,,,,,,,,,,,,,,,,,,2090000,376,2089635,false,false,9,2015-04-01,2015-12-31,0
2016-01-29,37710,2015-03-31,3,,,,,,,,,,,,,,,,,,,,,,,,,,,,,,,,,,,2089673,false,false,9,2014-04-01,2014-12-31,-1
,37710,2016-03-31,,,,,,,,,,,,,,,,,,,,,,,,,,,,,,60.00,,,,,,,false,true,12,2015-04-01,2016-03-31,0
,37710,2016-03-31,,,,,,,,,,,,,,,,,,,,,,,,,,,,,,0.00,,,,,,,false,false,12,2015-04-01,2016-03-31,0
,37710,2015-03-31,,,,,,,,,,,,,,,,,,,,,,,,,,,,,,50.00,,,,,,,false,false,12,2014-04-01,2015-03-31,-1
2016-05-11,37710,2016-03-31,,10465000000,0.044,,,,,863000000,0.328,847000000,0.282,,562000000,,134.62,,0.164,0.123,0.082,,7103000000,3603000000,0.506,861.46,3600000000,914000000,-65000000,-111000000,2822000000,,0.222,,,,,,true,false,12,2015-04-01,2016-03-31,0
2016-05-11,37710,2015-03-31,,10019000000,0.100,,,,,650000000,0.139,660000000,0.146,,409000000,,97.87,,0.137,0.105,0.064,,6660000000,3254000000,0.488,777.95,3251000000,466000000,-83000000,-54000000,2085000000,,0.255,,,,,,true,false,12,2014-04-01,2015-03-31,-1
2016-05-11,37710,2017-03-31,,5408000000,0.079,,,,,348000000,0.344,347000000,0.268,,226000000,,54.13,,,,,,,,,,,,,,,,,,,,,,true,true,6,2016-04-01,2016-09-30,1
2016-05-11,37710,2017-03-31,,11379000000,0.087,,,,,960000000,0.111,956000000,0.128,,620000000,,148.39,,,,,,,,,,,,,,,,0.202,,,,,,true,true,12,2016-04-01,2017-03-31,1
2016-05-11,37710,2016-03-31,,10454000000,0.082,,,,,868000000,0.240,848000000,0.206,563000000,,0.152,134.75,,,,,,7173000000,3654000000,0.509,874.44,3654000000,,,,,60.00,,,,4180000,752,4179265,false,false,12,2015-04-01,2016-03-31,0
2016-05-11,37710,2015-03-31,,9656000000,0.175,,,,,699000000,0.522,703000000,0.536,488000000,,0.776,116.95,,,,,,6572000000,3196000000,0.486,764.87,3196000000,,,,,50.00,,,,4180000,680,4179340,false,false,12,2014-04-01,2015-03-31,-1
2016-05-11,37710,2017-03-31,,5400000000,0.080,,,,,,,345000000,0.258,224000000,,0.214,53.70,,,,,,,,,,,,,,,,,,,,,,false,true,6,2016-04-01,2016-09-30,1
2016-05-11,37710,2017-03-31,,11362000000,0.086,,,,,,,951000000,0.122,618000000,,0.097,147.87,,,,,,,,,,,,,,,30.00,,,,,,,false,true,12,2016-04-01,2017-03-31,1
2016-07-28,37710,2017-03-31,1,2498000000,0.113,,,,,144000000,3.262,143000000,3.241,,93000000,,22.38,,,,,,6932000000,3573000000,0.515,,3571000000,,,,,,,,,,,,true,false,3,2016-04-01,2016-06-30,0
2016-07-28,37710,2016-03-31,1,2243000000,0.052,,,,,33000000,-0.452,33000000,-0.446,,20000000,,4.98,,,,,,,,,,,,,,,,,,,,,,true,false,3,2015-04-01,2015-06-30,-1
2016-07-28,37710,2017-03-31,1,5408000000,0.079,,,,,348000000,0.344,347000000,0.268,,226000000,,54.13,,,,,,,,,,,,,,,,,,,,,,true,true,6,2016-04-01,2016-09-30,0
2016-07-28,37710,2017-03-31,1,11379000000,0.087,,,,,960000000,0.111,956000000,0.128,,620000000,,148.39,,,,,,,,,,,,,,,,,,,,,,true,true,12,2016-04-01,2017-03-31,0
2016-07-28,37710,2016-03-31,1,,,,,,,,,,,,,,,,,,,,7103000000,3603000000,0.506,,3600000000,,,,,,,,,,,,true,false,12,2015-04-01,2016-03-31,-1
2016-07-28,37710,2016-03-31,1,,,,,,,,,,,,,,,,,,,,,,,,,,,,,60.00,,,,4180000,752,,false,false,12,2015-04-01,2016-03-31,-1
2016-07-28,37710,2017-03-31,1,,,,,,,,,,,,,,,,,,,,,,,,,,,,,30.00,,,,,,,false,true,12,2016-04-01,2017-03-31,0
2016-07-28,37710,2017-03-31,1,,,,,,,,,,,,,,,,,,,,,,,,,,,,,,,,,4180000,752,4179248,false,false,3,2016-04-01,2016-06-30,0
2016-07-28,37710,2016-03-31,1,,,,,,,,,,,,,,,,,,,,,,,,,,,,,,,,,,,4179302,false,false,3,2015-04-01,2015-06-30,-1
2016-10-28,37710,2017-03-31,2,5464000000,0.090,,,,,408000000,0.574,404000000,0.477,,277000000,,66.40,,,,,,7066000000,3759000000,0.531,,3757000000,,,,,,,,,,,,true,false,6,2016-04-01,2016-09-30,0
2016-10-28,37710,2016-03-31,2,5008000000,0.062,,,,,259000000,0.168,274000000,0.239,,184000000,,44.16,,,,,,,,,,,,,,,,,,,,,,true,false,6,2015-04-01,2015-09-30,-1
2016-10-28,37710,2017-03-31,2,11379000000,0.087,,,,,960000000,0.111,956000000,0.128,,620000000,,148.39,,,,,,,,,,,,,,,,,,,,,,true,true,12,2016-04-01,2017-03-31,0
2016-10-28,37710,2016-03-31,2,,,,,,,,,,,,,,,,,,,,7103000000,3603000000,0.506,,3600000000,,,,,,,,,,,,true,false,12,2015-04-01,2016-03-31,-1
2016-10-28,37710,2016-03-31,2,,,,,,,,,,,,,,,,,,,,,,,,,,,,,60.00,,,,4180000,752,,false,false,12,2015-04-01,2016-03-31,-1
2016-10-28,37710,2017-03-31,2,,,,,,,,,,,,,,,,,,,,,,,,,,,,,0.00,,,,,,,false,false,12,2016-04-01,2017-03-31,0
2016-10-28,37710,2017-03-31,2,,,,,,,,,,,,,,,,,,,,,,,,,,,,,30.00,,,,,,,false,true,12,2016-04-01,2017-03-31,0
2016-10-28,37710,2017-03-31,2,,,,,,,,,,,,,,,,,,,,,,,,,,,,,,,,,4180000,752,4179248,false,false,6,2016-04-01,2016-09-30,0
2016-10-28,37710,2016-03-31,2,,,,,,,,,,,,,,,,,,,,,,,,,,,,,,,,,,,4179279,false,false,6,2015-04-01,2015-09-30,-1
2017-01-30,37710,2017-03-31,3,8305000000,0.101,,,,,616000000,0.253,602000000,0.185,,415000000,,99.45,,,,,,7415000000,3901000000,0.525,,3899000000,,,,,,,,,,,,true,false,9,2016-04-01,2016-12-31,0
2017-01-30,37710,2016-03-31,3,7537000000,0.068,,,,,491000000,0.388,508000000,0.414,,344000000,,82.32,,,,,,,,,,,,,,,,,,,,,,true,false,9,2015-04-01,2015-12-31,-1
2017-01-30,37710,2017-03-31,3,11379000000,0.087,,,,,960000000,0.111,956000000,0.128,,620000000,,148.39,,,,,,,,,,,,,,,,,,,,,,true,true,12,2016-04-01,2017-03-31,0
2017-01-30,37710,2016-03-31,3,,,,,,,,,,,,,,,,,,,,7103000000,3603000000,0.506,,3600000000,,,,,,,,,,,,true,false,12,2015-04-01,2016-03-31,-1
2017-01-30,37710,2016-03-31,3,,,,,,,,,,,,,,,,,,,,,,,,,,,,,60.00,,,,4180000,752,,false,false,12,2015-04-01,2016-03-31,-1
2017-01-30,37710,2017-03-31,3,,,,,,,,,,,,,,,,,,,,,,,,,,,,,0.00,,,,,,,false,false,12,2016-04-01,2017-03-31,0
2017-01-30,37710,2017-03-31,3,,,,,,,,,,,,,,,,,,,,,,,,,,,,,30.00,,,,,,,false,true,12,2016-04-01,2017-03-31,0
2017-01-30,37710,2017-03-31,3,,,,,,,,,,,,,,,,,,,,,,,,,,,,,,,,,4180000,752,4179248,false,false,9,2016-04-01,2016-12-31,0
2017-01-30,37710,2016-03-31,3,,,,,,,,,,,,,,,,,,,,,,,,,,,,,,,,,,,4179270,false,false,9,2015-04-01,2015-12-31,-1
,37710,2017-03-31,,,,,,,,,,,,,,,,,,,,,,,,,,,,,,45.00,,,,,,,false,true,12,2016-04-01,2017-03-31,0
,37710,2017-03-31,,,,,,,,,,,,,,,,,,,,,,,,,,,,,,0.00,,,,,,,false,false,12,2016-04-01,2017-03-31,0
,37710,2016-03-31,,,,,,,,,,,,,,,,,,,,,,,,,,,,,,60.00,,,,,,,false,false,12,2015-04-01,2016-03-31,-1
2017-05-10,37710,2017-03-31,,11539000000,0.102,,,,,938000000,0.086,924000000,0.091,,641000000,,153.38,,0.165,0.125,0.081,,7653000000,4140000000,0.540,989.98,4137000000,196000000,-131000000,-133000000,2753000000,,0.293,,,,,,true,false,12,2016-04-01,2017-03-31,0
2017-05-10,37710,2016-03-31,,10465000000,0.044,,,,,863000000,0.328,847000000,0.282,,562000000,,134.62,,0.164,0.123,0.082,,7103000000,3603000000,0.506,861.46,3600000000,914000000,-65000000,-111000000,2822000000,,0.222,,,,,,true,false,12,2015-04-01,2016-03-31,-1
2017-05-10,37710,2018-03-31,,5958000000,0.090,,,,,409000000,0.001,405000000,0.000,,279000000,,66.75,,,,,,,,,,,,,,,,,,,,,,true,true,6,2017-04-01,2017-09-30,1
2017-05-10,37710,2018-03-31,,12520000000,0.084,,,,,1116000000,0.189,1114000000,0.204,,757000000,,181.13,,,,,,,,,,,,,,,,0.220,,,,,,true,true,12,2017-04-01,2018-03-31,1
2017-05-10,37710,2017-03-31,,11531000000,0.103,,,,,941000000,0.084,925000000,0.091,642000000,,0.139,153.61,,,,,,7699000000,4174000000,0.542,998.82,4174000000,,,,,45.00,,,,4180000,752,4179248,false,false,12,2016-04-01,2017-03-31,0
2017-05-10,37710,2016-03-31,,10454000000,0.082,,,,,868000000,0.240,848000000,0.206,563000000,,0.152,134.75,,,,,,7173000000,3654000000,0.509,874.44,3654000000,,,,,60.00,,,,4180000,752,4179265,false,false,12,2015-04-01,2016-03-31,-1
2017-05-10,37710,2018-03-31,,5954000000,0.090,,,,,,,408000000,0.000,282000000,,0.008,67.49,,,,,,,,,,,,,,,,,,,,,,false,true,6,2017-04-01,2017-09-30,1
2017-05-10,37710,2018-03-31,,12511000000,0.084,,,,,,,1114000000,0.203,758000000,,0.180,181.37,,,,,,,,,,,,,,,40.00,,,,,,,false,true,12,2017-04-01,2018-03-31,1
2017-07-28,37710,2018-03-31,1,2774000000,0.110,,,,,82000000,-0.430,81000000,-0.432,,53000000,,12.87,,,,,,7589000000,4009000000,0.527,,4006000000,,,,,,,,,,,,true,false,3,2017-04-01,2017-06-30,0
2017-07-28,37710,2017-03-31,1,2498000000,0.113,,,,,144000000,3.262,143000000,3.241,,93000000,,22.38,,,,,,,,,,,,,,,,,,,,,,true,false,3,2016-04-01,2016-06-30,-1
2017-07-28,37710,2018-03-31,1,5958000000,0.090,,,,,409000000,0.001,405000000,0.000,,279000000,,66.75,,,,,,,,,,,,,,,,,,,,,,true,true,6,2017-04-01,2017-09-30,0
2017-07-28,37710,2018-03-31,1,12520000000,0.084,,,,,1116000000,0.189,1114000000,0.204,,757000000,,181.13,,,,,,,,,,,,,,,,,,,,,,true,true,12,2017-04-01,2018-03-31,0
2017-07-28,37710,2017-03-31,1,,,,,,,,,,,,,,,,,,,,7653000000,4140000000,0.540,,4137000000,,,,,,,,,,,,true,false,12,2016-04-01,2017-03-31,-1
2017-07-28,37710,2017-03-31,1,,,,,,,,,,,,,,,,,,,,,,,,,,,,,45.00,,,,4180000,752,,false,false,12,2016-04-01,2017-03-31,-1
2017-07-28,37710,2018-03-31,1,,,,,,,,,,,,,,,,,,,,,,,,,,,,,40.00,,,,,,,false,true,12,2017-04-01,2018-03-31,0
2017-07-28,37710,2018-03-31,1,,,,,,,,,,,,,,,,,,,,,,,,,,,,,,,,,4180000,752,4179248,false,false,3,2017-04-01,2017-06-30,0
2017-07-28,37710,2017-03-31,1,,,,,,,,,,,,,,,,,,,,,,,,,,,,,,,,,,,4179248,false,false,3,2016-04-01,2016-06-30,-1
2017-10-30,37710,2018-03-31,2,5847000000,0.070,,,,,337000000,-0.172,334000000,-0.173,,231000000,,55.48,,,,,,7837000000,4189000000,0.534,,4186000000,,,,,,,,,,,,true,false,6,2017-04-01,2017-09-30,0
2017-10-30,37710,2017-03-31,2,5464000000,0.090,,,,,408000000,0.574,404000000,0.477,,277000000,,66.40,,,,,,,,,,,,,,,,,,,,,,true,false,6,2016-04-01,2016-09-30,-1
2017-10-30,37710,2018-03-31,2,12520000000,0.084,,,,,1116000000,0.189,1114000000,0.204,,757000000,,181.13,,,,,,,,,,,,,,,,,,,,,,true,true,12,2017-04-01,2018-03-31,0
2017-10-30,37710,2017-03-31,2,,,,,,,,,,,,,,,,,,,,7653000000,4140000000,0.540,,4137000000,,,,,,,,,,,,true,false,12,2016-04-01,2017-03-31,-1
2017-10-30,37710,2017-03-31,2,,,,,,,,,,,,,,,,,,,,,,,,,,,,,45.00,,,,4180000,752,,false,false,12,2016-04-01,2017-03-31,-1
2017-10-30,37710,2018-03-31,2,,,,,,,,,,,,,,,,,,,,,,,,,,,,,0.00,,,,,,,false,false,12,2017-04-01,2018-03-31,0
2017-10-30,37710,2018-03-31,2,,,,,,,,,,,,,,,,,,,,,,,,,,,,,40.00,,,,,,,false,true,12,2017-04-01,2018-03-31,0
2017-10-30,37710,2018-03-31,2,,,,,,,,,,,,,,,,,,,,,,,,,,,,,,,,,4180000,752,4179248,false,false,6,2017-04-01,2017-09-30,0
2017-10-30,37710,2017-03-31,2,,,,,,,,,,,,,,,,,,,,,,,,,,,,,,,,,,,4179248,false,false,6,2016-04-01,2016-09-30,-1
2018-01-30,37710,2018-03-31,3,8975000000,0.080,,,,,591000000,-0.040,592000000,-0.016,,413000000,,98.98,,,,,,8240000000,4374000000,0.530,,4372000000,,,,,,,,,,,,true,false,9,2017-04-01,2017-12-31,0
2018-01-30,37710,2017-03-31,3,8305000000,0.101,,,,,616000000,0.253,602000000,0.185,,415000000,,99.45,,,,,,,,,,,,,,,,,,,,,,true,false,9,2016-04-01,2016-12-31,-1
2018-01-30,37710,2018-03-31,3,12520000000,0.084,,,,,1116000000,0.189,1114000000,0.204,,757000000,,181.13,,,,,,,,,,,,,,,,,,,,,,true,true,12,2017-04-01,2018-03-31,0
2018-01-30,37710,2017-03-31,3,,,,,,,,,,,,,,,,,,,,7653000000,4140000000,0.540,,4137000000,,,,,,,,,,,,true,false,12,2016-04-01,2017-03-31,-1
2018-01-30,37710,2017-03-31,3,,,,,,,,,,,,,,,,,,,,,,,,,,,,,45.00,,,,4180000,752,,false,false,12,2016-04-01,2017-03-31,-1
2018-01-30,37710,2018-03-31,3,,,,,,,,,,,,,,,,,,,,,,,,,,,,,0.00,,,,,,,false,false,12,2017-04-01,2018-03-31,0
2018-01-30,37710,2018-03-31,3,,,,,,,,,,,,,,,,,,,,,,,,,,,,,40.00,,,,,,,false,true,12,2017-04-01,2018-03-31,0
2018-01-30,37710,2018-03-31,3,,,,,,,,,,,,,,,,,,,,,,,,,,,,,,,,,4180000,752,4179248,false,false,9,2017-04-01,2017-12-31,0
2018-01-30,37710,2017-03-31,3,,,,,,,,,,,,,,,,,,,,,,,,,,,,,,,,,,,4179248,false,false,9,2016-04-01,2016-12-31,-1
,37710,2018-03-31,,,,,,,,,,,,,,,,,,,,,,,,,,,,,,50.00,,,,,,,false,true,12,2017-04-01,2018-03-31,0
,37710,2018-03-31,,,,,,,,,,,,,,,,,,,,,,,,,,,,,,0.00,,,,,,,false,false,12,2017-04-01,2018-03-31,0
,37710,2017-03-31,,,,,,,,,,,,,,,,,,,,,,,,,,,,,,45.00,,,,,,,false,false,12,2016-04-01,2017-03-31,-1
2018-05-10,37710,2018-03-31,,12716000000,0.101,,,,,983000000,0.048,988000000,0.069,,666000000,,159.47,,0.151,0.121,0.077,,8612000000,4667000000,0.541,1116.06,4664000000,1148000000,-68000000,-295000000,3538000000,,0.313,,,,,,true,false,12,2017-04-01,2018-03-31,0
2018-05-10,37710,2017-03-31,,11539000000,0.102,,,,,938000000,0.086,924000000,0.091,,641000000,,153.38,,0.165,0.125,0.081,,7653000000,4140000000,0.540,989.98,4137000000,196000000,-131000000,-133000000,2753000000,,0.293,,,,,,true,false,12,2016-04-01,2017-03-31,-1
2018-05-10,37710,2019-03-31,,6437000000,0.100,,,,,398000000,0.178,394000000,0.178,,272000000,,65.10,,,,,,,,,,,,,,,,,,,,,,true,true,6,2018-04-01,2018-09-30,1
2018-05-10,37710,2019-03-31,,13661000000,0.074,,,,,1268000000,0.288,1264000000,0.279,,847000000,,202.67,,,,,,,,,,,,,,,,0.246,,,,,,true,true,12,2018-04-01,2019-03-31,1
2018-05-10,37710,2018-03-31,,12708000000,0.102,,,,,984000000,0.045,987000000,0.066,665000000,,0.036,159.27,,,,,,8589000000,4653000000,0.541,1113.45,4653000000,,,,,50.00,,,,4180000,826,4179239,false,false,12,2017-04-01,2018-03-31,0
2018-05-10,37710,2017-03-31,,11531000000,0.103,,,,,941000000,0.084,925000000,0.091,642000000,,0.139,153.61,,,,,,7699000000,4174000000,0.542,998.82,4174000000,,,,,45.00,,,,4180000,752,4179248,false,false,12,2016-04-01,2017-03-31,-1
2018-05-10,37710,2019-03-31,,6432000000,0.100,,,,,,,394000000,0.183,272000000,,0.177,65.31,,,,,,,,,,,,,,,,,,,,,,false,true,6,2018-04-01,2018-09-30,1
2018-05-10,37710,2019-03-31,,13650000000,0.074,,,,,,,1264000000,0.281,847000000,,0.272,202.67,,,,,,,,,,,,,,,50.00,,,,,,,false,true,12,2018-04-01,2019-03-31,1
2018-07-27,37710,2019-03-31,1,3140000000,0.132,,,,,120000000,0.460,119000000,0.468,,79000000,,18.99,,,,,,8272000000,4538000000,0.548,,4534000000,,,,,,,,,,,,true,false,3,2018-04-01,2018-06-30,0
2018-07-27,37710,2018-03-31,1,2774000000,0.110,,,,,82000000,-0.430,81000000,-0.432,,53000000,,12.87,,,,,,,,,,,,,,,,,,,,,,true,false,3,2017-04-01,2017-06-30,-1
2018-07-27,37710,2019-03-31,1,6437000000,0.100,,,,,398000000,0.178,394000000,0.178,,272000000,,65.10,,,,,,,,,,,,,,,,,,,,,,true,true,6,2018-04-01,2018-09-30,0
2018-07-27,37710,2019-03-31,1,13661000000,0.074,,,,,1268000000,0.288,1264000000,0.279,,847000000,,202.67,,,,,,,,,,,,,,,,,,,,,,true,true,12,2018-04-01,2019-03-31,0
2018-07-27,37710,2018-03-31,1,,,,,,,,,,,,,,,,,,,,8514000000,4667000000,0.547,,4664000000,,,,,,,,,,,,true,false,12,2017-04-01,2018-03-31,-1
2018-07-27,37710,2018-03-31,1,,,,,,,,,,,,,,,,,,,,,,,,,,,,,50.00,,,,4180000,826,,false,false,12,2017-04-01,2018-03-31,-1
2018-07-27,37710,2019-03-31,1,,,,,,,,,,,,,,,,,,,,,,,,,,,,,50.00,,,,,,,false,true,12,2018-04-01,2019-03-31,0
2018-07-27,37710,2019-03-31,1,,,,,,,,,,,,,,,,,,,,,,,,,,,,,,,,,4180000,859,4179166,false,false,3,2018-04-01,2018-06-30,0
2018-07-27,37710,2018-03-31,1,,,,,,,,,,,,,,,,,,,,,,,,,,,,,,,,,,,4179248,false,false,3,2017-04-01,2017-06-30,-1
2018-10-29,37710,2019-03-31,2,6649000000,0.137,,,,,421000000,0.246,420000000,0.257,,284000000,,68.03,,,,,,8369000000,4742000000,0.566,,4738000000,,,,,,,,,,,,true,false,6,2018-04-01,2018-09-30,0
2018-10-29,37710,2018-03-31,2,5847000000,0.070,,,,,337000000,-0.172,334000000,-0.173,,231000000,,55.48,,,,,,,,,,,,,,,,,,,,,,true,false,6,2017-04-01,2017-09-30,-1
2018-10-29,37710,2019-03-31,2,13661000000,0.074,,,,,1268000000,0.288,1264000000,0.279,,847000000,,202.67,,,,,,,,,,,,,,,,,,,,,,true,true,12,2018-04-01,2019-03-31,0
2018-10-29,37710,2018-03-31,2,,,,,,,,,,,,,,,,,,,,8514000000,4667000000,0.547,,4664000000,,,,,,,,,,,,true,false,12,2017-04-01,2018-03-31,-1
2018-10-29,37710,2018-03-31,2,,,,,,,,,,,,,,,,,,,,,,,,,,,,,50.00,,,,4180000,826,,false,false,12,2017-04-01,2018-03-31,-1
2018-10-29,37710,2019-03-31,2,,,,,,,,,,,,,,,,,,,,,,,,,,,,,0.00,,,,,,,false,false,12,2018-04-01,2019-03-31,0
2018-10-29,37710,2019-03-31,2,,,,,,,,,,,,,,,,,,,,,,,,,,,,,50.00,,,,,,,false,true,12,2018-04-01,2019-03-31,0
2018-10-29,37710,2019-03-31,2,,,,,,,,,,,,,,,,,,,,,,,,,,,,,,,,,4180000,893,4179150,false,false,6,2018-04-01,2018-09-30,0
2018-10-29,37710,2018-03-31,2,,,,,,,,,,,,,,,,,,,,,,,,,,,,,,,,,,,4179248,false,false,6,2017-04-01,2017-09-30,-1
2019-01-30,37710,2019-03-31,3,10129000000,0.128,,,,,786000000,0.329,790000000,0.334,,537000000,,128.49,,,,,,8734000000,4993000000,0.571,,4989000000,,,,,,,,,,,,true,false,9,2018-04-01,2018-12-31,0
2019-01-30,37710,2018-03-31,3,8975000000,0.080,,,,,591000000,-0.040,592000000,-0.016,,413000000,,98.98,,,,,,,,,,,,,,,,,,,,,,true,false,9,2017-04-01,2017-12-31,-1
2019-01-30,37710,2019-03-31,3,13661000000,0.074,,,,,1268000000,0.288,1264000000,0.279,,847000000,,202.67,,,,,,,,,,,,,,,,,,,,,,true,true,12,2018-04-01,2019-03-31,0
2019-01-30,37710,2018-03-31,3,,,,,,,,,,,,,,,,,,,,8514000000,4667000000,0.547,,4664000000,,,,,,,,,,,,true,false,12,2017-04-01,2018-03-31,-1
2019-01-30,37710,2018-03-31,3,,,,,,,,,,,,,,,,,,,,,,,,,,,,,50.00,,,,4180000,826,,false,false,12,2017-04-01,2018-03-31,-1
2019-01-30,37710,2019-03-31,3,,,,,,,,,,,,,,,,,,,,,,,,,,,,,0.00,,,,,,,false,false,12,2018-04-01,2019-03-31,0
2019-01-30,37710,2019-03-31,3,,,,,,,,,,,,,,,,,,,,,,,,,,,,,50.00,,,,,,,false,true,12,2018-04-01,2019-03-31,0
2019-01-30,37710,2019-03-31,3,,,,,,,,,,,,,,,,,,,,,,,,,,,,,,,,,4180000,893,4179137,false,false,9,2018-04-01,2018-12-31,0
2019-01-30,37710,2018-03-31,3,,,,,,,,,,,,,,,,,,,,,,,,,,,,,,,,,,,4179248,false,false,9,2017-04-01,2017-12-31,-1
,37710,2019-03-31,,,,,,,,,,,,,,,,,,,,,,,,,,,,,,60.00,,,,,,,false,true,12,2018-04-01,2019-03-31,0
,37710,2019-03-31,,,,,,,,,,,,,,,,,,,,,,,,,,,,,,0.00,,,,,,,false,false,12,2018-04-01,2019-03-31,0
,37710,2018-03-31,,,,,,,,,,,,,,,,,,,,,,,,,,,,,,50.00,,,,,,,false,false,12,2017-04-01,2018-03-31,-1
2019-05-09,37710,2019-03-31,,14151000000,0.112,,,,,1291000000,0.312,1300000000,0.315,,920000000,,220.22,,0.183,0.144,0.091,,9547000000,5377000000,0.562,1285.82,5373000000,1103000000,-71000000,-184000000,4386000000,,0.272,,,,,,true,false,12,2018-04-01,2019-03-31,0
2019-05-09,37710,2018-03-31,,12716000000,0.101,,,,,983000000,0.048,988000000,0.069,,666000000,,159.47,,0.151,0.122,0.077,,8514000000,4667000000,0.547,1116.06,4664000000,1148000000,-68000000,-295000000,3538000000,,0.313,,,,,,true,false,12,2017-04-01,2018-03-31,-1
2019-05-09,37710,2020-03-31,,7090000000,0.066,,,,,476000000,0.132,473000000,0.125,,317000000,,75.94,,,,,,,,,,,,,,,,,,,,,,true,true,6,2019-04-01,2019-09-30,1
2019-05-09,37710,2020-03-31,,14979000000,0.058,,,,,1408000000,0.090,1412000000,0.085,,946000000,,226.37,,,,,,,,,,,,,,,,0.265,,,,,,true,true,12,2019-04-01,2020-03-31,1
2019-05-09,37710,2019-03-31,,14144000000,0.112,,,,,1288000000,0.308,1295000000,0.312,916000000,,0.377,219.36,,,,,,9523000000,5358000000,0.562,1282.17,5358000000,,,,,60.00,,,,4180000,893,4179130,false,false,12,2018-04-01,2019-03-31,0
2019-05-09,37710,2018-03-31,,12708000000,0.102,,,,,984000000,0.045,987000000,0.066,665000000,,0.036,159.27,,,,,,8498000000,4653000000,0.547,1113.45,4653000000,,,,,50.00,,,,4180000,826,4179239,false,false,12,2017-04-01,2018-03-31,-1
2019-05-09,37710,2020-03-31,,7081000000,0.065,,,,,,,473000000,0.140,317000000,,0.129,75.95,,,,,,,,,,,,,,,,,,,,,,false,true,6,2019-04-01,2019-09-30,1
2019-05-09,37710,2020-03-31,,14960000000,0.057,,,,,,,1410000000,0.088,944000000,,0.030,226.10,,,,,,,,,,,,,,,60.00,,,,,,,false,true,12,2019-04-01,2020-03-31,1
2019-07-26,37710,2020-03-31,1,3503000000,0.115,,,,,224000000,0.867,223000000,0.876,,151000000,,36.29,,,,,,9184000000,5276000000,0.573,,5271000000,,,,,,,,,,,,true,false,3,2019-04-01,2019-06-30,0
2019-07-26,37710,2019-03-31,1,3140000000,0.132,,,,,120000000,0.460,119000000,0.468,,79000000,,18.99,,,,,,,,,,,,,,,,,,,,,,true,false,3,2018-04-01,2018-06-30,-1
2019-07-26,37710,2020-03-31,1,7090000000,0.066,,,,,476000000,0.132,473000000,0.125,,317000000,,75.94,,,,,,,,,,,,,,,,,,,,,,true,true,6,2019-04-01,2019-09-30,0
2019-07-26,37710,2020-03-31,1,14979000000,0.058,,,,,1408000000,0.090,1412000000,0.085,,946000000,,226.37,,,,,,,,,,,,,,,,,,,,,,true,true,12,2019-04-01,2020-03-31,0
2019-07-26,37710,2019-03-31,1,,,,,,,,,,,,,,,,,,,,9547000000,5377000000,0.562,,5373000000,,,,,,,,,,,,true,false,12,2018-04-01,2019-03-31,-1
2019-07-26,37710,2019-03-31,1,,,,,,,,,,,,,,,,,,,,,,,,,,,,,60.00,,,,4180000,893,,false,false,12,2018-04-01,2019-03-31,-1
2019-07-26,37710,2020-03-31,1,,,,,,,,,,,,,,,,,,,,,,,,,,,,,60.00,,,,,,,false,true,12,2019-04-01,2020-03-31,0
2019-07-26,37710,2020-03-31,1,,,,,,,,,,,,,,,,,,,,,,,,,,,,,,,,,4180000,964,4179079,false,false,3,2019-04-01,2019-06-30,0
2019-07-26,37710,2019-03-31,1,,,,,,,,,,,,,,,,,,,,,,,,,,,,,,,,,,,4179166,false,false,3,2018-04-01,2018-06-30,-1
,37710,2020-03-31,,,,,,,,,,,,,,,,,,,,,,,,,,,,,,30.00,,,,,,,false,true,12,2019-04-01,2020-03-31,0
,37710,2019-03-31,,,,,,,,,,,,,,,,,,,,,,,,,,,,,,60.00,,,,,,,false,false,12,2018-04-01,2019-03-31,-1
2019-10-25,37710,2020-03-31,,7625000000,0.075,,,,,703000000,0.474,705000000,0.488,,481000000,,57.55,,,,,,,,,,,,,,,,,,,,,,true,true,6,2019-04-01,2019-09-30,0
2019-10-25,37710,2019-03-31,,6649000000,,,,,,421000000,,420000000,,,284000000,,34.01,,,,,,,,,,,,,,,,,,,,,,true,false,6,2018-04-01,2018-09-30,-1
2019-10-25,37710,2020-03-31,,7620000000,0.076,,,,,,,700000000,0.478,478000000,,0.506,57.21,,,,,,,,,,,,,,,,,,,,,,false,true,6,2019-04-01,2019-09-30,0
2019-10-25,37710,2019-03-31,,6646000000,,,,,,,,415000000,,281000000,,,33.62,,,,,,,,,,,,,,,,,,,,,,false,false,6,2018-04-01,2018-09-30,-1
2019-10-29,37710,2020-03-31,2,7625000000,0.146,,,,,703000000,0.669,705000000,0.676,,481000000,,57.55,,,,,,9467000000,5605000000,0.591,,5600000000,,,,,,,,,,,,true,false,6,2019-04-01,2019-09-30,0
2019-10-29,37710,2019-03-31,2,6649000000,0.137,,,,,421000000,0.246,420000000,0.257,,284000000,,34.01,,,,,,,,,,,,,,,,,,,,,,true,false,6,2018-04-01,2018-09-30,-1
2019-10-29,37710,2020-03-31,2,14979000000,0.058,,,,,1408000000,0.090,1412000000,0.085,,946000000,,113.18,,,,,,,,,,,,,,,,,,,,,,true,true,12,2019-04-01,2020-03-31,0
2019-10-29,37710,2019-03-31,2,,,,,,,,,,,,,,,,,,,,9547000000,5377000000,0.562,,5373000000,,,,,,,,,,,,true,false,12,2018-04-01,2019-03-31,-1
2019-10-29,37710,2019-03-31,2,,,,,,,,,,,,,,,,,,,,,,,,,,,,,60.00,,,,8360000,1786,,false,false,12,2018-04-01,2019-03-31,-1
2019-10-29,37710,2020-03-31,2,,,,,,,,,,,,,,,,,,,,,,,,,,,,,0.00,,,,,,,false,false,12,2019-04-01,2020-03-31,0
2019-10-29,37710,2020-03-31,2,,,,,,,,,,,,,,,,,,,,,,,,,,,,,30.00,,,,,,,false,true,12,2019-04-01,2020-03-31,0
2019-10-29,37710,2020-03-31,2,,,,,,,,,,,,,,,,,,,,,,,,,,,,,,,,,8360000,1928,8358122,false,false,6,2019-04-01,2019-09-30,0
2019-10-29,37710,2019-03-31,2,,,,,,,,,,,,,,,,,,,,,,,,,,,,,,,,,,,8358300,false,false,6,2018-04-01,2018-09-30,-1
2020-01-30,37710,2020-03-31,3,11794000000,0.164,,,,,1163000000,0.479,1177000000,0.489,,804000000,,96.20,,,,,,10026000000,5928000000,0.590,,5922000000,,,,,,,,,,,,true,false,9,2019-04-01,2019-12-31,0
2020-01-30,37710,2019-03-31,3,10129000000,0.128,,,,,786000000,0.329,790000000,0.334,,537000000,,64.24,,,,,,,,,,,,,,,,,,,,,,true,false,9,2018-04-01,2018-12-31,-1
2020-01-30,37710,2020-03-31,3,14979000000,0.058,,,,,1408000000,0.090,1412000000,0.085,,946000000,,113.18,,,,,,,,,,,,,,,,,,,,,,true,true,12,2019-04-01,2020-03-31,0
2020-01-30,37710,2019-03-31,3,,,,,,,,,,,,,,,,,,,,9547000000,5377000000,0.562,,5373000000,,,,,,,,,,,,true,false,12,2018-04-01,2019-03-31,-1
2020-01-30,37710,2019-03-31,3,,,,,,,,,,,,,,,,,,,,,,,,,,,,,60.00,,,,8360000,1786,,false,false,12,2018-04-01,2019-03-31,-1
2020-01-30,37710,2020-03-31,3,,,,,,,,,,,,,,,,,,,,,,,,,,,,,0.00,,,,,,,false,false,12,2019-04-01,2020-03-31,0
2020-01-30,37710,2020-03-31,3,,,,,,,,,,,,,,,,,,,,,,,,,,,,,30.00,,,,,,,false,true,12,2019-04-01,2020-03-31,0
2020-01-30,37710,2020-03-31,3,,,,,,,,,,,,,,,,,,,,,,,,,,,,,,,,,8360000,1928,8358107,false,false,9,2019-04-01,2019-12-31,0
2020-01-30,37710,2019-03-31,3,,,,,,,,,,,,,,,,,,,,,,,,,,,,,,,,,,,8358274,false,false,9,2018-04-01,2018-12-31,-1
,37710,2020-03-31,,,,,,,,,,,,,,,,,,,,,,,,,,,,,,50.00,,,,,,,false,true,12,2019-04-01,2020-03-31,0
,37710,2020-03-31,,,,,,,,,,,,,,,,,,,,,,,,,,,,,,0.00,,,,,,,false,false,12,2019-04-01,2020-03-31,0
,37710,2019-03-31,,,,,,,,,,,,,,,,,,,,,,,,,,,,,,60.00,,,,,,,false,false,12,2018-04-01,2019-03-31,-1
2020-04-30,37710,2020-03-31,,16250000000,0.084,,,,,1723000000,0.223,1737000000,0.230,1237000000,,0.308,148.06,,,,,,,,,,,,,,,,,,,,,,true,true,12,2019-04-01,2020-03-31,0
2020-04-30,37710,2019-03-31,,14151000000,,,,,,1291000000,,1300000000,,920000000,,,101.11,,,,,,,,,,,,,,,,,,,,,,true,false,12,2018-04-01,2019-03-31,-1
2020-04-30,37710,2020-03-31,,16242000000,0.085,,,,,,,1729000000,0.226,1232000000,,0.304,147.51,,,,,,,,,,,,,,,,,,,,,,false,true,12,2019-04-01,2020-03-31,0
2020-04-30,37710,2019-03-31,,14144000000,,,,,,,,1295000000,,916000000,,,109.68,,,,,,,,,,,,,,,,,,,,,,false,false,12,2018-04-01,2019-03-31,-1
2020-05-11,37710,2020-03-31,,16250000000,0.148,,,,,1723000000,0.334,1737000000,0.335,,1237000000,,148.06,,0.212,0.171,0.106,,10692000000,6294000000,0.588,752.39,6288000000,1308000000,-50000000,-312000000,5332000000,,0.337,,,,,,true,false,12,2019-04-01,2020-03-31,0
2020-05-11,37710,2019-03-31,,14151000000,0.112,,,,,1291000000,0.312,1300000000,0.315,,920000000,,110.11,,0.183,0.144,0.091,,9547000000,5377000000,0.562,642.91,5373000000,1103000000,-71000000,-184000000,4386000000,,0.272,,,,,,true,false,12,2018-04-01,2019-03-31,-1
2020-05-11,37710,2021-03-31,,8093000000,0.061,,,,,609000000,-0.133,609000000,-0.135,,408000000,,48.90,,,,,,,,,,,,,,,,,,,,,,true,true,6,2020-04-01,2020-09-30,1
2020-05-11,37710,2021-03-31,,17267000000,0.062,,,,,1738000000,0.008,1738000000,0.000,,1165000000,,139.40,,,,,,,,,,,,,,,,0.358,,,,,,true,true,12,2020-04-01,2021-03-31,1
2020-05-11,37710,2020-03-31,,16242000000,0.148,,,,,1718000000,0.334,1729000000,0.335,1232000000,,0.344,147.51,,,,,,10738000000,6338000000,0.590,758.42,6338000000,,,,,50.00,,,,8360000,1928,8358099,false,false,12,2019-04-01,2020-03-31,0
2020-05-11,37710,2019-03-31,,14144000000,0.112,,,,,1288000000,0.308,1295000000,0.312,916000000,,0.377,109.68,,,,,,9523000000,5358000000,0.562,641.08,5358000000,,,,,60.00,,,,8360000,1786,8358260,false,false,12,2018-04-01,2019-03-31,-1
2020-05-11,37710,2021-03-31,,8088000000,0.061,,,,,,,607000000,-0.132,407000000,,-0.148,48.71,,,,,,,,,,,,,,,,,,,,,,false,true,6,2020-04-01,2020-09-30,1
2020-05-11,37710,2021-03-31,,17256000000,0.062,,,,,,,1736000000,0.004,1163000000,,-0.056,139.18,,,,,,,,,,,,,,,50.00,,,,,,,false,true,12,2020-04-01,2021-03-31,1
2020-07-28,37710,2021-03-31,1,3870000000,0.104,,,,,218000000,-0.029,217000000,-0.030,,147000000,,17.63,,,,,,10109000000,6026000000,0.595,,6020000000,,,,,,,,,,,,true,false,3,2020-04-01,2020-06-30,0
2020-07-28,37710,2020-03-31,1,3503000000,0.115,,,,,224000000,0.867,223000000,0.876,,151000000,,18.14,,,,,,,,,,,,,,,,,,,,,,true,false,3,2019-04-01,2019-06-30,-1
2020-07-28,37710,2021-03-31,1,8093000000,0.061,,,609000000,-0.133,,,609000000,-0.135,,408000000,,48.90,,,,,,,,,,,,,,,,,,,,,,true,true,6,2020-04-01,2020-09-30,0
2020-07-28,37710,2021-03-31,1,17267000000,0.062,,,1738000000,0.008,,,1738000000,0.000,,1165000000,,139.40,,,,,,,,,,,,,,,,,,,,,,true,true,12,2020-04-01,2021-03-31,0
2020-07-28,37710,2020-03-31,1,,,,,,,,,,,,,,,,,,,,10692000000,6294000000,0.588,,6288000000,,,,,,,,,,,,true,false,12,2019-04-01,2020-03-31,-1
2020-07-28,37710,2020-03-31,1,,,,,,,,,,,,,,,,,,,,,,,,,,,,,50.00,,,,8360000,1928,,false,false,12,2019-04-01,2020-03-31,-1
2020-07-28,37710,2021-03-31,1,,,,,,,,,,,,,,,,,,,,,,,,,,,,,50.00,,,,,,,false,true,12,2020-04-01,2021-03-31,0
2020-07-28,37710,2021-03-31,1,,,,,,,,,,,,,,,,,,,,,,,,,,,,,,,,,8360000,1928,8358072,false,false,3,2020-04-01,2020-06-30,0
2020-07-28,37710,2020-03-31,1,,,,,,,,,,,,,,,,,,,,,,,,,,,,,,,,,,,8358159,false,false,3,2019-04-01,2019-06-30,-1
2020-10-28,37710,2021-03-31,2,7781000000,0.020,,,,,533000000,-0.241,535000000,-0.240,,364000000,,43.58,,,,,,10159000000,6246000000,0.614,,6240000000,,,,,,,,,,,,true,false,6,2020-04-01,2020-09-30,0
2020-10-28,37710,2020-03-31,2,7625000000,0.146,,,,,703000000,0.669,705000000,0.676,,481000000,,57.55,,,,,,,,,,,,,,,,,,,,,,true,false,6,2019-04-01,2019-09-30,-1
2020-10-28,37710,2021-03-31,2,17267000000,0.062,,,,,1738000000,0.008,1738000000,0.000,,1165000000,,139.40,,,,,,,,,,,,,,,,,,,,,,true,true,12,2020-04-01,2021-03-31,0
2020-10-28,37710,2020-03-31,2,,,,,,,,,,,,,,,,,,,,10692000000,6294000000,0.588,,6288000000,,,,,,,,,,,,true,false,12,2019-04-01,2020-03-31,-1
2020-10-28,37710,2020-03-31,2,,,,,,,,,,,,,,,,,,,,,,,,,,,,,50.00,,,,8360000,1928,,false,false,12,2019-04-01,2020-03-31,-1
2020-10-28,37710,2021-03-31,2,,,,,,,,,,,,,,,,,,,,,,,,,,,,,0.00,,,,,,,false,false,12,2020-04-01,2021-03-31,0
2020-10-28,37710,2021-03-31,2,,,,,,,,,,,,,,,,,,,,,,,,,,,,,50.00,,,,,,,false,true,12,2020-04-01,2021-03-31,0
2020-10-28,37710,2021-03-31,2,,,,,,,,,,,,,,,,,,,,,,,,,,,,,,,,,8360000,1928,8358072,false,false,6,2020-04-01,2020-09-30,0
2020-10-28,37710,2020-03-31,2,,,,,,,,,,,,,,,,,,,,,,,,,,,,,,,,,,,8358122,false,false,6,2019-04-01,2019-09-30,-1
2021-01-28,37710,2021-03-31,3,11729000000,-0.005,,,,,966000000,-0.169,987000000,-0.161,,674000000,,80.65,,,,,,10661000000,6558000000,0.614,,6551000000,,,,,,,,,,,,true,false,9,2020-04-01,2020-12-31,0
2021-01-28,37710,2020-03-31,3,11794000000,0.164,,,,,1163000000,0.479,1177000000,0.489,,804000000,,96.20,,,,,,,,,,,,,,,,,,,,,,true,false,9,2019-04-01,2019-12-31,-1
2021-01-28,37710,2021-03-31,3,15828000000,-0.026,,,,,1385000000,-0.195,1405000000,-0.190,,959000000,,114.84,,,,,,,,,,,,,,,,,,,,,,true,true,12,2020-04-01,2021-03-31,0
2021-01-28,37710,2020-03-31,3,,,,,,,,,,,,,,,,,,,,10692000000,6294000000,0.588,,6288000000,,,,,,,,,,,,true,false,12,2019-04-01,2020-03-31,-1
2021-01-28,37710,2020-03-31,3,,,,,,,,,,,,,,,,,,,,,,,,,,,,,50.00,,,,8360000,1928,,false,false,12,2019-04-01,2020-03-31,-1
2021-01-28,37710,2021-03-31,3,,,,,,,,,,,,,,,,,,,,,,,,,,,,,0.00,,,,,,,false,false,12,2020-04-01,2021-03-31,0
2021-01-28,37710,2021-03-31,3,,,,,,,,,,,,,,,,,,,,,,,,,,,,,60.00,,,,,,,false,true,12,2020-04-01,2021-03-31,0
2021-01-28,37710,2021-03-31,3,,,,,,,,,,,,,,,,,,,,,,,,,,,,,,,,,8360000,1928,8358072,false,false,9,2020-04-01,2020-12-31,0
2021-01-28,37710,2020-03-31,3,,,,,,,,,,,,,,,,,,,,,,,,,,,,,,,,,,,8358107,false,false,9,2019-04-01,2019-12-31,-1
2021-01-28,37710,2021-03-31,,15828000000,-0.083,,,,,1385000000,-0.202,1405000000,-0.191,959000000,,-0.176,114.84,,,,,,,,,,,,,,,,,,,,,,true,true,12,2020-04-01,2021-03-31,0
2021-01-28,37710,2020-03-31,,16250000000,,,,,,1723000000,,1737000000,,1237000000,,,148.06,,,,,,,,,,,,,,,,,,,,,,true,false,12,2019-04-01,2020-03-31,-1
2021-01-28,37710,2021-03-31,,15822000000,-0.083,,,,,,,1398000000,-0.194,955000000,,-0.178,114.35,,,,,,,,,,,,,,,60.00,,,,,,,false,true,12,2020-04-01,2021-03-31,0
2021-01-28,37710,2020-03-31,,16242000000,,,,,,,,1729000000,,1232000000,,,147.51,,,,,,,,,,,,,,,50.00,,,,,,,false,false,12,2019-04-01,2020-03-31,-1
2021-01-28,37710,2021-03-31,,,,,,,,,,,,,,,,,,,,,,,,,,,,,,0.00,,,,,,,false,false,12,2020-04-01,2021-03-31,0
2021-05-11,37710,2021-03-31,,16158000000,-0.005,,,,,1567000000,-0.090,1589000000,-0.084,,1089000000,,130.32,,0.162,0.145,0.096,,11200000000,7145000000,0.637,853.96,7137000000,1086000000,-144000000,-466000000,5808000000,,0.460,,,,,,true,false,12,2020-04-01,2021-03-31,0
2021-05-11,37710,2020-03-31,,16250000000,0.148,,,,,1723000000,0.334,1737000000,0.335,,1237000000,,148.06,,0.212,0.171,0.106,,10692000000,6294000000,0.588,752.39,6288000000,1308000000,-50000000,-312000000,5332000000,,0.337,,,,,,true,false,12,2019-04-01,2020-03-31,-1
2021-05-11,37710,2022-03-31,,7947000000,0.021,,,,,552000000,0.034,550000000,0.029,,375000000,,44.90,,,,,,,,,,,,,,,,,,,,,,true,true,6,2021-04-01,2021-09-30,1
2021-05-11,37710,2022-03-31,,17264000000,0.068,,,,,1726000000,0.101,1747000000,0.099,,1196000000,,143.16,,,,,,,,,,,,,,,,0.349,,,,,,true,true,12,2021-04-01,2022-03-31,1
2021-05-11,37710,2021-03-31,,16150000000,-0.005,,,,,1560000000,-0.091,1579000000,-0.086,1083000000,,-0.121,129.57,,,,,,11056000000,7007000000,0.633,838.35,7007000000,,,,,60.00,,,,8360000,1928,8358072,false,false,12,2020-04-01,2021-03-31,0
2021-05-11,37710,2020-03-31,,16242000000,0.148,,,,,1718000000,0.334,1729000000,0.335,1232000000,,0.344,147.51,,,,,,10738000000,6338000000,0.590,758.42,6338000000,,,,,50.00,,,,8360000,1928,8358099,false,false,12,2019-04-01,2020-03-31,-1
2021-05-11,37710,2022-03-31,,7943000000,0.020,,,,,,,549000000,0.035,374000000,,0.035,44.82,,,,,,,,,,,,,,,,,,,,,,false,true,6,2021-04-01,2021-09-30,1
2021-05-11,37710,2022-03-31,,17256000000,0.068,,,,,,,1742000000,0.103,1193000000,,0.102,142.80,,,,,,,,,,,,,,,50.00,,,,,,,false,true,12,2021-04-01,2022-03-31,1
2021-07-28,37710,2022-03-31,1,4113000000,0.062,,,,,250000000,0.148,257000000,0.186,,175000000,,20.96,,,,,,10640000000,6833000000,0.641,,6825000000,,,,,,,,,,,,true,false,3,2021-04-01,2021-06-30,0
2021-07-28,37710,2021-03-31,1,3870000000,0.104,,,,,218000000,-0.029,217000000,-0.030,,147000000,,17.63,,,,,,,,,,,,,,,,,,,,,,true,false,3,2020-04-01,2020-06-30,-1
2021-07-28,37710,2022-03-31,1,7947000000,0.021,,,,,552000000,0.034,550000000,0.029,,375000000,,44.90,,,,,,,,,,,,,,,,,,,,,,true,true,6,2021-04-01,2021-09-30,0
2021-07-28,37710,2022-03-31,1,17264000000,0.068,,,,,1726000000,0.101,1747000000,0.099,,1196000000,,143.16,,,,,,,,,,,,,,,,,,,,,,true,true,12,2021-04-01,2022-03-31,0
2021-07-28,37710,2021-03-31,1,,,,,,,,,,,,,,,,,,,,11200000000,7145000000,0.637,,7137000000,,,,,,,,,,,,true,false,12,2020-04-01,2021-03-31,-1
2021-07-28,37710,2021-03-31,1,,,,,,,,,,,,,,,,,,,,,,,,,,,,,60.00,,,,8360000,1928,,false,false,12,2020-04-01,2021-03-31,-1
2021-07-28,37710,2022-03-31,1,,,,,,,,,,,,,,,,,,,,,,,,,,,,,50.00,,,,,,,false,true,12,2021-04-01,2022-03-31,0
2021-07-28,37710,2022-03-31,1,,,,,,,,,,,,,,,,,,,,,,,,,,,,,,,,,8360000,1928,8358072,false,false,3,2021-04-01,2021-06-30,0
2021-07-28,37710,2021-03-31,1,,,,,,,,,,,,,,,,,,,,,,,,,,,,,,,,,,,8358072,false,false,3,2020-04-01,2020-06-30,-1
2021-10-26,37710,2022-03-31,,8512000000,0.071,,,,,740000000,0.341,748000000,0.358,,511000000,,61.16,,,,,,,,,,,,,,,,,,,,,,true,true,6,2021-04-01,2021-09-30,0
2021-10-26,37710,2021-03-31,,7781000000,,,,,,533000000,,535000000,,,364000000,,43.58,,,,,,,,,,,,,,,,,,,,,,true,false,6,2020-04-01,2020-09-30,-1
2021-10-26,37710,2022-03-31,,8498000000,0.069,,,,,,,741000000,0.349,507000000,,0.354,60.70,,,,,,,,,,,,,,,,,,,,,,false,true,6,2021-04-01,2021-09-30,0
2021-10-26,37710,2021-03-31,,7780000000,,,,,,,,531000000,,361000000,,,43.27,,,,,,,,,,,,,,,,,,,,,,false,false,6,2020-04-01,2020-09-30,-1
2021-10-28,37710,2022-03-31,2,8512000000,0.093,,,,,740000000,0.387,748000000,0.398,,511000000,,61.16,,,,,,11171000000,7167000000,0.640,,7158000000,,,,,,,,,,,,true,false,6,2021-04-01,2021-09-30,0
2021-10-28,37710,2021-03-31,2,7781000000,0.020,,,,,533000000,-0.241,535000000,-0.240,,364000000,,43.58,,,,,,,,,,,,,,,,,,,,,,true,false,6,2020-04-01,2020-09-30,-1
2021-10-28,37710,2022-03-31,2,17264000000,0.068,,,,,1726000000,0.101,1747000000,0.099,,1196000000,,143.16,,,,,,,,,,,,,,,,,,,,,,true,true,12,2021-04-01,2022-03-31,0
2021-10-28,37710,2021-03-31,2,,,,,,,,,,,,,,,,,,,,11200000000,7145000000,0.637,,7137000000,,,,,,,,,,,,true,false,12,2020-04-01,2021-03-31,-1
2021-10-28,37710,2021-03-31,2,,,,,,,,,,,,,,,,,,,,,,,,,,,,,60.00,,,,8360000,1928,,false,false,12,2020-04-01,2021-03-31,-1
2021-10-28,37710,2022-03-31,2,,,,,,,,,,,,,,,,,,,,,,,,,,,,,0.00,,,,,,,false,false,12,2021-04-01,2022-03-31,0
2021-10-28,37710,2022-03-31,2,,,,,,,,,,,,,,,,,,,,,,,,,,,,,50.00,,,,,,,false,true,12,2021-04-01,2022-03-31,0
2021-10-28,37710,2022-03-31,2,,,,,,,,,,,,,,,,,,,,,,,,,,,,,,,,,8360000,1928,8358072,false,false,6,2021-04-01,2021-09-30,0
2021-10-28,37710,2021-03-31,2,,,,,,,,,,,,,,,,,,,,,,,,,,,,,,,,,,,8358072,false,false,6,2020-04-01,2020-09-30,-1
2022-01-31,37710,2022-03-31,3,13200000000,0.125,,,,,1326000000,0.372,1339000000,0.355,,916000000,,109.68,,,,,,11805000000,7570000000,0.640,,7560000000,,,,,,,,,,,,true,false,9,2021-04-01,2021-12-31,0
2022-01-31,37710,2021-03-31,3,11729000000,-0.005,,,,,966000000,-0.169,987000000,-0.161,,674000000,,80.65,,,,,,,,,,,,,,,,,,,,,,true,false,9,2020-04-01,2020-12-31,-1
2022-01-31,37710,2022-03-31,3,17264000000,0.068,,,,,1726000000,0.101,1747000000,0.099,,1196000000,,143.16,,,,,,,,,,,,,,,,,,,,,,true,true,12,2021-04-01,2022-03-31,0
2022-01-31,37710,2021-03-31,3,,,,,,,,,,,,,,,,,,,,11200000000,7145000000,0.637,,7137000000,,,,,,,,,,,,true,false,12,2020-04-01,2021-03-31,-1
2022-01-31,37710,2021-03-31,3,,,,,,,,,,,,,,,,,,,,,,,,,,,,,60.00,,,,8360000,1928,,false,false,12,2020-04-01,2021-03-31,-1
2022-01-31,37710,2022-03-31,3,,,,,,,,,,,,,,,,,,,,,,,,,,,,,0.00,,,,,,,false,false,12,2021-04-01,2022-03-31,0
2022-01-31,37710,2022-03-31,3,,,,,,,,,,,,,,,,,,,,,,,,,,,,,60.00,,,,,,,false,true,12,2021-04-01,2022-03-31,0
2022-01-31,37710,2022-03-31,3,,,,,,,,,,,,,,,,,,,,,,,,,,,,,,,,,8360000,1928,8358072,false,false,9,2021-04-01,2021-12-31,0
2022-01-31,37710,2021-03-31,3,,,,,,,,,,,,,,,,,,,,,,,,,,,,,,,,,,,8358072,false,false,9,2020-04-01,2020-12-31,-1
2022-04-28,37710,2022-03-31,,18405000000,0.066,,,,,2078000000,0.204,2113000000,0.209,,1492000000,,178.52,,,,,,,,,,,,,,,,,,,,,,true,true,12,2021-04-01,2022-03-31,0
2022-04-28,37710,2021-03-31,,16158000000,,,,,,1567000000,,1589000000,,,1089000000,,130.32,,,,,,,,,,,,,,,,,,,,,,true,false,12,2020-04-01,2021-03-31,-1
2022-04-28,37710,2022-03-31,,18158000000,0.052,,,,,,,2098000000,0.203,1525000000,,0.278,182.50,,,,,,,,,,,,,,,,,,,,,,false,true,12,2021-04-01,2022-03-31,0
2022-04-28,37710,2021-03-31,,16150000000,,,,,,,,1579000000,,1083000000,,,129.57,,,,,,,,,,,,,,,,,,,,,,false,false,12,2020-04-01,2021-03-31,-1
2022-05-11,37710,2022-03-31,,18405000000,0.139,,,,,2078000000,0.326,2113000000,0.329,,1492000000,,178.52,,0.195,0.175,0.112,,12884000000,8134000000,0.630,972.05,8124000000,1287000000,-254000000,-526000000,6314000000,,0.336,,,,,,true,false,12,2021-04-01,2022-03-31,0
2022-05-11,37710,2021-03-31,,16158000000,-0.005,,,,,1567000000,-0.090,1589000000,-0.084,,1089000000,,130.32,,0.162,0.145,0.096,,11200000000,7145000000,0.637,853.96,7137000000,1086000000,-144000000,-466000000,5808000000,,0.460,,,,,,true,false,12,2020-04-01,2021-03-31,-1
2022-05-11,37710,2023-03-31,,9970000000,0.171,,,,,808000000,0.092,811000000,0.083,,198000000,,23.70,,,,,,,,,,,,,,,,,,,,,,true,true,6,2022-04-01,2022-09-30,1
2022-05-11,37710,2023-03-31,,21171000000,0.150,,,,,2287000000,0.100,2316000000,0.095,,1221000000,,146.16,,,,,,,,,,,,,,,,0.410,,,,,,true,true,12,2022-04-01,2023-03-31,1
2022-05-11,37710,2022-03-31,,18158000000,0.124,,,,,2070000000,0.326,2098000000,0.328,1525000000,,0.408,182.50,,,,,,12653000000,8049000000,0.636,963.02,8049000000,,,,,60.00,,,,8360000,1928,8358072,false,false,12,2021-04-01,2022-03-31,0
2022-05-11,37710,2021-03-31,,16150000000,-0.005,,,,,1560000000,-0.091,1579000000,-0.086,1083000000,,-0.121,129.57,,,,,,11056000000,7007000000,0.633,838.35,7007000000,,,,,60.00,,,,8360000,1928,8358072,false,false,12,2020-04-01,2021-03-31,-1
2022-05-11,37710,2023-03-31,,9671000000,0.138,,,,,,,817000000,0.101,204000000,,-0.597,24.43,,,,,,,,,,,,,,,,,,,,,,false,true,6,2022-04-01,2022-09-30,1
2022-05-11,37710,2023-03-31,,20553000000,0.131,,,,,,,2321000000,0.106,1229000000,,-0.194,147.08,,,,,,,,,,,,,,,60.00,,,,,,,false,true,12,2022-04-01,2023-03-31,1
2022-07-28,37710,2023-03-31,1,5128000000,0.246,,,,,430000000,0.720,431000000,0.676,,42000000,,5.08,,,,,,11804000000,7575000000,0.640,,7565000000,,,,,,,,,,,,true,false,3,2022-04-01,2022-06-30,0
2022-07-28,37710,2022-03-31,1,4113000000,0.062,,,,,250000000,0.148,257000000,0.186,,175000000,,20.96,,,,,,,,,,,,,,,,,,,,,,true,false,3,2021-04-01,2021-06-30,-1
2022-07-28,37710,2023-03-31,1,9970000000,0.171,,,,,808000000,0.092,811000000,0.083,,198000000,,23.70,,,,,,,,,,,,,,,,,,,,,,true,true,6,2022-04-01,2022-09-30,0
2022-07-28,37710,2023-03-31,1,21171000000,0.150,,,,,2287000000,0.100,2316000000,0.095,,1221000000,,146.16,,,,,,,,,,,,,,,,,,,,,,true,true,12,2022-04-01,2023-03-31,0
2022-07-28,37710,2022-03-31,1,,,,,,,,,,,,,,,,,,,,12884000000,8134000000,0.630,,8124000000,,,,,,,,,,,,true,false,12,2021-04-01,2022-03-31,-1
2022-07-28,37710,2022-03-31,1,,,,,,,,,,,,,,,,,,,,,,,,,,,,,60.00,,,,8360000,1928,,false,false,12,2021-04-01,2022-03-31,-1
2022-07-28,37710,2023-03-31,1,,,,,,,,,,,,,,,,,,,,,,,,,,,,,60.00,,,,,,,false,true,12,2022-04-01,2023-03-31,0
2022-07-28,37710,2023-03-31,1,,,,,,,,,,,,,,,,,,,,,,,,,,,,,,,,,8360000,1977,8358048,false,false,3,2022-04-01,2022-06-30,0
2022-07-28,37710,2022-03-31,1,,,,,,,,,,,,,,,,,,,,,,,,,,,,,,,,,,,8358072,false,false,3,2021-04-01,2021-06-30,-1
2022-10-25,37710,2023-03-31,,10489000000,0.052,,,,,1068000000,0.321,1069000000,0.318,,477000000,,57.16,,,,,,,,,,,,,,,,,,,,,,true,true,6,2022-04-01,2022-09-30,0
2022-10-25,37710,2022-03-31,,8512000000,,,,,,740000000,,748000000,,,511000000,,61.16,,,,,,,,,,,,,,,,,,,,,,true,false,6,2021-04-01,2021-09-30,-1
2022-10-25,37710,2023-03-31,,10186000000,0.053,,,,,,,1049000000,0.284,469000000,,1.298,56.16,,,,,,,,,,,,,,,,,,,,,,false,true,6,2022-04-01,2022-09-30,0
2022-10-25,37710,2022-03-31,,8498000000,,,,,,,,741000000,,507000000,,,60.70,,,,,,,,,,,,,,,,,,,,,,false,false,6,2021-04-01,2021-09-30,-1
2022-10-28,37710,2023-03-31,2,10489000000,0.232,,,,,1068000000,0.443,1069000000,0.429,,477000000,,57.16,,,,,,12464000000,8011000000,0.641,,7999000000,,,,,,,,,,,,true,false,6,2022-04-01,2022-09-30,0
2022-10-28,37710,2022-03-31,2,8512000000,0.093,,,,,740000000,0.387,748000000,0.398,,511000000,,61.16,,,,,,,,,,,,,,,,,,,,,,true,false,6,2021-04-01,2021-09-30,-1
2022-10-28,37710,2023-03-31,2,21171000000,0.150,,,,,2287000000,0.100,2316000000,0.095,,1221000000,,146.16,,,,,,,,,,,,,,,,,,,,,,true,true,12,2022-04-01,2023-03-31,0
2022-10-28,37710,2022-03-31,2,,,,,,,,,,,,,,,,,,,,12884000000,8134000000,0.630,,8124000000,,,,,,,,,,,,true,false,12,2021-04-01,2022-03-31,-1
2022-10-28,37710,2022-03-31,2,,,,,,,,,,,,,,,,,,,,,,,,,,,,,60.00,,,,8360000,1928,,false,false,12,2021-04-01,2022-03-31,-1
2022-10-28,37710,2023-03-31,2,,,,,,,,,,,,,,,,,,,,,,,,,,,,,0.00,,,,,,,false,false,12,2022-04-01,2023-03-31,0
2022-10-28,37710,2023-03-31,2,,,,,,,,,,,,,,,,,,,,,,,,,,,,,60.00,,,,,,,false,true,12,2022-04-01,2023-03-31,0
2022-10-28,37710,2023-03-31,2,,,,,,,,,,,,,,,,,,,,,,,,,,,,,,,,,8360000,1977,8358037,false,false,6,2022-04-01,2022-09-30,0
2022-10-28,37710,2022-03-31,2,,,,,,,,,,,,,,,,,,,,,,,,,,,,,,,,,,,8358072,false,false,6,2021-04-01,2021-09-30,-1
2023-01-31,37710,2023-03-31,3,15953000000,0.208,,,,,1767000000,0.332,1778000000,0.328,,963000000,,115.27,,,,,,13137000000,8498000000,0.645,,8485000000,,,,,,,,,,,,true,false,9,2022-04-01,2022-12-31,0
2023-01-31,37710,2022-03-31,3,13200000000,0.125,,,,,1326000000,0.372,1339000000,0.355,,916000000,,109.68,,,,,,,,,,,,,,,,,,,,,,true,false,9,2021-04-01,2021-12-31,-1
2023-01-31,37710,2023-03-31,3,21171000000,0.150,,,,,2287000000,0.100,2316000000,0.095,,1221000000,,146.16,,,,,,,,,,,,,,,,,,,,,,true,true,12,2022-04-01,2023-03-31,0
2023-01-31,37710,2022-03-31,3,,,,,,,,,,,,,,,,,,,,12884000000,8134000000,0.630,,8124000000,,,,,,,,,,,,true,false,12,2021-04-01,2022-03-31,-1
2023-01-31,37710,2022-03-31,3,,,,,,,,,,,,,,,,,,,,,,,,,,,,,60.00,,,,8360000,1928,,false,false,12,2021-04-01,2022-03-31,-1
2023-01-31,37710,2023-03-31,3,,,,,,,,,,,,,,,,,,,,,,,,,,,,,0.00,,,,,,,false,false,12,2022-04-01,2023-03-31,0
2023-01-31,37710,2023-03-31,3,,,,,,,,,,,,,,,,,,,,,,,,,,,,,70.00,,,,,,,false,true,12,2022-04-01,2023-03-31,0
2023-01-31,37710,2023-03-31,3,,,,,,,,,,,,,,,,,,,,,,,,,,,,,,,,,8360000,2008,8358024,false,false,9,2022-04-01,2022-12-31,0
2023-01-31,37710,2022-03-31,3,,,,,,,,,,,,,,,,,,,,,,,,,,,,,,,,,,,8358072,false,false,9,2021-04-01,2021-12-31,-1
2023-04-28,37710,2023-03-31,,21565000000,0.018,,,,,2510000000,0.097,2524000000,0.090,,1615000000,,193.29,,,,,,,,,,,,,,,,,,,,,,true,true,12,2022-04-01,2023-03-31,0
2023-04-28,37710,2022-03-31,,18405000000,,,,,,2078000000,,2113000000,,,1492000000,,178.52,,,,,,,,,,,,,,,,,,,,,,true,false,12,2021-04-01,2022-03-31,-1
2023-04-28,37710,2023-03-31,,20936000000,0.018,,,,,,,2499000000,0.076,1603000000,,0.304,191.89,,,,,,,,,,,,,,,,,,,,,,false,true,12,2022-04-01,2023-03-31,0
2023-04-28,37710,2022-03-31,,18158000000,,,,,,,,2098000000,,1525000000,,,182.50,,,,,,,,,,,,,,,,,,,,,,false,false,12,2021-04-01,2022-03-31,-1
2023-05-10,37710,2023-03-31,,21556000000,0.171,,,,,2501000000,0.203,2515000000,0.190,,1601000000,,191.61,,0.185,0.185,0.116,,14181000000,9135000000,0.643,1091.55,9123000000,1796000000,-273000000,-501000000,7336000000,,0.365,,,,,,true,false,12,2022-04-01,2023-03-31,0
2023-05-10,37710,2022-03-31,,18405000000,0.139,,,,,2078000000,0.326,2113000000,0.329,,1492000000,,178.52,,0.195,0.175,0.112,,12884000000,8134000000,0.630,972.05,8124000000,1287000000,-254000000,-526000000,6314000000,,0.336,,,,,,true,false,12,2021-04-01,2022-03-31,-1
2023-05-10,37710,2024-03-31,,10948000000,0.043,,,,,803000000,-0.248,803000000,-0.248,,580000000,,69.41,,,,,,,,,,,,,,,,,,,,,,true,true,6,2023-04-01,2023-09-30,1
2023-05-10,37710,2024-03-31,,23815000000,0.104,,,,,2516000000,0.005,2542000000,0.010,,1817000000,,217.47,,,,,,,,,,,,,,,,0.321,,,,,,true,true,12,2023-04-01,2024-03-31,1
2023-05-10,37710,2023-03-31,,20936000000,0.153,,,,,2493000000,0.204,2499000000,0.191,1603000000,,0.051,191.89,,,,,,14131000000,9150000000,0.647,1094.78,9150000000,,,,,70.00,,,,8360000,2008,8358016,false,false,12,2022-04-01,2023-03-31,0
2023-05-10,37710,2022-03-31,,18158000000,0.124,,,,,2070000000,0.326,2098000000,0.328,1525000000,,0.408,182.50,,,,,,12653000000,8049000000,0.636,963.02,8049000000,,,,,60.00,,,,8360000,1928,8358072,false,false,12,2021-04-01,2022-03-31,-1
2023-05-10,37710,2024-03-31,,10934000000,0.073,,,,,,,801000000,-0.236,578000000,,0.232,69.25,,,,,,,,,,,,,,,,,,,,,,false,true,6,2023-04-01,2023-09-30,1
2023-05-10,37710,2024-03-31,,23786000000,0.136,,,,,,,2535000000,0.014,1814000000,,0.131,217.04,,,,,,,,,,,,,,,70.00,,,,,,,false,true,12,2023-04-01,2024-03-31,1
2023-07-28,37710,2024-03-31,1,5555000000,0.083,,,,,472000000,0.097,485000000,0.124,,367000000,,44.02,,,,,,13317000000,8919000000,0.668,,8906000000,,,,,,,,,,,,true,false,3,2023-04-01,2023-06-30,0
2023-07-28,37710,2023-03-31,1,5128000000,0.246,,,,,430000000,0.720,431000000,0.676,,42000000,,5.08,,,,,,,,,,,,,,,,,,,,,,true,false,3,2022-04-01,2022-06-30,-1
2023-07-28,37710,2024-03-31,1,10948000000,0.043,,,,,803000000,-0.248,803000000,-0.248,,580000000,,69.41,,,,,,,,,,,,,,,,,,,,,,true,true,6,2023-04-01,2023-09-30,0
2023-07-28,37710,2024-03-31,1,23815000000,0.104,,,,,2516000000,0.005,2542000000,0.010,,1817000000,,217.47,,,,,,,,,,,,,,,,,,,,,,true,true,12,2023-04-01,2024-03-31,0
2023-07-28,37710,2023-03-31,1,,,,,,,,,,,,,,,,,,,,14181000000,9135000000,0.643,,9123000000,,,,,,,,,,,,true,false,12,2022-04-01,2023-03-31,-1
2023-07-28,37710,2023-03-31,1,,,,,,,,,,,,,,,,,,,,,,,,,,,,,70.00,,,,8360000,2008,,false,false,12,2022-04-01,2023-03-31,-1
2023-07-28,37710,2024-03-31,1,,,,,,,,,,,,,,,,,,,,,,,,,,,,,70.00,,,,,,,false,true,12,2023-04-01,2024-03-31,0
2023-07-28,37710,2024-03-31,1,,,,,,,,,,,,,,,,,,,,,,,,,,,,,,,,,8360000,2042,8357975,false,false,3,2023-04-01,2023-06-30,0
2023-07-28,37710,2023-03-31,1,,,,,,,,,,,,,,,,,,,,,,,,,,,,,,,,,,,8358048,false,false,3,2022-04-01,2022-06-30,-1
2023-10-23,37710,2024-03-31,,11308000000,0.032,,,,,1186000000,0.477,1209000000,0.504,,898000000,,107.52,,,,,,,,,,,,,,,,,,,,,,true,true,6,2023-04-01,2023-09-30,0
2023-10-23,37710,2023-03-31,,10489000000,,,,,,1068000000,,1069000000,,,477000000,,57.16,,,,,,,,,,,,,,,,,,,,,,true,false,6,2022-04-01,2022-09-30,-1
2023-10-23,37710,2024-03-31,,11289000000,0.032,,,,,,,1197000000,0.494,842000000,,0.455,100.79,,,,,,,,,,,,,,,,,,,,,,false,true,6,2023-04-01,2023-09-30,0
2023-10-23,37710,2023-03-31,,10186000000,,,,,,,,1049000000,,469000000,,,56.16,,,,,,,,,,,,,,,,,,,,,,false,false,6,2022-04-01,2022-09-30,-1
2023-10-27,37710,2024-03-31,2,11308000000,0.078,,,,,1186000000,0.110,1209000000,0.130,,898000000,,107.52,,,,,,14335000000,9451000000,0.658,,9437000000,,,,,,,,,,,,true,false,6,2023-04-01,2023-09-30,0
2023-10-27,37710,2023-03-31,2,10489000000,0.232,,,,,1068000000,0.443,1069000000,0.429,,477000000,,57.16,,,,,,,,,,,,,,,,,,,,,,true,false,6,2022-04-01,2022-09-30,-1
2023-10-27,37710,2024-03-31,2,23815000000,0.104,,,,,2516000000,0.005,2542000000,0.010,,1817000000,,217.47,,,,,,,,,,,,,,,,,,,,,,true,true,12,2023-04-01,2024-03-31,0
2023-10-27,37710,2023-03-31,2,,,,,,,,,,,,,,,,,,,,14181000000,9135000000,0.643,,9123000000,,,,,,,,,,,,true,false,12,2022-04-01,2023-03-31,-1
2023-10-27,37710,2023-03-31,2,,,,,,,,,,,,,,,,,,,,,,,,,,,,,70.00,,,,8360000,2008,,false,false,12,2022-04-01,2023-03-31,-1
2023-10-27,37710,2024-03-31,2,,,,,,,,,,,,,,,,,,,,,,,,,,,,,0.00,,,,,,,false,false,12,2023-04-01,2024-03-31,0
2023-10-27,37710,2024-03-31,2,,,,,,,,,,,,,,,,,,,,,,,,,,,,,70.00,,,,,,,false,true,12,2023-04-01,2024-03-31,0
2023-10-27,37710,2024-03-31,2,,,,,,,,,,,,,,,,,,,,,,,,,,,,,,,,,8360000,2042,8357968,false,false,6,2023-04-01,2023-09-30,0
2023-10-27,37710,2023-03-31,2,,,,,,,,,,,,,,,,,,,,,,,,,,,,,,,,,,,8358037,false,false,6,2022-04-01,2022-09-30,-1
2024-01-31,37710,2024-03-31,3,17240000000,0.080,,,,,1965000000,0.111,1993000000,0.120,,1474000000,,176.43,,,,,,14938000000,10028000000,0.670,,10012000000,,,,,,,,,,,,true,false,9,2023-04-01,2023-12-31,0
2024-01-31,37710,2023-03-31,3,15953000000,0.208,,,,,1767000000,0.332,1778000000,0.328,,963000000,,115.27,,,,,,,,,,,,,,,,,,,,,,true,false,9,2022-04-01,2022-12-31,-1
2024-01-31,37710,2024-03-31,3,23815000000,0.104,,,,,2516000000,0.005,2542000000,0.010,,1817000000,,217.47,,,,,,,,,,,,,,,,,,,,,,true,true,12,2023-04-01,2024-03-31,0
2024-01-31,37710,2023-03-31,3,,,,,,,,,,,,,,,,,,,,14181000000,9135000000,0.643,,9123000000,,,,,,,,,,,,true,false,12,2022-04-01,2023-03-31,-1
2024-01-31,37710,2023-03-31,3,,,,,,,,,,,,,,,,,,,,,,,,,,,,,70.00,,,,8360000,2008,,false,false,12,2022-04-01,2023-03-31,-1
2024-01-31,37710,2024-03-31,3,,,,,,,,,,,,,,,,,,,,,,,,,,,,,0.00,,,,,,,false,false,12,2023-04-01,2024-03-31,0
2024-01-31,37710,2024-03-31,3,,,,,,,,,,,,,,,,,,,,,,,,,,,,,80.00,,,,,,,false,true,12,2023-04-01,2024-03-31,0
2024-01-31,37710,2024-03-31,3,,,,,,,,,,,,,,,,,,,,,,,,,,,,,,,,,8360000,2112,8357951,false,false,9,2023-04-01,2023-12-31,0
2024-01-31,37710,2023-03-31,3,,,,,,,,,,,,,,,,,,,,,,,,,,,,,,,,,,,8358024,false,false,9,2022-04-01,2022-12-31,-1
2024-05-08,37710,2024-03-31,,23320000000,0.081,,,,,2703000000,0.080,2768000000,0.100,,1969000000,,117.81,,0.200,0.182,0.115,,16145000000,10524000000,0.650,628.67,10508000000,2458000000,-926000000,-546000000,8321000000,,0.339,,,,,,true,false,12,2023-04-01,2024-03-31,0
2024-05-08,37710,2023-03-31,,21556000000,0.171,,,,,2501000000,0.203,2515000000,0.190,,1601000000,,95.80,,0.185,0.185,0.116,,14181000000,9135000000,0.643,545.77,9123000000,1796000000,-273000000,-501000000,7336000000,,0.365,,,,,,true,false,12,2022-04-01,2023-03-31,-1
2024-05-08,37710,2025-03-31,,12386000000,0.095,,,,,1045000000,-0.118,1076000000,-0.109,,778000000,,46.54,,,,,,,,,,,,,,,,,,,,,,true,true,6,2024-04-01,2024-09-30,1
2024-05-08,37710,2025-03-31,,26718000000,0.145,,,,,3084000000,0.140,3114000000,0.124,,2198000000,,131.53,,,,,,,,,,,,,,,,0.304,,,,,,true,true,12,2024-04-01,2025-03-31,1
2024-05-08,37710,2024-03-31,,23280000000,0.111,,,,,2695000000,0.080,2751000000,0.100,1910000000,,0.191,114.27,,,,,,16088000000,10476000000,0.651,626.75,10476000000,,,,,80.00,,,,16720000,4224,16715873,false,false,12,2023-04-01,2024-03-31,0
2024-05-08,37710,2023-03-31,,20936000000,0.153,,,,,2493000000,0.204,2499000000,0.191,1603000000,,0.051,95.94,,,,,,14131000000,9150000000,0.647,547.39,9150000000,,,,,70.00,,,,16720000,4016,16716032,false,false,12,2022-04-01,2023-03-31,-1
2024-05-08,37710,2025-03-31,,12364000000,0.095,,,,,,,1074000000,-0.103,776000000,,-0.077,46.46,,,,,,,,,,,,,,,,,,,,,,false,true,6,2024-04-01,2024-09-30,1
2024-05-08,37710,2025-03-31,,26675000000,0.145,,,,,,,3108000000,0.129,2195000000,,0.149,131.32,,,,,,,,,,,,,,,40.00,,,,,,,false,true,12,2024-04-01,2025-03-31,1
2024-07-26,37710,2025-03-31,1,6190000000,0.114,,,,,474000000,0.002,489000000,0.008,,352000000,,21.18,,,,,,14888000000,9985000000,0.669,,9969000000,,,,,,,,,,,,true,false,3,2024-04-01,2024-06-30,0
2024-07-26,37710,2024-03-31,1,5555000000,0.083,,,,,472000000,0.097,485000000,0.124,,367000000,,22.01,,,,,,,,,,,,,,,,,,,,,,true,false,3,2023-04-01,2023-06-30,-1
2024-07-26,37710,2025-03-31,1,12386000000,0.095,,,,,1045000000,-0.118,1076000000,-0.109,,778000000,,46.54,,,,,,,,,,,,,,,,,,,,,,true,true,6,2024-04-01,2024-09-30,0
2024-07-26,37710,2025-03-31,1,26718000000,0.145,,,,,3084000000,0.140,3114000000,0.124,,2198000000,,131.53,,,,,,,,,,,,,,,,,,,,,,true,true,12,2024-04-01,2025-03-31,0
2024-07-26,37710,2024-03-31,1,,,,,,,,,,,,,,,,,,,,16145000000,10524000000,0.650,,10508000000,,,,,,,,,,,,true,false,12,2023-04-01,2024-03-31,-1
2024-07-26,37710,2024-03-31,1,,,,,,,,,,,,,,,,,,,,,,,,,,,,,80.00,,,,16720000,4224,,false,false,12,2023-04-01,2024-03-31,-1
2024-07-26,37710,2025-03-31,1,,,,,,,,,,,,,,,,,,,,,,,,,,,,,40.00,,,,,,,false,true,12,2024-04-01,2025-03-31,0
2024-07-26,37710,2025-03-31,1,,,,,,,,,,,,,,,,,,,,,,,,,,,,,,,,,16720000,154224,16640776,false,false,3,2024-04-01,2024-06-30,0
2024-07-26,37710,2024-03-31,1,,,,,,,,,,,,,,,,,,,,,,,,,,,,,,,,,,,16715950,false,false,3,2023-04-01,2023-06-30,-1
2024-10-28,37710,2025-03-31,2,12635000000,0.117,,,,,1221000000,0.029,1238000000,0.024,,900000000,,54.21,,,,,,15584000000,10535000000,0.674,,10517000000,,,,,,,,,,,,true,false,6,2024-04-01,2024-09-30,0
2024-10-28,37710,2024-03-31,2,11308000000,0.078,,,,,1186000000,0.110,1209000000,0.130,,898000000,,53.76,,,,,,,,,,,,,,,,,,,,,,true,false,6,2023-04-01,2023-09-30,-1
2024-10-28,37710,2025-03-31,2,26718000000,0.145,,,,,3084000000,0.140,3114000000,0.124,,2198000000,,131.53,,,,,,,,,,,,,,,,,,,,,,true,true,12,2024-04-01,2025-03-31,0
2024-10-28,37710,2024-03-31,2,,,,,,,,,,,,,,,,,,,,16145000000,10524000000,0.650,,10508000000,,,,,,,,,,,,true,false,12,2023-04-01,2024-03-31,-1
2024-10-28,37710,2024-03-31,2,,,,,,,,,,,,,,,,,,,,,,,,,,,,,80.00,,,,16720000,4224,,false,false,12,2023-04-01,2024-03-31,-1
2024-10-28,37710,2025-03-31,2,,,,,,,,,,,,,,,,,,,,,,,,,,,,,0.00,,,,,,,false,false,12,2024-04-01,2025-03-31,0
2024-10-28,37710,2025-03-31,2,,,,,,,,,,,,,,,,,,,,,,,,,,,,,40.00,,,,,,,false,true,12,2024-04-01,2025-03-31,0
2024-10-28,37710,2025-03-31,2,,,,,,,,,,,,,,,,,,,,,,,,,,,,,,,,,16720000,154224,16608633,false,false,6,2024-04-01,2024-09-30,0
2024-10-28,37710,2024-03-31,2,,,,,,,,,,,,,,,,,,,,,,,,,,,,,,,,,,,16715935,false,false,6,2023-04-01,2023-09-30,-1
,37710,2025-03-31,,,,,,,,,,,,,,,,,,,,,,,,,,,,,,60.00,,,,,,,false,true,12,2024-04-01,2025-03-31,0
,37710,2025-03-31,,,,,,,,,,,,,,,,,,,,,,,,,,,,,,0.00,,,,,,,false,false,12,2024-04-01,2025-03-31,0
,37710,2024-03-31,,,,,,,,,,,,,,,,,,,,,,,,,,,,,,80.00,,,,,,,false,false,12,2023-04-01,2024-03-31,-1
2025-01-31,37710,2025-03-31,3,19213000000,0.114,,,,,2059000000,0.047,2121000000,0.064,,1554000000,,93.65,,,,,,16464000000,11188000000,0.678,,11170000000,,,,,,,,,,,,true,false,9,2024-04-01,2024-12-31,0
2025-01-31,37710,2024-03-31,3,17240000000,0.080,,,,,1965000000,0.111,1993000000,0.120,,1474000000,,88.21,,,,,,,,,,,,,,,,,,,,,,true,false,9,2023-04-01,2023-12-31,-1
2025-01-31,37710,2025-03-31,3,26718000000,0.145,,,,,3084000000,0.140,3114000000,0.124,,2198000000,,131.53,,,,,,,,,,,,,,,,,,,,,,true,true,12,2024-04-01,2025-03-31,0
2025-01-31,37710,2024-03-31,3,,,,,,,,,,,,,,,,,,,,16145000000,10524000000,0.650,,10508000000,,,,,,,,,,,,true,false,12,2023-04-01,2024-03-31,-1
2025-01-31,37710,2024-03-31,3,,,,,,,,,,,,,,,,,,,,,,,,,,,,,80.00,,,,16720000,4224,,false,false,12,2023-04-01,2024-03-31,-1
2025-01-31,37710,2025-03-31,3,,,,,,,,,,,,,,,,,,,,,,,,,,,,,0.00,,,,,,,false,false,12,2024-04-01,2025-03-31,0
2025-01-31,37710,2025-03-31,3,,,,,,,,,,,,,,,,,,,,,,,,,,,,,60.00,,,,,,,false,true,12,2024-04-01,2025-03-31,0
2025-01-31,37710,2025-03-31,3,,,,,,,,,,,,,,,,,,,,,,,,,,,,,,,,,16720000,154262,16595768,false,false,9,2024-04-01,2024-12-31,0
2025-01-31,37710,2024-03-31,3,,,,,,,,,,,,,,,,,,,,,,,,,,,,,,,,,,,16715901,false,false,9,2023-04-01,2023-12-31,-1
2025-05-08,37710,2025-03-31,,25931000000,0.111,,,,,2997000000,0.108,3066000000,0.107,,2194000000,,132.29,,0.196,0.182,0.115,,17526000000,11829000000,0.673,712.94,11810000000,2056000000,-1139000000,-1035000000,8203000000,,0.453,,,,,,true,false,12,2024-04-01,2025-03-31,0
2025-05-08,37710,2024-03-31,,23320000000,0.081,,,,,2703000000,0.080,2768000000,0.100,,1969000000,,117.81,,0.200,0.182,0.115,,16145000000,10524000000,0.650,628.67,10508000000,2458000000,-926000000,-546000000,8321000000,,0.339,,,,,,true,false,12,2023-04-01,2024-03-31,-1
2025-05-08,37710,2026-03-31,,13601000000,0.076,,,,,1214000000,-0.005,1231000000,-0.005,,865000000,,52.22,,,,,,,,,,,,,,,,,,,,,,true,true,6,2025-04-01,2025-09-30,1
2025-05-08,37710,2026-03-31,,29314000000,0.130,,,,,3445000000,0.149,3504000000,0.143,,2535000000,,153.07,,,,,,,,,,,,,,,,0.391,,,,,,true,true,12,2025-04-01,2026-03-31,1
2025-05-08,37710,2025-03-31,,25878000000,0.111,,,,,2990000000,0.109,3049000000,0.108,2186000000,,0.144,131.78,,,,,,17455000000,11769000000,0.674,710.48,11769000000,,,,,60.00,,,,16720000,154262,16588838,false,false,12,2024-04-01,2025-03-31,0
2025-05-08,37710,2024-03-31,,23280000000,0.111,,,,,2695000000,0.080,2751000000,0.100,1910000000,,0.191,114.27,,,,,,16088000000,10476000000,0.651,626.75,10476000000,,,,,80.00,,,,16720000,4224,16715873,false,false,12,2023-04-01,2024-03-31,-1
2025-05-08,37710,2026-03-31,,13572000000,0.074,,,,,,,1232000000,-0.004,865000000,,-0.038,52.25,,,,,,,,,,,,,,,,,,,,,,false,true,6,2025-04-01,2025-09-30,1
2025-05-08,37710,2026-03-31,,29255000000,0.130,,,,,,,3499000000,0.147,2532000000,,0.158,152.88,,,,,,,,,,,,,,,60.00,,,,,,,false,true,12,2025-04-01,2026-03-31,1
2025-07-28,37710,2026-03-31,1,6940000000,0.121,,,,,601000000,0.268,611000000,0.248,,441000000,,26.66,,,,,,16016000000,11278000000,0.702,,11258000000,,,,,,,,,,,,true,false,3,2025-04-01,2025-06-30,0
2025-07-28,37710,2025-03-31,1,6190000000,0.114,,,,,474000000,0.002,489000000,0.008,,352000000,,21.18,,,,,,,,,,,,,,,,,,,,,,true,false,3,2024-04-01,2024-06-30,-1
2025-07-28,37710,2026-03-31,1,13601000000,0.076,,,,,1214000000,-0.005,1231000000,-0.005,,865000000,,52.22,,,,,,,,,,,,,,,,,,,,,,true,true,6,2025-04-01,2025-09-30,0
2025-07-28,37710,2026-03-31,1,29314000000,0.130,,,,,3445000000,0.149,3504000000,0.143,,2535000000,,153.07,,,,,,,,,,,,,,,,,,,,,,true,true,12,2025-04-01,2026-03-31,0
2025-07-28,37710,2025-03-31,1,,,,,,,,,,,,,,,,,,,,17526000000,11829000000,0.673,,11810000000,,,,,,,,,,,,true,false,12,2024-04-01,2025-03-31,-1
2025-07-28,37710,2025-03-31,1,,,,,,,,,,,,,,,,,,,,,,,,,,,,,60.00,,,,16720000,154262,,false,false,12,2024-04-01,2025-03-31,-1
2025-07-28,37710,2026-03-31,1,,,,,,,,,,,,,,,,,,,,,,,,,,,,,60.00,,,,,,,false,true,12,2025-04-01,2026-03-31,0
2025-07-28,37710,2026-03-31,1,,,,,,,,,,,,,,,,,,,,,,,,,,,,,,,,,16720000,154262,16565738,false,false,3,2025-04-01,2025-06-30,0
2025-07-28,37710,2025-03-31,1,,,,,,,,,,,,,,,,,,,,,,,,,,,,,,,,,,,16640776,false,false,3,2024-04-01,2024-06-30,-1
