filing_date,code,fiscal_year_end,quarterly_period,net_sales,net_sales_change,revenue,revenue_change,operating_revenue,operating_revenue_change,operating_profit,operating_profit_change,ordinary_profit,ordinary_profit_change,net_income,net_income_of_parent,net_income_change,eps,diluted_eps,roe,roa,operating_profit_to_net_sales,operating_profit_to_revenue,total_assets,net_assets,equity_ratio,bps,owner_equity,operating_cash_flow,investing_cash_flow,financing_cash_flow,cash,dividend_per_share,payout_ratio,commemorative_dividend,extra_dividend,number_of_shares,number_of_treqsury_shares,avg_number_of_shares,is_consolidated,is_forecast,duration,period_start,period_end,period_pos
2015-07-27,37780,2016-03-31,1,2931000000,,,,,,291000000,,253000000,,,170000000,,19.63,,,,,,14409000000,4040000000,0.280,,4040000000,,,,,,,,,,,,true,false,3,2015-04-01,2015-06-30,0
2015-07-27,37780,2016-03-31,1,5800000000,,,,,,480000000,,400000000,,,270000000,,7.78,,,,,,,,,,,,,,,,,,,,,,true,true,6,2015-04-01,2015-09-30,0
2015-07-27,37780,2016-03-31,1,12000000000,,,,,,1050000000,,880000000,,,590000000,,17.00,,,,,,,,,,,,,,,,,,,,,,true,true,12,2015-04-01,2016-03-31,0
2015-07-27,37780,2015-03-31,1,,,,,,,,,,,,,,,,,,,,,,,,,,,,,10.00,,,,8677600,111,,false,false,12,2014-04-01,2015-03-31,-1
2015-07-27,37780,2016-03-31,1,,,,,,,,,,,,,,,,,,,,,,,,,,,,,2.50,,,,,,,false,true,12,2015-04-01,2016-03-31,0
2015-07-27,37780,2016-03-31,1,,,,,,,,,,,,,,,,,,,,,,,,,,,,,,,,,8677600,111,8677489,false,false,3,2015-04-01,2015-06-30,0
2015-07-27,37780,2015-03-31,1,,,,,,,,,,,,,,,,,,,,,,,,,,,,,,,,,,,8677489,false,false,3,2014-04-01,2014-06-30,-1
2015-10-26,37780,2016-03-31,2,5885000000,,,,,,488000000,,417000000,,,277000000,,8.00,,,,,,15003000000,4148000000,0.276,,4148000000,,,,,,,,,,,,true,false,6,2015-04-01,2015-09-30,0
2015-10-26,37780,2016-03-31,2,12000000000,,,,,,1050000000,,880000000,,,590000000,,17.00,,,,,,,,,,,,,,,,,,,,,,true,true,12,2015-04-01,2016-03-31,0
2015-10-26,37780,2015-03-31,2,,,,,,,,,,,,,,,,,,,,,,,,,,,,,10.00,,,,34710400,444,,false,false,12,2014-04-01,2015-03-31,-1
2015-10-26,37780,2016-03-31,2,,,,,,,,,,,,,,,,,,,,,,,,,,,,,0.00,,,,,,,false,false,12,2015-04-01,2016-03-31,0
2015-10-26,37780,2016-03-31,2,,,,,,,,,,,,,,,,,,,,,,,,,,,,,2.50,,,,,,,false,true,12,2015-04-01,2016-03-31,0
2015-10-26,37780,2016-03-31,2,,,,,,,,,,,,,,,,,,,,,,,,,,,,,,,,,34710400,444,34709956,false,false,6,2015-04-01,2015-09-30,0
2015-10-26,37780,2015-03-31,2,,,,,,,,,,,,,,,,,,,,,,,,,,,,,,,,,,,34709956,false,false,6,2014-04-01,2014-09-30,-1
2016-01-25,37780,2016-03-31,3,8973000000,,,,,,671000000,,551000000,,,362000000,,10.45,,,,,,16160000000,4233000000,0.262,,4233000000,,,,,,,,,,,,true,false,9,2015-04-01,2015-12-31,0
2016-01-25,37780,2016-03-31,3,12000000000,,,,,,1050000000,,880000000,,,590000000,,17.00,,,,,,,,,,,,,,,,,,,,,,true,true,12,2015-04-01,2016-03-31,0
2016-01-25,37780,2015-03-31,3,,,,,,,,,,,,,,,,,,,,,,,,,,,,,10.00,,,,34710400,444,,false,false,12,2014-04-01,2015-03-31,-1
2016-01-25,37780,2016-03-31,3,,,,,,,,,,,,,,,,,,,,,,,,,,,,,0.00,,,,,,,false,false,12,2015-04-01,2016-03-31,0
2016-01-25,37780,2016-03-31,3,,,,,,,,,,,,,,,,,,,,,,,,,,,,,2.50,,,,,,,false,true,12,2015-04-01,2016-03-31,0
2016-01-25,37780,2016-03-31,3,,,,,,,,,,,,,,,,,,,,,,,,,,,,,,,,,34710400,444,34709956,false,false,9,2015-04-01,2015-12-31,0
2016-01-25,37780,2015-03-31,3,,,,,,,,,,,,,,,,,,,,,,,,,,,,,,,,,,,34709956,false,false,9,2014-04-01,2014-12-31,-1
2016-04-25,37780,2016-03-31,,12086000000,,,,,,976000000,,822000000,,,553000000,,15.95,,0.132,0.050,0.081,,18588000000,4424000000,0.238,127.46,4424000000,1547000000,-2550000000,1940000000,4077000000,,0.157,,,,,,true,false,12,2015-04-01,2016-03-31,0
2016-04-25,37780,2017-03-31,,6700000000,0.138,,,,,400000000,-0.182,310000000,-0.257,,200000000,,5.76,,,,,,,,,,,,,,,,,,,,,,true,true,6,2016-04-01,2016-09-30,1
2016-04-25,37780,2017-03-31,,14500000000,0.200,,,,,1060000000,0.086,860000000,0.046,,570000000,,16.42,,,,,,,,,,,,,,,,0.152,,,,,,true,true,12,2016-04-01,2017-03-31,1
2016-04-25,37780,2016-03-31,,11831000000,0.119,,,,,963000000,-0.001,812000000,-0.053,538000000,,0.043,15.52,,,,,,18516000000,4409000000,0.238,127.03,4409000000,,,,,2.50,,,,34710400,444,34709956,false,false,12,2015-04-01,2016-03-31,0
2016-04-25,37780,2015-03-31,,10576000000,0.053,,,,,964000000,0.309,857000000,0.353,516000000,,0.461,14.88,,,,,,14097000000,3957000000,0.281,114.01,3957000000,,,,,10.00,,,,34710400,444,34709956,false,false,12,2014-04-01,2015-03-31,-1
2016-04-25,37780,2017-03-31,,,,,,,,,,,,,,,,,,,,,,,,,,,,,,2.50,,,,,,,false,true,12,2016-04-01,2017-03-31,1
2016-07-25,37780,2017-03-31,1,3224000000,0.100,,,,,291000000,0.002,251000000,-0.007,,156000000,,4.51,,,,,,18378000000,4493000000,0.245,,4493000000,,,,,,,,,,,,true,false,3,2016-04-01,2016-06-30,0
2016-07-25,37780,2016-03-31,1,2931000000,,,,,,291000000,,253000000,,,170000000,,4.91,,,,,,,,,,,,,,,,,,,,,,true,false,3,2015-04-01,2015-06-30,-1
2016-07-25,37780,2017-03-31,1,6700000000,0.138,,,,,400000000,-0.182,310000000,-0.257,,200000000,,5.76,,,,,,,,,,,,,,,,,,,,,,true,true,6,2016-04-01,2016-09-30,0
2016-07-25,37780,2017-03-31,1,14500000000,0.200,,,,,1060000000,0.086,860000000,0.046,,570000000,,16.42,,,,,,,,,,,,,,,,,,,,,,true,true,12,2016-04-01,2017-03-31,0
2016-07-25,37780,2016-03-31,1,,,,,,,,,,,,,,,,,,,,18588000000,4424000000,0.238,,4424000000,,,,,,,,,,,,true,false,12,2015-04-01,2016-03-31,-1
2016-07-25,37780,2016-03-31,1,,,,,,,,,,,,,,,,,,,,,,,,,,,,,2.50,,,,34710400,444,,false,false,12,2015-04-01,2016-03-31,-1
2016-07-25,37780,2017-03-31,1,,,,,,,,,,,,,,,,,,,,,,,,,,,,,2.50,,,,,,,false,true,12,2016-04-01,2017-03-31,0
2016-07-25,37780,2017-03-31,1,,,,,,,,,,,,,,,,,,,,,,,,,,,,,,,,,34710400,444,34709956,false,false,3,2016-04-01,2016-06-30,0
2016-07-25,37780,2016-03-31,1,,,,,,,,,,,,,,,,,,,,,,,,,,,,,,,,,,,34709956,false,false,3,2015-04-01,2015-06-30,-1
2016-10-24,37780,2017-03-31,2,6523000000,0.108,,,,,588000000,0.205,505000000,0.211,,318000000,,9.18,,,,,,18806000000,4655000000,0.248,,4655000000,,,,,,,,,,,,true,false,6,2016-04-01,2016-09-30,0
2016-10-24,37780,2016-03-31,2,5885000000,,,,,,488000000,,417000000,,,277000000,,8.00,,,,,,,,,,,,,,,,,,,,,,true,false,6,2015-04-01,2015-09-30,-1
2016-10-24,37780,2017-03-31,2,14500000000,0.200,,,,,1060000000,0.086,860000000,0.046,,570000000,,16.42,,,,,,,,,,,,,,,,,,,,,,true,true,12,2016-04-01,2017-03-31,0
2016-10-24,37780,2016-03-31,2,,,,,,,,,,,,,,,,,,,,18588000000,4424000000,0.238,,4424000000,,,,,,,,,,,,true,false,12,2015-04-01,2016-03-31,-1
2016-10-24,37780,2016-03-31,2,,,,,,,,,,,,,,,,,,,,,,,,,,,,,2.50,,,,34710400,444,,false,false,12,2015-04-01,2016-03-31,-1
2016-10-24,37780,2017-03-31,2,,,,,,,,,,,,,,,,,,,,,,,,,,,,,0.00,,,,,,,false,false,12,2016-04-01,2017-03-31,0
2016-10-24,37780,2017-03-31,2,,,,,,,,,,,,,,,,,,,,,,,,,,,,,2.50,,,,,,,false,true,12,2016-04-01,2017-03-31,0
2016-10-24,37780,2017-03-31,2,,,,,,,,,,,,,,,,,,,,,,,,,,,,,,,,,34710400,444,34709956,false,false,6,2016-04-01,2016-09-30,0
2016-10-24,37780,2016-03-31,2,,,,,,,,,,,,,,,,,,,,,,,,,,,,,,,,,,,34709956,false,false,6,2015-04-01,2015-09-30,-1
2016-10-24,37780,2017-03-31,,6523000000,-0.026,,,,,588000000,0.472,505000000,0.629,318000000,,0.593,9.18,,,,,,,,,,,,,,,,,,,,,,true,true,6,2016-04-01,2016-09-30,0
2016-10-24,37780,2016-03-31,,5885000000,,,,,,488000000,,417000000,,277000000,,,8.00,,,,,,,,,,,,,,,,,,,,,,true,false,6,2015-04-01,2015-09-30,-1
2017-01-30,37780,2017-03-31,3,9889000000,0.102,,,,,823000000,0.228,695000000,0.262,,444000000,,12.80,,,,,,21116000000,4781000000,0.226,,4781000000,,,,,,,,,,,,true,false,9,2016-04-01,2016-12-31,0
2017-01-30,37780,2016-03-31,3,8973000000,,,,,,671000000,,551000000,,,362000000,,10.45,,,,,,,,,,,,,,,,,,,,,,true,false,9,2015-04-01,2015-12-31,-1
2017-01-30,37780,2017-03-31,3,14500000000,0.200,,,,,1060000000,0.086,860000000,0.046,,570000000,,16.42,,,,,,,,,,,,,,,,,,,,,,true,true,12,2016-04-01,2017-03-31,0
2017-01-30,37780,2016-03-31,3,,,,,,,,,,,,,,,,,,,,18588000000,4424000000,0.238,,4424000000,,,,,,,,,,,,true,false,12,2015-04-01,2016-03-31,-1
2017-01-30,37780,2016-03-31,3,,,,,,,,,,,,,,,,,,,,,,,,,,,,,2.50,,,,34710400,444,,false,false,12,2015-04-01,2016-03-31,-1
2017-01-30,37780,2017-03-31,3,,,,,,,,,,,,,,,,,,,,,,,,,,,,,0.00,,,,,,,false,false,12,2016-04-01,2017-03-31,0
2017-01-30,37780,2017-03-31,3,,,,,,,,,,,,,,,,,,,,,,,,,,,,,2.50,,,,,,,false,true,12,2016-04-01,2017-03-31,0
2017-01-30,37780,2017-03-31,3,,,,,,,,,,,,,,,,,,,,,,,,,,,,,,,,,34710400,444,34709956,false,false,9,2016-04-01,2016-12-31,0
2017-01-30,37780,2016-03-31,3,,,,,,,,,,,,,,,,,,,,,,,,,,,,,,,,,,,34709956,false,false,9,2015-04-01,2015-12-31,-1
2017-02-20,37780,2017-03-31,,13930000000,-0.039,,,,,955000000,-0.099,750000000,-0.128,485000000,,-0.149,13.97,,,,,,,,,,,,,,,,,,,,,,true,true,12,2016-04-01,2017-03-31,0
2017-02-20,37780,2016-03-31,,12086000000,,,,,,976000000,,822000000,,553000000,,,15.95,,,,,,,,,,,,,,,,,,,,,,true,false,12,2015-04-01,2016-03-31,-1
2017-04-24,37780,2017-03-31,,13961000000,0.155,,,,,1018000000,0.043,804000000,-0.021,,548000000,,15.74,,0.091,0.036,0.073,,26005000000,7609000000,0.293,202.26,7609000000,1852000000,-5410000000,4349000000,4868000000,,0.159,,,,,,true,false,12,2016-04-01,2017-03-31,0
2017-04-24,37780,2016-03-31,,12086000000,,,,,,976000000,,822000000,,,553000000,,15.95,,0.132,0.050,0.081,,18588000000,4424000000,0.238,127.46,4424000000,1547000000,-2550000000,1940000000,4077000000,,0.157,,,,,,true,false,12,2015-04-01,2016-03-31,-1
2017-04-24,37780,2018-03-31,,8450000000,0.295,,,,,150000000,-0.745,65000000,-0.871,,25000000,,0.66,,,,,,,,,,,,,,,,,,,,,,true,true,6,2017-04-01,2017-09-30,1
2017-04-24,37780,2018-03-31,,19300000000,0.382,,,,,1050000000,0.031,870000000,0.082,,530000000,,14.09,,,,,,,,,,,,,,,,0.177,,,,,,true,true,12,2017-04-01,2018-03-31,1
2017-04-24,37780,2017-03-31,,13151000000,0.112,,,,,999000000,0.037,790000000,-0.026,548000000,,0.018,15.72,,,,,,25522000000,7593000000,0.298,201.86,7593000000,,,,,2.50,,,,37620700,444,34866429,false,false,12,2016-04-01,2017-03-31,0
2017-04-24,37780,2016-03-31,,11831000000,0.119,,,,,963000000,-0.001,812000000,-0.053,538000000,,0.043,15.52,,,,,,18516000000,4409000000,0.238,127.03,4409000000,,,,,2.50,,,,34710400,444,34709956,false,false,12,2015-04-01,2016-03-31,-1
2017-04-24,37780,2018-03-31,,,,,,,,,,,,,,,,,,,,,,,,,,,,,,2.50,,,,,,,false,true,12,2017-04-01,2018-03-31,1
2017-07-24,37780,2018-03-31,1,4014000000,0.245,,,,,114000000,-0.607,65000000,-0.741,,26000000,,0.70,,,,,,26067000000,7541000000,0.289,,7541000000,,,,,,,,,,,,true,false,3,2017-04-01,2017-06-30,0
2017-07-24,37780,2017-03-31,1,3224000000,0.100,,,,,291000000,0.002,251000000,-0.007,,156000000,,4.51,,,,,,,,,,,,,,,,,,,,,,true,false,3,2016-04-01,2016-06-30,-1
2017-07-24,37780,2018-03-31,1,8450000000,0.295,,,,,150000000,-0.745,65000000,-0.871,,25000000,,0.66,,,,,,,,,,,,,,,,,,,,,,true,true,6,2017-04-01,2017-09-30,0
2017-07-24,37780,2018-03-31,1,19300000000,0.382,,,,,1050000000,0.031,870000000,0.082,,530000000,,14.09,,,,,,,,,,,,,,,,,,,,,,true,true,12,2017-04-01,2018-03-31,0
2017-07-24,37780,2017-03-31,1,,,,,,,,,,,,,,,,,,,,26005000000,7609000000,0.293,,7609000000,,,,,,,,,,,,true,false,12,2016-04-01,2017-03-31,-1
2017-07-24,37780,2017-03-31,1,,,,,,,,,,,,,,,,,,,,,,,,,,,,,2.50,,,,37620700,444,,false,false,12,2016-04-01,2017-03-31,-1
2017-07-24,37780,2018-03-31,1,,,,,,,,,,,,,,,,,,,,,,,,,,,,,2.50,,,,,,,false,true,12,2017-04-01,2018-03-31,0
2017-07-24,37780,2018-03-31,1,,,,,,,,,,,,,,,,,,,,,,,,,,,,,,,,,37620700,444,37620256,false,false,3,2017-04-01,2017-06-30,0
2017-07-24,37780,2017-03-31,1,,,,,,,,,,,,,,,,,,,,,,,,,,,,,,,,,,,34709956,false,false,3,2016-04-01,2016-06-30,-1
2017-09-15,37780,2018-03-31,,8180000000,-0.032,,,,,280000000,0.867,200000000,2.077,90000000,,2.600,2.39,,,,,,,,,,,,,,,,,,,,,,true,true,6,2017-04-01,2017-09-30,0
2017-09-15,37780,2017-03-31,,6523000000,,,,,,588000000,,505000000,,318000000,,,9.08,,,,,,,,,,,,,,,,,,,,,,true,false,6,2016-04-01,2016-09-30,-1
2017-10-23,37780,2018-03-31,2,8120000000,0.245,,,,,303000000,-0.484,219000000,-0.565,,105000000,,2.79,,,,,,25891000000,7643000000,0.294,,7620000000,,,,,,,,,,,,true,false,6,2017-04-01,2017-09-30,0
2017-10-23,37780,2017-03-31,2,6523000000,0.108,,,,,588000000,0.205,505000000,0.211,,318000000,,9.18,,,,,,,,,,,,,,,,,,,,,,true,false,6,2016-04-01,2016-09-30,-1
2017-10-23,37780,2018-03-31,2,19300000000,0.382,,,,,1050000000,0.031,870000000,0.082,,530000000,,14.09,,,,,,,,,,,,,,,,,,,,,,true,true,12,2017-04-01,2018-03-31,0
2017-10-23,37780,2017-03-31,2,,,,,,,,,,,,,,,,,,,,26005000000,7609000000,0.293,,7609000000,,,,,,,,,,,,true,false,12,2016-04-01,2017-03-31,-1
2017-10-23,37780,2017-03-31,2,,,,,,,,,,,,,,,,,,,,,,,,,,,,,2.50,,,,37620700,444,,false,false,12,2016-04-01,2017-03-31,-1
2017-10-23,37780,2018-03-31,2,,,,,,,,,,,,,,,,,,,,,,,,,,,,,0.00,,,,,,,false,false,12,2017-04-01,2018-03-31,0
2017-10-23,37780,2018-03-31,2,,,,,,,,,,,,,,,,,,,,,,,,,,,,,2.50,,,,,,,false,true,12,2017-04-01,2018-03-31,0
2017-10-23,37780,2018-03-31,2,,,,,,,,,,,,,,,,,,,,,,,,,,,,,,,,,37620700,444,37620256,false,false,6,2017-04-01,2017-09-30,0
2017-10-23,37780,2017-03-31,2,,,,,,,,,,,,,,,,,,,,,,,,,,,,,,,,,,,34709956,false,false,6,2016-04-01,2016-09-30,-1
2018-01-29,37780,2018-03-31,3,12633000000,0.277,,,,,529000000,-0.357,399000000,-0.426,,219000000,,5.82,,,,,,25880000000,7750000000,0.299,,7734000000,,,,,,,,,,,,true,false,9,2017-04-01,2017-12-31,0
2018-01-29,37780,2017-03-31,3,9889000000,0.102,,,,,823000000,0.228,695000000,0.262,,444000000,,12.80,,,,,,,,,,,,,,,,,,,,,,true,false,9,2016-04-01,2016-12-31,-1
2018-01-29,37780,2018-03-31,3,19300000000,0.382,,,,,1050000000,0.031,870000000,0.082,,530000000,,14.09,,,,,,,,,,,,,,,,,,,,,,true,true,12,2017-04-01,2018-03-31,0
2018-01-29,37780,2017-03-31,3,,,,,,,,,,,,,,,,,,,,26005000000,7609000000,0.293,,7609000000,,,,,,,,,,,,true,false,12,2016-04-01,2017-03-31,-1
2018-01-29,37780,2017-03-31,3,,,,,,,,,,,,,,,,,,,,,,,,,,,,,2.50,,,,37620700,444,,false,false,12,2016-04-01,2017-03-31,-1
2018-01-29,37780,2018-03-31,3,,,,,,,,,,,,,,,,,,,,,,,,,,,,,0.00,,,,,,,false,false,12,2017-04-01,2018-03-31,0
2018-01-29,37780,2018-03-31,3,,,,,,,,,,,,,,,,,,,,,,,,,,,,,2.50,,,,,,,false,true,12,2017-04-01,2018-03-31,0
2018-01-29,37780,2018-03-31,3,,,,,,,,,,,,,,,,,,,,,,,,,,,,,,,,,37620700,444,37620256,false,false,9,2017-04-01,2017-12-31,0
2018-01-29,37780,2017-03-31,3,,,,,,,,,,,,,,,,,,,,,,,,,,,,,,,,,,,34709956,false,false,9,2016-04-01,2016-12-31,-1
2018-03-27,37780,2018-03-31,,17050000000,-0.117,,,,,730000000,-0.305,550000000,-0.368,,310000000,,8.24,,,,,,,,,,,,,,,,,,,,,,true,true,12,2017-04-01,2018-03-31,0
2018-03-27,37780,2017-03-31,,13961000000,,,,,,1018000000,,804000000,,,548000000,,15.74,,,,,,,,,,,,,,,,,,,,,,true,false,12,2016-04-01,2017-03-31,-1
2018-04-26,37780,2018-03-31,,17033000000,0.220,,,,,745000000,-0.267,574000000,-0.286,,349000000,,9.29,,0.045,0.022,0.044,,26111000000,7889000000,0.301,209.03,7863000000,3067000000,-1382000000,-1941000000,4612000000,,0.269,,,,,,true,false,12,2017-04-01,2018-03-31,0
2018-04-26,37780,2017-03-31,,13961000000,0.155,,,,,1018000000,0.043,804000000,-0.021,,548000000,,15.74,,0.091,0.036,0.073,,26005000000,7609000000,0.293,202.26,7609000000,1852000000,-5410000000,4349000000,4868000000,,0.159,,,,,,true,false,12,2016-04-01,2017-03-31,-1
2018-04-26,37780,2019-03-31,,9500000000,0.170,,,,,310000000,0.020,210000000,-0.043,,140000000,,3.72,,,,,,,,,,,,,,,,,,,,,,true,true,6,2018-04-01,2018-09-30,1
2018-04-26,37780,2019-03-31,,20400000000,0.198,,,,,1200000000,0.609,1000000000,0.741,,650000000,,17.28,,,,,,,,,,,,,,,,0.145,,,,,,true,true,12,2018-04-01,2019-03-31,1
2018-04-26,37780,2018-03-31,,14841000000,0.129,,,,,783000000,-0.216,612000000,-0.225,405000000,,-0.260,10.79,,,,,,25414000000,7905000000,0.311,210.13,7905000000,,,,,2.50,,,,37620700,444,37620256,false,false,12,2017-04-01,2018-03-31,0
2018-04-26,37780,2017-03-31,,13151000000,0.112,,,,,999000000,0.037,790000000,-0.026,548000000,,0.018,15.72,,,,,,25522000000,7593000000,0.298,201.86,7593000000,,,,,2.50,,,,37620700,444,34866429,false,false,12,2016-04-01,2017-03-31,-1
2018-04-26,37780,2019-03-31,,,,,,,,,,,,,,,,,,,,,,,,,,,,,,2.50,,,,,,,false,true,12,2018-04-01,2019-03-31,1
2018-07-27,37780,2019-03-31,1,4399000000,0.096,,,,,112000000,-0.021,63000000,-0.018,,39000000,,1.04,,,,,,25619000000,7833000000,0.305,,7808000000,,,,,,,,,,,,true,false,3,2018-04-01,2018-06-30,0
2018-07-27,37780,2018-03-31,1,4014000000,0.245,,,,,114000000,-0.607,65000000,-0.741,,26000000,,0.70,,,,,,,,,,,,,,,,,,,,,,true,false,3,2017-04-01,2017-06-30,-1
2018-07-27,37780,2019-03-31,1,9500000000,0.170,,,,,310000000,0.020,210000000,-0.043,,140000000,,3.72,,,,,,,,,,,,,,,,,,,,,,true,true,6,2018-04-01,2018-09-30,0
2018-07-27,37780,2019-03-31,1,20400000000,0.198,,,,,1200000000,0.609,1000000000,0.741,,650000000,,17.28,,,,,,,,,,,,,,,,,,,,,,true,true,12,2018-04-01,2019-03-31,0
2018-07-27,37780,2018-03-31,1,,,,,,,,,,,,,,,,,,,,26111000000,7889000000,0.301,,7863000000,,,,,,,,,,,,true,false,12,2017-04-01,2018-03-31,-1
2018-07-27,37780,2018-03-31,1,,,,,,,,,,,,,,,,,,,,,,,,,,,,,2.50,,,,37620700,444,,false,false,12,2017-04-01,2018-03-31,-1
2018-07-27,37780,2019-03-31,1,,,,,,,,,,,,,,,,,,,,,,,,,,,,,2.50,,,,,,,false,true,12,2018-04-01,2019-03-31,0
2018-07-27,37780,2019-03-31,1,,,,,,,,,,,,,,,,,,,,,,,,,,,,,,,,,37620700,444,37620256,false,false,3,2018-04-01,2018-06-30,0
2018-07-27,37780,2018-03-31,1,,,,,,,,,,,,,,,,,,,,,,,,,,,,,,,,,,,37620256,false,false,3,2017-04-01,2017-06-30,-1
2018-10-26,37780,2019-03-31,2,9014000000,0.110,,,,,283000000,-0.066,208000000,-0.049,,108000000,,2.88,,,,,,26268000000,7920000000,0.300,,7880000000,,,,,,,,,,,,true,false,6,2018-04-01,2018-09-30,0
2018-10-26,37780,2018-03-31,2,8120000000,0.245,,,,,303000000,-0.484,219000000,-0.565,,105000000,,2.79,,,,,,,,,,,,,,,,,,,,,,true,false,6,2017-04-01,2017-09-30,-1
2018-10-26,37780,2019-03-31,2,20400000000,0.198,,,,,1200000000,0.609,1000000000,0.741,,650000000,,17.28,,,,,,,,,,,,,,,,,,,,,,true,true,12,2018-04-01,2019-03-31,0
2018-10-26,37780,2018-03-31,2,,,,,,,,,,,,,,,,,,,,26111000000,7889000000,0.301,,7863000000,,,,,,,,,,,,true,false,12,2017-04-01,2018-03-31,-1
2018-10-26,37780,2018-03-31,2,,,,,,,,,,,,,,,,,,,,,,,,,,,,,2.50,,,,37620700,444,,false,false,12,2017-04-01,2018-03-31,-1
2018-10-26,37780,2019-03-31,2,,,,,,,,,,,,,,,,,,,,,,,,,,,,,0.00,,,,,,,false,false,12,2018-04-01,2019-03-31,0
2018-10-26,37780,2019-03-31,2,,,,,,,,,,,,,,,,,,,,,,,,,,,,,2.50,,,,,,,false,true,12,2018-04-01,2019-03-31,0
2018-10-26,37780,2019-03-31,2,,,,,,,,,,,,,,,,,,,,,,,,,,,,,,,,,37620700,444,37620256,false,false,6,2018-04-01,2018-09-30,0
2018-10-26,37780,2018-03-31,2,,,,,,,,,,,,,,,,,,,,,,,,,,,,,,,,,,,37620256,false,false,6,2017-04-01,2017-09-30,-1
2019-01-31,37780,2019-03-31,3,13943000000,0.104,,,,,438000000,-0.173,306000000,-0.234,,145000000,,3.87,,,,,,26622000000,7963000000,0.297,,7915000000,,,,,,,,,,,,true,false,9,2018-04-01,2018-12-31,0
2019-01-31,37780,2018-03-31,3,12633000000,0.277,,,,,529000000,-0.357,399000000,-0.426,,219000000,,5.82,,,,,,,,,,,,,,,,,,,,,,true,false,9,2017-04-01,2017-12-31,-1
2019-01-31,37780,2019-03-31,3,19400000000,0.139,,,,,410000000,-0.450,220000000,-0.617,,60000000,,1.59,,,,,,,,,,,,,,,,,,,,,,true,true,12,2018-04-01,2019-03-31,0
2019-01-31,37780,2018-03-31,3,,,,,,,,,,,,,,,,,,,,26111000000,7889000000,0.301,,7863000000,,,,,,,,,,,,true,false,12,2017-04-01,2018-03-31,-1
2019-01-31,37780,2018-03-31,3,,,,,,,,,,,,,,,,,,,,,,,,,,,,,2.50,,,,37620700,444,,false,false,12,2017-04-01,2018-03-31,-1
2019-01-31,37780,2019-03-31,3,,,,,,,,,,,,,,,,,,,,,,,,,,,,,0.00,,,,,,,false,false,12,2018-04-01,2019-03-31,0
2019-01-31,37780,2019-03-31,3,,,,,,,,,,,,,,,,,,,,,,,,,,,,,2.50,,,,,,,false,true,12,2018-04-01,2019-03-31,0
2019-01-31,37780,2019-03-31,3,,,,,,,,,,,,,,,,,,,,,,,,,,,,,,,,,37620700,444,37620256,false,false,9,2018-04-01,2018-12-31,0
2019-01-31,37780,2018-03-31,3,,,,,,,,,,,,,,,,,,,,,,,,,,,,,,,,,,,37620256,false,false,9,2017-04-01,2017-12-31,-1
2019-01-31,37780,2019-03-31,,19400000000,-0.049,,,,,410000000,-0.658,220000000,-0.780,,60000000,,1.59,,,,,,,,,,,,,,,,,,,,,,true,true,12,2018-04-01,2019-03-31,0
2019-01-31,37780,2018-03-31,,17033000000,,,,,,745000000,,574000000,,,349000000,,9.29,,,,,,,,,,,,,,,,,,,,,,true,false,12,2017-04-01,2018-03-31,-1
2019-04-26,37780,2019-03-31,,19501000000,0.145,,,,,567000000,-0.240,395000000,-0.311,,91000000,,2.44,,0.012,0.014,0.029,,31158000000,7344000000,0.233,199.06,7261000000,2231000000,-2576000000,1237000000,5505000000,,1.024,,,,,,true,false,12,2018-04-01,2019-03-31,0
2019-04-26,37780,2018-03-31,,17033000000,0.220,,,,,745000000,-0.267,574000000,-0.286,,349000000,,9.29,,0.045,0.022,0.044,,26111000000,7889000000,0.301,209.03,7863000000,3067000000,-1382000000,-1941000000,4612000000,,0.269,,,,,,true,false,12,2017-04-01,2018-03-31,-1
2019-04-26,37780,2020-03-31,,10950000000,0.215,,,,,270000000,-0.048,150000000,-0.281,,50000000,,1.37,,,,,,,,,,,,,,,,,,,,,,true,true,6,2019-04-01,2019-09-30,1
2019-04-26,37780,2020-03-31,,22900000000,0.174,,,,,720000000,0.269,480000000,0.213,,200000000,,5.48,,,,,,,,,,,,,,,,0.456,,,,,,true,true,12,2019-04-01,2020-03-31,1
2019-04-26,37780,2019-03-31,,16894000000,0.138,,,,,719000000,-0.082,575000000,-0.060,188000000,,-0.536,5.02,,,,,,28755000000,7400000000,0.257,202.86,7400000000,,,,,2.50,,,,37620700,1140644,37526961,false,false,12,2018-04-01,2019-03-31,0
2019-04-26,37780,2018-03-31,,14841000000,0.129,,,,,783000000,-0.216,612000000,-0.225,405000000,,-0.260,10.79,,,,,,25414000000,7905000000,0.311,210.13,7905000000,,,,,2.50,,,,37620700,444,37620256,false,false,12,2017-04-01,2018-03-31,-1
2019-04-26,37780,2020-03-31,,,,,,,,,,,,,,,,,,,,,,,,,,,,,,2.50,,,,,,,false,true,12,2019-04-01,2020-03-31,1
2019-07-29,37780,2020-03-31,1,5122000000,0.164,,,,,312000000,1.779,273000000,3.278,,159000000,,4.37,,,,,,29748000000,7416000000,0.246,,7330000000,,,,,,,,,,,,true,false,3,2019-04-01,2019-06-30,0
2019-07-29,37780,2019-03-31,1,4399000000,0.096,,,,,112000000,-0.021,63000000,-0.018,,39000000,,1.04,,,,,,,,,,,,,,,,,,,,,,true,false,3,2018-04-01,2018-06-30,-1
2019-07-29,37780,2020-03-31,1,10680000000,0.185,,,,,400000000,0.410,310000000,0.486,,160000000,,4.39,,,,,,,,,,,,,,,,,,,,,,true,true,6,2019-04-01,2019-09-30,0
2019-07-29,37780,2020-03-31,1,22900000000,0.174,,,,,720000000,0.269,480000000,0.213,,200000000,,5.48,,,,,,,,,,,,,,,,,,,,,,true,true,12,2019-04-01,2020-03-31,0
2019-07-29,37780,2019-03-31,1,,,,,,,,,,,,,,,,,,,,31158000000,7344000000,0.233,,7261000000,,,,,,,,,,,,true,false,12,2018-04-01,2019-03-31,-1
2019-07-29,37780,2019-03-31,1,,,,,,,,,,,,,,,,,,,,,,,,,,,,,2.50,,,,37620700,1140644,,false,false,12,2018-04-01,2019-03-31,-1
2019-07-29,37780,2020-03-31,1,,,,,,,,,,,,,,,,,,,,,,,,,,,,,2.50,,,,,,,false,true,12,2019-04-01,2020-03-31,0
2019-07-29,37780,2020-03-31,1,,,,,,,,,,,,,,,,,,,,,,,,,,,,,,,,,37620700,1140644,36480056,false,false,3,2019-04-01,2019-06-30,0
2019-07-29,37780,2019-03-31,1,,,,,,,,,,,,,,,,,,,,,,,,,,,,,,,,,,,37620256,false,false,3,2018-04-01,2018-06-30,-1
2019-07-29,37780,2020-03-31,,10680000000,-0.025,,,,,400000000,0.481,310000000,1.067,160000000,,2.200,4.39,,,,,,,,,,,,,,,,,,,,,,true,true,6,2019-04-01,2019-09-30,0
2019-07-29,37780,2019-03-31,,9014000000,,,,,,283000000,,208000000,,108000000,,,2.79,,,,,,,,,,,,,,,,,,,,,,true,false,6,2018-04-01,2018-09-30,-1
2019-10-29,37780,2020-03-31,2,10329000000,0.146,,,,,407000000,0.437,326000000,0.563,,177000000,,4.86,,,,,,29173000000,7450000000,0.252,,7347000000,,,,,,,,,,,,true,false,6,2019-04-01,2019-09-30,0
2019-10-29,37780,2019-03-31,2,9014000000,0.110,,,,,283000000,-0.066,208000000,-0.049,,108000000,,2.88,,,,,,,,,,,,,,,,,,,,,,true,false,6,2018-04-01,2018-09-30,-1
2019-10-29,37780,2020-03-31,2,22900000000,0.174,,,,,720000000,0.269,480000000,0.213,,200000000,,5.48,,,,,,,,,,,,,,,,,,,,,,true,true,12,2019-04-01,2020-03-31,0
2019-10-29,37780,2019-03-31,2,,,,,,,,,,,,,,,,,,,,31158000000,7344000000,0.233,,7261000000,,,,,,,,,,,,true,false,12,2018-04-01,2019-03-31,-1
2019-10-29,37780,2019-03-31,2,,,,,,,,,,,,,,,,,,,,,,,,,,,,,2.50,,,,37620700,1140644,,false,false,12,2018-04-01,2019-03-31,-1
2019-10-29,37780,2020-03-31,2,,,,,,,,,,,,,,,,,,,,,,,,,,,,,0.00,,,,,,,false,false,12,2019-04-01,2020-03-31,0
2019-10-29,37780,2020-03-31,2,,,,,,,,,,,,,,,,,,,,,,,,,,,,,2.50,,,,,,,false,true,12,2019-04-01,2020-03-31,0
2019-10-29,37780,2020-03-31,2,,,,,,,,,,,,,,,,,,,,,,,,,,,,,,,,,37620700,1140644,36480056,false,false,6,2019-04-01,2019-09-30,0
2019-10-29,37780,2019-03-31,2,,,,,,,,,,,,,,,,,,,,,,,,,,,,,,,,,,,37620256,false,false,6,2018-04-01,2018-09-30,-1
2020-01-31,37780,2020-03-31,3,15884000000,0.139,,,,,619000000,0.414,512000000,0.672,,127000000,,3.50,,,,,,28960000000,7403000000,0.252,,7299000000,,,,,,,,,,,,true,false,9,2019-04-01,2019-12-31,0
2020-01-31,37780,2019-03-31,3,13943000000,0.104,,,,,438000000,-0.173,306000000,-0.234,,145000000,,3.87,,,,,,,,,,,,,,,,,,,,,,true,false,9,2018-04-01,2018-12-31,-1
2020-01-31,37780,2020-03-31,3,21800000000,0.118,,,,,690000000,0.216,540000000,0.364,,140000000,,3.84,,,,,,,,,,,,,,,,,,,,,,true,true,12,2019-04-01,2020-03-31,0
2020-01-31,37780,2019-03-31,3,,,,,,,,,,,,,,,,,,,,31158000000,7344000000,0.233,,7261000000,,,,,,,,,,,,true,false,12,2018-04-01,2019-03-31,-1
2020-01-31,37780,2019-03-31,3,,,,,,,,,,,,,,,,,,,,,,,,,,,,,2.50,,,,37620700,1140644,,false,false,12,2018-04-01,2019-03-31,-1
2020-01-31,37780,2020-03-31,3,,,,,,,,,,,,,,,,,,,,,,,,,,,,,0.00,,,,,,,false,false,12,2019-04-01,2020-03-31,0
2020-01-31,37780,2020-03-31,3,,,,,,,,,,,,,,,,,,,,,,,,,,,,,2.50,,,,,,,false,true,12,2019-04-01,2020-03-31,0
2020-01-31,37780,2020-03-31,3,,,,,,,,,,,,,,,,,,,,,,,,,,,,,,,,,37620700,1140644,36480056,false,false,9,2019-04-01,2019-12-31,0
2020-01-31,37780,2019-03-31,3,,,,,,,,,,,,,,,,,,,,,,,,,,,,,,,,,,,37620256,false,false,9,2018-04-01,2018-12-31,-1
2020-01-31,37780,2020-03-31,,21800000000,-0.048,,,,,690000000,-0.042,540000000,0.125,140000000,,-0.300,3.84,,,,,,,,,,,,,,,,,,,,,,true,true,12,2019-04-01,2020-03-31,0
2020-01-31,37780,2019-03-31,,19501000000,,,,,,567000000,,395000000,,91000000,,,2.44,,,,,,,,,,,,,,,,,,,,,,true,false,12,2018-04-01,2019-03-31,-1
2020-04-27,37780,2020-03-31,,21908000000,0.123,,,,,939000000,0.656,789000000,0.995,,160000000,,4.39,,0.022,0.026,0.043,,28787000000,7424000000,0.255,201.10,7336000000,4582000000,-2973000000,-2541000000,4572000000,,0.570,,,,,,true,false,12,2019-04-01,2020-03-31,0
2020-04-27,37780,2019-03-31,,19501000000,0.145,,,,,567000000,-0.240,395000000,-0.311,,91000000,,2.44,,0.012,0.014,0.029,,31158000000,7344000000,0.233,199.06,7261000000,2231000000,-2576000000,1237000000,5505000000,,1.024,,,,,,true,false,12,2018-04-01,2019-03-31,-1
2020-04-27,37780,2021-03-31,,10900000000,0.055,,,,,260000000,-0.362,180000000,-0.448,,90000000,,2.47,,,,,,,,,,,,,,,,,,,,,,true,true,6,2020-04-01,2020-09-30,1
2020-04-27,37780,2021-03-31,,23400000000,0.068,,,,,740000000,-0.212,580000000,-0.265,,350000000,,9.59,,,,,,,,,,,,,,,,0.261,,,,,,true,true,12,2020-04-01,2021-03-31,1
2020-04-27,37780,2020-03-31,,18547000000,0.098,,,,,811000000,0.128,658000000,0.144,86000000,,-0.541,2.37,,,,,,27326000000,7395000000,0.271,202.73,7395000000,,,,,2.50,,,,37620700,1140644,36480056,false,false,12,2019-04-01,2020-03-31,0
2020-04-27,37780,2019-03-31,,16894000000,0.138,,,,,719000000,-0.082,575000000,-0.060,188000000,,-0.536,5.02,,,,,,28755000000,7400000000,0.257,202.86,7400000000,,,,,2.50,,,,37620700,1140644,37526961,false,false,12,2018-04-01,2019-03-31,-1
2020-04-27,37780,2021-03-31,,,,,,,,,,,,,,,,,,,,,,,,,,,,,,2.50,,,,,,,false,true,12,2020-04-01,2021-03-31,1
2020-07-29,37780,2021-03-31,1,5270000000,0.029,,,,,269000000,-0.137,216000000,-0.207,,161000000,,4.43,,,,,,29817000000,7494000000,0.248,,7406000000,,,,,,,,,,,,true,false,3,2020-04-01,2020-06-30,0
2020-07-29,37780,2020-03-31,1,5122000000,0.164,,,,,312000000,1.779,273000000,3.278,,159000000,,4.37,,,,,,,,,,,,,,,,,,,,,,true,false,3,2019-04-01,2019-06-30,-1
2020-07-29,37780,2021-03-31,1,10900000000,0.055,,,,,260000000,-0.362,180000000,-0.448,,90000000,,2.47,,,,,,,,,,,,,,,,,,,,,,true,true,6,2020-04-01,2020-09-30,0
2020-07-29,37780,2021-03-31,1,23400000000,0.068,,,,,740000000,-0.212,580000000,-0.265,,350000000,,9.59,,,,,,,,,,,,,,,,,,,,,,true,true,12,2020-04-01,2021-03-31,0
2020-07-29,37780,2020-03-31,1,,,,,,,,,,,,,,,,,,,,28787000000,7424000000,0.255,,7336000000,,,,,,,,,,,,true,false,12,2019-04-01,2020-03-31,-1
2020-07-29,37780,2020-03-31,1,,,,,,,,,,,,,,,,,,,,,,,,,,,,,2.50,,,,37620700,1140644,,false,false,12,2019-04-01,2020-03-31,-1
2020-07-29,37780,2021-03-31,1,,,,,,,,,,,,,,,,,,,,,,,,,,,,,2.50,,,,,,,false,true,12,2020-04-01,2021-03-31,0
2020-07-29,37780,2021-03-31,1,,,,,,,,,,,,,,,,,,,,,,,,,,,,,,,,,37620700,1140644,36480056,false,false,3,2020-04-01,2020-06-30,0
2020-07-29,37780,2020-03-31,1,,,,,,,,,,,,,,,,,,,,,,,,,,,,,,,,,,,36480056,false,false,3,2019-04-01,2019-06-30,-1
2020-10-27,37780,2021-03-31,2,10695000000,0.035,,,,,601000000,0.475,516000000,0.583,,326000000,,8.96,,,,,,29550000000,7664000000,0.256,,7572000000,,,,,,,,,,,,true,false,6,2020-04-01,2020-09-30,0
2020-10-27,37780,2020-03-31,2,10329000000,0.146,,,,,407000000,0.437,326000000,0.563,,177000000,,4.86,,,,,,,,,,,,,,,,,,,,,,true,false,6,2019-04-01,2019-09-30,-1
2020-10-27,37780,2021-03-31,2,23400000000,0.068,,,,,740000000,-0.212,580000000,-0.265,,350000000,,9.59,,,,,,,,,,,,,,,,,,,,,,true,true,12,2020-04-01,2021-03-31,0
2020-10-27,37780,2020-03-31,2,,,,,,,,,,,,,,,,,,,,28787000000,7424000000,0.255,,7336000000,,,,,,,,,,,,true,false,12,2019-04-01,2020-03-31,-1
2020-10-27,37780,2020-03-31,2,,,,,,,,,,,,,,,,,,,,,,,,,,,,,2.50,,,,37620700,1140644,,false,false,12,2019-04-01,2020-03-31,-1
2020-10-27,37780,2021-03-31,2,,,,,,,,,,,,,,,,,,,,,,,,,,,,,0.00,,,,,,,false,false,12,2020-04-01,2021-03-31,0
2020-10-27,37780,2021-03-31,2,,,,,,,,,,,,,,,,,,,,,,,,,,,,,2.50,,,,,,,false,true,12,2020-04-01,2021-03-31,0
2020-10-27,37780,2021-03-31,2,,,,,,,,,,,,,,,,,,,,,,,,,,,,,,,,,37620700,1140644,36480056,false,false,6,2020-04-01,2020-09-30,0
2020-10-27,37780,2020-03-31,2,,,,,,,,,,,,,,,,,,,,,,,,,,,,,,,,,,,36480056,false,false,6,2019-04-01,2019-09-30,-1
2021-01-29,37780,2021-03-31,3,16003000000,0.008,,,,,905000000,0.461,769000000,0.503,,519000000,,14.23,,,,,,28223000000,7860000000,0.275,,7765000000,,,,,,,,,,,,true,false,9,2020-04-01,2020-12-31,0
2021-01-29,37780,2020-03-31,3,15884000000,0.139,,,,,619000000,0.414,512000000,0.672,,127000000,,3.50,,,,,,,,,,,,,,,,,,,,,,true,false,9,2019-04-01,2019-12-31,-1
2021-01-29,37780,2021-03-31,3,22000000000,0.004,,,,,1060000000,0.129,850000000,0.076,,550000000,,15.08,,,,,,,,,,,,,,,,,,,,,,true,true,12,2020-04-01,2021-03-31,0
2021-01-29,37780,2020-03-31,3,,,,,,,,,,,,,,,,,,,,28787000000,7424000000,0.255,,7336000000,,,,,,,,,,,,true,false,12,2019-04-01,2020-03-31,-1
2021-01-29,37780,2020-03-31,3,,,,,,,,,,,,,,,,,,,,,,,,,,,,,2.50,,,,37620700,1140644,,false,false,12,2019-04-01,2020-03-31,-1
2021-01-29,37780,2021-03-31,3,,,,,,,,,,,,,,,,,,,,,,,,,,,,,0.00,,,,,,,false,false,12,2020-04-01,2021-03-31,0
2021-01-29,37780,2021-03-31,3,,,,,,,,,,,,,,,,,,,,,,,,,,,,,2.50,,,,,,,false,true,12,2020-04-01,2021-03-31,0
2021-01-29,37780,2021-03-31,3,,,,,,,,,,,,,,,,,,,,,,,,,,,,,,,,,37620700,1140644,36480056,false,false,9,2020-04-01,2020-12-31,0
2021-01-29,37780,2020-03-31,3,,,,,,,,,,,,,,,,,,,,,,,,,,,,,,,,,,,36480056,false,false,9,2019-04-01,2019-12-31,-1
2021-01-29,37780,2021-03-31,,22000000000,-0.060,,,,,1060000000,0.432,850000000,0.466,550000000,,0.571,15.08,,,,,,,,,,,,,,,,,,,,,,true,true,12,2020-04-01,2021-03-31,0
2021-01-29,37780,2020-03-31,,21908000000,,,,,,939000000,,789000000,,160000000,,,4.39,,,,,,,,,,,,,,,,,,,,,,true,false,12,2019-04-01,2020-03-31,-1
2021-04-27,37780,2021-03-31,,22168000000,0.012,,,,,1372000000,0.461,1099000000,0.393,,758000000,,20.79,,0.099,0.039,0.062,,27975000000,8113000000,0.286,219.41,8004000000,4110000000,-1359000000,-3148000000,4174000000,,0.144,,,,,,true,false,12,2020-04-01,2021-03-31,0
2021-04-27,37780,2020-03-31,,21908000000,0.123,,,,,939000000,0.656,789000000,0.995,,160000000,,4.39,,0.022,0.026,0.043,,28787000000,7424000000,0.255,201.10,7336000000,4582000000,-2973000000,-2541000000,4572000000,,0.570,,,,,,true,false,12,2019-04-01,2020-03-31,-1
2021-04-27,37780,2022-03-31,,9250000000,-0.135,,,,,-180000000,,-260000000,,,-200000000,,-5.48,,,,,,,,,,,,,,,,,,,,,,true,true,6,2021-04-01,2021-09-30,1
2021-04-27,37780,2022-03-31,,19500000000,-0.120,,,,,400000000,-0.709,250000000,-0.773,,140000000,,3.84,,,,,,,,,,,,,,,,0.782,,,,,,true,true,12,2021-04-01,2022-03-31,1
2021-04-27,37780,2021-03-31,,18423000000,-0.007,,,,,961000000,0.185,712000000,0.081,465000000,,4.384,12.76,,,,,,25888000000,7769000000,0.300,212.99,7769000000,,,,,3.00,,,,37620700,1140644,36480056,false,false,12,2020-04-01,2021-03-31,0
2021-04-27,37780,2020-03-31,,18547000000,0.098,,,,,811000000,0.128,658000000,0.144,86000000,,-0.541,2.37,,,,,,27326000000,7395000000,0.271,202.73,7395000000,,,,,2.50,,,,37620700,1140644,36480056,false,false,12,2019-04-01,2020-03-31,-1
2021-04-27,37780,2022-03-31,,,,,,,,,,,,,,,,,,,,,,,,,,,,,,3.00,,,,,,,false,true,12,2021-04-01,2022-03-31,1
2021-07-29,37780,2022-03-31,1,4819000000,-0.085,,,,,111000000,-0.588,67000000,-0.689,,50000000,,1.38,,,,,,27292000000,8195000000,0.296,,8089000000,,,,,,,,,,,,true,false,3,2021-04-01,2021-06-30,0
2021-07-29,37780,2021-03-31,1,5270000000,0.029,,,,,269000000,-0.137,216000000,-0.207,,161000000,,4.43,,,,,,,,,,,,,,,,,,,,,,true,false,3,2020-04-01,2020-06-30,-1
2021-07-29,37780,2022-03-31,1,9250000000,-0.135,,,,,-180000000,,-260000000,,,-200000000,,-5.48,,,,,,,,,,,,,,,,,,,,,,true,true,6,2021-04-01,2021-09-30,0
2021-07-29,37780,2022-03-31,1,19500000000,-0.120,,,,,400000000,-0.709,250000000,-0.773,,140000000,,3.84,,,,,,,,,,,,,,,,,,,,,,true,true,12,2021-04-01,2022-03-31,0
2021-07-29,37780,2021-03-31,1,,,,,,,,,,,,,,,,,,,,27975000000,8113000000,0.286,,8004000000,,,,,,,,,,,,true,false,12,2020-04-01,2021-03-31,-1
2021-07-29,37780,2021-03-31,1,,,,,,,,,,,,,,,,,,,,,,,,,,,,,3.00,,,,37620700,1140644,,false,false,12,2020-04-01,2021-03-31,-1
2021-07-29,37780,2022-03-31,1,,,,,,,,,,,,,,,,,,,,,,,,,,,,,3.00,,,,,,,false,true,12,2021-04-01,2022-03-31,0
2021-07-29,37780,2022-03-31,1,,,,,,,,,,,,,,,,,,,,,,,,,,,,,,,,,37620700,1140644,36480056,false,false,3,2021-04-01,2021-06-30,0
2021-07-29,37780,2021-03-31,1,,,,,,,,,,,,,,,,,,,,,,,,,,,,,,,,,,,36480056,false,false,3,2020-04-01,2020-06-30,-1
2021-10-27,37780,2022-03-31,2,9662000000,-0.097,,,,,197000000,-0.671,129000000,-0.750,,-69000000,,-1.90,,,,,,26692000000,8077000000,0.299,,7970000000,,,,,,,,,,,,true,false,6,2021-04-01,2021-09-30,0
2021-10-27,37780,2021-03-31,2,10695000000,0.035,,,,,601000000,0.475,516000000,0.583,,326000000,,8.96,,,,,,,,,,,,,,,,,,,,,,true,false,6,2020-04-01,2020-09-30,-1
2021-10-27,37780,2022-03-31,2,19700000000,-0.111,,,,,640000000,-0.534,530000000,-0.518,,190000000,,5.21,,,,,,,,,,,,,,,,,,,,,,true,true,12,2021-04-01,2022-03-31,0
2021-10-27,37780,2021-03-31,2,,,,,,,,,,,,,,,,,,,,27975000000,8113000000,0.286,,8004000000,,,,,,,,,,,,true,false,12,2020-04-01,2021-03-31,-1
2021-10-27,37780,2021-03-31,2,,,,,,,,,,,,,,,,,,,,,,,,,,,,,3.00,,,,37620700,1140644,,false,false,12,2020-04-01,2021-03-31,-1
2021-10-27,37780,2022-03-31,2,,,,,,,,,,,,,,,,,,,,,,,,,,,,,0.00,,,,,,,false,false,12,2021-04-01,2022-03-31,0
2021-10-27,37780,2022-03-31,2,,,,,,,,,,,,,,,,,,,,,,,,,,,,,3.00,,,,,,,false,true,12,2021-04-01,2022-03-31,0
2021-10-27,37780,2022-03-31,2,,,,,,,,,,,,,,,,,,,,,,,,,,,,,,,,,37620700,1140644,36480056,false,false,6,2021-04-01,2021-09-30,0
2021-10-27,37780,2021-03-31,2,,,,,,,,,,,,,,,,,,,,,,,,,,,,,,,,,,,36480056,false,false,6,2020-04-01,2020-09-30,-1
2022-01-31,37780,2022-03-31,3,14622000000,-0.086,,,,,438000000,-0.515,352000000,-0.541,,77000000,,2.13,,,,,,26077000000,8227000000,0.311,,8118000000,,,,,,,,,,,,true,false,9,2021-04-01,2021-12-31,0
2022-01-31,37780,2021-03-31,3,16003000000,0.008,,,,,905000000,0.461,769000000,0.503,,519000000,,14.23,,,,,,,,,,,,,,,,,,,,,,true,false,9,2020-04-01,2020-12-31,-1
2022-01-31,37780,2022-03-31,3,19700000000,-0.111,,,,,640000000,-0.534,530000000,-0.518,,190000000,,5.21,,,,,,,,,,,,,,,,,,,,,,true,true,12,2021-04-01,2022-03-31,0
2022-01-31,37780,2021-03-31,3,,,,,,,,,,,,,,,,,,,,27975000000,8113000000,0.286,,8004000000,,,,,,,,,,,,true,false,12,2020-04-01,2021-03-31,-1
2022-01-31,37780,2021-03-31,3,,,,,,,,,,,,,,,,,,,,,,,,,,,,,3.00,,,,37620700,1140644,,false,false,12,2020-04-01,2021-03-31,-1
2022-01-31,37780,2022-03-31,3,,,,,,,,,,,,,,,,,,,,,,,,,,,,,0.00,,,,,,,false,false,12,2021-04-01,2022-03-31,0
2022-01-31,37780,2022-03-31,3,,,,,,,,,,,,,,,,,,,,,,,,,,,,,3.00,,,,,,,false,true,12,2021-04-01,2022-03-31,0
2022-01-31,37780,2022-03-31,3,,,,,,,,,,,,,,,,,,,,,,,,,,,,,,,,,37620700,1140644,36480056,false,false,9,2021-04-01,2021-12-31,0
2022-01-31,37780,2021-03-31,3,,,,,,,,,,,,,,,,,,,,,,,,,,,,,,,,,,,36480056,false,false,9,2020-04-01,2020-12-31,-1
2022-04-27,37780,2022-03-31,,20019000000,-0.097,,,,,763000000,-0.444,649000000,-0.409,,275000000,,7.55,,0.034,0.023,0.038,,28396000000,8449000000,0.293,228.01,8317000000,3957000000,-1674000000,-1005000000,5452000000,,0.397,,,,,,true,false,12,2021-04-01,2022-03-31,0
2022-04-27,37780,2021-03-31,,22168000000,0.012,,,,,1372000000,0.461,1099000000,0.393,,758000000,,20.79,,0.099,0.039,0.062,,27975000000,8113000000,0.286,219.41,8004000000,4110000000,-1359000000,-3148000000,4174000000,,0.144,,,,,,true,false,12,2020-04-01,2021-03-31,-1
2022-04-27,37780,2023-03-31,,9400000000,-0.027,,,,,250000000,0.264,180000000,0.395,,130000000,,3.56,,,,,,,,,,,,,,,,,,,,,,true,true,6,2022-04-01,2022-09-30,1
2022-04-27,37780,2023-03-31,,20350000000,0.017,,,,,1390000000,0.821,1230000000,0.894,,800000000,,21.93,,,,,,,,,,,,,,,,0.160,,,,,,true,true,12,2022-04-01,2023-03-31,1
2022-04-27,37780,2022-03-31,,16995000000,-0.078,,,,,449000000,-0.532,333000000,-0.532,28000000,,-0.939,0.78,,,,,,25202000000,7870000000,0.312,215.74,7870000000,,,,,3.00,,,,37620700,1140644,36480056,false,false,12,2021-04-01,2022-03-31,0
2022-04-27,37780,2021-03-31,,18423000000,-0.007,,,,,961000000,0.185,712000000,0.081,465000000,,4.384,12.76,,,,,,25888000000,7769000000,0.300,212.99,7769000000,,,,,3.00,,,,37620700,1140644,36480056,false,false,12,2020-04-01,2021-03-31,-1
2022-04-27,37780,2023-03-31,,,,,,,,,,,,,,,,,,,,,,,,,,,,,,3.50,,,,,,,false,true,12,2022-04-01,2023-03-31,1
2022-07-28,37780,2023-03-31,1,4964000000,0.030,,,,,244000000,1.206,214000000,2.185,,142000000,,3.92,,,,,,26571000000,8496000000,0.315,,8366000000,,,,,,,,,,,,true,false,3,2022-04-01,2022-06-30,0
2022-07-28,37780,2022-03-31,1,4819000000,-0.085,,,,,111000000,-0.588,67000000,-0.689,,50000000,,1.38,,,,,,,,,,,,,,,,,,,,,,true,false,3,2021-04-01,2021-06-30,-1
2022-07-28,37780,2023-03-31,1,9970000000,0.032,,,,,370000000,0.870,320000000,1.480,,220000000,,6.01,,,,,,,,,,,,,,,,,,,,,,true,true,6,2022-04-01,2022-09-30,0
2022-07-28,37780,2023-03-31,1,20350000000,0.017,,,,,1390000000,0.821,1230000000,0.894,,800000000,,21.77,,,,,,,,,,,,,,,,,,,,,,true,true,12,2022-04-01,2023-03-31,0
2022-07-28,37780,2022-03-31,1,,,,,,,,,,,,,,,,,,,,28396000000,8449000000,0.293,,8317000000,,,,,,,,,,,,true,false,12,2021-04-01,2022-03-31,-1
2022-07-28,37780,2022-03-31,1,,,,,,,,,,,,,,,,,,,,,,,,,,,,,3.00,,,,37620700,1140644,,false,false,12,2021-04-01,2022-03-31,-1
2022-07-28,37780,2023-03-31,1,,,,,,,,,,,,,,,,,,,,,,,,,,,,,3.50,,,,,,,false,true,12,2022-04-01,2023-03-31,0
2022-07-28,37780,2023-03-31,1,,,,,,,,,,,,,,,,,,,,,,,,,,,,,,,,,37620700,1140644,36480056,false,false,3,2022-04-01,2022-06-30,0
2022-07-28,37780,2022-03-31,1,,,,,,,,,,,,,,,,,,,,,,,,,,,,,,,,,,,36480056,false,false,3,2021-04-01,2021-06-30,-1
2022-10-28,37780,2023-03-31,2,9989000000,0.034,,,,,436000000,1.206,377000000,1.926,,247000000,,6.76,,,,,,26812000000,8664000000,0.318,,8536000000,,,,,,,,,,,,true,false,6,2022-04-01,2022-09-30,0
2022-10-28,37780,2022-03-31,2,9662000000,-0.097,,,,,197000000,-0.671,129000000,-0.750,,-69000000,,-1.90,,,,,,,,,,,,,,,,,,,,,,true,false,6,2021-04-01,2021-09-30,-1
2022-10-28,37780,2023-03-31,2,20350000000,0.017,,,,,1390000000,0.821,1230000000,0.894,,800000000,,21.77,,,,,,,,,,,,,,,,,,,,,,true,true,12,2022-04-01,2023-03-31,0
2022-10-28,37780,2022-03-31,2,,,,,,,,,,,,,,,,,,,,28396000000,8449000000,0.293,,8317000000,,,,,,,,,,,,true,false,12,2021-04-01,2022-03-31,-1
2022-10-28,37780,2022-03-31,2,,,,,,,,,,,,,,,,,,,,,,,,,,,,,3.00,,,,37620700,1140644,,false,false,12,2021-04-01,2022-03-31,-1
2022-10-28,37780,2023-03-31,2,,,,,,,,,,,,,,,,,,,,,,,,,,,,,0.00,,,,,,,false,false,12,2022-04-01,2023-03-31,0
2022-10-28,37780,2023-03-31,2,,,,,,,,,,,,,,,,,,,,,,,,,,,,,3.50,,,,,,,false,true,12,2022-04-01,2023-03-31,0
2022-10-28,37780,2023-03-31,2,,,,,,,,,,,,,,,,,,,,,,,,,,,,,,,,,37620700,1015644,36538166,false,false,6,2022-04-01,2022-09-30,0
2022-10-28,37780,2022-03-31,2,,,,,,,,,,,,,,,,,,,,,,,,,,,,,,,,,,,36480056,false,false,6,2021-04-01,2021-09-30,-1
2023-01-31,37780,2023-03-31,3,15043000000,0.029,,,,,694000000,0.581,615000000,0.744,,417000000,,11.42,,,,,,25842000000,8822000000,0.337,,8698000000,,,,,,,,,,,,true,false,9,2022-04-01,2022-12-31,0
2023-01-31,37780,2022-03-31,3,14622000000,-0.086,,,,,438000000,-0.515,352000000,-0.541,,77000000,,2.13,,,,,,,,,,,,,,,,,,,,,,true,false,9,2021-04-01,2021-12-31,-1
2023-01-31,37780,2023-03-31,3,20350000000,0.017,,,,,1390000000,0.821,1230000000,0.894,,800000000,,21.89,,,,,,,,,,,,,,,,,,,,,,true,true,12,2022-04-01,2023-03-31,0
2023-01-31,37780,2022-03-31,3,,,,,,,,,,,,,,,,,,,,28396000000,8449000000,0.293,,8317000000,,,,,,,,,,,,true,false,12,2021-04-01,2022-03-31,-1
2023-01-31,37780,2022-03-31,3,,,,,,,,,,,,,,,,,,,,,,,,,,,,,3.00,,,,37620700,1140644,,false,false,12,2021-04-01,2022-03-31,-1
2023-01-31,37780,2023-03-31,3,,,,,,,,,,,,,,,,,,,,,,,,,,,,,0.00,,,,,,,false,false,12,2022-04-01,2023-03-31,0
2023-01-31,37780,2023-03-31,3,,,,,,,,,,,,,,,,,,,,,,,,,,,,,3.50,,,,,,,false,true,12,2022-04-01,2023-03-31,0
2023-01-31,37780,2023-03-31,3,,,,,,,,,,,,,,,,,,,,,,,,,,,,,,,,,37620700,1015644,36560511,false,false,9,2022-04-01,2022-12-31,0
2023-01-31,37780,2022-03-31,3,,,,,,,,,,,,,,,,,,,,,,,,,,,,,,,,,,,36480056,false,false,9,2021-04-01,2021-12-31,-1
2023-04-27,37780,2023-03-31,,20622000000,0.030,,,,,1093000000,0.432,965000000,0.487,,666000000,,18.29,,0.080,0.035,0.053,,26256000000,8486000000,0.318,234.10,8348000000,3963000000,-606000000,-3999000000,4810000000,,0.191,,,,,,true,false,12,2022-04-01,2023-03-31,0
2023-04-27,37780,2022-03-31,,20019000000,-0.097,,,,,763000000,-0.444,649000000,-0.409,,275000000,,7.55,,0.034,0.023,0.038,,28396000000,8449000000,0.293,228.01,8317000000,3957000000,-1674000000,-1005000000,5452000000,,0.397,,,,,,true,false,12,2021-04-01,2022-03-31,-1
2023-04-27,37780,2024-03-31,,10500000000,0.051,,,,,250000000,-0.427,180000000,-0.523,,120000000,,3.36,,,,,,,,,,,,,,,,,,,,,,true,true,6,2023-04-01,2023-09-30,1
2023-04-27,37780,2024-03-31,,22800000000,0.106,,,,,1450000000,0.327,1300000000,0.346,,850000000,,23.83,,,,,,,,,,,,,,,,0.150,,,,,,true,true,12,2023-04-01,2024-03-31,1
2023-04-27,37780,2023-03-31,,17504000000,0.030,,,,,866000000,0.926,769000000,1.307,539000000,,17.923,14.79,,,,,,23194000000,7767000000,0.335,217.79,7767000000,,,,,3.50,,,,37620700,1958144,36449485,false,false,12,2022-04-01,2023-03-31,0
2023-04-27,37780,2022-03-31,,16995000000,-0.078,,,,,449000000,-0.532,333000000,-0.532,28000000,,-0.939,0.78,,,,,,25202000000,7870000000,0.312,215.74,7870000000,,,,,3.00,,,,37620700,1140644,36480056,false,false,12,2021-04-01,2022-03-31,-1
2023-04-27,37780,2024-03-31,,,,,,,,,,,,,,,,,,,,,,,,,,,,,,3.50,,,,,,,false,true,12,2023-04-01,2024-03-31,1
2023-07-31,37780,2024-03-31,1,5105000000,0.029,,,,,104000000,-0.574,73000000,-0.660,,108000000,,3.04,,,,,,26978000000,8828000000,0.320,,8637000000,,,,,,,,,,,,true,false,3,2023-04-01,2023-06-30,0
2023-07-31,37780,2023-03-31,1,4964000000,0.030,,,,,244000000,1.206,214000000,2.185,,142000000,,3.92,,,,,,,,,,,,,,,,,,,,,,true,false,3,2022-04-01,2022-06-30,-1
2023-07-31,37780,2024-03-31,1,10500000000,0.051,,,,,250000000,-0.427,180000000,-0.523,,120000000,,3.36,,,,,,,,,,,,,,,,,,,,,,true,true,6,2023-04-01,2023-09-30,0
2023-07-31,37780,2024-03-31,1,22800000000,0.106,,,,,1450000000,0.327,1300000000,0.346,,850000000,,23.81,,,,,,,,,,,,,,,,,,,,,,true,true,12,2023-04-01,2024-03-31,0
2023-07-31,37780,2023-03-31,1,,,,,,,,,,,,,,,,,,,,26256000000,8486000000,0.318,,8348000000,,,,,,,,,,,,true,false,12,2022-04-01,2023-03-31,-1
2023-07-31,37780,2023-03-31,1,,,,,,,,,,,,,,,,,,,,,,,,,,,,,3.50,,,,37620700,1958144,,false,false,12,2022-04-01,2023-03-31,-1
2023-07-31,37780,2024-03-31,1,,,,,,,,,,,,,,,,,,,,,,,,,,,,,3.50,,,,,,,false,true,12,2023-04-01,2024-03-31,0
2023-07-31,37780,2024-03-31,1,,,,,,,,,,,,,,,,,,,,,,,,,,,,,,,,,37620700,1958144,35662556,false,false,3,2023-04-01,2023-06-30,0
2023-07-31,37780,2023-03-31,1,,,,,,,,,,,,,,,,,,,,,,,,,,,,,,,,,,,36480056,false,false,3,2022-04-01,2022-06-30,-1
2023-10-30,37780,2024-03-31,2,10343000000,0.035,,,,,249000000,-0.428,172000000,-0.543,,175000000,,4.91,,,,,,27248000000,8889000000,0.320,,8713000000,,,,,,,,,,,,true,false,6,2023-04-01,2023-09-30,0
2023-10-30,37780,2023-03-31,2,9989000000,0.034,,,,,436000000,1.206,377000000,1.926,,247000000,,6.76,,,,,,,,,,,,,,,,,,,,,,true,false,6,2022-04-01,2022-09-30,-1
2023-10-30,37780,2024-03-31,2,22800000000,0.106,,,,,1450000000,0.327,1300000000,0.346,,850000000,,23.81,,,,,,,,,,,,,,,,,,,,,,true,true,12,2023-04-01,2024-03-31,0
2023-10-30,37780,2023-03-31,2,,,,,,,,,,,,,,,,,,,,26256000000,8486000000,0.318,,8348000000,,,,,,,,,,,,true,false,12,2022-04-01,2023-03-31,-1
2023-10-30,37780,2023-03-31,2,,,,,,,,,,,,,,,,,,,,,,,,,,,,,3.50,,,,37620700,1958144,,false,false,12,2022-04-01,2023-03-31,-1
2023-10-30,37780,2024-03-31,2,,,,,,,,,,,,,,,,,,,,,,,,,,,,,0.00,,,,,,,false,false,12,2023-04-01,2024-03-31,0
2023-10-30,37780,2024-03-31,2,,,,,,,,,,,,,,,,,,,,,,,,,,,,,3.50,,,,,,,false,true,12,2023-04-01,2024-03-31,0
2023-10-30,37780,2024-03-31,2,,,,,,,,,,,,,,,,,,,,,,,,,,,,,,,,,37620700,1911815,35684328,false,false,6,2023-04-01,2023-09-30,0
2023-10-30,37780,2023-03-31,2,,,,,,,,,,,,,,,,,,,,,,,,,,,,,,,,,,,36538166,false,false,6,2022-04-01,2022-09-30,-1
2024-01-31,37780,2024-03-31,3,15658000000,0.041,,,,,448000000,-0.354,319000000,-0.481,,304000000,,8.52,,,,,,30802000000,8934000000,0.284,,8756000000,,,,,,,,,,,,true,false,9,2023-04-01,2023-12-31,0
2024-01-31,37780,2023-03-31,3,15043000000,0.029,,,,,694000000,0.581,615000000,0.744,,417000000,,11.42,,,,,,,,,,,,,,,,,,,,,,true,false,9,2022-04-01,2022-12-31,-1
2024-01-31,37780,2024-03-31,3,22800000000,0.106,,,,,1450000000,0.327,1300000000,0.346,,850000000,,23.81,,,,,,,,,,,,,,,,,,,,,,true,true,12,2023-04-01,2024-03-31,0
2024-01-31,37780,2023-03-31,3,,,,,,,,,,,,,,,,,,,,26256000000,8486000000,0.318,,8348000000,,,,,,,,,,,,true,false,12,2022-04-01,2023-03-31,-1
2024-01-31,37780,2023-03-31,3,,,,,,,,,,,,,,,,,,,,,,,,,,,,,3.50,,,,37620700,1958144,,false,false,12,2022-04-01,2023-03-31,-1
2024-01-31,37780,2024-03-31,3,,,,,,,,,,,,,,,,,,,,,,,,,,,,,0.00,,,,,,,false,false,12,2023-04-01,2024-03-31,0
2024-01-31,37780,2024-03-31,3,,,,,,,,,,,,,,,,,,,,,,,,,,,,,3.50,,,,,,,false,true,12,2023-04-01,2024-03-31,0
2024-01-31,37780,2024-03-31,3,,,,,,,,,,,,,,,,,,,,,,,,,,,,,,,,,37620700,1911815,35692543,false,false,9,2023-04-01,2023-12-31,0
2024-01-31,37780,2023-03-31,3,,,,,,,,,,,,,,,,,,,,,,,,,,,,,,,,,,,36560511,false,false,9,2022-04-01,2022-12-31,-1
2024-04-26,37780,2024-03-31,,21826000000,0.058,,,,,884000000,-0.191,764000000,-0.209,,651000000,,18.26,,0.075,0.027,0.041,,30224000000,9321000000,0.302,255.82,9135000000,2884000000,-2025000000,-410000000,5257000000,,0.192,,,,,,true,false,12,2023-04-01,2024-03-31,0
2024-04-26,37780,2023-03-31,,20622000000,0.030,,,,,1093000000,0.432,965000000,0.487,,666000000,,18.29,,0.080,0.035,0.053,,26256000000,8486000000,0.318,234.10,8348000000,3963000000,-606000000,-3999000000,4810000000,,0.191,,,,,,true,false,12,2022-04-01,2023-03-31,-1
2024-04-26,37780,2025-03-31,,13000000000,0.257,,,,,800000000,2.207,780000000,3.517,,480000000,,13.44,,,,,,,,,,,,,,,,,,,,,,true,true,6,2024-04-01,2024-09-30,1
2024-04-26,37780,2025-03-31,,28000000000,0.283,,,,,2000000000,1.261,1960000000,1.565,,1250000000,,35.01,,,,,,,,,,,,,,,,0.114,,,,,,true,true,12,2024-04-01,2025-03-31,1
2024-04-26,37780,2024-03-31,,18953000000,0.083,,,,,795000000,-0.082,682000000,-0.113,553000000,,0.027,15.51,,,,,,27332000000,8379000000,0.307,234.66,8379000000,,,,,3.50,,,,37620700,1911842,35696618,false,false,12,2023-04-01,2024-03-31,0
2024-04-26,37780,2023-03-31,,17504000000,0.030,,,,,866000000,0.926,769000000,1.307,539000000,,17.923,14.79,,,,,,23194000000,7767000000,0.335,217.79,7767000000,,,,,3.50,,,,37620700,1958144,36449485,false,false,12,2022-04-01,2023-03-31,-1
2024-04-26,37780,2025-03-31,,,,,,,,,,,,,,,,,,,,,,,,,,,,,,4.00,,,,,,,false,true,12,2024-04-01,2025-03-31,1
2024-07-29,37780,2025-03-31,1,5935000000,0.163,,,,,231000000,1.220,95000000,0.303,,41000000,,1.15,,,,,,52409000000,27257000000,0.517,,27072000000,,,,,,,,,,,,true,false,3,2024-04-01,2024-06-30,0
2024-07-29,37780,2024-03-31,1,5105000000,0.029,,,,,104000000,-0.574,73000000,-0.660,,108000000,,3.04,,,,,,,,,,,,,,,,,,,,,,true,false,3,2023-04-01,2023-06-30,-1
2024-07-29,37780,2025-03-31,1,13000000000,0.257,,,,,800000000,2.207,780000000,3.517,,480000000,,12.60,,,,,,,,,,,,,,,,,,,,,,true,true,6,2024-04-01,2024-09-30,0
2024-07-29,37780,2025-03-31,1,28000000000,0.283,,,,,2000000000,1.261,1960000000,1.565,,1250000000,,32.03,,,,,,,,,,,,,,,,,,,,,,true,true,12,2024-04-01,2025-03-31,0
2024-07-29,37780,2024-03-31,1,,,,,,,,,,,,,,,,,,,,30224000000,9321000000,0.302,,9135000000,,,,,,,,,,,,true,false,12,2023-04-01,2024-03-31,-1
2024-07-29,37780,2024-03-31,1,,,,,,,,,,,,,,,,,,,,,,,,,,,,,3.50,,,,37620700,1911842,,false,false,12,2023-04-01,2024-03-31,-1
2024-07-29,37780,2025-03-31,1,,,,,,,,,,,,,,,,,,,,,,,,,,,,,4.00,,,,,,,false,true,12,2024-04-01,2025-03-31,0
2024-07-29,37780,2025-03-31,1,,,,,,,,,,,,,,,,,,,,,,,,,,,,,,,,,41890700,1911445,36178376,false,false,3,2024-04-01,2024-06-30,0
2024-07-29,37780,2024-03-31,1,,,,,,,,,,,,,,,,,,,,,,,,,,,,,,,,,,,35662556,false,false,3,2023-04-01,2023-06-30,-1
2024-09-20,37780,2025-03-31,,13200000000,0.015,,,,,1100000000,0.375,950000000,0.217,,600000000,,15.75,,,,,,,,,,,,,,,,,,,,,,true,true,6,2024-04-01,2024-09-30,0
2024-09-20,37780,2024-03-31,,10343000000,,,,,,249000000,,172000000,,,175000000,,4.91,,,,,,,,,,,,,,,,,,,,,,true,false,6,2023-04-01,2023-09-30,-1
2024-09-20,37780,2025-03-31,,29000000000,0.036,,,,,2600000000,0.300,2450000000,0.250,,1550000000,,39.71,,,,,,,,,,,,,,,,,,,,,,true,true,12,2024-04-01,2025-03-31,0
2024-09-20,37780,2024-03-31,,21826000000,,,,,,884000000,,764000000,,,651000000,,18.26,,,,,,,,,,,,,,,,,,,,,,true,false,12,2023-04-01,2024-03-31,-1
2024-10-28,37780,2025-03-31,2,13271000000,0.283,,,,,1295000000,4.194,1102000000,5.382,,710000000,,18.64,,,,,,62257000000,27961000000,0.446,,27777000000,,,,,,,,,,,,true,false,6,2024-04-01,2024-09-30,0
2024-10-28,37780,2024-03-31,2,10343000000,0.035,,,,,249000000,-0.428,172000000,-0.543,,175000000,,4.91,,,,,,,,,,,,,,,,,,,,,,true,false,6,2023-04-01,2023-09-30,-1
2024-10-28,37780,2025-03-31,2,29000000000,0.329,,,,,2600000000,1.939,2450000000,2.206,,1550000000,,39.71,,,,,,,,,,,,,,,,,,,,,,true,true,12,2024-04-01,2025-03-31,0
2024-10-28,37780,2024-03-31,2,,,,,,,,,,,,,,,,,,,,30224000000,9321000000,0.302,,9135000000,,,,,,,,,,,,true,false,12,2023-04-01,2024-03-31,-1
2024-10-28,37780,2024-03-31,2,,,,,,,,,,,,,,,,,,,,,,,,,,,,,3.50,,,,37620700,1911842,,false,false,12,2023-04-01,2024-03-31,-1
2024-10-28,37780,2025-03-31,2,,,,,,,,,,,,,,,,,,,,,,,,,,,,,0.00,,,,,,,false,false,12,2024-04-01,2025-03-31,0
2024-10-28,37780,2025-03-31,2,,,,,,,,,,,,,,,,,,,,,,,,,,,,,4.00,,,,,,,false,true,12,2024-04-01,2025-03-31,0
2024-10-28,37780,2025-03-31,2,,,,,,,,,,,,,,,,,,,,,,,,,,,,,,,,,41890700,1890958,38098328,false,false,6,2024-04-01,2024-09-30,0
2024-10-28,37780,2024-03-31,2,,,,,,,,,,,,,,,,,,,,,,,,,,,,,,,,,,,35684328,false,false,6,2023-04-01,2023-09-30,-1
2025-01-31,37780,2025-03-31,3,21397000000,0.366,,,,,2585000000,4.763,2488000000,6.783,,1642000000,,42.40,,,,,,77092000000,28908000000,0.373,,28720000000,,,,,,,,,,,,true,false,9,2024-04-01,2024-12-31,0
2025-01-31,37780,2024-03-31,3,15658000000,0.041,,,,,448000000,-0.354,319000000,-0.481,,304000000,,8.52,,,,,,,,,,,,,,,,,,,,,,true,false,9,2023-04-01,2023-12-31,-1
2025-01-31,37780,2025-03-31,3,31000000000,0.420,,,,,3400000000,2.844,3250000000,3.253,,2100000000,,53.78,,,,,,,,,,,,,,,,,,,,,,true,true,12,2024-04-01,2025-03-31,0
2025-01-31,37780,2024-03-31,3,,,,,,,,,,,,,,,,,,,,30224000000,9321000000,0.302,,9135000000,,,,,,,,,,,,true,false,12,2023-04-01,2024-03-31,-1
2025-01-31,37780,2024-03-31,3,,,,,,,,,,,,,,,,,,,,,,,,,,,,,3.50,,,,37620700,1911842,,false,false,12,2023-04-01,2024-03-31,-1
2025-01-31,37780,2025-03-31,3,,,,,,,,,,,,,,,,,,,,,,,,,,,,,0.00,,,,,,,false,false,12,2024-04-01,2025-03-31,0
2025-01-31,37780,2025-03-31,3,,,,,,,,,,,,,,,,,,,,,,,,,,,,,4.00,,,,,,,false,true,12,2024-04-01,2025-03-31,0
2025-01-31,37780,2025-03-31,3,,,,,,,,,,,,,,,,,,,,,,,,,,,,,,,,,41890700,1889858,38734550,false,false,9,2024-04-01,2024-12-31,0
2025-01-31,37780,2024-03-31,3,,,,,,,,,,,,,,,,,,,,,,,,,,,,,,,,,,,35692543,false,false,9,2023-04-01,2023-12-31,-1
2025-04-28,37780,2025-03-31,,31412000000,0.439,,,,,4145000000,3.687,4060000000,4.314,,2937000000,,75.23,,0.150,0.073,0.132,,81419000000,30257000000,0.369,751.36,30055000000,5787000000,-8323000000,26763000000,29489000000,,0.053,,,,,,true,false,12,2024-04-01,2025-03-31,0
2025-04-28,37780,2024-03-31,,21826000000,0.058,,,,,884000000,-0.191,764000000,-0.209,,651000000,,18.26,,0.075,0.027,0.041,,30224000000,9321000000,0.302,255.82,9135000000,2884000000,-2025000000,-410000000,5257000000,,0.192,,,,,,true,false,12,2023-04-01,2024-03-31,-1
2025-04-28,37780,2026-03-31,,17600000000,0.326,,,,,700000000,-0.460,550000000,-0.501,,300000000,,7.50,,,,,,,,,,,,,,,,,,,,,,true,true,6,2025-04-01,2025-09-30,1
2025-04-28,37780,2026-03-31,,40400000000,0.286,,,,,3800000000,-0.083,3400000000,-0.163,,2400000000,,60.00,,,,,,,,,,,,,,,,0.083,,,,,,true,true,12,2025-04-01,2026-03-31,1
2025-04-28,37780,2025-03-31,,27129000000,0.431,,,,,3377000000,3.245,3255000000,3.771,2403000000,,3.342,61.56,,,,,,73167000000,28713000000,0.392,717.82,28713000000,,,,,4.00,,,,41890700,1889458,39046862,false,false,12,2024-04-01,2025-03-31,0
2025-04-28,37780,2024-03-31,,18953000000,0.083,,,,,795000000,-0.082,682000000,-0.113,553000000,,0.027,15.51,,,,,,27332000000,8379000000,0.307,234.66,8379000000,,,,,3.50,,,,37620700,1911842,35696618,false,false,12,2023-04-01,2024-03-31,-1
2025-04-28,37780,2026-03-31,,,,,,,,,,,,,,,,,,,,,,,,,,,,,,5.00,,,,,,,false,true,12,2025-04-01,2026-03-31,1
