filing_date,code,fiscal_year_end,quarterly_period,net_sales,net_sales_change,revenue,revenue_change,operating_revenue,operating_revenue_change,operating_profit,operating_profit_change,ordinary_profit,ordinary_profit_change,net_income,net_income_of_parent,net_income_change,eps,diluted_eps,roe,roa,operating_profit_to_net_sales,operating_profit_to_revenue,total_assets,net_assets,equity_ratio,bps,owner_equity,operating_cash_flow,investing_cash_flow,financing_cash_flow,cash,dividend_per_share,payout_ratio,commemorative_dividend,extra_dividend,number_of_shares,number_of_treqsury_shares,avg_number_of_shares,is_consolidated,is_forecast,duration,period_start,period_end,period_pos
2015-05-13,37790,2015-03-31,,324000000,-0.304,,,,,-29000000,,-66000000,,-61000000,,,-10.07,,-1.006,-0.255,-0.091,,213000000,96000000,0.144,5.01,30000000,-31000000,-0,-6000000,71000000,,,,,,,,true,false,12,2014-04-01,2015-03-31,0
2015-05-13,37790,2014-03-31,,466000000,-0.269,,,,,8000000,,6000000,,-7000000,,,-1.22,,-0.079,0.020,0.019,,305000000,167000000,0.301,15.01,91000000,-50000000,1000000,-10000000,109000000,,,,,,,,true,false,12,2013-04-01,2014-03-31,-1
2015-05-13,37790,2016-03-31,,189000000,-0.026,,,,,-10000000,,-8000000,,,-10000000,,-1.70,,,,,,,,,,,,,,,,,,,,,,true,true,6,2015-04-01,2015-09-30,1
2015-05-13,37790,2016-03-31,,438000000,0.349,,,,,0,,7000000,,,2000000,,0.47,,,,,,,,,,,,,,,,,,,,,,true,true,12,2015-04-01,2016-03-31,1
2015-05-13,37790,2015-03-31,,114000000,0.022,,,,,32000000,0.117,31000000,0.130,39000000,,2.181,6.20,,,,,,191000000,168000000,0.539,16.85,103000000,,,,,0.00,,,,6119890,317,6119573,false,false,12,2014-04-01,2015-03-31,0
2015-05-13,37790,2014-03-31,,111000000,0.014,,,,,28000000,0.180,27000000,0.197,11000000,,,1.95,,,,,,189000000,141000000,0.344,10.66,65000000,,,,,0.00,,,,6119890,317,6119573,false,false,12,2013-04-01,2014-03-31,-1
2015-05-13,37790,2016-03-31,,,,,,,,,,,,,,,,,,,,,,,,,,,,,,0.00,,,,,,,false,true,12,2015-04-01,2016-03-31,1
2015-07-30,37790,2016-03-31,,189000000,0.000,,,,,-10000000,,-3000000,,-5000000,,,-0.91,,,,,,,,,,,,,,,,,,,,,,true,true,6,2015-04-01,2015-09-30,0
2015-07-30,37790,2015-03-31,,324000000,,,,,,-29000000,,-66000000,,-61000000,,,-10.07,,,,,,,,,,,,,,,,,,,,,,true,false,6,2014-04-01,2014-09-30,-1
2015-07-31,37790,2016-03-31,1,82000000,-0.088,,,,,-7000000,,-5000000,,,-6000000,,-1.02,,,,,,208000000,90000000,0.116,3.97,24000000,,,,,,,,,,,,true,false,3,2015-04-01,2015-06-30,0
2015-07-31,37790,2015-03-31,1,90000000,-0.226,,,,,-3000000,,-9000000,,,-10000000,,-1.79,,,,,,,,,,,,,,,,,,,,,,true,false,3,2014-04-01,2014-06-30,-1
2015-07-31,37790,2016-03-31,1,189000000,-0.026,,,,,-10000000,,-3000000,,,-5000000,,-0.91,,,,,,,,,,,,,,,,,,,,,,true,true,6,2015-04-01,2015-09-30,0
2015-07-31,37790,2016-03-31,1,438000000,0.349,,,,,0,,7000000,,,2000000,,0.47,,,,,,,,,,,,,,,,,,,,,,true,true,12,2015-04-01,2016-03-31,0
2015-07-31,37790,2015-03-31,1,,,,,,,,,,,,,,,,,,,,213000000,96000000,0.144,5.01,30000000,,,,,,,,,,,,true,false,12,2014-04-01,2015-03-31,-1
2015-07-31,37790,2015-03-31,1,,,,,,,,,,,,,,,,,,,,,,,,,,,,,0.00,,,,6119890,317,,false,false,12,2014-04-01,2015-03-31,-1
2015-07-31,37790,2016-03-31,1,,,,,,,,,,,,,,,,,,,,,,,,,,,,,0.00,,,,,,,false,true,12,2015-04-01,2016-03-31,0
2015-07-31,37790,2016-03-31,1,,,,,,,,,,,,,,,,,,,,,,,,,,,,,,,,,6119890,317,6119573,false,false,3,2015-04-01,2015-06-30,0
2015-07-31,37790,2015-03-31,1,,,,,,,,,,,,,,,,,,,,,,,,,,,,,,,,,,,6119573,false,false,3,2014-04-01,2014-06-30,-1
2015-10-26,37790,2016-03-31,,163000000,-0.133,,,,,-13000000,,-6000000,,-8000000,,,-1.34,,,,,,,,,,,,,,,,,,,,,,true,true,6,2015-04-01,2015-09-30,0
2015-10-26,37790,2015-03-31,,165000000,,,,,,-13000000,,-27000000,,-29000000,,,-4.87,,,,,,,,,,,,,,,,,,,,,,true,false,6,2014-04-01,2014-09-30,-1
2015-10-26,37790,2016-03-31,,336000000,-0.232,,,,,-22000000,,-15000000,,-19000000,,,-3.14,,,,,,,,,,,,,,,,,,,,,,true,true,12,2015-04-01,2016-03-31,0
2015-10-26,37790,2015-03-31,,324000000,,,,,,-29000000,,-66000000,,-61000000,,,-10.07,,,,,,,,,,,,,,,,,,,,,,true,false,12,2014-04-01,2015-03-31,-1
2015-10-30,37790,2016-03-31,2,163000000,-0.012,,,,,-13000000,,-5000000,,,-7000000,,-1.28,,,,,,234000000,93000000,0.117,4.49,27000000,,,,,,,,,,,,true,false,6,2015-04-01,2015-09-30,0
2015-10-30,37790,2015-03-31,2,165000000,-0.295,,,,,-13000000,,-27000000,,,-29000000,,-4.87,,,,,,,,,,,,,,,,,,,,,,true,false,6,2014-04-01,2014-09-30,-1
2015-10-30,37790,2016-03-31,2,336000000,0.037,,,,,-22000000,,-15000000,,,-19000000,,-3.14,,,,,,,,,,,,,,,,,,,,,,true,true,12,2015-04-01,2016-03-31,0
2015-10-30,37790,2015-03-31,2,,,,,,,,,,,,,,,,,,,,213000000,96000000,0.144,5.01,30000000,,,,,,,,,,,,true,false,12,2014-04-01,2015-03-31,-1
2015-10-30,37790,2015-03-31,2,,,,,,,,,,,,,,,,,,,,,,,,,,,,,0.00,,,,6119890,317,,false,false,12,2014-04-01,2015-03-31,-1
2015-10-30,37790,2016-03-31,2,,,,,,,,,,,,,,,,,,,,,,,,,,,,,0.00,,,,,,,false,false,12,2015-04-01,2016-03-31,0
2015-10-30,37790,2016-03-31,2,,,,,,,,,,,,,,,,,,,,,,,,,,,,,0.00,,,,,,,false,true,12,2015-04-01,2016-03-31,0
2015-10-30,37790,2016-03-31,2,,,,,,,,,,,,,,,,,,,,,,,,,,,,,,,,,6119890,317,6119573,false,false,6,2015-04-01,2015-09-30,0
2015-10-30,37790,2015-03-31,2,,,,,,,,,,,,,,,,,,,,,,,,,,,,,,,,,,,6119573,false,false,6,2014-04-01,2014-09-30,-1
2016-01-29,37790,2016-03-31,3,245000000,-0.008,,,,,-15000000,,-8000000,,,-11000000,,-1.81,,,,,,240000000,89000000,0.099,3.89,23000000,,,,,,,,,,,,true,false,9,2015-04-01,2015-12-31,0
2016-01-29,37790,2015-03-31,3,247000000,-0.289,,,,,-20000000,,-44000000,,,-48000000,,-7.93,,,,,,,,,,,,,,,,,,,,,,true,false,9,2014-04-01,2014-12-31,-1
2016-01-29,37790,2016-03-31,3,336000000,0.037,,,,,-22000000,,-15000000,,,-19000000,,-3.14,,,,,,,,,,,,,,,,,,,,,,true,true,12,2015-04-01,2016-03-31,0
2016-01-29,37790,2015-03-31,3,,,,,,,,,,,,,,,,,,,,213000000,96000000,0.144,5.01,30000000,,,,,,,,,,,,true,false,12,2014-04-01,2015-03-31,-1
2016-01-29,37790,2015-03-31,3,,,,,,,,,,,,,,,,,,,,,,,,,,,,,0.00,,,,6119890,317,,false,false,12,2014-04-01,2015-03-31,-1
2016-01-29,37790,2016-03-31,3,,,,,,,,,,,,,,,,,,,,,,,,,,,,,0.00,,,,,,,false,false,12,2015-04-01,2016-03-31,0
2016-01-29,37790,2016-03-31,3,,,,,,,,,,,,,,,,,,,,,,,,,,,,,0.00,,,,,,,false,true,12,2015-04-01,2016-03-31,0
2016-01-29,37790,2016-03-31,3,,,,,,,,,,,,,,,,,,,,,,,,,,,,,,,,,6119890,317,6119573,false,false,9,2015-04-01,2015-12-31,0
2016-01-29,37790,2015-03-31,3,,,,,,,,,,,,,,,,,,,,,,,,,,,,,,,,,,,6119573,false,false,9,2014-04-01,2014-12-31,-1
2016-04-27,37790,2016-03-31,,332000000,-0.011,,,,,-26000000,,-18000000,,,-50000000,,-8.10,,,,,,,,,,,,,,,,,,,,,,true,true,12,2015-04-01,2016-03-31,0
2016-04-27,37790,2015-03-31,,324000000,,,,,,-29000000,,-66000000,,,-61000000,,-10.07,,,,,,,,,,,,,,,,,,,,,,true,false,12,2014-04-01,2015-03-31,-1
2016-05-11,37790,2016-03-31,,332000000,0.025,,,,,-26000000,,-18000000,,,-50000000,,-8.10,,-0.319,-0.056,-0.079,,462000000,351000000,0.614,29.48,284000000,-34000000,24000000,295000000,356000000,,,,,,,,true,false,12,2015-04-01,2016-03-31,0
2016-05-11,37790,2015-03-31,,324000000,-0.304,,,,,-29000000,,-66000000,,,-61000000,,-10.07,,-1.006,-0.255,-0.091,,213000000,96000000,0.144,5.01,30000000,-31000000,-0,-6000000,71000000,,,,,,,,true,false,12,2014-04-01,2015-03-31,-1
2016-05-11,37790,2017-03-31,,277000000,0.694,,,,,-47000000,,-47000000,,,-48000000,,-5.00,,,,,,,,,,,,,,,,,,,,,,true,true,6,2016-04-01,2016-09-30,1
2016-05-11,37790,2017-03-31,,704000000,1.117,,,,,-24000000,,-24000000,,,-25000000,,-2.68,,,,,,,,,,,,,,,,,,,,,,true,true,12,2016-04-01,2017-03-31,1
2016-05-11,37790,2016-03-31,,89000000,-0.214,,,,,6000000,-0.791,6000000,-0.782,-26000000,,,-4.23,,,,,,451000000,444000000,0.835,39.06,376000000,,,,,0.00,,,,9649390,317,6196721,false,false,12,2015-04-01,2016-03-31,0
2016-05-11,37790,2015-03-31,,114000000,0.022,,,,,32000000,0.117,31000000,0.130,37000000,,2.181,6.20,,,,,,191000000,168000000,0.539,16.85,103000000,,,,,0.00,,,,6119890,317,6119573,false,false,12,2014-04-01,2015-03-31,-1
2016-05-11,37790,2017-03-31,,,,,,,,,,,,,,,,,,,,,,,,,,,,,,0.00,,,,,,,false,true,12,2016-04-01,2017-03-31,1
2016-07-29,37790,2017-03-31,1,123000000,0.499,,,,,-15000000,,-15000000,,,-15000000,,-1.63,,,,,,477000000,335000000,0.561,27.80,268000000,,,,,,,,,,,,true,false,3,2016-04-01,2016-06-30,0
2016-07-29,37790,2016-03-31,1,82000000,-0.088,,,,,-7000000,,-5000000,,,-6000000,,-1.02,,,,,,,,,,,,,,,,,,,,,,true,false,3,2015-04-01,2015-06-30,-1
2016-07-29,37790,2017-03-31,1,277000000,0.694,,,,,-47000000,,-47000000,,,-48000000,,-5.00,,,,,,,,,,,,,,,,,,,,,,true,true,6,2016-04-01,2016-09-30,0
2016-07-29,37790,2017-03-31,1,704000000,1.117,,,,,-24000000,,-24000000,,,-25000000,,-2.68,,,,,,,,,,,,,,,,,,,,,,true,true,12,2016-04-01,2017-03-31,0
2016-07-29,37790,2016-03-31,1,,,,,,,,,,,,,,,,,,,,462000000,351000000,0.614,29.48,284000000,,,,,,,,,,,,true,false,12,2015-04-01,2016-03-31,-1
2016-07-29,37790,2016-03-31,1,,,,,,,,,,,,,,,,,,,,,,,,,,,,,0.00,,,,9649390,317,,false,false,12,2015-04-01,2016-03-31,-1
2016-07-29,37790,2017-03-31,1,,,,,,,,,,,,,,,,,,,,,,,,,,,,,0.00,,,,,,,false,true,12,2016-04-01,2017-03-31,0
2016-07-29,37790,2017-03-31,1,,,,,,,,,,,,,,,,,,,,,,,,,,,,,,,,,9649390,317,9649073,false,false,3,2016-04-01,2016-06-30,0
2016-07-29,37790,2016-03-31,1,,,,,,,,,,,,,,,,,,,,,,,,,,,,,,,,,,,6119573,false,false,3,2015-04-01,2015-06-30,-1
2016-10-27,37790,2017-03-31,,251000000,-0.096,,,,,-21000000,,-20000000,,-21000000,,,-2.22,,,,,,,,,,,,,,,,,,,,,,true,true,6,2016-04-01,2016-09-30,0
2016-10-27,37790,2016-03-31,,163000000,,,,,,-13000000,,-4000000,,-7000000,,,-1.28,,,,,,,,,,,,,,,,,,,,,,true,false,6,2015-04-01,2015-09-30,-1
2016-10-27,37790,2017-03-31,,564000000,-0.199,,,,,-18000000,,-17000000,,,-19000000,,-1.98,,,,,,,,,,,,,,,,,,,,,,true,true,12,2016-04-01,2017-03-31,0
2016-10-27,37790,2016-03-31,,332000000,,,,,,-26000000,,-18000000,,,-50000000,,-8.10,,,,,,,,,,,,,,,,,,,,,,true,false,12,2015-04-01,2016-03-31,-1
2016-10-31,37790,2017-03-31,2,251000000,0.532,,,,,-21000000,,-20000000,,,-21000000,,-2.22,,,,,,456000000,328000000,0.573,27.10,261000000,,,,,,,,,,,,true,false,6,2016-04-01,2016-09-30,0
2016-10-31,37790,2016-03-31,2,163000000,-0.012,,,,,-13000000,,-5000000,,,-7000000,,-1.28,,,,,,,,,,,,,,,,,,,,,,true,false,6,2015-04-01,2015-09-30,-1
2016-10-31,37790,2017-03-31,2,564000000,0.696,,,,,-18000000,,-17000000,,,-19000000,,-1.98,,,,,,,,,,,,,,,,,,,,,,true,true,12,2016-04-01,2017-03-31,0
2016-10-31,37790,2016-03-31,2,,,,,,,,,,,,,,,,,,,,462000000,351000000,0.614,29.48,284000000,,,,,,,,,,,,true,false,12,2015-04-01,2016-03-31,-1
2016-10-31,37790,2016-03-31,2,,,,,,,,,,,,,,,,,,,,,,,,,,,,,0.00,,,,9649390,317,,false,false,12,2015-04-01,2016-03-31,-1
2016-10-31,37790,2017-03-31,2,,,,,,,,,,,,,,,,,,,,,,,,,,,,,0.00,,,,,,,false,false,12,2016-04-01,2017-03-31,0
2016-10-31,37790,2017-03-31,2,,,,,,,,,,,,,,,,,,,,,,,,,,,,,0.00,,,,,,,false,true,12,2016-04-01,2017-03-31,0
2016-10-31,37790,2017-03-31,2,,,,,,,,,,,,,,,,,,,,,,,,,,,,,,,,,9649390,317,9649073,false,false,6,2016-04-01,2016-09-30,0
2016-10-31,37790,2016-03-31,2,,,,,,,,,,,,,,,,,,,,,,,,,,,,,,,,,,,6119573,false,false,6,2015-04-01,2015-09-30,-1
2016-11-30,37790,2017-03-31,,564000000,,,,,,-18000000,,-17000000,,,-9000000,,-0.95,,,,,,,,,,,,,,,,,,,,,,true,true,12,2016-04-01,2017-03-31,0
2016-11-30,37790,2016-03-31,,332000000,,,,,,-26000000,,-18000000,,,-50000000,,-8.10,,,,,,,,,,,,,,,,,,,,,,true,false,12,2015-04-01,2016-03-31,-1
2017-01-31,37790,2017-03-31,3,365000000,0.488,,,,,-35000000,,-35000000,,,-26000000,,-2.76,,,,,,464000000,323000000,0.551,26.53,255000000,,,,,,,,,,,,true,false,9,2016-04-01,2016-12-31,0
2017-01-31,37790,2016-03-31,3,245000000,-0.008,,,,,-15000000,,-8000000,,,-11000000,,-1.81,,,,,,,,,,,,,,,,,,,,,,true,false,9,2015-04-01,2015-12-31,-1
2017-01-31,37790,2017-03-31,3,564000000,0.696,,,,,-18000000,,-17000000,,,-9000000,,-0.95,,,,,,,,,,,,,,,,,,,,,,true,true,12,2016-04-01,2017-03-31,0
2017-01-31,37790,2016-03-31,3,,,,,,,,,,,,,,,,,,,,462000000,351000000,0.614,29.48,284000000,,,,,,,,,,,,true,false,12,2015-04-01,2016-03-31,-1
2017-01-31,37790,2016-03-31,3,,,,,,,,,,,,,,,,,,,,,,,,,,,,,0.00,,,,9649390,317,,false,false,12,2015-04-01,2016-03-31,-1
2017-01-31,37790,2017-03-31,3,,,,,,,,,,,,,,,,,,,,,,,,,,,,,0.00,,,,,,,false,false,12,2016-04-01,2017-03-31,0
2017-01-31,37790,2017-03-31,3,,,,,,,,,,,,,,,,,,,,,,,,,,,,,0.00,,,,,,,false,true,12,2016-04-01,2017-03-31,0
2017-01-31,37790,2017-03-31,3,,,,,,,,,,,,,,,,,,,,,,,,,,,,,,,,,9649390,317,9649073,false,false,9,2016-04-01,2016-12-31,0
2017-01-31,37790,2016-03-31,3,,,,,,,,,,,,,,,,,,,,,,,,,,,,,,,,,,,6119573,false,false,9,2015-04-01,2015-12-31,-1
2017-02-17,37790,2017-03-31,,447000000,-0.207,,,,,-72000000,,-75000000,,,-129000000,,-13.39,,,,,,,,,,,,,,,,,,,,,,true,true,12,2016-04-01,2017-03-31,0
2017-02-17,37790,2016-03-31,,332000000,,,,,,-26000000,,-18000000,,,-50000000,,-8.10,,,,,,,,,,,,,,,,,,,,,,true,false,12,2015-04-01,2016-03-31,-1
2017-05-12,37790,2017-03-31,,460000000,0.385,,,,,-59000000,,-59000000,,,-142000000,,-14.69,,-0.577,-0.139,-0.130,,398000000,277000000,0.529,20.09,210000000,-12000000,-96000000,63000000,310000000,,,,,,,,true,false,12,2016-04-01,2017-03-31,0
2017-05-12,37790,2016-03-31,,332000000,0.025,,,,,-26000000,,-18000000,,,-50000000,,-8.10,,-0.319,-0.056,-0.079,,462000000,351000000,0.614,29.48,284000000,-34000000,24000000,295000000,356000000,,,,,,,,true,false,12,2015-04-01,2016-03-31,-1
2017-05-12,37790,2018-03-31,,909000000,2.623,,,,,11000000,,11000000,,,0,,0.08,,,,,,,,,,,,,,,,,,,,,,true,true,6,2017-04-01,2017-09-30,1
2017-05-12,37790,2018-03-31,,1828000000,2.969,,,,,12000000,,11000000,,,-9000000,,-0.89,,,,,,,,,,,,,,,,,,,,,,true,true,12,2017-04-01,2018-03-31,1
2017-05-12,37790,2017-03-31,,91000000,0.022,,,,,10000000,0.576,10000000,0.539,-16000000,,,-1.66,,,,,,509000000,497000000,0.847,41.18,431000000,,,,,0.00,,,,10472990,317,9716766,false,false,12,2016-04-01,2017-03-31,0
2017-05-12,37790,2016-03-31,,89000000,-0.214,,,,,6000000,-0.791,6000000,-0.782,-26000000,,,-4.23,,,,,,451000000,444000000,0.835,39.06,376000000,,,,,0.00,,,,9649390,317,6196721,false,false,12,2015-04-01,2016-03-31,-1
2017-05-12,37790,2018-03-31,,,,,,,,,,,,,,,,,,,,,,,,,,,,,,0.00,,,,,,,false,true,12,2017-04-01,2018-03-31,1
2017-07-21,37790,2018-03-31,,910000000,0.001,,,,,40000000,2.498,40000000,2.603,88000000,,99.414,8.46,,,,,,,,,,,,,,,,,,,,,,true,true,6,2017-04-01,2017-09-30,0
2017-07-21,37790,2017-03-31,,251000000,,,,,,-21000000,,-20000000,,-21000000,,,-2.22,,,,,,,,,,,,,,,,,,,,,,true,false,6,2016-04-01,2016-09-30,-1
2017-07-21,37790,2018-03-31,,1829000000,0.000,,,,,41000000,2.361,40000000,2.614,,78000000,,7.45,,,,,,,,,,,,,,,,,,,,,,true,true,12,2017-04-01,2018-03-31,0
2017-07-21,37790,2017-03-31,,460000000,,,,,,-59000000,,-59000000,,,-142000000,,-14.69,,,,,,,,,,,,,,,,,,,,,,true,false,12,2016-04-01,2017-03-31,-1
2017-07-28,37790,2018-03-31,1,474000000,2.844,,,,,40000000,,40000000,,,26000000,,2.54,,,,,,665000000,303000000,0.356,22.63,237000000,,,,,,,,,,,,true,false,3,2017-04-01,2017-06-30,0
2017-07-28,37790,2017-03-31,1,123000000,0.499,,,,,-15000000,,-15000000,,,-15000000,,-1.63,,,,,,,,,,,,,,,,,,,,,,true,false,3,2016-04-01,2016-06-30,-1
2017-07-28,37790,2018-03-31,1,910000000,2.629,,,,,40000000,,40000000,,,88000000,,8.46,,,,,,,,,,,,,,,,,,,,,,true,true,6,2017-04-01,2017-09-30,0
2017-07-28,37790,2018-03-31,1,1829000000,2.970,,,,,41000000,,40000000,,,78000000,,7.45,,,,,,,,,,,,,,,,,,,,,,true,true,12,2017-04-01,2018-03-31,0
2017-07-28,37790,2017-03-31,1,,,,,,,,,,,,,,,,,,,,398000000,277000000,0.529,20.09,210000000,,,,,,,,,,,,true,false,12,2016-04-01,2017-03-31,-1
2017-07-28,37790,2017-03-31,1,,,,,,,,,,,,,,,,,,,,,,,,,,,,,0.00,,,,10472990,317,,false,false,12,2016-04-01,2017-03-31,-1
2017-07-28,37790,2018-03-31,1,,,,,,,,,,,,,,,,,,,,,,,,,,,,,0.00,,,,,,,false,true,12,2017-04-01,2018-03-31,0
2017-07-28,37790,2018-03-31,1,,,,,,,,,,,,,,,,,,,,,,,,,,,,,,,,,10472990,317,10472673,false,false,3,2017-04-01,2017-06-30,0
2017-07-28,37790,2017-03-31,1,,,,,,,,,,,,,,,,,,,,,,,,,,,,,,,,,,,9649073,false,false,3,2016-04-01,2016-06-30,-1
2017-10-26,37790,2018-03-31,,839000000,-0.079,,,,,52000000,0.296,52000000,0.300,,101000000,,9.66,,,,,,,,,,,,,,,,,,,,,,true,true,6,2017-04-01,2017-09-30,0
2017-10-26,37790,2017-03-31,,251000000,,,,,,-21000000,,-20000000,,,-21000000,,-2.22,,,,,,,,,,,,,,,,,,,,,,true,false,6,2016-04-01,2016-09-30,-1
2017-10-26,37790,2018-03-31,,1542000000,-0.157,,,,,29000000,-0.291,28000000,-0.303,,80000000,,7.71,,,,,,,,,,,,,,,,,,,,,,true,true,12,2017-04-01,2018-03-31,0
2017-10-26,37790,2017-03-31,,460000000,,,,,,-59000000,,-59000000,,,-142000000,,-14.69,,,,,,,,,,,,,,,,,,,,,,true,false,12,2016-04-01,2017-03-31,-1
2017-10-31,37790,2018-03-31,2,839000000,2.343,,,,,52000000,,52000000,,,101000000,,9.66,,,,,,644000000,312000000,0.484,29.75,311000000,,,,,,,,,,,,true,false,6,2017-04-01,2017-09-30,0
2017-10-31,37790,2017-03-31,2,251000000,0.532,,,,,-21000000,,-20000000,,,-21000000,,-2.22,,,,,,,,,,,,,,,,,,,,,,true,false,6,2016-04-01,2016-09-30,-1
2017-10-31,37790,2018-03-31,2,1542000000,2.348,,,,,29000000,,28000000,,,80000000,,7.71,,,,,,,,,,,,,,,,,,,,,,true,true,12,2017-04-01,2018-03-31,0
2017-10-31,37790,2017-03-31,2,,,,,,,,,,,,,,,,,,,,398000000,277000000,0.529,20.09,210000000,,,,,,,,,,,,true,false,12,2016-04-01,2017-03-31,-1
2017-10-31,37790,2017-03-31,2,,,,,,,,,,,,,,,,,,,,,,,,,,,,,0.00,,,,10472990,317,,false,false,12,2016-04-01,2017-03-31,-1
2017-10-31,37790,2018-03-31,2,,,,,,,,,,,,,,,,,,,,,,,,,,,,,0.00,,,,,,,false,false,12,2017-04-01,2018-03-31,0
2017-10-31,37790,2018-03-31,2,,,,,,,,,,,,,,,,,,,,,,,,,,,,,0.00,,,,,,,false,true,12,2017-04-01,2018-03-31,0
2017-10-31,37790,2018-03-31,2,,,,,,,,,,,,,,,,,,,,,,,,,,,,,,,,,10472990,317,10472673,false,false,6,2017-04-01,2017-09-30,0
2017-10-31,37790,2017-03-31,2,,,,,,,,,,,,,,,,,,,,,,,,,,,,,,,,,,,9649073,false,false,6,2016-04-01,2016-09-30,-1
2018-01-31,37790,2018-03-31,3,1157000000,2.167,,,,,55000000,,55000000,,,106000000,,10.20,,,,,,636000000,318000000,0.498,30.29,317000000,,,,,,,,,,,,true,false,9,2017-04-01,2017-12-31,0
2018-01-31,37790,2017-03-31,3,365000000,0.488,,,,,-35000000,,-35000000,,,-26000000,,-2.76,,,,,,,,,,,,,,,,,,,,,,true,false,9,2016-04-01,2016-12-31,-1
2018-01-31,37790,2018-03-31,3,1542000000,2.348,,,,,29000000,,28000000,,,80000000,,7.71,,,,,,,,,,,,,,,,,,,,,,true,true,12,2017-04-01,2018-03-31,0
2018-01-31,37790,2017-03-31,3,,,,,,,,,,,,,,,,,,,,398000000,277000000,0.529,20.09,210000000,,,,,,,,,,,,true,false,12,2016-04-01,2017-03-31,-1
2018-01-31,37790,2017-03-31,3,,,,,,,,,,,,,,,,,,,,,,,,,,,,,0.00,,,,10472990,317,,false,false,12,2016-04-01,2017-03-31,-1
2018-01-31,37790,2018-03-31,3,,,,,,,,,,,,,,,,,,,,,,,,,,,,,0.00,,,,,,,false,false,12,2017-04-01,2018-03-31,0
2018-01-31,37790,2018-03-31,3,,,,,,,,,,,,,,,,,,,,,,,,,,,,,0.00,,,,,,,false,true,12,2017-04-01,2018-03-31,0
2018-01-31,37790,2018-03-31,3,,,,,,,,,,,,,,,,,,,,,,,,,,,,,,,,,10472990,317,10472673,false,false,9,2017-04-01,2017-12-31,0
2018-01-31,37790,2017-03-31,3,,,,,,,,,,,,,,,,,,,,,,,,,,,,,,,,,,,9649073,false,false,9,2016-04-01,2016-12-31,-1
2018-04-26,37790,2018-03-31,,1509000000,-0.021,,,,,71000000,1.414,70000000,1.464,,118000000,,11.35,,,,,,,,,,,,,,,,,,,,,,true,true,12,2017-04-01,2018-03-31,0
2018-04-26,37790,2017-03-31,,460000000,,,,,,-59000000,,-59000000,,,-142000000,,-14.69,,,,,,,,,,,,,,,,,,,,,,true,false,12,2016-04-01,2017-03-31,-1
2018-05-11,37790,2018-03-31,,1511000000,2.280,,,,,73000000,,72000000,,,119000000,,11.46,,0.444,0.140,0.048,,635000000,330000000,0.520,31.55,330000000,194000000,-292000000,55000000,267000000,,,,,,,,true,false,12,2017-04-01,2018-03-31,0
2018-05-11,37790,2017-03-31,,460000000,0.385,,,,,-59000000,,-59000000,,,-142000000,,-14.69,,-0.577,-0.139,-0.130,,398000000,277000000,0.529,20.09,210000000,-12000000,-96000000,63000000,310000000,,,,,,,,true,false,12,2016-04-01,2017-03-31,-1
2018-05-11,37790,2019-03-31,,658000000,-0.215,,,,,4000000,-0.921,3000000,-0.925,,1000000,,0.16,,,,,,,,,,,,,,,,,,,,,,true,true,6,2018-04-01,2018-09-30,1
2018-05-11,37790,2019-03-31,,1411000000,-0.066,,,,,28000000,-0.614,27000000,-0.616,,16000000,,1.62,,,,,,,,,,,,,,,,,,,,,,true,true,12,2018-04-01,2019-03-31,1
2018-05-11,37790,2018-03-31,,104000000,0.136,,,,,25000000,1.415,25000000,1.411,87000000,,,8.32,,,,,,533000000,518000000,0.972,49.49,518000000,,,,,0.00,,,,10472990,317,10472673,false,false,12,2017-04-01,2018-03-31,0
2018-05-11,37790,2017-03-31,,91000000,0.022,,,,,10000000,0.576,10000000,0.539,-16000000,,,-1.66,,,,,,509000000,497000000,0.847,41.18,431000000,,,,,0.00,,,,10472990,317,9716766,false,false,12,2016-04-01,2017-03-31,-1
2018-05-11,37790,2019-03-31,,,,,,,,,,,,,,,,,,,,,,,,,,,,,,0.00,,,,,,,false,true,12,2018-04-01,2019-03-31,1
2018-07-31,37790,2019-03-31,1,283000000,-0.403,,,,,1000000,-0.974,0,-0.984,,-0,,-0.04,,,,,,596000000,329000000,0.553,31.50,329000000,,,,,,,,,,,,true,false,3,2018-04-01,2018-06-30,0
2018-07-31,37790,2018-03-31,1,474000000,2.844,,,,,40000000,,40000000,,,26000000,,2.54,,,,,,,,,,,,,,,,,,,,,,true,false,3,2017-04-01,2017-06-30,-1
2018-07-31,37790,2019-03-31,1,658000000,-0.215,,,,,4000000,-0.921,3000000,-0.925,,1000000,,0.16,,,,,,,,,,,,,,,,,,,,,,true,true,6,2018-04-01,2018-09-30,0
2018-07-31,37790,2019-03-31,1,1411000000,-0.066,,,,,28000000,-0.614,27000000,-0.616,,16000000,,1.62,,,,,,,,,,,,,,,,,,,,,,true,true,12,2018-04-01,2019-03-31,0
2018-07-31,37790,2018-03-31,1,,,,,,,,,,,,,,,,,,,,635000000,330000000,0.520,31.55,330000000,,,,,,,,,,,,true,false,12,2017-04-01,2018-03-31,-1
2018-07-31,37790,2018-03-31,1,,,,,,,,,,,,,,,,,,,,,,,,,,,,,0.00,,,,10472990,317,,false,false,12,2017-04-01,2018-03-31,-1
2018-07-31,37790,2019-03-31,1,,,,,,,,,,,,,,,,,,,,,,,,,,,,,0.00,,,,,,,false,true,12,2018-04-01,2019-03-31,0
2018-07-31,37790,2019-03-31,1,,,,,,,,,,,,,,,,,,,,,,,,,,,,,,,,,10472990,317,10472673,false,false,3,2018-04-01,2018-06-30,0
2018-07-31,37790,2018-03-31,1,,,,,,,,,,,,,,,,,,,,,,,,,,,,,,,,,,,10472673,false,false,3,2017-04-01,2017-06-30,-1
2018-10-25,37790,2019-03-31,,637000000,-0.033,,,,,23000000,4.500,22000000,4.756,,15000000,,1.50,,,,,,,,,,,,,,,,,,,,,,true,true,6,2018-04-01,2018-09-30,0
2018-10-25,37790,2018-03-31,,839000000,,,,,,52000000,,52000000,,,101000000,,9.66,,,,,,,,,,,,,,,,,,,,,,true,false,6,2017-04-01,2017-09-30,-1
2018-10-25,37790,2019-03-31,,1278000000,-0.095,,,,,43000000,0.537,43000000,0.553,,29000000,,2.78,,,,,,,,,,,,,,,,,,,,,,true,true,12,2018-04-01,2019-03-31,0
2018-10-25,37790,2018-03-31,,1511000000,,,,,,73000000,,72000000,,,119000000,,11.46,,,,,,,,,,,,,,,,,,,,,,true,false,12,2017-04-01,2018-03-31,-1
2018-10-31,37790,2019-03-31,2,637000000,-0.241,,,,,23000000,-0.563,22000000,-0.571,,15000000,,1.50,,,,,,661000000,346000000,0.524,33.04,346000000,,,,,,,,,,,,true,false,6,2018-04-01,2018-09-30,0
2018-10-31,37790,2018-03-31,2,839000000,2.343,,,,,52000000,,52000000,,,101000000,,9.66,,,,,,,,,,,,,,,,,,,,,,true,false,6,2017-04-01,2017-09-30,-1
2018-10-31,37790,2019-03-31,2,1278000000,-0.154,,,,,43000000,-0.406,43000000,-0.404,,29000000,,2.78,,,,,,,,,,,,,,,,,,,,,,true,true,12,2018-04-01,2019-03-31,0
2018-10-31,37790,2018-03-31,2,,,,,,,,,,,,,,,,,,,,635000000,330000000,0.520,31.55,330000000,,,,,,,,,,,,true,false,12,2017-04-01,2018-03-31,-1
2018-10-31,37790,2018-03-31,2,,,,,,,,,,,,,,,,,,,,,,,,,,,,,0.00,,,,10472990,317,,false,false,12,2017-04-01,2018-03-31,-1
2018-10-31,37790,2019-03-31,2,,,,,,,,,,,,,,,,,,,,,,,,,,,,,0.00,,,,,,,false,false,12,2018-04-01,2019-03-31,0
2018-10-31,37790,2019-03-31,2,,,,,,,,,,,,,,,,,,,,,,,,,,,,,0.00,,,,,,,false,true,12,2018-04-01,2019-03-31,0
2018-10-31,37790,2019-03-31,2,,,,,,,,,,,,,,,,,,,,,,,,,,,,,,,,,10472990,317,10472673,false,false,6,2018-04-01,2018-09-30,0
2018-10-31,37790,2018-03-31,2,,,,,,,,,,,,,,,,,,,,,,,,,,,,,,,,,,,10472673,false,false,6,2017-04-01,2017-09-30,-1
2019-01-31,37790,2019-03-31,3,1013000000,-0.125,,,,,49000000,-0.108,49000000,-0.111,,34000000,,3.31,,,,,,662000000,365000000,0.551,34.86,365000000,,,,,,,,,,,,true,false,9,2018-04-01,2018-12-31,0
2019-01-31,37790,2018-03-31,3,1157000000,2.167,,,,,55000000,,55000000,,,106000000,,10.20,,,,,,,,,,,,,,,,,,,,,,true,false,9,2017-04-01,2017-12-31,-1
2019-01-31,37790,2019-03-31,3,1278000000,-0.154,,,,,43000000,-0.406,43000000,-0.404,,29000000,,2.78,,,,,,,,,,,,,,,,,,,,,,true,true,12,2018-04-01,2019-03-31,0
2019-01-31,37790,2018-03-31,3,,,,,,,,,,,,,,,,,,,,635000000,330000000,0.520,31.55,330000000,,,,,,,,,,,,true,false,12,2017-04-01,2018-03-31,-1
2019-01-31,37790,2018-03-31,3,,,,,,,,,,,,,,,,,,,,,,,,,,,,,0.00,,,,10472990,317,,false,false,12,2017-04-01,2018-03-31,-1
2019-01-31,37790,2019-03-31,3,,,,,,,,,,,,,,,,,,,,,,,,,,,,,0.00,,,,,,,false,false,12,2018-04-01,2019-03-31,0
2019-01-31,37790,2019-03-31,3,,,,,,,,,,,,,,,,,,,,,,,,,,,,,0.00,,,,,,,false,true,12,2018-04-01,2019-03-31,0
2019-01-31,37790,2019-03-31,3,,,,,,,,,,,,,,,,,,,,,,,,,,,,,,,,,10472990,317,10472673,false,false,9,2018-04-01,2018-12-31,0
2019-01-31,37790,2018-03-31,3,,,,,,,,,,,,,,,,,,,,,,,,,,,,,,,,,,,10472673,false,false,9,2017-04-01,2017-12-31,-1
2019-04-24,37790,2019-03-31,,1333000000,0.044,,,,,62000000,0.432,61000000,0.424,,48000000,,4.61,,,,,,,,,,,,,,,,,,,,,,true,true,12,2018-04-01,2019-03-31,0
2019-04-24,37790,2018-03-31,,1511000000,,,,,,73000000,,72000000,,,119000000,,11.46,,,,,,,,,,,,,,,,,,,,,,true,false,12,2017-04-01,2018-03-31,-1
2019-05-10,37790,2019-03-31,,1333000000,-0.117,,,,,62000000,-0.150,61000000,-0.151,,48000000,,4.61,,0.136,0.095,0.047,,654000000,378000000,0.579,36.16,378000000,96000000,0,-12000000,351000000,,,,,,,,true,false,12,2018-04-01,2019-03-31,0
2019-05-10,37790,2018-03-31,,1511000000,2.280,,,,,73000000,,72000000,,,119000000,,11.46,,0.444,0.140,0.048,,635000000,330000000,0.520,31.55,330000000,194000000,-292000000,55000000,267000000,,,,,,,,true,false,12,2017-04-01,2018-03-31,-1
2019-05-10,37790,2020-03-31,,620000000,-0.027,,,,,-0,,-0,,,-2000000,,-0.21,,,,,,,,,,,,,,,,,,,,,,true,true,6,2019-04-01,2019-09-30,1
2019-05-10,37790,2020-03-31,,1332000000,-0.001,,,,,20000000,-0.667,20000000,-0.672,,14000000,,1.37,,,,,,,,,,,,,,,,,,,,,,true,true,12,2019-04-01,2020-03-31,1
2019-05-10,37790,2019-03-31,,89000000,-0.142,,,,,15000000,-0.409,15000000,-0.409,-181000000,,,-17.35,,,,,,343000000,336000000,0.979,32.14,336000000,,,,,0.00,,,,10472990,317,10472673,false,false,12,2018-04-01,2019-03-31,0
2019-05-10,37790,2018-03-31,,104000000,0.136,,,,,25000000,1.415,25000000,1.411,87000000,,,8.32,,,,,,533000000,518000000,0.972,49.49,518000000,,,,,0.00,,,,10472990,317,10472673,false,false,12,2017-04-01,2018-03-31,-1
2019-05-10,37790,2020-03-31,,,,,,,,,,,,,,,,,,,,,,,,,,,,,,0.00,,,,,,,false,true,12,2019-04-01,2020-03-31,1
2019-07-31,37790,2020-03-31,1,289000000,0.020,,,,,2000000,0.981,1000000,1.739,,-0,,-0.03,,,,,,616000000,378000000,0.614,36.13,378000000,,,,,,,,,,,,true,false,3,2019-04-01,2019-06-30,0
2019-07-31,37790,2019-03-31,1,283000000,-0.403,,,,,1000000,-0.974,0,-0.984,,-0,,-0.04,,,,,,,,,,,,,,,,,,,,,,true,false,3,2018-04-01,2018-06-30,-1
2019-07-31,37790,2020-03-31,1,620000000,-0.027,,,,,-0,,-0,,,-2000000,,-0.21,,,,,,,,,,,,,,,,,,,,,,true,true,6,2019-04-01,2019-09-30,0
2019-07-31,37790,2020-03-31,1,1332000000,-0.001,,,,,20000000,-0.667,20000000,-0.672,,14000000,,1.37,,,,,,,,,,,,,,,,,,,,,,true,true,12,2019-04-01,2020-03-31,0
2019-07-31,37790,2019-03-31,1,,,,,,,,,,,,,,,,,,,,654000000,378000000,0.579,36.16,378000000,,,,,,,,,,,,true,false,12,2018-04-01,2019-03-31,-1
2019-07-31,37790,2019-03-31,1,,,,,,,,,,,,,,,,,,,,,,,,,,,,,0.00,,,,10472990,317,,false,false,12,2018-04-01,2019-03-31,-1
2019-07-31,37790,2020-03-31,1,,,,,,,,,,,,,,,,,,,,,,,,,,,,,0.00,,,,,,,false,true,12,2019-04-01,2020-03-31,0
2019-07-31,37790,2020-03-31,1,,,,,,,,,,,,,,,,,,,,,,,,,,,,,,,,,10472990,317,10472673,false,false,3,2019-04-01,2019-06-30,0
2019-07-31,37790,2019-03-31,1,,,,,,,,,,,,,,,,,,,,,,,,,,,,,,,,,,,10472673,false,false,3,2018-04-01,2018-06-30,-1
2019-10-25,37790,2020-03-31,,670000000,0.081,,,,,28000000,,28000000,,18000000,,,1.75,,,,,,,,,,,,,,,,,,,,,,true,true,6,2019-04-01,2019-09-30,0
2019-10-25,37790,2019-03-31,,637000000,,,,,,23000000,,22000000,,15000000,,,1.50,,,,,,,,,,,,,,,,,,,,,,true,false,6,2018-04-01,2018-09-30,-1
2019-10-25,37790,2020-03-31,,1332000000,0.000,,,,,38000000,0.857,37000000,0.877,,22000000,,2.15,,,,,,,,,,,,,,,,,,,,,,true,true,12,2019-04-01,2020-03-31,0
2019-10-25,37790,2019-03-31,,1333000000,,,,,,62000000,,61000000,,,48000000,,4.61,,,,,,,,,,,,,,,,,,,,,,true,false,12,2018-04-01,2019-03-31,-1
2019-10-31,37790,2020-03-31,2,670000000,0.052,,,,,28000000,0.247,28000000,0.260,,18000000,,1.75,,,,,,633000000,397000000,0.627,37.91,397000000,,,,,,,,,,,,true,false,6,2019-04-01,2019-09-30,0
2019-10-31,37790,2019-03-31,2,637000000,-0.241,,,,,23000000,-0.563,22000000,-0.571,,15000000,,1.50,,,,,,,,,,,,,,,,,,,,,,true,false,6,2018-04-01,2018-09-30,-1
2019-10-31,37790,2020-03-31,2,1332000000,-0.001,,,,,38000000,-0.382,37000000,-0.385,,22000000,,2.15,,,,,,,,,,,,,,,,,,,,,,true,true,12,2019-04-01,2020-03-31,0
2019-10-31,37790,2019-03-31,2,,,,,,,,,,,,,,,,,,,,654000000,378000000,0.579,36.16,378000000,,,,,,,,,,,,true,false,12,2018-04-01,2019-03-31,-1
2019-10-31,37790,2019-03-31,2,,,,,,,,,,,,,,,,,,,,,,,,,,,,,0.00,,,,10472990,317,,false,false,12,2018-04-01,2019-03-31,-1
2019-10-31,37790,2020-03-31,2,,,,,,,,,,,,,,,,,,,,,,,,,,,,,0.00,,,,,,,false,false,12,2019-04-01,2020-03-31,0
2019-10-31,37790,2020-03-31,2,,,,,,,,,,,,,,,,,,,,,,,,,,,,,0.00,,,,,,,false,true,12,2019-04-01,2020-03-31,0
2019-10-31,37790,2020-03-31,2,,,,,,,,,,,,,,,,,,,,,,,,,,,,,,,,,10472990,317,10472673,false,false,6,2019-04-01,2019-09-30,0
2019-10-31,37790,2019-03-31,2,,,,,,,,,,,,,,,,,,,,,,,,,,,,,,,,,,,10472673,false,false,6,2018-04-01,2018-09-30,-1
2020-01-31,37790,2020-03-31,3,1024000000,0.011,,,,,51000000,0.039,50000000,0.036,,33000000,,3.23,,,,,,643000000,412000000,0.641,39.40,412000000,,,,,,,,,,,,true,false,9,2019-04-01,2019-12-31,0
2020-01-31,37790,2019-03-31,3,1013000000,-0.125,,,,,49000000,-0.108,49000000,-0.111,,34000000,,3.31,,,,,,,,,,,,,,,,,,,,,,true,false,9,2018-04-01,2018-12-31,-1
2020-01-31,37790,2020-03-31,3,1332000000,-0.001,,,,,38000000,-0.382,37000000,-0.385,,22000000,,2.15,,,,,,,,,,,,,,,,,,,,,,true,true,12,2019-04-01,2020-03-31,0
2020-01-31,37790,2019-03-31,3,,,,,,,,,,,,,,,,,,,,654000000,378000000,0.579,36.16,378000000,,,,,,,,,,,,true,false,12,2018-04-01,2019-03-31,-1
2020-01-31,37790,2019-03-31,3,,,,,,,,,,,,,,,,,,,,,,,,,,,,,0.00,,,,10472990,317,,false,false,12,2018-04-01,2019-03-31,-1
2020-01-31,37790,2020-03-31,3,,,,,,,,,,,,,,,,,,,,,,,,,,,,,0.00,,,,,,,false,false,12,2019-04-01,2020-03-31,0
2020-01-31,37790,2020-03-31,3,,,,,,,,,,,,,,,,,,,,,,,,,,,,,0.00,,,,,,,false,true,12,2019-04-01,2020-03-31,0
2020-01-31,37790,2020-03-31,3,,,,,,,,,,,,,,,,,,,,,,,,,,,,,,,,,10472990,317,10472673,false,false,9,2019-04-01,2019-12-31,0
2020-01-31,37790,2019-03-31,3,,,,,,,,,,,,,,,,,,,,,,,,,,,,,,,,,,,10472673,false,false,9,2018-04-01,2018-12-31,-1
2020-04-20,37790,2020-03-31,,1267000000,-0.049,,,,,51000000,0.342,50000000,0.338,,9000000,,0.92,,,,,,,,,,,,,,,,,,,,,,true,true,12,2019-04-01,2020-03-31,0
2020-04-20,37790,2019-03-31,,1333000000,,,,,,62000000,,61000000,,,48000000,,4.61,,,,,,,,,,,,,,,,,,,,,,true,false,12,2018-04-01,2019-03-31,-1
2020-04-30,37790,2020-03-31,,1267000000,0.000,,,,,51000000,0.000,50000000,0.000,,6000000,,0.64,,,,,,,,,,,,,,,,,,,,,,true,true,12,2019-04-01,2020-03-31,0
2020-04-30,37790,2019-03-31,,1333000000,,,,,,62000000,,61000000,,,48000000,,4.61,,,,,,,,,,,,,,,,,,,,,,true,false,12,2018-04-01,2019-03-31,-1
2020-05-14,37790,2020-03-31,,1267000000,-0.050,,,,,51000000,-0.168,50000000,-0.174,,6000000,,0.64,,0.018,0.082,0.041,,579000000,385000000,0.665,36.80,385000000,81000000,-2000000,-47000000,384000000,,,,,,,,true,false,12,2019-04-01,2020-03-31,0
2020-05-14,37790,2019-03-31,,1333000000,-0.117,,,,,62000000,-0.150,61000000,-0.151,,48000000,,4.61,,0.136,0.095,0.047,,654000000,378000000,0.579,36.16,378000000,96000000,0,-12000000,351000000,,,,,,,,true,false,12,2018-04-01,2019-03-31,-1
2020-05-14,37790,2021-03-31,,574000000,-0.144,,,,,-0,,-1000000,,,-2000000,,-0.20,,,,,,,,,,,,,,,,,,,,,,true,true,6,2020-04-01,2020-09-30,1
2020-05-14,37790,2021-03-31,,1264000000,-0.002,,,,,21000000,-0.590,20000000,-0.604,,16000000,,1.53,,,,,,,,,,,,,,,,,,,,,,true,true,12,2020-04-01,2021-03-31,1
2020-05-14,37790,2020-03-31,,81000000,-0.089,,,,,3000000,-0.764,3000000,-0.763,1000000,,,0.18,,,,,,350000000,338000000,0.965,32.33,338000000,,,,,0.00,,,,10472990,317,10472673,false,false,12,2019-04-01,2020-03-31,0
2020-05-14,37790,2019-03-31,,89000000,-0.142,,,,,15000000,-0.409,15000000,-0.409,-181000000,,,-17.35,,,,,,343000000,336000000,0.979,32.14,336000000,,,,,0.00,,,,10472990,317,10472673,false,false,12,2018-04-01,2019-03-31,-1
2020-05-14,37790,2021-03-31,,,,,,,,,,,,,,,,,,,,,,,,,,,,,,0.00,,,,,,,false,true,12,2020-04-01,2021-03-31,1
2020-07-31,37790,2021-03-31,1,233000000,-0.191,,,,,-2000000,,-2000000,,,-2000000,,-0.26,,,,,,568000000,382000000,0.673,36.54,382000000,,,,,,,,,,,,true,false,3,2020-04-01,2020-06-30,0
2020-07-31,37790,2020-03-31,1,289000000,0.020,,,,,2000000,0.981,1000000,1.739,,-0,,-0.03,,,,,,,,,,,,,,,,,,,,,,true,false,3,2019-04-01,2019-06-30,-1
2020-07-31,37790,2021-03-31,1,574000000,-0.144,,,,,-0,,-1000000,,,-2000000,,-0.20,,,,,,,,,,,,,,,,,,,,,,true,true,6,2020-04-01,2020-09-30,0
2020-07-31,37790,2021-03-31,1,1264000000,-0.002,,,,,21000000,-0.590,20000000,-0.604,,16000000,,1.53,,,,,,,,,,,,,,,,,,,,,,true,true,12,2020-04-01,2021-03-31,0
2020-07-31,37790,2020-03-31,1,,,,,,,,,,,,,,,,,,,,579000000,385000000,0.665,36.80,385000000,,,,,,,,,,,,true,false,12,2019-04-01,2020-03-31,-1
2020-07-31,37790,2020-03-31,1,,,,,,,,,,,,,,,,,,,,,,,,,,,,,0.00,,,,10472990,317,,false,false,12,2019-04-01,2020-03-31,-1
2020-07-31,37790,2021-03-31,1,,,,,,,,,,,,,,,,,,,,,,,,,,,,,0.00,,,,,,,false,true,12,2020-04-01,2021-03-31,0
2020-07-31,37790,2021-03-31,1,,,,,,,,,,,,,,,,,,,,,,,,,,,,,,,,,10472990,317,10472673,false,false,3,2020-04-01,2020-06-30,0
2020-07-31,37790,2020-03-31,1,,,,,,,,,,,,,,,,,,,,,,,,,,,,,,,,,,,10472673,false,false,3,2019-04-01,2019-06-30,-1
2020-10-23,37790,2021-03-31,,498000000,-0.131,,,,,-4000000,,-4000000,,-62000000,,,-5.99,,,,,,,,,,,,,,,,,,,,,,true,true,6,2020-04-01,2020-09-30,0
2020-10-23,37790,2020-03-31,,670000000,,,,,,28000000,,28000000,,18000000,,,1.75,,,,,,,,,,,,,,,,,,,,,,true,false,6,2019-04-01,2019-09-30,-1
2020-10-23,37790,2021-03-31,,993000000,-0.215,,,,,-11000000,,-10000000,,,-70000000,,-6.61,,,,,,,,,,,,,,,,,,,,,,true,true,12,2020-04-01,2021-03-31,0
2020-10-23,37790,2020-03-31,,1267000000,,,,,,51000000,,50000000,,,6000000,,0.64,,,,,,,,,,,,,,,,,,,,,,true,false,12,2019-04-01,2020-03-31,-1
2020-10-23,37790,2021-03-31,,498000000,-0.131,,,,,-4000000,,-4000000,,-62000000,,,-5.99,,,,,,,,,,,,,,,,,,,,,,true,true,6,2020-04-01,2020-09-30,0
2020-10-23,37790,2020-03-31,,670000000,,,,,,28000000,,28000000,,18000000,,,1.75,,,,,,,,,,,,,,,,,,,,,,true,false,6,2019-04-01,2019-09-30,-1
2020-10-23,37790,2021-03-31,,993000000,-0.215,,,,,-11000000,,-10000000,,,-70000000,,-6.69,,,,,,,,,,,,,,,,,,,,,,true,true,12,2020-04-01,2021-03-31,0
2020-10-23,37790,2020-03-31,,1267000000,,,,,,51000000,,50000000,,,6000000,,0.64,,,,,,,,,,,,,,,,,,,,,,true,false,12,2019-04-01,2020-03-31,-1
2020-10-30,37790,2021-03-31,2,498000000,-0.256,,,,,-4000000,,-4000000,,,-62000000,,-5.99,,,,,,501000000,322000000,0.644,30.81,322000000,,,,,,,,,,,,true,false,6,2020-04-01,2020-09-30,0
2020-10-30,37790,2020-03-31,2,670000000,0.052,,,,,28000000,0.247,28000000,0.260,,18000000,,1.75,,,,,,,,,,,,,,,,,,,,,,true,false,6,2019-04-01,2019-09-30,-1
2020-10-30,37790,2021-03-31,2,993000000,-0.216,,,,,-11000000,,-10000000,,,-70000000,,-6.69,,,,,,,,,,,,,,,,,,,,,,true,true,12,2020-04-01,2021-03-31,0
2020-10-30,37790,2020-03-31,2,,,,,,,,,,,,,,,,,,,,579000000,385000000,0.665,36.80,385000000,,,,,,,,,,,,true,false,12,2019-04-01,2020-03-31,-1
2020-10-30,37790,2020-03-31,2,,,,,,,,,,,,,,,,,,,,,,,,,,,,,0.00,,,,10472990,317,,false,false,12,2019-04-01,2020-03-31,-1
2020-10-30,37790,2021-03-31,2,,,,,,,,,,,,,,,,,,,,,,,,,,,,,0.00,,,,,,,false,false,12,2020-04-01,2021-03-31,0
2020-10-30,37790,2021-03-31,2,,,,,,,,,,,,,,,,,,,,,,,,,,,,,0.00,,,,,,,false,true,12,2020-04-01,2021-03-31,0
2020-10-30,37790,2021-03-31,2,,,,,,,,,,,,,,,,,,,,,,,,,,,,,,,,,10472990,317,10472673,false,false,6,2020-04-01,2020-09-30,0
2020-10-30,37790,2020-03-31,2,,,,,,,,,,,,,,,,,,,,,,,,,,,,,,,,,,,10472673,false,false,6,2019-04-01,2019-09-30,-1
2021-01-29,37790,2021-03-31,3,800000000,-0.219,,,,,11000000,-0.775,12000000,-0.759,,-46000000,,-4.43,,,,,,560000000,339000000,0.605,32.37,339000000,,,,,,,,,,,,true,false,9,2020-04-01,2020-12-31,0
2021-01-29,37790,2020-03-31,3,1024000000,0.011,,,,,51000000,0.039,50000000,0.036,,33000000,,3.23,,,,,,,,,,,,,,,,,,,,,,true,false,9,2019-04-01,2019-12-31,-1
2021-01-29,37790,2021-03-31,3,993000000,-0.216,,,,,-11000000,,-10000000,,,-70000000,,-6.69,,,,,,,,,,,,,,,,,,,,,,true,true,12,2020-04-01,2021-03-31,0
2021-01-29,37790,2020-03-31,3,,,,,,,,,,,,,,,,,,,,579000000,385000000,0.665,36.80,385000000,,,,,,,,,,,,true,false,12,2019-04-01,2020-03-31,-1
2021-01-29,37790,2020-03-31,3,,,,,,,,,,,,,,,,,,,,,,,,,,,,,0.00,,,,10472990,317,,false,false,12,2019-04-01,2020-03-31,-1
2021-01-29,37790,2021-03-31,3,,,,,,,,,,,,,,,,,,,,,,,,,,,,,0.00,,,,,,,false,false,12,2020-04-01,2021-03-31,0
2021-01-29,37790,2021-03-31,3,,,,,,,,,,,,,,,,,,,,,,,,,,,,,0.00,,,,,,,false,true,12,2020-04-01,2021-03-31,0
2021-01-29,37790,2021-03-31,3,,,,,,,,,,,,,,,,,,,,,,,,,,,,,,,,,10472990,317,10472673,false,false,9,2020-04-01,2020-12-31,0
2021-01-29,37790,2020-03-31,3,,,,,,,,,,,,,,,,,,,,,,,,,,,,,,,,,,,10472673,false,false,9,2019-04-01,2019-12-31,-1
2021-04-27,37790,2021-03-31,,1052000000,0.060,,,,,23000000,,28000000,,,-17000000,,-1.65,,,,,,,,,,,,,,,,,,,,,,true,true,12,2020-04-01,2021-03-31,0
2021-04-27,37790,2020-03-31,,1267000000,,,,,,51000000,,50000000,,,6000000,,0.64,,,,,,,,,,,,,,,,,,,,,,true,false,12,2019-04-01,2020-03-31,-1
2021-05-13,37790,2021-03-31,,1052000000,-0.169,,,,,23000000,-0.543,28000000,-0.442,,-17000000,,-1.65,,-0.046,0.050,0.022,,542000000,368000000,0.679,35.15,368000000,30000000,-0,,414000000,,,,,,,,true,false,12,2020-04-01,2021-03-31,0
2021-05-13,37790,2020-03-31,,1267000000,-0.050,,,,,51000000,-0.168,50000000,-0.174,,6000000,,0.64,,0.018,0.082,0.041,,579000000,385000000,0.665,36.80,385000000,81000000,-2000000,-47000000,384000000,,,,,,,,true,false,12,2019-04-01,2020-03-31,-1
2021-05-13,37790,2022-03-31,,463000000,-0.071,,,,,6000000,,6000000,,,4000000,,0.43,,,,,,,,,,,,,,,,,,,,,,true,true,6,2021-04-01,2021-09-30,1
2021-05-13,37790,2022-03-31,,1017000000,-0.033,,,,,37000000,0.591,37000000,0.332,,32000000,,3.10,,,,,,,,,,,,,,,,,,,,,,true,true,12,2021-04-01,2022-03-31,1
2021-05-13,37790,2021-03-31,,81000000,,,,,,0,-0.820,0,-0.821,-0,,,-0.03,,,,,,348000000,338000000,0.971,32.30,338000000,,,,,0.00,,,,10472990,317,10472673,false,false,12,2020-04-01,2021-03-31,0
2021-05-13,37790,2020-03-31,,81000000,-0.089,,,,,3000000,-0.764,3000000,-0.763,1000000,,,0.18,,,,,,350000000,338000000,0.965,32.33,338000000,,,,,0.00,,,,10472990,317,10472673,false,false,12,2019-04-01,2020-03-31,-1
2021-05-13,37790,2022-03-31,,,,,,,,,,,,,,,,,,,,,,,,,,,,,,0.00,,,,,,,false,true,12,2021-04-01,2022-03-31,1
2021-07-30,37790,2022-03-31,1,275000000,0.180,,,,,8000000,,8000000,,,6000000,,0.59,,,,,,572000000,374000000,0.654,35.73,374000000,,,,,,,,,,,,true,false,3,2021-04-01,2021-06-30,0
2021-07-30,37790,2021-03-31,1,233000000,-0.191,,,,,-2000000,,-2000000,,,-2000000,,-0.26,,,,,,,,,,,,,,,,,,,,,,true,false,3,2020-04-01,2020-06-30,-1
2021-07-30,37790,2022-03-31,1,463000000,-0.071,,,,,6000000,,6000000,,,4000000,,0.43,,,,,,,,,,,,,,,,,,,,,,true,true,6,2021-04-01,2021-09-30,0
2021-07-30,37790,2022-03-31,1,1017000000,-0.033,,,,,37000000,0.591,37000000,0.332,,32000000,,3.10,,,,,,,,,,,,,,,,,,,,,,true,true,12,2021-04-01,2022-03-31,0
2021-07-30,37790,2021-03-31,1,,,,,,,,,,,,,,,,,,,,542000000,368000000,0.679,35.15,368000000,,,,,,,,,,,,true,false,12,2020-04-01,2021-03-31,-1
2021-07-30,37790,2021-03-31,1,,,,,,,,,,,,,,,,,,,,,,,,,,,,,0.00,,,,10472990,317,,false,false,12,2020-04-01,2021-03-31,-1
2021-07-30,37790,2022-03-31,1,,,,,,,,,,,,,,,,,,,,,,,,,,,,,0.00,,,,,,,false,true,12,2021-04-01,2022-03-31,0
2021-07-30,37790,2022-03-31,1,,,,,,,,,,,,,,,,,,,,,,,,,,,,,,,,,10472990,317,10472673,false,false,3,2021-04-01,2021-06-30,0
2021-07-30,37790,2021-03-31,1,,,,,,,,,,,,,,,,,,,,,,,,,,,,,,,,,,,10472673,false,false,3,2020-04-01,2020-06-30,-1
2021-07-30,37790,2022-03-31,1,275000000,0.180,,,,,8000000,,8000000,,,6000000,,0.59,,,,,,572000000,374000000,0.654,35.73,374000000,,,,,,,,,,,,true,false,3,2021-04-01,2021-06-30,0
2021-07-30,37790,2021-03-31,1,233000000,-0.191,,,,,-2000000,,-2000000,,,-2000000,,-0.26,,,,,,,,,,,,,,,,,,,,,,true,false,3,2020-04-01,2020-06-30,-1
2021-07-30,37790,2022-03-31,1,463000000,-0.071,,,,,6000000,,6000000,,,4000000,,0.43,,,,,,,,,,,,,,,,,,,,,,true,true,6,2021-04-01,2021-09-30,0
2021-07-30,37790,2022-03-31,1,1017000000,-0.033,,,,,37000000,0.591,37000000,0.332,,32000000,,3.10,,,,,,,,,,,,,,,,,,,,,,true,true,12,2021-04-01,2022-03-31,0
2021-07-30,37790,2021-03-31,1,,,,,,,,,,,,,,,,,,,,542000000,368000000,0.679,35.15,368000000,,,,,,,,,,,,true,false,12,2020-04-01,2021-03-31,-1
2021-07-30,37790,2021-03-31,1,,,,,,,,,,,,,,,,,,,,,,,,,,,,,0.00,,,,10472990,317,,false,false,12,2020-04-01,2021-03-31,-1
2021-07-30,37790,2022-03-31,1,,,,,,,,,,,,,,,,,,,,,,,,,,,,,0.00,,,,,,,false,true,12,2021-04-01,2022-03-31,0
2021-07-30,37790,2022-03-31,1,,,,,,,,,,,,,,,,,,,,,,,,,,,,,,,,,10472990,317,10472673,false,false,3,2021-04-01,2021-06-30,0
2021-07-30,37790,2021-03-31,1,,,,,,,,,,,,,,,,,,,,,,,,,,,,,,,,,,,10472673,false,false,3,2020-04-01,2020-06-30,-1
2021-10-22,37790,2022-03-31,,542000000,0.171,,,,,21000000,2.304,24000000,2.918,19000000,,3.240,1.84,,,,,,,,,,,,,,,,,,,,,,true,true,6,2021-04-01,2021-09-30,0
2021-10-22,37790,2021-03-31,,498000000,,,,,,-4000000,,-4000000,,-62000000,,,-5.99,,,,,,,,,,,,,,,,,,,,,,true,false,6,2020-04-01,2020-09-30,-1
2021-10-29,37790,2022-03-31,2,542000000,0.087,,,,,21000000,,24000000,,,19000000,,1.84,,,,,,569000000,387000000,0.680,36.99,387000000,,,,,,,,,,,,true,false,6,2021-04-01,2021-09-30,0
2021-10-29,37790,2021-03-31,2,498000000,-0.256,,,,,-4000000,,-4000000,,,-62000000,,-5.99,,,,,,,,,,,,,,,,,,,,,,true,false,6,2020-04-01,2020-09-30,-1
2021-10-29,37790,2022-03-31,2,1017000000,-0.033,,,,,37000000,0.591,37000000,0.332,,32000000,,3.10,,,,,,,,,,,,,,,,,,,,,,true,true,12,2021-04-01,2022-03-31,0
2021-10-29,37790,2021-03-31,2,,,,,,,,,,,,,,,,,,,,542000000,368000000,0.679,35.15,368000000,,,,,,,,,,,,true,false,12,2020-04-01,2021-03-31,-1
2021-10-29,37790,2021-03-31,2,,,,,,,,,,,,,,,,,,,,,,,,,,,,,0.00,,,,10472990,317,,false,false,12,2020-04-01,2021-03-31,-1
2021-10-29,37790,2022-03-31,2,,,,,,,,,,,,,,,,,,,,,,,,,,,,,0.00,,,,,,,false,false,12,2021-04-01,2022-03-31,0
2021-10-29,37790,2022-03-31,2,,,,,,,,,,,,,,,,,,,,,,,,,,,,,0.00,,,,,,,false,true,12,2021-04-01,2022-03-31,0
2021-10-29,37790,2022-03-31,2,,,,,,,,,,,,,,,,,,,,,,,,,,,,,,,,,10472990,317,10472673,false,false,6,2021-04-01,2021-09-30,0
2021-10-29,37790,2021-03-31,2,,,,,,,,,,,,,,,,,,,,,,,,,,,,,,,,,,,10472673,false,false,6,2020-04-01,2020-09-30,-1
2022-01-31,37790,2022-03-31,3,763000000,-0.046,,,,,17000000,0.474,21000000,0.757,,14000000,,1.38,,,,,,554000000,382000000,0.690,36.53,382000000,,,,,,,,,,,,true,false,9,2021-04-01,2021-12-31,0
2022-01-31,37790,2021-03-31,3,800000000,-0.219,,,,,11000000,-0.775,12000000,-0.759,,-46000000,,-4.43,,,,,,,,,,,,,,,,,,,,,,true,false,9,2020-04-01,2020-12-31,-1
2022-01-31,37790,2022-03-31,3,1017000000,-0.033,,,,,37000000,0.591,37000000,0.332,,32000000,,3.10,,,,,,,,,,,,,,,,,,,,,,true,true,12,2021-04-01,2022-03-31,0
2022-01-31,37790,2021-03-31,3,,,,,,,,,,,,,,,,,,,,542000000,368000000,0.679,35.15,368000000,,,,,,,,,,,,true,false,12,2020-04-01,2021-03-31,-1
2022-01-31,37790,2021-03-31,3,,,,,,,,,,,,,,,,,,,,,,,,,,,,,0.00,,,,10472990,317,,false,false,12,2020-04-01,2021-03-31,-1
2022-01-31,37790,2022-03-31,3,,,,,,,,,,,,,,,,,,,,,,,,,,,,,0.00,,,,,,,false,false,12,2021-04-01,2022-03-31,0
2022-01-31,37790,2022-03-31,3,,,,,,,,,,,,,,,,,,,,,,,,,,,,,0.00,,,,,,,false,true,12,2021-04-01,2022-03-31,0
2022-01-31,37790,2022-03-31,3,,,,,,,,,,,,,,,,,,,,,,,,,,,,,,,,,10472990,317,10472673,false,false,9,2021-04-01,2021-12-31,0
2022-01-31,37790,2021-03-31,3,,,,,,,,,,,,,,,,,,,,,,,,,,,,,,,,,,,10472673,false,false,9,2020-04-01,2020-12-31,-1
2022-04-28,37790,2022-03-31,,937000000,-0.079,,,,,11000000,-0.683,15000000,-0.575,,4000000,,0.40,,,,,,,,,,,,,,,,,,,,,,true,true,12,2021-04-01,2022-03-31,0
2022-04-28,37790,2021-03-31,,1052000000,,,,,,23000000,,28000000,,,-17000000,,-1.65,,,,,,,,,,,,,,,,,,,,,,true,false,12,2020-04-01,2021-03-31,-1
2022-05-12,37790,2022-03-31,,937000000,-0.110,,,,,11000000,-0.496,15000000,-0.434,,4000000,,0.40,,0.011,0.030,0.013,,512000000,372000000,0.727,35.54,372000000,-18000000,-0,,395000000,,,,,,,,true,false,12,2021-04-01,2022-03-31,0
2022-05-12,37790,2021-03-31,,1052000000,-0.169,,,,,23000000,-0.543,28000000,-0.442,,-17000000,,-1.65,,-0.046,0.050,0.022,,542000000,368000000,0.679,35.15,368000000,30000000,-0,,414000000,,,,,,,,true,false,12,2020-04-01,2021-03-31,-1
2022-05-12,37790,2022-03-31,,81000000,,,,,,-3000000,,-3000000,,-4000000,,,-0.43,,,,,,342000000,333000000,0.974,31.87,333000000,,,,,0.00,,,,10472990,317,10472673,false,false,12,2021-04-01,2022-03-31,0
2022-05-12,37790,2021-03-31,,81000000,,,,,,0,-0.820,0,-0.821,-0,,,-0.03,,,,,,348000000,338000000,0.971,32.30,338000000,,,,,0.00,,,,10472990,317,10472673,false,false,12,2020-04-01,2021-03-31,-1
2022-05-12,37790,2023-03-31,,,,,,,,,,,,,,,,,,,,,,,,,,,,,,0.00,,,,,,,false,true,12,2022-04-01,2023-03-31,1
2022-07-29,37790,2023-03-31,1,208000000,-0.244,,,,,-14000000,,-14000000,,,-14000000,,-1.43,,,,,,507000000,357000000,0.704,34.11,357000000,,,,,,,,,,,,true,false,3,2022-04-01,2022-06-30,0
2022-07-29,37790,2022-03-31,1,275000000,0.180,,,,,8000000,,8000000,,,6000000,,0.59,,,,,,,,,,,,,,,,,,,,,,true,false,3,2021-04-01,2021-06-30,-1
2022-07-29,37790,2022-03-31,1,,,,,,,,,,,,,,,,,,,,512000000,372000000,0.727,35.54,372000000,,,,,,,,,,,,true,false,12,2021-04-01,2022-03-31,-1
2022-07-29,37790,2022-03-31,1,,,,,,,,,,,,,,,,,,,,,,,,,,,,,0.00,,,,10472990,317,,false,false,12,2021-04-01,2022-03-31,-1
2022-07-29,37790,2023-03-31,1,,,,,,,,,,,,,,,,,,,,,,,,,,,,,0.00,,,,,,,false,true,12,2022-04-01,2023-03-31,0
2022-07-29,37790,2023-03-31,1,,,,,,,,,,,,,,,,,,,,,,,,,,,,,,,,,10472990,317,10472673,false,false,3,2022-04-01,2022-06-30,0
2022-07-29,37790,2022-03-31,1,,,,,,,,,,,,,,,,,,,,,,,,,,,,,,,,,,,10472673,false,false,3,2021-04-01,2021-06-30,-1
2022-10-31,37790,2023-03-31,2,451000000,-0.168,,,,,-29000000,,-29000000,,,69000000,,6.68,,,,,,2428000000,443000000,0.182,42.23,442000000,,,,,,,,,,,,true,false,6,2022-04-01,2022-09-30,0
2022-10-31,37790,2022-03-31,2,542000000,0.087,,,,,21000000,,24000000,,,19000000,,1.84,,,,,,,,,,,,,,,,,,,,,,true,false,6,2021-04-01,2021-09-30,-1
2022-10-31,37790,2022-03-31,2,,,,,,,,,,,,,,,,,,,,512000000,372000000,0.727,35.54,372000000,,,,,,,,,,,,true,false,12,2021-04-01,2022-03-31,-1
2022-10-31,37790,2022-03-31,2,,,,,,,,,,,,,,,,,,,,,,,,,,,,,0.00,,,,10472990,317,,false,false,12,2021-04-01,2022-03-31,-1
2022-10-31,37790,2023-03-31,2,,,,,,,,,,,,,,,,,,,,,,,,,,,,,0.00,,,,,,,false,false,12,2022-04-01,2023-03-31,0
2022-10-31,37790,2023-03-31,2,,,,,,,,,,,,,,,,,,,,,,,,,,,,,0.00,,,,,,,false,true,12,2022-04-01,2023-03-31,0
2022-10-31,37790,2023-03-31,2,,,,,,,,,,,,,,,,,,,,,,,,,,,,,,,,,10472990,317,10472673,false,false,6,2022-04-01,2022-09-30,0
2022-10-31,37790,2022-03-31,2,,,,,,,,,,,,,,,,,,,,,,,,,,,,,,,,,,,10472673,false,false,6,2021-04-01,2021-09-30,-1
2023-01-31,37790,2023-03-31,3,1048000000,0.374,,,,,-50000000,,-48000000,,,41000000,,3.97,,,,,,2645000000,518000000,0.196,44.73,517000000,,,,,,,,,,,,true,false,9,2022-04-01,2022-12-31,0
2023-01-31,37790,2022-03-31,3,763000000,-0.046,,,,,17000000,0.474,21000000,0.757,,14000000,,1.38,,,,,,,,,,,,,,,,,,,,,,true,false,9,2021-04-01,2021-12-31,-1
2023-01-31,37790,2022-03-31,3,,,,,,,,,,,,,,,,,,,,512000000,372000000,0.727,35.54,372000000,,,,,,,,,,,,true,false,12,2021-04-01,2022-03-31,-1
2023-01-31,37790,2022-03-31,3,,,,,,,,,,,,,,,,,,,,,,,,,,,,,0.00,,,,10472990,317,,false,false,12,2021-04-01,2022-03-31,-1
2023-01-31,37790,2023-03-31,3,,,,,,,,,,,,,,,,,,,,,,,,,,,,,0.00,,,,,,,false,false,12,2022-04-01,2023-03-31,0
2023-01-31,37790,2023-03-31,3,,,,,,,,,,,,,,,,,,,,,,,,,,,,,0.00,,,,,,,false,true,12,2022-04-01,2023-03-31,0
2023-01-31,37790,2023-03-31,3,,,,,,,,,,,,,,,,,,,,,,,,,,,,,,,,,11567990,317,10512491,false,false,9,2022-04-01,2022-12-31,0
2023-01-31,37790,2022-03-31,3,,,,,,,,,,,,,,,,,,,,,,,,,,,,,,,,,,,10472673,false,false,9,2021-04-01,2021-12-31,-1
2023-05-12,37790,2023-03-31,,1617000000,0.725,,,,,-63000000,,-28000000,,,41000000,,3.83,,0.092,-0.017,-0.039,,2821000000,627000000,0.186,45.31,524000000,-127000000,851000000,198000000,1320000000,,,,,,,,true,false,12,2022-04-01,2023-03-31,0
2023-05-12,37790,2022-03-31,,937000000,-0.110,,,,,11000000,-0.496,15000000,-0.434,,4000000,,0.40,,0.011,0.030,0.013,,512000000,372000000,0.727,35.54,372000000,-18000000,-0,,395000000,,,,,,,,true,false,12,2021-04-01,2022-03-31,-1
2023-05-12,37790,2023-03-31,,85000000,0.049,,,,,-7000000,,-7000000,,-18000000,,,-1.74,,,,,,512000000,426000000,0.832,36.89,426000000,,,,,0.00,,,,11567990,317,10772673,false,false,12,2022-04-01,2023-03-31,0
2023-05-12,37790,2022-03-31,,81000000,,,,,,-3000000,,-3000000,,-4000000,,,-0.43,,,,,,342000000,333000000,0.974,31.87,333000000,,,,,0.00,,,,10472990,317,10472673,false,false,12,2021-04-01,2022-03-31,-1
2023-05-12,37790,2024-03-31,,,,,,,,,,,,,,,,,,,,,,,,,,,,,,0.00,,,,,,,false,true,12,2023-04-01,2024-03-31,1
2023-05-12,37790,2023-03-31,,1617000000,0.725,,,,,-63000000,,-28000000,,,41000000,,3.83,,,,,,,,,,,,,,,,,,,,,,true,true,12,2022-04-01,2023-03-31,0
2023-05-12,37790,2022-03-31,,937000000,,,,,,11000000,,15000000,,,4000000,,0.40,,,,,,,,,,,,,,,,,,,,,,true,false,12,2021-04-01,2022-03-31,-1
2023-05-12,37790,2023-03-31,,85000000,0.049,,,-7000000,,,,,,-18000000,,,-1.74,,,,,,,,,,,,,,,,,,,,,,false,true,12,2022-04-01,2023-03-31,0
2023-05-12,37790,2022-03-31,,81000000,,,,-3000000,,,,,,-4000000,,,-0.43,,,,,,,,,,,,,,,,,,,,,,false,false,12,2021-04-01,2022-03-31,-1
2023-05-12,37790,2023-03-31,,1617000000,0.725,,,,,-63000000,,-28000000,,,41000000,,3.83,,0.092,-0.017,-0.039,,2821000000,627000000,0.186,45.31,524000000,-127000000,668000000,198000000,1138000000,,,,,,,,true,false,12,2022-04-01,2023-03-31,0
2023-05-12,37790,2022-03-31,,937000000,-0.110,,,,,11000000,-0.496,15000000,-0.434,,4000000,,0.40,,0.011,0.030,0.013,,512000000,372000000,0.727,35.54,372000000,-18000000,-0,,395000000,,,,,,,,true,false,12,2021-04-01,2022-03-31,-1
2023-05-12,37790,2023-03-31,,85000000,0.049,,,,,-7000000,,-7000000,,-18000000,,,-1.74,,,,,,512000000,426000000,0.832,36.89,426000000,,,,,0.00,,,,11567990,317,10772673,false,false,12,2022-04-01,2023-03-31,0
2023-05-12,37790,2022-03-31,,81000000,,,,,,-3000000,,-3000000,,-4000000,,,-0.43,,,,,,342000000,333000000,0.974,31.87,333000000,,,,,0.00,,,,10472990,317,10472673,false,false,12,2021-04-01,2022-03-31,-1
2023-05-12,37790,2024-03-31,,,,,,,,,,,,,,,,,,,,,,,,,,,,,,0.00,,,,,,,false,true,12,2023-04-01,2024-03-31,1
2023-07-31,37790,2024-03-31,1,479000000,1.298,,,,,-34000000,,-23000000,,,-27000000,,-2.37,,,,,,2479000000,585000000,0.194,41.67,482000000,,,,,,,,,,,,true,false,3,2023-04-01,2023-06-30,0
2023-07-31,37790,2023-03-31,1,208000000,-0.244,,,,,-14000000,,-14000000,,,-14000000,,-1.43,,,,,,,,,,,,,,,,,,,,,,true,false,3,2022-04-01,2022-06-30,-1
2023-07-31,37790,2023-03-31,1,,,,,,,,,,,,,,,,,,,,2821000000,627000000,0.186,45.31,524000000,,,,,,,,,,,,true,false,12,2022-04-01,2023-03-31,-1
2023-07-31,37790,2023-03-31,1,,,,,,,,,,,,,,,,,,,,,,,,,,,,,0.00,,,,11567990,317,,false,false,12,2022-04-01,2023-03-31,-1
2023-07-31,37790,2024-03-31,1,,,,,,,,,,,,,,,,,,,,,,,,,,,,,0.00,,,,,,,false,true,12,2023-04-01,2024-03-31,0
2023-07-31,37790,2024-03-31,1,,,,,,,,,,,,,,,,,,,,,,,,,,,,,,,,,11567990,317,11567673,false,false,3,2023-04-01,2023-06-30,0
2023-07-31,37790,2023-03-31,1,,,,,,,,,,,,,,,,,,,,,,,,,,,,,,,,,,,10472673,false,false,3,2022-04-01,2022-06-30,-1
2023-10-31,37790,2024-03-31,2,876000000,0.941,,,,,-114000000,,-96000000,,,-99000000,,-8.63,,,,,,2461000000,532000000,0.174,37.09,428000000,,,,,,,,,,,,true,false,6,2023-04-01,2023-09-30,0
2023-10-31,37790,2023-03-31,2,451000000,-0.168,,,,,-29000000,,-29000000,,,69000000,,6.68,,,,,,,,,,,,,,,,,,,,,,true,false,6,2022-04-01,2022-09-30,-1
2023-10-31,37790,2023-03-31,2,,,,,,,,,,,,,,,,,,,,2821000000,627000000,0.186,45.31,524000000,,,,,,,,,,,,true,false,12,2022-04-01,2023-03-31,-1
2023-10-31,37790,2023-03-31,2,,,,,,,,,,,,,,,,,,,,,,,,,,,,,0.00,,,,11567990,317,,false,false,12,2022-04-01,2023-03-31,-1
2023-10-31,37790,2024-03-31,2,,,,,,,,,,,,,,,,,,,,,,,,,,,,,0.00,,,,,,,false,false,12,2023-04-01,2024-03-31,0
2023-10-31,37790,2024-03-31,2,,,,,,,,,,,,,,,,,,,,,,,,,,,,,0.00,,,,,,,false,true,12,2023-04-01,2024-03-31,0
2023-10-31,37790,2024-03-31,2,,,,,,,,,,,,,,,,,,,,,,,,,,,,,,,,,11567990,317,11567673,false,false,6,2023-04-01,2023-09-30,0
2023-10-31,37790,2023-03-31,2,,,,,,,,,,,,,,,,,,,,,,,,,,,,,,,,,,,10472673,false,false,6,2022-04-01,2022-09-30,-1
2024-01-31,37790,2024-03-31,3,1238000000,0.181,,,,,-194000000,,-177000000,,,-239000000,,-20.68,,,,,,2366000000,404000000,0.122,24.89,287000000,,,,,,,,,,,,true,false,9,2023-04-01,2023-12-31,0
2024-01-31,37790,2023-03-31,3,1048000000,0.374,,,,,-50000000,,-48000000,,,41000000,,3.97,,,,,,,,,,,,,,,,,,,,,,true,false,9,2022-04-01,2022-12-31,-1
2024-01-31,37790,2023-03-31,3,,,,,,,,,,,,,,,,,,,,2821000000,627000000,0.186,45.31,524000000,,,,,,,,,,,,true,false,12,2022-04-01,2023-03-31,-1
2024-01-31,37790,2023-03-31,3,,,,,,,,,,,,,,,,,,,,,,,,,,,,,0.00,,,,11567990,317,,false,false,12,2022-04-01,2023-03-31,-1
2024-01-31,37790,2024-03-31,3,,,,,,,,,,,,,,,,,,,,,,,,,,,,,0.00,,,,,,,false,false,12,2023-04-01,2024-03-31,0
2024-01-31,37790,2024-03-31,3,,,,,,,,,,,,,,,,,,,,,,,,,,,,,0.00,,,,,,,false,true,12,2023-04-01,2024-03-31,0
2024-01-31,37790,2024-03-31,3,,,,,,,,,,,,,,,,,,,,,,,,,,,,,,,,,11567990,317,11567673,false,false,9,2023-04-01,2023-12-31,0
2024-01-31,37790,2023-03-31,3,,,,,,,,,,,,,,,,,,,,,,,,,,,,,,,,,,,10512491,false,false,9,2022-04-01,2022-12-31,-1
2024-05-10,37790,2024-03-31,,1587000000,-0.018,,,,,-226000000,,-216000000,,,-273000000,,-23.68,,-0.721,-0.079,-0.143,,2618000000,352000000,0.090,20.41,236000000,-339000000,-187000000,131000000,747000000,,0.000,,,,,,true,false,12,2023-04-01,2024-03-31,0
2024-05-10,37790,2023-03-31,,1617000000,0.725,,,,,-63000000,,-28000000,,,41000000,,3.83,,0.092,-0.017,-0.039,,2821000000,627000000,0.186,45.31,524000000,-127000000,668000000,198000000,1138000000,,0.000,,,,,,true,false,12,2022-04-01,2023-03-31,-1
2024-05-10,37790,2024-03-31,,86000000,0.009,,,,,-15000000,,-13000000,,-137000000,,,-11.91,,,,,,374000000,289000000,0.771,24.99,289000000,,,,,0.00,,,,11567990,317,11567673,false,false,12,2023-04-01,2024-03-31,0
2024-05-10,37790,2023-03-31,,85000000,0.049,,,,,-7000000,,-7000000,,-18000000,,,-1.74,,,,,,512000000,426000000,0.832,36.89,426000000,,,,,0.00,,,,11567990,317,10772673,false,false,12,2022-04-01,2023-03-31,-1
2024-05-10,37790,2025-03-31,,,,,,,,,,,,,,,,,,,,,,,,,,,,,,0.00,,,,,,,false,true,12,2024-04-01,2025-03-31,1
2024-05-10,37790,2025-03-31,,,,,,,,,,,,,,,,,,,,,,,,,,,,,,,0.000,,,,,,true,true,12,2024-04-01,2025-03-31,1
2024-05-10,37790,2024-03-31,,1587000000,-0.018,,,,,-248000000,,-237000000,,,-295000000,,-25.53,,-0.777,-0.087,-0.156,,2618000000,352000000,0.090,20.41,236000000,-360000000,-187000000,131000000,747000000,,0.000,,,,,,true,false,12,2023-04-01,2024-03-31,0
2024-05-10,37790,2023-03-31,,1617000000,0.725,,,,,-63000000,,-28000000,,,41000000,,3.83,,0.092,-0.017,-0.039,,2821000000,627000000,0.186,45.31,524000000,-127000000,668000000,198000000,1138000000,,0.000,,,,,,true,false,12,2022-04-01,2023-03-31,-1
2024-05-10,37790,2024-03-31,,86000000,0.009,,,,,-15000000,,-13000000,,-137000000,,,-11.91,,,,,,374000000,289000000,0.771,24.99,289000000,,,,,0.00,,,,11567990,317,11567673,false,false,12,2023-04-01,2024-03-31,0
2024-05-10,37790,2023-03-31,,85000000,0.049,,,,,-7000000,,-7000000,,-18000000,,,-1.74,,,,,,512000000,426000000,0.832,36.89,426000000,,,,,0.00,,,,11567990,317,10772673,false,false,12,2022-04-01,2023-03-31,-1
2024-05-10,37790,2025-03-31,,,,,,,,,,,,,,,,,,,,,,,,,,,,,,0.00,,,,,,,false,true,12,2024-04-01,2025-03-31,1
2024-05-10,37790,2025-03-31,,,,,,,,,,,,,,,,,,,,,,,,,,,,,,,0.000,,,,,,true,true,12,2024-04-01,2025-03-31,1
2024-08-09,3779,2025-03-31,1,302000000,-0.368,,,,,-50000000,,-9000000,,,-77000000,,-6.69,,,,,,2016000000,287000000,0.085,,171000000,,,,,,,,,,,,true,false,3,2024-04-01,2024-06-30,0
2024-08-09,3779,2024-03-31,1,479000000,1.298,,,,,-35000000,,-24000000,,,-27000000,,-2.37,,,,,,,,,,,,,,,,,,,,,,true,false,3,2023-04-01,2023-06-30,-1
2024-08-09,3779,2024-03-31,1,,,,,,,,,,,,,,,,,,,,2373000000,360000000,0.103,,243000000,,,,,,,,,,,,true,false,12,2023-04-01,2024-03-31,-1
2024-08-09,3779,2024-03-31,1,,,,,,,,,,,,,,,,,,,,,,,,,,,,,0.00,,,,11567990,317,,false,false,12,2023-04-01,2024-03-31,-1
2024-08-09,3779,2025-03-31,1,,,,,,,,,,,,,,,,,,,,,,,,,,,,,0.00,,,,,,,false,true,12,2024-04-01,2025-03-31,0
2024-08-09,3779,2025-03-31,1,,,,,,,,,,,,,,,,,,,,,,,,,,,,,,,,,11567990,317,11567673,false,false,3,2024-04-01,2024-06-30,0
2024-08-09,3779,2024-03-31,1,,,,,,,,,,,,,,,,,,,,,,,,,,,,,,,,,,,11567673,false,false,3,2023-04-01,2023-06-30,-1
2024-11-08,3779,2025-03-31,2,598000000,-0.318,,,,,-89000000,,-34000000,,,-56000000,,-4.87,,,,,,2169000000,317000000,0.093,,201000000,,,,,,,,,,,,true,false,6,2024-04-01,2024-09-30,0
2024-11-08,3779,2024-03-31,2,877000000,0.942,,,,,-116000000,,-98000000,,,-100000000,,-8.71,,,,,,,,,,,,,,,,,,,,,,true,false,6,2023-04-01,2023-09-30,-1
2024-11-08,3779,2024-03-31,2,,,,,,,,,,,,,,,,,,,,2373000000,360000000,0.103,,243000000,,,,,,,,,,,,true,false,12,2023-04-01,2024-03-31,-1
2024-11-08,3779,2024-03-31,2,,,,,,,,,,,,,,,,,,,,,,,,,,,,,0.00,,,,11567990,317,,false,false,12,2023-04-01,2024-03-31,-1
2024-11-08,3779,2025-03-31,2,,,,,,,,,,,,,,,,,,,,,,,,,,,,,0.00,,,,,,,false,false,12,2024-04-01,2025-03-31,0
2024-11-08,3779,2025-03-31,2,,,,,,,,,,,,,,,,,,,,,,,,,,,,,0.00,,,,,,,false,true,12,2024-04-01,2025-03-31,0
2024-11-08,3779,2025-03-31,2,,,,,,,,,,,,,,,,,,,,,,,,,,,,,,,,,11567990,317,11567673,false,false,6,2024-04-01,2024-09-30,0
2024-11-08,3779,2024-03-31,2,,,,,,,,,,,,,,,,,,,,,,,,,,,,,,,,,,,11567673,false,false,6,2023-04-01,2023-09-30,-1
2025-02-07,3779,2025-03-31,3,956000000,-0.224,,,,,-103000000,,-68000000,,,542000000,,46.86,,,,,,2759000000,956000000,0.286,,788000000,,,,,,,,,,,,true,false,9,2024-04-01,2024-12-31,0
2025-02-07,3779,2024-03-31,3,1232000000,0.175,,,,,-203000000,,-186000000,,,-248000000,,-21.49,,,,,,,,,,,,,,,,,,,,,,true,false,9,2023-04-01,2023-12-31,-1
2025-02-07,3779,2024-03-31,3,,,,,,,,,,,,,,,,,,,,2373000000,360000000,0.103,,243000000,,,,,,,,,,,,true,false,12,2023-04-01,2024-03-31,-1
2025-02-07,3779,2024-03-31,3,,,,,,,,,,,,,,,,,,,,,,,,,,,,,0.00,,,,11567990,317,,false,false,12,2023-04-01,2024-03-31,-1
2025-02-07,3779,2025-03-31,3,,,,,,,,,,,,,,,,,,,,,,,,,,,,,0.00,,,,,,,false,false,12,2024-04-01,2025-03-31,0
2025-02-07,3779,2025-03-31,3,,,,,,,,,,,,,,,,,,,,,,,,,,,,,0.00,,,,,,,false,true,12,2024-04-01,2025-03-31,0
2025-02-07,3779,2025-03-31,3,,,,,,,,,,,,,,,,,,,,,,,,,,,,,,,,,11567990,317,11567673,false,false,9,2024-04-01,2024-12-31,0
2025-02-07,3779,2024-03-31,3,,,,,,,,,,,,,,,,,,,,,,,,,,,,,,,,,,,11567673,false,false,9,2023-04-01,2023-12-31,-1
2025-05-13,3779,2025-03-31,,1318000000,-0.169,,,,,-108000000,,-222000000,,,370000000,,32.03,,0.862,-0.080,-0.082,,3191000000,731000000,0.193,53.21,615000000,13000000,355000000,99000000,1171000000,,0.000,,,,,,true,false,12,2024-04-01,2025-03-31,0
2025-05-13,3779,2024-03-31,,1587000000,-0.018,,,,,-243000000,,-233000000,,,-290000000,,-25.15,,-0.756,-0.090,-0.154,,2373000000,360000000,0.103,21.09,243000000,-395000000,-192000000,171000000,747000000,,0.000,,,,,,true,false,12,2023-04-01,2024-03-31,-1
2025-05-13,3779,2025-03-31,,95000000,0.106,,,,,-19000000,,-17000000,,-18000000,,,-1.60,,,,,,474000000,270000000,0.570,23.39,270000000,,,,,0.00,,,,11567990,317,11567673,false,false,12,2024-04-01,2025-03-31,0
2025-05-13,3779,2024-03-31,,86000000,0.009,,,,,-15000000,,-13000000,,-137000000,,,-11.91,,,,,,374000000,289000000,0.771,24.99,289000000,,,,,0.00,,,,11567990,317,11567673,false,false,12,2023-04-01,2024-03-31,-1
2025-05-13,3779,2026-03-31,,,,,,,,,,,,,,,,,,,,,,,,,,,,,,0.00,,,,,,,false,true,12,2025-04-01,2026-03-31,1
2025-05-13,3779,2026-03-31,,,,,,,,,,,,,,,,,,,,,,,,,,,,,,,0.000,,,,,,true,true,12,2025-04-01,2026-03-31,1
2025-06-13,3779,2025-03-31,,1318000000,-0.169,,,,,-108000000,,-222000000,,,370000000,,32.03,,0.862,-0.080,-0.082,,3191000000,731000000,0.193,53.21,615000000,13000000,355000000,99000000,1196000000,,0.000,,,,,,true,false,12,2024-04-01,2025-03-31,0
2025-06-13,3779,2024-03-31,,1587000000,-0.018,,,,,-243000000,,-233000000,,,-290000000,,-25.15,,-0.756,-0.090,-0.154,,2373000000,360000000,0.103,21.09,243000000,-395000000,-192000000,171000000,747000000,,0.000,,,,,,true,false,12,2023-04-01,2024-03-31,-1
2025-06-13,3779,2025-03-31,,95000000,0.106,,,,,-19000000,,-17000000,,-18000000,,,-1.60,,,,,,474000000,270000000,0.570,23.39,270000000,,,,,0.00,,,,11567990,317,11567673,false,false,12,2024-04-01,2025-03-31,0
2025-06-13,3779,2024-03-31,,86000000,0.009,,,,,-15000000,,-13000000,,-137000000,,,-11.91,,,,,,374000000,289000000,0.771,24.99,289000000,,,,,0.00,,,,11567990,317,11567673,false,false,12,2023-04-01,2024-03-31,-1
2025-06-13,3779,2026-03-31,,,,,,,,,,,,,,,,,,,,,,,,,,,,,,0.00,,,,,,,false,true,12,2025-04-01,2026-03-31,1
2025-06-13,3779,2026-03-31,,,,,,,,,,,,,,,,,,,,,,,,,,,,,,,0.000,,,,,,true,true,12,2025-04-01,2026-03-31,1
2025-08-08,3779,2026-03-31,1,377000000,0.248,,,,,37000000,,19000000,,,-1000000,,-0.16,,,,,,2188000000,732000000,0.278,,608000000,,,,,,,,,,,,true,false,3,2025-04-01,2025-06-30,0
2025-08-08,3779,2025-03-31,1,302000000,-0.368,,,,,-50000000,,-9000000,,,-77000000,,-6.69,,,,,,,,,,,,,,,,,,,,,,true,false,3,2024-04-01,2024-06-30,-1
2025-08-08,3779,2025-03-31,1,,,,,,,,,,,,,,,,,,,,3191000000,731000000,0.193,,615000000,,,,,,,,,,,,true,false,12,2024-04-01,2025-03-31,-1
2025-08-08,3779,2025-03-31,1,,,,,,,,,,,,,,,,,,,,,,,,,,,,,0.00,,,,11567990,317,,false,false,12,2024-04-01,2025-03-31,-1
2025-08-08,3779,2026-03-31,1,,,,,,,,,,,,,,,,,,,,,,,,,,,,,0.00,,,,,,,false,true,12,2025-04-01,2026-03-31,0
2025-08-08,3779,2026-03-31,1,,,,,,,,,,,,,,,,,,,,,,,,,,,,,,,,,11567990,317,11567673,false,false,3,2025-04-01,2025-06-30,0
2025-08-08,3779,2025-03-31,1,,,,,,,,,,,,,,,,,,,,,,,,,,,,,,,,,,,11567673,false,false,3,2024-04-01,2024-06-30,-1
