filing_date,code,fiscal_year_end,quarterly_period,net_sales,net_sales_change,revenue,revenue_change,operating_revenue,operating_revenue_change,operating_profit,operating_profit_change,ordinary_profit,ordinary_profit_change,net_income,net_income_of_parent,net_income_change,eps,diluted_eps,roe,roa,operating_profit_to_net_sales,operating_profit_to_revenue,total_assets,net_assets,equity_ratio,bps,owner_equity,operating_cash_flow,investing_cash_flow,financing_cash_flow,cash,dividend_per_share,payout_ratio,commemorative_dividend,extra_dividend,number_of_shares,number_of_treqsury_shares,avg_number_of_shares,is_consolidated,is_forecast,duration,period_start,period_end,period_pos
2015-05-11,37930,2015-03-31,,7298000000,,,,,,301000000,,278000000,,17000000,,,1.31,1.30,0.010,0.064,0.041,,4679000000,2213000000,0.407,139.55,1904000000,943000000,-679000000,638000000,2275000000,,,,,,,,true,false,12,2014-04-01,2015-03-31,0
2015-05-11,37930,2016-03-31,,1800000000,-0.092,,,,,-300000000,,-300000000,,,-200000000,,-14.71,,,,,,,,,,,,,,,,,,,,,,true,true,3,2015-04-01,2015-06-30,1
2015-05-11,37930,2015-03-31,,7215000000,0.032,,,,,394000000,,336000000,,28000000,,,2.12,2.11,,,,,4436000000,1995000000,0.432,140.54,1918000000,,,,,0.00,,,,13883000,233200,13598301,false,false,12,2014-04-01,2015-03-31,0
2015-05-11,37930,2014-03-31,,6989000000,-0.177,,,,,-503000000,,-522000000,,-508000000,,,-37.68,,,,,,4072000000,1831000000,0.434,130.38,1767000000,,,,,0.00,,,,13786500,233200,13501100,false,false,12,2013-04-01,2014-03-31,-1
2015-05-11,37930,2016-03-31,,,,,,,,,,,,,,,,,,,,,,,,,,,,,,0.00,,,,,,,false,true,12,2015-04-01,2016-03-31,1
2015-07-23,37930,2016-03-31,,1634000000,-0.092,,,,,-205000000,0.317,-210000000,0.300,,-153000000,,-11.23,,,,,,,,,,,,,,,,,,,,,,true,true,3,2015-04-01,2015-06-30,0
2015-07-23,37930,2015-03-31,,1981000000,,,,,,111000000,,106000000,,,92000000,,6.81,,,,,,,,,,,,,,,,,,,,,,true,false,3,2014-04-01,2014-06-30,-1
2015-07-30,37930,2016-03-31,1,1634000000,-0.175,,,,,-205000000,,-210000000,,,-153000000,,-11.23,,,,,,4367000000,2073000000,0.403,128.84,1759000000,,,,,,,,,,,,true,false,3,2015-04-01,2015-06-30,0
2015-07-30,37930,2015-03-31,1,1981000000,,,,,,111000000,,106000000,,,92000000,,6.81,6.77,,,,,,,,,,,,,,,,,,,,,true,false,3,2014-04-01,2014-06-30,-1
2015-07-30,37930,2016-03-31,1,3350000000,-0.136,,,,,-400000000,,-400000000,,,-300000000,,-21.97,,,,,,,,,,,,,,,,,,,,,,true,true,6,2015-04-01,2015-09-30,0
2015-07-30,37930,2015-03-31,1,,,,,,,,,,,,,,,,,,,,4679000000,2213000000,0.407,139.55,1904000000,,,,,,,,,,,,true,false,12,2014-04-01,2015-03-31,-1
2015-07-30,37930,2015-03-31,1,,,,,,,,,,,,,,,,,,,,,,,,,,,,,0.00,,,,13883000,233200,,false,false,12,2014-04-01,2015-03-31,-1
2015-07-30,37930,2016-03-31,1,,,,,,,,,,,,,,,,,,,,,,,,,,,,,0.00,,,,,,,false,true,12,2015-04-01,2016-03-31,0
2015-07-30,37930,2016-03-31,1,,,,,,,,,,,,,,,,,,,,,,,,,,,,,,,,,13891000,233200,13652404,false,false,3,2015-04-01,2015-06-30,0
2015-07-30,37930,2015-03-31,1,,,,,,,,,,,,,,,,,,,,,,,,,,,,,,,,,,,13569295,false,false,3,2014-04-01,2014-06-30,-1
2015-10-29,37930,2016-03-31,2,3330000000,-0.141,,,,,-290000000,,-299000000,,,-217000000,,-15.95,,,,,,3948000000,1999000000,0.429,124.12,1695000000,,,,,,,,,,,,true,false,6,2015-04-01,2015-09-30,0
2015-10-29,37930,2015-03-31,2,3877000000,,,,,,284000000,,274000000,,,185000000,,13.66,13.59,,,,,,,,,,,,,,,,,,,,,true,false,6,2014-04-01,2014-09-30,-1
2015-10-29,37930,2016-03-31,2,5000000000,-0.112,,,,,-350000000,,-350000000,,,-300000000,,-21.97,,,,,,,,,,,,,,,,,,,,,,true,true,9,2015-04-01,2015-12-31,0
2015-10-29,37930,2015-03-31,2,,,,,,,,,,,,,,,,,,,,4679000000,2213000000,0.407,139.55,1904000000,,,,,,,,,,,,true,false,12,2014-04-01,2015-03-31,-1
2015-10-29,37930,2015-03-31,2,,,,,,,,,,,,,,,,,,,,,,,,,,,,,0.00,,,,13883000,233200,,false,false,12,2014-04-01,2015-03-31,-1
2015-10-29,37930,2016-03-31,2,,,,,,,,,,,,,,,,,,,,,,,,,,,,,0.00,,,,,,,false,false,12,2015-04-01,2016-03-31,0
2015-10-29,37930,2016-03-31,2,,,,,,,,,,,,,,,,,,,,,,,,,,,,,0.00,,,,,,,false,true,12,2015-04-01,2016-03-31,0
2015-10-29,37930,2016-03-31,2,,,,,,,,,,,,,,,,,,,,,,,,,,,,,,,,,13891000,233200,13655117,false,false,6,2015-04-01,2015-09-30,0
2015-10-29,37930,2015-03-31,2,,,,,,,,,,,,,,,,,,,,,,,,,,,,,,,,,,,13574917,false,false,6,2014-04-01,2014-09-30,-1
2016-01-28,37930,2016-03-31,3,4888000000,-0.132,,,,,-319000000,,-322000000,,,-689000000,,-50.50,,,,,,3371000000,1505000000,0.367,90.53,1237000000,,,,,,,,,,,,true,false,9,2015-04-01,2015-12-31,0
2016-01-28,37930,2015-03-31,3,5632000000,,,,,,324000000,,307000000,,,127000000,,9.41,9.37,,,,,,,,,,,,,,,,,,,,,true,false,9,2014-04-01,2014-12-31,-1
2016-01-28,37930,2016-03-31,3,6500000000,-0.109,,,,,-300000000,,-300000000,,,-650000000,,-47.59,,,,,,,,,,,,,,,,,,,,,,true,true,12,2015-04-01,2016-03-31,0
2016-01-28,37930,2015-03-31,3,,,,,,,,,,,,,,,,,,,,4679000000,2213000000,0.407,139.55,1904000000,,,,,,,,,,,,true,false,12,2014-04-01,2015-03-31,-1
2016-01-28,37930,2015-03-31,3,,,,,,,,,,,,,,,,,,,,,,,,,,,,,0.00,,,,13883000,233200,,false,false,12,2014-04-01,2015-03-31,-1
2016-01-28,37930,2016-03-31,3,,,,,,,,,,,,,,,,,,,,,,,,,,,,,0.00,,,,,,,false,false,12,2015-04-01,2016-03-31,0
2016-01-28,37930,2016-03-31,3,,,,,,,,,,,,,,,,,,,,,,,,,,,,,0.00,,,,,,,false,true,12,2015-04-01,2016-03-31,0
2016-01-28,37930,2016-03-31,3,,,,,,,,,,,,,,,,,,,,,,,,,,,,,,,,,13901000,233200,13657542,false,false,9,2015-04-01,2015-12-31,0
2016-01-28,37930,2015-03-31,3,,,,,,,,,,,,,,,,,,,,,,,,,,,,,,,,,,,13582725,false,false,9,2014-04-01,2014-12-31,-1
2016-01-28,37930,2016-03-31,,4888000000,-0.022,,,,,-319000000,,-322000000,,-689000000,,,-50.50,,,,,,,,,,,,,,,,,,,,,,true,true,9,2015-04-01,2015-12-31,0
2016-01-28,37930,2015-03-31,,5632000000,,,,,,324000000,,307000000,,127000000,,,9.41,,,,,,,,,,,,,,,,,,,,,,true,false,9,2014-04-01,2014-12-31,-1
2016-04-27,37930,2016-03-31,,6534000000,0.005,,,,,-210000000,,-220000000,,,-545000000,,-39.90,,,,,,,,,,,,,,,,,,,,,,true,true,12,2015-04-01,2016-03-31,0
2016-04-27,37930,2015-03-31,,7298000000,,,,,,301000000,,278000000,,,17000000,,1.31,,,,,,,,,,,,,,,,,,,,,,true,false,12,2014-04-01,2015-03-31,-1
2016-05-12,37930,2016-03-31,,6534000000,-0.105,,,,,-206000000,,-217000000,,,-537000000,,-39.38,,-0.326,-0.055,-0.032,,3300000000,1653000000,0.421,101.76,1390000000,54000000,-548000000,-574000000,1206000000,,,,,,,,true,false,12,2015-04-01,2016-03-31,0
2016-05-12,37930,2015-03-31,,7298000000,,,,,,301000000,,278000000,,,17000000,,1.31,1.30,0.010,0.064,0.041,,4679000000,2213000000,0.407,139.55,1904000000,943000000,-679000000,638000000,2275000000,,,,,,,,true,false,12,2014-04-01,2015-03-31,-1
2016-05-12,37930,2017-03-31,,1500000000,-0.082,,,,,0,,0,,,0,,0.00,,,,,,,,,,,,,,,,,,,,,,true,true,3,2016-04-01,2016-06-30,1
2016-05-12,37930,2016-03-31,,6048000000,-0.162,,,,,-155000000,,-143000000,,-499000000,,,-36.55,,,,,,3136000000,1549000000,0.460,105.59,1443000000,,,,,0.00,,,,13901000,233200,13660092,false,false,12,2015-04-01,2016-03-31,0
2016-05-12,37930,2015-03-31,,7215000000,,,,,,394000000,,336000000,,28000000,,,2.12,2.11,,,,,4436000000,1995000000,0.432,140.54,1918000000,,,,,0.00,,,,13883000,233200,13598301,false,false,12,2014-04-01,2015-03-31,-1
2016-05-12,37930,2017-03-31,,,,,,,,,,,,,,,,,,,,,,,,,,,,,,0.00,,,,,,,false,true,12,2016-04-01,2017-03-31,1
2016-07-14,37930,2017-03-31,,1750000000,0.167,,,,,230000000,,220000000,,,105000000,,7.68,,,,,,,,,,,,,,,,,,,,,,true,true,3,2016-04-01,2016-06-30,0
2016-07-14,37930,2016-03-31,,1634000000,,,,,,-205000000,,-210000000,,,-153000000,,-11.23,,,,,,,,,,,,,,,,,,,,,,true,false,3,2015-04-01,2015-06-30,-1
2016-07-27,37930,2017-03-31,1,1750000000,0.071,,,,,233000000,,222000000,,,115000000,,8.42,8.42,,,,,3759000000,1625000000,0.401,110.23,1506000000,,,,,,,,,,,,true,false,3,2016-04-01,2016-06-30,0
2016-07-27,37930,2016-03-31,1,1634000000,-0.175,,,,,-205000000,,-210000000,,,-153000000,,-11.23,,,,,,,,,,,,,,,,,,,,,,true,false,3,2015-04-01,2015-06-30,-1
2016-07-27,37930,2017-03-31,1,3300000000,-0.009,,,,,300000000,,300000000,,,150000000,,10.97,,,,,,,,,,,,,,,,,,,,,,true,true,6,2016-04-01,2016-09-30,0
2016-07-27,37930,2016-03-31,1,,,,,,,,,,,,,,,,,,,,3300000000,1653000000,0.421,101.76,1390000000,,,,,,,,,,,,true,false,12,2015-04-01,2016-03-31,-1
2016-07-27,37930,2016-03-31,1,,,,,,,,,,,,,,,,,,,,,,,,,,,,,0.00,,,,13901000,233200,,false,false,12,2015-04-01,2016-03-31,-1
2016-07-27,37930,2017-03-31,1,,,,,,,,,,,,,,,,,,,,,,,,,,,,,0.00,,,,,,,false,true,12,2016-04-01,2017-03-31,0
2016-07-27,37930,2017-03-31,1,,,,,,,,,,,,,,,,,,,,,,,,,,,,,,,,,13901000,233200,13667800,false,false,3,2016-04-01,2016-06-30,0
2016-07-27,37930,2016-03-31,1,,,,,,,,,,,,,,,,,,,,,,,,,,,,,,,,,,,13652404,false,false,3,2015-04-01,2015-06-30,-1
2016-10-26,37930,2017-03-31,2,3403000000,0.022,,,,,363000000,,321000000,,,171000000,,12.53,12.53,,,,,4013000000,1699000000,0.390,114.40,1563000000,,,,,,,,,,,,true,false,6,2016-04-01,2016-09-30,0
2016-10-26,37930,2016-03-31,2,3330000000,-0.141,,,,,-290000000,,-299000000,,,-217000000,,-15.95,,,,,,,,,,,,,,,,,,,,,,true,false,6,2015-04-01,2015-09-30,-1
2016-10-26,37930,2017-03-31,2,5000000000,0.023,,,,,200000000,,130000000,,,200000000,,14.63,,,,,,,,,,,,,,,,,,,,,,true,true,9,2016-04-01,2016-12-31,0
2016-10-26,37930,2016-03-31,2,,,,,,,,,,,,,,,,,,,,3300000000,1653000000,0.421,101.76,1390000000,,,,,,,,,,,,true,false,12,2015-04-01,2016-03-31,-1
2016-10-26,37930,2016-03-31,2,,,,,,,,,,,,,,,,,,,,,,,,,,,,,0.00,,,,13901000,233200,,false,false,12,2015-04-01,2016-03-31,-1
2016-10-26,37930,2017-03-31,2,,,,,,,,,,,,,,,,,,,,,,,,,,,,,0.00,,,,,,,false,false,12,2016-04-01,2017-03-31,0
2016-10-26,37930,2017-03-31,2,,,,,,,,,,,,,,,,,,,,,,,,,,,,,0.00,,,,,,,false,true,12,2016-04-01,2017-03-31,0
2016-10-26,37930,2017-03-31,2,,,,,,,,,,,,,,,,,,,,,,,,,,,,,,,,,13901000,233200,13667800,false,false,6,2016-04-01,2016-09-30,0
2016-10-26,37930,2016-03-31,2,,,,,,,,,,,,,,,,,,,,,,,,,,,,,,,,,,,13655117,false,false,6,2015-04-01,2015-09-30,-1
2017-01-19,37930,2017-03-31,,5600000000,0.120,,,,,510000000,1.550,450000000,2.462,,410000000,,30.00,,,,,,,,,,,,,,,,,,,,,,true,true,9,2016-04-01,2016-12-31,0
2017-01-19,37930,2016-03-31,,4888000000,,,,,,-319000000,,-322000000,,,-689000000,,-50.50,,,,,,,,,,,,,,,,,,,,,,true,false,9,2015-04-01,2015-12-31,-1
2017-02-03,37930,2017-03-31,3,5676000000,0.161,,,,,514000000,,450000000,,,417000000,,30.55,,,,,,5207000000,1964000000,0.347,132.31,1808000000,,,,,,,,,,,,true,false,9,2016-04-01,2016-12-31,0
2017-02-03,37930,2016-03-31,3,4888000000,-0.132,,,,,-319000000,,-322000000,,,-689000000,,-50.50,,,,,,,,,,,,,,,,,,,,,,true,false,9,2015-04-01,2015-12-31,-1
2017-02-03,37930,2017-03-31,3,7900000000,0.209,,,,,670000000,,560000000,,,500000000,,36.58,,,,,,,,,,,,,,,,,,,,,,true,true,12,2016-04-01,2017-03-31,0
2017-02-03,37930,2016-03-31,3,,,,,,,,,,,,,,,,,,,,3300000000,1653000000,0.421,90.53,1390000000,,,,,,,,,,,,true,false,12,2015-04-01,2016-03-31,-1
2017-02-03,37930,2016-03-31,3,,,,,,,,,,,,,,,,,,,,,,,,,,,,,0.00,,,,13901000,233200,,false,false,12,2015-04-01,2016-03-31,-1
2017-02-03,37930,2017-03-31,3,,,,,,,,,,,,,,,,,,,,,,,,,,,,,0.00,,,,,,,false,false,12,2016-04-01,2017-03-31,0
2017-02-03,37930,2017-03-31,3,,,,,,,,,,,,,,,,,,,,,,,,,,,,,0.00,,,,,,,false,true,12,2016-04-01,2017-03-31,0
2017-02-03,37930,2017-03-31,3,,,,,,,,,,,,,,,,,,,,,,,,,,,,,,,,,13901000,233200,13667800,false,false,9,2016-04-01,2016-12-31,0
2017-02-03,37930,2016-03-31,3,,,,,,,,,,,,,,,,,,,,,,,,,,,,,,,,,,,13657542,false,false,9,2015-04-01,2015-12-31,-1
2017-04-20,37930,2017-03-31,,8300000000,0.051,,,,,900000000,0.343,800000000,0.429,,700000000,,24.76,,,,,,,,,,,,,,,,,,,,,,true,true,12,2016-04-01,2017-03-31,0
2017-04-20,37930,2016-03-31,,6534000000,,,,,,-206000000,,-217000000,,,-537000000,,-19.69,,,,,,,,,,,,,,,,,,,,,,true,false,12,2015-04-01,2016-03-31,-1
2017-05-10,37930,2017-03-31,,8388000000,0.284,,,,,932000000,,844000000,,,814000000,,29.72,29.67,0.355,0.167,0.111,,6819000000,3364000000,0.470,113.24,3201000000,845000000,-455000000,1345000000,2923000000,,,,,,,,true,false,12,2016-04-01,2017-03-31,0
2017-05-10,37930,2016-03-31,,6534000000,-0.105,,,,,-206000000,,-217000000,,,-537000000,,-19.69,,-0.326,-0.055,-0.032,,3300000000,1653000000,0.421,50.88,1390000000,54000000,-548000000,-574000000,1206000000,,,,,,,,true,false,12,2015-04-01,2016-03-31,-1
2017-05-10,37930,2018-03-31,,2750000000,0.571,,,,,-100000000,,-120000000,,,-100000000,,-3.56,,,,,,,,,,,,,,,,,,,,,,true,true,3,2017-04-01,2017-06-30,1
2017-05-10,37930,2017-03-31,,8205000000,0.357,,,,,866000000,,873000000,,868000000,,,31.69,31.64,,,,,6887000000,3464000000,0.480,117.00,3308000000,,,,,0.00,,,,28742000,466400,27412482,false,false,12,2016-04-01,2017-03-31,0
2017-05-10,37930,2016-03-31,,6048000000,-0.162,,,,,-155000000,,-143000000,,-499000000,,,-18.28,,,,,,3136000000,1549000000,0.460,52.80,1443000000,,,,,0.00,,,,27802000,466400,27320184,false,false,12,2015-04-01,2016-03-31,-1
2017-05-10,37930,2018-03-31,,,,,,,,,,,,,,,,,,,,,,,,,,,,,,0.00,,,,,,,false,true,12,2017-04-01,2018-03-31,1
2017-07-21,37930,2018-03-31,,2570000000,-0.065,,,,,34000000,,17000000,,,-4000000,,-0.14,,,,,,,,,,,,,,,,,,,,,,true,true,3,2017-04-01,2017-06-30,0
2017-07-21,37930,2017-03-31,,1750000000,,,,,,233000000,,222000000,,,115000000,,4.21,,,,,,,,,,,,,,,,,,,,,,true,false,3,2016-04-01,2016-06-30,-1
2017-07-27,37930,2018-03-31,1,2572000000,0.469,,,,,34000000,-0.850,17000000,-0.921,,-4000000,,-0.14,,,,,,7259000000,3380000000,0.440,113.04,3196000000,,,,,,,,,,,,true,false,3,2017-04-01,2017-06-30,0
2017-07-27,37930,2017-03-31,1,1750000000,0.071,,,,,233000000,,222000000,,,115000000,,4.21,4.21,,,,,,,,,,,,,,,,,,,,,true,false,3,2016-04-01,2016-06-30,-1
2017-07-27,37930,2018-03-31,1,6100000000,0.792,,,,,50000000,-0.863,-50000000,,,-50000000,,-1.77,,,,,,,,,,,,,,,,,,,,,,true,true,6,2017-04-01,2017-09-30,0
2017-07-27,37930,2017-03-31,1,,,,,,,,,,,,,,,,,,,,6819000000,3364000000,0.470,113.24,3201000000,,,,,,,,,,,,true,false,12,2016-04-01,2017-03-31,-1
2017-07-27,37930,2017-03-31,1,,,,,,,,,,,,,,,,,,,,,,,,,,,,,0.00,,,,28742000,466400,,false,false,12,2016-04-01,2017-03-31,-1
2017-07-27,37930,2018-03-31,1,,,,,,,,,,,,,,,,,,,,,,,,,,,,,0.00,,,,,,,false,true,12,2017-04-01,2018-03-31,0
2017-07-27,37930,2018-03-31,1,,,,,,,,,,,,,,,,,,,,,,,,,,,,,,,,,28742000,466466,28275548,false,false,3,2017-04-01,2017-06-30,0
2017-07-27,37930,2017-03-31,1,,,,,,,,,,,,,,,,,,,,,,,,,,,,,,,,,,,27335600,false,false,3,2016-04-01,2016-06-30,-1
2017-10-23,37930,2018-03-31,,6201000000,0.017,,,,,165000000,2.300,58000000,,,32000000,,1.15,,,,,,,,,,,,,,,,,,,,,,true,true,6,2017-04-01,2017-09-30,0
2017-10-23,37930,2017-03-31,,3403000000,,,,,,363000000,,321000000,,,171000000,,6.26,,,,,,,,,,,,,,,,,,,,,,true,false,6,2016-04-01,2016-09-30,-1
2017-10-30,37930,2018-03-31,2,6201000000,0.822,,,,,167000000,-0.540,59000000,-0.814,,36000000,,1.27,1.26,,,,,9805000000,3437000000,0.330,114.49,3237000000,,,,,,,,,,,,true,false,6,2017-04-01,2017-09-30,0
2017-10-30,37930,2017-03-31,2,3403000000,0.022,,,,,363000000,,321000000,,,171000000,,12.53,12.53,,,,,,,,,,,,,,,,,,,,,true,false,6,2016-04-01,2016-09-30,-1
2017-10-30,37930,2018-03-31,2,10000000000,0.762,,,,,170000000,-0.670,0,,,-30000000,,-1.06,,,,,,,,,,,,,,,,,,,,,,true,true,9,2017-04-01,2017-12-31,0
2017-10-30,37930,2017-03-31,2,,,,,,,,,,,,,,,,,,,,6819000000,3364000000,0.470,113.24,3201000000,,,,,,,,,,,,true,false,12,2016-04-01,2017-03-31,-1
2017-10-30,37930,2017-03-31,2,,,,,,,,,,,,,,,,,,,,,,,,,,,,,0.00,,,,28742000,466400,,false,false,12,2016-04-01,2017-03-31,-1
2017-10-30,37930,2018-03-31,2,,,,,,,,,,,,,,,,,,,,,,,,,,,,,0.00,,,,,,,false,false,12,2017-04-01,2018-03-31,0
2017-10-30,37930,2018-03-31,2,,,,,,,,,,,,,,,,,,,,,,,,,,,,,0.00,,,,,,,false,true,12,2017-04-01,2018-03-31,0
2017-10-30,37930,2018-03-31,2,,,,,,,,,,,,,,,,,,,,,,,,,,,,,,,,,28742000,466466,28275541,false,false,6,2017-04-01,2017-09-30,0
2017-10-30,37930,2017-03-31,2,,,,,,,,,,,,,,,,,,,,,,,,,,,,,,,,,,,27335600,false,false,6,2016-04-01,2016-09-30,-1
2018-01-25,37930,2018-03-31,,10083000000,0.008,,,,,341000000,1.006,193000000,,,75000000,,2.67,,,,,,,,,,,,,,,,,,,,,,true,true,9,2017-04-01,2017-12-31,0
2018-01-25,37930,2017-03-31,,5676000000,,,,,,514000000,,450000000,,,417000000,,15.27,,,,,,,,,,,,,,,,,,,,,,true,false,9,2016-04-01,2016-12-31,-1
2018-01-30,37930,2018-03-31,3,10083000000,0.777,,,,,341000000,-0.337,193000000,-0.571,,75000000,,2.67,2.64,,,,,9689000000,3495000000,0.338,115.91,3277000000,,,,,,,,,,,,true,false,9,2017-04-01,2017-12-31,0
2018-01-30,37930,2017-03-31,3,5676000000,0.161,,,,,514000000,,450000000,,,417000000,,15.27,,,,,,,,,,,,,,,,,,,,,,true,false,9,2016-04-01,2016-12-31,-1
2018-01-30,37930,2018-03-31,3,13400000000,0.597,,,,,500000000,-0.464,140000000,-0.834,,-120000000,,-4.24,,,,,,,,,,,,,,,,,,,,,,true,true,12,2017-04-01,2018-03-31,0
2018-01-30,37930,2017-03-31,3,,,,,,,,,,,,,,,,,,,,6819000000,3364000000,0.470,113.24,3201000000,,,,,,,,,,,,true,false,12,2016-04-01,2017-03-31,-1
2018-01-30,37930,2017-03-31,3,,,,,,,,,,,,,,,,,,,,,,,,,,,,,0.00,,,,28742000,466400,,false,false,12,2016-04-01,2017-03-31,-1
2018-01-30,37930,2018-03-31,3,,,,,,,,,,,,,,,,,,,,,,,,,,,,,0.00,,,,,,,false,false,12,2017-04-01,2018-03-31,0
2018-01-30,37930,2018-03-31,3,,,,,,,,,,,,,,,,,,,,,,,,,,,,,0.00,,,,,,,false,true,12,2017-04-01,2018-03-31,0
2018-01-30,37930,2018-03-31,3,,,,,,,,,,,,,,,,,,,,,,,,,,,,,,,,,28742000,466466,28275539,false,false,9,2017-04-01,2017-12-31,0
2018-01-30,37930,2017-03-31,3,,,,,,,,,,,,,,,,,,,,,,,,,,,,,,,,,,,27335600,false,false,9,2016-04-01,2016-12-31,-1
2018-04-26,37930,2018-03-31,,13200000000,-0.015,,,,,180000000,-0.640,-30000000,,-210000000,,,-7.43,,,,,,,,,,,,,,,,,,,,,,true,true,12,2017-04-01,2018-03-31,0
2018-04-26,37930,2017-03-31,,8388000000,,,,,,932000000,,844000000,,814000000,,,14.86,,,,,,,,,,,,,,,,,,,,,,true,false,12,2016-04-01,2017-03-31,-1
2018-05-10,37930,2018-03-31,,13192000000,0.573,,,,,190000000,-0.796,-29000000,,,-204000000,,-7.21,,-0.066,-0.004,0.014,,9097000000,3261000000,0.332,106.74,3018000000,-79000000,-1958000000,2287000000,3173000000,,,,,,,,true,false,12,2017-04-01,2018-03-31,0
2018-05-10,37930,2017-03-31,,8388000000,0.284,,,,,932000000,,844000000,,,814000000,,29.72,29.67,0.355,0.167,0.111,,6819000000,3364000000,0.470,113.24,3201000000,845000000,-455000000,1345000000,2923000000,,,,,,,,true,false,12,2016-04-01,2017-03-31,-1
2018-05-10,37930,2019-03-31,,3100000000,0.205,,,,,-300000000,,-400000000,,,-360000000,,-12.73,,,,,,,,,,,,,,,,,,,,,,true,true,3,2018-04-01,2018-06-30,1
2018-05-10,37930,2018-03-31,,13177000000,0.606,,,,,144000000,-0.833,87000000,-0.900,-65000000,,,-2.32,,,,,,9224000000,3465000000,0.351,114.60,3240000000,,,,,0.00,,,,28742000,466466,28275537,false,false,12,2017-04-01,2018-03-31,0
2018-05-10,37930,2017-03-31,,8205000000,0.357,,,,,866000000,,873000000,,868000000,,,31.69,31.64,,,,,6887000000,3464000000,0.480,117.00,3308000000,,,,,0.00,,,,28742000,466400,27412482,false,false,12,2016-04-01,2017-03-31,-1
2018-05-10,37930,2019-03-31,,,,,,,,,,,,,,,,,,,,,,,,,,,,,,0.00,,,,,,,false,true,12,2018-04-01,2019-03-31,1
2018-07-26,37930,2019-03-31,,2860000000,-0.077,,,,,-420000000,,-510000000,,,-500000000,,-17.68,,,,,,,,,,,,,,,,,,,,,,true,true,3,2018-04-01,2018-06-30,0
2018-07-26,37930,2018-03-31,,2572000000,,,,,,34000000,,17000000,,,-4000000,,-0.14,,,,,,,,,,,,,,,,,,,,,,true,false,3,2017-04-01,2017-06-30,-1
2018-07-31,37930,2019-03-31,1,2864000000,0.114,,,,,-417000000,,-512000000,,,-504000000,,-17.85,,,,,,7820000000,2767000000,0.321,88.83,2513000000,,,,,,,,,,,,true,false,3,2018-04-01,2018-06-30,0
2018-07-31,37930,2018-03-31,1,2572000000,0.469,,,,,34000000,-0.850,17000000,-0.921,,-4000000,,-0.14,,,,,,,,,,,,,,,,,,,,,,true,false,3,2017-04-01,2017-06-30,-1
2018-07-31,37930,2019-03-31,1,5900000000,-0.049,,,,,-550000000,,-750000000,,,-750000000,,-26.52,,,,,,,,,,,,,,,,,,,,,,true,true,6,2018-04-01,2018-09-30,0
2018-07-31,37930,2018-03-31,1,,,,,,,,,,,,,,,,,,,,9097000000,3261000000,0.332,106.74,3017000000,,,,,,,,,,,,true,false,12,2017-04-01,2018-03-31,-1
2018-07-31,37930,2018-03-31,1,,,,,,,,,,,,,,,,,,,,,,,,,,,,,0.00,,,,28742000,466466,,false,false,12,2017-04-01,2018-03-31,-1
2018-07-31,37930,2019-03-31,1,,,,,,,,,,,,,,,,,,,,,,,,,,,,,0.00,,,,,,,false,true,12,2018-04-01,2019-03-31,0
2018-07-31,37930,2019-03-31,1,,,,,,,,,,,,,,,,,,,,,,,,,,,,,,,,,28742000,466466,28275534,false,false,3,2018-04-01,2018-06-30,0
2018-07-31,37930,2018-03-31,1,,,,,,,,,,,,,,,,,,,,,,,,,,,,,,,,,,,28275548,false,false,3,2017-04-01,2017-06-30,-1
2018-10-25,37930,2019-03-31,,5560000000,-0.057,,,,,-580000000,,-820000000,,,-660000000,,-23.33,,,,,,,,,,,,,,,,,,,,,,true,true,6,2018-04-01,2018-09-30,0
2018-10-25,37930,2018-03-31,,6201000000,,,,,,167000000,,59000000,,,36000000,,1.27,,,,,,,,,,,,,,,,,,,,,,true,false,6,2017-04-01,2017-09-30,-1
2018-10-31,37930,2019-03-31,2,5560000000,-0.103,,,,,-578000000,,-824000000,,,-655000000,,-23.17,,,,,,8242000000,2446000000,0.288,83.97,2377000000,,,,,,,,,,,,true,false,6,2018-04-01,2018-09-30,0
2018-10-31,37930,2018-03-31,2,6201000000,0.822,,,,,167000000,-0.540,59000000,-0.814,,36000000,,1.27,1.26,,,,,,,,,,,,,,,,,,,,,true,false,6,2017-04-01,2017-09-30,-1
2018-10-31,37930,2019-03-31,2,8000000000,-0.207,,,,,-800000000,,-1100000000,,,-1000000000,,-35.31,,,,,,,,,,,,,,,,,,,,,,true,true,9,2018-04-01,2018-12-31,0
2018-10-31,37930,2018-03-31,2,,,,,,,,,,,,,,,,,,,,9097000000,3261000000,0.332,106.74,3018000000,,,,,,,,,,,,true,false,12,2017-04-01,2018-03-31,-1
2018-10-31,37930,2018-03-31,2,,,,,,,,,,,,,,,,,,,,,,,,,,,,,0.00,,,,28742000,466466,,false,false,12,2017-04-01,2018-03-31,-1
2018-10-31,37930,2019-03-31,2,,,,,,,,,,,,,,,,,,,,,,,,,,,,,0.00,,,,,,,false,false,12,2018-04-01,2019-03-31,0
2018-10-31,37930,2019-03-31,2,,,,,,,,,,,,,,,,,,,,,,,,,,,,,0.00,,,,,,,false,true,12,2018-04-01,2019-03-31,0
2018-10-31,37930,2019-03-31,2,,,,,,,,,,,,,,,,,,,,,,,,,,,,,,,,,28747000,429066,28291917,false,false,6,2018-04-01,2018-09-30,0
2018-10-31,37930,2018-03-31,2,,,,,,,,,,,,,,,,,,,,,,,,,,,,,,,,,,,28275541,false,false,6,2017-04-01,2017-09-30,-1
2019-01-25,37930,2019-03-31,,8000000000,0.000,,,,,-700000000,,-1300000000,,,-1400000000,,-49.45,,,,,,,,,,,,,,,,,,,,,,true,true,9,2018-04-01,2018-12-31,0
2019-01-25,37930,2018-03-31,,10083000000,,,,,,341000000,,193000000,,,75000000,,2.67,,,,,,,,,,,,,,,,,,,,,,true,false,9,2017-04-01,2017-12-31,-1
2019-01-31,37930,2019-03-31,3,7947000000,-0.212,,,,,-704000000,,-1282000000,,,-1372000000,,-48.48,,,,,,7595000000,1762000000,0.223,59.57,1691000000,,,,,,,,,,,,true,false,9,2018-04-01,2018-12-31,0
2019-01-31,37930,2018-03-31,3,10083000000,0.777,,,,,341000000,-0.337,193000000,-0.571,,75000000,,2.67,2.64,,,,,,,,,,,,,,,,,,,,,true,false,9,2017-04-01,2017-12-31,-1
2019-01-31,37930,2019-03-31,3,10800000000,-0.181,,,,,-600000000,,-1300000000,,,-1500000000,,-52.84,,,,,,,,,,,,,,,,,,,,,,true,true,12,2018-04-01,2019-03-31,0
2019-01-31,37930,2018-03-31,3,,,,,,,,,,,,,,,,,,,,9097000000,3261000000,0.332,106.74,3018000000,,,,,,,,,,,,true,false,12,2017-04-01,2018-03-31,-1
2019-01-31,37930,2018-03-31,3,,,,,,,,,,,,,,,,,,,,,,,,,,,,,0.00,,,,28742000,466466,,false,false,12,2017-04-01,2018-03-31,-1
2019-01-31,37930,2019-03-31,3,,,,,,,,,,,,,,,,,,,,,,,,,,,,,0.00,,,,,,,false,false,12,2018-04-01,2019-03-31,0
2019-01-31,37930,2019-03-31,3,,,,,,,,,,,,,,,,,,,,,,,,,,,,,0.00,,,,,,,false,true,12,2018-04-01,2019-03-31,0
2019-01-31,37930,2019-03-31,3,,,,,,,,,,,,,,,,,,,,,,,,,,,,,,,,,28819000,429066,28308999,false,false,9,2018-04-01,2018-12-31,0
2019-01-31,37930,2018-03-31,3,,,,,,,,,,,,,,,,,,,,,,,,,,,,,,,,,,,28275539,false,false,9,2017-04-01,2017-12-31,-1
2019-05-10,37930,2019-03-31,,10700000000,-0.009,,,,,-570000000,,-1350000000,,,-1700000000,,-59.88,,,,,,,,,,,,,,,,,,,,,,true,true,12,2018-04-01,2019-03-31,0
2019-05-10,37930,2018-03-31,,13192000000,,,,,,190000000,,-29000000,,,-204000000,,-7.21,,,,,,,,,,,,,,,,,,,,,,true,false,12,2017-04-01,2018-03-31,-1
2019-05-13,37930,2019-03-31,,10720000000,-0.187,,,,,-577000000,,-1349000000,,,-1712000000,,-60.46,,-0.782,-0.168,-0.053,,6946000000,1423000000,0.196,47.88,1359000000,78000000,-122000000,-271000000,2856000000,,,,,,,,true,false,12,2018-04-01,2019-03-31,0
2019-05-13,37930,2018-03-31,,13192000000,0.573,,,,,190000000,-0.796,-29000000,,,-204000000,,-7.21,,-0.066,-0.004,0.014,,9097000000,3261000000,0.332,106.74,3018000000,-79000000,-1958000000,2287000000,3173000000,,,,,,,,true,false,12,2017-04-01,2018-03-31,-1
2019-05-13,37930,2020-03-31,,2100000000,-0.267,,,,,50000000,,30000000,,,20000000,,0.70,,,,,,,,,,,,,,,,,,,,,,true,true,3,2019-04-01,2019-06-30,1
2019-05-13,37930,2019-03-31,,10686000000,-0.189,,,,,-572000000,,-1061000000,,-1958000000,,,-68.98,,,,,,6938000000,1396000000,0.192,47.02,1334000000,,,,,0.00,,,,28819000,429066,28328955,false,false,12,2018-04-01,2019-03-31,0
2019-05-13,37930,2018-03-31,,13177000000,0.606,,,,,144000000,-0.833,87000000,-0.900,-65000000,,,-2.32,,,,,,9224000000,3465000000,0.351,114.60,3240000000,,,,,0.00,,,,28742000,466466,28275537,false,false,12,2017-04-01,2018-03-31,-1
2019-05-13,37930,2020-03-31,,,,,,,,,,,,,,,,,,,,,,,,,,,,,,0.00,,,,,,,false,true,12,2019-04-01,2020-03-31,1
2019-07-25,37930,2020-03-31,,2250000000,0.071,,,,,130000000,1.600,150000000,4.000,,120000000,,4.23,,,,,,,,,,,,,,,,,,,,,,true,true,3,2019-04-01,2019-06-30,0
2019-07-25,37930,2019-03-31,,2864000000,,,,,,-417000000,,-512000000,,,-504000000,,-17.85,,,,,,,,,,,,,,,,,,,,,,true,false,3,2018-04-01,2018-06-30,-1
2019-07-31,37930,2020-03-31,1,2253000000,-0.213,,,,,128000000,,151000000,,,122000000,,4.30,4.30,,,,,6669000000,1548000000,0.222,52.18,1481000000,,,,,,,,,,,,true,false,3,2019-04-01,2019-06-30,0
2019-07-31,37930,2019-03-31,1,2864000000,0.114,,,,,-417000000,,-512000000,,,-504000000,,-17.85,,,,,,,,,,,,,,,,,,,,,,true,false,3,2018-04-01,2018-06-30,-1
2019-07-31,37930,2020-03-31,1,4400000000,-0.209,,,,,200000000,,200000000,,,150000000,,5.28,,,,,,,,,,,,,,,,,,,,,,true,true,6,2019-04-01,2019-09-30,0
2019-07-31,37930,2019-03-31,1,,,,,,,,,,,,,,,,,,,,6946000000,1423000000,0.196,47.88,1359000000,,,,,,,,,,,,true,false,12,2018-04-01,2019-03-31,-1
2019-07-31,37930,2019-03-31,1,,,,,,,,,,,,,,,,,,,,,,,,,,,,,0.00,,,,28819000,429066,,false,false,12,2018-04-01,2019-03-31,-1
2019-07-31,37930,2020-03-31,1,,,,,,,,,,,,,,,,,,,,,,,,,,,,,0.00,,,,,,,false,true,12,2019-04-01,2020-03-31,0
2019-07-31,37930,2020-03-31,1,,,,,,,,,,,,,,,,,,,,,,,,,,,,,,,,,28819000,429066,28389934,false,false,3,2019-04-01,2019-06-30,0
2019-07-31,37930,2019-03-31,1,,,,,,,,,,,,,,,,,,,,,,,,,,,,,,,,,,,28275534,false,false,3,2018-04-01,2018-06-30,-1
2019-10-24,37930,2020-03-31,,4490000000,0.020,,,,,330000000,0.650,295000000,0.475,,213000000,,7.52,,,,,,,,,,,,,,,,,,,,,,true,true,6,2019-04-01,2019-09-30,0
2019-10-24,37930,2019-03-31,,5560000000,,,,,,-578000000,,-824000000,,,-655000000,,-23.17,,,,,,,,,,,,,,,,,,,,,,true,false,6,2018-04-01,2018-09-30,-1
2019-10-31,37930,2020-03-31,2,4488000000,-0.193,,,,,332000000,1.574,295000000,1.358,,213000000,,7.52,7.52,,,,,6443000000,1672000000,0.251,56.74,1614000000,,,,,,,,,,,,true,false,6,2019-04-01,2019-09-30,0
2019-10-31,37930,2019-03-31,2,5560000000,-0.103,,,,,-578000000,,-824000000,,,-655000000,,-23.17,,,,,,,,,,,,,,,,,,,,,,true,false,6,2018-04-01,2018-09-30,-1
2019-10-31,37930,2020-03-31,2,6800000000,0.223,,,,,450000000,,400000000,,,300000000,,10.54,,,,,,,,,,,,,,,,,,,,,,true,true,9,2019-04-01,2019-12-31,0
2019-10-31,37930,2019-03-31,2,,,,,,,,,,,,,,,,,,,,6946000000,1423000000,0.196,47.88,1359000000,,,,,,,,,,,,true,false,12,2018-04-01,2019-03-31,-1
2019-10-31,37930,2019-03-31,2,,,,,,,,,,,,,,,,,,,,,,,,,,,,,0.00,,,,28819000,429066,,false,false,12,2018-04-01,2019-03-31,-1
2019-10-31,37930,2020-03-31,2,,,,,,,,,,,,,,,,,,,,,,,,,,,,,0.00,,,,,,,false,false,12,2019-04-01,2020-03-31,0
2019-10-31,37930,2020-03-31,2,,,,,,,,,,,,,,,,,,,,,,,,,,,,,0.00,,,,,,,false,true,12,2019-04-01,2020-03-31,0
2019-10-31,37930,2020-03-31,2,,,,,,,,,,,,,,,,,,,,,,,,,,,,,,,,,28894000,433366,28415413,false,false,6,2019-04-01,2019-09-30,0
2019-10-31,37930,2019-03-31,2,,,,,,,,,,,,,,,,,,,,,,,,,,,,,,,,,,,28291917,false,false,6,2018-04-01,2018-09-30,-1
2020-01-27,37930,2020-03-31,,6970000000,0.025,,,,,530000000,0.177,510000000,0.275,390000000,,0.300,13.70,,,,,,,,,,,,,,,,,,,,,,true,true,9,2019-04-01,2019-12-31,0
2020-01-27,37930,2019-03-31,,7947000000,,,,,,-704000000,,-1282000000,,-1372000000,,,-48.48,,,,,,,,,,,,,,,,,,,,,,true,false,9,2018-04-01,2018-12-31,-1
2020-01-31,37930,2020-03-31,3,6972000000,-0.123,,,,,530000000,,514000000,,,390000000,,13.74,13.72,,,,,6438000000,1848000000,0.278,62.95,1791000000,,,,,,,,,,,,true,false,9,2019-04-01,2019-12-31,0
2020-01-31,37930,2019-03-31,3,7947000000,-0.212,,,,,-704000000,,-1282000000,,,-1372000000,,-48.48,,,,,,,,,,,,,,,,,,,,,,true,false,9,2018-04-01,2018-12-31,-1
2020-01-31,37930,2020-03-31,3,10200000000,-0.049,,,,,650000000,,600000000,,,450000000,,14.09,,,,,,,,,,,,,,,,,,,,,,true,true,12,2019-04-01,2020-03-31,0
2020-01-31,37930,2019-03-31,3,,,,,,,,,,,,,,,,,,,,6946000000,1423000000,0.196,47.88,1359000000,,,,,,,,,,,,true,false,12,2018-04-01,2019-03-31,-1
2020-01-31,37930,2019-03-31,3,,,,,,,,,,,,,,,,,,,,,,,,,,,,,0.00,,,,28819000,429066,,false,false,12,2018-04-01,2019-03-31,-1
2020-01-31,37930,2020-03-31,3,,,,,,,,,,,,,,,,,,,,,,,,,,,,,0.00,,,,,,,false,false,12,2019-04-01,2020-03-31,0
2020-01-31,37930,2020-03-31,3,,,,,,,,,,,,,,,,,,,,,,,,,,,,,0.00,,,,,,,false,true,12,2019-04-01,2020-03-31,0
2020-01-31,37930,2020-03-31,3,,,,,,,,,,,,,,,,,,,,,,,,,,,,,,,,,28894000,433366,28430541,false,false,9,2019-04-01,2019-12-31,0
2020-01-31,37930,2019-03-31,3,,,,,,,,,,,,,,,,,,,,,,,,,,,,,,,,,,,28308999,false,false,9,2018-04-01,2018-12-31,-1
2020-03-26,37930,2020-03-31,,10200000000,,,,,,600000000,-0.076,550000000,-0.083,,700000000,,24.62,,,,,,,,,,,,,,,,,,,,,,true,true,12,2019-04-01,2020-03-31,0
2020-03-26,37930,2019-03-31,,10720000000,,,,,,-577000000,,-1349000000,,,-1712000000,,-60.46,,,,,,,,,,,,,,,,,,,,,,true,false,12,2018-04-01,2019-03-31,-1
2020-05-14,37930,2020-03-31,,10150000000,-0.053,,,,,617000000,,635000000,,,711000000,,25.02,24.98,0.410,0.095,0.061,,6423000000,2168000000,0.329,74.22,2112000000,691000000,-100000000,-1188000000,2258000000,,,,,,,,true,false,12,2019-04-01,2020-03-31,0
2020-05-14,37930,2019-03-31,,10720000000,-0.187,,,,,-577000000,,-1349000000,,,-1712000000,,-60.46,,-0.782,-0.168,-0.053,,6946000000,1423000000,0.196,47.88,1359000000,78000000,-122000000,-271000000,2856000000,,,,,,,,true,false,12,2018-04-01,2019-03-31,-1
2020-05-14,37930,2021-03-31,,3000000000,0.331,,,,,300000000,1.339,300000000,0.977,,200000000,,7.03,,,,,,,,,,,,,,,,,,,,,,true,true,3,2020-04-01,2020-06-30,1
2020-05-14,37930,2020-03-31,,10006000000,-0.064,,,,,463000000,,403000000,,692000000,,,24.33,24.29,,,,,6260000000,2122000000,0.330,72.68,2068000000,,,,,0.00,,,,28894000,434366,28437775,false,false,12,2019-04-01,2020-03-31,0
2020-05-14,37930,2019-03-31,,10686000000,-0.189,,,,,-572000000,,-1061000000,,-1958000000,,,-68.98,,,,,,6938000000,1396000000,0.192,47.02,1334000000,,,,,0.00,,,,28819000,429066,28328955,false,false,12,2018-04-01,2019-03-31,-1
2020-05-14,37930,2021-03-31,,,,,,,,,,,,,,,,,,,,,,,,,,,,,,0.00,,,,,,,false,true,12,2020-04-01,2021-03-31,1
2020-07-27,37930,2021-03-31,,3300000000,0.100,,,,,600000000,1.000,600000000,1.000,450000000,,1.250,15.82,,,,,,,,,,,,,,,,,,,,,,true,true,3,2020-04-01,2020-06-30,0
2020-07-27,37930,2020-03-31,,2253000000,,,,,,128000000,,151000000,,122000000,,,4.30,,,,,,,,,,,,,,,,,,,,,,true,false,3,2019-04-01,2019-06-30,-1
2020-07-30,37930,2021-03-31,1,3303000000,0.466,,,,,623000000,3.864,609000000,3.014,,467000000,,16.41,16.39,,,,,6638000000,2637000000,0.389,90.66,2579000000,,,,,,,,,,,,true,false,3,2020-04-01,2020-06-30,0
2020-07-30,37930,2020-03-31,1,2253000000,-0.213,,,,,128000000,,151000000,,,122000000,,4.30,4.30,,,,,,,,,,,,,,,,,,,,,true,false,3,2019-04-01,2019-06-30,-1
2020-07-30,37930,2021-03-31,1,6100000000,0.359,,,,,900000000,1.709,850000000,1.878,,600000000,,21.09,,,,,,,,,,,,,,,,,,,,,,true,true,6,2020-04-01,2020-09-30,0
2020-07-30,37930,2020-03-31,1,,,,,,,,,,,,,,,,,,,,6423000000,2168000000,0.329,74.22,2112000000,,,,,,,,,,,,true,false,12,2019-04-01,2020-03-31,-1
2020-07-30,37930,2020-03-31,1,,,,,,,,,,,,,,,,,,,,,,,,,,,,,0.00,,,,28894000,434366,,false,false,12,2019-04-01,2020-03-31,-1
2020-07-30,37930,2021-03-31,1,,,,,,,,,,,,,,,,,,,,,,,,,,,,,0.00,,,,,,,false,true,12,2020-04-01,2021-03-31,0
2020-07-30,37930,2021-03-31,1,,,,,,,,,,,,,,,,,,,,,,,,,,,,,,,,,28894000,444366,28449634,false,false,3,2020-04-01,2020-06-30,0
2020-07-30,37930,2020-03-31,1,,,,,,,,,,,,,,,,,,,,,,,,,,,,,,,,,,,28389934,false,false,3,2019-04-01,2019-06-30,-1
2020-10-22,37930,2021-03-31,,6200000000,0.016,,,,,1050000000,0.167,1030000000,0.212,820000000,,0.367,28.80,,,,,,,,,,,,,,,,,,,,,,true,true,6,2020-04-01,2020-09-30,0
2020-10-22,37930,2020-03-31,,4488000000,,,,,,332000000,,295000000,,213000000,,,7.52,,,,,,,,,,,,,,,,,,,,,,true,false,6,2019-04-01,2019-09-30,-1
2020-10-29,37930,2021-03-31,2,6184000000,0.378,,,,,1052000000,2.168,1032000000,2.495,,825000000,,29.01,28.96,,,,,7079000000,3042000000,0.421,104.48,2980000000,,,,,,,,,,,,true,false,6,2020-04-01,2020-09-30,0
2020-10-29,37930,2020-03-31,2,4488000000,-0.193,,,,,332000000,1.574,295000000,1.358,,213000000,,7.52,7.52,,,,,,,,,,,,,,,,,,,,,true,false,6,2019-04-01,2019-09-30,-1
2020-10-29,37930,2021-03-31,2,9100000000,0.305,,,,,1400000000,1.638,1350000000,1.624,,1050000000,,36.81,,,,,,,,,,,,,,,,,,,,,,true,true,9,2020-04-01,2020-12-31,0
2020-10-29,37930,2020-03-31,2,,,,,,,,,,,,,,,,,,,,6423000000,2168000000,0.329,74.22,2112000000,,,,,,,,,,,,true,false,12,2019-04-01,2020-03-31,-1
2020-10-29,37930,2020-03-31,2,,,,,,,,,,,,,,,,,,,,,,,,,,,,,0.00,,,,28894000,434366,,false,false,12,2019-04-01,2020-03-31,-1
2020-10-29,37930,2021-03-31,2,,,,,,,,,,,,,,,,,,,,,,,,,,,,,0.00,,,,,,,false,false,12,2020-04-01,2021-03-31,0
2020-10-29,37930,2021-03-31,2,,,,,,,,,,,,,,,,,,,,,,,,,,,,,0.00,,,,,,,false,true,12,2020-04-01,2021-03-31,0
2020-10-29,37930,2021-03-31,2,,,,,,,,,,,,,,,,,,,,,,,,,,,,,,,,,28951700,428366,28469938,false,false,6,2020-04-01,2020-09-30,0
2020-10-29,37930,2020-03-31,2,,,,,,,,,,,,,,,,,,,,,,,,,,,,,,,,,,,28415413,false,false,6,2019-04-01,2019-09-30,-1
2021-01-28,37930,2021-03-31,3,9156000000,0.313,,,,,1683000000,2.173,1653000000,2.215,,1298000000,,45.59,45.49,,,,,7436000000,3525000000,0.466,121.41,3465000000,,,,,,,,,,,,true,false,9,2020-04-01,2020-12-31,0
2021-01-28,37930,2020-03-31,3,6972000000,-0.123,,,,,530000000,,514000000,,,390000000,,13.74,13.72,,,,,,,,,,,,,,,,,,,,,true,false,9,2019-04-01,2019-12-31,-1
2021-01-28,37930,2021-03-31,3,11700000000,0.153,,,,,1900000000,2.079,1800000000,1.831,,1400000000,,49.05,,,,,,,,,,,,,,,,,,,,,,true,true,12,2020-04-01,2021-03-31,0
2021-01-28,37930,2020-03-31,3,,,,,,,,,,,,,,,,,,,,6423000000,2168000000,0.329,74.22,2112000000,,,,,,,,,,,,true,false,12,2019-04-01,2020-03-31,-1
2021-01-28,37930,2020-03-31,3,,,,,,,,,,,,,,,,,,,,,,,,,,,,,0.00,,,,28894000,434366,,false,false,12,2019-04-01,2020-03-31,-1
2021-01-28,37930,2021-03-31,3,,,,,,,,,,,,,,,,,,,,,,,,,,,,,0.00,,,,,,,false,false,12,2020-04-01,2021-03-31,0
2021-01-28,37930,2021-03-31,3,,,,,,,,,,,,,,,,,,,,,,,,,,,,,0.00,,,,,,,false,true,12,2020-04-01,2021-03-31,0
2021-01-28,37930,2021-03-31,3,,,,,,,,,,,,,,,,,,,,,,,,,,,,,,,,,28971700,428366,28491583,false,false,9,2020-04-01,2020-12-31,0
2021-01-28,37930,2020-03-31,3,,,,,,,,,,,,,,,,,,,,,,,,,,,,,,,,,,,28430541,false,false,9,2019-04-01,2019-12-31,-1
2021-05-13,37930,2021-03-31,,11840000000,0.167,,,,,2052000000,2.327,2019000000,2.175,,1624000000,,57.00,56.85,0.550,0.252,0.173,,9610000000,3855000000,0.395,132.91,3794000000,3196000000,-1140000000,968000000,5283000000,,,,,,,,true,false,12,2020-04-01,2021-03-31,0
2021-05-13,37930,2020-03-31,,10150000000,-0.053,,,,,617000000,,635000000,,,711000000,,25.02,24.98,0.410,0.095,0.061,,6423000000,2168000000,0.329,74.22,2112000000,691000000,-100000000,-1188000000,2258000000,,,,,,,,true,false,12,2019-04-01,2020-03-31,-1
2021-05-13,37930,2022-03-31,,2700000000,-0.183,,,,,350000000,-0.439,350000000,-0.425,,250000000,,8.76,,,,,,,,,,,,,,,,,,,,,,true,true,3,2021-04-01,2021-06-30,1
2021-05-13,37930,2021-03-31,,9890000000,-0.011,,,,,1444000000,2.119,1438000000,2.565,1283000000,,0.855,45.04,44.92,,,,,8898000000,3468000000,0.383,119.43,3409000000,,,,,0.00,,,,28976700,428366,28505330,false,false,12,2020-04-01,2021-03-31,0
2021-05-13,37930,2020-03-31,,10006000000,-0.064,,,,,463000000,,403000000,,692000000,,,24.33,24.29,,,,,6260000000,2122000000,0.330,72.68,2068000000,,,,,0.00,,,,28894000,434366,28437775,false,false,12,2019-04-01,2020-03-31,-1
2021-05-13,37930,2022-03-31,,,,,,,,,,,,,,,,,,,,,,,,,,,,,,0.00,,,,,,,false,true,12,2021-04-01,2022-03-31,1
2021-07-20,37930,2022-03-31,,2660000000,-0.014,,,,,500000000,0.428,500000000,0.428,,300000000,,10.51,,,,,,,,,,,,,,,,,,,,,,true,true,3,2021-04-01,2021-06-30,0
2021-07-20,37930,2021-03-31,,3303000000,,,,,,623000000,,609000000,,,467000000,,16.41,,,,,,,,,,,,,,,,,,,,,,true,false,3,2020-04-01,2020-06-30,-1
2021-07-29,37930,2022-03-31,1,2661000000,-0.194,,,,,504000000,-0.192,492000000,-0.191,,300000000,,10.53,10.51,,,,,9789000000,4158000000,0.419,143.54,4098000000,,,,,,,,,,,,true,false,3,2021-04-01,2021-06-30,0
2021-07-29,37930,2021-03-31,1,3303000000,0.466,,,,,623000000,3.864,609000000,3.014,,467000000,,16.41,16.39,,,,,,,,,,,,,,,,,,,,,true,false,3,2020-04-01,2020-06-30,-1
2021-07-29,37930,2022-03-31,1,5000000000,-0.192,,,,,750000000,-0.287,750000000,-0.273,,500000000,,17.51,,,,,,,,,,,,,,,,,,,,,,true,true,6,2021-04-01,2021-09-30,0
2021-07-29,37930,2021-03-31,1,,,,,,,,,,,,,,,,,,,,9610000000,3855000000,0.395,132.91,3794000000,,,,,,,,,,,,true,false,12,2020-04-01,2021-03-31,-1
2021-07-29,37930,2021-03-31,1,,,,,,,,,,,,,,,,,,,,,,,,,,,,,0.00,,,,28976700,428366,,false,false,12,2020-04-01,2021-03-31,-1
2021-07-29,37930,2022-03-31,1,,,,,,,,,,,,,,,,,,,,,,,,,,,,,0.00,,,,,,,false,true,12,2021-04-01,2022-03-31,0
2021-07-29,37930,2022-03-31,1,,,,,,,,,,,,,,,,,,,,,,,,,,,,,,,,,28981700,430366,28550949,false,false,3,2021-04-01,2021-06-30,0
2021-07-29,37930,2021-03-31,1,,,,,,,,,,,,,,,,,,,,,,,,,,,,,,,,,,,28449634,false,false,3,2020-04-01,2020-06-30,-1
2021-10-28,3793,2022-03-31,2,5184000000,-0.162,,,,,967000000,-0.081,941000000,-0.088,,612000000,,21.41,21.38,,,,,9672000000,4532000000,0.463,156.21,4477000000,,,,,,,,,,,,true,false,6,2021-04-01,2021-09-30,0
2021-10-28,3793,2021-03-31,2,6184000000,0.378,,,,,1052000000,2.168,1032000000,2.495,,825000000,,29.01,28.96,,,,,,,,,,,,,,,,,,,,,true,false,6,2020-04-01,2020-09-30,-1
2021-10-28,3793,2022-03-31,2,8000000000,-0.126,,,,,1300000000,-0.228,1300000000,-0.214,,900000000,,31.40,,,,,,,,,,,,,,,,,,,,,,true,true,9,2021-04-01,2021-12-31,0
2021-10-28,3793,2021-03-31,2,,,,,,,,,,,,,,,,,,,,9610000000,3855000000,0.395,132.91,3794000000,,,,,,,,,,,,true,false,12,2020-04-01,2021-03-31,-1
2021-10-28,3793,2021-03-31,2,,,,,,,,,,,,,,,,,,,,,,,,,,,,,0.00,,,,28976700,428366,,false,false,12,2020-04-01,2021-03-31,-1
2021-10-28,3793,2022-03-31,2,,,,,,,,,,,,,,,,,,,,,,,,,,,,,0.00,,,,,,,false,false,12,2021-04-01,2022-03-31,0
2021-10-28,3793,2022-03-31,2,,,,,,,,,,,,,,,,,,,,,,,,,,,,,0.00,,,,,,,false,true,12,2021-04-01,2022-03-31,0
2021-10-28,3793,2022-03-31,2,,,,,,,,,,,,,,,,,,,,,,,,,,,,,,,,,29072696,408666,28584587,false,false,6,2021-04-01,2021-09-30,0
2021-10-28,3793,2021-03-31,2,,,,,,,,,,,,,,,,,,,,,,,,,,,,,,,,,,,28469938,false,false,6,2020-04-01,2020-09-30,-1
2022-01-27,3793,2022-03-31,3,8078000000,-0.118,,,,,1419000000,-0.157,1380000000,-0.165,,853000000,,29.87,29.83,,,,,9770000000,4619000000,0.468,160.67,4568000000,,,,,,,,,,,,true,false,9,2021-04-01,2021-12-31,0
2022-01-27,3793,2021-03-31,3,9156000000,0.313,,,,,1683000000,2.173,1653000000,2.215,,1298000000,,45.59,45.49,,,,,,,,,,,,,,,,,,,,,true,false,9,2020-04-01,2020-12-31,-1
2022-01-27,3793,2022-03-31,3,10900000000,-0.079,,,,,1700000000,-0.172,1650000000,-0.183,,1000000000,,35.17,,,,,,,,,,,,,,,,,,,,,,true,true,12,2021-04-01,2022-03-31,0
2022-01-27,3793,2021-03-31,3,,,,,,,,,,,,,,,,,,,,9610000000,3855000000,0.395,132.91,3794000000,,,,,,,,,,,,true,false,12,2020-04-01,2021-03-31,-1
2022-01-27,3793,2021-03-31,3,,,,,,,,,,,,,,,,,,,,,,,,,,,,,0.00,,,,28976700,428366,,false,false,12,2020-04-01,2021-03-31,-1
2022-01-27,3793,2022-03-31,3,,,,,,,,,,,,,,,,,,,,,,,,,,,,,0.00,,,,,,,false,false,12,2021-04-01,2022-03-31,0
2022-01-27,3793,2022-03-31,3,,,,,,,,,,,,,,,,,,,,,,,,,,,,,0.00,,,,,,,false,true,12,2021-04-01,2022-03-31,0
2022-01-27,3793,2022-03-31,3,,,,,,,,,,,,,,,,,,,,,,,,,,,,,,,,,29072696,637366,28569388,false,false,9,2021-04-01,2021-12-31,0
2022-01-27,3793,2021-03-31,3,,,,,,,,,,,,,,,,,,,,,,,,,,,,,,,,,,,28491583,false,false,9,2020-04-01,2020-12-31,-1
2022-05-12,3793,2022-03-31,,10528000000,-0.111,,,,,1591000000,-0.225,1541000000,-0.236,,807000000,,28.29,28.26,0.194,0.160,0.151,,9653000000,4574000000,0.469,159.06,4522000000,1602000000,-1765000000,-387000000,4732000000,,0.177,,,,,,true,false,12,2021-04-01,2022-03-31,0
2022-05-12,3793,2021-03-31,,11840000000,0.167,,,,,2052000000,2.327,2019000000,2.175,,1624000000,,57.00,56.85,0.550,0.252,0.173,,9610000000,3855000000,0.395,132.91,3794000000,3196000000,-1140000000,968000000,5283000000,,,,,,,,true,false,12,2020-04-01,2021-03-31,-1
2022-05-12,3793,2023-03-31,,13000000000,0.235,,,,,2000000000,0.257,1900000000,0.232,,1200000000,,42.20,,,,,,,,,,,,,,,,0.118,,,,,,true,true,12,2022-04-01,2023-03-31,1
2022-05-12,3793,2022-03-31,,8815000000,-0.109,,,,,1068000000,-0.261,1226000000,-0.147,678000000,,-0.471,23.79,23.77,,,,,8916000000,4058000000,0.450,141.01,4009000000,,,,,5.00,,,,29072696,637366,28536540,false,false,12,2021-04-01,2022-03-31,0
2022-05-12,3793,2021-03-31,,9890000000,-0.011,,,,,1444000000,2.119,1438000000,2.565,1283000000,,0.855,45.04,44.92,,,,,8898000000,3468000000,0.383,119.43,3409000000,,,,,0.00,,,,28976700,428366,28505330,false,false,12,2020-04-01,2021-03-31,-1
2022-05-12,3793,2023-03-31,,,,,,,,,,,,,,,,,,,,,,,,,,,,,,5.00,,,,,,,false,true,12,2022-04-01,2023-03-31,1
2022-07-28,3793,2023-03-31,1,2927000000,0.100,,,,,817000000,0.621,810000000,0.646,,521000000,,18.35,18.34,,,,,9894000000,4949000000,0.495,172.30,4899000000,,,,,,,,,,,,true,false,3,2022-04-01,2022-06-30,0
2022-07-28,3793,2022-03-31,1,2661000000,-0.194,,,,,504000000,-0.192,492000000,-0.191,,300000000,,10.53,10.51,,,,,,,,,,,,,,,,,,,,,true,false,3,2021-04-01,2021-06-30,-1
2022-07-28,3793,2023-03-31,1,13000000000,0.235,,,,,2000000000,0.257,1900000000,0.232,,1200000000,,42.20,,,,,,,,,,,,,,,,,,,,,,true,true,12,2022-04-01,2023-03-31,0
2022-07-28,3793,2022-03-31,1,,,,,,,,,,,,,,,,,,,,9653000000,4574000000,0.469,159.06,4522000000,,,,,,,,,,,,true,false,12,2021-04-01,2022-03-31,-1
2022-07-28,3793,2022-03-31,1,,,,,,,,,,,,,,,,,,,,,,,,,,,,,5.00,,,,29072696,637366,,false,false,12,2021-04-01,2022-03-31,-1
2022-07-28,3793,2023-03-31,1,,,,,,,,,,,,,,,,,,,,,,,,,,,,,5.00,,,,,,,false,true,12,2022-04-01,2023-03-31,0
2022-07-28,3793,2023-03-31,1,,,,,,,,,,,,,,,,,,,,,,,,,,,,,,,,,29072696,637366,28435330,false,false,3,2022-04-01,2022-06-30,0
2022-07-28,3793,2022-03-31,1,,,,,,,,,,,,,,,,,,,,,,,,,,,,,,,,,,,28550949,false,false,3,2021-04-01,2021-06-30,-1
2022-10-27,3793,2023-03-31,2,5800000000,0.119,,,,,1607000000,0.662,1547000000,0.644,,1056000000,,37.13,37.08,,,,,12240000000,5529000000,0.448,192.17,5478000000,,,,,,,,,,,,true,false,6,2022-04-01,2022-09-30,0
2022-10-27,3793,2022-03-31,2,5184000000,-0.162,,,,,967000000,-0.081,941000000,-0.088,,612000000,,21.41,21.38,,,,,,,,,,,,,,,,,,,,,true,false,6,2021-04-01,2021-09-30,-1
2022-10-27,3793,2023-03-31,2,13000000000,0.235,,,,,2000000000,0.257,1900000000,0.232,,1200000000,,42.20,,,,,,,,,,,,,,,,,,,,,,true,true,12,2022-04-01,2023-03-31,0
2022-10-27,3793,2022-03-31,2,,,,,,,,,,,,,,,,,,,,9653000000,4574000000,0.469,159.06,4522000000,,,,,,,,,,,,true,false,12,2021-04-01,2022-03-31,-1
2022-10-27,3793,2022-03-31,2,,,,,,,,,,,,,,,,,,,,,,,,,,,,,5.00,,,,29072696,637366,,false,false,12,2021-04-01,2022-03-31,-1
2022-10-27,3793,2023-03-31,2,,,,,,,,,,,,,,,,,,,,,,,,,,,,,0.00,,,,,,,false,false,12,2022-04-01,2023-03-31,0
2022-10-27,3793,2023-03-31,2,,,,,,,,,,,,,,,,,,,,,,,,,,,,,5.00,,,,,,,false,true,12,2022-04-01,2023-03-31,0
2022-10-27,3793,2023-03-31,2,,,,,,,,,,,,,,,,,,,,,,,,,,,,,,,,,29129591,619866,28456134,false,false,6,2022-04-01,2022-09-30,0
2022-10-27,3793,2022-03-31,2,,,,,,,,,,,,,,,,,,,,,,,,,,,,,,,,,,,28584587,false,false,6,2021-04-01,2021-09-30,-1
2023-01-30,3793,2023-03-31,3,8380000000,0.037,,,,,2100000000,0.479,2025000000,0.467,,1166000000,,40.98,40.91,,,,,12157000000,5640000000,0.460,196.04,5588000000,,,,,,,,,,,,true,false,9,2022-04-01,2022-12-31,0
2023-01-30,3793,2022-03-31,3,8078000000,-0.118,,,,,1419000000,-0.157,1380000000,-0.165,,853000000,,29.87,29.83,,,,,,,,,,,,,,,,,,,,,true,false,9,2021-04-01,2021-12-31,-1
2023-01-30,3793,2023-03-31,3,10700000000,0.016,,,,,2200000000,0.383,2100000000,0.362,,1100000000,,38.59,,,,,,,,,,,,,,,,,,,,,,true,true,12,2022-04-01,2023-03-31,0
2023-01-30,3793,2022-03-31,3,,,,,,,,,,,,,,,,,,,,9653000000,4574000000,0.469,159.06,4522000000,,,,,,,,,,,,true,false,12,2021-04-01,2022-03-31,-1
2023-01-30,3793,2022-03-31,3,,,,,,,,,,,,,,,,,,,,,,,,,,,,,5.00,,,,29072699,637366,,false,false,12,2021-04-01,2022-03-31,-1
2023-01-30,3793,2023-03-31,3,,,,,,,,,,,,,,,,,,,,,,,,,,,,,0.00,,,,,,,false,false,12,2022-04-01,2023-03-31,0
2023-01-30,3793,2023-03-31,3,,,,,,,,,,,,,,,,,,,,,,,,,,,,,5.00,,,,,,,false,true,12,2022-04-01,2023-03-31,0
2023-01-30,3793,2023-03-31,3,,,,,,,,,,,,,,,,,,,,,,,,,,,,,,,,,28508025,621566,28473581,false,false,9,2022-04-01,2022-12-31,0
2023-01-30,3793,2022-03-31,3,,,,,,,,,,,,,,,,,,,,,,,,,,,,,,,,,,,28569388,false,false,9,2021-04-01,2021-12-31,-1
2023-02-17,3793,2023-03-31,3,8380000000,0.037,,,,,2100000000,0.479,2025000000,0.467,,1166000000,,40.98,40.91,,,,,12157000000,5640000000,0.460,196.04,5588000000,,,,,,,,,,,,true,false,9,2022-04-01,2022-12-31,0
2023-02-17,3793,2022-03-31,3,8078000000,-0.118,,,,,1419000000,-0.157,1380000000,-0.165,,853000000,,29.87,29.83,,,,,,,,,,,,,,,,,,,,,true,false,9,2021-04-01,2021-12-31,-1
2023-02-17,3793,2023-03-31,3,10700000000,0.016,,,,,2200000000,0.383,2100000000,0.362,,1100000000,,38.59,,,,,,,,,,,,,,,,,,,,,,true,true,12,2022-04-01,2023-03-31,0
2023-02-17,3793,2022-03-31,3,,,,,,,,,,,,,,,,,,,,9653000000,4574000000,0.469,159.06,4522000000,,,,,,,,,,,,true,false,12,2021-04-01,2022-03-31,-1
2023-02-17,3793,2022-03-31,3,,,,,,,,,,,,,,,,,,,,,,,,,,,,,5.00,,,,29072696,637366,,false,false,12,2021-04-01,2022-03-31,-1
2023-02-17,3793,2023-03-31,3,,,,,,,,,,,,,,,,,,,,,,,,,,,,,0.00,,,,,,,false,false,12,2022-04-01,2023-03-31,0
2023-02-17,3793,2023-03-31,3,,,,,,,,,,,,,,,,,,,,,,,,,,,,,5.00,,,,,,,false,true,12,2022-04-01,2023-03-31,0
2023-02-17,3793,2023-03-31,3,,,,,,,,,,,,,,,,,,,,,,,,,,,,,,,,,29129591,621566,28473581,false,false,9,2022-04-01,2022-12-31,0
2023-02-17,3793,2022-03-31,3,,,,,,,,,,,,,,,,,,,,,,,,,,,,,,,,,,,28569388,false,false,9,2021-04-01,2021-12-31,-1
2023-05-11,3793,2023-03-31,,10800000000,0.026,,,,,2281000000,0.434,2192000000,0.422,,1159000000,,40.70,40.62,0.229,0.200,0.211,,12226000000,5631000000,0.456,195.70,5579000000,2665000000,-2017000000,658000000,6040000000,,0.123,,,,,,true,false,12,2022-04-01,2023-03-31,0
2023-05-11,3793,2022-03-31,,10528000000,-0.111,,,,,1591000000,-0.225,1541000000,-0.236,,807000000,,28.29,28.26,0.194,0.160,0.151,,9653000000,4574000000,0.469,159.06,4522000000,1602000000,-1765000000,-387000000,4732000000,,0.177,,,,,,true,false,12,2021-04-01,2022-03-31,-1
2023-05-11,3793,2024-03-31,,15000000000,0.389,,,,,2000000000,-0.123,1900000000,-0.133,,1100000000,,38.59,,,,,,,,,,,,,,,,0.130,,,,,,true,true,12,2023-04-01,2024-03-31,1
2023-05-11,3793,2023-03-31,,9005000000,0.022,,,,,1389000000,0.301,1540000000,0.255,744000000,,0.097,26.14,26.09,,,,,11048000000,4700000000,0.421,163.15,4651000000,,,,,5.00,,,,29129591,621595,28482068,false,false,12,2022-04-01,2023-03-31,0
2023-05-11,3793,2022-03-31,,8815000000,-0.109,,,,,1068000000,-0.261,1226000000,-0.147,678000000,,-0.471,23.79,23.77,,,,,8916000000,4058000000,0.450,141.01,4009000000,,,,,5.00,,,,29072696,637366,28536540,false,false,12,2021-04-01,2022-03-31,-1
2023-05-11,3793,2024-03-31,,,,,,,,,,,,,,,,,,,,,,,,,,,,,,5.00,,,,,,,false,true,12,2023-04-01,2024-03-31,1
2023-07-27,3793,2024-03-31,1,2346000000,-0.198,,,,,8000000,-0.990,2000000,-0.997,,-441000000,,-15.50,,,,,,11111000000,5044000000,0.449,175.19,4993000000,,,,,,,,,,,,true,false,3,2023-04-01,2023-06-30,0
2023-07-27,3793,2023-03-31,1,2927000000,0.100,,,,,817000000,0.621,810000000,0.646,,521000000,,18.35,18.34,,,,,,,,,,,,,,,,,,,,,true,false,3,2022-04-01,2022-06-30,-1
2023-07-27,3793,2024-03-31,1,11500000000,0.065,,,,,500000000,-0.781,450000000,-0.795,,0,,0.00,,,,,,,,,,,,,,,,,,,,,,true,true,12,2023-04-01,2024-03-31,0
2023-07-27,3793,2023-03-31,1,,,,,,,,,,,,,,,,,,,,12226000000,5631000000,0.456,195.70,5579000000,,,,,,,,,,,,true,false,12,2022-04-01,2023-03-31,-1
2023-07-27,3793,2023-03-31,1,,,,,,,,,,,,,,,,,,,,,,,,,,,,,5.00,,,,29129591,621595,,false,false,12,2022-04-01,2023-03-31,-1
2023-07-27,3793,2024-03-31,1,,,,,,,,,,,,,,,,,,,,,,,,,,,,,0.00,,,,,,,false,true,12,2023-04-01,2024-03-31,0
2023-07-27,3793,2024-03-31,1,,,,,,,,,,,,,,,,,,,,,,,,,,,,,,,,,29129591,624995,28506875,false,false,3,2023-04-01,2023-06-30,0
2023-07-27,3793,2023-03-31,1,,,,,,,,,,,,,,,,,,,,,,,,,,,,,,,,,,,28435330,false,false,3,2022-04-01,2022-06-30,-1
2023-10-26,3793,2024-03-31,2,5091000000,-0.122,,,,,472000000,-0.706,453000000,-0.707,,-169000000,,-5.94,,,,,,11388000000,5385000000,0.468,186.42,5334000000,,,,,,,,,,,,true,false,6,2023-04-01,2023-09-30,0
2023-10-26,3793,2023-03-31,2,5800000000,0.119,,,,,1607000000,0.662,1547000000,0.644,,1056000000,,37.13,37.08,,,,,,,,,,,,,,,,,,,,,true,false,6,2022-04-01,2022-09-30,-1
2023-10-26,3793,2024-03-31,2,11500000000,0.065,,,,,500000000,-0.781,450000000,-0.795,,0,,0.00,,,,,,,,,,,,,,,,,,,,,,true,true,12,2023-04-01,2024-03-31,0
2023-10-26,3793,2023-03-31,2,,,,,,,,,,,,,,,,,,,,12226000000,5631000000,0.456,195.70,5579000000,,,,,,,,,,,,true,false,12,2022-04-01,2023-03-31,-1
2023-10-26,3793,2023-03-31,2,,,,,,,,,,,,,,,,,,,,,,,,,,,,,5.00,,,,29129591,621595,,false,false,12,2022-04-01,2023-03-31,-1
2023-10-26,3793,2024-03-31,2,,,,,,,,,,,,,,,,,,,,,,,,,,,,,0.00,,,,,,,false,false,12,2023-04-01,2024-03-31,0
2023-10-26,3793,2024-03-31,2,,,,,,,,,,,,,,,,,,,,,,,,,,,,,,,,,29224108,610795,28530632,false,false,6,2023-04-01,2023-09-30,0
2023-10-26,3793,2023-03-31,2,,,,,,,,,,,,,,,,,,,,,,,,,,,,,,,,,,,28456134,false,false,6,2022-04-01,2022-09-30,-1
2024-01-30,3793,2024-03-31,3,7637000000,-0.089,,,,,789000000,-0.624,729000000,-0.640,,97000000,,3.41,3.41,,,,,13487000000,5653000000,0.415,195.78,5601000000,,,,,,,,,,,,true,false,9,2023-04-01,2023-12-31,0
2024-01-30,3793,2023-03-31,3,8380000000,0.037,,,,,2100000000,0.479,2025000000,0.467,,1166000000,,40.98,40.91,,,,,,,,,,,,,,,,,,,,,true,false,9,2022-04-01,2022-12-31,-1
2024-01-30,3793,2024-03-31,3,10000000000,-0.074,,,,,800000000,-0.649,700000000,-0.681,,100000000,,3.51,,,,,,,,,,,,,,,,,,,,,,true,true,12,2023-04-01,2024-03-31,0
2024-01-30,3793,2023-03-31,3,,,,,,,,,,,,,,,,,,,,12226000000,5631000000,0.456,195.70,5579000000,,,,,,,,,,,,true,false,12,2022-04-01,2023-03-31,-1
2024-01-30,3793,2023-03-31,3,,,,,,,,,,,,,,,,,,,,,,,,,,,,,5.00,,,,29129591,621595,,false,false,12,2022-04-01,2023-03-31,-1
2024-01-30,3793,2024-03-31,3,,,,,,,,,,,,,,,,,,,,,,,,,,,,,0.00,,,,,,,false,false,12,2023-04-01,2024-03-31,0
2024-01-30,3793,2024-03-31,3,,,,,,,,,,,,,,,,,,,,,,,,,,,,,0.00,,,,,,,false,true,12,2023-04-01,2024-03-31,0
2024-01-30,3793,2024-03-31,3,,,,,,,,,,,,,,,,,,,,,,,,,,,,,,,,,29224108,612695,28558079,false,false,9,2023-04-01,2023-12-31,0
2024-01-30,3793,2023-03-31,3,,,,,,,,,,,,,,,,,,,,,,,,,,,,,,,,,,,28473581,false,false,9,2022-04-01,2022-12-31,-1
2024-05-13,3793,2024-03-31,,9779000000,-0.095,,,,,903000000,-0.604,793000000,-0.638,,104000000,,3.64,3.64,0.019,0.060,0.092,,14148000000,5668000000,0.397,196.29,5615000000,-473000000,-2048000000,2413000000,5932000000,,,,,,,,true,false,12,2023-04-01,2024-03-31,0
2024-05-13,3793,2023-03-31,,10800000000,0.026,,,,,2281000000,0.434,2192000000,0.422,,1159000000,,40.70,40.62,0.229,0.200,0.211,,12226000000,5631000000,0.456,195.70,5579000000,2665000000,-2017000000,658000000,6040000000,,0.123,,,,,,true,false,12,2022-04-01,2023-03-31,-1
2024-05-13,3793,2025-03-31,,13500000000,0.380,,,,,1000000000,0.107,900000000,0.135,,400000000,,13.98,,,,,,,,,,,,,,,,,,,,,,true,true,12,2024-04-01,2025-03-31,1
2024-05-13,3793,2024-03-31,,8008000000,-0.111,,,,,192000000,-0.862,585000000,-0.620,356000000,,-0.521,12.48,12.46,,,,,13278000000,4988000000,0.372,172.65,4939000000,,,,,0.00,,,,29224108,615695,28570583,false,false,12,2023-04-01,2024-03-31,0
2024-05-13,3793,2023-03-31,,9005000000,0.022,,,,,1389000000,0.301,1540000000,0.255,744000000,,0.097,26.14,26.09,,,,,11048000000,4700000000,0.421,163.15,4651000000,,,,,5.00,,,,29129591,621595,28482068,false,false,12,2022-04-01,2023-03-31,-1
2024-05-13,3793,2025-03-31,,,,,,,,,,,,,,,,,,,,,,,,,,,,,,0.00,,,,,,,false,true,12,2024-04-01,2025-03-31,1
2024-07-30,3793,2025-03-31,1,2122000000,-0.095,,,,,-67000000,,-88000000,,,-153000000,,-5.37,,,,,,13776000000,5542000000,0.399,192.08,5498000000,,,,,,,,,,,,true,false,3,2024-04-01,2024-06-30,0
2024-07-30,3793,2024-03-31,1,2346000000,-0.198,,,,,8000000,-0.990,2000000,-0.997,,-441000000,,-15.50,,,,,,,,,,,,,,,,,,,,,,true,false,3,2023-04-01,2023-06-30,-1
2024-07-30,3793,2025-03-31,1,13500000000,0.380,,,,,1000000000,0.107,900000000,0.135,,400000000,,13.98,,,,,,,,,,,,,,,,,,,,,,true,true,12,2024-04-01,2025-03-31,0
2024-07-30,3793,2024-03-31,1,,,,,,,,,,,,,,,,,,,,14148000000,5668000000,0.397,196.29,5615000000,,,,,,,,,,,,true,false,12,2023-04-01,2024-03-31,-1
2024-07-30,3793,2024-03-31,1,,,,,,,,,,,,,,,,,,,,,,,,,,,,,0.00,,,,29224108,615695,,false,false,12,2023-04-01,2024-03-31,-1
2024-07-30,3793,2025-03-31,1,,,,,,,,,,,,,,,,,,,,,,,,,,,,,0.00,,,,,,,false,true,12,2024-04-01,2025-03-31,0
2024-07-30,3793,2025-03-31,1,,,,,,,,,,,,,,,,,,,,,,,,,,,,,,,,,29244108,615695,28624457,false,false,3,2024-04-01,2024-06-30,0
2024-07-30,3793,2024-03-31,1,,,,,,,,,,,,,,,,,,,,,,,,,,,,,,,,,,,28506875,false,false,3,2023-04-01,2023-06-30,-1
2024-10-29,3793,2025-03-31,2,4018000000,-0.211,,,,,-315000000,,-354000000,,,-1022000000,,-35.68,,,,,,12521000000,4713000000,0.373,162.63,4651000000,,,,,,,,,,,,true,false,6,2024-04-01,2024-09-30,0
2024-10-29,3793,2024-03-31,2,5091000000,-0.122,,,,,472000000,-0.706,453000000,-0.707,,-169000000,,-5.94,,,,,,,,,,,,,,,,,,,,,,true,false,6,2023-04-01,2023-09-30,-1
2024-10-29,3793,2024-03-31,2,,,,,,,,,,,,,,,,,,,,14148000000,5668000000,0.397,196.29,5615000000,,,,,,,,,,,,true,false,12,2023-04-01,2024-03-31,-1
2024-10-29,3793,2024-03-31,2,,,,,,,,,,,,,,,,,,,,,,,,,,,,,0.00,,,,29224108,615695,,false,false,12,2023-04-01,2024-03-31,-1
2024-10-29,3793,2025-03-31,2,,,,,,,,,,,,,,,,,,,,,,,,,,,,,0.00,,,,,,,false,false,12,2024-04-01,2025-03-31,0
2024-10-29,3793,2025-03-31,2,,,,,,,,,,,,,,,,,,,,,,,,,,,,,,,,,29310212,599995,28645174,false,false,6,2024-04-01,2024-09-30,0
2024-10-29,3793,2024-03-31,2,,,,,,,,,,,,,,,,,,,,,,,,,,,,,,,,,,,28530632,false,false,6,2023-04-01,2023-09-30,-1
2025-01-30,3793,2025-03-31,3,8200000000,0.074,,,,,-26000000,,-78000000,,,-823000000,,-28.74,,,,,,13578000000,4913000000,0.359,169.66,4874000000,,,,,,,,,,,,true,false,9,2024-04-01,2024-12-31,0
2025-01-30,3793,2024-03-31,3,7637000000,-0.089,,,,,789000000,-0.624,729000000,-0.640,,97000000,,3.41,3.41,,,,,,,,,,,,,,,,,,,,,true,false,9,2023-04-01,2023-12-31,-1
2025-01-30,3793,2025-03-31,3,13500000000,0.380,,,,,500000000,-0.446,400000000,-0.496,,-200000000,,-6.96,,,,,,,,,,,,,,,,,,,,,,true,true,12,2024-04-01,2025-03-31,0
2025-01-30,3793,2024-03-31,3,,,,,,,,,,,,,,,,,,,,14148000000,5668000000,0.397,196.29,5615000000,,,,,,,,,,,,true,false,12,2023-04-01,2024-03-31,-1
2025-01-30,3793,2024-03-31,3,,,,,,,,,,,,,,,,,,,,,,,,,,,,,0.00,,,,29224108,615695,,false,false,12,2023-04-01,2024-03-31,-1
2025-01-30,3793,2025-03-31,3,,,,,,,,,,,,,,,,,,,,,,,,,,,,,0.00,,,,,,,false,false,12,2024-04-01,2025-03-31,0
2025-01-30,3793,2025-03-31,3,,,,,,,,,,,,,,,,,,,,,,,,,,,,,0.00,,,,,,,false,true,12,2024-04-01,2025-03-31,0
2025-01-30,3793,2025-03-31,3,,,,,,,,,,,,,,,,,,,,,,,,,,,,,,,,,29330212,599995,28667952,false,false,9,2024-04-01,2024-12-31,0
2025-01-30,3793,2024-03-31,3,,,,,,,,,,,,,,,,,,,,,,,,,,,,,,,,,,,28558079,false,false,9,2023-04-01,2023-12-31,-1
2025-05-12,3793,2025-03-31,,12655000000,0.294,,,,,112000000,-0.876,53000000,-0.933,,-1035000000,,-36.10,,-0.201,0.004,0.009,,13506000000,4719000000,0.346,162.48,4669000000,634000000,-899000000,-1739000000,3928000000,,,,,,,,true,false,12,2024-04-01,2025-03-31,0
2025-05-12,3793,2024-03-31,,9779000000,-0.095,,,,,903000000,-0.604,793000000,-0.638,,104000000,,3.64,3.64,0.019,0.060,0.092,,14148000000,5668000000,0.397,196.29,5615000000,-473000000,-2048000000,2413000000,5932000000,,,,,,,,true,false,12,2023-04-01,2024-03-31,-1
2025-05-12,3793,2026-03-31,,20000000000,0.580,,,,,1000000000,7.928,950000000,,,500000000,,17.40,,,,,,,,,,,,,,,,0.287,,,,,,true,true,12,2025-04-01,2026-03-31,1
2025-05-12,3793,2025-03-31,,11091000000,0.385,,,,,-610000000,,103000000,-0.823,-746000000,,,-26.01,,,,,,12946000000,4329000000,0.331,149.02,4282000000,,,,,0.00,,,,29340212,599995,28685771,false,false,12,2024-04-01,2025-03-31,0
2025-05-12,3793,2024-03-31,,8008000000,-0.111,,,,,192000000,-0.862,585000000,-0.620,356000000,,-0.521,12.48,12.46,,,,,13278000000,4988000000,0.372,172.65,4939000000,,,,,0.00,,,,29224108,615695,28570583,false,false,12,2023-04-01,2024-03-31,-1
2025-05-12,3793,2026-03-31,,,,,,,,,,,,,,,,,,,,,,,,,,,,,,5.00,,,,,,,false,true,12,2025-04-01,2026-03-31,1
2025-07-29,3793,2026-03-31,1,4466000000,1.104,,,,,-81000000,,-107000000,,,-1799000000,,-62.60,,,,,,10889000000,2936000000,0.264,99.85,2869000000,,,,,,,,,,,,true,false,3,2025-04-01,2025-06-30,0
2025-07-29,3793,2025-03-31,1,2122000000,-0.095,,,,,-67000000,,-88000000,,,-153000000,,-5.37,,,,,,,,,,,,,,,,,,,,,,true,false,3,2024-04-01,2024-06-30,-1
2025-07-29,3793,2026-03-31,1,17500000000,0.383,,,,,500000000,3.464,400000000,6.504,,-1300000000,,-45.23,,,,,,,,,,,,,,,,,,,,,,true,true,12,2025-04-01,2026-03-31,0
2025-07-29,3793,2025-03-31,1,,,,,,,,,,,,,,,,,,,,13506000000,4719000000,0.346,162.48,4669000000,,,,,,,,,,,,true,false,12,2024-04-01,2025-03-31,-1
2025-07-29,3793,2025-03-31,1,,,,,,,,,,,,,,,,,,,,,,,,,,,,,0.00,,,,29340212,599995,,false,false,12,2024-04-01,2025-03-31,-1
2025-07-29,3793,2026-03-31,1,,,,,,,,,,,,,,,,,,,,,,,,,,,,,0.00,,,,,,,false,true,12,2025-04-01,2026-03-31,0
2025-07-29,3793,2026-03-31,1,,,,,,,,,,,,,,,,,,,,,,,,,,,,,,,,,29340212,599995,28740217,false,false,3,2025-04-01,2025-06-30,0
2025-07-29,3793,2025-03-31,1,,,,,,,,,,,,,,,,,,,,,,,,,,,,,,,,,,,28624457,false,false,3,2024-04-01,2024-06-30,-1
