filing_date,code,fiscal_year_end,quarterly_period,net_sales,net_sales_change,revenue,revenue_change,operating_revenue,operating_revenue_change,operating_profit,operating_profit_change,ordinary_profit,ordinary_profit_change,net_income,net_income_of_parent,net_income_change,eps,diluted_eps,roe,roa,operating_profit_to_net_sales,operating_profit_to_revenue,total_assets,net_assets,equity_ratio,bps,owner_equity,operating_cash_flow,investing_cash_flow,financing_cash_flow,cash,dividend_per_share,payout_ratio,commemorative_dividend,extra_dividend,number_of_shares,number_of_treqsury_shares,avg_number_of_shares,is_consolidated,is_forecast,duration,period_start,period_end,period_pos
2015-05-12,37990,2015-03-31,,16382000000,-0.048,,,,,2000000,-0.994,65000000,-0.821,-78000000,,,-9.58,,-0.014,0.007,0.000,,9574000000,5793000000,0.605,702.85,5793000000,192000000,-45000000,101000000,981000000,,,,,,,,true,false,12,2014-04-01,2015-03-31,0
2015-05-12,37990,2014-03-31,,17200000000,0.053,,,,,368000000,-0.313,367000000,-0.300,240000000,,-0.587,29.06,,0.042,0.038,0.021,,9424000000,5764000000,0.612,705.93,5764000000,1200000000,-233000000,-871000000,734000000,,0.344,,,,,,true,false,12,2013-04-01,2014-03-31,-1
2015-05-12,37990,2016-03-31,,17700000000,0.080,,,,,500000000,,420000000,,370000000,,,44.47,,,,,,,,,,,,,,,,0.225,,,,,,true,true,12,2015-04-01,2016-03-31,1
2015-05-12,37990,2015-03-31,,10917000000,-0.078,,,,,-173000000,,176000000,-0.097,103000000,,-0.049,12.64,,,,,,6812000000,3142000000,0.461,381.25,3142000000,,,,,0.00,,,,9110000,866799,8204311,false,false,12,2014-04-01,2015-03-31,0
2015-05-12,37990,2014-03-31,,11835000000,0.080,,,,,201000000,-0.478,195000000,-0.427,109000000,,-0.740,13.16,,,,,,6756000000,3073000000,0.455,376.32,3073000000,,,,,10.00,,,,9110000,943899,8287033,false,false,12,2013-04-01,2014-03-31,-1
2015-05-12,37990,2016-03-31,,,,,,,,,,,,,,,,,,,,,,,,,,,,,,10.00,,,,,,,false,true,12,2015-04-01,2016-03-31,1
2015-07-31,37990,2016-03-31,1,3231000000,-0.031,,,,,-291000000,,-294000000,,,-298000000,,-36.17,,,,,,9110000000,5506000000,0.604,,5506000000,,,,,,,,,,,,true,false,3,2015-04-01,2015-06-30,0
2015-07-31,37990,2015-03-31,1,3334000000,-0.088,,,,,-324000000,,-332000000,,,-385000000,,-47.20,,,,,,,,,,,,,,,,,,,,,,true,false,3,2014-04-01,2014-06-30,-1
2015-07-31,37990,2016-03-31,1,17700000000,0.080,,,,,500000000,,420000000,,,370000000,,44.47,,,,,,,,,,,,,,,,,,,,,,true,true,12,2015-04-01,2016-03-31,0
2015-07-31,37990,2015-03-31,1,,,,,,,,,,,,,,,,,,,,9574000000,5793000000,0.605,,5793000000,,,,,,,,,,,,true,false,12,2014-04-01,2015-03-31,-1
2015-07-31,37990,2015-03-31,1,,,,,,,,,,,,,,,,,,,,,,,,,,,,,0.00,,,,9110000,866799,,false,false,12,2014-04-01,2015-03-31,-1
2015-07-31,37990,2016-03-31,1,,,,,,,,,,,,,,,,,,,,,,,,,,,,,10.00,,,,,,,false,true,12,2015-04-01,2016-03-31,0
2015-07-31,37990,2016-03-31,1,,,,,,,,,,,,,,,,,,,,,,,,,,,,,,,,,9110000,846999,8249367,false,false,3,2015-04-01,2015-06-30,0
2015-07-31,37990,2015-03-31,1,,,,,,,,,,,,,,,,,,,,,,,,,,,,,,,,,,,8173020,false,false,3,2014-04-01,2014-06-30,-1
2015-10-30,37990,2016-03-31,2,7416000000,0.022,,,,,-278000000,,-267000000,,,-308000000,,-37.42,,,,,,9742000000,5474000000,0.562,,5474000000,,,,,,,,,,,,true,false,6,2015-04-01,2015-09-30,0
2015-10-30,37990,2015-03-31,2,7253000000,-0.090,,,,,-519000000,,-525000000,,,-566000000,,-69.22,,,,,,,,,,,,,,,,,,,,,,true,false,6,2014-04-01,2014-09-30,-1
2015-10-30,37990,2016-03-31,2,17700000000,0.080,,,,,500000000,,420000000,,,370000000,,44.47,,,,,,,,,,,,,,,,,,,,,,true,true,12,2015-04-01,2016-03-31,0
2015-10-30,37990,2015-03-31,2,,,,,,,,,,,,,,,,,,,,9574000000,5793000000,0.605,,5793000000,,,,,,,,,,,,true,false,12,2014-04-01,2015-03-31,-1
2015-10-30,37990,2015-03-31,2,,,,,,,,,,,,,,,,,,,,,,,,,,,,,0.00,,,,9110000,866799,,false,false,12,2014-04-01,2015-03-31,-1
2015-10-30,37990,2016-03-31,2,,,,,,,,,,,,,,,,,,,,,,,,,,,,,0.00,,,,,,,false,false,12,2015-04-01,2016-03-31,0
2015-10-30,37990,2016-03-31,2,,,,,,,,,,,,,,,,,,,,,,,,,,,,,10.00,,,,,,,false,true,12,2015-04-01,2016-03-31,0
2015-10-30,37990,2016-03-31,2,,,,,,,,,,,,,,,,,,,,,,,,,,,,,,,,,9110000,836799,8258059,false,false,6,2015-04-01,2015-09-30,0
2015-10-30,37990,2015-03-31,2,,,,,,,,,,,,,,,,,,,,,,,,,,,,,,,,,,,8185087,false,false,6,2014-04-01,2014-09-30,-1
2016-01-29,37990,2016-03-31,3,11139000000,-0.016,,,,,-327000000,,-312000000,,,-374000000,,-45.28,,,,,,9096000000,5414000000,0.595,,5414000000,,,,,,,,,,,,true,false,9,2015-04-01,2015-12-31,0
2016-01-29,37990,2015-03-31,3,11320000000,-0.061,,,,,-449000000,,-463000000,,,-532000000,,-64.93,,,,,,,,,,,,,,,,,,,,,,true,false,9,2014-04-01,2014-12-31,-1
2016-01-29,37990,2016-03-31,3,17700000000,0.080,,,,,500000000,,420000000,,,370000000,,44.47,,,,,,,,,,,,,,,,,,,,,,true,true,12,2015-04-01,2016-03-31,0
2016-01-29,37990,2015-03-31,3,,,,,,,,,,,,,,,,,,,,9574000000,5793000000,0.605,,5793000000,,,,,,,,,,,,true,false,12,2014-04-01,2015-03-31,-1
2016-01-29,37990,2015-03-31,3,,,,,,,,,,,,,,,,,,,,,,,,,,,,,0.00,,,,9110000,866799,,false,false,12,2014-04-01,2015-03-31,-1
2016-01-29,37990,2016-03-31,3,,,,,,,,,,,,,,,,,,,,,,,,,,,,,0.00,,,,,,,false,false,12,2015-04-01,2016-03-31,0
2016-01-29,37990,2016-03-31,3,,,,,,,,,,,,,,,,,,,,,,,,,,,,,10.00,,,,,,,false,true,12,2015-04-01,2016-03-31,0
2016-01-29,37990,2016-03-31,3,,,,,,,,,,,,,,,,,,,,,,,,,,,,,,,,,9110000,813699,8265400,false,false,9,2015-04-01,2015-12-31,0
2016-01-29,37990,2015-03-31,3,,,,,,,,,,,,,,,,,,,,,,,,,,,,,,,,,,,8193952,false,false,9,2014-04-01,2014-12-31,-1
2016-03-23,37990,2016-03-31,,16000000000,-0.096,,,,,40000000,-0.920,80000000,-0.810,,60000000,,7.25,,,,,,,,,,,,,,,,,,,,,,true,true,12,2015-04-01,2016-03-31,0
2016-03-23,37990,2015-03-31,,16382000000,,,,,,2000000,,65000000,,,-78000000,,-9.58,,,,,,,,,,,,,,,,,,,,,,true,false,12,2014-04-01,2015-03-31,-1
2016-03-23,37990,2016-03-31,,,,,,,,,,,,,,,,,,,,,,,,,,,,,,5.00,,,,,,,false,true,12,2015-04-01,2016-03-31,0
2016-03-23,37990,2016-03-31,,,,,,,,,,,,,,,,,,,,,,,,,,,,,,0.00,,,,,,,false,false,12,2015-04-01,2016-03-31,0
2016-03-23,37990,2015-03-31,,,,,,,,,,,,,,,,,,,,,,,,,,,,,,0.00,,,,,,,false,false,12,2014-04-01,2015-03-31,-1
2016-04-28,37990,2016-03-31,,15988000000,-0.024,,,,,63000000,,128000000,0.948,,66000000,,8.06,,0.011,0.013,0.004,,9963000000,5840000000,0.586,702.84,5840000000,-606000000,105000000,404000000,885000000,,0.620,,,,,,true,false,12,2015-04-01,2016-03-31,0
2016-04-28,37990,2015-03-31,,16382000000,-0.048,,,,,2000000,-0.994,65000000,-0.821,,-78000000,,-9.58,,-0.014,0.007,0.000,,9574000000,5793000000,0.605,702.85,5793000000,192000000,-45000000,101000000,981000000,,,,,,,,true,false,12,2014-04-01,2015-03-31,-1
2016-04-28,37990,2017-03-31,,17700000000,0.107,,,,,500000000,6.893,420000000,2.276,,370000000,,44.50,,,,,,,,,,,,,,,,0.225,,,,,,true,true,12,2016-04-01,2017-03-31,1
2016-04-28,37990,2016-03-31,,11064000000,0.013,,,,,-81000000,,-41000000,,-44000000,,,-5.38,,,,,,7346000000,3112000000,0.424,374.55,3112000000,,,,,5.00,,,,9110000,799599,8274446,false,false,12,2015-04-01,2016-03-31,0
2016-04-28,37990,2015-03-31,,10917000000,-0.078,,,,,-173000000,,176000000,-0.097,103000000,,-0.049,12.64,,,,,,6812000000,3142000000,0.461,381.25,3142000000,,,,,0.00,,,,9110000,866799,8204311,false,false,12,2014-04-01,2015-03-31,-1
2016-04-28,37990,2017-03-31,,,,,,,,,,,,,,,,,,,,,,,,,,,,,,10.00,,,,,,,false,true,12,2016-04-01,2017-03-31,1
2016-07-29,37990,2017-03-31,1,3242000000,0.004,,,,,-157000000,,-160000000,,,-166000000,,-20.04,,,,,,8436000000,5509000000,0.653,,5509000000,,,,,,,,,,,,true,false,3,2016-04-01,2016-06-30,0
2016-07-29,37990,2016-03-31,1,3231000000,-0.031,,,,,-291000000,,-294000000,,,-298000000,,-36.17,,,,,,,,,,,,,,,,,,,,,,true,false,3,2015-04-01,2015-06-30,-1
2016-07-29,37990,2017-03-31,1,17700000000,0.107,,,,,500000000,6.893,420000000,2.276,,370000000,,44.50,,,,,,,,,,,,,,,,,,,,,,true,true,12,2016-04-01,2017-03-31,0
2016-07-29,37990,2016-03-31,1,,,,,,,,,,,,,,,,,,,,9963000000,5840000000,0.586,,5840000000,,,,,,,,,,,,true,false,12,2015-04-01,2016-03-31,-1
2016-07-29,37990,2016-03-31,1,,,,,,,,,,,,,,,,,,,,,,,,,,,,,5.00,,,,9110000,799599,,false,false,12,2015-04-01,2016-03-31,-1
2016-07-29,37990,2017-03-31,1,,,,,,,,,,,,,,,,,,,,,,,,,,,,,10.00,,,,,,,false,true,12,2016-04-01,2017-03-31,0
2016-07-29,37990,2017-03-31,1,,,,,,,,,,,,,,,,,,,,,,,,,,,,,,,,,9110000,761799,8319441,false,false,3,2016-04-01,2016-06-30,0
2016-07-29,37990,2016-03-31,1,,,,,,,,,,,,,,,,,,,,,,,,,,,,,,,,,,,8249367,false,false,3,2015-04-01,2015-06-30,-1
2016-10-31,37990,2017-03-31,2,6917000000,-0.067,,,,,-246000000,,-246000000,,,-261000000,,-31.42,,,,,,8179000000,5419000000,0.663,,5419000000,,,,,,,,,,,,true,false,6,2016-04-01,2016-09-30,0
2016-10-31,37990,2016-03-31,2,7416000000,0.022,,,,,-278000000,,-267000000,,,-308000000,,-37.42,,,,,,,,,,,,,,,,,,,,,,true,false,6,2015-04-01,2015-09-30,-1
2016-10-31,37990,2017-03-31,2,17700000000,0.107,,,,,500000000,6.893,420000000,2.276,,370000000,,44.50,,,,,,,,,,,,,,,,,,,,,,true,true,12,2016-04-01,2017-03-31,0
2016-10-31,37990,2016-03-31,2,,,,,,,,,,,,,,,,,,,,9963000000,5840000000,0.586,,5840000000,,,,,,,,,,,,true,false,12,2015-04-01,2016-03-31,-1
2016-10-31,37990,2016-03-31,2,,,,,,,,,,,,,,,,,,,,,,,,,,,,,5.00,,,,9110000,799599,,false,false,12,2015-04-01,2016-03-31,-1
2016-10-31,37990,2017-03-31,2,,,,,,,,,,,,,,,,,,,,,,,,,,,,,0.00,,,,,,,false,false,12,2016-04-01,2017-03-31,0
2016-10-31,37990,2017-03-31,2,,,,,,,,,,,,,,,,,,,,,,,,,,,,,10.00,,,,,,,false,true,12,2016-04-01,2017-03-31,0
2016-10-31,37990,2017-03-31,2,,,,,,,,,,,,,,,,,,,,,,,,,,,,,,,,,9110000,748899,8336718,false,false,6,2016-04-01,2016-09-30,0
2016-10-31,37990,2016-03-31,2,,,,,,,,,,,,,,,,,,,,,,,,,,,,,,,,,,,8258059,false,false,6,2015-04-01,2015-09-30,-1
2017-01-31,37990,2017-03-31,3,10428000000,-0.064,,,,,-337000000,,-325000000,,,-353000000,,-42.36,,,,,,8180000000,5347000000,0.654,,5347000000,,,,,,,,,,,,true,false,9,2016-04-01,2016-12-31,0
2017-01-31,37990,2016-03-31,3,11139000000,-0.016,,,,,-327000000,,-312000000,,,-374000000,,-45.28,,,,,,,,,,,,,,,,,,,,,,true,false,9,2015-04-01,2015-12-31,-1
2017-01-31,37990,2017-03-31,3,17700000000,0.107,,,,,500000000,6.893,420000000,2.276,,370000000,,44.50,,,,,,,,,,,,,,,,,,,,,,true,true,12,2016-04-01,2017-03-31,0
2017-01-31,37990,2016-03-31,3,,,,,,,,,,,,,,,,,,,,9963000000,5840000000,0.586,,5840000000,,,,,,,,,,,,true,false,12,2015-04-01,2016-03-31,-1
2017-01-31,37990,2016-03-31,3,,,,,,,,,,,,,,,,,,,,,,,,,,,,,5.00,,,,9110000,799599,,false,false,12,2015-04-01,2016-03-31,-1
2017-01-31,37990,2017-03-31,3,,,,,,,,,,,,,,,,,,,,,,,,,,,,,0.00,,,,,,,false,false,12,2016-04-01,2017-03-31,0
2017-01-31,37990,2017-03-31,3,,,,,,,,,,,,,,,,,,,,,,,,,,,,,10.00,,,,,,,false,true,12,2016-04-01,2017-03-31,0
2017-01-31,37990,2017-03-31,3,,,,,,,,,,,,,,,,,,,,,,,,,,,,,,,,,9110000,726499,8347092,false,false,9,2016-04-01,2016-12-31,0
2017-01-31,37990,2016-03-31,3,,,,,,,,,,,,,,,,,,,,,,,,,,,,,,,,,,,8265400,false,false,9,2015-04-01,2015-12-31,-1
2017-02-22,37990,2017-03-31,,15000000000,-0.153,,,,,75000000,-0.850,100000000,-0.762,,70000000,,8.37,,,,,,,,,,,,,,,,,,,,,,true,true,12,2016-04-01,2017-03-31,0
2017-02-22,37990,2016-03-31,,15988000000,,,,,,63000000,,128000000,,,66000000,,8.06,,,,,,,,,,,,,,,,,,,,,,true,false,12,2015-04-01,2016-03-31,-1
2017-02-22,37990,2017-03-31,,,,,,,,,,,,,,,,,,,,,,,,,,,,,,5.00,,,,,,,false,true,12,2016-04-01,2017-03-31,0
2017-02-22,37990,2017-03-31,,,,,,,,,,,,,,,,,,,,,,,,,,,,,,0.00,,,,,,,false,false,12,2016-04-01,2017-03-31,0
2017-02-22,37990,2016-03-31,,,,,,,,,,,,,,,,,,,,,,,,,,,,,,5.00,,,,,,,false,false,12,2015-04-01,2016-03-31,-1
2017-04-28,37990,2017-03-31,,15373000000,-0.038,,,,,90000000,0.433,142000000,0.115,,91000000,,11.00,,0.016,0.016,0.006,,9113000000,5816000000,0.638,692.93,5816000000,1034000000,-48000000,-714000000,1156000000,,0.454,,,,,,true,false,12,2016-04-01,2017-03-31,0
2017-04-28,37990,2016-03-31,,15988000000,-0.024,,,,,63000000,,128000000,0.948,,66000000,,8.06,,0.011,0.013,0.004,,9963000000,5840000000,0.586,702.84,5840000000,-606000000,105000000,404000000,885000000,,0.620,,,,,,true,false,12,2015-04-01,2016-03-31,-1
2017-04-28,37990,2018-03-31,,16000000000,0.041,,,,,250000000,1.755,200000000,0.400,,150000000,,17.74,,,,,,,,,,,,,,,,0.395,,,,,,true,true,12,2017-04-01,2018-03-31,1
2017-04-28,37990,2017-03-31,,10406000000,-0.059,,,,,10000000,,50000000,,36000000,,,4.38,,,,,,6306000000,3159000000,0.501,376.38,3159000000,,,,,5.00,,,,9110000,716299,8357103,false,false,12,2016-04-01,2017-03-31,0
2017-04-28,37990,2016-03-31,,11064000000,0.013,,,,,-81000000,,-41000000,,-44000000,,,-5.38,,,,,,7346000000,3112000000,0.424,374.55,3112000000,,,,,5.00,,,,9110000,799599,8274446,false,false,12,2015-04-01,2016-03-31,-1
2017-04-28,37990,2018-03-31,,,,,,,,,,,,,,,,,,,,,,,,,,,,,,7.00,,,,,,,false,true,12,2017-04-01,2018-03-31,1
2017-07-31,37990,2018-03-31,1,3199000000,-0.013,,,,,-244000000,,-247000000,,,-253000000,,-30.22,,,,,,8486000000,5533000000,0.652,,5533000000,,,,,,,,,,,,true,false,3,2017-04-01,2017-06-30,0
2017-07-31,37990,2017-03-31,1,3242000000,0.004,,,,,-157000000,,-160000000,,,-166000000,,-20.04,,,,,,,,,,,,,,,,,,,,,,true,false,3,2016-04-01,2016-06-30,-1
2017-07-31,37990,2018-03-31,1,16000000000,0.041,,,,,250000000,1.755,200000000,0.400,,150000000,,17.74,,,,,,,,,,,,,,,,,,,,,,true,true,12,2017-04-01,2018-03-31,0
2017-07-31,37990,2017-03-31,1,,,,,,,,,,,,,,,,,,,,9113000000,5816000000,0.638,,5816000000,,,,,,,,,,,,true,false,12,2016-04-01,2017-03-31,-1
2017-07-31,37990,2017-03-31,1,,,,,,,,,,,,,,,,,,,,,,,,,,,,,5.00,,,,9110000,716299,,false,false,12,2016-04-01,2017-03-31,-1
2017-07-31,37990,2018-03-31,1,,,,,,,,,,,,,,,,,,,,,,,,,,,,,7.00,,,,,,,false,true,12,2017-04-01,2018-03-31,0
2017-07-31,37990,2018-03-31,1,,,,,,,,,,,,,,,,,,,,,,,,,,,,,,,,,9110000,693699,8399268,false,false,3,2017-04-01,2017-06-30,0
2017-07-31,37990,2017-03-31,1,,,,,,,,,,,,,,,,,,,,,,,,,,,,,,,,,,,8319441,false,false,3,2016-04-01,2016-06-30,-1
2017-10-31,37990,2018-03-31,2,7415000000,0.072,,,,,-69000000,,-67000000,,,-70000000,,-8.34,,,,,,8965000000,5756000000,0.642,,5756000000,,,,,,,,,,,,true,false,6,2017-04-01,2017-09-30,0
2017-10-31,37990,2017-03-31,2,6917000000,-0.067,,,,,-246000000,,-246000000,,,-261000000,,-31.42,,,,,,,,,,,,,,,,,,,,,,true,false,6,2016-04-01,2016-09-30,-1
2017-10-31,37990,2018-03-31,2,16000000000,0.041,,,,,250000000,1.755,200000000,0.400,,150000000,,17.74,,,,,,,,,,,,,,,,,,,,,,true,true,12,2017-04-01,2018-03-31,0
2017-10-31,37990,2017-03-31,2,,,,,,,,,,,,,,,,,,,,9113000000,5816000000,0.638,,5816000000,,,,,,,,,,,,true,false,12,2016-04-01,2017-03-31,-1
2017-10-31,37990,2017-03-31,2,,,,,,,,,,,,,,,,,,,,,,,,,,,,,5.00,,,,9110000,716299,,false,false,12,2016-04-01,2017-03-31,-1
2017-10-31,37990,2018-03-31,2,,,,,,,,,,,,,,,,,,,,,,,,,,,,,0.00,,,,,,,false,false,12,2017-04-01,2018-03-31,0
2017-10-31,37990,2018-03-31,2,,,,,,,,,,,,,,,,,,,,,,,,,,,,,7.00,,,,,,,false,true,12,2017-04-01,2018-03-31,0
2017-10-31,37990,2018-03-31,2,,,,,,,,,,,,,,,,,,,,,,,,,,,,,,,,,9110000,607599,8449283,false,false,6,2017-04-01,2017-09-30,0
2017-10-31,37990,2017-03-31,2,,,,,,,,,,,,,,,,,,,,,,,,,,,,,,,,,,,8336718,false,false,6,2016-04-01,2016-09-30,-1
2018-01-31,37990,2018-03-31,3,11598000000,0.112,,,,,78000000,,134000000,,,131000000,,15.52,,,,,,8800000000,5962000000,0.678,,5962000000,,,,,,,,,,,,true,false,9,2017-04-01,2017-12-31,0
2018-01-31,37990,2017-03-31,3,10428000000,-0.064,,,,,-337000000,,-325000000,,,-353000000,,-42.36,,,,,,,,,,,,,,,,,,,,,,true,false,9,2016-04-01,2016-12-31,-1
2018-01-31,37990,2018-03-31,3,16000000000,0.041,,,,,250000000,1.755,200000000,0.400,,150000000,,17.74,,,,,,,,,,,,,,,,,,,,,,true,true,12,2017-04-01,2018-03-31,0
2018-01-31,37990,2017-03-31,3,,,,,,,,,,,,,,,,,,,,9113000000,5816000000,0.638,,5816000000,,,,,,,,,,,,true,false,12,2016-04-01,2017-03-31,-1
2018-01-31,37990,2017-03-31,3,,,,,,,,,,,,,,,,,,,,,,,,,,,,,5.00,,,,9110000,716299,,false,false,12,2016-04-01,2017-03-31,-1
2018-01-31,37990,2018-03-31,3,,,,,,,,,,,,,,,,,,,,,,,,,,,,,0.00,,,,,,,false,false,12,2017-04-01,2018-03-31,0
2018-01-31,37990,2018-03-31,3,,,,,,,,,,,,,,,,,,,,,,,,,,,,,7.00,,,,,,,false,true,12,2017-04-01,2018-03-31,0
2018-01-31,37990,2018-03-31,3,,,,,,,,,,,,,,,,,,,,,,,,,,,,,,,,,9110000,607599,8467054,false,false,9,2017-04-01,2017-12-31,0
2018-01-31,37990,2017-03-31,3,,,,,,,,,,,,,,,,,,,,,,,,,,,,,,,,,,,8347092,false,false,9,2016-04-01,2016-12-31,-1
2018-03-22,37990,2018-03-31,,16700000000,0.044,,,,,350000000,0.400,400000000,1.000,,180000000,,21.24,,,,,,,,,,,,,,,,,,,,,,true,true,12,2017-04-01,2018-03-31,0
2018-03-22,37990,2017-03-31,,15373000000,,,,,,90000000,,142000000,,,91000000,,11.00,,,,,,,,,,,,,,,,,,,,,,true,false,12,2016-04-01,2017-03-31,-1
2018-03-22,37990,2018-03-31,,,,,,,,,,,,,,,,,,,,,,,,,,,,,,8.00,,,,,,,false,true,12,2017-04-01,2018-03-31,0
2018-03-22,37990,2018-03-31,,,,,,,,,,,,,,,,,,,,,,,,,,,,,,0.00,,,,,,,false,false,12,2017-04-01,2018-03-31,0
2018-03-22,37990,2017-03-31,,,,,,,,,,,,,,,,,,,,,,,,,,,,,,5.00,,,,,,,false,false,12,2016-04-01,2017-03-31,-1
2018-04-27,37990,2018-03-31,,16752000000,0.090,,,,,409000000,3.514,465000000,2.255,,204000000,,24.13,,0.034,0.047,0.024,,9797000000,6047000000,0.617,711.24,6047000000,551000000,-64000000,-52000000,1590000000,,0.332,,,,,,true,false,12,2017-04-01,2018-03-31,0
2018-04-27,37990,2017-03-31,,15373000000,-0.038,,,,,90000000,0.433,142000000,0.115,,91000000,,11.00,,0.016,0.016,0.006,,9113000000,5816000000,0.638,692.93,5816000000,1034000000,-48000000,-714000000,1156000000,,0.454,,,,,,true,false,12,2016-04-01,2017-03-31,-1
2018-04-27,37990,2019-03-31,,17000000000,0.015,,,,,300000000,-0.268,300000000,-0.355,,200000000,,23.52,,,,,,,,,,,,,,,,0.340,,,,,,true,true,12,2018-04-01,2019-03-31,1
2018-04-27,37990,2018-03-31,,11651000000,0.120,,,,,236000000,,259000000,4.144,228000000,,5.254,26.98,,,,,,7012000000,3402000000,0.485,400.22,3402000000,,,,,8.00,,,,9110000,607643,8475763,false,false,12,2017-04-01,2018-03-31,0
2018-04-27,37990,2017-03-31,,10406000000,-0.059,,,,,10000000,,50000000,,36000000,,,4.38,,,,,,6306000000,3159000000,0.501,376.38,3159000000,,,,,5.00,,,,9110000,716299,8357103,false,false,12,2016-04-01,2017-03-31,-1
2018-04-27,37990,2019-03-31,,,,,,,,,,,,,,,,,,,,,,,,,,,,,,8.00,,,,,,,false,true,12,2018-04-01,2019-03-31,1
2018-07-31,37990,2019-03-31,1,3680000000,0.150,,,,,-95000000,,-68000000,,,-88000000,,-10.47,,,,,,8698000000,5890000000,0.677,,5890000000,,,,,,,,,,,,true,false,3,2018-04-01,2018-06-30,0
2018-07-31,37990,2018-03-31,1,3199000000,-0.013,,,,,-244000000,,-247000000,,,-253000000,,-30.22,,,,,,,,,,,,,,,,,,,,,,true,false,3,2017-04-01,2017-06-30,-1
2018-07-31,37990,2019-03-31,1,17000000000,0.015,,,,,300000000,-0.268,300000000,-0.355,,200000000,,23.52,,,,,,,,,,,,,,,,,,,,,,true,true,12,2018-04-01,2019-03-31,0
2018-07-31,37990,2018-03-31,1,,,,,,,,,,,,,,,,,,,,9761000000,6047000000,0.620,,6047000000,,,,,,,,,,,,true,false,12,2017-04-01,2018-03-31,-1
2018-07-31,37990,2018-03-31,1,,,,,,,,,,,,,,,,,,,,,,,,,,,,,8.00,,,,9110000,607643,,false,false,12,2017-04-01,2018-03-31,-1
2018-07-31,37990,2019-03-31,1,,,,,,,,,,,,,,,,,,,,,,,,,,,,,8.00,,,,,,,false,true,12,2018-04-01,2019-03-31,0
2018-07-31,37990,2019-03-31,1,,,,,,,,,,,,,,,,,,,,,,,,,,,,,,,,,9110000,607643,8502357,false,false,3,2018-04-01,2018-06-30,0
2018-07-31,37990,2018-03-31,1,,,,,,,,,,,,,,,,,,,,,,,,,,,,,,,,,,,8399268,false,false,3,2017-04-01,2017-06-30,-1
2018-10-31,37990,2019-03-31,2,8037000000,0.084,,,,,-83000000,,-34000000,,,-39000000,,-4.67,,,,,,8793000000,5939000000,0.675,,5939000000,,,,,,,,,,,,true,false,6,2018-04-01,2018-09-30,0
2018-10-31,37990,2018-03-31,2,7415000000,0.072,,,,,-69000000,,-67000000,,,-70000000,,-8.34,,,,,,,,,,,,,,,,,,,,,,true,false,6,2017-04-01,2017-09-30,-1
2018-10-31,37990,2019-03-31,2,17000000000,0.015,,,,,300000000,-0.268,300000000,-0.355,,200000000,,23.52,,,,,,,,,,,,,,,,,,,,,,true,true,12,2018-04-01,2019-03-31,0
2018-10-31,37990,2018-03-31,2,,,,,,,,,,,,,,,,,,,,9761000000,6047000000,0.620,,6047000000,,,,,,,,,,,,true,false,12,2017-04-01,2018-03-31,-1
2018-10-31,37990,2018-03-31,2,,,,,,,,,,,,,,,,,,,,,,,,,,,,,8.00,,,,9110000,607643,,false,false,12,2017-04-01,2018-03-31,-1
2018-10-31,37990,2019-03-31,2,,,,,,,,,,,,,,,,,,,,,,,,,,,,,0.00,,,,,,,false,false,12,2018-04-01,2019-03-31,0
2018-10-31,37990,2019-03-31,2,,,,,,,,,,,,,,,,,,,,,,,,,,,,,8.00,,,,,,,false,true,12,2018-04-01,2019-03-31,0
2018-10-31,37990,2019-03-31,2,,,,,,,,,,,,,,,,,,,,,,,,,,,,,,,,,9110000,607643,8502357,false,false,6,2018-04-01,2018-09-30,0
2018-10-31,37990,2018-03-31,2,,,,,,,,,,,,,,,,,,,,,,,,,,,,,,,,,,,8449283,false,false,6,2017-04-01,2017-09-30,-1
2019-01-31,37990,2019-03-31,3,12103000000,0.044,,,,,1000000,-0.986,91000000,-0.318,,64000000,,7.63,,,,,,8941000000,6026000000,0.674,,6026000000,,,,,,,,,,,,true,false,9,2018-04-01,2018-12-31,0
2019-01-31,37990,2018-03-31,3,11598000000,0.112,,,,,78000000,,134000000,,,131000000,,15.52,,,,,,,,,,,,,,,,,,,,,,true,false,9,2017-04-01,2017-12-31,-1
2019-01-31,37990,2019-03-31,3,17000000000,0.015,,,,,300000000,-0.268,300000000,-0.355,,200000000,,23.52,,,,,,,,,,,,,,,,,,,,,,true,true,12,2018-04-01,2019-03-31,0
2019-01-31,37990,2018-03-31,3,,,,,,,,,,,,,,,,,,,,9761000000,6047000000,0.620,,6047000000,,,,,,,,,,,,true,false,12,2017-04-01,2018-03-31,-1
2019-01-31,37990,2018-03-31,3,,,,,,,,,,,,,,,,,,,,,,,,,,,,,8.00,,,,9110000,607643,,false,false,12,2017-04-01,2018-03-31,-1
2019-01-31,37990,2019-03-31,3,,,,,,,,,,,,,,,,,,,,,,,,,,,,,0.00,,,,,,,false,false,12,2018-04-01,2019-03-31,0
2019-01-31,37990,2019-03-31,3,,,,,,,,,,,,,,,,,,,,,,,,,,,,,8.00,,,,,,,false,true,12,2018-04-01,2019-03-31,0
2019-01-31,37990,2019-03-31,3,,,,,,,,,,,,,,,,,,,,,,,,,,,,,,,,,9110000,607643,8502357,false,false,9,2018-04-01,2018-12-31,0
2019-01-31,37990,2018-03-31,3,,,,,,,,,,,,,,,,,,,,,,,,,,,,,,,,,,,8467054,false,false,9,2017-04-01,2017-12-31,-1
2019-03-22,37990,2019-03-31,,17600000000,0.035,,,,,300000000,0.000,380000000,0.267,,320000000,,37.63,,,,,,,,,,,,,,,,,,,,,,true,true,12,2018-04-01,2019-03-31,0
2019-03-22,37990,2018-03-31,,16752000000,,,,,,409000000,,465000000,,,204000000,,24.13,,,,,,,,,,,,,,,,,,,,,,true,false,12,2017-04-01,2018-03-31,-1
2019-03-22,37990,2019-03-31,,,,,,,,,,,,,,,,,,,,,,,,,,,,,,12.00,,,,,,,false,true,12,2018-04-01,2019-03-31,0
2019-03-22,37990,2019-03-31,,,,,,,,,,,,,,,,,,,,,,,,,,,,,,0.00,,,,,,,false,false,12,2018-04-01,2019-03-31,0
2019-03-22,37990,2018-03-31,,,,,,,,,,,,,,,,,,,,,,,,,,,,,,8.00,,,,,,,false,false,12,2017-04-01,2018-03-31,-1
2019-04-26,37990,2019-03-31,,17561000000,0.048,,,,,320000000,-0.218,399000000,-0.142,,344000000,,40.48,,0.055,0.041,0.018,,9774000000,6296000000,0.644,740.57,6296000000,102000000,-126000000,-392000000,1174000000,,0.296,,,,,,true,false,12,2018-04-01,2019-03-31,0
2019-04-26,37990,2018-03-31,,16752000000,0.090,,,,,409000000,3.514,465000000,2.255,,204000000,,24.13,,0.034,0.048,0.024,,9761000000,6047000000,0.620,711.24,6047000000,551000000,-64000000,-52000000,1590000000,,0.332,,,,,,true,false,12,2017-04-01,2018-03-31,-1
2019-04-26,37990,2020-03-31,,18000000000,0.025,,,,,400000000,0.249,420000000,0.052,,330000000,,38.81,,,,,,,,,,,,,,,,0.309,,,,,,true,true,12,2019-04-01,2020-03-31,1
2019-04-26,37990,2019-03-31,,11840000000,0.016,,,,,149000000,-0.368,188000000,-0.274,236000000,,0.032,27.77,,,,,,7196000000,3561000000,0.495,418.88,3561000000,,,,,12.00,,,,9110000,607643,8502357,false,false,12,2018-04-01,2019-03-31,0
2019-04-26,37990,2018-03-31,,11651000000,0.120,,,,,236000000,,259000000,4.144,228000000,,5.254,26.98,,,,,,7012000000,3402000000,0.485,400.22,3402000000,,,,,8.00,,,,9110000,607643,8475763,false,false,12,2017-04-01,2018-03-31,-1
2019-04-26,37990,2020-03-31,,,,,,,,,,,,,,,,,,,,,,,,,,,,,,12.00,,,,,,,false,true,12,2019-04-01,2020-03-31,1
2019-07-31,37990,2020-03-31,1,3864000000,0.050,,,,,-70000000,,-49000000,,,-58000000,,-6.93,,,,,,8891000000,6137000000,0.690,,6137000000,,,,,,,,,,,,true,false,3,2019-04-01,2019-06-30,0
2019-07-31,37990,2019-03-31,1,3680000000,0.150,,,,,-95000000,,-68000000,,,-88000000,,-10.47,,,,,,,,,,,,,,,,,,,,,,true,false,3,2018-04-01,2018-06-30,-1
2019-07-31,37990,2020-03-31,1,18000000000,0.025,,,,,400000000,0.249,420000000,0.052,,330000000,,38.81,,,,,,,,,,,,,,,,,,,,,,true,true,12,2019-04-01,2020-03-31,0
2019-07-31,37990,2019-03-31,1,,,,,,,,,,,,,,,,,,,,9774000000,6296000000,0.644,,6296000000,,,,,,,,,,,,true,false,12,2018-04-01,2019-03-31,-1
2019-07-31,37990,2019-03-31,1,,,,,,,,,,,,,,,,,,,,,,,,,,,,,12.00,,,,9110000,607643,,false,false,12,2018-04-01,2019-03-31,-1
2019-07-31,37990,2020-03-31,1,,,,,,,,,,,,,,,,,,,,,,,,,,,,,12.00,,,,,,,false,true,12,2019-04-01,2020-03-31,0
2019-07-31,37990,2020-03-31,1,,,,,,,,,,,,,,,,,,,,,,,,,,,,,,,,,9110000,607643,8502357,false,false,3,2019-04-01,2019-06-30,0
2019-07-31,37990,2019-03-31,1,,,,,,,,,,,,,,,,,,,,,,,,,,,,,,,,,,,8502357,false,false,3,2018-04-01,2018-06-30,-1
2019-10-31,37990,2020-03-31,2,8626000000,0.073,,,,,-23000000,,38000000,,,51000000,,6.11,,,,,,8950000000,6082000000,0.680,,6082000000,,,,,,,,,,,,true,false,6,2019-04-01,2019-09-30,0
2019-10-31,37990,2019-03-31,2,8037000000,0.084,,,,,-83000000,,-34000000,,,-39000000,,-4.67,,,,,,,,,,,,,,,,,,,,,,true,false,6,2018-04-01,2018-09-30,-1
2019-10-31,37990,2020-03-31,2,18000000000,0.025,,,,,400000000,0.249,420000000,0.052,,330000000,,39.70,,,,,,,,,,,,,,,,,,,,,,true,true,12,2019-04-01,2020-03-31,0
2019-10-31,37990,2019-03-31,2,,,,,,,,,,,,,,,,,,,,9774000000,6296000000,0.644,,6296000000,,,,,,,,,,,,true,false,12,2018-04-01,2019-03-31,-1
2019-10-31,37990,2019-03-31,2,,,,,,,,,,,,,,,,,,,,,,,,,,,,,12.00,,,,9110000,607643,,false,false,12,2018-04-01,2019-03-31,-1
2019-10-31,37990,2020-03-31,2,,,,,,,,,,,,,,,,,,,,,,,,,,,,,0.00,,,,,,,false,false,12,2019-04-01,2020-03-31,0
2019-10-31,37990,2020-03-31,2,,,,,,,,,,,,,,,,,,,,,,,,,,,,,12.00,,,,,,,false,true,12,2019-04-01,2020-03-31,0
2019-10-31,37990,2020-03-31,2,,,,,,,,,,,,,,,,,,,,,,,,,,,,,,,,,9110000,895031,8408132,false,false,6,2019-04-01,2019-09-30,0
2019-10-31,37990,2019-03-31,2,,,,,,,,,,,,,,,,,,,,,,,,,,,,,,,,,,,8502357,false,false,6,2018-04-01,2018-09-30,-1
2020-01-30,37990,2020-03-31,3,12753000000,0.054,,,,,3000000,2.012,101000000,0.111,,116000000,,14.00,,,,,,8836000000,6155000000,0.697,,6155000000,,,,,,,,,,,,true,false,9,2019-04-01,2019-12-31,0
2020-01-30,37990,2019-03-31,3,12103000000,0.044,,,,,1000000,-0.986,91000000,-0.318,,64000000,,7.63,,,,,,,,,,,,,,,,,,,,,,true,false,9,2018-04-01,2018-12-31,-1
2020-01-30,37990,2020-03-31,3,18000000000,0.025,,,,,400000000,0.249,420000000,0.052,,330000000,,39.70,,,,,,,,,,,,,,,,,,,,,,true,true,12,2019-04-01,2020-03-31,0
2020-01-30,37990,2019-03-31,3,,,,,,,,,,,,,,,,,,,,9774000000,6296000000,0.644,,6296000000,,,,,,,,,,,,true,false,12,2018-04-01,2019-03-31,-1
2020-01-30,37990,2019-03-31,3,,,,,,,,,,,,,,,,,,,,,,,,,,,,,12.00,,,,9110000,607643,,false,false,12,2018-04-01,2019-03-31,-1
2020-01-30,37990,2020-03-31,3,,,,,,,,,,,,,,,,,,,,,,,,,,,,,0.00,,,,,,,false,false,12,2019-04-01,2020-03-31,0
2020-01-30,37990,2020-03-31,3,,,,,,,,,,,,,,,,,,,,,,,,,,,,,12.00,,,,,,,false,true,12,2019-04-01,2020-03-31,0
2020-01-30,37990,2020-03-31,3,,,,,,,,,,,,,,,,,,,,,,,,,,,,,,,,,9110000,895031,8343510,false,false,9,2019-04-01,2019-12-31,0
2020-01-30,37990,2019-03-31,3,,,,,,,,,,,,,,,,,,,,,,,,,,,,,,,,,,,8502357,false,false,9,2018-04-01,2018-12-31,-1
2020-05-11,37990,2020-03-31,,18400000000,0.022,,,,,430000000,0.075,540000000,0.286,,345000000,,41.51,,,,,,,,,,,,,,,,,,,,,,true,true,12,2019-04-01,2020-03-31,0
2020-05-11,37990,2019-03-31,,17561000000,,,,,,320000000,,399000000,,,344000000,,40.48,,,,,,,,,,,,,,,,,,,,,,true,false,12,2018-04-01,2019-03-31,-1
2020-05-15,37990,2020-03-31,,18428000000,0.049,,,,,433000000,0.356,540000000,0.355,,347000000,,41.80,,0.055,0.058,0.024,,9269000000,6330000000,0.683,770.59,6330000000,723000000,-51000000,-628000000,1218000000,,0.287,,,,,,true,false,12,2019-04-01,2020-03-31,0
2020-05-15,37990,2019-03-31,,17561000000,0.048,,,,,320000000,-0.218,399000000,-0.142,,344000000,,40.48,,0.055,0.041,0.018,,9774000000,6296000000,0.644,740.57,6296000000,102000000,-126000000,-392000000,1174000000,,0.296,,,,,,true,false,12,2018-04-01,2019-03-31,-1
2020-05-15,37990,2021-03-31,,19000000000,0.031,,,,,450000000,0.037,500000000,-0.076,,400000000,,48.69,,,,,,,,,,,,,,,,0.246,,,,,,true,true,12,2020-04-01,2021-03-31,1
2020-05-15,37990,2020-03-31,,12360000000,0.044,,,,,187000000,0.254,254000000,0.354,285000000,,0.208,34.31,,,,,,6899000000,3731000000,0.541,454.17,3731000000,,,,,12.00,,,,9110000,895031,8311550,false,false,12,2019-04-01,2020-03-31,0
2020-05-15,37990,2019-03-31,,11840000000,0.016,,,,,149000000,-0.368,188000000,-0.274,236000000,,0.032,27.77,,,,,,7196000000,3561000000,0.495,418.88,3561000000,,,,,12.00,,,,9110000,607643,8502357,false,false,12,2018-04-01,2019-03-31,-1
2020-05-15,37990,2021-03-31,,,,,,,,,,,,,,,,,,,,,,,,,,,,,,12.00,,,,,,,false,true,12,2020-04-01,2021-03-31,1
2020-07-30,37990,2021-03-31,1,3722000000,-0.037,,,,,-178000000,,-157000000,,,-130000000,,-16.55,,,,,,8646000000,5089000000,0.589,,5089000000,,,,,,,,,,,,true,false,3,2020-04-01,2020-06-30,0
2020-07-30,37990,2020-03-31,1,3864000000,0.050,,,,,-70000000,,-49000000,,,-58000000,,-6.93,,,,,,,,,,,,,,,,,,,,,,true,false,3,2019-04-01,2019-06-30,-1
2020-07-30,37990,2021-03-31,1,19000000000,0.031,,,,,450000000,0.037,500000000,-0.076,,400000000,,56.34,,,,,,,,,,,,,,,,,,,,,,true,true,12,2020-04-01,2021-03-31,0
2020-07-30,37990,2020-03-31,1,,,,,,,,,,,,,,,,,,,,9269000000,6330000000,0.683,,6330000000,,,,,,,,,,,,true,false,12,2019-04-01,2020-03-31,-1
2020-07-30,37990,2020-03-31,1,,,,,,,,,,,,,,,,,,,,,,,,,,,,,12.00,,,,9110000,895031,,false,false,12,2019-04-01,2020-03-31,-1
2020-07-30,37990,2021-03-31,1,,,,,,,,,,,,,,,,,,,,,,,,,,,,,12.00,,,,,,,false,true,12,2020-04-01,2021-03-31,0
2020-07-30,37990,2021-03-31,1,,,,,,,,,,,,,,,,,,,,,,,,,,,,,,,,,9110000,2280031,7910573,false,false,3,2020-04-01,2020-06-30,0
2020-07-30,37990,2020-03-31,1,,,,,,,,,,,,,,,,,,,,,,,,,,,,,,,,,,,8502357,false,false,3,2019-04-01,2019-06-30,-1
2020-10-29,37990,2021-03-31,2,8130000000,-0.057,,,,,-29000000,,37000000,-0.037,,26000000,,3.64,,,,,,8790000000,5253000000,0.598,,5253000000,,,,,,,,,,,,true,false,6,2020-04-01,2020-09-30,0
2020-10-29,37990,2020-03-31,2,8626000000,0.073,,,,,-23000000,,38000000,,,51000000,,6.11,,,,,,,,,,,,,,,,,,,,,,true,false,6,2019-04-01,2019-09-30,-1
2020-10-29,37990,2021-03-31,2,19000000000,0.031,,,,,450000000,0.037,500000000,-0.076,,400000000,,56.34,,,,,,,,,,,,,,,,,,,,,,true,true,12,2020-04-01,2021-03-31,0
2020-10-29,37990,2020-03-31,2,,,,,,,,,,,,,,,,,,,,9269000000,6330000000,0.683,,6330000000,,,,,,,,,,,,true,false,12,2019-04-01,2020-03-31,-1
2020-10-29,37990,2020-03-31,2,,,,,,,,,,,,,,,,,,,,,,,,,,,,,12.00,,,,9110000,895031,,false,false,12,2019-04-01,2020-03-31,-1
2020-10-29,37990,2021-03-31,2,,,,,,,,,,,,,,,,,,,,,,,,,,,,,0.00,,,,,,,false,false,12,2020-04-01,2021-03-31,0
2020-10-29,37990,2021-03-31,2,,,,,,,,,,,,,,,,,,,,,,,,,,,,,12.00,,,,,,,false,true,12,2020-04-01,2021-03-31,0
2020-10-29,37990,2021-03-31,2,,,,,,,,,,,,,,,,,,,,,,,,,,,,,,,,,9110000,2280031,7367319,false,false,6,2020-04-01,2020-09-30,0
2020-10-29,37990,2020-03-31,2,,,,,,,,,,,,,,,,,,,,,,,,,,,,,,,,,,,8408132,false,false,6,2019-04-01,2019-09-30,-1
2021-01-28,37990,2021-03-31,3,12404000000,-0.027,,,,,44000000,,177000000,0.745,,123000000,,17.23,,,,,,9342000000,5360000000,0.574,,5360000000,,,,,,,,,,,,true,false,9,2020-04-01,2020-12-31,0
2021-01-28,37990,2020-03-31,3,12753000000,0.054,,,,,3000000,2.012,101000000,0.111,,116000000,,14.00,,,,,,,,,,,,,,,,,,,,,,true,false,9,2019-04-01,2019-12-31,-1
2021-01-28,37990,2021-03-31,3,19000000000,0.031,,,,,450000000,0.037,500000000,-0.076,,400000000,,56.34,,,,,,,,,,,,,,,,,,,,,,true,true,12,2020-04-01,2021-03-31,0
2021-01-28,37990,2020-03-31,3,,,,,,,,,,,,,,,,,,,,9269000000,6330000000,0.683,,6330000000,,,,,,,,,,,,true,false,12,2019-04-01,2020-03-31,-1
2021-01-28,37990,2020-03-31,3,,,,,,,,,,,,,,,,,,,,,,,,,,,,,12.00,,,,9110000,895031,,false,false,12,2019-04-01,2020-03-31,-1
2021-01-28,37990,2021-03-31,3,,,,,,,,,,,,,,,,,,,,,,,,,,,,,0.00,,,,,,,false,false,12,2020-04-01,2021-03-31,0
2021-01-28,37990,2021-03-31,3,,,,,,,,,,,,,,,,,,,,,,,,,,,,,12.00,,,,,,,false,true,12,2020-04-01,2021-03-31,0
2021-01-28,37990,2021-03-31,3,,,,,,,,,,,,,,,,,,,,,,,,,,,,,,,,,9110000,2280031,7187551,false,false,9,2020-04-01,2020-12-31,0
2021-01-28,37990,2020-03-31,3,,,,,,,,,,,,,,,,,,,,,,,,,,,,,,,,,,,8343510,false,false,9,2019-04-01,2019-12-31,-1
2021-04-12,37990,2021-03-31,,18600000000,-0.021,,,,,630000000,0.400,750000000,0.500,,680000000,,95.78,,,,,,,,,,,,,,,,,,,,,,true,true,12,2020-04-01,2021-03-31,0
2021-04-12,37990,2020-03-31,,18428000000,,,,,,433000000,,540000000,,,347000000,,41.80,,,,,,,,,,,,,,,,,,,,,,true,false,12,2019-04-01,2020-03-31,-1
2021-05-13,37990,2021-03-31,,18627000000,0.011,,,,,635000000,0.464,755000000,0.397,,685000000,,96.61,,0.113,0.073,0.034,,10310000000,6048000000,0.587,885.59,6048000000,-193000000,-82000000,153000000,1095000000,,0.124,,,,,,true,false,12,2020-04-01,2021-03-31,0
2021-05-13,37990,2020-03-31,,18428000000,0.049,,,,,433000000,0.356,540000000,0.355,,347000000,,41.80,,0.055,0.058,0.024,,9269000000,6330000000,0.683,770.59,6330000000,723000000,-51000000,-628000000,1218000000,,0.287,,,,,,true,false,12,2019-04-01,2020-03-31,-1
2021-05-13,37990,2022-03-31,,19000000000,0.020,,,,,650000000,0.023,700000000,-0.074,,600000000,,87.85,,,,,,,,,,,,,,,,0.137,,,,,,true,true,12,2021-04-01,2022-03-31,1
2021-05-13,37990,2021-03-31,,12689000000,0.027,,,,,389000000,1.075,417000000,0.641,451000000,,0.585,61.18,,,,,,7694000000,3079000000,0.400,432.68,3079000000,,,,,12.00,,,,9110000,2280031,7099380,false,false,12,2020-04-01,2021-03-31,0
2021-05-13,37990,2020-03-31,,12360000000,0.044,,,,,187000000,0.254,254000000,0.354,285000000,,0.208,33.54,,,,,,6899000000,3731000000,0.541,438.82,3731000000,,,,,12.00,,,,9110000,895031,8311550,false,false,12,2019-04-01,2020-03-31,-1
2021-05-13,37990,2022-03-31,,,,,,,,,,,,,,,,,,,,,,,,,,,,,,12.00,,,,,,,false,true,12,2021-04-01,2022-03-31,1
2021-07-29,37990,2022-03-31,1,4260000000,0.145,,,,,18000000,,50000000,,,19000000,,2.65,,,,,,10594000000,6943000000,0.655,,6943000000,,,,,,,,,,,,true,false,3,2021-04-01,2021-06-30,0
2021-07-29,37990,2021-03-31,1,3722000000,-0.037,,,,,-178000000,,-157000000,,,-130000000,,-16.55,,,,,,,,,,,,,,,,,,,,,,true,false,3,2020-04-01,2020-06-30,-1
2021-07-29,37990,2022-03-31,1,19000000000,0.020,,,,,650000000,0.023,700000000,-0.074,,600000000,,76.60,,,,,,,,,,,,,,,,,,,,,,true,true,12,2021-04-01,2022-03-31,0
2021-07-29,37990,2021-03-31,1,,,,,,,,,,,,,,,,,,,,10310000000,6048000000,0.587,,6048000000,,,,,,,,,,,,true,false,12,2020-04-01,2021-03-31,-1
2021-07-29,37990,2021-03-31,1,,,,,,,,,,,,,,,,,,,,,,,,,,,,,12.00,,,,9110000,2280031,,false,false,12,2020-04-01,2021-03-31,-1
2021-07-29,37990,2022-03-31,1,,,,,,,,,,,,,,,,,,,,,,,,,,,,,12.00,,,,,,,false,true,12,2021-04-01,2022-03-31,0
2021-07-29,37990,2022-03-31,1,,,,,,,,,,,,,,,,,,,,,,,,,,,,,,,,,9110000,1080061,7238737,false,false,3,2021-04-01,2021-06-30,0
2021-07-29,37990,2021-03-31,1,,,,,,,,,,,,,,,,,,,,,,,,,,,,,,,,,,,7910573,false,false,3,2020-04-01,2020-06-30,-1
2021-10-28,37990,2022-03-31,2,8663000000,0.066,,,,,70000000,,175000000,3.709,,138000000,,18.14,,,,,,9286000000,7059000000,0.760,,7059000000,,,,,,,,,,,,true,false,6,2021-04-01,2021-09-30,0
2021-10-28,37990,2021-03-31,2,8130000000,-0.057,,,,,-29000000,,37000000,-0.037,,26000000,,3.64,,,,,,,,,,,,,,,,,,,,,,true,false,6,2020-04-01,2020-09-30,-1
2021-10-28,37990,2022-03-31,2,19000000000,0.020,,,,,650000000,0.023,700000000,-0.074,,600000000,,76.60,,,,,,,,,,,,,,,,,,,,,,true,true,12,2021-04-01,2022-03-31,0
2021-10-28,37990,2021-03-31,2,,,,,,,,,,,,,,,,,,,,10310000000,6048000000,0.587,,6048000000,,,,,,,,,,,,true,false,12,2020-04-01,2021-03-31,-1
2021-10-28,37990,2021-03-31,2,,,,,,,,,,,,,,,,,,,,,,,,,,,,,12.00,,,,9110000,2280031,,false,false,12,2020-04-01,2021-03-31,-1
2021-10-28,37990,2022-03-31,2,,,,,,,,,,,,,,,,,,,,,,,,,,,,,0.00,,,,,,,false,false,12,2021-04-01,2022-03-31,0
2021-10-28,37990,2022-03-31,2,,,,,,,,,,,,,,,,,,,,,,,,,,,,,12.00,,,,,,,false,true,12,2021-04-01,2022-03-31,0
2021-10-28,37990,2022-03-31,2,,,,,,,,,,,,,,,,,,,,,,,,,,,,,,,,,9110000,1080061,7636500,false,false,6,2021-04-01,2021-09-30,0
2021-10-28,37990,2021-03-31,2,,,,,,,,,,,,,,,,,,,,,,,,,,,,,,,,,,,7367319,false,false,6,2020-04-01,2020-09-30,-1
2022-01-31,37990,2022-03-31,3,13083000000,0.055,,,,,248000000,4.580,422000000,1.384,,278000000,,35.79,,,,,,10262000000,7191000000,0.701,,7191000000,,,,,,,,,,,,true,false,9,2021-04-01,2021-12-31,0
2022-01-31,37990,2021-03-31,3,12404000000,-0.027,,,,,44000000,,177000000,0.745,,123000000,,17.23,,,,,,,,,,,,,,,,,,,,,,true,false,9,2020-04-01,2020-12-31,-1
2022-01-31,37990,2022-03-31,3,19000000000,0.020,,,,,650000000,0.023,700000000,-0.074,,600000000,,76.60,,,,,,,,,,,,,,,,,,,,,,true,true,12,2021-04-01,2022-03-31,0
2022-01-31,37990,2021-03-31,3,,,,,,,,,,,,,,,,,,,,10310000000,6048000000,0.587,,6048000000,,,,,,,,,,,,true,false,12,2020-04-01,2021-03-31,-1
2022-01-31,37990,2021-03-31,3,,,,,,,,,,,,,,,,,,,,,,,,,,,,,12.00,,,,9110000,2280031,,false,false,12,2020-04-01,2021-03-31,-1
2022-01-31,37990,2022-03-31,3,,,,,,,,,,,,,,,,,,,,,,,,,,,,,0.00,,,,,,,false,false,12,2021-04-01,2022-03-31,0
2022-01-31,37990,2022-03-31,3,,,,,,,,,,,,,,,,,,,,,,,,,,,,,12.00,,,,,,,false,true,12,2021-04-01,2022-03-31,0
2022-01-31,37990,2022-03-31,3,,,,,,,,,,,,,,,,,,,,,,,,,,,,,,,,,9110000,1080061,7768123,false,false,9,2021-04-01,2021-12-31,0
2022-01-31,37990,2021-03-31,3,,,,,,,,,,,,,,,,,,,,,,,,,,,,,,,,,,,7187551,false,false,9,2020-04-01,2020-12-31,-1
2022-05-13,37990,2022-03-31,,18427000000,-0.011,,,,,551000000,-0.132,755000000,0.000,,556000000,,70.99,,0.075,0.070,0.030,,10745000000,7455000000,0.694,928.41,7455000000,552000000,-394000000,-343000000,910000000,,0.169,,,,,,true,false,12,2021-04-01,2022-03-31,0
2022-05-13,37990,2021-03-31,,18627000000,0.011,,,,,635000000,0.464,755000000,0.397,,685000000,,96.61,,0.113,0.073,0.034,,10310000000,6048000000,0.587,885.59,6048000000,-193000000,-82000000,153000000,1095000000,,0.124,,,,,,true,false,12,2020-04-01,2021-03-31,-1
2022-05-13,37990,2023-03-31,,19500000000,0.058,,,,,670000000,0.215,760000000,0.006,,560000000,,69.74,,,,,,,,,,,,,,,,0.172,,,,,,true,true,12,2022-04-01,2023-03-31,1
2022-05-13,37990,2022-03-31,,12255000000,-0.034,,,,,221000000,-0.432,218000000,-0.478,165000000,,-0.633,20.40,,,,,,8090000000,4120000000,0.509,495.39,4120000000,,,,,12.00,,,,9110000,1080061,7832680,false,false,12,2021-04-01,2022-03-31,0
2022-05-13,37990,2021-03-31,,12689000000,0.027,,,,,389000000,1.075,417000000,0.641,451000000,,0.585,61.18,,,,,,7694000000,3079000000,0.400,432.68,3079000000,,,,,12.00,,,,9110000,2280031,7099380,false,false,12,2020-04-01,2021-03-31,-1
2022-05-13,37990,2023-03-31,,,,,,,,,,,,,,,,,,,,,,,,,,,,,,12.00,,,,,,,false,true,12,2022-04-01,2023-03-31,1
2022-07-28,37990,2023-03-31,1,4401000000,0.033,,,,,-105000000,,-25000000,,,-9000000,,-1.15,,,,,,9655000000,7342000000,0.760,,7342000000,,,,,,,,,,,,true,false,3,2022-04-01,2022-06-30,0
2022-07-28,37990,2022-03-31,1,4260000000,0.145,,,,,18000000,,50000000,,,19000000,,2.65,,,,,,,,,,,,,,,,,,,,,,true,false,3,2021-04-01,2021-06-30,-1
2022-07-28,37990,2023-03-31,1,19500000000,0.058,,,,,670000000,0.215,760000000,0.006,,560000000,,69.68,,,,,,,,,,,,,,,,,,,,,,true,true,12,2022-04-01,2023-03-31,0
2022-07-28,37990,2022-03-31,1,,,,,,,,,,,,,,,,,,,,10745000000,7455000000,0.694,,7455000000,,,,,,,,,,,,true,false,12,2021-04-01,2022-03-31,-1
2022-07-28,37990,2022-03-31,1,,,,,,,,,,,,,,,,,,,,,,,,,,,,,12.00,,,,9110000,1080061,,false,false,12,2021-04-01,2022-03-31,-1
2022-07-28,37990,2023-03-31,1,,,,,,,,,,,,,,,,,,,,,,,,,,,,,12.00,,,,,,,false,true,12,2022-04-01,2023-03-31,0
2022-07-28,37990,2023-03-31,1,,,,,,,,,,,,,,,,,,,,,,,,,,,,,,,,,9110000,1080061,8029939,false,false,3,2022-04-01,2022-06-30,0
2022-07-28,37990,2022-03-31,1,,,,,,,,,,,,,,,,,,,,,,,,,,,,,,,,,,,7238737,false,false,3,2021-04-01,2021-06-30,-1
2022-10-31,37990,2023-03-31,2,8975000000,0.036,,,,,19000000,-0.726,170000000,-0.033,,174000000,,21.67,,,,,,10165000000,7534000000,0.741,,7534000000,,,,,,,,,,,,true,false,6,2022-04-01,2022-09-30,0
2022-10-31,37990,2022-03-31,2,8663000000,0.066,,,,,70000000,,175000000,3.709,,138000000,,18.14,,,,,,,,,,,,,,,,,,,,,,true,false,6,2021-04-01,2021-09-30,-1
2022-10-31,37990,2023-03-31,2,19500000000,0.058,,,,,670000000,0.215,760000000,0.006,,560000000,,69.68,,,,,,,,,,,,,,,,,,,,,,true,true,12,2022-04-01,2023-03-31,0
2022-10-31,37990,2022-03-31,2,,,,,,,,,,,,,,,,,,,,10745000000,7455000000,0.694,,7455000000,,,,,,,,,,,,true,false,12,2021-04-01,2022-03-31,-1
2022-10-31,37990,2022-03-31,2,,,,,,,,,,,,,,,,,,,,,,,,,,,,,12.00,,,,9110000,1080061,,false,false,12,2021-04-01,2022-03-31,-1
2022-10-31,37990,2023-03-31,2,,,,,,,,,,,,,,,,,,,,,,,,,,,,,0.00,,,,,,,false,false,12,2022-04-01,2023-03-31,0
2022-10-31,37990,2023-03-31,2,,,,,,,,,,,,,,,,,,,,,,,,,,,,,12.00,,,,,,,false,true,12,2022-04-01,2023-03-31,0
2022-10-31,37990,2023-03-31,2,,,,,,,,,,,,,,,,,,,,,,,,,,,,,,,,,9110000,1070061,8033819,false,false,6,2022-04-01,2022-09-30,0
2022-10-31,37990,2022-03-31,2,,,,,,,,,,,,,,,,,,,,,,,,,,,,,,,,,,,7636500,false,false,6,2021-04-01,2021-09-30,-1
2023-01-31,37990,2023-03-31,3,13570000000,0.037,,,,,160000000,-0.351,404000000,-0.043,,264000000,,32.89,,,,,,10885000000,7636000000,0.702,,7636000000,,,,,,,,,,,,true,false,9,2022-04-01,2022-12-31,0
2023-01-31,37990,2022-03-31,3,13083000000,0.055,,,,,248000000,4.580,422000000,1.384,,278000000,,35.79,,,,,,,,,,,,,,,,,,,,,,true,false,9,2021-04-01,2021-12-31,-1
2023-01-31,37990,2023-03-31,3,19500000000,0.058,,,,,670000000,0.215,760000000,0.006,,560000000,,69.68,,,,,,,,,,,,,,,,,,,,,,true,true,12,2022-04-01,2023-03-31,0
2023-01-31,37990,2022-03-31,3,,,,,,,,,,,,,,,,,,,,10745000000,7455000000,0.694,,7455000000,,,,,,,,,,,,true,false,12,2021-04-01,2022-03-31,-1
2023-01-31,37990,2022-03-31,3,,,,,,,,,,,,,,,,,,,,,,,,,,,,,12.00,,,,9110000,1080061,,false,false,12,2021-04-01,2022-03-31,-1
2023-01-31,37990,2023-03-31,3,,,,,,,,,,,,,,,,,,,,,,,,,,,,,0.00,,,,,,,false,false,12,2022-04-01,2023-03-31,0
2023-01-31,37990,2023-03-31,3,,,,,,,,,,,,,,,,,,,,,,,,,,,,,12.00,,,,,,,false,true,12,2022-04-01,2023-03-31,0
2023-01-31,37990,2023-03-31,3,,,,,,,,,,,,,,,,,,,,,,,,,,,,,,,,,9110000,1070061,8035866,false,false,9,2022-04-01,2022-12-31,0
2023-01-31,37990,2022-03-31,3,,,,,,,,,,,,,,,,,,,,,,,,,,,,,,,,,,,7768123,false,false,9,2021-04-01,2021-12-31,-1
2023-05-12,37990,2023-03-31,,19173000000,0.040,,,,,738000000,0.340,921000000,0.220,,482000000,,60.07,,0.062,0.083,0.039,,11153000000,7807000000,0.700,971.15,7807000000,653000000,-50000000,-474000000,1038000000,,0.200,,,,,,true,false,12,2022-04-01,2023-03-31,0
2023-05-12,37990,2022-03-31,,18427000000,-0.011,,,,,551000000,-0.132,755000000,0.000,,556000000,,70.99,,0.075,0.070,0.030,,10745000000,7455000000,0.694,928.41,7455000000,552000000,-394000000,-343000000,910000000,,0.169,,,,,,true,false,12,2021-04-01,2022-03-31,-1
2023-05-12,37990,2024-03-31,,20000000000,0.043,,,,,800000000,0.083,1000000000,0.085,,700000000,,87.07,,,,,,,,,,,,,,,,0.230,,,,,,true,true,12,2023-04-01,2024-03-31,1
2023-05-12,37990,2023-03-31,,12614000000,0.029,,,,,401000000,0.815,381000000,0.751,105000000,,-0.364,12.67,,,,,,8195000000,4153000000,0.507,498.82,4153000000,,,,,12.00,,,,9110000,1070061,8036871,false,false,12,2022-04-01,2023-03-31,0
2023-05-12,37990,2022-03-31,,12255000000,-0.034,,,,,221000000,-0.432,218000000,-0.478,165000000,,-0.633,20.40,,,,,,8090000000,4120000000,0.509,495.39,4120000000,,,,,12.00,,,,9110000,1080061,7832680,false,false,12,2021-04-01,2022-03-31,-1
2023-05-12,37990,2024-03-31,,,,,,,,,,,,,,,,,,,,,,,,,,,,,,20.00,,,,,,,false,true,12,2023-04-01,2024-03-31,1
2023-07-31,37990,2024-03-31,1,4543000000,0.032,,,,,-23000000,,40000000,,,29000000,,3.72,,,,,,10203000000,7748000000,0.759,,7748000000,,,,,,,,,,,,true,false,3,2023-04-01,2023-06-30,0
2023-07-31,37990,2023-03-31,1,4401000000,0.033,,,,,-105000000,,-25000000,,,-9000000,,-1.15,,,,,,,,,,,,,,,,,,,,,,true,false,3,2022-04-01,2022-06-30,-1
2023-07-31,37990,2024-03-31,1,20000000000,0.043,,,,,800000000,0.083,1000000000,0.085,,700000000,,86.98,,,,,,,,,,,,,,,,,,,,,,true,true,12,2023-04-01,2024-03-31,0
2023-07-31,37990,2023-03-31,1,,,,,,,,,,,,,,,,,,,,11153000000,7807000000,0.700,,7807000000,,,,,,,,,,,,true,false,12,2022-04-01,2023-03-31,-1
2023-07-31,37990,2023-03-31,1,,,,,,,,,,,,,,,,,,,,,,,,,,,,,12.00,,,,9110000,1070061,,false,false,12,2022-04-01,2023-03-31,-1
2023-07-31,37990,2024-03-31,1,,,,,,,,,,,,,,,,,,,,,,,,,,,,,20.00,,,,,,,false,true,12,2023-04-01,2024-03-31,0
2023-07-31,37990,2024-03-31,1,,,,,,,,,,,,,,,,,,,,,,,,,,,,,,,,,9110000,1070061,8039939,false,false,3,2023-04-01,2023-06-30,0
2023-07-31,37990,2023-03-31,1,,,,,,,,,,,,,,,,,,,,,,,,,,,,,,,,,,,8029939,false,false,3,2022-04-01,2022-06-30,-1
2023-10-31,37990,2024-03-31,2,9459000000,0.054,,,,,143000000,6.415,332000000,0.955,,233000000,,29.00,,,,,,11293000000,7966000000,0.705,,7966000000,,,,,,,,,,,,true,false,6,2023-04-01,2023-09-30,0
2023-10-31,37990,2023-03-31,2,8975000000,0.036,,,,,19000000,-0.726,170000000,-0.033,,174000000,,21.67,,,,,,,,,,,,,,,,,,,,,,true,false,6,2022-04-01,2022-09-30,-1
2023-10-31,37990,2024-03-31,2,20000000000,0.043,,,,,800000000,0.083,1000000000,0.085,,700000000,,86.98,,,,,,,,,,,,,,,,,,,,,,true,true,12,2023-04-01,2024-03-31,0
2023-10-31,37990,2023-03-31,2,,,,,,,,,,,,,,,,,,,,11153000000,7807000000,0.700,,7807000000,,,,,,,,,,,,true,false,12,2022-04-01,2023-03-31,-1
2023-10-31,37990,2023-03-31,2,,,,,,,,,,,,,,,,,,,,,,,,,,,,,12.00,,,,9110000,1070061,,false,false,12,2022-04-01,2023-03-31,-1
2023-10-31,37990,2024-03-31,2,,,,,,,,,,,,,,,,,,,,,,,,,,,,,0.00,,,,,,,false,false,12,2023-04-01,2024-03-31,0
2023-10-31,37990,2024-03-31,2,,,,,,,,,,,,,,,,,,,,,,,,,,,,,20.00,,,,,,,false,true,12,2023-04-01,2024-03-31,0
2023-10-31,37990,2024-03-31,2,,,,,,,,,,,,,,,,,,,,,,,,,,,,,,,,,9110000,1059061,8044327,false,false,6,2023-04-01,2023-09-30,0
2023-10-31,37990,2023-03-31,2,,,,,,,,,,,,,,,,,,,,,,,,,,,,,,,,,,,8033819,false,false,6,2022-04-01,2022-09-30,-1
2024-01-31,37990,2024-03-31,3,14606000000,0.076,,,,,382000000,1.378,652000000,0.614,,511000000,,63.55,,,,,,11212000000,8242000000,0.735,,8242000000,,,,,,,,,,,,true,false,9,2023-04-01,2023-12-31,0
2024-01-31,37990,2023-03-31,3,13570000000,0.037,,,,,160000000,-0.351,404000000,-0.043,,264000000,,32.89,,,,,,,,,,,,,,,,,,,,,,true,false,9,2022-04-01,2022-12-31,-1
2024-01-31,37990,2024-03-31,3,20000000000,0.043,,,,,800000000,0.083,1000000000,0.085,,700000000,,86.98,,,,,,,,,,,,,,,,,,,,,,true,true,12,2023-04-01,2024-03-31,0
2024-01-31,37990,2023-03-31,3,,,,,,,,,,,,,,,,,,,,11153000000,7807000000,0.700,,7807000000,,,,,,,,,,,,true,false,12,2022-04-01,2023-03-31,-1
2024-01-31,37990,2023-03-31,3,,,,,,,,,,,,,,,,,,,,,,,,,,,,,12.00,,,,9110000,1070061,,false,false,12,2022-04-01,2023-03-31,-1
2024-01-31,37990,2024-03-31,3,,,,,,,,,,,,,,,,,,,,,,,,,,,,,0.00,,,,,,,false,false,12,2023-04-01,2024-03-31,0
2024-01-31,37990,2024-03-31,3,,,,,,,,,,,,,,,,,,,,,,,,,,,,,20.00,,,,,,,false,true,12,2023-04-01,2024-03-31,0
2024-01-31,37990,2024-03-31,3,,,,,,,,,,,,,,,,,,,,,,,,,,,,,,,,,9110000,1059061,8046539,false,false,9,2023-04-01,2023-12-31,0
2024-01-31,37990,2023-03-31,3,,,,,,,,,,,,,,,,,,,,,,,,,,,,,,,,,,,8035866,false,false,9,2022-04-01,2022-12-31,-1
2024-05-14,37990,2024-03-31,,20511000000,0.070,,,,,873000000,0.183,1090000000,0.183,,729000000,,90.65,,0.089,0.092,0.043,,12525000000,8639000000,0.690,1073.12,8639000000,1183000000,-157000000,-99000000,1964000000,,0.221,,,,,,true,false,12,2023-04-01,2024-03-31,0
2024-05-14,37990,2023-03-31,,19173000000,0.040,,,,,738000000,0.340,921000000,0.220,,482000000,,60.07,,0.062,0.083,0.039,,11153000000,7807000000,0.700,971.15,7807000000,653000000,-50000000,-474000000,1038000000,,0.200,,,,,,true,false,12,2022-04-01,2023-03-31,-1
2024-05-14,37990,2025-03-31,,21000000000,0.024,,,,,1000000000,0.144,1100000000,0.009,,770000000,,95.64,,,,,,,,,,,,,,,,0.261,,,,,,true,true,12,2024-04-01,2025-03-31,1
2024-05-14,37990,2024-03-31,,13117000000,0.040,,,,,509000000,0.270,533000000,0.397,353000000,,2.354,42.43,,,,,,8331000000,4444000000,0.533,533.00,4444000000,,,,,20.00,,,,9110000,1059061,8047633,false,false,12,2023-04-01,2024-03-31,0
2024-05-14,37990,2023-03-31,,12614000000,0.029,,,,,401000000,0.815,381000000,0.751,105000000,,-0.364,12.67,,,,,,8195000000,4153000000,0.507,498.82,4153000000,,,,,12.00,,,,9110000,1070061,8036871,false,false,12,2022-04-01,2023-03-31,-1
2024-05-14,37990,2025-03-31,,,,,,,,,,,,,,,,,,,,,,,,,,,,,,25.00,,,,,,,false,true,12,2024-04-01,2025-03-31,1
2024-05-14,37990,2024-03-31,,20511000000,0.070,,,,,873000000,0.183,1090000000,0.183,,729000000,,90.65,,0.089,0.092,0.043,,12525000000,8639000000,0.690,1073.12,8639000000,1183000000,-157000000,-99000000,1964000000,,0.221,,,,,,true,false,12,2023-04-01,2024-03-31,0
2024-05-14,37990,2023-03-31,,19173000000,0.040,,,,,738000000,0.340,921000000,0.220,,482000000,,60.07,,0.062,0.083,0.039,,11153000000,7807000000,0.700,971.15,7807000000,653000000,-50000000,-474000000,1038000000,,0.200,,,,,,true,false,12,2022-04-01,2023-03-31,-1
2024-05-14,37990,2025-03-31,,21000000000,0.024,,,,,1000000000,0.144,1100000000,0.009,,770000000,,95.64,,,,,,,,,,,,,,,,0.261,,,,,,true,true,12,2024-04-01,2025-03-31,1
2024-05-14,37990,2024-03-31,,13117000000,0.040,,,,,509000000,0.270,533000000,0.397,353000000,,2.354,42.43,,,,,,8331000000,4444000000,0.533,533.00,4444000000,,,,,20.00,,,,9110000,1059061,8047633,false,false,12,2023-04-01,2024-03-31,0
2024-05-14,37990,2023-03-31,,12614000000,0.029,,,,,401000000,0.815,381000000,0.751,105000000,,-0.364,12.67,,,,,,8195000000,4153000000,0.507,498.82,4153000000,,,,,12.00,,,,9110000,1070061,8036871,false,false,12,2022-04-01,2023-03-31,-1
2024-05-14,37990,2025-03-31,,,,,,,,,,,,,,,,,,,,,,,,,,,,,,25.00,,,,,,,false,true,12,2024-04-01,2025-03-31,1
2024-08-14,37990,2025-03-31,1,4605000000,0.014,,,,,-190000000,,-56000000,,,-34000000,,-4.23,,,,,,11291000000,8446000000,0.748,,8446000000,,,,,,,,,,,,true,false,3,2024-04-01,2024-06-30,0
2024-08-14,37990,2024-03-31,1,4543000000,0.032,,,,,-23000000,,40000000,,,29000000,,3.72,,,,,,,,,,,,,,,,,,,,,,true,false,3,2023-04-01,2023-06-30,-1
2024-08-14,37990,2025-03-31,1,21000000000,0.024,,,,,1000000000,0.144,1100000000,0.009,,770000000,,95.55,,,,,,,,,,,,,,,,,,,,,,true,true,12,2024-04-01,2025-03-31,0
2024-08-14,37990,2024-03-31,1,,,,,,,,,,,,,,,,,,,,12525000000,8639000000,0.690,,8639000000,,,,,,,,,,,,true,false,12,2023-04-01,2024-03-31,-1
2024-08-14,37990,2024-03-31,1,,,,,,,,,,,,,,,,,,,,,,,,,,,,,20.00,,,,9110000,1059061,,false,false,12,2023-04-01,2024-03-31,-1
2024-08-14,37990,2025-03-31,1,,,,,,,,,,,,,,,,,,,,,,,,,,,,,25.00,,,,,,,false,true,12,2024-04-01,2025-03-31,0
2024-08-14,37990,2025-03-31,1,,,,,,,,,,,,,,,,,,,,,,,,,,,,,,,,,9110000,1059061,8050939,false,false,3,2024-04-01,2024-06-30,0
2024-08-14,37990,2024-03-31,1,,,,,,,,,,,,,,,,,,,,,,,,,,,,,,,,,,,8039939,false,false,3,2023-04-01,2023-06-30,-1
2024-10-31,37990,2025-03-31,2,9911000000,0.048,,,,,47000000,-0.671,258000000,-0.222,,194000000,,24.20,,,,,,11564000000,8661000000,0.749,,8661000000,,,,,,,,,,,,true,false,6,2024-04-01,2024-09-30,0
2024-10-31,37990,2024-03-31,2,9459000000,0.054,,,,,143000000,6.415,332000000,0.955,,233000000,,29.00,,,,,,,,,,,,,,,,,,,,,,true,false,6,2023-04-01,2023-09-30,-1
2024-10-31,37990,2025-03-31,2,21000000000,0.024,,,,,1000000000,0.144,1100000000,0.009,,770000000,,95.55,,,,,,,,,,,,,,,,,,,,,,true,true,12,2024-04-01,2025-03-31,0
2024-10-31,37990,2024-03-31,2,,,,,,,,,,,,,,,,,,,,12525000000,8639000000,0.690,,8639000000,,,,,,,,,,,,true,false,12,2023-04-01,2024-03-31,-1
2024-10-31,37990,2024-03-31,2,,,,,,,,,,,,,,,,,,,,,,,,,,,,,20.00,,,,9110000,1059061,,false,false,12,2023-04-01,2024-03-31,-1
2024-10-31,37990,2025-03-31,2,,,,,,,,,,,,,,,,,,,,,,,,,,,,,0.00,,,,,,,false,false,12,2024-04-01,2025-03-31,0
2024-10-31,37990,2025-03-31,2,,,,,,,,,,,,,,,,,,,,,,,,,,,,,25.00,,,,,,,false,true,12,2024-04-01,2025-03-31,0
2024-10-31,37990,2025-03-31,2,,,,,,,,,,,,,,,,,,,,,,,,,,,,,,,,,9110000,1048061,8055087,false,false,6,2024-04-01,2024-09-30,0
2024-10-31,37990,2024-03-31,2,,,,,,,,,,,,,,,,,,,,,,,,,,,,,,,,,,,8044327,false,false,6,2023-04-01,2023-09-30,-1
2025-02-13,37990,2025-03-31,3,15034000000,0.029,,,,,248000000,-0.351,524000000,-0.196,,409000000,,50.84,,,,,,12542000000,8889000000,0.709,,8889000000,,,,,,,,,,,,true,false,9,2024-04-01,2024-12-31,0
2025-02-13,37990,2024-03-31,3,14606000000,0.076,,,,,382000000,1.378,652000000,0.614,,511000000,,63.55,,,,,,,,,,,,,,,,,,,,,,true,false,9,2023-04-01,2023-12-31,-1
2025-02-13,37990,2025-03-31,3,21000000000,0.024,,,,,800000000,-0.085,1100000000,0.009,,850000000,,105.48,,,,,,,,,,,,,,,,,,,,,,true,true,12,2024-04-01,2025-03-31,0
2025-02-13,37990,2024-03-31,3,,,,,,,,,,,,,,,,,,,,12525000000,8639000000,0.690,,8639000000,,,,,,,,,,,,true,false,12,2023-04-01,2024-03-31,-1
2025-02-13,37990,2024-03-31,3,,,,,,,,,,,,,,,,,,,,,,,,,,,,,20.00,,,,9110000,1059061,,false,false,12,2023-04-01,2024-03-31,-1
2025-02-13,37990,2025-03-31,3,,,,,,,,,,,,,,,,,,,,,,,,,,,,,0.00,,,,,,,false,false,12,2024-04-01,2025-03-31,0
2025-02-13,37990,2025-03-31,3,,,,,,,,,,,,,,,,,,,,,,,,,,,,,28.00,,,,,,,false,true,12,2024-04-01,2025-03-31,0
2025-02-13,37990,2025-03-31,3,,,,,,,,,,,,,,,,,,,,,,,,,,,,,,,,,9110000,1048061,8057379,false,false,9,2024-04-01,2024-12-31,0
2025-02-13,37990,2024-03-31,3,,,,,,,,,,,,,,,,,,,,,,,,,,,,,,,,,,,8046539,false,false,9,2023-04-01,2023-12-31,-1
2025-05-14,37990,2025-03-31,,21101000000,0.029,,,,,921000000,0.054,1224000000,0.123,,1031000000,,127.63,,0.127,0.105,0.044,,10779000000,7569000000,0.702,906.62,7569000000,-333000000,398000000,-166000000,1863000000,,0.251,,,,,,true,false,12,2024-04-01,2025-03-31,0
2025-05-14,37990,2024-03-31,,20511000000,0.070,,,,,873000000,0.183,1090000000,0.183,,729000000,,90.65,,0.089,0.092,0.043,,12525000000,8639000000,0.690,1073.12,8639000000,1183000000,-157000000,-99000000,1964000000,,0.221,,,,,,true,false,12,2023-04-01,2024-03-31,-1
2025-05-14,37990,2026-03-31,,22500000000,0.066,,,,,1100000000,0.194,1150000000,-0.061,,800000000,,95.82,,,,,,,,,,,,,,,,0.355,,,,,,true,true,12,2025-04-01,2026-03-31,1
2025-05-14,37990,2025-03-31,,14298000000,0.090,,,,,572000000,0.123,639000000,0.200,1430000000,,3.045,171.42,,,,,,9739000000,5748000000,0.590,688.50,5748000000,,,,,32.00,,,,9110000,760673,8083699,false,false,12,2024-04-01,2025-03-31,0
2025-05-14,37990,2024-03-31,,13117000000,0.040,,,,,509000000,0.270,533000000,0.397,353000000,,2.354,42.43,,,,,,8331000000,4444000000,0.533,533.00,4444000000,,,,,20.00,,,,9110000,1059061,8047633,false,false,12,2023-04-01,2024-03-31,-1
2025-05-14,37990,2026-03-31,,,,,,,,,,,,,,,,,,,,,,,,,,,,,,34.00,,,,,,,false,true,12,2025-04-01,2026-03-31,1
2025-07-31,37990,2026-03-31,,,,,,,,,,,,,,,,,,,,,,,,,,,,,,34.00,,,,,,,false,true,12,2025-04-01,2026-03-31,0
2025-07-31,37990,2025-03-31,,,,,,,,,,,,,,,,,,,,,,,,,,,,,,32.00,,,,,,,false,false,12,2024-04-01,2025-03-31,-1
2025-08-13,37990,2026-03-31,1,5132000000,0.114,,,,,17000000,,64000000,,,45000000,,5.44,,,,,,10256000000,7341000000,0.716,,7341000000,,,,,,,,,,,,true,false,3,2025-04-01,2025-06-30,0
2025-08-13,37990,2025-03-31,1,4605000000,0.014,,,,,-190000000,,-56000000,,,-34000000,,-4.23,,,,,,,,,,,,,,,,,,,,,,true,false,3,2024-04-01,2024-06-30,-1
2025-08-13,37990,2026-03-31,1,22500000000,0.066,,,,,1100000000,0.194,1150000000,-0.061,,800000000,,95.72,,,,,,,,,,,,,,,,,,,,,,true,true,12,2025-04-01,2026-03-31,0
2025-08-13,37990,2025-03-31,1,,,,,,,,,,,,,,,,,,,,10779000000,7569000000,0.702,,7569000000,,,,,,,,,,,,true,false,12,2024-04-01,2025-03-31,-1
2025-08-13,37990,2025-03-31,1,,,,,,,,,,,,,,,,,,,,,,,,,,,,,32.00,,,,9110000,760673,,false,false,12,2024-04-01,2025-03-31,-1
2025-08-13,37990,2026-03-31,1,,,,,,,,,,,,,,,,,,,,,,,,,,,,,34.00,,,,,,,false,true,12,2025-04-01,2026-03-31,0
2025-08-13,37990,2026-03-31,1,,,,,,,,,,,,,,,,,,,,,,,,,,,,,,,,,9110000,760673,8349327,false,false,3,2025-04-01,2025-06-30,0
2025-08-13,37990,2025-03-31,1,,,,,,,,,,,,,,,,,,,,,,,,,,,,,,,,,,,8050939,false,false,3,2024-04-01,2024-06-30,-1
