filing_date,code,fiscal_year_end,quarterly_period,net_sales,net_sales_change,revenue,revenue_change,operating_revenue,operating_revenue_change,operating_profit,operating_profit_change,ordinary_profit,ordinary_profit_change,net_income,net_income_of_parent,net_income_change,eps,diluted_eps,roe,roa,operating_profit_to_net_sales,operating_profit_to_revenue,total_assets,net_assets,equity_ratio,bps,owner_equity,operating_cash_flow,investing_cash_flow,financing_cash_flow,cash,dividend_per_share,payout_ratio,commemorative_dividend,extra_dividend,number_of_shares,number_of_treqsury_shares,avg_number_of_shares,is_consolidated,is_forecast,duration,period_start,period_end,period_pos
2015-05-29,38160,2015-07-31,3,1622000000,-0.026,,,,,321000000,-0.036,333000000,-0.060,200000000,,0.245,101.62,100.58,,,,,3550000000,2769000000,0.780,1401.21,2769000000,,,,,,,,,,,,true,false,9,2014-08-01,2015-04-30,0
2015-05-29,38160,2014-07-31,3,1666000000,0.141,,,,,333000000,0.377,354000000,0.379,161000000,,0.090,81.61,81.16,,,,,,,,,,,,,,,,,,,,,true,false,9,2013-08-01,2014-04-30,-1
2015-05-29,38160,2015-07-31,3,2220000000,0.017,,,,,365000000,0.016,370000000,-0.032,224000000,,0.218,113.82,,,,,,,,,,,,,,,,,,,,,,true,true,12,2014-08-01,2015-07-31,0
2015-05-29,38160,2014-07-31,3,,,,,,,,,,,,,,,,,,,,3421000000,2580000000,0.754,1305.72,2580000000,,,,,,,,,,,,true,false,12,2013-08-01,2014-07-31,-1
2015-05-29,38160,2014-07-31,3,,,,,,,,,,,,,,,,,,,,,,,,,,,,,30.00,,,,1998000,21543,,false,false,12,2013-08-01,2014-07-31,-1
2015-05-29,38160,2015-07-31,3,,,,,,,,,,,,,,,,,,,,,,,,,,,,,0.00,,,,,,,false,false,12,2014-08-01,2015-07-31,0
2015-05-29,38160,2015-07-31,3,,,,,,,,,,,,,,,,,,,,,,,,,,,,,20.00,,,,,,,false,true,12,2014-08-01,2015-07-31,0
2015-05-29,38160,2015-07-31,3,,,,,,,,,,,,,,,,,,,,,,,,,,,,,,,,,1998000,21796,1976333,false,false,9,2014-08-01,2015-04-30,0
2015-05-29,38160,2014-07-31,3,,,,,,,,,,,,,,,,,,,,,,,,,,,,,,,,,,,1976491,false,false,9,2013-08-01,2014-04-30,-1
,38160,2015-07-31,,,,,,,,,,,,,,,,,,,,,,,,,,,,,,22.00,,,,,,,false,true,12,2014-08-01,2015-07-31,0
,38160,2015-07-31,,,,,,,,,,,,,,,,,,,,,,,,,,,,,,0.00,,,,,,,false,false,12,2014-08-01,2015-07-31,0
,38160,2014-07-31,,,,,,,,,,,,,,,,,,,,,,,,,,,,,,20.00,,,,,,,false,false,12,2013-08-01,2014-07-31,-1
2015-08-28,38160,2015-07-31,,2225000000,0.020,,,,,378000000,0.055,394000000,0.031,247000000,,0.338,125.04,123.26,0.091,0.111,0.170,,3664000000,2836000000,0.774,1430.51,2836000000,320000000,27000000,-91000000,1421000000,,0.176,,,,,,true,false,12,2014-08-01,2015-07-31,0
2015-08-28,38160,2014-07-31,,2182000000,0.109,,,,,359000000,0.197,382000000,0.208,184000000,,0.004,93.45,92.95,0.074,0.114,0.165,,3421000000,2580000000,0.754,1305.72,2580000000,314000000,-29000000,-156000000,1160000000,,0.214,,,,,,true,false,12,2013-08-01,2014-07-31,-1
2015-08-28,38160,2016-07-31,,1087000000,0.036,,,,,182000000,0.011,185000000,-0.008,,120000000,,61.01,,,,,,,,,,,,,,,,,,,,,,true,true,6,2015-08-01,2016-01-31,1
2015-08-28,38160,2016-07-31,,2300000000,0.033,,,,,385000000,0.016,395000000,0.002,,256000000,,129.92,,,,,,,,,,,,,,,,,,,,,,true,true,12,2015-08-01,2016-07-31,1
2015-08-28,38160,2015-07-31,,2112000000,0.037,,,,,364000000,0.080,385000000,0.065,288000000,,0.370,146.20,144.12,,,,,3672000000,2870000000,0.782,1447.31,2870000000,,,,,22.00,,,,2005425,22246,1976625,false,false,12,2014-08-01,2015-07-31,0
2015-08-28,38160,2014-07-31,,2036000000,0.121,,,,,337000000,0.189,361000000,0.185,210000000,,0.153,106.73,106.16,,,,,3376000000,2572000000,0.762,1301.41,2572000000,,,,,30.00,,,,1998000,21543,1976482,false,false,12,2013-08-01,2014-07-31,-1
2015-08-28,38160,2016-07-31,,,,,,,,,,,,,,,,,,,,,,,,,,,,,,22.00,,,,,,,false,true,12,2015-08-01,2016-07-31,1
2015-11-27,38160,2016-07-31,1,530000000,0.041,,,,,65000000,-0.137,66000000,-0.156,,42000000,,21.38,20.90,,,,,3611000000,2828000000,0.783,1417.24,2828000000,,,,,,,,,,,,true,false,3,2015-08-01,2015-10-31,0
2015-11-27,38160,2015-07-31,1,509000000,0.125,,,,,76000000,0.022,79000000,0.031,,50000000,,25.57,25.42,,,,,,,,,,,,,,,,,,,,,true,false,3,2014-08-01,2014-10-31,-1
2015-11-27,38160,2016-07-31,1,1087000000,0.036,,,,,182000000,0.011,185000000,-0.008,,120000000,,61.01,,,,,,,,,,,,,,,,,,,,,,true,true,6,2015-08-01,2016-01-31,0
2015-11-27,38160,2016-07-31,1,2300000000,0.033,,,,,385000000,0.016,395000000,0.002,,256000000,,129.92,,,,,,,,,,,,,,,,,,,,,,true,true,12,2015-08-01,2016-07-31,0
2015-11-27,38160,2015-07-31,1,,,,,,,,,,,,,,,,,,,,3664000000,2836000000,0.774,1430.51,2836000000,,,,,,,,,,,,true,false,12,2014-08-01,2015-07-31,-1
2015-11-27,38160,2015-07-31,1,,,,,,,,,,,,,,,,,,,,,,,,,,,,,22.00,,,,2005425,22246,,false,false,12,2014-08-01,2015-07-31,-1
2015-11-27,38160,2016-07-31,1,,,,,,,,,,,,,,,,,,,,,,,,,,,,,22.00,,,,,,,false,true,12,2015-08-01,2016-07-31,0
2015-11-27,38160,2016-07-31,1,,,,,,,,,,,,,,,,,,,,,,,,,,,,,,,,,2018475,22421,1990333,false,false,3,2015-08-01,2015-10-31,0
2015-11-27,38160,2015-07-31,1,,,,,,,,,,,,,,,,,,,,,,,,,,,,,,,,,,,1976437,false,false,3,2014-08-01,2014-10-31,-1
2016-02-26,38160,2016-07-31,2,1114000000,0.062,,,,,183000000,0.016,185000000,-0.006,,120000000,,60.36,59.22,,,,,3632000000,2923000000,0.805,1450.79,2923000000,,,,,,,,,,,,true,false,6,2015-08-01,2016-01-31,0
2016-02-26,38160,2015-07-31,2,1049000000,0.016,,,,,180000000,-0.155,186000000,-0.174,,118000000,,59.89,59.44,,,,,,,,,,,,,,,,,,,,,true,false,6,2014-08-01,2015-01-31,-1
2016-02-26,38160,2016-07-31,2,2300000000,0.033,,,,,385000000,0.016,395000000,0.002,,256000000,,129.92,,,,,,,,,,,,,,,,,,,,,,true,true,12,2015-08-01,2016-07-31,0
2016-02-26,38160,2015-07-31,2,,,,,,,,,,,,,,,,,,,,3664000000,2836000000,0.774,1430.51,2836000000,,,,,,,,,,,,true,false,12,2014-08-01,2015-07-31,-1
2016-02-26,38160,2015-07-31,2,,,,,,,,,,,,,,,,,,,,,,,,,,,,,22.00,,,,2005425,22246,,false,false,12,2014-08-01,2015-07-31,-1
2016-02-26,38160,2016-07-31,2,,,,,,,,,,,,,,,,,,,,,,,,,,,,,0.00,,,,,,,false,false,12,2015-08-01,2016-07-31,0
2016-02-26,38160,2016-07-31,2,,,,,,,,,,,,,,,,,,,,,,,,,,,,,22.00,,,,,,,false,true,12,2015-08-01,2016-07-31,0
2016-02-26,38160,2016-07-31,2,,,,,,,,,,,,,,,,,,,,,,,,,,,,,,,,,2037375,22421,1999605,false,false,6,2015-08-01,2016-01-31,0
2016-02-26,38160,2015-07-31,2,,,,,,,,,,,,,,,,,,,,,,,,,,,,,,,,,,,1976376,false,false,6,2014-08-01,2015-01-31,-1
2016-05-27,38160,2016-07-31,3,1670000000,0.029,,,,,251000000,-0.218,255000000,-0.234,,163000000,,81.12,81.12,,,,,3647000000,2970000000,0.814,1457.19,2970000000,,,,,,,,,,,,true,false,9,2015-08-01,2016-04-30,0
2016-05-27,38160,2015-07-31,3,1622000000,-0.026,,,,,321000000,-0.036,333000000,-0.060,,200000000,,101.62,100.58,,,,,,,,,,,,,,,,,,,,,true,false,9,2014-08-01,2015-04-30,-1
2016-05-27,38160,2016-07-31,3,2150000000,-0.034,,,,,290000000,-0.235,295000000,-0.251,,191000000,,95.38,,,,,,,,,,,,,,,,,,,,,,true,true,12,2015-08-01,2016-07-31,0
2016-05-27,38160,2015-07-31,3,,,,,,,,,,,,,,,,,,,,3664000000,2836000000,0.774,1430.51,2836000000,,,,,,,,,,,,true,false,12,2014-08-01,2015-07-31,-1
2016-05-27,38160,2015-07-31,3,,,,,,,,,,,,,,,,,,,,,,,,,,,,,22.00,,,,2005425,22246,,false,false,12,2014-08-01,2015-07-31,-1
2016-05-27,38160,2016-07-31,3,,,,,,,,,,,,,,,,,,,,,,,,,,,,,0.00,,,,,,,false,false,12,2015-08-01,2016-07-31,0
2016-05-27,38160,2016-07-31,3,,,,,,,,,,,,,,,,,,,,,,,,,,,,,22.00,,,,,,,false,true,12,2015-08-01,2016-07-31,0
2016-05-27,38160,2016-07-31,3,,,,,,,,,,,,,,,,,,,,,,,,,,,,,,,,,2060775,22471,2010437,false,false,9,2015-08-01,2016-04-30,0
2016-05-27,38160,2015-07-31,3,,,,,,,,,,,,,,,,,,,,,,,,,,,,,,,,,,,1976333,false,false,9,2014-08-01,2015-04-30,-1
2016-05-27,38160,2016-07-31,,2150000000,-0.065,,,,,290000000,-0.247,295000000,-0.253,,191000000,,95.38,,,,,,,,,,,,,,,,,,,,,,true,true,12,2015-08-01,2016-07-31,0
2016-05-27,38160,2015-07-31,,2225000000,,,,,,378000000,,394000000,,,247000000,,125.04,,,,,,,,,,,,,,,,,,,,,,true,false,12,2014-08-01,2015-07-31,-1
2016-09-02,38160,2016-07-31,,2236000000,0.005,,,,,284000000,-0.248,290000000,-0.262,,173000000,,71.56,,0.060,0.079,0.127,,3657000000,2979000000,0.815,1218.15,2979000000,234000000,-41000000,-76000000,1532000000,,0.256,,,,,,true,false,12,2015-08-01,2016-07-31,0
2016-09-02,38160,2015-07-31,,2225000000,0.020,,,,,378000000,0.055,394000000,0.031,,247000000,,104.20,102.72,0.091,0.111,0.170,,3664000000,2836000000,0.774,1192.09,2836000000,320000000,27000000,-91000000,1421000000,,0.176,,,,,,true,false,12,2014-08-01,2015-07-31,-1
2016-09-02,38160,2017-07-31,,1062000000,-0.047,,,,,101000000,-0.447,103000000,-0.444,,70000000,,28.91,,,,,,,,,,,,,,,,,,,,,,true,true,6,2016-08-01,2017-01-31,1
2016-09-02,38160,2017-07-31,,2260000000,0.011,,,,,290000000,0.018,295000000,0.014,,200000000,,82.61,,,,,,,,,,,,,,,,,,,,,,true,true,12,2016-08-01,2017-07-31,1
2016-09-02,38160,2016-07-31,,2123000000,0.006,,,,,268000000,-0.264,278000000,-0.278,163000000,,-0.433,67.63,,,,,,3662000000,3003000000,0.820,1227.88,3003000000,,,,,22.00,,,,2472930,27055,2420924,false,false,12,2015-08-01,2016-07-31,0
2016-09-02,38160,2015-07-31,,2112000000,0.037,,,,,364000000,0.080,385000000,0.065,288000000,,0.370,121.83,120.10,,,,,3672000000,2870000000,0.782,1206.09,2870000000,,,,,22.00,,,,2406510,26695,2371950,false,false,12,2014-08-01,2015-07-31,-1
2016-09-02,38160,2017-07-31,,,,,,,,,,,,,,,,,,,,,,,,,,,,,,20.00,,,,,,,false,true,12,2016-08-01,2017-07-31,1
2016-11-30,38160,2017-07-31,1,523000000,-0.014,,,,,75000000,0.151,78000000,0.175,,52000000,,21.27,,,,,,3682000000,2978000000,0.809,1217.88,2978000000,,,,,,,,,,,,true,false,3,2016-08-01,2016-10-31,0
2016-11-30,38160,2016-07-31,1,530000000,0.041,,,,,65000000,-0.137,66000000,-0.156,,42000000,,17.82,17.41,,,,,,,,,,,,,,,,,,,,,true,false,3,2015-08-01,2015-10-31,-1
2016-11-30,38160,2017-07-31,1,1062000000,-0.047,,,,,101000000,-0.447,103000000,-0.444,,70000000,,28.91,,,,,,,,,,,,,,,,,,,,,,true,true,6,2016-08-01,2017-01-31,0
2016-11-30,38160,2017-07-31,1,2260000000,0.011,,,,,290000000,0.018,295000000,0.014,,200000000,,82.61,,,,,,,,,,,,,,,,,,,,,,true,true,12,2016-08-01,2017-07-31,0
2016-11-30,38160,2016-07-31,1,,,,,,,,,,,,,,,,,,,,3657000000,2979000000,0.815,1218.15,2979000000,,,,,,,,,,,,true,false,12,2015-08-01,2016-07-31,-1
2016-11-30,38160,2016-07-31,1,,,,,,,,,,,,,,,,,,,,,,,,,,,,,22.00,,,,2472930,27055,,false,false,12,2015-08-01,2016-07-31,-1
2016-11-30,38160,2017-07-31,1,,,,,,,,,,,,,,,,,,,,,,,,,,,,,20.00,,,,,,,false,true,12,2016-08-01,2017-07-31,0
2016-11-30,38160,2017-07-31,1,,,,,,,,,,,,,,,,,,,,,,,,,,,,,,,,,2472930,27266,2445729,false,false,3,2016-08-01,2016-10-31,0
2016-11-30,38160,2016-07-31,1,,,,,,,,,,,,,,,,,,,,,,,,,,,,,,,,,,,2388400,false,false,3,2015-08-01,2015-10-31,-1
2017-02-22,38160,2017-07-31,,1122000000,0.057,,,,,148000000,0.463,156000000,0.517,,105000000,,43.56,,,,,,,,,,,,,,,,,,,,,,true,true,6,2016-08-01,2017-01-31,0
2017-02-22,38160,2016-07-31,,1114000000,,,,,,183000000,,185000000,,,120000000,,49.85,,,,,,,,,,,,,,,,,,,,,,true,false,6,2015-08-01,2016-01-31,-1
2017-02-28,38160,2017-07-31,2,1122000000,0.007,,,,,148000000,-0.190,156000000,-0.157,,105000000,,43.12,,,,,,3685000000,3054000000,0.829,1248.80,3054000000,,,,,,,,,,,,true,false,6,2016-08-01,2017-01-31,0
2017-02-28,38160,2016-07-31,2,1114000000,0.062,,,,,183000000,0.016,185000000,-0.006,,120000000,,50.30,49.35,,,,,,,,,,,,,,,,,,,,,true,false,6,2015-08-01,2016-01-31,-1
2017-02-28,38160,2017-07-31,2,2260000000,0.011,,,,,290000000,0.018,295000000,0.014,,200000000,,82.61,,,,,,,,,,,,,,,,,,,,,,true,true,12,2016-08-01,2017-07-31,0
2017-02-28,38160,2016-07-31,2,,,,,,,,,,,,,,,,,,,,3657000000,2979000000,0.815,1218.15,2979000000,,,,,,,,,,,,true,false,12,2015-08-01,2016-07-31,-1
2017-02-28,38160,2016-07-31,2,,,,,,,,,,,,,,,,,,,,,,,,,,,,,22.00,,,,2472930,27055,,false,false,12,2015-08-01,2016-07-31,-1
2017-02-28,38160,2017-07-31,2,,,,,,,,,,,,,,,,,,,,,,,,,,,,,0.00,,,,,,,false,false,12,2016-08-01,2017-07-31,0
2017-02-28,38160,2017-07-31,2,,,,,,,,,,,,,,,,,,,,,,,,,,,,,20.00,,,,,,,false,true,12,2016-08-01,2017-07-31,0
2017-02-28,38160,2017-07-31,2,,,,,,,,,,,,,,,,,,,,,,,,,,,,,,,,,2472930,27306,2445687,false,false,6,2016-08-01,2017-01-31,0
2017-02-28,38160,2016-07-31,2,,,,,,,,,,,,,,,,,,,,,,,,,,,,,,,,,,,2399526,false,false,6,2015-08-01,2016-01-31,-1
2017-05-29,38160,2017-07-31,3,1685000000,0.009,,,,,233000000,-0.073,246000000,-0.033,,165000000,,67.75,,,,,,3792000000,3118000000,0.822,1275.22,3118000000,,,,,,,,,,,,true,false,9,2016-08-01,2017-04-30,0
2017-05-29,38160,2016-07-31,3,1670000000,0.029,,,,,251000000,-0.218,255000000,-0.234,,163000000,,67.60,,,,,,,,,,,,,,,,,,,,,,true,false,9,2015-08-01,2016-04-30,-1
2017-05-29,38160,2017-07-31,3,2260000000,0.011,,,,,290000000,0.018,295000000,0.014,,200000000,,82.61,,,,,,,,,,,,,,,,,,,,,,true,true,12,2016-08-01,2017-07-31,0
2017-05-29,38160,2016-07-31,3,,,,,,,,,,,,,,,,,,,,3657000000,2979000000,0.815,1218.15,2979000000,,,,,,,,,,,,true,false,12,2015-08-01,2016-07-31,-1
2017-05-29,38160,2016-07-31,3,,,,,,,,,,,,,,,,,,,,,,,,,,,,,22.00,,,,2472930,27055,,false,false,12,2015-08-01,2016-07-31,-1
2017-05-29,38160,2017-07-31,3,,,,,,,,,,,,,,,,,,,,,,,,,,,,,0.00,,,,,,,false,false,12,2016-08-01,2017-07-31,0
2017-05-29,38160,2017-07-31,3,,,,,,,,,,,,,,,,,,,,,,,,,,,,,20.00,,,,,,,false,true,12,2016-08-01,2017-07-31,0
2017-05-29,38160,2017-07-31,3,,,,,,,,,,,,,,,,,,,,,,,,,,,,,,,,,2472930,27436,2445645,false,false,9,2016-08-01,2017-04-30,0
2017-05-29,38160,2016-07-31,3,,,,,,,,,,,,,,,,,,,,,,,,,,,,,,,,,,,2412524,false,false,9,2015-08-01,2016-04-30,-1
2017-08-31,38160,2017-07-31,,2268000000,0.014,,,,,300000000,0.053,315000000,0.085,,217000000,,80.95,,0.070,0.083,0.132,,3905000000,3205000000,0.821,1191.61,3205000000,220000000,-28000000,-89000000,1637000000,,0.225,,,,,,true,false,12,2016-08-01,2017-07-31,0
2017-08-31,38160,2016-07-31,,2236000000,0.005,,,,,284000000,-0.248,290000000,-0.262,,173000000,,65.05,,0.060,0.079,0.127,,3657000000,2979000000,0.815,1107.41,2979000000,234000000,-41000000,-76000000,1532000000,,0.256,,,,,,true,false,12,2015-08-01,2016-07-31,-1
2017-08-31,38160,2018-07-31,,1130000000,0.007,,,,,150000000,0.010,157000000,0.002,,106000000,,39.40,,,,,,,,,,,,,,,,,,,,,,true,true,6,2017-08-01,2018-01-31,1
2017-08-31,38160,2018-07-31,,2300000000,0.014,,,,,310000000,0.033,320000000,0.014,,219000000,,81.41,,,,,,,,,,,,,,,,,,,,,,true,true,12,2017-08-01,2018-07-31,1
2017-08-31,38160,2017-07-31,,2146000000,0.011,,,,,273000000,0.018,293000000,0.054,202000000,,0.236,75.21,,,,,,3889000000,3213000000,0.826,1194.72,3213000000,,,,,20.00,,,,2720223,30366,2690156,false,false,12,2016-08-01,2017-07-31,0
2017-08-31,38160,2016-07-31,,2123000000,0.006,,,,,268000000,-0.264,278000000,-0.278,163000000,,-0.433,61.48,,,,,,3662000000,3003000000,0.820,1116.26,3003000000,,,,,22.00,,,,2720223,29760,2663017,false,false,12,2015-08-01,2016-07-31,-1
2017-08-31,38160,2018-07-31,,,,,,,,,,,,,,,,,,,,,,,,,,,,,,19.00,,,,,,,false,true,12,2017-08-01,2018-07-31,1
2017-11-30,38160,2018-07-31,1,566000000,0.083,,,,,91000000,0.202,94000000,0.205,,62000000,,23.38,,,,,,3955000000,3232000000,0.817,1201.68,3232000000,,,,,,,,,,,,true,false,3,2017-08-01,2017-10-31,0
2017-11-30,38160,2017-07-31,1,523000000,-0.014,,,,,75000000,0.151,78000000,0.175,,52000000,,19.34,,,,,,,,,,,,,,,,,,,,,,true,false,3,2016-08-01,2016-10-31,-1
2017-11-30,38160,2018-07-31,1,1130000000,0.007,,,,,150000000,0.010,157000000,0.002,,106000000,,39.40,,,,,,,,,,,,,,,,,,,,,,true,true,6,2017-08-01,2018-01-31,0
2017-11-30,38160,2018-07-31,1,2300000000,0.014,,,,,310000000,0.033,320000000,0.014,,219000000,,81.41,,,,,,,,,,,,,,,,,,,,,,true,true,12,2017-08-01,2018-07-31,0
2017-11-30,38160,2017-07-31,1,,,,,,,,,,,,,,,,,,,,3905000000,3205000000,0.821,1191.61,3205000000,,,,,,,,,,,,true,false,12,2016-08-01,2017-07-31,-1
2017-11-30,38160,2017-07-31,1,,,,,,,,,,,,,,,,,,,,,,,,,,,,,20.00,,,,2720223,30366,,false,false,12,2016-08-01,2017-07-31,-1
2017-11-30,38160,2018-07-31,1,,,,,,,,,,,,,,,,,,,,,,,,,,,,,19.00,,,,,,,false,true,12,2017-08-01,2018-07-31,0
2017-11-30,38160,2018-07-31,1,,,,,,,,,,,,,,,,,,,,,,,,,,,,,,,,,2720223,30422,2689810,false,false,3,2017-08-01,2017-10-31,0
2017-11-30,38160,2017-07-31,1,,,,,,,,,,,,,,,,,,,,,,,,,,,,,,,,,,,2690302,false,false,3,2016-08-01,2016-10-31,-1
2018-02-28,38160,2018-07-31,2,1202000000,0.071,,,,,166000000,0.121,169000000,0.079,,114000000,,42.62,,,,,,3982000000,3324000000,0.835,1235.93,3324000000,,,,,,,,,,,,true,false,6,2017-08-01,2018-01-31,0
2018-02-28,38160,2017-07-31,2,1122000000,0.007,,,,,148000000,-0.190,156000000,-0.157,,105000000,,39.20,,,,,,,,,,,,,,,,,,,,,,true,false,6,2016-08-01,2017-01-31,-1
2018-02-28,38160,2018-07-31,2,2300000000,0.014,,,,,310000000,0.033,320000000,0.014,,219000000,,81.41,,,,,,,,,,,,,,,,,,,,,,true,true,12,2017-08-01,2018-07-31,0
2018-02-28,38160,2017-07-31,2,,,,,,,,,,,,,,,,,,,,3905000000,3205000000,0.821,1191.61,3205000000,,,,,,,,,,,,true,false,12,2016-08-01,2017-07-31,-1
2018-02-28,38160,2017-07-31,2,,,,,,,,,,,,,,,,,,,,,,,,,,,,,20.00,,,,2720223,30366,,false,false,12,2016-08-01,2017-07-31,-1
2018-02-28,38160,2018-07-31,2,,,,,,,,,,,,,,,,,,,,,,,,,,,,,0.00,,,,,,,false,false,12,2017-08-01,2018-07-31,0
2018-02-28,38160,2018-07-31,2,,,,,,,,,,,,,,,,,,,,,,,,,,,,,19.00,,,,,,,false,true,12,2017-08-01,2018-07-31,0
2018-02-28,38160,2018-07-31,2,,,,,,,,,,,,,,,,,,,,,,,,,,,,,,,,,2720223,30608,2689762,false,false,6,2017-08-01,2018-01-31,0
2018-02-28,38160,2017-07-31,2,,,,,,,,,,,,,,,,,,,,,,,,,,,,,,,,,,,2690256,false,false,6,2016-08-01,2017-01-31,-1
2018-05-31,38160,2018-07-31,3,1810000000,0.074,,,,,255000000,0.094,268000000,0.086,,177000000,,66.04,,,,,,4173000000,3416000000,0.818,1270.25,3416000000,,,,,,,,,,,,true,false,9,2017-08-01,2018-04-30,0
2018-05-31,38160,2017-07-31,3,1685000000,0.009,,,,,233000000,-0.073,246000000,-0.033,,165000000,,61.59,,,,,,,,,,,,,,,,,,,,,,true,false,9,2016-08-01,2017-04-30,-1
2018-05-31,38160,2018-07-31,3,2300000000,0.014,,,,,310000000,0.033,320000000,0.014,,219000000,,81.41,,,,,,,,,,,,,,,,,,,,,,true,true,12,2017-08-01,2018-07-31,0
2018-05-31,38160,2017-07-31,3,,,,,,,,,,,,,,,,,,,,3905000000,3205000000,0.821,1191.61,3205000000,,,,,,,,,,,,true,false,12,2016-08-01,2017-07-31,-1
2018-05-31,38160,2017-07-31,3,,,,,,,,,,,,,,,,,,,,,,,,,,,,,20.00,,,,2720223,30366,,false,false,12,2016-08-01,2017-07-31,-1
2018-05-31,38160,2018-07-31,3,,,,,,,,,,,,,,,,,,,,,,,,,,,,,0.00,,,,,,,false,false,12,2017-08-01,2018-07-31,0
2018-05-31,38160,2018-07-31,3,,,,,,,,,,,,,,,,,,,,,,,,,,,,,19.00,,,,,,,false,true,12,2017-08-01,2018-07-31,0
2018-05-31,38160,2018-07-31,3,,,,,,,,,,,,,,,,,,,,,,,,,,,,,,,,,2720223,30722,2689694,false,false,9,2017-08-01,2018-04-30,0
2018-05-31,38160,2017-07-31,3,,,,,,,,,,,,,,,,,,,,,,,,,,,,,,,,,,,2690210,false,false,9,2016-08-01,2017-04-30,-1
2018-08-31,38160,2018-07-31,,2413000000,0.064,,,,,312000000,0.042,334000000,0.062,,230000000,,77.84,,0.069,0.083,0.130,,4188000000,3427000000,0.818,1158.54,3427000000,430000000,-14000000,-57000000,1998000000,,0.222,,,,,,true,false,12,2017-08-01,2018-07-31,0
2018-08-31,38160,2017-07-31,,2268000000,0.014,,,,,300000000,0.053,315000000,0.085,,217000000,,73.59,,0.070,0.083,0.132,,3905000000,3205000000,0.821,1083.28,3205000000,220000000,-28000000,-89000000,1637000000,,0.225,,,,,,true,false,12,2016-08-01,2017-07-31,-1
2018-08-31,38160,2019-07-31,,1215000000,0.010,,,,,170000000,0.024,174000000,0.032,,119000000,,40.26,,,,,,,,,,,,,,,,,,,,,,true,true,6,2018-08-01,2019-01-31,1
2018-08-31,38160,2019-07-31,,2480000000,0.027,,,,,326000000,0.043,338000000,0.009,,231000000,,78.25,,,,,,,,,,,,,,,,,,,,,,true,true,12,2018-08-01,2019-07-31,1
2018-08-31,38160,2018-07-31,,2288000000,0.066,,,,,288000000,0.055,315000000,0.076,216000000,,0.070,73.20,,,,,,4147000000,3422000000,0.825,1156.73,3422000000,,,,,19.00,,,,2992245,33794,2958610,false,false,12,2017-08-01,2018-07-31,0
2018-08-31,38160,2017-07-31,,2146000000,0.011,,,,,273000000,0.018,293000000,0.054,202000000,,0.236,68.37,,,,,,3889000000,3213000000,0.826,1086.11,3213000000,,,,,20.00,,,,2992245,33403,2959172,false,false,12,2016-08-01,2017-07-31,-1
2018-08-31,38160,2019-07-31,,,,,,,,,,,,,,,,,,,,,,,,,,,,,,18.00,,,,,,,false,true,12,2018-08-01,2019-07-31,1
2018-11-30,38160,2019-07-31,1,578000000,0.020,,,,,104000000,0.146,108000000,0.152,,72000000,,24.63,,,,,,4148000000,3414000000,0.823,1154.30,3414000000,,,,,,,,,,,,true,false,3,2018-08-01,2018-10-31,0
2018-11-30,38160,2018-07-31,1,566000000,0.083,,,,,91000000,0.202,94000000,0.205,,62000000,,21.26,,,,,,,,,,,,,,,,,,,,,,true,false,3,2017-08-01,2017-10-31,-1
2018-11-30,38160,2019-07-31,1,1215000000,0.010,,,,,170000000,0.024,174000000,0.032,,119000000,,40.26,,,,,,,,,,,,,,,,,,,,,,true,true,6,2018-08-01,2019-01-31,0
2018-11-30,38160,2019-07-31,1,2480000000,0.027,,,,,326000000,0.043,338000000,0.009,,231000000,,78.25,,,,,,,,,,,,,,,,,,,,,,true,true,12,2018-08-01,2019-07-31,0
2018-11-30,38160,2018-07-31,1,,,,,,,,,,,,,,,,,,,,4157000000,3427000000,0.824,1158.54,3427000000,,,,,,,,,,,,true,false,12,2017-08-01,2018-07-31,-1
2018-11-30,38160,2018-07-31,1,,,,,,,,,,,,,,,,,,,,,,,,,,,,,19.00,,,,2992245,33794,,false,false,12,2017-08-01,2018-07-31,-1
2018-11-30,38160,2019-07-31,1,,,,,,,,,,,,,,,,,,,,,,,,,,,,,18.00,,,,,,,false,true,12,2018-08-01,2019-07-31,0
2018-11-30,38160,2019-07-31,1,,,,,,,,,,,,,,,,,,,,,,,,,,,,,,,,,2992245,34243,2958112,false,false,3,2018-08-01,2018-10-31,0
2018-11-30,38160,2018-07-31,1,,,,,,,,,,,,,,,,,,,,,,,,,,,,,,,,,,,2958792,false,false,3,2017-08-01,2017-10-31,-1
2019-02-28,38160,2019-07-31,2,1206000000,0.004,,,,,202000000,0.215,204000000,0.208,,136000000,,46.28,,,,,,4125000000,3457000000,0.838,1171.86,3457000000,,,,,,,,,,,,true,false,6,2018-08-01,2019-01-31,0
2019-02-28,38160,2018-07-31,2,1202000000,0.071,,,,,166000000,0.121,169000000,0.079,,114000000,,38.74,,,,,,,,,,,,,,,,,,,,,,true,false,6,2017-08-01,2018-01-31,-1
2019-02-28,38160,2019-07-31,2,2480000000,0.027,,,,,326000000,0.043,338000000,0.009,,231000000,,78.25,,,,,,,,,,,,,,,,,,,,,,true,true,12,2018-08-01,2019-07-31,0
2019-02-28,38160,2018-07-31,2,,,,,,,,,,,,,,,,,,,,4157000000,3427000000,0.824,1158.54,3427000000,,,,,,,,,,,,true,false,12,2017-08-01,2018-07-31,-1
2019-02-28,38160,2018-07-31,2,,,,,,,,,,,,,,,,,,,,,,,,,,,,,19.00,,,,2992245,33794,,false,false,12,2017-08-01,2018-07-31,-1
2019-02-28,38160,2019-07-31,2,,,,,,,,,,,,,,,,,,,,,,,,,,,,,0.00,,,,,,,false,false,12,2018-08-01,2019-07-31,0
2019-02-28,38160,2019-07-31,2,,,,,,,,,,,,,,,,,,,,,,,,,,,,,18.00,,,,,,,false,true,12,2018-08-01,2019-07-31,0
2019-02-28,38160,2019-07-31,2,,,,,,,,,,,,,,,,,,,,,,,,,,,,,,,,,2992245,42043,2957685,false,false,6,2018-08-01,2019-01-31,0
2019-02-28,38160,2018-07-31,2,,,,,,,,,,,,,,,,,,,,,,,,,,,,,,,,,,,2958738,false,false,6,2017-08-01,2018-01-31,-1
2019-05-31,38160,2019-07-31,3,1912000000,0.056,,,,,338000000,0.325,354000000,0.323,,229000000,,77.78,,,,,,4415000000,3597000000,0.815,1219.75,3597000000,,,,,,,,,,,,true,false,9,2018-08-01,2019-04-30,0
2019-05-31,38160,2018-07-31,3,1810000000,0.074,,,,,255000000,0.094,268000000,0.086,,177000000,,60.04,,,,,,,,,,,,,,,,,,,,,,true,false,9,2017-08-01,2018-04-30,-1
2019-05-31,38160,2019-07-31,3,2500000000,0.036,,,,,385000000,0.231,395000000,0.179,,265000000,,89.57,,,,,,,,,,,,,,,,,,,,,,true,true,12,2018-08-01,2019-07-31,0
2019-05-31,38160,2018-07-31,3,,,,,,,,,,,,,,,,,,,,4157000000,3427000000,0.824,1158.54,3427000000,,,,,,,,,,,,true,false,12,2017-08-01,2018-07-31,-1
2019-05-31,38160,2018-07-31,3,,,,,,,,,,,,,,,,,,,,,,,,,,,,,19.00,,,,2992245,33794,,false,false,12,2017-08-01,2018-07-31,-1
2019-05-31,38160,2019-07-31,3,,,,,,,,,,,,,,,,,,,,,,,,,,,,,0.00,,,,,,,false,false,12,2018-08-01,2019-07-31,0
2019-05-31,38160,2019-07-31,3,,,,,,,,,,,,,,,,,,,,,,,,,,,,,18.00,,,,,,,false,true,12,2018-08-01,2019-07-31,0
2019-05-31,38160,2019-07-31,3,,,,,,,,,,,,,,,,,,,,,,,,,,,,,,,,,2992245,42704,2955109,false,false,9,2018-08-01,2019-04-30,0
2019-05-31,38160,2018-07-31,3,,,,,,,,,,,,,,,,,,,,,,,,,,,,,,,,,,,2958664,false,false,9,2017-08-01,2018-04-30,-1
,38160,2019-07-31,,,,,,,,,,,,,,,,,,,,,,,,,,,,,,19.00,,,,,,,false,true,12,2018-08-01,2019-07-31,0
,38160,2019-07-31,,,,,,,,,,,,,,,,,,,,,,,,,,,,,,0.00,,,,,,,false,false,12,2018-08-01,2019-07-31,0
,38160,2018-07-31,,,,,,,,,,,,,,,,,,,,,,,,,,,,,,19.00,,,,,,,false,false,12,2017-08-01,2018-07-31,-1
2019-08-30,38160,2019-07-31,,2638000000,0.093,,,,,412000000,0.320,429000000,0.281,,282000000,,86.81,,0.080,0.098,0.156,,4547000000,3647000000,0.802,1124.16,3647000000,235000000,-48000000,-62000000,2121000000,,0.199,,,,,,true,false,12,2018-08-01,2019-07-31,0
2019-08-30,38160,2018-07-31,,2413000000,0.064,,,,,312000000,0.042,334000000,0.062,,230000000,,70.77,,0.069,0.083,0.130,,4157000000,3427000000,0.824,1053.22,3427000000,430000000,-14000000,-57000000,1998000000,,0.222,,,,,,true,false,12,2017-08-01,2018-07-31,-1
2019-08-30,38160,2020-07-31,,1270000000,0.052,,,,,205000000,0.014,210000000,0.028,,138000000,,42.47,,,,,,,,,,,,,,,,,,,,,,true,true,6,2019-08-01,2020-01-31,1
2019-08-30,38160,2020-07-31,,2670000000,0.012,,,,,420000000,0.018,430000000,0.002,,282000000,,86.95,,,,,,,,,,,,,,,,,,,,,,true,true,12,2019-08-01,2020-07-31,1
2019-08-30,38160,2019-07-31,,2489000000,0.088,,,,,372000000,0.292,393000000,0.248,257000000,,0.189,79.28,,,,,,4482000000,3617000000,0.807,1114.96,3617000000,,,,,19.00,,,,3291469,47126,3249063,false,false,12,2018-08-01,2019-07-31,0
2019-08-30,38160,2018-07-31,,2288000000,0.066,,,,,288000000,0.055,315000000,0.076,216000000,,0.070,66.54,,,,,,4147000000,3422000000,0.825,1051.57,3422000000,,,,,19.00,,,,3291469,37173,3254471,false,false,12,2017-08-01,2018-07-31,-1
2019-08-30,38160,2020-07-31,,,,,,,,,,,,,,,,,,,,,,,,,,,,,,18.00,,,,,,,false,true,12,2019-08-01,2020-07-31,1
2019-11-29,38160,2020-07-31,1,699000000,0.209,,,,,162000000,0.556,166000000,0.535,,110000000,,34.16,,,,,,4576000000,3705000000,0.810,1142.21,3705000000,,,,,,,,,,,,true,false,3,2019-08-01,2019-10-31,0
2019-11-29,38160,2019-07-31,1,578000000,0.020,,,,,104000000,0.146,108000000,0.152,,72000000,,22.39,,,,,,,,,,,,,,,,,,,,,,true,false,3,2018-08-01,2018-10-31,-1
2019-11-29,38160,2020-07-31,1,1270000000,0.052,,,,,205000000,0.014,210000000,0.028,,138000000,,42.47,,,,,,,,,,,,,,,,,,,,,,true,true,6,2019-08-01,2020-01-31,0
2019-11-29,38160,2020-07-31,1,2670000000,0.012,,,,,420000000,0.018,430000000,0.002,,282000000,,86.95,,,,,,,,,,,,,,,,,,,,,,true,true,12,2019-08-01,2020-07-31,0
2019-11-29,38160,2019-07-31,1,,,,,,,,,,,,,,,,,,,,4547000000,3647000000,0.802,1124.16,3647000000,,,,,,,,,,,,true,false,12,2018-08-01,2019-07-31,-1
2019-11-29,38160,2019-07-31,1,,,,,,,,,,,,,,,,,,,,,,,,,,,,,19.00,,,,3291469,47126,,false,false,12,2018-08-01,2019-07-31,-1
2019-11-29,38160,2020-07-31,1,,,,,,,,,,,,,,,,,,,,,,,,,,,,,18.00,,,,,,,false,true,12,2019-08-01,2020-07-31,0
2019-11-29,38160,2020-07-31,1,,,,,,,,,,,,,,,,,,,,,,,,,,,,,,,,,3291469,47660,3243891,false,false,3,2019-08-01,2019-10-31,0
2019-11-29,38160,2019-07-31,1,,,,,,,,,,,,,,,,,,,,,,,,,,,,,,,,,,,3253924,false,false,3,2018-08-01,2018-10-31,-1
2020-02-21,38160,2020-07-31,,1402000000,0.104,,,,,275000000,0.341,281000000,0.338,,182000000,,56.02,,,,,,,,,,,,,,,,,,,,,,true,true,6,2019-08-01,2020-01-31,0
2020-02-21,38160,2019-07-31,,1206000000,,,,,,202000000,,204000000,,,136000000,,42.13,,,,,,,,,,,,,,,,,,,,,,true,false,6,2018-08-01,2019-01-31,-1
2020-02-21,38160,2020-07-31,,2670000000,,,,,,450000000,0.071,460000000,0.070,,302000000,,92.95,,,,,,,,,,,,,,,,,,,,,,true,true,12,2019-08-01,2020-07-31,0
2020-02-21,38160,2019-07-31,,2638000000,,,,,,412000000,,429000000,,,282000000,,86.81,,,,,,,,,,,,,,,,,,,,,,true,false,12,2018-08-01,2019-07-31,-1
2020-02-28,38160,2020-07-31,2,1403000000,0.163,,,,,278000000,0.375,284000000,0.391,,189000000,,58.41,,,,,,4607000000,3778000000,0.820,1164.55,3778000000,,,,,,,,,,,,true,false,6,2019-08-01,2020-01-31,0
2020-02-28,38160,2019-07-31,2,1206000000,0.004,,,,,202000000,0.215,204000000,0.208,,136000000,,42.08,,,,,,,,,,,,,,,,,,,,,,true,false,6,2018-08-01,2019-01-31,-1
2020-02-28,38160,2020-07-31,2,2670000000,0.012,,,,,450000000,0.091,460000000,0.072,,302000000,,92.95,,,,,,,,,,,,,,,,,,,,,,true,true,12,2019-08-01,2020-07-31,0
2020-02-28,38160,2019-07-31,2,,,,,,,,,,,,,,,,,,,,4547000000,3647000000,0.802,1124.16,3647000000,,,,,,,,,,,,true,false,12,2018-08-01,2019-07-31,-1
2020-02-28,38160,2019-07-31,2,,,,,,,,,,,,,,,,,,,,,,,,,,,,,19.00,,,,3291469,47126,,false,false,12,2018-08-01,2019-07-31,-1
2020-02-28,38160,2020-07-31,2,,,,,,,,,,,,,,,,,,,,,,,,,,,,,0.00,,,,,,,false,false,12,2019-08-01,2020-07-31,0
2020-02-28,38160,2020-07-31,2,,,,,,,,,,,,,,,,,,,,,,,,,,,,,18.00,,,,,,,false,true,12,2019-08-01,2020-07-31,0
2020-02-28,38160,2020-07-31,2,,,,,,,,,,,,,,,,,,,,,,,,,,,,,,,,,3291469,46494,3244524,false,false,6,2019-08-01,2020-01-31,0
2020-02-28,38160,2019-07-31,2,,,,,,,,,,,,,,,,,,,,,,,,,,,,,,,,,,,3253454,false,false,6,2018-08-01,2019-01-31,-1
2020-05-29,38160,2020-07-31,3,2105000000,0.101,,,,,399000000,0.181,412000000,0.163,,271000000,,83.53,,,,,,4761000000,3894000000,0.818,1199.64,3894000000,,,,,,,,,,,,true,false,9,2019-08-01,2020-04-30,0
2020-05-29,38160,2019-07-31,3,1912000000,0.056,,,,,338000000,0.325,354000000,0.323,,229000000,,70.71,,,,,,,,,,,,,,,,,,,,,,true,false,9,2018-08-01,2019-04-30,-1
2020-05-29,38160,2020-07-31,3,2670000000,0.012,,,,,450000000,0.091,460000000,0.072,,302000000,,92.95,,,,,,,,,,,,,,,,,,,,,,true,true,12,2019-08-01,2020-07-31,0
2020-05-29,38160,2019-07-31,3,,,,,,,,,,,,,,,,,,,,4547000000,3647000000,0.802,1124.16,3647000000,,,,,,,,,,,,true,false,12,2018-08-01,2019-07-31,-1
2020-05-29,38160,2019-07-31,3,,,,,,,,,,,,,,,,,,,,,,,,,,,,,19.00,,,,3291469,47126,,false,false,12,2018-08-01,2019-07-31,-1
2020-05-29,38160,2020-07-31,3,,,,,,,,,,,,,,,,,,,,,,,,,,,,,0.00,,,,,,,false,false,12,2019-08-01,2020-07-31,0
2020-05-29,38160,2020-07-31,3,,,,,,,,,,,,,,,,,,,,,,,,,,,,,18.00,,,,,,,false,true,12,2019-08-01,2020-07-31,0
2020-05-29,38160,2020-07-31,3,,,,,,,,,,,,,,,,,,,,,,,,,,,,,,,,,3291469,44867,3244985,false,false,9,2019-08-01,2020-04-30,0
2020-05-29,38160,2019-07-31,3,,,,,,,,,,,,,,,,,,,,,,,,,,,,,,,,,,,3250620,false,false,9,2018-08-01,2019-04-30,-1
,38160,2020-07-31,,,,,,,,,,,,,,,,,,,,,,,,,,,,,,19.00,,,,,,,false,true,12,2019-08-01,2020-07-31,0
,38160,2020-07-31,,,,,,,,,,,,,,,,,,,,,,,,,,,,,,0.00,,,,,,,false,false,12,2019-08-01,2020-07-31,0
,38160,2019-07-31,,,,,,,,,,,,,,,,,,,,,,,,,,,,,,19.00,,,,,,,false,false,12,2018-08-01,2019-07-31,-1
2020-08-28,38160,2020-07-31,,2766000000,0.049,,,,,455000000,0.103,467000000,0.090,,313000000,,80.44,,0.082,0.100,0.164,,4849000000,3972000000,0.819,1019.66,3972000000,459000000,-79000000,-29000000,2468000000,,0.197,,,,,,true,false,12,2019-08-01,2020-07-31,0
2020-08-28,38160,2019-07-31,,2638000000,0.093,,,,,412000000,0.320,429000000,0.281,,282000000,,72.34,,0.080,0.098,0.156,,4547000000,3647000000,0.802,936.80,3647000000,235000000,-48000000,-62000000,2121000000,,0.199,,,,,,true,false,12,2018-08-01,2019-07-31,-1
2020-08-28,38160,2021-07-31,,1290000000,-0.081,,,,,225000000,-0.191,230000000,-0.191,,151000000,,38.98,,,,,,,,,,,,,,,,,,,,,,true,true,6,2020-08-01,2021-01-31,1
2020-08-28,38160,2021-07-31,,2640000000,-0.046,,,,,415000000,-0.088,425000000,-0.091,,280000000,,72.03,,,,,,,,,,,,,,,,,,,,,,true,true,12,2020-08-01,2021-07-31,1
2020-08-28,38160,2020-07-31,,2617000000,0.051,,,,,405000000,0.088,421000000,0.070,281000000,,0.094,72.35,,,,,,4761000000,3911000000,0.821,1003.90,3911000000,,,,,19.00,,,,3949762,53888,3894476,false,false,12,2019-08-01,2020-07-31,0
2020-08-28,38160,2019-07-31,,2489000000,0.088,,,,,372000000,0.292,393000000,0.248,257000000,,0.189,66.06,,,,,,4482000000,3617000000,0.807,929.13,3617000000,,,,,19.00,,,,3949762,56551,3898875,false,false,12,2018-08-01,2019-07-31,-1
2020-08-28,38160,2021-07-31,,,,,,,,,,,,,,,,,,,,,,,,,,,,,,16.00,,,,,,,false,true,12,2020-08-01,2021-07-31,1
2020-11-27,38160,2021-07-31,1,640000000,-0.083,,,,,140000000,-0.135,142000000,-0.146,,93000000,,24.11,,,,,,4805000000,3965000000,0.825,1018.24,3965000000,,,,,,,,,,,,true,false,3,2020-08-01,2020-10-31,0
2020-11-27,38160,2020-07-31,1,699000000,0.209,,,,,162000000,0.556,166000000,0.535,,110000000,,28.47,,,,,,,,,,,,,,,,,,,,,,true,false,3,2019-08-01,2019-10-31,-1
2020-11-27,38160,2021-07-31,1,1290000000,-0.081,,,,,225000000,-0.191,230000000,-0.191,,151000000,,38.98,,,,,,,,,,,,,,,,,,,,,,true,true,6,2020-08-01,2021-01-31,0
2020-11-27,38160,2021-07-31,1,2640000000,-0.046,,,,,415000000,-0.088,425000000,-0.091,,280000000,,72.03,,,,,,,,,,,,,,,,,,,,,,true,true,12,2020-08-01,2021-07-31,0
2020-11-27,38160,2020-07-31,1,,,,,,,,,,,,,,,,,,,,4849000000,3972000000,0.819,1019.66,3972000000,,,,,,,,,,,,true,false,12,2019-08-01,2020-07-31,-1
2020-11-27,38160,2020-07-31,1,,,,,,,,,,,,,,,,,,,,,,,,,,,,,19.00,,,,3949762,53888,,false,false,12,2019-08-01,2020-07-31,-1
2020-11-27,38160,2021-07-31,1,,,,,,,,,,,,,,,,,,,,,,,,,,,,,16.00,,,,,,,false,true,12,2020-08-01,2021-07-31,0
2020-11-27,38160,2021-07-31,1,,,,,,,,,,,,,,,,,,,,,,,,,,,,,,,,,3949762,55519,3894529,false,false,3,2020-08-01,2020-10-31,0
2020-11-27,38160,2020-07-31,1,,,,,,,,,,,,,,,,,,,,,,,,,,,,,,,,,,,3892670,false,false,3,2019-08-01,2019-10-31,-1
2021-02-26,38160,2021-07-31,2,1271000000,-0.094,,,,,262000000,-0.057,276000000,-0.026,,184000000,,47.32,,,,,,4914000000,4085000000,0.831,1048.27,4085000000,,,,,,,,,,,,true,false,6,2020-08-01,2021-01-31,0
2021-02-26,38160,2020-07-31,2,1403000000,0.163,,,,,278000000,0.375,284000000,0.391,,189000000,,48.67,,,,,,,,,,,,,,,,,,,,,,true,false,6,2019-08-01,2020-01-31,-1
2021-02-26,38160,2021-07-31,2,2640000000,-0.046,,,,,415000000,-0.088,425000000,-0.091,,280000000,,72.03,,,,,,,,,,,,,,,,,,,,,,true,true,12,2020-08-01,2021-07-31,0
2021-02-26,38160,2020-07-31,2,,,,,,,,,,,,,,,,,,,,4849000000,3972000000,0.819,1019.66,3972000000,,,,,,,,,,,,true,false,12,2019-08-01,2020-07-31,-1
2021-02-26,38160,2020-07-31,2,,,,,,,,,,,,,,,,,,,,,,,,,,,,,19.00,,,,3949762,53888,,false,false,12,2019-08-01,2020-07-31,-1
2021-02-26,38160,2021-07-31,2,,,,,,,,,,,,,,,,,,,,,,,,,,,,,0.00,,,,,,,false,false,12,2020-08-01,2021-07-31,0
2021-02-26,38160,2021-07-31,2,,,,,,,,,,,,,,,,,,,,,,,,,,,,,16.00,,,,,,,false,true,12,2020-08-01,2021-07-31,0
2021-02-26,38160,2021-07-31,2,,,,,,,,,,,,,,,,,,,,,,,,,,,,,,,,,3949762,52255,3895354,false,false,6,2020-08-01,2021-01-31,0
2021-02-26,38160,2020-07-31,2,,,,,,,,,,,,,,,,,,,,,,,,,,,,,,,,,,,3893428,false,false,6,2019-08-01,2020-01-31,-1
2021-05-28,3816,2021-07-31,3,1934000000,-0.081,,,,,399000000,0.001,429000000,0.042,,280000000,,71.92,,,,,,5071000000,4195000000,0.827,1076.46,4195000000,,,,,,,,,,,,true,false,9,2020-08-01,2021-04-30,0
2021-05-28,3816,2020-07-31,3,2105000000,0.101,,,,,399000000,0.181,412000000,0.163,,271000000,,69.61,,,,,,,,,,,,,,,,,,,,,,true,false,9,2019-08-01,2020-04-30,-1
2021-05-28,3816,2021-07-31,3,2640000000,-0.046,,,,,430000000,-0.055,443000000,-0.053,,292000000,,74.98,,,,,,,,,,,,,,,,,,,,,,true,true,12,2020-08-01,2021-07-31,0
2021-05-28,3816,2020-07-31,3,,,,,,,,,,,,,,,,,,,,4849000000,3972000000,0.819,1019.66,3972000000,,,,,,,,,,,,true,false,12,2019-08-01,2020-07-31,-1
2021-05-28,3816,2020-07-31,3,,,,,,,,,,,,,,,,,,,,,,,,,,,,,19.00,,,,3949762,53888,,false,false,12,2019-08-01,2020-07-31,-1
2021-05-28,3816,2021-07-31,3,,,,,,,,,,,,,,,,,,,,,,,,,,,,,0.00,,,,,,,false,false,12,2020-08-01,2021-07-31,0
2021-05-28,3816,2021-07-31,3,,,,,,,,,,,,,,,,,,,,,,,,,,,,,16.00,,,,,,,false,true,12,2020-08-01,2021-07-31,0
2021-05-28,3816,2021-07-31,3,,,,,,,,,,,,,,,,,,,,,,,,,,,,,,,,,3949762,52536,3896016,false,false,9,2020-08-01,2021-04-30,0
2021-05-28,3816,2020-07-31,3,,,,,,,,,,,,,,,,,,,,,,,,,,,,,,,,,,,3893982,false,false,9,2019-08-01,2020-04-30,-1
,38160,2021-07-31,,,,,,,,,,,,,,,,,,,,,,,,,,,,,,17.00,,,,,,,false,true,12,2020-08-01,2021-07-31,0
,38160,2021-07-31,,,,,,,,,,,,,,,,,,,,,,,,,,,,,,0.00,,,,,,,false,false,12,2020-08-01,2021-07-31,0
,38160,2020-07-31,,,,,,,,,,,,,,,,,,,,,,,,,,,,,,19.00,,,,,,,false,false,12,2019-08-01,2020-07-31,-1
2021-08-27,3816,2021-07-31,,2611000000,-0.056,,,,,461000000,0.013,496000000,0.061,,328000000,,84.41,,0.080,0.099,0.177,,5153000000,4254000000,0.825,1091.65,4254000000,383000000,-14000000,-64000000,2777000000,,0.201,,,,,,true,false,12,2020-08-01,2021-07-31,0
2021-08-27,3816,2020-07-31,,2766000000,0.049,,,,,455000000,0.103,467000000,0.090,,313000000,,80.44,,0.082,0.100,0.164,,4849000000,3972000000,0.819,1019.66,3972000000,459000000,-79000000,-29000000,2468000000,,0.197,,,,,,true,false,12,2019-08-01,2020-07-31,-1
2021-08-27,3816,2022-07-31,,1350000000,0.062,,,,,230000000,-0.123,235000000,-0.151,,153000000,,39.50,,,,,,,,,,,,,,,,,,,,,,true,true,6,2021-08-01,2022-01-31,1
2021-08-27,3816,2022-07-31,,2720000000,0.042,,,,,465000000,0.008,480000000,-0.033,,314000000,,80.69,,,,,,,,,,,,,,,,0.211,,,,,,true,true,12,2021-08-01,2022-07-31,1
2021-08-27,3816,2021-07-31,,2488000000,-0.049,,,,,406000000,0.002,446000000,0.059,294000000,,0.046,75.65,,,,,,5027000000,4158000000,0.827,1067.15,4158000000,,,,,17.00,,,,3949762,52761,3896275,false,false,12,2020-08-01,2021-07-31,0
2021-08-27,3816,2020-07-31,,2617000000,0.051,,,,,405000000,0.088,421000000,0.070,281000000,,0.094,72.35,,,,,,4761000000,3911000000,0.821,1003.90,3911000000,,,,,19.00,,,,3949762,53888,3894476,false,false,12,2019-08-01,2020-07-31,-1
2021-08-27,3816,2022-07-31,,,,,,,,,,,,,,,,,,,,,,,,,,,,,,17.00,,,,,,,false,true,12,2021-08-01,2022-07-31,1
2021-11-26,3816,2022-07-31,1,685000000,0.069,,,,,143000000,0.023,151000000,0.059,,102000000,,26.25,,,,,,5150000000,4284000000,0.832,1099.55,4284000000,,,,,,,,,,,,true,false,3,2021-08-01,2021-10-31,0
2021-11-26,3816,2021-07-31,1,640000000,-0.083,,,,,140000000,-0.135,142000000,-0.146,,93000000,,24.11,,,,,,,,,,,,,,,,,,,,,,true,false,3,2020-08-01,2020-10-31,-1
2021-11-26,3816,2022-07-31,1,1350000000,0.062,,,,,230000000,-0.123,235000000,-0.151,,153000000,,39.50,,,,,,,,,,,,,,,,,,,,,,true,true,6,2021-08-01,2022-01-31,0
2021-11-26,3816,2022-07-31,1,2720000000,0.042,,,,,465000000,0.008,480000000,-0.033,,314000000,,80.69,,,,,,,,,,,,,,,,,,,,,,true,true,12,2021-08-01,2022-07-31,0
2021-11-26,3816,2021-07-31,1,,,,,,,,,,,,,,,,,,,,5153000000,4254000000,0.825,1091.65,4254000000,,,,,,,,,,,,true,false,12,2020-08-01,2021-07-31,-1
2021-11-26,3816,2021-07-31,1,,,,,,,,,,,,,,,,,,,,,,,,,,,,,17.00,,,,3949762,52761,,false,false,12,2020-08-01,2021-07-31,-1
2021-11-26,3816,2022-07-31,1,,,,,,,,,,,,,,,,,,,,,,,,,,,,,17.00,,,,,,,false,true,12,2021-08-01,2022-07-31,0
2021-11-26,3816,2022-07-31,1,,,,,,,,,,,,,,,,,,,,,,,,,,,,,,,,,3949762,53005,3896880,false,false,3,2021-08-01,2021-10-31,0
2021-11-26,3816,2021-07-31,1,,,,,,,,,,,,,,,,,,,,,,,,,,,,,,,,,,,3894529,false,false,3,2020-08-01,2020-10-31,-1
2022-02-25,3816,2022-07-31,2,1467000000,0.154,,,,,278000000,0.062,289000000,0.045,,195000000,,50.11,,,,,,5193000000,4297000000,0.827,1108.82,4297000000,,,,,,,,,,,,true,false,6,2021-08-01,2022-01-31,0
2022-02-25,3816,2021-07-31,2,1271000000,-0.094,,,,,262000000,-0.057,276000000,-0.026,,184000000,,47.32,,,,,,,,,,,,,,,,,,,,,,true,false,6,2020-08-01,2021-01-31,-1
2022-02-25,3816,2022-07-31,2,2720000000,0.042,,,,,465000000,0.008,480000000,-0.033,,314000000,,80.69,,,,,,,,,,,,,,,,,,,,,,true,true,12,2021-08-01,2022-07-31,0
2022-02-25,3816,2021-07-31,2,,,,,,,,,,,,,,,,,,,,5153000000,4254000000,0.825,1091.65,4254000000,,,,,,,,,,,,true,false,12,2020-08-01,2021-07-31,-1
2022-02-25,3816,2021-07-31,2,,,,,,,,,,,,,,,,,,,,,,,,,,,,,17.00,,,,3949762,52761,,false,false,12,2020-08-01,2021-07-31,-1
2022-02-25,3816,2022-07-31,2,,,,,,,,,,,,,,,,,,,,,,,,,,,,,0.00,,,,,,,false,false,12,2021-08-01,2022-07-31,0
2022-02-25,3816,2022-07-31,2,,,,,,,,,,,,,,,,,,,,,,,,,,,,,17.00,,,,,,,false,true,12,2021-08-01,2022-07-31,0
2022-02-25,3816,2022-07-31,2,,,,,,,,,,,,,,,,,,,,,,,,,,,,,,,,,3949762,74184,3892367,false,false,6,2021-08-01,2022-01-31,0
2022-02-25,3816,2021-07-31,2,,,,,,,,,,,,,,,,,,,,,,,,,,,,,,,,,,,3895354,false,false,6,2020-08-01,2021-01-31,-1
2022-05-27,3816,2022-07-31,3,2203000000,0.139,,,,,408000000,0.023,433000000,0.008,,282000000,,72.61,,,,,,5300000000,4359000000,0.823,1126.11,4359000000,,,,,,,,,,,,true,false,9,2021-08-01,2022-04-30,0
2022-05-27,3816,2021-07-31,3,1934000000,-0.081,,,,,399000000,0.001,429000000,0.042,,280000000,,71.92,,,,,,,,,,,,,,,,,,,,,,true,false,9,2020-08-01,2021-04-30,-1
2022-05-27,3816,2022-07-31,3,2720000000,0.042,,,,,465000000,0.008,480000000,-0.033,,314000000,,80.69,,,,,,,,,,,,,,,,,,,,,,true,true,12,2021-08-01,2022-07-31,0
2022-05-27,3816,2021-07-31,3,,,,,,,,,,,,,,,,,,,,5153000000,4254000000,0.825,1091.65,4254000000,,,,,,,,,,,,true,false,12,2020-08-01,2021-07-31,-1
2022-05-27,3816,2021-07-31,3,,,,,,,,,,,,,,,,,,,,,,,,,,,,,17.00,,,,3949762,52761,,false,false,12,2020-08-01,2021-07-31,-1
2022-05-27,3816,2022-07-31,3,,,,,,,,,,,,,,,,,,,,,,,,,,,,,0.00,,,,,,,false,false,12,2021-08-01,2022-07-31,0
2022-05-27,3816,2022-07-31,3,,,,,,,,,,,,,,,,,,,,,,,,,,,,,17.00,,,,,,,false,true,12,2021-08-01,2022-07-31,0
2022-05-27,3816,2022-07-31,3,,,,,,,,,,,,,,,,,,,,,,,,,,,,,,,,,3949762,78345,3886269,false,false,9,2021-08-01,2022-04-30,0
2022-05-27,3816,2021-07-31,3,,,,,,,,,,,,,,,,,,,,,,,,,,,,,,,,,,,3896016,false,false,9,2020-08-01,2021-04-30,-1
2022-08-26,3816,2022-07-31,,2877000000,0.102,,,,,471000000,0.023,507000000,0.022,,339000000,,87.46,,0.078,0.098,0.164,,5245000000,4408000000,0.840,1138.79,4408000000,283000000,-20000000,-93000000,2980000000,,0.194,,,,,,true,false,12,2021-08-01,2022-07-31,0
2022-08-26,3816,2021-07-31,,2611000000,-0.056,,,,,461000000,0.013,496000000,0.061,,328000000,,84.41,,0.080,0.099,0.177,,5153000000,4254000000,0.825,1091.65,4254000000,383000000,-14000000,-64000000,2777000000,,0.201,,,,,,true,false,12,2020-08-01,2021-07-31,-1
2022-08-26,3816,2023-07-31,,1365000000,-0.070,,,,,230000000,-0.174,240000000,-0.170,,160000000,,41.42,,,,,,,,,,,,,,,,,,,,,,true,true,6,2022-08-01,2023-01-31,1
2022-08-26,3816,2023-07-31,,2920000000,0.015,,,,,480000000,0.018,500000000,-0.014,,335000000,,86.28,,,,,,,,,,,,,,,,0.197,,,,,,true,true,12,2022-08-01,2023-07-31,1
2022-08-26,3816,2022-07-31,,2763000000,0.110,,,,,446000000,0.097,486000000,0.090,324000000,,0.102,83.63,,,,,,5121000000,4298000000,0.839,1110.29,4298000000,,,,,17.00,,,,3949762,78417,3882518,false,false,12,2021-08-01,2022-07-31,0
2022-08-26,3816,2021-07-31,,2488000000,-0.049,,,,,406000000,0.002,446000000,0.059,294000000,,0.046,75.65,,,,,,5027000000,4158000000,0.827,1067.15,4158000000,,,,,17.00,,,,3949762,52761,3896275,false,false,12,2020-08-01,2021-07-31,-1
2022-08-26,3816,2023-07-31,,,,,,,,,,,,,,,,,,,,,,,,,,,,,,17.00,,,,,,,false,true,12,2022-08-01,2023-07-31,1
2022-11-25,3816,2023-07-31,1,627000000,-0.084,,,,,100000000,-0.303,123000000,-0.183,,82000000,,21.29,,,,,,5240000000,4458000000,0.851,1151.72,4458000000,,,,,,,,,,,,true,false,3,2022-08-01,2022-10-31,0
2022-11-25,3816,2022-07-31,1,685000000,0.069,,,,,143000000,0.023,151000000,0.059,,102000000,,26.25,,,,,,,,,,,,,,,,,,,,,,true,false,3,2021-08-01,2021-10-31,-1
2022-11-25,3816,2023-07-31,1,1365000000,-0.070,,,,,230000000,-0.174,240000000,-0.170,,160000000,,41.42,,,,,,,,,,,,,,,,,,,,,,true,true,6,2022-08-01,2023-01-31,0
2022-11-25,3816,2023-07-31,1,2920000000,0.015,,,,,480000000,0.018,500000000,-0.014,,335000000,,86.28,,,,,,,,,,,,,,,,,,,,,,true,true,12,2022-08-01,2023-07-31,0
2022-11-25,3816,2022-07-31,1,,,,,,,,,,,,,,,,,,,,5245000000,4408000000,0.840,1138.79,4408000000,,,,,,,,,,,,true,false,12,2021-08-01,2022-07-31,-1
2022-11-25,3816,2022-07-31,1,,,,,,,,,,,,,,,,,,,,,,,,,,,,,17.00,,,,3949762,78417,,false,false,12,2021-08-01,2022-07-31,-1
2022-11-25,3816,2023-07-31,1,,,,,,,,,,,,,,,,,,,,,,,,,,,,,17.00,,,,,,,false,true,12,2022-08-01,2023-07-31,0
2022-11-25,3816,2023-07-31,1,,,,,,,,,,,,,,,,,,,,,,,,,,,,,,,,,3949762,78597,3871285,false,false,3,2022-08-01,2022-10-31,0
2022-11-25,3816,2022-07-31,1,,,,,,,,,,,,,,,,,,,,,,,,,,,,,,,,,,,3896880,false,false,3,2021-08-01,2021-10-31,-1
2023-03-03,3816,2023-07-31,2,1331000000,-0.093,,,,,241000000,-0.133,240000000,-0.168,,162000000,,41.97,,,,,,5233000000,4517000000,0.863,1165.32,4517000000,,,,,,,,,,,,true,false,6,2022-08-01,2023-01-31,0
2023-03-03,3816,2022-07-31,2,1467000000,0.154,,,,,278000000,0.062,289000000,0.045,,195000000,,50.11,,,,,,,,,,,,,,,,,,,,,,true,false,6,2021-08-01,2022-01-31,-1
2023-03-03,3816,2023-07-31,2,2920000000,0.015,,,,,480000000,0.018,500000000,-0.014,,335000000,,86.28,,,,,,,,,,,,,,,,,,,,,,true,true,12,2022-08-01,2023-07-31,0
2023-03-03,3816,2022-07-31,2,,,,,,,,,,,,,,,,,,,,5245000000,4408000000,0.840,1138.79,4408000000,,,,,,,,,,,,true,false,12,2021-08-01,2022-07-31,-1
2023-03-03,3816,2022-07-31,2,,,,,,,,,,,,,,,,,,,,,,,,,,,,,17.00,,,,3949762,78417,,false,false,12,2021-08-01,2022-07-31,-1
2023-03-03,3816,2023-07-31,2,,,,,,,,,,,,,,,,,,,,,,,,,,,,,0.00,,,,,,,false,false,12,2022-08-01,2023-07-31,0
2023-03-03,3816,2023-07-31,2,,,,,,,,,,,,,,,,,,,,,,,,,,,,,17.00,,,,,,,false,true,12,2022-08-01,2023-07-31,0
2023-03-03,3816,2023-07-31,2,,,,,,,,,,,,,,,,,,,,,,,,,,,,,,,,,3949762,73441,3872789,false,false,6,2022-08-01,2023-01-31,0
2023-03-03,3816,2022-07-31,2,,,,,,,,,,,,,,,,,,,,,,,,,,,,,,,,,,,3892367,false,false,6,2021-08-01,2022-01-31,-1
2023-06-09,3816,2023-07-31,3,2119000000,-0.038,,,,,410000000,0.005,427000000,-0.014,,278000000,,71.77,,,,,,5664000000,4673000000,0.825,1205.59,4673000000,,,,,,,,,,,,true,false,9,2022-08-01,2023-04-30,0
2023-06-09,3816,2022-07-31,3,2203000000,0.139,,,,,408000000,0.023,433000000,0.008,,282000000,,72.61,,,,,,,,,,,,,,,,,,,,,,true,false,9,2021-08-01,2022-04-30,-1
2023-06-09,3816,2023-07-31,3,2920000000,0.015,,,,,480000000,0.018,500000000,-0.014,,335000000,,86.28,,,,,,,,,,,,,,,,,,,,,,true,true,12,2022-08-01,2023-07-31,0
2023-06-09,3816,2022-07-31,3,,,,,,,,,,,,,,,,,,,,5245000000,4408000000,0.840,1138.79,4408000000,,,,,,,,,,,,true,false,12,2021-08-01,2022-07-31,-1
2023-06-09,3816,2022-07-31,3,,,,,,,,,,,,,,,,,,,,,,,,,,,,,17.00,,,,3949762,78417,,false,false,12,2021-08-01,2022-07-31,-1
2023-06-09,3816,2023-07-31,3,,,,,,,,,,,,,,,,,,,,,,,,,,,,,0.00,,,,,,,false,false,12,2022-08-01,2023-07-31,0
2023-06-09,3816,2023-07-31,3,,,,,,,,,,,,,,,,,,,,,,,,,,,,,17.00,,,,,,,false,true,12,2022-08-01,2023-07-31,0
2023-06-09,3816,2023-07-31,3,,,,,,,,,,,,,,,,,,,,,,,,,,,,,,,,,3949762,73479,3873938,false,false,9,2022-08-01,2023-04-30,0
2023-06-09,3816,2022-07-31,3,,,,,,,,,,,,,,,,,,,,,,,,,,,,,,,,,,,3886269,false,false,9,2021-08-01,2022-04-30,-1
2023-09-01,3816,2023-07-31,,3005000000,0.044,,,,,503000000,0.068,515000000,0.016,,329000000,,84.92,,0.072,0.094,0.168,,5759000000,4783000000,0.831,1234.09,4783000000,324000000,-130000000,-121000000,3062000000,,0.212,,,,,,true,false,12,2022-08-01,2023-07-31,0
2023-09-01,3816,2022-07-31,,2877000000,0.102,,,,,471000000,0.023,507000000,0.022,,339000000,,87.46,,0.078,0.098,0.164,,5245000000,4408000000,0.840,1138.79,4408000000,283000000,-20000000,-93000000,2980000000,,0.194,,,,,,true,false,12,2021-08-01,2022-07-31,-1
2023-09-01,3816,2024-07-31,,1464000000,0.100,,,,,242000000,0.004,242000000,0.009,,158000000,,40.96,,,,,,,,,,,,,,,,,,,,,,true,true,6,2023-08-01,2024-01-31,1
2023-09-01,3816,2024-07-31,,3050000000,0.015,,,,,510000000,0.013,522000000,0.013,,341000000,,88.08,,,,,,,,,,,,,,,,0.204,,,,,,true,true,12,2023-08-01,2024-07-31,1
2023-09-01,3816,2023-07-31,,2873000000,0.040,,,,,492000000,0.103,506000000,0.042,328000000,,0.011,84.74,,,,,,5555000000,4672000000,0.841,1205.45,4672000000,,,,,18.00,,,,3949762,73673,3874506,false,false,12,2022-08-01,2023-07-31,0
2023-09-01,3816,2022-07-31,,2763000000,0.110,,,,,446000000,0.097,486000000,0.090,324000000,,0.102,83.63,,,,,,5121000000,4298000000,0.839,1110.29,4298000000,,,,,17.00,,,,3949762,78417,3882518,false,false,12,2021-08-01,2022-07-31,-1
2023-09-01,3816,2024-07-31,,,,,,,,,,,,,,,,,,,,,,,,,,,,,,18.00,,,,,,,false,true,12,2023-08-01,2024-07-31,1
2023-12-01,3816,2024-07-31,1,823000000,0.313,,,,,189000000,0.889,205000000,0.667,,136000000,,35.32,,,,,,5810000000,4856000000,0.836,1253.06,4856000000,,,,,,,,,,,,true,false,3,2023-08-01,2023-10-31,0
2023-12-01,3816,2023-07-31,1,627000000,-0.084,,,,,100000000,-0.303,123000000,-0.183,,82000000,,21.29,,,,,,,,,,,,,,,,,,,,,,true,false,3,2022-08-01,2022-10-31,-1
2023-12-01,3816,2024-07-31,1,1464000000,0.100,,,,,242000000,0.004,242000000,0.009,,158000000,,40.96,,,,,,,,,,,,,,,,,,,,,,true,true,6,2023-08-01,2024-01-31,0
2023-12-01,3816,2024-07-31,1,3050000000,0.015,,,,,510000000,0.013,522000000,0.013,,341000000,,88.08,,,,,,,,,,,,,,,,,,,,,,true,true,12,2023-08-01,2024-07-31,0
2023-12-01,3816,2023-07-31,1,,,,,,,,,,,,,,,,,,,,5759000000,4783000000,0.831,1234.09,4783000000,,,,,,,,,,,,true,false,12,2022-08-01,2023-07-31,-1
2023-12-01,3816,2023-07-31,1,,,,,,,,,,,,,,,,,,,,,,,,,,,,,18.00,,,,3949762,73673,,false,false,12,2022-08-01,2023-07-31,-1
2023-12-01,3816,2024-07-31,1,,,,,,,,,,,,,,,,,,,,,,,,,,,,,18.00,,,,,,,false,true,12,2023-08-01,2024-07-31,0
2023-12-01,3816,2024-07-31,1,,,,,,,,,,,,,,,,,,,,,,,,,,,,,,,,,3949762,73725,3876048,false,false,3,2023-08-01,2023-10-31,0
2023-12-01,3816,2023-07-31,1,,,,,,,,,,,,,,,,,,,,,,,,,,,,,,,,,,,3871285,false,false,3,2022-08-01,2022-10-31,-1
2024-02-22,38160,2024-07-31,,1643000000,0.123,,,,,329000000,0.362,345000000,0.423,,173000000,,44.83,,,,,,,,,,,,,,,,,,,,,,true,true,6,2023-08-01,2024-01-31,0
2024-02-22,38160,2023-07-31,,1331000000,,,,,,241000000,,240000000,,,162000000,,41.97,,,,,,,,,,,,,,,,,,,,,,true,false,6,2022-08-01,2023-01-31,-1
2024-02-29,38160,2024-07-31,,3140000000,0.030,,,,,560000000,0.098,580000000,0.111,,341000000,,88.14,,,,,,,,,,,,,,,,,,,,,,true,true,12,2023-08-01,2024-07-31,0
2024-02-29,38160,2023-07-31,,3005000000,,,,,,503000000,,515000000,,,329000000,,84.92,,,,,,,,,,,,,,,,,,,,,,true,false,12,2022-08-01,2023-07-31,-1
2024-03-01,3816,2024-07-31,2,1643000000,0.235,,,,,329000000,0.367,345000000,0.435,,173000000,,44.81,,,,,,5822000000,4906000000,0.843,1265.93,4906000000,,,,,,,,,,,,true,false,6,2023-08-01,2024-01-31,0
2024-03-01,3816,2023-07-31,2,1331000000,-0.093,,,,,241000000,-0.133,240000000,-0.168,,162000000,,41.97,,,,,,,,,,,,,,,,,,,,,,true,false,6,2022-08-01,2023-01-31,-1
2024-03-01,3816,2024-07-31,2,3140000000,0.045,,,,,560000000,0.112,580000000,0.126,,341000000,,88.14,,,,,,,,,,,,,,,,,,,,,,true,true,12,2023-08-01,2024-07-31,0
2024-03-01,3816,2023-07-31,2,,,,,,,,,,,,,,,,,,,,5759000000,4783000000,0.831,1234.09,4783000000,,,,,,,,,,,,true,false,12,2022-08-01,2023-07-31,-1
2024-03-01,3816,2023-07-31,2,,,,,,,,,,,,,,,,,,,,,,,,,,,,,18.00,,,,3949762,73673,,false,false,12,2022-08-01,2023-07-31,-1
2024-03-01,3816,2024-07-31,2,,,,,,,,,,,,,,,,,,,,,,,,,,,,,0.00,,,,,,,false,false,12,2023-08-01,2024-07-31,0
2024-03-01,3816,2024-07-31,2,,,,,,,,,,,,,,,,,,,,,,,,,,,,,18.00,,,,,,,false,true,12,2023-08-01,2024-07-31,0
2024-03-01,3816,2024-07-31,2,,,,,,,,,,,,,,,,,,,,,,,,,,,,,,,,,3949762,73955,3875982,false,false,6,2023-08-01,2024-01-31,0
2024-03-01,3816,2023-07-31,2,,,,,,,,,,,,,,,,,,,,,,,,,,,,,,,,,,,3872789,false,false,6,2022-08-01,2023-01-31,-1
2024-06-07,3816,2024-07-31,3,2457000000,0.159,,,,,455000000,0.110,496000000,0.162,,268000000,,69.31,,,,,,5995000000,5005000000,0.835,1291.40,5005000000,,,,,,,,,,,,true,false,9,2023-08-01,2024-04-30,0
2024-06-07,3816,2023-07-31,3,2119000000,-0.038,,,,,410000000,0.005,427000000,-0.014,,278000000,,71.77,,,,,,,,,,,,,,,,,,,,,,true,false,9,2022-08-01,2023-04-30,-1
2024-06-07,3816,2024-07-31,3,3140000000,0.045,,,,,560000000,0.112,580000000,0.126,,341000000,,88.14,,,,,,,,,,,,,,,,,,,,,,true,true,12,2023-08-01,2024-07-31,0
2024-06-07,3816,2023-07-31,3,,,,,,,,,,,,,,,,,,,,5759000000,4783000000,0.831,1234.09,4783000000,,,,,,,,,,,,true,false,12,2022-08-01,2023-07-31,-1
2024-06-07,3816,2023-07-31,3,,,,,,,,,,,,,,,,,,,,,,,,,,,,,18.00,,,,3949762,73673,,false,false,12,2022-08-01,2023-07-31,-1
2024-06-07,3816,2024-07-31,3,,,,,,,,,,,,,,,,,,,,,,,,,,,,,0.00,,,,,,,false,false,12,2023-08-01,2024-07-31,0
2024-06-07,3816,2024-07-31,3,,,,,,,,,,,,,,,,,,,,,,,,,,,,,18.00,,,,,,,false,true,12,2023-08-01,2024-07-31,0
2024-06-07,3816,2024-07-31,3,,,,,,,,,,,,,,,,,,,,,,,,,,,,,,,,,3949762,74039,3875913,false,false,9,2023-08-01,2024-04-30,0
2024-06-07,3816,2023-07-31,3,,,,,,,,,,,,,,,,,,,,,,,,,,,,,,,,,,,3873938,false,false,9,2022-08-01,2023-04-30,-1
2024-09-06,3816,2024-07-31,,3291000000,0.095,,,,,565000000,0.122,600000000,0.166,,342000000,,88.29,,0.069,0.101,0.172,,6121000000,5101000000,0.833,1316.16,5101000000,593000000,79000000,-76000000,3675000000,,0.215,,,,,,true,false,12,2023-08-01,2024-07-31,0
2024-09-06,3816,2023-07-31,,3005000000,0.044,,,,,503000000,0.068,515000000,0.016,,329000000,,84.92,,0.072,0.094,0.168,,5759000000,4783000000,0.831,1234.09,4783000000,324000000,-130000000,-121000000,3062000000,,0.212,,,,,,true,false,12,2022-08-01,2023-07-31,-1
2024-09-06,3816,2025-07-31,,1595000000,-0.029,,,,,285000000,-0.134,294000000,-0.147,,188000000,,48.64,,,,,,,,,,,,,,,,,,,,,,true,true,6,2024-08-01,2025-01-31,1
2024-09-06,3816,2025-07-31,,3345000000,0.016,,,,,575000000,0.018,604000000,0.007,,387000000,,99.88,,,,,,,,,,,,,,,,0.190,,,,,,true,true,12,2024-08-01,2025-07-31,1
2024-09-06,3816,2024-07-31,,3111000000,0.083,,,,,562000000,0.143,551000000,0.088,315000000,,-0.038,81.48,,,,,,5902000000,4963000000,0.841,1280.70,4963000000,,,,,19.00,,,,3949762,74059,3875862,false,false,12,2023-08-01,2024-07-31,0
2024-09-06,3816,2023-07-31,,2873000000,0.040,,,,,492000000,0.103,506000000,0.042,328000000,,0.011,84.74,,,,,,5555000000,4672000000,0.841,1205.45,4672000000,,,,,18.00,,,,3949762,73673,3874506,false,false,12,2022-08-01,2023-07-31,-1
2024-09-06,3816,2025-07-31,,,,,,,,,,,,,,,,,,,,,,,,,,,,,,19.00,,,,,,,false,true,12,2024-08-01,2025-07-31,1
2024-12-06,3816,2025-07-31,1,755000000,-0.082,,,,,133000000,-0.295,138000000,-0.328,,88000000,,22.73,,,,,,6057000000,5128000000,0.847,1323.20,5128000000,,,,,,,,,,,,true,false,3,2024-08-01,2024-10-31,0
2024-12-06,3816,2024-07-31,1,823000000,0.313,,,,,189000000,0.889,205000000,0.667,,136000000,,35.32,,,,,,,,,,,,,,,,,,,,,,true,false,3,2023-08-01,2023-10-31,-1
2024-12-06,3816,2025-07-31,1,1595000000,-0.029,,,,,285000000,-0.134,294000000,-0.147,,188000000,,48.64,,,,,,,,,,,,,,,,,,,,,,true,true,6,2024-08-01,2025-01-31,0
2024-12-06,3816,2025-07-31,1,3345000000,0.016,,,,,575000000,0.018,604000000,0.007,,387000000,,99.88,,,,,,,,,,,,,,,,,,,,,,true,true,12,2024-08-01,2025-07-31,0
2024-12-06,3816,2024-07-31,1,,,,,,,,,,,,,,,,,,,,6121000000,5101000000,0.833,1316.16,5101000000,,,,,,,,,,,,true,false,12,2023-08-01,2024-07-31,-1
2024-12-06,3816,2024-07-31,1,,,,,,,,,,,,,,,,,,,,,,,,,,,,,19.00,,,,3949762,74059,,false,false,12,2023-08-01,2024-07-31,-1
2024-12-06,3816,2025-07-31,1,,,,,,,,,,,,,,,,,,,,,,,,,,,,,19.00,,,,,,,false,true,12,2024-08-01,2025-07-31,0
2024-12-06,3816,2025-07-31,1,,,,,,,,,,,,,,,,,,,,,,,,,,,,,,,,,3949762,74119,3875670,false,false,3,2024-08-01,2024-10-31,0
2024-12-06,3816,2024-07-31,1,,,,,,,,,,,,,,,,,,,,,,,,,,,,,,,,,,,3876048,false,false,3,2023-08-01,2023-10-31,-1
2025-03-07,3816,2025-07-31,2,1579000000,-0.039,,,,,308000000,-0.066,316000000,-0.085,,210000000,,54.26,,,,,,6145000000,5258000000,0.856,1356.87,5258000000,,,,,,,,,,,,true,false,6,2024-08-01,2025-01-31,0
2025-03-07,3816,2024-07-31,2,1643000000,0.235,,,,,329000000,0.367,345000000,0.435,,173000000,,44.81,,,,,,,,,,,,,,,,,,,,,,true,false,6,2023-08-01,2024-01-31,-1
2025-03-07,3816,2025-07-31,2,3196000000,-0.029,,,,,575000000,0.018,604000000,0.007,,387000000,,99.88,,,,,,,,,,,,,,,,,,,,,,true,true,12,2024-08-01,2025-07-31,0
2025-03-07,3816,2024-07-31,2,,,,,,,,,,,,,,,,,,,,6121000000,5101000000,0.833,1316.16,5101000000,,,,,,,,,,,,true,false,12,2023-08-01,2024-07-31,-1
2025-03-07,3816,2024-07-31,2,,,,,,,,,,,,,,,,,,,,,,,,,,,,,19.00,,,,3949762,74059,,false,false,12,2023-08-01,2024-07-31,-1
2025-03-07,3816,2025-07-31,2,,,,,,,,,,,,,,,,,,,,,,,,,,,,,0.00,,,,,,,false,false,12,2024-08-01,2025-07-31,0
2025-03-07,3816,2025-07-31,2,,,,,,,,,,,,,,,,,,,,,,,,,,,,,19.00,,,,,,,false,true,12,2024-08-01,2025-07-31,0
2025-03-07,3816,2025-07-31,2,,,,,,,,,,,,,,,,,,,,,,,,,,,,,,,,,3949762,74451,3875548,false,false,6,2024-08-01,2025-01-31,0
2025-03-07,3816,2024-07-31,2,,,,,,,,,,,,,,,,,,,,,,,,,,,,,,,,,,,3875982,false,false,6,2023-08-01,2024-01-31,-1
2025-06-06,3816,2025-07-31,3,2396000000,-0.025,,,,,442000000,-0.029,447000000,-0.099,,299000000,,77.24,,,,,,6173000000,5298000000,0.858,1367.37,5298000000,,,,,,,,,,,,true,false,9,2024-08-01,2025-04-30,0
2025-06-06,3816,2024-07-31,3,2457000000,0.159,,,,,455000000,0.110,496000000,0.162,,268000000,,69.31,,,,,,,,,,,,,,,,,,,,,,true,false,9,2023-08-01,2024-04-30,-1
2025-06-06,3816,2025-07-31,3,3196000000,-0.029,,,,,575000000,0.018,604000000,0.007,,387000000,,99.88,,,,,,,,,,,,,,,,,,,,,,true,true,12,2024-08-01,2025-07-31,0
2025-06-06,3816,2024-07-31,3,,,,,,,,,,,,,,,,,,,,6121000000,5101000000,0.833,1316.16,5101000000,,,,,,,,,,,,true,false,12,2023-08-01,2024-07-31,-1
2025-06-06,3816,2024-07-31,3,,,,,,,,,,,,,,,,,,,,,,,,,,,,,19.00,,,,3949762,74059,,false,false,12,2023-08-01,2024-07-31,-1
2025-06-06,3816,2025-07-31,3,,,,,,,,,,,,,,,,,,,,,,,,,,,,,0.00,,,,,,,false,false,12,2024-08-01,2025-07-31,0
2025-06-06,3816,2025-07-31,3,,,,,,,,,,,,,,,,,,,,,,,,,,,,,19.00,,,,,,,false,true,12,2024-08-01,2025-07-31,0
2025-06-06,3816,2025-07-31,3,,,,,,,,,,,,,,,,,,,,,,,,,,,,,,,,,3949762,74511,3875455,false,false,9,2024-08-01,2025-04-30,0
2025-06-06,3816,2024-07-31,3,,,,,,,,,,,,,,,,,,,,,,,,,,,,,,,,,,,3875913,false,false,9,2023-08-01,2024-04-30,-1
