filing_date,code,fiscal_year_end,quarterly_period,net_sales,net_sales_change,revenue,revenue_change,operating_revenue,operating_revenue_change,operating_profit,operating_profit_change,ordinary_profit,ordinary_profit_change,net_income,net_income_of_parent,net_income_change,eps,diluted_eps,roe,roa,operating_profit_to_net_sales,operating_profit_to_revenue,total_assets,net_assets,equity_ratio,bps,owner_equity,operating_cash_flow,investing_cash_flow,financing_cash_flow,cash,dividend_per_share,payout_ratio,commemorative_dividend,extra_dividend,number_of_shares,number_of_treqsury_shares,avg_number_of_shares,is_consolidated,is_forecast,duration,period_start,period_end,period_pos
2015-05-15,38350,2015-03-31,,3094000000,0.112,,,,,621000000,0.223,630000000,0.227,414000000,,0.270,72.59,72.52,0.225,0.289,0.201,,2433000000,2009000000,0.822,352.54,2001000000,431000000,-371000000,-94000000,573000000,,0.201,,,,,,true,false,12,2014-04-01,2015-03-31,0
2015-05-15,38350,2014-03-31,,2782000000,-0.015,,,,,508000000,0.142,513000000,0.133,326000000,,0.165,56.42,56.27,0.207,0.275,0.183,,1935000000,1683000000,0.868,293.85,1680000000,248000000,-12000000,-133000000,608000000,,0.200,,,,,,true,false,12,2013-04-01,2014-03-31,-1
2015-05-15,38350,2016-03-31,,1680000000,0.319,,,,,195000000,0.931,200000000,0.889,,134000000,,23.46,,,,,,,,,,,,,,,,,,,,,,true,true,6,2015-04-01,2015-09-30,1
2015-05-15,38350,2016-03-31,,3670000000,0.186,,,,,670000000,0.081,680000000,0.079,,470000000,,82.27,,,,,,,,,,,,,,,,0.201,,,,,,true,true,12,2015-04-01,2016-03-31,1
2015-05-15,38350,2015-03-31,,1304000000,0.138,,,,,380000000,0.305,450000000,0.271,300000000,,0.311,52.53,52.48,,,,,1865000000,1623000000,0.866,284.48,1615000000,,,,,14.60,,,,5895600,217253,5713066,false,false,12,2014-04-01,2015-03-31,0
2015-05-15,38350,2014-03-31,,1146000000,0.028,,,,,291000000,0.094,354000000,0.065,228000000,,0.108,39.54,39.44,,,,,1552000000,1412000000,0.907,246.32,1408000000,,,,,11.30,,,,5895600,175953,5789921,false,false,12,2013-04-01,2014-03-31,-1
2015-05-15,38350,2016-03-31,,,,,,,,,,,,,,,,,,,,,,,,,,,,,,16.50,,,,,,,false,true,12,2015-04-01,2016-03-31,1
,38350,2015-03-31,,,,,,,,,,,,,,,,,,,,,,,,,,,,,,14.60,,,,,,,false,true,12,2014-04-01,2015-03-31,0
,38350,2015-03-31,,,,,,,,,,,,,,,,,,,,,,,,,,,,,,0.00,,,,,,,false,false,12,2014-04-01,2015-03-31,0
,38350,2014-03-31,,,,,,,,,,,,,,,,,,,,,,,,,,,,,,11.30,,,,,,,false,false,12,2013-04-01,2014-03-31,-1
2015-07-31,38350,2016-03-31,1,723000000,0.242,,,,,8000000,0.528,10000000,0.418,,3000000,,0.69,0.69,,,,,2158000000,1931000000,0.890,338.49,1922000000,,,,,,,,,,,,true,false,3,2015-04-01,2015-06-30,0
2015-07-31,38350,2015-03-31,1,582000000,-0.019,,,,,5000000,-0.814,7000000,-0.765,,3000000,,0.68,0.68,,,,,,,,,,,,,,,,,,,,,true,false,3,2014-04-01,2014-06-30,-1
2015-07-31,38350,2016-03-31,1,1680000000,0.319,,,,,195000000,0.931,200000000,0.889,,134000000,,23.46,,,,,,,,,,,,,,,,,,,,,,true,true,6,2015-04-01,2015-09-30,0
2015-07-31,38350,2016-03-31,1,3670000000,0.186,,,,,670000000,0.081,680000000,0.079,,470000000,,82.27,,,,,,,,,,,,,,,,,,,,,,true,true,12,2015-04-01,2016-03-31,0
2015-07-31,38350,2015-03-31,1,,,,,,,,,,,,,,,,,,,,2433000000,2009000000,0.822,352.54,2001000000,,,,,,,,,,,,true,false,12,2014-04-01,2015-03-31,-1
2015-07-31,38350,2015-03-31,1,,,,,,,,,,,,,,,,,,,,,,,,,,,,,14.60,,,,5895600,217253,,false,false,12,2014-04-01,2015-03-31,-1
2015-07-31,38350,2016-03-31,1,,,,,,,,,,,,,,,,,,,,,,,,,,,,,16.50,,,,,,,false,true,12,2015-04-01,2016-03-31,0
2015-07-31,38350,2016-03-31,1,,,,,,,,,,,,,,,,,,,,,,,,,,,,,,,,,5895600,217292,5678346,false,false,3,2015-04-01,2015-06-30,0
2015-07-31,38350,2015-03-31,1,,,,,,,,,,,,,,,,,,,,,,,,,,,,,,,,,,,5717578,false,false,3,2014-04-01,2014-06-30,-1
2015-10-30,38350,2016-03-31,2,1666000000,0.309,,,,,225000000,1.211,222000000,1.098,,141000000,,24.95,24.89,,,,,2342000000,2080000000,0.883,363.66,2069000000,,,,,,,,,,,,true,false,6,2015-04-01,2015-09-30,0
2015-10-30,38350,2015-03-31,2,1273000000,0.015,,,,,101000000,-0.306,105000000,-0.289,,66000000,,11.55,11.54,,,,,,,,,,,,,,,,,,,,,true,false,6,2014-04-01,2014-09-30,-1
2015-10-30,38350,2016-03-31,2,3670000000,0.186,,,,,670000000,0.081,680000000,0.079,,470000000,,82.27,,,,,,,,,,,,,,,,,,,,,,true,true,12,2015-04-01,2016-03-31,0
2015-10-30,38350,2015-03-31,2,,,,,,,,,,,,,,,,,,,,2433000000,2009000000,0.822,352.54,2001000000,,,,,,,,,,,,true,false,12,2014-04-01,2015-03-31,-1
2015-10-30,38350,2015-03-31,2,,,,,,,,,,,,,,,,,,,,,,,,,,,,,14.60,,,,5895600,217253,,false,false,12,2014-04-01,2015-03-31,-1
2015-10-30,38350,2016-03-31,2,,,,,,,,,,,,,,,,,,,,,,,,,,,,,0.00,,,,,,,false,false,12,2015-04-01,2016-03-31,0
2015-10-30,38350,2016-03-31,2,,,,,,,,,,,,,,,,,,,,,,,,,,,,,16.50,,,,,,,false,true,12,2015-04-01,2016-03-31,0
2015-10-30,38350,2016-03-31,2,,,,,,,,,,,,,,,,,,,,,,,,,,,,,,,,,5895600,205292,5682196,false,false,6,2015-04-01,2015-09-30,0
2015-10-30,38350,2015-03-31,2,,,,,,,,,,,,,,,,,,,,,,,,,,,,,,,,,,,5715331,false,false,6,2014-04-01,2014-09-30,-1
2016-01-29,38350,2016-03-31,3,2441000000,0.289,,,,,278000000,0.828,273000000,0.725,,173000000,,30.55,30.46,,,,,2392000000,2115000000,0.878,369.36,2101000000,,,,,,,,,,,,true,false,9,2015-04-01,2015-12-31,0
2016-01-29,38350,2015-03-31,3,1893000000,0.001,,,,,152000000,-0.241,158000000,-0.225,,98000000,,17.25,17.24,,,,,,,,,,,,,,,,,,,,,true,false,9,2014-04-01,2014-12-31,-1
2016-01-29,38350,2016-03-31,3,3670000000,0.186,,,,,670000000,0.081,680000000,0.079,,470000000,,82.27,,,,,,,,,,,,,,,,,,,,,,true,true,12,2015-04-01,2016-03-31,0
2016-01-29,38350,2015-03-31,3,,,,,,,,,,,,,,,,,,,,2433000000,2009000000,0.822,352.54,2001000000,,,,,,,,,,,,true,false,12,2014-04-01,2015-03-31,-1
2016-01-29,38350,2015-03-31,3,,,,,,,,,,,,,,,,,,,,,,,,,,,,,14.60,,,,5895600,217253,,false,false,12,2014-04-01,2015-03-31,-1
2016-01-29,38350,2016-03-31,3,,,,,,,,,,,,,,,,,,,,,,,,,,,,,0.00,,,,,,,false,false,12,2015-04-01,2016-03-31,0
2016-01-29,38350,2016-03-31,3,,,,,,,,,,,,,,,,,,,,,,,,,,,,,16.50,,,,,,,false,true,12,2015-04-01,2016-03-31,0
2016-01-29,38350,2016-03-31,3,,,,,,,,,,,,,,,,,,,,,,,,,,,,,,,,,5895600,205292,5684909,false,false,9,2015-04-01,2015-12-31,0
2016-01-29,38350,2015-03-31,3,,,,,,,,,,,,,,,,,,,,,,,,,,,,,,,,,,,5716206,false,false,9,2014-04-01,2014-12-31,-1
2016-05-13,38350,2016-03-31,,3567000000,0.153,,,,,697000000,0.122,689000000,0.094,,474000000,,83.50,83.26,0.216,0.265,0.195,,2762000000,2417000000,0.869,421.96,2401000000,474000000,393000000,-76000000,1365000000,,0.198,,,,,,true,false,12,2015-04-01,2016-03-31,0
2016-05-13,38350,2015-03-31,,3094000000,0.112,,,,,621000000,0.223,630000000,0.227,,414000000,,72.59,72.52,0.225,0.289,0.201,,2433000000,2009000000,0.822,352.54,2001000000,431000000,-371000000,-94000000,573000000,,0.201,,,,,,true,false,12,2014-04-01,2015-03-31,-1
2016-05-13,38350,2017-03-31,,1657000000,-0.005,,,,,230000000,0.020,225000000,0.014,,151000000,,26.56,,,,,,,,,,,,,,,,,,,,,,true,true,6,2016-04-01,2016-09-30,1
2016-05-13,38350,2017-03-31,,3617000000,0.014,,,,,722000000,0.035,700000000,0.015,,475000000,,83.53,,,,,,,,,,,,,,,,0.200,,,,,,true,true,12,2016-04-01,2017-03-31,1
2016-05-13,38350,2015-03-31,,,,,,,,,,,,,,,,,,,,,,,,,,,,,,14.60,,,,5895600,217253,5713066,false,false,12,2014-04-01,2015-03-31,-1
2016-05-13,38350,2016-03-31,,,,,,,,,,,,,,,,,,,,,,,,,,,,,,16.50,,,,5895600,205292,5686252,false,false,12,2015-04-01,2016-03-31,0
2016-05-13,38350,2017-03-31,,,,,,,,,,,,,,,,,,,,,,,,,,,,,,16.70,,,,,,,false,true,12,2016-04-01,2017-03-31,1
2016-07-29,38350,2017-03-31,1,782000000,0.080,,,,,96000000,,94000000,8.178,,61000000,,10.88,10.86,,,,,2628000000,2390000000,0.902,416.67,2370000000,,,,,,,,,,,,true,false,3,2016-04-01,2016-06-30,0
2016-07-29,38350,2016-03-31,1,723000000,0.242,,,,,8000000,0.528,10000000,0.418,,3000000,,0.69,0.69,,,,,,,,,,,,,,,,,,,,,true,false,3,2015-04-01,2015-06-30,-1
2016-07-29,38350,2017-03-31,1,1657000000,-0.005,,,,,230000000,0.020,225000000,0.014,,151000000,,26.56,,,,,,,,,,,,,,,,,,,,,,true,true,6,2016-04-01,2016-09-30,0
2016-07-29,38350,2017-03-31,1,3617000000,0.014,,,,,722000000,0.035,700000000,0.015,,475000000,,83.53,,,,,,,,,,,,,,,,,,,,,,true,true,12,2016-04-01,2017-03-31,0
2016-07-29,38350,2016-03-31,1,,,,,,,,,,,,,,,,,,,,2762000000,2417000000,0.869,421.96,2401000000,,,,,,,,,,,,true,false,12,2015-04-01,2016-03-31,-1
2016-07-29,38350,2016-03-31,1,,,,,,,,,,,,,,,,,,,,,,,,,,,,,16.50,,,,5895600,205292,,false,false,12,2015-04-01,2016-03-31,-1
2016-07-29,38350,2017-03-31,1,,,,,,,,,,,,,,,,,,,,,,,,,,,,,16.70,,,,,,,false,true,12,2016-04-01,2017-03-31,0
2016-07-29,38350,2017-03-31,1,,,,,,,,,,,,,,,,,,,,,,,,,,,,,,,,,5895600,205334,5690278,false,false,3,2016-04-01,2016-06-30,0
2016-07-29,38350,2016-03-31,1,,,,,,,,,,,,,,,,,,,,,,,,,,,,,,,,,,,5678346,false,false,3,2015-04-01,2015-06-30,-1
2016-10-28,38350,2017-03-31,2,1642000000,-0.014,,,,,281000000,0.250,276000000,0.246,,184000000,,32.39,32.32,,,,,2783000000,2518000000,0.896,438.46,2495000000,,,,,,,,,,,,true,false,6,2016-04-01,2016-09-30,0
2016-10-28,38350,2016-03-31,2,1666000000,0.309,,,,,225000000,1.211,222000000,1.098,,141000000,,24.95,24.89,,,,,,,,,,,,,,,,,,,,,true,false,6,2015-04-01,2015-09-30,-1
2016-10-28,38350,2017-03-31,2,3617000000,0.014,,,,,722000000,0.035,700000000,0.015,,475000000,,83.53,,,,,,,,,,,,,,,,,,,,,,true,true,12,2016-04-01,2017-03-31,0
2016-10-28,38350,2016-03-31,2,,,,,,,,,,,,,,,,,,,,2762000000,2417000000,0.869,421.96,2401000000,,,,,,,,,,,,true,false,12,2015-04-01,2016-03-31,-1
2016-10-28,38350,2016-03-31,2,,,,,,,,,,,,,,,,,,,,,,,,,,,,,16.50,,,,5895600,205292,,false,false,12,2015-04-01,2016-03-31,-1
2016-10-28,38350,2017-03-31,2,,,,,,,,,,,,,,,,,,,,,,,,,,,,,0.00,,,,,,,false,false,12,2016-04-01,2017-03-31,0
2016-10-28,38350,2017-03-31,2,,,,,,,,,,,,,,,,,,,,,,,,,,,,,16.70,,,,,,,false,true,12,2016-04-01,2017-03-31,0
2016-10-28,38350,2017-03-31,2,,,,,,,,,,,,,,,,,,,,,,,,,,,,,,,,,5895600,203734,5690805,false,false,6,2016-04-01,2016-09-30,0
2016-10-28,38350,2016-03-31,2,,,,,,,,,,,,,,,,,,,,,,,,,,,,,,,,,,,5682196,false,false,6,2015-04-01,2015-09-30,-1
2017-01-31,38350,2017-03-31,3,2434000000,-0.003,,,,,393000000,0.410,382000000,0.397,,253000000,,44.48,44.36,,,,,2828000000,2590000000,0.906,450.37,2563000000,,,,,,,,,,,,true,false,9,2016-04-01,2016-12-31,0
2017-01-31,38350,2016-03-31,3,2441000000,0.289,,,,,278000000,0.828,273000000,0.725,,173000000,,30.55,30.46,,,,,,,,,,,,,,,,,,,,,true,false,9,2015-04-01,2015-12-31,-1
2017-01-31,38350,2017-03-31,3,3617000000,0.014,,,,,722000000,0.035,700000000,0.015,,475000000,,83.53,,,,,,,,,,,,,,,,,,,,,,true,true,12,2016-04-01,2017-03-31,0
2017-01-31,38350,2016-03-31,3,,,,,,,,,,,,,,,,,,,,2762000000,2417000000,0.869,421.96,2401000000,,,,,,,,,,,,true,false,12,2015-04-01,2016-03-31,-1
2017-01-31,38350,2016-03-31,3,,,,,,,,,,,,,,,,,,,,,,,,,,,,,16.50,,,,5895600,205292,,false,false,12,2015-04-01,2016-03-31,-1
2017-01-31,38350,2017-03-31,3,,,,,,,,,,,,,,,,,,,,,,,,,,,,,0.00,,,,,,,false,false,12,2016-04-01,2017-03-31,0
2017-01-31,38350,2017-03-31,3,,,,,,,,,,,,,,,,,,,,,,,,,,,,,16.70,,,,,,,false,true,12,2016-04-01,2017-03-31,0
2017-01-31,38350,2017-03-31,3,,,,,,,,,,,,,,,,,,,,,,,,,,,,,,,,,5895600,203734,5691160,false,false,9,2016-04-01,2016-12-31,0
2017-01-31,38350,2016-03-31,3,,,,,,,,,,,,,,,,,,,,,,,,,,,,,,,,,,,5684909,false,false,9,2015-04-01,2015-12-31,-1
2017-04-14,38350,2017-03-31,,3570000000,-0.013,,,,,810000000,0.122,800000000,0.143,556000000,,0.171,97.69,,,,,,,,,,,,,,,,,,,,,,true,true,12,2016-04-01,2017-03-31,0
2017-04-14,38350,2016-03-31,,3567000000,,,,,,697000000,,689000000,,474000000,,,83.50,,,,,,,,,,,,,,,,,,,,,,true,false,12,2015-04-01,2016-03-31,-1
2017-05-12,38350,2017-03-31,,3580000000,0.004,,,,,828000000,0.188,815000000,0.183,,566000000,,99.62,99.31,0.215,0.271,0.231,,3258000000,2907000000,0.883,505.52,2877000000,600000000,-436000000,-96000000,1432000000,,0.201,,,,,,true,false,12,2016-04-01,2017-03-31,0
2017-05-12,38350,2016-03-31,,3567000000,0.153,,,,,697000000,0.122,689000000,0.094,,474000000,,83.50,83.26,0.216,0.265,0.195,,2762000000,2417000000,0.869,421.96,2401000000,474000000,393000000,-76000000,1365000000,,0.198,,,,,,true,false,12,2015-04-01,2016-03-31,-1
2017-05-12,38350,2018-03-31,,1680000000,0.023,,,,,264000000,-0.063,260000000,-0.060,,177000000,,30.80,,,,,,,,,,,,,,,,,,,,,,true,true,6,2017-04-01,2017-09-30,1
2017-05-12,38350,2018-03-31,,3660000000,0.022,,,,,821000000,-0.009,830000000,0.017,,567000000,,98.67,,,,,,,,,,,,,,,,0.351,,,,,,true,true,12,2017-04-01,2018-03-31,1
2017-05-12,38350,2017-03-31,,1435000000,0.108,,,,,489000000,0.272,537000000,0.223,386000000,,0.260,67.85,67.64,,,,,2379000000,2171000000,0.900,376.27,2141000000,,,,,20.00,,,,5895600,203734,5691334,false,false,12,2016-04-01,2017-03-31,0
2017-05-12,38350,2016-03-31,,1294000000,-0.007,,,,,384000000,0.012,439000000,-0.024,306000000,,0.021,53.89,53.74,,,,,2024000000,1862000000,0.912,324.46,1846000000,,,,,16.50,,,,5895600,205292,5686252,false,false,12,2015-04-01,2016-03-31,-1
2017-05-12,38350,2018-03-31,,,,,,,,,,,,,,,,,,,,,,,,,,,,,,34.60,,,,,,,false,true,12,2017-04-01,2018-03-31,1
2017-07-31,38350,2018-03-31,1,820000000,0.049,,,,,118000000,0.228,125000000,0.334,,81000000,,14.27,14.19,,,,,3144000000,2878000000,0.905,499.84,2844000000,,,,,,,,,,,,true,false,3,2017-04-01,2017-06-30,0
2017-07-31,38350,2017-03-31,1,782000000,0.080,,,,,96000000,,94000000,8.178,,61000000,,10.88,10.86,,,,,,,,,,,,,,,,,,,,,true,false,3,2016-04-01,2016-06-30,-1
2017-07-31,38350,2018-03-31,1,1680000000,0.023,,,,,264000000,-0.063,260000000,-0.060,,177000000,,30.80,,,,,,,,,,,,,,,,,,,,,,true,true,6,2017-04-01,2017-09-30,0
2017-07-31,38350,2018-03-31,1,3660000000,0.022,,,,,821000000,-0.009,830000000,0.017,,567000000,,98.67,,,,,,,,,,,,,,,,,,,,,,true,true,12,2017-04-01,2018-03-31,0
2017-07-31,38350,2017-03-31,1,,,,,,,,,,,,,,,,,,,,3258000000,2907000000,0.883,505.52,2877000000,,,,,,,,,,,,true,false,12,2016-04-01,2017-03-31,-1
2017-07-31,38350,2017-03-31,1,,,,,,,,,,,,,,,,,,,,,,,,,,,,,20.00,,,,5895600,203734,,false,false,12,2016-04-01,2017-03-31,-1
2017-07-31,38350,2018-03-31,1,,,,,,,,,,,,,,,,,,,,,,,,,,,,,34.60,,,,,,,false,true,12,2017-04-01,2018-03-31,0
2017-07-31,38350,2018-03-31,1,,,,,,,,,,,,,,,,,,,,,,,,,,,,,,,,,5895600,203806,5691843,false,false,3,2017-04-01,2017-06-30,0
2017-07-31,38350,2017-03-31,1,,,,,,,,,,,,,,,,,,,,,,,,,,,,,,,,,,,5690278,false,false,3,2016-04-01,2016-06-30,-1
2017-10-18,38350,2018-03-31,,1786000000,0.063,,,,,367000000,0.393,372000000,0.431,248000000,,0.407,21.83,,,,,,,,,,,,,,,,,,,,,,true,true,6,2017-04-01,2017-09-30,0
2017-10-18,38350,2017-03-31,,1642000000,,,,,,281000000,,276000000,,184000000,,,16.19,,,,,,,,,,,,,,,,,,,,,,true,false,6,2016-04-01,2016-09-30,-1
2017-10-31,38350,2018-03-31,2,1791000000,0.091,,,,,373000000,0.325,386000000,0.398,,259000000,,22.72,22.60,,,,,3483000000,3088000000,0.881,268.04,3070000000,,,,,,,,,,,,true,false,6,2017-04-01,2017-09-30,0
2017-10-31,38350,2017-03-31,2,1642000000,-0.014,,,,,281000000,0.250,276000000,0.246,,184000000,,16.19,16.16,,,,,,,,,,,,,,,,,,,,,true,false,6,2016-04-01,2016-09-30,-1
2017-10-31,38350,2018-03-31,2,3660000000,0.022,,,,,821000000,-0.009,830000000,0.017,,567000000,,49.34,,,,,,,,,,,,,,,,,,,,,,true,true,12,2017-04-01,2018-03-31,0
2017-10-31,38350,2017-03-31,2,,,,,,,,,,,,,,,,,,,,3258000000,2907000000,0.883,252.76,2877000000,,,,,,,,,,,,true,false,12,2016-04-01,2017-03-31,-1
2017-10-31,38350,2017-03-31,2,,,,,,,,,,,,,,,,,,,,,,,,,,,,,20.00,,,,11791200,407468,,false,false,12,2016-04-01,2017-03-31,-1
2017-10-31,38350,2018-03-31,2,,,,,,,,,,,,,,,,,,,,,,,,,,,,,0.00,,,,,,,false,false,12,2017-04-01,2018-03-31,0
2017-10-31,38350,2018-03-31,2,,,,,,,,,,,,,,,,,,,,,,,,,,,,,17.30,,,,,,,false,true,12,2017-04-01,2018-03-31,0
2017-10-31,38350,2018-03-31,2,,,,,,,,,,,,,,,,,,,,,,,,,,,,,,,,,11791200,337082,11402706,false,false,6,2017-04-01,2017-09-30,0
2017-10-31,38350,2017-03-31,2,,,,,,,,,,,,,,,,,,,,,,,,,,,,,,,,,,,11381610,false,false,6,2016-04-01,2016-09-30,-1
2018-01-31,38350,2018-03-31,3,2610000000,0.072,,,,,481000000,0.225,497000000,0.302,,332000000,,29.09,28.94,,,,,3426000000,3162000000,0.917,274.36,3142000000,,,,,,,,,,,,true,false,9,2017-04-01,2017-12-31,0
2018-01-31,38350,2017-03-31,3,2434000000,-0.003,,,,,393000000,0.410,382000000,0.397,,253000000,,22.24,22.18,,,,,,,,,,,,,,,,,,,,,true,false,9,2016-04-01,2016-12-31,-1
2018-01-31,38350,2018-03-31,3,3660000000,0.022,,,,,821000000,-0.009,830000000,0.017,,567000000,,49.34,,,,,,,,,,,,,,,,,,,,,,true,true,12,2017-04-01,2018-03-31,0
2018-01-31,38350,2017-03-31,3,,,,,,,,,,,,,,,,,,,,3258000000,2907000000,0.883,252.76,2877000000,,,,,,,,,,,,true,false,12,2016-04-01,2017-03-31,-1
2018-01-31,38350,2017-03-31,3,,,,,,,,,,,,,,,,,,,,,,,,,,,,,20.00,,,,11791200,407468,,false,false,12,2016-04-01,2017-03-31,-1
2018-01-31,38350,2018-03-31,3,,,,,,,,,,,,,,,,,,,,,,,,,,,,,0.00,,,,,,,false,false,12,2017-04-01,2018-03-31,0
2018-01-31,38350,2018-03-31,3,,,,,,,,,,,,,,,,,,,,,,,,,,,,,17.30,,,,,,,false,true,12,2017-04-01,2018-03-31,0
2018-01-31,38350,2018-03-31,3,,,,,,,,,,,,,,,,,,,,,,,,,,,,,,,,,11791200,337082,11419904,false,false,9,2017-04-01,2017-12-31,0
2018-01-31,38350,2017-03-31,3,,,,,,,,,,,,,,,,,,,,,,,,,,,,,,,,,,,11382320,false,false,9,2016-04-01,2016-12-31,-1
2018-04-13,38350,2018-03-31,,3828000000,0.046,,,,,958000000,0.167,977000000,0.178,688000000,,0.215,60.27,,,,,,,,,,,,,,,,,,,,,,true,true,12,2017-04-01,2018-03-31,0
2018-04-13,38350,2017-03-31,,3580000000,,,,,,828000000,,815000000,,566000000,,,49.81,,,,,,,,,,,,,,,,,,,,,,true,false,12,2016-04-01,2017-03-31,-1
2018-05-15,38350,2018-03-31,,3828000000,0.069,,,,,958000000,0.157,977000000,0.198,,688000000,,60.28,59.97,0.216,0.271,0.250,,3944000000,3520000000,0.887,305.52,3499000000,717000000,-250000000,-94000000,1804000000,,0.342,,,,,,true,false,12,2017-04-01,2018-03-31,0
2018-05-15,38350,2017-03-31,,3580000000,0.004,,,,,828000000,0.188,815000000,0.183,,566000000,,49.81,49.66,0.215,0.271,0.231,,3258000000,2907000000,0.883,252.76,2877000000,600000000,-436000000,-96000000,1432000000,,0.201,,,,,,true,false,12,2016-04-01,2017-03-31,-1
2018-05-15,38350,2019-03-31,,1820000000,0.016,,,,,367000000,-0.016,377000000,-0.025,,255000000,,22.30,,,,,,,,,,,,,,,,,,,,,,true,true,6,2018-04-01,2018-09-30,1
2018-05-15,38350,2019-03-31,,4000000000,0.045,,,,,1030000000,0.075,1050000000,0.074,,715000000,,62.36,,,,,,,,,,,,,,,,0.301,,,,,,true,true,12,2018-04-01,2019-03-31,1
2018-05-15,38350,2018-03-31,,1625000000,0.133,,,,,611000000,0.250,691000000,0.285,500000000,,0.297,43.81,43.59,,,,,2842000000,2596000000,0.906,224.87,2575000000,,,,,20.60,,,,11791200,337082,11428340,false,false,12,2017-04-01,2018-03-31,0
2018-05-15,38350,2017-03-31,,1435000000,0.108,,,,,489000000,0.272,537000000,0.223,386000000,,0.260,33.93,33.82,,,,,2379000000,2171000000,0.900,188.14,2141000000,,,,,20.00,,,,11791200,407468,11382668,false,false,12,2016-04-01,2017-03-31,-1
2018-05-15,38350,2019-03-31,,,,,,,,,,,,,,,,,,,,,,,,,,,,,,18.80,,,,,,,false,true,12,2018-04-01,2019-03-31,1
2018-07-31,38350,2019-03-31,1,828000000,0.010,,,,,118000000,0.000,128000000,0.026,,87000000,,7.60,7.56,,,,,3694000000,3371000000,0.906,292.37,3348000000,,,,,,,,,,,,true,false,3,2018-04-01,2018-06-30,0
2018-07-31,38350,2018-03-31,1,820000000,0.049,,,,,118000000,0.228,125000000,0.334,,81000000,,7.13,7.10,,,,,,,,,,,,,,,,,,,,,true,false,3,2017-04-01,2017-06-30,-1
2018-07-31,38350,2019-03-31,1,1820000000,0.016,,,,,367000000,-0.016,377000000,-0.025,,255000000,,22.30,,,,,,,,,,,,,,,,,,,,,,true,true,6,2018-04-01,2018-09-30,0
2018-07-31,38350,2019-03-31,1,4000000000,0.045,,,,,1030000000,0.075,1050000000,0.074,,715000000,,62.36,,,,,,,,,,,,,,,,,,,,,,true,true,12,2018-04-01,2019-03-31,0
2018-07-31,38350,2018-03-31,1,,,,,,,,,,,,,,,,,,,,3944000000,3520000000,0.887,305.52,3499000000,,,,,,,,,,,,true,false,12,2017-04-01,2018-03-31,-1
2018-07-31,38350,2018-03-31,1,,,,,,,,,,,,,,,,,,,,,,,,,,,,,20.60,,,,11791200,337082,,false,false,12,2017-04-01,2018-03-31,-1
2018-07-31,38350,2019-03-31,1,,,,,,,,,,,,,,,,,,,,,,,,,,,,,18.80,,,,,,,false,true,12,2018-04-01,2019-03-31,0
2018-07-31,38350,2019-03-31,1,,,,,,,,,,,,,,,,,,,,,,,,,,,,,,,,,11791200,337082,11454118,false,false,3,2018-04-01,2018-06-30,0
2018-07-31,38350,2018-03-31,1,,,,,,,,,,,,,,,,,,,,,,,,,,,,,,,,,,,11383686,false,false,3,2017-04-01,2017-06-30,-1
2018-10-12,38350,2019-03-31,,1769000000,-0.028,,,,,337000000,-0.082,353000000,-0.061,242000000,,-0.053,21.15,,,,,,,,,,,,,,,,,,,,,,true,true,6,2018-04-01,2018-09-30,0
2018-10-12,38350,2018-03-31,,1791000000,,,,,,373000000,,386000000,,259000000,,,22.72,,,,,,,,,,,,,,,,,,,,,,true,false,6,2017-04-01,2017-09-30,-1
2018-10-30,38350,2019-03-31,2,1769000000,-0.013,,,,,337000000,-0.097,353000000,-0.085,,242000000,,21.15,21.04,,,,,3914000000,3545000000,0.903,307.45,3532000000,,,,,,,,,,,,true,false,6,2018-04-01,2018-09-30,0
2018-10-30,38350,2018-03-31,2,1791000000,0.091,,,,,373000000,0.325,386000000,0.398,,259000000,,22.72,22.60,,,,,,,,,,,,,,,,,,,,,true,false,6,2017-04-01,2017-09-30,-1
2018-10-30,38350,2019-03-31,2,4000000000,0.045,,,,,1030000000,0.075,1050000000,0.074,,715000000,,62.36,,,,,,,,,,,,,,,,,,,,,,true,true,12,2018-04-01,2019-03-31,0
2018-10-30,38350,2018-03-31,2,,,,,,,,,,,,,,,,,,,,3944000000,3520000000,0.887,305.52,3499000000,,,,,,,,,,,,true,false,12,2017-04-01,2018-03-31,-1
2018-10-30,38350,2018-03-31,2,,,,,,,,,,,,,,,,,,,,,,,,,,,,,20.60,,,,11791200,337082,,false,false,12,2017-04-01,2018-03-31,-1
2018-10-30,38350,2019-03-31,2,,,,,,,,,,,,,,,,,,,,,,,,,,,,,0.00,,,,,,,false,false,12,2018-04-01,2019-03-31,0
2018-10-30,38350,2019-03-31,2,,,,,,,,,,,,,,,,,,,,,,,,,,,,,18.80,,,,,,,false,true,12,2018-04-01,2019-03-31,0
2018-10-30,38350,2019-03-31,2,,,,,,,,,,,,,,,,,,,,,,,,,,,,,,,,,11791200,301632,11463205,false,false,6,2018-04-01,2018-09-30,0
2018-10-30,38350,2018-03-31,2,,,,,,,,,,,,,,,,,,,,,,,,,,,,,,,,,,,11402706,false,false,6,2017-04-01,2017-09-30,-1
2019-01-31,38350,2019-03-31,3,2646000000,0.014,,,,,487000000,0.012,509000000,0.024,,348000000,,30.35,30.22,,,,,3887000000,3632000000,0.931,314.99,3619000000,,,,,,,,,,,,true,false,9,2018-04-01,2018-12-31,0
2019-01-31,38350,2018-03-31,3,2610000000,0.072,,,,,481000000,0.225,497000000,0.302,,332000000,,29.09,28.94,,,,,,,,,,,,,,,,,,,,,true,false,9,2017-04-01,2017-12-31,-1
2019-01-31,38350,2019-03-31,3,4000000000,0.045,,,,,1030000000,0.075,1050000000,0.074,,715000000,,62.36,,,,,,,,,,,,,,,,,,,,,,true,true,12,2018-04-01,2019-03-31,0
2019-01-31,38350,2018-03-31,3,,,,,,,,,,,,,,,,,,,,3944000000,3520000000,0.887,305.52,3499000000,,,,,,,,,,,,true,false,12,2017-04-01,2018-03-31,-1
2019-01-31,38350,2018-03-31,3,,,,,,,,,,,,,,,,,,,,,,,,,,,,,20.60,,,,11791200,337082,,false,false,12,2017-04-01,2018-03-31,-1
2019-01-31,38350,2019-03-31,3,,,,,,,,,,,,,,,,,,,,,,,,,,,,,0.00,,,,,,,false,false,12,2018-04-01,2019-03-31,0
2019-01-31,38350,2019-03-31,3,,,,,,,,,,,,,,,,,,,,,,,,,,,,,18.80,,,,,,,false,true,12,2018-04-01,2019-03-31,0
2019-01-31,38350,2019-03-31,3,,,,,,,,,,,,,,,,,,,,,,,,,,,,,,,,,11791200,301632,11472025,false,false,9,2018-04-01,2018-12-31,0
2019-01-31,38350,2018-03-31,3,,,,,,,,,,,,,,,,,,,,,,,,,,,,,,,,,,,11419904,false,false,9,2017-04-01,2017-12-31,-1
2019-04-16,38350,2019-03-31,,4043000000,0.011,,,,,1099000000,0.067,1131000000,0.077,,784000000,,34.16,,,,,,,,,,,,,,,,,,,,,,true,true,12,2018-04-01,2019-03-31,0
2019-04-16,38350,2018-03-31,,3828000000,,,,,,958000000,,977000000,,,688000000,,30.14,,,,,,,,,,,,,,,,,,,,,,true,false,12,2017-04-01,2018-03-31,-1
2019-05-14,38350,2019-03-31,,4043000000,0.056,,,,,1099000000,0.148,1131000000,0.158,,784000000,,34.18,34.04,0.207,0.266,0.272,,4573000000,4082000000,0.890,177.07,4068000000,624000000,-198000000,-217000000,2013000000,,0.301,,,,,,true,false,12,2018-04-01,2019-03-31,0
2019-05-14,38350,2018-03-31,,3828000000,0.069,,,,,958000000,0.157,977000000,0.198,,688000000,,30.14,29.99,0.216,0.271,0.250,,3944000000,3520000000,0.887,152.76,3499000000,717000000,-250000000,-94000000,1804000000,,0.342,,,,,,true,false,12,2017-04-01,2018-03-31,-1
2019-05-14,38350,2020-03-31,,1850000000,0.046,,,,,378000000,0.124,400000000,0.130,,270000000,,11.75,,,,,,,,,,,,,,,,,,,,,,true,true,6,2019-04-01,2019-09-30,1
2019-05-14,38350,2020-03-31,,4150000000,0.026,,,,,1165000000,0.059,1200000000,0.060,,820000000,,35.70,,,,,,,,,,,,,,,,0.303,,,,,,true,true,12,2019-04-01,2020-03-31,1
2019-05-14,38350,2019-03-31,,1823000000,0.122,,,,,736000000,0.204,828000000,0.199,585000000,,0.169,25.50,25.39,,,,,3262000000,2959000000,0.903,128.19,2945000000,,,,,20.60,,,,23582400,603264,22952700,false,false,12,2018-04-01,2019-03-31,0
2019-05-14,38350,2018-03-31,,1625000000,0.133,,,,,611000000,0.250,691000000,0.285,500000000,,0.297,21.91,21.79,,,,,2842000000,2596000000,0.906,112.43,2575000000,,,,,20.60,,,,23582400,674164,22856680,false,false,12,2017-04-01,2018-03-31,-1
2019-05-14,38350,2020-03-31,,,,,,,,,,,,,,,,,,,,,,,,,,,,,,10.80,,,,,,,false,true,12,2019-04-01,2020-03-31,1
2019-07-31,38350,2020-03-31,1,855000000,0.033,,,,,98000000,-0.170,107000000,-0.169,,71000000,,3.09,3.08,,,,,4261000000,3917000000,0.916,169.88,3903000000,,,,,,,,,,,,true,false,3,2019-04-01,2019-06-30,0
2019-07-31,38350,2019-03-31,1,828000000,0.010,,,,,118000000,0.000,128000000,0.026,,87000000,,3.80,3.78,,,,,,,,,,,,,,,,,,,,,true,false,3,2018-04-01,2018-06-30,-1
2019-07-31,38350,2020-03-31,1,1850000000,0.046,,,,,378000000,0.124,400000000,0.130,,270000000,,11.75,,,,,,,,,,,,,,,,,,,,,,true,true,6,2019-04-01,2019-09-30,0
2019-07-31,38350,2020-03-31,1,4150000000,0.026,,,,,1165000000,0.059,1200000000,0.060,,820000000,,35.70,,,,,,,,,,,,,,,,,,,,,,true,true,12,2019-04-01,2020-03-31,0
2019-07-31,38350,2019-03-31,1,,,,,,,,,,,,,,,,,,,,4573000000,4082000000,0.890,177.07,4068000000,,,,,,,,,,,,true,false,12,2018-04-01,2019-03-31,-1
2019-07-31,38350,2019-03-31,1,,,,,,,,,,,,,,,,,,,,,,,,,,,,,20.60,,,,23582400,603264,,false,false,12,2018-04-01,2019-03-31,-1
2019-07-31,38350,2020-03-31,1,,,,,,,,,,,,,,,,,,,,,,,,,,,,,10.80,,,,,,,false,true,12,2019-04-01,2020-03-31,0
2019-07-31,38350,2020-03-31,1,,,,,,,,,,,,,,,,,,,,,,,,,,,,,,,,,23582400,603296,22979116,false,false,3,2019-04-01,2019-06-30,0
2019-07-31,38350,2019-03-31,1,,,,,,,,,,,,,,,,,,,,,,,,,,,,,,,,,,,22908236,false,false,3,2018-04-01,2018-06-30,-1
2019-10-11,38350,2020-03-31,,2039000000,0.102,,,,,481000000,0.272,500000000,0.250,342000000,,0.267,14.88,,,,,,,,,,,,,,,,,,,,,,true,true,6,2019-04-01,2019-09-30,0
2019-10-11,38350,2019-03-31,,1769000000,,,,,,337000000,,353000000,,242000000,,,10.57,,,,,,,,,,,,,,,,,,,,,,true,false,6,2018-04-01,2018-09-30,-1
2019-10-31,38350,2020-03-31,2,2039000000,0.153,,,,,481000000,0.428,500000000,0.413,,343000000,,14.93,14.87,,,,,4595000000,4191000000,0.909,181.76,4178000000,,,,,,,,,,,,true,false,6,2019-04-01,2019-09-30,0
2019-10-31,38350,2019-03-31,2,1769000000,-0.013,,,,,337000000,-0.097,353000000,-0.085,,242000000,,10.57,10.52,,,,,,,,,,,,,,,,,,,,,true,false,6,2018-04-01,2018-09-30,-1
2019-10-31,38350,2020-03-31,2,4150000000,0.026,,,,,1165000000,0.059,1200000000,0.060,,820000000,,35.70,,,,,,,,,,,,,,,,,,,,,,true,true,12,2019-04-01,2020-03-31,0
2019-10-31,38350,2019-03-31,2,,,,,,,,,,,,,,,,,,,,4573000000,4082000000,0.890,177.07,4068000000,,,,,,,,,,,,true,false,12,2018-04-01,2019-03-31,-1
2019-10-31,38350,2019-03-31,2,,,,,,,,,,,,,,,,,,,,,,,,,,,,,20.60,,,,23582400,603264,,false,false,12,2018-04-01,2019-03-31,-1
2019-10-31,38350,2020-03-31,2,,,,,,,,,,,,,,,,,,,,,,,,,,,,,0.00,,,,,,,false,false,12,2019-04-01,2020-03-31,0
2019-10-31,38350,2020-03-31,2,,,,,,,,,,,,,,,,,,,,,,,,,,,,,10.80,,,,,,,false,true,12,2019-04-01,2020-03-31,0
2019-10-31,38350,2020-03-31,2,,,,,,,,,,,,,,,,,,,,,,,,,,,,,,,,,23582400,593596,22981637,false,false,6,2019-04-01,2019-09-30,0
2019-10-31,38350,2019-03-31,2,,,,,,,,,,,,,,,,,,,,,,,,,,,,,,,,,,,22926410,false,false,6,2018-04-01,2018-09-30,-1
2020-01-31,38350,2020-03-31,3,2984000000,0.128,,,,,652000000,0.340,680000000,0.334,,464000000,,20.22,20.14,,,,,4665000000,4326000000,0.924,187.56,4312000000,,,,,,,,,,,,true,false,9,2019-04-01,2019-12-31,0
2020-01-31,38350,2019-03-31,3,2646000000,0.014,,,,,487000000,0.012,509000000,0.024,,348000000,,15.18,15.11,,,,,,,,,,,,,,,,,,,,,true,false,9,2018-04-01,2018-12-31,-1
2020-01-31,38350,2020-03-31,3,4150000000,0.026,,,,,1165000000,0.059,1200000000,0.060,,820000000,,35.70,,,,,,,,,,,,,,,,,,,,,,true,true,12,2019-04-01,2020-03-31,0
2020-01-31,38350,2019-03-31,3,,,,,,,,,,,,,,,,,,,,4573000000,4082000000,0.890,177.07,4068000000,,,,,,,,,,,,true,false,12,2018-04-01,2019-03-31,-1
2020-01-31,38350,2019-03-31,3,,,,,,,,,,,,,,,,,,,,,,,,,,,,,20.60,,,,23582400,603264,,false,false,12,2018-04-01,2019-03-31,-1
2020-01-31,38350,2020-03-31,3,,,,,,,,,,,,,,,,,,,,,,,,,,,,,0.00,,,,,,,false,false,12,2019-04-01,2020-03-31,0
2020-01-31,38350,2020-03-31,3,,,,,,,,,,,,,,,,,,,,,,,,,,,,,10.80,,,,,,,false,true,12,2019-04-01,2020-03-31,0
2020-01-31,38350,2020-03-31,3,,,,,,,,,,,,,,,,,,,,,,,,,,,,,,,,,23582400,588016,22985414,false,false,9,2019-04-01,2019-12-31,0
2020-01-31,38350,2019-03-31,3,,,,,,,,,,,,,,,,,,,,,,,,,,,,,,,,,,,22944050,false,false,9,2018-04-01,2018-12-31,-1
2020-04-15,38350,2020-03-31,,4441000000,0.070,,,,,1291000000,0.109,1330000000,0.109,,904000000,,19.67,,,,,,,,,,,,,,,,,,,,,,true,true,12,2019-04-01,2020-03-31,0
2020-04-15,38350,2019-03-31,,4043000000,,,,,,1099000000,,1131000000,,,784000000,,17.09,,,,,,,,,,,,,,,,,,,,,,true,false,12,2018-04-01,2019-03-31,-1
2020-05-15,38350,2020-03-31,,4441000000,0.099,,,,,1291000000,0.175,1330000000,0.176,,904000000,,19.67,19.59,0.205,0.270,0.291,,5266000000,4747000000,0.899,102.95,4734000000,996000000,-6000000,-229000000,2773000000,,0.302,,,,,,true,false,12,2019-04-01,2020-03-31,0
2020-05-15,38350,2019-03-31,,4043000000,0.056,,,,,1099000000,0.148,1131000000,0.158,,784000000,,17.09,17.02,0.207,0.266,0.272,,4573000000,4082000000,0.890,88.54,4068000000,624000000,-198000000,-217000000,2013000000,,0.301,,,,,,true,false,12,2018-04-01,2019-03-31,-1
2020-05-15,38350,2020-03-31,,2090000000,0.146,,,,,926000000,0.259,1017000000,0.228,697000000,,0.192,15.18,15.12,,,,,3751000000,3418000000,0.908,74.04,3405000000,,,,,11.90,,,,47164800,1176032,45975288,false,false,12,2019-04-01,2020-03-31,0
2020-05-15,38350,2019-03-31,,1823000000,0.122,,,,,736000000,0.204,828000000,0.199,585000000,,0.169,12.75,12.69,,,,,3262000000,2959000000,0.903,64.10,2945000000,,,,,20.60,,,,47164800,1206528,45905400,false,false,12,2018-04-01,2019-03-31,-1
2020-07-31,38350,2021-03-31,1,882000000,0.032,,,,,129000000,0.311,137000000,0.281,,92000000,,2.01,2.00,,,,,4891000000,4590000000,0.936,99.52,4576000000,,,,,,,,,,,,true,false,3,2020-04-01,2020-06-30,0
2020-07-31,38350,2020-03-31,1,855000000,0.033,,,,,98000000,-0.170,107000000,-0.169,,71000000,,1.55,1.54,,,,,,,,,,,,,,,,,,,,,true,false,3,2019-04-01,2019-06-30,-1
2020-07-31,38350,2020-03-31,1,,,,,,,,,,,,,,,,,,,,5266000000,4747000000,0.899,102.95,4734000000,,,,,,,,,,,,true,false,12,2019-04-01,2020-03-31,-1
2020-07-31,38350,2020-03-31,1,,,,,,,,,,,,,,,,,,,,,,,,,,,,,11.90,,,,47164800,1176032,,false,false,12,2019-04-01,2020-03-31,-1
2020-07-31,38350,2021-03-31,1,,,,,,,,,,,,,,,,,,,,,,,,,,,,,,,,,47164800,1176032,45988768,false,false,3,2020-04-01,2020-06-30,0
2020-07-31,38350,2020-03-31,1,,,,,,,,,,,,,,,,,,,,,,,,,,,,,,,,,,,45958232,false,false,3,2019-04-01,2019-06-30,-1
2020-10-30,38350,2021-03-31,2,1899000000,-0.069,,,,,374000000,-0.222,390000000,-0.220,,267000000,,5.82,5.80,,,,,5126000000,4785000000,0.931,103.69,4774000000,,,,,,,,,,,,true,false,6,2020-04-01,2020-09-30,0
2020-10-30,38350,2020-03-31,2,2039000000,0.153,,,,,481000000,0.428,500000000,0.413,,343000000,,7.46,7.44,,,,,,,,,,,,,,,,,,,,,true,false,6,2019-04-01,2019-09-30,-1
2020-10-30,38350,2021-03-31,2,4150000000,-0.066,,,,,1070000000,-0.172,1100000000,-0.173,,750000000,,16.30,,,,,,,,,,,,,,,,,,,,,,true,true,12,2020-04-01,2021-03-31,0
2020-10-30,38350,2020-03-31,2,,,,,,,,,,,,,,,,,,,,5266000000,4747000000,0.899,102.95,4734000000,,,,,,,,,,,,true,false,12,2019-04-01,2020-03-31,-1
2020-10-30,38350,2020-03-31,2,,,,,,,,,,,,,,,,,,,,,,,,,,,,,11.90,,,,47164800,1176032,,false,false,12,2019-04-01,2020-03-31,-1
2020-10-30,38350,2021-03-31,2,,,,,,,,,,,,,,,,,,,,,,,,,,,,,0.00,,,,,,,false,false,12,2020-04-01,2021-03-31,0
2020-10-30,38350,2021-03-31,2,,,,,,,,,,,,,,,,,,,,,,,,,,,,,4.90,,,,,,,false,true,12,2020-04-01,2021-03-31,0
2020-10-30,38350,2021-03-31,2,,,,,,,,,,,,,,,,,,,,,,,,,,,,,,,,,47164800,1115447,46007636,false,false,6,2020-04-01,2020-09-30,0
2020-10-30,38350,2020-03-31,2,,,,,,,,,,,,,,,,,,,,,,,,,,,,,,,,,,,45963274,false,false,6,2019-04-01,2019-09-30,-1
2021-01-29,38350,2021-03-31,3,2868000000,-0.039,,,,,575000000,-0.118,596000000,-0.123,,409000000,,8.89,8.86,,,,,5271000000,4939000000,0.935,107.04,4929000000,,,,,,,,,,,,true,false,9,2020-04-01,2020-12-31,0
2021-01-29,38350,2020-03-31,3,2984000000,0.128,,,,,652000000,0.340,680000000,0.334,,464000000,,10.11,10.07,,,,,,,,,,,,,,,,,,,,,true,false,9,2019-04-01,2019-12-31,-1
2021-01-29,38350,2021-03-31,3,4150000000,-0.066,,,,,1070000000,-0.172,1100000000,-0.173,,750000000,,16.30,,,,,,,,,,,,,,,,,,,,,,true,true,12,2020-04-01,2021-03-31,0
2021-01-29,38350,2020-03-31,3,,,,,,,,,,,,,,,,,,,,5266000000,4747000000,0.899,102.95,4734000000,,,,,,,,,,,,true,false,12,2019-04-01,2020-03-31,-1
2021-01-29,38350,2020-03-31,3,,,,,,,,,,,,,,,,,,,,,,,,,,,,,11.90,,,,47164800,1176032,,false,false,12,2019-04-01,2020-03-31,-1
2021-01-29,38350,2021-03-31,3,,,,,,,,,,,,,,,,,,,,,,,,,,,,,0.00,,,,,,,false,false,12,2020-04-01,2021-03-31,0
2021-01-29,38350,2021-03-31,3,,,,,,,,,,,,,,,,,,,,,,,,,,,,,4.90,,,,,,,false,true,12,2020-04-01,2021-03-31,0
2021-01-29,38350,2021-03-31,3,,,,,,,,,,,,,,,,,,,,,,,,,,,,,,,,,47164800,1115447,46021592,false,false,9,2020-04-01,2020-12-31,0
2021-01-29,38350,2020-03-31,3,,,,,,,,,,,,,,,,,,,,,,,,,,,,,,,,,,,45970828,false,false,9,2019-04-01,2019-12-31,-1
2021-04-15,38350,2021-03-31,,4302000000,0.037,,,,,1210000000,0.131,1237000000,0.125,,869000000,,18.88,,,,,,,,,,,,,,,,,,,,,,true,true,12,2020-04-01,2021-03-31,0
2021-04-15,38350,2020-03-31,,4441000000,,,,,,1291000000,,1330000000,,,904000000,,19.67,,,,,,,,,,,,,,,,,,,,,,true,false,12,2019-04-01,2020-03-31,-1
2021-05-14,38350,2021-03-31,,4302000000,-0.031,,,,,1211000000,-0.062,1238000000,-0.069,,869000000,,18.90,18.83,0.172,0.222,0.282,,5884000000,5414000000,0.918,117.34,5403000000,960000000,133000000,-262000000,3605000000,,0.302,,,,,,true,false,12,2020-04-01,2021-03-31,0
2021-05-14,38350,2020-03-31,,4441000000,0.099,,,,,1291000000,0.175,1330000000,0.176,,904000000,,19.67,19.59,0.205,0.270,0.291,,5266000000,4747000000,0.899,102.95,4734000000,996000000,-6000000,-229000000,2773000000,,0.302,,,,,,true,false,12,2019-04-01,2020-03-31,-1
2021-05-14,38350,2022-03-31,,1950000000,0.026,,,,,390000000,0.041,400000000,0.025,,270000000,,5.87,,,,,,,,,,,,,,,,,,,,,,true,true,6,2021-04-01,2021-09-30,1
2021-05-14,38350,2022-03-31,,4500000000,0.046,,,,,1250000000,0.032,1300000000,0.050,,880000000,,19.12,,,,,,,,,,,,,,,,0.303,,,,,,true,true,12,2021-04-01,2022-03-31,1
2021-05-14,38350,2020-03-31,,,,,,,,,,,,,,,,,,,,,,,,,,,,,,11.90,,,,47164800,1176032,45975288,false,false,12,2019-04-01,2020-03-31,-1
2021-05-14,38350,2021-03-31,,,,,,,,,,,,,,,,,,,,,,,,,,,,,,5.70,,,,47164800,1115447,46028437,false,false,12,2020-04-01,2021-03-31,0
2021-05-14,38350,2022-03-31,,,,,,,,,,,,,,,,,,,,,,,,,,,,,,5.80,,,,,,,false,true,12,2021-04-01,2022-03-31,1
2021-07-30,38350,2022-03-31,1,896000000,0.016,,,,,92000000,-0.284,97000000,-0.288,,64000000,,1.40,1.39,,,,,5513000000,5124000000,0.927,111.04,5113000000,,,,,,,,,,,,true,false,3,2021-04-01,2021-06-30,0
2021-07-30,38350,2021-03-31,1,882000000,0.032,,,,,129000000,0.311,137000000,0.281,,92000000,,2.01,2.00,,,,,,,,,,,,,,,,,,,,,true,false,3,2020-04-01,2020-06-30,-1
2021-07-30,38350,2022-03-31,1,1950000000,0.026,,,,,390000000,0.041,400000000,0.025,,270000000,,5.87,,,,,,,,,,,,,,,,,,,,,,true,true,6,2021-04-01,2021-09-30,0
2021-07-30,38350,2022-03-31,1,4500000000,0.046,,,,,1250000000,0.032,1300000000,0.050,,880000000,,19.12,,,,,,,,,,,,,,,,,,,,,,true,true,12,2021-04-01,2022-03-31,0
2021-07-30,38350,2021-03-31,1,,,,,,,,,,,,,,,,,,,,5884000000,5414000000,0.918,117.34,5403000000,,,,,,,,,,,,true,false,12,2020-04-01,2021-03-31,-1
2021-07-30,38350,2021-03-31,1,,,,,,,,,,,,,,,,,,,,,,,,,,,,,5.70,,,,47164800,1115447,,false,false,12,2020-04-01,2021-03-31,-1
2021-07-30,38350,2022-03-31,1,,,,,,,,,,,,,,,,,,,,,,,,,,,,,5.80,,,,,,,false,true,12,2021-04-01,2022-03-31,0
2021-07-30,38350,2022-03-31,1,,,,,,,,,,,,,,,,,,,,,,,,,,,,,,,,,47164800,1115447,46049353,false,false,3,2021-04-01,2021-06-30,0
2021-07-30,38350,2021-03-31,1,,,,,,,,,,,,,,,,,,,,,,,,,,,,,,,,,,,45988768,false,false,3,2020-04-01,2020-06-30,-1
2021-10-29,38350,2022-03-31,2,2008000000,0.057,,,,,406000000,0.084,403000000,0.033,,277000000,,6.02,6.01,,,,,5778000000,5343000000,0.923,115.78,5332000000,,,,,,,,,,,,true,false,6,2021-04-01,2021-09-30,0
2021-10-29,38350,2021-03-31,2,1899000000,-0.069,,,,,374000000,-0.222,390000000,-0.220,,267000000,,5.82,5.80,,,,,,,,,,,,,,,,,,,,,true,false,6,2020-04-01,2020-09-30,-1
2021-10-29,38350,2022-03-31,2,4500000000,0.046,,,,,1250000000,0.032,1300000000,0.050,,880000000,,19.12,,,,,,,,,,,,,,,,,,,,,,true,true,12,2021-04-01,2022-03-31,0
2021-10-29,38350,2021-03-31,2,,,,,,,,,,,,,,,,,,,,5884000000,5414000000,0.918,117.34,5403000000,,,,,,,,,,,,true,false,12,2020-04-01,2021-03-31,-1
2021-10-29,38350,2021-03-31,2,,,,,,,,,,,,,,,,,,,,,,,,,,,,,5.70,,,,47164800,1115447,,false,false,12,2020-04-01,2021-03-31,-1
2021-10-29,38350,2022-03-31,2,,,,,,,,,,,,,,,,,,,,,,,,,,,,,0.00,,,,,,,false,false,12,2021-04-01,2022-03-31,0
2021-10-29,38350,2022-03-31,2,,,,,,,,,,,,,,,,,,,,,,,,,,,,,5.80,,,,,,,false,true,12,2021-04-01,2022-03-31,0
2021-10-29,38350,2022-03-31,2,,,,,,,,,,,,,,,,,,,,,,,,,,,,,,,,,47164800,1105562,46052274,false,false,6,2021-04-01,2021-09-30,0
2021-10-29,38350,2021-03-31,2,,,,,,,,,,,,,,,,,,,,,,,,,,,,,,,,,,,46007636,false,false,6,2020-04-01,2020-09-30,-1
2022-01-31,38350,2022-03-31,3,3018000000,0.052,,,,,598000000,0.039,598000000,0.004,,410000000,,8.92,8.89,,,,,5868000000,5482000000,0.932,118.79,5471000000,,,,,,,,,,,,true,false,9,2021-04-01,2021-12-31,0
2022-01-31,38350,2021-03-31,3,2868000000,-0.039,,,,,575000000,-0.118,596000000,-0.123,,409000000,,8.89,8.86,,,,,,,,,,,,,,,,,,,,,true,false,9,2020-04-01,2020-12-31,-1
2022-01-31,38350,2022-03-31,3,4500000000,0.046,,,,,1250000000,0.032,1300000000,0.050,,880000000,,19.12,,,,,,,,,,,,,,,,,,,,,,true,true,12,2021-04-01,2022-03-31,0
2022-01-31,38350,2021-03-31,3,,,,,,,,,,,,,,,,,,,,5884000000,5414000000,0.918,117.34,5403000000,,,,,,,,,,,,true,false,12,2020-04-01,2021-03-31,-1
2022-01-31,38350,2021-03-31,3,,,,,,,,,,,,,,,,,,,,,,,,,,,,,5.70,,,,47164800,1115447,,false,false,12,2020-04-01,2021-03-31,-1
2022-01-31,38350,2022-03-31,3,,,,,,,,,,,,,,,,,,,,,,,,,,,,,0.00,,,,,,,false,false,12,2021-04-01,2022-03-31,0
2022-01-31,38350,2022-03-31,3,,,,,,,,,,,,,,,,,,,,,,,,,,,,,5.80,,,,,,,false,true,12,2021-04-01,2022-03-31,0
2022-01-31,38350,2022-03-31,3,,,,,,,,,,,,,,,,,,,,,,,,,,,,,,,,,47164800,1105562,46054604,false,false,9,2021-04-01,2021-12-31,0
2022-01-31,38350,2021-03-31,3,,,,,,,,,,,,,,,,,,,,,,,,,,,,,,,,,,,46021592,false,false,9,2020-04-01,2020-12-31,-1
2022-04-08,38350,2022-03-31,,4352000000,-0.033,,,,,1072000000,-0.142,1078000000,-0.171,,754000000,,16.39,,,,,,,,,,,,,,,,,,,,,,true,true,12,2021-04-01,2022-03-31,0
2022-04-08,38350,2021-03-31,,4302000000,,,,,,1211000000,,1238000000,,,869000000,,18.90,,,,,,,,,,,,,,,,,,,,,,true,false,12,2020-04-01,2021-03-31,-1
2022-05-13,38350,2022-03-31,,4352000000,0.011,,,,,1081000000,-0.107,1087000000,-0.122,,744000000,,16.16,16.11,0.132,0.178,0.249,,6306000000,5845000000,0.925,126.67,5834000000,763000000,-53000000,-259000000,4058000000,,0.359,,,,,,true,false,12,2021-04-01,2022-03-31,0
2022-05-13,38350,2021-03-31,,4302000000,-0.031,,,,,1211000000,-0.062,1238000000,-0.069,,869000000,,18.90,18.83,0.172,0.222,0.282,,5884000000,5414000000,0.918,117.34,5403000000,960000000,133000000,-262000000,3605000000,,0.302,,,,,,true,false,12,2020-04-01,2021-03-31,-1
2022-05-13,38350,2023-03-31,,2060000000,0.025,,,,,455000000,0.120,460000000,0.140,,315000000,,6.88,,,,,,,,,,,,,,,,,,,,,,true,true,6,2022-04-01,2022-09-30,1
2022-05-13,38350,2023-03-31,,4600000000,0.057,,,,,1330000000,0.230,1350000000,0.241,,920000000,,20.08,,,,,,,,,,,,,,,,0.304,,,,,,true,true,12,2022-04-01,2023-03-31,1
2022-05-13,38350,2021-03-31,,,,,,,,,,,,,,,,,,,,,,,,,,,,,,5.70,,,,47164800,1115447,46028437,false,false,12,2020-04-01,2021-03-31,-1
2022-05-13,38350,2022-03-31,,,,,,,,,,,,,,,,,,,,,,,,,,,,,,5.80,,,,47164800,1105562,46055746,false,false,12,2021-04-01,2022-03-31,0
2022-05-13,38350,2023-03-31,,,,,,,,,,,,,,,,,,,,,,,,,,,,,,6.10,,,,,,,false,true,12,2022-04-01,2023-03-31,1
2022-07-29,38350,2023-03-31,1,961000000,0.072,,,,,147000000,0.594,151000000,0.550,,101000000,,2.22,2.21,,,,,6053000000,5606000000,0.924,121.89,5594000000,,,,,,,,,,,,true,false,3,2022-04-01,2022-06-30,0
2022-07-29,38350,2022-03-31,1,896000000,0.016,,,,,92000000,-0.284,97000000,-0.288,,64000000,,1.40,1.39,,,,,,,,,,,,,,,,,,,,,true,false,3,2021-04-01,2021-06-30,-1
2022-07-29,38350,2023-03-31,1,2060000000,0.025,,,,,455000000,0.120,460000000,0.140,,315000000,,6.88,,,,,,,,,,,,,,,,,,,,,,true,true,6,2022-04-01,2022-09-30,0
2022-07-29,38350,2023-03-31,1,4600000000,0.057,,,,,1330000000,0.230,1350000000,0.241,,920000000,,20.08,,,,,,,,,,,,,,,,,,,,,,true,true,12,2022-04-01,2023-03-31,0
2022-07-29,38350,2022-03-31,1,,,,,,,,,,,,,,,,,,,,6306000000,5845000000,0.925,126.67,5834000000,,,,,,,,,,,,true,false,12,2021-04-01,2022-03-31,-1
2022-07-29,38350,2022-03-31,1,,,,,,,,,,,,,,,,,,,,,,,,,,,,,5.80,,,,47164800,1105562,,false,false,12,2021-04-01,2022-03-31,-1
2022-07-29,38350,2023-03-31,1,,,,,,,,,,,,,,,,,,,,,,,,,,,,,6.10,,,,,,,false,true,12,2022-04-01,2023-03-31,0
2022-07-29,38350,2023-03-31,1,,,,,,,,,,,,,,,,,,,,,,,,,,,,,,,,,47164800,1269162,45984921,false,false,3,2022-04-01,2022-06-30,0
2022-07-29,38350,2022-03-31,1,,,,,,,,,,,,,,,,,,,,,,,,,,,,,,,,,,,46049353,false,false,3,2021-04-01,2021-06-30,-1
2022-10-28,38350,2023-03-31,2,2068000000,0.030,,,,,446000000,0.100,467000000,0.158,,318000000,,6.94,6.93,,,,,6235000000,5749000000,0.920,125.30,5737000000,,,,,,,,,,,,true,false,6,2022-04-01,2022-09-30,0
2022-10-28,38350,2022-03-31,2,2008000000,0.057,,,,,406000000,0.084,403000000,0.033,,277000000,,6.02,6.01,,,,,,,,,,,,,,,,,,,,,true,false,6,2021-04-01,2021-09-30,-1
2022-10-28,38350,2023-03-31,2,4600000000,0.057,,,,,1330000000,0.230,1350000000,0.241,,920000000,,20.08,,,,,,,,,,,,,,,,,,,,,,true,true,12,2022-04-01,2023-03-31,0
2022-10-28,38350,2022-03-31,2,,,,,,,,,,,,,,,,,,,,6306000000,5845000000,0.925,126.67,5834000000,,,,,,,,,,,,true,false,12,2021-04-01,2022-03-31,-1
2022-10-28,38350,2022-03-31,2,,,,,,,,,,,,,,,,,,,,,,,,,,,,,5.80,,,,47164800,1105562,,false,false,12,2021-04-01,2022-03-31,-1
2022-10-28,38350,2023-03-31,2,,,,,,,,,,,,,,,,,,,,,,,,,,,,,0.00,,,,,,,false,false,12,2022-04-01,2023-03-31,0
2022-10-28,38350,2023-03-31,2,,,,,,,,,,,,,,,,,,,,,,,,,,,,,6.10,,,,,,,false,true,12,2022-04-01,2023-03-31,0
2022-10-28,38350,2023-03-31,2,,,,,,,,,,,,,,,,,,,,,,,,,,,,,,,,,47164800,1376162,45913328,false,false,6,2022-04-01,2022-09-30,0
2022-10-28,38350,2022-03-31,2,,,,,,,,,,,,,,,,,,,,,,,,,,,,,,,,,,,46052274,false,false,6,2021-04-01,2021-09-30,-1
2023-01-31,38350,2023-03-31,3,3164000000,0.048,,,,,714000000,0.194,739000000,0.236,,504000000,,11.01,10.98,,,,,6398000000,5918000000,0.923,128.99,5906000000,,,,,,,,,,,,true,false,9,2022-04-01,2022-12-31,0
2023-01-31,38350,2022-03-31,3,3018000000,0.052,,,,,598000000,0.039,598000000,0.004,,410000000,,8.92,8.89,,,,,,,,,,,,,,,,,,,,,true,false,9,2021-04-01,2021-12-31,-1
2023-01-31,38350,2023-03-31,3,4600000000,0.057,,,,,1330000000,0.230,1350000000,0.241,,920000000,,20.08,,,,,,,,,,,,,,,,,,,,,,true,true,12,2022-04-01,2023-03-31,0
2023-01-31,38350,2022-03-31,3,,,,,,,,,,,,,,,,,,,,6306000000,5845000000,0.925,126.67,5834000000,,,,,,,,,,,,true,false,12,2021-04-01,2022-03-31,-1
2023-01-31,38350,2022-03-31,3,,,,,,,,,,,,,,,,,,,,,,,,,,,,,5.80,,,,47164800,1105562,,false,false,12,2021-04-01,2022-03-31,-1
2023-01-31,38350,2023-03-31,3,,,,,,,,,,,,,,,,,,,,,,,,,,,,,0.00,,,,,,,false,false,12,2022-04-01,2023-03-31,0
2023-01-31,38350,2023-03-31,3,,,,,,,,,,,,,,,,,,,,,,,,,,,,,6.10,,,,,,,false,true,12,2022-04-01,2023-03-31,0
2023-01-31,38350,2023-03-31,3,,,,,,,,,,,,,,,,,,,,,,,,,,,,,,,,,47164800,1376162,45871613,false,false,9,2022-04-01,2022-12-31,0
2023-01-31,38350,2022-03-31,3,,,,,,,,,,,,,,,,,,,,,,,,,,,,,,,,,,,46054604,false,false,9,2021-04-01,2021-12-31,-1
2023-05-12,38350,2023-03-31,,4714000000,0.083,,,,,1365000000,0.263,1395000000,0.283,,890000000,,19.43,19.38,0.147,0.209,0.290,,7019000000,6299000000,0.896,137.32,6287000000,1025000000,-134000000,-415000000,4540000000,,0.314,,,,,,true,false,12,2022-04-01,2023-03-31,0
2023-05-12,38350,2022-03-31,,4352000000,0.011,,,,,1081000000,-0.107,1087000000,-0.122,,744000000,,16.16,16.11,0.132,0.178,0.249,,6306000000,5845000000,0.925,126.67,5834000000,763000000,-53000000,-259000000,4058000000,,0.359,,,,,,true,false,12,2021-04-01,2022-03-31,-1
2023-05-12,38350,2024-03-31,,2160000000,0.044,,,,,500000000,0.119,510000000,0.092,,330000000,,7.19,,,,,,,,,,,,,,,,,,,,,,true,true,6,2023-04-01,2023-09-30,1
2023-05-12,38350,2024-03-31,,4900000000,0.039,,,,,1480000000,0.084,1500000000,0.075,,1010000000,,22.02,,,,,,,,,,,,,,,,0.327,,,,,,true,true,12,2023-04-01,2024-03-31,1
2023-05-12,38350,2023-03-31,,2261000000,0.154,,,,,951000000,0.427,1044000000,0.401,659000000,,0.273,14.39,14.35,,,,,4804000000,4293000000,0.891,93.50,4281000000,,,,,6.10,,,,47164800,1376162,45851153,false,false,12,2022-04-01,2023-03-31,0
2023-05-12,38350,2022-03-31,,1960000000,-0.037,,,,,666000000,-0.192,745000000,-0.176,518000000,,-0.202,11.25,11.22,,,,,4341000000,4070000000,0.935,88.13,4059000000,,,,,5.80,,,,47164800,1105562,46055746,false,false,12,2021-04-01,2022-03-31,-1
2023-05-12,38350,2024-03-31,,,,,,,,,,,,,,,,,,,,,,,,,,,,,,7.20,,,,,,,false,true,12,2023-04-01,2024-03-31,1
2023-07-31,38350,2024-03-31,1,1082000000,0.126,,,,,227000000,0.540,230000000,0.523,,156000000,,3.41,3.40,,,,,6685000000,6206000000,0.926,135.27,6193000000,,,,,,,,,,,,true,false,3,2023-04-01,2023-06-30,0
2023-07-31,38350,2023-03-31,1,961000000,0.072,,,,,147000000,0.594,151000000,0.550,,101000000,,2.22,2.21,,,,,,,,,,,,,,,,,,,,,true,false,3,2022-04-01,2022-06-30,-1
2023-07-31,38350,2024-03-31,1,2160000000,0.044,,,,,500000000,0.119,510000000,0.092,,330000000,,7.19,,,,,,,,,,,,,,,,,,,,,,true,true,6,2023-04-01,2023-09-30,0
2023-07-31,38350,2024-03-31,1,4900000000,0.039,,,,,1480000000,0.084,1500000000,0.075,,1010000000,,22.02,,,,,,,,,,,,,,,,,,,,,,true,true,12,2023-04-01,2024-03-31,0
2023-07-31,38350,2023-03-31,1,,,,,,,,,,,,,,,,,,,,7019000000,6299000000,0.896,137.32,6287000000,,,,,,,,,,,,true,false,12,2022-04-01,2023-03-31,-1
2023-07-31,38350,2023-03-31,1,,,,,,,,,,,,,,,,,,,,,,,,,,,,,6.10,,,,47164800,1376162,,false,false,12,2022-04-01,2023-03-31,-1
2023-07-31,38350,2024-03-31,1,,,,,,,,,,,,,,,,,,,,,,,,,,,,,7.20,,,,,,,false,true,12,2023-04-01,2024-03-31,0
2023-07-31,38350,2024-03-31,1,,,,,,,,,,,,,,,,,,,,,,,,,,,,,,,,,47164800,1376162,45788638,false,false,3,2023-04-01,2023-06-30,0
2023-07-31,38350,2023-03-31,1,,,,,,,,,,,,,,,,,,,,,,,,,,,,,,,,,,,45984921,false,false,3,2022-04-01,2022-06-30,-1
2023-10-13,38350,2024-03-31,,2366000000,0.095,,,,,627000000,0.254,635000000,0.245,,433000000,,9.45,,,,,,,,,,,,,,,,,,,,,,true,true,6,2023-04-01,2023-09-30,0
2023-10-13,38350,2023-03-31,,2068000000,,,,,,446000000,,467000000,,,318000000,,6.94,,,,,,,,,,,,,,,,,,,,,,true,false,6,2022-04-01,2022-09-30,-1
2023-10-31,38350,2024-03-31,2,2371000000,0.146,,,,,628000000,0.407,636000000,0.362,,434000000,,9.49,9.47,,,,,7157000000,6506000000,0.908,141.76,6498000000,,,,,,,,,,,,true,false,6,2023-04-01,2023-09-30,0
2023-10-31,38350,2023-03-31,2,2068000000,0.030,,,,,446000000,0.100,467000000,0.158,,318000000,,6.94,6.93,,,,,,,,,,,,,,,,,,,,,true,false,6,2022-04-01,2022-09-30,-1
2023-10-31,38350,2024-03-31,2,4900000000,0.039,,,,,1480000000,0.084,1500000000,0.075,,1010000000,,22.02,,,,,,,,,,,,,,,,,,,,,,true,true,12,2023-04-01,2024-03-31,0
2023-10-31,38350,2023-03-31,2,,,,,,,,,,,,,,,,,,,,7019000000,6299000000,0.896,137.32,6287000000,,,,,,,,,,,,true,false,12,2022-04-01,2023-03-31,-1
2023-10-31,38350,2023-03-31,2,,,,,,,,,,,,,,,,,,,,,,,,,,,,,6.10,,,,47164800,1376162,,false,false,12,2022-04-01,2023-03-31,-1
2023-10-31,38350,2024-03-31,2,,,,,,,,,,,,,,,,,,,,,,,,,,,,,0.00,,,,,,,false,false,12,2023-04-01,2024-03-31,0
2023-10-31,38350,2024-03-31,2,,,,,,,,,,,,,,,,,,,,,,,,,,,,,7.20,,,,,,,false,true,12,2023-04-01,2024-03-31,0
2023-10-31,38350,2024-03-31,2,,,,,,,,,,,,,,,,,,,,,,,,,,,,,,,,,47164800,1323457,45804556,false,false,6,2023-04-01,2023-09-30,0
2023-10-31,38350,2023-03-31,2,,,,,,,,,,,,,,,,,,,,,,,,,,,,,,,,,,,45913328,false,false,6,2022-04-01,2022-09-30,-1
2024-01-31,38350,2024-03-31,3,3597000000,0.137,,,,,981000000,0.374,990000000,0.339,,676000000,,14.77,14.74,,,,,7078000000,6540000000,0.923,143.35,6533000000,,,,,,,,,,,,true,false,9,2023-04-01,2023-12-31,0
2024-01-31,38350,2023-03-31,3,3164000000,0.048,,,,,714000000,0.194,739000000,0.236,,504000000,,11.01,10.98,,,,,,,,,,,,,,,,,,,,,true,false,9,2022-04-01,2022-12-31,-1
2024-01-31,38350,2024-03-31,3,4900000000,0.039,,,,,1480000000,0.084,1500000000,0.075,,1010000000,,22.02,,,,,,,,,,,,,,,,,,,,,,true,true,12,2023-04-01,2024-03-31,0
2024-01-31,38350,2023-03-31,3,,,,,,,,,,,,,,,,,,,,7019000000,6299000000,0.896,137.32,6287000000,,,,,,,,,,,,true,false,12,2022-04-01,2023-03-31,-1
2024-01-31,38350,2023-03-31,3,,,,,,,,,,,,,,,,,,,,,,,,,,,,,6.10,,,,47164800,1376162,,false,false,12,2022-04-01,2023-03-31,-1
2024-01-31,38350,2024-03-31,3,,,,,,,,,,,,,,,,,,,,,,,,,,,,,0.00,,,,,,,false,false,12,2023-04-01,2024-03-31,0
2024-01-31,38350,2024-03-31,3,,,,,,,,,,,,,,,,,,,,,,,,,,,,,7.20,,,,,,,false,true,12,2023-04-01,2024-03-31,0
2024-01-31,38350,2024-03-31,3,,,,,,,,,,,,,,,,,,,,,,,,,,,,,,,,,47164800,1590757,45777805,false,false,9,2023-04-01,2023-12-31,0
2024-01-31,38350,2023-03-31,3,,,,,,,,,,,,,,,,,,,,,,,,,,,,,,,,,,,45871613,false,false,9,2022-04-01,2022-12-31,-1
2024-04-08,38350,2024-03-31,,5140000000,0.049,,,,,1630000000,0.101,1640000000,0.093,,1125000000,,24.61,,,,,,,,,,,,,,,,,,,,,,true,true,12,2023-04-01,2024-03-31,0
2024-04-08,38350,2023-03-31,,4714000000,,,,,,1365000000,,1395000000,,,890000000,,19.43,,,,,,,,,,,,,,,,,,,,,,true,false,12,2022-04-01,2023-03-31,-1
,38350,2024-03-31,,,,,,,,,,,,,,,,,,,,,,,,,,,,,,10.10,,,,,,,false,true,12,2023-04-01,2024-03-31,0
,38350,2024-03-31,,,,,,,,,,,,,,,,,,,,,,,,,,,,,,0.00,,,,,,,false,false,12,2023-04-01,2024-03-31,0
,38350,2023-03-31,,,,,,,,,,,,,,,,,,,,,,,,,,,,,,6.10,,,,,,,false,false,12,2022-04-01,2023-03-31,-1
2024-05-15,38350,2024-03-31,,5192000000,0.101,,,,,1651000000,0.209,1662000000,0.191,,1144000000,,25.04,24.99,0.173,0.224,0.318,,7809000000,6941000000,0.888,152.57,6934000000,1334000000,-306000000,-565000000,5005000000,,0.403,,,,,,true,false,12,2023-04-01,2024-03-31,0
2024-05-15,38350,2023-03-31,,4714000000,0.083,,,,,1365000000,0.263,1395000000,0.283,,890000000,,19.43,19.38,0.147,0.209,0.290,,7019000000,6299000000,0.896,137.32,6287000000,1025000000,-134000000,-415000000,4540000000,,0.314,,,,,,true,false,12,2022-04-01,2023-03-31,-1
2024-05-15,38350,2025-03-31,,2500000000,0.054,,,,,660000000,0.050,670000000,0.053,,445000000,,9.79,,,,,,,,,,,,,,,,,,,,,,true,true,6,2024-04-01,2024-09-30,1
2024-05-15,38350,2025-03-31,,5500000000,0.059,,,,,1800000000,0.090,1850000000,0.113,,1250000000,,27.50,,,,,,,,,,,,,,,,0.502,,,,,,true,true,12,2024-04-01,2025-03-31,1
2024-05-15,38350,2024-03-31,,2639000000,0.167,,,,,1223000000,0.285,1294000000,0.240,902000000,,0.369,19.75,19.71,,,,,5303000000,4693000000,0.884,103.11,4686000000,,,,,10.10,,,,47164800,1716257,45712375,false,false,12,2023-04-01,2024-03-31,0
2024-05-15,38350,2023-03-31,,2261000000,0.154,,,,,951000000,0.427,1044000000,0.401,659000000,,0.273,14.39,14.35,,,,,4804000000,4293000000,0.891,93.50,4281000000,,,,,6.10,,,,47164800,1376162,45851153,false,false,12,2022-04-01,2023-03-31,-1
2024-05-15,38350,2025-03-31,,,,,,,,,,,,,,,,,,,,,,,,,,,,,,13.80,,,,,,,false,true,12,2024-04-01,2025-03-31,1
2024-07-31,38350,2025-03-31,1,1063000000,-0.018,,,,,169000000,-0.256,184000000,-0.200,,123000000,,2.72,2.72,,,,,7115000000,6526000000,0.916,143.91,6519000000,,,,,,,,,,,,true,false,3,2024-04-01,2024-06-30,0
2024-07-31,38350,2024-03-31,1,1082000000,0.126,,,,,227000000,0.540,230000000,0.523,,156000000,,3.41,3.40,,,,,,,,,,,,,,,,,,,,,true,false,3,2023-04-01,2023-06-30,-1
2024-07-31,38350,2025-03-31,1,2500000000,0.054,,,,,660000000,0.050,670000000,0.053,,445000000,,9.79,,,,,,,,,,,,,,,,,,,,,,true,true,6,2024-04-01,2024-09-30,0
2024-07-31,38350,2025-03-31,1,5500000000,0.059,,,,,1800000000,0.090,1850000000,0.113,,1250000000,,27.50,,,,,,,,,,,,,,,,,,,,,,true,true,12,2024-04-01,2025-03-31,0
2024-07-31,38350,2024-03-31,1,,,,,,,,,,,,,,,,,,,,7809000000,6941000000,0.888,152.57,6934000000,,,,,,,,,,,,true,false,12,2023-04-01,2024-03-31,-1
2024-07-31,38350,2024-03-31,1,,,,,,,,,,,,,,,,,,,,,,,,,,,,,10.10,,,,47164800,1716257,,false,false,12,2023-04-01,2024-03-31,-1
2024-07-31,38350,2025-03-31,1,,,,,,,,,,,,,,,,,,,,,,,,,,,,,13.80,,,,,,,false,true,12,2024-04-01,2025-03-31,0
2024-07-31,38350,2025-03-31,1,,,,,,,,,,,,,,,,,,,,,,,,,,,,,,,,,47164800,1864457,45402513,false,false,3,2024-04-01,2024-06-30,0
2024-07-31,38350,2024-03-31,1,,,,,,,,,,,,,,,,,,,,,,,,,,,,,,,,,,,45788638,false,false,3,2023-04-01,2023-06-30,-1
2024-10-31,38350,2025-03-31,2,2530000000,0.067,,,,,701000000,0.117,734000000,0.154,,487000000,,10.75,10.74,,,,,7390000000,6773000000,0.916,149.77,6770000000,,,,,,,,,,,,true,false,6,2024-04-01,2024-09-30,0
2024-10-31,38350,2024-03-31,2,2371000000,0.146,,,,,628000000,0.407,636000000,0.362,,434000000,,9.49,9.47,,,,,,,,,,,,,,,,,,,,,true,false,6,2023-04-01,2023-09-30,-1
2024-10-31,38350,2025-03-31,2,5500000000,0.059,,,,,1800000000,0.090,1850000000,0.113,,1250000000,,27.50,,,,,,,,,,,,,,,,,,,,,,true,true,12,2024-04-01,2025-03-31,0
2024-10-31,38350,2024-03-31,2,,,,,,,,,,,,,,,,,,,,7809000000,6941000000,0.888,152.57,6934000000,,,,,,,,,,,,true,false,12,2023-04-01,2024-03-31,-1
2024-10-31,38350,2024-03-31,2,,,,,,,,,,,,,,,,,,,,,,,,,,,,,10.10,,,,47164800,1716257,,false,false,12,2023-04-01,2024-03-31,-1
2024-10-31,38350,2025-03-31,2,,,,,,,,,,,,,,,,,,,,,,,,,,,,,0.00,,,,,,,false,false,12,2024-04-01,2025-03-31,0
2024-10-31,38350,2025-03-31,2,,,,,,,,,,,,,,,,,,,,,,,,,,,,,13.80,,,,,,,false,true,12,2024-04-01,2025-03-31,0
2024-10-31,38350,2025-03-31,2,,,,,,,,,,,,,,,,,,,,,,,,,,,,,,,,,47164800,1958352,45338964,false,false,6,2024-04-01,2024-09-30,0
2024-10-31,38350,2024-03-31,2,,,,,,,,,,,,,,,,,,,,,,,,,,,,,,,,,,,45804556,false,false,6,2023-04-01,2023-09-30,-1
2025-01-31,38350,2025-03-31,3,3696000000,0.027,,,,,940000000,-0.041,975000000,-0.015,,650000000,,14.38,14.36,,,,,7385000000,6865000000,0.929,152.35,6863000000,,,,,,,,,,,,true,false,9,2024-04-01,2024-12-31,0
2025-01-31,38350,2024-03-31,3,3597000000,0.137,,,,,981000000,0.374,990000000,0.339,,676000000,,14.77,14.74,,,,,,,,,,,,,,,,,,,,,true,false,9,2023-04-01,2023-12-31,-1
2025-01-31,38350,2025-03-31,3,5500000000,0.059,,,,,1800000000,0.090,1850000000,0.113,,1250000000,,27.50,,,,,,,,,,,,,,,,,,,,,,true,true,12,2024-04-01,2025-03-31,0
2025-01-31,38350,2024-03-31,3,,,,,,,,,,,,,,,,,,,,7809000000,6941000000,0.888,152.57,6934000000,,,,,,,,,,,,true,false,12,2023-04-01,2024-03-31,-1
2025-01-31,38350,2024-03-31,3,,,,,,,,,,,,,,,,,,,,,,,,,,,,,10.10,,,,47164800,1716257,,false,false,12,2023-04-01,2024-03-31,-1
2025-01-31,38350,2025-03-31,3,,,,,,,,,,,,,,,,,,,,,,,,,,,,,0.00,,,,,,,false,false,12,2024-04-01,2025-03-31,0
2025-01-31,38350,2025-03-31,3,,,,,,,,,,,,,,,,,,,,,,,,,,,,,13.80,,,,,,,false,true,12,2024-04-01,2025-03-31,0
2025-01-31,38350,2025-03-31,3,,,,,,,,,,,,,,,,,,,,,,,,,,,,,,,,,47164800,2112252,45275464,false,false,9,2024-04-01,2024-12-31,0
2025-01-31,38350,2024-03-31,3,,,,,,,,,,,,,,,,,,,,,,,,,,,,,,,,,,,45777805,false,false,9,2023-04-01,2023-12-31,-1
2025-05-15,38350,2025-03-31,,5469000000,0.053,,,,,1731000000,0.049,1797000000,0.081,,1250000000,,27.67,27.65,0.175,0.226,0.317,,8112000000,7357000000,0.907,163.84,7355000000,1166000000,87000000,-837000000,5421000000,,0.502,,,,,,true,false,12,2024-04-01,2025-03-31,0
2025-05-15,38350,2024-03-31,,5192000000,0.101,,,,,1651000000,0.209,1662000000,0.191,,1144000000,,25.04,24.99,0.173,0.224,0.318,,7809000000,6941000000,0.888,152.57,6934000000,1334000000,-306000000,-565000000,5005000000,,0.403,,,,,,true,false,12,2023-04-01,2024-03-31,-1
2025-05-15,38350,2026-03-31,,2550000000,0.008,,,,,655000000,-0.067,665000000,-0.095,,455000000,,10.06,,,,,,,,,,,,,,,,,,,,,,true,true,6,2025-04-01,2025-09-30,1
2025-05-15,38350,2026-03-31,,5800000000,0.060,,,,,1970000000,0.138,2000000000,0.112,,1370000000,,30.30,,,,,,,,,,,,,,,,0.502,,,,,,true,true,12,2025-04-01,2026-03-31,1
2025-05-15,38350,2024-03-31,,,,,,,,,,,,,,,,,,,,,,,,,,,,,,10.10,,,,47164800,1716257,45712375,false,false,12,2023-04-01,2024-03-31,-1
2025-05-15,38350,2025-03-31,,,,,,,,,,,,,,,,,,,,,,,,,,,,,,13.90,,,,47164800,2269652,45205087,false,false,12,2024-04-01,2025-03-31,0
2025-05-15,38350,2026-03-31,,,,,,,,,,,,,,,,,,,,,,,,,,,,,,15.20,,,,,,,false,true,12,2025-04-01,2026-03-31,1
