filing_date,code,fiscal_year_end,quarterly_period,net_sales,net_sales_change,revenue,revenue_change,operating_revenue,operating_revenue_change,operating_profit,operating_profit_change,ordinary_profit,ordinary_profit_change,net_income,net_income_of_parent,net_income_change,eps,diluted_eps,roe,roa,operating_profit_to_net_sales,operating_profit_to_revenue,total_assets,net_assets,equity_ratio,bps,owner_equity,operating_cash_flow,investing_cash_flow,financing_cash_flow,cash,dividend_per_share,payout_ratio,commemorative_dividend,extra_dividend,number_of_shares,number_of_treqsury_shares,avg_number_of_shares,is_consolidated,is_forecast,duration,period_start,period_end,period_pos
2015-07-29,38390,2016-03-31,1,387000000,-0.136,,,,,-85000000,,-83000000,,,-57000000,,-7.93,,,,,,5547000000,3855000000,0.695,528.16,3855000000,,,,,,,,,,,,true,false,3,2015-04-01,2015-06-30,0
2015-07-29,38390,2015-03-31,1,448000000,0.056,,,,,-101000000,,-102000000,,,-69000000,,-9.46,,,,,,,,,,,,,,,,,,,,,,true,false,3,2014-04-01,2014-06-30,-1
2015-07-29,38390,2016-03-31,1,3800000000,0.145,,,,,150000000,-0.154,170000000,-0.163,,110000000,,15.07,,,,,,,,,,,,,,,,,,,,,,true,true,12,2015-04-01,2016-03-31,0
2015-07-29,38390,2015-03-31,1,,,,,,,,,,,,,,,,,,,,5836000000,3941000000,0.675,539.89,3941000000,,,,,,,,,,,,true,false,12,2014-04-01,2015-03-31,-1
2015-07-29,38390,2015-03-31,1,,,,,,,,,,,,,,,,,,,,,,,,,,,,,10.00,,,,8200000,900000,,false,false,12,2014-04-01,2015-03-31,-1
2015-07-29,38390,2016-03-31,1,,,,,,,,,,,,,,,,,,,,,,,,,,,,,10.00,,,,,,,false,true,12,2015-04-01,2016-03-31,0
2015-07-29,38390,2016-03-31,1,,,,,,,,,,,,,,,,,,,,,,,,,,,,,,,,,8200000,900000,7300000,false,false,3,2015-04-01,2015-06-30,0
2015-07-29,38390,2015-03-31,1,,,,,,,,,,,,,,,,,,,,,,,,,,,,,,,,,,,7300000,false,false,3,2014-04-01,2014-06-30,-1
2015-10-28,38390,2016-03-31,2,755000000,-0.054,,,,,-202000000,,-183000000,,,-129000000,,-17.75,,,,,,5502000000,3796000000,0.690,520.10,3796000000,,,,,,,,,,,,true,false,6,2015-04-01,2015-09-30,0
2015-10-28,38390,2015-03-31,2,798000000,-0.099,,,,,-232000000,,-225000000,,,-150000000,,-20.63,,,,,,,,,,,,,,,,,,,,,,true,false,6,2014-04-01,2014-09-30,-1
2015-10-28,38390,2016-03-31,2,3800000000,0.145,,,,,150000000,-0.154,170000000,-0.163,,110000000,,15.07,,,,,,,,,,,,,,,,,,,,,,true,true,12,2015-04-01,2016-03-31,0
2015-10-28,38390,2015-03-31,2,,,,,,,,,,,,,,,,,,,,5836000000,3941000000,0.675,539.89,3941000000,,,,,,,,,,,,true,false,12,2014-04-01,2015-03-31,-1
2015-10-28,38390,2015-03-31,2,,,,,,,,,,,,,,,,,,,,,,,,,,,,,10.00,,,,8200000,900000,,false,false,12,2014-04-01,2015-03-31,-1
2015-10-28,38390,2016-03-31,2,,,,,,,,,,,,,,,,,,,,,,,,,,,,,5.00,,,,,,,false,false,12,2015-04-01,2016-03-31,0
2015-10-28,38390,2016-03-31,2,,,,,,,,,,,,,,,,,,,,,,,,,,,,,10.00,,,,,,,false,true,12,2015-04-01,2016-03-31,0
2015-10-28,38390,2016-03-31,2,,,,,,,,,,,,,,,,,,,,,,,,,,,,,,,,,8200000,900000,7300000,false,false,6,2015-04-01,2015-09-30,0
2015-10-28,38390,2015-03-31,2,,,,,,,,,,,,,,,,,,,,,,,,,,,,,,,,,,,7300000,false,false,6,2014-04-01,2014-09-30,-1
2016-01-27,38390,2016-03-31,3,1337000000,-0.035,,,,,-248000000,,-220000000,,,-157000000,,-21.52,,,,,,5486000000,3769000000,0.687,516.38,3769000000,,,,,,,,,,,,true,false,9,2015-04-01,2015-12-31,0
2016-01-27,38390,2015-03-31,3,1386000000,-0.057,,,,,-257000000,,-244000000,,,-164000000,,-22.54,,,,,,,,,,,,,,,,,,,,,,true,false,9,2014-04-01,2014-12-31,-1
2016-01-27,38390,2016-03-31,3,3800000000,0.145,,,,,150000000,-0.154,170000000,-0.163,,110000000,,15.07,,,,,,,,,,,,,,,,,,,,,,true,true,12,2015-04-01,2016-03-31,0
2016-01-27,38390,2015-03-31,3,,,,,,,,,,,,,,,,,,,,5836000000,3941000000,0.675,539.89,3941000000,,,,,,,,,,,,true,false,12,2014-04-01,2015-03-31,-1
2016-01-27,38390,2015-03-31,3,,,,,,,,,,,,,,,,,,,,,,,,,,,,,10.00,,,,8200000,900000,,false,false,12,2014-04-01,2015-03-31,-1
2016-01-27,38390,2016-03-31,3,,,,,,,,,,,,,,,,,,,,,,,,,,,,,5.00,,,,,,,false,false,12,2015-04-01,2016-03-31,0
2016-01-27,38390,2016-03-31,3,,,,,,,,,,,,,,,,,,,,,,,,,,,,,10.00,,,,,,,false,true,12,2015-04-01,2016-03-31,0
2016-01-27,38390,2016-03-31,3,,,,,,,,,,,,,,,,,,,,,,,,,,,,,,,,,8200000,900000,7300000,false,false,9,2015-04-01,2015-12-31,0
2016-01-27,38390,2015-03-31,3,,,,,,,,,,,,,,,,,,,,,,,,,,,,,,,,,,,7300000,false,false,9,2014-04-01,2014-12-31,-1
2016-03-30,38390,2016-03-31,,3500000000,-0.079,,,,,80000000,-0.467,110000000,-0.353,,50000000,,6.85,,,,,,,,,,,,,,,,,,,,,,true,true,12,2015-04-01,2016-03-31,0
2016-03-30,38390,2015-03-31,,3319000000,,,,,,177000000,,203000000,,,92000000,,12.63,,,,,,,,,,,,,,,,,,,,,,true,false,12,2014-04-01,2015-03-31,-1
2016-03-30,38390,2016-03-31,,3300000000,-0.083,,,,,80000000,-0.467,110000000,-0.353,50000000,,-0.545,6.85,,,,,,,,,,,,,,,,,,,,,,false,true,12,2015-04-01,2016-03-31,0
2016-03-30,38390,2015-03-31,,3170000000,,,,,,174000000,,200000000,,96000000,,,13.22,,,,,,,,,,,,,,,,,,,,,,false,false,12,2014-04-01,2015-03-31,-1
2016-04-27,38390,2016-03-31,,3486000000,0.050,,,,,108000000,-0.388,136000000,-0.326,,67000000,,9.22,,0.017,0.023,0.031,,5840000000,3974000000,0.680,544.44,3974000000,458000000,-69000000,-344000000,1563000000,,1.084,,,,,,true,false,12,2015-04-01,2016-03-31,0
2016-04-27,38390,2015-03-31,,3319000000,0.025,,,,,177000000,-0.389,203000000,-0.435,,92000000,,12.63,,0.023,0.037,0.053,,5836000000,3941000000,0.675,539.89,3941000000,240000000,-545000000,400000000,1519000000,,0.792,,,,,,true,false,12,2014-04-01,2015-03-31,-1
2016-04-27,38390,2017-03-31,,4200000000,0.205,,,,,150000000,0.381,160000000,0.169,,100000000,,13.70,,,,,,,,,,,,,,,,,,,,,,true,true,12,2016-04-01,2017-03-31,1
2016-04-27,38390,2016-03-31,,3343000000,0.055,,,,,96000000,-0.444,125000000,-0.374,65000000,,-0.318,9.02,,,,,,5902000000,4031000000,0.683,552.21,4031000000,,,,,10.00,,,,8200000,900000,7300000,false,false,12,2015-04-01,2016-03-31,0
2016-04-27,38390,2015-03-31,,3170000000,0.019,,,,,174000000,-0.410,200000000,-0.452,96000000,,-0.609,13.22,,,,,,5898000000,3999000000,0.678,547.87,3999000000,,,,,10.00,,,,8200000,900000,7300000,false,false,12,2014-04-01,2015-03-31,-1
2016-04-27,38390,2017-03-31,,4000000000,0.196,,,,,140000000,0.444,150000000,0.198,100000000,,0.520,13.70,,,,,,,,,,,,,,,10.00,,,,,,,false,true,12,2016-04-01,2017-03-31,1
2016-07-27,38390,2017-03-31,1,413000000,0.067,,,,,-134000000,,-131000000,,,-94000000,,-12.92,,,,,,5501000000,3791000000,0.689,519.38,3791000000,,,,,,,,,,,,true,false,3,2016-04-01,2016-06-30,0
2016-07-27,38390,2016-03-31,1,387000000,-0.136,,,,,-85000000,,-83000000,,,-57000000,,-7.93,,,,,,,,,,,,,,,,,,,,,,true,false,3,2015-04-01,2015-06-30,-1
2016-07-27,38390,2017-03-31,1,4200000000,0.205,,,,,150000000,0.381,160000000,0.169,,100000000,,13.70,,,,,,,,,,,,,,,,,,,,,,true,true,12,2016-04-01,2017-03-31,0
2016-07-27,38390,2016-03-31,1,,,,,,,,,,,,,,,,,,,,5840000000,3974000000,0.680,544.44,3974000000,,,,,,,,,,,,true,false,12,2015-04-01,2016-03-31,-1
2016-07-27,38390,2016-03-31,1,,,,,,,,,,,,,,,,,,,,,,,,,,,,,10.00,,,,8200000,900000,,false,false,12,2015-04-01,2016-03-31,-1
2016-07-27,38390,2017-03-31,1,,,,,,,,,,,,,,,,,,,,,,,,,,,,,10.00,,,,,,,false,true,12,2016-04-01,2017-03-31,0
2016-07-27,38390,2017-03-31,1,,,,,,,,,,,,,,,,,,,,,,,,,,,,,,,,,8200000,900000,7300000,false,false,3,2016-04-01,2016-06-30,0
2016-07-27,38390,2016-03-31,1,,,,,,,,,,,,,,,,,,,,,,,,,,,,,,,,,,,7300000,false,false,3,2015-04-01,2015-06-30,-1
2016-10-26,38390,2017-03-31,2,885000000,0.173,,,,,-257000000,,-256000000,,,-184000000,,-25.00,,,,,,5510000000,3868000000,0.702,509.07,3868000000,,,,,,,,,,,,true,false,6,2016-04-01,2016-09-30,0
2016-10-26,38390,2016-03-31,2,755000000,-0.054,,,,,-202000000,,-183000000,,,-129000000,,-17.75,,,,,,,,,,,,,,,,,,,,,,true,false,6,2015-04-01,2015-09-30,-1
2016-10-26,38390,2017-03-31,2,4200000000,0.205,,,,,150000000,0.381,160000000,0.169,,100000000,,13.37,,,,,,,,,,,,,,,,,,,,,,true,true,12,2016-04-01,2017-03-31,0
2016-10-26,38390,2016-03-31,2,,,,,,,,,,,,,,,,,,,,5840000000,3974000000,0.680,544.44,3974000000,,,,,,,,,,,,true,false,12,2015-04-01,2016-03-31,-1
2016-10-26,38390,2016-03-31,2,,,,,,,,,,,,,,,,,,,,,,,,,,,,,10.00,,,,8200000,900000,,false,false,12,2015-04-01,2016-03-31,-1
2016-10-26,38390,2017-03-31,2,,,,,,,,,,,,,,,,,,,,,,,,,,,,,5.00,,,,,,,false,false,12,2016-04-01,2017-03-31,0
2016-10-26,38390,2017-03-31,2,,,,,,,,,,,,,,,,,,,,,,,,,,,,,10.00,,,,,,,false,true,12,2016-04-01,2017-03-31,0
2016-10-26,38390,2017-03-31,2,,,,,,,,,,,,,,,,,,,,,,,,,,,,,,,,,8200000,600000,7363934,false,false,6,2016-04-01,2016-09-30,0
2016-10-26,38390,2016-03-31,2,,,,,,,,,,,,,,,,,,,,,,,,,,,,,,,,,,,7300000,false,false,6,2015-04-01,2015-09-30,-1
2017-01-31,38390,2017-03-31,3,1654000000,0.237,,,,,-255000000,,-241000000,,,-176000000,,-23.70,,,,,,6027000000,3868000000,0.642,508.97,3868000000,,,,,,,,,,,,true,false,9,2016-04-01,2016-12-31,0
2017-01-31,38390,2016-03-31,3,1337000000,-0.035,,,,,-248000000,,-220000000,,,-157000000,,-21.52,,,,,,,,,,,,,,,,,,,,,,true,false,9,2015-04-01,2015-12-31,-1
2017-01-31,38390,2017-03-31,3,4200000000,0.205,,,,,150000000,0.381,160000000,0.169,,100000000,,13.37,,,,,,,,,,,,,,,,,,,,,,true,true,12,2016-04-01,2017-03-31,0
2017-01-31,38390,2016-03-31,3,,,,,,,,,,,,,,,,,,,,5840000000,3974000000,0.680,544.44,3974000000,,,,,,,,,,,,true,false,12,2015-04-01,2016-03-31,-1
2017-01-31,38390,2016-03-31,3,,,,,,,,,,,,,,,,,,,,,,,,,,,,,10.00,,,,8200000,900000,,false,false,12,2015-04-01,2016-03-31,-1
2017-01-31,38390,2017-03-31,3,,,,,,,,,,,,,,,,,,,,,,,,,,,,,5.00,,,,,,,false,false,12,2016-04-01,2017-03-31,0
2017-01-31,38390,2017-03-31,3,,,,,,,,,,,,,,,,,,,,,,,,,,,,,10.00,,,,,,,false,true,12,2016-04-01,2017-03-31,0
2017-01-31,38390,2017-03-31,3,,,,,,,,,,,,,,,,,,,,,,,,,,,,,,,,,8200000,600000,7442909,false,false,9,2016-04-01,2016-12-31,0
2017-01-31,38390,2016-03-31,3,,,,,,,,,,,,,,,,,,,,,,,,,,,,,,,,,,,7300000,false,false,9,2015-04-01,2015-12-31,-1
2017-04-26,38390,2017-03-31,,4311000000,0.237,,,,,162000000,0.497,183000000,0.341,,121000000,,16.21,,0.029,0.028,0.038,,6473000000,4158000000,0.642,547.23,4158000000,670000000,-196000000,316000000,2353000000,,0.617,,,,,,true,false,12,2016-04-01,2017-03-31,0
2017-04-26,38390,2016-03-31,,3486000000,0.050,,,,,108000000,-0.388,136000000,-0.326,,67000000,,9.22,,0.017,0.023,0.031,,5840000000,3974000000,0.680,544.44,3974000000,458000000,-69000000,-344000000,1563000000,,1.084,,,,,,true,false,12,2015-04-01,2016-03-31,-1
2017-04-26,38390,2018-03-31,,4900000000,0.136,,,,,190000000,0.169,200000000,0.090,,140000000,,18.42,,,,,,,,,,,,,,,,,,,,,,true,true,12,2017-04-01,2018-03-31,1
2017-04-26,38390,2017-03-31,,4148000000,0.241,,,,,143000000,0.483,164000000,0.315,115000000,,0.750,15.39,,,,,,6518000000,4209000000,0.646,553.89,4209000000,,,,,10.00,,,,8200000,600000,7481644,false,false,12,2016-04-01,2017-03-31,0
2017-04-26,38390,2016-03-31,,3343000000,0.055,,,,,96000000,-0.444,125000000,-0.374,65000000,,-0.318,9.02,,,,,,5902000000,4031000000,0.683,552.21,4031000000,,,,,10.00,,,,8200000,900000,7300000,false,false,12,2015-04-01,2016-03-31,-1
2017-04-26,38390,2018-03-31,,4700000000,0.133,,,,,170000000,0.182,180000000,0.093,130000000,,0.129,17.11,,,,,,,,,,,,,,,10.00,,,,,,,false,true,12,2017-04-01,2018-03-31,1
2017-04-26,38390,2017-03-31,,4311000000,0.237,,,,,162000000,0.497,183000000,0.341,,121000000,,16.21,,0.030,0.030,0.038,,6473000000,4158000000,0.642,547.23,4158000000,670000000,-196000000,316000000,2353000000,,0.617,,,,,,true,false,12,2016-04-01,2017-03-31,0
2017-04-26,38390,2016-03-31,,3486000000,0.050,,,,,108000000,-0.388,136000000,-0.326,,67000000,,9.22,,0.017,0.023,0.031,,5840000000,3974000000,0.680,544.44,3974000000,458000000,-69000000,-344000000,1563000000,,1.084,,,,,,true,false,12,2015-04-01,2016-03-31,-1
2017-04-26,38390,2018-03-31,,4900000000,0.136,,,,,190000000,0.169,200000000,0.090,,140000000,,18.42,,,,,,,,,,,,,,,,,,,,,,true,true,12,2017-04-01,2018-03-31,1
2017-04-26,38390,2017-03-31,,4148000000,0.241,,,,,143000000,0.483,164000000,0.315,115000000,,0.750,15.39,,,,,,6518000000,4209000000,0.646,553.89,4209000000,,,,,10.00,,,,8200000,600000,7481644,false,false,12,2016-04-01,2017-03-31,0
2017-04-26,38390,2016-03-31,,3343000000,0.055,,,,,96000000,-0.444,125000000,-0.374,65000000,,-0.318,9.02,,,,,,5902000000,4031000000,0.683,552.21,4031000000,,,,,10.00,,,,8200000,900000,7300000,false,false,12,2015-04-01,2016-03-31,-1
2017-04-26,38390,2018-03-31,,4700000000,0.133,,,,,170000000,0.182,180000000,0.093,130000000,,0.129,17.11,,,,,,,,,,,,,,,10.00,,,,,,,false,true,12,2017-04-01,2018-03-31,1
2017-07-26,38390,2018-03-31,1,526000000,0.274,,,,,-93000000,,-88000000,,,-63000000,,-8.35,,,,,,6197000000,4108000000,0.663,540.63,4108000000,,,,,,,,,,,,true,false,3,2017-04-01,2017-06-30,0
2017-07-26,38390,2017-03-31,1,413000000,0.067,,,,,-134000000,,-131000000,,,-94000000,,-12.92,,,,,,,,,,,,,,,,,,,,,,true,false,3,2016-04-01,2016-06-30,-1
2017-07-26,38390,2018-03-31,1,4900000000,0.136,,,,,190000000,0.169,200000000,0.090,,140000000,,18.42,,,,,,,,,,,,,,,,,,,,,,true,true,12,2017-04-01,2018-03-31,0
2017-07-26,38390,2017-03-31,1,,,,,,,,,,,,,,,,,,,,6473000000,4158000000,0.642,547.23,4158000000,,,,,,,,,,,,true,false,12,2016-04-01,2017-03-31,-1
2017-07-26,38390,2017-03-31,1,,,,,,,,,,,,,,,,,,,,,,,,,,,,,10.00,,,,8200000,600000,,false,false,12,2016-04-01,2017-03-31,-1
2017-07-26,38390,2018-03-31,1,,,,,,,,,,,,,,,,,,,,,,,,,,,,,10.00,,,,,,,false,true,12,2017-04-01,2018-03-31,0
2017-07-26,38390,2018-03-31,1,,,,,,,,,,,,,,,,,,,,,,,,,,,,,,,,,8200000,600000,7600000,false,false,3,2017-04-01,2017-06-30,0
2017-07-26,38390,2017-03-31,1,,,,,,,,,,,,,,,,,,,,,,,,,,,,,,,,,,,7300000,false,false,3,2016-04-01,2016-06-30,-1
2017-10-25,38390,2018-03-31,2,1120000000,0.265,,,,,-152000000,,-143000000,,,-103000000,,-13.68,,,,,,6101000000,4077000000,0.668,536.49,4077000000,,,,,,,,,,,,true,false,6,2017-04-01,2017-09-30,0
2017-10-25,38390,2017-03-31,2,885000000,0.173,,,,,-257000000,,-256000000,,,-184000000,,-25.00,,,,,,,,,,,,,,,,,,,,,,true,false,6,2016-04-01,2016-09-30,-1
2017-10-25,38390,2018-03-31,2,4900000000,0.136,,,,,190000000,0.169,200000000,0.090,,140000000,,18.42,,,,,,,,,,,,,,,,,,,,,,true,true,12,2017-04-01,2018-03-31,0
2017-10-25,38390,2017-03-31,2,,,,,,,,,,,,,,,,,,,,6473000000,4158000000,0.642,547.23,4158000000,,,,,,,,,,,,true,false,12,2016-04-01,2017-03-31,-1
2017-10-25,38390,2017-03-31,2,,,,,,,,,,,,,,,,,,,,,,,,,,,,,10.00,,,,8200000,600000,,false,false,12,2016-04-01,2017-03-31,-1
2017-10-25,38390,2018-03-31,2,,,,,,,,,,,,,,,,,,,,,,,,,,,,,5.00,,,,,,,false,false,12,2017-04-01,2018-03-31,0
2017-10-25,38390,2018-03-31,2,,,,,,,,,,,,,,,,,,,,,,,,,,,,,10.00,,,,,,,false,true,12,2017-04-01,2018-03-31,0
2017-10-25,38390,2018-03-31,2,,,,,,,,,,,,,,,,,,,,,,,,,,,,,,,,,8200000,600000,7600000,false,false,6,2017-04-01,2017-09-30,0
2017-10-25,38390,2017-03-31,2,,,,,,,,,,,,,,,,,,,,,,,,,,,,,,,,,,,7363934,false,false,6,2016-04-01,2016-09-30,-1
2018-01-31,38390,2018-03-31,3,1923000000,0.162,,,,,-221000000,,-200000000,,,-145000000,,-19.08,,,,,,6258000000,4200000000,0.671,552.68,4200000000,,,,,,,,,,,,true,false,9,2017-04-01,2017-12-31,0
2018-01-31,38390,2017-03-31,3,1654000000,0.237,,,,,-255000000,,-241000000,,,-176000000,,-23.70,,,,,,,,,,,,,,,,,,,,,,true,false,9,2016-04-01,2016-12-31,-1
2018-01-31,38390,2018-03-31,3,4900000000,0.136,,,,,190000000,0.169,200000000,0.090,,140000000,,18.42,,,,,,,,,,,,,,,,,,,,,,true,true,12,2017-04-01,2018-03-31,0
2018-01-31,38390,2017-03-31,3,,,,,,,,,,,,,,,,,,,,6473000000,4158000000,0.642,547.23,4158000000,,,,,,,,,,,,true,false,12,2016-04-01,2017-03-31,-1
2018-01-31,38390,2017-03-31,3,,,,,,,,,,,,,,,,,,,,,,,,,,,,,10.00,,,,8200000,600000,,false,false,12,2016-04-01,2017-03-31,-1
2018-01-31,38390,2018-03-31,3,,,,,,,,,,,,,,,,,,,,,,,,,,,,,5.00,,,,,,,false,false,12,2017-04-01,2018-03-31,0
2018-01-31,38390,2018-03-31,3,,,,,,,,,,,,,,,,,,,,,,,,,,,,,10.00,,,,,,,false,true,12,2017-04-01,2018-03-31,0
2018-01-31,38390,2018-03-31,3,,,,,,,,,,,,,,,,,,,,,,,,,,,,,,,,,8200000,600000,7600000,false,false,9,2017-04-01,2017-12-31,0
2018-01-31,38390,2017-03-31,3,,,,,,,,,,,,,,,,,,,,,,,,,,,,,,,,,,,7442909,false,false,9,2016-04-01,2016-12-31,-1
2018-03-28,38390,2018-03-31,,4900000000,0.000,,,,,370000000,0.947,380000000,0.900,,260000000,,34.08,,,,,,,,,,,,,,,,,,,,,,true,true,12,2017-04-01,2018-03-31,0
2018-03-28,38390,2017-03-31,,4311000000,,,,,,162000000,,183000000,,,121000000,,16.21,,,,,,,,,,,,,,,,,,,,,,true,false,12,2016-04-01,2017-03-31,-1
2018-03-28,38390,2018-03-31,,4700000000,0.000,,,,,350000000,1.059,370000000,1.056,250000000,,0.923,32.76,,,,,,,,,,,,,,,,,,,,,,false,true,12,2017-04-01,2018-03-31,0
2018-03-28,38390,2017-03-31,,4148000000,,,,,,143000000,,164000000,,115000000,,,15.39,,,,,,,,,,,,,,,,,,,,,,false,false,12,2016-04-01,2017-03-31,-1
2018-04-27,38390,2018-03-31,,4898000000,0.136,,,,,365000000,1.251,387000000,1.109,,258000000,,33.90,,0.058,0.057,0.075,,7184000000,4813000000,0.670,590.62,4813000000,300000000,-165000000,-213000000,2274000000,,0.295,,,,,,true,false,12,2017-04-01,2018-03-31,0
2018-04-27,38390,2017-03-31,,4311000000,0.237,,,,,162000000,0.497,183000000,0.341,,121000000,,16.21,,0.030,0.030,0.038,,6473000000,4158000000,0.642,547.23,4158000000,670000000,-196000000,316000000,2353000000,,0.617,,,,,,true,false,12,2016-04-01,2017-03-31,-1
2018-04-27,38390,2019-03-31,,5200000000,0.062,,,,,330000000,-0.098,340000000,-0.122,,240000000,,29.45,,,,,,,,,,,,,,,,,,,,,,true,true,12,2018-04-01,2019-03-31,1
2018-04-27,38390,2018-03-31,,4748000000,0.145,,,,,358000000,1.496,380000000,1.308,259000000,,1.251,33.97,,,,,,7229000000,4864000000,0.673,596.90,4864000000,,,,,10.00,,,,8200000,50032,7630135,false,false,12,2017-04-01,2018-03-31,0
2018-04-27,38390,2017-03-31,,4148000000,0.241,,,,,143000000,0.483,164000000,0.315,115000000,,0.750,15.39,,,,,,6518000000,4209000000,0.646,553.89,4209000000,,,,,10.00,,,,8200000,600000,7481644,false,false,12,2016-04-01,2017-03-31,-1
2018-04-27,38390,2019-03-31,,5100000000,0.074,,,,,320000000,-0.108,330000000,-0.132,230000000,,-0.113,28.22,,,,,,,,,,,,,,,10.00,,,,,,,false,true,12,2018-04-01,2019-03-31,1
2018-07-31,38390,2019-03-31,1,589000000,0.118,,,,,-123000000,,-95000000,,,-72000000,,-8.94,,,,,,6625000000,4744000000,0.716,582.18,4744000000,,,,,,,,,,,,true,false,3,2018-04-01,2018-06-30,0
2018-07-31,38390,2018-03-31,1,526000000,0.274,,,,,-93000000,,-88000000,,,-63000000,,-8.35,,,,,,,,,,,,,,,,,,,,,,true,false,3,2017-04-01,2017-06-30,-1
2018-07-31,38390,2019-03-31,1,5200000000,0.062,,,,,330000000,-0.098,340000000,-0.122,,240000000,,29.45,,,,,,,,,,,,,,,,,,,,,,true,true,12,2018-04-01,2019-03-31,0
2018-07-31,38390,2018-03-31,1,,,,,,,,,,,,,,,,,,,,7184000000,4813000000,0.670,590.62,4813000000,,,,,,,,,,,,true,false,12,2017-04-01,2018-03-31,-1
2018-07-31,38390,2018-03-31,1,,,,,,,,,,,,,,,,,,,,,,,,,,,,,10.00,,,,8200000,50032,,false,false,12,2017-04-01,2018-03-31,-1
2018-07-31,38390,2019-03-31,1,,,,,,,,,,,,,,,,,,,,,,,,,,,,,10.00,,,,,,,false,true,12,2018-04-01,2019-03-31,0
2018-07-31,38390,2019-03-31,1,,,,,,,,,,,,,,,,,,,,,,,,,,,,,,,,,8200000,50032,8149968,false,false,3,2018-04-01,2018-06-30,0
2018-07-31,38390,2018-03-31,1,,,,,,,,,,,,,,,,,,,,,,,,,,,,,,,,,,,7600000,false,false,3,2017-04-01,2017-06-30,-1
2018-10-31,38390,2019-03-31,2,1119000000,-0.000,,,,,-223000000,,-195000000,,,-145000000,,-17.84,,,,,,6561000000,4760000000,0.725,580.69,4760000000,,,,,,,,,,,,true,false,6,2018-04-01,2018-09-30,0
2018-10-31,38390,2018-03-31,2,1120000000,0.265,,,,,-152000000,,-143000000,,,-103000000,,-13.68,,,,,,,,,,,,,,,,,,,,,,true,false,6,2017-04-01,2017-09-30,-1
2018-10-31,38390,2019-03-31,2,5200000000,0.062,,,,,330000000,-0.098,340000000,-0.122,,240000000,,29.45,,,,,,,,,,,,,,,,,,,,,,true,true,12,2018-04-01,2019-03-31,0
2018-10-31,38390,2018-03-31,2,,,,,,,,,,,,,,,,,,,,7184000000,4813000000,0.670,590.62,4813000000,,,,,,,,,,,,true,false,12,2017-04-01,2018-03-31,-1
2018-10-31,38390,2018-03-31,2,,,,,,,,,,,,,,,,,,,,,,,,,,,,,10.00,,,,8200000,50032,,false,false,12,2017-04-01,2018-03-31,-1
2018-10-31,38390,2019-03-31,2,,,,,,,,,,,,,,,,,,,,,,,,,,,,,5.00,,,,,,,false,false,12,2018-04-01,2019-03-31,0
2018-10-31,38390,2019-03-31,2,,,,,,,,,,,,,,,,,,,,,,,,,,,,,10.00,,,,,,,false,true,12,2018-04-01,2019-03-31,0
2018-10-31,38390,2019-03-31,2,,,,,,,,,,,,,,,,,,,,,,,,,,,,,,,,,8200000,2032,8167279,false,false,6,2018-04-01,2018-09-30,0
2018-10-31,38390,2018-03-31,2,,,,,,,,,,,,,,,,,,,,,,,,,,,,,,,,,,,7600000,false,false,6,2017-04-01,2017-09-30,-1
2019-01-30,38390,2019-03-31,3,2123000000,0.104,,,,,-209000000,,-169000000,,,-130000000,,-15.93,,,,,,6287000000,4534000000,0.721,553.14,4534000000,,,,,,,,,,,,true,false,9,2018-04-01,2018-12-31,0
2019-01-30,38390,2018-03-31,3,1923000000,0.162,,,,,-221000000,,-200000000,,,-145000000,,-19.08,,,,,,,,,,,,,,,,,,,,,,true,false,9,2017-04-01,2017-12-31,-1
2019-01-30,38390,2019-03-31,3,5200000000,0.062,,,,,330000000,-0.098,340000000,-0.122,,240000000,,29.45,,,,,,,,,,,,,,,,,,,,,,true,true,12,2018-04-01,2019-03-31,0
2019-01-30,38390,2018-03-31,3,,,,,,,,,,,,,,,,,,,,7184000000,4813000000,0.670,590.62,4813000000,,,,,,,,,,,,true,false,12,2017-04-01,2018-03-31,-1
2019-01-30,38390,2018-03-31,3,,,,,,,,,,,,,,,,,,,,,,,,,,,,,10.00,,,,8200000,50032,,false,false,12,2017-04-01,2018-03-31,-1
2019-01-30,38390,2019-03-31,3,,,,,,,,,,,,,,,,,,,,,,,,,,,,,5.00,,,,,,,false,false,12,2018-04-01,2019-03-31,0
2019-01-30,38390,2019-03-31,3,,,,,,,,,,,,,,,,,,,,,,,,,,,,,10.00,,,,,,,false,true,12,2018-04-01,2019-03-31,0
2019-01-30,38390,2019-03-31,3,,,,,,,,,,,,,,,,,,,,,,,,,,,,,,,,,8200000,2032,8177546,false,false,9,2018-04-01,2018-12-31,0
2019-01-30,38390,2018-03-31,3,,,,,,,,,,,,,,,,,,,,,,,,,,,,,,,,,,,7600000,false,false,9,2017-04-01,2017-12-31,-1
2019-02-27,38390,2019-03-31,,5300000000,0.019,,,,,470000000,0.424,510000000,0.500,,350000000,,42.77,,,,,,,,,,,,,,,,,,,,,,true,true,12,2018-04-01,2019-03-31,0
2019-02-27,38390,2018-03-31,,4898000000,,,,,,365000000,,387000000,,,258000000,,33.90,,,,,,,,,,,,,,,,,,,,,,true,false,12,2017-04-01,2018-03-31,-1
2019-02-27,38390,2019-03-31,,5200000000,0.020,,,,,470000000,0.469,510000000,0.545,350000000,,0.522,42.77,,,,,,,,,,,,,,,,,,,,,,false,true,12,2018-04-01,2019-03-31,0
2019-02-27,38390,2018-03-31,,4748000000,,,,,,358000000,,380000000,,259000000,,,33.97,,,,,,,,,,,,,,,,,,,,,,false,false,12,2017-04-01,2018-03-31,-1
2019-04-26,38390,2019-03-31,,5337000000,0.090,,,,,571000000,0.561,613000000,0.584,,307000000,,37.59,,0.062,0.086,0.107,,7158000000,5052000000,0.706,616.25,5052000000,681000000,-203000000,-463000000,2289000000,,0.266,,,,,,true,false,12,2018-04-01,2019-03-31,0
2019-04-26,38390,2018-03-31,,4898000000,0.136,,,,,365000000,1.251,387000000,1.109,,258000000,,33.90,,0.058,0.057,0.075,,7184000000,4813000000,0.670,590.62,4813000000,300000000,-165000000,-213000000,2274000000,,0.295,,,,,,true,false,12,2017-04-01,2018-03-31,-1
2019-04-26,38390,2020-03-31,,5500000000,0.030,,,,,430000000,-0.247,450000000,-0.266,,310000000,,37.81,,,,,,,,,,,,,,,,,,,,,,true,true,12,2019-04-01,2020-03-31,1
2019-04-26,38390,2019-03-31,,5254000000,0.107,,,,,566000000,0.577,607000000,0.600,309000000,,0.194,37.84,,,,,,7202000000,5105000000,0.709,622.75,5105000000,,,,,10.00,,,,8200000,2032,8182582,false,false,12,2018-04-01,2019-03-31,0
2019-04-26,38390,2018-03-31,,4748000000,0.145,,,,,358000000,1.496,380000000,1.308,259000000,,1.251,33.97,,,,,,7229000000,4864000000,0.673,596.90,4864000000,,,,,10.00,,,,8200000,50032,7630135,false,false,12,2017-04-01,2018-03-31,-1
2019-04-26,38390,2020-03-31,,5400000000,0.028,,,,,410000000,-0.276,440000000,-0.276,310000000,,0.001,37.81,,,,,,,,,,,,,,,10.00,,,,,,,false,true,12,2019-04-01,2020-03-31,1
2019-07-31,38390,2020-03-31,1,492000000,-0.164,,,,,-149000000,,-138000000,,,-108000000,,-13.21,,,,,,6427000000,4910000000,0.764,599.03,4910000000,,,,,,,,,,,,true,false,3,2019-04-01,2019-06-30,0
2019-07-31,38390,2019-03-31,1,589000000,0.118,,,,,-123000000,,-95000000,,,-72000000,,-8.94,,,,,,,,,,,,,,,,,,,,,,true,false,3,2018-04-01,2018-06-30,-1
2019-07-31,38390,2020-03-31,1,5500000000,0.030,,,,,430000000,-0.247,450000000,-0.266,,310000000,,37.81,,,,,,,,,,,,,,,,,,,,,,true,true,12,2019-04-01,2020-03-31,0
2019-07-31,38390,2019-03-31,1,,,,,,,,,,,,,,,,,,,,7158000000,5052000000,0.706,616.25,5052000000,,,,,,,,,,,,true,false,12,2018-04-01,2019-03-31,-1
2019-07-31,38390,2019-03-31,1,,,,,,,,,,,,,,,,,,,,,,,,,,,,,10.00,,,,8200000,2032,,false,false,12,2018-04-01,2019-03-31,-1
2019-07-31,38390,2020-03-31,1,,,,,,,,,,,,,,,,,,,,,,,,,,,,,10.00,,,,,,,false,true,12,2019-04-01,2020-03-31,0
2019-07-31,38390,2020-03-31,1,,,,,,,,,,,,,,,,,,,,,,,,,,,,,,,,,8200000,2032,8197968,false,false,3,2019-04-01,2019-06-30,0
2019-07-31,38390,2019-03-31,1,,,,,,,,,,,,,,,,,,,,,,,,,,,,,,,,,,,8149968,false,false,3,2018-04-01,2018-06-30,-1
2019-10-30,38390,2020-03-31,2,1046000000,-0.065,,,,,-251000000,,-232000000,,,-177000000,,-21.71,,,,,,6266000000,4871000000,0.777,594.25,4871000000,,,,,,,,,,,,true,false,6,2019-04-01,2019-09-30,0
2019-10-30,38390,2019-03-31,2,1119000000,-0.000,,,,,-223000000,,-195000000,,,-145000000,,-17.84,,,,,,,,,,,,,,,,,,,,,,true,false,6,2018-04-01,2018-09-30,-1
2019-10-30,38390,2020-03-31,2,5500000000,0.030,,,,,430000000,-0.247,450000000,-0.266,,310000000,,37.81,,,,,,,,,,,,,,,,,,,,,,true,true,12,2019-04-01,2020-03-31,0
2019-10-30,38390,2019-03-31,2,,,,,,,,,,,,,,,,,,,,7158000000,5052000000,0.706,616.25,5052000000,,,,,,,,,,,,true,false,12,2018-04-01,2019-03-31,-1
2019-10-30,38390,2019-03-31,2,,,,,,,,,,,,,,,,,,,,,,,,,,,,,10.00,,,,8200000,2032,,false,false,12,2018-04-01,2019-03-31,-1
2019-10-30,38390,2020-03-31,2,,,,,,,,,,,,,,,,,,,,,,,,,,,,,5.00,,,,,,,false,false,12,2019-04-01,2020-03-31,0
2019-10-30,38390,2020-03-31,2,,,,,,,,,,,,,,,,,,,,,,,,,,,,,10.00,,,,,,,false,true,12,2019-04-01,2020-03-31,0
2019-10-30,38390,2020-03-31,2,,,,,,,,,,,,,,,,,,,,,,,,,,,,,,,,,8200000,2032,8197968,false,false,6,2019-04-01,2019-09-30,0
2019-10-30,38390,2019-03-31,2,,,,,,,,,,,,,,,,,,,,,,,,,,,,,,,,,,,8167279,false,false,6,2018-04-01,2018-09-30,-1
2020-01-31,38390,2020-03-31,3,1854000000,-0.127,,,,,-304000000,,-272000000,,,-207000000,,-25.34,,,,,,6472000000,5086000000,0.786,620.46,5086000000,,,,,,,,,,,,true,false,9,2019-04-01,2019-12-31,0
2020-01-31,38390,2019-03-31,3,2123000000,0.104,,,,,-209000000,,-169000000,,,-130000000,,-15.93,,,,,,,,,,,,,,,,,,,,,,true,false,9,2018-04-01,2018-12-31,-1
2020-01-31,38390,2020-03-31,3,5500000000,0.030,,,,,430000000,-0.247,450000000,-0.266,,310000000,,37.81,,,,,,,,,,,,,,,,,,,,,,true,true,12,2019-04-01,2020-03-31,0
2020-01-31,38390,2019-03-31,3,,,,,,,,,,,,,,,,,,,,7158000000,5052000000,0.706,616.25,5052000000,,,,,,,,,,,,true,false,12,2018-04-01,2019-03-31,-1
2020-01-31,38390,2019-03-31,3,,,,,,,,,,,,,,,,,,,,,,,,,,,,,10.00,,,,8200000,2032,,false,false,12,2018-04-01,2019-03-31,-1
2020-01-31,38390,2020-03-31,3,,,,,,,,,,,,,,,,,,,,,,,,,,,,,5.00,,,,,,,false,false,12,2019-04-01,2020-03-31,0
2020-01-31,38390,2020-03-31,3,,,,,,,,,,,,,,,,,,,,,,,,,,,,,10.00,,,,,,,false,true,12,2019-04-01,2020-03-31,0
2020-01-31,38390,2020-03-31,3,,,,,,,,,,,,,,,,,,,,,,,,,,,,,,,,,8200000,2032,8197968,false,false,9,2019-04-01,2019-12-31,0
2020-01-31,38390,2019-03-31,3,,,,,,,,,,,,,,,,,,,,,,,,,,,,,,,,,,,8177546,false,false,9,2018-04-01,2018-12-31,-1
2020-04-30,38390,2020-03-31,,5151000000,-0.035,,,,,523000000,-0.083,553000000,-0.098,,365000000,,44.59,,0.069,0.076,0.102,,7487000000,5596000000,0.747,682.72,5596000000,742000000,-539000000,-405000000,2086000000,,0.224,,,,,,true,false,12,2019-04-01,2020-03-31,0
2020-04-30,38390,2019-03-31,,5337000000,0.090,,,,,571000000,0.561,613000000,0.584,,307000000,,37.59,,0.062,0.086,0.107,,7158000000,5052000000,0.706,616.25,5052000000,681000000,-203000000,-463000000,2289000000,,0.266,,,,,,true,false,12,2018-04-01,2019-03-31,-1
2020-04-30,38390,2021-03-31,,5500000000,0.068,,,,,470000000,-0.103,490000000,-0.114,,330000000,,40.25,,,,,,,,,,,,,,,,,,,,,,true,true,12,2020-04-01,2021-03-31,1
2020-04-30,38390,2020-03-31,,5048000000,-0.039,,,,,497000000,-0.122,526000000,-0.134,349000000,,0.128,42.60,,,,,,7509000000,5633000000,0.750,687.22,5633000000,,,,,10.00,,,,8200000,2064,8197963,false,false,12,2019-04-01,2020-03-31,0
2020-04-30,38390,2019-03-31,,5254000000,0.107,,,,,566000000,0.577,607000000,0.600,309000000,,0.194,37.84,,,,,,7202000000,5105000000,0.709,622.75,5105000000,,,,,10.00,,,,8200000,2032,8182582,false,false,12,2018-04-01,2019-03-31,-1
2020-04-30,38390,2021-03-31,,5400000000,0.070,,,,,450000000,-0.095,470000000,-0.107,320000000,,-0.084,39.03,,,,,,,,,,,,,,,10.00,,,,,,,false,true,12,2020-04-01,2021-03-31,1
2020-07-29,38390,2021-03-31,1,462000000,-0.062,,,,,-155000000,,-139000000,,,-97000000,,-11.95,,,,,,6725000000,5294000000,0.787,645.84,5294000000,,,,,,,,,,,,true,false,3,2020-04-01,2020-06-30,0
2020-07-29,38390,2020-03-31,1,492000000,-0.164,,,,,-149000000,,-138000000,,,-108000000,,-13.21,,,,,,,,,,,,,,,,,,,,,,true,false,3,2019-04-01,2019-06-30,-1
2020-07-29,38390,2021-03-31,1,5500000000,0.068,,,,,470000000,-0.103,490000000,-0.114,,330000000,,40.25,,,,,,,,,,,,,,,,,,,,,,true,true,12,2020-04-01,2021-03-31,0
2020-07-29,38390,2020-03-31,1,,,,,,,,,,,,,,,,,,,,7487000000,5596000000,0.747,682.72,5596000000,,,,,,,,,,,,true,false,12,2019-04-01,2020-03-31,-1
2020-07-29,38390,2020-03-31,1,,,,,,,,,,,,,,,,,,,,,,,,,,,,,10.00,,,,8200000,2064,,false,false,12,2019-04-01,2020-03-31,-1
2020-07-29,38390,2021-03-31,1,,,,,,,,,,,,,,,,,,,,,,,,,,,,,10.00,,,,,,,false,true,12,2020-04-01,2021-03-31,0
2020-07-29,38390,2021-03-31,1,,,,,,,,,,,,,,,,,,,,,,,,,,,,,,,,,8200000,2064,8197936,false,false,3,2020-04-01,2020-06-30,0
2020-07-29,38390,2020-03-31,1,,,,,,,,,,,,,,,,,,,,,,,,,,,,,,,,,,,8197968,false,false,3,2019-04-01,2019-06-30,-1
2020-10-28,38390,2021-03-31,2,938000000,-0.103,,,,,-305000000,,-297000000,,,-210000000,,-25.62,,,,,,7187000000,5287000000,0.736,644.97,5287000000,,,,,,,,,,,,true,false,6,2020-04-01,2020-09-30,0
2020-10-28,38390,2020-03-31,2,1046000000,-0.065,,,,,-251000000,,-232000000,,,-177000000,,-21.71,,,,,,,,,,,,,,,,,,,,,,true,false,6,2019-04-01,2019-09-30,-1
2020-10-28,38390,2021-03-31,2,5500000000,0.068,,,,,470000000,-0.103,490000000,-0.114,,330000000,,40.25,,,,,,,,,,,,,,,,,,,,,,true,true,12,2020-04-01,2021-03-31,0
2020-10-28,38390,2020-03-31,2,,,,,,,,,,,,,,,,,,,,7487000000,5596000000,0.747,682.72,5596000000,,,,,,,,,,,,true,false,12,2019-04-01,2020-03-31,-1
2020-10-28,38390,2020-03-31,2,,,,,,,,,,,,,,,,,,,,,,,,,,,,,10.00,,,,8200000,2064,,false,false,12,2019-04-01,2020-03-31,-1
2020-10-28,38390,2021-03-31,2,,,,,,,,,,,,,,,,,,,,,,,,,,,,,5.00,,,,,,,false,false,12,2020-04-01,2021-03-31,0
2020-10-28,38390,2021-03-31,2,,,,,,,,,,,,,,,,,,,,,,,,,,,,,10.00,,,,,,,false,true,12,2020-04-01,2021-03-31,0
2020-10-28,38390,2021-03-31,2,,,,,,,,,,,,,,,,,,,,,,,,,,,,,,,,,8200000,2064,8197936,false,false,6,2020-04-01,2020-09-30,0
2020-10-28,38390,2020-03-31,2,,,,,,,,,,,,,,,,,,,,,,,,,,,,,,,,,,,8197968,false,false,6,2019-04-01,2019-09-30,-1
2021-01-29,38390,2021-03-31,3,1846000000,-0.004,,,,,-355000000,,-331000000,,,-236000000,,-28.84,,,,,,7057000000,5271000000,0.747,642.97,5271000000,,,,,,,,,,,,true,false,9,2020-04-01,2020-12-31,0
2021-01-29,38390,2020-03-31,3,1854000000,-0.127,,,,,-304000000,,-272000000,,,-207000000,,-25.34,,,,,,,,,,,,,,,,,,,,,,true,false,9,2019-04-01,2019-12-31,-1
2021-01-29,38390,2021-03-31,3,5500000000,0.068,,,,,470000000,-0.103,490000000,-0.114,,330000000,,40.25,,,,,,,,,,,,,,,,,,,,,,true,true,12,2020-04-01,2021-03-31,0
2021-01-29,38390,2020-03-31,3,,,,,,,,,,,,,,,,,,,,7487000000,5596000000,0.747,682.72,5596000000,,,,,,,,,,,,true,false,12,2019-04-01,2020-03-31,-1
2021-01-29,38390,2020-03-31,3,,,,,,,,,,,,,,,,,,,,,,,,,,,,,10.00,,,,8200000,2064,,false,false,12,2019-04-01,2020-03-31,-1
2021-01-29,38390,2021-03-31,3,,,,,,,,,,,,,,,,,,,,,,,,,,,,,5.00,,,,,,,false,false,12,2020-04-01,2021-03-31,0
2021-01-29,38390,2021-03-31,3,,,,,,,,,,,,,,,,,,,,,,,,,,,,,10.00,,,,,,,false,true,12,2020-04-01,2021-03-31,0
2021-01-29,38390,2021-03-31,3,,,,,,,,,,,,,,,,,,,,,,,,,,,,,,,,,8200000,2064,8197936,false,false,9,2020-04-01,2020-12-31,0
2021-01-29,38390,2020-03-31,3,,,,,,,,,,,,,,,,,,,,,,,,,,,,,,,,,,,8197968,false,false,9,2019-04-01,2019-12-31,-1
2021-03-31,38390,2021-03-31,,5500000000,0.000,,,,,640000000,0.362,660000000,0.347,,450000000,,54.89,,,,,,,,,,,,,,,,,,,,,,true,true,12,2020-04-01,2021-03-31,0
2021-03-31,38390,2020-03-31,,5151000000,,,,,,523000000,,553000000,,,365000000,,44.59,,,,,,,,,,,,,,,,,,,,,,true,false,12,2019-04-01,2020-03-31,-1
2021-03-31,38390,2021-03-31,,5400000000,0.000,,,,,630000000,0.400,650000000,0.383,440000000,,0.375,53.67,,,,,,,,,,,,,,,,,,,,,,false,true,12,2020-04-01,2021-03-31,0
2021-03-31,38390,2020-03-31,,5048000000,,,,,,497000000,,526000000,,349000000,,,42.60,,,,,,,,,,,,,,,,,,,,,,false,false,12,2019-04-01,2020-03-31,-1
2021-04-30,38390,2021-03-31,,5412000000,0.050,,,,,669000000,0.278,695000000,0.256,,474000000,,57.85,,0.083,0.088,0.124,,8276000000,5866000000,0.709,715.66,5866000000,729000000,-636000000,234000000,2414000000,,0.173,,,,,,true,false,12,2020-04-01,2021-03-31,0
2021-04-30,38390,2020-03-31,,5151000000,-0.035,,,,,523000000,-0.083,553000000,-0.098,,365000000,,44.59,,0.069,0.076,0.102,,7487000000,5596000000,0.747,682.72,5596000000,742000000,-539000000,-405000000,2086000000,,0.224,,,,,,true,false,12,2019-04-01,2020-03-31,-1
2021-04-30,38390,2022-03-31,,6000000000,0.109,,,,,640000000,-0.044,670000000,-0.036,,460000000,,56.11,,,,,,,,,,,,,,,,,,,,,,true,true,12,2021-04-01,2022-03-31,1
2021-04-30,38390,2021-03-31,,5331000000,0.056,,,,,655000000,0.318,680000000,0.293,464000000,,0.332,56.72,,,,,,8294000000,5894000000,0.711,719.03,5894000000,,,,,10.00,,,,8200000,2064,8197936,false,false,12,2020-04-01,2021-03-31,0
2021-04-30,38390,2020-03-31,,5048000000,-0.039,,,,,497000000,-0.122,526000000,-0.134,349000000,,0.128,42.60,,,,,,7509000000,5633000000,0.750,687.22,5633000000,,,,,10.00,,,,8200000,2064,8197963,false,false,12,2019-04-01,2020-03-31,-1
2021-04-30,38390,2022-03-31,,,,,,,,,,,,,,,,,,,,,,,,,,,,,,10.00,,,,,,,false,true,12,2021-04-01,2022-03-31,1
2021-04-30,38390,2021-03-31,,5412000000,0.050,,,,,669000000,0.278,695000000,0.256,,474000000,,57.85,,0.083,0.088,0.124,,8276000000,5866000000,0.709,715.66,5866000000,715000000,-621000000,234000000,2414000000,,0.173,,,,,,true,false,12,2020-04-01,2021-03-31,0
2021-04-30,38390,2020-03-31,,5151000000,-0.035,,,,,523000000,-0.083,553000000,-0.098,,365000000,,44.59,,0.069,0.076,0.102,,7487000000,5596000000,0.747,682.72,5596000000,742000000,-539000000,-405000000,2086000000,,0.224,,,,,,true,false,12,2019-04-01,2020-03-31,-1
2021-04-30,38390,2022-03-31,,6000000000,0.109,,,,,640000000,-0.044,670000000,-0.036,,460000000,,56.11,,,,,,,,,,,,,,,,,,,,,,true,true,12,2021-04-01,2022-03-31,1
2021-04-30,38390,2021-03-31,,5331000000,0.056,,,,,655000000,0.318,680000000,0.293,464000000,,0.332,56.72,,,,,,8294000000,5894000000,0.711,719.03,5894000000,,,,,10.00,,,,8200000,2064,8197936,false,false,12,2020-04-01,2021-03-31,0
2021-04-30,38390,2020-03-31,,5048000000,-0.039,,,,,497000000,-0.122,526000000,-0.134,349000000,,0.128,42.60,,,,,,7509000000,5633000000,0.750,687.22,5633000000,,,,,10.00,,,,8200000,2064,8197963,false,false,12,2019-04-01,2020-03-31,-1
2021-04-30,38390,2022-03-31,,,,,,,,,,,,,,,,,,,,,,,,,,,,,,10.00,,,,,,,false,true,12,2021-04-01,2022-03-31,1
2021-07-28,3839,2022-03-31,1,835000000,0.809,,,,,-136000000,,-125000000,,,-90000000,,-11.02,,,,,,7557000000,5678000000,0.751,693.06,5678000000,,,,,,,,,,,,true,false,3,2021-04-01,2021-06-30,0
2021-07-28,3839,2021-03-31,1,462000000,-0.062,,,,,-155000000,,-139000000,,,-97000000,,-11.95,,,,,,,,,,,,,,,,,,,,,,true,false,3,2020-04-01,2020-06-30,-1
2021-07-28,3839,2022-03-31,1,6000000000,0.109,,,,,640000000,-0.044,670000000,-0.036,,460000000,,56.11,,,,,,,,,,,,,,,,,,,,,,true,true,12,2021-04-01,2022-03-31,0
2021-07-28,3839,2021-03-31,1,,,,,,,,,,,,,,,,,,,,8276000000,5866000000,0.709,715.66,5866000000,,,,,,,,,,,,true,false,12,2020-04-01,2021-03-31,-1
2021-07-28,3839,2021-03-31,1,,,,,,,,,,,,,,,,,,,,,,,,,,,,,10.00,,,,8200000,2064,,false,false,12,2020-04-01,2021-03-31,-1
2021-07-28,3839,2022-03-31,1,,,,,,,,,,,,,,,,,,,,,,,,,,,,,10.00,,,,,,,false,true,12,2021-04-01,2022-03-31,0
2021-07-28,3839,2022-03-31,1,,,,,,,,,,,,,,,,,,,,,,,,,,,,,,,,,8200000,6212,8197598,false,false,3,2021-04-01,2021-06-30,0
2021-07-28,3839,2021-03-31,1,,,,,,,,,,,,,,,,,,,,,,,,,,,,,,,,,,,8197936,false,false,3,2020-04-01,2020-06-30,-1
2021-10-27,3839,2022-03-31,2,1725000000,0.838,,,,,-337000000,,-309000000,,,-231000000,,-28.19,,,,,,7449000000,5492000000,0.737,669.97,5491000000,,,,,,,,,,,,true,false,6,2021-04-01,2021-09-30,0
2021-10-27,3839,2021-03-31,2,938000000,-0.103,,,,,-305000000,,-297000000,,,-210000000,,-25.62,,,,,,,,,,,,,,,,,,,,,,true,false,6,2020-04-01,2020-09-30,-1
2021-10-27,3839,2022-03-31,2,6000000000,0.109,,,,,640000000,-0.044,670000000,-0.036,,460000000,,56.11,,,,,,,,,,,,,,,,,,,,,,true,true,12,2021-04-01,2022-03-31,0
2021-10-27,3839,2021-03-31,2,,,,,,,,,,,,,,,,,,,,8276000000,5866000000,0.709,715.66,5866000000,,,,,,,,,,,,true,false,12,2020-04-01,2021-03-31,-1
2021-10-27,3839,2021-03-31,2,,,,,,,,,,,,,,,,,,,,,,,,,,,,,10.00,,,,8200000,2064,,false,false,12,2020-04-01,2021-03-31,-1
2021-10-27,3839,2022-03-31,2,,,,,,,,,,,,,,,,,,,,,,,,,,,,,5.00,,,,,,,false,false,12,2021-04-01,2022-03-31,0
2021-10-27,3839,2022-03-31,2,,,,,,,,,,,,,,,,,,,,,,,,,,,,,10.00,,,,,,,false,true,12,2021-04-01,2022-03-31,0
2021-10-27,3839,2022-03-31,2,,,,,,,,,,,,,,,,,,,,,,,,,,,,,,,,,8200000,2712,8197060,false,false,6,2021-04-01,2021-09-30,0
2021-10-27,3839,2021-03-31,2,,,,,,,,,,,,,,,,,,,,,,,,,,,,,,,,,,,8197936,false,false,6,2020-04-01,2020-09-30,-1
2022-01-31,3839,2022-03-31,3,2947000000,0.596,,,,,-374000000,,-331000000,,,-248000000,,-30.32,,,,,,7174000000,5354000000,0.746,653.06,5353000000,,,,,,,,,,,,true,false,9,2021-04-01,2021-12-31,0
2022-01-31,3839,2021-03-31,3,1846000000,-0.004,,,,,-355000000,,-331000000,,,-236000000,,-28.84,,,,,,,,,,,,,,,,,,,,,,true,false,9,2020-04-01,2020-12-31,-1
2022-01-31,3839,2022-03-31,3,6000000000,0.109,,,,,640000000,-0.044,670000000,-0.036,,460000000,,56.11,,,,,,,,,,,,,,,,,,,,,,true,true,12,2021-04-01,2022-03-31,0
2022-01-31,3839,2021-03-31,3,,,,,,,,,,,,,,,,,,,,8276000000,5866000000,0.709,715.66,5866000000,,,,,,,,,,,,true,false,12,2020-04-01,2021-03-31,-1
2022-01-31,3839,2021-03-31,3,,,,,,,,,,,,,,,,,,,,,,,,,,,,,10.00,,,,8200000,2064,,false,false,12,2020-04-01,2021-03-31,-1
2022-01-31,3839,2022-03-31,3,,,,,,,,,,,,,,,,,,,,,,,,,,,,,5.00,,,,,,,false,false,12,2021-04-01,2022-03-31,0
2022-01-31,3839,2022-03-31,3,,,,,,,,,,,,,,,,,,,,,,,,,,,,,10.00,,,,,,,false,true,12,2021-04-01,2022-03-31,0
2022-01-31,3839,2022-03-31,3,,,,,,,,,,,,,,,,,,,,,,,,,,,,,,,,,8200000,2712,8197136,false,false,9,2021-04-01,2021-12-31,0
2022-01-31,3839,2021-03-31,3,,,,,,,,,,,,,,,,,,,,,,,,,,,,,,,,,,,8197936,false,false,9,2020-04-01,2020-12-31,-1
2022-02-24,38390,2022-03-31,,5500000000,-0.083,,,,,440000000,-0.313,510000000,-0.239,,340000000,,41.48,,,,,,,,,,,,,,,,,,,,,,true,true,12,2021-04-01,2022-03-31,0
2022-02-24,38390,2021-03-31,,5151000000,,,,,,523000000,,553000000,,,365000000,,44.59,,,,,,,,,,,,,,,,,,,,,,true,false,12,2020-04-01,2021-03-31,-1
2022-02-24,38390,2022-03-31,,5500000000,-0.083,,,,,440000000,-0.313,510000000,-0.239,,340000000,,41.48,,,,,,,,,,,,,,,,,,,,,,true,true,12,2021-04-01,2022-03-31,0
2022-02-24,38390,2021-03-31,,5412000000,,,,,,669000000,,695000000,,,474000000,,57.85,,,,,,,,,,,,,,,,,,,,,,true,false,12,2020-04-01,2021-03-31,-1
2022-04-28,3839,2022-03-31,,5500000000,0.016,,,,,436000000,-0.348,509000000,-0.268,,194000000,,23.69,,0.033,0.062,0.079,,8030000000,5735000000,0.714,699.53,5734000000,917000000,-533000000,-422000000,2375000000,,0.422,,,,,,true,false,12,2021-04-01,2022-03-31,0
2022-04-28,3839,2021-03-31,,5412000000,0.050,,,,,669000000,0.278,695000000,0.256,,474000000,,57.85,,0.083,0.088,0.124,,8276000000,5866000000,0.709,715.66,5866000000,715000000,-621000000,234000000,2414000000,,0.173,,,,,,true,false,12,2020-04-01,2021-03-31,-1
2022-04-28,3839,2023-03-31,,6400000000,0.163,,,,,570000000,0.306,600000000,0.179,,340000000,,41.48,,,,,,,,,,,,,,,,0.241,,,,,,true,true,12,2022-04-01,2023-03-31,1
2022-04-28,3839,2022-03-31,,5312000000,-0.003,,,,,437000000,-0.333,508000000,-0.254,204000000,,-0.561,24.91,,,,,,7949000000,5771000000,0.726,704.12,5771000000,,,,,10.00,,,,8200000,2712,8197173,false,false,12,2021-04-01,2022-03-31,0
2022-04-28,3839,2021-03-31,,5331000000,0.056,,,,,655000000,0.318,680000000,0.293,464000000,,0.332,56.72,,,,,,8294000000,5894000000,0.711,719.03,5894000000,,,,,10.00,,,,8200000,2064,8197936,false,false,12,2020-04-01,2021-03-31,-1
2022-04-28,3839,2023-03-31,,,,,,,,,,,,,,,,,,,,,,,,,,,,,,10.00,,,,,,,false,true,12,2022-04-01,2023-03-31,1
2022-07-27,3839,2023-03-31,1,918000000,0.100,,,,,-195000000,,-176000000,,,-128000000,,-15.62,,,,,,7431000000,5564000000,0.749,678.73,5563000000,,,,,,,,,,,,true,false,3,2022-04-01,2022-06-30,0
2022-07-27,3839,2022-03-31,1,835000000,0.809,,,,,-136000000,,-125000000,,,-90000000,,-11.02,,,,,,,,,,,,,,,,,,,,,,true,false,3,2021-04-01,2021-06-30,-1
2022-07-27,3839,2023-03-31,1,6400000000,0.163,,,,,570000000,0.306,600000000,0.179,,340000000,,41.48,,,,,,,,,,,,,,,,,,,,,,true,true,12,2022-04-01,2023-03-31,0
2022-07-27,3839,2022-03-31,1,,,,,,,,,,,,,,,,,,,,8030000000,5735000000,0.714,699.53,5734000000,,,,,,,,,,,,true,false,12,2021-04-01,2022-03-31,-1
2022-07-27,3839,2022-03-31,1,,,,,,,,,,,,,,,,,,,,,,,,,,,,,10.00,,,,8200000,2712,,false,false,12,2021-04-01,2022-03-31,-1
2022-07-27,3839,2023-03-31,1,,,,,,,,,,,,,,,,,,,,,,,,,,,,,10.00,,,,,,,false,true,12,2022-04-01,2023-03-31,0
2022-07-27,3839,2023-03-31,1,,,,,,,,,,,,,,,,,,,,,,,,,,,,,,,,,8200000,2712,8197288,false,false,3,2022-04-01,2022-06-30,0
2022-07-27,3839,2022-03-31,1,,,,,,,,,,,,,,,,,,,,,,,,,,,,,,,,,,,8197598,false,false,3,2021-04-01,2021-06-30,-1
2022-10-26,3839,2023-03-31,2,1871000000,0.085,,,,,-390000000,,-374000000,,,-271000000,,-33.18,,,,,,7950000000,5409000000,0.680,661.01,5407000000,,,,,,,,,,,,true,false,6,2022-04-01,2022-09-30,0
2022-10-26,3839,2022-03-31,2,1725000000,0.838,,,,,-337000000,,-309000000,,,-231000000,,-28.19,,,,,,,,,,,,,,,,,,,,,,true,false,6,2021-04-01,2021-09-30,-1
2022-10-26,3839,2023-03-31,2,6400000000,0.163,,,,,570000000,0.306,600000000,0.179,,340000000,,41.48,,,,,,,,,,,,,,,,,,,,,,true,true,12,2022-04-01,2023-03-31,0
2022-10-26,3839,2022-03-31,2,,,,,,,,,,,,,,,,,,,,8030000000,5735000000,0.714,699.53,5734000000,,,,,,,,,,,,true,false,12,2021-04-01,2022-03-31,-1
2022-10-26,3839,2022-03-31,2,,,,,,,,,,,,,,,,,,,,,,,,,,,,,10.00,,,,8200000,2712,,false,false,12,2021-04-01,2022-03-31,-1
2022-10-26,3839,2023-03-31,2,,,,,,,,,,,,,,,,,,,,,,,,,,,,,5.00,,,,,,,false,false,12,2022-04-01,2023-03-31,0
2022-10-26,3839,2023-03-31,2,,,,,,,,,,,,,,,,,,,,,,,,,,,,,10.00,,,,,,,false,true,12,2022-04-01,2023-03-31,0
2022-10-26,3839,2023-03-31,2,,,,,,,,,,,,,,,,,,,,,,,,,,,,,,,,,8200000,19312,8195699,false,false,6,2022-04-01,2022-09-30,0
2022-10-26,3839,2022-03-31,2,,,,,,,,,,,,,,,,,,,,,,,,,,,,,,,,,,,8197060,false,false,6,2021-04-01,2021-09-30,-1
2023-01-31,3839,2023-03-31,3,3091000000,0.049,,,,,-439000000,,-411000000,,,-305000000,,-37.32,,,,,,7796000000,5294000000,0.679,651.41,5294000000,,,,,,,,,,,,true,false,9,2022-04-01,2022-12-31,0
2023-01-31,3839,2022-03-31,3,2947000000,0.596,,,,,-374000000,,-331000000,,,-248000000,,-30.32,,,,,,,,,,,,,,,,,,,,,,true,false,9,2021-04-01,2021-12-31,-1
2023-01-31,3839,2023-03-31,3,5600000000,0.018,,,,,330000000,-0.244,360000000,-0.293,,240000000,,29.40,,,,,,,,,,,,,,,,,,,,,,true,true,12,2022-04-01,2023-03-31,0
2023-01-31,3839,2022-03-31,3,,,,,,,,,,,,,,,,,,,,8030000000,5735000000,0.714,699.53,5734000000,,,,,,,,,,,,true,false,12,2021-04-01,2022-03-31,-1
2023-01-31,3839,2022-03-31,3,,,,,,,,,,,,,,,,,,,,,,,,,,,,,10.00,,,,8200000,2712,,false,false,12,2021-04-01,2022-03-31,-1
2023-01-31,3839,2023-03-31,3,,,,,,,,,,,,,,,,,,,,,,,,,,,,,5.00,,,,,,,false,false,12,2022-04-01,2023-03-31,0
2023-01-31,3839,2023-03-31,3,,,,,,,,,,,,,,,,,,,,,,,,,,,,,10.00,,,,,,,false,true,12,2022-04-01,2023-03-31,0
2023-01-31,3839,2023-03-31,3,,,,,,,,,,,,,,,,,,,,,,,,,,,,,,,,,8200000,73012,8181122,false,false,9,2022-04-01,2022-12-31,0
2023-01-31,3839,2022-03-31,3,,,,,,,,,,,,,,,,,,,,,,,,,,,,,,,,,,,8197136,false,false,9,2021-04-01,2021-12-31,-1
2023-04-28,3839,2023-03-31,,5566000000,0.012,,,,,420000000,-0.037,449000000,-0.117,,236000000,,28.98,,0.041,0.054,0.076,,8537000000,5797000000,0.679,715.95,5797000000,539000000,-634000000,380000000,2661000000,,0.345,,,,,,true,false,12,2022-04-01,2023-03-31,0
2023-04-28,3839,2022-03-31,,5500000000,0.016,,,,,436000000,-0.348,509000000,-0.268,,194000000,,23.69,,0.033,0.062,0.079,,8030000000,5735000000,0.714,699.53,5734000000,917000000,-533000000,-422000000,2375000000,,0.422,,,,,,true,false,12,2021-04-01,2022-03-31,-1
2023-04-28,3839,2024-03-31,,6200000000,0.114,,,,,340000000,-0.192,360000000,-0.199,,240000000,,29.64,,,,,,,,,,,,,,,,0.337,,,,,,true,true,12,2023-04-01,2024-03-31,1
2023-04-28,3839,2023-03-31,,5242000000,-0.013,,,,,445000000,0.019,384000000,-0.243,211000000,,0.038,25.97,,,,,,8451000000,5810000000,0.687,717.57,5810000000,,,,,10.00,,,,8200000,102712,8163887,false,false,12,2022-04-01,2023-03-31,0
2023-04-28,3839,2022-03-31,,5312000000,-0.003,,,,,437000000,-0.333,508000000,-0.254,204000000,,-0.561,24.91,,,,,,7949000000,5771000000,0.726,704.12,5771000000,,,,,10.00,,,,8200000,2712,8197173,false,false,12,2021-04-01,2022-03-31,-1
2023-04-28,3839,2024-03-31,,,,,,,,,,,,,,,,,,,,,,,,,,,,,,10.00,,,,,,,false,true,12,2023-04-01,2024-03-31,1
2023-07-26,3839,2024-03-31,1,964000000,0.050,,,,,-138000000,,-120000000,,,-89000000,,-11.05,,,,,,8024000000,5686000000,0.709,702.29,5686000000,,,,,,,,,,,,true,false,3,2023-04-01,2023-06-30,0
2023-07-26,3839,2023-03-31,1,918000000,0.100,,,,,-195000000,,-176000000,,,-128000000,,-15.62,,,,,,,,,,,,,,,,,,,,,,true,false,3,2022-04-01,2022-06-30,-1
2023-07-26,3839,2024-03-31,1,6200000000,0.114,,,,,340000000,-0.192,360000000,-0.199,,240000000,,29.64,,,,,,,,,,,,,,,,,,,,,,true,true,12,2023-04-01,2024-03-31,0
2023-07-26,3839,2023-03-31,1,,,,,,,,,,,,,,,,,,,,8537000000,5797000000,0.679,715.95,5797000000,,,,,,,,,,,,true,false,12,2022-04-01,2023-03-31,-1
2023-07-26,3839,2023-03-31,1,,,,,,,,,,,,,,,,,,,,,,,,,,,,,10.00,,,,8200000,102712,,false,false,12,2022-04-01,2023-03-31,-1
2023-07-26,3839,2024-03-31,1,,,,,,,,,,,,,,,,,,,,,,,,,,,,,10.00,,,,,,,false,true,12,2023-04-01,2024-03-31,0
2023-07-26,3839,2024-03-31,1,,,,,,,,,,,,,,,,,,,,,,,,,,,,,,,,,8200000,102712,8097288,false,false,3,2023-04-01,2023-06-30,0
2023-07-26,3839,2023-03-31,1,,,,,,,,,,,,,,,,,,,,,,,,,,,,,,,,,,,8197288,false,false,3,2022-04-01,2022-06-30,-1
2023-10-25,3839,2024-03-31,2,1935000000,0.034,,,,,-284000000,,-270000000,,,-203000000,,-25.15,,,,,,7796000000,5578000000,0.716,688.96,5578000000,,,,,,,,,,,,true,false,6,2023-04-01,2023-09-30,0
2023-10-25,3839,2023-03-31,2,1871000000,0.085,,,,,-390000000,,-375000000,,,-271000000,,-33.18,,,,,,,,,,,,,,,,,,,,,,true,false,6,2022-04-01,2022-09-30,-1
2023-10-25,3839,2024-03-31,2,6200000000,0.114,,,,,340000000,-0.192,360000000,-0.199,,240000000,,29.64,,,,,,,,,,,,,,,,,,,,,,true,true,12,2023-04-01,2024-03-31,0
2023-10-25,3839,2023-03-31,2,,,,,,,,,,,,,,,,,,,,8537000000,5797000000,0.679,715.95,5797000000,,,,,,,,,,,,true,false,12,2022-04-01,2023-03-31,-1
2023-10-25,3839,2023-03-31,2,,,,,,,,,,,,,,,,,,,,,,,,,,,,,10.00,,,,8200000,102712,,false,false,12,2022-04-01,2023-03-31,-1
2023-10-25,3839,2024-03-31,2,,,,,,,,,,,,,,,,,,,,,,,,,,,,,5.00,,,,,,,false,false,12,2023-04-01,2024-03-31,0
2023-10-25,3839,2024-03-31,2,,,,,,,,,,,,,,,,,,,,,,,,,,,,,10.00,,,,,,,false,true,12,2023-04-01,2024-03-31,0
2023-10-25,3839,2024-03-31,2,,,,,,,,,,,,,,,,,,,,,,,,,,,,,,,,,8200000,102712,8097288,false,false,6,2023-04-01,2023-09-30,0
2023-10-25,3839,2023-03-31,2,,,,,,,,,,,,,,,,,,,,,,,,,,,,,,,,,,,8195699,false,false,6,2022-04-01,2022-09-30,-1
2024-01-31,3839,2024-03-31,3,3195000000,0.034,,,,,-308000000,,-277000000,,,-213000000,,-26.34,,,,,,7660000000,5591000000,0.730,690.52,5591000000,,,,,,,,,,,,true,false,9,2023-04-01,2023-12-31,0
2024-01-31,3839,2023-03-31,3,3091000000,0.049,,,,,-439000000,,-411000000,,,-305000000,,-37.32,,,,,,,,,,,,,,,,,,,,,,true,false,9,2022-04-01,2022-12-31,-1
2024-01-31,3839,2024-03-31,3,6200000000,0.114,,,,,340000000,-0.192,360000000,-0.199,,240000000,,29.64,,,,,,,,,,,,,,,,,,,,,,true,true,12,2023-04-01,2024-03-31,0
2024-01-31,3839,2023-03-31,3,,,,,,,,,,,,,,,,,,,,8537000000,5797000000,0.679,715.95,5797000000,,,,,,,,,,,,true,false,12,2022-04-01,2023-03-31,-1
2024-01-31,3839,2023-03-31,3,,,,,,,,,,,,,,,,,,,,,,,,,,,,,10.00,,,,8200000,102712,,false,false,12,2022-04-01,2023-03-31,-1
2024-01-31,3839,2024-03-31,3,,,,,,,,,,,,,,,,,,,,,,,,,,,,,5.00,,,,,,,false,false,12,2023-04-01,2024-03-31,0
2024-01-31,3839,2024-03-31,3,,,,,,,,,,,,,,,,,,,,,,,,,,,,,10.00,,,,,,,false,true,12,2023-04-01,2024-03-31,0
2024-01-31,3839,2024-03-31,3,,,,,,,,,,,,,,,,,,,,,,,,,,,,,,,,,8200000,102712,8097288,false,false,9,2023-04-01,2023-12-31,0
2024-01-31,3839,2023-03-31,3,,,,,,,,,,,,,,,,,,,,,,,,,,,,,,,,,,,8181122,false,false,9,2022-04-01,2022-12-31,-1
2024-02-28,38390,2024-03-31,,6000000000,-0.032,,,,,470000000,0.382,500000000,0.389,,340000000,,41.99,,,,,,,,,,,,,,,,,,,,,,true,true,12,2023-04-01,2024-03-31,0
2024-02-28,38390,2023-03-31,,5566000000,,,,,,420000000,,449000000,,,236000000,,28.98,,,,,,,,,,,,,,,,,,,,,,true,false,12,2022-04-01,2023-03-31,-1
2024-04-30,3839,2024-03-31,,5867000000,0.054,,,,,572000000,0.361,604000000,0.344,,266000000,,32.95,,0.045,0.070,0.098,,8694000000,6055000000,0.696,747.81,6055000000,1077000000,-575000000,-458000000,2705000000,,0.303,,,,,,true,false,12,2023-04-01,2024-03-31,0
2024-04-30,3839,2023-03-31,,5566000000,0.012,,,,,420000000,-0.037,449000000,-0.117,,236000000,,28.98,,0.041,0.054,0.076,,8537000000,5797000000,0.679,715.95,5797000000,539000000,-634000000,380000000,2661000000,,0.345,,,,,,true,false,12,2022-04-01,2023-03-31,-1
2024-04-30,3839,2025-03-31,,6700000000,0.142,,,,,470000000,-0.179,500000000,-0.173,,340000000,,41.99,,,,,,,,,,,,,,,,0.238,,,,,,true,true,12,2024-04-01,2025-03-31,1
2024-04-30,3839,2024-03-31,,5515000000,0.052,,,,,589000000,0.323,572000000,0.489,245000000,,0.159,30.34,,,,,,8614000000,6047000000,0.702,746.82,6047000000,,,,,10.00,,,,8200000,102712,8097288,false,false,12,2023-04-01,2024-03-31,0
2024-04-30,3839,2023-03-31,,5242000000,-0.013,,,,,445000000,0.019,384000000,-0.243,211000000,,0.038,25.97,,,,,,8451000000,5810000000,0.687,717.57,5810000000,,,,,10.00,,,,8200000,102712,8163887,false,false,12,2022-04-01,2023-03-31,-1
2024-04-30,3839,2025-03-31,,,,,,,,,,,,,,,,,,,,,,,,,,,,,,10.00,,,,,,,false,true,12,2024-04-01,2025-03-31,1
2024-07-31,3839,2025-03-31,1,1057000000,0.096,,,,,-186000000,,-161000000,,,-123000000,,-15.23,,,,,,8052000000,5946000000,0.738,734.35,5946000000,,,,,,,,,,,,true,false,3,2024-04-01,2024-06-30,0
2024-07-31,3839,2024-03-31,1,964000000,0.050,,,,,-138000000,,-120000000,,,-89000000,,-11.05,,,,,,,,,,,,,,,,,,,,,,true,false,3,2023-04-01,2023-06-30,-1
2024-07-31,3839,2025-03-31,1,6700000000,0.142,,,,,470000000,-0.179,500000000,-0.173,,340000000,,41.99,,,,,,,,,,,,,,,,,,,,,,true,true,12,2024-04-01,2025-03-31,0
2024-07-31,3839,2024-03-31,1,,,,,,,,,,,,,,,,,,,,8694000000,6055000000,0.696,747.81,6055000000,,,,,,,,,,,,true,false,12,2023-04-01,2024-03-31,-1
2024-07-31,3839,2024-03-31,1,,,,,,,,,,,,,,,,,,,,,,,,,,,,,10.00,,,,8200000,102712,,false,false,12,2023-04-01,2024-03-31,-1
2024-07-31,3839,2025-03-31,1,,,,,,,,,,,,,,,,,,,,,,,,,,,,,10.00,,,,,,,false,true,12,2024-04-01,2025-03-31,0
2024-07-31,3839,2025-03-31,1,,,,,,,,,,,,,,,,,,,,,,,,,,,,,,,,,8200000,102712,8097288,false,false,3,2024-04-01,2024-06-30,0
2024-07-31,3839,2024-03-31,1,,,,,,,,,,,,,,,,,,,,,,,,,,,,,,,,,,,8097288,false,false,3,2023-04-01,2023-06-30,-1
2024-10-30,3839,2025-03-31,2,2108000000,0.090,,,,,-376000000,,-343000000,,,-261000000,,-32.16,,,,,,8380000000,5815000000,0.694,711.18,5815000000,,,,,,,,,,,,true,false,6,2024-04-01,2024-09-30,0
2024-10-30,3839,2024-03-31,2,1935000000,0.034,,,,,-284000000,,-270000000,,,-203000000,,-25.15,,,,,,,,,,,,,,,,,,,,,,true,false,6,2023-04-01,2023-09-30,-1
2024-10-30,3839,2025-03-31,2,6700000000,0.142,,,,,470000000,-0.179,500000000,-0.173,,340000000,,41.99,,,,,,,,,,,,,,,,,,,,,,true,true,12,2024-04-01,2025-03-31,0
2024-10-30,3839,2024-03-31,2,,,,,,,,,,,,,,,,,,,,8694000000,6055000000,0.696,747.81,6055000000,,,,,,,,,,,,true,false,12,2023-04-01,2024-03-31,-1
2024-10-30,3839,2024-03-31,2,,,,,,,,,,,,,,,,,,,,,,,,,,,,,10.00,,,,8200000,102712,,false,false,12,2023-04-01,2024-03-31,-1
2024-10-30,3839,2025-03-31,2,,,,,,,,,,,,,,,,,,,,,,,,,,,,,5.00,,,,,,,false,false,12,2024-04-01,2025-03-31,0
2024-10-30,3839,2025-03-31,2,,,,,,,,,,,,,,,,,,,,,,,,,,,,,10.00,,,,,,,false,true,12,2024-04-01,2025-03-31,0
2024-10-30,3839,2025-03-31,2,,,,,,,,,,,,,,,,,,,,,,,,,,,,,,,,,8200000,22912,8127379,false,false,6,2024-04-01,2024-09-30,0
2024-10-30,3839,2024-03-31,2,,,,,,,,,,,,,,,,,,,,,,,,,,,,,,,,,,,8097288,false,false,6,2023-04-01,2023-09-30,-1
2025-01-30,3839,2025-03-31,3,3517000000,0.101,,,,,-447000000,,-396000000,,,-320000000,,-39.41,,,,,,8363000000,5750000000,0.688,703.25,5750000000,,,,,,,,,,,,true,false,9,2024-04-01,2024-12-31,0
2025-01-30,3839,2024-03-31,3,3195000000,0.034,,,,,-308000000,,-277000000,,,-213000000,,-26.34,,,,,,,,,,,,,,,,,,,,,,true,false,9,2023-04-01,2023-12-31,-1
2025-01-30,3839,2025-03-31,3,6700000000,0.142,,,,,470000000,-0.179,500000000,-0.173,,340000000,,41.99,,,,,,,,,,,,,,,,,,,,,,true,true,12,2024-04-01,2025-03-31,0
2025-01-30,3839,2024-03-31,3,,,,,,,,,,,,,,,,,,,,8694000000,6055000000,0.696,747.81,6055000000,,,,,,,,,,,,true,false,12,2023-04-01,2024-03-31,-1
2025-01-30,3839,2024-03-31,3,,,,,,,,,,,,,,,,,,,,,,,,,,,,,10.00,,,,8200000,102712,,false,false,12,2023-04-01,2024-03-31,-1
2025-01-30,3839,2025-03-31,3,,,,,,,,,,,,,,,,,,,,,,,,,,,,,5.00,,,,,,,false,false,12,2024-04-01,2025-03-31,0
2025-01-30,3839,2025-03-31,3,,,,,,,,,,,,,,,,,,,,,,,,,,,,,10.00,,,,,,,false,true,12,2024-04-01,2025-03-31,0
2025-01-30,3839,2025-03-31,3,,,,,,,,,,,,,,,,,,,,,,,,,,,,,,,,,8200000,22912,8144009,false,false,9,2024-04-01,2024-12-31,0
2025-01-30,3839,2024-03-31,3,,,,,,,,,,,,,,,,,,,,,,,,,,,,,,,,,,,8097288,false,false,9,2023-04-01,2023-12-31,-1
2025-04-30,3839,2025-03-31,,6472000000,0.103,,,,,516000000,-0.098,576000000,-0.046,,263000000,,32.31,,0.043,0.064,0.080,,9253000000,6304000000,0.681,771.02,6304000000,1000000000,-704000000,121000000,3123000000,,0.310,,,,,,true,false,12,2024-04-01,2025-03-31,0
2025-04-30,3839,2024-03-31,,5867000000,0.054,,,,,572000000,0.361,604000000,0.344,,266000000,,32.95,,0.045,0.070,0.098,,8694000000,6055000000,0.696,747.81,6055000000,1077000000,-575000000,-458000000,2705000000,,0.303,,,,,,true,false,12,2023-04-01,2024-03-31,-1
2025-04-30,3839,2026-03-31,,7200000000,0.112,,,,,530000000,0.027,580000000,0.006,,380000000,,46.47,,,,,,,,,,,,,,,,0.215,,,,,,true,true,12,2025-04-01,2026-03-31,1
2025-04-30,3839,2025-03-31,,6031000000,0.094,,,,,658000000,0.117,625000000,0.093,324000000,,0.319,39.75,,,,,,9206000000,6357000000,0.691,777.46,6357000000,,,,,10.00,,,,8200000,22912,8152165,false,false,12,2024-04-01,2025-03-31,0
2025-04-30,3839,2024-03-31,,5515000000,0.052,,,,,589000000,0.323,572000000,0.489,245000000,,0.159,30.34,,,,,,8614000000,6047000000,0.702,746.82,6047000000,,,,,10.00,,,,8200000,102712,8097288,false,false,12,2023-04-01,2024-03-31,-1
2025-04-30,3839,2026-03-31,,,,,,,,,,,,,,,,,,,,,,,,,,,,,,10.00,,,,,,,false,true,12,2025-04-01,2026-03-31,1
2025-07-30,3839,2026-03-31,1,1008000000,-0.046,,,,,-210000000,,-186000000,,,-146000000,,-17.96,,,,,,8451000000,6099000000,0.722,745.93,6099000000,,,,,,,,,,,,true,false,3,2025-04-01,2025-06-30,0
2025-07-30,3839,2025-03-31,1,1057000000,0.096,,,,,-186000000,,-161000000,,,-123000000,,-15.23,,,,,,,,,,,,,,,,,,,,,,true,false,3,2024-04-01,2024-06-30,-1
2025-07-30,3839,2026-03-31,1,7200000000,0.112,,,,,530000000,0.027,580000000,0.006,,380000000,,46.47,,,,,,,,,,,,,,,,,,,,,,true,true,12,2025-04-01,2026-03-31,0
2025-07-30,3839,2025-03-31,1,,,,,,,,,,,,,,,,,,,,9253000000,6304000000,0.681,771.02,6304000000,,,,,,,,,,,,true,false,12,2024-04-01,2025-03-31,-1
2025-07-30,3839,2025-03-31,1,,,,,,,,,,,,,,,,,,,,,,,,,,,,,10.00,,,,8200000,22912,,false,false,12,2024-04-01,2025-03-31,-1
2025-07-30,3839,2026-03-31,1,,,,,,,,,,,,,,,,,,,,,,,,,,,,,10.00,,,,,,,false,true,12,2025-04-01,2026-03-31,0
2025-07-30,3839,2026-03-31,1,,,,,,,,,,,,,,,,,,,,,,,,,,,,,,,,,8200000,22912,8177088,false,false,3,2025-04-01,2025-06-30,0
2025-07-30,3839,2025-03-31,1,,,,,,,,,,,,,,,,,,,,,,,,,,,,,,,,,,,8097288,false,false,3,2024-04-01,2024-06-30,-1
