filing_date,code,fiscal_year_end,quarterly_period,net_sales,net_sales_change,revenue,revenue_change,operating_revenue,operating_revenue_change,operating_profit,operating_profit_change,ordinary_profit,ordinary_profit_change,net_income,net_income_of_parent,net_income_change,eps,diluted_eps,roe,roa,operating_profit_to_net_sales,operating_profit_to_revenue,total_assets,net_assets,equity_ratio,bps,owner_equity,operating_cash_flow,investing_cash_flow,financing_cash_flow,cash,dividend_per_share,payout_ratio,commemorative_dividend,extra_dividend,number_of_shares,number_of_treqsury_shares,avg_number_of_shares,is_consolidated,is_forecast,duration,period_start,period_end,period_pos
2015-05-11,38440,2015-03-31,,9864000000,0.164,,,,,1055000000,0.030,1059000000,0.016,641000000,,0.041,121.07,120.33,0.217,0.220,0.107,,4844000000,2697000000,0.556,556.29,2694000000,727000000,34000000,-1243000000,1873000000,,0.396,,,,,,true,false,12,2014-04-01,2015-03-31,0
2015-05-11,38440,2014-03-31,,8477000000,0.183,,,,,1024000000,0.277,1043000000,0.287,615000000,,0.294,116.26,114.80,0.206,0.233,0.121,,4800000000,3232000000,0.673,605.73,3228000000,656000000,-1000000,-143000000,2354000000,,0.361,,,,,,true,false,12,2013-04-01,2014-03-31,-1
2015-05-11,38440,2016-03-31,,5580000000,0.212,,,,,530000000,0.053,530000000,0.035,,321000000,,66.27,,,,,,,,,,,,,,,,,,,,,,true,true,6,2015-04-01,2015-09-30,1
2015-05-11,38440,2016-03-31,,12000000000,0.216,,,,,1280000000,0.212,1280000000,0.208,,776000000,,160.20,,,,,,,,,,,,,,,,0.350,,,,,,true,true,12,2015-04-01,2016-03-31,1
2015-05-11,38440,2015-03-31,,6001000000,0.092,,,,,655000000,-0.082,647000000,-0.125,396000000,,-0.089,74.79,74.33,,,,,3530000000,2243000000,0.635,462.69,2241000000,,,,,48.00,,,,5343900,500081,5296277,false,false,12,2014-04-01,2015-03-31,0
2015-05-11,38440,2014-03-31,,5497000000,0.146,,,,,714000000,-0.020,740000000,-0.005,434000000,,-0.002,82.08,81.05,,,,,4135000000,3024000000,0.730,566.66,3020000000,,,,,42.00,,,,5329800,81,5296594,false,false,12,2013-04-01,2014-03-31,-1
2015-05-11,38440,2016-03-31,,,,,,,,,,,,,,,,,,,,,,,,,,,,,,56.00,,,,,,,false,true,12,2015-04-01,2016-03-31,1
2015-07-27,38440,2016-03-31,1,2703000000,0.208,,,,,179000000,0.033,183000000,0.069,,109000000,,22.54,22.42,,,,,4625000000,2691000000,0.581,,2689000000,,,,,,,,,,,,true,false,3,2015-04-01,2015-06-30,0
2015-07-27,38440,2015-03-31,1,2237000000,0.223,,,,,173000000,0.134,171000000,0.024,,100000000,,18.81,18.67,,,,,,,,,,,,,,,,,,,,,true,false,3,2014-04-01,2014-06-30,-1
2015-07-27,38440,2016-03-31,1,5580000000,0.212,,,,,530000000,0.053,530000000,0.035,,321000000,,66.25,,,,,,,,,,,,,,,,,,,,,,true,true,6,2015-04-01,2015-09-30,0
2015-07-27,38440,2016-03-31,1,12000000000,0.216,,,,,1280000000,0.212,1280000000,0.208,,776000000,,160.14,,,,,,,,,,,,,,,,,,,,,,true,true,12,2015-04-01,2016-03-31,0
2015-07-27,38440,2015-03-31,1,,,,,,,,,,,,,,,,,,,,4844000000,2697000000,0.556,,2694000000,,,,,,,,,,,,true,false,12,2014-04-01,2015-03-31,-1
2015-07-27,38440,2015-03-31,1,,,,,,,,,,,,,,,,,,,,,,,,,,,,,48.00,,,,5343900,500081,,false,false,12,2014-04-01,2015-03-31,-1
2015-07-27,38440,2016-03-31,1,,,,,,,,,,,,,,,,,,,,,,,,,,,,,56.00,,,,,,,false,true,12,2015-04-01,2016-03-31,0
2015-07-27,38440,2016-03-31,1,,,,,,,,,,,,,,,,,,,,,,,,,,,,,,,,,5346300,500081,4844819,false,false,3,2015-04-01,2015-06-30,0
2015-07-27,38440,2015-03-31,1,,,,,,,,,,,,,,,,,,,,,,,,,,,,,,,,,,,5330219,false,false,3,2014-04-01,2014-06-30,-1
2015-10-26,38440,2016-03-31,2,5463000000,0.186,,,,,542000000,0.077,543000000,0.062,,345000000,,71.23,70.86,,,,,4955000000,2917000000,0.588,,2915000000,,,,,,,,,,,,true,false,6,2015-04-01,2015-09-30,0
2015-10-26,38440,2015-03-31,2,4605000000,0.183,,,,,503000000,0.076,512000000,0.046,,310000000,,58.31,57.91,,,,,,,,,,,,,,,,,,,,,true,false,6,2014-04-01,2014-09-30,-1
2015-10-26,38440,2016-03-31,2,12000000000,0.216,,,,,1280000000,0.212,1280000000,0.208,,776000000,,160.05,,,,,,,,,,,,,,,,,,,,,,true,true,12,2015-04-01,2016-03-31,0
2015-10-26,38440,2015-03-31,2,,,,,,,,,,,,,,,,,,,,4844000000,2697000000,0.556,,2694000000,,,,,,,,,,,,true,false,12,2014-04-01,2015-03-31,-1
2015-10-26,38440,2015-03-31,2,,,,,,,,,,,,,,,,,,,,,,,,,,,,,48.00,,,,5343900,500081,,false,false,12,2014-04-01,2015-03-31,-1
2015-10-26,38440,2016-03-31,2,,,,,,,,,,,,,,,,,,,,,,,,,,,,,28.00,,,,,,,false,false,12,2015-04-01,2016-03-31,0
2015-10-26,38440,2016-03-31,2,,,,,,,,,,,,,,,,,,,,,,,,,,,,,56.00,,,,,,,false,true,12,2015-04-01,2016-03-31,0
2015-10-26,38440,2016-03-31,2,,,,,,,,,,,,,,,,,,,,,,,,,,,,,,,,,5349900,500081,4847019,false,false,6,2015-04-01,2015-09-30,0
2015-10-26,38440,2015-03-31,2,,,,,,,,,,,,,,,,,,,,,,,,,,,,,,,,,,,5333069,false,false,6,2014-04-01,2014-09-30,-1
2016-01-25,38440,2016-03-31,3,8258000000,0.173,,,,,860000000,0.132,864000000,0.119,,554000000,,114.46,113.90,,,,,4910000000,2992000000,0.609,,2990000000,,,,,,,,,,,,true,false,9,2015-04-01,2015-12-31,0
2016-01-25,38440,2015-03-31,3,7040000000,0.162,,,,,760000000,0.053,772000000,0.041,,471000000,,88.33,87.77,,,,,,,,,,,,,,,,,,,,,true,false,9,2014-04-01,2014-12-31,-1
2016-01-25,38440,2016-03-31,3,12000000000,0.216,,,,,1280000000,0.212,1280000000,0.208,,776000000,,160.05,,,,,,,,,,,,,,,,,,,,,,true,true,12,2015-04-01,2016-03-31,0
2016-01-25,38440,2015-03-31,3,,,,,,,,,,,,,,,,,,,,4844000000,2697000000,0.556,,2694000000,,,,,,,,,,,,true,false,12,2014-04-01,2015-03-31,-1
2016-01-25,38440,2015-03-31,3,,,,,,,,,,,,,,,,,,,,,,,,,,,,,48.00,,,,5343900,500081,,false,false,12,2014-04-01,2015-03-31,-1
2016-01-25,38440,2016-03-31,3,,,,,,,,,,,,,,,,,,,,,,,,,,,,,28.00,,,,,,,false,false,12,2015-04-01,2016-03-31,0
2016-01-25,38440,2016-03-31,3,,,,,,,,,,,,,,,,,,,,,,,,,,,,,56.00,,,,,,,false,true,12,2015-04-01,2016-03-31,0
2016-01-25,38440,2016-03-31,3,,,,,,,,,,,,,,,,,,,,,,,,,,,,,,,,,5350500,500081,4848019,false,false,9,2015-04-01,2015-12-31,0
2016-01-25,38440,2015-03-31,3,,,,,,,,,,,,,,,,,,,,,,,,,,,,,,,,,,,5336052,false,false,9,2014-04-01,2014-12-31,-1
,38440,2016-03-31,,,,,,,,,,,,,,,,,,,,,,,,,,,,,,66.00,,,,,,,false,true,12,2015-04-01,2016-03-31,0
,38440,2016-03-31,,,,,,,,,,,,,,,,,,,,,,,,,,,,,,0.00,,,,,,,false,false,12,2015-04-01,2016-03-31,0
,38440,2015-03-31,,,,,,,,,,,,,,,,,,,,,,,,,,,,,,48.00,,,,,,,false,false,12,2014-04-01,2015-03-31,-1
2016-05-10,38440,2016-03-31,,11349000000,0.151,,,,,1293000000,0.225,1295000000,0.222,,823000000,,169.84,169.04,0.277,0.248,0.114,,5582000000,3261000000,0.584,671.52,3259000000,780000000,-103000000,-252000000,2297000000,,0.389,,,,,,true,false,12,2015-04-01,2016-03-31,0
2016-05-10,38440,2015-03-31,,9864000000,0.164,,,,,1055000000,0.030,1059000000,0.016,,641000000,,121.07,120.33,0.217,0.220,0.107,,4844000000,2697000000,0.556,556.29,2694000000,727000000,34000000,-1243000000,1873000000,,0.396,,,,,,true,false,12,2014-04-01,2015-03-31,-1
2016-05-10,38440,2017-03-31,,6200000000,0.135,,,,,620000000,0.144,620000000,0.140,,410000000,,84.48,,,,,,,,,,,,,,,,,,,,,,true,true,6,2016-04-01,2016-09-30,1
2016-05-10,38440,2017-03-31,,13000000000,0.145,,,,,1500000000,0.160,1500000000,0.158,,990000000,,203.98,,,,,,,,,,,,,,,,0.353,,,,,,true,true,12,2016-04-01,2017-03-31,1
2016-05-10,38440,2016-03-31,,7162000000,0.194,,,,,859000000,0.312,868000000,0.342,561000000,,0.419,115.87,115.32,,,,,4187000000,2545000000,0.608,524.19,2544000000,,,,,66.00,,,,5353500,500081,4849219,false,false,12,2015-04-01,2016-03-31,0
2016-05-10,38440,2015-03-31,,6001000000,0.092,,,,,655000000,-0.082,647000000,-0.125,396000000,,-0.089,74.79,74.33,,,,,3530000000,2243000000,0.635,462.69,2241000000,,,,,48.00,,,,5343900,500081,5296277,false,false,12,2014-04-01,2015-03-31,-1
2016-05-10,38440,2017-03-31,,,,,,,,,,,,,,,,,,,,,,,,,,,,,,72.00,,,,,,,false,true,12,2016-04-01,2017-03-31,1
2016-07-25,38440,2017-03-31,1,2987000000,0.105,,,,,269000000,0.500,269000000,0.465,,179000000,,36.91,36.76,,,,,5593000000,3249000000,0.581,,3247000000,,,,,,,,,,,,true,false,3,2016-04-01,2016-06-30,0
2016-07-25,38440,2016-03-31,1,2703000000,0.208,,,,,179000000,0.033,183000000,0.069,,109000000,,22.54,22.42,,,,,,,,,,,,,,,,,,,,,true,false,3,2015-04-01,2015-06-30,-1
2016-07-25,38440,2017-03-31,1,6200000000,0.135,,,,,620000000,0.144,620000000,0.140,,410000000,,84.47,,,,,,,,,,,,,,,,,,,,,,true,true,6,2016-04-01,2016-09-30,0
2016-07-25,38440,2017-03-31,1,13000000000,0.145,,,,,1500000000,0.160,1500000000,0.158,,990000000,,203.96,,,,,,,,,,,,,,,,,,,,,,true,true,12,2016-04-01,2017-03-31,0
2016-07-25,38440,2016-03-31,1,,,,,,,,,,,,,,,,,,,,5582000000,3261000000,0.584,,3259000000,,,,,,,,,,,,true,false,12,2015-04-01,2016-03-31,-1
2016-07-25,38440,2016-03-31,1,,,,,,,,,,,,,,,,,,,,,,,,,,,,,66.00,,,,5353500,500081,,false,false,12,2015-04-01,2016-03-31,-1
2016-07-25,38440,2017-03-31,1,,,,,,,,,,,,,,,,,,,,,,,,,,,,,18.00,,,,,,,false,false,12,2016-04-01,2017-03-31,0
2016-07-25,38440,2017-03-31,1,,,,,,,,,,,,,,,,,,,,,,,,,,,,,72.00,,,,,,,false,true,12,2016-04-01,2017-03-31,0
2016-07-25,38440,2017-03-31,1,,,,,,,,,,,,,,,,,,,,,,,,,,,,,,,,,5354100,500081,4853619,false,false,3,2016-04-01,2016-06-30,0
2016-07-25,38440,2016-03-31,1,,,,,,,,,,,,,,,,,,,,,,,,,,,,,,,,,,,4844819,false,false,3,2015-04-01,2015-06-30,-1
2016-10-31,38440,2017-03-31,2,6104000000,0.117,,,,,605000000,0.117,602000000,0.108,,406000000,,83.75,83.42,,,,,6503000000,3392000000,0.521,,3390000000,,,,,,,,,,,,true,false,6,2016-04-01,2016-09-30,0
2016-10-31,38440,2016-03-31,2,5463000000,0.186,,,,,542000000,0.077,543000000,0.062,,345000000,,71.23,70.86,,,,,,,,,,,,,,,,,,,,,true,false,6,2015-04-01,2015-09-30,-1
2016-10-31,38440,2017-03-31,2,13000000000,0.145,,,,,1500000000,0.160,1500000000,0.158,,990000000,,203.96,,,,,,,,,,,,,,,,,,,,,,true,true,12,2016-04-01,2017-03-31,0
2016-10-31,38440,2016-03-31,2,,,,,,,,,,,,,,,,,,,,5582000000,3261000000,0.584,,3259000000,,,,,,,,,,,,true,false,12,2015-04-01,2016-03-31,-1
2016-10-31,38440,2016-03-31,2,,,,,,,,,,,,,,,,,,,,,,,,,,,,,66.00,,,,5353500,500081,,false,false,12,2015-04-01,2016-03-31,-1
2016-10-31,38440,2017-03-31,2,,,,,,,,,,,,,,,,,,,,,,,,,,,,,18.00,,,,,,,false,false,12,2016-04-01,2017-03-31,0
2016-10-31,38440,2017-03-31,2,,,,,,,,,,,,,,,,,,,,,,,,,,,,,72.00,,,,,,,false,true,12,2016-04-01,2017-03-31,0
2016-10-31,38440,2017-03-31,2,,,,,,,,,,,,,,,,,,,,,,,,,,,,,,,,,5354100,500120,4853812,false,false,6,2016-04-01,2016-09-30,0
2016-10-31,38440,2016-03-31,2,,,,,,,,,,,,,,,,,,,,,,,,,,,,,,,,,,,4847019,false,false,6,2015-04-01,2015-09-30,-1
2017-01-27,38440,2017-03-31,3,9901000000,0.199,,,,,914000000,0.063,937000000,0.084,,633000000,,130.52,129.99,,,,,7016000000,3538000000,0.504,,3536000000,,,,,,,,,,,,true,false,9,2016-04-01,2016-12-31,0
2017-01-27,38440,2016-03-31,3,8258000000,0.173,,,,,860000000,0.132,864000000,0.119,,554000000,,114.46,113.90,,,,,,,,,,,,,,,,,,,,,true,false,9,2015-04-01,2015-12-31,-1
2017-01-27,38440,2017-03-31,3,13000000000,0.145,,,,,1500000000,0.160,1500000000,0.158,,990000000,,203.96,,,,,,,,,,,,,,,,,,,,,,true,true,12,2016-04-01,2017-03-31,0
2017-01-27,38440,2016-03-31,3,,,,,,,,,,,,,,,,,,,,5582000000,3261000000,0.584,,3259000000,,,,,,,,,,,,true,false,12,2015-04-01,2016-03-31,-1
2017-01-27,38440,2016-03-31,3,,,,,,,,,,,,,,,,,,,,,,,,,,,,,66.00,,,,5350500,500081,,false,false,12,2015-04-01,2016-03-31,-1
2017-01-27,38440,2017-03-31,3,,,,,,,,,,,,,,,,,,,,,,,,,,,,,18.00,,,,,,,false,false,12,2016-04-01,2017-03-31,0
2017-01-27,38440,2017-03-31,3,,,,,,,,,,,,,,,,,,,,,,,,,,,,,77.00,,,,,,,false,true,12,2016-04-01,2017-03-31,0
2017-01-27,38440,2017-03-31,3,,,,,,,,,,,,,,,,,,,,,,,,,,,,,,,,,5354100,500180,4853849,false,false,9,2016-04-01,2016-12-31,0
2017-01-27,38440,2016-03-31,3,,,,,,,,,,,,,,,,,,,,,,,,,,,,,,,,,,,4848019,false,false,9,2015-04-01,2015-12-31,-1
2017-05-01,38440,2017-03-31,,13897000000,0.224,,,,,1522000000,0.177,1542000000,0.191,,1061000000,,218.72,217.84,0.297,0.240,0.110,,7285000000,3883000000,0.533,799.54,3881000000,933000000,-627000000,-90000000,2513000000,,0.352,,,,,,true,false,12,2016-04-01,2017-03-31,0
2017-05-01,38440,2016-03-31,,11349000000,0.151,,,,,1293000000,0.225,1295000000,0.222,,823000000,,169.84,169.04,0.277,0.248,0.114,,5582000000,3261000000,0.584,671.52,3259000000,780000000,-103000000,-252000000,2297000000,,0.389,,,,,,true,false,12,2015-04-01,2016-03-31,-1
2017-05-01,38440,2018-03-31,,7000000000,0.147,,,,,710000000,0.173,710000000,0.178,,470000000,,96.81,,,,,,,,,,,,,,,,,,,,,,true,true,6,2017-04-01,2017-09-30,1
2017-05-01,38440,2018-03-31,,15300000000,0.101,,,,,1700000000,0.116,1700000000,0.102,,1180000000,,243.04,,,,,,,,,,,,,,,,0.362,,,,,,true,true,12,2017-04-01,2018-03-31,1
2017-05-01,38440,2017-03-31,,8602000000,0.201,,,,,985000000,0.146,984000000,0.133,706000000,,0.257,145.54,144.95,,,,,4922000000,2809000000,0.570,578.29,2807000000,,,,,77.00,,,,5355300,500180,4854016,false,false,12,2016-04-01,2017-03-31,0
2017-05-01,38440,2016-03-31,,7162000000,0.194,,,,,859000000,0.312,868000000,0.342,561000000,,0.419,115.87,115.32,,,,,4187000000,2545000000,0.608,524.19,2544000000,,,,,66.00,,,,5353500,500081,4849219,false,false,12,2015-04-01,2016-03-31,-1
2017-05-01,38440,2018-03-31,,,,,,,,,,,,,,,,,,,,,,,,,,,,,,88.00,,,,,,,false,true,12,2017-04-01,2018-03-31,1
2017-07-31,38440,2018-03-31,1,3820000000,0.279,,,,,280000000,0.041,282000000,0.051,,173000000,,35.76,35.62,,,,,7136000000,3947000000,0.553,,3945000000,,,,,,,,,,,,true,false,3,2017-04-01,2017-06-30,0
2017-07-31,38440,2017-03-31,1,2987000000,0.105,,,,,269000000,0.500,269000000,0.465,,179000000,,36.91,36.76,,,,,,,,,,,,,,,,,,,,,true,false,3,2016-04-01,2016-06-30,-1
2017-07-31,38440,2018-03-31,1,7000000000,0.147,,,,,710000000,0.173,710000000,0.178,,470000000,,96.81,,,,,,,,,,,,,,,,,,,,,,true,true,6,2017-04-01,2017-09-30,0
2017-07-31,38440,2018-03-31,1,15300000000,0.101,,,,,1700000000,0.116,1700000000,0.102,,1180000000,,81.01,,,,,,,,,,,,,,,,,,,,,,true,true,12,2017-04-01,2018-03-31,0
2017-07-31,38440,2017-03-31,1,,,,,,,,,,,,,,,,,,,,7285000000,3883000000,0.533,,3881000000,,,,,,,,,,,,true,false,12,2016-04-01,2017-03-31,-1
2017-07-31,38440,2017-03-31,1,,,,,,,,,,,,,,,,,,,,,,,,,,,,,77.00,,,,5355300,500180,,false,false,12,2016-04-01,2017-03-31,-1
2017-07-31,38440,2018-03-31,1,,,,,,,,,,,,,,,,,,,,,,,,,,,,,22.00,,,,,,,false,false,12,2017-04-01,2018-03-31,0
2017-07-31,38440,2018-03-31,1,,,,,,,,,,,,,,,,,,,,,,,,,,,,,7.40,,,,,,,false,true,12,2017-04-01,2018-03-31,0
2017-07-31,38440,2018-03-31,1,,,,,,,,,,,,,,,,,,,,,,,,,,,,,,,,,5355900,500180,4855720,false,false,3,2017-04-01,2017-06-30,0
2017-07-31,38440,2017-03-31,1,,,,,,,,,,,,,,,,,,,,,,,,,,,,,,,,,,,4853619,false,false,3,2016-04-01,2016-06-30,-1
2017-10-17,38440,2018-03-31,,7843000000,0.120,,,,,783000000,0.103,799000000,0.125,625000000,,0.330,42.95,,,,,,,,,,,,,,,,,,,,,,true,true,6,2017-04-01,2017-09-30,0
2017-10-17,38440,2017-03-31,,6104000000,,,,,,605000000,,602000000,,406000000,,,27.92,,,,,,,,,,,,,,,,,,,,,,true,false,6,2016-04-01,2016-09-30,-1
2017-10-30,38440,2018-03-31,2,7843000000,0.285,,,,,783000000,0.294,799000000,0.326,,625000000,,42.95,42.80,,,,,7784000000,4312000000,0.554,,4310000000,,,,,,,,,,,,true,false,6,2017-04-01,2017-09-30,0
2017-10-30,38440,2017-03-31,2,6104000000,0.117,,,,,605000000,0.117,602000000,0.108,,406000000,,27.92,27.81,,,,,,,,,,,,,,,,,,,,,true,false,6,2016-04-01,2016-09-30,-1
2017-10-30,38440,2018-03-31,2,15300000000,0.101,,,,,1700000000,0.116,1700000000,0.102,,1180000000,,81.01,,,,,,,,,,,,,,,,,,,,,,true,true,12,2017-04-01,2018-03-31,0
2017-10-30,38440,2017-03-31,2,,,,,,,,,,,,,,,,,,,,7285000000,3883000000,0.533,,3881000000,,,,,,,,,,,,true,false,12,2016-04-01,2017-03-31,-1
2017-10-30,38440,2017-03-31,2,,,,,,,,,,,,,,,,,,,,,,,,,,,,,77.00,,,,5355300,500180,,false,false,12,2016-04-01,2017-03-31,-1
2017-10-30,38440,2018-03-31,2,,,,,,,,,,,,,,,,,,,,,,,,,,,,,22.00,,,,,,,false,false,12,2017-04-01,2018-03-31,0
2017-10-30,38440,2018-03-31,2,,,,,,,,,,,,,,,,,,,,,,,,,,,,,7.40,,,,,,,false,true,12,2017-04-01,2018-03-31,0
2017-10-30,38440,2018-03-31,2,,,,,,,,,,,,,,,,,,,,,,,,,,,,,,,,,5358300,496740,4857867,false,false,6,2017-04-01,2017-09-30,0
2017-10-30,38440,2017-03-31,2,,,,,,,,,,,,,,,,,,,,,,,,,,,,,,,,,,,4853812,false,false,6,2016-04-01,2016-09-30,-1
2018-01-29,38440,2018-03-31,3,12116000000,0.224,,,,,1383000000,0.513,1406000000,0.500,,1039000000,,71.34,71.09,,,,,8060000000,4619000000,0.573,,4617000000,,,,,,,,,,,,true,false,9,2017-04-01,2017-12-31,0
2018-01-29,38440,2017-03-31,3,9901000000,0.199,,,,,914000000,0.063,937000000,0.084,,633000000,,43.51,43.33,,,,,,,,,,,,,,,,,,,,,true,false,9,2016-04-01,2016-12-31,-1
2018-01-29,38440,2018-03-31,3,15300000000,0.101,,,,,1700000000,0.116,1700000000,0.102,,1180000000,,81.01,,,,,,,,,,,,,,,,,,,,,,true,true,12,2017-04-01,2018-03-31,0
2018-01-29,38440,2017-03-31,3,,,,,,,,,,,,,,,,,,,,7285000000,3883000000,0.533,,3881000000,,,,,,,,,,,,true,false,12,2016-04-01,2017-03-31,-1
2018-01-29,38440,2017-03-31,3,,,,,,,,,,,,,,,,,,,,,,,,,,,,,77.00,,,,16065900,1500540,,false,false,12,2016-04-01,2017-03-31,-1
2018-01-29,38440,2018-03-31,3,,,,,,,,,,,,,,,,,,,,,,,,,,,,,7.40,,,,,,,false,false,12,2017-04-01,2018-03-31,0
2018-01-29,38440,2018-03-31,3,,,,,,,,,,,,,,,,,,,,,,,,,,,,,10.40,,,,,,,false,true,12,2017-04-01,2018-03-31,0
2018-01-29,38440,2018-03-31,3,,,,,,,,,,,,,,,,,,,,,,,,,,,,,,,,,16078500,1490280,14577687,false,false,9,2017-04-01,2017-12-31,0
2018-01-29,38440,2017-03-31,3,,,,,,,,,,,,,,,,,,,,,,,,,,,,,,,,,,,14561547,false,false,9,2016-04-01,2016-12-31,-1
,38440,2018-03-31,,,,,,,,,,,,,,,,,,,,,,,,,,,,,,10.40,,,,,,,false,true,12,2017-04-01,2018-03-31,0
,38440,2018-03-31,,,,,,,,,,,,,,,,,,,,,,,,,,,,,,22.00,,,,,,,false,false,12,2017-04-01,2018-03-31,0
,38440,2017-03-31,,,,,,,,,,,,,,,,,,,,,,,,,,,,,,77.00,,,,,,,false,false,12,2016-04-01,2017-03-31,-1
2018-05-07,38440,2018-03-31,,16383000000,0.179,,,,,1968000000,0.293,2010000000,0.303,,1395000000,,95.69,95.37,0.319,0.253,0.120,,8600000000,4872000000,0.566,333.81,4871000000,1953000000,378000000,-643000000,4200000000,,0.339,,,,,,true,false,12,2017-04-01,2018-03-31,0
2018-05-07,38440,2017-03-31,,13897000000,0.224,,,,,1522000000,0.177,1542000000,0.191,,1061000000,,72.91,72.61,0.297,0.240,0.110,,7285000000,3883000000,0.533,266.51,3881000000,933000000,-627000000,-90000000,2513000000,,0.352,,,,,,true,false,12,2016-04-01,2017-03-31,-1
2018-05-07,38440,2019-03-31,,8520000000,0.086,,,,,865000000,0.105,865000000,0.082,,650000000,,44.54,,,,,,,,,,,,,,,,,,,,,,true,true,6,2018-04-01,2018-09-30,1
2018-05-07,38440,2019-03-31,,18025000000,0.100,,,,,2200000000,0.118,2215000000,0.102,,1560000000,,106.90,,,,,,,,,,,,,,,,0.355,,,,,,true,true,12,2018-04-01,2019-03-31,1
2018-05-07,38440,2018-03-31,,10170000000,0.182,,,,,1257000000,0.276,1272000000,0.293,839000000,,0.188,57.56,57.37,,,,,5782000000,3242000000,0.560,222.11,3241000000,,,,,10.40,,,,16083000,1490490,14581272,false,false,12,2017-04-01,2018-03-31,0
2018-05-07,38440,2017-03-31,,8602000000,0.201,,,,,985000000,0.146,984000000,0.133,706000000,,0.257,48.51,48.32,,,,,4922000000,2809000000,0.570,192.76,2807000000,,,,,77.00,,,,16065900,1500540,14562048,false,false,12,2016-04-01,2017-03-31,-1
2018-05-07,38440,2019-03-31,,,,,,,,,,,,,,,,,,,,,,,,,,,,,,38.00,,,,,,,false,true,12,2018-04-01,2019-03-31,1
2018-07-30,38440,2019-03-31,1,4184000000,0.095,,,,,505000000,0.805,509000000,0.802,,332000000,,22.77,22.72,,,,,8195000000,5054000000,0.617,,5054000000,,,,,,,,,,,,true,false,3,2018-04-01,2018-06-30,0
2018-07-30,38440,2018-03-31,1,3820000000,0.279,,,,,280000000,0.041,282000000,0.051,,173000000,,11.92,11.87,,,,,,,,,,,,,,,,,,,,,true,false,3,2017-04-01,2017-06-30,-1
2018-07-30,38440,2019-03-31,1,8520000000,0.086,,,,,865000000,0.105,865000000,0.082,,650000000,,44.54,,,,,,,,,,,,,,,,,,,,,,true,true,6,2018-04-01,2018-09-30,0
2018-07-30,38440,2019-03-31,1,18025000000,0.100,,,,,2200000000,0.118,2215000000,0.102,,1560000000,,106.90,,,,,,,,,,,,,,,,,,,,,,true,true,12,2018-04-01,2019-03-31,0
2018-07-30,38440,2018-03-31,1,,,,,,,,,,,,,,,,,,,,8600000000,4872000000,0.566,,4871000000,,,,,,,,,,,,true,false,12,2017-04-01,2018-03-31,-1
2018-07-30,38440,2018-03-31,1,,,,,,,,,,,,,,,,,,,,,,,,,,,,,10.40,,,,16083000,1490490,,false,false,12,2017-04-01,2018-03-31,-1
2018-07-30,38440,2019-03-31,1,,,,,,,,,,,,,,,,,,,,,,,,,,,,,9.50,,,,,,,false,false,12,2018-04-01,2019-03-31,0
2018-07-30,38440,2019-03-31,1,,,,,,,,,,,,,,,,,,,,,,,,,,,,,9.50,,,,,,,false,true,12,2018-04-01,2019-03-31,0
2018-07-30,38440,2019-03-31,1,,,,,,,,,,,,,,,,,,,,,,,,,,,,,,,,,16104600,1490520,14603280,false,false,3,2018-04-01,2018-06-30,0
2018-07-30,38440,2018-03-31,1,,,,,,,,,,,,,,,,,,,,,,,,,,,,,,,,,,,14567160,false,false,3,2017-04-01,2017-06-30,-1
2018-10-16,38440,2019-03-31,,8484000000,-0.004,,,,,1214000000,0.404,1220000000,0.410,812000000,,0.249,55.55,,,,,,,,,,,,,,,,,,,,,,true,true,6,2018-04-01,2018-09-30,0
2018-10-16,38440,2018-03-31,,7843000000,,,,,,783000000,,799000000,,625000000,,,42.95,,,,,,,,,,,,,,,,,,,,,,true,false,6,2017-04-01,2017-09-30,-1
2018-10-29,38440,2019-03-31,2,8484000000,0.082,,,,,1214000000,0.551,1220000000,0.527,,812000000,,55.59,55.50,,,,,8952000000,5414000000,0.605,,5414000000,,,,,,,,,,,,true,false,6,2018-04-01,2018-09-30,0
2018-10-29,38440,2018-03-31,2,7843000000,0.285,,,,,783000000,0.294,799000000,0.326,,625000000,,42.95,42.80,,,,,,,,,,,,,,,,,,,,,true,false,6,2017-04-01,2017-09-30,-1
2018-10-29,38440,2019-03-31,2,18025000000,0.100,,,,,2200000000,0.118,2215000000,0.102,,1560000000,,106.90,,,,,,,,,,,,,,,,,,,,,,true,true,12,2018-04-01,2019-03-31,0
2018-10-29,38440,2018-03-31,2,,,,,,,,,,,,,,,,,,,,8600000000,4872000000,0.566,,4871000000,,,,,,,,,,,,true,false,12,2017-04-01,2018-03-31,-1
2018-10-29,38440,2018-03-31,2,,,,,,,,,,,,,,,,,,,,,,,,,,,,,10.40,,,,16083000,1490490,,false,false,12,2017-04-01,2018-03-31,-1
2018-10-29,38440,2019-03-31,2,,,,,,,,,,,,,,,,,,,,,,,,,,,,,9.50,,,,,,,false,false,12,2018-04-01,2019-03-31,0
2018-10-29,38440,2019-03-31,2,,,,,,,,,,,,,,,,,,,,,,,,,,,,,9.50,,,,,,,false,true,12,2018-04-01,2019-03-31,0
2018-10-29,38440,2019-03-31,2,,,,,,,,,,,,,,,,,,,,,,,,,,,,,,,,,16120800,1485583,14618333,false,false,6,2018-04-01,2018-09-30,0
2018-10-29,38440,2018-03-31,2,,,,,,,,,,,,,,,,,,,,,,,,,,,,,,,,,,,14573601,false,false,6,2017-04-01,2017-09-30,-1
2018-12-18,38440,2019-03-31,,18025000000,0.000,,,,,2545000000,0.156,2545000000,0.148,1790000000,,0.147,122.42,,,,,,,,,,,,,,,,,,,,,,true,true,12,2018-04-01,2019-03-31,0
2018-12-18,38440,2018-03-31,,16383000000,,,,,,1968000000,,2010000000,,1395000000,,,95.69,,,,,,,,,,,,,,,,,,,,,,true,false,12,2017-04-01,2018-03-31,-1
2019-01-29,38440,2019-03-31,3,13025000000,0.075,,,,,1894000000,0.369,1903000000,0.353,,1262000000,,86.34,86.20,,,,,8868000000,5720000000,0.645,,5720000000,,,,,,,,,,,,true,false,9,2018-04-01,2018-12-31,0
2019-01-29,38440,2018-03-31,3,12116000000,0.224,,,,,1383000000,0.513,1406000000,0.500,,1039000000,,71.34,71.09,,,,,,,,,,,,,,,,,,,,,true,false,9,2017-04-01,2017-12-31,-1
2019-01-29,38440,2019-03-31,3,18025000000,0.100,,,,,2545000000,0.293,2545000000,0.266,,1790000000,,122.42,,,,,,,,,,,,,,,,,,,,,,true,true,12,2018-04-01,2019-03-31,0
2019-01-29,38440,2018-03-31,3,,,,,,,,,,,,,,,,,,,,8600000000,4872000000,0.566,,4871000000,,,,,,,,,,,,true,false,12,2017-04-01,2018-03-31,-1
2019-01-29,38440,2018-03-31,3,,,,,,,,,,,,,,,,,,,,,,,,,,,,,10.40,,,,16083000,1490490,,false,false,12,2017-04-01,2018-03-31,-1
2019-01-29,38440,2019-03-31,3,,,,,,,,,,,,,,,,,,,,,,,,,,,,,9.50,,,,,,,false,false,12,2018-04-01,2019-03-31,0
2019-01-29,38440,2019-03-31,3,,,,,,,,,,,,,,,,,,,,,,,,,,,,,9.50,,,,,,,false,true,12,2018-04-01,2019-03-31,0
2019-01-29,38440,2019-03-31,3,,,,,,,,,,,,,,,,,,,,,,,,,,,,,,,,,16120800,1486624,14623635,false,false,9,2018-04-01,2018-12-31,0
2019-01-29,38440,2018-03-31,3,,,,,,,,,,,,,,,,,,,,,,,,,,,,,,,,,,,14577687,false,false,9,2017-04-01,2017-12-31,-1
,38440,2019-03-31,,,,,,,,,,,,,,,,,,,,,,,,,,,,,,48.00,,,,,,,false,true,12,2018-04-01,2019-03-31,0
,38440,2019-03-31,,,,,,,,,,,,,,,,,,,,,,,,,,,,,,9.50,,,,,,,false,false,12,2018-04-01,2019-03-31,0
,38440,2018-03-31,,,,,,,,,,,,,,,,,,,,,,,,,,,,,,10.40,,,,,,,false,false,12,2017-04-01,2018-03-31,-1
2019-05-08,38440,2019-03-31,,18070000000,0.103,,,,,2570000000,0.306,2575000000,0.281,,1807000000,,122.49,122.39,0.260,0.239,0.142,,12988000000,9019000000,0.694,577.11,9016000000,1544000000,-109000000,2173000000,7809000000,,0.392,,,,,,true,false,12,2018-04-01,2019-03-31,0
2019-05-08,38440,2018-03-31,,16383000000,0.179,,,,,1968000000,0.293,2010000000,0.303,,1395000000,,95.69,95.37,0.319,0.253,0.120,,8600000000,4872000000,0.566,333.81,4871000000,1953000000,378000000,-643000000,4200000000,,0.339,,,,,,true,false,12,2017-04-01,2018-03-31,-1
2019-05-08,38440,2020-03-31,,9391000000,0.107,,,,,1360000000,0.120,1357000000,0.112,,969000000,,62.02,,,,,,,,,,,,,,,,,,,,,,true,true,6,2019-04-01,2019-09-30,1
2019-05-08,38440,2020-03-31,,20000000000,0.107,,,,,2880000000,0.120,2874000000,0.116,,2021000000,,129.35,,,,,,,,,,,,,,,,0.448,,,,,,true,true,12,2019-04-01,2020-03-31,1
2019-05-08,38440,2019-03-31,,11791000000,0.159,,,,,1898000000,0.510,1886000000,0.482,1461000000,,0.741,99.03,98.94,,,,,10095000000,7043000000,0.697,450.62,7040000000,,,,,48.00,,,,16120800,496663,14758760,false,false,12,2018-04-01,2019-03-31,0
2019-05-08,38440,2018-03-31,,10170000000,0.182,,,,,1257000000,0.276,1272000000,0.293,839000000,,0.188,57.56,57.37,,,,,5782000000,3242000000,0.560,222.11,3241000000,,,,,10.40,,,,16083000,1490490,14581272,false,false,12,2017-04-01,2018-03-31,-1
2019-05-08,38440,2020-03-31,,,,,,,,,,,,,,,,,,,,,,,,,,,,,,58.00,,,,,,,false,true,12,2019-04-01,2020-03-31,1
2019-07-31,38440,2020-03-31,1,4812000000,0.150,,,,,617000000,0.221,626000000,0.229,,465000000,,29.58,29.57,,,,,13730000000,10414000000,0.755,,10368000000,,,,,,,,,,,,true,false,3,2019-04-01,2019-06-30,0
2019-07-31,38440,2019-03-31,1,4184000000,0.095,,,,,505000000,0.805,509000000,0.802,,332000000,,22.77,22.72,,,,,,,,,,,,,,,,,,,,,true,false,3,2018-04-01,2018-06-30,-1
2019-07-31,38440,2020-03-31,1,9391000000,0.107,,,,,1360000000,0.120,1357000000,0.112,,969000000,,62.02,,,,,,,,,,,,,,,,,,,,,,true,true,6,2019-04-01,2019-09-30,0
2019-07-31,38440,2020-03-31,1,20000000000,0.107,,,,,2880000000,0.120,2874000000,0.116,,2021000000,,129.35,,,,,,,,,,,,,,,,,,,,,,true,true,12,2019-04-01,2020-03-31,0
2019-07-31,38440,2019-03-31,1,,,,,,,,,,,,,,,,,,,,12988000000,9019000000,0.694,,9016000000,,,,,,,,,,,,true,false,12,2018-04-01,2019-03-31,-1
2019-07-31,38440,2019-03-31,1,,,,,,,,,,,,,,,,,,,,,,,,,,,,,48.00,,,,16120800,496663,,false,false,12,2018-04-01,2019-03-31,-1
2019-07-31,38440,2020-03-31,1,,,,,,,,,,,,,,,,,,,,,,,,,,,,,14.50,,,,,,,false,false,12,2019-04-01,2020-03-31,0
2019-07-31,38440,2020-03-31,1,,,,,,,,,,,,,,,,,,,,,,,,,,,,,7.25,,,,,,,false,true,12,2019-04-01,2020-03-31,0
2019-07-31,38440,2020-03-31,1,,,,,,,,,,,,,,,,,,,,,,,,,,,,,,,,,16120800,188263,15726754,false,false,3,2019-04-01,2019-06-30,0
2019-07-31,38440,2019-03-31,1,,,,,,,,,,,,,,,,,,,,,,,,,,,,,,,,,,,14603280,false,false,3,2018-04-01,2018-06-30,-1
2019-10-30,38440,2020-03-31,2,10076000000,0.188,,,,,1346000000,0.109,1351000000,0.107,,940000000,,29.69,29.68,,,,,14658000000,10671000000,0.725,,10624000000,,,,,,,,,,,,true,false,6,2019-04-01,2019-09-30,0
2019-10-30,38440,2019-03-31,2,8484000000,0.082,,,,,1214000000,0.551,1220000000,0.527,,812000000,,27.79,27.75,,,,,,,,,,,,,,,,,,,,,true,false,6,2018-04-01,2018-09-30,-1
2019-10-30,38440,2020-03-31,2,20000000000,0.107,,,,,2880000000,0.120,2874000000,0.116,,2021000000,,64.68,,,,,,,,,,,,,,,,,,,,,,true,true,12,2019-04-01,2020-03-31,0
2019-10-30,38440,2019-03-31,2,,,,,,,,,,,,,,,,,,,,12988000000,9019000000,0.694,,9016000000,,,,,,,,,,,,true,false,12,2018-04-01,2019-03-31,-1
2019-10-30,38440,2019-03-31,2,,,,,,,,,,,,,,,,,,,,,,,,,,,,,48.00,,,,32241600,993326,,false,false,12,2018-04-01,2019-03-31,-1
2019-10-30,38440,2020-03-31,2,,,,,,,,,,,,,,,,,,,,,,,,,,,,,14.50,,,,,,,false,false,12,2019-04-01,2020-03-31,0
2019-10-30,38440,2020-03-31,2,,,,,,,,,,,,,,,,,,,,,,,,,,,,,7.25,,,,,,,false,true,12,2019-04-01,2020-03-31,0
2019-10-30,38440,2020-03-31,2,,,,,,,,,,,,,,,,,,,,,,,,,,,,,,,,,32241600,368608,31663388,false,false,6,2019-04-01,2019-09-30,0
2019-10-30,38440,2019-03-31,2,,,,,,,,,,,,,,,,,,,,,,,,,,,,,,,,,,,29236666,false,false,6,2018-04-01,2018-09-30,-1
2020-01-29,38440,2020-03-31,3,15507000000,0.191,,,,,2030000000,0.071,2034000000,0.069,,1392000000,,43.87,43.85,,,,,14333000000,10897000000,0.757,,10849000000,,,,,,,,,,,,true,false,9,2019-04-01,2019-12-31,0
2020-01-29,38440,2019-03-31,3,13025000000,0.075,,,,,1894000000,0.369,1903000000,0.353,,1262000000,,43.17,43.10,,,,,,,,,,,,,,,,,,,,,true,false,9,2018-04-01,2018-12-31,-1
2020-01-29,38440,2020-03-31,3,20000000000,0.107,,,,,2880000000,0.120,2874000000,0.116,,2021000000,,64.68,,,,,,,,,,,,,,,,,,,,,,true,true,12,2019-04-01,2020-03-31,0
2020-01-29,38440,2019-03-31,3,,,,,,,,,,,,,,,,,,,,12988000000,9019000000,0.694,,9016000000,,,,,,,,,,,,true,false,12,2018-04-01,2019-03-31,-1
2020-01-29,38440,2019-03-31,3,,,,,,,,,,,,,,,,,,,,,,,,,,,,,48.00,,,,32241600,993326,,false,false,12,2018-04-01,2019-03-31,-1
2020-01-29,38440,2020-03-31,3,,,,,,,,,,,,,,,,,,,,,,,,,,,,,7.25,,,,,,,false,false,12,2019-04-01,2020-03-31,0
2020-01-29,38440,2020-03-31,3,,,,,,,,,,,,,,,,,,,,,,,,,,,,,7.25,,,,,,,false,true,12,2019-04-01,2020-03-31,0
2020-01-29,38440,2020-03-31,3,,,,,,,,,,,,,,,,,,,,,,,,,,,,,,,,,32241600,368958,31732910,false,false,9,2019-04-01,2019-12-31,0
2020-01-29,38440,2019-03-31,3,,,,,,,,,,,,,,,,,,,,,,,,,,,,,,,,,,,29247270,false,false,9,2018-04-01,2018-12-31,-1
2020-05-15,38440,2020-03-31,,20932000000,0.158,,,,,2833000000,0.102,2867000000,0.113,,1974000000,,62.17,62.16,0.195,0.207,0.135,,14771000000,11195000000,0.758,351.27,11195000000,1735000000,-701000000,50000000,8893000000,,0.466,,,,,,true,false,12,2019-04-01,2020-03-31,0
2020-05-15,38440,2019-03-31,,18070000000,0.103,,,,,2570000000,0.306,2575000000,0.281,,1807000000,,61.25,61.19,0.260,0.239,0.142,,12988000000,9019000000,0.694,288.56,9016000000,1544000000,-109000000,2173000000,7809000000,,0.392,,,,,,true,false,12,2018-04-01,2019-03-31,-1
2020-05-15,38440,2021-03-31,,10400000000,,,,,,1487000000,,1487000000,,,1011000000,,31.73,,,,,,,,,,,,,,,,,,,,,,true,true,6,2020-04-01,2020-09-30,1
2020-05-15,38440,2021-03-31,,21000000000,,,,,,3045000000,,3045000000,,,2070000000,,64.97,,,,,,,,,,,,,,,,0.477,,,,,,true,true,12,2020-04-01,2021-03-31,1
2020-05-15,38440,2020-03-31,,13805000000,0.171,,,,,1904000000,0.003,1936000000,0.027,1327000000,,-0.092,41.78,41.77,,,,,11326000000,8567000000,0.756,268.82,8567000000,,,,,7.25,,,,32241600,370158,31767820,false,false,12,2019-04-01,2020-03-31,0
2020-05-15,38440,2019-03-31,,11791000000,0.159,,,,,1898000000,0.510,1886000000,0.482,1461000000,,0.741,49.51,49.47,,,,,10095000000,7043000000,0.697,225.31,7040000000,,,,,48.00,,,,32241600,993326,29517520,false,false,12,2018-04-01,2019-03-31,-1
2020-05-15,38440,2021-03-31,,,,,,,,,,,,,,,,,,,,,,,,,,,,,,31.00,,,,,,,false,true,12,2020-04-01,2021-03-31,1
2020-07-31,38440,2021-03-31,1,4960000000,0.031,,,,,557000000,-0.098,560000000,-0.104,,369000000,,11.60,,,,,,14687000000,11363000000,0.774,,11363000000,,,,,,,,,,,,true,false,3,2020-04-01,2020-06-30,0
2020-07-31,38440,2020-03-31,1,4812000000,0.150,,,,,617000000,0.221,626000000,0.229,,465000000,,14.79,14.78,,,,,,,,,,,,,,,,,,,,,true,false,3,2019-04-01,2019-06-30,-1
2020-07-31,38440,2021-03-31,1,10400000000,,,,,,1487000000,,1487000000,,,1011000000,,31.73,,,,,,,,,,,,,,,,,,,,,,true,true,6,2020-04-01,2020-09-30,0
2020-07-31,38440,2021-03-31,1,21000000000,,,,,,3045000000,,3045000000,,,2070000000,,64.97,,,,,,,,,,,,,,,,,,,,,,true,true,12,2020-04-01,2021-03-31,0
2020-07-31,38440,2020-03-31,1,,,,,,,,,,,,,,,,,,,,14771000000,11195000000,0.758,,11195000000,,,,,,,,,,,,true,false,12,2019-04-01,2020-03-31,-1
2020-07-31,38440,2020-03-31,1,,,,,,,,,,,,,,,,,,,,,,,,,,,,,7.25,,,,32241600,370158,,false,false,12,2019-04-01,2020-03-31,-1
2020-07-31,38440,2021-03-31,1,,,,,,,,,,,,,,,,,,,,,,,,,,,,,7.75,,,,,,,false,false,12,2020-04-01,2021-03-31,0
2020-07-31,38440,2021-03-31,1,,,,,,,,,,,,,,,,,,,,,,,,,,,,,31.00,,,,,,,false,true,12,2020-04-01,2021-03-31,0
2020-07-31,38440,2021-03-31,1,,,,,,,,,,,,,,,,,,,,,,,,,,,,,,,,,32241600,371719,31870441,false,false,3,2020-04-01,2020-06-30,0
2020-07-31,38440,2020-03-31,1,,,,,,,,,,,,,,,,,,,,,,,,,,,,,,,,,,,31453507,false,false,3,2019-04-01,2019-06-30,-1
2020-10-30,38440,2021-03-31,2,10071000000,-0.001,,,,,1336000000,-0.007,1375000000,0.018,,920000000,,28.88,,,,,,15421000000,11684000000,0.758,,11684000000,,,,,,,,,,,,true,false,6,2020-04-01,2020-09-30,0
2020-10-30,38440,2020-03-31,2,10076000000,0.188,,,,,1346000000,0.109,1351000000,0.107,,940000000,,29.69,29.68,,,,,,,,,,,,,,,,,,,,,true,false,6,2019-04-01,2019-09-30,-1
2020-10-30,38440,2021-03-31,2,21000000000,,,,,,3045000000,,3045000000,,,2070000000,,64.97,,,,,,,,,,,,,,,,,,,,,,true,true,12,2020-04-01,2021-03-31,0
2020-10-30,38440,2020-03-31,2,,,,,,,,,,,,,,,,,,,,14771000000,11195000000,0.758,,11195000000,,,,,,,,,,,,true,false,12,2019-04-01,2020-03-31,-1
2020-10-30,38440,2020-03-31,2,,,,,,,,,,,,,,,,,,,,,,,,,,,,,7.25,,,,32241600,370158,,false,false,12,2019-04-01,2020-03-31,-1
2020-10-30,38440,2021-03-31,2,,,,,,,,,,,,,,,,,,,,,,,,,,,,,7.75,,,,,,,false,false,12,2020-04-01,2021-03-31,0
2020-10-30,38440,2021-03-31,2,,,,,,,,,,,,,,,,,,,,,,,,,,,,,31.00,,,,,,,false,true,12,2020-04-01,2021-03-31,0
2020-10-30,38440,2021-03-31,2,,,,,,,,,,,,,,,,,,,,,,,,,,,,,,,,,32241600,365990,31873039,false,false,6,2020-04-01,2020-09-30,0
2020-10-30,38440,2020-03-31,2,,,,,,,,,,,,,,,,,,,,,,,,,,,,,,,,,,,31663388,false,false,6,2019-04-01,2019-09-30,-1
2021-01-29,38440,2021-03-31,3,15275000000,-0.015,,,,,2230000000,0.099,2269000000,0.115,,1519000000,,47.68,,,,,,15215000000,12041000000,0.791,,12041000000,,,,,,,,,,,,true,false,9,2020-04-01,2020-12-31,0
2021-01-29,38440,2020-03-31,3,15507000000,0.191,,,,,2030000000,0.071,2034000000,0.069,,1392000000,,43.87,43.85,,,,,,,,,,,,,,,,,,,,,true,false,9,2019-04-01,2019-12-31,-1
2021-01-29,38440,2021-03-31,3,21000000000,,,,,,3045000000,,3045000000,,,2070000000,,64.97,,,,,,,,,,,,,,,,,,,,,,true,true,12,2020-04-01,2021-03-31,0
2021-01-29,38440,2020-03-31,3,,,,,,,,,,,,,,,,,,,,14771000000,11195000000,0.758,,11195000000,,,,,,,,,,,,true,false,12,2019-04-01,2020-03-31,-1
2021-01-29,38440,2020-03-31,3,,,,,,,,,,,,,,,,,,,,,,,,,,,,,7.25,,,,32241600,370158,,false,false,12,2019-04-01,2020-03-31,-1
2021-01-29,38440,2021-03-31,3,,,,,,,,,,,,,,,,,,,,,,,,,,,,,7.75,,,,,,,false,false,12,2020-04-01,2021-03-31,0
2021-01-29,38440,2021-03-31,3,,,,,,,,,,,,,,,,,,,,,,,,,,,,,31.00,,,,,,,false,true,12,2020-04-01,2021-03-31,0
2021-01-29,38440,2021-03-31,3,,,,,,,,,,,,,,,,,,,,,,,,,,,,,,,,,32241600,367710,31873323,false,false,9,2020-04-01,2020-12-31,0
2021-01-29,38440,2020-03-31,3,,,,,,,,,,,,,,,,,,,,,,,,,,,,,,,,,,,31732910,false,false,9,2019-04-01,2019-12-31,-1
2021-05-10,38440,2021-03-31,,20868000000,-0.003,,,,,3150000000,0.112,3192000000,0.113,,2083000000,,65.38,,0.177,0.204,0.151,,16483000000,12353000000,0.749,387.60,12353000000,1562000000,-1391000000,-813000000,8251000000,,0.474,,,,,,true,false,12,2020-04-01,2021-03-31,0
2021-05-10,38440,2020-03-31,,20932000000,0.158,,,,,2833000000,0.102,2867000000,0.113,,1974000000,,62.17,62.16,0.195,0.207,0.135,,14771000000,11195000000,0.758,351.27,11195000000,1735000000,-701000000,50000000,8893000000,,0.466,,,,,,true,false,12,2019-04-01,2020-03-31,-1
2021-05-10,38440,2022-03-31,,11155000000,0.108,,,,,1561000000,0.168,1561000000,0.135,,1061000000,,33.29,,,,,,,,,,,,,,,,,,,,,,true,true,6,2021-04-01,2021-09-30,1
2021-05-10,38440,2022-03-31,,23000000000,0.102,,,,,3500000000,0.111,3500000000,0.096,,2380000000,,74.67,,,,,,,,,,,,,,,,0.442,,,,,,true,true,12,2021-04-01,2022-03-31,1
2021-05-10,38440,2021-03-31,,14930000000,0.081,,,,,2428000000,0.275,4812000000,1.485,3997000000,,2.012,125.43,,,,,,14873000000,11639000000,0.783,365.18,11639000000,,,,,31.00,,,,32241600,369020,31873137,false,false,12,2020-04-01,2021-03-31,0
2021-05-10,38440,2020-03-31,,13805000000,0.171,,,,,1904000000,0.003,1936000000,0.027,1327000000,,-0.092,41.78,41.77,,,,,11326000000,8567000000,0.756,268.82,8567000000,,,,,7.25,,,,32241600,370158,31767820,false,false,12,2019-04-01,2020-03-31,-1
2021-05-10,38440,2022-03-31,,,,,,,,,,,,,,,,,,,,,,,,,,,,,,33.00,,,,,,,false,true,12,2021-04-01,2022-03-31,1
2021-07-30,38440,2022-03-31,1,5910000000,0.192,,,,,932000000,0.672,929000000,0.657,,558000000,,17.52,,,,,,16778000000,12665000000,0.755,,12665000000,,,,,,,,,,,,true,false,3,2021-04-01,2021-06-30,0
2021-07-30,38440,2021-03-31,1,4960000000,0.031,,,,,557000000,-0.098,560000000,-0.104,,369000000,,11.60,,,,,,,,,,,,,,,,,,,,,,true,false,3,2020-04-01,2020-06-30,-1
2021-07-30,38440,2022-03-31,1,11911000000,0.183,,,,,1822000000,0.363,1820000000,0.324,,1123000000,,35.23,,,,,,,,,,,,,,,,,,,,,,true,true,6,2021-04-01,2021-09-30,0
2021-07-30,38440,2022-03-31,1,24100000000,0.155,,,,,3800000000,0.206,3800000000,0.190,,2400000000,,75.30,,,,,,,,,,,,,,,,,,,,,,true,true,12,2021-04-01,2022-03-31,0
2021-07-30,38440,2021-03-31,1,,,,,,,,,,,,,,,,,,,,16483000000,12353000000,0.749,,12353000000,,,,,,,,,,,,true,false,12,2020-04-01,2021-03-31,-1
2021-07-30,38440,2021-03-31,1,,,,,,,,,,,,,,,,,,,,,,,,,,,,,31.00,,,,32241600,369020,,false,false,12,2020-04-01,2021-03-31,-1
2021-07-30,38440,2022-03-31,1,,,,,,,,,,,,,,,,,,,,,,,,,,,,,8.25,,,,,,,false,false,12,2021-04-01,2022-03-31,0
2021-07-30,38440,2022-03-31,1,,,,,,,,,,,,,,,,,,,,,,,,,,,,,35.00,,,,,,,false,true,12,2021-04-01,2022-03-31,0
2021-07-30,38440,2022-03-31,1,,,,,,,,,,,,,,,,,,,,,,,,,,,,,,,,,32241600,371160,31871450,false,false,3,2021-04-01,2021-06-30,0
2021-07-30,38440,2021-03-31,1,,,,,,,,,,,,,,,,,,,,,,,,,,,,,,,,,,,31870441,false,false,3,2020-04-01,2020-06-30,-1
2021-10-29,38440,2022-03-31,2,11995000000,0.191,,,,,1961000000,0.468,1965000000,0.429,,1220000000,,38.29,,,,,,17196000000,13079000000,0.761,,13079000000,,,,,,,,,,,,true,false,6,2021-04-01,2021-09-30,0
2021-10-29,38440,2021-03-31,2,10071000000,-0.001,,,,,1336000000,-0.007,1375000000,0.018,,920000000,,28.88,,,,,,,,,,,,,,,,,,,,,,true,false,6,2020-04-01,2020-09-30,-1
2021-10-29,38440,2022-03-31,2,24100000000,0.155,,,,,3800000000,0.206,3800000000,0.190,,2400000000,,75.30,,,,,,,,,,,,,,,,,,,,,,true,true,12,2021-04-01,2022-03-31,0
2021-10-29,38440,2021-03-31,2,,,,,,,,,,,,,,,,,,,,16483000000,12353000000,0.749,,12353000000,,,,,,,,,,,,true,false,12,2020-04-01,2021-03-31,-1
2021-10-29,38440,2021-03-31,2,,,,,,,,,,,,,,,,,,,,,,,,,,,,,31.00,,,,32241600,369020,,false,false,12,2020-04-01,2021-03-31,-1
2021-10-29,38440,2022-03-31,2,,,,,,,,,,,,,,,,,,,,,,,,,,,,,8.25,,,,,,,false,false,12,2021-04-01,2022-03-31,0
2021-10-29,38440,2022-03-31,2,,,,,,,,,,,,,,,,,,,,,,,,,,,,,35.00,,,,,,,false,true,12,2021-04-01,2022-03-31,0
2021-10-29,38440,2022-03-31,2,,,,,,,,,,,,,,,,,,,,,,,,,,,,,,,,,32241600,364760,31873168,false,false,6,2021-04-01,2021-09-30,0
2021-10-29,38440,2021-03-31,2,,,,,,,,,,,,,,,,,,,,,,,,,,,,,,,,,,,31873039,false,false,6,2020-04-01,2020-09-30,-1
2022-01-31,38440,2022-03-31,3,18239000000,0.194,,,,,3053000000,0.369,3052000000,0.345,,1925000000,,60.41,,,,,,17561000000,13522000000,0.770,,13522000000,,,,,,,,,,,,true,false,9,2021-04-01,2021-12-31,0
2022-01-31,38440,2021-03-31,3,15275000000,-0.015,,,,,2230000000,0.099,2269000000,0.115,,1519000000,,47.68,,,,,,,,,,,,,,,,,,,,,,true,false,9,2020-04-01,2020-12-31,-1
2022-01-31,38440,2022-03-31,3,24100000000,0.155,,,,,3800000000,0.206,3800000000,0.190,,2400000000,,75.30,,,,,,,,,,,,,,,,,,,,,,true,true,12,2021-04-01,2022-03-31,0
2022-01-31,38440,2021-03-31,3,,,,,,,,,,,,,,,,,,,,16483000000,12353000000,0.749,,12353000000,,,,,,,,,,,,true,false,12,2020-04-01,2021-03-31,-1
2022-01-31,38440,2021-03-31,3,,,,,,,,,,,,,,,,,,,,,,,,,,,,,31.00,,,,32241600,369020,,false,false,12,2020-04-01,2021-03-31,-1
2022-01-31,38440,2022-03-31,3,,,,,,,,,,,,,,,,,,,,,,,,,,,,,9.25,,,,,,,false,false,12,2021-04-01,2022-03-31,0
2022-01-31,38440,2022-03-31,3,,,,,,,,,,,,,,,,,,,,,,,,,,,,,37.00,,,,,,,false,true,12,2021-04-01,2022-03-31,0
2022-01-31,38440,2022-03-31,3,,,,,,,,,,,,,,,,,,,,,,,,,,,,,,,,,32241600,365150,31874262,false,false,9,2021-04-01,2021-12-31,0
2022-01-31,38440,2021-03-31,3,,,,,,,,,,,,,,,,,,,,,,,,,,,,,,,,,,,31873323,false,false,9,2020-04-01,2020-12-31,-1
2022-05-09,38440,2022-03-31,,24985000000,0.197,,,,,3996000000,0.268,4000000000,0.253,,2517000000,,78.97,,0.192,0.226,0.160,,18934000000,13820000000,0.730,433.56,13820000000,4420000000,31000000,-1437000000,11265000000,,0.469,,,,,,true,false,12,2021-04-01,2022-03-31,0
2022-05-09,38440,2021-03-31,,20868000000,-0.003,,,,,3150000000,0.112,3192000000,0.113,,2083000000,,65.38,,0.177,0.204,0.151,,16483000000,12353000000,0.749,387.60,12353000000,1562000000,-1391000000,-813000000,8251000000,,0.474,,,,,,true,false,12,2020-04-01,2021-03-31,-1
2022-05-09,38440,2023-03-31,,13890000000,0.158,,,,,2200000000,0.121,2200000000,0.119,,1450000000,,45.50,,,,,,,,,,,,,,,,,,,,,,true,true,6,2022-04-01,2022-09-30,1
2022-05-09,38440,2023-03-31,,28800000000,0.153,,,,,4660000000,0.166,4660000000,0.165,,3080000000,,96.60,,,,,,,,,,,,,,,,0.455,,,,,,true,true,12,2022-04-01,2023-03-31,1
2022-05-09,38440,2022-03-31,,16904000000,0.132,,,,,2908000000,0.198,2904000000,-0.396,1854000000,,-0.536,58.18,,,,,,16269000000,12443000000,0.765,390.35,12443000000,,,,,37.00,,,,32241600,365150,31874809,false,false,12,2021-04-01,2022-03-31,0
2022-05-09,38440,2021-03-31,,14930000000,0.081,,,,,2428000000,0.275,4812000000,1.485,3997000000,,2.012,125.43,,,,,,14873000000,11639000000,0.783,365.18,11639000000,,,,,31.00,,,,32241600,369020,31873137,false,false,12,2020-04-01,2021-03-31,-1
2022-05-09,38440,2023-03-31,,,,,,,,,,,,,,,,,,,,,,,,,,,,,,44.00,,,,,,,false,true,12,2022-04-01,2023-03-31,1
2022-07-29,38440,2023-03-31,1,6855000000,0.160,,,,,686000000,-0.264,681000000,-0.267,,478000000,,15.02,,,,,,18796000000,13940000000,0.742,,13940000000,,,,,,,,,,,,true,false,3,2022-04-01,2022-06-30,0
2022-07-29,38440,2022-03-31,1,5910000000,0.192,,,,,932000000,0.672,929000000,0.657,,558000000,,17.52,,,,,,,,,,,,,,,,,,,,,,true,false,3,2021-04-01,2021-06-30,-1
2022-07-29,38440,2023-03-31,1,13890000000,0.158,,,,,2200000000,0.121,2200000000,0.119,,1450000000,,45.49,,,,,,,,,,,,,,,,,,,,,,true,true,6,2022-04-01,2022-09-30,0
2022-07-29,38440,2023-03-31,1,28800000000,0.153,,,,,4660000000,0.166,4660000000,0.165,,3080000000,,96.62,,,,,,,,,,,,,,,,,,,,,,true,true,12,2022-04-01,2023-03-31,0
2022-07-29,38440,2022-03-31,1,,,,,,,,,,,,,,,,,,,,18934000000,13820000000,0.730,,13820000000,,,,,,,,,,,,true,false,12,2021-04-01,2022-03-31,-1
2022-07-29,38440,2022-03-31,1,,,,,,,,,,,,,,,,,,,,,,,,,,,,,37.00,,,,32241600,365150,,false,false,12,2021-04-01,2022-03-31,-1
2022-07-29,38440,2023-03-31,1,,,,,,,,,,,,,,,,,,,,,,,,,,,,,11.00,,,,,,,false,false,12,2022-04-01,2023-03-31,0
2022-07-29,38440,2023-03-31,1,,,,,,,,,,,,,,,,,,,,,,,,,,,,,44.00,,,,,,,false,true,12,2022-04-01,2023-03-31,0
2022-07-29,38440,2023-03-31,1,,,,,,,,,,,,,,,,,,,,,,,,,,,,,,,,,32241600,368090,31874883,false,false,3,2022-04-01,2022-06-30,0
2022-07-29,38440,2022-03-31,1,,,,,,,,,,,,,,,,,,,,,,,,,,,,,,,,,,,31871450,false,false,3,2021-04-01,2021-06-30,-1
2022-10-31,38440,2023-03-31,2,14045000000,0.171,,,,,1733000000,-0.116,1741000000,-0.114,,1186000000,,37.21,,,,,,19212000000,14298000000,0.744,,14298000000,,,,,,,,,,,,true,false,6,2022-04-01,2022-09-30,0
2022-10-31,38440,2022-03-31,2,11995000000,0.191,,,,,1961000000,0.468,1965000000,0.429,,1220000000,,38.29,,,,,,,,,,,,,,,,,,,,,,true,false,6,2021-04-01,2021-09-30,-1
2022-10-31,38440,2023-03-31,2,28800000000,0.153,,,,,4660000000,0.166,4660000000,0.165,,3080000000,,96.62,,,,,,,,,,,,,,,,,,,,,,true,true,12,2022-04-01,2023-03-31,0
2022-10-31,38440,2022-03-31,2,,,,,,,,,,,,,,,,,,,,18934000000,13820000000,0.730,,13820000000,,,,,,,,,,,,true,false,12,2021-04-01,2022-03-31,-1
2022-10-31,38440,2022-03-31,2,,,,,,,,,,,,,,,,,,,,,,,,,,,,,37.00,,,,32241600,365150,,false,false,12,2021-04-01,2022-03-31,-1
2022-10-31,38440,2023-03-31,2,,,,,,,,,,,,,,,,,,,,,,,,,,,,,11.00,,,,,,,false,false,12,2022-04-01,2023-03-31,0
2022-10-31,38440,2023-03-31,2,,,,,,,,,,,,,,,,,,,,,,,,,,,,,44.00,,,,,,,false,true,12,2022-04-01,2023-03-31,0
2022-10-31,38440,2023-03-31,2,,,,,,,,,,,,,,,,,,,,,,,,,,,,,,,,,32241600,368190,31874147,false,false,6,2022-04-01,2022-09-30,0
2022-10-31,38440,2022-03-31,2,,,,,,,,,,,,,,,,,,,,,,,,,,,,,,,,,,,31873168,false,false,6,2021-04-01,2021-09-30,-1
2023-01-31,38440,2023-03-31,3,21365000000,0.171,,,,,2883000000,-0.056,2871000000,-0.059,,1945000000,,61.02,,,,,,19251000000,14706000000,0.764,,14706000000,,,,,,,,,,,,true,false,9,2022-04-01,2022-12-31,0
2023-01-31,38440,2022-03-31,3,18239000000,0.194,,,,,3053000000,0.369,3052000000,0.345,,1925000000,,60.41,,,,,,,,,,,,,,,,,,,,,,true,false,9,2021-04-01,2021-12-31,-1
2023-01-31,38440,2023-03-31,3,28800000000,0.153,,,,,4660000000,0.166,4660000000,0.165,,3080000000,,96.62,,,,,,,,,,,,,,,,,,,,,,true,true,12,2022-04-01,2023-03-31,0
2023-01-31,38440,2022-03-31,3,,,,,,,,,,,,,,,,,,,,18934000000,13820000000,0.730,,13820000000,,,,,,,,,,,,true,false,12,2021-04-01,2022-03-31,-1
2023-01-31,38440,2022-03-31,3,,,,,,,,,,,,,,,,,,,,,,,,,,,,,37.00,,,,32241600,365150,,false,false,12,2021-04-01,2022-03-31,-1
2023-01-31,38440,2023-03-31,3,,,,,,,,,,,,,,,,,,,,,,,,,,,,,11.00,,,,,,,false,false,12,2022-04-01,2023-03-31,0
2023-01-31,38440,2023-03-31,3,,,,,,,,,,,,,,,,,,,,,,,,,,,,,44.00,,,,,,,false,true,12,2022-04-01,2023-03-31,0
2023-01-31,38440,2023-03-31,3,,,,,,,,,,,,,,,,,,,,,,,,,,,,,,,,,32241600,368290,31873868,false,false,9,2022-04-01,2022-12-31,0
2023-01-31,38440,2022-03-31,3,,,,,,,,,,,,,,,,,,,,,,,,,,,,,,,,,,,31874262,false,false,9,2021-04-01,2021-12-31,-1
2023-03-15,38440,2023-03-31,,28800000000,0.000,,,,,4000000000,-0.142,4000000000,-0.142,,2600000000,,81.57,,,,,,,,,,,,,,,,,,,,,,true,true,12,2022-04-01,2023-03-31,0
2023-03-15,38440,2022-03-31,,24985000000,,,,,,3996000000,,4000000000,,,2517000000,,78.97,,,,,,,,,,,,,,,,,,,,,,true,false,12,2021-04-01,2022-03-31,-1
2023-05-12,38440,2023-03-31,,29056000000,0.163,,,,,4065000000,0.017,4067000000,0.017,,2695000000,,84.56,,0.186,0.200,0.140,,21738000000,15097000000,0.694,473.67,15097000000,1947000000,-1707000000,-1303000000,10202000000,,0.520,,,,,,true,false,12,2022-04-01,2023-03-31,0
2023-05-12,38440,2022-03-31,,24985000000,0.197,,,,,3996000000,0.268,4000000000,0.253,,2517000000,,78.97,,0.192,0.226,0.160,,18934000000,13820000000,0.730,433.56,13820000000,4420000000,31000000,-1437000000,11265000000,,0.469,,,,,,true,false,12,2021-04-01,2022-03-31,-1
2023-05-12,38440,2024-03-31,,16330000000,0.163,,,,,1580000000,-0.089,1580000000,-0.093,,1040000000,,32.63,,,,,,,,,,,,,,,,,,,,,,true,true,6,2023-04-01,2023-09-30,1
2023-05-12,38440,2024-03-31,,35000000000,0.205,,,,,4750000000,0.168,4750000000,0.168,,3150000000,,98.83,,,,,,,,,,,,,,,,0.465,,,,,,true,true,12,2023-04-01,2024-03-31,1
2023-05-12,38440,2023-03-31,,18356000000,0.086,,,,,2850000000,-0.020,2854000000,-0.017,1961000000,,0.058,61.53,,,,,,17043000000,12989000000,0.762,407.54,12989000000,,,,,44.00,,,,32241600,368290,31873728,false,false,12,2022-04-01,2023-03-31,0
2023-05-12,38440,2022-03-31,,16904000000,0.132,,,,,2908000000,0.198,2904000000,-0.396,1854000000,,-0.536,58.18,,,,,,16269000000,12443000000,0.765,390.35,12443000000,,,,,37.00,,,,32241600,365150,31874809,false,false,12,2021-04-01,2022-03-31,-1
2023-05-12,38440,2024-03-31,,,,,,,,,,,,,,,,,,,,,,,,,,,,,,46.00,,,,,,,false,true,12,2023-04-01,2024-03-31,1
2023-07-31,38440,2024-03-31,1,8098000000,0.181,,,,,860000000,0.253,860000000,0.263,,558000000,,17.52,,,,,,21345000000,15305000000,0.717,,15305000000,,,,,,,,,,,,true,false,3,2023-04-01,2023-06-30,0
2023-07-31,38440,2023-03-31,1,6855000000,0.160,,,,,686000000,-0.264,681000000,-0.267,,478000000,,15.02,,,,,,,,,,,,,,,,,,,,,,true,false,3,2022-04-01,2022-06-30,-1
2023-07-31,38440,2024-03-31,1,16330000000,0.163,,,,,1580000000,-0.089,1580000000,-0.093,,1040000000,,32.63,,,,,,,,,,,,,,,,,,,,,,true,true,6,2023-04-01,2023-09-30,0
2023-07-31,38440,2024-03-31,1,35000000000,0.205,,,,,4750000000,0.168,4750000000,0.168,,3150000000,,98.83,,,,,,,,,,,,,,,,,,,,,,true,true,12,2023-04-01,2024-03-31,0
2023-07-31,38440,2023-03-31,1,,,,,,,,,,,,,,,,,,,,21738000000,15097000000,0.694,,15097000000,,,,,,,,,,,,true,false,12,2022-04-01,2023-03-31,-1
2023-07-31,38440,2023-03-31,1,,,,,,,,,,,,,,,,,,,,,,,,,,,,,44.00,,,,32241600,368290,,false,false,12,2022-04-01,2023-03-31,-1
2023-07-31,38440,2024-03-31,1,,,,,,,,,,,,,,,,,,,,,,,,,,,,,11.50,,,,,,,false,false,12,2023-04-01,2024-03-31,0
2023-07-31,38440,2024-03-31,1,,,,,,,,,,,,,,,,,,,,,,,,,,,,,46.00,,,,,,,false,true,12,2023-04-01,2024-03-31,0
2023-07-31,38440,2024-03-31,1,,,,,,,,,,,,,,,,,,,,,,,,,,,,,,,,,32241600,368445,31873155,false,false,3,2023-04-01,2023-06-30,0
2023-07-31,38440,2023-03-31,1,,,,,,,,,,,,,,,,,,,,,,,,,,,,,,,,,,,31874883,false,false,3,2022-04-01,2022-06-30,-1
2023-10-30,38440,2024-03-31,2,16761000000,0.193,,,,,1950000000,0.125,1946000000,0.118,,1251000000,,39.26,,,,,,21782000000,15657000000,0.719,,15657000000,,,,,,,,,,,,true,false,6,2023-04-01,2023-09-30,0
2023-10-30,38440,2023-03-31,2,14045000000,0.171,,,,,1733000000,-0.116,1741000000,-0.114,,1186000000,,37.21,,,,,,,,,,,,,,,,,,,,,,true,false,6,2022-04-01,2022-09-30,-1
2023-10-30,38440,2024-03-31,2,35000000000,0.205,,,,,4750000000,0.168,4750000000,0.168,,3150000000,,98.83,,,,,,,,,,,,,,,,,,,,,,true,true,12,2023-04-01,2024-03-31,0
2023-10-30,38440,2023-03-31,2,,,,,,,,,,,,,,,,,,,,21738000000,15097000000,0.694,,15097000000,,,,,,,,,,,,true,false,12,2022-04-01,2023-03-31,-1
2023-10-30,38440,2023-03-31,2,,,,,,,,,,,,,,,,,,,,,,,,,,,,,44.00,,,,32241600,368290,,false,false,12,2022-04-01,2023-03-31,-1
2023-10-30,38440,2024-03-31,2,,,,,,,,,,,,,,,,,,,,,,,,,,,,,11.50,,,,,,,false,false,12,2023-04-01,2024-03-31,0
2023-10-30,38440,2024-03-31,2,,,,,,,,,,,,,,,,,,,,,,,,,,,,,46.00,,,,,,,false,true,12,2023-04-01,2024-03-31,0
2023-10-30,38440,2024-03-31,2,,,,,,,,,,,,,,,,,,,,,,,,,,,,,,,,,32241600,356664,31877050,false,false,6,2023-04-01,2023-09-30,0
2023-10-30,38440,2023-03-31,2,,,,,,,,,,,,,,,,,,,,,,,,,,,,,,,,,,,31874147,false,false,6,2022-04-01,2022-09-30,-1
2024-01-31,38440,2024-03-31,3,25310000000,0.185,,,,,3262000000,0.131,3260000000,0.136,,2113000000,,66.30,,,,,,21759000000,16160000000,0.743,,16160000000,,,,,,,,,,,,true,false,9,2023-04-01,2023-12-31,0
2024-01-31,38440,2023-03-31,3,21365000000,0.171,,,,,2883000000,-0.056,2871000000,-0.059,,1945000000,,61.02,,,,,,,,,,,,,,,,,,,,,,true,false,9,2022-04-01,2022-12-31,-1
2024-01-31,38440,2024-03-31,3,35000000000,0.205,,,,,4750000000,0.168,4750000000,0.168,,3150000000,,98.83,,,,,,,,,,,,,,,,,,,,,,true,true,12,2023-04-01,2024-03-31,0
2024-01-31,38440,2023-03-31,3,,,,,,,,,,,,,,,,,,,,21738000000,15097000000,0.694,,15097000000,,,,,,,,,,,,true,false,12,2022-04-01,2023-03-31,-1
2024-01-31,38440,2023-03-31,3,,,,,,,,,,,,,,,,,,,,,,,,,,,,,44.00,,,,32241600,368290,,false,false,12,2022-04-01,2023-03-31,-1
2024-01-31,38440,2024-03-31,3,,,,,,,,,,,,,,,,,,,,,,,,,,,,,11.50,,,,,,,false,false,12,2023-04-01,2024-03-31,0
2024-01-31,38440,2024-03-31,3,,,,,,,,,,,,,,,,,,,,,,,,,,,,,46.00,,,,,,,false,true,12,2023-04-01,2024-03-31,0
2024-01-31,38440,2024-03-31,3,,,,,,,,,,,,,,,,,,,,,,,,,,,,,,,,,32241600,356774,31879667,false,false,9,2023-04-01,2023-12-31,0
2024-01-31,38440,2023-03-31,3,,,,,,,,,,,,,,,,,,,,,,,,,,,,,,,,,,,31873868,false,false,9,2022-04-01,2022-12-31,-1
2024-05-10,38440,2024-03-31,,34185000000,0.177,,,,,4600000000,0.131,4597000000,0.130,,3135000000,,98.35,,0.197,0.204,0.135,,23442000000,16805000000,0.717,527.07,16805000000,3424000000,449000000,-1952000000,12123000000,,0.468,,,,,,true,false,12,2023-04-01,2024-03-31,0
2024-05-10,38440,2023-03-31,,29056000000,0.163,,,,,4065000000,0.017,4067000000,0.017,,2695000000,,84.56,,0.186,0.200,0.140,,21738000000,15097000000,0.694,473.67,15097000000,1947000000,-1707000000,-1303000000,10202000000,,0.520,,,,,,true,false,12,2022-04-01,2023-03-31,-1
2024-05-10,38440,2025-03-31,,37700000000,0.103,,,,,4900000000,0.065,4900000000,0.066,,3250000000,,101.93,,,,,,,,,,,,,,,,0.471,,,,,,true,true,12,2024-04-01,2025-03-31,1
2024-05-10,38440,2024-03-31,,22341000000,0.217,,,,,3215000000,0.128,5106000000,0.789,4273000000,,1.179,134.04,,,,,,19771000000,15835000000,0.801,496.66,15835000000,,,,,46.00,,,,32241600,356904,31880935,false,false,12,2023-04-01,2024-03-31,0
2024-05-10,38440,2023-03-31,,18356000000,0.086,,,,,2850000000,-0.020,2854000000,-0.017,1961000000,,0.058,61.53,,,,,,17043000000,12989000000,0.762,407.54,12989000000,,,,,44.00,,,,32241600,368290,31873728,false,false,12,2022-04-01,2023-03-31,-1
2024-05-10,38440,2025-03-31,,,,,,,,,,,,,,,,,,,,,,,,,,,,,,48.00,,,,,,,false,true,12,2024-04-01,2025-03-31,1
2024-08-06,38440,2025-03-31,1,8753000000,0.081,,,,,795000000,-0.076,793000000,-0.077,,502000000,,15.76,,,,,,22951000000,16941000000,0.738,,16941000000,,,,,,,,,,,,true,false,3,2024-04-01,2024-06-30,0
2024-08-06,38440,2024-03-31,1,8098000000,0.181,,,,,860000000,0.253,860000000,0.263,,558000000,,17.52,,,,,,,,,,,,,,,,,,,,,,true,false,3,2023-04-01,2023-06-30,-1
2024-08-06,38440,2025-03-31,1,37700000000,0.103,,,,,4900000000,0.065,4900000000,0.066,,3250000000,,101.93,,,,,,,,,,,,,,,,,,,,,,true,true,12,2024-04-01,2025-03-31,0
2024-08-06,38440,2024-03-31,1,,,,,,,,,,,,,,,,,,,,23442000000,16805000000,0.717,,16805000000,,,,,,,,,,,,true,false,12,2023-04-01,2024-03-31,-1
2024-08-06,38440,2024-03-31,1,,,,,,,,,,,,,,,,,,,,,,,,,,,,,46.00,,,,32241600,356904,,false,false,12,2023-04-01,2024-03-31,-1
2024-08-06,38440,2025-03-31,1,,,,,,,,,,,,,,,,,,,,,,,,,,,,,12.00,,,,,,,false,false,12,2024-04-01,2025-03-31,0
2024-08-06,38440,2025-03-31,1,,,,,,,,,,,,,,,,,,,,,,,,,,,,,48.00,,,,,,,false,true,12,2024-04-01,2025-03-31,0
2024-08-06,38440,2025-03-31,1,,,,,,,,,,,,,,,,,,,,,,,,,,,,,,,,,32241600,358559,31883041,false,false,3,2024-04-01,2024-06-30,0
2024-08-06,38440,2024-03-31,1,,,,,,,,,,,,,,,,,,,,,,,,,,,,,,,,,,,31873155,false,false,3,2023-04-01,2023-06-30,-1
2024-11-05,38440,2025-03-31,2,17794000000,0.062,,,,,1983000000,0.017,1984000000,0.019,,1278000000,,40.09,,,,,,24060000000,17342000000,0.721,,17342000000,,,,,,,,,,,,true,false,6,2024-04-01,2024-09-30,0
2024-11-05,38440,2024-03-31,2,16761000000,0.193,,,,,1950000000,0.125,1946000000,0.118,,1251000000,,39.26,,,,,,,,,,,,,,,,,,,,,,true,false,6,2023-04-01,2023-09-30,-1
2024-11-05,38440,2025-03-31,2,37700000000,0.103,,,,,4900000000,0.065,4900000000,0.066,,3250000000,,101.93,,,,,,,,,,,,,,,,,,,,,,true,true,12,2024-04-01,2025-03-31,0
2024-11-05,38440,2024-03-31,2,,,,,,,,,,,,,,,,,,,,23442000000,16805000000,0.717,,16805000000,,,,,,,,,,,,true,false,12,2023-04-01,2024-03-31,-1
2024-11-05,38440,2024-03-31,2,,,,,,,,,,,,,,,,,,,,,,,,,,,,,46.00,,,,32241600,356904,,false,false,12,2023-04-01,2024-03-31,-1
2024-11-05,38440,2025-03-31,2,,,,,,,,,,,,,,,,,,,,,,,,,,,,,12.00,,,,,,,false,false,12,2024-04-01,2025-03-31,0
2024-11-05,38440,2025-03-31,2,,,,,,,,,,,,,,,,,,,,,,,,,,,,,48.00,,,,,,,false,true,12,2024-04-01,2025-03-31,0
2024-11-05,38440,2025-03-31,2,,,,,,,,,,,,,,,,,,,,,,,,,,,,,,,,,32241600,352609,31885010,false,false,6,2024-04-01,2024-09-30,0
2024-11-05,38440,2024-03-31,2,,,,,,,,,,,,,,,,,,,,,,,,,,,,,,,,,,,31877050,false,false,6,2023-04-01,2023-09-30,-1
2025-02-04,38440,2025-03-31,3,26863000000,0.061,,,,,3237000000,-0.008,3240000000,-0.006,,2105000000,,66.02,,,,,,24389000000,17796000000,0.730,,17796000000,,,,,,,,,,,,true,false,9,2024-04-01,2024-12-31,0
2025-02-04,38440,2024-03-31,3,25310000000,0.185,,,,,3262000000,0.131,3260000000,0.136,,2113000000,,66.30,,,,,,,,,,,,,,,,,,,,,,true,false,9,2023-04-01,2023-12-31,-1
2025-02-04,38440,2025-03-31,3,37700000000,0.103,,,,,4900000000,0.065,4900000000,0.066,,3250000000,,101.93,,,,,,,,,,,,,,,,,,,,,,true,true,12,2024-04-01,2025-03-31,0
2025-02-04,38440,2024-03-31,3,,,,,,,,,,,,,,,,,,,,23442000000,16805000000,0.717,,16805000000,,,,,,,,,,,,true,false,12,2023-04-01,2024-03-31,-1
2025-02-04,38440,2024-03-31,3,,,,,,,,,,,,,,,,,,,,,,,,,,,,,46.00,,,,32241600,356904,,false,false,12,2023-04-01,2024-03-31,-1
2025-02-04,38440,2025-03-31,3,,,,,,,,,,,,,,,,,,,,,,,,,,,,,12.00,,,,,,,false,false,12,2024-04-01,2025-03-31,0
2025-02-04,38440,2025-03-31,3,,,,,,,,,,,,,,,,,,,,,,,,,,,,,48.00,,,,,,,false,true,12,2024-04-01,2025-03-31,0
2025-02-04,38440,2025-03-31,3,,,,,,,,,,,,,,,,,,,,,,,,,,,,,,,,,32241600,352688,31886316,false,false,9,2024-04-01,2024-12-31,0
2025-02-04,38440,2024-03-31,3,,,,,,,,,,,,,,,,,,,,,,,,,,,,,,,,,,,31879667,false,false,9,2023-04-01,2023-12-31,-1
2025-05-15,38440,2025-03-31,,36341000000,0.063,,,,,4630000000,0.007,4660000000,0.014,,3160000000,,99.12,,0.179,0.190,0.127,,25611000000,18468000000,0.721,579.15,18468000000,3194000000,-923000000,-1512000000,12881000000,,0.484,,,,,,true,false,12,2024-04-01,2025-03-31,0
2025-05-15,38440,2024-03-31,,34185000000,0.177,,,,,4600000000,0.131,4597000000,0.130,,3135000000,,98.35,,0.197,0.204,0.135,,23442000000,16805000000,0.717,527.07,16805000000,3424000000,449000000,-1952000000,12123000000,,0.468,,,,,,true,false,12,2023-04-01,2024-03-31,-1
2025-05-15,38440,2026-03-31,,40000000000,0.101,,,,,5000000000,0.080,5000000000,0.073,,3325000000,,104.27,,,,,,,,,,,,,,,,0.480,,,,,,true,true,12,2025-04-01,2026-03-31,1
2025-05-15,38440,2025-03-31,,26004000000,0.164,,,,,3202000000,-0.004,4518000000,-0.115,3863000000,,-0.096,121.16,,,,,,23418000000,18201000000,0.777,570.78,18201000000,,,,,48.00,,,,32241600,352798,31886956,false,false,12,2024-04-01,2025-03-31,0
2025-05-15,38440,2024-03-31,,22341000000,0.217,,,,,3215000000,0.128,5106000000,0.789,4273000000,,1.179,134.04,,,,,,19771000000,15835000000,0.801,496.66,15835000000,,,,,46.00,,,,32241600,356904,31880935,false,false,12,2023-04-01,2024-03-31,-1
2025-05-15,38440,2026-03-31,,,,,,,,,,,,,,,,,,,,,,,,,,,,,,50.00,,,,,,,false,true,12,2025-04-01,2026-03-31,1
