filing_date,code,fiscal_year_end,quarterly_period,net_sales,net_sales_change,revenue,revenue_change,operating_revenue,operating_revenue_change,operating_profit,operating_profit_change,ordinary_profit,ordinary_profit_change,net_income,net_income_of_parent,net_income_change,eps,diluted_eps,roe,roa,operating_profit_to_net_sales,operating_profit_to_revenue,total_assets,net_assets,equity_ratio,bps,owner_equity,operating_cash_flow,investing_cash_flow,financing_cash_flow,cash,dividend_per_share,payout_ratio,commemorative_dividend,extra_dividend,number_of_shares,number_of_treqsury_shares,avg_number_of_shares,is_consolidated,is_forecast,duration,period_start,period_end,period_pos
2015-05-13,38910,2015-03-31,,12930000000,0.032,,,,,547000000,0.503,757000000,0.456,443000000,,0.842,41.25,,0.033,0.032,0.042,,23449000000,13745000000,0.586,1277.80,13745000000,2936000000,-1050000000,-1604000000,1816000000,,0.436,,,,,,true,false,12,2014-04-01,2015-03-31,0
2015-05-13,38910,2014-03-31,,12529000000,0.199,,,,,364000000,,520000000,,240000000,,,22.39,,0.018,0.020,0.029,,24564000000,13304000000,0.542,1236.81,13304000000,3082000000,-300000000,-2719000000,1498000000,,0.804,,,,,,true,false,12,2013-04-01,2014-03-31,-1
2015-05-13,38910,2016-03-31,,6600000000,-0.018,,,,,330000000,-0.340,320000000,-0.432,,210000000,,19.52,,,,,,,,,,,,,,,,,,,,,,true,true,6,2015-04-01,2015-09-30,1
2015-05-13,38910,2016-03-31,,13400000000,0.036,,,,,660000000,0.205,650000000,-0.141,,450000000,,41.83,,,,,,,,,,,,,,,,0.430,,,,,,true,true,12,2015-04-01,2016-03-31,1
2015-05-13,38910,2015-03-31,,12395000000,0.022,,,,,588000000,0.447,764000000,0.430,439000000,,0.904,40.88,,,,,,22356000000,13557000000,0.606,1260.38,13557000000,,,,,18.00,,,,10953582,196608,10757155,false,false,12,2014-04-01,2015-03-31,0
2015-05-13,38910,2014-03-31,,12126000000,0.182,,,,,406000000,,534000000,,230000000,,,21.47,,,,,,23680000000,13252000000,0.560,1231.96,13252000000,,,,,18.00,,,,10953582,196361,10757284,false,false,12,2013-04-01,2014-03-31,-1
2015-05-13,38910,2016-03-31,,,,,,,,,,,,,,,,,,,,,,,,,,,,,,18.00,,,,,,,false,true,12,2015-04-01,2016-03-31,1
2015-07-29,38910,2016-03-31,1,3034000000,-0.138,,,,,155000000,-0.602,244000000,-0.363,,202000000,,18.81,,,,,,23390000000,13791000000,0.590,,13791000000,,,,,,,,,,,,true,false,3,2015-04-01,2015-06-30,0
2015-07-29,38910,2015-03-31,1,3519000000,0.081,,,,,391000000,0.412,383000000,0.025,,262000000,,24.38,,,,,,,,,,,,,,,,,,,,,,true,false,3,2014-04-01,2014-06-30,-1
2015-07-29,38910,2016-03-31,1,6600000000,-0.018,,,,,330000000,-0.340,320000000,-0.432,,210000000,,19.52,,,,,,,,,,,,,,,,,,,,,,true,true,6,2015-04-01,2015-09-30,0
2015-07-29,38910,2016-03-31,1,13400000000,0.036,,,,,660000000,0.205,650000000,-0.141,,450000000,,41.83,,,,,,,,,,,,,,,,,,,,,,true,true,12,2015-04-01,2016-03-31,0
2015-07-29,38910,2015-03-31,1,,,,,,,,,,,,,,,,,,,,23449000000,13745000000,0.586,,13745000000,,,,,,,,,,,,true,false,12,2014-04-01,2015-03-31,-1
2015-07-29,38910,2015-03-31,1,,,,,,,,,,,,,,,,,,,,,,,,,,,,,18.00,,,,10953582,196608,,false,false,12,2014-04-01,2015-03-31,-1
2015-07-29,38910,2016-03-31,1,,,,,,,,,,,,,,,,,,,,,,,,,,,,,18.00,,,,,,,false,true,12,2015-04-01,2016-03-31,0
2015-07-29,38910,2016-03-31,1,,,,,,,,,,,,,,,,,,,,,,,,,,,,,,,,,10953582,196608,10756974,false,false,3,2015-04-01,2015-06-30,0
2015-07-29,38910,2015-03-31,1,,,,,,,,,,,,,,,,,,,,,,,,,,,,,,,,,,,10757221,false,false,3,2014-04-01,2014-06-30,-1
2015-11-02,38910,2016-03-31,2,5912000000,-0.120,,,,,127000000,-0.744,255000000,-0.547,,232000000,,21.62,,,,,,24380000000,13787000000,0.566,,13787000000,,,,,,,,,,,,true,false,6,2015-04-01,2015-09-30,0
2015-11-02,38910,2015-03-31,2,6719000000,0.043,,,,,499000000,0.360,563000000,0.234,,395000000,,36.72,,,,,,,,,,,,,,,,,,,,,,true,false,6,2014-04-01,2014-09-30,-1
2015-11-02,38910,2016-03-31,2,12000000000,-0.072,,,,,200000000,-0.635,370000000,-0.511,,290000000,,26.96,,,,,,,,,,,,,,,,,,,,,,true,true,12,2015-04-01,2016-03-31,0
2015-11-02,38910,2015-03-31,2,,,,,,,,,,,,,,,,,,,,23449000000,13745000000,0.586,,13745000000,,,,,,,,,,,,true,false,12,2014-04-01,2015-03-31,-1
2015-11-02,38910,2015-03-31,2,,,,,,,,,,,,,,,,,,,,,,,,,,,,,18.00,,,,10953582,196608,,false,false,12,2014-04-01,2015-03-31,-1
2015-11-02,38910,2016-03-31,2,,,,,,,,,,,,,,,,,,,,,,,,,,,,,9.00,,,,,,,false,false,12,2015-04-01,2016-03-31,0
2015-11-02,38910,2016-03-31,2,,,,,,,,,,,,,,,,,,,,,,,,,,,,,18.00,,,,,,,false,true,12,2015-04-01,2016-03-31,0
2015-11-02,38910,2016-03-31,2,,,,,,,,,,,,,,,,,,,,,,,,,,,,,,,,,10953582,196608,10756974,false,false,6,2015-04-01,2015-09-30,0
2015-11-02,38910,2015-03-31,2,,,,,,,,,,,,,,,,,,,,,,,,,,,,,,,,,,,10757214,false,false,6,2014-04-01,2014-09-30,-1
2016-02-02,38910,2016-03-31,3,8765000000,-0.096,,,,,51000000,-0.898,241000000,-0.658,,199000000,,18.56,,,,,,23905000000,13534000000,0.566,,13534000000,,,,,,,,,,,,true,false,9,2015-04-01,2015-12-31,0
2016-02-02,38910,2015-03-31,3,9700000000,0.017,,,,,505000000,0.293,704000000,0.235,,504000000,,46.91,,,,,,,,,,,,,,,,,,,,,,true,false,9,2014-04-01,2014-12-31,-1
2016-02-02,38910,2016-03-31,3,12000000000,-0.072,,,,,200000000,-0.635,370000000,-0.511,,290000000,,26.96,,,,,,,,,,,,,,,,,,,,,,true,true,12,2015-04-01,2016-03-31,0
2016-02-02,38910,2015-03-31,3,,,,,,,,,,,,,,,,,,,,23449000000,13745000000,0.586,,13745000000,,,,,,,,,,,,true,false,12,2014-04-01,2015-03-31,-1
2016-02-02,38910,2015-03-31,3,,,,,,,,,,,,,,,,,,,,,,,,,,,,,18.00,,,,10953582,196608,,false,false,12,2014-04-01,2015-03-31,-1
2016-02-02,38910,2016-03-31,3,,,,,,,,,,,,,,,,,,,,,,,,,,,,,9.00,,,,,,,false,false,12,2015-04-01,2016-03-31,0
2016-02-02,38910,2016-03-31,3,,,,,,,,,,,,,,,,,,,,,,,,,,,,,18.00,,,,,,,false,true,12,2015-04-01,2016-03-31,0
2016-02-02,38910,2016-03-31,3,,,,,,,,,,,,,,,,,,,,,,,,,,,,,,,,,10953582,196608,10756974,false,false,9,2015-04-01,2015-12-31,0
2016-02-02,38910,2015-03-31,3,,,,,,,,,,,,,,,,,,,,,,,,,,,,,,,,,,,10757194,false,false,9,2014-04-01,2014-12-31,-1
2016-05-13,38910,2016-03-31,,11617000000,-0.101,,,,,96000000,-0.823,129000000,-0.829,,55000000,,5.20,,0.004,0.005,0.008,,24422000000,13160000000,0.539,1222.95,13155000000,1734000000,-2546000000,690000000,1672000000,,3.462,,,,,,true,false,12,2015-04-01,2016-03-31,0
2016-05-13,38910,2015-03-31,,12930000000,0.032,,,,,547000000,0.503,757000000,0.456,,443000000,,41.25,,0.033,0.032,0.042,,23449000000,13745000000,0.586,1277.80,13745000000,2936000000,-1050000000,-1604000000,1816000000,,0.436,,,,,,true,false,12,2014-04-01,2015-03-31,-1
2016-05-13,38910,2017-03-31,,7000000000,0.184,,,,,140000000,0.095,140000000,-0.452,,80000000,,7.44,,,,,,,,,,,,,,,,,,,,,,true,true,6,2016-04-01,2016-09-30,1
2016-05-13,38910,2017-03-31,,14100000000,0.214,,,,,370000000,2.820,360000000,1.774,,190000000,,17.66,,,,,,,,,,,,,,,,1.019,,,,,,true,true,12,2016-04-01,2017-03-31,1
2016-05-13,38910,2016-03-31,,11246000000,-0.093,,,,,41000000,-0.929,41000000,-0.946,59000000,,-0.864,5.56,,,,,,22916000000,13334000000,0.582,1239.59,13334000000,,,,,18.00,,,,10953582,196608,10756974,false,false,12,2015-04-01,2016-03-31,0
2016-05-13,38910,2015-03-31,,12395000000,0.022,,,,,588000000,0.447,764000000,0.430,439000000,,0.904,40.88,,,,,,22356000000,13557000000,0.606,1260.38,13557000000,,,,,18.00,,,,10953582,196608,10757155,false,false,12,2014-04-01,2015-03-31,-1
2016-05-13,38910,2017-03-31,,,,,,,,,,,,,,,,,,,,,,,,,,,,,,18.00,,,,,,,false,true,12,2016-04-01,2017-03-31,1
2016-08-10,38910,2017-03-31,1,3614000000,0.191,,,,,85000000,-0.453,-89000000,,,-92000000,,-8.60,,,,,,24931000000,12940000000,0.519,,12935000000,,,,,,,,,,,,true,false,3,2016-04-01,2016-06-30,0
2016-08-10,38910,2016-03-31,1,3034000000,-0.138,,,,,155000000,-0.602,244000000,-0.363,,202000000,,18.81,,,,,,,,,,,,,,,,,,,,,,true,false,3,2015-04-01,2015-06-30,-1
2016-08-10,38910,2017-03-31,1,7000000000,0.184,,,,,140000000,0.095,140000000,-0.452,,80000000,,7.44,,,,,,,,,,,,,,,,,,,,,,true,true,6,2016-04-01,2016-09-30,0
2016-08-10,38910,2017-03-31,1,14100000000,0.214,,,,,370000000,2.820,360000000,1.774,,190000000,,17.66,,,,,,,,,,,,,,,,,,,,,,true,true,12,2016-04-01,2017-03-31,0
2016-08-10,38910,2016-03-31,1,,,,,,,,,,,,,,,,,,,,24422000000,13160000000,0.539,,13155000000,,,,,,,,,,,,true,false,12,2015-04-01,2016-03-31,-1
2016-08-10,38910,2016-03-31,1,,,,,,,,,,,,,,,,,,,,,,,,,,,,,18.00,,,,10953582,196608,,false,false,12,2015-04-01,2016-03-31,-1
2016-08-10,38910,2017-03-31,1,,,,,,,,,,,,,,,,,,,,,,,,,,,,,18.00,,,,,,,false,true,12,2016-04-01,2017-03-31,0
2016-08-10,38910,2017-03-31,1,,,,,,,,,,,,,,,,,,,,,,,,,,,,,,,,,10953582,196608,10756974,false,false,3,2016-04-01,2016-06-30,0
2016-08-10,38910,2016-03-31,1,,,,,,,,,,,,,,,,,,,,,,,,,,,,,,,,,,,10756974,false,false,3,2015-04-01,2015-06-30,-1
2016-10-31,38910,2017-03-31,2,7344000000,0.242,,,,,145000000,0.141,-111000000,,,-70000000,,-6.51,,,,,,23712000000,12823000000,0.541,,12818000000,,,,,,,,,,,,true,false,6,2016-04-01,2016-09-30,0
2016-10-31,38910,2016-03-31,2,5912000000,-0.120,,,,,127000000,-0.744,255000000,-0.547,,232000000,,21.62,,,,,,,,,,,,,,,,,,,,,,true,false,6,2015-04-01,2015-09-30,-1
2016-10-31,38910,2017-03-31,2,14240000000,0.226,,,,,280000000,1.891,50000000,-0.615,,20000000,,1.86,,,,,,,,,,,,,,,,,,,,,,true,true,12,2016-04-01,2017-03-31,0
2016-10-31,38910,2016-03-31,2,,,,,,,,,,,,,,,,,,,,24422000000,13160000000,0.539,,13155000000,,,,,,,,,,,,true,false,12,2015-04-01,2016-03-31,-1
2016-10-31,38910,2016-03-31,2,,,,,,,,,,,,,,,,,,,,,,,,,,,,,18.00,,,,10953582,196608,,false,false,12,2015-04-01,2016-03-31,-1
2016-10-31,38910,2017-03-31,2,,,,,,,,,,,,,,,,,,,,,,,,,,,,,9.00,,,,,,,false,false,12,2016-04-01,2017-03-31,0
2016-10-31,38910,2017-03-31,2,,,,,,,,,,,,,,,,,,,,,,,,,,,,,18.00,,,,,,,false,true,12,2016-04-01,2017-03-31,0
2016-10-31,38910,2017-03-31,2,,,,,,,,,,,,,,,,,,,,,,,,,,,,,,,,,10953582,196590,10756980,false,false,6,2016-04-01,2016-09-30,0
2016-10-31,38910,2016-03-31,2,,,,,,,,,,,,,,,,,,,,,,,,,,,,,,,,,,,10756974,false,false,6,2015-04-01,2015-09-30,-1
2017-02-03,38910,2017-03-31,3,11184000000,0.276,,,,,358000000,5.910,287000000,0.191,,206000000,,19.21,,,,,,24310000000,13002000000,0.535,,13000000000,,,,,,,,,,,,true,false,9,2016-04-01,2016-12-31,0
2017-02-03,38910,2016-03-31,3,8765000000,-0.096,,,,,51000000,-0.898,241000000,-0.658,,199000000,,18.56,,,,,,,,,,,,,,,,,,,,,,true,false,9,2015-04-01,2015-12-31,-1
2017-02-03,38910,2017-03-31,3,14240000000,0.226,,,,,280000000,1.891,50000000,-0.615,,20000000,,1.86,,,,,,,,,,,,,,,,,,,,,,true,true,12,2016-04-01,2017-03-31,0
2017-02-03,38910,2016-03-31,3,,,,,,,,,,,,,,,,,,,,24422000000,13160000000,0.539,,13155000000,,,,,,,,,,,,true,false,12,2015-04-01,2016-03-31,-1
2017-02-03,38910,2016-03-31,3,,,,,,,,,,,,,,,,,,,,,,,,,,,,,18.00,,,,10953582,196608,,false,false,12,2015-04-01,2016-03-31,-1
2017-02-03,38910,2017-03-31,3,,,,,,,,,,,,,,,,,,,,,,,,,,,,,9.00,,,,,,,false,false,12,2016-04-01,2017-03-31,0
2017-02-03,38910,2017-03-31,3,,,,,,,,,,,,,,,,,,,,,,,,,,,,,18.00,,,,,,,false,true,12,2016-04-01,2017-03-31,0
2017-02-03,38910,2017-03-31,3,,,,,,,,,,,,,,,,,,,,,,,,,,,,,,,,,10953582,196590,10756984,false,false,9,2016-04-01,2016-12-31,0
2017-02-03,38910,2016-03-31,3,,,,,,,,,,,,,,,,,,,,,,,,,,,,,,,,,,,10756974,false,false,9,2015-04-01,2015-12-31,-1
2017-04-27,38910,2017-03-31,,15090000000,0.060,,,,,500000000,0.786,340000000,5.800,-450000000,,,-41.83,,,,,,,,,,,,,,,,,,,,,,true,true,12,2016-04-01,2017-03-31,0
2017-04-27,38910,2016-03-31,,11617000000,,,,,,96000000,,129000000,,55000000,,,5.20,,,,,,,,,,,,,,,,,,,,,,true,false,12,2015-04-01,2016-03-31,-1
2017-05-12,38910,2017-03-31,,15089000000,0.299,,,,,505000000,4.220,344000000,1.654,,-454000000,,-42.21,,-0.035,0.014,0.034,,23190000000,12473000000,0.538,1159.57,12473000000,2127000000,-838000000,-1023000000,1889000000,,,,,,,,true,false,12,2016-04-01,2017-03-31,0
2017-05-12,38910,2016-03-31,,11617000000,-0.101,,,,,96000000,-0.823,129000000,-0.829,,55000000,,5.20,,0.004,0.005,0.008,,24422000000,13160000000,0.539,1222.95,13155000000,1734000000,-2546000000,690000000,1672000000,,3.462,,,,,,true,false,12,2015-04-01,2016-03-31,-1
2017-05-12,38910,2018-03-31,,7850000000,0.069,,,,,470000000,2.222,460000000,,,320000000,,29.75,,,,,,,,,,,,,,,,,,,,,,true,true,6,2017-04-01,2017-09-30,1
2017-05-12,38910,2018-03-31,,15700000000,0.040,,,,,940000000,0.859,920000000,1.671,,660000000,,61.36,,,,,,,,,,,,,,,,0.293,,,,,,true,true,12,2017-04-01,2018-03-31,1
2017-05-12,38910,2017-03-31,,12108000000,0.077,,,,,754000000,,712000000,,-671000000,,,-62.42,,,,,,21701000000,12521000000,0.577,1164.04,12521000000,,,,,18.00,,,,10953582,196590,10756986,false,false,12,2016-04-01,2017-03-31,0
2017-05-12,38910,2016-03-31,,11246000000,-0.093,,,,,41000000,-0.929,41000000,-0.946,59000000,,-0.864,5.56,,,,,,22916000000,13334000000,0.582,1239.59,13334000000,,,,,18.00,,,,10953582,196608,10756974,false,false,12,2015-04-01,2016-03-31,-1
2017-05-12,38910,2018-03-31,,,,,,,,,,,,,,,,,,,,,,,,,,,,,,18.00,,,,,,,false,true,12,2017-04-01,2018-03-31,1
2017-08-03,38910,2018-03-31,1,4379000000,0.212,,,,,572000000,5.738,556000000,,,522000000,,48.60,,,,,,23445000000,12925000000,0.551,,12925000000,,,,,,,,,,,,true,false,3,2017-04-01,2017-06-30,0
2017-08-03,38910,2017-03-31,1,3614000000,0.191,,,,,85000000,-0.453,-89000000,,,-92000000,,-8.60,,,,,,,,,,,,,,,,,,,,,,true,false,3,2016-04-01,2016-06-30,-1
2017-08-03,38910,2018-03-31,1,7850000000,0.069,,,,,470000000,2.222,460000000,,,320000000,,29.75,,,,,,,,,,,,,,,,,,,,,,true,true,6,2017-04-01,2017-09-30,0
2017-08-03,38910,2018-03-31,1,15700000000,0.040,,,,,940000000,0.859,920000000,1.671,,660000000,,61.36,,,,,,,,,,,,,,,,,,,,,,true,true,12,2017-04-01,2018-03-31,0
2017-08-03,38910,2017-03-31,1,,,,,,,,,,,,,,,,,,,,23190000000,12473000000,0.538,,12473000000,,,,,,,,,,,,true,false,12,2016-04-01,2017-03-31,-1
2017-08-03,38910,2017-03-31,1,,,,,,,,,,,,,,,,,,,,,,,,,,,,,18.00,,,,10953582,196590,,false,false,12,2016-04-01,2017-03-31,-1
2017-08-03,38910,2018-03-31,1,,,,,,,,,,,,,,,,,,,,,,,,,,,,,18.00,,,,,,,false,true,12,2017-04-01,2018-03-31,0
2017-08-03,38910,2018-03-31,1,,,,,,,,,,,,,,,,,,,,,,,,,,,,,,,,,10953582,196590,10756992,false,false,3,2017-04-01,2017-06-30,0
2017-08-03,38910,2017-03-31,1,,,,,,,,,,,,,,,,,,,,,,,,,,,,,,,,,,,10756974,false,false,3,2016-04-01,2016-06-30,-1
2017-10-27,38910,2018-03-31,,8510000000,0.084,,,,,950000000,1.021,930000000,1.022,770000000,,1.406,71.58,,,,,,,,,,,,,,,,,,,,,,true,true,6,2017-04-01,2017-09-30,0
2017-10-27,38910,2017-03-31,,7344000000,,,,,,145000000,,-111000000,,-70000000,,,-6.51,,,,,,,,,,,,,,,,,,,,,,true,false,6,2016-04-01,2016-09-30,-1
2017-10-27,38910,2018-03-31,,16800000000,0.070,,,,,1500000000,0.596,1500000000,0.630,1200000000,,0.818,111.56,,,,,,,,,,,,,,,,,,,,,,true,true,12,2017-04-01,2018-03-31,0
2017-10-27,38910,2017-03-31,,15089000000,,,,,,505000000,,344000000,,-454000000,,,-42.21,,,,,,,,,,,,,,,,,,,,,,true,false,12,2016-04-01,2017-03-31,-1
2017-11-02,38910,2018-03-31,2,8512000000,0.159,,,,,957000000,5.562,935000000,,,773000000,,71.87,,,,,,23999000000,13231000000,0.551,,13231000000,,,,,,,,,,,,true,false,6,2017-04-01,2017-09-30,0
2017-11-02,38910,2017-03-31,2,7344000000,0.242,,,,,145000000,0.141,-111000000,,,-70000000,,-6.51,,,,,,,,,,,,,,,,,,,,,,true,false,6,2016-04-01,2016-09-30,-1
2017-11-02,38910,2018-03-31,2,16800000000,0.113,,,,,1500000000,1.967,1500000000,3.355,,1200000000,,111.56,,,,,,,,,,,,,,,,,,,,,,true,true,12,2017-04-01,2018-03-31,0
2017-11-02,38910,2017-03-31,2,,,,,,,,,,,,,,,,,,,,23190000000,12473000000,0.538,,12473000000,,,,,,,,,,,,true,false,12,2016-04-01,2017-03-31,-1
2017-11-02,38910,2017-03-31,2,,,,,,,,,,,,,,,,,,,,,,,,,,,,,18.00,,,,10953582,196590,,false,false,12,2016-04-01,2017-03-31,-1
2017-11-02,38910,2018-03-31,2,,,,,,,,,,,,,,,,,,,,,,,,,,,,,9.00,,,,,,,false,false,12,2017-04-01,2018-03-31,0
2017-11-02,38910,2018-03-31,2,,,,,,,,,,,,,,,,,,,,,,,,,,,,,18.00,,,,,,,false,true,12,2017-04-01,2018-03-31,0
2017-11-02,38910,2018-03-31,2,,,,,,,,,,,,,,,,,,,,,,,,,,,,,,,,,10953582,196730,10756959,false,false,6,2017-04-01,2017-09-30,0
2017-11-02,38910,2017-03-31,2,,,,,,,,,,,,,,,,,,,,,,,,,,,,,,,,,,,10756980,false,false,6,2016-04-01,2016-09-30,-1
2018-02-02,38910,2018-03-31,3,13020000000,0.164,,,,,1521000000,3.250,1491000000,4.191,,1164000000,,108.26,,,,,,23773000000,13563000000,0.571,,13563000000,,,,,,,,,,,,true,false,9,2017-04-01,2017-12-31,0
2018-02-02,38910,2017-03-31,3,11184000000,0.276,,,,,358000000,5.910,287000000,0.191,,206000000,,19.21,,,,,,,,,,,,,,,,,,,,,,true,false,9,2016-04-01,2016-12-31,-1
2018-02-02,38910,2018-03-31,3,16800000000,0.113,,,,,1500000000,1.967,1500000000,3.355,,1200000000,,111.56,,,,,,,,,,,,,,,,,,,,,,true,true,12,2017-04-01,2018-03-31,0
2018-02-02,38910,2017-03-31,3,,,,,,,,,,,,,,,,,,,,23190000000,12473000000,0.538,,12473000000,,,,,,,,,,,,true,false,12,2016-04-01,2017-03-31,-1
2018-02-02,38910,2017-03-31,3,,,,,,,,,,,,,,,,,,,,,,,,,,,,,18.00,,,,10953582,196590,,false,false,12,2016-04-01,2017-03-31,-1
2018-02-02,38910,2018-03-31,3,,,,,,,,,,,,,,,,,,,,,,,,,,,,,9.00,,,,,,,false,false,12,2017-04-01,2018-03-31,0
2018-02-02,38910,2018-03-31,3,,,,,,,,,,,,,,,,,,,,,,,,,,,,,18.00,,,,,,,false,true,12,2017-04-01,2018-03-31,0
2018-02-02,38910,2018-03-31,3,,,,,,,,,,,,,,,,,,,,,,,,,,,,,,,,,10953582,196810,10756914,false,false,9,2017-04-01,2017-12-31,0
2018-02-02,38910,2017-03-31,3,,,,,,,,,,,,,,,,,,,,,,,,,,,,,,,,,,,10756984,false,false,9,2016-04-01,2016-12-31,-1
2018-04-27,38910,2018-03-31,,17120000000,0.019,,,,,1690000000,0.127,1560000000,0.040,420000000,,-0.650,39.66,,,,,,,,,,,,,,,,,,,,,,true,true,12,2017-04-01,2018-03-31,0
2018-04-27,38910,2017-03-31,,15089000000,,,,,,505000000,,344000000,,-454000000,,,-42.21,,,,,,,,,,,,,,,,,,,,,,true,false,12,2016-04-01,2017-03-31,-1
2018-05-14,38910,2018-03-31,,17128000000,0.135,,,,,1698000000,2.360,1561000000,3.535,,426000000,,39.66,,0.034,0.068,0.099,,22897000000,12856000000,0.561,1195.22,12856000000,1767000000,-517000000,-1568000000,1552000000,,0.454,,,,,,true,false,12,2017-04-01,2018-03-31,0
2018-05-14,38910,2017-03-31,,15089000000,0.299,,,,,505000000,4.220,344000000,1.654,,-454000000,,-42.21,,-0.035,0.014,0.034,,23190000000,12473000000,0.538,1159.57,12473000000,2127000000,-838000000,-1023000000,1889000000,,,,,,,,true,false,12,2016-04-01,2017-03-31,-1
2018-05-14,38910,2019-03-31,,8530000000,0.002,,,,,830000000,-0.133,810000000,-0.134,,580000000,,53.92,,,,,,,,,,,,,,,,,,,,,,true,true,6,2018-04-01,2018-09-30,1
2018-05-14,38910,2019-03-31,,17200000000,0.004,,,,,1850000000,0.089,1810000000,0.159,,1320000000,,122.71,,,,,,,,,,,,,,,,0.147,,,,,,true,true,12,2018-04-01,2019-03-31,1
2018-05-14,38910,2018-03-31,,13894000000,0.147,,,,,1763000000,1.337,1674000000,1.350,425000000,,,39.55,,,,,,20876000000,12772000000,0.612,1187.39,12772000000,,,,,18.00,,,,10953582,196856,10756871,false,false,12,2017-04-01,2018-03-31,0
2018-05-14,38910,2017-03-31,,12108000000,0.077,,,,,754000000,,712000000,,-671000000,,,-62.42,,,,,,21701000000,12521000000,0.577,1164.04,12521000000,,,,,18.00,,,,10953582,196590,10756986,false,false,12,2016-04-01,2017-03-31,-1
2018-05-14,38910,2019-03-31,,,,,,,,,,,,,,,,,,,,,,,,,,,,,,18.00,,,,,,,false,true,12,2018-04-01,2019-03-31,1
2018-07-31,38910,2019-03-31,1,4109000000,-0.062,,,,,376000000,-0.343,306000000,-0.450,,837000000,,77.87,,,,,,22318000000,13724000000,0.615,,13724000000,,,,,,,,,,,,true,false,3,2018-04-01,2018-06-30,0
2018-07-31,38910,2018-03-31,1,4379000000,0.212,,,,,572000000,5.738,556000000,,,522000000,,48.60,,,,,,,,,,,,,,,,,,,,,,true,false,3,2017-04-01,2017-06-30,-1
2018-07-31,38910,2019-03-31,1,7780000000,-0.086,,,,,830000000,-0.133,810000000,-0.134,,1200000000,,111.56,,,,,,,,,,,,,,,,,,,,,,true,true,6,2018-04-01,2018-09-30,0
2018-07-31,38910,2019-03-31,1,15200000000,-0.113,,,,,1850000000,0.089,1810000000,0.159,,1950000000,,181.28,,,,,,,,,,,,,,,,,,,,,,true,true,12,2018-04-01,2019-03-31,0
2018-07-31,38910,2018-03-31,1,,,,,,,,,,,,,,,,,,,,22897000000,12856000000,0.561,,12856000000,,,,,,,,,,,,true,false,12,2017-04-01,2018-03-31,-1
2018-07-31,38910,2018-03-31,1,,,,,,,,,,,,,,,,,,,,,,,,,,,,,18.00,,,,10953582,196856,,false,false,12,2017-04-01,2018-03-31,-1
2018-07-31,38910,2019-03-31,1,,,,,,,,,,,,,,,,,,,,,,,,,,,,,18.00,,,,,,,false,true,12,2018-04-01,2019-03-31,0
2018-07-31,38910,2019-03-31,1,,,,,,,,,,,,,,,,,,,,,,,,,,,,,,,,,10953582,196856,10756726,false,false,3,2018-04-01,2018-06-30,0
2018-07-31,38910,2018-03-31,1,,,,,,,,,,,,,,,,,,,,,,,,,,,,,,,,,,,10756992,false,false,3,2017-04-01,2017-06-30,-1
2018-10-31,38910,2019-03-31,2,7770000000,-0.087,,,,,802000000,-0.161,786000000,-0.159,,1150000000,,106.94,,,,,,22399000000,14041000000,0.627,,14041000000,,,,,,,,,,,,true,false,6,2018-04-01,2018-09-30,0
2018-10-31,38910,2018-03-31,2,8512000000,0.159,,,,,957000000,5.562,935000000,,,773000000,,71.87,,,,,,,,,,,,,,,,,,,,,,true,false,6,2017-04-01,2017-09-30,-1
2018-10-31,38910,2019-03-31,2,15200000000,-0.113,,,,,1850000000,0.089,1810000000,0.159,,1950000000,,181.28,,,,,,,,,,,,,,,,,,,,,,true,true,12,2018-04-01,2019-03-31,0
2018-10-31,38910,2018-03-31,2,,,,,,,,,,,,,,,,,,,,22897000000,12856000000,0.561,,12856000000,,,,,,,,,,,,true,false,12,2017-04-01,2018-03-31,-1
2018-10-31,38910,2018-03-31,2,,,,,,,,,,,,,,,,,,,,,,,,,,,,,18.00,,,,10953582,196856,,false,false,12,2017-04-01,2018-03-31,-1
2018-10-31,38910,2019-03-31,2,,,,,,,,,,,,,,,,,,,,,,,,,,,,,10.00,,,,,,,false,false,12,2018-04-01,2019-03-31,0
2018-10-31,38910,2019-03-31,2,,,,,,,,,,,,,,,,,,,,,,,,,,,,,20.00,,,,,,,false,true,12,2018-04-01,2019-03-31,0
2018-10-31,38910,2019-03-31,2,,,,,,,,,,,,,,,,,,,,,,,,,,,,,,,,,10953582,196857,10756726,false,false,6,2018-04-01,2018-09-30,0
2018-10-31,38910,2018-03-31,2,,,,,,,,,,,,,,,,,,,,,,,,,,,,,,,,,,,10756959,false,false,6,2017-04-01,2017-09-30,-1
,38910,2019-03-31,,,,,,,,,,,,,,,,,,,,,,,,,,,,,,20.00,,,,,,,false,true,12,2018-04-01,2019-03-31,0
,38910,2019-03-31,,,,,,,,,,,,,,,,,,,,,,,,,,,,,,10.00,,,,,,,false,false,12,2018-04-01,2019-03-31,0
,38910,2018-03-31,,,,,,,,,,,,,,,,,,,,,,,,,,,,,,18.00,,,,,,,false,false,12,2017-04-01,2018-03-31,-1
2019-02-04,38910,2019-03-31,3,11257000000,-0.135,,,,,1195000000,-0.214,1188000000,-0.203,,1428000000,,132.80,,,,,,22493000000,14168000000,0.630,,14168000000,,,,,,,,,,,,true,false,9,2018-04-01,2018-12-31,0
2019-02-04,38910,2018-03-31,3,13020000000,0.164,,,,,1521000000,3.250,1491000000,4.191,,1164000000,,108.26,,,,,,,,,,,,,,,,,,,,,,true,false,9,2017-04-01,2017-12-31,-1
2019-02-04,38910,2019-03-31,3,15200000000,-0.113,,,,,1850000000,0.089,1810000000,0.159,,1950000000,,181.28,,,,,,,,,,,,,,,,,,,,,,true,true,12,2018-04-01,2019-03-31,0
2019-02-04,38910,2018-03-31,3,,,,,,,,,,,,,,,,,,,,22897000000,12856000000,0.561,,12856000000,,,,,,,,,,,,true,false,12,2017-04-01,2018-03-31,-1
2019-02-04,38910,2018-03-31,3,,,,,,,,,,,,,,,,,,,,,,,,,,,,,18.00,,,,10953582,196856,,false,false,12,2017-04-01,2018-03-31,-1
2019-02-04,38910,2019-03-31,3,,,,,,,,,,,,,,,,,,,,,,,,,,,,,10.00,,,,,,,false,false,12,2018-04-01,2019-03-31,0
2019-02-04,38910,2019-03-31,3,,,,,,,,,,,,,,,,,,,,,,,,,,,,,20.00,,,,,,,false,true,12,2018-04-01,2019-03-31,0
2019-02-04,38910,2019-03-31,3,,,,,,,,,,,,,,,,,,,,,,,,,,,,,,,,,10953582,196937,10756699,false,false,9,2018-04-01,2018-12-31,0
2019-02-04,38910,2018-03-31,3,,,,,,,,,,,,,,,,,,,,,,,,,,,,,,,,,,,10756914,false,false,9,2017-04-01,2017-12-31,-1
2019-05-14,38910,2019-03-31,,14373000000,-0.161,,,,,1346000000,-0.207,1313000000,-0.159,,1495000000,,139.00,,0.110,0.058,0.094,,22482000000,14252000000,0.634,1325.03,14252000000,1417000000,-524000000,-1065000000,1355000000,,0.144,,,,,,true,false,12,2018-04-01,2019-03-31,0
2019-05-14,38910,2018-03-31,,17128000000,0.135,,,,,1698000000,2.360,1561000000,3.535,,426000000,,39.66,,0.034,0.068,0.099,,22897000000,12856000000,0.561,1195.22,12856000000,1767000000,-517000000,-1568000000,1552000000,,0.454,,,,,,true,false,12,2017-04-01,2018-03-31,-1
2019-05-14,38910,2020-03-31,,6800000000,-0.201,,,,,500000000,-0.478,500000000,-0.466,,400000000,,37.19,,,,,,,,,,,,,,,,,,,,,,true,true,6,2019-04-01,2019-09-30,1
2019-05-14,38910,2020-03-31,,14700000000,0.023,,,,,1700000000,0.262,1700000000,0.295,,1300000000,,120.86,,,,,,,,,,,,,,,,0.165,,,,,,true,true,12,2019-04-01,2020-03-31,1
2019-05-14,38910,2019-03-31,,13273000000,-0.045,,,,,1261000000,-0.285,1279000000,-0.235,1544000000,,2.631,143.63,,,,,,21116000000,14073000000,0.666,1308.35,14073000000,,,,,20.00,,,,10953582,196897,10756695,false,false,12,2018-04-01,2019-03-31,0
2019-05-14,38910,2018-03-31,,13894000000,0.147,,,,,1763000000,1.337,1674000000,1.350,425000000,,,39.55,,,,,,20876000000,12772000000,0.612,1187.39,12772000000,,,,,18.00,,,,10953582,196856,10756871,false,false,12,2017-04-01,2018-03-31,-1
2019-05-14,38910,2020-03-31,,,,,,,,,,,,,,,,,,,,,,,,,,,,,,20.00,,,,,,,false,true,12,2019-04-01,2020-03-31,1
2019-07-26,38910,2020-03-31,1,3224000000,-0.215,,,,,259000000,-0.312,243000000,-0.205,,230000000,,21.46,,,,,,22723000000,14373000000,0.633,,14373000000,,,,,,,,,,,,true,false,3,2019-04-01,2019-06-30,0
2019-07-26,38910,2019-03-31,1,4109000000,-0.062,,,,,376000000,-0.343,306000000,-0.450,,837000000,,77.87,,,,,,,,,,,,,,,,,,,,,,true,false,3,2018-04-01,2018-06-30,-1
2019-07-26,38910,2020-03-31,1,6800000000,-0.201,,,,,500000000,-0.478,500000000,-0.466,,400000000,,37.19,,,,,,,,,,,,,,,,,,,,,,true,true,6,2019-04-01,2019-09-30,0
2019-07-26,38910,2020-03-31,1,14700000000,0.023,,,,,1700000000,0.262,1700000000,0.295,,1300000000,,120.86,,,,,,,,,,,,,,,,,,,,,,true,true,12,2019-04-01,2020-03-31,0
2019-07-26,38910,2019-03-31,1,,,,,,,,,,,,,,,,,,,,22482000000,14252000000,0.634,,14252000000,,,,,,,,,,,,true,false,12,2018-04-01,2019-03-31,-1
2019-07-26,38910,2019-03-31,1,,,,,,,,,,,,,,,,,,,,,,,,,,,,,20.00,,,,10953582,196897,,false,false,12,2018-04-01,2019-03-31,-1
2019-07-26,38910,2020-03-31,1,,,,,,,,,,,,,,,,,,,,,,,,,,,,,20.00,,,,,,,false,true,12,2019-04-01,2020-03-31,0
2019-07-26,38910,2020-03-31,1,,,,,,,,,,,,,,,,,,,,,,,,,,,,,,,,,10953582,196897,10756685,false,false,3,2019-04-01,2019-06-30,0
2019-07-26,38910,2019-03-31,1,,,,,,,,,,,,,,,,,,,,,,,,,,,,,,,,,,,10756726,false,false,3,2018-04-01,2018-06-30,-1
2019-10-31,38910,2020-03-31,2,6356000000,-0.182,,,,,469000000,-0.415,446000000,-0.432,,383000000,,35.62,,,,,,22016000000,14496000000,0.658,,14496000000,,,,,,,,,,,,true,false,6,2019-04-01,2019-09-30,0
2019-10-31,38910,2019-03-31,2,7770000000,-0.087,,,,,802000000,-0.161,786000000,-0.159,,1150000000,,106.94,,,,,,,,,,,,,,,,,,,,,,true,false,6,2018-04-01,2018-09-30,-1
2019-10-31,38910,2020-03-31,2,12800000000,-0.109,,,,,850000000,-0.369,850000000,-0.353,,650000000,,60.43,,,,,,,,,,,,,,,,,,,,,,true,true,12,2019-04-01,2020-03-31,0
2019-10-31,38910,2019-03-31,2,,,,,,,,,,,,,,,,,,,,22482000000,14252000000,0.634,,14252000000,,,,,,,,,,,,true,false,12,2018-04-01,2019-03-31,-1
2019-10-31,38910,2019-03-31,2,,,,,,,,,,,,,,,,,,,,,,,,,,,,,20.00,,,,10953582,196897,,false,false,12,2018-04-01,2019-03-31,-1
2019-10-31,38910,2020-03-31,2,,,,,,,,,,,,,,,,,,,,,,,,,,,,,10.00,,,,,,,false,false,12,2019-04-01,2020-03-31,0
2019-10-31,38910,2020-03-31,2,,,,,,,,,,,,,,,,,,,,,,,,,,,,,20.00,,,,,,,false,true,12,2019-04-01,2020-03-31,0
2019-10-31,38910,2020-03-31,2,,,,,,,,,,,,,,,,,,,,,,,,,,,,,,,,,10953582,196897,10756685,false,false,6,2019-04-01,2019-09-30,0
2019-10-31,38910,2019-03-31,2,,,,,,,,,,,,,,,,,,,,,,,,,,,,,,,,,,,10756726,false,false,6,2018-04-01,2018-09-30,-1
2020-01-31,38910,2020-03-31,3,9597000000,-0.147,,,,,720000000,-0.397,724000000,-0.391,,561000000,,52.18,,,,,,22250000000,14590000000,0.656,,14590000000,,,,,,,,,,,,true,false,9,2019-04-01,2019-12-31,0
2020-01-31,38910,2019-03-31,3,11257000000,-0.135,,,,,1195000000,-0.214,1188000000,-0.203,,1428000000,,132.80,,,,,,,,,,,,,,,,,,,,,,true,false,9,2018-04-01,2018-12-31,-1
2020-01-31,38910,2020-03-31,3,12800000000,-0.109,,,,,850000000,-0.369,850000000,-0.353,,650000000,,60.43,,,,,,,,,,,,,,,,,,,,,,true,true,12,2019-04-01,2020-03-31,0
2020-01-31,38910,2019-03-31,3,,,,,,,,,,,,,,,,,,,,22482000000,14252000000,0.634,,14252000000,,,,,,,,,,,,true,false,12,2018-04-01,2019-03-31,-1
2020-01-31,38910,2019-03-31,3,,,,,,,,,,,,,,,,,,,,,,,,,,,,,20.00,,,,10953582,196897,,false,false,12,2018-04-01,2019-03-31,-1
2020-01-31,38910,2020-03-31,3,,,,,,,,,,,,,,,,,,,,,,,,,,,,,10.00,,,,,,,false,false,12,2019-04-01,2020-03-31,0
2020-01-31,38910,2020-03-31,3,,,,,,,,,,,,,,,,,,,,,,,,,,,,,20.00,,,,,,,false,true,12,2019-04-01,2020-03-31,0
2020-01-31,38910,2020-03-31,3,,,,,,,,,,,,,,,,,,,,,,,,,,,,,,,,,10953582,196897,10756685,false,false,9,2019-04-01,2019-12-31,0
2020-01-31,38910,2019-03-31,3,,,,,,,,,,,,,,,,,,,,,,,,,,,,,,,,,,,10756699,false,false,9,2018-04-01,2018-12-31,-1
2020-05-14,38910,2020-03-31,,13099000000,-0.089,,,,,995000000,-0.261,970000000,-0.261,,691000000,,64.27,,0.048,0.043,0.076,,22304000000,14710000000,0.660,1367.56,14710000000,2438000000,-1060000000,-933000000,1792000000,,0.311,,,,,,true,false,12,2019-04-01,2020-03-31,0
2020-05-14,38910,2019-03-31,,14373000000,-0.161,,,,,1346000000,-0.207,1313000000,-0.159,,1495000000,,139.00,,0.110,0.058,0.094,,22482000000,14252000000,0.634,1325.03,14252000000,1417000000,-524000000,-1065000000,1355000000,,0.144,,,,,,true,false,12,2018-04-01,2019-03-31,-1
2020-05-14,38910,2021-03-31,,6000000000,-0.056,,,,,300000000,-0.361,300000000,-0.329,,200000000,,18.59,,,,,,,,,,,,,,,,,,,,,,true,true,6,2020-04-01,2020-09-30,1
2020-05-14,38910,2021-03-31,,12500000000,-0.046,,,,,900000000,-0.096,900000000,-0.073,,600000000,,55.78,,,,,,,,,,,,,,,,0.359,,,,,,true,true,12,2020-04-01,2021-03-31,1
2020-05-14,38910,2020-03-31,,12795000000,-0.036,,,,,981000000,-0.222,958000000,-0.251,626000000,,-0.595,58.25,,,,,,20857000000,14444000000,0.693,1342.87,14444000000,,,,,20.00,,,,10953582,196897,10756685,false,false,12,2019-04-01,2020-03-31,0
2020-05-14,38910,2019-03-31,,13273000000,-0.045,,,,,1261000000,-0.285,1279000000,-0.235,1544000000,,2.631,143.63,,,,,,21116000000,14073000000,0.666,1308.35,14073000000,,,,,20.00,,,,10953582,196897,10756695,false,false,12,2018-04-01,2019-03-31,-1
2020-05-14,38910,2021-03-31,,,,,,,,,,,,,,,,,,,,,,,,,,,,,,20.00,,,,,,,false,true,12,2020-04-01,2021-03-31,1
2020-07-31,38910,2021-03-31,1,3758000000,0.166,,,,,631000000,1.438,615000000,1.527,,466000000,,43.37,,,,,,22483000000,15025000000,0.668,,15025000000,,,,,,,,,,,,true,false,3,2020-04-01,2020-06-30,0
2020-07-31,38910,2020-03-31,1,3224000000,-0.215,,,,,259000000,-0.312,243000000,-0.205,,230000000,,21.46,,,,,,,,,,,,,,,,,,,,,,true,false,3,2019-04-01,2019-06-30,-1
2020-07-31,38910,2021-03-31,1,6000000000,-0.056,,,,,300000000,-0.361,300000000,-0.329,,200000000,,18.59,,,,,,,,,,,,,,,,,,,,,,true,true,6,2020-04-01,2020-09-30,0
2020-07-31,38910,2021-03-31,1,12500000000,-0.046,,,,,900000000,-0.096,900000000,-0.073,,600000000,,55.78,,,,,,,,,,,,,,,,,,,,,,true,true,12,2020-04-01,2021-03-31,0
2020-07-31,38910,2020-03-31,1,,,,,,,,,,,,,,,,,,,,22304000000,14710000000,0.660,,14710000000,,,,,,,,,,,,true,false,12,2019-04-01,2020-03-31,-1
2020-07-31,38910,2020-03-31,1,,,,,,,,,,,,,,,,,,,,,,,,,,,,,20.00,,,,10953582,196897,,false,false,12,2019-04-01,2020-03-31,-1
2020-07-31,38910,2021-03-31,1,,,,,,,,,,,,,,,,,,,,,,,,,,,,,20.00,,,,,,,false,true,12,2020-04-01,2021-03-31,0
2020-07-31,38910,2021-03-31,1,,,,,,,,,,,,,,,,,,,,,,,,,,,,,,,,,10953582,196897,10756685,false,false,3,2020-04-01,2020-06-30,0
2020-07-31,38910,2020-03-31,1,,,,,,,,,,,,,,,,,,,,,,,,,,,,,,,,,,,10756685,false,false,3,2019-04-01,2019-06-30,-1
2020-10-22,38910,2021-03-31,,6970000000,0.162,,,,,1150000000,2.833,1130000000,2.767,,830000000,,77.16,,,,,,,,,,,,,,,,,,,,,,true,true,6,2020-04-01,2020-09-30,0
2020-10-22,38910,2020-03-31,,6356000000,,,,,,469000000,,446000000,,,383000000,,35.62,,,,,,,,,,,,,,,,,,,,,,true,false,6,2019-04-01,2019-09-30,-1
2020-10-22,38910,2021-03-31,,13800000000,0.104,,,,,1900000000,1.111,1900000000,1.111,,1300000000,,120.86,,,,,,,,,,,,,,,,,,,,,,true,true,12,2020-04-01,2021-03-31,0
2020-10-22,38910,2020-03-31,,13099000000,,,,,,995000000,,970000000,,,691000000,,64.27,,,,,,,,,,,,,,,,,,,,,,true,false,12,2019-04-01,2020-03-31,-1
2020-10-29,38910,2021-03-31,2,6979000000,0.098,,,,,1159000000,1.468,1132000000,1.534,,839000000,,78.08,,,,,,21625000000,15401000000,0.712,,15401000000,,,,,,,,,,,,true,false,6,2020-04-01,2020-09-30,0
2020-10-29,38910,2020-03-31,2,6356000000,-0.182,,,,,469000000,-0.415,446000000,-0.432,,383000000,,35.62,,,,,,,,,,,,,,,,,,,,,,true,false,6,2019-04-01,2019-09-30,-1
2020-10-29,38910,2021-03-31,2,13800000000,0.053,,,,,1900000000,0.909,1900000000,0.957,,1300000000,,120.86,,,,,,,,,,,,,,,,,,,,,,true,true,12,2020-04-01,2021-03-31,0
2020-10-29,38910,2020-03-31,2,,,,,,,,,,,,,,,,,,,,22304000000,14710000000,0.660,,14710000000,,,,,,,,,,,,true,false,12,2019-04-01,2020-03-31,-1
2020-10-29,38910,2020-03-31,2,,,,,,,,,,,,,,,,,,,,,,,,,,,,,20.00,,,,10953582,196897,,false,false,12,2019-04-01,2020-03-31,-1
2020-10-29,38910,2021-03-31,2,,,,,,,,,,,,,,,,,,,,,,,,,,,,,10.00,,,,,,,false,false,12,2020-04-01,2021-03-31,0
2020-10-29,38910,2021-03-31,2,,,,,,,,,,,,,,,,,,,,,,,,,,,,,20.00,,,,,,,false,true,12,2020-04-01,2021-03-31,0
2020-10-29,38910,2021-03-31,2,,,,,,,,,,,,,,,,,,,,,,,,,,,,,,,,,10953582,196897,10756685,false,false,6,2020-04-01,2020-09-30,0
2020-10-29,38910,2020-03-31,2,,,,,,,,,,,,,,,,,,,,,,,,,,,,,,,,,,,10756685,false,false,6,2019-04-01,2019-09-30,-1
2021-01-29,38910,2021-03-31,3,11399000000,0.188,,,,,1963000000,1.725,1902000000,1.628,,1381000000,,128.45,,,,,,22883000000,15882000000,0.694,,15882000000,,,,,,,,,,,,true,false,9,2020-04-01,2020-12-31,0
2021-01-29,38910,2020-03-31,3,9597000000,-0.147,,,,,720000000,-0.397,724000000,-0.391,,561000000,,52.18,,,,,,,,,,,,,,,,,,,,,,true,false,9,2019-04-01,2019-12-31,-1
2021-01-29,38910,2021-03-31,3,15200000000,0.160,,,,,2500000000,1.512,2500000000,1.575,,1700000000,,158.04,,,,,,,,,,,,,,,,,,,,,,true,true,12,2020-04-01,2021-03-31,0
2021-01-29,38910,2020-03-31,3,,,,,,,,,,,,,,,,,,,,22304000000,14710000000,0.660,,14710000000,,,,,,,,,,,,true,false,12,2019-04-01,2020-03-31,-1
2021-01-29,38910,2020-03-31,3,,,,,,,,,,,,,,,,,,,,,,,,,,,,,20.00,,,,10953582,196897,,false,false,12,2019-04-01,2020-03-31,-1
2021-01-29,38910,2021-03-31,3,,,,,,,,,,,,,,,,,,,,,,,,,,,,,10.00,,,,,,,false,false,12,2020-04-01,2021-03-31,0
2021-01-29,38910,2021-03-31,3,,,,,,,,,,,,,,,,,,,,,,,,,,,,,22.00,,,,,,,false,true,12,2020-04-01,2021-03-31,0
2021-01-29,38910,2021-03-31,3,,,,,,,,,,,,,,,,,,,,,,,,,,,,,,,,,10953582,196947,10756679,false,false,9,2020-04-01,2020-12-31,0
2021-01-29,38910,2020-03-31,3,,,,,,,,,,,,,,,,,,,,,,,,,,,,,,,,,,,10756685,false,false,9,2019-04-01,2019-12-31,-1
2021-04-23,38910,2021-03-31,,15918000000,0.215,,,,,2761000000,1.775,2796000000,1.881,,2006000000,,186.50,,0.128,0.118,0.173,,25025000000,16600000000,0.663,1543.30,16600000000,3219000000,-988000000,541000000,4540000000,,0.118,,,,,,true,false,12,2020-04-01,2021-03-31,0
2021-04-23,38910,2020-03-31,,13099000000,-0.089,,,,,995000000,-0.261,970000000,-0.261,,691000000,,64.27,,0.048,0.043,0.076,,22304000000,14710000000,0.660,1367.56,14710000000,2438000000,-1060000000,-933000000,1792000000,,0.311,,,,,,true,false,12,2019-04-01,2020-03-31,-1
2021-04-23,38910,2022-03-31,,8400000000,0.204,,,,,1500000000,0.293,1500000000,0.324,,1050000000,,97.61,,,,,,,,,,,,,,,,,,,,,,true,true,6,2021-04-01,2021-09-30,1
2021-04-23,38910,2022-03-31,,16800000000,0.055,,,,,3000000000,0.086,3000000000,0.073,,2100000000,,195.23,,,,,,,,,,,,,,,,0.113,,,,,,true,true,12,2021-04-01,2022-03-31,1
2021-04-23,38910,2021-03-31,,14607000000,0.142,,,,,2463000000,1.511,2530000000,1.640,1822000000,,1.909,169.45,,,,,,24367000000,16084000000,0.660,1495.37,16084000000,,,,,22.00,,,,10953582,197027,10756655,false,false,12,2020-04-01,2021-03-31,0
2021-04-23,38910,2020-03-31,,12795000000,-0.036,,,,,981000000,-0.222,958000000,-0.251,626000000,,-0.595,58.25,,,,,,20857000000,14444000000,0.693,1342.87,14444000000,,,,,20.00,,,,10953582,196897,10756685,false,false,12,2019-04-01,2020-03-31,-1
2021-04-23,38910,2022-03-31,,,,,,,,,,,,,,,,,,,,,,,,,,,,,,22.00,,,,,,,false,true,12,2021-04-01,2022-03-31,1
2021-07-30,38910,2022-03-31,1,4693000000,0.249,,,,,1315000000,1.081,1331000000,1.165,,932000000,,86.70,,,,,,24508000000,17442000000,0.712,,17442000000,,,,,,,,,,,,true,false,3,2021-04-01,2021-06-30,0
2021-07-30,38910,2021-03-31,1,3758000000,0.166,,,,,631000000,1.438,615000000,1.527,,466000000,,43.37,,,,,,,,,,,,,,,,,,,,,,true,false,3,2020-04-01,2020-06-30,-1
2021-07-30,38910,2022-03-31,1,9100000000,0.304,,,,,2200000000,0.897,2200000000,0.943,,1550000000,,144.10,,,,,,,,,,,,,,,,,,,,,,true,true,6,2021-04-01,2021-09-30,0
2021-07-30,38910,2022-03-31,1,17500000000,0.099,,,,,3700000000,0.340,3700000000,0.323,,2600000000,,241.71,,,,,,,,,,,,,,,,,,,,,,true,true,12,2021-04-01,2022-03-31,0
2021-07-30,38910,2021-03-31,1,,,,,,,,,,,,,,,,,,,,25025000000,16600000000,0.663,,16600000000,,,,,,,,,,,,true,false,12,2020-04-01,2021-03-31,-1
2021-07-30,38910,2021-03-31,1,,,,,,,,,,,,,,,,,,,,,,,,,,,,,22.00,,,,10953582,197027,,false,false,12,2020-04-01,2021-03-31,-1
2021-07-30,38910,2022-03-31,1,,,,,,,,,,,,,,,,,,,,,,,,,,,,,22.00,,,,,,,false,true,12,2021-04-01,2022-03-31,0
2021-07-30,38910,2022-03-31,1,,,,,,,,,,,,,,,,,,,,,,,,,,,,,,,,,10953582,197107,10756528,false,false,3,2021-04-01,2021-06-30,0
2021-07-30,38910,2021-03-31,1,,,,,,,,,,,,,,,,,,,,,,,,,,,,,,,,,,,10756685,false,false,3,2020-04-01,2020-06-30,-1
2021-10-29,3891,2022-03-31,2,9120000000,0.307,,,,,2245000000,0.936,2255000000,0.992,,1582000000,,147.05,,,,,,25897000000,18095000000,0.699,,18095000000,,,,,,,,,,,,true,false,6,2021-04-01,2021-09-30,0
2021-10-29,3891,2021-03-31,2,6979000000,0.098,,,,,1159000000,1.468,1132000000,1.534,,839000000,,78.08,,,,,,,,,,,,,,,,,,,,,,true,false,6,2020-04-01,2020-09-30,-1
2021-10-29,3891,2022-03-31,2,17500000000,0.099,,,,,3700000000,0.340,3700000000,0.323,,2600000000,,241.71,,,,,,,,,,,,,,,,,,,,,,true,true,12,2021-04-01,2022-03-31,0
2021-10-29,3891,2021-03-31,2,,,,,,,,,,,,,,,,,,,,25025000000,16600000000,0.663,,16600000000,,,,,,,,,,,,true,false,12,2020-04-01,2021-03-31,-1
2021-10-29,3891,2021-03-31,2,,,,,,,,,,,,,,,,,,,,,,,,,,,,,22.00,,,,10953582,197027,,false,false,12,2020-04-01,2021-03-31,-1
2021-10-29,3891,2022-03-31,2,,,,,,,,,,,,,,,,,,,,,,,,,,,,,15.00,,,,,,,false,false,12,2021-04-01,2022-03-31,0
2021-10-29,3891,2022-03-31,2,,,,,,,,,,,,,,,,,,,,,,,,,,,,,30.00,,,,,,,false,true,12,2021-04-01,2022-03-31,0
2021-10-29,3891,2022-03-31,2,,,,,,,,,,,,,,,,,,,,,,,,,,,,,,,,,10953582,191917,10759097,false,false,6,2021-04-01,2021-09-30,0
2021-10-29,3891,2021-03-31,2,,,,,,,,,,,,,,,,,,,,,,,,,,,,,,,,,,,10756685,false,false,6,2020-04-01,2020-09-30,-1
2022-01-31,3891,2022-03-31,3,13568000000,0.190,,,,,3265000000,0.663,3333000000,0.752,,2333000000,,216.86,,,,,,25939000000,18708000000,0.721,,18708000000,,,,,,,,,,,,true,false,9,2021-04-01,2021-12-31,0
2022-01-31,3891,2021-03-31,3,11399000000,0.188,,,,,1963000000,1.725,1902000000,1.628,,1381000000,,128.45,,,,,,,,,,,,,,,,,,,,,,true,false,9,2020-04-01,2020-12-31,-1
2022-01-31,3891,2022-03-31,3,17500000000,0.099,,,,,3700000000,0.340,3700000000,0.323,,2600000000,,241.71,,,,,,,,,,,,,,,,,,,,,,true,true,12,2021-04-01,2022-03-31,0
2022-01-31,3891,2021-03-31,3,,,,,,,,,,,,,,,,,,,,25025000000,16600000000,0.663,,16600000000,,,,,,,,,,,,true,false,12,2020-04-01,2021-03-31,-1
2022-01-31,3891,2021-03-31,3,,,,,,,,,,,,,,,,,,,,,,,,,,,,,22.00,,,,10953582,197027,,false,false,12,2020-04-01,2021-03-31,-1
2022-01-31,3891,2022-03-31,3,,,,,,,,,,,,,,,,,,,,,,,,,,,,,15.00,,,,,,,false,false,12,2021-04-01,2022-03-31,0
2022-01-31,3891,2022-03-31,3,,,,,,,,,,,,,,,,,,,,,,,,,,,,,30.00,,,,,,,false,true,12,2021-04-01,2022-03-31,0
2022-01-31,3891,2022-03-31,3,,,,,,,,,,,,,,,,,,,,,,,,,,,,,,,,,10953582,191917,10759953,false,false,9,2021-04-01,2021-12-31,0
2022-01-31,3891,2021-03-31,3,,,,,,,,,,,,,,,,,,,,,,,,,,,,,,,,,,,10756679,false,false,9,2020-04-01,2020-12-31,-1
2022-04-26,3891,2022-03-31,,18074000000,0.135,,,,,4066000000,0.473,4232000000,0.514,,2918000000,,271.26,,0.162,0.165,0.225,,26163000000,19331000000,0.739,1796.35,19331000000,2907000000,-1837000000,-1255000000,4435000000,,0.111,,,,,,true,false,12,2021-04-01,2022-03-31,0
2022-04-26,3891,2021-03-31,,15918000000,0.215,,,,,2761000000,1.775,2796000000,1.881,,2006000000,,186.50,,0.128,0.118,0.173,,25025000000,16600000000,0.663,1543.30,16600000000,3219000000,-988000000,541000000,4540000000,,0.118,,,,,,true,false,12,2020-04-01,2021-03-31,-1
2022-04-26,3891,2023-03-31,,9600000000,0.053,,,,,2000000000,-0.109,2000000000,-0.113,,1400000000,,130.09,,,,,,,,,,,,,,,,,,,,,,true,true,6,2022-04-01,2022-09-30,1
2022-04-26,3891,2023-03-31,,19000000000,0.051,,,,,3800000000,-0.066,3800000000,-0.102,,2600000000,,241.60,,,,,,,,,,,,,,,,0.124,,,,,,true,true,12,2022-04-01,2023-03-31,1
2022-04-26,3891,2022-03-31,,18074000000,0.237,,,,,4050000000,0.644,4196000000,0.658,2891000000,,0.586,268.72,,,,,,25454000000,18695000000,0.734,1737.27,18695000000,,,,,30.00,,,,10953582,191917,10760381,false,false,12,2021-04-01,2022-03-31,0
2022-04-26,3891,2021-03-31,,14607000000,0.142,,,,,2463000000,1.511,2530000000,1.640,1822000000,,1.909,169.45,,,,,,24367000000,16084000000,0.660,1495.37,16084000000,,,,,22.00,,,,10953582,197027,10756655,false,false,12,2020-04-01,2021-03-31,-1
2022-04-26,3891,2023-03-31,,,,,,,,,,,,,,,,,,,,,,,,,,,,,,30.00,,,,,,,false,true,12,2022-04-01,2023-03-31,1
2022-07-29,3891,2023-03-31,1,4686000000,-0.001,,,,,1119000000,-0.149,1363000000,0.024,,946000000,,87.93,,,,,,26746000000,20186000000,0.755,,20186000000,,,,,,,,,,,,true,false,3,2022-04-01,2022-06-30,0
2022-07-29,3891,2022-03-31,1,4693000000,0.249,,,,,1315000000,1.081,1331000000,1.165,,932000000,,86.70,,,,,,,,,,,,,,,,,,,,,,true,false,3,2021-04-01,2021-06-30,-1
2022-07-29,3891,2023-03-31,1,9600000000,0.053,,,,,2000000000,-0.109,2000000000,-0.113,,1400000000,,130.09,,,,,,,,,,,,,,,,,,,,,,true,true,6,2022-04-01,2022-09-30,0
2022-07-29,3891,2023-03-31,1,19000000000,0.051,,,,,3800000000,-0.066,3800000000,-0.102,,2600000000,,241.60,,,,,,,,,,,,,,,,,,,,,,true,true,12,2022-04-01,2023-03-31,0
2022-07-29,3891,2022-03-31,1,,,,,,,,,,,,,,,,,,,,26163000000,19331000000,0.739,,19331000000,,,,,,,,,,,,true,false,12,2021-04-01,2022-03-31,-1
2022-07-29,3891,2022-03-31,1,,,,,,,,,,,,,,,,,,,,,,,,,,,,,30.00,,,,10953582,191917,,false,false,12,2021-04-01,2022-03-31,-1
2022-07-29,3891,2023-03-31,1,,,,,,,,,,,,,,,,,,,,,,,,,,,,,30.00,,,,,,,false,true,12,2022-04-01,2023-03-31,0
2022-07-29,3891,2023-03-31,1,,,,,,,,,,,,,,,,,,,,,,,,,,,,,,,,,10953582,191917,10761665,false,false,3,2022-04-01,2022-06-30,0
2022-07-29,3891,2022-03-31,1,,,,,,,,,,,,,,,,,,,,,,,,,,,,,,,,,,,10756528,false,false,3,2021-04-01,2021-06-30,-1
2022-10-31,3891,2023-03-31,2,8992000000,-0.014,,,,,1929000000,-0.141,2314000000,0.026,,1608000000,,149.38,,,,,,28256000000,20954000000,0.742,,20954000000,,,,,,,,,,,,true,false,6,2022-04-01,2022-09-30,0
2022-10-31,3891,2022-03-31,2,9120000000,0.307,,,,,2245000000,0.936,2255000000,0.992,,1582000000,,147.05,,,,,,,,,,,,,,,,,,,,,,true,false,6,2021-04-01,2021-09-30,-1
2022-10-31,3891,2023-03-31,2,19000000000,0.051,,,,,3800000000,-0.066,3800000000,-0.102,,2600000000,,241.60,,,,,,,,,,,,,,,,,,,,,,true,true,12,2022-04-01,2023-03-31,0
2022-10-31,3891,2022-03-31,2,,,,,,,,,,,,,,,,,,,,26163000000,19331000000,0.739,,19331000000,,,,,,,,,,,,true,false,12,2021-04-01,2022-03-31,-1
2022-10-31,3891,2022-03-31,2,,,,,,,,,,,,,,,,,,,,,,,,,,,,,30.00,,,,10953582,191917,,false,false,12,2021-04-01,2022-03-31,-1
2022-10-31,3891,2023-03-31,2,,,,,,,,,,,,,,,,,,,,,,,,,,,,,15.00,,,,,,,false,false,12,2022-04-01,2023-03-31,0
2022-10-31,3891,2023-03-31,2,,,,,,,,,,,,,,,,,,,,,,,,,,,,,30.00,,,,,,,false,true,12,2022-04-01,2023-03-31,0
2022-10-31,3891,2023-03-31,2,,,,,,,,,,,,,,,,,,,,,,,,,,,,,,,,,10953582,181698,10766774,false,false,6,2022-04-01,2022-09-30,0
2022-10-31,3891,2022-03-31,2,,,,,,,,,,,,,,,,,,,,,,,,,,,,,,,,,,,10759097,false,false,6,2021-04-01,2021-09-30,-1
2023-01-31,3891,2023-03-31,3,13505000000,-0.005,,,,,2882000000,-0.117,3104000000,-0.069,,2162000000,,200.81,,,,,,29182000000,21364000000,0.732,,21364000000,,,,,,,,,,,,true,false,9,2022-04-01,2022-12-31,0
2023-01-31,3891,2022-03-31,3,13568000000,0.190,,,,,3265000000,0.663,3333000000,0.752,,2333000000,,216.86,,,,,,,,,,,,,,,,,,,,,,true,false,9,2021-04-01,2021-12-31,-1
2023-01-31,3891,2023-03-31,3,19000000000,0.051,,,,,3800000000,-0.066,3800000000,-0.102,,2600000000,,241.60,,,,,,,,,,,,,,,,,,,,,,true,true,12,2022-04-01,2023-03-31,0
2023-01-31,3891,2022-03-31,3,,,,,,,,,,,,,,,,,,,,26163000000,19331000000,0.739,,19331000000,,,,,,,,,,,,true,false,12,2021-04-01,2022-03-31,-1
2023-01-31,3891,2022-03-31,3,,,,,,,,,,,,,,,,,,,,,,,,,,,,,30.00,,,,10953582,191917,,false,false,12,2021-04-01,2022-03-31,-1
2023-01-31,3891,2023-03-31,3,,,,,,,,,,,,,,,,,,,,,,,,,,,,,15.00,,,,,,,false,false,12,2022-04-01,2023-03-31,0
2023-01-31,3891,2023-03-31,3,,,,,,,,,,,,,,,,,,,,,,,,,,,,,30.00,,,,,,,false,true,12,2022-04-01,2023-03-31,0
2023-01-31,3891,2023-03-31,3,,,,,,,,,,,,,,,,,,,,,,,,,,,,,,,,,10953582,181698,10768478,false,false,9,2022-04-01,2022-12-31,0
2023-01-31,3891,2022-03-31,3,,,,,,,,,,,,,,,,,,,,,,,,,,,,,,,,,,,10759953,false,false,9,2021-04-01,2021-12-31,-1
,38910,2023-03-31,,,,,,,,,,,,,,,,,,,,,,,,,,,,,,50.00,,,,,,,false,true,12,2022-04-01,2023-03-31,0
,38910,2023-03-31,,,,,,,,,,,,,,,,,,,,,,,,,,,,,,15.00,,,,,,,false,false,12,2022-04-01,2023-03-31,0
,38910,2022-03-31,,,,,,,,,,,,,,,,,,,,,,,,,,,,,,30.00,,,,,,,false,false,12,2021-04-01,2022-03-31,-1
2023-04-27,3891,2023-03-31,,17586000000,-0.027,,,,,3327000000,-0.182,3532000000,-0.165,,2468000000,,229.20,,0.120,0.124,0.189,,30629000000,21572000000,0.704,2002.65,21572000000,685000000,-3599000000,2575000000,4224000000,,0.218,,,,,,true,false,12,2022-04-01,2023-03-31,0
2023-04-27,3891,2022-03-31,,18074000000,0.135,,,,,4066000000,0.473,4232000000,0.514,,2918000000,,271.26,,0.162,0.165,0.225,,26163000000,19331000000,0.739,1796.35,19331000000,2907000000,-1837000000,-1255000000,4435000000,,0.111,,,,,,true,false,12,2021-04-01,2022-03-31,-1
2023-04-27,3891,2024-03-31,,8700000000,-0.033,,,,,1400000000,-0.274,1400000000,-0.395,,1000000000,,92.83,,,,,,,,,,,,,,,,,,,,,,true,true,6,2023-04-01,2023-09-30,1
2023-04-27,3891,2024-03-31,,18000000000,0.023,,,,,3100000000,-0.068,3100000000,-0.123,,2200000000,,204.24,,,,,,,,,,,,,,,,0.245,,,,,,true,true,12,2023-04-01,2024-03-31,1
2023-04-27,3891,2023-03-31,,17586000000,-0.027,,,,,3319000000,-0.180,3510000000,-0.163,2453000000,,-0.151,227.87,,,,,,29749000000,20862000000,0.701,1936.79,20862000000,,,,,50.00,,,,10953582,181698,10769329,false,false,12,2022-04-01,2023-03-31,0
2023-04-27,3891,2022-03-31,,18074000000,0.237,,,,,4050000000,0.644,4196000000,0.658,2891000000,,0.586,268.72,,,,,,25454000000,18695000000,0.734,1737.27,18695000000,,,,,30.00,,,,10953582,191917,10760381,false,false,12,2021-04-01,2022-03-31,-1
2023-04-27,3891,2024-03-31,,,,,,,,,,,,,,,,,,,,,,,,,,,,,,50.00,,,,,,,false,true,12,2023-04-01,2024-03-31,1
2023-07-31,3891,2024-03-31,1,3996000000,-0.147,,,,,700000000,-0.374,860000000,-0.369,,597000000,,55.89,,,,,,31245000000,21502000000,0.688,,21502000000,,,,,,,,,,,,true,false,3,2023-04-01,2023-06-30,0
2023-07-31,3891,2023-03-31,1,4686000000,-0.001,,,,,1119000000,-0.149,1363000000,0.024,,946000000,,87.93,,,,,,,,,,,,,,,,,,,,,,true,false,3,2022-04-01,2022-06-30,-1
2023-07-31,3891,2024-03-31,1,8700000000,-0.033,,,,,1400000000,-0.274,1400000000,-0.395,,1000000000,,92.83,,,,,,,,,,,,,,,,,,,,,,true,true,6,2023-04-01,2023-09-30,0
2023-07-31,3891,2024-03-31,1,18000000000,0.023,,,,,3100000000,-0.068,3100000000,-0.123,,2200000000,,204.24,,,,,,,,,,,,,,,,,,,,,,true,true,12,2023-04-01,2024-03-31,0
2023-07-31,3891,2023-03-31,1,,,,,,,,,,,,,,,,,,,,30629000000,21572000000,0.704,,21572000000,,,,,,,,,,,,true,false,12,2022-04-01,2023-03-31,-1
2023-07-31,3891,2023-03-31,1,,,,,,,,,,,,,,,,,,,,,,,,,,,,,50.00,,,,10953582,181698,,false,false,12,2022-04-01,2023-03-31,-1
2023-07-31,3891,2024-03-31,1,,,,,,,,,,,,,,,,,,,,,,,,,,,,,50.00,,,,,,,false,true,12,2023-04-01,2024-03-31,0
2023-07-31,3891,2024-03-31,1,,,,,,,,,,,,,,,,,,,,,,,,,,,,,,,,,10953582,330698,10684684,false,false,3,2023-04-01,2023-06-30,0
2023-07-31,3891,2023-03-31,1,,,,,,,,,,,,,,,,,,,,,,,,,,,,,,,,,,,10761665,false,false,3,2022-04-01,2022-06-30,-1
2023-10-31,3891,2024-03-31,2,7791000000,-0.134,,,,,1267000000,-0.343,1523000000,-0.342,,1099000000,,103.16,,,,,,32850000000,22066000000,0.672,,22066000000,,,,,,,,,,,,true,false,6,2023-04-01,2023-09-30,0
2023-10-31,3891,2023-03-31,2,8992000000,-0.014,,,,,1929000000,-0.141,2314000000,0.026,,1608000000,,149.38,,,,,,,,,,,,,,,,,,,,,,true,false,6,2022-04-01,2022-09-30,-1
2023-10-31,3891,2024-03-31,2,16000000000,-0.090,,,,,2500000000,-0.249,2700000000,-0.236,,1900000000,,178.26,,,,,,,,,,,,,,,,,,,,,,true,true,12,2023-04-01,2024-03-31,0
2023-10-31,3891,2023-03-31,2,,,,,,,,,,,,,,,,,,,,30629000000,21572000000,0.704,,21572000000,,,,,,,,,,,,true,false,12,2022-04-01,2023-03-31,-1
2023-10-31,3891,2023-03-31,2,,,,,,,,,,,,,,,,,,,,,,,,,,,,,50.00,,,,10953582,181698,,false,false,12,2022-04-01,2023-03-31,-1
2023-10-31,3891,2024-03-31,2,,,,,,,,,,,,,,,,,,,,,,,,,,,,,25.00,,,,,,,false,false,12,2023-04-01,2024-03-31,0
2023-10-31,3891,2024-03-31,2,,,,,,,,,,,,,,,,,,,,,,,,,,,,,50.00,,,,,,,false,true,12,2023-04-01,2024-03-31,0
2023-10-31,3891,2024-03-31,2,,,,,,,,,,,,,,,,,,,,,,,,,,,,,,,,,10804582,172238,10658514,false,false,6,2023-04-01,2023-09-30,0
2023-10-31,3891,2023-03-31,2,,,,,,,,,,,,,,,,,,,,,,,,,,,,,,,,,,,10766774,false,false,6,2022-04-01,2022-09-30,-1
2024-01-31,3891,2024-03-31,3,11269000000,-0.166,,,,,1627000000,-0.435,1846000000,-0.405,,1349000000,,126.67,,,,,,32630000000,22075000000,0.677,,22075000000,,,,,,,,,,,,true,false,9,2023-04-01,2023-12-31,0
2024-01-31,3891,2023-03-31,3,13505000000,-0.005,,,,,2882000000,-0.117,3104000000,-0.069,,2162000000,,200.81,,,,,,,,,,,,,,,,,,,,,,true,false,9,2022-04-01,2022-12-31,-1
2024-01-31,3891,2024-03-31,3,16000000000,-0.090,,,,,2500000000,-0.249,2700000000,-0.236,,1900000000,,178.26,,,,,,,,,,,,,,,,,,,,,,true,true,12,2023-04-01,2024-03-31,0
2024-01-31,3891,2023-03-31,3,,,,,,,,,,,,,,,,,,,,30629000000,21572000000,0.704,,21572000000,,,,,,,,,,,,true,false,12,2022-04-01,2023-03-31,-1
2024-01-31,3891,2023-03-31,3,,,,,,,,,,,,,,,,,,,,,,,,,,,,,50.00,,,,10953582,181698,,false,false,12,2022-04-01,2023-03-31,-1
2024-01-31,3891,2024-03-31,3,,,,,,,,,,,,,,,,,,,,,,,,,,,,,25.00,,,,,,,false,false,12,2023-04-01,2024-03-31,0
2024-01-31,3891,2024-03-31,3,,,,,,,,,,,,,,,,,,,,,,,,,,,,,50.00,,,,,,,false,true,12,2023-04-01,2024-03-31,0
2024-01-31,3891,2024-03-31,3,,,,,,,,,,,,,,,,,,,,,,,,,,,,,,,,,10804582,172238,10649791,false,false,9,2023-04-01,2023-12-31,0
2024-01-31,3891,2023-03-31,3,,,,,,,,,,,,,,,,,,,,,,,,,,,,,,,,,,,10768478,false,false,9,2022-04-01,2022-12-31,-1
2024-04-24,3891,2024-03-31,,14828000000,-0.157,,,,,1719000000,-0.483,2021000000,-0.428,,1479000000,,138.96,,0.067,0.063,0.116,,33975000000,22367000000,0.658,2103.68,22367000000,1910000000,-3412000000,1498000000,4306000000,,0.360,,,,,,true,false,12,2023-04-01,2024-03-31,0
2024-04-24,3891,2023-03-31,,17586000000,-0.027,,,,,3327000000,-0.182,3532000000,-0.165,,2468000000,,229.20,,0.120,0.124,0.189,,30629000000,21572000000,0.704,2002.65,21572000000,685000000,-3599000000,2575000000,4224000000,,0.218,,,,,,true,false,12,2022-04-01,2023-03-31,-1
2024-04-24,3891,2025-03-31,,7600000000,-0.025,,,,,1300000000,0.026,1300000000,-0.147,,900000000,,84.65,,,,,,,,,,,,,,,,,,,,,,true,true,6,2024-04-01,2024-09-30,1
2024-04-24,3891,2025-03-31,,16000000000,0.079,,,,,2700000000,0.570,2700000000,0.336,,1900000000,,178.70,,,,,,,,,,,,,,,,0.280,,,,,,true,true,12,2024-04-01,2025-03-31,1
2024-04-24,3891,2024-03-31,,14828000000,-0.157,,,,,1682000000,-0.493,1963000000,-0.440,1435000000,,-0.415,134.86,,,,,,32848000000,21189000000,0.645,1992.93,21189000000,,,,,50.00,,,,10804582,172238,10645429,false,false,12,2023-04-01,2024-03-31,0
2024-04-24,3891,2023-03-31,,17586000000,-0.027,,,,,3319000000,-0.180,3510000000,-0.163,2453000000,,-0.151,227.87,,,,,,29749000000,20862000000,0.701,1936.79,20862000000,,,,,50.00,,,,10953582,181698,10769329,false,false,12,2022-04-01,2023-03-31,-1
2024-04-24,3891,2025-03-31,,,,,,,,,,,,,,,,,,,,,,,,,,,,,,50.00,,,,,,,false,true,12,2024-04-01,2025-03-31,1
2024-07-31,3891,2025-03-31,1,3898000000,-0.024,,,,,773000000,0.103,899000000,0.046,,657000000,,61.88,,,,,,35356000000,22805000000,0.645,,22805000000,,,,,,,,,,,,true,false,3,2024-04-01,2024-06-30,0
2024-07-31,3891,2024-03-31,1,3996000000,-0.147,,,,,700000000,-0.374,860000000,-0.369,,597000000,,55.89,,,,,,,,,,,,,,,,,,,,,,true,false,3,2023-04-01,2023-06-30,-1
2024-07-31,3891,2025-03-31,1,7600000000,-0.025,,,,,1300000000,0.026,1300000000,-0.147,,900000000,,84.65,,,,,,,,,,,,,,,,,,,,,,true,true,6,2024-04-01,2024-09-30,0
2024-07-31,3891,2025-03-31,1,16000000000,0.079,,,,,2700000000,0.570,2700000000,0.336,,1900000000,,178.70,,,,,,,,,,,,,,,,,,,,,,true,true,12,2024-04-01,2025-03-31,0
2024-07-31,3891,2024-03-31,1,,,,,,,,,,,,,,,,,,,,33975000000,22367000000,0.658,,22367000000,,,,,,,,,,,,true,false,12,2023-04-01,2024-03-31,-1
2024-07-31,3891,2024-03-31,1,,,,,,,,,,,,,,,,,,,,,,,,,,,,,50.00,,,,10804582,172238,,false,false,12,2023-04-01,2024-03-31,-1
2024-07-31,3891,2025-03-31,1,,,,,,,,,,,,,,,,,,,,,,,,,,,,,50.00,,,,,,,false,true,12,2024-04-01,2025-03-31,0
2024-07-31,3891,2025-03-31,1,,,,,,,,,,,,,,,,,,,,,,,,,,,,,,,,,10804582,172261,10632329,false,false,3,2024-04-01,2024-06-30,0
2024-07-31,3891,2024-03-31,1,,,,,,,,,,,,,,,,,,,,,,,,,,,,,,,,,,,10684684,false,false,3,2023-04-01,2023-06-30,-1
2024-10-31,3891,2025-03-31,2,8214000000,0.054,,,,,1725000000,0.361,1648000000,0.083,,1183000000,,111.28,,,,,,36292000000,23412000000,0.645,,23412000000,,,,,,,,,,,,true,false,6,2024-04-01,2024-09-30,0
2024-10-31,3891,2024-03-31,2,7791000000,-0.134,,,,,1267000000,-0.343,1523000000,-0.342,,1099000000,,103.16,,,,,,,,,,,,,,,,,,,,,,true,false,6,2023-04-01,2023-09-30,-1
2024-10-31,3891,2025-03-31,2,16500000000,0.113,,,,,3000000000,0.745,3000000000,0.484,,2100000000,,197.39,,,,,,,,,,,,,,,,,,,,,,true,true,12,2024-04-01,2025-03-31,0
2024-10-31,3891,2024-03-31,2,,,,,,,,,,,,,,,,,,,,33975000000,22367000000,0.658,,22367000000,,,,,,,,,,,,true,false,12,2023-04-01,2024-03-31,-1
2024-10-31,3891,2024-03-31,2,,,,,,,,,,,,,,,,,,,,,,,,,,,,,50.00,,,,10804582,172238,,false,false,12,2023-04-01,2024-03-31,-1
2024-10-31,3891,2025-03-31,2,,,,,,,,,,,,,,,,,,,,,,,,,,,,,25.00,,,,,,,false,false,12,2024-04-01,2025-03-31,0
2024-10-31,3891,2025-03-31,2,,,,,,,,,,,,,,,,,,,,,,,,,,,,,50.00,,,,,,,false,true,12,2024-04-01,2025-03-31,0
2024-10-31,3891,2025-03-31,2,,,,,,,,,,,,,,,,,,,,,,,,,,,,,,,,,10804582,163915,10636498,false,false,6,2024-04-01,2024-09-30,0
2024-10-31,3891,2024-03-31,2,,,,,,,,,,,,,,,,,,,,,,,,,,,,,,,,,,,10658514,false,false,6,2023-04-01,2023-09-30,-1
2025-01-30,3891,2025-03-31,3,12185000000,0.081,,,,,2129000000,0.309,2135000000,0.157,,1557000000,,146.41,,,,,,37926000000,23556000000,0.621,,23556000000,,,,,,,,,,,,true,false,9,2024-04-01,2024-12-31,0
2025-01-30,3891,2024-03-31,3,11269000000,-0.166,,,,,1627000000,-0.435,1846000000,-0.405,,1349000000,,126.67,,,,,,,,,,,,,,,,,,,,,,true,false,9,2023-04-01,2023-12-31,-1
2025-01-30,3891,2025-03-31,3,16500000000,0.113,,,,,3000000000,0.745,3000000000,0.484,,2100000000,,197.39,,,,,,,,,,,,,,,,,,,,,,true,true,12,2024-04-01,2025-03-31,0
2025-01-30,3891,2024-03-31,3,,,,,,,,,,,,,,,,,,,,33975000000,22367000000,0.658,,22367000000,,,,,,,,,,,,true,false,12,2023-04-01,2024-03-31,-1
2025-01-30,3891,2024-03-31,3,,,,,,,,,,,,,,,,,,,,,,,,,,,,,50.00,,,,10804582,172238,,false,false,12,2023-04-01,2024-03-31,-1
2025-01-30,3891,2025-03-31,3,,,,,,,,,,,,,,,,,,,,,,,,,,,,,25.00,,,,,,,false,false,12,2024-04-01,2025-03-31,0
2025-01-30,3891,2025-03-31,3,,,,,,,,,,,,,,,,,,,,,,,,,,,,,50.00,,,,,,,false,true,12,2024-04-01,2025-03-31,0
2025-01-30,3891,2025-03-31,3,,,,,,,,,,,,,,,,,,,,,,,,,,,,,,,,,10804582,163915,10637888,false,false,9,2024-04-01,2024-12-31,0
2025-01-30,3891,2024-03-31,3,,,,,,,,,,,,,,,,,,,,,,,,,,,,,,,,,,,10649791,false,false,9,2023-04-01,2023-12-31,-1
,38910,2025-03-31,,,,,,,,,,,,,,,,,,,,,,,,,,,,,,60.00,,,,,,,false,true,12,2024-04-01,2025-03-31,0
,38910,2025-03-31,,,,,,,,,,,,,,,,,,,,,,,,,,,,,,25.00,,,,,,,false,false,12,2024-04-01,2025-03-31,0
,38910,2024-03-31,,,,,,,,,,,,,,,,,,,,,,,,,,,,,,50.00,,,,,,,false,false,12,2023-04-01,2024-03-31,-1
2025-04-24,3891,2025-03-31,,16033000000,0.081,,,,,2460000000,0.431,2445000000,0.210,,1781000000,,167.55,,0.077,0.071,0.153,,35269000000,23903000000,0.678,2269.04,23903000000,3801000000,-3401000000,-637000000,4126000000,,0.358,,,,,,true,false,12,2024-04-01,2025-03-31,0
2025-04-24,3891,2024-03-31,,14828000000,-0.157,,,,,1719000000,-0.483,2021000000,-0.428,,1479000000,,138.96,,0.067,0.063,0.116,,33975000000,22367000000,0.658,2103.68,22367000000,1910000000,-3412000000,1498000000,4306000000,,0.360,,,,,,true,false,12,2023-04-01,2024-03-31,-1
2025-04-24,3891,2026-03-31,,8300000000,0.010,,,,,1300000000,-0.246,1300000000,-0.212,,900000000,,85.43,,,,,,,,,,,,,,,,,,,,,,true,true,6,2025-04-01,2025-09-30,1
2025-04-24,3891,2026-03-31,,16600000000,0.035,,,,,2600000000,0.057,2600000000,0.063,,1850000000,,175.61,,,,,,,,,,,,,,,,0.399,,,,,,true,true,12,2025-04-01,2026-03-31,1
2025-04-24,3891,2025-03-31,,16033000000,0.081,,,,,2295000000,0.365,2278000000,0.160,1676000000,,0.168,157.74,,,,,,33476000000,22160000000,0.662,2103.55,22160000000,,,,,60.00,,,,10698482,163915,10629740,false,false,12,2024-04-01,2025-03-31,0
2025-04-24,3891,2024-03-31,,14828000000,-0.157,,,,,1682000000,-0.493,1963000000,-0.440,1435000000,,-0.415,134.86,,,,,,32848000000,21189000000,0.645,1992.93,21189000000,,,,,50.00,,,,10804582,172238,10645429,false,false,12,2023-04-01,2024-03-31,-1
2025-04-24,3891,2026-03-31,,,,,,,,,,,,,,,,,,,,,,,,,,,,,,70.00,,,,,,,false,true,12,2025-04-01,2026-03-31,1
