filing_date,code,fiscal_year_end,quarterly_period,net_sales,net_sales_change,revenue,revenue_change,operating_revenue,operating_revenue_change,operating_profit,operating_profit_change,ordinary_profit,ordinary_profit_change,net_income,net_income_of_parent,net_income_change,eps,diluted_eps,roe,roa,operating_profit_to_net_sales,operating_profit_to_revenue,total_assets,net_assets,equity_ratio,bps,owner_equity,operating_cash_flow,investing_cash_flow,financing_cash_flow,cash,dividend_per_share,payout_ratio,commemorative_dividend,extra_dividend,number_of_shares,number_of_treqsury_shares,avg_number_of_shares,is_consolidated,is_forecast,duration,period_start,period_end,period_pos
2015-05-07,39460,2015-03-31,,148590000000,-0.012,,,,,3971000000,-0.414,4258000000,-0.413,1050000000,,-0.524,11.24,,0.021,0.032,0.027,,139240000000,52732000000,0.364,542.98,50736000000,3165000000,-12327000000,1661000000,11620000000,,0.534,,,,,,true,false,12,2014-04-01,2015-03-31,0
2015-05-07,39460,2014-03-31,,150377000000,0.035,,,,,6768000000,0.002,7253000000,0.012,2207000000,,-0.413,23.61,,0.046,0.059,0.045,,130856000000,50908000000,0.375,525.08,49073000000,7536000000,-14327000000,10439000000,19112000000,,0.254,,,,,,true,false,12,2013-04-01,2014-03-31,-1
2015-05-07,39460,2016-03-31,,70000000000,0.022,,,,,0,,400000000,,,-1000000000,,-10.70,,,,,,,,,,,,,,,,,,,,,,true,true,6,2015-04-01,2015-09-30,1
2015-05-07,39460,2016-03-31,,155000000000,0.043,,,,,5800000000,0.460,6000000000,0.409,,3000000000,,32.11,,,,,,,,,,,,,,,,0.187,,,,,,true,true,12,2015-04-01,2016-03-31,1
2015-05-07,39460,2015-03-31,,69697000000,-0.016,,,,,1974000000,-0.587,2555000000,-0.502,1655000000,,0.305,17.72,,,,,,103612000000,42822000000,0.413,458.27,42822000000,,,,,6.00,,,,96707842,3267625,93450720,false,false,12,2014-04-01,2015-03-31,0
2015-05-07,39460,2014-03-31,,70849000000,0.016,,,,,4780000000,-0.001,5127000000,0.007,1268000000,,-0.557,13.58,,,,,,92315000000,41458000000,0.449,443.58,41458000000,,,,,6.00,,,,96707842,3249083,93474067,false,false,12,2013-04-01,2014-03-31,-1
2015-05-07,39460,2016-03-31,,36000000000,0.032,,,,,,,1650000000,-0.009,900000000,,-0.025,9.63,,,,,,,,,,,,,,,,,,,,,,false,true,6,2015-04-01,2015-09-30,1
2015-05-07,39460,2016-03-31,,72000000000,0.033,,,,,,,3500000000,0.369,1900000000,,0.147,20.33,,,,,,,,,,,,,,,6.00,,,,,,,false,true,12,2015-04-01,2016-03-31,1
2015-07-31,39460,2016-03-31,1,30594000000,-0.026,,,,,-1228000000,,-967000000,,,-824000000,,-8.83,,,,,,139999000000,51987000000,0.357,,49911000000,,,,,,,,,,,,true,false,3,2015-04-01,2015-06-30,0
2015-07-31,39460,2015-03-31,1,31410000000,0.059,,,,,-914000000,,-676000000,,,-560000000,,-5.99,,,,,,,,,,,,,,,,,,,,,,true,false,3,2014-04-01,2014-06-30,-1
2015-07-31,39460,2016-03-31,1,70000000000,0.022,,,,,0,,400000000,,,-1000000000,,-10.70,,,,,,,,,,,,,,,,,,,,,,true,true,6,2015-04-01,2015-09-30,0
2015-07-31,39460,2016-03-31,1,155000000000,0.043,,,,,5800000000,0.460,6000000000,0.409,,3000000000,,32.11,,,,,,,,,,,,,,,,,,,,,,true,true,12,2015-04-01,2016-03-31,0
2015-07-31,39460,2015-03-31,1,,,,,,,,,,,,,,,,,,,,139240000000,52732000000,0.364,,50736000000,,,,,,,,,,,,true,false,12,2014-04-01,2015-03-31,-1
2015-07-31,39460,2015-03-31,1,,,,,,,,,,,,,,,,,,,,,,,,,,,,,6.00,,,,96707842,3267625,,false,false,12,2014-04-01,2015-03-31,-1
2015-07-31,39460,2016-03-31,1,,,,,,,,,,,,,,,,,,,,,,,,,,,,,6.00,,,,,,,false,true,12,2015-04-01,2016-03-31,0
2015-07-31,39460,2016-03-31,1,,,,,,,,,,,,,,,,,,,,,,,,,,,,,,,,,96707842,3270275,93438538,false,false,3,2015-04-01,2015-06-30,0
2015-07-31,39460,2015-03-31,1,,,,,,,,,,,,,,,,,,,,,,,,,,,,,,,,,,,93457269,false,false,3,2014-04-01,2014-06-30,-1
2015-10-30,39460,2016-03-31,,68660000000,-0.019,,,,,-50000000,,367000000,-0.083,,-3000000,,-0.03,,,,,,,,,,,,,,,,,,,,,,true,true,6,2015-04-01,2015-09-30,0
2015-10-30,39460,2015-03-31,,68488000000,,,,,,-294000000,,9000000,,,-277000000,,-2.97,,,,,,,,,,,,,,,,,,,,,,true,false,6,2014-04-01,2014-09-30,-1
2015-11-04,39460,2016-03-31,2,68663000000,0.003,,,,,-50000000,,367000000,37.427,,-3000000,,-0.04,,,,,,140781000000,52448000000,0.357,,50278000000,,,,,,,,,,,,true,false,6,2015-04-01,2015-09-30,0
2015-11-04,39460,2015-03-31,2,68488000000,-0.004,,,,,-294000000,,9000000,-0.996,,-277000000,,-2.97,,,,,,,,,,,,,,,,,,,,,,true,false,6,2014-04-01,2014-09-30,-1
2015-11-04,39460,2016-03-31,2,155000000000,0.043,,,,,5800000000,0.460,6000000000,0.409,,3000000000,,32.11,,,,,,,,,,,,,,,,,,,,,,true,true,12,2015-04-01,2016-03-31,0
2015-11-04,39460,2015-03-31,2,,,,,,,,,,,,,,,,,,,,139240000000,52732000000,0.364,,50736000000,,,,,,,,,,,,true,false,12,2014-04-01,2015-03-31,-1
2015-11-04,39460,2015-03-31,2,,,,,,,,,,,,,,,,,,,,,,,,,,,,,6.00,,,,96707842,3267625,,false,false,12,2014-04-01,2015-03-31,-1
2015-11-04,39460,2016-03-31,2,,,,,,,,,,,,,,,,,,,,,,,,,,,,,3.00,,,,,,,false,false,12,2015-04-01,2016-03-31,0
2015-11-04,39460,2016-03-31,2,,,,,,,,,,,,,,,,,,,,,,,,,,,,,6.00,,,,,,,false,true,12,2015-04-01,2016-03-31,0
2015-11-04,39460,2016-03-31,2,,,,,,,,,,,,,,,,,,,,,,,,,,,,,,,,,96707842,3273953,93436864,false,false,6,2015-04-01,2015-09-30,0
2015-11-04,39460,2015-03-31,2,,,,,,,,,,,,,,,,,,,,,,,,,,,,,,,,,,,93455584,false,false,6,2014-04-01,2014-09-30,-1
2016-01-29,39460,2016-03-31,3,107084000000,0.011,,,,,1648000000,0.153,2123000000,0.182,,1913000000,,20.48,,,,,,144561000000,54758000000,0.363,,52505000000,,,,,,,,,,,,true,false,9,2015-04-01,2015-12-31,0
2016-01-29,39460,2015-03-31,3,105950000000,-0.013,,,,,1429000000,-0.656,1795000000,-0.608,,644000000,,6.89,,,,,,,,,,,,,,,,,,,,,,true,false,9,2014-04-01,2014-12-31,-1
2016-01-29,39460,2016-03-31,3,155000000000,0.043,,,,,5800000000,0.460,6000000000,0.409,,3000000000,,32.11,,,,,,,,,,,,,,,,,,,,,,true,true,12,2015-04-01,2016-03-31,0
2016-01-29,39460,2015-03-31,3,,,,,,,,,,,,,,,,,,,,139240000000,52732000000,0.364,,50736000000,,,,,,,,,,,,true,false,12,2014-04-01,2015-03-31,-1
2016-01-29,39460,2015-03-31,3,,,,,,,,,,,,,,,,,,,,,,,,,,,,,6.00,,,,96707842,3267625,,false,false,12,2014-04-01,2015-03-31,-1
2016-01-29,39460,2016-03-31,3,,,,,,,,,,,,,,,,,,,,,,,,,,,,,3.00,,,,,,,false,false,12,2015-04-01,2016-03-31,0
2016-01-29,39460,2016-03-31,3,,,,,,,,,,,,,,,,,,,,,,,,,,,,,6.00,,,,,,,false,true,12,2015-04-01,2016-03-31,0
2016-01-29,39460,2016-03-31,3,,,,,,,,,,,,,,,,,,,,,,,,,,,,,,,,,96707842,3277149,93435495,false,false,9,2015-04-01,2015-12-31,0
2016-01-29,39460,2015-03-31,3,,,,,,,,,,,,,,,,,,,,,,,,,,,,,,,,,,,93453434,false,false,9,2014-04-01,2014-12-31,-1
2016-05-06,39460,2016-03-31,,151353000000,0.019,,,,,5088000000,0.281,5605000000,0.316,,3577000000,,38.29,,0.069,0.040,0.034,,139839000000,54961000000,0.377,564.91,52777000000,16832000000,-13497000000,116000000,15039000000,,0.157,,,,,,true,false,12,2015-04-01,2016-03-31,0
2016-05-06,39460,2015-03-31,,148590000000,-0.012,,,,,3971000000,-0.414,4258000000,-0.413,,1050000000,,11.24,,0.021,0.032,0.027,,139240000000,52732000000,0.364,542.98,50736000000,3165000000,-12327000000,1661000000,11620000000,,0.534,,,,,,true,false,12,2014-04-01,2015-03-31,-1
2016-05-06,39460,2017-03-31,,70000000000,0.019,,,,,1300000000,,1600000000,3.348,,800000000,,8.56,,,,,,,,,,,,,,,,,,,,,,true,true,6,2016-04-01,2016-09-30,1
2016-05-06,39460,2017-03-31,,158000000000,0.044,,,,,6600000000,0.297,7000000000,0.249,,4000000000,,42.81,,,,,,,,,,,,,,,,0.140,,,,,,true,true,12,2016-04-01,2017-03-31,1
2016-05-06,39460,2016-03-31,,73183000000,0.050,,,,,2186000000,0.107,2749000000,0.076,2188000000,,0.321,23.42,,,,,,105572000000,44768000000,0.424,479.17,44768000000,,,,,6.00,,,,96707842,3281058,93433757,false,false,12,2015-04-01,2016-03-31,0
2016-05-06,39460,2015-03-31,,69697000000,-0.016,,,,,1974000000,-0.587,2555000000,-0.502,1655000000,,0.305,17.72,,,,,,103612000000,42822000000,0.413,458.27,42822000000,,,,,6.00,,,,96707842,3267625,93450720,false,false,12,2014-04-01,2015-03-31,-1
2016-05-06,39460,2017-03-31,,39000000000,0.039,,,,,,,2300000000,0.611,1650000000,,0.683,17.66,,,,,,,,,,,,,,,,,,,,,,false,true,6,2016-04-01,2016-09-30,1
2016-05-06,39460,2017-03-31,,76000000000,0.038,,,,,,,4100000000,0.491,2600000000,,0.188,27.83,,,,,,,,,,,,,,,6.00,,,,,,,false,true,12,2016-04-01,2017-03-31,1
2016-08-05,39460,2017-03-31,1,30540000000,-0.002,,,,,-356000000,,-254000000,,,-415000000,,-4.49,,,,,,137147000000,53600000000,0.374,,51339000000,,,,,,,,,,,,true,false,3,2016-04-01,2016-06-30,0
2016-08-05,39460,2016-03-31,1,30594000000,-0.026,,,,,-1228000000,,-967000000,,,-824000000,,-8.83,,,,,,,,,,,,,,,,,,,,,,true,false,3,2015-04-01,2015-06-30,-1
2016-08-05,39460,2017-03-31,1,70000000000,0.019,,,,,1300000000,,1600000000,3.348,,800000000,,8.70,,,,,,,,,,,,,,,,,,,,,,true,true,6,2016-04-01,2016-09-30,0
2016-08-05,39460,2017-03-31,1,158000000000,0.044,,,,,6600000000,0.297,7000000000,0.249,,4000000000,,43.63,,,,,,,,,,,,,,,,,,,,,,true,true,12,2016-04-01,2017-03-31,0
2016-08-05,39460,2016-03-31,1,,,,,,,,,,,,,,,,,,,,139839000000,54961000000,0.377,,52777000000,,,,,,,,,,,,true,false,12,2015-04-01,2016-03-31,-1
2016-08-05,39460,2016-03-31,1,,,,,,,,,,,,,,,,,,,,,,,,,,,,,6.00,,,,96707842,3281058,,false,false,12,2015-04-01,2016-03-31,-1
2016-08-05,39460,2017-03-31,1,,,,,,,,,,,,,,,,,,,,,,,,,,,,,6.00,,,,,,,false,true,12,2016-04-01,2017-03-31,0
2016-08-05,39460,2017-03-31,1,,,,,,,,,,,,,,,,,,,,,,,,,,,,,,,,,96707842,5283010,92425861,false,false,3,2016-04-01,2016-06-30,0
2016-08-05,39460,2016-03-31,1,,,,,,,,,,,,,,,,,,,,,,,,,,,,,,,,,,,93438538,false,false,3,2015-04-01,2015-06-30,-1
2016-10-28,39460,2017-03-31,,68442000000,-0.022,,,,,1315000000,0.012,1345000000,-0.159,,3000000,,0.04,,,,,,,,,,,,,,,,,,,,,,true,true,6,2016-04-01,2016-09-30,0
2016-10-28,39460,2016-03-31,,68663000000,,,,,,-50000000,,367000000,,,-3000000,,-0.04,,,,,,,,,,,,,,,,,,,,,,true,false,6,2015-04-01,2015-09-30,-1
2016-10-28,39460,2017-03-31,,159000000000,0.006,,,,,6900000000,0.045,7000000000,0.000,,3400000000,,38.66,,,,,,,,,,,,,,,,,,,,,,true,true,12,2016-04-01,2017-03-31,0
2016-10-28,39460,2016-03-31,,151353000000,,,,,,5088000000,,5605000000,,,3577000000,,38.29,,,,,,,,,,,,,,,,,,,,,,true,false,12,2015-04-01,2016-03-31,-1
2016-10-28,39460,2017-03-31,,36942000000,-0.053,,,,,,,2095000000,-0.089,2936000000,,0.779,32.47,,,,,,,,,,,,,,,,,,,,,,false,true,6,2016-04-01,2016-09-30,0
2016-10-28,39460,2016-03-31,,37518000000,,,,,,,,1427000000,,980000000,,,10.49,,,,,,,,,,,,,,,,,,,,,,false,false,6,2015-04-01,2015-09-30,-1
2016-10-28,39460,2017-03-31,,73000000000,-0.039,,,,,,,4100000000,0.000,4000000000,,0.538,45.48,,,,,,,,,,,,,,,,,,,,,,false,true,12,2016-04-01,2017-03-31,0
2016-10-28,39460,2016-03-31,,73183000000,,,,,,,,2749000000,,2188000000,,,23.42,,,,,,,,,,,,,,,,,,,,,,false,false,12,2015-04-01,2016-03-31,-1
2016-11-01,39460,2017-03-31,2,68442000000,-0.003,,,,,1315000000,,1345000000,2.657,,3000000,,0.04,,,,,,132001000000,50457000000,0.379,,50037000000,,,,,,,,,,,,true,false,6,2016-04-01,2016-09-30,0
2016-11-01,39460,2016-03-31,2,68663000000,0.003,,,,,-50000000,,367000000,37.427,,-3000000,,-0.04,,,,,,,,,,,,,,,,,,,,,,true,false,6,2015-04-01,2015-09-30,-1
2016-11-01,39460,2017-03-31,2,159000000000,0.051,,,,,6900000000,0.356,7000000000,0.249,,3400000000,,38.66,,,,,,,,,,,,,,,,,,,,,,true,true,12,2016-04-01,2017-03-31,0
2016-11-01,39460,2016-03-31,2,,,,,,,,,,,,,,,,,,,,139839000000,54961000000,0.377,,52777000000,,,,,,,,,,,,true,false,12,2015-04-01,2016-03-31,-1
2016-11-01,39460,2016-03-31,2,,,,,,,,,,,,,,,,,,,,,,,,,,,,,6.00,,,,96707842,3281058,,false,false,12,2015-04-01,2016-03-31,-1
2016-11-01,39460,2017-03-31,2,,,,,,,,,,,,,,,,,,,,,,,,,,,,,3.00,,,,,,,false,false,12,2016-04-01,2017-03-31,0
2016-11-01,39460,2017-03-31,2,,,,,,,,,,,,,,,,,,,,,,,,,,,,,6.00,,,,,,,false,true,12,2016-04-01,2017-03-31,0
2016-11-01,39460,2017-03-31,2,,,,,,,,,,,,,,,,,,,,,,,,,,,,,,,,,96707842,11247026,90434294,false,false,6,2016-04-01,2016-09-30,0
2016-11-01,39460,2016-03-31,2,,,,,,,,,,,,,,,,,,,,,,,,,,,,,,,,,,,93436864,false,false,6,2015-04-01,2015-09-30,-1
2017-01-31,39460,2017-03-31,3,108541000000,0.014,,,,,3649000000,1.214,4180000000,0.969,,1945000000,,21.91,,,,,,136522000000,53046000000,0.385,,52597000000,,,,,,,,,,,,true,false,9,2016-04-01,2016-12-31,0
2017-01-31,39460,2016-03-31,3,107084000000,0.011,,,,,1648000000,0.153,2123000000,0.182,,1913000000,,20.48,,,,,,,,,,,,,,,,,,,,,,true,false,9,2015-04-01,2015-12-31,-1
2017-01-31,39460,2017-03-31,3,159000000000,0.051,,,,,6900000000,0.356,7000000000,0.249,,3400000000,,38.66,,,,,,,,,,,,,,,,,,,,,,true,true,12,2016-04-01,2017-03-31,0
2017-01-31,39460,2016-03-31,3,,,,,,,,,,,,,,,,,,,,139839000000,54961000000,0.377,,52777000000,,,,,,,,,,,,true,false,12,2015-04-01,2016-03-31,-1
2017-01-31,39460,2016-03-31,3,,,,,,,,,,,,,,,,,,,,,,,,,,,,,6.00,,,,96707842,3281058,,false,false,12,2015-04-01,2016-03-31,-1
2017-01-31,39460,2017-03-31,3,,,,,,,,,,,,,,,,,,,,,,,,,,,,,3.00,,,,,,,false,false,12,2016-04-01,2017-03-31,0
2017-01-31,39460,2017-03-31,3,,,,,,,,,,,,,,,,,,,,,,,,,,,,,6.00,,,,,,,false,true,12,2016-04-01,2017-03-31,0
2017-01-31,39460,2017-03-31,3,,,,,,,,,,,,,,,,,,,,,,,,,,,,,,,,,96707842,11249875,88776154,false,false,9,2016-04-01,2016-12-31,0
2017-01-31,39460,2016-03-31,3,,,,,,,,,,,,,,,,,,,,,,,,,,,,,,,,,,,93435495,false,false,9,2015-04-01,2015-12-31,-1
2017-04-28,39460,2017-03-31,,152153000000,-0.043,,,,,7299000000,0.058,7865000000,0.124,,4521000000,,51.50,,,,,,,,,,,,,,,,,,,,,,true,true,12,2016-04-01,2017-03-31,0
2017-04-28,39460,2016-03-31,,151353000000,,,,,,5088000000,,5605000000,,,3577000000,,38.29,,,,,,,,,,,,,,,,,,,,,,true,false,12,2015-04-01,2016-03-31,-1
2017-04-28,39460,2017-03-31,,71692000000,-0.018,,,,,,,4819000000,0.175,5026000000,,0.257,57.25,,,,,,,,,,,,,,,,,,,,,,false,true,12,2016-04-01,2017-03-31,0
2017-04-28,39460,2016-03-31,,73183000000,,,,,,,,2749000000,,2188000000,,,23.42,,,,,,,,,,,,,,,,,,,,,,false,false,12,2015-04-01,2016-03-31,-1
2017-05-08,39460,2017-03-31,,152153000000,0.005,,,,,7299000000,0.435,7865000000,0.403,,4521000000,,51.50,51.32,0.084,0.057,0.048,,136532000000,54707000000,0.397,663.53,54245000000,11454000000,-7017000000,-3340000000,16199000000,,0.136,,,,,,true,false,12,2016-04-01,2017-03-31,0
2017-05-08,39460,2016-03-31,,151353000000,0.019,,,,,5088000000,0.281,5605000000,0.316,,3577000000,,38.29,,0.069,0.040,0.034,,139839000000,54961000000,0.377,564.91,52777000000,16832000000,-13497000000,116000000,15039000000,,0.157,,,,,,true,false,12,2015-04-01,2016-03-31,-1
2017-05-08,39460,2018-03-31,,73000000000,0.067,,,,,1500000000,0.140,1600000000,0.189,,800000000,,9.79,,,,,,,,,,,,,,,,,,,,,,true,true,6,2017-04-01,2017-09-30,1
2017-05-08,39460,2018-03-31,,162000000000,0.065,,,,,7700000000,0.055,8000000000,0.017,,4600000000,,56.27,,,,,,,,,,,,,,,,0.124,,,,,,true,true,12,2017-04-01,2018-03-31,1
2017-05-08,39460,2017-03-31,,71692000000,-0.020,,,,,4118000000,0.884,4819000000,0.753,5026000000,,1.297,57.25,57.05,,,,,104262000000,46361000000,0.445,567.10,46361000000,,,,,7.00,,,,96707842,14954872,87791936,false,false,12,2016-04-01,2017-03-31,0
2017-05-08,39460,2016-03-31,,73183000000,0.050,,,,,2186000000,0.107,2749000000,0.076,2188000000,,0.321,23.42,,,,,,105572000000,44768000000,0.424,479.17,44768000000,,,,,6.00,,,,96707842,3281058,93433757,false,false,12,2015-04-01,2016-03-31,-1
2017-05-08,39460,2018-03-31,,37000000000,0.002,,,,,,,2300000000,0.097,1400000000,,-0.523,17.12,,,,,,,,,,,,,,,,,,,,,,false,true,6,2017-04-01,2017-09-30,1
2017-05-08,39460,2018-03-31,,74000000000,0.032,,,,,,,4600000000,-0.046,2600000000,,-0.483,31.80,,,,,,,,,,,,,,,7.00,,,,,,,false,true,12,2017-04-01,2018-03-31,1
2017-07-31,39460,2018-03-31,1,33656000000,0.102,,,,,129000000,,219000000,,,4000000,,0.05,0.05,,,,,139631000000,54394000000,0.386,,53918000000,,,,,,,,,,,,true,false,3,2017-04-01,2017-06-30,0
2017-07-31,39460,2017-03-31,1,30540000000,-0.002,,,,,-356000000,,-254000000,,,-415000000,,-4.49,,,,,,,,,,,,,,,,,,,,,,true,false,3,2016-04-01,2016-06-30,-1
2017-07-31,39460,2018-03-31,1,73000000000,0.067,,,,,1500000000,0.140,1600000000,0.189,,800000000,,9.79,,,,,,,,,,,,,,,,,,,,,,true,true,6,2017-04-01,2017-09-30,0
2017-07-31,39460,2018-03-31,1,162000000000,0.065,,,,,7700000000,0.055,8000000000,0.017,,4600000000,,281.35,,,,,,,,,,,,,,,,,,,,,,true,true,12,2017-04-01,2018-03-31,0
2017-07-31,39460,2017-03-31,1,,,,,,,,,,,,,,,,,,,,136532000000,54707000000,0.397,,54245000000,,,,,,,,,,,,true,false,12,2016-04-01,2017-03-31,-1
2017-07-31,39460,2017-03-31,1,,,,,,,,,,,,,,,,,,,,,,,,,,,,,7.00,,,,96707842,14954872,,false,false,12,2016-04-01,2017-03-31,-1
2017-07-31,39460,2018-03-31,1,,,,,,,,,,,,,,,,,,,,,,,,,,,,,20.00,,,,,,,false,true,12,2017-04-01,2018-03-31,0
2017-07-31,39460,2018-03-31,1,,,,,,,,,,,,,,,,,,,,,,,,,,,,,,,,,96707842,14959644,81751269,false,false,3,2017-04-01,2017-06-30,0
2017-07-31,39460,2017-03-31,1,,,,,,,,,,,,,,,,,,,,,,,,,,,,,,,,,,,92425861,false,false,3,2016-04-01,2016-06-30,-1
2017-10-31,39460,2018-03-31,2,74654000000,0.091,,,,,1536000000,0.168,1673000000,0.244,,822000000,,50.30,46.00,,,,,140723000000,55209000000,0.389,,54805000000,,,,,,,,,,,,true,false,6,2017-04-01,2017-09-30,0
2017-10-31,39460,2017-03-31,2,68442000000,-0.003,,,,,1315000000,,1345000000,2.657,,3000000,,0.22,,,,,,,,,,,,,,,,,,,,,,true,false,6,2016-04-01,2016-09-30,-1
2017-10-31,39460,2018-03-31,2,162000000000,0.065,,,,,7700000000,0.055,8000000000,0.017,,4600000000,,281.36,,,,,,,,,,,,,,,,,,,,,,true,true,12,2017-04-01,2018-03-31,0
2017-10-31,39460,2017-03-31,2,,,,,,,,,,,,,,,,,,,,136532000000,54707000000,0.397,,54245000000,,,,,,,,,,,,true,false,12,2016-04-01,2017-03-31,-1
2017-10-31,39460,2017-03-31,2,,,,,,,,,,,,,,,,,,,,,,,,,,,,,7.00,,,,19341568,2990974,,false,false,12,2016-04-01,2017-03-31,-1
2017-10-31,39460,2018-03-31,2,,,,,,,,,,,,,,,,,,,,,,,,,,,,,3.00,,,,,,,false,false,12,2017-04-01,2018-03-31,0
2017-10-31,39460,2018-03-31,2,,,,,,,,,,,,,,,,,,,,,,,,,,,,,20.00,,,,,,,false,true,12,2017-04-01,2018-03-31,0
2017-10-31,39460,2018-03-31,2,,,,,,,,,,,,,,,,,,,,,,,,,,,,,,,,,19341568,2992879,16349700,false,false,6,2017-04-01,2017-09-30,0
2017-10-31,39460,2017-03-31,2,,,,,,,,,,,,,,,,,,,,,,,,,,,,,,,,,,,18086858,false,false,6,2016-04-01,2016-09-30,-1
2018-01-31,39460,2018-03-31,3,115890000000,0.068,,,,,3887000000,0.065,4161000000,-0.005,,2527000000,,154.62,141.38,,,,,141654000000,57164000000,0.401,,56742000000,,,,,,,,,,,,true,false,9,2017-04-01,2017-12-31,0
2018-01-31,39460,2017-03-31,3,108541000000,0.014,,,,,3649000000,1.214,4180000000,0.969,,1945000000,,109.56,,,,,,,,,,,,,,,,,,,,,,true,false,9,2016-04-01,2016-12-31,-1
2018-01-31,39460,2018-03-31,3,162000000000,0.065,,,,,7700000000,0.055,8000000000,0.017,,4600000000,,281.37,,,,,,,,,,,,,,,,,,,,,,true,true,12,2017-04-01,2018-03-31,0
2018-01-31,39460,2017-03-31,3,,,,,,,,,,,,,,,,,,,,136532000000,54707000000,0.397,,54245000000,,,,,,,,,,,,true,false,12,2016-04-01,2017-03-31,-1
2018-01-31,39460,2017-03-31,3,,,,,,,,,,,,,,,,,,,,,,,,,,,,,7.00,,,,19341568,2990974,,false,false,12,2016-04-01,2017-03-31,-1
2018-01-31,39460,2018-03-31,3,,,,,,,,,,,,,,,,,,,,,,,,,,,,,3.00,,,,,,,false,false,12,2017-04-01,2018-03-31,0
2018-01-31,39460,2018-03-31,3,,,,,,,,,,,,,,,,,,,,,,,,,,,,,20.00,,,,,,,false,true,12,2017-04-01,2018-03-31,0
2018-01-31,39460,2018-03-31,3,,,,,,,,,,,,,,,,,,,,,,,,,,,,,,,,,19341568,2994364,16349245,false,false,9,2017-04-01,2017-12-31,0
2018-01-31,39460,2017-03-31,3,,,,,,,,,,,,,,,,,,,,,,,,,,,,,,,,,,,17755230,false,false,9,2016-04-01,2016-12-31,-1
2018-04-26,39460,2018-03-31,,161510000000,-0.003,,,,,5880000000,-0.236,5970000000,-0.254,,3870000000,,236.72,,,,,,,,,,,,,,,,,,,,,,true,true,12,2017-04-01,2018-03-31,0
2018-04-26,39460,2017-03-31,,152153000000,,,,,,7299000000,,7865000000,,,4521000000,,257.51,,,,,,,,,,,,,,,,,,,,,,true,false,12,2016-04-01,2017-03-31,-1
2018-04-26,39460,2018-03-31,,72200000000,-0.024,,,,,,,3050000000,-0.337,1730000000,,-0.335,105.82,,,,,,,,,,,,,,,,,,,,,,false,true,12,2017-04-01,2018-03-31,0
2018-04-26,39460,2017-03-31,,71692000000,,,,,,,,4819000000,,5026000000,,,286.26,,,,,,,,,,,,,,,,,,,,,,false,false,12,2016-04-01,2017-03-31,-1
2018-05-07,39460,2018-03-31,,161514000000,0.062,,,,,5878000000,-0.195,5973000000,-0.240,,3870000000,,236.76,216.49,0.069,0.044,0.036,,135708000000,58403000000,0.427,3546.64,57975000000,7391000000,-4460000000,-9823000000,9847000000,,0.148,,,,,,true,false,12,2017-04-01,2018-03-31,0
2018-05-07,39460,2017-03-31,,152153000000,0.005,,,,,7299000000,0.435,7865000000,0.403,,4521000000,,257.51,256.58,0.084,0.057,0.048,,136532000000,54707000000,0.397,3317.64,54245000000,11454000000,-7017000000,-3340000000,16199000000,,0.136,,,,,,true,false,12,2016-04-01,2017-03-31,-1
2018-05-07,39460,2019-03-31,,80000000000,0.072,,,,,1900000000,0.237,1800000000,0.076,,800000000,,48.94,,,,,,,,,,,,,,,,,,,,,,true,true,6,2018-04-01,2018-09-30,1
2018-05-07,39460,2019-03-31,,170000000000,0.053,,,,,8000000000,0.361,8300000000,0.389,,5000000000,,305.87,,,,,,,,,,,,,,,,0.131,,,,,,true,true,12,2018-04-01,2019-03-31,1
2018-05-07,39460,2018-03-31,,72208000000,0.007,,,,,2293000000,-0.443,3055000000,-0.366,1732000000,,-0.655,105.99,96.91,,,,,98419000000,47986000000,0.488,2935.52,47986000000,,,,,20.00,,,,19341568,2994833,16348514,false,false,12,2017-04-01,2018-03-31,0
2018-05-07,39460,2017-03-31,,71692000000,-0.020,,,,,4118000000,0.884,4819000000,0.753,5026000000,,1.297,286.26,285.23,,,,,104262000000,46361000000,0.445,2835.49,46361000000,,,,,7.00,,,,19341568,2990974,17558387,false,false,12,2016-04-01,2017-03-31,-1
2018-05-07,39460,2019-03-31,,,,,,,,,,,,,,,,,,,,,,,,,,,,,,40.00,,,,,,,false,true,12,2018-04-01,2019-03-31,1
2018-07-31,39460,2019-03-31,1,36236000000,0.077,,,,,-94000000,,209000000,-0.044,,98000000,,6.04,5.52,,,,,137623000000,58561000000,0.422,,58126000000,,,,,,,,,,,,true,false,3,2018-04-01,2018-06-30,0
2018-07-31,39460,2018-03-31,1,33656000000,0.102,,,,,129000000,,219000000,,,4000000,,0.25,0.23,,,,,,,,,,,,,,,,,,,,,true,false,3,2017-04-01,2017-06-30,-1
2018-07-31,39460,2019-03-31,1,80000000000,0.072,,,,,1900000000,0.237,1800000000,0.076,,800000000,,48.94,,,,,,,,,,,,,,,,,,,,,,true,true,6,2018-04-01,2018-09-30,0
2018-07-31,39460,2019-03-31,1,170000000000,0.053,,,,,8000000000,0.361,8300000000,0.389,,5000000000,,305.87,,,,,,,,,,,,,,,,,,,,,,true,true,12,2018-04-01,2019-03-31,0
2018-07-31,39460,2018-03-31,1,,,,,,,,,,,,,,,,,,,,135270000000,58403000000,0.429,,57975000000,,,,,,,,,,,,true,false,12,2017-04-01,2018-03-31,-1
2018-07-31,39460,2018-03-31,1,,,,,,,,,,,,,,,,,,,,,,,,,,,,,20.00,,,,19341568,2994833,,false,false,12,2017-04-01,2018-03-31,-1
2018-07-31,39460,2019-03-31,1,,,,,,,,,,,,,,,,,,,,,,,,,,,,,40.00,,,,,,,false,true,12,2018-04-01,2019-03-31,0
2018-07-31,39460,2019-03-31,1,,,,,,,,,,,,,,,,,,,,,,,,,,,,,,,,,19341568,2994504,16346754,false,false,3,2018-04-01,2018-06-30,0
2018-07-31,39460,2018-03-31,1,,,,,,,,,,,,,,,,,,,,,,,,,,,,,,,,,,,16350253,false,false,3,2017-04-01,2017-06-30,-1
2018-10-31,39460,2019-03-31,2,78899000000,0.057,,,,,1415000000,-0.079,1806000000,0.080,,1030000000,,63.06,57.64,,,,,141556000000,59694000000,0.418,,59217000000,,,,,,,,,,,,true,false,6,2018-04-01,2018-09-30,0
2018-10-31,39460,2018-03-31,2,74654000000,0.091,,,,,1536000000,0.168,1673000000,0.244,,822000000,,50.30,46.00,,,,,,,,,,,,,,,,,,,,,true,false,6,2017-04-01,2017-09-30,-1
2018-10-31,39460,2019-03-31,2,170000000000,0.053,,,,,8000000000,0.361,8300000000,0.389,,5000000000,,305.87,,,,,,,,,,,,,,,,,,,,,,true,true,12,2018-04-01,2019-03-31,0
2018-10-31,39460,2018-03-31,2,,,,,,,,,,,,,,,,,,,,135270000000,58403000000,0.429,,57975000000,,,,,,,,,,,,true,false,12,2017-04-01,2018-03-31,-1
2018-10-31,39460,2018-03-31,2,,,,,,,,,,,,,,,,,,,,,,,,,,,,,20.00,,,,19341568,2994833,,false,false,12,2017-04-01,2018-03-31,-1
2018-10-31,39460,2019-03-31,2,,,,,,,,,,,,,,,,,,,,,,,,,,,,,20.00,,,,,,,false,false,12,2018-04-01,2019-03-31,0
2018-10-31,39460,2019-03-31,2,,,,,,,,,,,,,,,,,,,,,,,,,,,,,50.00,,,,,,,false,true,12,2018-04-01,2019-03-31,0
2018-10-31,39460,2019-03-31,2,,,,,,,,,,,,,,,,,,,,,,,,,,,,,,,,,19341568,2994985,16346825,false,false,6,2018-04-01,2018-09-30,0
2018-10-31,39460,2018-03-31,2,,,,,,,,,,,,,,,,,,,,,,,,,,,,,,,,,,,16349700,false,false,6,2017-04-01,2017-09-30,-1
,39460,2019-03-31,,,,,,,,,,,,,,,,,,,,,,,,,,,,,,50.00,,,,,,,false,true,12,2018-04-01,2019-03-31,0
,39460,2019-03-31,,,,,,,,,,,,,,,,,,,,,,,,,,,,,,20.00,,,,,,,false,false,12,2018-04-01,2019-03-31,0
,39460,2018-03-31,,,,,,,,,,,,,,,,,,,,,,,,,,,,,,20.00,,,,,,,false,false,12,2017-04-01,2018-03-31,-1
2019-01-31,39460,2019-03-31,3,123374000000,0.065,,,,,2994000000,-0.230,3353000000,-0.194,,1991000000,,121.85,111.40,,,,,144003000000,59535000000,0.410,,59032000000,,,,,,,,,,,,true,false,9,2018-04-01,2018-12-31,0
2019-01-31,39460,2018-03-31,3,115890000000,0.068,,,,,3887000000,0.065,4161000000,-0.005,,2527000000,,154.62,141.38,,,,,,,,,,,,,,,,,,,,,true,false,9,2017-04-01,2017-12-31,-1
2019-01-31,39460,2019-03-31,3,171000000000,0.059,,,,,6000000000,0.021,6500000000,0.088,,4500000000,,275.29,,,,,,,,,,,,,,,,,,,,,,true,true,12,2018-04-01,2019-03-31,0
2019-01-31,39460,2018-03-31,3,,,,,,,,,,,,,,,,,,,,135270000000,58403000000,0.429,,57975000000,,,,,,,,,,,,true,false,12,2017-04-01,2018-03-31,-1
2019-01-31,39460,2018-03-31,3,,,,,,,,,,,,,,,,,,,,,,,,,,,,,20.00,,,,19341568,2994833,,false,false,12,2017-04-01,2018-03-31,-1
2019-01-31,39460,2019-03-31,3,,,,,,,,,,,,,,,,,,,,,,,,,,,,,20.00,,,,,,,false,false,12,2018-04-01,2019-03-31,0
2019-01-31,39460,2019-03-31,3,,,,,,,,,,,,,,,,,,,,,,,,,,,,,50.00,,,,,,,false,true,12,2018-04-01,2019-03-31,0
2019-01-31,39460,2019-03-31,3,,,,,,,,,,,,,,,,,,,,,,,,,,,,,,,,,19341568,2995468,16346664,false,false,9,2018-04-01,2018-12-31,0
2019-01-31,39460,2018-03-31,3,,,,,,,,,,,,,,,,,,,,,,,,,,,,,,,,,,,16349245,false,false,9,2017-04-01,2017-12-31,-1
2019-05-08,39460,2019-03-31,,171580000000,0.062,,,,,5204000000,-0.115,5604000000,-0.062,,4464000000,,273.14,249.69,0.075,0.040,0.030,,142517000000,62184000000,0.433,3772.42,61663000000,7925000000,-7509000000,-250000000,10045000000,,0.183,,,,,,true,false,12,2018-04-01,2019-03-31,0
2019-05-08,39460,2018-03-31,,161514000000,0.062,,,,,5878000000,-0.195,5973000000,-0.240,,3870000000,,236.76,216.49,0.069,0.044,0.036,,135270000000,58403000000,0.429,3546.64,57975000000,7391000000,-4460000000,-9823000000,9847000000,,0.148,,,,,,true,false,12,2017-04-01,2018-03-31,-1
2019-05-08,39460,2020-03-31,,86000000000,0.090,,,,,1500000000,0.060,1500000000,-0.170,,600000000,,36.71,,,,,,,,,,,,,,,,,,,,,,true,true,6,2019-04-01,2019-09-30,1
2019-05-08,39460,2020-03-31,,185000000000,0.078,,,,,7600000000,0.460,8000000000,0.428,,5000000000,,305.89,,,,,,,,,,,,,,,,0.147,,,,,,true,true,12,2019-04-01,2020-03-31,1
2019-05-08,39460,2019-03-31,,78057000000,0.081,,,,,1473000000,-0.357,2318000000,-0.241,1586000000,,-0.084,97.04,88.71,,,,,101576000000,48824000000,0.481,2986.94,48824000000,,,,,50.00,,,,19341568,2995676,16346508,false,false,12,2018-04-01,2019-03-31,0
2019-05-08,39460,2018-03-31,,72208000000,0.007,,,,,2293000000,-0.443,3055000000,-0.366,1732000000,,-0.655,105.99,96.91,,,,,98074000000,47986000000,0.489,2935.52,47986000000,,,,,20.00,,,,19341568,2994833,16348514,false,false,12,2017-04-01,2018-03-31,-1
2019-05-08,39460,2020-03-31,,,,,,,,,,,,,,,,,,,,,,,,,,,,,,45.00,,,,,,,false,true,12,2019-04-01,2020-03-31,1
2019-07-31,39460,2020-03-31,1,37987000000,0.048,,,,,-391000000,,-369000000,,,-403000000,,-24.66,,,,,,144964000000,60676000000,0.415,,60146000000,,,,,,,,,,,,true,false,3,2019-04-01,2019-06-30,0
2019-07-31,39460,2019-03-31,1,36236000000,0.077,,,,,-94000000,,209000000,-0.044,,98000000,,6.04,5.52,,,,,,,,,,,,,,,,,,,,,true,false,3,2018-04-01,2018-06-30,-1
2019-07-31,39460,2020-03-31,1,86000000000,0.090,,,,,1500000000,0.060,1500000000,-0.170,,600000000,,36.71,,,,,,,,,,,,,,,,,,,,,,true,true,6,2019-04-01,2019-09-30,0
2019-07-31,39460,2020-03-31,1,185000000000,0.078,,,,,7600000000,0.460,8000000000,0.428,,5000000000,,305.89,,,,,,,,,,,,,,,,,,,,,,true,true,12,2019-04-01,2020-03-31,0
2019-07-31,39460,2019-03-31,1,,,,,,,,,,,,,,,,,,,,142517000000,62184000000,0.433,,61663000000,,,,,,,,,,,,true,false,12,2018-04-01,2019-03-31,-1
2019-07-31,39460,2019-03-31,1,,,,,,,,,,,,,,,,,,,,,,,,,,,,,50.00,,,,19341568,2995676,,false,false,12,2018-04-01,2019-03-31,-1
2019-07-31,39460,2020-03-31,1,,,,,,,,,,,,,,,,,,,,,,,,,,,,,45.00,,,,,,,false,true,12,2019-04-01,2020-03-31,0
2019-07-31,39460,2020-03-31,1,,,,,,,,,,,,,,,,,,,,,,,,,,,,,,,,,19341568,2995717,16345860,false,false,3,2019-04-01,2019-06-30,0
2019-07-31,39460,2019-03-31,1,,,,,,,,,,,,,,,,,,,,,,,,,,,,,,,,,,,16346754,false,false,3,2018-04-01,2018-06-30,-1
2019-10-30,39460,2020-03-31,,83332000000,-0.031,,,,,1663000000,0.109,1735000000,0.157,975000000,,0.625,59.66,,,,,,,,,,,,,,,,,,,,,,true,true,6,2019-04-01,2019-09-30,0
2019-10-30,39460,2019-03-31,,78899000000,,,,,,1415000000,,1806000000,,1030000000,,,63.06,,,,,,,,,,,,,,,,,,,,,,true,false,6,2018-04-01,2018-09-30,-1
2019-10-31,39460,2020-03-31,2,83332000000,0.056,,,,,1663000000,0.175,1735000000,-0.039,,975000000,,59.66,54.48,,,,,148334000000,62235000000,0.416,,61675000000,,,,,,,,,,,,true,false,6,2019-04-01,2019-09-30,0
2019-10-31,39460,2019-03-31,2,78899000000,0.057,,,,,1415000000,-0.079,1806000000,0.080,,1030000000,,63.06,57.64,,,,,,,,,,,,,,,,,,,,,true,false,6,2018-04-01,2018-09-30,-1
2019-10-31,39460,2020-03-31,2,185000000000,0.078,,,,,7600000000,0.460,8000000000,0.428,,5000000000,,305.89,,,,,,,,,,,,,,,,,,,,,,true,true,12,2019-04-01,2020-03-31,0
2019-10-31,39460,2019-03-31,2,,,,,,,,,,,,,,,,,,,,142517000000,62184000000,0.433,,61663000000,,,,,,,,,,,,true,false,12,2018-04-01,2019-03-31,-1
2019-10-31,39460,2019-03-31,2,,,,,,,,,,,,,,,,,,,,,,,,,,,,,50.00,,,,19341568,2995676,,false,false,12,2018-04-01,2019-03-31,-1
2019-10-31,39460,2020-03-31,2,,,,,,,,,,,,,,,,,,,,,,,,,,,,,20.00,,,,,,,false,false,12,2019-04-01,2020-03-31,0
2019-10-31,39460,2020-03-31,2,,,,,,,,,,,,,,,,,,,,,,,,,,,,,45.00,,,,,,,false,true,12,2019-04-01,2020-03-31,0
2019-10-31,39460,2020-03-31,2,,,,,,,,,,,,,,,,,,,,,,,,,,,,,,,,,19341568,2996034,16345769,false,false,6,2019-04-01,2019-09-30,0
2019-10-31,39460,2019-03-31,2,,,,,,,,,,,,,,,,,,,,,,,,,,,,,,,,,,,16346825,false,false,6,2018-04-01,2018-09-30,-1
2020-01-31,39460,2020-03-31,3,128303000000,0.040,,,,,3635000000,0.214,3820000000,0.139,,2379000000,,145.56,132.92,,,,,152117000000,63644000000,0.416,,63279000000,,,,,,,,,,,,true,false,9,2019-04-01,2019-12-31,0
2020-01-31,39460,2019-03-31,3,123374000000,0.065,,,,,2994000000,-0.230,3353000000,-0.194,,1991000000,,121.85,111.40,,,,,,,,,,,,,,,,,,,,,true,false,9,2018-04-01,2018-12-31,-1
2020-01-31,39460,2020-03-31,3,178000000000,0.037,,,,,6700000000,0.287,7000000000,0.249,,4500000000,,275.30,,,,,,,,,,,,,,,,,,,,,,true,true,12,2019-04-01,2020-03-31,0
2020-01-31,39460,2019-03-31,3,,,,,,,,,,,,,,,,,,,,142517000000,62184000000,0.433,,61663000000,,,,,,,,,,,,true,false,12,2018-04-01,2019-03-31,-1
2020-01-31,39460,2019-03-31,3,,,,,,,,,,,,,,,,,,,,,,,,,,,,,50.00,,,,19341568,2995676,,false,false,12,2018-04-01,2019-03-31,-1
2020-01-31,39460,2020-03-31,3,,,,,,,,,,,,,,,,,,,,,,,,,,,,,20.00,,,,,,,false,false,12,2019-04-01,2020-03-31,0
2020-01-31,39460,2020-03-31,3,,,,,,,,,,,,,,,,,,,,,,,,,,,,,45.00,,,,,,,false,true,12,2019-04-01,2020-03-31,0
2020-01-31,39460,2020-03-31,3,,,,,,,,,,,,,,,,,,,,,,,,,,,,,,,,,19341568,2996385,16345647,false,false,9,2019-04-01,2019-12-31,0
2020-01-31,39460,2019-03-31,3,,,,,,,,,,,,,,,,,,,,,,,,,,,,,,,,,,,16346664,false,false,9,2018-04-01,2018-12-31,-1
2020-05-08,39460,2020-03-31,,176583000000,0.029,,,,,6911000000,0.328,7107000000,0.268,,4562000000,,279.12,254.89,0.072,0.049,0.039,,146646000000,64872000000,0.440,3943.92,64463000000,10873000000,-10524000000,-123000000,10325000000,,0.161,,,,,,true,false,12,2019-04-01,2020-03-31,0
2020-05-08,39460,2019-03-31,,171580000000,0.062,,,,,5204000000,-0.115,5604000000,-0.062,,4464000000,,273.14,249.69,0.075,0.040,0.030,,142517000000,62184000000,0.433,3772.42,61663000000,7925000000,-7509000000,-250000000,10045000000,,0.183,,,,,,true,false,12,2018-04-01,2019-03-31,-1
2020-05-08,39460,2021-03-31,,90000000000,0.080,,,,,2300000000,0.383,2400000000,0.383,,1100000000,,67.30,,,,,,,,,,,,,,,,,,,,,,true,true,6,2020-04-01,2020-09-30,1
2020-05-08,39460,2021-03-31,,185000000000,0.048,,,,,7500000000,0.085,7700000000,0.083,,4800000000,,293.67,,,,,,,,,,,,,,,,0.153,,,,,,true,true,12,2020-04-01,2021-03-31,1
2020-05-08,39460,2020-03-31,,83053000000,0.064,,,,,3315000000,1.249,4194000000,0.809,2888000000,,0.821,176.73,161.39,,,,,103853000000,50327000000,0.485,3079.12,50327000000,,,,,45.00,,,,19341568,2996664,16345482,false,false,12,2019-04-01,2020-03-31,0
2020-05-08,39460,2019-03-31,,78057000000,0.081,,,,,1473000000,-0.357,2318000000,-0.241,1586000000,,-0.084,97.04,88.71,,,,,101576000000,48824000000,0.481,2986.94,48824000000,,,,,50.00,,,,19341568,2995676,16346508,false,false,12,2018-04-01,2019-03-31,-1
2020-05-08,39460,2021-03-31,,,,,,,,,,,,,,,,,,,,,,,,,,,,,,45.00,,,,,,,false,true,12,2020-04-01,2021-03-31,1
2020-07-31,39460,2021-03-31,1,36381000000,-0.042,,,,,-249000000,,-83000000,,,-116000000,,-7.13,,,,,,148902000000,64665000000,0.431,,64251000000,,,,,,,,,,,,true,false,3,2020-04-01,2020-06-30,0
2020-07-31,39460,2020-03-31,1,37987000000,0.048,,,,,-391000000,,-369000000,,,-403000000,,-24.66,,,,,,,,,,,,,,,,,,,,,,true,false,3,2019-04-01,2019-06-30,-1
2020-07-31,39460,2021-03-31,1,90000000000,0.080,,,,,2300000000,0.383,2400000000,0.383,,1100000000,,67.30,,,,,,,,,,,,,,,,,,,,,,true,true,6,2020-04-01,2020-09-30,0
2020-07-31,39460,2021-03-31,1,185000000000,0.048,,,,,7500000000,0.085,7700000000,0.083,,4800000000,,293.67,,,,,,,,,,,,,,,,,,,,,,true,true,12,2020-04-01,2021-03-31,0
2020-07-31,39460,2020-03-31,1,,,,,,,,,,,,,,,,,,,,146646000000,64872000000,0.440,,64463000000,,,,,,,,,,,,true,false,12,2019-04-01,2020-03-31,-1
2020-07-31,39460,2020-03-31,1,,,,,,,,,,,,,,,,,,,,,,,,,,,,,45.00,,,,19341568,2996664,,false,false,12,2019-04-01,2020-03-31,-1
2020-07-31,39460,2021-03-31,1,,,,,,,,,,,,,,,,,,,,,,,,,,,,,45.00,,,,,,,false,true,12,2020-04-01,2021-03-31,0
2020-07-31,39460,2021-03-31,1,,,,,,,,,,,,,,,,,,,,,,,,,,,,,,,,,19341568,2996725,16344864,false,false,3,2020-04-01,2020-06-30,0
2020-07-31,39460,2020-03-31,1,,,,,,,,,,,,,,,,,,,,,,,,,,,,,,,,,,,16345860,false,false,3,2019-04-01,2019-06-30,-1
2020-10-26,39460,2021-03-31,,79232000000,-0.120,,,,,1450000000,-0.370,1595000000,-0.335,,980000000,,59.97,,,,,,,,,,,,,,,,,,,,,,true,true,6,2020-04-01,2020-09-30,0
2020-10-26,39460,2020-03-31,,83332000000,,,,,,1663000000,,1735000000,,,975000000,,59.66,,,,,,,,,,,,,,,,,,,,,,true,false,6,2019-04-01,2019-09-30,-1
2020-10-26,39460,2021-03-31,,177000000000,-0.043,,,,,7100000000,-0.053,7400000000,-0.039,,4600000000,,281.44,,,,,,,,,,,,,,,,,,,,,,true,true,12,2020-04-01,2021-03-31,0
2020-10-26,39460,2020-03-31,,176583000000,,,,,,6911000000,,7107000000,,,4562000000,,279.12,,,,,,,,,,,,,,,,,,,,,,true,false,12,2019-04-01,2020-03-31,-1
2020-10-30,39460,2021-03-31,2,79232000000,-0.049,,,,,1450000000,-0.128,1595000000,-0.081,,980000000,,59.97,54.72,,,,,154801000000,65913000000,0.423,,65472000000,,,,,,,,,,,,true,false,6,2020-04-01,2020-09-30,0
2020-10-30,39460,2020-03-31,2,83332000000,0.056,,,,,1663000000,0.175,1735000000,-0.039,,975000000,,59.66,54.48,,,,,,,,,,,,,,,,,,,,,true,false,6,2019-04-01,2019-09-30,-1
2020-10-30,39460,2021-03-31,2,177000000000,0.002,,,,,7100000000,0.027,7400000000,0.041,,4600000000,,281.44,,,,,,,,,,,,,,,,,,,,,,true,true,12,2020-04-01,2021-03-31,0
2020-10-30,39460,2020-03-31,2,,,,,,,,,,,,,,,,,,,,146646000000,64872000000,0.440,,64463000000,,,,,,,,,,,,true,false,12,2019-04-01,2020-03-31,-1
2020-10-30,39460,2020-03-31,2,,,,,,,,,,,,,,,,,,,,,,,,,,,,,45.00,,,,19341568,2996664,,false,false,12,2019-04-01,2020-03-31,-1
2020-10-30,39460,2021-03-31,2,,,,,,,,,,,,,,,,,,,,,,,,,,,,,20.00,,,,,,,false,false,12,2020-04-01,2021-03-31,0
2020-10-30,39460,2021-03-31,2,,,,,,,,,,,,,,,,,,,,,,,,,,,,,45.00,,,,,,,false,true,12,2020-04-01,2021-03-31,0
2020-10-30,39460,2021-03-31,2,,,,,,,,,,,,,,,,,,,,,,,,,,,,,,,,,19341568,2997188,16344752,false,false,6,2020-04-01,2020-09-30,0
2020-10-30,39460,2020-03-31,2,,,,,,,,,,,,,,,,,,,,,,,,,,,,,,,,,,,16345769,false,false,6,2019-04-01,2019-09-30,-1
2021-01-29,39460,2021-03-31,3,126186000000,-0.017,,,,,3982000000,0.096,4167000000,0.091,,2704000000,,165.46,150.98,,,,,158877000000,67346000000,0.421,,66877000000,,,,,,,,,,,,true,false,9,2020-04-01,2020-12-31,0
2021-01-29,39460,2020-03-31,3,128303000000,0.040,,,,,3635000000,0.214,3820000000,0.139,,2379000000,,145.56,132.92,,,,,,,,,,,,,,,,,,,,,true,false,9,2019-04-01,2019-12-31,-1
2021-01-29,39460,2021-03-31,3,177000000000,0.002,,,,,7100000000,0.027,7400000000,0.041,,4600000000,,281.44,,,,,,,,,,,,,,,,,,,,,,true,true,12,2020-04-01,2021-03-31,0
2021-01-29,39460,2020-03-31,3,,,,,,,,,,,,,,,,,,,,146646000000,64872000000,0.440,,64463000000,,,,,,,,,,,,true,false,12,2019-04-01,2020-03-31,-1
2021-01-29,39460,2020-03-31,3,,,,,,,,,,,,,,,,,,,,,,,,,,,,,45.00,,,,19341568,2996664,,false,false,12,2019-04-01,2020-03-31,-1
2021-01-29,39460,2021-03-31,3,,,,,,,,,,,,,,,,,,,,,,,,,,,,,20.00,,,,,,,false,false,12,2020-04-01,2021-03-31,0
2021-01-29,39460,2021-03-31,3,,,,,,,,,,,,,,,,,,,,,,,,,,,,,45.00,,,,,,,false,true,12,2020-04-01,2021-03-31,0
2021-01-29,39460,2021-03-31,3,,,,,,,,,,,,,,,,,,,,,,,,,,,,,,,,,19341568,2997338,16344614,false,false,9,2020-04-01,2020-12-31,0
2021-01-29,39460,2020-03-31,3,,,,,,,,,,,,,,,,,,,,,,,,,,,,,,,,,,,16345647,false,false,9,2019-04-01,2019-12-31,-1
2021-05-07,39460,2021-03-31,,175647000000,-0.005,,,,,7230000000,0.046,7734000000,0.088,,4887000000,,299.04,272.87,0.072,0.047,0.041,,179743000000,71214000000,0.393,4325.83,70728000000,11074000000,-13447000000,5831000000,13813000000,,0.150,,,,,,true,false,12,2020-04-01,2021-03-31,0
2021-05-07,39460,2020-03-31,,176583000000,0.029,,,,,6911000000,0.328,7107000000,0.268,,4562000000,,279.12,254.89,0.072,0.049,0.039,,146646000000,64872000000,0.440,3943.92,64463000000,10873000000,-10524000000,-123000000,10325000000,,0.161,,,,,,true,false,12,2019-04-01,2020-03-31,-1
2021-05-07,39460,2022-03-31,,100000000000,0.262,,,,,2800000000,0.931,2900000000,0.817,,1700000000,,103.97,,,,,,,,,,,,,,,,,,,,,,true,true,6,2021-04-01,2021-09-30,1
2021-05-07,39460,2022-03-31,,210000000000,0.196,,,,,9000000000,0.245,9200000000,0.189,,6000000000,,366.96,,,,,,,,,,,,,,,,0.142,,,,,,true,true,12,2021-04-01,2022-03-31,1
2021-05-07,39460,2021-03-31,,81655000000,-0.017,,,,,3598000000,0.085,4789000000,0.142,3179000000,,0.101,194.54,177.52,,,,,113176000000,53618000000,0.474,3279.35,53618000000,,,,,45.00,,,,19341568,2991214,16344806,false,false,12,2020-04-01,2021-03-31,0
2021-05-07,39460,2020-03-31,,83053000000,0.064,,,,,3315000000,1.249,4194000000,0.809,2888000000,,0.821,176.73,161.39,,,,,103853000000,50327000000,0.485,3079.12,50327000000,,,,,45.00,,,,19341568,2996664,16345482,false,false,12,2019-04-01,2020-03-31,-1
2021-05-07,39460,2022-03-31,,,,,,,,,,,,,,,,,,,,,,,,,,,,,,52.00,,,,,,,false,true,12,2021-04-01,2022-03-31,1
2021-07-28,39460,2022-03-31,1,47517000000,0.306,,,,,541000000,,594000000,,,225000000,,13.81,12.61,,,,,184058000000,70826000000,0.382,,70319000000,,,,,,,,,,,,true,false,3,2021-04-01,2021-06-30,0
2021-07-28,39460,2021-03-31,1,36381000000,-0.042,,,,,-249000000,,-83000000,,,-116000000,,-7.13,,,,,,,,,,,,,,,,,,,,,,true,false,3,2020-04-01,2020-06-30,-1
2021-07-28,39460,2022-03-31,1,100000000000,0.262,,,,,2800000000,0.931,2900000000,0.817,,1700000000,,103.93,,,,,,,,,,,,,,,,,,,,,,true,true,6,2021-04-01,2021-09-30,0
2021-07-28,39460,2022-03-31,1,210000000000,0.196,,,,,9000000000,0.245,9200000000,0.189,,6000000000,,366.74,,,,,,,,,,,,,,,,,,,,,,true,true,12,2021-04-01,2022-03-31,0
2021-07-28,39460,2021-03-31,1,,,,,,,,,,,,,,,,,,,,179743000000,71214000000,0.393,,70728000000,,,,,,,,,,,,true,false,12,2020-04-01,2021-03-31,-1
2021-07-28,39460,2021-03-31,1,,,,,,,,,,,,,,,,,,,,,,,,,,,,,45.00,,,,19341568,2991214,,false,false,12,2020-04-01,2021-03-31,-1
2021-07-28,39460,2022-03-31,1,,,,,,,,,,,,,,,,,,,,,,,,,,,,,52.00,,,,,,,false,true,12,2021-04-01,2022-03-31,0
2021-07-28,39460,2022-03-31,1,,,,,,,,,,,,,,,,,,,,,,,,,,,,,,,,,19341568,2978334,16352468,false,false,3,2021-04-01,2021-06-30,0
2021-07-28,39460,2021-03-31,1,,,,,,,,,,,,,,,,,,,,,,,,,,,,,,,,,,,16344864,false,false,3,2020-04-01,2020-06-30,-1
2021-10-27,39460,2022-03-31,2,98382000000,0.242,,,,,2641000000,0.821,2767000000,0.734,,1704000000,,104.16,95.08,,,,,187942000000,72777000000,0.384,,72242000000,,,,,,,,,,,,true,false,6,2021-04-01,2021-09-30,0
2021-10-27,39460,2021-03-31,2,79232000000,-0.049,,,,,1450000000,-0.128,1595000000,-0.081,,980000000,,59.97,54.72,,,,,,,,,,,,,,,,,,,,,true,false,6,2020-04-01,2020-09-30,-1
2021-10-27,39460,2022-03-31,2,210000000000,0.196,,,,,9000000000,0.245,9200000000,0.189,,6000000000,,366.15,,,,,,,,,,,,,,,,,,,,,,true,true,12,2021-04-01,2022-03-31,0
2021-10-27,39460,2021-03-31,2,,,,,,,,,,,,,,,,,,,,179743000000,71214000000,0.393,,70728000000,,,,,,,,,,,,true,false,12,2020-04-01,2021-03-31,-1
2021-10-27,39460,2021-03-31,2,,,,,,,,,,,,,,,,,,,,,,,,,,,,,45.00,,,,19341568,2991214,,false,false,12,2020-04-01,2021-03-31,-1
2021-10-27,39460,2022-03-31,2,,,,,,,,,,,,,,,,,,,,,,,,,,,,,25.00,,,,,,,false,false,12,2021-04-01,2022-03-31,0
2021-10-27,39460,2022-03-31,2,,,,,,,,,,,,,,,,,,,,,,,,,,,,,52.00,,,,,,,false,true,12,2021-04-01,2022-03-31,0
2021-10-27,39460,2022-03-31,2,,,,,,,,,,,,,,,,,,,,,,,,,,,,,,,,,19341568,2930035,16361830,false,false,6,2021-04-01,2021-09-30,0
2021-10-27,39460,2021-03-31,2,,,,,,,,,,,,,,,,,,,,,,,,,,,,,,,,,,,16344752,false,false,6,2020-04-01,2020-09-30,-1
2022-01-31,39460,2022-03-31,3,153094000000,0.213,,,,,5567000000,0.398,5843000000,0.402,,3940000000,,240.54,219.81,,,,,192274000000,74068000000,0.382,,73513000000,,,,,,,,,,,,true,false,9,2021-04-01,2021-12-31,0
2022-01-31,39460,2021-03-31,3,126186000000,-0.017,,,,,3982000000,0.096,4167000000,0.091,,2704000000,,165.46,150.98,,,,,,,,,,,,,,,,,,,,,true,false,9,2020-04-01,2020-12-31,-1
2022-01-31,39460,2022-03-31,3,210000000000,0.196,,,,,9000000000,0.245,9200000000,0.189,,6000000000,,366.09,,,,,,,,,,,,,,,,,,,,,,true,true,12,2021-04-01,2022-03-31,0
2022-01-31,39460,2021-03-31,3,,,,,,,,,,,,,,,,,,,,179743000000,71214000000,0.393,,70728000000,,,,,,,,,,,,true,false,12,2020-04-01,2021-03-31,-1
2022-01-31,39460,2021-03-31,3,,,,,,,,,,,,,,,,,,,,,,,,,,,,,45.00,,,,19341568,2991214,,false,false,12,2020-04-01,2021-03-31,-1
2022-01-31,39460,2022-03-31,3,,,,,,,,,,,,,,,,,,,,,,,,,,,,,25.00,,,,,,,false,false,12,2021-04-01,2022-03-31,0
2022-01-31,39460,2022-03-31,3,,,,,,,,,,,,,,,,,,,,,,,,,,,,,52.00,,,,,,,false,true,12,2021-04-01,2022-03-31,0
2022-01-31,39460,2022-03-31,3,,,,,,,,,,,,,,,,,,,,,,,,,,,,,,,,,19341568,2924066,16380094,false,false,9,2021-04-01,2021-12-31,0
2022-01-31,39460,2021-03-31,3,,,,,,,,,,,,,,,,,,,,,,,,,,,,,,,,,,,16344614,false,false,9,2020-04-01,2020-12-31,-1
2022-05-09,39460,2022-03-31,,206007000000,0.173,,,,,8331000000,0.152,8978000000,0.161,,5980000000,,364.87,,0.082,0.049,0.040,,190018000000,76126000000,0.398,4608.21,75661000000,16701000000,-18216000000,4117000000,16568000000,,0.143,,,,,,true,false,12,2021-04-01,2022-03-31,0
2022-05-09,39460,2021-03-31,,175647000000,-0.005,,,,,7230000000,0.046,7734000000,0.088,,4887000000,,299.04,272.87,0.072,0.047,0.041,,179743000000,71214000000,0.393,4325.83,70728000000,11074000000,-13447000000,5831000000,13813000000,,0.150,,,,,,true,false,12,2020-04-01,2021-03-31,-1
2022-05-09,39460,2023-03-31,,107000000000,0.088,,,,,3000000000,0.136,3200000000,0.156,,1900000000,,115.72,,,,,,,,,,,,,,,,,,,,,,true,true,6,2022-04-01,2022-09-30,1
2022-05-09,39460,2023-03-31,,230000000000,0.116,,,,,10000000000,0.200,10500000000,0.169,,6500000000,,395.88,,,,,,,,,,,,,,,,0.152,,,,,,true,true,12,2022-04-01,2023-03-31,1
2022-05-09,39460,2022-03-31,,84541000000,0.035,,,,,3660000000,0.017,4916000000,0.027,3586000000,,0.128,218.82,,,,,,120236000000,55624000000,0.463,3387.84,55624000000,,,,,52.00,,,,19341568,2922651,16389662,false,false,12,2021-04-01,2022-03-31,0
2022-05-09,39460,2021-03-31,,81655000000,-0.017,,,,,3598000000,0.085,4789000000,0.142,3179000000,,0.101,194.54,177.52,,,,,113176000000,53618000000,0.474,3279.35,53618000000,,,,,45.00,,,,19341568,2991214,16344806,false,false,12,2020-04-01,2021-03-31,-1
2022-05-09,39460,2023-03-31,,,,,,,,,,,,,,,,,,,,,,,,,,,,,,60.00,,,,,,,false,true,12,2022-04-01,2023-03-31,1
2022-07-28,39460,2023-03-31,1,49156000000,0.035,,,,,-130000000,,468000000,-0.212,,381000000,,23.26,,,,,,191143000000,76642000000,0.398,,76165000000,,,,,,,,,,,,true,false,3,2022-04-01,2022-06-30,0
2022-07-28,39460,2022-03-31,1,47517000000,0.306,,,,,541000000,,594000000,,,225000000,,13.81,12.61,,,,,,,,,,,,,,,,,,,,,true,false,3,2021-04-01,2021-06-30,-1
2022-07-28,39460,2023-03-31,1,107000000000,0.088,,,,,3000000000,0.136,3200000000,0.156,,1900000000,,115.72,,,,,,,,,,,,,,,,,,,,,,true,true,6,2022-04-01,2022-09-30,0
2022-07-28,39460,2023-03-31,1,230000000000,0.116,,,,,10000000000,0.200,10500000000,0.169,,6500000000,,395.88,,,,,,,,,,,,,,,,,,,,,,true,true,12,2022-04-01,2023-03-31,0
2022-07-28,39460,2022-03-31,1,,,,,,,,,,,,,,,,,,,,190018000000,76126000000,0.398,,75661000000,,,,,,,,,,,,true,false,12,2021-04-01,2022-03-31,-1
2022-07-28,39460,2022-03-31,1,,,,,,,,,,,,,,,,,,,,,,,,,,,,,52.00,,,,19341568,2922651,,false,false,12,2021-04-01,2022-03-31,-1
2022-07-28,39460,2023-03-31,1,,,,,,,,,,,,,,,,,,,,,,,,,,,,,60.00,,,,,,,false,true,12,2022-04-01,2023-03-31,0
2022-07-28,39460,2023-03-31,1,,,,,,,,,,,,,,,,,,,,,,,,,,,,,,,,,19341568,2922677,16418913,false,false,3,2022-04-01,2022-06-30,0
2022-07-28,39460,2022-03-31,1,,,,,,,,,,,,,,,,,,,,,,,,,,,,,,,,,,,16352468,false,false,3,2021-04-01,2021-06-30,-1
2022-10-31,39460,2023-03-31,2,105553000000,0.073,,,,,2842000000,0.076,3644000000,0.317,,2369000000,,144.30,,,,,,192671000000,78984000000,0.407,,78486000000,,,,,,,,,,,,true,false,6,2022-04-01,2022-09-30,0
2022-10-31,39460,2022-03-31,2,98382000000,0.242,,,,,2641000000,0.821,2767000000,0.734,,1704000000,,104.16,95.08,,,,,,,,,,,,,,,,,,,,,true,false,6,2021-04-01,2021-09-30,-1
2022-10-31,39460,2023-03-31,2,230000000000,0.116,,,,,10000000000,0.200,10500000000,0.169,,6500000000,,395.88,,,,,,,,,,,,,,,,,,,,,,true,true,12,2022-04-01,2023-03-31,0
2022-10-31,39460,2022-03-31,2,,,,,,,,,,,,,,,,,,,,190018000000,76126000000,0.398,,75661000000,,,,,,,,,,,,true,false,12,2021-04-01,2022-03-31,-1
2022-10-31,39460,2022-03-31,2,,,,,,,,,,,,,,,,,,,,,,,,,,,,,52.00,,,,19341568,2922651,,false,false,12,2021-04-01,2022-03-31,-1
2022-10-31,39460,2023-03-31,2,,,,,,,,,,,,,,,,,,,,,,,,,,,,,28.00,,,,,,,false,false,12,2022-04-01,2023-03-31,0
2022-10-31,39460,2023-03-31,2,,,,,,,,,,,,,,,,,,,,,,,,,,,,,60.00,,,,,,,false,true,12,2022-04-01,2023-03-31,0
2022-10-31,39460,2023-03-31,2,,,,,,,,,,,,,,,,,,,,,,,,,,,,,,,,,19341568,2912583,16423195,false,false,6,2022-04-01,2022-09-30,0
2022-10-31,39460,2022-03-31,2,,,,,,,,,,,,,,,,,,,,,,,,,,,,,,,,,,,16361830,false,false,6,2021-04-01,2021-09-30,-1
2023-01-31,39460,2023-03-31,3,159489000000,0.042,,,,,5357000000,-0.038,5896000000,0.009,,3838000000,,233.72,,,,,,199637000000,79235000000,0.394,,78732000000,,,,,,,,,,,,true,false,9,2022-04-01,2022-12-31,0
2023-01-31,39460,2022-03-31,3,153094000000,0.213,,,,,5567000000,0.398,5843000000,0.402,,3940000000,,240.54,219.81,,,,,,,,,,,,,,,,,,,,,true,false,9,2021-04-01,2021-12-31,-1
2023-01-31,39460,2023-03-31,3,218000000000,0.058,,,,,6500000000,-0.220,6800000000,-0.243,,4100000000,,249.60,,,,,,,,,,,,,,,,,,,,,,true,true,12,2022-04-01,2023-03-31,0
2023-01-31,39460,2022-03-31,3,,,,,,,,,,,,,,,,,,,,190018000000,76126000000,0.398,,75661000000,,,,,,,,,,,,true,false,12,2021-04-01,2022-03-31,-1
2023-01-31,39460,2022-03-31,3,,,,,,,,,,,,,,,,,,,,,,,,,,,,,52.00,,,,19341568,2922651,,false,false,12,2021-04-01,2022-03-31,-1
2023-01-31,39460,2023-03-31,3,,,,,,,,,,,,,,,,,,,,,,,,,,,,,28.00,,,,,,,false,false,12,2022-04-01,2023-03-31,0
2023-01-31,39460,2023-03-31,3,,,,,,,,,,,,,,,,,,,,,,,,,,,,,60.00,,,,,,,false,true,12,2022-04-01,2023-03-31,0
2023-01-31,39460,2023-03-31,3,,,,,,,,,,,,,,,,,,,,,,,,,,,,,,,,,19341568,2912800,16425110,false,false,9,2022-04-01,2022-12-31,0
2023-01-31,39460,2022-03-31,3,,,,,,,,,,,,,,,,,,,,,,,,,,,,,,,,,,,16380094,false,false,9,2021-04-01,2021-12-31,-1
2023-05-09,39460,2023-03-31,,212817000000,0.033,,,,,7452000000,-0.106,7983000000,-0.111,,5251000000,,319.71,,0.067,0.041,0.035,,195378000000,80707000000,0.410,4881.56,80197000000,7013000000,-9389000000,535000000,14882000000,,0.188,,,,,,true,false,12,2022-04-01,2023-03-31,0
2023-05-09,39460,2022-03-31,,206007000000,0.173,,,,,8331000000,0.152,8978000000,0.161,,5980000000,,364.87,,0.082,0.049,0.040,,190018000000,76126000000,0.398,4608.21,75661000000,16701000000,-18216000000,4117000000,16568000000,,0.143,,,,,,true,false,12,2021-04-01,2022-03-31,-1
2023-05-09,39460,2024-03-31,,111000000000,0.052,,,,,3800000000,0.337,3800000000,0.043,,2400000000,,146.09,,,,,,,,,,,,,,,,,,,,,,true,true,6,2023-04-01,2023-09-30,1
2023-05-09,39460,2024-03-31,,235000000000,0.104,,,,,11500000000,0.543,11600000000,0.453,,7700000000,,468.70,,,,,,,,,,,,,,,,0.149,,,,,,true,true,12,2023-04-01,2024-03-31,1
2023-05-09,39460,2023-03-31,,91805000000,0.086,,,,,2529000000,-0.309,3967000000,-0.193,2975000000,,-0.170,181.16,,,,,,130573000000,57673000000,0.442,3510.54,57673000000,,,,,60.00,,,,19341568,2912974,16425998,false,false,12,2022-04-01,2023-03-31,0
2023-05-09,39460,2022-03-31,,84541000000,0.035,,,,,3660000000,0.017,4916000000,0.027,3586000000,,0.128,218.82,,,,,,120236000000,55624000000,0.463,3387.84,55624000000,,,,,52.00,,,,19341568,2922651,16389662,false,false,12,2021-04-01,2022-03-31,-1
2023-05-09,39460,2024-03-31,,,,,,,,,,,,,,,,,,,,,,,,,,,,,,70.00,,,,,,,false,true,12,2023-04-01,2024-03-31,1
2023-07-31,39460,2024-03-31,1,48592000000,-0.011,,,,,614000000,,1076000000,1.299,,591000000,,36.03,,,,,,198735000000,81846000000,0.409,,81327000000,,,,,,,,,,,,true,false,3,2023-04-01,2023-06-30,0
2023-07-31,39460,2023-03-31,1,49156000000,0.035,,,,,-130000000,,468000000,-0.212,,381000000,,23.26,,,,,,,,,,,,,,,,,,,,,,true,false,3,2022-04-01,2022-06-30,-1
2023-07-31,39460,2024-03-31,1,111000000000,0.052,,,,,3800000000,0.337,3800000000,0.043,,2400000000,,146.09,,,,,,,,,,,,,,,,,,,,,,true,true,6,2023-04-01,2023-09-30,0
2023-07-31,39460,2024-03-31,1,235000000000,0.104,,,,,11500000000,0.543,11600000000,0.453,,7700000000,,468.70,,,,,,,,,,,,,,,,,,,,,,true,true,12,2023-04-01,2024-03-31,0
2023-07-31,39460,2023-03-31,1,,,,,,,,,,,,,,,,,,,,195378000000,80707000000,0.410,,80197000000,,,,,,,,,,,,true,false,12,2022-04-01,2023-03-31,-1
2023-07-31,39460,2023-03-31,1,,,,,,,,,,,,,,,,,,,,,,,,,,,,,60.00,,,,19341568,2912974,,false,false,12,2022-04-01,2023-03-31,-1
2023-07-31,39460,2024-03-31,1,,,,,,,,,,,,,,,,,,,,,,,,,,,,,70.00,,,,,,,false,true,12,2023-04-01,2024-03-31,0
2023-07-31,39460,2024-03-31,1,,,,,,,,,,,,,,,,,,,,,,,,,,,,,,,,,19341568,2913349,16428427,false,false,3,2023-04-01,2023-06-30,0
2023-07-31,39460,2023-03-31,1,,,,,,,,,,,,,,,,,,,,,,,,,,,,,,,,,,,16418913,false,false,3,2022-04-01,2022-06-30,-1
2023-10-31,39460,2024-03-31,2,102367000000,-0.030,,,,,3103000000,0.092,3559000000,-0.023,,2217000000,,134.94,,,,,,207155000000,84010000000,0.403,,83466000000,,,,,,,,,,,,true,false,6,2023-04-01,2023-09-30,0
2023-10-31,39460,2023-03-31,2,105553000000,0.073,,,,,2842000000,0.076,3644000000,0.317,,2369000000,,144.30,,,,,,,,,,,,,,,,,,,,,,true,false,6,2022-04-01,2022-09-30,-1
2023-10-31,39460,2024-03-31,2,235000000000,0.104,,,,,11500000000,0.543,11600000000,0.453,,7700000000,,468.48,,,,,,,,,,,,,,,,,,,,,,true,true,12,2023-04-01,2024-03-31,0
2023-10-31,39460,2023-03-31,2,,,,,,,,,,,,,,,,,,,,195378000000,80707000000,0.410,,80197000000,,,,,,,,,,,,true,false,12,2022-04-01,2023-03-31,-1
2023-10-31,39460,2023-03-31,2,,,,,,,,,,,,,,,,,,,,,,,,,,,,,60.00,,,,19341568,2912974,,false,false,12,2022-04-01,2023-03-31,-1
2023-10-31,39460,2024-03-31,2,,,,,,,,,,,,,,,,,,,,,,,,,,,,,35.00,,,,,,,false,false,12,2023-04-01,2024-03-31,0
2023-10-31,39460,2024-03-31,2,,,,,,,,,,,,,,,,,,,,,,,,,,,,,70.00,,,,,,,false,true,12,2023-04-01,2024-03-31,0
2023-10-31,39460,2024-03-31,2,,,,,,,,,,,,,,,,,,,,,,,,,,,,,,,,,19341568,2902406,16432935,false,false,6,2023-04-01,2023-09-30,0
2023-10-31,39460,2023-03-31,2,,,,,,,,,,,,,,,,,,,,,,,,,,,,,,,,,,,16423195,false,false,6,2022-04-01,2022-09-30,-1
2024-01-31,39460,2024-03-31,3,156477000000,-0.019,,,,,5683000000,0.061,5940000000,0.007,,3704000000,,225.42,,,,,,207082000000,84543000000,0.406,,83979000000,,,,,,,,,,,,true,false,9,2023-04-01,2023-12-31,0
2024-01-31,39460,2023-03-31,3,159489000000,0.042,,,,,5357000000,-0.038,5896000000,0.009,,3838000000,,233.72,,,,,,,,,,,,,,,,,,,,,,true,false,9,2022-04-01,2022-12-31,-1
2024-01-31,39460,2024-03-31,3,213000000000,0.001,,,,,8200000000,0.100,8300000000,0.040,,5300000000,,322.46,,,,,,,,,,,,,,,,,,,,,,true,true,12,2023-04-01,2024-03-31,0
2024-01-31,39460,2023-03-31,3,,,,,,,,,,,,,,,,,,,,195378000000,80707000000,0.410,,80197000000,,,,,,,,,,,,true,false,12,2022-04-01,2023-03-31,-1
2024-01-31,39460,2023-03-31,3,,,,,,,,,,,,,,,,,,,,,,,,,,,,,60.00,,,,19341568,2912974,,false,false,12,2022-04-01,2023-03-31,-1
2024-01-31,39460,2024-03-31,3,,,,,,,,,,,,,,,,,,,,,,,,,,,,,35.00,,,,,,,false,false,12,2023-04-01,2024-03-31,0
2024-01-31,39460,2024-03-31,3,,,,,,,,,,,,,,,,,,,,,,,,,,,,,70.00,,,,,,,false,true,12,2023-04-01,2024-03-31,0
2024-01-31,39460,2024-03-31,3,,,,,,,,,,,,,,,,,,,,,,,,,,,,,,,,,19341568,2902740,16434954,false,false,9,2023-04-01,2023-12-31,0
2024-01-31,39460,2023-03-31,3,,,,,,,,,,,,,,,,,,,,,,,,,,,,,,,,,,,16425110,false,false,9,2022-04-01,2022-12-31,-1
2024-05-08,39460,2024-03-31,,211526000000,-0.006,,,,,8057000000,0.081,8614000000,0.079,,5308000000,,322.99,,0.063,0.042,0.038,,213366000000,89203000000,0.415,5391.21,88623000000,11116000000,-9286000000,1049000000,17992000000,,0.217,,,,,,true,false,12,2023-04-01,2024-03-31,0
2024-05-08,39460,2023-03-31,,212817000000,0.033,,,,,7452000000,-0.106,7983000000,-0.111,,5251000000,,319.71,,0.067,0.041,0.035,,195378000000,80707000000,0.410,4881.56,80197000000,7013000000,-9389000000,535000000,14882000000,,0.188,,,,,,true,false,12,2022-04-01,2023-03-31,-1
2024-05-08,39460,2025-03-31,,108500000000,0.060,,,,,3200000000,0.031,3300000000,-0.073,,2000000000,,121.67,,,,,,,,,,,,,,,,,,,,,,true,true,6,2024-04-01,2024-09-30,1
2024-05-08,39460,2025-03-31,,226000000000,0.068,,,,,10300000000,0.278,10400000000,0.207,,7000000000,,425.83,,,,,,,,,,,,,,,,0.211,,,,,,true,true,12,2024-04-01,2025-03-31,1
2024-05-08,39460,2024-03-31,,98662000000,0.075,,,,,4797000000,0.897,6278000000,0.582,4881000000,,0.640,297.01,,,,,,149858000000,62887000000,0.420,3825.60,62887000000,,,,,70.00,,,,19341568,2903009,16435891,false,false,12,2023-04-01,2024-03-31,0
2024-05-08,39460,2023-03-31,,91805000000,0.086,,,,,2529000000,-0.309,3967000000,-0.193,2975000000,,-0.170,181.16,,,,,,130573000000,57673000000,0.442,3510.54,57673000000,,,,,60.00,,,,19341568,2912974,16425998,false,false,12,2022-04-01,2023-03-31,-1
2024-05-08,39460,2025-03-31,,,,,,,,,,,,,,,,,,,,,,,,,,,,,,90.00,,,,,,,false,true,12,2024-04-01,2025-03-31,1
2024-07-31,39460,2025-03-31,1,49372000000,0.016,,,,,818000000,0.331,1093000000,0.016,,670000000,,40.81,,,,,,211713000000,89645000000,0.421,,89049000000,,,,,,,,,,,,true,false,3,2024-04-01,2024-06-30,0
2024-07-31,39460,2024-03-31,1,48592000000,-0.011,,,,,614000000,,1076000000,1.299,,591000000,,36.03,,,,,,,,,,,,,,,,,,,,,,true,false,3,2023-04-01,2023-06-30,-1
2024-07-31,39460,2025-03-31,1,108500000000,0.060,,,,,3200000000,0.031,3300000000,-0.073,,2000000000,,121.67,,,,,,,,,,,,,,,,,,,,,,true,true,6,2024-04-01,2024-09-30,0
2024-07-31,39460,2025-03-31,1,226000000000,0.068,,,,,10300000000,0.278,10400000000,0.207,,7000000000,,425.83,,,,,,,,,,,,,,,,,,,,,,true,true,12,2024-04-01,2025-03-31,0
2024-07-31,39460,2024-03-31,1,,,,,,,,,,,,,,,,,,,,213366000000,89203000000,0.415,,88623000000,,,,,,,,,,,,true,false,12,2023-04-01,2024-03-31,-1
2024-07-31,39460,2024-03-31,1,,,,,,,,,,,,,,,,,,,,,,,,,,,,,70.00,,,,19341568,2903009,,false,false,12,2023-04-01,2024-03-31,-1
2024-07-31,39460,2025-03-31,1,,,,,,,,,,,,,,,,,,,,,,,,,,,,,90.00,,,,,,,false,true,12,2024-04-01,2025-03-31,0
2024-07-31,39460,2025-03-31,1,,,,,,,,,,,,,,,,,,,,,,,,,,,,,,,,,19341568,2903254,16438417,false,false,3,2024-04-01,2024-06-30,0
2024-07-31,39460,2024-03-31,1,,,,,,,,,,,,,,,,,,,,,,,,,,,,,,,,,,,16428427,false,false,3,2023-04-01,2023-06-30,-1
2024-10-31,39460,2025-03-31,2,105061000000,0.026,,,,,3147000000,0.014,3060000000,-0.140,,1915000000,,116.47,,,,,,207362000000,89665000000,0.429,,89041000000,,,,,,,,,,,,true,false,6,2024-04-01,2024-09-30,0
2024-10-31,39460,2024-03-31,2,102367000000,-0.030,,,,,3103000000,0.092,3559000000,-0.023,,2217000000,,134.94,,,,,,,,,,,,,,,,,,,,,,true,false,6,2023-04-01,2023-09-30,-1
2024-10-31,39460,2025-03-31,2,226000000000,0.068,,,,,10300000000,0.278,10400000000,0.207,,7000000000,,425.31,,,,,,,,,,,,,,,,,,,,,,true,true,12,2024-04-01,2025-03-31,0
2024-10-31,39460,2024-03-31,2,,,,,,,,,,,,,,,,,,,,213366000000,89203000000,0.415,,88623000000,,,,,,,,,,,,true,false,12,2023-04-01,2024-03-31,-1
2024-10-31,39460,2024-03-31,2,,,,,,,,,,,,,,,,,,,,,,,,,,,,,70.00,,,,19341568,2903009,,false,false,12,2023-04-01,2024-03-31,-1
2024-10-31,39460,2025-03-31,2,,,,,,,,,,,,,,,,,,,,,,,,,,,,,45.00,,,,,,,false,false,12,2024-04-01,2025-03-31,0
2024-10-31,39460,2025-03-31,2,,,,,,,,,,,,,,,,,,,,,,,,,,,,,90.00,,,,,,,false,true,12,2024-04-01,2025-03-31,0
2024-10-31,39460,2025-03-31,2,,,,,,,,,,,,,,,,,,,,,,,,,,,,,,,,,19341568,2874618,16450365,false,false,6,2024-04-01,2024-09-30,0
2024-10-31,39460,2024-03-31,2,,,,,,,,,,,,,,,,,,,,,,,,,,,,,,,,,,,16432935,false,false,6,2023-04-01,2023-09-30,-1
2025-01-31,39460,2025-03-31,3,164122000000,0.049,,,,,6342000000,0.116,6537000000,0.100,,4305000000,,261.64,,,,,,210455000000,92116000000,0.435,,91475000000,,,,,,,,,,,,true,false,9,2024-04-01,2024-12-31,0
2025-01-31,39460,2024-03-31,3,156477000000,-0.019,,,,,5683000000,0.061,5940000000,0.007,,3704000000,,225.42,,,,,,,,,,,,,,,,,,,,,,true,false,9,2023-04-01,2023-12-31,-1
2025-01-31,39460,2025-03-31,3,226000000000,0.068,,,,,10300000000,0.278,10400000000,0.207,,7000000000,,425.31,,,,,,,,,,,,,,,,,,,,,,true,true,12,2024-04-01,2025-03-31,0
2025-01-31,39460,2024-03-31,3,,,,,,,,,,,,,,,,,,,,213366000000,89203000000,0.415,,88623000000,,,,,,,,,,,,true,false,12,2023-04-01,2024-03-31,-1
2025-01-31,39460,2024-03-31,3,,,,,,,,,,,,,,,,,,,,,,,,,,,,,70.00,,,,19341568,2903009,,false,false,12,2023-04-01,2024-03-31,-1
2025-01-31,39460,2025-03-31,3,,,,,,,,,,,,,,,,,,,,,,,,,,,,,45.00,,,,,,,false,false,12,2024-04-01,2025-03-31,0
2025-01-31,39460,2025-03-31,3,,,,,,,,,,,,,,,,,,,,,,,,,,,,,90.00,,,,,,,false,true,12,2024-04-01,2025-03-31,0
2025-01-31,39460,2025-03-31,3,,,,,,,,,,,,,,,,,,,,,,,,,,,,,,,,,19341568,2874976,16455836,false,false,9,2024-04-01,2024-12-31,0
2025-01-31,39460,2024-03-31,3,,,,,,,,,,,,,,,,,,,,,,,,,,,,,,,,,,,16434954,false,false,9,2023-04-01,2023-12-31,-1
,39460,2025-03-31,,,,,,,,,,,,,,,,,,,,,,,,,,,,,,100.00,,,,,,,false,true,12,2024-04-01,2025-03-31,0
,39460,2025-03-31,,,,,,,,,,,,,,,,,,,,,,,,,,,,,,45.00,,,,,,,false,false,12,2024-04-01,2025-03-31,0
,39460,2024-03-31,,,,,,,,,,,,,,,,,,,,,,,,,,,,,,70.00,,,,,,,false,false,12,2023-04-01,2024-03-31,-1
2025-05-08,39460,2025-03-31,,219613000000,0.038,,,,,9360000000,0.162,9400000000,0.091,,6508000000,,395.46,,0.072,0.045,0.043,,206825000000,93371000000,0.448,5631.73,92734000000,18142000000,-8262000000,-7054000000,20869000000,,0.253,,,,,,true,false,12,2024-04-01,2025-03-31,0
2025-05-08,39460,2024-03-31,,211526000000,-0.006,,,,,8057000000,0.081,8614000000,0.079,,5308000000,,322.99,,0.063,0.042,0.038,,213366000000,89203000000,0.415,5391.21,88623000000,11116000000,-9286000000,1049000000,17992000000,,0.217,,,,,,true,false,12,2023-04-01,2024-03-31,-1
2025-05-08,39460,2026-03-31,,109500000000,0.042,,,,,3600000000,0.144,3500000000,0.144,,2100000000,,127.53,,,,,,,,,,,,,,,,,,,,,,true,true,6,2025-04-01,2025-09-30,1
2025-05-08,39460,2026-03-31,,230000000000,0.047,,,,,11000000000,0.175,10800000000,0.149,,7000000000,,425.11,,,,,,,,,,,,,,,,0.306,,,,,,true,true,12,2025-04-01,2026-03-31,1
2025-05-08,39460,2025-03-31,,99233000000,0.006,,,,,5494000000,0.145,6794000000,0.082,4894000000,,0.003,297.39,,,,,,146159000000,65808000000,0.450,3996.54,65808000000,,,,,100.00,,,,19341568,2875150,16458501,false,false,12,2024-04-01,2025-03-31,0
2025-05-08,39460,2024-03-31,,98662000000,0.075,,,,,4797000000,0.897,6278000000,0.582,4881000000,,0.640,297.01,,,,,,149858000000,62887000000,0.420,3825.60,62887000000,,,,,70.00,,,,19341568,2903009,16435891,false,false,12,2023-04-01,2024-03-31,-1
2025-05-08,39460,2026-03-31,,,,,,,,,,,,,,,,,,,,,,,,,,,,,,130.00,,,,,,,false,true,12,2025-04-01,2026-03-31,1
2025-07-31,39460,2026-03-31,1,50922000000,0.031,,,,,1415000000,0.730,1339000000,0.224,,759000000,,46.15,,,,,,208977000000,93187000000,0.442,,92452000000,,,,,,,,,,,,true,false,3,2025-04-01,2025-06-30,0
2025-07-31,39460,2025-03-31,1,49372000000,0.016,,,,,818000000,0.331,1093000000,0.016,,670000000,,40.81,,,,,,,,,,,,,,,,,,,,,,true,false,3,2024-04-01,2024-06-30,-1
2025-07-31,39460,2026-03-31,1,109500000000,0.042,,,,,3600000000,0.144,3500000000,0.144,,2100000000,,127.53,,,,,,,,,,,,,,,,,,,,,,true,true,6,2025-04-01,2025-09-30,0
2025-07-31,39460,2026-03-31,1,230000000000,0.047,,,,,11000000000,0.175,10800000000,0.149,,7000000000,,425.12,,,,,,,,,,,,,,,,,,,,,,true,true,12,2025-04-01,2026-03-31,0
2025-07-31,39460,2025-03-31,1,,,,,,,,,,,,,,,,,,,,206825000000,93371000000,0.448,,92734000000,,,,,,,,,,,,true,false,12,2024-04-01,2025-03-31,-1
2025-07-31,39460,2025-03-31,1,,,,,,,,,,,,,,,,,,,,,,,,,,,,,100.00,,,,19341568,2875150,,false,false,12,2024-04-01,2025-03-31,-1
2025-07-31,39460,2026-03-31,1,,,,,,,,,,,,,,,,,,,,,,,,,,,,,130.00,,,,,,,false,true,12,2025-04-01,2026-03-31,0
2025-07-31,39460,2026-03-31,1,,,,,,,,,,,,,,,,,,,,,,,,,,,,,,,,,19341568,2875511,16466252,false,false,3,2025-04-01,2025-06-30,0
2025-07-31,39460,2025-03-31,1,,,,,,,,,,,,,,,,,,,,,,,,,,,,,,,,,,,16438417,false,false,3,2024-04-01,2024-06-30,-1
