filing_date,code,fiscal_year_end,quarterly_period,net_sales,net_sales_change,revenue,revenue_change,operating_revenue,operating_revenue_change,operating_profit,operating_profit_change,ordinary_profit,ordinary_profit_change,net_income,net_income_of_parent,net_income_change,eps,diluted_eps,roe,roa,operating_profit_to_net_sales,operating_profit_to_revenue,total_assets,net_assets,equity_ratio,bps,owner_equity,operating_cash_flow,investing_cash_flow,financing_cash_flow,cash,dividend_per_share,payout_ratio,commemorative_dividend,extra_dividend,number_of_shares,number_of_treqsury_shares,avg_number_of_shares,is_consolidated,is_forecast,duration,period_start,period_end,period_pos
2015-05-12,40050,2015-03-31,,2376697000000,0.059,,,,,127346000000,0.263,157414000000,0.417,52192000000,,0.411,31.93,31.84,0.073,0.056,0.054,,2880396000000,1118216000000,0.275,484.17,791319000000,260854000000,-56628000000,-151465000000,201997000000,,0.282,,,,,,true,false,12,2014-04-01,2015-03-31,0
2015-05-12,40050,2014-03-31,,2243794000000,0.149,,,,,100842000000,1.240,111109000000,1.211,36977000000,,,22.62,22.56,0.065,0.042,0.045,,2788507000000,934506000000,0.231,393.58,643297000000,194362000000,-135177000000,-59084000000,132321000000,,0.398,,,,,,true,false,12,2013-04-01,2014-03-31,-1
2015-05-12,40050,2016-03-31,,1100000000000,-0.025,,,,,62000000000,0.714,70000000000,0.325,,38000000000,,23.25,,,,,,,,,,,,,,,,,,,,,,true,true,6,2015-04-01,2015-09-30,1
2015-05-12,40050,2016-03-31,,2250000000000,-0.053,,,,,145000000000,0.139,160000000000,0.016,,80000000000,,48.95,,,,,,,,,,,,,,,,0.286,,,,,,true,true,12,2015-04-01,2016-03-31,1
2015-05-12,40050,2015-03-31,,900723000000,0.061,,,,,40109000000,14.504,96762000000,2.081,36444000000,,1.032,22.28,,,,,,1474245000000,287876000000,0.195,176.03,287876000000,,,,,9.00,,,,1655446177,21075315,1634434741,false,false,12,2014-04-01,2015-03-31,0
2015-05-12,40050,2014-03-31,,849305000000,0.150,,,,,2587000000,,31401000000,2.639,17939000000,,,10.97,,,,,,1517741000000,249118000000,0.164,152.32,249118000000,,,,,9.00,,,,1655446177,20955700,1634551486,false,false,12,2013-04-01,2014-03-31,-1
2015-05-12,40050,2016-03-31,,,,,,,,,,,,,,,,,,,,,,,,,,,,,,14.00,,,,,,,false,true,12,2015-04-01,2016-03-31,1
2015-07-31,40050,2016-03-31,1,556587000000,-0.001,,,,,33190000000,0.740,49751000000,0.904,,33958000000,,20.78,20.72,,,,,2957488000000,1166887000000,0.281,,831954000000,,,,,,,,,,,,true,false,3,2015-04-01,2015-06-30,0
2015-07-31,40050,2015-03-31,1,556881000000,0.080,,,,,19070000000,-0.224,26135000000,0.029,,14054000000,,8.60,8.50,,,,,,,,,,,,,,,,,,,,,true,false,3,2014-04-01,2014-06-30,-1
2015-07-31,40050,2016-03-31,1,1100000000000,-0.025,,,,,62000000000,0.714,70000000000,0.325,,38000000000,,23.25,,,,,,,,,,,,,,,,,,,,,,true,true,6,2015-04-01,2015-09-30,0
2015-07-31,40050,2016-03-31,1,2250000000000,-0.053,,,,,145000000000,0.139,160000000000,0.016,,80000000000,,48.95,,,,,,,,,,,,,,,,,,,,,,true,true,12,2015-04-01,2016-03-31,0
2015-07-31,40050,2015-03-31,1,,,,,,,,,,,,,,,,,,,,2880396000000,1118216000000,0.275,,791319000000,,,,,,,,,,,,true,false,12,2014-04-01,2015-03-31,-1
2015-07-31,40050,2015-03-31,1,,,,,,,,,,,,,,,,,,,,,,,,,,,,,9.00,,,,1655446177,21075315,,false,false,12,2014-04-01,2015-03-31,-1
2015-07-31,40050,2016-03-31,1,,,,,,,,,,,,,,,,,,,,,,,,,,,,,14.00,,,,,,,false,true,12,2015-04-01,2016-03-31,0
2015-07-31,40050,2016-03-31,1,,,,,,,,,,,,,,,,,,,,,,,,,,,,,,,,,1655446177,21116398,1634346214,false,false,3,2015-04-01,2015-06-30,0
2015-07-31,40050,2015-03-31,1,,,,,,,,,,,,,,,,,,,,,,,,,,,,,,,,,,,1634479819,false,false,3,2014-04-01,2014-06-30,-1
2015-10-21,40050,2016-03-31,,1075000000000,-0.023,,,,,74000000000,0.194,100000000000,0.429,60000000000,,0.579,36.71,,,,,,,,,,,,,,,,,,,,,,true,true,6,2015-04-01,2015-09-30,0
2015-10-21,40050,2015-03-31,,1128417000000,,,,,,36177000000,,52835000000,,22588000000,,,13.82,,,,,,,,,,,,,,,,,,,,,,true,false,6,2014-04-01,2014-09-30,-1
2015-10-30,40050,2016-03-31,2,1075863000000,-0.047,,,,,74244000000,1.052,100395000000,0.900,,60896000000,,37.26,37.20,,,,,2848727000000,1152811000000,0.287,,817181000000,,,,,,,,,,,,true,false,6,2015-04-01,2015-09-30,0
2015-10-30,40050,2015-03-31,2,1128417000000,0.074,,,,,36177000000,-0.219,52835000000,0.194,,22588000000,,13.82,13.72,,,,,,,,,,,,,,,,,,,,,true,false,6,2014-04-01,2014-09-30,-1
2015-10-30,40050,2016-03-31,2,2250000000000,-0.053,,,,,155000000000,0.217,170000000000,0.080,,80000000000,,48.95,,,,,,,,,,,,,,,,,,,,,,true,true,12,2015-04-01,2016-03-31,0
2015-10-30,40050,2015-03-31,2,,,,,,,,,,,,,,,,,,,,2880396000000,1118216000000,0.275,,791319000000,,,,,,,,,,,,true,false,12,2014-04-01,2015-03-31,-1
2015-10-30,40050,2015-03-31,2,,,,,,,,,,,,,,,,,,,,,,,,,,,,,9.00,,,,1655446177,21075315,,false,false,12,2014-04-01,2015-03-31,-1
2015-10-30,40050,2016-03-31,2,,,,,,,,,,,,,,,,,,,,,,,,,,,,,8.00,,,,,,,false,false,12,2015-04-01,2016-03-31,0
2015-10-30,40050,2016-03-31,2,,,,,,,,,,,,,,,,,,,,,,,,,,,,,14.00,,,,,,,false,true,12,2015-04-01,2016-03-31,0
2015-10-30,40050,2016-03-31,2,,,,,,,,,,,,,,,,,,,,,,,,,,,,,,,,,1655446177,21145413,1634326563,false,false,6,2015-04-01,2015-09-30,0
2015-10-30,40050,2015-03-31,2,,,,,,,,,,,,,,,,,,,,,,,,,,,,,,,,,,,1634465389,false,false,6,2014-04-01,2014-09-30,-1
2016-02-03,40050,2016-03-31,3,1577760000000,-0.084,,,,,119537000000,0.675,143664000000,0.456,,84565000000,,51.74,51.68,,,,,2894548000000,1173804000000,0.288,,834402000000,,,,,,,,,,,,true,false,9,2015-04-01,2015-12-31,0
2016-02-03,40050,2015-03-31,3,1722957000000,0.073,,,,,71360000000,0.003,98687000000,0.359,,47218000000,,28.89,28.79,,,,,,,,,,,,,,,,,,,,,true,false,9,2014-04-01,2014-12-31,-1
2016-02-03,40050,2016-03-31,3,2250000000000,-0.053,,,,,155000000000,0.217,170000000000,0.080,,80000000000,,48.95,,,,,,,,,,,,,,,,,,,,,,true,true,12,2015-04-01,2016-03-31,0
2016-02-03,40050,2015-03-31,3,,,,,,,,,,,,,,,,,,,,2880396000000,1118216000000,0.275,,791319000000,,,,,,,,,,,,true,false,12,2014-04-01,2015-03-31,-1
2016-02-03,40050,2015-03-31,3,,,,,,,,,,,,,,,,,,,,,,,,,,,,,9.00,,,,1655446177,21075315,,false,false,12,2014-04-01,2015-03-31,-1
2016-02-03,40050,2016-03-31,3,,,,,,,,,,,,,,,,,,,,,,,,,,,,,8.00,,,,,,,false,false,12,2015-04-01,2016-03-31,0
2016-02-03,40050,2016-03-31,3,,,,,,,,,,,,,,,,,,,,,,,,,,,,,14.00,,,,,,,false,true,12,2015-04-01,2016-03-31,0
2016-02-03,40050,2016-03-31,3,,,,,,,,,,,,,,,,,,,,,,,,,,,,,,,,,1655446177,21186062,1634311114,false,false,9,2015-04-01,2015-12-31,0
2016-02-03,40050,2015-03-31,3,,,,,,,,,,,,,,,,,,,,,,,,,,,,,,,,,,,1634450835,false,false,9,2014-04-01,2014-12-31,-1
2016-05-11,40050,2016-03-31,,2101764000000,-0.116,,,,,164446000000,0.291,171217000000,0.088,,81451000000,,49.84,49.78,0.105,0.062,0.078,,2662150000000,1090776000000,0.288,469.25,766874000000,261172000000,-53678000000,-177956000000,215592000000,,0.281,,,,,,true,false,12,2015-04-01,2016-03-31,0
2016-05-11,40050,2015-03-31,,2376697000000,0.059,,,,,127346000000,0.263,157414000000,0.417,,52192000000,,31.93,31.84,0.073,0.056,0.054,,2880396000000,1118216000000,0.275,484.17,791319000000,260854000000,-56628000000,-151465000000,201997000000,,0.282,,,,,,true,false,12,2014-04-01,2015-03-31,-1
2016-05-11,40050,2017-03-31,,960000000000,-0.108,,,,,50000000000,-0.327,55000000000,-0.452,,25000000000,,15.30,,,,,,,,,,,,,,,,,,,,,,true,true,6,2016-04-01,2016-09-30,1
2016-05-11,40050,2017-03-31,,2030000000000,-0.034,,,,,140000000000,-0.149,150000000000,-0.124,,80000000000,,48.95,,,,,,,,,,,,,,,,0.286,,,,,,true,true,12,2016-04-01,2017-03-31,1
2016-05-11,40050,2016-03-31,,735261000000,-0.184,,,,,43150000000,0.076,88524000000,-0.085,37479000000,,0.028,22.92,,,,,,1357400000000,287558000000,0.212,175.85,287558000000,,,,,14.00,,,,1655446177,21206065,1634294942,false,false,12,2015-04-01,2016-03-31,0
2016-05-11,40050,2015-03-31,,900723000000,0.061,,,,,40109000000,14.504,96762000000,2.081,36444000000,,1.032,22.28,,,,,,1474245000000,287876000000,0.195,176.03,287876000000,,,,,9.00,,,,1655446177,21075315,1634434741,false,false,12,2014-04-01,2015-03-31,-1
2016-05-11,40050,2017-03-31,,,,,,,,,,,,,,,,,,,,,,,,,,,,,,14.00,,,,,,,false,true,12,2016-04-01,2017-03-31,1
2016-07-29,40050,2017-03-31,1,456555000000,-0.180,,,,,25326000000,-0.237,25848000000,-0.480,,12216000000,,7.48,7.45,,,,,2568834000000,1017901000000,0.277,,710334000000,,,,,,,,,,,,true,false,3,2016-04-01,2016-06-30,0
2016-07-29,40050,2016-03-31,1,556587000000,-0.001,,,,,33190000000,0.740,49751000000,0.904,,33958000000,,20.78,20.72,,,,,,,,,,,,,,,,,,,,,true,false,3,2015-04-01,2015-06-30,-1
2016-07-29,40050,2017-03-31,1,960000000000,-0.108,,,,,50000000000,-0.327,55000000000,-0.452,,25000000000,,15.30,,,,,,,,,,,,,,,,,,,,,,true,true,6,2016-04-01,2016-09-30,0
2016-07-29,40050,2017-03-31,1,2030000000000,-0.034,,,,,140000000000,-0.149,150000000000,-0.124,,80000000000,,48.95,,,,,,,,,,,,,,,,,,,,,,true,true,12,2016-04-01,2017-03-31,0
2016-07-29,40050,2016-03-31,1,,,,,,,,,,,,,,,,,,,,2662150000000,1090776000000,0.288,,766874000000,,,,,,,,,,,,true,false,12,2015-04-01,2016-03-31,-1
2016-07-29,40050,2016-03-31,1,,,,,,,,,,,,,,,,,,,,,,,,,,,,,14.00,,,,1655446177,21206065,,false,false,12,2015-04-01,2016-03-31,-1
2016-07-29,40050,2017-03-31,1,,,,,,,,,,,,,,,,,,,,,,,,,,,,,14.00,,,,,,,false,true,12,2016-04-01,2017-03-31,0
2016-07-29,40050,2017-03-31,1,,,,,,,,,,,,,,,,,,,,,,,,,,,,,,,,,1655446177,21217490,1634232489,false,false,3,2016-04-01,2016-06-30,0
2016-07-29,40050,2016-03-31,1,,,,,,,,,,,,,,,,,,,,,,,,,,,,,,,,,,,1634346214,false,false,3,2015-04-01,2015-06-30,-1
2016-10-28,40050,2017-03-31,2,900512000000,-0.163,,,,,47254000000,-0.364,50608000000,-0.496,,19234000000,,11.77,11.74,,,,,2541731000000,1007176000000,0.276,,700442000000,,,,,,,,,,,,true,false,6,2016-04-01,2016-09-30,0
2016-10-28,40050,2016-03-31,2,1075863000000,-0.047,,,,,74244000000,1.052,100395000000,0.900,,60896000000,,37.26,37.20,,,,,,,,,,,,,,,,,,,,,true,false,6,2015-04-01,2015-09-30,-1
2016-10-28,40050,2017-03-31,2,1960000000000,-0.067,,,,,120000000000,-0.270,130000000000,-0.241,,60000000000,,36.71,,,,,,,,,,,,,,,,,,,,,,true,true,12,2016-04-01,2017-03-31,0
2016-10-28,40050,2016-03-31,2,,,,,,,,,,,,,,,,,,,,2662150000000,1090776000000,0.288,,766874000000,,,,,,,,,,,,true,false,12,2015-04-01,2016-03-31,-1
2016-10-28,40050,2016-03-31,2,,,,,,,,,,,,,,,,,,,,,,,,,,,,,14.00,,,,1655446177,21206065,,false,false,12,2015-04-01,2016-03-31,-1
2016-10-28,40050,2017-03-31,2,,,,,,,,,,,,,,,,,,,,,,,,,,,,,7.00,,,,,,,false,false,12,2016-04-01,2017-03-31,0
2016-10-28,40050,2017-03-31,2,,,,,,,,,,,,,,,,,,,,,,,,,,,,,14.00,,,,,,,false,true,12,2016-04-01,2017-03-31,0
2016-10-28,40050,2017-03-31,2,,,,,,,,,,,,,,,,,,,,,,,,,,,,,,,,,1655446177,21234979,1634224189,false,false,6,2016-04-01,2016-09-30,0
2016-10-28,40050,2016-03-31,2,,,,,,,,,,,,,,,,,,,,,,,,,,,,,,,,,,,1634326563,false,false,6,2015-04-01,2015-09-30,-1
2017-01-30,40050,2017-03-31,3,1389802000000,-0.119,,,,,86279000000,-0.278,115001000000,-0.200,,55310000000,,33.84,33.81,,,,,2837763000000,1143149000000,0.279,,790948000000,,,,,,,,,,,,true,false,9,2016-04-01,2016-12-31,0
2017-01-30,40050,2016-03-31,3,1577760000000,-0.084,,,,,119537000000,0.675,143664000000,0.456,,84565000000,,51.74,51.68,,,,,,,,,,,,,,,,,,,,,true,false,9,2015-04-01,2015-12-31,-1
2017-01-30,40050,2017-03-31,3,1960000000000,-0.067,,,,,120000000000,-0.270,130000000000,-0.241,,60000000000,,36.71,,,,,,,,,,,,,,,,,,,,,,true,true,12,2016-04-01,2017-03-31,0
2017-01-30,40050,2016-03-31,3,,,,,,,,,,,,,,,,,,,,2662150000000,1090776000000,0.288,,766874000000,,,,,,,,,,,,true,false,12,2015-04-01,2016-03-31,-1
2017-01-30,40050,2016-03-31,3,,,,,,,,,,,,,,,,,,,,,,,,,,,,,14.00,,,,1655446177,21206065,,false,false,12,2015-04-01,2016-03-31,-1
2017-01-30,40050,2017-03-31,3,,,,,,,,,,,,,,,,,,,,,,,,,,,,,7.00,,,,,,,false,false,12,2016-04-01,2017-03-31,0
2017-01-30,40050,2017-03-31,3,,,,,,,,,,,,,,,,,,,,,,,,,,,,,14.00,,,,,,,false,true,12,2016-04-01,2017-03-31,0
2017-01-30,40050,2017-03-31,3,,,,,,,,,,,,,,,,,,,,,,,,,,,,,,,,,1655446177,21253591,1634216861,false,false,9,2016-04-01,2016-12-31,0
2017-01-30,40050,2016-03-31,3,,,,,,,,,,,,,,,,,,,,,,,,,,,,,,,,,,,1634311114,false,false,9,2015-04-01,2015-12-31,-1
2017-04-26,40050,2017-03-31,,1950000000000,-0.005,,,,,134000000000,0.117,167000000000,0.285,,86000000000,,52.62,,,,,,,,,,,,,,,,,,,,,,true,true,12,2016-04-01,2017-03-31,0
2017-04-26,40050,2016-03-31,,2101764000000,,,,,,164446000000,,171217000000,,,81451000000,,49.84,,,,,,,,,,,,,,,,,,,,,,true,false,12,2015-04-01,2016-03-31,-1
2017-05-16,40050,2017-03-31,,1954283000000,-0.070,,,,,134336000000,-0.183,166632000000,-0.027,,85482000000,,52.31,52.27,0.108,0.060,0.069,,2862052000000,1162526000000,0.287,501.98,820318000000,187446000000,-199742000000,-8122000000,193289000000,,0.268,,,,,,true,false,12,2016-04-01,2017-03-31,0
2017-05-16,40050,2016-03-31,,2101764000000,-0.116,,,,,164446000000,0.291,171217000000,0.088,,81451000000,,49.84,49.78,0.105,0.062,0.078,,2662150000000,1090776000000,0.288,469.25,766874000000,261172000000,-53678000000,-177956000000,215592000000,,0.281,,,,,,true,false,12,2015-04-01,2016-03-31,-1
2017-05-16,40050,2018-03-31,,1020000000000,0.133,,,,,65000000000,0.376,75000000000,0.482,,40000000000,,24.48,,,,,,,,,,,,,,,,,,,,,,true,true,6,2017-04-01,2017-09-30,1
2017-05-16,40050,2018-03-31,,2190000000000,0.121,,,,,165000000000,0.228,185000000000,0.110,,100000000000,,61.19,,,,,,,,,,,,,,,,0.229,,,,,,true,true,12,2017-04-01,2018-03-31,1
2017-05-16,40050,2017-03-31,,650857000000,-0.115,,,,,7505000000,-0.826,57958000000,-0.345,36853000000,,-0.017,22.54,,,,,,1373869000000,295243000000,0.215,180.56,295243000000,,,,,14.00,,,,1655446177,21284566,1634205664,false,false,12,2016-04-01,2017-03-31,0
2017-05-16,40050,2016-03-31,,735261000000,-0.184,,,,,43150000000,0.076,88524000000,-0.085,37479000000,,0.028,22.92,,,,,,1357400000000,287558000000,0.212,175.85,287558000000,,,,,14.00,,,,1655446177,21206065,1634294942,false,false,12,2015-04-01,2016-03-31,-1
2017-05-16,40050,2018-03-31,,,,,,,,,,,,,,,,,,,,,,,,,,,,,,14.00,,,,,,,false,true,12,2017-04-01,2018-03-31,1
2017-08-01,40050,2018-03-31,1,508514000000,0.114,,,,,37624000000,0.486,46187000000,0.787,,31555000000,,19.31,19.27,,,,,2918047000000,1183626000000,0.286,,834522000000,,,,,,,,,,,,true,false,3,2017-04-01,2017-06-30,0
2017-08-01,40050,2017-03-31,1,456555000000,-0.180,,,,,25326000000,-0.237,25848000000,-0.480,,12216000000,,7.48,7.45,,,,,,,,,,,,,,,,,,,,,true,false,3,2016-04-01,2016-06-30,-1
2017-08-01,40050,2018-03-31,1,1020000000000,0.133,,,,,65000000000,0.376,75000000000,0.482,,40000000000,,24.48,,,,,,,,,,,,,,,,,,,,,,true,true,6,2017-04-01,2017-09-30,0
2017-08-01,40050,2018-03-31,1,2190000000000,0.121,,,,,165000000000,0.228,185000000000,0.110,,100000000000,,61.19,,,,,,,,,,,,,,,,,,,,,,true,true,12,2017-04-01,2018-03-31,0
2017-08-01,40050,2017-03-31,1,,,,,,,,,,,,,,,,,,,,2862052000000,1162526000000,0.287,,820318000000,,,,,,,,,,,,true,false,12,2016-04-01,2017-03-31,-1
2017-08-01,40050,2017-03-31,1,,,,,,,,,,,,,,,,,,,,,,,,,,,,,14.00,,,,1655446177,21284566,,false,false,12,2016-04-01,2017-03-31,-1
2017-08-01,40050,2018-03-31,1,,,,,,,,,,,,,,,,,,,,,,,,,,,,,14.00,,,,,,,false,true,12,2017-04-01,2018-03-31,0
2017-08-01,40050,2018-03-31,1,,,,,,,,,,,,,,,,,,,,,,,,,,,,,,,,,1655446177,21304010,1634149682,false,false,3,2017-04-01,2017-06-30,0
2017-08-01,40050,2017-03-31,1,,,,,,,,,,,,,,,,,,,,,,,,,,,,,,,,,,,1634232489,false,false,3,2016-04-01,2016-06-30,-1
2017-10-24,40050,2018-03-31,,1050000000000,0.029,,,,,92000000000,0.415,115000000000,0.533,,68000000000,,41.61,,,,,,,,,,,,,,,,,,,,,,true,true,6,2017-04-01,2017-09-30,0
2017-10-24,40050,2017-03-31,,900512000000,,,,,,47254000000,,50608000000,,,19234000000,,11.77,,,,,,,,,,,,,,,,,,,,,,true,false,6,2016-04-01,2016-09-30,-1
2017-11-01,40050,2018-03-31,2,1054082000000,0.171,,,,,92006000000,0.947,114980000000,1.272,,68526000000,,41.93,41.89,,,,,2960544000000,1246369000000,0.298,,882026000000,,,,,,,,,,,,true,false,6,2017-04-01,2017-09-30,0
2017-11-01,40050,2017-03-31,2,900512000000,-0.163,,,,,47254000000,-0.364,50608000000,-0.496,,19234000000,,11.77,11.74,,,,,,,,,,,,,,,,,,,,,true,false,6,2016-04-01,2016-09-30,-1
2017-11-01,40050,2018-03-31,2,2210000000000,0.131,,,,,185000000000,0.377,215000000000,0.290,,120000000000,,73.43,,,,,,,,,,,,,,,,,,,,,,true,true,12,2017-04-01,2018-03-31,0
2017-11-01,40050,2017-03-31,2,,,,,,,,,,,,,,,,,,,,2862052000000,1162526000000,0.287,,820318000000,,,,,,,,,,,,true,false,12,2016-04-01,2017-03-31,-1
2017-11-01,40050,2017-03-31,2,,,,,,,,,,,,,,,,,,,,,,,,,,,,,14.00,,,,1655446177,21284566,,false,false,12,2016-04-01,2017-03-31,-1
2017-11-01,40050,2018-03-31,2,,,,,,,,,,,,,,,,,,,,,,,,,,,,,10.00,,,,,,,false,false,12,2017-04-01,2018-03-31,0
2017-11-01,40050,2018-03-31,2,,,,,,,,,,,,,,,,,,,,,,,,,,,,,20.00,,,,,,,false,true,12,2017-04-01,2018-03-31,0
2017-11-01,40050,2018-03-31,2,,,,,,,,,,,,,,,,,,,,,,,,,,,,,,,,,1655446177,21336074,1634135186,false,false,6,2017-04-01,2017-09-30,0
2017-11-01,40050,2017-03-31,2,,,,,,,,,,,,,,,,,,,,,,,,,,,,,,,,,,,1634224189,false,false,6,2016-04-01,2016-09-30,-1
2018-02-06,40050,2018-03-31,3,1621289000000,0.167,,,,,131142000000,0.520,171240000000,0.489,,108553000000,,66.43,66.39,,,,,3123341000000,1304768000000,0.298,,930078000000,,,,,,,,,,,,true,false,9,2017-04-01,2017-12-31,0
2018-02-06,40050,2017-03-31,3,1389802000000,-0.119,,,,,86279000000,-0.278,115001000000,-0.200,,55310000000,,33.84,33.81,,,,,,,,,,,,,,,,,,,,,true,false,9,2016-04-01,2016-12-31,-1
2018-02-06,40050,2018-03-31,3,2210000000000,0.131,,,,,185000000000,0.377,215000000000,0.290,,120000000000,,73.43,,,,,,,,,,,,,,,,,,,,,,true,true,12,2017-04-01,2018-03-31,0
2018-02-06,40050,2017-03-31,3,,,,,,,,,,,,,,,,,,,,2862052000000,1162526000000,0.287,,820318000000,,,,,,,,,,,,true,false,12,2016-04-01,2017-03-31,-1
2018-02-06,40050,2017-03-31,3,,,,,,,,,,,,,,,,,,,,,,,,,,,,,14.00,,,,1655446177,21284566,,false,false,12,2016-04-01,2017-03-31,-1
2018-02-06,40050,2018-03-31,3,,,,,,,,,,,,,,,,,,,,,,,,,,,,,10.00,,,,,,,false,false,12,2017-04-01,2018-03-31,0
2018-02-06,40050,2018-03-31,3,,,,,,,,,,,,,,,,,,,,,,,,,,,,,20.00,,,,,,,false,true,12,2017-04-01,2018-03-31,0
2018-02-06,40050,2018-03-31,3,,,,,,,,,,,,,,,,,,,,,,,,,,,,,,,,,1655446177,21360529,1634121824,false,false,9,2017-04-01,2017-12-31,0
2018-02-06,40050,2017-03-31,3,,,,,,,,,,,,,,,,,,,,,,,,,,,,,,,,,,,1634216861,false,false,9,2016-04-01,2016-12-31,-1
2018-04-26,40050,2018-03-31,,,,,,,,250000000000,,,,,133000000000,,81.34,,,,,,,,,,,,,,,,,,,,,,true,true,12,2017-04-01,2018-03-31,0
,40050,2018-03-31,,,,,,,,,,,,,,,,,,,,,,,,,,,,,,22.00,,,,,,,false,true,12,2017-04-01,2018-03-31,0
,40050,2018-03-31,,,,,,,,,,,,,,,,,,,,,,,,,,,,,,10.00,,,,,,,false,false,12,2017-04-01,2018-03-31,0
,40050,2017-03-31,,,,,,,,,,,,,,,,,,,,,,,,,,,,,,14.00,,,,,,,false,false,12,2016-04-01,2017-03-31,-1
2018-05-15,40050,2018-03-31,,708362000000,0.088,,,,,33483000000,3.461,75873000000,0.309,55842000000,,0.515,34.15,,,,,,1469979000000,327150000000,0.223,200.08,327150000000,,,,,22.00,,,,1655446177,20390153,1635100040,false,false,12,2017-04-01,2018-03-31,0
2018-05-15,40050,2017-03-31,,650857000000,-0.115,,,,,7505000000,-0.826,57958000000,-0.345,36853000000,,-0.017,22.54,,,,,,1373869000000,295243000000,0.215,180.56,295243000000,,,,,14.00,,,,1655446177,20293551,1635196486,false,false,12,2016-04-01,2017-03-31,-1
2018-05-15,40050,2018-03-31,,,,,,,,250923000000,0.984,,,,133768000000,,81.81,81.77,,,,,3068685000000,,,,,293250000000,-154520000000,-94264000000,,,0.269,,,,,,true,false,12,2017-04-01,2018-03-31,0
2018-05-15,40050,2017-03-31,,,,,,,,126467000000,,,,,76540000000,,46.81,46.77,,,,,2878193000000,,,,,185776000000,-205697000000,-523000000,,,0.299,,,,,,true,false,12,2016-04-01,2017-03-31,-1
2018-05-15,40050,2019-03-31,,,,,,,,80000000000,,,,,55000000000,,33.64,,,,,,,,,,,,,,,,,,,,,,true,true,6,2018-04-01,2018-09-30,1
2018-05-15,40050,2019-03-31,,,,,,,,205000000000,-0.183,,,,130000000000,,79.51,,,,,,,,,,,,,,,,0.277,,,,,,true,true,12,2018-04-01,2019-03-31,1
2018-05-15,40050,2019-03-31,,,,,,,,,,,,,,,,,,,,,,,,,,,,,,22.00,,,,,,,false,true,12,2018-04-01,2019-03-31,1
2018-07-31,40050,2019-03-31,1,,,,,,,44096000000,-0.334,,,,30011000000,,18.35,18.32,,,,,3156525000000,,,,,,,,,,,,,,,,true,false,3,2018-04-01,2018-06-30,0
2018-07-31,40050,2018-03-31,1,,,,,,,66204000000,,,,,33829000000,,20.69,20.65,,,,,,,,,,,,,,,,,,,,,true,false,3,2017-04-01,2017-06-30,-1
2018-07-31,40050,2019-03-31,1,,,,,,,80000000000,,,,,55000000000,,33.64,,,,,,,,,,,,,,,,,,,,,,true,true,6,2018-04-01,2018-09-30,0
2018-07-31,40050,2019-03-31,1,,,,,,,205000000000,-0.183,,,,130000000000,,79.51,,,,,,,,,,,,,,,,,,,,,,true,true,12,2018-04-01,2019-03-31,0
2018-07-31,40050,2018-03-31,1,,,,,,,,,,,,,,,,,,,,3068685000000,,,,,,,,,,,,,,,,true,false,12,2017-04-01,2018-03-31,-1
2018-07-31,40050,2018-03-31,1,,,,,,,,,,,,,,,,,,,,,,,,,,,,,22.00,,,,1655446177,20390153,,false,false,12,2017-04-01,2018-03-31,-1
2018-07-31,40050,2019-03-31,1,,,,,,,,,,,,,,,,,,,,,,,,,,,,,22.00,,,,,,,false,true,12,2018-04-01,2019-03-31,0
2018-07-31,40050,2019-03-31,1,,,,,,,,,,,,,,,,,,,,,,,,,,,,,,,,,1655446177,20407603,1635045784,false,false,3,2018-04-01,2018-06-30,0
2018-07-31,40050,2018-03-31,1,,,,,,,,,,,,,,,,,,,,,,,,,,,,,,,,,,,1635140697,false,false,3,2017-04-01,2017-06-30,-1
2018-10-31,40050,2019-03-31,2,,,,,,,91932000000,-0.325,,,,61486000000,,37.61,37.57,,,,,3263839000000,,,,,,,,,,,,,,,,true,false,6,2018-04-01,2018-09-30,0
2018-10-31,40050,2018-03-31,2,,,,,,,136097000000,,,,,77069000000,,47.13,47.09,,,,,,,,,,,,,,,,,,,,,true,false,6,2017-04-01,2017-09-30,-1
2018-10-31,40050,2019-03-31,2,,,,,,,205000000000,-0.183,,,,130000000000,,79.51,,,,,,,,,,,,,,,,,,,,,,true,true,12,2018-04-01,2019-03-31,0
2018-10-31,40050,2018-03-31,2,,,,,,,,,,,,,,,,,,,,3068685000000,,,,,,,,,,,,,,,,true,false,12,2017-04-01,2018-03-31,-1
2018-10-31,40050,2018-03-31,2,,,,,,,,,,,,,,,,,,,,,,,,,,,,,22.00,,,,1655446177,20390153,,false,false,12,2017-04-01,2018-03-31,-1
2018-10-31,40050,2019-03-31,2,,,,,,,,,,,,,,,,,,,,,,,,,,,,,11.00,,,,,,,false,false,12,2018-04-01,2019-03-31,0
2018-10-31,40050,2019-03-31,2,,,,,,,,,,,,,,,,,,,,,,,,,,,,,22.00,,,,,,,false,true,12,2018-04-01,2019-03-31,0
2018-10-31,40050,2019-03-31,2,,,,,,,,,,,,,,,,,,,,,,,,,,,,,,,,,1655446177,20424816,1635035728,false,false,6,2018-04-01,2018-09-30,0
2018-10-31,40050,2018-03-31,2,,,,,,,,,,,,,,,,,,,,,,,,,,,,,,,,,,,1635126201,false,false,6,2017-04-01,2017-09-30,-1
2019-02-01,40050,2019-03-31,3,,,,,,,142601000000,-0.259,,,,88969000000,,54.41,54.37,,,,,3270512000000,,,,,,,,,,,,,,,,true,false,9,2018-04-01,2018-12-31,0
2019-02-01,40050,2018-03-31,3,,,,,,,192330000000,,,,,108622000000,,66.43,66.39,,,,,,,,,,,,,,,,,,,,,true,false,9,2017-04-01,2017-12-31,-1
2019-02-01,40050,2019-03-31,3,,,,,,,205000000000,-0.183,,,,130000000000,,79.51,,,,,,,,,,,,,,,,,,,,,,true,true,12,2018-04-01,2019-03-31,0
2019-02-01,40050,2018-03-31,3,,,,,,,,,,,,,,,,,,,,3068685000000,,,,,,,,,,,,,,,,true,false,12,2017-04-01,2018-03-31,-1
2019-02-01,40050,2018-03-31,3,,,,,,,,,,,,,,,,,,,,,,,,,,,,,22.00,,,,1655446177,20390153,,false,false,12,2017-04-01,2018-03-31,-1
2019-02-01,40050,2019-03-31,3,,,,,,,,,,,,,,,,,,,,,,,,,,,,,11.00,,,,,,,false,false,12,2018-04-01,2019-03-31,0
2019-02-01,40050,2019-03-31,3,,,,,,,,,,,,,,,,,,,,,,,,,,,,,22.00,,,,,,,false,true,12,2018-04-01,2019-03-31,0
2019-02-01,40050,2019-03-31,3,,,,,,,,,,,,,,,,,,,,,,,,,,,,,,,,,1655446177,20428688,1635030073,false,false,9,2018-04-01,2018-12-31,0
2019-02-01,40050,2018-03-31,3,,,,,,,,,,,,,,,,,,,,,,,,,,,,,,,,,,,1635112877,false,false,9,2017-04-01,2017-12-31,-1
2019-02-28,40050,2019-03-31,,,,,,,,190000000000,-0.073,,,,120000000000,,73.39,,,,,,,,,,,,,,,,,,,,,,true,true,12,2018-04-01,2019-03-31,0
2019-02-28,40050,2018-03-31,,,,,,,,250923000000,,,,,133768000000,,81.81,,,,,,,,,,,,,,,,,,,,,,true,false,12,2017-04-01,2018-03-31,-1
2019-04-25,40050,2019-03-31,,,,,,,,183000000000,-0.037,,,,118000000000,,72.17,,,,,,,,,,,,,,,,,,,,,,true,true,12,2018-04-01,2019-03-31,0
2019-04-25,40050,2018-03-31,,,,,,,,250923000000,,,,,133768000000,,81.81,,,,,,,,,,,,,,,,,,,,,,true,false,12,2017-04-01,2018-03-31,-1
2019-05-15,40050,2019-03-31,,723619000000,0.022,,,,,10724000000,-0.680,73676000000,-0.029,66965000000,,0.199,40.96,,,,,,1496440000000,350301000000,0.234,214.25,350301000000,,,,,22.00,,,,1655446177,20432567,1635026269,false,false,12,2018-04-01,2019-03-31,0
2019-05-15,40050,2018-03-31,,708362000000,0.088,,,,,33483000000,3.461,75873000000,0.309,55842000000,,0.515,34.15,,,,,,1455987000000,327150000000,0.225,200.08,327150000000,,,,,22.00,,,,1655446177,20390153,1635100040,false,false,12,2017-04-01,2018-03-31,-1
2019-05-15,40050,2019-03-31,,,,,,,,182972000000,-0.271,,,,117992000000,,72.17,72.12,,,,,3171618000000,,,,,208143000000,-180837000000,-60866000000,,,0.305,,,,,,true,false,12,2018-04-01,2019-03-31,0
2019-05-15,40050,2018-03-31,,,,,,,,250923000000,0.984,,,,133768000000,,81.81,81.77,,,,,3068685000000,,,,,293250000000,-154520000000,-94264000000,,,0.269,,,,,,true,false,12,2017-04-01,2018-03-31,-1
2019-05-15,40050,2020-03-31,,,,,,,,75000000000,-0.184,,,,35000000000,,21.41,,,,,,,,,,,,,,,,,,,,,,true,true,6,2019-04-01,2019-09-30,1
2019-05-15,40050,2020-03-31,,,,,,,,190000000000,0.038,,,,100000000000,,61.16,,,,,,,,,,,,,,,,0.360,,,,,,true,true,12,2019-04-01,2020-03-31,1
2019-05-15,40050,2020-03-31,,,,,,,,,,,,,,,,,,,,,,,,,,,,,,22.00,,,,,,,false,true,12,2019-04-01,2020-03-31,1
2019-07-31,40050,2020-03-31,1,,,,,,,62376000000,0.415,,,,14538000000,,8.89,8.87,,,,,3235918000000,,,,,,,,,,,,,,,,true,false,3,2019-04-01,2019-06-30,0
2019-07-31,40050,2019-03-31,1,,,,,,,44096000000,-0.334,,,,30011000000,,18.35,18.32,,,,,,,,,,,,,,,,,,,,,true,false,3,2018-04-01,2018-06-30,-1
2019-07-31,40050,2020-03-31,1,,,,,,,75000000000,-0.184,,,,35000000000,,21.41,,,,,,,,,,,,,,,,,,,,,,true,true,6,2019-04-01,2019-09-30,0
2019-07-31,40050,2020-03-31,1,,,,,,,190000000000,0.038,,,,100000000000,,61.16,,,,,,,,,,,,,,,,,,,,,,true,true,12,2019-04-01,2020-03-31,0
2019-07-31,40050,2019-03-31,1,,,,,,,,,,,,,,,,,,,,3171618000000,,,,,,,,,,,,,,,,true,false,12,2018-04-01,2019-03-31,-1
2019-07-31,40050,2019-03-31,1,,,,,,,,,,,,,,,,,,,,,,,,,,,,,22.00,,,,1655446177,20432567,,false,false,12,2018-04-01,2019-03-31,-1
2019-07-31,40050,2020-03-31,1,,,,,,,,,,,,,,,,,,,,,,,,,,,,,22.00,,,,,,,false,true,12,2019-04-01,2020-03-31,0
2019-07-31,40050,2020-03-31,1,,,,,,,,,,,,,,,,,,,,,,,,,,,,,,,,,1655446177,20435465,1635011693,false,false,3,2019-04-01,2019-06-30,0
2019-07-31,40050,2019-03-31,1,,,,,,,,,,,,,,,,,,,,,,,,,,,,,,,,,,,1635045784,false,false,3,2018-04-01,2018-06-30,-1
2019-10-21,40050,2020-03-31,,,,,,,,102000000000,0.360,,,,29000000000,,17.74,,,,,,,,,,,,,,,,,,,,,,true,true,6,2019-04-01,2019-09-30,0
2019-10-21,40050,2019-03-31,,,,,,,,91932000000,,,,,61486000000,,37.61,,,,,,,,,,,,,,,,,,,,,,true,false,6,2018-04-01,2018-09-30,-1
2019-10-21,40050,2020-03-31,,,,,,,,170000000000,-0.105,,,,50000000000,,30.58,,,,,,,,,,,,,,,,,,,,,,true,true,12,2019-04-01,2020-03-31,0
2019-10-21,40050,2019-03-31,,,,,,,,182972000000,,,,,117992000000,,72.17,,,,,,,,,,,,,,,,,,,,,,true,false,12,2018-04-01,2019-03-31,-1
2019-10-21,40050,2020-03-31,,,,,,,,,,,,,,,,,,,,,,,,,,,,,,11.00,,,,,,,false,true,12,2019-04-01,2020-03-31,0
2019-10-21,40050,2019-03-31,,,,,,,,,,,,,,,,,,,,,,,,,,,,,,22.00,,,,,,,false,false,12,2018-04-01,2019-03-31,-1
2019-10-30,40050,2020-03-31,2,,,,,,,102545000000,0.115,,,,29709000000,,18.17,18.15,,,,,3206058000000,,,,,,,,,,,,,,,,true,false,6,2019-04-01,2019-09-30,0
2019-10-30,40050,2019-03-31,2,,,,,,,91932000000,-0.325,,,,61486000000,,37.61,37.57,,,,,,,,,,,,,,,,,,,,,true,false,6,2018-04-01,2018-09-30,-1
2019-10-30,40050,2020-03-31,2,,,,,,,170000000000,-0.071,,,,50000000000,,30.58,,,,,,,,,,,,,,,,,,,,,,true,true,12,2019-04-01,2020-03-31,0
2019-10-30,40050,2019-03-31,2,,,,,,,,,,,,,,,,,,,,3171618000000,,,,,,,,,,,,,,,,true,false,12,2018-04-01,2019-03-31,-1
2019-10-30,40050,2019-03-31,2,,,,,,,,,,,,,,,,,,,,,,,,,,,,,22.00,,,,1655446177,20432567,,false,false,12,2018-04-01,2019-03-31,-1
2019-10-30,40050,2020-03-31,2,,,,,,,,,,,,,,,,,,,,,,,,,,,,,11.00,,,,,,,false,false,12,2019-04-01,2020-03-31,0
2019-10-30,40050,2020-03-31,2,,,,,,,,,,,,,,,,,,,,,,,,,,,,,,,,,1655446177,20438683,1635010007,false,false,6,2019-04-01,2019-09-30,0
2019-10-30,40050,2019-03-31,2,,,,,,,,,,,,,,,,,,,,,,,,,,,,,,,,,,,1635035728,false,false,6,2018-04-01,2018-09-30,-1
2020-01-31,40050,2020-03-31,3,,,,,,,127662000000,-0.105,,,,37581000000,,22.99,22.96,,,,,3673587000000,,,,,,,,,,,,,,,,true,false,9,2019-04-01,2019-12-31,0
2020-01-31,40050,2019-03-31,3,,,,,,,142601000000,-0.259,,,,88969000000,,54.41,54.37,,,,,,,,,,,,,,,,,,,,,true,false,9,2018-04-01,2018-12-31,-1
2020-01-31,40050,2020-03-31,3,,,,,,,170000000000,-0.071,,,,50000000000,,30.58,,,,,,,,,,,,,,,,,,,,,,true,true,12,2019-04-01,2020-03-31,0
2020-01-31,40050,2019-03-31,3,,,,,,,,,,,,,,,,,,,,3171618000000,,,,,,,,,,,,,,,,true,false,12,2018-04-01,2019-03-31,-1
2020-01-31,40050,2019-03-31,3,,,,,,,,,,,,,,,,,,,,,,,,,,,,,22.00,,,,1655446177,20432567,,false,false,12,2018-04-01,2019-03-31,-1
2020-01-31,40050,2020-03-31,3,,,,,,,,,,,,,,,,,,,,,,,,,,,,,11.00,,,,,,,false,false,12,2019-04-01,2020-03-31,0
2020-01-31,40050,2020-03-31,3,,,,,,,,,,,,,,,,,,,,,,,,,,,,,,,,,1655446177,20442899,1635008393,false,false,9,2019-04-01,2019-12-31,0
2020-01-31,40050,2019-03-31,3,,,,,,,,,,,,,,,,,,,,,,,,,,,,,,,,,,,1635030073,false,false,9,2018-04-01,2018-12-31,-1
2020-02-28,40050,2020-03-31,,,,,,,,130000000000,-0.235,,,,30000000000,,18.35,,,,,,,,,,,,,,,,,,,,,,true,true,12,2019-04-01,2020-03-31,0
2020-02-28,40050,2019-03-31,,,,,,,,182972000000,,,,,117992000000,,72.17,,,,,,,,,,,,,,,,,,,,,,true,false,12,2018-04-01,2019-03-31,-1
2020-02-28,40050,2020-03-31,,,,,,,,,,,,,,,,,,,,,,,,,,,,,,17.00,,,,,,,false,true,12,2019-04-01,2020-03-31,0
2020-02-28,40050,2020-03-31,,,,,,,,,,,,,,,,,,,,,,,,,,,,,,11.00,,,,,,,false,false,12,2019-04-01,2020-03-31,0
2020-02-28,40050,2019-03-31,,,,,,,,,,,,,,,,,,,,,,,,,,,,,,22.00,,,,,,,false,false,12,2018-04-01,2019-03-31,-1
2020-05-15,40050,2020-03-31,,678436000000,-0.062,,,,,-12027000000,,28869000000,-0.608,22784000000,,-0.660,13.94,,,,,,1577151000000,315477000000,0.200,192.95,315477000000,,,,,17.00,,,,1655446177,20445812,1635006595,false,false,12,2019-04-01,2020-03-31,0
2020-05-15,40050,2019-03-31,,723619000000,0.022,,,,,10724000000,-0.680,73676000000,-0.029,66965000000,,0.199,40.96,,,,,,1496440000000,350301000000,0.234,214.25,350301000000,,,,,22.00,,,,1655446177,20432567,1635026269,false,false,12,2018-04-01,2019-03-31,-1
2020-05-15,40050,2020-03-31,,,,,,,,137517000000,-0.248,,,,30926000000,,18.91,,,,,,3650332000000,,,,,106012000000,-499670000000,373542000000,,,0.899,,,,,,true,false,12,2019-04-01,2020-03-31,0
2020-05-15,40050,2019-03-31,,,,,,,,182972000000,-0.271,,,,117992000000,,72.17,72.12,,,,,3171618000000,,,,,208143000000,-180837000000,-60866000000,,,0.305,,,,,,true,false,12,2018-04-01,2019-03-31,-1
2020-08-04,40050,2021-03-31,1,,,,,,,18760000000,-0.699,,,,-6759000000,,-4.13,,,,,,3762941000000,,,,,,,,,,,,,,,,true,false,3,2020-04-01,2020-06-30,0
2020-08-04,40050,2020-03-31,1,,,,,,,62376000000,0.415,,,,14538000000,,8.89,8.87,,,,,,,,,,,,,,,,,,,,,true,false,3,2019-04-01,2019-06-30,-1
2020-08-04,40050,2021-03-31,1,,,,,,,70000000000,-0.491,,,,20000000000,,12.23,,,,,,,,,,,,,,,,,,,,,,true,true,12,2020-04-01,2021-03-31,0
2020-08-04,40050,2020-03-31,1,,,,,,,,,,,,,,,,,,,,3650332000000,,,,,,,,,,,,,,,,true,false,12,2019-04-01,2020-03-31,-1
2020-08-04,40050,2020-03-31,1,,,,,,,,,,,,,,,,,,,,,,,,,,,,,17.00,,,,1655446177,20445812,,false,false,12,2019-04-01,2020-03-31,-1
2020-08-04,40050,2021-03-31,1,,,,,,,,,,,,,,,,,,,,,,,,,,,,,12.00,,,,,,,false,true,12,2020-04-01,2021-03-31,0
2020-08-04,40050,2021-03-31,1,,,,,,,,,,,,,,,,,,,,,,,,,,,,,,,,,1655446177,20447331,1634999566,false,false,3,2020-04-01,2020-06-30,0
2020-08-04,40050,2020-03-31,1,,,,,,,,,,,,,,,,,,,,,,,,,,,,,,,,,,,1635011693,false,false,3,2019-04-01,2019-06-30,-1
2020-10-30,40050,2021-03-31,2,,,,,,,50776000000,-0.505,,,,-1089000000,,-0.67,,,,,,3774355000000,,,,,,,,,,,,,,,,true,false,6,2020-04-01,2020-09-30,0
2020-10-30,40050,2020-03-31,2,,,,,,,102545000000,0.115,,,,29709000000,,18.17,18.15,,,,,,,,,,,,,,,,,,,,,true,false,6,2019-04-01,2019-09-30,-1
2020-10-30,40050,2021-03-31,2,,,,,,,105000000000,-0.236,,,,30000000000,,18.35,,,,,,,,,,,,,,,,,,,,,,true,true,12,2020-04-01,2021-03-31,0
2020-10-30,40050,2020-03-31,2,,,,,,,,,,,,,,,,,,,,3650332000000,,,,,,,,,,,,,,,,true,false,12,2019-04-01,2020-03-31,-1
2020-10-30,40050,2020-03-31,2,,,,,,,,,,,,,,,,,,,,,,,,,,,,,17.00,,,,1655446177,20445812,,false,false,12,2019-04-01,2020-03-31,-1
2020-10-30,40050,2021-03-31,2,,,,,,,,,,,,,,,,,,,,,,,,,,,,,6.00,,,,,,,false,false,12,2020-04-01,2021-03-31,0
2020-10-30,40050,2021-03-31,2,,,,,,,,,,,,,,,,,,,,,,,,,,,,,12.00,,,,,,,false,true,12,2020-04-01,2021-03-31,0
2020-10-30,40050,2021-03-31,2,,,,,,,,,,,,,,,,,,,,,,,,,,,,,,,,,1655446177,20450999,1634998012,false,false,6,2020-04-01,2020-09-30,0
2020-10-30,40050,2020-03-31,2,,,,,,,,,,,,,,,,,,,,,,,,,,,,,,,,,,,1635010007,false,false,6,2019-04-01,2019-09-30,-1
2020-10-30,40050,2021-03-31,,,,,,,,105000000000,0.500,,,,30000000000,,18.35,,,,,,,,,,,,,,,,,,,,,,true,true,12,2020-04-01,2021-03-31,0
2020-10-30,40050,2020-03-31,,,,,,,,137517000000,,,,,30926000000,,18.91,,,,,,,,,,,,,,,,,,,,,,true,false,12,2019-04-01,2020-03-31,-1
2021-01-29,40050,2021-03-31,3,,,,,,,116645000000,-0.086,,,,21936000000,,13.42,,,,,,3890180000000,,,,,,,,,,,,,,,,true,false,9,2020-04-01,2020-12-31,0
2021-01-29,40050,2020-03-31,3,,,,,,,127662000000,-0.105,,,,37581000000,,22.99,22.96,,,,,,,,,,,,,,,,,,,,,true,false,9,2019-04-01,2019-12-31,-1
2021-01-29,40050,2021-03-31,3,,,,,,,105000000000,-0.236,,,,30000000000,,18.35,,,,,,,,,,,,,,,,,,,,,,true,true,12,2020-04-01,2021-03-31,0
2021-01-29,40050,2020-03-31,3,,,,,,,,,,,,,,,,,,,,3654087000000,,,,,,,,,,,,,,,,true,false,12,2019-04-01,2020-03-31,-1
2021-01-29,40050,2020-03-31,3,,,,,,,,,,,,,,,,,,,,,,,,,,,,,17.00,,,,1655446177,20445812,,false,false,12,2019-04-01,2020-03-31,-1
2021-01-29,40050,2021-03-31,3,,,,,,,,,,,,,,,,,,,,,,,,,,,,,6.00,,,,,,,false,false,12,2020-04-01,2021-03-31,0
2021-01-29,40050,2021-03-31,3,,,,,,,,,,,,,,,,,,,,,,,,,,,,,12.00,,,,,,,false,true,12,2020-04-01,2021-03-31,0
2021-01-29,40050,2021-03-31,3,,,,,,,,,,,,,,,,,,,,,,,,,,,,,,,,,1655446177,20455069,1634996293,false,false,9,2020-04-01,2020-12-31,0
2021-01-29,40050,2020-03-31,3,,,,,,,,,,,,,,,,,,,,,,,,,,,,,,,,,,,1635008393,false,false,9,2019-04-01,2019-12-31,-1
2021-02-12,40050,2021-03-31,,,,,,,,110000000000,0.048,,,,20000000000,,12.23,,,,,,,,,,,,,,,,,,,,,,true,true,12,2020-04-01,2021-03-31,0
2021-02-12,40050,2020-03-31,,,,,,,,137517000000,,,,,30926000000,,18.91,,,,,,,,,,,,,,,,,,,,,,true,false,12,2019-04-01,2020-03-31,-1
2021-04-26,40050,2021-03-31,,,,,,,,137000000000,0.245,,,,46000000000,,28.13,,,,,,,,,,,,,,,,,,,,,,true,true,12,2020-04-01,2021-03-31,0
2021-04-26,40050,2020-03-31,,,,,,,,137517000000,,,,,30926000000,,18.91,,,,,,,,,,,,,,,,,,,,,,true,false,12,2019-04-01,2020-03-31,-1
2021-04-26,40050,2021-03-31,,,,,,,,,,,,,,,,,,,,,,,,,,,,,,15.00,,,,,,,false,true,12,2020-04-01,2021-03-31,0
2021-04-26,40050,2021-03-31,,,,,,,,,,,,,,,,,,,,,,,,,,,,,,6.00,,,,,,,false,false,12,2020-04-01,2021-03-31,0
2021-04-26,40050,2020-03-31,,,,,,,,,,,,,,,,,,,,,,,,,,,,,,17.00,,,,,,,false,false,12,2019-04-01,2020-03-31,-1
2021-05-13,40050,2021-03-31,,645996000000,-0.048,,,,,-13493000000,,38089000000,0.319,41719000000,,0.831,25.52,,,,,,1729678000000,346234000000,0.200,211.77,346234000000,,,,,15.00,,,,1655446177,20459236,1634994340,false,false,12,2020-04-01,2021-03-31,0
2021-05-13,40050,2020-03-31,,678436000000,-0.062,,,,,-12027000000,,28869000000,-0.608,22784000000,,-0.660,13.94,,,,,,1577151000000,315477000000,0.200,192.95,315477000000,,,,,17.00,,,,1655446177,20445812,1635006595,false,false,12,2019-04-01,2020-03-31,-1
2021-05-13,40050,2021-03-31,,,,,,,,137115000000,-0.003,,,,46043000000,,28.16,,,,,,3990254000000,,,,,374464000000,-177389000000,-39974000000,,,0.533,,,,,,true,false,12,2020-04-01,2021-03-31,0
2021-05-13,40050,2020-03-31,,,,,,,,137517000000,-0.248,,,,30926000000,,18.91,,,,,,3654087000000,,,,,106012000000,-499670000000,373542000000,,,0.899,,,,,,true,false,12,2019-04-01,2020-03-31,-1
2021-05-13,40050,2022-03-31,,,,,,,,180000000000,0.313,,,,100000000000,,61.16,,,,,,,,,,,,,,,,0.327,,,,,,true,true,12,2021-04-01,2022-03-31,1
2021-05-13,40050,2022-03-31,,,,,,,,,,,,,,,,,,,,,,,,,,,,,,20.00,,,,,,,false,true,12,2021-04-01,2022-03-31,1
2021-08-03,40050,2022-03-31,1,,,,,,,58344000000,2.159,,,,35659000000,,21.81,,,,,,4093065000000,,,,,,,,,,,,,,,,true,false,3,2021-04-01,2021-06-30,0
2021-08-03,40050,2021-03-31,1,,,,,,,18467000000,-0.704,,,,-7341000000,,-4.49,,,,,,,,,,,,,,,,,,,,,,true,false,3,2020-04-01,2020-06-30,-1
2021-08-03,40050,2022-03-31,1,,,,,,,180000000000,0.313,,,,100000000000,,61.16,,,,,,,,,,,,,,,,,,,,,,true,true,12,2021-04-01,2022-03-31,0
2021-08-03,40050,2021-03-31,1,,,,,,,,,,,,,,,,,,,,3990254000000,,,,,,,,,,,,,,,,true,false,12,2020-04-01,2021-03-31,-1
2021-08-03,40050,2021-03-31,1,,,,,,,,,,,,,,,,,,,,,,,,,,,,,15.00,,,,1655446177,20459236,,false,false,12,2020-04-01,2021-03-31,-1
2021-08-03,40050,2022-03-31,1,,,,,,,,,,,,,,,,,,,,,,,,,,,,,20.00,,,,,,,false,true,12,2021-04-01,2022-03-31,0
2021-08-03,40050,2022-03-31,1,,,,,,,,,,,,,,,,,,,,,,,,,,,,,,,,,1655446177,20462545,1634984794,false,false,3,2021-04-01,2021-06-30,0
2021-08-03,40050,2021-03-31,1,,,,,,,,,,,,,,,,,,,,,,,,,,,,,,,,,,,1634999566,false,false,3,2020-04-01,2020-06-30,-1
2021-09-30,40050,2022-03-31,,,,,,135000000000,,,,,,,80000000000,,48.93,,,,,,,,,,,,,,,,,,,,,,true,true,6,2021-04-01,2021-09-30,0
2021-09-30,40050,2021-03-31,,,,,,50188000000,,,,,,,-2244000000,,-1.37,,,,,,,,,,,,,,,,,,,,,,true,false,6,2020-04-01,2020-09-30,-1
2021-10-27,40050,2022-03-31,2,,,,,,,144272000000,1.875,,,,88884000000,,54.36,,,,,,4082799000000,,,,,,,,,,,,,,,,true,false,6,2021-04-01,2021-09-30,0
2021-10-27,40050,2021-03-31,2,,,,,,,50188000000,-0.511,,,,-2244000000,,-1.37,,,,,,,,,,,,,,,,,,,,,,true,false,6,2020-04-01,2020-09-30,-1
2021-10-27,40050,2022-03-31,2,,,,,,,225000000000,0.641,,,,140000000000,,85.63,,,,,,,,,,,,,,,,,,,,,,true,true,12,2021-04-01,2022-03-31,0
2021-10-27,40050,2021-03-31,2,,,,,,,,,,,,,,,,,,,,3990254000000,,,,,,,,,,,,,,,,true,false,12,2020-04-01,2021-03-31,-1
2021-10-27,40050,2021-03-31,2,,,,,,,,,,,,,,,,,,,,,,,,,,,,,15.00,,,,1655446177,20459236,,false,false,12,2020-04-01,2021-03-31,-1
2021-10-27,40050,2022-03-31,2,,,,,,,,,,,,,,,,,,,,,,,,,,,,,10.00,,,,,,,false,false,12,2021-04-01,2022-03-31,0
2021-10-27,40050,2022-03-31,2,,,,,,,,,,,,,,,,,,,,,,,,,,,,,24.00,,,,,,,false,true,12,2021-04-01,2022-03-31,0
2021-10-27,40050,2022-03-31,2,,,,,,,,,,,,,,,,,,,,,,,,,,,,,,,,,1655446177,20467163,1634982685,false,false,6,2021-04-01,2021-09-30,0
2021-10-27,40050,2021-03-31,2,,,,,,,,,,,,,,,,,,,,,,,,,,,,,,,,,,,1634998012,false,false,6,2020-04-01,2020-09-30,-1
2022-01-31,40050,2022-03-31,3,,,,,,,197923000000,0.710,,,,133663000000,,81.75,,,,,,4229439000000,,,,,,,,,,,,,,,,true,false,9,2021-04-01,2021-12-31,0
2022-01-31,40050,2021-03-31,3,,,,,,,115772000000,-0.093,,,,20228000000,,12.37,,,,,,,,,,,,,,,,,,,,,,true,false,9,2020-04-01,2020-12-31,-1
2022-01-31,40050,2022-03-31,3,,,,,,,225000000000,0.641,,,,140000000000,,85.63,,,,,,,,,,,,,,,,,,,,,,true,true,12,2021-04-01,2022-03-31,0
2022-01-31,40050,2021-03-31,3,,,,,,,,,,,,,,,,,,,,3990254000000,,,,,,,,,,,,,,,,true,false,12,2020-04-01,2021-03-31,-1
2022-01-31,40050,2021-03-31,3,,,,,,,,,,,,,,,,,,,,,,,,,,,,,15.00,,,,1655446177,20459236,,false,false,12,2020-04-01,2021-03-31,-1
2022-01-31,40050,2022-03-31,3,,,,,,,,,,,,,,,,,,,,,,,,,,,,,10.00,,,,,,,false,false,12,2021-04-01,2022-03-31,0
2022-01-31,40050,2022-03-31,3,,,,,,,,,,,,,,,,,,,,,,,,,,,,,24.00,,,,,,,false,true,12,2021-04-01,2022-03-31,0
2022-01-31,40050,2022-03-31,3,,,,,,,,,,,,,,,,,,,,,,,,,,,,,,,,,1655446177,20471521,1634980571,false,false,9,2021-04-01,2021-12-31,0
2022-01-31,40050,2021-03-31,3,,,,,,,,,,,,,,,,,,,,,,,,,,,,,,,,,,,1634996293,false,false,9,2020-04-01,2020-12-31,-1
2022-05-13,40050,2022-03-31,,797358000000,0.234,,,,,14532000000,,68488000000,0.798,61736000000,,0.480,37.76,,,,,,1740123000000,368789000000,0.212,225.56,368789000000,,,,,24.00,,,,1655446177,20474797,1634978523,false,false,12,2021-04-01,2022-03-31,0
2022-05-13,40050,2021-03-31,,645996000000,-0.048,,,,,-13493000000,,38089000000,0.319,41719000000,,0.831,25.52,,,,,,1729678000000,346234000000,0.200,211.77,346234000000,,,,,15.00,,,,1655446177,20459236,1634994340,false,false,12,2020-04-01,2021-03-31,-1
2022-05-13,40050,2022-03-31,,,,,,,,215003000000,0.568,,,,162130000000,,99.16,,,,,,4308151000000,,,,,171715000000,-115421000000,-81394000000,,,0.242,,,,,,true,false,12,2021-04-01,2022-03-31,0
2022-05-13,40050,2021-03-31,,,,,,,,137115000000,-0.003,,,,46043000000,,28.16,,,,,,3990254000000,,,,,374464000000,-177389000000,-39974000000,,,0.533,,,,,,true,false,12,2020-04-01,2021-03-31,-1
2022-05-13,40050,2023-03-31,,,,,,,,85000000000,-0.411,,,,60000000000,,36.70,,,,,,,,,,,,,,,,,,,,,,true,true,6,2022-04-01,2022-09-30,1
2022-05-13,40050,2023-03-31,,,,,,,,180000000000,-0.163,,,,125000000000,,76.45,,,,,,,,,,,,,,,,0.314,,,,,,true,true,12,2022-04-01,2023-03-31,1
2022-05-13,40050,2023-03-31,,,,,,,,,,,,,,,,,,,,,,,,,,,,,,24.00,,,,,,,false,true,12,2022-04-01,2023-03-31,1
2022-08-01,40050,2023-03-31,1,,,,,,,66282000000,0.136,,,,69992000000,,42.81,,,,,,4669887000000,,,,,,,,,,,,,,,,true,false,3,2022-04-01,2022-06-30,0
2022-08-01,40050,2022-03-31,1,,,,,,,58344000000,2.159,,,,35659000000,,21.81,,,,,,,,,,,,,,,,,,,,,,true,false,3,2021-04-01,2021-06-30,-1
2022-08-01,40050,2023-03-31,1,,,,,,,100000000000,-0.307,,,,85000000000,,51.99,,,,,,,,,,,,,,,,,,,,,,true,true,6,2022-04-01,2022-09-30,0
2022-08-01,40050,2023-03-31,1,,,,,,,180000000000,-0.163,,,,125000000000,,76.45,,,,,,,,,,,,,,,,,,,,,,true,true,12,2022-04-01,2023-03-31,0
2022-08-01,40050,2022-03-31,1,,,,,,,,,,,,,,,,,,,,4308151000000,,,,,,,,,,,,,,,,true,false,12,2021-04-01,2022-03-31,-1
2022-08-01,40050,2022-03-31,1,,,,,,,,,,,,,,,,,,,,,,,,,,,,,24.00,,,,1655446177,20474797,,false,false,12,2021-04-01,2022-03-31,-1
2022-08-01,40050,2023-03-31,1,,,,,,,,,,,,,,,,,,,,,,,,,,,,,24.00,,,,,,,false,true,12,2022-04-01,2023-03-31,0
2022-08-01,40050,2023-03-31,1,,,,,,,,,,,,,,,,,,,,,,,,,,,,,,,,,1655446177,20477134,1634969789,false,false,3,2022-04-01,2022-06-30,0
2022-08-01,40050,2022-03-31,1,,,,,,,,,,,,,,,,,,,,,,,,,,,,,,,,,,,1634984794,false,false,3,2021-04-01,2021-06-30,-1
2022-10-06,40050,2023-03-31,,,,,,,,65000000000,-0.350,,,,85000000000,,51.99,,,,,,,,,,,,,,,,,,,,,,true,true,6,2022-04-01,2022-09-30,0
2022-10-06,40050,2022-03-31,,,,,,,,144272000000,,,,,88884000000,,54.36,,,,,,,,,,,,,,,,,,,,,,true,false,6,2021-04-01,2021-09-30,-1
2022-11-01,40050,2023-03-31,2,,,,,,,60567000000,-0.580,,,,81063000000,,49.58,49.57,,,,,4682024000000,,,,,,,,,,,,,,,,true,false,6,2022-04-01,2022-09-30,0
2022-11-01,40050,2022-03-31,2,,,,,,,144272000000,1.875,,,,88884000000,,54.36,,,,,,,,,,,,,,,,,,,,,,true,false,6,2021-04-01,2021-09-30,-1
2022-11-01,40050,2023-03-31,2,,,,,,,115000000000,-0.465,,,,105000000000,,64.22,,,,,,,,,,,,,,,,,,,,,,true,true,12,2022-04-01,2023-03-31,0
2022-11-01,40050,2022-03-31,2,,,,,,,,,,,,,,,,,,,,4308151000000,,,,,,,,,,,,,,,,true,false,12,2021-04-01,2022-03-31,-1
2022-11-01,40050,2022-03-31,2,,,,,,,,,,,,,,,,,,,,,,,,,,,,,24.00,,,,1655446177,20474797,,false,false,12,2021-04-01,2022-03-31,-1
2022-11-01,40050,2023-03-31,2,,,,,,,,,,,,,,,,,,,,,,,,,,,,,12.00,,,,,,,false,false,12,2022-04-01,2023-03-31,0
2022-11-01,40050,2023-03-31,2,,,,,,,,,,,,,,,,,,,,,,,,,,,,,24.00,,,,,,,false,true,12,2022-04-01,2023-03-31,0
2022-11-01,40050,2023-03-31,2,,,,,,,,,,,,,,,,,,,,,,,,,,,,,,,,,1655860207,20480708,1634968190,false,false,6,2022-04-01,2022-09-30,0
2022-11-01,40050,2022-03-31,2,,,,,,,,,,,,,,,,,,,,,,,,,,,,,,,,,,,1634982685,false,false,6,2021-04-01,2021-09-30,-1
2023-02-01,40050,2023-03-31,3,,,,,,,71441000000,-0.639,,,,60310000000,,36.89,36.88,,,,,4550636000000,,,,,,,,,,,,,,,,true,false,9,2022-04-01,2022-12-31,0
2023-02-01,40050,2022-03-31,3,,,,,,,197923000000,0.710,,,,133663000000,,81.75,,,,,,,,,,,,,,,,,,,,,,true,false,9,2021-04-01,2021-12-31,-1
2023-02-01,40050,2023-03-31,3,,,,,,,0,-1.000,,,,0,,0.00,,,,,,,,,,,,,,,,,,,,,,true,true,12,2022-04-01,2023-03-31,0
2023-02-01,40050,2022-03-31,3,,,,,,,,,,,,,,,,,,,,4308151000000,,,,,,,,,,,,,,,,true,false,12,2021-04-01,2022-03-31,-1
2023-02-01,40050,2022-03-31,3,,,,,,,,,,,,,,,,,,,,,,,,,,,,,24.00,,,,1655446177,20474797,,false,false,12,2021-04-01,2022-03-31,-1
2023-02-01,40050,2023-03-31,3,,,,,,,,,,,,,,,,,,,,,,,,,,,,,12.00,,,,,,,false,false,12,2022-04-01,2023-03-31,0
2023-02-01,40050,2023-03-31,3,,,,,,,,,,,,,,,,,,,,,,,,,,,,,,,,,1655860207,20483645,1634966697,false,false,9,2022-04-01,2022-12-31,0
2023-02-01,40050,2022-03-31,3,,,,,,,,,,,,,,,,,,,,,,,,,,,,,,,,,,,1634980571,false,false,9,2021-04-01,2021-12-31,-1
,40050,2023-03-31,,,,,,,,,,,,,,,,,,,,,,,,,,,,,,18.00,,,,,,,false,true,12,2022-04-01,2023-03-31,0
,40050,2023-03-31,,,,,,,,,,,,,,,,,,,,,,,,,,,,,,12.00,,,,,,,false,false,12,2022-04-01,2023-03-31,0
,40050,2022-03-31,,,,,,,,,,,,,,,,,,,,,,,,,,,,,,24.00,,,,,,,false,false,12,2021-04-01,2022-03-31,-1
2023-05-15,40050,2023-03-31,,894389000000,0.122,,,,,7853000000,-0.460,69529000000,0.015,50444000000,,-0.183,30.85,,,,,,1772927000000,377999000000,0.213,231.14,377999000000,,,,,18.00,,,,1655860207,20486616,1634980255,false,false,12,2022-04-01,2023-03-31,0
2023-05-15,40050,2022-03-31,,797358000000,0.234,,,,,14532000000,,68488000000,0.798,61736000000,,0.480,37.76,,,,,,1740123000000,368789000000,0.212,225.56,368789000000,,,,,24.00,,,,1655446177,20474797,1634978523,false,false,12,2021-04-01,2022-03-31,-1
2023-05-15,40050,2023-03-31,,,,,,,,-30984000000,,,,,6987000000,,4.27,4.27,,,,,4165503000000,,,,,111621000000,-19411000000,-178502000000,,,4.212,,,,,,true,false,12,2022-04-01,2023-03-31,0
2023-05-15,40050,2022-03-31,,,,,,,,215003000000,0.568,,,,162130000000,,99.16,,,,,,4308151000000,,,,,171715000000,-115421000000,-81394000000,,,0.242,,,,,,true,false,12,2021-04-01,2022-03-31,-1
2023-05-15,40050,2024-03-31,,,,,,,,-45000000000,,,,,-30000000000,,-18.35,,,,,,,,,,,,,,,,,,,,,,true,true,6,2023-04-01,2023-09-30,1
2023-05-15,40050,2024-03-31,,,,,,,,20000000000,,,,,10000000000,,6.12,,,,,,,,,,,,,,,,1.962,,,,,,true,true,12,2023-04-01,2024-03-31,1
2023-05-15,40050,2024-03-31,,,,,,,,,,,,,,,,,,,,,,,,,,,,,,12.00,,,,,,,false,true,12,2023-04-01,2024-03-31,1
2023-08-02,40050,2024-03-31,1,,,,,,,-71747000000,,,,,-33153000000,,-20.27,,,,,,4373798000000,,,,,,,,,,,,,,,,true,false,3,2023-04-01,2023-06-30,0
2023-08-02,40050,2023-03-31,1,,,,,,,66282000000,0.136,,,,69992000000,,42.81,,,,,,,,,,,,,,,,,,,,,,true,false,3,2022-04-01,2022-06-30,-1
2023-08-02,40050,2024-03-31,1,,,,,,,-45000000000,,,,,-30000000000,,-18.35,,,,,,,,,,,,,,,,,,,,,,true,true,6,2023-04-01,2023-09-30,0
2023-08-02,40050,2024-03-31,1,,,,,,,20000000000,,,,,10000000000,,6.12,,,,,,,,,,,,,,,,,,,,,,true,true,12,2023-04-01,2024-03-31,0
2023-08-02,40050,2023-03-31,1,,,,,,,,,,,,,,,,,,,,4165503000000,,,,,,,,,,,,,,,,true,false,12,2022-04-01,2023-03-31,-1
2023-08-02,40050,2023-03-31,1,,,,,,,,,,,,,,,,,,,,,,,,,,,,,18.00,,,,1655860207,20486616,,false,false,12,2022-04-01,2023-03-31,-1
2023-08-02,40050,2024-03-31,1,,,,,,,,,,,,,,,,,,,,,,,,,,,,,12.00,,,,,,,false,true,12,2023-04-01,2024-03-31,0
2023-08-02,40050,2024-03-31,1,,,,,,,,,,,,,,,,,,,,,,,,,,,,,,,,,1655860207,20489393,1635216496,false,false,3,2023-04-01,2023-06-30,0
2023-08-02,40050,2023-03-31,1,,,,,,,,,,,,,,,,,,,,,,,,,,,,,,,,,,,1634969789,false,false,3,2022-04-01,2022-06-30,-1
2023-10-27,40050,2024-03-31,,,,,,,,-134000000000,,,,,-76000000000,,-46.48,,,,,,,,,,,,,,,,,,,,,,true,true,6,2023-04-01,2023-09-30,0
2023-10-27,40050,2023-03-31,,,,,,,,60567000000,,,,,81063000000,,49.58,,,,,,,,,,,,,,,,,,,,,,true,false,6,2022-04-01,2022-09-30,-1
2023-11-01,40050,2024-03-31,2,,,,,,,-133679000000,,,,,-76346000000,,-46.69,,,,,,4384121000000,,,,,,,,,,,,,,,,true,false,6,2023-04-01,2023-09-30,0
2023-11-01,40050,2023-03-31,2,,,,,,,60567000000,-0.580,,,,81063000000,,49.58,49.57,,,,,,,,,,,,,,,,,,,,,true,false,6,2022-04-01,2022-09-30,-1
2023-11-01,40050,2024-03-31,2,,,,,,,-125000000000,,,,,-95000000000,,-58.09,,,,,,,,,,,,,,,,,,,,,,true,true,12,2023-04-01,2024-03-31,0
2023-11-01,40050,2023-03-31,2,,,,,,,,,,,,,,,,,,,,4165503000000,,,,,,,,,,,,,,,,true,false,12,2022-04-01,2023-03-31,-1
2023-11-01,40050,2023-03-31,2,,,,,,,,,,,,,,,,,,,,,,,,,,,,,18.00,,,,1655860207,20486616,,false,false,12,2022-04-01,2023-03-31,-1
2023-11-01,40050,2024-03-31,2,,,,,,,,,,,,,,,,,,,,,,,,,,,,,6.00,,,,,,,false,false,12,2023-04-01,2024-03-31,0
2023-11-01,40050,2024-03-31,2,,,,,,,,,,,,,,,,,,,,,,,,,,,,,12.00,,,,,,,false,true,12,2023-04-01,2024-03-31,0
2023-11-01,40050,2024-03-31,2,,,,,,,,,,,,,,,,,,,,,,,,,,,,,,,,,1656449145,20493164,1635292441,false,false,6,2023-04-01,2023-09-30,0
2023-11-01,40050,2023-03-31,2,,,,,,,,,,,,,,,,,,,,,,,,,,,,,,,,,,,1634968190,false,false,6,2022-04-01,2022-09-30,-1
2024-02-02,40050,2024-03-31,3,,,,,,,-160634000000,,,,,-109778000000,,-67.13,,,,,,4219651000000,,,,,,,,,,,,,,,,true,false,9,2023-04-01,2023-12-31,0
2024-02-02,40050,2023-03-31,3,,,,,,,71441000000,-0.639,,,,60310000000,,36.89,36.88,,,,,,,,,,,,,,,,,,,,,true,false,9,2022-04-01,2022-12-31,-1
2024-02-02,40050,2024-03-31,3,,,,,,,-285000000000,,,,,-245000000000,,-149.82,,,,,,,,,,,,,,,,,,,,,,true,true,12,2023-04-01,2024-03-31,0
2024-02-02,40050,2023-03-31,3,,,,,,,,,,,,,,,,,,,,4165503000000,,,,,,,,,,,,,,,,true,false,12,2022-04-01,2023-03-31,-1
2024-02-02,40050,2023-03-31,3,,,,,,,,,,,,,,,,,,,,,,,,,,,,,18.00,,,,1655860207,20486616,,false,false,12,2022-04-01,2023-03-31,-1
2024-02-02,40050,2024-03-31,3,,,,,,,,,,,,,,,,,,,,,,,,,,,,,6.00,,,,,,,false,false,12,2023-04-01,2024-03-31,0
2024-02-02,40050,2024-03-31,3,,,,,,,,,,,,,,,,,,,,,,,,,,,,,9.00,,,,,,,false,true,12,2023-04-01,2024-03-31,0
2024-02-02,40050,2024-03-31,3,,,,,,,,,,,,,,,,,,,,,,,,,,,,,,,,,1656449145,20496555,1635316629,false,false,9,2023-04-01,2023-12-31,0
2024-02-02,40050,2023-03-31,3,,,,,,,,,,,,,,,,,,,,,,,,,,,,,,,,,,,1634966697,false,false,9,2022-04-01,2022-12-31,-1
2024-04-30,40050,2024-03-31,,,,,,,,-489000000000,,,,,-312000000000,,-190.78,,,,,,,,,,,,,,,,,,,,,,true,true,12,2023-04-01,2024-03-31,0
2024-04-30,40050,2023-03-31,,,,,,,,-30984000000,,,,,6987000000,,4.27,,,,,,,,,,,,,,,,,,,,,,true,false,12,2022-04-01,2023-03-31,-1
2024-05-15,40050,2024-03-31,,809559000000,-0.095,,,,,2439000000,-0.689,53425000000,-0.232,8704000000,,-0.827,5.32,,,,,,1899631000000,370418000000,0.195,226.42,370418000000,,,,,9.00,,,,1656449145,20500922,1635352046,false,false,12,2023-04-01,2024-03-31,0
2024-05-15,40050,2023-03-31,,894389000000,0.122,,,,,7853000000,-0.460,69529000000,0.015,50444000000,,-0.183,30.85,,,,,,1772927000000,377999000000,0.213,231.14,377999000000,,,,,18.00,,,,1655860207,20486616,1634980255,false,false,12,2022-04-01,2023-03-31,-1
2024-05-15,40050,2024-03-31,,,,,,,,-488826000000,,,,,-311838000000,,-190.69,,,,,,3934818000000,,,,,-51317000000,-112240000000,49246000000,,,,,,,,,true,false,12,2023-04-01,2024-03-31,0
2024-05-15,40050,2023-03-31,,,,,,,,-30984000000,,,,,6987000000,,4.27,4.27,,,,,4165503000000,,,,,111621000000,-19411000000,-178502000000,,,4.212,,,,,,true,false,12,2022-04-01,2023-03-31,-1
2024-05-15,40050,2025-03-31,,,,,,,,70000000000,,,,,20000000000,,12.23,,,,,,,,,,,,,,,,0.736,,,,,,true,true,12,2024-04-01,2025-03-31,1
2024-05-15,40050,2025-03-31,,,,,,,,,,,,,,,,,,,,,,,,,,,,,,9.00,,,,,,,false,true,12,2024-04-01,2025-03-31,1
2024-08-02,40050,2025-03-31,1,,,,,,,11499000000,,,,,24383000000,,14.91,14.90,,,,,3949741000000,,,,,,,,,,,,,,,,true,false,3,2024-04-01,2024-06-30,0
2024-08-02,40050,2024-03-31,1,,,,,,,-71747000000,,,,,-33153000000,,-20.27,,,,,,,,,,,,,,,,,,,,,,true,false,3,2023-04-01,2023-06-30,-1
2024-08-02,40050,2025-03-31,1,,,,,,,70000000000,,,,,20000000000,,12.23,,,,,,,,,,,,,,,,,,,,,,true,true,12,2024-04-01,2025-03-31,0
2024-08-02,40050,2024-03-31,1,,,,,,,,,,,,,,,,,,,,3934818000000,,,,,,,,,,,,,,,,true,false,12,2023-04-01,2024-03-31,-1
2024-08-02,40050,2024-03-31,1,,,,,,,,,,,,,,,,,,,,,,,,,,,,,9.00,,,,1656449145,20500922,,false,false,12,2023-04-01,2024-03-31,-1
2024-08-02,40050,2025-03-31,1,,,,,,,,,,,,,,,,,,,,,,,,,,,,,9.00,,,,,,,false,true,12,2024-04-01,2025-03-31,0
2024-08-02,40050,2025-03-31,1,,,,,,,,,,,,,,,,,,,,,,,,,,,,,,,,,1656449145,20504544,1635748188,false,false,3,2024-04-01,2024-06-30,0
2024-08-02,40050,2024-03-31,1,,,,,,,,,,,,,,,,,,,,,,,,,,,,,,,,,,,1635216496,false,false,3,2023-04-01,2023-06-30,-1
2024-10-30,40050,2025-03-31,2,,,,,,,121249000000,,,,,-6527000000,,-3.99,,,,,,3719035000000,,,,,,,,,,,,,,,,true,false,6,2024-04-01,2024-09-30,0
2024-10-30,40050,2024-03-31,2,,,,,,,-133679000000,,,,,-76346000000,,-46.69,,,,,,,,,,,,,,,,,,,,,,true,false,6,2023-04-01,2023-09-30,-1
2024-10-30,40050,2025-03-31,2,,,,,,,180000000000,,,,,25000000000,,15.28,,,,,,,,,,,,,,,,,,,,,,true,true,12,2024-04-01,2025-03-31,0
2024-10-30,40050,2024-03-31,2,,,,,,,,,,,,,,,,,,,,3934818000000,,,,,,,,,,,,,,,,true,false,12,2023-04-01,2024-03-31,-1
2024-10-30,40050,2024-03-31,2,,,,,,,,,,,,,,,,,,,,,,,,,,,,,9.00,,,,1656449145,20500922,,false,false,12,2023-04-01,2024-03-31,-1
2024-10-30,40050,2025-03-31,2,,,,,,,,,,,,,,,,,,,,,,,,,,,,,3.00,,,,,,,false,false,12,2024-04-01,2025-03-31,0
2024-10-30,40050,2025-03-31,2,,,,,,,,,,,,,,,,,,,,,,,,,,,,,9.00,,,,,,,false,true,12,2024-04-01,2025-03-31,0
2024-10-30,40050,2025-03-31,2,,,,,,,,,,,,,,,,,,,,,,,,,,,,,,,,,1657217608,20509658,1635844492,false,false,6,2024-04-01,2024-09-30,0
2024-10-30,40050,2024-03-31,2,,,,,,,,,,,,,,,,,,,,,,,,,,,,,,,,,,,1635292441,false,false,6,2023-04-01,2023-09-30,-1
2025-02-03,40050,2025-03-31,3,,,,,,,145434000000,,,,,28581000000,,17.47,17.47,,,,,3739477000000,,,,,,,,,,,,,,,,true,false,9,2024-04-01,2024-12-31,0
2025-02-03,40050,2024-03-31,3,,,,,,,-160634000000,,,,,-109778000000,,-67.13,,,,,,,,,,,,,,,,,,,,,,true,false,9,2023-04-01,2023-12-31,-1
2025-02-03,40050,2025-03-31,3,,,,,,,180000000000,,,,,25000000000,,15.28,,,,,,,,,,,,,,,,,,,,,,true,true,12,2024-04-01,2025-03-31,0
2025-02-03,40050,2024-03-31,3,,,,,,,,,,,,,,,,,,,,3934818000000,,,,,,,,,,,,,,,,true,false,12,2023-04-01,2024-03-31,-1
2025-02-03,40050,2024-03-31,3,,,,,,,,,,,,,,,,,,,,,,,,,,,,,9.00,,,,1656449145,20500922,,false,false,12,2023-04-01,2024-03-31,-1
2025-02-03,40050,2025-03-31,3,,,,,,,,,,,,,,,,,,,,,,,,,,,,,3.00,,,,,,,false,false,12,2024-04-01,2025-03-31,0
2025-02-03,40050,2025-03-31,3,,,,,,,,,,,,,,,,,,,,,,,,,,,,,9.00,,,,,,,false,true,12,2024-04-01,2025-03-31,0
2025-02-03,40050,2025-03-31,3,,,,,,,,,,,,,,,,,,,,,,,,,,,,,,,,,1657217608,20512972,1635875454,false,false,9,2024-04-01,2024-12-31,0
2025-02-03,40050,2024-03-31,3,,,,,,,,,,,,,,,,,,,,,,,,,,,,,,,,,,,1635316629,false,false,9,2023-04-01,2023-12-31,-1
2025-04-30,40050,2025-03-31,,,,,,,,193000000000,0.072,,,,38000000000,,23.22,,,,,,,,,,,,,,,,,,,,,,true,true,12,2024-04-01,2025-03-31,0
2025-04-30,40050,2024-03-31,,,,,,,,-488826000000,,,,,-311838000000,,-190.69,,,,,,,,,,,,,,,,,,,,,,true,false,12,2023-04-01,2024-03-31,-1
2025-02-03,40050,2025-03-31,3,,,,,,,145434000000,,,,,28581000000,,17.47,17.47,,,,,3739477000000,,,,,,,,,,,,,,,,true,false,9,2024-04-01,2024-12-31,0
2025-02-03,40050,2024-03-31,3,,,,,,,-160634000000,,,,,-109778000000,,-67.13,,,,,,,,,,,,,,,,,,,,,,true,false,9,2023-04-01,2023-12-31,-1
2025-02-03,40050,2025-03-31,3,,,,,,,180000000000,,,,,25000000000,,15.28,,,,,,,,,,,,,,,,,,,,,,true,true,12,2024-04-01,2025-03-31,0
2025-02-03,40050,2024-03-31,3,,,,,,,,,,,,,,,,,,,,3934818000000,,,,,,,,,,,,,,,,true,false,12,2023-04-01,2024-03-31,-1
2025-02-03,40050,2024-03-31,3,,,,,,,,,,,,,,,,,,,,,,,,,,,,,9.00,,,,1656449145,20500922,,false,false,12,2023-04-01,2024-03-31,-1
2025-02-03,40050,2025-03-31,3,,,,,,,,,,,,,,,,,,,,,,,,,,,,,3.00,,,,,,,false,false,12,2024-04-01,2025-03-31,0
2025-02-03,40050,2025-03-31,3,,,,,,,,,,,,,,,,,,,,,,,,,,,,,9.00,,,,,,,false,true,12,2024-04-01,2025-03-31,0
2025-02-03,40050,2025-03-31,3,,,,,,,,,,,,,,,,,,,,,,,,,,,,,,,,,1657217608,20512972,1635875454,false,false,9,2024-04-01,2024-12-31,0
2025-02-03,40050,2024-03-31,3,,,,,,,,,,,,,,,,,,,,,,,,,,,,,,,,,,,1635316629,false,false,9,2023-04-01,2023-12-31,-1
2025-05-14,40050,2025-03-31,,856554000000,0.058,,,,,59653000000,,84885000000,0.589,24174000000,,1.777,14.77,,,,,,1816932000000,393915000000,0.217,240.68,393915000000,,,,,9.00,,,,1657217608,20517033,1635928636,false,false,12,2024-04-01,2025-03-31,0
2025-05-14,40050,2024-03-31,,809559000000,-0.095,,,,,2439000000,-0.689,53425000000,-0.232,8704000000,,-0.827,5.32,,,,,,1899631000000,370418000000,0.195,226.42,370418000000,,,,,9.00,,,,1656449145,20500922,1635352046,false,false,12,2023-04-01,2024-03-31,-1
2025-05-14,40050,2025-03-31,,,,,,,,193033000000,,,,,38591000000,,23.59,23.58,,,,,3439784000000,,,,,233027000000,85229000000,-300778000000,,,0.382,,,,,,true,false,12,2024-04-01,2025-03-31,0
2025-05-14,40050,2024-03-31,,,,,,,,-488826000000,,,,,-311838000000,,-190.69,,,,,,3934818000000,,,,,-51317000000,-112240000000,49246000000,,,,,,,,,true,false,12,2023-04-01,2024-03-31,-1
2025-05-14,40050,2026-03-31,,,,,,,,105000000000,-0.456,,,,40000000000,,24.44,,,,,,,,,,,,,,,,0.491,,,,,,true,true,12,2025-04-01,2026-03-31,1
2025-05-14,40050,2026-03-31,,,,,,,,,,,,,,,,,,,,,,,,,,,,,,12.00,,,,,,,false,true,12,2025-04-01,2026-03-31,1
2025-08-01,40050,2026-03-31,1,,,,,,,25452000000,1.213,,,,-4523000000,,-2.76,,,,,,3329549000000,,,,,,,,,,,,,,,,true,false,3,2025-04-01,2025-06-30,0
2025-08-01,40050,2025-03-31,1,,,,,,,11499000000,,,,,24383000000,,14.91,14.90,,,,,,,,,,,,,,,,,,,,,true,false,3,2024-04-01,2024-06-30,-1
2025-08-01,40050,2026-03-31,1,,,,,,,85000000000,-0.299,,,,25000000000,,15.28,,,,,,,,,,,,,,,,,,,,,,true,true,6,2025-04-01,2025-09-30,0
2025-08-01,40050,2026-03-31,1,,,,,,,105000000000,-0.456,,,,40000000000,,24.44,,,,,,,,,,,,,,,,,,,,,,true,true,12,2025-04-01,2026-03-31,0
2025-08-01,40050,2025-03-31,1,,,,,,,,,,,,,,,,,,,,3439784000000,,,,,,,,,,,,,,,,true,false,12,2024-04-01,2025-03-31,-1
2025-08-01,40050,2025-03-31,1,,,,,,,,,,,,,,,,,,,,,,,,,,,,,9.00,,,,1657217608,20517033,,false,false,12,2024-04-01,2025-03-31,-1
2025-08-01,40050,2026-03-31,1,,,,,,,,,,,,,,,,,,,,,,,,,,,,,12.00,,,,,,,false,true,12,2025-04-01,2026-03-31,0
2025-08-01,40050,2026-03-31,1,,,,,,,,,,,,,,,,,,,,,,,,,,,,,,,,,1657217608,20519186,1636496435,false,false,3,2025-04-01,2025-06-30,0
2025-08-01,40050,2025-03-31,1,,,,,,,,,,,,,,,,,,,,,,,,,,,,,,,,,,,1635748188,false,false,3,2024-04-01,2024-06-30,-1
