filing_date,code,fiscal_year_end,quarterly_period,net_sales,net_sales_change,revenue,revenue_change,operating_revenue,operating_revenue_change,operating_profit,operating_profit_change,ordinary_profit,ordinary_profit_change,net_income,net_income_of_parent,net_income_change,eps,diluted_eps,roe,roa,operating_profit_to_net_sales,operating_profit_to_revenue,total_assets,net_assets,equity_ratio,bps,owner_equity,operating_cash_flow,investing_cash_flow,financing_cash_flow,cash,dividend_per_share,payout_ratio,commemorative_dividend,extra_dividend,number_of_shares,number_of_treqsury_shares,avg_number_of_shares,is_consolidated,is_forecast,duration,period_start,period_end,period_pos
2015-07-31,40250,2015-12-31,2,17239000000,-0.004,,,,,1384000000,0.213,1532000000,0.240,992000000,,0.266,45.95,,,,,,39964000000,22521000000,0.555,,22177000000,,,,,,,,,,,,true,false,6,2015-01-01,2015-06-30,0
2015-07-31,40250,2014-12-31,2,17306000000,0.005,,,,,1141000000,-0.198,1235000000,-0.186,784000000,,-0.191,36.30,,,,,,,,,,,,,,,,,,,,,,true,false,6,2014-01-01,2014-06-30,-1
2015-07-31,40250,2015-12-31,2,34000000000,0.002,,,,,1750000000,-0.020,1900000000,-0.037,1200000000,,-0.058,55.55,,,,,,,,,,,,,,,,,,,,,,true,true,12,2015-01-01,2015-12-31,0
2015-07-31,40250,2014-12-31,2,,,,,,,,,,,,,,,,,,,,37256000000,21073000000,0.557,,20740000000,,,,,,,,,,,,true,false,12,2014-01-01,2014-12-31,-1
2015-07-31,40250,2014-12-31,2,,,,,,,,,,,,,,,,,,,,,,,,,,,,,13.00,,,,23646924,2045251,,false,false,12,2014-01-01,2014-12-31,-1
2015-07-31,40250,2015-12-31,2,,,,,,,,,,,,,,,,,,,,,,,,,,,,,13.00,,,,,,,false,true,12,2015-01-01,2015-12-31,0
2015-07-31,40250,2015-12-31,2,,,,,,,,,,,,,,,,,,,,,,,,,,,,,,,,,23646924,2046462,21601129,false,false,6,2015-01-01,2015-06-30,0
2015-07-31,40250,2014-12-31,2,,,,,,,,,,,,,,,,,,,,,,,,,,,,,,,,,,,21601897,false,false,6,2014-01-01,2014-06-30,-1
2015-10-30,40250,2015-12-31,3,24517000000,-0.005,,,,,1522000000,0.219,1674000000,0.231,1073000000,,0.237,49.72,,,,,,38072000000,21812000000,0.564,,21460000000,,,,,,,,,,,,true,false,9,2015-01-01,2015-09-30,0
2015-10-30,40250,2014-12-31,3,24649000000,-0.004,,,,,1249000000,-0.246,1359000000,-0.227,868000000,,-0.221,40.19,,,,,,,,,,,,,,,,,,,,,,true,false,9,2014-01-01,2014-09-30,-1
2015-10-30,40250,2015-12-31,3,34000000000,0.002,,,,,1750000000,-0.020,1900000000,-0.037,1200000000,,-0.058,55.55,,,,,,,,,,,,,,,,,,,,,,true,true,12,2015-01-01,2015-12-31,0
2015-10-30,40250,2014-12-31,3,,,,,,,,,,,,,,,,,,,,37256000000,21073000000,0.557,,20740000000,,,,,,,,,,,,true,false,12,2014-01-01,2014-12-31,-1
2015-10-30,40250,2014-12-31,3,,,,,,,,,,,,,,,,,,,,,,,,,,,,,13.00,,,,23646924,2045251,,false,false,12,2014-01-01,2014-12-31,-1
2015-10-30,40250,2015-12-31,3,,,,,,,,,,,,,,,,,,,,,,,,,,,,,13.00,,,,,,,false,true,12,2015-01-01,2015-12-31,0
2015-10-30,40250,2015-12-31,3,,,,,,,,,,,,,,,,,,,,,,,,,,,,,,,,,23646924,2046781,21600875,false,false,9,2015-01-01,2015-09-30,0
2015-10-30,40250,2014-12-31,3,,,,,,,,,,,,,,,,,,,,,,,,,,,,,,,,,,,21601869,false,false,9,2014-01-01,2014-09-30,-1
,40250,2015-12-31,,,,,,,,,,,,,,,,,,,,,,,,,,,,,,14.00,,,,,,,false,true,12,2015-01-01,2015-12-31,0
,40250,2014-12-31,,,,,,,,,,,,,,,,,,,,,,,,,,,,,,13.00,,,,,,,false,false,12,2014-01-01,2014-12-31,-1
2016-02-08,40250,2015-12-31,,33614000000,-0.009,,,,,1858000000,0.041,2063000000,0.046,1321000000,,0.037,61.19,,0.062,0.054,0.055,,38558000000,22160000000,0.565,1009.35,21801000000,1691000000,-1026000000,-429000000,1885000000,,0.229,,,,,,true,false,12,2015-01-01,2015-12-31,0
2016-02-08,40250,2014-12-31,,33936000000,-0.006,,,,,1785000000,-0.186,1972000000,-0.151,1274000000,,-0.103,58.99,,0.062,0.053,0.053,,37256000000,21073000000,0.557,960.14,20740000000,1743000000,-760000000,-813000000,1649000000,,0.220,,,,,,true,false,12,2014-01-01,2014-12-31,-1
2016-02-08,40250,2016-12-31,,33500000000,-0.003,,,,,1800000000,-0.032,1950000000,-0.055,,1200000000,,55.56,,,,,,,,,,,,,,,,0.252,,,,,,true,true,12,2016-01-01,2016-12-31,1
2016-02-08,40250,2015-12-31,,23386000000,0.010,,,,,1075000000,-0.086,1522000000,0.109,1078000000,,0.284,49.92,,,,,,32227000000,18589000000,0.577,860.66,18589000000,,,,,14.00,,,1.00,23646924,2047366,21600674,false,false,12,2015-01-01,2015-12-31,0
2016-02-08,40250,2014-12-31,,23152000000,-0.024,,,,,1176000000,-0.319,1372000000,-0.274,839000000,,-0.298,38.87,,,,,,31073000000,17816000000,0.573,824.77,17816000000,,,,,13.00,,,,23646924,2045251,21601844,false,false,12,2014-01-01,2014-12-31,-1
2016-02-08,40250,2016-12-31,,,,,,,,,,,,,,,,,,,,,,,,,,,,,,14.00,,,,,,,false,true,12,2016-01-01,2016-12-31,1
2016-04-27,40250,2016-12-31,1,8125000000,-0.035,,,,,203000000,-0.680,226000000,-0.674,,135000000,,6.27,,,,,,38295000000,21024000000,0.539,,20659000000,,,,,,,,,,,,true,false,3,2016-01-01,2016-03-31,0
2016-04-27,40250,2015-12-31,1,8423000000,-0.133,,,,,634000000,-0.240,696000000,-0.176,,450000000,,20.84,,,,,,,,,,,,,,,,,,,,,,true,false,3,2015-01-01,2015-03-31,-1
2016-04-27,40250,2016-12-31,1,33500000000,-0.003,,,,,1800000000,-0.032,1950000000,-0.055,,1200000000,,55.56,,,,,,,,,,,,,,,,,,,,,,true,true,12,2016-01-01,2016-12-31,0
2016-04-27,40250,2015-12-31,1,,,,,,,,,,,,,,,,,,,,38558000000,22160000000,0.565,,21801000000,,,,,,,,,,,,true,false,12,2015-01-01,2015-12-31,-1
2016-04-27,40250,2015-12-31,1,,,,,,,,,,,,,,,,,,,,,,,,,,,,,14.00,,,,23646924,2047366,,false,false,12,2015-01-01,2015-12-31,-1
2016-04-27,40250,2016-12-31,1,,,,,,,,,,,,,,,,,,,,,,,,,,,,,14.00,,,,,,,false,true,12,2016-01-01,2016-12-31,0
2016-04-27,40250,2016-12-31,1,,,,,,,,,,,,,,,,,,,,,,,,,,,,,,,,,23646924,2047366,21599558,false,false,3,2016-01-01,2016-03-31,0
2016-04-27,40250,2015-12-31,1,,,,,,,,,,,,,,,,,,,,,,,,,,,,,,,,,,,21601493,false,false,3,2015-01-01,2015-03-31,-1
2016-07-28,40250,2016-12-31,2,16494000000,-0.043,,,,,895000000,-0.354,983000000,-0.358,,634000000,,29.38,,,,,,38706000000,21229000000,0.539,,20857000000,,,,,,,,,,,,true,false,6,2016-01-01,2016-06-30,0
2016-07-28,40250,2015-12-31,2,17239000000,-0.004,,,,,1384000000,0.213,1532000000,0.240,,992000000,,45.95,,,,,,,,,,,,,,,,,,,,,,true,false,6,2015-01-01,2015-06-30,-1
2016-07-28,40250,2016-12-31,2,33500000000,-0.003,,,,,1800000000,-0.032,1950000000,-0.055,,1200000000,,55.56,,,,,,,,,,,,,,,,,,,,,,true,true,12,2016-01-01,2016-12-31,0
2016-07-28,40250,2015-12-31,2,,,,,,,,,,,,,,,,,,,,38558000000,22160000000,0.565,,21801000000,,,,,,,,,,,,true,false,12,2015-01-01,2015-12-31,-1
2016-07-28,40250,2015-12-31,2,,,,,,,,,,,,,,,,,,,,,,,,,,,,,14.00,,,,23646924,2047366,,false,false,12,2015-01-01,2015-12-31,-1
2016-07-28,40250,2016-12-31,2,,,,,,,,,,,,,,,,,,,,,,,,,,,,,14.00,,,,,,,false,true,12,2016-01-01,2016-12-31,0
2016-07-28,40250,2016-12-31,2,,,,,,,,,,,,,,,,,,,,,,,,,,,,,,,,,23646924,2047484,21599519,false,false,6,2016-01-01,2016-06-30,0
2016-07-28,40250,2015-12-31,2,,,,,,,,,,,,,,,,,,,,,,,,,,,,,,,,,,,21601129,false,false,6,2015-01-01,2015-06-30,-1
2016-10-28,40250,2016-12-31,3,23849000000,-0.027,,,,,1144000000,-0.248,1237000000,-0.261,,766000000,,35.48,,,,,,37043000000,21860000000,0.580,,21477000000,,,,,,,,,,,,true,false,9,2016-01-01,2016-09-30,0
2016-10-28,40250,2015-12-31,3,24517000000,-0.005,,,,,1522000000,0.219,1674000000,0.231,,1073000000,,49.72,,,,,,,,,,,,,,,,,,,,,,true,false,9,2015-01-01,2015-09-30,-1
2016-10-28,40250,2016-12-31,3,33500000000,-0.003,,,,,1800000000,-0.032,1950000000,-0.055,,1200000000,,55.56,,,,,,,,,,,,,,,,,,,,,,true,true,12,2016-01-01,2016-12-31,0
2016-10-28,40250,2015-12-31,3,,,,,,,,,,,,,,,,,,,,38558000000,22160000000,0.565,,21801000000,,,,,,,,,,,,true,false,12,2015-01-01,2015-12-31,-1
2016-10-28,40250,2015-12-31,3,,,,,,,,,,,,,,,,,,,,,,,,,,,,,14.00,,,,23646924,2047366,,false,false,12,2015-01-01,2015-12-31,-1
2016-10-28,40250,2016-12-31,3,,,,,,,,,,,,,,,,,,,,,,,,,,,,,14.00,,,,,,,false,true,12,2016-01-01,2016-12-31,0
2016-10-28,40250,2016-12-31,3,,,,,,,,,,,,,,,,,,,,,,,,,,,,,,,,,23646924,2048084,21599352,false,false,9,2016-01-01,2016-09-30,0
2016-10-28,40250,2015-12-31,3,,,,,,,,,,,,,,,,,,,,,,,,,,,,,,,,,,,21600875,false,false,9,2015-01-01,2015-09-30,-1
2017-02-13,40250,2016-12-31,,32426000000,-0.035,,,,,1577000000,-0.151,1741000000,-0.156,,1048000000,,48.56,,0.047,0.045,0.049,,38951000000,23172000000,0.585,1054.76,22781000000,2350000000,-1422000000,-247000000,2565000000,,0.288,,,,,,true,false,12,2016-01-01,2016-12-31,0
2017-02-13,40250,2015-12-31,,33614000000,-0.009,,,,,1858000000,0.041,2063000000,0.046,,1321000000,,61.19,,0.062,0.054,0.055,,38558000000,22160000000,0.565,1009.35,21801000000,1691000000,-1026000000,-429000000,1885000000,,0.229,,,,,,true,false,12,2015-01-01,2015-12-31,-1
2017-02-13,40250,2017-12-31,,32500000000,0.002,,,,,2100000000,0.331,2300000000,0.321,,1500000000,,347.25,,,,,,,,,,,,,,,,0.202,,,,,,true,true,12,2017-01-01,2017-12-31,1
2017-02-13,40250,2016-12-31,,23664000000,0.012,,,,,779000000,-0.275,1037000000,-0.319,650000000,,-0.396,30.13,,,,,,32741000000,19126000000,0.584,885.54,19126000000,,,,,14.00,,,,23646924,2048547,21599202,false,false,12,2016-01-01,2016-12-31,0
2017-02-13,40250,2015-12-31,,23386000000,0.010,,,,,1075000000,-0.086,1522000000,0.109,1078000000,,0.284,49.92,,,,,,32227000000,18589000000,0.577,860.66,18589000000,,,,,14.00,,,,23646924,2047366,21600674,false,false,12,2015-01-01,2015-12-31,-1
2017-02-13,40250,2017-12-31,,,,,,,,,,,,,,,,,,,,,,,,,,,,,,70.00,,,,,,,false,true,12,2017-01-01,2017-12-31,1
2017-05-02,40250,2017-12-31,1,8175000000,0.006,,,,,706000000,2.476,738000000,2.259,,506000000,,23.44,,,,,,39721000000,23197000000,0.581,,23071000000,,,,,,,,,,,,true,false,3,2017-01-01,2017-03-31,0
2017-05-02,40250,2016-12-31,1,8125000000,-0.035,,,,,203000000,-0.680,226000000,-0.674,,135000000,,6.27,,,,,,,,,,,,,,,,,,,,,,true,false,3,2016-01-01,2016-03-31,-1
2017-05-02,40250,2017-12-31,1,32500000000,0.002,,,,,2100000000,0.331,2300000000,0.321,,1500000000,,347.25,,,,,,,,,,,,,,,,,,,,,,true,true,12,2017-01-01,2017-12-31,0
2017-05-02,40250,2016-12-31,1,,,,,,,,,,,,,,,,,,,,38951000000,23172000000,0.585,,22781000000,,,,,,,,,,,,true,false,12,2016-01-01,2016-12-31,-1
2017-05-02,40250,2016-12-31,1,,,,,,,,,,,,,,,,,,,,,,,,,,,,,14.00,,,,23646924,2048547,,false,false,12,2016-01-01,2016-12-31,-1
2017-05-02,40250,2017-12-31,1,,,,,,,,,,,,,,,,,,,,,,,,,,,,,70.00,,,,,,,false,true,12,2017-01-01,2017-12-31,0
2017-05-02,40250,2017-12-31,1,,,,,,,,,,,,,,,,,,,,,,,,,,,,,,,,,23646924,2048547,21598377,false,false,3,2017-01-01,2017-03-31,0
2017-05-02,40250,2016-12-31,1,,,,,,,,,,,,,,,,,,,,,,,,,,,,,,,,,,,21599558,false,false,3,2016-01-01,2016-03-31,-1
2017-07-28,40250,2017-12-31,2,16915000000,0.026,,,,,1607000000,0.796,1735000000,0.764,,1228000000,,284.44,,,,,,40583000000,24231000000,0.594,,24104000000,,,,,,,,,,,,true,false,6,2017-01-01,2017-06-30,0
2017-07-28,40250,2016-12-31,2,16494000000,-0.043,,,,,895000000,-0.354,983000000,-0.358,,634000000,,146.92,,,,,,,,,,,,,,,,,,,,,,true,false,6,2016-01-01,2016-06-30,-1
2017-07-28,40250,2017-12-31,2,32500000000,0.002,,,,,2100000000,0.331,2300000000,0.321,,1500000000,,347.26,,,,,,,,,,,,,,,,,,,,,,true,true,12,2017-01-01,2017-12-31,0
2017-07-28,40250,2016-12-31,2,,,,,,,,,,,,,,,,,,,,38951000000,23172000000,0.585,,22781000000,,,,,,,,,,,,true,false,12,2016-01-01,2016-12-31,-1
2017-07-28,40250,2016-12-31,2,,,,,,,,,,,,,,,,,,,,,,,,,,,,,14.00,,,,4729384,409806,,false,false,12,2016-01-01,2016-12-31,-1
2017-07-28,40250,2017-12-31,2,,,,,,,,,,,,,,,,,,,,,,,,,,,,,70.00,,,,,,,false,true,12,2017-01-01,2017-12-31,0
2017-07-28,40250,2017-12-31,2,,,,,,,,,,,,,,,,,,,,,,,,,,,,,,,,,4729384,409806,4319578,false,false,6,2017-01-01,2017-06-30,0
2017-07-28,40250,2016-12-31,2,,,,,,,,,,,,,,,,,,,,,,,,,,,,,,,,,,,4319806,false,false,6,2016-01-01,2016-06-30,-1
2017-10-30,40250,2017-12-31,3,23691000000,-0.007,,,,,2033000000,0.777,2165000000,0.750,,1516000000,,351.00,,,,,,40427000000,24582000000,0.605,,24452000000,,,,,,,,,,,,true,false,9,2017-01-01,2017-09-30,0
2017-10-30,40250,2016-12-31,3,23849000000,-0.027,,,,,1144000000,-0.248,1237000000,-0.261,,766000000,,177.42,,,,,,,,,,,,,,,,,,,,,,true,false,9,2016-01-01,2016-09-30,-1
2017-10-30,40250,2017-12-31,3,32500000000,0.002,,,,,2100000000,0.331,2300000000,0.321,,1500000000,,347.26,,,,,,,,,,,,,,,,,,,,,,true,true,12,2017-01-01,2017-12-31,0
2017-10-30,40250,2016-12-31,3,,,,,,,,,,,,,,,,,,,,38951000000,23172000000,0.585,,22781000000,,,,,,,,,,,,true,false,12,2016-01-01,2016-12-31,-1
2017-10-30,40250,2016-12-31,3,,,,,,,,,,,,,,,,,,,,,,,,,,,,,14.00,,,,4729384,409806,,false,false,12,2016-01-01,2016-12-31,-1
2017-10-30,40250,2017-12-31,3,,,,,,,,,,,,,,,,,,,,,,,,,,,,,70.00,,,,,,,false,true,12,2017-01-01,2017-12-31,0
2017-10-30,40250,2017-12-31,3,,,,,,,,,,,,,,,,,,,,,,,,,,,,,,,,,4729384,409830,4319572,false,false,9,2017-01-01,2017-09-30,0
2017-10-30,40250,2016-12-31,3,,,,,,,,,,,,,,,,,,,,,,,,,,,,,,,,,,,4319773,false,false,9,2016-01-01,2016-09-30,-1
,40250,2017-12-31,,,,,,,,,,,,,,,,,,,,,,,,,,,,,,75.00,,,,,,,false,true,12,2017-01-01,2017-12-31,0
,40250,2016-12-31,,,,,,,,,,,,,,,,,,,,,,,,,,,,,,14.00,,,,,,,false,false,12,2016-01-01,2016-12-31,-1
2018-02-13,40250,2017-12-31,,32189000000,-0.007,,,,,2547000000,0.615,2759000000,0.585,,1904000000,,440.94,,0.079,0.068,0.079,,42065000000,25634000000,0.606,5904.08,25502000000,3201000000,-1827000000,-684000000,3255000000,,0.170,,,,,,true,false,12,2017-01-01,2017-12-31,0
2018-02-13,40250,2016-12-31,,32426000000,-0.035,,,,,1577000000,-0.151,1741000000,-0.156,,1048000000,,242.79,,0.047,0.045,0.049,,38951000000,23172000000,0.585,5273.90,22781000000,2350000000,-1422000000,-247000000,2565000000,,0.288,,,,,,true,false,12,2016-01-01,2016-12-31,-1
2018-02-13,40250,2018-12-31,,32200000000,0.000,,,,,1300000000,-0.490,1750000000,-0.366,,1100000000,,254.66,,,,,,,,,,,,,,,,0.314,,,,,,true,true,12,2018-01-01,2018-12-31,1
2018-02-13,40250,2017-12-31,,23204000000,-0.019,,,,,1884000000,1.417,2192000000,1.114,1528000000,,1.348,353.76,,,,,,35699000000,21101000000,0.591,4885.18,21101000000,,,,,75.00,,,,4729384,409843,4319566,false,false,12,2017-01-01,2017-12-31,0
2018-02-13,40250,2016-12-31,,23664000000,0.012,,,,,779000000,-0.275,1037000000,-0.319,650000000,,-0.396,150.68,,,,,,32741000000,19126000000,0.584,4427.81,19126000000,,,,,14.00,,,,4729384,409806,4319743,false,false,12,2016-01-01,2016-12-31,-1
2018-02-13,40250,2018-12-31,,,,,,,,,,,,,,,,,,,,,,,,,,,,,,80.00,,,,,,,false,true,12,2018-01-01,2018-12-31,1
2018-04-27,40250,2018-12-31,1,7743000000,-0.053,,,,,548000000,-0.224,810000000,0.098,,658000000,,152.36,,,,,,41454000000,24949000000,0.599,,24814000000,,,,,,,,,,,,true,false,3,2018-01-01,2018-03-31,0
2018-04-27,40250,2017-12-31,1,8175000000,0.006,,,,,706000000,2.476,738000000,2.259,,506000000,,117.21,,,,,,,,,,,,,,,,,,,,,,true,false,3,2017-01-01,2017-03-31,-1
2018-04-27,40250,2018-12-31,1,32200000000,0.000,,,,,1300000000,-0.490,1750000000,-0.366,,1100000000,,254.66,,,,,,,,,,,,,,,,,,,,,,true,true,12,2018-01-01,2018-12-31,0
2018-04-27,40250,2017-12-31,1,,,,,,,,,,,,,,,,,,,,42065000000,25634000000,0.606,,25502000000,,,,,,,,,,,,true,false,12,2017-01-01,2017-12-31,-1
2018-04-27,40250,2017-12-31,1,,,,,,,,,,,,,,,,,,,,,,,,,,,,,75.00,,,,4729384,409843,,false,false,12,2017-01-01,2017-12-31,-1
2018-04-27,40250,2018-12-31,1,,,,,,,,,,,,,,,,,,,,,,,,,,,,,80.00,,,,,,,false,true,12,2018-01-01,2018-12-31,0
2018-04-27,40250,2018-12-31,1,,,,,,,,,,,,,,,,,,,,,,,,,,,,,,,,,4729384,409909,4319485,false,false,3,2018-01-01,2018-03-31,0
2018-04-27,40250,2017-12-31,1,,,,,,,,,,,,,,,,,,,,,,,,,,,,,,,,,,,4319578,false,false,3,2017-01-01,2017-03-31,-1
2018-07-30,40250,2018-12-31,2,16498000000,-0.025,,,,,1328000000,-0.174,1697000000,-0.022,,1244000000,,288.13,,,,,,41883000000,25393000000,0.603,,25256000000,,,,,,,,,,,,true,false,6,2018-01-01,2018-06-30,0
2018-07-30,40250,2017-12-31,2,16915000000,0.026,,,,,1607000000,0.796,1735000000,0.764,,1228000000,,284.44,,,,,,,,,,,,,,,,,,,,,,true,false,6,2017-01-01,2017-06-30,-1
2018-07-30,40250,2018-12-31,2,32200000000,0.000,,,,,1300000000,-0.490,1750000000,-0.366,,1100000000,,254.66,,,,,,,,,,,,,,,,,,,,,,true,true,12,2018-01-01,2018-12-31,0
2018-07-30,40250,2017-12-31,2,,,,,,,,,,,,,,,,,,,,42065000000,25634000000,0.606,,25502000000,,,,,,,,,,,,true,false,12,2017-01-01,2017-12-31,-1
2018-07-30,40250,2017-12-31,2,,,,,,,,,,,,,,,,,,,,,,,,,,,,,75.00,,,,4729384,409843,,false,false,12,2017-01-01,2017-12-31,-1
2018-07-30,40250,2018-12-31,2,,,,,,,,,,,,,,,,,,,,,,,,,,,,,80.00,,,,,,,false,true,12,2018-01-01,2018-12-31,0
2018-07-30,40250,2018-12-31,2,,,,,,,,,,,,,,,,,,,,,,,,,,,,,,,,,4729384,409959,4319473,false,false,6,2018-01-01,2018-06-30,0
2018-07-30,40250,2017-12-31,2,,,,,,,,,,,,,,,,,,,,,,,,,,,,,,,,,,,4319578,false,false,6,2017-01-01,2017-06-30,-1
2018-10-29,40250,2018-12-31,3,23717000000,0.001,,,,,1476000000,-0.274,1861000000,-0.140,,1310000000,,303.48,,,,,,42181000000,25843000000,0.609,,25704000000,,,,,,,,,,,,true,false,9,2018-01-01,2018-09-30,0
2018-10-29,40250,2017-12-31,3,23691000000,-0.007,,,,,2033000000,0.777,2165000000,0.750,,1516000000,,351.00,,,,,,,,,,,,,,,,,,,,,,true,false,9,2017-01-01,2017-09-30,-1
2018-10-29,40250,2018-12-31,3,32800000000,0.019,,,,,1600000000,-0.372,2100000000,-0.239,,1500000000,,347.27,,,,,,,,,,,,,,,,,,,,,,true,true,12,2018-01-01,2018-12-31,0
2018-10-29,40250,2017-12-31,3,,,,,,,,,,,,,,,,,,,,42065000000,25634000000,0.606,,25502000000,,,,,,,,,,,,true,false,12,2017-01-01,2017-12-31,-1
2018-10-29,40250,2017-12-31,3,,,,,,,,,,,,,,,,,,,,,,,,,,,,,75.00,,,,4729384,409843,,false,false,12,2017-01-01,2017-12-31,-1
2018-10-29,40250,2018-12-31,3,,,,,,,,,,,,,,,,,,,,,,,,,,,,,80.00,,,,,,,false,true,12,2018-01-01,2018-12-31,0
2018-10-29,40250,2018-12-31,3,,,,,,,,,,,,,,,,,,,,,,,,,,,,,,,,,4729384,409959,4319457,false,false,9,2018-01-01,2018-09-30,0
2018-10-29,40250,2017-12-31,3,,,,,,,,,,,,,,,,,,,,,,,,,,,,,,,,,,,4319572,false,false,9,2017-01-01,2017-09-30,-1
2018-10-29,40250,2018-12-31,,32800000000,0.019,,,,,1600000000,0.231,2100000000,0.200,1500000000,,0.364,347.27,,,,,,,,,,,,,,,,,,,,,,true,true,12,2018-01-01,2018-12-31,0
2018-10-29,40250,2017-12-31,,32189000000,,,,,,2547000000,,2759000000,,1904000000,,,440.94,,,,,,,,,,,,,,,,,,,,,,true,false,12,2017-01-01,2017-12-31,-1
2019-02-12,40250,2018-12-31,,33089000000,0.028,,,,,2011000000,-0.210,2509000000,-0.090,,1743000000,,201.81,,0.069,0.060,0.061,,41690000000,25161000000,0.600,2896.50,25022000000,2080000000,-1118000000,-501000000,3706000000,,0.198,,,,,,true,false,12,2018-01-01,2018-12-31,0
2019-02-12,40250,2017-12-31,,32189000000,-0.007,,,,,2547000000,0.615,2759000000,0.585,,1904000000,,220.47,,0.079,0.068,0.079,,42065000000,25634000000,0.606,2952.04,25502000000,3201000000,-1827000000,-684000000,3255000000,,0.170,,,,,,true,false,12,2017-01-01,2017-12-31,-1
2019-02-12,40250,2019-12-31,,33500000000,0.012,,,,,1450000000,-0.279,1750000000,-0.303,,1200000000,,138.91,,,,,,,,,,,,,,,,0.288,,,,,,true,true,12,2019-01-01,2019-12-31,1
2019-02-12,40250,2018-12-31,,24221000000,0.044,,,,,1485000000,-0.212,2014000000,-0.081,1414000000,,-0.075,163.70,,,,,,35287000000,20825000000,0.590,2410.76,20825000000,,,,,80.00,,,,9458768,820042,8638874,false,false,12,2018-01-01,2018-12-31,0
2019-02-12,40250,2017-12-31,,23204000000,-0.019,,,,,1884000000,1.417,2192000000,1.114,1528000000,,1.348,176.88,,,,,,35699000000,21101000000,0.591,2442.59,21101000000,,,,,75.00,,,,9458768,819686,8639132,false,false,12,2017-01-01,2017-12-31,-1
2019-02-12,40250,2019-12-31,,,,,,,,,,,,,,,,,,,,,,,,,,,,,,40.00,,,,,,,false,true,12,2019-01-01,2019-12-31,1
2019-04-26,40250,2019-12-31,1,7767000000,0.003,,,,,351000000,-0.358,448000000,-0.447,,301000000,,34.87,,,,,,41545000000,25148000000,0.602,,25009000000,,,,,,,,,,,,true,false,3,2019-01-01,2019-03-31,0
2019-04-26,40250,2018-12-31,1,7743000000,-0.053,,,,,548000000,-0.224,810000000,0.098,,658000000,,76.18,,,,,,,,,,,,,,,,,,,,,,true,false,3,2018-01-01,2018-03-31,-1
2019-04-26,40250,2019-12-31,1,33500000000,0.012,,,,,1450000000,-0.279,1750000000,-0.303,,1200000000,,138.91,,,,,,,,,,,,,,,,,,,,,,true,true,12,2019-01-01,2019-12-31,0
2019-04-26,40250,2018-12-31,1,,,,,,,,,,,,,,,,,,,,41612000000,25161000000,0.601,,25022000000,,,,,,,,,,,,true,false,12,2018-01-01,2018-12-31,-1
2019-04-26,40250,2018-12-31,1,,,,,,,,,,,,,,,,,,,,,,,,,,,,,80.00,,,,9458768,820042,,false,false,12,2018-01-01,2018-12-31,-1
2019-04-26,40250,2019-12-31,1,,,,,,,,,,,,,,,,,,,,,,,,,,,,,40.00,,,,,,,false,true,12,2019-01-01,2019-12-31,0
2019-04-26,40250,2019-12-31,1,,,,,,,,,,,,,,,,,,,,,,,,,,,,,,,,,9458768,820042,8638726,false,false,3,2019-01-01,2019-03-31,0
2019-04-26,40250,2018-12-31,1,,,,,,,,,,,,,,,,,,,,,,,,,,,,,,,,,,,8638970,false,false,3,2018-01-01,2018-03-31,-1
2019-07-29,40250,2019-12-31,2,16446000000,-0.003,,,,,997000000,-0.249,1194000000,-0.296,,833000000,,96.53,,,,,,41437000000,25457000000,0.611,,25318000000,,,,,,,,,,,,true,false,6,2019-01-01,2019-06-30,0
2019-07-29,40250,2018-12-31,2,16498000000,-0.025,,,,,1328000000,-0.174,1697000000,-0.022,,1244000000,,144.07,,,,,,,,,,,,,,,,,,,,,,true,false,6,2018-01-01,2018-06-30,-1
2019-07-29,40250,2019-12-31,2,33500000000,0.012,,,,,1450000000,-0.279,1750000000,-0.303,,1200000000,,138.91,,,,,,,,,,,,,,,,,,,,,,true,true,12,2019-01-01,2019-12-31,0
2019-07-29,40250,2018-12-31,2,,,,,,,,,,,,,,,,,,,,41612000000,25161000000,0.601,,25022000000,,,,,,,,,,,,true,false,12,2018-01-01,2018-12-31,-1
2019-07-29,40250,2018-12-31,2,,,,,,,,,,,,,,,,,,,,,,,,,,,,,80.00,,,,9458768,820042,,false,false,12,2018-01-01,2018-12-31,-1
2019-07-29,40250,2019-12-31,2,,,,,,,,,,,,,,,,,,,,,,,,,,,,,40.00,,,,,,,false,true,12,2019-01-01,2019-12-31,0
2019-07-29,40250,2019-12-31,2,,,,,,,,,,,,,,,,,,,,,,,,,,,,,,,,,9458768,820042,8638726,false,false,6,2019-01-01,2019-06-30,0
2019-07-29,40250,2018-12-31,2,,,,,,,,,,,,,,,,,,,,,,,,,,,,,,,,,,,8638945,false,false,6,2018-01-01,2018-06-30,-1
2019-10-28,40250,2019-12-31,3,23966000000,0.011,,,,,1229000000,-0.167,1444000000,-0.224,,1025000000,,118.70,,,,,,40955000000,25676000000,0.624,,25536000000,,,,,,,,,,,,true,false,9,2019-01-01,2019-09-30,0
2019-10-28,40250,2018-12-31,3,23717000000,0.001,,,,,1476000000,-0.274,1861000000,-0.140,,1310000000,,151.74,,,,,,,,,,,,,,,,,,,,,,true,false,9,2018-01-01,2018-09-30,-1
2019-10-28,40250,2019-12-31,3,33500000000,0.012,,,,,1450000000,-0.279,1750000000,-0.303,,1200000000,,138.91,,,,,,,,,,,,,,,,,,,,,,true,true,12,2019-01-01,2019-12-31,0
2019-10-28,40250,2018-12-31,3,,,,,,,,,,,,,,,,,,,,41612000000,25161000000,0.601,,25022000000,,,,,,,,,,,,true,false,12,2018-01-01,2018-12-31,-1
2019-10-28,40250,2018-12-31,3,,,,,,,,,,,,,,,,,,,,,,,,,,,,,80.00,,,,9458768,820042,,false,false,12,2018-01-01,2018-12-31,-1
2019-10-28,40250,2019-12-31,3,,,,,,,,,,,,,,,,,,,,,,,,,,,,,40.00,,,,,,,false,true,12,2019-01-01,2019-12-31,0
2019-10-28,40250,2019-12-31,3,,,,,,,,,,,,,,,,,,,,,,,,,,,,,,,,,9458768,820042,8638726,false,false,9,2019-01-01,2019-09-30,0
2019-10-28,40250,2018-12-31,3,,,,,,,,,,,,,,,,,,,,,,,,,,,,,,,,,,,8638913,false,false,9,2018-01-01,2018-09-30,-1
2020-02-10,40250,2019-12-31,,32669000000,-0.013,,,,,1587000000,-0.211,1911000000,-0.239,,1361000000,,157.64,,0.053,0.045,0.049,,42609000000,26346000000,0.615,3033.53,26205000000,2903000000,-1163000000,-473000000,4973000000,,0.254,,,,,,true,false,12,2019-01-01,2019-12-31,0
2020-02-10,40250,2018-12-31,,33089000000,0.028,,,,,2011000000,-0.210,2509000000,-0.090,,1743000000,,201.81,,0.069,0.060,0.061,,41612000000,25161000000,0.601,2896.50,25022000000,2080000000,-1118000000,-501000000,3706000000,,0.198,,,,,,true,false,12,2018-01-01,2018-12-31,-1
2020-02-10,40250,2020-12-31,,32000000000,-0.020,,,,,1550000000,-0.024,1900000000,-0.006,,1400000000,,162.06,,,,,,,,,,,,,,,,0.278,,,,,,true,true,12,2020-01-01,2020-12-31,1
2020-02-10,40250,2019-12-31,,24212000000,-0.000,,,,,1183000000,-0.203,1646000000,-0.182,1248000000,,-0.117,144.51,,,,,,35802000000,21922000000,0.612,2537.67,21922000000,,,,,40.00,,,,9458768,820042,8638726,false,false,12,2019-01-01,2019-12-31,0
2020-02-10,40250,2018-12-31,,24221000000,0.044,,,,,1485000000,-0.212,2014000000,-0.081,1414000000,,-0.075,163.70,,,,,,35219000000,20876000000,0.593,2416.66,20876000000,,,,,80.00,,,,9458768,820042,8638874,false,false,12,2018-01-01,2018-12-31,-1
2020-02-10,40250,2020-12-31,,,,,,,,,,,,,,,,,,,,,,,,,,,,,,45.00,,,,,,,false,true,12,2020-01-01,2020-12-31,1
2020-04-30,40250,2020-12-31,1,7651000000,-0.015,,,,,432000000,0.230,524000000,0.170,,424000000,,49.17,,,,,,41032000000,25362000000,0.615,,25222000000,,,,,,,,,,,,true,false,3,2020-01-01,2020-03-31,0
2020-04-30,40250,2019-12-31,1,7767000000,0.003,,,,,351000000,-0.358,448000000,-0.447,,301000000,,34.87,,,,,,,,,,,,,,,,,,,,,,true,false,3,2019-01-01,2019-03-31,-1
2020-04-30,40250,2020-12-31,1,32000000000,-0.020,,,,,1550000000,-0.024,1900000000,-0.006,,1400000000,,162.06,,,,,,,,,,,,,,,,,,,,,,true,true,12,2020-01-01,2020-12-31,0
2020-04-30,40250,2019-12-31,1,,,,,,,,,,,,,,,,,,,,42609000000,26346000000,0.615,,26205000000,,,,,,,,,,,,true,false,12,2019-01-01,2019-12-31,-1
2020-04-30,40250,2019-12-31,1,,,,,,,,,,,,,,,,,,,,,,,,,,,,,40.00,,,,9458768,820042,,false,false,12,2019-01-01,2019-12-31,-1
2020-04-30,40250,2020-12-31,1,,,,,,,,,,,,,,,,,,,,,,,,,,,,,45.00,,,,,,,false,true,12,2020-01-01,2020-12-31,0
2020-04-30,40250,2020-12-31,1,,,,,,,,,,,,,,,,,,,,,,,,,,,,,,,,,9458768,820042,8638726,false,false,3,2020-01-01,2020-03-31,0
2020-04-30,40250,2019-12-31,1,,,,,,,,,,,,,,,,,,,,,,,,,,,,,,,,,,,8638726,false,false,3,2019-01-01,2019-03-31,-1
2020-07-31,40250,2020-12-31,2,15178000000,-0.077,,,,,1045000000,0.049,1265000000,0.059,,934000000,,108.08,,,,,,41202000000,26110000000,0.630,,25969000000,,,,,,,,,,,,true,false,6,2020-01-01,2020-06-30,0
2020-07-31,40250,2019-12-31,2,16446000000,-0.003,,,,,997000000,-0.249,1194000000,-0.296,,833000000,,96.53,,,,,,,,,,,,,,,,,,,,,,true,false,6,2019-01-01,2019-06-30,-1
2020-07-31,40250,2020-12-31,2,32000000000,-0.020,,,,,1550000000,-0.024,1900000000,-0.006,,1400000000,,162.06,,,,,,,,,,,,,,,,,,,,,,true,true,12,2020-01-01,2020-12-31,0
2020-07-31,40250,2019-12-31,2,,,,,,,,,,,,,,,,,,,,42609000000,26346000000,0.615,,26205000000,,,,,,,,,,,,true,false,12,2019-01-01,2019-12-31,-1
2020-07-31,40250,2019-12-31,2,,,,,,,,,,,,,,,,,,,,,,,,,,,,,40.00,,,,9458768,820042,,false,false,12,2019-01-01,2019-12-31,-1
2020-07-31,40250,2020-12-31,2,,,,,,,,,,,,,,,,,,,,,,,,,,,,,45.00,,,,,,,false,true,12,2020-01-01,2020-12-31,0
2020-07-31,40250,2020-12-31,2,,,,,,,,,,,,,,,,,,,,,,,,,,,,,,,,,9458768,810524,8642289,false,false,6,2020-01-01,2020-06-30,0
2020-07-31,40250,2019-12-31,2,,,,,,,,,,,,,,,,,,,,,,,,,,,,,,,,,,,8638726,false,false,6,2019-01-01,2019-06-30,-1
2020-10-30,40250,2020-12-31,3,21573000000,-0.100,,,,,1083000000,-0.119,1324000000,-0.083,,982000000,,113.64,,,,,,40952000000,26229000000,0.637,,26088000000,,,,,,,,,,,,true,false,9,2020-01-01,2020-09-30,0
2020-10-30,40250,2019-12-31,3,23966000000,0.011,,,,,1229000000,-0.167,1444000000,-0.224,,1025000000,,118.70,,,,,,,,,,,,,,,,,,,,,,true,false,9,2019-01-01,2019-09-30,-1
2020-10-30,40250,2020-12-31,3,32000000000,-0.020,,,,,1550000000,-0.024,1900000000,-0.006,,1400000000,,162.06,,,,,,,,,,,,,,,,,,,,,,true,true,12,2020-01-01,2020-12-31,0
2020-10-30,40250,2019-12-31,3,,,,,,,,,,,,,,,,,,,,42609000000,26346000000,0.615,,26205000000,,,,,,,,,,,,true,false,12,2019-01-01,2019-12-31,-1
2020-10-30,40250,2019-12-31,3,,,,,,,,,,,,,,,,,,,,,,,,,,,,,40.00,,,,9458768,820042,,false,false,12,2019-01-01,2019-12-31,-1
2020-10-30,40250,2020-12-31,3,,,,,,,,,,,,,,,,,,,,,,,,,,,,,45.00,,,,,,,false,true,12,2020-01-01,2020-12-31,0
2020-10-30,40250,2020-12-31,3,,,,,,,,,,,,,,,,,,,,,,,,,,,,,,,,,9458768,810524,8644288,false,false,9,2020-01-01,2020-09-30,0
2020-10-30,40250,2019-12-31,3,,,,,,,,,,,,,,,,,,,,,,,,,,,,,,,,,,,8638726,false,false,9,2019-01-01,2019-09-30,-1
2021-02-08,40250,2020-12-31,,30175000000,-0.076,,,,,1759000000,0.109,2166000000,0.134,,1559000000,,180.37,,0.059,0.051,0.058,,42939000000,27079000000,0.627,3114.67,26936000000,3024000000,-1009000000,-561000000,6426000000,,0.250,,,,,,true,false,12,2020-01-01,2020-12-31,0
2021-02-08,40250,2019-12-31,,32669000000,-0.013,,,,,1587000000,-0.211,1911000000,-0.239,,1361000000,,157.64,,0.053,0.045,0.049,,42609000000,26346000000,0.615,3033.53,26205000000,2903000000,-1163000000,-473000000,4973000000,,0.254,,,,,,true,false,12,2019-01-01,2019-12-31,-1
2021-02-08,40250,2021-12-31,,30500000000,0.011,,,,,1650000000,-0.062,2050000000,-0.054,,1500000000,,173.45,,,,,,,,,,,,,,,,0.259,,,,,,true,true,12,2021-01-01,2021-12-31,1
2021-02-08,40250,2020-12-31,,22916000000,-0.053,,,,,1420000000,0.200,1813000000,0.101,1324000000,,0.061,153.22,,,,,,35977000000,22475000000,0.625,2598.82,22475000000,,,,,45.00,,,,9458768,810588,8645278,false,false,12,2020-01-01,2020-12-31,0
2021-02-08,40250,2019-12-31,,24212000000,-0.000,,,,,1183000000,-0.203,1646000000,-0.182,1248000000,,-0.117,144.51,,,,,,35802000000,21922000000,0.612,2537.67,21922000000,,,,,40.00,,,,9458768,820042,8638726,false,false,12,2019-01-01,2019-12-31,-1
2021-02-08,40250,2021-12-31,,,,,,,,,,,,,,,,,,,,,,,,,,,,,,45.00,,,,,,,false,true,12,2021-01-01,2021-12-31,1
2021-04-28,40250,2021-12-31,1,7725000000,0.010,,,,,473000000,0.095,520000000,-0.009,,365000000,,42.28,,,,,,43193000000,27770000000,0.640,,27625000000,,,,,,,,,,,,true,false,3,2021-01-01,2021-03-31,0
2021-04-28,40250,2020-12-31,1,7651000000,-0.015,,,,,432000000,0.230,524000000,0.170,,424000000,,49.17,,,,,,,,,,,,,,,,,,,,,,true,false,3,2020-01-01,2020-03-31,-1
2021-04-28,40250,2021-12-31,1,30500000000,0.011,,,,,1650000000,-0.062,2050000000,-0.054,,1500000000,,173.45,,,,,,,,,,,,,,,,,,,,,,true,true,12,2021-01-01,2021-12-31,0
2021-04-28,40250,2020-12-31,1,,,,,,,,,,,,,,,,,,,,42939000000,27079000000,0.627,,26936000000,,,,,,,,,,,,true,false,12,2020-01-01,2020-12-31,-1
2021-04-28,40250,2020-12-31,1,,,,,,,,,,,,,,,,,,,,,,,,,,,,,45.00,,,,9458768,810588,,false,false,12,2020-01-01,2020-12-31,-1
2021-04-28,40250,2021-12-31,1,,,,,,,,,,,,,,,,,,,,,,,,,,,,,45.00,,,,,,,false,true,12,2021-01-01,2021-12-31,0
2021-04-28,40250,2021-12-31,1,,,,,,,,,,,,,,,,,,,,,,,,,,,,,,,,,9458768,810590,8648179,false,false,3,2021-01-01,2021-03-31,0
2021-04-28,40250,2020-12-31,1,,,,,,,,,,,,,,,,,,,,,,,,,,,,,,,,,,,8638726,false,false,3,2020-01-01,2020-03-31,-1
2021-07-29,40250,2021-12-31,2,16172000000,0.065,,,,,1479000000,0.415,1643000000,0.299,,1078000000,,124.64,,,,,,43994000000,28409000000,0.642,,28264000000,,,,,,,,,,,,true,false,6,2021-01-01,2021-06-30,0
2021-07-29,40250,2020-12-31,2,15178000000,-0.077,,,,,1045000000,0.049,1265000000,0.059,,934000000,,108.08,,,,,,,,,,,,,,,,,,,,,,true,false,6,2020-01-01,2020-06-30,-1
2021-07-29,40250,2021-12-31,2,30500000000,0.011,,,,,1650000000,-0.062,2050000000,-0.054,,1500000000,,173.45,,,,,,,,,,,,,,,,,,,,,,true,true,12,2021-01-01,2021-12-31,0
2021-07-29,40250,2020-12-31,2,,,,,,,,,,,,,,,,,,,,42939000000,27079000000,0.627,,26936000000,,,,,,,,,,,,true,false,12,2020-01-01,2020-12-31,-1
2021-07-29,40250,2020-12-31,2,,,,,,,,,,,,,,,,,,,,,,,,,,,,,45.00,,,,9458768,810588,,false,false,12,2020-01-01,2020-12-31,-1
2021-07-29,40250,2021-12-31,2,,,,,,,,,,,,,,,,,,,,,,,,,,,,,45.00,,,,,,,false,true,12,2021-01-01,2021-12-31,0
2021-07-29,40250,2021-12-31,2,,,,,,,,,,,,,,,,,,,,,,,,,,,,,,,,,9458768,804996,8650063,false,false,6,2021-01-01,2021-06-30,0
2021-07-29,40250,2020-12-31,2,,,,,,,,,,,,,,,,,,,,,,,,,,,,,,,,,,,8642289,false,false,6,2020-01-01,2020-06-30,-1
2021-10-28,40250,2021-12-31,3,23392000000,0.084,,,,,1982000000,0.830,2190000000,0.653,,1423000000,,164.51,,,,,,44441000000,28999000000,0.649,,28856000000,,,,,,,,,,,,true,false,9,2021-01-01,2021-09-30,0
2021-10-28,40250,2020-12-31,3,21573000000,-0.100,,,,,1083000000,-0.119,1324000000,-0.083,,982000000,,113.64,,,,,,,,,,,,,,,,,,,,,,true,false,9,2020-01-01,2020-09-30,-1
2021-10-28,40250,2021-12-31,3,32500000000,0.077,,,,,2650000000,0.506,2950000000,0.362,,1900000000,,219.62,,,,,,,,,,,,,,,,,,,,,,true,true,12,2021-01-01,2021-12-31,0
2021-10-28,40250,2020-12-31,3,,,,,,,,,,,,,,,,,,,,42939000000,27079000000,0.627,,26936000000,,,,,,,,,,,,true,false,12,2020-01-01,2020-12-31,-1
2021-10-28,40250,2020-12-31,3,,,,,,,,,,,,,,,,,,,,,,,,,,,,,45.00,,,,9458768,810588,,false,false,12,2020-01-01,2020-12-31,-1
2021-10-28,40250,2021-12-31,3,,,,,,,,,,,,,,,,,,,,,,,,,,,,,50.00,,,,,,,false,true,12,2021-01-01,2021-12-31,0
2021-10-28,40250,2021-12-31,3,,,,,,,,,,,,,,,,,,,,,,,,,,,,,,,,,9458768,804996,8651313,false,false,9,2021-01-01,2021-09-30,0
2021-10-28,40250,2020-12-31,3,,,,,,,,,,,,,,,,,,,,,,,,,,,,,,,,,,,8644288,false,false,9,2020-01-01,2020-09-30,-1
2022-02-14,40250,2021-12-31,,32812000000,0.087,,,,,2658000000,0.510,2982000000,0.376,,1916000000,,221.46,,0.068,0.067,0.081,,46037000000,29378000000,0.635,3378.42,29236000000,2823000000,-2319000000,-498000000,6433000000,,0.226,,,,,,true,false,12,2021-01-01,2021-12-31,0
2022-02-14,40250,2020-12-31,,30175000000,-0.076,,,,,1759000000,0.109,2166000000,0.134,,1559000000,,180.37,,0.059,0.051,0.058,,42939000000,27079000000,0.627,3114.67,26936000000,3024000000,-1009000000,-561000000,6426000000,,0.250,,,,,,true,false,12,2020-01-01,2020-12-31,-1
2022-02-14,40250,2022-12-31,,33000000000,,,,,,1550000000,,1850000000,,,1450000000,,167.56,,,,,,,,,,,,,,,,0.298,,,,,,true,true,12,2022-01-01,2022-12-31,1
2022-02-14,40250,2021-12-31,,25596000000,0.117,,,,,2233000000,0.573,2636000000,0.454,1713000000,,0.294,198.04,,,,,,38645000000,24442000000,0.632,2824.44,24442000000,,,,,50.00,,,,9458768,804996,8651933,false,false,12,2021-01-01,2021-12-31,0
2022-02-14,40250,2020-12-31,,22916000000,-0.053,,,,,1420000000,0.200,1813000000,0.101,1324000000,,0.061,153.22,,,,,,35977000000,22475000000,0.625,2598.82,22475000000,,,,,45.00,,,,9458768,810588,8645278,false,false,12,2020-01-01,2020-12-31,-1
2022-02-14,40250,2022-12-31,,,,,,,,,,,,,,,,,,,,,,,,,,,,,,50.00,,,,,,,false,true,12,2022-01-01,2022-12-31,1
2022-04-28,40250,2022-12-31,1,8412000000,,,,,,633000000,,705000000,,,497000000,,57.47,,,,,,47342000000,30056000000,0.632,,29918000000,,,,,,,,,,,,true,false,3,2022-01-01,2022-03-31,0
2022-04-28,40250,2021-12-31,1,7725000000,0.010,,,,,473000000,0.095,520000000,-0.009,,365000000,,42.28,,,,,,,,,,,,,,,,,,,,,,true,false,3,2021-01-01,2021-03-31,-1
2022-04-28,40250,2022-12-31,1,33000000000,,,,,,1550000000,,1850000000,,,1450000000,,167.56,,,,,,,,,,,,,,,,,,,,,,true,true,12,2022-01-01,2022-12-31,0
2022-04-28,40250,2021-12-31,1,,,,,,,,,,,,,,,,,,,,46037000000,29378000000,0.635,,29236000000,,,,,,,,,,,,true,false,12,2021-01-01,2021-12-31,-1
2022-04-28,40250,2021-12-31,1,,,,,,,,,,,,,,,,,,,,,,,,,,,,,50.00,,,,9458768,804996,,false,false,12,2021-01-01,2021-12-31,-1
2022-04-28,40250,2022-12-31,1,,,,,,,,,,,,,,,,,,,,,,,,,,,,,50.00,,,,,,,false,true,12,2022-01-01,2022-12-31,0
2022-04-28,40250,2022-12-31,1,,,,,,,,,,,,,,,,,,,,,,,,,,,,,,,,,9458768,804996,8653772,false,false,3,2022-01-01,2022-03-31,0
2022-04-28,40250,2021-12-31,1,,,,,,,,,,,,,,,,,,,,,,,,,,,,,,,,,,,8648179,false,false,3,2021-01-01,2021-03-31,-1
2022-07-29,40250,2022-12-31,2,18095000000,,,,,,1572000000,,1785000000,,,1378000000,,159.29,,,,,,47440000000,30763000000,0.646,,30630000000,,,,,,,,,,,,true,false,6,2022-01-01,2022-06-30,0
2022-07-29,40250,2021-12-31,2,16172000000,0.065,,,,,1479000000,0.415,1643000000,0.299,,1078000000,,124.64,,,,,,,,,,,,,,,,,,,,,,true,false,6,2021-01-01,2021-06-30,-1
2022-07-29,40250,2022-12-31,2,33000000000,,,,,,1550000000,,1850000000,,,1450000000,,167.56,,,,,,,,,,,,,,,,,,,,,,true,true,12,2022-01-01,2022-12-31,0
2022-07-29,40250,2021-12-31,2,,,,,,,,,,,,,,,,,,,,46037000000,29378000000,0.635,,29236000000,,,,,,,,,,,,true,false,12,2021-01-01,2021-12-31,-1
2022-07-29,40250,2021-12-31,2,,,,,,,,,,,,,,,,,,,,,,,,,,,,,50.00,,,,9458768,804996,,false,false,12,2021-01-01,2021-12-31,-1
2022-07-29,40250,2022-12-31,2,,,,,,,,,,,,,,,,,,,,,,,,,,,,,50.00,,,,,,,false,true,12,2022-01-01,2022-12-31,0
2022-07-29,40250,2022-12-31,2,,,,,,,,,,,,,,,,,,,,,,,,,,,,,,,,,9458768,798834,8655951,false,false,6,2022-01-01,2022-06-30,0
2022-07-29,40250,2021-12-31,2,,,,,,,,,,,,,,,,,,,,,,,,,,,,,,,,,,,8650063,false,false,6,2021-01-01,2021-06-30,-1
2022-10-28,40250,2022-12-31,3,25455000000,,,,,,1923000000,,2182000000,,,1670000000,,192.95,,,,,,48163000000,30742000000,0.636,,30613000000,,,,,,,,,,,,true,false,9,2022-01-01,2022-09-30,0
2022-10-28,40250,2021-12-31,3,23392000000,0.084,,,,,1982000000,0.830,2190000000,0.653,,1423000000,,164.51,,,,,,,,,,,,,,,,,,,,,,true,false,9,2021-01-01,2021-09-30,-1
2022-10-28,40250,2022-12-31,3,35200000000,,,,,,2350000000,,2750000000,,,1950000000,,225.24,,,,,,,,,,,,,,,,,,,,,,true,true,12,2022-01-01,2022-12-31,0
2022-10-28,40250,2021-12-31,3,,,,,,,,,,,,,,,,,,,,46037000000,29378000000,0.635,,29236000000,,,,,,,,,,,,true,false,12,2021-01-01,2021-12-31,-1
2022-10-28,40250,2021-12-31,3,,,,,,,,,,,,,,,,,,,,,,,,,,,,,50.00,,,,9458768,804996,,false,false,12,2021-01-01,2021-12-31,-1
2022-10-28,40250,2022-12-31,3,,,,,,,,,,,,,,,,,,,,,,,,,,,,,50.00,,,,,,,false,true,12,2022-01-01,2022-12-31,0
2022-10-28,40250,2022-12-31,3,,,,,,,,,,,,,,,,,,,,,,,,,,,,,,,,,9458768,798931,8657276,false,false,9,2022-01-01,2022-09-30,0
2022-10-28,40250,2021-12-31,3,,,,,,,,,,,,,,,,,,,,,,,,,,,,,,,,,,,8651313,false,false,9,2021-01-01,2021-09-30,-1
2023-02-13,40250,2022-12-31,,35846000000,,,,,,2751000000,,3144000000,,,2056000000,,237.53,,0.067,0.065,0.077,,50323000000,32057000000,0.635,3689.28,31948000000,1444000000,-1083000000,-543000000,6256000000,,0.210,,,,,,true,false,12,2022-01-01,2022-12-31,0
2023-02-13,40250,2021-12-31,,32812000000,0.087,,,,,2658000000,0.510,2982000000,0.376,,1916000000,,221.46,,0.068,0.067,0.081,,46037000000,29378000000,0.635,3378.42,29236000000,2823000000,-2319000000,-498000000,6433000000,,0.226,,,,,,true,false,12,2021-01-01,2021-12-31,-1
2023-02-13,40250,2023-12-31,,38000000000,0.060,,,,,1550000000,-0.437,1900000000,-0.396,1400000000,,-0.319,161.67,,,,,,,,,,,,,,,,0.309,,,,,,true,true,12,2023-01-01,2023-12-31,1
2023-02-13,40250,2022-12-31,,27844000000,,,,,,2423000000,,2860000000,,2090000000,,,241.50,,,,,,42635000000,27184000000,0.638,3139.10,27184000000,,,,,50.00,,,,9458768,798931,8657922,false,false,12,2022-01-01,2022-12-31,0
2023-02-13,40250,2021-12-31,,25596000000,0.117,,,,,2233000000,0.573,2636000000,0.454,1713000000,,0.294,198.04,,,,,,38645000000,24442000000,0.632,2824.44,24442000000,,,,,50.00,,,,9458768,804996,8651933,false,false,12,2021-01-01,2021-12-31,-1
2023-02-13,40250,2023-12-31,,,,,,,,,,,,,,,,,,,,,,,,,,,,,,50.00,,,,,,,false,true,12,2023-01-01,2023-12-31,1
2023-04-28,40250,2023-12-31,1,8843000000,0.051,,,,,248000000,-0.608,290000000,-0.588,,311000000,,36.02,,,,,,50503000000,32164000000,0.635,,32072000000,,,,,,,,,,,,true,false,3,2023-01-01,2023-03-31,0
2023-04-28,40250,2022-12-31,1,8412000000,,,,,,633000000,,705000000,,,497000000,,57.47,,,,,,,,,,,,,,,,,,,,,,true,false,3,2022-01-01,2022-03-31,-1
2023-04-28,40250,2023-12-31,1,38000000000,0.060,,,,,1550000000,-0.437,1900000000,-0.396,,1400000000,,161.67,,,,,,,,,,,,,,,,,,,,,,true,true,12,2023-01-01,2023-12-31,0
2023-04-28,40250,2022-12-31,1,,,,,,,,,,,,,,,,,,,,50323000000,32057000000,0.635,,31948000000,,,,,,,,,,,,true,false,12,2022-01-01,2022-12-31,-1
2023-04-28,40250,2022-12-31,1,,,,,,,,,,,,,,,,,,,,,,,,,,,,,50.00,,,,9458768,798931,,false,false,12,2022-01-01,2022-12-31,-1
2023-04-28,40250,2023-12-31,1,,,,,,,,,,,,,,,,,,,,,,,,,,,,,50.00,,,,,,,false,true,12,2023-01-01,2023-12-31,0
2023-04-28,40250,2023-12-31,1,,,,,,,,,,,,,,,,,,,,,,,,,,,,,,,,,9458768,798951,8659828,false,false,3,2023-01-01,2023-03-31,0
2023-04-28,40250,2022-12-31,1,,,,,,,,,,,,,,,,,,,,,,,,,,,,,,,,,,,8653772,false,false,3,2022-01-01,2022-03-31,-1
2023-07-31,40250,2023-12-31,2,17551000000,-0.030,,,,,510000000,-0.676,725000000,-0.593,,614000000,,71.00,,,,,,51196000000,33653000000,0.656,,33573000000,,,,,,,,,,,,true,false,6,2023-01-01,2023-06-30,0
2023-07-31,40250,2022-12-31,2,18095000000,,,,,,1572000000,,1785000000,,,1378000000,,159.29,,,,,,,,,,,,,,,,,,,,,,true,false,6,2022-01-01,2022-06-30,-1
2023-07-31,40250,2023-12-31,2,38000000000,0.060,,,,,1550000000,-0.437,1900000000,-0.396,,1400000000,,161.67,,,,,,,,,,,,,,,,,,,,,,true,true,12,2023-01-01,2023-12-31,0
2023-07-31,40250,2022-12-31,2,,,,,,,,,,,,,,,,,,,,50323000000,32057000000,0.635,,31948000000,,,,,,,,,,,,true,false,12,2022-01-01,2022-12-31,-1
2023-07-31,40250,2022-12-31,2,,,,,,,,,,,,,,,,,,,,,,,,,,,,,50.00,,,,9485768,798931,,false,false,12,2022-01-01,2022-12-31,-1
2023-07-31,40250,2023-12-31,2,,,,,,,,,,,,,,,,,,,,,,,,,,,,,50.00,,,,,,,false,true,12,2023-01-01,2023-12-31,0
2023-07-31,40250,2023-12-31,2,,,,,,,,,,,,,,,,,,,,,,,,,,,,,,,,,9458768,792641,8662055,false,false,6,2023-01-01,2023-06-30,0
2023-07-31,40250,2022-12-31,2,,,,,,,,,,,,,,,,,,,,,,,,,,,,,,,,,,,8655951,false,false,6,2022-01-01,2022-06-30,-1
2023-10-30,40250,2023-12-31,3,25042000000,-0.016,,,,,619000000,-0.678,858000000,-0.607,,702000000,,81.10,,,,,,51692000000,34494000000,0.666,,34418000000,,,,,,,,,,,,true,false,9,2023-01-01,2023-09-30,0
2023-10-30,40250,2022-12-31,3,25455000000,,,,,,1923000000,,2182000000,,,1670000000,,192.95,,,,,,,,,,,,,,,,,,,,,,true,false,9,2022-01-01,2022-09-30,-1
2023-10-30,40250,2023-12-31,3,38000000000,0.060,,,,,1550000000,-0.437,1900000000,-0.396,,1400000000,,161.67,,,,,,,,,,,,,,,,,,,,,,true,true,12,2023-01-01,2023-12-31,0
2023-10-30,40250,2022-12-31,3,,,,,,,,,,,,,,,,,,,,50323000000,32057000000,0.635,,31948000000,,,,,,,,,,,,true,false,12,2022-01-01,2022-12-31,-1
2023-10-30,40250,2022-12-31,3,,,,,,,,,,,,,,,,,,,,,,,,,,,,,50.00,,,,9458768,798931,,false,false,12,2022-01-01,2022-12-31,-1
2023-10-30,40250,2023-12-31,3,,,,,,,,,,,,,,,,,,,,,,,,,,,,,50.00,,,,,,,false,true,12,2023-01-01,2023-12-31,0
2023-10-30,40250,2023-12-31,3,,,,,,,,,,,,,,,,,,,,,,,,,,,,,,,,,9458768,792644,8663427,false,false,9,2023-01-01,2023-09-30,0
2023-10-30,40250,2022-12-31,3,,,,,,,,,,,,,,,,,,,,,,,,,,,,,,,,,,,8657276,false,false,9,2022-01-01,2022-09-30,-1
2024-01-29,40250,2023-12-31,,34850000000,-0.083,,,,,910000000,-0.413,1340000000,-0.295,,1360000000,,157.26,,,,,,,,,,,,,,,,,,,,,,true,true,12,2023-01-01,2023-12-31,0
2024-01-29,40250,2022-12-31,,35846000000,,,,,,2751000000,,3144000000,,,2056000000,,237.53,,,,,,,,,,,,,,,,,,,,,,true,false,12,2022-01-01,2022-12-31,-1
2024-02-13,40250,2023-12-31,,34852000000,-0.028,,,,,912000000,-0.668,1337000000,-0.575,,1356000000,,156.86,,0.041,0.026,0.026,,51299000000,33899000000,0.659,3994.74,33819000000,1620000000,-1640000000,-1169000000,5075000000,,0.319,,,,,,true,false,12,2023-01-01,2023-12-31,0
2024-02-13,40250,2022-12-31,,35846000000,,,,,,2751000000,,3144000000,,,2056000000,,237.53,,0.067,0.065,0.077,,50323000000,32057000000,0.635,3689.28,31948000000,1444000000,-1083000000,-543000000,6256000000,,0.210,,,,,,true,false,12,2022-01-01,2022-12-31,-1
2024-02-13,40250,2024-12-31,,37000000000,0.062,,,,,1200000000,0.314,1650000000,0.234,1500000000,,0.106,177.18,,,,,,,,,,,,,,,,0.310,,,,,,true,true,12,2024-01-01,2024-12-31,1
2024-02-13,40250,2023-12-31,,27057000000,-0.028,,,,,830000000,-0.657,1321000000,-0.538,1419000000,,-0.321,164.18,,,,,,43642000000,29092000000,0.667,3436.32,29092000000,,,,,50.00,,,,9458768,992644,8648061,false,false,12,2023-01-01,2023-12-31,0
2024-02-13,40250,2022-12-31,,27844000000,,,,,,2423000000,,2860000000,,2090000000,,,241.50,,,,,,42635000000,27184000000,0.638,3139.10,27184000000,,,,,50.00,,,,9458768,798931,8657922,false,false,12,2022-01-01,2022-12-31,-1
2024-02-13,40250,2024-12-31,,,,,,,,,,,,,,,,,,,,,,,,,,,,,,55.00,,,,,,,false,true,12,2024-01-01,2024-12-31,1
2024-04-30,40250,2024-12-31,1,9279000000,0.049,,,,,497000000,1.005,575000000,0.983,,418000000,,49.42,,,,,,55364000000,35814000000,0.645,,35731000000,,,,,,,,,,,,true,false,3,2024-01-01,2024-03-31,0
2024-04-30,40250,2023-12-31,1,8843000000,0.051,,,,,248000000,-0.608,290000000,-0.588,,311000000,,36.02,,,,,,,,,,,,,,,,,,,,,,true,false,3,2023-01-01,2023-03-31,-1
2024-04-30,40250,2024-12-31,1,37000000000,0.062,,,,,1200000000,0.314,1650000000,0.234,,1500000000,,177.18,,,,,,,,,,,,,,,,,,,,,,true,true,12,2024-01-01,2024-12-31,0
2024-04-30,40250,2023-12-31,1,,,,,,,,,,,,,,,,,,,,51299000000,33899000000,0.659,,33819000000,,,,,,,,,,,,true,false,12,2023-01-01,2023-12-31,-1
2024-04-30,40250,2023-12-31,1,,,,,,,,,,,,,,,,,,,,,,,,,,,,,50.00,,,,9458768,992644,,false,false,12,2023-01-01,2023-12-31,-1
2024-04-30,40250,2024-12-31,1,,,,,,,,,,,,,,,,,,,,,,,,,,,,,55.00,,,,,,,false,true,12,2024-01-01,2024-12-31,0
2024-04-30,40250,2024-12-31,1,,,,,,,,,,,,,,,,,,,,,,,,,,,,,,,,,9458768,992644,8466124,false,false,3,2024-01-01,2024-03-31,0
2024-04-30,40250,2023-12-31,1,,,,,,,,,,,,,,,,,,,,,,,,,,,,,,,,,,,8659828,false,false,3,2023-01-01,2023-03-31,-1
2024-07-31,40250,2024-12-31,2,19522000000,0.112,,,,,1150000000,1.254,1414000000,0.948,,1014000000,,119.80,,,,,,55805000000,37006000000,0.662,,36930000000,,,,,,,,,,,,true,false,6,2024-01-01,2024-06-30,0
2024-07-31,40250,2023-12-31,2,17551000000,-0.030,,,,,510000000,-0.676,725000000,-0.593,,614000000,,71.00,,,,,,,,,,,,,,,,,,,,,,true,false,6,2023-01-01,2023-06-30,-1
2024-07-31,40250,2024-12-31,2,38700000000,0.110,,,,,2150000000,1.355,2650000000,0.981,,1850000000,,218.34,,,,,,,,,,,,,,,,,,,,,,true,true,12,2024-01-01,2024-12-31,0
2024-07-31,40250,2023-12-31,2,,,,,,,,,,,,,,,,,,,,51299000000,33899000000,0.659,,33819000000,,,,,,,,,,,,true,false,12,2023-01-01,2023-12-31,-1
2024-07-31,40250,2023-12-31,2,,,,,,,,,,,,,,,,,,,,,,,,,,,,,50.00,,,,9458768,992644,,false,false,12,2023-01-01,2023-12-31,-1
2024-07-31,40250,2024-12-31,2,,,,,,,,,,,,,,,,,,,,,,,,,,,,,55.00,,,,,,,false,true,12,2024-01-01,2024-12-31,0
2024-07-31,40250,2024-12-31,2,,,,,,,,,,,,,,,,,,,,,,,,,,,,,,,,,9458768,981173,8468651,false,false,6,2024-01-01,2024-06-30,0
2024-07-31,40250,2023-12-31,2,,,,,,,,,,,,,,,,,,,,,,,,,,,,,,,,,,,8662055,false,false,6,2023-01-01,2023-06-30,-1
2024-07-31,40250,2024-12-31,,38700000000,0.046,,,,,2150000000,0.792,2650000000,0.606,,1850000000,,218.34,,,,,,,,,,,,,,,,,,,,,,true,true,12,2024-01-01,2024-12-31,0
2024-07-31,40250,2023-12-31,,34852000000,,,,,,912000000,,1337000000,,,1356000000,,156.86,,,,,,,,,,,,,,,,,,,,,,true,false,12,2023-01-01,2023-12-31,-1
2024-11-12,40250,2024-12-31,3,27809000000,0.110,,,,,1645000000,1.655,1924000000,1.241,,1388000000,,163.85,,,,,,54670000000,36301000000,0.663,,36224000000,,,,,,,,,,,,true,false,9,2024-01-01,2024-09-30,0
2024-11-12,40250,2023-12-31,3,25042000000,-0.016,,,,,619000000,-0.678,858000000,-0.607,,702000000,,81.10,,,,,,,,,,,,,,,,,,,,,,true,false,9,2023-01-01,2023-09-30,-1
2024-11-12,40250,2024-12-31,3,38700000000,0.110,,,,,2150000000,1.355,2650000000,0.981,,1850000000,,218.34,,,,,,,,,,,,,,,,,,,,,,true,true,12,2024-01-01,2024-12-31,0
2024-11-12,40250,2023-12-31,3,,,,,,,,,,,,,,,,,,,,51299000000,33899000000,0.659,,33819000000,,,,,,,,,,,,true,false,12,2023-01-01,2023-12-31,-1
2024-11-12,40250,2023-12-31,3,,,,,,,,,,,,,,,,,,,,,,,,,,,,,50.00,,,,9458768,992644,,false,false,12,2023-01-01,2023-12-31,-1
2024-11-12,40250,2024-12-31,3,,,,,,,,,,,,,,,,,,,,,,,,,,,,,55.00,,,,,,,false,true,12,2024-01-01,2024-12-31,0
2024-11-12,40250,2024-12-31,3,,,,,,,,,,,,,,,,,,,,,,,,,,,,,,,,,9458768,981173,8471654,false,false,9,2024-01-01,2024-09-30,0
2024-11-12,40250,2023-12-31,3,,,,,,,,,,,,,,,,,,,,,,,,,,,,,,,,,,,8663427,false,false,9,2023-01-01,2023-09-30,-1
2025-02-10,40250,2024-12-31,,38916000000,0.117,,,,,2668000000,1.923,3161000000,1.364,,2299000000,,271.37,,0.064,0.058,0.069,,58402000000,37959000000,0.649,4468.46,37881000000,4343000000,-1613000000,-352000000,7458000000,,0.203,,,,,,true,false,12,2024-01-01,2024-12-31,0
2025-02-10,40250,2023-12-31,,34852000000,-0.028,,,,,912000000,-0.668,1337000000,-0.575,,1356000000,,156.86,,0.041,0.026,0.026,,51299000000,33899000000,0.659,3994.74,33819000000,1620000000,-1640000000,-1169000000,5075000000,,0.319,,,,,,true,false,12,2023-01-01,2023-12-31,-1
2025-02-10,40250,2025-12-31,,41000000000,0.054,,,,,1300000000,-0.513,1850000000,-0.415,,1650000000,,194.60,,,,,,,,,,,,,,,,0.308,,,,,,true,true,12,2025-01-01,2025-12-31,1
2025-02-10,40250,2024-12-31,,30426000000,0.125,,,,,2129000000,1.566,2689000000,1.035,1953000000,,0.376,230.56,,,,,,52853000000,32777000000,0.620,3866.41,32777000000,,,,,55.00,,,,9458768,981251,8473125,false,false,12,2024-01-01,2024-12-31,0
2025-02-10,40250,2023-12-31,,27057000000,-0.028,,,,,830000000,-0.657,1321000000,-0.538,1419000000,,-0.321,164.18,,,,,,43642000000,29092000000,0.667,3436.32,29092000000,,,,,50.00,,,,9458768,992644,8648061,false,false,12,2023-01-01,2023-12-31,-1
2025-02-10,40250,2025-12-31,,,,,,,,,,,,,,,,,,,,,,,,,,,,,,60.00,,,,,,,false,true,12,2025-01-01,2025-12-31,1
2025-05-12,40250,2025-12-31,1,9867000000,0.063,,,,,690000000,0.389,771000000,0.341,,556000000,,65.61,,,,,,59710000000,38662000000,0.640,,38236000000,,,,,,,,,,,,true,false,3,2025-01-01,2025-03-31,0
2025-05-12,40250,2024-12-31,1,9279000000,0.049,,,,,497000000,1.005,575000000,0.983,,418000000,,49.42,,,,,,,,,,,,,,,,,,,,,,true,false,3,2024-01-01,2024-03-31,-1
2025-05-12,40250,2025-12-31,1,41000000000,0.054,,,,,1300000000,-0.513,1850000000,-0.415,,1650000000,,194.60,,,,,,,,,,,,,,,,,,,,,,true,true,12,2025-01-01,2025-12-31,0
2025-05-12,40250,2024-12-31,1,,,,,,,,,,,,,,,,,,,,58402000000,37959000000,0.649,,37881000000,,,,,,,,,,,,true,false,12,2024-01-01,2024-12-31,-1
2025-05-12,40250,2024-12-31,1,,,,,,,,,,,,,,,,,,,,,,,,,,,,,55.00,,,,9458768,981251,,false,false,12,2024-01-01,2024-12-31,-1
2025-05-12,40250,2025-12-31,1,,,,,,,,,,,,,,,,,,,,,,,,,,,,,60.00,,,,,,,false,true,12,2025-01-01,2025-12-31,0
2025-05-12,40250,2025-12-31,1,,,,,,,,,,,,,,,,,,,,,,,,,,,,,,,,,9458768,981290,8477496,false,false,3,2025-01-01,2025-03-31,0
2025-05-12,40250,2024-12-31,1,,,,,,,,,,,,,,,,,,,,,,,,,,,,,,,,,,,8466124,false,false,3,2024-01-01,2024-03-31,-1
