filing_date,code,fiscal_year_end,quarterly_period,net_sales,net_sales_change,revenue,revenue_change,operating_revenue,operating_revenue_change,operating_profit,operating_profit_change,ordinary_profit,ordinary_profit_change,net_income,net_income_of_parent,net_income_change,eps,diluted_eps,roe,roa,operating_profit_to_net_sales,operating_profit_to_revenue,total_assets,net_assets,equity_ratio,bps,owner_equity,operating_cash_flow,investing_cash_flow,financing_cash_flow,cash,dividend_per_share,payout_ratio,commemorative_dividend,extra_dividend,number_of_shares,number_of_treqsury_shares,avg_number_of_shares,is_consolidated,is_forecast,duration,period_start,period_end,period_pos
2015-07-31,40430,2016-03-31,1,73740000000,0.035,,,,,2939000000,-0.473,1486000000,-0.673,,60000000,,0.17,,,,,,548658000000,171350000000,0.300,472.78,164460000000,,,,,,,,,,,,true,false,3,2015-04-01,2015-06-30,0
2015-07-31,40430,2015-03-31,1,71215000000,0.106,,,,,5579000000,0.799,4553000000,0.821,,3575000000,,10.28,,,,,,,,,,,,,,,,,,,,,,true,false,3,2014-04-01,2014-06-30,-1
2015-07-31,40430,2016-03-31,1,148000000000,0.029,,,,,5500000000,-0.481,2500000000,-0.698,,500000000,,1.44,,,,,,,,,,,,,,,,,,,,,,true,true,6,2015-04-01,2015-09-30,0
2015-07-31,40430,2016-03-31,1,309000000000,0.023,,,,,18000000000,-0.078,12000000000,-0.071,,6000000000,,17.25,,,,,,,,,,,,,,,,,,,,,,true,true,12,2015-04-01,2016-03-31,0
2015-07-31,40430,2015-03-31,1,,,,,,,,,,,,,,,,,,,,554527000000,169445000000,0.293,467.36,162577000000,,,,,,,,,,,,true,false,12,2014-04-01,2015-03-31,-1
2015-07-31,40430,2015-03-31,1,,,,,,,,,,,,,,,,,,,,,,,,,,,,,0.00,,,,349671876,1805814,,false,false,12,2014-04-01,2015-03-31,-1
2015-07-31,40430,2016-03-31,1,,,,,,,,,,,,,,,,,,,,,,,,,,,,,0.00,,,,,,,false,true,12,2015-04-01,2016-03-31,0
2015-07-31,40430,2016-03-31,1,,,,,,,,,,,,,,,,,,,,,,,,,,,,,,,,,349671876,1811560,347862055,false,false,3,2015-04-01,2015-06-30,0
2015-07-31,40430,2015-03-31,1,,,,,,,,,,,,,,,,,,,,,,,,,,,,,,,,,,,347892060,false,false,3,2014-04-01,2014-06-30,-1
2015-07-31,40430,2016-03-31,,148000000000,-0.020,,,,,5500000000,-0.353,2500000000,-0.583,,500000000,,1.44,,,,,,,,,,,,,,,,,,,,,,true,true,6,2015-04-01,2015-09-30,0
2015-07-31,40430,2015-03-31,,143880000000,,,,,,10590000000,,8284000000,,,-80504000000,,-231.40,,,,,,,,,,,,,,,,,,,,,,true,false,6,2014-04-01,2014-09-30,-1
2015-07-31,40430,2016-03-31,,309000000000,-0.010,,,,,18000000000,-0.143,12000000000,-0.143,,6000000000,,17.25,,,,,,,,,,,,,,,,,,,,,,true,true,12,2015-04-01,2016-03-31,0
2015-07-31,40430,2015-03-31,,302085000000,,,,,,19530000000,,12920000000,,,-65349000000,,-187.85,,,,,,,,,,,,,,,,,,,,,,true,false,12,2014-04-01,2015-03-31,-1
2015-07-31,40430,2016-03-31,,89000000000,-0.022,,,,,,,0,-1.000,0,,-1.000,0.00,,,,,,,,,,,,,,,,,,,,,,false,true,6,2015-04-01,2015-09-30,0
2015-07-31,40430,2016-03-31,,191000000000,0.011,,,,,,,5000000000,-0.375,2500000000,,-0.500,7.19,,,,,,,,,,,,,,,,,,,,,,false,true,12,2015-04-01,2016-03-31,0
2015-07-31,40430,2015-03-31,,184043000000,,,,,,,,18665000000,,-62950000000,,,-180.96,,,,,,,,,,,,,,,,,,,,,,false,false,12,2014-04-01,2015-03-31,-1
2015-10-30,40430,2016-03-31,2,149128000000,0.036,,,,,7549000000,-0.287,5262000000,-0.365,,2783000000,,8.00,,,,,,531877000000,171078000000,0.308,471.42,163986000000,,,,,,,,,,,,true,false,6,2015-04-01,2015-09-30,0
2015-10-30,40430,2015-03-31,2,143880000000,0.066,,,,,10590000000,0.356,8284000000,0.359,,-80504000000,,-231.40,,,,,,,,,,,,,,,,,,,,,,true,false,6,2014-04-01,2014-09-30,-1
2015-10-30,40430,2016-03-31,2,306000000000,0.013,,,,,20000000000,0.024,14000000000,0.084,,14000000000,,40.25,,,,,,,,,,,,,,,,,,,,,,true,true,12,2015-04-01,2016-03-31,0
2015-10-30,40430,2015-03-31,2,,,,,,,,,,,,,,,,,,,,554527000000,169445000000,0.293,467.36,162577000000,,,,,,,,,,,,true,false,12,2014-04-01,2015-03-31,-1
2015-10-30,40430,2015-03-31,2,,,,,,,,,,,,,,,,,,,,,,,,,,,,,0.00,,,,349671876,1805814,,false,false,12,2014-04-01,2015-03-31,-1
2015-10-30,40430,2016-03-31,2,,,,,,,,,,,,,,,,,,,,,,,,,,,,,0.00,,,,,,,false,false,12,2015-04-01,2016-03-31,0
2015-10-30,40430,2016-03-31,2,,,,,,,,,,,,,,,,,,,,,,,,,,,,,0.00,,,,,,,false,true,12,2015-04-01,2016-03-31,0
2015-10-30,40430,2016-03-31,2,,,,,,,,,,,,,,,,,,,,,,,,,,,,,,,,,349671876,1816246,347859153,false,false,6,2015-04-01,2015-09-30,0
2015-10-30,40430,2015-03-31,2,,,,,,,,,,,,,,,,,,,,,,,,,,,,,,,,,,,347895825,false,false,6,2014-04-01,2014-09-30,-1
2015-10-30,40430,2016-03-31,,306000000000,-0.010,,,,,20000000000,0.111,14000000000,0.167,,14000000000,,40.25,,,,,,,,,,,,,,,,,,,,,,true,true,12,2015-04-01,2016-03-31,0
2015-10-30,40430,2015-03-31,,302085000000,,,,,,19530000000,,12920000000,,,-65349000000,,-187.85,,,,,,,,,,,,,,,,,,,,,,true,false,12,2014-04-01,2015-03-31,-1
2015-10-30,40430,2016-03-31,,185000000000,-0.031,,,,,,,8000000000,0.600,8500000000,,2.400,24.44,,,,,,,,,,,,,,,,,,,,,,false,true,12,2015-04-01,2016-03-31,0
2015-10-30,40430,2015-03-31,,184043000000,,,,,,,,18665000000,,-62950000000,,,-180.96,,,,,,,,,,,,,,,,,,,,,,false,false,12,2014-04-01,2015-03-31,-1
2016-01-29,40430,2016-03-31,3,226658000000,0.021,,,,,12940000000,-0.184,9386000000,-0.151,,-115806000000,,-332.91,,,,,,412242000000,51856000000,0.105,124.51,43310000000,,,,,,,,,,,,true,false,9,2015-04-01,2015-12-31,0
2016-01-29,40430,2015-03-31,3,222029000000,0.068,,,,,15867000000,0.269,11057000000,0.124,,-78878000000,,-226.73,,,,,,,,,,,,,,,,,,,,,,true,false,9,2014-04-01,2014-12-31,-1
2016-01-29,40430,2016-03-31,3,306000000000,0.013,,,,,20000000000,0.024,15000000000,0.161,,-103000000000,,-296.10,,,,,,,,,,,,,,,,,,,,,,true,true,12,2015-04-01,2016-03-31,0
2016-01-29,40430,2015-03-31,3,,,,,,,,,,,,,,,,,,,,554527000000,169445000000,0.293,467.36,162577000000,,,,,,,,,,,,true,false,12,2014-04-01,2015-03-31,-1
2016-01-29,40430,2015-03-31,3,,,,,,,,,,,,,,,,,,,,,,,,,,,,,0.00,,,,349671876,1805814,,false,false,12,2014-04-01,2015-03-31,-1
2016-01-29,40430,2016-03-31,3,,,,,,,,,,,,,,,,,,,,,,,,,,,,,0.00,,,,,,,false,false,12,2015-04-01,2016-03-31,0
2016-01-29,40430,2016-03-31,3,,,,,,,,,,,,,,,,,,,,,,,,,,,,,0.00,,,,,,,false,true,12,2015-04-01,2016-03-31,0
2016-01-29,40430,2016-03-31,3,,,,,,,,,,,,,,,,,,,,,,,,,,,,,,,,,349671876,1825977,347856264,false,false,9,2015-04-01,2015-12-31,0
2016-01-29,40430,2015-03-31,3,,,,,,,,,,,,,,,,,,,,,,,,,,,,,,,,,,,347899311,false,false,9,2014-04-01,2014-12-31,-1
2016-01-29,40430,2016-03-31,,306000000000,,,,,,20000000000,,15000000000,0.071,,-103000000000,,-296.10,,,,,,,,,,,,,,,,,,,,,,true,true,12,2015-04-01,2016-03-31,0
2016-01-29,40430,2015-03-31,,302085000000,,,,,,19530000000,,12920000000,,,-65349000000,,-187.85,,,,,,,,,,,,,,,,,,,,,,true,false,12,2014-04-01,2015-03-31,-1
2016-01-29,40430,2016-03-31,,185000000000,,,,,,,,22000000000,1.750,-104000000000,,,-298.97,,,,,,,,,,,,,,,,,,,,,,false,true,12,2015-04-01,2016-03-31,0
2016-01-29,40430,2015-03-31,,184043000000,,,,,,,,18665000000,,-62950000000,,,-180.96,,,,,,,,,,,,,,,,,,,,,,false,false,12,2014-04-01,2015-03-31,-1
2016-05-12,40430,2016-03-31,,307115000000,0.017,,,,,23071000000,0.181,17725000000,0.372,,-100563000000,,-289.10,,-0.940,0.037,0.075,,401342000000,60205000000,0.128,147.98,51473000000,30098000000,13400000000,-37689000000,121166000000,,,,,,,,true,false,12,2015-04-01,2016-03-31,0
2016-05-12,40430,2015-03-31,,302085000000,0.051,,,,,19530000000,-0.037,12920000000,-0.137,,-65349000000,,-187.85,,-0.333,0.023,0.065,,554527000000,169445000000,0.293,467.36,162577000000,30772000000,-25519000000,40502000000,116122000000,,,,,,,,true,false,12,2014-04-01,2015-03-31,-1
2016-05-12,40430,2017-03-31,,145000000000,-0.028,,,,,14500000000,0.921,11500000000,1.185,,7000000000,,20.12,,,,,,,,,,,,,,,,,,,,,,true,true,6,2016-04-01,2016-09-30,1
2016-05-12,40430,2017-03-31,,302000000000,-0.017,,,,,32000000000,0.387,27000000000,0.523,,17000000000,,48.87,,,,,,,,,,,,,,,,,,,,,,true,true,12,2016-04-01,2017-03-31,1
2016-05-12,40430,2016-03-31,,184755000000,0.004,,,,,25648000000,0.333,27216000000,0.458,-97875000000,,,-281.37,,,,,,329286000000,28554000000,0.087,82.09,28554000000,,,,,0.00,,,,349671876,1832788,347852553,false,false,12,2015-04-01,2016-03-31,0
2016-05-12,40430,2015-03-31,,184043000000,0.035,,,,,19247000000,0.180,18665000000,0.811,-62950000000,,,-180.96,,,,,,462042000000,133993000000,0.290,385.19,133993000000,,,,,0.00,,,,349671876,1805814,347876356,false,false,12,2014-04-01,2015-03-31,-1
2016-05-12,40430,2017-03-31,,,,,,,,,,,,,,,,,,,,,,,,,,,,,,0.00,,,,,,,false,true,12,2016-04-01,2017-03-31,1
2016-07-29,40430,2017-03-31,1,73163000000,-0.008,,,,,9531000000,2.242,6470000000,3.352,,5545000000,,15.91,15.89,,,,,404950000000,83150000000,0.184,156.22,74351000000,,,,,,,,,,,,true,false,3,2016-04-01,2016-06-30,0
2016-07-29,40430,2016-03-31,1,73740000000,0.035,,,,,2939000000,-0.473,1486000000,-0.673,,60000000,,0.17,,,,,,,,,,,,,,,,,,,,,,true,false,3,2015-04-01,2015-06-30,-1
2016-07-29,40430,2017-03-31,1,145000000000,-0.028,,,,,14500000000,0.921,11500000000,1.185,,7000000000,,19.37,,,,,,,,,,,,,,,,,,,,,,true,true,6,2016-04-01,2016-09-30,0
2016-07-29,40430,2017-03-31,1,302000000000,-0.017,,,,,32000000000,0.387,27000000000,0.523,,17000000000,,46.68,,,,,,,,,,,,,,,,,,,,,,true,true,12,2016-04-01,2017-03-31,0
2016-07-29,40430,2016-03-31,1,,,,,,,,,,,,,,,,,,,,401342000000,60205000000,0.128,147.98,51473000000,,,,,,,,,,,,true,false,12,2015-04-01,2016-03-31,-1
2016-07-29,40430,2016-03-31,1,,,,,,,,,,,,,,,,,,,,,,,,,,,,,0.00,,,,349671876,1832788,,false,false,12,2015-04-01,2016-03-31,-1
2016-07-29,40430,2017-03-31,1,,,,,,,,,,,,,,,,,,,,,,,,,,,,,0.00,,,,,,,false,true,12,2016-04-01,2017-03-31,0
2016-07-29,40430,2017-03-31,1,,,,,,,,,,,,,,,,,,,,,,,,,,,,,,,,,349671876,1835150,347838880,false,false,3,2016-04-01,2016-06-30,0
2016-07-29,40430,2016-03-31,1,,,,,,,,,,,,,,,,,,,,,,,,,,,,,,,,,,,347862055,false,false,3,2015-04-01,2015-06-30,-1
2016-10-28,40430,2017-03-31,2,142593000000,-0.044,,,,,18025000000,1.388,14509000000,1.757,,18449000000,,52.28,45.24,,,,,388201000000,96014000000,0.226,193.71,87639000000,,,,,,,,,,,,true,false,6,2016-04-01,2016-09-30,0
2016-10-28,40430,2016-03-31,2,149128000000,0.036,,,,,7549000000,-0.287,5262000000,-0.365,,2783000000,,8.00,,,,,,,,,,,,,,,,,,,,,,true,false,6,2015-04-01,2015-09-30,-1
2016-10-28,40430,2017-03-31,2,291000000000,-0.052,,,,,33000000000,0.430,27000000000,0.523,,21000000000,,58.18,,,,,,,,,,,,,,,,,,,,,,true,true,12,2016-04-01,2017-03-31,0
2016-10-28,40430,2016-03-31,2,,,,,,,,,,,,,,,,,,,,401342000000,60205000000,0.128,147.98,51473000000,,,,,,,,,,,,true,false,12,2015-04-01,2016-03-31,-1
2016-10-28,40430,2016-03-31,2,,,,,,,,,,,,,,,,,,,,,,,,,,,,,0.00,,,,349671876,1832788,,false,false,12,2015-04-01,2016-03-31,-1
2016-10-28,40430,2017-03-31,2,,,,,,,,,,,,,,,,,,,,,,,,,,,,,0.00,,,,,,,false,false,12,2016-04-01,2017-03-31,0
2016-10-28,40430,2017-03-31,2,,,,,,,,,,,,,,,,,,,,,,,,,,,,,0.00,,,,,,,false,true,12,2016-04-01,2017-03-31,0
2016-10-28,40430,2017-03-31,2,,,,,,,,,,,,,,,,,,,,,,,,,,,,,,,,,349671876,1839937,347835869,false,false,6,2016-04-01,2016-09-30,0
2016-10-28,40430,2016-03-31,2,,,,,,,,,,,,,,,,,,,,,,,,,,,,,,,,,,,347859153,false,false,6,2015-04-01,2015-09-30,-1
2016-10-28,40430,2017-03-31,,291000000000,-0.036,,,,,33000000000,0.031,27000000000,0.000,,21000000000,,58.18,,,,,,,,,,,,,,,,,,,,,,true,true,12,2016-04-01,2017-03-31,0
2016-10-28,40430,2016-03-31,,307115000000,,,,,,23071000000,,17725000000,,,-100563000000,,-289.10,,,,,,,,,,,,,,,,,,,,,,true,false,12,2015-04-01,2016-03-31,-1
2017-01-31,40430,2017-03-31,3,218100000000,-0.038,,,,,29142000000,1.252,25173000000,1.682,,24866000000,,70.01,58.37,,,,,405362000000,108157000000,0.245,227.01,99476000000,,,,,,,,,,,,true,false,9,2016-04-01,2016-12-31,0
2017-01-31,40430,2016-03-31,3,226658000000,0.021,,,,,12940000000,-0.184,9386000000,-0.151,,-115806000000,,-332.91,,,,,,,,,,,,,,,,,,,,,,true,false,9,2015-04-01,2015-12-31,-1
2017-01-31,40430,2017-03-31,3,291000000000,-0.052,,,,,33000000000,0.430,27000000000,0.523,,21000000000,,58.18,,,,,,,,,,,,,,,,,,,,,,true,true,12,2016-04-01,2017-03-31,0
2017-01-31,40430,2016-03-31,3,,,,,,,,,,,,,,,,,,,,401342000000,60205000000,0.128,147.98,51473000000,,,,,,,,,,,,true,false,12,2015-04-01,2016-03-31,-1
2017-01-31,40430,2016-03-31,3,,,,,,,,,,,,,,,,,,,,,,,,,,,,,0.00,,,,349671876,1832788,,false,false,12,2015-04-01,2016-03-31,-1
2017-01-31,40430,2017-03-31,3,,,,,,,,,,,,,,,,,,,,,,,,,,,,,0.00,,,,,,,false,false,12,2016-04-01,2017-03-31,0
2017-01-31,40430,2017-03-31,3,,,,,,,,,,,,,,,,,,,,,,,,,,,,,0.00,,,,,,,false,true,12,2016-04-01,2017-03-31,0
2017-01-31,40430,2017-03-31,3,,,,,,,,,,,,,,,,,,,,,,,,,,,,,,,,,349671876,1845549,347833274,false,false,9,2016-04-01,2016-12-31,0
2017-01-31,40430,2016-03-31,3,,,,,,,,,,,,,,,,,,,,,,,,,,,,,,,,,,,347856264,false,false,9,2015-04-01,2015-12-31,-1
2017-04-28,40430,2017-03-31,,299106000000,-0.026,,,,,39720000000,0.722,33998000000,0.918,,52165000000,,147.78,119.93,0.585,0.082,0.133,,424433000000,135976000000,0.299,305.49,127015000000,20012000000,-10089000000,-11911000000,118819000000,,,,,,,,true,false,12,2016-04-01,2017-03-31,0
2017-04-28,40430,2016-03-31,,307115000000,0.017,,,,,23071000000,0.181,17725000000,0.372,,-100563000000,,-289.10,,-0.940,0.037,0.075,,401342000000,60205000000,0.128,147.98,51473000000,30098000000,13400000000,-37689000000,121166000000,,,,,,,,true,false,12,2015-04-01,2016-03-31,-1
2017-04-28,40430,2018-03-31,,300000000000,0.003,,,,,36000000000,-0.094,32000000000,-0.059,13000000000,,-0.751,36.72,,,,,,,,,,,,,,,,0.109,,,,,,true,true,12,2017-04-01,2018-03-31,1
2017-04-28,40430,2017-03-31,,173055000000,-0.063,,,,,33276000000,0.297,29745000000,0.093,31915000000,,,89.57,73.38,,,,,330369000000,82064000000,0.248,176.25,82064000000,,,,,0.00,,,,349671876,1850780,347830738,false,false,12,2016-04-01,2017-03-31,0
2017-04-28,40430,2016-03-31,,184755000000,0.004,,,,,25648000000,0.333,27216000000,0.458,-97875000000,,,-281.37,,,,,,329286000000,28554000000,0.087,82.09,28554000000,,,,,0.00,,,,349671876,1832788,347852553,false,false,12,2015-04-01,2016-03-31,-1
2017-04-28,40430,2018-03-31,,,,,,,,,,,,,,,,,,,,,,,,,,,,,,4.00,,,,,,,false,true,12,2017-04-01,2018-03-31,1
2017-07-28,40430,2018-03-31,1,72473000000,-0.009,,,,,8493000000,-0.087,7752000000,0.198,,-8143000000,,-28.09,,,,,,390571000000,106575000000,0.249,279.99,97385000000,,,,,,,,,,,,true,false,3,2017-04-01,2017-06-30,0
2017-07-28,40430,2017-03-31,1,73163000000,-0.008,,,,,9302000000,2.165,6470000000,3.352,,5545000000,,15.91,15.89,,,,,,,,,,,,,,,,,,,,,true,false,3,2016-04-01,2016-06-30,-1
2017-07-28,40430,2018-03-31,1,300000000000,0.003,,,,,36000000000,-0.066,32000000000,-0.059,,13000000000,,163.50,,,,,,,,,,,,,,,,,,,,,,true,true,12,2017-04-01,2018-03-31,0
2017-07-28,40430,2017-03-31,1,,,,,,,,,,,,,,,,,,,,424433000000,135976000000,0.299,305.49,127015000000,,,,,,,,,,,,true,false,12,2016-04-01,2017-03-31,-1
2017-07-28,40430,2017-03-31,1,,,,,,,,,,,,,,,,,,,,,,,,,,,,,0.00,,,,349671876,1850780,,false,false,12,2016-04-01,2017-03-31,-1
2017-07-28,40430,2018-03-31,1,,,,,,,,,,,,,,,,,,,,,,,,,,,,,10.00,,,,,,,false,true,12,2017-04-01,2018-03-31,0
2017-07-28,40430,2018-03-31,1,,,,,,,,,,,,,,,,,,,,,,,,,,,,,,,,,349671876,1853332,347819249,false,false,3,2017-04-01,2017-06-30,0
2017-07-28,40430,2017-03-31,1,,,,,,,,,,,,,,,,,,,,,,,,,,,,,,,,,,,347838880,false,false,3,2016-04-01,2016-06-30,-1
2017-10-27,40430,2018-03-31,2,146166000000,0.025,,,,,18878000000,0.071,15697000000,0.082,,174000000,,-20.87,,,,,,361683000000,117130000000,0.294,1528.48,106324000000,,,,,,,,,,,,true,false,6,2017-04-01,2017-09-30,0
2017-10-27,40430,2017-03-31,2,142593000000,-0.044,,,,,17631000000,1.336,14509000000,1.757,,18449000000,,261.42,226.18,,,,,,,,,,,,,,,,,,,,,true,false,6,2016-04-01,2016-09-30,-1
2017-10-27,40430,2018-03-31,2,300000000000,0.003,,,,,36000000000,-0.066,32000000000,-0.059,,13000000000,,163.50,,,,,,,,,,,,,,,,,,,,,,true,true,12,2017-04-01,2018-03-31,0
2017-10-27,40430,2017-03-31,2,,,,,,,,,,,,,,,,,,,,424433000000,135976000000,0.299,1527.42,127015000000,,,,,,,,,,,,true,false,12,2016-04-01,2017-03-31,-1
2017-10-27,40430,2017-03-31,2,,,,,,,,,,,,,,,,,,,,,,,,,,,,,0.00,,,,69934375,370156,,false,false,12,2016-04-01,2017-03-31,-1
2017-10-27,40430,2018-03-31,2,,,,,,,,,,,,,,,,,,,,,,,,,,,,,2.00,,,,,,,false,false,12,2017-04-01,2018-03-31,0
2017-10-27,40430,2018-03-31,2,,,,,,,,,,,,,,,,,,,,,,,,,,,,,10.00,,,,,,,false,true,12,2017-04-01,2018-03-31,0
2017-10-27,40430,2018-03-31,2,,,,,,,,,,,,,,,,,,,,,,,,,,,,,,,,,69934375,372084,69563316,false,false,6,2017-04-01,2017-09-30,0
2017-10-27,40430,2017-03-31,2,,,,,,,,,,,,,,,,,,,,,,,,,,,,,,,,,,,69567173,false,false,6,2016-04-01,2016-09-30,-1
2018-01-31,40430,2018-03-31,3,226090000000,0.037,,,,,30150000000,0.066,26477000000,0.052,,7342000000,,82.18,,,,,,359091000000,124815000000,0.318,1640.41,114102000000,,,,,,,,,,,,true,false,9,2017-04-01,2017-12-31,0
2018-01-31,40430,2017-03-31,3,218100000000,-0.038,,,,,28278000000,1.185,25173000000,1.682,,24866000000,,350.05,291.84,,,,,,,,,,,,,,,,,,,,,true,false,9,2016-04-01,2016-12-31,-1
2018-01-31,40430,2018-03-31,3,308000000000,0.030,,,,,39000000000,0.012,34000000000,0.000,,15000000000,,192.26,,,,,,,,,,,,,,,,,,,,,,true,true,12,2017-04-01,2018-03-31,0
2018-01-31,40430,2017-03-31,3,,,,,,,,,,,,,,,,,,,,424433000000,135976000000,0.299,1527.42,127015000000,,,,,,,,,,,,true,false,12,2016-04-01,2017-03-31,-1
2018-01-31,40430,2017-03-31,3,,,,,,,,,,,,,,,,,,,,,,,,,,,,,0.00,,,,69934375,370156,,false,false,12,2016-04-01,2017-03-31,-1
2018-01-31,40430,2018-03-31,3,,,,,,,,,,,,,,,,,,,,,,,,,,,,,2.00,,,,,,,false,false,12,2017-04-01,2018-03-31,0
2018-01-31,40430,2018-03-31,3,,,,,,,,,,,,,,,,,,,,,,,,,,,,,10.00,,,,,,,false,true,12,2017-04-01,2018-03-31,0
2018-01-31,40430,2018-03-31,3,,,,,,,,,,,,,,,,,,,,,,,,,,,,,,,,,69934375,377061,69561756,false,false,9,2017-04-01,2017-12-31,0
2018-01-31,40430,2017-03-31,3,,,,,,,,,,,,,,,,,,,,,,,,,,,,,,,,,,,69566654,false,false,9,2016-04-01,2016-12-31,-1
2018-04-27,40430,2018-03-31,,308061000000,0.030,,,,,41268000000,0.071,36196000000,0.065,,19698000000,,259.81,,0.156,0.092,0.134,,361949000000,136591000000,0.347,1806.56,125656000000,61885000000,-12665000000,-101209000000,66807000000,,0.115,,,,,,true,false,12,2017-04-01,2018-03-31,0
2018-04-27,40430,2017-03-31,,299106000000,-0.026,,,,,38533000000,0.670,33998000000,0.918,,52165000000,,738.92,599.66,0.585,0.082,0.129,,424433000000,135976000000,0.299,1527.42,127015000000,20012000000,-10089000000,-11911000000,118819000000,,,,,,,,true,false,12,2016-04-01,2017-03-31,-1
2018-04-27,40430,2019-03-31,,328000000000,0.065,,,,,38000000000,-0.079,34000000000,-0.061,,27000000000,,388.15,,,,,,,,,,,,,,,,0.129,,,,,,true,true,12,2018-04-01,2019-03-31,1
2018-04-27,40430,2018-03-31,,188501000000,0.089,,,,,33359000000,0.035,29628000000,-0.004,29262000000,,-0.083,397.30,,,,,,281360000000,89184000000,0.317,1282.20,89184000000,,,,,20.00,,,,69934375,378378,69560391,false,false,12,2017-04-01,2018-03-31,0
2018-04-27,40430,2017-03-31,,173055000000,-0.063,,,,,32220000000,0.256,29745000000,0.093,31915000000,,,447.83,366.88,,,,,330369000000,82064000000,0.248,881.24,82064000000,,,,,0.00,,,,69934375,370156,69566147,false,false,12,2016-04-01,2017-03-31,-1
2018-04-27,40430,2019-03-31,,,,,,,,,,,,,,,,,,,,,,,,,,,,,,50.00,,,,,,,false,true,12,2018-04-01,2019-03-31,1
2018-07-31,40430,2019-03-31,1,75825000000,0.046,,,,,8883000000,0.046,8677000000,0.119,,6658000000,,95.73,,,,,,358025000000,141080000000,0.363,1870.87,130128000000,,,,,,,,,,,,true,false,3,2018-04-01,2018-06-30,0
2018-07-31,40430,2018-03-31,1,72473000000,-0.009,,,,,8493000000,-0.087,7752000000,0.198,,-8143000000,,-140.44,,,,,,,,,,,,,,,,,,,,,,true,false,3,2017-04-01,2017-06-30,-1
2018-07-31,40430,2019-03-31,1,328000000000,0.065,,,,,38000000000,-0.079,34000000000,-0.061,,27000000000,,388.15,,,,,,,,,,,,,,,,,,,,,,true,true,12,2018-04-01,2019-03-31,0
2018-07-31,40430,2018-03-31,1,,,,,,,,,,,,,,,,,,,,361949000000,136591000000,0.347,1806.56,125656000000,,,,,,,,,,,,true,false,12,2017-04-01,2018-03-31,-1
2018-07-31,40430,2018-03-31,1,,,,,,,,,,,,,,,,,,,,,,,,,,,,,20.00,,,,69934375,378378,,false,false,12,2017-04-01,2018-03-31,-1
2018-07-31,40430,2019-03-31,1,,,,,,,,,,,,,,,,,,,,,,,,,,,,,50.00,,,,,,,false,true,12,2018-04-01,2019-03-31,0
2018-07-31,40430,2019-03-31,1,,,,,,,,,,,,,,,,,,,,,,,,,,,,,,,,,69934375,379248,69555356,false,false,3,2018-04-01,2018-06-30,0
2018-07-31,40430,2018-03-31,1,,,,,,,,,,,,,,,,,,,,,,,,,,,,,,,,,,,69563849,false,false,3,2017-04-01,2017-06-30,-1
2018-10-31,40430,2019-03-31,2,152699000000,0.045,,,,,17019000000,-0.098,15470000000,-0.015,,12833000000,,184.55,,,,,,367240000000,146683000000,0.371,1961.21,136212000000,,,,,,,,,,,,true,false,6,2018-04-01,2018-09-30,0
2018-10-31,40430,2018-03-31,2,146166000000,0.025,,,,,18878000000,0.071,15697000000,0.082,,174000000,,-20.87,,,,,,,,,,,,,,,,,,,,,,true,false,6,2017-04-01,2017-09-30,-1
2018-10-31,40430,2019-03-31,2,328000000000,0.065,,,,,38000000000,-0.079,34000000000,-0.061,,27000000000,,388.15,,,,,,,,,,,,,,,,,,,,,,true,true,12,2018-04-01,2019-03-31,0
2018-10-31,40430,2018-03-31,2,,,,,,,,,,,,,,,,,,,,361949000000,136591000000,0.347,1806.56,125656000000,,,,,,,,,,,,true,false,12,2017-04-01,2018-03-31,-1
2018-10-31,40430,2018-03-31,2,,,,,,,,,,,,,,,,,,,,,,,,,,,,,20.00,,,,69934375,378378,,false,false,12,2017-04-01,2018-03-31,-1
2018-10-31,40430,2019-03-31,2,,,,,,,,,,,,,,,,,,,,,,,,,,,,,25.00,,,,,,,false,false,12,2018-04-01,2019-03-31,0
2018-10-31,40430,2019-03-31,2,,,,,,,,,,,,,,,,,,,,,,,,,,,,,50.00,,,,,,,false,true,12,2018-04-01,2019-03-31,0
2018-10-31,40430,2019-03-31,2,,,,,,,,,,,,,,,,,,,,,,,,,,,,,,,,,69934375,480978,69538081,false,false,6,2018-04-01,2018-09-30,0
2018-10-31,40430,2018-03-31,2,,,,,,,,,,,,,,,,,,,,,,,,,,,,,,,,,,,69563316,false,false,6,2017-04-01,2017-09-30,-1
2019-01-31,40430,2019-03-31,3,238289000000,0.054,,,,,25454000000,-0.156,23674000000,-0.106,,19570000000,,281.56,,,,,,363799000000,148952000000,0.380,1992.76,138401000000,,,,,,,,,,,,true,false,9,2018-04-01,2018-12-31,0
2019-01-31,40430,2018-03-31,3,226090000000,0.037,,,,,30150000000,0.066,26477000000,0.052,,7342000000,,82.18,,,,,,,,,,,,,,,,,,,,,,true,false,9,2017-04-01,2017-12-31,-1
2019-01-31,40430,2019-03-31,3,328000000000,0.065,,,,,38000000000,-0.079,34000000000,-0.061,,27000000000,,388.15,,,,,,,,,,,,,,,,,,,,,,true,true,12,2018-04-01,2019-03-31,0
2019-01-31,40430,2018-03-31,3,,,,,,,,,,,,,,,,,,,,361949000000,136591000000,0.347,1806.56,125656000000,,,,,,,,,,,,true,false,12,2017-04-01,2018-03-31,-1
2019-01-31,40430,2018-03-31,3,,,,,,,,,,,,,,,,,,,,,,,,,,,,,20.00,,,,69934375,378378,,false,false,12,2017-04-01,2018-03-31,-1
2019-01-31,40430,2019-03-31,3,,,,,,,,,,,,,,,,,,,,,,,,,,,,,25.00,,,,,,,false,false,12,2018-04-01,2019-03-31,0
2019-01-31,40430,2019-03-31,3,,,,,,,,,,,,,,,,,,,,,,,,,,,,,50.00,,,,,,,false,true,12,2018-04-01,2019-03-31,0
2019-01-31,40430,2019-03-31,3,,,,,,,,,,,,,,,,,,,,,,,,,,,,,,,,,69934375,481897,69509684,false,false,9,2018-04-01,2018-12-31,0
2019-01-31,40430,2018-03-31,3,,,,,,,,,,,,,,,,,,,,,,,,,,,,,,,,,,,69561756,false,false,9,2017-04-01,2017-12-31,-1
2019-04-26,40430,2019-03-31,,324661000000,0.054,,,,,35262000000,-0.146,33400000000,-0.077,,34279000000,,493.26,,0.246,0.090,0.109,,379630000000,163525000000,0.402,2199.83,152781000000,38531000000,-16174000000,-21104000000,67991000000,,0.101,,,,,,true,false,12,2018-04-01,2019-03-31,0
2019-04-26,40430,2018-03-31,,308061000000,0.030,,,,,41268000000,0.071,36196000000,0.065,,19698000000,,259.81,,0.156,0.092,0.134,,361949000000,136591000000,0.347,1806.56,125656000000,61885000000,-12665000000,-101209000000,66807000000,,0.115,,,,,,true,false,12,2017-04-01,2018-03-31,-1
2019-04-26,40430,2020-03-31,,343000000000,0.057,,,,,39000000000,0.106,39000000000,0.168,30500000000,,-0.110,438.88,,,,,,,,,,,,,,,,0.159,,,,,,true,true,12,2019-04-01,2020-03-31,1
2019-04-26,40430,2019-03-31,,195233000000,0.036,,,,,27614000000,-0.172,25009000000,-0.156,28955000000,,-0.010,416.66,,,,,,290701000000,111884000000,0.385,1610.98,111884000000,,,,,50.00,,,,69934375,482765,69495230,false,false,12,2018-04-01,2019-03-31,0
2019-04-26,40430,2018-03-31,,188501000000,0.089,,,,,33359000000,0.035,29628000000,-0.004,29262000000,,-0.083,397.30,,,,,,281360000000,89184000000,0.317,1282.20,89184000000,,,,,20.00,,,,69934375,378378,69560391,false,false,12,2017-04-01,2018-03-31,-1
2019-04-26,40430,2020-03-31,,,,,,,,,,,,,,,,,,,,,,,,,,,,,,70.00,,,,,,,false,true,12,2019-04-01,2020-03-31,1
2019-07-29,40430,2020-03-31,1,76465000000,0.008,,,,,7026000000,-0.209,6298000000,-0.274,,4859000000,,69.97,,,,,,375314000000,165648000000,0.413,2230.75,154933000000,,,,,,,,,,,,true,false,3,2019-04-01,2019-06-30,0
2019-07-29,40430,2019-03-31,1,75825000000,0.046,,,,,8883000000,0.046,8677000000,0.119,,6658000000,,95.73,,,,,,,,,,,,,,,,,,,,,,true,false,3,2018-04-01,2018-06-30,-1
2019-07-29,40430,2020-03-31,1,343000000000,0.057,,,,,39000000000,0.106,39000000000,0.168,30500000000,,-0.110,438.88,,,,,,,,,,,,,,,,,,,,,,true,true,12,2019-04-01,2020-03-31,0
2019-07-29,40430,2019-03-31,1,,,,,,,,,,,,,,,,,,,,379630000000,163525000000,0.402,2199.83,152781000000,,,,,,,,,,,,true,false,12,2018-04-01,2019-03-31,-1
2019-07-29,40430,2019-03-31,1,,,,,,,,,,,,,,,,,,,,,,,,,,,,,50.00,,,,69934375,482765,,false,false,12,2018-04-01,2019-03-31,-1
2019-07-29,40430,2020-03-31,1,,,,,,,,,,,,,,,,,,,,,,,,,,,,,70.00,,,,,,,false,true,12,2019-04-01,2020-03-31,0
2019-07-29,40430,2020-03-31,1,,,,,,,,,,,,,,,,,,,,,,,,,,,,,,,,,69934375,480862,69452147,false,false,3,2019-04-01,2019-06-30,0
2019-07-29,40430,2019-03-31,1,,,,,,,,,,,,,,,,,,,,,,,,,,,,,,,,,,,69555356,false,false,3,2018-04-01,2018-06-30,-1
2019-10-31,40430,2020-03-31,2,152749000000,0.000,,,,,14612000000,-0.141,13643000000,-0.118,,10400000000,,149.75,,,,,,373181000000,171012000000,0.429,2305.30,160118000000,,,,,,,,,,,,true,false,6,2019-04-01,2019-09-30,0
2019-10-31,40430,2019-03-31,2,152699000000,0.045,,,,,17019000000,-0.098,15470000000,-0.015,,12833000000,,184.55,,,,,,,,,,,,,,,,,,,,,,true,false,6,2018-04-01,2018-09-30,-1
2019-10-31,40430,2020-03-31,2,322000000000,-0.008,,,,,35000000000,-0.007,34000000000,0.018,26000000000,,-0.242,374.35,,,,,,,,,,,,,,,,,,,,,,true,true,12,2019-04-01,2020-03-31,0
2019-10-31,40430,2019-03-31,2,,,,,,,,,,,,,,,,,,,,379630000000,163525000000,0.402,2199.83,152781000000,,,,,,,,,,,,true,false,12,2018-04-01,2019-03-31,-1
2019-10-31,40430,2019-03-31,2,,,,,,,,,,,,,,,,,,,,,,,,,,,,,50.00,,,,69934375,482765,,false,false,12,2018-04-01,2019-03-31,-1
2019-10-31,40430,2020-03-31,2,,,,,,,,,,,,,,,,,,,,,,,,,,,,,35.00,,,,,,,false,false,12,2019-04-01,2020-03-31,0
2019-10-31,40430,2020-03-31,2,,,,,,,,,,,,,,,,,,,,,,,,,,,,,70.00,,,,,,,false,true,12,2019-04-01,2020-03-31,0
2019-10-31,40430,2020-03-31,2,,,,,,,,,,,,,,,,,,,,,,,,,,,,,,,,,69934375,477683,69454574,false,false,6,2019-04-01,2019-09-30,0
2019-10-31,40430,2019-03-31,2,,,,,,,,,,,,,,,,,,,,,,,,,,,,,,,,,,,69538081,false,false,6,2018-04-01,2018-09-30,-1
2020-01-31,40430,2020-03-31,3,236543000000,-0.007,,,,,24754000000,-0.028,23780000000,0.004,,18011000000,,259.32,,,,,,380908000000,177643000000,0.437,2395.45,166378000000,,,,,,,,,,,,true,false,9,2019-04-01,2019-12-31,0
2020-01-31,40430,2019-03-31,3,238289000000,0.054,,,,,25454000000,-0.156,23674000000,-0.106,,19570000000,,281.56,,,,,,,,,,,,,,,,,,,,,,true,false,9,2018-04-01,2018-12-31,-1
2020-01-31,40430,2020-03-31,3,322000000000,-0.008,,,,,35000000000,-0.007,34000000000,0.018,,26000000000,,374.35,,,,,,,,,,,,,,,,,,,,,,true,true,12,2019-04-01,2020-03-31,0
2020-01-31,40430,2019-03-31,3,,,,,,,,,,,,,,,,,,,,379630000000,163525000000,0.402,2199.83,152781000000,,,,,,,,,,,,true,false,12,2018-04-01,2019-03-31,-1
2020-01-31,40430,2019-03-31,3,,,,,,,,,,,,,,,,,,,,,,,,,,,,,50.00,,,,69934375,482765,,false,false,12,2018-04-01,2019-03-31,-1
2020-01-31,40430,2020-03-31,3,,,,,,,,,,,,,,,,,,,,,,,,,,,,,35.00,,,,,,,false,false,12,2019-04-01,2020-03-31,0
2020-01-31,40430,2020-03-31,3,,,,,,,,,,,,,,,,,,,,,,,,,,,,,70.00,,,,,,,false,true,12,2019-04-01,2020-03-31,0
2020-01-31,40430,2020-03-31,3,,,,,,,,,,,,,,,,,,,,,,,,,,,,,,,,,69934375,478293,69455177,false,false,9,2019-04-01,2019-12-31,0
2020-01-31,40430,2019-03-31,3,,,,,,,,,,,,,,,,,,,,,,,,,,,,,,,,,,,69509684,false,false,9,2018-04-01,2018-12-31,-1
2020-05-15,40430,2020-03-31,,316096000000,-0.026,,,,,34281000000,-0.028,32837000000,-0.017,,19937000000,,287.05,,0.124,0.086,0.108,,383447000000,180429000000,0.440,2431.21,168861000000,52364000000,-20548000000,-18348000000,80918000000,,0.244,,,,,,true,false,12,2019-04-01,2020-03-31,0
2020-05-15,40430,2019-03-31,,324661000000,0.054,,,,,35262000000,-0.146,33400000000,-0.077,,34279000000,,493.26,,0.246,0.090,0.109,,379630000000,163525000000,0.402,2199.83,152781000000,38531000000,-16174000000,-21104000000,67991000000,,0.101,,,,,,true,false,12,2018-04-01,2019-03-31,-1
2020-05-15,40430,2021-03-31,,310000000000,-0.019,,,,,28000000000,-0.183,28000000000,-0.147,,22000000000,,316.75,,,,,,,,,,,,,,,,,,,,,,true,true,12,2020-04-01,2021-03-31,1
2020-05-15,40430,2020-03-31,,189271000000,-0.031,,,,,26222000000,-0.050,25519000000,0.020,14908000000,,-0.485,214.66,,,,,,297999000000,124668000000,0.418,1794.94,124668000000,,,,,70.00,,,,69934375,478862,69455287,false,false,12,2019-04-01,2020-03-31,0
2020-05-15,40430,2019-03-31,,195233000000,0.036,,,,,27614000000,-0.172,25009000000,-0.156,28955000000,,-0.010,416.66,,,,,,290701000000,111884000000,0.385,1610.98,111884000000,,,,,50.00,,,,69934375,482765,69495230,false,false,12,2018-04-01,2019-03-31,-1
2020-05-15,40430,2021-03-31,,,,,,,,,,,,,,,,,,,,,,,,,,,,,,35.00,,,,,,,false,true,12,2020-04-01,2021-03-31,1
2020-07-28,40430,2021-03-31,1,70624000000,-0.076,,,,,6653000000,-0.053,6674000000,0.060,,5205000000,,74.94,,,,,,376444000000,185090000000,0.458,2484.60,172570000000,,,,,,,,,,,,true,false,3,2020-04-01,2020-06-30,0
2020-07-28,40430,2020-03-31,1,76465000000,0.008,,,,,7026000000,-0.209,6298000000,-0.274,,4859000000,,69.97,,,,,,,,,,,,,,,,,,,,,,true,false,3,2019-04-01,2019-06-30,-1
2020-07-28,40430,2021-03-31,1,310000000000,-0.019,,,,,28000000000,-0.183,28000000000,-0.147,,22000000000,,316.75,,,,,,,,,,,,,,,,,,,,,,true,true,12,2020-04-01,2021-03-31,0
2020-07-28,40430,2020-03-31,1,,,,,,,,,,,,,,,,,,,,383447000000,180429000000,0.440,2431.21,168861000000,,,,,,,,,,,,true,false,12,2019-04-01,2020-03-31,-1
2020-07-28,40430,2020-03-31,1,,,,,,,,,,,,,,,,,,,,,,,,,,,,,70.00,,,,69934375,478862,,false,false,12,2019-04-01,2020-03-31,-1
2020-07-28,40430,2021-03-31,1,,,,,,,,,,,,,,,,,,,,,,,,,,,,,35.00,,,,,,,false,true,12,2020-04-01,2021-03-31,0
2020-07-28,40430,2021-03-31,1,,,,,,,,,,,,,,,,,,,,,,,,,,,,,,,,,69934375,478389,69455591,false,false,3,2020-04-01,2020-06-30,0
2020-07-28,40430,2020-03-31,1,,,,,,,,,,,,,,,,,,,,,,,,,,,,,,,,,,,69452147,false,false,3,2019-04-01,2019-06-30,-1
2020-10-28,40430,2021-03-31,2,143289000000,-0.062,,,,,12941000000,-0.114,12498000000,-0.084,,9994000000,,143.90,,,,,,379306000000,190371000000,0.469,2560.17,177821000000,,,,,,,,,,,,true,false,6,2020-04-01,2020-09-30,0
2020-10-28,40430,2020-03-31,2,152749000000,0.000,,,,,14612000000,-0.141,13643000000,-0.118,,10400000000,,149.75,,,,,,,,,,,,,,,,,,,,,,true,false,6,2019-04-01,2019-09-30,-1
2020-10-28,40430,2021-03-31,2,300000000000,-0.051,,,,,28000000000,-0.183,28000000000,-0.147,,22000000000,,316.75,,,,,,,,,,,,,,,,,,,,,,true,true,12,2020-04-01,2021-03-31,0
2020-10-28,40430,2020-03-31,2,,,,,,,,,,,,,,,,,,,,383447000000,180429000000,0.440,2431.21,168861000000,,,,,,,,,,,,true,false,12,2019-04-01,2020-03-31,-1
2020-10-28,40430,2020-03-31,2,,,,,,,,,,,,,,,,,,,,,,,,,,,,,70.00,,,,69934375,478862,,false,false,12,2019-04-01,2020-03-31,-1
2020-10-28,40430,2021-03-31,2,,,,,,,,,,,,,,,,,,,,,,,,,,,,,35.00,,,,,,,false,false,12,2020-04-01,2021-03-31,0
2020-10-28,40430,2021-03-31,2,,,,,,,,,,,,,,,,,,,,,,,,,,,,,70.00,,,,,,,false,true,12,2020-04-01,2021-03-31,0
2020-10-28,40430,2021-03-31,2,,,,,,,,,,,,,,,,,,,,,,,,,,,,,,,,,69934375,477506,69456302,false,false,6,2020-04-01,2020-09-30,0
2020-10-28,40430,2020-03-31,2,,,,,,,,,,,,,,,,,,,,,,,,,,,,,,,,,,,69454574,false,false,6,2019-04-01,2019-09-30,-1
2021-01-29,40430,2021-03-31,3,220923000000,-0.066,,,,,21700000000,-0.123,21181000000,-0.109,,19318000000,,278.14,,,,,,374021000000,196860000000,0.496,2672.62,185630000000,,,,,,,,,,,,true,false,9,2020-04-01,2020-12-31,0
2021-01-29,40430,2020-03-31,3,236543000000,-0.007,,,,,24754000000,-0.028,23780000000,0.004,,18011000000,,259.32,,,,,,,,,,,,,,,,,,,,,,true,false,9,2019-04-01,2019-12-31,-1
2021-01-29,40430,2021-03-31,3,300000000000,-0.051,,,,,30000000000,-0.125,30000000000,-0.086,,26000000000,,374.34,,,,,,,,,,,,,,,,,,,,,,true,true,12,2020-04-01,2021-03-31,0
2021-01-29,40430,2020-03-31,3,,,,,,,,,,,,,,,,,,,,383447000000,180429000000,0.440,2431.21,168861000000,,,,,,,,,,,,true,false,12,2019-04-01,2020-03-31,-1
2021-01-29,40430,2020-03-31,3,,,,,,,,,,,,,,,,,,,,,,,,,,,,,70.00,,,,69934375,478862,,false,false,12,2019-04-01,2020-03-31,-1
2021-01-29,40430,2021-03-31,3,,,,,,,,,,,,,,,,,,,,,,,,,,,,,35.00,,,,,,,false,false,12,2020-04-01,2021-03-31,0
2021-01-29,40430,2021-03-31,3,,,,,,,,,,,,,,,,,,,,,,,,,,,,,70.00,,,,,,,false,true,12,2020-04-01,2021-03-31,0
2021-01-29,40430,2021-03-31,3,,,,,,,,,,,,,,,,,,,,,,,,,,,,,,,,,69934375,477918,69456421,false,false,9,2020-04-01,2020-12-31,0
2021-01-29,40430,2020-03-31,3,,,,,,,,,,,,,,,,,,,,,,,,,,,,,,,,,,,69455177,false,false,9,2019-04-01,2019-12-31,-1
2021-04-28,40430,2021-03-31,,302407000000,-0.043,,,,,30921000000,-0.098,30796000000,-0.062,,24534000000,,351.11,,0.134,0.080,0.102,,386794000000,205261000000,0.513,2758.37,198561000000,43314000000,-19276000000,-22530000000,83050000000,,0.199,,,,,,true,false,12,2020-04-01,2021-03-31,0
2021-04-28,40430,2020-03-31,,316096000000,-0.026,,,,,34281000000,-0.028,32837000000,-0.017,,19937000000,,287.05,,0.124,0.086,0.108,,383447000000,180429000000,0.440,2431.21,168861000000,52364000000,-20548000000,-18348000000,80918000000,,0.244,,,,,,true,false,12,2019-04-01,2020-03-31,-1
2021-04-28,40430,2022-03-31,,271000000000,-0.104,,,,,26000000000,-0.159,26000000000,-0.156,,22000000000,,305.62,,,,,,,,,,,,,,,,0.229,,,,,,true,true,12,2021-04-01,2022-03-31,1
2021-04-28,40430,2021-03-31,,180946000000,-0.044,,,,,22232000000,-0.152,23127000000,-0.094,22514000000,,0.510,322.20,,,,,,315154000000,150983000000,0.479,2097.44,150983000000,,,,,70.00,,,,72088327,103403,69877138,false,false,12,2020-04-01,2021-03-31,0
2021-04-28,40430,2020-03-31,,189271000000,-0.031,,,,,26222000000,-0.050,25519000000,0.020,14908000000,,-0.485,214.66,,,,,,297999000000,124668000000,0.418,1794.94,124668000000,,,,,70.00,,,,69934375,478862,69455287,false,false,12,2019-04-01,2020-03-31,-1
2021-04-28,40430,2022-03-31,,,,,,,,,,,,,,,,,,,,,,,,,,,,,,70.00,,,,,,,false,true,12,2021-04-01,2022-03-31,1
2021-07-28,40430,2022-03-31,1,67497000000,-0.044,,,,,7496000000,0.127,7904000000,0.184,,4941000000,,68.65,,,,,,393804000000,209174000000,0.510,2791.89,200982000000,,,,,,,,,,,,true,false,3,2021-04-01,2021-06-30,0
2021-07-28,40430,2021-03-31,1,70624000000,-0.076,,,,,6653000000,-0.053,6674000000,0.060,,5205000000,,74.94,,,,,,,,,,,,,,,,,,,,,,true,false,3,2020-04-01,2020-06-30,-1
2021-07-28,40430,2022-03-31,1,271000000000,-0.104,,,,,26000000000,-0.159,26000000000,-0.156,,22000000000,,305.62,,,,,,,,,,,,,,,,,,,,,,true,true,12,2021-04-01,2022-03-31,0
2021-07-28,40430,2021-03-31,1,,,,,,,,,,,,,,,,,,,,386794000000,205261000000,0.513,2758.37,198561000000,,,,,,,,,,,,true,false,12,2020-04-01,2021-03-31,-1
2021-07-28,40430,2021-03-31,1,,,,,,,,,,,,,,,,,,,,,,,,,,,,,70.00,,,,72088327,103403,,false,false,12,2020-04-01,2021-03-31,-1
2021-07-28,40430,2022-03-31,1,,,,,,,,,,,,,,,,,,,,,,,,,,,,,70.00,,,,,,,false,true,12,2021-04-01,2022-03-31,0
2021-07-28,40430,2022-03-31,1,,,,,,,,,,,,,,,,,,,,,,,,,,,,,,,,,72088327,100452,71985131,false,false,3,2021-04-01,2021-06-30,0
2021-07-28,40430,2021-03-31,1,,,,,,,,,,,,,,,,,,,,,,,,,,,,,,,,,,,69455591,false,false,3,2020-04-01,2020-06-30,-1
2021-10-28,40430,2022-03-31,2,132660000000,-0.074,,,,,11665000000,-0.099,11998000000,-0.040,,9257000000,,128.61,,,,,,396866000000,213771000000,0.518,2858.68,205688000000,,,,,,,,,,,,true,false,6,2021-04-01,2021-09-30,0
2021-10-28,40430,2021-03-31,2,143289000000,-0.062,,,,,12941000000,-0.114,12498000000,-0.084,,9994000000,,143.90,,,,,,,,,,,,,,,,,,,,,,true,false,6,2020-04-01,2020-09-30,-1
2021-10-28,40430,2022-03-31,2,293000000000,-0.031,,,,,22000000000,-0.289,22000000000,-0.286,,22000000000,,305.66,,,,,,,,,,,,,,,,,,,,,,true,true,12,2021-04-01,2022-03-31,0
2021-10-28,40430,2021-03-31,2,,,,,,,,,,,,,,,,,,,,386794000000,205261000000,0.513,2758.37,198561000000,,,,,,,,,,,,true,false,12,2020-04-01,2021-03-31,-1
2021-10-28,40430,2021-03-31,2,,,,,,,,,,,,,,,,,,,,,,,,,,,,,70.00,,,,72088327,103403,,false,false,12,2020-04-01,2021-03-31,-1
2021-10-28,40430,2022-03-31,2,,,,,,,,,,,,,,,,,,,,,,,,,,,,,35.00,,,,,,,false,false,12,2021-04-01,2022-03-31,0
2021-10-28,40430,2022-03-31,2,,,,,,,,,,,,,,,,,,,,,,,,,,,,,70.00,,,,,,,false,true,12,2021-04-01,2022-03-31,0
2021-10-28,40430,2022-03-31,2,,,,,,,,,,,,,,,,,,,,,,,,,,,,,,,,,72088327,135900,71976167,false,false,6,2021-04-01,2021-09-30,0
2021-10-28,40430,2021-03-31,2,,,,,,,,,,,,,,,,,,,,,,,,,,,,,,,,,,,69456302,false,false,6,2020-04-01,2020-09-30,-1
2022-01-31,40430,2022-03-31,3,211609000000,-0.042,,,,,17118000000,-0.211,17665000000,-0.166,,13376000000,,185.87,,,,,,402253000000,216437000000,0.518,2894.33,208252000000,,,,,,,,,,,,true,false,9,2021-04-01,2021-12-31,0
2022-01-31,40430,2021-03-31,3,220923000000,-0.066,,,,,21700000000,-0.123,21181000000,-0.109,,19318000000,,278.14,,,,,,,,,,,,,,,,,,,,,,true,false,9,2020-04-01,2020-12-31,-1
2022-01-31,40430,2022-03-31,3,293000000000,-0.031,,,,,22000000000,-0.289,22000000000,-0.286,,22000000000,,305.66,,,,,,,,,,,,,,,,,,,,,,true,true,12,2021-04-01,2022-03-31,0
2022-01-31,40430,2021-03-31,3,,,,,,,,,,,,,,,,,,,,386794000000,205261000000,0.513,2758.37,198561000000,,,,,,,,,,,,true,false,12,2020-04-01,2021-03-31,-1
2022-01-31,40430,2021-03-31,3,,,,,,,,,,,,,,,,,,,,,,,,,,,,,70.00,,,,72088327,103403,,false,false,12,2020-04-01,2021-03-31,-1
2022-01-31,40430,2022-03-31,3,,,,,,,,,,,,,,,,,,,,,,,,,,,,,35.00,,,,,,,false,false,12,2021-04-01,2022-03-31,0
2022-01-31,40430,2022-03-31,3,,,,,,,,,,,,,,,,,,,,,,,,,,,,,70.00,,,,,,,false,true,12,2021-04-01,2022-03-31,0
2022-01-31,40430,2022-03-31,3,,,,,,,,,,,,,,,,,,,,,,,,,,,,,,,,,72088327,136675,71968075,false,false,9,2021-04-01,2021-12-31,0
2022-01-31,40430,2021-03-31,3,,,,,,,,,,,,,,,,,,,,,,,,,,,,,,,,,,,69456421,false,false,9,2020-04-01,2020-12-31,-1
2022-04-28,40430,2022-03-31,,293830000000,-0.028,,,,,24539000000,-0.206,25855000000,-0.160,,28000000000,,389.09,,0.132,0.063,0.084,,433210000000,232917000000,0.518,3120.25,224506000000,25986000000,-33797000000,5118000000,82496000000,,0.180,,,,,,true,false,12,2021-04-01,2022-03-31,0
2022-04-28,40430,2021-03-31,,302407000000,-0.043,,,,,30921000000,-0.098,30796000000,-0.062,,24534000000,,351.11,,0.134,0.080,0.102,,386794000000,205261000000,0.513,2758.37,198561000000,43314000000,-19276000000,-22530000000,83050000000,,0.199,,,,,,true,false,12,2020-04-01,2021-03-31,-1
2022-04-28,40430,2023-03-31,,360000000000,0.225,,,,,24500000000,-0.002,25000000000,-0.033,,17500000000,,243.22,,,,,,,,,,,,,,,,0.288,,,,,,true,true,12,2022-04-01,2023-03-31,1
2022-04-28,40430,2022-03-31,,215374000000,0.190,,,,,14641000000,-0.341,16947000000,-0.267,22614000000,,0.004,314.24,,,,,,354316000000,168828000000,0.476,2346.42,168828000000,,,,,70.00,,,,72088327,136954,71963931,false,false,12,2021-04-01,2022-03-31,0
2022-04-28,40430,2021-03-31,,180946000000,-0.044,,,,,22232000000,-0.152,23127000000,-0.094,22514000000,,0.510,322.20,,,,,,315154000000,150983000000,0.479,2097.44,150983000000,,,,,70.00,,,,72088327,103403,69877138,false,false,12,2020-04-01,2021-03-31,-1
2022-04-28,40430,2023-03-31,,,,,,,,,,,,,,,,,,,,,,,,,,,,,,70.00,,,,,,,false,true,12,2022-04-01,2023-03-31,1
2022-07-27,40430,2023-03-31,1,84017000000,0.245,,,,,5108000000,-0.319,7109000000,-0.101,,4482000000,,62.29,,,,,,455661000000,235725000000,0.499,3161.97,227507000000,,,,,,,,,,,,true,false,3,2022-04-01,2022-06-30,0
2022-07-27,40430,2022-03-31,1,67497000000,-0.044,,,,,7496000000,0.127,7904000000,0.184,,4941000000,,68.65,,,,,,,,,,,,,,,,,,,,,,true,false,3,2021-04-01,2021-06-30,-1
2022-07-27,40430,2023-03-31,1,360000000000,0.225,,,,,24500000000,-0.002,25000000000,-0.033,,17500000000,,243.22,,,,,,,,,,,,,,,,,,,,,,true,true,12,2022-04-01,2023-03-31,0
2022-07-27,40430,2022-03-31,1,,,,,,,,,,,,,,,,,,,,433210000000,232917000000,0.518,3120.25,224506000000,,,,,,,,,,,,true,false,12,2021-04-01,2022-03-31,-1
2022-07-27,40430,2022-03-31,1,,,,,,,,,,,,,,,,,,,,,,,,,,,,,70.00,,,,72088327,136954,,false,false,12,2021-04-01,2022-03-31,-1
2022-07-27,40430,2023-03-31,1,,,,,,,,,,,,,,,,,,,,,,,,,,,,,70.00,,,,,,,false,true,12,2022-04-01,2023-03-31,0
2022-07-27,40430,2023-03-31,1,,,,,,,,,,,,,,,,,,,,,,,,,,,,,,,,,72088327,137090,71951164,false,false,3,2022-04-01,2022-06-30,0
2022-07-27,40430,2022-03-31,1,,,,,,,,,,,,,,,,,,,,,,,,,,,,,,,,,,,71985131,false,false,3,2021-04-01,2021-06-30,-1
2022-10-28,40430,2023-03-31,2,166370000000,0.254,,,,,8296000000,-0.289,10870000000,-0.094,,6565000000,,91.25,,,,,,488569000000,241702000000,0.470,3190.93,229591000000,,,,,,,,,,,,true,false,6,2022-04-01,2022-09-30,0
2022-10-28,40430,2022-03-31,2,132660000000,-0.074,,,,,11665000000,-0.099,11998000000,-0.040,,9257000000,,128.61,,,,,,,,,,,,,,,,,,,,,,true,false,6,2021-04-01,2021-09-30,-1
2022-10-28,40430,2023-03-31,2,370000000000,0.259,,,,,21000000000,-0.144,24000000000,-0.072,,15000000000,,208.47,,,,,,,,,,,,,,,,,,,,,,true,true,12,2022-04-01,2023-03-31,0
2022-10-28,40430,2022-03-31,2,,,,,,,,,,,,,,,,,,,,433210000000,232917000000,0.518,3120.25,224506000000,,,,,,,,,,,,true,false,12,2021-04-01,2022-03-31,-1
2022-10-28,40430,2022-03-31,2,,,,,,,,,,,,,,,,,,,,,,,,,,,,,70.00,,,,72088327,136954,,false,false,12,2021-04-01,2022-03-31,-1
2022-10-28,40430,2023-03-31,2,,,,,,,,,,,,,,,,,,,,,,,,,,,,,35.00,,,,,,,false,false,12,2022-04-01,2023-03-31,0
2022-10-28,40430,2023-03-31,2,,,,,,,,,,,,,,,,,,,,,,,,,,,,,70.00,,,,,,,false,true,12,2022-04-01,2023-03-31,0
2022-10-28,40430,2023-03-31,2,,,,,,,,,,,,,,,,,,,,,,,,,,,,,,,,,72088327,137033,71951355,false,false,6,2022-04-01,2022-09-30,0
2022-10-28,40430,2022-03-31,2,,,,,,,,,,,,,,,,,,,,,,,,,,,,,,,,,,,71976167,false,false,6,2021-04-01,2021-09-30,-1
2023-01-31,40430,2023-03-31,3,259010000000,0.224,,,,,13161000000,-0.231,13313000000,-0.246,,8526000000,,118.51,,,,,,480431000000,240102000000,0.474,3167.63,227913000000,,,,,,,,,,,,true,false,9,2022-04-01,2022-12-31,0
2023-01-31,40430,2022-03-31,3,211609000000,-0.042,,,,,17118000000,-0.211,17665000000,-0.166,,13376000000,,185.87,,,,,,,,,,,,,,,,,,,,,,true,false,9,2021-04-01,2021-12-31,-1
2023-01-31,40430,2023-03-31,3,356000000000,0.212,,,,,18000000000,-0.266,18000000000,-0.304,,12000000000,,166.78,,,,,,,,,,,,,,,,,,,,,,true,true,12,2022-04-01,2023-03-31,0
2023-01-31,40430,2022-03-31,3,,,,,,,,,,,,,,,,,,,,433210000000,232917000000,0.518,3120.25,224506000000,,,,,,,,,,,,true,false,12,2021-04-01,2022-03-31,-1
2023-01-31,40430,2022-03-31,3,,,,,,,,,,,,,,,,,,,,,,,,,,,,,70.00,,,,72088327,136954,,false,false,12,2021-04-01,2022-03-31,-1
2023-01-31,40430,2023-03-31,3,,,,,,,,,,,,,,,,,,,,,,,,,,,,,35.00,,,,,,,false,false,12,2022-04-01,2023-03-31,0
2023-01-31,40430,2023-03-31,3,,,,,,,,,,,,,,,,,,,,,,,,,,,,,70.00,,,,,,,false,true,12,2022-04-01,2023-03-31,0
2023-01-31,40430,2023-03-31,3,,,,,,,,,,,,,,,,,,,,,,,,,,,,,,,,,72088327,137495,71951249,false,false,9,2022-04-01,2022-12-31,0
2023-01-31,40430,2022-03-31,3,,,,,,,,,,,,,,,,,,,,,,,,,,,,,,,,,,,71968075,false,false,9,2021-04-01,2021-12-31,-1
2023-04-28,40430,2023-03-31,,351790000000,0.197,,,,,14336000000,-0.416,14783000000,-0.428,,9364000000,,130.15,,0.041,0.032,0.041,,478342000000,241602000000,0.480,3189.01,229450000000,-11800000000,-33757000000,30151000000,67556000000,,0.538,,,,,,true,false,12,2022-04-01,2023-03-31,0
2023-04-28,40430,2022-03-31,,293830000000,-0.028,,,,,24539000000,-0.206,25855000000,-0.160,,28000000000,,389.09,,0.132,0.063,0.084,,433210000000,232917000000,0.518,3120.25,224506000000,25986000000,-33797000000,5118000000,82496000000,,0.180,,,,,,true,false,12,2021-04-01,2022-03-31,-1
2023-04-28,40430,2024-03-31,,380000000000,0.080,,,,,30000000000,1.092,30000000000,1.029,,22000000000,,305.77,,,,,,,,,,,,,,,,0.229,,,,,,true,true,12,2023-04-01,2024-03-31,1
2023-04-28,40430,2023-03-31,,260763000000,0.211,,,,,2000000000,-0.863,2735000000,-0.839,1433000000,,-0.937,19.93,,,,,,385901000000,165770000000,0.430,2303.96,165770000000,,,,,70.00,,,,72088327,137882,71951091,false,false,12,2022-04-01,2023-03-31,0
2023-04-28,40430,2022-03-31,,215374000000,0.190,,,,,14641000000,-0.341,16947000000,-0.267,22614000000,,0.004,314.24,,,,,,354316000000,168828000000,0.476,2346.42,168828000000,,,,,70.00,,,,72088327,136954,71963931,false,false,12,2021-04-01,2022-03-31,-1
2023-04-28,40430,2024-03-31,,,,,,,,,,,,,,,,,,,,,,,,,,,,,,70.00,,,,,,,false,true,12,2023-04-01,2024-03-31,1
2023-07-27,40430,2024-03-31,1,84886000000,0.010,,,,,5142000000,0.007,5653000000,-0.205,,4304000000,,59.82,,,,,,476381000000,244005000000,0.489,3239.04,233051000000,,,,,,,,,,,,true,false,3,2023-04-01,2023-06-30,0
2023-07-27,40430,2023-03-31,1,84017000000,0.245,,,,,5108000000,-0.319,7109000000,-0.101,,4482000000,,62.29,,,,,,,,,,,,,,,,,,,,,,true,false,3,2022-04-01,2022-06-30,-1
2023-07-27,40430,2024-03-31,1,380000000000,0.080,,,,,30000000000,1.092,30000000000,1.029,,22000000000,,305.77,,,,,,,,,,,,,,,,,,,,,,true,true,12,2023-04-01,2024-03-31,0
2023-07-27,40430,2023-03-31,1,,,,,,,,,,,,,,,,,,,,478342000000,241602000000,0.480,3189.01,229450000000,,,,,,,,,,,,true,false,12,2022-04-01,2023-03-31,-1
2023-07-27,40430,2023-03-31,1,,,,,,,,,,,,,,,,,,,,,,,,,,,,,70.00,,,,72088327,137882,,false,false,12,2022-04-01,2023-03-31,-1
2023-07-27,40430,2024-03-31,1,,,,,,,,,,,,,,,,,,,,,,,,,,,,,70.00,,,,,,,false,true,12,2023-04-01,2024-03-31,0
2023-07-27,40430,2024-03-31,1,,,,,,,,,,,,,,,,,,,,,,,,,,,,,,,,,72088327,137545,71950340,false,false,3,2023-04-01,2023-06-30,0
2023-07-27,40430,2023-03-31,1,,,,,,,,,,,,,,,,,,,,,,,,,,,,,,,,,,,71951164,false,false,3,2022-04-01,2022-06-30,-1
2023-10-27,40430,2024-03-31,2,166105000000,-0.002,,,,,8576000000,0.034,8962000000,-0.175,,6228000000,,86.56,,,,,,459301000000,248135000000,0.517,3298.13,237306000000,,,,,,,,,,,,true,false,6,2023-04-01,2023-09-30,0
2023-10-27,40430,2023-03-31,2,166370000000,0.254,,,,,8296000000,-0.289,10870000000,-0.094,,6565000000,,91.25,,,,,,,,,,,,,,,,,,,,,,true,false,6,2022-04-01,2022-09-30,-1
2023-10-27,40430,2024-03-31,2,355000000000,0.009,,,,,30000000000,1.092,30000000000,1.029,,22000000000,,305.76,,,,,,,,,,,,,,,,,,,,,,true,true,12,2023-04-01,2024-03-31,0
2023-10-27,40430,2023-03-31,2,,,,,,,,,,,,,,,,,,,,478342000000,241602000000,0.480,3189.01,229450000000,,,,,,,,,,,,true,false,12,2022-04-01,2023-03-31,-1
2023-10-27,40430,2023-03-31,2,,,,,,,,,,,,,,,,,,,,,,,,,,,,,70.00,,,,72088327,137882,,false,false,12,2022-04-01,2023-03-31,-1
2023-10-27,40430,2024-03-31,2,,,,,,,,,,,,,,,,,,,,,,,,,,,,,35.00,,,,,,,false,false,12,2023-04-01,2024-03-31,0
2023-10-27,40430,2024-03-31,2,,,,,,,,,,,,,,,,,,,,,,,,,,,,,70.00,,,,,,,false,true,12,2023-04-01,2024-03-31,0
2023-10-27,40430,2024-03-31,2,,,,,,,,,,,,,,,,,,,,,,,,,,,,,,,,,72088327,136502,71951156,false,false,6,2023-04-01,2023-09-30,0
2023-10-27,40430,2023-03-31,2,,,,,,,,,,,,,,,,,,,,,,,,,,,,,,,,,,,71951355,false,false,6,2022-04-01,2022-09-30,-1
2024-01-31,40430,2024-03-31,3,250255000000,-0.034,,,,,16937000000,0.287,16980000000,0.275,,11907000000,,165.49,,,,,,457603000000,250998000000,0.525,3338.84,240229000000,,,,,,,,,,,,true,false,9,2023-04-01,2023-12-31,0
2024-01-31,40430,2023-03-31,3,259010000000,0.224,,,,,13161000000,-0.231,13313000000,-0.246,,8526000000,,118.51,,,,,,,,,,,,,,,,,,,,,,true,false,9,2022-04-01,2022-12-31,-1
2024-01-31,40430,2024-03-31,3,345000000000,-0.019,,,,,26000000000,0.813,26000000000,0.759,,18000000000,,250.17,,,,,,,,,,,,,,,,,,,,,,true,true,12,2023-04-01,2024-03-31,0
2024-01-31,40430,2023-03-31,3,,,,,,,,,,,,,,,,,,,,478342000000,241602000000,0.480,3189.01,229450000000,,,,,,,,,,,,true,false,12,2022-04-01,2023-03-31,-1
2024-01-31,40430,2023-03-31,3,,,,,,,,,,,,,,,,,,,,,,,,,,,,,70.00,,,,72088327,137882,,false,false,12,2022-04-01,2023-03-31,-1
2024-01-31,40430,2024-03-31,3,,,,,,,,,,,,,,,,,,,,,,,,,,,,,35.00,,,,,,,false,false,12,2023-04-01,2024-03-31,0
2024-01-31,40430,2024-03-31,3,,,,,,,,,,,,,,,,,,,,,,,,,,,,,70.00,,,,,,,false,true,12,2023-04-01,2024-03-31,0
2024-01-31,40430,2024-03-31,3,,,,,,,,,,,,,,,,,,,,,,,,,,,,,,,,,72088327,138192,71951137,false,false,9,2023-04-01,2023-12-31,0
2024-01-31,40430,2023-03-31,3,,,,,,,,,,,,,,,,,,,,,,,,,,,,,,,,,,,71951249,false,false,9,2022-04-01,2022-12-31,-1
2024-04-26,40430,2024-03-31,,341990000000,-0.028,,,,,25637000000,0.788,26292000000,0.779,,17751000000,,246.72,,0.074,0.056,0.075,,457360000000,259948000000,0.545,3464.47,249256000000,55828000000,-30405000000,-46508000000,47905000000,,0.324,,,,,,true,false,12,2023-04-01,2024-03-31,0
2024-04-26,40430,2023-03-31,,351790000000,0.197,,,,,14336000000,-0.416,14783000000,-0.428,,9364000000,,130.15,,0.041,0.032,0.041,,478342000000,241602000000,0.480,3189.01,229450000000,-11800000000,-33757000000,30151000000,67556000000,,0.538,,,,,,true,false,12,2022-04-01,2023-03-31,-1
2024-04-26,40430,2025-03-31,,352000000000,0.029,,,,,33000000000,0.287,31000000000,0.179,,25000000000,,347.48,,,,,,,,,,,,,,,,0.288,,,,,,true,true,12,2024-04-01,2025-03-31,1
2024-04-26,40430,2024-03-31,,243402000000,-0.067,,,,,11230000000,4.613,14544000000,4.316,11262000000,,6.855,156.54,,,,,,356276000000,177060000000,0.497,2461.01,177060000000,,,,,80.00,,,,72088327,141799,71950166,false,false,12,2023-04-01,2024-03-31,0
2024-04-26,40430,2023-03-31,,260763000000,0.211,,,,,2000000000,-0.863,2735000000,-0.839,1433000000,,-0.937,19.93,,,,,,385901000000,165770000000,0.430,2303.96,165770000000,,,,,70.00,,,,72088327,137882,71951091,false,false,12,2022-04-01,2023-03-31,-1
2024-04-26,40430,2025-03-31,,,,,,,,,,,,,,,,,,,,,,,,,,,,,,100.00,,,,,,,false,true,12,2024-04-01,2025-03-31,1
2024-07-26,40430,2025-03-31,1,82524000000,-0.028,,,,,7502000000,0.459,8424000000,0.490,,7402000000,,102.89,,,,,,480262000000,267818000000,0.530,3539.22,254631000000,,,,,,,,,,,,true,false,3,2024-04-01,2024-06-30,0
2024-07-26,40430,2024-03-31,1,84886000000,0.010,,,,,5142000000,0.007,5653000000,-0.205,,4304000000,,59.82,,,,,,,,,,,,,,,,,,,,,,true,false,3,2023-04-01,2023-06-30,-1
2024-07-26,40430,2025-03-31,1,352000000000,0.029,,,,,33000000000,0.287,31000000000,0.179,,25000000000,,347.48,,,,,,,,,,,,,,,,,,,,,,true,true,12,2024-04-01,2025-03-31,0
2024-07-26,40430,2024-03-31,1,,,,,,,,,,,,,,,,,,,,457360000000,259948000000,0.545,3464.47,249256000000,,,,,,,,,,,,true,false,12,2023-04-01,2024-03-31,-1
2024-07-26,40430,2024-03-31,1,,,,,,,,,,,,,,,,,,,,,,,,,,,,,80.00,,,,72088327,141799,,false,false,12,2023-04-01,2024-03-31,-1
2024-07-26,40430,2025-03-31,1,,,,,,,,,,,,,,,,,,,,,,,,,,,,,100.00,,,,,,,false,true,12,2024-04-01,2025-03-31,0
2024-07-26,40430,2025-03-31,1,,,,,,,,,,,,,,,,,,,,,,,,,,,,,,,,,72088327,142691,71945819,false,false,3,2024-04-01,2024-06-30,0
2024-07-26,40430,2024-03-31,1,,,,,,,,,,,,,,,,,,,,,,,,,,,,,,,,,,,71950340,false,false,3,2023-04-01,2023-06-30,-1
2024-10-29,40430,2025-03-31,2,165538000000,-0.003,,,,,13958000000,0.628,13606000000,0.518,,11641000000,,161.81,,,,,,462778000000,266400000000,0.549,3529.85,253955000000,,,,,,,,,,,,true,false,6,2024-04-01,2024-09-30,0
2024-10-29,40430,2024-03-31,2,166105000000,-0.002,,,,,8576000000,0.034,8962000000,-0.175,,6228000000,,86.56,,,,,,,,,,,,,,,,,,,,,,true,false,6,2023-04-01,2023-09-30,-1
2024-10-29,40430,2025-03-31,2,352000000000,0.029,,,,,33000000000,0.287,31000000000,0.179,,25000000000,,347.48,,,,,,,,,,,,,,,,,,,,,,true,true,12,2024-04-01,2025-03-31,0
2024-10-29,40430,2024-03-31,2,,,,,,,,,,,,,,,,,,,,457360000000,259948000000,0.545,3464.47,249256000000,,,,,,,,,,,,true,false,12,2023-04-01,2024-03-31,-1
2024-10-29,40430,2024-03-31,2,,,,,,,,,,,,,,,,,,,,,,,,,,,,,80.00,,,,72088327,141799,,false,false,12,2023-04-01,2024-03-31,-1
2024-10-29,40430,2025-03-31,2,,,,,,,,,,,,,,,,,,,,,,,,,,,,,50.00,,,,,,,false,false,12,2024-04-01,2025-03-31,0
2024-10-29,40430,2025-03-31,2,,,,,,,,,,,,,,,,,,,,,,,,,,,,,100.00,,,,,,,false,true,12,2024-04-01,2025-03-31,0
2024-10-29,40430,2025-03-31,2,,,,,,,,,,,,,,,,,,,,,,,,,,,,,,,,,72088327,143118,71945582,false,false,6,2024-04-01,2024-09-30,0
2024-10-29,40430,2024-03-31,2,,,,,,,,,,,,,,,,,,,,,,,,,,,,,,,,,,,71951156,false,false,6,2023-04-01,2023-09-30,-1
2025-01-31,40430,2025-03-31,3,253387000000,0.013,,,,,21071000000,0.244,21980000000,0.294,,16918000000,,235.15,,,,,,477406000000,270089000000,0.539,3575.07,257207000000,,,,,,,,,,,,true,false,9,2024-04-01,2024-12-31,0
2025-01-31,40430,2024-03-31,3,250255000000,-0.034,,,,,16937000000,0.287,16980000000,0.275,,11907000000,,165.49,,,,,,,,,,,,,,,,,,,,,,true,false,9,2023-04-01,2023-12-31,-1
2025-01-31,40430,2025-03-31,3,348000000000,0.018,,,,,31000000000,0.209,31000000000,0.179,,25000000000,,347.49,,,,,,,,,,,,,,,,,,,,,,true,true,12,2024-04-01,2025-03-31,0
2025-01-31,40430,2024-03-31,3,,,,,,,,,,,,,,,,,,,,457360000000,259948000000,0.545,3464.47,249256000000,,,,,,,,,,,,true,false,12,2023-04-01,2024-03-31,-1
2025-01-31,40430,2024-03-31,3,,,,,,,,,,,,,,,,,,,,,,,,,,,,,80.00,,,,72088327,141799,,false,false,12,2023-04-01,2024-03-31,-1
2025-01-31,40430,2025-03-31,3,,,,,,,,,,,,,,,,,,,,,,,,,,,,,50.00,,,,,,,false,false,12,2024-04-01,2025-03-31,0
2025-01-31,40430,2025-03-31,3,,,,,,,,,,,,,,,,,,,,,,,,,,,,,100.00,,,,,,,false,true,12,2024-04-01,2025-03-31,0
2025-01-31,40430,2025-03-31,3,,,,,,,,,,,,,,,,,,,,,,,,,,,,,,,,,72088327,143483,71945379,false,false,9,2024-04-01,2024-12-31,0
2025-01-31,40430,2024-03-31,3,,,,,,,,,,,,,,,,,,,,,,,,,,,,,,,,,,,71951137,false,false,9,2023-04-01,2023-12-31,-1
2025-04-28,40430,2025-03-31,,343073000000,0.003,,,,,29968000000,0.169,29588000000,0.125,,23388000000,,325.08,,0.092,0.063,0.087,,476207000000,273858000000,0.549,3635.62,261562000000,52368000000,-23478000000,-1106000000,74926000000,,0.308,,,,,,true,false,12,2024-04-01,2025-03-31,0
2025-04-28,40430,2024-03-31,,341990000000,-0.028,,,,,25637000000,0.788,26292000000,0.779,,17751000000,,246.72,,0.074,0.056,0.075,,457360000000,259948000000,0.545,3464.47,249256000000,55828000000,-30405000000,-46508000000,47905000000,,0.324,,,,,,true,false,12,2023-04-01,2024-03-31,-1
2025-04-28,40430,2026-03-31,,364500000000,0.062,,,,,41500000000,0.385,41500000000,0.403,,29000000000,,403.09,,,,,,,,,,,,,,,,0.298,,,,,,true,true,12,2025-04-01,2026-03-31,1
2025-04-28,40430,2025-03-31,,252439000000,0.037,,,,,18619000000,0.658,20311000000,0.396,31677000000,,1.813,440.30,,,,,,385829000000,199780000000,0.518,2776.89,199780000000,,,,,100.00,,,,72088327,144095,71945158,false,false,12,2024-04-01,2025-03-31,0
2025-04-28,40430,2024-03-31,,243402000000,-0.067,,,,,11230000000,4.613,14544000000,4.316,11262000000,,6.855,156.54,,,,,,356276000000,177060000000,0.497,2461.01,177060000000,,,,,80.00,,,,72088327,141799,71950166,false,false,12,2023-04-01,2024-03-31,-1
2025-04-28,40430,2026-03-31,,,,,,,,,,,,,,,,,,,,,,,,,,,,,,120.00,,,,,,,false,true,12,2025-04-01,2026-03-31,1
