filing_date,code,fiscal_year_end,quarterly_period,net_sales,net_sales_change,revenue,revenue_change,operating_revenue,operating_revenue_change,operating_profit,operating_profit_change,ordinary_profit,ordinary_profit_change,net_income,net_income_of_parent,net_income_change,eps,diluted_eps,roe,roa,operating_profit_to_net_sales,operating_profit_to_revenue,total_assets,net_assets,equity_ratio,bps,owner_equity,operating_cash_flow,investing_cash_flow,financing_cash_flow,cash,dividend_per_share,payout_ratio,commemorative_dividend,extra_dividend,number_of_shares,number_of_treqsury_shares,avg_number_of_shares,is_consolidated,is_forecast,duration,period_start,period_end,period_pos
2015-05-11,40440,2015-03-31,,199010000000,0.039,,,,,11542000000,0.142,14321000000,0.222,10393000000,,1.077,49.68,,0.072,0.055,0.058,,283439000000,156580000000,0.544,737.76,154317000000,13082000000,-23366000000,8611000000,19153000000,,0.181,,,,,,true,false,12,2014-04-01,2015-03-31,0
2015-05-11,40440,2014-03-31,,191581000000,0.104,,,,,10111000000,0.338,11715000000,0.281,5003000000,,0.029,23.92,,0.039,0.049,0.053,,241233000000,135185000000,0.553,637.76,133418000000,19479000000,-10645000000,-13285000000,20374000000,,0.334,,,,,,true,false,12,2013-04-01,2014-03-31,-1
2015-05-11,40440,2016-03-31,,115000000000,0.276,,,,,5400000000,0.218,6000000000,0.071,4500000000,,0.134,21.51,,,,,,,,,,,,,,,,,,,,,,true,true,6,2015-04-01,2015-09-30,1
2015-05-11,40440,2016-03-31,,234000000000,0.176,,,,,11000000000,-0.047,11800000000,-0.176,9200000000,,-0.115,43.98,,,,,,,,,,,,,,,,0.227,,,,,,true,true,12,2015-04-01,2016-03-31,1
2015-05-11,40440,2015-03-31,,95542000000,-0.001,,,,,7566000000,0.252,10728000000,0.240,5588000000,,0.727,26.69,,,,,,233831000000,138925000000,0.594,663.67,138925000000,,,,,9.00,,,,214879975,5710849,209188001,false,false,12,2014-04-01,2015-03-31,0
2015-05-11,40440,2014-03-31,,95645000000,-0.048,,,,,6044000000,-0.228,8653000000,-0.128,3235000000,,-0.499,15.45,,,,,,207898000000,126698000000,0.609,605.18,126698000000,,,,,8.00,,,,214879975,5682329,209218598,false,false,12,2013-04-01,2014-03-31,-1
2015-05-11,40440,2016-03-31,,,,,,,,,,,,,,,,,,,,,,,,,,,,,,10.00,,,,,,,false,true,12,2015-04-01,2016-03-31,1
,40440,2015-03-31,,,,,,,,,,,,,,,,,,,,,,,,,,,,,,9.00,,,,,,,false,true,12,2014-04-01,2015-03-31,0
,40440,2015-03-31,,,,,,,,,,,,,,,,,,,,,,,,,,,,,,4.00,,,,,,,false,false,12,2014-04-01,2015-03-31,0
,40440,2014-03-31,,,,,,,,,,,,,,,,,,,,,,,,,,,,,,8.00,,,,,,,false,false,12,2013-04-01,2014-03-31,-1
2015-07-31,40440,2016-03-31,1,56219000000,0.251,,,,,3191000000,0.360,3880000000,0.371,2589000000,,0.370,12.38,,,,,,289425000000,161034000000,0.546,,158158000000,,,,,,,,,,,,true,false,3,2015-04-01,2015-06-30,0
2015-07-31,40440,2015-03-31,1,44924000000,0.003,,,,,2347000000,0.079,2831000000,-0.125,1890000000,,-0.197,9.04,,,,,,,,,,,,,,,,,,,,,,true,false,3,2014-04-01,2014-06-30,-1
2015-07-31,40440,2016-03-31,1,115000000000,0.276,,,,,5400000000,0.218,6000000000,0.071,4500000000,,0.134,21.51,,,,,,,,,,,,,,,,,,,,,,true,true,6,2015-04-01,2015-09-30,0
2015-07-31,40440,2016-03-31,1,234000000000,0.176,,,,,11000000000,-0.047,11800000000,-0.176,9200000000,,-0.115,43.98,,,,,,,,,,,,,,,,,,,,,,true,true,12,2015-04-01,2016-03-31,0
2015-07-31,40440,2015-03-31,1,,,,,,,,,,,,,,,,,,,,283439000000,156580000000,0.544,,154317000000,,,,,,,,,,,,true,false,12,2014-04-01,2015-03-31,-1
2015-07-31,40440,2015-03-31,1,,,,,,,,,,,,,,,,,,,,,,,,,,,,,9.00,,,,214879975,5710849,,false,false,12,2014-04-01,2015-03-31,-1
2015-07-31,40440,2016-03-31,1,,,,,,,,,,,,,,,,,,,,,,,,,,,,,10.00,,,,,,,false,true,12,2015-04-01,2016-03-31,0
2015-07-31,40440,2016-03-31,1,,,,,,,,,,,,,,,,,,,,,,,,,,,,,,,,,214879975,5714601,209167714,false,false,3,2015-04-01,2015-06-30,0
2015-07-31,40440,2015-03-31,1,,,,,,,,,,,,,,,,,,,,,,,,,,,,,,,,,,,209196426,false,false,3,2014-04-01,2014-06-30,-1
2015-10-30,40440,2016-03-31,2,115076000000,0.277,,,,,6769000000,0.527,6829000000,0.219,4808000000,,0.212,23.04,,,,,,283253000000,159342000000,0.552,,156447000000,,,,,,,,,,,,true,false,6,2015-04-01,2015-09-30,0
2015-10-30,40440,2015-03-31,2,90104000000,-0.004,,,,,4432000000,0.076,5602000000,0.075,3968000000,,1.848,18.97,,,,,,,,,,,,,,,,,,,,,,true,false,6,2014-04-01,2014-09-30,-1
2015-10-30,40440,2016-03-31,2,234000000000,0.176,,,,,11000000000,-0.047,11800000000,-0.176,9200000000,,-0.115,43.98,,,,,,,,,,,,,,,,,,,,,,true,true,12,2015-04-01,2016-03-31,0
2015-10-30,40440,2015-03-31,2,,,,,,,,,,,,,,,,,,,,283439000000,156580000000,0.544,,154317000000,,,,,,,,,,,,true,false,12,2014-04-01,2015-03-31,-1
2015-10-30,40440,2015-03-31,2,,,,,,,,,,,,,,,,,,,,,,,,,,,,,9.00,,,,214879975,5710849,,false,false,12,2014-04-01,2015-03-31,-1
2015-10-30,40440,2016-03-31,2,,,,,,,,,,,,,,,,,,,,,,,,,,,,,5.00,,,,,,,false,false,12,2015-04-01,2016-03-31,0
2015-10-30,40440,2016-03-31,2,,,,,,,,,,,,,,,,,,,,,,,,,,,,,10.00,,,,,,,false,true,12,2015-04-01,2016-03-31,0
2015-10-30,40440,2016-03-31,2,,,,,,,,,,,,,,,,,,,,,,,,,,,,,,,,,214879975,8411398,208716874,false,false,6,2015-04-01,2015-09-30,0
2015-10-30,40440,2015-03-31,2,,,,,,,,,,,,,,,,,,,,,,,,,,,,,,,,,,,209194385,false,false,6,2014-04-01,2014-09-30,-1
2016-02-01,40440,2016-03-31,3,175160000000,0.228,,,,,11064000000,0.403,11863000000,0.165,8916000000,,0.242,42.88,,,,,,287584000000,162889000000,0.557,,160065000000,,,,,,,,,,,,true,false,9,2015-04-01,2015-12-31,0
2016-02-01,40440,2015-03-31,3,142638000000,0.034,,,,,7887000000,0.149,10182000000,0.129,7181000000,,0.949,34.33,,,,,,,,,,,,,,,,,,,,,,true,false,9,2014-04-01,2014-12-31,-1
2016-02-01,40440,2016-03-31,3,234000000000,0.176,,,,,11000000000,-0.047,11800000000,-0.176,9200000000,,-0.115,43.98,,,,,,,,,,,,,,,,,,,,,,true,true,12,2015-04-01,2016-03-31,0
2016-02-01,40440,2015-03-31,3,,,,,,,,,,,,,,,,,,,,283439000000,156580000000,0.544,,154317000000,,,,,,,,,,,,true,false,12,2014-04-01,2015-03-31,-1
2016-02-01,40440,2015-03-31,3,,,,,,,,,,,,,,,,,,,,,,,,,,,,,9.00,,,,214879975,5710849,,false,false,12,2014-04-01,2015-03-31,-1
2016-02-01,40440,2016-03-31,3,,,,,,,,,,,,,,,,,,,,,,,,,,,,,5.00,,,,,,,false,false,12,2015-04-01,2016-03-31,0
2016-02-01,40440,2016-03-31,3,,,,,,,,,,,,,,,,,,,,,,,,,,,,,10.00,,,,,,,false,true,12,2015-04-01,2016-03-31,0
2016-02-01,40440,2016-03-31,3,,,,,,,,,,,,,,,,,,,,,,,,,,,,,,,,,214879975,8422351,207967000,false,false,9,2015-04-01,2015-12-31,0
2016-02-01,40440,2015-03-31,3,,,,,,,,,,,,,,,,,,,,,,,,,,,,,,,,,,,209192686,false,false,9,2014-04-01,2014-12-31,-1
2016-05-11,40440,2016-03-31,,235361000000,0.183,,,,,13947000000,0.208,14615000000,0.021,10047000000,,-0.033,48.40,,0.065,0.052,0.059,,278907000000,159946000000,0.563,760.97,157106000000,24242000000,-20890000000,-3629000000,18851000000,,0.207,,,,,,true,false,12,2015-04-01,2016-03-31,0
2016-05-11,40440,2015-03-31,,199010000000,0.039,,,,,11542000000,0.142,14321000000,0.222,10393000000,,1.077,49.68,,0.072,0.055,0.058,,283439000000,156580000000,0.544,737.76,154317000000,13082000000,-23366000000,8611000000,19153000000,,0.181,,,,,,true,false,12,2014-04-01,2015-03-31,-1
2016-05-11,40440,2017-03-31,,110000000000,-0.044,,,,,6500000000,-0.040,6600000000,-0.034,5000000000,,0.040,24.28,,,,,,,,,,,,,,,,,,,,,,true,true,6,2016-04-01,2016-09-30,1
2016-05-11,40440,2017-03-31,,227000000000,-0.036,,,,,13000000000,-0.068,13400000000,-0.083,10000000000,,-0.005,48.70,,,,,,,,,,,,,,,,0.226,,,,,,true,true,12,2016-04-01,2017-03-31,1
2016-05-11,40440,2016-03-31,,88485000000,-0.074,,,,,8901000000,0.176,10659000000,-0.006,7971000000,,0.427,38.37,,,,,,226568000000,140350000000,0.619,679.29,140350000000,,,,,10.00,,,,214879975,8424949,207589377,false,false,12,2015-04-01,2016-03-31,0
2016-05-11,40440,2015-03-31,,95542000000,-0.001,,,,,7566000000,0.252,10728000000,0.240,5588000000,,0.727,26.69,,,,,,233831000000,138925000000,0.594,663.67,138925000000,,,,,9.00,,,,214879975,5710849,209188001,false,false,12,2014-04-01,2015-03-31,-1
2016-05-11,40440,2017-03-31,,,,,,,,,,,,,,,,,,,,,,,,,,,,,,11.00,,,,,,,false,true,12,2016-04-01,2017-03-31,1
2016-08-01,40440,2017-03-31,1,54928000000,-0.023,,,,,2913000000,-0.087,2907000000,-0.251,2195000000,,-0.152,10.63,,,,,,272885000000,155471000000,0.560,,152765000000,,,,,,,,,,,,true,false,3,2016-04-01,2016-06-30,0
2016-08-01,40440,2016-03-31,1,56219000000,0.251,,,,,3191000000,0.360,3880000000,0.371,2589000000,,0.370,12.38,,,,,,,,,,,,,,,,,,,,,,true,false,3,2015-04-01,2015-06-30,-1
2016-08-01,40440,2017-03-31,1,110000000000,-0.044,,,,,6500000000,-0.040,6600000000,-0.034,5000000000,,0.040,24.28,,,,,,,,,,,,,,,,,,,,,,true,true,6,2016-04-01,2016-09-30,0
2016-08-01,40440,2017-03-31,1,227000000000,-0.036,,,,,13000000000,-0.068,13400000000,-0.083,10000000000,,-0.005,48.70,,,,,,,,,,,,,,,,,,,,,,true,true,12,2016-04-01,2017-03-31,0
2016-08-01,40440,2016-03-31,1,,,,,,,,,,,,,,,,,,,,278907000000,159946000000,0.563,,157106000000,,,,,,,,,,,,true,false,12,2015-04-01,2016-03-31,-1
2016-08-01,40440,2016-03-31,1,,,,,,,,,,,,,,,,,,,,,,,,,,,,,10.00,,,,214879975,8424949,,false,false,12,2015-04-01,2016-03-31,-1
2016-08-01,40440,2017-03-31,1,,,,,,,,,,,,,,,,,,,,,,,,,,,,,11.00,,,,,,,false,true,12,2016-04-01,2017-03-31,0
2016-08-01,40440,2017-03-31,1,,,,,,,,,,,,,,,,,,,,,,,,,,,,,,,,,214879975,10326506,206454123,false,false,3,2016-04-01,2016-06-30,0
2016-08-01,40440,2016-03-31,1,,,,,,,,,,,,,,,,,,,,,,,,,,,,,,,,,,,209167714,false,false,3,2015-04-01,2015-06-30,-1
2016-10-31,40440,2017-03-31,2,105380000000,-0.084,,,,,5809000000,-0.142,5764000000,-0.156,4352000000,,-0.095,21.18,,,,,,268060000000,156206000000,0.573,,153552000000,,,,,,,,,,,,true,false,6,2016-04-01,2016-09-30,0
2016-10-31,40440,2016-03-31,2,115076000000,0.277,,,,,6769000000,0.527,6829000000,0.219,4808000000,,0.212,23.04,,,,,,,,,,,,,,,,,,,,,,true,false,6,2015-04-01,2015-09-30,-1
2016-10-31,40440,2017-03-31,2,227000000000,-0.036,,,,,13000000000,-0.068,13400000000,-0.083,10000000000,,-0.005,48.70,,,,,,,,,,,,,,,,,,,,,,true,true,12,2016-04-01,2017-03-31,0
2016-10-31,40440,2016-03-31,2,,,,,,,,,,,,,,,,,,,,278907000000,159946000000,0.563,,157106000000,,,,,,,,,,,,true,false,12,2015-04-01,2016-03-31,-1
2016-10-31,40440,2016-03-31,2,,,,,,,,,,,,,,,,,,,,,,,,,,,,,10.00,,,,214879975,8424949,,false,false,12,2015-04-01,2016-03-31,-1
2016-10-31,40440,2017-03-31,2,,,,,,,,,,,,,,,,,,,,,,,,,,,,,6.00,,,,,,,false,false,12,2016-04-01,2017-03-31,0
2016-10-31,40440,2017-03-31,2,,,,,,,,,,,,,,,,,,,,,,,,,,,,,11.00,,,,,,,false,true,12,2016-04-01,2017-03-31,0
2016-10-31,40440,2017-03-31,2,,,,,,,,,,,,,,,,,,,,,,,,,,,,,,,,,214879975,10327804,205503396,false,false,6,2016-04-01,2016-09-30,0
2016-10-31,40440,2016-03-31,2,,,,,,,,,,,,,,,,,,,,,,,,,,,,,,,,,,,208716874,false,false,6,2015-04-01,2015-09-30,-1
2017-02-01,40440,2017-03-31,3,161088000000,-0.080,,,,,8864000000,-0.199,10425000000,-0.121,7714000000,,-0.135,37.60,,,,,,292326000000,164125000000,0.552,,161417000000,,,,,,,,,,,,true,false,9,2016-04-01,2016-12-31,0
2017-02-01,40440,2016-03-31,3,175160000000,0.228,,,,,11064000000,0.403,11863000000,0.165,8916000000,,0.242,42.88,,,,,,,,,,,,,,,,,,,,,,true,false,9,2015-04-01,2015-12-31,-1
2017-02-01,40440,2017-03-31,3,227000000000,-0.036,,,,,13000000000,-0.068,13400000000,-0.083,10000000000,,-0.005,48.70,,,,,,,,,,,,,,,,,,,,,,true,true,12,2016-04-01,2017-03-31,0
2017-02-01,40440,2016-03-31,3,,,,,,,,,,,,,,,,,,,,278907000000,159946000000,0.563,,157106000000,,,,,,,,,,,,true,false,12,2015-04-01,2016-03-31,-1
2017-02-01,40440,2016-03-31,3,,,,,,,,,,,,,,,,,,,,,,,,,,,,,10.00,,,,214879975,8424949,,false,false,12,2015-04-01,2016-03-31,-1
2017-02-01,40440,2017-03-31,3,,,,,,,,,,,,,,,,,,,,,,,,,,,,,6.00,,,,,,,false,false,12,2016-04-01,2017-03-31,0
2017-02-01,40440,2017-03-31,3,,,,,,,,,,,,,,,,,,,,,,,,,,,,,11.00,,,,,,,false,true,12,2016-04-01,2017-03-31,0
2017-02-01,40440,2017-03-31,3,,,,,,,,,,,,,,,,,,,,,,,,,,,,,,,,,214879975,10334119,205185937,false,false,9,2016-04-01,2016-12-31,0
2017-02-01,40440,2016-03-31,3,,,,,,,,,,,,,,,,,,,,,,,,,,,,,,,,,,,207967000,false,false,9,2015-04-01,2015-12-31,-1
2017-05-11,40440,2017-03-31,,228898000000,-0.027,,,,,12982000000,-0.069,15091000000,0.033,10703000000,,0.065,52.20,,0.065,0.051,0.057,,314974000000,172950000000,0.540,831.23,170021000000,17331000000,-21442000000,15463000000,30446000000,,0.211,,,,,,true,false,12,2016-04-01,2017-03-31,0
2017-05-11,40440,2016-03-31,,235361000000,0.183,,,,,13947000000,0.208,14615000000,0.021,10047000000,,-0.033,48.40,,0.065,0.052,0.059,,278907000000,159946000000,0.563,760.97,157106000000,24235000000,-20883000000,-3629000000,18851000000,,0.207,,,,,,true,false,12,2015-04-01,2016-03-31,-1
2017-05-11,40440,2018-03-31,,110000000000,0.044,,,,,3500000000,-0.397,4000000000,-0.306,2500000000,,-0.426,12.30,,,,,,,,,,,,,,,,,,,,,,true,true,6,2017-04-01,2017-09-30,1
2017-05-11,40440,2018-03-31,,228000000000,-0.004,,,,,11500000000,-0.114,12000000000,-0.205,8300000000,,-0.225,40.91,,,,,,,,,,,,,,,,0.244,,,,,,true,true,12,2017-04-01,2018-03-31,1
2017-05-11,40440,2017-03-31,,90401000000,0.022,,,,,9048000000,0.017,11368000000,0.067,9317000000,,0.169,45.41,,,,,,264150000000,153417000000,0.581,749.47,153417000000,,,,,11.00,,,,214879975,10337558,205025619,false,false,12,2016-04-01,2017-03-31,0
2017-05-11,40440,2016-03-31,,88485000000,-0.074,,,,,8901000000,0.176,10659000000,-0.006,7971000000,,0.427,38.37,,,,,,226568000000,140350000000,0.619,679.29,140350000000,,,,,10.00,,,,214879975,8424949,207589377,false,false,12,2015-04-01,2016-03-31,-1
2017-05-11,40440,2018-03-31,,,,,,,,,,,,,,,,,,,,,,,,,,,,,,10.00,,,,,,,false,true,12,2017-04-01,2018-03-31,1
2017-07-31,40440,2018-03-31,1,54855000000,-0.001,,,,,1225000000,-0.579,1783000000,-0.387,983000000,,-0.552,4.81,,,,,,315062000000,173758000000,0.542,,170842000000,,,,,,,,,,,,true,false,3,2017-04-01,2017-06-30,0
2017-07-31,40440,2017-03-31,1,54928000000,-0.023,,,,,2913000000,-0.087,2907000000,-0.251,2195000000,,-0.152,10.63,,,,,,,,,,,,,,,,,,,,,,true,false,3,2016-04-01,2016-06-30,-1
2017-07-31,40440,2018-03-31,1,110000000000,0.044,,,,,3500000000,-0.397,4000000000,-0.306,2500000000,,-0.426,12.30,,,,,,,,,,,,,,,,,,,,,,true,true,6,2017-04-01,2017-09-30,0
2017-07-31,40440,2018-03-31,1,228000000000,-0.004,,,,,11500000000,-0.114,12000000000,-0.205,8300000000,,-0.225,204.55,,,,,,,,,,,,,,,,,,,,,,true,true,12,2017-04-01,2018-03-31,0
2017-07-31,40440,2017-03-31,1,,,,,,,,,,,,,,,,,,,,314974000000,172950000000,0.540,,170021000000,,,,,,,,,,,,true,false,12,2016-04-01,2017-03-31,-1
2017-07-31,40440,2017-03-31,1,,,,,,,,,,,,,,,,,,,,,,,,,,,,,11.00,,,,214879975,10337558,,false,false,12,2016-04-01,2017-03-31,-1
2017-07-31,40440,2018-03-31,1,,,,,,,,,,,,,,,,,,,,,,,,,,,,,25.00,,,,,,,false,true,12,2017-04-01,2018-03-31,0
2017-07-31,40440,2018-03-31,1,,,,,,,,,,,,,,,,,,,,,,,,,,,,,,,,,214879975,12500130,204541809,false,false,3,2017-04-01,2017-06-30,0
2017-07-31,40440,2017-03-31,1,,,,,,,,,,,,,,,,,,,,,,,,,,,,,,,,,,,206454123,false,false,3,2016-04-01,2016-06-30,-1
2017-10-31,40440,2018-03-31,2,110094000000,0.045,,,,,2691000000,-0.537,3325000000,-0.423,,1883000000,,46.29,,,,,,318205000000,177539000000,0.548,,174531000000,,,,,,,,,,,,true,false,6,2017-04-01,2017-09-30,0
2017-10-31,40440,2017-03-31,2,105380000000,-0.084,,,,,5809000000,-0.142,5764000000,-0.156,,4352000000,,105.91,,,,,,,,,,,,,,,,,,,,,,true,false,6,2016-04-01,2016-09-30,-1
2017-10-31,40440,2018-03-31,2,224000000000,-0.021,,,,,7000000000,-0.461,7500000000,-0.503,,4200000000,,103.49,,,,,,,,,,,,,,,,,,,,,,true,true,12,2017-04-01,2018-03-31,0
2017-10-31,40440,2017-03-31,2,,,,,,,,,,,,,,,,,,,,314974000000,172950000000,0.540,,170021000000,,,,,,,,,,,,true,false,12,2016-04-01,2017-03-31,-1
2017-10-31,40440,2017-03-31,2,,,,,,,,,,,,,,,,,,,,,,,,,,,,,11.00,,,,42975995,2067511,,false,false,12,2016-04-01,2017-03-31,-1
2017-10-31,40440,2018-03-31,2,,,,,,,,,,,,,,,,,,,,,,,,,,,,,5.00,,,,,,,false,false,12,2017-04-01,2018-03-31,0
2017-10-31,40440,2018-03-31,2,,,,,,,,,,,,,,,,,,,,,,,,,,,,,25.00,,,,,,,false,true,12,2017-04-01,2018-03-31,0
2017-10-31,40440,2018-03-31,2,,,,,,,,,,,,,,,,,,,,,,,,,,,,,,,,,42975995,2500565,40692058,false,false,6,2017-04-01,2017-09-30,0
2017-10-31,40440,2017-03-31,2,,,,,,,,,,,,,,,,,,,,,,,,,,,,,,,,,,,41100680,false,false,6,2016-04-01,2016-09-30,-1
2018-02-01,40440,2018-03-31,3,168148000000,0.044,,,,,4542000000,-0.488,5600000000,-0.463,,3399000000,,83.68,,,,,,325576000000,180491000000,0.545,,177294000000,,,,,,,,,,,,true,false,9,2017-04-01,2017-12-31,0
2018-02-01,40440,2017-03-31,3,161088000000,-0.080,,,,,8864000000,-0.199,10425000000,-0.121,,7714000000,,187.98,,,,,,,,,,,,,,,,,,,,,,true,false,9,2016-04-01,2016-12-31,-1
2018-02-01,40440,2018-03-31,3,224000000000,-0.021,,,,,7000000000,-0.461,7500000000,-0.503,,4200000000,,103.49,,,,,,,,,,,,,,,,,,,,,,true,true,12,2017-04-01,2018-03-31,0
2018-02-01,40440,2017-03-31,3,,,,,,,,,,,,,,,,,,,,314974000000,172950000000,0.540,,170021000000,,,,,,,,,,,,true,false,12,2016-04-01,2017-03-31,-1
2018-02-01,40440,2017-03-31,3,,,,,,,,,,,,,,,,,,,,,,,,,,,,,11.00,,,,42975995,2067511,,false,false,12,2016-04-01,2017-03-31,-1
2018-02-01,40440,2018-03-31,3,,,,,,,,,,,,,,,,,,,,,,,,,,,,,5.00,,,,,,,false,false,12,2017-04-01,2018-03-31,0
2018-02-01,40440,2018-03-31,3,,,,,,,,,,,,,,,,,,,,,,,,,,,,,25.00,,,,,,,false,true,12,2017-04-01,2018-03-31,0
2018-02-01,40440,2018-03-31,3,,,,,,,,,,,,,,,,,,,,,,,,,,,,,,,,,42975995,2503035,40619649,false,false,9,2017-04-01,2017-12-31,0
2018-02-01,40440,2017-03-31,3,,,,,,,,,,,,,,,,,,,,,,,,,,,,,,,,,,,41037188,false,false,9,2016-04-01,2016-12-31,-1
2018-05-10,40440,2018-03-31,,227810000000,-0.005,,,,,6039000000,-0.535,6327000000,-0.581,,2980000000,,73.45,,0.017,0.020,0.027,,317877000000,175628000000,0.542,4255.09,172214000000,16351000000,-19778000000,-5128000000,21925000000,,0.681,,,,,,true,false,12,2017-04-01,2018-03-31,0
2018-05-10,40440,2017-03-31,,228898000000,-0.027,,,,,12982000000,-0.069,15091000000,0.033,,10703000000,,261.02,,0.065,0.051,0.057,,314974000000,172950000000,0.540,4156.13,170021000000,17331000000,-21442000000,15463000000,30446000000,,0.211,,,,,,true,false,12,2016-04-01,2017-03-31,-1
2018-05-10,40440,2019-03-31,,113000000000,0.026,,,,,3500000000,0.301,3900000000,0.173,,2700000000,,66.53,,,,,,,,,,,,,,,,,,,,,,true,true,6,2018-04-01,2018-09-30,1
2018-05-10,40440,2019-03-31,,230000000000,0.010,,,,,8000000000,0.325,9000000000,0.422,,6200000000,,152.77,,,,,,,,,,,,,,,,0.327,,,,,,true,true,12,2018-04-01,2019-03-31,1
2018-05-10,40440,2018-03-31,,93551000000,0.035,,,,,6454000000,-0.287,8344000000,-0.266,7917000000,,-0.150,194.94,,,,,,272551000000,160188000000,0.588,3954.86,160188000000,,,,,25.00,,,,42975995,2503508,40582919,false,false,12,2017-04-01,2018-03-31,0
2018-05-10,40440,2017-03-31,,90401000000,0.022,,,,,9048000000,0.017,11368000000,0.067,9317000000,,0.169,227.04,,,,,,264150000000,153417000000,0.581,3747.37,153417000000,,,,,11.00,,,,42975995,2067511,41005124,false,false,12,2016-04-01,2017-03-31,-1
2018-05-10,40440,2019-03-31,,,,,,,,,,,,,,,,,,,,,,,,,,,,,,50.00,,,,,,,false,true,12,2018-04-01,2019-03-31,1
2018-07-31,40440,2019-03-31,1,55144000000,0.005,,,,,1787000000,0.459,2560000000,0.436,,1755000000,,43.37,,,,,,314166000000,173925000000,0.543,,170533000000,,,,,,,,,,,,true,false,3,2018-04-01,2018-06-30,0
2018-07-31,40440,2018-03-31,1,54855000000,-0.001,,,,,1225000000,-0.579,1783000000,-0.387,,983000000,,24.04,,,,,,,,,,,,,,,,,,,,,,true,false,3,2017-04-01,2017-06-30,-1
2018-07-31,40440,2019-03-31,1,113000000000,0.026,,,,,3500000000,0.301,3900000000,0.173,,2700000000,,66.53,,,,,,,,,,,,,,,,,,,,,,true,true,6,2018-04-01,2018-09-30,0
2018-07-31,40440,2019-03-31,1,230000000000,0.010,,,,,8000000000,0.325,9000000000,0.422,,6200000000,,152.77,,,,,,,,,,,,,,,,,,,,,,true,true,12,2018-04-01,2019-03-31,0
2018-07-31,40440,2018-03-31,1,,,,,,,,,,,,,,,,,,,,316846000000,175628000000,0.544,,172214000000,,,,,,,,,,,,true,false,12,2017-04-01,2018-03-31,-1
2018-07-31,40440,2018-03-31,1,,,,,,,,,,,,,,,,,,,,,,,,,,,,,25.00,,,,42975995,2503508,,false,false,12,2017-04-01,2018-03-31,-1
2018-07-31,40440,2019-03-31,1,,,,,,,,,,,,,,,,,,,,,,,,,,,,,50.00,,,,,,,false,true,12,2018-04-01,2019-03-31,0
2018-07-31,40440,2019-03-31,1,,,,,,,,,,,,,,,,,,,,,,,,,,,,,,,,,42975995,2503823,40472380,false,false,3,2018-04-01,2018-06-30,0
2018-07-31,40440,2018-03-31,1,,,,,,,,,,,,,,,,,,,,,,,,,,,,,,,,,,,40908362,false,false,3,2017-04-01,2017-06-30,-1
2018-10-31,40440,2019-03-31,2,112370000000,0.021,,,,,4706000000,0.749,5496000000,0.653,,4292000000,,106.06,,,,,,323616000000,179749000000,0.545,,176378000000,,,,,,,,,,,,true,false,6,2018-04-01,2018-09-30,0
2018-10-31,40440,2018-03-31,2,110094000000,0.045,,,,,2691000000,-0.537,3325000000,-0.423,,1883000000,,46.29,,,,,,,,,,,,,,,,,,,,,,true,false,6,2017-04-01,2017-09-30,-1
2018-10-31,40440,2019-03-31,2,230000000000,0.010,,,,,8000000000,0.325,9000000000,0.422,,6200000000,,152.77,,,,,,,,,,,,,,,,,,,,,,true,true,12,2018-04-01,2019-03-31,0
2018-10-31,40440,2018-03-31,2,,,,,,,,,,,,,,,,,,,,316846000000,175628000000,0.544,,172214000000,,,,,,,,,,,,true,false,12,2017-04-01,2018-03-31,-1
2018-10-31,40440,2018-03-31,2,,,,,,,,,,,,,,,,,,,,,,,,,,,,,25.00,,,,42975995,2503508,,false,false,12,2017-04-01,2018-03-31,-1
2018-10-31,40440,2019-03-31,2,,,,,,,,,,,,,,,,,,,,,,,,,,,,,25.00,,,,,,,false,false,12,2018-04-01,2019-03-31,0
2018-10-31,40440,2019-03-31,2,,,,,,,,,,,,,,,,,,,,,,,,,,,,,50.00,,,,,,,false,true,12,2018-04-01,2019-03-31,0
2018-10-31,40440,2019-03-31,2,,,,,,,,,,,,,,,,,,,,,,,,,,,,,,,,,42975995,2504030,40472248,false,false,6,2018-04-01,2018-09-30,0
2018-10-31,40440,2018-03-31,2,,,,,,,,,,,,,,,,,,,,,,,,,,,,,,,,,,,40692058,false,false,6,2017-04-01,2017-09-30,-1
2019-02-01,40440,2019-03-31,3,173039000000,0.029,,,,,7699000000,0.695,8974000000,0.602,,6792000000,,167.83,,,,,,319280000000,175337000000,0.538,,171766000000,,,,,,,,,,,,true,false,9,2018-04-01,2018-12-31,0
2019-02-01,40440,2018-03-31,3,168148000000,0.044,,,,,4542000000,-0.488,5600000000,-0.463,,3399000000,,83.68,,,,,,,,,,,,,,,,,,,,,,true,false,9,2017-04-01,2017-12-31,-1
2019-02-01,40440,2019-03-31,3,230000000000,0.010,,,,,8000000000,0.325,9000000000,0.422,,6200000000,,152.77,,,,,,,,,,,,,,,,,,,,,,true,true,12,2018-04-01,2019-03-31,0
2019-02-01,40440,2018-03-31,3,,,,,,,,,,,,,,,,,,,,316846000000,175628000000,0.544,,172214000000,,,,,,,,,,,,true,false,12,2017-04-01,2018-03-31,-1
2019-02-01,40440,2018-03-31,3,,,,,,,,,,,,,,,,,,,,,,,,,,,,,25.00,,,,42975995,2503508,,false,false,12,2017-04-01,2018-03-31,-1
2019-02-01,40440,2019-03-31,3,,,,,,,,,,,,,,,,,,,,,,,,,,,,,25.00,,,,,,,false,false,12,2018-04-01,2019-03-31,0
2019-02-01,40440,2019-03-31,3,,,,,,,,,,,,,,,,,,,,,,,,,,,,,50.00,,,,,,,false,true,12,2018-04-01,2019-03-31,0
2019-02-01,40440,2019-03-31,3,,,,,,,,,,,,,,,,,,,,,,,,,,,,,,,,,42975995,2504666,40472136,false,false,9,2018-04-01,2018-12-31,0
2019-02-01,40440,2018-03-31,3,,,,,,,,,,,,,,,,,,,,,,,,,,,,,,,,,,,40619649,false,false,9,2017-04-01,2017-12-31,-1
2019-03-25,40440,2019-03-31,,230000000000,,,,,,9000000000,0.125,10000000000,0.111,,7000000000,,172.96,,,,,,,,,,,,,,,,,,,,,,true,true,12,2018-04-01,2019-03-31,0
2019-03-25,40440,2018-03-31,,227810000000,,,,,,6039000000,,6327000000,,,2980000000,,73.45,,,,,,,,,,,,,,,,,,,,,,true,false,12,2017-04-01,2018-03-31,-1
2019-05-13,40440,2019-03-31,,229291000000,0.007,,,,,10098000000,0.672,11120000000,0.757,,7545000000,,186.44,,0.045,0.036,0.044,,307103000000,168931000000,0.538,4083.74,165272000000,12605000000,-14269000000,256000000,21023000000,,0.402,,,,,,true,false,12,2018-04-01,2019-03-31,0
2019-05-13,40440,2018-03-31,,227810000000,-0.005,,,,,6039000000,-0.535,6327000000,-0.581,,2980000000,,73.45,,0.017,0.020,0.027,,316846000000,175628000000,0.544,4255.09,172214000000,16351000000,-19778000000,-5128000000,21925000000,,0.681,,,,,,true,false,12,2017-04-01,2018-03-31,-1
2019-05-13,40440,2020-03-31,,112000000000,-0.003,,,,,3500000000,-0.256,3700000000,-0.327,,2800000000,,69.18,,,,,,,,,,,,,,,,,,,,,,true,true,6,2019-04-01,2019-09-30,1
2019-05-13,40440,2020-03-31,,234000000000,0.021,,,,,11500000000,0.139,11800000000,0.061,,8500000000,,210.02,,,,,,,,,,,,,,,,0.357,,,,,,true,true,12,2019-04-01,2020-03-31,1
2019-05-13,40440,2019-03-31,,97151000000,0.038,,,,,6608000000,0.024,9697000000,0.162,6830000000,,-0.137,168.63,,,,,,264035000000,154036000000,0.583,3803.12,154036000000,,,,,75.00,,,,42975995,2505071,40471895,false,false,12,2018-04-01,2019-03-31,0
2019-05-13,40440,2018-03-31,,93551000000,0.035,,,,,6454000000,-0.287,8344000000,-0.266,7917000000,,-0.150,194.94,,,,,,271770000000,160188000000,0.589,3954.86,160188000000,,,,,25.00,,,,42975995,2503508,40582919,false,false,12,2017-04-01,2018-03-31,-1
2019-05-13,40440,2020-03-31,,,,,,,,,,,,,,,,,,,,,,,,,,,,,,75.00,,,,,,,false,true,12,2019-04-01,2020-03-31,1
2019-07-31,40440,2020-03-31,1,54152000000,-0.026,,,,,1737000000,-0.032,2065000000,-0.194,,1326000000,,32.79,,,,,,300335000000,166933000000,0.544,,163457000000,,,,,,,,,,,,true,false,3,2019-04-01,2019-06-30,0
2019-07-31,40440,2019-03-31,1,55576000000,,,,,,1794000000,,2564000000,,,1756000000,,43.41,,,,,,,,,,,,,,,,,,,,,,true,false,3,2018-04-01,2018-06-30,-1
2019-07-31,40440,2020-03-31,1,112000000000,-0.003,,,,,3500000000,-0.261,3700000000,-0.331,,2800000000,,69.18,,,,,,,,,,,,,,,,,,,,,,true,true,6,2019-04-01,2019-09-30,0
2019-07-31,40440,2020-03-31,1,234000000000,0.018,,,,,11500000000,0.135,11800000000,0.056,,8500000000,,210.02,,,,,,,,,,,,,,,,,,,,,,true,true,12,2019-04-01,2020-03-31,0
2019-07-31,40440,2019-03-31,1,,,,,,,,,,,,,,,,,,,,307103000000,168931000000,0.538,,165272000000,,,,,,,,,,,,true,false,12,2018-04-01,2019-03-31,-1
2019-07-31,40440,2019-03-31,1,,,,,,,,,,,,,,,,,,,,,,,,,,,,,75.00,,,,42975995,2505071,,false,false,12,2018-04-01,2019-03-31,-1
2019-07-31,40440,2020-03-31,1,,,,,,,,,,,,,,,,,,,,,,,,,,,,,75.00,,,,,,,false,true,12,2019-04-01,2020-03-31,0
2019-07-31,40440,2020-03-31,1,,,,,,,,,,,,,,,,,,,,,,,,,,,,,,,,,42975995,2505281,40470828,false,false,3,2019-04-01,2019-06-30,0
2019-07-31,40440,2019-03-31,1,,,,,,,,,,,,,,,,,,,,,,,,,,,,,,,,,,,40472380,false,false,3,2018-04-01,2018-06-30,-1
2019-10-31,40440,2020-03-31,2,109618000000,-0.024,,,,,3675000000,-0.224,3968000000,-0.283,,2577000000,,63.68,,,,,,293999000000,165883000000,0.553,,162582000000,,,,,,,,,,,,true,false,6,2019-04-01,2019-09-30,0
2019-10-31,40440,2019-03-31,2,112312000000,,,,,,4736000000,,5531000000,,,4313000000,,106.58,,,,,,,,,,,,,,,,,,,,,,true,false,6,2018-04-01,2018-09-30,-1
2019-10-31,40440,2020-03-31,2,224000000000,-0.026,,,,,10000000000,-0.013,10200000000,-0.087,,7000000000,,172.96,,,,,,,,,,,,,,,,,,,,,,true,true,12,2019-04-01,2020-03-31,0
2019-10-31,40440,2019-03-31,2,,,,,,,,,,,,,,,,,,,,307103000000,168931000000,0.538,,165272000000,,,,,,,,,,,,true,false,12,2018-04-01,2019-03-31,-1
2019-10-31,40440,2019-03-31,2,,,,,,,,,,,,,,,,,,,,,,,,,,,,,75.00,,,,42975995,2505071,,false,false,12,2018-04-01,2019-03-31,-1
2019-10-31,40440,2020-03-31,2,,,,,,,,,,,,,,,,,,,,,,,,,,,,,37.50,,,,,,,false,false,12,2019-04-01,2020-03-31,0
2019-10-31,40440,2020-03-31,2,,,,,,,,,,,,,,,,,,,,,,,,,,,,,75.00,,,,,,,false,true,12,2019-04-01,2020-03-31,0
2019-10-31,40440,2020-03-31,2,,,,,,,,,,,,,,,,,,,,,,,,,,,,,,,,,42975995,2505361,40470751,false,false,6,2019-04-01,2019-09-30,0
2019-10-31,40440,2019-03-31,2,,,,,,,,,,,,,,,,,,,,,,,,,,,,,,,,,,,40472248,false,false,6,2018-04-01,2018-09-30,-1
2020-02-03,40440,2020-03-31,3,166383000000,-0.027,,,,,5521000000,-0.280,6314000000,-0.295,,4313000000,,106.59,,,,,,296305000000,167405000000,0.554,,164027000000,,,,,,,,,,,,true,false,9,2019-04-01,2019-12-31,0
2020-02-03,40440,2019-03-31,3,171061000000,,,,,,7664000000,,8953000000,,,6777000000,,167.46,,,,,,,,,,,,,,,,,,,,,,true,false,9,2018-04-01,2018-12-31,-1
2020-02-03,40440,2020-03-31,3,220000000000,-0.043,,,,,8000000000,-0.211,8800000000,-0.212,,6500000000,,160.61,,,,,,,,,,,,,,,,,,,,,,true,true,12,2019-04-01,2020-03-31,0
2020-02-03,40440,2019-03-31,3,,,,,,,,,,,,,,,,,,,,307103000000,168931000000,0.538,,165272000000,,,,,,,,,,,,true,false,12,2018-04-01,2019-03-31,-1
2020-02-03,40440,2019-03-31,3,,,,,,,,,,,,,,,,,,,,,,,,,,,,,75.00,,,,42975995,2505071,,false,false,12,2018-04-01,2019-03-31,-1
2020-02-03,40440,2020-03-31,3,,,,,,,,,,,,,,,,,,,,,,,,,,,,,37.50,,,,,,,false,false,12,2019-04-01,2020-03-31,0
2020-02-03,40440,2020-03-31,3,,,,,,,,,,,,,,,,,,,,,,,,,,,,,75.00,,,,,,,false,true,12,2019-04-01,2020-03-31,0
2020-02-03,40440,2020-03-31,3,,,,,,,,,,,,,,,,,,,,,,,,,,,,,,,,,42975995,2505858,40470715,false,false,9,2019-04-01,2019-12-31,0
2020-02-03,40440,2019-03-31,3,,,,,,,,,,,,,,,,,,,,,,,,,,,,,,,,,,,40472136,false,false,9,2018-04-01,2018-12-31,-1
2020-05-12,40440,2020-03-31,,222469000000,-0.032,,,,,7975000000,-0.213,8565000000,-0.233,,6418000000,,158.59,,0.039,0.028,0.036,,296427000000,164339000000,0.543,3978.44,161006000000,17226000000,-7856000000,-5295000000,25008000000,,0.473,,,,,,true,false,12,2019-04-01,2020-03-31,0
2020-05-12,40440,2019-03-31,,229901000000,,,,,,10135000000,,11169000000,,,7577000000,,187.23,,0.045,0.036,0.044,,307103000000,168931000000,0.538,4083.74,165272000000,12650000000,-14336000000,291000000,21023000000,,0.401,,,,,,true,false,12,2018-04-01,2019-03-31,-1
2020-05-12,40440,2020-03-31,,94510000000,-0.027,,,,,4237000000,-0.359,7212000000,-0.256,5104000000,,-0.253,126.04,,,,,,259986000000,149530000000,0.575,3691.97,149530000000,,,,,75.00,,,,42975995,2506153,40470535,false,false,12,2019-04-01,2020-03-31,0
2020-05-12,40440,2019-03-31,,97151000000,0.038,,,,,6608000000,0.024,9697000000,0.162,6830000000,,-0.137,168.63,,,,,,264035000000,154036000000,0.583,3803.12,154036000000,,,,,75.00,,,,42975995,2505071,40471895,false,false,12,2018-04-01,2019-03-31,-1
2020-07-31,40440,2021-03-31,1,45077000000,-0.168,,,,,424000000,-0.756,1260000000,-0.390,,609000000,,15.05,,,,,,309693000000,165686000000,0.525,,162472000000,,,,,,,,,,,,true,false,3,2020-04-01,2020-06-30,0
2020-07-31,40440,2020-03-31,1,54152000000,-0.026,,,,,1737000000,-0.032,2065000000,-0.194,,1326000000,,32.79,,,,,,,,,,,,,,,,,,,,,,true,false,3,2019-04-01,2019-06-30,-1
2020-07-31,40440,2021-03-31,1,84500000000,-0.229,,,,,-1000000000,,-1200000000,,,-2000000000,,-49.42,,,,,,,,,,,,,,,,,,,,,,true,true,6,2020-04-01,2020-09-30,0
2020-07-31,40440,2021-03-31,1,186000000000,-0.164,,,,,1500000000,-0.812,1500000000,-0.825,,1500000000,,37.06,,,,,,,,,,,,,,,,,,,,,,true,true,12,2020-04-01,2021-03-31,0
2020-07-31,40440,2020-03-31,1,,,,,,,,,,,,,,,,,,,,296427000000,164339000000,0.543,,161006000000,,,,,,,,,,,,true,false,12,2019-04-01,2020-03-31,-1
2020-07-31,40440,2020-03-31,1,,,,,,,,,,,,,,,,,,,,,,,,,,,,,75.00,,,,42975995,2506153,,false,false,12,2019-04-01,2020-03-31,-1
2020-07-31,40440,2021-03-31,1,,,,,,,,,,,,,,,,,,,,,,,,,,,,,75.00,,,,,,,false,true,12,2020-04-01,2021-03-31,0
2020-07-31,40440,2021-03-31,1,,,,,,,,,,,,,,,,,,,,,,,,,,,,,,,,,42975995,2506312,40469828,false,false,3,2020-04-01,2020-06-30,0
2020-07-31,40440,2020-03-31,1,,,,,,,,,,,,,,,,,,,,,,,,,,,,,,,,,,,40470828,false,false,3,2019-04-01,2019-06-30,-1
2020-10-30,40440,2021-03-31,2,84030000000,-0.233,,,,,-732000000,,-1008000000,,,-1990000000,,-49.20,,,,,,296637000000,164407000000,0.543,,160992000000,,,,,,,,,,,,true,false,6,2020-04-01,2020-09-30,0
2020-10-30,40440,2020-03-31,2,109618000000,-0.024,,,,,3675000000,-0.224,3968000000,-0.283,,2577000000,,63.68,,,,,,,,,,,,,,,,,,,,,,true,false,6,2019-04-01,2019-09-30,-1
2020-10-30,40440,2021-03-31,2,186000000000,-0.164,,,,,1500000000,-0.812,1500000000,-0.825,,1500000000,,37.06,,,,,,,,,,,,,,,,,,,,,,true,true,12,2020-04-01,2021-03-31,0
2020-10-30,40440,2020-03-31,2,,,,,,,,,,,,,,,,,,,,296427000000,164339000000,0.543,,161006000000,,,,,,,,,,,,true,false,12,2019-04-01,2020-03-31,-1
2020-10-30,40440,2020-03-31,2,,,,,,,,,,,,,,,,,,,,,,,,,,,,,75.00,,,,42975995,2506153,,false,false,12,2019-04-01,2020-03-31,-1
2020-10-30,40440,2021-03-31,2,,,,,,,,,,,,,,,,,,,,,,,,,,,,,37.50,,,,,,,false,false,12,2020-04-01,2021-03-31,0
2020-10-30,40440,2021-03-31,2,,,,,,,,,,,,,,,,,,,,,,,,,,,,,75.00,,,,,,,false,true,12,2020-04-01,2021-03-31,0
2020-10-30,40440,2021-03-31,2,,,,,,,,,,,,,,,,,,,,,,,,,,,,,,,,,42975995,2506615,40469677,false,false,6,2020-04-01,2020-09-30,0
2020-10-30,40440,2020-03-31,2,,,,,,,,,,,,,,,,,,,,,,,,,,,,,,,,,,,40470751,false,false,6,2019-04-01,2019-09-30,-1
2021-02-01,40440,2021-03-31,3,136991000000,-0.177,,,,,1434000000,-0.740,1357000000,-0.785,,47000000,,1.18,,,,,,293153000000,165733000000,0.553,,162132000000,,,,,,,,,,,,true,false,9,2020-04-01,2020-12-31,0
2021-02-01,40440,2020-03-31,3,166383000000,-0.027,,,,,5521000000,-0.280,6314000000,-0.295,,4313000000,,106.59,,,,,,,,,,,,,,,,,,,,,,true,false,9,2019-04-01,2019-12-31,-1
2021-02-01,40440,2021-03-31,3,189000000000,-0.150,,,,,2000000000,-0.749,1800000000,-0.790,,-500000000,,-12.35,,,,,,,,,,,,,,,,,,,,,,true,true,12,2020-04-01,2021-03-31,0
2021-02-01,40440,2020-03-31,3,,,,,,,,,,,,,,,,,,,,296427000000,164339000000,0.543,,161006000000,,,,,,,,,,,,true,false,12,2019-04-01,2020-03-31,-1
2021-02-01,40440,2020-03-31,3,,,,,,,,,,,,,,,,,,,,,,,,,,,,,75.00,,,,42975995,2506153,,false,false,12,2019-04-01,2020-03-31,-1
2021-02-01,40440,2021-03-31,3,,,,,,,,,,,,,,,,,,,,,,,,,,,,,37.50,,,,,,,false,false,12,2020-04-01,2021-03-31,0
2021-02-01,40440,2021-03-31,3,,,,,,,,,,,,,,,,,,,,,,,,,,,,,75.00,,,,,,,false,true,12,2020-04-01,2021-03-31,0
2021-02-01,40440,2021-03-31,3,,,,,,,,,,,,,,,,,,,,,,,,,,,,,,,,,42975995,2507093,40469560,false,false,9,2020-04-01,2020-12-31,0
2021-02-01,40440,2020-03-31,3,,,,,,,,,,,,,,,,,,,,,,,,,,,,,,,,,,,40470715,false,false,9,2019-04-01,2019-12-31,-1
2021-03-29,40440,2021-03-31,,190000000000,0.005,,,,,3000000000,0.500,3000000000,0.667,,0,,0.00,,,,,,,,,,,,,,,,,,,,,,true,true,12,2020-04-01,2021-03-31,0
2021-03-29,40440,2020-03-31,,222469000000,,,,,,7975000000,,8565000000,,,6418000000,,158.59,,,,,,,,,,,,,,,,,,,,,,true,false,12,2019-04-01,2020-03-31,-1
2021-05-11,40440,2021-03-31,,190673000000,-0.143,,,,,4064000000,-0.490,4749000000,-0.446,,1230000000,,30.40,,0.008,0.016,0.021,,284906000000,169083000000,0.581,4091.41,165573000000,17918000000,-3737000000,-13121000000,26081000000,,2.467,,,,,,true,false,12,2020-04-01,2021-03-31,0
2021-05-11,40440,2020-03-31,,222469000000,-0.032,,,,,7975000000,-0.213,8565000000,-0.233,,6418000000,,158.59,,0.039,0.028,0.036,,296427000000,164339000000,0.543,3978.44,161006000000,17226000000,-7856000000,-5295000000,25008000000,,0.473,,,,,,true,false,12,2019-04-01,2020-03-31,-1
2021-05-11,40440,2022-03-31,,97000000000,0.154,,,,,2000000000,,3000000000,,,2000000000,,49.42,,,,,,,,,,,,,,,,,,,,,,true,true,6,2021-04-01,2021-09-30,1
2021-05-11,40440,2022-03-31,,197000000000,0.033,,,,,7000000000,0.722,8000000000,0.684,,3500000000,,86.49,,,,,,,,,,,,,,,,0.867,,,,,,true,true,12,2021-04-01,2022-03-31,1
2021-05-11,40440,2021-03-31,,85915000000,-0.091,,,,,2627000000,-0.380,5465000000,-0.242,5164000000,,0.012,127.51,,,,,,260791000000,158567000000,0.608,3915.22,158567000000,,,,,75.00,,,,42975995,2507381,40469369,false,false,12,2020-04-01,2021-03-31,0
2021-05-11,40440,2020-03-31,,94510000000,-0.027,,,,,4237000000,-0.359,7212000000,-0.256,5104000000,,-0.253,126.04,,,,,,259986000000,149530000000,0.575,3691.97,149530000000,,,,,75.00,,,,42975995,2506153,40470535,false,false,12,2019-04-01,2020-03-31,-1
2021-05-11,40440,2022-03-31,,,,,,,,,,,,,,,,,,,,,,,,,,,,,,75.00,,,,,,,false,true,12,2021-04-01,2022-03-31,1
2021-07-30,40440,2022-03-31,1,50603000000,0.123,,,,,1905000000,3.486,2366000000,0.877,,1381000000,,34.13,,,,,,288330000000,170861000000,0.580,,167368000000,,,,,,,,,,,,true,false,3,2021-04-01,2021-06-30,0
2021-07-30,40440,2021-03-31,1,45077000000,-0.168,,,,,424000000,-0.756,1260000000,-0.390,,609000000,,15.05,,,,,,,,,,,,,,,,,,,,,,true,false,3,2020-04-01,2020-06-30,-1
2021-07-30,40440,2022-03-31,1,97000000000,0.154,,,,,2000000000,,3000000000,,,2000000000,,49.42,,,,,,,,,,,,,,,,,,,,,,true,true,6,2021-04-01,2021-09-30,0
2021-07-30,40440,2022-03-31,1,197000000000,0.033,,,,,7000000000,0.722,8000000000,0.684,,3500000000,,86.49,,,,,,,,,,,,,,,,,,,,,,true,true,12,2021-04-01,2022-03-31,0
2021-07-30,40440,2021-03-31,1,,,,,,,,,,,,,,,,,,,,284906000000,169083000000,0.581,,165573000000,,,,,,,,,,,,true,false,12,2020-04-01,2021-03-31,-1
2021-07-30,40440,2021-03-31,1,,,,,,,,,,,,,,,,,,,,,,,,,,,,,75.00,,,,42975995,2507381,,false,false,12,2020-04-01,2021-03-31,-1
2021-07-30,40440,2022-03-31,1,,,,,,,,,,,,,,,,,,,,,,,,,,,,,75.00,,,,,,,false,true,12,2021-04-01,2022-03-31,0
2021-07-30,40440,2022-03-31,1,,,,,,,,,,,,,,,,,,,,,,,,,,,,,,,,,42975995,2507566,40468560,false,false,3,2021-04-01,2021-06-30,0
2021-07-30,40440,2021-03-31,1,,,,,,,,,,,,,,,,,,,,,,,,,,,,,,,,,,,40469828,false,false,3,2020-04-01,2020-06-30,-1
2021-11-01,4044,2022-03-31,2,98105000000,0.167,,,,,2599000000,,4138000000,,,2936000000,,72.55,,,,,,286654000000,174258000000,0.595,,170595000000,,,,,,,,,,,,true,false,6,2021-04-01,2021-09-30,0
2021-11-01,4044,2021-03-31,2,84030000000,-0.233,,,,,-732000000,,-1008000000,,,-1990000000,,-49.20,,,,,,,,,,,,,,,,,,,,,,true,false,6,2020-04-01,2020-09-30,-1
2021-11-01,4044,2022-03-31,2,203000000000,0.065,,,,,6000000000,0.476,8500000000,0.790,,2500000000,,61.78,,,,,,,,,,,,,,,,,,,,,,true,true,12,2021-04-01,2022-03-31,0
2021-11-01,4044,2021-03-31,2,,,,,,,,,,,,,,,,,,,,284906000000,169083000000,0.581,,165573000000,,,,,,,,,,,,true,false,12,2020-04-01,2021-03-31,-1
2021-11-01,4044,2021-03-31,2,,,,,,,,,,,,,,,,,,,,,,,,,,,,,75.00,,,,42975995,2507381,,false,false,12,2020-04-01,2021-03-31,-1
2021-11-01,4044,2022-03-31,2,,,,,,,,,,,,,,,,,,,,,,,,,,,,,37.50,,,,,,,false,false,12,2021-04-01,2022-03-31,0
2021-11-01,4044,2022-03-31,2,,,,,,,,,,,,,,,,,,,,,,,,,,,,,75.00,,,,,,,false,true,12,2021-04-01,2022-03-31,0
2021-11-01,4044,2022-03-31,2,,,,,,,,,,,,,,,,,,,,,,,,,,,,,,,,,42975995,2507719,40468458,false,false,6,2021-04-01,2021-09-30,0
2021-11-01,4044,2021-03-31,2,,,,,,,,,,,,,,,,,,,,,,,,,,,,,,,,,,,40469677,false,false,6,2020-04-01,2020-09-30,-1
2022-02-01,4044,2022-03-31,3,151757000000,0.108,,,,,4018000000,1.801,7028000000,4.179,,4226000000,,104.44,,,,,,287354000000,172827000000,0.589,,169198000000,,,,,,,,,,,,true,false,9,2021-04-01,2021-12-31,0
2022-02-01,4044,2021-03-31,3,136991000000,-0.177,,,,,1434000000,-0.740,1357000000,-0.785,,47000000,,1.18,,,,,,,,,,,,,,,,,,,,,,true,false,9,2020-04-01,2020-12-31,-1
2022-02-01,4044,2022-03-31,3,203000000000,0.065,,,,,6000000000,0.476,8500000000,0.790,,2500000000,,61.78,,,,,,,,,,,,,,,,,,,,,,true,true,12,2021-04-01,2022-03-31,0
2022-02-01,4044,2021-03-31,3,,,,,,,,,,,,,,,,,,,,284906000000,169083000000,0.581,,165573000000,,,,,,,,,,,,true,false,12,2020-04-01,2021-03-31,-1
2022-02-01,4044,2021-03-31,3,,,,,,,,,,,,,,,,,,,,,,,,,,,,,75.00,,,,42975995,2507381,,false,false,12,2020-04-01,2021-03-31,-1
2022-02-01,4044,2022-03-31,3,,,,,,,,,,,,,,,,,,,,,,,,,,,,,37.50,,,,,,,false,false,12,2021-04-01,2022-03-31,0
2022-02-01,4044,2022-03-31,3,,,,,,,,,,,,,,,,,,,,,,,,,,,,,75.00,,,,,,,false,true,12,2021-04-01,2022-03-31,0
2022-02-01,4044,2022-03-31,3,,,,,,,,,,,,,,,,,,,,,,,,,,,,,,,,,42975995,2507891,40468389,false,false,9,2021-04-01,2021-12-31,0
2022-02-01,4044,2021-03-31,3,,,,,,,,,,,,,,,,,,,,,,,,,,,,,,,,,,,40469560,false,false,9,2020-04-01,2020-12-31,-1
2022-04-01,40440,2022-03-31,,207500000000,0.022,,,,,5000000000,-0.167,9500000000,0.118,,-38000000000,,-938.98,,,,,,,,,,,,,,,,,,,,,,true,true,12,2021-04-01,2022-03-31,0
2022-04-01,40440,2021-03-31,,190673000000,,,,,,4064000000,,4749000000,,,1230000000,,30.40,,,,,,,,,,,,,,,,,,,,,,true,false,12,2020-04-01,2021-03-31,-1
2022-05-11,4044,2022-03-31,,206184000000,0.081,,,,,7262000000,0.787,11936000000,1.513,,-39844000000,,-984.58,,-0.273,0.041,0.035,,290696000000,130063000000,0.434,3115.69,126085000000,14872000000,-1839000000,-12744000000,26906000000,,,,,,,,true,false,12,2021-04-01,2022-03-31,0
2022-05-11,4044,2021-03-31,,190673000000,-0.143,,,,,4064000000,-0.490,4749000000,-0.446,,1230000000,,30.40,,0.008,0.016,0.021,,284906000000,169083000000,0.581,4091.41,165573000000,17918000000,-3737000000,-13121000000,26081000000,,2.467,,,,,,true,false,12,2020-04-01,2021-03-31,-1
2022-05-11,4044,2023-03-31,,75000000000,-0.236,,,,,3000000000,0.154,4000000000,-0.034,,6500000000,,165.06,,,,,,,,,,,,,,,,,,,,,,true,true,6,2022-04-01,2022-09-30,1
2022-05-11,4044,2023-03-31,,160000000000,-0.224,,,,,9000000000,0.239,11000000000,-0.078,,25000000000,,656.65,,,,,,,,,,,,,,,,0.114,,,,,,true,true,12,2022-04-01,2023-03-31,1
2022-05-11,4044,2022-03-31,,88291000000,0.028,,,,,5759000000,1.192,12285000000,1.248,-41121000000,,,-1015.34,,,,,,211668000000,111371000000,0.526,2749.94,111371000000,,,,,75.00,,,,42975995,2508151,40468296,false,false,12,2021-04-01,2022-03-31,0
2022-05-11,4044,2021-03-31,,85915000000,-0.091,,,,,2627000000,-0.380,5465000000,-0.242,5164000000,,0.012,127.51,,,,,,260791000000,158567000000,0.608,3915.22,158567000000,,,,,75.00,,,,42975995,2507381,40469369,false,false,12,2020-04-01,2021-03-31,-1
2022-05-11,4044,2023-03-31,,,,,,,,,,,,,,,,,,,,,,,,,,,,,,75.00,,,,,,,false,true,12,2022-04-01,2023-03-31,1
2022-08-01,4044,2023-03-31,1,37331000000,-0.262,,,,,3635000000,0.908,5667000000,1.395,,6229000000,,154.26,,,,,,240216000000,133233000000,0.537,,128890000000,,,,,,,,,,,,true,false,3,2022-04-01,2022-06-30,0
2022-08-01,4044,2022-03-31,1,50603000000,0.123,,,,,1905000000,3.486,2366000000,0.877,,1381000000,,34.13,,,,,,,,,,,,,,,,,,,,,,true,false,3,2021-04-01,2021-06-30,-1
2022-08-01,4044,2023-03-31,1,77000000000,-0.215,,,,,6000000000,1.308,8500000000,1.054,,9000000000,,229.65,,,,,,,,,,,,,,,,,,,,,,true,true,6,2022-04-01,2022-09-30,0
2022-08-01,4044,2023-03-31,1,160000000000,-0.224,,,,,9000000000,0.239,11000000000,-0.078,,25000000000,,652.71,,,,,,,,,,,,,,,,,,,,,,true,true,12,2022-04-01,2023-03-31,0
2022-08-01,4044,2022-03-31,1,,,,,,,,,,,,,,,,,,,,290696000000,130063000000,0.434,,126085000000,,,,,,,,,,,,true,false,12,2021-04-01,2022-03-31,-1
2022-08-01,4044,2022-03-31,1,,,,,,,,,,,,,,,,,,,,,,,,,,,,,75.00,,,,42975995,2508151,,false,false,12,2021-04-01,2022-03-31,-1
2022-08-01,4044,2023-03-31,1,,,,,,,,,,,,,,,,,,,,,,,,,,,,,75.00,,,,,,,false,true,12,2022-04-01,2023-03-31,0
2022-08-01,4044,2023-03-31,1,,,,,,,,,,,,,,,,,,,,,,,,,,,,,,,,,42975995,3066729,40381727,false,false,3,2022-04-01,2022-06-30,0
2022-08-01,4044,2022-03-31,1,,,,,,,,,,,,,,,,,,,,,,,,,,,,,,,,,,,40468560,false,false,3,2021-04-01,2021-06-30,-1
2022-09-12,40440,2023-03-31,,77000000000,,,,,,6000000000,,8500000000,,,15000000000,,382.75,,,,,,,,,,,,,,,,,,,,,,true,true,6,2022-04-01,2022-09-30,0
2022-09-12,40440,2022-03-31,,98105000000,,,,,,2599000000,,4138000000,,,2936000000,,72.55,,,,,,,,,,,,,,,,,,,,,,true,false,6,2021-04-01,2021-09-30,-1
,40440,2023-03-31,,,,,,,,,,,,,,,,,,,,,,,,,,,,,,115.00,,,,,,,false,true,12,2022-04-01,2023-03-31,0
,40440,2022-03-31,,,,,,,,,,,,,,,,,,,,,,,,,,,,,,75.00,,,,,,,false,false,12,2021-04-01,2022-03-31,-1
2022-11-01,4044,2023-03-31,2,78268000000,-0.202,,,,,7426000000,1.857,10625000000,1.567,,16863000000,,421.65,,,,,,237383000000,138622000000,0.564,,133848000000,,,,,,,,,,,,true,false,6,2022-04-01,2022-09-30,0
2022-11-01,4044,2022-03-31,2,98105000000,0.167,,,,,2599000000,,4138000000,,,2936000000,,72.55,,,,,,,,,,,,,,,,,,,,,,true,false,6,2021-04-01,2021-09-30,-1
2022-11-01,4044,2023-03-31,2,168000000000,-0.185,,,,,13000000000,0.790,16500000000,0.382,,29000000000,,834.09,,,,,,,,,,,,,,,,,,,,,,true,true,12,2022-04-01,2023-03-31,0
2022-11-01,4044,2022-03-31,2,,,,,,,,,,,,,,,,,,,,290696000000,130063000000,0.434,,126085000000,,,,,,,,,,,,true,false,12,2021-04-01,2022-03-31,-1
2022-11-01,4044,2022-03-31,2,,,,,,,,,,,,,,,,,,,,,,,,,,,,,75.00,,,,42975995,2508151,,false,false,12,2021-04-01,2022-03-31,-1
2022-11-01,4044,2023-03-31,2,,,,,,,,,,,,,,,,,,,,,,,,,,,,,37.50,,,,,,,false,false,12,2022-04-01,2023-03-31,0
2022-11-01,4044,2023-03-31,2,,,,,,,,,,,,,,,,,,,,,,,,,,,,,115.00,,,,,,,false,true,12,2022-04-01,2023-03-31,0
2022-11-01,4044,2023-03-31,2,,,,,,,,,,,,,,,,,,,,,,,,,,,,,,,,,42975995,3909527,39994439,false,false,6,2022-04-01,2022-09-30,0
2022-11-01,4044,2022-03-31,2,,,,,,,,,,,,,,,,,,,,,,,,,,,,,,,,,,,40468458,false,false,6,2021-04-01,2021-09-30,-1
2023-02-01,4044,2023-03-31,3,125096000000,-0.176,,,,,12497000000,2.110,14831000000,1.110,,21737000000,,570.57,,,,,,243289000000,91622000000,0.356,,86680000000,,,,,,,,,,,,true,false,9,2022-04-01,2022-12-31,0
2023-02-01,4044,2022-03-31,3,151757000000,0.108,,,,,4018000000,1.801,7028000000,4.179,,4226000000,,104.44,,,,,,,,,,,,,,,,,,,,,,true,false,9,2021-04-01,2021-12-31,-1
2023-02-01,4044,2023-03-31,3,168000000000,-0.185,,,,,13000000000,0.790,16500000000,0.382,,29000000000,,834.09,,,,,,,,,,,,,,,,,,,,,,true,true,12,2022-04-01,2023-03-31,0
2023-02-01,4044,2022-03-31,3,,,,,,,,,,,,,,,,,,,,290696000000,130063000000,0.434,,126085000000,,,,,,,,,,,,true,false,12,2021-04-01,2022-03-31,-1
2023-02-01,4044,2022-03-31,3,,,,,,,,,,,,,,,,,,,,,,,,,,,,,75.00,,,,42975995,2508151,,false,false,12,2021-04-01,2022-03-31,-1
2023-02-01,4044,2023-03-31,3,,,,,,,,,,,,,,,,,,,,,,,,,,,,,37.50,,,,,,,false,false,12,2022-04-01,2023-03-31,0
2023-02-01,4044,2023-03-31,3,,,,,,,,,,,,,,,,,,,,,,,,,,,,,115.00,,,,,,,false,true,12,2022-04-01,2023-03-31,0
2023-02-01,4044,2023-03-31,3,,,,,,,,,,,,,,,,,,,,,,,,,,,,,,,,,42975995,18195639,38097797,false,false,9,2022-04-01,2022-12-31,0
2023-02-01,4044,2022-03-31,3,,,,,,,,,,,,,,,,,,,,,,,,,,,,,,,,,,,40468389,false,false,9,2021-04-01,2021-12-31,-1
2023-02-27,40440,2023-03-31,,171000000000,0.018,,,,,15500000000,0.192,19000000000,0.152,,37000000000,,1064.18,,,,,,,,,,,,,,,,,,,,,,true,true,12,2022-04-01,2023-03-31,0
2023-02-27,40440,2022-03-31,,206184000000,,,,,,7262000000,,11936000000,,,-39844000000,,-984.58,,,,,,,,,,,,,,,,,,,,,,true,false,12,2021-04-01,2022-03-31,-1
2023-05-11,4044,2023-03-31,,169309000000,-0.179,,,,,16757000000,1.307,19637000000,0.645,,42494000000,,1222.21,,0.370,0.077,0.099,,221090000000,107861000000,0.468,4176.04,103483000000,16599000000,19958000000,-47039000000,16672000000,,0.094,,,,,,true,false,12,2022-04-01,2023-03-31,0
2023-05-11,4044,2022-03-31,,206184000000,0.081,,,,,7262000000,0.787,11936000000,1.513,,-39844000000,,-984.58,,-0.273,0.041,0.035,,290696000000,130063000000,0.434,3115.69,126085000000,14872000000,-1839000000,-12744000000,26906000000,,,,,,,,true,false,12,2021-04-01,2022-03-31,-1
2023-05-11,4044,2024-03-31,,83500000000,0.067,,,,,4500000000,-0.394,5000000000,-0.529,,4000000000,,161.42,,,,,,,,,,,,,,,,,,,,,,true,true,6,2023-04-01,2023-09-30,1
2023-05-11,4044,2024-03-31,,182500000000,0.078,,,,,14000000000,-0.165,16000000000,-0.185,,14000000000,,564.97,,,,,,,,,,,,,,,,0.204,,,,,,true,true,12,2023-04-01,2024-03-31,1
2023-05-11,4044,2023-03-31,,95459000000,0.081,,,,,7976000000,0.385,12770000000,0.039,30713000000,,,882.57,,,,,,180021000000,76569000000,0.425,3086.01,76569000000,,,,,115.00,,,,42975995,18195767,34768424,false,false,12,2022-04-01,2023-03-31,0
2023-05-11,4044,2022-03-31,,88291000000,0.028,,,,,5759000000,1.192,12285000000,1.248,-41121000000,,,-1015.34,,,,,,211668000000,111371000000,0.526,2749.94,111371000000,,,,,75.00,,,,42975995,2508151,40468296,false,false,12,2021-04-01,2022-03-31,-1
2023-05-11,4044,2024-03-31,,,,,,,,,,,,,,,,,,,,,,,,,,,,,,115.00,,,,,,,false,true,12,2023-04-01,2024-03-31,1
2023-05-11,4044,2023-03-31,,169309000000,-0.179,,,,,16757000000,1.307,19637000000,0.645,,42494000000,,1222.21,,0.370,0.077,0.099,,221090000000,107861000000,0.468,4176.04,103483000000,16599000000,19958000000,-47039000000,16672000000,,0.094,,,,,,true,false,12,2022-04-01,2023-03-31,0
2023-05-11,4044,2022-03-31,,206184000000,0.081,,,,,7262000000,0.787,11936000000,1.513,,-39844000000,,-984.58,,-0.273,0.041,0.035,,290696000000,130063000000,0.434,3115.69,126085000000,14872000000,-1839000000,-12744000000,26906000000,,,,,,,,true,false,12,2021-04-01,2022-03-31,-1
2023-05-11,4044,2024-03-31,,83500000000,0.067,,,,,4500000000,-0.394,5000000000,-0.529,,4000000000,,161.42,,,,,,,,,,,,,,,,,,,,,,true,true,6,2023-04-01,2023-09-30,1
2023-05-11,4044,2024-03-31,,182500000000,0.078,,,,,14000000000,-0.165,16000000000,-0.185,,14000000000,,564.97,,,,,,,,,,,,,,,,0.204,,,,,,true,true,12,2023-04-01,2024-03-31,1
2023-05-11,4044,2023-03-31,,95459000000,0.081,,,,,7976000000,0.385,12770000000,0.039,30713000000,,,882.57,,,,,,180021000000,76569000000,0.425,3086.01,76569000000,,,,,115.00,,,,42975995,18195767,34768424,false,false,12,2022-04-01,2023-03-31,0
2023-05-11,4044,2022-03-31,,88291000000,0.028,,,,,5759000000,1.192,12285000000,1.248,-41121000000,,,-1015.34,,,,,,211668000000,111371000000,0.526,2749.94,111371000000,,,,,75.00,,,,42975995,2508151,40468296,false,false,12,2021-04-01,2022-03-31,-1
2023-05-11,4044,2024-03-31,,,,,,,,,,,,,,,,,,,,,,,,,,,,,,115.00,,,,,,,false,true,12,2023-04-01,2024-03-31,1
2023-08-04,4044,2024-03-31,1,39010000000,0.045,,,,,2845000000,-0.217,3837000000,-0.323,,2831000000,,114.25,,,,,,219799000000,109972000000,0.480,,105538000000,,,,,,,,,,,,true,false,3,2023-04-01,2023-06-30,0
2023-08-04,4044,2023-03-31,1,37331000000,-0.262,,,,,3635000000,0.908,5667000000,1.395,,6229000000,,154.26,,,,,,,,,,,,,,,,,,,,,,true,false,3,2022-04-01,2022-06-30,-1
2023-08-04,4044,2024-03-31,1,83500000000,0.067,,,,,4500000000,-0.394,5000000000,-0.529,,4000000000,,161.42,,,,,,,,,,,,,,,,,,,,,,true,true,6,2023-04-01,2023-09-30,0
2023-08-04,4044,2024-03-31,1,182500000000,0.078,,,,,14000000000,-0.165,16000000000,-0.185,,14000000000,,564.97,,,,,,,,,,,,,,,,,,,,,,true,true,12,2023-04-01,2024-03-31,0
2023-08-04,4044,2023-03-31,1,,,,,,,,,,,,,,,,,,,,221090000000,107861000000,0.468,,103483000000,,,,,,,,,,,,true,false,12,2022-04-01,2023-03-31,-1
2023-08-04,4044,2023-03-31,1,,,,,,,,,,,,,,,,,,,,,,,,,,,,,115.00,,,,42975995,18195767,,false,false,12,2022-04-01,2023-03-31,-1
2023-08-04,4044,2024-03-31,1,,,,,,,,,,,,,,,,,,,,,,,,,,,,,115.00,,,,,,,false,true,12,2023-04-01,2024-03-31,0
2023-08-04,4044,2024-03-31,1,,,,,,,,,,,,,,,,,,,,,,,,,,,,,,,,,26000000,1219872,24780225,false,false,3,2023-04-01,2023-06-30,0
2023-08-04,4044,2023-03-31,1,,,,,,,,,,,,,,,,,,,,,,,,,,,,,,,,,,,40381727,false,false,3,2022-04-01,2022-06-30,-1
2023-11-06,4044,2024-03-31,2,79115000000,0.011,,,,,6010000000,-0.191,6305000000,-0.407,,5672000000,,228.92,,,,,,223013000000,114821000000,0.493,,110029000000,,,,,,,,,,,,true,false,6,2023-04-01,2023-09-30,0
2023-11-06,4044,2023-03-31,2,78268000000,-0.202,,,,,7426000000,1.857,10625000000,1.567,,16863000000,,421.65,,,,,,,,,,,,,,,,,,,,,,true,false,6,2022-04-01,2022-09-30,-1
2023-11-06,4044,2024-03-31,2,161500000000,-0.046,,,,,11000000000,-0.344,12000000000,-0.389,,10000000000,,403.55,,,,,,,,,,,,,,,,,,,,,,true,true,12,2023-04-01,2024-03-31,0
2023-11-06,4044,2023-03-31,2,,,,,,,,,,,,,,,,,,,,221090000000,107861000000,0.468,,103483000000,,,,,,,,,,,,true,false,12,2022-04-01,2023-03-31,-1
2023-11-06,4044,2023-03-31,2,,,,,,,,,,,,,,,,,,,,,,,,,,,,,115.00,,,,42975995,18195767,,false,false,12,2022-04-01,2023-03-31,-1
2023-11-06,4044,2024-03-31,2,,,,,,,,,,,,,,,,,,,,,,,,,,,,,57.50,,,,,,,false,false,12,2023-04-01,2024-03-31,0
2023-11-06,4044,2024-03-31,2,,,,,,,,,,,,,,,,,,,,,,,,,,,,,115.00,,,,,,,false,true,12,2023-04-01,2024-03-31,0
2023-11-06,4044,2024-03-31,2,,,,,,,,,,,,,,,,,,,,,,,,,,,,,,,,,26000000,1219882,24780152,false,false,6,2023-04-01,2023-09-30,0
2023-11-06,4044,2023-03-31,2,,,,,,,,,,,,,,,,,,,,,,,,,,,,,,,,,,,39994439,false,false,6,2022-04-01,2022-09-30,-1
2024-02-05,4044,2024-03-31,3,120869000000,-0.034,,,,,10558000000,-0.155,10871000000,-0.267,,9300000000,,375.34,,,,,,226955000000,116760000000,0.493,,111831000000,,,,,,,,,,,,true,false,9,2023-04-01,2023-12-31,0
2024-02-05,4044,2023-03-31,3,125096000000,-0.176,,,,,12497000000,2.110,14831000000,1.110,,21737000000,,570.57,,,,,,,,,,,,,,,,,,,,,,true,false,9,2022-04-01,2022-12-31,-1
2024-02-05,4044,2024-03-31,3,161500000000,-0.046,,,,,11000000000,-0.344,12000000000,-0.389,,10000000000,,403.55,,,,,,,,,,,,,,,,,,,,,,true,true,12,2023-04-01,2024-03-31,0
2024-02-05,4044,2023-03-31,3,,,,,,,,,,,,,,,,,,,,221090000000,107861000000,0.468,,103483000000,,,,,,,,,,,,true,false,12,2022-04-01,2023-03-31,-1
2024-02-05,4044,2023-03-31,3,,,,,,,,,,,,,,,,,,,,,,,,,,,,,115.00,,,,42975995,18195767,,false,false,12,2022-04-01,2023-03-31,-1
2024-02-05,4044,2024-03-31,3,,,,,,,,,,,,,,,,,,,,,,,,,,,,,57.50,,,,,,,false,false,12,2023-04-01,2024-03-31,0
2024-02-05,4044,2024-03-31,3,,,,,,,,,,,,,,,,,,,,,,,,,,,,,115.00,,,,,,,false,true,12,2023-04-01,2024-03-31,0
2024-02-05,4044,2024-03-31,3,,,,,,,,,,,,,,,,,,,,,,,,,,,,,,,,,26000000,1219834,24780140,false,false,9,2023-04-01,2023-12-31,0
2024-02-05,4044,2023-03-31,3,,,,,,,,,,,,,,,,,,,,,,,,,,,,,,,,,,,38097797,false,false,9,2022-04-01,2022-12-31,-1
2024-05-10,4044,2024-03-31,,160339000000,-0.053,,,,,14526000000,-0.133,16269000000,-0.171,,12478000000,,503.55,,0.114,0.075,0.091,,214404000000,120050000000,0.536,4637.42,114916000000,22236000000,-3338000000,-15971000000,19858000000,,0.316,,,,,,true,false,12,2023-04-01,2024-03-31,0
2024-05-10,4044,2023-03-31,,169309000000,-0.179,,,,,16757000000,1.307,19637000000,0.645,,42494000000,,1222.21,,0.370,0.077,0.099,,221090000000,107861000000,0.468,4176.04,103483000000,16599000000,19958000000,-47039000000,16672000000,,0.094,,,,,,true,false,12,2022-04-01,2023-03-31,-1
2024-05-10,4044,2025-03-31,,72000000000,-0.090,,,,,4000000000,-0.335,4500000000,-0.286,,3500000000,,141.24,,,,,,,,,,,,,,,,,,,,,,true,true,6,2024-04-01,2024-09-30,1
2024-05-10,4044,2025-03-31,,156000000000,-0.027,,,,,11000000000,-0.243,12500000000,-0.232,,10000000000,,403.55,,,,,,,,,,,,,,,,0.421,,,,,,true,true,12,2024-04-01,2025-03-31,1
2024-05-10,4044,2024-03-31,,52205000000,-0.453,,,,,5721000000,-0.283,10264000000,-0.196,10812000000,,-0.648,435.78,,,,,,163667000000,83812000000,0.512,3377.90,83812000000,,,,,159.00,,,,26000000,1219794,24780151,false,false,12,2023-04-01,2024-03-31,0
2024-05-10,4044,2023-03-31,,95459000000,0.081,,,,,7976000000,0.385,12770000000,0.039,30713000000,,,882.57,,,,,,180021000000,76569000000,0.425,3086.01,76569000000,,,,,115.00,,,,42975995,18195767,34768424,false,false,12,2022-04-01,2023-03-31,-1
2024-05-10,4044,2025-03-31,,,,,,,,,,,,,,,,,,,,,,,,,,,,,,170.00,,,,,,,false,true,12,2024-04-01,2025-03-31,1
2024-08-08,4044,2025-03-31,1,34830000000,-0.107,,,,,2940000000,0.033,4190000000,0.092,,3012000000,,121.57,,,,,,213047000000,121655000000,0.546,,116426000000,,,,,,,,,,,,true,false,3,2024-04-01,2024-06-30,0
2024-08-08,4044,2024-03-31,1,39010000000,0.045,,,,,2845000000,-0.217,3837000000,-0.323,,2831000000,,114.25,,,,,,,,,,,,,,,,,,,,,,true,false,3,2023-04-01,2023-06-30,-1
2024-08-08,4044,2025-03-31,1,72000000000,-0.090,,,,,4000000000,-0.335,4500000000,-0.286,,3500000000,,141.24,,,,,,,,,,,,,,,,,,,,,,true,true,6,2024-04-01,2024-09-30,0
2024-08-08,4044,2025-03-31,1,156000000000,-0.027,,,,,11000000000,-0.243,12500000000,-0.232,,10000000000,,403.55,,,,,,,,,,,,,,,,,,,,,,true,true,12,2024-04-01,2025-03-31,0
2024-08-08,4044,2024-03-31,1,,,,,,,,,,,,,,,,,,,,214404000000,120050000000,0.536,,114916000000,,,,,,,,,,,,true,false,12,2023-04-01,2024-03-31,-1
2024-08-08,4044,2024-03-31,1,,,,,,,,,,,,,,,,,,,,,,,,,,,,,159.00,,,,26000000,1219794,,false,false,12,2023-04-01,2024-03-31,-1
2024-08-08,4044,2025-03-31,1,,,,,,,,,,,,,,,,,,,,,,,,,,,,,170.00,,,,,,,false,true,12,2024-04-01,2025-03-31,0
2024-08-08,4044,2025-03-31,1,,,,,,,,,,,,,,,,,,,,,,,,,,,,,,,,,26000000,1219584,24780219,false,false,3,2024-04-01,2024-06-30,0
2024-08-08,4044,2024-03-31,1,,,,,,,,,,,,,,,,,,,,,,,,,,,,,,,,,,,24780225,false,false,3,2023-04-01,2023-06-30,-1
2024-11-06,4044,2025-03-31,2,68036000000,-0.140,,,,,4746000000,-0.210,5173000000,-0.180,,2782000000,,112.28,,,,,,205894000000,121497000000,0.565,,116320000000,,,,,,,,,,,,true,false,6,2024-04-01,2024-09-30,0
2024-11-06,4044,2024-03-31,2,79115000000,0.011,,,,,6010000000,-0.191,6305000000,-0.407,,5672000000,,228.92,,,,,,,,,,,,,,,,,,,,,,true,false,6,2023-04-01,2023-09-30,-1
2024-11-06,4044,2025-03-31,2,156000000000,-0.027,,,,,11000000000,-0.243,12500000000,-0.232,,10000000000,,403.55,,,,,,,,,,,,,,,,,,,,,,true,true,12,2024-04-01,2025-03-31,0
2024-11-06,4044,2024-03-31,2,,,,,,,,,,,,,,,,,,,,214404000000,120050000000,0.536,,114916000000,,,,,,,,,,,,true,false,12,2023-04-01,2024-03-31,-1
2024-11-06,4044,2024-03-31,2,,,,,,,,,,,,,,,,,,,,,,,,,,,,,159.00,,,,26000000,1219794,,false,false,12,2023-04-01,2024-03-31,-1
2024-11-06,4044,2025-03-31,2,,,,,,,,,,,,,,,,,,,,,,,,,,,,,85.00,,,,,,,false,false,12,2024-04-01,2025-03-31,0
2024-11-06,4044,2025-03-31,2,,,,,,,,,,,,,,,,,,,,,,,,,,,,,170.00,,,,,,,false,true,12,2024-04-01,2025-03-31,0
2024-11-06,4044,2025-03-31,2,,,,,,,,,,,,,,,,,,,,,,,,,,,,,,,,,26000000,1216445,24781029,false,false,6,2024-04-01,2024-09-30,0
2024-11-06,4044,2024-03-31,2,,,,,,,,,,,,,,,,,,,,,,,,,,,,,,,,,,,24780152,false,false,6,2023-04-01,2023-09-30,-1
2025-02-10,4044,2025-03-31,3,105459000000,-0.127,,,,,8434000000,-0.201,10024000000,-0.078,,6869000000,,277.21,,,,,,205858000000,121003000000,0.566,,116472000000,,,,,,,,,,,,true,false,9,2024-04-01,2024-12-31,0
2025-02-10,4044,2024-03-31,3,120869000000,-0.034,,,,,10558000000,-0.155,10871000000,-0.267,,9300000000,,375.34,,,,,,,,,,,,,,,,,,,,,,true,false,9,2023-04-01,2023-12-31,-1
2025-02-10,4044,2025-03-31,3,145000000000,-0.096,,,,,10500000000,-0.277,11800000000,-0.275,,6500000000,,262.29,,,,,,,,,,,,,,,,,,,,,,true,true,12,2024-04-01,2025-03-31,0
2025-02-10,4044,2024-03-31,3,,,,,,,,,,,,,,,,,,,,214404000000,120050000000,0.536,,114916000000,,,,,,,,,,,,true,false,12,2023-04-01,2024-03-31,-1
2025-02-10,4044,2024-03-31,3,,,,,,,,,,,,,,,,,,,,,,,,,,,,,159.00,,,,26000000,1219794,,false,false,12,2023-04-01,2024-03-31,-1
2025-02-10,4044,2025-03-31,3,,,,,,,,,,,,,,,,,,,,,,,,,,,,,85.00,,,,,,,false,false,12,2024-04-01,2025-03-31,0
2025-02-10,4044,2025-03-31,3,,,,,,,,,,,,,,,,,,,,,,,,,,,,,170.00,,,,,,,false,true,12,2024-04-01,2025-03-31,0
2025-02-10,4044,2025-03-31,3,,,,,,,,,,,,,,,,,,,,,,,,,,,,,,,,,26000000,1216081,24781937,false,false,9,2024-04-01,2024-12-31,0
2025-02-10,4044,2024-03-31,3,,,,,,,,,,,,,,,,,,,,,,,,,,,,,,,,,,,24780140,false,false,9,2023-04-01,2023-12-31,-1
2025-05-14,4044,2025-03-31,,144233000000,-0.100,,,,,10629000000,-0.268,12164000000,-0.252,,5678000000,,229.14,,0.049,0.058,0.074,,204834000000,121063000000,0.570,4709.77,116728000000,23587000000,-4244000000,-17567000000,22040000000,,0.742,,,,,,true,false,12,2024-04-01,2025-03-31,0
2025-05-14,4044,2024-03-31,,160339000000,-0.053,,,,,14526000000,-0.133,16269000000,-0.171,,12478000000,,503.55,,0.114,0.075,0.091,,214404000000,120050000000,0.536,4637.42,114916000000,22236000000,-3338000000,-15971000000,19858000000,,0.316,,,,,,true,false,12,2023-04-01,2024-03-31,-1
2025-05-14,4044,2026-03-31,,66000000000,-0.030,,,,,2000000000,-0.579,2500000000,-0.517,,1500000000,,60.53,,,,,,,,,,,,,,,,,,,,,,true,true,6,2025-04-01,2025-09-30,1
2025-05-14,4044,2026-03-31,,145000000000,0.005,,,,,7500000000,-0.294,8000000000,-0.342,,5500000000,,221.93,,,,,,,,,,,,,,,,0.766,,,,,,true,true,12,2025-04-01,2026-03-31,1
2025-05-14,4044,2025-03-31,,52320000000,0.002,,,,,3972000000,-0.306,10386000000,0.012,6943000000,,-0.358,279.82,,,,,,159291000000,86150000000,0.541,3471.54,86150000000,,,,,170.00,,,,26000000,1215616,24782460,false,false,12,2024-04-01,2025-03-31,0
2025-05-14,4044,2024-03-31,,52205000000,-0.453,,,,,5721000000,-0.283,10264000000,-0.196,10812000000,,-0.648,435.78,,,,,,163667000000,83812000000,0.512,3377.90,83812000000,,,,,159.00,,,,26000000,1219794,24780151,false,false,12,2023-04-01,2024-03-31,-1
2025-05-14,4044,2026-03-31,,,,,,,,,,,,,,,,,,,,,,,,,,,,,,170.00,,,,,,,false,true,12,2025-04-01,2026-03-31,1
2025-08-08,4044,2026-03-31,1,33368000000,-0.042,,,,,1586000000,-0.460,1781000000,-0.575,,834000000,,33.65,,,,,,201039000000,118105000000,0.568,,114249000000,,,,,,,,,,,,true,false,3,2025-04-01,2025-06-30,0
2025-08-08,4044,2025-03-31,1,34830000000,-0.107,,,,,2940000000,0.033,4190000000,0.092,,3012000000,,121.57,,,,,,,,,,,,,,,,,,,,,,true,false,3,2024-04-01,2024-06-30,-1
2025-08-08,4044,2026-03-31,1,66000000000,-0.030,,,,,2000000000,-0.579,2500000000,-0.517,,1500000000,,60.53,,,,,,,,,,,,,,,,,,,,,,true,true,6,2025-04-01,2025-09-30,0
2025-08-08,4044,2026-03-31,1,145000000000,0.005,,,,,7500000000,-0.294,8000000000,-0.342,,5500000000,,221.93,,,,,,,,,,,,,,,,,,,,,,true,true,12,2025-04-01,2026-03-31,0
2025-08-08,4044,2025-03-31,1,,,,,,,,,,,,,,,,,,,,204834000000,121063000000,0.570,,116728000000,,,,,,,,,,,,true,false,12,2024-04-01,2025-03-31,-1
2025-08-08,4044,2025-03-31,1,,,,,,,,,,,,,,,,,,,,,,,,,,,,,170.00,,,,26000000,1215616,,false,false,12,2024-04-01,2025-03-31,-1
2025-08-08,4044,2026-03-31,1,,,,,,,,,,,,,,,,,,,,,,,,,,,,,170.00,,,,,,,false,true,12,2025-04-01,2026-03-31,0
2025-08-08,4044,2026-03-31,1,,,,,,,,,,,,,,,,,,,,,,,,,,,,,,,,,26000000,1215194,24784470,false,false,3,2025-04-01,2025-06-30,0
2025-08-08,4044,2025-03-31,1,,,,,,,,,,,,,,,,,,,,,,,,,,,,,,,,,,,24780219,false,false,3,2024-04-01,2024-06-30,-1
