filing_date,code,fiscal_year_end,quarterly_period,net_sales,net_sales_change,revenue,revenue_change,operating_revenue,operating_revenue_change,operating_profit,operating_profit_change,ordinary_profit,ordinary_profit_change,net_income,net_income_of_parent,net_income_change,eps,diluted_eps,roe,roa,operating_profit_to_net_sales,operating_profit_to_revenue,total_assets,net_assets,equity_ratio,bps,owner_equity,operating_cash_flow,investing_cash_flow,financing_cash_flow,cash,dividend_per_share,payout_ratio,commemorative_dividend,extra_dividend,number_of_shares,number_of_treqsury_shares,avg_number_of_shares,is_consolidated,is_forecast,duration,period_start,period_end,period_pos
2015-07-30,40450,2015-12-31,2,70270000000,-0.062,,,,,5887000000,-0.033,6429000000,0.003,3847000000,,-0.096,29.22,,,,,,210331000000,163736000000,0.756,,159005000000,,,,,,,,,,,,true,false,6,2015-01-01,2015-06-30,0
2015-07-30,40450,2014-12-31,2,74954000000,0.018,,,,,6088000000,-0.179,6410000000,-0.196,4253000000,,-0.168,32.29,,,,,,,,,,,,,,,,,,,,,,true,false,6,2014-01-01,2014-06-30,-1
2015-07-30,40450,2015-12-31,2,140000000000,-0.060,,,,,13000000000,0.082,13800000000,0.070,8500000000,,0.010,64.56,,,,,,,,,,,,,,,,,,,,,,true,true,12,2015-01-01,2015-12-31,0
2015-07-30,40450,2014-12-31,2,,,,,,,,,,,,,,,,,,,,201168000000,157349000000,0.759,,152711000000,,,,,,,,,,,,true,false,12,2014-01-01,2014-12-31,-1
2015-07-30,40450,2014-12-31,2,,,,,,,,,,,,,,,,,,,,,,,,,,,,,12.00,,,,131996299,308899,,false,false,12,2014-01-01,2014-12-31,-1
2015-07-30,40450,2015-12-31,2,,,,,,,,,,,,,,,,,,,,,,,,,,,,,6.00,,,,,,,false,false,12,2015-01-01,2015-12-31,0
2015-07-30,40450,2015-12-31,2,,,,,,,,,,,,,,,,,,,,,,,,,,,,,12.00,,,,,,,false,true,12,2015-01-01,2015-12-31,0
2015-07-30,40450,2015-12-31,2,,,,,,,,,,,,,,,,,,,,,,,,,,,,,,,,,131996299,337810,131674617,false,false,6,2015-01-01,2015-06-30,0
2015-07-30,40450,2014-12-31,2,,,,,,,,,,,,,,,,,,,,,,,,,,,,,,,,,,,131733056,false,false,6,2014-01-01,2014-06-30,-1
2015-07-30,40450,2015-12-31,,140000000000,-0.067,,,,,13000000000,-0.071,13800000000,-0.068,8500000000,,-0.105,64.56,,,,,,,,,,,,,,,,,,,,,,true,true,12,2015-01-01,2015-12-31,0
2015-07-30,40450,2014-12-31,,148912000000,,,,,,12015000000,,12892000000,,8414000000,,,63.88,,,,,,,,,,,,,,,,,,,,,,true,false,12,2014-01-01,2014-12-31,-1
2015-10-30,40450,2015-12-31,3,105120000000,-0.053,,,,,9364000000,0.042,9935000000,0.049,6474000000,,0.067,49.17,,,,,,205736000000,162298000000,0.766,,157514000000,,,,,,,,,,,,true,false,9,2015-01-01,2015-09-30,0
2015-10-30,40450,2014-12-31,3,110981000000,-0.006,,,,,8986000000,-0.191,9475000000,-0.186,6070000000,,-0.187,46.08,,,,,,,,,,,,,,,,,,,,,,true,false,9,2014-01-01,2014-09-30,-1
2015-10-30,40450,2015-12-31,3,140000000000,-0.060,,,,,13000000000,0.082,13800000000,0.070,8500000000,,0.010,64.56,,,,,,,,,,,,,,,,,,,,,,true,true,12,2015-01-01,2015-12-31,0
2015-10-30,40450,2014-12-31,3,,,,,,,,,,,,,,,,,,,,201168000000,157349000000,0.759,,152711000000,,,,,,,,,,,,true,false,12,2014-01-01,2014-12-31,-1
2015-10-30,40450,2014-12-31,3,,,,,,,,,,,,,,,,,,,,,,,,,,,,,12.00,,,,131996299,308899,,false,false,12,2014-01-01,2014-12-31,-1
2015-10-30,40450,2015-12-31,3,,,,,,,,,,,,,,,,,,,,,,,,,,,,,6.00,,,,,,,false,false,12,2015-01-01,2015-12-31,0
2015-10-30,40450,2015-12-31,3,,,,,,,,,,,,,,,,,,,,,,,,,,,,,12.00,,,,,,,false,true,12,2015-01-01,2015-12-31,0
2015-10-30,40450,2015-12-31,3,,,,,,,,,,,,,,,,,,,,,,,,,,,,,,,,,131996299,342902,131668830,false,false,9,2015-01-01,2015-09-30,0
2015-10-30,40450,2014-12-31,3,,,,,,,,,,,,,,,,,,,,,,,,,,,,,,,,,,,131725612,false,false,9,2014-01-01,2014-09-30,-1
2016-02-04,40450,2015-12-31,,139848000000,-0.061,,,,,12347000000,0.028,13201000000,0.024,6696000000,,-0.204,50.86,,0.043,0.065,0.088,,208018000000,163020000000,0.760,1201.46,158173000000,23313000000,-4592000000,-3949000000,53977000000,,0.472,,,,,,true,false,12,2015-01-01,2015-12-31,0
2016-02-04,40450,2014-12-31,,148912000000,-0.014,,,,,12015000000,-0.171,12892000000,-0.160,8414000000,,-0.124,63.88,,0.057,0.065,0.081,,201168000000,157349000000,0.759,1159.65,152711000000,16098000000,-13981000000,-3063000000,39285000000,,0.376,,,,,,true,false,12,2014-01-01,2014-12-31,-1
2016-02-04,40450,2016-12-31,,69000000000,-0.018,,,,,6400000000,0.087,6900000000,0.073,,4400000000,,33.42,,,,,,,,,,,,,,,,,,,,,,true,true,6,2016-01-01,2016-06-30,1
2016-02-04,40450,2016-12-31,,140000000000,0.001,,,,,13000000000,0.053,14000000000,0.061,,9000000000,,68.36,,,,,,,,,,,,,,,,0.351,,,,,,true,true,12,2016-01-01,2016-12-31,1
2016-02-04,40450,2015-12-31,,89576000000,-0.073,,,,,8878000000,0.110,12041000000,0.080,9309000000,,0.111,70.71,,,,,,187534000000,126232000000,0.673,958.84,126232000000,,,,,12.00,,,,131996299,345500,131664841,false,false,12,2015-01-01,2015-12-31,0
2016-02-04,40450,2014-12-31,,96606000000,-0.015,,,,,8001000000,-0.156,11152000000,-0.085,8380000000,,-0.532,63.62,,,,,,176909000000,118059000000,0.667,896.52,118059000000,,,,,12.00,,,,131996299,308899,131717654,false,false,12,2014-01-01,2014-12-31,-1
2016-02-04,40450,2016-12-31,,,,,,,,,,,,,,,,,,,,,,,,,,,,,,24.00,,,,,,,false,true,12,2016-01-01,2016-12-31,1
2016-02-04,40450,2015-12-31,,139848000000,-0.061,,,,,12347000000,0.028,13201000000,0.024,6696000000,,-0.204,50.86,,0.043,0.064,0.088,,208018000000,163020000000,0.760,1201.46,158173000000,23313000000,-4592000000,-3949000000,53977000000,,0.472,,,,,,true,false,12,2015-01-01,2015-12-31,0
2016-02-04,40450,2014-12-31,,148912000000,-0.014,,,,,12015000000,-0.171,12892000000,-0.160,8414000000,,-0.124,63.88,,0.057,0.065,0.081,,201168000000,157349000000,0.759,1159.65,152711000000,16098000000,-13981000000,-3063000000,39285000000,,0.376,,,,,,true,false,12,2014-01-01,2014-12-31,-1
2016-02-04,40450,2016-12-31,,69000000000,-0.018,,,,,6400000000,0.087,6900000000,0.073,,4400000000,,33.42,,,,,,,,,,,,,,,,,,,,,,true,true,6,2016-01-01,2016-06-30,1
2016-02-04,40450,2016-12-31,,140000000000,0.001,,,,,13000000000,0.053,14000000000,0.061,,9000000000,,68.36,,,,,,,,,,,,,,,,0.351,,,,,,true,true,12,2016-01-01,2016-12-31,1
2016-02-04,40450,2015-12-31,,89576000000,-0.073,,,,,8878000000,0.110,12041000000,0.080,9309000000,,0.111,70.71,,,,,,187534000000,126232000000,0.673,958.84,126232000000,,,,,12.00,,,,131996299,345500,131664841,false,false,12,2015-01-01,2015-12-31,0
2016-02-04,40450,2014-12-31,,96606000000,-0.015,,,,,8001000000,-0.156,11152000000,-0.085,8380000000,,-0.532,63.62,,,,,,176909000000,118059000000,0.667,896.52,118059000000,,,,,12.00,,,,131996299,308899,131717654,false,false,12,2014-01-01,2014-12-31,-1
2016-02-04,40450,2016-12-31,,,,,,,,,,,,,,,,,,,,,,,,,,,,,,24.00,,,,,,,false,true,12,2016-01-01,2016-12-31,1
2016-04-27,40450,2016-12-31,1,33264000000,-0.051,,,,,4038000000,0.436,4150000000,0.434,,2713000000,,20.61,,,,,,201808000000,160773000000,0.773,,156033000000,,,,,,,,,,,,true,false,3,2016-01-01,2016-03-31,0
2016-04-27,40450,2015-12-31,1,35036000000,-0.064,,,,,2812000000,-0.160,2893000000,-0.142,,1713000000,,13.01,,,,,,,,,,,,,,,,,,,,,,true,false,3,2015-01-01,2015-03-31,-1
2016-04-27,40450,2016-12-31,1,69000000000,-0.018,,,,,6400000000,0.087,6900000000,0.073,,4400000000,,33.42,,,,,,,,,,,,,,,,,,,,,,true,true,6,2016-01-01,2016-06-30,0
2016-04-27,40450,2016-12-31,1,140000000000,0.001,,,,,13000000000,0.053,14000000000,0.061,,9000000000,,68.36,,,,,,,,,,,,,,,,,,,,,,true,true,12,2016-01-01,2016-12-31,0
2016-04-27,40450,2015-12-31,1,,,,,,,,,,,,,,,,,,,,208018000000,163020000000,0.760,,158173000000,,,,,,,,,,,,true,false,12,2015-01-01,2015-12-31,-1
2016-04-27,40450,2015-12-31,1,,,,,,,,,,,,,,,,,,,,,,,,,,,,,12.00,,,,131996299,345500,,false,false,12,2015-01-01,2015-12-31,-1
2016-04-27,40450,2016-12-31,1,,,,,,,,,,,,,,,,,,,,,,,,,,,,,24.00,,,,,,,false,true,12,2016-01-01,2016-12-31,0
2016-04-27,40450,2016-12-31,1,,,,,,,,,,,,,,,,,,,,,,,,,,,,,,,,,131996299,346297,131650342,false,false,3,2016-01-01,2016-03-31,0
2016-04-27,40450,2015-12-31,1,,,,,,,,,,,,,,,,,,,,,,,,,,,,,,,,,,,131683449,false,false,3,2015-01-01,2015-03-31,-1
2016-07-29,40450,2016-12-31,2,66871000000,-0.048,,,,,7273000000,0.235,7592000000,0.181,,4947000000,,37.58,,,,,,205157000000,161749000000,0.765,,157030000000,,,,,,,,,,,,true,false,6,2016-01-01,2016-06-30,0
2016-07-29,40450,2015-12-31,2,70270000000,-0.062,,,,,5887000000,-0.033,6429000000,0.003,,3847000000,,29.22,,,,,,,,,,,,,,,,,,,,,,true,false,6,2015-01-01,2015-06-30,-1
2016-07-29,40450,2016-12-31,2,137000000000,-0.020,,,,,15000000000,0.215,16000000000,0.212,,10000000000,,75.96,,,,,,,,,,,,,,,,,,,,,,true,true,12,2016-01-01,2016-12-31,0
2016-07-29,40450,2015-12-31,2,,,,,,,,,,,,,,,,,,,,208018000000,163020000000,0.760,,158173000000,,,,,,,,,,,,true,false,12,2015-01-01,2015-12-31,-1
2016-07-29,40450,2015-12-31,2,,,,,,,,,,,,,,,,,,,,,,,,,,,,,12.00,,,,131996299,345500,,false,false,12,2015-01-01,2015-12-31,-1
2016-07-29,40450,2016-12-31,2,,,,,,,,,,,,,,,,,,,,,,,,,,,,,13.00,,,,,,,false,false,12,2016-01-01,2016-12-31,0
2016-07-29,40450,2016-12-31,2,,,,,,,,,,,,,,,,,,,,,,,,,,,,,26.00,,,,,,,false,true,12,2016-01-01,2016-12-31,0
2016-07-29,40450,2016-12-31,2,,,,,,,,,,,,,,,,,,,,,,,,,,,,,,,,,131996299,348230,131649649,false,false,6,2016-01-01,2016-06-30,0
2016-07-29,40450,2015-12-31,2,,,,,,,,,,,,,,,,,,,,,,,,,,,,,,,,,,,131674617,false,false,6,2015-01-01,2015-06-30,-1
2016-10-28,40450,2016-12-31,3,99887000000,-0.050,,,,,11729000000,0.253,12090000000,0.217,,7886000000,,59.90,,,,,,206456000000,163809000000,0.770,,158982000000,,,,,,,,,,,,true,false,9,2016-01-01,2016-09-30,0
2016-10-28,40450,2015-12-31,3,105120000000,-0.053,,,,,9364000000,0.042,9935000000,0.049,,6474000000,,49.17,,,,,,,,,,,,,,,,,,,,,,true,false,9,2015-01-01,2015-09-30,-1
2016-10-28,40450,2016-12-31,3,137000000000,-0.020,,,,,15000000000,0.215,16000000000,0.212,,10000000000,,75.96,,,,,,,,,,,,,,,,,,,,,,true,true,12,2016-01-01,2016-12-31,0
2016-10-28,40450,2015-12-31,3,,,,,,,,,,,,,,,,,,,,208018000000,163020000000,0.760,,158173000000,,,,,,,,,,,,true,false,12,2015-01-01,2015-12-31,-1
2016-10-28,40450,2015-12-31,3,,,,,,,,,,,,,,,,,,,,,,,,,,,,,12.00,,,,131996299,345500,,false,false,12,2015-01-01,2015-12-31,-1
2016-10-28,40450,2016-12-31,3,,,,,,,,,,,,,,,,,,,,,,,,,,,,,13.00,,,,,,,false,false,12,2016-01-01,2016-12-31,0
2016-10-28,40450,2016-12-31,3,,,,,,,,,,,,,,,,,,,,,,,,,,,,,26.00,,,,,,,false,true,12,2016-01-01,2016-12-31,0
2016-10-28,40450,2016-12-31,3,,,,,,,,,,,,,,,,,,,,,,,,,,,,,,,,,131996299,350717,131648791,false,false,9,2016-01-01,2016-09-30,0
2016-10-28,40450,2015-12-31,3,,,,,,,,,,,,,,,,,,,,,,,,,,,,,,,,,,,131668830,false,false,9,2015-01-01,2015-09-30,-1
2016-12-20,40450,2016-12-31,,137000000000,0.000,,,,,15000000000,0.000,16000000000,0.000,13000000000,,0.300,98.75,,,,,,,,,,,,,,,,,,,,,,true,true,12,2016-01-01,2016-12-31,0
2016-12-20,40450,2015-12-31,,139848000000,,,,,,12347000000,,13201000000,,6696000000,,,50.86,,,,,,,,,,,,,,,,,,,,,,true,false,12,2015-01-01,2015-12-31,-1
2017-02-07,40450,2016-12-31,,135382000000,-0.032,,,,,16147000000,0.308,16935000000,0.283,,13801000000,,104.83,,0.085,0.079,0.119,,219520000000,173003000000,0.765,1276.10,167990000000,21989000000,-17673000000,-3939000000,54231000000,,0.248,,,,,,true,false,12,2016-01-01,2016-12-31,0
2017-02-07,40450,2015-12-31,,139848000000,-0.061,,,,,12347000000,0.028,13201000000,0.024,,6696000000,,50.86,,0.043,0.064,0.088,,208018000000,163020000000,0.760,1201.46,158173000000,23313000000,-4592000000,-3949000000,53977000000,,0.472,,,,,,true,false,12,2015-01-01,2015-12-31,-1
2017-02-07,40450,2017-12-31,,67500000000,0.009,,,,,7700000000,0.059,8100000000,0.067,,5500000000,,41.78,,,,,,,,,,,,,,,,,,,,,,true,true,6,2017-01-01,2017-06-30,1
2017-02-07,40450,2017-12-31,,138000000000,0.019,,,,,16300000000,0.009,16800000000,-0.008,,11400000000,,86.60,,,,,,,,,,,,,,,,0.300,,,,,,true,true,12,2017-01-01,2017-12-31,1
2017-02-07,40450,2016-12-31,,86523000000,-0.034,,,,,11430000000,0.287,13741000000,0.141,10783000000,,0.158,81.91,,,,,,197869000000,133076000000,0.673,1010.89,133076000000,,,,,26.00,,,,131996299,353240,131647589,false,false,12,2016-01-01,2016-12-31,0
2017-02-07,40450,2015-12-31,,89576000000,-0.073,,,,,8878000000,0.110,12041000000,0.080,9309000000,,0.111,70.71,,,,,,187534000000,126232000000,0.673,958.84,126232000000,,,,,12.00,,,,131996299,345500,131664841,false,false,12,2015-01-01,2015-12-31,-1
2017-02-07,40450,2017-12-31,,,,,,,,,,,,,,,,,,,,,,,,,,,,,,26.00,,,,,,,false,true,12,2017-01-01,2017-12-31,1
2017-04-28,40450,2017-12-31,1,35198000000,0.058,,,,,4799000000,0.188,4952000000,0.193,,3546000000,,26.94,,,,,,220115000000,175365000000,0.774,,170442000000,,,,,,,,,,,,true,false,3,2017-01-01,2017-03-31,0
2017-04-28,40450,2016-12-31,1,33264000000,-0.051,,,,,4038000000,0.436,4150000000,0.434,,2713000000,,20.61,,,,,,,,,,,,,,,,,,,,,,true,false,3,2016-01-01,2016-03-31,-1
2017-04-28,40450,2017-12-31,1,67500000000,0.009,,,,,7700000000,0.059,8100000000,0.067,,5500000000,,41.78,,,,,,,,,,,,,,,,,,,,,,true,true,6,2017-01-01,2017-06-30,0
2017-04-28,40450,2017-12-31,1,138000000000,0.019,,,,,16300000000,0.009,16800000000,-0.008,,11400000000,,86.60,,,,,,,,,,,,,,,,,,,,,,true,true,12,2017-01-01,2017-12-31,0
2017-04-28,40450,2016-12-31,1,,,,,,,,,,,,,,,,,,,,219520000000,173003000000,0.765,,167990000000,,,,,,,,,,,,true,false,12,2016-01-01,2016-12-31,-1
2017-04-28,40450,2016-12-31,1,,,,,,,,,,,,,,,,,,,,,,,,,,,,,26.00,,,,131996299,353240,,false,false,12,2016-01-01,2016-12-31,-1
2017-04-28,40450,2017-12-31,1,,,,,,,,,,,,,,,,,,,,,,,,,,,,,26.00,,,,,,,false,true,12,2017-01-01,2017-12-31,0
2017-04-28,40450,2017-12-31,1,,,,,,,,,,,,,,,,,,,,,,,,,,,,,,,,,131996299,354130,131642721,false,false,3,2017-01-01,2017-03-31,0
2017-04-28,40450,2016-12-31,1,,,,,,,,,,,,,,,,,,,,,,,,,,,,,,,,,,,131650342,false,false,3,2016-01-01,2016-03-31,-1
2017-07-28,40450,2017-12-31,2,70743000000,0.058,,,,,8793000000,0.209,9381000000,0.236,,6584000000,,50.02,,,,,,226275000000,179047000000,0.769,,174062000000,,,,,,,,,,,,true,false,6,2017-01-01,2017-06-30,0
2017-07-28,40450,2016-12-31,2,66871000000,-0.048,,,,,7273000000,0.235,7592000000,0.181,,4947000000,,37.58,,,,,,,,,,,,,,,,,,,,,,true,false,6,2016-01-01,2016-06-30,-1
2017-07-28,40450,2017-12-31,2,142000000000,0.049,,,,,18000000000,0.115,18700000000,0.104,,12500000000,,94.96,,,,,,,,,,,,,,,,,,,,,,true,true,12,2017-01-01,2017-12-31,0
2017-07-28,40450,2016-12-31,2,,,,,,,,,,,,,,,,,,,,219520000000,173003000000,0.765,,167990000000,,,,,,,,,,,,true,false,12,2016-01-01,2016-12-31,-1
2017-07-28,40450,2016-12-31,2,,,,,,,,,,,,,,,,,,,,,,,,,,,,,26.00,,,,131996299,353240,,false,false,12,2016-01-01,2016-12-31,-1
2017-07-28,40450,2017-12-31,2,,,,,,,,,,,,,,,,,,,,,,,,,,,,,13.00,,,,,,,false,false,12,2017-01-01,2017-12-31,0
2017-07-28,40450,2017-12-31,2,,,,,,,,,,,,,,,,,,,,,,,,,,,,,26.00,,,,,,,false,true,12,2017-01-01,2017-12-31,0
2017-07-28,40450,2017-12-31,2,,,,,,,,,,,,,,,,,,,,,,,,,,,,,,,,,131996299,357040,131641470,false,false,6,2017-01-01,2017-06-30,0
2017-07-28,40450,2016-12-31,2,,,,,,,,,,,,,,,,,,,,,,,,,,,,,,,,,,,131649649,false,false,6,2016-01-01,2016-06-30,-1
2017-07-28,40450,2017-12-31,,142000000000,0.029,,,,,18000000000,0.104,18700000000,0.113,12500000000,,0.096,94.96,,,,,,,,,,,,,,,,,,,,,,true,true,12,2017-01-01,2017-12-31,0
2017-07-28,40450,2016-12-31,,135382000000,,,,,,16147000000,,16935000000,,13801000000,,,104.83,,,,,,,,,,,,,,,,,,,,,,true,false,12,2016-01-01,2016-12-31,-1
2017-10-31,40450,2017-12-31,3,106580000000,0.067,,,,,13146000000,0.121,13790000000,0.141,,9862000000,,74.92,,,,,,229571000000,182077000000,0.771,,176976000000,,,,,,,,,,,,true,false,9,2017-01-01,2017-09-30,0
2017-10-31,40450,2016-12-31,3,99887000000,-0.050,,,,,11729000000,0.253,12090000000,0.217,,7886000000,,59.90,,,,,,,,,,,,,,,,,,,,,,true,false,9,2016-01-01,2016-09-30,-1
2017-10-31,40450,2017-12-31,3,142000000000,0.049,,,,,18000000000,0.115,18700000000,0.104,,12500000000,,94.96,,,,,,,,,,,,,,,,,,,,,,true,true,12,2017-01-01,2017-12-31,0
2017-10-31,40450,2016-12-31,3,,,,,,,,,,,,,,,,,,,,219520000000,173003000000,0.765,,167990000000,,,,,,,,,,,,true,false,12,2016-01-01,2016-12-31,-1
2017-10-31,40450,2016-12-31,3,,,,,,,,,,,,,,,,,,,,,,,,,,,,,26.00,,,,131996299,353240,,false,false,12,2016-01-01,2016-12-31,-1
2017-10-31,40450,2017-12-31,3,,,,,,,,,,,,,,,,,,,,,,,,,,,,,13.00,,,,,,,false,false,12,2017-01-01,2017-12-31,0
2017-10-31,40450,2017-12-31,3,,,,,,,,,,,,,,,,,,,,,,,,,,,,,26.00,,,,,,,false,true,12,2017-01-01,2017-12-31,0
2017-10-31,40450,2017-12-31,3,,,,,,,,,,,,,,,,,,,,,,,,,,,,,,,,,131996299,359324,131640457,false,false,9,2017-01-01,2017-09-30,0
2017-10-31,40450,2016-12-31,3,,,,,,,,,,,,,,,,,,,,,,,,,,,,,,,,,,,131648791,false,false,9,2016-01-01,2016-09-30,-1
2018-02-08,40450,2017-12-31,,144708000000,0.069,,,,,17453000000,0.081,18492000000,0.092,,12911000000,,98.08,,0.074,0.081,0.121,,239338000000,187487000000,0.763,1387.36,182624000000,15166000000,-23186000000,-4047000000,42136000000,,0.265,,,,,,true,false,12,2017-01-01,2017-12-31,0
2018-02-08,40450,2016-12-31,,135382000000,-0.032,,,,,16147000000,0.308,16935000000,0.283,,13801000000,,104.83,,0.085,0.079,0.119,,219520000000,173003000000,0.765,1276.10,167990000000,21989000000,-17673000000,-3939000000,54231000000,,0.248,,,,,,true,false,12,2016-01-01,2016-12-31,-1
2018-02-08,40450,2018-12-31,,72000000000,0.018,,,,,8300000000,-0.056,8800000000,-0.062,,6200000000,,47.10,,,,,,,,,,,,,,,,,,,,,,true,true,6,2018-01-01,2018-06-30,1
2018-02-08,40450,2018-12-31,,149000000000,0.030,,,,,17500000000,0.003,18200000000,-0.016,,13000000000,,98.76,,,,,,,,,,,,,,,,0.284,,,,,,true,true,12,2018-01-01,2018-12-31,1
2018-02-08,40450,2017-12-31,,94403000000,0.091,,,,,12965000000,0.134,15910000000,0.158,12032000000,,0.116,91.41,,,,,,215301000000,146717000000,0.681,1114.58,146717000000,,,,,26.00,,,,131996299,361663,131639288,false,false,12,2017-01-01,2017-12-31,0
2018-02-08,40450,2016-12-31,,86523000000,-0.034,,,,,11430000000,0.287,13741000000,0.141,10783000000,,0.158,81.91,,,,,,197869000000,133076000000,0.673,1010.89,133076000000,,,,,26.00,,,,131996299,353240,131647589,false,false,12,2016-01-01,2016-12-31,-1
2018-02-08,40450,2018-12-31,,,,,,,,,,,,,,,,,,,,,,,,,,,,,,28.00,,,,,,,false,true,12,2018-01-01,2018-12-31,1
2018-05-08,40450,2018-12-31,1,36549000000,0.038,,,,,4082000000,-0.149,4052000000,-0.182,,3063000000,,23.27,,,,,,234285000000,186212000000,0.775,,181455000000,,,,,,,,,,,,true,false,3,2018-01-01,2018-03-31,0
2018-05-08,40450,2017-12-31,1,35198000000,0.058,,,,,4799000000,0.188,4952000000,0.193,,3546000000,,26.94,,,,,,,,,,,,,,,,,,,,,,true,false,3,2017-01-01,2017-03-31,-1
2018-05-08,40450,2018-12-31,1,72000000000,0.018,,,,,8300000000,-0.056,8800000000,-0.062,,6200000000,,47.10,,,,,,,,,,,,,,,,,,,,,,true,true,6,2018-01-01,2018-06-30,0
2018-05-08,40450,2018-12-31,1,149000000000,0.030,,,,,17500000000,0.003,18200000000,-0.016,,13000000000,,98.76,,,,,,,,,,,,,,,,,,,,,,true,true,12,2018-01-01,2018-12-31,0
2018-05-08,40450,2017-12-31,1,,,,,,,,,,,,,,,,,,,,239338000000,187487000000,0.763,,182624000000,,,,,,,,,,,,true,false,12,2017-01-01,2017-12-31,-1
2018-05-08,40450,2017-12-31,1,,,,,,,,,,,,,,,,,,,,,,,,,,,,,26.00,,,,131996299,361663,,false,false,12,2017-01-01,2017-12-31,-1
2018-05-08,40450,2018-12-31,1,,,,,,,,,,,,,,,,,,,,,,,,,,,,,28.00,,,,,,,false,true,12,2018-01-01,2018-12-31,0
2018-05-08,40450,2018-12-31,1,,,,,,,,,,,,,,,,,,,,,,,,,,,,,,,,,131996299,362563,131634071,false,false,3,2018-01-01,2018-03-31,0
2018-05-08,40450,2017-12-31,1,,,,,,,,,,,,,,,,,,,,,,,,,,,,,,,,,,,131642721,false,false,3,2017-01-01,2017-03-31,-1
2018-07-31,40450,2018-12-31,2,73148000000,0.034,,,,,7801000000,-0.113,8299000000,-0.115,,5998000000,,45.57,,,,,,238322000000,189420000000,0.775,,184615000000,,,,,,,,,,,,true,false,6,2018-01-01,2018-06-30,0
2018-07-31,40450,2017-12-31,2,70743000000,0.058,,,,,8793000000,0.209,9381000000,0.236,,6584000000,,50.02,,,,,,,,,,,,,,,,,,,,,,true,false,6,2017-01-01,2017-06-30,-1
2018-07-31,40450,2018-12-31,2,149000000000,0.030,,,,,17500000000,0.003,18200000000,-0.016,,13000000000,,98.76,,,,,,,,,,,,,,,,,,,,,,true,true,12,2018-01-01,2018-12-31,0
2018-07-31,40450,2017-12-31,2,,,,,,,,,,,,,,,,,,,,239338000000,187487000000,0.763,,182624000000,,,,,,,,,,,,true,false,12,2017-01-01,2017-12-31,-1
2018-07-31,40450,2017-12-31,2,,,,,,,,,,,,,,,,,,,,,,,,,,,,,26.00,,,,131996299,361663,,false,false,12,2017-01-01,2017-12-31,-1
2018-07-31,40450,2018-12-31,2,,,,,,,,,,,,,,,,,,,,,,,,,,,,,14.00,,,,,,,false,false,12,2018-01-01,2018-12-31,0
2018-07-31,40450,2018-12-31,2,,,,,,,,,,,,,,,,,,,,,,,,,,,,,28.00,,,,,,,false,true,12,2018-01-01,2018-12-31,0
2018-07-31,40450,2018-12-31,2,,,,,,,,,,,,,,,,,,,,,,,,,,,,,,,,,131996299,364238,131633379,false,false,6,2018-01-01,2018-06-30,0
2018-07-31,40450,2017-12-31,2,,,,,,,,,,,,,,,,,,,,,,,,,,,,,,,,,,,131641470,false,false,6,2017-01-01,2017-06-30,-1
2018-10-31,40450,2018-12-31,3,109537000000,0.028,,,,,11841000000,-0.099,12664000000,-0.082,,8963000000,,68.09,,,,,,241241000000,190909000000,0.771,,186043000000,,,,,,,,,,,,true,false,9,2018-01-01,2018-09-30,0
2018-10-31,40450,2017-12-31,3,106580000000,0.067,,,,,13146000000,0.121,13790000000,0.141,,9862000000,,74.92,,,,,,,,,,,,,,,,,,,,,,true,false,9,2017-01-01,2017-09-30,-1
2018-10-31,40450,2018-12-31,3,148000000000,0.023,,,,,16300000000,-0.066,17400000000,-0.059,,12800000000,,97.24,,,,,,,,,,,,,,,,,,,,,,true,true,12,2018-01-01,2018-12-31,0
2018-10-31,40450,2017-12-31,3,,,,,,,,,,,,,,,,,,,,239338000000,187487000000,0.763,,182624000000,,,,,,,,,,,,true,false,12,2017-01-01,2017-12-31,-1
2018-10-31,40450,2017-12-31,3,,,,,,,,,,,,,,,,,,,,,,,,,,,,,26.00,,,,131996299,361663,,false,false,12,2017-01-01,2017-12-31,-1
2018-10-31,40450,2018-12-31,3,,,,,,,,,,,,,,,,,,,,,,,,,,,,,14.00,,,,,,,false,false,12,2018-01-01,2018-12-31,0
2018-10-31,40450,2018-12-31,3,,,,,,,,,,,,,,,,,,,,,,,,,,,,,28.00,,,,,,,false,true,12,2018-01-01,2018-12-31,0
2018-10-31,40450,2018-12-31,3,,,,,,,,,,,,,,,,,,,,,,,,,,,,,,,,,131996299,365372,131632836,false,false,9,2018-01-01,2018-09-30,0
2018-10-31,40450,2017-12-31,3,,,,,,,,,,,,,,,,,,,,,,,,,,,,,,,,,,,131640457,false,false,9,2017-01-01,2017-09-30,-1
2018-10-31,40450,2018-12-31,,148000000000,-0.007,,,,,16300000000,-0.069,17400000000,-0.044,12800000000,,-0.015,97.24,,,,,,,,,,,,,,,,,,,,,,true,true,12,2018-01-01,2018-12-31,0
2018-10-31,40450,2017-12-31,,144708000000,,,,,,17453000000,,18492000000,,12911000000,,,98.08,,,,,,,,,,,,,,,,,,,,,,true,false,12,2017-01-01,2017-12-31,-1
2019-02-13,40450,2018-12-31,,150066000000,0.037,,,,,16408000000,-0.060,17403000000,-0.059,,12748000000,,96.85,,0.069,0.072,0.109,,241971000000,191296000000,0.770,1416.24,186419000000,19841000000,-11910000000,-4908000000,44990000000,,0.289,,,,,,true,false,12,2018-01-01,2018-12-31,0
2019-02-13,40450,2017-12-31,,144708000000,0.069,,,,,17453000000,0.081,18492000000,0.092,,12911000000,,98.08,,0.074,0.081,0.121,,239338000000,187487000000,0.763,1387.36,182624000000,15166000000,-23186000000,-4047000000,42136000000,,0.265,,,,,,true,false,12,2017-01-01,2017-12-31,-1
2019-02-13,40450,2019-12-31,,73000000000,-0.002,,,,,7700000000,-0.013,8300000000,0.000,,5700000000,,43.30,,,,,,,,,,,,,,,,,,,,,,true,true,6,2019-01-01,2019-06-30,1
2019-02-13,40450,2019-12-31,,150000000000,-0.000,,,,,16500000000,0.006,17600000000,0.011,,11900000000,,90.41,,,,,,,,,,,,,,,,0.332,,,,,,true,true,12,2019-01-01,2019-12-31,1
2019-02-13,40450,2018-12-31,,100919000000,0.069,,,,,13263000000,0.023,16147000000,0.015,12736000000,,0.058,96.76,,,,,,217990000000,151200000000,0.694,1148.68,151200000000,,,,,28.00,,,,131996299,366613,131632184,false,false,12,2018-01-01,2018-12-31,0
2019-02-13,40450,2017-12-31,,94403000000,0.091,,,,,12965000000,0.134,15910000000,0.158,12032000000,,0.116,91.41,,,,,,215301000000,146717000000,0.681,1114.58,146717000000,,,,,26.00,,,,131996299,361663,131639288,false,false,12,2017-01-01,2017-12-31,-1
2019-02-13,40450,2019-12-31,,,,,,,,,,,,,,,,,,,,,,,,,,,,,,30.00,,,,,,,false,true,12,2019-01-01,2019-12-31,1
2019-04-26,40450,2019-12-31,1,35248000000,-0.036,,,,,4045000000,-0.009,4427000000,0.093,,3025000000,,22.99,,,,,,239582000000,192549000000,0.783,,187702000000,,,,,,,,,,,,true,false,3,2019-01-01,2019-03-31,0
2019-04-26,40450,2018-12-31,1,36549000000,0.038,,,,,4082000000,-0.149,4052000000,-0.182,,3063000000,,23.27,,,,,,,,,,,,,,,,,,,,,,true,false,3,2018-01-01,2018-03-31,-1
2019-04-26,40450,2019-12-31,1,73000000000,-0.002,,,,,7700000000,-0.013,8300000000,0.000,,5700000000,,43.30,,,,,,,,,,,,,,,,,,,,,,true,true,6,2019-01-01,2019-06-30,0
2019-04-26,40450,2019-12-31,1,150000000000,-0.000,,,,,16500000000,0.006,17600000000,0.011,,11900000000,,90.41,,,,,,,,,,,,,,,,,,,,,,true,true,12,2019-01-01,2019-12-31,0
2019-04-26,40450,2018-12-31,1,,,,,,,,,,,,,,,,,,,,241164000000,191296000000,0.773,,186419000000,,,,,,,,,,,,true,false,12,2018-01-01,2018-12-31,-1
2019-04-26,40450,2018-12-31,1,,,,,,,,,,,,,,,,,,,,,,,,,,,,,28.00,,,,131996299,366613,,false,false,12,2018-01-01,2018-12-31,-1
2019-04-26,40450,2019-12-31,1,,,,,,,,,,,,,,,,,,,,,,,,,,,,,30.00,,,,,,,false,true,12,2019-01-01,2019-12-31,0
2019-04-26,40450,2019-12-31,1,,,,,,,,,,,,,,,,,,,,,,,,,,,,,,,,,131996299,367405,131629324,false,false,3,2019-01-01,2019-03-31,0
2019-04-26,40450,2018-12-31,1,,,,,,,,,,,,,,,,,,,,,,,,,,,,,,,,,,,131634071,false,false,3,2018-01-01,2018-03-31,-1
2019-07-31,40450,2019-12-31,2,72023000000,-0.015,,,,,7305000000,-0.064,8053000000,-0.030,,5537000000,,42.07,,,,,,244118000000,194213000000,0.776,,189536000000,,,,,,,,,,,,true,false,6,2019-01-01,2019-06-30,0
2019-07-31,40450,2018-12-31,2,73148000000,0.034,,,,,7801000000,-0.113,8299000000,-0.115,,5998000000,,45.57,,,,,,,,,,,,,,,,,,,,,,true,false,6,2018-01-01,2018-06-30,-1
2019-07-31,40450,2019-12-31,2,149000000000,-0.007,,,,,16000000000,-0.025,17000000000,-0.023,,11700000000,,88.89,,,,,,,,,,,,,,,,,,,,,,true,true,12,2019-01-01,2019-12-31,0
2019-07-31,40450,2018-12-31,2,,,,,,,,,,,,,,,,,,,,241164000000,191296000000,0.773,,186419000000,,,,,,,,,,,,true,false,12,2018-01-01,2018-12-31,-1
2019-07-31,40450,2018-12-31,2,,,,,,,,,,,,,,,,,,,,,,,,,,,,,28.00,,,,131996299,366613,,false,false,12,2018-01-01,2018-12-31,-1
2019-07-31,40450,2019-12-31,2,,,,,,,,,,,,,,,,,,,,,,,,,,,,,15.00,,,,,,,false,false,12,2019-01-01,2019-12-31,0
2019-07-31,40450,2019-12-31,2,,,,,,,,,,,,,,,,,,,,,,,,,,,,,30.00,,,,,,,false,true,12,2019-01-01,2019-12-31,0
2019-07-31,40450,2019-12-31,2,,,,,,,,,,,,,,,,,,,,,,,,,,,,,,,,,131996299,369199,131628536,false,false,6,2019-01-01,2019-06-30,0
2019-07-31,40450,2018-12-31,2,,,,,,,,,,,,,,,,,,,,,,,,,,,,,,,,,,,131633379,false,false,6,2018-01-01,2018-06-30,-1
2019-07-31,40450,2019-12-31,,149000000000,-0.007,,,,,16000000000,-0.030,17000000000,-0.034,11700000000,,-0.017,88.89,,,,,,,,,,,,,,,,,,,,,,true,true,12,2019-01-01,2019-12-31,0
2019-07-31,40450,2018-12-31,,150066000000,,,,,,16408000000,,17403000000,,12748000000,,,96.85,,,,,,,,,,,,,,,,,,,,,,true,false,12,2018-01-01,2018-12-31,-1
2019-10-31,40450,2019-12-31,3,108287000000,-0.011,,,,,11087000000,-0.064,12071000000,-0.047,,8268000000,,62.82,,,,,,241083000000,194521000000,0.787,,189761000000,,,,,,,,,,,,true,false,9,2019-01-01,2019-09-30,0
2019-10-31,40450,2018-12-31,3,109537000000,0.028,,,,,11841000000,-0.099,12664000000,-0.082,,8963000000,,68.09,,,,,,,,,,,,,,,,,,,,,,true,false,9,2018-01-01,2018-09-30,-1
2019-10-31,40450,2019-12-31,3,149000000000,-0.007,,,,,16000000000,-0.025,17000000000,-0.023,,11700000000,,88.89,,,,,,,,,,,,,,,,,,,,,,true,true,12,2019-01-01,2019-12-31,0
2019-10-31,40450,2018-12-31,3,,,,,,,,,,,,,,,,,,,,241164000000,191296000000,0.773,,186419000000,,,,,,,,,,,,true,false,12,2018-01-01,2018-12-31,-1
2019-10-31,40450,2018-12-31,3,,,,,,,,,,,,,,,,,,,,,,,,,,,,,28.00,,,,131996299,366613,,false,false,12,2018-01-01,2018-12-31,-1
2019-10-31,40450,2019-12-31,3,,,,,,,,,,,,,,,,,,,,,,,,,,,,,15.00,,,,,,,false,false,12,2019-01-01,2019-12-31,0
2019-10-31,40450,2019-12-31,3,,,,,,,,,,,,,,,,,,,,,,,,,,,,,30.00,,,,,,,false,true,12,2019-01-01,2019-12-31,0
2019-10-31,40450,2019-12-31,3,,,,,,,,,,,,,,,,,,,,,,,,,,,,,,,,,131996299,370153,131627915,false,false,9,2019-01-01,2019-09-30,0
2019-10-31,40450,2018-12-31,3,,,,,,,,,,,,,,,,,,,,,,,,,,,,,,,,,,,131632836,false,false,9,2018-01-01,2018-09-30,-1
2020-01-30,40450,2019-12-31,,145000000000,-0.027,,,,,13800000000,-0.138,15200000000,-0.106,10400000000,,-0.111,79.00,,,,,,,,,,,,,,,,,,,,,,true,true,12,2019-01-01,2019-12-31,0
2020-01-30,40450,2018-12-31,,150066000000,,,,,,16408000000,,17403000000,,12748000000,,,96.85,,,,,,,,,,,,,,,,,,,,,,true,false,12,2018-01-01,2018-12-31,-1
2020-02-13,40450,2019-12-31,,144955000000,-0.034,,,,,13782000000,-0.160,15230000000,-0.125,,10387000000,,78.91,,0.055,0.062,0.095,,247211000000,198579000000,0.784,1472.09,193763000000,18615000000,-15855000000,-4582000000,43113000000,,0.380,,,,,,true,false,12,2019-01-01,2019-12-31,0
2020-02-13,40450,2018-12-31,,150066000000,0.037,,,,,16408000000,-0.060,17403000000,-0.059,,12748000000,,96.85,,0.069,0.073,0.109,,241164000000,191296000000,0.773,1416.24,186419000000,19841000000,-11910000000,-4908000000,44990000000,,0.289,,,,,,true,false,12,2018-01-01,2018-12-31,-1
2020-02-13,40450,2020-12-31,,69000000000,-0.042,,,,,6200000000,-0.151,7000000000,-0.131,,4900000000,,37.27,,,,,,,,,,,,,,,,,,,,,,true,true,6,2020-01-01,2020-06-30,1
2020-02-13,40450,2020-12-31,,141000000000,-0.027,,,,,13000000000,-0.057,14200000000,-0.068,,9700000000,,74.18,,,,,,,,,,,,,,,,0.404,,,,,,true,true,12,2020-01-01,2020-12-31,1
2020-02-13,40450,2019-12-31,,97882000000,-0.030,,,,,10993000000,-0.171,13860000000,-0.142,10731000000,,-0.157,81.53,,,,,,221408000000,158746000000,0.717,1206.05,158746000000,,,,,30.00,,,,131996299,371454,131627289,false,false,12,2019-01-01,2019-12-31,0
2020-02-13,40450,2018-12-31,,100919000000,0.069,,,,,13263000000,0.023,16147000000,0.015,12736000000,,0.058,96.76,,,,,,217351000000,151200000000,0.696,1148.68,151200000000,,,,,28.00,,,,131996299,366613,131632184,false,false,12,2018-01-01,2018-12-31,-1
2020-02-13,40450,2020-12-31,,,,,,,,,,,,,,,,,,,,,,,,,,,,,,30.00,,,,,,,false,true,12,2020-01-01,2020-12-31,1
2020-05-08,40450,2020-12-31,1,34251000000,-0.028,,,,,3409000000,-0.157,3226000000,-0.271,,1726000000,,13.12,,,,,,238385000000,193913000000,0.794,,189174000000,,,,,,,,,,,,true,false,3,2020-01-01,2020-03-31,0
2020-05-08,40450,2019-12-31,1,35248000000,-0.036,,,,,4045000000,-0.009,4427000000,0.093,,3025000000,,22.99,,,,,,,,,,,,,,,,,,,,,,true,false,3,2019-01-01,2019-03-31,-1
2020-05-08,40450,2020-12-31,1,69000000000,-0.042,,,,,6200000000,-0.151,7000000000,-0.131,,4900000000,,37.27,,,,,,,,,,,,,,,,,,,,,,true,true,6,2020-01-01,2020-06-30,0
2020-05-08,40450,2020-12-31,1,141000000000,-0.027,,,,,13000000000,-0.057,14200000000,-0.068,,9700000000,,74.18,,,,,,,,,,,,,,,,,,,,,,true,true,12,2020-01-01,2020-12-31,0
2020-05-08,40450,2019-12-31,1,,,,,,,,,,,,,,,,,,,,247211000000,198579000000,0.784,,193763000000,,,,,,,,,,,,true,false,12,2019-01-01,2019-12-31,-1
2020-05-08,40450,2019-12-31,1,,,,,,,,,,,,,,,,,,,,,,,,,,,,,30.00,,,,131996299,371454,,false,false,12,2019-01-01,2019-12-31,-1
2020-05-08,40450,2020-12-31,1,,,,,,,,,,,,,,,,,,,,,,,,,,,,,30.00,,,,,,,false,true,12,2020-01-01,2020-12-31,0
2020-05-08,40450,2020-12-31,1,,,,,,,,,,,,,,,,,,,,,,,,,,,,,,,,,131996299,372105,131624473,false,false,3,2020-01-01,2020-03-31,0
2020-05-08,40450,2019-12-31,1,,,,,,,,,,,,,,,,,,,,,,,,,,,,,,,,,,,131629324,false,false,3,2019-01-01,2019-03-31,-1
2020-07-31,40450,2020-12-31,2,65775000000,-0.087,,,,,5665000000,-0.224,6200000000,-0.230,,3786000000,,28.82,,,,,,241382000000,197052000000,0.796,,192241000000,,,,,,,,,,,,true,false,6,2020-01-01,2020-06-30,0
2020-07-31,40450,2019-12-31,2,72023000000,-0.015,,,,,7305000000,-0.064,8053000000,-0.030,,5537000000,,42.07,,,,,,,,,,,,,,,,,,,,,,true,false,6,2019-01-01,2019-06-30,-1
2020-07-31,40450,2020-12-31,2,134000000000,-0.076,,,,,12000000000,-0.129,12900000000,-0.153,,8200000000,,62.74,,,,,,,,,,,,,,,,,,,,,,true,true,12,2020-01-01,2020-12-31,0
2020-07-31,40450,2019-12-31,2,,,,,,,,,,,,,,,,,,,,247211000000,198579000000,0.784,,193763000000,,,,,,,,,,,,true,false,12,2019-01-01,2019-12-31,-1
2020-07-31,40450,2019-12-31,2,,,,,,,,,,,,,,,,,,,,,,,,,,,,,30.00,,,,131996299,371454,,false,false,12,2019-01-01,2019-12-31,-1
2020-07-31,40450,2020-12-31,2,,,,,,,,,,,,,,,,,,,,,,,,,,,,,15.00,,,,,,,false,false,12,2020-01-01,2020-12-31,0
2020-07-31,40450,2020-12-31,2,,,,,,,,,,,,,,,,,,,,,,,,,,,,,30.00,,,,,,,false,true,12,2020-01-01,2020-12-31,0
2020-07-31,40450,2020-12-31,2,,,,,,,,,,,,,,,,,,,,,,,,,,,,,,,,,131996299,1330078,131395628,false,false,6,2020-01-01,2020-06-30,0
2020-07-31,40450,2019-12-31,2,,,,,,,,,,,,,,,,,,,,,,,,,,,,,,,,,,,131628536,false,false,6,2019-01-01,2019-06-30,-1
2020-07-31,40450,2020-12-31,,134000000000,-0.050,,,,,12000000000,-0.077,12900000000,-0.092,8200000000,,-0.155,62.74,,,,,,,,,,,,,,,,,,,,,,true,true,12,2020-01-01,2020-12-31,0
2020-07-31,40450,2019-12-31,,144955000000,,,,,,13782000000,,15230000000,,10387000000,,,78.91,,,,,,,,,,,,,,,,,,,,,,true,false,12,2019-01-01,2019-12-31,-1
2020-10-30,40450,2020-12-31,3,97488000000,-0.100,,,,,8519000000,-0.232,8874000000,-0.265,,5523000000,,42.17,,,,,,237438000000,195919000000,0.805,,191218000000,,,,,,,,,,,,true,false,9,2020-01-01,2020-09-30,0
2020-10-30,40450,2019-12-31,3,108287000000,-0.011,,,,,11087000000,-0.064,12071000000,-0.047,,8268000000,,62.82,,,,,,,,,,,,,,,,,,,,,,true,false,9,2019-01-01,2019-09-30,-1
2020-10-30,40450,2020-12-31,3,134000000000,-0.076,,,,,12000000000,-0.129,12900000000,-0.153,,8200000000,,62.87,,,,,,,,,,,,,,,,,,,,,,true,true,12,2020-01-01,2020-12-31,0
2020-10-30,40450,2019-12-31,3,,,,,,,,,,,,,,,,,,,,247211000000,198579000000,0.784,,193763000000,,,,,,,,,,,,true,false,12,2019-01-01,2019-12-31,-1
2020-10-30,40450,2019-12-31,3,,,,,,,,,,,,,,,,,,,,,,,,,,,,,30.00,,,,131996299,371454,,false,false,12,2019-01-01,2019-12-31,-1
2020-10-30,40450,2020-12-31,3,,,,,,,,,,,,,,,,,,,,,,,,,,,,,15.00,,,,,,,false,false,12,2020-01-01,2020-12-31,0
2020-10-30,40450,2020-12-31,3,,,,,,,,,,,,,,,,,,,,,,,,,,,,,30.00,,,,,,,false,true,12,2020-01-01,2020-12-31,0
2020-10-30,40450,2020-12-31,3,,,,,,,,,,,,,,,,,,,,,,,,,,,,,,,,,131996299,2251622,130979127,false,false,9,2020-01-01,2020-09-30,0
2020-10-30,40450,2019-12-31,3,,,,,,,,,,,,,,,,,,,,,,,,,,,,,,,,,,,131627915,false,false,9,2019-01-01,2019-09-30,-1
2021-02-12,40450,2020-12-31,,133392000000,-0.080,,,,,12336000000,-0.105,13054000000,-0.143,,8142000000,,62.43,,0.042,0.053,0.092,,241832000000,197642000000,0.798,1505.69,192885000000,20671000000,-11362000000,-8491000000,43800000000,,0.481,,,,,,true,false,12,2020-01-01,2020-12-31,0
2021-02-12,40450,2019-12-31,,144955000000,-0.034,,,,,13782000000,-0.160,15230000000,-0.125,,10387000000,,78.91,,0.055,0.062,0.095,,247211000000,198579000000,0.784,1472.09,193763000000,18615000000,-15855000000,-4582000000,43113000000,,0.380,,,,,,true,false,12,2019-01-01,2019-12-31,-1
2021-02-12,40450,2021-12-31,,69000000000,0.049,,,,,6600000000,0.165,7100000000,0.145,,4900000000,,38.32,,,,,,,,,,,,,,,,,,,,,,true,true,6,2021-01-01,2021-06-30,1
2021-02-12,40450,2021-12-31,,143000000000,0.072,,,,,14000000000,0.135,14800000000,0.134,,10400000000,,81.99,,,,,,,,,,,,,,,,0.366,,,,,,true,true,12,2021-01-01,2021-12-31,1
2021-02-12,40450,2020-12-31,,89631000000,-0.084,,,,,9434000000,-0.142,11368000000,-0.180,8171000000,,-0.238,62.66,,,,,,216529000000,158098000000,0.730,1234.14,158098000000,,,,,30.00,,,,128300000,196018,130412583,false,false,12,2020-01-01,2020-12-31,0
2021-02-12,40450,2019-12-31,,97882000000,-0.030,,,,,10993000000,-0.171,13860000000,-0.142,10731000000,,-0.157,81.53,,,,,,221408000000,158746000000,0.717,1206.05,158746000000,,,,,30.00,,,,131996299,371454,131627289,false,false,12,2019-01-01,2019-12-31,-1
2021-02-12,40450,2021-12-31,,,,,,,,,,,,,,,,,,,,,,,,,,,,,,30.00,,,,,,,false,true,12,2021-01-01,2021-12-31,1
2021-04-28,40450,2021-12-31,1,35953000000,0.050,,,,,4687000000,0.375,5182000000,0.606,,3656000000,,28.54,,,,,,250742000000,202726000000,0.790,,197973000000,,,,,,,,,,,,true,false,3,2021-01-01,2021-03-31,0
2021-04-28,40450,2020-12-31,1,34251000000,-0.028,,,,,3409000000,-0.157,3226000000,-0.271,,1726000000,,13.12,,,,,,,,,,,,,,,,,,,,,,true,false,3,2020-01-01,2020-03-31,-1
2021-04-28,40450,2021-12-31,1,69000000000,0.049,,,,,6600000000,0.165,7100000000,0.145,,4900000000,,38.32,,,,,,,,,,,,,,,,,,,,,,true,true,6,2021-01-01,2021-06-30,0
2021-04-28,40450,2021-12-31,1,143000000000,0.072,,,,,14000000000,0.135,14800000000,0.134,,10400000000,,81.99,,,,,,,,,,,,,,,,,,,,,,true,true,12,2021-01-01,2021-12-31,0
2021-04-28,40450,2020-12-31,1,,,,,,,,,,,,,,,,,,,,241832000000,197642000000,0.798,,192885000000,,,,,,,,,,,,true,false,12,2020-01-01,2020-12-31,-1
2021-04-28,40450,2020-12-31,1,,,,,,,,,,,,,,,,,,,,,,,,,,,,,30.00,,,,128300000,196018,,false,false,12,2020-01-01,2020-12-31,-1
2021-04-28,40450,2021-12-31,1,,,,,,,,,,,,,,,,,,,,,,,,,,,,,30.00,,,,,,,false,true,12,2021-01-01,2021-12-31,0
2021-04-28,40450,2021-12-31,1,,,,,,,,,,,,,,,,,,,,,,,,,,,,,,,,,128300000,196725,128103590,false,false,3,2021-01-01,2021-03-31,0
2021-04-28,40450,2020-12-31,1,,,,,,,,,,,,,,,,,,,,,,,,,,,,,,,,,,,131624473,false,false,3,2020-01-01,2020-03-31,-1
2021-06-28,40450,2021-12-31,,73000000000,0.058,,,,,8600000000,0.303,9500000000,0.338,6500000000,,0.327,50.73,,,,,,,,,,,,,,,,,,,,,,true,true,6,2021-01-01,2021-06-30,0
2021-06-28,40450,2020-12-31,,65775000000,,,,,,5665000000,,6200000000,,3786000000,,,28.82,,,,,,,,,,,,,,,,,,,,,,true,false,6,2020-01-01,2020-06-30,-1
2021-07-30,40450,2021-12-31,2,74164000000,0.128,,,,,9021000000,0.592,9840000000,0.587,,7015000000,,54.76,,,,,,258979000000,206922000000,0.781,,202191000000,,,,,,,,,,,,true,false,6,2021-01-01,2021-06-30,0
2021-07-30,40450,2020-12-31,2,65775000000,-0.087,,,,,5665000000,-0.224,6200000000,-0.230,,3786000000,,28.82,,,,,,,,,,,,,,,,,,,,,,true,false,6,2020-01-01,2020-06-30,-1
2021-07-30,40450,2021-12-31,2,154000000000,0.154,,,,,18000000000,0.459,19000000000,0.455,,13000000000,,102.17,,,,,,,,,,,,,,,,,,,,,,true,true,12,2021-01-01,2021-12-31,0
2021-07-30,40450,2020-12-31,2,,,,,,,,,,,,,,,,,,,,241832000000,197642000000,0.798,,192885000000,,,,,,,,,,,,true,false,12,2020-01-01,2020-12-31,-1
2021-07-30,40450,2020-12-31,2,,,,,,,,,,,,,,,,,,,,,,,,,,,,,30.00,,,,128300000,196018,,false,false,12,2020-01-01,2020-12-31,-1
2021-07-30,40450,2021-12-31,2,,,,,,,,,,,,,,,,,,,,,,,,,,,,,17.00,,,,,,,false,false,12,2021-01-01,2021-12-31,0
2021-07-30,40450,2021-12-31,2,,,,,,,,,,,,,,,,,,,,,,,,,,,,,34.00,,,,,,,false,true,12,2021-01-01,2021-12-31,0
2021-07-30,40450,2021-12-31,2,,,,,,,,,,,,,,,,,,,,,,,,,,,,,,,,,128300000,112285,128127518,false,false,6,2021-01-01,2021-06-30,0
2021-07-30,40450,2020-12-31,2,,,,,,,,,,,,,,,,,,,,,,,,,,,,,,,,,,,131395628,false,false,6,2020-01-01,2020-06-30,-1
2021-10-29,40450,2021-12-31,3,113395000000,0.163,,,,,13611000000,0.598,14426000000,0.626,,10661000000,,83.35,,,,,,258052000000,207259000000,0.785,,202443000000,,,,,,,,,,,,true,false,9,2021-01-01,2021-09-30,0
2021-10-29,40450,2020-12-31,3,97488000000,-0.100,,,,,8519000000,-0.232,8874000000,-0.265,,5523000000,,42.17,,,,,,,,,,,,,,,,,,,,,,true,false,9,2020-01-01,2020-09-30,-1
2021-10-29,40450,2021-12-31,3,154000000000,0.154,,,,,18000000000,0.459,19000000000,0.455,,13000000000,,102.17,,,,,,,,,,,,,,,,,,,,,,true,true,12,2021-01-01,2021-12-31,0
2021-10-29,40450,2020-12-31,3,,,,,,,,,,,,,,,,,,,,241832000000,197642000000,0.798,,192885000000,,,,,,,,,,,,true,false,12,2020-01-01,2020-12-31,-1
2021-10-29,40450,2020-12-31,3,,,,,,,,,,,,,,,,,,,,,,,,,,,,,30.00,,,,128300000,196018,,false,false,12,2020-01-01,2020-12-31,-1
2021-10-29,40450,2021-12-31,3,,,,,,,,,,,,,,,,,,,,,,,,,,,,,17.00,,,,,,,false,false,12,2021-01-01,2021-12-31,0
2021-10-29,40450,2021-12-31,3,,,,,,,,,,,,,,,,,,,,,,,,,,,,,34.00,,,,,,,false,true,12,2021-01-01,2021-12-31,0
2021-10-29,40450,2021-12-31,3,,,,,,,,,,,,,,,,,,,,,,,,,,,,,,,,,128300000,1535644,127924969,false,false,9,2021-01-01,2021-09-30,0
2021-10-29,40450,2020-12-31,3,,,,,,,,,,,,,,,,,,,,,,,,,,,,,,,,,,,130979127,false,false,9,2020-01-01,2020-09-30,-1
2022-01-31,40450,2021-12-31,,156300000000,0.015,,,,,17600000000,-0.022,18900000000,-0.005,13700000000,,0.053,108.14,,,,,,,,,,,,,,,,,,,,,,true,true,12,2021-01-01,2021-12-31,0
2022-01-31,40450,2020-12-31,,133392000000,,,,,,12336000000,,13054000000,,8142000000,,,62.43,,,,,,,,,,,,,,,,,,,,,,true,false,12,2020-01-01,2020-12-31,-1
2022-01-31,40450,2021-12-31,,,,,,,,,,,,,,,,,,,,,,,,,,,,,,36.00,,,,,,,false,true,12,2021-01-01,2021-12-31,0
2022-01-31,40450,2021-12-31,,,,,,,,,,,,,,,,,,,,,,,,,,,,,,17.00,,,,,,,false,false,12,2021-01-01,2021-12-31,0
2022-01-31,40450,2020-12-31,,,,,,,,,,,,,,,,,,,,,,,,,,,,,,30.00,,,,,,,false,false,12,2020-01-01,2020-12-31,-1
2022-02-10,40450,2021-12-31,,156313000000,0.172,,,,,17676000000,0.433,18983000000,0.454,,13771000000,,108.14,,0.070,0.076,0.113,,258955000000,206612000000,0.779,1613.90,201764000000,21219000000,-10239000000,-8644000000,46504000000,,0.333,,,,,,true,false,12,2021-01-01,2021-12-31,0
2022-02-10,40450,2020-12-31,,133392000000,-0.080,,,,,12336000000,-0.105,13054000000,-0.143,,8142000000,,62.43,,0.042,0.053,0.092,,241832000000,197642000000,0.798,1505.69,192885000000,20671000000,-11362000000,-8491000000,43800000000,,0.481,,,,,,true,false,12,2020-01-01,2020-12-31,-1
2022-02-10,40450,2022-12-31,,73700000000,-0.006,,,,,9000000000,-0.002,9500000000,-0.035,,7000000000,,56.24,,,,,,,,,,,,,,,,,,,,,,true,true,6,2022-01-01,2022-06-30,1
2022-02-10,40450,2022-12-31,,153800000000,-0.016,,,,,18000000000,0.018,19000000000,0.001,,13500000000,,109.22,,,,,,,,,,,,,,,,0.330,,,,,,true,true,12,2022-01-01,2022-12-31,1
2022-02-10,40450,2021-12-31,,106226000000,0.185,,,,,12808000000,0.358,15118000000,0.330,11314000000,,0.385,88.85,,,,,,228267000000,163244000000,0.715,1305.79,163244000000,,,,,36.00,,,,125200000,183404,127347405,false,false,12,2021-01-01,2021-12-31,0
2022-02-10,40450,2020-12-31,,89631000000,-0.084,,,,,9434000000,-0.142,11368000000,-0.180,8171000000,,-0.238,62.66,,,,,,216529000000,158098000000,0.730,1234.14,158098000000,,,,,30.00,,,,128300000,196018,130412583,false,false,12,2020-01-01,2020-12-31,-1
2022-02-10,40450,2022-12-31,,,,,,,,,,,,,,,,,,,,,,,,,,,,,,36.00,,,,,,,false,true,12,2022-01-01,2022-12-31,1
2022-04-28,40450,2022-12-31,1,37750000000,0.050,,,,,4109000000,-0.123,4654000000,-0.102,,4015000000,,32.17,,,,,,258643000000,208579000000,0.788,,203697000000,,,,,,,,,,,,true,false,3,2022-01-01,2022-03-31,0
2022-04-28,40450,2021-12-31,1,35953000000,0.050,,,,,4687000000,0.375,5182000000,0.606,,3656000000,,28.54,,,,,,,,,,,,,,,,,,,,,,true,false,3,2021-01-01,2021-03-31,-1
2022-04-28,40450,2022-12-31,1,73700000000,-0.006,,,,,9000000000,-0.002,9500000000,-0.035,,7000000000,,56.24,,,,,,,,,,,,,,,,,,,,,,true,true,6,2022-01-01,2022-06-30,0
2022-04-28,40450,2022-12-31,1,153800000000,-0.016,,,,,18000000000,0.018,19000000000,0.001,,13500000000,,109.22,,,,,,,,,,,,,,,,,,,,,,true,true,12,2022-01-01,2022-12-31,0
2022-04-28,40450,2021-12-31,1,,,,,,,,,,,,,,,,,,,,258955000000,206612000000,0.779,,201764000000,,,,,,,,,,,,true,false,12,2021-01-01,2021-12-31,-1
2022-04-28,40450,2021-12-31,1,,,,,,,,,,,,,,,,,,,,,,,,,,,,,36.00,,,,125200000,183404,,false,false,12,2021-01-01,2021-12-31,-1
2022-04-28,40450,2022-12-31,1,,,,,,,,,,,,,,,,,,,,,,,,,,,,,36.00,,,,,,,false,true,12,2022-01-01,2022-12-31,0
2022-04-28,40450,2022-12-31,1,,,,,,,,,,,,,,,,,,,,,,,,,,,,,,,,,125200000,757551,124831047,false,false,3,2022-01-01,2022-03-31,0
2022-04-28,40450,2021-12-31,1,,,,,,,,,,,,,,,,,,,,,,,,,,,,,,,,,,,128103590,false,false,3,2021-01-01,2021-03-31,-1
2022-07-29,40450,2022-12-31,2,77977000000,0.051,,,,,7891000000,-0.125,9387000000,-0.046,,7391000000,,59.36,,,,,,267870000000,211296000000,0.770,,206353000000,,,,,,,,,,,,true,false,6,2022-01-01,2022-06-30,0
2022-07-29,40450,2021-12-31,2,74164000000,0.128,,,,,9021000000,0.592,9840000000,0.587,,7015000000,,54.76,,,,,,,,,,,,,,,,,,,,,,true,false,6,2021-01-01,2021-06-30,-1
2022-07-29,40450,2022-12-31,2,160000000000,0.024,,,,,17000000000,-0.038,18500000000,-0.025,,13000000000,,105.38,,,,,,,,,,,,,,,,,,,,,,true,true,12,2022-01-01,2022-12-31,0
2022-07-29,40450,2021-12-31,2,,,,,,,,,,,,,,,,,,,,258955000000,206612000000,0.779,,201764000000,,,,,,,,,,,,true,false,12,2021-01-01,2021-12-31,-1
2022-07-29,40450,2021-12-31,2,,,,,,,,,,,,,,,,,,,,,,,,,,,,,36.00,,,,125200000,183404,,false,false,12,2021-01-01,2021-12-31,-1
2022-07-29,40450,2022-12-31,2,,,,,,,,,,,,,,,,,,,,,,,,,,,,,18.00,,,,,,,false,false,12,2022-01-01,2022-12-31,0
2022-07-29,40450,2022-12-31,2,,,,,,,,,,,,,,,,,,,,,,,,,,,,,36.00,,,,,,,false,true,12,2022-01-01,2022-12-31,0
2022-07-29,40450,2022-12-31,2,,,,,,,,,,,,,,,,,,,,,,,,,,,,,,,,,125200000,1386612,124511806,false,false,6,2022-01-01,2022-06-30,0
2022-07-29,40450,2021-12-31,2,,,,,,,,,,,,,,,,,,,,,,,,,,,,,,,,,,,128127518,false,false,6,2021-01-01,2021-06-30,-1
2022-10-31,40450,2022-12-31,3,118717000000,0.047,,,,,12054000000,-0.114,13773000000,-0.045,,10294000000,,83.05,,,,,,263348000000,210614000000,0.781,,205564000000,,,,,,,,,,,,true,false,9,2022-01-01,2022-09-30,0
2022-10-31,40450,2021-12-31,3,113395000000,0.163,,,,,13611000000,0.598,14426000000,0.626,,10661000000,,83.35,,,,,,,,,,,,,,,,,,,,,,true,false,9,2021-01-01,2021-09-30,-1
2022-10-31,40450,2022-12-31,3,160000000000,0.024,,,,,16000000000,-0.095,17500000000,-0.078,,13000000000,,105.44,,,,,,,,,,,,,,,,,,,,,,true,true,12,2022-01-01,2022-12-31,0
2022-10-31,40450,2021-12-31,3,,,,,,,,,,,,,,,,,,,,258955000000,206612000000,0.779,,201764000000,,,,,,,,,,,,true,false,12,2021-01-01,2021-12-31,-1
2022-10-31,40450,2021-12-31,3,,,,,,,,,,,,,,,,,,,,,,,,,,,,,36.00,,,,125200000,183404,,false,false,12,2021-01-01,2021-12-31,-1
2022-10-31,40450,2022-12-31,3,,,,,,,,,,,,,,,,,,,,,,,,,,,,,18.00,,,,,,,false,false,12,2022-01-01,2022-12-31,0
2022-10-31,40450,2022-12-31,3,,,,,,,,,,,,,,,,,,,,,,,,,,,,,36.00,,,,,,,false,true,12,2022-01-01,2022-12-31,0
2022-10-31,40450,2022-12-31,3,,,,,,,,,,,,,,,,,,,,,,,,,,,,,,,,,125200000,3237564,123955247,false,false,9,2022-01-01,2022-09-30,0
2022-10-31,40450,2021-12-31,3,,,,,,,,,,,,,,,,,,,,,,,,,,,,,,,,,,,127924969,false,false,9,2021-01-01,2021-09-30,-1
2023-02-10,40450,2022-12-31,,160825000000,0.029,,,,,14382000000,-0.186,16446000000,-0.134,,12494000000,,101.31,,0.061,0.063,0.089,,265135000000,210807000000,0.777,1700.75,205969000000,10988000000,-3579000000,-9464000000,44839000000,,0.355,,,,,,true,false,12,2022-01-01,2022-12-31,0
2023-02-10,40450,2021-12-31,,156313000000,0.172,,,,,17676000000,0.433,18983000000,0.454,,13771000000,,108.14,,0.070,0.076,0.113,,258955000000,206612000000,0.779,1613.90,201764000000,21219000000,-10239000000,-8644000000,46504000000,,0.333,,,,,,true,false,12,2021-01-01,2021-12-31,-1
2023-02-10,40450,2023-12-31,,85300000000,0.094,,,,,6300000000,-0.202,6900000000,-0.265,,5100000000,,42.41,,,,,,,,,,,,,,,,,,,,,,true,true,6,2023-01-01,2023-06-30,1
2023-02-10,40450,2023-12-31,,178800000000,0.112,,,,,14000000000,-0.027,14800000000,-0.100,,10600000000,,89.33,,,,,,,,,,,,,,,,0.402,,,,,,true,true,12,2023-01-01,2023-12-31,1
2023-02-10,40450,2022-12-31,,109410000000,0.030,,,,,10203000000,-0.203,14013000000,-0.073,11614000000,,0.027,94.18,,,,,,230240000000,165722000000,0.720,1368.42,165722000000,,,,,36.00,,,,122100000,994783,123329357,false,false,12,2022-01-01,2022-12-31,0
2023-02-10,40450,2021-12-31,,106226000000,0.185,,,,,12808000000,0.358,15118000000,0.330,11314000000,,0.385,88.85,,,,,,228267000000,163244000000,0.715,1305.79,163244000000,,,,,36.00,,,,125200000,183404,127347405,false,false,12,2021-01-01,2021-12-31,-1
2023-02-10,40450,2023-12-31,,,,,,,,,,,,,,,,,,,,,,,,,,,,,,36.00,,,,,,,false,true,12,2023-01-01,2023-12-31,1
2023-04-28,40450,2023-12-31,1,38198000000,0.012,,,,,2587000000,-0.370,2974000000,-0.361,,2185000000,,18.18,,,,,,256434000000,204938000000,0.795,,203993000000,,,,,,,,,,,,true,false,3,2023-01-01,2023-03-31,0
2023-04-28,40450,2022-12-31,1,37750000000,0.050,,,,,4109000000,-0.123,4654000000,-0.102,,4015000000,,32.17,,,,,,,,,,,,,,,,,,,,,,true,false,3,2022-01-01,2022-03-31,-1
2023-04-28,40450,2023-12-31,1,85300000000,0.094,,,,,6300000000,-0.202,6900000000,-0.265,,5100000000,,42.41,,,,,,,,,,,,,,,,,,,,,,true,true,6,2023-01-01,2023-06-30,0
2023-04-28,40450,2023-12-31,1,178800000000,0.112,,,,,14000000000,-0.027,14800000000,-0.100,,10600000000,,89.33,,,,,,,,,,,,,,,,,,,,,,true,true,12,2023-01-01,2023-12-31,0
2023-04-28,40450,2022-12-31,1,,,,,,,,,,,,,,,,,,,,265135000000,210807000000,0.777,,205969000000,,,,,,,,,,,,true,false,12,2022-01-01,2022-12-31,-1
2023-04-28,40450,2022-12-31,1,,,,,,,,,,,,,,,,,,,,,,,,,,,,,36.00,,,,122100000,994783,,false,false,12,2022-01-01,2022-12-31,-1
2023-04-28,40450,2023-12-31,1,,,,,,,,,,,,,,,,,,,,,,,,,,,,,36.00,,,,,,,false,true,12,2023-01-01,2023-12-31,0
2023-04-28,40450,2023-12-31,1,,,,,,,,,,,,,,,,,,,,,,,,,,,,,,,,,122100000,2998297,120218319,false,false,3,2023-01-01,2023-03-31,0
2023-04-28,40450,2022-12-31,1,,,,,,,,,,,,,,,,,,,,,,,,,,,,,,,,,,,124831047,false,false,3,2022-01-01,2022-03-31,-1
2023-07-31,40450,2023-12-31,2,76947000000,-0.013,,,,,4746000000,-0.399,6172000000,-0.342,,5469000000,,45.71,,,,,,266078000000,210711000000,0.788,,209731000000,,,,,,,,,,,,true,false,6,2023-01-01,2023-06-30,0
2023-07-31,40450,2022-12-31,2,77977000000,0.051,,,,,7891000000,-0.125,9387000000,-0.046,,7391000000,,59.36,,,,,,,,,,,,,,,,,,,,,,true,false,6,2022-01-01,2022-06-30,-1
2023-07-31,40450,2023-12-31,2,162400000000,0.010,,,,,10500000000,-0.270,12000000000,-0.270,,10300000000,,87.01,,,,,,,,,,,,,,,,,,,,,,true,true,12,2023-01-01,2023-12-31,0
2023-07-31,40450,2022-12-31,2,,,,,,,,,,,,,,,,,,,,265135000000,210807000000,0.777,,205969000000,,,,,,,,,,,,true,false,12,2022-01-01,2022-12-31,-1
2023-07-31,40450,2022-12-31,2,,,,,,,,,,,,,,,,,,,,,,,,,,,,,36.00,,,,122100000,994783,,false,false,12,2022-01-01,2022-12-31,-1
2023-07-31,40450,2023-12-31,2,,,,,,,,,,,,,,,,,,,,,,,,,,,,,20.00,,,,,,,false,false,12,2023-01-01,2023-12-31,0
2023-07-31,40450,2023-12-31,2,,,,,,,,,,,,,,,,,,,,,,,,,,,,,40.00,,,,,,,false,true,12,2023-01-01,2023-12-31,0
2023-07-31,40450,2023-12-31,2,,,,,,,,,,,,,,,,,,,,,,,,,,,,,,,,,122100000,3518606,119663515,false,false,6,2023-01-01,2023-06-30,0
2023-07-31,40450,2022-12-31,2,,,,,,,,,,,,,,,,,,,,,,,,,,,,,,,,,,,124511806,false,false,6,2022-01-01,2022-06-30,-1
2023-10-31,40450,2023-12-31,3,116149000000,-0.022,,,,,8088000000,-0.329,9672000000,-0.298,,8175000000,,68.66,,,,,,264236000000,210585000000,0.793,,209577000000,,,,,,,,,,,,true,false,9,2023-01-01,2023-09-30,0
2023-10-31,40450,2022-12-31,3,118717000000,0.047,,,,,12054000000,-0.114,13773000000,-0.045,,10294000000,,83.05,,,,,,,,,,,,,,,,,,,,,,true,false,9,2022-01-01,2022-09-30,-1
2023-10-31,40450,2023-12-31,3,162400000000,0.010,,,,,10500000000,-0.270,12000000000,-0.270,,10300000000,,87.01,,,,,,,,,,,,,,,,,,,,,,true,true,12,2023-01-01,2023-12-31,0
2023-10-31,40450,2022-12-31,3,,,,,,,,,,,,,,,,,,,,265135000000,210807000000,0.777,,205969000000,,,,,,,,,,,,true,false,12,2022-01-01,2022-12-31,-1
2023-10-31,40450,2022-12-31,3,,,,,,,,,,,,,,,,,,,,,,,,,,,,,36.00,,,,122100000,994783,,false,false,12,2022-01-01,2022-12-31,-1
2023-10-31,40450,2023-12-31,3,,,,,,,,,,,,,,,,,,,,,,,,,,,,,20.00,,,,,,,false,false,12,2023-01-01,2023-12-31,0
2023-10-31,40450,2023-12-31,3,,,,,,,,,,,,,,,,,,,,,,,,,,,,,40.00,,,,,,,false,true,12,2023-01-01,2023-12-31,0
2023-10-31,40450,2023-12-31,3,,,,,,,,,,,,,,,,,,,,,,,,,,,,,,,,,122100000,4811191,119075015,false,false,9,2023-01-01,2023-09-30,0
2023-10-31,40450,2022-12-31,3,,,,,,,,,,,,,,,,,,,,,,,,,,,,,,,,,,,123955247,false,false,9,2022-01-01,2022-09-30,-1
2024-01-31,40450,2023-12-31,,159400000000,-0.018,,,,,12500000000,0.190,14500000000,0.208,12200000000,,0.184,102.95,,,,,,,,,,,,,,,,,,,,,,true,true,12,2023-01-01,2023-12-31,0
2024-01-31,40450,2022-12-31,,160825000000,,,,,,14382000000,,16446000000,,12494000000,,,101.31,,,,,,,,,,,,,,,,,,,,,,true,false,12,2022-01-01,2022-12-31,-1
2024-01-31,40450,2023-12-31,,,,,,,,,,,,,,,,,,,,,,,,,,,,,,53.00,,,,,,,false,true,12,2023-01-01,2023-12-31,0
2024-01-31,40450,2023-12-31,,,,,,,,,,,,,,,,,,,,,,,,,,,,,,20.00,,,,,,,false,false,12,2023-01-01,2023-12-31,0
2024-01-31,40450,2022-12-31,,,,,,,,,,,,,,,,,,,,,,,,,,,,,,36.00,,,,,,,false,false,12,2022-01-01,2022-12-31,-1
2024-02-13,40450,2023-12-31,,159371000000,-0.009,,,,,12499000000,-0.131,14503000000,-0.118,,12179000000,,102.78,,0.058,0.054,0.078,,272285000000,212518000000,0.777,1816.10,211509000000,21638000000,-3528000000,-15544000000,47636000000,,0.516,,,,,,true,false,12,2023-01-01,2023-12-31,0
2024-02-13,40450,2022-12-31,,160825000000,0.029,,,,,14382000000,-0.186,16446000000,-0.134,,12494000000,,101.31,,0.061,0.063,0.089,,265135000000,210807000000,0.777,1700.75,205969000000,10988000000,-3579000000,-9464000000,44839000000,,0.355,,,,,,true,false,12,2022-01-01,2022-12-31,-1
2024-02-13,40450,2024-12-31,,80300000000,0.044,,,,,6700000000,0.412,7300000000,0.183,,6100000000,,53.32,,,,,,,,,,,,,,,,,,,,,,true,true,6,2024-01-01,2024-06-30,1
2024-02-13,40450,2024-12-31,,168300000000,0.056,,,,,14000000000,0.120,15200000000,0.048,,11300000000,,99.43,,,,,,,,,,,,,,,,0.583,,,,,,true,true,12,2024-01-01,2024-12-31,1
2024-02-13,40450,2023-12-31,,107990000000,-0.013,,,,,9820000000,-0.038,15094000000,0.077,14240000000,,0.226,120.18,,,,,,239668000000,172984000000,0.722,1485.30,172984000000,,,,,53.00,,,,117100000,636005,118498822,false,false,12,2023-01-01,2023-12-31,0
2024-02-13,40450,2022-12-31,,109410000000,0.030,,,,,10203000000,-0.203,14013000000,-0.073,11614000000,,0.027,94.18,,,,,,230240000000,165722000000,0.720,1368.42,165722000000,,,,,36.00,,,,122100000,994783,123329357,false,false,12,2022-01-01,2022-12-31,-1
2024-02-13,40450,2024-12-31,,,,,,,,,,,,,,,,,,,,,,,,,,,,,,58.00,,,,,,,false,true,12,2024-01-01,2024-12-31,1
2024-04-26,40450,2024-12-31,1,39014000000,0.021,,,,,3552000000,0.373,4027000000,0.354,,2717000000,,23.60,,,,,,271534000000,211728000000,0.776,,210722000000,,,,,,,,,,,,true,false,3,2024-01-01,2024-03-31,0
2024-04-26,40450,2023-12-31,1,38198000000,0.012,,,,,2587000000,-0.370,2974000000,-0.361,,2185000000,,18.18,,,,,,,,,,,,,,,,,,,,,,true,false,3,2023-01-01,2023-03-31,-1
2024-04-26,40450,2024-12-31,1,80300000000,0.044,,,,,6700000000,0.412,7300000000,0.183,,6100000000,,53.32,,,,,,,,,,,,,,,,,,,,,,true,true,6,2024-01-01,2024-06-30,0
2024-04-26,40450,2024-12-31,1,168300000000,0.056,,,,,14000000000,0.120,15200000000,0.048,,11300000000,,99.43,,,,,,,,,,,,,,,,,,,,,,true,true,12,2024-01-01,2024-12-31,0
2024-04-26,40450,2023-12-31,1,,,,,,,,,,,,,,,,,,,,272285000000,212518000000,0.777,,211509000000,,,,,,,,,,,,true,false,12,2023-01-01,2023-12-31,-1
2024-04-26,40450,2023-12-31,1,,,,,,,,,,,,,,,,,,,,,,,,,,,,,53.00,,,,117100000,636005,,false,false,12,2023-01-01,2023-12-31,-1
2024-04-26,40450,2024-12-31,1,,,,,,,,,,,,,,,,,,,,,,,,,,,,,58.00,,,,,,,false,true,12,2024-01-01,2024-12-31,0
2024-04-26,40450,2024-12-31,1,,,,,,,,,,,,,,,,,,,,,,,,,,,,,,,,,117100000,3420012,115107862,false,false,3,2024-01-01,2024-03-31,0
2024-04-26,40450,2023-12-31,1,,,,,,,,,,,,,,,,,,,,,,,,,,,,,,,,,,,120218319,false,false,3,2023-01-01,2023-03-31,-1
2024-07-31,40450,2024-12-31,2,81571000000,0.060,,,,,7323000000,0.543,8758000000,0.419,,7041000000,,61.52,,,,,,280939000000,216991000000,0.769,,215928000000,,,,,,,,,,,,true,false,6,2024-01-01,2024-06-30,0
2024-07-31,40450,2023-12-31,2,76947000000,-0.013,,,,,4746000000,-0.399,6172000000,-0.342,,5469000000,,45.71,,,,,,,,,,,,,,,,,,,,,,true,false,6,2023-01-01,2023-06-30,-1
2024-07-31,40450,2024-12-31,2,170000000000,0.010,,,,,15500000000,0.107,17500000000,0.151,,12800000000,,112.77,,,,,,,,,,,,,,,,,,,,,,true,true,12,2024-01-01,2024-12-31,0
2024-07-31,40450,2023-12-31,2,,,,,,,,,,,,,,,,,,,,272285000000,212518000000,0.777,,211509000000,,,,,,,,,,,,true,false,12,2023-01-01,2023-12-31,-1
2024-07-31,40450,2023-12-31,2,,,,,,,,,,,,,,,,,,,,,,,,,,,,,53.00,,,,117100000,636005,,false,false,12,2023-01-01,2023-12-31,-1
2024-07-31,40450,2024-12-31,2,,,,,,,,,,,,,,,,,,,,,,,,,,,,,30.00,,,,,,,false,false,12,2024-01-01,2024-12-31,0
2024-07-31,40450,2024-12-31,2,,,,,,,,,,,,,,,,,,,,,,,,,,,,,60.00,,,,,,,false,true,12,2024-01-01,2024-12-31,0
2024-07-31,40450,2024-12-31,2,,,,,,,,,,,,,,,,,,,,,,,,,,,,,,,,,117100000,3616677,114449137,false,false,6,2024-01-01,2024-06-30,0
2024-07-31,40450,2023-12-31,2,,,,,,,,,,,,,,,,,,,,,,,,,,,,,,,,,,,119663515,false,false,6,2023-01-01,2023-06-30,-1
2024-07-31,40450,2024-12-31,2,81571000000,0.060,,,,,7323000000,0.543,8758000000,0.419,,7041000000,,61.52,,,,,,280939000000,216991000000,0.769,,215928000000,,,,,,,,,,,,true,false,6,2024-01-01,2024-06-30,0
2024-07-31,40450,2023-12-31,2,76947000000,-0.013,,,,,4746000000,-0.399,6172000000,-0.342,,5469000000,,45.71,,,,,,,,,,,,,,,,,,,,,,true,false,6,2023-01-01,2023-06-30,-1
2024-07-31,40450,2024-12-31,2,170000000000,0.067,,,,,15500000000,0.240,17500000000,0.207,,12800000000,,112.77,,,,,,,,,,,,,,,,,,,,,,true,true,12,2024-01-01,2024-12-31,0
2024-07-31,40450,2023-12-31,2,,,,,,,,,,,,,,,,,,,,272285000000,212518000000,0.777,,211509000000,,,,,,,,,,,,true,false,12,2023-01-01,2023-12-31,-1
2024-07-31,40450,2023-12-31,2,,,,,,,,,,,,,,,,,,,,,,,,,,,,,53.00,,,,117100000,636005,,false,false,12,2023-01-01,2023-12-31,-1
2024-07-31,40450,2024-12-31,2,,,,,,,,,,,,,,,,,,,,,,,,,,,,,30.00,,,,,,,false,false,12,2024-01-01,2024-12-31,0
2024-07-31,40450,2024-12-31,2,,,,,,,,,,,,,,,,,,,,,,,,,,,,,60.00,,,,,,,false,true,12,2024-01-01,2024-12-31,0
2024-07-31,40450,2024-12-31,2,,,,,,,,,,,,,,,,,,,,,,,,,,,,,,,,,117100000,3616677,114449137,false,false,6,2024-01-01,2024-06-30,0
2024-07-31,40450,2023-12-31,2,,,,,,,,,,,,,,,,,,,,,,,,,,,,,,,,,,,119663515,false,false,6,2023-01-01,2023-06-30,-1
2024-10-31,40450,2024-12-31,3,123363000000,0.062,,,,,10762000000,0.331,12142000000,0.255,,10506000000,,92.15,,,,,,269093000000,210470000000,0.778,,209428000000,,,,,,,,,,,,true,false,9,2024-01-01,2024-09-30,0
2024-10-31,40450,2023-12-31,3,116149000000,-0.022,,,,,8088000000,-0.329,9672000000,-0.298,,8175000000,,68.66,,,,,,,,,,,,,,,,,,,,,,true,false,9,2023-01-01,2023-09-30,-1
2024-10-31,40450,2024-12-31,3,170000000000,0.067,,,,,15500000000,0.240,17500000000,0.207,,12800000000,,112.77,,,,,,,,,,,,,,,,,,,,,,true,true,12,2024-01-01,2024-12-31,0
2024-10-31,40450,2023-12-31,3,,,,,,,,,,,,,,,,,,,,272285000000,212518000000,0.777,,211509000000,,,,,,,,,,,,true,false,12,2023-01-01,2023-12-31,-1
2024-10-31,40450,2023-12-31,3,,,,,,,,,,,,,,,,,,,,,,,,,,,,,53.00,,,,117100000,636005,,false,false,12,2023-01-01,2023-12-31,-1
2024-10-31,40450,2024-12-31,3,,,,,,,,,,,,,,,,,,,,,,,,,,,,,30.00,,,,,,,false,false,12,2024-01-01,2024-12-31,0
2024-10-31,40450,2024-12-31,3,,,,,,,,,,,,,,,,,,,,,,,,,,,,,60.00,,,,,,,false,true,12,2024-01-01,2024-12-31,0
2024-10-31,40450,2024-12-31,3,,,,,,,,,,,,,,,,,,,,,,,,,,,,,,,,,117100000,4384665,114015165,false,false,9,2024-01-01,2024-09-30,0
2024-10-31,40450,2023-12-31,3,,,,,,,,,,,,,,,,,,,,,,,,,,,,,,,,,,,119075015,false,false,9,2023-01-01,2023-09-30,-1
2025-02-13,40450,2024-12-31,,167594000000,0.052,,,,,14233000000,0.139,15993000000,0.103,,11877000000,,104.56,,0.056,0.058,0.085,,278020000000,213668000000,0.765,1897.60,212586000000,20183000000,-13594000000,-14507000000,40433000000,,0.574,,,,,,true,false,12,2024-01-01,2024-12-31,0
2025-02-13,40450,2023-12-31,,159371000000,-0.009,,,,,12499000000,-0.131,14503000000,-0.118,,12179000000,,102.78,,0.058,0.054,0.078,,272285000000,212518000000,0.777,1816.10,211509000000,21638000000,-3528000000,-15524000000,47636000000,,0.516,,,,,,true,false,12,2023-01-01,2023-12-31,-1
2025-02-13,40450,2025-12-31,,80800000000,-0.009,,,,,7500000000,0.024,8100000000,-0.075,,7100000000,,64.30,,,,,,,,,,,,,,,,,,,,,,true,true,6,2025-01-01,2025-06-30,1
2025-02-13,40450,2025-12-31,,165000000000,-0.015,,,,,15000000000,0.054,16100000000,0.007,,13000000000,,119.00,,,,,,,,,,,,,,,,0.546,,,,,,true,true,12,2025-01-01,2025-12-31,1
2025-02-13,40450,2024-12-31,,114789000000,0.063,,,,,10916000000,0.112,13694000000,-0.093,12403000000,,-0.129,109.20,,,,,,244750000000,172276000000,0.704,1537.78,172276000000,,,,,60.00,,,,113000000,970946,113587674,false,false,12,2024-01-01,2024-12-31,0
2025-02-13,40450,2023-12-31,,107990000000,-0.013,,,,,9820000000,-0.038,15094000000,0.077,14240000000,,0.226,120.18,,,,,,239668000000,172984000000,0.722,1485.30,172984000000,,,,,53.00,,,,117100000,636005,118498822,false,false,12,2023-01-01,2023-12-31,-1
2025-02-13,40450,2025-12-31,,,,,,,,,,,,,,,,,,,,,,,,,,,,,,65.00,,,,,,,false,true,12,2025-01-01,2025-12-31,1
2025-04-28,40450,2025-12-31,1,39822000000,0.021,,,,,3363000000,-0.053,3193000000,-0.207,,2000000000,,18.01,,,,,,264857000000,207718000000,0.780,,206692000000,,,,,,,,,,,,true,false,3,2025-01-01,2025-03-31,0
2025-04-28,40450,2024-12-31,1,39014000000,0.021,,,,,3552000000,0.373,4027000000,0.354,,2717000000,,23.60,,,,,,,,,,,,,,,,,,,,,,true,false,3,2024-01-01,2024-03-31,-1
2025-04-28,40450,2025-12-31,1,80800000000,-0.009,,,,,7500000000,0.024,8100000000,-0.075,,7100000000,,64.30,,,,,,,,,,,,,,,,,,,,,,true,true,6,2025-01-01,2025-06-30,0
2025-04-28,40450,2025-12-31,1,165000000000,-0.015,,,,,15000000000,0.054,16100000000,0.007,,13000000000,,119.00,,,,,,,,,,,,,,,,,,,,,,true,true,12,2025-01-01,2025-12-31,0
2025-04-28,40450,2024-12-31,1,,,,,,,,,,,,,,,,,,,,278020000000,213668000000,0.765,,212586000000,,,,,,,,,,,,true,false,12,2024-01-01,2024-12-31,-1
2025-04-28,40450,2024-12-31,1,,,,,,,,,,,,,,,,,,,,,,,,,,,,,60.00,,,,113000000,970946,,false,false,12,2024-01-01,2024-12-31,-1
2025-04-28,40450,2025-12-31,1,,,,,,,,,,,,,,,,,,,,,,,,,,,,,65.00,,,,,,,false,true,12,2025-01-01,2025-12-31,0
2025-04-28,40450,2025-12-31,1,,,,,,,,,,,,,,,,,,,,,,,,,,,,,,,,,113000000,3063253,111079211,false,false,3,2025-01-01,2025-03-31,0
2025-04-28,40450,2024-12-31,1,,,,,,,,,,,,,,,,,,,,,,,,,,,,,,,,,,,115107862,false,false,3,2024-01-01,2024-03-31,-1
