filing_date,code,fiscal_year_end,quarterly_period,net_sales,net_sales_change,revenue,revenue_change,operating_revenue,operating_revenue_change,operating_profit,operating_profit_change,ordinary_profit,ordinary_profit_change,net_income,net_income_of_parent,net_income_change,eps,diluted_eps,roe,roa,operating_profit_to_net_sales,operating_profit_to_revenue,total_assets,net_assets,equity_ratio,bps,owner_equity,operating_cash_flow,investing_cash_flow,financing_cash_flow,cash,dividend_per_share,payout_ratio,commemorative_dividend,extra_dividend,number_of_shares,number_of_treqsury_shares,avg_number_of_shares,is_consolidated,is_forecast,duration,period_start,period_end,period_pos
2015-05-13,40800,2015-03-31,,12400000000,-0.114,,,,,-390000000,,-660000000,,-2660000000,,,-188.68,,,,,,,,,,,,,,,,,,,,,,false,true,12,2014-04-01,2015-03-31,0
2015-05-13,40800,2014-03-31,,10660000000,,,,,,-476000000,,-627000000,,-715000000,,,-51.62,,,,,,,,,,,,,,,,,,,,,,false,false,12,2013-04-01,2014-03-31,-1
2015-05-15,40800,2015-03-31,,12384000000,0.162,,,,,-393000000,,-660000000,,-2663000000,,,-188.95,,-0.984,-0.042,-0.032,,14633000000,1610000000,0.110,108.46,1610000000,440000000,-409000000,-162000000,3346000000,0.00,,,,14850800,1037,14097571,false,false,12,2014-04-01,2015-03-31,0
2015-05-15,40800,2014-03-31,,10660000000,0.180,,,,,-476000000,,-627000000,,-715000000,,,-51.62,,-0.183,-0.038,-0.045,,16534000000,3803000000,0.230,273.65,3803000000,8000000,-92000000,281000000,3444000000,0.00,,,,13900800,1037,13851831,false,false,12,2013-04-01,2014-03-31,-1
2015-05-15,40800,2016-03-31,,8000000000,0.176,,,,,50000000,,2000000,,150000000,,,10.10,,,,,,,,,,,,,,,,,,,,,,false,true,6,2015-04-01,2015-09-30,1
2015-05-15,40800,2016-03-31,,17500000000,0.413,,,,,350000000,,150000000,,920000000,,,61.95,,,,,,,,,,,,,,,0.00,,,,,,,false,true,12,2015-04-01,2016-03-31,1
2015-08-06,40800,2016-03-31,1,3859000000,0.047,,,,,28000000,,-16000000,,-9000000,,,-0.65,,,,,,15231000000,1593000000,0.105,,1593000000,,,,,,,,,14850800,1037,14849763,false,false,3,2015-04-01,2015-06-30,0
2015-08-06,40800,2015-03-31,1,3686000000,0.812,,,,,-140000000,,-155000000,,-148000000,,,-10.67,,,,,,,,,,,,,,,,,,,,,13899763,false,false,3,2014-04-01,2014-06-30,-1
2015-08-06,40800,2016-03-31,1,8000000000,0.176,,,,,50000000,,2000000,,150000000,,,10.10,,,,,,,,,,,,,,,,,,,,,,false,true,6,2015-04-01,2015-09-30,0
2015-08-06,40800,2016-03-31,1,17500000000,0.413,,,,,350000000,,150000000,,920000000,,,61.95,,,,,,,,,,,,,,,0.00,,,,,,,false,true,12,2015-04-01,2016-03-31,0
2015-08-06,40800,2015-03-31,1,,,,,,,,,,,,,,,,,,,,14633000000,1610000000,0.110,,1610000000,,,,,0.00,,,,14850800,1037,,false,false,12,2014-04-01,2015-03-31,-1
2015-10-27,40800,2016-03-31,,7400000000,-0.075,,,,,-80000000,,-140000000,,12000000,,-0.920,0.81,,,,,,,,,,,,,,,,,,,,,,false,true,6,2015-04-01,2015-09-30,0
2015-10-27,40800,2015-03-31,,6802000000,,,,,,-198000000,,-326000000,,-333000000,,,-23.97,,,,,,,,,,,,,,,,,,,,,,false,false,6,2014-04-01,2014-09-30,-1
2015-11-12,40800,2016-03-31,2,7326000000,0.077,,,,,-80000000,,-146000000,,12000000,,,0.81,,,,,,13664000000,1517000000,0.111,,1517000000,,,,,,,,,14850800,1037,14849763,false,false,6,2015-04-01,2015-09-30,0
2015-11-12,40800,2015-03-31,2,6802000000,0.534,,,,,-198000000,,-326000000,,-333000000,,,-23.97,,,,,,,,,,,,,,,,,,,,,13899763,false,false,6,2014-04-01,2014-09-30,-1
2015-11-12,40800,2016-03-31,2,17500000000,0.413,,,,,350000000,,150000000,,920000000,,,61.95,,,,,,,,,,,,,,,0.00,,,,,,,false,true,12,2015-04-01,2016-03-31,0
2015-11-12,40800,2015-03-31,2,,,,,,,,,,,,,,,,,,,,14633000000,1610000000,0.110,,1610000000,,,,,0.00,,,,14850800,1037,,false,false,12,2014-04-01,2015-03-31,-1
2015-11-12,40800,2016-03-31,2,,,,,,,,,,,,,,,,,,,,,,,,,,,,,0.00,,,,,,,false,false,12,2015-04-01,2016-03-31,0
2016-01-29,40800,2016-03-31,,15800000000,-0.097,,,,,-80000000,,-300000000,,530000000,,-0.424,35.69,,,,,,,,,,,,,,,,,,,,,,false,true,12,2015-04-01,2016-03-31,0
2016-01-29,40800,2015-03-31,,12384000000,,,,,,-393000000,,-660000000,,-2663000000,,,-188.95,,,,,,,,,,,,,,,,,,,,,,false,false,12,2014-04-01,2015-03-31,-1
2016-02-10,40800,2016-03-31,3,11472000000,0.252,,,,,-183000000,,-283000000,,-125000000,,,-8.44,,,,,,13379000000,1381000000,0.103,,1381000000,,,,,,,,,14850800,1037,14849763,false,false,9,2015-04-01,2015-12-31,0
2016-02-10,40800,2015-03-31,3,9160000000,0.244,,,,,-292000000,,-540000000,,-545000000,,,-39.22,,,,,,,,,,,,,,,,,,,,,13899763,false,false,9,2014-04-01,2014-12-31,-1
2016-02-10,40800,2016-03-31,3,15800000000,0.276,,,,,-80000000,,-300000000,,530000000,,,35.69,,,,,,,,,,,,,,,0.00,,,,,,,false,true,12,2015-04-01,2016-03-31,0
2016-02-10,40800,2015-03-31,3,,,,,,,,,,,,,,,,,,,,14633000000,1610000000,0.110,,1610000000,,,,,0.00,,,,14850800,1037,,false,false,12,2014-04-01,2015-03-31,-1
2016-02-10,40800,2016-03-31,3,,,,,,,,,,,,,,,,,,,,,,,,,,,,,0.00,,,,,,,false,false,12,2015-04-01,2016-03-31,0
2016-04-28,40800,2016-03-31,,15300000000,-0.032,,,,,-300000000,,-570000000,,310000000,,-0.415,20.88,,,,,,,,,,,,,,,,,,,,,,false,true,12,2015-04-01,2016-03-31,0
2016-04-28,40800,2015-03-31,,12384000000,,,,,,-393000000,,-660000000,,-2663000000,,,-188.95,,,,,,,,,,,,,,,,,,,,,,false,false,12,2014-04-01,2015-03-31,-1
2016-05-13,40800,2016-03-31,,15266000000,0.233,,,,,-301000000,,-574000000,,312000000,,,21.05,,0.182,-0.042,-0.020,,12465000000,1815000000,0.146,122.27,1815000000,-322000000,177000000,-286000000,2893000000,0.00,,,,14850800,1037,14849763,false,false,12,2015-04-01,2016-03-31,0
2016-05-13,40800,2015-03-31,,12384000000,0.162,,,,,-393000000,,-660000000,,-2663000000,,,-188.95,,-0.984,-0.042,-0.032,,14633000000,1610000000,0.110,108.46,1610000000,440000000,-409000000,-162000000,3346000000,0.00,,,,14850800,1037,14097571,false,false,12,2014-04-01,2015-03-31,-1
2016-05-13,40800,2017-03-31,,7100000000,-0.031,,,,,160000000,,120000000,,100000000,,7.307,6.73,,,,,,,,,,,,,,,,,,,,,,false,true,6,2016-04-01,2016-09-30,1
2016-05-13,40800,2017-03-31,,17200000000,0.127,,,,,500000000,,400000000,,350000000,,0.120,23.57,,,,,,,,,,,,,,,0.00,,,,,,,false,true,12,2016-04-01,2017-03-31,1
2016-08-10,40800,2017-03-31,1,4178000000,0.083,,,,,-51000000,,-119000000,,-106000000,,,-7.15,,,,,,12654000000,1705000000,0.135,,1705000000,,,,,,,,,14850800,1037,14849763,false,false,3,2016-04-01,2016-06-30,0
2016-08-10,40800,2016-03-31,1,3859000000,0.047,,,,,28000000,,-16000000,,-9000000,,,-0.65,,,,,,,,,,,,,,,,,,,,,14849763,false,false,3,2015-04-01,2015-06-30,-1
2016-08-10,40800,2017-03-31,1,7100000000,-0.031,,,,,160000000,,120000000,,100000000,,7.307,6.73,,,,,,,,,,,,,,,,,,,,,,false,true,6,2016-04-01,2016-09-30,0
2016-08-10,40800,2017-03-31,1,17200000000,0.127,,,,,500000000,,400000000,,350000000,,0.120,23.57,,,,,,,,,,,,,,,0.00,,,,,,,false,true,12,2016-04-01,2017-03-31,0
2016-08-10,40800,2016-03-31,1,,,,,,,,,,,,,,,,,,,,12465000000,1815000000,0.146,,1815000000,,,,,0.00,,,,14850800,1037,,false,false,12,2015-04-01,2016-03-31,-1
2016-10-31,40800,2017-03-31,,7700000000,0.085,,,,,-105000000,,-215000000,,-198000000,,,-13.33,,,,,,,,,,,,,,,,,,,,,,false,true,6,2016-04-01,2016-09-30,0
2016-10-31,40800,2016-03-31,,7326000000,,,,,,-80000000,,-146000000,,12000000,,,0.81,,,,,,,,,,,,,,,,,,,,,,false,false,6,2015-04-01,2015-09-30,-1
2016-10-31,40800,2017-03-31,,17000000000,-0.012,,,,,240000000,-0.520,60000000,-0.850,50000000,,-0.857,2.60,,,,,,,,,,,,,,,,,,,,,,false,true,12,2016-04-01,2017-03-31,0
2016-10-31,40800,2016-03-31,,15266000000,,,,,,-301000000,,-574000000,,312000000,,,21.05,,,,,,,,,,,,,,,,,,,,,,false,false,12,2015-04-01,2016-03-31,-1
2016-11-11,40800,2017-03-31,2,7685000000,0.049,,,,,-104000000,,-215000000,,-198000000,,,-13.35,,,,,,12557000000,1614000000,0.129,,1614000000,,,,,,,,,14850800,1037,14849763,false,false,6,2016-04-01,2016-09-30,0
2016-11-11,40800,2016-03-31,2,7326000000,0.077,,,,,-80000000,,-146000000,,12000000,,,0.81,,,,,,,,,,,,,,,,,,,,,14849763,false,false,6,2015-04-01,2015-09-30,-1
2016-11-11,40800,2017-03-31,2,17000000000,0.114,,,,,240000000,,60000000,,50000000,,-0.840,2.60,,,,,,,,,,,,,,,0.00,,,,,,,false,true,12,2016-04-01,2017-03-31,0
2016-11-11,40800,2016-03-31,2,,,,,,,,,,,,,,,,,,,,12465000000,1815000000,0.146,,1815000000,,,,,0.00,,,,14850800,1037,,false,false,12,2015-04-01,2016-03-31,-1
2016-11-11,40800,2017-03-31,2,,,,,,,,,,,,,,,,,,,,,,,,,,,,,0.00,,,,,,,false,false,12,2016-04-01,2017-03-31,0
2017-02-10,40800,2017-03-31,3,9930000000,-0.134,,,,,-431000000,,-608000000,,-596000000,,,-34.65,,,,,,17758000000,7794000000,0.439,,7794000000,,,,,,,,,25350800,1037,17217035,false,false,9,2016-04-01,2016-12-31,0
2017-02-10,40800,2016-03-31,3,11472000000,0.252,,,,,-183000000,,-283000000,,-125000000,,,-8.44,,,,,,,,,,,,,,,,,,,,,14849763,false,false,9,2015-04-01,2015-12-31,-1
2017-02-10,40800,2017-03-31,3,13500000000,-0.116,,,,,-420000000,,-630000000,,-620000000,,,-32.25,,,,,,,,,,,,,,,0.00,,,,,,,false,true,12,2016-04-01,2017-03-31,0
2017-02-10,40800,2016-03-31,3,,,,,,,,,,,,,,,,,,,,12465000000,1815000000,0.146,,1815000000,,,,,0.00,,,,14850800,1037,,false,false,12,2015-04-01,2016-03-31,-1
2017-02-10,40800,2017-03-31,3,,,,,,,,,,,,,,,,,,,,,,,,,,,,,0.00,,,,,,,false,false,12,2016-04-01,2017-03-31,0
2017-02-10,40800,2017-03-31,,13500000000,-0.206,,,,,-420000000,,-630000000,,-620000000,,,-32.25,,,,,,,,,,,,,,,,,,,,,,false,true,12,2016-04-01,2017-03-31,0
2017-02-10,40800,2016-03-31,,15266000000,,,,,,-301000000,,-574000000,,312000000,,,21.05,,,,,,,,,,,,,,,,,,,,,,false,false,12,2015-04-01,2016-03-31,-1
2017-05-12,40800,2017-03-31,,13254000000,-0.132,,,,,-406000000,,-654000000,,-640000000,,,-33.33,,-0.134,-0.050,-0.031,,13798000000,7753000000,0.562,305.87,7753000000,-226000000,-329000000,2171000000,4521000000,0.00,,,,25350800,1037,19222365,false,false,12,2016-04-01,2017-03-31,0
2017-05-12,40800,2016-03-31,,15266000000,0.233,,,,,-301000000,,-574000000,,312000000,,,21.05,,0.182,-0.042,-0.020,,12465000000,1815000000,0.146,122.27,1815000000,-322000000,177000000,-286000000,2893000000,0.00,,,,14850800,1037,14849763,false,false,12,2015-04-01,2016-03-31,-1
2017-05-12,40800,2018-03-31,,18000000000,0.358,,,,,250000000,,220000000,,200000000,,,7.89,,,,,,,,,,,,,,,0.00,,,,,,,false,true,12,2017-04-01,2018-03-31,1
2017-08-08,40800,2018-03-31,1,5107000000,0.222,,,,,259000000,,237000000,,209000000,,,8.27,,,,,,15143000000,7963000000,0.526,,7963000000,,,,,,,,,25350800,1037,25349763,false,false,3,2017-04-01,2017-06-30,0
2017-08-08,40800,2017-03-31,1,4178000000,0.083,,,,,-51000000,,-119000000,,-106000000,,,-7.15,,,,,,,,,,,,,,,,,,,,,14849763,false,false,3,2016-04-01,2016-06-30,-1
2017-08-08,40800,2018-03-31,1,18000000000,0.358,,,,,250000000,,220000000,,200000000,,,7.89,,,,,,,,,,,,,,,0.00,,,,,,,false,true,12,2017-04-01,2018-03-31,0
2017-08-08,40800,2017-03-31,1,,,,,,,,,,,,,,,,,,,,13798000000,7753000000,0.562,,7753000000,,,,,0.00,,,,25350800,1037,,false,false,12,2016-04-01,2017-03-31,-1
2017-11-13,40800,2018-03-31,2,8989000000,0.170,,,,,373000000,,337000000,,309000000,,,12.21,,,,,,15137000000,8066000000,0.533,,8066000000,,,,,,,,,25350800,1037,25349763,false,false,6,2017-04-01,2017-09-30,0
2017-11-13,40800,2017-03-31,2,7685000000,0.049,,,,,-104000000,,-215000000,,-198000000,,,-13.35,,,,,,,,,,,,,,,,,,,,,14849763,false,false,6,2016-04-01,2016-09-30,-1
2017-11-13,40800,2018-03-31,2,21000000000,0.584,,,,,500000000,,450000000,,400000000,,,15.78,,,,,,,,,,,,,,,0.00,,,,,,,false,true,12,2017-04-01,2018-03-31,0
2017-11-13,40800,2017-03-31,2,,,,,,,,,,,,,,,,,,,,13798000000,7753000000,0.562,,7753000000,,,,,0.00,,,,25350800,1037,,false,false,12,2016-04-01,2017-03-31,-1
2017-11-13,40800,2018-03-31,2,,,,,,,,,,,,,,,,,,,,,,,,,,,,,0.00,,,,,,,false,false,12,2017-04-01,2018-03-31,0
2017-11-13,40800,2018-03-31,,21000000000,0.167,,,,,500000000,1.000,450000000,1.045,400000000,,1.000,15.78,,,,,,,,,,,,,,,,,,,,,,false,true,12,2017-04-01,2018-03-31,0
2017-11-13,40800,2017-03-31,,13254000000,,,,,,-406000000,,-654000000,,-640000000,,,-33.33,,,,,,,,,,,,,,,,,,,,,,false,false,12,2016-04-01,2017-03-31,-1
2018-02-09,40800,2018-03-31,3,15157000000,0.526,,,,,655000000,,618000000,,564000000,,,22.27,,,,,,15577000000,8325000000,0.534,,8325000000,,,,,,,,,25350800,1037,25349763,false,false,9,2017-04-01,2017-12-31,0
2018-02-09,40800,2017-03-31,3,9930000000,-0.134,,,,,-431000000,,-608000000,,-596000000,,,-34.65,,,,,,,,,,,,,,,,,,,,,17217035,false,false,9,2016-04-01,2016-12-31,-1
2018-02-09,40800,2018-03-31,3,22000000000,0.660,,,,,700000000,,650000000,,600000000,,,23.67,,,,,,,,,,,,,,,0.00,,,,,,,false,true,12,2017-04-01,2018-03-31,0
2018-02-09,40800,2017-03-31,3,,,,,,,,,,,,,,,,,,,,13798000000,7753000000,0.562,,7753000000,,,,,0.00,,,,25350800,1037,,false,false,12,2016-04-01,2017-03-31,-1
2018-02-09,40800,2018-03-31,3,,,,,,,,,,,,,,,,,,,,,,,,,,,,,0.00,,,,,,,false,false,12,2017-04-01,2018-03-31,0
2018-02-09,40800,2018-03-31,,22000000000,0.048,,,,,700000000,0.400,650000000,0.444,600000000,,0.500,23.67,,,,,,,,,,,,,,,,,,,,,,false,true,12,2017-04-01,2018-03-31,0
2018-02-09,40800,2017-03-31,,13254000000,,,,,,-406000000,,-654000000,,-640000000,,,-33.33,,,,,,,,,,,,,,,,,,,,,,false,false,12,2016-04-01,2017-03-31,-1
2018-05-11,40800,2018-03-31,,21413000000,0.616,,,,,730000000,,633000000,,681000000,,,26.90,,0.084,0.042,0.034,,16477000000,8438000000,0.512,332.88,8438000000,-797000000,-331000000,-423000000,2945000000,0.00,,,,25350800,1037,25349763,false,false,12,2017-04-01,2018-03-31,0
2018-05-11,40800,2017-03-31,,13254000000,-0.132,,,,,-406000000,,-654000000,,-640000000,,,-33.33,,-0.134,-0.050,-0.031,,13798000000,7753000000,0.562,305.87,7753000000,-226000000,-329000000,2171000000,4521000000,0.00,,,,25350800,1037,19222365,false,false,12,2016-04-01,2017-03-31,-1
2018-05-11,40800,2019-03-31,,33000000000,0.541,,,,,350000000,-0.521,330000000,-0.479,300000000,,-0.560,11.83,,,,,,,,,,,,,,,0.00,,,,,,,false,true,12,2018-04-01,2019-03-31,1
2018-08-07,40800,2019-03-31,1,7721000000,0.512,,,,,220000000,-0.150,243000000,0.026,201000000,,-0.040,7.94,,,,,,18278000000,8640000000,0.473,,8640000000,,,,,,,,,25350800,1037,25349763,false,false,3,2018-04-01,2018-06-30,0
2018-08-07,40800,2018-03-31,1,5107000000,0.222,,,,,259000000,,237000000,,209000000,,,8.27,,,,,,,,,,,,,,,,,,,,,25349763,false,false,3,2017-04-01,2017-06-30,-1
2018-08-07,40800,2019-03-31,1,33000000000,0.541,,,,,350000000,-0.521,330000000,-0.479,300000000,,-0.560,11.83,,,,,,,,,,,,,,,0.00,,,,,,,false,true,12,2018-04-01,2019-03-31,0
2018-08-07,40800,2018-03-31,1,,,,,,,,,,,,,,,,,,,,16477000000,8438000000,0.512,,8438000000,,,,,0.00,,,,25350800,1037,,false,false,12,2017-04-01,2018-03-31,-1
2018-11-12,40800,2019-03-31,2,16888000000,0.879,,,,,219000000,-0.413,234000000,-0.306,185000000,,-0.401,7.32,,,,,,19348000000,8626000000,0.446,,8626000000,,,,,,,,,25350800,1086,25349745,false,false,6,2018-04-01,2018-09-30,0
2018-11-12,40800,2018-03-31,2,8989000000,0.170,,,,,373000000,,337000000,,309000000,,,12.21,,,,,,,,,,,,,,,,,,,,,25349763,false,false,6,2017-04-01,2017-09-30,-1
2018-11-12,40800,2019-03-31,2,33000000000,0.541,,,,,350000000,-0.521,330000000,-0.479,300000000,,-0.560,11.83,,,,,,,,,,,,,,,0.00,,,,,,,false,true,12,2018-04-01,2019-03-31,0
2018-11-12,40800,2018-03-31,2,,,,,,,,,,,,,,,,,,,,16477000000,8438000000,0.512,,8438000000,,,,,0.00,,,,25350800,1037,,false,false,12,2017-04-01,2018-03-31,-1
2018-11-12,40800,2019-03-31,2,,,,,,,,,,,,,,,,,,,,,,,,,,,,,0.00,,,,,,,false,false,12,2018-04-01,2019-03-31,0
2019-02-08,40800,2019-03-31,3,25714000000,0.697,,,,,98000000,-0.850,114000000,-0.815,81000000,,-0.857,3.15,,,,,,25693000000,15025000000,0.585,,15025000000,,,,,,,,,32269200,1086,25701944,false,false,9,2018-04-01,2018-12-31,0
2019-02-08,40800,2018-03-31,3,15157000000,0.526,,,,,655000000,,618000000,,564000000,,,22.27,,,,,,,,,,,,,,,,,,,,,25349763,false,false,9,2017-04-01,2017-12-31,-1
2019-02-08,40800,2019-03-31,3,33000000000,0.541,,,,,120000000,-0.836,130000000,-0.795,90000000,,-0.868,3.29,,,,,,,,,,,,,,,0.00,,,,,,,false,true,12,2018-04-01,2019-03-31,0
2019-02-08,40800,2018-03-31,3,,,,,,,,,,,,,,,,,,,,16477000000,8438000000,0.512,,8438000000,,,,,0.00,,,,25350800,1037,,false,false,12,2017-04-01,2018-03-31,-1
2019-02-08,40800,2019-03-31,3,,,,,,,,,,,,,,,,,,,,,,,,,,,,,0.00,,,,,,,false,false,12,2018-04-01,2019-03-31,0
2019-02-08,40800,2019-03-31,,33000000000,0.000,,,,,120000000,-0.657,130000000,-0.606,90000000,,-0.700,3.29,,,,,,,,,,,,,,,,,,,,,,false,true,12,2018-04-01,2019-03-31,0
2019-02-08,40800,2018-03-31,,21413000000,,,,,,730000000,,633000000,,681000000,,,26.90,,,,,,,,,,,,,,,,,,,,,,false,false,12,2017-04-01,2018-03-31,-1
2019-04-26,40800,2019-03-31,,33000000000,0.000,,,,,-490000000,,-520000000,,-530000000,,,-19.36,,,,,,,,,,,,,,,,,,,,,,false,true,12,2018-04-01,2019-03-31,0
2019-04-26,40800,2018-03-31,,21413000000,,,,,,730000000,,633000000,,681000000,,,26.90,,,,,,,,,,,,,,,,,,,,,,false,false,12,2017-04-01,2018-03-31,-1
2019-05-10,40800,2019-03-31,,32632000000,0.524,,,,,-494000000,,-521000000,,-524000000,,,-19.17,,-0.045,-0.025,-0.015,,26021000000,14662000000,0.563,450.71,14662000000,2524000000,-3212000000,6276000000,8535000000,0.00,,,,32533000,1086,27374482,false,false,12,2018-04-01,2019-03-31,0
2019-05-10,40800,2018-03-31,,21413000000,0.616,,,,,730000000,,633000000,,681000000,,,26.90,,0.084,0.042,0.034,,16477000000,8438000000,0.512,332.88,8438000000,-797000000,-331000000,-423000000,2945000000,0.00,,,,25350800,1037,25349763,false,false,12,2017-04-01,2018-03-31,-1
2019-05-10,40800,2020-03-31,,32000000000,-0.019,,,,,220000000,,190000000,,170000000,,,5.23,,,,,,,,,,,,,,,0.00,,,,,,,false,true,12,2019-04-01,2020-03-31,1
2019-08-08,40800,2020-03-31,1,5161000000,-0.332,,,,,-153000000,,-166000000,,-143000000,,,-4.40,,,,,,27174000000,14519000000,0.534,,14519000000,,,,,,,,,32533000,1086,32531914,false,false,3,2019-04-01,2019-06-30,0
2019-08-08,40800,2019-03-31,1,7721000000,0.512,,,,,220000000,-0.150,243000000,0.026,201000000,,-0.040,7.94,,,,,,,,,,,,,,,,,,,,,25349763,false,false,3,2018-04-01,2018-06-30,-1
2019-08-08,40800,2020-03-31,1,32000000000,-0.019,,,,,220000000,,190000000,,170000000,,,5.23,,,,,,,,,,,,,,,0.00,,,,,,,false,true,12,2019-04-01,2020-03-31,0
2019-08-08,40800,2019-03-31,1,,,,,,,,,,,,,,,,,,,,26021000000,14662000000,0.563,,14662000000,,,,,0.00,,,,32533000,1086,,false,false,12,2018-04-01,2019-03-31,-1
2019-11-08,40800,2020-03-31,2,10686000000,-0.367,,,,,-391000000,,-410000000,,-533000000,,,-16.39,,,,,,25561000000,14129000000,0.553,,14129000000,,,,,,,,,32533000,1086,32531914,false,false,6,2019-04-01,2019-09-30,0
2019-11-08,40800,2019-03-31,2,16888000000,0.879,,,,,219000000,-0.413,234000000,-0.306,185000000,,-0.401,7.32,,,,,,,,,,,,,,,,,,,,,25349745,false,false,6,2018-04-01,2018-09-30,-1
2019-11-08,40800,2020-03-31,2,32000000000,-0.019,,,,,220000000,,190000000,,170000000,,,5.23,,,,,,,,,,,,,,,0.00,,,,,,,false,true,12,2019-04-01,2020-03-31,0
2019-11-08,40800,2019-03-31,2,,,,,,,,,,,,,,,,,,,,26021000000,14662000000,0.563,,14662000000,,,,,0.00,,,,32533000,1086,,false,false,12,2018-04-01,2019-03-31,-1
2019-11-08,40800,2020-03-31,2,,,,,,,,,,,,,,,,,,,,,,,,,,,,,0.00,,,,,,,false,false,12,2019-04-01,2020-03-31,0
2020-02-07,40800,2020-03-31,3,15487000000,-0.398,,,,,-763000000,,-787000000,,-913000000,,,-28.08,,,,,,26033000000,13750000000,0.528,,13750000000,,,,,,,,,32533000,1086,32531914,false,false,9,2019-04-01,2019-12-31,0
2020-02-07,40800,2019-03-31,3,25714000000,0.697,,,,,98000000,-0.850,114000000,-0.815,81000000,,-0.857,3.15,,,,,,,,,,,,,,,,,,,,,25701944,false,false,9,2018-04-01,2018-12-31,-1
2020-02-07,40800,2020-03-31,3,20000000000,-0.387,,,,,-1100000000,,-1250000000,,-1400000000,,,-43.03,,,,,,,,,,,,,,,0.00,,,,,,,false,true,12,2019-04-01,2020-03-31,0
2020-02-07,40800,2019-03-31,3,,,,,,,,,,,,,,,,,,,,26021000000,14662000000,0.563,,14662000000,,,,,0.00,,,,32533000,1086,,false,false,12,2018-04-01,2019-03-31,-1
2020-02-07,40800,2020-03-31,3,,,,,,,,,,,,,,,,,,,,,,,,,,,,,0.00,,,,,,,false,false,12,2019-04-01,2020-03-31,0
2020-02-07,40800,2020-03-31,,20000000000,-0.375,,,,,-1100000000,,-1250000000,,-1400000000,,,-43.03,,,,,,,,,,,,,,,,,,,,,,false,true,12,2019-04-01,2020-03-31,0
2020-02-07,40800,2019-03-31,,32632000000,,,,,,-494000000,,-521000000,,-524000000,,,-19.17,,,,,,,,,,,,,,,,,,,,,,false,false,12,2018-04-01,2019-03-31,-1
2020-05-12,40800,2020-03-31,,20073000000,-0.385,,,,,-1365000000,,-1503000000,,-1628000000,,,-50.06,,-0.118,-0.058,-0.068,,26259000000,13029000000,0.496,400.52,13029000000,-2042000000,-7356000000,2557000000,1714000000,0.00,,,,32533000,1086,32531914,false,false,12,2019-04-01,2020-03-31,0
2020-05-12,40800,2019-03-31,,32632000000,0.524,,,,,-494000000,,-521000000,,-524000000,,,-19.17,,-0.045,-0.025,-0.015,,26021000000,14662000000,0.563,450.71,14662000000,2524000000,-3212000000,6276000000,8535000000,0.00,,,,32533000,1086,27374482,false,false,12,2018-04-01,2019-03-31,-1
2020-05-12,40800,2021-03-31,,30000000000,0.494,,,,,130000000,,70000000,,50000000,,,1.54,,,,,,,,,,,,,,,,,,,,,,false,true,12,2020-04-01,2021-03-31,1
2020-08-06,40800,2021-03-31,1,4166000000,-0.193,,,,,-351000000,,-366000000,,-367000000,,,-11.30,,,,,,25262000000,12662000000,0.501,,12662000000,,,,,,,,,32533000,1086,32531914,false,false,3,2020-04-01,2020-06-30,0
2020-08-06,40800,2020-03-31,1,5161000000,-0.332,,,,,-153000000,,-166000000,,-143000000,,,-4.40,,,,,,,,,,,,,,,,,,,,,32531914,false,false,3,2019-04-01,2019-06-30,-1
2020-08-06,40800,2021-03-31,1,30000000000,0.494,,,,,130000000,,70000000,,50000000,,,1.54,,,,,,,,,,,,,,,0.00,,,,,,,false,true,12,2020-04-01,2021-03-31,0
2020-08-06,40800,2020-03-31,1,,,,,,,,,,,,,,,,,,,,26259000000,13029000000,0.496,,13029000000,,,,,0.00,,,,32533000,1086,,false,false,12,2019-04-01,2020-03-31,-1
2020-11-13,40800,2021-03-31,2,9995000000,-0.065,,,,,181000000,,138000000,,-21000000,,,-0.66,,,,,,28994000000,13009000000,0.449,,13009000000,,,,,,,,,32533000,1119,32531908,false,false,6,2020-04-01,2020-09-30,0
2020-11-13,40800,2020-03-31,2,10686000000,-0.367,,,,,-391000000,,-410000000,,-533000000,,,-16.39,,,,,,,,,,,,,,,,,,,,,32531914,false,false,6,2019-04-01,2019-09-30,-1
2020-11-13,40800,2021-03-31,2,23000000000,0.146,,,,,-500000000,,-550000000,,-900000000,,,-27.67,,,,,,,,,,,,,,,0.00,,,,,,,false,true,12,2020-04-01,2021-03-31,0
2020-11-13,40800,2020-03-31,2,,,,,,,,,,,,,,,,,,,,26259000000,13029000000,0.496,,13029000000,,,,,0.00,,,,32533000,1086,,false,false,12,2019-04-01,2020-03-31,-1
2020-11-13,40800,2021-03-31,2,,,,,,,,,,,,,,,,,,,,,,,,,,,,,0.00,,,,,,,false,false,12,2020-04-01,2021-03-31,0
2021-02-09,40800,2021-03-31,3,15777000000,0.019,,,,,-77000000,,-148000000,,-462000000,,,-14.22,,,,,,29983000000,12570000000,0.419,,12570000000,,,,,,,,,32533000,1119,32531899,false,false,9,2020-04-01,2020-12-31,0
2021-02-09,40800,2020-03-31,3,15487000000,-0.398,,,,,-763000000,,-787000000,,-913000000,,,-28.08,,,,,,,,,,,,,,,,,,,,,32531914,false,false,9,2019-04-01,2019-12-31,-1
2021-02-09,40800,2021-03-31,3,23000000000,0.146,,,,,-500000000,,-550000000,,-900000000,,,-27.67,,,,,,,,,,,,,,,0.00,,,,,,,false,true,12,2020-04-01,2021-03-31,0
2021-02-09,40800,2020-03-31,3,,,,,,,,,,,,,,,,,,,,26259000000,13029000000,0.496,,13029000000,,,,,0.00,,,,32533000,1086,,false,false,12,2019-04-01,2020-03-31,-1
2021-02-09,40800,2021-03-31,3,,,,,,,,,,,,,,,,,,,,,,,,,,,,,0.00,,,,,,,false,false,12,2020-04-01,2021-03-31,0
2021-05-12,40800,2021-03-31,,22754000000,0.134,,,,,-20000000,,-30000000,,-414000000,,,-12.74,,-0.032,-0.001,-0.001,,33894000000,12622000000,0.372,388.00,12622000000,-90000000,-7768000000,8687000000,2529000000,0.00,,,,32533000,1119,32531895,false,false,12,2020-04-01,2021-03-31,0
2021-05-12,40800,2020-03-31,,20073000000,-0.385,,,,,-1365000000,,-1503000000,,-1628000000,,,-50.06,,-0.118,-0.058,-0.068,,26259000000,13029000000,0.496,400.52,13029000000,-1936000000,-7356000000,2451000000,1714000000,0.00,,,,32533000,1086,32531914,false,false,12,2019-04-01,2020-03-31,-1
2021-05-12,40800,2022-03-31,,33000000000,0.450,,,,,-650000000,,-700000000,,-900000000,,,-27.67,,,,,,,,,,,,,,,0.00,,,,,,,false,true,12,2021-04-01,2022-03-31,1
2021-08-02,40800,2022-03-31,1,9749000000,1.340,,,,,339000000,,317000000,,272000000,,,8.38,,,,,,33792000000,12892000000,0.382,,12892000000,,,,,,,,,32533000,1119,32531881,false,false,3,2021-04-01,2021-06-30,0
2021-08-02,40800,2021-03-31,1,4166000000,-0.193,,,,,-351000000,,-366000000,,-367000000,,,-11.30,,,,,,,,,,,,,,,,,,,,,32531914,false,false,3,2020-04-01,2020-06-30,-1
2021-08-02,40800,2022-03-31,1,33000000000,0.450,,,,,-650000000,,-700000000,,-900000000,,,-27.67,,,,,,,,,,,,,,,0.00,,,,,,,false,true,12,2021-04-01,2022-03-31,0
2021-08-02,40800,2021-03-31,1,,,,,,,,,,,,,,,,,,,,33894000000,12622000000,0.372,,12622000000,,,,,0.00,,,,32533000,1119,,false,false,12,2020-04-01,2021-03-31,-1
2021-10-26,40800,2022-03-31,2,19439000000,0.945,,,,,620000000,2.423,587000000,3.235,497000000,,,15.29,,,,,,34889000000,13120000000,0.376,,13120000000,,,,,,,,,32533000,1119,32531881,false,false,6,2021-04-01,2021-09-30,0
2021-10-26,40800,2021-03-31,2,9995000000,-0.065,,,,,181000000,,138000000,,-21000000,,,-0.66,,,,,,,,,,,,,,,,,,,,,32531908,false,false,6,2020-04-01,2020-09-30,-1
2021-10-26,40800,2022-03-31,2,43000000000,0.890,,,,,800000000,,730000000,,650000000,,,19.98,,,,,,,,,,,,,,,0.00,,,,,,,false,true,12,2021-04-01,2022-03-31,0
2021-10-26,40800,2021-03-31,2,,,,,,,,,,,,,,,,,,,,33894000000,12622000000,0.372,,12622000000,,,,,0.00,,,,32533000,1119,,false,false,12,2020-04-01,2021-03-31,-1
2021-10-26,40800,2022-03-31,2,,,,,,,,,,,,,,,,,,,,,,,,,,,,,0.00,,,,,,,false,false,12,2021-04-01,2022-03-31,0
2022-01-28,40800,2022-03-31,3,28256000000,0.791,,,,,639000000,,545000000,,507000000,,,15.59,,,,,,37077000000,13130000000,0.354,,13130000000,,,,,,,,,32533000,1119,32531881,false,false,9,2021-04-01,2021-12-31,0
2022-01-28,40800,2021-03-31,3,15777000000,0.019,,,,,-77000000,,-148000000,,-462000000,,,-14.22,,,,,,,,,,,,,,,,,,,,,32531899,false,false,9,2020-04-01,2020-12-31,-1
2022-01-28,40800,2022-03-31,3,43000000000,0.890,,,,,800000000,,730000000,,650000000,,,19.98,,,,,,,,,,,,,,,0.00,,,,,,,false,true,12,2021-04-01,2022-03-31,0
2022-01-28,40800,2021-03-31,3,,,,,,,,,,,,,,,,,,,,33894000000,12622000000,0.372,,12622000000,,,,,0.00,,,,32533000,1119,,false,false,12,2020-04-01,2021-03-31,-1
2022-01-28,40800,2022-03-31,3,,,,,,,,,,,,,,,,,,,,,,,,,,,,,0.00,,,,,,,false,false,12,2021-04-01,2022-03-31,0
2022-05-12,40800,2022-03-31,,40531000000,0.781,,,,,825000000,,769000000,,731000000,,,22.50,,0.056,0.021,0.020,,39018000000,13360000000,0.342,410.68,13360000000,145000000,-2201000000,794000000,1303000000,0.00,,,,32533000,1119,32531881,false,false,12,2021-04-01,2022-03-31,0
2022-05-12,40800,2021-03-31,,22754000000,0.134,,,,,-20000000,,-30000000,,-414000000,,,-12.74,,-0.032,-0.001,-0.001,,33894000000,12622000000,0.372,388.00,12622000000,-90000000,-7768000000,8687000000,2529000000,0.00,,,,32533000,1119,32531895,false,false,12,2020-04-01,2021-03-31,-1
2022-05-12,40800,2023-03-31,,70000000000,0.727,,,,,-600000000,,-700000000,,-700000000,,,-21.52,,,,,,,,,,,,,,,0.00,,,,,,,false,true,12,2022-04-01,2023-03-31,1
2022-07-29,40800,2023-03-31,1,15251000000,0.564,,,,,1167000000,2.436,1153000000,2.628,1053000000,,2.866,32.39,,,,,,41673000000,14414000000,0.346,,14414000000,,,,,,,,,32533000,1119,32531881,false,false,3,2022-04-01,2022-06-30,0
2022-07-29,40800,2022-03-31,1,9749000000,1.340,,,,,339000000,,317000000,,272000000,,,8.38,,,,,,,,,,,,,,,,,,,,,32531881,false,false,3,2021-04-01,2021-06-30,-1
2022-07-29,40800,2023-03-31,1,70000000000,0.727,,,,,-600000000,,-700000000,,-700000000,,,-21.52,,,,,,,,,,,,,,,0.00,,,,,,,false,true,12,2022-04-01,2023-03-31,0
2022-07-29,40800,2022-03-31,1,,,,,,,,,,,,,,,,,,,,39018000000,13360000000,0.342,,13360000000,,,,,0.00,,,,32533000,1119,,false,false,12,2021-04-01,2022-03-31,-1
2022-10-28,40800,2023-03-31,2,30052000000,0.546,,,,,1822000000,1.939,1646000000,1.804,1494000000,,2.004,45.94,,,,,,39285000000,14854000000,0.378,,14854000000,,,,,,,,,32533000,1193,32531865,false,false,6,2022-04-01,2022-09-30,0
2022-10-28,40800,2022-03-31,2,19439000000,0.945,,,,,620000000,2.423,587000000,3.235,497000000,,,15.29,,,,,,,,,,,,,,,,,,,,,32531881,false,false,6,2021-04-01,2021-09-30,-1
2022-10-28,40800,2023-03-31,2,60000000000,0.480,,,,,1600000000,0.939,1400000000,0.820,1000000000,,0.366,30.74,,,,,,,,,,,,,,,0.00,,,,,,,false,true,12,2022-04-01,2023-03-31,0
2022-10-28,40800,2022-03-31,2,,,,,,,,,,,,,,,,,,,,39018000000,13360000000,0.342,,13360000000,,,,,0.00,,,,32533000,1119,,false,false,12,2021-04-01,2022-03-31,-1
2022-10-28,40800,2023-03-31,2,,,,,,,,,,,,,,,,,,,,,,,,,,,,,0.00,,,,,,,false,false,12,2022-04-01,2023-03-31,0
2023-01-27,40800,2023-03-31,3,44636000000,0.580,,,,,2504000000,2.915,2393000000,3.388,2161000000,,3.260,66.43,,,,,,41188000000,15525000000,0.377,,15525000000,,,,,,,,,32533000,1243,32531837,false,false,9,2022-04-01,2022-12-31,0
2023-01-27,40800,2022-03-31,3,28256000000,0.791,,,,,639000000,,545000000,,507000000,,,15.59,,,,,,,,,,,,,,,,,,,,,32531881,false,false,9,2021-04-01,2021-12-31,-1
2023-01-27,40800,2023-03-31,3,60000000000,0.480,,,,,1600000000,0.939,1400000000,0.820,1000000000,,0.366,30.74,,,,,,,,,,,,,,,0.00,,,,,,,false,true,12,2022-04-01,2023-03-31,0
2023-01-27,40800,2022-03-31,3,,,,,,,,,,,,,,,,,,,,39018000000,13360000000,0.342,,13360000000,,,,,0.00,,,,32533000,1119,,false,false,12,2021-04-01,2022-03-31,-1
2023-01-27,40800,2023-03-31,3,,,,,,,,,,,,,,,,,,,,,,,,,,,,,0.00,,,,,,,false,false,12,2022-04-01,2023-03-31,0
2023-05-11,40800,2023-03-31,,57672000000,0.423,,,,,1773000000,1.150,1579000000,1.053,1290000000,,0.763,39.66,,0.092,0.040,0.031,,40087000000,14657000000,0.366,450.57,14657000000,8245000000,-1415000000,-2344000000,5806000000,0.00,,,,32533000,1243,32531818,false,false,12,2022-04-01,2023-03-31,0
2023-05-11,40800,2022-03-31,,40531000000,0.781,,,,,825000000,,769000000,,731000000,,,22.50,,0.056,0.021,0.020,,39018000000,13360000000,0.342,410.68,13360000000,145000000,-2201000000,794000000,1303000000,0.00,,,,32533000,1119,32531881,false,false,12,2021-04-01,2022-03-31,-1
2023-05-11,40800,2024-03-31,,64000000000,0.110,,,,,1000000000,-0.436,930000000,-0.411,830000000,,-0.357,25.51,,,,,,,,,,,,,,,0.00,,,,,,,false,true,12,2023-04-01,2024-03-31,1
2023-08-01,40800,2024-03-31,1,13061000000,-0.144,,,,,1348000000,0.156,1146000000,-0.005,1112000000,,0.056,34.20,,,,,,39293000000,15780000000,0.402,,15780000000,,,,,,,,,32533000,1243,32531757,false,false,3,2023-04-01,2023-06-30,0
2023-08-01,40800,2023-03-31,1,15251000000,0.564,,,,,1167000000,2.436,1153000000,2.628,1053000000,,2.866,32.39,,,,,,,,,,,,,,,,,,,,,32531881,false,false,3,2022-04-01,2022-06-30,-1
2023-08-01,40800,2024-03-31,1,64000000000,0.110,,,,,1000000000,-0.436,930000000,-0.411,830000000,,-0.357,25.51,,,,,,,,,,,,,,,0.00,,,,,,,false,true,12,2023-04-01,2024-03-31,0
2023-08-01,40800,2023-03-31,1,,,,,,,,,,,,,,,,,,,,40087000000,14657000000,0.366,,14657000000,,,,,0.00,,,,32533000,1243,,false,false,12,2022-04-01,2023-03-31,-1
2023-10-30,40800,2024-03-31,2,24614000000,-0.181,,,,,1777000000,-0.025,1691000000,0.028,1431000000,,-0.042,44.01,,,,,,34488000000,16100000000,0.467,,16100000000,,,,,,,,,32533000,1243,32531757,false,false,6,2023-04-01,2023-09-30,0
2023-10-30,40800,2023-03-31,2,30052000000,0.546,,,,,1822000000,1.939,1646000000,1.804,1494000000,,2.004,45.94,,,,,,,,,,,,,,,,,,,,,32531865,false,false,6,2022-04-01,2022-09-30,-1
2023-10-30,40800,2024-03-31,2,64000000000,0.110,,,,,1000000000,-0.436,930000000,-0.411,830000000,,-0.357,25.51,,,,,,,,,,,,,,,0.00,,,,,,,false,true,12,2023-04-01,2024-03-31,0
2023-10-30,40800,2023-03-31,2,,,,,,,,,,,,,,,,,,,,40087000000,14657000000,0.366,,14657000000,,,,,0.00,,,,32533000,1243,,false,false,12,2022-04-01,2023-03-31,-1
2023-10-30,40800,2024-03-31,2,,,,,,,,,,,,,,,,,,,,,,,,,,,,,0.00,,,,,,,false,false,12,2023-04-01,2024-03-31,0
2024-02-01,40800,2024-03-31,3,35925000000,-0.195,,,,,2254000000,-0.100,2009000000,-0.161,1728000000,,-0.200,53.14,,,,,,36226000000,16398000000,0.453,,16398000000,,,,,,,,,32533000,1243,32531757,false,false,9,2023-04-01,2023-12-31,0
2024-02-01,40800,2023-03-31,3,44636000000,0.580,,,,,2504000000,2.915,2393000000,3.388,2161000000,,3.260,66.43,,,,,,,,,,,,,,,,,,,,,32531837,false,false,9,2022-04-01,2022-12-31,-1
2024-02-01,40800,2024-03-31,3,47000000000,-0.185,,,,,2700000000,0.522,2500000000,0.583,2000000000,,0.550,61.48,,,,,,,,,,,,,,,4.00,,,,,,,false,true,12,2023-04-01,2024-03-31,0
2024-02-01,40800,2023-03-31,3,,,,,,,,,,,,,,,,,,,,40087000000,14657000000,0.366,,14657000000,,,,,0.00,,,,32533000,1243,,false,false,12,2022-04-01,2023-03-31,-1
2024-02-01,40800,2024-03-31,3,,,,,,,,,,,,,,,,,,,,,,,,,,,,,0.00,,,,,,,false,false,12,2023-04-01,2024-03-31,0
2024-05-09,40800,2024-03-31,,47987000000,-0.168,,,,,2771000000,0.562,2782000000,0.762,2555000000,,0.981,78.57,,0.160,0.071,0.058,,38134000000,17234000000,0.452,529.77,17234000000,3439000000,-536000000,-1512000000,7322000000,4.00,0.051,,,32533000,1253,32531756,false,false,12,2023-04-01,2024-03-31,0
2024-05-09,40800,2023-03-31,,57672000000,0.423,,,,,1773000000,1.150,1579000000,1.053,1290000000,,0.763,39.66,,0.092,0.040,0.031,,40087000000,14657000000,0.366,450.57,14657000000,8245000000,-1415000000,-2344000000,5806000000,0.00,,,,32533000,1243,32531818,false,false,12,2022-04-01,2023-03-31,-1
2024-05-09,40800,2025-03-31,,50000000000,0.042,,,,,1500000000,-0.459,1400000000,-0.497,1400000000,,-0.452,43.03,,,,,,,,,,,,,,,4.00,0.093,,,,,,false,true,12,2024-04-01,2025-03-31,1
2024-08-01,40800,2025-03-31,1,9449000000,-0.277,,,,,1081000000,-0.198,1202000000,0.049,1194000000,,0.073,36.71,,,,,,37585000000,18299000000,0.487,,18299000000,,,,,,,,,32533000,1253,32531747,false,false,3,2024-04-01,2024-06-30,0
2024-08-01,40800,2024-03-31,1,13061000000,-0.144,,,,,1348000000,0.156,1146000000,-0.005,1112000000,,0.056,34.20,,,,,,,,,,,,,,,,,,,,,32531757,false,false,3,2023-04-01,2023-06-30,-1
2024-08-01,40800,2025-03-31,1,50000000000,0.042,,,,,1500000000,-0.459,1400000000,-0.497,1400000000,,-0.452,43.03,,,,,,,,,,,,,,,4.00,,,,,,,false,true,12,2024-04-01,2025-03-31,0
2024-08-01,40800,2024-03-31,1,,,,,,,,,,,,,,,,,,,,38134000000,17234000000,0.452,,17234000000,,,,,4.00,,,,32533000,1253,,false,false,12,2023-04-01,2024-03-31,-1
2024-10-28,40800,2025-03-31,2,18793000000,-0.236,,,,,1098000000,-0.382,1061000000,-0.372,1077000000,,-0.247,33.12,,,,,,35779000000,18172000000,0.508,,18172000000,,,,,,,,,32533000,1253,32531747,false,false,6,2024-04-01,2024-09-30,0
2024-10-28,40800,2024-03-31,2,24614000000,-0.181,,,,,1777000000,-0.025,1691000000,0.028,1431000000,,-0.042,44.01,,,,,,,,,,,,,,,,,,,,,32531757,false,false,6,2023-04-01,2023-09-30,-1
2024-10-28,40800,2025-03-31,2,50000000000,0.042,,,,,1500000000,-0.459,1400000000,-0.497,1400000000,,-0.452,43.03,,,,,,,,,,,,,,,4.00,,,,,,,false,true,12,2024-04-01,2025-03-31,0
2024-10-28,40800,2024-03-31,2,,,,,,,,,,,,,,,,,,,,38134000000,17234000000,0.452,,17234000000,,,,,4.00,,,,32533000,1253,,false,false,12,2023-04-01,2024-03-31,-1
2024-10-28,40800,2025-03-31,2,,,,,,,,,,,,,,,,,,,,,,,,,,,,,0.00,,,,,,,false,false,12,2024-04-01,2025-03-31,0
2025-01-30,40800,2025-03-31,3,27048000000,-0.247,,,,,979000000,-0.565,1055000000,-0.475,1098000000,,-0.365,33.76,,,,,,33955000000,18198000000,0.536,,18198000000,,,,,,,,,32533000,1253,32531747,false,false,9,2024-04-01,2024-12-31,0
2025-01-30,40800,2024-03-31,3,35925000000,-0.195,,,,,2254000000,-0.100,2009000000,-0.161,1728000000,,-0.200,53.14,,,,,,,,,,,,,,,,,,,,,32531757,false,false,9,2023-04-01,2023-12-31,-1
2025-01-30,40800,2025-03-31,3,38000000000,-0.208,,,,,900000000,-0.675,1000000000,-0.641,1100000000,,-0.570,33.81,,,,,,,,,,,,,,,4.00,,,,,,,false,true,12,2024-04-01,2025-03-31,0
2025-01-30,40800,2024-03-31,3,,,,,,,,,,,,,,,,,,,,38134000000,17234000000,0.452,,17234000000,,,,,4.00,,,,32533000,1253,,false,false,12,2023-04-01,2024-03-31,-1
2025-01-30,40800,2025-03-31,3,,,,,,,,,,,,,,,,,,,,,,,,,,,,,0.00,,,,,,,false,false,12,2024-04-01,2025-03-31,0
2025-03-17,40800,2025-03-31,,36000000000,-0.053,,,,,-450000000,-1.500,-450000000,-1.450,-150000000,,-1.136,-4.61,,,,,,,,,,,,,,,0.00,,,,,,,false,true,12,2024-04-01,2025-03-31,0
2025-03-17,40800,2024-03-31,,47987000000,,,,,,2771000000,,2782000000,,2555000000,,,78.57,,,,,,,,,,,,,,,4.00,,,,,,,false,false,12,2023-04-01,2024-03-31,-1
2025-03-17,40800,2025-03-31,,,,,,,,,,,,,,,,,,,,,,,,,,,,,,0.00,,,,,,,false,false,12,2024-04-01,2025-03-31,0
2025-05-08,4080,2025-03-31,,36497000000,-0.239,,,,,-338000000,,-373000000,,-257000000,,,-7.93,,-0.015,-0.011,-0.009,,33042000000,16841000000,0.510,517.70,16841000000,274000000,-416000000,-2275000000,4894000000,0.00,,,,32533000,1253,32531747,false,false,12,2024-04-01,2025-03-31,0
2025-05-08,4080,2024-03-31,,47987000000,-0.168,,,,,2771000000,0.562,2782000000,0.762,2555000000,,0.981,78.57,,0.160,0.071,0.058,,38134000000,17234000000,0.452,529.77,17234000000,3439000000,-536000000,-1512000000,7322000000,4.00,0.051,,,32533000,1253,32531756,false,false,12,2023-04-01,2024-03-31,-1
2025-05-08,4080,2026-03-31,,46000000000,0.260,,,,,-600000000,,-700000000,,-700000000,,,-21.52,,,,,,,,,,,,,,,0.00,,,,,,,false,true,12,2025-04-01,2026-03-31,1
2025-07-31,4080,2026-03-31,1,8968000000,-0.051,,,,,-59000000,,-209000000,,-210000000,,,-6.47,,,,,,35196000000,16636000000,0.473,,16636000000,,,,,,,,,32533000,1253,32531747,false,false,3,2025-04-01,2025-06-30,0
2025-07-31,4080,2025-03-31,1,9449000000,-0.277,,,,,1081000000,-0.198,1202000000,0.049,1194000000,,0.073,36.71,,,,,,,,,,,,,,,,,,,,,32531747,false,false,3,2024-04-01,2024-06-30,-1
2025-07-31,4080,2026-03-31,1,46000000000,0.260,,,,,-600000000,,-700000000,,-700000000,,,-21.52,,,,,,,,,,,,,,,0.00,,,,,,,false,true,12,2025-04-01,2026-03-31,0
2025-07-31,4080,2025-03-31,1,,,,,,,,,,,,,,,,,,,,33042000000,16841000000,0.510,,16841000000,,,,,0.00,,,,32533000,1253,,false,false,12,2024-04-01,2025-03-31,-1
