filing_date,code,fiscal_year_end,quarterly_period,net_sales,net_sales_change,revenue,revenue_change,operating_revenue,operating_revenue_change,operating_profit,operating_profit_change,ordinary_profit,ordinary_profit_change,net_income,net_income_of_parent,net_income_change,eps,diluted_eps,roe,roa,operating_profit_to_net_sales,operating_profit_to_revenue,total_assets,net_assets,equity_ratio,bps,owner_equity,operating_cash_flow,investing_cash_flow,financing_cash_flow,cash,dividend_per_share,payout_ratio,commemorative_dividend,extra_dividend,number_of_shares,number_of_treqsury_shares,avg_number_of_shares,is_consolidated,is_forecast,duration,period_start,period_end,period_pos
2015-05-11,41120,2015-03-31,,34688000000,-0.028,,,,,796000000,,730000000,,623000000,,,7.89,,0.022,0.014,0.023,,54483000000,32107000000,0.543,374.00,29569000000,2753000000,-489000000,-35000000,6654000000,,0.570,,,,,,true,false,12,2014-04-01,2015-03-31,0
2015-05-11,41120,2014-03-31,,35687000000,0.014,,,,,34000000,-0.962,-310000000,,-1271000000,,,-16.08,,-0.047,0.006,0.001,,50926000000,29151000000,0.529,340.85,26955000000,2861000000,-3800000000,-423000000,4190000000,,,,,,,,true,false,12,2013-04-01,2014-03-31,-1
2015-05-11,41120,2016-03-31,,36000000000,0.038,,,,,800000000,0.005,600000000,-0.178,,400000000,,5.06,,,,,,,,,,,,,,,,0.988,,,,,,true,true,12,2015-04-01,2016-03-31,1
2015-05-11,41120,2014-03-31,,,,,,,,,,,,,,,,,,,,,,,,,,,,,,4.00,,,,84137261,5054476,79093310,false,false,12,2013-04-01,2014-03-31,-1
2015-05-11,41120,2015-03-31,,,,,,,,,,,,,,,,,,,,,,,,,,,,,,4.50,,,,84137261,5074511,79075498,false,false,12,2014-04-01,2015-03-31,0
2015-05-11,41120,2016-03-31,,,,,,,,,,,,,,,,,,,,,,,,,,,,,,5.00,,,,,,,false,true,12,2015-04-01,2016-03-31,1
2015-07-31,41120,2016-03-31,1,7738000000,-0.071,,,,,-157000000,,-144000000,,,-137000000,,-1.74,,,,,,53968000000,32098000000,0.550,,29684000000,,,,,,,,,,,,true,false,3,2015-04-01,2015-06-30,0
2015-07-31,41120,2015-03-31,1,8325000000,-0.033,,,,,164000000,0.482,129000000,0.582,,74000000,,0.94,,,,,,,,,,,,,,,,,,,,,,true,false,3,2014-04-01,2014-06-30,-1
2015-07-31,41120,2016-03-31,1,36000000000,0.038,,,,,800000000,0.005,600000000,-0.178,,400000000,,5.06,,,,,,,,,,,,,,,,,,,,,,true,true,12,2015-04-01,2016-03-31,0
2015-07-31,41120,2015-03-31,1,,,,,,,,,,,,,,,,,,,,54483000000,32107000000,0.543,,29569000000,,,,,,,,,,,,true,false,12,2014-04-01,2015-03-31,-1
2015-07-31,41120,2015-03-31,1,,,,,,,,,,,,,,,,,,,,,,,,,,,,,4.50,,,,84137261,5074511,,false,false,12,2014-04-01,2015-03-31,-1
2015-07-31,41120,2016-03-31,1,,,,,,,,,,,,,,,,,,,,,,,,,,,,,5.00,,,,,,,false,true,12,2015-04-01,2016-03-31,0
2015-07-31,41120,2016-03-31,1,,,,,,,,,,,,,,,,,,,,,,,,,,,,,,,,,84137261,5077239,79061066,false,false,3,2015-04-01,2015-06-30,0
2015-07-31,41120,2015-03-31,1,,,,,,,,,,,,,,,,,,,,,,,,,,,,,,,,,,,79081810,false,false,3,2014-04-01,2014-06-30,-1
2015-10-30,41120,2016-03-31,2,16062000000,-0.019,,,,,17000000,-0.587,-47000000,,,-41000000,,-0.53,,,,,,51600000000,30983000000,0.558,,28773000000,,,,,,,,,,,,true,false,6,2015-04-01,2015-09-30,0
2015-10-30,41120,2015-03-31,2,16377000000,-0.044,,,,,42000000,-0.293,-19000000,,,-69000000,,-0.88,,,,,,,,,,,,,,,,,,,,,,true,false,6,2014-04-01,2014-09-30,-1
2015-10-30,41120,2016-03-31,2,36000000000,0.038,,,,,800000000,0.005,600000000,-0.178,,400000000,,5.06,,,,,,,,,,,,,,,,,,,,,,true,true,12,2015-04-01,2016-03-31,0
2015-10-30,41120,2015-03-31,2,,,,,,,,,,,,,,,,,,,,54483000000,32107000000,0.543,,29569000000,,,,,,,,,,,,true,false,12,2014-04-01,2015-03-31,-1
2015-10-30,41120,2015-03-31,2,,,,,,,,,,,,,,,,,,,,,,,,,,,,,4.50,,,,84137261,5074511,,false,false,12,2014-04-01,2015-03-31,-1
2015-10-30,41120,2016-03-31,2,,,,,,,,,,,,,,,,,,,,,,,,,,,,,2.50,,,,,,,false,false,12,2015-04-01,2016-03-31,0
2015-10-30,41120,2016-03-31,2,,,,,,,,,,,,,,,,,,,,,,,,,,,,,5.00,,,,,,,false,true,12,2015-04-01,2016-03-31,0
2015-10-30,41120,2016-03-31,2,,,,,,,,,,,,,,,,,,,,,,,,,,,,,,,,,84137261,5079313,79059651,false,false,6,2015-04-01,2015-09-30,0
2015-10-30,41120,2015-03-31,2,,,,,,,,,,,,,,,,,,,,,,,,,,,,,,,,,,,79079995,false,false,6,2014-04-01,2014-09-30,-1
2016-01-29,41120,2016-03-31,3,24153000000,-0.019,,,,,4000000,-0.756,-35000000,,,52000000,,0.67,,,,,,53221000000,31108000000,0.545,,28990000000,,,,,,,,,,,,true,false,9,2015-04-01,2015-12-31,0
2016-01-29,41120,2015-03-31,3,24615000000,-0.029,,,,,18000000,,68000000,,,81000000,,1.03,,,,,,,,,,,,,,,,,,,,,,true,false,9,2014-04-01,2014-12-31,-1
2016-01-29,41120,2016-03-31,3,36000000000,0.038,,,,,800000000,0.005,600000000,-0.178,,400000000,,5.06,,,,,,,,,,,,,,,,,,,,,,true,true,12,2015-04-01,2016-03-31,0
2016-01-29,41120,2015-03-31,3,,,,,,,,,,,,,,,,,,,,54483000000,32107000000,0.543,,29569000000,,,,,,,,,,,,true,false,12,2014-04-01,2015-03-31,-1
2016-01-29,41120,2015-03-31,3,,,,,,,,,,,,,,,,,,,,,,,,,,,,,4.50,,,,84137261,5074511,,false,false,12,2014-04-01,2015-03-31,-1
2016-01-29,41120,2016-03-31,3,,,,,,,,,,,,,,,,,,,,,,,,,,,,,2.50,,,,,,,false,false,12,2015-04-01,2016-03-31,0
2016-01-29,41120,2016-03-31,3,,,,,,,,,,,,,,,,,,,,,,,,,,,,,5.00,,,,,,,false,true,12,2015-04-01,2016-03-31,0
2016-01-29,41120,2016-03-31,3,,,,,,,,,,,,,,,,,,,,,,,,,,,,,,,,,84137261,5082143,79058629,false,false,9,2015-04-01,2015-12-31,0
2016-01-29,41120,2015-03-31,3,,,,,,,,,,,,,,,,,,,,,,,,,,,,,,,,,,,79078249,false,false,9,2014-04-01,2014-12-31,-1
2016-05-11,41120,2016-03-31,,33826000000,-0.025,,,,,828000000,0.040,633000000,-0.133,,811000000,,10.26,,0.028,0.012,0.025,,51133000000,31056000000,0.566,365.82,28919000000,2322000000,-780000000,-1880000000,6175000000,,0.487,,,,,,true,false,12,2015-04-01,2016-03-31,0
2016-05-11,41120,2015-03-31,,34688000000,-0.028,,,,,796000000,,730000000,,,623000000,,7.89,,0.022,0.014,0.023,,54483000000,32107000000,0.543,374.00,29569000000,2753000000,-489000000,-35000000,6654000000,,0.570,,,,,,true,false,12,2014-04-01,2015-03-31,-1
2016-05-11,41120,2017-03-31,,34000000000,0.005,,,,,1000000000,0.208,900000000,0.422,800000000,,-0.014,10.12,,,,,,,,,,,,,,,,0.474,,,,,,true,true,12,2016-04-01,2017-03-31,1
2016-05-11,41120,2015-03-31,,,,,,,,,,,,,,,,,,,,,,,,,,,,,,4.50,,,,84137261,5074511,79075498,false,false,12,2014-04-01,2015-03-31,-1
2016-05-11,41120,2016-03-31,,,,,,,,,,,,,,,,,,,,,,,,,,,,,,5.00,,,,84137261,5083717,79057525,false,false,12,2015-04-01,2016-03-31,0
2016-05-11,41120,2017-03-31,,,,,,,,,,,,,,,,,,,,,,,,,,,,,,6.00,,,,,,,false,true,12,2016-04-01,2017-03-31,1
2016-05-11,41120,2016-03-31,,33826000000,-0.025,,,,,828000000,0.040,633000000,-0.133,,811000000,,10.26,,0.028,0.012,0.025,,51133000000,31056000000,0.566,365.82,28919000000,2322000000,-780000000,-1880000000,6175000000,,0.487,,,,,,true,false,12,2015-04-01,2016-03-31,0
2016-05-11,41120,2015-03-31,,34688000000,-0.028,,,,,796000000,,730000000,,,623000000,,7.89,,0.022,0.014,0.023,,54483000000,32107000000,0.543,374.00,29569000000,2753000000,-489000000,-35000000,6654000000,,0.570,,,,,,true,false,12,2014-04-01,2015-03-31,-1
2016-05-11,41120,2017-03-31,,34000000000,0.005,,,,,1000000000,0.208,900000000,0.422,,800000000,,10.12,,,,,,,,,,,,,,,,0.593,,,,,,true,true,12,2016-04-01,2017-03-31,1
2016-05-11,41120,2015-03-31,,,,,,,,,,,,,,,,,,,,,,,,,,,,,,4.50,,,,84137261,5074511,79075498,false,false,12,2014-04-01,2015-03-31,-1
2016-05-11,41120,2016-03-31,,,,,,,,,,,,,,,,,,,,,,,,,,,,,,5.00,,,,84137261,5083717,79057525,false,false,12,2015-04-01,2016-03-31,0
2016-05-11,41120,2017-03-31,,,,,,,,,,,,,,,,,,,,,,,,,,,,,,6.00,,,,,,,false,true,12,2016-04-01,2017-03-31,1
2016-07-29,41120,2017-03-31,1,7578000000,-0.021,,,,,189000000,,6000000,,,69000000,,0.87,,,,,,49142000000,30067000000,0.573,,28143000000,,,,,,,,,,,,true,false,3,2016-04-01,2016-06-30,0
2016-07-29,41120,2016-03-31,1,7738000000,-0.071,,,,,-157000000,,-144000000,,,-137000000,,-1.74,,,,,,,,,,,,,,,,,,,,,,true,false,3,2015-04-01,2015-06-30,-1
2016-07-29,41120,2017-03-31,1,34000000000,0.005,,,,,1000000000,0.208,900000000,0.422,,800000000,,101.19,,,,,,,,,,,,,,,,,,,,,,true,true,12,2016-04-01,2017-03-31,0
2016-07-29,41120,2016-03-31,1,,,,,,,,,,,,,,,,,,,,51133000000,31056000000,0.566,,28919000000,,,,,,,,,,,,true,false,12,2015-04-01,2016-03-31,-1
2016-07-29,41120,2016-03-31,1,,,,,,,,,,,,,,,,,,,,,,,,,,,,,5.00,,,,84137261,5083717,,false,false,12,2015-04-01,2016-03-31,-1
2016-07-29,41120,2017-03-31,1,,,,,,,,,,,,,,,,,,,,,,,,,,,,,35.00,,,,,,,false,true,12,2016-04-01,2017-03-31,0
2016-07-29,41120,2017-03-31,1,,,,,,,,,,,,,,,,,,,,,,,,,,,,,,,,,84137261,5085859,79052589,false,false,3,2016-04-01,2016-06-30,0
2016-07-29,41120,2016-03-31,1,,,,,,,,,,,,,,,,,,,,,,,,,,,,,,,,,,,79061066,false,false,3,2015-04-01,2015-06-30,-1
2016-10-31,41120,2017-03-31,2,15675000000,-0.024,,,,,526000000,,276000000,,,382000000,,4.84,,,,,,49783000000,30792000000,0.581,,28942000000,,,,,,,,,,,,true,false,6,2016-04-01,2016-09-30,0
2016-10-31,41120,2016-03-31,2,16062000000,-0.019,,,,,17000000,-0.587,-47000000,,,-41000000,,-0.53,,,,,,,,,,,,,,,,,,,,,,true,false,6,2015-04-01,2015-09-30,-1
2016-10-31,41120,2017-03-31,2,34000000000,0.005,,,,,1000000000,0.208,900000000,0.422,,800000000,,101.19,,,,,,,,,,,,,,,,,,,,,,true,true,12,2016-04-01,2017-03-31,0
2016-10-31,41120,2016-03-31,2,,,,,,,,,,,,,,,,,,,,51133000000,31056000000,0.566,,28919000000,,,,,,,,,,,,true,false,12,2015-04-01,2016-03-31,-1
2016-10-31,41120,2016-03-31,2,,,,,,,,,,,,,,,,,,,,,,,,,,,,,5.00,,,,84137261,5083717,,false,false,12,2015-04-01,2016-03-31,-1
2016-10-31,41120,2017-03-31,2,,,,,,,,,,,,,,,,,,,,,,,,,,,,,2.50,,,,,,,false,false,12,2016-04-01,2017-03-31,0
2016-10-31,41120,2017-03-31,2,,,,,,,,,,,,,,,,,,,,,,,,,,,,,35.00,,,,,,,false,true,12,2016-04-01,2017-03-31,0
2016-10-31,41120,2017-03-31,2,,,,,,,,,,,,,,,,,,,,,,,,,,,,,,,,,84137261,5088481,79051455,false,false,6,2016-04-01,2016-09-30,0
2016-10-31,41120,2016-03-31,2,,,,,,,,,,,,,,,,,,,,,,,,,,,,,,,,,,,79059651,false,false,6,2015-04-01,2015-09-30,-1
2017-01-31,41120,2017-03-31,3,23675000000,-0.020,,,,,897000000,,961000000,,,1020000000,,129.11,,,,,,53259000000,32375000000,0.573,,30526000000,,,,,,,,,,,,true,false,9,2016-04-01,2016-12-31,0
2017-01-31,41120,2016-03-31,3,24153000000,-0.019,,,,,4000000,-0.756,-35000000,,,52000000,,6.68,,,,,,,,,,,,,,,,,,,,,,true,false,9,2015-04-01,2015-12-31,-1
2017-01-31,41120,2017-03-31,3,34000000000,0.005,,,,,1400000000,0.691,1300000000,1.054,,1200000000,,151.79,,,,,,,,,,,,,,,,,,,,,,true,true,12,2016-04-01,2017-03-31,0
2017-01-31,41120,2016-03-31,3,,,,,,,,,,,,,,,,,,,,51133000000,31056000000,0.566,,28919000000,,,,,,,,,,,,true,false,12,2015-04-01,2016-03-31,-1
2017-01-31,41120,2016-03-31,3,,,,,,,,,,,,,,,,,,,,,,,,,,,,,5.00,,,,8413726,508371,,false,false,12,2015-04-01,2016-03-31,-1
2017-01-31,41120,2017-03-31,3,,,,,,,,,,,,,,,,,,,,,,,,,,,,,2.50,,,,,,,false,false,12,2016-04-01,2017-03-31,0
2017-01-31,41120,2017-03-31,3,,,,,,,,,,,,,,,,,,,,,,,,,,,,,35.00,,,,,,,false,true,12,2016-04-01,2017-03-31,0
2017-01-31,41120,2017-03-31,3,,,,,,,,,,,,,,,,,,,,,,,,,,,,,,,,,8413726,509789,7904909,false,false,9,2016-04-01,2016-12-31,0
2017-01-31,41120,2016-03-31,3,,,,,,,,,,,,,,,,,,,,,,,,,,,,,,,,,,,7905862,false,false,9,2015-04-01,2015-12-31,-1
2017-01-31,41120,2017-03-31,,34000000000,0.000,,,,,1400000000,0.400,1300000000,0.444,1200000000,,0.500,151.79,,,,,,,,,,,,,,,,,,,,,,true,true,12,2016-04-01,2017-03-31,0
2017-01-31,41120,2016-03-31,,33826000000,,,,,,828000000,,633000000,,811000000,,,102.59,,,,,,,,,,,,,,,,,,,,,,true,false,12,2015-04-01,2016-03-31,-1
2017-05-15,41120,2017-03-31,,34739000000,0.027,,,,,2129000000,1.568,2094000000,2.306,,1951000000,,246.86,,0.064,0.040,0.061,,53430000000,33857000000,0.595,4023.85,31797000000,3100000000,-507000000,-2241000000,6597000000,,0.243,,,,,,true,false,12,2016-04-01,2017-03-31,0
2017-05-15,41120,2016-03-31,,33826000000,-0.025,,,,,828000000,0.040,633000000,-0.133,,811000000,,102.59,,0.028,0.012,0.025,,51133000000,31056000000,0.566,3658.17,28919000000,2322000000,-780000000,-1880000000,6175000000,,0.487,,,,,,true,false,12,2015-04-01,2016-03-31,-1
2017-05-15,41120,2018-03-31,,35500000000,0.022,,,,,1300000000,-0.389,1100000000,-0.475,,600000000,,75.91,,,,,,,,,,,,,,,,0.659,,,,,,true,true,12,2017-04-01,2018-03-31,1
2017-05-15,41120,2016-03-31,,,,,,,,,,,,,,,,,,,,,,,,,,,,,,5.00,,,,8413726,508371,7905752,false,false,12,2015-04-01,2016-03-31,-1
2017-05-15,41120,2017-03-31,,,,,,,,,,,,,,,,,,,,,,,,,,,,,,35.00,,,,8413726,511518,7904516,false,false,12,2016-04-01,2017-03-31,0
2017-05-15,41120,2018-03-31,,,,,,,,,,,,,,,,,,,,,,,,,,,,,,50.00,,,,,,,false,true,12,2017-04-01,2018-03-31,1
2017-07-31,41120,2018-03-31,1,9720000000,0.283,,,,,1303000000,5.894,1341000000,,,772000000,,97.75,,,,,,54199000000,35116000000,0.604,,32711000000,,,,,,,,,,,,true,false,3,2017-04-01,2017-06-30,0
2017-07-31,41120,2017-03-31,1,7578000000,-0.021,,,,,189000000,,6000000,,,69000000,,8.75,,,,,,,,,,,,,,,,,,,,,,true,false,3,2016-04-01,2016-06-30,-1
2017-07-31,41120,2018-03-31,1,35500000000,0.022,,,,,1300000000,-0.389,1100000000,-0.475,,600000000,,75.91,,,,,,,,,,,,,,,,,,,,,,true,true,12,2017-04-01,2018-03-31,0
2017-07-31,41120,2017-03-31,1,,,,,,,,,,,,,,,,,,,,53430000000,33857000000,0.595,,31797000000,,,,,,,,,,,,true,false,12,2016-04-01,2017-03-31,-1
2017-07-31,41120,2017-03-31,1,,,,,,,,,,,,,,,,,,,,,,,,,,,,,35.00,,,,8413726,511518,,false,false,12,2016-04-01,2017-03-31,-1
2017-07-31,41120,2018-03-31,1,,,,,,,,,,,,,,,,,,,,,,,,,,,,,50.00,,,,,,,false,true,12,2017-04-01,2018-03-31,0
2017-07-31,41120,2018-03-31,1,,,,,,,,,,,,,,,,,,,,,,,,,,,,,,,,,8413726,511497,7902176,false,false,3,2017-04-01,2017-06-30,0
2017-07-31,41120,2017-03-31,1,,,,,,,,,,,,,,,,,,,,,,,,,,,,,,,,,,,7905258,false,false,3,2016-04-01,2016-06-30,-1
2017-10-31,41120,2018-03-31,2,18938000000,0.208,,,,,2047000000,2.891,2499000000,8.030,,1637000000,,207.28,,,,,,55800000000,36162000000,0.602,,33591000000,,,,,,,,,,,,true,false,6,2017-04-01,2017-09-30,0
2017-10-31,41120,2017-03-31,2,15675000000,-0.024,,,,,526000000,,276000000,,,382000000,,48.43,,,,,,,,,,,,,,,,,,,,,,true,false,6,2016-04-01,2016-09-30,-1
2017-10-31,41120,2018-03-31,2,38200000000,0.100,,,,,3700000000,0.738,3700000000,0.767,,2000000000,,253.10,,,,,,,,,,,,,,,,,,,,,,true,true,12,2017-04-01,2018-03-31,0
2017-10-31,41120,2017-03-31,2,,,,,,,,,,,,,,,,,,,,53430000000,33857000000,0.595,,31797000000,,,,,,,,,,,,true,false,12,2016-04-01,2017-03-31,-1
2017-10-31,41120,2017-03-31,2,,,,,,,,,,,,,,,,,,,,,,,,,,,,,35.00,,,,8413726,511518,,false,false,12,2016-04-01,2017-03-31,-1
2017-10-31,41120,2018-03-31,2,,,,,,,,,,,,,,,,,,,,,,,,,,,,,25.00,,,,,,,false,false,12,2017-04-01,2018-03-31,0
2017-10-31,41120,2018-03-31,2,,,,,,,,,,,,,,,,,,,,,,,,,,,,,25.00,,,,,,,false,true,12,2017-04-01,2018-03-31,0
2017-10-31,41120,2018-03-31,2,,,,,,,,,,,,,,,,,,,,,,,,,,,,,,,,,8413726,512524,7901859,false,false,6,2017-04-01,2017-09-30,0
2017-10-31,41120,2017-03-31,2,,,,,,,,,,,,,,,,,,,,,,,,,,,,,,,,,,,7905145,false,false,6,2016-04-01,2016-09-30,-1
2018-01-31,41120,2018-03-31,3,28154000000,0.189,,,,,2992000000,2.333,3582000000,2.724,,2405000000,,304.46,,,,,,57523000000,37432000000,0.601,,34567000000,,,,,,,,,,,,true,false,9,2017-04-01,2017-12-31,0
2018-01-31,41120,2017-03-31,3,23675000000,-0.020,,,,,897000000,,961000000,,,1020000000,,129.11,,,,,,,,,,,,,,,,,,,,,,true,false,9,2016-04-01,2016-12-31,-1
2018-01-31,41120,2018-03-31,3,38200000000,0.100,,,,,3700000000,0.738,3700000000,0.767,,2000000000,,253.10,,,,,,,,,,,,,,,,,,,,,,true,true,12,2017-04-01,2018-03-31,0
2018-01-31,41120,2017-03-31,3,,,,,,,,,,,,,,,,,,,,53430000000,33857000000,0.595,,31797000000,,,,,,,,,,,,true,false,12,2016-04-01,2017-03-31,-1
2018-01-31,41120,2017-03-31,3,,,,,,,,,,,,,,,,,,,,,,,,,,,,,35.00,,,,8413726,511518,,false,false,12,2016-04-01,2017-03-31,-1
2018-01-31,41120,2018-03-31,3,,,,,,,,,,,,,,,,,,,,,,,,,,,,,25.00,,,,,,,false,false,12,2017-04-01,2018-03-31,0
2018-01-31,41120,2018-03-31,3,,,,,,,,,,,,,,,,,,,,,,,,,,,,,50.00,,,,,,,false,true,12,2017-04-01,2018-03-31,0
2018-01-31,41120,2018-03-31,3,,,,,,,,,,,,,,,,,,,,,,,,,,,,,,,,,8413726,513259,7901516,false,false,9,2017-04-01,2017-12-31,0
2018-01-31,41120,2017-03-31,3,,,,,,,,,,,,,,,,,,,,,,,,,,,,,,,,,,,7904909,false,false,9,2016-04-01,2016-12-31,-1
2018-05-11,41120,2018-03-31,,38693000000,0.114,,,,,3903000000,0.833,4169000000,0.991,,2862000000,,362.29,,0.088,0.077,0.101,,54997000000,35869000000,0.605,4210.82,33270000000,4215000000,-960000000,-3210000000,6583000000,,0.138,,,,,,true,false,12,2017-04-01,2018-03-31,0
2018-05-11,41120,2017-03-31,,34739000000,0.027,,,,,2129000000,1.568,2094000000,2.306,,1951000000,,246.86,,0.064,0.040,0.061,,53430000000,33857000000,0.595,4023.85,31797000000,3100000000,-507000000,-2241000000,6597000000,,0.243,,,,,,true,false,12,2016-04-01,2017-03-31,-1
2018-05-11,41120,2019-03-31,,37000000000,-0.044,,,,,2300000000,-0.411,2300000000,-0.448,,1100000000,,139.22,,,,,,,,,,,,,,,,0.359,,,,,,true,true,12,2018-04-01,2019-03-31,1
2018-05-11,41120,2017-03-31,,,,,,,,,,,,,,,,,,,,,,,,,,,,,,35.00,,,,8413726,511518,7904516,false,false,12,2016-04-01,2017-03-31,-1
2018-05-11,41120,2018-03-31,,,,,,,,,,,,,,,,,,,,,,,,,,,,,,50.00,,,,8413726,512650,7901360,false,false,12,2017-04-01,2018-03-31,0
2018-05-11,41120,2019-03-31,,,,,,,,,,,,,,,,,,,,,,,,,,,,,,50.00,,,,,,,false,true,12,2018-04-01,2019-03-31,1
2018-07-31,41120,2019-03-31,1,8553000000,-0.120,,,,,615000000,-0.528,798000000,-0.404,,542000000,,68.67,,,,,,53682000000,35945000000,0.621,,33347000000,,,,,,,,,,,,true,false,3,2018-04-01,2018-06-30,0
2018-07-31,41120,2018-03-31,1,9720000000,0.283,,,,,1303000000,5.894,1341000000,,,772000000,,97.75,,,,,,,,,,,,,,,,,,,,,,true,false,3,2017-04-01,2017-06-30,-1
2018-07-31,41120,2019-03-31,1,37000000000,-0.044,,,,,2300000000,-0.411,2300000000,-0.448,,1100000000,,139.22,,,,,,,,,,,,,,,,,,,,,,true,true,12,2018-04-01,2019-03-31,0
2018-07-31,41120,2018-03-31,1,,,,,,,,,,,,,,,,,,,,54737000000,35869000000,0.608,,33270000000,,,,,,,,,,,,true,false,12,2017-04-01,2018-03-31,-1
2018-07-31,41120,2018-03-31,1,,,,,,,,,,,,,,,,,,,,,,,,,,,,,50.00,,,,8413726,512650,,false,false,12,2017-04-01,2018-03-31,-1
2018-07-31,41120,2019-03-31,1,,,,,,,,,,,,,,,,,,,,,,,,,,,,,50.00,,,,,,,false,true,12,2018-04-01,2019-03-31,0
2018-07-31,41120,2019-03-31,1,,,,,,,,,,,,,,,,,,,,,,,,,,,,,,,,,8413726,512260,7901287,false,false,3,2018-04-01,2018-06-30,0
2018-07-31,41120,2018-03-31,1,,,,,,,,,,,,,,,,,,,,,,,,,,,,,,,,,,,7902176,false,false,3,2017-04-01,2017-06-30,-1
2018-10-30,41120,2019-03-31,2,17213000000,-0.091,,,,,1129000000,-0.448,1377000000,-0.449,,993000000,,125.79,,,,,,54394000000,36925000000,0.629,,34198000000,,,,,,,,,,,,true,false,6,2018-04-01,2018-09-30,0
2018-10-30,41120,2018-03-31,2,18938000000,0.208,,,,,2047000000,2.891,2499000000,8.030,,1637000000,,207.28,,,,,,,,,,,,,,,,,,,,,,true,false,6,2017-04-01,2017-09-30,-1
2018-10-30,41120,2019-03-31,2,37000000000,-0.044,,,,,2300000000,-0.411,2300000000,-0.448,,1100000000,,139.22,,,,,,,,,,,,,,,,,,,,,,true,true,12,2018-04-01,2019-03-31,0
2018-10-30,41120,2018-03-31,2,,,,,,,,,,,,,,,,,,,,54737000000,35869000000,0.608,,33270000000,,,,,,,,,,,,true,false,12,2017-04-01,2018-03-31,-1
2018-10-30,41120,2018-03-31,2,,,,,,,,,,,,,,,,,,,,,,,,,,,,,50.00,,,,8413726,512650,,false,false,12,2017-04-01,2018-03-31,-1
2018-10-30,41120,2019-03-31,2,,,,,,,,,,,,,,,,,,,,,,,,,,,,,25.00,,,,,,,false,false,12,2018-04-01,2019-03-31,0
2018-10-30,41120,2019-03-31,2,,,,,,,,,,,,,,,,,,,,,,,,,,,,,50.00,,,,,,,false,true,12,2018-04-01,2019-03-31,0
2018-10-30,41120,2019-03-31,2,,,,,,,,,,,,,,,,,,,,,,,,,,,,,,,,,8413726,512480,7901311,false,false,6,2018-04-01,2018-09-30,0
2018-10-30,41120,2018-03-31,2,,,,,,,,,,,,,,,,,,,,,,,,,,,,,,,,,,,7901859,false,false,6,2017-04-01,2017-09-30,-1
2019-01-31,41120,2019-03-31,3,26822000000,-0.047,,,,,2131000000,-0.288,2386000000,-0.334,,1702000000,,215.45,,,,,,56412000000,36428000000,0.596,,33649000000,,,,,,,,,,,,true,false,9,2018-04-01,2018-12-31,0
2019-01-31,41120,2018-03-31,3,28154000000,0.189,,,,,2992000000,2.333,3582000000,2.724,,2405000000,,304.46,,,,,,,,,,,,,,,,,,,,,,true,false,9,2017-04-01,2017-12-31,-1
2019-01-31,41120,2019-03-31,3,37000000000,-0.044,,,,,2300000000,-0.411,2300000000,-0.448,,1100000000,,139.22,,,,,,,,,,,,,,,,,,,,,,true,true,12,2018-04-01,2019-03-31,0
2019-01-31,41120,2018-03-31,3,,,,,,,,,,,,,,,,,,,,54737000000,35869000000,0.608,,33270000000,,,,,,,,,,,,true,false,12,2017-04-01,2018-03-31,-1
2019-01-31,41120,2018-03-31,3,,,,,,,,,,,,,,,,,,,,,,,,,,,,,50.00,,,,8413726,512650,,false,false,12,2017-04-01,2018-03-31,-1
2019-01-31,41120,2019-03-31,3,,,,,,,,,,,,,,,,,,,,,,,,,,,,,25.00,,,,,,,false,false,12,2018-04-01,2019-03-31,0
2019-01-31,41120,2019-03-31,3,,,,,,,,,,,,,,,,,,,,,,,,,,,,,50.00,,,,,,,false,true,12,2018-04-01,2019-03-31,0
2019-01-31,41120,2019-03-31,3,,,,,,,,,,,,,,,,,,,,,,,,,,,,,,,,,8413726,511393,7901505,false,false,9,2018-04-01,2018-12-31,0
2019-01-31,41120,2018-03-31,3,,,,,,,,,,,,,,,,,,,,,,,,,,,,,,,,,,,7901516,false,false,9,2017-04-01,2017-12-31,-1
2019-05-14,41120,2019-03-31,,37548000000,-0.030,,,,,3028000000,-0.224,3104000000,-0.256,,1883000000,,238.40,,0.056,0.055,0.081,,57140000000,36860000000,0.595,4299.75,33976000000,2525000000,-2351000000,668000000,7442000000,,0.209,,,,,,true,false,12,2018-04-01,2019-03-31,0
2019-05-14,41120,2018-03-31,,38693000000,0.114,,,,,3903000000,0.833,4169000000,0.991,,2862000000,,362.29,,0.088,0.077,0.101,,54737000000,35869000000,0.608,4210.82,33270000000,4215000000,-960000000,-3210000000,6583000000,,0.138,,,,,,true,false,12,2017-04-01,2018-03-31,-1
2019-05-14,41120,2020-03-31,,38000000000,0.012,,,,,2300000000,-0.241,2300000000,-0.259,,1400000000,,177.18,,,,,,,,,,,,,,,,0.282,,,,,,true,true,12,2019-04-01,2020-03-31,1
2019-05-14,41120,2018-03-31,,,,,,,,,,,,,,,,,,,,,,,,,,,,,,50.00,,,,8413726,512650,7901360,false,false,12,2017-04-01,2018-03-31,-1
2019-05-14,41120,2019-03-31,,,,,,,,,,,,,,,,,,,,,,,,,,,,,,50.00,,,,8413726,511715,7901651,false,false,12,2018-04-01,2019-03-31,0
2019-05-14,41120,2020-03-31,,,,,,,,,,,,,,,,,,,,,,,,,,,,,,50.00,,,,,,,false,true,12,2019-04-01,2020-03-31,1
2019-07-30,41120,2020-03-31,1,8497000000,-0.007,,,,,472000000,-0.232,486000000,-0.391,,304000000,,38.56,,,,,,55389000000,36356000000,0.607,,33595000000,,,,,,,,,,,,true,false,3,2019-04-01,2019-06-30,0
2019-07-30,41120,2019-03-31,1,8553000000,-0.120,,,,,615000000,-0.528,798000000,-0.404,,542000000,,68.67,,,,,,,,,,,,,,,,,,,,,,true,false,3,2018-04-01,2018-06-30,-1
2019-07-30,41120,2020-03-31,1,38000000000,0.012,,,,,2300000000,-0.241,2300000000,-0.259,,1400000000,,177.18,,,,,,,,,,,,,,,,,,,,,,true,true,12,2019-04-01,2020-03-31,0
2019-07-30,41120,2019-03-31,1,,,,,,,,,,,,,,,,,,,,57140000000,36860000000,0.595,,33976000000,,,,,,,,,,,,true,false,12,2018-04-01,2019-03-31,-1
2019-07-30,41120,2019-03-31,1,,,,,,,,,,,,,,,,,,,,,,,,,,,,,50.00,,,,8413726,511715,,false,false,12,2018-04-01,2019-03-31,-1
2019-07-30,41120,2020-03-31,1,,,,,,,,,,,,,,,,,,,,,,,,,,,,,50.00,,,,,,,false,true,12,2019-04-01,2020-03-31,0
2019-07-30,41120,2020-03-31,1,,,,,,,,,,,,,,,,,,,,,,,,,,,,,,,,,8413726,510043,7902845,false,false,3,2019-04-01,2019-06-30,0
2019-07-30,41120,2019-03-31,1,,,,,,,,,,,,,,,,,,,,,,,,,,,,,,,,,,,7901287,false,false,3,2018-04-01,2018-06-30,-1
2019-11-08,41120,2020-03-31,2,17549000000,0.020,,,,,811000000,-0.281,792000000,-0.425,,562000000,,71.23,,,,,,54759000000,36197000000,0.612,,33530000000,,,,,,,,,,,,true,false,6,2019-04-01,2019-09-30,0
2019-11-08,41120,2019-03-31,2,17213000000,-0.091,,,,,1129000000,-0.448,1377000000,-0.449,,993000000,,125.79,,,,,,,,,,,,,,,,,,,,,,true,false,6,2018-04-01,2018-09-30,-1
2019-11-08,41120,2020-03-31,2,36000000000,-0.041,,,,,1400000000,-0.538,1400000000,-0.549,,600000000,,75.92,,,,,,,,,,,,,,,,,,,,,,true,true,12,2019-04-01,2020-03-31,0
2019-11-08,41120,2019-03-31,2,,,,,,,,,,,,,,,,,,,,57140000000,36860000000,0.595,,33976000000,,,,,,,,,,,,true,false,12,2018-04-01,2019-03-31,-1
2019-11-08,41120,2019-03-31,2,,,,,,,,,,,,,,,,,,,,,,,,,,,,,50.00,,,,8413726,511715,,false,false,12,2018-04-01,2019-03-31,-1
2019-11-08,41120,2020-03-31,2,,,,,,,,,,,,,,,,,,,,,,,,,,,,,25.00,,,,,,,false,false,12,2019-04-01,2020-03-31,0
2019-11-08,41120,2020-03-31,2,,,,,,,,,,,,,,,,,,,,,,,,,,,,,50.00,,,,,,,false,true,12,2019-04-01,2020-03-31,0
2019-11-08,41120,2020-03-31,2,,,,,,,,,,,,,,,,,,,,,,,,,,,,,,,,,8413726,510373,7903106,false,false,6,2019-04-01,2019-09-30,0
2019-11-08,41120,2019-03-31,2,,,,,,,,,,,,,,,,,,,,,,,,,,,,,,,,,,,7901311,false,false,6,2018-04-01,2018-09-30,-1
2020-01-31,41120,2020-03-31,3,27418000000,0.022,,,,,1756000000,-0.176,1962000000,-0.178,,1095000000,,138.67,,,,,,57281000000,37269000000,0.598,,34278000000,,,,,,,,,,,,true,false,9,2019-04-01,2019-12-31,0
2020-01-31,41120,2019-03-31,3,26822000000,-0.047,,,,,2131000000,-0.288,2386000000,-0.334,,1702000000,,215.45,,,,,,,,,,,,,,,,,,,,,,true,false,9,2018-04-01,2018-12-31,-1
2020-01-31,41120,2020-03-31,3,36000000000,-0.041,,,,,1400000000,-0.538,1400000000,-0.549,,600000000,,75.92,,,,,,,,,,,,,,,,,,,,,,true,true,12,2019-04-01,2020-03-31,0
2020-01-31,41120,2019-03-31,3,,,,,,,,,,,,,,,,,,,,57140000000,36860000000,0.595,,33976000000,,,,,,,,,,,,true,false,12,2018-04-01,2019-03-31,-1
2020-01-31,41120,2019-03-31,3,,,,,,,,,,,,,,,,,,,,,,,,,,,,,50.00,,,,8413726,511715,,false,false,12,2018-04-01,2019-03-31,-1
2020-01-31,41120,2020-03-31,3,,,,,,,,,,,,,,,,,,,,,,,,,,,,,25.00,,,,,,,false,false,12,2019-04-01,2020-03-31,0
2020-01-31,41120,2020-03-31,3,,,,,,,,,,,,,,,,,,,,,,,,,,,,,50.00,,,,,,,false,true,12,2019-04-01,2020-03-31,0
2020-01-31,41120,2020-03-31,3,,,,,,,,,,,,,,,,,,,,,,,,,,,,,,,,,8413726,510504,7903159,false,false,9,2019-04-01,2019-12-31,0
2020-01-31,41120,2019-03-31,3,,,,,,,,,,,,,,,,,,,,,,,,,,,,,,,,,,,7901505,false,false,9,2018-04-01,2018-12-31,-1
2020-05-28,41120,2020-03-31,,37771000000,0.006,,,,,2902000000,-0.042,3058000000,-0.015,,1858000000,,235.15,,0.055,0.055,0.077,,54903000000,37040000000,0.618,4294.69,33941000000,3597000000,-2060000000,-2049000000,6769000000,,0.212,,,,,,true,false,12,2019-04-01,2020-03-31,0
2020-05-28,41120,2019-03-31,,37548000000,-0.030,,,,,3028000000,-0.224,3104000000,-0.256,,1883000000,,238.40,,0.056,0.055,0.081,,57140000000,36860000000,0.595,4299.75,33976000000,2525000000,-2351000000,668000000,7442000000,,0.209,,,,,,true,false,12,2018-04-01,2019-03-31,-1
2020-05-28,41120,2019-03-31,,,,,,,,,,,,,,,,,,,,,,,,,,,,,,50.00,,,,8413726,511715,7901651,false,false,12,2018-04-01,2019-03-31,-1
2020-05-28,41120,2020-03-31,,,,,,,,,,,,,,,,,,,,,,,,,,,,,,50.00,,,,8413726,510700,7903140,false,false,12,2019-04-01,2020-03-31,0
2020-07-31,41120,2021-03-31,1,10353000000,0.219,,,,,2260000000,3.783,2396000000,3.922,,1068000000,,135.22,,,,,,56587000000,39163000000,0.625,,35382000000,,,,,,,,,,,,true,false,3,2020-04-01,2020-06-30,0
2020-07-31,41120,2020-03-31,1,8497000000,-0.007,,,,,472000000,-0.232,486000000,-0.391,,304000000,,38.56,,,,,,,,,,,,,,,,,,,,,,true,false,3,2019-04-01,2019-06-30,-1
2020-07-31,41120,2021-03-31,1,18300000000,0.043,,,,,2000000000,1.463,2100000000,1.651,,700000000,,88.55,,,,,,,,,,,,,,,,,,,,,,true,true,6,2020-04-01,2020-09-30,0
2020-07-31,41120,2020-03-31,1,,,,,,,,,,,,,,,,,,,,54903000000,37040000000,0.618,,33941000000,,,,,,,,,,,,true,false,12,2019-04-01,2020-03-31,-1
2020-07-31,41120,2020-03-31,1,,,,,,,,,,,,,,,,,,,,,,,,,,,,,50.00,,,,8413726,510700,,false,false,12,2019-04-01,2020-03-31,-1
2020-07-31,41120,2021-03-31,1,,,,,,,,,,,,,,,,,,,,,,,,,,,,,,,,,8413726,507424,7904658,false,false,3,2020-04-01,2020-06-30,0
2020-07-31,41120,2020-03-31,1,,,,,,,,,,,,,,,,,,,,,,,,,,,,,,,,,,,7902845,false,false,3,2019-04-01,2019-06-30,-1
,41120,2021-03-31,,,,,,,,,,,,,,,,,,,,,,,,,,,,,,25.00,,,,,,,false,true,12,2020-04-01,2021-03-31,0
,41120,2020-03-31,,,,,,,,,,,,,,,,,,,,,,,,,,,,,,50.00,,,,,,,false,false,12,2019-04-01,2020-03-31,-1
2020-10-29,41120,2021-03-31,2,19420000000,0.107,,,,,2792000000,2.440,2900000000,2.662,,1252000000,,158.40,,,,,,56746000000,39915000000,0.632,,35885000000,,,,,,,,,,,,true,false,6,2020-04-01,2020-09-30,0
2020-10-29,41120,2020-03-31,2,17549000000,0.020,,,,,811000000,-0.281,792000000,-0.425,,562000000,,71.23,,,,,,,,,,,,,,,,,,,,,,true,false,6,2019-04-01,2019-09-30,-1
2020-10-29,41120,2021-03-31,2,39000000000,0.033,,,,,4300000000,0.481,4500000000,0.471,,2200000000,,278.13,,,,,,,,,,,,,,,,,,,,,,true,true,12,2020-04-01,2021-03-31,0
2020-10-29,41120,2020-03-31,2,,,,,,,,,,,,,,,,,,,,54903000000,37040000000,0.618,,33941000000,,,,,,,,,,,,true,false,12,2019-04-01,2020-03-31,-1
2020-10-29,41120,2020-03-31,2,,,,,,,,,,,,,,,,,,,,,,,,,,,,,50.00,,,,8413726,510700,,false,false,12,2019-04-01,2020-03-31,-1
2020-10-29,41120,2021-03-31,2,,,,,,,,,,,,,,,,,,,,,,,,,,,,,25.00,,,,,,,false,false,12,2020-04-01,2021-03-31,0
2020-10-29,41120,2021-03-31,2,,,,,,,,,,,,,,,,,,,,,,,,,,,,,50.00,,,,,,,false,true,12,2020-04-01,2021-03-31,0
2020-10-29,41120,2021-03-31,2,,,,,,,,,,,,,,,,,,,,,,,,,,,,,,,,,8413726,496607,7910038,false,false,6,2020-04-01,2020-09-30,0
2020-10-29,41120,2020-03-31,2,,,,,,,,,,,,,,,,,,,,,,,,,,,,,,,,,,,7903106,false,false,6,2019-04-01,2019-09-30,-1
2021-01-29,41120,2021-03-31,3,29626000000,0.081,,,,,4261000000,1.426,4435000000,1.260,,2096000000,,264.97,,,,,,60846000000,41385000000,0.606,,36853000000,,,,,,,,,,,,true,false,9,2020-04-01,2020-12-31,0
2021-01-29,41120,2020-03-31,3,27418000000,0.022,,,,,1756000000,-0.176,1962000000,-0.178,,1095000000,,138.67,,,,,,,,,,,,,,,,,,,,,,true,false,9,2019-04-01,2019-12-31,-1
2021-01-29,41120,2021-03-31,3,39000000000,0.033,,,,,4300000000,0.481,4500000000,0.471,,2200000000,,278.13,,,,,,,,,,,,,,,,,,,,,,true,true,12,2020-04-01,2021-03-31,0
2021-01-29,41120,2020-03-31,3,,,,,,,,,,,,,,,,,,,,54903000000,37040000000,0.618,,33941000000,,,,,,,,,,,,true,false,12,2019-04-01,2020-03-31,-1
2021-01-29,41120,2020-03-31,3,,,,,,,,,,,,,,,,,,,,,,,,,,,,,50.00,,,,8413726,510700,,false,false,12,2019-04-01,2020-03-31,-1
2021-01-29,41120,2021-03-31,3,,,,,,,,,,,,,,,,,,,,,,,,,,,,,25.00,,,,,,,false,false,12,2020-04-01,2021-03-31,0
2021-01-29,41120,2021-03-31,3,,,,,,,,,,,,,,,,,,,,,,,,,,,,,50.00,,,,,,,false,true,12,2020-04-01,2021-03-31,0
2021-01-29,41120,2021-03-31,3,,,,,,,,,,,,,,,,,,,,,,,,,,,,,,,,,8413726,496900,7912103,false,false,9,2020-04-01,2020-12-31,0
2021-01-29,41120,2020-03-31,3,,,,,,,,,,,,,,,,,,,,,,,,,,,,,,,,,,,7903159,false,false,9,2019-04-01,2019-12-31,-1
2021-05-14,41120,2021-03-31,,41199000000,0.091,,,,,5444000000,0.875,5841000000,0.910,,3119000000,,394.25,,0.086,0.099,0.132,,62609000000,43654000000,0.618,4885.72,38676000000,5380000000,-2689000000,-424000000,9331000000,,0.126,,,,,,true,false,12,2020-04-01,2021-03-31,0
2021-05-14,41120,2020-03-31,,37771000000,0.006,,,,,2902000000,-0.042,3058000000,-0.015,,1858000000,,235.15,,0.055,0.055,0.077,,54903000000,37040000000,0.618,4294.69,33941000000,3597000000,-2060000000,-2049000000,6769000000,,0.212,,,,,,true,false,12,2019-04-01,2020-03-31,-1
2021-05-14,41120,2022-03-31,,34500000000,,,,,,2500000000,,2500000000,,,1400000000,,176.92,,,,,,,,,,,,,,,,0.339,,,,,,true,true,12,2021-04-01,2022-03-31,1
2021-05-14,41120,2020-03-31,,,,,,,,,,,,,,,,,,,,,,,,,,,,,,50.00,,,,8413726,510700,7903140,false,false,12,2019-04-01,2020-03-31,-1
2021-05-14,41120,2021-03-31,,,,,,,,,,,,,,,,,,,,,,,,,,,,,,50.00,,,,8413726,497405,7913098,false,false,12,2020-04-01,2021-03-31,0
2021-05-14,41120,2022-03-31,,,,,,,,,,,,,,,,,,,,,,,,,,,,,,60.00,,,,,,,false,true,12,2021-04-01,2022-03-31,1
2021-07-30,41120,2022-03-31,1,10173000000,-0.017,,,,,1571000000,-0.305,1702000000,-0.290,,858000000,,108.45,,,,,,62780000000,44031000000,0.620,,38910000000,,,,,,,,,,,,true,false,3,2021-04-01,2021-06-30,0
2021-07-30,41120,2021-03-31,1,10353000000,0.219,,,,,2260000000,3.783,2396000000,3.922,,1068000000,,135.22,,,,,,,,,,,,,,,,,,,,,,true,false,3,2020-04-01,2020-06-30,-1
2021-07-30,41120,2022-03-31,1,34500000000,,,,,,2500000000,,2500000000,,,1400000000,,176.92,,,,,,,,,,,,,,,,,,,,,,true,true,12,2021-04-01,2022-03-31,0
2021-07-30,41120,2021-03-31,1,,,,,,,,,,,,,,,,,,,,62609000000,43654000000,0.618,,38676000000,,,,,,,,,,,,true,false,12,2020-04-01,2021-03-31,-1
2021-07-30,41120,2021-03-31,1,,,,,,,,,,,,,,,,,,,,,,,,,,,,,50.00,,,,8413726,497405,,false,false,12,2020-04-01,2021-03-31,-1
2021-07-30,41120,2022-03-31,1,,,,,,,,,,,,,,,,,,,,,,,,,,,,,60.00,,,,,,,false,true,12,2021-04-01,2022-03-31,0
2021-07-30,41120,2022-03-31,1,,,,,,,,,,,,,,,,,,,,,,,,,,,,,,,,,8413726,495489,7917260,false,false,3,2021-04-01,2021-06-30,0
2021-07-30,41120,2021-03-31,1,,,,,,,,,,,,,,,,,,,,,,,,,,,,,,,,,,,7904658,false,false,3,2020-04-01,2020-06-30,-1
2021-10-29,4112,2022-03-31,2,20329000000,0.047,,,,,3361000000,0.204,3498000000,0.206,,1767000000,,223.26,,,,,,64006000000,45457000000,0.625,,40004000000,,,,,,,,,,,,true,false,6,2021-04-01,2021-09-30,0
2021-10-29,4112,2021-03-31,2,19420000000,0.107,,,,,2792000000,2.440,2900000000,2.662,,1252000000,,158.40,,,,,,,,,,,,,,,,,,,,,,true,false,6,2020-04-01,2020-09-30,-1
2021-10-29,4112,2022-03-31,2,40000000000,,,,,,5000000000,,5000000000,,,2500000000,,315.75,,,,,,,,,,,,,,,,,,,,,,true,true,12,2021-04-01,2022-03-31,0
2021-10-29,4112,2021-03-31,2,,,,,,,,,,,,,,,,,,,,62609000000,43654000000,0.618,,38676000000,,,,,,,,,,,,true,false,12,2020-04-01,2021-03-31,-1
2021-10-29,4112,2021-03-31,2,,,,,,,,,,,,,,,,,,,,,,,,,,,,,50.00,,,,8413726,497405,,false,false,12,2020-04-01,2021-03-31,-1
2021-10-29,4112,2022-03-31,2,,,,,,,,,,,,,,,,,,,,,,,,,,,,,30.00,,,,,,,false,false,12,2021-04-01,2022-03-31,0
2021-10-29,4112,2022-03-31,2,,,,,,,,,,,,,,,,,,,,,,,,,,,,,60.00,,,,,,,false,true,12,2021-04-01,2022-03-31,0
2021-10-29,4112,2022-03-31,2,,,,,,,,,,,,,,,,,,,,,,,,,,,,,,,,,8413726,495809,7917615,false,false,6,2021-04-01,2021-09-30,0
2021-10-29,4112,2021-03-31,2,,,,,,,,,,,,,,,,,,,,,,,,,,,,,,,,,,,7910039,false,false,6,2020-04-01,2020-09-30,-1
2022-02-07,4112,2022-03-31,3,31107000000,0.050,,,,,4982000000,0.169,5307000000,0.197,,2812000000,,355.19,,,,,,65456000000,46425000000,0.619,,40525000000,,,,,,,,,,,,true,false,9,2021-04-01,2021-12-31,0
2022-02-07,4112,2021-03-31,3,29626000000,0.081,,,,,4261000000,1.426,4435000000,1.260,,2096000000,,264.97,,,,,,,,,,,,,,,,,,,,,,true,false,9,2020-04-01,2020-12-31,-1
2022-02-07,4112,2022-03-31,3,40000000000,,,,,,5000000000,,5000000000,,,2500000000,,315.75,,,,,,,,,,,,,,,,,,,,,,true,true,12,2021-04-01,2022-03-31,0
2022-02-07,4112,2021-03-31,3,,,,,,,,,,,,,,,,,,,,62609000000,43654000000,0.618,,38676000000,,,,,,,,,,,,true,false,12,2020-04-01,2021-03-31,-1
2022-02-07,4112,2021-03-31,3,,,,,,,,,,,,,,,,,,,,,,,,,,,,,50.00,,,,8413726,497405,,false,false,12,2020-04-01,2021-03-31,-1
2022-02-07,4112,2022-03-31,3,,,,,,,,,,,,,,,,,,,,,,,,,,,,,30.00,,,,,,,false,false,12,2021-04-01,2022-03-31,0
2022-02-07,4112,2022-03-31,3,,,,,,,,,,,,,,,,,,,,,,,,,,,,,60.00,,,,,,,false,true,12,2021-04-01,2022-03-31,0
2022-02-07,4112,2022-03-31,3,,,,,,,,,,,,,,,,,,,,,,,,,,,,,,,,,8413726,495929,7917679,false,false,9,2021-04-01,2021-12-31,0
2022-02-07,4112,2021-03-31,3,,,,,,,,,,,,,,,,,,,,,,,,,,,,,,,,,,,7912103,false,false,9,2020-04-01,2020-12-31,-1
2022-03-22,41120,2022-03-31,,42000000000,0.050,,,,,6500000000,0.300,6500000000,0.300,,3000000000,,378.90,,,,,,,,,,,,,,,,,,,,,,true,true,12,2021-04-01,2022-03-31,0
2022-03-22,41120,2021-03-31,,41199000000,,,,,,5444000000,,5841000000,,,3119000000,,394.25,,,,,,,,,,,,,,,,,,,,,,true,false,12,2020-04-01,2021-03-31,-1
2022-05-16,4112,2022-03-31,,41879000000,0.016,,,,,6421000000,0.179,6914000000,0.184,,3251000000,,410.69,,0.081,0.107,0.153,,66448000000,47912000000,0.623,5230.81,41415000000,6143000000,-3569000000,-1848000000,10365000000,,0.146,,,,,,true,false,12,2021-04-01,2022-03-31,0
2022-05-16,4112,2021-03-31,,41199000000,0.091,,,,,5444000000,0.875,5841000000,0.910,,3119000000,,394.25,,0.086,0.099,0.132,,62609000000,43654000000,0.618,4885.72,38676000000,5380000000,-2689000000,-424000000,9331000000,,0.126,,,,,,true,false,12,2020-04-01,2021-03-31,-1
2022-05-16,4112,2023-03-31,,44000000000,0.051,,,,,4300000000,-0.330,4300000000,-0.378,,2400000000,,303.12,,,,,,,,,,,,,,,,0.214,,,,,,true,true,12,2022-04-01,2023-03-31,1
2022-05-16,4112,2021-03-31,,,,,,,,,,,,,,,,,,,,,,,,,,,,,,50.00,,,,8413726,497405,7913098,false,false,12,2020-04-01,2021-03-31,-1
2022-05-16,4112,2022-03-31,,,,,,,,,,,,,,,,,,,,,,,,,,,,,,60.00,,,,8413726,496038,7917688,false,false,12,2021-04-01,2022-03-31,0
2022-05-16,4112,2023-03-31,,,,,,,,,,,,,,,,,,,,,,,,,,,,,,65.00,,,,,,,false,true,12,2022-04-01,2023-03-31,1
2022-05-16,41120,2023-03-31,,25834000000,0.190,,,,,1467000000,1.131,2488000000,0.709,,1553000000,,210.55,,,,,,,,,,,,,,,,,,,,,,true,true,12,2022-04-01,2023-03-31,0
2022-08-04,4112,2023-03-31,1,9965000000,-0.020,,,,,1001000000,-0.363,1402000000,-0.176,,664000000,,83.94,,,,,,68317000000,48880000000,0.616,,42109000000,,,,,,,,,,,,true,false,3,2022-04-01,2022-06-30,0
2022-08-04,4112,2022-03-31,1,10173000000,-0.017,,,,,1571000000,-0.305,1702000000,-0.290,,858000000,,108.45,,,,,,,,,,,,,,,,,,,,,,true,false,3,2021-04-01,2021-06-30,-1
2022-08-04,4112,2023-03-31,1,44000000000,0.051,,,,,4300000000,-0.330,4300000000,-0.378,,2400000000,,303.12,,,,,,,,,,,,,,,,,,,,,,true,true,12,2022-04-01,2023-03-31,0
2022-08-04,4112,2022-03-31,1,,,,,,,,,,,,,,,,,,,,66448000000,47912000000,0.623,,41415000000,,,,,,,,,,,,true,false,12,2021-04-01,2022-03-31,-1
2022-08-04,4112,2022-03-31,1,,,,,,,,,,,,,,,,,,,,,,,,,,,,,60.00,,,,8413726,496038,,false,false,12,2021-04-01,2022-03-31,-1
2022-08-04,4112,2023-03-31,1,,,,,,,,,,,,,,,,,,,,,,,,,,,,,65.00,,,,,,,false,true,12,2022-04-01,2023-03-31,0
2022-08-04,4112,2023-03-31,1,,,,,,,,,,,,,,,,,,,,,,,,,,,,,,,,,8413726,496174,7917621,false,false,3,2022-04-01,2022-06-30,0
2022-08-04,4112,2022-03-31,1,,,,,,,,,,,,,,,,,,,,,,,,,,,,,,,,,,,7917260,false,false,3,2021-04-01,2021-06-30,-1
2022-11-08,4112,2023-03-31,2,20579000000,0.012,,,,,1963000000,-0.416,2526000000,-0.278,,1398000000,,176.55,,,,,,67196000000,48377000000,0.623,,41842000000,,,,,,,,,,,,true,false,6,2022-04-01,2022-09-30,0
2022-11-08,4112,2022-03-31,2,20329000000,0.047,,,,,3361000000,0.204,3498000000,0.206,,1767000000,,223.26,,,,,,,,,,,,,,,,,,,,,,true,false,6,2021-04-01,2021-09-30,-1
2022-11-08,4112,2023-03-31,2,44000000000,0.051,,,,,4300000000,-0.330,4300000000,-0.378,,2400000000,,303.12,,,,,,,,,,,,,,,,,,,,,,true,true,12,2022-04-01,2023-03-31,0
2022-11-08,4112,2022-03-31,2,,,,,,,,,,,,,,,,,,,,66448000000,47912000000,0.623,,41415000000,,,,,,,,,,,,true,false,12,2021-04-01,2022-03-31,-1
2022-11-08,4112,2022-03-31,2,,,,,,,,,,,,,,,,,,,,,,,,,,,,,60.00,,,,8413726,496038,,false,false,12,2021-04-01,2022-03-31,-1
2022-11-08,4112,2023-03-31,2,,,,,,,,,,,,,,,,,,,,,,,,,,,,,32.50,,,,,,,false,false,12,2022-04-01,2023-03-31,0
2022-11-08,4112,2023-03-31,2,,,,,,,,,,,,,,,,,,,,,,,,,,,,,65.00,,,,,,,false,true,12,2022-04-01,2023-03-31,0
2022-11-08,4112,2023-03-31,2,,,,,,,,,,,,,,,,,,,,,,,,,,,,,,,,,8413726,489460,7919511,false,false,6,2022-04-01,2022-09-30,0
2022-11-08,4112,2022-03-31,2,,,,,,,,,,,,,,,,,,,,,,,,,,,,,,,,,,,7917615,false,false,6,2021-04-01,2021-09-30,-1
2023-02-07,4112,2023-03-31,3,31824000000,0.023,,,,,3132000000,-0.371,3581000000,-0.325,,1734000000,,219.03,,,,,,70965000000,49335000000,0.595,,42205000000,,,,,,,,,,,,true,false,9,2022-04-01,2022-12-31,0
2023-02-07,4112,2022-03-31,3,31107000000,0.050,,,,,4982000000,0.169,5307000000,0.197,,2812000000,,355.19,,,,,,,,,,,,,,,,,,,,,,true,false,9,2021-04-01,2021-12-31,-1
2023-02-07,4112,2023-03-31,3,44000000000,0.051,,,,,4300000000,-0.330,4300000000,-0.378,,2400000000,,303.12,,,,,,,,,,,,,,,,,,,,,,true,true,12,2022-04-01,2023-03-31,0
2023-02-07,4112,2022-03-31,3,,,,,,,,,,,,,,,,,,,,66448000000,47912000000,0.623,,41415000000,,,,,,,,,,,,true,false,12,2021-04-01,2022-03-31,-1
2023-02-07,4112,2022-03-31,3,,,,,,,,,,,,,,,,,,,,,,,,,,,,,60.00,,,,8413726,496038,,false,false,12,2021-04-01,2022-03-31,-1
2023-02-07,4112,2023-03-31,3,,,,,,,,,,,,,,,,,,,,,,,,,,,,,32.50,,,,,,,false,false,12,2022-04-01,2023-03-31,0
2023-02-07,4112,2023-03-31,3,,,,,,,,,,,,,,,,,,,,,,,,,,,,,65.00,,,,,,,false,true,12,2022-04-01,2023-03-31,0
2023-02-07,4112,2023-03-31,3,,,,,,,,,,,,,,,,,,,,,,,,,,,,,,,,,8413726,489534,7920928,false,false,9,2022-04-01,2022-12-31,0
2023-02-07,4112,2022-03-31,3,,,,,,,,,,,,,,,,,,,,,,,,,,,,,,,,,,,7917679,false,false,9,2021-04-01,2021-12-31,-1
2023-05-15,4112,2023-03-31,,43324000000,0.035,,,,,3701000000,-0.424,4211000000,-0.391,,2223000000,,280.65,,0.053,0.061,0.085,,72051000000,49897000000,0.595,5405.73,42835000000,1058000000,-7036000000,2288000000,6708000000,,0.231,,,,,,true,false,12,2022-04-01,2023-03-31,0
2023-05-15,4112,2022-03-31,,41879000000,0.016,,,,,6421000000,0.179,6914000000,0.184,,3251000000,,410.69,,0.081,0.107,0.153,,66448000000,47912000000,0.623,5230.81,41415000000,6143000000,-3569000000,-1848000000,10365000000,,0.146,,,,,,true,false,12,2021-04-01,2022-03-31,-1
2023-05-15,4112,2024-03-31,,47000000000,0.085,,,,,3900000000,0.054,4300000000,0.021,,2400000000,,302.97,,,,,,,,,,,,,,,,0.248,,,,,,true,true,12,2023-04-01,2024-03-31,1
2023-05-15,4112,2022-03-31,,,,,,,,,,,,,,,,,,,,,,,,,,,,,,60.00,,,,8413726,496038,7917688,false,false,12,2021-04-01,2022-03-31,-1
2023-05-15,4112,2023-03-31,,,,,,,,,,,,,,,,,,,,,,,,,,,,,,65.00,,,,8413726,489635,7921675,false,false,12,2022-04-01,2023-03-31,0
2023-05-15,4112,2024-03-31,,,,,,,,,,,,,,,,,,,,,,,,,,,,,,75.00,,,,,,,false,true,12,2023-04-01,2024-03-31,1
2023-05-15,41120,2023-03-31,,27303000000,,,,,,612000000,,1590000000,,1247000000,,,157.47,,,,,,,,,,,,,,,,,,,,,,false,true,12,2022-04-01,2023-03-31,0
2023-05-15,41120,2022-03-31,,25834000000,,,,,,1467000000,,2488000000,,1553000000,,,196.20,,,,,,,,,,,,,,,,,,,,,,false,false,12,2021-04-01,2022-03-31,-1
2023-08-10,4112,2024-03-31,1,10041000000,0.008,,,,,337000000,-0.663,768000000,-0.452,,369000000,,46.63,,,,,,75373000000,52523000000,0.585,,44112000000,,,,,,,,,,,,true,false,3,2023-04-01,2023-06-30,0
2023-08-10,4112,2023-03-31,1,9965000000,-0.020,,,,,1001000000,-0.363,1402000000,-0.176,,664000000,,83.94,,,,,,,,,,,,,,,,,,,,,,true,false,3,2022-04-01,2022-06-30,-1
2023-08-10,4112,2024-03-31,1,47000000000,0.085,,,,,3900000000,0.054,4300000000,0.021,,2400000000,,302.97,,,,,,,,,,,,,,,,,,,,,,true,true,12,2023-04-01,2024-03-31,0
2023-08-10,4112,2023-03-31,1,,,,,,,,,,,,,,,,,,,,72051000000,49897000000,0.595,,42835000000,,,,,,,,,,,,true,false,12,2022-04-01,2023-03-31,-1
2023-08-10,4112,2023-03-31,1,,,,,,,,,,,,,,,,,,,,,,,,,,,,,65.00,,,,8413726,489635,,false,false,12,2022-04-01,2023-03-31,-1
2023-08-10,4112,2024-03-31,1,,,,,,,,,,,,,,,,,,,,,,,,,,,,,75.00,,,,,,,false,true,12,2023-04-01,2024-03-31,0
2023-08-10,4112,2024-03-31,1,,,,,,,,,,,,,,,,,,,,,,,,,,,,,,,,,8413726,476693,7930533,false,false,3,2023-04-01,2023-06-30,0
2023-08-10,4112,2023-03-31,1,,,,,,,,,,,,,,,,,,,,,,,,,,,,,,,,,,,7917621,false,false,3,2022-04-01,2022-06-30,-1
2023-11-13,4112,2024-03-31,2,20451000000,-0.006,,,,,1245000000,-0.366,1814000000,-0.282,,909000000,,114.63,,,,,,77482000000,54203000000,0.586,,45424000000,,,,,,,,,,,,true,false,6,2023-04-01,2023-09-30,0
2023-11-13,4112,2023-03-31,2,20579000000,0.012,,,,,1963000000,-0.416,2526000000,-0.278,,1398000000,,176.55,,,,,,,,,,,,,,,,,,,,,,true,false,6,2022-04-01,2022-09-30,-1
2023-11-13,4112,2024-03-31,2,47000000000,0.085,,,,,3900000000,0.054,4300000000,0.021,,2400000000,,302.97,,,,,,,,,,,,,,,,,,,,,,true,true,12,2023-04-01,2024-03-31,0
2023-11-13,4112,2023-03-31,2,,,,,,,,,,,,,,,,,,,,72051000000,49897000000,0.595,,42835000000,,,,,,,,,,,,true,false,12,2022-04-01,2023-03-31,-1
2023-11-13,4112,2023-03-31,2,,,,,,,,,,,,,,,,,,,,,,,,,,,,,65.00,,,,8413726,489635,,false,false,12,2022-04-01,2023-03-31,-1
2023-11-13,4112,2024-03-31,2,,,,,,,,,,,,,,,,,,,,,,,,,,,,,37.50,,,,,,,false,false,12,2023-04-01,2024-03-31,0
2023-11-13,4112,2024-03-31,2,,,,,,,,,,,,,,,,,,,,,,,,,,,,,75.00,,,,,,,false,true,12,2023-04-01,2024-03-31,0
2023-11-13,4112,2024-03-31,2,,,,,,,,,,,,,,,,,,,,,,,,,,,,,,,,,8413726,476899,7933264,false,false,6,2023-04-01,2023-09-30,0
2023-11-13,4112,2023-03-31,2,,,,,,,,,,,,,,,,,,,,,,,,,,,,,,,,,,,7919511,false,false,6,2022-04-01,2022-09-30,-1
2024-02-13,4112,2024-03-31,3,31642000000,-0.006,,,,,2412000000,-0.230,3012000000,-0.159,,1563000000,,197.09,,,,,,78038000000,54963000000,0.589,,45954000000,,,,,,,,,,,,true,false,9,2023-04-01,2023-12-31,0
2024-02-13,4112,2023-03-31,3,31824000000,0.023,,,,,3132000000,-0.371,3581000000,-0.325,,1734000000,,219.03,,,,,,,,,,,,,,,,,,,,,,true,false,9,2022-04-01,2022-12-31,-1
2024-02-13,4112,2024-03-31,3,47000000000,0.085,,,,,3900000000,0.054,4300000000,0.021,,2400000000,,302.97,,,,,,,,,,,,,,,,,,,,,,true,true,12,2023-04-01,2024-03-31,0
2024-02-13,4112,2023-03-31,3,,,,,,,,,,,,,,,,,,,,72051000000,49897000000,0.595,,42835000000,,,,,,,,,,,,true,false,12,2022-04-01,2023-03-31,-1
2024-02-13,4112,2023-03-31,3,,,,,,,,,,,,,,,,,,,,,,,,,,,,,65.00,,,,8413726,489635,,false,false,12,2022-04-01,2023-03-31,-1
2024-02-13,4112,2024-03-31,3,,,,,,,,,,,,,,,,,,,,,,,,,,,,,37.50,,,,,,,false,false,12,2023-04-01,2024-03-31,0
2024-02-13,4112,2024-03-31,3,,,,,,,,,,,,,,,,,,,,,,,,,,,,,75.00,,,,,,,false,true,12,2023-04-01,2024-03-31,0
2024-02-13,4112,2024-03-31,3,,,,,,,,,,,,,,,,,,,,,,,,,,,,,,,,,8413726,477046,7934301,false,false,9,2023-04-01,2023-12-31,0
2024-02-13,4112,2023-03-31,3,,,,,,,,,,,,,,,,,,,,,,,,,,,,,,,,,,,7920928,false,false,9,2022-04-01,2022-12-31,-1
2024-05-15,4112,2024-03-31,,44261000000,0.022,,,,,3951000000,0.068,4711000000,0.119,,2480000000,,312.63,,0.055,0.061,0.089,,81157000000,57443000000,0.588,6014.71,47734000000,8343000000,-3950000000,-2067000000,10664000000,,0.240,,,,,,true,false,12,2023-04-01,2024-03-31,0
2024-05-15,4112,2023-03-31,,43324000000,0.035,,,,,3701000000,-0.424,4211000000,-0.391,,2223000000,,280.65,,0.053,0.061,0.085,,72051000000,49897000000,0.595,5405.73,42835000000,1058000000,-7036000000,2288000000,6708000000,,0.231,,,,,,true,false,12,2022-04-01,2023-03-31,-1
2024-05-15,4112,2025-03-31,,48000000000,0.084,,,,,4500000000,0.139,4800000000,0.019,,2700000000,,340.27,,,,,,,,,,,,,,,,0.250,,,,,,true,true,12,2024-04-01,2025-03-31,1
2024-05-15,4112,2023-03-31,,,,,,,,,,,,,,,,,,,,,,,,,,,,,,65.00,,,,8413726,489635,7921675,false,false,12,2022-04-01,2023-03-31,-1
2024-05-15,4112,2024-03-31,,,,,,,,,,,,,,,,,,,,,,,,,,,,,,75.00,,,,8413726,477374,7934791,false,false,12,2023-04-01,2024-03-31,0
2024-05-15,4112,2025-03-31,,,,,,,,,,,,,,,,,,,,,,,,,,,,,,85.00,,,,,,,false,true,12,2024-04-01,2025-03-31,1
2024-08-09,4112,2025-03-31,1,14489000000,0.443,,,,,2842000000,7.428,3218000000,3.185,,1708000000,,215.12,,,,,,84213000000,60737000000,0.591,,49772000000,,,,,,,,,,,,true,false,3,2024-04-01,2024-06-30,0
2024-08-09,4112,2024-03-31,1,10041000000,0.008,,,,,337000000,-0.663,768000000,-0.452,,369000000,,46.63,,,,,,,,,,,,,,,,,,,,,,true,false,3,2023-04-01,2023-06-30,-1
2024-08-09,4112,2025-03-31,1,48000000000,0.084,,,,,4500000000,0.139,4800000000,0.019,,2700000000,,340.27,,,,,,,,,,,,,,,,,,,,,,true,true,12,2024-04-01,2025-03-31,0
2024-08-09,4112,2024-03-31,1,,,,,,,,,,,,,,,,,,,,81157000000,57443000000,0.588,,47734000000,,,,,,,,,,,,true,false,12,2023-04-01,2024-03-31,-1
2024-08-09,4112,2024-03-31,1,,,,,,,,,,,,,,,,,,,,,,,,,,,,,75.00,,,,8413726,477374,,false,false,12,2023-04-01,2024-03-31,-1
2024-08-09,4112,2025-03-31,1,,,,,,,,,,,,,,,,,,,,,,,,,,,,,85.00,,,,,,,false,true,12,2024-04-01,2025-03-31,0
2024-08-09,4112,2025-03-31,1,,,,,,,,,,,,,,,,,,,,,,,,,,,,,,,,,8413726,469343,7942438,false,false,3,2024-04-01,2024-06-30,0
2024-08-09,4112,2024-03-31,1,,,,,,,,,,,,,,,,,,,,,,,,,,,,,,,,,,,7930533,false,false,3,2023-04-01,2023-06-30,-1
2024-11-13,4112,2025-03-31,2,26607000000,0.301,,,,,4354000000,2.497,4413000000,1.432,,2549000000,,320.89,,,,,,82662000000,59929000000,0.596,,49305000000,,,,,,,,,,,,true,false,6,2024-04-01,2024-09-30,0
2024-11-13,4112,2024-03-31,2,20451000000,-0.006,,,,,1245000000,-0.366,1814000000,-0.282,,909000000,,114.63,,,,,,,,,,,,,,,,,,,,,,true,false,6,2023-04-01,2023-09-30,-1
2024-11-13,4112,2025-03-31,2,50000000000,0.130,,,,,5500000000,0.392,5500000000,0.167,,3300000000,,415.89,,,,,,,,,,,,,,,,,,,,,,true,true,12,2024-04-01,2025-03-31,0
2024-11-13,4112,2024-03-31,2,,,,,,,,,,,,,,,,,,,,81157000000,57443000000,0.588,,47734000000,,,,,,,,,,,,true,false,12,2023-04-01,2024-03-31,-1
2024-11-13,4112,2024-03-31,2,,,,,,,,,,,,,,,,,,,,,,,,,,,,,75.00,,,,8413726,477374,,false,false,12,2023-04-01,2024-03-31,-1
2024-11-13,4112,2025-03-31,2,,,,,,,,,,,,,,,,,,,,,,,,,,,,,45.00,,,,,,,false,false,12,2024-04-01,2025-03-31,0
2024-11-13,4112,2025-03-31,2,,,,,,,,,,,,,,,,,,,,,,,,,,,,,90.00,,,,,,,false,true,12,2024-04-01,2025-03-31,0
2024-11-13,4112,2025-03-31,2,,,,,,,,,,,,,,,,,,,,,,,,,,,,,,,,,8413726,466573,7944490,false,false,6,2024-04-01,2024-09-30,0
2024-11-13,4112,2024-03-31,2,,,,,,,,,,,,,,,,,,,,,,,,,,,,,,,,,,,7933264,false,false,6,2023-04-01,2023-09-30,-1
2025-02-13,4112,2025-03-31,3,37239000000,0.177,,,,,4584000000,0.900,4682000000,0.554,,2883000000,,362.95,,,,,,82506000000,59856000000,0.599,,49428000000,,,,,,,,,,,,true,false,9,2024-04-01,2024-12-31,0
2025-02-13,4112,2024-03-31,3,31642000000,-0.006,,,,,2412000000,-0.230,3012000000,-0.159,,1563000000,,197.09,,,,,,,,,,,,,,,,,,,,,,true,false,9,2023-04-01,2023-12-31,-1
2025-02-13,4112,2025-03-31,3,50000000000,0.130,,,,,5500000000,0.392,5500000000,0.167,,3300000000,,415.89,,,,,,,,,,,,,,,,,,,,,,true,true,12,2024-04-01,2025-03-31,0
2025-02-13,4112,2024-03-31,3,,,,,,,,,,,,,,,,,,,,81157000000,57443000000,0.588,,47734000000,,,,,,,,,,,,true,false,12,2023-04-01,2024-03-31,-1
2025-02-13,4112,2024-03-31,3,,,,,,,,,,,,,,,,,,,,,,,,,,,,,75.00,,,,8413726,477374,,false,false,12,2023-04-01,2024-03-31,-1
2025-02-13,4112,2025-03-31,3,,,,,,,,,,,,,,,,,,,,,,,,,,,,,45.00,,,,,,,false,false,12,2024-04-01,2025-03-31,0
2025-02-13,4112,2025-03-31,3,,,,,,,,,,,,,,,,,,,,,,,,,,,,,90.00,,,,,,,false,true,12,2024-04-01,2025-03-31,0
2025-02-13,4112,2025-03-31,3,,,,,,,,,,,,,,,,,,,,,,,,,,,,,,,,,8413726,466899,7945198,false,false,9,2024-04-01,2024-12-31,0
2025-02-13,4112,2024-03-31,3,,,,,,,,,,,,,,,,,,,,,,,,,,,,,,,,,,,7934301,false,false,9,2023-04-01,2023-12-31,-1
2025-05-15,4112,2025-03-31,,48578000000,0.098,,,,,4875000000,0.234,4770000000,0.013,,3178000000,,200.04,,0.066,0.059,0.100,,79858000000,58530000000,0.609,3057.98,48601000000,5669000000,-6548000000,-1882000000,7602000000,,0.225,,,,,,true,false,12,2024-04-01,2025-03-31,0
2025-05-15,4112,2024-03-31,,44261000000,0.022,,,,,3951000000,0.068,4711000000,0.119,,2480000000,,156.32,,0.055,0.061,0.089,,81157000000,57443000000,0.588,3007.36,47734000000,8343000000,-3950000000,-2067000000,10664000000,,0.240,,,,,,true,false,12,2023-04-01,2024-03-31,-1
2025-05-15,4112,2026-03-31,,50000000000,0.029,,,,,5000000000,0.026,5000000000,0.048,,3000000000,,188.79,,,,,,,,,,,,,,,,0.265,,,,,,true,true,12,2025-04-01,2026-03-31,1
2025-05-15,4112,2024-03-31,,,,,,,,,,,,,,,,,,,,,,,,,,,,,,75.00,,,,16827452,954748,15869582,false,false,12,2023-04-01,2024-03-31,-1
2025-05-15,4112,2025-03-31,,,,,,,,,,,,,,,,,,,,,,,,,,,,,,90.00,,,,16827452,934182,15891086,false,false,12,2024-04-01,2025-03-31,0
2025-05-15,4112,2026-03-31,,,,,,,,,,,,,,,,,,,,,,,,,,,,,,50.00,,,,,,,false,true,12,2025-04-01,2026-03-31,1
