filing_date,code,fiscal_year_end,quarterly_period,net_sales,net_sales_change,revenue,revenue_change,operating_revenue,operating_revenue_change,operating_profit,operating_profit_change,ordinary_profit,ordinary_profit_change,net_income,net_income_of_parent,net_income_change,eps,diluted_eps,roe,roa,operating_profit_to_net_sales,operating_profit_to_revenue,total_assets,net_assets,equity_ratio,bps,owner_equity,operating_cash_flow,investing_cash_flow,financing_cash_flow,cash,dividend_per_share,payout_ratio,commemorative_dividend,extra_dividend,number_of_shares,number_of_treqsury_shares,avg_number_of_shares,is_consolidated,is_forecast,duration,period_start,period_end,period_pos
2015-05-11,41130,2015-03-31,,19779000000,0.103,,,,,970000000,0.754,1007000000,0.880,323000000,,0.369,22.57,,0.051,0.059,0.049,,17856000000,6444000000,0.361,449.15,6444000000,623000000,-1061000000,572000000,285000000,,0.354,,,,,,true,false,12,2014-04-01,2015-03-31,0
2015-05-11,41130,2014-03-31,,17940000000,0.043,,,,,553000000,-0.040,535000000,-0.044,236000000,,,16.49,,0.038,0.033,0.031,,16190000000,6351000000,0.392,442.59,6351000000,2394000000,-1953000000,-592000000,147000000,,0.364,,,,,,true,false,12,2013-04-01,2014-03-31,-1
2015-05-11,41130,2016-03-31,,9600000000,0.046,,,,,400000000,0.133,400000000,0.105,,200000000,,13.94,,,,,,,,,,,,,,,,,,,,,,true,true,6,2015-04-01,2015-09-30,1
2015-05-11,41130,2016-03-31,,20400000000,0.031,,,,,1050000000,0.082,1050000000,0.042,,500000000,,34.85,,,,,,,,,,,,,,,,0.230,,,,,,true,true,12,2015-04-01,2016-03-31,1
2015-05-11,41130,2015-03-31,,18972000000,0.106,,,,,942000000,0.949,1011000000,1.085,366000000,,0.757,25.55,,,,,,17657000000,6495000000,0.368,452.73,6495000000,,,,,8.00,,,,14440000,92675,14349148,false,false,12,2014-04-01,2015-03-31,0
2015-05-11,41130,2014-03-31,,17147000000,0.039,,,,,483000000,0.058,484000000,-0.148,208000000,,1.379,14.53,,,,,,16029000000,6343000000,0.396,442.06,6343000000,,,,,6.00,,,,14440000,89329,14353199,false,false,12,2013-04-01,2014-03-31,-1
2015-05-11,41130,2016-03-31,,,,,,,,,,,,,,,,,,,,,,,,,,,,,,8.00,,,,,,,false,true,12,2015-04-01,2016-03-31,1
2015-07-30,41130,2016-03-31,1,4331000000,-0.001,,,,,239000000,1.169,252000000,1.156,,173000000,,12.08,,,,,,17332000000,6561000000,0.379,,6561000000,,,,,,,,,,,,true,false,3,2015-04-01,2015-06-30,0
2015-07-30,41130,2015-03-31,1,4335000000,0.003,,,,,110000000,-0.391,117000000,-0.327,,77000000,,5.40,,,,,,,,,,,,,,,,,,,,,,true,false,3,2014-04-01,2014-06-30,-1
2015-07-30,41130,2016-03-31,1,9600000000,0.046,,,,,400000000,0.133,400000000,0.105,,200000000,,13.94,,,,,,,,,,,,,,,,,,,,,,true,true,6,2015-04-01,2015-09-30,0
2015-07-30,41130,2016-03-31,1,20400000000,0.031,,,,,1050000000,0.082,1050000000,0.042,,500000000,,34.85,,,,,,,,,,,,,,,,,,,,,,true,true,12,2015-04-01,2016-03-31,0
2015-07-30,41130,2015-03-31,1,,,,,,,,,,,,,,,,,,,,17856000000,6444000000,0.361,,6444000000,,,,,,,,,,,,true,false,12,2014-04-01,2015-03-31,-1
2015-07-30,41130,2015-03-31,1,,,,,,,,,,,,,,,,,,,,,,,,,,,,,8.00,,,,14440000,92675,,false,false,12,2014-04-01,2015-03-31,-1
2015-07-30,41130,2016-03-31,1,,,,,,,,,,,,,,,,,,,,,,,,,,,,,8.00,,,,,,,false,true,12,2015-04-01,2016-03-31,0
2015-07-30,41130,2016-03-31,1,,,,,,,,,,,,,,,,,,,,,,,,,,,,,,,,,14440000,93631,14347086,false,false,3,2015-04-01,2015-06-30,0
2015-07-30,41130,2015-03-31,1,,,,,,,,,,,,,,,,,,,,,,,,,,,,,,,,,,,14350280,false,false,3,2014-04-01,2014-06-30,-1
2015-10-29,41130,2016-03-31,2,9458000000,0.031,,,,,573000000,0.626,578000000,0.598,,407000000,,28.40,,,,,,17849000000,6797000000,0.381,,6797000000,,,,,,,,,,,,true,false,6,2015-04-01,2015-09-30,0
2015-10-29,41130,2015-03-31,2,9176000000,0.099,,,,,353000000,1.064,361000000,1.946,,5000000,,0.40,,,,,,,,,,,,,,,,,,,,,,true,false,6,2014-04-01,2014-09-30,-1
2015-10-29,41130,2016-03-31,2,20400000000,0.031,,,,,1250000000,0.288,1250000000,0.241,,750000000,,52.28,,,,,,,,,,,,,,,,,,,,,,true,true,12,2015-04-01,2016-03-31,0
2015-10-29,41130,2015-03-31,2,,,,,,,,,,,,,,,,,,,,17856000000,6444000000,0.361,,6444000000,,,,,,,,,,,,true,false,12,2014-04-01,2015-03-31,-1
2015-10-29,41130,2015-03-31,2,,,,,,,,,,,,,,,,,,,,,,,,,,,,,8.00,,,,14440000,92675,,false,false,12,2014-04-01,2015-03-31,-1
2015-10-29,41130,2016-03-31,2,,,,,,,,,,,,,,,,,,,,,,,,,,,,,4.00,,,,,,,false,false,12,2015-04-01,2016-03-31,0
2015-10-29,41130,2016-03-31,2,,,,,,,,,,,,,,,,,,,,,,,,,,,,,8.00,,,,,,,false,true,12,2015-04-01,2016-03-31,0
2015-10-29,41130,2016-03-31,2,,,,,,,,,,,,,,,,,,,,,,,,,,,,,,,,,14440000,93880,14346743,false,false,6,2015-04-01,2015-09-30,0
2015-10-29,41130,2015-03-31,2,,,,,,,,,,,,,,,,,,,,,,,,,,,,,,,,,,,14349942,false,false,6,2014-04-01,2014-09-30,-1
2015-10-29,41130,2016-03-31,,9458000000,-0.015,,,,,573000000,0.435,578000000,0.446,,407000000,,28.40,,,,,,,,,,,,,,,,,,,,,,true,true,6,2015-04-01,2015-09-30,0
2015-10-29,41130,2015-03-31,,9176000000,,,,,,353000000,,361000000,,,5000000,,0.40,,,,,,,,,,,,,,,,,,,,,,true,false,6,2014-04-01,2014-09-30,-1
2015-10-29,41130,2016-03-31,,20400000000,0.000,,,,,1250000000,0.190,1250000000,0.190,,750000000,,52.28,,,,,,,,,,,,,,,,,,,,,,true,true,12,2015-04-01,2016-03-31,0
2015-10-29,41130,2015-03-31,,19779000000,,,,,,970000000,,1007000000,,,323000000,,22.57,,,,,,,,,,,,,,,,,,,,,,true,false,12,2014-04-01,2015-03-31,-1
2016-01-28,41130,2016-03-31,3,15441000000,0.070,,,,,1247000000,0.702,1257000000,0.666,,806000000,,56.23,,,,,,18272000000,7159000000,0.392,,7159000000,,,,,,,,,,,,true,false,9,2015-04-01,2015-12-31,0
2016-01-28,41130,2015-03-31,3,14426000000,0.134,,,,,732000000,1.780,754000000,1.905,,251000000,,17.56,,,,,,,,,,,,,,,,,,,,,,true,false,9,2014-04-01,2014-12-31,-1
2016-01-28,41130,2016-03-31,3,21000000000,0.062,,,,,1600000000,0.649,1600000000,0.588,,900000000,,62.73,,,,,,,,,,,,,,,,,,,,,,true,true,12,2015-04-01,2016-03-31,0
2016-01-28,41130,2015-03-31,3,,,,,,,,,,,,,,,,,,,,17856000000,6444000000,0.361,,6444000000,,,,,,,,,,,,true,false,12,2014-04-01,2015-03-31,-1
2016-01-28,41130,2015-03-31,3,,,,,,,,,,,,,,,,,,,,,,,,,,,,,8.00,,,,14440000,92675,,false,false,12,2014-04-01,2015-03-31,-1
2016-01-28,41130,2016-03-31,3,,,,,,,,,,,,,,,,,,,,,,,,,,,,,4.00,,,,,,,false,false,12,2015-04-01,2016-03-31,0
2016-01-28,41130,2016-03-31,3,,,,,,,,,,,,,,,,,,,,,,,,,,,,,10.00,,,,,,,false,true,12,2015-04-01,2016-03-31,0
2016-01-28,41130,2016-03-31,3,,,,,,,,,,,,,,,,,,,,,,,,,,,,,,,,,14440000,94705,14346391,false,false,9,2015-04-01,2015-12-31,0
2016-01-28,41130,2015-03-31,3,,,,,,,,,,,,,,,,,,,,,,,,,,,,,,,,,,,14349555,false,false,9,2014-04-01,2014-12-31,-1
2016-01-28,41130,2016-03-31,,21000000000,0.029,,,,,1600000000,0.280,1600000000,0.280,,900000000,,62.73,,,,,,,,,,,,,,,,,,,,,,true,true,12,2015-04-01,2016-03-31,0
2016-01-28,41130,2015-03-31,,19779000000,,,,,,970000000,,1007000000,,,323000000,,22.57,,,,,,,,,,,,,,,,,,,,,,true,false,12,2014-04-01,2015-03-31,-1
2016-01-28,41130,2016-03-31,,,,,,,,,,,,,,,,,,,,,,,,,,,,,,10.00,,,,,,,false,true,12,2015-04-01,2016-03-31,0
2016-01-28,41130,2016-03-31,,,,,,,,,,,,,,,,,,,,,,,,,,,,,,4.00,,,,,,,false,false,12,2015-04-01,2016-03-31,0
2016-01-28,41130,2015-03-31,,,,,,,,,,,,,,,,,,,,,,,,,,,,,,8.00,,,,,,,false,false,12,2014-04-01,2015-03-31,-1
2016-05-09,41130,2016-03-31,,20916000000,0.057,,,,,1810000000,0.866,1810000000,0.797,,1110000000,,77.41,,0.161,0.101,0.087,,18012000000,7314000000,0.406,509.95,7314000000,2400000000,-895000000,-1471000000,312000000,,0.129,,,,,,true,false,12,2015-04-01,2016-03-31,0
2016-05-09,41130,2015-03-31,,19779000000,0.103,,,,,970000000,0.754,1007000000,0.880,,323000000,,22.57,,0.051,0.059,0.049,,17856000000,6444000000,0.361,449.15,6444000000,623000000,-1061000000,572000000,285000000,,0.354,,,,,,true,false,12,2014-04-01,2015-03-31,-1
2016-05-09,41130,2017-03-31,,10500000000,0.110,,,,,600000000,0.045,550000000,-0.049,,300000000,,20.91,,,,,,,,,,,,,,,,,,,,,,true,true,6,2016-04-01,2016-09-30,1
2016-05-09,41130,2017-03-31,,22000000000,0.052,,,,,1250000000,-0.310,1200000000,-0.337,,700000000,,48.79,,,,,,,,,,,,,,,,0.205,,,,,,true,true,12,2016-04-01,2017-03-31,1
2016-05-09,41130,2016-03-31,,20232000000,0.066,,,,,1775000000,0.884,1784000000,0.765,1102000000,,2.006,76.82,,,,,,17769000000,7462000000,0.420,520.24,7462000000,,,,,10.00,,,,14440000,95941,14346001,false,false,12,2015-04-01,2016-03-31,0
2016-05-09,41130,2015-03-31,,18972000000,0.106,,,,,942000000,0.949,1011000000,1.085,366000000,,0.757,25.55,,,,,,17657000000,6495000000,0.368,452.73,6495000000,,,,,8.00,,,,14440000,92675,14349148,false,false,12,2014-04-01,2015-03-31,-1
2016-05-09,41130,2017-03-31,,,,,,,,,,,,,,,,,,,,,,,,,,,,,,10.00,,,,,,,false,true,12,2016-04-01,2017-03-31,1
2016-07-28,41130,2017-03-31,1,3975000000,-0.082,,,,,160000000,-0.327,166000000,-0.341,,99000000,,6.96,,,,,,17563000000,7313000000,0.416,,7313000000,,,,,,,,,,,,true,false,3,2016-04-01,2016-06-30,0
2016-07-28,41130,2016-03-31,1,4331000000,-0.001,,,,,239000000,1.169,252000000,1.156,,173000000,,12.08,,,,,,,,,,,,,,,,,,,,,,true,false,3,2015-04-01,2015-06-30,-1
2016-07-28,41130,2017-03-31,1,10500000000,0.110,,,,,600000000,0.045,550000000,-0.049,,300000000,,20.91,,,,,,,,,,,,,,,,,,,,,,true,true,6,2016-04-01,2016-09-30,0
2016-07-28,41130,2017-03-31,1,22000000000,0.052,,,,,1250000000,-0.310,1200000000,-0.337,,700000000,,48.79,,,,,,,,,,,,,,,,,,,,,,true,true,12,2016-04-01,2017-03-31,0
2016-07-28,41130,2016-03-31,1,,,,,,,,,,,,,,,,,,,,18012000000,7314000000,0.406,,7314000000,,,,,,,,,,,,true,false,12,2015-04-01,2016-03-31,-1
2016-07-28,41130,2016-03-31,1,,,,,,,,,,,,,,,,,,,,,,,,,,,,,10.00,,,,14440000,95941,,false,false,12,2015-04-01,2016-03-31,-1
2016-07-28,41130,2017-03-31,1,,,,,,,,,,,,,,,,,,,,,,,,,,,,,10.00,,,,,,,false,true,12,2016-04-01,2017-03-31,0
2016-07-28,41130,2017-03-31,1,,,,,,,,,,,,,,,,,,,,,,,,,,,,,,,,,14440000,96935,14343666,false,false,3,2016-04-01,2016-06-30,0
2016-07-28,41130,2016-03-31,1,,,,,,,,,,,,,,,,,,,,,,,,,,,,,,,,,,,14347086,false,false,3,2015-04-01,2015-06-30,-1
2016-10-27,41130,2017-03-31,2,9711000000,0.027,,,,,527000000,-0.082,527000000,-0.088,,355000000,,24.79,,,,,,18342000000,7594000000,0.414,,7594000000,,,,,,,,,,,,true,false,6,2016-04-01,2016-09-30,0
2016-10-27,41130,2016-03-31,2,9458000000,0.031,,,,,573000000,0.626,578000000,0.598,,407000000,,28.40,,,,,,,,,,,,,,,,,,,,,,true,false,6,2015-04-01,2015-09-30,-1
2016-10-27,41130,2017-03-31,2,22000000000,0.052,,,,,1250000000,-0.310,1200000000,-0.337,,700000000,,48.79,,,,,,,,,,,,,,,,,,,,,,true,true,12,2016-04-01,2017-03-31,0
2016-10-27,41130,2016-03-31,2,,,,,,,,,,,,,,,,,,,,18012000000,7314000000,0.406,,7314000000,,,,,,,,,,,,true,false,12,2015-04-01,2016-03-31,-1
2016-10-27,41130,2016-03-31,2,,,,,,,,,,,,,,,,,,,,,,,,,,,,,10.00,,,,14440000,95941,,false,false,12,2015-04-01,2016-03-31,-1
2016-10-27,41130,2017-03-31,2,,,,,,,,,,,,,,,,,,,,,,,,,,,,,5.00,,,,,,,false,false,12,2016-04-01,2017-03-31,0
2016-10-27,41130,2017-03-31,2,,,,,,,,,,,,,,,,,,,,,,,,,,,,,10.00,,,,,,,false,true,12,2016-04-01,2017-03-31,0
2016-10-27,41130,2017-03-31,2,,,,,,,,,,,,,,,,,,,,,,,,,,,,,,,,,14440000,97169,14343375,false,false,6,2016-04-01,2016-09-30,0
2016-10-27,41130,2016-03-31,2,,,,,,,,,,,,,,,,,,,,,,,,,,,,,,,,,,,14346743,false,false,6,2015-04-01,2015-09-30,-1
2017-01-27,41130,2017-03-31,3,14436000000,-0.065,,,,,992000000,-0.204,1007000000,-0.198,,691000000,,48.23,,,,,,18824000000,7903000000,0.420,,7903000000,,,,,,,,,,,,true,false,9,2016-04-01,2016-12-31,0
2017-01-27,41130,2016-03-31,3,15441000000,0.070,,,,,1247000000,0.702,1257000000,0.666,,806000000,,56.23,,,,,,,,,,,,,,,,,,,,,,true,false,9,2015-04-01,2015-12-31,-1
2017-01-27,41130,2017-03-31,3,22000000000,0.052,,,,,1250000000,-0.310,1200000000,-0.337,,700000000,,48.79,,,,,,,,,,,,,,,,,,,,,,true,true,12,2016-04-01,2017-03-31,0
2017-01-27,41130,2016-03-31,3,,,,,,,,,,,,,,,,,,,,18012000000,7314000000,0.406,,7314000000,,,,,,,,,,,,true,false,12,2015-04-01,2016-03-31,-1
2017-01-27,41130,2016-03-31,3,,,,,,,,,,,,,,,,,,,,,,,,,,,,,10.00,,,,14440000,95941,,false,false,12,2015-04-01,2016-03-31,-1
2017-01-27,41130,2017-03-31,3,,,,,,,,,,,,,,,,,,,,,,,,,,,,,5.00,,,,,,,false,false,12,2016-04-01,2017-03-31,0
2017-01-27,41130,2017-03-31,3,,,,,,,,,,,,,,,,,,,,,,,,,,,,,10.00,,,,,,,false,true,12,2016-04-01,2017-03-31,0
2017-01-27,41130,2017-03-31,3,,,,,,,,,,,,,,,,,,,,,,,,,,,,,,,,,14440000,99318,14342958,false,false,9,2016-04-01,2016-12-31,0
2017-01-27,41130,2016-03-31,3,,,,,,,,,,,,,,,,,,,,,,,,,,,,,,,,,,,14346391,false,false,9,2015-04-01,2015-12-31,-1
2017-05-10,41130,2017-03-31,,21000000000,0.004,,,,,1808000000,-0.001,1828000000,0.010,,1262000000,,88.04,,0.159,0.101,0.086,,18169000000,8525000000,0.469,594.60,8525000000,1858000000,-1189000000,-666000000,316000000,,0.114,,,,,,true,false,12,2016-04-01,2017-03-31,0
2017-05-10,41130,2016-03-31,,20916000000,0.057,,,,,1810000000,0.866,1810000000,0.797,,1110000000,,77.41,,0.161,0.101,0.087,,18012000000,7314000000,0.406,509.95,7314000000,2400000000,-895000000,-1471000000,312000000,,0.129,,,,,,true,false,12,2015-04-01,2016-03-31,-1
2017-05-10,41130,2018-03-31,,9500000000,-0.022,,,,,600000000,0.138,600000000,0.137,,400000000,,27.89,,,,,,,,,,,,,,,,,,,,,,true,true,6,2017-04-01,2017-09-30,1
2017-05-10,41130,2018-03-31,,21500000000,0.024,,,,,1500000000,-0.171,1450000000,-0.207,,950000000,,331.19,,,,,,,,,,,,,,,,0.166,,,,,,true,true,12,2017-04-01,2018-03-31,1
2017-05-10,41130,2017-03-31,,20359000000,0.006,,,,,1792000000,0.009,1823000000,0.022,1275000000,,0.157,88.92,,,,,,18041000000,8591000000,0.476,599.19,8591000000,,,,,10.00,,,,14440000,100937,14342170,false,false,12,2016-04-01,2017-03-31,0
2017-05-10,41130,2016-03-31,,20232000000,0.066,,,,,1775000000,0.884,1784000000,0.765,1102000000,,2.006,76.82,,,,,,17769000000,7462000000,0.420,520.24,7462000000,,,,,10.00,,,,14440000,95941,14346001,false,false,12,2015-04-01,2016-03-31,-1
2017-05-10,41130,2018-03-31,,,,,,,,,,,,,,,,,,,,,,,,,,,,,,30.00,,,,,,,false,true,12,2017-04-01,2018-03-31,1
2017-07-28,41130,2018-03-31,1,4681000000,0.177,,,,,311000000,0.934,328000000,0.969,,233000000,,16.28,,,,,,18676000000,8697000000,0.466,,8697000000,,,,,,,,,,,,true,false,3,2017-04-01,2017-06-30,0
2017-07-28,41130,2017-03-31,1,3975000000,-0.082,,,,,160000000,-0.327,166000000,-0.341,,99000000,,6.96,,,,,,,,,,,,,,,,,,,,,,true,false,3,2016-04-01,2016-06-30,-1
2017-07-28,41130,2018-03-31,1,9500000000,-0.022,,,,,600000000,0.138,600000000,0.137,,400000000,,27.89,,,,,,,,,,,,,,,,,,,,,,true,true,6,2017-04-01,2017-09-30,0
2017-07-28,41130,2018-03-31,1,21500000000,0.024,,,,,1500000000,-0.171,1450000000,-0.207,,950000000,,331.19,,,,,,,,,,,,,,,,,,,,,,true,true,12,2017-04-01,2018-03-31,0
2017-07-28,41130,2017-03-31,1,,,,,,,,,,,,,,,,,,,,18169000000,8525000000,0.469,,8525000000,,,,,,,,,,,,true,false,12,2016-04-01,2017-03-31,-1
2017-07-28,41130,2017-03-31,1,,,,,,,,,,,,,,,,,,,,,,,,,,,,,10.00,,,,14440000,100937,,false,false,12,2016-04-01,2017-03-31,-1
2017-07-28,41130,2018-03-31,1,,,,,,,,,,,,,,,,,,,,,,,,,,,,,30.00,,,,,,,false,true,12,2017-04-01,2018-03-31,0
2017-07-28,41130,2018-03-31,1,,,,,,,,,,,,,,,,,,,,,,,,,,,,,,,,,14440000,102418,14338548,false,false,3,2017-04-01,2017-06-30,0
2017-07-28,41130,2017-03-31,1,,,,,,,,,,,,,,,,,,,,,,,,,,,,,,,,,,,14343666,false,false,3,2016-04-01,2016-06-30,-1
2017-10-30,41130,2018-03-31,2,10103000000,0.040,,,,,796000000,0.511,821000000,0.557,,585000000,,204.31,,,,,,21389000000,9076000000,0.424,,9076000000,,,,,,,,,,,,true,false,6,2017-04-01,2017-09-30,0
2017-10-30,41130,2017-03-31,2,9711000000,0.027,,,,,527000000,-0.082,527000000,-0.088,,355000000,,123.96,,,,,,,,,,,,,,,,,,,,,,true,false,6,2016-04-01,2016-09-30,-1
2017-10-30,41130,2018-03-31,2,21500000000,0.024,,,,,1700000000,-0.060,1700000000,-0.071,,1050000000,,366.16,,,,,,,,,,,,,,,,,,,,,,true,true,12,2017-04-01,2018-03-31,0
2017-10-30,41130,2017-03-31,2,,,,,,,,,,,,,,,,,,,,18169000000,8525000000,0.469,,8525000000,,,,,,,,,,,,true,false,12,2016-04-01,2017-03-31,-1
2017-10-30,41130,2017-03-31,2,,,,,,,,,,,,,,,,,,,,,,,,,,,,,10.00,,,,2888000,20187,,false,false,12,2016-04-01,2017-03-31,-1
2017-10-30,41130,2018-03-31,2,,,,,,,,,,,,,,,,,,,,,,,,,,,,,5.00,,,,,,,false,false,12,2017-04-01,2018-03-31,0
2017-10-30,41130,2018-03-31,2,,,,,,,,,,,,,,,,,,,,,,,,,,,,,35.00,,,,,,,false,true,12,2017-04-01,2018-03-31,0
2017-10-30,41130,2018-03-31,2,,,,,,,,,,,,,,,,,,,,,,,,,,,,,,,,,2888000,20693,2867577,false,false,6,2017-04-01,2017-09-30,0
2017-10-30,41130,2017-03-31,2,,,,,,,,,,,,,,,,,,,,,,,,,,,,,,,,,,,2868675,false,false,6,2016-04-01,2016-09-30,-1
2017-10-30,41130,2018-03-31,,10103000000,0.064,,,,,796000000,0.327,821000000,0.369,,585000000,,40.86,,,,,,,,,,,,,,,,,,,,,,true,true,6,2017-04-01,2017-09-30,0
2017-10-30,41130,2017-03-31,,9711000000,,,,,,527000000,,527000000,,,355000000,,24.78,,,,,,,,,,,,,,,,,,,,,,true,false,6,2016-04-01,2016-09-30,-1
2017-10-30,41130,2018-03-31,,21500000000,0.000,,,,,1700000000,0.133,1700000000,0.172,,1050000000,,366.16,,,,,,,,,,,,,,,,,,,,,,true,true,12,2017-04-01,2018-03-31,0
2017-10-30,41130,2017-03-31,,21000000000,,,,,,1808000000,,1828000000,,,1262000000,,88.04,,,,,,,,,,,,,,,,,,,,,,true,false,12,2016-04-01,2017-03-31,-1
2017-10-30,41130,2018-03-31,,,,,,,,,,,,,,,,,,,,,,,,,,,,,,35.00,,,,,,,false,true,12,2017-04-01,2018-03-31,0
2017-10-30,41130,2018-03-31,,,,,,,,,,,,,,,,,,,,,,,,,,,,,,5.00,,,,,,,false,false,12,2017-04-01,2018-03-31,0
2017-10-30,41130,2017-03-31,,,,,,,,,,,,,,,,,,,,,,,,,,,,,,10.00,,,,,,,false,false,12,2016-04-01,2017-03-31,-1
2018-01-29,41130,2018-03-31,3,15920000000,0.103,,,,,1493000000,0.504,1545000000,0.533,,975000000,,340.24,,,,,,21889000000,9419000000,0.430,,9419000000,,,,,,,,,,,,true,false,9,2017-04-01,2017-12-31,0
2018-01-29,41130,2017-03-31,3,14436000000,-0.065,,,,,992000000,-0.204,1007000000,-0.198,,691000000,,241.14,,,,,,,,,,,,,,,,,,,,,,true,false,9,2016-04-01,2016-12-31,-1
2018-01-29,41130,2018-03-31,3,21500000000,0.024,,,,,1700000000,-0.060,1700000000,-0.071,,1050000000,,366.16,,,,,,,,,,,,,,,,,,,,,,true,true,12,2017-04-01,2018-03-31,0
2018-01-29,41130,2017-03-31,3,,,,,,,,,,,,,,,,,,,,18169000000,8525000000,0.469,,8525000000,,,,,,,,,,,,true,false,12,2016-04-01,2017-03-31,-1
2018-01-29,41130,2017-03-31,3,,,,,,,,,,,,,,,,,,,,,,,,,,,,,10.00,,,,2888000,20187,,false,false,12,2016-04-01,2017-03-31,-1
2018-01-29,41130,2018-03-31,3,,,,,,,,,,,,,,,,,,,,,,,,,,,,,5.00,,,,,,,false,false,12,2017-04-01,2018-03-31,0
2018-01-29,41130,2018-03-31,3,,,,,,,,,,,,,,,,,,,,,,,,,,,,,35.00,,,,,,,false,true,12,2017-04-01,2018-03-31,0
2018-01-29,41130,2018-03-31,3,,,,,,,,,,,,,,,,,,,,,,,,,,,,,,,,,2888000,20734,2867488,false,false,9,2017-04-01,2017-12-31,0
2018-01-29,41130,2017-03-31,3,,,,,,,,,,,,,,,,,,,,,,,,,,,,,,,,,,,2868592,false,false,9,2016-04-01,2016-12-31,-1
2018-02-26,41130,2018-03-31,,21500000000,0.000,,,,,1900000000,0.118,1900000000,0.118,,1200000000,,418.35,,,,,,,,,,,,,,,,,,,,,,true,true,12,2017-04-01,2018-03-31,0
2018-02-26,41130,2017-03-31,,21000000000,,,,,,1808000000,,1828000000,,,1262000000,,440.19,,,,,,,,,,,,,,,,,,,,,,true,false,12,2016-04-01,2017-03-31,-1
2018-02-26,41130,2018-03-31,,,,,,,,,,,,,,,,,,,,,,,,,,,,,,40.00,,,,,,,false,true,12,2017-04-01,2018-03-31,0
2018-02-26,41130,2018-03-31,,,,,,,,,,,,,,,,,,,,,,,,,,,,,,5.00,,,,,,,false,false,12,2017-04-01,2018-03-31,0
2018-02-26,41130,2017-03-31,,,,,,,,,,,,,,,,,,,,,,,,,,,,,,10.00,,,,,,,false,false,12,2016-04-01,2017-03-31,-1
2018-05-10,41130,2018-03-31,,21843000000,0.040,,,,,2075000000,0.147,2101000000,0.149,,1363000000,,475.51,,0.149,0.107,0.095,,21135000000,9816000000,0.464,3423.76,9816000000,3069000000,-3550000000,605000000,438000000,,0.137,,,,,,true,false,12,2017-04-01,2018-03-31,0
2018-05-10,41130,2017-03-31,,21000000000,0.004,,,,,1808000000,-0.001,1828000000,0.010,,1262000000,,440.19,,0.159,0.101,0.086,,18169000000,8525000000,0.469,2973.00,8525000000,1858000000,-1189000000,-666000000,316000000,,0.114,,,,,,true,false,12,2016-04-01,2017-03-31,-1
2018-05-10,41130,2019-03-31,,11000000000,0.089,,,,,1000000000,0.256,1000000000,0.217,,650000000,,226.08,,,,,,,,,,,,,,,,,,,,,,true,true,6,2018-04-01,2018-09-30,1
2018-05-10,41130,2019-03-31,,23500000000,0.076,,,,,2200000000,0.060,2200000000,0.047,,1500000000,,523.12,,,,,,,,,,,,,,,,0.153,,,,,,true,true,12,2018-04-01,2019-03-31,1
2018-05-10,41130,2018-03-31,,21116000000,0.037,,,,,2063000000,0.151,2094000000,0.148,1291000000,,0.013,450.54,,,,,,20952000000,9756000000,0.466,3402.69,9756000000,,,,,40.00,,,,2888000,20809,2867425,false,false,12,2017-04-01,2018-03-31,0
2018-05-10,41130,2017-03-31,,20359000000,0.006,,,,,1792000000,0.009,1823000000,0.022,1275000000,,0.157,444.58,,,,,,18041000000,8591000000,0.476,2995.95,8591000000,,,,,10.00,,,,2888000,20187,2868434,false,false,12,2016-04-01,2017-03-31,-1
2018-05-10,41130,2019-03-31,,,,,,,,,,,,,,,,,,,,,,,,,,,,,,80.00,,,,,,,false,true,12,2018-04-01,2019-03-31,1
2018-07-27,41130,2019-03-31,1,5588000000,0.194,,,,,568000000,0.826,584000000,0.780,,422000000,,147.38,,,,,,20652000000,10136000000,0.491,,10136000000,,,,,,,,,,,,true,false,3,2018-04-01,2018-06-30,0
2018-07-27,41130,2018-03-31,1,4681000000,0.177,,,,,311000000,0.934,328000000,0.969,,233000000,,81.39,,,,,,,,,,,,,,,,,,,,,,true,false,3,2017-04-01,2017-06-30,-1
2018-07-27,41130,2019-03-31,1,11000000000,0.089,,,,,1000000000,0.256,1000000000,0.217,,650000000,,226.08,,,,,,,,,,,,,,,,,,,,,,true,true,6,2018-04-01,2018-09-30,0
2018-07-27,41130,2019-03-31,1,23500000000,0.076,,,,,2200000000,0.060,2200000000,0.047,,1500000000,,523.12,,,,,,,,,,,,,,,,,,,,,,true,true,12,2018-04-01,2019-03-31,0
2018-07-27,41130,2018-03-31,1,,,,,,,,,,,,,,,,,,,,21135000000,9816000000,0.464,,9816000000,,,,,,,,,,,,true,false,12,2017-04-01,2018-03-31,-1
2018-07-27,41130,2018-03-31,1,,,,,,,,,,,,,,,,,,,,,,,,,,,,,40.00,,,,2888000,20809,,false,false,12,2017-04-01,2018-03-31,-1
2018-07-27,41130,2019-03-31,1,,,,,,,,,,,,,,,,,,,,,,,,,,,,,80.00,,,,,,,false,true,12,2018-04-01,2019-03-31,0
2018-07-27,41130,2019-03-31,1,,,,,,,,,,,,,,,,,,,,,,,,,,,,,,,,,2888000,20905,2867158,false,false,3,2018-04-01,2018-06-30,0
2018-07-27,41130,2018-03-31,1,,,,,,,,,,,,,,,,,,,,,,,,,,,,,,,,,,,2867710,false,false,3,2017-04-01,2017-06-30,-1
2018-10-29,41130,2019-03-31,2,11674000000,0.155,,,,,1273000000,0.599,1295000000,0.577,,926000000,,323.30,,,,,,22311000000,10650000000,0.477,,10650000000,,,,,,,,,,,,true,false,6,2018-04-01,2018-09-30,0
2018-10-29,41130,2018-03-31,2,10103000000,0.040,,,,,796000000,0.511,821000000,0.557,,585000000,,204.31,,,,,,,,,,,,,,,,,,,,,,true,false,6,2017-04-01,2017-09-30,-1
2018-10-29,41130,2019-03-31,2,24000000000,0.099,,,,,2400000000,0.156,2400000000,0.142,,1650000000,,575.50,,,,,,,,,,,,,,,,,,,,,,true,true,12,2018-04-01,2019-03-31,0
2018-10-29,41130,2018-03-31,2,,,,,,,,,,,,,,,,,,,,21135000000,9816000000,0.464,,9816000000,,,,,,,,,,,,true,false,12,2017-04-01,2018-03-31,-1
2018-10-29,41130,2018-03-31,2,,,,,,,,,,,,,,,,,,,,,,,,,,,,,40.00,,,,2888000,20809,,false,false,12,2017-04-01,2018-03-31,-1
2018-10-29,41130,2019-03-31,2,,,,,,,,,,,,,,,,,,,,,,,,,,,,,40.00,,,,,,,false,false,12,2018-04-01,2019-03-31,0
2018-10-29,41130,2019-03-31,2,,,,,,,,,,,,,,,,,,,,,,,,,,,,,90.00,,,,,,,false,true,12,2018-04-01,2019-03-31,0
2018-10-29,41130,2019-03-31,2,,,,,,,,,,,,,,,,,,,,,,,,,,,,,,,,,2888000,21055,2867088,false,false,6,2018-04-01,2018-09-30,0
2018-10-29,41130,2018-03-31,2,,,,,,,,,,,,,,,,,,,,,,,,,,,,,,,,,,,2867577,false,false,6,2017-04-01,2017-09-30,-1
2018-10-29,41130,2019-03-31,,11674000000,0.061,,,,,1273000000,0.274,1295000000,0.295,926000000,,0.426,323.30,,,,,,,,,,,,,,,,,,,,,,true,true,6,2018-04-01,2018-09-30,0
2018-10-29,41130,2018-03-31,,10103000000,,,,,,796000000,,821000000,,585000000,,,204.31,,,,,,,,,,,,,,,,,,,,,,true,false,6,2017-04-01,2017-09-30,-1
2018-10-29,41130,2019-03-31,,24000000000,0.021,,,,,2400000000,0.091,2400000000,0.091,,1650000000,,575.50,,,,,,,,,,,,,,,,,,,,,,true,true,12,2018-04-01,2019-03-31,0
2018-10-29,41130,2018-03-31,,21843000000,,,,,,2075000000,,2101000000,,,1363000000,,475.51,,,,,,,,,,,,,,,,,,,,,,true,false,12,2017-04-01,2018-03-31,-1
2018-10-29,41130,2019-03-31,,,,,,,,,,,,,,,,,,,,,,,,,,,,,,90.00,,,,,,,false,true,12,2018-04-01,2019-03-31,0
2018-10-29,41130,2019-03-31,,,,,,,,,,,,,,,,,,,,,,,,,,,,,,40.00,,,,,,,false,false,12,2018-04-01,2019-03-31,0
2018-10-29,41130,2018-03-31,,,,,,,,,,,,,,,,,,,,,,,,,,,,,,40.00,,,,,,,false,false,12,2017-04-01,2018-03-31,-1
2019-01-28,41130,2019-03-31,3,18392000000,0.155,,,,,2273000000,0.523,2299000000,0.488,,1613000000,,562.87,,,,,,23076000000,11214000000,0.486,,11214000000,,,,,,,,,,,,true,false,9,2018-04-01,2018-12-31,0
2019-01-28,41130,2018-03-31,3,15920000000,0.103,,,,,1493000000,0.504,1545000000,0.533,,975000000,,340.24,,,,,,,,,,,,,,,,,,,,,,true,false,9,2017-04-01,2017-12-31,-1
2019-01-28,41130,2019-03-31,3,24500000000,0.122,,,,,2700000000,0.301,2700000000,0.285,,1800000000,,627.74,,,,,,,,,,,,,,,,,,,,,,true,true,12,2018-04-01,2019-03-31,0
2019-01-28,41130,2018-03-31,3,,,,,,,,,,,,,,,,,,,,21135000000,9816000000,0.464,,9816000000,,,,,,,,,,,,true,false,12,2017-04-01,2018-03-31,-1
2019-01-28,41130,2018-03-31,3,,,,,,,,,,,,,,,,,,,,,,,,,,,,,40.00,,,,2888000,20809,,false,false,12,2017-04-01,2018-03-31,-1
2019-01-28,41130,2019-03-31,3,,,,,,,,,,,,,,,,,,,,,,,,,,,,,40.00,,,,,,,false,false,12,2018-04-01,2019-03-31,0
2019-01-28,41130,2019-03-31,3,,,,,,,,,,,,,,,,,,,,,,,,,,,,,100.00,,,,,,,false,true,12,2018-04-01,2019-03-31,0
2019-01-28,41130,2019-03-31,3,,,,,,,,,,,,,,,,,,,,,,,,,,,,,,,,,2888000,21135,2867021,false,false,9,2018-04-01,2018-12-31,0
2019-01-28,41130,2018-03-31,3,,,,,,,,,,,,,,,,,,,,,,,,,,,,,,,,,,,2867488,false,false,9,2017-04-01,2017-12-31,-1
2019-01-28,41130,2019-03-31,,24500000000,0.021,,,,,2700000000,0.125,2700000000,0.125,,1800000000,,627.74,,,,,,,,,,,,,,,,,,,,,,true,true,12,2018-04-01,2019-03-31,0
2019-01-28,41130,2018-03-31,,21843000000,,,,,,2075000000,,2101000000,,,1363000000,,475.51,,,,,,,,,,,,,,,,,,,,,,true,false,12,2017-04-01,2018-03-31,-1
2019-01-28,41130,2019-03-31,,,,,,,,,,,,,,,,,,,,,,,,,,,,,,100.00,,,,,,,false,true,12,2018-04-01,2019-03-31,0
2019-01-28,41130,2019-03-31,,,,,,,,,,,,,,,,,,,,,,,,,,,,,,40.00,,,,,,,false,false,12,2018-04-01,2019-03-31,0
2019-01-28,41130,2018-03-31,,,,,,,,,,,,,,,,,,,,,,,,,,,,,,40.00,,,,,,,false,false,12,2017-04-01,2018-03-31,-1
2019-05-09,41130,2019-03-31,,24457000000,0.120,,,,,2550000000,0.229,2582000000,0.229,,1819000000,,634.70,,0.171,0.117,0.104,,22838000000,11414000000,0.500,3981.62,11414000000,3588000000,-1301000000,-1404000000,1320000000,,0.158,,,,,,true,false,12,2018-04-01,2019-03-31,0
2019-05-09,41130,2018-03-31,,21843000000,0.040,,,,,2075000000,0.147,2101000000,0.149,,1363000000,,475.51,,0.149,0.107,0.095,,21135000000,9816000000,0.464,3423.76,9816000000,3069000000,-3550000000,605000000,438000000,,0.137,,,,,,true,false,12,2017-04-01,2018-03-31,-1
2019-05-09,41130,2020-03-31,,12000000000,0.028,,,,,700000000,-0.450,700000000,-0.460,,450000000,,159.98,,,,,,,,,,,,,,,,,,,,,,true,true,6,2019-04-01,2019-09-30,1
2019-05-09,41130,2020-03-31,,25200000000,0.030,,,,,2300000000,-0.098,2300000000,-0.109,,1600000000,,558.14,,,,,,,,,,,,,,,,0.197,,,,,,true,true,12,2019-04-01,2020-03-31,1
2019-05-09,41130,2019-03-31,,23808000000,0.127,,,,,2517000000,0.220,2590000000,0.236,1839000000,,0.424,641.61,,,,,,22754000000,11355000000,0.499,3961.03,11355000000,,,,,100.00,,,,2888000,21312,2866960,false,false,12,2018-04-01,2019-03-31,0
2019-05-09,41130,2018-03-31,,21116000000,0.037,,,,,2063000000,0.151,2094000000,0.148,1291000000,,0.013,450.54,,,,,,20952000000,9756000000,0.466,3402.69,9756000000,,,,,40.00,,,,2888000,20809,2867425,false,false,12,2017-04-01,2018-03-31,-1
2019-05-09,41130,2020-03-31,,,,,,,,,,,,,,,,,,,,,,,,,,,,,,110.00,,,,,,,false,true,12,2019-04-01,2020-03-31,1
2019-07-29,41130,2020-03-31,1,5715000000,0.023,,,,,298000000,-0.475,310000000,-0.468,,211000000,,73.89,,,,,,21989000000,11448000000,0.521,,11448000000,,,,,,,,,,,,true,false,3,2019-04-01,2019-06-30,0
2019-07-29,41130,2019-03-31,1,5588000000,0.194,,,,,568000000,0.826,584000000,0.780,,422000000,,147.38,,,,,,,,,,,,,,,,,,,,,,true,false,3,2018-04-01,2018-06-30,-1
2019-07-29,41130,2020-03-31,1,12000000000,0.028,,,,,700000000,-0.450,700000000,-0.460,,450000000,,159.98,,,,,,,,,,,,,,,,,,,,,,true,true,6,2019-04-01,2019-09-30,0
2019-07-29,41130,2020-03-31,1,25200000000,0.030,,,,,2300000000,-0.098,2300000000,-0.109,,1600000000,,558.14,,,,,,,,,,,,,,,,,,,,,,true,true,12,2019-04-01,2020-03-31,0
2019-07-29,41130,2019-03-31,1,,,,,,,,,,,,,,,,,,,,22838000000,11414000000,0.500,,11414000000,,,,,,,,,,,,true,false,12,2018-04-01,2019-03-31,-1
2019-07-29,41130,2019-03-31,1,,,,,,,,,,,,,,,,,,,,,,,,,,,,,100.00,,,,2888000,21312,,false,false,12,2018-04-01,2019-03-31,-1
2019-07-29,41130,2020-03-31,1,,,,,,,,,,,,,,,,,,,,,,,,,,,,,110.00,,,,,,,false,true,12,2019-04-01,2020-03-31,0
2019-07-29,41130,2020-03-31,1,,,,,,,,,,,,,,,,,,,,,,,,,,,,,,,,,2888000,21402,2866651,false,false,3,2019-04-01,2019-06-30,0
2019-07-29,41130,2019-03-31,1,,,,,,,,,,,,,,,,,,,,,,,,,,,,,,,,,,,2867158,false,false,3,2018-04-01,2018-06-30,-1
2019-10-29,41130,2020-03-31,2,11909000000,0.020,,,,,848000000,-0.334,867000000,-0.330,,631000000,,220.45,,,,,,22505000000,11863000000,0.527,,11863000000,,,,,,,,,,,,true,false,6,2019-04-01,2019-09-30,0
2019-10-29,41130,2019-03-31,2,11674000000,0.155,,,,,1273000000,0.599,1295000000,0.577,,926000000,,323.30,,,,,,,,,,,,,,,,,,,,,,true,false,6,2018-04-01,2018-09-30,-1
2019-10-29,41130,2020-03-31,2,25200000000,0.030,,,,,2300000000,-0.098,2300000000,-0.109,,1600000000,,558.14,,,,,,,,,,,,,,,,,,,,,,true,true,12,2019-04-01,2020-03-31,0
2019-10-29,41130,2019-03-31,2,,,,,,,,,,,,,,,,,,,,22838000000,11414000000,0.500,,11414000000,,,,,,,,,,,,true,false,12,2018-04-01,2019-03-31,-1
2019-10-29,41130,2019-03-31,2,,,,,,,,,,,,,,,,,,,,,,,,,,,,,100.00,,,,2888000,21312,,false,false,12,2018-04-01,2019-03-31,-1
2019-10-29,41130,2020-03-31,2,,,,,,,,,,,,,,,,,,,,,,,,,,,,,60.00,,,,,,,false,false,12,2019-04-01,2020-03-31,0
2019-10-29,41130,2020-03-31,2,,,,,,,,,,,,,,,,,,,,,,,,,,,,,115.00,,,,,,,false,true,12,2019-04-01,2020-03-31,0
2019-10-29,41130,2020-03-31,2,,,,,,,,,,,,,,,,,,,,,,,,,,,,,,,,,2888000,21442,2866622,false,false,6,2019-04-01,2019-09-30,0
2019-10-29,41130,2019-03-31,2,,,,,,,,,,,,,,,,,,,,,,,,,,,,,,,,,,,2867088,false,false,6,2018-04-01,2018-09-30,-1
2020-01-30,41130,2020-03-31,3,18799000000,0.022,,,,,1849000000,-0.187,1874000000,-0.185,,1350000000,,470.98,,,,,,23060000000,12418000000,0.539,,12418000000,,,,,,,,,,,,true,false,9,2019-04-01,2019-12-31,0
2020-01-30,41130,2019-03-31,3,18392000000,0.155,,,,,2273000000,0.523,2299000000,0.488,,1613000000,,562.87,,,,,,,,,,,,,,,,,,,,,,true,false,9,2018-04-01,2018-12-31,-1
2020-01-30,41130,2020-03-31,3,25200000000,0.030,,,,,2300000000,-0.098,2300000000,-0.109,,1600000000,,558.14,,,,,,,,,,,,,,,,,,,,,,true,true,12,2019-04-01,2020-03-31,0
2020-01-30,41130,2019-03-31,3,,,,,,,,,,,,,,,,,,,,22838000000,11414000000,0.500,,11414000000,,,,,,,,,,,,true,false,12,2018-04-01,2019-03-31,-1
2020-01-30,41130,2019-03-31,3,,,,,,,,,,,,,,,,,,,,,,,,,,,,,100.00,,,,2888000,21312,,false,false,12,2018-04-01,2019-03-31,-1
2020-01-30,41130,2020-03-31,3,,,,,,,,,,,,,,,,,,,,,,,,,,,,,60.00,,,,,,,false,false,12,2019-04-01,2020-03-31,0
2020-01-30,41130,2020-03-31,3,,,,,,,,,,,,,,,,,,,,,,,,,,,,,115.00,,,,,,,false,true,12,2019-04-01,2020-03-31,0
2020-01-30,41130,2020-03-31,3,,,,,,,,,,,,,,,,,,,,,,,,,,,,,,,,,2888000,21761,2866553,false,false,9,2019-04-01,2019-12-31,0
2020-01-30,41130,2019-03-31,3,,,,,,,,,,,,,,,,,,,,,,,,,,,,,,,,,,,2867021,false,false,9,2018-04-01,2018-12-31,-1
2020-03-26,41130,2020-03-31,,25500000000,0.012,,,,,2450000000,0.065,2450000000,0.065,,1750000000,,610.49,,,,,,,,,,,,,,,,,,,,,,true,true,12,2019-04-01,2020-03-31,0
2020-03-26,41130,2019-03-31,,24457000000,,,,,,2550000000,,2582000000,,,1819000000,,634.70,,,,,,,,,,,,,,,,,,,,,,true,false,12,2018-04-01,2019-03-31,-1
2020-03-26,41130,2020-03-31,,,,,,,,,,,,,,,,,,,,,,,,,,,,,,120.00,,,,,,,false,true,12,2019-04-01,2020-03-31,0
2020-03-26,41130,2020-03-31,,,,,,,,,,,,,,,,,,,,,,,,,,,,,,60.00,,,,,,,false,false,12,2019-04-01,2020-03-31,0
2020-03-26,41130,2019-03-31,,,,,,,,,,,,,,,,,,,,,,,,,,,,,,100.00,,,,,,,false,false,12,2018-04-01,2019-03-31,-1
2020-05-11,41130,2020-03-31,,25671000000,0.050,,,,,2688000000,0.054,2710000000,0.050,,1897000000,,661.96,,0.156,0.115,0.105,,24468000000,12969000000,0.530,4525.19,12969000000,2848000000,-1583000000,-694000000,1884000000,,0.181,,,,,,true,false,12,2019-04-01,2020-03-31,0
2020-05-11,41130,2019-03-31,,24457000000,0.120,,,,,2550000000,0.229,2582000000,0.229,,1819000000,,634.70,,0.171,0.117,0.104,,22838000000,11414000000,0.500,3981.62,11414000000,3588000000,-1301000000,-1404000000,1320000000,,0.158,,,,,,true,false,12,2018-04-01,2019-03-31,-1
2020-05-11,41130,2021-03-31,,13500000000,0.134,,,,,1400000000,0.650,1400000000,0.613,,950000000,,331.31,,,,,,,,,,,,,,,,,,,,,,true,true,6,2020-04-01,2020-09-30,1
2020-05-11,41130,2021-03-31,,27500000000,0.071,,,,,2800000000,0.041,2800000000,0.033,,1900000000,,662.90,,,,,,,,,,,,,,,,0.181,,,,,,true,true,12,2020-04-01,2021-03-31,1
2020-05-11,41130,2020-03-31,,24975000000,0.049,,,,,2626000000,0.043,2694000000,0.040,1901000000,,0.034,663.39,,,,,,24347000000,12891000000,0.529,4497.73,12891000000,,,,,120.00,,,,2888000,21821,2866466,false,false,12,2019-04-01,2020-03-31,0
2020-05-11,41130,2019-03-31,,23808000000,0.127,,,,,2517000000,0.220,2590000000,0.236,1839000000,,0.424,641.61,,,,,,22754000000,11355000000,0.499,3961.03,11355000000,,,,,100.00,,,,2888000,21312,2866960,false,false,12,2018-04-01,2019-03-31,-1
2020-05-11,41130,2021-03-31,,,,,,,,,,,,,,,,,,,,,,,,,,,,,,120.00,,,,,,,false,true,12,2020-04-01,2021-03-31,1
2020-07-28,41130,2021-03-31,1,7832000000,0.370,,,,,773000000,1.592,790000000,1.543,,517000000,,180.46,,,,,,24656000000,13327000000,0.541,,13327000000,,,,,,,,,,,,true,false,3,2020-04-01,2020-06-30,0
2020-07-28,41130,2020-03-31,1,5715000000,0.023,,,,,298000000,-0.475,310000000,-0.468,,211000000,,73.89,,,,,,,,,,,,,,,,,,,,,,true,false,3,2019-04-01,2019-06-30,-1
2020-07-28,41130,2021-03-31,1,13500000000,0.134,,,,,1400000000,0.650,1400000000,0.613,,950000000,,331.31,,,,,,,,,,,,,,,,,,,,,,true,true,6,2020-04-01,2020-09-30,0
2020-07-28,41130,2021-03-31,1,27500000000,0.071,,,,,2800000000,0.041,2800000000,0.033,,1900000000,,662.90,,,,,,,,,,,,,,,,,,,,,,true,true,12,2020-04-01,2021-03-31,0
2020-07-28,41130,2020-03-31,1,,,,,,,,,,,,,,,,,,,,24468000000,12969000000,0.530,,12969000000,,,,,,,,,,,,true,false,12,2019-04-01,2020-03-31,-1
2020-07-28,41130,2020-03-31,1,,,,,,,,,,,,,,,,,,,,,,,,,,,,,120.00,,,,2888000,21821,,false,false,12,2019-04-01,2020-03-31,-1
2020-07-28,41130,2021-03-31,1,,,,,,,,,,,,,,,,,,,,,,,,,,,,,120.00,,,,,,,false,true,12,2020-04-01,2021-03-31,0
2020-07-28,41130,2021-03-31,1,,,,,,,,,,,,,,,,,,,,,,,,,,,,,,,,,2888000,21882,2866164,false,false,3,2020-04-01,2020-06-30,0
2020-07-28,41130,2020-03-31,1,,,,,,,,,,,,,,,,,,,,,,,,,,,,,,,,,,,2866651,false,false,3,2019-04-01,2019-06-30,-1
2020-09-28,41130,2021-03-31,,15500000000,0.148,,,,,1700000000,0.214,1700000000,0.214,,1150000000,,401.24,,,,,,,,,,,,,,,,,,,,,,true,true,6,2020-04-01,2020-09-30,0
2020-09-28,41130,2020-03-31,,11909000000,,,,,,848000000,,867000000,,,631000000,,220.45,,,,,,,,,,,,,,,,,,,,,,true,false,6,2019-04-01,2019-09-30,-1
2020-09-28,41130,2021-03-31,,,,,,,,,,,,,,,,,,,,,,,,,,,,,,130.00,,,,,,,false,true,12,2020-04-01,2021-03-31,0
2020-09-28,41130,2020-03-31,,,,,,,,,,,,,,,,,,,,,,,,,,,,,,120.00,,,,,,,false,false,12,2019-04-01,2020-03-31,-1
2020-10-28,41130,2021-03-31,2,15901000000,0.335,,,,,1829000000,1.156,1861000000,1.144,,1268000000,,442.49,,,,,,26243000000,14072000000,0.536,,14072000000,,,,,,,,,,,,true,false,6,2020-04-01,2020-09-30,0
2020-10-28,41130,2020-03-31,2,11909000000,0.020,,,,,848000000,-0.334,867000000,-0.330,,631000000,,220.45,,,,,,,,,,,,,,,,,,,,,,true,false,6,2019-04-01,2019-09-30,-1
2020-10-28,41130,2021-03-31,2,31000000000,0.208,,,,,3400000000,0.264,3400000000,0.255,,2300000000,,802.49,,,,,,,,,,,,,,,,,,,,,,true,true,12,2020-04-01,2021-03-31,0
2020-10-28,41130,2020-03-31,2,,,,,,,,,,,,,,,,,,,,24468000000,12969000000,0.530,,12969000000,,,,,,,,,,,,true,false,12,2019-04-01,2020-03-31,-1
2020-10-28,41130,2020-03-31,2,,,,,,,,,,,,,,,,,,,,,,,,,,,,,120.00,,,,2888000,21821,,false,false,12,2019-04-01,2020-03-31,-1
2020-10-28,41130,2021-03-31,2,,,,,,,,,,,,,,,,,,,,,,,,,,,,,70.00,,,,,,,false,false,12,2020-04-01,2021-03-31,0
2020-10-28,41130,2021-03-31,2,,,,,,,,,,,,,,,,,,,,,,,,,,,,,140.00,,,,,,,false,true,12,2020-04-01,2021-03-31,0
2020-10-28,41130,2021-03-31,2,,,,,,,,,,,,,,,,,,,,,,,,,,,,,,,,,2888000,22155,2866072,false,false,6,2020-04-01,2020-09-30,0
2020-10-28,41130,2020-03-31,2,,,,,,,,,,,,,,,,,,,,,,,,,,,,,,,,,,,2866622,false,false,6,2019-04-01,2019-09-30,-1
2021-01-28,41130,2021-03-31,3,23469000000,0.248,,,,,2855000000,0.544,2894000000,0.544,,2017000000,,703.78,,,,,,26418000000,14614000000,0.553,,14614000000,,,,,,,,,,,,true,false,9,2020-04-01,2020-12-31,0
2021-01-28,41130,2020-03-31,3,18799000000,0.022,,,,,1849000000,-0.187,1874000000,-0.185,,1350000000,,470.98,,,,,,,,,,,,,,,,,,,,,,true,false,9,2019-04-01,2019-12-31,-1
2021-01-28,41130,2021-03-31,3,32000000000,0.247,,,,,3700000000,0.376,3700000000,0.365,,2500000000,,872.30,,,,,,,,,,,,,,,,,,,,,,true,true,12,2020-04-01,2021-03-31,0
2021-01-28,41130,2020-03-31,3,,,,,,,,,,,,,,,,,,,,24468000000,12969000000,0.530,,12969000000,,,,,,,,,,,,true,false,12,2019-04-01,2020-03-31,-1
2021-01-28,41130,2020-03-31,3,,,,,,,,,,,,,,,,,,,,,,,,,,,,,120.00,,,,2888000,21821,,false,false,12,2019-04-01,2020-03-31,-1
2021-01-28,41130,2021-03-31,3,,,,,,,,,,,,,,,,,,,,,,,,,,,,,70.00,,,,,,,false,false,12,2020-04-01,2021-03-31,0
2021-01-28,41130,2021-03-31,3,,,,,,,,,,,,,,,,,,,,,,,,,,,,,140.00,,,,,,,false,true,12,2020-04-01,2021-03-31,0
2021-01-28,41130,2021-03-31,3,,,,,,,,,,,,,,,,,,,,,,,,,,,,,,,,,2888000,22168,2866002,false,false,9,2020-04-01,2020-12-31,0
2021-01-28,41130,2020-03-31,3,,,,,,,,,,,,,,,,,,,,,,,,,,,,,,,,,,,2866553,false,false,9,2019-04-01,2019-12-31,-1
,41130,2021-03-31,,,,,,,,,,,,,,,,,,,,,,,,,,,,,,160.00,,,,,,,false,true,12,2020-04-01,2021-03-31,0
,41130,2021-03-31,,,,,,,,,,,,,,,,,,,,,,,,,,,,,,70.00,,,,,,,false,false,12,2020-04-01,2021-03-31,0
,41130,2020-03-31,,,,,,,,,,,,,,,,,,,,,,,,,,,,,,120.00,,,,,,,false,false,12,2019-04-01,2020-03-31,-1
2021-05-12,41130,2021-03-31,,32057000000,0.249,,,,,4015000000,0.493,4062000000,0.499,,2615000000,,912.58,,0.185,0.155,0.125,,27958000000,15237000000,0.545,5317.20,15237000000,5218000000,-2094000000,-680000000,4330000000,,0.175,,,,,,true,false,12,2020-04-01,2021-03-31,0
2021-05-12,41130,2020-03-31,,25671000000,0.050,,,,,2688000000,0.054,2710000000,0.050,,1897000000,,661.96,,0.156,0.115,0.105,,24468000000,12969000000,0.530,4525.19,12969000000,2848000000,-1583000000,-694000000,1884000000,,0.181,,,,,,true,false,12,2019-04-01,2020-03-31,-1
2021-05-12,41130,2022-03-31,,16000000000,0.006,,,,,1400000000,-0.235,1400000000,-0.248,,1000000000,,348.92,,,,,,,,,,,,,,,,,,,,,,true,true,6,2021-04-01,2021-09-30,1
2021-05-12,41130,2022-03-31,,34000000000,0.061,,,,,3700000000,-0.079,3700000000,-0.089,,2600000000,,907.20,,,,,,,,,,,,,,,,0.198,,,,,,true,true,12,2021-04-01,2022-03-31,1
2021-05-12,41130,2021-03-31,,31370000000,0.256,,,,,3942000000,0.501,4000000000,0.485,2571000000,,0.352,897.38,,,,,,27832000000,15106000000,0.543,5271.25,15106000000,,,,,160.00,,,,2888000,22228,2865953,false,false,12,2020-04-01,2021-03-31,0
2021-05-12,41130,2020-03-31,,24975000000,0.049,,,,,2626000000,0.043,2694000000,0.040,1901000000,,0.034,663.39,,,,,,24347000000,12891000000,0.529,4497.73,12891000000,,,,,120.00,,,,2888000,21821,2866466,false,false,12,2019-04-01,2020-03-31,-1
2021-05-12,41130,2022-03-31,,,,,,,,,,,,,,,,,,,,,,,,,,,,,,180.00,,,,,,,false,true,12,2021-04-01,2022-03-31,1
2021-07-29,41130,2022-03-31,1,8917000000,0.138,,,,,819000000,0.060,840000000,0.062,,605000000,,211.40,,,,,,28098000000,15581000000,0.555,,15581000000,,,,,,,,,,,,true,false,3,2021-04-01,2021-06-30,0
2021-07-29,41130,2021-03-31,1,7832000000,0.370,,,,,773000000,1.592,790000000,1.543,,517000000,,180.46,,,,,,,,,,,,,,,,,,,,,,true,false,3,2020-04-01,2020-06-30,-1
2021-07-29,41130,2022-03-31,1,16000000000,0.006,,,,,1400000000,-0.235,1400000000,-0.248,,1000000000,,348.92,,,,,,,,,,,,,,,,,,,,,,true,true,6,2021-04-01,2021-09-30,0
2021-07-29,41130,2022-03-31,1,34000000000,0.061,,,,,3700000000,-0.079,3700000000,-0.089,,2600000000,,181.44,,,,,,,,,,,,,,,,,,,,,,true,true,12,2021-04-01,2022-03-31,0
2021-07-29,41130,2021-03-31,1,,,,,,,,,,,,,,,,,,,,27958000000,15237000000,0.545,,15237000000,,,,,,,,,,,,true,false,12,2020-04-01,2021-03-31,-1
2021-07-29,41130,2021-03-31,1,,,,,,,,,,,,,,,,,,,,,,,,,,,,,160.00,,,,2888000,22228,,false,false,12,2020-04-01,2021-03-31,-1
2021-07-29,41130,2022-03-31,1,,,,,,,,,,,,,,,,,,,,,,,,,,,,,18.00,,,,,,,false,true,12,2021-04-01,2022-03-31,0
2021-07-29,41130,2022-03-31,1,,,,,,,,,,,,,,,,,,,,,,,,,,,,,,,,,2888000,22228,2865772,false,false,3,2021-04-01,2021-06-30,0
2021-07-29,41130,2021-03-31,1,,,,,,,,,,,,,,,,,,,,,,,,,,,,,,,,,,,2866164,false,false,3,2020-04-01,2020-06-30,-1
2021-10-28,41130,2022-03-31,2,16855000000,0.060,,,,,1829000000,0.000,1867000000,0.003,,1336000000,,93.25,,,,,,28279000000,16309000000,0.577,,16309000000,,,,,,,,,,,,true,false,6,2021-04-01,2021-09-30,0
2021-10-28,41130,2021-03-31,2,15901000000,0.335,,,,,1829000000,1.156,1861000000,1.144,,1268000000,,88.50,,,,,,,,,,,,,,,,,,,,,,true,false,6,2020-04-01,2020-09-30,-1
2021-10-28,41130,2022-03-31,2,33000000000,0.029,,,,,3000000000,-0.253,3000000000,-0.262,,2100000000,,146.55,,,,,,,,,,,,,,,,,,,,,,true,true,12,2021-04-01,2022-03-31,0
2021-10-28,41130,2021-03-31,2,,,,,,,,,,,,,,,,,,,,27958000000,15237000000,0.545,,15237000000,,,,,,,,,,,,true,false,12,2020-04-01,2021-03-31,-1
2021-10-28,41130,2021-03-31,2,,,,,,,,,,,,,,,,,,,,,,,,,,,,,160.00,,,,14440000,111140,,false,false,12,2020-04-01,2021-03-31,-1
2021-10-28,41130,2022-03-31,2,,,,,,,,,,,,,,,,,,,,,,,,,,,,,90.00,,,,,,,false,false,12,2021-04-01,2022-03-31,0
2021-10-28,41130,2022-03-31,2,,,,,,,,,,,,,,,,,,,,,,,,,,,,,18.00,,,,,,,false,true,12,2021-04-01,2022-03-31,0
2021-10-28,41130,2022-03-31,2,,,,,,,,,,,,,,,,,,,,,,,,,,,,,,,,,14440000,111140,14328860,false,false,6,2021-04-01,2021-09-30,0
2021-10-28,41130,2021-03-31,2,,,,,,,,,,,,,,,,,,,,,,,,,,,,,,,,,,,14330358,false,false,6,2020-04-01,2020-09-30,-1
2022-01-28,41130,2022-03-31,3,24406000000,0.040,,,,,2267000000,-0.206,2329000000,-0.195,,1674000000,,116.85,,,,,,29779000000,16383000000,0.550,,16383000000,,,,,,,,,,,,true,false,9,2021-04-01,2021-12-31,0
2022-01-28,41130,2021-03-31,3,23469000000,0.248,,,,,2855000000,0.544,2894000000,0.544,,2017000000,,140.76,,,,,,,,,,,,,,,,,,,,,,true,false,9,2020-04-01,2020-12-31,-1
2022-01-28,41130,2022-03-31,3,33000000000,0.029,,,,,3000000000,-0.253,3000000000,-0.262,,2100000000,,146.55,,,,,,,,,,,,,,,,,,,,,,true,true,12,2021-04-01,2022-03-31,0
2022-01-28,41130,2021-03-31,3,,,,,,,,,,,,,,,,,,,,27958000000,15237000000,0.545,,15237000000,,,,,,,,,,,,true,false,12,2020-04-01,2021-03-31,-1
2022-01-28,41130,2021-03-31,3,,,,,,,,,,,,,,,,,,,,,,,,,,,,,160.00,,,,14440000,111140,,false,false,12,2020-04-01,2021-03-31,-1
2022-01-28,41130,2022-03-31,3,,,,,,,,,,,,,,,,,,,,,,,,,,,,,90.00,,,,,,,false,false,12,2021-04-01,2022-03-31,0
2022-01-28,41130,2022-03-31,3,,,,,,,,,,,,,,,,,,,,,,,,,,,,,18.00,,,,,,,false,true,12,2021-04-01,2022-03-31,0
2022-01-28,41130,2022-03-31,3,,,,,,,,,,,,,,,,,,,,,,,,,,,,,,,,,14440000,111140,14328860,false,false,9,2021-04-01,2021-12-31,0
2022-01-28,41130,2021-03-31,3,,,,,,,,,,,,,,,,,,,,,,,,,,,,,,,,,,,14330008,false,false,9,2020-04-01,2020-12-31,-1
2022-05-11,41130,2022-03-31,,32374000000,0.010,,,,,2708000000,-0.326,2798000000,-0.311,,2063000000,,144.03,,0.129,0.093,0.084,,32417000000,16749000000,0.517,1168.92,16749000000,-1329000000,-2075000000,-273000000,718000000,,0.250,,,,,,true,false,12,2021-04-01,2022-03-31,0
2022-05-11,41130,2021-03-31,,32057000000,0.249,,,,,4015000000,0.493,4062000000,0.499,,2615000000,,182.52,,0.185,0.155,0.125,,27958000000,15237000000,0.545,1063.44,15237000000,5218000000,-2094000000,-680000000,4330000000,,0.175,,,,,,true,false,12,2020-04-01,2021-03-31,-1
2022-05-11,41130,2023-03-31,,16000000000,-0.051,,,,,450000000,-0.754,450000000,-0.759,,250000000,,17.45,,,,,,,,,,,,,,,,,,,,,,true,true,6,2022-04-01,2022-09-30,1
2022-05-11,41130,2023-03-31,,33000000000,0.019,,,,,1250000000,-0.538,1250000000,-0.553,,800000000,,55.83,,,,,,,,,,,,,,,,0.645,,,,,,true,true,12,2022-04-01,2023-03-31,1
2022-05-11,41130,2022-03-31,,31217000000,-0.005,,,,,2594000000,-0.342,2723000000,-0.319,2006000000,,-0.220,140.03,,,,,,31928000000,16591000000,0.520,1157.92,16591000000,,,,,18.00,,,,14440000,111140,14328860,false,false,12,2021-04-01,2022-03-31,0
2022-05-11,41130,2021-03-31,,31370000000,0.256,,,,,3942000000,0.501,4000000000,0.485,2571000000,,0.352,179.48,,,,,,27832000000,15106000000,0.543,1054.25,15106000000,,,,,160.00,,,,14440000,111140,14329765,false,false,12,2020-04-01,2021-03-31,-1
2022-05-11,41130,2023-03-31,,,,,,,,,,,,,,,,,,,,,,,,,,,,,,36.00,,,,,,,false,true,12,2022-04-01,2023-03-31,1
2022-07-28,41130,2023-03-31,1,8140000000,-0.087,,,,,203000000,-0.752,225000000,-0.731,,131000000,,9.20,,,,,,31192000000,16651000000,0.534,,16651000000,,,,,,,,,,,,true,false,3,2022-04-01,2022-06-30,0
2022-07-28,41130,2022-03-31,1,8917000000,0.138,,,,,819000000,0.060,840000000,0.062,,605000000,,42.28,,,,,,,,,,,,,,,,,,,,,,true,false,3,2021-04-01,2021-06-30,-1
2022-07-28,41130,2023-03-31,1,16000000000,-0.051,,,,,450000000,-0.754,450000000,-0.759,,250000000,,17.45,,,,,,,,,,,,,,,,,,,,,,true,true,6,2022-04-01,2022-09-30,0
2022-07-28,41130,2023-03-31,1,33000000000,0.019,,,,,1250000000,-0.538,1250000000,-0.553,,800000000,,55.83,,,,,,,,,,,,,,,,,,,,,,true,true,12,2022-04-01,2023-03-31,0
2022-07-28,41130,2022-03-31,1,,,,,,,,,,,,,,,,,,,,32417000000,16749000000,0.517,,16749000000,,,,,,,,,,,,true,false,12,2021-04-01,2022-03-31,-1
2022-07-28,41130,2022-03-31,1,,,,,,,,,,,,,,,,,,,,,,,,,,,,,18.00,,,,14440000,111140,,false,false,12,2021-04-01,2022-03-31,-1
2022-07-28,41130,2023-03-31,1,,,,,,,,,,,,,,,,,,,,,,,,,,,,,36.00,,,,,,,false,true,12,2022-04-01,2023-03-31,0
2022-07-28,41130,2023-03-31,1,,,,,,,,,,,,,,,,,,,,,,,,,,,,,,,,,14440000,111140,14328860,false,false,3,2022-04-01,2022-06-30,0
2022-07-28,41130,2022-03-31,1,,,,,,,,,,,,,,,,,,,,,,,,,,,,,,,,,,,14328860,false,false,3,2021-04-01,2021-06-30,-1
2022-10-27,41130,2023-03-31,2,15264000000,-0.094,,,,,249000000,-0.864,279000000,-0.850,,191000000,,13.35,,,,,,32641000000,16732000000,0.513,,16732000000,,,,,,,,,,,,true,false,6,2022-04-01,2022-09-30,0
2022-10-27,41130,2022-03-31,2,16855000000,0.060,,,,,1829000000,0.000,1867000000,0.003,,1336000000,,93.25,,,,,,,,,,,,,,,,,,,,,,true,false,6,2021-04-01,2021-09-30,-1
2022-10-27,41130,2023-03-31,2,31000000000,-0.042,,,,,500000000,-0.815,500000000,-0.821,,300000000,,20.94,,,,,,,,,,,,,,,,,,,,,,true,true,12,2022-04-01,2023-03-31,0
2022-10-27,41130,2022-03-31,2,,,,,,,,,,,,,,,,,,,,32417000000,16749000000,0.517,,16749000000,,,,,,,,,,,,true,false,12,2021-04-01,2022-03-31,-1
2022-10-27,41130,2022-03-31,2,,,,,,,,,,,,,,,,,,,,,,,,,,,,,18.00,,,,14440000,111140,,false,false,12,2021-04-01,2022-03-31,-1
2022-10-27,41130,2023-03-31,2,,,,,,,,,,,,,,,,,,,,,,,,,,,,,18.00,,,,,,,false,false,12,2022-04-01,2023-03-31,0
2022-10-27,41130,2023-03-31,2,,,,,,,,,,,,,,,,,,,,,,,,,,,,,27.00,,,,,,,false,true,12,2022-04-01,2023-03-31,0
2022-10-27,41130,2023-03-31,2,,,,,,,,,,,,,,,,,,,,,,,,,,,,,,,,,14440000,111140,14328860,false,false,6,2022-04-01,2022-09-30,0
2022-10-27,41130,2022-03-31,2,,,,,,,,,,,,,,,,,,,,,,,,,,,,,,,,,,,14328860,false,false,6,2021-04-01,2021-09-30,-1
2022-10-27,41130,2023-03-31,,15264000000,-0.046,,,,,249000000,-0.446,279000000,-0.379,191000000,,-0.235,13.35,,,,,,,,,,,,,,,,,,,,,,true,true,6,2022-04-01,2022-09-30,0
2022-10-27,41130,2022-03-31,,16855000000,,,,,,1829000000,,1867000000,,1336000000,,,93.25,,,,,,,,,,,,,,,,,,,,,,true,false,6,2021-04-01,2021-09-30,-1
2022-10-27,41130,2023-03-31,,31000000000,-0.061,,,,,500000000,-0.600,500000000,-0.600,300000000,,-0.625,20.94,,,,,,,,,,,,,,,,,,,,,,true,true,12,2022-04-01,2023-03-31,0
2022-10-27,41130,2022-03-31,,32374000000,,,,,,2708000000,,2798000000,,2063000000,,,114.03,,,,,,,,,,,,,,,,,,,,,,true,false,12,2021-04-01,2022-03-31,-1
2022-10-27,41130,2023-03-31,,,,,,,,,,,,,,,,,,,,,,,,,,,,,,27.00,,,,,,,false,true,12,2022-04-01,2023-03-31,0
2022-10-27,41130,2023-03-31,,,,,,,,,,,,,,,,,,,,,,,,,,,,,,9.00,,,,,,,false,false,12,2022-04-01,2023-03-31,0
2022-10-27,41130,2022-03-31,,,,,,,,,,,,,,,,,,,,,,,,,,,,,,18.00,,,,,,,false,false,12,2021-04-01,2022-03-31,-1
2023-01-30,41130,2023-03-31,3,22857000000,-0.063,,,,,520000000,-0.771,534000000,-0.770,,360000000,,25.16,,,,,,33798000000,16579000000,0.491,,16579000000,,,,,,,,,,,,true,false,9,2022-04-01,2022-12-31,0
2023-01-30,41130,2022-03-31,3,24406000000,0.040,,,,,2267000000,-0.206,2329000000,-0.195,,1674000000,,116.85,,,,,,,,,,,,,,,,,,,,,,true,false,9,2021-04-01,2021-12-31,-1
2023-01-30,41130,2023-03-31,3,31000000000,-0.042,,,,,500000000,-0.815,500000000,-0.821,,300000000,,20.94,,,,,,,,,,,,,,,,,,,,,,true,true,12,2022-04-01,2023-03-31,0
2023-01-30,41130,2022-03-31,3,,,,,,,,,,,,,,,,,,,,32417000000,16749000000,0.517,,16749000000,,,,,,,,,,,,true,false,12,2021-04-01,2022-03-31,-1
2023-01-30,41130,2022-03-31,3,,,,,,,,,,,,,,,,,,,,,,,,,,,,,18.00,,,,14440000,111140,,false,false,12,2021-04-01,2022-03-31,-1
2023-01-30,41130,2023-03-31,3,,,,,,,,,,,,,,,,,,,,,,,,,,,,,18.00,,,,,,,false,false,12,2022-04-01,2023-03-31,0
2023-01-30,41130,2023-03-31,3,,,,,,,,,,,,,,,,,,,,,,,,,,,,,27.00,,,,,,,false,true,12,2022-04-01,2023-03-31,0
2023-01-30,41130,2023-03-31,3,,,,,,,,,,,,,,,,,,,,,,,,,,,,,,,,,14440000,111140,14328860,false,false,9,2022-04-01,2022-12-31,0
2023-01-30,41130,2022-03-31,3,,,,,,,,,,,,,,,,,,,,,,,,,,,,,,,,,,,14328860,false,false,9,2021-04-01,2021-12-31,-1
2023-05-12,41130,2023-03-31,,30166000000,-0.068,,,,,451000000,-0.833,457000000,-0.836,,310000000,,21.68,,0.019,0.014,0.015,,31069000000,16570000000,0.533,1156.45,16570000000,1478000000,-4339000000,2995000000,853000000,,1.245,,,,,,true,false,12,2022-04-01,2023-03-31,0
2023-05-12,41130,2022-03-31,,32374000000,0.010,,,,,2708000000,-0.326,2798000000,-0.311,,2063000000,,144.03,,0.129,0.093,0.084,,32417000000,16749000000,0.517,1168.92,16749000000,-1329000000,-2075000000,-273000000,718000000,,0.250,,,,,,true,false,12,2021-04-01,2022-03-31,-1
2023-05-12,41130,2024-03-31,,15000000000,-0.017,,,,,150000000,-0.398,150000000,-0.463,,100000000,,6.98,,,,,,,,,,,,,,,,,,,,,,true,true,6,2023-04-01,2023-09-30,1
2023-05-12,41130,2024-03-31,,32000000000,0.061,,,,,700000000,0.552,700000000,0.529,,400000000,,27.92,,,,,,,,,,,,,,,,0.645,,,,,,true,true,12,2023-04-01,2024-03-31,1
2023-05-12,41130,2023-03-31,,27520000000,-0.118,,,,,267000000,-0.897,314000000,-0.885,219000000,,-0.891,15.29,,,,,,30277000000,16283000000,0.538,1136.42,16283000000,,,,,27.00,,,,14440000,111140,14328860,false,false,12,2022-04-01,2023-03-31,0
2023-05-12,41130,2022-03-31,,31217000000,-0.005,,,,,2594000000,-0.342,2723000000,-0.319,2006000000,,-0.220,140.03,,,,,,31928000000,16591000000,0.520,1157.92,16591000000,,,,,18.00,,,,14440000,111140,14328860,false,false,12,2021-04-01,2022-03-31,-1
2023-05-12,41130,2024-03-31,,,,,,,,,,,,,,,,,,,,,,,,,,,,,,18.00,,,,,,,false,true,12,2023-04-01,2024-03-31,1
2023-07-31,41130,2024-03-31,1,7426000000,-0.088,,,,,2000000,-0.986,29000000,-0.871,,27000000,,1.94,,,,,,30389000000,16496000000,0.543,,16496000000,,,,,,,,,,,,true,false,3,2023-04-01,2023-06-30,0
2023-07-31,41130,2023-03-31,1,8140000000,-0.087,,,,,203000000,-0.752,225000000,-0.731,,131000000,,9.20,,,,,,,,,,,,,,,,,,,,,,true,false,3,2022-04-01,2022-06-30,-1
2023-07-31,41130,2024-03-31,1,15000000000,-0.017,,,,,150000000,-0.398,150000000,-0.463,,100000000,,6.98,,,,,,,,,,,,,,,,,,,,,,true,true,6,2023-04-01,2023-09-30,0
2023-07-31,41130,2024-03-31,1,32000000000,0.061,,,,,700000000,0.552,700000000,0.529,,400000000,,27.92,,,,,,,,,,,,,,,,,,,,,,true,true,12,2023-04-01,2024-03-31,0
2023-07-31,41130,2023-03-31,1,,,,,,,,,,,,,,,,,,,,31069000000,16570000000,0.533,,16570000000,,,,,,,,,,,,true,false,12,2022-04-01,2023-03-31,-1
2023-07-31,41130,2023-03-31,1,,,,,,,,,,,,,,,,,,,,,,,,,,,,,27.00,,,,14440000,111140,,false,false,12,2022-04-01,2023-03-31,-1
2023-07-31,41130,2024-03-31,1,,,,,,,,,,,,,,,,,,,,,,,,,,,,,18.00,,,,,,,false,true,12,2023-04-01,2024-03-31,0
2023-07-31,41130,2024-03-31,1,,,,,,,,,,,,,,,,,,,,,,,,,,,,,,,,,14440000,111140,14328860,false,false,3,2023-04-01,2023-06-30,0
2023-07-31,41130,2023-03-31,1,,,,,,,,,,,,,,,,,,,,,,,,,,,,,,,,,,,14328860,false,false,3,2022-04-01,2022-06-30,-1
2023-10-31,41130,2024-03-31,2,14811000000,-0.030,,,,,573000000,1.301,620000000,1.219,,459000000,,32.09,,,,,,30315000000,16938000000,0.559,,16938000000,,,,,,,,,,,,true,false,6,2023-04-01,2023-09-30,0
2023-10-31,41130,2023-03-31,2,15264000000,-0.094,,,,,249000000,-0.864,279000000,-0.850,,191000000,,13.35,,,,,,,,,,,,,,,,,,,,,,true,false,6,2022-04-01,2022-09-30,-1
2023-10-31,41130,2024-03-31,2,28000000000,-0.072,,,,,700000000,0.552,700000000,0.529,,400000000,,27.92,,,,,,,,,,,,,,,,,,,,,,true,true,12,2023-04-01,2024-03-31,0
2023-10-31,41130,2023-03-31,2,,,,,,,,,,,,,,,,,,,,31069000000,16570000000,0.533,,16570000000,,,,,,,,,,,,true,false,12,2022-04-01,2023-03-31,-1
2023-10-31,41130,2023-03-31,2,,,,,,,,,,,,,,,,,,,,,,,,,,,,,27.00,,,,14440000,111140,,false,false,12,2022-04-01,2023-03-31,-1
2023-10-31,41130,2024-03-31,2,,,,,,,,,,,,,,,,,,,,,,,,,,,,,9.00,,,,,,,false,false,12,2023-04-01,2024-03-31,0
2023-10-31,41130,2024-03-31,2,,,,,,,,,,,,,,,,,,,,,,,,,,,,,18.00,,,,,,,false,true,12,2023-04-01,2024-03-31,0
2023-10-31,41130,2024-03-31,2,,,,,,,,,,,,,,,,,,,,,,,,,,,,,,,,,14440000,111140,14328860,false,false,6,2023-04-01,2023-09-30,0
2023-10-31,41130,2023-03-31,2,,,,,,,,,,,,,,,,,,,,,,,,,,,,,,,,,,,14328860,false,false,6,2022-04-01,2022-09-30,-1
2024-01-31,41130,2024-03-31,3,21491000000,-0.060,,,,,833000000,0.603,885000000,0.655,,627000000,,43.81,,,,,,30030000000,16971000000,0.565,,16971000000,,,,,,,,,,,,true,false,9,2023-04-01,2023-12-31,0
2024-01-31,41130,2023-03-31,3,22857000000,-0.063,,,,,520000000,-0.771,534000000,-0.770,,360000000,,25.16,,,,,,,,,,,,,,,,,,,,,,true,false,9,2022-04-01,2022-12-31,-1
2024-01-31,41130,2024-03-31,3,28500000000,-0.055,,,,,850000000,0.884,900000000,0.966,,650000000,,45.36,,,,,,,,,,,,,,,,,,,,,,true,true,12,2023-04-01,2024-03-31,0
2024-01-31,41130,2023-03-31,3,,,,,,,,,,,,,,,,,,,,31069000000,16570000000,0.533,,16570000000,,,,,,,,,,,,true,false,12,2022-04-01,2023-03-31,-1
2024-01-31,41130,2023-03-31,3,,,,,,,,,,,,,,,,,,,,,,,,,,,,,27.00,,,,14440000,111140,,false,false,12,2022-04-01,2023-03-31,-1
2024-01-31,41130,2024-03-31,3,,,,,,,,,,,,,,,,,,,,,,,,,,,,,9.00,,,,,,,false,false,12,2023-04-01,2024-03-31,0
2024-01-31,41130,2024-03-31,3,,,,,,,,,,,,,,,,,,,,,,,,,,,,,18.00,,,,,,,false,true,12,2023-04-01,2024-03-31,0
2024-01-31,41130,2024-03-31,3,,,,,,,,,,,,,,,,,,,,,,,,,,,,,,,,,14440000,111140,14328860,false,false,9,2023-04-01,2023-12-31,0
2024-01-31,41130,2023-03-31,3,,,,,,,,,,,,,,,,,,,,,,,,,,,,,,,,,,,14328860,false,false,9,2022-04-01,2022-12-31,-1
2024-05-14,41130,2024-03-31,,28544000000,-0.054,,,,,1074000000,1.383,1141000000,1.494,,820000000,,57.26,,0.049,0.038,0.038,,29719000000,17210000000,0.579,1201.14,17210000000,3628000000,-1142000000,-2389000000,972000000,,0.314,,,,,,true,false,12,2023-04-01,2024-03-31,0
2024-05-14,41130,2023-03-31,,30166000000,-0.068,,,,,451000000,-0.833,457000000,-0.836,,310000000,,21.68,,0.019,0.014,0.015,,31069000000,16570000000,0.533,1156.45,16570000000,1478000000,-4339000000,2995000000,853000000,,1.245,,,,,,true,false,12,2022-04-01,2023-03-31,-1
2024-05-14,41130,2025-03-31,,15000000000,0.013,,,,,700000000,0.221,720000000,0.160,,500000000,,34.89,,,,,,,,,,,,,,,,,,,,,,true,true,6,2024-04-01,2024-09-30,1
2024-05-14,41130,2025-03-31,,30000000000,0.051,,,,,1200000000,0.116,1250000000,0.095,,900000000,,62.81,,,,,,,,,,,,,,,,0.287,,,,,,true,true,12,2024-04-01,2025-03-31,1
2024-05-14,41130,2024-03-31,,25950000000,-0.057,,,,,852000000,2.183,947000000,2.015,689000000,,2.148,48.14,,,,,,28843000000,16728000000,0.580,1167.46,16728000000,,,,,18.00,,,,14440000,111235,14328845,false,false,12,2023-04-01,2024-03-31,0
2024-05-14,41130,2023-03-31,,27520000000,-0.118,,,,,267000000,-0.897,314000000,-0.885,219000000,,-0.891,15.29,,,,,,30277000000,16283000000,0.538,1136.42,16283000000,,,,,27.00,,,,14440000,111140,14328860,false,false,12,2022-04-01,2023-03-31,-1
2024-05-14,41130,2025-03-31,,,,,,,,,,,,,,,,,,,,,,,,,,,,,,18.00,,,,,,,false,true,12,2024-04-01,2025-03-31,1
2024-07-31,41130,2025-03-31,1,7598000000,0.023,,,,,511000000,,552000000,,,406000000,,28.31,,,,,,29924000000,17522000000,0.586,,17522000000,,,,,,,,,,,,true,false,3,2024-04-01,2024-06-30,0
2024-07-31,41130,2024-03-31,1,7427000000,-0.088,,,,,3000000,-0.986,29000000,-0.871,,28000000,,1.94,,,,,,,,,,,,,,,,,,,,,,true,false,3,2023-04-01,2023-06-30,-1
2024-07-31,41130,2025-03-31,1,15000000000,0.013,,,,,700000000,0.221,720000000,0.160,,500000000,,34.89,,,,,,,,,,,,,,,,,,,,,,true,true,6,2024-04-01,2024-09-30,0
2024-07-31,41130,2025-03-31,1,30000000000,0.051,,,,,1200000000,0.116,1250000000,0.095,,900000000,,62.81,,,,,,,,,,,,,,,,,,,,,,true,true,12,2024-04-01,2025-03-31,0
2024-07-31,41130,2024-03-31,1,,,,,,,,,,,,,,,,,,,,29720000000,17211000000,0.579,,17211000000,,,,,,,,,,,,true,false,12,2023-04-01,2024-03-31,-1
2024-07-31,41130,2024-03-31,1,,,,,,,,,,,,,,,,,,,,,,,,,,,,,18.00,,,,14440000,111235,,false,false,12,2023-04-01,2024-03-31,-1
2024-07-31,41130,2025-03-31,1,,,,,,,,,,,,,,,,,,,,,,,,,,,,,18.00,,,,,,,false,true,12,2024-04-01,2025-03-31,0
2024-07-31,41130,2025-03-31,1,,,,,,,,,,,,,,,,,,,,,,,,,,,,,,,,,14440000,111235,14328765,false,false,3,2024-04-01,2024-06-30,0
2024-07-31,41130,2024-03-31,1,,,,,,,,,,,,,,,,,,,,,,,,,,,,,,,,,,,14328860,false,false,3,2023-04-01,2023-06-30,-1
2024-10-29,41130,2025-03-31,2,15062000000,0.017,,,,,898000000,0.566,948000000,0.528,,638000000,,44.56,,,,,,29878000000,17746000000,0.594,,17746000000,,,,,,,,,,,,true,false,6,2024-04-01,2024-09-30,0
2024-10-29,41130,2024-03-31,2,14812000000,-0.030,,,,,573000000,1.301,620000000,1.219,,460000000,,32.09,,,,,,,,,,,,,,,,,,,,,,true,false,6,2023-04-01,2023-09-30,-1
2024-10-29,41130,2025-03-31,2,30000000000,0.051,,,,,1450000000,0.349,1500000000,0.314,,1050000000,,73.28,,,,,,,,,,,,,,,,,,,,,,true,true,12,2024-04-01,2025-03-31,0
2024-10-29,41130,2024-03-31,2,,,,,,,,,,,,,,,,,,,,29720000000,17211000000,0.579,,17211000000,,,,,,,,,,,,true,false,12,2023-04-01,2024-03-31,-1
2024-10-29,41130,2024-03-31,2,,,,,,,,,,,,,,,,,,,,,,,,,,,,,18.00,,,,14440000,111235,,false,false,12,2023-04-01,2024-03-31,-1
2024-10-29,41130,2025-03-31,2,,,,,,,,,,,,,,,,,,,,,,,,,,,,,9.00,,,,,,,false,false,12,2024-04-01,2025-03-31,0
2024-10-29,41130,2025-03-31,2,,,,,,,,,,,,,,,,,,,,,,,,,,,,,21.00,,,,,,,false,true,12,2024-04-01,2025-03-31,0
2024-10-29,41130,2025-03-31,2,,,,,,,,,,,,,,,,,,,,,,,,,,,,,,,,,14440000,111280,14328752,false,false,6,2024-04-01,2024-09-30,0
2024-10-29,41130,2024-03-31,2,,,,,,,,,,,,,,,,,,,,,,,,,,,,,,,,,,,14328860,false,false,6,2023-04-01,2023-09-30,-1
2025-01-31,41130,2025-03-31,3,22382000000,0.041,,,,,1399000000,0.679,1469000000,0.659,,1086000000,,75.82,,,,,,29670000000,18021000000,0.607,,18021000000,,,,,,,,,,,,true,false,9,2024-04-01,2024-12-31,0
2025-01-31,41130,2024-03-31,3,21492000000,-0.060,,,,,833000000,0.603,885000000,0.655,,628000000,,43.81,,,,,,,,,,,,,,,,,,,,,,true,false,9,2023-04-01,2023-12-31,-1
2025-01-31,41130,2025-03-31,3,30000000000,0.051,,,,,1600000000,0.488,1650000000,0.445,,1200000000,,83.75,,,,,,,,,,,,,,,,,,,,,,true,true,12,2024-04-01,2025-03-31,0
2025-01-31,41130,2024-03-31,3,,,,,,,,,,,,,,,,,,,,29720000000,17211000000,0.579,,17211000000,,,,,,,,,,,,true,false,12,2023-04-01,2024-03-31,-1
2025-01-31,41130,2024-03-31,3,,,,,,,,,,,,,,,,,,,,,,,,,,,,,18.00,,,,14440000,111235,,false,false,12,2023-04-01,2024-03-31,-1
2025-01-31,41130,2025-03-31,3,,,,,,,,,,,,,,,,,,,,,,,,,,,,,9.00,,,,,,,false,false,12,2024-04-01,2025-03-31,0
2025-01-31,41130,2025-03-31,3,,,,,,,,,,,,,,,,,,,,,,,,,,,,,27.00,,,,,,,false,true,12,2024-04-01,2025-03-31,0
2025-01-31,41130,2025-03-31,3,,,,,,,,,,,,,,,,,,,,,,,,,,,,,,,,,14440000,111280,14328743,false,false,9,2024-04-01,2024-12-31,0
2025-01-31,41130,2024-03-31,3,,,,,,,,,,,,,,,,,,,,,,,,,,,,,,,,,,,14328860,false,false,9,2023-04-01,2023-12-31,-1
2025-05-12,41130,2025-03-31,,29930000000,0.049,,,,,1887000000,0.756,1964000000,0.720,,1478000000,,103.18,,0.083,0.065,0.063,,30407000000,18499000000,0.608,1291.05,18499000000,4371000000,-1418000000,-997000000,2982000000,,0.300,,,,,,true,false,12,2024-04-01,2025-03-31,0
2025-05-12,41130,2024-03-31,,28544000000,-0.054,,,,,1075000000,1.383,1142000000,1.494,,820000000,,57.26,,0.049,0.038,0.038,,29720000000,17211000000,0.579,1201.14,17211000000,3628000000,-1142000000,-2390000000,972000000,,0.314,,,,,,true,false,12,2023-04-01,2024-03-31,-1
2025-05-12,41130,2026-03-31,,18000000000,0.195,,,,,1250000000,0.392,1250000000,0.318,,850000000,,59.32,,,,,,,,,,,,,,,,,,,,,,true,true,6,2025-04-01,2025-09-30,1
2025-05-12,41130,2026-03-31,,36000000000,0.203,,,,,2500000000,0.325,2500000000,0.273,,1700000000,,118.64,,,,,,,,,,,,,,,,0.303,,,,,,true,true,12,2025-04-01,2026-03-31,1
2025-05-12,41130,2025-03-31,,26836000000,0.034,,,,,1608000000,0.886,1727000000,0.822,1320000000,,0.914,92.12,,,,,,29258000000,17790000000,0.608,1241.59,17790000000,,,,,31.00,,,,14440000,111280,14328737,false,false,12,2024-04-01,2025-03-31,0
2025-05-12,41130,2024-03-31,,25951000000,-0.057,,,,,853000000,2.183,948000000,2.015,690000000,,2.148,48.14,,,,,,28843000000,16728000000,0.580,1167.46,16728000000,,,,,18.00,,,,14440000,111235,14328845,false,false,12,2023-04-01,2024-03-31,-1
2025-05-12,41130,2026-03-31,,,,,,,,,,,,,,,,,,,,,,,,,,,,,,36.00,,,,,,,false,true,12,2025-04-01,2026-03-31,1
2025-07-30,41130,2026-03-31,1,8558000000,0.126,,,,,741000000,0.450,757000000,0.372,,554000000,,38.67,,,,,,30714000000,18677000000,0.608,,18677000000,,,,,,,,,,,,true,false,3,2025-04-01,2025-06-30,0
2025-07-30,41130,2025-03-31,1,7598000000,0.023,,,,,511000000,,552000000,,,406000000,,28.31,,,,,,,,,,,,,,,,,,,,,,true,false,3,2024-04-01,2024-06-30,-1
2025-07-30,41130,2026-03-31,1,18000000000,0.195,,,,,1250000000,0.392,1250000000,0.318,,850000000,,59.32,,,,,,,,,,,,,,,,,,,,,,true,true,6,2025-04-01,2025-09-30,0
2025-07-30,41130,2026-03-31,1,36000000000,0.203,,,,,2500000000,0.325,2500000000,0.273,,1700000000,,118.64,,,,,,,,,,,,,,,,,,,,,,true,true,12,2025-04-01,2026-03-31,0
2025-07-30,41130,2025-03-31,1,,,,,,,,,,,,,,,,,,,,30407000000,18499000000,0.608,,18499000000,,,,,,,,,,,,true,false,12,2024-04-01,2025-03-31,-1
2025-07-30,41130,2025-03-31,1,,,,,,,,,,,,,,,,,,,,,,,,,,,,,31.00,,,,14440000,111280,,false,false,12,2024-04-01,2025-03-31,-1
2025-07-30,41130,2026-03-31,1,,,,,,,,,,,,,,,,,,,,,,,,,,,,,36.00,,,,,,,false,true,12,2025-04-01,2026-03-31,0
2025-07-30,41130,2026-03-31,1,,,,,,,,,,,,,,,,,,,,,,,,,,,,,,,,,14440000,111375,14328649,false,false,3,2025-04-01,2025-06-30,0
2025-07-30,41130,2025-03-31,1,,,,,,,,,,,,,,,,,,,,,,,,,,,,,,,,,,,14328765,false,false,3,2024-04-01,2024-06-30,-1
