filing_date,code,fiscal_year_end,quarterly_period,net_sales,net_sales_change,revenue,revenue_change,operating_revenue,operating_revenue_change,operating_profit,operating_profit_change,ordinary_profit,ordinary_profit_change,net_income,net_income_of_parent,net_income_change,eps,diluted_eps,roe,roa,operating_profit_to_net_sales,operating_profit_to_revenue,total_assets,net_assets,equity_ratio,bps,owner_equity,operating_cash_flow,investing_cash_flow,financing_cash_flow,cash,dividend_per_share,payout_ratio,commemorative_dividend,extra_dividend,number_of_shares,number_of_treqsury_shares,avg_number_of_shares,is_consolidated,is_forecast,duration,period_start,period_end,period_pos
2015-07-24,41510,2015-12-31,,178800000000,0.040,,,,,22400000000,0.358,,,,,,,,,,,,,,,,,,,,,,,,,,,,true,true,6,2015-01-01,2015-06-30,0
2015-07-24,41510,2014-12-31,,161899000000,,,,,,18411000000,,16865000000,,9185000000,,,16.78,,,,,,,,,,,,,,,,,,,,,,true,false,6,2014-01-01,2014-06-30,-1
2015-07-24,41510,2015-12-31,,360000000000,0.017,,,,,47000000000,0.133,41000000000,0.206,26000000000,,0.405,47.51,,,,,,,,,,,,,,,,,,,,,,true,true,12,2015-01-01,2015-12-31,0
2015-07-24,41510,2014-12-31,,333446000000,,,,,,36173000000,,29511000000,,15898000000,,,29.05,,,,,,,,,,,,,,,,,,,,,,true,false,12,2014-01-01,2014-12-31,-1
2015-07-31,41510,2015-12-31,2,178837000000,0.105,,,,,22469000000,0.220,20079000000,0.191,9523000000,,0.037,17.40,17.39,,,,,708596000000,611050000000,0.862,,610683000000,,,,,,,,,,,,true,false,6,2015-01-01,2015-06-30,0
2015-07-31,41510,2014-12-31,2,161899000000,-0.046,,,,,18411000000,-0.323,16865000000,-0.364,9185000000,,-0.480,16.78,16.77,,,,,,,,,,,,,,,,,,,,,true,false,6,2014-01-01,2014-06-30,-1
2015-07-31,41510,2015-12-31,2,360000000000,0.080,,,,,47000000000,0.299,41000000000,0.389,26000000000,,0.635,47.51,,,,,,,,,,,,,,,,,,,,,,true,true,12,2015-01-01,2015-12-31,0
2015-07-31,41510,2014-12-31,2,,,,,,,,,,,,,,,,,,,,719135000000,605368000000,0.841,,605035000000,,,,,,,,,,,,true,false,12,2014-01-01,2014-12-31,-1
2015-07-31,41510,2014-12-31,2,,,,,,,,,,,,,,,,,,,,,,,,,,,,,25.00,,,,576483555,29157158,,false,false,12,2014-01-01,2014-12-31,-1
2015-07-31,41510,2015-12-31,2,,,,,,,,,,,,,,,,,,,,,,,,,,,,,12.50,,,,,,,false,false,12,2015-01-01,2015-12-31,0
2015-07-31,41510,2015-12-31,2,,,,,,,,,,,,,,,,,,,,,,,,,,,,,25.00,,,,,,,false,true,12,2015-01-01,2015-12-31,0
2015-07-31,41510,2015-12-31,2,,,,,,,,,,,,,,,,,,,,,,,,,,,,,,,,,576483555,29194502,547312978,false,false,6,2015-01-01,2015-06-30,0
2015-07-31,41510,2014-12-31,2,,,,,,,,,,,,,,,,,,,,,,,,,,,,,,,,,,,547354064,false,false,6,2014-01-01,2014-06-30,-1
2015-10-28,41510,2015-12-31,3,272943000000,0.142,,,,,40882000000,0.556,36680000000,0.541,26044000000,,1.164,47.59,47.55,,,,,708200000000,612154000000,0.864,,611755000000,,,,,,,,,,,,true,false,9,2015-01-01,2015-09-30,0
2015-10-28,41510,2014-12-31,3,238936000000,-0.052,,,,,26277000000,-0.365,23800000000,-0.393,12036000000,,-0.484,21.99,21.97,,,,,,,,,,,,,,,,,,,,,true,false,9,2014-01-01,2014-09-30,-1
2015-10-28,41510,2015-12-31,3,360000000000,0.080,,,,,47000000000,0.299,41000000000,0.389,26000000000,,0.635,47.51,,,,,,,,,,,,,,,,,,,,,,true,true,12,2015-01-01,2015-12-31,0
2015-10-28,41510,2014-12-31,3,,,,,,,,,,,,,,,,,,,,719135000000,605368000000,0.841,,605035000000,,,,,,,,,,,,true,false,12,2014-01-01,2014-12-31,-1
2015-10-28,41510,2014-12-31,3,,,,,,,,,,,,,,,,,,,,,,,,,,,,,25.00,,,,576483555,29157158,,false,false,12,2014-01-01,2014-12-31,-1
2015-10-28,41510,2015-12-31,3,,,,,,,,,,,,,,,,,,,,,,,,,,,,,12.50,,,,,,,false,false,12,2015-01-01,2015-12-31,0
2015-10-28,41510,2015-12-31,3,,,,,,,,,,,,,,,,,,,,,,,,,,,,,25.00,,,,,,,false,true,12,2015-01-01,2015-12-31,0
2015-10-28,41510,2015-12-31,3,,,,,,,,,,,,,,,,,,,,,,,,,,,,,,,,,576483555,29226538,547299121,false,false,9,2015-01-01,2015-09-30,0
2015-10-28,41510,2014-12-31,3,,,,,,,,,,,,,,,,,,,,,,,,,,,,,,,,,,,547352905,false,false,9,2014-01-01,2014-09-30,-1
2016-01-29,41510,2015-12-31,,364316000000,0.093,,,,,43765000000,0.210,39203000000,0.328,29774000000,,0.873,54.40,54.36,0.049,0.054,0.120,,720764000000,614858000000,0.852,1122.80,614427000000,66526000000,-57747000000,-14060000000,12784000000,,0.460,,,,,,true,false,12,2015-01-01,2015-12-31,0
2016-01-29,41510,2014-12-31,,333446000000,-0.021,,,,,36173000000,-0.301,29511000000,-0.404,15898000000,,-0.471,29.05,29.02,0.027,0.041,0.108,,719135000000,605368000000,0.841,1105.44,605035000000,19377000000,16805000000,-37184000000,17013000000,,0.861,,,,,,true,false,12,2014-01-01,2014-12-31,-1
2016-01-29,41510,2016-12-31,,171000000000,-0.044,,,,,9000000000,-0.599,,,,,,,,,,,,,,,,,,,,,,,,,,,,true,true,6,2016-01-01,2016-06-30,1
2016-01-29,41510,2016-12-31,,351000000000,-0.037,,,,,30000000000,-0.315,25000000000,-0.362,,16000000000,,29.24,,,,,,,,,,,,,,,,0.855,,,,,,true,true,12,2016-01-01,2016-12-31,1
2016-01-29,41510,2015-12-31,,217949000000,0.080,,,,,39931000000,0.139,48633000000,0.160,40241000000,,0.278,73.53,73.47,,,,,520482000000,447423000000,0.859,816.83,446992000000,,,,,25.00,,,,576483555,29256749,547285401,false,false,12,2015-01-01,2015-12-31,0
2016-01-29,41510,2014-12-31,,201791000000,-0.043,,,,,35050000000,-0.298,41907000000,-0.249,31500000000,,-0.205,57.55,57.51,,,,,486412000000,418267000000,0.859,763.59,417934000000,,,,,25.00,,,,576483555,29157158,547348362,false,false,12,2014-01-01,2014-12-31,-1
2016-01-29,41510,2016-12-31,,,,,,,,,,,,,,,,,,,,,,,,,,,,,,25.00,,,,,,,false,true,12,2016-01-01,2016-12-31,1
2016-04-27,41510,2016-12-31,1,88469000000,-0.013,,,,,8522000000,-0.088,7841000000,-0.030,,7399000000,,13.52,13.51,,,,,702584000000,605565000000,0.861,,605102000000,,,,,,,,,,,,true,false,3,2016-01-01,2016-03-31,0
2016-04-27,41510,2015-12-31,1,89598000000,0.041,,,,,9340000000,-0.250,8079000000,-0.330,,4607000000,,8.42,8.41,,,,,,,,,,,,,,,,,,,,,true,false,3,2015-01-01,2015-03-31,-1
2016-04-27,41510,2016-12-31,1,171000000000,-0.044,,,,,9000000000,-0.599,,,,,,,,,,,,,,,,,,,,,,,,,,,,true,true,6,2016-01-01,2016-06-30,0
2016-04-27,41510,2016-12-31,1,351000000000,-0.037,,,,,30000000000,-0.315,25000000000,-0.362,,16000000000,,29.24,,,,,,,,,,,,,,,,,,,,,,true,true,12,2016-01-01,2016-12-31,0
2016-04-27,41510,2015-12-31,1,,,,,,,,,,,,,,,,,,,,720764000000,614858000000,0.852,,614427000000,,,,,,,,,,,,true,false,12,2015-01-01,2015-12-31,-1
2016-04-27,41510,2015-12-31,1,,,,,,,,,,,,,,,,,,,,,,,,,,,,,25.00,,,,576483555,29256749,,false,false,12,2015-01-01,2015-12-31,-1
2016-04-27,41510,2016-12-31,1,,,,,,,,,,,,,,,,,,,,,,,,,,,,,25.00,,,,,,,false,true,12,2016-01-01,2016-12-31,0
2016-04-27,41510,2016-12-31,1,,,,,,,,,,,,,,,,,,,,,,,,,,,,,,,,,576483555,29257697,547226349,false,false,3,2016-01-01,2016-03-31,0
2016-04-27,41510,2015-12-31,1,,,,,,,,,,,,,,,,,,,,,,,,,,,,,,,,,,,547324783,false,false,3,2015-01-01,2015-03-31,-1
2016-07-21,41510,2016-12-31,,174000000000,0.018,,,,,15300000000,0.700,,,,,,,,,,,,,,,,,,,,,,,,,,,,true,true,6,2016-01-01,2016-06-30,0
2016-07-21,41510,2015-12-31,,178837000000,,,,,,22469000000,,20079000000,,,9523000000,,17.40,,,,,,,,,,,,,,,,,,,,,,true,false,6,2015-01-01,2015-06-30,-1
2016-07-21,41510,2016-12-31,,344000000000,-0.020,,,,,32000000000,0.067,26000000000,0.040,,18000000000,,32.89,,,,,,,,,,,,,,,,,,,,,,true,true,12,2016-01-01,2016-12-31,0
2016-07-21,41510,2015-12-31,,364316000000,,,,,,43765000000,,39203000000,,,29774000000,,54.40,,,,,,,,,,,,,,,,,,,,,,true,false,12,2015-01-01,2015-12-31,-1
2016-07-29,41510,2016-12-31,2,174056000000,-0.027,,,,,15334000000,-0.318,13681000000,-0.319,,10763000000,,19.67,19.65,,,,,686560000000,595027000000,0.866,,594531000000,,,,,,,,,,,,true,false,6,2016-01-01,2016-06-30,0
2016-07-29,41510,2015-12-31,2,178837000000,0.105,,,,,22469000000,0.220,20079000000,0.191,,9523000000,,17.40,17.39,,,,,,,,,,,,,,,,,,,,,true,false,6,2015-01-01,2015-06-30,-1
2016-07-29,41510,2016-12-31,2,344000000000,-0.056,,,,,32000000000,-0.269,26000000000,-0.337,,18000000000,,32.89,,,,,,,,,,,,,,,,,,,,,,true,true,12,2016-01-01,2016-12-31,0
2016-07-29,41510,2015-12-31,2,,,,,,,,,,,,,,,,,,,,720764000000,614858000000,0.852,,614427000000,,,,,,,,,,,,true,false,12,2015-01-01,2015-12-31,-1
2016-07-29,41510,2015-12-31,2,,,,,,,,,,,,,,,,,,,,,,,,,,,,,25.00,,,,576483555,29256749,,false,false,12,2015-01-01,2015-12-31,-1
2016-07-29,41510,2016-12-31,2,,,,,,,,,,,,,,,,,,,,,,,,,,,,,12.50,,,,,,,false,false,12,2016-01-01,2016-12-31,0
2016-07-29,41510,2016-12-31,2,,,,,,,,,,,,,,,,,,,,,,,,,,,,,25.00,,,,,,,false,true,12,2016-01-01,2016-12-31,0
2016-07-29,41510,2016-12-31,2,,,,,,,,,,,,,,,,,,,,,,,,,,,,,,,,,576483555,29258941,547225777,false,false,6,2016-01-01,2016-06-30,0
2016-07-29,41510,2015-12-31,2,,,,,,,,,,,,,,,,,,,,,,,,,,,,,,,,,,,547312978,false,false,6,2015-01-01,2015-06-30,-1
2016-10-28,41510,2016-12-31,3,257761000000,-0.056,,,,,26831000000,-0.344,22623000000,-0.383,,16469000000,,30.10,30.07,,,,,677211000000,590912000000,0.872,,590383000000,,,,,,,,,,,,true,false,9,2016-01-01,2016-09-30,0
2016-10-28,41510,2015-12-31,3,272943000000,0.142,,,,,40882000000,0.556,36680000000,0.541,,26044000000,,47.59,47.55,,,,,,,,,,,,,,,,,,,,,true,false,9,2015-01-01,2015-09-30,-1
2016-10-28,41510,2016-12-31,3,344000000000,-0.056,,,,,32000000000,-0.269,26000000000,-0.337,,18000000000,,32.89,,,,,,,,,,,,,,,,,,,,,,true,true,12,2016-01-01,2016-12-31,0
2016-10-28,41510,2015-12-31,3,,,,,,,,,,,,,,,,,,,,720764000000,614858000000,0.852,,614427000000,,,,,,,,,,,,true,false,12,2015-01-01,2015-12-31,-1
2016-10-28,41510,2015-12-31,3,,,,,,,,,,,,,,,,,,,,,,,,,,,,,25.00,,,,576483555,29256749,,false,false,12,2015-01-01,2015-12-31,-1
2016-10-28,41510,2016-12-31,3,,,,,,,,,,,,,,,,,,,,,,,,,,,,,12.50,,,,,,,false,false,12,2016-01-01,2016-12-31,0
2016-10-28,41510,2016-12-31,3,,,,,,,,,,,,,,,,,,,,,,,,,,,,,25.00,,,,,,,false,true,12,2016-01-01,2016-12-31,0
2016-10-28,41510,2016-12-31,3,,,,,,,,,,,,,,,,,,,,,,,,,,,,,,,,,576483555,29259966,547225223,false,false,9,2016-01-01,2016-09-30,0
2016-10-28,41510,2015-12-31,3,,,,,,,,,,,,,,,,,,,,,,,,,,,,,,,,,,,547299121,false,false,9,2015-01-01,2015-09-30,-1
2017-01-31,41510,2016-12-31,,343019000000,-0.058,,,,,31638000000,-0.277,26397000000,-0.327,,18669000000,,34.12,34.08,0.031,0.037,0.092,,697167000000,600745000000,0.861,1096.78,600182000000,65752000000,-48968000000,-13598000000,13075000000,,0.733,,,,,,true,false,12,2016-01-01,2016-12-31,0
2017-01-31,41510,2015-12-31,,364316000000,0.093,,,,,43765000000,0.210,39203000000,0.328,,29774000000,,54.40,54.36,0.049,0.054,0.120,,720764000000,614858000000,0.852,1122.80,614427000000,66526000000,-57747000000,-14060000000,12784000000,,0.460,,,,,,true,false,12,2015-01-01,2015-12-31,-1
2017-01-31,41510,2017-12-31,,344000000000,0.003,,,,,35000000000,0.106,30000000000,0.136,,19000000000,,34.72,,,,,,,,,,,,,,,,0.720,,,,,,true,true,12,2017-01-01,2017-12-31,1
2017-01-31,41510,2016-12-31,,204394000000,-0.062,,,,,31723000000,-0.206,40819000000,-0.161,12179000000,,-0.697,22.26,22.24,,,,,507595000000,445338000000,0.876,812.79,444775000000,,,,,25.00,,,,576483555,29261490,547224646,false,false,12,2016-01-01,2016-12-31,0
2017-01-31,41510,2015-12-31,,217949000000,0.080,,,,,39931000000,0.139,48633000000,0.160,40241000000,,0.278,73.53,73.47,,,,,520482000000,447423000000,0.859,816.83,446992000000,,,,,25.00,,,,576483555,29256749,547285401,false,false,12,2015-01-01,2015-12-31,-1
2017-01-31,41510,2017-12-31,,,,,,,,,,,,,,,,,,,,,,,,,,,,,,25.00,,,,,,,false,true,12,2017-01-01,2017-12-31,1
2017-04-27,41510,2017-12-31,1,90935000000,0.028,,,,,14704000000,0.725,13688000000,0.746,,8484000000,,15.50,15.49,,,,,691788000000,600362000000,0.867,,599858000000,,,,,,,,,,,,true,false,3,2017-01-01,2017-03-31,0
2017-04-27,41510,2016-12-31,1,88469000000,-0.013,,,,,8522000000,-0.088,7841000000,-0.030,,7399000000,,13.52,13.51,,,,,,,,,,,,,,,,,,,,,true,false,3,2016-01-01,2016-03-31,-1
2017-04-27,41510,2017-12-31,1,344000000000,0.003,,,,,35000000000,0.106,30000000000,0.136,,19000000000,,34.72,,,,,,,,,,,,,,,,,,,,,,true,true,12,2017-01-01,2017-12-31,0
2017-04-27,41510,2016-12-31,1,,,,,,,,,,,,,,,,,,,,697167000000,600745000000,0.861,,600182000000,,,,,,,,,,,,true,false,12,2016-01-01,2016-12-31,-1
2017-04-27,41510,2016-12-31,1,,,,,,,,,,,,,,,,,,,,,,,,,,,,,25.00,,,,576483555,29261490,,false,false,12,2016-01-01,2016-12-31,-1
2017-04-27,41510,2017-12-31,1,,,,,,,,,,,,,,,,,,,,,,,,,,,,,25.00,,,,,,,false,true,12,2017-01-01,2017-12-31,0
2017-04-27,41510,2017-12-31,1,,,,,,,,,,,,,,,,,,,,,,,,,,,,,,,,,576483555,29169967,547244693,false,false,3,2017-01-01,2017-03-31,0
2017-04-27,41510,2016-12-31,1,,,,,,,,,,,,,,,,,,,,,,,,,,,,,,,,,,,547226349,false,false,3,2016-01-01,2016-03-31,-1
2017-07-28,41510,2017-12-31,2,175685000000,0.009,,,,,24127000000,0.573,22044000000,0.611,,13670000000,,24.98,24.95,,,,,697488000000,608769000000,0.872,,608200000000,,,,,,,,,,,,true,false,6,2017-01-01,2017-06-30,0
2017-07-28,41510,2016-12-31,2,174056000000,-0.027,,,,,15334000000,-0.318,13681000000,-0.319,,10763000000,,19.67,19.65,,,,,,,,,,,,,,,,,,,,,true,false,6,2016-01-01,2016-06-30,-1
2017-07-28,41510,2017-12-31,2,347000000000,0.012,,,,,39000000000,0.233,35000000000,0.326,,21000000000,,38.37,,,,,,,,,,,,,,,,,,,,,,true,true,12,2017-01-01,2017-12-31,0
2017-07-28,41510,2016-12-31,2,,,,,,,,,,,,,,,,,,,,697167000000,600745000000,0.861,,600182000000,,,,,,,,,,,,true,false,12,2016-01-01,2016-12-31,-1
2017-07-28,41510,2016-12-31,2,,,,,,,,,,,,,,,,,,,,,,,,,,,,,12.50,,,,576483555,29261490,,false,false,12,2016-01-01,2016-12-31,-1
2017-07-28,41510,2017-12-31,2,,,,,,,,,,,,,,,,,,,,,,,,,,,,,12.50,,,,,,,false,false,12,2017-01-01,2017-12-31,0
2017-07-28,41510,2017-12-31,2,,,,,,,,,,,,,,,,,,,,,,,,,,,,,12.50,,,,,,,false,true,12,2017-01-01,2017-12-31,0
2017-07-28,41510,2017-12-31,2,,,,,,,,,,,,,,,,,,,,,,,,,,,,,,,,,576483555,29172664,547273428,false,false,6,2017-01-01,2017-06-30,0
2017-07-28,41510,2016-12-31,2,,,,,,,,,,,,,,,,,,,,,,,,,,,,,,,,,,,547225777,false,false,6,2016-01-01,2016-06-30,-1
2017-10-26,41510,2017-12-31,3,258439000000,0.003,,,,,34399000000,0.282,31430000000,0.389,,19749000000,,36.09,36.05,,,,,697127000000,610778000000,0.875,,610144000000,,,,,,,,,,,,true,false,9,2017-01-01,2017-09-30,0
2017-10-26,41510,2016-12-31,3,257761000000,-0.056,,,,,26831000000,-0.344,22623000000,-0.383,,16469000000,,30.10,30.07,,,,,,,,,,,,,,,,,,,,,true,false,9,2016-01-01,2016-09-30,-1
2017-10-26,41510,2017-12-31,3,347000000000,0.012,,,,,39000000000,0.233,35000000000,0.326,,21000000000,,38.37,,,,,,,,,,,,,,,,,,,,,,true,true,12,2017-01-01,2017-12-31,0
2017-10-26,41510,2016-12-31,3,,,,,,,,,,,,,,,,,,,,697167000000,600745000000,0.861,,600182000000,,,,,,,,,,,,true,false,12,2016-01-01,2016-12-31,-1
2017-10-26,41510,2016-12-31,3,,,,,,,,,,,,,,,,,,,,,,,,,,,,,25.00,,,,576483555,29261490,,false,false,12,2016-01-01,2016-12-31,-1
2017-10-26,41510,2017-12-31,3,,,,,,,,,,,,,,,,,,,,,,,,,,,,,12.50,,,,,,,false,false,12,2017-01-01,2017-12-31,0
2017-10-26,41510,2017-12-31,3,,,,,,,,,,,,,,,,,,,,,,,,,,,,,25.00,,,,,,,false,true,12,2017-01-01,2017-12-31,0
2017-10-26,41510,2017-12-31,3,,,,,,,,,,,,,,,,,,,,,,,,,,,,,,,,,576483555,29174125,547284381,false,false,9,2017-01-01,2017-09-30,0
2017-10-26,41510,2016-12-31,3,,,,,,,,,,,,,,,,,,,,,,,,,,,,,,,,,,,547225223,false,false,9,2016-01-01,2016-09-30,-1
2018-02-08,41510,2017-12-31,,210616000000,0.030,,,,,38635000000,0.218,49740000000,0.219,43087000000,,2.538,78.73,78.65,,,,,531901000000,476609000000,0.895,869.55,475911000000,,,,,27.00,,,,576483555,29176451,547289787,false,false,12,2017-01-01,2017-12-31,0
2018-02-08,41510,2016-12-31,,204394000000,-0.062,,,,,31724000000,-0.206,40819000000,-0.161,12179000000,,-0.697,22.26,22.24,,,,,507595000000,445338000000,0.876,812.79,444775000000,,,,,25.00,,,,576483555,29261490,547224646,false,false,12,2016-01-01,2016-12-31,-1
2018-02-08,41510,2017-12-31,,,,,,,,,,,,,42899000000,,78.38,78.30,,,,,708295000000,,,,,64902000000,-45265000000,-18287000000,,,0.344,,,,,,true,false,12,2017-01-01,2017-12-31,0
2018-02-08,41510,2016-12-31,,,,,,,,,,,,,30450000000,,55.65,55.59,,,,,683801000000,,,,,66881000000,-49824000000,-13871000000,,,0.449,,,,,,true,false,12,2016-01-01,2016-12-31,-1
2018-02-08,41510,2018-12-31,,,,,,,,,,,,,44000000000,,80.39,,,,,,,,,,,,,,,,0.373,,,,,,true,true,12,2018-01-01,2018-12-31,1
2018-02-08,41510,2018-12-31,,,,,,,,,,,,,,,,,,,,,,,,,,,,,,30.00,,,,,,,false,true,12,2018-01-01,2018-12-31,1
2018-05-08,41510,2018-12-31,1,,,,,,,,,,,,22005000000,,40.20,40.16,,,,,716395000000,,,,,,,,,,,,,,,,true,false,3,2018-01-01,2018-03-31,0
2018-05-08,41510,2017-12-31,1,,,,,,,,,,,,12017000000,,21.96,21.94,,,,,,,,,,,,,,,,,,,,,true,false,3,2017-01-01,2017-03-31,-1
2018-05-08,41510,2018-12-31,1,,,,,,,,,,,,44000000000,,80.39,,,,,,,,,,,,,,,,,,,,,,true,true,12,2018-01-01,2018-12-31,0
2018-05-08,41510,2017-12-31,1,,,,,,,,,,,,,,,,,,,,708295000000,,,,,,,,,,,,,,,,true,false,12,2017-01-01,2017-12-31,-1
2018-05-08,41510,2017-12-31,1,,,,,,,,,,,,,,,,,,,,,,,,,,,,,27.00,,,,576483555,29176451,,false,false,12,2017-01-01,2017-12-31,-1
2018-05-08,41510,2018-12-31,1,,,,,,,,,,,,,,,,,,,,,,,,,,,,,30.00,,,,,,,false,true,12,2018-01-01,2018-12-31,0
2018-05-08,41510,2018-12-31,1,,,,,,,,,,,,,,,,,,,,,,,,,,,,,,,,,576483555,29038088,547341265,false,false,3,2018-01-01,2018-03-31,0
2018-05-08,41510,2017-12-31,1,,,,,,,,,,,,,,,,,,,,,,,,,,,,,,,,,,,547244693,false,false,3,2017-01-01,2017-03-31,-1
2018-07-31,41510,2018-12-31,2,,,,,,,,,,,,34271000000,,62.61,62.54,,,,,725768000000,,,,,,,,,,,,,,,,true,false,6,2018-01-01,2018-06-30,0
2018-07-31,41510,2017-12-31,2,,,,,,,,,,,,20348000000,,37.18,37.14,,,,,,,,,,,,,,,,,,,,,true,false,6,2017-01-01,2017-06-30,-1
2018-07-31,41510,2018-12-31,2,,,,,,,,,,,,44000000000,,80.39,,,,,,,,,,,,,,,,,,,,,,true,true,12,2018-01-01,2018-12-31,0
2018-07-31,41510,2017-12-31,2,,,,,,,,,,,,,,,,,,,,708295000000,,,,,,,,,,,,,,,,true,false,12,2017-01-01,2017-12-31,-1
2018-07-31,41510,2017-12-31,2,,,,,,,,,,,,,,,,,,,,,,,,,,,,,27.00,,,,576483555,29176451,,false,false,12,2017-01-01,2017-12-31,-1
2018-07-31,41510,2018-12-31,2,,,,,,,,,,,,,,,,,,,,,,,,,,,,,15.00,,,,,,,false,false,12,2018-01-01,2018-12-31,0
2018-07-31,41510,2018-12-31,2,,,,,,,,,,,,,,,,,,,,,,,,,,,,,30.00,,,,,,,false,true,12,2018-01-01,2018-12-31,0
2018-07-31,41510,2018-12-31,2,,,,,,,,,,,,,,,,,,,,,,,,,,,,,,,,,576483555,29039526,547385477,false,false,6,2018-01-01,2018-06-30,0
2018-07-31,41510,2017-12-31,2,,,,,,,,,,,,,,,,,,,,,,,,,,,,,,,,,,,547273428,false,false,6,2017-01-01,2017-06-30,-1
2018-10-30,41510,2018-12-31,3,,,,,,,,,,,,47417000000,,86.62,86.53,,,,,733599000000,,,,,,,,,,,,,,,,true,false,9,2018-01-01,2018-09-30,0
2018-10-30,41510,2017-12-31,3,,,,,,,,,,,,29463000000,,53.83,53.78,,,,,,,,,,,,,,,,,,,,,true,false,9,2017-01-01,2017-09-30,-1
2018-10-30,41510,2018-12-31,3,,,,,,,,,,,,52000000000,,94.99,,,,,,,,,,,,,,,,,,,,,,true,true,12,2018-01-01,2018-12-31,0
2018-10-30,41510,2017-12-31,3,,,,,,,,,,,,,,,,,,,,708295000000,,,,,,,,,,,,,,,,true,false,12,2017-01-01,2017-12-31,-1
2018-10-30,41510,2017-12-31,3,,,,,,,,,,,,,,,,,,,,,,,,,,,,,27.00,,,,576483555,29176451,,false,false,12,2017-01-01,2017-12-31,-1
2018-10-30,41510,2018-12-31,3,,,,,,,,,,,,,,,,,,,,,,,,,,,,,15.00,,,,,,,false,false,12,2018-01-01,2018-12-31,0
2018-10-30,41510,2018-12-31,3,,,,,,,,,,,,,,,,,,,,,,,,,,,,,30.00,,,,,,,false,true,12,2018-01-01,2018-12-31,0
2018-10-30,41510,2018-12-31,3,,,,,,,,,,,,,,,,,,,,,,,,,,,,,,,,,576483555,29040877,547402806,false,false,9,2018-01-01,2018-09-30,0
2018-10-30,41510,2017-12-31,3,,,,,,,,,,,,,,,,,,,,,,,,,,,,,,,,,,,547284381,false,false,9,2017-01-01,2017-09-30,-1
2019-02-05,41510,2018-12-31,,215154000000,0.022,,,,,42230000000,0.093,46660000000,-0.062,47860000000,,0.111,87.43,87.34,,,,,569900000000,502413000000,0.880,916.31,501626000000,,,,,35.00,,,,576483555,29042650,547411756,false,false,12,2018-01-01,2018-12-31,0
2019-02-05,41510,2017-12-31,,210616000000,0.030,,,,,38635000000,0.218,49740000000,0.219,43087000000,,2.538,78.73,78.65,,,,,531901000000,476609000000,0.895,869.55,475911000000,,,,,27.00,,,,576483555,29176451,547289787,false,false,12,2017-01-01,2017-12-31,-1
2019-02-05,41510,2018-12-31,,,,,,,,,,,,,54414000000,,99.40,99.30,,,,,741982000000,,,,,56181000000,-39929000000,-16501000000,,,0.352,,,,,,true,false,12,2018-01-01,2018-12-31,0
2019-02-05,41510,2017-12-31,,,,,,,,,,,,,42899000000,,78.38,78.30,,,,,708295000000,,,,,64902000000,-45265000000,-18287000000,,,0.344,,,,,,true,false,12,2017-01-01,2017-12-31,-1
2019-02-05,41510,2019-12-31,,,,,,,,,,,,,68000000000,,126.30,,,,,,,,,,,,,,,,0.317,,,,,,true,true,12,2019-01-01,2019-12-31,1
2019-02-05,41510,2019-12-31,,,,,,,,,,,,,,,,,,,,,,,,,,,,,,40.00,,,,,,,false,true,12,2019-01-01,2019-12-31,1
2019-05-08,41510,2019-12-31,1,,,,,,,,,,,,8114000000,,14.97,14.95,,,,,741191000000,,,,,,,,,,,,,,,,true,false,3,2019-01-01,2019-03-31,0
2019-05-08,41510,2018-12-31,1,,,,,,,,,,,,22005000000,,40.20,40.16,,,,,,,,,,,,,,,,,,,,,true,false,3,2018-01-01,2018-03-31,-1
2019-05-08,41510,2019-12-31,1,,,,,,,,,,,,68000000000,,126.30,,,,,,,,,,,,,,,,,,,,,,true,true,12,2019-01-01,2019-12-31,0
2019-05-08,41510,2018-12-31,1,,,,,,,,,,,,,,,,,,,,741982000000,,,,,,,,,,,,,,,,true,false,12,2018-01-01,2018-12-31,-1
2019-05-08,41510,2018-12-31,1,,,,,,,,,,,,,,,,,,,,,,,,,,,,,35.00,,,,576483555,29042650,,false,false,12,2018-01-01,2018-12-31,-1
2019-05-08,41510,2019-12-31,1,,,,,,,,,,,,,,,,,,,,,,,,,,,,,40.00,,,,,,,false,true,12,2019-01-01,2019-12-31,0
2019-05-08,41510,2019-12-31,1,,,,,,,,,,,,,,,,,,,,,,,,,,,,,,,,,540000000,3107607,542128457,false,false,3,2019-01-01,2019-03-31,0
2019-05-08,41510,2018-12-31,1,,,,,,,,,,,,,,,,,,,,,,,,,,,,,,,,,,,547341265,false,false,3,2018-01-01,2018-03-31,-1
2019-08-01,41510,2019-12-31,2,,,,,,,,,,,,48063000000,,89.02,88.94,,,,,757419000000,,,,,,,,,,,,,,,,true,false,6,2019-01-01,2019-06-30,0
2019-08-01,41510,2018-12-31,2,,,,,,,,,,,,34271000000,,62.61,62.54,,,,,,,,,,,,,,,,,,,,,true,false,6,2018-01-01,2018-06-30,-1
2019-08-01,41510,2019-12-31,2,,,,,,,,,,,,68000000000,,126.30,,,,,,,,,,,,,,,,,,,,,,true,true,12,2019-01-01,2019-12-31,0
2019-08-01,41510,2018-12-31,2,,,,,,,,,,,,,,,,,,,,741982000000,,,,,,,,,,,,,,,,true,false,12,2018-01-01,2018-12-31,-1
2019-08-01,41510,2018-12-31,2,,,,,,,,,,,,,,,,,,,,,,,,,,,,,35.00,,,,576483555,29042650,,false,false,12,2018-01-01,2018-12-31,-1
2019-08-01,41510,2019-12-31,2,,,,,,,,,,,,,,,,,,,,,,,,,,,,,20.00,,,,,,,false,false,12,2019-01-01,2019-12-31,0
2019-08-01,41510,2019-12-31,2,,,,,,,,,,,,,,,,,,,,,,,,,,,,,40.00,,,,,,,false,true,12,2019-01-01,2019-12-31,0
2019-08-01,41510,2019-12-31,2,,,,,,,,,,,,,,,,,,,,,,,,,,,,,,,,,540000000,3050486,539909061,false,false,6,2019-01-01,2019-06-30,0
2019-08-01,41510,2018-12-31,2,,,,,,,,,,,,,,,,,,,,,,,,,,,,,,,,,,,547385477,false,false,6,2018-01-01,2018-06-30,-1
2019-10-29,41510,2019-12-31,3,,,,,,,,,,,,56318000000,,104.48,104.39,,,,,749721000000,,,,,,,,,,,,,,,,true,false,9,2019-01-01,2019-09-30,0
2019-10-29,41510,2018-12-31,3,,,,,,,,,,,,47417000000,,86.62,86.53,,,,,,,,,,,,,,,,,,,,,true,false,9,2018-01-01,2018-09-30,-1
2019-10-29,41510,2019-12-31,3,,,,,,,,,,,,68000000000,,126.30,,,,,,,,,,,,,,,,,,,,,,true,true,12,2019-01-01,2019-12-31,0
2019-10-29,41510,2018-12-31,3,,,,,,,,,,,,,,,,,,,,741982000000,,,,,,,,,,,,,,,,true,false,12,2018-01-01,2018-12-31,-1
2019-10-29,41510,2018-12-31,3,,,,,,,,,,,,,,,,,,,,,,,,,,,,,35.00,,,,576483555,29042650,,false,false,12,2018-01-01,2018-12-31,-1
2019-10-29,41510,2019-12-31,3,,,,,,,,,,,,,,,,,,,,,,,,,,,,,20.00,,,,,,,false,false,12,2019-01-01,2019-12-31,0
2019-10-29,41510,2019-12-31,3,,,,,,,,,,,,,,,,,,,,,,,,,,,,,40.00,,,,,,,false,true,12,2019-01-01,2019-12-31,0
2019-10-29,41510,2019-12-31,3,,,,,,,,,,,,,,,,,,,,,,,,,,,,,,,,,540000000,3051637,539020972,false,false,9,2019-01-01,2019-09-30,0
2019-10-29,41510,2018-12-31,3,,,,,,,,,,,,,,,,,,,,,,,,,,,,,,,,,,,547402806,false,false,9,2018-01-01,2018-09-30,-1
2020-02-05,41510,2019-12-31,,246274000000,0.145,,,,,50029000000,0.185,73363000000,0.572,91473000000,,0.911,169.85,169.71,,,,,618306000000,549020000000,0.887,1021.09,548269000000,,,,,42.00,,,,540000000,3053335,538542438,false,false,12,2019-01-01,2019-12-31,0
2020-02-05,41510,2018-12-31,,215154000000,0.022,,,,,42230000000,0.093,46660000000,-0.062,47860000000,,0.111,87.43,87.34,,,,,569900000000,502413000000,0.880,916.31,501626000000,,,,,35.00,,,,576483555,29042650,547411756,false,false,12,2018-01-01,2018-12-31,-1
2020-02-05,41510,2019-12-31,,,,,,,,,,,,,67084000000,,124.57,124.46,,,,,784453000000,,,,,53655000000,-933000000,-47371000000,,,0.337,,,,,,true,false,12,2019-01-01,2019-12-31,0
2020-02-05,41510,2018-12-31,,,,,,,,,,,,,54414000000,,99.40,99.30,,,,,741982000000,,,,,56181000000,-39929000000,-16501000000,,,0.352,,,,,,true,false,12,2018-01-01,2018-12-31,-1
2020-02-05,41510,2020-12-31,,,,,,,,,,,,,49000000000,,91.26,,,,,,,,,,,,,,,,0.482,,,,,,true,true,12,2020-01-01,2020-12-31,1
2020-02-05,41510,2020-12-31,,,,,,,,,,,,,,,,,,,,,,,,,,,,,,44.00,,,,,,,false,true,12,2020-01-01,2020-12-31,1
2020-05-01,41510,2020-12-31,1,,,,,,,,,,,,13842000000,,25.78,25.76,,,,,773081000000,,,,,,,,,,,,,,,,true,false,3,2020-01-01,2020-03-31,0
2020-05-01,41510,2019-12-31,1,,,,,,,,,,,,8114000000,,14.97,14.95,,,,,,,,,,,,,,,,,,,,,true,false,3,2019-01-01,2019-03-31,-1
2020-05-01,41510,2020-12-31,1,,,,,,,,,,,,49000000000,,91.26,,,,,,,,,,,,,,,,,,,,,,true,true,12,2020-01-01,2020-12-31,0
2020-05-01,41510,2019-12-31,1,,,,,,,,,,,,,,,,,,,,784453000000,,,,,,,,,,,,,,,,true,false,12,2019-01-01,2019-12-31,-1
2020-05-01,41510,2019-12-31,1,,,,,,,,,,,,,,,,,,,,,,,,,,,,,42.00,,,,540000000,3053335,,false,false,12,2019-01-01,2019-12-31,-1
2020-05-01,41510,2020-12-31,1,,,,,,,,,,,,,,,,,,,,,,,,,,,,,44.00,,,,,,,false,true,12,2020-01-01,2020-12-31,0
2020-05-01,41510,2020-12-31,1,,,,,,,,,,,,,,,,,,,,,,,,,,,,,,,,,540000000,2960146,536969554,false,false,3,2020-01-01,2020-03-31,0
2020-05-01,41510,2019-12-31,1,,,,,,,,,,,,,,,,,,,,,,,,,,,,,,,,,,,542128457,false,false,3,2019-01-01,2019-03-31,-1
2020-07-30,41510,2020-12-31,2,,,,,,,,,,,,27798000000,,51.76,51.72,,,,,779625000000,,,,,,,,,,,,,,,,true,false,6,2020-01-01,2020-06-30,0
2020-07-30,41510,2019-12-31,2,,,,,,,,,,,,48063000000,,89.02,88.94,,,,,,,,,,,,,,,,,,,,,true,false,6,2019-01-01,2019-06-30,-1
2020-07-30,41510,2020-12-31,2,,,,,,,,,,,,44000000000,,81.92,,,,,,,,,,,,,,,,,,,,,,true,true,12,2020-01-01,2020-12-31,0
2020-07-30,41510,2019-12-31,2,,,,,,,,,,,,,,,,,,,,784453000000,,,,,,,,,,,,,,,,true,false,12,2019-01-01,2019-12-31,-1
2020-07-30,41510,2019-12-31,2,,,,,,,,,,,,,,,,,,,,,,,,,,,,,42.00,,,,540000000,3053335,,false,false,12,2019-01-01,2019-12-31,-1
2020-07-30,41510,2020-12-31,2,,,,,,,,,,,,,,,,,,,,,,,,,,,,,22.00,,,,,,,false,false,12,2020-01-01,2020-12-31,0
2020-07-30,41510,2020-12-31,2,,,,,,,,,,,,,,,,,,,,,,,,,,,,,44.00,,,,,,,false,true,12,2020-01-01,2020-12-31,0
2020-07-30,41510,2020-12-31,2,,,,,,,,,,,,,,,,,,,,,,,,,,,,,,,,,540000000,2832066,537054763,false,false,6,2020-01-01,2020-06-30,0
2020-07-30,41510,2019-12-31,2,,,,,,,,,,,,,,,,,,,,,,,,,,,,,,,,,,,539909061,false,false,6,2019-01-01,2019-06-30,-1
2020-10-30,41510,2020-12-31,3,,,,,,,,,,,,37489000000,,69.80,69.75,,,,,781160000000,,,,,,,,,,,,,,,,true,false,9,2020-01-01,2020-09-30,0
2020-10-30,41510,2019-12-31,3,,,,,,,,,,,,56318000000,,104.48,104.39,,,,,,,,,,,,,,,,,,,,,true,false,9,2019-01-01,2019-09-30,-1
2020-10-30,41510,2020-12-31,3,,,,,,,,,,,,44000000000,,81.92,,,,,,,,,,,,,,,,,,,,,,true,true,12,2020-01-01,2020-12-31,0
2020-10-30,41510,2019-12-31,3,,,,,,,,,,,,,,,,,,,,784453000000,,,,,,,,,,,,,,,,true,false,12,2019-01-01,2019-12-31,-1
2020-10-30,41510,2019-12-31,3,,,,,,,,,,,,,,,,,,,,,,,,,,,,,42.00,,,,540000000,3053335,,false,false,12,2019-01-01,2019-12-31,-1
2020-10-30,41510,2020-12-31,3,,,,,,,,,,,,,,,,,,,,,,,,,,,,,22.00,,,,,,,false,false,12,2020-01-01,2020-12-31,0
2020-10-30,41510,2020-12-31,3,,,,,,,,,,,,,,,,,,,,,,,,,,,,,44.00,,,,,,,false,true,12,2020-01-01,2020-12-31,0
2020-10-30,41510,2020-12-31,3,,,,,,,,,,,,,,,,,,,,,,,,,,,,,,,,,540000000,2828366,537089478,false,false,9,2020-01-01,2020-09-30,0
2020-10-30,41510,2019-12-31,3,,,,,,,,,,,,,,,,,,,,,,,,,,,,,,,,,,,539020972,false,false,9,2019-01-01,2019-09-30,-1
2021-02-04,41510,2020-12-31,,252933000000,0.027,,,,,48669000000,-0.027,49562000000,-0.324,31250000000,,-0.658,58.18,58.15,,,,,687680000000,555730000000,0.807,1033.43,555135000000,,,,,44.00,,,,540000000,2823975,537109444,false,false,12,2020-01-01,2020-12-31,0
2021-02-04,41510,2019-12-31,,246274000000,0.145,,,,,50029000000,0.185,73363000000,0.572,91473000000,,0.911,169.85,169.71,,,,,618306000000,549020000000,0.887,1021.09,548269000000,,,,,42.00,,,,540000000,3053335,538542438,false,false,12,2019-01-01,2019-12-31,-1
2021-02-04,41510,2020-12-31,,,,,,,,,,,,,47027000000,,87.56,87.50,,,,,801290000000,,,,,39502000000,252559000000,-26003000000,,,0.503,,,,,,true,false,12,2020-01-01,2020-12-31,0
2021-02-04,41510,2019-12-31,,,,,,,,,,,,,67084000000,,124.57,124.46,,,,,784453000000,,,,,53655000000,-933000000,-47371000000,,,0.337,,,,,,true,false,12,2019-01-01,2019-12-31,-1
2021-02-04,41510,2021-12-31,,,,,,,,,,,,,50000000000,,93.08,,,,,,,,,,,,,,,,0.485,,,,,,true,true,12,2021-01-01,2021-12-31,1
2021-02-04,41510,2021-12-31,,,,,,,,,,,,,,,,,,,,,,,,,,,,,,46.00,,,,,,,false,true,12,2021-01-01,2021-12-31,1
2021-05-06,41510,2021-12-31,1,,,,,,,,,,,,12921000000,,24.05,24.04,,,,,809072000000,,,,,,,,,,,,,,,,true,false,3,2021-01-01,2021-03-31,0
2021-05-06,41510,2020-12-31,1,,,,,,,,,,,,13842000000,,25.78,25.76,,,,,,,,,,,,,,,,,,,,,true,false,3,2020-01-01,2020-03-31,-1
2021-05-06,41510,2021-12-31,1,,,,,,,,,,,,50000000000,,93.08,,,,,,,,,,,,,,,,,,,,,,true,true,12,2021-01-01,2021-12-31,0
2021-05-06,41510,2020-12-31,1,,,,,,,,,,,,,,,,,,,,801290000000,,,,,,,,,,,,,,,,true,false,12,2020-01-01,2020-12-31,-1
2021-05-06,41510,2020-12-31,1,,,,,,,,,,,,,,,,,,,,,,,,,,,,,44.00,,,,540000000,2823975,,false,false,12,2020-01-01,2020-12-31,-1
2021-05-06,41510,2021-12-31,1,,,,,,,,,,,,,,,,,,,,,,,,,,,,,46.00,,,,,,,false,true,12,2021-01-01,2021-12-31,0
2021-05-06,41510,2021-12-31,1,,,,,,,,,,,,,,,,,,,,,,,,,,,,,,,,,540000000,2814224,537182044,false,false,3,2021-01-01,2021-03-31,0
2021-05-06,41510,2020-12-31,1,,,,,,,,,,,,,,,,,,,,,,,,,,,,,,,,,,,536969554,false,false,3,2020-01-01,2020-03-31,-1
2021-08-03,41510,2021-12-31,2,,,,,,,,,,,,25072000000,,46.67,46.65,,,,,819774000000,,,,,,,,,,,,,,,,true,false,6,2021-01-01,2021-06-30,0
2021-08-03,41510,2020-12-31,2,,,,,,,,,,,,27798000000,,51.76,51.72,,,,,,,,,,,,,,,,,,,,,true,false,6,2020-01-01,2020-06-30,-1
2021-08-03,41510,2021-12-31,2,,,,,,,,,,,,50000000000,,93.08,,,,,,,,,,,,,,,,,,,,,,true,true,12,2021-01-01,2021-12-31,0
2021-08-03,41510,2020-12-31,2,,,,,,,,,,,,,,,,,,,,801290000000,,,,,,,,,,,,,,,,true,false,12,2020-01-01,2020-12-31,-1
2021-08-03,41510,2020-12-31,2,,,,,,,,,,,,,,,,,,,,,,,,,,,,,44.00,,,,540000000,2823975,,false,false,12,2020-01-01,2020-12-31,-1
2021-08-03,41510,2021-12-31,2,,,,,,,,,,,,,,,,,,,,,,,,,,,,,23.00,,,,,,,false,false,12,2021-01-01,2021-12-31,0
2021-08-03,41510,2021-12-31,2,,,,,,,,,,,,,,,,,,,,,,,,,,,,,46.00,,,,,,,false,true,12,2021-01-01,2021-12-31,0
2021-08-03,41510,2021-12-31,2,,,,,,,,,,,,,,,,,,,,,,,,,,,,,,,,,540000000,2690982,537231481,false,false,6,2021-01-01,2021-06-30,0
2021-08-03,41510,2020-12-31,2,,,,,,,,,,,,,,,,,,,,,,,,,,,,,,,,,,,537054763,false,false,6,2020-01-01,2020-06-30,-1
2021-11-01,41510,2021-12-31,3,,,,,,,65000000000,0.084,,,,50000000000,,93.08,,,,,,,,,,,,,,,,,,,,,,true,true,12,2021-01-01,2021-12-31,0
2021-11-01,41510,2021-12-31,3,,,,,,,,,,,,32908000000,,61.25,61.22,,,,,856804000000,,,,,,,,,,,,,,,,true,false,9,2021-01-01,2021-09-30,0
2021-11-01,41510,2020-12-31,3,,,,,,,,,,,,37489000000,,69.80,69.75,,,,,,,,,,,,,,,,,,,,,true,false,9,2020-01-01,2020-09-30,-1
2021-11-01,41510,2020-12-31,3,,,,,,,,,,,,,,,,,,,,801290000000,,,,,,,,,,,,,,,,true,false,12,2020-01-01,2020-12-31,-1
2021-11-01,41510,2020-12-31,3,,,,,,,,,,,,,,,,,,,,,,,,,,,,,44.00,,,,540000000,2823975,,false,false,12,2020-01-01,2020-12-31,-1
2021-11-01,41510,2021-12-31,3,,,,,,,,,,,,,,,,,,,,,,,,,,,,,23.00,,,,,,,false,false,12,2021-01-01,2021-12-31,0
2021-11-01,41510,2021-12-31,3,,,,,,,,,,,,,,,,,,,,,,,,,,,,,46.00,,,,,,,false,true,12,2021-01-01,2021-12-31,0
2021-11-01,41510,2021-12-31,3,,,,,,,,,,,,,,,,,,,,,,,,,,,,,,,,,540000000,2684635,537256814,false,false,9,2021-01-01,2021-09-30,0
2021-11-01,41510,2020-12-31,3,,,,,,,,,,,,,,,,,,,,,,,,,,,,,,,,,,,537089478,false,false,9,2020-01-01,2020-09-30,-1
2022-02-07,41510,2021-12-31,,237590000000,-0.061,,,,,24802000000,-0.490,35228000000,-0.289,66366000000,,1.124,123.52,123.47,,,,,794087000000,596921000000,0.751,1110.13,596507000000,,,,,46.00,,,,540000000,2671817,537272070,false,false,12,2021-01-01,2021-12-31,0
2022-02-07,41510,2020-12-31,,252933000000,0.027,,,,,48669000000,-0.027,49562000000,-0.324,31250000000,,-0.658,58.18,58.15,,,,,687680000000,555730000000,0.807,1033.43,555135000000,,,,,44.00,,,,540000000,2823975,537109444,false,false,12,2020-01-01,2020-12-31,-1
2022-02-07,41510,2021-12-31,,,,,,,,,,,,,52347000000,,97.43,97.39,,,,,921872000000,,,,,86548000000,-11363000000,-28446000000,,,0.432,,,,,,true,false,12,2021-01-01,2021-12-31,0
2022-02-07,41510,2020-12-31,,,,,,,,,,,,,47027000000,,87.56,87.50,,,,,801290000000,,,,,39502000000,252559000000,-26003000000,,,0.503,,,,,,true,false,12,2020-01-01,2020-12-31,-1
2022-02-07,41510,2022-12-31,,,,,,,,,,,,,53000000000,,98.64,,,,,,,,,,,,,,,,0.479,,,,,,true,true,12,2022-01-01,2022-12-31,1
2022-02-07,41510,2022-12-31,,,,,,,,,,,,,,,,,,,,,,,,,,,,,,48.00,,,,,,,false,true,12,2022-01-01,2022-12-31,1
2022-05-10,41510,2022-12-31,1,,,,,,,,,,,,16038000000,,29.85,29.84,,,,,907816000000,,,,,,,,,,,,,,,,true,false,3,2022-01-01,2022-03-31,0
2022-05-10,41510,2021-12-31,1,,,,,,,,,,,,12921000000,,24.05,24.04,,,,,,,,,,,,,,,,,,,,,true,false,3,2021-01-01,2021-03-31,-1
2022-05-10,41510,2022-12-31,1,,,,,,,,,,,,53000000000,,98.64,,,,,,,,,,,,,,,,,,,,,,true,true,12,2022-01-01,2022-12-31,0
2022-05-10,41510,2021-12-31,1,,,,,,,,,,,,,,,,,,,,921872000000,,,,,,,,,,,,,,,,true,false,12,2021-01-01,2021-12-31,-1
2022-05-10,41510,2021-12-31,1,,,,,,,,,,,,,,,,,,,,,,,,,,,,,46.00,,,,540000000,2671817,,false,false,12,2021-01-01,2021-12-31,-1
2022-05-10,41510,2022-12-31,1,,,,,,,,,,,,,,,,,,,,,,,,,,,,,48.00,,,,,,,false,true,12,2022-01-01,2022-12-31,0
2022-05-10,41510,2022-12-31,1,,,,,,,,,,,,,,,,,,,,,,,,,,,,,,,,,540000000,2627073,537343666,false,false,3,2022-01-01,2022-03-31,0
2022-05-10,41510,2021-12-31,1,,,,,,,,,,,,,,,,,,,,,,,,,,,,,,,,,,,537182044,false,false,3,2021-01-01,2021-03-31,-1
2022-08-04,41510,2022-12-31,2,,,,,,,,,,,,35017000000,,65.16,65.14,,,,,939853000000,,,,,,,,,,,,,,,,true,false,6,2022-01-01,2022-06-30,0
2022-08-04,41510,2021-12-31,2,,,,,,,,,,,,25072000000,,46.67,46.65,,,,,,,,,,,,,,,,,,,,,true,false,6,2021-01-01,2021-06-30,-1
2022-08-04,41510,2022-12-31,2,,,,,,,,,,,,63000000000,,117.22,,,,,,,,,,,,,,,,,,,,,,true,true,12,2022-01-01,2022-12-31,0
2022-08-04,41510,2021-12-31,2,,,,,,,,,,,,,,,,,,,,921872000000,,,,,,,,,,,,,,,,true,false,12,2021-01-01,2021-12-31,-1
2022-08-04,41510,2021-12-31,2,,,,,,,,,,,,,,,,,,,,,,,,,,,,,46.00,,,,540000000,2671817,,false,false,12,2021-01-01,2021-12-31,-1
2022-08-04,41510,2022-12-31,2,,,,,,,,,,,,,,,,,,,,,,,,,,,,,24.00,,,,,,,false,false,12,2022-01-01,2022-12-31,0
2022-08-04,41510,2022-12-31,2,,,,,,,,,,,,,,,,,,,,,,,,,,,,,48.00,,,,,,,false,true,12,2022-01-01,2022-12-31,0
2022-08-04,41510,2022-12-31,2,,,,,,,,,,,,,,,,,,,,,,,,,,,,,,,,,540000000,2527034,537395867,false,false,6,2022-01-01,2022-06-30,0
2022-08-04,41510,2021-12-31,2,,,,,,,,,,,,,,,,,,,,,,,,,,,,,,,,,,,537231481,false,false,6,2021-01-01,2021-06-30,-1
2022-11-04,41510,2022-12-31,3,,,,,,,,,,,,49212000000,,91.57,91.55,,,,,940359000000,,,,,,,,,,,,,,,,true,false,9,2022-01-01,2022-09-30,0
2022-11-04,41510,2021-12-31,3,,,,,,,,,,,,32908000000,,61.25,61.22,,,,,,,,,,,,,,,,,,,,,true,false,9,2021-01-01,2021-09-30,-1
2022-11-04,41510,2022-12-31,3,,,,,,,,,,,,63000000000,,117.22,,,,,,,,,,,,,,,,,,,,,,true,true,12,2022-01-01,2022-12-31,0
2022-11-04,41510,2021-12-31,3,,,,,,,,,,,,,,,,,,,,921872000000,,,,,,,,,,,,,,,,true,false,12,2021-01-01,2021-12-31,-1
2022-11-04,41510,2021-12-31,3,,,,,,,,,,,,,,,,,,,,,,,,,,,,,46.00,,,,540000000,2671817,,false,false,12,2021-01-01,2021-12-31,-1
2022-11-04,41510,2022-12-31,3,,,,,,,,,,,,,,,,,,,,,,,,,,,,,24.00,,,,,,,false,false,12,2022-01-01,2022-12-31,0
2022-11-04,41510,2022-12-31,3,,,,,,,,,,,,,,,,,,,,,,,,,,,,,48.00,,,,,,,false,true,12,2022-01-01,2022-12-31,0
2022-11-04,41510,2022-12-31,3,,,,,,,,,,,,,,,,,,,,,,,,,,,,,,,,,540000000,2528282,537418763,false,false,9,2022-01-01,2022-09-30,0
2022-11-04,41510,2021-12-31,3,,,,,,,,,,,,,,,,,,,,,,,,,,,,,,,,,,,537256814,false,false,9,2021-01-01,2021-09-30,-1
2022-12-06,41510,2022-12-31,,,,,,,,,,,,,53000000000,,98.62,,,,,,,,,,,,,,,,,,,,,,true,true,12,2022-01-01,2022-12-31,0
2022-12-06,41510,2021-12-31,,,,,,,,,,,,,52347000000,,97.43,,,,,,,,,,,,,,,,,,,,,,true,false,12,2021-01-01,2021-12-31,-1
2023-02-07,41510,2022-12-31,,253790000000,0.068,,,,,40634000000,0.638,37287000000,0.058,31047000000,,-0.532,57.77,57.75,,,,,806058000000,601918000000,0.746,1119.48,601699000000,,,,,51.00,,,,540000000,2521197,537431734,false,false,12,2022-01-01,2022-12-31,0
2023-02-07,41510,2021-12-31,,237590000000,-0.061,,,,,24802000000,-0.490,35228000000,-0.289,66366000000,,1.124,123.52,123.47,,,,,794087000000,596921000000,0.751,1110.13,596507000000,,,,,46.00,,,,540000000,2671817,537272070,false,false,12,2021-01-01,2021-12-31,-1
2023-02-07,41510,2022-12-31,,,,,,,,,,,,,53573000000,,99.68,99.66,,,,,939881000000,,,,,48672000000,-17185000000,-29032000000,,,0.389,,,,,,true,false,12,2022-01-01,2022-12-31,0
2023-02-07,41510,2021-12-31,,,,,,,,,,,,,52347000000,,97.43,97.39,,,,,921872000000,,,,,86548000000,-11363000000,-28446000000,,,0.432,,,,,,true,false,12,2021-01-01,2021-12-31,-1
2023-02-07,41510,2023-12-31,,,,,,,,,,,,,76000000000,,141.40,,,,,,,,,,,,,,,,0.399,,,,,,true,true,12,2023-01-01,2023-12-31,1
2023-02-07,41510,2023-12-31,,,,,,,,,,,,,,,,,,,,,,,,,,,,,,54.00,,,,,,,false,true,12,2023-01-01,2023-12-31,1
2023-05-10,41510,2023-12-31,1,,,,,,,,,,,,12760000000,,23.74,23.74,,,,,930743000000,,,,,,,,,,,,,,,,true,false,3,2023-01-01,2023-03-31,0
2023-05-10,41510,2022-12-31,1,,,,,,,,,,,,16038000000,,29.85,29.84,,,,,,,,,,,,,,,,,,,,,true,false,3,2022-01-01,2022-03-31,-1
2023-05-10,41510,2023-12-31,1,,,,,,,,,,,,70000000000,,130.23,,,,,,,,,,,,,,,,,,,,,,true,true,12,2023-01-01,2023-12-31,0
2023-05-10,41510,2022-12-31,1,,,,,,,,,,,,,,,,,,,,939881000000,,,,,,,,,,,,,,,,true,false,12,2022-01-01,2022-12-31,-1
2023-05-10,41510,2022-12-31,1,,,,,,,,,,,,,,,,,,,,,,,,,,,,,51.00,,,,540000000,2521197,,false,false,12,2022-01-01,2022-12-31,-1
2023-05-10,41510,2023-12-31,1,,,,,,,,,,,,,,,,,,,,,,,,,,,,,54.00,,,,,,,false,true,12,2023-01-01,2023-12-31,0
2023-05-10,41510,2023-12-31,1,,,,,,,,,,,,,,,,,,,,,,,,,,,,,,,,,540000000,2467421,537500528,false,false,3,2023-01-01,2023-03-31,0
2023-05-10,41510,2022-12-31,1,,,,,,,,,,,,,,,,,,,,,,,,,,,,,,,,,,,537343666,false,false,3,2022-01-01,2022-03-31,-1
2023-08-03,41510,2023-12-31,2,,,,,,,,,,,,21646000000,,40.27,40.26,,,,,979692000000,,,,,,,,,,,,,,,,true,false,6,2023-01-01,2023-06-30,0
2023-08-03,41510,2022-12-31,2,,,,,,,,,,,,35017000000,,65.16,65.14,,,,,,,,,,,,,,,,,,,,,true,false,6,2022-01-01,2022-06-30,-1
2023-08-03,41510,2023-12-31,2,,,,,,,,,,,,70000000000,,130.23,,,,,,,,,,,,,,,,,,,,,,true,true,12,2023-01-01,2023-12-31,0
2023-08-03,41510,2022-12-31,2,,,,,,,,,,,,,,,,,,,,939881000000,,,,,,,,,,,,,,,,true,false,12,2022-01-01,2022-12-31,-1
2023-08-03,41510,2022-12-31,2,,,,,,,,,,,,,,,,,,,,,,,,,,,,,51.00,,,,540000000,2521197,,false,false,12,2022-01-01,2022-12-31,-1
2023-08-03,41510,2023-12-31,2,,,,,,,,,,,,,,,,,,,,,,,,,,,,,27.00,,,,,,,false,false,12,2023-01-01,2023-12-31,0
2023-08-03,41510,2023-12-31,2,,,,,,,,,,,,,,,,,,,,,,,,,,,,,54.00,,,,,,,false,true,12,2023-01-01,2023-12-31,0
2023-08-03,41510,2023-12-31,2,,,,,,,,,,,,,,,,,,,,,,,,,,,,,,,,,540000000,2392861,537546084,false,false,6,2023-01-01,2023-06-30,0
2023-08-03,41510,2022-12-31,2,,,,,,,,,,,,,,,,,,,,,,,,,,,,,,,,,,,537395867,false,false,6,2022-01-01,2022-06-30,-1
2023-11-01,4151,2023-12-31,3,,,,,,0.015,,,,,,70000000000,,130.23,,,,,,,,,,,,,,,,,,,,,,true,true,12,2023-01-01,2023-12-31,0
2023-11-01,4151,2023-12-31,3,,,,,,,,,,,,53554000000,,99.62,99.61,,,,,1004051000000,,,,,,,,,,,,,,,,true,false,9,2023-01-01,2023-09-30,0
2023-11-01,4151,2022-12-31,3,,,,,,,,,,,,49212000000,,91.57,91.55,,,,,,,,,,,,,,,,,,,,,true,false,9,2022-01-01,2022-09-30,-1
2023-11-01,4151,2022-12-31,3,,,,,,,,,,,,,,,,,,,,939881000000,,,,,,,,,,,,,,,,true,false,12,2022-01-01,2022-12-31,-1
2023-11-01,4151,2022-12-31,3,,,,,,,,,,,,,,,,,,,,,,,,,,,,,51.00,,,,540000000,2521197,,false,false,12,2022-01-01,2022-12-31,-1
2023-11-01,4151,2023-12-31,3,,,,,,,,,,,,,,,,,,,,,,,,,,,,,27.00,,,,,,,false,false,12,2023-01-01,2023-12-31,0
2023-11-01,4151,2023-12-31,3,,,,,,,,,,,,,,,,,,,,,,,,,,,,,54.00,,,,,,,false,true,12,2023-01-01,2023-12-31,0
2023-11-01,4151,2023-12-31,3,,,,,,,,,,,,,,,,,,,,,,,,,,,,,,,,,540000000,2390163,537565293,false,false,9,2023-01-01,2023-09-30,0
2023-11-01,4151,2022-12-31,3,,,,,,,,,,,,,,,,,,,,,,,,,,,,,,,,,,,537418763,false,false,9,2022-01-01,2022-09-30,-1
2024-02-07,4151,2023-12-31,,277161000000,0.092,,,,,53427000000,0.315,67218000000,0.803,50370000000,,0.622,93.70,93.69,,,,,869589000000,622709000000,0.716,1158.10,622606000000,,,,,56.00,,,,540000000,2390712,537575538,false,false,12,2023-01-01,2023-12-31,0
2024-02-07,4151,2022-12-31,,253790000000,0.068,,,,,40634000000,0.638,37287000000,0.058,31047000000,,-0.532,57.77,57.75,,,,,806058000000,601918000000,0.746,1119.48,601699000000,,,,,51.00,,,,540000000,2521197,537431734,false,false,12,2022-01-01,2022-12-31,-1
2024-02-07,4151,2023-12-31,,,,,,,,,,,,,81188000000,,151.03,151.01,,,,,1025942000000,,,,,115551000000,-20382000000,-32535000000,,,0.355,,,,,,true,false,12,2023-01-01,2023-12-31,0
2024-02-07,4151,2022-12-31,,,,,,,,,,,,,53573000000,,99.68,99.66,,,,,939881000000,,,,,48672000000,-17185000000,-29032000000,,,0.389,,,,,,true,false,12,2022-01-01,2022-12-31,-1
2024-02-07,4151,2024-12-31,,,,,,,,,,,,,63000000000,,119.07,,,,,,,,,,,,,,,,0.476,,,,,,true,true,12,2024-01-01,2024-12-31,1
2024-02-07,4151,2024-12-31,,,,,,,,,,,,,,,,,,,,,,,,,,,,,,58.00,,,,,,,false,true,12,2024-01-01,2024-12-31,1
2024-05-07,4151,2024-12-31,1,,,,,,,,,,,,14632000000,,27.26,27.26,,,,,1065883000000,,,,,,,,,,,,,,,,true,false,3,2024-01-01,2024-03-31,0
2024-05-07,4151,2023-12-31,1,,,,,,,,,,,,12760000000,,23.74,23.74,,,,,,,,,,,,,,,,,,,,,true,false,3,2023-01-01,2023-03-31,-1
2024-05-07,4151,2024-12-31,1,,,,,,,,,,,,63000000000,,119.07,,,,,,,,,,,,,,,,,,,,,,true,true,12,2024-01-01,2024-12-31,0
2024-05-07,4151,2023-12-31,1,,,,,,,,,,,,,,,,,,,,1025942000000,,,,,,,,,,,,,,,,true,false,12,2023-01-01,2023-12-31,-1
2024-05-07,4151,2023-12-31,1,,,,,,,,,,,,,,,,,,,,,,,,,,,,,56.00,,,,540000000,2390712,,false,false,12,2023-01-01,2023-12-31,-1
2024-05-07,4151,2024-12-31,1,,,,,,,,,,,,,,,,,,,,,,,,,,,,,58.00,,,,,,,false,true,12,2024-01-01,2024-12-31,0
2024-05-07,4151,2024-12-31,1,,,,,,,,,,,,,,,,,,,,,,,,,,,,,,,,,540000000,4955614,536679980,false,false,3,2024-01-01,2024-03-31,0
2024-05-07,4151,2023-12-31,1,,,,,,,,,,,,,,,,,,,,,,,,,,,,,,,,,,,537500528,false,false,3,2023-01-01,2023-03-31,-1
2024-08-01,4151,2024-12-31,2,,,,,,,,,,,,37777000000,,70.76,70.75,,,,,1070009000000,,,,,,,,,,,,,,,,true,false,6,2024-01-01,2024-06-30,0
2024-08-01,4151,2023-12-31,2,,,,,,,,,,,,21646000000,,40.27,40.26,,,,,,,,,,,,,,,,,,,,,true,false,6,2023-01-01,2023-06-30,-1
2024-08-01,4151,2024-12-31,2,,,,,,,,,,,,68000000000,,128.42,,,,,,,,,,,,,,,,,,,,,,true,true,12,2024-01-01,2024-12-31,0
2024-08-01,4151,2023-12-31,2,,,,,,,,,,,,,,,,,,,,1025942000000,,,,,,,,,,,,,,,,true,false,12,2023-01-01,2023-12-31,-1
2024-08-01,4151,2023-12-31,2,,,,,,,,,,,,,,,,,,,,,,,,,,,,,56.00,,,,540000000,2390712,,false,false,12,2023-01-01,2023-12-31,-1
2024-08-01,4151,2024-12-31,2,,,,,,,,,,,,,,,,,,,,,,,,,,,,,29.00,,,,,,,false,false,12,2024-01-01,2024-12-31,0
2024-08-01,4151,2024-12-31,2,,,,,,,,,,,,,,,,,,,,,,,,,,,,,58.00,,,,,,,false,true,12,2024-01-01,2024-12-31,0
2024-08-01,4151,2024-12-31,2,,,,,,,,,,,,,,,,,,,,,,,,,,,,,,,,,540000000,12275511,533877966,false,false,6,2024-01-01,2024-06-30,0
2024-08-01,4151,2023-12-31,2,,,,,,,,,,,,,,,,,,,,,,,,,,,,,,,,,,,537546084,false,false,6,2023-01-01,2023-06-30,-1
2024-10-31,4151,2024-12-31,3,,,,,,-0.049,,,,,,68000000000,,128.42,,,,,,,,,,,,,,,,,,,,,,true,true,12,2024-01-01,2024-12-31,0
2024-10-31,4151,2024-12-31,3,,,,,,,,,,,,55901000000,,105.20,105.19,,,,,1041966000000,,,,,,,,,,,,,,,,true,false,9,2024-01-01,2024-09-30,0
2024-10-31,4151,2023-12-31,3,,,,,,,,,,,,53554000000,,99.62,99.61,,,,,,,,,,,,,,,,,,,,,true,false,9,2023-01-01,2023-09-30,-1
2024-10-31,4151,2023-12-31,3,,,,,,,,,,,,,,,,,,,,1025942000000,,,,,,,,,,,,,,,,true,false,12,2023-01-01,2023-12-31,-1
2024-10-31,4151,2023-12-31,3,,,,,,,,,,,,,,,,,,,,,,,,,,,,,56.00,,,,540000000,2390712,,false,false,12,2023-01-01,2023-12-31,-1
2024-10-31,4151,2024-12-31,3,,,,,,,,,,,,,,,,,,,,,,,,,,,,,29.00,,,,,,,false,false,12,2024-01-01,2024-12-31,0
2024-10-31,4151,2024-12-31,3,,,,,,,,,,,,,,,,,,,,,,,,,,,,,58.00,,,,,,,false,true,12,2024-01-01,2024-12-31,0
2024-10-31,4151,2024-12-31,3,,,,,,,,,,,,,,,,,,,,,,,,,,,,,,,,,540000000,15278212,531380426,false,false,9,2024-01-01,2024-09-30,0
2024-10-31,4151,2023-12-31,3,,,,,,,,,,,,,,,,,,,,,,,,,,,,,,,,,,,537565293,false,false,9,2023-01-01,2023-09-30,-1
2025-02-06,4151,2024-12-31,,286510000000,0.034,,,,,-4622000000,,68606000000,0.021,60670000000,,0.204,114.57,114.57,,,,,797917000000,613038000000,0.768,1171.30,613010000000,,,,,58.00,,,,525634500,2276724,529528608,false,false,12,2024-01-01,2024-12-31,0
2025-02-06,4151,2023-12-31,,277161000000,0.092,,,,,53427000000,0.315,67218000000,0.803,50370000000,,0.622,93.70,93.69,,,,,869589000000,622709000000,0.716,1158.10,622606000000,,,,,56.00,,,,540000000,2390712,537575538,false,false,12,2023-01-01,2023-12-31,-1
2025-02-06,4151,2024-12-31,,,,,,,,,,,,,59870000000,,113.06,113.06,,,,,1067363000000,,,,,67884000000,-142387000000,-84697000000,,,0.478,,,,,,true,false,12,2024-01-01,2024-12-31,0
2025-02-06,4151,2023-12-31,,,,,,,,,,,,,81188000000,,151.03,151.01,,,,,1025942000000,,,,,115551000000,-20382000000,-32535000000,,,0.355,,,,,,true,false,12,2023-01-01,2023-12-31,-1
2025-02-06,4151,2025-12-31,,,,,,,,,,,,,57000000000,,108.91,,,,,,,,,,,,,,,,0.503,,,,,,true,true,12,2025-01-01,2025-12-31,1
2025-02-06,4151,2025-12-31,,,,,,,,,,,,,,,,,,,,,,,,,,,,,,60.00,,,,,,,false,true,12,2025-01-01,2025-12-31,1
2025-05-01,4151,2025-12-31,1,,,,,,,,,,,,6167000000,,11.78,11.78,,,,,1019279000000,,,,,,,,,,,,,,,,true,false,3,2025-01-01,2025-03-31,0
2025-05-01,4151,2024-12-31,1,,,,,,,,,,,,14632000000,,27.26,27.26,,,,,,,,,,,,,,,,,,,,,true,false,3,2024-01-01,2024-03-31,-1
2025-05-01,4151,2025-12-31,1,,,,,,,,,,,,57000000000,,108.91,,,,,,,,,,,,,,,,,,,,,,true,true,12,2025-01-01,2025-12-31,0
2025-05-01,4151,2024-12-31,1,,,,,,,,,,,,,,,,,,,,1067363000000,,,,,,,,,,,,,,,,true,false,12,2024-01-01,2024-12-31,-1
2025-05-01,4151,2024-12-31,1,,,,,,,,,,,,,,,,,,,,,,,,,,,,,58.00,,,,525634500,2276724,,false,false,12,2024-01-01,2024-12-31,-1
2025-05-01,4151,2025-12-31,1,,,,,,,,,,,,,,,,,,,,,,,,,,,,,60.00,,,,,,,false,true,12,2025-01-01,2025-12-31,0
2025-05-01,4151,2025-12-31,1,,,,,,,,,,,,,,,,,,,,,,,,,,,,,,,,,525634500,2265252,523366175,false,false,3,2025-01-01,2025-03-31,0
2025-05-01,4151,2024-12-31,1,,,,,,,,,,,,,,,,,,,,,,,,,,,,,,,,,,,536679980,false,false,3,2024-01-01,2024-03-31,-1
