filing_date,code,fiscal_year_end,quarterly_period,net_sales,net_sales_change,revenue,revenue_change,operating_revenue,operating_revenue_change,operating_profit,operating_profit_change,ordinary_profit,ordinary_profit_change,net_income,net_income_of_parent,net_income_change,eps,diluted_eps,roe,roa,operating_profit_to_net_sales,operating_profit_to_revenue,total_assets,net_assets,equity_ratio,bps,owner_equity,operating_cash_flow,investing_cash_flow,financing_cash_flow,cash,dividend_per_share,payout_ratio,commemorative_dividend,extra_dividend,number_of_shares,number_of_treqsury_shares,avg_number_of_shares,is_consolidated,is_forecast,duration,period_start,period_end,period_pos
2015-07-30,42040,2016-03-31,1,241187000000,-0.057,,,,,8368000000,-0.472,10012000000,-0.370,,12560000000,,25.14,25.07,,,,,967797000000,551264000000,0.547,,529342000000,,,,,,,,,,,,true,false,3,2015-04-01,2015-06-30,0
2015-07-30,42040,2015-03-31,1,255864000000,0.055,,,,,15860000000,0.579,15882000000,0.263,,8246000000,,16.19,16.17,,,,,,,,,,,,,,,,,,,,,true,false,3,2014-04-01,2014-06-30,-1
2015-07-30,42040,2016-03-31,1,545000000000,-0.002,,,,,37000000000,-0.114,38000000000,-0.171,,31000000000,,62.02,,,,,,,,,,,,,,,,,,,,,,true,true,6,2015-04-01,2015-09-30,0
2015-07-30,42040,2016-03-31,1,1144000000000,0.028,,,,,92000000000,0.073,91000000000,0.034,,55000000000,,110.03,,,,,,,,,,,,,,,,,,,,,,true,true,12,2015-04-01,2016-03-31,0
2015-07-30,42040,2015-03-31,1,,,,,,,,,,,,,,,,,,,,968011000000,535292000000,0.533,,516312000000,,,,,,,,,,,,true,false,12,2014-04-01,2015-03-31,-1
2015-07-30,42040,2015-03-31,1,,,,,,,,,,,,,,,,,,,,,,,,,,,,,27.00,,,,520507285,20926419,,false,false,12,2014-04-01,2015-03-31,-1
2015-07-30,42040,2016-03-31,1,,,,,,,,,,,,,,,,,,,,,,,,,,,,,28.00,,,,,,,false,true,12,2015-04-01,2016-03-31,0
2015-07-30,42040,2016-03-31,1,,,,,,,,,,,,,,,,,,,,,,,,,,,,,,,,,520507285,20661588,499713595,false,false,3,2015-04-01,2015-06-30,0
2015-07-30,42040,2015-03-31,1,,,,,,,,,,,,,,,,,,,,,,,,,,,,,,,,,,,509232277,false,false,3,2014-04-01,2014-06-30,-1
2015-10-29,42040,2016-03-31,2,538909000000,-0.013,,,,,38238000000,-0.085,39493000000,-0.139,,32792000000,,66.05,65.92,,,,,956806000000,541029000000,0.544,,520295000000,,,,,,,,,,,,true,false,6,2015-04-01,2015-09-30,0
2015-10-29,42040,2015-03-31,2,545921000000,0.024,,,,,41779000000,0.114,45865000000,0.176,,28927000000,,56.79,56.70,,,,,,,,,,,,,,,,,,,,,true,false,6,2014-04-01,2014-09-30,-1
2015-10-29,42040,2016-03-31,2,1120000000000,0.007,,,,,90000000000,0.049,89000000000,0.012,,58000000000,,118.85,,,,,,,,,,,,,,,,,,,,,,true,true,12,2015-04-01,2016-03-31,0
2015-10-29,42040,2015-03-31,2,,,,,,,,,,,,,,,,,,,,968011000000,535292000000,0.533,,516312000000,,,,,,,,,,,,true,false,12,2014-04-01,2015-03-31,-1
2015-10-29,42040,2015-03-31,2,,,,,,,,,,,,,,,,,,,,,,,,,,,,,27.00,,,,520507285,20926419,,false,false,12,2014-04-01,2015-03-31,-1
2015-10-29,42040,2016-03-31,2,,,,,,,,,,,,,,,,,,,,,,,,,,,,,14.00,,,,,,,false,false,12,2015-04-01,2016-03-31,0
2015-10-29,42040,2016-03-31,2,,,,,,,,,,,,,,,,,,,,,,,,,,,,,28.00,,,,,,,false,true,12,2015-04-01,2016-03-31,0
2015-10-29,42040,2016-03-31,2,,,,,,,,,,,,,,,,,,,,,,,,,,,,,,,,,520507285,32481393,496453214,false,false,6,2015-04-01,2015-09-30,0
2015-10-29,42040,2015-03-31,2,,,,,,,,,,,,,,,,,,,,,,,,,,,,,,,,,,,509407994,false,false,6,2014-04-01,2014-09-30,-1
2016-01-28,42040,2016-03-31,3,799670000000,-0.015,,,,,55399000000,-0.043,54354000000,-0.172,,40452000000,,81.94,81.79,,,,,982549000000,547473000000,0.536,,526156000000,,,,,,,,,,,,true,false,9,2015-04-01,2015-12-31,0
2016-01-28,42040,2015-03-31,3,811969000000,0.012,,,,,57876000000,0.059,65617000000,0.126,,43884000000,,86.36,86.19,,,,,,,,,,,,,,,,,,,,,true,false,9,2014-04-01,2014-12-31,-1
2016-01-28,42040,2016-03-31,3,1120000000000,0.007,,,,,90000000000,0.049,89000000000,0.012,,58000000000,,118.81,,,,,,,,,,,,,,,,,,,,,,true,true,12,2015-04-01,2016-03-31,0
2016-01-28,42040,2015-03-31,3,,,,,,,,,,,,,,,,,,,,968011000000,535292000000,0.533,,516312000000,,,,,,,,,,,,true,false,12,2014-04-01,2015-03-31,-1
2016-01-28,42040,2015-03-31,3,,,,,,,,,,,,,,,,,,,,,,,,,,,,,27.00,,,,520507285,20926419,,false,false,12,2014-04-01,2015-03-31,-1
2016-01-28,42040,2016-03-31,3,,,,,,,,,,,,,,,,,,,,,,,,,,,,,14.00,,,,,,,false,false,12,2015-04-01,2016-03-31,0
2016-01-28,42040,2016-03-31,3,,,,,,,,,,,,,,,,,,,,,,,,,,,,,28.00,,,,,,,false,true,12,2015-04-01,2016-03-31,0
2016-01-28,42040,2016-03-31,3,,,,,,,,,,,,,,,,,,,,,,,,,,,,,,,,,510507285,22335328,493652515,false,false,9,2015-04-01,2015-12-31,0
2016-01-28,42040,2015-03-31,3,,,,,,,,,,,,,,,,,,,,,,,,,,,,,,,,,,,508181760,false,false,9,2014-04-01,2014-12-31,-1
2016-04-27,42040,2016-03-31,,1096317000000,-0.015,,,,,89823000000,0.047,81213000000,-0.077,,56653000000,,115.08,114.88,0.109,0.085,0.082,,936043000000,544156000000,0.559,1071.24,523057000000,71389000000,-23715000000,-41726000000,67104000000,,0.261,,,,,,true,false,12,2015-04-01,2016-03-31,0
2016-04-27,42040,2015-03-31,,1112748000000,0.002,,,,,85764000000,0.039,87978000000,0.056,,52995000000,,104.73,104.55,0.109,0.091,0.077,,968011000000,535292000000,0.533,1033.49,516312000000,67760000000,4127000000,-63856000000,62780000000,,0.258,,,,,,true,false,12,2014-04-01,2015-03-31,-1
2016-04-27,42040,2017-03-31,,533000000000,-0.011,,,,,40000000000,0.046,38500000000,-0.025,,26000000000,,53.25,,,,,,,,,,,,,,,,,,,,,,true,true,6,2016-04-01,2016-09-30,1
2016-04-27,42040,2017-03-31,,1097000000000,0.001,,,,,94000000000,0.047,88000000000,0.084,,59000000000,,120.83,,,,,,,,,,,,,,,,0.265,,,,,,true,true,12,2016-04-01,2017-03-31,1
2016-04-27,42040,2016-03-31,,348513000000,-0.035,,,,,21199000000,-0.095,39059000000,0.037,36743000000,,0.316,74.58,74.45,,,,,560697000000,307282000000,0.547,627.84,306770000000,,,,,30.00,,,,510507285,22236633,492301991,false,false,12,2015-04-01,2016-03-31,0
2016-04-27,42040,2015-03-31,,361317000000,-0.042,,,,,23436000000,-0.027,37650000000,-0.100,27911000000,,0.423,55.12,55.03,,,,,554839000000,303535000000,0.546,606.33,303120000000,,,,,27.00,,,,520507285,20926419,506029895,false,false,12,2014-04-01,2015-03-31,-1
2016-04-27,42040,2017-03-31,,,,,,,,,,,,,,,,,,,,,,,,,,,,,,32.00,,,,,,,false,true,12,2016-04-01,2017-03-31,1
,42040,2016-03-31,,,,,,,,,,,,,,,,,,,,,,,,,,,,,,30.00,,,,,,,false,true,12,2015-04-01,2016-03-31,0
,42040,2016-03-31,,,,,,,,,,,,,,,,,,,,,,,,,,,,,,14.00,,,,,,,false,false,12,2015-04-01,2016-03-31,0
,42040,2015-03-31,,,,,,,,,,,,,,,,,,,,,,,,,,,,,,27.00,,,,,,,false,false,12,2014-04-01,2015-03-31,-1
2016-07-28,42040,2017-03-31,1,227774000000,-0.056,,,,,11198000000,0.338,6124000000,-0.388,,65000000,,0.13,0.13,,,,,913030000000,510996000000,0.538,,490864000000,,,,,,,,,,,,true,false,3,2016-04-01,2016-06-30,0
2016-07-28,42040,2016-03-31,1,241187000000,-0.057,,,,,8368000000,-0.472,10012000000,-0.370,,12560000000,,25.14,25.07,,,,,,,,,,,,,,,,,,,,,true,false,3,2015-04-01,2015-06-30,-1
2016-07-28,42040,2017-03-31,1,519000000000,-0.037,,,,,40000000000,0.046,36000000000,-0.088,,24000000000,,49.43,,,,,,,,,,,,,,,,,,,,,,true,true,6,2016-04-01,2016-09-30,0
2016-07-28,42040,2017-03-31,1,1097000000000,0.001,,,,,94000000000,0.047,88000000000,0.084,,59000000000,,121.52,,,,,,,,,,,,,,,,,,,,,,true,true,12,2016-04-01,2017-03-31,0
2016-07-28,42040,2016-03-31,1,,,,,,,,,,,,,,,,,,,,936043000000,544156000000,0.559,,523057000000,,,,,,,,,,,,true,false,12,2015-04-01,2016-03-31,-1
2016-07-28,42040,2016-03-31,1,,,,,,,,,,,,,,,,,,,,,,,,,,,,,30.00,,,,510507285,22236633,,false,false,12,2015-04-01,2016-03-31,-1
2016-07-28,42040,2017-03-31,1,,,,,,,,,,,,,,,,,,,,,,,,,,,,,32.00,,,,,,,false,true,12,2016-04-01,2017-03-31,0
2016-07-28,42040,2017-03-31,1,,,,,,,,,,,,,,,,,,,,,,,,,,,,,,,,,510507285,24974300,487579391,false,false,3,2016-04-01,2016-06-30,0
2016-07-28,42040,2016-03-31,1,,,,,,,,,,,,,,,,,,,,,,,,,,,,,,,,,,,499713595,false,false,3,2015-04-01,2015-06-30,-1
2016-10-27,42040,2017-03-31,2,517854000000,-0.039,,,,,43653000000,0.142,40015000000,0.013,,26073000000,,53.67,53.60,,,,,910674000000,526749000000,0.556,,506147000000,,,,,,,,,,,,true,false,6,2016-04-01,2016-09-30,0
2016-10-27,42040,2016-03-31,2,538909000000,-0.013,,,,,38238000000,-0.085,39493000000,-0.139,,32792000000,,66.05,65.92,,,,,,,,,,,,,,,,,,,,,true,false,6,2015-04-01,2015-09-30,-1
2016-10-27,42040,2017-03-31,2,1066000000000,-0.028,,,,,94000000000,0.047,88000000000,0.084,,59000000000,,122.49,,,,,,,,,,,,,,,,,,,,,,true,true,12,2016-04-01,2017-03-31,0
2016-10-27,42040,2016-03-31,2,,,,,,,,,,,,,,,,,,,,936043000000,544156000000,0.559,,523057000000,,,,,,,,,,,,true,false,12,2015-04-01,2016-03-31,-1
2016-10-27,42040,2016-03-31,2,,,,,,,,,,,,,,,,,,,,,,,,,,,,,30.00,,,,510507285,22236633,,false,false,12,2015-04-01,2016-03-31,-1
2016-10-27,42040,2017-03-31,2,,,,,,,,,,,,,,,,,,,,,,,,,,,,,16.00,,,,,,,false,false,12,2016-04-01,2017-03-31,0
2016-10-27,42040,2017-03-31,2,,,,,,,,,,,,,,,,,,,,,,,,,,,,,32.00,,,,,,,false,true,12,2016-04-01,2017-03-31,0
2016-10-27,42040,2017-03-31,2,,,,,,,,,,,,,,,,,,,,,,,,,,,,,,,,,510507285,28850664,485794357,false,false,6,2016-04-01,2016-09-30,0
2016-10-27,42040,2016-03-31,2,,,,,,,,,,,,,,,,,,,,,,,,,,,,,,,,,,,496453214,false,false,6,2015-04-01,2015-09-30,-1
2017-01-30,42040,2017-03-31,3,766224000000,-0.042,,,,,61514000000,0.110,63723000000,0.172,,39915000000,,82.51,82.40,,,,,942901000000,554331000000,0.565,,532605000000,,,,,,,,,,,,true,false,9,2016-04-01,2016-12-31,0
2017-01-30,42040,2016-03-31,3,799670000000,-0.015,,,,,55399000000,-0.043,54354000000,-0.172,,40452000000,,81.94,81.79,,,,,,,,,,,,,,,,,,,,,true,false,9,2015-04-01,2015-12-31,-1
2017-01-30,42040,2017-03-31,3,1067000000000,-0.027,,,,,96000000000,0.069,92000000000,0.133,,59000000000,,123.38,,,,,,,,,,,,,,,,,,,,,,true,true,12,2016-04-01,2017-03-31,0
2017-01-30,42040,2016-03-31,3,,,,,,,,,,,,,,,,,,,,936043000000,544156000000,0.559,,523057000000,,,,,,,,,,,,true,false,12,2015-04-01,2016-03-31,-1
2017-01-30,42040,2016-03-31,3,,,,,,,,,,,,,,,,,,,,,,,,,,,,,30.00,,,,510507285,22236633,,false,false,12,2015-04-01,2016-03-31,-1
2017-01-30,42040,2017-03-31,3,,,,,,,,,,,,,,,,,,,,,,,,,,,,,16.00,,,,,,,false,false,12,2016-04-01,2017-03-31,0
2017-01-30,42040,2017-03-31,3,,,,,,,,,,,,,,,,,,,,,,,,,,,,,32.00,,,,,,,false,true,12,2016-04-01,2017-03-31,0
2017-01-30,42040,2017-03-31,3,,,,,,,,,,,,,,,,,,,,,,,,,,,,,,,,,510507285,32302521,483767726,false,false,9,2016-04-01,2016-12-31,0
2017-01-30,42040,2016-03-31,3,,,,,,,,,,,,,,,,,,,,,,,,,,,,,,,,,,,493652515,false,false,9,2015-04-01,2015-12-31,-1
2017-04-27,42040,2017-03-31,,1065776000000,-0.028,,,,,96476000000,0.074,91513000000,0.127,,60850000000,,126.13,125.95,0.113,0.097,0.091,,943640000000,570549000000,0.582,1147.91,549344000000,108229000000,-44057000000,-39633000000,89856000000,,0.277,,,,,,true,false,12,2016-04-01,2017-03-31,0
2017-04-27,42040,2016-03-31,,1096317000000,-0.015,,,,,89823000000,0.047,81213000000,-0.077,,56653000000,,115.08,114.88,0.109,0.085,0.082,,936043000000,544156000000,0.559,1071.24,523057000000,71389000000,-23715000000,-41726000000,67104000000,,0.261,,,,,,true,false,12,2015-04-01,2016-03-31,-1
2017-04-27,42040,2018-03-31,,535000000000,0.033,,,,,44500000000,0.019,43500000000,0.087,,27000000000,,56.42,,,,,,,,,,,,,,,,,,,,,,true,true,6,2017-04-01,2017-09-30,1
2017-04-27,42040,2018-03-31,,1104000000000,0.036,,,,,102000000000,0.057,97000000000,0.060,,63000000000,,131.65,,,,,,,,,,,,,,,,0.289,,,,,,true,true,12,2017-04-01,2018-03-31,1
2017-04-27,42040,2017-03-31,,347483000000,-0.003,,,,,22738000000,0.073,33977000000,-0.130,25654000000,,-0.302,53.14,53.06,,,,,546373000000,301271000000,0.557,628.21,300852000000,,,,,35.00,,,,510507285,31948436,482442383,false,false,12,2016-04-01,2017-03-31,0
2017-04-27,42040,2016-03-31,,348513000000,-0.035,,,,,21199000000,-0.095,39059000000,0.037,36743000000,,0.316,74.58,74.45,,,,,560697000000,307282000000,0.547,627.84,306770000000,,,,,30.00,,,,510507285,22236633,492301991,false,false,12,2015-04-01,2016-03-31,-1
2017-04-27,42040,2018-03-31,,,,,,,,,,,,,,,,,,,,,,,,,,,,,,38.00,,,,,,,false,true,12,2017-04-01,2018-03-31,1
,42040,2017-03-31,,,,,,,,,,,,,,,,,,,,,,,,,,,,,,35.00,,,,,,,false,true,12,2016-04-01,2017-03-31,0
,42040,2017-03-31,,,,,,,,,,,,,,,,,,,,,,,,,,,,,,16.00,,,,,,,false,false,12,2016-04-01,2017-03-31,0
,42040,2016-03-31,,,,,,,,,,,,,,,,,,,,,,,,,,,,,,30.00,,,,,,,false,false,12,2015-04-01,2016-03-31,-1
2017-07-27,42040,2018-03-31,1,233938000000,0.027,,,,,12611000000,0.126,13981000000,1.283,,9911000000,,20.75,20.71,,,,,942841000000,573057000000,0.584,,550186000000,,,,,,,,,,,,true,false,3,2017-04-01,2017-06-30,0
2017-07-27,42040,2017-03-31,1,227774000000,-0.056,,,,,11198000000,0.338,6124000000,-0.388,,65000000,,0.13,0.13,,,,,,,,,,,,,,,,,,,,,true,false,3,2016-04-01,2016-06-30,-1
2017-07-27,42040,2018-03-31,1,535000000000,0.033,,,,,44500000000,0.019,43500000000,0.087,,28000000000,,59.13,,,,,,,,,,,,,,,,,,,,,,true,true,6,2017-04-01,2017-09-30,0
2017-07-27,42040,2018-03-31,1,1104000000000,0.036,,,,,102000000000,0.057,97000000000,0.060,,63000000000,,133.03,,,,,,,,,,,,,,,,,,,,,,true,true,12,2017-04-01,2018-03-31,0
2017-07-27,42040,2017-03-31,1,,,,,,,,,,,,,,,,,,,,943640000000,570549000000,0.582,,549344000000,,,,,,,,,,,,true,false,12,2016-04-01,2017-03-31,-1
2017-07-27,42040,2017-03-31,1,,,,,,,,,,,,,,,,,,,,,,,,,,,,,35.00,,,,510507285,31948436,,false,false,12,2016-04-01,2017-03-31,-1
2017-07-27,42040,2018-03-31,1,,,,,,,,,,,,,,,,,,,,,,,,,,,,,38.00,,,,,,,false,true,12,2017-04-01,2018-03-31,0
2017-07-27,42040,2018-03-31,1,,,,,,,,,,,,,,,,,,,,,,,,,,,,,,,,,500507285,26943655,477687261,false,false,3,2017-04-01,2017-06-30,0
2017-07-27,42040,2017-03-31,1,,,,,,,,,,,,,,,,,,,,,,,,,,,,,,,,,,,487579391,false,false,3,2016-04-01,2016-06-30,-1
2017-10-30,42040,2018-03-31,2,534136000000,0.031,,,,,46000000000,0.054,48603000000,0.215,,34206000000,,71.90,71.76,,,,,977460000000,603490000000,0.593,,579202000000,,,,,,,,,,,,true,false,6,2017-04-01,2017-09-30,0
2017-10-30,42040,2017-03-31,2,517854000000,-0.039,,,,,43653000000,0.142,40015000000,0.013,,26073000000,,53.67,53.60,,,,,,,,,,,,,,,,,,,,,true,false,6,2016-04-01,2016-09-30,-1
2017-10-30,42040,2018-03-31,2,1114000000000,0.045,,,,,102000000000,0.057,101000000000,0.104,,67000000000,,141.36,,,,,,,,,,,,,,,,,,,,,,true,true,12,2017-04-01,2018-03-31,0
2017-10-30,42040,2017-03-31,2,,,,,,,,,,,,,,,,,,,,943640000000,570549000000,0.582,,549344000000,,,,,,,,,,,,true,false,12,2016-04-01,2017-03-31,-1
2017-10-30,42040,2017-03-31,2,,,,,,,,,,,,,,,,,,,,,,,,,,,,,35.00,,,,510507285,31948436,,false,false,12,2016-04-01,2017-03-31,-1
2017-10-30,42040,2018-03-31,2,,,,,,,,,,,,,,,,,,,,,,,,,,,,,19.00,,,,,,,false,false,12,2017-04-01,2018-03-31,0
2017-10-30,42040,2018-03-31,2,,,,,,,,,,,,,,,,,,,,,,,,,,,,,38.00,,,,,,,false,true,12,2017-04-01,2018-03-31,0
2017-10-30,42040,2018-03-31,2,,,,,,,,,,,,,,,,,,,,,,,,,,,,,,,,,500507285,26542438,475748454,false,false,6,2017-04-01,2017-09-30,0
2017-10-30,42040,2017-03-31,2,,,,,,,,,,,,,,,,,,,,,,,,,,,,,,,,,,,485794357,false,false,6,2016-04-01,2016-09-30,-1
2018-01-30,42040,2018-03-31,3,791616000000,0.033,,,,,62416000000,0.015,64280000000,0.009,,44298000000,,93.27,93.10,,,,,1040248000000,611271000000,0.563,,585385000000,,,,,,,,,,,,true,false,9,2017-04-01,2017-12-31,0
2018-01-30,42040,2017-03-31,3,766224000000,-0.042,,,,,61514000000,0.110,63723000000,0.172,,39915000000,,82.51,82.40,,,,,,,,,,,,,,,,,,,,,true,false,9,2016-04-01,2016-12-31,-1
2018-01-30,42040,2018-03-31,3,1114000000000,0.045,,,,,102000000000,0.057,101000000000,0.104,,67000000000,,141.65,,,,,,,,,,,,,,,,,,,,,,true,true,12,2017-04-01,2018-03-31,0
2018-01-30,42040,2017-03-31,3,,,,,,,,,,,,,,,,,,,,943640000000,570549000000,0.582,,549344000000,,,,,,,,,,,,true,false,12,2016-04-01,2017-03-31,-1
2018-01-30,42040,2017-03-31,3,,,,,,,,,,,,,,,,,,,,,,,,,,,,,35.00,,,,510507285,31948436,,false,false,12,2016-04-01,2017-03-31,-1
2018-01-30,42040,2018-03-31,3,,,,,,,,,,,,,,,,,,,,,,,,,,,,,19.00,,,,,,,false,false,12,2017-04-01,2018-03-31,0
2018-01-30,42040,2018-03-31,3,,,,,,,,,,,,,,,,,,,,,,,,,,,,,38.00,,,,,,,false,true,12,2017-04-01,2018-03-31,0
2018-01-30,42040,2018-03-31,3,,,,,,,,,,,,,,,,,,,,,,,,,,,,,,,,,500507285,27497389,474945265,false,false,9,2017-04-01,2017-12-31,0
2018-01-30,42040,2017-03-31,3,,,,,,,,,,,,,,,,,,,,,,,,,,,,,,,,,,,483767726,false,false,9,2016-04-01,2016-12-31,-1
2018-04-26,42040,2018-03-31,,1107429000000,0.039,,,,,99231000000,0.029,93929000000,0.026,,63459000000,,133.80,133.58,0.112,0.097,0.090,,999114000000,612757000000,0.588,1245.91,587766000000,82272000000,-60881000000,-35981000000,76723000000,,0.299,,,,,,true,false,12,2017-04-01,2018-03-31,0
2018-04-26,42040,2017-03-31,,1065776000000,-0.028,,,,,96476000000,0.074,91513000000,0.127,,60850000000,,126.13,125.95,0.113,0.097,0.091,,943640000000,570549000000,0.582,1147.91,549344000000,108229000000,-44057000000,-39633000000,89856000000,,0.277,,,,,,true,false,12,2016-04-01,2017-03-31,-1
2018-04-26,42040,2019-03-31,,566000000000,0.060,,,,,44500000000,-0.033,45000000000,-0.074,,29500000000,,62.53,,,,,,,,,,,,,,,,,,,,,,true,true,6,2018-04-01,2018-09-30,1
2018-04-26,42040,2019-03-31,,1168000000000,0.055,,,,,102000000000,0.028,100000000000,0.065,,67000000000,,142.02,,,,,,,,,,,,,,,,0.296,,,,,,true,true,12,2018-04-01,2019-03-31,1
2018-04-26,42040,2018-03-31,,356785000000,0.027,,,,,24973000000,0.098,43192000000,0.271,37807000000,,0.474,79.66,79.53,,,,,596669000000,311286000000,0.521,658.79,311015000000,,,,,40.00,,,,500507285,28750482,474280098,false,false,12,2017-04-01,2018-03-31,0
2018-04-26,42040,2017-03-31,,347483000000,-0.003,,,,,22738000000,0.073,33977000000,-0.130,25654000000,,-0.302,53.14,53.06,,,,,546373000000,301271000000,0.557,628.21,300852000000,,,,,35.00,,,,510507285,31948436,482442383,false,false,12,2016-04-01,2017-03-31,-1
2018-04-26,42040,2019-03-31,,,,,,,,,,,,,,,,,,,,,,,,,,,,,,42.00,,,,,,,false,true,12,2018-04-01,2019-03-31,1
,42040,2018-03-31,,,,,,,,,,,,,,,,,,,,,,,,,,,,,,40.00,,,,,,,false,true,12,2017-04-01,2018-03-31,0
,42040,2018-03-31,,,,,,,,,,,,,,,,,,,,,,,,,,,,,,19.00,,,,,,,false,false,12,2017-04-01,2018-03-31,0
,42040,2017-03-31,,,,,,,,,,,,,,,,,,,,,,,,,,,,,,35.00,,,,,,,false,false,12,2016-04-01,2017-03-31,-1
2018-07-30,42040,2019-03-31,1,241887000000,0.034,,,,,9425000000,-0.253,11682000000,-0.164,,7602000000,,16.16,16.15,,,,,1017762000000,596472000000,0.562,,572061000000,,,,,,,,,,,,true,false,3,2018-04-01,2018-06-30,0
2018-07-30,42040,2018-03-31,1,233938000000,0.027,,,,,12611000000,0.126,13981000000,1.283,,9911000000,,20.75,20.71,,,,,,,,,,,,,,,,,,,,,true,false,3,2017-04-01,2017-06-30,-1
2018-07-30,42040,2019-03-31,1,566000000000,0.060,,,,,44500000000,-0.033,45000000000,-0.074,,29500000000,,63.46,,,,,,,,,,,,,,,,,,,,,,true,true,6,2018-04-01,2018-09-30,0
2018-07-30,42040,2019-03-31,1,1168000000000,0.055,,,,,102000000000,0.028,100000000000,0.065,,67000000000,,144.12,,,,,,,,,,,,,,,,,,,,,,true,true,12,2018-04-01,2019-03-31,0
2018-07-30,42040,2018-03-31,1,,,,,,,,,,,,,,,,,,,,994137000000,612757000000,0.591,,587766000000,,,,,,,,,,,,true,false,12,2017-04-01,2018-03-31,-1
2018-07-30,42040,2018-03-31,1,,,,,,,,,,,,,,,,,,,,,,,,,,,,,40.00,,,,500507285,28750482,,false,false,12,2017-04-01,2018-03-31,-1
2018-07-30,42040,2019-03-31,1,,,,,,,,,,,,,,,,,,,,,,,,,,,,,42.00,,,,,,,false,true,12,2018-04-01,2019-03-31,0
2018-07-30,42040,2019-03-31,1,,,,,,,,,,,,,,,,,,,,,,,,,,,,,,,,,492507285,27619942,470412628,false,false,3,2018-04-01,2018-06-30,0
2018-07-30,42040,2018-03-31,1,,,,,,,,,,,,,,,,,,,,,,,,,,,,,,,,,,,477687261,false,false,3,2017-04-01,2017-06-30,-1
2018-10-29,42040,2019-03-31,2,554911000000,0.039,,,,,42165000000,-0.083,45860000000,-0.056,,32572000000,,69.64,69.58,,,,,1018036000000,621789000000,0.586,,596488000000,,,,,,,,,,,,true,false,6,2018-04-01,2018-09-30,0
2018-10-29,42040,2018-03-31,2,534136000000,0.031,,,,,46000000000,0.054,48603000000,0.215,,34206000000,,71.90,71.76,,,,,,,,,,,,,,,,,,,,,true,false,6,2017-04-01,2017-09-30,-1
2018-10-29,42040,2019-03-31,2,1163000000000,0.050,,,,,102000000000,0.028,100000000000,0.065,,67000000000,,144.04,,,,,,,,,,,,,,,,,,,,,,true,true,12,2018-04-01,2019-03-31,0
2018-10-29,42040,2018-03-31,2,,,,,,,,,,,,,,,,,,,,994137000000,612757000000,0.591,,587766000000,,,,,,,,,,,,true,false,12,2017-04-01,2018-03-31,-1
2018-10-29,42040,2018-03-31,2,,,,,,,,,,,,,,,,,,,,,,,,,,,,,40.00,,,,500507285,28750482,,false,false,12,2017-04-01,2018-03-31,-1
2018-10-29,42040,2019-03-31,2,,,,,,,,,,,,,,,,,,,,,,,,,,,,,21.00,,,,,,,false,false,12,2018-04-01,2019-03-31,0
2018-10-29,42040,2019-03-31,2,,,,,,,,,,,,,,,,,,,,,,,,,,,,,42.00,,,,,,,false,true,12,2018-04-01,2019-03-31,0
2018-10-29,42040,2019-03-31,2,,,,,,,,,,,,,,,,,,,,,,,,,,,,,,,,,492507285,27367451,467723030,false,false,6,2018-04-01,2018-09-30,0
2018-10-29,42040,2018-03-31,2,,,,,,,,,,,,,,,,,,,,,,,,,,,,,,,,,,,475748454,false,false,6,2017-04-01,2017-09-30,-1
2019-01-30,42040,2019-03-31,3,829036000000,0.047,,,,,59519000000,-0.046,59322000000,-0.077,,41999000000,,89.96,89.89,,,,,1024286000000,605842000000,0.567,,580474000000,,,,,,,,,,,,true,false,9,2018-04-01,2018-12-31,0
2019-01-30,42040,2018-03-31,3,791616000000,0.033,,,,,62416000000,0.015,64280000000,0.009,,44298000000,,93.27,93.10,,,,,,,,,,,,,,,,,,,,,true,false,9,2017-04-01,2017-12-31,-1
2019-01-30,42040,2019-03-31,3,1161000000000,0.048,,,,,100000000000,0.008,98000000000,0.043,,67000000000,,144.03,,,,,,,,,,,,,,,,,,,,,,true,true,12,2018-04-01,2019-03-31,0
2019-01-30,42040,2018-03-31,3,,,,,,,,,,,,,,,,,,,,994137000000,612757000000,0.591,,587766000000,,,,,,,,,,,,true,false,12,2017-04-01,2018-03-31,-1
2019-01-30,42040,2018-03-31,3,,,,,,,,,,,,,,,,,,,,,,,,,,,,,40.00,,,,500507285,28750482,,false,false,12,2017-04-01,2018-03-31,-1
2019-01-30,42040,2019-03-31,3,,,,,,,,,,,,,,,,,,,,,,,,,,,,,21.00,,,,,,,false,false,12,2018-04-01,2019-03-31,0
2019-01-30,42040,2019-03-31,3,,,,,,,,,,,,,,,,,,,,,,,,,,,,,42.00,,,,,,,false,true,12,2018-04-01,2019-03-31,0
2019-01-30,42040,2019-03-31,3,,,,,,,,,,,,,,,,,,,,,,,,,,,,,,,,,492507285,27318924,466865817,false,false,9,2018-04-01,2018-12-31,0
2019-01-30,42040,2018-03-31,3,,,,,,,,,,,,,,,,,,,,,,,,,,,,,,,,,,,474945265,false,false,9,2017-04-01,2017-12-31,-1
2019-04-25,42040,2019-03-31,,1142713000000,0.032,,,,,95686000000,-0.036,93146000000,-0.008,,66093000000,,141.74,141.64,0.111,0.092,0.084,,1023706000000,632746000000,0.593,1307.75,607123000000,85213000000,-62553000000,-31539000000,68613000000,,0.310,,,,,,true,false,12,2018-04-01,2019-03-31,0
2019-04-25,42040,2018-03-31,,1107429000000,0.039,,,,,99231000000,0.029,93929000000,0.026,,63459000000,,133.80,133.58,0.112,0.097,0.090,,994137000000,612757000000,0.591,1245.91,587766000000,82272000000,-60881000000,-35981000000,76723000000,,0.299,,,,,,true,false,12,2017-04-01,2018-03-31,-1
2019-04-25,42040,2020-03-31,,569000000000,0.025,,,,,43000000000,0.020,43000000000,-0.062,,29000000000,,62.47,,,,,,,,,,,,,,,,,,,,,,true,true,6,2019-04-01,2019-09-30,1
2019-04-25,42040,2020-03-31,,1175000000000,0.028,,,,,103000000000,0.076,100000000000,0.074,,69000000000,,148.63,,,,,,,,,,,,,,,,0.310,,,,,,true,true,12,2019-04-01,2020-03-31,1
2019-04-25,42040,2019-03-31,,359993000000,0.009,,,,,20901000000,-0.163,42395000000,-0.018,38454000000,,0.017,82.41,82.35,,,,,593435000000,307021000000,0.517,660.50,306864000000,,,,,44.00,,,,492507285,28256058,466299392,false,false,12,2018-04-01,2019-03-31,0
2019-04-25,42040,2018-03-31,,356785000000,0.027,,,,,24973000000,0.098,43192000000,0.271,37807000000,,0.474,79.66,79.53,,,,,592484000000,311286000000,0.525,658.79,311015000000,,,,,40.00,,,,500507285,28750482,474280098,false,false,12,2017-04-01,2018-03-31,-1
2019-04-25,42040,2020-03-31,,,,,,,,,,,,,,,,,,,,,,,,,,,,,,46.00,,,,,,,false,true,12,2019-04-01,2020-03-31,1
,42040,2019-03-31,,,,,,,,,,,,,,,,,,,,,,,,,,,,,,44.00,,,,,,,false,true,12,2018-04-01,2019-03-31,0
,42040,2019-03-31,,,,,,,,,,,,,,,,,,,,,,,,,,,,,,21.00,,,,,,,false,false,12,2018-04-01,2019-03-31,0
,42040,2018-03-31,,,,,,,,,,,,,,,,,,,,,,,,,,,,,,40.00,,,,,,,false,false,12,2017-04-01,2018-03-31,-1
2019-07-30,42040,2020-03-31,1,249655000000,0.032,,,,,10829000000,0.149,11372000000,-0.027,,2951000000,,6.37,6.37,,,,,1025263000000,613836000000,0.574,,588417000000,,,,,,,,,,,,true,false,3,2019-04-01,2019-06-30,0
2019-07-30,42040,2019-03-31,1,241887000000,0.034,,,,,9425000000,-0.253,11682000000,-0.164,,7602000000,,16.16,16.15,,,,,,,,,,,,,,,,,,,,,true,false,3,2018-04-01,2018-06-30,-1
2019-07-30,42040,2020-03-31,1,564000000000,0.016,,,,,43000000000,0.020,43000000000,-0.062,,29000000000,,62.71,,,,,,,,,,,,,,,,,,,,,,true,true,6,2019-04-01,2019-09-30,0
2019-07-30,42040,2020-03-31,1,1175000000000,0.028,,,,,103000000000,0.076,100000000000,0.074,,69000000000,,149.21,,,,,,,,,,,,,,,,,,,,,,true,true,12,2019-04-01,2020-03-31,0
2019-07-30,42040,2019-03-31,1,,,,,,,,,,,,,,,,,,,,1023706000000,632746000000,0.593,,607123000000,,,,,,,,,,,,true,false,12,2018-04-01,2019-03-31,-1
2019-07-30,42040,2019-03-31,1,,,,,,,,,,,,,,,,,,,,,,,,,,,,,44.00,,,,492507285,28256058,,false,false,12,2018-04-01,2019-03-31,-1
2019-07-30,42040,2020-03-31,1,,,,,,,,,,,,,,,,,,,,,,,,,,,,,46.00,,,,,,,false,true,12,2019-04-01,2020-03-31,0
2019-07-30,42040,2020-03-31,1,,,,,,,,,,,,,,,,,,,,,,,,,,,,,,,,,484507285,22058235,463389925,false,false,3,2019-04-01,2019-06-30,0
2019-07-30,42040,2019-03-31,1,,,,,,,,,,,,,,,,,,,,,,,,,,,,,,,,,,,470412628,false,false,3,2018-04-01,2018-06-30,-1
2019-10-30,42040,2020-03-31,2,556515000000,0.003,,,,,41497000000,-0.016,42122000000,-0.082,,29633000000,,64.17,64.15,,,,,1060004000000,636962000000,0.578,,612345000000,,,,,,,,,,,,true,false,6,2019-04-01,2019-09-30,0
2019-10-30,42040,2019-03-31,2,554911000000,0.039,,,,,42165000000,-0.083,45860000000,-0.056,,32572000000,,69.64,69.58,,,,,,,,,,,,,,,,,,,,,true,false,6,2018-04-01,2018-09-30,-1
2019-10-30,42040,2020-03-31,2,1150000000000,0.006,,,,,100000000000,0.045,97000000000,0.041,,67000000000,,146.09,,,,,,,,,,,,,,,,,,,,,,true,true,12,2019-04-01,2020-03-31,0
2019-10-30,42040,2019-03-31,2,,,,,,,,,,,,,,,,,,,,1023706000000,632746000000,0.593,,607123000000,,,,,,,,,,,,true,false,12,2018-04-01,2019-03-31,-1
2019-10-30,42040,2019-03-31,2,,,,,,,,,,,,,,,,,,,,,,,,,,,,,44.00,,,,492507285,28256058,,false,false,12,2018-04-01,2019-03-31,-1
2019-10-30,42040,2020-03-31,2,,,,,,,,,,,,,,,,,,,,,,,,,,,,,23.00,,,,,,,false,false,12,2019-04-01,2020-03-31,0
2019-10-30,42040,2020-03-31,2,,,,,,,,,,,,,,,,,,,,,,,,,,,,,46.00,,,,,,,false,true,12,2019-04-01,2020-03-31,0
2019-10-30,42040,2020-03-31,2,,,,,,,,,,,,,,,,,,,,,,,,,,,,,,,,,484507285,25885212,461813518,false,false,6,2019-04-01,2019-09-30,0
2019-10-30,42040,2019-03-31,2,,,,,,,,,,,,,,,,,,,,,,,,,,,,,,,,,,,467723030,false,false,6,2018-04-01,2018-09-30,-1
2020-01-30,42040,2020-03-31,3,823307000000,-0.007,,,,,58197000000,-0.022,59534000000,0.004,,40090000000,,87.08,87.06,,,,,1132445000000,648563000000,0.550,,622855000000,,,,,,,,,,,,true,false,9,2019-04-01,2019-12-31,0
2020-01-30,42040,2019-03-31,3,829036000000,0.047,,,,,59519000000,-0.046,59322000000,-0.077,,41999000000,,89.96,89.89,,,,,,,,,,,,,,,,,,,,,true,false,9,2018-04-01,2018-12-31,-1
2020-01-30,42040,2020-03-31,3,1150000000000,0.006,,,,,97000000000,0.014,97000000000,0.041,,67000000000,,146.69,,,,,,,,,,,,,,,,,,,,,,true,true,12,2019-04-01,2020-03-31,0
2020-01-30,42040,2019-03-31,3,,,,,,,,,,,,,,,,,,,,1023706000000,632746000000,0.593,,607123000000,,,,,,,,,,,,true,false,12,2018-04-01,2019-03-31,-1
2020-01-30,42040,2019-03-31,3,,,,,,,,,,,,,,,,,,,,,,,,,,,,,44.00,,,,492507285,28256058,,false,false,12,2018-04-01,2019-03-31,-1
2020-01-30,42040,2020-03-31,3,,,,,,,,,,,,,,,,,,,,,,,,,,,,,23.00,,,,,,,false,false,12,2019-04-01,2020-03-31,0
2020-01-30,42040,2020-03-31,3,,,,,,,,,,,,,,,,,,,,,,,,,,,,,46.00,,,,,,,false,true,12,2019-04-01,2020-03-31,0
2020-01-30,42040,2020-03-31,3,,,,,,,,,,,,,,,,,,,,,,,,,,,,,,,,,484507285,27771317,460394749,false,false,9,2019-04-01,2019-12-31,0
2020-01-30,42040,2019-03-31,3,,,,,,,,,,,,,,,,,,,,,,,,,,,,,,,,,,,466865817,false,false,9,2018-04-01,2018-12-31,-1
2020-04-27,42040,2020-03-31,,1129254000000,-0.012,,,,,87768000000,-0.083,86996000000,-0.066,,58931000000,,128.25,128.23,0.097,0.082,0.078,,1102352000000,634275000000,0.553,1333.88,609309000000,92647000000,-100562000000,15450000000,74721000000,,0.359,,,,,,true,false,12,2019-04-01,2020-03-31,0
2020-04-27,42040,2019-03-31,,1142713000000,0.032,,,,,95686000000,-0.036,93146000000,-0.008,,66093000000,,141.74,141.64,0.111,0.092,0.084,,1023706000000,632746000000,0.593,1307.75,607123000000,85213000000,-62553000000,-31539000000,68613000000,,0.310,,,,,,true,false,12,2018-04-01,2019-03-31,-1
2020-04-27,42040,2021-03-31,,505600000000,-0.091,,,,,14700000000,-0.646,15400000000,-0.634,6900000000,,-0.767,15.11,,,,,,,,,,,,,,,,,,,,,,true,true,6,2020-04-01,2020-09-30,1
2020-04-27,42040,2021-03-31,,1107400000000,-0.019,,,,,70000000000,-0.202,69000000000,-0.207,43500000000,,-0.262,95.23,,,,,,,,,,,,,,,,0.494,,,,,,true,true,12,2020-04-01,2021-03-31,1
2020-04-27,42040,2020-03-31,,354633000000,-0.015,,,,,19634000000,-0.061,42995000000,0.014,33484000000,,-0.129,72.82,72.80,,,,,646079000000,299612000000,0.464,655.27,299548000000,,,,,46.00,,,,484507285,27712523,459494651,false,false,12,2019-04-01,2020-03-31,0
2020-04-27,42040,2019-03-31,,359993000000,0.009,,,,,20901000000,-0.163,42395000000,-0.018,38454000000,,0.017,82.41,82.35,,,,,593435000000,307021000000,0.517,660.50,306864000000,,,,,44.00,,,,492507285,28256058,466299392,false,false,12,2018-04-01,2019-03-31,-1
2020-04-27,42040,2021-03-31,,,,,,,,,,,,,,,,,,,,,,,,,,,,,,47.00,,,,,,,false,true,12,2020-04-01,2021-03-31,1
2020-07-30,42040,2021-03-31,1,214751000000,-0.140,,,,,1352000000,-0.875,756000000,-0.933,,-526000000,,-1.16,,,,,,1111076000000,634738000000,0.546,,606956000000,,,,,,,,,,,,true,false,3,2020-04-01,2020-06-30,0
2020-07-30,42040,2020-03-31,1,249655000000,0.032,,,,,10829000000,0.149,11372000000,-0.027,,2951000000,,6.37,6.37,,,,,,,,,,,,,,,,,,,,,true,false,3,2019-04-01,2019-06-30,-1
2020-07-30,42040,2021-03-31,1,488000000000,-0.123,,,,,14700000000,-0.646,15400000000,-0.634,,6900000000,,15.17,,,,,,,,,,,,,,,,,,,,,,true,true,6,2020-04-01,2020-09-30,0
2020-07-30,42040,2021-03-31,1,1107400000000,-0.019,,,,,70000000000,-0.202,69000000000,-0.207,,43500000000,,95.66,,,,,,,,,,,,,,,,,,,,,,true,true,12,2020-04-01,2021-03-31,0
2020-07-30,42040,2020-03-31,1,,,,,,,,,,,,,,,,,,,,1102352000000,634275000000,0.553,,609309000000,,,,,,,,,,,,true,false,12,2019-04-01,2020-03-31,-1
2020-07-30,42040,2020-03-31,1,,,,,,,,,,,,,,,,,,,,,,,,,,,,,46.00,,,,484507285,27712523,,false,false,12,2019-04-01,2020-03-31,-1
2020-07-30,42040,2021-03-31,1,,,,,,,,,,,,,,,,,,,,,,,,,,,,,47.00,,,,,,,false,true,12,2020-04-01,2021-03-31,0
2020-07-30,42040,2021-03-31,1,,,,,,,,,,,,,,,,,,,,,,,,,,,,,,,,,476507285,21784548,455715777,false,false,3,2020-04-01,2020-06-30,0
2020-07-30,42040,2020-03-31,1,,,,,,,,,,,,,,,,,,,,,,,,,,,,,,,,,,,463389925,false,false,3,2019-04-01,2019-06-30,-1
2020-10-26,42040,2021-03-31,,490000000000,0.004,,,,,22100000000,0.503,20400000000,0.325,,12600000000,,27.73,,,,,,,,,,,,,,,,,,,,,,true,true,6,2020-04-01,2020-09-30,0
2020-10-26,42040,2020-03-31,,556515000000,,,,,,41497000000,,42122000000,,,29633000000,,64.17,,,,,,,,,,,,,,,,,,,,,,true,false,6,2019-04-01,2019-09-30,-1
2020-10-26,42040,2021-03-31,,1053600000000,-0.049,,,,,70000000000,0.000,69000000000,0.000,,43500000000,,96.27,,,,,,,,,,,,,,,,,,,,,,true,true,12,2020-04-01,2021-03-31,0
2020-10-26,42040,2020-03-31,,1129254000000,,,,,,87768000000,,86996000000,,,58931000000,,128.25,,,,,,,,,,,,,,,,,,,,,,true,false,12,2019-04-01,2020-03-31,-1
2020-10-29,42040,2021-03-31,2,490041000000,-0.119,,,,,22149000000,-0.466,20417000000,-0.515,,12690000000,,27.93,,,,,,1108936000000,639839000000,0.554,,614230000000,,,,,,,,,,,,true,false,6,2020-04-01,2020-09-30,0
2020-10-29,42040,2020-03-31,2,556515000000,0.003,,,,,41497000000,-0.016,42122000000,-0.082,,29633000000,,64.17,64.15,,,,,,,,,,,,,,,,,,,,,true,false,6,2019-04-01,2019-09-30,-1
2020-10-29,42040,2021-03-31,2,1053600000000,-0.067,,,,,70000000000,-0.202,69000000000,-0.207,,43500000000,,96.27,,,,,,,,,,,,,,,,,,,,,,true,true,12,2020-04-01,2021-03-31,0
2020-10-29,42040,2020-03-31,2,,,,,,,,,,,,,,,,,,,,1102352000000,634275000000,0.553,,609309000000,,,,,,,,,,,,true,false,12,2019-04-01,2020-03-31,-1
2020-10-29,42040,2020-03-31,2,,,,,,,,,,,,,,,,,,,,,,,,,,,,,46.00,,,,484507285,27712523,,false,false,12,2019-04-01,2020-03-31,-1
2020-10-29,42040,2021-03-31,2,,,,,,,,,,,,,,,,,,,,,,,,,,,,,23.00,,,,,,,false,false,12,2020-04-01,2021-03-31,0
2020-10-29,42040,2021-03-31,2,,,,,,,,,,,,,,,,,,,,,,,,,,,,,47.00,,,,,,,false,true,12,2020-04-01,2021-03-31,0
2020-10-29,42040,2021-03-31,2,,,,,,,,,,,,,,,,,,,,,,,,,,,,,,,,,476507285,24662986,454307115,false,false,6,2020-04-01,2020-09-30,0
2020-10-29,42040,2020-03-31,2,,,,,,,,,,,,,,,,,,,,,,,,,,,,,,,,,,,461813518,false,false,6,2019-04-01,2019-09-30,-1
2021-01-28,42040,2021-03-31,3,756422000000,-0.081,,,,,39876000000,-0.315,33830000000,-0.432,,20656000000,,45.60,,,,,,1142374000000,642207000000,0.539,,615812000000,,,,,,,,,,,,true,false,9,2020-04-01,2020-12-31,0
2021-01-28,42040,2020-03-31,3,823307000000,-0.007,,,,,58197000000,-0.022,59534000000,0.004,,40090000000,,87.08,87.06,,,,,,,,,,,,,,,,,,,,,true,false,9,2019-04-01,2019-12-31,-1
2021-01-28,42040,2021-03-31,3,1057400000000,-0.064,,,,,70000000000,-0.204,63000000000,-0.278,,43500000000,,96.90,,,,,,,,,,,,,,,,,,,,,,true,true,12,2020-04-01,2021-03-31,0
2021-01-28,42040,2020-03-31,3,,,,,,,,,,,,,,,,,,,,1105781000000,634219000000,0.551,,609253000000,,,,,,,,,,,,true,false,12,2019-04-01,2020-03-31,-1
2021-01-28,42040,2020-03-31,3,,,,,,,,,,,,,,,,,,,,,,,,,,,,,46.00,,,,484507285,27712523,,false,false,12,2019-04-01,2020-03-31,-1
2021-01-28,42040,2021-03-31,3,,,,,,,,,,,,,,,,,,,,,,,,,,,,,23.00,,,,,,,false,false,12,2020-04-01,2021-03-31,0
2021-01-28,42040,2021-03-31,3,,,,,,,,,,,,,,,,,,,,,,,,,,,,,47.00,,,,,,,false,true,12,2020-04-01,2021-03-31,0
2021-01-28,42040,2021-03-31,3,,,,,,,,,,,,,,,,,,,,,,,,,,,,,,,,,476507285,27570752,452954646,false,false,9,2020-04-01,2020-12-31,0
2021-01-28,42040,2020-03-31,3,,,,,,,,,,,,,,,,,,,,,,,,,,,,,,,,,,,460394749,false,false,9,2019-04-01,2019-12-31,-1
2021-04-27,42040,2021-03-31,,1056560000000,-0.064,,,,,67300000000,-0.235,62649000000,-0.282,,41544000000,,91.92,,0.065,0.056,0.064,,1150143000000,694392000000,0.580,1485.89,667066000000,75271000000,-58495000000,-19157000000,76649000000,,0.511,,,,,,true,false,12,2020-04-01,2021-03-31,0
2021-04-27,42040,2020-03-31,,1129254000000,-0.012,,,,,87974000000,-0.081,87202000000,-0.064,,59181000000,,128.80,128.77,0.097,0.082,0.078,,1105781000000,634219000000,0.551,1333.76,609253000000,92647000000,-100562000000,15450000000,74721000000,,0.357,,,,,,true,false,12,2019-04-01,2020-03-31,-1
2021-04-27,42040,2022-03-31,,539700000000,0.101,,,,,31700000000,0.415,33200000000,0.606,25900000000,,0.987,57.69,,,,,,,,,,,,,,,,,,,,,,true,true,6,2021-04-01,2021-09-30,1
2021-04-27,42040,2022-03-31,,1132600000000,0.072,,,,,86000000000,0.278,86000000000,0.373,60000000000,,0.444,133.65,,,,,,,,,,,,,,,,0.367,,,,,,true,true,12,2021-04-01,2022-03-31,1
2021-04-27,42040,2021-03-31,,333064000000,-0.061,,,,,17924000000,-0.087,47074000000,0.095,41210000000,,0.231,91.11,,,,,,690848000000,330410000000,0.478,735.43,330410000000,,,,,47.00,,,,476507285,27573735,451961766,false,false,12,2020-04-01,2021-03-31,0
2021-04-27,42040,2020-03-31,,354633000000,-0.015,,,,,19634000000,-0.061,42995000000,0.014,33484000000,,-0.129,72.82,72.80,,,,,646079000000,299612000000,0.464,655.27,299548000000,,,,,46.00,,,,484507285,27712523,459494651,false,false,12,2019-04-01,2020-03-31,-1
2021-04-27,42040,2022-03-31,,,,,,,,,,,,,,,,,,,,,,,,,,,,,,49.00,,,,,,,false,true,12,2021-04-01,2022-03-31,1
2021-07-29,42040,2022-03-31,1,248596000000,0.158,,,,,11120000000,6.507,13051000000,,,12533000000,,28.02,,,,,,1137952000000,685742000000,0.579,,658441000000,,,,,,,,,,,,true,false,3,2021-04-01,2021-06-30,0
2021-07-29,42040,2021-03-31,1,214751000000,-0.140,,,,,1481000000,-0.863,885000000,-0.922,,-353000000,,-0.78,,,,,,,,,,,,,,,,,,,,,,true,false,3,2020-04-01,2020-06-30,-1
2021-07-29,42040,2022-03-31,1,548300000000,0.119,,,,,31700000000,0.415,33200000000,0.606,,25900000000,,58.08,,,,,,,,,,,,,,,,,,,,,,true,true,6,2021-04-01,2021-09-30,0
2021-07-29,42040,2022-03-31,1,1132600000000,0.072,,,,,86000000000,0.278,86000000000,0.373,,60000000000,,134.55,,,,,,,,,,,,,,,,,,,,,,true,true,12,2021-04-01,2022-03-31,0
2021-07-29,42040,2021-03-31,1,,,,,,,,,,,,,,,,,,,,1150143000000,694392000000,0.580,,667066000000,,,,,,,,,,,,true,false,12,2020-04-01,2021-03-31,-1
2021-07-29,42040,2021-03-31,1,,,,,,,,,,,,,,,,,,,,,,,,,,,,,47.00,,,,476507285,27573735,,false,false,12,2020-04-01,2021-03-31,-1
2021-07-29,42040,2022-03-31,1,,,,,,,,,,,,,,,,,,,,,,,,,,,,,49.00,,,,,,,false,true,12,2021-04-01,2022-03-31,0
2021-07-29,42040,2022-03-31,1,,,,,,,,,,,,,,,,,,,,,,,,,,,,,,,,,471507285,25567630,447357504,false,false,3,2021-04-01,2021-06-30,0
2021-07-29,42040,2021-03-31,1,,,,,,,,,,,,,,,,,,,,,,,,,,,,,,,,,,,455715777,false,false,3,2020-04-01,2020-06-30,-1
2021-10-25,42040,2022-03-31,,547900000000,-0.001,,,,,35500000000,0.120,40900000000,0.232,,-3900000000,,-8.76,,,,,,,,,,,,,,,,,,,,,,true,true,6,2021-04-01,2021-09-30,0
2021-10-25,42040,2021-03-31,,490041000000,,,,,,22403000000,,20671000000,,,13032000000,,28.69,,,,,,,,,,,,,,,,,,,,,,true,false,6,2020-04-01,2020-09-30,-1
2021-10-28,42040,2022-03-31,2,547942000000,0.118,,,,,35520000000,0.585,40968000000,0.982,,-3914000000,,-8.76,,,,,,1120775000000,657147000000,0.563,,630899000000,,,,,,,,,,,,true,false,6,2021-04-01,2021-09-30,0
2021-10-28,42040,2021-03-31,2,490041000000,-0.119,,,,,22403000000,-0.460,20671000000,-0.509,,13032000000,,28.69,,,,,,,,,,,,,,,,,,,,,,true,false,6,2020-04-01,2020-09-30,-1
2021-10-28,42040,2022-03-31,2,1155500000000,0.094,,,,,90000000000,0.337,94000000000,0.500,,34000000000,,76.22,,,,,,,,,,,,,,,,,,,,,,true,true,12,2021-04-01,2022-03-31,0
2021-10-28,42040,2021-03-31,2,,,,,,,,,,,,,,,,,,,,1150143000000,694392000000,0.580,,667066000000,,,,,,,,,,,,true,false,12,2020-04-01,2021-03-31,-1
2021-10-28,42040,2021-03-31,2,,,,,,,,,,,,,,,,,,,,,,,,,,,,,47.00,,,,476507285,27573735,,false,false,12,2020-04-01,2021-03-31,-1
2021-10-28,42040,2022-03-31,2,,,,,,,,,,,,,,,,,,,,,,,,,,,,,24.00,,,,,,,false,false,12,2021-04-01,2022-03-31,0
2021-10-28,42040,2022-03-31,2,,,,,,,,,,,,,,,,,,,,,,,,,,,,,49.00,,,,,,,false,true,12,2021-04-01,2022-03-31,0
2021-10-28,42040,2022-03-31,2,,,,,,,,,,,,,,,,,,,,,,,,,,,,,,,,,471507285,25430277,446967105,false,false,6,2021-04-01,2021-09-30,0
2021-10-28,42040,2021-03-31,2,,,,,,,,,,,,,,,,,,,,,,,,,,,,,,,,,,,454307115,false,false,6,2020-04-01,2020-09-30,-1
2022-01-31,42040,2022-03-31,3,838651000000,0.109,,,,,57453000000,0.441,62800000000,0.856,,12734000000,,28.54,,,,,,1135237000000,667849000000,0.564,,640818000000,,,,,,,,,,,,true,false,9,2021-04-01,2021-12-31,0
2022-01-31,42040,2021-03-31,3,756422000000,-0.081,,,,,39876000000,-0.315,33830000000,-0.432,,20656000000,,45.60,,,,,,,,,,,,,,,,,,,,,,true,false,9,2020-04-01,2020-12-31,-1
2022-01-31,42040,2022-03-31,3,1164100000000,0.102,,,,,90000000000,0.337,94000000000,0.500,,34000000000,,76.56,,,,,,,,,,,,,,,,,,,,,,true,true,12,2021-04-01,2022-03-31,0
2022-01-31,42040,2021-03-31,3,,,,,,,,,,,,,,,,,,,,1150143000000,694392000000,0.580,,667066000000,,,,,,,,,,,,true,false,12,2020-04-01,2021-03-31,-1
2022-01-31,42040,2021-03-31,3,,,,,,,,,,,,,,,,,,,,,,,,,,,,,47.00,,,,476507285,27573735,,false,false,12,2020-04-01,2021-03-31,-1
2022-01-31,42040,2022-03-31,3,,,,,,,,,,,,,,,,,,,,,,,,,,,,,24.00,,,,,,,false,false,12,2021-04-01,2022-03-31,0
2022-01-31,42040,2022-03-31,3,,,,,,,,,,,,,,,,,,,,,,,,,,,,,49.00,,,,,,,false,true,12,2021-04-01,2022-03-31,0
2022-01-31,42040,2022-03-31,3,,,,,,,,,,,,,,,,,,,,,,,,,,,,,,,,,471507285,27430826,446232875,false,false,9,2021-04-01,2021-12-31,0
2022-01-31,42040,2021-03-31,3,,,,,,,,,,,,,,,,,,,,,,,,,,,,,,,,,,,452954646,false,false,9,2020-04-01,2020-12-31,-1
2022-04-27,42040,2022-03-31,,1157945000000,0.096,,,,,88879000000,0.321,97001000000,0.548,,37067000000,,83.17,,0.055,0.083,0.077,,1198921000000,702753000000,0.563,1519.19,674636000000,105023000000,2694000000,-54729000000,133739000000,,0.589,,,,,,true,false,12,2021-04-01,2022-03-31,0
2022-04-27,42040,2021-03-31,,1056560000000,-0.064,,,,,67300000000,-0.235,62649000000,-0.282,,41544000000,,91.92,,0.065,0.056,0.064,,1150143000000,694392000000,0.580,1485.89,667066000000,75271000000,-58495000000,-19157000000,76649000000,,0.511,,,,,,true,false,12,2020-04-01,2021-03-31,-1
2022-04-27,42040,2023-03-31,,594200000000,0.084,,,,,39000000000,0.098,41000000000,0.001,27500000000,,,61.93,,,,,,,,,,,,,,,,,,,,,,true,true,6,2022-04-01,2022-09-30,1
2022-04-27,42040,2023-03-31,,1241600000000,0.072,,,,,100000000000,0.125,100000000000,0.031,66500000000,,0.794,149.75,,,,,,,,,,,,,,,,0.354,,,,,,true,true,12,2022-04-01,2023-03-31,1
2022-04-27,42040,2022-03-31,,359176000000,0.078,,,,,11625000000,-0.351,42598000000,-0.095,55915000000,,0.357,125.36,,,,,,668738000000,339641000000,0.508,764.25,339641000000,,,,,49.00,,,,471507285,27431111,445701110,false,false,12,2021-04-01,2022-03-31,0
2022-04-27,42040,2021-03-31,,333064000000,-0.061,,,,,17924000000,-0.087,47074000000,0.095,41210000000,,0.231,91.11,,,,,,690848000000,330410000000,0.478,735.43,330410000000,,,,,47.00,,,,476507285,27573735,451961766,false,false,12,2020-04-01,2021-03-31,-1
2022-04-27,42040,2023-03-31,,,,,,,,,,,,,,,,,,,,,,,,,,,,,,53.00,,,,,,,false,true,12,2022-04-01,2023-03-31,1
2022-07-28,4204,2023-03-31,1,282271000000,0.135,,,,,13844000000,0.245,21361000000,0.637,,14578000000,,33.08,,,,,,1200380000000,707133000000,0.566,,679464000000,,,,,,,,,,,,true,false,3,2022-04-01,2022-06-30,0
2022-07-28,4204,2022-03-31,1,248596000000,0.158,,,,,11120000000,6.507,13051000000,,,12533000000,,28.02,,,,,,,,,,,,,,,,,,,,,,true,false,3,2021-04-01,2021-06-30,-1
2022-07-28,4204,2023-03-31,1,613300000000,0.119,,,,,39000000000,0.098,46000000000,0.123,,31000000000,,71.08,,,,,,,,,,,,,,,,,,,,,,true,true,6,2022-04-01,2022-09-30,0
2022-07-28,4204,2023-03-31,1,1260700000000,0.089,,,,,100000000000,0.125,105000000000,0.082,,70000000000,,160.50,,,,,,,,,,,,,,,,,,,,,,true,true,12,2022-04-01,2023-03-31,0
2022-07-28,4204,2022-03-31,1,,,,,,,,,,,,,,,,,,,,1198921000000,702753000000,0.563,,674636000000,,,,,,,,,,,,true,false,12,2021-04-01,2022-03-31,-1
2022-07-28,4204,2022-03-31,1,,,,,,,,,,,,,,,,,,,,,,,,,,,,,49.00,,,,471507285,27431111,,false,false,12,2021-04-01,2022-03-31,-1
2022-07-28,4204,2023-03-31,1,,,,,,,,,,,,,,,,,,,,,,,,,,,,,53.00,,,,,,,false,true,12,2022-04-01,2023-03-31,0
2022-07-28,4204,2023-03-31,1,,,,,,,,,,,,,,,,,,,,,,,,,,,,,,,,,463507285,27358850,440692090,false,false,3,2022-04-01,2022-06-30,0
2022-07-28,4204,2022-03-31,1,,,,,,,,,,,,,,,,,,,,,,,,,,,,,,,,,,,447357504,false,false,3,2021-04-01,2021-06-30,-1
2022-10-27,4204,2023-03-31,2,607765000000,0.109,,,,,40344000000,0.136,53900000000,0.316,,39101000000,,89.18,,,,,,1234937000000,734851000000,0.573,,708090000000,,,,,,,,,,,,true,false,6,2022-04-01,2022-09-30,0
2022-10-27,4204,2022-03-31,2,547942000000,0.118,,,,,35520000000,0.585,40968000000,0.982,,-3914000000,,-8.76,,,,,,,,,,,,,,,,,,,,,,true,false,6,2021-04-01,2021-09-30,-1
2022-10-27,4204,2023-03-31,2,1276000000000,0.102,,,,,100000000000,0.125,108000000000,0.113,,73000000000,,167.35,,,,,,,,,,,,,,,,,,,,,,true,true,12,2022-04-01,2023-03-31,0
2022-10-27,4204,2022-03-31,2,,,,,,,,,,,,,,,,,,,,1198921000000,702753000000,0.563,,674636000000,,,,,,,,,,,,true,false,12,2021-04-01,2022-03-31,-1
2022-10-27,4204,2022-03-31,2,,,,,,,,,,,,,,,,,,,,,,,,,,,,,49.00,,,,471507285,27431111,,false,false,12,2021-04-01,2022-03-31,-1
2022-10-27,4204,2023-03-31,2,,,,,,,,,,,,,,,,,,,,,,,,,,,,,29.00,,,,,,,false,false,12,2022-04-01,2023-03-31,0
2022-10-27,4204,2023-03-31,2,,,,,,,,,,,,,,,,,,,,,,,,,,,,,59.00,,,,,,,false,true,12,2022-04-01,2023-03-31,0
2022-10-27,4204,2023-03-31,2,,,,,,,,,,,,,,,,,,,,,,,,,,,,,,,,,463507285,27286288,438435788,false,false,6,2022-04-01,2022-09-30,0
2022-10-27,4204,2022-03-31,2,,,,,,,,,,,,,,,,,,,,,,,,,,,,,,,,,,,446967105,false,false,6,2021-04-01,2021-09-30,-1
2023-01-30,4204,2023-03-31,3,912231000000,0.088,,,,,62466000000,0.087,73427000000,0.169,,52802000000,,120.88,,,,,,1219593000000,711866000000,0.561,,684726000000,,,,,,,,,,,,true,false,9,2022-04-01,2022-12-31,0
2023-01-30,4204,2022-03-31,3,838651000000,0.109,,,,,57453000000,0.441,62800000000,0.856,,12734000000,,28.54,,,,,,,,,,,,,,,,,,,,,,true,false,9,2021-04-01,2021-12-31,-1
2023-01-30,4204,2023-03-31,3,1262500000000,0.090,,,,,95000000000,0.069,103000000000,0.062,,73000000000,,169.60,,,,,,,,,,,,,,,,,,,,,,true,true,12,2022-04-01,2023-03-31,0
2023-01-30,4204,2022-03-31,3,,,,,,,,,,,,,,,,,,,,1198921000000,702753000000,0.563,,674636000000,,,,,,,,,,,,true,false,12,2021-04-01,2022-03-31,-1
2023-01-30,4204,2022-03-31,3,,,,,,,,,,,,,,,,,,,,,,,,,,,,,49.00,,,,471507285,27431111,,false,false,12,2021-04-01,2022-03-31,-1
2023-01-30,4204,2023-03-31,3,,,,,,,,,,,,,,,,,,,,,,,,,,,,,29.00,,,,,,,false,false,12,2022-04-01,2023-03-31,0
2023-01-30,4204,2023-03-31,3,,,,,,,,,,,,,,,,,,,,,,,,,,,,,59.00,,,,,,,false,true,12,2022-04-01,2023-03-31,0
2023-01-30,4204,2023-03-31,3,,,,,,,,,,,,,,,,,,,,,,,,,,,,,,,,,456507285,26094183,436828518,false,false,9,2022-04-01,2022-12-31,0
2023-01-30,4204,2022-03-31,3,,,,,,,,,,,,,,,,,,,,,,,,,,,,,,,,,,,446232875,false,false,9,2021-04-01,2021-12-31,-1
2023-04-28,4204,2023-03-31,,1242521000000,0.073,,,,,91666000000,0.031,104241000000,0.075,,69263000000,,159.19,,0.100,0.086,0.074,,1228131000000,732525000000,0.574,1642.67,705026000000,71543000000,-59430000000,-62906000000,85207000000,,0.370,,,,,,true,false,12,2022-04-01,2023-03-31,0
2023-04-28,4204,2022-03-31,,1157945000000,0.096,,,,,88879000000,0.321,97001000000,0.548,,37067000000,,83.17,,0.055,0.083,0.077,,1198921000000,702753000000,0.563,1519.19,674636000000,105023000000,2694000000,-54729000000,133739000000,,0.589,,,,,,true,false,12,2021-04-01,2022-03-31,-1
2023-04-28,4204,2024-03-31,,630000000000,0.037,,,,,42200000000,0.046,45300000000,-0.160,,30400000000,,70.83,,,,,,,,,,,,,,,,,,,,,,true,true,6,2023-04-01,2023-09-30,1
2023-04-28,4204,2024-03-31,,1312000000000,0.056,,,,,100000000000,0.091,103000000000,-0.012,,70000000000,,163.10,,,,,,,,,,,,,,,,0.405,,,,,,true,true,12,2023-04-01,2024-03-31,1
2023-04-28,4204,2023-03-31,,382513000000,0.065,,,,,7413000000,-0.362,57284000000,0.345,47379000000,,-0.153,108.81,,,,,,715221000000,340237000000,0.476,792.14,340237000000,,,,,59.00,,,,456507285,27311919,435097378,false,false,12,2022-04-01,2023-03-31,0
2023-04-28,4204,2022-03-31,,359176000000,0.078,,,,,11625000000,-0.351,42598000000,-0.095,55915000000,,0.357,125.36,,,,,,668738000000,339641000000,0.508,764.25,339641000000,,,,,49.00,,,,471507285,27431111,445701110,false,false,12,2021-04-01,2022-03-31,-1
2023-04-28,4204,2024-03-31,,,,,,,,,,,,,,,,,,,,,,,,,,,,,,66.00,,,,,,,false,true,12,2023-04-01,2024-03-31,1
2023-07-28,4204,2024-03-31,1,285393000000,0.011,,,,,15285000000,0.104,22180000000,0.038,,24129000000,,56.40,,,,,,1237364000000,750690000000,0.584,,722129000000,,,,,,,,,,,,true,false,3,2023-04-01,2023-06-30,0
2023-07-28,4204,2023-03-31,1,282271000000,0.135,,,,,13844000000,0.245,21361000000,0.637,,14578000000,,33.08,,,,,,,,,,,,,,,,,,,,,,true,false,3,2022-04-01,2022-06-30,-1
2023-07-28,4204,2024-03-31,1,611500000000,0.006,,,,,42200000000,0.046,45300000000,-0.160,,39500000000,,92.89,,,,,,,,,,,,,,,,,,,,,,true,true,6,2023-04-01,2023-09-30,0
2023-07-28,4204,2024-03-31,1,1293500000000,0.041,,,,,100000000000,0.091,103000000000,-0.012,,75000000000,,176.37,,,,,,,,,,,,,,,,,,,,,,true,true,12,2023-04-01,2024-03-31,0
2023-07-28,4204,2023-03-31,1,,,,,,,,,,,,,,,,,,,,1228131000000,732525000000,0.574,,705026000000,,,,,,,,,,,,true,false,12,2022-04-01,2023-03-31,-1
2023-07-28,4204,2023-03-31,1,,,,,,,,,,,,,,,,,,,,,,,,,,,,,59.00,,,,456507285,27311919,,false,false,12,2022-04-01,2023-03-31,-1
2023-07-28,4204,2024-03-31,1,,,,,,,,,,,,,,,,,,,,,,,,,,,,,66.00,,,,,,,false,true,12,2023-04-01,2024-03-31,0
2023-07-28,4204,2024-03-31,1,,,,,,,,,,,,,,,,,,,,,,,,,,,,,,,,,452507285,27267013,427833091,false,false,3,2023-04-01,2023-06-30,0
2023-07-28,4204,2023-03-31,1,,,,,,,,,,,,,,,,,,,,,,,,,,,,,,,,,,,440692090,false,false,3,2022-04-01,2022-06-30,-1
2023-10-30,4204,2024-03-31,2,611294000000,0.006,,,,,41155000000,0.020,51536000000,-0.044,,44450000000,,104.18,,,,,,1268765000000,774777000000,0.588,,746572000000,,,,,,,,,,,,true,false,6,2023-04-01,2023-09-30,0
2023-10-30,4204,2023-03-31,2,607765000000,0.109,,,,,40344000000,0.136,53900000000,0.316,,39101000000,,89.18,,,,,,,,,,,,,,,,,,,,,,true,false,6,2022-04-01,2022-09-30,-1
2023-10-30,4204,2024-03-31,2,1280000000000,0.030,,,,,100000000000,0.091,103000000000,-0.012,,75000000000,,176.31,,,,,,,,,,,,,,,,,,,,,,true,true,12,2023-04-01,2024-03-31,0
2023-10-30,4204,2023-03-31,2,,,,,,,,,,,,,,,,,,,,1228131000000,732525000000,0.574,,705026000000,,,,,,,,,,,,true,false,12,2022-04-01,2023-03-31,-1
2023-10-30,4204,2023-03-31,2,,,,,,,,,,,,,,,,,,,,,,,,,,,,,59.00,,,,456507285,27311919,,false,false,12,2022-04-01,2023-03-31,-1
2023-10-30,4204,2024-03-31,2,,,,,,,,,,,,,,,,,,,,,,,,,,,,,35.00,,,,,,,false,false,12,2023-04-01,2024-03-31,0
2023-10-30,4204,2024-03-31,2,,,,,,,,,,,,,,,,,,,,,,,,,,,,,71.00,,,,,,,false,true,12,2023-04-01,2024-03-31,0
2023-10-30,4204,2024-03-31,2,,,,,,,,,,,,,,,,,,,,,,,,,,,,,,,,,452507285,27120968,426648579,false,false,6,2023-04-01,2023-09-30,0
2023-10-30,4204,2023-03-31,2,,,,,,,,,,,,,,,,,,,,,,,,,,,,,,,,,,,438435788,false,false,6,2022-04-01,2022-09-30,-1
2024-01-30,4204,2024-03-31,3,923931000000,0.013,,,,,65834000000,0.054,72814000000,-0.008,,58432000000,,137.22,,,,,,1252474000000,764720000000,0.588,,736514000000,,,,,,,,,,,,true,false,9,2023-04-01,2023-12-31,0
2024-01-30,4204,2023-03-31,3,912231000000,0.088,,,,,62466000000,0.087,73427000000,0.169,,52802000000,,120.88,,,,,,,,,,,,,,,,,,,,,,true,false,9,2022-04-01,2022-12-31,-1
2024-01-30,4204,2024-03-31,3,1262300000000,0.016,,,,,95000000000,0.036,103000000000,-0.012,,75000000000,,177.98,,,,,,,,,,,,,,,,,,,,,,true,true,12,2023-04-01,2024-03-31,0
2024-01-30,4204,2023-03-31,3,,,,,,,,,,,,,,,,,,,,1228131000000,732525000000,0.574,,705026000000,,,,,,,,,,,,true,false,12,2022-04-01,2023-03-31,-1
2024-01-30,4204,2023-03-31,3,,,,,,,,,,,,,,,,,,,,,,,,,,,,,59.00,,,,456507285,27311919,,false,false,12,2022-04-01,2023-03-31,-1
2024-01-30,4204,2024-03-31,3,,,,,,,,,,,,,,,,,,,,,,,,,,,,,35.00,,,,,,,false,false,12,2023-04-01,2024-03-31,0
2024-01-30,4204,2024-03-31,3,,,,,,,,,,,,,,,,,,,,,,,,,,,,,71.00,,,,,,,false,true,12,2023-04-01,2024-03-31,0
2024-01-30,4204,2024-03-31,3,,,,,,,,,,,,,,,,,,,,,,,,,,,,,,,,,448507285,27121223,425833534,false,false,9,2023-04-01,2023-12-31,0
2024-01-30,4204,2023-03-31,3,,,,,,,,,,,,,,,,,,,,,,,,,,,,,,,,,,,436828518,false,false,9,2022-04-01,2022-12-31,-1
2024-04-26,4204,2024-03-31,,1256538000000,0.011,,,,,94399000000,0.030,105921000000,0.016,,77930000000,,183.48,,0.104,0.083,0.075,,1323243000000,820925000000,0.599,1880.30,792329000000,106632000000,-18515000000,-53023000000,126367000000,,0.403,,,,,,true,false,12,2023-04-01,2024-03-31,0
2024-04-26,4204,2023-03-31,,1242521000000,0.073,,,,,91666000000,0.031,104241000000,0.075,,69263000000,,159.19,,0.100,0.086,0.074,,1228131000000,732525000000,0.574,1642.67,705026000000,71543000000,-59430000000,-62906000000,85207000000,,0.370,,,,,,true,false,12,2022-04-01,2023-03-31,-1
2024-04-26,4204,2025-03-31,,634600000000,0.038,,,,,42800000000,0.040,44300000000,-0.140,,38000000000,,90.18,,,,,,,,,,,,,,,,,,,,,,true,true,6,2024-04-01,2024-09-30,1
2024-04-26,4204,2025-03-31,,1326700000000,0.056,,,,,102000000000,0.081,102500000000,-0.032,,78000000000,,185.10,,,,,,,,,,,,,,,,0.405,,,,,,true,true,12,2024-04-01,2025-03-31,1
2024-04-26,4204,2024-03-31,,386059000000,0.009,,,,,9552000000,0.289,59321000000,0.036,67971000000,,0.435,159.95,,,,,,736745000000,378134000000,0.513,896.89,378134000000,,,,,74.00,,,,448507285,27121698,424727683,false,false,12,2023-04-01,2024-03-31,0
2024-04-26,4204,2023-03-31,,382513000000,0.065,,,,,7413000000,-0.362,57284000000,0.345,47379000000,,-0.153,108.81,,,,,,715221000000,340237000000,0.476,792.14,340237000000,,,,,59.00,,,,456507285,27311919,435097378,false,false,12,2022-04-01,2023-03-31,-1
2024-04-26,4204,2025-03-31,,,,,,,,,,,,,,,,,,,,,,,,,,,,,,75.00,,,,,,,false,true,12,2024-04-01,2025-03-31,1
2024-07-31,4204,2025-03-31,1,298828000000,0.047,,,,,20198000000,0.321,26545000000,0.197,,23712000000,,56.47,,,,,,1297201000000,828441000000,0.616,,798772000000,,,,,,,,,,,,true,false,3,2024-04-01,2024-06-30,0
2024-07-31,4204,2024-03-31,1,285393000000,0.011,,,,,15285000000,0.104,22180000000,0.038,,24129000000,,56.40,,,,,,,,,,,,,,,,,,,,,,true,false,3,2023-04-01,2023-06-30,-1
2024-07-31,4204,2025-03-31,1,635700000000,0.040,,,,,44800000000,0.089,46300000000,-0.102,,39500000000,,94.62,,,,,,,,,,,,,,,,,,,,,,true,true,6,2024-04-01,2024-09-30,0
2024-07-31,4204,2025-03-31,1,1326700000000,0.056,,,,,102000000000,0.081,102500000000,-0.032,,78000000000,,185.10,,,,,,,,,,,,,,,,,,,,,,true,true,12,2024-04-01,2025-03-31,0
2024-07-31,4204,2024-03-31,1,,,,,,,,,,,,,,,,,,,,1323243000000,820925000000,0.599,,792329000000,,,,,,,,,,,,true,false,12,2023-04-01,2024-03-31,-1
2024-07-31,4204,2024-03-31,1,,,,,,,,,,,,,,,,,,,,,,,,,,,,,74.00,,,,448507285,27121698,,false,false,12,2023-04-01,2024-03-31,-1
2024-07-31,4204,2025-03-31,1,,,,,,,,,,,,,,,,,,,,,,,,,,,,,75.00,,,,,,,false,true,12,2024-04-01,2025-03-31,0
2024-07-31,4204,2025-03-31,1,,,,,,,,,,,,,,,,,,,,,,,,,,,,,,,,,444507285,27042330,419937211,false,false,3,2024-04-01,2024-06-30,0
2024-07-31,4204,2024-03-31,1,,,,,,,,,,,,,,,,,,,,,,,,,,,,,,,,,,,427833091,false,false,3,2023-04-01,2023-06-30,-1
2024-10-31,4204,2025-03-31,2,629054000000,0.029,,,,,48723000000,0.184,48142000000,-0.066,,42925000000,,102.51,,,,,,1307044000000,818925000000,0.605,,790242000000,,,,,,,,,,,,true,false,6,2024-04-01,2024-09-30,0
2024-10-31,4204,2024-03-31,2,611294000000,0.006,,,,,41155000000,0.020,51536000000,-0.044,,44450000000,,104.18,,,,,,,,,,,,,,,,,,,,,,true,false,6,2023-04-01,2023-09-30,-1
2024-10-31,4204,2025-03-31,2,1308700000000,0.042,,,,,105000000000,0.112,102500000000,-0.032,,78000000000,,186.81,,,,,,,,,,,,,,,,,,,,,,true,true,12,2024-04-01,2025-03-31,0
2024-10-31,4204,2024-03-31,2,,,,,,,,,,,,,,,,,,,,1323243000000,820925000000,0.599,,792329000000,,,,,,,,,,,,true,false,12,2023-04-01,2024-03-31,-1
2024-10-31,4204,2024-03-31,2,,,,,,,,,,,,,,,,,,,,,,,,,,,,,74.00,,,,448507285,27121698,,false,false,12,2023-04-01,2024-03-31,-1
2024-10-31,4204,2025-03-31,2,,,,,,,,,,,,,,,,,,,,,,,,,,,,,37.00,,,,,,,false,false,12,2024-04-01,2025-03-31,0
2024-10-31,4204,2025-03-31,2,,,,,,,,,,,,,,,,,,,,,,,,,,,,,75.00,,,,,,,false,true,12,2024-04-01,2025-03-31,0
2024-10-31,4204,2025-03-31,2,,,,,,,,,,,,,,,,,,,,,,,,,,,,,,,,,444507285,26962377,418726930,false,false,6,2024-04-01,2024-09-30,0
2024-10-31,4204,2024-03-31,2,,,,,,,,,,,,,,,,,,,,,,,,,,,,,,,,,,,426648579,false,false,6,2023-04-01,2023-09-30,-1
2025-01-30,4204,2025-03-31,3,955342000000,0.034,,,,,77359000000,0.175,86097000000,0.182,,68495000000,,163.73,,,,,,1332748000000,845660000000,0.612,,816176000000,,,,,,,,,,,,true,false,9,2024-04-01,2024-12-31,0
2025-01-30,4204,2024-03-31,3,923931000000,0.013,,,,,65834000000,0.054,72814000000,-0.008,,58432000000,,137.22,,,,,,,,,,,,,,,,,,,,,,true,false,9,2023-04-01,2023-12-31,-1
2025-01-30,4204,2025-03-31,3,1307700000000,0.041,,,,,107000000000,0.133,106000000000,0.001,,80000000000,,191.60,,,,,,,,,,,,,,,,,,,,,,true,true,12,2024-04-01,2025-03-31,0
2025-01-30,4204,2024-03-31,3,,,,,,,,,,,,,,,,,,,,1323243000000,820925000000,0.599,,792329000000,,,,,,,,,,,,true,false,12,2023-04-01,2024-03-31,-1
2025-01-30,4204,2024-03-31,3,,,,,,,,,,,,,,,,,,,,,,,,,,,,,74.00,,,,448507285,27121698,,false,false,12,2023-04-01,2024-03-31,-1
2025-01-30,4204,2025-03-31,3,,,,,,,,,,,,,,,,,,,,,,,,,,,,,37.00,,,,,,,false,false,12,2024-04-01,2025-03-31,0
2025-01-30,4204,2025-03-31,3,,,,,,,,,,,,,,,,,,,,,,,,,,,,,77.00,,,,,,,false,true,12,2024-04-01,2025-03-31,0
2025-01-30,4204,2025-03-31,3,,,,,,,,,,,,,,,,,,,,,,,,,,,,,,,,,444507285,26962881,418331421,false,false,9,2024-04-01,2024-12-31,0
2025-01-30,4204,2024-03-31,3,,,,,,,,,,,,,,,,,,,,,,,,,,,,,,,,,,,425833534,false,false,9,2023-04-01,2023-12-31,-1
2025-04-28,4204,2025-03-31,,1297754000000,0.033,,,,,107951000000,0.144,110958000000,0.048,,81925000000,,195.93,,0.102,0.084,0.083,,1330786000000,835366000000,0.607,1933.56,807348000000,119231000000,-61508000000,-61200000000,120895000000,,0.404,,,,,,true,false,12,2024-04-01,2025-03-31,0
2025-04-28,4204,2024-03-31,,1256538000000,0.011,,,,,94399000000,0.030,105921000000,0.016,,77930000000,,183.48,,0.104,0.083,0.075,,1323243000000,820925000000,0.599,1880.30,792329000000,106632000000,-18515000000,-53023000000,126367000000,,0.403,,,,,,true,false,12,2023-04-01,2024-03-31,-1
2025-04-28,4204,2026-03-31,,658000000000,0.046,,,,,48900000000,0.004,49700000000,0.032,,35100000000,,84.06,,,,,,,,,,,,,,,,,,,,,,true,true,6,2025-04-01,2025-09-30,1
2025-04-28,4204,2026-03-31,,1364500000000,0.051,,,,,115000000000,0.065,116600000000,0.051,,82000000000,,196.39,,,,,,,,,,,,,,,,0.407,,,,,,true,true,12,2025-04-01,2026-03-31,1
2025-04-28,4204,2025-03-31,,393260000000,0.019,,,,,12760000000,0.336,57595000000,-0.029,60104000000,,-0.116,143.67,,,,,,777143000000,383660000000,0.494,918.37,383660000000,,,,,79.00,,,,444507285,26963200,418137307,false,false,12,2024-04-01,2025-03-31,0
2025-04-28,4204,2024-03-31,,386059000000,0.009,,,,,9552000000,0.289,59321000000,0.036,67971000000,,0.435,159.95,,,,,,736745000000,378134000000,0.513,896.89,378134000000,,,,,74.00,,,,448507285,27121698,424727683,false,false,12,2023-04-01,2024-03-31,-1
2025-04-28,4204,2026-03-31,,,,,,,,,,,,,,,,,,,,,,,,,,,,,,80.00,,,,,,,false,true,12,2025-04-01,2026-03-31,1
2025-07-31,4204,2026-03-31,1,305147000000,0.021,,,,,21219000000,0.051,20195000000,-0.239,,13149000000,,31.61,,,,,,1290432000000,824641000000,0.617,,795768000000,,,,,,,,,,,,true,false,3,2025-04-01,2025-06-30,0
2025-07-31,4204,2025-03-31,1,298828000000,0.047,,,,,20198000000,0.321,26545000000,0.197,,23712000000,,56.47,,,,,,,,,,,,,,,,,,,,,,true,false,3,2024-04-01,2024-06-30,-1
2025-07-31,4204,2026-03-31,1,639200000000,0.016,,,,,48900000000,0.004,49700000000,0.032,,35100000000,,84.86,,,,,,,,,,,,,,,,,,,,,,true,true,6,2025-04-01,2025-09-30,0
2025-07-31,4204,2026-03-31,1,1364500000000,0.051,,,,,115000000000,0.065,116600000000,0.051,,82000000000,,198.25,,,,,,,,,,,,,,,,,,,,,,true,true,12,2025-04-01,2026-03-31,0
2025-07-31,4204,2025-03-31,1,,,,,,,,,,,,,,,,,,,,1330786000000,835366000000,0.607,,807348000000,,,,,,,,,,,,true,false,12,2024-04-01,2025-03-31,-1
2025-07-31,4204,2025-03-31,1,,,,,,,,,,,,,,,,,,,,,,,,,,,,,79.00,,,,444507285,26963200,,false,false,12,2024-04-01,2025-03-31,-1
2025-07-31,4204,2026-03-31,1,,,,,,,,,,,,,,,,,,,,,,,,,,,,,80.00,,,,,,,false,true,12,2025-04-01,2026-03-31,0
2025-07-31,4204,2026-03-31,1,,,,,,,,,,,,,,,,,,,,,,,,,,,,,,,,,440507285,26882157,416050286,false,false,3,2025-04-01,2025-06-30,0
2025-07-31,4204,2025-03-31,1,,,,,,,,,,,,,,,,,,,,,,,,,,,,,,,,,,,419937211,false,false,3,2024-04-01,2024-06-30,-1
