filing_date,code,fiscal_year_end,quarterly_period,net_sales,net_sales_change,revenue,revenue_change,operating_revenue,operating_revenue_change,operating_profit,operating_profit_change,ordinary_profit,ordinary_profit_change,net_income,net_income_of_parent,net_income_change,eps,diluted_eps,roe,roa,operating_profit_to_net_sales,operating_profit_to_revenue,total_assets,net_assets,equity_ratio,bps,owner_equity,operating_cash_flow,investing_cash_flow,financing_cash_flow,cash,dividend_per_share,payout_ratio,commemorative_dividend,extra_dividend,number_of_shares,number_of_treqsury_shares,avg_number_of_shares,is_consolidated,is_forecast,duration,period_start,period_end,period_pos
2015-05-08,42050,2015-03-31,,307524000000,0.037,,,,,28245000000,-0.055,31098000000,-0.045,19080000000,,-0.029,84.13,83.98,0.098,0.081,0.092,,399512000000,215631000000,0.529,931.34,211217000000,34006000000,-26767000000,-12019000000,3491000000,,0.166,,,,,,true,false,12,2014-04-01,2015-03-31,0
2015-05-08,42050,2014-03-31,,296427000000,0.182,,,,,29901000000,0.262,32561000000,0.291,19650000000,,0.332,85.15,85.01,0.117,0.090,0.101,,370872000000,181414000000,0.479,783.11,177604000000,36396000000,-31513000000,-10105000000,8117000000,,0.153,,,,,,true,false,12,2013-04-01,2014-03-31,-1
2015-05-08,42050,2016-03-31,,155000000000,0.011,,,,,15000000000,0.034,15000000000,-0.036,,11000000000,,48.50,,,,,,,,,,,,,,,,,,,,,,true,true,6,2015-04-01,2015-09-30,1
2015-05-08,42050,2016-03-31,,320000000000,0.041,,,,,32000000000,0.133,32000000000,0.029,,23000000000,,101.42,,,,,,,,,,,,,,,,0.148,,,,,,true,true,12,2015-04-01,2016-03-31,1
2015-05-08,42050,2015-03-31,,214224000000,0.046,,,,,23705000000,-0.069,26729000000,-0.055,17768000000,,-0.033,78.35,78.21,,,,,330472000000,175070000000,0.529,770.61,174766000000,,,,,14.00,,,,242075556,15286593,226790078,false,false,12,2014-04-01,2015-03-31,0
2015-05-08,42050,2014-03-31,,204738000000,0.132,,,,,25449000000,0.445,28275000000,0.470,18367000000,,0.590,79.59,79.46,,,,,307315000000,147805000000,0.480,650.55,147539000000,,,,,13.00,,,,242075556,15283615,230763417,false,false,12,2013-04-01,2014-03-31,-1
2015-05-08,42050,2016-03-31,,,,,,,,,,,,,,,,,,,,,,,,,,,,,,15.00,,,,,,,false,true,12,2015-04-01,2016-03-31,1
2015-07-29,42050,2016-03-31,1,75953000000,0.015,,,,,7849000000,0.265,8532000000,0.405,,5607000000,,24.73,24.68,,,,,405183000000,219372000000,0.530,,214774000000,,,,,,,,,,,,true,false,3,2015-04-01,2015-06-30,0
2015-07-29,42050,2015-03-31,1,74815000000,0.033,,,,,6206000000,-0.285,6071000000,-0.393,,3916000000,,17.27,17.24,,,,,,,,,,,,,,,,,,,,,true,false,3,2014-04-01,2014-06-30,-1
2015-07-29,42050,2016-03-31,1,155000000000,0.011,,,,,15000000000,0.034,15000000000,-0.036,,11000000000,,48.50,,,,,,,,,,,,,,,,,,,,,,true,true,6,2015-04-01,2015-09-30,0
2015-07-29,42050,2016-03-31,1,320000000000,0.041,,,,,32000000000,0.133,32000000000,0.029,,23000000000,,101.42,,,,,,,,,,,,,,,,,,,,,,true,true,12,2015-04-01,2016-03-31,0
2015-07-29,42050,2015-03-31,1,,,,,,,,,,,,,,,,,,,,399512000000,215631000000,0.529,,211217000000,,,,,,,,,,,,true,false,12,2014-04-01,2015-03-31,-1
2015-07-29,42050,2015-03-31,1,,,,,,,,,,,,,,,,,,,,,,,,,,,,,14.00,,,,242075556,15286593,,false,false,12,2014-04-01,2015-03-31,-1
2015-07-29,42050,2016-03-31,1,,,,,,,,,,,,,,,,,,,,,,,,,,,,,15.00,,,,,,,false,true,12,2015-04-01,2016-03-31,0
2015-07-29,42050,2016-03-31,1,,,,,,,,,,,,,,,,,,,,,,,,,,,,,,,,,242075556,15287009,226788775,false,false,3,2015-04-01,2015-06-30,0
2015-07-29,42050,2015-03-31,1,,,,,,,,,,,,,,,,,,,,,,,,,,,,,,,,,,,226791121,false,false,3,2014-04-01,2014-06-30,-1
2015-10-29,42050,2016-03-31,2,152427000000,-0.006,,,,,16518000000,0.138,17160000000,0.103,,10946000000,,48.26,48.18,,,,,407485000000,219232000000,0.527,,214670000000,,,,,,,,,,,,true,false,6,2015-04-01,2015-09-30,0
2015-10-29,42050,2015-03-31,2,153362000000,0.034,,,,,14513000000,-0.133,15564000000,-0.143,,9024000000,,39.79,39.72,,,,,,,,,,,,,,,,,,,,,true,false,6,2014-04-01,2014-09-30,-1
2015-10-29,42050,2016-03-31,2,320000000000,0.041,,,,,32000000000,0.133,32000000000,0.029,,23000000000,,101.42,,,,,,,,,,,,,,,,,,,,,,true,true,12,2015-04-01,2016-03-31,0
2015-10-29,42050,2015-03-31,2,,,,,,,,,,,,,,,,,,,,399512000000,215631000000,0.529,,211217000000,,,,,,,,,,,,true,false,12,2014-04-01,2015-03-31,-1
2015-10-29,42050,2015-03-31,2,,,,,,,,,,,,,,,,,,,,,,,,,,,,,14.00,,,,242075556,15286593,,false,false,12,2014-04-01,2015-03-31,-1
2015-10-29,42050,2016-03-31,2,,,,,,,,,,,,,,,,,,,,,,,,,,,,,7.00,,,,,,,false,false,12,2015-04-01,2016-03-31,0
2015-10-29,42050,2016-03-31,2,,,,,,,,,,,,,,,,,,,,,,,,,,,,,15.00,,,,,,,false,true,12,2015-04-01,2016-03-31,0
2015-10-29,42050,2016-03-31,2,,,,,,,,,,,,,,,,,,,,,,,,,,,,,,,,,242075556,15179259,226834891,false,false,6,2015-04-01,2015-09-30,0
2015-10-29,42050,2015-03-31,2,,,,,,,,,,,,,,,,,,,,,,,,,,,,,,,,,,,226790726,false,false,6,2014-04-01,2014-09-30,-1
2015-11-25,42050,2016-03-31,,320000000000,0.000,,,,,32000000000,0.000,32000000000,0.000,,18500000000,,81.55,,,,,,,,,,,,,,,,,,,,,,true,true,12,2015-04-01,2016-03-31,0
2015-11-25,42050,2015-03-31,,307524000000,,,,,,28245000000,,31098000000,,,19080000000,,84.13,,,,,,,,,,,,,,,,,,,,,,true,false,12,2014-04-01,2015-03-31,-1
2016-01-28,42050,2016-03-31,3,224673000000,-0.034,,,,,24261000000,0.044,25427000000,0.008,,13660000000,,60.21,60.12,,,,,416440000000,218022000000,0.512,,213391000000,,,,,,,,,,,,true,false,9,2015-04-01,2015-12-31,0
2016-01-28,42050,2015-03-31,3,232539000000,0.040,,,,,23236000000,-0.050,25236000000,-0.074,,15028000000,,66.26,66.15,,,,,,,,,,,,,,,,,,,,,true,false,9,2014-04-01,2014-12-31,-1
2016-01-28,42050,2016-03-31,3,320000000000,0.041,,,,,32000000000,0.133,32000000000,0.029,,18500000000,,81.55,,,,,,,,,,,,,,,,,,,,,,true,true,12,2015-04-01,2016-03-31,0
2016-01-28,42050,2015-03-31,3,,,,,,,,,,,,,,,,,,,,399512000000,215631000000,0.529,,211217000000,,,,,,,,,,,,true,false,12,2014-04-01,2015-03-31,-1
2016-01-28,42050,2015-03-31,3,,,,,,,,,,,,,,,,,,,,,,,,,,,,,14.00,,,,242075556,15286593,,false,false,12,2014-04-01,2015-03-31,-1
2016-01-28,42050,2016-03-31,3,,,,,,,,,,,,,,,,,,,,,,,,,,,,,7.00,,,,,,,false,false,12,2015-04-01,2016-03-31,0
2016-01-28,42050,2016-03-31,3,,,,,,,,,,,,,,,,,,,,,,,,,,,,,15.00,,,,,,,false,true,12,2015-04-01,2016-03-31,0
2016-01-28,42050,2016-03-31,3,,,,,,,,,,,,,,,,,,,,,,,,,,,,,,,,,242075556,15179681,226853263,false,false,9,2015-04-01,2015-12-31,0
2016-01-28,42050,2015-03-31,3,,,,,,,,,,,,,,,,,,,,,,,,,,,,,,,,,,,226790376,false,false,9,2014-04-01,2014-12-31,-1
2016-04-28,42050,2016-03-31,,295647000000,-0.039,,,,,29856000000,0.057,32153000000,0.034,,18079000000,,79.86,79.74,0.086,0.082,0.101,,384753000000,215586000000,0.548,949.91,210780000000,47599000000,-34847000000,-9010000000,6832000000,,0.188,,,,,,true,false,12,2015-04-01,2016-03-31,0
2016-04-28,42050,2015-03-31,,307524000000,0.037,,,,,28245000000,-0.055,31098000000,-0.045,,19080000000,,84.13,83.98,0.098,0.081,0.092,,399512000000,215631000000,0.529,931.34,211217000000,34006000000,-26767000000,-12019000000,3491000000,,0.166,,,,,,true,false,12,2014-04-01,2015-03-31,-1
2016-04-28,42050,2017-03-31,,135000000000,-0.114,,,,,13500000000,-0.183,13500000000,-0.213,,9000000000,,40.56,,,,,,,,,,,,,,,,,,,,,,true,true,6,2016-04-01,2016-09-30,1
2016-04-28,42050,2017-03-31,,280000000000,-0.053,,,,,28000000000,-0.062,28000000000,-0.129,,19000000000,,85.63,,,,,,,,,,,,,,,,0.187,,,,,,true,true,12,2016-04-01,2017-03-31,1
2016-04-28,42050,2016-03-31,,197698000000,-0.077,,,,,23062000000,-0.027,26010000000,-0.027,13283000000,,-0.252,58.67,58.58,,,,,310533000000,171312000000,0.551,770.89,171058000000,,,,,15.00,,,,237075556,15179841,226389994,false,false,12,2015-04-01,2016-03-31,0
2016-04-28,42050,2015-03-31,,214224000000,0.046,,,,,23705000000,-0.069,26729000000,-0.055,17768000000,,-0.033,78.35,78.21,,,,,330472000000,175070000000,0.529,770.61,174766000000,,,,,14.00,,,,242075556,15286593,226790078,false,false,12,2014-04-01,2015-03-31,-1
2016-04-28,42050,2017-03-31,,,,,,,,,,,,,,,,,,,,,,,,,,,,,,16.00,,,,,,,false,true,12,2016-04-01,2017-03-31,1
2016-07-27,42050,2017-03-31,1,69998000000,-0.078,,,,,7054000000,-0.101,5771000000,-0.324,,3861000000,,17.40,17.38,,,,,363995000000,207576000000,0.557,,202607000000,,,,,,,,,,,,true,false,3,2016-04-01,2016-06-30,0
2016-07-27,42050,2016-03-31,1,75953000000,0.015,,,,,7849000000,0.265,8532000000,0.405,,5607000000,,24.73,24.68,,,,,,,,,,,,,,,,,,,,,true,false,3,2015-04-01,2015-06-30,-1
2016-07-27,42050,2017-03-31,1,135000000000,-0.114,,,,,13500000000,-0.183,13500000000,-0.213,,9000000000,,40.56,,,,,,,,,,,,,,,,,,,,,,true,true,6,2016-04-01,2016-09-30,0
2016-07-27,42050,2017-03-31,1,280000000000,-0.053,,,,,28000000000,-0.062,28000000000,-0.129,,19000000000,,85.63,,,,,,,,,,,,,,,,,,,,,,true,true,12,2016-04-01,2017-03-31,0
2016-07-27,42050,2016-03-31,1,,,,,,,,,,,,,,,,,,,,384753000000,215586000000,0.548,,210780000000,,,,,,,,,,,,true,false,12,2015-04-01,2016-03-31,-1
2016-07-27,42050,2016-03-31,1,,,,,,,,,,,,,,,,,,,,,,,,,,,,,15.00,,,,237075556,15179841,,false,false,12,2015-04-01,2016-03-31,-1
2016-07-27,42050,2017-03-31,1,,,,,,,,,,,,,,,,,,,,,,,,,,,,,16.00,,,,,,,false,true,12,2016-04-01,2017-03-31,0
2016-07-27,42050,2017-03-31,1,,,,,,,,,,,,,,,,,,,,,,,,,,,,,,,,,237075556,15180064,221895594,false,false,3,2016-04-01,2016-06-30,0
2016-07-27,42050,2016-03-31,1,,,,,,,,,,,,,,,,,,,,,,,,,,,,,,,,,,,226788775,false,false,3,2015-04-01,2015-06-30,-1
2016-10-31,42050,2017-03-31,2,140201000000,-0.080,,,,,13217000000,-0.200,12101000000,-0.295,,8071000000,,36.37,36.32,,,,,368593000000,213406000000,0.566,,208510000000,,,,,,,,,,,,true,false,6,2016-04-01,2016-09-30,0
2016-10-31,42050,2016-03-31,2,152427000000,-0.006,,,,,16518000000,0.138,17160000000,0.103,,10946000000,,48.26,48.18,,,,,,,,,,,,,,,,,,,,,true,false,6,2015-04-01,2015-09-30,-1
2016-10-31,42050,2017-03-31,2,280000000000,-0.053,,,,,28000000000,-0.062,28000000000,-0.129,,19000000000,,85.63,,,,,,,,,,,,,,,,,,,,,,true,true,12,2016-04-01,2017-03-31,0
2016-10-31,42050,2016-03-31,2,,,,,,,,,,,,,,,,,,,,384753000000,215586000000,0.548,,210780000000,,,,,,,,,,,,true,false,12,2015-04-01,2016-03-31,-1
2016-10-31,42050,2016-03-31,2,,,,,,,,,,,,,,,,,,,,,,,,,,,,,15.00,,,,237075556,15179841,,false,false,12,2015-04-01,2016-03-31,-1
2016-10-31,42050,2017-03-31,2,,,,,,,,,,,,,,,,,,,,,,,,,,,,,8.00,,,,,,,false,false,12,2016-04-01,2017-03-31,0
2016-10-31,42050,2017-03-31,2,,,,,,,,,,,,,,,,,,,,,,,,,,,,,16.00,,,,,,,false,true,12,2016-04-01,2017-03-31,0
2016-10-31,42050,2017-03-31,2,,,,,,,,,,,,,,,,,,,,,,,,,,,,,,,,,237075556,15089824,221934333,false,false,6,2016-04-01,2016-09-30,0
2016-10-31,42050,2016-03-31,2,,,,,,,,,,,,,,,,,,,,,,,,,,,,,,,,,,,226834891,false,false,6,2015-04-01,2015-09-30,-1
2017-01-30,42050,2017-03-31,3,210610000000,-0.063,,,,,21612000000,-0.109,22194000000,-0.127,,16026000000,,72.20,72.11,,,,,404403000000,228269000000,0.554,,224157000000,,,,,,,,,,,,true,false,9,2016-04-01,2016-12-31,0
2017-01-30,42050,2016-03-31,3,224673000000,-0.034,,,,,24261000000,0.044,25427000000,0.008,,13660000000,,60.21,60.12,,,,,,,,,,,,,,,,,,,,,true,false,9,2015-04-01,2015-12-31,-1
2017-01-30,42050,2017-03-31,3,280000000000,-0.053,,,,,28000000000,-0.062,28000000000,-0.129,,19000000000,,85.63,,,,,,,,,,,,,,,,,,,,,,true,true,12,2016-04-01,2017-03-31,0
2017-01-30,42050,2016-03-31,3,,,,,,,,,,,,,,,,,,,,384753000000,215586000000,0.548,,210780000000,,,,,,,,,,,,true,false,12,2015-04-01,2016-03-31,-1
2017-01-30,42050,2016-03-31,3,,,,,,,,,,,,,,,,,,,,,,,,,,,,,15.00,,,,237075556,15179841,,false,false,12,2015-04-01,2016-03-31,-1
2017-01-30,42050,2017-03-31,3,,,,,,,,,,,,,,,,,,,,,,,,,,,,,8.00,,,,,,,false,false,12,2016-04-01,2017-03-31,0
2017-01-30,42050,2017-03-31,3,,,,,,,,,,,,,,,,,,,,,,,,,,,,,16.00,,,,,,,false,true,12,2016-04-01,2017-03-31,0
2017-01-30,42050,2017-03-31,3,,,,,,,,,,,,,,,,,,,,,,,,,,,,,,,,,237075556,15091818,221949300,false,false,9,2016-04-01,2016-12-31,0
2017-01-30,42050,2016-03-31,3,,,,,,,,,,,,,,,,,,,,,,,,,,,,,,,,,,,226853263,false,false,9,2015-04-01,2015-12-31,-1
2017-04-28,42050,2017-03-31,,287624000000,-0.027,,,,,30767000000,0.031,31805000000,-0.011,,23152000000,,104.31,104.17,0.103,0.080,0.107,,411415000000,244634000000,0.584,1082.02,240189000000,49042000000,-29121000000,-15834000000,11368000000,,0.153,,,,,,true,false,12,2016-04-01,2017-03-31,0
2017-04-28,42050,2016-03-31,,295647000000,-0.039,,,,,29856000000,0.057,32153000000,0.034,,18079000000,,79.86,79.74,0.086,0.082,0.101,,384753000000,215586000000,0.548,949.91,210780000000,47599000000,-34847000000,-9010000000,6832000000,,0.188,,,,,,true,false,12,2015-04-01,2016-03-31,-1
2017-04-28,42050,2018-03-31,,140000000000,-0.001,,,,,13000000000,-0.016,13000000000,0.074,,8000000000,,36.04,,,,,,,,,,,,,,,,,,,,,,true,true,6,2017-04-01,2017-09-30,1
2017-04-28,42050,2018-03-31,,290000000000,0.008,,,,,29000000000,-0.057,30000000000,-0.057,,20000000000,,90.10,,,,,,,,,,,,,,,,0.189,,,,,,true,true,12,2017-04-01,2018-03-31,1
2017-04-28,42050,2017-03-31,,193405000000,-0.022,,,,,23219000000,0.007,24722000000,-0.050,19471000000,,0.466,87.72,87.60,,,,,347651000000,196910000000,0.566,886.05,196688000000,,,,,16.00,,,,237075556,15093031,221957049,false,false,12,2016-04-01,2017-03-31,0
2017-04-28,42050,2016-03-31,,197698000000,-0.077,,,,,23062000000,-0.027,26010000000,-0.027,13283000000,,-0.252,58.67,58.58,,,,,310533000000,171312000000,0.551,770.89,171058000000,,,,,15.00,,,,237075556,15179841,226389994,false,false,12,2015-04-01,2016-03-31,-1
2017-04-28,42050,2018-03-31,,,,,,,,,,,,,,,,,,,,,,,,,,,,,,17.00,,,,,,,false,true,12,2017-04-01,2018-03-31,1
2017-07-31,42050,2018-03-31,1,82775000000,0.183,,,,,9715000000,0.377,10807000000,0.873,,7005000000,,31.56,31.51,,,,,407020000000,252134000000,0.608,,247425000000,,,,,,,,,,,,true,false,3,2017-04-01,2017-06-30,0
2017-07-31,42050,2017-03-31,1,69998000000,-0.078,,,,,7054000000,-0.101,5771000000,-0.324,,3861000000,,17.40,17.38,,,,,,,,,,,,,,,,,,,,,true,false,3,2016-04-01,2016-06-30,-1
2017-07-31,42050,2018-03-31,1,140000000000,-0.001,,,,,13000000000,-0.016,13000000000,0.074,,8000000000,,36.04,,,,,,,,,,,,,,,,,,,,,,true,true,6,2017-04-01,2017-09-30,0
2017-07-31,42050,2018-03-31,1,290000000000,0.008,,,,,29000000000,-0.057,30000000000,-0.057,,20000000000,,90.10,,,,,,,,,,,,,,,,,,,,,,true,true,12,2017-04-01,2018-03-31,0
2017-07-31,42050,2017-03-31,1,,,,,,,,,,,,,,,,,,,,411415000000,244634000000,0.584,,240189000000,,,,,,,,,,,,true,false,12,2016-04-01,2017-03-31,-1
2017-07-31,42050,2017-03-31,1,,,,,,,,,,,,,,,,,,,,,,,,,,,,,16.00,,,,237075556,15093031,,false,false,12,2016-04-01,2017-03-31,-1
2017-07-31,42050,2018-03-31,1,,,,,,,,,,,,,,,,,,,,,,,,,,,,,17.00,,,,,,,false,true,12,2017-04-01,2018-03-31,0
2017-07-31,42050,2018-03-31,1,,,,,,,,,,,,,,,,,,,,,,,,,,,,,,,,,237075556,15093201,221982435,false,false,3,2017-04-01,2017-06-30,0
2017-07-31,42050,2017-03-31,1,,,,,,,,,,,,,,,,,,,,,,,,,,,,,,,,,,,221895594,false,false,3,2016-04-01,2016-06-30,-1
2017-09-29,42050,2018-03-31,,165000000000,0.179,,,,,19000000000,0.462,21000000000,0.615,14000000000,,0.750,63.07,,,,,,,,,,,,,,,,,,,,,,true,true,6,2017-04-01,2017-09-30,0
2017-09-29,42050,2017-03-31,,140201000000,,,,,,13217000000,,12101000000,,8071000000,,,36.37,,,,,,,,,,,,,,,,,,,,,,true,false,6,2016-04-01,2016-09-30,-1
2017-09-29,42050,2018-03-31,,325000000000,0.121,,,,,35000000000,0.207,38000000000,0.267,,25000000000,,112.62,,,,,,,,,,,,,,,,,,,,,,true,true,12,2017-04-01,2018-03-31,0
2017-09-29,42050,2017-03-31,,287624000000,,,,,,30767000000,,31805000000,,,23152000000,,104.31,,,,,,,,,,,,,,,,,,,,,,true,false,12,2016-04-01,2017-03-31,-1
2017-10-31,42050,2018-03-31,2,166672000000,0.189,,,,,19907000000,0.506,21659000000,0.790,,14341000000,,64.60,64.52,,,,,434861000000,263619000000,0.595,,258804000000,,,,,,,,,,,,true,false,6,2017-04-01,2017-09-30,0
2017-10-31,42050,2017-03-31,2,140201000000,-0.080,,,,,13217000000,-0.200,12101000000,-0.295,,8071000000,,36.37,36.32,,,,,,,,,,,,,,,,,,,,,true,false,6,2016-04-01,2016-09-30,-1
2017-10-31,42050,2018-03-31,2,325000000000,0.130,,,,,35000000000,0.138,38000000000,0.195,,25000000000,,112.62,,,,,,,,,,,,,,,,,,,,,,true,true,12,2017-04-01,2018-03-31,0
2017-10-31,42050,2017-03-31,2,,,,,,,,,,,,,,,,,,,,411415000000,244634000000,0.584,,240189000000,,,,,,,,,,,,true,false,12,2016-04-01,2017-03-31,-1
2017-10-31,42050,2017-03-31,2,,,,,,,,,,,,,,,,,,,,,,,,,,,,,16.00,,,,237075556,15093031,,false,false,12,2016-04-01,2017-03-31,-1
2017-10-31,42050,2018-03-31,2,,,,,,,,,,,,,,,,,,,,,,,,,,,,,8.00,,,,,,,false,false,12,2017-04-01,2018-03-31,0
2017-10-31,42050,2018-03-31,2,,,,,,,,,,,,,,,,,,,,,,,,,,,,,17.00,,,,,,,false,true,12,2017-04-01,2018-03-31,0
2017-10-31,42050,2018-03-31,2,,,,,,,,,,,,,,,,,,,,,,,,,,,,,,,,,237075556,15054236,221999195,false,false,6,2017-04-01,2017-09-30,0
2017-10-31,42050,2017-03-31,2,,,,,,,,,,,,,,,,,,,,,,,,,,,,,,,,,,,221934333,false,false,6,2016-04-01,2016-09-30,-1
2018-01-31,42050,2018-03-31,3,251017000000,0.192,,,,,30680000000,0.420,32855000000,0.480,,6375000000,,28.71,28.68,,,,,448447000000,260096000000,0.573,,257013000000,,,,,,,,,,,,true,false,9,2017-04-01,2017-12-31,0
2018-01-31,42050,2017-03-31,3,210610000000,-0.063,,,,,21612000000,-0.109,22194000000,-0.127,,16026000000,,72.20,72.11,,,,,,,,,,,,,,,,,,,,,true,false,9,2016-04-01,2016-12-31,-1
2018-01-31,42050,2018-03-31,3,335000000000,0.165,,,,,39000000000,0.268,42000000000,0.321,,13000000000,,58.56,,,,,,,,,,,,,,,,,,,,,,true,true,12,2017-04-01,2018-03-31,0
2018-01-31,42050,2017-03-31,3,,,,,,,,,,,,,,,,,,,,411415000000,244634000000,0.584,,240189000000,,,,,,,,,,,,true,false,12,2016-04-01,2017-03-31,-1
2018-01-31,42050,2017-03-31,3,,,,,,,,,,,,,,,,,,,,,,,,,,,,,16.00,,,,237075556,15093031,,false,false,12,2016-04-01,2017-03-31,-1
2018-01-31,42050,2018-03-31,3,,,,,,,,,,,,,,,,,,,,,,,,,,,,,8.00,,,,,,,false,false,12,2017-04-01,2018-03-31,0
2018-01-31,42050,2018-03-31,3,,,,,,,,,,,,,,,,,,,,,,,,,,,,,17.00,,,,,,,false,true,12,2017-04-01,2018-03-31,0
2018-01-31,42050,2018-03-31,3,,,,,,,,,,,,,,,,,,,,,,,,,,,,,,,,,237075556,15054478,222005794,false,false,9,2017-04-01,2017-12-31,0
2018-01-31,42050,2017-03-31,3,,,,,,,,,,,,,,,,,,,,,,,,,,,,,,,,,,,221949300,false,false,9,2016-04-01,2016-12-31,-1
2018-01-31,42050,2018-03-31,,335000000000,0.031,,,,,39000000000,0.114,42000000000,0.105,,13000000000,,58.56,,,,,,,,,,,,,,,,,,,,,,true,true,12,2017-04-01,2018-03-31,0
2018-01-31,42050,2017-03-31,,287624000000,,,,,,30767000000,,31805000000,,,23152000000,,104.31,,,,,,,,,,,,,,,,,,,,,,true,false,12,2016-04-01,2017-03-31,-1
2018-04-27,42050,2018-03-31,,332682000000,0.157,,,,,38881000000,0.264,40893000000,0.286,,13056000000,,58.81,58.73,0.053,0.096,0.117,,443917000000,259940000000,0.579,1158.30,257167000000,54462000000,-14951000000,-11625000000,39791000000,,0.289,,,,,,true,false,12,2017-04-01,2018-03-31,0
2018-04-27,42050,2017-03-31,,287624000000,-0.027,,,,,30767000000,0.031,31805000000,-0.011,,23152000000,,104.31,104.17,0.103,0.080,0.107,,411415000000,244634000000,0.584,1082.02,240189000000,49042000000,-29121000000,-15834000000,11368000000,,0.153,,,,,,true,false,12,2016-04-01,2017-03-31,-1
2018-04-27,42050,2019-03-31,,160000000000,-0.040,,,,,16000000000,-0.196,17000000000,-0.215,,12000000000,,54.05,,,,,,,,,,,,,,,,,,,,,,true,true,6,2018-04-01,2018-09-30,1
2018-04-27,42050,2019-03-31,,320000000000,-0.038,,,,,32000000000,-0.177,34000000000,-0.169,,24000000000,,108.10,,,,,,,,,,,,,,,,0.167,,,,,,true,true,12,2018-04-01,2019-03-31,1
2018-04-27,42050,2018-03-31,,219002000000,0.132,,,,,27856000000,0.200,32324000000,0.308,1759000000,,-0.910,7.92,7.91,,,,,373254000000,200738000000,0.537,903.03,200491000000,,,,,17.00,,,,237075556,15054569,222009301,false,false,12,2017-04-01,2018-03-31,0
2018-04-27,42050,2017-03-31,,193405000000,-0.022,,,,,23219000000,0.007,24722000000,-0.050,19471000000,,0.466,87.72,87.60,,,,,347651000000,196910000000,0.566,886.05,196688000000,,,,,16.00,,,,237075556,15093031,221957049,false,false,12,2016-04-01,2017-03-31,-1
2018-04-27,42050,2019-03-31,,,,,,,,,,,,,,,,,,,,,,,,,,,,,,18.00,,,,,,,false,true,12,2018-04-01,2019-03-31,1
,42050,2019-03-31,,,,,,,,,,,,,,,,,,,,,,,,,,,,,,19.00,,,,,,,false,true,12,2018-04-01,2019-03-31,0
,42050,2018-03-31,,,,,,,,,,,,,,,,,,,,,,,,,,,,,,17.00,,,,,,,false,false,12,2017-04-01,2018-03-31,-1
2018-07-31,42050,2019-03-31,1,83672000000,0.011,,,,,8456000000,-0.130,9658000000,-0.106,,6653000000,,29.97,29.93,,,,,425028000000,259381000000,0.604,,256566000000,,,,,,,,,,,,true,false,3,2018-04-01,2018-06-30,0
2018-07-31,42050,2018-03-31,1,82775000000,0.183,,,,,9715000000,0.377,10807000000,0.873,,7005000000,,31.56,31.51,,,,,,,,,,,,,,,,,,,,,true,false,3,2017-04-01,2017-06-30,-1
2018-07-31,42050,2019-03-31,1,160000000000,-0.040,,,,,16000000000,-0.196,17000000000,-0.215,,12000000000,,54.42,,,,,,,,,,,,,,,,,,,,,,true,true,6,2018-04-01,2018-09-30,0
2018-07-31,42050,2019-03-31,1,320000000000,-0.038,,,,,32000000000,-0.177,34000000000,-0.169,,24000000000,,109.30,,,,,,,,,,,,,,,,,,,,,,true,true,12,2018-04-01,2019-03-31,0
2018-07-31,42050,2018-03-31,1,,,,,,,,,,,,,,,,,,,,440519000000,259940000000,0.584,,257167000000,,,,,,,,,,,,true,false,12,2017-04-01,2018-03-31,-1
2018-07-31,42050,2018-03-31,1,,,,,,,,,,,,,,,,,,,,,,,,,,,,,17.00,,,,237075556,15054569,,false,false,12,2017-04-01,2018-03-31,-1
2018-07-31,42050,2019-03-31,1,,,,,,,,,,,,,,,,,,,,,,,,,,,,,19.00,,,,,,,false,true,12,2018-04-01,2019-03-31,0
2018-07-31,42050,2019-03-31,1,,,,,,,,,,,,,,,,,,,,,,,,,,,,,,,,,237075556,15054658,222020920,false,false,3,2018-04-01,2018-06-30,0
2018-07-31,42050,2018-03-31,1,,,,,,,,,,,,,,,,,,,,,,,,,,,,,,,,,,,221982435,false,false,3,2017-04-01,2017-06-30,-1
2018-10-31,42050,2019-03-31,2,169031000000,0.014,,,,,17979000000,-0.097,20273000000,-0.064,,14549000000,,65.98,65.89,,,,,439158000000,267570000000,0.603,,264681000000,,,,,,,,,,,,true,false,6,2018-04-01,2018-09-30,0
2018-10-31,42050,2018-03-31,2,166672000000,0.189,,,,,19907000000,0.506,21659000000,0.790,,14341000000,,64.60,64.52,,,,,,,,,,,,,,,,,,,,,true,false,6,2017-04-01,2017-09-30,-1
2018-10-31,42050,2019-03-31,2,320000000000,-0.038,,,,,32000000000,-0.177,34000000000,-0.169,,24000000000,,109.30,,,,,,,,,,,,,,,,,,,,,,true,true,12,2018-04-01,2019-03-31,0
2018-10-31,42050,2018-03-31,2,,,,,,,,,,,,,,,,,,,,440519000000,259940000000,0.584,,257167000000,,,,,,,,,,,,true,false,12,2017-04-01,2018-03-31,-1
2018-10-31,42050,2018-03-31,2,,,,,,,,,,,,,,,,,,,,,,,,,,,,,17.00,,,,237075556,15054569,,false,false,12,2017-04-01,2018-03-31,-1
2018-10-31,42050,2019-03-31,2,,,,,,,,,,,,,,,,,,,,,,,,,,,,,9.00,,,,,,,false,false,12,2018-04-01,2019-03-31,0
2018-10-31,42050,2019-03-31,2,,,,,,,,,,,,,,,,,,,,,,,,,,,,,19.00,,,,,,,false,true,12,2018-04-01,2019-03-31,0
2018-10-31,42050,2019-03-31,2,,,,,,,,,,,,,,,,,,,,,,,,,,,,,,,,,237075556,18576642,220511496,false,false,6,2018-04-01,2018-09-30,0
2018-10-31,42050,2018-03-31,2,,,,,,,,,,,,,,,,,,,,,,,,,,,,,,,,,,,221999195,false,false,6,2017-04-01,2017-09-30,-1
2019-01-31,42050,2019-03-31,3,254550000000,0.014,,,,,27020000000,-0.119,29303000000,-0.108,,12575000000,,57.18,57.10,,,,,417451000000,253030000000,0.599,,249959000000,,,,,,,,,,,,true,false,9,2018-04-01,2018-12-31,0
2019-01-31,42050,2018-03-31,3,251017000000,0.192,,,,,30680000000,0.420,32855000000,0.480,,6375000000,,28.71,28.68,,,,,,,,,,,,,,,,,,,,,true,false,9,2017-04-01,2017-12-31,-1
2019-01-31,42050,2019-03-31,3,340000000000,0.022,,,,,34000000000,-0.126,37000000000,-0.095,,18000000000,,81.97,,,,,,,,,,,,,,,,,,,,,,true,true,12,2018-04-01,2019-03-31,0
2019-01-31,42050,2018-03-31,3,,,,,,,,,,,,,,,,,,,,440519000000,259940000000,0.584,,257167000000,,,,,,,,,,,,true,false,12,2017-04-01,2018-03-31,-1
2019-01-31,42050,2018-03-31,3,,,,,,,,,,,,,,,,,,,,,,,,,,,,,17.00,,,,237075556,15054569,,false,false,12,2017-04-01,2018-03-31,-1
2019-01-31,42050,2019-03-31,3,,,,,,,,,,,,,,,,,,,,,,,,,,,,,9.00,,,,,,,false,false,12,2018-04-01,2019-03-31,0
2019-01-31,42050,2019-03-31,3,,,,,,,,,,,,,,,,,,,,,,,,,,,,,19.00,,,,,,,false,true,12,2018-04-01,2019-03-31,0
2019-01-31,42050,2019-03-31,3,,,,,,,,,,,,,,,,,,,,,,,,,,,,,,,,,237075556,18576875,219907679,false,false,9,2018-04-01,2018-12-31,0
2019-01-31,42050,2018-03-31,3,,,,,,,,,,,,,,,,,,,,,,,,,,,,,,,,,,,222005794,false,false,9,2017-04-01,2017-12-31,-1
2019-01-31,42050,2019-03-31,,340000000000,0.063,,,,,34000000000,0.063,37000000000,0.088,,18000000000,,81.97,,,,,,,,,,,,,,,,,,,,,,true,true,12,2018-04-01,2019-03-31,0
2019-01-31,42050,2018-03-31,,332682000000,,,,,,38881000000,,40893000000,,,13056000000,,58.81,,,,,,,,,,,,,,,,,,,,,,true,false,12,2017-04-01,2018-03-31,-1
2019-04-26,42050,2019-03-31,,337499000000,0.014,,,,,33147000000,-0.147,36319000000,-0.112,,18458000000,,84.06,83.94,0.072,0.084,0.098,,424937000000,259156000000,0.603,1172.40,256167000000,40393000000,-21426000000,-23575000000,34846000000,,0.226,,,,,,true,false,12,2018-04-01,2019-03-31,0
2019-04-26,42050,2018-03-31,,332682000000,0.157,,,,,38881000000,0.264,40893000000,0.286,,13056000000,,58.81,58.73,0.053,0.096,0.117,,440519000000,259940000000,0.584,1158.30,257167000000,54462000000,-14951000000,-11625000000,39791000000,,0.289,,,,,,true,false,12,2017-04-01,2018-03-31,-1
2019-04-26,42050,2020-03-31,,160000000000,-0.053,,,,,14500000000,-0.194,15500000000,-0.235,,11000000000,,50.34,,,,,,,,,,,,,,,,,,,,,,true,true,6,2019-04-01,2019-09-30,1
2019-04-26,42050,2020-03-31,,330000000000,-0.022,,,,,30000000000,-0.095,32000000000,-0.119,,22000000000,,100.69,,,,,,,,,,,,,,,,0.199,,,,,,true,true,12,2019-04-01,2020-03-31,1
2019-04-26,42050,2019-03-31,,223848000000,0.022,,,,,21973000000,-0.211,27573000000,-0.147,10270000000,,4.840,46.77,46.70,,,,,350230000000,192771000000,0.550,880.90,192475000000,,,,,19.00,,,,237075556,18577060,219582485,false,false,12,2018-04-01,2019-03-31,0
2019-04-26,42050,2018-03-31,,219002000000,0.132,,,,,27856000000,0.200,32324000000,0.308,1759000000,,-0.910,7.92,7.91,,,,,370538000000,200738000000,0.541,903.03,200491000000,,,,,17.00,,,,237075556,15054569,222009301,false,false,12,2017-04-01,2018-03-31,-1
2019-04-26,42050,2020-03-31,,,,,,,,,,,,,,,,,,,,,,,,,,,,,,20.00,,,,,,,false,true,12,2019-04-01,2020-03-31,1
2019-07-31,42050,2020-03-31,1,82418000000,-0.015,,,,,8325000000,-0.016,8664000000,-0.103,,6065000000,,27.76,27.72,,,,,412551000000,261279000000,0.626,,258170000000,,,,,,,,,,,,true,false,3,2019-04-01,2019-06-30,0
2019-07-31,42050,2019-03-31,1,83672000000,0.011,,,,,8456000000,-0.130,9658000000,-0.106,,6653000000,,29.97,29.93,,,,,,,,,,,,,,,,,,,,,true,false,3,2018-04-01,2018-06-30,-1
2019-07-31,42050,2020-03-31,1,160000000000,-0.053,,,,,14500000000,-0.194,15500000000,-0.235,,11000000000,,50.34,,,,,,,,,,,,,,,,,,,,,,true,true,6,2019-04-01,2019-09-30,0
2019-07-31,42050,2020-03-31,1,330000000000,-0.022,,,,,30000000000,-0.095,32000000000,-0.119,,22000000000,,100.69,,,,,,,,,,,,,,,,,,,,,,true,true,12,2019-04-01,2020-03-31,0
2019-07-31,42050,2019-03-31,1,,,,,,,,,,,,,,,,,,,,424937000000,259156000000,0.603,,256167000000,,,,,,,,,,,,true,false,12,2018-04-01,2019-03-31,-1
2019-07-31,42050,2019-03-31,1,,,,,,,,,,,,,,,,,,,,,,,,,,,,,19.00,,,,237075556,18577060,,false,false,12,2018-04-01,2019-03-31,-1
2019-07-31,42050,2020-03-31,1,,,,,,,,,,,,,,,,,,,,,,,,,,,,,20.00,,,,,,,false,true,12,2019-04-01,2020-03-31,0
2019-07-31,42050,2020-03-31,1,,,,,,,,,,,,,,,,,,,,,,,,,,,,,,,,,237075556,18577212,218498401,false,false,3,2019-04-01,2019-06-30,0
2019-07-31,42050,2019-03-31,1,,,,,,,,,,,,,,,,,,,,,,,,,,,,,,,,,,,222020920,false,false,3,2018-04-01,2018-06-30,-1
2019-10-31,42050,2020-03-31,2,163358000000,-0.034,,,,,15020000000,-0.165,16045000000,-0.209,,11550000000,,52.85,52.78,,,,,411083000000,267101000000,0.642,,264004000000,,,,,,,,,,,,true,false,6,2019-04-01,2019-09-30,0
2019-10-31,42050,2019-03-31,2,169031000000,0.014,,,,,17979000000,-0.097,20273000000,-0.064,,14549000000,,65.98,65.89,,,,,,,,,,,,,,,,,,,,,true,false,6,2018-04-01,2018-09-30,-1
2019-10-31,42050,2020-03-31,2,330000000000,-0.022,,,,,30000000000,-0.095,32000000000,-0.119,,22000000000,,100.69,,,,,,,,,,,,,,,,,,,,,,true,true,12,2019-04-01,2020-03-31,0
2019-10-31,42050,2019-03-31,2,,,,,,,,,,,,,,,,,,,,424937000000,259156000000,0.603,,256167000000,,,,,,,,,,,,true,false,12,2018-04-01,2019-03-31,-1
2019-10-31,42050,2019-03-31,2,,,,,,,,,,,,,,,,,,,,,,,,,,,,,19.00,,,,237075556,18577060,,false,false,12,2018-04-01,2019-03-31,-1
2019-10-31,42050,2020-03-31,2,,,,,,,,,,,,,,,,,,,,,,,,,,,,,11.00,,,,,,,false,false,12,2019-04-01,2020-03-31,0
2019-10-31,42050,2020-03-31,2,,,,,,,,,,,,,,,,,,,,,,,,,,,,,21.00,,,,,,,false,true,12,2019-04-01,2020-03-31,0
2019-10-31,42050,2020-03-31,2,,,,,,,,,,,,,,,,,,,,,,,,,,,,,,,,,237075556,18515299,218524921,false,false,6,2019-04-01,2019-09-30,0
2019-10-31,42050,2019-03-31,2,,,,,,,,,,,,,,,,,,,,,,,,,,,,,,,,,,,220511496,false,false,6,2018-04-01,2018-09-30,-1
2020-01-30,42050,2020-03-31,3,242553000000,-0.047,,,,,21540000000,-0.203,23518000000,-0.197,,16668000000,,76.27,76.16,,,,,440563000000,272374000000,0.611,,269268000000,,,,,,,,,,,,true,false,9,2019-04-01,2019-12-31,0
2020-01-30,42050,2019-03-31,3,254550000000,0.014,,,,,27020000000,-0.119,29303000000,-0.108,,12575000000,,57.18,57.10,,,,,,,,,,,,,,,,,,,,,true,false,9,2018-04-01,2018-12-31,-1
2020-01-30,42050,2020-03-31,3,320000000000,-0.052,,,,,25000000000,-0.246,27000000000,-0.257,,18000000000,,82.37,,,,,,,,,,,,,,,,,,,,,,true,true,12,2019-04-01,2020-03-31,0
2020-01-30,42050,2019-03-31,3,,,,,,,,,,,,,,,,,,,,424937000000,259156000000,0.603,,256167000000,,,,,,,,,,,,true,false,12,2018-04-01,2019-03-31,-1
2020-01-30,42050,2019-03-31,3,,,,,,,,,,,,,,,,,,,,,,,,,,,,,19.00,,,,237075556,18577060,,false,false,12,2018-04-01,2019-03-31,-1
2020-01-30,42050,2020-03-31,3,,,,,,,,,,,,,,,,,,,,,,,,,,,,,11.00,,,,,,,false,false,12,2019-04-01,2020-03-31,0
2020-01-30,42050,2020-03-31,3,,,,,,,,,,,,,,,,,,,,,,,,,,,,,21.00,,,,,,,false,true,12,2019-04-01,2020-03-31,0
2020-01-30,42050,2020-03-31,3,,,,,,,,,,,,,,,,,,,,,,,,,,,,,,,,,237075556,18515397,218535512,false,false,9,2019-04-01,2019-12-31,0
2020-01-30,42050,2019-03-31,3,,,,,,,,,,,,,,,,,,,,,,,,,,,,,,,,,,,219907679,false,false,9,2018-04-01,2018-12-31,-1
2020-01-30,42050,2020-03-31,,320000000000,-0.030,,,,,25000000000,-0.167,27000000000,-0.156,,18000000000,,82.37,,,,,,,,,,,,,,,,,,,,,,true,true,12,2019-04-01,2020-03-31,0
2020-01-30,42050,2019-03-31,,337499000000,,,,,,33147000000,,36319000000,,,18458000000,,84.06,,,,,,,,,,,,,,,,,,,,,,true,false,12,2018-04-01,2019-03-31,-1
2020-04-28,42050,2020-03-31,,321966000000,-0.046,,,,,26104000000,-0.212,28744000000,-0.209,,20201000000,,92.44,92.30,0.079,0.069,0.081,,405131000000,260358000000,0.635,1176.87,257217000000,28430000000,-24570000000,-8276000000,30198000000,,0.227,,,,,,true,false,12,2019-04-01,2020-03-31,0
2020-04-28,42050,2019-03-31,,337499000000,0.014,,,,,33147000000,-0.147,36319000000,-0.112,,18458000000,,84.06,83.94,0.072,0.084,0.098,,424937000000,259156000000,0.603,1172.40,256167000000,40393000000,-21426000000,-23575000000,34846000000,,0.226,,,,,,true,false,12,2018-04-01,2019-03-31,-1
2020-04-28,42050,2020-03-31,,214977000000,-0.040,,,,,19268000000,-0.123,26023000000,-0.056,19594000000,,0.908,89.66,89.53,,,,,326723000000,194240000000,0.594,887.43,193957000000,,,,,21.00,,,,237075556,18515473,218541188,false,false,12,2019-04-01,2020-03-31,0
2020-04-28,42050,2019-03-31,,223848000000,0.022,,,,,21973000000,-0.211,27573000000,-0.147,10270000000,,4.840,46.77,46.70,,,,,350230000000,192771000000,0.550,880.90,192475000000,,,,,19.00,,,,237075556,18577060,219582485,false,false,12,2018-04-01,2019-03-31,-1
2020-07-31,42050,2021-03-31,1,69492000000,-0.157,,,,,4310000000,-0.482,5069000000,-0.415,,3576000000,,16.36,16.34,,,,,393727000000,265204000000,0.666,,262256000000,,,,,,,,,,,,true,false,3,2020-04-01,2020-06-30,0
2020-07-31,42050,2020-03-31,1,82418000000,-0.015,,,,,8325000000,-0.016,8664000000,-0.103,,6065000000,,27.76,27.72,,,,,,,,,,,,,,,,,,,,,true,false,3,2019-04-01,2019-06-30,-1
2020-07-31,42050,2021-03-31,1,130000000000,-0.204,,,,,7000000000,-0.534,8000000000,-0.501,,5500000000,,25.16,,,,,,,,,,,,,,,,,,,,,,true,true,6,2020-04-01,2020-09-30,0
2020-07-31,42050,2020-03-31,1,,,,,,,,,,,,,,,,,,,,405131000000,260358000000,0.635,,257217000000,,,,,,,,,,,,true,false,12,2019-04-01,2020-03-31,-1
2020-07-31,42050,2020-03-31,1,,,,,,,,,,,,,,,,,,,,,,,,,,,,,21.00,,,,237075556,18515473,,false,false,12,2019-04-01,2020-03-31,-1
2020-07-31,42050,2021-03-31,1,,,,,,,,,,,,,,,,,,,,,,,,,,,,,11.00,,,,,,,false,true,12,2020-04-01,2021-03-31,0
2020-07-31,42050,2021-03-31,1,,,,,,,,,,,,,,,,,,,,,,,,,,,,,,,,,237075556,18515547,218560064,false,false,3,2020-04-01,2020-06-30,0
2020-07-31,42050,2020-03-31,1,,,,,,,,,,,,,,,,,,,,,,,,,,,,,,,,,,,218498401,false,false,3,2019-04-01,2019-06-30,-1
2020-07-31,42050,2021-03-31,,130000000000,,,,,,7000000000,,8000000000,,5500000000,,,25.16,,,,,,,,,,,,,,,,,,,,,,true,true,6,2020-04-01,2020-09-30,0
2020-07-31,42050,2020-03-31,,163358000000,,,,,,15020000000,,16045000000,,11550000000,,,52.85,,,,,,,,,,,,,,,,,,,,,,true,false,6,2019-04-01,2019-09-30,-1
2020-07-31,42050,2021-03-31,,,,,,,,,,,,,,,,,,,,,,,,,,,,,,11.00,,,,,,,false,true,12,2020-04-01,2021-03-31,0
2020-07-31,42050,2021-03-31,,,,,,,,,,,,,,,,,,,,,,,,,,,,,,0.00,,,,,,,false,false,12,2020-04-01,2021-03-31,0
2020-07-31,42050,2020-03-31,,,,,,,,,,,,,,,,,,,,,,,,,,,,,,21.00,,,,,,,false,false,12,2019-04-01,2020-03-31,-1
2020-10-16,42050,2021-03-31,,137400000000,0.057,,,,,9900000000,0.414,10900000000,0.363,8100000000,,0.473,37.05,,,,,,,,,,,,,,,,,,,,,,true,true,6,2020-04-01,2020-09-30,0
2020-10-16,42050,2020-03-31,,163358000000,,,,,,15020000000,,16045000000,,11550000000,,,52.85,,,,,,,,,,,,,,,,,,,,,,true,false,6,2019-04-01,2019-09-30,-1
2020-10-16,42050,2021-03-31,,275000000000,,,,,,16000000000,,19000000000,,13000000000,,,59.45,,,,,,,,,,,,,,,,,,,,,,true,true,12,2020-04-01,2021-03-31,0
2020-10-16,42050,2020-03-31,,321966000000,,,,,,26104000000,,28744000000,,20201000000,,,92.44,,,,,,,,,,,,,,,,,,,,,,true,false,12,2019-04-01,2020-03-31,-1
2020-10-16,42050,2021-03-31,,,,,,,,,,,,,,,,,,,,,,,,,,,,,,21.00,,,,,,,false,true,12,2020-04-01,2021-03-31,0
2020-10-16,42050,2020-03-31,,,,,,,,,,,,,,,,,,,,,,,,,,,,,,21.00,,,,,,,false,false,12,2019-04-01,2020-03-31,-1
2020-10-30,42050,2021-03-31,2,137415000000,-0.159,,,,,9913000000,-0.340,10939000000,-0.318,,8182000000,,37.42,37.38,,,,,395308000000,269880000000,0.675,,266981000000,,,,,,,,,,,,true,false,6,2020-04-01,2020-09-30,0
2020-10-30,42050,2020-03-31,2,163358000000,-0.034,,,,,15020000000,-0.165,16045000000,-0.209,,11550000000,,52.85,52.78,,,,,,,,,,,,,,,,,,,,,true,false,6,2019-04-01,2019-09-30,-1
2020-10-30,42050,2021-03-31,2,275000000000,-0.146,,,,,16000000000,-0.387,19000000000,-0.339,,13000000000,,59.45,,,,,,,,,,,,,,,,,,,,,,true,true,12,2020-04-01,2021-03-31,0
2020-10-30,42050,2020-03-31,2,,,,,,,,,,,,,,,,,,,,405131000000,260358000000,0.635,,257217000000,,,,,,,,,,,,true,false,12,2019-04-01,2020-03-31,-1
2020-10-30,42050,2020-03-31,2,,,,,,,,,,,,,,,,,,,,,,,,,,,,,21.00,,,,237075556,18515473,,false,false,12,2019-04-01,2020-03-31,-1
2020-10-30,42050,2021-03-31,2,,,,,,,,,,,,,,,,,,,,,,,,,,,,,11.00,,,,,,,false,false,12,2020-04-01,2021-03-31,0
2020-10-30,42050,2021-03-31,2,,,,,,,,,,,,,,,,,,,,,,,,,,,,,21.00,,,,,,,false,true,12,2020-04-01,2021-03-31,0
2020-10-30,42050,2021-03-31,2,,,,,,,,,,,,,,,,,,,,,,,,,,,,,,,,,237075556,18338608,218635889,false,false,6,2020-04-01,2020-09-30,0
2020-10-30,42050,2020-03-31,2,,,,,,,,,,,,,,,,,,,,,,,,,,,,,,,,,,,218524921,false,false,6,2019-04-01,2019-09-30,-1
2021-01-29,42050,2021-03-31,3,216304000000,-0.108,,,,,21070000000,-0.022,22925000000,-0.025,,17445000000,,79.78,79.70,,,,,419532000000,278855000000,0.658,,275966000000,,,,,,,,,,,,true,false,9,2020-04-01,2020-12-31,0
2021-01-29,42050,2020-03-31,3,242553000000,-0.047,,,,,21540000000,-0.203,23518000000,-0.197,,16668000000,,76.27,76.16,,,,,,,,,,,,,,,,,,,,,true,false,9,2019-04-01,2019-12-31,-1
2021-01-29,42050,2021-03-31,3,300000000000,-0.068,,,,,29000000000,0.111,32000000000,0.113,,23000000000,,105.18,,,,,,,,,,,,,,,,,,,,,,true,true,12,2020-04-01,2021-03-31,0
2021-01-29,42050,2020-03-31,3,,,,,,,,,,,,,,,,,,,,405131000000,260358000000,0.635,,257217000000,,,,,,,,,,,,true,false,12,2019-04-01,2020-03-31,-1
2021-01-29,42050,2020-03-31,3,,,,,,,,,,,,,,,,,,,,,,,,,,,,,21.00,,,,237075556,18515473,,false,false,12,2019-04-01,2020-03-31,-1
2021-01-29,42050,2021-03-31,3,,,,,,,,,,,,,,,,,,,,,,,,,,,,,11.00,,,,,,,false,false,12,2020-04-01,2021-03-31,0
2021-01-29,42050,2021-03-31,3,,,,,,,,,,,,,,,,,,,,,,,,,,,,,22.00,,,,,,,false,true,12,2020-04-01,2021-03-31,0
2021-01-29,42050,2021-03-31,3,,,,,,,,,,,,,,,,,,,,,,,,,,,,,,,,,237075556,18338793,218666174,false,false,9,2020-04-01,2020-12-31,0
2021-01-29,42050,2020-03-31,3,,,,,,,,,,,,,,,,,,,,,,,,,,,,,,,,,,,218535512,false,false,9,2019-04-01,2019-12-31,-1
2021-04-28,42050,2021-03-31,,301961000000,-0.062,,,,,33408000000,0.280,38668000000,0.345,,27716000000,,126.74,126.63,0.100,0.091,0.111,,448821000000,298246000000,0.658,1349.89,295270000000,56080000000,-30239000000,-8259000000,48152000000,,0.174,,,,,,true,false,12,2020-04-01,2021-03-31,0
2021-04-28,42050,2020-03-31,,321966000000,-0.046,,,,,26104000000,-0.212,28744000000,-0.209,,20201000000,,92.44,92.30,0.079,0.069,0.081,,405131000000,260358000000,0.635,1176.87,257217000000,28430000000,-24570000000,-8276000000,30198000000,,0.227,,,,,,true,false,12,2019-04-01,2020-03-31,-1
2021-04-28,42050,2022-03-31,,155000000000,0.128,,,,,16000000000,0.614,17000000000,0.554,,12000000000,,54.86,,,,,,,,,,,,,,,,,,,,,,true,true,6,2021-04-01,2021-09-30,1
2021-04-28,42050,2022-03-31,,310000000000,0.027,,,,,33000000000,-0.012,35000000000,-0.095,,25000000000,,114.29,,,,,,,,,,,,,,,,0.210,,,,,,true,true,12,2021-04-01,2022-03-31,1
2021-04-28,42050,2021-03-31,,208785000000,-0.029,,,,,26613000000,0.381,33154000000,0.274,24239000000,,0.237,110.84,110.74,,,,,379360000000,229111000000,0.604,1046.79,228970000000,,,,,22.00,,,,237075556,18338907,218682442,false,false,12,2020-04-01,2021-03-31,0
2021-04-28,42050,2020-03-31,,214977000000,-0.040,,,,,19268000000,-0.123,26023000000,-0.056,19594000000,,0.908,89.66,89.53,,,,,326723000000,194240000000,0.594,887.43,193957000000,,,,,21.00,,,,237075556,18515473,218541188,false,false,12,2019-04-01,2020-03-31,-1
2021-04-28,42050,2022-03-31,,,,,,,,,,,,,,,,,,,,,,,,,,,,,,24.00,,,,,,,false,true,12,2021-04-01,2022-03-31,1
2021-07-30,42050,2022-03-31,1,87171000000,0.254,,,,,13865000000,2.217,14831000000,1.926,,10051000000,,45.95,45.92,,,,,462101000000,311720000000,0.668,,308584000000,,,,,,,,,,,,true,false,3,2021-04-01,2021-06-30,0
2021-07-30,42050,2021-03-31,1,69492000000,-0.157,,,,,4310000000,-0.482,5069000000,-0.415,,3576000000,,16.36,16.34,,,,,,,,,,,,,,,,,,,,,true,false,3,2020-04-01,2020-06-30,-1
2021-07-30,42050,2022-03-31,1,178000000000,0.295,,,,,25000000000,1.522,26500000000,1.423,,18500000000,,84.58,,,,,,,,,,,,,,,,,,,,,,true,true,6,2021-04-01,2021-09-30,0
2021-07-30,42050,2022-03-31,1,333000000000,0.103,,,,,42000000000,0.257,44500000000,0.151,,31500000000,,144.01,,,,,,,,,,,,,,,,,,,,,,true,true,12,2021-04-01,2022-03-31,0
2021-07-30,42050,2021-03-31,1,,,,,,,,,,,,,,,,,,,,448821000000,298246000000,0.658,,295270000000,,,,,,,,,,,,true,false,12,2020-04-01,2021-03-31,-1
2021-07-30,42050,2021-03-31,1,,,,,,,,,,,,,,,,,,,,,,,,,,,,,22.00,,,,237075556,18338907,,false,false,12,2020-04-01,2021-03-31,-1
2021-07-30,42050,2022-03-31,1,,,,,,,,,,,,,,,,,,,,,,,,,,,,,24.00,,,,,,,false,true,12,2021-04-01,2022-03-31,0
2021-07-30,42050,2022-03-31,1,,,,,,,,,,,,,,,,,,,,,,,,,,,,,,,,,237075556,18339046,218736580,false,false,3,2021-04-01,2021-06-30,0
2021-07-30,42050,2021-03-31,1,,,,,,,,,,,,,,,,,,,,,,,,,,,,,,,,,,,218560064,false,false,3,2020-04-01,2020-06-30,-1
2021-10-29,4205,2022-03-31,2,179075000000,0.303,,,,,24951000000,1.517,26578000000,1.430,,18394000000,,84.09,84.03,,,,,489691000000,317211000000,0.641,,314054000000,,,,,,,,,,,,true,false,6,2021-04-01,2021-09-30,0
2021-10-29,4205,2021-03-31,2,137415000000,-0.159,,,,,9913000000,-0.340,10939000000,-0.318,,8182000000,,37.42,37.38,,,,,,,,,,,,,,,,,,,,,true,false,6,2020-04-01,2020-09-30,-1
2021-10-29,4205,2022-03-31,2,333000000000,0.103,,,,,42000000000,0.257,44500000000,0.151,,31500000000,,144.01,,,,,,,,,,,,,,,,,,,,,,true,true,12,2021-04-01,2022-03-31,0
2021-10-29,4205,2021-03-31,2,,,,,,,,,,,,,,,,,,,,448821000000,298246000000,0.658,,295270000000,,,,,,,,,,,,true,false,12,2020-04-01,2021-03-31,-1
2021-10-29,4205,2021-03-31,2,,,,,,,,,,,,,,,,,,,,,,,,,,,,,22.00,,,,237075556,18338907,,false,false,12,2020-04-01,2021-03-31,-1
2021-10-29,4205,2022-03-31,2,,,,,,,,,,,,,,,,,,,,,,,,,,,,,13.00,,,,,,,false,false,12,2021-04-01,2022-03-31,0
2021-10-29,4205,2022-03-31,2,,,,,,,,,,,,,,,,,,,,,,,,,,,,,25.00,,,,,,,false,true,12,2021-04-01,2022-03-31,0
2021-10-29,4205,2022-03-31,2,,,,,,,,,,,,,,,,,,,,,,,,,,,,,,,,,237075556,18308120,218749825,false,false,6,2021-04-01,2021-09-30,0
2021-10-29,4205,2021-03-31,2,,,,,,,,,,,,,,,,,,,,,,,,,,,,,,,,,,,218635889,false,false,6,2020-04-01,2020-09-30,-1
2022-01-31,4205,2022-03-31,3,268756000000,0.242,,,,,36405000000,0.728,39127000000,0.707,,27364000000,,125.09,125.00,,,,,507735000000,322136000000,0.628,,318983000000,,,,,,,,,,,,true,false,9,2021-04-01,2021-12-31,0
2022-01-31,4205,2021-03-31,3,216304000000,-0.108,,,,,21070000000,-0.022,22925000000,-0.025,,17445000000,,79.78,79.70,,,,,,,,,,,,,,,,,,,,,true,false,9,2020-04-01,2020-12-31,-1
2022-01-31,4205,2022-03-31,3,363000000000,0.202,,,,,45500000000,0.362,49000000000,0.267,,33500000000,,153.64,,,,,,,,,,,,,,,,,,,,,,true,true,12,2021-04-01,2022-03-31,0
2022-01-31,4205,2021-03-31,3,,,,,,,,,,,,,,,,,,,,448821000000,298246000000,0.658,,295270000000,,,,,,,,,,,,true,false,12,2020-04-01,2021-03-31,-1
2022-01-31,4205,2021-03-31,3,,,,,,,,,,,,,,,,,,,,,,,,,,,,,22.00,,,,237075556,18338907,,false,false,12,2020-04-01,2021-03-31,-1
2022-01-31,4205,2022-03-31,3,,,,,,,,,,,,,,,,,,,,,,,,,,,,,13.00,,,,,,,false,false,12,2021-04-01,2022-03-31,0
2022-01-31,4205,2022-03-31,3,,,,,,,,,,,,,,,,,,,,,,,,,,,,,28.00,,,,,,,false,true,12,2021-04-01,2022-03-31,0
2022-01-31,4205,2022-03-31,3,,,,,,,,,,,,,,,,,,,,,,,,,,,,,,,,,237075556,18308031,218755127,false,false,9,2021-04-01,2021-12-31,0
2022-01-31,4205,2021-03-31,3,,,,,,,,,,,,,,,,,,,,,,,,,,,,,,,,,,,218666174,false,false,9,2020-04-01,2020-12-31,-1
2022-04-27,4205,2022-03-31,,361730000000,0.198,,,,,44432000000,0.330,49468000000,0.279,,33413000000,,153.22,153.12,0.109,0.106,0.123,,484660000000,321836000000,0.657,1487.33,318623000000,33140000000,-26436000000,-11883000000,44521000000,,0.183,,,,,,true,false,12,2021-04-01,2022-03-31,0
2022-04-27,4205,2021-03-31,,301961000000,-0.062,,,,,33408000000,0.280,38668000000,0.345,,27716000000,,126.74,126.63,0.100,0.091,0.111,,448821000000,298246000000,0.658,1349.89,295270000000,56080000000,-30239000000,-8259000000,48152000000,,0.174,,,,,,true,false,12,2020-04-01,2021-03-31,-1
2022-04-27,4205,2023-03-31,,199000000000,0.111,,,,,21500000000,-0.138,23000000000,-0.135,,16500000000,,77.88,,,,,,,,,,,,,,,,,,,,,,true,true,6,2022-04-01,2022-09-30,1
2022-04-27,4205,2023-03-31,,400000000000,0.106,,,,,45500000000,0.024,48000000000,-0.030,,34500000000,,163.04,,,,,,,,,,,,,,,,0.221,,,,,,true,true,12,2022-04-01,2023-03-31,1
2022-04-27,4205,2022-03-31,,255112000000,0.222,,,,,36015000000,0.353,40597000000,0.225,28072000000,,0.158,128.73,128.64,,,,,402682000000,240125000000,0.596,1120.31,239999000000,,,,,28.00,,,,237075556,22850333,218062526,false,false,12,2021-04-01,2022-03-31,0
2022-04-27,4205,2021-03-31,,208785000000,-0.029,,,,,26613000000,0.381,33154000000,0.274,24239000000,,0.237,110.84,110.74,,,,,379360000000,229111000000,0.604,1046.79,228970000000,,,,,22.00,,,,237075556,18338907,218682442,false,false,12,2020-04-01,2021-03-31,-1
2022-04-27,4205,2023-03-31,,,,,,,,,,,,,,,,,,,,,,,,,,,,,,36.00,,,,,,,false,true,12,2022-04-01,2023-03-31,1
2022-07-28,4205,2023-03-31,1,97576000000,0.119,,,,,10726000000,-0.226,12940000000,-0.127,,8706000000,,40.98,40.96,,,,,498082000000,328084000000,0.652,,324552000000,,,,,,,,,,,,true,false,3,2022-04-01,2022-06-30,0
2022-07-28,4205,2022-03-31,1,87171000000,0.254,,,,,13865000000,2.217,14831000000,1.926,,10051000000,,45.95,45.92,,,,,,,,,,,,,,,,,,,,,true,false,3,2021-04-01,2021-06-30,-1
2022-07-28,4205,2023-03-31,1,199000000000,0.111,,,,,21500000000,-0.138,23000000000,-0.135,,16500000000,,77.88,,,,,,,,,,,,,,,,,,,,,,true,true,6,2022-04-01,2022-09-30,0
2022-07-28,4205,2023-03-31,1,400000000000,0.106,,,,,45500000000,0.024,48000000000,-0.030,,34500000000,,163.04,,,,,,,,,,,,,,,,,,,,,,true,true,12,2022-04-01,2023-03-31,0
2022-07-28,4205,2022-03-31,1,,,,,,,,,,,,,,,,,,,,484660000000,321836000000,0.657,,318623000000,,,,,,,,,,,,true,false,12,2021-04-01,2022-03-31,-1
2022-07-28,4205,2022-03-31,1,,,,,,,,,,,,,,,,,,,,,,,,,,,,,28.00,,,,237075556,22850333,,false,false,12,2021-04-01,2022-03-31,-1
2022-07-28,4205,2023-03-31,1,,,,,,,,,,,,,,,,,,,,,,,,,,,,,36.00,,,,,,,false,true,12,2022-04-01,2023-03-31,0
2022-07-28,4205,2023-03-31,1,,,,,,,,,,,,,,,,,,,,,,,,,,,,,,,,,237075556,25870050,212416662,false,false,3,2022-04-01,2022-06-30,0
2022-07-28,4205,2022-03-31,1,,,,,,,,,,,,,,,,,,,,,,,,,,,,,,,,,,,218736580,false,false,3,2021-04-01,2021-06-30,-1
2022-10-31,4205,2023-03-31,2,197417000000,0.102,,,,,20184000000,-0.191,24400000000,-0.082,,17419000000,,82.19,82.14,,,,,525451000000,345824000000,0.651,,342097000000,,,,,,,,,,,,true,false,6,2022-04-01,2022-09-30,0
2022-10-31,4205,2022-03-31,2,179075000000,0.303,,,,,24951000000,1.517,26578000000,1.430,,18394000000,,84.09,84.03,,,,,,,,,,,,,,,,,,,,,true,false,6,2021-04-01,2021-09-30,-1
2022-10-31,4205,2023-03-31,2,412000000000,0.139,,,,,39500000000,-0.111,44500000000,-0.100,,32000000000,,151.21,,,,,,,,,,,,,,,,,,,,,,true,true,12,2022-04-01,2023-03-31,0
2022-10-31,4205,2022-03-31,2,,,,,,,,,,,,,,,,,,,,484660000000,321836000000,0.657,,318623000000,,,,,,,,,,,,true,false,12,2021-04-01,2022-03-31,-1
2022-10-31,4205,2022-03-31,2,,,,,,,,,,,,,,,,,,,,,,,,,,,,,28.00,,,,237075556,22850333,,false,false,12,2021-04-01,2022-03-31,-1
2022-10-31,4205,2023-03-31,2,,,,,,,,,,,,,,,,,,,,,,,,,,,,,18.00,,,,,,,false,false,12,2022-04-01,2023-03-31,0
2022-10-31,4205,2023-03-31,2,,,,,,,,,,,,,,,,,,,,,,,,,,,,,36.00,,,,,,,false,true,12,2022-04-01,2023-03-31,0
2022-10-31,4205,2023-03-31,2,,,,,,,,,,,,,,,,,,,,,,,,,,,,,,,,,229513656,18235211,211928863,false,false,6,2022-04-01,2022-09-30,0
2022-10-31,4205,2022-03-31,2,,,,,,,,,,,,,,,,,,,,,,,,,,,,,,,,,,,218749825,false,false,6,2021-04-01,2021-09-30,-1
2023-01-31,4205,2023-03-31,3,294205000000,0.095,,,,,27835000000,-0.235,31087000000,-0.205,,18283000000,,86.35,86.30,,,,,538224000000,343817000000,0.632,,340120000000,,,,,,,,,,,,true,false,9,2022-04-01,2022-12-31,0
2023-01-31,4205,2022-03-31,3,268756000000,0.242,,,,,36405000000,0.728,39127000000,0.707,,27364000000,,125.09,125.00,,,,,,,,,,,,,,,,,,,,,true,false,9,2021-04-01,2021-12-31,-1
2023-01-31,4205,2023-03-31,3,387000000000,0.070,,,,,28000000000,-0.370,31500000000,-0.363,,18500000000,,87.42,,,,,,,,,,,,,,,,,,,,,,true,true,12,2022-04-01,2023-03-31,0
2023-01-31,4205,2022-03-31,3,,,,,,,,,,,,,,,,,,,,484660000000,321836000000,0.657,,318623000000,,,,,,,,,,,,true,false,12,2021-04-01,2022-03-31,-1
2023-01-31,4205,2022-03-31,3,,,,,,,,,,,,,,,,,,,,,,,,,,,,,28.00,,,,237075556,22850333,,false,false,12,2021-04-01,2022-03-31,-1
2023-01-31,4205,2023-03-31,3,,,,,,,,,,,,,,,,,,,,,,,,,,,,,18.00,,,,,,,false,false,12,2022-04-01,2023-03-31,0
2023-01-31,4205,2023-03-31,3,,,,,,,,,,,,,,,,,,,,,,,,,,,,,36.00,,,,,,,false,true,12,2022-04-01,2023-03-31,0
2023-01-31,4205,2023-03-31,3,,,,,,,,,,,,,,,,,,,,,,,,,,,,,,,,,229513656,18235148,211733751,false,false,9,2022-04-01,2022-12-31,0
2023-01-31,4205,2022-03-31,3,,,,,,,,,,,,,,,,,,,,,,,,,,,,,,,,,,,218755127,false,false,9,2021-04-01,2021-12-31,-1
2023-04-19,42050,2023-03-31,,388000000000,0.003,,,,,27000000000,-0.036,31000000000,-0.016,,10500000000,,49.94,,,,,,,,,,,,,,,,,,,,,,true,true,12,2022-04-01,2023-03-31,0
2023-04-19,42050,2022-03-31,,361730000000,,,,,,44432000000,,49468000000,,,33413000000,,153.22,,,,,,,,,,,,,,,,,,,,,,true,false,12,2021-04-01,2022-03-31,-1
2023-04-26,4205,2023-03-31,,388614000000,0.074,,,,,27179000000,-0.388,31393000000,-0.365,,10569000000,,49.94,49.92,0.032,0.062,0.070,,522868000000,339308000000,0.643,1591.79,336310000000,14358000000,-28899000000,-2820000000,28270000000,,0.721,,,,,,true,false,12,2022-04-01,2023-03-31,0
2023-04-26,4205,2022-03-31,,361730000000,0.198,,,,,44432000000,0.330,49468000000,0.279,,33413000000,,153.22,153.12,0.109,0.106,0.123,,484660000000,321836000000,0.657,1487.33,318623000000,33140000000,-26436000000,-11883000000,44521000000,,0.183,,,,,,true,false,12,2021-04-01,2022-03-31,-1
2023-04-26,4205,2024-03-31,,190000000000,-0.038,,,,,7500000000,-0.628,9000000000,-0.631,,6000000000,,28.40,,,,,,,,,,,,,,,,,,,,,,true,true,6,2023-04-01,2023-09-30,1
2023-04-26,4205,2024-03-31,,399000000000,0.027,,,,,24000000000,-0.117,26000000000,-0.172,,19000000000,,89.93,,,,,,,,,,,,,,,,0.445,,,,,,true,true,12,2023-04-01,2024-03-31,1
2023-04-26,4205,2023-03-31,,253626000000,-0.006,,,,,19704000000,-0.453,24547000000,-0.395,8490000000,,-0.698,40.12,40.10,,,,,421857000000,247899000000,0.587,1172.91,247811000000,,,,,36.00,,,,229513656,18235195,211628684,false,false,12,2022-04-01,2023-03-31,0
2023-04-26,4205,2022-03-31,,255112000000,0.222,,,,,36015000000,0.353,40597000000,0.225,28072000000,,0.158,128.73,128.64,,,,,402682000000,240125000000,0.596,1120.31,239999000000,,,,,28.00,,,,237075556,22850333,218062526,false,false,12,2021-04-01,2022-03-31,-1
2023-04-26,4205,2024-03-31,,,,,,,,,,,,,,,,,,,,,,,,,,,,,,40.00,,,,,,,false,true,12,2023-04-01,2024-03-31,1
2023-07-27,4205,2024-03-31,1,91927000000,-0.058,,,,,6114000000,-0.430,8306000000,-0.358,,5836000000,,27.62,27.61,,,,,514804000000,348216000000,0.671,,345177000000,,,,,,,,,,,,true,false,3,2023-04-01,2023-06-30,0
2023-07-27,4205,2023-03-31,1,97576000000,0.119,,,,,10726000000,-0.226,12940000000,-0.127,,8706000000,,40.98,40.96,,,,,,,,,,,,,,,,,,,,,true,false,3,2022-04-01,2022-06-30,-1
2023-07-27,4205,2024-03-31,1,185000000000,-0.063,,,,,11000000000,-0.455,14500000000,-0.406,,10500000000,,49.70,,,,,,,,,,,,,,,,,,,,,,true,true,6,2023-04-01,2023-09-30,0
2023-07-27,4205,2024-03-31,1,394000000000,0.014,,,,,27500000000,0.012,31500000000,0.003,,23500000000,,111.23,,,,,,,,,,,,,,,,,,,,,,true,true,12,2023-04-01,2024-03-31,0
2023-07-27,4205,2023-03-31,1,,,,,,,,,,,,,,,,,,,,522868000000,339308000000,0.643,,336310000000,,,,,,,,,,,,true,false,12,2022-04-01,2023-03-31,-1
2023-07-27,4205,2023-03-31,1,,,,,,,,,,,,,,,,,,,,,,,,,,,,,36.00,,,,229513656,18235195,,false,false,12,2022-04-01,2023-03-31,-1
2023-07-27,4205,2024-03-31,1,,,,,,,,,,,,,,,,,,,,,,,,,,,,,40.00,,,,,,,false,true,12,2023-04-01,2024-03-31,0
2023-07-27,4205,2024-03-31,1,,,,,,,,,,,,,,,,,,,,,,,,,,,,,,,,,229513656,18235367,211278418,false,false,3,2023-04-01,2023-06-30,0
2023-07-27,4205,2023-03-31,1,,,,,,,,,,,,,,,,,,,,,,,,,,,,,,,,,,,212416662,false,false,3,2022-04-01,2022-06-30,-1
2023-10-27,4205,2024-03-31,2,185442000000,-0.061,,,,,9461000000,-0.531,13034000000,-0.466,,10359000000,,49.03,49.00,,,,,535691000000,356609000000,0.660,,353507000000,,,,,,,,,,,,true,false,6,2023-04-01,2023-09-30,0
2023-10-27,4205,2023-03-31,2,197417000000,0.102,,,,,20184000000,-0.191,24400000000,-0.082,,17419000000,,82.19,82.14,,,,,,,,,,,,,,,,,,,,,true,false,6,2022-04-01,2022-09-30,-1
2023-10-27,4205,2024-03-31,2,380000000000,-0.022,,,,,20500000000,-0.246,25000000000,-0.204,,27500000000,,130.15,,,,,,,,,,,,,,,,,,,,,,true,true,12,2023-04-01,2024-03-31,0
2023-10-27,4205,2023-03-31,2,,,,,,,,,,,,,,,,,,,,522868000000,339308000000,0.643,,336310000000,,,,,,,,,,,,true,false,12,2022-04-01,2023-03-31,-1
2023-10-27,4205,2023-03-31,2,,,,,,,,,,,,,,,,,,,,,,,,,,,,,36.00,,,,229513656,18235195,,false,false,12,2022-04-01,2023-03-31,-1
2023-10-27,4205,2024-03-31,2,,,,,,,,,,,,,,,,,,,,,,,,,,,,,20.00,,,,,,,false,false,12,2023-04-01,2024-03-31,0
2023-10-27,4205,2024-03-31,2,,,,,,,,,,,,,,,,,,,,,,,,,,,,,40.00,,,,,,,false,true,12,2023-04-01,2024-03-31,0
2023-10-27,4205,2024-03-31,2,,,,,,,,,,,,,,,,,,,,,,,,,,,,,,,,,229513656,18198098,211283687,false,false,6,2023-04-01,2023-09-30,0
2023-10-27,4205,2023-03-31,2,,,,,,,,,,,,,,,,,,,,,,,,,,,,,,,,,,,211928863,false,false,6,2022-04-01,2022-09-30,-1
2024-01-31,4205,2024-03-31,3,283806000000,-0.035,,,,,15986000000,-0.426,19912000000,-0.359,,20908000000,,98.95,98.90,,,,,547374000000,359654000000,0.651,,356584000000,,,,,,,,,,,,true,false,9,2023-04-01,2023-12-31,0
2024-01-31,4205,2023-03-31,3,294205000000,0.095,,,,,27835000000,-0.235,31087000000,-0.205,,18283000000,,86.35,86.30,,,,,,,,,,,,,,,,,,,,,true,false,9,2022-04-01,2022-12-31,-1
2024-01-31,4205,2024-03-31,3,374000000000,-0.038,,,,,18500000000,-0.319,23500000000,-0.251,,26500000000,,125.42,,,,,,,,,,,,,,,,,,,,,,true,true,12,2023-04-01,2024-03-31,0
2024-01-31,4205,2023-03-31,3,,,,,,,,,,,,,,,,,,,,522868000000,339308000000,0.643,,336310000000,,,,,,,,,,,,true,false,12,2022-04-01,2023-03-31,-1
2024-01-31,4205,2023-03-31,3,,,,,,,,,,,,,,,,,,,,,,,,,,,,,36.00,,,,229513656,18235195,,false,false,12,2022-04-01,2023-03-31,-1
2024-01-31,4205,2024-03-31,3,,,,,,,,,,,,,,,,,,,,,,,,,,,,,20.00,,,,,,,false,false,12,2023-04-01,2024-03-31,0
2024-01-31,4205,2024-03-31,3,,,,,,,,,,,,,,,,,,,,,,,,,,,,,40.00,,,,,,,false,true,12,2023-04-01,2024-03-31,0
2024-01-31,4205,2024-03-31,3,,,,,,,,,,,,,,,,,,,,,,,,,,,,,,,,,229513656,18198128,211293242,false,false,9,2023-04-01,2023-12-31,0
2024-01-31,4205,2023-03-31,3,,,,,,,,,,,,,,,,,,,,,,,,,,,,,,,,,,,211733751,false,false,9,2022-04-01,2022-12-31,-1
2024-01-31,42050,2024-03-31,,374000000000,-0.016,,,,,18500000000,-0.098,23500000000,-0.060,,26500000000,,125.42,,,,,,,,,,,,,,,,,,,,,,true,true,12,2023-04-01,2024-03-31,0
2024-01-31,42050,2023-03-31,,388614000000,,,,,,27179000000,,31393000000,,,10569000000,,49.94,,,,,,,,,,,,,,,,,,,,,,true,false,12,2022-04-01,2023-03-31,-1
2024-04-25,4205,2024-03-31,,382279000000,-0.016,,,,,20500000000,-0.246,26906000000,-0.143,,31101000000,,147.19,147.12,0.089,0.051,0.054,,532254000000,363729000000,0.681,1714.88,362380000000,47413000000,-5428000000,-30085000000,42533000000,,0.306,,,,,,true,false,12,2023-04-01,2024-03-31,0
2024-04-25,4205,2023-03-31,,388614000000,0.074,,,,,27179000000,-0.388,31393000000,-0.365,,10569000000,,49.94,49.92,0.032,0.062,0.070,,522868000000,339308000000,0.643,1591.79,336310000000,14358000000,-28899000000,-2820000000,28270000000,,0.721,,,,,,true,false,12,2022-04-01,2023-03-31,-1
2024-04-25,4205,2025-03-31,,198000000000,0.068,,,,,11000000000,0.163,11500000000,-0.118,,7000000000,,33.35,,,,,,,,,,,,,,,,,,,,,,true,true,6,2024-04-01,2024-09-30,1
2024-04-25,4205,2025-03-31,,397000000000,0.039,,,,,26500000000,0.293,27500000000,0.022,,17500000000,,84.13,,,,,,,,,,,,,,,,0.559,,,,,,true,true,12,2024-04-01,2025-03-31,1
2024-04-25,4205,2024-03-31,,252304000000,-0.005,,,,,10892000000,-0.447,21192000000,-0.137,30306000000,,2.570,143.43,143.36,,,,,440484000000,268757000000,0.610,1271.41,268669000000,,,,,45.00,,,,229513656,18198165,211298379,false,false,12,2023-04-01,2024-03-31,0
2024-04-25,4205,2023-03-31,,253626000000,-0.006,,,,,19704000000,-0.453,24547000000,-0.395,8490000000,,-0.698,40.12,40.10,,,,,421857000000,247899000000,0.587,1172.91,247811000000,,,,,36.00,,,,229513656,18235195,211628684,false,false,12,2022-04-01,2023-03-31,-1
2024-04-25,4205,2025-03-31,,,,,,,,,,,,,,,,,,,,,,,,,,,,,,47.00,,,,,,,false,true,12,2024-04-01,2025-03-31,1
2024-07-29,4205,2025-03-31,1,106105000000,0.154,,,,,9041000000,0.479,12228000000,0.472,,8190000000,,38.77,38.75,,,,,560248000000,370586000000,0.659,,369178000000,,,,,,,,,,,,true,false,3,2024-04-01,2024-06-30,0
2024-07-29,4205,2024-03-31,1,91927000000,-0.058,,,,,6114000000,-0.430,8306000000,-0.358,,5836000000,,27.62,27.61,,,,,,,,,,,,,,,,,,,,,true,false,3,2023-04-01,2023-06-30,-1
2024-07-29,4205,2025-03-31,1,210000000000,0.132,,,,,15000000000,0.585,19000000000,0.458,,12000000000,,57.02,,,,,,,,,,,,,,,,,,,,,,true,true,6,2024-04-01,2024-09-30,0
2024-07-29,4205,2025-03-31,1,397000000000,0.039,,,,,26500000000,0.293,27500000000,0.022,,17500000000,,84.13,,,,,,,,,,,,,,,,,,,,,,true,true,12,2024-04-01,2025-03-31,0
2024-07-29,4205,2024-03-31,1,,,,,,,,,,,,,,,,,,,,532254000000,363729000000,0.681,,362380000000,,,,,,,,,,,,true,false,12,2023-04-01,2024-03-31,-1
2024-07-29,4205,2024-03-31,1,,,,,,,,,,,,,,,,,,,,,,,,,,,,,45.00,,,,229513656,18198165,,false,false,12,2023-04-01,2024-03-31,-1
2024-07-29,4205,2025-03-31,1,,,,,,,,,,,,,,,,,,,,,,,,,,,,,47.00,,,,,,,false,true,12,2024-04-01,2025-03-31,0
2024-07-29,4205,2025-03-31,1,,,,,,,,,,,,,,,,,,,,,,,,,,,,,,,,,229513656,18555152,211226210,false,false,3,2024-04-01,2024-06-30,0
2024-07-29,4205,2024-03-31,1,,,,,,,,,,,,,,,,,,,,,,,,,,,,,,,,,,,211278418,false,false,3,2023-04-01,2023-06-30,-1
2024-10-28,4205,2025-03-31,2,213350000000,0.150,,,,,16802000000,0.776,18587000000,0.426,,12300000000,,58.47,58.44,,,,,534416000000,373517000000,0.697,,372721000000,,,,,,,,,,,,true,false,6,2024-04-01,2024-09-30,0
2024-10-28,4205,2024-03-31,2,185442000000,-0.061,,,,,9461000000,-0.531,13034000000,-0.466,,10359000000,,49.03,49.00,,,,,,,,,,,,,,,,,,,,,true,false,6,2023-04-01,2023-09-30,-1
2024-10-28,4205,2025-03-31,2,415000000000,0.086,,,,,23500000000,0.146,24500000000,-0.089,,19000000000,,92.10,,,,,,,,,,,,,,,,,,,,,,true,true,12,2024-04-01,2025-03-31,0
2024-10-28,4205,2024-03-31,2,,,,,,,,,,,,,,,,,,,,532254000000,363729000000,0.681,,362380000000,,,,,,,,,,,,true,false,12,2023-04-01,2024-03-31,-1
2024-10-28,4205,2024-03-31,2,,,,,,,,,,,,,,,,,,,,,,,,,,,,,45.00,,,,229513656,18198165,,false,false,12,2023-04-01,2024-03-31,-1
2024-10-28,4205,2025-03-31,2,,,,,,,,,,,,,,,,,,,,,,,,,,,,,35.00,,,,,,,false,false,12,2024-04-01,2025-03-31,0
2024-10-28,4205,2025-03-31,2,,,,,,,,,,,,,,,,,,,,,,,,,,,,,70.00,,,,,,,false,true,12,2024-04-01,2025-03-31,0
2024-10-28,4205,2025-03-31,2,,,,,,,,,,,,,,,,,,,,,,,,,,,,,,,,,229513656,20762824,210363277,false,false,6,2024-04-01,2024-09-30,0
2024-10-28,4205,2024-03-31,2,,,,,,,,,,,,,,,,,,,,,,,,,,,,,,,,,,,211283687,false,false,6,2023-04-01,2023-09-30,-1
2025-01-31,4205,2025-03-31,3,315433000000,0.111,,,,,24173000000,0.512,27369000000,0.374,,20131000000,,96.74,96.70,,,,,538583000000,349000000000,0.647,,348231000000,,,,,,,,,,,,true,false,9,2024-04-01,2024-12-31,0
2025-01-31,4205,2024-03-31,3,283806000000,-0.035,,,,,15986000000,-0.426,19912000000,-0.359,,20908000000,,98.95,98.90,,,,,,,,,,,,,,,,,,,,,true,false,9,2023-04-01,2023-12-31,-1
2025-01-31,4205,2025-03-31,3,417000000000,0.091,,,,,26500000000,0.293,30000000000,0.115,,23500000000,,114.30,,,,,,,,,,,,,,,,,,,,,,true,true,12,2024-04-01,2025-03-31,0
2025-01-31,4205,2024-03-31,3,,,,,,,,,,,,,,,,,,,,532254000000,363729000000,0.681,,362380000000,,,,,,,,,,,,true,false,12,2023-04-01,2024-03-31,-1
2025-01-31,4205,2024-03-31,3,,,,,,,,,,,,,,,,,,,,,,,,,,,,,45.00,,,,229513656,18198165,,false,false,12,2023-04-01,2024-03-31,-1
2025-01-31,4205,2025-03-31,3,,,,,,,,,,,,,,,,,,,,,,,,,,,,,35.00,,,,,,,false,false,12,2024-04-01,2025-03-31,0
2025-01-31,4205,2025-03-31,3,,,,,,,,,,,,,,,,,,,,,,,,,,,,,70.00,,,,,,,false,true,12,2024-04-01,2025-03-31,0
2025-01-31,4205,2025-03-31,3,,,,,,,,,,,,,,,,,,,,,,,,,,,,,,,,,229513656,31826584,208086276,false,false,9,2024-04-01,2024-12-31,0
2025-01-31,4205,2024-03-31,3,,,,,,,,,,,,,,,,,,,,,,,,,,,,,,,,,,,211293242,false,false,9,2023-04-01,2023-12-31,-1
2025-04-25,4205,2025-03-31,,420647000000,0.100,,,,,29321000000,0.430,33051000000,0.228,,26199000000,,127.43,127.37,0.073,0.062,0.070,,533786000000,357992000000,0.669,1810.79,357252000000,20781000000,-22026000000,-17123000000,26836000000,,0.549,,,,,,true,false,12,2024-04-01,2025-03-31,0
2025-04-25,4205,2024-03-31,,382279000000,-0.016,,,,,20500000000,-0.246,26906000000,-0.143,,31101000000,,147.19,147.12,0.089,0.051,0.054,,532254000000,363729000000,0.681,1714.88,362380000000,47413000000,-5428000000,-30085000000,42533000000,,0.306,,,,,,true,false,12,2023-04-01,2024-03-31,-1
2025-04-25,4205,2026-03-31,,203500000000,-0.046,,,,,14000000000,-0.167,13000000000,-0.301,,14500000000,,74.08,,,,,,,,,,,,,,,,,,,,,,true,true,6,2025-04-01,2025-09-30,1
2025-04-25,4205,2026-03-31,,409500000000,-0.027,,,,,28000000000,-0.045,28000000000,-0.153,,25000000000,,129.13,,,,,,,,,,,,,,,,0.558,,,,,,true,true,12,2025-04-01,2026-03-31,1
2025-04-25,4205,2025-03-31,,290545000000,0.152,,,,,17462000000,0.603,23491000000,0.109,19927000000,,-0.343,96.92,96.88,,,,,428670000000,247672000000,0.578,1254.93,247585000000,,,,,70.00,,,,215251856,17961486,205594914,false,false,12,2024-04-01,2025-03-31,0
2025-04-25,4205,2024-03-31,,252304000000,-0.005,,,,,10892000000,-0.447,21192000000,-0.137,30306000000,,2.570,143.43,143.36,,,,,440484000000,268757000000,0.610,1271.41,268669000000,,,,,45.00,,,,229513656,18198165,211298379,false,false,12,2023-04-01,2024-03-31,-1
2025-04-25,4205,2026-03-31,,,,,,,,,,,,,,,,,,,,,,,,,,,,,,72.00,,,,,,,false,true,12,2025-04-01,2026-03-31,1
