filing_date,code,fiscal_year_end,quarterly_period,net_sales,net_sales_change,revenue,revenue_change,operating_revenue,operating_revenue_change,operating_profit,operating_profit_change,ordinary_profit,ordinary_profit_change,net_income,net_income_of_parent,net_income_change,eps,diluted_eps,roe,roa,operating_profit_to_net_sales,operating_profit_to_revenue,total_assets,net_assets,equity_ratio,bps,owner_equity,operating_cash_flow,investing_cash_flow,financing_cash_flow,cash,dividend_per_share,payout_ratio,commemorative_dividend,extra_dividend,number_of_shares,number_of_treqsury_shares,avg_number_of_shares,is_consolidated,is_forecast,duration,period_start,period_end,period_pos
2015-07-31,42060,2016-03-31,1,31952000000,0.002,,,,,3068000000,0.063,3279000000,0.069,,1945000000,,29.82,29.79,,,,,142967000000,107638000000,0.724,,103553000000,,,,,,,,,,,,true,false,3,2015-04-01,2015-06-30,0
2015-07-31,42060,2015-03-31,1,31897000000,0.066,,,,,2886000000,0.164,3067000000,0.157,,2776000000,,42.77,42.72,,,,,,,,,,,,,,,,,,,,,true,false,3,2014-04-01,2014-06-30,-1
2015-07-31,42060,2016-03-31,1,71000000000,0.039,,,,,7250000000,0.043,7400000000,0.008,,4500000000,,68.96,,,,,,,,,,,,,,,,,,,,,,true,true,6,2015-04-01,2015-09-30,0
2015-07-31,42060,2016-03-31,1,151000000000,0.050,,,,,15800000000,0.041,16100000000,0.014,,9500000000,,145.58,,,,,,,,,,,,,,,,,,,,,,true,true,12,2015-04-01,2016-03-31,0
2015-07-31,42060,2015-03-31,1,,,,,,,,,,,,,,,,,,,,147017000000,107226000000,0.702,,103182000000,,,,,,,,,,,,true,false,12,2014-04-01,2015-03-31,-1
2015-07-31,42060,2015-03-31,1,,,,,,,,,,,,,,,,,,,,,,,,,,,,,43.00,,,,67590664,2333601,,false,false,12,2014-04-01,2015-03-31,-1
2015-07-31,42060,2016-03-31,1,,,,,,,,,,,,,,,,,,,,,,,,,,,,,44.00,,,,,,,false,true,12,2015-04-01,2016-03-31,0
2015-07-31,42060,2016-03-31,1,,,,,,,,,,,,,,,,,,,,,,,,,,,,,,,,,67590664,2333809,65256975,false,false,3,2015-04-01,2015-06-30,0
2015-07-31,42060,2015-03-31,1,,,,,,,,,,,,,,,,,,,,,,,,,,,,,,,,,,,64922159,false,false,3,2014-04-01,2014-06-30,-1
2015-10-30,42060,2016-03-31,2,69691000000,0.019,,,,,7212000000,0.038,7638000000,0.040,,4608000000,,70.61,70.55,,,,,143237000000,109780000000,0.736,,105453000000,,,,,,,,,,,,true,false,6,2015-04-01,2015-09-30,0
2015-10-30,42060,2015-03-31,2,68358000000,0.030,,,,,6952000000,0.069,7343000000,0.097,,5297000000,,81.57,81.47,,,,,,,,,,,,,,,,,,,,,true,false,6,2014-04-01,2014-09-30,-1
2015-10-30,42060,2016-03-31,2,151000000000,0.050,,,,,15800000000,0.041,16100000000,0.014,,9500000000,,145.58,,,,,,,,,,,,,,,,,,,,,,true,true,12,2015-04-01,2016-03-31,0
2015-10-30,42060,2015-03-31,2,,,,,,,,,,,,,,,,,,,,147017000000,107226000000,0.702,,103182000000,,,,,,,,,,,,true,false,12,2014-04-01,2015-03-31,-1
2015-10-30,42060,2015-03-31,2,,,,,,,,,,,,,,,,,,,,,,,,,,,,,43.00,,,,67590664,2333601,,false,false,12,2014-04-01,2015-03-31,-1
2015-10-30,42060,2016-03-31,2,,,,,,,,,,,,,,,,,,,,,,,,,,,,,21.00,,,,,,,false,false,12,2015-04-01,2016-03-31,0
2015-10-30,42060,2016-03-31,2,,,,,,,,,,,,,,,,,,,,,,,,,,,,,44.00,,,,,,,false,true,12,2015-04-01,2016-03-31,0
2015-10-30,42060,2016-03-31,2,,,,,,,,,,,,,,,,,,,,,,,,,,,,,,,,,67590664,2302706,65272473,false,false,6,2015-04-01,2015-09-30,0
2015-10-30,42060,2015-03-31,2,,,,,,,,,,,,,,,,,,,,,,,,,,,,,,,,,,,64941827,false,false,6,2014-04-01,2014-09-30,-1
2016-01-29,42060,2016-03-31,3,108167000000,0.036,,,,,11594000000,0.060,11949000000,0.038,,7194000000,,110.21,110.13,,,,,149715000000,110304000000,0.708,,106060000000,,,,,,,,,,,,true,false,9,2015-04-01,2015-12-31,0
2016-01-29,42060,2015-03-31,3,104368000000,0.020,,,,,10937000000,0.055,11514000000,0.090,,7667000000,,118.04,117.91,,,,,,,,,,,,,,,,,,,,,true,false,9,2014-04-01,2014-12-31,-1
2016-01-29,42060,2016-03-31,3,151000000000,0.050,,,,,15800000000,0.041,16100000000,0.014,,9500000000,,145.58,,,,,,,,,,,,,,,,,,,,,,true,true,12,2015-04-01,2016-03-31,0
2016-01-29,42060,2015-03-31,3,,,,,,,,,,,,,,,,,,,,147017000000,107226000000,0.702,,103182000000,,,,,,,,,,,,true,false,12,2014-04-01,2015-03-31,-1
2016-01-29,42060,2015-03-31,3,,,,,,,,,,,,,,,,,,,,,,,,,,,,,43.00,,,,67590664,2333601,,false,false,12,2014-04-01,2015-03-31,-1
2016-01-29,42060,2016-03-31,3,,,,,,,,,,,,,,,,,,,,,,,,,,,,,21.00,,,,,,,false,false,12,2015-04-01,2016-03-31,0
2016-01-29,42060,2016-03-31,3,,,,,,,,,,,,,,,,,,,,,,,,,,,,,44.00,,,,,,,false,true,12,2015-04-01,2016-03-31,0
2016-01-29,42060,2016-03-31,3,,,,,,,,,,,,,,,,,,,,,,,,,,,,,,,,,67590664,2303018,65277569,false,false,9,2015-04-01,2015-12-31,0
2016-01-29,42060,2015-03-31,3,,,,,,,,,,,,,,,,,,,,,,,,,,,,,,,,,,,64954805,false,false,9,2014-04-01,2014-12-31,-1
2016-04-27,42060,2016-03-31,,150061000000,0.043,,,,,16184000000,0.066,16352000000,0.029,,9962000000,,152.62,152.51,0.094,0.109,0.108,,153434000000,112501000000,0.704,1654.14,107994000000,14612000000,-7025000000,-4849000000,37449000000,,0.301,,,,,,true,false,12,2015-04-01,2016-03-31,0
2016-04-27,42060,2015-03-31,,143843000000,0.019,,,,,15181000000,0.045,15885000000,0.077,,10137000000,,155.99,155.82,0.104,0.114,0.106,,147017000000,107226000000,0.702,1581.17,103182000000,13080000000,-143000000,-1912000000,35220000000,,0.276,,,,,,true,false,12,2014-04-01,2015-03-31,-1
2016-04-27,42060,2017-03-31,,74500000000,0.069,,,,,7750000000,0.074,7850000000,0.028,,4900000000,,75.05,,,,,,,,,,,,,,,,,,,,,,true,true,6,2016-04-01,2016-09-30,1
2016-04-27,42060,2017-03-31,,155000000000,0.033,,,,,16750000000,0.035,17000000000,0.040,,10400000000,,159.30,,,,,,,,,,,,,,,,0.502,,,,,,true,true,12,2016-04-01,2017-03-31,1
2016-04-27,42060,2016-03-31,,97304000000,-0.008,,,,,11140000000,-0.005,11993000000,-0.025,8629000000,,-0.095,132.19,132.10,,,,,123380000000,97000000000,0.786,1485.17,96963000000,,,,,46.00,,,,67590664,2303153,65280064,false,false,12,2015-04-01,2016-03-31,0
2016-04-27,42060,2015-03-31,,98053000000,-0.031,,,,,11193000000,-0.009,12299000000,0.017,9532000000,,0.233,146.67,146.52,,,,,119718000000,91725000000,0.766,1404.57,91658000000,,,,,43.00,,,,67590664,2333601,64989414,false,false,12,2014-04-01,2015-03-31,-1
2016-04-27,42060,2017-03-31,,,,,,,,,,,,,,,,,,,,,,,,,,,,,,80.00,,,,,,,false,true,12,2016-04-01,2017-03-31,1
2016-07-28,42060,2017-03-31,1,33753000000,0.056,,,,,3493000000,0.138,3586000000,0.094,,2104000000,,32.24,32.22,,,,,149230000000,111340000000,0.717,,106943000000,,,,,,,,,,,,true,false,3,2016-04-01,2016-06-30,0
2016-07-28,42060,2016-03-31,1,31952000000,0.002,,,,,3068000000,0.063,3279000000,0.069,,1945000000,,29.82,29.79,,,,,,,,,,,,,,,,,,,,,true,false,3,2015-04-01,2015-06-30,-1
2016-07-28,42060,2017-03-31,1,74500000000,0.069,,,,,7750000000,0.074,7850000000,0.028,,4900000000,,75.05,,,,,,,,,,,,,,,,,,,,,,true,true,6,2016-04-01,2016-09-30,0
2016-07-28,42060,2017-03-31,1,155000000000,0.033,,,,,16750000000,0.035,17000000000,0.040,,10400000000,,159.30,,,,,,,,,,,,,,,,,,,,,,true,true,12,2016-04-01,2017-03-31,0
2016-07-28,42060,2016-03-31,1,,,,,,,,,,,,,,,,,,,,153434000000,112501000000,0.704,,107994000000,,,,,,,,,,,,true,false,12,2015-04-01,2016-03-31,-1
2016-07-28,42060,2016-03-31,1,,,,,,,,,,,,,,,,,,,,,,,,,,,,,46.00,,,,67590664,2303153,,false,false,12,2015-04-01,2016-03-31,-1
2016-07-28,42060,2017-03-31,1,,,,,,,,,,,,,,,,,,,,,,,,,,,,,80.00,,,,,,,false,true,12,2016-04-01,2017-03-31,0
2016-07-28,42060,2017-03-31,1,,,,,,,,,,,,,,,,,,,,,,,,,,,,,,,,,67590664,2303334,65287367,false,false,3,2016-04-01,2016-06-30,0
2016-07-28,42060,2016-03-31,1,,,,,,,,,,,,,,,,,,,,,,,,,,,,,,,,,,,65256975,false,false,3,2015-04-01,2015-06-30,-1
2016-10-27,42060,2017-03-31,2,72754000000,0.044,,,,,8664000000,0.201,8749000000,0.145,,5242000000,,80.30,80.25,,,,,151183000000,112518000000,0.717,,108471000000,,,,,,,,,,,,true,false,6,2016-04-01,2016-09-30,0
2016-10-27,42060,2016-03-31,2,69691000000,0.019,,,,,7212000000,0.038,7638000000,0.040,,4608000000,,70.61,70.55,,,,,,,,,,,,,,,,,,,,,true,false,6,2015-04-01,2015-09-30,-1
2016-10-27,42060,2017-03-31,2,152000000000,0.013,,,,,17500000000,0.081,17500000000,0.070,,10500000000,,160.83,,,,,,,,,,,,,,,,,,,,,,true,true,12,2016-04-01,2017-03-31,0
2016-10-27,42060,2016-03-31,2,,,,,,,,,,,,,,,,,,,,153434000000,112501000000,0.704,,107994000000,,,,,,,,,,,,true,false,12,2015-04-01,2016-03-31,-1
2016-10-27,42060,2016-03-31,2,,,,,,,,,,,,,,,,,,,,,,,,,,,,,46.00,,,,67590664,2303153,,false,false,12,2015-04-01,2016-03-31,-1
2016-10-27,42060,2017-03-31,2,,,,,,,,,,,,,,,,,,,,,,,,,,,,,38.00,,,,,,,false,false,12,2016-04-01,2017-03-31,0
2016-10-27,42060,2017-03-31,2,,,,,,,,,,,,,,,,,,,,,,,,,,,,,80.00,,,,,,,false,true,12,2016-04-01,2017-03-31,0
2016-10-27,42060,2017-03-31,2,,,,,,,,,,,,,,,,,,,,,,,,,,,,,,,,,67590664,2303428,65287304,false,false,6,2016-04-01,2016-09-30,0
2016-10-27,42060,2016-03-31,2,,,,,,,,,,,,,,,,,,,,,,,,,,,,,,,,,,,65272473,false,false,6,2015-04-01,2015-09-30,-1
2017-01-30,42060,2017-03-31,3,110053000000,0.017,,,,,13557000000,0.169,13841000000,0.158,,8441000000,,129.29,129.23,,,,,155309000000,114249000000,0.709,,110083000000,,,,,,,,,,,,true,false,9,2016-04-01,2016-12-31,0
2017-01-30,42060,2016-03-31,3,108167000000,0.036,,,,,11594000000,0.060,11949000000,0.038,,7194000000,,110.21,110.13,,,,,,,,,,,,,,,,,,,,,true,false,9,2015-04-01,2015-12-31,-1
2017-01-30,42060,2017-03-31,3,152000000000,0.013,,,,,17800000000,0.100,18000000000,0.101,,10800000000,,165.42,,,,,,,,,,,,,,,,,,,,,,true,true,12,2016-04-01,2017-03-31,0
2017-01-30,42060,2016-03-31,3,,,,,,,,,,,,,,,,,,,,153434000000,112501000000,0.704,,107994000000,,,,,,,,,,,,true,false,12,2015-04-01,2016-03-31,-1
2017-01-30,42060,2016-03-31,3,,,,,,,,,,,,,,,,,,,,,,,,,,,,,46.00,,,,67590664,2303153,,false,false,12,2015-04-01,2016-03-31,-1
2017-01-30,42060,2017-03-31,3,,,,,,,,,,,,,,,,,,,,,,,,,,,,,38.00,,,,,,,false,false,12,2016-04-01,2017-03-31,0
2017-01-30,42060,2017-03-31,3,,,,,,,,,,,,,,,,,,,,,,,,,,,,,80.00,,,,,,,false,true,12,2016-04-01,2017-03-31,0
2017-01-30,42060,2017-03-31,3,,,,,,,,,,,,,,,,,,,,,,,,,,,,,,,,,67590664,2303652,65287232,false,false,9,2016-04-01,2016-12-31,0
2017-01-30,42060,2016-03-31,3,,,,,,,,,,,,,,,,,,,,,,,,,,,,,,,,,,,65277569,false,false,9,2015-04-01,2015-12-31,-1
2017-04-26,42060,2017-03-31,,151633000000,0.010,,,,,18099000000,0.118,18374000000,0.124,,11064000000,,169.48,169.39,0.099,0.116,0.119,,164634000000,119685000000,0.698,1759.91,114898000000,18331000000,-3269000000,-4587000000,47622000000,,0.502,,,,,,true,false,12,2016-04-01,2017-03-31,0
2017-04-26,42060,2016-03-31,,150061000000,0.043,,,,,16184000000,0.066,16352000000,0.029,,9962000000,,152.62,152.51,0.094,0.109,0.108,,153434000000,112501000000,0.704,1654.14,107994000000,14612000000,-7025000000,-4849000000,37449000000,,0.301,,,,,,true,false,12,2015-04-01,2016-03-31,-1
2017-04-26,42060,2018-03-31,,75000000000,0.031,,,,,8900000000,0.027,9000000000,0.029,,5450000000,,83.48,,,,,,,,,,,,,,,,,,,,,,true,true,6,2017-04-01,2017-09-30,1
2017-04-26,42060,2018-03-31,,156000000000,0.029,,,,,18600000000,0.028,18800000000,0.023,,11400000000,,174.61,,,,,,,,,,,,,,,,0.504,,,,,,true,true,12,2017-04-01,2018-03-31,1
2017-04-26,42060,2017-03-31,,99536000000,0.023,,,,,12255000000,0.100,13261000000,0.106,9400000000,,0.089,143.98,143.91,,,,,132050000000,103473000000,0.783,1584.34,103436000000,,,,,85.00,,,,67590664,2303875,65287126,false,false,12,2016-04-01,2017-03-31,0
2017-04-26,42060,2016-03-31,,97304000000,-0.008,,,,,11140000000,-0.005,11993000000,-0.025,8629000000,,-0.095,132.19,132.10,,,,,123380000000,97000000000,0.786,1485.17,96963000000,,,,,46.00,,,,67590664,2303153,65280064,false,false,12,2015-04-01,2016-03-31,-1
2017-04-26,42060,2018-03-31,,,,,,,,,,,,,,,,,,,,,,,,,,,,,,88.00,,,,,,,false,true,12,2017-04-01,2018-03-31,1
2017-07-27,42060,2018-03-31,1,36619000000,0.085,,,,,4004000000,0.146,4203000000,0.172,,2409000000,,36.90,36.88,,,,,162223000000,119128000000,0.704,,114262000000,,,,,,,,,,,,true,false,3,2017-04-01,2017-06-30,0
2017-07-27,42060,2017-03-31,1,33753000000,0.056,,,,,3493000000,0.138,3586000000,0.094,,2104000000,,32.24,32.22,,,,,,,,,,,,,,,,,,,,,true,false,3,2016-04-01,2016-06-30,-1
2017-07-27,42060,2018-03-31,1,75000000000,0.031,,,,,8900000000,0.027,9000000000,0.029,,5450000000,,83.48,,,,,,,,,,,,,,,,,,,,,,true,true,6,2017-04-01,2017-09-30,0
2017-07-27,42060,2018-03-31,1,156000000000,0.029,,,,,18600000000,0.028,18800000000,0.023,,11400000000,,174.61,,,,,,,,,,,,,,,,,,,,,,true,true,12,2017-04-01,2018-03-31,0
2017-07-27,42060,2017-03-31,1,,,,,,,,,,,,,,,,,,,,164634000000,119685000000,0.698,,114898000000,,,,,,,,,,,,true,false,12,2016-04-01,2017-03-31,-1
2017-07-27,42060,2017-03-31,1,,,,,,,,,,,,,,,,,,,,,,,,,,,,,85.00,,,,67590664,2303875,,false,false,12,2016-04-01,2017-03-31,-1
2017-07-27,42060,2018-03-31,1,,,,,,,,,,,,,,,,,,,,,,,,,,,,,88.00,,,,,,,false,true,12,2017-04-01,2018-03-31,0
2017-07-27,42060,2018-03-31,1,,,,,,,,,,,,,,,,,,,,,,,,,,,,,,,,,67590664,2303979,65286720,false,false,3,2017-04-01,2017-06-30,0
2017-07-27,42060,2017-03-31,1,,,,,,,,,,,,,,,,,,,,,,,,,,,,,,,,,,,65287367,false,false,3,2016-04-01,2016-06-30,-1
2017-10-26,42060,2018-03-31,2,78012000000,0.072,,,,,9300000000,0.073,9595000000,0.097,,5726000000,,87.72,87.67,,,,,169310000000,123601000000,0.700,,118531000000,,,,,,,,,,,,true,false,6,2017-04-01,2017-09-30,0
2017-10-26,42060,2017-03-31,2,72754000000,0.044,,,,,8664000000,0.201,8749000000,0.145,,5242000000,,80.30,80.25,,,,,,,,,,,,,,,,,,,,,true,false,6,2016-04-01,2016-09-30,-1
2017-10-26,42060,2018-03-31,2,159000000000,0.049,,,,,19000000000,0.050,19400000000,0.056,,11700000000,,179.21,,,,,,,,,,,,,,,,,,,,,,true,true,12,2017-04-01,2018-03-31,0
2017-10-26,42060,2017-03-31,2,,,,,,,,,,,,,,,,,,,,164634000000,119685000000,0.698,,114898000000,,,,,,,,,,,,true,false,12,2016-04-01,2017-03-31,-1
2017-10-26,42060,2017-03-31,2,,,,,,,,,,,,,,,,,,,,,,,,,,,,,85.00,,,,67590664,2303875,,false,false,12,2016-04-01,2017-03-31,-1
2017-10-26,42060,2018-03-31,2,,,,,,,,,,,,,,,,,,,,,,,,,,,,,42.00,,,,,,,false,false,12,2017-04-01,2018-03-31,0
2017-10-26,42060,2018-03-31,2,,,,,,,,,,,,,,,,,,,,,,,,,,,,,90.00,,,,,,,false,true,12,2017-04-01,2018-03-31,0
2017-10-26,42060,2018-03-31,2,,,,,,,,,,,,,,,,,,,,,,,,,,,,,,,,,67590664,2304292,65286579,false,false,6,2017-04-01,2017-09-30,0
2017-10-26,42060,2017-03-31,2,,,,,,,,,,,,,,,,,,,,,,,,,,,,,,,,,,,65287304,false,false,6,2016-04-01,2016-09-30,-1
2018-01-29,42060,2018-03-31,3,119347000000,0.084,,,,,14474000000,0.068,15015000000,0.085,,8971000000,,137.42,137.34,,,,,170849000000,125444000000,0.705,,120417000000,,,,,,,,,,,,true,false,9,2017-04-01,2017-12-31,0
2018-01-29,42060,2017-03-31,3,110053000000,0.017,,,,,13557000000,0.169,13841000000,0.158,,8441000000,,129.29,129.23,,,,,,,,,,,,,,,,,,,,,true,false,9,2016-04-01,2016-12-31,-1
2018-01-29,42060,2018-03-31,3,159000000000,0.049,,,,,19000000000,0.050,19400000000,0.056,,11700000000,,179.21,,,,,,,,,,,,,,,,,,,,,,true,true,12,2017-04-01,2018-03-31,0
2018-01-29,42060,2017-03-31,3,,,,,,,,,,,,,,,,,,,,164634000000,119685000000,0.698,,114898000000,,,,,,,,,,,,true,false,12,2016-04-01,2017-03-31,-1
2018-01-29,42060,2017-03-31,3,,,,,,,,,,,,,,,,,,,,,,,,,,,,,85.00,,,,67590664,2303875,,false,false,12,2016-04-01,2017-03-31,-1
2018-01-29,42060,2018-03-31,3,,,,,,,,,,,,,,,,,,,,,,,,,,,,,42.00,,,,,,,false,false,12,2017-04-01,2018-03-31,0
2018-01-29,42060,2018-03-31,3,,,,,,,,,,,,,,,,,,,,,,,,,,,,,90.00,,,,,,,false,true,12,2017-04-01,2018-03-31,0
2018-01-29,42060,2018-03-31,3,,,,,,,,,,,,,,,,,,,,,,,,,,,,,,,,,67590664,2304635,65286448,false,false,9,2017-04-01,2017-12-31,0
2018-01-29,42060,2017-03-31,3,,,,,,,,,,,,,,,,,,,,,,,,,,,,,,,,,,,65287232,false,false,9,2016-04-01,2016-12-31,-1
2018-04-26,42060,2018-03-31,,163726000000,0.080,,,,,19092000000,0.055,19600000000,0.067,,11996000000,,183.76,183.66,0.101,0.110,0.117,,190487000000,132616000000,0.644,1880.13,122746000000,16436000000,-7950000000,-7406000000,48896000000,,0.501,,,,,,true,false,12,2017-04-01,2018-03-31,0
2018-04-26,42060,2017-03-31,,151633000000,0.010,,,,,18099000000,0.118,18374000000,0.124,,11064000000,,169.48,169.39,0.099,0.116,0.119,,164634000000,119685000000,0.698,1759.91,114898000000,18331000000,-3269000000,-4587000000,47622000000,,0.502,,,,,,true,false,12,2016-04-01,2017-03-31,-1
2018-04-26,42060,2019-03-31,,88000000000,0.128,,,,,9800000000,0.054,9900000000,0.032,,6300000000,,96.50,,,,,,,,,,,,,,,,,,,,,,true,true,6,2018-04-01,2018-09-30,1
2018-04-26,42060,2019-03-31,,185000000000,0.130,,,,,20800000000,0.089,21000000000,0.071,,13400000000,,205.25,,,,,,,,,,,,,,,,0.502,,,,,,true,true,12,2018-04-01,2019-03-31,1
2018-04-26,42060,2018-03-31,,105513000000,0.060,,,,,13186000000,0.076,14097000000,0.063,10212000000,,0.086,156.42,156.34,,,,,141275000000,109047000000,0.772,1669.74,109010000000,,,,,92.00,,,,67590664,2304868,65286300,false,false,12,2017-04-01,2018-03-31,0
2018-04-26,42060,2017-03-31,,99536000000,0.023,,,,,12255000000,0.100,13261000000,0.106,9400000000,,0.089,143.98,143.91,,,,,132050000000,103473000000,0.783,1584.34,103436000000,,,,,85.00,,,,67590664,2303875,65287126,false,false,12,2016-04-01,2017-03-31,-1
2018-04-26,42060,2019-03-31,,,,,,,,,,,,,,,,,,,,,,,,,,,,,,103.00,,,,,,,false,true,12,2018-04-01,2019-03-31,1
2018-07-26,42060,2019-03-31,1,42703000000,0.166,,,,,4358000000,0.088,4570000000,0.087,,2643000000,,40.49,40.47,,,,,185139000000,130645000000,0.654,,121052000000,,,,,,,,,,,,true,false,3,2018-04-01,2018-06-30,0
2018-07-26,42060,2018-03-31,1,36619000000,0.085,,,,,4004000000,0.146,4203000000,0.172,,2409000000,,36.90,36.88,,,,,,,,,,,,,,,,,,,,,true,false,3,2017-04-01,2017-06-30,-1
2018-07-26,42060,2019-03-31,1,88000000000,0.128,,,,,9800000000,0.054,9900000000,0.032,,6300000000,,96.50,,,,,,,,,,,,,,,,,,,,,,true,true,6,2018-04-01,2018-09-30,0
2018-07-26,42060,2019-03-31,1,185000000000,0.130,,,,,20800000000,0.089,21000000000,0.071,,13400000000,,205.25,,,,,,,,,,,,,,,,,,,,,,true,true,12,2018-04-01,2019-03-31,0
2018-07-26,42060,2018-03-31,1,,,,,,,,,,,,,,,,,,,,189626000000,132616000000,0.647,,122746000000,,,,,,,,,,,,true,false,12,2017-04-01,2018-03-31,-1
2018-07-26,42060,2018-03-31,1,,,,,,,,,,,,,,,,,,,,,,,,,,,,,92.00,,,,67590664,2304868,,false,false,12,2017-04-01,2018-03-31,-1
2018-07-26,42060,2019-03-31,1,,,,,,,,,,,,,,,,,,,,,,,,,,,,,103.00,,,,,,,false,true,12,2018-04-01,2019-03-31,0
2018-07-26,42060,2019-03-31,1,,,,,,,,,,,,,,,,,,,,,,,,,,,,,,,,,67590664,2305269,65285532,false,false,3,2018-04-01,2018-06-30,0
2018-07-26,42060,2018-03-31,1,,,,,,,,,,,,,,,,,,,,,,,,,,,,,,,,,,,65286720,false,false,3,2017-04-01,2017-06-30,-1
2018-10-25,42060,2019-03-31,2,90832000000,0.164,,,,,9670000000,0.040,10109000000,0.054,,6044000000,,92.58,92.54,,,,,187387000000,133769000000,0.663,,124292000000,,,,,,,,,,,,true,false,6,2018-04-01,2018-09-30,0
2018-10-25,42060,2018-03-31,2,78012000000,0.072,,,,,9300000000,0.073,9595000000,0.097,,5726000000,,87.72,87.67,,,,,,,,,,,,,,,,,,,,,true,false,6,2017-04-01,2017-09-30,-1
2018-10-25,42060,2019-03-31,2,185000000000,0.130,,,,,20800000000,0.089,21000000000,0.071,,13400000000,,205.25,,,,,,,,,,,,,,,,,,,,,,true,true,12,2018-04-01,2019-03-31,0
2018-10-25,42060,2018-03-31,2,,,,,,,,,,,,,,,,,,,,189626000000,132616000000,0.647,,122746000000,,,,,,,,,,,,true,false,12,2017-04-01,2018-03-31,-1
2018-10-25,42060,2018-03-31,2,,,,,,,,,,,,,,,,,,,,,,,,,,,,,92.00,,,,67590664,2304868,,false,false,12,2017-04-01,2018-03-31,-1
2018-10-25,42060,2019-03-31,2,,,,,,,,,,,,,,,,,,,,,,,,,,,,,47.00,,,,,,,false,false,12,2018-04-01,2019-03-31,0
2018-10-25,42060,2019-03-31,2,,,,,,,,,,,,,,,,,,,,,,,,,,,,,103.00,,,,,,,false,true,12,2018-04-01,2019-03-31,0
2018-10-25,42060,2019-03-31,2,,,,,,,,,,,,,,,,,,,,,,,,,,,,,,,,,67590664,2295602,65290298,false,false,6,2018-04-01,2018-09-30,0
2018-10-25,42060,2018-03-31,2,,,,,,,,,,,,,,,,,,,,,,,,,,,,,,,,,,,65286579,false,false,6,2017-04-01,2017-09-30,-1
2019-01-30,42060,2019-03-31,3,140703000000,0.179,,,,,15221000000,0.052,15699000000,0.045,,9458000000,,144.86,144.80,,,,,186071000000,132303000000,0.660,,122723000000,,,,,,,,,,,,true,false,9,2018-04-01,2018-12-31,0
2019-01-30,42060,2018-03-31,3,119347000000,0.084,,,,,14474000000,0.068,15015000000,0.085,,8971000000,,137.42,137.34,,,,,,,,,,,,,,,,,,,,,true,false,9,2017-04-01,2017-12-31,-1
2019-01-30,42060,2019-03-31,3,185000000000,0.130,,,,,20800000000,0.089,21000000000,0.071,,13400000000,,205.25,,,,,,,,,,,,,,,,,,,,,,true,true,12,2018-04-01,2019-03-31,0
2019-01-30,42060,2018-03-31,3,,,,,,,,,,,,,,,,,,,,189626000000,132616000000,0.647,,122746000000,,,,,,,,,,,,true,false,12,2017-04-01,2018-03-31,-1
2019-01-30,42060,2018-03-31,3,,,,,,,,,,,,,,,,,,,,,,,,,,,,,92.00,,,,67590664,2304868,,false,false,12,2017-04-01,2018-03-31,-1
2019-01-30,42060,2019-03-31,3,,,,,,,,,,,,,,,,,,,,,,,,,,,,,47.00,,,,,,,false,false,12,2018-04-01,2019-03-31,0
2019-01-30,42060,2019-03-31,3,,,,,,,,,,,,,,,,,,,,,,,,,,,,,103.00,,,,,,,false,true,12,2018-04-01,2019-03-31,0
2019-01-30,42060,2019-03-31,3,,,,,,,,,,,,,,,,,,,,,,,,,,,,,,,,,67590664,2295825,65291830,false,false,9,2018-04-01,2018-12-31,0
2019-01-30,42060,2018-03-31,3,,,,,,,,,,,,,,,,,,,,,,,,,,,,,,,,,,,65286448,false,false,9,2017-04-01,2017-12-31,-1
2019-04-25,42060,2019-03-31,,191363000000,0.169,,,,,20834000000,0.091,21249000000,0.084,,13316000000,,203.95,203.86,0.107,0.112,0.109,,191025000000,136116000000,0.662,1936.87,126466000000,13275000000,-8147000000,-7557000000,45379000000,,0.505,,,,,,true,false,12,2018-04-01,2019-03-31,0
2019-04-25,42060,2018-03-31,,163726000000,0.080,,,,,19092000000,0.055,19600000000,0.067,,11996000000,,183.76,183.66,0.101,0.110,0.117,,189626000000,132616000000,0.647,1880.13,122746000000,16436000000,-7950000000,-7406000000,48896000000,,0.501,,,,,,true,false,12,2017-04-01,2018-03-31,-1
2019-04-25,42060,2020-03-31,,95200000000,0.048,,,,,10300000000,0.065,10500000000,0.039,,6400000000,,98.02,,,,,,,,,,,,,,,,,,,,,,true,true,6,2019-04-01,2019-09-30,1
2019-04-25,42060,2020-03-31,,200000000000,0.045,,,,,21800000000,0.046,22000000000,0.035,,13800000000,,211.35,,,,,,,,,,,,,,,,0.502,,,,,,true,true,12,2019-04-01,2020-03-31,1
2019-04-25,42060,2019-03-31,,109053000000,0.034,,,,,13798000000,0.046,16002000000,0.135,11801000000,,0.156,180.75,180.67,,,,,144076000000,113421000000,0.787,1736.66,113393000000,,,,,103.00,,,,67590664,2296226,65292502,false,false,12,2018-04-01,2019-03-31,0
2019-04-25,42060,2018-03-31,,105513000000,0.060,,,,,13186000000,0.076,14097000000,0.063,10212000000,,0.086,156.42,156.34,,,,,140473000000,109047000000,0.776,1669.74,109010000000,,,,,92.00,,,,67590664,2304868,65286300,false,false,12,2017-04-01,2018-03-31,-1
2019-04-25,42060,2020-03-31,,,,,,,,,,,,,,,,,,,,,,,,,,,,,,106.00,,,,,,,false,true,12,2019-04-01,2020-03-31,1
2019-07-25,42060,2020-03-31,1,43558000000,0.020,,,,,4405000000,0.011,4608000000,0.008,,2781000000,,42.60,42.59,,,,,189814000000,135255000000,0.660,,125348000000,,,,,,,,,,,,true,false,3,2019-04-01,2019-06-30,0
2019-07-25,42060,2019-03-31,1,42703000000,0.166,,,,,4358000000,0.088,4570000000,0.087,,2643000000,,40.49,40.47,,,,,,,,,,,,,,,,,,,,,true,false,3,2018-04-01,2018-06-30,-1
2019-07-25,42060,2020-03-31,1,95200000000,0.048,,,,,10300000000,0.065,10500000000,0.039,,6400000000,,98.02,,,,,,,,,,,,,,,,,,,,,,true,true,6,2019-04-01,2019-09-30,0
2019-07-25,42060,2020-03-31,1,200000000000,0.045,,,,,21800000000,0.046,22000000000,0.035,,13800000000,,211.35,,,,,,,,,,,,,,,,,,,,,,true,true,12,2019-04-01,2020-03-31,0
2019-07-25,42060,2019-03-31,1,,,,,,,,,,,,,,,,,,,,191025000000,136116000000,0.662,,126466000000,,,,,,,,,,,,true,false,12,2018-04-01,2019-03-31,-1
2019-07-25,42060,2019-03-31,1,,,,,,,,,,,,,,,,,,,,,,,,,,,,,103.00,,,,67590664,2296226,,false,false,12,2018-04-01,2019-03-31,-1
2019-07-25,42060,2020-03-31,1,,,,,,,,,,,,,,,,,,,,,,,,,,,,,106.00,,,,,,,false,true,12,2019-04-01,2020-03-31,0
2019-07-25,42060,2020-03-31,1,,,,,,,,,,,,,,,,,,,,,,,,,,,,,,,,,67590664,2296298,65294414,false,false,3,2019-04-01,2019-06-30,0
2019-07-25,42060,2019-03-31,1,,,,,,,,,,,,,,,,,,,,,,,,,,,,,,,,,,,65285532,false,false,3,2018-04-01,2018-06-30,-1
2019-11-01,42060,2020-03-31,2,91848000000,0.011,,,,,10005000000,0.035,10502000000,0.039,,6582000000,,100.82,100.78,,,,,189215000000,137724000000,0.677,,128024000000,,,,,,,,,,,,true,false,6,2019-04-01,2019-09-30,0
2019-11-01,42060,2019-03-31,2,90832000000,0.164,,,,,9670000000,0.040,10109000000,0.054,,6044000000,,92.58,92.54,,,,,,,,,,,,,,,,,,,,,true,false,6,2018-04-01,2018-09-30,-1
2019-11-01,42060,2020-03-31,2,195000000000,0.019,,,,,21800000000,0.046,22000000000,0.035,,13800000000,,211.35,,,,,,,,,,,,,,,,,,,,,,true,true,12,2019-04-01,2020-03-31,0
2019-11-01,42060,2019-03-31,2,,,,,,,,,,,,,,,,,,,,191025000000,136116000000,0.662,,126466000000,,,,,,,,,,,,true,false,12,2018-04-01,2019-03-31,-1
2019-11-01,42060,2019-03-31,2,,,,,,,,,,,,,,,,,,,,,,,,,,,,,103.00,,,,67590664,2296226,,false,false,12,2018-04-01,2019-03-31,-1
2019-11-01,42060,2020-03-31,2,,,,,,,,,,,,,,,,,,,,,,,,,,,,,49.00,,,,,,,false,false,12,2019-04-01,2020-03-31,0
2019-11-01,42060,2020-03-31,2,,,,,,,,,,,,,,,,,,,,,,,,,,,,,106.00,,,,,,,false,true,12,2019-04-01,2020-03-31,0
2019-11-01,42060,2020-03-31,2,,,,,,,,,,,,,,,,,,,,,,,,,,,,,,,,,67590664,2296532,65294297,false,false,6,2019-04-01,2019-09-30,0
2019-11-01,42060,2019-03-31,2,,,,,,,,,,,,,,,,,,,,,,,,,,,,,,,,,,,65290298,false,false,6,2018-04-01,2018-09-30,-1
2020-01-29,42060,2020-03-31,3,140872000000,0.001,,,,,15552000000,0.022,16253000000,0.035,,10051000000,,153.93,153.87,,,,,200366000000,142071000000,0.641,,128450000000,,,,,,,,,,,,true,false,9,2019-04-01,2019-12-31,0
2020-01-29,42060,2019-03-31,3,140703000000,0.179,,,,,15221000000,0.052,15699000000,0.045,,9458000000,,144.86,144.80,,,,,,,,,,,,,,,,,,,,,true,false,9,2018-04-01,2018-12-31,-1
2020-01-29,42060,2020-03-31,3,195000000000,0.019,,,,,21800000000,0.046,22000000000,0.035,,13800000000,,211.35,,,,,,,,,,,,,,,,,,,,,,true,true,12,2019-04-01,2020-03-31,0
2020-01-29,42060,2019-03-31,3,,,,,,,,,,,,,,,,,,,,191025000000,136116000000,0.662,,126466000000,,,,,,,,,,,,true,false,12,2018-04-01,2019-03-31,-1
2020-01-29,42060,2019-03-31,3,,,,,,,,,,,,,,,,,,,,,,,,,,,,,103.00,,,,67590664,2296226,,false,false,12,2018-04-01,2019-03-31,-1
2020-01-29,42060,2020-03-31,3,,,,,,,,,,,,,,,,,,,,,,,,,,,,,49.00,,,,,,,false,false,12,2019-04-01,2020-03-31,0
2020-01-29,42060,2020-03-31,3,,,,,,,,,,,,,,,,,,,,,,,,,,,,,106.00,,,,,,,false,true,12,2019-04-01,2020-03-31,0
2020-01-29,42060,2020-03-31,3,,,,,,,,,,,,,,,,,,,,,,,,,,,,,,,,,67590664,2296778,65294181,false,false,9,2019-04-01,2019-12-31,0
2020-01-29,42060,2019-03-31,3,,,,,,,,,,,,,,,,,,,,,,,,,,,,,,,,,,,65291830,false,false,9,2018-04-01,2018-12-31,-1
2020-04-30,42060,2020-03-31,,191501000000,0.001,,,,,20850000000,0.001,21333000000,0.004,,12732000000,,195.01,194.93,0.099,0.108,0.109,,203626000000,144414000000,0.639,1994.03,130198000000,18240000000,-16798000000,-6210000000,40644000000,,0.544,,,,,,true,false,12,2019-04-01,2020-03-31,0
2020-04-30,42060,2019-03-31,,191363000000,0.169,,,,,20834000000,0.091,21249000000,0.084,,13316000000,,203.95,203.86,0.107,0.112,0.109,,191025000000,136116000000,0.662,1936.87,126466000000,13275000000,-8147000000,-7557000000,45379000000,,0.505,,,,,,true,false,12,2018-04-01,2019-03-31,-1
2020-04-30,42060,2020-03-31,,109431000000,0.003,,,,,13582000000,-0.016,15272000000,-0.046,10607000000,,-0.101,162.45,162.39,,,,,145165000000,115636000000,0.796,1770.60,115609000000,,,,,106.00,,,,67590664,2296827,65294096,false,false,12,2019-04-01,2020-03-31,0
2020-04-30,42060,2019-03-31,,109053000000,0.034,,,,,13798000000,0.046,16002000000,0.135,11801000000,,0.156,180.75,180.67,,,,,144076000000,113421000000,0.787,1736.66,113393000000,,,,,103.00,,,,67590664,2296226,65292502,false,false,12,2018-04-01,2019-03-31,-1
2020-05-19,42060,2021-03-31,,77500000000,,,,,,5100000000,,5300000000,,3300000000,,,50.54,,,,,,,,,,,,,,,,,,,,,,true,true,6,2020-04-01,2020-09-30,0
2020-05-19,42060,2020-03-31,,91848000000,,,,,,10005000000,,10502000000,,6582000000,,,100.82,,,,,,,,,,,,,,,,,,,,,,true,false,6,2019-04-01,2019-09-30,-1
2020-05-19,42060,2021-03-31,,174500000000,,,,,,14500000000,,14700000000,,9000000000,,,137.84,,,,,,,,,,,,,,,,,,,,,,true,true,12,2020-04-01,2021-03-31,0
2020-05-19,42060,2020-03-31,,191501000000,,,,,,20850000000,,21333000000,,12732000000,,,195.01,,,,,,,,,,,,,,,,,,,,,,true,false,12,2019-04-01,2020-03-31,-1
2020-05-19,42060,2021-03-31,,,,,,,,,,,,,,,,,,,,,,,,,,,,,,106.00,,,,,,,false,true,12,2020-04-01,2021-03-31,0
2020-05-19,42060,2020-03-31,,,,,,,,,,,,,,,,,,,,,,,,,,,,,,106.00,,,,,,,false,false,12,2019-04-01,2020-03-31,-1
2020-07-31,42060,2021-03-31,1,37364000000,-0.142,,,,,2534000000,-0.425,3023000000,-0.344,,1504000000,,23.04,23.03,,,,,192120000000,139378000000,0.655,,125844000000,,,,,,,,,,,,true,false,3,2020-04-01,2020-06-30,0
2020-07-31,42060,2020-03-31,1,43558000000,0.020,,,,,4405000000,0.011,4608000000,0.008,,2781000000,,42.60,42.59,,,,,,,,,,,,,,,,,,,,,true,false,3,2019-04-01,2019-06-30,-1
2020-07-31,42060,2021-03-31,1,77500000000,-0.156,,,,,5100000000,-0.490,5300000000,-0.495,,3300000000,,50.54,,,,,,,,,,,,,,,,,,,,,,true,true,6,2020-04-01,2020-09-30,0
2020-07-31,42060,2021-03-31,1,174500000000,-0.089,,,,,14500000000,-0.305,14700000000,-0.311,,9000000000,,137.84,,,,,,,,,,,,,,,,,,,,,,true,true,12,2020-04-01,2021-03-31,0
2020-07-31,42060,2020-03-31,1,,,,,,,,,,,,,,,,,,,,203626000000,144414000000,0.639,,130198000000,,,,,,,,,,,,true,false,12,2019-04-01,2020-03-31,-1
2020-07-31,42060,2020-03-31,1,,,,,,,,,,,,,,,,,,,,,,,,,,,,,106.00,,,,67590664,2296827,,false,false,12,2019-04-01,2020-03-31,-1
2020-07-31,42060,2021-03-31,1,,,,,,,,,,,,,,,,,,,,,,,,,,,,,106.00,,,,,,,false,true,12,2020-04-01,2021-03-31,0
2020-07-31,42060,2021-03-31,1,,,,,,,,,,,,,,,,,,,,,,,,,,,,,,,,,67590664,2296935,65293769,false,false,3,2020-04-01,2020-06-30,0
2020-07-31,42060,2020-03-31,1,,,,,,,,,,,,,,,,,,,,,,,,,,,,,,,,,,,65294414,false,false,3,2019-04-01,2019-06-30,-1
2020-10-29,42060,2021-03-31,2,77927000000,-0.152,,,,,6077000000,-0.393,6521000000,-0.379,,3792000000,,58.08,58.06,,,,,190592000000,142822000000,0.677,,129109000000,,,,,,,,,,,,true,false,6,2020-04-01,2020-09-30,0
2020-10-29,42060,2020-03-31,2,91848000000,0.011,,,,,10005000000,0.035,10502000000,0.039,,6582000000,,100.82,100.78,,,,,,,,,,,,,,,,,,,,,true,false,6,2019-04-01,2019-09-30,-1
2020-10-29,42060,2021-03-31,2,174500000000,-0.089,,,,,14500000000,-0.305,14700000000,-0.311,,9000000000,,137.84,,,,,,,,,,,,,,,,,,,,,,true,true,12,2020-04-01,2021-03-31,0
2020-10-29,42060,2020-03-31,2,,,,,,,,,,,,,,,,,,,,203626000000,144414000000,0.639,,130198000000,,,,,,,,,,,,true,false,12,2019-04-01,2020-03-31,-1
2020-10-29,42060,2020-03-31,2,,,,,,,,,,,,,,,,,,,,,,,,,,,,,106.00,,,,67590664,2296827,,false,false,12,2019-04-01,2020-03-31,-1
2020-10-29,42060,2021-03-31,2,,,,,,,,,,,,,,,,,,,,,,,,,,,,,49.00,,,,,,,false,false,12,2020-04-01,2021-03-31,0
2020-10-29,42060,2021-03-31,2,,,,,,,,,,,,,,,,,,,,,,,,,,,,,106.00,,,,,,,false,true,12,2020-04-01,2021-03-31,0
2020-10-29,42060,2021-03-31,2,,,,,,,,,,,,,,,,,,,,,,,,,,,,,,,,,67590664,2297109,65293669,false,false,6,2020-04-01,2020-09-30,0
2020-10-29,42060,2020-03-31,2,,,,,,,,,,,,,,,,,,,,,,,,,,,,,,,,,,,65294297,false,false,6,2019-04-01,2019-09-30,-1
2021-01-29,42060,2021-03-31,3,124399000000,-0.117,,,,,11727000000,-0.246,12191000000,-0.250,,7117000000,,109.00,108.96,,,,,197304000000,144588000000,0.655,,129288000000,,,,,,,,,,,,true,false,9,2020-04-01,2020-12-31,0
2021-01-29,42060,2020-03-31,3,140872000000,0.001,,,,,15552000000,0.022,16253000000,0.035,,10051000000,,153.93,153.87,,,,,,,,,,,,,,,,,,,,,true,false,9,2019-04-01,2019-12-31,-1
2021-01-29,42060,2021-03-31,3,174500000000,-0.089,,,,,16500000000,-0.209,17000000000,-0.203,,10000000000,,153.15,,,,,,,,,,,,,,,,,,,,,,true,true,12,2020-04-01,2021-03-31,0
2021-01-29,42060,2020-03-31,3,,,,,,,,,,,,,,,,,,,,206169000000,146074000000,0.632,,130198000000,,,,,,,,,,,,true,false,12,2019-04-01,2020-03-31,-1
2021-01-29,42060,2020-03-31,3,,,,,,,,,,,,,,,,,,,,,,,,,,,,,106.00,,,,67590664,2296827,,false,false,12,2019-04-01,2020-03-31,-1
2021-01-29,42060,2021-03-31,3,,,,,,,,,,,,,,,,,,,,,,,,,,,,,49.00,,,,,,,false,false,12,2020-04-01,2021-03-31,0
2021-01-29,42060,2021-03-31,3,,,,,,,,,,,,,,,,,,,,,,,,,,,,,106.00,,,,,,,false,true,12,2020-04-01,2021-03-31,0
2021-01-29,42060,2021-03-31,3,,,,,,,,,,,,,,,,,,,,,,,,,,,,,,,,,67590664,2297249,65293601,false,false,9,2020-04-01,2020-12-31,0
2021-01-29,42060,2020-03-31,3,,,,,,,,,,,,,,,,,,,,,,,,,,,,,,,,,,,65294181,false,false,9,2019-04-01,2019-12-31,-1
2021-01-29,42060,2021-03-31,,174500000000,0.000,,,,,16500000000,0.138,17000000000,0.156,10000000000,,0.111,153.15,,,,,,,,,,,,,,,,,,,,,,true,true,12,2020-04-01,2021-03-31,0
2021-01-29,42060,2020-03-31,,191501000000,,,,,,20850000000,,21333000000,,12732000000,,,195.01,,,,,,,,,,,,,,,,,,,,,,true,false,12,2019-04-01,2020-03-31,-1
2021-04-30,42060,2021-03-31,,174628000000,-0.088,,,,,17991000000,-0.137,18438000000,-0.136,,10759000000,,164.79,164.73,0.081,0.089,0.103,,207363000000,150505000000,0.650,2064.24,134780000000,19713000000,-9756000000,-9179000000,41185000000,,0.649,,,,,,true,false,12,2020-04-01,2021-03-31,0
2021-04-30,42060,2020-03-31,,191501000000,0.001,,,,,20850000000,0.001,21333000000,0.004,,12732000000,,195.01,194.93,0.099,0.107,0.109,,206439000000,146221000000,0.631,1994.03,130198000000,18240000000,-16798000000,-6210000000,40644000000,,0.544,,,,,,true,false,12,2019-04-01,2020-03-31,-1
2021-04-30,42060,2022-03-31,,93500000000,0.200,,,,,9000000000,0.481,9300000000,0.426,,5600000000,,85.77,,,,,,,,,,,,,,,,,,,,,,true,true,6,2021-04-01,2021-09-30,1
2021-04-30,42060,2022-03-31,,200000000000,0.145,,,,,21000000000,0.167,21400000000,0.161,,13000000000,,199.10,,,,,,,,,,,,,,,,0.542,,,,,,true,true,12,2021-04-01,2022-03-31,1
2021-04-30,42060,2021-03-31,,98636000000,-0.099,,,,,12098000000,-0.109,14611000000,-0.043,10384000000,,-0.021,159.05,158.99,,,,,148748000000,120926000000,0.813,1851.64,120899000000,,,,,107.00,,,,67590664,2297405,65293525,false,false,12,2020-04-01,2021-03-31,0
2021-04-30,42060,2020-03-31,,109431000000,0.003,,,,,13582000000,-0.016,15272000000,-0.046,10607000000,,-0.101,162.45,162.39,,,,,145165000000,115636000000,0.796,1770.60,115609000000,,,,,106.00,,,,67590664,2296827,65294096,false,false,12,2019-04-01,2020-03-31,-1
2021-04-30,42060,2022-03-31,,,,,,,,,,,,,,,,,,,,,,,,,,,,,,108.00,,,,,,,false,true,12,2021-04-01,2022-03-31,1
2021-07-28,42060,2022-03-31,1,45487000000,0.217,,,,,4120000000,0.637,4441000000,0.478,,2645000000,,40.52,40.51,,,,,216581000000,153798000000,0.630,,136346000000,,,,,,,,,,,,true,false,3,2021-04-01,2021-06-30,0
2021-07-28,42060,2021-03-31,1,37364000000,-0.142,,,,,2516000000,-0.429,3005000000,-0.348,,1527000000,,23.39,23.38,,,,,,,,,,,,,,,,,,,,,true,false,3,2020-04-01,2020-06-30,-1
2021-07-28,42060,2022-03-31,1,93500000000,0.200,,,,,9000000000,0.490,9300000000,0.434,,5600000000,,85.77,,,,,,,,,,,,,,,,,,,,,,true,true,6,2021-04-01,2021-09-30,0
2021-07-28,42060,2022-03-31,1,200000000000,0.145,,,,,21000000000,0.167,21400000000,0.161,,13000000000,,199.10,,,,,,,,,,,,,,,,,,,,,,true,true,12,2021-04-01,2022-03-31,0
2021-07-28,42060,2021-03-31,1,,,,,,,,,,,,,,,,,,,,207363000000,150505000000,0.650,,134780000000,,,,,,,,,,,,true,false,12,2020-04-01,2021-03-31,-1
2021-07-28,42060,2021-03-31,1,,,,,,,,,,,,,,,,,,,,,,,,,,,,,107.00,,,,67590664,2297405,,false,false,12,2020-04-01,2021-03-31,-1
2021-07-28,42060,2022-03-31,1,,,,,,,,,,,,,,,,,,,,,,,,,,,,,108.00,,,,,,,false,true,12,2021-04-01,2022-03-31,0
2021-07-28,42060,2022-03-31,1,,,,,,,,,,,,,,,,,,,,,,,,,,,,,,,,,67590664,2297619,65293174,false,false,3,2021-04-01,2021-06-30,0
2021-07-28,42060,2021-03-31,1,,,,,,,,,,,,,,,,,,,,,,,,,,,,,,,,,,,65293769,false,false,3,2020-04-01,2020-06-30,-1
2021-10-27,42060,2022-03-31,2,98650000000,0.266,,,,,9426000000,0.560,10156000000,0.566,,6261000000,,95.90,95.87,,,,,221537000000,157846000000,0.634,,140512000000,,,,,,,,,,,,true,false,6,2021-04-01,2021-09-30,0
2021-10-27,42060,2021-03-31,2,77927000000,-0.152,,,,,6040000000,-0.396,6484000000,-0.383,,3841000000,,58.84,58.82,,,,,,,,,,,,,,,,,,,,,true,false,6,2020-04-01,2020-09-30,-1
2021-10-27,42060,2022-03-31,2,200000000000,0.145,,,,,21000000000,0.167,21400000000,0.161,,13000000000,,199.10,,,,,,,,,,,,,,,,,,,,,,true,true,12,2021-04-01,2022-03-31,0
2021-10-27,42060,2021-03-31,2,,,,,,,,,,,,,,,,,,,,207363000000,150505000000,0.650,,134780000000,,,,,,,,,,,,true,false,12,2020-04-01,2021-03-31,-1
2021-10-27,42060,2021-03-31,2,,,,,,,,,,,,,,,,,,,,,,,,,,,,,107.00,,,,67590664,2297405,,false,false,12,2020-04-01,2021-03-31,-1
2021-10-27,42060,2022-03-31,2,,,,,,,,,,,,,,,,,,,,,,,,,,,,,50.00,,,,,,,false,false,12,2021-04-01,2022-03-31,0
2021-10-27,42060,2022-03-31,2,,,,,,,,,,,,,,,,,,,,,,,,,,,,,108.00,,,,,,,false,true,12,2021-04-01,2022-03-31,0
2021-10-27,42060,2022-03-31,2,,,,,,,,,,,,,,,,,,,,,,,,,,,,,,,,,67590664,2292169,65295855,false,false,6,2021-04-01,2021-09-30,0
2021-10-27,42060,2021-03-31,2,,,,,,,,,,,,,,,,,,,,,,,,,,,,,,,,,,,65293669,false,false,6,2020-04-01,2020-09-30,-1
2022-01-27,42060,2022-03-31,3,152771000000,0.228,,,,,14213000000,0.214,15266000000,0.254,,9519000000,,145.78,145.73,,,,,222934000000,156531000000,0.628,,140073000000,,,,,,,,,,,,true,false,9,2021-04-01,2021-12-31,0
2022-01-27,42060,2021-03-31,3,124399000000,-0.117,,,,,11712000000,-0.247,12177000000,-0.251,,7117000000,,109.01,108.97,,,,,,,,,,,,,,,,,,,,,true,false,9,2020-04-01,2020-12-31,-1
2022-01-27,42060,2022-03-31,3,200000000000,0.145,,,,,21000000000,0.167,21400000000,0.161,,13000000000,,199.10,,,,,,,,,,,,,,,,,,,,,,true,true,12,2021-04-01,2022-03-31,0
2022-01-27,42060,2021-03-31,3,,,,,,,,,,,,,,,,,,,,207363000000,150505000000,0.650,,134780000000,,,,,,,,,,,,true,false,12,2020-04-01,2021-03-31,-1
2022-01-27,42060,2021-03-31,3,,,,,,,,,,,,,,,,,,,,,,,,,,,,,107.00,,,,67590664,2297405,,false,false,12,2020-04-01,2021-03-31,-1
2022-01-27,42060,2022-03-31,3,,,,,,,,,,,,,,,,,,,,,,,,,,,,,50.00,,,,,,,false,false,12,2021-04-01,2022-03-31,0
2022-01-27,42060,2022-03-31,3,,,,,,,,,,,,,,,,,,,,,,,,,,,,,108.00,,,,,,,false,true,12,2021-04-01,2022-03-31,0
2022-01-27,42060,2022-03-31,3,,,,,,,,,,,,,,,,,,,,,,,,,,,,,,,,,67590664,2289447,65297371,false,false,9,2021-04-01,2021-12-31,0
2022-01-27,42060,2021-03-31,3,,,,,,,,,,,,,,,,,,,,,,,,,,,,,,,,,,,65293601,false,false,9,2020-04-01,2020-12-31,-1
2022-05-09,42060,2022-03-31,,214514000000,0.228,,,,,20348000000,0.131,21840000000,0.185,,13117000000,,200.90,200.82,0.094,0.098,0.095,,240388000000,162734000000,0.604,2223.98,145221000000,11685000000,-8342000000,-1114000000,44997000000,,0.538,,,,,,true,false,12,2021-04-01,2022-03-31,0
2022-05-09,42060,2021-03-31,,174628000000,-0.088,,,,,17991000000,-0.137,18438000000,-0.136,,10759000000,,164.79,164.73,0.081,0.089,0.103,,207363000000,150505000000,0.650,2064.24,134780000000,19713000000,-9756000000,-9179000000,41185000000,,0.649,,,,,,true,false,12,2020-04-01,2021-03-31,-1
2022-05-09,42060,2023-03-31,,105000000000,0.064,,,,,9500000000,0.008,9700000000,-0.045,,6000000000,,93.81,,,,,,,,,,,,,,,,,,,,,,true,true,6,2022-04-01,2022-09-30,1
2022-05-09,42060,2023-03-31,,225000000000,0.049,,,,,21500000000,0.057,22000000000,0.007,,13300000000,,207.95,,,,,,,,,,,,,,,,0.525,,,,,,true,true,12,2022-04-01,2023-03-31,1
2022-05-09,42060,2022-03-31,,108258000000,0.098,,,,,13887000000,0.148,16886000000,0.156,11949000000,,0.151,183.00,182.94,,,,,159860000000,125226000000,0.783,1917.40,125203000000,,,,,108.00,,,,67590664,2292410,65297087,false,false,12,2021-04-01,2022-03-31,0
2022-05-09,42060,2021-03-31,,98636000000,-0.099,,,,,12098000000,-0.109,14611000000,-0.043,10384000000,,-0.021,159.05,158.99,,,,,148748000000,120926000000,0.813,1851.64,120899000000,,,,,107.00,,,,67590664,2297405,65293525,false,false,12,2020-04-01,2021-03-31,-1
2022-05-09,42060,2023-03-31,,,,,,,,,,,,,,,,,,,,,,,,,,,,,,109.00,,,,,,,false,true,12,2022-04-01,2023-03-31,1
2022-07-29,42060,2023-03-31,1,55620000000,0.223,,,,,4164000000,0.011,4592000000,0.034,,2860000000,,44.72,44.71,,,,,252658000000,162610000000,0.569,,143860000000,,,,,,,,,,,,true,false,3,2022-04-01,2022-06-30,0
2022-07-29,42060,2022-03-31,1,45487000000,0.217,,,,,4120000000,0.637,4441000000,0.478,,2645000000,,40.52,40.51,,,,,,,,,,,,,,,,,,,,,true,false,3,2021-04-01,2021-06-30,-1
2022-07-29,42060,2023-03-31,1,112000000000,0.135,,,,,9500000000,0.008,9700000000,-0.045,,6000000000,,93.81,,,,,,,,,,,,,,,,,,,,,,true,true,6,2022-04-01,2022-09-30,0
2022-07-29,42060,2023-03-31,1,232000000000,0.082,,,,,21500000000,0.057,22000000000,0.007,,13300000000,,207.95,,,,,,,,,,,,,,,,,,,,,,true,true,12,2022-04-01,2023-03-31,0
2022-07-29,42060,2022-03-31,1,,,,,,,,,,,,,,,,,,,,240388000000,162734000000,0.604,,145221000000,,,,,,,,,,,,true,false,12,2021-04-01,2022-03-31,-1
2022-07-29,42060,2022-03-31,1,,,,,,,,,,,,,,,,,,,,,,,,,,,,,108.00,,,,67590664,2292410,,false,false,12,2021-04-01,2022-03-31,-1
2022-07-29,42060,2023-03-31,1,,,,,,,,,,,,,,,,,,,,,,,,,,,,,109.00,,,,,,,false,true,12,2022-04-01,2023-03-31,0
2022-07-29,42060,2023-03-31,1,,,,,,,,,,,,,,,,,,,,,,,,,,,,,,,,,67590664,3632501,63958193,false,false,3,2022-04-01,2022-06-30,0
2022-07-29,42060,2022-03-31,1,,,,,,,,,,,,,,,,,,,,,,,,,,,,,,,,,,,65293174,false,false,3,2021-04-01,2021-06-30,-1
2022-10-28,42060,2023-03-31,2,117704000000,0.193,,,,,9437000000,0.001,10294000000,0.014,,6436000000,,100.62,100.59,,,,,258138000000,161347000000,0.573,,147890000000,,,,,,,,,,,,true,false,6,2022-04-01,2022-09-30,0
2022-10-28,42060,2022-03-31,2,98650000000,0.266,,,,,9425000000,0.560,10156000000,0.566,,6267000000,,95.98,95.95,,,,,,,,,,,,,,,,,,,,,true,false,6,2021-04-01,2021-09-30,-1
2022-10-28,42060,2023-03-31,2,237000000000,0.105,,,,,21500000000,0.057,22000000000,0.007,,13300000000,,207.95,,,,,,,,,,,,,,,,,,,,,,true,true,12,2022-04-01,2023-03-31,0
2022-10-28,42060,2022-03-31,2,,,,,,,,,,,,,,,,,,,,240388000000,162734000000,0.604,,145221000000,,,,,,,,,,,,true,false,12,2021-04-01,2022-03-31,-1
2022-10-28,42060,2022-03-31,2,,,,,,,,,,,,,,,,,,,,,,,,,,,,,108.00,,,,67590664,2292410,,false,false,12,2021-04-01,2022-03-31,-1
2022-10-28,42060,2023-03-31,2,,,,,,,,,,,,,,,,,,,,,,,,,,,,,50.00,,,,,,,false,false,12,2022-04-01,2023-03-31,0
2022-10-28,42060,2023-03-31,2,,,,,,,,,,,,,,,,,,,,,,,,,,,,,109.00,,,,,,,false,true,12,2022-04-01,2023-03-31,0
2022-10-28,42060,2023-03-31,2,,,,,,,,,,,,,,,,,,,,,,,,,,,,,,,,,67590664,3627355,63960806,false,false,6,2022-04-01,2022-09-30,0
2022-10-28,42060,2022-03-31,2,,,,,,,,,,,,,,,,,,,,,,,,,,,,,,,,,,,65295855,false,false,6,2021-04-01,2021-09-30,-1
2023-02-10,42060,2023-03-31,3,180818000000,0.184,,,,,14795000000,0.041,15680000000,0.027,,9722000000,,152.01,151.96,,,,,260328000000,162537000000,0.571,,148682000000,,,,,,,,,,,,true,false,9,2022-04-01,2022-12-31,0
2023-02-10,42060,2022-03-31,3,152771000000,0.228,,,,,14212000000,0.213,15264000000,0.254,,9530000000,,145.95,145.90,,,,,,,,,,,,,,,,,,,,,true,false,9,2021-04-01,2021-12-31,-1
2023-02-10,42060,2023-03-31,3,237000000000,0.105,,,,,21500000000,0.057,22000000000,0.007,,13300000000,,207.95,,,,,,,,,,,,,,,,,,,,,,true,true,12,2022-04-01,2023-03-31,0
2023-02-10,42060,2022-03-31,3,,,,,,,,,,,,,,,,,,,,240388000000,162734000000,0.604,,145221000000,,,,,,,,,,,,true,false,12,2021-04-01,2022-03-31,-1
2023-02-10,42060,2022-03-31,3,,,,,,,,,,,,,,,,,,,,,,,,,,,,,108.00,,,,67590664,2292410,,false,false,12,2021-04-01,2022-03-31,-1
2023-02-10,42060,2023-03-31,3,,,,,,,,,,,,,,,,,,,,,,,,,,,,,50.00,,,,,,,false,false,12,2022-04-01,2023-03-31,0
2023-02-10,42060,2023-03-31,3,,,,,,,,,,,,,,,,,,,,,,,,,,,,,109.00,,,,,,,false,true,12,2022-04-01,2023-03-31,0
2023-02-10,42060,2023-03-31,3,,,,,,,,,,,,,,,,,,,,,,,,,,,,,,,,,67590664,3627411,63961628,false,false,9,2022-04-01,2022-12-31,0
2023-02-10,42060,2022-03-31,3,,,,,,,,,,,,,,,,,,,,,,,,,,,,,,,,,,,65297371,false,false,9,2021-04-01,2021-12-31,-1
2023-04-28,42060,2023-03-31,,242055000000,0.128,,,,,20557000000,0.010,22088000000,0.011,,10059000000,,157.27,157.21,0.069,0.090,0.085,,250049000000,158074000000,0.581,2270.08,145201000000,19852000000,-9061000000,-9355000000,47943000000,,0.693,,,,,,true,false,12,2022-04-01,2023-03-31,0
2023-04-28,42060,2022-03-31,,214514000000,0.228,,,,,20348000000,0.131,21840000000,0.185,,13117000000,,200.90,200.82,0.094,0.098,0.095,,240388000000,162734000000,0.604,2223.98,145221000000,11685000000,-8342000000,-1114000000,44997000000,,0.538,,,,,,true,false,12,2021-04-01,2022-03-31,-1
2023-04-28,42060,2024-03-31,,119000000000,0.011,,,,,10000000000,0.060,10300000000,0.001,,6200000000,,96.93,,,,,,,,,,,,,,,,,,,,,,true,true,6,2023-04-01,2023-09-30,1
2023-04-28,42060,2024-03-31,,250000000000,0.033,,,,,21500000000,0.046,22500000000,0.019,,13200000000,,206.37,,,,,,,,,,,,,,,,0.533,,,,,,true,true,12,2023-04-01,2024-03-31,1
2023-04-28,42060,2023-03-31,,117939000000,0.089,,,,,15402000000,0.109,18203000000,0.078,10490000000,,-0.122,164.01,163.96,,,,,173775000000,125009000000,0.719,1954.01,124985000000,,,,,109.00,,,,67590664,3627311,63962043,false,false,12,2022-04-01,2023-03-31,0
2023-04-28,42060,2022-03-31,,108258000000,0.098,,,,,13887000000,0.148,16886000000,0.156,11949000000,,0.151,183.00,182.94,,,,,159860000000,125226000000,0.783,1917.40,125203000000,,,,,108.00,,,,67590664,2292410,65297087,false,false,12,2021-04-01,2022-03-31,-1
2023-04-28,42060,2024-03-31,,,,,,,,,,,,,,,,,,,,,,,,,,,,,,110.00,,,,,,,false,true,12,2023-04-01,2024-03-31,1
2023-07-27,42060,2024-03-31,1,54497000000,-0.020,,,,,5230000000,0.256,5609000000,0.222,,3137000000,,49.06,49.04,,,,,252952000000,161728000000,0.583,,147581000000,,,,,,,,,,,,true,false,3,2023-04-01,2023-06-30,0
2023-07-27,42060,2023-03-31,1,55620000000,0.223,,,,,4164000000,0.011,4592000000,0.034,,2860000000,,44.72,44.71,,,,,,,,,,,,,,,,,,,,,true,false,3,2022-04-01,2022-06-30,-1
2023-07-27,42060,2024-03-31,1,119000000000,0.011,,,,,10000000000,0.060,10300000000,0.001,,6200000000,,96.93,,,,,,,,,,,,,,,,,,,,,,true,true,6,2023-04-01,2023-09-30,0
2023-07-27,42060,2024-03-31,1,250000000000,0.033,,,,,21500000000,0.046,22500000000,0.019,,13200000000,,206.37,,,,,,,,,,,,,,,,,,,,,,true,true,12,2023-04-01,2024-03-31,0
2023-07-27,42060,2023-03-31,1,,,,,,,,,,,,,,,,,,,,250049000000,158074000000,0.581,,145201000000,,,,,,,,,,,,true,false,12,2022-04-01,2023-03-31,-1
2023-07-27,42060,2023-03-31,1,,,,,,,,,,,,,,,,,,,,,,,,,,,,,109.00,,,,67590664,3627311,,false,false,12,2022-04-01,2023-03-31,-1
2023-07-27,42060,2024-03-31,1,,,,,,,,,,,,,,,,,,,,,,,,,,,,,110.00,,,,,,,false,true,12,2023-04-01,2024-03-31,0
2023-07-27,42060,2024-03-31,1,,,,,,,,,,,,,,,,,,,,,,,,,,,,,,,,,67590664,3627458,63963297,false,false,3,2023-04-01,2023-06-30,0
2023-07-27,42060,2023-03-31,1,,,,,,,,,,,,,,,,,,,,,,,,,,,,,,,,,,,63958193,false,false,3,2022-04-01,2022-06-30,-1
2023-10-30,42060,2024-03-31,2,113307000000,-0.037,,,,,11406000000,0.209,12047000000,0.170,,7390000000,,115.53,115.49,,,,,266239000000,170326000000,0.585,,155645000000,,,,,,,,,,,,true,false,6,2023-04-01,2023-09-30,0
2023-10-30,42060,2023-03-31,2,117704000000,0.193,,,,,9437000000,0.001,10294000000,0.014,,6436000000,,100.62,100.59,,,,,,,,,,,,,,,,,,,,,true,false,6,2022-04-01,2022-09-30,-1
2023-10-30,42060,2024-03-31,2,250000000000,0.033,,,,,21500000000,0.046,22500000000,0.019,,13200000000,,206.37,,,,,,,,,,,,,,,,,,,,,,true,true,12,2023-04-01,2024-03-31,0
2023-10-30,42060,2023-03-31,2,,,,,,,,,,,,,,,,,,,,250049000000,158074000000,0.581,,145201000000,,,,,,,,,,,,true,false,12,2022-04-01,2023-03-31,-1
2023-10-30,42060,2023-03-31,2,,,,,,,,,,,,,,,,,,,,,,,,,,,,,109.00,,,,67590664,3627311,,false,false,12,2022-04-01,2023-03-31,-1
2023-10-30,42060,2024-03-31,2,,,,,,,,,,,,,,,,,,,,,,,,,,,,,52.00,,,,,,,false,false,12,2023-04-01,2024-03-31,0
2023-10-30,42060,2024-03-31,2,,,,,,,,,,,,,,,,,,,,,,,,,,,,,111.00,,,,,,,false,true,12,2023-04-01,2024-03-31,0
2023-10-30,42060,2024-03-31,2,,,,,,,,,,,,,,,,,,,,,,,,,,,,,,,,,67590664,3619478,63967252,false,false,6,2023-04-01,2023-09-30,0
2023-10-30,42060,2023-03-31,2,,,,,,,,,,,,,,,,,,,,,,,,,,,,,,,,,,,63960806,false,false,6,2022-04-01,2022-09-30,-1
2024-01-09,42060,2024-03-31,,237000000000,-0.052,,,,,24500000000,0.140,25500000000,0.133,,14600000000,,228.23,,,,,,,,,,,,,,,,,,,,,,true,true,12,2023-04-01,2024-03-31,0
2024-01-09,42060,2023-03-31,,242055000000,,,,,,20557000000,,22088000000,,,10059000000,,157.27,,,,,,,,,,,,,,,,,,,,,,true,false,12,2022-04-01,2023-03-31,-1
2024-01-31,42060,2024-03-31,3,174875000000,-0.033,,,,,19503000000,0.318,20572000000,0.312,,12261000000,,191.68,191.62,,,,,271587000000,173942000000,0.585,,158804000000,,,,,,,,,,,,true,false,9,2023-04-01,2023-12-31,0
2024-01-31,42060,2023-03-31,3,180818000000,0.184,,,,,14795000000,0.041,15680000000,0.027,,9722000000,,152.01,151.96,,,,,,,,,,,,,,,,,,,,,true,false,9,2022-04-01,2022-12-31,-1
2024-01-31,42060,2024-03-31,3,237000000000,-0.021,,,,,24500000000,0.192,25500000000,0.154,,14600000000,,228.23,,,,,,,,,,,,,,,,,,,,,,true,true,12,2023-04-01,2024-03-31,0
2024-01-31,42060,2023-03-31,3,,,,,,,,,,,,,,,,,,,,250049000000,158074000000,0.581,,145201000000,,,,,,,,,,,,true,false,12,2022-04-01,2023-03-31,-1
2024-01-31,42060,2023-03-31,3,,,,,,,,,,,,,,,,,,,,,,,,,,,,,109.00,,,,67590664,3627311,,false,false,12,2022-04-01,2023-03-31,-1
2024-01-31,42060,2024-03-31,3,,,,,,,,,,,,,,,,,,,,,,,,,,,,,52.00,,,,,,,false,false,12,2023-04-01,2024-03-31,0
2024-01-31,42060,2024-03-31,3,,,,,,,,,,,,,,,,,,,,,,,,,,,,,111.00,,,,,,,false,true,12,2023-04-01,2024-03-31,0
2024-01-31,42060,2024-03-31,3,,,,,,,,,,,,,,,,,,,,,,,,,,,,,,,,,67590664,3619737,63968517,false,false,9,2023-04-01,2023-12-31,0
2024-01-31,42060,2023-03-31,3,,,,,,,,,,,,,,,,,,,,,,,,,,,,,,,,,,,63961628,false,false,9,2022-04-01,2022-12-31,-1
2024-04-30,42060,2024-03-31,,236625000000,-0.022,,,,,25286000000,0.230,26135000000,0.183,,15135000000,,236.60,236.53,0.099,0.100,0.107,,274739000000,176543000000,0.589,2529.07,161786000000,28482000000,-7574000000,-11167000000,59637000000,,0.473,,,,,,true,false,12,2023-04-01,2024-03-31,0
2024-04-30,42060,2023-03-31,,242055000000,0.128,,,,,20557000000,0.010,22088000000,0.011,,10059000000,,157.27,157.21,0.069,0.090,0.085,,250049000000,158074000000,0.581,2270.08,145201000000,19852000000,-9061000000,-9355000000,47943000000,,0.693,,,,,,true,false,12,2022-04-01,2023-03-31,-1
2024-04-30,42060,2025-03-31,,120000000000,0.059,,,,,12000000000,0.052,12500000000,0.038,,7500000000,,117.24,,,,,,,,,,,,,,,,,,,,,,true,true,6,2024-04-01,2024-09-30,1
2024-04-30,42060,2025-03-31,,250000000000,0.057,,,,,26500000000,0.048,27500000000,0.052,,15500000000,,242.30,,,,,,,,,,,,,,,,0.466,,,,,,true,true,12,2024-04-01,2025-03-31,1
2024-04-30,42060,2024-03-31,,122435000000,0.038,,,,,16394000000,0.064,19672000000,0.081,13977000000,,0.332,218.50,218.43,,,,,186894000000,135625000000,0.726,2119.81,135606000000,,,,,112.00,,,,67590664,3619653,63969116,false,false,12,2023-04-01,2024-03-31,0
2024-04-30,42060,2023-03-31,,117939000000,0.089,,,,,15402000000,0.109,18203000000,0.078,10490000000,,-0.122,164.01,163.96,,,,,173775000000,125009000000,0.719,1954.01,124985000000,,,,,109.00,,,,67590664,3627311,63962043,false,false,12,2022-04-01,2023-03-31,-1
2024-04-30,42060,2025-03-31,,,,,,,,,,,,,,,,,,,,,,,,,,,,,,113.00,,,,,,,false,true,12,2024-04-01,2025-03-31,1
2024-07-30,42060,2025-03-31,1,56842000000,0.043,,,,,6059000000,0.159,6766000000,0.206,,4134000000,,64.63,64.61,,,,,275700000000,181652000000,0.601,,165814000000,,,,,,,,,,,,true,false,3,2024-04-01,2024-06-30,0
2024-07-30,42060,2024-03-31,1,54497000000,-0.020,,,,,5230000000,0.256,5609000000,0.222,,3604000000,,56.35,56.33,,,,,,,,,,,,,,,,,,,,,true,false,3,2023-04-01,2023-06-30,-1
2024-07-30,42060,2025-03-31,1,120000000000,0.059,,,,,12700000000,0.113,13300000000,0.104,,8000000000,,125.06,,,,,,,,,,,,,,,,,,,,,,true,true,6,2024-04-01,2024-09-30,0
2024-07-30,42060,2025-03-31,1,250000000000,0.057,,,,,27200000000,0.076,28300000000,0.083,,16200000000,,253.24,,,,,,,,,,,,,,,,,,,,,,true,true,12,2024-04-01,2025-03-31,0
2024-07-30,42060,2024-03-31,1,,,,,,,,,,,,,,,,,,,,274739000000,176543000000,0.589,,161786000000,,,,,,,,,,,,true,false,12,2023-04-01,2024-03-31,-1
2024-07-30,42060,2024-03-31,1,,,,,,,,,,,,,,,,,,,,,,,,,,,,,112.00,,,,67590664,3619653,,false,false,12,2023-04-01,2024-03-31,-1
2024-07-30,42060,2025-03-31,1,,,,,,,,,,,,,,,,,,,,,,,,,,,,,113.00,,,,,,,false,true,12,2024-04-01,2025-03-31,0
2024-07-30,42060,2025-03-31,1,,,,,,,,,,,,,,,,,,,,,,,,,,,,,,,,,67590664,3619580,63971017,false,false,3,2024-04-01,2024-06-30,0
2024-07-30,42060,2024-03-31,1,,,,,,,,,,,,,,,,,,,,,,,,,,,,,,,,,,,63963297,false,false,3,2023-04-01,2023-06-30,-1
2024-08-08,42060,2025-03-31,1,56842000000,0.043,,,,,6059000000,0.159,6766000000,0.206,,4134000000,,64.63,64.61,,,,,275700000000,181652000000,0.601,,165814000000,,,,,,,,,,,,true,false,3,2024-04-01,2024-06-30,0
2024-08-08,42060,2024-03-31,1,54497000000,-0.020,,,,,5230000000,0.256,5609000000,0.222,,3604000000,,56.35,56.33,,,,,,,,,,,,,,,,,,,,,true,false,3,2023-04-01,2023-06-30,-1
2024-08-08,42060,2025-03-31,1,120000000000,0.059,,,,,12700000000,0.113,13300000000,0.104,,8000000000,,125.06,,,,,,,,,,,,,,,,,,,,,,true,true,6,2024-04-01,2024-09-30,0
2024-08-08,42060,2025-03-31,1,250000000000,0.057,,,,,27200000000,0.076,28300000000,0.083,,16200000000,,253.24,,,,,,,,,,,,,,,,,,,,,,true,true,12,2024-04-01,2025-03-31,0
2024-08-08,42060,2024-03-31,1,,,,,,,,,,,,,,,,,,,,274739000000,176543000000,0.589,,161786000000,,,,,,,,,,,,true,false,12,2023-04-01,2024-03-31,-1
2024-08-08,42060,2024-03-31,1,,,,,,,,,,,,,,,,,,,,,,,,,,,,,112.00,,,,67590664,3619653,,false,false,12,2023-04-01,2024-03-31,-1
2024-08-08,42060,2025-03-31,1,,,,,,,,,,,,,,,,,,,,,,,,,,,,,113.00,,,,,,,false,true,12,2024-04-01,2025-03-31,0
2024-08-08,42060,2025-03-31,1,,,,,,,,,,,,,,,,,,,,,,,,,,,,,,,,,67590664,3619580,63971017,false,false,3,2024-04-01,2024-06-30,0
2024-08-08,42060,2024-03-31,1,,,,,,,,,,,,,,,,,,,,,,,,,,,,,,,,,,,63963297,false,false,3,2023-04-01,2023-06-30,-1
,42060,2025-03-31,,,,,,,,,,,,,,,,,,,,,,,,,,,,,,116.00,,,,,,,false,true,12,2024-04-01,2025-03-31,0
,42060,2024-03-31,,,,,,,,,,,,,,,,,,,,,,,,,,,,,,112.00,,,,,,,false,false,12,2023-04-01,2024-03-31,-1
2024-10-30,42060,2025-03-31,2,120140000000,0.060,,,,,13147000000,0.153,14230000000,0.181,,8855000000,,138.44,138.40,,,,,283665000000,188298000000,0.609,,172799000000,,,,,,,,,,,,true,false,6,2024-04-01,2024-09-30,0
2024-10-30,42060,2024-03-31,2,113307000000,-0.037,,,,,11406000000,0.209,12047000000,0.170,,7856000000,,122.82,122.78,,,,,,,,,,,,,,,,,,,,,true,false,6,2023-04-01,2023-09-30,-1
2024-10-30,42060,2025-03-31,2,250000000000,0.057,,,,,27200000000,0.076,28300000000,0.083,,16200000000,,253.24,,,,,,,,,,,,,,,,,,,,,,true,true,12,2024-04-01,2025-03-31,0
2024-10-30,42060,2024-03-31,2,,,,,,,,,,,,,,,,,,,,274739000000,176543000000,0.589,,161786000000,,,,,,,,,,,,true,false,12,2023-04-01,2024-03-31,-1
2024-10-30,42060,2024-03-31,2,,,,,,,,,,,,,,,,,,,,,,,,,,,,,112.00,,,,67590664,3619653,,false,false,12,2023-04-01,2024-03-31,-1
2024-10-30,42060,2025-03-31,2,,,,,,,,,,,,,,,,,,,,,,,,,,,,,56.00,,,,,,,false,false,12,2024-04-01,2025-03-31,0
2024-10-30,42060,2025-03-31,2,,,,,,,,,,,,,,,,,,,,,,,,,,,,,116.00,,,,,,,false,true,12,2024-04-01,2025-03-31,0
2024-10-30,42060,2025-03-31,2,,,,,,,,,,,,,,,,,,,,,,,,,,,,,,,,,67590664,3619601,63971040,false,false,6,2024-04-01,2024-09-30,0
2024-10-30,42060,2024-03-31,2,,,,,,,,,,,,,,,,,,,,,,,,,,,,,,,,,,,63967252,false,false,6,2023-04-01,2023-09-30,-1
2025-01-31,42060,2025-03-31,3,184785000000,0.057,,,,,21199000000,0.087,22548000000,0.096,,14338000000,,225.25,225.18,,,,,275044000000,180351000000,0.604,,166036000000,,,,,,,,,,,,true,false,9,2024-04-01,2024-12-31,0
2025-01-31,42060,2024-03-31,3,174875000000,-0.033,,,,,19503000000,0.318,20572000000,0.312,,12728000000,,198.97,198.91,,,,,,,,,,,,,,,,,,,,,true,false,9,2023-04-01,2023-12-31,-1
2025-01-31,42060,2025-03-31,3,250000000000,0.057,,,,,27200000000,0.076,28300000000,0.083,,16200000000,,258.09,,,,,,,,,,,,,,,,,,,,,,true,true,12,2024-04-01,2025-03-31,0
2025-01-31,42060,2024-03-31,3,,,,,,,,,,,,,,,,,,,,274739000000,176543000000,0.589,,161786000000,,,,,,,,,,,,true,false,12,2023-04-01,2024-03-31,-1
2025-01-31,42060,2024-03-31,3,,,,,,,,,,,,,,,,,,,,,,,,,,,,,112.00,,,,67590664,3619653,,false,false,12,2023-04-01,2024-03-31,-1
2025-01-31,42060,2025-03-31,3,,,,,,,,,,,,,,,,,,,,,,,,,,,,,56.00,,,,,,,false,false,12,2024-04-01,2025-03-31,0
2025-01-31,42060,2025-03-31,3,,,,,,,,,,,,,,,,,,,,,,,,,,,,,122.00,,,,,,,false,true,12,2024-04-01,2025-03-31,0
2025-01-31,42060,2025-03-31,3,,,,,,,,,,,,,,,,,,,,,,,,,,,,,,,,,67590664,4822744,63656291,false,false,9,2024-04-01,2024-12-31,0
2025-01-31,42060,2024-03-31,3,,,,,,,,,,,,,,,,,,,,,,,,,,,,,,,,,,,63968517,false,false,9,2023-04-01,2023-12-31,-1
2025-05-01,4206,2025-03-31,,248696000000,0.051,,,,,27408000000,0.084,28668000000,0.097,,16896000000,,266.36,266.28,0.101,0.102,0.110,,288058000000,189723000000,0.602,2762.12,173372000000,26751000000,-11121000000,-16790000000,62450000000,,0.473,,,,,,true,false,12,2024-04-01,2025-03-31,0
2025-05-01,4206,2024-03-31,,236625000000,-0.022,,,,,25286000000,0.230,26135000000,0.183,,15135000000,,236.60,236.53,0.099,0.100,0.107,,274739000000,176543000000,0.589,2529.07,161786000000,28482000000,-7574000000,-11167000000,59637000000,,0.473,,,,,,true,false,12,2023-04-01,2024-03-31,-1
2025-05-01,4206,2026-03-31,,126600000000,0.054,,,,,13600000000,0.034,14300000000,0.005,,8900000000,,141.79,,,,,,,,,,,,,,,,,,,,,,true,true,6,2025-04-01,2025-09-30,1
2025-05-01,4206,2026-03-31,,265000000000,0.066,,,,,29000000000,0.058,30000000000,0.046,,18300000000,,291.55,,,,,,,,,,,,,,,,0.466,,,,,,true,true,12,2025-04-01,2026-03-31,1
2025-05-01,4206,2025-03-31,,129514000000,0.058,,,,,17849000000,0.089,20579000000,0.046,14875000000,,0.064,234.51,234.44,,,,,187428000000,139052000000,0.742,2215.04,139033000000,,,,,126.00,,,,67590664,4822848,63434186,false,false,12,2024-04-01,2025-03-31,0
2025-05-01,4206,2024-03-31,,122435000000,0.038,,,,,16394000000,0.064,19672000000,0.081,13977000000,,0.332,218.50,218.43,,,,,186894000000,135625000000,0.726,2119.81,135606000000,,,,,112.00,,,,67590664,3619653,63969116,false,false,12,2023-04-01,2024-03-31,-1
2025-05-01,4206,2026-03-31,,,,,,,,,,,,,,,,,,,,,,,,,,,,,,136.00,,,,,,,false,true,12,2025-04-01,2026-03-31,1
2025-06-20,4206,2025-03-31,,248696000000,0.051,,,,,27408000000,0.084,28668000000,0.097,,16896000000,,266.36,245.44,0.101,0.102,0.110,,288058000000,189723000000,0.602,2762.12,173372000000,26751000000,-11121000000,-16790000000,62450000000,,0.473,,,,,,true,false,12,2024-04-01,2025-03-31,0
2025-06-20,4206,2024-03-31,,236625000000,-0.022,,,,,25286000000,0.230,26135000000,0.183,,15135000000,,236.60,218.39,0.099,0.100,0.107,,274739000000,176543000000,0.589,2529.07,161786000000,28482000000,-7574000000,-11167000000,59637000000,,0.473,,,,,,true,false,12,2023-04-01,2024-03-31,-1
2025-06-20,4206,2026-03-31,,126600000000,0.054,,,,,13600000000,0.034,14300000000,0.005,,8900000000,,141.79,,,,,,,,,,,,,,,,,,,,,,true,true,6,2025-04-01,2025-09-30,1
2025-06-20,4206,2026-03-31,,265000000000,0.066,,,,,29000000000,0.058,30000000000,0.046,,18300000000,,291.55,,,,,,,,,,,,,,,,0.466,,,,,,true,true,12,2025-04-01,2026-03-31,1
2025-06-20,4206,2025-03-31,,129514000000,0.058,,,,,17849000000,0.089,20579000000,0.046,14875000000,,0.064,234.51,216.13,,,,,187428000000,139052000000,0.742,2215.04,139033000000,,,,,126.00,,,,67590664,4822848,63434186,false,false,12,2024-04-01,2025-03-31,0
2025-06-20,4206,2024-03-31,,122435000000,0.038,,,,,16394000000,0.064,19672000000,0.081,13977000000,,0.332,218.50,201.73,,,,,186894000000,135625000000,0.726,2119.81,135606000000,,,,,112.00,,,,67590664,3619653,63969116,false,false,12,2023-04-01,2024-03-31,-1
2025-06-20,4206,2026-03-31,,,,,,,,,,,,,,,,,,,,,,,,,,,,,,136.00,,,,,,,false,true,12,2025-04-01,2026-03-31,1
2025-06-20,42060,2025-03-31,3,184785000000,0.057,,,,,21199000000,0.087,22548000000,0.096,,14338000000,,225.25,207.71,,,,,275044000000,180351000000,0.604,,166036000000,,,,,,,,,,,,true,false,9,2024-04-01,2024-12-31,0
2025-06-20,42060,2024-03-31,3,174875000000,-0.033,,,,,19503000000,0.318,20572000000,0.312,,12728000000,,198.97,183.79,,,,,,,,,,,,,,,,,,,,,true,false,9,2023-04-01,2023-12-31,-1
2025-06-20,42060,2025-03-31,3,250000000000,0.057,,,,,27200000000,0.076,28300000000,0.083,,16200000000,,258.09,,,,,,,,,,,,,,,,,,,,,,true,true,12,2024-04-01,2025-03-31,0
2025-06-20,42060,2024-03-31,3,,,,,,,,,,,,,,,,,,,,274739000000,176543000000,0.589,,161786000000,,,,,,,,,,,,true,false,12,2023-04-01,2024-03-31,-1
2025-06-20,42060,2024-03-31,3,,,,,,,,,,,,,,,,,,,,,,,,,,,,,112.00,,,,67590664,3619653,,false,false,12,2023-04-01,2024-03-31,-1
2025-06-20,42060,2025-03-31,3,,,,,,,,,,,,,,,,,,,,,,,,,,,,,56.00,,,,,,,false,false,12,2024-04-01,2025-03-31,0
2025-06-20,42060,2025-03-31,3,,,,,,,,,,,,,,,,,,,,,,,,,,,,,122.00,,,,,,,false,true,12,2024-04-01,2025-03-31,0
2025-06-20,42060,2025-03-31,3,,,,,,,,,,,,,,,,,,,,,,,,,,,,,,,,,67590664,4822744,63656291,false,false,9,2024-04-01,2024-12-31,0
2025-06-20,42060,2024-03-31,3,,,,,,,,,,,,,,,,,,,,,,,,,,,,,,,,,,,63968517,false,false,9,2023-04-01,2023-12-31,-1
2025-06-20,42060,2025-03-31,1,56842000000,0.043,,,,,6059000000,0.159,6766000000,0.206,,4134000000,,64.63,60.00,,,,,275700000000,181652000000,0.601,,165814000000,,,,,,,,,,,,true,false,3,2024-04-01,2024-06-30,0
2025-06-20,42060,2024-03-31,1,54497000000,-0.020,,,,,5230000000,0.256,5609000000,0.222,,3604000000,,56.35,52.55,,,,,,,,,,,,,,,,,,,,,true,false,3,2023-04-01,2023-06-30,-1
2025-06-20,42060,2025-03-31,1,120000000000,0.059,,,,,12700000000,0.113,13300000000,0.104,,8000000000,,125.06,,,,,,,,,,,,,,,,,,,,,,true,true,6,2024-04-01,2024-09-30,0
2025-06-20,42060,2025-03-31,1,250000000000,0.057,,,,,27200000000,0.076,28300000000,0.083,,16200000000,,253.24,,,,,,,,,,,,,,,,,,,,,,true,true,12,2024-04-01,2025-03-31,0
2025-06-20,42060,2024-03-31,1,,,,,,,,,,,,,,,,,,,,274739000000,176543000000,0.589,,161786000000,,,,,,,,,,,,true,false,12,2023-04-01,2024-03-31,-1
2025-06-20,42060,2024-03-31,1,,,,,,,,,,,,,,,,,,,,,,,,,,,,,112.00,,,,67590664,3619653,,false,false,12,2023-04-01,2024-03-31,-1
2025-06-20,42060,2025-03-31,1,,,,,,,,,,,,,,,,,,,,,,,,,,,,,113.00,,,,,,,false,true,12,2024-04-01,2025-03-31,0
2025-06-20,42060,2025-03-31,1,,,,,,,,,,,,,,,,,,,,,,,,,,,,,,,,,67590664,3619580,63971017,false,false,3,2024-04-01,2024-06-30,0
2025-06-20,42060,2024-03-31,1,,,,,,,,,,,,,,,,,,,,,,,,,,,,,,,,,,,63963297,false,false,3,2023-04-01,2023-06-30,-1
2025-08-04,4206,2026-03-31,1,59765000000,0.051,,,,,6324000000,0.044,7175000000,0.060,,4471000000,,71.52,66.02,,,,,278395000000,183723000000,0.603,,167867000000,,,,,,,,,,,,true,false,3,2025-04-01,2025-06-30,0
2025-08-04,4206,2025-03-31,1,56842000000,0.043,,,,,6059000000,0.159,6766000000,0.206,,4134000000,,64.63,60.00,,,,,,,,,,,,,,,,,,,,,true,false,3,2024-04-01,2024-06-30,-1
2025-08-04,4206,2026-03-31,1,126600000000,0.054,,,,,13600000000,0.034,14300000000,0.005,,8900000000,,141.79,,,,,,,,,,,,,,,,,,,,,,true,true,6,2025-04-01,2025-09-30,0
2025-08-04,4206,2026-03-31,1,265000000000,0.066,,,,,29000000000,0.058,30000000000,0.046,,18300000000,,291.55,,,,,,,,,,,,,,,,,,,,,,true,true,12,2025-04-01,2026-03-31,0
2025-08-04,4206,2025-03-31,1,,,,,,,,,,,,,,,,,,,,288058000000,189723000000,0.602,,173372000000,,,,,,,,,,,,true,false,12,2024-04-01,2025-03-31,-1
2025-08-04,4206,2025-03-31,1,,,,,,,,,,,,,,,,,,,,,,,,,,,,,126.00,,,,67590664,4822848,,false,false,12,2024-04-01,2025-03-31,-1
2025-08-04,4206,2026-03-31,1,,,,,,,,,,,,,,,,,,,,,,,,,,,,,136.00,,,,,,,false,true,12,2025-04-01,2026-03-31,0
2025-08-04,4206,2026-03-31,1,,,,,,,,,,,,,,,,,,,,,,,,,,,,,,,,,67590664,5318664,62518746,false,false,3,2025-04-01,2025-06-30,0
2025-08-04,4206,2025-03-31,1,,,,,,,,,,,,,,,,,,,,,,,,,,,,,,,,,,,63971017,false,false,3,2024-04-01,2024-06-30,-1
