filing_date,code,fiscal_year_end,quarterly_period,net_sales,net_sales_change,revenue,revenue_change,operating_revenue,operating_revenue_change,operating_profit,operating_profit_change,ordinary_profit,ordinary_profit_change,net_income,net_income_of_parent,net_income_change,eps,diluted_eps,roe,roa,operating_profit_to_net_sales,operating_profit_to_revenue,total_assets,net_assets,equity_ratio,bps,owner_equity,operating_cash_flow,investing_cash_flow,financing_cash_flow,cash,dividend_per_share,payout_ratio,commemorative_dividend,extra_dividend,number_of_shares,number_of_treqsury_shares,avg_number_of_shares,is_consolidated,is_forecast,duration,period_start,period_end,period_pos
2015-05-15,42160,2015-03-31,,40837000000,0.073,,,,,1197000000,0.021,1764000000,0.070,1151000000,,0.146,11.87,,0.030,0.032,0.029,,57697000000,39108000000,0.673,405.05,38823000000,2513000000,-3019000000,-170000000,7937000000,,0.505,,,,,,true,false,12,2014-04-01,2015-03-31,0
2015-05-15,42160,2014-03-31,,38057000000,0.183,,,,,1172000000,1.110,1649000000,0.494,1004000000,,,10.28,,0.027,0.033,0.031,,53811000000,37866000000,0.699,385.13,37609000000,3225000000,-1193000000,-382000000,8437000000,,0.584,,,,,,true,false,12,2013-04-01,2014-03-31,-1
2015-05-15,42160,2016-03-31,,21000000000,0.101,,,,,600000000,0.185,600000000,-0.159,,350000000,,3.61,,,,,,,,,,,,,,,,,,,,,,true,true,6,2015-04-01,2015-09-30,1
2015-05-15,42160,2016-03-31,,43000000000,0.053,,,,,1500000000,0.254,1600000000,-0.093,,1000000000,,10.31,,,,,,,,,,,,,,,,0.582,,,,,,true,true,12,2015-04-01,2016-03-31,1
2015-05-15,42160,2015-03-31,,25506000000,0.007,,,,,502000000,0.179,1063000000,0.237,768000000,,0.465,7.91,,,,,,47364000000,35558000000,0.751,370.67,35558000000,,,,,6.00,,,,99002000,3155651,96953135,false,false,12,2014-04-01,2015-03-31,0
2015-05-15,42160,2014-03-31,,25337000000,0.019,,,,,426000000,,859000000,0.478,524000000,,,5.36,,,,,,47026000000,36222000000,0.770,370.62,36222000000,,,,,6.00,,,,99002000,1349119,97658300,false,false,12,2013-04-01,2014-03-31,-1
2015-05-15,42160,2016-03-31,,,,,,,,,,,,,,,,,,,,,,,,,,,,,,6.00,,,,,,,false,true,12,2015-04-01,2016-03-31,1
2015-07-31,42160,2016-03-31,1,9936000000,0.067,,,,,223000000,0.340,365000000,2.555,,279000000,,2.91,,,,,,56358000000,39019000000,0.687,404.20,38741000000,,,,,,,,,,,,true,false,3,2015-04-01,2015-06-30,0
2015-07-31,42160,2015-03-31,1,9316000000,0.252,,,,,167000000,,103000000,1.762,,-16000000,,-0.17,,,,,,,,,,,,,,,,,,,,,,true,false,3,2014-04-01,2014-06-30,-1
2015-07-31,42160,2016-03-31,1,21000000000,0.101,,,,,600000000,0.185,700000000,-0.019,,500000000,,5.22,,,,,,,,,,,,,,,,,,,,,,true,true,6,2015-04-01,2015-09-30,0
2015-07-31,42160,2016-03-31,1,43000000000,0.053,,,,,1500000000,0.254,1600000000,-0.093,,1000000000,,10.31,,,,,,,,,,,,,,,,,,,,,,true,true,12,2015-04-01,2016-03-31,0
2015-07-31,42160,2015-03-31,1,,,,,,,,,,,,,,,,,,,,57697000000,39108000000,0.673,405.05,38823000000,,,,,,,,,,,,true,false,12,2014-04-01,2015-03-31,-1
2015-07-31,42160,2015-03-31,1,,,,,,,,,,,,,,,,,,,,,,,,,,,,,6.00,,,,99002000,3155651,,false,false,12,2014-04-01,2015-03-31,-1
2015-07-31,42160,2016-03-31,1,,,,,,,,,,,,,,,,,,,,,,,,,,,,,6.00,,,,,,,false,true,12,2015-04-01,2016-03-31,0
2015-07-31,42160,2016-03-31,1,,,,,,,,,,,,,,,,,,,,,,,,,,,,,,,,,99002000,3157590,95845493,false,false,3,2015-04-01,2015-06-30,0
2015-07-31,42160,2015-03-31,1,,,,,,,,,,,,,,,,,,,,,,,,,,,,,,,,,,,97651904,false,false,3,2014-04-01,2014-06-30,-1
2015-07-31,42160,2016-03-31,,21000000000,0.000,,,,,600000000,0.000,700000000,0.167,500000000,,0.429,5.22,,,,,,,,,,,,,,,,,,,,,,true,true,6,2015-04-01,2015-09-30,0
2015-07-31,42160,2015-03-31,,19068000000,,,,,,506000000,,714000000,,457000000,,,4.68,,,,,,,,,,,,,,,,,,,,,,true,false,6,2014-04-01,2014-09-30,-1
2015-10-30,42160,2016-03-31,2,20882000000,0.095,,,,,694000000,0.371,810000000,0.135,,625000000,,6.52,,,,,,54878000000,39143000000,0.709,405.77,38888000000,,,,,,,,,,,,true,false,6,2015-04-01,2015-09-30,0
2015-10-30,42160,2015-03-31,2,19068000000,0.206,,,,,506000000,,714000000,3.267,,457000000,,4.68,,,,,,,,,,,,,,,,,,,,,,true,false,6,2014-04-01,2014-09-30,-1
2015-10-30,42160,2016-03-31,2,43000000000,0.053,,,,,1600000000,0.337,1750000000,-0.008,,1150000000,,12.00,,,,,,,,,,,,,,,,,,,,,,true,true,12,2015-04-01,2016-03-31,0
2015-10-30,42160,2015-03-31,2,,,,,,,,,,,,,,,,,,,,57697000000,39108000000,0.673,405.05,38823000000,,,,,,,,,,,,true,false,12,2014-04-01,2015-03-31,-1
2015-10-30,42160,2015-03-31,2,,,,,,,,,,,,,,,,,,,,,,,,,,,,,6.00,,,,99002000,3155651,,false,false,12,2014-04-01,2015-03-31,-1
2015-10-30,42160,2016-03-31,2,,,,,,,,,,,,,,,,,,,,,,,,,,,,,3.00,,,,,,,false,false,12,2015-04-01,2016-03-31,0
2015-10-30,42160,2016-03-31,2,,,,,,,,,,,,,,,,,,,,,,,,,,,,,6.00,,,,,,,false,true,12,2015-04-01,2016-03-31,0
2015-10-30,42160,2016-03-31,2,,,,,,,,,,,,,,,,,,,,,,,,,,,,,,,,,99002000,3163939,95842679,false,false,6,2015-04-01,2015-09-30,0
2015-10-30,42160,2015-03-31,2,,,,,,,,,,,,,,,,,,,,,,,,,,,,,,,,,,,97644388,false,false,6,2014-04-01,2014-09-30,-1
2016-01-29,42160,2016-03-31,3,30928000000,0.038,,,,,1102000000,0.216,1177000000,-0.181,,867000000,,9.05,,,,,,55419000000,38913000000,0.698,403.47,38667000000,,,,,,,,,,,,true,false,9,2015-04-01,2015-12-31,0
2016-01-29,42160,2015-03-31,3,29801000000,0.120,,,,,906000000,0.840,1437000000,0.581,,949000000,,9.75,,,,,,,,,,,,,,,,,,,,,,true,false,9,2014-04-01,2014-12-31,-1
2016-01-29,42160,2016-03-31,3,43000000000,0.053,,,,,1600000000,0.337,1750000000,-0.008,,1150000000,,12.00,,,,,,,,,,,,,,,,,,,,,,true,true,12,2015-04-01,2016-03-31,0
2016-01-29,42160,2015-03-31,3,,,,,,,,,,,,,,,,,,,,57697000000,39108000000,0.673,405.05,38823000000,,,,,,,,,,,,true,false,12,2014-04-01,2015-03-31,-1
2016-01-29,42160,2015-03-31,3,,,,,,,,,,,,,,,,,,,,,,,,,,,,,6.00,,,,99002000,3155651,,false,false,12,2014-04-01,2015-03-31,-1
2016-01-29,42160,2016-03-31,3,,,,,,,,,,,,,,,,,,,,,,,,,,,,,3.00,,,,,,,false,false,12,2015-04-01,2016-03-31,0
2016-01-29,42160,2016-03-31,3,,,,,,,,,,,,,,,,,,,,,,,,,,,,,6.00,,,,,,,false,true,12,2015-04-01,2016-03-31,0
2016-01-29,42160,2016-03-31,3,,,,,,,,,,,,,,,,,,,,,,,,,,,,,,,,,99002000,3165949,95841069,false,false,9,2015-04-01,2015-12-31,0
2016-01-29,42160,2015-03-31,3,,,,,,,,,,,,,,,,,,,,,,,,,,,,,,,,,,,97284870,false,false,9,2014-04-01,2014-12-31,-1
2016-05-16,42160,2016-03-31,,41547000000,0.017,,,,,1591000000,0.330,1525000000,-0.135,,926000000,,9.67,,0.024,0.028,0.038,,53202000000,38141000000,0.712,395.15,37869000000,1845000000,-1128000000,-1134000000,7510000000,,0.620,,,,,,true,false,12,2015-04-01,2016-03-31,0
2016-05-16,42160,2015-03-31,,40837000000,0.073,,,,,1197000000,0.021,1764000000,0.070,,1151000000,,11.87,,0.030,0.032,0.029,,57697000000,39108000000,0.673,405.05,38823000000,2513000000,-3019000000,-170000000,7937000000,,0.505,,,,,,true,false,12,2014-04-01,2015-03-31,-1
2016-05-16,42160,2017-03-31,,20500000000,-0.018,,,,,400000000,-0.424,500000000,-0.383,,300000000,,3.13,,,,,,,,,,,,,,,,,,,,,,true,true,6,2016-04-01,2016-09-30,1
2016-05-16,42160,2017-03-31,,43000000000,0.035,,,,,1600000000,0.006,1700000000,0.115,,1100000000,,11.48,,,,,,,,,,,,,,,,0.523,,,,,,true,true,12,2016-04-01,2017-03-31,1
2016-05-16,42160,2016-03-31,,26514000000,0.040,,,,,947000000,0.886,1109000000,0.044,839000000,,0.093,8.75,,,,,,45987000000,35350000000,0.769,368.55,35350000000,,,,,6.00,,,,99002000,3168971,95839343,false,false,12,2015-04-01,2016-03-31,0
2016-05-16,42160,2015-03-31,,25506000000,0.007,,,,,502000000,0.179,1063000000,0.237,768000000,,0.465,7.91,,,,,,47364000000,35558000000,0.751,370.67,35558000000,,,,,6.00,,,,99002000,3155651,96953135,false,false,12,2014-04-01,2015-03-31,-1
2016-05-16,42160,2017-03-31,,,,,,,,,,,,,,,,,,,,,,,,,,,,,,6.00,,,,,,,false,true,12,2016-04-01,2017-03-31,1
2016-07-29,42160,2017-03-31,1,8938000000,-0.100,,,,,88000000,-0.606,-166000000,,,-143000000,,-1.49,,,,,,50776000000,37112000000,0.726,384.75,36872000000,,,,,,,,,,,,true,false,3,2016-04-01,2016-06-30,0
2016-07-29,42160,2016-03-31,1,9936000000,0.067,,,,,223000000,0.340,365000000,2.555,,279000000,,2.91,,,,,,,,,,,,,,,,,,,,,,true,false,3,2015-04-01,2015-06-30,-1
2016-07-29,42160,2017-03-31,1,19500000000,-0.066,,,,,400000000,-0.424,200000000,-0.753,,100000000,,1.04,,,,,,,,,,,,,,,,,,,,,,true,true,6,2016-04-01,2016-09-30,0
2016-07-29,42160,2017-03-31,1,43000000000,0.035,,,,,1600000000,0.006,1700000000,0.115,,1100000000,,11.48,,,,,,,,,,,,,,,,,,,,,,true,true,12,2016-04-01,2017-03-31,0
2016-07-29,42160,2016-03-31,1,,,,,,,,,,,,,,,,,,,,53202000000,38141000000,0.712,395.15,37869000000,,,,,,,,,,,,true,false,12,2015-04-01,2016-03-31,-1
2016-07-29,42160,2016-03-31,1,,,,,,,,,,,,,,,,,,,,,,,,,,,,,6.00,,,,99002000,3168971,,false,false,12,2015-04-01,2016-03-31,-1
2016-07-29,42160,2017-03-31,1,,,,,,,,,,,,,,,,,,,,,,,,,,,,,6.00,,,,,,,false,true,12,2016-04-01,2017-03-31,0
2016-07-29,42160,2017-03-31,1,,,,,,,,,,,,,,,,,,,,,,,,,,,,,,,,,99002000,3170436,95832528,false,false,3,2016-04-01,2016-06-30,0
2016-07-29,42160,2016-03-31,1,,,,,,,,,,,,,,,,,,,,,,,,,,,,,,,,,,,95845493,false,false,3,2015-04-01,2015-06-30,-1
2016-07-29,42160,2017-03-31,,19500000000,-0.049,,,,,400000000,0.000,200000000,-0.600,100000000,,-0.667,1.04,,,,,,,,,,,,,,,,,,,,,,true,true,6,2016-04-01,2016-09-30,0
2016-07-29,42160,2016-03-31,,20882000000,,,,,,694000000,,810000000,,625000000,,,6.52,,,,,,,,,,,,,,,,,,,,,,true,false,6,2015-04-01,2015-09-30,-1
2016-10-31,42160,2017-03-31,2,18906000000,-0.095,,,,,580000000,-0.164,204000000,-0.748,,84000000,,0.88,,,,,,50357000000,36861000000,0.727,382.21,36627000000,,,,,,,,,,,,true,false,6,2016-04-01,2016-09-30,0
2016-10-31,42160,2016-03-31,2,20882000000,0.095,,,,,694000000,0.371,810000000,0.135,,625000000,,6.52,,,,,,,,,,,,,,,,,,,,,,true,false,6,2015-04-01,2015-09-30,-1
2016-10-31,42160,2017-03-31,2,43000000000,0.035,,,,,1700000000,0.069,1400000000,-0.082,,1000000000,,10.44,,,,,,,,,,,,,,,,,,,,,,true,true,12,2016-04-01,2017-03-31,0
2016-10-31,42160,2016-03-31,2,,,,,,,,,,,,,,,,,,,,53202000000,38141000000,0.712,395.15,37869000000,,,,,,,,,,,,true,false,12,2015-04-01,2016-03-31,-1
2016-10-31,42160,2016-03-31,2,,,,,,,,,,,,,,,,,,,,,,,,,,,,,6.00,,,,99002000,3168971,,false,false,12,2015-04-01,2016-03-31,-1
2016-10-31,42160,2017-03-31,2,,,,,,,,,,,,,,,,,,,,,,,,,,,,,3.00,,,,,,,false,false,12,2016-04-01,2017-03-31,0
2016-10-31,42160,2017-03-31,2,,,,,,,,,,,,,,,,,,,,,,,,,,,,,6.00,,,,,,,false,true,12,2016-04-01,2017-03-31,0
2016-10-31,42160,2017-03-31,2,,,,,,,,,,,,,,,,,,,,,,,,,,,,,,,,,99002000,3173856,95831024,false,false,6,2016-04-01,2016-09-30,0
2016-10-31,42160,2016-03-31,2,,,,,,,,,,,,,,,,,,,,,,,,,,,,,,,,,,,95842679,false,false,6,2015-04-01,2015-09-30,-1
2016-10-31,42160,2017-03-31,,18906000000,-0.030,,,,,580000000,0.450,204000000,0.020,84000000,,-0.160,0.88,,,,,,,,,,,,,,,,,,,,,,true,true,6,2016-04-01,2016-09-30,0
2016-10-31,42160,2016-03-31,,20882000000,,,,,,694000000,,810000000,,625000000,,,6.52,,,,,,,,,,,,,,,,,,,,,,true,false,6,2015-04-01,2015-09-30,-1
2016-10-31,42160,2017-03-31,,43000000000,0.000,,,,,1700000000,0.063,1400000000,-0.176,1000000000,,-0.091,10.44,,,,,,,,,,,,,,,,,,,,,,true,true,12,2016-04-01,2017-03-31,0
2016-10-31,42160,2016-03-31,,41547000000,,,,,,1591000000,,1525000000,,926000000,,,9.67,,,,,,,,,,,,,,,,,,,,,,true,false,12,2015-04-01,2016-03-31,-1
2017-01-31,42160,2017-03-31,3,29645000000,-0.042,,,,,1150000000,0.043,1115000000,-0.053,,703000000,,7.34,,,,,,52003000000,37105000000,0.709,384.52,36847000000,,,,,,,,,,,,true,false,9,2016-04-01,2016-12-31,0
2017-01-31,42160,2016-03-31,3,30928000000,0.038,,,,,1102000000,0.216,1177000000,-0.181,,867000000,,9.05,,,,,,,,,,,,,,,,,,,,,,true,false,9,2015-04-01,2015-12-31,-1
2017-01-31,42160,2017-03-31,3,43000000000,0.035,,,,,1700000000,0.069,1400000000,-0.082,,1000000000,,10.44,,,,,,,,,,,,,,,,,,,,,,true,true,12,2016-04-01,2017-03-31,0
2017-01-31,42160,2016-03-31,3,,,,,,,,,,,,,,,,,,,,53202000000,38141000000,0.712,395.15,37869000000,,,,,,,,,,,,true,false,12,2015-04-01,2016-03-31,-1
2017-01-31,42160,2016-03-31,3,,,,,,,,,,,,,,,,,,,,,,,,,,,,,6.00,,,,99002000,3168971,,false,false,12,2015-04-01,2016-03-31,-1
2017-01-31,42160,2017-03-31,3,,,,,,,,,,,,,,,,,,,,,,,,,,,,,3.00,,,,,,,false,false,12,2016-04-01,2017-03-31,0
2017-01-31,42160,2017-03-31,3,,,,,,,,,,,,,,,,,,,,,,,,,,,,,6.00,,,,,,,false,true,12,2016-04-01,2017-03-31,0
2017-01-31,42160,2017-03-31,3,,,,,,,,,,,,,,,,,,,,,,,,,,,,,,,,,99002000,3176100,95829777,false,false,9,2016-04-01,2016-12-31,0
2017-01-31,42160,2016-03-31,3,,,,,,,,,,,,,,,,,,,,,,,,,,,,,,,,,,,95841069,false,false,9,2015-04-01,2015-12-31,-1
2017-05-15,42160,2017-03-31,,42029000000,0.012,,,,,2062000000,0.296,1944000000,0.275,,1091000000,,11.39,,0.029,0.036,0.049,,55040000000,38906000000,0.702,403.26,38642000000,2492000000,-2064000000,-746000000,7092000000,,0.527,,,,,,true,false,12,2016-04-01,2017-03-31,0
2017-05-15,42160,2016-03-31,,41547000000,0.017,,,,,1591000000,0.330,1525000000,-0.135,,926000000,,9.67,,0.024,0.028,0.038,,53202000000,38141000000,0.712,395.15,37869000000,1845000000,-1128000000,-1134000000,7510000000,,0.620,,,,,,true,false,12,2015-04-01,2016-03-31,-1
2017-05-15,42160,2018-03-31,,20000000000,0.058,,,,,550000000,-0.052,500000000,1.446,,400000000,,4.17,,,,,,,,,,,,,,,,,,,,,,true,true,6,2017-04-01,2017-09-30,1
2017-05-15,42160,2018-03-31,,44000000000,0.047,,,,,2200000000,0.067,2100000000,0.080,,1500000000,,78.26,,,,,,,,,,,,,,,,0.383,,,,,,true,true,12,2017-04-01,2018-03-31,1
2017-05-15,42160,2017-03-31,,25895000000,-0.023,,,,,845000000,-0.107,975000000,-0.121,-268000000,,,-2.79,,,,,,45577000000,34779000000,0.763,362.61,34779000000,,,,,6.00,,,,99002000,3177409,95828702,false,false,12,2016-04-01,2017-03-31,0
2017-05-15,42160,2016-03-31,,26514000000,0.040,,,,,947000000,0.886,1109000000,0.044,839000000,,0.093,8.75,,,,,,45987000000,35350000000,0.769,368.55,35350000000,,,,,6.00,,,,99002000,3168971,95839343,false,false,12,2015-04-01,2016-03-31,-1
2017-05-15,42160,2018-03-31,,,,,,,,,,,,,,,,,,,,,,,,,,,,,,15.00,,,,,,,false,true,12,2017-04-01,2018-03-31,1
2017-05-15,42160,2017-03-31,,42029000000,-0.023,,,,,2062000000,0.213,1944000000,0.389,1091000000,,0.091,11.39,,,,,,,,,,,,,,,,,,,,,,true,true,6,2016-04-01,2016-09-30,0
2017-05-15,42160,2016-03-31,,41547000000,,,,,,1591000000,,1525000000,,926000000,,,9.67,,,,,,,,,,,,,,,,,,,,,,true,false,6,2015-04-01,2015-09-30,-1
2017-05-15,42160,2017-03-31,,25895000000,-0.023,,,,,845000000,-0.107,975000000,-0.121,-268000000,,,-2.79,,,,,,,,,,,,,,,,,,,,,,true,true,6,2016-04-01,2016-09-30,0
2017-07-31,42160,2018-03-31,1,10293000000,0.152,,,,,358000000,3.081,389000000,,,323000000,,3.37,,,,,,53783000000,38673000000,0.714,400.72,38398000000,,,,,,,,,,,,true,false,3,2017-04-01,2017-06-30,0
2017-07-31,42160,2017-03-31,1,8938000000,-0.100,,,,,88000000,-0.606,-166000000,,,-143000000,,-1.49,,,,,,,,,,,,,,,,,,,,,,true,false,3,2016-04-01,2016-06-30,-1
2017-07-31,42160,2018-03-31,1,21000000000,0.111,,,,,850000000,0.464,900000000,3.403,,650000000,,6.78,,,,,,,,,,,,,,,,,,,,,,true,true,6,2017-04-01,2017-09-30,0
2017-07-31,42160,2018-03-31,1,44000000000,0.047,,,,,2200000000,0.067,2100000000,0.080,,1500000000,,78.26,,,,,,,,,,,,,,,,,,,,,,true,true,12,2017-04-01,2018-03-31,0
2017-07-31,42160,2017-03-31,1,,,,,,,,,,,,,,,,,,,,55040000000,38906000000,0.702,403.26,38642000000,,,,,,,,,,,,true,false,12,2016-04-01,2017-03-31,-1
2017-07-31,42160,2017-03-31,1,,,,,,,,,,,,,,,,,,,,,,,,,,,,,6.00,,,,99002000,3177409,,false,false,12,2016-04-01,2017-03-31,-1
2017-07-31,42160,2018-03-31,1,,,,,,,,,,,,,,,,,,,,,,,,,,,,,15.00,,,,,,,false,true,12,2017-04-01,2018-03-31,0
2017-07-31,42160,2018-03-31,1,,,,,,,,,,,,,,,,,,,,,,,,,,,,,,,,,99002000,3178898,95823908,false,false,3,2017-04-01,2017-06-30,0
2017-07-31,42160,2017-03-31,1,,,,,,,,,,,,,,,,,,,,,,,,,,,,,,,,,,,95832528,false,false,3,2016-04-01,2016-06-30,-1
2017-10-31,42160,2018-03-31,2,21503000000,0.137,,,,,1153000000,0.986,1287000000,5.295,,976000000,,50.91,,,,,,55570000000,39442000000,0.705,2043.72,39165000000,,,,,,,,,,,,true,false,6,2017-04-01,2017-09-30,0
2017-10-31,42160,2017-03-31,2,18906000000,-0.095,,,,,580000000,-0.164,204000000,-0.748,,84000000,,4.38,,,,,,,,,,,,,,,,,,,,,,true,false,6,2016-04-01,2016-09-30,-1
2017-10-31,42160,2018-03-31,2,48000000000,0.142,,,,,3000000000,0.455,3000000000,0.543,,2300000000,,120.01,,,,,,,,,,,,,,,,,,,,,,true,true,12,2017-04-01,2018-03-31,0
2017-10-31,42160,2017-03-31,2,,,,,,,,,,,,,,,,,,,,55040000000,38906000000,0.702,2016.28,38642000000,,,,,,,,,,,,true,false,12,2016-04-01,2017-03-31,-1
2017-10-31,42160,2017-03-31,2,,,,,,,,,,,,,,,,,,,,,,,,,,,,,6.00,,,,19800400,635481,,false,false,12,2016-04-01,2017-03-31,-1
2017-10-31,42160,2018-03-31,2,,,,,,,,,,,,,,,,,,,,,,,,,,,,,4.00,,,,,,,false,false,12,2017-04-01,2018-03-31,0
2017-10-31,42160,2018-03-31,2,,,,,,,,,,,,,,,,,,,,,,,,,,,,,20.00,,,,,,,false,true,12,2017-04-01,2018-03-31,0
2017-10-31,42160,2018-03-31,2,,,,,,,,,,,,,,,,,,,,,,,,,,,,,,,,,19800400,636825,19164321,false,false,6,2017-04-01,2017-09-30,0
2017-10-31,42160,2017-03-31,2,,,,,,,,,,,,,,,,,,,,,,,,,,,,,,,,,,,19166204,false,false,6,2016-04-01,2016-09-30,-1
2018-01-31,42160,2018-03-31,3,35054000000,0.182,,,,,2274000000,0.978,2458000000,1.205,,2120000000,,110.62,,,,,,60385000000,40653000000,0.667,2101.23,40264000000,,,,,,,,,,,,true,false,9,2017-04-01,2017-12-31,0
2018-01-31,42160,2017-03-31,3,29645000000,-0.042,,,,,1150000000,0.043,1115000000,-0.053,,703000000,,36.70,,,,,,,,,,,,,,,,,,,,,,true,false,9,2016-04-01,2016-12-31,-1
2018-01-31,42160,2018-03-31,3,48000000000,0.142,,,,,3000000000,0.455,3000000000,0.543,,2300000000,,120.01,,,,,,,,,,,,,,,,,,,,,,true,true,12,2017-04-01,2018-03-31,0
2018-01-31,42160,2017-03-31,3,,,,,,,,,,,,,,,,,,,,55040000000,38906000000,0.702,2016.28,38642000000,,,,,,,,,,,,true,false,12,2016-04-01,2017-03-31,-1
2018-01-31,42160,2017-03-31,3,,,,,,,,,,,,,,,,,,,,,,,,,,,,,6.00,,,,19800400,635481,,false,false,12,2016-04-01,2017-03-31,-1
2018-01-31,42160,2018-03-31,3,,,,,,,,,,,,,,,,,,,,,,,,,,,,,4.00,,,,,,,false,false,12,2017-04-01,2018-03-31,0
2018-01-31,42160,2018-03-31,3,,,,,,,,,,,,,,,,,,,,,,,,,,,,,20.00,,,,,,,false,true,12,2017-04-01,2018-03-31,0
2018-01-31,42160,2018-03-31,3,,,,,,,,,,,,,,,,,,,,,,,,,,,,,,,,,19800400,638160,19163789,false,false,9,2017-04-01,2017-12-31,0
2018-01-31,42160,2017-03-31,3,,,,,,,,,,,,,,,,,,,,,,,,,,,,,,,,,,,19165955,false,false,9,2016-04-01,2016-12-31,-1
2018-05-15,42160,2018-03-31,,50174000000,0.194,,,,,3362000000,0.630,3402000000,0.749,,2785000000,,145.31,,0.070,0.058,0.067,,63050000000,41502000000,0.652,2146.82,41137000000,3012000000,-1789000000,-239000000,8088000000,,0.310,,,,,,true,false,12,2017-04-01,2018-03-31,0
2018-05-15,42160,2017-03-31,,42029000000,0.012,,,,,2062000000,0.296,1944000000,0.275,,1091000000,,56.93,,0.029,0.036,0.049,,55040000000,38906000000,0.702,2016.28,38642000000,2492000000,-2064000000,-746000000,7092000000,,0.527,,,,,,true,false,12,2016-04-01,2017-03-31,-1
2018-05-15,42160,2019-03-31,,25500000000,0.186,,,,,1300000000,0.128,1300000000,0.010,,1500000000,,78.30,,,,,,,,,,,,,,,,,,,,,,true,true,6,2018-04-01,2018-09-30,1
2018-05-15,42160,2019-03-31,,55000000000,0.096,,,,,3500000000,0.041,3500000000,0.029,,3200000000,,167.00,,,,,,,,,,,,,,,,0.299,,,,,,true,true,12,2018-04-01,2019-03-31,1
2018-05-15,42160,2018-03-31,,30186000000,0.166,,,,,1906000000,1.256,2003000000,1.055,1634000000,,,85.20,,,,,,49329000000,36033000000,0.730,1878.75,36033000000,,,,,25.00,,,,19800400,638479,19163363,false,false,12,2017-04-01,2018-03-31,0
2018-05-15,42160,2017-03-31,,25895000000,-0.023,,,,,845000000,-0.107,975000000,-0.121,-268000000,,,-13.96,,,,,,45577000000,34779000000,0.763,1813.07,34779000000,,,,,6.00,,,,19800400,635481,19165955,false,false,12,2016-04-01,2017-03-31,-1
2018-05-15,42160,2019-03-31,,,,,,,,,,,,,,,,,,,,,,,,,,,,,,50.00,,,,,,,false,true,12,2018-04-01,2019-03-31,1
2018-07-31,42160,2019-03-31,1,13253000000,0.288,,,,,706000000,0.970,869000000,1.234,,1377000000,,71.91,,,,,,61870000000,41778000000,0.669,2162.26,41400000000,,,,,,,,,,,,true,false,3,2018-04-01,2018-06-30,0
2018-07-31,42160,2018-03-31,1,10293000000,0.152,,,,,358000000,3.081,389000000,,,323000000,,16.84,,,,,,,,,,,,,,,,,,,,,,true,false,3,2017-04-01,2017-06-30,-1
2018-07-31,42160,2019-03-31,1,28000000000,0.302,,,,,1700000000,0.475,1900000000,0.476,,2100000000,,109.66,,,,,,,,,,,,,,,,,,,,,,true,true,6,2018-04-01,2018-09-30,0
2018-07-31,42160,2019-03-31,1,57500000000,0.146,,,,,3900000000,0.160,4100000000,0.205,,3800000000,,198.43,,,,,,,,,,,,,,,,,,,,,,true,true,12,2018-04-01,2019-03-31,0
2018-07-31,42160,2018-03-31,1,,,,,,,,,,,,,,,,,,,,62884000000,41502000000,0.654,2146.82,41137000000,,,,,,,,,,,,true,false,12,2017-04-01,2018-03-31,-1
2018-07-31,42160,2018-03-31,1,,,,,,,,,,,,,,,,,,,,,,,,,,,,,25.00,,,,19800400,638479,,false,false,12,2017-04-01,2018-03-31,-1
2018-07-31,42160,2019-03-31,1,,,,,,,,,,,,,,,,,,,,,,,,,,,,,50.00,,,,,,,false,true,12,2018-04-01,2019-03-31,0
2018-07-31,42160,2019-03-31,1,,,,,,,,,,,,,,,,,,,,,,,,,,,,,,,,,19800400,653784,19149934,false,false,3,2018-04-01,2018-06-30,0
2018-07-31,42160,2018-03-31,1,,,,,,,,,,,,,,,,,,,,,,,,,,,,,,,,,,,19164782,false,false,3,2017-04-01,2017-06-30,-1
2018-07-31,42160,2019-03-31,,28000000000,0.098,,,,,1700000000,0.308,1900000000,0.462,2100000000,,0.400,109.66,,,,,,,,,,,,,,,,,,,,,,true,true,6,2018-04-01,2018-09-30,0
2018-07-31,42160,2018-03-31,,21503000000,,,,,,1153000000,,1287000000,,976000000,,,50.91,,,,,,,,,,,,,,,,,,,,,,true,false,6,2017-04-01,2017-09-30,-1
2018-07-31,42160,2019-03-31,,57500000000,0.045,,,,,3900000000,0.114,4100000000,0.171,3800000000,,0.188,198.43,,,,,,,,,,,,,,,,,,,,,,true,true,12,2018-04-01,2019-03-31,0
2018-07-31,42160,2018-03-31,,50174000000,,,,,,3362000000,,3402000000,,2785000000,,,145.31,,,,,,,,,,,,,,,,,,,,,,true,false,12,2017-04-01,2018-03-31,-1
2018-10-31,42160,2019-03-31,2,27374000000,0.273,,,,,1693000000,0.469,1898000000,0.475,,2175000000,,113.63,,,,,,63627000000,42641000000,0.664,2207.99,42247000000,,,,,,,,,,,,true,false,6,2018-04-01,2018-09-30,0
2018-10-31,42160,2018-03-31,2,21503000000,0.137,,,,,1153000000,0.986,1287000000,5.295,,976000000,,50.91,,,,,,,,,,,,,,,,,,,,,,true,false,6,2017-04-01,2017-09-30,-1
2018-10-31,42160,2019-03-31,2,57500000000,0.146,,,,,3900000000,0.160,4100000000,0.205,,3800000000,,198.43,,,,,,,,,,,,,,,,,,,,,,true,true,12,2018-04-01,2019-03-31,0
2018-10-31,42160,2018-03-31,2,,,,,,,,,,,,,,,,,,,,62884000000,41502000000,0.654,2146.82,41137000000,,,,,,,,,,,,true,false,12,2017-04-01,2018-03-31,-1
2018-10-31,42160,2018-03-31,2,,,,,,,,,,,,,,,,,,,,,,,,,,,,,25.00,,,,19800400,638479,,false,false,12,2017-04-01,2018-03-31,-1
2018-10-31,42160,2019-03-31,2,,,,,,,,,,,,,,,,,,,,,,,,,,,,,25.00,,,,,,,false,false,12,2018-04-01,2019-03-31,0
2018-10-31,42160,2019-03-31,2,,,,,,,,,,,,,,,,,,,,,,,,,,,,,50.00,,,,,,,false,true,12,2018-04-01,2019-03-31,0
2018-10-31,42160,2019-03-31,2,,,,,,,,,,,,,,,,,,,,,,,,,,,,,,,,,19800400,666499,19135938,false,false,6,2018-04-01,2018-09-30,0
2018-10-31,42160,2018-03-31,2,,,,,,,,,,,,,,,,,,,,,,,,,,,,,,,,,,,19164321,false,false,6,2017-04-01,2017-09-30,-1
2019-01-31,42160,2019-03-31,3,41979000000,0.198,,,,,2956000000,0.300,3119000000,0.269,,2973000000,,155.36,,,,,,63999000000,42703000000,0.661,2210.64,42297000000,,,,,,,,,,,,true,false,9,2018-04-01,2018-12-31,0
2019-01-31,42160,2018-03-31,3,35054000000,0.182,,,,,2274000000,0.978,2458000000,1.205,,2120000000,,110.62,,,,,,,,,,,,,,,,,,,,,,true,false,9,2017-04-01,2017-12-31,-1
2019-01-31,42160,2019-03-31,3,57500000000,0.146,,,,,3900000000,0.160,4100000000,0.205,,3800000000,,198.43,,,,,,,,,,,,,,,,,,,,,,true,true,12,2018-04-01,2019-03-31,0
2019-01-31,42160,2018-03-31,3,,,,,,,,,,,,,,,,,,,,62884000000,41502000000,0.654,2146.82,41137000000,,,,,,,,,,,,true,false,12,2017-04-01,2018-03-31,-1
2019-01-31,42160,2018-03-31,3,,,,,,,,,,,,,,,,,,,,,,,,,,,,,25.00,,,,19800400,638479,,false,false,12,2017-04-01,2018-03-31,-1
2019-01-31,42160,2019-03-31,3,,,,,,,,,,,,,,,,,,,,,,,,,,,,,25.00,,,,,,,false,false,12,2018-04-01,2019-03-31,0
2019-01-31,42160,2019-03-31,3,,,,,,,,,,,,,,,,,,,,,,,,,,,,,50.00,,,,,,,false,true,12,2018-04-01,2019-03-31,0
2019-01-31,42160,2019-03-31,3,,,,,,,,,,,,,,,,,,,,,,,,,,,,,,,,,19800400,666927,19135224,false,false,9,2018-04-01,2018-12-31,0
2019-01-31,42160,2018-03-31,3,,,,,,,,,,,,,,,,,,,,,,,,,,,,,,,,,,,19163789,false,false,9,2017-04-01,2017-12-31,-1
2019-05-15,42160,2019-03-31,,56083000000,0.118,,,,,4224000000,0.256,4390000000,0.291,,3902000000,,203.95,,0.093,0.070,0.075,,62541000000,43179000000,0.684,2235.15,42765000000,2240000000,-1536000000,-773000000,7912000000,,0.245,,,,,,true,false,12,2018-04-01,2019-03-31,0
2019-05-15,42160,2018-03-31,,50174000000,0.194,,,,,3362000000,0.630,3402000000,0.749,,2785000000,,145.31,,0.070,0.058,0.067,,62884000000,41502000000,0.654,2146.82,41137000000,3012000000,-1789000000,-239000000,8088000000,,0.310,,,,,,true,false,12,2017-04-01,2018-03-31,-1
2019-05-15,42160,2020-03-31,,26000000000,-0.050,,,,,1100000000,-0.350,1200000000,-0.368,,900000000,,47.03,,,,,,,,,,,,,,,,,,,,,,true,true,6,2019-04-01,2019-09-30,1
2019-05-15,42160,2020-03-31,,58000000000,0.034,,,,,3700000000,-0.124,3900000000,-0.112,,2900000000,,151.56,,,,,,,,,,,,,,,,0.330,,,,,,true,true,12,2019-04-01,2020-03-31,1
2019-05-15,42160,2019-03-31,,32138000000,0.065,,,,,2274000000,0.193,2644000000,0.320,2079000000,,0.272,108.39,,,,,,48634000000,36850000000,0.758,1921.08,36850000000,,,,,50.00,,,,19800400,667337,19134758,false,false,12,2018-04-01,2019-03-31,0
2019-05-15,42160,2018-03-31,,30186000000,0.166,,,,,1906000000,1.256,2003000000,1.055,1634000000,,,85.20,,,,,,49329000000,36033000000,0.730,1878.75,36033000000,,,,,25.00,,,,19800400,638479,19163363,false,false,12,2017-04-01,2018-03-31,-1
2019-05-15,42160,2020-03-31,,,,,,,,,,,,,,,,,,,,,,,,,,,,,,50.00,,,,,,,false,true,12,2019-04-01,2020-03-31,1
2019-07-31,42160,2020-03-31,1,12034000000,-0.092,,,,,630000000,-0.108,638000000,-0.265,,477000000,,24.92,,,,,,61954000000,43176000000,0.690,2234.82,42759000000,,,,,,,,,,,,true,false,3,2019-04-01,2019-06-30,0
2019-07-31,42160,2019-03-31,1,13253000000,0.288,,,,,706000000,0.970,869000000,1.234,,1377000000,,71.95,,,,,,,,,,,,,,,,,,,,,,true,false,3,2018-04-01,2018-06-30,-1
2019-07-31,42160,2020-03-31,1,26000000000,-0.050,,,,,1100000000,-0.350,1200000000,-0.368,,900000000,,47.03,,,,,,,,,,,,,,,,,,,,,,true,true,6,2019-04-01,2019-09-30,0
2019-07-31,42160,2020-03-31,1,58000000000,0.034,,,,,3700000000,-0.124,3900000000,-0.112,,2900000000,,151.56,,,,,,,,,,,,,,,,,,,,,,true,true,12,2019-04-01,2020-03-31,0
2019-07-31,42160,2019-03-31,1,,,,,,,,,,,,,,,,,,,,62541000000,43179000000,0.684,2235.15,42765000000,,,,,,,,,,,,true,false,12,2018-04-01,2019-03-31,-1
2019-07-31,42160,2019-03-31,1,,,,,,,,,,,,,,,,,,,,,,,,,,,,,50.00,,,,19800400,667337,,false,false,12,2018-04-01,2019-03-31,-1
2019-07-31,42160,2020-03-31,1,,,,,,,,,,,,,,,,,,,,,,,,,,,,,50.00,,,,,,,false,true,12,2019-04-01,2020-03-31,0
2019-07-31,42160,2020-03-31,1,,,,,,,,,,,,,,,,,,,,,,,,,,,,,,,,,19800400,667506,19132974,false,false,3,2019-04-01,2019-06-30,0
2019-07-31,42160,2019-03-31,1,,,,,,,,,,,,,,,,,,,,,,,,,,,,,,,,,,,19138759,false,false,3,2018-04-01,2018-06-30,-1
2019-10-31,42160,2020-03-31,2,26449000000,-0.034,,,,,1742000000,0.029,1707000000,-0.101,,1295000000,,67.69,,,,,,63297000000,43682000000,0.684,2261.33,43265000000,,,,,,,,,,,,true,false,6,2019-04-01,2019-09-30,0
2019-10-31,42160,2019-03-31,2,27374000000,0.273,,,,,1693000000,0.469,1898000000,0.475,,2175000000,,113.63,,,,,,,,,,,,,,,,,,,,,,true,false,6,2018-04-01,2018-09-30,-1
2019-10-31,42160,2020-03-31,2,58000000000,0.034,,,,,3700000000,-0.124,3900000000,-0.112,,2900000000,,151.56,,,,,,,,,,,,,,,,,,,,,,true,true,12,2019-04-01,2020-03-31,0
2019-10-31,42160,2019-03-31,2,,,,,,,,,,,,,,,,,,,,62541000000,43179000000,0.684,2235.15,42765000000,,,,,,,,,,,,true,false,12,2018-04-01,2019-03-31,-1
2019-10-31,42160,2019-03-31,2,,,,,,,,,,,,,,,,,,,,,,,,,,,,,50.00,,,,19800400,667337,,false,false,12,2018-04-01,2019-03-31,-1
2019-10-31,42160,2020-03-31,2,,,,,,,,,,,,,,,,,,,,,,,,,,,,,25.00,,,,,,,false,false,12,2019-04-01,2020-03-31,0
2019-10-31,42160,2020-03-31,2,,,,,,,,,,,,,,,,,,,,,,,,,,,,,50.00,,,,,,,false,true,12,2019-04-01,2020-03-31,0
2019-10-31,42160,2020-03-31,2,,,,,,,,,,,,,,,,,,,,,,,,,,,,,,,,,19800400,667684,19132910,false,false,6,2019-04-01,2019-09-30,0
2019-10-31,42160,2019-03-31,2,,,,,,,,,,,,,,,,,,,,,,,,,,,,,,,,,,,19135938,false,false,6,2018-04-01,2018-09-30,-1
2020-01-31,42160,2020-03-31,3,40912000000,-0.025,,,,,2952000000,-0.001,2960000000,-0.051,,2130000000,,111.34,,,,,,65182000000,44031000000,0.670,2281.99,43660000000,,,,,,,,,,,,true,false,9,2019-04-01,2019-12-31,0
2020-01-31,42160,2019-03-31,3,41979000000,0.198,,,,,2956000000,0.300,3119000000,0.269,,2973000000,,155.36,,,,,,,,,,,,,,,,,,,,,,true,false,9,2018-04-01,2018-12-31,-1
2020-01-31,42160,2020-03-31,3,58000000000,0.034,,,,,3700000000,-0.124,3900000000,-0.112,,2900000000,,151.56,,,,,,,,,,,,,,,,,,,,,,true,true,12,2019-04-01,2020-03-31,0
2020-01-31,42160,2019-03-31,3,,,,,,,,,,,,,,,,,,,,62541000000,43179000000,0.684,2235.15,42765000000,,,,,,,,,,,,true,false,12,2018-04-01,2019-03-31,-1
2020-01-31,42160,2019-03-31,3,,,,,,,,,,,,,,,,,,,,,,,,,,,,,50.00,,,,19800400,667337,,false,false,12,2018-04-01,2019-03-31,-1
2020-01-31,42160,2020-03-31,3,,,,,,,,,,,,,,,,,,,,,,,,,,,,,25.00,,,,,,,false,false,12,2019-04-01,2020-03-31,0
2020-01-31,42160,2020-03-31,3,,,,,,,,,,,,,,,,,,,,,,,,,,,,,50.00,,,,,,,false,true,12,2019-04-01,2020-03-31,0
2020-01-31,42160,2020-03-31,3,,,,,,,,,,,,,,,,,,,,,,,,,,,,,,,,,19800400,667882,19132830,false,false,9,2019-04-01,2019-12-31,0
2020-01-31,42160,2019-03-31,3,,,,,,,,,,,,,,,,,,,,,,,,,,,,,,,,,,,19135224,false,false,9,2018-04-01,2018-12-31,-1
2020-05-19,42160,2020-03-31,,56581000000,0.009,,,,,4368000000,0.034,4395000000,0.001,,3138000000,,164.01,,0.072,0.068,0.077,,65779000000,44241000000,0.667,2292.23,43856000000,6194000000,-3820000000,19000000,10232000000,,0.305,,,,,,true,false,12,2019-04-01,2020-03-31,0
2020-05-19,42160,2019-03-31,,56083000000,0.118,,,,,4224000000,0.256,4390000000,0.291,,3902000000,,203.95,,0.093,0.070,0.075,,62541000000,43179000000,0.684,2235.15,42765000000,2240000000,-1536000000,-773000000,7912000000,,0.245,,,,,,true,false,12,2018-04-01,2019-03-31,-1
2020-05-19,42160,2020-03-31,,31205000000,-0.029,,,,,1887000000,-0.170,2069000000,-0.217,1667000000,,-0.198,86.93,,,,,,51320000000,37134000000,0.724,1940.90,37134000000,,,,,50.00,,,,19800400,668009,19132747,false,false,12,2019-04-01,2020-03-31,0
2020-05-19,42160,2019-03-31,,32138000000,0.065,,,,,2274000000,0.193,2644000000,0.320,2079000000,,0.272,108.39,,,,,,48634000000,36850000000,0.758,1921.08,36850000000,,,,,50.00,,,,19800400,667337,19134758,false,false,12,2018-04-01,2019-03-31,-1
2020-07-31,42160,2021-03-31,1,11168000000,-0.072,,,,,84000000,-0.867,73000000,-0.886,,59000000,,3.06,,,,,,63060000000,43916000000,0.690,2275.53,43536000000,,,,,,,,,,,,true,false,3,2020-04-01,2020-06-30,0
2020-07-31,42160,2020-03-31,1,12034000000,-0.092,,,,,630000000,-0.108,638000000,-0.265,,477000000,,24.92,,,,,,,,,,,,,,,,,,,,,,true,false,3,2019-04-01,2019-06-30,-1
2020-07-31,42160,2021-03-31,1,24000000000,-0.093,,,,,500000000,-0.713,600000000,-0.649,,450000000,,23.52,,,,,,,,,,,,,,,,,,,,,,true,true,6,2020-04-01,2020-09-30,0
2020-07-31,42160,2021-03-31,1,54000000000,-0.046,,,,,2600000000,-0.405,2800000000,-0.363,,2100000000,,109.76,,,,,,,,,,,,,,,,,,,,,,true,true,12,2020-04-01,2021-03-31,0
2020-07-31,42160,2020-03-31,1,,,,,,,,,,,,,,,,,,,,65779000000,44241000000,0.667,2292.23,43856000000,,,,,,,,,,,,true,false,12,2019-04-01,2020-03-31,-1
2020-07-31,42160,2020-03-31,1,,,,,,,,,,,,,,,,,,,,,,,,,,,,,50.00,,,,19800400,668009,,false,false,12,2019-04-01,2020-03-31,-1
2020-07-31,42160,2021-03-31,1,,,,,,,,,,,,,,,,,,,,,,,,,,,,,50.00,,,,,,,false,true,12,2020-04-01,2021-03-31,0
2020-07-31,42160,2021-03-31,1,,,,,,,,,,,,,,,,,,,,,,,,,,,,,,,,,19800400,668112,19132358,false,false,3,2020-04-01,2020-06-30,0
2020-07-31,42160,2020-03-31,1,,,,,,,,,,,,,,,,,,,,,,,,,,,,,,,,,,,19132974,false,false,3,2019-04-01,2019-06-30,-1
2020-10-30,42160,2021-03-31,2,23870000000,-0.098,,,,,812000000,-0.533,798000000,-0.531,,616000000,,32.21,,,,,,63685000000,44568000000,0.694,2306.39,44173000000,,,,,,,,,,,,true,false,6,2020-04-01,2020-09-30,0
2020-10-30,42160,2020-03-31,2,26449000000,-0.034,,,,,1737000000,0.026,1703000000,-0.103,,1294000000,,67.62,,,,,,,,,,,,,,,,,,,,,,true,false,6,2019-04-01,2019-09-30,-1
2020-10-30,42160,2021-03-31,2,54000000000,-0.046,,,,,2900000000,-0.336,3000000000,-0.317,,2250000000,,117.58,,,,,,,,,,,,,,,,,,,,,,true,true,12,2020-04-01,2021-03-31,0
2020-10-30,42160,2020-03-31,2,,,,,,,,,,,,,,,,,,,,65779000000,44241000000,0.667,2292.23,43856000000,,,,,,,,,,,,true,false,12,2019-04-01,2020-03-31,-1
2020-10-30,42160,2020-03-31,2,,,,,,,,,,,,,,,,,,,,,,,,,,,,,50.00,,,,19800400,668009,,false,false,12,2019-04-01,2020-03-31,-1
2020-10-30,42160,2021-03-31,2,,,,,,,,,,,,,,,,,,,,,,,,,,,,,25.00,,,,,,,false,false,12,2020-04-01,2021-03-31,0
2020-10-30,42160,2021-03-31,2,,,,,,,,,,,,,,,,,,,,,,,,,,,,,50.00,,,,,,,false,true,12,2020-04-01,2021-03-31,0
2020-10-30,42160,2021-03-31,2,,,,,,,,,,,,,,,,,,,,,,,,,,,,,,,,,19800400,647970,19135198,false,false,6,2020-04-01,2020-09-30,0
2020-10-30,42160,2020-03-31,2,,,,,,,,,,,,,,,,,,,,,,,,,,,,,,,,,,,19132910,false,false,6,2019-04-01,2019-09-30,-1
2021-02-12,42160,2021-03-31,3,38051000000,-0.070,,,,,1860000000,-0.368,1921000000,-0.349,,1435000000,,74.98,,,,,,66193000000,45115000000,0.675,2334.16,44705000000,,,,,,,,,,,,true,false,9,2020-04-01,2020-12-31,0
2021-02-12,42160,2020-03-31,3,40912000000,-0.025,,,,,2943000000,-0.004,2951000000,-0.054,,2128000000,,111.20,,,,,,,,,,,,,,,,,,,,,,true,false,9,2019-04-01,2019-12-31,-1
2021-02-12,42160,2021-03-31,3,54000000000,-0.046,,,,,2900000000,-0.336,3000000000,-0.317,,2250000000,,117.58,,,,,,,,,,,,,,,,,,,,,,true,true,12,2020-04-01,2021-03-31,0
2021-02-12,42160,2020-03-31,3,,,,,,,,,,,,,,,,,,,,65779000000,44241000000,0.667,2292.23,43856000000,,,,,,,,,,,,true,false,12,2019-04-01,2020-03-31,-1
2021-02-12,42160,2020-03-31,3,,,,,,,,,,,,,,,,,,,,,,,,,,,,,50.00,,,,19800400,668009,,false,false,12,2019-04-01,2020-03-31,-1
2021-02-12,42160,2021-03-31,3,,,,,,,,,,,,,,,,,,,,,,,,,,,,,25.00,,,,,,,false,false,12,2020-04-01,2021-03-31,0
2021-02-12,42160,2021-03-31,3,,,,,,,,,,,,,,,,,,,,,,,,,,,,,50.00,,,,,,,false,true,12,2020-04-01,2021-03-31,0
2021-02-12,42160,2021-03-31,3,,,,,,,,,,,,,,,,,,,,,,,,,,,,,,,,,19800400,648079,19140342,false,false,9,2020-04-01,2020-12-31,0
2021-02-12,42160,2020-03-31,3,,,,,,,,,,,,,,,,,,,,,,,,,,,,,,,,,,,19132830,false,false,9,2019-04-01,2019-12-31,-1
2021-05-14,42160,2021-03-31,,53551000000,-0.054,,,,,3404000000,-0.221,3648000000,-0.170,,2789000000,,145.67,,0.062,0.055,0.064,,67732000000,47108000000,0.689,2436.63,46667000000,3420000000,-2069000000,-1146000000,10398000000,,0.343,,,,,,true,false,12,2020-04-01,2021-03-31,0
2021-05-14,42160,2020-03-31,,56581000000,0.009,,,,,4368000000,0.034,4395000000,0.001,,3138000000,,164.01,,0.072,0.068,0.077,,65779000000,44241000000,0.667,2292.23,43856000000,6194000000,-3820000000,19000000,10232000000,,0.305,,,,,,true,false,12,2019-04-01,2020-03-31,-1
2021-05-14,42160,2022-03-31,,28000000000,0.173,,,,,1100000000,0.354,1300000000,0.628,,900000000,,47.01,,,,,,,,,,,,,,,,,,,,,,true,true,6,2021-04-01,2021-09-30,1
2021-05-14,42160,2022-03-31,,58000000000,0.083,,,,,3400000000,-0.001,3600000000,-0.013,,2500000000,,130.60,,,,,,,,,,,,,,,,0.383,,,,,,true,true,12,2021-04-01,2022-03-31,1
2021-05-14,42160,2021-03-31,,28720000000,-0.080,,,,,1313000000,-0.304,1595000000,-0.229,1406000000,,-0.157,73.43,,,,,,51795000000,38139000000,0.736,1991.35,38139000000,,,,,50.00,,,,19800400,648287,19143089,false,false,12,2020-04-01,2021-03-31,0
2021-05-14,42160,2020-03-31,,31205000000,-0.029,,,,,1887000000,-0.170,2069000000,-0.217,1667000000,,-0.198,86.93,,,,,,51320000000,37134000000,0.724,1940.90,37134000000,,,,,50.00,,,,19800400,668009,19132747,false,false,12,2019-04-01,2020-03-31,-1
2021-05-14,42160,2022-03-31,,,,,,,,,,,,,,,,,,,,,,,,,,,,,,50.00,,,,,,,false,true,12,2021-04-01,2022-03-31,1
2021-07-30,42160,2022-03-31,1,13667000000,0.224,,,,,821000000,8.788,891000000,,,627000000,,32.75,,,,,,67067000000,47765000000,0.706,2470.81,47321000000,,,,,,,,,,,,true,false,3,2021-04-01,2021-06-30,0
2021-07-30,42160,2021-03-31,1,11168000000,-0.072,,,,,84000000,-0.867,73000000,-0.886,,59000000,,3.06,,,,,,,,,,,,,,,,,,,,,,true,false,3,2020-04-01,2020-06-30,-1
2021-07-30,42160,2022-03-31,1,29000000000,0.215,,,,,1800000000,1.216,1900000000,1.380,,1350000000,,70.49,,,,,,,,,,,,,,,,,,,,,,true,true,6,2021-04-01,2021-09-30,0
2021-07-30,42160,2022-03-31,1,59000000000,0.102,,,,,4100000000,0.204,4200000000,0.151,,2950000000,,154.03,,,,,,,,,,,,,,,,,,,,,,true,true,12,2021-04-01,2022-03-31,0
2021-07-30,42160,2021-03-31,1,,,,,,,,,,,,,,,,,,,,67732000000,47108000000,0.689,2436.63,46667000000,,,,,,,,,,,,true,false,12,2020-04-01,2021-03-31,-1
2021-07-30,42160,2021-03-31,1,,,,,,,,,,,,,,,,,,,,,,,,,,,,,50.00,,,,19800400,648287,,false,false,12,2020-04-01,2021-03-31,-1
2021-07-30,42160,2022-03-31,1,,,,,,,,,,,,,,,,,,,,,,,,,,,,,50.00,,,,,,,false,true,12,2021-04-01,2022-03-31,0
2021-07-30,42160,2022-03-31,1,,,,,,,,,,,,,,,,,,,,,,,,,,,,,,,,,19800400,648375,19152091,false,false,3,2021-04-01,2021-06-30,0
2021-07-30,42160,2021-03-31,1,,,,,,,,,,,,,,,,,,,,,,,,,,,,,,,,,,,19132358,false,false,3,2020-04-01,2020-06-30,-1
2021-10-29,42160,2022-03-31,2,29432000000,0.233,,,,,2492000000,2.068,2634000000,2.299,,1797000000,,93.82,,,,,,69239000000,48918000000,0.700,2529.98,48454000000,,,,,,,,,,,,true,false,6,2021-04-01,2021-09-30,0
2021-10-29,42160,2021-03-31,2,23870000000,-0.098,,,,,812000000,-0.533,798000000,-0.531,,616000000,,32.21,,,,,,,,,,,,,,,,,,,,,,true,false,6,2020-04-01,2020-09-30,-1
2021-10-29,42160,2022-03-31,2,60000000000,0.120,,,,,4800000000,0.410,4950000000,0.357,,3400000000,,177.53,,,,,,,,,,,,,,,,,,,,,,true,true,12,2021-04-01,2022-03-31,0
2021-10-29,42160,2021-03-31,2,,,,,,,,,,,,,,,,,,,,67732000000,47108000000,0.689,2436.63,46667000000,,,,,,,,,,,,true,false,12,2020-04-01,2021-03-31,-1
2021-10-29,42160,2021-03-31,2,,,,,,,,,,,,,,,,,,,,,,,,,,,,,50.00,,,,19800400,648287,,false,false,12,2020-04-01,2021-03-31,-1
2021-10-29,42160,2022-03-31,2,,,,,,,,,,,,,,,,,,,,,,,,,,,,,25.00,,,,,,,false,false,12,2021-04-01,2022-03-31,0
2021-10-29,42160,2022-03-31,2,,,,,,,,,,,,,,,,,,,,,,,,,,,,,50.00,,,,,,,false,true,12,2021-04-01,2022-03-31,0
2021-10-29,42160,2022-03-31,2,,,,,,,,,,,,,,,,,,,,,,,,,,,,,,,,,19800400,648507,19152014,false,false,6,2021-04-01,2021-09-30,0
2021-10-29,42160,2021-03-31,2,,,,,,,,,,,,,,,,,,,,,,,,,,,,,,,,,,,19135198,false,false,6,2020-04-01,2020-09-30,-1
2022-01-31,42160,2022-03-31,3,47237000000,0.241,,,,,4809000000,1.586,5059000000,1.633,,3373000000,,176.13,,,,,,72754000000,50146000000,0.683,2592.78,49656000000,,,,,,,,,,,,true,false,9,2021-04-01,2021-12-31,0
2022-01-31,42160,2021-03-31,3,38051000000,-0.070,,,,,1860000000,-0.368,1921000000,-0.349,,1435000000,,74.98,,,,,,,,,,,,,,,,,,,,,,true,false,9,2020-04-01,2020-12-31,-1
2022-01-31,42160,2022-03-31,3,62500000000,0.167,,,,,5800000000,0.704,6000000000,0.645,,3950000000,,206.25,,,,,,,,,,,,,,,,,,,,,,true,true,12,2021-04-01,2022-03-31,0
2022-01-31,42160,2021-03-31,3,,,,,,,,,,,,,,,,,,,,67732000000,47108000000,0.689,2436.63,46667000000,,,,,,,,,,,,true,false,12,2020-04-01,2021-03-31,-1
2022-01-31,42160,2021-03-31,3,,,,,,,,,,,,,,,,,,,,,,,,,,,,,50.00,,,,19800400,648287,,false,false,12,2020-04-01,2021-03-31,-1
2022-01-31,42160,2022-03-31,3,,,,,,,,,,,,,,,,,,,,,,,,,,,,,25.00,,,,,,,false,false,12,2021-04-01,2022-03-31,0
2022-01-31,42160,2022-03-31,3,,,,,,,,,,,,,,,,,,,,,,,,,,,,,50.00,,,,,,,false,true,12,2021-04-01,2022-03-31,0
2022-01-31,42160,2022-03-31,3,,,,,,,,,,,,,,,,,,,,,,,,,,,,,,,,,19800400,648609,19151958,false,false,9,2021-04-01,2021-12-31,0
2022-01-31,42160,2021-03-31,3,,,,,,,,,,,,,,,,,,,,,,,,,,,,,,,,,,,19140342,false,false,9,2020-04-01,2020-12-31,-1
2022-05-13,42160,2022-03-31,,64732000000,0.209,,,,,6575000000,0.931,7012000000,0.922,,4773000000,,249.21,,0.097,0.098,0.102,,74925000000,51867000000,0.686,2681.92,51363000000,7175000000,-1655000000,-2064000000,14311000000,,0.241,,,,,,true,false,12,2021-04-01,2022-03-31,0
2022-05-13,42160,2021-03-31,,53551000000,-0.054,,,,,3404000000,-0.221,3648000000,-0.170,,2789000000,,145.67,,0.062,0.055,0.064,,67732000000,47108000000,0.689,2436.63,46667000000,3420000000,-2069000000,-1146000000,10398000000,,0.343,,,,,,true,false,12,2020-04-01,2021-03-31,-1
2022-05-13,42160,2023-03-31,,34000000000,0.155,,,,,3250000000,0.304,3300000000,0.253,,2300000000,,120.09,,,,,,,,,,,,,,,,,,,,,,true,true,6,2022-04-01,2022-09-30,1
2022-05-13,42160,2023-03-31,,70000000000,0.081,,,,,6800000000,0.034,6950000000,-0.009,,4900000000,,255.85,,,,,,,,,,,,,,,,0.235,,,,,,true,true,12,2022-04-01,2023-03-31,1
2022-05-13,42160,2022-03-31,,35572000000,0.239,,,,,3210000000,1.444,3618000000,1.268,2362000000,,0.681,123.35,,,,,,54831000000,39813000000,0.726,2078.81,39813000000,,,,,60.00,,,,19800400,648752,19151908,false,false,12,2021-04-01,2022-03-31,0
2022-05-13,42160,2021-03-31,,28720000000,-0.080,,,,,1313000000,-0.304,1595000000,-0.229,1406000000,,-0.157,73.43,,,,,,51795000000,38139000000,0.736,1991.35,38139000000,,,,,50.00,,,,19800400,648287,19143089,false,false,12,2020-04-01,2021-03-31,-1
2022-05-13,42160,2023-03-31,,,,,,,,,,,,,,,,,,,,,,,,,,,,,,60.00,,,,,,,false,true,12,2022-04-01,2023-03-31,1
2022-07-29,42160,2023-03-31,1,16764000000,0.227,,,,,2068000000,1.518,2423000000,1.719,,1536000000,,80.20,,,,,,75809000000,53147000000,0.694,2746.35,52617000000,,,,,,,,,,,,true,false,3,2022-04-01,2022-06-30,0
2022-07-29,42160,2022-03-31,1,13667000000,0.224,,,,,821000000,8.788,891000000,,,627000000,,32.75,,,,,,,,,,,,,,,,,,,,,,true,false,3,2021-04-01,2021-06-30,-1
2022-07-29,42160,2023-03-31,1,35500000000,0.206,,,,,4200000000,0.685,4550000000,0.728,,3100000000,,161.85,,,,,,,,,,,,,,,,,,,,,,true,true,6,2022-04-01,2022-09-30,0
2022-07-29,42160,2023-03-31,1,71500000000,0.105,,,,,7750000000,0.179,8200000000,0.169,,5700000000,,297.60,,,,,,,,,,,,,,,,,,,,,,true,true,12,2022-04-01,2023-03-31,0
2022-07-29,42160,2022-03-31,1,,,,,,,,,,,,,,,,,,,,74925000000,51867000000,0.686,2681.92,51363000000,,,,,,,,,,,,true,false,12,2021-04-01,2022-03-31,-1
2022-07-29,42160,2022-03-31,1,,,,,,,,,,,,,,,,,,,,,,,,,,,,,60.00,,,,19800400,648752,,false,false,12,2021-04-01,2022-03-31,-1
2022-07-29,42160,2023-03-31,1,,,,,,,,,,,,,,,,,,,,,,,,,,,,,60.00,,,,,,,false,true,12,2022-04-01,2023-03-31,0
2022-07-29,42160,2023-03-31,1,,,,,,,,,,,,,,,,,,,,,,,,,,,,,,,,,19800400,641699,19153411,false,false,3,2022-04-01,2022-06-30,0
2022-07-29,42160,2022-03-31,1,,,,,,,,,,,,,,,,,,,,,,,,,,,,,,,,,,,19152091,false,false,3,2021-04-01,2021-06-30,-1
2022-10-31,42160,2023-03-31,2,35938000000,0.221,,,,,5339000000,1.142,5839000000,1.217,,3813000000,,199.08,,,,,,80407000000,56648000000,0.698,2927.40,56085000000,,,,,,,,,,,,true,false,6,2022-04-01,2022-09-30,0
2022-10-31,42160,2022-03-31,2,29432000000,0.233,,,,,2492000000,2.068,2634000000,2.299,,1797000000,,93.82,,,,,,,,,,,,,,,,,,,,,,true,false,6,2021-04-01,2021-09-30,-1
2022-10-31,42160,2023-03-31,2,76000000000,0.174,,,,,9800000000,0.491,10400000000,0.483,,7100000000,,370.65,,,,,,,,,,,,,,,,,,,,,,true,true,12,2022-04-01,2023-03-31,0
2022-10-31,42160,2022-03-31,2,,,,,,,,,,,,,,,,,,,,74925000000,51867000000,0.686,2681.92,51363000000,,,,,,,,,,,,true,false,12,2021-04-01,2022-03-31,-1
2022-10-31,42160,2022-03-31,2,,,,,,,,,,,,,,,,,,,,,,,,,,,,,60.00,,,,19800400,648752,,false,false,12,2021-04-01,2022-03-31,-1
2022-10-31,42160,2023-03-31,2,,,,,,,,,,,,,,,,,,,,,,,,,,,,,30.00,,,,,,,false,false,12,2022-04-01,2023-03-31,0
2022-10-31,42160,2023-03-31,2,,,,,,,,,,,,,,,,,,,,,,,,,,,,,60.00,,,,,,,false,true,12,2022-04-01,2023-03-31,0
2022-10-31,42160,2023-03-31,2,,,,,,,,,,,,,,,,,,,,,,,,,,,,,,,,,19800400,641856,19155612,false,false,6,2022-04-01,2022-09-30,0
2022-10-31,42160,2022-03-31,2,,,,,,,,,,,,,,,,,,,,,,,,,,,,,,,,,,,19152014,false,false,6,2021-04-01,2021-09-30,-1
2023-01-31,42160,2023-03-31,3,56379000000,0.194,,,,,8473000000,0.762,8744000000,0.729,,5789000000,,302.20,,,,,,85126000000,58768000000,0.684,3038.24,58208000000,,,,,,,,,,,,true,false,9,2022-04-01,2022-12-31,0
2023-01-31,42160,2022-03-31,3,47237000000,0.241,,,,,4809000000,1.586,5059000000,1.633,,3373000000,,176.13,,,,,,,,,,,,,,,,,,,,,,true,false,9,2021-04-01,2021-12-31,-1
2023-01-31,42160,2023-03-31,3,76000000000,0.174,,,,,10300000000,0.567,10600000000,0.512,,7200000000,,375.85,,,,,,,,,,,,,,,,,,,,,,true,true,12,2022-04-01,2023-03-31,0
2023-01-31,42160,2022-03-31,3,,,,,,,,,,,,,,,,,,,,74925000000,51867000000,0.686,2681.92,51363000000,,,,,,,,,,,,true,false,12,2021-04-01,2022-03-31,-1
2023-01-31,42160,2022-03-31,3,,,,,,,,,,,,,,,,,,,,,,,,,,,,,60.00,,,,19800400,648752,,false,false,12,2021-04-01,2022-03-31,-1
2023-01-31,42160,2023-03-31,3,,,,,,,,,,,,,,,,,,,,,,,,,,,,,30.00,,,,,,,false,false,12,2022-04-01,2023-03-31,0
2023-01-31,42160,2023-03-31,3,,,,,,,,,,,,,,,,,,,,,,,,,,,,,60.00,,,,,,,false,true,12,2022-04-01,2023-03-31,0
2023-01-31,42160,2023-03-31,3,,,,,,,,,,,,,,,,,,,,,,,,,,,,,,,,,19800400,641959,19156470,false,false,9,2022-04-01,2022-12-31,0
2023-01-31,42160,2022-03-31,3,,,,,,,,,,,,,,,,,,,,,,,,,,,,,,,,,,,19151958,false,false,9,2021-04-01,2021-12-31,-1
2023-05-15,42160,2023-03-31,,77099000000,0.191,,,,,11947000000,0.817,12140000000,0.731,,9425000000,,491.99,,0.168,0.151,0.155,,86256000000,61179000000,0.703,3163.80,60613000000,5841000000,-4836000000,-1871000000,13928000000,,0.142,,,,,,true,false,12,2022-04-01,2023-03-31,0
2023-05-15,42160,2022-03-31,,64732000000,0.209,,,,,6575000000,0.931,7012000000,0.922,,4773000000,,249.21,,0.097,0.098,0.102,,74925000000,51867000000,0.686,2681.92,51363000000,7175000000,-1655000000,-2064000000,14311000000,,0.241,,,,,,true,false,12,2021-04-01,2022-03-31,-1
2023-05-15,42160,2024-03-31,,42000000000,0.169,,,,,6500000000,0.217,6600000000,0.130,,4400000000,,229.68,,,,,,,,,,,,,,,,,,,,,,true,true,6,2023-04-01,2023-09-30,1
2023-05-15,42160,2024-03-31,,84000000000,0.090,,,,,12000000000,0.004,12200000000,0.005,,8000000000,,417.60,,,,,,,,,,,,,,,,0.192,,,,,,true,true,12,2023-04-01,2024-03-31,1
2023-05-15,42160,2023-03-31,,40583000000,0.141,,,,,5556000000,0.731,7106000000,0.964,6497000000,,1.750,339.14,,,,,,59924000000,44905000000,0.749,2343.87,44905000000,,,,,70.00,,,,19800400,642081,19156904,false,false,12,2022-04-01,2023-03-31,0
2023-05-15,42160,2022-03-31,,35572000000,0.239,,,,,3210000000,1.444,3618000000,1.268,2362000000,,0.681,123.35,,,,,,54831000000,39813000000,0.726,2078.81,39813000000,,,,,60.00,,,,19800400,648752,19151908,false,false,12,2021-04-01,2022-03-31,-1
2023-05-15,42160,2024-03-31,,,,,,,,,,,,,,,,,,,,,,,,,,,,,,80.00,,,,,,,false,true,12,2023-04-01,2024-03-31,1
2023-07-31,42160,2024-03-31,1,21037000000,0.255,,,,,4074000000,0.970,4353000000,0.796,,2765000000,,144.31,,,,,,87865000000,63361000000,0.714,3275.60,62754000000,,,,,,,,,,,,true,false,3,2023-04-01,2023-06-30,0
2023-07-31,42160,2023-03-31,1,16764000000,0.227,,,,,2068000000,1.518,2423000000,1.719,,1536000000,,80.20,,,,,,,,,,,,,,,,,,,,,,true,false,3,2022-04-01,2022-06-30,-1
2023-07-31,42160,2024-03-31,1,42000000000,0.169,,,,,6500000000,0.217,6600000000,0.130,,4400000000,,229.67,,,,,,,,,,,,,,,,,,,,,,true,true,6,2023-04-01,2023-09-30,0
2023-07-31,42160,2024-03-31,1,84000000000,0.090,,,,,12000000000,0.004,12200000000,0.005,,8000000000,,417.58,,,,,,,,,,,,,,,,,,,,,,true,true,12,2023-04-01,2024-03-31,0
2023-07-31,42160,2023-03-31,1,,,,,,,,,,,,,,,,,,,,86256000000,61179000000,0.703,3163.80,60613000000,,,,,,,,,,,,true,false,12,2022-04-01,2023-03-31,-1
2023-07-31,42160,2023-03-31,1,,,,,,,,,,,,,,,,,,,,,,,,,,,,,70.00,,,,19800400,642081,,false,false,12,2022-04-01,2023-03-31,-1
2023-07-31,42160,2024-03-31,1,,,,,,,,,,,,,,,,,,,,,,,,,,,,,80.00,,,,,,,false,true,12,2023-04-01,2024-03-31,0
2023-07-31,42160,2024-03-31,1,,,,,,,,,,,,,,,,,,,,,,,,,,,,,,,,,19800400,642290,19158186,false,false,3,2023-04-01,2023-06-30,0
2023-07-31,42160,2023-03-31,1,,,,,,,,,,,,,,,,,,,,,,,,,,,,,,,,,,,19153411,false,false,3,2022-04-01,2022-06-30,-1
2023-10-31,42160,2024-03-31,2,43844000000,0.220,,,,,8291000000,0.553,8560000000,0.466,,5471000000,,285.55,,,,,,95586000000,67365000000,0.698,3480.66,66718000000,,,,,,,,,,,,true,false,6,2023-04-01,2023-09-30,0
2023-10-31,42160,2023-03-31,2,35938000000,0.221,,,,,5339000000,1.142,5839000000,1.217,,3813000000,,199.08,,,,,,,,,,,,,,,,,,,,,,true,false,6,2022-04-01,2022-09-30,-1
2023-10-31,42160,2024-03-31,2,86000000000,0.115,,,,,14500000000,0.214,14800000000,0.219,,10000000000,,521.93,,,,,,,,,,,,,,,,,,,,,,true,true,12,2023-04-01,2024-03-31,0
2023-10-31,42160,2023-03-31,2,,,,,,,,,,,,,,,,,,,,86256000000,61179000000,0.703,3163.80,60613000000,,,,,,,,,,,,true,false,12,2022-04-01,2023-03-31,-1
2023-10-31,42160,2023-03-31,2,,,,,,,,,,,,,,,,,,,,,,,,,,,,,70.00,,,,19800400,642081,,false,false,12,2022-04-01,2023-03-31,-1
2023-10-31,42160,2024-03-31,2,,,,,,,,,,,,,,,,,,,,,,,,,,,,,50.00,,,,,,,false,false,12,2023-04-01,2024-03-31,0
2023-10-31,42160,2024-03-31,2,,,,,,,,,,,,,,,,,,,,,,,,,,,,,100.00,,,,,,,false,true,12,2023-04-01,2024-03-31,0
2023-10-31,42160,2024-03-31,2,,,,,,,,,,,,,,,,,,,,,,,,,,,,,,,,,19800400,632096,19159595,false,false,6,2023-04-01,2023-09-30,0
2023-10-31,42160,2023-03-31,2,,,,,,,,,,,,,,,,,,,,,,,,,,,,,,,,,,,19155612,false,false,6,2022-04-01,2022-09-30,-1
2024-01-31,42160,2024-03-31,3,66096000000,0.172,,,,,12455000000,0.470,12749000000,0.458,,8175000000,,426.62,,,,,,98232000000,69699000000,0.703,3600.91,69023000000,,,,,,,,,,,,true,false,9,2023-04-01,2023-12-31,0
2024-01-31,42160,2023-03-31,3,56379000000,0.194,,,,,8473000000,0.762,8744000000,0.729,,5789000000,,302.20,,,,,,,,,,,,,,,,,,,,,,true,false,9,2022-04-01,2022-12-31,-1
2024-01-31,42160,2024-03-31,3,86000000000,0.115,,,,,14500000000,0.214,14800000000,0.219,,10000000000,,521.86,,,,,,,,,,,,,,,,,,,,,,true,true,12,2023-04-01,2024-03-31,0
2024-01-31,42160,2023-03-31,3,,,,,,,,,,,,,,,,,,,,86256000000,61179000000,0.703,3163.80,60613000000,,,,,,,,,,,,true,false,12,2022-04-01,2023-03-31,-1
2024-01-31,42160,2023-03-31,3,,,,,,,,,,,,,,,,,,,,,,,,,,,,,70.00,,,,19800400,642081,,false,false,12,2022-04-01,2023-03-31,-1
2024-01-31,42160,2024-03-31,3,,,,,,,,,,,,,,,,,,,,,,,,,,,,,50.00,,,,,,,false,false,12,2023-04-01,2024-03-31,0
2024-01-31,42160,2024-03-31,3,,,,,,,,,,,,,,,,,,,,,,,,,,,,,100.00,,,,,,,false,true,12,2023-04-01,2024-03-31,0
2024-01-31,42160,2024-03-31,3,,,,,,,,,,,,,,,,,,,,,,,,,,,,,,,,,19800400,632258,19162173,false,false,9,2023-04-01,2023-12-31,0
2024-01-31,42160,2023-03-31,3,,,,,,,,,,,,,,,,,,,,,,,,,,,,,,,,,,,19156470,false,false,9,2022-04-01,2022-12-31,-1
2024-05-15,42160,2024-03-31,,87426000000,0.134,,,,,15576000000,0.304,16076000000,0.324,,11382000000,,594.32,,0.173,0.171,0.178,,101371000000,71673000000,0.700,3734.61,70951000000,9698000000,-4649000000,-546000000,18761000000,,0.168,,,,,,true,false,12,2023-04-01,2024-03-31,0
2024-05-15,42160,2023-03-31,,77099000000,0.191,,,,,11947000000,0.817,12140000000,0.731,,9425000000,,491.99,,0.168,0.151,0.155,,86256000000,61179000000,0.703,3163.80,60613000000,5841000000,-4836000000,-1871000000,13928000000,,0.142,,,,,,true,false,12,2022-04-01,2023-03-31,-1
2024-05-15,42160,2025-03-31,,42000000000,-0.042,,,,,5500000000,-0.337,5600000000,-0.346,,3900000000,,203.65,,,,,,,,,,,,,,,,,,,,,,true,true,6,2024-04-01,2024-09-30,1
2024-05-15,42160,2025-03-31,,87000000000,-0.005,,,,,12000000000,-0.230,12100000000,-0.247,,8500000000,,443.85,,,,,,,,,,,,,,,,0.248,,,,,,true,true,12,2024-04-01,2025-03-31,1
2024-05-15,42160,2024-03-31,,40627000000,0.001,,,,,5032000000,-0.094,7029000000,-0.011,5515000000,,-0.151,287.99,,,,,,66668000000,47933000000,0.719,2523.02,47933000000,,,,,100.00,,,,19800400,802269,19150471,false,false,12,2023-04-01,2024-03-31,0
2024-05-15,42160,2023-03-31,,40583000000,0.141,,,,,5556000000,0.731,7106000000,0.964,6497000000,,1.750,339.14,,,,,,59924000000,44905000000,0.749,2343.87,44905000000,,,,,70.00,,,,19800400,642081,19156904,false,false,12,2022-04-01,2023-03-31,-1
2024-05-15,42160,2025-03-31,,,,,,,,,,,,,,,,,,,,,,,,,,,,,,110.00,,,,,,,false,true,12,2024-04-01,2025-03-31,1
2024-07-31,42160,2025-03-31,1,20229000000,-0.038,,,,,2803000000,-0.312,3012000000,-0.308,,1812000000,,95.35,,,,,,100902000000,73976000000,0.725,3850.69,73197000000,,,,,,,,,,,,true,false,3,2024-04-01,2024-06-30,0
2024-07-31,42160,2024-03-31,1,21037000000,0.255,,,,,4074000000,0.970,4353000000,0.796,,2765000000,,144.31,,,,,,,,,,,,,,,,,,,,,,true,false,3,2023-04-01,2023-06-30,-1
2024-07-31,42160,2025-03-31,1,42000000000,-0.042,,,,,5500000000,-0.337,5600000000,-0.346,,3900000000,,205.25,,,,,,,,,,,,,,,,,,,,,,true,true,6,2024-04-01,2024-09-30,0
2024-07-31,42160,2025-03-31,1,87000000000,-0.005,,,,,12000000000,-0.230,12100000000,-0.247,,8500000000,,447.35,,,,,,,,,,,,,,,,,,,,,,true,true,12,2024-04-01,2025-03-31,0
2024-07-31,42160,2024-03-31,1,,,,,,,,,,,,,,,,,,,,101371000000,71673000000,0.700,3734.61,70951000000,,,,,,,,,,,,true,false,12,2023-04-01,2024-03-31,-1
2024-07-31,42160,2024-03-31,1,,,,,,,,,,,,,,,,,,,,,,,,,,,,,100.00,,,,19800400,802269,,false,false,12,2023-04-01,2024-03-31,-1
2024-07-31,42160,2025-03-31,1,,,,,,,,,,,,,,,,,,,,,,,,,,,,,110.00,,,,,,,false,true,12,2024-04-01,2025-03-31,0
2024-07-31,42160,2025-03-31,1,,,,,,,,,,,,,,,,,,,,,,,,,,,,,,,,,19800400,791644,19000778,false,false,3,2024-04-01,2024-06-30,0
2024-07-31,42160,2024-03-31,1,,,,,,,,,,,,,,,,,,,,,,,,,,,,,,,,,,,19158186,false,false,3,2023-04-01,2023-06-30,-1
2024-10-31,42160,2025-03-31,2,41730000000,-0.048,,,,,5887000000,-0.290,5806000000,-0.322,,3815000000,,200.69,,,,,,102211000000,77248000000,0.748,4018.69,76490000000,,,,,,,,,,,,true,false,6,2024-04-01,2024-09-30,0
2024-10-31,42160,2024-03-31,2,43844000000,0.220,,,,,8291000000,0.553,8560000000,0.466,,5471000000,,285.55,,,,,,,,,,,,,,,,,,,,,,true,false,6,2023-04-01,2023-09-30,-1
2024-10-31,42160,2025-03-31,2,87000000000,-0.005,,,,,12000000000,-0.230,12100000000,-0.247,,8500000000,,447.19,,,,,,,,,,,,,,,,,,,,,,true,true,12,2024-04-01,2025-03-31,0
2024-10-31,42160,2024-03-31,2,,,,,,,,,,,,,,,,,,,,101371000000,71673000000,0.700,3734.61,70951000000,,,,,,,,,,,,true,false,12,2023-04-01,2024-03-31,-1
2024-10-31,42160,2024-03-31,2,,,,,,,,,,,,,,,,,,,,,,,,,,,,,100.00,,,,19800400,802269,,false,false,12,2023-04-01,2024-03-31,-1
2024-10-31,42160,2025-03-31,2,,,,,,,,,,,,,,,,,,,,,,,,,,,,,55.00,,,,,,,false,false,12,2024-04-01,2025-03-31,0
2024-10-31,42160,2025-03-31,2,,,,,,,,,,,,,,,,,,,,,,,,,,,,,110.00,,,,,,,false,true,12,2024-04-01,2025-03-31,0
2024-10-31,42160,2025-03-31,2,,,,,,,,,,,,,,,,,,,,,,,,,,,,,,,,,19800400,766753,19007735,false,false,6,2024-04-01,2024-09-30,0
2024-10-31,42160,2024-03-31,2,,,,,,,,,,,,,,,,,,,,,,,,,,,,,,,,,,,19159595,false,false,6,2023-04-01,2023-09-30,-1
2025-01-31,42160,2025-03-31,3,63175000000,-0.044,,,,,8744000000,-0.298,8970000000,-0.296,,6074000000,,319.44,,,,,,103702000000,75799000000,0.723,3938.35,74961000000,,,,,,,,,,,,true,false,9,2024-04-01,2024-12-31,0
2025-01-31,42160,2024-03-31,3,66096000000,0.172,,,,,12455000000,0.470,12749000000,0.458,,8175000000,,426.62,,,,,,,,,,,,,,,,,,,,,,true,false,9,2023-04-01,2023-12-31,-1
2025-01-31,42160,2025-03-31,3,87000000000,-0.005,,,,,12000000000,-0.230,12100000000,-0.247,,8500000000,,447.00,,,,,,,,,,,,,,,,,,,,,,true,true,12,2024-04-01,2025-03-31,0
2025-01-31,42160,2024-03-31,3,,,,,,,,,,,,,,,,,,,,101371000000,71673000000,0.700,3734.61,70951000000,,,,,,,,,,,,true,false,12,2023-04-01,2024-03-31,-1
2025-01-31,42160,2024-03-31,3,,,,,,,,,,,,,,,,,,,,,,,,,,,,,100.00,,,,19800400,802269,,false,false,12,2023-04-01,2024-03-31,-1
2025-01-31,42160,2025-03-31,3,,,,,,,,,,,,,,,,,,,,,,,,,,,,,55.00,,,,,,,false,false,12,2024-04-01,2025-03-31,0
2025-01-31,42160,2025-03-31,3,,,,,,,,,,,,,,,,,,,,,,,,,,,,,110.00,,,,,,,false,true,12,2024-04-01,2025-03-31,0
2025-01-31,42160,2025-03-31,3,,,,,,,,,,,,,,,,,,,,,,,,,,,,,,,,,19800400,766825,19015500,false,false,9,2024-04-01,2024-12-31,0
2025-01-31,42160,2024-03-31,3,,,,,,,,,,,,,,,,,,,,,,,,,,,,,,,,,,,19162173,false,false,9,2023-04-01,2023-12-31,-1
2025-02-26,42160,2025-03-31,,84000000000,-0.034,,,,,10500000000,-0.125,10700000000,-0.116,,7300000000,,383.90,,,,,,,,,,,,,,,,,,,,,,true,true,12,2024-04-01,2025-03-31,0
2025-02-26,42160,2024-03-31,,87426000000,,,,,,15576000000,,16076000000,,,11382000000,,594.32,,,,,,,,,,,,,,,,,,,,,,true,false,12,2023-04-01,2024-03-31,-1
2025-05-15,42160,2025-03-31,,85162000000,-0.026,,,,,11121000000,-0.286,11250000000,-0.300,,7624000000,,401.28,,0.103,0.109,0.131,,105772000000,78262000000,0.734,4133.27,77637000000,11335000000,-5157000000,-1572000000,24059000000,,0.274,,,,,,true,false,12,2024-04-01,2025-03-31,0
2025-05-15,42160,2024-03-31,,87426000000,0.134,,,,,15576000000,0.304,16076000000,0.324,,11382000000,,594.32,,0.173,0.171,0.178,,101371000000,71673000000,0.700,3734.61,70951000000,9698000000,-4649000000,-546000000,18761000000,,0.168,,,,,,true,false,12,2023-04-01,2024-03-31,-1
2025-05-15,42160,2026-03-31,,41500000000,-0.006,,,,,4400000000,-0.253,4400000000,-0.242,,3000000000,,157.89,,,,,,,,,,,,,,,,,,,,,,true,true,6,2025-04-01,2025-09-30,1
2025-05-15,42160,2026-03-31,,85000000000,-0.002,,,,,9000000000,-0.191,9100000000,-0.191,,6400000000,,336.83,,,,,,,,,,,,,,,,0.356,,,,,,true,true,12,2025-04-01,2026-03-31,1
2025-05-15,42160,2025-03-31,,41620000000,0.024,,,,,3371000000,-0.330,5936000000,-0.155,4764000000,,-0.136,250.73,,,,,,68237000000,49563000000,0.726,2638.66,49563000000,,,,,110.00,,,,19800400,1017060,19000417,false,false,12,2024-04-01,2025-03-31,0
2025-05-15,42160,2024-03-31,,40627000000,0.001,,,,,5032000000,-0.094,7029000000,-0.011,5515000000,,-0.151,287.99,,,,,,66668000000,47933000000,0.719,2523.02,47933000000,,,,,100.00,,,,19800400,802269,19150471,false,false,12,2023-04-01,2024-03-31,-1
2025-05-15,42160,2026-03-31,,,,,,,,,,,,,,,,,,,,,,,,,,,,,,120.00,,,,,,,false,true,12,2025-04-01,2026-03-31,1
2025-07-31,42160,2026-03-31,1,20009000000,-0.011,,,,,2163000000,-0.228,2153000000,-0.285,,1360000000,,72.40,,,,,,102351000000,76627000000,0.743,4046.22,76002000000,,,,,,,,,,,,true,false,3,2025-04-01,2025-06-30,0
2025-07-31,42160,2025-03-31,1,20229000000,-0.038,,,,,2803000000,-0.312,3012000000,-0.308,,1812000000,,95.35,,,,,,,,,,,,,,,,,,,,,,true,false,3,2024-04-01,2024-06-30,-1
2025-07-31,42160,2026-03-31,1,41500000000,-0.006,,,,,4400000000,-0.253,4400000000,-0.242,,3000000000,,159.72,,,,,,,,,,,,,,,,,,,,,,true,true,6,2025-04-01,2025-09-30,0
2025-07-31,42160,2026-03-31,1,85000000000,-0.002,,,,,9000000000,-0.191,9100000000,-0.191,,6400000000,,340.73,,,,,,,,,,,,,,,,,,,,,,true,true,12,2025-04-01,2026-03-31,0
2025-07-31,42160,2025-03-31,1,,,,,,,,,,,,,,,,,,,,105772000000,78262000000,0.734,4133.27,77637000000,,,,,,,,,,,,true,false,12,2024-04-01,2025-03-31,-1
2025-07-31,42160,2025-03-31,1,,,,,,,,,,,,,,,,,,,,,,,,,,,,,110.00,,,,19800400,1017060,,false,false,12,2024-04-01,2025-03-31,-1
2025-07-31,42160,2026-03-31,1,,,,,,,,,,,,,,,,,,,,,,,,,,,,,120.00,,,,,,,false,true,12,2025-04-01,2026-03-31,0
2025-07-31,42160,2026-03-31,1,,,,,,,,,,,,,,,,,,,,,,,,,,,,,,,,,19800400,1016948,18783323,false,false,3,2025-04-01,2025-06-30,0
2025-07-31,42160,2025-03-31,1,,,,,,,,,,,,,,,,,,,,,,,,,,,,,,,,,,,19000778,false,false,3,2024-04-01,2024-06-30,-1
