filing_date,code,fiscal_year_end,quarterly_period,net_sales,net_sales_change,revenue,revenue_change,operating_revenue,operating_revenue_change,operating_profit,operating_profit_change,ordinary_profit,ordinary_profit_change,net_income,net_income_of_parent,net_income_change,eps,diluted_eps,roe,roa,operating_profit_to_net_sales,operating_profit_to_revenue,total_assets,net_assets,equity_ratio,bps,owner_equity,operating_cash_flow,investing_cash_flow,financing_cash_flow,cash,dividend_per_share,payout_ratio,commemorative_dividend,extra_dividend,number_of_shares,number_of_treqsury_shares,avg_number_of_shares,is_consolidated,is_forecast,duration,period_start,period_end,period_pos
2015-05-08,42200,2015-03-31,,91938000000,0.110,,,,,3652000000,-0.021,4062000000,0.012,1900000000,,-0.013,31.74,31.36,0.050,0.050,0.040,,86086000000,45223000000,0.458,658.72,39459000000,4375000000,-4472000000,2088000000,13981000000,,0.284,,,,,,true,false,12,2014-04-01,2015-03-31,0
2015-05-08,42200,2014-03-31,,82855000000,0.127,,,,,3732000000,0.982,4016000000,0.768,1925000000,,0.425,32.17,,0.055,0.055,0.045,,77208000000,40957000000,0.465,599.28,35869000000,5707000000,-3624000000,602000000,11698000000,,0.280,,,,,,true,false,12,2013-04-01,2014-03-31,-1
2015-05-08,42200,2016-03-31,,47500000000,0.066,,,,,2000000000,0.210,2100000000,0.121,,1050000000,,17.53,,,,,,,,,,,,,,,,,,,,,,true,true,6,2015-04-01,2015-09-30,1
2015-05-08,42200,2016-03-31,,101000000000,0.099,,,,,5000000000,0.369,5300000000,0.305,,2700000000,,45.07,,,,,,,,,,,,,,,,0.222,,,,,,true,true,12,2015-04-01,2016-03-31,1
2015-05-08,42200,2015-03-31,,43105000000,0.008,,,,,1116000000,-0.322,2321000000,-0.211,1728000000,,-0.116,28.87,28.53,,,,,59937000000,35905000000,0.599,599.39,35905000000,,,,,9.00,,,,66113819,6209865,59879330,false,false,12,2014-04-01,2015-03-31,0
2015-05-08,42200,2014-03-31,,42758000000,-0.056,,,,,1646000000,1.380,2940000000,1.001,1955000000,,1.657,32.67,,,,,,55146000000,33812000000,0.613,564.91,33812000000,,,,,9.00,,,,66113819,6258206,59860268,false,false,12,2013-04-01,2014-03-31,-1
2015-05-08,42200,2016-03-31,,20500000000,-0.049,,,,,,,750000000,-0.038,550000000,,-0.024,9.18,,,,,,,,,,,,,,,,,,,,,,false,true,6,2015-04-01,2015-09-30,1
2015-05-08,42200,2016-03-31,,43700000000,0.014,,,,,,,2700000000,0.163,2050000000,,0.186,34.22,,,,,,,,,,,,,,,10.00,,,,,,,false,true,12,2015-04-01,2016-03-31,1
2015-08-07,42200,2016-03-31,1,22239000000,0.015,,,,,853000000,0.009,894000000,0.000,,362000000,,6.05,5.30,,,,,84501000000,45009000000,0.468,660.04,39548000000,,,,,,,,,,,,true,false,3,2015-04-01,2015-06-30,0
2015-08-07,42200,2015-03-31,1,21920000000,0.107,,,,,845000000,0.168,894000000,-0.034,,379000000,,6.34,,,,,,,,,,,,,,,,,,,,,,true,false,3,2014-04-01,2014-06-30,-1
2015-08-07,42200,2016-03-31,1,47500000000,0.066,,,,,2000000000,0.210,2100000000,0.121,,1050000000,,17.53,,,,,,,,,,,,,,,,,,,,,,true,true,6,2015-04-01,2015-09-30,0
2015-08-07,42200,2016-03-31,1,101000000000,0.099,,,,,5000000000,0.369,5300000000,0.305,,2700000000,,45.07,,,,,,,,,,,,,,,,,,,,,,true,true,12,2015-04-01,2016-03-31,0
2015-08-07,42200,2015-03-31,1,,,,,,,,,,,,,,,,,,,,86086000000,45223000000,0.458,658.72,39459000000,,,,,,,,,,,,true,false,12,2014-04-01,2015-03-31,-1
2015-08-07,42200,2015-03-31,1,,,,,,,,,,,,,,,,,,,,,,,,,,,,,9.00,,,,66113819,6209865,,false,false,12,2014-04-01,2015-03-31,-1
2015-08-07,42200,2016-03-31,1,,,,,,,,,,,,,,,,,,,,,,,,,,,,,10.00,,,,,,,false,true,12,2015-04-01,2016-03-31,0
2015-08-07,42200,2016-03-31,1,,,,,,,,,,,,,,,,,,,,,,,,,,,,,,,,,66113819,6195427,59909734,false,false,3,2015-04-01,2015-06-30,0
2015-08-07,42200,2015-03-31,1,,,,,,,,,,,,,,,,,,,,,,,,,,,,,,,,,,,59860014,false,false,3,2014-04-01,2014-06-30,-1
2015-11-06,42200,2016-03-31,2,44628000000,0.001,,,,,1963000000,0.188,1942000000,0.037,,760000000,,12.70,11.12,,,,,83912000000,45309000000,0.471,660.10,39560000000,,,,,,,,,,,,true,false,6,2015-04-01,2015-09-30,0
2015-11-06,42200,2015-03-31,2,44578000000,0.071,,,,,1652000000,-0.072,1873000000,-0.042,,894000000,,14.95,,,,,,,,,,,,,,,,,,,,,,true,false,6,2014-04-01,2014-09-30,-1
2015-11-06,42200,2016-03-31,2,101000000000,0.099,,,,,5000000000,0.369,5300000000,0.305,,2700000000,,45.07,,,,,,,,,,,,,,,,,,,,,,true,true,12,2015-04-01,2016-03-31,0
2015-11-06,42200,2015-03-31,2,,,,,,,,,,,,,,,,,,,,86086000000,45223000000,0.458,658.72,39459000000,,,,,,,,,,,,true,false,12,2014-04-01,2015-03-31,-1
2015-11-06,42200,2015-03-31,2,,,,,,,,,,,,,,,,,,,,,,,,,,,,,9.00,,,,66113819,6209865,,false,false,12,2014-04-01,2015-03-31,-1
2015-11-06,42200,2016-03-31,2,,,,,,,,,,,,,,,,,,,,,,,,,,,,,5.00,,,,,,,false,false,12,2015-04-01,2016-03-31,0
2015-11-06,42200,2016-03-31,2,,,,,,,,,,,,,,,,,,,,,,,,,,,,,10.00,,,,,,,false,true,12,2015-04-01,2016-03-31,0
2015-11-06,42200,2016-03-31,2,,,,,,,,,,,,,,,,,,,,,,,,,,,,,,,,,66113819,6183267,59917087,false,false,6,2015-04-01,2015-09-30,0
2015-11-06,42200,2015-03-31,2,,,,,,,,,,,,,,,,,,,,,,,,,,,,,,,,,,,59866735,false,false,6,2014-04-01,2014-09-30,-1
2016-02-09,42200,2016-03-31,3,67434000000,-0.005,,,,,3358000000,0.270,3338000000,0.100,,1477000000,,24.65,21.58,,,,,83114000000,45009000000,0.477,660.88,39620000000,,,,,,,,,,,,true,false,9,2015-04-01,2015-12-31,0
2016-02-09,42200,2015-03-31,3,67781000000,0.066,,,,,2643000000,-0.096,3034000000,-0.037,,1505000000,,25.15,,,,,,,,,,,,,,,,,,,,,,true,false,9,2014-04-01,2014-12-31,-1
2016-02-09,42200,2016-03-31,3,101000000000,0.099,,,,,5000000000,0.369,5300000000,0.305,,2700000000,,45.07,,,,,,,,,,,,,,,,,,,,,,true,true,12,2015-04-01,2016-03-31,0
2016-02-09,42200,2015-03-31,3,,,,,,,,,,,,,,,,,,,,86086000000,45223000000,0.458,658.72,39459000000,,,,,,,,,,,,true,false,12,2014-04-01,2015-03-31,-1
2016-02-09,42200,2015-03-31,3,,,,,,,,,,,,,,,,,,,,,,,,,,,,,9.00,,,,66113819,6209865,,false,false,12,2014-04-01,2015-03-31,-1
2016-02-09,42200,2016-03-31,3,,,,,,,,,,,,,,,,,,,,,,,,,,,,,5.00,,,,,,,false,false,12,2015-04-01,2016-03-31,0
2016-02-09,42200,2016-03-31,3,,,,,,,,,,,,,,,,,,,,,,,,,,,,,10.00,,,,,,,false,true,12,2015-04-01,2016-03-31,0
2016-02-09,42200,2016-03-31,3,,,,,,,,,,,,,,,,,,,,,,,,,,,,,,,,,66113819,6162854,59924221,false,false,9,2015-04-01,2015-12-31,0
2016-02-09,42200,2015-03-31,3,,,,,,,,,,,,,,,,,,,,,,,,,,,,,,,,,,,59872792,false,false,9,2014-04-01,2014-12-31,-1
2016-05-09,42200,2016-03-31,,90589000000,-0.015,,,,,5084000000,0.392,4931000000,0.214,,2482000000,,41.41,36.25,0.062,0.058,0.056,,84157000000,46746000000,0.477,669.00,40114000000,6825000000,-6607000000,-526000000,13444000000,,0.241,,,,,,true,false,12,2015-04-01,2016-03-31,0
2016-05-09,42200,2015-03-31,,91938000000,0.110,,,,,3652000000,-0.021,4062000000,0.012,,1900000000,,31.74,31.36,0.050,0.050,0.040,,86086000000,45223000000,0.458,658.72,39459000000,4375000000,-4472000000,2088000000,13981000000,,0.284,,,,,,true,false,12,2014-04-01,2015-03-31,-1
2016-05-09,42200,2017-03-31,,44000000000,-0.014,,,,,2500000000,0.273,2500000000,0.287,,1100000000,,18.34,,,,,,,,,,,,,,,,,,,,,,true,true,6,2016-04-01,2016-09-30,1
2016-05-09,42200,2017-03-31,,93000000000,0.027,,,,,5500000000,0.082,5500000000,0.115,,2600000000,,43.36,,,,,,,,,,,,,,,,0.254,,,,,,true,true,12,2016-04-01,2017-03-31,1
2016-05-09,42200,2016-03-31,,39551000000,-0.082,,,,,843000000,-0.245,1812000000,-0.219,1669000000,,-0.034,27.85,24.38,,,,,56086000000,36415000000,0.649,607.30,36415000000,,,,,10.00,,,,66113819,6151654,59931850,false,false,12,2015-04-01,2016-03-31,0
2016-05-09,42200,2015-03-31,,43105000000,0.008,,,,,1116000000,-0.322,2321000000,-0.211,1728000000,,-0.116,28.87,28.53,,,,,59937000000,35905000000,0.599,599.39,35905000000,,,,,9.00,,,,66113819,6209865,59879330,false,false,12,2014-04-01,2015-03-31,-1
2016-05-09,42200,2017-03-31,,19000000000,0.004,,,,,,,1200000000,1.402,900000000,,1.207,15.01,,,,,,,,,,,,,,,,,,,,,,false,true,6,2016-04-01,2016-09-30,1
2016-05-09,42200,2017-03-31,,40000000000,0.011,,,,,,,3000000000,0.655,2400000000,,0.438,40.03,,,,,,,,,,,,,,,11.00,,,,,,,false,true,12,2016-04-01,2017-03-31,1
2016-08-05,42200,2017-03-31,1,21274000000,-0.043,,,,,1329000000,0.558,1163000000,0.301,,381000000,,6.36,5.57,,,,,83566000000,45575000000,0.472,,39414000000,,,,,,,,,,,,true,false,3,2016-04-01,2016-06-30,0
2016-08-05,42200,2016-03-31,1,22239000000,0.015,,,,,853000000,0.009,894000000,0.000,,362000000,,6.05,5.30,,,,,,,,,,,,,,,,,,,,,true,false,3,2015-04-01,2015-06-30,-1
2016-08-05,42200,2017-03-31,1,44000000000,-0.014,,,,,2500000000,0.273,2500000000,0.287,,1100000000,,18.34,,,,,,,,,,,,,,,,,,,,,,true,true,6,2016-04-01,2016-09-30,0
2016-08-05,42200,2017-03-31,1,93000000000,0.027,,,,,5500000000,0.082,5500000000,0.115,,2600000000,,48.36,,,,,,,,,,,,,,,,,,,,,,true,true,12,2016-04-01,2017-03-31,0
2016-08-05,42200,2016-03-31,1,,,,,,,,,,,,,,,,,,,,84157000000,46746000000,0.477,,40114000000,,,,,,,,,,,,true,false,12,2015-04-01,2016-03-31,-1
2016-08-05,42200,2016-03-31,1,,,,,,,,,,,,,,,,,,,,,,,,,,,,,10.00,,,,66113819,6151654,,false,false,12,2015-04-01,2016-03-31,-1
2016-08-05,42200,2017-03-31,1,,,,,,,,,,,,,,,,,,,,,,,,,,,,,11.00,,,,,,,false,true,12,2016-04-01,2017-03-31,0
2016-08-05,42200,2017-03-31,1,,,,,,,,,,,,,,,,,,,,,,,,,,,,,,,,,66113819,6136654,59968365,false,false,3,2016-04-01,2016-06-30,0
2016-08-05,42200,2016-03-31,1,,,,,,,,,,,,,,,,,,,,,,,,,,,,,,,,,,,59909734,false,false,3,2015-04-01,2015-06-30,-1
2016-11-07,42200,2017-03-31,2,43171000000,-0.033,,,,,2912000000,0.483,2677000000,0.379,,1123000000,,18.74,16.40,,,,,82405000000,45627000000,0.481,,39647000000,,,,,,,,,,,,true,false,6,2016-04-01,2016-09-30,0
2016-11-07,42200,2016-03-31,2,44628000000,0.001,,,,,1963000000,0.188,1942000000,0.037,,760000000,,12.70,11.12,,,,,,,,,,,,,,,,,,,,,true,false,6,2015-04-01,2015-09-30,-1
2016-11-07,42200,2017-03-31,2,93000000000,0.027,,,,,5500000000,0.082,5500000000,0.115,,2600000000,,48.36,,,,,,,,,,,,,,,,,,,,,,true,true,12,2016-04-01,2017-03-31,0
2016-11-07,42200,2016-03-31,2,,,,,,,,,,,,,,,,,,,,84157000000,46746000000,0.477,,40114000000,,,,,,,,,,,,true,false,12,2015-04-01,2016-03-31,-1
2016-11-07,42200,2016-03-31,2,,,,,,,,,,,,,,,,,,,,,,,,,,,,,10.00,,,,66113819,6151654,,false,false,12,2015-04-01,2016-03-31,-1
2016-11-07,42200,2017-03-31,2,,,,,,,,,,,,,,,,,,,,,,,,,,,,,5.00,,,,,,,false,false,12,2016-04-01,2017-03-31,0
2016-11-07,42200,2017-03-31,2,,,,,,,,,,,,,,,,,,,,,,,,,,,,,11.00,,,,,,,false,true,12,2016-04-01,2017-03-31,0
2016-11-07,42200,2017-03-31,2,,,,,,,,,,,,,,,,,,,,,,,,,,,,,,,,,66113819,6125891,59975654,false,false,6,2016-04-01,2016-09-30,0
2016-11-07,42200,2016-03-31,2,,,,,,,,,,,,,,,,,,,,,,,,,,,,,,,,,,,59917087,false,false,6,2015-04-01,2015-09-30,-1
2016-11-07,42200,2017-03-31,2,43171000000,-0.033,,,,,2912000000,0.483,2677000000,0.379,,1123000000,,18.74,16.40,,,,,82405000000,45627000000,0.481,,39647000000,,,,,,,,,,,,true,false,6,2016-04-01,2016-09-30,0
2016-11-07,42200,2016-03-31,2,44628000000,0.001,,,,,1963000000,0.188,1942000000,0.037,,760000000,,12.70,11.12,,,,,,,,,,,,,,,,,,,,,true,false,6,2015-04-01,2015-09-30,-1
2016-11-07,42200,2017-03-31,2,93000000000,0.027,,,,,5500000000,0.082,5500000000,0.115,,2600000000,,43.36,,,,,,,,,,,,,,,,,,,,,,true,true,12,2016-04-01,2017-03-31,0
2016-11-07,42200,2016-03-31,2,,,,,,,,,,,,,,,,,,,,84157000000,46746000000,0.477,,40114000000,,,,,,,,,,,,true,false,12,2015-04-01,2016-03-31,-1
2016-11-07,42200,2016-03-31,2,,,,,,,,,,,,,,,,,,,,,,,,,,,,,10.00,,,,66113819,6151654,,false,false,12,2015-04-01,2016-03-31,-1
2016-11-07,42200,2017-03-31,2,,,,,,,,,,,,,,,,,,,,,,,,,,,,,5.00,,,,,,,false,false,12,2016-04-01,2017-03-31,0
2016-11-07,42200,2017-03-31,2,,,,,,,,,,,,,,,,,,,,,,,,,,,,,11.00,,,,,,,false,true,12,2016-04-01,2017-03-31,0
2016-11-07,42200,2017-03-31,2,,,,,,,,,,,,,,,,,,,,,,,,,,,,,,,,,66113819,6125891,59975654,false,false,6,2016-04-01,2016-09-30,0
2016-11-07,42200,2016-03-31,2,,,,,,,,,,,,,,,,,,,,,,,,,,,,,,,,,,,59917087,false,false,6,2015-04-01,2015-09-30,-1
2017-02-06,42200,2017-03-31,3,64769000000,-0.040,,,,,4234000000,0.261,4292000000,0.286,,2024000000,,33.97,29.72,,,,,82702000000,45597000000,0.481,,39783000000,,,,,,,,,,,,true,false,9,2016-04-01,2016-12-31,0
2017-02-06,42200,2016-03-31,3,67434000000,-0.005,,,,,3358000000,0.270,3338000000,0.100,,1477000000,,24.65,21.58,,,,,,,,,,,,,,,,,,,,,true,false,9,2015-04-01,2015-12-31,-1
2017-02-06,42200,2017-03-31,3,93000000000,0.027,,,,,5500000000,0.082,5500000000,0.115,,2600000000,,43.36,,,,,,,,,,,,,,,,,,,,,,true,true,12,2016-04-01,2017-03-31,0
2017-02-06,42200,2016-03-31,3,,,,,,,,,,,,,,,,,,,,84157000000,46746000000,0.477,,40114000000,,,,,,,,,,,,true,false,12,2015-04-01,2016-03-31,-1
2017-02-06,42200,2016-03-31,3,,,,,,,,,,,,,,,,,,,,,,,,,,,,,10.00,,,,66113819,6151654,,false,false,12,2015-04-01,2016-03-31,-1
2017-02-06,42200,2017-03-31,3,,,,,,,,,,,,,,,,,,,,,,,,,,,,,5.00,,,,,,,false,false,12,2016-04-01,2017-03-31,0
2017-02-06,42200,2017-03-31,3,,,,,,,,,,,,,,,,,,,,,,,,,,,,,11.00,,,,,,,false,true,12,2016-04-01,2017-03-31,0
2017-02-06,42200,2017-03-31,3,,,,,,,,,,,,,,,,,,,,,,,,,,,,,,,,,66113819,8082086,59612360,false,false,9,2016-04-01,2016-12-31,0
2017-02-06,42200,2016-03-31,3,,,,,,,,,,,,,,,,,,,,,,,,,,,,,,,,,,,59924221,false,false,9,2015-04-01,2015-12-31,-1
2017-05-08,42200,2017-03-31,,88300000000,-0.025,,,,,5862000000,0.153,5834000000,0.183,,2716000000,,45.85,40.08,0.066,0.068,0.066,,88345000000,49196000000,0.475,723.27,41974000000,6560000000,-4248000000,-1070000000,14369000000,,0.240,,,,,,true,false,12,2016-04-01,2017-03-31,0
2017-05-08,42200,2016-03-31,,90589000000,-0.015,,,,,5084000000,0.392,4931000000,0.214,,2482000000,,41.41,36.25,0.062,0.058,0.056,,84157000000,46746000000,0.477,669.00,40114000000,6825000000,-6607000000,-526000000,13444000000,,0.241,,,,,,true,false,12,2015-04-01,2016-03-31,-1
2017-05-08,42200,2018-03-31,,46000000000,0.066,,,,,2600000000,-0.107,2600000000,-0.029,,1200000000,,20.68,,,,,,,,,,,,,,,,,,,,,,true,true,6,2017-04-01,2017-09-30,1
2017-05-08,42200,2018-03-31,,96000000000,0.087,,,,,6500000000,0.109,6500000000,0.114,,3000000000,,51.69,,,,,,,,,,,,,,,,,,,,,,true,true,12,2017-04-01,2018-03-31,1
2017-05-08,42200,2017-03-31,,37962000000,-0.040,,,,,1015000000,0.204,2466000000,0.361,2042000000,,0.224,34.47,30.13,,,,,57222000000,37883000000,0.662,652.78,37883000000,,,,,11.00,,,,66113819,8079834,59250061,false,false,12,2016-04-01,2017-03-31,0
2017-05-08,42200,2016-03-31,,39551000000,-0.082,,,,,843000000,-0.245,1812000000,-0.219,1669000000,,-0.034,27.85,24.38,,,,,56086000000,36415000000,0.649,607.30,36415000000,,,,,10.00,,,,66113819,6151654,59931850,false,false,12,2015-04-01,2016-03-31,-1
2017-05-08,42200,2018-03-31,,20000000000,0.080,,,,,,,1100000000,0.542,700000000,,0.192,12.06,,,,,,,,,,,,,,,,,,,,,,false,true,6,2017-04-01,2017-09-30,1
2017-05-08,42200,2018-03-31,,42000000000,0.106,,,,,,,3200000000,0.297,2500000000,,0.224,43.08,,,,,,,,,,,,,,,12.00,,,,,,,false,true,12,2017-04-01,2018-03-31,1
2017-08-07,42200,2018-03-31,1,22831000000,0.073,,,,,1331000000,0.002,1357000000,0.167,,610000000,,10.52,9.17,,,,,88723000000,49260000000,0.477,,42333000000,,,,,,,,,,,,true,false,3,2017-04-01,2017-06-30,0
2017-08-07,42200,2017-03-31,1,21274000000,-0.043,,,,,1329000000,0.558,1163000000,0.301,,381000000,,6.36,5.57,,,,,,,,,,,,,,,,,,,,,true,false,3,2016-04-01,2016-06-30,-1
2017-08-07,42200,2018-03-31,1,46000000000,0.066,,,,,2600000000,-0.107,2600000000,-0.029,,1200000000,,20.68,,,,,,,,,,,,,,,,,,,,,,true,true,6,2017-04-01,2017-09-30,0
2017-08-07,42200,2018-03-31,1,96000000000,0.087,,,,,6500000000,0.109,6500000000,0.114,,3000000000,,51.69,,,,,,,,,,,,,,,,,,,,,,true,true,12,2017-04-01,2018-03-31,0
2017-08-07,42200,2017-03-31,1,,,,,,,,,,,,,,,,,,,,88345000000,49196000000,0.475,,41974000000,,,,,,,,,,,,true,false,12,2016-04-01,2017-03-31,-1
2017-08-07,42200,2017-03-31,1,,,,,,,,,,,,,,,,,,,,,,,,,,,,,11.00,,,,66113819,8079834,,false,false,12,2016-04-01,2017-03-31,-1
2017-08-07,42200,2018-03-31,1,,,,,,,,,,,,,,,,,,,,,,,,,,,,,12.00,,,,,,,false,true,12,2017-04-01,2018-03-31,0
2017-08-07,42200,2018-03-31,1,,,,,,,,,,,,,,,,,,,,,,,,,,,,,,,,,66113819,8072283,58035849,false,false,3,2017-04-01,2017-06-30,0
2017-08-07,42200,2017-03-31,1,,,,,,,,,,,,,,,,,,,,,,,,,,,,,,,,,,,59968365,false,false,3,2016-04-01,2016-06-30,-1
2017-11-06,42200,2018-03-31,2,45890000000,0.063,,,,,2554000000,-0.123,2634000000,-0.016,,1202000000,,20.36,18.07,,,,,89165000000,52038000000,0.503,,44861000000,,,,,,,,,,,,true,false,6,2017-04-01,2017-09-30,0
2017-11-06,42200,2017-03-31,2,43171000000,-0.033,,,,,2912000000,0.483,2677000000,0.379,,1123000000,,18.74,16.40,,,,,,,,,,,,,,,,,,,,,true,false,6,2016-04-01,2016-09-30,-1
2017-11-06,42200,2018-03-31,2,96000000000,0.087,,,,,6500000000,0.109,6500000000,0.114,,3000000000,,51.69,,,,,,,,,,,,,,,,,,,,,,true,true,12,2017-04-01,2018-03-31,0
2017-11-06,42200,2017-03-31,2,,,,,,,,,,,,,,,,,,,,88345000000,49196000000,0.475,,41974000000,,,,,,,,,,,,true,false,12,2016-04-01,2017-03-31,-1
2017-11-06,42200,2017-03-31,2,,,,,,,,,,,,,,,,,,,,,,,,,,,,,11.00,,,,66113819,8079834,,false,false,12,2016-04-01,2017-03-31,-1
2017-11-06,42200,2018-03-31,2,,,,,,,,,,,,,,,,,,,,,,,,,,,,,6.00,,,,,,,false,false,12,2017-04-01,2018-03-31,0
2017-11-06,42200,2018-03-31,2,,,,,,,,,,,,,,,,,,,,,,,,,,,,,12.00,,,,,,,false,true,12,2017-04-01,2018-03-31,0
2017-11-06,42200,2018-03-31,2,,,,,,,,,,,,,,,,,,,,,,,,,,,,,,,,,66113819,4395944,59055485,false,false,6,2017-04-01,2017-09-30,0
2017-11-06,42200,2017-03-31,2,,,,,,,,,,,,,,,,,,,,,,,,,,,,,,,,,,,59975654,false,false,6,2016-04-01,2016-09-30,-1
2018-02-05,42200,2018-03-31,3,69678000000,0.076,,,,,3897000000,-0.080,4022000000,-0.063,,1850000000,,30.83,27.79,,,,,92507000000,53346000000,0.499,,46180000000,,,,,,,,,,,,true,false,9,2017-04-01,2017-12-31,0
2018-02-05,42200,2017-03-31,3,64769000000,-0.040,,,,,4234000000,0.261,4292000000,0.286,,2024000000,,33.97,29.72,,,,,,,,,,,,,,,,,,,,,true,false,9,2016-04-01,2016-12-31,-1
2018-02-05,42200,2018-03-31,3,94000000000,0.065,,,,,5300000000,-0.096,5400000000,-0.075,,2600000000,,41.39,,,,,,,,,,,,,,,,,,,,,,true,true,12,2017-04-01,2018-03-31,0
2018-02-05,42200,2017-03-31,3,,,,,,,,,,,,,,,,,,,,88345000000,49196000000,0.475,,41974000000,,,,,,,,,,,,true,false,12,2016-04-01,2017-03-31,-1
2018-02-05,42200,2017-03-31,3,,,,,,,,,,,,,,,,,,,,,,,,,,,,,11.00,,,,66113819,8079834,,false,false,12,2016-04-01,2017-03-31,-1
2018-02-05,42200,2018-03-31,3,,,,,,,,,,,,,,,,,,,,,,,,,,,,,6.00,,,,,,,false,false,12,2017-04-01,2018-03-31,0
2018-02-05,42200,2018-03-31,3,,,,,,,,,,,,,,,,,,,,,,,,,,,,,12.00,,,,,,,false,true,12,2017-04-01,2018-03-31,0
2018-02-05,42200,2018-03-31,3,,,,,,,,,,,,,,,,,,,,,,,,,,,,,,,,,66113819,3294028,60011922,false,false,9,2017-04-01,2017-12-31,0
2018-02-05,42200,2017-03-31,3,,,,,,,,,,,,,,,,,,,,,,,,,,,,,,,,,,,59612360,false,false,9,2016-04-01,2016-12-31,-1
2018-02-05,42200,2018-03-31,,94000000000,-0.021,,,,,5300000000,-0.185,5400000000,-0.169,2600000000,,-0.133,41.39,,,,,,,,,,,,,,,,,,,,,,true,true,12,2017-04-01,2018-03-31,0
2018-02-05,42200,2017-03-31,,88300000000,,,,,,5862000000,,5834000000,,2716000000,,,45.85,,,,,,,,,,,,,,,,,,,,,,true,false,12,2016-04-01,2017-03-31,-1
2018-02-05,42200,2018-03-31,,40600000000,-0.033,,,,,,,3000000000,-0.063,2300000000,,-0.080,36.61,,,,,,,,,,,,,,,,,,,,,,false,true,12,2017-04-01,2018-03-31,0
2018-02-05,42200,2017-03-31,,37962000000,,,,,,,,2466000000,,2042000000,,,34.47,,,,,,,,,,,,,,,,,,,,,,false,false,12,2016-04-01,2017-03-31,-1
2018-05-01,42200,2018-03-31,,94601000000,0.071,,,,,5399000000,-0.079,5410000000,-0.073,,2538000000,,41.64,38.12,0.057,0.060,0.057,,91866000000,54854000000,0.514,735.85,47173000000,5671000000,-3621000000,-1866000000,14655000000,,0.288,,,,,,true,false,12,2017-04-01,2018-03-31,0
2018-05-01,42200,2017-03-31,,88300000000,-0.025,,,,,5862000000,0.153,5834000000,0.183,,2716000000,,45.85,40.08,0.066,0.068,0.066,,88345000000,49196000000,0.475,723.27,41974000000,6560000000,-4248000000,-1070000000,14369000000,,0.240,,,,,,true,false,12,2016-04-01,2017-03-31,-1
2018-05-01,42200,2019-03-31,,46500000000,0.013,,,,,2800000000,0.096,2700000000,0.025,,1300000000,,20.28,,,,,,,,,,,,,,,,,,,,,,true,true,6,2018-04-01,2018-09-30,1
2018-05-01,42200,2019-03-31,,100000000000,0.057,,,,,6300000000,0.167,6100000000,0.127,,2900000000,,45.24,,,,,,,,,,,,,,,,0.287,,,,,,true,true,12,2018-04-01,2019-03-31,1
2018-05-01,42200,2018-03-31,,40843000000,0.076,,,,,1344000000,0.324,3085000000,0.251,2541000000,,0.244,41.69,38.17,,,,,61525000000,42976000000,0.699,670.38,42976000000,,,,,12.00,,,,66113819,2005811,60956449,false,false,12,2017-04-01,2018-03-31,0
2018-05-01,42200,2017-03-31,,37962000000,-0.040,,,,,1015000000,0.204,2466000000,0.361,2042000000,,0.224,34.47,30.13,,,,,57222000000,37883000000,0.662,652.78,37883000000,,,,,11.00,,,,66113819,8079834,59250061,false,false,12,2016-04-01,2017-03-31,-1
2018-05-01,42200,2019-03-31,,21000000000,0.059,,,,,,,1200000000,0.039,900000000,,-0.077,14.04,,,,,,,,,,,,,,,,,,,,,,false,true,6,2018-04-01,2018-09-30,1
2018-05-01,42200,2019-03-31,,43000000000,0.053,,,,,,,3400000000,0.102,2600000000,,0.023,40.56,,,,,,,,,,,,,,,13.00,,,,,,,false,true,12,2018-04-01,2019-03-31,1
2018-07-30,42200,2019-03-31,1,23546000000,0.031,,,,,1501000000,0.127,1591000000,0.172,,849000000,,13.25,12.75,,,,,90977000000,53745000000,0.514,,46781000000,,,,,,,,,,,,true,false,3,2018-04-01,2018-06-30,0
2018-07-30,42200,2018-03-31,1,22831000000,0.073,,,,,1331000000,0.002,1357000000,0.167,,610000000,,10.52,9.17,,,,,,,,,,,,,,,,,,,,,true,false,3,2017-04-01,2017-06-30,-1
2018-07-30,42200,2019-03-31,1,46500000000,0.013,,,,,2800000000,0.096,2700000000,0.025,,1300000000,,20.28,,,,,,,,,,,,,,,,,,,,,,true,true,6,2018-04-01,2018-09-30,0
2018-07-30,42200,2019-03-31,1,100000000000,0.057,,,,,6300000000,0.167,6100000000,0.127,,2900000000,,45.24,,,,,,,,,,,,,,,,,,,,,,true,true,12,2018-04-01,2019-03-31,0
2018-07-30,42200,2018-03-31,1,,,,,,,,,,,,,,,,,,,,91866000000,54854000000,0.514,,47173000000,,,,,,,,,,,,true,false,12,2017-04-01,2018-03-31,-1
2018-07-30,42200,2018-03-31,1,,,,,,,,,,,,,,,,,,,,,,,,,,,,,12.00,,,,66113819,2005873,,false,false,12,2017-04-01,2018-03-31,-1
2018-07-30,42200,2019-03-31,1,,,,,,,,,,,,,,,,,,,,,,,,,,,,,13.00,,,,,,,false,true,12,2018-04-01,2019-03-31,0
2018-07-30,42200,2019-03-31,1,,,,,,,,,,,,,,,,,,,,,,,,,,,,,,,,,66113819,1990573,64114021,false,false,3,2018-04-01,2018-06-30,0
2018-07-30,42200,2018-03-31,1,,,,,,,,,,,,,,,,,,,,,,,,,,,,,,,,,,,58035849,false,false,3,2017-04-01,2017-06-30,-1
2018-10-31,42200,2019-03-31,2,47252000000,0.030,,,,,2705000000,0.059,2777000000,0.054,,1606000000,,25.04,24.12,,,,,93058000000,55477000000,0.517,,48155000000,,,,,,,,,,,,true,false,6,2018-04-01,2018-09-30,0
2018-10-31,42200,2018-03-31,2,45890000000,0.063,,,,,2554000000,-0.123,2634000000,-0.016,,1202000000,,20.36,18.07,,,,,,,,,,,,,,,,,,,,,true,false,6,2017-04-01,2017-09-30,-1
2018-10-31,42200,2019-03-31,2,100000000000,0.057,,,,,6300000000,0.167,6100000000,0.127,,2900000000,,45.24,,,,,,,,,,,,,,,,,,,,,,true,true,12,2018-04-01,2019-03-31,0
2018-10-31,42200,2018-03-31,2,,,,,,,,,,,,,,,,,,,,91866000000,54854000000,0.514,,47173000000,,,,,,,,,,,,true,false,12,2017-04-01,2018-03-31,-1
2018-10-31,42200,2018-03-31,2,,,,,,,,,,,,,,,,,,,,,,,,,,,,,12.00,,,,66113819,2005873,,false,false,12,2017-04-01,2018-03-31,-1
2018-10-31,42200,2019-03-31,2,,,,,,,,,,,,,,,,,,,,,,,,,,,,,6.00,,,,,,,false,false,12,2018-04-01,2019-03-31,0
2018-10-31,42200,2019-03-31,2,,,,,,,,,,,,,,,,,,,,,,,,,,,,,13.00,,,,,,,false,true,12,2018-04-01,2019-03-31,0
2018-10-31,42200,2019-03-31,2,,,,,,,,,,,,,,,,,,,,,,,,,,,,,,,,,66113819,1607307,64174969,false,false,6,2018-04-01,2018-09-30,0
2018-10-31,42200,2018-03-31,2,,,,,,,,,,,,,,,,,,,,,,,,,,,,,,,,,,,59055485,false,false,6,2017-04-01,2017-09-30,-1
2019-01-31,42200,2019-03-31,3,71781000000,0.030,,,,,4138000000,0.062,4227000000,0.051,,2361000000,,36.67,35.45,,,,,96010000000,55605000000,0.503,,48259000000,,,,,,,,,,,,true,false,9,2018-04-01,2018-12-31,0
2019-01-31,42200,2018-03-31,3,69678000000,0.076,,,,,3897000000,-0.080,4022000000,-0.063,,1850000000,,30.83,27.79,,,,,,,,,,,,,,,,,,,,,true,false,9,2017-04-01,2017-12-31,-1
2019-01-31,42200,2019-03-31,3,100000000000,0.057,,,,,6300000000,0.167,6100000000,0.127,,2900000000,,45.24,,,,,,,,,,,,,,,,,,,,,,true,true,12,2018-04-01,2019-03-31,0
2019-01-31,42200,2018-03-31,3,,,,,,,,,,,,,,,,,,,,91866000000,54854000000,0.514,,47173000000,,,,,,,,,,,,true,false,12,2017-04-01,2018-03-31,-1
2019-01-31,42200,2018-03-31,3,,,,,,,,,,,,,,,,,,,,,,,,,,,,,12.00,,,,66113819,2005873,,false,false,12,2017-04-01,2018-03-31,-1
2019-01-31,42200,2019-03-31,3,,,,,,,,,,,,,,,,,,,,,,,,,,,,,6.00,,,,,,,false,false,12,2018-04-01,2019-03-31,0
2019-01-31,42200,2019-03-31,3,,,,,,,,,,,,,,,,,,,,,,,,,,,,,13.00,,,,,,,false,true,12,2018-04-01,2019-03-31,0
2019-01-31,42200,2019-03-31,3,,,,,,,,,,,,,,,,,,,,,,,,,,,,,,,,,66113819,1156795,64405803,false,false,9,2018-04-01,2018-12-31,0
2019-01-31,42200,2018-03-31,3,,,,,,,,,,,,,,,,,,,,,,,,,,,,,,,,,,,60011922,false,false,9,2017-04-01,2017-12-31,-1
2019-05-07,42200,2019-03-31,,97813000000,0.034,,,,,5761000000,0.067,5869000000,0.085,,3060000000,,47.43,45.93,0.064,0.063,0.059,,95207000000,56478000000,0.514,753.31,48942000000,7317000000,-3232000000,-1562000000,17036000000,,0.295,,,,,,true,false,12,2018-04-01,2019-03-31,0
2019-05-07,42200,2018-03-31,,94601000000,0.071,,,,,5399000000,-0.079,5410000000,-0.073,,2538000000,,41.64,38.12,0.057,0.060,0.057,,91866000000,54854000000,0.514,735.85,47173000000,5671000000,-3621000000,-1866000000,14655000000,,0.288,,,,,,true,false,12,2017-04-01,2018-03-31,-1
2019-05-07,42200,2020-03-31,,50000000000,0.058,,,,,2800000000,0.035,2800000000,0.008,,1300000000,,20.01,,,,,,,,,,,,,,,,,,,,,,true,true,6,2019-04-01,2019-09-30,1
2019-05-07,42200,2020-03-31,,105000000000,0.073,,,,,6500000000,0.128,6500000000,0.107,,3700000000,,56.95,,,,,,,,,,,,,,,,0.281,,,,,,true,true,12,2019-04-01,2020-03-31,1
2019-05-07,42200,2019-03-31,,42769000000,0.047,,,,,1815000000,0.350,3614000000,0.171,3054000000,,0.202,47.33,45.84,,,,,63113000000,45051000000,0.714,693.42,45051000000,,,,,14.00,,,,66113819,1144315,64534937,false,false,12,2018-04-01,2019-03-31,0
2019-05-07,42200,2018-03-31,,40843000000,0.076,,,,,1344000000,0.324,3085000000,0.251,2541000000,,0.244,41.69,38.17,,,,,61525000000,42976000000,0.699,670.38,42976000000,,,,,12.00,,,,66113819,2005873,60956444,false,false,12,2017-04-01,2018-03-31,-1
2019-05-07,42200,2020-03-31,,21000000000,-0.009,,,,,,,1300000000,-0.121,1000000000,,-0.299,15.39,,,,,,,,,,,,,,,,,,,,,,false,true,6,2019-04-01,2019-09-30,1
2019-05-07,42200,2020-03-31,,44000000000,0.029,,,,,,,3700000000,0.024,3000000000,,-0.018,46.18,,,,,,,,,,,,,,,16.00,,,,,,,false,true,12,2019-04-01,2020-03-31,1
2019-07-31,42200,2020-03-31,1,24555000000,0.043,,,,,1378000000,-0.082,1396000000,-0.122,,725000000,,11.16,10.88,,,,,95768000000,56518000000,0.514,,49248000000,,,,,,,,,,,,true,false,3,2019-04-01,2019-06-30,0
2019-07-31,42200,2019-03-31,1,23546000000,0.031,,,,,1501000000,0.127,1591000000,0.172,,849000000,,13.25,12.75,,,,,,,,,,,,,,,,,,,,,true,false,3,2018-04-01,2018-06-30,-1
2019-07-31,42200,2020-03-31,1,50000000000,0.058,,,,,2800000000,0.035,2800000000,0.008,,1300000000,,20.01,,,,,,,,,,,,,,,,,,,,,,true,true,6,2019-04-01,2019-09-30,0
2019-07-31,42200,2020-03-31,1,105000000000,0.073,,,,,6500000000,0.128,6500000000,0.107,,3700000000,,56.95,,,,,,,,,,,,,,,,,,,,,,true,true,12,2019-04-01,2020-03-31,0
2019-07-31,42200,2019-03-31,1,,,,,,,,,,,,,,,,,,,,95207000000,56478000000,0.514,,48942000000,,,,,,,,,,,,true,false,12,2018-04-01,2019-03-31,-1
2019-07-31,42200,2019-03-31,1,,,,,,,,,,,,,,,,,,,,,,,,,,,,,14.00,,,,66113819,1144315,,false,false,12,2018-04-01,2019-03-31,-1
2019-07-31,42200,2020-03-31,1,,,,,,,,,,,,,,,,,,,,,,,,,,,,,16.00,,,,,,,false,true,12,2019-04-01,2020-03-31,0
2019-07-31,42200,2020-03-31,1,,,,,,,,,,,,,,,,,,,,,,,,,,,,,,,,,66113819,1125463,64976880,false,false,3,2019-04-01,2019-06-30,0
2019-07-31,42200,2019-03-31,1,,,,,,,,,,,,,,,,,,,,,,,,,,,,,,,,,,,64114021,false,false,3,2018-04-01,2018-06-30,-1
2019-10-31,42200,2020-03-31,2,49541000000,0.048,,,,,2753000000,0.017,2770000000,-0.003,,1432000000,,22.15,21.58,,,,,94102000000,56771000000,0.524,,49334000000,,,,,,,,,,,,true,false,6,2019-04-01,2019-09-30,0
2019-10-31,42200,2019-03-31,2,47252000000,0.030,,,,,2705000000,0.059,2777000000,0.054,,1606000000,,25.04,24.12,,,,,,,,,,,,,,,,,,,,,true,false,6,2018-04-01,2018-09-30,-1
2019-10-31,42200,2020-03-31,2,105000000000,0.073,,,,,6500000000,0.128,6500000000,0.107,,3700000000,,56.95,,,,,,,,,,,,,,,,,,,,,,true,true,12,2019-04-01,2020-03-31,0
2019-10-31,42200,2019-03-31,2,,,,,,,,,,,,,,,,,,,,95207000000,56478000000,0.514,,48942000000,,,,,,,,,,,,true,false,12,2018-04-01,2019-03-31,-1
2019-10-31,42200,2019-03-31,2,,,,,,,,,,,,,,,,,,,,,,,,,,,,,14.00,,,,66113819,1144315,,false,false,12,2018-04-01,2019-03-31,-1
2019-10-31,42200,2020-03-31,2,,,,,,,,,,,,,,,,,,,,,,,,,,,,,8.00,,,,,,,false,false,12,2019-04-01,2020-03-31,0
2019-10-31,42200,2020-03-31,2,,,,,,,,,,,,,,,,,,,,,,,,,,,,,16.00,,,,,,,false,true,12,2019-04-01,2020-03-31,0
2019-10-31,42200,2020-03-31,2,,,,,,,,,,,,,,,,,,,,,,,,,,,,,,,,,66113819,2364028,64684322,false,false,6,2019-04-01,2019-09-30,0
2019-10-31,42200,2019-03-31,2,,,,,,,,,,,,,,,,,,,,,,,,,,,,,,,,,,,64174969,false,false,6,2018-04-01,2018-09-30,-1
2020-01-31,42200,2020-03-31,3,74132000000,0.033,,,,,4068000000,-0.017,4193000000,-0.008,,2228000000,,34.84,33.93,,,,,93046000000,56459000000,0.529,,49231000000,,,,,,,,,,,,true,false,9,2019-04-01,2019-12-31,0
2020-01-31,42200,2019-03-31,3,71781000000,0.030,,,,,4138000000,0.062,4227000000,0.051,,2361000000,,36.67,35.45,,,,,,,,,,,,,,,,,,,,,true,false,9,2018-04-01,2018-12-31,-1
2020-01-31,42200,2020-03-31,3,98000000000,0.002,,,,,5300000000,-0.080,5300000000,-0.097,,2700000000,,42.22,,,,,,,,,,,,,,,,,,,,,,true,true,12,2019-04-01,2020-03-31,0
2020-01-31,42200,2019-03-31,3,,,,,,,,,,,,,,,,,,,,95207000000,56478000000,0.514,,48942000000,,,,,,,,,,,,true,false,12,2018-04-01,2019-03-31,-1
2020-01-31,42200,2019-03-31,3,,,,,,,,,,,,,,,,,,,,,,,,,,,,,14.00,,,,66113819,1144315,,false,false,12,2018-04-01,2019-03-31,-1
2020-01-31,42200,2020-03-31,3,,,,,,,,,,,,,,,,,,,,,,,,,,,,,8.00,,,,,,,false,false,12,2019-04-01,2020-03-31,0
2020-01-31,42200,2020-03-31,3,,,,,,,,,,,,,,,,,,,,,,,,,,,,,16.00,,,,,,,false,true,12,2019-04-01,2020-03-31,0
2020-01-31,42200,2020-03-31,3,,,,,,,,,,,,,,,,,,,,,,,,,,,,,,,,,66113819,3840759,63957340,false,false,9,2019-04-01,2019-12-31,0
2020-01-31,42200,2019-03-31,3,,,,,,,,,,,,,,,,,,,,,,,,,,,,,,,,,,,64405803,false,false,9,2018-04-01,2018-12-31,-1
2020-01-31,42200,2020-03-31,,98000000000,-0.067,,,,,5300000000,-0.185,5300000000,-0.185,2700000000,,-0.270,42.22,,,,,,,,,,,,,,,,,,,,,,true,true,12,2019-04-01,2020-03-31,0
2020-01-31,42200,2019-03-31,,97813000000,,,,,,5761000000,,5869000000,,3060000000,,,47.43,,,,,,,,,,,,,,,,,,,,,,true,false,12,2018-04-01,2019-03-31,-1
2020-01-31,42200,2020-03-31,,41500000000,-0.057,,,,,,,3300000000,-0.108,2700000000,,-0.100,42.22,,,,,,,,,,,,,,,,,,,,,,false,true,12,2019-04-01,2020-03-31,0
2020-01-31,42200,2019-03-31,,42769000000,,,,,,,,3614000000,,3054000000,,,47.33,,,,,,,,,,,,,,,,,,,,,,false,false,12,2018-04-01,2019-03-31,-1
2020-04-30,42200,2020-03-31,,98808000000,0.010,,,,,5581000000,-0.031,5670000000,-0.034,,3064000000,,48.11,,0.062,0.061,0.056,,91868000000,57586000000,0.541,788.77,49710000000,8805000000,-2525000000,-5480000000,17812000000,,0.333,,,,,,true,false,12,2019-04-01,2020-03-31,0
2020-04-30,42200,2019-03-31,,97813000000,0.034,,,,,5761000000,0.067,5869000000,0.085,,3060000000,,47.43,45.93,0.064,0.063,0.059,,95207000000,56478000000,0.514,753.31,48942000000,7317000000,-3232000000,-1562000000,17036000000,,0.295,,,,,,true,false,12,2018-04-01,2019-03-31,-1
2020-04-30,42200,2021-03-31,,41500000000,-0.162,,,,,1050000000,-0.619,1000000000,-0.639,,200000000,,3.17,,,,,,,,,,,,,,,,,,,,,,true,true,6,2020-04-01,2020-09-30,1
2020-04-30,42200,2021-03-31,,87500000000,-0.114,,,,,3000000000,-0.463,2800000000,-0.506,,1000000000,,15.87,,,,,,,,,,,,,,,,0.378,,,,,,true,true,12,2020-04-01,2021-03-31,1
2020-04-30,42200,2020-03-31,,41655000000,-0.026,,,,,1869000000,0.030,3687000000,0.020,1778000000,,-0.418,27.92,,,,,,60533000000,44438000000,0.734,705.12,44438000000,,,,,16.00,,,,66113819,3091387,63700223,false,false,12,2019-04-01,2020-03-31,0
2020-04-30,42200,2019-03-31,,42769000000,0.047,,,,,1815000000,0.350,3614000000,0.171,3054000000,,0.202,47.33,45.84,,,,,63113000000,45051000000,0.714,693.42,45051000000,,,,,14.00,,,,66113819,1144315,64534937,false,false,12,2018-04-01,2019-03-31,-1
2020-04-30,42200,2021-03-31,,17400000000,-0.173,,,,,,,450000000,-0.730,350000000,,-0.751,5.55,,,,,,,,,,,,,,,,,,,,,,false,true,6,2020-04-01,2020-09-30,1
2020-04-30,42200,2021-03-31,,37000000000,-0.112,,,,,,,2000000000,-0.458,1600000000,,-0.100,25.39,,,,,,,,,,,,,,,6.00,,,,,,,false,true,12,2020-04-01,2021-03-31,1
2020-07-31,42200,2021-03-31,1,21696000000,-0.116,,,,,913000000,-0.337,946000000,-0.322,,348000000,,5.53,,,,,,90148000000,56422000000,0.548,,49411000000,,,,,,,,,,,,true,false,3,2020-04-01,2020-06-30,0
2020-07-31,42200,2020-03-31,1,24555000000,0.043,,,,,1378000000,-0.082,1396000000,-0.122,,725000000,,11.16,10.88,,,,,,,,,,,,,,,,,,,,,true,false,3,2019-04-01,2019-06-30,-1
2020-07-31,42200,2021-03-31,1,41500000000,-0.162,,,,,1050000000,-0.619,1000000000,-0.639,,200000000,,3.17,,,,,,,,,,,,,,,,,,,,,,true,true,6,2020-04-01,2020-09-30,0
2020-07-31,42200,2021-03-31,1,87500000000,-0.114,,,,,3000000000,-0.463,2800000000,-0.506,,1000000000,,15.87,,,,,,,,,,,,,,,,,,,,,,true,true,12,2020-04-01,2021-03-31,0
2020-07-31,42200,2020-03-31,1,,,,,,,,,,,,,,,,,,,,91868000000,57586000000,0.541,,49710000000,,,,,,,,,,,,true,false,12,2019-04-01,2020-03-31,-1
2020-07-31,42200,2020-03-31,1,,,,,,,,,,,,,,,,,,,,,,,,,,,,,16.00,,,,66113819,3091387,,false,false,12,2019-04-01,2020-03-31,-1
2020-07-31,42200,2021-03-31,1,,,,,,,,,,,,,,,,,,,,,,,,,,,,,6.00,,,,,,,false,true,12,2020-04-01,2021-03-31,0
2020-07-31,42200,2021-03-31,1,,,,,,,,,,,,,,,,,,,,,,,,,,,,,,,,,66113819,3066387,63032057,false,false,3,2020-04-01,2020-06-30,0
2020-07-31,42200,2020-03-31,1,,,,,,,,,,,,,,,,,,,,,,,,,,,,,,,,,,,64976880,false,false,3,2019-04-01,2019-06-30,-1
2020-10-30,42200,2021-03-31,2,40589000000,-0.181,,,,,1672000000,-0.392,1737000000,-0.373,,811000000,,12.87,,,,,,88465000000,57806000000,0.570,,50438000000,,,,,,,,,,,,true,false,6,2020-04-01,2020-09-30,0
2020-10-30,42200,2020-03-31,2,49541000000,0.048,,,,,2753000000,0.017,2770000000,-0.003,,1432000000,,22.15,21.58,,,,,,,,,,,,,,,,,,,,,true,false,6,2019-04-01,2019-09-30,-1
2020-10-30,42200,2021-03-31,2,85000000000,-0.140,,,,,4100000000,-0.265,4200000000,-0.259,,2000000000,,31.64,,,,,,,,,,,,,,,,,,,,,,true,true,12,2020-04-01,2021-03-31,0
2020-10-30,42200,2020-03-31,2,,,,,,,,,,,,,,,,,,,,91868000000,57586000000,0.541,,49710000000,,,,,,,,,,,,true,false,12,2019-04-01,2020-03-31,-1
2020-10-30,42200,2020-03-31,2,,,,,,,,,,,,,,,,,,,,,,,,,,,,,16.00,,,,66113819,3091387,,false,false,12,2019-04-01,2020-03-31,-1
2020-10-30,42200,2021-03-31,2,,,,,,,,,,,,,,,,,,,,,,,,,,,,,4.00,,,,,,,false,false,12,2020-04-01,2021-03-31,0
2020-10-30,42200,2021-03-31,2,,,,,,,,,,,,,,,,,,,,,,,,,,,,,12.00,,,,,,,false,true,12,2020-04-01,2021-03-31,0
2020-10-30,42200,2021-03-31,2,,,,,,,,,,,,,,,,,,,,,,,,,,,,,,,,,64113819,905508,63105180,false,false,6,2020-04-01,2020-09-30,0
2020-10-30,42200,2020-03-31,2,,,,,,,,,,,,,,,,,,,,,,,,,,,,,,,,,,,64684322,false,false,6,2019-04-01,2019-09-30,-1
2020-10-30,42200,2021-03-31,,85000000000,-0.029,,,,,4100000000,0.367,4200000000,0.500,2000000000,,1.000,31.64,,,,,,,,,,,,,,,,,,,,,,true,true,12,2020-04-01,2021-03-31,0
2020-10-30,42200,2020-03-31,,98808000000,,,,,,5581000000,,5670000000,,3064000000,,,48.11,,,,,,,,,,,,,,,,,,,,,,true,false,12,2019-04-01,2020-03-31,-1
2020-10-30,42200,2021-03-31,,33300000000,-0.100,,,,,,,2200000000,0.100,1900000000,,0.188,30.06,,,,,,,,,,,,,,,,,,,,,,false,true,12,2020-04-01,2021-03-31,0
2020-10-30,42200,2020-03-31,,41655000000,,,,,,,,3687000000,,1778000000,,,27.92,,,,,,,,,,,,,,,,,,,,,,false,false,12,2019-04-01,2020-03-31,-1
2021-01-29,42200,2021-03-31,3,63370000000,-0.145,,,,,3449000000,-0.152,3562000000,-0.150,,2021000000,,32.02,,,,,,92048000000,58790000000,0.563,,51825000000,,,,,,,,,,,,true,false,9,2020-04-01,2020-12-31,0
2021-01-29,42200,2020-03-31,3,74132000000,0.033,,,,,4068000000,-0.017,4193000000,-0.008,,2228000000,,34.84,33.93,,,,,,,,,,,,,,,,,,,,,true,false,9,2019-04-01,2019-12-31,-1
2021-01-29,42200,2021-03-31,3,87000000000,-0.120,,,,,4800000000,-0.140,4900000000,-0.136,,2500000000,,39.54,,,,,,,,,,,,,,,,,,,,,,true,true,12,2020-04-01,2021-03-31,0
2021-01-29,42200,2020-03-31,3,,,,,,,,,,,,,,,,,,,,91868000000,57586000000,0.541,,49710000000,,,,,,,,,,,,true,false,12,2019-04-01,2020-03-31,-1
2021-01-29,42200,2020-03-31,3,,,,,,,,,,,,,,,,,,,,,,,,,,,,,16.00,,,,66113819,3091387,,false,false,12,2019-04-01,2020-03-31,-1
2021-01-29,42200,2021-03-31,3,,,,,,,,,,,,,,,,,,,,,,,,,,,,,4.00,,,,,,,false,false,12,2020-04-01,2021-03-31,0
2021-01-29,42200,2021-03-31,3,,,,,,,,,,,,,,,,,,,,,,,,,,,,,14.00,,,,,,,false,true,12,2020-04-01,2021-03-31,0
2021-01-29,42200,2021-03-31,3,,,,,,,,,,,,,,,,,,,,,,,,,,,,,,,,,64113819,881608,63140169,false,false,9,2020-04-01,2020-12-31,0
2021-01-29,42200,2020-03-31,3,,,,,,,,,,,,,,,,,,,,,,,,,,,,,,,,,,,63957340,false,false,9,2019-04-01,2019-12-31,-1
2021-01-29,42200,2021-03-31,,87000000000,0.024,,,,,4800000000,0.171,4900000000,0.167,2500000000,,0.250,39.54,,,,,,,,,,,,,,,,,,,,,,true,true,12,2020-04-01,2021-03-31,0
2021-01-29,42200,2020-03-31,,98808000000,,,,,,5581000000,,5670000000,,3064000000,,,48.11,,,,,,,,,,,,,,,,,,,,,,true,false,12,2019-04-01,2020-03-31,-1
2021-01-29,42200,2021-03-31,,34300000000,0.030,,,,,,,2700000000,0.227,2300000000,,0.211,36.37,,,,,,,,,,,,,,,14.00,,,,,,,false,true,12,2020-04-01,2021-03-31,0
2021-01-29,42200,2020-03-31,,41655000000,,,,,,,,3687000000,,1778000000,,,27.92,,,,,,,,,,,,,,,16.00,,,,,,,false,false,12,2019-04-01,2020-03-31,-1
2021-01-29,42200,2021-03-31,,,,,,,,,,,,,,,,,,,,,,,,,,,,,,4.00,,,,,,,false,false,12,2020-04-01,2021-03-31,0
2021-04-30,42200,2021-03-31,,88224000000,-0.107,,,,,5313000000,-0.048,5652000000,-0.003,,3234000000,,51.22,,0.063,0.060,0.060,,95208000000,61076000000,0.564,852.51,53741000000,9387000000,-3002000000,-2796000000,21080000000,,0.312,,,,,,true,false,12,2020-04-01,2021-03-31,0
2021-04-30,42200,2020-03-31,,98808000000,0.010,,,,,5581000000,-0.031,5670000000,-0.034,,3064000000,,48.11,,0.062,0.061,0.056,,91868000000,57586000000,0.541,788.77,49710000000,8805000000,-2525000000,-5480000000,17812000000,,0.333,,,,,,true,false,12,2019-04-01,2020-03-31,-1
2021-04-30,42200,2022-03-31,,50000000000,0.232,,,,,2300000000,0.375,2300000000,0.324,,1300000000,,20.62,,,,,,,,,,,,,,,,,,,,,,true,true,6,2021-04-01,2021-09-30,1
2021-04-30,42200,2022-03-31,,105000000000,0.190,,,,,6500000000,0.223,6500000000,0.150,,3600000000,,57.11,,,,,,,,,,,,,,,,0.315,,,,,,true,true,12,2021-04-01,2022-03-31,1
2021-04-30,42200,2021-03-31,,35516000000,-0.147,,,,,1466000000,-0.216,3188000000,-0.135,2652000000,,0.492,42.01,,,,,,65739000000,48140000000,0.732,763.66,48140000000,,,,,16.00,,,,64113819,1074844,63146542,false,false,12,2020-04-01,2021-03-31,0
2021-04-30,42200,2020-03-31,,41655000000,-0.026,,,,,1869000000,0.030,3687000000,0.020,1778000000,,-0.418,27.92,,,,,,60533000000,44438000000,0.734,705.12,44438000000,,,,,16.00,,,,66113819,3091387,63700223,false,false,12,2019-04-01,2020-03-31,-1
2021-04-30,42200,2022-03-31,,18500000000,0.146,,,,,,,700000000,-0.166,600000000,,-0.193,9.52,,,,,,,,,,,,,,,,,,,,,,false,true,6,2021-04-01,2021-09-30,1
2021-04-30,42200,2022-03-31,,40000000000,0.126,,,,,,,3200000000,0.004,2700000000,,0.018,42.83,,,,,,,,,,,,,,,18.00,,,,,,,false,true,12,2021-04-01,2022-03-31,1
2021-07-30,42200,2022-03-31,1,24870000000,0.146,,,,,1657000000,0.814,1798000000,0.900,,1145000000,,18.17,,,,,,98433000000,62032000000,0.556,,54731000000,,,,,,,,,,,,true,false,3,2021-04-01,2021-06-30,0
2021-07-30,42200,2021-03-31,1,21696000000,-0.116,,,,,913000000,-0.337,946000000,-0.322,,348000000,,5.53,,,,,,,,,,,,,,,,,,,,,,true,false,3,2020-04-01,2020-06-30,-1
2021-07-30,42200,2022-03-31,1,50000000000,0.232,,,,,2300000000,0.375,2300000000,0.324,,1300000000,,20.62,,,,,,,,,,,,,,,,,,,,,,true,true,6,2021-04-01,2021-09-30,0
2021-07-30,42200,2022-03-31,1,105000000000,0.190,,,,,6500000000,0.223,6500000000,0.150,,3600000000,,57.11,,,,,,,,,,,,,,,,,,,,,,true,true,12,2021-04-01,2022-03-31,0
2021-07-30,42200,2021-03-31,1,,,,,,,,,,,,,,,,,,,,95208000000,61076000000,0.564,,53741000000,,,,,,,,,,,,true,false,12,2020-04-01,2021-03-31,-1
2021-07-30,42200,2021-03-31,1,,,,,,,,,,,,,,,,,,,,,,,,,,,,,16.00,,,,64113819,1074844,,false,false,12,2020-04-01,2021-03-31,-1
2021-07-30,42200,2022-03-31,1,,,,,,,,,,,,,,,,,,,,,,,,,,,,,18.00,,,,,,,false,true,12,2021-04-01,2022-03-31,0
2021-07-30,42200,2022-03-31,1,,,,,,,,,,,,,,,,,,,,,,,,,,,,,,,,,64113819,1062454,63045347,false,false,3,2021-04-01,2021-06-30,0
2021-07-30,42200,2021-03-31,1,,,,,,,,,,,,,,,,,,,,,,,,,,,,,,,,,,,63032057,false,false,3,2020-04-01,2020-06-30,-1
2021-10-29,42200,2022-03-31,2,50965000000,0.256,,,,,3076000000,0.839,3307000000,0.904,,2137000000,,33.90,,,,,,99881000000,63127000000,0.558,,55783000000,,,,,,,,,,,,true,false,6,2021-04-01,2021-09-30,0
2021-10-29,42200,2021-03-31,2,40589000000,-0.181,,,,,1672000000,-0.392,1737000000,-0.373,,811000000,,12.87,,,,,,,,,,,,,,,,,,,,,,true,false,6,2020-04-01,2020-09-30,-1
2021-10-29,42200,2022-03-31,2,105000000000,0.190,,,,,6500000000,0.223,6500000000,0.150,,3600000000,,57.11,,,,,,,,,,,,,,,,,,,,,,true,true,12,2021-04-01,2022-03-31,0
2021-10-29,42200,2021-03-31,2,,,,,,,,,,,,,,,,,,,,95208000000,61076000000,0.564,,53741000000,,,,,,,,,,,,true,false,12,2020-04-01,2021-03-31,-1
2021-10-29,42200,2021-03-31,2,,,,,,,,,,,,,,,,,,,,,,,,,,,,,16.00,,,,64113819,1074844,,false,false,12,2020-04-01,2021-03-31,-1
2021-10-29,42200,2022-03-31,2,,,,,,,,,,,,,,,,,,,,,,,,,,,,,8.00,,,,,,,false,false,12,2021-04-01,2022-03-31,0
2021-10-29,42200,2022-03-31,2,,,,,,,,,,,,,,,,,,,,,,,,,,,,,18.00,,,,,,,false,true,12,2021-04-01,2022-03-31,0
2021-10-29,42200,2022-03-31,2,,,,,,,,,,,,,,,,,,,,,,,,,,,,,,,,,64113819,1020185,63064203,false,false,6,2021-04-01,2021-09-30,0
2021-10-29,42200,2021-03-31,2,,,,,,,,,,,,,,,,,,,,,,,,,,,,,,,,,,,63105180,false,false,6,2020-04-01,2020-09-30,-1
2022-01-31,42200,2022-03-31,3,78376000000,0.237,,,,,4590000000,0.331,5011000000,0.407,,3328000000,,52.77,,,,,,101353000000,63934000000,0.559,,56662000000,,,,,,,,,,,,true,false,9,2021-04-01,2021-12-31,0
2022-01-31,42200,2021-03-31,3,63370000000,-0.145,,,,,3449000000,-0.152,3562000000,-0.150,,2021000000,,32.02,,,,,,,,,,,,,,,,,,,,,,true,false,9,2020-04-01,2020-12-31,-1
2022-01-31,42200,2022-03-31,3,105000000000,0.190,,,,,6500000000,0.223,6500000000,0.150,,3600000000,,57.11,,,,,,,,,,,,,,,,,,,,,,true,true,12,2021-04-01,2022-03-31,0
2022-01-31,42200,2021-03-31,3,,,,,,,,,,,,,,,,,,,,95208000000,61076000000,0.564,,53741000000,,,,,,,,,,,,true,false,12,2020-04-01,2021-03-31,-1
2022-01-31,42200,2021-03-31,3,,,,,,,,,,,,,,,,,,,,,,,,,,,,,16.00,,,,64113819,1074844,,false,false,12,2020-04-01,2021-03-31,-1
2022-01-31,42200,2022-03-31,3,,,,,,,,,,,,,,,,,,,,,,,,,,,,,8.00,,,,,,,false,false,12,2021-04-01,2022-03-31,0
2022-01-31,42200,2022-03-31,3,,,,,,,,,,,,,,,,,,,,,,,,,,,,,18.00,,,,,,,false,true,12,2021-04-01,2022-03-31,0
2022-01-31,42200,2022-03-31,3,,,,,,,,,,,,,,,,,,,,,,,,,,,,,,,,,64113819,989695,63077439,false,false,9,2021-04-01,2021-12-31,0
2022-01-31,42200,2021-03-31,3,,,,,,,,,,,,,,,,,,,,,,,,,,,,,,,,,,,63140169,false,false,9,2020-04-01,2020-12-31,-1
2022-05-02,42200,2022-03-31,,109923000000,0.246,,,,,6292000000,0.184,6889000000,0.219,,3941000000,,62.47,,0.071,0.070,0.057,,102641000000,65448000000,0.563,914.83,57762000000,4572000000,-2438000000,-2946000000,20677000000,,0.304,,,,,,true,false,12,2021-04-01,2022-03-31,0
2022-05-02,42200,2021-03-31,,88224000000,-0.107,,,,,5313000000,-0.048,5652000000,-0.003,,3234000000,,51.22,,0.063,0.060,0.060,,95208000000,61076000000,0.564,852.51,53741000000,9387000000,-3002000000,-2796000000,21080000000,,0.312,,,,,,true,false,12,2020-04-01,2021-03-31,-1
2022-05-02,42200,2023-03-31,,60000000000,0.177,,,,,2800000000,-0.090,2800000000,-0.154,,1400000000,,22.17,,,,,,,,,,,,,,,,,,,,,,true,true,6,2022-04-01,2022-09-30,1
2022-05-02,42200,2023-03-31,,125000000000,0.137,,,,,6500000000,0.033,6500000000,-0.056,,3300000000,,52.26,,,,,,,,,,,,,,,,0.364,,,,,,true,true,12,2022-04-01,2023-03-31,1
2022-05-02,42200,2022-03-31,,43578000000,0.227,,,,,2567000000,0.750,4260000000,0.336,3615000000,,0.363,57.30,,,,,,71698000000,50805000000,0.709,804.64,50805000000,,,,,19.00,,,,64113819,973846,63090216,false,false,12,2021-04-01,2022-03-31,0
2022-05-02,42200,2021-03-31,,35516000000,-0.147,,,,,1466000000,-0.216,3188000000,-0.135,2652000000,,0.492,42.01,,,,,,65739000000,48140000000,0.732,763.66,48140000000,,,,,16.00,,,,64113819,1074844,63146542,false,false,12,2020-04-01,2021-03-31,-1
2022-05-02,42200,2023-03-31,,28500000000,,,,,,,,1300000000,,1000000000,,,15.84,,,,,,,,,,,,,,,,,,,,,,false,true,6,2022-04-01,2022-09-30,1
2022-05-02,42200,2023-03-31,,59000000000,0.354,,,,,,,4400000000,0.033,3300000000,,-0.087,52.26,,,,,,,,,,,,,,,19.00,,,,,,,false,true,12,2022-04-01,2023-03-31,1
2022-07-29,42200,2023-03-31,1,29721000000,0.195,,,,,2055000000,0.240,2461000000,0.368,,1511000000,,23.93,,,,,,106724000000,66747000000,0.551,,58791000000,,,,,,,,,,,,true,false,3,2022-04-01,2022-06-30,0
2022-07-29,42200,2022-03-31,1,24870000000,0.146,,,,,1657000000,0.814,1798000000,0.900,,1145000000,,18.17,,,,,,,,,,,,,,,,,,,,,,true,false,3,2021-04-01,2021-06-30,-1
2022-07-29,42200,2023-03-31,1,60000000000,0.177,,,,,2800000000,-0.090,2800000000,-0.154,,1400000000,,22.17,,,,,,,,,,,,,,,,,,,,,,true,true,6,2022-04-01,2022-09-30,0
2022-07-29,42200,2023-03-31,1,125000000000,0.137,,,,,6500000000,0.033,6500000000,-0.056,,3300000000,,52.26,,,,,,,,,,,,,,,,,,,,,,true,true,12,2022-04-01,2023-03-31,0
2022-07-29,42200,2022-03-31,1,,,,,,,,,,,,,,,,,,,,102641000000,65448000000,0.563,,57762000000,,,,,,,,,,,,true,false,12,2021-04-01,2022-03-31,-1
2022-07-29,42200,2022-03-31,1,,,,,,,,,,,,,,,,,,,,,,,,,,,,,19.00,,,,64113819,973846,,false,false,12,2021-04-01,2022-03-31,-1
2022-07-29,42200,2023-03-31,1,,,,,,,,,,,,,,,,,,,,,,,,,,,,,19.00,,,,,,,false,true,12,2022-04-01,2023-03-31,0
2022-07-29,42200,2023-03-31,1,,,,,,,,,,,,,,,,,,,,,,,,,,,,,,,,,64113819,943946,63151673,false,false,3,2022-04-01,2022-06-30,0
2022-07-29,42200,2022-03-31,1,,,,,,,,,,,,,,,,,,,,,,,,,,,,,,,,,,,63045347,false,false,3,2021-04-01,2021-06-30,-1
2022-10-31,42200,2023-03-31,2,59527000000,0.168,,,,,3498000000,0.137,4040000000,0.221,,2377000000,,37.64,,,,,,112265000000,69767000000,0.542,,60842000000,,,,,,,,,,,,true,false,6,2022-04-01,2022-09-30,0
2022-10-31,42200,2022-03-31,2,50965000000,0.256,,,,,3076000000,0.839,3307000000,0.904,,2137000000,,33.90,,,,,,,,,,,,,,,,,,,,,,true,false,6,2021-04-01,2021-09-30,-1
2022-10-31,42200,2023-03-31,2,125000000000,0.137,,,,,7100000000,0.128,7600000000,0.103,,4000000000,,63.28,,,,,,,,,,,,,,,,,,,,,,true,true,12,2022-04-01,2023-03-31,0
2022-10-31,42200,2022-03-31,2,,,,,,,,,,,,,,,,,,,,102641000000,65448000000,0.563,,57762000000,,,,,,,,,,,,true,false,12,2021-04-01,2022-03-31,-1
2022-10-31,42200,2022-03-31,2,,,,,,,,,,,,,,,,,,,,,,,,,,,,,19.00,,,,64113819,973846,,false,false,12,2021-04-01,2022-03-31,-1
2022-10-31,42200,2023-03-31,2,,,,,,,,,,,,,,,,,,,,,,,,,,,,,9.00,,,,,,,false,false,12,2022-04-01,2023-03-31,0
2022-10-31,42200,2023-03-31,2,,,,,,,,,,,,,,,,,,,,,,,,,,,,,23.00,,,,,,,false,true,12,2022-04-01,2023-03-31,0
2022-10-31,42200,2023-03-31,2,,,,,,,,,,,,,,,,,,,,,,,,,,,,,,,,,64113819,904301,63174340,false,false,6,2022-04-01,2022-09-30,0
2022-10-31,42200,2022-03-31,2,,,,,,,,,,,,,,,,,,,,,,,,,,,,,,,,,,,63064203,false,false,6,2021-04-01,2021-09-30,-1
2022-10-31,42200,2023-03-31,,59527000000,-0.008,,,,,3498000000,0.250,4040000000,0.443,,2377000000,,37.64,,,,,,,,,,,,,,,,,,,,,,true,true,6,2022-04-01,2022-09-30,0
2022-10-31,42200,2022-03-31,,50965000000,,,,,,3076000000,,3307000000,,,2137000000,,33.90,,,,,,,,,,,,,,,,,,,,,,true,false,6,2021-04-01,2021-09-30,-1
2022-10-31,42200,2023-03-31,,125000000000,0.000,,,,,7100000000,0.092,7600000000,0.169,,4000000000,,63.28,,,,,,,,,,,,,,,,,,,,,,true,true,12,2022-04-01,2023-03-31,0
2022-10-31,42200,2022-03-31,,109923000000,,,,,,6292000000,,6889000000,,,3941000000,,62.47,,,,,,,,,,,,,,,,,,,,,,true,false,12,2021-04-01,2022-03-31,-1
2022-10-31,42200,2023-03-31,,27729000000,-0.027,,,,,,,2392000000,0.840,1842000000,,0.843,29.17,,,,,,,,,,,,,,,,,,,,,,false,true,6,2022-04-01,2022-09-30,0
2022-10-31,42200,2023-03-31,,59000000000,0.000,,,,,,,5100000000,0.159,3900000000,,0.182,61.70,,,,,,,,,,,,,,,,,,,,,,false,true,12,2022-04-01,2023-03-31,0
2022-10-31,42200,2022-03-31,,43578000000,,,,,,,,4260000000,,3615000000,,,57.30,,,,,,,,,,,,,,,,,,,,,,false,false,12,2021-04-01,2022-03-31,-1
2023-01-30,42200,2023-03-31,3,92246000000,0.177,,,,,5638000000,0.228,6048000000,0.207,,3560000000,,56.34,,,,,,113683000000,71720000000,0.550,,62571000000,,,,,,,,,,,,true,false,9,2022-04-01,2022-12-31,0
2023-01-30,42200,2022-03-31,3,78376000000,0.237,,,,,4590000000,0.331,5011000000,0.407,,3328000000,,52.77,,,,,,,,,,,,,,,,,,,,,,true,false,9,2021-04-01,2021-12-31,-1
2023-01-30,42200,2023-03-31,3,125000000000,0.137,,,,,7100000000,0.128,7600000000,0.103,,4000000000,,63.28,,,,,,,,,,,,,,,,,,,,,,true,true,12,2022-04-01,2023-03-31,0
2023-01-30,42200,2022-03-31,3,,,,,,,,,,,,,,,,,,,,102641000000,65448000000,0.563,,57762000000,,,,,,,,,,,,true,false,12,2021-04-01,2022-03-31,-1
2023-01-30,42200,2022-03-31,3,,,,,,,,,,,,,,,,,,,,,,,,,,,,,19.00,,,,64113819,973846,,false,false,12,2021-04-01,2022-03-31,-1
2023-01-30,42200,2023-03-31,3,,,,,,,,,,,,,,,,,,,,,,,,,,,,,9.00,,,,,,,false,false,12,2022-04-01,2023-03-31,0
2023-01-30,42200,2023-03-31,3,,,,,,,,,,,,,,,,,,,,,,,,,,,,,23.00,,,,,,,false,true,12,2022-04-01,2023-03-31,0
2023-01-30,42200,2023-03-31,3,,,,,,,,,,,,,,,,,,,,,,,,,,,,,,,,,64113819,868828,63189981,false,false,9,2022-04-01,2022-12-31,0
2023-01-30,42200,2022-03-31,3,,,,,,,,,,,,,,,,,,,,,,,,,,,,,,,,,,,63077439,false,false,9,2021-04-01,2021-12-31,-1
2023-05-01,42200,2023-03-31,,123497000000,0.123,,,,,7506000000,0.193,7964000000,0.156,,4557000000,,72.11,,0.075,0.074,0.061,,112002000000,72165000000,0.564,999.00,63196000000,8524000000,-3955000000,-2335000000,23454000000,,0.347,,,,,,true,false,12,2022-04-01,2023-03-31,0
2023-05-01,42200,2022-03-31,,109923000000,0.246,,,,,6292000000,0.184,6889000000,0.219,,3941000000,,62.47,,0.071,0.070,0.057,,102641000000,65448000000,0.563,914.83,57762000000,4572000000,-2438000000,-2946000000,20677000000,,0.304,,,,,,true,false,12,2021-04-01,2022-03-31,-1
2023-05-01,42200,2024-03-31,,61000000000,0.025,,,,,2900000000,-0.171,3000000000,-0.257,,1700000000,,26.87,,,,,,,,,,,,,,,,,,,,,,true,true,6,2023-04-01,2023-09-30,1
2023-05-01,42200,2024-03-31,,128000000000,0.036,,,,,7600000000,0.012,7800000000,-0.021,,4500000000,,71.14,,,,,,,,,,,,,,,,0.351,,,,,,true,true,12,2023-04-01,2024-03-31,1
2023-05-01,42200,2023-03-31,,57080000000,0.310,,,,,3179000000,0.239,5332000000,0.252,4232000000,,0.171,66.96,,,,,,76493000000,54469000000,0.712,861.05,54469000000,,,,,25.00,,,,64113819,854648,63204889,false,false,12,2022-04-01,2023-03-31,0
2023-05-01,42200,2022-03-31,,43578000000,0.227,,,,,2567000000,0.750,4260000000,0.336,3615000000,,0.363,57.30,,,,,,71698000000,50805000000,0.709,804.64,50805000000,,,,,19.00,,,,64113819,973846,63090216,false,false,12,2021-04-01,2022-03-31,-1
2023-05-01,42200,2024-03-31,,30000000000,,,,,,,,1500000000,,1200000000,,,18.97,,,,,,,,,,,,,,,,,,,,,,false,true,6,2023-04-01,2023-09-30,1
2023-05-01,42200,2024-03-31,,62000000000,0.086,,,,,,,5000000000,-0.062,4100000000,,-0.031,64.81,,,,,,,,,,,,,,,25.00,,,,,,,false,true,12,2023-04-01,2024-03-31,1
2023-07-31,42200,2024-03-31,1,31068000000,0.045,,,,,1787000000,-0.130,2226000000,-0.096,,1368000000,,21.63,,,,,,114639000000,73512000000,0.566,,64895000000,,,,,,,,,,,,true,false,3,2023-04-01,2023-06-30,0
2023-07-31,42200,2023-03-31,1,29721000000,0.195,,,,,2055000000,0.240,2461000000,0.368,,1511000000,,23.93,,,,,,,,,,,,,,,,,,,,,,true,false,3,2022-04-01,2022-06-30,-1
2023-07-31,42200,2024-03-31,1,61000000000,0.025,,,,,2900000000,-0.171,3000000000,-0.257,,1700000000,,26.87,,,,,,,,,,,,,,,,,,,,,,true,true,6,2023-04-01,2023-09-30,0
2023-07-31,42200,2024-03-31,1,128000000000,0.036,,,,,7600000000,0.012,7800000000,-0.021,,4500000000,,71.14,,,,,,,,,,,,,,,,,,,,,,true,true,12,2023-04-01,2024-03-31,0
2023-07-31,42200,2023-03-31,1,,,,,,,,,,,,,,,,,,,,112002000000,72165000000,0.564,,63196000000,,,,,,,,,,,,true,false,12,2022-04-01,2023-03-31,-1
2023-07-31,42200,2023-03-31,1,,,,,,,,,,,,,,,,,,,,,,,,,,,,,25.00,,,,64113819,854648,,false,false,12,2022-04-01,2023-03-31,-1
2023-07-31,42200,2024-03-31,1,,,,,,,,,,,,,,,,,,,,,,,,,,,,,25.00,,,,,,,false,true,12,2023-04-01,2024-03-31,0
2023-07-31,42200,2024-03-31,1,,,,,,,,,,,,,,,,,,,,,,,,,,,,,,,,,64113819,833107,63267567,false,false,3,2023-04-01,2023-06-30,0
2023-07-31,42200,2023-03-31,1,,,,,,,,,,,,,,,,,,,,,,,,,,,,,,,,,,,63151673,false,false,3,2022-04-01,2022-06-30,-1
2023-10-30,42200,2024-03-31,2,61397000000,0.031,,,,,3621000000,0.035,4202000000,0.040,,2507000000,,39.62,,,,,,117236000000,76419000000,0.571,,66954000000,,,,,,,,,,,,true,false,6,2023-04-01,2023-09-30,0
2023-10-30,42200,2023-03-31,2,59527000000,0.168,,,,,3498000000,0.137,4040000000,0.221,,2377000000,,37.64,,,,,,,,,,,,,,,,,,,,,,true,false,6,2022-04-01,2022-09-30,-1
2023-10-30,42200,2024-03-31,2,128000000000,0.036,,,,,8400000000,0.119,9000000000,0.130,,5200000000,,82.14,,,,,,,,,,,,,,,,,,,,,,true,true,12,2023-04-01,2024-03-31,0
2023-10-30,42200,2023-03-31,2,,,,,,,,,,,,,,,,,,,,112002000000,72165000000,0.564,,63196000000,,,,,,,,,,,,true,false,12,2022-04-01,2023-03-31,-1
2023-10-30,42200,2023-03-31,2,,,,,,,,,,,,,,,,,,,,,,,,,,,,,25.00,,,,64113819,854648,,false,false,12,2022-04-01,2023-03-31,-1
2023-10-30,42200,2024-03-31,2,,,,,,,,,,,,,,,,,,,,,,,,,,,,,12.00,,,,,,,false,false,12,2023-04-01,2024-03-31,0
2023-10-30,42200,2024-03-31,2,,,,,,,,,,,,,,,,,,,,,,,,,,,,,25.00,,,,,,,false,true,12,2023-04-01,2024-03-31,0
2023-10-30,42200,2024-03-31,2,,,,,,,,,,,,,,,,,,,,,,,,,,,,,,,,,64113819,809180,63281726,false,false,6,2023-04-01,2023-09-30,0
2023-10-30,42200,2023-03-31,2,,,,,,,,,,,,,,,,,,,,,,,,,,,,,,,,,,,63174340,false,false,6,2022-04-01,2022-09-30,-1
2024-01-31,42200,2024-03-31,3,94271000000,0.022,,,,,6516000000,0.156,7022000000,0.161,,5569000000,,90.12,,,,,,114118000000,71717000000,0.546,,62271000000,,,,,,,,,,,,true,false,9,2023-04-01,2023-12-31,0
2024-01-31,42200,2023-03-31,3,92246000000,0.177,,,,,5638000000,0.228,6048000000,0.207,,3560000000,,56.34,,,,,,,,,,,,,,,,,,,,,,true,false,9,2022-04-01,2022-12-31,-1
2024-01-31,42200,2024-03-31,3,128000000000,0.036,,,,,8700000000,0.159,9200000000,0.155,,6400000000,,106.27,,,,,,,,,,,,,,,,,,,,,,true,true,12,2023-04-01,2024-03-31,0
2024-01-31,42200,2023-03-31,3,,,,,,,,,,,,,,,,,,,,112002000000,72165000000,0.564,,63196000000,,,,,,,,,,,,true,false,12,2022-04-01,2023-03-31,-1
2024-01-31,42200,2023-03-31,3,,,,,,,,,,,,,,,,,,,,,,,,,,,,,25.00,,,,64113819,854648,,false,false,12,2022-04-01,2023-03-31,-1
2024-01-31,42200,2024-03-31,3,,,,,,,,,,,,,,,,,,,,,,,,,,,,,12.00,,,,,,,false,false,12,2023-04-01,2024-03-31,0
2024-01-31,42200,2024-03-31,3,,,,,,,,,,,,,,,,,,,,,,,,,,,,,29.00,,,,,,,false,true,12,2023-04-01,2024-03-31,0
2024-01-31,42200,2024-03-31,3,,,,,,,,,,,,,,,,,,,,,,,,,,,,,,,,,64113819,9122012,61796423,false,false,9,2023-04-01,2023-12-31,0
2024-01-31,42200,2023-03-31,3,,,,,,,,,,,,,,,,,,,,,,,,,,,,,,,,,,,63189981,false,false,9,2022-04-01,2022-12-31,-1
2024-01-31,42200,2024-03-31,,62000000000,0.000,,,,,,,6400000000,0.032,6200000000,,0.265,102.95,,,,,,,,,,,,,,,,,,,,,,false,true,12,2023-04-01,2024-03-31,0
2024-01-31,42200,2023-03-31,,57080000000,,,,,,,,5332000000,,4232000000,,,66.96,,,,,,,,,,,,,,,,,,,,,,false,false,12,2022-04-01,2023-03-31,-1
2024-04-30,42200,2024-03-31,,125739000000,0.018,,,,,8775000000,0.169,9544000000,0.198,,6880000000,,114.24,,0.108,0.084,0.070,,115650000000,74017000000,0.557,1171.61,64440000000,10753000000,-1668000000,-11120000000,21852000000,,0.280,,,,,,true,false,12,2023-04-01,2024-03-31,0
2024-04-30,42200,2023-03-31,,123497000000,0.123,,,,,7506000000,0.193,7964000000,0.156,,4557000000,,72.11,,0.075,0.074,0.061,,112002000000,72165000000,0.564,999.00,63196000000,8524000000,-3955000000,-2335000000,23454000000,,0.347,,,,,,true,false,12,2022-04-01,2023-03-31,-1
2024-04-30,42200,2025-03-31,,62500000000,0.018,,,,,3900000000,0.077,4000000000,-0.048,,2200000000,,40.00,,,,,,,,,,,,,,,,,,,,,,true,true,6,2024-04-01,2024-09-30,1
2024-04-30,42200,2025-03-31,,130000000000,0.034,,,,,9200000000,0.048,9500000000,-0.005,,5200000000,,94.54,,,,,,,,,,,,,,,,0.360,,,,,,true,true,12,2024-04-01,2025-03-31,1
2024-04-30,42200,2024-03-31,,61031000000,0.069,,,,,4048000000,0.273,6709000000,0.258,6640000000,,0.569,110.26,,,,,,78494000000,53973000000,0.688,981.30,53973000000,,,,,32.00,,,,55775107,773800,60227620,false,false,12,2023-04-01,2024-03-31,0
2024-04-30,42200,2023-03-31,,57080000000,0.310,,,,,3179000000,0.239,5332000000,0.252,4232000000,,0.171,66.96,,,,,,76493000000,54469000000,0.712,861.05,54469000000,,,,,25.00,,,,64113819,854648,63204889,false,false,12,2022-04-01,2023-03-31,-1
2024-04-30,42200,2025-03-31,,30500000000,,,,,,,,2000000000,,1500000000,,,27.27,,,,,,,,,,,,,,,,,,,,,,false,true,6,2024-04-01,2024-09-30,1
2024-04-30,42200,2025-03-31,,64000000000,0.049,,,,,,,6200000000,-0.076,4800000000,,-0.277,87.27,,,,,,,,,,,,,,,34.00,,,,,,,false,true,12,2024-04-01,2025-03-31,1
2024-07-31,42200,2025-03-31,1,31363000000,0.009,,,,,2437000000,0.364,2953000000,0.327,,1868000000,,33.97,,,,,,117003000000,75404000000,0.563,,65883000000,,,,,,,,,,,,true,false,3,2024-04-01,2024-06-30,0
2024-07-31,42200,2024-03-31,1,31068000000,0.045,,,,,1787000000,-0.130,2226000000,-0.096,,1368000000,,21.63,,,,,,,,,,,,,,,,,,,,,,true,false,3,2023-04-01,2023-06-30,-1
2024-07-31,42200,2025-03-31,1,62500000000,0.018,,,,,3900000000,0.077,4000000000,-0.048,,2200000000,,40.00,,,,,,,,,,,,,,,,,,,,,,true,true,6,2024-04-01,2024-09-30,0
2024-07-31,42200,2025-03-31,1,130000000000,0.034,,,,,9200000000,0.048,9500000000,-0.005,,5200000000,,94.54,,,,,,,,,,,,,,,,,,,,,,true,true,12,2024-04-01,2025-03-31,0
2024-07-31,42200,2024-03-31,1,,,,,,,,,,,,,,,,,,,,115650000000,74017000000,0.557,,64440000000,,,,,,,,,,,,true,false,12,2023-04-01,2024-03-31,-1
2024-07-31,42200,2024-03-31,1,,,,,,,,,,,,,,,,,,,,,,,,,,,,,32.00,,,,55775107,773800,,false,false,12,2023-04-01,2024-03-31,-1
2024-07-31,42200,2025-03-31,1,,,,,,,,,,,,,,,,,,,,,,,,,,,,,34.00,,,,,,,false,true,12,2024-04-01,2025-03-31,0
2024-07-31,42200,2025-03-31,1,,,,,,,,,,,,,,,,,,,,,,,,,,,,,,,,,55775107,755072,55008176,false,false,3,2024-04-01,2024-06-30,0
2024-07-31,42200,2024-03-31,1,,,,,,,,,,,,,,,,,,,,,,,,,,,,,,,,,,,63267567,false,false,3,2023-04-01,2023-06-30,-1
2024-10-31,42200,2025-03-31,2,63391000000,0.032,,,,,4776000000,0.319,4708000000,0.120,,2614000000,,47.92,,,,,,117336000000,75839000000,0.557,,65383000000,,,,,,,,,,,,true,false,6,2024-04-01,2024-09-30,0
2024-10-31,42200,2024-03-31,2,61397000000,0.031,,,,,3621000000,0.035,4202000000,0.040,,2507000000,,39.62,,,,,,,,,,,,,,,,,,,,,,true,false,6,2023-04-01,2023-09-30,-1
2024-10-31,42200,2025-03-31,2,130000000000,0.034,,,,,10000000000,0.140,10000000000,0.048,,5600000000,,104.40,,,,,,,,,,,,,,,,,,,,,,true,true,12,2024-04-01,2025-03-31,0
2024-10-31,42200,2024-03-31,2,,,,,,,,,,,,,,,,,,,,115650000000,74017000000,0.557,,64440000000,,,,,,,,,,,,true,false,12,2023-04-01,2024-03-31,-1
2024-10-31,42200,2024-03-31,2,,,,,,,,,,,,,,,,,,,,,,,,,,,,,32.00,,,,55775107,773800,,false,false,12,2023-04-01,2024-03-31,-1
2024-10-31,42200,2025-03-31,2,,,,,,,,,,,,,,,,,,,,,,,,,,,,,14.00,,,,,,,false,false,12,2024-04-01,2025-03-31,0
2024-10-31,42200,2025-03-31,2,,,,,,,,,,,,,,,,,,,,,,,,,,,,,37.00,,,,,,,false,true,12,2024-04-01,2025-03-31,0
2024-10-31,42200,2025-03-31,2,,,,,,,,,,,,,,,,,,,,,,,,,,,,,,,,,55775107,2544888,54547313,false,false,6,2024-04-01,2024-09-30,0
2024-10-31,42200,2024-03-31,2,,,,,,,,,,,,,,,,,,,,,,,,,,,,,,,,,,,63281726,false,false,6,2023-04-01,2023-09-30,-1
2024-10-31,42200,2025-03-31,,64000000000,0.000,,,,,,,6600000000,0.065,5200000000,,0.083,96.95,,,,,,,,,,,,,,,,,,,,,,false,true,12,2024-04-01,2025-03-31,0
2024-10-31,42200,2024-03-31,,61031000000,,,,,,,,6709000000,,6640000000,,,110.26,,,,,,,,,,,,,,,,,,,,,,false,false,12,2023-04-01,2024-03-31,-1
2025-01-31,42200,2025-03-31,3,95877000000,0.017,,,,,7843000000,0.204,8336000000,0.187,,5117000000,,94.83,,,,,,114475000000,74427000000,0.565,,64713000000,,,,,,,,,,,,true,false,9,2024-04-01,2024-12-31,0
2025-01-31,42200,2024-03-31,3,94271000000,0.022,,,,,6516000000,0.156,7022000000,0.161,,5569000000,,90.12,,,,,,,,,,,,,,,,,,,,,,true,false,9,2023-04-01,2023-12-31,-1
2025-01-31,42200,2025-03-31,3,130000000000,0.034,,,,,10000000000,0.140,10000000000,0.048,,5600000000,,104.40,,,,,,,,,,,,,,,,,,,,,,true,true,12,2024-04-01,2025-03-31,0
2025-01-31,42200,2024-03-31,3,,,,,,,,,,,,,,,,,,,,115650000000,74017000000,0.557,,64440000000,,,,,,,,,,,,true,false,12,2023-04-01,2024-03-31,-1
2025-01-31,42200,2024-03-31,3,,,,,,,,,,,,,,,,,,,,,,,,,,,,,32.00,,,,55775107,773800,,false,false,12,2023-04-01,2024-03-31,-1
2025-01-31,42200,2025-03-31,3,,,,,,,,,,,,,,,,,,,,,,,,,,,,,14.00,,,,,,,false,false,12,2024-04-01,2025-03-31,0
2025-01-31,42200,2025-03-31,3,,,,,,,,,,,,,,,,,,,,,,,,,,,,,37.00,,,,,,,false,true,12,2024-04-01,2025-03-31,0
2025-01-31,42200,2025-03-31,3,,,,,,,,,,,,,,,,,,,,,,,,,,,,,,,,,53275019,670764,53960132,false,false,9,2024-04-01,2024-12-31,0
2025-01-31,42200,2024-03-31,3,,,,,,,,,,,,,,,,,,,,,,,,,,,,,,,,,,,61796423,false,false,9,2023-04-01,2023-12-31,-1
2025-02-25,42200,2025-03-31,,130000000000,0.000,,,,,10000000000,0.000,10000000000,0.000,,7000000000,,130.79,,,,,,,,,,,,,,,,,,,,,,true,true,12,2024-04-01,2025-03-31,0
2025-02-25,42200,2024-03-31,,125739000000,,,,,,8775000000,,9544000000,,,6880000000,,114.23,,,,,,,,,,,,,,,,,,,,,,true,false,12,2023-04-01,2024-03-31,-1
2025-02-25,42200,2025-03-31,,64000000000,0.000,,,,,,,6600000000,0.000,6500000000,,0.250,121.45,,,,,,,,,,,,,,,,,,,,,,false,true,12,2024-04-01,2025-03-31,0
2025-02-25,42200,2024-03-31,,61031000000,,,,,,,,6709000000,,6640000000,,,110.26,,,,,,,,,,,,,,,,,,,,,,false,false,12,2023-04-01,2024-03-31,-1
2025-04-30,42200,2025-03-31,,128141000000,0.019,,,,,10488000000,0.195,10587000000,0.109,,7370000000,,137.67,,0.114,0.091,0.082,,116469000000,75780000000,0.557,1267.50,64868000000,11547000000,-3152000000,-6512000000,24447000000,,0.298,,,,,,true,false,12,2024-04-01,2025-03-31,0
2025-04-30,42200,2024-03-31,,125739000000,0.018,,,,,8775000000,0.169,9544000000,0.198,,6880000000,,114.24,,0.108,0.084,0.070,,115650000000,74017000000,0.557,1171.61,64440000000,10753000000,-1668000000,-11120000000,21852000000,,0.280,,,,,,true,false,12,2023-04-01,2024-03-31,-1
2025-04-30,42200,2026-03-31,,64500000000,0.017,,,,,4700000000,-0.016,4600000000,-0.023,,2600000000,,50.80,,,,,,,,,,,,,,,,,,,,,,true,true,6,2025-04-01,2025-09-30,1
2025-04-30,42200,2026-03-31,,134000000000,0.046,,,,,10500000000,0.001,10300000000,-0.027,,5800000000,,113.33,,,,,,,,,,,,,,,,0.362,,,,,,true,true,12,2025-04-01,2026-03-31,1
2025-04-30,42200,2025-03-31,,62325000000,0.021,,,,,4709000000,0.163,7245000000,0.080,6926000000,,0.043,129.37,,,,,,73453000000,52156000000,0.710,1019.12,52156000000,,,,,41.00,,,,53275019,2097067,53538506,false,false,12,2024-04-01,2025-03-31,0
2025-04-30,42200,2024-03-31,,61031000000,0.069,,,,,4048000000,0.273,6709000000,0.258,6640000000,,0.569,110.26,,,,,,78494000000,53973000000,0.688,981.30,53973000000,,,,,32.00,,,,55775107,773800,60227620,false,false,12,2023-04-01,2024-03-31,-1
2025-04-30,42200,2026-03-31,,31000000000,,,,,,,,2500000000,,2000000000,,,39.08,,,,,,,,,,,,,,,,,,,,,,false,true,6,2025-04-01,2025-09-30,1
2025-04-30,42200,2026-03-31,,63500000000,0.019,,,,,,,6800000000,-0.061,5400000000,,-0.220,105.51,,,,,,,,,,,,,,,41.00,,,,,,,false,true,12,2025-04-01,2026-03-31,1
