filing_date,code,fiscal_year_end,quarterly_period,net_sales,net_sales_change,revenue,revenue_change,operating_revenue,operating_revenue_change,operating_profit,operating_profit_change,ordinary_profit,ordinary_profit_change,net_income,net_income_of_parent,net_income_change,eps,diluted_eps,roe,roa,operating_profit_to_net_sales,operating_profit_to_revenue,total_assets,net_assets,equity_ratio,bps,owner_equity,operating_cash_flow,investing_cash_flow,financing_cash_flow,cash,dividend_per_share,payout_ratio,commemorative_dividend,extra_dividend,number_of_shares,number_of_treqsury_shares,avg_number_of_shares,is_consolidated,is_forecast,duration,period_start,period_end,period_pos
2015-08-03,42280,2016-03-31,1,24117000000,-0.152,,,,,838000000,1.642,790000000,1.808,,456000000,,4.88,,,,,,113334000000,58437000000,0.509,,57714000000,,,,,,,,,,,,true,false,3,2015-04-01,2015-06-30,0
2015-08-03,42280,2015-03-31,1,28430000000,0.161,,,,,317000000,,281000000,0.625,,134000000,,1.44,,,,,,,,,,,,,,,,,,,,,,true,false,3,2014-04-01,2014-06-30,-1
2015-08-03,42280,2016-03-31,1,56500000000,-0.018,,,,,2250000000,0.592,2050000000,0.320,,1350000000,,14.44,,,,,,,,,,,,,,,,,,,,,,true,true,6,2015-04-01,2015-09-30,0
2015-08-03,42280,2016-03-31,1,120000000000,0.056,,,,,5000000000,0.272,4700000000,0.124,,3000000000,,32.09,,,,,,,,,,,,,,,,,,,,,,true,true,12,2015-04-01,2016-03-31,0
2015-08-03,42280,2015-03-31,1,,,,,,,,,,,,,,,,,,,,116201000000,58275000000,0.495,,57554000000,,,,,,,,,,,,true,false,12,2014-04-01,2015-03-31,-1
2015-08-03,42280,2015-03-31,1,,,,,,,,,,,,,,,,,,,,,,,,,,,,,9.00,,,,95976218,2494902,,false,false,12,2014-04-01,2015-03-31,-1
2015-08-03,42280,2016-03-31,1,,,,,,,,,,,,,,,,,,,,,,,,,,,,,10.00,,,,,,,false,true,12,2015-04-01,2016-03-31,0
2015-08-03,42280,2016-03-31,1,,,,,,,,,,,,,,,,,,,,,,,,,,,,,,,,,95976218,2496007,93480954,false,false,3,2015-04-01,2015-06-30,0
2015-08-03,42280,2015-03-31,1,,,,,,,,,,,,,,,,,,,,,,,,,,,,,,,,,,,93486480,false,false,3,2014-04-01,2014-06-30,-1
2015-10-28,42280,2016-03-31,,50040000000,-0.114,,,,,2280000000,0.013,1930000000,-0.059,,1180000000,,12.62,,,,,,,,,,,,,,,,,,,,,,true,true,6,2015-04-01,2015-09-30,0
2015-10-28,42280,2015-03-31,,57551000000,,,,,,1413000000,,1553000000,,,856000000,,9.17,,,,,,,,,,,,,,,,,,,,,,true,false,6,2014-04-01,2014-09-30,-1
2015-11-04,42280,2016-03-31,2,50038000000,-0.131,,,,,2278000000,0.612,1929000000,0.242,,1175000000,,12.58,,,,,,113565000000,58239000000,0.506,,57514000000,,,,,,,,,,,,true,false,6,2015-04-01,2015-09-30,0
2015-11-04,42280,2015-03-31,2,57551000000,0.099,,,,,1413000000,1.076,1553000000,1.025,,856000000,,9.17,,,,,,,,,,,,,,,,,,,,,,true,false,6,2014-04-01,2014-09-30,-1
2015-11-04,42280,2016-03-31,2,114000000000,0.003,,,,,5100000000,0.297,4700000000,0.124,,3000000000,,32.09,,,,,,,,,,,,,,,,,,,,,,true,true,12,2015-04-01,2016-03-31,0
2015-11-04,42280,2015-03-31,2,,,,,,,,,,,,,,,,,,,,116201000000,58275000000,0.495,,57554000000,,,,,,,,,,,,true,false,12,2014-04-01,2015-03-31,-1
2015-11-04,42280,2015-03-31,2,,,,,,,,,,,,,,,,,,,,,,,,,,,,,9.00,,,,95976218,2494902,,false,false,12,2014-04-01,2015-03-31,-1
2015-11-04,42280,2016-03-31,2,,,,,,,,,,,,,,,,,,,,,,,,,,,,,5.00,,,,,,,false,false,12,2015-04-01,2016-03-31,0
2015-11-04,42280,2016-03-31,2,,,,,,,,,,,,,,,,,,,,,,,,,,,,,10.00,,,,,,,false,true,12,2015-04-01,2016-03-31,0
2015-11-04,42280,2016-03-31,2,,,,,,,,,,,,,,,,,,,,,,,,,,,,,,,,,95976218,2497315,93480369,false,false,6,2015-04-01,2015-09-30,0
2015-11-04,42280,2015-03-31,2,,,,,,,,,,,,,,,,,,,,,,,,,,,,,,,,,,,93485561,false,false,6,2014-04-01,2014-09-30,-1
2016-02-01,42280,2016-03-31,3,76832000000,-0.123,,,,,4119000000,0.556,3895000000,0.269,,2749000000,,29.41,,,,,,116823000000,58973000000,0.499,,58286000000,,,,,,,,,,,,true,false,9,2015-04-01,2015-12-31,0
2016-02-01,42280,2015-03-31,3,87629000000,0.069,,,,,2647000000,0.719,3068000000,0.737,,1936000000,,20.72,,,,,,,,,,,,,,,,,,,,,,true,false,9,2014-04-01,2014-12-31,-1
2016-02-01,42280,2016-03-31,3,105000000000,-0.076,,,,,5100000000,0.297,4700000000,0.124,,3000000000,,32.09,,,,,,,,,,,,,,,,,,,,,,true,true,12,2015-04-01,2016-03-31,0
2016-02-01,42280,2015-03-31,3,,,,,,,,,,,,,,,,,,,,116201000000,58275000000,0.495,,57554000000,,,,,,,,,,,,true,false,12,2014-04-01,2015-03-31,-1
2016-02-01,42280,2015-03-31,3,,,,,,,,,,,,,,,,,,,,,,,,,,,,,9.00,,,,95976218,2494902,,false,false,12,2014-04-01,2015-03-31,-1
2016-02-01,42280,2016-03-31,3,,,,,,,,,,,,,,,,,,,,,,,,,,,,,5.00,,,,,,,false,false,12,2015-04-01,2016-03-31,0
2016-02-01,42280,2016-03-31,3,,,,,,,,,,,,,,,,,,,,,,,,,,,,,10.00,,,,,,,false,true,12,2015-04-01,2016-03-31,0
2016-02-01,42280,2016-03-31,3,,,,,,,,,,,,,,,,,,,,,,,,,,,,,,,,,95976218,2499154,93479657,false,false,9,2015-04-01,2015-12-31,0
2016-02-01,42280,2015-03-31,3,,,,,,,,,,,,,,,,,,,,,,,,,,,,,,,,,,,93484903,false,false,9,2014-04-01,2014-12-31,-1
,42280,2016-03-31,,,,,,,,,,,,,,,,,,,,,,,,,,,,,,12.00,,,,,,,false,true,12,2015-04-01,2016-03-31,0
,42280,2016-03-31,,,,,,,,,,,,,,,,,,,,,,,,,,,,,,5.00,,,,,,,false,false,12,2015-04-01,2016-03-31,0
,42280,2015-03-31,,,,,,,,,,,,,,,,,,,,,,,,,,,,,,9.00,,,,,,,false,false,12,2014-04-01,2015-03-31,-1
2016-04-27,42280,2016-03-31,,101559000000,-0.106,,,,,5118000000,0.302,4862000000,0.163,,3147000000,,33.67,,0.054,0.042,0.050,,114892000000,58800000000,0.506,621.65,58109000000,7521000000,-4766000000,-2332000000,7137000000,,0.356,,,,,,true,false,12,2015-04-01,2016-03-31,0
2016-04-27,42280,2015-03-31,,113660000000,0.034,,,,,3930000000,0.850,4180000000,0.894,,2530000000,,27.07,,0.046,0.037,0.035,,116201000000,58275000000,0.495,615.68,57554000000,6216000000,-5058000000,-681000000,7030000000,,0.332,,,,,,true,false,12,2014-04-01,2015-03-31,-1
2016-04-27,42280,2017-03-31,,49000000000,-0.021,,,,,2100000000,-0.078,2100000000,0.088,,1400000000,,14.98,,,,,,,,,,,,,,,,,,,,,,true,true,6,2016-04-01,2016-09-30,1
2016-04-27,42280,2017-03-31,,103000000000,0.014,,,,,5500000000,0.074,5400000000,0.111,,3300000000,,35.30,,,,,,,,,,,,,,,,0.340,,,,,,true,true,12,2016-04-01,2017-03-31,1
2016-04-27,42280,2016-03-31,,71629000000,-0.088,,,,,3691000000,0.509,3939000000,0.233,2772000000,,0.327,29.65,,,,,,103723000000,53566000000,0.516,572.74,53566000000,,,,,12.00,,,,95976218,2499948,93478897,false,false,12,2015-04-01,2016-03-31,0
2016-04-27,42280,2015-03-31,,78502000000,-0.007,,,,,2446000000,0.920,3194000000,0.628,2089000000,,0.565,22.34,,,,,,102934000000,51676000000,0.502,552.51,51676000000,,,,,9.00,,,,95976218,2494902,93484200,false,false,12,2014-04-01,2015-03-31,-1
2016-04-27,42280,2017-03-31,,,,,,,,,,,,,,,,,,,,,,,,,,,,,,12.00,,,,,,,false,true,12,2016-04-01,2017-03-31,1
,42280,2016-03-31,,,,,,,,,,,,,,,,,,,,,,,,,,,,,,12.00,,,,,,,false,true,12,2015-04-01,2016-03-31,0
,42280,2015-03-31,,,,,,,,,,,,,,,,,,,,,,,,,,,,,,12.00,,,,,,,false,false,12,2014-04-01,2015-03-31,-1
2016-07-29,42280,2017-03-31,1,23198000000,-0.038,,,,,798000000,-0.048,608000000,-0.230,,424000000,,4.54,,,,,,111952000000,57679000000,0.509,,56996000000,,,,,,,,,,,,true,false,3,2016-04-01,2016-06-30,0
2016-07-29,42280,2016-03-31,1,24117000000,-0.152,,,,,838000000,1.642,790000000,1.808,,456000000,,4.88,,,,,,,,,,,,,,,,,,,,,,true,false,3,2015-04-01,2015-06-30,-1
2016-07-29,42280,2017-03-31,1,49000000000,-0.021,,,,,2100000000,-0.078,2100000000,0.088,,1400000000,,14.98,,,,,,,,,,,,,,,,,,,,,,true,true,6,2016-04-01,2016-09-30,0
2016-07-29,42280,2017-03-31,1,103000000000,0.014,,,,,5500000000,0.074,5400000000,0.111,,3300000000,,70.60,,,,,,,,,,,,,,,,,,,,,,true,true,12,2016-04-01,2017-03-31,0
2016-07-29,42280,2016-03-31,1,,,,,,,,,,,,,,,,,,,,114892000000,58800000000,0.506,,58109000000,,,,,,,,,,,,true,false,12,2015-04-01,2016-03-31,-1
2016-07-29,42280,2016-03-31,1,,,,,,,,,,,,,,,,,,,,,,,,,,,,,12.00,,,,95976218,2449948,,false,false,12,2015-04-01,2016-03-31,-1
2016-07-29,42280,2017-03-31,1,,,,,,,,,,,,,,,,,,,,,,,,,,,,,12.00,,,,,,,false,true,12,2016-04-01,2017-03-31,0
2016-07-29,42280,2017-03-31,1,,,,,,,,,,,,,,,,,,,,,,,,,,,,,,,,,95976218,2501880,93475495,false,false,3,2016-04-01,2016-06-30,0
2016-07-29,42280,2016-03-31,1,,,,,,,,,,,,,,,,,,,,,,,,,,,,,,,,,,,93480954,false,false,3,2015-04-01,2015-06-30,-1
2016-10-31,42280,2017-03-31,2,48724000000,-0.026,,,,,2390000000,0.049,2059000000,0.067,,1319000000,,28.23,,,,,,115862000000,59690000000,0.509,,59007000000,,,,,,,,,,,,true,false,6,2016-04-01,2016-09-30,0
2016-10-31,42280,2016-03-31,2,50038000000,-0.131,,,,,2278000000,0.612,1929000000,0.242,,1175000000,,25.15,,,,,,,,,,,,,,,,,,,,,,true,false,6,2015-04-01,2015-09-30,-1
2016-10-31,42280,2017-03-31,2,103500000000,0.019,,,,,5700000000,0.114,5250000000,0.080,,3300000000,,70.61,,,,,,,,,,,,,,,,,,,,,,true,true,12,2016-04-01,2017-03-31,0
2016-10-31,42280,2016-03-31,2,,,,,,,,,,,,,,,,,,,,114892000000,58800000000,0.506,,58109000000,,,,,,,,,,,,true,false,12,2015-04-01,2016-03-31,-1
2016-10-31,42280,2016-03-31,2,,,,,,,,,,,,,,,,,,,,,,,,,,,,,12.00,,,,47988109,1249974,,false,false,12,2015-04-01,2016-03-31,-1
2016-10-31,42280,2017-03-31,2,,,,,,,,,,,,,,,,,,,,,,,,,,,,,6.00,,,,,,,false,false,12,2016-04-01,2017-03-31,0
2016-10-31,42280,2017-03-31,2,,,,,,,,,,,,,,,,,,,,,,,,,,,,,12.00,,,,,,,false,true,12,2016-04-01,2017-03-31,0
2016-10-31,42280,2017-03-31,2,,,,,,,,,,,,,,,,,,,,,,,,,,,,,,,,,47988109,1251312,46737414,false,false,6,2016-04-01,2016-09-30,0
2016-10-31,42280,2016-03-31,2,,,,,,,,,,,,,,,,,,,,,,,,,,,,,,,,,,,46740184,false,false,6,2015-04-01,2015-09-30,-1
2017-01-31,42280,2017-03-31,3,76514000000,-0.004,,,,,4113000000,-0.001,3890000000,-0.001,,2484000000,,53.15,,,,,,120510000000,61176000000,0.502,,60446000000,,,,,,,,,,,,true,false,9,2016-04-01,2016-12-31,0
2017-01-31,42280,2016-03-31,3,76832000000,-0.123,,,,,4119000000,0.556,3895000000,0.269,,2749000000,,58.82,,,,,,,,,,,,,,,,,,,,,,true,false,9,2015-04-01,2015-12-31,-1
2017-01-31,42280,2017-03-31,3,103500000000,0.019,,,,,5700000000,0.114,5250000000,0.080,,3300000000,,70.61,,,,,,,,,,,,,,,,,,,,,,true,true,12,2016-04-01,2017-03-31,0
2017-01-31,42280,2016-03-31,3,,,,,,,,,,,,,,,,,,,,114892000000,58800000000,0.506,,58109000000,,,,,,,,,,,,true,false,12,2015-04-01,2016-03-31,-1
2017-01-31,42280,2016-03-31,3,,,,,,,,,,,,,,,,,,,,,,,,,,,,,12.00,,,,47988109,1249974,,false,false,12,2015-04-01,2016-03-31,-1
2017-01-31,42280,2017-03-31,3,,,,,,,,,,,,,,,,,,,,,,,,,,,,,6.00,,,,,,,false,false,12,2016-04-01,2017-03-31,0
2017-01-31,42280,2017-03-31,3,,,,,,,,,,,,,,,,,,,,,,,,,,,,,12.00,,,,,,,false,true,12,2016-04-01,2017-03-31,0
2017-01-31,42280,2017-03-31,3,,,,,,,,,,,,,,,,,,,,,,,,,,,,,,,,,47988109,1252065,46737123,false,false,9,2016-04-01,2016-12-31,0
2017-01-31,42280,2016-03-31,3,,,,,,,,,,,,,,,,,,,,,,,,,,,,,,,,,,,46739828,false,false,9,2015-04-01,2015-12-31,-1
2017-04-28,42280,2017-03-31,,102398000000,0.008,,,,,5401000000,0.055,5049000000,0.039,,3404000000,,73.03,,0.057,0.043,0.053,,119670000000,61363000000,0.507,1322.14,60634000000,7421000000,-5505000000,-2953000000,6266000000,,0.329,,,,,,true,false,12,2016-04-01,2017-03-31,0
2017-04-28,42280,2016-03-31,,101559000000,-0.106,,,,,5118000000,0.302,4862000000,0.163,,3147000000,,67.33,,0.054,0.042,0.050,,114892000000,58800000000,0.506,1243.30,58109000000,7521000000,-4766000000,-2332000000,7137000000,,0.356,,,,,,true,false,12,2015-04-01,2016-03-31,-1
2017-04-28,42280,2018-03-31,,53300000000,0.094,,,,,2000000000,-0.163,2000000000,-0.029,,1300000000,,27.89,,,,,,,,,,,,,,,,,,,,,,true,true,6,2017-04-01,2017-09-30,1
2017-04-28,42280,2018-03-31,,112000000000,0.094,,,,,5800000000,0.074,5700000000,0.129,,3800000000,,81.52,,,,,,,,,,,,,,,,0.307,,,,,,true,true,12,2017-04-01,2018-03-31,1
2017-04-28,42280,2017-03-31,,70169000000,-0.020,,,,,3829000000,0.037,4338000000,0.101,3107000000,,0.121,66.61,,,,,,106292000000,56013000000,0.527,1220.67,56013000000,,,,,12.00,,,,46988109,1127225,46616846,false,false,12,2016-04-01,2017-03-31,0
2017-04-28,42280,2016-03-31,,71629000000,-0.088,,,,,3691000000,0.509,3939000000,0.233,2772000000,,0.327,59.29,,,,,,103723000000,53566000000,0.516,1145.48,53566000000,,,,,12.00,,,,47988109,1249974,46739448,false,false,12,2015-04-01,2016-03-31,-1
2017-04-28,42280,2018-03-31,,,,,,,,,,,,,,,,,,,,,,,,,,,,,,25.00,,,,,,,false,true,12,2017-04-01,2018-03-31,1
2017-08-01,42280,2018-03-31,1,26184000000,0.129,,,,,927000000,0.161,1010000000,0.661,,653000000,,14.26,,,,,,122870000000,62920000000,0.506,,62190000000,,,,,,,,,,,,true,false,3,2017-04-01,2017-06-30,0
2017-08-01,42280,2017-03-31,1,23198000000,-0.038,,,,,798000000,-0.048,608000000,-0.230,,424000000,,9.09,,,,,,,,,,,,,,,,,,,,,,true,false,3,2016-04-01,2016-06-30,-1
2017-08-01,42280,2018-03-31,1,53300000000,0.094,,,,,2000000000,-0.163,2000000000,-0.029,,1300000000,,27.89,,,,,,,,,,,,,,,,,,,,,,true,true,6,2017-04-01,2017-09-30,0
2017-08-01,42280,2018-03-31,1,112000000000,0.094,,,,,5800000000,0.074,5700000000,0.129,,3800000000,,81.52,,,,,,,,,,,,,,,,,,,,,,true,true,12,2017-04-01,2018-03-31,0
2017-08-01,42280,2017-03-31,1,,,,,,,,,,,,,,,,,,,,119670000000,61363000000,0.507,,60634000000,,,,,,,,,,,,true,false,12,2016-04-01,2017-03-31,-1
2017-08-01,42280,2017-03-31,1,,,,,,,,,,,,,,,,,,,,,,,,,,,,,12.00,,,,46988109,1127225,,false,false,12,2016-04-01,2017-03-31,-1
2017-08-01,42280,2018-03-31,1,,,,,,,,,,,,,,,,,,,,,,,,,,,,,25.00,,,,,,,false,true,12,2017-04-01,2018-03-31,0
2017-08-01,42280,2018-03-31,1,,,,,,,,,,,,,,,,,,,,,,,,,,,,,,,,,46988109,1127669,45860741,false,false,3,2017-04-01,2017-06-30,0
2017-08-01,42280,2017-03-31,1,,,,,,,,,,,,,,,,,,,,,,,,,,,,,,,,,,,46737747,false,false,3,2016-04-01,2016-06-30,-1
2017-10-25,42280,2018-03-31,,54700000000,0.026,,,,,2700000000,0.350,2700000000,0.350,,1800000000,,38.61,,,,,,,,,,,,,,,,,,,,,,true,true,6,2017-04-01,2017-09-30,0
2017-10-25,42280,2017-03-31,,48724000000,,,,,,2390000000,,2059000000,,,1319000000,,28.23,,,,,,,,,,,,,,,,,,,,,,true,false,6,2016-04-01,2016-09-30,-1
2017-11-01,42280,2018-03-31,2,54701000000,0.123,,,,,2728000000,0.141,2732000000,0.327,,1794000000,,39.14,,,,,,126125000000,63915000000,0.501,,63184000000,,,,,,,,,,,,true,false,6,2017-04-01,2017-09-30,0
2017-11-01,42280,2017-03-31,2,48724000000,-0.026,,,,,2390000000,0.049,2059000000,0.067,,1319000000,,28.23,,,,,,,,,,,,,,,,,,,,,,true,false,6,2016-04-01,2016-09-30,-1
2017-11-01,42280,2018-03-31,2,112800000000,0.102,,,,,6300000000,0.166,6200000000,0.228,,4100000000,,89.40,,,,,,,,,,,,,,,,,,,,,,true,true,12,2017-04-01,2018-03-31,0
2017-11-01,42280,2017-03-31,2,,,,,,,,,,,,,,,,,,,,119670000000,61363000000,0.507,,60634000000,,,,,,,,,,,,true,false,12,2016-04-01,2017-03-31,-1
2017-11-01,42280,2017-03-31,2,,,,,,,,,,,,,,,,,,,,,,,,,,,,,12.00,,,,46988109,1127225,,false,false,12,2016-04-01,2017-03-31,-1
2017-11-01,42280,2018-03-31,2,,,,,,,,,,,,,,,,,,,,,,,,,,,,,12.00,,,,,,,false,false,12,2017-04-01,2018-03-31,0
2017-11-01,42280,2018-03-31,2,,,,,,,,,,,,,,,,,,,,,,,,,,,,,27.00,,,,,,,false,true,12,2017-04-01,2018-03-31,0
2017-11-01,42280,2018-03-31,2,,,,,,,,,,,,,,,,,,,,,,,,,,,,,,,,,46988109,1127817,45860569,false,false,6,2017-04-01,2017-09-30,0
2017-11-01,42280,2017-03-31,2,,,,,,,,,,,,,,,,,,,,,,,,,,,,,,,,,,,46737414,false,false,6,2016-04-01,2016-09-30,-1
2018-02-02,42280,2018-03-31,3,84415000000,0.103,,,,,3768000000,-0.084,3786000000,-0.027,,2581000000,,56.28,,,,,,128555000000,64836000000,0.499,,64102000000,,,,,,,,,,,,true,false,9,2017-04-01,2017-12-31,0
2018-02-02,42280,2017-03-31,3,76514000000,-0.004,,,,,4113000000,-0.001,3890000000,-0.001,,2484000000,,53.15,,,,,,,,,,,,,,,,,,,,,,true,false,9,2016-04-01,2016-12-31,-1
2018-02-02,42280,2018-03-31,3,112000000000,0.094,,,,,5500000000,0.018,5300000000,0.050,,3500000000,,76.32,,,,,,,,,,,,,,,,,,,,,,true,true,12,2017-04-01,2018-03-31,0
2018-02-02,42280,2017-03-31,3,,,,,,,,,,,,,,,,,,,,119670000000,61363000000,0.507,,60634000000,,,,,,,,,,,,true,false,12,2016-04-01,2017-03-31,-1
2018-02-02,42280,2017-03-31,3,,,,,,,,,,,,,,,,,,,,,,,,,,,,,12.00,,,,46988109,1127225,,false,false,12,2016-04-01,2017-03-31,-1
2018-02-02,42280,2018-03-31,3,,,,,,,,,,,,,,,,,,,,,,,,,,,,,12.00,,,,,,,false,false,12,2017-04-01,2018-03-31,0
2018-02-02,42280,2018-03-31,3,,,,,,,,,,,,,,,,,,,,,,,,,,,,,27.00,,,,,,,false,true,12,2017-04-01,2018-03-31,0
2018-02-02,42280,2018-03-31,3,,,,,,,,,,,,,,,,,,,,,,,,,,,,,,,,,46988109,1128055,45860461,false,false,9,2017-04-01,2017-12-31,0
2018-02-02,42280,2017-03-31,3,,,,,,,,,,,,,,,,,,,,,,,,,,,,,,,,,,,46737123,false,false,9,2016-04-01,2016-12-31,-1
2018-04-25,42280,2018-03-31,,112101000000,0.095,,,,,5284000000,-0.022,5154000000,0.021,,3448000000,,75.33,,0.055,0.041,0.047,,131774000000,66145000000,0.496,1444.28,65414000000,5771000000,-5587000000,-1354000000,5117000000,,0.358,,,,,,true,false,12,2017-04-01,2018-03-31,0
2018-04-25,42280,2017-03-31,,102398000000,0.008,,,,,5401000000,0.055,5049000000,0.039,,3404000000,,73.03,,0.057,0.043,0.053,,119670000000,61363000000,0.507,1322.14,60634000000,7421000000,-5505000000,-2953000000,6266000000,,0.329,,,,,,true,false,12,2016-04-01,2017-03-31,-1
2018-04-25,42280,2019-03-31,,57000000000,0.042,,,,,2500000000,-0.084,2400000000,-0.122,,1600000000,,35.33,,,,,,,,,,,,,,,,,,,,,,true,true,6,2018-04-01,2018-09-30,1
2018-04-25,42280,2019-03-31,,120000000000,0.070,,,,,6800000000,0.287,6600000000,0.281,,4400000000,,97.15,,,,,,,,,,,,,,,,0.309,,,,,,true,true,12,2018-04-01,2019-03-31,1
2018-04-25,42280,2018-03-31,,75940000000,0.082,,,,,3730000000,-0.026,4256000000,-0.019,2541000000,,-0.182,55.48,,,,,,116809000000,59495000000,0.509,1312.80,59495000000,,,,,27.00,,,,46988109,1696143,45782424,false,false,12,2017-04-01,2018-03-31,0
2018-04-25,42280,2017-03-31,,70169000000,-0.020,,,,,3829000000,0.037,4338000000,0.101,3107000000,,0.121,66.61,,,,,,106292000000,56013000000,0.527,1220.67,56013000000,,,,,12.00,,,,46988109,1127225,46616846,false,false,12,2016-04-01,2017-03-31,-1
2018-04-25,42280,2019-03-31,,,,,,,,,,,,,,,,,,,,,,,,,,,,,,30.00,,,,,,,false,true,12,2018-04-01,2019-03-31,1
2018-07-31,42280,2019-03-31,1,26102000000,-0.003,,,,,447000000,-0.518,512000000,-0.493,,338000000,,7.48,,,,,,129889000000,64566000000,0.492,,63882000000,,,,,,,,,,,,true,false,3,2018-04-01,2018-06-30,0
2018-07-31,42280,2018-03-31,1,26184000000,0.129,,,,,927000000,0.161,1010000000,0.661,,653000000,,14.26,,,,,,,,,,,,,,,,,,,,,,true,false,3,2017-04-01,2017-06-30,-1
2018-07-31,42280,2019-03-31,1,57000000000,0.042,,,,,2500000000,-0.084,2400000000,-0.122,,1600000000,,35.33,,,,,,,,,,,,,,,,,,,,,,true,true,6,2018-04-01,2018-09-30,0
2018-07-31,42280,2019-03-31,1,120000000000,0.070,,,,,6800000000,0.287,6600000000,0.281,,4400000000,,97.15,,,,,,,,,,,,,,,,,,,,,,true,true,12,2018-04-01,2019-03-31,0
2018-07-31,42280,2018-03-31,1,,,,,,,,,,,,,,,,,,,,131148000000,66145000000,0.499,,65414000000,,,,,,,,,,,,true,false,12,2017-04-01,2018-03-31,-1
2018-07-31,42280,2018-03-31,1,,,,,,,,,,,,,,,,,,,,,,,,,,,,,27.00,,,,46988109,1696143,,false,false,12,2017-04-01,2018-03-31,-1
2018-07-31,42280,2019-03-31,1,,,,,,,,,,,,,,,,,,,,,,,,,,,,,30.00,,,,,,,false,true,12,2018-04-01,2019-03-31,0
2018-07-31,42280,2019-03-31,1,,,,,,,,,,,,,,,,,,,,,,,,,,,,,,,,,46988109,1696447,45291889,false,false,3,2018-04-01,2018-06-30,0
2018-07-31,42280,2018-03-31,1,,,,,,,,,,,,,,,,,,,,,,,,,,,,,,,,,,,45860741,false,false,3,2017-04-01,2017-06-30,-1
2018-11-01,42280,2019-03-31,2,54570000000,-0.002,,,,,1918000000,-0.297,1947000000,-0.287,,1315000000,,29.05,,,,,,132499000000,66521000000,0.497,,65836000000,,,,,,,,,,,,true,false,6,2018-04-01,2018-09-30,0
2018-11-01,42280,2018-03-31,2,54701000000,0.123,,,,,2728000000,0.141,2732000000,0.327,,1794000000,,39.14,,,,,,,,,,,,,,,,,,,,,,true,false,6,2017-04-01,2017-09-30,-1
2018-11-01,42280,2019-03-31,2,115000000000,0.026,,,,,5500000000,0.041,5400000000,0.048,,3600000000,,79.48,,,,,,,,,,,,,,,,,,,,,,true,true,12,2018-04-01,2019-03-31,0
2018-11-01,42280,2018-03-31,2,,,,,,,,,,,,,,,,,,,,131148000000,66145000000,0.499,,65414000000,,,,,,,,,,,,true,false,12,2017-04-01,2018-03-31,-1
2018-11-01,42280,2018-03-31,2,,,,,,,,,,,,,,,,,,,,,,,,,,,,,27.00,,,,46988109,1696143,,false,false,12,2017-04-01,2018-03-31,-1
2018-11-01,42280,2019-03-31,2,,,,,,,,,,,,,,,,,,,,,,,,,,,,,13.00,,,,,,,false,false,12,2018-04-01,2019-03-31,0
2018-11-01,42280,2019-03-31,2,,,,,,,,,,,,,,,,,,,,,,,,,,,,,30.00,,,,,,,false,true,12,2018-04-01,2019-03-31,0
2018-11-01,42280,2019-03-31,2,,,,,,,,,,,,,,,,,,,,,,,,,,,,,,,,,46988109,1696517,45291761,false,false,6,2018-04-01,2018-09-30,0
2018-11-01,42280,2018-03-31,2,,,,,,,,,,,,,,,,,,,,,,,,,,,,,,,,,,,45860569,false,false,6,2017-04-01,2017-09-30,-1
2019-02-01,42280,2019-03-31,3,84696000000,0.003,,,,,3356000000,-0.109,3385000000,-0.106,,2288000000,,50.52,,,,,,131708000000,65537000000,0.492,,64848000000,,,,,,,,,,,,true,false,9,2018-04-01,2018-12-31,0
2019-02-01,42280,2018-03-31,3,84415000000,0.103,,,,,3768000000,-0.084,3786000000,-0.027,,2581000000,,56.28,,,,,,,,,,,,,,,,,,,,,,true,false,9,2017-04-01,2017-12-31,-1
2019-02-01,42280,2019-03-31,3,115000000000,0.026,,,,,5500000000,0.041,5400000000,0.048,,3600000000,,79.48,,,,,,,,,,,,,,,,,,,,,,true,true,12,2018-04-01,2019-03-31,0
2019-02-01,42280,2018-03-31,3,,,,,,,,,,,,,,,,,,,,131148000000,66145000000,0.499,,65414000000,,,,,,,,,,,,true,false,12,2017-04-01,2018-03-31,-1
2019-02-01,42280,2018-03-31,3,,,,,,,,,,,,,,,,,,,,,,,,,,,,,27.00,,,,46988109,1696143,,false,false,12,2017-04-01,2018-03-31,-1
2019-02-01,42280,2019-03-31,3,,,,,,,,,,,,,,,,,,,,,,,,,,,,,13.00,,,,,,,false,false,12,2018-04-01,2019-03-31,0
2019-02-01,42280,2019-03-31,3,,,,,,,,,,,,,,,,,,,,,,,,,,,,,30.00,,,,,,,false,true,12,2018-04-01,2019-03-31,0
2019-02-01,42280,2019-03-31,3,,,,,,,,,,,,,,,,,,,,,,,,,,,,,,,,,46988109,1696814,45291680,false,false,9,2018-04-01,2018-12-31,0
2019-02-01,42280,2018-03-31,3,,,,,,,,,,,,,,,,,,,,,,,,,,,,,,,,,,,45860461,false,false,9,2017-04-01,2017-12-31,-1
2019-04-24,42280,2019-03-31,,112593000000,0.004,,,,,4784000000,-0.094,4776000000,-0.073,,3129000000,,69.09,,0.048,0.034,0.042,,152845000000,66771000000,0.427,1439.43,65193000000,7156000000,-10706000000,9695000000,11271000000,,0.434,,,,,,true,false,12,2018-04-01,2019-03-31,0
2019-04-24,42280,2018-03-31,,112101000000,0.095,,,,,5284000000,-0.022,5154000000,0.021,,3448000000,,75.33,,0.055,0.041,0.047,,131148000000,66145000000,0.499,1444.28,65414000000,5771000000,-5587000000,-1354000000,5117000000,,0.358,,,,,,true,false,12,2017-04-01,2018-03-31,-1
2019-04-24,42280,2020-03-31,,70300000000,0.288,,,,,1600000000,-0.166,1600000000,-0.178,,1100000000,,24.29,,,,,,,,,,,,,,,,,,,,,,true,true,6,2019-04-01,2019-09-30,1
2019-04-24,42280,2020-03-31,,145000000000,0.288,,,,,4900000000,0.024,4800000000,0.005,,3200000000,,70.65,,,,,,,,,,,,,,,,0.425,,,,,,true,true,12,2019-04-01,2020-03-31,1
2019-04-24,42280,2019-03-31,,75860000000,-0.001,,,,,3272000000,-0.123,4089000000,-0.039,3213000000,,0.264,70.83,,,,,,126717000000,60081000000,0.474,1325.73,60081000000,,,,,30.00,,,,46988109,1696864,45291579,false,false,12,2018-04-01,2019-03-31,0
2019-04-24,42280,2018-03-31,,75940000000,0.082,,,,,3730000000,-0.026,4256000000,-0.019,2541000000,,-0.182,55.48,,,,,,116541000000,59495000000,0.511,1312.80,59495000000,,,,,27.00,,,,46988109,1696143,45782424,false,false,12,2017-04-01,2018-03-31,-1
2019-04-24,42280,2020-03-31,,,,,,,,,,,,,,,,,,,,,,,,,,,,,,30.00,,,,,,,false,true,12,2019-04-01,2020-03-31,1
2019-07-30,42280,2020-03-31,1,34546000000,0.323,,,,,674000000,0.507,633000000,0.236,,361000000,,7.97,,,,,,151274000000,65774000000,0.425,,64258000000,,,,,,,,,,,,true,false,3,2019-04-01,2019-06-30,0
2019-07-30,42280,2019-03-31,1,26102000000,-0.003,,,,,447000000,-0.518,512000000,-0.493,,338000000,,7.48,,,,,,,,,,,,,,,,,,,,,,true,false,3,2018-04-01,2018-06-30,-1
2019-07-30,42280,2020-03-31,1,70300000000,0.288,,,,,1600000000,-0.166,1600000000,-0.178,,1100000000,,24.29,,,,,,,,,,,,,,,,,,,,,,true,true,6,2019-04-01,2019-09-30,0
2019-07-30,42280,2020-03-31,1,145000000000,0.288,,,,,4900000000,0.024,4800000000,0.005,,3200000000,,70.65,,,,,,,,,,,,,,,,,,,,,,true,true,12,2019-04-01,2020-03-31,0
2019-07-30,42280,2019-03-31,1,,,,,,,,,,,,,,,,,,,,152845000000,66771000000,0.427,,65193000000,,,,,,,,,,,,true,false,12,2018-04-01,2019-03-31,-1
2019-07-30,42280,2019-03-31,1,,,,,,,,,,,,,,,,,,,,,,,,,,,,,30.00,,,,46988109,1696864,,false,false,12,2018-04-01,2019-03-31,-1
2019-07-30,42280,2020-03-31,1,,,,,,,,,,,,,,,,,,,,,,,,,,,,,30.00,,,,,,,false,true,12,2019-04-01,2020-03-31,0
2019-07-30,42280,2020-03-31,1,,,,,,,,,,,,,,,,,,,,,,,,,,,,,,,,,46988109,1697383,45291114,false,false,3,2019-04-01,2019-06-30,0
2019-07-30,42280,2019-03-31,1,,,,,,,,,,,,,,,,,,,,,,,,,,,,,,,,,,,45291889,false,false,3,2018-04-01,2018-06-30,-1
2019-10-31,42280,2020-03-31,2,69956000000,0.282,,,,,2057000000,0.072,1780000000,-0.086,,1187000000,,26.22,,,,,,149593000000,66974000000,0.437,,65297000000,,,,,,,,,,,,true,false,6,2019-04-01,2019-09-30,0
2019-10-31,42280,2019-03-31,2,54570000000,-0.002,,,,,1918000000,-0.297,1947000000,-0.287,,1315000000,,29.05,,,,,,,,,,,,,,,,,,,,,,true,false,6,2018-04-01,2018-09-30,-1
2019-10-31,42280,2020-03-31,2,145000000000,0.288,,,,,4900000000,0.024,4800000000,0.005,,3200000000,,70.65,,,,,,,,,,,,,,,,,,,,,,true,true,12,2019-04-01,2020-03-31,0
2019-10-31,42280,2019-03-31,2,,,,,,,,,,,,,,,,,,,,153491000000,66960000000,0.425,,65193000000,,,,,,,,,,,,true,false,12,2018-04-01,2019-03-31,-1
2019-10-31,42280,2019-03-31,2,,,,,,,,,,,,,,,,,,,,,,,,,,,,,30.00,,,,46988109,1696864,,false,false,12,2018-04-01,2019-03-31,-1
2019-10-31,42280,2020-03-31,2,,,,,,,,,,,,,,,,,,,,,,,,,,,,,13.00,,,,,,,false,false,12,2019-04-01,2020-03-31,0
2019-10-31,42280,2020-03-31,2,,,,,,,,,,,,,,,,,,,,,,,,,,,,,30.00,,,,,,,false,true,12,2019-04-01,2020-03-31,0
2019-10-31,42280,2020-03-31,2,,,,,,,,,,,,,,,,,,,,,,,,,,,,,,,,,46988109,1697493,45290905,false,false,6,2019-04-01,2019-09-30,0
2019-10-31,42280,2019-03-31,2,,,,,,,,,,,,,,,,,,,,,,,,,,,,,,,,,,,45291761,false,false,6,2018-04-01,2018-09-30,-1
2020-02-03,42280,2020-03-31,3,103514000000,0.222,,,,,2593000000,-0.227,2398000000,-0.292,,1523000000,,33.63,,,,,,152140000000,66519000000,0.427,,64979000000,,,,,,,,,,,,true,false,9,2019-04-01,2019-12-31,0
2020-02-03,42280,2019-03-31,3,84696000000,0.003,,,,,3356000000,-0.109,3385000000,-0.106,,2288000000,,50.52,,,,,,,,,,,,,,,,,,,,,,true,false,9,2018-04-01,2018-12-31,-1
2020-02-03,42280,2020-03-31,3,136000000000,0.208,,,,,3800000000,-0.206,3500000000,-0.267,,2250000000,,49.68,,,,,,,,,,,,,,,,,,,,,,true,true,12,2019-04-01,2020-03-31,0
2020-02-03,42280,2019-03-31,3,,,,,,,,,,,,,,,,,,,,153491000000,66960000000,0.425,,65193000000,,,,,,,,,,,,true,false,12,2018-04-01,2019-03-31,-1
2020-02-03,42280,2019-03-31,3,,,,,,,,,,,,,,,,,,,,,,,,,,,,,30.00,,,,46988109,1696864,,false,false,12,2018-04-01,2019-03-31,-1
2020-02-03,42280,2020-03-31,3,,,,,,,,,,,,,,,,,,,,,,,,,,,,,13.00,,,,,,,false,false,12,2019-04-01,2020-03-31,0
2020-02-03,42280,2020-03-31,3,,,,,,,,,,,,,,,,,,,,,,,,,,,,,30.00,,,,,,,false,true,12,2019-04-01,2020-03-31,0
2020-02-03,42280,2020-03-31,3,,,,,,,,,,,,,,,,,,,,,,,,,,,,,,,,,46988109,1697882,45290779,false,false,9,2019-04-01,2019-12-31,0
2020-02-03,42280,2019-03-31,3,,,,,,,,,,,,,,,,,,,,,,,,,,,,,,,,,,,45291680,false,false,9,2018-04-01,2018-12-31,-1
2020-02-03,42280,2020-03-31,,136000000000,-0.062,,,,,3800000000,-0.224,3500000000,-0.271,2250000000,,-0.297,49.68,,,,,,,,,,,,,,,,,,,,,,true,true,12,2019-04-01,2020-03-31,0
2020-02-03,42280,2019-03-31,,112593000000,,,,,,4784000000,,4776000000,,3129000000,,,69.09,,,,,,,,,,,,,,,,,,,,,,true,false,12,2018-04-01,2019-03-31,-1
2020-05-08,42280,2020-03-31,,136155000000,0.209,,,,,3725000000,-0.221,3391000000,-0.290,,2323000000,,51.29,,0.036,0.022,0.027,,149103000000,67217000000,0.441,1450.32,65685000000,6486000000,-5129000000,-2568000000,9532000000,,0.585,,,,,,true,false,12,2019-04-01,2020-03-31,0
2020-05-08,42280,2019-03-31,,112593000000,0.004,,,,,4784000000,-0.094,4776000000,-0.073,,3129000000,,69.09,,0.048,0.034,0.042,,153491000000,66960000000,0.425,1439.43,65193000000,7156000000,-10706000000,9695000000,11271000000,,0.434,,,,,,true,false,12,2018-04-01,2019-03-31,-1
2020-05-08,42280,2020-03-31,,71114000000,-0.063,,,,,2345000000,-0.283,2992000000,-0.268,2087000000,,-0.350,46.06,,,,,,127481000000,61227000000,0.480,1351.02,61227000000,,,,,30.00,,,,46988109,1697882,45290651,false,false,12,2019-04-01,2020-03-31,0
2020-05-08,42280,2019-03-31,,75860000000,-0.001,,,,,3272000000,-0.123,4089000000,-0.039,3213000000,,0.264,70.83,,,,,,126717000000,60081000000,0.474,1325.73,60081000000,,,,,30.00,,,,46988109,1696864,45291579,false,false,12,2018-04-01,2019-03-31,-1
2020-07-31,42280,2021-03-31,1,28338000000,-0.180,,,,,63000000,-0.905,11000000,-0.982,,-104000000,,-2.30,,,,,,149966000000,68011000000,0.444,,66630000000,,,,,,,,,,,,true,false,3,2020-04-01,2020-06-30,0
2020-07-31,42280,2020-03-31,1,34546000000,0.323,,,,,670000000,0.498,628000000,0.228,,366000000,,8.09,,,,,,,,,,,,,,,,,,,,,,true,false,3,2019-04-01,2019-06-30,-1
2020-07-31,42280,2021-03-31,1,53000000000,-0.242,,,,,0,,-250000000,,,-350000000,,-7.72,,,,,,,,,,,,,,,,,,,,,,true,true,6,2020-04-01,2020-09-30,0
2020-07-31,42280,2021-03-31,1,116000000000,-0.148,,,,,2000000000,-0.463,1600000000,-0.528,,1000000000,,22.05,,,,,,,,,,,,,,,,,,,,,,true,true,12,2020-04-01,2021-03-31,0
2020-07-31,42280,2020-03-31,1,,,,,,,,,,,,,,,,,,,,149103000000,67217000000,0.441,,65685000000,,,,,,,,,,,,true,false,12,2019-04-01,2020-03-31,-1
2020-07-31,42280,2020-03-31,1,,,,,,,,,,,,,,,,,,,,,,,,,,,,,30.00,,,,46988109,1697882,,false,false,12,2019-04-01,2020-03-31,-1
2020-07-31,42280,2021-03-31,1,,,,,,,,,,,,,,,,,,,,,,,,,,,,,21.00,,,,,,,false,true,12,2020-04-01,2021-03-31,0
2020-07-31,42280,2021-03-31,1,,,,,,,,,,,,,,,,,,,,,,,,,,,,,,,,,46988109,1698600,45290046,false,false,3,2020-04-01,2020-06-30,0
2020-07-31,42280,2020-03-31,1,,,,,,,,,,,,,,,,,,,,,,,,,,,,,,,,,,,45291114,false,false,3,2019-04-01,2019-06-30,-1
2020-10-29,42280,2021-03-31,,55116000000,0.040,,,,,368000000,,306000000,,,138000000,,3.06,,,,,,,,,,,,,,,,,,,,,,true,true,6,2020-04-01,2020-09-30,0
2020-10-29,42280,2020-03-31,,69956000000,,,,,,2057000000,,1780000000,,,1187000000,,26.22,,,,,,,,,,,,,,,,,,,,,,true,false,6,2019-04-01,2019-09-30,-1
2020-10-30,42280,2021-03-31,2,55116000000,-0.212,,,,,368000000,-0.821,306000000,-0.828,,138000000,,3.06,,,,,,150463000000,68570000000,0.448,,67413000000,,,,,,,,,,,,true,false,6,2020-04-01,2020-09-30,0
2020-10-30,42280,2020-03-31,2,69956000000,0.282,,,,,2057000000,0.072,1780000000,-0.086,,1187000000,,26.22,,,,,,,,,,,,,,,,,,,,,,true,false,6,2019-04-01,2019-09-30,-1
2020-10-30,42280,2021-03-31,2,116000000000,-0.148,,,,,2000000000,-0.463,1600000000,-0.528,,1000000000,,22.05,,,,,,,,,,,,,,,,,,,,,,true,true,12,2020-04-01,2021-03-31,0
2020-10-30,42280,2020-03-31,2,,,,,,,,,,,,,,,,,,,,149103000000,67217000000,0.441,,65685000000,,,,,,,,,,,,true,false,12,2019-04-01,2020-03-31,-1
2020-10-30,42280,2020-03-31,2,,,,,,,,,,,,,,,,,,,,,,,,,,,,,30.00,,,,46988109,1697882,,false,false,12,2019-04-01,2020-03-31,-1
2020-10-30,42280,2021-03-31,2,,,,,,,,,,,,,,,,,,,,,,,,,,,,,4.00,,,,,,,false,false,12,2020-04-01,2021-03-31,0
2020-10-30,42280,2021-03-31,2,,,,,,,,,,,,,,,,,,,,,,,,,,,,,21.00,,,,,,,false,true,12,2020-04-01,2021-03-31,0
2020-10-30,42280,2021-03-31,2,,,,,,,,,,,,,,,,,,,,,,,,,,,,,,,,,46988109,1630676,45309211,false,false,6,2020-04-01,2020-09-30,0
2020-10-30,42280,2020-03-31,2,,,,,,,,,,,,,,,,,,,,,,,,,,,,,,,,,,,45290905,false,false,6,2019-04-01,2019-09-30,-1
2021-02-02,42280,2021-03-31,3,86287000000,-0.166,,,,,1168000000,-0.549,1081000000,-0.549,,610000000,,13.48,,,,,,154223000000,69038000000,0.441,,68013000000,,,,,,,,,,,,true,false,9,2020-04-01,2020-12-31,0
2021-02-02,42280,2020-03-31,3,103514000000,0.222,,,,,2593000000,-0.227,2398000000,-0.292,,1523000000,,33.63,,,,,,,,,,,,,,,,,,,,,,true,false,9,2019-04-01,2019-12-31,-1
2021-02-02,42280,2021-03-31,3,116000000000,-0.148,,,,,2000000000,-0.463,1600000000,-0.528,,1000000000,,22.05,,,,,,,,,,,,,,,,,,,,,,true,true,12,2020-04-01,2021-03-31,0
2021-02-02,42280,2020-03-31,3,,,,,,,,,,,,,,,,,,,,149103000000,67217000000,0.441,,65685000000,,,,,,,,,,,,true,false,12,2019-04-01,2020-03-31,-1
2021-02-02,42280,2020-03-31,3,,,,,,,,,,,,,,,,,,,,,,,,,,,,,30.00,,,,46988109,1697882,,false,false,12,2019-04-01,2020-03-31,-1
2021-02-02,42280,2021-03-31,3,,,,,,,,,,,,,,,,,,,,,,,,,,,,,4.00,,,,,,,false,false,12,2020-04-01,2021-03-31,0
2021-02-02,42280,2021-03-31,3,,,,,,,,,,,,,,,,,,,,,,,,,,,,,21.00,,,,,,,false,true,12,2020-04-01,2021-03-31,0
2021-02-02,42280,2021-03-31,3,,,,,,,,,,,,,,,,,,,,,,,,,,,,,,,,,46988109,1630857,45323659,false,false,9,2020-04-01,2020-12-31,0
2021-02-02,42280,2020-03-31,3,,,,,,,,,,,,,,,,,,,,,,,,,,,,,,,,,,,45290779,false,false,9,2019-04-01,2019-12-31,-1
2021-04-28,42280,2021-03-31,,118851000000,-0.127,,,,,2091000000,-0.439,1956000000,-0.423,,1126000000,,24.86,,0.017,0.013,0.018,,158439000000,70657000000,0.442,1549.84,69955000000,6428000000,-3007000000,-632000000,12498000000,,0.845,,,,,,true,false,12,2020-04-01,2021-03-31,0
2021-04-28,42280,2020-03-31,,136155000000,0.209,,,,,3725000000,-0.221,3391000000,-0.290,,2323000000,,51.29,,0.036,0.022,0.027,,149103000000,67217000000,0.441,1450.32,65685000000,6486000000,-5129000000,-2568000000,9532000000,,0.585,,,,,,true,false,12,2019-04-01,2020-03-31,-1
2021-04-28,42280,2022-03-31,,57000000000,,,,,,1050000000,,950000000,,,550000000,,12.19,,,,,,,,,,,,,,,,,,,,,,true,true,6,2021-04-01,2021-09-30,1
2021-04-28,42280,2022-03-31,,118000000000,,,,,,3600000000,,3200000000,,,1800000000,,39.88,,,,,,,,,,,,,,,,0.552,,,,,,true,true,12,2021-04-01,2022-03-31,1
2021-04-28,42280,2021-03-31,,66647000000,-0.063,,,,,3124000000,0.332,3972000000,0.327,3749000000,,0.796,82.73,,,,,,134959000000,66524000000,0.493,1473.84,66524000000,,,,,21.00,,,,46988109,1850959,45299849,false,false,12,2020-04-01,2021-03-31,0
2021-04-28,42280,2020-03-31,,71114000000,-0.063,,,,,2345000000,-0.283,2992000000,-0.268,2087000000,,-0.350,46.06,,,,,,127481000000,61227000000,0.480,1351.02,61227000000,,,,,30.00,,,,46988109,1697882,45290651,false,false,12,2019-04-01,2020-03-31,-1
2021-04-28,42280,2022-03-31,,,,,,,,,,,,,,,,,,,,,,,,,,,,,,22.00,,,,,,,false,true,12,2021-04-01,2022-03-31,1
2021-08-03,42280,2022-03-31,1,28583000000,,,,,,182000000,1.859,251000000,,,120000000,,2.66,,,,,,154530000000,68716000000,0.440,,68015000000,,,,,,,,,,,,true,false,3,2021-04-01,2021-06-30,0
2021-08-03,42280,2021-03-31,1,28338000000,-0.180,,,,,63000000,-0.905,11000000,-0.982,,-104000000,,-2.30,,,,,,,,,,,,,,,,,,,,,,true,false,3,2020-04-01,2020-06-30,-1
2021-08-03,42280,2022-03-31,1,57000000000,,,,,,1050000000,1.847,950000000,2.103,,550000000,,12.19,,,,,,,,,,,,,,,,,,,,,,true,true,6,2021-04-01,2021-09-30,0
2021-08-03,42280,2022-03-31,1,118000000000,,,,,,3600000000,0.721,3200000000,0.636,,1800000000,,39.88,,,,,,,,,,,,,,,,,,,,,,true,true,12,2021-04-01,2022-03-31,0
2021-08-03,42280,2021-03-31,1,,,,,,,,,,,,,,,,,,,,158439000000,70657000000,0.442,,69955000000,,,,,,,,,,,,true,false,12,2020-04-01,2021-03-31,-1
2021-08-03,42280,2021-03-31,1,,,,,,,,,,,,,,,,,,,,,,,,,,,,,21.00,,,,46988109,1850959,,false,false,12,2020-04-01,2021-03-31,-1
2021-08-03,42280,2022-03-31,1,,,,,,,,,,,,,,,,,,,,,,,,,,,,,22.00,,,,,,,false,true,12,2021-04-01,2022-03-31,0
2021-08-03,42280,2022-03-31,1,,,,,,,,,,,,,,,,,,,,,,,,,,,,,,,,,46988109,1850959,45137150,false,false,3,2021-04-01,2021-06-30,0
2021-08-03,42280,2021-03-31,1,,,,,,,,,,,,,,,,,,,,,,,,,,,,,,,,,,,45290046,false,false,3,2020-04-01,2020-06-30,-1
2021-10-29,42280,2022-03-31,,59400000000,0.042,,,,,650000000,-0.381,750000000,-0.211,,330000000,,7.30,,,,,,,,,,,,,,,,,,,,,,true,true,6,2021-04-01,2021-09-30,0
2021-10-29,42280,2021-03-31,,55116000000,,,,,,368000000,,306000000,,,138000000,,3.06,,,,,,,,,,,,,,,,,,,,,,true,false,6,2020-04-01,2020-09-30,-1
2021-10-29,42280,2022-03-31,,119000000000,0.008,,,,,1600000000,-0.556,1600000000,-0.500,,600000000,,13.28,,,,,,,,,,,,,,,,,,,,,,true,true,12,2021-04-01,2022-03-31,0
2021-10-29,42280,2021-03-31,,118851000000,,,,,,2091000000,,1956000000,,,1126000000,,24.86,,,,,,,,,,,,,,,,,,,,,,true,false,12,2020-04-01,2021-03-31,-1
2021-10-29,42280,2022-03-31,,,,,,,,,,,,,,,,,,,,,,,,,,,,,,12.00,,,,,,,false,true,12,2021-04-01,2022-03-31,0
2021-10-29,42280,2021-03-31,,,,,,,,,,,,,,,,,,,,,,,,,,,,,,21.00,,,,,,,false,false,12,2020-04-01,2021-03-31,-1
2021-11-02,4228,2022-03-31,2,59419000000,,,,,,653000000,0.773,750000000,1.451,,336000000,,7.46,,,,,,161070000000,69193000000,0.425,,68491000000,,,,,,,,,,,,true,false,6,2021-04-01,2021-09-30,0
2021-11-02,4228,2021-03-31,2,55116000000,-0.212,,,,,368000000,-0.821,306000000,-0.828,,138000000,,3.06,,,,,,,,,,,,,,,,,,,,,,true,false,6,2020-04-01,2020-09-30,-1
2021-11-02,4228,2022-03-31,2,119000000000,,,,,,1600000000,-0.235,1600000000,-0.182,,600000000,,13.28,,,,,,,,,,,,,,,,,,,,,,true,true,12,2021-04-01,2022-03-31,0
2021-11-02,4228,2021-03-31,2,,,,,,,,,,,,,,,,,,,,158439000000,70657000000,0.442,,69955000000,,,,,,,,,,,,true,false,12,2020-04-01,2021-03-31,-1
2021-11-02,4228,2021-03-31,2,,,,,,,,,,,,,,,,,,,,,,,,,,,,,21.00,,,,46988109,1850959,,false,false,12,2020-04-01,2021-03-31,-1
2021-11-02,4228,2022-03-31,2,,,,,,,,,,,,,,,,,,,,,,,,,,,,,5.00,,,,,,,false,false,12,2021-04-01,2022-03-31,0
2021-11-02,4228,2022-03-31,2,,,,,,,,,,,,,,,,,,,,,,,,,,,,,12.00,,,,,,,false,true,12,2021-04-01,2022-03-31,0
2021-11-02,4228,2022-03-31,2,,,,,,,,,,,,,,,,,,,,,,,,,,,,,,,,,46988109,1794259,45161450,false,false,6,2021-04-01,2021-09-30,0
2021-11-02,4228,2021-03-31,2,,,,,,,,,,,,,,,,,,,,,,,,,,,,,,,,,,,45309211,false,false,6,2020-04-01,2020-09-30,-1
2022-02-03,4228,2022-03-31,3,88345000000,,,,,,637000000,-0.455,728000000,-0.326,,-6150000000,,-136.15,,,,,,151140000000,62152000000,0.407,,61472000000,,,,,,,,,,,,true,false,9,2021-04-01,2021-12-31,0
2022-02-03,4228,2021-03-31,3,86287000000,-0.166,,,,,1168000000,-0.549,1081000000,-0.549,,610000000,,13.48,,,,,,,,,,,,,,,,,,,,,,true,false,9,2020-04-01,2020-12-31,-1
2022-02-03,4228,2022-03-31,3,116000000000,,,,,,700000000,-0.665,500000000,-0.744,,-6600000000,,-146.04,,,,,,,,,,,,,,,,,,,,,,true,true,12,2021-04-01,2022-03-31,0
2022-02-03,4228,2021-03-31,3,,,,,,,,,,,,,,,,,,,,158439000000,70657000000,0.442,,69955000000,,,,,,,,,,,,true,false,12,2020-04-01,2021-03-31,-1
2022-02-03,4228,2021-03-31,3,,,,,,,,,,,,,,,,,,,,,,,,,,,,,21.00,,,,46988109,1850959,,false,false,12,2020-04-01,2021-03-31,-1
2022-02-03,4228,2022-03-31,3,,,,,,,,,,,,,,,,,,,,,,,,,,,,,5.00,,,,,,,false,false,12,2021-04-01,2022-03-31,0
2022-02-03,4228,2022-03-31,3,,,,,,,,,,,,,,,,,,,,,,,,,,,,,12.00,,,,,,,false,true,12,2021-04-01,2022-03-31,0
2022-02-03,4228,2022-03-31,3,,,,,,,,,,,,,,,,,,,,,,,,,,,,,,,,,46988109,1794259,45171170,false,false,9,2021-04-01,2021-12-31,0
2022-02-03,4228,2021-03-31,3,,,,,,,,,,,,,,,,,,,,,,,,,,,,,,,,,,,45323659,false,false,9,2020-04-01,2020-12-31,-1
2022-04-26,42280,2022-03-31,,117800000000,0.016,,,,,1450000000,1.071,1400000000,1.800,,-5950000000,,-130.94,,,,,,,,,,,,,,,,,,,,,,true,true,12,2021-04-01,2022-03-31,0
2022-04-26,42280,2021-03-31,,118851000000,,,,,,2091000000,,1956000000,,,1126000000,,24.86,,,,,,,,,,,,,,,,,,,,,,true,false,12,2020-04-01,2021-03-31,-1
2022-04-28,4228,2022-03-31,,117825000000,,,,,,1463000000,-0.300,1401000000,-0.284,,-5917000000,,-130.99,,-0.093,0.009,0.012,,143308000000,58242000000,0.401,1272.86,57525000000,3831000000,-3186000000,-2573000000,10503000000,,,,,,,,true,false,12,2021-04-01,2022-03-31,0
2022-04-28,4228,2021-03-31,,118851000000,-0.127,,,,,2091000000,-0.439,1956000000,-0.423,,1126000000,,24.86,,0.017,0.013,0.018,,158439000000,70657000000,0.442,1549.84,69955000000,6428000000,-3007000000,-632000000,12498000000,,0.845,,,,,,true,false,12,2020-04-01,2021-03-31,-1
2022-04-28,4228,2023-03-31,,60000000000,0.010,,,,,400000000,-0.388,300000000,-0.600,,100000000,,2.21,,,,,,,,,,,,,,,,,,,,,,true,true,6,2022-04-01,2022-09-30,1
2022-04-28,4228,2023-03-31,,125000000000,0.061,,,,,1800000000,0.230,1600000000,0.141,,900000000,,19.91,,,,,,,,,,,,,,,,0.603,,,,,,true,true,12,2022-04-01,2023-03-31,1
2022-04-28,4228,2022-03-31,,62869000000,,,,,,3107000000,-0.005,4249000000,0.070,-10212000000,,,-226.06,,,,,,121418000000,50995000000,0.420,1128.38,50995000000,,,,,12.00,,,,46988109,1794266,45176402,false,false,12,2021-04-01,2022-03-31,0
2022-04-28,4228,2021-03-31,,66647000000,-0.063,,,,,3124000000,0.332,3972000000,0.327,3749000000,,0.796,82.73,,,,,,134959000000,66524000000,0.493,1473.84,66524000000,,,,,21.00,,,,46988109,1850959,45299849,false,false,12,2020-04-01,2021-03-31,-1
2022-04-28,4228,2023-03-31,,,,,,,,,,,,,,,,,,,,,,,,,,,,,,12.00,,,,,,,false,true,12,2022-04-01,2023-03-31,1
2022-04-28,4228,2022-03-31,,117567000000,,,,,,1463000000,-0.300,1401000000,-0.284,,-5917000000,,-130.99,,-0.093,0.009,0.012,,143308000000,58242000000,0.401,1272.86,57525000000,3831000000,-3186000000,-2573000000,10503000000,,,,,,,,true,false,12,2021-04-01,2022-03-31,0
2022-04-28,4228,2021-03-31,,118851000000,-0.127,,,,,2091000000,-0.439,1956000000,-0.423,,1126000000,,24.86,,0.017,0.013,0.018,,158439000000,70657000000,0.442,1549.84,69955000000,6428000000,-3007000000,-632000000,12498000000,,0.845,,,,,,true,false,12,2020-04-01,2021-03-31,-1
2022-04-28,4228,2023-03-31,,60000000000,0.010,,,,,400000000,-0.388,300000000,-0.600,,100000000,,2.21,,,,,,,,,,,,,,,,,,,,,,true,true,6,2022-04-01,2022-09-30,1
2022-04-28,4228,2023-03-31,,125000000000,0.063,,,,,1800000000,0.230,1600000000,0.141,,900000000,,19.91,,,,,,,,,,,,,,,,0.603,,,,,,true,true,12,2022-04-01,2023-03-31,1
2022-04-28,4228,2022-03-31,,62869000000,,,,,,3107000000,-0.005,4249000000,0.070,-10212000000,,,-226.06,,,,,,120188000000,50995000000,0.424,1128.38,50995000000,,,,,12.00,,,,46988109,1794266,45176402,false,false,12,2021-04-01,2022-03-31,0
2022-04-28,4228,2021-03-31,,66647000000,-0.063,,,,,3124000000,0.332,3972000000,0.327,3749000000,,0.796,82.73,,,,,,134959000000,66524000000,0.493,1473.84,66524000000,,,,,21.00,,,,46988109,1850959,45299849,false,false,12,2020-04-01,2021-03-31,-1
2022-04-28,4228,2023-03-31,,,,,,,,,,,,,,,,,,,,,,,,,,,,,,12.00,,,,,,,false,true,12,2022-04-01,2023-03-31,1
2022-08-02,4228,2023-03-31,1,28441000000,-0.005,,,,,-658000000,,-320000000,,,-569000000,,-12.61,,,,,,145382000000,57503000000,0.390,,56760000000,,,,,,,,,,,,true,false,3,2022-04-01,2022-06-30,0
2022-08-02,4228,2022-03-31,1,28583000000,,,,,,182000000,1.859,251000000,,,120000000,,2.66,,,,,,,,,,,,,,,,,,,,,,true,false,3,2021-04-01,2021-06-30,-1
2022-08-02,4228,2023-03-31,1,60000000000,0.010,,,,,-450000000,,-220000000,,,-700000000,,-15.49,,,,,,,,,,,,,,,,,,,,,,true,true,6,2022-04-01,2022-09-30,0
2022-08-02,4228,2023-03-31,1,125000000000,0.063,,,,,950000000,-0.351,1080000000,-0.230,,100000000,,2.21,,,,,,,,,,,,,,,,,,,,,,true,true,12,2022-04-01,2023-03-31,0
2022-08-02,4228,2022-03-31,1,,,,,,,,,,,,,,,,,,,,143308000000,58242000000,0.401,,57525000000,,,,,,,,,,,,true,false,12,2021-04-01,2022-03-31,-1
2022-08-02,4228,2022-03-31,1,,,,,,,,,,,,,,,,,,,,,,,,,,,,,12.00,,,,46988109,1794266,,false,false,12,2021-04-01,2022-03-31,-1
2022-08-02,4228,2023-03-31,1,,,,,,,,,,,,,,,,,,,,,,,,,,,,,12.00,,,,,,,false,true,12,2022-04-01,2023-03-31,0
2022-08-02,4228,2023-03-31,1,,,,,,,,,,,,,,,,,,,,,,,,,,,,,,,,,46988109,1794266,45193843,false,false,3,2022-04-01,2022-06-30,0
2022-08-02,4228,2022-03-31,1,,,,,,,,,,,,,,,,,,,,,,,,,,,,,,,,,,,45137150,false,false,3,2021-04-01,2021-06-30,-1
2022-08-02,42280,2023-03-31,,60000000000,0.000,,,,,-450000000,,-220000000,,,-700000000,,-15.49,,,,,,,,,,,,,,,,,,,,,,true,true,6,2022-04-01,2022-09-30,0
2022-08-02,42280,2022-03-31,,59419000000,,,,,,653000000,,750000000,,,336000000,,7.46,,,,,,,,,,,,,,,,,,,,,,true,false,6,2021-04-01,2021-09-30,-1
2022-08-02,42280,2023-03-31,,125000000000,0.000,,,,,950000000,-0.472,1080000000,-0.325,,100000000,,2.21,,,,,,,,,,,,,,,,,,,,,,true,true,12,2022-04-01,2023-03-31,0
2022-08-02,42280,2022-03-31,,117567000000,,,,,,1463000000,,1401000000,,,-5917000000,,-130.99,,,,,,,,,,,,,,,,,,,,,,true,false,12,2021-04-01,2022-03-31,-1
2022-10-28,42280,2023-03-31,,60900000000,0.015,,,,,-320000000,,70000000,,,-350000000,,-7.65,,,,,,,,,,,,,,,,,,,,,,true,true,6,2022-04-01,2022-09-30,0
2022-10-28,42280,2022-03-31,,59419000000,,,,,,653000000,,750000000,,,336000000,,7.46,,,,,,,,,,,,,,,,,,,,,,true,false,6,2021-04-01,2021-09-30,-1
2022-10-31,4228,2023-03-31,2,60917000000,0.025,,,,,-312000000,,73000000,-0.902,,-345000000,,-7.65,,,,,,148809000000,59082000000,0.392,,58340000000,,,,,,,,,,,,true,false,6,2022-04-01,2022-09-30,0
2022-10-31,4228,2022-03-31,2,59419000000,,,,,,653000000,0.773,750000000,1.451,,336000000,,7.46,,,,,,,,,,,,,,,,,,,,,,true,false,6,2021-04-01,2021-09-30,-1
2022-10-31,4228,2023-03-31,2,125000000000,0.063,,,,,950000000,-0.351,1080000000,-0.230,,100000000,,2.21,,,,,,,,,,,,,,,,,,,,,,true,true,12,2022-04-01,2023-03-31,0
2022-10-31,4228,2022-03-31,2,,,,,,,,,,,,,,,,,,,,143308000000,58242000000,0.401,,57525000000,,,,,,,,,,,,true,false,12,2021-04-01,2022-03-31,-1
2022-10-31,4228,2022-03-31,2,,,,,,,,,,,,,,,,,,,,,,,,,,,,,12.00,,,,46988109,1794266,,false,false,12,2021-04-01,2022-03-31,-1
2022-10-31,4228,2023-03-31,2,,,,,,,,,,,,,,,,,,,,,,,,,,,,,3.00,,,,,,,false,false,12,2022-04-01,2023-03-31,0
2022-10-31,4228,2023-03-31,2,,,,,,,,,,,,,,,,,,,,,,,,,,,,,12.00,,,,,,,false,true,12,2022-04-01,2023-03-31,0
2022-10-31,4228,2023-03-31,2,,,,,,,,,,,,,,,,,,,,,,,,,,,,,,,,,46988109,1712841,45228750,false,false,6,2022-04-01,2022-09-30,0
2022-10-31,4228,2022-03-31,2,,,,,,,,,,,,,,,,,,,,,,,,,,,,,,,,,,,45161450,false,false,6,2021-04-01,2021-09-30,-1
2023-01-31,4228,2023-03-31,3,93089000000,0.054,,,,,161000000,-0.747,239000000,-0.671,,-245000000,,-5.43,,,,,,152672000000,59171000000,0.383,,58426000000,,,,,,,,,,,,true,false,9,2022-04-01,2022-12-31,0
2023-01-31,4228,2022-03-31,3,88345000000,,,,,,637000000,-0.455,728000000,-0.326,,-6150000000,,-136.15,,,,,,,,,,,,,,,,,,,,,,true,false,9,2021-04-01,2021-12-31,-1
2023-01-31,4228,2023-03-31,3,125000000000,0.063,,,,,950000000,-0.351,1080000000,-0.230,,100000000,,2.21,,,,,,,,,,,,,,,,,,,,,,true,true,12,2022-04-01,2023-03-31,0
2023-01-31,4228,2022-03-31,3,,,,,,,,,,,,,,,,,,,,143308000000,58242000000,0.401,,57525000000,,,,,,,,,,,,true,false,12,2021-04-01,2022-03-31,-1
2023-01-31,4228,2022-03-31,3,,,,,,,,,,,,,,,,,,,,,,,,,,,,,12.00,,,,46988109,1794266,,false,false,12,2021-04-01,2022-03-31,-1
2023-01-31,4228,2023-03-31,3,,,,,,,,,,,,,,,,,,,,,,,,,,,,,3.00,,,,,,,false,false,12,2022-04-01,2023-03-31,0
2023-01-31,4228,2023-03-31,3,,,,,,,,,,,,,,,,,,,,,,,,,,,,,12.00,,,,,,,false,true,12,2022-04-01,2023-03-31,0
2023-01-31,4228,2023-03-31,3,,,,,,,,,,,,,,,,,,,,,,,,,,,,,,,,,46988109,1712925,45242697,false,false,9,2022-04-01,2022-12-31,0
2023-01-31,4228,2022-03-31,3,,,,,,,,,,,,,,,,,,,,,,,,,,,,,,,,,,,45171170,false,false,9,2021-04-01,2021-12-31,-1
2023-04-27,42280,2023-03-31,,124500000000,-0.004,,,,,750000000,-0.210,700000000,-0.351,,450000000,,9.57,,,,,,,,,,,,,,,,,,,,,,true,true,12,2022-04-01,2023-03-31,0
2023-04-27,42280,2022-03-31,,117567000000,,,,,,1463000000,,1401000000,,,-5917000000,,-130.99,,,,,,,,,,,,,,,,,,,,,,true,false,12,2021-04-01,2022-03-31,-1
2023-04-28,4228,2023-03-31,,124683000000,0.061,,,,,793000000,-0.458,704000000,-0.497,,452000000,,10.00,,0.008,0.005,0.006,,145175000000,58464000000,0.398,1275.00,57723000000,3110000000,-993000000,-1542000000,11072000000,,1.200,,,,,,true,false,12,2022-04-01,2023-03-31,0
2023-04-28,4228,2022-03-31,,117567000000,,,,,,1463000000,-0.300,1401000000,-0.284,,-5917000000,,-130.99,,-0.093,0.009,0.012,,143308000000,58242000000,0.401,1272.86,57525000000,3831000000,-3186000000,-2573000000,10503000000,,,,,,,,true,false,12,2021-04-01,2022-03-31,-1
2023-04-28,4228,2024-03-31,,64000000000,0.051,,,,,200000000,,100000000,0.357,,-500000000,,-11.04,,,,,,,,,,,,,,,,,,,,,,true,true,6,2023-04-01,2023-09-30,1
2023-04-28,4228,2024-03-31,,130000000000,0.043,,,,,2000000000,1.522,1700000000,1.413,,550000000,,12.15,,,,,,,,,,,,,,,,0.988,,,,,,true,true,12,2023-04-01,2024-03-31,1
2023-04-28,4228,2023-03-31,,66849000000,0.063,,,,,2380000000,-0.234,130000000,-0.969,324000000,,,7.17,,,,,,122195000000,50894000000,0.416,1124.14,50894000000,,,,,12.00,,,,46988109,1714425,45250078,false,false,12,2022-04-01,2023-03-31,0
2023-04-28,4228,2022-03-31,,62869000000,,,,,,3107000000,-0.005,4249000000,0.070,-10212000000,,,-226.06,,,,,,120188000000,50995000000,0.424,1128.38,50995000000,,,,,12.00,,,,46988109,1794266,45176402,false,false,12,2021-04-01,2022-03-31,-1
2023-04-28,4228,2024-03-31,,,,,,,,,,,,,,,,,,,,,,,,,,,,,,12.00,,,,,,,false,true,12,2023-04-01,2024-03-31,1
2023-04-28,4228,2023-03-31,,124683000000,0.061,,,,,793000000,-0.458,704000000,-0.497,,452000000,,10.00,,0.008,0.005,0.006,,145175000000,58464000000,0.398,1275.00,57723000000,3110000000,-993000000,-1542000000,11072000000,,1.200,,,,,,true,false,12,2022-04-01,2023-03-31,0
2023-04-28,4228,2022-03-31,,117567000000,,,,,,1463000000,-0.300,1401000000,-0.284,,-5917000000,,-130.99,,-0.093,0.009,0.012,,143308000000,58242000000,0.401,1272.86,57525000000,3831000000,-3186000000,-2573000000,10503000000,,,,,,,,true,false,12,2021-04-01,2022-03-31,-1
2023-04-28,4228,2024-03-31,,64000000000,0.051,,,,,200000000,,100000000,0.357,,-500000000,,-11.04,,,,,,,,,,,,,,,,,,,,,,true,true,6,2023-04-01,2023-09-30,1
2023-04-28,4228,2024-03-31,,130000000000,0.043,,,,,2000000000,1.522,1700000000,1.413,,550000000,,12.15,,,,,,,,,,,,,,,,0.988,,,,,,true,true,12,2023-04-01,2024-03-31,1
2023-04-28,4228,2023-03-31,,66849000000,0.063,,,,,2380000000,-0.234,86000000,-0.980,279000000,,,6.19,,,,,,122150000000,50849000000,0.416,1123.17,50849000000,,,,,12.00,,,,46988109,1714425,45250078,false,false,12,2022-04-01,2023-03-31,0
2023-04-28,4228,2022-03-31,,62869000000,,,,,,3107000000,-0.005,4249000000,0.070,-10212000000,,,-226.06,,,,,,120188000000,50995000000,0.424,1128.38,50995000000,,,,,12.00,,,,46988109,1794266,45176402,false,false,12,2021-04-01,2022-03-31,-1
2023-04-28,4228,2024-03-31,,,,,,,,,,,,,,,,,,,,,,,,,,,,,,12.00,,,,,,,false,true,12,2023-04-01,2024-03-31,1
2023-07-28,4228,2024-03-31,1,30788000000,0.083,,,,,-588000000,,-88000000,,,-374000000,,-8.28,,,,,,143448000000,56786000000,0.391,,56039000000,,,,,,,,,,,,true,false,3,2023-04-01,2023-06-30,0
2023-07-28,4228,2023-03-31,1,28441000000,-0.005,,,,,-658000000,,-320000000,,,-569000000,,-12.61,,,,,,,,,,,,,,,,,,,,,,true,false,3,2022-04-01,2022-06-30,-1
2023-07-28,4228,2024-03-31,1,64000000000,0.051,,,,,200000000,,100000000,0.357,,-500000000,,-11.04,,,,,,,,,,,,,,,,,,,,,,true,true,6,2023-04-01,2023-09-30,0
2023-07-28,4228,2024-03-31,1,130000000000,0.043,,,,,2000000000,1.522,1700000000,1.413,,550000000,,12.15,,,,,,,,,,,,,,,,,,,,,,true,true,12,2023-04-01,2024-03-31,0
2023-07-28,4228,2023-03-31,1,,,,,,,,,,,,,,,,,,,,145175000000,58464000000,0.398,,57723000000,,,,,,,,,,,,true,false,12,2022-04-01,2023-03-31,-1
2023-07-28,4228,2023-03-31,1,,,,,,,,,,,,,,,,,,,,,,,,,,,,,12.00,,,,46988109,1714425,,false,false,12,2022-04-01,2023-03-31,-1
2023-07-28,4228,2024-03-31,1,,,,,,,,,,,,,,,,,,,,,,,,,,,,,12.00,,,,,,,false,true,12,2023-04-01,2024-03-31,0
2023-07-28,4228,2024-03-31,1,,,,,,,,,,,,,,,,,,,,,,,,,,,,,,,,,46988109,1714425,45273684,false,false,3,2023-04-01,2023-06-30,0
2023-07-28,4228,2023-03-31,1,,,,,,,,,,,,,,,,,,,,,,,,,,,,,,,,,,,45193843,false,false,3,2022-04-01,2022-06-30,-1
2023-10-27,42280,2024-03-31,,64000000000,0.000,,,,,300000000,0.500,1100000000,,,400000000,,8.82,,,,,,,,,,,,,,,,,,,,,,true,true,6,2023-04-01,2023-09-30,0
2023-10-27,42280,2023-03-31,,60917000000,,,,,,-312000000,,73000000,,,-345000000,,-7.65,,,,,,,,,,,,,,,,,,,,,,true,false,6,2022-04-01,2022-09-30,-1
2023-10-27,42280,2024-03-31,,130000000000,0.000,,,,,1300000000,-0.350,1700000000,0.000,,550000000,,12.15,,,,,,,,,,,,,,,,,,,,,,true,true,12,2023-04-01,2024-03-31,0
2023-10-27,42280,2023-03-31,,124683000000,,,,,,793000000,,704000000,,,452000000,,10.00,,,,,,,,,,,,,,,,,,,,,,true,false,12,2022-04-01,2023-03-31,-1
2023-10-31,4228,2024-03-31,2,64996000000,0.067,,,,,338000000,,1168000000,,,459000000,,10.15,,,,,,147280000000,56568000000,0.379,,55825000000,,,,,,,,,,,,true,false,6,2023-04-01,2023-09-30,0
2023-10-31,4228,2023-03-31,2,60917000000,0.025,,,,,-312000000,,73000000,-0.902,,-345000000,,-7.65,,,,,,,,,,,,,,,,,,,,,,true,false,6,2022-04-01,2022-09-30,-1
2023-10-31,4228,2024-03-31,2,130000000000,0.043,,,,,1300000000,0.639,1700000000,1.413,,550000000,,12.15,,,,,,,,,,,,,,,,,,,,,,true,true,12,2023-04-01,2024-03-31,0
2023-10-31,4228,2023-03-31,2,,,,,,,,,,,,,,,,,,,,145175000000,58464000000,0.398,,57723000000,,,,,,,,,,,,true,false,12,2022-04-01,2023-03-31,-1
2023-10-31,4228,2023-03-31,2,,,,,,,,,,,,,,,,,,,,,,,,,,,,,12.00,,,,46988109,1714425,,false,false,12,2022-04-01,2023-03-31,-1
2023-10-31,4228,2024-03-31,2,,,,,,,,,,,,,,,,,,,,,,,,,,,,,3.00,,,,,,,false,false,12,2023-04-01,2024-03-31,0
2023-10-31,4228,2024-03-31,2,,,,,,,,,,,,,,,,,,,,,,,,,,,,,12.00,,,,,,,false,true,12,2023-04-01,2024-03-31,0
2023-10-31,4228,2024-03-31,2,,,,,,,,,,,,,,,,,,,,,,,,,,,,,,,,,46988109,1614133,45316666,false,false,6,2023-04-01,2023-09-30,0
2023-10-31,4228,2023-03-31,2,,,,,,,,,,,,,,,,,,,,,,,,,,,,,,,,,,,45228750,false,false,6,2022-04-01,2022-09-30,-1
2024-01-31,4228,2024-03-31,3,97592000000,0.048,,,,,492000000,2.054,768000000,2.208,,-244000000,,-5.40,,,,,,147809000000,56967000000,0.380,,56220000000,,,,,,,,,,,,true,false,9,2023-04-01,2023-12-31,0
2024-01-31,4228,2023-03-31,3,93089000000,0.054,,,,,161000000,-0.747,239000000,-0.671,,-245000000,,-5.43,,,,,,,,,,,,,,,,,,,,,,true,false,9,2022-04-01,2022-12-31,-1
2024-01-31,4228,2024-03-31,3,130000000000,0.043,,,,,1300000000,0.639,1700000000,1.413,,550000000,,12.15,,,,,,,,,,,,,,,,,,,,,,true,true,12,2023-04-01,2024-03-31,0
2024-01-31,4228,2023-03-31,3,,,,,,,,,,,,,,,,,,,,145175000000,58464000000,0.398,,57723000000,,,,,,,,,,,,true,false,12,2022-04-01,2023-03-31,-1
2024-01-31,4228,2023-03-31,3,,,,,,,,,,,,,,,,,,,,,,,,,,,,,12.00,,,,46988109,1714425,,false,false,12,2022-04-01,2023-03-31,-1
2024-01-31,4228,2024-03-31,3,,,,,,,,,,,,,,,,,,,,,,,,,,,,,3.00,,,,,,,false,false,12,2023-04-01,2024-03-31,0
2024-01-31,4228,2024-03-31,3,,,,,,,,,,,,,,,,,,,,,,,,,,,,,12.00,,,,,,,false,true,12,2023-04-01,2024-03-31,0
2024-01-31,4228,2024-03-31,3,,,,,,,,,,,,,,,,,,,,,,,,,,,,,,,,,46988109,1614134,45333859,false,false,9,2023-04-01,2023-12-31,0
2024-01-31,4228,2023-03-31,3,,,,,,,,,,,,,,,,,,,,,,,,,,,,,,,,,,,45242697,false,false,9,2022-04-01,2022-12-31,-1
2024-04-30,4228,2024-03-31,,130265000000,0.045,,,,,1261000000,0.590,2733000000,2.881,,1083000000,,23.90,,0.019,0.019,0.010,,146473000000,56821000000,0.383,1235.52,56060000000,7375000000,-3779000000,-3658000000,10867000000,,0.544,,,,,,true,false,12,2023-04-01,2024-03-31,0
2024-04-30,4228,2023-03-31,,124683000000,0.061,,,,,793000000,-0.458,704000000,-0.497,,452000000,,10.00,,0.008,0.005,0.006,,145175000000,58464000000,0.398,1275.00,57723000000,3110000000,-993000000,-1542000000,11072000000,,1.200,,,,,,true,false,12,2022-04-01,2023-03-31,-1
2024-04-30,4228,2025-03-31,,66000000000,0.015,,,,,800000000,1.365,700000000,-0.401,,200000000,,4.41,,,,,,,,,,,,,,,,,,,,,,true,true,6,2024-04-01,2024-09-30,1
2024-04-30,4228,2025-03-31,,132000000000,0.013,,,,,2500000000,0.982,2200000000,-0.195,,850000000,,18.73,,,,,,,,,,,,,,,,0.694,,,,,,true,true,12,2024-04-01,2025-03-31,1
2024-04-30,4228,2024-03-31,,63681000000,-0.047,,,,,408000000,-0.828,-325000000,,-1023000000,,,-22.57,,,,,,120710000000,48779000000,0.404,1075.05,48779000000,,,,,13.00,,,,46988109,1614299,45343080,false,false,12,2023-04-01,2024-03-31,0
2024-04-30,4228,2023-03-31,,66849000000,0.063,,,,,2380000000,-0.234,86000000,-0.980,279000000,,,6.19,,,,,,122150000000,50849000000,0.416,1123.17,50849000000,,,,,12.00,,,,46988109,1714425,45250078,false,false,12,2022-04-01,2023-03-31,-1
2024-04-30,4228,2025-03-31,,,,,,,,,,,,,,,,,,,,,,,,,,,,,,13.00,,,,,,,false,true,12,2024-04-01,2025-03-31,1
2024-04-30,42280,2024-03-31,,130000000000,0.000,,,,,1250000000,-0.038,2700000000,0.588,,1050000000,,23.16,,,,,,,,,,,,,,,,,,,,,,true,true,12,2023-04-01,2024-03-31,0
2024-04-30,42280,2023-03-31,,124683000000,,,,,,793000000,,704000000,,,452000000,,10.00,,,,,,,,,,,,,,,,,,,,,,true,false,12,2022-04-01,2023-03-31,-1
2024-07-31,4228,2025-03-31,1,33792000000,0.098,,,,,-220000000,,517000000,,,124000000,,2.75,,,,,,146930000000,55012000000,0.369,,54250000000,,,,,,,,,,,,true,false,3,2024-04-01,2024-06-30,0
2024-07-31,4228,2024-03-31,1,30788000000,0.083,,,,,-588000000,,-88000000,,,-374000000,,-8.28,,,,,,,,,,,,,,,,,,,,,,true,false,3,2023-04-01,2023-06-30,-1
2024-07-31,4228,2025-03-31,1,66000000000,0.015,,,,,800000000,1.365,700000000,-0.401,,200000000,,4.41,,,,,,,,,,,,,,,,,,,,,,true,true,6,2024-04-01,2024-09-30,0
2024-07-31,4228,2025-03-31,1,132000000000,0.013,,,,,2500000000,0.982,2200000000,-0.195,,850000000,,18.73,,,,,,,,,,,,,,,,,,,,,,true,true,12,2024-04-01,2025-03-31,0
2024-07-31,4228,2024-03-31,1,,,,,,,,,,,,,,,,,,,,146473000000,56821000000,0.383,,56060000000,,,,,,,,,,,,true,false,12,2023-04-01,2024-03-31,-1
2024-07-31,4228,2024-03-31,1,,,,,,,,,,,,,,,,,,,,,,,,,,,,,13.00,,,,46988109,1614299,,false,false,12,2023-04-01,2024-03-31,-1
2024-07-31,4228,2025-03-31,1,,,,,,,,,,,,,,,,,,,,,,,,,,,,,13.00,,,,,,,false,true,12,2024-04-01,2025-03-31,0
2024-07-31,4228,2025-03-31,1,,,,,,,,,,,,,,,,,,,,,,,,,,,,,,,,,46988109,1614394,45373762,false,false,3,2024-04-01,2024-06-30,0
2024-07-31,4228,2024-03-31,1,,,,,,,,,,,,,,,,,,,,,,,,,,,,,,,,,,,45273684,false,false,3,2023-04-01,2023-06-30,-1
2024-10-29,42280,2025-03-31,,69000000000,0.045,,,,,70000000,-0.913,-380000000,,,-380000000,,-8.36,,,,,,,,,,,,,,,,,,,,,,true,true,6,2024-04-01,2024-09-30,0
2024-10-29,42280,2024-03-31,,64996000000,,,,,,338000000,,1168000000,,,459000000,,10.15,,,,,,,,,,,,,,,,,,,,,,true,false,6,2023-04-01,2023-09-30,-1
2024-10-29,42280,2025-03-31,,134000000000,0.015,,,,,1000000000,-0.600,700000000,-0.682,,400000000,,8.80,,,,,,,,,,,,,,,,,,,,,,true,true,12,2024-04-01,2025-03-31,0
2024-10-29,42280,2024-03-31,,130265000000,,,,,,1261000000,,2733000000,,,1083000000,,23.90,,,,,,,,,,,,,,,,,,,,,,true,false,12,2023-04-01,2024-03-31,-1
2024-10-31,4228,2025-03-31,2,69061000000,0.063,,,,,78000000,-0.767,-378000000,,,-371000000,,-8.19,,,,,,144974000000,56217000000,0.383,,55456000000,,,,,,,,,,,,true,false,6,2024-04-01,2024-09-30,0
2024-10-31,4228,2024-03-31,2,64996000000,0.067,,,,,338000000,,1168000000,,,459000000,,10.15,,,,,,,,,,,,,,,,,,,,,,true,false,6,2023-04-01,2023-09-30,-1
2024-10-31,4228,2025-03-31,2,134000000000,0.029,,,,,1000000000,-0.207,700000000,-0.744,,400000000,,8.80,,,,,,,,,,,,,,,,,,,,,,true,true,12,2024-04-01,2025-03-31,0
2024-10-31,4228,2024-03-31,2,,,,,,,,,,,,,,,,,,,,146473000000,56821000000,0.383,,56060000000,,,,,,,,,,,,true,false,12,2023-04-01,2024-03-31,-1
2024-10-31,4228,2024-03-31,2,,,,,,,,,,,,,,,,,,,,,,,,,,,,,13.00,,,,46988109,1614299,,false,false,12,2023-04-01,2024-03-31,-1
2024-10-31,4228,2025-03-31,2,,,,,,,,,,,,,,,,,,,,,,,,,,,,,3.00,,,,,,,false,false,12,2024-04-01,2025-03-31,0
2024-10-31,4228,2025-03-31,2,,,,,,,,,,,,,,,,,,,,,,,,,,,,,13.00,,,,,,,false,true,12,2024-04-01,2025-03-31,0
2024-10-31,4228,2025-03-31,2,,,,,,,,,,,,,,,,,,,,,,,,,,,,,,,,,46988109,1525694,45411756,false,false,6,2024-04-01,2024-09-30,0
2024-10-31,4228,2024-03-31,2,,,,,,,,,,,,,,,,,,,,,,,,,,,,,,,,,,,45316666,false,false,6,2023-04-01,2023-09-30,-1
2025-01-31,4228,2025-03-31,3,103967000000,0.065,,,,,291000000,-0.407,315000000,-0.589,,25000000,,0.56,,,,,,147941000000,56148000000,0.374,,55387000000,,,,,,,,,,,,true,false,9,2024-04-01,2024-12-31,0
2025-01-31,4228,2024-03-31,3,97592000000,0.048,,,,,492000000,2.054,768000000,2.208,,-244000000,,-5.40,,,,,,,,,,,,,,,,,,,,,,true,false,9,2023-04-01,2023-12-31,-1
2025-01-31,4228,2025-03-31,3,134000000000,0.029,,,,,1000000000,-0.207,700000000,-0.744,,400000000,,8.80,,,,,,,,,,,,,,,,,,,,,,true,true,12,2024-04-01,2025-03-31,0
2025-01-31,4228,2024-03-31,3,,,,,,,,,,,,,,,,,,,,146473000000,56821000000,0.383,,56060000000,,,,,,,,,,,,true,false,12,2023-04-01,2024-03-31,-1
2025-01-31,4228,2024-03-31,3,,,,,,,,,,,,,,,,,,,,,,,,,,,,,13.00,,,,46988109,1614299,,false,false,12,2023-04-01,2024-03-31,-1
2025-01-31,4228,2025-03-31,3,,,,,,,,,,,,,,,,,,,,,,,,,,,,,3.00,,,,,,,false,false,12,2024-04-01,2025-03-31,0
2025-01-31,4228,2025-03-31,3,,,,,,,,,,,,,,,,,,,,,,,,,,,,,13.00,,,,,,,false,true,12,2024-04-01,2025-03-31,0
2025-01-31,4228,2025-03-31,3,,,,,,,,,,,,,,,,,,,,,,,,,,,,,,,,,46988109,1525782,45426942,false,false,9,2024-04-01,2024-12-31,0
2025-01-31,4228,2024-03-31,3,,,,,,,,,,,,,,,,,,,,,,,,,,,,,,,,,,,45333859,false,false,9,2023-04-01,2023-12-31,-1
2025-04-25,42280,2025-03-31,,136000000000,0.015,,,,,740000000,-0.260,200000000,-0.714,,-7400000000,,-162.87,,,,,,,,,,,,,,,,,,,,,,true,true,12,2024-04-01,2025-03-31,0
2025-04-25,42280,2024-03-31,,130265000000,,,,,,1261000000,,2733000000,,,1083000000,,23.90,,,,,,,,,,,,,,,,,,,,,,true,false,12,2023-04-01,2024-03-31,-1
2025-04-25,42280,2025-03-31,,66000000000,,,,,,900000000,,-4900000000,,-8400000000,,,-184.88,,,,,,,,,,,,,,,3.00,,,,,,,false,true,12,2024-04-01,2025-03-31,0
2025-04-25,42280,2024-03-31,,63681000000,,,,,,408000000,,-325000000,,-1023000000,,,-22.57,,,,,,,,,,,,,,,13.00,,,,,,,false,false,12,2023-04-01,2024-03-31,-1
2025-04-25,42280,2025-03-31,,,,,,,,,,,,,,,,,,,,,,,,,,,,,,3.00,,,,,,,false,false,12,2024-04-01,2025-03-31,0
2025-05-09,4228,2025-03-31,,137072000000,0.052,,,,,641000000,-0.492,102000000,-0.962,,-6282000000,,-138.28,,-0.120,0.001,0.005,,136238000000,49670000000,0.359,1075.86,48911000000,4753000000,-5694000000,-618000000,9128000000,,,,,,,,true,false,12,2024-04-01,2025-03-31,0
2025-05-09,4228,2024-03-31,,130265000000,0.045,,,,,1261000000,0.590,2733000000,2.881,,1083000000,,23.90,,0.019,0.019,0.010,,146473000000,56821000000,0.383,1235.52,56060000000,7375000000,-3779000000,-3658000000,10867000000,,0.544,,,,,,true,false,12,2023-04-01,2024-03-31,-1
2025-05-09,4228,2026-03-31,,65000000000,-0.059,,,,,200000000,1.532,0,,,-1500000000,,-32.99,,,,,,,,,,,,,,,,,,,,,,true,true,6,2025-04-01,2025-09-30,1
2025-05-09,4228,2026-03-31,,114000000000,-0.168,,,,,1800000000,1.807,1400000000,,,0,,0.00,,,,,,,,,,,,,,,,,,,,,,true,true,12,2025-04-01,2026-03-31,1
2025-05-09,4228,2025-03-31,,66604000000,0.046,,,,,919000000,1.251,-4866000000,,-8405000000,,,-185.01,,,,,,114048000000,39404000000,0.346,866.75,39404000000,,,,,3.00,,,,46988109,1525782,45435108,false,false,12,2024-04-01,2025-03-31,0
2025-05-09,4228,2024-03-31,,63681000000,-0.047,,,,,408000000,-0.828,-325000000,,-1023000000,,,-22.57,,,,,,120710000000,48779000000,0.404,1075.05,48779000000,,,,,13.00,,,,46988109,1614299,45343080,false,false,12,2023-04-01,2024-03-31,-1
2025-05-09,4228,2026-03-31,,,,,,,,,,,,,,,,,,,,,,,,,,,,,,10.00,,,,,,,false,true,12,2025-04-01,2026-03-31,1
2025-07-31,4228,2026-03-31,1,31960000000,-0.054,,,,,262000000,,221000000,-0.573,,311000000,,6.85,,,,,,135096000000,48708000000,0.355,,47947000000,,,,,,,,,,,,true,false,3,2025-04-01,2025-06-30,0
2025-07-31,4228,2025-03-31,1,33792000000,0.098,,,,,-220000000,,517000000,,,124000000,,2.75,,,,,,,,,,,,,,,,,,,,,,true,false,3,2024-04-01,2024-06-30,-1
2025-07-31,4228,2026-03-31,1,65000000000,-0.059,,,,,200000000,1.532,0,,,-1500000000,,-32.99,,,,,,,,,,,,,,,,,,,,,,true,true,6,2025-04-01,2025-09-30,0
2025-07-31,4228,2026-03-31,1,114000000000,-0.168,,,,,1800000000,1.807,1400000000,,,0,,0.00,,,,,,,,,,,,,,,,,,,,,,true,true,12,2025-04-01,2026-03-31,0
2025-07-31,4228,2025-03-31,1,,,,,,,,,,,,,,,,,,,,136238000000,49670000000,0.359,,48911000000,,,,,,,,,,,,true,false,12,2024-04-01,2025-03-31,-1
2025-07-31,4228,2025-03-31,1,,,,,,,,,,,,,,,,,,,,,,,,,,,,,3.00,,,,46988109,1525782,,false,false,12,2024-04-01,2025-03-31,-1
2025-07-31,4228,2026-03-31,1,,,,,,,,,,,,,,,,,,,,,,,,,,,,,10.00,,,,,,,false,true,12,2025-04-01,2026-03-31,0
2025-07-31,4228,2026-03-31,1,,,,,,,,,,,,,,,,,,,,,,,,,,,,,,,,,46988109,1525782,45462327,false,false,3,2025-04-01,2025-06-30,0
2025-07-31,4228,2025-03-31,1,,,,,,,,,,,,,,,,,,,,,,,,,,,,,,,,,,,45373762,false,false,3,2024-04-01,2024-06-30,-1
