filing_date,code,fiscal_year_end,quarterly_period,net_sales,net_sales_change,revenue,revenue_change,operating_revenue,operating_revenue_change,operating_profit,operating_profit_change,ordinary_profit,ordinary_profit_change,net_income,net_income_of_parent,net_income_change,eps,diluted_eps,roe,roa,operating_profit_to_net_sales,operating_profit_to_revenue,total_assets,net_assets,equity_ratio,bps,owner_equity,operating_cash_flow,investing_cash_flow,financing_cash_flow,cash,dividend_per_share,payout_ratio,commemorative_dividend,extra_dividend,number_of_shares,number_of_treqsury_shares,avg_number_of_shares,is_consolidated,is_forecast,duration,period_start,period_end,period_pos
2015-05-15,42290,2015-03-31,,27955000000,0.055,,,,,1339000000,-0.016,1549000000,0.018,1220000000,,0.052,17.01,,0.033,0.033,0.048,,48018000000,39394000000,0.793,531.01,38097000000,3307000000,-702000000,-765000000,8618000000,,0.353,,,,,,true,false,12,2014-04-01,2015-03-31,0
2015-05-15,42290,2014-03-31,,26494000000,0.064,,,,,1361000000,-0.109,1522000000,-0.131,1161000000,,0.054,16.18,,0.032,0.034,0.051,,44974000000,37493000000,0.806,505.40,36270000000,3524000000,-564000000,-774000000,6789000000,,0.371,,,,,,true,false,12,2013-04-01,2014-03-31,-1
2015-05-15,42290,2016-03-31,,14300000000,0.024,,,,,1100000000,0.653,1200000000,0.542,,800000000,,11.15,,,,,,,,,,,,,,,,,,,,,,true,true,6,2015-04-01,2015-09-30,1
2015-05-15,42290,2016-03-31,,28000000000,0.002,,,,,1800000000,0.344,2000000000,0.291,,1300000000,,18.12,,,,,,,,,,,,,,,,0.331,,,,,,true,true,12,2015-04-01,2016-03-31,1
2015-05-15,42290,2015-03-31,,23415000000,0.024,,,,,1429000000,0.272,1748000000,0.256,1386000000,,0.206,19.29,,,,,,44186000000,36704000000,0.831,510.81,36704000000,,,,,6.00,,,,89983085,18236931,71757434,false,false,12,2014-04-01,2015-03-31,0
2015-05-15,42290,2014-03-31,,22869000000,0.050,,,,,1124000000,-0.044,1391000000,-0.050,1149000000,,0.155,15.99,,,,,,42256000000,34998000000,0.828,486.98,34998000000,,,,,6.00,,,,89983085,18218497,71774812,false,false,12,2013-04-01,2014-03-31,-1
2015-05-15,42290,2016-03-31,,,,,,,,,,,,,,,,,,,,,,,,,,,,,,6.00,,,,,,,false,true,12,2015-04-01,2016-03-31,1
2015-07-31,42290,2016-03-31,1,7044000000,-0.001,,,,,700000000,0.915,703000000,0.790,,456000000,,6.36,,,,,,47877000000,39870000000,0.806,,38573000000,,,,,,,,,,,,true,false,3,2015-04-01,2015-06-30,0
2015-07-31,42290,2015-03-31,1,7054000000,0.043,,,,,365000000,-0.221,392000000,-0.203,,691000000,,9.64,,,,,,,,,,,,,,,,,,,,,,true,false,3,2014-04-01,2014-06-30,-1
2015-07-31,42290,2016-03-31,1,14300000000,0.024,,,,,1100000000,0.653,1200000000,0.542,,800000000,,11.15,,,,,,,,,,,,,,,,,,,,,,true,true,6,2015-04-01,2015-09-30,0
2015-07-31,42290,2016-03-31,1,28000000000,0.002,,,,,1800000000,0.344,2000000000,0.291,,1300000000,,18.12,,,,,,,,,,,,,,,,,,,,,,true,true,12,2015-04-01,2016-03-31,0
2015-07-31,42290,2015-03-31,1,,,,,,,,,,,,,,,,,,,,48018000000,39394000000,0.793,,38097000000,,,,,,,,,,,,true,false,12,2014-04-01,2015-03-31,-1
2015-07-31,42290,2015-03-31,1,,,,,,,,,,,,,,,,,,,,,,,,,,,,,6.00,,,,89983085,18236931,,false,false,12,2014-04-01,2015-03-31,-1
2015-07-31,42290,2016-03-31,1,,,,,,,,,,,,,,,,,,,,,,,,,,,,,6.00,,,,,,,false,true,12,2015-04-01,2016-03-31,0
2015-07-31,42290,2016-03-31,1,,,,,,,,,,,,,,,,,,,,,,,,,,,,,,,,,89983085,18239580,71744561,false,false,3,2015-04-01,2015-06-30,0
2015-07-31,42290,2015-03-31,1,,,,,,,,,,,,,,,,,,,,,,,,,,,,,,,,,,,71763566,false,false,3,2014-04-01,2014-06-30,-1
2015-10-30,42290,2016-03-31,2,13429000000,-0.039,,,,,1241000000,0.866,1267000000,0.629,,937000000,,13.07,,,,,,47177000000,39806000000,0.816,,38496000000,,,,,,,,,,,,true,false,6,2015-04-01,2015-09-30,0
2015-10-30,42290,2015-03-31,2,13970000000,0.044,,,,,665000000,-0.077,778000000,-0.048,,988000000,,13.78,,,,,,,,,,,,,,,,,,,,,,true,false,6,2014-04-01,2014-09-30,-1
2015-10-30,42290,2016-03-31,2,28000000000,0.002,,,,,1800000000,0.344,2000000000,0.291,,1300000000,,18.12,,,,,,,,,,,,,,,,,,,,,,true,true,12,2015-04-01,2016-03-31,0
2015-10-30,42290,2015-03-31,2,,,,,,,,,,,,,,,,,,,,48018000000,39394000000,0.793,,38097000000,,,,,,,,,,,,true,false,12,2014-04-01,2015-03-31,-1
2015-10-30,42290,2015-03-31,2,,,,,,,,,,,,,,,,,,,,,,,,,,,,,6.00,,,,89983085,18236931,,false,false,12,2014-04-01,2015-03-31,-1
2015-10-30,42290,2016-03-31,2,,,,,,,,,,,,,,,,,,,,,,,,,,,,,3.00,,,,,,,false,false,12,2015-04-01,2016-03-31,0
2015-10-30,42290,2016-03-31,2,,,,,,,,,,,,,,,,,,,,,,,,,,,,,6.00,,,,,,,false,true,12,2015-04-01,2016-03-31,0
2015-10-30,42290,2016-03-31,2,,,,,,,,,,,,,,,,,,,,,,,,,,,,,,,,,89983085,18243028,71743030,false,false,6,2015-04-01,2015-09-30,0
2015-10-30,42290,2015-03-31,2,,,,,,,,,,,,,,,,,,,,,,,,,,,,,,,,,,,71761800,false,false,6,2014-04-01,2014-09-30,-1
2016-01-29,42290,2016-03-31,3,19485000000,-0.070,,,,,1665000000,0.435,1724000000,0.297,,1292000000,,18.02,,,,,,50473000000,39930000000,0.768,,38744000000,,,,,,,,,,,,true,false,9,2015-04-01,2015-12-31,0
2016-01-29,42290,2015-03-31,3,20962000000,0.048,,,,,1160000000,0.014,1329000000,0.050,,1534000000,,21.38,,,,,,,,,,,,,,,,,,,,,,true,false,9,2014-04-01,2014-12-31,-1
2016-01-29,42290,2016-03-31,3,28000000000,0.002,,,,,1800000000,0.344,2000000000,0.291,,1300000000,,18.12,,,,,,,,,,,,,,,,,,,,,,true,true,12,2015-04-01,2016-03-31,0
2016-01-29,42290,2015-03-31,3,,,,,,,,,,,,,,,,,,,,48018000000,39394000000,0.793,,38097000000,,,,,,,,,,,,true,false,12,2014-04-01,2015-03-31,-1
2016-01-29,42290,2015-03-31,3,,,,,,,,,,,,,,,,,,,,,,,,,,,,,6.00,,,,89983085,18236931,,false,false,12,2014-04-01,2015-03-31,-1
2016-01-29,42290,2016-03-31,3,,,,,,,,,,,,,,,,,,,,,,,,,,,,,3.00,,,,,,,false,false,12,2015-04-01,2016-03-31,0
2016-01-29,42290,2016-03-31,3,,,,,,,,,,,,,,,,,,,,,,,,,,,,,6.00,,,,,,,false,true,12,2015-04-01,2016-03-31,0
2016-01-29,42290,2016-03-31,3,,,,,,,,,,,,,,,,,,,,,,,,,,,,,,,,,89983085,18254056,71741323,false,false,9,2015-04-01,2015-12-31,0
2016-01-29,42290,2015-03-31,3,,,,,,,,,,,,,,,,,,,,,,,,,,,,,,,,,,,71759994,false,false,9,2014-04-01,2014-12-31,-1
2016-05-13,42290,2016-03-31,,25589000000,-0.085,,,,,2058000000,0.537,2151000000,0.389,,1362000000,,19.03,,0.036,0.044,0.080,,48806000000,38868000000,0.771,531.63,37641000000,2677000000,-1813000000,1856000000,11242000000,,0.315,,,,,,true,false,12,2015-04-01,2016-03-31,0
2016-05-13,42290,2015-03-31,,27955000000,0.055,,,,,1339000000,-0.016,1549000000,0.018,,1220000000,,17.01,,0.033,0.033,0.048,,48018000000,39394000000,0.793,531.01,38097000000,3307000000,-702000000,-765000000,8618000000,,0.353,,,,,,true,false,12,2014-04-01,2015-03-31,-1
2016-05-13,42290,2017-03-31,,12700000000,-0.054,,,,,1100000000,-0.114,1100000000,-0.132,,800000000,,11.18,,,,,,,,,,,,,,,,,,,,,,true,true,6,2016-04-01,2016-09-30,1
2016-05-13,42290,2017-03-31,,25600000000,0.000,,,,,2100000000,0.020,2200000000,0.022,,1500000000,,20.96,,,,,,,,,,,,,,,,0.283,,,,,,true,true,12,2016-04-01,2017-03-31,1
2016-05-13,42290,2016-03-31,,21358000000,-0.088,,,,,1801000000,0.260,1988000000,0.138,1363000000,,-0.017,19.02,,,,,,45731000000,36554000000,0.799,515.44,36554000000,,,,,6.00,,,,89983085,19178738,71565275,false,false,12,2015-04-01,2016-03-31,0
2016-05-13,42290,2015-03-31,,23415000000,0.024,,,,,1429000000,0.272,1748000000,0.256,1386000000,,0.206,19.29,,,,,,44186000000,36704000000,0.831,510.81,36704000000,,,,,6.00,,,,89983085,18236931,71757434,false,false,12,2014-04-01,2015-03-31,-1
2016-05-13,42290,2017-03-31,,,,,,,,,,,,,,,,,,,,,,,,,,,,,,6.00,,,,,,,false,true,12,2016-04-01,2017-03-31,1
,42290,2017-03-31,,,,,,,,,,,,,,,,,,,,,,,,,,,,,,30.00,,,,,,,false,true,12,2016-04-01,2017-03-31,0
,42290,2016-03-31,,,,,,,,,,,,,,,,,,,,,,,,,,,,,,6.00,,,,,,,false,false,12,2015-04-01,2016-03-31,-1
2016-07-29,42290,2017-03-31,1,6384000000,-0.094,,,,,701000000,0.002,679000000,-0.034,,503000000,,7.15,,,,,,48473000000,38522000000,0.771,,37391000000,,,,,,,,,,,,true,false,3,2016-04-01,2016-06-30,0
2016-07-29,42290,2016-03-31,1,7044000000,-0.001,,,,,700000000,0.915,703000000,0.790,,456000000,,6.36,,,,,,,,,,,,,,,,,,,,,,true,false,3,2015-04-01,2015-06-30,-1
2016-07-29,42290,2017-03-31,1,12700000000,-0.054,,,,,1100000000,-0.114,1100000000,-0.132,,800000000,,11.18,,,,,,,,,,,,,,,,,,,,,,true,true,6,2016-04-01,2016-09-30,0
2016-07-29,42290,2017-03-31,1,25600000000,0.000,,,,,2100000000,0.020,2200000000,0.022,,1500000000,,209.60,,,,,,,,,,,,,,,,,,,,,,true,true,12,2016-04-01,2017-03-31,0
2016-07-29,42290,2016-03-31,1,,,,,,,,,,,,,,,,,,,,48806000000,38868000000,0.771,,37641000000,,,,,,,,,,,,true,false,12,2015-04-01,2016-03-31,-1
2016-07-29,42290,2016-03-31,1,,,,,,,,,,,,,,,,,,,,,,,,,,,,,6.00,,,,89983085,19178738,,false,false,12,2015-04-01,2016-03-31,-1
2016-07-29,42290,2017-03-31,1,,,,,,,,,,,,,,,,,,,,,,,,,,,,,30.00,,,,,,,false,true,12,2016-04-01,2017-03-31,0
2016-07-29,42290,2017-03-31,1,,,,,,,,,,,,,,,,,,,,,,,,,,,,,,,,,89983085,19702207,70463876,false,false,3,2016-04-01,2016-06-30,0
2016-07-29,42290,2016-03-31,1,,,,,,,,,,,,,,,,,,,,,,,,,,,,,,,,,,,71744561,false,false,3,2015-04-01,2015-06-30,-1
,42290,2017-03-31,,,,,,,,,,,,,,,,,,,,,,,,,,,,,,40.00,,,,,,,false,true,12,2016-04-01,2017-03-31,0
,42290,2017-03-31,,,,,,,,,,,,,,,,,,,,,,,,,,,,,,4.00,,,,,,,false,false,12,2016-04-01,2017-03-31,0
,42290,2016-03-31,,,,,,,,,,,,,,,,,,,,,,,,,,,,,,6.00,,,,,,,false,false,12,2015-04-01,2016-03-31,-1
2016-10-31,42290,2017-03-31,2,12599000000,-0.062,,,,,1332000000,0.073,1374000000,0.084,,1002000000,,143.00,,,,,,48830000000,38928000000,0.775,,37851000000,,,,,,,,,,,,true,false,6,2016-04-01,2016-09-30,0
2016-10-31,42290,2016-03-31,2,13429000000,-0.039,,,,,1241000000,0.866,1267000000,0.629,,937000000,,130.71,,,,,,,,,,,,,,,,,,,,,,true,false,6,2015-04-01,2015-09-30,-1
2016-10-31,42290,2017-03-31,2,25600000000,0.000,,,,,2100000000,0.020,2200000000,0.022,,1500000000,,209.60,,,,,,,,,,,,,,,,,,,,,,true,true,12,2016-04-01,2017-03-31,0
2016-10-31,42290,2016-03-31,2,,,,,,,,,,,,,,,,,,,,48806000000,38868000000,0.771,,37641000000,,,,,,,,,,,,true,false,12,2015-04-01,2016-03-31,-1
2016-10-31,42290,2016-03-31,2,,,,,,,,,,,,,,,,,,,,,,,,,,,,,6.00,,,,8998308,1917873,,false,false,12,2015-04-01,2016-03-31,-1
2016-10-31,42290,2017-03-31,2,,,,,,,,,,,,,,,,,,,,,,,,,,,,,4.00,,,,,,,false,false,12,2016-04-01,2017-03-31,0
2016-10-31,42290,2017-03-31,2,,,,,,,,,,,,,,,,,,,,,,,,,,,,,40.00,,,,,,,false,true,12,2016-04-01,2017-03-31,0
2016-10-31,42290,2017-03-31,2,,,,,,,,,,,,,,,,,,,,,,,,,,,,,,,,,8998308,2065378,7007450,false,false,6,2016-04-01,2016-09-30,0
2016-10-31,42290,2016-03-31,2,,,,,,,,,,,,,,,,,,,,,,,,,,,,,,,,,,,7174303,false,false,6,2015-04-01,2015-09-30,-1
2017-01-31,42290,2017-03-31,3,19154000000,-0.017,,,,,2223000000,0.335,2348000000,0.362,,1728000000,,247.55,,,,,,50329000000,40060000000,0.774,,38963000000,,,,,,,,,,,,true,false,9,2016-04-01,2016-12-31,0
2017-01-31,42290,2016-03-31,3,19485000000,-0.070,,,,,1665000000,0.435,1724000000,0.297,,1292000000,,180.21,,,,,,,,,,,,,,,,,,,,,,true,false,9,2015-04-01,2015-12-31,-1
2017-01-31,42290,2017-03-31,3,25600000000,0.000,,,,,2700000000,0.312,2900000000,0.348,,1800000000,,257.79,,,,,,,,,,,,,,,,,,,,,,true,true,12,2016-04-01,2017-03-31,0
2017-01-31,42290,2016-03-31,3,,,,,,,,,,,,,,,,,,,,48806000000,38868000000,0.771,,37641000000,,,,,,,,,,,,true,false,12,2015-04-01,2016-03-31,-1
2017-01-31,42290,2016-03-31,3,,,,,,,,,,,,,,,,,,,,,,,,,,,,,6.00,,,,8998308,1917873,,false,false,12,2015-04-01,2016-03-31,-1
2017-01-31,42290,2017-03-31,3,,,,,,,,,,,,,,,,,,,,,,,,,,,,,4.00,,,,,,,false,false,12,2016-04-01,2017-03-31,0
2017-01-31,42290,2017-03-31,3,,,,,,,,,,,,,,,,,,,,,,,,,,,,,40.00,,,,,,,false,true,12,2016-04-01,2017-03-31,0
2017-01-31,42290,2017-03-31,3,,,,,,,,,,,,,,,,,,,,,,,,,,,,,,,,,8998308,2066289,6982347,false,false,9,2016-04-01,2016-12-31,0
2017-01-31,42290,2016-03-31,3,,,,,,,,,,,,,,,,,,,,,,,,,,,,,,,,,,,7174132,false,false,9,2015-04-01,2015-12-31,-1
2017-01-31,42290,2017-03-31,,25600000000,,,,,,2700000000,0.286,2900000000,0.318,,1800000000,,257.79,,,,,,,,,,,,,,,,,,,,,,true,true,12,2016-04-01,2017-03-31,0
2017-01-31,42290,2016-03-31,,25589000000,,,,,,2058000000,,2151000000,,,1362000000,,190.32,,,,,,,,,,,,,,,,,,,,,,true,false,12,2015-04-01,2016-03-31,-1
2017-05-15,42290,2017-03-31,,25363000000,-0.009,,,,,2725000000,0.324,2923000000,0.358,,1856000000,,266.36,,0.048,0.058,0.107,,51216000000,40452000000,0.765,5655.51,39201000000,4158000000,-5300000000,-1782000000,8243000000,,0.300,,,,,,true,false,12,2016-04-01,2017-03-31,0
2017-05-15,42290,2016-03-31,,25589000000,-0.085,,,,,2058000000,0.537,2151000000,0.389,,1362000000,,190.32,,0.036,0.044,0.080,,48806000000,38868000000,0.771,5316.25,37641000000,2677000000,-1813000000,1856000000,11242000000,,0.315,,,,,,true,false,12,2015-04-01,2016-03-31,-1
2017-05-15,42290,2018-03-31,,13200000000,0.048,,,,,1020000000,-0.234,1100000000,-0.199,,750000000,,107.61,,,,,,,,,,,,,,,,,,,,,,true,true,6,2017-04-01,2017-09-30,1
2017-05-15,42290,2018-03-31,,26800000000,0.057,,,,,1970000000,-0.277,2100000000,-0.282,,1400000000,,200.87,,,,,,,,,,,,,,,,0.348,,,,,,true,true,12,2017-04-01,2018-03-31,1
2017-05-15,42290,2017-03-31,,21199000000,-0.007,,,,,2279000000,0.266,2554000000,0.284,1506000000,,0.105,215.78,,,,,,47629000000,37813000000,0.794,5445.78,37813000000,,,,,40.00,,,,8998308,2066820,6969855,false,false,12,2016-04-01,2017-03-31,0
2017-05-15,42290,2016-03-31,,21358000000,-0.088,,,,,1801000000,0.260,1988000000,0.138,1363000000,,-0.017,190.18,,,,,,45731000000,36554000000,0.799,5154.36,36554000000,,,,,6.00,,,,8998308,1917873,7156527,false,false,12,2015-04-01,2016-03-31,-1
2017-05-15,42290,2018-03-31,,,,,,,,,,,,,,,,,,,,,,,,,,,,,,70.00,,,,,,,false,true,12,2017-04-01,2018-03-31,1
2017-07-31,42290,2018-03-31,1,6672000000,0.045,,,,,696000000,-0.008,731000000,0.077,,494000000,,71.34,,,,,,50996000000,40806000000,0.776,,39596000000,,,,,,,,,,,,true,false,3,2017-04-01,2017-06-30,0
2017-07-31,42290,2017-03-31,1,6384000000,-0.094,,,,,701000000,0.002,679000000,-0.034,,503000000,,71.50,,,,,,,,,,,,,,,,,,,,,,true,false,3,2016-04-01,2016-06-30,-1
2017-07-31,42290,2018-03-31,1,13200000000,0.048,,,,,1020000000,-0.234,1100000000,-0.199,,750000000,,107.61,,,,,,,,,,,,,,,,,,,,,,true,true,6,2017-04-01,2017-09-30,0
2017-07-31,42290,2018-03-31,1,26800000000,0.057,,,,,1970000000,-0.277,2100000000,-0.282,,1400000000,,200.87,,,,,,,,,,,,,,,,,,,,,,true,true,12,2017-04-01,2018-03-31,0
2017-07-31,42290,2017-03-31,1,,,,,,,,,,,,,,,,,,,,51216000000,40452000000,0.765,,39201000000,,,,,,,,,,,,true,false,12,2016-04-01,2017-03-31,-1
2017-07-31,42290,2017-03-31,1,,,,,,,,,,,,,,,,,,,,,,,,,,,,,40.00,,,,8998308,2066820,,false,false,12,2016-04-01,2017-03-31,-1
2017-07-31,42290,2018-03-31,1,,,,,,,,,,,,,,,,,,,,,,,,,,,,,70.00,,,,,,,false,true,12,2017-04-01,2018-03-31,0
2017-07-31,42290,2018-03-31,1,,,,,,,,,,,,,,,,,,,,,,,,,,,,,,,,,8998308,2067038,6931380,false,false,3,2017-04-01,2017-06-30,0
2017-07-31,42290,2017-03-31,1,,,,,,,,,,,,,,,,,,,,,,,,,,,,,,,,,,,7046387,false,false,3,2016-04-01,2016-06-30,-1
2017-10-18,42290,2018-03-31,,13000000000,-0.015,,,,,1240000000,0.216,1300000000,0.182,,950000000,,137.08,,,,,,,,,,,,,,,,,,,,,,true,true,6,2017-04-01,2017-09-30,0
2017-10-18,42290,2017-03-31,,12599000000,,,,,,1332000000,,1374000000,,,1002000000,,143.00,,,,,,,,,,,,,,,,,,,,,,true,false,6,2016-04-01,2016-09-30,-1
2017-10-18,42290,2018-03-31,,26000000000,-0.030,,,,,2200000000,0.117,2400000000,0.143,,1700000000,,245.30,,,,,,,,,,,,,,,,,,,,,,true,true,12,2017-04-01,2018-03-31,0
2017-10-18,42290,2017-03-31,,25363000000,,,,,,2725000000,,2923000000,,,1856000000,,266.36,,,,,,,,,,,,,,,,,,,,,,true,false,12,2016-04-01,2017-03-31,-1
2017-10-18,42290,2018-03-31,,,,,,,,,,,,,,,,,,,,,,,,,,,,,,80.00,,,,,,,false,true,12,2017-04-01,2018-03-31,0
2017-10-18,42290,2018-03-31,,,,,,,,,,,,,,,,,,,,,,,,,,,,,,40.00,,,,,,,false,false,12,2017-04-01,2018-03-31,0
2017-10-18,42290,2017-03-31,,,,,,,,,,,,,,,,,,,,,,,,,,,,,,40.00,,,,,,,false,false,12,2016-04-01,2017-03-31,-1
2017-10-31,42290,2018-03-31,2,13052000000,0.036,,,,,1244000000,-0.066,1381000000,0.005,,982000000,,141.77,,,,,,51696000000,41454000000,0.778,,40211000000,,,,,,,,,,,,true,false,6,2017-04-01,2017-09-30,0
2017-10-31,42290,2017-03-31,2,12599000000,-0.062,,,,,1332000000,0.073,1374000000,0.084,,1002000000,,143.00,,,,,,,,,,,,,,,,,,,,,,true,false,6,2016-04-01,2016-09-30,-1
2017-10-31,42290,2018-03-31,2,26000000000,0.025,,,,,2200000000,-0.193,2400000000,-0.179,,1700000000,,245.30,,,,,,,,,,,,,,,,,,,,,,true,true,12,2017-04-01,2018-03-31,0
2017-10-31,42290,2017-03-31,2,,,,,,,,,,,,,,,,,,,,51216000000,40452000000,0.765,,39201000000,,,,,,,,,,,,true,false,12,2016-04-01,2017-03-31,-1
2017-10-31,42290,2017-03-31,2,,,,,,,,,,,,,,,,,,,,,,,,,,,,,40.00,,,,8998308,2066820,,false,false,12,2016-04-01,2017-03-31,-1
2017-10-31,42290,2018-03-31,2,,,,,,,,,,,,,,,,,,,,,,,,,,,,,40.00,,,,,,,false,false,12,2017-04-01,2018-03-31,0
2017-10-31,42290,2018-03-31,2,,,,,,,,,,,,,,,,,,,,,,,,,,,,,80.00,,,,,,,false,true,12,2017-04-01,2018-03-31,0
2017-10-31,42290,2018-03-31,2,,,,,,,,,,,,,,,,,,,,,,,,,,,,,,,,,8998308,2077771,6930310,false,false,6,2017-04-01,2017-09-30,0
2017-10-31,42290,2017-03-31,2,,,,,,,,,,,,,,,,,,,,,,,,,,,,,,,,,,,7007450,false,false,6,2016-04-01,2016-09-30,-1
2018-01-31,42290,2018-03-31,3,19707000000,0.029,,,,,1978000000,-0.110,2154000000,-0.083,,1427000000,,206.00,,,,,,52467000000,42150000000,0.778,,40832000000,,,,,,,,,,,,true,false,9,2017-04-01,2017-12-31,0
2018-01-31,42290,2017-03-31,3,19154000000,-0.017,,,,,2223000000,0.335,2348000000,0.362,,1728000000,,247.55,,,,,,,,,,,,,,,,,,,,,,true,false,9,2016-04-01,2016-12-31,-1
2018-01-31,42290,2018-03-31,3,26000000000,0.025,,,,,2200000000,-0.193,2400000000,-0.179,,1700000000,,245.30,,,,,,,,,,,,,,,,,,,,,,true,true,12,2017-04-01,2018-03-31,0
2018-01-31,42290,2017-03-31,3,,,,,,,,,,,,,,,,,,,,51216000000,40452000000,0.765,,39201000000,,,,,,,,,,,,true,false,12,2016-04-01,2017-03-31,-1
2018-01-31,42290,2017-03-31,3,,,,,,,,,,,,,,,,,,,,,,,,,,,,,40.00,,,,8998308,2066820,,false,false,12,2016-04-01,2017-03-31,-1
2018-01-31,42290,2018-03-31,3,,,,,,,,,,,,,,,,,,,,,,,,,,,,,40.00,,,,,,,false,false,12,2017-04-01,2018-03-31,0
2018-01-31,42290,2018-03-31,3,,,,,,,,,,,,,,,,,,,,,,,,,,,,,80.00,,,,,,,false,true,12,2017-04-01,2018-03-31,0
2018-01-31,42290,2018-03-31,3,,,,,,,,,,,,,,,,,,,,,,,,,,,,,,,,,8998308,2065717,6927718,false,false,9,2017-04-01,2017-12-31,0
2018-01-31,42290,2017-03-31,3,,,,,,,,,,,,,,,,,,,,,,,,,,,,,,,,,,,6982347,false,false,9,2016-04-01,2016-12-31,-1
2018-05-15,42290,2018-03-31,,26393000000,0.041,,,,,2459000000,-0.097,2708000000,-0.073,,1583000000,,228.59,,0.040,0.052,0.093,,52356000000,41954000000,0.775,5852.33,40570000000,1773000000,-3959000000,-1300000000,4778000000,,0.350,,,,,,true,false,12,2017-04-01,2018-03-31,0
2018-05-15,42290,2017-03-31,,25363000000,-0.009,,,,,2725000000,0.324,2923000000,0.358,,1856000000,,266.36,,0.048,0.058,0.107,,51216000000,40452000000,0.765,5655.51,39201000000,4158000000,-5300000000,-1782000000,8243000000,,0.300,,,,,,true,false,12,2016-04-01,2017-03-31,-1
2018-05-15,42290,2019-03-31,,13900000000,0.065,,,,,1140000000,-0.084,1200000000,-0.131,,700000000,,100.98,,,,,,,,,,,,,,,,,,,,,,true,true,6,2018-04-01,2018-09-30,1
2018-05-15,42290,2019-03-31,,28000000000,0.061,,,,,2000000000,-0.187,2100000000,-0.225,,1300000000,,187.53,,,,,,,,,,,,,,,,0.427,,,,,,true,true,12,2018-04-01,2019-03-31,1
2018-05-15,42290,2018-03-31,,22033000000,0.039,,,,,2099000000,-0.079,2437000000,-0.046,1829000000,,0.215,263.76,,,,,,48970000000,39275000000,0.802,5665.45,39275000000,,,,,80.00,,,,8998308,2065916,6928887,false,false,12,2017-04-01,2018-03-31,0
2018-05-15,42290,2017-03-31,,21199000000,-0.007,,,,,2279000000,0.266,2554000000,0.284,1506000000,,0.105,215.78,,,,,,47629000000,37813000000,0.794,5445.78,37813000000,,,,,40.00,,,,8998308,2066820,6969855,false,false,12,2016-04-01,2017-03-31,-1
2018-05-15,42290,2019-03-31,,,,,,,,,,,,,,,,,,,,,,,,,,,,,,80.00,,,,,,,false,true,12,2018-04-01,2019-03-31,1
2018-07-31,42290,2019-03-31,1,6828000000,0.023,,,,,493000000,-0.292,508000000,-0.306,,351000000,,50.64,,,,,,51873000000,41873000000,0.781,,40514000000,,,,,,,,,,,,true,false,3,2018-04-01,2018-06-30,0
2018-07-31,42290,2018-03-31,1,6672000000,0.045,,,,,696000000,-0.008,731000000,0.077,,494000000,,71.34,,,,,,,,,,,,,,,,,,,,,,true,false,3,2017-04-01,2017-06-30,-1
2018-07-31,42290,2019-03-31,1,13900000000,0.065,,,,,1140000000,-0.084,1200000000,-0.131,,700000000,,100.98,,,,,,,,,,,,,,,,,,,,,,true,true,6,2018-04-01,2018-09-30,0
2018-07-31,42290,2019-03-31,1,28000000000,0.061,,,,,2000000000,-0.187,2100000000,-0.225,,1300000000,,187.53,,,,,,,,,,,,,,,,,,,,,,true,true,12,2018-04-01,2019-03-31,0
2018-07-31,42290,2018-03-31,1,,,,,,,,,,,,,,,,,,,,52205000000,41954000000,0.777,,40570000000,,,,,,,,,,,,true,false,12,2017-04-01,2018-03-31,-1
2018-07-31,42290,2018-03-31,1,,,,,,,,,,,,,,,,,,,,,,,,,,,,,80.00,,,,8998308,2065916,,false,false,12,2017-04-01,2018-03-31,-1
2018-07-31,42290,2019-03-31,1,,,,,,,,,,,,,,,,,,,,,,,,,,,,,80.00,,,,,,,false,true,12,2018-04-01,2019-03-31,0
2018-07-31,42290,2019-03-31,1,,,,,,,,,,,,,,,,,,,,,,,,,,,,,,,,,8998308,2065986,6932372,false,false,3,2018-04-01,2018-06-30,0
2018-07-31,42290,2018-03-31,1,,,,,,,,,,,,,,,,,,,,,,,,,,,,,,,,,,,6931380,false,false,3,2017-04-01,2017-06-30,-1
2018-10-31,42290,2019-03-31,2,13730000000,0.052,,,,,906000000,-0.271,1007000000,-0.271,,703000000,,101.45,,,,,,51784000000,42180000000,0.788,,40819000000,,,,,,,,,,,,true,false,6,2018-04-01,2018-09-30,0
2018-10-31,42290,2018-03-31,2,13052000000,0.036,,,,,1244000000,-0.066,1381000000,0.005,,982000000,,141.77,,,,,,,,,,,,,,,,,,,,,,true,false,6,2017-04-01,2017-09-30,-1
2018-10-31,42290,2019-03-31,2,28000000000,0.061,,,,,2000000000,-0.187,2100000000,-0.225,,1300000000,,187.53,,,,,,,,,,,,,,,,,,,,,,true,true,12,2018-04-01,2019-03-31,0
2018-10-31,42290,2018-03-31,2,,,,,,,,,,,,,,,,,,,,52205000000,41954000000,0.777,,40570000000,,,,,,,,,,,,true,false,12,2017-04-01,2018-03-31,-1
2018-10-31,42290,2018-03-31,2,,,,,,,,,,,,,,,,,,,,,,,,,,,,,80.00,,,,8998308,2065916,,false,false,12,2017-04-01,2018-03-31,-1
2018-10-31,42290,2019-03-31,2,,,,,,,,,,,,,,,,,,,,,,,,,,,,,40.00,,,,,,,false,false,12,2018-04-01,2019-03-31,0
2018-10-31,42290,2019-03-31,2,,,,,,,,,,,,,,,,,,,,,,,,,,,,,80.00,,,,,,,false,true,12,2018-04-01,2019-03-31,0
2018-10-31,42290,2019-03-31,2,,,,,,,,,,,,,,,,,,,,,,,,,,,,,,,,,8998308,2068394,6931419,false,false,6,2018-04-01,2018-09-30,0
2018-10-31,42290,2018-03-31,2,,,,,,,,,,,,,,,,,,,,,,,,,,,,,,,,,,,6930310,false,false,6,2017-04-01,2017-09-30,-1
2019-01-31,42290,2019-03-31,3,20889000000,0.060,,,,,1391000000,-0.296,1510000000,-0.299,,1047000000,,151.07,,,,,,51494000000,41690000000,0.781,,40232000000,,,,,,,,,,,,true,false,9,2018-04-01,2018-12-31,0
2019-01-31,42290,2018-03-31,3,19707000000,0.029,,,,,1978000000,-0.110,2154000000,-0.083,,1427000000,,206.00,,,,,,,,,,,,,,,,,,,,,,true,false,9,2017-04-01,2017-12-31,-1
2019-01-31,42290,2019-03-31,3,28000000000,0.061,,,,,2000000000,-0.187,2100000000,-0.225,,1300000000,,187.53,,,,,,,,,,,,,,,,,,,,,,true,true,12,2018-04-01,2019-03-31,0
2019-01-31,42290,2018-03-31,3,,,,,,,,,,,,,,,,,,,,52205000000,41954000000,0.777,,40570000000,,,,,,,,,,,,true,false,12,2017-04-01,2018-03-31,-1
2019-01-31,42290,2018-03-31,3,,,,,,,,,,,,,,,,,,,,,,,,,,,,,80.00,,,,8998308,2065916,,false,false,12,2017-04-01,2018-03-31,-1
2019-01-31,42290,2019-03-31,3,,,,,,,,,,,,,,,,,,,,,,,,,,,,,40.00,,,,,,,false,false,12,2018-04-01,2019-03-31,0
2019-01-31,42290,2019-03-31,3,,,,,,,,,,,,,,,,,,,,,,,,,,,,,80.00,,,,,,,false,true,12,2018-04-01,2019-03-31,0
2019-01-31,42290,2019-03-31,3,,,,,,,,,,,,,,,,,,,,,,,,,,,,,,,,,8998308,2068835,6930861,false,false,9,2018-04-01,2018-12-31,0
2019-01-31,42290,2018-03-31,3,,,,,,,,,,,,,,,,,,,,,,,,,,,,,,,,,,,6927718,false,false,9,2017-04-01,2017-12-31,-1
2019-05-15,42290,2019-03-31,,27636000000,0.047,,,,,1614000000,-0.344,1836000000,-0.322,,1176000000,,169.77,,0.029,0.036,0.058,,51048000000,41746000000,0.789,5813.59,40283000000,2227000000,-254000000,-1157000000,5560000000,,0.471,,,,,,true,false,12,2018-04-01,2019-03-31,0
2019-05-15,42290,2018-03-31,,26393000000,0.041,,,,,2459000000,-0.097,2708000000,-0.073,,1583000000,,228.59,,0.040,0.052,0.093,,52205000000,41954000000,0.777,5852.33,40570000000,1773000000,-3959000000,-1300000000,4778000000,,0.350,,,,,,true,false,12,2017-04-01,2018-03-31,-1
2019-05-15,42290,2020-03-31,,14000000000,0.020,,,,,800000000,-0.117,900000000,-0.107,,600000000,,86.59,,,,,,,,,,,,,,,,,,,,,,true,true,6,2019-04-01,2019-09-30,1
2019-05-15,42290,2020-03-31,,28800000000,0.042,,,,,1600000000,-0.009,1800000000,-0.020,,1200000000,,173.18,,,,,,,,,,,,,,,,0.462,,,,,,true,true,12,2019-04-01,2020-03-31,1
2019-05-15,42290,2019-03-31,,22948000000,0.042,,,,,1337000000,-0.363,1659000000,-0.319,1013000000,,-0.446,146.26,,,,,,47405000000,38880000000,0.820,5611.19,38880000000,,,,,80.00,,,,8998308,2069156,6930481,false,false,12,2018-04-01,2019-03-31,0
2019-05-15,42290,2018-03-31,,22033000000,0.039,,,,,2099000000,-0.079,2437000000,-0.046,1829000000,,0.215,263.76,,,,,,48806000000,39275000000,0.805,5665.45,39275000000,,,,,80.00,,,,8998308,2065916,6928887,false,false,12,2017-04-01,2018-03-31,-1
2019-05-15,42290,2020-03-31,,,,,,,,,,,,,,,,,,,,,,,,,,,,,,80.00,,,,,,,false,true,12,2019-04-01,2020-03-31,1
2019-07-31,42290,2020-03-31,1,6746000000,-0.012,,,,,554000000,0.124,593000000,0.168,,365000000,,52.80,,,,,,50942000000,41783000000,0.791,,40320000000,,,,,,,,,,,,true,false,3,2019-04-01,2019-06-30,0
2019-07-31,42290,2019-03-31,1,6828000000,0.023,,,,,493000000,-0.292,508000000,-0.306,,351000000,,50.64,,,,,,,,,,,,,,,,,,,,,,true,false,3,2018-04-01,2018-06-30,-1
2019-07-31,42290,2020-03-31,1,14000000000,0.020,,,,,800000000,-0.117,900000000,-0.107,,600000000,,86.59,,,,,,,,,,,,,,,,,,,,,,true,true,6,2019-04-01,2019-09-30,0
2019-07-31,42290,2020-03-31,1,28800000000,0.042,,,,,1600000000,-0.009,1800000000,-0.020,,1200000000,,173.18,,,,,,,,,,,,,,,,,,,,,,true,true,12,2019-04-01,2020-03-31,0
2019-07-31,42290,2019-03-31,1,,,,,,,,,,,,,,,,,,,,51048000000,41746000000,0.789,,40283000000,,,,,,,,,,,,true,false,12,2018-04-01,2019-03-31,-1
2019-07-31,42290,2019-03-31,1,,,,,,,,,,,,,,,,,,,,,,,,,,,,,80.00,,,,8998308,2069156,,false,false,12,2018-04-01,2019-03-31,-1
2019-07-31,42290,2020-03-31,1,,,,,,,,,,,,,,,,,,,,,,,,,,,,,80.00,,,,,,,false,true,12,2019-04-01,2020-03-31,0
2019-07-31,42290,2020-03-31,1,,,,,,,,,,,,,,,,,,,,,,,,,,,,,,,,,8998308,2069287,6929095,false,false,3,2019-04-01,2019-06-30,0
2019-07-31,42290,2019-03-31,1,,,,,,,,,,,,,,,,,,,,,,,,,,,,,,,,,,,6932372,false,false,3,2018-04-01,2018-06-30,-1
2019-10-31,42290,2020-03-31,2,13627000000,-0.007,,,,,1068000000,0.179,1163000000,0.155,,803000000,,116.02,,,,,,50839000000,42322000000,0.803,,40837000000,,,,,,,,,,,,true,false,6,2019-04-01,2019-09-30,0
2019-10-31,42290,2019-03-31,2,13730000000,0.052,,,,,906000000,-0.271,1007000000,-0.271,,703000000,,101.45,,,,,,,,,,,,,,,,,,,,,,true,false,6,2018-04-01,2018-09-30,-1
2019-10-31,42290,2020-03-31,2,28800000000,0.042,,,,,1600000000,-0.009,1800000000,-0.020,,1200000000,,173.18,,,,,,,,,,,,,,,,,,,,,,true,true,12,2019-04-01,2020-03-31,0
2019-10-31,42290,2019-03-31,2,,,,,,,,,,,,,,,,,,,,51048000000,41746000000,0.789,,40283000000,,,,,,,,,,,,true,false,12,2018-04-01,2019-03-31,-1
2019-10-31,42290,2019-03-31,2,,,,,,,,,,,,,,,,,,,,,,,,,,,,,80.00,,,,8998308,2069156,,false,false,12,2018-04-01,2019-03-31,-1
2019-10-31,42290,2020-03-31,2,,,,,,,,,,,,,,,,,,,,,,,,,,,,,40.00,,,,,,,false,false,12,2019-04-01,2020-03-31,0
2019-10-31,42290,2020-03-31,2,,,,,,,,,,,,,,,,,,,,,,,,,,,,,80.00,,,,,,,false,true,12,2019-04-01,2020-03-31,0
2019-10-31,42290,2020-03-31,2,,,,,,,,,,,,,,,,,,,,,,,,,,,,,,,,,8998308,2069425,6929010,false,false,6,2019-04-01,2019-09-30,0
2019-10-31,42290,2019-03-31,2,,,,,,,,,,,,,,,,,,,,,,,,,,,,,,,,,,,6931419,false,false,6,2018-04-01,2018-09-30,-1
2020-01-31,42290,2020-03-31,3,20371000000,-0.025,,,,,1555000000,0.118,1707000000,0.130,,1198000000,,173.23,,,,,,50971000000,42436000000,0.803,,40916000000,,,,,,,,,,,,true,false,9,2019-04-01,2019-12-31,0
2020-01-31,42290,2019-03-31,3,20889000000,0.060,,,,,1391000000,-0.296,1510000000,-0.299,,1047000000,,151.07,,,,,,,,,,,,,,,,,,,,,,true,false,9,2018-04-01,2018-12-31,-1
2020-01-31,42290,2020-03-31,3,28800000000,0.042,,,,,1600000000,-0.009,1800000000,-0.020,,1200000000,,173.18,,,,,,,,,,,,,,,,,,,,,,true,true,12,2019-04-01,2020-03-31,0
2020-01-31,42290,2019-03-31,3,,,,,,,,,,,,,,,,,,,,51048000000,41746000000,0.789,,40283000000,,,,,,,,,,,,true,false,12,2018-04-01,2019-03-31,-1
2020-01-31,42290,2019-03-31,3,,,,,,,,,,,,,,,,,,,,,,,,,,,,,80.00,,,,8998308,2069156,,false,false,12,2018-04-01,2019-03-31,-1
2020-01-31,42290,2020-03-31,3,,,,,,,,,,,,,,,,,,,,,,,,,,,,,40.00,,,,,,,false,false,12,2019-04-01,2020-03-31,0
2020-01-31,42290,2020-03-31,3,,,,,,,,,,,,,,,,,,,,,,,,,,,,,80.00,,,,,,,false,true,12,2019-04-01,2020-03-31,0
2020-01-31,42290,2020-03-31,3,,,,,,,,,,,,,,,,,,,,,,,,,,,,,,,,,8998308,2174790,6918983,false,false,9,2019-04-01,2019-12-31,0
2020-01-31,42290,2019-03-31,3,,,,,,,,,,,,,,,,,,,,,,,,,,,,,,,,,,,6930861,false,false,9,2018-04-01,2018-12-31,-1
2020-05-15,42290,2020-03-31,,26983000000,-0.024,,,,,1936000000,0.199,2141000000,0.166,,1370000000,,198.93,,0.034,0.042,0.072,,50626000000,42020000000,0.798,6014.34,40418000000,4336000000,-748000000,-1735000000,7485000000,,0.402,,,,,,true,false,12,2019-04-01,2020-03-31,0
2020-05-15,42290,2019-03-31,,27636000000,0.047,,,,,1614000000,-0.344,1836000000,-0.322,,1176000000,,169.77,,0.029,0.036,0.058,,51048000000,41746000000,0.789,5813.59,40283000000,2227000000,-254000000,-1157000000,5560000000,,0.471,,,,,,true,false,12,2018-04-01,2019-03-31,-1
2020-05-15,42290,2020-03-31,,22584000000,-0.016,,,,,1607000000,0.202,1906000000,0.148,1322000000,,0.304,191.97,,,,,,46652000000,38766000000,0.831,5768.43,38766000000,,,,,80.00,,,,8998308,2277870,6887399,false,false,12,2019-04-01,2020-03-31,0
2020-05-15,42290,2019-03-31,,22948000000,0.042,,,,,1337000000,-0.363,1659000000,-0.319,1013000000,,-0.446,146.26,,,,,,47405000000,38880000000,0.820,5611.19,38880000000,,,,,80.00,,,,8998308,2069156,6930481,false,false,12,2018-04-01,2019-03-31,-1
2020-07-31,42290,2021-03-31,1,6325000000,-0.062,,,,,463000000,-0.163,516000000,-0.129,,318000000,,47.70,,,,,,49057000000,41785000000,0.822,,40347000000,,,,,,,,,,,,true,false,3,2020-04-01,2020-06-30,0
2020-07-31,42290,2020-03-31,1,6746000000,-0.012,,,,,554000000,0.124,593000000,0.168,,365000000,,52.80,,,,,,,,,,,,,,,,,,,,,,true,false,3,2019-04-01,2019-06-30,-1
2020-07-31,42290,2020-03-31,1,,,,,,,,,,,,,,,,,,,,50626000000,42020000000,0.798,,40418000000,,,,,,,,,,,,true,false,12,2019-04-01,2020-03-31,-1
2020-07-31,42290,2020-03-31,1,,,,,,,,,,,,,,,,,,,,,,,,,,,,,80.00,,,,8998308,2277870,,false,false,12,2019-04-01,2020-03-31,-1
2020-07-31,42290,2021-03-31,1,,,,,,,,,,,,,,,,,,,,,,,,,,,,,,,,,8998308,2369190,6673390,false,false,3,2020-04-01,2020-06-30,0
2020-07-31,42290,2020-03-31,1,,,,,,,,,,,,,,,,,,,,,,,,,,,,,,,,,,,6929095,false,false,3,2019-04-01,2019-06-30,-1
2020-09-15,42290,2021-03-31,,12200000000,,,,,,800000000,,900000000,,,600000000,,89.91,,,,,,,,,,,,,,,,,,,,,,true,true,6,2020-04-01,2020-09-30,0
2020-09-15,42290,2020-03-31,,13627000000,,,,,,1068000000,,1163000000,,,803000000,,116.02,,,,,,,,,,,,,,,,,,,,,,true,false,6,2019-04-01,2019-09-30,-1
2020-09-15,42290,2021-03-31,,24600000000,,,,,,1300000000,,1500000000,,1100000000,,,164.83,,,,,,,,,,,,,,,,,,,,,,true,true,12,2020-04-01,2021-03-31,0
2020-09-15,42290,2020-03-31,,26983000000,,,,,,1936000000,,2141000000,,1370000000,,,198.93,,,,,,,,,,,,,,,,,,,,,,true,false,12,2019-04-01,2020-03-31,-1
2020-09-15,42290,2021-03-31,,,,,,,,,,,,,,,,,,,,,,,,,,,,,,80.00,,,,,,,false,true,12,2020-04-01,2021-03-31,0
2020-09-15,42290,2020-03-31,,,,,,,,,,,,,,,,,,,,,,,,,,,,,,80.00,,,,,,,false,false,12,2019-04-01,2020-03-31,-1
2020-10-30,42290,2021-03-31,2,12256000000,-0.101,,,,,970000000,-0.092,1068000000,-0.081,,716000000,,107.79,,,,,,49536000000,42494000000,0.827,,40984000000,,,,,,,,,,,,true,false,6,2020-04-01,2020-09-30,0
2020-10-30,42290,2020-03-31,2,13627000000,-0.007,,,,,1068000000,0.179,1163000000,0.155,,803000000,,116.02,,,,,,,,,,,,,,,,,,,,,,true,false,6,2019-04-01,2019-09-30,-1
2020-10-30,42290,2021-03-31,2,24600000000,-0.088,,,,,1300000000,-0.329,1500000000,-0.300,,1100000000,,164.83,,,,,,,,,,,,,,,,,,,,,,true,true,12,2020-04-01,2021-03-31,0
2020-10-30,42290,2020-03-31,2,,,,,,,,,,,,,,,,,,,,50626000000,42020000000,0.798,,40418000000,,,,,,,,,,,,true,false,12,2019-04-01,2020-03-31,-1
2020-10-30,42290,2020-03-31,2,,,,,,,,,,,,,,,,,,,,,,,,,,,,,80.00,,,,8998308,2277870,,false,false,12,2019-04-01,2020-03-31,-1
2020-10-30,42290,2021-03-31,2,,,,,,,,,,,,,,,,,,,,,,,,,,,,,40.00,,,,,,,false,false,12,2020-04-01,2021-03-31,0
2020-10-30,42290,2021-03-31,2,,,,,,,,,,,,,,,,,,,,,,,,,,,,,80.00,,,,,,,false,true,12,2020-04-01,2021-03-31,0
2020-10-30,42290,2021-03-31,2,,,,,,,,,,,,,,,,,,,,,,,,,,,,,,,,,8998308,2369349,6651092,false,false,6,2020-04-01,2020-09-30,0
2020-10-30,42290,2020-03-31,2,,,,,,,,,,,,,,,,,,,,,,,,,,,,,,,,,,,6929010,false,false,6,2019-04-01,2019-09-30,-1
2021-01-29,42290,2021-03-31,3,18315000000,-0.101,,,,,1446000000,-0.070,1595000000,-0.066,,1098000000,,165.40,,,,,,50079000000,42850000000,0.826,,41390000000,,,,,,,,,,,,true,false,9,2020-04-01,2020-12-31,0
2021-01-29,42290,2020-03-31,3,20371000000,-0.025,,,,,1555000000,0.118,1707000000,0.130,,1198000000,,173.23,,,,,,,,,,,,,,,,,,,,,,true,false,9,2019-04-01,2019-12-31,-1
2021-01-29,42290,2021-03-31,3,24600000000,-0.088,,,,,1900000000,-0.019,2100000000,-0.019,,1400000000,,209.79,,,,,,,,,,,,,,,,,,,,,,true,true,12,2020-04-01,2021-03-31,0
2021-01-29,42290,2020-03-31,3,,,,,,,,,,,,,,,,,,,,50626000000,42020000000,0.798,,40418000000,,,,,,,,,,,,true,false,12,2019-04-01,2020-03-31,-1
2021-01-29,42290,2020-03-31,3,,,,,,,,,,,,,,,,,,,,,,,,,,,,,80.00,,,,8998308,2277870,,false,false,12,2019-04-01,2020-03-31,-1
2021-01-29,42290,2021-03-31,3,,,,,,,,,,,,,,,,,,,,,,,,,,,,,40.00,,,,,,,false,false,12,2020-04-01,2021-03-31,0
2021-01-29,42290,2021-03-31,3,,,,,,,,,,,,,,,,,,,,,,,,,,,,,80.00,,,,,,,false,true,12,2020-04-01,2021-03-31,0
2021-01-29,42290,2021-03-31,3,,,,,,,,,,,,,,,,,,,,,,,,,,,,,,,,,8998308,2369359,6643687,false,false,9,2020-04-01,2020-12-31,0
2021-01-29,42290,2020-03-31,3,,,,,,,,,,,,,,,,,,,,,,,,,,,,,,,,,,,6918983,false,false,9,2019-04-01,2019-12-31,-1
2021-05-13,42290,2021-03-31,,25194000000,-0.066,,,,,2217000000,0.145,2451000000,0.145,,1607000000,,242.06,,0.039,0.048,0.088,,51984000000,43750000000,0.812,6367.01,42204000000,3567000000,-806000000,-1310000000,8825000000,,0.330,,,,,,true,false,12,2020-04-01,2021-03-31,0
2021-05-13,42290,2020-03-31,,26983000000,-0.024,,,,,1936000000,0.199,2141000000,0.166,,1370000000,,198.93,,0.034,0.042,0.072,,50626000000,42020000000,0.798,6014.34,40418000000,4336000000,-748000000,-1735000000,7485000000,,0.402,,,,,,true,false,12,2019-04-01,2020-03-31,-1
2021-05-13,42290,2022-03-31,,13000000000,0.061,,,,,1000000000,0.030,1100000000,0.029,,800000000,,120.69,,,,,,,,,,,,,,,,,,,,,,true,true,6,2021-04-01,2021-09-30,1
2021-05-13,42290,2022-03-31,,27000000000,0.072,,,,,2100000000,-0.053,2300000000,-0.062,,1600000000,,241.38,,,,,,,,,,,,,,,,,,,,,,true,true,12,2021-04-01,2022-03-31,1
2021-05-13,42290,2021-03-31,,21466000000,-0.050,,,,,1928000000,0.200,2260000000,0.186,1614000000,,0.221,243.21,,,,,,48293000000,40706000000,0.843,6141.00,40706000000,,,,,80.00,,,,8998308,2369662,6640015,false,false,12,2020-04-01,2021-03-31,0
2021-05-13,42290,2020-03-31,,22584000000,-0.016,,,,,1607000000,0.202,1906000000,0.148,1322000000,,0.304,191.97,,,,,,46652000000,38766000000,0.831,5768.43,38766000000,,,,,80.00,,,,8998308,2277870,6887399,false,false,12,2019-04-01,2020-03-31,-1
2021-05-13,42290,2022-03-31,,,,,,,,,,,,,,,,,,,,,,,,,,,,,,90.00,,,,,,,false,true,12,2021-04-01,2022-03-31,1
2021-07-30,42290,2022-03-31,1,7094000000,0.121,,,,,776000000,0.674,863000000,0.672,,577000000,,87.06,,,,,,52425000000,44011000000,0.810,,42468000000,,,,,,,,,,,,true,false,3,2021-04-01,2021-06-30,0
2021-07-30,42290,2021-03-31,1,6325000000,-0.062,,,,,463000000,-0.163,516000000,-0.129,,318000000,,47.70,,,,,,,,,,,,,,,,,,,,,,true,false,3,2020-04-01,2020-06-30,-1
2021-07-30,42290,2022-03-31,1,13000000000,0.061,,,,,1000000000,0.030,1100000000,0.029,,800000000,,120.69,,,,,,,,,,,,,,,,,,,,,,true,true,6,2021-04-01,2021-09-30,0
2021-07-30,42290,2022-03-31,1,27000000000,0.072,,,,,2100000000,-0.053,2300000000,-0.062,,1600000000,,241.38,,,,,,,,,,,,,,,,,,,,,,true,true,12,2021-04-01,2022-03-31,0
2021-07-30,42290,2021-03-31,1,,,,,,,,,,,,,,,,,,,,51984000000,43750000000,0.812,,42204000000,,,,,,,,,,,,true,false,12,2020-04-01,2021-03-31,-1
2021-07-30,42290,2021-03-31,1,,,,,,,,,,,,,,,,,,,,,,,,,,,,,80.00,,,,8998308,2369662,,false,false,12,2020-04-01,2021-03-31,-1
2021-07-30,42290,2022-03-31,1,,,,,,,,,,,,,,,,,,,,,,,,,,,,,90.00,,,,,,,false,true,12,2021-04-01,2022-03-31,0
2021-07-30,42290,2022-03-31,1,,,,,,,,,,,,,,,,,,,,,,,,,,,,,,,,,8998308,2369826,6628555,false,false,3,2021-04-01,2021-06-30,0
2021-07-30,42290,2021-03-31,1,,,,,,,,,,,,,,,,,,,,,,,,,,,,,,,,,,,6673390,false,false,3,2020-04-01,2020-06-30,-1
2021-09-14,42290,2022-03-31,,14500000000,0.115,,,,,1500000000,0.500,1600000000,0.455,,1100000000,,165.94,,,,,,,,,,,,,,,,,,,,,,true,true,6,2021-04-01,2021-09-30,0
2021-09-14,42290,2021-03-31,,12256000000,,,,,,970000000,,1068000000,,,716000000,,107.79,,,,,,,,,,,,,,,,,,,,,,true,false,6,2020-04-01,2020-09-30,-1
2021-09-14,42290,2022-03-31,,29000000000,0.074,,,,,2800000000,0.333,3000000000,0.304,,2000000000,,301.72,,,,,,,,,,,,,,,,,,,,,,true,true,12,2021-04-01,2022-03-31,0
2021-09-14,42290,2021-03-31,,25194000000,,,,,,2217000000,,2451000000,,,1607000000,,242.06,,,,,,,,,,,,,,,,,,,,,,true,false,12,2020-04-01,2021-03-31,-1
2021-10-28,42290,2022-03-31,2,14340000000,0.170,,,,,1386000000,0.428,1542000000,0.443,,1052000000,,158.71,,,,,,52675000000,44425000000,0.815,,42939000000,,,,,,,,,,,,true,false,6,2021-04-01,2021-09-30,0
2021-10-28,42290,2021-03-31,2,12256000000,-0.101,,,,,970000000,-0.092,1068000000,-0.081,,716000000,,107.79,,,,,,,,,,,,,,,,,,,,,,true,false,6,2020-04-01,2020-09-30,-1
2021-10-28,42290,2022-03-31,2,29000000000,0.151,,,,,2800000000,0.263,3000000000,0.224,,2000000000,,301.72,,,,,,,,,,,,,,,,,,,,,,true,true,12,2021-04-01,2022-03-31,0
2021-10-28,42290,2021-03-31,2,,,,,,,,,,,,,,,,,,,,51984000000,43750000000,0.812,,42204000000,,,,,,,,,,,,true,false,12,2020-04-01,2021-03-31,-1
2021-10-28,42290,2021-03-31,2,,,,,,,,,,,,,,,,,,,,,,,,,,,,,80.00,,,,8998308,2369662,,false,false,12,2020-04-01,2021-03-31,-1
2021-10-28,42290,2022-03-31,2,,,,,,,,,,,,,,,,,,,,,,,,,,,,,50.00,,,,,,,false,false,12,2021-04-01,2022-03-31,0
2021-10-28,42290,2022-03-31,2,,,,,,,,,,,,,,,,,,,,,,,,,,,,,90.00,,,,,,,false,true,12,2021-04-01,2022-03-31,0
2021-10-28,42290,2022-03-31,2,,,,,,,,,,,,,,,,,,,,,,,,,,,,,,,,,8998308,2370092,6628440,false,false,6,2021-04-01,2021-09-30,0
2021-10-28,42290,2021-03-31,2,,,,,,,,,,,,,,,,,,,,,,,,,,,,,,,,,,,6651092,false,false,6,2020-04-01,2020-09-30,-1
2022-01-31,42290,2022-03-31,3,21742000000,0.187,,,,,2093000000,0.447,2298000000,0.441,,1584000000,,239.11,,,,,,52996000000,44335000000,0.809,,42886000000,,,,,,,,,,,,true,false,9,2021-04-01,2021-12-31,0
2022-01-31,42290,2021-03-31,3,18315000000,-0.101,,,,,1446000000,-0.070,1595000000,-0.066,,1098000000,,165.40,,,,,,,,,,,,,,,,,,,,,,true,false,9,2020-04-01,2020-12-31,-1
2022-01-31,42290,2022-03-31,3,29000000000,0.151,,,,,2800000000,0.263,3000000000,0.224,,2000000000,,301.72,,,,,,,,,,,,,,,,,,,,,,true,true,12,2021-04-01,2022-03-31,0
2022-01-31,42290,2021-03-31,3,,,,,,,,,,,,,,,,,,,,51984000000,43750000000,0.812,,42204000000,,,,,,,,,,,,true,false,12,2020-04-01,2021-03-31,-1
2022-01-31,42290,2021-03-31,3,,,,,,,,,,,,,,,,,,,,,,,,,,,,,80.00,,,,8998308,2369662,,false,false,12,2020-04-01,2021-03-31,-1
2022-01-31,42290,2022-03-31,3,,,,,,,,,,,,,,,,,,,,,,,,,,,,,50.00,,,,,,,false,false,12,2021-04-01,2022-03-31,0
2022-01-31,42290,2022-03-31,3,,,,,,,,,,,,,,,,,,,,,,,,,,,,,90.00,,,,,,,false,true,12,2021-04-01,2022-03-31,0
2022-01-31,42290,2022-03-31,3,,,,,,,,,,,,,,,,,,,,,,,,,,,,,,,,,8998308,2370212,6628351,false,false,9,2021-04-01,2021-12-31,0
2022-01-31,42290,2021-03-31,3,,,,,,,,,,,,,,,,,,,,,,,,,,,,,,,,,,,6643687,false,false,9,2020-04-01,2020-12-31,-1
2022-05-13,42290,2022-03-31,,29406000000,0.167,,,,,2489000000,0.123,2815000000,0.149,,1929000000,,291.13,,0.045,0.053,0.085,,54680000000,44899000000,0.794,6550.74,43418000000,2447000000,-942000000,-746000000,9579000000,,0.309,,,,,,true,false,12,2021-04-01,2022-03-31,0
2022-05-13,42290,2021-03-31,,25194000000,-0.066,,,,,2217000000,0.145,2451000000,0.145,,1607000000,,242.06,,0.039,0.048,0.088,,51984000000,43750000000,0.812,6367.01,42204000000,3567000000,-806000000,-1310000000,8825000000,,0.330,,,,,,true,false,12,2020-04-01,2021-03-31,-1
2022-05-13,42290,2023-03-31,,15000000000,0.046,,,,,1500000000,0.082,1600000000,0.037,,1200000000,,181.05,,,,,,,,,,,,,,,,,,,,,,true,true,6,2022-04-01,2022-09-30,1
2022-05-13,42290,2023-03-31,,31000000000,0.054,,,,,2700000000,0.085,3000000000,0.065,,2200000000,,331.92,,,,,,,,,,,,,,,,0.271,,,,,,true,true,12,2022-04-01,2023-03-31,1
2022-05-13,42290,2022-03-31,,25090000000,0.169,,,,,2489000000,0.291,2919000000,0.291,2016000000,,0.249,304.21,,,,,,50378000000,41958000000,0.833,6330.42,41958000000,,,,,90.00,,,,8998308,2370223,6628288,false,false,12,2021-04-01,2022-03-31,0
2022-05-13,42290,2021-03-31,,21466000000,-0.050,,,,,1928000000,0.200,2260000000,0.186,1614000000,,0.221,243.21,,,,,,48293000000,40706000000,0.843,6141.00,40706000000,,,,,80.00,,,,8998308,2369662,6640015,false,false,12,2020-04-01,2021-03-31,-1
2022-05-13,42290,2023-03-31,,,,,,,,,,,,,,,,,,,,,,,,,,,,,,90.00,,,,,,,false,true,12,2022-04-01,2023-03-31,1
2022-07-29,42290,2023-03-31,1,7862000000,0.108,,,,,443000000,-0.429,510000000,-0.408,,332000000,,50.22,,,,,,54187000000,45048000000,0.804,,43543000000,,,,,,,,,,,,true,false,3,2022-04-01,2022-06-30,0
2022-07-29,42290,2022-03-31,1,7094000000,0.121,,,,,776000000,0.674,863000000,0.672,,577000000,,87.06,,,,,,,,,,,,,,,,,,,,,,true,false,3,2021-04-01,2021-06-30,-1
2022-07-29,42290,2023-03-31,1,16000000000,0.116,,,,,1000000000,-0.278,1100000000,-0.287,,750000000,,113.16,,,,,,,,,,,,,,,,,,,,,,true,true,6,2022-04-01,2022-09-30,0
2022-07-29,42290,2023-03-31,1,32000000000,0.088,,,,,2000000000,-0.197,2200000000,-0.219,,1600000000,,241.40,,,,,,,,,,,,,,,,,,,,,,true,true,12,2022-04-01,2023-03-31,0
2022-07-29,42290,2022-03-31,1,,,,,,,,,,,,,,,,,,,,54680000000,44899000000,0.794,,43418000000,,,,,,,,,,,,true,false,12,2021-04-01,2022-03-31,-1
2022-07-29,42290,2022-03-31,1,,,,,,,,,,,,,,,,,,,,,,,,,,,,,90.00,,,,8998308,2370223,,false,false,12,2021-04-01,2022-03-31,-1
2022-07-29,42290,2023-03-31,1,,,,,,,,,,,,,,,,,,,,,,,,,,,,,90.00,,,,,,,false,true,12,2022-04-01,2023-03-31,0
2022-07-29,42290,2023-03-31,1,,,,,,,,,,,,,,,,,,,,,,,,,,,,,,,,,8998308,2370347,6628043,false,false,3,2022-04-01,2022-06-30,0
2022-07-29,42290,2022-03-31,1,,,,,,,,,,,,,,,,,,,,,,,,,,,,,,,,,,,6628555,false,false,3,2021-04-01,2021-06-30,-1
2022-10-31,42290,2023-03-31,2,15810000000,0.102,,,,,895000000,-0.354,1053000000,-0.317,,742000000,,112.06,,,,,,54707000000,45499000000,0.803,,43935000000,,,,,,,,,,,,true,false,6,2022-04-01,2022-09-30,0
2022-10-31,42290,2022-03-31,2,14340000000,0.170,,,,,1386000000,0.428,1542000000,0.443,,1052000000,,158.71,,,,,,,,,,,,,,,,,,,,,,true,false,6,2021-04-01,2021-09-30,-1
2022-10-31,42290,2023-03-31,2,32000000000,0.088,,,,,2000000000,-0.197,2200000000,-0.219,,1600000000,,241.40,,,,,,,,,,,,,,,,,,,,,,true,true,12,2022-04-01,2023-03-31,0
2022-10-31,42290,2022-03-31,2,,,,,,,,,,,,,,,,,,,,54680000000,44899000000,0.794,,43418000000,,,,,,,,,,,,true,false,12,2021-04-01,2022-03-31,-1
2022-10-31,42290,2022-03-31,2,,,,,,,,,,,,,,,,,,,,,,,,,,,,,90.00,,,,8998308,2370223,,false,false,12,2021-04-01,2022-03-31,-1
2022-10-31,42290,2023-03-31,2,,,,,,,,,,,,,,,,,,,,,,,,,,,,,45.00,,,,,,,false,false,12,2022-04-01,2023-03-31,0
2022-10-31,42290,2023-03-31,2,,,,,,,,,,,,,,,,,,,,,,,,,,,,,90.00,,,,,,,false,true,12,2022-04-01,2023-03-31,0
2022-10-31,42290,2023-03-31,2,,,,,,,,,,,,,,,,,,,,,,,,,,,,,,,,,8998308,2370472,6627986,false,false,6,2022-04-01,2022-09-30,0
2022-10-31,42290,2022-03-31,2,,,,,,,,,,,,,,,,,,,,,,,,,,,,,,,,,,,6628440,false,false,6,2021-04-01,2021-09-30,-1
2023-01-31,42290,2023-03-31,3,23988000000,0.103,,,,,1437000000,-0.313,1615000000,-0.297,,1119000000,,168.87,,,,,,54834000000,45695000000,0.805,,44123000000,,,,,,,,,,,,true,false,9,2022-04-01,2022-12-31,0
2023-01-31,42290,2022-03-31,3,21742000000,0.187,,,,,2093000000,0.447,2298000000,0.441,,1584000000,,239.11,,,,,,,,,,,,,,,,,,,,,,true,false,9,2021-04-01,2021-12-31,-1
2023-01-31,42290,2023-03-31,3,32000000000,0.088,,,,,2000000000,-0.197,2200000000,-0.219,,1600000000,,241.40,,,,,,,,,,,,,,,,,,,,,,true,true,12,2022-04-01,2023-03-31,0
2023-01-31,42290,2022-03-31,3,,,,,,,,,,,,,,,,,,,,54680000000,44899000000,0.794,,43418000000,,,,,,,,,,,,true,false,12,2021-04-01,2022-03-31,-1
2023-01-31,42290,2022-03-31,3,,,,,,,,,,,,,,,,,,,,,,,,,,,,,90.00,,,,8998308,2370223,,false,false,12,2021-04-01,2022-03-31,-1
2023-01-31,42290,2023-03-31,3,,,,,,,,,,,,,,,,,,,,,,,,,,,,,45.00,,,,,,,false,false,12,2022-04-01,2023-03-31,0
2023-01-31,42290,2023-03-31,3,,,,,,,,,,,,,,,,,,,,,,,,,,,,,90.00,,,,,,,false,true,12,2022-04-01,2023-03-31,0
2023-01-31,42290,2023-03-31,3,,,,,,,,,,,,,,,,,,,,,,,,,,,,,,,,,8998308,2370540,6627927,false,false,9,2022-04-01,2022-12-31,0
2023-01-31,42290,2022-03-31,3,,,,,,,,,,,,,,,,,,,,,,,,,,,,,,,,,,,6628351,false,false,9,2021-04-01,2021-12-31,-1
2023-05-15,42290,2023-03-31,,31390000000,0.067,,,,,1659000000,-0.333,1939000000,-0.311,,1201000000,,181.26,,0.027,0.036,0.053,,54600000000,46107000000,0.816,6723.36,44560000000,1200000000,-2465000000,-687000000,7752000000,,0.497,,,,,,true,false,12,2022-04-01,2023-03-31,0
2023-05-15,42290,2022-03-31,,29406000000,0.167,,,,,2489000000,0.123,2815000000,0.149,,1929000000,,291.13,,0.045,0.053,0.085,,54680000000,44899000000,0.794,6550.74,43418000000,2447000000,-942000000,-746000000,9579000000,,0.309,,,,,,true,false,12,2021-04-01,2022-03-31,-1
2023-05-15,42290,2024-03-31,,16000000000,0.012,,,,,1000000000,0.117,1100000000,0.044,,700000000,,105.62,,,,,,,,,,,,,,,,,,,,,,true,true,6,2023-04-01,2023-09-30,1
2023-05-15,42290,2024-03-31,,32000000000,0.019,,,,,1900000000,0.145,2100000000,0.083,,1400000000,,211.24,,,,,,,,,,,,,,,,0.373,,,,,,true,true,12,2023-04-01,2024-03-31,1
2023-05-15,42290,2023-03-31,,26413000000,0.053,,,,,1879000000,-0.245,2284000000,-0.217,1451000000,,-0.280,218.95,,,,,,50175000000,43107000000,0.859,6504.16,43107000000,,,,,90.00,,,,8998308,2370650,6627884,false,false,12,2022-04-01,2023-03-31,0
2023-05-15,42290,2022-03-31,,25090000000,0.169,,,,,2489000000,0.291,2919000000,0.291,2016000000,,0.249,304.21,,,,,,50378000000,41958000000,0.833,6330.42,41958000000,,,,,90.00,,,,8998308,2370223,6628288,false,false,12,2021-04-01,2022-03-31,-1
2023-05-15,42290,2024-03-31,,,,,,,,,,,,,,,,,,,,,,,,,,,,,,90.00,,,,,,,false,true,12,2023-04-01,2024-03-31,1
2023-07-31,42290,2024-03-31,1,7952000000,0.012,,,,,839000000,0.893,935000000,0.831,,618000000,,93.38,,,,,,56401000000,47156000000,0.809,,45605000000,,,,,,,,,,,,true,false,3,2023-04-01,2023-06-30,0
2023-07-31,42290,2023-03-31,1,7862000000,0.108,,,,,443000000,-0.429,510000000,-0.408,,332000000,,50.22,,,,,,,,,,,,,,,,,,,,,,true,false,3,2022-04-01,2022-06-30,-1
2023-07-31,42290,2024-03-31,1,16000000000,0.012,,,,,1000000000,0.117,1100000000,0.044,,700000000,,105.62,,,,,,,,,,,,,,,,,,,,,,true,true,6,2023-04-01,2023-09-30,0
2023-07-31,42290,2024-03-31,1,32000000000,0.019,,,,,1900000000,0.145,2100000000,0.083,,1400000000,,211.24,,,,,,,,,,,,,,,,,,,,,,true,true,12,2023-04-01,2024-03-31,0
2023-07-31,42290,2023-03-31,1,,,,,,,,,,,,,,,,,,,,54600000000,46107000000,0.816,,44560000000,,,,,,,,,,,,true,false,12,2022-04-01,2023-03-31,-1
2023-07-31,42290,2023-03-31,1,,,,,,,,,,,,,,,,,,,,,,,,,,,,,90.00,,,,8998308,2370650,,false,false,12,2022-04-01,2023-03-31,-1
2023-07-31,42290,2024-03-31,1,,,,,,,,,,,,,,,,,,,,,,,,,,,,,90.00,,,,,,,false,true,12,2023-04-01,2024-03-31,0
2023-07-31,42290,2024-03-31,1,,,,,,,,,,,,,,,,,,,,,,,,,,,,,,,,,8998308,2370811,6627569,false,false,3,2023-04-01,2023-06-30,0
2023-07-31,42290,2023-03-31,1,,,,,,,,,,,,,,,,,,,,,,,,,,,,,,,,,,,6628043,false,false,3,2022-04-01,2022-06-30,-1
2023-09-20,42290,2024-03-31,,16000000000,0.000,,,,,1600000000,0.600,1700000000,0.545,,1200000000,,181.06,,,,,,,,,,,,,,,,,,,,,,true,true,6,2023-04-01,2023-09-30,0
2023-09-20,42290,2023-03-31,,15810000000,,,,,,895000000,,1053000000,,,742000000,,112.06,,,,,,,,,,,,,,,,,,,,,,true,false,6,2022-04-01,2022-09-30,-1
2023-09-20,42290,2024-03-31,,31000000000,-0.031,,,,,2400000000,0.263,2600000000,0.238,,1800000000,,271.59,,,,,,,,,,,,,,,,,,,,,,true,true,12,2023-04-01,2024-03-31,0
2023-09-20,42290,2023-03-31,,31390000000,,,,,,1659000000,,1939000000,,,1201000000,,181.26,,,,,,,,,,,,,,,,,,,,,,true,false,12,2022-04-01,2023-03-31,-1
2023-10-31,42290,2024-03-31,2,15618000000,-0.012,,,,,1606000000,0.795,1837000000,0.743,,1269000000,,191.54,,,,,,57902000000,48290000000,0.805,,46634000000,,,,,,,,,,,,true,false,6,2023-04-01,2023-09-30,0
2023-10-31,42290,2023-03-31,2,15810000000,0.102,,,,,895000000,-0.354,1053000000,-0.317,,742000000,,112.06,,,,,,,,,,,,,,,,,,,,,,true,false,6,2022-04-01,2022-09-30,-1
2023-10-31,42290,2024-03-31,2,31000000000,-0.012,,,,,2400000000,0.446,2600000000,0.340,,1800000000,,271.59,,,,,,,,,,,,,,,,,,,,,,true,true,12,2023-04-01,2024-03-31,0
2023-10-31,42290,2023-03-31,2,,,,,,,,,,,,,,,,,,,,54600000000,46107000000,0.816,,44560000000,,,,,,,,,,,,true,false,12,2022-04-01,2023-03-31,-1
2023-10-31,42290,2023-03-31,2,,,,,,,,,,,,,,,,,,,,,,,,,,,,,90.00,,,,8998308,2370650,,false,false,12,2022-04-01,2023-03-31,-1
2023-10-31,42290,2024-03-31,2,,,,,,,,,,,,,,,,,,,,,,,,,,,,,45.00,,,,,,,false,false,12,2023-04-01,2024-03-31,0
2023-10-31,42290,2024-03-31,2,,,,,,,,,,,,,,,,,,,,,,,,,,,,,90.00,,,,,,,false,true,12,2023-04-01,2024-03-31,0
2023-10-31,42290,2024-03-31,2,,,,,,,,,,,,,,,,,,,,,,,,,,,,,,,,,8998308,2368532,6628449,false,false,6,2023-04-01,2023-09-30,0
2023-10-31,42290,2023-03-31,2,,,,,,,,,,,,,,,,,,,,,,,,,,,,,,,,,,,6627986,false,false,6,2022-04-01,2022-09-30,-1
2024-01-31,42290,2024-03-31,3,23213000000,-0.032,,,,,2405000000,0.673,2686000000,0.663,,1843000000,,278.08,,,,,,58735000000,48717000000,0.800,,47013000000,,,,,,,,,,,,true,false,9,2023-04-01,2023-12-31,0
2024-01-31,42290,2023-03-31,3,23988000000,0.103,,,,,1437000000,-0.313,1615000000,-0.297,,1119000000,,168.87,,,,,,,,,,,,,,,,,,,,,,true,false,9,2022-04-01,2022-12-31,-1
2024-01-31,42290,2024-03-31,3,31000000000,-0.012,,,,,2400000000,0.446,2600000000,0.340,,1800000000,,271.59,,,,,,,,,,,,,,,,,,,,,,true,true,12,2023-04-01,2024-03-31,0
2024-01-31,42290,2023-03-31,3,,,,,,,,,,,,,,,,,,,,54600000000,46107000000,0.816,,44560000000,,,,,,,,,,,,true,false,12,2022-04-01,2023-03-31,-1
2024-01-31,42290,2023-03-31,3,,,,,,,,,,,,,,,,,,,,,,,,,,,,,90.00,,,,8998308,2370650,,false,false,12,2022-04-01,2023-03-31,-1
2024-01-31,42290,2024-03-31,3,,,,,,,,,,,,,,,,,,,,,,,,,,,,,45.00,,,,,,,false,false,12,2023-04-01,2024-03-31,0
2024-01-31,42290,2024-03-31,3,,,,,,,,,,,,,,,,,,,,,,,,,,,,,90.00,,,,,,,false,true,12,2023-04-01,2024-03-31,0
2024-01-31,42290,2024-03-31,3,,,,,,,,,,,,,,,,,,,,,,,,,,,,,,,,,8998308,2368791,6628855,false,false,9,2023-04-01,2023-12-31,0
2024-01-31,42290,2023-03-31,3,,,,,,,,,,,,,,,,,,,,,,,,,,,,,,,,,,,6627927,false,false,9,2022-04-01,2022-12-31,-1
2024-02-15,42290,2024-03-31,,30000000000,-0.032,,,,,2800000000,0.167,3100000000,0.192,,2100000000,,316.80,,,,,,,,,,,,,,,,,,,,,,true,true,12,2023-04-01,2024-03-31,0
2024-02-15,42290,2023-03-31,,31390000000,,,,,,1659000000,,1939000000,,,1201000000,,181.26,,,,,,,,,,,,,,,,,,,,,,true,false,12,2022-04-01,2023-03-31,-1
2024-02-15,42290,2024-03-31,,,,,,,,,,,,,,,,,,,,,,,,,,,,,,100.00,,,,,,,false,true,12,2023-04-01,2024-03-31,0
2024-02-15,42290,2024-03-31,,,,,,,,,,,,,,,,,,,,,,,,,,,,,,45.00,,,,,,,false,false,12,2023-04-01,2024-03-31,0
2024-02-15,42290,2023-03-31,,,,,,,,,,,,,,,,,,,,,,,,,,,,,,90.00,,,,,,,false,false,12,2022-04-01,2023-03-31,-1
2024-05-14,42290,2024-03-31,,30310000000,-0.034,,,,,2729000000,0.644,3162000000,0.630,,2040000000,,307.83,,0.044,0.055,0.090,,61010000000,50281000000,0.795,7320.51,48530000000,3638000000,-2162000000,-774000000,8613000000,,0.325,,,,,,true,false,12,2023-04-01,2024-03-31,0
2024-05-14,42290,2023-03-31,,31390000000,0.067,,,,,1659000000,-0.333,1939000000,-0.311,,1201000000,,181.26,,0.027,0.036,0.053,,54600000000,46107000000,0.816,6723.36,44560000000,1200000000,-2465000000,-687000000,7752000000,,0.497,,,,,,true,false,12,2022-04-01,2023-03-31,-1
2024-05-14,42290,2025-03-31,,15000000000,-0.040,,,,,1000000000,-0.378,1100000000,-0.401,,700000000,,105.59,,,,,,,,,,,,,,,,,,,,,,true,true,6,2024-04-01,2024-09-30,1
2024-05-14,42290,2025-03-31,,31000000000,0.023,,,,,2100000000,-0.231,2300000000,-0.273,,1600000000,,241.35,,,,,,,,,,,,,,,,0.414,,,,,,true,true,12,2024-04-01,2025-03-31,1
2024-05-14,42290,2024-03-31,,25376000000,-0.039,,,,,2294000000,0.221,2834000000,0.241,1857000000,,0.280,280.20,,,,,,55509000000,46592000000,0.839,7028.15,46592000000,,,,,100.00,,,,8998308,2368906,6629004,false,false,12,2023-04-01,2024-03-31,0
2024-05-14,42290,2023-03-31,,26413000000,0.053,,,,,1879000000,-0.245,2284000000,-0.217,1451000000,,-0.280,218.95,,,,,,50175000000,43107000000,0.859,6504.16,43107000000,,,,,90.00,,,,8998308,2370650,6627884,false,false,12,2022-04-01,2023-03-31,-1
2024-05-14,42290,2025-03-31,,,,,,,,,,,,,,,,,,,,,,,,,,,,,,100.00,,,,,,,false,true,12,2024-04-01,2025-03-31,1
2024-07-31,42290,2025-03-31,1,7634000000,-0.040,,,,,692000000,-0.174,810000000,-0.133,,530000000,,79.95,,,,,,60815000000,50731000000,0.806,,49023000000,,,,,,,,,,,,true,false,3,2024-04-01,2024-06-30,0
2024-07-31,42290,2024-03-31,1,7952000000,0.012,,,,,839000000,0.893,935000000,0.831,,618000000,,93.38,,,,,,,,,,,,,,,,,,,,,,true,false,3,2023-04-01,2023-06-30,-1
2024-07-31,42290,2025-03-31,1,15000000000,-0.040,,,,,1000000000,-0.378,1100000000,-0.401,,700000000,,105.59,,,,,,,,,,,,,,,,,,,,,,true,true,6,2024-04-01,2024-09-30,0
2024-07-31,42290,2025-03-31,1,31000000000,0.023,,,,,2100000000,-0.231,2300000000,-0.273,,1600000000,,241.35,,,,,,,,,,,,,,,,,,,,,,true,true,12,2024-04-01,2025-03-31,0
2024-07-31,42290,2024-03-31,1,,,,,,,,,,,,,,,,,,,,61010000000,50281000000,0.795,,48530000000,,,,,,,,,,,,true,false,12,2023-04-01,2024-03-31,-1
2024-07-31,42290,2024-03-31,1,,,,,,,,,,,,,,,,,,,,,,,,,,,,,100.00,,,,8998308,2368906,,false,false,12,2023-04-01,2024-03-31,-1
2024-07-31,42290,2025-03-31,1,,,,,,,,,,,,,,,,,,,,,,,,,,,,,100.00,,,,,,,false,true,12,2024-04-01,2025-03-31,0
2024-07-31,42290,2025-03-31,1,,,,,,,,,,,,,,,,,,,,,,,,,,,,,,,,,8998308,2369027,6629324,false,false,3,2024-04-01,2024-06-30,0
2024-07-31,42290,2024-03-31,1,,,,,,,,,,,,,,,,,,,,,,,,,,,,,,,,,,,6627569,false,false,3,2023-04-01,2023-06-30,-1
2024-10-31,42290,2025-03-31,2,15182000000,-0.028,,,,,1235000000,-0.231,1436000000,-0.218,,987000000,,148.96,,,,,,59964000000,50453000000,0.811,,48658000000,,,,,,,,,,,,true,false,6,2024-04-01,2024-09-30,0
2024-10-31,42290,2024-03-31,2,15618000000,-0.012,,,,,1606000000,0.795,1837000000,0.743,,1269000000,,191.54,,,,,,,,,,,,,,,,,,,,,,true,false,6,2023-04-01,2023-09-30,-1
2024-10-31,42290,2025-03-31,2,30600000000,0.010,,,,,2200000000,-0.194,2500000000,-0.209,,1700000000,,256.37,,,,,,,,,,,,,,,,,,,,,,true,true,12,2024-04-01,2025-03-31,0
2024-10-31,42290,2024-03-31,2,,,,,,,,,,,,,,,,,,,,61010000000,50281000000,0.795,,48530000000,,,,,,,,,,,,true,false,12,2023-04-01,2024-03-31,-1
2024-10-31,42290,2024-03-31,2,,,,,,,,,,,,,,,,,,,,,,,,,,,,,100.00,,,,8998308,2368906,,false,false,12,2023-04-01,2024-03-31,-1
2024-10-31,42290,2025-03-31,2,,,,,,,,,,,,,,,,,,,,,,,,,,,,,50.00,,,,,,,false,false,12,2024-04-01,2025-03-31,0
2024-10-31,42290,2025-03-31,2,,,,,,,,,,,,,,,,,,,,,,,,,,,,,100.00,,,,,,,false,true,12,2024-04-01,2025-03-31,0
2024-10-31,42290,2025-03-31,2,,,,,,,,,,,,,,,,,,,,,,,,,,,,,,,,,8998308,2364912,6631064,false,false,6,2024-04-01,2024-09-30,0
2024-10-31,42290,2024-03-31,2,,,,,,,,,,,,,,,,,,,,,,,,,,,,,,,,,,,6628449,false,false,6,2023-04-01,2023-09-30,-1
2024-10-31,42290,2025-03-31,,15182000000,0.012,,,,,1235000000,0.236,1436000000,0.306,987000000,,0.411,148.96,,,,,,,,,,,,,,,,,,,,,,true,true,6,2024-04-01,2024-09-30,0
2024-10-31,42290,2024-03-31,,15618000000,,,,,,1606000000,,1837000000,,1269000000,,,191.54,,,,,,,,,,,,,,,,,,,,,,true,false,6,2023-04-01,2023-09-30,-1
2024-10-31,42290,2025-03-31,,30600000000,-0.013,,,,,2200000000,0.048,2500000000,0.087,,1700000000,,256.37,,,,,,,,,,,,,,,,,,,,,,true,true,12,2024-04-01,2025-03-31,0
2024-10-31,42290,2024-03-31,,30310000000,,,,,,2729000000,,3162000000,,,2040000000,,307.83,,,,,,,,,,,,,,,,,,,,,,true,false,12,2023-04-01,2024-03-31,-1
2025-01-31,42290,2025-03-31,3,22702000000,-0.022,,,,,1694000000,-0.295,1978000000,-0.264,,1394000000,,210.33,,,,,,61755000000,51062000000,0.797,,49224000000,,,,,,,,,,,,true,false,9,2024-04-01,2024-12-31,0
2025-01-31,42290,2024-03-31,3,23213000000,-0.032,,,,,2405000000,0.673,2686000000,0.663,,1843000000,,278.08,,,,,,,,,,,,,,,,,,,,,,true,false,9,2023-04-01,2023-12-31,-1
2025-01-31,42290,2025-03-31,3,30600000000,0.010,,,,,2200000000,-0.194,2500000000,-0.209,,1700000000,,256.37,,,,,,,,,,,,,,,,,,,,,,true,true,12,2024-04-01,2025-03-31,0
2025-01-31,42290,2024-03-31,3,,,,,,,,,,,,,,,,,,,,61010000000,50281000000,0.795,,48530000000,,,,,,,,,,,,true,false,12,2023-04-01,2024-03-31,-1
2025-01-31,42290,2024-03-31,3,,,,,,,,,,,,,,,,,,,,,,,,,,,,,100.00,,,,8998308,2368906,,false,false,12,2023-04-01,2024-03-31,-1
2025-01-31,42290,2025-03-31,3,,,,,,,,,,,,,,,,,,,,,,,,,,,,,50.00,,,,,,,false,false,12,2024-04-01,2025-03-31,0
2025-01-31,42290,2025-03-31,3,,,,,,,,,,,,,,,,,,,,,,,,,,,,,100.00,,,,,,,false,true,12,2024-04-01,2025-03-31,0
2025-01-31,42290,2025-03-31,3,,,,,,,,,,,,,,,,,,,,,,,,,,,,,,,,,8998308,2364921,6631843,false,false,9,2024-04-01,2024-12-31,0
2025-01-31,42290,2024-03-31,3,,,,,,,,,,,,,,,,,,,,,,,,,,,,,,,,,,,6628855,false,false,9,2023-04-01,2023-12-31,-1
2025-05-15,42290,2025-03-31,,30545000000,0.008,,,,,2293000000,-0.160,2716000000,-0.141,,1920000000,,289.60,,0.039,0.044,0.075,,63018000000,51731000000,0.789,7499.57,49745000000,4330000000,-2806000000,-875000000,9536000000,,0.345,,,,,,true,false,12,2024-04-01,2025-03-31,0
2025-05-15,42290,2024-03-31,,30310000000,-0.034,,,,,2729000000,0.644,3162000000,0.630,,2040000000,,307.83,,0.044,0.055,0.090,,61010000000,50281000000,0.795,7320.51,48530000000,3638000000,-2162000000,-774000000,8613000000,,0.325,,,,,,true,false,12,2023-04-01,2024-03-31,-1
2025-05-15,42290,2026-03-31,,15000000000,-0.012,,,,,1100000000,-0.110,1300000000,-0.095,,800000000,,120.61,,,,,,,,,,,,,,,,,,,,,,true,true,6,2025-04-01,2025-09-30,1
2025-05-15,42290,2026-03-31,,31000000000,0.015,,,,,2300000000,0.003,2500000000,-0.080,,1700000000,,256.29,,,,,,,,,,,,,,,,0.390,,,,,,true,true,12,2025-04-01,2026-03-31,1
2025-05-15,42290,2025-03-31,,25181000000,-0.008,,,,,1929000000,-0.159,2433000000,-0.142,1835000000,,-0.012,276.71,,,,,,56961000000,47373000000,0.832,7141.91,47373000000,,,,,100.00,,,,8998308,2365148,6632209,false,false,12,2024-04-01,2025-03-31,0
2025-05-15,42290,2024-03-31,,25376000000,-0.039,,,,,2294000000,0.221,2834000000,0.241,1857000000,,0.280,280.20,,,,,,55509000000,46592000000,0.839,7028.15,46592000000,,,,,100.00,,,,8998308,2368906,6629004,false,false,12,2023-04-01,2024-03-31,-1
2025-05-15,42290,2026-03-31,,,,,,,,,,,,,,,,,,,,,,,,,,,,,,100.00,,,,,,,false,true,12,2025-04-01,2026-03-31,1
2025-07-31,42290,2026-03-31,1,7724000000,0.012,,,,,651000000,-0.059,727000000,-0.102,,463000000,,69.90,,,,,,63238000000,51888000000,0.792,,50053000000,,,,,,,,,,,,true,false,3,2025-04-01,2025-06-30,0
2025-07-31,42290,2025-03-31,1,7634000000,-0.040,,,,,692000000,-0.174,810000000,-0.133,,530000000,,79.95,,,,,,,,,,,,,,,,,,,,,,true,false,3,2024-04-01,2024-06-30,-1
2025-07-31,42290,2026-03-31,1,15000000000,-0.012,,,,,1100000000,-0.110,1300000000,-0.095,,800000000,,120.61,,,,,,,,,,,,,,,,,,,,,,true,true,6,2025-04-01,2025-09-30,0
2025-07-31,42290,2026-03-31,1,31000000000,0.015,,,,,2300000000,0.003,2500000000,-0.080,,1700000000,,256.29,,,,,,,,,,,,,,,,,,,,,,true,true,12,2025-04-01,2026-03-31,0
2025-07-31,42290,2025-03-31,1,,,,,,,,,,,,,,,,,,,,63018000000,51731000000,0.789,,49745000000,,,,,,,,,,,,true,false,12,2024-04-01,2025-03-31,-1
2025-07-31,42290,2025-03-31,1,,,,,,,,,,,,,,,,,,,,,,,,,,,,,100.00,,,,8998308,2365148,,false,false,12,2024-04-01,2025-03-31,-1
2025-07-31,42290,2026-03-31,1,,,,,,,,,,,,,,,,,,,,,,,,,,,,,100.00,,,,,,,false,true,12,2025-04-01,2026-03-31,0
2025-07-31,42290,2026-03-31,1,,,,,,,,,,,,,,,,,,,,,,,,,,,,,,,,,8998308,2365249,6633106,false,false,3,2025-04-01,2025-06-30,0
2025-07-31,42290,2025-03-31,1,,,,,,,,,,,,,,,,,,,,,,,,,,,,,,,,,,,6629324,false,false,3,2024-04-01,2024-06-30,-1
