filing_date,code,fiscal_year_end,quarterly_period,net_sales,net_sales_change,revenue,revenue_change,operating_revenue,operating_revenue_change,operating_profit,operating_profit_change,ordinary_profit,ordinary_profit_change,net_income,net_income_of_parent,net_income_change,eps,diluted_eps,roe,roa,operating_profit_to_net_sales,operating_profit_to_revenue,total_assets,net_assets,equity_ratio,bps,owner_equity,operating_cash_flow,investing_cash_flow,financing_cash_flow,cash,dividend_per_share,payout_ratio,commemorative_dividend,extra_dividend,number_of_shares,number_of_treqsury_shares,avg_number_of_shares,is_consolidated,is_forecast,duration,period_start,period_end,period_pos
2015-05-13,42480,2015-12-31,1,2892000000,,,,,,285000000,,289000000,,181000000,,,31.93,,,,,,10208000000,5152000000,0.505,,5152000000,,,,,,,,,,,,true,false,3,2015-01-01,2015-03-31,0
2015-05-13,42480,2015-12-31,1,5785000000,0.015,,,,,508000000,-0.198,496000000,-0.198,329000000,,-0.185,57.92,,,,,,,,,,,,,,,,,,,,,,true,true,6,2015-01-01,2015-06-30,0
2015-05-13,42480,2015-12-31,1,11605000000,0.049,,,,,1040000000,0.185,1017000000,0.156,672000000,,0.156,118.31,,,,,,,,,,,,,,,,,,,,,,true,true,12,2015-01-01,2015-12-31,0
2015-05-13,42480,2014-12-31,1,,,,,,,,,,,,,,,,,,,,10107000000,5077000000,0.502,,5077000000,,,,,,,,,,,,true,false,12,2014-01-01,2014-12-31,-1
2015-05-13,42480,2014-12-31,1,,,,,,,,,,,,,,,,,,,,,,,,,,,,,19.00,,,,5682200,,,false,false,12,2014-01-01,2014-12-31,-1
2015-05-13,42480,2015-12-31,1,,,,,,,,,,,,,,,,,,,,,,,,,,,,,24.00,,,,,,,false,true,12,2015-01-01,2015-12-31,0
2015-05-13,42480,2015-12-31,1,,,,,,,,,,,,,,,,,,,,,,,,,,,,,,,,,5682200,,5682200,false,false,3,2015-01-01,2015-03-31,0
2015-07-31,42480,2015-12-31,,5966000000,0.031,,,,,634000000,0.249,646000000,0.302,435000000,,0.322,76.59,,,,,,,,,,,,,,,,,,,,,,true,true,6,2015-01-01,2015-06-30,0
2015-08-10,42480,2015-12-31,2,5966000000,,,,,,634000000,,646000000,,435000000,,,76.59,,,,,,10361000000,5463000000,0.527,,5463000000,,,,,,,,,,,,true,false,6,2015-01-01,2015-06-30,0
2015-08-10,42480,2015-12-31,2,11605000000,0.049,,,,,1040000000,0.185,1017000000,0.156,672000000,,0.156,118.31,,,,,,,,,,,,,,,,,,,,,,true,true,12,2015-01-01,2015-12-31,0
2015-08-10,42480,2014-12-31,2,,,,,,,,,,,,,,,,,,,,10107000000,5077000000,0.502,,5077000000,,,,,,,,,,,,true,false,12,2014-01-01,2014-12-31,-1
2015-08-10,42480,2014-12-31,2,,,,,,,,,,,,,,,,,,,,,,,,,,,,,19.00,,,,5682200,,,false,false,12,2014-01-01,2014-12-31,-1
2015-08-10,42480,2015-12-31,2,,,,,,,,,,,,,,,,,,,,,,,,,,,,,12.00,,,,,,,false,false,12,2015-01-01,2015-12-31,0
2015-08-10,42480,2015-12-31,2,,,,,,,,,,,,,,,,,,,,,,,,,,,,,24.00,,,,,,,false,true,12,2015-01-01,2015-12-31,0
2015-08-10,42480,2015-12-31,2,,,,,,,,,,,,,,,,,,,,,,,,,,,,,,,,,5682200,,5682200,false,false,6,2015-01-01,2015-06-30,0
2015-11-10,42480,2015-12-31,3,9118000000,0.086,,,,,991000000,0.252,997000000,0.259,667000000,,0.299,117.52,,,,,,10507000000,5509000000,0.524,,5509000000,,,,,,,,,,,,true,false,9,2015-01-01,2015-09-30,0
2015-11-10,42480,2014-12-31,3,8396000000,,,,,,791000000,,792000000,,514000000,,,100.33,,,,,,,,,,,,,,,,,,,,,,true,false,9,2014-01-01,2014-09-30,-1
2015-11-10,42480,2015-12-31,3,12199000000,0.103,,,,,1177000000,0.342,1173000000,0.334,780000000,,0.342,137.31,,,,,,,,,,,,,,,,,,,,,,true,true,12,2015-01-01,2015-12-31,0
2015-11-10,42480,2014-12-31,3,,,,,,,,,,,,,,,,,,,,10107000000,5077000000,0.502,,5077000000,,,,,,,,,,,,true,false,12,2014-01-01,2014-12-31,-1
2015-11-10,42480,2014-12-31,3,,,,,,,,,,,,,,,,,,,,,,,,,,,,,19.00,,,,5682200,,,false,false,12,2014-01-01,2014-12-31,-1
2015-11-10,42480,2015-12-31,3,,,,,,,,,,,,,,,,,,,,,,,,,,,,,12.00,,,,,,,false,false,12,2015-01-01,2015-12-31,0
2015-11-10,42480,2015-12-31,3,,,,,,,,,,,,,,,,,,,,,,,,,,,,,28.00,,,,,,,false,true,12,2015-01-01,2015-12-31,0
2015-11-10,42480,2015-12-31,3,,,,,,,,,,,,,,,,,,,,,,,,,,,,,,,,,5682200,,5682200,false,false,9,2015-01-01,2015-09-30,0
2015-11-10,42480,2014-12-31,3,,,,,,,,,,,,,,,,,,,,,,,,,,,,,,,,,,,5124700,false,false,9,2014-01-01,2014-09-30,-1
2016-02-12,42480,2015-12-31,,12221000000,0.105,,,,,1250000000,0.425,1275000000,0.450,827000000,,0.424,145.65,,0.155,0.121,0.102,,10956000000,5575000000,0.509,981.22,5575000000,1425000000,-1774000000,-42000000,1369000000,,0.192,,,,,,true,false,12,2015-01-01,2015-12-31,0
2016-02-12,42480,2014-12-31,,11062000000,0.104,,,,,877000000,0.159,879000000,0.081,581000000,,-0.018,112.97,,0.131,0.095,0.079,,10107000000,5077000000,0.502,893.56,5077000000,1506000000,-1152000000,135000000,1786000000,,0.168,,,,,,true,false,12,2014-01-01,2014-12-31,-1
2016-02-12,42480,2016-12-31,,6314000000,0.058,,,,,552000000,-0.129,555000000,-0.141,,381000000,,67.14,,,,,,,,,,,,,,,,,,,,,,true,true,6,2016-01-01,2016-06-30,1
2016-02-12,42480,2016-12-31,,12788000000,0.046,,,,,1202000000,-0.039,1186000000,-0.070,,781000000,,137.49,,,,,,,,,,,,,,,,0.204,,,,,,true,true,12,2016-01-01,2016-12-31,1
2016-02-12,42480,2015-12-31,,9158000000,0.058,,,,,774000000,0.496,784000000,0.509,481000000,,0.454,84.69,,,,,,8125000000,3396000000,0.418,597.76,3396000000,,,,,28.00,,,,5682200,40,5682196,false,false,12,2015-01-01,2015-12-31,0
2016-02-12,42480,2014-12-31,,8652000000,0.097,,,,,517000000,0.484,520000000,0.495,330000000,,-0.439,64.29,,,,,,7311000000,3091000000,0.423,544.03,3091000000,,,,,19.00,,,,5682200,,5146364,false,false,12,2014-01-01,2014-12-31,-1
2016-02-12,42480,2016-12-31,,,,,,,,,,,,,,,,,,,,,,,,,,,,,,28.00,,,,,,,false,true,12,2016-01-01,2016-12-31,1
2016-05-13,42480,2016-12-31,1,3205000000,0.108,,,,,368000000,0.293,371000000,0.285,,249000000,,43.87,,,,,,11763000000,5574000000,0.474,,5574000000,,,,,,,,,,,,true,false,3,2016-01-01,2016-03-31,0
2016-05-13,42480,2015-12-31,1,2892000000,,,,,,285000000,,289000000,,,181000000,,31.93,,,,,,,,,,,,,,,,,,,,,,true,false,3,2015-01-01,2015-03-31,-1
2016-05-13,42480,2016-12-31,1,6314000000,0.058,,,,,552000000,-0.129,555000000,-0.141,,381000000,,67.14,,,,,,,,,,,,,,,,,,,,,,true,true,6,2016-01-01,2016-06-30,0
2016-05-13,42480,2016-12-31,1,12788000000,0.046,,,,,1202000000,-0.039,1186000000,-0.070,,781000000,,137.49,,,,,,,,,,,,,,,,,,,,,,true,true,12,2016-01-01,2016-12-31,0
2016-05-13,42480,2015-12-31,1,,,,,,,,,,,,,,,,,,,,10956000000,5575000000,0.509,,5575000000,,,,,,,,,,,,true,false,12,2015-01-01,2015-12-31,-1
2016-05-13,42480,2015-12-31,1,,,,,,,,,,,,,,,,,,,,,,,,,,,,,28.00,,,,5682200,40,,false,false,12,2015-01-01,2015-12-31,-1
2016-05-13,42480,2016-12-31,1,,,,,,,,,,,,,,,,,,,,,,,,,,,,,28.00,,,,,,,false,true,12,2016-01-01,2016-12-31,0
2016-05-13,42480,2016-12-31,1,,,,,,,,,,,,,,,,,,,,,,,,,,,,,,,,,5682200,40,5682160,false,false,3,2016-01-01,2016-03-31,0
2016-05-13,42480,2015-12-31,1,,,,,,,,,,,,,,,,,,,,,,,,,,,,,,,,,,,5682200,false,false,3,2015-01-01,2015-03-31,-1
2016-08-05,42480,2016-12-31,,6455000000,0.022,,,,,740000000,0.341,748000000,0.348,,479000000,,84.45,,,,,,,,,,,,,,,,,,,,,,true,true,6,2016-01-01,2016-06-30,0
2016-08-05,42480,2015-12-31,,5966000000,,,,,,634000000,,646000000,,,435000000,,76.59,,,,,,,,,,,,,,,,,,,,,,true,false,6,2015-01-01,2015-06-30,-1
2016-08-05,42480,2016-12-31,,12380000000,-0.032,,,,,1202000000,0.000,1186000000,0.000,,781000000,,137.49,,,,,,,,,,,,,,,,,,,,,,true,true,12,2016-01-01,2016-12-31,0
2016-08-05,42480,2015-12-31,,12221000000,,,,,,1250000000,,1275000000,,,827000000,,145.65,,,,,,,,,,,,,,,,,,,,,,true,false,12,2015-01-01,2015-12-31,-1
2016-08-10,42480,2016-12-31,2,6455000000,0.082,,,,,740000000,0.166,748000000,0.157,,479000000,,84.45,84.44,,,,,11856000000,5482000000,0.462,,5479000000,,,,,,,,,,,,true,false,6,2016-01-01,2016-06-30,0
2016-08-10,42480,2015-12-31,2,5966000000,,,,,,634000000,,646000000,,,435000000,,76.59,,,,,,,,,,,,,,,,,,,,,,true,false,6,2015-01-01,2015-06-30,-1
2016-08-10,42480,2016-12-31,2,12380000000,0.013,,,,,1202000000,-0.039,1186000000,-0.070,,781000000,,137.49,,,,,,,,,,,,,,,,,,,,,,true,true,12,2016-01-01,2016-12-31,0
2016-08-10,42480,2015-12-31,2,,,,,,,,,,,,,,,,,,,,10956000000,5575000000,0.509,,5575000000,,,,,,,,,,,,true,false,12,2015-01-01,2015-12-31,-1
2016-08-10,42480,2015-12-31,2,,,,,,,,,,,,,,,,,,,,,,,,,,,,,28.00,,,,5682200,40,,false,false,12,2015-01-01,2015-12-31,-1
2016-08-10,42480,2016-12-31,2,,,,,,,,,,,,,,,,,,,,,,,,,,,,,14.00,,,,,,,false,false,12,2016-01-01,2016-12-31,0
2016-08-10,42480,2016-12-31,2,,,,,,,,,,,,,,,,,,,,,,,,,,,,,28.00,,,,,,,false,true,12,2016-01-01,2016-12-31,0
2016-08-10,42480,2016-12-31,2,,,,,,,,,,,,,,,,,,,,,,,,,,,,,,,,,5682200,40,5682160,false,false,6,2016-01-01,2016-06-30,0
2016-08-10,42480,2015-12-31,2,,,,,,,,,,,,,,,,,,,,,,,,,,,,,,,,,,,5682200,false,false,6,2015-01-01,2015-06-30,-1
2016-11-11,42480,2016-12-31,3,9686000000,0.062,,,,,1077000000,0.087,1088000000,0.091,,720000000,,126.72,126.66,,,,,12068000000,5591000000,0.463,,5585000000,,,,,,,,,,,,true,false,9,2016-01-01,2016-09-30,0
2016-11-11,42480,2015-12-31,3,9118000000,0.086,,,,,991000000,0.252,997000000,0.259,,667000000,,117.52,,,,,,,,,,,,,,,,,,,,,,true,false,9,2015-01-01,2015-09-30,-1
2016-11-11,42480,2016-12-31,3,12380000000,0.013,,,,,1202000000,-0.039,1186000000,-0.070,,781000000,,137.49,,,,,,,,,,,,,,,,,,,,,,true,true,12,2016-01-01,2016-12-31,0
2016-11-11,42480,2015-12-31,3,,,,,,,,,,,,,,,,,,,,10956000000,5575000000,0.509,,5575000000,,,,,,,,,,,,true,false,12,2015-01-01,2015-12-31,-1
2016-11-11,42480,2015-12-31,3,,,,,,,,,,,,,,,,,,,,,,,,,,,,,28.00,,,,5682200,40,,false,false,12,2015-01-01,2015-12-31,-1
2016-11-11,42480,2016-12-31,3,,,,,,,,,,,,,,,,,,,,,,,,,,,,,14.00,,,,,,,false,false,12,2016-01-01,2016-12-31,0
2016-11-11,42480,2016-12-31,3,,,,,,,,,,,,,,,,,,,,,,,,,,,,,28.00,,,,,,,false,true,12,2016-01-01,2016-12-31,0
2016-11-11,42480,2016-12-31,3,,,,,,,,,,,,,,,,,,,,,,,,,,,,,,,,,5682200,40,5682160,false,false,9,2016-01-01,2016-09-30,0
2016-11-11,42480,2015-12-31,3,,,,,,,,,,,,,,,,,,,,,,,,,,,,,,,,,,,5682200,false,false,9,2015-01-01,2015-09-30,-1
2016-12-16,42480,2016-12-31,,12768000000,0.031,,,,,1227000000,0.021,1239000000,0.045,832000000,,0.065,146.42,,,,,,,,,,,,,,,,,,,,,,true,true,12,2016-01-01,2016-12-31,0
2016-12-16,42480,2015-12-31,,12221000000,,,,,,1250000000,,1275000000,,827000000,,,145.65,,,,,,,,,,,,,,,,,,,,,,true,false,12,2015-01-01,2015-12-31,-1
2016-12-16,42480,2016-12-31,,,,,,,,,,,,,,,,,,,,,,,,,,,,,,30.00,,,,,,,false,true,12,2016-01-01,2016-12-31,0
2016-12-16,42480,2016-12-31,,,,,,,,,,,,,,,,,,,,,,,,,,,,,,14.00,,,,,,,false,false,12,2016-01-01,2016-12-31,0
2016-12-16,42480,2015-12-31,,,,,,,,,,,,,,,,,,,,,,,,,,,,,,28.00,,,,,,,false,false,12,2015-01-01,2015-12-31,-1
2017-02-10,42480,2016-12-31,,12799000000,0.047,,,,,1259000000,0.007,1279000000,0.003,,836000000,,147.30,147.17,0.145,0.108,0.098,,12646000000,6001000000,0.474,1054.36,5991000000,1715000000,-2209000000,865000000,1699000000,,0.204,,,,,,true,false,12,2016-01-01,2016-12-31,0
2017-02-10,42480,2015-12-31,,12221000000,0.105,,,,,1250000000,0.425,1275000000,0.450,,827000000,,145.65,,0.155,0.121,0.102,,10956000000,5575000000,0.509,981.22,5575000000,1425000000,-1774000000,-42000000,1369000000,,0.192,,,,,,true,false,12,2015-01-01,2015-12-31,-1
2017-02-10,42480,2017-12-31,,6565000000,0.017,,,,,664000000,-0.102,655000000,-0.124,,453000000,,79.78,,,,,,,,,,,,,,,,,,,,,,true,true,6,2017-01-01,2017-06-30,1
2017-02-10,42480,2017-12-31,,13218000000,0.033,,,,,1252000000,-0.005,1264000000,-0.012,,870000000,,153.16,,,,,,,,,,,,,,,,0.209,,,,,,true,true,12,2017-01-01,2017-12-31,1
2017-02-10,42480,2016-12-31,,10170000000,0.111,,,,,798000000,0.032,823000000,0.050,522000000,,0.087,92.02,91.94,,,,,9875000000,3758000000,0.380,659.72,3748000000,,,,,30.00,,,,5682200,40,5682160,false,false,12,2016-01-01,2016-12-31,0
2017-02-10,42480,2015-12-31,,9158000000,0.058,,,,,774000000,0.496,784000000,0.509,481000000,,0.454,84.69,,,,,,8125000000,3396000000,0.418,597.76,3396000000,,,,,28.00,,,,5682200,40,5682196,false,false,12,2015-01-01,2015-12-31,-1
2017-02-10,42480,2017-12-31,,,,,,,,,,,,,,,,,,,,,,,,,,,,,,32.00,,,,,,,false,true,12,2017-01-01,2017-12-31,1
2017-05-12,42480,2017-12-31,1,3442000000,0.074,,,,,320000000,-0.129,330000000,-0.111,,252000000,,44.44,44.37,,,,,13091000000,6083000000,0.464,,6070000000,,,,,,,,,,,,true,false,3,2017-01-01,2017-03-31,0
2017-05-12,42480,2016-12-31,1,3205000000,0.108,,,,,368000000,0.293,371000000,0.285,,249000000,,43.87,,,,,,,,,,,,,,,,,,,,,,true,false,3,2016-01-01,2016-03-31,-1
2017-05-12,42480,2017-12-31,1,6565000000,0.017,,,,,664000000,-0.102,655000000,-0.124,,453000000,,79.78,,,,,,,,,,,,,,,,,,,,,,true,true,6,2017-01-01,2017-06-30,0
2017-05-12,42480,2017-12-31,1,13218000000,0.033,,,,,1252000000,-0.005,1264000000,-0.012,,870000000,,153.16,,,,,,,,,,,,,,,,,,,,,,true,true,12,2017-01-01,2017-12-31,0
2017-05-12,42480,2016-12-31,1,,,,,,,,,,,,,,,,,,,,12646000000,6001000000,0.474,,5991000000,,,,,,,,,,,,true,false,12,2016-01-01,2016-12-31,-1
2017-05-12,42480,2016-12-31,1,,,,,,,,,,,,,,,,,,,,,,,,,,,,,30.00,,,,5682200,40,,false,false,12,2016-01-01,2016-12-31,-1
2017-05-12,42480,2017-12-31,1,,,,,,,,,,,,,,,,,,,,,,,,,,,,,32.00,,,,,,,false,true,12,2017-01-01,2017-12-31,0
2017-05-12,42480,2017-12-31,1,,,,,,,,,,,,,,,,,,,,,,,,,,,,,,,,,5682200,40,5682160,false,false,3,2017-01-01,2017-03-31,0
2017-05-12,42480,2016-12-31,1,,,,,,,,,,,,,,,,,,,,,,,,,,,,,,,,,,,5682160,false,false,3,2016-01-01,2016-03-31,-1
2017-08-10,42480,2017-12-31,2,6970000000,0.080,,,,,713000000,-0.037,717000000,-0.042,,500000000,,87.41,87.25,,,,,14138000000,7316000000,0.516,,7299000000,,,,,,,,,,,,true,false,6,2017-01-01,2017-06-30,0
2017-08-10,42480,2016-12-31,2,6455000000,0.082,,,,,740000000,0.166,748000000,0.157,,479000000,,84.45,84.44,,,,,,,,,,,,,,,,,,,,,true,false,6,2016-01-01,2016-06-30,-1
2017-08-10,42480,2017-12-31,2,13218000000,0.033,,,,,1252000000,-0.005,1264000000,-0.012,,870000000,,145.12,,,,,,,,,,,,,,,,,,,,,,true,true,12,2017-01-01,2017-12-31,0
2017-08-10,42480,2016-12-31,2,,,,,,,,,,,,,,,,,,,,12646000000,6001000000,0.474,,5991000000,,,,,,,,,,,,true,false,12,2016-01-01,2016-12-31,-1
2017-08-10,42480,2016-12-31,2,,,,,,,,,,,,,,,,,,,,,,,,,,,,,30.00,,,,5682200,40,,false,false,12,2016-01-01,2016-12-31,-1
2017-08-10,42480,2017-12-31,2,,,,,,,,,,,,,,,,,,,,,,,,,,,,,16.00,,,,,,,false,false,12,2017-01-01,2017-12-31,0
2017-08-10,42480,2017-12-31,2,,,,,,,,,,,,,,,,,,,,,,,,,,,,,32.00,,,,,,,false,true,12,2017-01-01,2017-12-31,0
2017-08-10,42480,2017-12-31,2,,,,,,,,,,,,,,,,,,,,,,,,,,,,,,,,,6264200,40,5724955,false,false,6,2017-01-01,2017-06-30,0
2017-08-10,42480,2016-12-31,2,,,,,,,,,,,,,,,,,,,,,,,,,,,,,,,,,,,5682160,false,false,6,2016-01-01,2016-06-30,-1
2017-11-10,42480,2017-12-31,3,10616000000,0.096,,,,,1090000000,0.012,1098000000,0.010,,751000000,,127.28,127.02,,,,,14309000000,7556000000,0.527,,7536000000,,,,,,,,,,,,true,false,9,2017-01-01,2017-09-30,0
2017-11-10,42480,2016-12-31,3,9686000000,0.062,,,,,1077000000,0.087,1088000000,0.091,,720000000,,126.72,126.66,,,,,,,,,,,,,,,,,,,,,true,false,9,2016-01-01,2016-09-30,-1
2017-11-10,42480,2017-12-31,3,13218000000,0.033,,,,,1252000000,-0.005,1264000000,-0.012,,870000000,,147.34,,,,,,,,,,,,,,,,,,,,,,true,true,12,2017-01-01,2017-12-31,0
2017-11-10,42480,2016-12-31,3,,,,,,,,,,,,,,,,,,,,12646000000,6001000000,0.474,,5991000000,,,,,,,,,,,,true,false,12,2016-01-01,2016-12-31,-1
2017-11-10,42480,2016-12-31,3,,,,,,,,,,,,,,,,,,,,,,,,,,,,,30.00,,,,5682200,40,,false,false,12,2016-01-01,2016-12-31,-1
2017-11-10,42480,2017-12-31,3,,,,,,,,,,,,,,,,,,,,,,,,,,,,,16.00,,,,,,,false,false,12,2017-01-01,2017-12-31,0
2017-11-10,42480,2017-12-31,3,,,,,,,,,,,,,,,,,,,,,,,,,,,,,32.00,,,,,,,false,true,12,2017-01-01,2017-12-31,0
2017-11-10,42480,2017-12-31,3,,,,,,,,,,,,,,,,,,,,,,,,,,,,,,,,,6264200,40,5906665,false,false,9,2017-01-01,2017-09-30,0
2017-11-10,42480,2016-12-31,3,,,,,,,,,,,,,,,,,,,,,,,,,,,,,,,,,,,5682160,false,false,9,2016-01-01,2016-09-30,-1
2017-11-17,42480,2017-12-31,,13985000000,0.058,,,,,1346000000,0.075,1360000000,0.076,,919000000,,153.25,,,,,,,,,,,,,,,,,,,,,,true,true,12,2017-01-01,2017-12-31,0
2017-11-17,42480,2016-12-31,,12799000000,,,,,,1259000000,,1279000000,,,836000000,,158.09,,,,,,,,,,,,,,,,,,,,,,true,false,12,2016-01-01,2016-12-31,-1
2017-11-17,42480,2017-12-31,,,,,,,,,,,,,,,,,,,,,,,,,,,,,,34.00,,,,,,,false,true,12,2017-01-01,2017-12-31,0
2017-11-17,42480,2017-12-31,,,,,,,,,,,,,,,,,,,,,,,,,,,,,,16.00,,,,,,,false,false,12,2017-01-01,2017-12-31,0
2017-11-17,42480,2016-12-31,,,,,,,,,,,,,,,,,,,,,,,,,,,,,,30.00,,,,,,,false,false,12,2016-01-01,2016-12-31,-1
2018-02-09,42480,2017-12-31,,14201000000,0.110,,,,,1412000000,0.122,1440000000,0.126,,986000000,,164.59,164.21,0.143,0.106,0.099,,14550000000,7872000000,0.539,1253.01,7849000000,2241000000,-1808000000,170000000,2342000000,,0.207,,,,,,true,false,12,2017-01-01,2017-12-31,0
2018-02-09,42480,2016-12-31,,12799000000,0.047,,,,,1259000000,0.007,1279000000,0.003,,836000000,,147.30,147.17,0.145,0.108,0.098,,12646000000,6001000000,0.474,1054.36,5991000000,1715000000,-2209000000,865000000,1699000000,,0.204,,,,,,true,false,12,2016-01-01,2016-12-31,-1
2018-02-09,42480,2018-12-31,,7293000000,0.046,,,,,784000000,0.100,791000000,0.104,,533000000,,85.21,,,,,,,,,,,,,,,,,,,,,,true,true,6,2018-01-01,2018-06-30,1
2018-02-09,42480,2018-12-31,,14722000000,0.037,,,,,1339000000,-0.051,1338000000,-0.071,,909000000,,145.17,,,,,,,,,,,,,,,,0.234,,,,,,true,true,12,2018-01-01,2018-12-31,1
2018-02-09,42480,2016-12-31,,,,,,,,,,,,,,,,,,,,,,,,,,,,,,30.00,,,,5682200,40,5682160,false,false,12,2016-01-01,2016-12-31,-1
2018-02-09,42480,2017-12-31,,,,,,,,,,,,,,,,,,,,,,,,,,,,,,34.00,,,,6264200,72,5996771,false,false,12,2017-01-01,2017-12-31,0
2018-02-09,42480,2018-12-31,,,,,,,,,,,,,,,,,,,,,,,,,,,,,,34.00,,,,,,,false,true,12,2018-01-01,2018-12-31,1
2018-04-27,42480,2018-12-31,1,3727000000,0.083,,,,,446000000,0.390,456000000,0.381,,301000000,,48.12,47.96,,,,,15705000000,7913000000,0.502,,7886000000,,,,,,,,,,,,true,false,3,2018-01-01,2018-03-31,0
2018-04-27,42480,2017-12-31,1,3442000000,0.074,,,,,320000000,-0.129,330000000,-0.111,,252000000,,44.44,44.37,,,,,,,,,,,,,,,,,,,,,true,false,3,2017-01-01,2017-03-31,-1
2018-04-27,42480,2018-12-31,1,7293000000,0.046,,,,,784000000,0.100,791000000,0.104,,533000000,,85.21,,,,,,,,,,,,,,,,,,,,,,true,true,6,2018-01-01,2018-06-30,0
2018-04-27,42480,2018-12-31,1,14722000000,0.037,,,,,1339000000,-0.051,1338000000,-0.071,,909000000,,145.17,,,,,,,,,,,,,,,,,,,,,,true,true,12,2018-01-01,2018-12-31,0
2018-04-27,42480,2017-12-31,1,,,,,,,,,,,,,,,,,,,,14550000000,7872000000,0.539,,7849000000,,,,,,,,,,,,true,false,12,2017-01-01,2017-12-31,-1
2018-04-27,42480,2017-12-31,1,,,,,,,,,,,,,,,,,,,,,,,,,,,,,34.00,,,,6264200,72,,false,false,12,2017-01-01,2017-12-31,-1
2018-04-27,42480,2018-12-31,1,,,,,,,,,,,,,,,,,,,,,,,,,,,,,34.00,,,,,,,false,true,12,2018-01-01,2018-12-31,0
2018-04-27,42480,2018-12-31,1,,,,,,,,,,,,,,,,,,,,,,,,,,,,,,,,,6264200,162,6264095,false,false,3,2018-01-01,2018-03-31,0
2018-04-27,42480,2017-12-31,1,,,,,,,,,,,,,,,,,,,,,,,,,,,,,,,,,,,5682160,false,false,3,2017-01-01,2017-03-31,-1
2018-07-31,42480,2018-12-31,2,7685000000,0.103,,,,,858000000,0.204,886000000,0.237,,600000000,,95.83,95.48,,,,,15981000000,8152000000,0.508,,8122000000,,,,,,,,,,,,true,false,6,2018-01-01,2018-06-30,0
2018-07-31,42480,2017-12-31,2,6970000000,0.080,,,,,713000000,-0.037,717000000,-0.042,,500000000,,87.41,87.25,,,,,,,,,,,,,,,,,,,,,true,false,6,2017-01-01,2017-06-30,-1
2018-07-31,42480,2018-12-31,2,15500000000,0.091,,,,,1505000000,0.066,1531000000,0.063,,1027000000,,163.96,,,,,,,,,,,,,,,,,,,,,,true,true,12,2018-01-01,2018-12-31,0
2018-07-31,42480,2017-12-31,2,,,,,,,,,,,,,,,,,,,,14550000000,7872000000,0.539,,7849000000,,,,,,,,,,,,true,false,12,2017-01-01,2017-12-31,-1
2018-07-31,42480,2017-12-31,2,,,,,,,,,,,,,,,,,,,,,,,,,,,,,34.00,,,,6264200,72,,false,false,12,2017-01-01,2017-12-31,-1
2018-07-31,42480,2018-12-31,2,,,,,,,,,,,,,,,,,,,,,,,,,,,,,17.00,,,,,,,false,false,12,2018-01-01,2018-12-31,0
2018-07-31,42480,2018-12-31,2,,,,,,,,,,,,,,,,,,,,,,,,,,,,,34.00,,,,,,,false,true,12,2018-01-01,2018-12-31,0
2018-07-31,42480,2018-12-31,2,,,,,,,,,,,,,,,,,,,,,,,,,,,,,,,,,6264200,200,6264050,false,false,6,2018-01-01,2018-06-30,0
2018-07-31,42480,2017-12-31,2,,,,,,,,,,,,,,,,,,,,,,,,,,,,,,,,,,,5724955,false,false,6,2017-01-01,2017-06-30,-1
2018-10-31,42480,2018-12-31,3,11871000000,0.118,,,,,1344000000,0.233,1429000000,0.301,,967000000,,154.52,153.92,,,,,16218000000,8379000000,0.514,,8343000000,,,,,,,,,,,,true,false,9,2018-01-01,2018-09-30,0
2018-10-31,42480,2017-12-31,3,10616000000,0.096,,,,,1090000000,0.012,1098000000,0.010,,751000000,,127.28,127.02,,,,,,,,,,,,,,,,,,,,,true,false,9,2017-01-01,2017-09-30,-1
2018-10-31,42480,2018-12-31,3,15500000000,0.091,,,,,1505000000,0.066,1531000000,0.063,,1027000000,,163.96,,,,,,,,,,,,,,,,,,,,,,true,true,12,2018-01-01,2018-12-31,0
2018-10-31,42480,2017-12-31,3,,,,,,,,,,,,,,,,,,,,14550000000,7872000000,0.539,,7849000000,,,,,,,,,,,,true,false,12,2017-01-01,2017-12-31,-1
2018-10-31,42480,2017-12-31,3,,,,,,,,,,,,,,,,,,,,,,,,,,,,,34.00,,,,6264200,72,,false,false,12,2017-01-01,2017-12-31,-1
2018-10-31,42480,2018-12-31,3,,,,,,,,,,,,,,,,,,,,,,,,,,,,,17.00,,,,,,,false,false,12,2018-01-01,2018-12-31,0
2018-10-31,42480,2018-12-31,3,,,,,,,,,,,,,,,,,,,,,,,,,,,,,34.00,,,,,,,false,true,12,2018-01-01,2018-12-31,0
2018-10-31,42480,2018-12-31,3,,,,,,,,,,,,,,,,,,,,,,,,,,,,,,,,,6264200,200,6264033,false,false,9,2018-01-01,2018-09-30,0
2018-10-31,42480,2017-12-31,3,,,,,,,,,,,,,,,,,,,,,,,,,,,,,,,,,,,5906665,false,false,9,2017-01-01,2017-09-30,-1
,42480,2018-12-31,,,,,,,,,,,,,,,,,,,,,,,,,,,,,,37.00,,,,,,,false,true,12,2018-01-01,2018-12-31,0
,42480,2018-12-31,,,,,,,,,,,,,,,,,,,,,,,,,,,,,,17.00,,,,,,,false,false,12,2018-01-01,2018-12-31,0
,42480,2017-12-31,,,,,,,,,,,,,,,,,,,,,,,,,,,,,,34.00,,,,,,,false,false,12,2017-01-01,2017-12-31,-1
2019-01-31,42480,2018-12-31,,16022000000,0.128,,,,,1630000000,0.155,1762000000,0.223,,1211000000,,96.72,96.32,0.148,0.113,0.102,,16730000000,8555000000,0.509,679.43,8511000000,2028000000,-2194000000,814000000,2860000000,,0.191,,,,,,true,false,12,2018-01-01,2018-12-31,0
2019-01-31,42480,2017-12-31,,14201000000,0.110,,,,,1412000000,0.122,1440000000,0.126,,986000000,,82.29,82.10,0.143,0.106,0.099,,14550000000,7872000000,0.539,626.51,7849000000,2241000000,-1808000000,170000000,2342000000,,0.207,,,,,,true,false,12,2017-01-01,2017-12-31,-1
2019-01-31,42480,2019-12-31,,8321000000,0.083,,,,,764000000,-0.109,780000000,-0.120,,531000000,,42.39,,,,,,,,,,,,,,,,,,,,,,true,true,6,2019-01-01,2019-06-30,1
2019-01-31,42480,2019-12-31,,16934000000,0.057,,,,,1678000000,0.030,1706000000,-0.032,,1176000000,,93.91,,,,,,,,,,,,,,,,0.202,,,,,,true,true,12,2019-01-01,2019-12-31,1
2019-01-31,42480,2017-12-31,,,,,,,,,,,,,,,,,,,,,,,,,,,,,,34.00,,,,12528400,144,11993543,false,false,12,2017-01-01,2017-12-31,-1
2019-01-31,42480,2018-12-31,,,,,,,,,,,,,,,,,,,,,,,,,,,,,,37.00,,,,12528400,400,12528050,false,false,12,2018-01-01,2018-12-31,0
2019-01-31,42480,2019-12-31,,,,,,,,,,,,,,,,,,,,,,,,,,,,,,19.00,,,,,,,false,true,12,2019-01-01,2019-12-31,1
2019-04-26,42480,2019-12-31,1,3981000000,0.068,,,,,410000000,-0.080,427000000,-0.063,,287000000,,22.98,22.87,,,,,17185000000,8796000000,0.509,,8748000000,,,,,,,,,,,,true,false,3,2019-01-01,2019-03-31,0
2019-04-26,42480,2018-12-31,1,3727000000,0.083,,,,,446000000,0.390,456000000,0.381,,301000000,,24.06,23.98,,,,,,,,,,,,,,,,,,,,,true,false,3,2018-01-01,2018-03-31,-1
2019-04-26,42480,2019-12-31,1,8321000000,0.083,,,,,764000000,-0.109,780000000,-0.120,,531000000,,42.39,,,,,,,,,,,,,,,,,,,,,,true,true,6,2019-01-01,2019-06-30,0
2019-04-26,42480,2019-12-31,1,16934000000,0.057,,,,,1678000000,0.030,1706000000,-0.032,,1176000000,,93.91,,,,,,,,,,,,,,,,,,,,,,true,true,12,2019-01-01,2019-12-31,0
2019-04-26,42480,2018-12-31,1,,,,,,,,,,,,,,,,,,,,16730000000,8555000000,0.509,,8511000000,,,,,,,,,,,,true,false,12,2018-01-01,2018-12-31,-1
2019-04-26,42480,2018-12-31,1,,,,,,,,,,,,,,,,,,,,,,,,,,,,,37.00,,,,12528400,400,,false,false,12,2018-01-01,2018-12-31,-1
2019-04-26,42480,2019-12-31,1,,,,,,,,,,,,,,,,,,,,,,,,,,,,,19.00,,,,,,,false,true,12,2019-01-01,2019-12-31,0
2019-04-26,42480,2019-12-31,1,,,,,,,,,,,,,,,,,,,,,,,,,,,,,,,,,12528400,400,12528000,false,false,3,2019-01-01,2019-03-31,0
2019-04-26,42480,2018-12-31,1,,,,,,,,,,,,,,,,,,,,,,,,,,,,,,,,,,,12528191,false,false,3,2018-01-01,2018-03-31,-1
2019-07-31,42480,2019-12-31,2,7840000000,0.020,,,,,839000000,-0.023,859000000,-0.031,,565000000,,45.12,44.91,,,,,16688000000,8877000000,0.529,,8828000000,,,,,,,,,,,,true,false,6,2019-01-01,2019-06-30,0
2019-07-31,42480,2018-12-31,2,7685000000,0.103,,,,,858000000,0.204,886000000,0.237,,600000000,,47.91,47.74,,,,,,,,,,,,,,,,,,,,,true,false,6,2018-01-01,2018-06-30,-1
2019-07-31,42480,2019-12-31,2,16934000000,0.057,,,,,1678000000,0.030,1706000000,-0.032,,1176000000,,93.91,,,,,,,,,,,,,,,,,,,,,,true,true,12,2019-01-01,2019-12-31,0
2019-07-31,42480,2018-12-31,2,,,,,,,,,,,,,,,,,,,,16730000000,8555000000,0.509,,8511000000,,,,,,,,,,,,true,false,12,2018-01-01,2018-12-31,-1
2019-07-31,42480,2018-12-31,2,,,,,,,,,,,,,,,,,,,,,,,,,,,,,37.00,,,,12528400,400,,false,false,12,2018-01-01,2018-12-31,-1
2019-07-31,42480,2019-12-31,2,,,,,,,,,,,,,,,,,,,,,,,,,,,,,9.50,,,,,,,false,false,12,2019-01-01,2019-12-31,0
2019-07-31,42480,2019-12-31,2,,,,,,,,,,,,,,,,,,,,,,,,,,,,,19.00,,,,,,,false,true,12,2019-01-01,2019-12-31,0
2019-07-31,42480,2019-12-31,2,,,,,,,,,,,,,,,,,,,,,,,,,,,,,,,,,12528400,400,12528000,false,false,6,2019-01-01,2019-06-30,0
2019-07-31,42480,2018-12-31,2,,,,,,,,,,,,,,,,,,,,,,,,,,,,,,,,,,,12528101,false,false,6,2018-01-01,2018-06-30,-1
2019-10-31,42480,2019-12-31,3,11760000000,-0.009,,,,,1290000000,-0.040,1327000000,-0.071,,880000000,,70.30,69.98,,,,,16480000000,8927000000,0.539,,8878000000,,,,,,,,,,,,true,false,9,2019-01-01,2019-09-30,0
2019-10-31,42480,2018-12-31,3,11871000000,0.118,,,,,1344000000,0.233,1429000000,0.301,,967000000,,77.26,76.96,,,,,,,,,,,,,,,,,,,,,true,false,9,2018-01-01,2018-09-30,-1
2019-10-31,42480,2019-12-31,3,16934000000,0.057,,,,,1678000000,0.030,1706000000,-0.032,,1176000000,,93.91,,,,,,,,,,,,,,,,,,,,,,true,true,12,2019-01-01,2019-12-31,0
2019-10-31,42480,2018-12-31,3,,,,,,,,,,,,,,,,,,,,16730000000,8555000000,0.509,,8511000000,,,,,,,,,,,,true,false,12,2018-01-01,2018-12-31,-1
2019-10-31,42480,2018-12-31,3,,,,,,,,,,,,,,,,,,,,,,,,,,,,,37.00,,,,12528400,400,,false,false,12,2018-01-01,2018-12-31,-1
2019-10-31,42480,2019-12-31,3,,,,,,,,,,,,,,,,,,,,,,,,,,,,,9.50,,,,,,,false,false,12,2019-01-01,2019-12-31,0
2019-10-31,42480,2019-12-31,3,,,,,,,,,,,,,,,,,,,,,,,,,,,,,19.00,,,,,,,false,true,12,2019-01-01,2019-12-31,0
2019-10-31,42480,2019-12-31,3,,,,,,,,,,,,,,,,,,,,,,,,,,,,,,,,,12528400,400,12528000,false,false,9,2019-01-01,2019-09-30,0
2019-10-31,42480,2018-12-31,3,,,,,,,,,,,,,,,,,,,,,,,,,,,,,,,,,,,12528067,false,false,9,2018-01-01,2018-09-30,-1
2019-12-13,42480,2019-12-31,,15200000000,-0.102,,,,,1520000000,-0.094,1550000000,-0.091,980000000,,-0.167,78.22,,,,,,,,,,,,,,,,,,,,,,true,true,12,2019-01-01,2019-12-31,0
2019-12-13,42480,2018-12-31,,16022000000,,,,,,1630000000,,1762000000,,1211000000,,,96.72,,,,,,,,,,,,,,,,,,,,,,true,false,12,2018-01-01,2018-12-31,-1
2020-01-31,42480,2019-12-31,,15196000000,-0.052,,,,,1538000000,-0.057,1575000000,-0.106,,1043000000,,83.31,82.94,0.118,0.094,0.101,,16864000000,9224000000,0.544,732.37,9175000000,1790000000,-1635000000,287000000,3264000000,,0.228,,,,,,true,false,12,2019-01-01,2019-12-31,0
2020-01-31,42480,2018-12-31,,16022000000,0.128,,,,,1630000000,0.155,1762000000,0.223,,1211000000,,96.72,96.32,0.148,0.113,0.102,,16730000000,8555000000,0.509,679.43,8511000000,2028000000,-2194000000,814000000,2860000000,,0.191,,,,,,true,false,12,2018-01-01,2018-12-31,-1
2020-01-31,42480,2020-12-31,,7450000000,-0.050,,,,,700000000,-0.166,700000000,-0.185,,480000000,,38.31,,,,,,,,,,,,,,,,,,,,,,true,true,6,2020-01-01,2020-06-30,1
2020-01-31,42480,2020-12-31,,15500000000,0.020,,,,,1600000000,0.040,1600000000,0.016,,1100000000,,87.80,,,,,,,,,,,,,,,,0.216,,,,,,true,true,12,2020-01-01,2020-12-31,1
2020-01-31,42480,2018-12-31,,,,,,,,,,,,,,,,,,,,,,,,,,,,,,37.00,,,,12528400,400,12528050,false,false,12,2018-01-01,2018-12-31,-1
2020-01-31,42480,2019-12-31,,,,,,,,,,,,,,,,,,,,,,,,,,,,,,19.00,,,,12528400,400,12528000,false,false,12,2019-01-01,2019-12-31,0
2020-01-31,42480,2020-12-31,,,,,,,,,,,,,,,,,,,,,,,,,,,,,,19.00,,,,,,,false,true,12,2020-01-01,2020-12-31,1
2020-01-31,42480,2019-12-31,,15196000000,-0.052,,,,,1538000000,-0.057,1575000000,-0.106,,1043000000,,83.31,82.94,0.118,0.094,0.101,,16865000000,9221000000,0.544,732.16,9172000000,1790000000,-1635000000,287000000,3264000000,,0.228,,,,,,true,false,12,2019-01-01,2019-12-31,0
2020-01-31,42480,2018-12-31,,16022000000,0.128,,,,,1630000000,0.155,1762000000,0.223,,1211000000,,96.72,96.32,0.148,0.113,0.102,,16730000000,8555000000,0.509,679.43,8511000000,2028000000,-2194000000,814000000,2860000000,,0.191,,,,,,true,false,12,2018-01-01,2018-12-31,-1
2020-01-31,42480,2020-12-31,,7450000000,-0.050,,,,,700000000,-0.166,700000000,-0.185,,480000000,,38.31,,,,,,,,,,,,,,,,,,,,,,true,true,6,2020-01-01,2020-06-30,1
2020-01-31,42480,2020-12-31,,15500000000,0.020,,,,,1600000000,0.040,1600000000,0.016,,1100000000,,87.80,,,,,,,,,,,,,,,,0.216,,,,,,true,true,12,2020-01-01,2020-12-31,1
2020-01-31,42480,2018-12-31,,,,,,,,,,,,,,,,,,,,,,,,,,,,,,37.00,,,,12528400,400,12528050,false,false,12,2018-01-01,2018-12-31,-1
2020-01-31,42480,2019-12-31,,,,,,,,,,,,,,,,,,,,,,,,,,,,,,19.00,,,,12528400,400,12528000,false,false,12,2019-01-01,2019-12-31,0
2020-01-31,42480,2020-12-31,,,,,,,,,,,,,,,,,,,,,,,,,,,,,,19.00,,,,,,,false,true,12,2020-01-01,2020-12-31,1
2020-04-30,42480,2020-12-31,1,3425000000,-0.140,,,,,340000000,-0.171,327000000,-0.234,,212000000,,16.97,16.90,,,,,16830000000,9185000000,0.543,,9135000000,,,,,,,,,,,,true,false,3,2020-01-01,2020-03-31,0
2020-04-30,42480,2019-12-31,1,3981000000,0.068,,,,,410000000,-0.080,427000000,-0.063,,287000000,,22.98,22.87,,,,,,,,,,,,,,,,,,,,,true,false,3,2019-01-01,2019-03-31,-1
2020-04-30,42480,2020-12-31,1,7450000000,-0.050,,,,,700000000,-0.166,700000000,-0.185,,480000000,,38.31,,,,,,,,,,,,,,,,,,,,,,true,true,6,2020-01-01,2020-06-30,0
2020-04-30,42480,2020-12-31,1,15500000000,0.020,,,,,1600000000,0.040,1600000000,0.016,,1100000000,,87.80,,,,,,,,,,,,,,,,,,,,,,true,true,12,2020-01-01,2020-12-31,0
2020-04-30,42480,2019-12-31,1,,,,,,,,,,,,,,,,,,,,16865000000,9221000000,0.544,,9172000000,,,,,,,,,,,,true,false,12,2019-01-01,2019-12-31,-1
2020-04-30,42480,2019-12-31,1,,,,,,,,,,,,,,,,,,,,,,,,,,,,,19.00,,,,12528400,400,,false,false,12,2019-01-01,2019-12-31,-1
2020-04-30,42480,2020-12-31,1,,,,,,,,,,,,,,,,,,,,,,,,,,,,,19.00,,,,,,,false,true,12,2020-01-01,2020-12-31,0
2020-04-30,42480,2020-12-31,1,,,,,,,,,,,,,,,,,,,,,,,,,,,,,,,,,12528400,400,12528000,false,false,3,2020-01-01,2020-03-31,0
2020-04-30,42480,2019-12-31,1,,,,,,,,,,,,,,,,,,,,,,,,,,,,,,,,,,,12528000,false,false,3,2019-01-01,2019-03-31,-1
2020-07-28,42480,2020-12-31,,7419000000,-0.004,,,,,989000000,0.414,999000000,0.428,671000000,,0.400,53.63,,,,,,,,,,,,,,,,,,,,,,true,true,6,2020-01-01,2020-06-30,0
2020-07-28,42480,2019-12-31,,7840000000,,,,,,839000000,,859000000,,565000000,,,45.12,,,,,,,,,,,,,,,,,,,,,,true,false,6,2019-01-01,2019-06-30,-1
2020-07-31,42480,2020-12-31,2,7419000000,-0.054,,,,,989000000,0.179,999000000,0.163,,671000000,,53.63,53.42,,,,,18055000000,9615000000,0.530,,9566000000,,,,,,,,,,,,true,false,6,2020-01-01,2020-06-30,0
2020-07-31,42480,2019-12-31,2,7840000000,0.020,,,,,839000000,-0.023,859000000,-0.031,,565000000,,45.12,44.91,,,,,,,,,,,,,,,,,,,,,true,false,6,2019-01-01,2019-06-30,-1
2020-07-31,42480,2020-12-31,2,15500000000,0.020,,,,,1600000000,0.040,1600000000,0.016,,1100000000,,87.80,,,,,,,,,,,,,,,,,,,,,,true,true,12,2020-01-01,2020-12-31,0
2020-07-31,42480,2019-12-31,2,,,,,,,,,,,,,,,,,,,,16865000000,9221000000,0.544,,9172000000,,,,,,,,,,,,true,false,12,2019-01-01,2019-12-31,-1
2020-07-31,42480,2019-12-31,2,,,,,,,,,,,,,,,,,,,,,,,,,,,,,19.00,,,,12528400,400,,false,false,12,2019-01-01,2019-12-31,-1
2020-07-31,42480,2020-12-31,2,,,,,,,,,,,,,,,,,,,,,,,,,,,,,9.50,,,,,,,false,false,12,2020-01-01,2020-12-31,0
2020-07-31,42480,2020-12-31,2,,,,,,,,,,,,,,,,,,,,,,,,,,,,,19.00,,,,,,,false,true,12,2020-01-01,2020-12-31,0
2020-07-31,42480,2020-12-31,2,,,,,,,,,,,,,,,,,,,,,,,,,,,,,,,,,12529200,400,12528395,false,false,6,2020-01-01,2020-06-30,0
2020-07-31,42480,2019-12-31,2,,,,,,,,,,,,,,,,,,,,,,,,,,,,,,,,,,,12528000,false,false,6,2019-01-01,2019-06-30,-1
2020-10-30,42480,2020-12-31,3,11167000000,-0.050,,,,,1511000000,0.171,1520000000,0.146,,1020000000,,81.43,81.11,,,,,17883000000,9927000000,0.552,,9877000000,,,,,,,,,,,,true,false,9,2020-01-01,2020-09-30,0
2020-10-30,42480,2019-12-31,3,11760000000,-0.009,,,,,1290000000,-0.040,1327000000,-0.071,,880000000,,70.30,69.98,,,,,,,,,,,,,,,,,,,,,true,false,9,2019-01-01,2019-09-30,-1
2020-10-30,42480,2020-12-31,3,14600000000,-0.039,,,,,1650000000,0.073,1660000000,0.054,,400000000,,31.93,,,,,,,,,,,,,,,,,,,,,,true,true,12,2020-01-01,2020-12-31,0
2020-10-30,42480,2019-12-31,3,,,,,,,,,,,,,,,,,,,,16865000000,9221000000,0.544,,9172000000,,,,,,,,,,,,true,false,12,2019-01-01,2019-12-31,-1
2020-10-30,42480,2019-12-31,3,,,,,,,,,,,,,,,,,,,,,,,,,,,,,19.00,,,,12528400,400,,false,false,12,2019-01-01,2019-12-31,-1
2020-10-30,42480,2020-12-31,3,,,,,,,,,,,,,,,,,,,,,,,,,,,,,9.50,,,,,,,false,false,12,2020-01-01,2020-12-31,0
2020-10-30,42480,2020-12-31,3,,,,,,,,,,,,,,,,,,,,,,,,,,,,,19.00,,,,,,,false,true,12,2020-01-01,2020-12-31,0
2020-10-30,42480,2020-12-31,3,,,,,,,,,,,,,,,,,,,,,,,,,,,,,,,,,12529200,400,12528531,false,false,9,2020-01-01,2020-09-30,0
2020-10-30,42480,2019-12-31,3,,,,,,,,,,,,,,,,,,,,,,,,,,,,,,,,,,,12528000,false,false,9,2019-01-01,2019-09-30,-1
2021-01-29,42480,2020-12-31,,14863000000,-0.022,,,,,1778000000,0.156,1789000000,0.136,,490000000,,39.16,39.01,0.053,0.103,0.120,,17712000000,9469000000,0.532,751.79,9419000000,2916000000,-466000000,-227000000,5504000000,,0.485,,,,,,true,false,12,2020-01-01,2020-12-31,0
2021-01-29,42480,2019-12-31,,15196000000,-0.052,,,,,1538000000,-0.057,1575000000,-0.106,,1043000000,,83.31,82.94,0.118,0.094,0.101,,16865000000,9221000000,0.544,732.16,9172000000,1790000000,-1635000000,287000000,3264000000,,0.228,,,,,,true,false,12,2019-01-01,2019-12-31,-1
2021-01-29,42480,2021-12-31,,7270000000,-0.020,,,,,770000000,-0.222,770000000,-0.229,,530000000,,42.30,,,,,,,,,,,,,,,,,,,,,,true,true,6,2021-01-01,2021-06-30,1
2021-01-29,42480,2021-12-31,,15080000000,0.015,,,,,1640000000,-0.078,1645000000,-0.081,,1130000000,,90.19,,,,,,,,,,,,,,,,0.211,,,,,,true,true,12,2021-01-01,2021-12-31,1
2021-01-29,42480,2019-12-31,,,,,,,,,,,,,,,,,,,,,,,,,,,,,,19.00,,,,12528400,400,12528000,false,false,12,2019-01-01,2019-12-31,-1
2021-01-29,42480,2020-12-31,,,,,,,,,,,,,,,,,,,,,,,,,,,,,,19.00,,,,12529200,400,12528598,false,false,12,2020-01-01,2020-12-31,0
2021-01-29,42480,2021-12-31,,,,,,,,,,,,,,,,,,,,,,,,,,,,,,19.00,,,,,,,false,true,12,2021-01-01,2021-12-31,1
2021-02-18,42480,2020-12-31,,11664000000,-0.007,,,,,1308000000,0.108,1315000000,0.092,-279000000,,,-22.33,,,,,,,,,,,,,,,,,,,,,,false,true,12,2020-01-01,2020-12-31,0
2021-04-30,42480,2021-12-31,1,3803000000,0.110,,,,,503000000,0.479,555000000,0.694,,364000000,,29.09,28.98,,,,,18018000000,10022000000,0.553,,9971000000,,,,,,,,,,,,true,false,3,2021-01-01,2021-03-31,0
2021-04-30,42480,2020-12-31,1,3425000000,-0.140,,,,,340000000,-0.171,327000000,-0.234,,212000000,,16.97,16.90,,,,,,,,,,,,,,,,,,,,,true,false,3,2020-01-01,2020-03-31,-1
2021-04-30,42480,2021-12-31,1,7270000000,-0.020,,,,,770000000,-0.222,770000000,-0.229,,530000000,,42.30,,,,,,,,,,,,,,,,,,,,,,true,true,6,2021-01-01,2021-06-30,0
2021-04-30,42480,2021-12-31,1,15080000000,0.015,,,,,1640000000,-0.078,1645000000,-0.081,,1130000000,,90.19,,,,,,,,,,,,,,,,,,,,,,true,true,12,2021-01-01,2021-12-31,0
2021-04-30,42480,2020-12-31,1,,,,,,,,,,,,,,,,,,,,17712000000,9469000000,0.532,,9419000000,,,,,,,,,,,,true,false,12,2020-01-01,2020-12-31,-1
2021-04-30,42480,2020-12-31,1,,,,,,,,,,,,,,,,,,,,,,,,,,,,,19.00,,,,12529200,400,,false,false,12,2020-01-01,2020-12-31,-1
2021-04-30,42480,2021-12-31,1,,,,,,,,,,,,,,,,,,,,,,,,,,,,,19.00,,,,,,,false,true,12,2021-01-01,2021-12-31,0
2021-04-30,42480,2021-12-31,1,,,,,,,,,,,,,,,,,,,,,,,,,,,,,,,,,12529200,400,12528800,false,false,3,2021-01-01,2021-03-31,0
2021-04-30,42480,2020-12-31,1,,,,,,,,,,,,,,,,,,,,,,,,,,,,,,,,,,,12528000,false,false,3,2020-01-01,2020-03-31,-1
,42480,2021-12-31,,,,,,,,,,,,,,,,,,,,,,,,,,,,,,29.00,,,,,,,false,true,12,2021-01-01,2021-12-31,0
,42480,2020-12-31,,,,,,,,,,,,,,,,,,,,,,,,,,,,,,19.00,,,,,,,false,false,12,2020-01-01,2020-12-31,-1
2021-07-16,42480,2021-12-31,,7882000000,0.084,,,,,953000000,0.238,1004000000,0.304,,663000000,,52.93,,,,,,,,,,,,,,,,,,,,,,true,true,6,2021-01-01,2021-06-30,0
2021-07-16,42480,2020-12-31,,7419000000,,,,,,989000000,,999000000,,,671000000,,53.63,,,,,,,,,,,,,,,,,,,,,,true,false,6,2020-01-01,2020-06-30,-1
2021-07-30,42480,2021-12-31,2,7882000000,0.062,,,,,953000000,-0.037,1004000000,0.005,,663000000,,52.94,52.72,,,,,18404000000,10386000000,0.562,,10335000000,,,,,,,,,,,,true,false,6,2021-01-01,2021-06-30,0
2021-07-30,42480,2020-12-31,2,7419000000,-0.054,,,,,989000000,0.179,999000000,0.163,,671000000,,53.63,53.42,,,,,,,,,,,,,,,,,,,,,true,false,6,2020-01-01,2020-06-30,-1
2021-07-30,42480,2021-12-31,2,15080000000,0.015,,,,,1640000000,-0.078,1645000000,-0.081,,1130000000,,90.19,,,,,,,,,,,,,,,,,,,,,,true,true,12,2021-01-01,2021-12-31,0
2021-07-30,42480,2020-12-31,2,,,,,,,,,,,,,,,,,,,,17712000000,9469000000,0.532,,9419000000,,,,,,,,,,,,true,false,12,2020-01-01,2020-12-31,-1
2021-07-30,42480,2020-12-31,2,,,,,,,,,,,,,,,,,,,,,,,,,,,,,19.00,,,,12529200,400,,false,false,12,2020-01-01,2020-12-31,-1
2021-07-30,42480,2021-12-31,2,,,,,,,,,,,,,,,,,,,,,,,,,,,,,14.50,,,,,,,false,false,12,2021-01-01,2021-12-31,0
2021-07-30,42480,2021-12-31,2,,,,,,,,,,,,,,,,,,,,,,,,,,,,,29.00,,,,,,,false,true,12,2021-01-01,2021-12-31,0
2021-07-30,42480,2021-12-31,2,,,,,,,,,,,,,,,,,,,,,,,,,,,,,,,,,12529200,400,12528800,false,false,6,2021-01-01,2021-06-30,0
2021-07-30,42480,2020-12-31,2,,,,,,,,,,,,,,,,,,,,,,,,,,,,,,,,,,,12528395,false,false,6,2020-01-01,2020-06-30,-1
2021-10-29,42480,2021-12-31,3,11988000000,0.074,,,,,1425000000,-0.057,1492000000,-0.018,,975000000,,77.86,77.54,,,,,18402000000,10552000000,0.571,,10501000000,,,,,,,,,,,,true,false,9,2021-01-01,2021-09-30,0
2021-10-29,42480,2020-12-31,3,11167000000,-0.050,,,,,1511000000,0.171,1520000000,0.146,,1020000000,,81.43,81.11,,,,,,,,,,,,,,,,,,,,,true,false,9,2020-01-01,2020-09-30,-1
2021-10-29,42480,2021-12-31,3,15080000000,0.015,,,,,1640000000,-0.078,1645000000,-0.081,,1130000000,,90.19,,,,,,,,,,,,,,,,,,,,,,true,true,12,2021-01-01,2021-12-31,0
2021-10-29,42480,2020-12-31,3,,,,,,,,,,,,,,,,,,,,17712000000,9469000000,0.532,,9419000000,,,,,,,,,,,,true,false,12,2020-01-01,2020-12-31,-1
2021-10-29,42480,2020-12-31,3,,,,,,,,,,,,,,,,,,,,,,,,,,,,,19.00,,,,12529200,400,,false,false,12,2020-01-01,2020-12-31,-1
2021-10-29,42480,2021-12-31,3,,,,,,,,,,,,,,,,,,,,,,,,,,,,,14.50,,,,,,,false,false,12,2021-01-01,2021-12-31,0
2021-10-29,42480,2021-12-31,3,,,,,,,,,,,,,,,,,,,,,,,,,,,,,29.00,,,,,,,false,true,12,2021-01-01,2021-12-31,0
2021-10-29,42480,2021-12-31,3,,,,,,,,,,,,,,,,,,,,,,,,,,,,,,,,,12529200,400,12528800,false,false,9,2021-01-01,2021-09-30,0
2021-10-29,42480,2020-12-31,3,,,,,,,,,,,,,,,,,,,,,,,,,,,,,,,,,,,12528531,false,false,9,2020-01-01,2020-09-30,-1
,42480,2021-12-31,,,,,,,,,,,,,,,,,,,,,,,,,,,,,,32.00,,,,,,,false,true,12,2021-01-01,2021-12-31,0
,42480,2021-12-31,,,,,,,,,,,,,,,,,,,,,,,,,,,,,,14.50,,,,,,,false,false,12,2021-01-01,2021-12-31,0
,42480,2020-12-31,,,,,,,,,,,,,,,,,,,,,,,,,,,,,,19.00,,,,,,,false,false,12,2020-01-01,2020-12-31,-1
2022-01-31,42480,2021-12-31,,15776000000,0.061,,,,,1754000000,-0.013,1837000000,0.027,,1193000000,,95.28,94.90,0.117,0.100,0.111,,18976000000,10980000000,0.576,872.29,10928000000,1786000000,-532000000,-615000000,6412000000,,0.336,,,,,,true,false,12,2021-01-01,2021-12-31,0
2022-01-31,42480,2020-12-31,,14863000000,-0.022,,,,,1778000000,0.156,1789000000,0.136,,490000000,,39.16,39.01,0.053,0.103,0.120,,17712000000,9469000000,0.532,751.79,9419000000,2916000000,-466000000,-227000000,5504000000,,0.485,,,,,,true,false,12,2020-01-01,2020-12-31,-1
2022-01-31,42480,2022-12-31,,8150000000,0.034,,,,,870000000,-0.087,880000000,-0.124,,600000000,,47.88,,,,,,,,,,,,,,,,,,,,,,true,true,6,2022-01-01,2022-06-30,1
2022-01-31,42480,2022-12-31,,16500000000,0.046,,,,,1770000000,0.009,1790000000,-0.026,,1230000000,,98.17,,,,,,,,,,,,,,,,0.362,,,,,,true,true,12,2022-01-01,2022-12-31,1
2022-01-31,42480,2020-12-31,,,,,,,,,,,,,,,,,,,,,,,,,,,,,,19.00,,,,12529200,400,12528598,false,false,12,2020-01-01,2020-12-31,-1
2022-01-31,42480,2021-12-31,,,,,,,,,,,,,,,,,,,,,,,,,,,,,,32.00,,,,12529200,400,12528800,false,false,12,2021-01-01,2021-12-31,0
2022-01-31,42480,2022-12-31,,,,,,,,,,,,,,,,,,,,,,,,,,,,,,35.50,,,,,,,false,true,12,2022-01-01,2022-12-31,1
2022-04-28,42480,2022-12-31,1,3606000000,-0.052,,,,,277000000,-0.449,318000000,-0.426,,201000000,,16.09,16.03,,,,,19088000000,11307000000,0.590,,11255000000,,,,,,,,,,,,true,false,3,2022-01-01,2022-03-31,0
2022-04-28,42480,2021-12-31,1,3803000000,0.110,,,,,503000000,0.479,555000000,0.694,,364000000,,29.09,28.98,,,,,,,,,,,,,,,,,,,,,true,false,3,2021-01-01,2021-03-31,-1
2022-04-28,42480,2022-12-31,1,8150000000,0.034,,,,,870000000,-0.087,880000000,-0.124,,600000000,,47.88,,,,,,,,,,,,,,,,,,,,,,true,true,6,2022-01-01,2022-06-30,0
2022-04-28,42480,2022-12-31,1,16500000000,0.046,,,,,1770000000,0.009,1790000000,-0.026,,1230000000,,98.17,,,,,,,,,,,,,,,,,,,,,,true,true,12,2022-01-01,2022-12-31,0
2022-04-28,42480,2021-12-31,1,,,,,,,,,,,,,,,,,,,,18976000000,10980000000,0.576,,10928000000,,,,,,,,,,,,true,false,12,2021-01-01,2021-12-31,-1
2022-04-28,42480,2021-12-31,1,,,,,,,,,,,,,,,,,,,,,,,,,,,,,32.00,,,,12529200,400,,false,false,12,2021-01-01,2021-12-31,-1
2022-04-28,42480,2022-12-31,1,,,,,,,,,,,,,,,,,,,,,,,,,,,,,35.50,,,,,,,false,true,12,2022-01-01,2022-12-31,0
2022-04-28,42480,2022-12-31,1,,,,,,,,,,,,,,,,,,,,,,,,,,,,,,,,,12529200,400,12528800,false,false,3,2022-01-01,2022-03-31,0
2022-04-28,42480,2021-12-31,1,,,,,,,,,,,,,,,,,,,,,,,,,,,,,,,,,,,12528800,false,false,3,2021-01-01,2021-03-31,-1
2022-07-15,42480,2022-12-31,,7259000000,-0.109,,,,,479000000,-0.449,577000000,-0.344,,359000000,,28.68,,,,,,,,,,,,,,,,,,,,,,true,true,6,2022-01-01,2022-06-30,0
2022-07-15,42480,2021-12-31,,7882000000,,,,,,953000000,,1004000000,,,663000000,,52.94,,,,,,,,,,,,,,,,,,,,,,true,false,6,2021-01-01,2021-06-30,-1
2022-07-15,42480,2022-12-31,,15300000000,-0.073,,,,,950000000,-0.463,1080000000,-0.397,700000000,,-0.431,55.87,,,,,,,,,,,,,,,,,,,,,,true,true,12,2022-01-01,2022-12-31,0
2022-07-15,42480,2021-12-31,,15776000000,,,,,,1754000000,,1837000000,,1193000000,,,95.28,,,,,,,,,,,,,,,,,,,,,,true,false,12,2021-01-01,2021-12-31,-1
2022-07-29,42480,2022-12-31,2,7259000000,-0.079,,,,,479000000,-0.497,577000000,-0.425,,359000000,,28.68,28.57,,,,,19388000000,11810000000,0.606,,11758000000,,,,,,,,,,,,true,false,6,2022-01-01,2022-06-30,0
2022-07-29,42480,2021-12-31,2,7882000000,0.062,,,,,953000000,-0.037,1004000000,0.005,,663000000,,52.94,52.72,,,,,,,,,,,,,,,,,,,,,true,false,6,2021-01-01,2021-06-30,-1
2022-07-29,42480,2022-12-31,2,15300000000,-0.030,,,,,950000000,-0.459,1080000000,-0.412,,700000000,,55.87,,,,,,,,,,,,,,,,,,,,,,true,true,12,2022-01-01,2022-12-31,0
2022-07-29,42480,2021-12-31,2,,,,,,,,,,,,,,,,,,,,18976000000,10980000000,0.576,,10928000000,,,,,,,,,,,,true,false,12,2021-01-01,2021-12-31,-1
2022-07-29,42480,2021-12-31,2,,,,,,,,,,,,,,,,,,,,,,,,,,,,,32.00,,,,12529200,400,,false,false,12,2021-01-01,2021-12-31,-1
2022-07-29,42480,2022-12-31,2,,,,,,,,,,,,,,,,,,,,,,,,,,,,,17.50,,,,,,,false,false,12,2022-01-01,2022-12-31,0
2022-07-29,42480,2022-12-31,2,,,,,,,,,,,,,,,,,,,,,,,,,,,,,35.50,,,,,,,false,true,12,2022-01-01,2022-12-31,0
2022-07-29,42480,2022-12-31,2,,,,,,,,,,,,,,,,,,,,,,,,,,,,,,,,,12529200,400,12528800,false,false,6,2022-01-01,2022-06-30,0
2022-07-29,42480,2021-12-31,2,,,,,,,,,,,,,,,,,,,,,,,,,,,,,,,,,,,12528800,false,false,6,2021-01-01,2021-06-30,-1
2022-10-31,42480,2022-12-31,3,11225000000,-0.064,,,,,674000000,-0.527,805000000,-0.460,,303000000,,24.24,24.15,,,,,18900000000,11574000000,0.610,,11521000000,,,,,,,,,,,,true,false,9,2022-01-01,2022-09-30,0
2022-10-31,42480,2021-12-31,3,11988000000,0.074,,,,,1425000000,-0.057,1492000000,-0.018,,975000000,,77.86,77.54,,,,,,,,,,,,,,,,,,,,,true,false,9,2021-01-01,2021-09-30,-1
2022-10-31,42480,2022-12-31,3,15300000000,-0.030,,,,,950000000,-0.459,1080000000,-0.412,,700000000,,55.87,,,,,,,,,,,,,,,,,,,,,,true,true,12,2022-01-01,2022-12-31,0
2022-10-31,42480,2021-12-31,3,,,,,,,,,,,,,,,,,,,,18976000000,10980000000,0.576,,10928000000,,,,,,,,,,,,true,false,12,2021-01-01,2021-12-31,-1
2022-10-31,42480,2021-12-31,3,,,,,,,,,,,,,,,,,,,,,,,,,,,,,32.00,,,,12529200,400,,false,false,12,2021-01-01,2021-12-31,-1
2022-10-31,42480,2022-12-31,3,,,,,,,,,,,,,,,,,,,,,,,,,,,,,17.50,,,,,,,false,false,12,2022-01-01,2022-12-31,0
2022-10-31,42480,2022-12-31,3,,,,,,,,,,,,,,,,,,,,,,,,,,,,,35.50,,,,,,,false,true,12,2022-01-01,2022-12-31,0
2022-10-31,42480,2022-12-31,3,,,,,,,,,,,,,,,,,,,,,,,,,,,,,,,,,12529200,400,12528800,false,false,9,2022-01-01,2022-09-30,0
2022-10-31,42480,2021-12-31,3,,,,,,,,,,,,,,,,,,,,,,,,,,,,,,,,,,,12528800,false,false,9,2021-01-01,2021-09-30,-1
2023-01-26,42480,2022-12-31,,14885000000,-0.027,,,,,836000000,-0.120,908000000,-0.159,,368000000,,29.37,,,,,,,,,,,,,,,,,,,,,,true,true,12,2022-01-01,2022-12-31,0
2023-01-26,42480,2021-12-31,,15776000000,,,,,,1754000000,,1837000000,,,1193000000,,95.28,,,,,,,,,,,,,,,,,,,,,,true,false,12,2021-01-01,2021-12-31,-1
2023-02-06,42480,2022-12-31,,14885000000,-0.056,,,,,836000000,-0.524,908000000,-0.505,,368000000,,29.45,29.33,0.033,0.048,0.056,,18618000000,11288000000,0.603,896.82,11236000000,1264000000,-803000000,-732000000,6368000000,,1.206,,,,,,true,false,12,2022-01-01,2022-12-31,0
2023-02-06,42480,2021-12-31,,15776000000,0.061,,,,,1754000000,-0.013,1837000000,0.027,,1193000000,,95.28,94.90,0.117,0.100,0.111,,18976000000,10980000000,0.576,872.29,10928000000,1786000000,-532000000,-615000000,6412000000,,0.336,,,,,,true,false,12,2021-01-01,2021-12-31,-1
2023-02-06,42480,2023-12-31,,8150000000,0.123,,,,,570000000,0.189,600000000,0.040,,400000000,,31.92,,,,,,,,,,,,,,,,,,,,,,true,true,6,2023-01-01,2023-06-30,1
2023-02-06,42480,2023-12-31,,16900000000,0.135,,,,,1330000000,0.591,1360000000,0.497,,930000000,,74.22,,,,,,,,,,,,,,,,0.485,,,,,,true,true,12,2023-01-01,2023-12-31,1
2023-02-06,42480,2021-12-31,,,,,,,,,,,,,,,,,,,,,,,,,,,,,,32.00,,,,12529200,400,12528800,false,false,12,2021-01-01,2021-12-31,-1
2023-02-06,42480,2022-12-31,,,,,,,,,,,,,,,,,,,,,,,,,,,,,,35.50,,,,12529200,400,12528800,false,false,12,2022-01-01,2022-12-31,0
2023-02-06,42480,2023-12-31,,,,,,,,,,,,,,,,,,,,,,,,,,,,,,36.00,,,,,,,false,true,12,2023-01-01,2023-12-31,1
2023-02-06,42480,2022-12-31,,14885000000,-0.056,,,,,836000000,-0.524,908000000,-0.505,,368000000,,29.45,29.33,0.033,0.048,0.056,,18618000000,11288000000,0.603,896.82,11236000000,1264000000,-803000000,-732000000,6368000000,,1.206,,,,,,true,false,12,2022-01-01,2022-12-31,0
2023-02-06,42480,2021-12-31,,15776000000,0.061,,,,,1754000000,-0.013,1837000000,0.027,,1193000000,,95.28,94.90,0.117,0.100,0.111,,18976000000,10980000000,0.576,872.29,10928000000,1786000000,-532000000,-615000000,6412000000,,0.336,,,,,,true,false,12,2021-01-01,2021-12-31,-1
2023-02-06,42480,2023-12-31,,8150000000,0.123,,,,,570000000,0.189,600000000,0.040,,400000000,,31.92,,,,,,,,,,,,,,,,,,,,,,true,true,6,2023-01-01,2023-06-30,1
2023-02-06,42480,2023-12-31,,16900000000,0.135,,,,,1330000000,0.591,1360000000,0.497,,930000000,,74.22,,,,,,,,,,,,,,,,0.485,,,,,,true,true,12,2023-01-01,2023-12-31,1
2023-02-06,42480,2021-12-31,,,,,,,,,,,,,,,,,,,,,,,,,,,,,,32.00,,,,12529200,400,12528800,false,false,12,2021-01-01,2021-12-31,-1
2023-02-06,42480,2022-12-31,,,,,,,,,,,,,,,,,,,,,,,,,,,,,,35.50,,,,12529200,400,12528800,false,false,12,2022-01-01,2022-12-31,0
2023-02-06,42480,2023-12-31,,,,,,,,,,,,,,,,,,,,,,,,,,,,,,36.00,,,,,,,false,true,12,2023-01-01,2023-12-31,1
2023-04-28,42480,2023-12-31,1,3502000000,-0.029,,,,,122000000,-0.560,133000000,-0.580,,84000000,,6.88,6.85,,,,,18120000000,10870000000,0.597,,10818000000,,,,,,,,,,,,true,false,3,2023-01-01,2023-03-31,0
2023-04-28,42480,2022-12-31,1,3606000000,-0.052,,,,,277000000,-0.449,318000000,-0.426,,201000000,,16.09,16.03,,,,,,,,,,,,,,,,,,,,,true,false,3,2022-01-01,2022-03-31,-1
2023-04-28,42480,2023-12-31,1,8150000000,0.123,,,,,570000000,0.189,600000000,0.040,,400000000,,32.97,,,,,,,,,,,,,,,,,,,,,,true,true,6,2023-01-01,2023-06-30,0
2023-04-28,42480,2023-12-31,1,16900000000,0.135,,,,,1330000000,0.591,1360000000,0.497,,930000000,,76.99,,,,,,,,,,,,,,,,,,,,,,true,true,12,2023-01-01,2023-12-31,0
2023-04-28,42480,2022-12-31,1,,,,,,,,,,,,,,,,,,,,18618000000,11288000000,0.603,,11236000000,,,,,,,,,,,,true,false,12,2022-01-01,2022-12-31,-1
2023-04-28,42480,2022-12-31,1,,,,,,,,,,,,,,,,,,,,,,,,,,,,,35.50,,,,12529200,400,,false,false,12,2022-01-01,2022-12-31,-1
2023-04-28,42480,2023-12-31,1,,,,,,,,,,,,,,,,,,,,,,,,,,,,,36.00,,,,,,,false,true,12,2023-01-01,2023-12-31,0
2023-04-28,42480,2023-12-31,1,,,,,,,,,,,,,,,,,,,,,,,,,,,,,,,,,12529200,500400,12234355,false,false,3,2023-01-01,2023-03-31,0
2023-04-28,42480,2022-12-31,1,,,,,,,,,,,,,,,,,,,,,,,,,,,,,,,,,,,12528800,false,false,3,2022-01-01,2022-03-31,-1
2023-07-21,42480,2023-12-31,,7150000000,-0.123,,,,,220000000,-0.614,285000000,-0.525,130000000,,-0.675,10.81,,,,,,,,,,,,,,,,,,,,,,true,true,6,2023-01-01,2023-06-30,0
2023-07-21,42480,2022-12-31,,7259000000,,,,,,479000000,,577000000,,359000000,,,28.57,,,,,,,,,,,,,,,,,,,,,,true,false,6,2022-01-01,2022-06-30,-1
2023-07-21,42480,2023-12-31,,14500000000,-0.142,,,,,500000000,-0.624,570000000,-0.581,,270000000,,22.45,,,,,,,,,,,,,,,,,,,,,,true,true,12,2023-01-01,2023-12-31,0
2023-07-21,42480,2022-12-31,,14885000000,,,,,,836000000,,908000000,,,368000000,,29.45,,,,,,,,,,,,,,,,,,,,,,true,false,12,2022-01-01,2022-12-31,-1
2023-07-31,42480,2023-12-31,2,7156000000,-0.014,,,,,220000000,-0.541,287000000,-0.501,,131000000,,10.82,10.77,,,,,18084000000,11114000000,0.612,,11062000000,,,,,,,,,,,,true,false,6,2023-01-01,2023-06-30,0
2023-07-31,42480,2022-12-31,2,7259000000,-0.079,,,,,479000000,-0.497,577000000,-0.425,,359000000,,28.68,28.57,,,,,,,,,,,,,,,,,,,,,true,false,6,2022-01-01,2022-06-30,-1
2023-07-31,42480,2023-12-31,2,14500000000,-0.026,,,,,500000000,-0.402,570000000,-0.373,,270000000,,22.35,,,,,,,,,,,,,,,,,,,,,,true,true,12,2023-01-01,2023-12-31,0
2023-07-31,42480,2022-12-31,2,,,,,,,,,,,,,,,,,,,,18618000000,11288000000,0.603,,11236000000,,,,,,,,,,,,true,false,12,2022-01-01,2022-12-31,-1
2023-07-31,42480,2022-12-31,2,,,,,,,,,,,,,,,,,,,,,,,,,,,,,35.50,,,,12529200,400,,false,false,12,2022-01-01,2022-12-31,-1
2023-07-31,42480,2023-12-31,2,,,,,,,,,,,,,,,,,,,,,,,,,,,,,18.00,,,,,,,false,false,12,2023-01-01,2023-12-31,0
2023-07-31,42480,2023-12-31,2,,,,,,,,,,,,,,,,,,,,,,,,,,,,,36.00,,,,,,,false,true,12,2023-01-01,2023-12-31,0
2023-07-31,42480,2023-12-31,2,,,,,,,,,,,,,,,,,,,,,,,,,,,,,,,,,12529200,500400,12131009,false,false,6,2023-01-01,2023-06-30,0
2023-07-31,42480,2022-12-31,2,,,,,,,,,,,,,,,,,,,,,,,,,,,,,,,,,,,12528800,false,false,6,2022-01-01,2022-06-30,-1
2023-10-31,42480,2023-12-31,3,10703000000,-0.047,,,,,371000000,-0.449,441000000,-0.452,,209000000,,17.32,17.25,,,,,17889000000,11103000000,0.618,,11054000000,,,,,,,,,,,,true,false,9,2023-01-01,2023-09-30,0
2023-10-31,42480,2022-12-31,3,11225000000,-0.064,,,,,674000000,-0.527,805000000,-0.460,,303000000,,24.24,24.15,,,,,,,,,,,,,,,,,,,,,true,false,9,2022-01-01,2022-09-30,-1
2023-10-31,42480,2023-12-31,3,14500000000,-0.026,,,,,500000000,-0.402,570000000,-0.373,,270000000,,22.35,,,,,,,,,,,,,,,,,,,,,,true,true,12,2023-01-01,2023-12-31,0
2023-10-31,42480,2022-12-31,3,,,,,,,,,,,,,,,,,,,,18618000000,11288000000,0.603,,11236000000,,,,,,,,,,,,true,false,12,2022-01-01,2022-12-31,-1
2023-10-31,42480,2022-12-31,3,,,,,,,,,,,,,,,,,,,,,,,,,,,,,35.50,,,,12529200,400,,false,false,12,2022-01-01,2022-12-31,-1
2023-10-31,42480,2023-12-31,3,,,,,,,,,,,,,,,,,,,,,,,,,,,,,18.00,,,,,,,false,false,12,2023-01-01,2023-12-31,0
2023-10-31,42480,2023-12-31,3,,,,,,,,,,,,,,,,,,,,,,,,,,,,,36.00,,,,,,,false,true,12,2023-01-01,2023-12-31,0
2023-10-31,42480,2023-12-31,3,,,,,,,,,,,,,,,,,,,,,,,,,,,,,,,,,12529200,497200,12097292,false,false,9,2023-01-01,2023-09-30,0
2023-10-31,42480,2022-12-31,3,,,,,,,,,,,,,,,,,,,,,,,,,,,,,,,,,,,12528800,false,false,9,2022-01-01,2022-09-30,-1
2024-01-31,42480,2023-12-31,,14317000000,-0.038,,,,,522000000,-0.376,607000000,-0.331,,294000000,,24.40,24.30,0.027,0.033,0.036,,17919000000,11010000000,0.612,911.00,10961000000,1779000000,-1236000000,-1548000000,5481000000,,1.475,,,,,,true,false,12,2023-01-01,2023-12-31,0
2024-01-31,42480,2022-12-31,,14885000000,-0.056,,,,,836000000,-0.524,908000000,-0.505,,368000000,,29.45,29.33,0.033,0.048,0.056,,18618000000,11288000000,0.603,896.82,11236000000,1264000000,-803000000,-732000000,6368000000,,1.206,,,,,,true,false,12,2022-01-01,2022-12-31,-1
2024-01-31,42480,2024-12-31,,7560000000,0.056,,,,,410000000,0.861,410000000,0.424,,250000000,,20.78,,,,,,,,,,,,,,,,,,,,,,true,true,6,2024-01-01,2024-06-30,1
2024-01-31,42480,2024-12-31,,15250000000,0.065,,,,,820000000,0.571,820000000,0.350,,500000000,,41.56,,,,,,,,,,,,,,,,0.866,,,,,,true,true,12,2024-01-01,2024-12-31,1
2024-01-31,42480,2022-12-31,,,,,,,,,,,,,,,,,,,,,,,,,,,,,,35.50,,,,12529200,400,12528800,false,false,12,2022-01-01,2022-12-31,-1
2024-01-31,42480,2023-12-31,,,,,,,,,,,,,,,,,,,,,,,,,,,,,,36.00,,,,12529200,497200,12080835,false,false,12,2023-01-01,2023-12-31,0
2024-01-31,42480,2024-12-31,,,,,,,,,,,,,,,,,,,,,,,,,,,,,,36.00,,,,,,,false,true,12,2024-01-01,2024-12-31,1
2024-01-31,42480,2023-12-31,,11426000000,0.002,,,,,707000000,-0.106,782000000,-0.587,527000000,,-0.648,43.63,,,,,,,,,,,,,,,,,,,,,,false,true,12,2023-01-01,2023-12-31,0
2024-04-30,42480,2024-12-31,1,3750000000,0.071,,,,,197000000,0.615,190000000,0.421,,106000000,,8.89,8.86,,,,,18286000000,11167000000,0.608,,11118000000,,,,,,,,,,,,true,false,3,2024-01-01,2024-03-31,0
2024-04-30,42480,2023-12-31,1,3502000000,-0.029,,,,,122000000,-0.560,133000000,-0.580,,84000000,,6.88,6.85,,,,,,,,,,,,,,,,,,,,,true,false,3,2023-01-01,2023-03-31,-1
2024-04-30,42480,2024-12-31,1,7560000000,0.056,,,,,410000000,0.861,410000000,0.424,,250000000,,20.78,,,,,,,,,,,,,,,,,,,,,,true,true,6,2024-01-01,2024-06-30,0
2024-04-30,42480,2024-12-31,1,15250000000,0.065,,,,,820000000,0.571,820000000,0.350,,500000000,,41.56,,,,,,,,,,,,,,,,,,,,,,true,true,12,2024-01-01,2024-12-31,0
2024-04-30,42480,2023-12-31,1,,,,,,,,,,,,,,,,,,,,17919000000,11010000000,0.612,,10961000000,,,,,,,,,,,,true,false,12,2023-01-01,2023-12-31,-1
2024-04-30,42480,2023-12-31,1,,,,,,,,,,,,,,,,,,,,,,,,,,,,,36.00,,,,12529200,497200,,false,false,12,2023-01-01,2023-12-31,-1
2024-04-30,42480,2024-12-31,1,,,,,,,,,,,,,,,,,,,,,,,,,,,,,36.00,,,,,,,false,true,12,2024-01-01,2024-12-31,0
2024-04-30,42480,2024-12-31,1,,,,,,,,,,,,,,,,,,,,,,,,,,,,,,,,,12529200,497304,12031916,false,false,3,2024-01-01,2024-03-31,0
2024-04-30,42480,2023-12-31,1,,,,,,,,,,,,,,,,,,,,,,,,,,,,,,,,,,,12234355,false,false,3,2023-01-01,2023-03-31,-1
2024-07-31,42480,2024-12-31,2,7792000000,0.089,,,,,502000000,1.281,495000000,0.722,,300000000,,24.99,24.90,,,,,18669000000,11697000000,0.624,,11647000000,,,,,,,,,,,,true,false,6,2024-01-01,2024-06-30,0
2024-07-31,42480,2023-12-31,2,7156000000,-0.014,,,,,220000000,-0.541,287000000,-0.501,,131000000,,10.82,10.77,,,,,,,,,,,,,,,,,,,,,true,false,6,2023-01-01,2023-06-30,-1
2024-07-31,42480,2024-12-31,2,15250000000,0.065,,,,,820000000,0.571,820000000,0.350,,500000000,,41.56,,,,,,,,,,,,,,,,,,,,,,true,true,12,2024-01-01,2024-12-31,0
2024-07-31,42480,2023-12-31,2,,,,,,,,,,,,,,,,,,,,17919000000,11010000000,0.612,,10961000000,,,,,,,,,,,,true,false,12,2023-01-01,2023-12-31,-1
2024-07-31,42480,2023-12-31,2,,,,,,,,,,,,,,,,,,,,,,,,,,,,,36.00,,,,12529200,497200,,false,false,12,2023-01-01,2023-12-31,-1
2024-07-31,42480,2024-12-31,2,,,,,,,,,,,,,,,,,,,,,,,,,,,,,18.00,,,,,,,false,false,12,2024-01-01,2024-12-31,0
2024-07-31,42480,2024-12-31,2,,,,,,,,,,,,,,,,,,,,,,,,,,,,,36.00,,,,,,,false,true,12,2024-01-01,2024-12-31,0
2024-07-31,42480,2024-12-31,2,,,,,,,,,,,,,,,,,,,,,,,,,,,,,,,,,12529200,482304,12035614,false,false,6,2024-01-01,2024-06-30,0
2024-07-31,42480,2023-12-31,2,,,,,,,,,,,,,,,,,,,,,,,,,,,,,,,,,,,12131009,false,false,6,2023-01-01,2023-06-30,-1
2024-10-31,42480,2024-12-31,3,11903000000,0.112,,,,,773000000,1.081,785000000,0.781,,507000000,,42.14,41.98,,,,,17854000000,11188000000,0.624,,11139000000,,,,,,,,,,,,true,false,9,2024-01-01,2024-09-30,0
2024-10-31,42480,2023-12-31,3,10703000000,-0.047,,,,,371000000,-0.449,441000000,-0.452,,209000000,,17.32,17.25,,,,,,,,,,,,,,,,,,,,,true,false,9,2023-01-01,2023-09-30,-1
2024-10-31,42480,2024-12-31,3,15250000000,0.065,,,,,820000000,0.571,820000000,0.350,,500000000,,41.56,,,,,,,,,,,,,,,,,,,,,,true,true,12,2024-01-01,2024-12-31,0
2024-10-31,42480,2023-12-31,3,,,,,,,,,,,,,,,,,,,,17919000000,11010000000,0.612,,10961000000,,,,,,,,,,,,true,false,12,2023-01-01,2023-12-31,-1
2024-10-31,42480,2023-12-31,3,,,,,,,,,,,,,,,,,,,,,,,,,,,,,36.00,,,,12529200,497200,,false,false,12,2023-01-01,2023-12-31,-1
2024-10-31,42480,2024-12-31,3,,,,,,,,,,,,,,,,,,,,,,,,,,,,,18.00,,,,,,,false,false,12,2024-01-01,2024-12-31,0
2024-10-31,42480,2024-12-31,3,,,,,,,,,,,,,,,,,,,,,,,,,,,,,36.00,,,,,,,false,true,12,2024-01-01,2024-12-31,0
2024-10-31,42480,2024-12-31,3,,,,,,,,,,,,,,,,,,,,,,,,,,,,,,,,,12529200,482304,12039402,false,false,9,2024-01-01,2024-09-30,0
2024-10-31,42480,2023-12-31,3,,,,,,,,,,,,,,,,,,,,,,,,,,,,,,,,,,,12097292,false,false,9,2023-01-01,2023-09-30,-1
2025-01-31,42480,2024-12-31,,15626000000,0.091,,,,,945000000,0.811,968000000,0.595,,639000000,,53.14,52.94,0.057,0.054,0.060,,18236000000,11695000000,0.639,966.76,11646000000,2148000000,-723000000,-1096000000,6023000000,,0.677,,,,,,true,false,12,2024-01-01,2024-12-31,0
2025-01-31,42480,2023-12-31,,14317000000,-0.038,,,,,522000000,-0.376,607000000,-0.331,,294000000,,24.40,24.30,0.027,0.033,0.036,,17919000000,11010000000,0.612,911.00,10961000000,1779000000,-1236000000,-1548000000,5481000000,,1.475,,,,,,true,false,12,2023-01-01,2023-12-31,-1
2025-01-31,42480,2025-12-31,,7900000000,0.014,,,,,500000000,-0.005,520000000,0.049,,370000000,,30.71,,,,,,,,,,,,,,,,,,,,,,true,true,6,2025-01-01,2025-06-30,1
2025-01-31,42480,2025-12-31,,15850000000,0.014,,,,,980000000,0.037,1010000000,0.043,,720000000,,59.77,,,,,,,,,,,,,,,,0.602,,,,,,true,true,12,2025-01-01,2025-12-31,1
2025-01-31,42480,2023-12-31,,,,,,,,,,,,,,,,,,,,,,,,,,,,,,36.00,,,,12529200,497200,12080835,false,false,12,2023-01-01,2023-12-31,-1
2025-01-31,42480,2024-12-31,,,,,,,,,,,,,,,,,,,,,,,,,,,,,,36.00,,,,12529200,482304,12041286,false,false,12,2024-01-01,2024-12-31,0
2025-01-31,42480,2025-12-31,,,,,,,,,,,,,,,,,,,,,,,,,,,,,,36.00,,,,,,,false,true,12,2025-01-01,2025-12-31,1
2025-04-30,42480,2025-12-31,1,3748000000,-0.001,,,,,230000000,0.168,244000000,0.282,,188000000,,15.62,15.56,,,,,16953000000,11374000000,0.668,,11326000000,,,,,,,,,,,,true,false,3,2025-01-01,2025-03-31,0
2025-04-30,42480,2024-12-31,1,3750000000,0.071,,,,,197000000,0.615,190000000,0.421,,106000000,,8.89,8.86,,,,,,,,,,,,,,,,,,,,,true,false,3,2024-01-01,2024-03-31,-1
2025-04-30,42480,2025-12-31,1,7900000000,0.014,,,,,500000000,-0.005,520000000,0.049,,370000000,,30.71,,,,,,,,,,,,,,,,,,,,,,true,true,6,2025-01-01,2025-06-30,0
2025-04-30,42480,2025-12-31,1,15850000000,0.014,,,,,980000000,0.037,1010000000,0.043,,720000000,,59.77,,,,,,,,,,,,,,,,,,,,,,true,true,12,2025-01-01,2025-12-31,0
2025-04-30,42480,2024-12-31,1,,,,,,,,,,,,,,,,,,,,18236000000,11695000000,0.639,,11646000000,,,,,,,,,,,,true,false,12,2024-01-01,2024-12-31,-1
2025-04-30,42480,2024-12-31,1,,,,,,,,,,,,,,,,,,,,,,,,,,,,,36.00,,,,12529200,482304,,false,false,12,2024-01-01,2024-12-31,-1
2025-04-30,42480,2025-12-31,1,,,,,,,,,,,,,,,,,,,,,,,,,,,,,36.00,,,,,,,false,true,12,2025-01-01,2025-12-31,0
2025-04-30,42480,2025-12-31,1,,,,,,,,,,,,,,,,,,,,,,,,,,,,,,,,,12529200,481704,12046969,false,false,3,2025-01-01,2025-03-31,0
2025-04-30,42480,2024-12-31,1,,,,,,,,,,,,,,,,,,,,,,,,,,,,,,,,,,,12031916,false,false,3,2024-01-01,2024-03-31,-1
