filing_date,code,fiscal_year_end,quarterly_period,net_sales,net_sales_change,revenue,revenue_change,operating_revenue,operating_revenue_change,operating_profit,operating_profit_change,ordinary_profit,ordinary_profit_change,net_income,net_income_of_parent,net_income_change,eps,diluted_eps,roe,roa,operating_profit_to_net_sales,operating_profit_to_revenue,total_assets,net_assets,equity_ratio,bps,owner_equity,operating_cash_flow,investing_cash_flow,financing_cash_flow,cash,dividend_per_share,payout_ratio,commemorative_dividend,extra_dividend,number_of_shares,number_of_treqsury_shares,avg_number_of_shares,is_consolidated,is_forecast,duration,period_start,period_end,period_pos
2015-05-11,42720,2015-03-31,,161861000000,0.011,,,,,22301000000,-0.074,25162000000,-0.050,15653000000,,-0.064,86.38,86.31,0.089,0.098,0.138,,265126000000,199680000000,0.704,1030.16,186659000000,20263000000,-15807000000,-12498000000,43374000000,,0.289,,,,,,true,false,12,2014-04-01,2015-03-31,0
2015-05-11,42720,2014-03-31,,160080000000,,,,,,24090000000,,26496000000,,16718000000,,,92.25,92.25,0.105,0.112,0.150,,247592000000,177935000000,0.672,918.35,166420000000,29480000000,-20187000000,5000000,50619000000,,0.271,,,,,,true,false,12,2013-04-01,2014-03-31,-1
2015-05-11,42720,2016-03-31,,84300000000,0.080,,,,,11900000000,0.092,12400000000,-0.009,,7900000000,,43.60,,,,,,,,,,,,,,,,,,,,,,true,true,6,2015-04-01,2015-09-30,1
2015-05-11,42720,2016-03-31,,176000000000,0.087,,,,,25000000000,0.121,25600000000,0.017,,16000000000,,88.30,,,,,,,,,,,,,,,,0.283,,,,,,true,true,12,2015-04-01,2016-03-31,1
2015-05-11,42720,2015-03-31,,103344000000,-0.023,,,,,10077000000,-0.239,14714000000,-0.090,10328000000,,-0.067,57.00,,,,,,195411000000,145603000000,0.745,803.56,145603000000,,,,,25.00,,,,182503570,1309888,181206730,false,false,12,2014-04-01,2015-03-31,0
2015-05-11,42720,2014-03-31,,105813000000,,,,,,13234000000,,16173000000,,11074000000,,,61.10,,,,,,188640000000,133791000000,0.709,738.27,133791000000,,,,,25.00,,,,182503570,1286460,181233915,false,false,12,2013-04-01,2014-03-31,-1
2015-05-11,42720,2016-03-31,,,,,,,,,,,,,,,,,,,,,,,,,,,,,,25.00,,,,,,,false,true,12,2015-04-01,2016-03-31,1
2015-07-31,42720,2016-03-31,1,39846000000,0.012,,,,,5687000000,-0.038,6083000000,0.008,,4710000000,,26.00,25.99,,,,,278957000000,204967000000,0.687,,191607000000,,,,,,,,,,,,true,false,3,2015-04-01,2015-06-30,0
2015-07-31,42720,2015-03-31,1,39358000000,0.062,,,,,5910000000,0.098,6034000000,-0.060,,3812000000,,21.04,21.02,,,,,,,,,,,,,,,,,,,,,true,false,3,2014-04-01,2014-06-30,-1
2015-07-31,42720,2016-03-31,1,84300000000,0.080,,,,,11900000000,0.092,12400000000,-0.009,,7900000000,,43.60,,,,,,,,,,,,,,,,,,,,,,true,true,6,2015-04-01,2015-09-30,0
2015-07-31,42720,2016-03-31,1,176000000000,0.087,,,,,25000000000,0.121,25600000000,0.017,,18000000000,,99.34,,,,,,,,,,,,,,,,,,,,,,true,true,12,2015-04-01,2016-03-31,0
2015-07-31,42720,2015-03-31,1,,,,,,,,,,,,,,,,,,,,265126000000,199680000000,0.704,,186659000000,,,,,,,,,,,,true,false,12,2014-04-01,2015-03-31,-1
2015-07-31,42720,2015-03-31,1,,,,,,,,,,,,,,,,,,,,,,,,,,,,,25.00,,,,182503570,1309888,,false,false,12,2014-04-01,2015-03-31,-1
2015-07-31,42720,2016-03-31,1,,,,,,,,,,,,,,,,,,,,,,,,,,,,,25.00,,,,,,,false,true,12,2015-04-01,2016-03-31,0
2015-07-31,42720,2016-03-31,1,,,,,,,,,,,,,,,,,,,,,,,,,,,,,,,,,182503570,1313590,181190860,false,false,3,2015-04-01,2015-06-30,0
2015-07-31,42720,2015-03-31,1,,,,,,,,,,,,,,,,,,,,,,,,,,,,,,,,,,,181215750,false,false,3,2014-04-01,2014-06-30,-1
2015-11-05,42720,2016-03-31,2,80229000000,0.028,,,,,11166000000,0.024,10141000000,-0.190,,6623000000,,36.56,36.53,,,,,279529000000,205119000000,0.685,,191556000000,,,,,,,,,,,,true,false,6,2015-04-01,2015-09-30,0
2015-11-05,42720,2015-03-31,2,78059000000,0.001,,,,,10901000000,-0.083,12516000000,-0.036,,7957000000,,43.91,43.90,,,,,,,,,,,,,,,,,,,,,true,false,6,2014-04-01,2014-09-30,-1
2015-11-05,42720,2016-03-31,2,167000000000,0.032,,,,,23000000000,0.031,22000000000,-0.126,,16000000000,,88.31,,,,,,,,,,,,,,,,,,,,,,true,true,12,2015-04-01,2016-03-31,0
2015-11-05,42720,2015-03-31,2,,,,,,,,,,,,,,,,,,,,265126000000,199680000000,0.704,,186659000000,,,,,,,,,,,,true,false,12,2014-04-01,2015-03-31,-1
2015-11-05,42720,2015-03-31,2,,,,,,,,,,,,,,,,,,,,,,,,,,,,,25.00,,,,182503570,1309888,,false,false,12,2014-04-01,2015-03-31,-1
2015-11-05,42720,2016-03-31,2,,,,,,,,,,,,,,,,,,,,,,,,,,,,,12.50,,,,,,,false,false,12,2015-04-01,2016-03-31,0
2015-11-05,42720,2016-03-31,2,,,,,,,,,,,,,,,,,,,,,,,,,,,,,25.00,,,,,,,false,true,12,2015-04-01,2016-03-31,0
2015-11-05,42720,2016-03-31,2,,,,,,,,,,,,,,,,,,,,,,,,,,,,,,,,,182503570,1318422,181188900,false,false,6,2015-04-01,2015-09-30,0
2015-11-05,42720,2015-03-31,2,,,,,,,,,,,,,,,,,,,,,,,,,,,,,,,,,,,181213093,false,false,6,2014-04-01,2014-09-30,-1
2015-11-05,42720,2016-03-31,,167000000000,-0.051,,,,,23000000000,-0.080,22000000000,-0.141,,16000000000,,88.31,,,,,,,,,,,,,,,,,,,,,,true,true,12,2015-04-01,2016-03-31,0
2015-11-05,42720,2015-03-31,,161861000000,,,,,,22301000000,,25162000000,,,15653000000,,86.38,,,,,,,,,,,,,,,,,,,,,,true,false,12,2014-04-01,2015-03-31,-1
2016-01-29,42720,2016-03-31,3,121215000000,0.023,,,,,16543000000,-0.020,16296000000,-0.179,,16761000000,,92.59,92.56,,,,,290129000000,211548000000,0.689,,199754000000,,,,,,,,,,,,true,false,9,2015-04-01,2015-12-31,0
2016-01-29,42720,2015-03-31,3,118450000000,-0.000,,,,,16874000000,-0.075,19839000000,-0.051,,12402000000,,68.44,68.43,,,,,,,,,,,,,,,,,,,,,true,false,9,2014-04-01,2014-12-31,-1
2016-01-29,42720,2016-03-31,3,167000000000,0.032,,,,,23000000000,0.031,22000000000,-0.126,,16000000000,,88.39,,,,,,,,,,,,,,,,,,,,,,true,true,12,2015-04-01,2016-03-31,0
2016-01-29,42720,2015-03-31,3,,,,,,,,,,,,,,,,,,,,265126000000,199680000000,0.704,,186659000000,,,,,,,,,,,,true,false,12,2014-04-01,2015-03-31,-1
2016-01-29,42720,2015-03-31,3,,,,,,,,,,,,,,,,,,,,,,,,,,,,,25.00,,,,182503570,1309888,,false,false,12,2014-04-01,2015-03-31,-1
2016-01-29,42720,2016-03-31,3,,,,,,,,,,,,,,,,,,,,,,,,,,,,,12.50,,,,,,,false,false,12,2015-04-01,2016-03-31,0
2016-01-29,42720,2016-03-31,3,,,,,,,,,,,,,,,,,,,,,,,,,,,,,25.00,,,,,,,false,true,12,2015-04-01,2016-03-31,0
2016-01-29,42720,2016-03-31,3,,,,,,,,,,,,,,,,,,,,,,,,,,,,,,,,,182503570,2778091,181024972,false,false,9,2015-04-01,2015-12-31,0
2016-01-29,42720,2015-03-31,3,,,,,,,,,,,,,,,,,,,,,,,,,,,,,,,,,,,181210581,false,false,9,2014-04-01,2014-12-31,-1
2016-05-11,42720,2016-03-31,,162922000000,0.007,,,,,21713000000,-0.026,21016000000,-0.165,,17291000000,,96.09,96.06,0.092,0.078,0.133,,272679000000,200492000000,0.693,1075.56,188919000000,19603000000,-5090000000,-9432000000,47464000000,,0.312,,,,,,true,false,12,2015-04-01,2016-03-31,0
2016-05-11,42720,2015-03-31,,161861000000,0.011,,,,,22301000000,-0.074,25162000000,-0.050,,15653000000,,86.38,86.31,0.089,0.098,0.138,,265126000000,199680000000,0.704,1030.16,186659000000,20263000000,-15807000000,-12498000000,43374000000,,0.289,,,,,,true,false,12,2014-04-01,2015-03-31,-1
2016-05-11,42720,2017-03-31,,80300000000,0.001,,,,,7500000000,-0.328,8000000000,-0.211,,5500000000,,31.31,,,,,,,,,,,,,,,,,,,,,,true,true,6,2016-04-01,2016-09-30,1
2016-05-11,42720,2017-03-31,,168500000000,0.034,,,,,18000000000,-0.171,18500000000,-0.120,,12500000000,,71.17,,,,,,,,,,,,,,,,0.351,,,,,,true,true,12,2016-04-01,2017-03-31,1
2016-05-11,42720,2016-03-31,,102566000000,-0.008,,,,,10391000000,0.031,12815000000,-0.129,12677000000,,0.227,70.45,,,,,,207730000000,148070000000,0.713,842.98,148070000000,,,,,30.00,,,,182503570,6857074,179956805,false,false,12,2015-04-01,2016-03-31,0
2016-05-11,42720,2015-03-31,,103344000000,-0.023,,,,,10077000000,-0.239,14714000000,-0.090,10328000000,,-0.067,57.00,,,,,,195411000000,145603000000,0.745,803.56,145603000000,,,,,25.00,,,,182503570,1309888,181206730,false,false,12,2014-04-01,2015-03-31,-1
2016-05-11,42720,2017-03-31,,,,,,,,,,,,,,,,,,,,,,,,,,,,,,25.00,,,,,,,false,true,12,2016-04-01,2017-03-31,1
2016-07-29,42720,2017-03-31,1,38986000000,-0.022,,,,,4938000000,-0.132,3494000000,-0.426,,2400000000,,13.82,13.82,,,,,265402000000,193314000000,0.686,,182093000000,,,,,,,,,,,,true,false,3,2016-04-01,2016-06-30,0
2016-07-29,42720,2016-03-31,1,39846000000,0.012,,,,,5687000000,-0.038,6083000000,0.008,,4710000000,,26.00,25.99,,,,,,,,,,,,,,,,,,,,,true,false,3,2015-04-01,2015-06-30,-1
2016-07-29,42720,2017-03-31,1,80300000000,0.001,,,,,7500000000,-0.328,8000000000,-0.211,,5500000000,,31.67,,,,,,,,,,,,,,,,,,,,,,true,true,6,2016-04-01,2016-09-30,0
2016-07-29,42720,2017-03-31,1,168500000000,0.034,,,,,18000000000,-0.171,18500000000,-0.120,,12500000000,,71.98,,,,,,,,,,,,,,,,,,,,,,true,true,12,2016-04-01,2017-03-31,0
2016-07-29,42720,2016-03-31,1,,,,,,,,,,,,,,,,,,,,272679000000,200492000000,0.693,,188919000000,,,,,,,,,,,,true,false,12,2015-04-01,2016-03-31,-1
2016-07-29,42720,2016-03-31,1,,,,,,,,,,,,,,,,,,,,,,,,,,,,,30.00,,,,182503570,6857074,,false,false,12,2015-04-01,2016-03-31,-1
2016-07-29,42720,2017-03-31,1,,,,,,,,,,,,,,,,,,,,,,,,,,,,,25.00,,,,,,,false,true,12,2016-04-01,2017-03-31,0
2016-07-29,42720,2017-03-31,1,,,,,,,,,,,,,,,,,,,,,,,,,,,,,,,,,182503570,9333059,173666493,false,false,3,2016-04-01,2016-06-30,0
2016-07-29,42720,2016-03-31,1,,,,,,,,,,,,,,,,,,,,,,,,,,,,,,,,,,,181190860,false,false,3,2015-04-01,2015-06-30,-1
2016-11-07,42720,2017-03-31,2,76877000000,-0.042,,,,,9237000000,-0.173,7626000000,-0.248,,5175000000,,29.85,29.83,,,,,259329000000,194550000000,0.707,,183244000000,,,,,,,,,,,,true,false,6,2016-04-01,2016-09-30,0
2016-11-07,42720,2016-03-31,2,80229000000,0.028,,,,,11166000000,0.024,10141000000,-0.190,,6623000000,,36.56,36.53,,,,,,,,,,,,,,,,,,,,,true,false,6,2015-04-01,2015-09-30,-1
2016-11-07,42720,2017-03-31,2,158500000000,-0.027,,,,,18000000000,-0.171,17000000000,-0.191,,12500000000,,72.08,,,,,,,,,,,,,,,,,,,,,,true,true,12,2016-04-01,2017-03-31,0
2016-11-07,42720,2016-03-31,2,,,,,,,,,,,,,,,,,,,,272679000000,200492000000,0.693,,188919000000,,,,,,,,,,,,true,false,12,2015-04-01,2016-03-31,-1
2016-11-07,42720,2016-03-31,2,,,,,,,,,,,,,,,,,,,,,,,,,,,,,30.00,,,,182503570,6857074,,false,false,12,2015-04-01,2016-03-31,-1
2016-11-07,42720,2017-03-31,2,,,,,,,,,,,,,,,,,,,,,,,,,,,,,12.50,,,,,,,false,false,12,2016-04-01,2017-03-31,0
2016-11-07,42720,2017-03-31,2,,,,,,,,,,,,,,,,,,,,,,,,,,,,,25.00,,,,,,,false,true,12,2016-04-01,2017-03-31,0
2016-11-07,42720,2017-03-31,2,,,,,,,,,,,,,,,,,,,,,,,,,,,,,,,,,182503570,9337658,173416781,false,false,6,2016-04-01,2016-09-30,0
2016-11-07,42720,2016-03-31,2,,,,,,,,,,,,,,,,,,,,,,,,,,,,,,,,,,,181188900,false,false,6,2015-04-01,2015-09-30,-1
2016-11-07,42720,2017-03-31,,158500000000,-0.059,,,,,18000000000,,17000000000,-0.081,,12500000000,,72.08,,,,,,,,,,,,,,,,,,,,,,true,true,12,2016-04-01,2017-03-31,0
2016-11-07,42720,2016-03-31,,162922000000,,,,,,21713000000,,21016000000,,,17291000000,,96.09,,,,,,,,,,,,,,,,,,,,,,true,false,12,2015-04-01,2016-03-31,-1
2017-01-31,42720,2017-03-31,3,117885000000,-0.027,,,,,15371000000,-0.071,15707000000,-0.036,,10852000000,,62.61,62.59,,,,,271384000000,203831000000,0.707,,191823000000,,,,,,,,,,,,true,false,9,2016-04-01,2016-12-31,0
2017-01-31,42720,2016-03-31,3,121215000000,0.023,,,,,16543000000,-0.020,16296000000,-0.179,,16761000000,,92.59,92.56,,,,,,,,,,,,,,,,,,,,,true,false,9,2015-04-01,2015-12-31,-1
2017-01-31,42720,2017-03-31,3,158500000000,-0.027,,,,,18000000000,-0.171,17000000000,-0.191,,12500000000,,72.12,,,,,,,,,,,,,,,,,,,,,,true,true,12,2016-04-01,2017-03-31,0
2017-01-31,42720,2016-03-31,3,,,,,,,,,,,,,,,,,,,,272679000000,200492000000,0.693,,188919000000,,,,,,,,,,,,true,false,12,2015-04-01,2016-03-31,-1
2017-01-31,42720,2016-03-31,3,,,,,,,,,,,,,,,,,,,,,,,,,,,,,30.00,,,,182503570,6857074,,false,false,12,2015-04-01,2016-03-31,-1
2017-01-31,42720,2017-03-31,3,,,,,,,,,,,,,,,,,,,,,,,,,,,,,12.50,,,,,,,false,false,12,2016-04-01,2017-03-31,0
2017-01-31,42720,2017-03-31,3,,,,,,,,,,,,,,,,,,,,,,,,,,,,,25.00,,,,,,,false,true,12,2016-04-01,2017-03-31,0
2017-01-31,42720,2017-03-31,3,,,,,,,,,,,,,,,,,,,,,,,,,,,,,,,,,182503570,9340751,173332758,false,false,9,2016-04-01,2016-12-31,0
2017-01-31,42720,2016-03-31,3,,,,,,,,,,,,,,,,,,,,,,,,,,,,,,,,,,,181024972,false,false,9,2015-04-01,2015-12-31,-1
2017-05-10,42720,2017-03-31,,159117000000,-0.023,,,,,19646000000,-0.095,19947000000,-0.051,,15635000000,,90.23,90.21,0.082,0.073,0.123,,272791000000,205866000000,0.711,1120.73,194062000000,31390000000,-11913000000,-14103000000,51785000000,,0.332,,,,,,true,false,12,2016-04-01,2017-03-31,0
2017-05-10,42720,2016-03-31,,162922000000,0.007,,,,,21713000000,-0.026,21016000000,-0.165,,17291000000,,96.09,96.06,0.092,0.078,0.133,,272679000000,200492000000,0.693,1075.56,188919000000,19603000000,-5090000000,-9432000000,47464000000,,0.312,,,,,,true,false,12,2015-04-01,2016-03-31,-1
2017-05-10,42720,2018-03-31,,81000000000,0.054,,,,,10000000000,0.083,10500000000,0.377,,7000000000,,40.43,,,,,,,,,,,,,,,,,,,,,,true,true,6,2017-04-01,2017-09-30,1
2017-05-10,42720,2018-03-31,,168500000000,0.059,,,,,20000000000,0.018,20500000000,0.028,,14000000000,,80.85,,,,,,,,,,,,,,,,0.371,,,,,,true,true,12,2017-04-01,2018-03-31,1
2017-05-10,42720,2017-03-31,,99462000000,-0.030,,,,,8229000000,-0.208,11211000000,-0.125,10817000000,,-0.147,62.42,,,,,,201741000000,149880000000,0.743,865.55,149880000000,,,,,30.00,,,,182503570,9346782,173289298,false,false,12,2016-04-01,2017-03-31,0
2017-05-10,42720,2016-03-31,,102566000000,-0.008,,,,,10391000000,0.031,12815000000,-0.129,12677000000,,0.227,70.45,,,,,,207730000000,148070000000,0.713,842.98,148070000000,,,,,30.00,,,,182503570,6857074,179956805,false,false,12,2015-04-01,2016-03-31,-1
2017-05-10,42720,2018-03-31,,,,,,,,,,,,,,,,,,,,,,,,,,,,,,30.00,,,,,,,false,true,12,2017-04-01,2018-03-31,1
2017-07-31,42720,2018-03-31,1,40880000000,0.049,,,,,6233000000,0.262,6570000000,0.880,,4527000000,,26.14,26.14,,,,,274103000000,210475000000,0.724,,198538000000,,,,,,,,,,,,true,false,3,2017-04-01,2017-06-30,0
2017-07-31,42720,2017-03-31,1,38986000000,-0.022,,,,,4938000000,-0.132,3494000000,-0.426,,2400000000,,13.82,13.82,,,,,,,,,,,,,,,,,,,,,true,false,3,2016-04-01,2016-06-30,-1
2017-07-31,42720,2018-03-31,1,81000000000,0.054,,,,,10000000000,0.083,10500000000,0.377,,7000000000,,40.43,,,,,,,,,,,,,,,,,,,,,,true,true,6,2017-04-01,2017-09-30,0
2017-07-31,42720,2018-03-31,1,168500000000,0.059,,,,,20000000000,0.018,20500000000,0.028,,14000000000,,80.85,,,,,,,,,,,,,,,,,,,,,,true,true,12,2017-04-01,2018-03-31,0
2017-07-31,42720,2017-03-31,1,,,,,,,,,,,,,,,,,,,,272791000000,205866000000,0.711,,194062000000,,,,,,,,,,,,true,false,12,2016-04-01,2017-03-31,-1
2017-07-31,42720,2017-03-31,1,,,,,,,,,,,,,,,,,,,,,,,,,,,,,30.00,,,,182503570,9346782,,false,false,12,2016-04-01,2017-03-31,-1
2017-07-31,42720,2018-03-31,1,,,,,,,,,,,,,,,,,,,,,,,,,,,,,30.00,,,,,,,false,true,12,2017-04-01,2018-03-31,0
2017-07-31,42720,2018-03-31,1,,,,,,,,,,,,,,,,,,,,,,,,,,,,,,,,,182503570,9349146,173155640,false,false,3,2017-04-01,2017-06-30,0
2017-07-31,42720,2017-03-31,1,,,,,,,,,,,,,,,,,,,,,,,,,,,,,,,,,,,173666493,false,false,3,2016-04-01,2016-06-30,-1
2017-11-08,42720,2018-03-31,2,82326000000,0.071,,,,,11943000000,0.293,12108000000,0.588,,8580000000,,49.55,49.55,,,,,281834000000,216923000000,0.726,,204698000000,,,,,,,,,,,,true,false,6,2017-04-01,2017-09-30,0
2017-11-08,42720,2017-03-31,2,76877000000,-0.042,,,,,9237000000,-0.173,7626000000,-0.248,,5175000000,,29.85,29.83,,,,,,,,,,,,,,,,,,,,,true,false,6,2016-04-01,2016-09-30,-1
2017-11-08,42720,2018-03-31,2,168500000000,0.059,,,,,22000000000,0.120,22500000000,0.128,,15500000000,,89.52,,,,,,,,,,,,,,,,,,,,,,true,true,12,2017-04-01,2018-03-31,0
2017-11-08,42720,2017-03-31,2,,,,,,,,,,,,,,,,,,,,272791000000,205866000000,0.711,,194062000000,,,,,,,,,,,,true,false,12,2016-04-01,2017-03-31,-1
2017-11-08,42720,2017-03-31,2,,,,,,,,,,,,,,,,,,,,,,,,,,,,,30.00,,,,182503570,9346782,,false,false,12,2016-04-01,2017-03-31,-1
2017-11-08,42720,2018-03-31,2,,,,,,,,,,,,,,,,,,,,,,,,,,,,,15.00,,,,,,,false,false,12,2017-04-01,2018-03-31,0
2017-11-08,42720,2018-03-31,2,,,,,,,,,,,,,,,,,,,,,,,,,,,,,30.00,,,,,,,false,true,12,2017-04-01,2018-03-31,0
2017-11-08,42720,2018-03-31,2,,,,,,,,,,,,,,,,,,,,,,,,,,,,,,,,,182503570,9356767,173152980,false,false,6,2017-04-01,2017-09-30,0
2017-11-08,42720,2017-03-31,2,,,,,,,,,,,,,,,,,,,,,,,,,,,,,,,,,,,173416781,false,false,6,2016-04-01,2016-09-30,-1
2017-11-08,42720,2018-03-31,,168500000000,,,,,,22000000000,0.100,22500000000,0.098,,15500000000,,89.52,,,,,,,,,,,,,,,,,,,,,,true,true,12,2017-04-01,2018-03-31,0
2017-11-08,42720,2017-03-31,,159117000000,,,,,,19646000000,,19947000000,,,15635000000,,90.23,,,,,,,,,,,,,,,,,,,,,,true,false,12,2016-04-01,2017-03-31,-1
2018-01-31,42720,2018-03-31,3,124799000000,0.059,,,,,18132000000,0.180,18520000000,0.179,,12969000000,,74.90,74.89,,,,,286830000000,220944000000,0.727,,208607000000,,,,,,,,,,,,true,false,9,2017-04-01,2017-12-31,0
2018-01-31,42720,2017-03-31,3,117885000000,-0.027,,,,,15371000000,-0.071,15707000000,-0.036,,10852000000,,62.61,62.59,,,,,,,,,,,,,,,,,,,,,true,false,9,2016-04-01,2016-12-31,-1
2018-01-31,42720,2018-03-31,3,168500000000,0.059,,,,,22000000000,0.120,22500000000,0.128,,15500000000,,89.52,,,,,,,,,,,,,,,,,,,,,,true,true,12,2017-04-01,2018-03-31,0
2018-01-31,42720,2017-03-31,3,,,,,,,,,,,,,,,,,,,,272791000000,205866000000,0.711,,194062000000,,,,,,,,,,,,true,false,12,2016-04-01,2017-03-31,-1
2018-01-31,42720,2017-03-31,3,,,,,,,,,,,,,,,,,,,,,,,,,,,,,30.00,,,,182503570,9346782,,false,false,12,2016-04-01,2017-03-31,-1
2018-01-31,42720,2018-03-31,3,,,,,,,,,,,,,,,,,,,,,,,,,,,,,15.00,,,,,,,false,false,12,2017-04-01,2018-03-31,0
2018-01-31,42720,2018-03-31,3,,,,,,,,,,,,,,,,,,,,,,,,,,,,,30.00,,,,,,,false,true,12,2017-04-01,2018-03-31,0
2018-01-31,42720,2018-03-31,3,,,,,,,,,,,,,,,,,,,,,,,,,,,,,,,,,182503570,9357164,173150849,false,false,9,2017-04-01,2017-12-31,0
2018-01-31,42720,2017-03-31,3,,,,,,,,,,,,,,,,,,,,,,,,,,,,,,,,,,,173332758,false,false,9,2016-04-01,2016-12-31,-1
2018-05-10,42720,2018-03-31,,167888000000,0.055,,,,,22606000000,0.151,22471000000,0.127,,15472000000,,89.36,89.35,0.077,0.080,0.135,,287565000000,220602000000,0.724,1203.12,208315000000,20121000000,-16171000000,-6241000000,50532000000,,0.336,,,,,,true,false,12,2017-04-01,2018-03-31,0
2018-05-10,42720,2017-03-31,,159117000000,-0.023,,,,,19646000000,-0.095,19947000000,-0.051,,15635000000,,90.23,90.21,0.082,0.073,0.123,,272791000000,205866000000,0.711,1120.73,194062000000,31390000000,-11913000000,-14103000000,51785000000,,0.332,,,,,,true,false,12,2016-04-01,2017-03-31,-1
2018-05-10,42720,2019-03-31,,83500000000,0.014,,,,,8000000000,-0.330,8400000000,-0.306,,5500000000,,31.77,,,,,,,,,,,,,,,,,,,,,,true,true,6,2018-04-01,2018-09-30,1
2018-05-10,42720,2019-03-31,,178000000000,0.060,,,,,19000000000,-0.160,19500000000,-0.132,,13500000000,,77.97,,,,,,,,,,,,,,,,0.385,,,,,,true,true,12,2018-04-01,2019-03-31,1
2018-05-10,42720,2018-03-31,,102150000000,0.027,,,,,11135000000,0.353,16228000000,0.447,12655000000,,0.170,73.09,,,,,,205361000000,156777000000,0.763,905.43,156777000000,,,,,30.00,,,,182503570,9357742,173149627,false,false,12,2017-04-01,2018-03-31,0
2018-05-10,42720,2017-03-31,,99462000000,-0.030,,,,,8229000000,-0.208,11211000000,-0.125,10817000000,,-0.147,62.42,,,,,,201741000000,149880000000,0.743,865.55,149880000000,,,,,30.00,,,,182503570,9346782,173289298,false,false,12,2016-04-01,2017-03-31,-1
2018-05-10,42720,2019-03-31,,,,,,,,,,,,,,,,,,,,,,,,,,,,,,30.00,,,,,,,false,true,12,2018-04-01,2019-03-31,1
2018-07-31,42720,2019-03-31,1,42490000000,0.039,,,,,5373000000,-0.138,6295000000,-0.042,,4441000000,,25.65,25.64,,,,,288345000000,222689000000,0.729,,210136000000,,,,,,,,,,,,true,false,3,2018-04-01,2018-06-30,0
2018-07-31,42720,2018-03-31,1,40880000000,0.049,,,,,6233000000,0.262,6570000000,0.880,,4527000000,,26.14,26.14,,,,,,,,,,,,,,,,,,,,,true,false,3,2017-04-01,2017-06-30,-1
2018-07-31,42720,2019-03-31,1,83500000000,0.014,,,,,8000000000,-0.330,8400000000,-0.306,,5500000000,,31.77,,,,,,,,,,,,,,,,,,,,,,true,true,6,2018-04-01,2018-09-30,0
2018-07-31,42720,2019-03-31,1,178000000000,0.060,,,,,19000000000,-0.160,19500000000,-0.132,,13500000000,,77.97,,,,,,,,,,,,,,,,,,,,,,true,true,12,2018-04-01,2019-03-31,0
2018-07-31,42720,2018-03-31,1,,,,,,,,,,,,,,,,,,,,285453000000,220602000000,0.730,,208315000000,,,,,,,,,,,,true,false,12,2017-04-01,2018-03-31,-1
2018-07-31,42720,2018-03-31,1,,,,,,,,,,,,,,,,,,,,,,,,,,,,,30.00,,,,182503570,9357742,,false,false,12,2017-04-01,2018-03-31,-1
2018-07-31,42720,2019-03-31,1,,,,,,,,,,,,,,,,,,,,,,,,,,,,,30.00,,,,,,,false,true,12,2018-04-01,2019-03-31,0
2018-07-31,42720,2019-03-31,1,,,,,,,,,,,,,,,,,,,,,,,,,,,,,,,,,182503570,9357861,173145728,false,false,3,2018-04-01,2018-06-30,0
2018-07-31,42720,2018-03-31,1,,,,,,,,,,,,,,,,,,,,,,,,,,,,,,,,,,,173155640,false,false,3,2017-04-01,2017-06-30,-1
2018-10-30,42720,2019-03-31,,84900000000,0.017,,,,,9500000000,0.188,11000000000,0.310,,7400000000,,42.74,,,,,,,,,,,,,,,,,,,,,,true,true,6,2018-04-01,2018-09-30,0
2018-10-30,42720,2018-03-31,,82326000000,,,,,,11943000000,,12108000000,,,8580000000,,49.55,,,,,,,,,,,,,,,,,,,,,,true,false,6,2017-04-01,2017-09-30,-1
2018-10-30,42720,2019-03-31,,178000000000,0.000,,,,,21000000000,0.105,22500000000,0.154,,15500000000,,89.52,,,,,,,,,,,,,,,,,,,,,,true,true,12,2018-04-01,2019-03-31,0
2018-10-30,42720,2018-03-31,,167888000000,,,,,,22606000000,,22471000000,,,15472000000,,89.36,,,,,,,,,,,,,,,,,,,,,,true,false,12,2017-04-01,2018-03-31,-1
2018-11-07,42720,2019-03-31,2,84859000000,0.031,,,,,9546000000,-0.201,11034000000,-0.089,,7446000000,,43.01,42.99,,,,,290610000000,227471000000,0.738,,214543000000,,,,,,,,,,,,true,false,6,2018-04-01,2018-09-30,0
2018-11-07,42720,2018-03-31,2,82326000000,0.071,,,,,11943000000,0.293,12108000000,0.588,,8580000000,,49.55,49.55,,,,,,,,,,,,,,,,,,,,,true,false,6,2017-04-01,2017-09-30,-1
2018-11-07,42720,2019-03-31,2,178000000000,0.060,,,,,21000000000,-0.071,22500000000,0.001,,15500000000,,89.52,,,,,,,,,,,,,,,,,,,,,,true,true,12,2018-04-01,2019-03-31,0
2018-11-07,42720,2018-03-31,2,,,,,,,,,,,,,,,,,,,,285453000000,220602000000,0.730,,208315000000,,,,,,,,,,,,true,false,12,2017-04-01,2018-03-31,-1
2018-11-07,42720,2018-03-31,2,,,,,,,,,,,,,,,,,,,,,,,,,,,,,30.00,,,,182503570,9357742,,false,false,12,2017-04-01,2018-03-31,-1
2018-11-07,42720,2019-03-31,2,,,,,,,,,,,,,,,,,,,,,,,,,,,,,15.00,,,,,,,false,false,12,2018-04-01,2019-03-31,0
2018-11-07,42720,2019-03-31,2,,,,,,,,,,,,,,,,,,,,,,,,,,,,,30.00,,,,,,,false,true,12,2018-04-01,2019-03-31,0
2018-11-07,42720,2019-03-31,2,,,,,,,,,,,,,,,,,,,,,,,,,,,,,,,,,182503570,9358211,173145594,false,false,6,2018-04-01,2018-09-30,0
2018-11-07,42720,2018-03-31,2,,,,,,,,,,,,,,,,,,,,,,,,,,,,,,,,,,,173152980,false,false,6,2017-04-01,2017-09-30,-1
2019-01-31,42720,2019-03-31,3,128901000000,0.033,,,,,14563000000,-0.197,15990000000,-0.137,,10580000000,,61.11,61.09,,,,,288927000000,224675000000,0.733,,211837000000,,,,,,,,,,,,true,false,9,2018-04-01,2018-12-31,0
2019-01-31,42720,2018-03-31,3,124799000000,0.059,,,,,18132000000,0.180,18520000000,0.179,,12969000000,,74.90,74.89,,,,,,,,,,,,,,,,,,,,,true,false,9,2017-04-01,2017-12-31,-1
2019-01-31,42720,2019-03-31,3,178000000000,0.060,,,,,21000000000,-0.071,22500000000,0.001,,15500000000,,89.52,,,,,,,,,,,,,,,,,,,,,,true,true,12,2018-04-01,2019-03-31,0
2019-01-31,42720,2018-03-31,3,,,,,,,,,,,,,,,,,,,,285600000000,220619000000,0.729,,208334000000,,,,,,,,,,,,true,false,12,2017-04-01,2018-03-31,-1
2019-01-31,42720,2018-03-31,3,,,,,,,,,,,,,,,,,,,,,,,,,,,,,30.00,,,,182503570,9357742,,false,false,12,2017-04-01,2018-03-31,-1
2019-01-31,42720,2019-03-31,3,,,,,,,,,,,,,,,,,,,,,,,,,,,,,15.00,,,,,,,false,false,12,2018-04-01,2019-03-31,0
2019-01-31,42720,2019-03-31,3,,,,,,,,,,,,,,,,,,,,,,,,,,,,,30.00,,,,,,,false,true,12,2018-04-01,2019-03-31,0
2019-01-31,42720,2019-03-31,3,,,,,,,,,,,,,,,,,,,,,,,,,,,,,,,,,182503570,9358485,173145466,false,false,9,2018-04-01,2018-12-31,0
2019-01-31,42720,2018-03-31,3,,,,,,,,,,,,,,,,,,,,,,,,,,,,,,,,,,,173150849,false,false,9,2017-04-01,2017-12-31,-1
2019-04-23,42720,2019-03-31,,172500000000,-0.031,,,,,20000000000,-0.048,21500000000,-0.044,,14800000000,,85.48,,,,,,,,,,,,,,,,,,,,,,true,true,12,2018-04-01,2019-03-31,0
2019-04-23,42720,2018-03-31,,167888000000,,,,,,22606000000,,22471000000,,,15472000000,,89.36,,,,,,,,,,,,,,,,,,,,,,true,false,12,2017-04-01,2018-03-31,-1
2019-05-10,42720,2019-03-31,,172639000000,0.028,,,,,19939000000,-0.118,21608000000,-0.039,,14851000000,,85.77,85.75,0.070,0.075,0.116,,293571000000,229043000000,0.736,1247.75,216041000000,26803000000,-17694000000,-6437000000,52697000000,,0.350,,,,,,true,false,12,2018-04-01,2019-03-31,0
2019-05-10,42720,2018-03-31,,167888000000,0.055,,,,,22615000000,0.151,22480000000,0.127,,15488000000,,89.45,89.44,0.077,0.081,0.135,,285600000000,220619000000,0.729,1203.23,208334000000,20121000000,-16171000000,-6241000000,50532000000,,0.335,,,,,,true,false,12,2017-04-01,2018-03-31,-1
2019-05-10,42720,2020-03-31,,89000000000,0.049,,,,,8700000000,-0.089,9200000000,-0.166,,6000000000,,34.65,,,,,,,,,,,,,,,,,,,,,,true,true,6,2019-04-01,2019-09-30,1
2019-05-10,42720,2020-03-31,,186000000000,0.077,,,,,18000000000,-0.097,19000000000,-0.121,,12800000000,,73.93,,,,,,,,,,,,,,,,0.406,,,,,,true,true,12,2019-04-01,2020-03-31,1
2019-05-10,42720,2019-03-31,,103440000000,0.013,,,,,8614000000,-0.226,12989000000,-0.200,10421000000,,-0.177,60.19,,,,,,208017000000,161744000000,0.778,934.13,161744000000,,,,,30.00,,,,182503570,9358749,173145331,false,false,12,2018-04-01,2019-03-31,0
2019-05-10,42720,2018-03-31,,102150000000,0.027,,,,,11135000000,0.353,16228000000,0.447,12655000000,,0.170,73.09,,,,,,205361000000,156777000000,0.763,905.43,156777000000,,,,,30.00,,,,182503570,9357742,173149627,false,false,12,2017-04-01,2018-03-31,-1
2019-05-10,42720,2020-03-31,,,,,,,,,,,,,,,,,,,,,,,,,,,,,,30.00,,,,,,,false,true,12,2019-04-01,2020-03-31,1
2019-07-31,42720,2020-03-31,1,42893000000,0.009,,,,,4744000000,-0.119,4595000000,-0.271,,3122000000,,18.03,18.03,,,,,287848000000,226453000000,0.742,,213693000000,,,,,,,,,,,,true,false,3,2019-04-01,2019-06-30,0
2019-07-31,42720,2019-03-31,1,42490000000,0.039,,,,,5382000000,-0.137,6304000000,-0.041,,4454000000,,25.73,25.72,,,,,,,,,,,,,,,,,,,,,true,false,3,2018-04-01,2018-06-30,-1
2019-07-31,42720,2020-03-31,1,89000000000,0.049,,,,,8700000000,-0.089,9200000000,-0.166,,6000000000,,34.65,,,,,,,,,,,,,,,,,,,,,,true,true,6,2019-04-01,2019-09-30,0
2019-07-31,42720,2020-03-31,1,186000000000,0.077,,,,,18000000000,-0.097,19000000000,-0.121,,12800000000,,73.93,,,,,,,,,,,,,,,,,,,,,,true,true,12,2019-04-01,2020-03-31,0
2019-07-31,42720,2019-03-31,1,,,,,,,,,,,,,,,,,,,,293571000000,229043000000,0.736,,216041000000,,,,,,,,,,,,true,false,12,2018-04-01,2019-03-31,-1
2019-07-31,42720,2019-03-31,1,,,,,,,,,,,,,,,,,,,,,,,,,,,,,30.00,,,,182503570,9358749,,false,false,12,2018-04-01,2019-03-31,-1
2019-07-31,42720,2020-03-31,1,,,,,,,,,,,,,,,,,,,,,,,,,,,,,30.00,,,,,,,false,true,12,2019-04-01,2020-03-31,0
2019-07-31,42720,2020-03-31,1,,,,,,,,,,,,,,,,,,,,,,,,,,,,,,,,,177503570,4359001,173144631,false,false,3,2019-04-01,2019-06-30,0
2019-07-31,42720,2019-03-31,1,,,,,,,,,,,,,,,,,,,,,,,,,,,,,,,,,,,173145728,false,false,3,2018-04-01,2018-06-30,-1
2019-11-07,42720,2020-03-31,2,85608000000,0.009,,,,,9045000000,-0.054,9149000000,-0.172,,6337000000,,36.60,36.59,,,,,287017000000,228093000000,0.750,,215369000000,,,,,,,,,,,,true,false,6,2019-04-01,2019-09-30,0
2019-11-07,42720,2019-03-31,2,84859000000,0.031,,,,,9563000000,-0.199,11051000000,-0.087,,7474000000,,43.17,43.15,,,,,,,,,,,,,,,,,,,,,true,false,6,2018-04-01,2018-09-30,-1
2019-11-07,42720,2020-03-31,2,179000000000,0.037,,,,,17000000000,-0.147,17500000000,-0.190,,12800000000,,73.93,,,,,,,,,,,,,,,,,,,,,,true,true,12,2019-04-01,2020-03-31,0
2019-11-07,42720,2019-03-31,2,,,,,,,,,,,,,,,,,,,,293571000000,229043000000,0.736,,216041000000,,,,,,,,,,,,true,false,12,2018-04-01,2019-03-31,-1
2019-11-07,42720,2019-03-31,2,,,,,,,,,,,,,,,,,,,,,,,,,,,,,30.00,,,,182503570,9358749,,false,false,12,2018-04-01,2019-03-31,-1
2019-11-07,42720,2020-03-31,2,,,,,,,,,,,,,,,,,,,,,,,,,,,,,15.00,,,,,,,false,false,12,2019-04-01,2020-03-31,0
2019-11-07,42720,2020-03-31,2,,,,,,,,,,,,,,,,,,,,,,,,,,,,,30.00,,,,,,,false,true,12,2019-04-01,2020-03-31,0
2019-11-07,42720,2020-03-31,2,,,,,,,,,,,,,,,,,,,,,,,,,,,,,,,,,177503570,4359265,173144521,false,false,6,2019-04-01,2019-09-30,0
2019-11-07,42720,2019-03-31,2,,,,,,,,,,,,,,,,,,,,,,,,,,,,,,,,,,,173145594,false,false,6,2018-04-01,2018-09-30,-1
2019-11-07,42720,2020-03-31,,179000000000,-0.038,,,,,17000000000,-0.056,17500000000,-0.079,,12800000000,,73.93,,,,,,,,,,,,,,,,,,,,,,true,true,12,2019-04-01,2020-03-31,0
2019-11-07,42720,2019-03-31,,172639000000,,,,,,19939000000,,21608000000,,,14851000000,,85.77,,,,,,,,,,,,,,,,,,,,,,true,false,12,2018-04-01,2019-03-31,-1
2020-01-31,42720,2020-03-31,3,131825000000,0.023,,,,,14231000000,-0.023,14682000000,-0.082,,11302000000,,65.33,65.30,,,,,302680000000,218443000000,0.719,,217744000000,,,,,,,,,,,,true,false,9,2019-04-01,2019-12-31,0
2020-01-31,42720,2019-03-31,3,128901000000,0.033,,,,,14563000000,-0.197,15990000000,-0.137,,10580000000,,61.11,61.09,,,,,,,,,,,,,,,,,,,,,true,false,9,2018-04-01,2018-12-31,-1
2020-01-31,42720,2020-03-31,3,176000000000,0.019,,,,,16500000000,-0.173,17000000000,-0.213,,12800000000,,73.98,,,,,,,,,,,,,,,,,,,,,,true,true,12,2019-04-01,2020-03-31,0
2020-01-31,42720,2019-03-31,3,,,,,,,,,,,,,,,,,,,,293571000000,229043000000,0.736,,216041000000,,,,,,,,,,,,true,false,12,2018-04-01,2019-03-31,-1
2020-01-31,42720,2019-03-31,3,,,,,,,,,,,,,,,,,,,,,,,,,,,,,30.00,,,,182503570,9358749,,false,false,12,2018-04-01,2019-03-31,-1
2020-01-31,42720,2020-03-31,3,,,,,,,,,,,,,,,,,,,,,,,,,,,,,15.00,,,,,,,false,false,12,2019-04-01,2020-03-31,0
2020-01-31,42720,2020-03-31,3,,,,,,,,,,,,,,,,,,,,,,,,,,,,,30.00,,,,,,,false,true,12,2019-04-01,2020-03-31,0
2020-01-31,42720,2020-03-31,3,,,,,,,,,,,,,,,,,,,,,,,,,,,,,,,,,177503570,5275358,173012317,false,false,9,2019-04-01,2019-12-31,0
2020-01-31,42720,2019-03-31,3,,,,,,,,,,,,,,,,,,,,,,,,,,,,,,,,,,,173145466,false,false,9,2018-04-01,2018-12-31,-1
2020-01-31,42720,2020-03-31,,176000000000,-0.017,,,,,16500000000,-0.029,17000000000,-0.029,,12800000000,,73.93,,,,,,,,,,,,,,,,,,,,,,true,true,12,2019-04-01,2020-03-31,0
2020-01-31,42720,2019-03-31,,172639000000,,,,,,19939000000,,21608000000,,,14851000000,,85.77,,,,,,,,,,,,,,,,,,,,,,true,false,12,2018-04-01,2019-03-31,-1
2020-05-19,42720,2020-03-31,,175123000000,0.014,,,,,17485000000,-0.123,18026000000,-0.166,,12815000000,,74.25,74.23,0.060,0.063,0.100,,278496000000,210019000000,0.752,1225.71,209344000000,27281000000,-17543000000,-13894000000,46663000000,,0.404,,,,,,true,false,12,2019-04-01,2020-03-31,0
2020-05-19,42720,2019-03-31,,172639000000,0.028,,,,,19939000000,-0.118,21608000000,-0.039,,14851000000,,85.77,85.75,0.070,0.075,0.116,,293571000000,229043000000,0.736,1247.75,216041000000,26803000000,-17694000000,-6437000000,52697000000,,0.350,,,,,,true,false,12,2018-04-01,2019-03-31,-1
2020-05-19,42720,2020-03-31,,106608000000,0.031,,,,,9075000000,0.053,13494000000,0.039,10703000000,,0.027,62.01,,,,,,215528000000,160823000000,0.746,941.59,160823000000,,,,,30.00,,,,177503570,6709685,172597255,false,false,12,2019-04-01,2020-03-31,0
2020-05-19,42720,2019-03-31,,103440000000,0.013,,,,,8614000000,-0.226,12989000000,-0.200,10421000000,,-0.177,60.19,,,,,,208017000000,161744000000,0.778,934.13,161744000000,,,,,30.00,,,,182503570,9358749,173145331,false,false,12,2018-04-01,2019-03-31,-1
2020-05-19,42720,2021-03-31,,,,,,,,,,,,,,,,,,,,,,,,,,,,,,30.00,,,,,,,false,true,12,2020-04-01,2021-03-31,1
2020-05-22,42720,2021-03-31,,79000000000,,,,,,3000000000,,3500000000,,3000000000,,,17.57,,,,,,,,,,,,,,,,,,,,,,true,true,6,2020-04-01,2020-09-30,0
2020-05-22,42720,2020-03-31,,85608000000,,,,,,9045000000,,9149000000,,6337000000,,,36.60,,,,,,,,,,,,,,,,,,,,,,true,false,6,2019-04-01,2019-09-30,-1
2020-07-31,42720,2021-03-31,1,36825000000,-0.141,,,,,2773000000,-0.415,2984000000,-0.351,,1748000000,,10.24,,,,,,287373000000,211776000000,0.735,,211112000000,,,,,,,,,,,,true,false,3,2020-04-01,2020-06-30,0
2020-07-31,42720,2020-03-31,1,42893000000,0.009,,,,,4744000000,-0.119,4595000000,-0.271,,3122000000,,18.03,18.03,,,,,,,,,,,,,,,,,,,,,true,false,3,2019-04-01,2019-06-30,-1
2020-07-31,42720,2021-03-31,1,77000000000,-0.101,,,,,4500000000,-0.503,5000000000,-0.453,,3000000000,,17.57,,,,,,,,,,,,,,,,,,,,,,true,true,6,2020-04-01,2020-09-30,0
2020-07-31,42720,2020-03-31,1,,,,,,,,,,,,,,,,,,,,278496000000,210019000000,0.752,,209344000000,,,,,,,,,,,,true,false,12,2019-04-01,2020-03-31,-1
2020-07-31,42720,2020-03-31,1,,,,,,,,,,,,,,,,,,,,,,,,,,,,,30.00,,,,177503570,6709685,,false,false,12,2019-04-01,2020-03-31,-1
2020-07-31,42720,2021-03-31,1,,,,,,,,,,,,,,,,,,,,,,,,,,,,,30.00,,,,,,,false,true,12,2020-04-01,2021-03-31,0
2020-07-31,42720,2021-03-31,1,,,,,,,,,,,,,,,,,,,,,,,,,,,,,,,,,177503570,6709860,170793776,false,false,3,2020-04-01,2020-06-30,0
2020-07-31,42720,2020-03-31,1,,,,,,,,,,,,,,,,,,,,,,,,,,,,,,,,,,,173144631,false,false,3,2019-04-01,2019-06-30,-1
2020-07-31,42720,2021-03-31,,77000000000,-0.025,,,,,4500000000,0.500,5000000000,0.429,3000000000,,,17.57,,,,,,,,,,,,,,,,,,,,,,true,true,6,2020-04-01,2020-09-30,0
2020-07-31,42720,2020-03-31,,85608000000,,,,,,9045000000,,9149000000,,6337000000,,,36.60,,,,,,,,,,,,,,,,,,,,,,true,false,6,2019-04-01,2019-09-30,-1
2020-10-27,42720,2021-03-31,,80500000000,0.045,,,,,7000000000,0.556,7300000000,0.460,4900000000,,0.633,28.69,,,,,,,,,,,,,,,,,,,,,,true,true,6,2020-04-01,2020-09-30,0
2020-10-27,42720,2020-03-31,,85608000000,,,,,,9045000000,,9149000000,,6337000000,,,36.60,,,,,,,,,,,,,,,,,,,,,,true,false,6,2019-04-01,2019-09-30,-1
2020-11-10,42720,2021-03-31,2,80518000000,-0.059,,,,,6976000000,-0.229,7341000000,-0.198,,4883000000,,28.59,,,,,,290607000000,215485000000,0.739,,214813000000,,,,,,,,,,,,true,false,6,2020-04-01,2020-09-30,0
2020-11-10,42720,2020-03-31,2,85608000000,0.009,,,,,9045000000,-0.054,9149000000,-0.172,,6337000000,,36.60,36.59,,,,,,,,,,,,,,,,,,,,,true,false,6,2019-04-01,2019-09-30,-1
2020-11-10,42720,2021-03-31,2,164000000000,-0.064,,,,,12000000000,-0.314,12800000000,-0.290,,10000000000,,58.55,,,,,,,,,,,,,,,,,,,,,,true,true,12,2020-04-01,2021-03-31,0
2020-11-10,42720,2020-03-31,2,,,,,,,,,,,,,,,,,,,,278496000000,210019000000,0.752,,209344000000,,,,,,,,,,,,true,false,12,2019-04-01,2020-03-31,-1
2020-11-10,42720,2020-03-31,2,,,,,,,,,,,,,,,,,,,,,,,,,,,,,30.00,,,,177503570,6709685,,false,false,12,2019-04-01,2020-03-31,-1
2020-11-10,42720,2021-03-31,2,,,,,,,,,,,,,,,,,,,,,,,,,,,,,15.00,,,,,,,false,false,12,2020-04-01,2021-03-31,0
2020-11-10,42720,2021-03-31,2,,,,,,,,,,,,,,,,,,,,,,,,,,,,,30.00,,,,,,,false,true,12,2020-04-01,2021-03-31,0
2020-11-10,42720,2021-03-31,2,,,,,,,,,,,,,,,,,,,,,,,,,,,,,,,,,177503570,6710248,170793635,false,false,6,2020-04-01,2020-09-30,0
2020-11-10,42720,2020-03-31,2,,,,,,,,,,,,,,,,,,,,,,,,,,,,,,,,,,,173144521,false,false,6,2019-04-01,2019-09-30,-1
2021-01-29,42720,2021-03-31,3,125655000000,-0.047,,,,,11790000000,-0.172,12145000000,-0.173,,8971000000,,52.53,52.53,,,,,288456000000,219167000000,0.757,,218471000000,,,,,,,,,,,,true,false,9,2020-04-01,2020-12-31,0
2021-01-29,42720,2020-03-31,3,131825000000,0.023,,,,,14231000000,-0.023,14682000000,-0.082,,11302000000,,65.33,65.30,,,,,,,,,,,,,,,,,,,,,true,false,9,2019-04-01,2019-12-31,-1
2021-01-29,42720,2021-03-31,3,171700000000,-0.020,,,,,14900000000,-0.148,15300000000,-0.151,,12000000000,,70.26,,,,,,,,,,,,,,,,,,,,,,true,true,12,2020-04-01,2021-03-31,0
2021-01-29,42720,2020-03-31,3,,,,,,,,,,,,,,,,,,,,278496000000,210019000000,0.752,,209344000000,,,,,,,,,,,,true,false,12,2019-04-01,2020-03-31,-1
2021-01-29,42720,2020-03-31,3,,,,,,,,,,,,,,,,,,,,,,,,,,,,,30.00,,,,177503570,6709685,,false,false,12,2019-04-01,2020-03-31,-1
2021-01-29,42720,2021-03-31,3,,,,,,,,,,,,,,,,,,,,,,,,,,,,,15.00,,,,,,,false,false,12,2020-04-01,2021-03-31,0
2021-01-29,42720,2021-03-31,3,,,,,,,,,,,,,,,,,,,,,,,,,,,,,30.00,,,,,,,false,true,12,2020-04-01,2021-03-31,0
2021-01-29,42720,2021-03-31,3,,,,,,,,,,,,,,,,,,,,,,,,,,,,,,,,,177503570,6710387,170793503,false,false,9,2020-04-01,2020-12-31,0
2021-01-29,42720,2020-03-31,3,,,,,,,,,,,,,,,,,,,,,,,,,,,,,,,,,,,173012317,false,false,9,2019-04-01,2019-12-31,-1
2021-01-29,42720,2021-03-31,,171700000000,0.047,,,,,14900000000,0.242,15300000000,0.195,12000000000,,0.200,70.26,,,,,,,,,,,,,,,,,,,,,,true,true,12,2020-04-01,2021-03-31,0
2021-01-29,42720,2020-03-31,,175123000000,,,,,,17485000000,,18026000000,,12815000000,,,74.25,,,,,,,,,,,,,,,,,,,,,,true,false,12,2019-04-01,2020-03-31,-1
2021-05-11,42720,2021-03-31,,173381000000,-0.010,,,,,15194000000,-0.131,16538000000,-0.083,,12574000000,,73.62,73.61,0.058,0.058,0.088,,294535000000,228273000000,0.772,1332.06,227506000000,24408000000,-17606000000,-8402000000,47483000000,,0.407,,,,,,true,false,12,2020-04-01,2021-03-31,0
2021-05-11,42720,2020-03-31,,175123000000,0.014,,,,,17485000000,-0.123,18026000000,-0.166,,12815000000,,74.25,74.23,0.060,0.063,0.100,,278496000000,210019000000,0.752,1225.71,209344000000,27281000000,-17543000000,-13894000000,46663000000,,0.404,,,,,,true,false,12,2019-04-01,2020-03-31,-1
2021-05-11,42720,2022-03-31,,84500000000,0.049,,,,,5300000000,-0.240,5500000000,-0.251,,4500000000,,26.35,,,,,,,,,,,,,,,,,,,,,,true,true,6,2021-04-01,2021-09-30,1
2021-05-11,42720,2022-03-31,,176000000000,0.015,,,,,12400000000,-0.184,13000000000,-0.214,,10100000000,,59.14,,,,,,,,,,,,,,,,0.507,,,,,,true,true,12,2021-04-01,2022-03-31,1
2021-05-11,42720,2021-03-31,,115618000000,0.085,,,,,9436000000,0.040,13459000000,-0.003,22610000000,,1.112,132.38,,,,,,230810000000,180428000000,0.782,1056.38,180428000000,,,,,30.00,,,,177503570,6710650,170793371,false,false,12,2020-04-01,2021-03-31,0
2021-05-11,42720,2020-03-31,,106608000000,0.031,,,,,9075000000,0.053,13494000000,0.039,10703000000,,0.027,62.01,,,,,,215528000000,160823000000,0.746,941.59,160823000000,,,,,30.00,,,,177503570,6709685,172597255,false,false,12,2019-04-01,2020-03-31,-1
2021-05-11,42720,2022-03-31,,,,,,,,,,,,,,,,,,,,,,,,,,,,,,30.00,,,,,,,false,true,12,2021-04-01,2022-03-31,1
2021-07-30,42720,2022-03-31,1,46447000000,0.261,,,,,5938000000,1.141,6399000000,1.144,,5295000000,,31.05,31.05,,,,,297619000000,230812000000,0.773,,230029000000,,,,,,,,,,,,true,false,3,2021-04-01,2021-06-30,0
2021-07-30,42720,2021-03-31,1,36825000000,-0.141,,,,,2773000000,-0.415,2984000000,-0.351,,1748000000,,10.24,,,,,,,,,,,,,,,,,,,,,,true,false,3,2020-04-01,2020-06-30,-1
2021-07-30,42720,2022-03-31,1,91300000000,0.134,,,,,9800000000,0.405,10400000000,0.417,,8000000000,,46.91,,,,,,,,,,,,,,,,,,,,,,true,true,6,2021-04-01,2021-09-30,0
2021-07-30,42720,2022-03-31,1,184800000000,0.066,,,,,17400000000,0.145,18400000000,0.113,,14000000000,,82.10,,,,,,,,,,,,,,,,,,,,,,true,true,12,2021-04-01,2022-03-31,0
2021-07-30,42720,2021-03-31,1,,,,,,,,,,,,,,,,,,,,294535000000,228273000000,0.772,,227506000000,,,,,,,,,,,,true,false,12,2020-04-01,2021-03-31,-1
2021-07-30,42720,2021-03-31,1,,,,,,,,,,,,,,,,,,,,,,,,,,,,,30.00,,,,177503570,6710650,,false,false,12,2020-04-01,2021-03-31,-1
2021-07-30,42720,2022-03-31,1,,,,,,,,,,,,,,,,,,,,,,,,,,,,,30.00,,,,,,,false,true,12,2021-04-01,2022-03-31,0
2021-07-30,42720,2022-03-31,1,,,,,,,,,,,,,,,,,,,,,,,,,,,,,,,,,177503570,7504250,170528346,false,false,3,2021-04-01,2021-06-30,0
2021-07-30,42720,2021-03-31,1,,,,,,,,,,,,,,,,,,,,,,,,,,,,,,,,,,,170793776,false,false,3,2020-04-01,2020-06-30,-1
2021-07-30,42720,2022-03-31,,91300000000,0.080,,,,,9800000000,0.849,10400000000,0.891,8000000000,,0.778,46.91,,,,,,,,,,,,,,,,,,,,,,true,true,6,2021-04-01,2021-09-30,0
2021-07-30,42720,2021-03-31,,80518000000,,,,,,6976000000,,7341000000,,4883000000,,,28.59,,,,,,,,,,,,,,,,,,,,,,true,false,6,2020-04-01,2020-09-30,-1
2021-07-30,42720,2022-03-31,,184800000000,0.050,,,,,17400000000,0.403,18400000000,0.415,14000000000,,0.386,82.10,,,,,,,,,,,,,,,,,,,,,,true,true,12,2021-04-01,2022-03-31,0
2021-07-30,42720,2021-03-31,,173381000000,,,,,,15194000000,,16538000000,,12574000000,,,73.62,,,,,,,,,,,,,,,,,,,,,,true,false,12,2020-04-01,2021-03-31,-1
2021-11-09,42720,2022-03-31,2,88840000000,0.103,,,,,10902000000,0.563,11828000000,0.611,,9205000000,,54.27,54.26,,,,,301957000000,233460000000,0.770,,232653000000,,,,,,,,,,,,true,false,6,2021-04-01,2021-09-30,0
2021-11-09,42720,2021-03-31,2,80518000000,-0.059,,,,,6976000000,-0.229,7341000000,-0.198,,4883000000,,28.59,,,,,,,,,,,,,,,,,,,,,,true,false,6,2020-04-01,2020-09-30,-1
2021-11-09,42720,2022-03-31,2,184000000000,0.061,,,,,18900000000,0.244,20100000000,0.215,,15200000000,,89.60,,,,,,,,,,,,,,,,,,,,,,true,true,12,2021-04-01,2022-03-31,0
2021-11-09,42720,2021-03-31,2,,,,,,,,,,,,,,,,,,,,294535000000,228273000000,0.772,,227506000000,,,,,,,,,,,,true,false,12,2020-04-01,2021-03-31,-1
2021-11-09,42720,2021-03-31,2,,,,,,,,,,,,,,,,,,,,,,,,,,,,,30.00,,,,177503570,6710650,,false,false,12,2020-04-01,2021-03-31,-1
2021-11-09,42720,2022-03-31,2,,,,,,,,,,,,,,,,,,,,,,,,,,,,,15.00,,,,,,,false,false,12,2021-04-01,2022-03-31,0
2021-11-09,42720,2022-03-31,2,,,,,,,,,,,,,,,,,,,,,,,,,,,,,30.00,,,,,,,false,true,12,2021-04-01,2022-03-31,0
2021-11-09,42720,2022-03-31,2,,,,,,,,,,,,,,,,,,,,,,,,,,,,,,,,,177503570,9257635,169638661,false,false,6,2021-04-01,2021-09-30,0
2021-11-09,42720,2021-03-31,2,,,,,,,,,,,,,,,,,,,,,,,,,,,,,,,,,,,170793635,false,false,6,2020-04-01,2020-09-30,-1
2021-11-09,42720,2022-03-31,,184000000000,-0.004,,,,,18900000000,0.086,20100000000,0.092,15200000000,,0.086,89.60,,,,,,,,,,,,,,,,,,,,,,true,true,12,2021-04-01,2022-03-31,0
2021-11-09,42720,2021-03-31,,173381000000,,,,,,15194000000,,16538000000,,12574000000,,,73.62,,,,,,,,,,,,,,,,,,,,,,true,false,12,2020-04-01,2021-03-31,-1
2022-01-28,42720,2022-03-31,3,138095000000,0.099,,,,,17339000000,0.471,18781000000,0.546,,14058000000,,83.10,83.09,,,,,309637000000,238029000000,0.766,,237178000000,,,,,,,,,,,,true,false,9,2021-04-01,2021-12-31,0
2022-01-28,42720,2021-03-31,3,125655000000,-0.047,,,,,11790000000,-0.172,12145000000,-0.173,,8971000000,,52.53,52.53,,,,,,,,,,,,,,,,,,,,,true,false,9,2020-04-01,2020-12-31,-1
2022-01-28,42720,2022-03-31,3,184000000000,0.061,,,,,20000000000,0.316,21400000000,0.294,,15400000000,,91.03,,,,,,,,,,,,,,,,,,,,,,true,true,12,2021-04-01,2022-03-31,0
2022-01-28,42720,2021-03-31,3,,,,,,,,,,,,,,,,,,,,294535000000,228273000000,0.772,,227506000000,,,,,,,,,,,,true,false,12,2020-04-01,2021-03-31,-1
2022-01-28,42720,2021-03-31,3,,,,,,,,,,,,,,,,,,,,,,,,,,,,,30.00,,,,177503570,6710650,,false,false,12,2020-04-01,2021-03-31,-1
2022-01-28,42720,2022-03-31,3,,,,,,,,,,,,,,,,,,,,,,,,,,,,,15.00,,,,,,,false,false,12,2021-04-01,2022-03-31,0
2022-01-28,42720,2022-03-31,3,,,,,,,,,,,,,,,,,,,,,,,,,,,,,37.00,,,,,,,false,true,12,2021-04-01,2022-03-31,0
2022-01-28,42720,2022-03-31,3,,,,,,,,,,,,,,,,,,,,,,,,,,,,,,,,,177503570,9257789,169174386,false,false,9,2021-04-01,2021-12-31,0
2022-01-28,42720,2021-03-31,3,,,,,,,,,,,,,,,,,,,,,,,,,,,,,,,,,,,170793503,false,false,9,2020-04-01,2020-12-31,-1
2022-05-12,42720,2022-03-31,,184805000000,0.066,,,,,21050000000,0.385,23154000000,0.400,,17181000000,,101.70,101.65,0.073,0.076,0.114,,315459000000,246425000000,0.778,1459.06,245479000000,23141000000,-10641000000,-11090000000,52962000000,,0.393,,,,,,true,false,12,2021-04-01,2022-03-31,0
2022-05-12,42720,2021-03-31,,173381000000,-0.010,,,,,15194000000,-0.131,16538000000,-0.083,,12574000000,,73.62,73.61,0.058,0.058,0.088,,294535000000,228273000000,0.772,1332.06,227506000000,24408000000,-17606000000,-8402000000,47483000000,,0.407,,,,,,true,false,12,2020-04-01,2021-03-31,-1
2022-05-12,42720,2023-03-31,,97100000000,0.093,,,,,8700000000,-0.202,9300000000,-0.214,,6000000000,,35.66,,,,,,,,,,,,,,,,,,,,,,true,true,6,2022-04-01,2022-09-30,1
2022-05-12,42720,2023-03-31,,196800000000,0.065,,,,,18400000000,-0.126,19400000000,-0.162,,14000000000,,83.21,,,,,,,,,,,,,,,,,,,,,,true,true,12,2022-04-01,2023-03-31,1
2022-05-12,42720,2022-03-31,,124023000000,0.073,,,,,11593000000,0.229,16080000000,0.195,12609000000,,-0.442,74.63,,,,,,236430000000,184800000000,0.782,1098.36,184800000000,,,,,40.00,,,,170503570,2257985,168942203,false,false,12,2021-04-01,2022-03-31,0
2022-05-12,42720,2021-03-31,,115618000000,0.085,,,,,9436000000,0.040,13459000000,-0.003,22610000000,,1.112,132.38,,,,,,230810000000,180428000000,0.782,1056.38,180428000000,,,,,30.00,,,,177503570,6710650,170793371,false,false,12,2020-04-01,2021-03-31,-1
2022-05-12,42720,2023-03-31,,,,,,,,,,,,,,,,,,,,,,,,,,,,,,40.00,,,,,,,false,true,12,2022-04-01,2023-03-31,1
2022-07-29,42720,2023-03-31,1,48296000000,0.040,,,,,6380000000,0.084,8634000000,0.360,,5957000000,,35.41,35.40,,,,,325364000000,252525000000,0.773,,251535000000,,,,,,,,,,,,true,false,3,2022-04-01,2022-06-30,0
2022-07-29,42720,2022-03-31,1,46447000000,0.261,,,,,5887000000,1.123,6348000000,1.127,,5265000000,,30.88,30.87,,,,,,,,,,,,,,,,,,,,,true,false,3,2021-04-01,2021-06-30,-1
2022-07-29,42720,2023-03-31,1,103900000000,0.170,,,,,12600000000,0.156,15000000000,0.268,,10500000000,,62.41,,,,,,,,,,,,,,,,,,,,,,true,true,6,2022-04-01,2022-09-30,0
2022-07-29,42720,2023-03-31,1,210000000000,0.136,,,,,23800000000,0.131,26600000000,0.149,,19400000000,,115.31,,,,,,,,,,,,,,,,,,,,,,true,true,12,2022-04-01,2023-03-31,0
2022-07-29,42720,2022-03-31,1,,,,,,,,,,,,,,,,,,,,315459000000,246425000000,0.778,,245479000000,,,,,,,,,,,,true,false,12,2021-04-01,2022-03-31,-1
2022-07-29,42720,2022-03-31,1,,,,,,,,,,,,,,,,,,,,,,,,,,,,,40.00,,,,170503570,2257985,,false,false,12,2021-04-01,2022-03-31,-1
2022-07-29,42720,2023-03-31,1,,,,,,,,,,,,,,,,,,,,,,,,,,,,,40.00,,,,,,,false,true,12,2022-04-01,2023-03-31,0
2022-07-29,42720,2023-03-31,1,,,,,,,,,,,,,,,,,,,,,,,,,,,,,,,,,170503570,2258052,168245559,false,false,3,2022-04-01,2022-06-30,0
2022-07-29,42720,2022-03-31,1,,,,,,,,,,,,,,,,,,,,,,,,,,,,,,,,,,,170528346,false,false,3,2021-04-01,2021-06-30,-1
2022-11-08,42720,2023-03-31,2,102728000000,0.156,,,,,13559000000,0.244,16628000000,0.406,,11281000000,,67.04,67.02,,,,,329503000000,259239000000,0.784,,258208000000,,,,,,,,,,,,true,false,6,2022-04-01,2022-09-30,0
2022-11-08,42720,2022-03-31,2,88840000000,0.103,,,,,10902000000,0.563,11828000000,0.611,,9205000000,,54.27,54.26,,,,,,,,,,,,,,,,,,,,,true,false,6,2021-04-01,2021-09-30,-1
2022-11-08,42720,2023-03-31,2,210000000000,0.136,,,,,23800000000,0.131,26600000000,0.149,,19400000000,,115.31,,,,,,,,,,,,,,,,,,,,,,true,true,12,2022-04-01,2023-03-31,0
2022-11-08,42720,2022-03-31,2,,,,,,,,,,,,,,,,,,,,315459000000,246425000000,0.778,,245479000000,,,,,,,,,,,,true,false,12,2021-04-01,2022-03-31,-1
2022-11-08,42720,2022-03-31,2,,,,,,,,,,,,,,,,,,,,,,,,,,,,,40.00,,,,170503570,2257985,,false,false,12,2021-04-01,2022-03-31,-1
2022-11-08,42720,2023-03-31,2,,,,,,,,,,,,,,,,,,,,,,,,,,,,,20.00,,,,,,,false,false,12,2022-04-01,2023-03-31,0
2022-11-08,42720,2023-03-31,2,,,,,,,,,,,,,,,,,,,,,,,,,,,,,40.00,,,,,,,false,true,12,2022-04-01,2023-03-31,0
2022-11-08,42720,2023-03-31,2,,,,,,,,,,,,,,,,,,,,,,,,,,,,,,,,,170503570,2170940,168274562,false,false,6,2022-04-01,2022-09-30,0
2022-11-08,42720,2022-03-31,2,,,,,,,,,,,,,,,,,,,,,,,,,,,,,,,,,,,169638661,false,false,6,2021-04-01,2021-09-30,-1
2023-01-31,42720,2023-03-31,3,153627000000,0.112,,,,,19062000000,0.099,20994000000,0.118,,15241000000,,90.62,90.60,,,,,331405000000,255714000000,0.769,,254741000000,,,,,,,,,,,,true,false,9,2022-04-01,2022-12-31,0
2023-01-31,42720,2022-03-31,3,138095000000,0.099,,,,,17339000000,0.471,18781000000,0.546,,14058000000,,83.10,83.09,,,,,,,,,,,,,,,,,,,,,true,false,9,2021-04-01,2021-12-31,-1
2023-01-31,42720,2023-03-31,3,210000000000,0.136,,,,,23800000000,0.131,26600000000,0.149,,19400000000,,115.31,,,,,,,,,,,,,,,,,,,,,,true,true,12,2022-04-01,2023-03-31,0
2023-01-31,42720,2022-03-31,3,,,,,,,,,,,,,,,,,,,,315459000000,246425000000,0.778,,245479000000,,,,,,,,,,,,true,false,12,2021-04-01,2022-03-31,-1
2023-01-31,42720,2022-03-31,3,,,,,,,,,,,,,,,,,,,,,,,,,,,,,40.00,,,,170503570,2257985,,false,false,12,2021-04-01,2022-03-31,-1
2023-01-31,42720,2023-03-31,3,,,,,,,,,,,,,,,,,,,,,,,,,,,,,20.00,,,,,,,false,false,12,2022-04-01,2023-03-31,0
2023-01-31,42720,2023-03-31,3,,,,,,,,,,,,,,,,,,,,,,,,,,,,,40.00,,,,,,,false,true,12,2022-04-01,2023-03-31,0
2023-01-31,42720,2023-03-31,3,,,,,,,,,,,,,,,,,,,,,,,,,,,,,,,,,170503570,2960258,168186975,false,false,9,2022-04-01,2022-12-31,0
2023-01-31,42720,2022-03-31,3,,,,,,,,,,,,,,,,,,,,,,,,,,,,,,,,,,,169174386,false,false,9,2021-04-01,2021-12-31,-1
2023-04-25,42720,2023-03-31,,198400000000,-0.055,,,,,21500000000,-0.097,23000000000,-0.135,,15100000000,,90.05,,,,,,,,,,,,,,,,,,,,,,true,true,12,2022-04-01,2023-03-31,0
2023-04-25,42720,2022-03-31,,184805000000,,,,,,21050000000,,23154000000,,,17181000000,,101.70,,,,,,,,,,,,,,,,,,,,,,true,false,12,2021-04-01,2022-03-31,-1
2023-05-15,42720,2023-03-31,,198380000000,0.073,,,,,21505000000,0.022,23025000000,-0.006,,14984000000,,89.36,89.33,0.060,0.072,0.108,,322858000000,255027000000,0.787,1532.35,254018000000,20039000000,-15158000000,-7950000000,53096000000,,0.504,,,,,,true,false,12,2022-04-01,2023-03-31,0
2023-05-15,42720,2022-03-31,,184805000000,0.066,,,,,21050000000,0.385,23154000000,0.400,,17181000000,,101.70,101.65,0.073,0.076,0.114,,315459000000,246425000000,0.778,1459.06,245479000000,23141000000,-10641000000,-11090000000,52962000000,,0.393,,,,,,true,false,12,2021-04-01,2022-03-31,-1
2023-05-15,42720,2024-03-31,,97100000000,-0.055,,,,,5300000000,-0.609,6200000000,-0.627,,4400000000,,26.54,,,,,,,,,,,,,,,,,,,,,,true,true,6,2023-04-01,2023-09-30,1
2023-05-15,42720,2024-03-31,,202300000000,0.020,,,,,13000000000,-0.395,14000000000,-0.392,,10500000000,,63.34,,,,,,,,,,,,,,,,,,,,,,true,true,12,2023-04-01,2024-03-31,1
2023-05-15,42720,2023-03-31,,128028000000,0.032,,,,,10501000000,-0.094,17240000000,0.072,12632000000,,0.002,75.33,,,,,,237521000000,185235000000,0.780,1117.38,185235000000,,,,,45.00,,,,170503570,4732954,167682359,false,false,12,2022-04-01,2023-03-31,0
2023-05-15,42720,2022-03-31,,124023000000,0.073,,,,,11593000000,0.229,16080000000,0.195,12609000000,,-0.442,74.63,,,,,,236430000000,184800000000,0.782,1098.36,184800000000,,,,,40.00,,,,170503570,2257985,168942203,false,false,12,2021-04-01,2022-03-31,-1
2023-05-15,42720,2024-03-31,,,,,,,,,,,,,,,,,,,,,,,,,,,,,,45.00,,,,,,,false,true,12,2023-04-01,2024-03-31,1
2023-07-31,42720,2024-03-31,1,48584000000,0.006,,,,,2333000000,-0.634,4179000000,-0.516,,2661000000,,16.06,16.04,,,,,343001000000,263523000000,0.765,,262554000000,,,,,,,,,,,,true,false,3,2023-04-01,2023-06-30,0
2023-07-31,42720,2023-03-31,1,48296000000,0.040,,,,,6380000000,0.084,8634000000,0.360,,5957000000,,35.41,35.40,,,,,,,,,,,,,,,,,,,,,true,false,3,2022-04-01,2022-06-30,-1
2023-07-31,42720,2024-03-31,1,97100000000,-0.055,,,,,5300000000,-0.609,6200000000,-0.627,,4400000000,,26.54,,,,,,,,,,,,,,,,,,,,,,true,true,6,2023-04-01,2023-09-30,0
2023-07-31,42720,2024-03-31,1,202300000000,0.020,,,,,13000000000,-0.395,14000000000,-0.392,,10500000000,,63.34,,,,,,,,,,,,,,,,,,,,,,true,true,12,2023-04-01,2024-03-31,0
2023-07-31,42720,2023-03-31,1,,,,,,,,,,,,,,,,,,,,322858000000,255027000000,0.787,,254018000000,,,,,,,,,,,,true,false,12,2022-04-01,2023-03-31,-1
2023-07-31,42720,2023-03-31,1,,,,,,,,,,,,,,,,,,,,,,,,,,,,,45.00,,,,170503570,4732954,,false,false,12,2022-04-01,2023-03-31,-1
2023-07-31,42720,2024-03-31,1,,,,,,,,,,,,,,,,,,,,,,,,,,,,,45.00,,,,,,,false,true,12,2023-04-01,2024-03-31,0
2023-07-31,42720,2024-03-31,1,,,,,,,,,,,,,,,,,,,,,,,,,,,,,,,,,170503570,4733430,165770312,false,false,3,2023-04-01,2023-06-30,0
2023-07-31,42720,2023-03-31,1,,,,,,,,,,,,,,,,,,,,,,,,,,,,,,,,,,,168245559,false,false,3,2022-04-01,2022-06-30,-1
2023-10-30,42720,2024-03-31,,97900000000,0.008,,,,,4800000000,-0.094,8300000000,0.339,,6100000000,,36.79,,,,,,,,,,,,,,,,,,,,,,true,true,6,2023-04-01,2023-09-30,0
2023-10-30,42720,2023-03-31,,102728000000,,,,,,13559000000,,16628000000,,,11281000000,,67.04,,,,,,,,,,,,,,,,,,,,,,true,false,6,2022-04-01,2022-09-30,-1
2023-10-30,42720,2024-03-31,,202300000000,0.000,,,,,6000000000,-0.538,9700000000,-0.307,,5800000000,,34.98,,,,,,,,,,,,,,,,,,,,,,true,true,12,2023-04-01,2024-03-31,0
2023-10-30,42720,2023-03-31,,198380000000,,,,,,21505000000,,23025000000,,,14984000000,,89.36,,,,,,,,,,,,,,,,,,,,,,true,false,12,2022-04-01,2023-03-31,-1
2023-11-07,42720,2024-03-31,2,97908000000,-0.047,,,,,4767000000,-0.648,8313000000,-0.500,,6092000000,,36.74,36.72,,,,,349247000000,267540000000,0.763,,266546000000,,,,,,,,,,,,true,false,6,2023-04-01,2023-09-30,0
2023-11-07,42720,2023-03-31,2,102728000000,0.156,,,,,13559000000,0.244,16628000000,0.406,,11281000000,,67.04,67.02,,,,,,,,,,,,,,,,,,,,,true,false,6,2022-04-01,2022-09-30,-1
2023-11-07,42720,2024-03-31,2,202300000000,0.020,,,,,6000000000,-0.721,9700000000,-0.579,,5800000000,,34.98,,,,,,,,,,,,,,,,,,,,,,true,true,12,2023-04-01,2024-03-31,0
2023-11-07,42720,2023-03-31,2,,,,,,,,,,,,,,,,,,,,322858000000,255027000000,0.787,,254018000000,,,,,,,,,,,,true,false,12,2022-04-01,2023-03-31,-1
2023-11-07,42720,2023-03-31,2,,,,,,,,,,,,,,,,,,,,,,,,,,,,,45.00,,,,170503570,4732954,,false,false,12,2022-04-01,2023-03-31,-1
2023-11-07,42720,2024-03-31,2,,,,,,,,,,,,,,,,,,,,,,,,,,,,,22.50,,,,,,,false,false,12,2023-04-01,2024-03-31,0
2023-11-07,42720,2024-03-31,2,,,,,,,,,,,,,,,,,,,,,,,,,,,,,45.00,,,,,,,false,true,12,2023-04-01,2024-03-31,0
2023-11-07,42720,2024-03-31,2,,,,,,,,,,,,,,,,,,,,,,,,,,,,,,,,,170503570,4653807,165810085,false,false,6,2023-04-01,2023-09-30,0
2023-11-07,42720,2023-03-31,2,,,,,,,,,,,,,,,,,,,,,,,,,,,,,,,,,,,168274562,false,false,6,2022-04-01,2022-09-30,-1
2024-01-31,42720,2024-03-31,3,149753000000,-0.025,,,,,4111000000,-0.784,7473000000,-0.644,,2829000000,,17.06,17.04,,,,,351294000000,259911000000,0.737,,258932000000,,,,,,,,,,,,true,false,9,2023-04-01,2023-12-31,0
2024-01-31,42720,2023-03-31,3,153627000000,0.112,,,,,19062000000,0.099,20994000000,0.118,,15241000000,,90.62,90.60,,,,,,,,,,,,,,,,,,,,,true,false,9,2022-04-01,2022-12-31,-1
2024-01-31,42720,2024-03-31,3,202300000000,0.020,,,,,6000000000,-0.721,9700000000,-0.579,,5800000000,,34.98,,,,,,,,,,,,,,,,,,,,,,true,true,12,2023-04-01,2024-03-31,0
2024-01-31,42720,2023-03-31,3,,,,,,,,,,,,,,,,,,,,322858000000,255027000000,0.787,,254018000000,,,,,,,,,,,,true,false,12,2022-04-01,2023-03-31,-1
2024-01-31,42720,2023-03-31,3,,,,,,,,,,,,,,,,,,,,,,,,,,,,,45.00,,,,170503570,4732954,,false,false,12,2022-04-01,2023-03-31,-1
2024-01-31,42720,2024-03-31,3,,,,,,,,,,,,,,,,,,,,,,,,,,,,,22.50,,,,,,,false,false,12,2023-04-01,2024-03-31,0
2024-01-31,42720,2024-03-31,3,,,,,,,,,,,,,,,,,,,,,,,,,,,,,45.00,,,,,,,false,true,12,2023-04-01,2024-03-31,0
2024-01-31,42720,2024-03-31,3,,,,,,,,,,,,,,,,,,,,,,,,,,,,,,,,,170503570,4637972,165828613,false,false,9,2023-04-01,2023-12-31,0
2024-01-31,42720,2023-03-31,3,,,,,,,,,,,,,,,,,,,,,,,,,,,,,,,,,,,168186975,false,false,9,2022-04-01,2022-12-31,-1
2024-04-23,42720,2024-03-31,,201700000000,-0.003,,,,,7300000000,0.217,12600000000,0.299,,4100000000,,24.72,,,,,,,,,,,,,,,,,,,,,,true,true,12,2023-04-01,2024-03-31,0
2024-04-23,42720,2023-03-31,,198380000000,,,,,,21505000000,,23025000000,,,14984000000,,89.36,,,,,,,,,,,,,,,,,,,,,,true,false,12,2022-04-01,2023-03-31,-1
2024-05-13,42720,2024-03-31,,201791000000,0.017,,,,,7337000000,-0.659,12562000000,-0.454,,4113000000,,24.80,24.79,0.016,0.037,0.036,,363173000000,270548000000,0.742,1625.18,269560000000,23242000000,-19409000000,3823000000,64777000000,,1.814,,,,,,true,false,12,2023-04-01,2024-03-31,0
2024-05-13,42720,2023-03-31,,198380000000,0.073,,,,,21505000000,0.022,23025000000,-0.006,,14984000000,,89.36,89.33,0.060,0.072,0.108,,322858000000,255027000000,0.787,1532.35,254018000000,20039000000,-15158000000,-7950000000,53096000000,,0.504,,,,,,true,false,12,2022-04-01,2023-03-31,-1
2024-05-13,42720,2025-03-31,,102000000000,0.042,,,,,5450000000,0.143,5850000000,-0.296,,3450000000,,20.80,,,,,,,,,,,,,,,,,,,,,,true,true,6,2024-04-01,2024-09-30,1
2024-05-13,42720,2025-03-31,,210000000000,0.041,,,,,12500000000,0.704,13000000000,0.035,,9000000000,,54.26,,,,,,,,,,,,,,,,,,,,,,true,true,12,2024-04-01,2025-03-31,1
2024-05-13,42720,2024-03-31,,120527000000,-0.059,,,,,-3827000000,,4556000000,-0.736,-666000000,,,-4.02,,,,,,261647000000,185195000000,0.708,1116.51,185195000000,,,,,45.00,,,,170503570,4638700,165837724,false,false,12,2023-04-01,2024-03-31,0
2024-05-13,42720,2023-03-31,,128028000000,0.032,,,,,10501000000,-0.094,17240000000,0.072,12632000000,,0.002,75.33,,,,,,237521000000,185235000000,0.780,1117.38,185235000000,,,,,45.00,,,,170503570,4732954,167682359,false,false,12,2022-04-01,2023-03-31,-1
2024-05-13,42720,2025-03-31,,,,,,,,,,,,,,,,,,,,,,,,,,,,,,45.00,,,,,,,false,true,12,2024-04-01,2025-03-31,1
2024-07-31,42720,2025-03-31,1,53645000000,0.104,,,,,5570000000,1.386,7278000000,0.742,,3566000000,,21.52,21.52,,,,,375525000000,275690000000,0.731,,274638000000,,,,,,,,,,,,true,false,3,2024-04-01,2024-06-30,0
2024-07-31,42720,2024-03-31,1,48584000000,0.006,,,,,2333000000,-0.634,4179000000,-0.516,,2661000000,,16.06,16.04,,,,,,,,,,,,,,,,,,,,,true,false,3,2023-04-01,2023-06-30,-1
2024-07-31,42720,2025-03-31,1,108400000000,0.107,,,,,9000000000,0.888,10300000000,0.239,,4500000000,,27.50,,,,,,,,,,,,,,,,,,,,,,true,true,6,2024-04-01,2024-09-30,0
2024-07-31,42720,2025-03-31,1,220800000000,0.094,,,,,18100000000,1.467,19500000000,0.552,,12000000000,,73.32,,,,,,,,,,,,,,,,,,,,,,true,true,12,2024-04-01,2025-03-31,0
2024-07-31,42720,2024-03-31,1,,,,,,,,,,,,,,,,,,,,363173000000,270548000000,0.742,,269560000000,,,,,,,,,,,,true,false,12,2023-04-01,2024-03-31,-1
2024-07-31,42720,2024-03-31,1,,,,,,,,,,,,,,,,,,,,,,,,,,,,,45.00,,,,170503570,4638700,,false,false,12,2023-04-01,2024-03-31,-1
2024-07-31,42720,2025-03-31,1,,,,,,,,,,,,,,,,,,,,,,,,,,,,,45.00,,,,,,,false,true,12,2024-04-01,2025-03-31,0
2024-07-31,42720,2025-03-31,1,,,,,,,,,,,,,,,,,,,,,,,,,,,,,,,,,170503570,5048515,165728245,false,false,3,2024-04-01,2024-06-30,0
2024-07-31,42720,2024-03-31,1,,,,,,,,,,,,,,,,,,,,,,,,,,,,,,,,,,,165770312,false,false,3,2023-04-01,2023-06-30,-1
2024-11-11,42720,2025-03-31,2,109109000000,0.114,,,,,11160000000,1.341,11666000000,0.403,,5974000000,,36.21,36.20,,,,,356633000000,264202000000,0.738,,263244000000,,,,,,,,,,,,true,false,6,2024-04-01,2024-09-30,0
2024-11-11,42720,2024-03-31,2,97908000000,-0.047,,,,,4767000000,-0.648,8313000000,-0.500,,6092000000,,36.74,36.72,,,,,,,,,,,,,,,,,,,,,true,false,6,2023-04-01,2023-09-30,-1
2024-11-11,42720,2025-03-31,2,220300000000,0.092,,,,,19300000000,1.630,20100000000,0.600,,15300000000,,93.68,,,,,,,,,,,,,,,,,,,,,,true,true,12,2024-04-01,2025-03-31,0
2024-11-11,42720,2024-03-31,2,,,,,,,,,,,,,,,,,,,,363173000000,270548000000,0.742,,269560000000,,,,,,,,,,,,true,false,12,2023-04-01,2024-03-31,-1
2024-11-11,42720,2024-03-31,2,,,,,,,,,,,,,,,,,,,,,,,,,,,,,45.00,,,,170503570,4638700,,false,false,12,2023-04-01,2024-03-31,-1
2024-11-11,42720,2025-03-31,2,,,,,,,,,,,,,,,,,,,,,,,,,,,,,22.50,,,,,,,false,false,12,2024-04-01,2025-03-31,0
2024-11-11,42720,2025-03-31,2,,,,,,,,,,,,,,,,,,,,,,,,,,,,,45.00,,,,,,,false,true,12,2024-04-01,2025-03-31,0
2024-11-11,42720,2025-03-31,2,,,,,,,,,,,,,,,,,,,,,,,,,,,,,,,,,170503570,6924254,164990275,false,false,6,2024-04-01,2024-09-30,0
2024-11-11,42720,2024-03-31,2,,,,,,,,,,,,,,,,,,,,,,,,,,,,,,,,,,,165810085,false,false,6,2023-04-01,2023-09-30,-1
2025-02-03,42720,2025-03-31,3,167955000000,0.122,,,,,18114000000,3.406,21003000000,1.811,,13312000000,,81.02,81.00,,,,,378006000000,271883000000,0.717,,270842000000,,,,,,,,,,,,true,false,9,2024-04-01,2024-12-31,0
2025-02-03,42720,2024-03-31,3,149753000000,-0.025,,,,,4111000000,-0.784,7473000000,-0.644,,2829000000,,17.06,17.04,,,,,,,,,,,,,,,,,,,,,true,false,9,2023-04-01,2023-12-31,-1
2025-02-03,42720,2025-03-31,3,223700000000,0.109,,,,,21100000000,1.876,24100000000,0.918,,17900000000,,109.58,,,,,,,,,,,,,,,,,,,,,,true,true,12,2024-04-01,2025-03-31,0
2025-02-03,42720,2024-03-31,3,,,,,,,,,,,,,,,,,,,,363173000000,270548000000,0.742,,269560000000,,,,,,,,,,,,true,false,12,2023-04-01,2024-03-31,-1
2025-02-03,42720,2024-03-31,3,,,,,,,,,,,,,,,,,,,,,,,,,,,,,45.00,,,,170503570,4638700,,false,false,12,2023-04-01,2024-03-31,-1
2025-02-03,42720,2025-03-31,3,,,,,,,,,,,,,,,,,,,,,,,,,,,,,22.50,,,,,,,false,false,12,2024-04-01,2025-03-31,0
2025-02-03,42720,2025-03-31,3,,,,,,,,,,,,,,,,,,,,,,,,,,,,,60.00,,,,,,,false,true,12,2024-04-01,2025-03-31,0
2025-02-03,42720,2025-03-31,3,,,,,,,,,,,,,,,,,,,,,,,,,,,,,,,,,165003570,2871866,164312092,false,false,9,2024-04-01,2024-12-31,0
2025-02-03,42720,2024-03-31,3,,,,,,,,,,,,,,,,,,,,,,,,,,,,,,,,,,,165828613,false,false,9,2023-04-01,2023-12-31,-1
2025-05-13,42720,2025-03-31,,222584000000,0.103,,,,,20401000000,1.781,22266000000,0.773,,17508000000,,107.17,107.16,0.065,0.060,0.092,,373708000000,268520000000,0.716,1673.24,267528000000,25530000000,-27313000000,-4756000000,57926000000,,0.560,,,,,,true,false,12,2024-04-01,2025-03-31,0
2025-05-13,42720,2024-03-31,,201791000000,0.017,,,,,7337000000,-0.659,12562000000,-0.454,,4113000000,,24.80,24.79,0.016,0.037,0.036,,363173000000,270548000000,0.742,1625.18,269560000000,23242000000,-19409000000,3823000000,64777000000,,1.814,,,,,,true,false,12,2023-04-01,2024-03-31,-1
2025-05-13,42720,2026-03-31,,111700000000,0.024,,,,,9600000000,-0.140,9600000000,-0.177,,10000000000,,63.99,,,,,,,,,,,,,,,,,,,,,,true,true,6,2025-04-01,2025-09-30,1
2025-05-13,42720,2026-03-31,,234600000000,0.054,,,,,20000000000,-0.020,19700000000,-0.115,,17400000000,,113.60,,,,,,,,,,,,,,,,,,,,,,true,true,12,2025-04-01,2026-03-31,1
2025-05-13,42720,2025-03-31,,130472000000,0.083,,,,,4538000000,,12984000000,1.850,11379000000,,,69.65,,,,,,265421000000,177345000000,0.668,1109.15,177345000000,,,,,60.00,,,,165003570,5117318,163370767,false,false,12,2024-04-01,2025-03-31,0
2025-05-13,42720,2024-03-31,,120527000000,-0.059,,,,,-3827000000,,4556000000,-0.736,-666000000,,,-4.02,,,,,,261647000000,185195000000,0.708,1116.51,185195000000,,,,,45.00,,,,170503570,4638700,165837724,false,false,12,2023-04-01,2024-03-31,-1
2025-05-13,42720,2026-03-31,,,,,,,,,,,,,,,,,,,,,,,,,,,,,,60.00,,,,,,,false,true,12,2025-04-01,2026-03-31,1
2025-07-31,42720,2026-03-31,1,54758000000,0.021,,,,,4367000000,-0.216,4067000000,-0.441,,4292000000,,27.29,27.29,,,,,375501000000,261998000000,0.695,,261066000000,,,,,,,,,,,,true,false,3,2025-04-01,2025-06-30,0
2025-07-31,42720,2025-03-31,1,53645000000,0.104,,,,,5570000000,1.386,7278000000,0.742,,3566000000,,21.52,21.52,,,,,,,,,,,,,,,,,,,,,true,false,3,2024-04-01,2024-06-30,-1
2025-07-31,42720,2026-03-31,1,111700000000,0.024,,,,,9600000000,-0.140,9600000000,-0.177,,10000000000,,63.99,,,,,,,,,,,,,,,,,,,,,,true,true,6,2025-04-01,2025-09-30,0
2025-07-31,42720,2026-03-31,1,234600000000,0.054,,,,,20000000000,-0.020,19700000000,-0.115,,17400000000,,113.60,,,,,,,,,,,,,,,,,,,,,,true,true,12,2025-04-01,2026-03-31,0
2025-07-31,42720,2025-03-31,1,,,,,,,,,,,,,,,,,,,,373708000000,268520000000,0.716,,267528000000,,,,,,,,,,,,true,false,12,2024-04-01,2025-03-31,-1
2025-07-31,42720,2025-03-31,1,,,,,,,,,,,,,,,,,,,,,,,,,,,,,60.00,,,,165003570,5117318,,false,false,12,2024-04-01,2025-03-31,-1
2025-07-31,42720,2026-03-31,1,,,,,,,,,,,,,,,,,,,,,,,,,,,,,60.00,,,,,,,false,true,12,2025-04-01,2026-03-31,0
2025-07-31,42720,2026-03-31,1,,,,,,,,,,,,,,,,,,,,,,,,,,,,,,,,,160000000,4387416,157280496,false,false,3,2025-04-01,2025-06-30,0
2025-07-31,42720,2025-03-31,1,,,,,,,,,,,,,,,,,,,,,,,,,,,,,,,,,,,165728245,false,false,3,2024-04-01,2024-06-30,-1
