filing_date,code,fiscal_year_end,quarterly_period,net_sales,net_sales_change,revenue,revenue_change,operating_revenue,operating_revenue_change,operating_profit,operating_profit_change,ordinary_profit,ordinary_profit_change,net_income,net_income_of_parent,net_income_change,eps,diluted_eps,roe,roa,operating_profit_to_net_sales,operating_profit_to_revenue,total_assets,net_assets,equity_ratio,bps,owner_equity,operating_cash_flow,investing_cash_flow,financing_cash_flow,cash,dividend_per_share,payout_ratio,commemorative_dividend,extra_dividend,number_of_shares,number_of_treqsury_shares,avg_number_of_shares,is_consolidated,is_forecast,duration,period_start,period_end,period_pos
2015-05-15,42750,2015-03-31,,46109000000,0.158,,,,,1199000000,-0.248,1317000000,-0.215,1064000000,,-0.149,51.84,,0.054,0.030,0.026,,44999000000,20624000000,0.458,1020.60,20624000000,968000000,-1176000000,-289000000,2886000000,,0.193,,,,,,true,false,12,2014-04-01,2015-03-31,0
2015-05-15,42750,2014-03-31,,39834000000,,,,,,1594000000,,1677000000,,1251000000,,,60.76,,0.069,0.042,0.040,,43523000000,19004000000,0.437,922.98,19004000000,1829000000,-3678000000,2411000000,3341000000,,0.165,,,,,,true,false,12,2013-04-01,2014-03-31,-1
2015-05-15,42750,2016-03-31,,47000000000,0.019,,,,,1300000000,0.084,1400000000,0.063,,800000000,,38.97,,,,,,,,,,,,,,,,0.257,,,,,,true,true,12,2015-04-01,2016-03-31,1
2015-05-15,42750,2015-03-31,,,,,,2010000000,1.141,486000000,0.535,515000000,0.643,514000000,,0.632,25.07,,,,,,30408000000,18066000000,0.594,894.02,18066000000,,,,,10.00,,,,20600000,391772,20527050,false,false,12,2014-04-01,2015-03-31,0
2015-05-15,42750,2014-03-31,,,,,,938000000,,317000000,,314000000,,315000000,,,15.31,,,,,,18293000000,15584000000,0.852,756.85,15584000000,,,,,10.00,,,,20600000,9038,20592478,false,false,12,2013-04-01,2014-03-31,-1
2015-05-15,42750,2016-03-31,,,,,,,,,,,,,,,,,,,,,,,,,,,,,,10.00,,,,,,,false,true,12,2015-04-01,2016-03-31,1
2015-07-30,42750,2016-03-31,1,10720000000,0.005,,,,,-29000000,,17000000,,,-26000000,,-1.33,,,,,,44725000000,20788000000,0.465,1028.71,20788000000,,,,,,,,,,,,true,false,3,2015-04-01,2015-06-30,0
2015-07-30,42750,2015-03-31,1,10667000000,,,,,,-54000000,,-12000000,,,-71000000,,-3.50,,,,,,,,,,,,,,,,,,,,,,true,false,3,2014-04-01,2014-06-30,-1
2015-07-30,42750,2016-03-31,1,47000000000,0.019,,,,,1300000000,0.084,1400000000,0.063,,800000000,,38.97,,,,,,,,,,,,,,,,,,,,,,true,true,12,2015-04-01,2016-03-31,0
2015-07-30,42750,2015-03-31,1,,,,,,,,,,,,,,,,,,,,44999000000,20624000000,0.458,1020.60,20624000000,,,,,,,,,,,,true,false,12,2014-04-01,2015-03-31,-1
2015-07-30,42750,2015-03-31,1,,,,,,,,,,,,,,,,,,,,,,,,,,,,,10.00,,,,20600000,391772,,false,false,12,2014-04-01,2015-03-31,-1
2015-07-30,42750,2016-03-31,1,,,,,,,,,,,,,,,,,,,,,,,,,,,,,10.00,,,,,,,false,true,12,2015-04-01,2016-03-31,0
2015-07-30,42750,2016-03-31,1,,,,,,,,,,,,,,,,,,,,,,,,,,,,,,,,,20600000,391772,20208228,false,false,3,2015-04-01,2015-06-30,0
2015-07-30,42750,2015-03-31,1,,,,,,,,,,,,,,,,,,,,,,,,,,,,,,,,,,,20590945,false,false,3,2014-04-01,2014-06-30,-1
2015-10-30,42750,2016-03-31,2,22658000000,0.020,,,,,437000000,1.046,479000000,0.881,,266000000,,12.18,,,,,,45492000000,22533000000,0.495,952.46,22533000000,,,,,,,,,,,,true,false,6,2015-04-01,2015-09-30,0
2015-10-30,42750,2015-03-31,2,22219000000,,,,,,213000000,,254000000,,,283000000,,13.77,,,,,,,,,,,,,,,,,,,,,,true,false,6,2014-04-01,2014-09-30,-1
2015-10-30,42750,2016-03-31,2,47000000000,0.019,,,,,1300000000,0.084,1400000000,0.063,,800000000,,33.81,,,,,,,,,,,,,,,,,,,,,,true,true,12,2015-04-01,2016-03-31,0
2015-10-30,42750,2015-03-31,2,,,,,,,,,,,,,,,,,,,,44999000000,20624000000,0.458,1020.60,20624000000,,,,,,,,,,,,true,false,12,2014-04-01,2015-03-31,-1
2015-10-30,42750,2015-03-31,2,,,,,,,,,,,,,,,,,,,,,,,,,,,,,10.00,,,,20600000,391772,,false,false,12,2014-04-01,2015-03-31,-1
2015-10-30,42750,2016-03-31,2,,,,,,,,,,,,,,,,,,,,,,,,,,,,,10.00,,,,,,,false,true,12,2015-04-01,2016-03-31,0
2015-10-30,42750,2016-03-31,2,,,,,,,,,,,,,,,,,,,,,,,,,,,,,,,,,24050000,391846,21858191,false,false,6,2015-04-01,2015-09-30,0
2015-10-30,42750,2015-03-31,2,,,,,,,,,,,,,,,,,,,,,,,,,,,,,,,,,,,20590870,false,false,6,2014-04-01,2014-09-30,-1
2016-02-02,42750,2016-03-31,3,34139000000,0.027,,,,,799000000,0.344,878000000,0.271,,512000000,,22.80,,,,,,47721000000,23153000000,0.485,978.66,23153000000,,,,,,,,,,,,true,false,9,2015-04-01,2015-12-31,0
2016-02-02,42750,2015-03-31,3,33248000000,0.147,,,,,595000000,-0.355,691000000,-0.313,,516000000,,25.10,,,,,,,,,,,,,,,,,,,,,,true,false,9,2014-04-01,2014-12-31,-1
2016-02-02,42750,2016-03-31,3,47000000000,0.019,,,,,1300000000,0.084,1400000000,0.063,,800000000,,33.81,,,,,,,,,,,,,,,,,,,,,,true,true,12,2015-04-01,2016-03-31,0
2016-02-02,42750,2015-03-31,3,,,,,,,,,,,,,,,,,,,,44999000000,20624000000,0.458,1020.60,20624000000,,,,,,,,,,,,true,false,12,2014-04-01,2015-03-31,-1
2016-02-02,42750,2015-03-31,3,,,,,,,,,,,,,,,,,,,,,,,,,,,,,10.00,,,,20600000,391772,,false,false,12,2014-04-01,2015-03-31,-1
2016-02-02,42750,2016-03-31,3,,,,,,,,,,,,,,,,,,,,,,,,,,,,,10.00,,,,,,,false,true,12,2015-04-01,2016-03-31,0
2016-02-02,42750,2016-03-31,3,,,,,,,,,,,,,,,,,,,,,,,,,,,,,,,,,24050000,391912,22458171,false,false,9,2015-04-01,2015-12-31,0
2016-02-02,42750,2015-03-31,3,,,,,,,,,,,,,,,,,,,,,,,,,,,,,,,,,,,20590824,false,false,9,2014-04-01,2014-12-31,-1
2016-05-16,42750,2016-03-31,,46378000000,0.006,,,,,1250000000,0.042,1330000000,0.010,,754000000,,33.13,,0.035,0.029,0.027,,46728000000,22437000000,0.480,948.40,22437000000,2294000000,-795000000,424000000,4788000000,,0.302,,,,,,true,false,12,2015-04-01,2016-03-31,0
2016-05-16,42750,2015-03-31,,46109000000,0.158,,,,,1199000000,-0.248,1317000000,-0.215,,1064000000,,51.84,,0.054,0.030,0.026,,44999000000,20624000000,0.458,1020.60,20624000000,968000000,-1176000000,-289000000,2886000000,,0.193,,,,,,true,false,12,2014-04-01,2015-03-31,-1
2016-05-16,42750,2017-03-31,,51000000000,0.100,,,,,1200000000,-0.040,1300000000,-0.023,,650000000,,27.47,,,,,,,,,,,,,,,,0.364,,,,,,true,true,12,2016-04-01,2017-03-31,1
2016-05-16,42750,2016-03-31,,,,,,3436000000,0.709,1716000000,2.528,1799000000,2.487,1773000000,,2.446,77.94,,,,,,33307000000,21257000000,0.638,898.53,21257000000,,,,,10.00,,,,24050000,391926,22758147,false,false,12,2015-04-01,2016-03-31,0
2016-05-16,42750,2015-03-31,,,,,,2010000000,1.141,486000000,0.535,515000000,0.643,514000000,,0.632,25.07,,,,,,30408000000,18066000000,0.594,894.02,18066000000,,,,,10.00,,,,20600000,391772,20527050,false,false,12,2014-04-01,2015-03-31,-1
2016-05-16,42750,2017-03-31,,,,,,,,,,,,,,,,,,,,,,,,,,,,,,10.00,,,,,,,false,true,12,2016-04-01,2017-03-31,1
2016-07-29,42750,2017-03-31,1,11750000000,0.096,,,,,46000000,,101000000,4.953,,68000000,,2.89,,,,,,46896000000,22227000000,0.474,939.54,22227000000,,,,,,,,,,,,true,false,3,2016-04-01,2016-06-30,0
2016-07-29,42750,2016-03-31,1,10720000000,0.005,,,,,-29000000,,17000000,,,-26000000,,-1.33,,,,,,,,,,,,,,,,,,,,,,true,false,3,2015-04-01,2015-06-30,-1
2016-07-29,42750,2017-03-31,1,51000000000,0.100,,,,,1200000000,-0.040,1300000000,-0.023,,650000000,,27.47,,,,,,,,,,,,,,,,,,,,,,true,true,12,2016-04-01,2017-03-31,0
2016-07-29,42750,2016-03-31,1,,,,,,,,,,,,,,,,,,,,46728000000,22437000000,0.480,948.40,22437000000,,,,,,,,,,,,true,false,12,2015-04-01,2016-03-31,-1
2016-07-29,42750,2016-03-31,1,,,,,,,,,,,,,,,,,,,,,,,,,,,,,10.00,,,,24050000,391926,,false,false,12,2015-04-01,2016-03-31,-1
2016-07-29,42750,2017-03-31,1,,,,,,,,,,,,,,,,,,,,,,,,,,,,,10.00,,,,,,,false,true,12,2016-04-01,2017-03-31,0
2016-07-29,42750,2017-03-31,1,,,,,,,,,,,,,,,,,,,,,,,,,,,,,,,,,24050000,391926,23658074,false,false,3,2016-04-01,2016-06-30,0
2016-07-29,42750,2016-03-31,1,,,,,,,,,,,,,,,,,,,,,,,,,,,,,,,,,,,20208228,false,false,3,2015-04-01,2015-06-30,-1
2016-10-31,42750,2017-03-31,2,23831000000,0.052,,,,,393000000,-0.101,443000000,-0.074,,254000000,,10.77,,,,,,47220000000,22742000000,0.482,960.80,22742000000,,,,,,,,,,,,true,false,6,2016-04-01,2016-09-30,0
2016-10-31,42750,2016-03-31,2,22658000000,0.020,,,,,437000000,1.046,479000000,0.881,,266000000,,12.18,,,,,,,,,,,,,,,,,,,,,,true,false,6,2015-04-01,2015-09-30,-1
2016-10-31,42750,2017-03-31,2,51000000000,0.100,,,,,1200000000,-0.040,1300000000,-0.023,,650000000,,27.47,,,,,,,,,,,,,,,,,,,,,,true,true,12,2016-04-01,2017-03-31,0
2016-10-31,42750,2016-03-31,2,,,,,,,,,,,,,,,,,,,,46728000000,22437000000,0.480,948.40,22437000000,,,,,,,,,,,,true,false,12,2015-04-01,2016-03-31,-1
2016-10-31,42750,2016-03-31,2,,,,,,,,,,,,,,,,,,,,,,,,,,,,,10.00,,,,24050000,391926,,false,false,12,2015-04-01,2016-03-31,-1
2016-10-31,42750,2017-03-31,2,,,,,,,,,,,,,,,,,,,,,,,,,,,,,10.00,,,,,,,false,true,12,2016-04-01,2017-03-31,0
2016-10-31,42750,2017-03-31,2,,,,,,,,,,,,,,,,,,,,,,,,,,,,,,,,,24050000,379726,23664174,false,false,6,2016-04-01,2016-09-30,0
2016-10-31,42750,2016-03-31,2,,,,,,,,,,,,,,,,,,,,,,,,,,,,,,,,,,,21858191,false,false,6,2015-04-01,2015-09-30,-1
2017-02-02,42750,2017-03-31,3,35721000000,0.046,,,,,816000000,0.021,938000000,0.068,,530000000,,22.40,,,,,,49848000000,23665000000,0.475,999.78,23665000000,,,,,,,,,,,,true,false,9,2016-04-01,2016-12-31,0
2017-02-02,42750,2016-03-31,3,34139000000,0.027,,,,,799000000,0.344,878000000,0.271,,512000000,,22.80,,,,,,,,,,,,,,,,,,,,,,true,false,9,2015-04-01,2015-12-31,-1
2017-02-02,42750,2017-03-31,3,51000000000,0.100,,,,,1200000000,-0.040,1300000000,-0.023,,650000000,,27.47,,,,,,,,,,,,,,,,,,,,,,true,true,12,2016-04-01,2017-03-31,0
2017-02-02,42750,2016-03-31,3,,,,,,,,,,,,,,,,,,,,46728000000,22437000000,0.480,948.40,22437000000,,,,,,,,,,,,true,false,12,2015-04-01,2016-03-31,-1
2017-02-02,42750,2016-03-31,3,,,,,,,,,,,,,,,,,,,,,,,,,,,,,10.00,,,,24050000,391926,,false,false,12,2015-04-01,2016-03-31,-1
2017-02-02,42750,2017-03-31,3,,,,,,,,,,,,,,,,,,,,,,,,,,,,,10.00,,,,,,,false,true,12,2016-04-01,2017-03-31,0
2017-02-02,42750,2017-03-31,3,,,,,,,,,,,,,,,,,,,,,,,,,,,,,,,,,24050000,379726,23666207,false,false,9,2016-04-01,2016-12-31,0
2017-02-02,42750,2016-03-31,3,,,,,,,,,,,,,,,,,,,,,,,,,,,,,,,,,,,22458171,false,false,9,2015-04-01,2015-12-31,-1
2017-05-15,42750,2017-03-31,,47767000000,0.030,,,,,1351000000,0.081,1439000000,0.082,,765000000,,32.33,,0.033,0.030,0.028,,49438000000,23920000000,0.484,1010.55,23920000000,2384000000,-2871000000,-137000000,4131000000,,0.309,,,,,,true,false,12,2016-04-01,2017-03-31,0
2017-05-15,42750,2016-03-31,,46378000000,0.006,,,,,1250000000,0.042,1330000000,0.010,,754000000,,33.13,,0.035,0.029,0.027,,46728000000,22437000000,0.480,948.40,22437000000,2294000000,-795000000,424000000,4788000000,,0.302,,,,,,true,false,12,2015-04-01,2016-03-31,-1
2017-05-15,42750,2018-03-31,,51000000000,0.068,,,,,1500000000,0.110,1550000000,0.077,,850000000,,35.91,,,,,,,,,,,,,,,,0.278,,,,,,true,true,12,2017-04-01,2018-03-31,1
2017-05-15,42750,2017-03-31,,,,,,2986000000,-0.131,951000000,-0.446,1071000000,-0.404,1030000000,,-0.419,43.54,,,,,,35972000000,22971000000,0.639,970.48,22971000000,,,,,10.00,,,,24050000,379742,23667220,false,false,12,2016-04-01,2017-03-31,0
2017-05-15,42750,2016-03-31,,,,,,3436000000,0.709,1716000000,2.528,1799000000,2.487,1773000000,,2.446,77.94,,,,,,33307000000,21257000000,0.638,898.53,21257000000,,,,,10.00,,,,24050000,391926,22758147,false,false,12,2015-04-01,2016-03-31,-1
2017-05-15,42750,2018-03-31,,,,,,,,,,,,,,,,,,,,,,,,,,,,,,10.00,,,,,,,false,true,12,2017-04-01,2018-03-31,1
2017-07-31,42750,2018-03-31,1,11949000000,0.017,,,,,229000000,3.984,311000000,2.079,,207000000,,8.75,,,,,,49948000000,24328000000,0.487,1027.82,24328000000,,,,,,,,,,,,true,false,3,2017-04-01,2017-06-30,0
2017-07-31,42750,2017-03-31,1,11750000000,0.096,,,,,46000000,,101000000,4.953,,68000000,,2.89,,,,,,,,,,,,,,,,,,,,,,true,false,3,2016-04-01,2016-06-30,-1
2017-07-31,42750,2018-03-31,1,51000000000,0.068,,,,,1500000000,0.110,1550000000,0.077,,850000000,,35.91,,,,,,,,,,,,,,,,,,,,,,true,true,12,2017-04-01,2018-03-31,0
2017-07-31,42750,2017-03-31,1,,,,,,,,,,,,,,,,,,,,49438000000,23920000000,0.484,1010.55,23920000000,,,,,,,,,,,,true,false,12,2016-04-01,2017-03-31,-1
2017-07-31,42750,2017-03-31,1,,,,,,,,,,,,,,,,,,,,,,,,,,,,,10.00,,,,24050000,379742,,false,false,12,2016-04-01,2017-03-31,-1
2017-07-31,42750,2018-03-31,1,,,,,,,,,,,,,,,,,,,,,,,,,,,,,10.00,,,,,,,false,true,12,2017-04-01,2018-03-31,0
2017-07-31,42750,2018-03-31,1,,,,,,,,,,,,,,,,,,,,,,,,,,,,,,,,,24050000,379773,23670248,false,false,3,2017-04-01,2017-06-30,0
2017-07-31,42750,2017-03-31,1,,,,,,,,,,,,,,,,,,,,,,,,,,,,,,,,,,,23658074,false,false,3,2016-04-01,2016-06-30,-1
2017-10-31,42750,2018-03-31,2,24964000000,0.048,,,,,674000000,0.714,777000000,0.751,,518000000,,21.89,,,,,,52752000000,24949000000,0.473,1053.89,24949000000,,,,,,,,,,,,true,false,6,2017-04-01,2017-09-30,0
2017-10-31,42750,2017-03-31,2,23831000000,0.052,,,,,393000000,-0.101,443000000,-0.074,,254000000,,10.77,,,,,,,,,,,,,,,,,,,,,,true,false,6,2016-04-01,2016-09-30,-1
2017-10-31,42750,2018-03-31,2,51000000000,0.068,,,,,1900000000,0.406,2000000000,0.389,,1200000000,,50.69,,,,,,,,,,,,,,,,,,,,,,true,true,12,2017-04-01,2018-03-31,0
2017-10-31,42750,2017-03-31,2,,,,,,,,,,,,,,,,,,,,49438000000,23920000000,0.484,1010.55,23920000000,,,,,,,,,,,,true,false,12,2016-04-01,2017-03-31,-1
2017-10-31,42750,2017-03-31,2,,,,,,,,,,,,,,,,,,,,,,,,,,,,,10.00,,,,24050000,379742,,false,false,12,2016-04-01,2017-03-31,-1
2017-10-31,42750,2018-03-31,2,,,,,,,,,,,,,,,,,,,,,,,,,,,,,10.00,,,,,,,false,true,12,2017-04-01,2018-03-31,0
2017-10-31,42750,2018-03-31,2,,,,,,,,,,,,,,,,,,,,,,,,,,,,,,,,,24050000,375873,23672187,false,false,6,2017-04-01,2017-09-30,0
2017-10-31,42750,2017-03-31,2,,,,,,,,,,,,,,,,,,,,,,,,,,,,,,,,,,,23664174,false,false,6,2016-04-01,2016-09-30,-1
2018-02-02,42750,2018-03-31,3,37904000000,0.061,,,,,1216000000,0.489,1401000000,0.494,,972000000,,41.09,,,,,,52615000000,25604000000,0.487,1081.55,25604000000,,,,,,,,,,,,true,false,9,2017-04-01,2017-12-31,0
2018-02-02,42750,2017-03-31,3,35721000000,0.046,,,,,816000000,0.021,938000000,0.068,,530000000,,22.40,,,,,,,,,,,,,,,,,,,,,,true,false,9,2016-04-01,2016-12-31,-1
2018-02-02,42750,2018-03-31,3,51000000000,0.068,,,,,1900000000,0.406,2000000000,0.389,,1200000000,,50.69,,,,,,,,,,,,,,,,,,,,,,true,true,12,2017-04-01,2018-03-31,0
2018-02-02,42750,2017-03-31,3,,,,,,,,,,,,,,,,,,,,49438000000,23920000000,0.484,1010.55,23920000000,,,,,,,,,,,,true,false,12,2016-04-01,2017-03-31,-1
2018-02-02,42750,2017-03-31,3,,,,,,,,,,,,,,,,,,,,,,,,,,,,,10.00,,,,24050000,379742,,false,false,12,2016-04-01,2017-03-31,-1
2018-02-02,42750,2018-03-31,3,,,,,,,,,,,,,,,,,,,,,,,,,,,,,10.00,,,,,,,false,true,12,2017-04-01,2018-03-31,0
2018-02-02,42750,2018-03-31,3,,,,,,,,,,,,,,,,,,,,,,,,,,,,,,,,,24050000,375873,23672834,false,false,9,2017-04-01,2017-12-31,0
2018-02-02,42750,2017-03-31,3,,,,,,,,,,,,,,,,,,,,,,,,,,,,,,,,,,,23666207,false,false,9,2016-04-01,2016-12-31,-1
2018-05-15,42750,2018-03-31,,51785000000,0.084,,,,,2028000000,0.501,2176000000,0.512,,1506000000,,63.65,,0.061,0.042,0.039,,54461000000,25688000000,0.472,1085.11,25688000000,2880000000,-1633000000,-1155000000,4222000000,,0.189,,,,,,true,false,12,2017-04-01,2018-03-31,0
2018-05-15,42750,2017-03-31,,47767000000,0.030,,,,,1351000000,0.081,1439000000,0.082,,765000000,,32.33,,0.033,0.030,0.028,,49438000000,23920000000,0.484,1010.55,23920000000,2384000000,-2871000000,-137000000,4131000000,,0.309,,,,,,true,false,12,2016-04-01,2017-03-31,-1
2018-05-15,42750,2019-03-31,,54000000000,0.043,,,,,2400000000,0.183,2500000000,0.149,,1500000000,,63.36,,,,,,,,,,,,,,,,0.189,,,,,,true,true,12,2018-04-01,2019-03-31,1
2018-05-15,42750,2018-03-31,,,,,,3058000000,0.024,1012000000,0.064,1159000000,0.082,1093000000,,0.061,46.18,,,,,,36944000000,24191000000,0.655,1021.85,24191000000,,,,,12.00,,,,24050000,375873,23673157,false,false,12,2017-04-01,2018-03-31,0
2018-05-15,42750,2017-03-31,,,,,,2986000000,-0.131,951000000,-0.446,1071000000,-0.404,1030000000,,-0.419,43.54,,,,,,35972000000,22971000000,0.639,970.48,22971000000,,,,,10.00,,,,24050000,379742,23667220,false,false,12,2016-04-01,2017-03-31,-1
2018-05-15,42750,2019-03-31,,,,,,,,,,,,,,,,,,,,,,,,,,,,,,12.00,,,,,,,false,true,12,2018-04-01,2019-03-31,1
2018-07-31,42750,2019-03-31,1,12471000000,0.044,,,,,351000000,0.528,458000000,0.470,,288000000,,12.17,,,,,,55565000000,25939000000,0.467,1095.68,25939000000,,,,,,,,,,,,true,false,3,2018-04-01,2018-06-30,0
2018-07-31,42750,2018-03-31,1,11949000000,0.017,,,,,229000000,3.984,311000000,2.079,,207000000,,8.75,,,,,,,,,,,,,,,,,,,,,,true,false,3,2017-04-01,2017-06-30,-1
2018-07-31,42750,2019-03-31,1,54000000000,0.043,,,,,2400000000,0.183,2500000000,0.149,,1500000000,,63.36,,,,,,,,,,,,,,,,,,,,,,true,true,12,2018-04-01,2019-03-31,0
2018-07-31,42750,2018-03-31,1,,,,,,,,,,,,,,,,,,,,54208000000,25688000000,0.474,1085.11,25688000000,,,,,,,,,,,,true,false,12,2017-04-01,2018-03-31,-1
2018-07-31,42750,2018-03-31,1,,,,,,,,,,,,,,,,,,,,,,,,,,,,,12.00,,,,24050000,375873,,false,false,12,2017-04-01,2018-03-31,-1
2018-07-31,42750,2019-03-31,1,,,,,,,,,,,,,,,,,,,,,,,,,,,,,12.00,,,,,,,false,true,12,2018-04-01,2019-03-31,0
2018-07-31,42750,2019-03-31,1,,,,,,,,,,,,,,,,,,,,,,,,,,,,,,,,,24050000,375873,23674127,false,false,3,2018-04-01,2018-06-30,0
2018-07-31,42750,2018-03-31,1,,,,,,,,,,,,,,,,,,,,,,,,,,,,,,,,,,,23670248,false,false,3,2017-04-01,2017-06-30,-1
2018-10-31,42750,2019-03-31,2,26525000000,0.063,,,,,1029000000,0.527,1161000000,0.495,,726000000,,30.67,,,,,,55035000000,26801000000,0.487,1132.09,26801000000,,,,,,,,,,,,true,false,6,2018-04-01,2018-09-30,0
2018-10-31,42750,2018-03-31,2,24964000000,0.048,,,,,674000000,0.714,777000000,0.751,,518000000,,21.89,,,,,,,,,,,,,,,,,,,,,,true,false,6,2017-04-01,2017-09-30,-1
2018-10-31,42750,2019-03-31,2,54000000000,0.043,,,,,2400000000,0.183,2500000000,0.149,,1500000000,,63.36,,,,,,,,,,,,,,,,,,,,,,true,true,12,2018-04-01,2019-03-31,0
2018-10-31,42750,2018-03-31,2,,,,,,,,,,,,,,,,,,,,54208000000,25688000000,0.474,1085.11,25688000000,,,,,,,,,,,,true,false,12,2017-04-01,2018-03-31,-1
2018-10-31,42750,2018-03-31,2,,,,,,,,,,,,,,,,,,,,,,,,,,,,,12.00,,,,24050000,375873,,false,false,12,2017-04-01,2018-03-31,-1
2018-10-31,42750,2019-03-31,2,,,,,,,,,,,,,,,,,,,,,,,,,,,,,12.00,,,,,,,false,true,12,2018-04-01,2019-03-31,0
2018-10-31,42750,2019-03-31,2,,,,,,,,,,,,,,,,,,,,,,,,,,,,,,,,,24050000,375946,23674100,false,false,6,2018-04-01,2018-09-30,0
2018-10-31,42750,2018-03-31,2,,,,,,,,,,,,,,,,,,,,,,,,,,,,,,,,,,,23672187,false,false,6,2017-04-01,2017-09-30,-1
2019-02-01,42750,2019-03-31,3,40276000000,0.063,,,,,1725000000,0.418,1945000000,0.389,,1310000000,,55.35,,,,,,53244000000,26385000000,0.496,1114.52,26385000000,,,,,,,,,,,,true,false,9,2018-04-01,2018-12-31,0
2019-02-01,42750,2018-03-31,3,37904000000,0.061,,,,,1216000000,0.489,1401000000,0.494,,972000000,,41.09,,,,,,,,,,,,,,,,,,,,,,true,false,9,2017-04-01,2017-12-31,-1
2019-02-01,42750,2019-03-31,3,54000000000,0.043,,,,,2400000000,0.183,2500000000,0.149,,1500000000,,63.36,,,,,,,,,,,,,,,,,,,,,,true,true,12,2018-04-01,2019-03-31,0
2019-02-01,42750,2018-03-31,3,,,,,,,,,,,,,,,,,,,,54208000000,25688000000,0.474,1085.11,25688000000,,,,,,,,,,,,true,false,12,2017-04-01,2018-03-31,-1
2019-02-01,42750,2018-03-31,3,,,,,,,,,,,,,,,,,,,,,,,,,,,,,12.00,,,,24050000,375873,,false,false,12,2017-04-01,2018-03-31,-1
2019-02-01,42750,2019-03-31,3,,,,,,,,,,,,,,,,,,,,,,,,,,,,,12.00,,,,,,,false,true,12,2018-04-01,2019-03-31,0
2019-02-01,42750,2019-03-31,3,,,,,,,,,,,,,,,,,,,,,,,,,,,,,,,,,24050000,375996,23674068,false,false,9,2018-04-01,2018-12-31,0
2019-02-01,42750,2018-03-31,3,,,,,,,,,,,,,,,,,,,,,,,,,,,,,,,,,,,23672834,false,false,9,2017-04-01,2017-12-31,-1
2019-05-15,42750,2019-03-31,,54049000000,0.044,,,,,2328000000,0.148,2551000000,0.172,,1579000000,,66.70,,0.060,0.047,0.043,,53712000000,26752000000,0.498,1130.06,26752000000,2848000000,-1832000000,-953000000,4286000000,,0.180,,,,,,true,false,12,2018-04-01,2019-03-31,0
2019-05-15,42750,2018-03-31,,51785000000,0.084,,,,,2028000000,0.501,2176000000,0.512,,1506000000,,63.65,,0.061,0.042,0.039,,54208000000,25688000000,0.474,1085.11,25688000000,2880000000,-1633000000,-1155000000,4222000000,,0.189,,,,,,true,false,12,2017-04-01,2018-03-31,-1
2019-05-15,42750,2020-03-31,,54000000000,-0.001,,,,,2200000000,-0.055,2350000000,-0.079,,1600000000,,67.58,,,,,,,,,,,,,,,,0.178,,,,,,true,true,12,2019-04-01,2020-03-31,1
2019-05-15,42750,2019-03-31,,,,,,3629000000,0.187,1647000000,0.627,1818000000,0.568,1811000000,,0.657,76.52,,,,,,37819000000,25600000000,0.677,1081.39,25600000000,,,,,12.00,,,,24050000,376040,23674044,false,false,12,2018-04-01,2019-03-31,0
2019-05-15,42750,2018-03-31,,,,,,3058000000,0.024,1012000000,0.064,1159000000,0.082,1093000000,,0.061,46.18,,,,,,36944000000,24191000000,0.655,1021.85,24191000000,,,,,12.00,,,,24050000,375873,23673157,false,false,12,2017-04-01,2018-03-31,-1
2019-05-15,42750,2020-03-31,,,,,,,,,,,,,,,,,,,,,,,,,,,,,,12.00,,,,,,,false,true,12,2019-04-01,2020-03-31,1
2019-07-31,42750,2020-03-31,1,12467000000,0.000,,,,,241000000,-0.313,344000000,-0.249,,195000000,,8.25,,,,,,53746000000,26564000000,0.494,1122.08,26564000000,,,,,,,,,,,,true,false,3,2019-04-01,2019-06-30,0
2019-07-31,42750,2019-03-31,1,12471000000,0.044,,,,,351000000,0.528,458000000,0.470,,288000000,,12.17,,,,,,,,,,,,,,,,,,,,,,true,false,3,2018-04-01,2018-06-30,-1
2019-07-31,42750,2020-03-31,1,54000000000,-0.001,,,,,2200000000,-0.055,2350000000,-0.079,,1600000000,,67.58,,,,,,,,,,,,,,,,,,,,,,true,true,12,2019-04-01,2020-03-31,0
2019-07-31,42750,2019-03-31,1,,,,,,,,,,,,,,,,,,,,53712000000,26752000000,0.498,1130.06,26752000000,,,,,,,,,,,,true,false,12,2018-04-01,2019-03-31,-1
2019-07-31,42750,2019-03-31,1,,,,,,,,,,,,,,,,,,,,,,,,,,,,,12.00,,,,24050000,376040,,false,false,12,2018-04-01,2019-03-31,-1
2019-07-31,42750,2020-03-31,1,,,,,,,,,,,,,,,,,,,,,,,,,,,,,12.00,,,,,,,false,true,12,2019-04-01,2020-03-31,0
2019-07-31,42750,2020-03-31,1,,,,,,,,,,,,,,,,,,,,,,,,,,,,,,,,,24050000,376064,23673952,false,false,3,2019-04-01,2019-06-30,0
2019-07-31,42750,2019-03-31,1,,,,,,,,,,,,,,,,,,,,,,,,,,,,,,,,,,,23674127,false,false,3,2018-04-01,2018-06-30,-1
2019-10-31,42750,2020-03-31,2,24228000000,-0.087,,,,,582000000,-0.434,699000000,-0.398,,241000000,,10.19,,,,,,49861000000,26180000000,0.525,1104.75,26180000000,,,,,,,,,,,,true,false,6,2019-04-01,2019-09-30,0
2019-10-31,42750,2019-03-31,2,26525000000,0.063,,,,,1029000000,0.527,1161000000,0.495,,726000000,,30.67,,,,,,,,,,,,,,,,,,,,,,true,false,6,2018-04-01,2018-09-30,-1
2019-10-31,42750,2020-03-31,2,50000000000,-0.075,,,,,1750000000,-0.248,1900000000,-0.255,,900000000,,38.02,,,,,,,,,,,,,,,,,,,,,,true,true,12,2019-04-01,2020-03-31,0
2019-10-31,42750,2019-03-31,2,,,,,,,,,,,,,,,,,,,,53712000000,26752000000,0.498,1130.06,26752000000,,,,,,,,,,,,true,false,12,2018-04-01,2019-03-31,-1
2019-10-31,42750,2019-03-31,2,,,,,,,,,,,,,,,,,,,,,,,,,,,,,12.00,,,,24050000,376040,,false,false,12,2018-04-01,2019-03-31,-1
2019-10-31,42750,2020-03-31,2,,,,,,,,,,,,,,,,,,,,,,,,,,,,,12.00,,,,,,,false,true,12,2019-04-01,2020-03-31,0
2019-10-31,42750,2020-03-31,2,,,,,,,,,,,,,,,,,,,,,,,,,,,,,,,,,24050000,351964,23685994,false,false,6,2019-04-01,2019-09-30,0
2019-10-31,42750,2019-03-31,2,,,,,,,,,,,,,,,,,,,,,,,,,,,,,,,,,,,23674100,false,false,6,2018-04-01,2018-09-30,-1
2020-02-03,42750,2020-03-31,3,36481000000,-0.094,,,,,1097000000,-0.364,1280000000,-0.342,,477000000,,20.15,,,,,,51620000000,26837000000,0.520,1132.46,26837000000,,,,,,,,,,,,true,false,9,2019-04-01,2019-12-31,0
2020-02-03,42750,2019-03-31,3,40276000000,0.063,,,,,1725000000,0.418,1945000000,0.389,,1310000000,,55.35,,,,,,,,,,,,,,,,,,,,,,true,false,9,2018-04-01,2018-12-31,-1
2020-02-03,42750,2020-03-31,3,50000000000,-0.075,,,,,1750000000,-0.248,1900000000,-0.255,,900000000,,38.02,,,,,,,,,,,,,,,,,,,,,,true,true,12,2019-04-01,2020-03-31,0
2020-02-03,42750,2019-03-31,3,,,,,,,,,,,,,,,,,,,,53712000000,26752000000,0.498,1130.06,26752000000,,,,,,,,,,,,true,false,12,2018-04-01,2019-03-31,-1
2020-02-03,42750,2019-03-31,3,,,,,,,,,,,,,,,,,,,,,,,,,,,,,12.00,,,,24050000,376040,,false,false,12,2018-04-01,2019-03-31,-1
2020-02-03,42750,2020-03-31,3,,,,,,,,,,,,,,,,,,,,,,,,,,,,,12.00,,,,,,,false,true,12,2019-04-01,2020-03-31,0
2020-02-03,42750,2020-03-31,3,,,,,,,,,,,,,,,,,,,,,,,,,,,,,,,,,24050000,351964,23690008,false,false,9,2019-04-01,2019-12-31,0
2020-02-03,42750,2019-03-31,3,,,,,,,,,,,,,,,,,,,,,,,,,,,,,,,,,,,23674068,false,false,9,2018-04-01,2018-12-31,-1
2020-05-22,42750,2020-03-31,,49745000000,-0.080,,,,,1599000000,-0.313,1732000000,-0.321,,690000000,,29.14,,0.026,0.034,0.032,,48924000000,26209000000,0.536,1106.00,26209000000,2899000000,-1145000000,-1424000000,4622000000,,0.412,,,,,,true,false,12,2019-04-01,2020-03-31,0
2020-05-22,42750,2019-03-31,,54049000000,0.044,,,,,2328000000,0.148,2551000000,0.172,,1579000000,,66.70,,0.060,0.047,0.043,,53712000000,26752000000,0.498,1130.06,26752000000,2848000000,-1832000000,-953000000,4286000000,,0.180,,,,,,true,false,12,2018-04-01,2019-03-31,-1
2020-05-22,42750,2021-03-31,,47000000000,-0.055,,,,,1500000000,-0.062,1600000000,-0.076,,1000000000,,42.21,,,,,,,,,,,,,,,,0.284,,,,,,true,true,12,2020-04-01,2021-03-31,1
2020-05-22,42750,2020-03-31,,,,,,3431000000,-0.055,1470000000,-0.108,1675000000,-0.078,1007000000,,-0.444,42.54,,,,,,36660000000,25466000000,0.695,1074.64,25466000000,,,,,12.00,,,,24050000,351964,23692015,false,false,12,2019-04-01,2020-03-31,0
2020-05-22,42750,2019-03-31,,,,,,3629000000,0.187,1647000000,0.627,1818000000,0.568,1811000000,,0.657,76.52,,,,,,37819000000,25600000000,0.677,1081.39,25600000000,,,,,12.00,,,,24050000,376040,23674044,false,false,12,2018-04-01,2019-03-31,-1
2020-05-22,42750,2021-03-31,,,,,,,,,,,,,,,,,,,,,,,,,,,,,,12.00,,,,,,,false,true,12,2020-04-01,2021-03-31,1
2020-07-31,42750,2021-03-31,1,9982000000,-0.199,,,,,-123000000,,-32000000,,,-115000000,,-4.89,,,,,,48679000000,26087000000,0.536,1100.84,26087000000,,,,,,,,,,,,true,false,3,2020-04-01,2020-06-30,0
2020-07-31,42750,2020-03-31,1,12467000000,0.000,,,,,241000000,-0.313,344000000,-0.249,,195000000,,8.25,,,,,,,,,,,,,,,,,,,,,,true,false,3,2019-04-01,2019-06-30,-1
2020-07-31,42750,2021-03-31,1,47000000000,-0.055,,,,,1500000000,-0.062,1600000000,-0.076,,1000000000,,42.21,,,,,,,,,,,,,,,,,,,,,,true,true,12,2020-04-01,2021-03-31,0
2020-07-31,42750,2020-03-31,1,,,,,,,,,,,,,,,,,,,,48924000000,26209000000,0.536,1106.00,26209000000,,,,,,,,,,,,true,false,12,2019-04-01,2020-03-31,-1
2020-07-31,42750,2020-03-31,1,,,,,,,,,,,,,,,,,,,,,,,,,,,,,12.00,,,,24050000,351964,,false,false,12,2019-04-01,2020-03-31,-1
2020-07-31,42750,2021-03-31,1,,,,,,,,,,,,,,,,,,,,,,,,,,,,,12.00,,,,,,,false,true,12,2020-04-01,2021-03-31,0
2020-07-31,42750,2021-03-31,1,,,,,,,,,,,,,,,,,,,,,,,,,,,,,,,,,24050000,351964,23698036,false,false,3,2020-04-01,2020-06-30,0
2020-07-31,42750,2020-03-31,1,,,,,,,,,,,,,,,,,,,,,,,,,,,,,,,,,,,23673952,false,false,3,2019-04-01,2019-06-30,-1
2020-10-30,42750,2021-03-31,2,21116000000,-0.128,,,,,205000000,-0.647,313000000,-0.552,,135000000,,5.70,,,,,,47823000000,26651000000,0.557,1120.90,26651000000,,,,,,,,,,,,true,false,6,2020-04-01,2020-09-30,0
2020-10-30,42750,2020-03-31,2,24228000000,-0.087,,,,,582000000,-0.434,699000000,-0.398,,241000000,,10.19,,,,,,,,,,,,,,,,,,,,,,true,false,6,2019-04-01,2019-09-30,-1
2020-10-30,42750,2021-03-31,2,47000000000,-0.055,,,,,1500000000,-0.062,1600000000,-0.076,,1000000000,,42.21,,,,,,,,,,,,,,,,,,,,,,true,true,12,2020-04-01,2021-03-31,0
2020-10-30,42750,2020-03-31,2,,,,,,,,,,,,,,,,,,,,48924000000,26209000000,0.536,1106.00,26209000000,,,,,,,,,,,,true,false,12,2019-04-01,2020-03-31,-1
2020-10-30,42750,2020-03-31,2,,,,,,,,,,,,,,,,,,,,,,,,,,,,,12.00,,,,24050000,351964,,false,false,12,2019-04-01,2020-03-31,-1
2020-10-30,42750,2021-03-31,2,,,,,,,,,,,,,,,,,,,,,,,,,,,,,12.00,,,,,,,false,true,12,2020-04-01,2021-03-31,0
2020-10-30,42750,2021-03-31,2,,,,,,,,,,,,,,,,,,,,,,,,,,,,,,,,,24050000,273266,23737385,false,false,6,2020-04-01,2020-09-30,0
2020-10-30,42750,2020-03-31,2,,,,,,,,,,,,,,,,,,,,,,,,,,,,,,,,,,,23685994,false,false,6,2019-04-01,2019-09-30,-1
2021-02-03,42750,2021-03-31,3,32710000000,-0.103,,,,,768000000,-0.300,927000000,-0.276,,611000000,,25.76,,,,,,50727000000,27711000000,0.546,1165.48,27711000000,,,,,,,,,,,,true,false,9,2020-04-01,2020-12-31,0
2021-02-03,42750,2020-03-31,3,36481000000,-0.094,,,,,1097000000,-0.364,1280000000,-0.342,,477000000,,20.15,,,,,,,,,,,,,,,,,,,,,,true,false,9,2019-04-01,2019-12-31,-1
2021-02-03,42750,2021-03-31,3,47000000000,-0.055,,,,,1500000000,-0.062,1600000000,-0.076,,1000000000,,42.21,,,,,,,,,,,,,,,,,,,,,,true,true,12,2020-04-01,2021-03-31,0
2021-02-03,42750,2020-03-31,3,,,,,,,,,,,,,,,,,,,,48924000000,26209000000,0.536,1106.00,26209000000,,,,,,,,,,,,true,false,12,2019-04-01,2020-03-31,-1
2021-02-03,42750,2020-03-31,3,,,,,,,,,,,,,,,,,,,,,,,,,,,,,12.00,,,,24050000,351964,,false,false,12,2019-04-01,2020-03-31,-1
2021-02-03,42750,2021-03-31,3,,,,,,,,,,,,,,,,,,,,,,,,,,,,,12.00,,,,,,,false,true,12,2020-04-01,2021-03-31,0
2021-02-03,42750,2021-03-31,3,,,,,,,,,,,,,,,,,,,,,,,,,,,,,,,,,24050000,273316,23750485,false,false,9,2020-04-01,2020-12-31,0
2021-02-03,42750,2020-03-31,3,,,,,,,,,,,,,,,,,,,,,,,,,,,,,,,,,,,23690008,false,false,9,2019-04-01,2019-12-31,-1
2021-05-14,42750,2021-03-31,,45537000000,-0.085,,,,,1574000000,-0.015,1770000000,0.022,,1231000000,,51.82,,0.045,0.035,0.035,,50953000000,28977000000,0.569,1218.73,28977000000,4193000000,-1135000000,-2187000000,5496000000,,0.232,,,,,,true,false,12,2020-04-01,2021-03-31,0
2021-05-14,42750,2020-03-31,,49745000000,-0.080,,,,,1599000000,-0.313,1732000000,-0.321,,690000000,,29.14,,0.026,0.034,0.032,,48924000000,26209000000,0.536,1106.00,26209000000,2899000000,-1145000000,-1424000000,4622000000,,0.412,,,,,,true,false,12,2019-04-01,2020-03-31,-1
2021-05-14,42750,2022-03-31,,14500000000,0.076,,,,,500000000,1.432,550000000,0.757,,350000000,,14.73,,,,,,,,,,,,,,,,,,,,,,true,true,6,2021-04-01,2021-09-30,1
2021-05-14,42750,2022-03-31,,31000000000,0.046,,,,,1800000000,0.143,1900000000,0.073,,1300000000,,54.72,,,,,,,,,,,,,,,,0.219,,,,,,true,true,12,2021-04-01,2022-03-31,1
2021-05-14,42750,2021-03-31,,,,,,2725000000,-0.206,890000000,-0.395,1052000000,-0.372,980000000,,-0.027,41.26,,,,,,37982000000,27675000000,0.729,1163.98,27675000000,,,,,12.00,,,,24050000,273316,23757035,false,false,12,2020-04-01,2021-03-31,0
2021-05-14,42750,2020-03-31,,,,,,3431000000,-0.055,1470000000,-0.108,1675000000,-0.078,1007000000,,-0.444,42.54,,,,,,36660000000,25466000000,0.695,1074.64,25466000000,,,,,12.00,,,,24050000,351964,23692015,false,false,12,2019-04-01,2020-03-31,-1
2021-05-14,42750,2022-03-31,,,,,,,,,,,,,,,,,,,,,,,,,,,,,,12.00,,,,,,,false,true,12,2021-04-01,2022-03-31,1
2021-07-30,42750,2022-03-31,1,7913000000,,,,,,433000000,,549000000,,,393000000,,16.54,,,,,,51335000000,29002000000,0.565,1219.79,29002000000,,,,,,,,,,,,true,false,3,2021-04-01,2021-06-30,0
2021-07-30,42750,2021-03-31,1,9982000000,-0.199,,,,,-123000000,,-32000000,,,-115000000,,-4.89,,,,,,,,,,,,,,,,,,,,,,true,false,3,2020-04-01,2020-06-30,-1
2021-07-30,42750,2022-03-31,1,14500000000,0.076,,,,,500000000,1.432,550000000,0.757,,350000000,,14.73,,,,,,,,,,,,,,,,,,,,,,true,true,6,2021-04-01,2021-09-30,0
2021-07-30,42750,2022-03-31,1,31000000000,0.046,,,,,1800000000,0.143,1900000000,0.073,,1300000000,,54.72,,,,,,,,,,,,,,,,,,,,,,true,true,12,2021-04-01,2022-03-31,0
2021-07-30,42750,2021-03-31,1,,,,,,,,,,,,,,,,,,,,50953000000,28977000000,0.569,1218.73,28977000000,,,,,,,,,,,,true,false,12,2020-04-01,2021-03-31,-1
2021-07-30,42750,2021-03-31,1,,,,,,,,,,,,,,,,,,,,,,,,,,,,,12.00,,,,24050000,273316,,false,false,12,2020-04-01,2021-03-31,-1
2021-07-30,42750,2022-03-31,1,,,,,,,,,,,,,,,,,,,,,,,,,,,,,12.00,,,,,,,false,true,12,2021-04-01,2022-03-31,0
2021-07-30,42750,2022-03-31,1,,,,,,,,,,,,,,,,,,,,,,,,,,,,,,,,,24050000,273316,23776684,false,false,3,2021-04-01,2021-06-30,0
2021-07-30,42750,2021-03-31,1,,,,,,,,,,,,,,,,,,,,,,,,,,,,,,,,,,,23698036,false,false,3,2020-04-01,2020-06-30,-1
2021-09-29,42750,2022-03-31,,16000000000,0.110,,,,,1000000000,1.000,1050000000,0.909,850000000,,1.429,35.75,,,,,,,,,,,,,,,,,,,,,,true,true,6,2021-04-01,2021-09-30,0
2021-09-29,42750,2021-03-31,,21116000000,,,,,,205000000,,313000000,,135000000,,,5.70,,,,,,,,,,,,,,,,,,,,,,true,false,6,2020-04-01,2020-09-30,-1
2021-09-29,42750,2022-03-31,,33000000000,0.065,,,,,2200000000,0.222,2300000000,0.211,1800000000,,0.385,75.70,,,,,,,,,,,,,,,,,,,,,,true,true,12,2021-04-01,2022-03-31,0
2021-09-29,42750,2021-03-31,,45537000000,,,,,,1574000000,,1770000000,,1231000000,,,51.82,,,,,,,,,,,,,,,,,,,,,,true,false,12,2020-04-01,2021-03-31,-1
2021-10-29,4275,2022-03-31,2,16006000000,,,,,,1039000000,,1137000000,,,1020000000,,42.92,,,,,,52225000000,30106000000,0.576,1266.86,30106000000,,,,,,,,,,,,true,false,6,2021-04-01,2021-09-30,0
2021-10-29,4275,2021-03-31,2,21116000000,-0.128,,,,,205000000,-0.647,313000000,-0.552,,135000000,,5.70,,,,,,,,,,,,,,,,,,,,,,true,false,6,2020-04-01,2020-09-30,-1
2021-10-29,4275,2022-03-31,2,16000000000,0.188,,,,,1000000000,3.865,1050000000,2.354,,850000000,,35.75,,,,,,,,,,,,,,,,,,,,,,true,true,6,2021-04-01,2021-09-30,0
2021-10-29,4275,2022-03-31,2,33000000000,0.114,,,,,2200000000,0.397,2300000000,0.299,,1800000000,,75.70,,,,,,,,,,,,,,,,,,,,,,true,true,12,2021-04-01,2022-03-31,0
2021-10-29,4275,2021-03-31,2,,,,,,,,,,,,,,,,,,,,50953000000,28977000000,0.569,1218.73,28977000000,,,,,,,,,,,,true,false,12,2020-04-01,2021-03-31,-1
2021-10-29,4275,2021-03-31,2,,,,,,,,,,,,,,,,,,,,,,,,,,,,,12.00,,,,24050000,273316,,false,false,12,2020-04-01,2021-03-31,-1
2021-10-29,4275,2022-03-31,2,,,,,,,,,,,,,,,,,,,,,,,,,,,,,12.00,,,,,,,false,true,12,2021-04-01,2022-03-31,0
2021-10-29,4275,2022-03-31,2,,,,,,,,,,,,,,,,,,,,,,,,,,,,,,,,,24050000,285316,23774684,false,false,6,2021-04-01,2021-09-30,0
2021-10-29,4275,2021-03-31,2,,,,,,,,,,,,,,,,,,,,,,,,,,,,,,,,,,,23737385,false,false,6,2020-04-01,2020-09-30,-1
2022-02-03,4275,2022-03-31,3,25022000000,,,,,,1756000000,,1951000000,,,1717000000,,72.25,,,,,,53264000000,30625000000,0.575,1288.69,30625000000,,,,,,,,,,,,true,false,9,2021-04-01,2021-12-31,0
2022-02-03,4275,2021-03-31,3,32710000000,-0.103,,,,,768000000,-0.300,927000000,-0.276,,611000000,,25.76,,,,,,,,,,,,,,,,,,,,,,true,false,9,2020-04-01,2020-12-31,-1
2022-02-03,4275,2022-03-31,3,34000000000,0.147,,,,,2400000000,0.524,2550000000,0.441,,2200000000,,92.60,,,,,,,,,,,,,,,,,,,,,,true,true,12,2021-04-01,2022-03-31,0
2022-02-03,4275,2021-03-31,3,,,,,,,,,,,,,,,,,,,,50953000000,28977000000,0.569,1218.73,28977000000,,,,,,,,,,,,true,false,12,2020-04-01,2021-03-31,-1
2022-02-03,4275,2021-03-31,3,,,,,,,,,,,,,,,,,,,,,,,,,,,,,12.00,,,,24050000,273316,,false,false,12,2020-04-01,2021-03-31,-1
2022-02-03,4275,2022-03-31,3,,,,,,,,,,,,,,,,,,,,,,,,,,,,,0.00,,,,,,,false,false,12,2021-04-01,2022-03-31,0
2022-02-03,4275,2022-03-31,3,,,,,,,,,,,,,,,,,,,,,,,,,,,,,16.00,,,,,,,false,true,12,2021-04-01,2022-03-31,0
2022-02-03,4275,2022-03-31,3,,,,,,,,,,,,,,,,,,,,,,,,,,,,,,,,,24050000,285316,23771351,false,false,9,2021-04-01,2021-12-31,0
2022-02-03,4275,2021-03-31,3,,,,,,,,,,,,,,,,,,,,,,,,,,,,,,,,,,,23750485,false,false,9,2020-04-01,2020-12-31,-1
2022-05-13,4275,2022-03-31,,33894000000,,,,,,2506000000,,2742000000,,,2336000000,,98.31,,0.078,0.054,0.074,,50078000000,30903000000,0.617,1300.41,30903000000,3063000000,-984000000,-3981000000,3589000000,,0.163,,,,,,true,false,12,2021-04-01,2022-03-31,0
2022-05-13,4275,2021-03-31,,45537000000,-0.085,,,,,1574000000,-0.015,1770000000,0.022,,1231000000,,51.82,,0.045,0.035,0.035,,50953000000,28977000000,0.569,1218.73,28977000000,4193000000,-1135000000,-2187000000,5496000000,,0.232,,,,,,true,false,12,2020-04-01,2021-03-31,-1
2022-05-13,4275,2023-03-31,,17000000000,0.062,,,,,700000000,-0.327,800000000,-0.297,,550000000,,23.10,,,,,,,,,,,,,,,,,,,,,,true,true,6,2022-04-01,2022-09-30,1
2022-05-13,4275,2023-03-31,,35000000000,0.033,,,,,2500000000,-0.003,2700000000,-0.016,,1900000000,,79.90,,,,,,,,,,,,,,,,0.200,,,,,,true,true,12,2022-04-01,2023-03-31,1
2022-05-13,4275,2022-03-31,,,,,,2223000000,-0.184,668000000,-0.248,860000000,-0.183,914000000,,-0.067,38.46,,,,,,34703000000,28077000000,0.809,1180.88,28077000000,,,,,16.00,,,,24050000,285316,23769684,false,false,12,2021-04-01,2022-03-31,0
2022-05-13,4275,2021-03-31,,,,,,2725000000,-0.206,890000000,-0.395,1052000000,-0.372,980000000,,-0.027,41.26,,,,,,37982000000,27675000000,0.729,1163.98,27675000000,,,,,12.00,,,,24050000,273316,23757035,false,false,12,2020-04-01,2021-03-31,-1
2022-05-13,4275,2023-03-31,,,,,,,,,,,,,,,,,,,,,,,,,,,,,,16.00,,,,,,,false,true,12,2022-04-01,2023-03-31,1
2022-07-29,4275,2023-03-31,1,8291000000,0.048,,,,,377000000,-0.130,522000000,-0.050,,423000000,,17.83,,,,,,51607000000,30816000000,0.597,1296.73,30816000000,,,,,,,,,,,,true,false,3,2022-04-01,2022-06-30,0
2022-07-29,4275,2022-03-31,1,7913000000,,,,,,433000000,,549000000,,,393000000,,16.54,,,,,,,,,,,,,,,,,,,,,,true,false,3,2021-04-01,2021-06-30,-1
2022-07-29,4275,2023-03-31,1,17000000000,0.062,,,,,700000000,-0.327,800000000,-0.297,,550000000,,23.10,,,,,,,,,,,,,,,,,,,,,,true,true,6,2022-04-01,2022-09-30,0
2022-07-29,4275,2023-03-31,1,35000000000,0.033,,,,,2500000000,-0.003,2700000000,-0.016,,1900000000,,79.90,,,,,,,,,,,,,,,,,,,,,,true,true,12,2022-04-01,2023-03-31,0
2022-07-29,4275,2022-03-31,1,,,,,,,,,,,,,,,,,,,,50078000000,30903000000,0.617,1300.41,30903000000,,,,,,,,,,,,true,false,12,2021-04-01,2022-03-31,-1
2022-07-29,4275,2022-03-31,1,,,,,,,,,,,,,,,,,,,,,,,,,,,,,16.00,,,,24050000,285316,,false,false,12,2021-04-01,2022-03-31,-1
2022-07-29,4275,2023-03-31,1,,,,,,,,,,,,,,,,,,,,,,,,,,,,,16.00,,,,,,,false,true,12,2022-04-01,2023-03-31,0
2022-07-29,4275,2023-03-31,1,,,,,,,,,,,,,,,,,,,,,,,,,,,,,,,,,24050000,285316,23764684,false,false,3,2022-04-01,2022-06-30,0
2022-07-29,4275,2022-03-31,1,,,,,,,,,,,,,,,,,,,,,,,,,,,,,,,,,,,23776684,false,false,3,2021-04-01,2021-06-30,-1
2022-10-12,42750,2023-03-31,,17400000000,0.024,,,,,1050000000,0.500,1200000000,0.500,,850000000,,35.34,,,,,,,,,,,,,,,,,,,,,,true,true,6,2022-04-01,2022-09-30,0
2022-10-12,42750,2022-03-31,,16006000000,,,,,,1039000000,,1137000000,,,1020000000,,42.92,,,,,,,,,,,,,,,,,,,,,,true,false,6,2021-04-01,2021-09-30,-1
2022-10-31,4275,2023-03-31,2,17586000000,0.099,,,,,1104000000,0.063,1287000000,0.132,,951000000,,40.01,,,,,,51197000000,31547000000,0.616,1327.06,31547000000,,,,,,,,,,,,true,false,6,2022-04-01,2022-09-30,0
2022-10-31,4275,2022-03-31,2,16006000000,,,,,,1039000000,,1137000000,,,1020000000,,42.92,,,,,,,,,,,,,,,,,,,,,,true,false,6,2021-04-01,2021-09-30,-1
2022-10-31,4275,2023-03-31,2,35000000000,0.033,,,,,2500000000,-0.003,2700000000,-0.016,,1900000000,,79.90,,,,,,,,,,,,,,,,,,,,,,true,true,12,2022-04-01,2023-03-31,0
2022-10-31,4275,2022-03-31,2,,,,,,,,,,,,,,,,,,,,50078000000,30903000000,0.617,1300.41,30903000000,,,,,,,,,,,,true,false,12,2021-04-01,2022-03-31,-1
2022-10-31,4275,2022-03-31,2,,,,,,,,,,,,,,,,,,,,,,,,,,,,,16.00,,,,24050000,285316,,false,false,12,2021-04-01,2022-03-31,-1
2022-10-31,4275,2023-03-31,2,,,,,,,,,,,,,,,,,,,,,,,,,,,,,0.00,,,,,,,false,false,12,2022-04-01,2023-03-31,0
2022-10-31,4275,2023-03-31,2,,,,,,,,,,,,,,,,,,,,,,,,,,,,,16.00,,,,,,,false,true,12,2022-04-01,2023-03-31,0
2022-10-31,4275,2023-03-31,2,,,,,,,,,,,,,,,,,,,,,,,,,,,,,,,,,24050000,277447,23768624,false,false,6,2022-04-01,2022-09-30,0
2022-10-31,4275,2022-03-31,2,,,,,,,,,,,,,,,,,,,,,,,,,,,,,,,,,,,23774684,false,false,6,2021-04-01,2021-09-30,-1
2023-02-03,4275,2023-03-31,3,26564000000,0.062,,,,,1740000000,-0.009,2012000000,0.031,,1459000000,,61.40,,,,,,53198000000,32141000000,0.604,1351.37,32141000000,,,,,,,,,,,,true,false,9,2022-04-01,2022-12-31,0
2023-02-03,4275,2022-03-31,3,25022000000,,,,,,1756000000,,1951000000,,,1717000000,,72.25,,,,,,,,,,,,,,,,,,,,,,true,false,9,2021-04-01,2021-12-31,-1
2023-02-03,4275,2023-03-31,3,35000000000,0.033,,,,,2500000000,-0.003,2700000000,-0.016,,1900000000,,79.90,,,,,,,,,,,,,,,,,,,,,,true,true,12,2022-04-01,2023-03-31,0
2023-02-03,4275,2022-03-31,3,,,,,,,,,,,,,,,,,,,,50078000000,30903000000,0.617,1300.41,30903000000,,,,,,,,,,,,true,false,12,2021-04-01,2022-03-31,-1
2023-02-03,4275,2022-03-31,3,,,,,,,,,,,,,,,,,,,,,,,,,,,,,16.00,,,,24050000,285316,,false,false,12,2021-04-01,2022-03-31,-1
2023-02-03,4275,2023-03-31,3,,,,,,,,,,,,,,,,,,,,,,,,,,,,,0.00,,,,,,,false,false,12,2022-04-01,2023-03-31,0
2023-02-03,4275,2023-03-31,3,,,,,,,,,,,,,,,,,,,,,,,,,,,,,16.00,,,,,,,false,true,12,2022-04-01,2023-03-31,0
2023-02-03,4275,2023-03-31,3,,,,,,,,,,,,,,,,,,,,,,,,,,,,,,,,,24050000,265447,23771267,false,false,9,2022-04-01,2022-12-31,0
2023-02-03,4275,2022-03-31,3,,,,,,,,,,,,,,,,,,,,,,,,,,,,,,,,,,,23771351,false,false,9,2021-04-01,2021-12-31,-1
2023-05-15,4275,2023-03-31,,36008000000,0.062,,,,,2640000000,0.053,2910000000,0.061,,2246000000,,94.55,,0.070,0.057,0.073,,51230000000,33179000000,0.648,1402.70,33179000000,2064000000,-65000000,-1784000000,3809000000,,0.212,,,,,,true,false,12,2022-04-01,2023-03-31,0
2023-05-15,4275,2022-03-31,,33894000000,,,,,,2506000000,,2742000000,,,2336000000,,98.31,,0.078,0.054,0.074,,50078000000,30903000000,0.617,1300.41,30903000000,3063000000,-984000000,-3981000000,3589000000,,0.163,,,,,,true,false,12,2021-04-01,2022-03-31,-1
2023-05-15,4275,2024-03-31,,18000000000,0.024,,,,,800000000,-0.276,900000000,-0.301,,750000000,,31.57,,,,,,,,,,,,,,,,,,,,,,true,true,6,2023-04-01,2023-09-30,1
2023-05-15,4275,2024-03-31,,38000000000,0.055,,,,,2700000000,0.023,2900000000,-0.004,,2300000000,,96.80,,,,,,,,,,,,,,,,0.207,,,,,,true,true,12,2023-04-01,2024-03-31,1
2023-05-15,4275,2023-03-31,,,,,,2092000000,-0.059,773000000,0.156,1005000000,0.168,2370000000,,1.592,99.72,,,,,,35584000000,29324000000,0.824,1239.75,29324000000,,,,,20.00,,,,24050000,396097,23763709,false,false,12,2022-04-01,2023-03-31,0
2023-05-15,4275,2022-03-31,,,,,,2223000000,-0.184,668000000,-0.248,860000000,-0.183,914000000,,-0.067,38.46,,,,,,34703000000,28077000000,0.809,1180.88,28077000000,,,,,16.00,,,,24050000,285316,23769684,false,false,12,2021-04-01,2022-03-31,-1
2023-05-15,4275,2024-03-31,,,,,,,,,,,,,,,,,,,,,,,,,,,,,,20.00,,,,,,,false,true,12,2023-04-01,2024-03-31,1
2023-07-28,4275,2024-03-31,1,8823000000,0.064,,,,,514000000,0.364,677000000,0.298,,505000000,,21.39,,,,,,51513000000,33765000000,0.655,1427.49,33765000000,,,,,,,,,,,,true,false,3,2023-04-01,2023-06-30,0
2023-07-28,4275,2023-03-31,1,8291000000,0.048,,,,,377000000,-0.130,522000000,-0.050,,423000000,,17.83,,,,,,,,,,,,,,,,,,,,,,true,false,3,2022-04-01,2022-06-30,-1
2023-07-28,4275,2024-03-31,1,18000000000,0.024,,,,,800000000,-0.276,900000000,-0.301,,750000000,,31.57,,,,,,,,,,,,,,,,,,,,,,true,true,6,2023-04-01,2023-09-30,0
2023-07-28,4275,2024-03-31,1,38000000000,0.055,,,,,2700000000,0.023,2900000000,-0.004,,2300000000,,96.80,,,,,,,,,,,,,,,,,,,,,,true,true,12,2023-04-01,2024-03-31,0
2023-07-28,4275,2023-03-31,1,,,,,,,,,,,,,,,,,,,,51230000000,33179000000,0.648,1402.70,33179000000,,,,,,,,,,,,true,false,12,2022-04-01,2023-03-31,-1
2023-07-28,4275,2023-03-31,1,,,,,,,,,,,,,,,,,,,,,,,,,,,,,20.00,,,,24050000,396097,,false,false,12,2022-04-01,2023-03-31,-1
2023-07-28,4275,2024-03-31,1,,,,,,,,,,,,,,,,,,,,,,,,,,,,,20.00,,,,,,,false,true,12,2023-04-01,2024-03-31,0
2023-07-28,4275,2024-03-31,1,,,,,,,,,,,,,,,,,,,,,,,,,,,,,,,,,24050000,396097,23653903,false,false,3,2023-04-01,2023-06-30,0
2023-07-28,4275,2023-03-31,1,,,,,,,,,,,,,,,,,,,,,,,,,,,,,,,,,,,23764684,false,false,3,2022-04-01,2022-06-30,-1
2023-09-11,42750,2024-03-31,,18000000000,0.000,,,,,1350000000,0.688,1500000000,0.667,,1200000000,,50.51,,,,,,,,,,,,,,,,,,,,,,true,true,6,2023-04-01,2023-09-30,0
2023-09-11,42750,2023-03-31,,17586000000,,,,,,1104000000,,1287000000,,,951000000,,40.01,,,,,,,,,,,,,,,,,,,,,,true,false,6,2022-04-01,2022-09-30,-1
2023-09-11,42750,2024-03-31,,38000000000,0.000,,,,,3150000000,0.167,3400000000,0.172,,2600000000,,109.43,,,,,,,,,,,,,,,,,,,,,,true,true,12,2023-04-01,2024-03-31,0
2023-09-11,42750,2023-03-31,,36008000000,,,,,,2640000000,,2910000000,,,2246000000,,94.55,,,,,,,,,,,,,,,,,,,,,,true,false,12,2022-04-01,2023-03-31,-1
2023-10-30,4275,2024-03-31,2,17672000000,0.005,,,,,1384000000,0.253,1564000000,0.216,,1173000000,,49.55,,,,,,53183000000,34509000000,0.649,1456.04,34509000000,,,,,,,,,,,,true,false,6,2023-04-01,2023-09-30,0
2023-10-30,4275,2023-03-31,2,17586000000,0.099,,,,,1104000000,0.063,1287000000,0.132,,951000000,,40.01,,,,,,,,,,,,,,,,,,,,,,true,false,6,2022-04-01,2022-09-30,-1
2023-10-30,4275,2024-03-31,2,38000000000,0.055,,,,,3150000000,0.193,3400000000,0.168,,2600000000,,109.43,,,,,,,,,,,,,,,,,,,,,,true,true,12,2023-04-01,2024-03-31,0
2023-10-30,4275,2023-03-31,2,,,,,,,,,,,,,,,,,,,,51230000000,33179000000,0.648,1402.70,33179000000,,,,,,,,,,,,true,false,12,2022-04-01,2023-03-31,-1
2023-10-30,4275,2023-03-31,2,,,,,,,,,,,,,,,,,,,,,,,,,,,,,20.00,,,,24050000,396097,,false,false,12,2022-04-01,2023-03-31,-1
2023-10-30,4275,2024-03-31,2,,,,,,,,,,,,,,,,,,,,,,,,,,,,,0.00,,,,,,,false,false,12,2023-04-01,2024-03-31,0
2023-10-30,4275,2024-03-31,2,,,,,,,,,,,,,,,,,,,,,,,,,,,,,20.00,,,,,,,false,true,12,2023-04-01,2024-03-31,0
2023-10-30,4275,2024-03-31,2,,,,,,,,,,,,,,,,,,,,,,,,,,,,,,,,,24050000,348997,23677453,false,false,6,2023-04-01,2023-09-30,0
2023-10-30,4275,2023-03-31,2,,,,,,,,,,,,,,,,,,,,,,,,,,,,,,,,,,,23768624,false,false,6,2022-04-01,2022-09-30,-1
2024-02-02,4275,2024-03-31,3,26905000000,0.013,,,,,2384000000,0.370,2639000000,0.312,,1859000000,,78.56,,,,,,53619000000,35838000000,0.668,1520.56,35838000000,,,,,,,,,,,,true,false,9,2023-04-01,2023-12-31,0
2024-02-02,4275,2023-03-31,3,26564000000,0.062,,,,,1740000000,-0.009,2012000000,0.031,,1459000000,,61.40,,,,,,,,,,,,,,,,,,,,,,true,false,9,2022-04-01,2022-12-31,-1
2024-02-02,4275,2024-03-31,3,38000000000,0.055,,,,,3150000000,0.193,3400000000,0.168,,2600000000,,109.43,,,,,,,,,,,,,,,,,,,,,,true,true,12,2023-04-01,2024-03-31,0
2024-02-02,4275,2023-03-31,3,,,,,,,,,,,,,,,,,,,,51230000000,33179000000,0.648,1402.70,33179000000,,,,,,,,,,,,true,false,12,2022-04-01,2023-03-31,-1
2024-02-02,4275,2023-03-31,3,,,,,,,,,,,,,,,,,,,,,,,,,,,,,20.00,,,,24050000,396097,,false,false,12,2022-04-01,2023-03-31,-1
2024-02-02,4275,2024-03-31,3,,,,,,,,,,,,,,,,,,,,,,,,,,,,,0.00,,,,,,,false,false,12,2023-04-01,2024-03-31,0
2024-02-02,4275,2024-03-31,3,,,,,,,,,,,,,,,,,,,,,,,,,,,,,20.00,,,,,,,false,true,12,2023-04-01,2024-03-31,0
2024-02-02,4275,2024-03-31,3,,,,,,,,,,,,,,,,,,,,,,,,,,,,,,,,,24050000,480797,23670659,false,false,9,2023-04-01,2023-12-31,0
2024-02-02,4275,2023-03-31,3,,,,,,,,,,,,,,,,,,,,,,,,,,,,,,,,,,,23771267,false,false,9,2022-04-01,2022-12-31,-1
2024-05-15,4275,2024-03-31,,36577000000,0.016,,,,,3352000000,0.270,3600000000,0.237,,2598000000,,109.91,,0.074,0.068,0.092,,55146000000,36775000000,0.667,1560.32,36775000000,2155000000,-1373000000,-1839000000,2753000000,,0.300,,,,,,true,false,12,2023-04-01,2024-03-31,0
2024-05-15,4275,2023-03-31,,36008000000,0.062,,,,,2640000000,0.053,2910000000,0.061,,2246000000,,94.55,,0.070,0.057,0.073,,51230000000,33179000000,0.648,1402.70,33179000000,2064000000,-65000000,-1784000000,3809000000,,0.212,,,,,,true,false,12,2022-04-01,2023-03-31,-1
2024-05-15,4275,2025-03-31,,18500000000,0.047,,,,,1600000000,0.156,1700000000,0.087,,1200000000,,50.75,,,,,,,,,,,,,,,,,,,,,,true,true,6,2024-04-01,2024-09-30,1
2024-05-15,4275,2025-03-31,,38000000000,0.039,,,,,3800000000,0.134,4000000000,0.111,,2800000000,,118.42,,,,,,,,,,,,,,,,0.304,,,,,,true,true,12,2024-04-01,2025-03-31,1
2024-05-15,4275,2024-03-31,,,,,,2081000000,-0.005,805000000,0.042,1073000000,0.068,1140000000,,-0.519,48.21,,,,,,37231000000,31077000000,0.835,1318.58,31077000000,,,,,33.00,,,,24050000,480797,23645295,false,false,12,2023-04-01,2024-03-31,0
2024-05-15,4275,2023-03-31,,,,,,2092000000,-0.059,773000000,0.156,1005000000,0.168,2370000000,,1.592,99.72,,,,,,35584000000,29324000000,0.824,1239.75,29324000000,,,,,20.00,,,,24050000,396097,23763709,false,false,12,2022-04-01,2023-03-31,-1
2024-05-15,4275,2025-03-31,,,,,,,,,,,,,,,,,,,,,,,,,,,,,,36.00,,,,,,,false,true,12,2024-04-01,2025-03-31,1
2024-05-15,4275,2024-03-31,,36577000000,0.016,,,,,3352000000,0.270,3600000000,0.237,,2598000000,,109.91,,0.074,0.068,0.092,,55146000000,36775000000,0.667,1560.32,36775000000,2155000000,-1373000000,-1839000000,2753000000,,0.300,,,,,,true,false,12,2023-04-01,2024-03-31,0
2024-05-15,4275,2023-03-31,,36008000000,0.062,,,,,2640000000,0.053,2910000000,0.061,,2246000000,,94.55,,0.070,0.057,0.073,,51230000000,33179000000,0.648,1402.70,33179000000,2064000000,-65000000,-1784000000,3809000000,,0.212,,,,,,true,false,12,2022-04-01,2023-03-31,-1
2024-05-15,4275,2025-03-31,,18500000000,0.047,,,,,1600000000,0.156,1700000000,0.087,,1200000000,,50.75,,,,,,,,,,,,,,,,,,,,,,true,true,6,2024-04-01,2024-09-30,1
2024-05-15,4275,2025-03-31,,38000000000,0.039,,,,,3800000000,0.134,4000000000,0.111,,2800000000,,118.42,,,,,,,,,,,,,,,,0.304,,,,,,true,true,12,2024-04-01,2025-03-31,1
2024-05-15,4275,2024-03-31,,,,,,2081000000,-0.005,805000000,0.042,1073000000,0.068,1140000000,,-0.519,48.21,,,,,,37231000000,31077000000,0.835,1318.58,31077000000,,,,,33.00,,,,24050000,480797,23645295,false,false,12,2023-04-01,2024-03-31,0
2024-05-15,4275,2023-03-31,,,,,,2092000000,-0.059,773000000,0.156,1005000000,0.168,2370000000,,1.592,99.72,,,,,,35584000000,29324000000,0.824,1239.75,29324000000,,,,,20.00,,,,24050000,396097,23763709,false,false,12,2022-04-01,2023-03-31,-1
2024-05-15,4275,2025-03-31,,,,,,,,,,,,,,,,,,,,,,,,,,,,,,36.00,,,,,,,false,true,12,2024-04-01,2025-03-31,1
2024-08-09,4275,2025-03-31,1,8760000000,-0.007,,,,,378000000,-0.265,533000000,-0.212,,365000000,,15.49,,,,,,55251000000,36930000000,0.668,1566.88,36930000000,,,,,,,,,,,,true,false,3,2024-04-01,2024-06-30,0
2024-08-09,4275,2024-03-31,1,8823000000,0.064,,,,,514000000,0.364,677000000,0.298,,505000000,,21.39,,,,,,,,,,,,,,,,,,,,,,true,false,3,2023-04-01,2023-06-30,-1
2024-08-09,4275,2025-03-31,1,18500000000,0.047,,,,,1600000000,0.156,1700000000,0.087,,1200000000,,50.75,,,,,,,,,,,,,,,,,,,,,,true,true,6,2024-04-01,2024-09-30,0
2024-08-09,4275,2025-03-31,1,38000000000,0.039,,,,,3800000000,0.134,4000000000,0.111,,2800000000,,118.42,,,,,,,,,,,,,,,,,,,,,,true,true,12,2024-04-01,2025-03-31,0
2024-08-09,4275,2024-03-31,1,,,,,,,,,,,,,,,,,,,,55146000000,36775000000,0.667,1560.32,36775000000,,,,,,,,,,,,true,false,12,2023-04-01,2024-03-31,-1
2024-08-09,4275,2024-03-31,1,,,,,,,,,,,,,,,,,,,,,,,,,,,,,33.00,,,,24050000,480797,,false,false,12,2023-04-01,2024-03-31,-1
2024-08-09,4275,2025-03-31,1,,,,,,,,,,,,,,,,,,,,,,,,,,,,,36.00,,,,,,,false,true,12,2024-04-01,2025-03-31,0
2024-08-09,4275,2025-03-31,1,,,,,,,,,,,,,,,,,,,,,,,,,,,,,,,,,24050000,480831,23569180,false,false,3,2024-04-01,2024-06-30,0
2024-08-09,4275,2024-03-31,1,,,,,,,,,,,,,,,,,,,,,,,,,,,,,,,,,,,23653903,false,false,3,2023-04-01,2023-06-30,-1
2024-11-08,4275,2025-03-31,2,18045000000,0.021,,,,,1194000000,-0.137,1382000000,-0.116,,951000000,,40.36,,,,,,54067000000,37450000000,0.693,1588.96,37450000000,,,,,,,,,,,,true,false,6,2024-04-01,2024-09-30,0
2024-11-08,4275,2024-03-31,2,17672000000,0.005,,,,,1384000000,0.253,1564000000,0.216,,1173000000,,49.55,,,,,,,,,,,,,,,,,,,,,,true,false,6,2023-04-01,2023-09-30,-1
2024-11-08,4275,2025-03-31,2,38000000000,0.039,,,,,3800000000,0.134,4000000000,0.111,,2800000000,,118.42,,,,,,,,,,,,,,,,,,,,,,true,true,12,2024-04-01,2025-03-31,0
2024-11-08,4275,2024-03-31,2,,,,,,,,,,,,,,,,,,,,55146000000,36775000000,0.667,1560.32,36775000000,,,,,,,,,,,,true,false,12,2023-04-01,2024-03-31,-1
2024-11-08,4275,2024-03-31,2,,,,,,,,,,,,,,,,,,,,,,,,,,,,,33.00,,,,24050000,480797,,false,false,12,2023-04-01,2024-03-31,-1
2024-11-08,4275,2025-03-31,2,,,,,,,,,,,,,,,,,,,,,,,,,,,,,0.00,,,,,,,false,false,12,2024-04-01,2025-03-31,0
2024-11-08,4275,2025-03-31,2,,,,,,,,,,,,,,,,,,,,,,,,,,,,,36.00,,,,,,,false,true,12,2024-04-01,2025-03-31,0
2024-11-08,4275,2025-03-31,2,,,,,,,,,,,,,,,,,,,,,,,,,,,,,,,,,24050000,480859,23569167,false,false,6,2024-04-01,2024-09-30,0
2024-11-08,4275,2024-03-31,2,,,,,,,,,,,,,,,,,,,,,,,,,,,,,,,,,,,23677453,false,false,6,2023-04-01,2023-09-30,-1
2025-02-12,4275,2025-03-31,3,27360000000,0.017,,,,,1917000000,-0.196,2201000000,-0.166,,1464000000,,62.12,,,,,,57195000000,37978000000,0.664,1611.37,37978000000,,,,,,,,,,,,true,false,9,2024-04-01,2024-12-31,0
2025-02-12,4275,2024-03-31,3,26905000000,0.013,,,,,2384000000,0.370,2639000000,0.312,,1859000000,,78.56,,,,,,,,,,,,,,,,,,,,,,true,false,9,2023-04-01,2023-12-31,-1
2025-02-12,4275,2025-03-31,3,38000000000,0.039,,,,,2900000000,-0.135,3100000000,-0.139,,2800000000,,118.42,,,,,,,,,,,,,,,,,,,,,,true,true,12,2024-04-01,2025-03-31,0
2025-02-12,4275,2024-03-31,3,,,,,,,,,,,,,,,,,,,,55146000000,36775000000,0.667,1560.32,36775000000,,,,,,,,,,,,true,false,12,2023-04-01,2024-03-31,-1
2025-02-12,4275,2024-03-31,3,,,,,,,,,,,,,,,,,,,,,,,,,,,,,33.00,,,,24050000,480797,,false,false,12,2023-04-01,2024-03-31,-1
2025-02-12,4275,2025-03-31,3,,,,,,,,,,,,,,,,,,,,,,,,,,,,,0.00,,,,,,,false,false,12,2024-04-01,2025-03-31,0
2025-02-12,4275,2025-03-31,3,,,,,,,,,,,,,,,,,,,,,,,,,,,,,36.00,,,,,,,false,true,12,2024-04-01,2025-03-31,0
2025-02-12,4275,2025-03-31,3,,,,,,,,,,,,,,,,,,,,,,,,,,,,,,,,,24050000,480859,23569159,false,false,9,2024-04-01,2024-12-31,0
2025-02-12,4275,2024-03-31,3,,,,,,,,,,,,,,,,,,,,,,,,,,,,,,,,,,,23670659,false,false,9,2023-04-01,2023-12-31,-1
2025-05-15,4275,2025-03-31,,36914000000,0.009,,,,,3046000000,-0.091,3320000000,-0.078,,2570000000,,109.07,,0.069,0.061,0.083,,53012000000,37479000000,0.707,1590.20,37479000000,4696000000,-991000000,-1699000000,4768000000,,0.330,,,,,,true,false,12,2024-04-01,2025-03-31,0
2025-05-15,4275,2024-03-31,,36577000000,0.016,,,,,3352000000,0.270,3600000000,0.237,,2598000000,,109.91,,0.074,0.068,0.092,,55146000000,36775000000,0.667,1560.32,36775000000,2155000000,-1373000000,-1839000000,2753000000,,0.300,,,,,,true,false,12,2023-04-01,2024-03-31,-1
2025-05-15,4275,2026-03-31,,18500000000,0.025,,,,,1100000000,-0.079,1200000000,-0.132,,800000000,,34.68,,,,,,,,,,,,,,,,,,,,,,true,true,6,2025-04-01,2025-09-30,1
2025-05-15,4275,2026-03-31,,39000000000,0.056,,,,,3100000000,0.017,3350000000,0.009,,2700000000,,117.04,,,,,,,,,,,,,,,,0.308,,,,,,true,true,12,2025-04-01,2026-03-31,1
2025-05-15,4275,2025-03-31,,11894000000,9.755,,,,,664000000,,2091000000,0.948,3457000000,,2.033,146.71,,,,,,46498000000,34113000000,0.734,1447.39,34113000000,,,,,36.00,,,,24050000,480859,23569154,false,false,12,2024-04-01,2025-03-31,0
2025-05-15,4275,2024-03-31,,1105000000,-0.134,,,,,-170000000,,1073000000,0.068,1140000000,,-0.519,48.21,,,,,,37231000000,31077000000,0.835,1318.58,31077000000,,,,,33.00,,,,24050000,480797,23645295,false,false,12,2023-04-01,2024-03-31,-1
2025-05-15,4275,2026-03-31,,,,,,,,,,,,,,,,,,,,,,,,,,,,,,36.00,,,,,,,false,true,12,2025-04-01,2026-03-31,1
2025-08-08,4275,2026-03-31,1,8655000000,-0.012,,,,,445000000,0.177,581000000,0.089,,299000000,,12.79,,,,,,55346000000,37095000000,0.670,1603.30,37095000000,,,,,,,,,,,,true,false,3,2025-04-01,2025-06-30,0
2025-08-08,4275,2025-03-31,1,8760000000,-0.007,,,,,378000000,-0.265,533000000,-0.212,,365000000,,15.49,,,,,,,,,,,,,,,,,,,,,,true,false,3,2024-04-01,2024-06-30,-1
2025-08-08,4275,2026-03-31,1,18500000000,0.025,,,,,1100000000,-0.079,1200000000,-0.132,,800000000,,34.68,,,,,,,,,,,,,,,,,,,,,,true,true,6,2025-04-01,2025-09-30,0
2025-08-08,4275,2026-03-31,1,39000000000,0.056,,,,,3100000000,0.017,3350000000,0.009,,2700000000,,117.04,,,,,,,,,,,,,,,,,,,,,,true,true,12,2025-04-01,2026-03-31,0
2025-08-08,4275,2025-03-31,1,,,,,,,,,,,,,,,,,,,,53012000000,37479000000,0.707,1590.20,37479000000,,,,,,,,,,,,true,false,12,2024-04-01,2025-03-31,-1
2025-08-08,4275,2025-03-31,1,,,,,,,,,,,,,,,,,,,,,,,,,,,,,36.00,,,,24050000,480859,,false,false,12,2024-04-01,2025-03-31,-1
2025-08-08,4275,2026-03-31,1,,,,,,,,,,,,,,,,,,,,,,,,,,,,,36.00,,,,,,,false,true,12,2025-04-01,2026-03-31,0
2025-08-08,4275,2026-03-31,1,,,,,,,,,,,,,,,,,,,,,,,,,,,,,,,,,24050000,912859,23377141,false,false,3,2025-04-01,2025-06-30,0
2025-08-08,4275,2025-03-31,1,,,,,,,,,,,,,,,,,,,,,,,,,,,,,,,,,,,23569180,false,false,3,2024-04-01,2024-06-30,-1
