filing_date,code,fiscal_year_end,quarterly_period,net_sales,net_sales_change,revenue,revenue_change,operating_revenue,operating_revenue_change,operating_profit,operating_profit_change,ordinary_profit,ordinary_profit_change,net_income,net_income_of_parent,net_income_change,eps,diluted_eps,roe,roa,operating_profit_to_net_sales,operating_profit_to_revenue,total_assets,net_assets,equity_ratio,bps,owner_equity,operating_cash_flow,investing_cash_flow,financing_cash_flow,cash,dividend_per_share,payout_ratio,commemorative_dividend,extra_dividend,number_of_shares,number_of_treqsury_shares,avg_number_of_shares,is_consolidated,is_forecast,duration,period_start,period_end,period_pos
2015-05-08,42980,2015-03-31,,48602000000,-0.112,,,,,4233000000,-0.106,4548000000,-0.092,2381000000,,-0.094,116.76,,0.088,0.106,0.087,,41751000000,27672000000,0.663,1361.64,27672000000,6577000000,-914000000,-4821000000,12030000000,,0.325,,,,,,true,false,12,2014-04-01,2015-03-31,0
2015-05-08,42980,2014-03-31,,54761000000,0.430,,,,,4735000000,0.125,5009000000,0.146,2627000000,,0.147,128.39,,0.105,0.127,0.086,,43907000000,26177000000,0.596,1280.38,26177000000,4235000000,-5294000000,-2720000000,11097000000,,0.292,,,,,,true,false,12,2013-04-01,2014-03-31,-1
2015-05-08,42980,2016-03-31,,25720000000,0.073,,,,,2227000000,-0.141,2257000000,-0.159,,1315000000,,64.71,,,,,,,,,,,,,,,,,,,,,,true,true,6,2015-04-01,2015-09-30,1
2015-05-08,42980,2016-03-31,,56862000000,0.170,,,,,5510000000,0.302,5574000000,0.225,,3457000000,,170.11,,,,,,,,,,,,,,,,0.223,,,,,,true,true,12,2015-04-01,2016-03-31,1
2015-05-08,42980,2015-03-31,,24523000000,0.005,,,,,4155000000,-0.065,4319000000,-0.076,2293000000,,-0.097,112.45,,,,,,31612000000,27029000000,0.855,1330.03,27029000000,,,,,38.00,,,,20940000,617370,20398858,false,false,12,2014-04-01,2015-03-31,0
2015-05-08,42980,2014-03-31,,24402000000,-0.034,,,,,4444000000,0.095,4674000000,0.089,2540000000,,0.051,124.12,,,,,,31522000000,25676000000,0.815,1255.85,25676000000,,,,,37.50,,,,20940000,494770,20465392,false,false,12,2013-04-01,2014-03-31,-1
2015-05-08,42980,2016-03-31,,,,,,,,,,,,,,,,,,,,,,,,,,,,,,38.00,,,,,,,false,true,12,2015-04-01,2016-03-31,1
2015-07-31,42980,2016-03-31,1,13209000000,0.083,,,,,1059000000,-0.157,1095000000,-0.161,,572000000,,28.19,,,,,,42396000000,27727000000,0.654,,27727000000,,,,,,,,,,,,true,false,3,2015-04-01,2015-06-30,0
2015-07-31,42980,2015-03-31,1,12200000000,-0.116,,,,,1257000000,-0.052,1305000000,-0.066,,973000000,,47.63,,,,,,,,,,,,,,,,,,,,,,true,false,3,2014-04-01,2014-06-30,-1
2015-07-31,42980,2016-03-31,1,25720000000,0.073,,,,,2227000000,-0.141,2257000000,-0.159,,1315000000,,64.71,,,,,,,,,,,,,,,,,,,,,,true,true,6,2015-04-01,2015-09-30,0
2015-07-31,42980,2016-03-31,1,56862000000,0.170,,,,,5510000000,0.302,5574000000,0.225,,3457000000,,170.11,,,,,,,,,,,,,,,,,,,,,,true,true,12,2015-04-01,2016-03-31,0
2015-07-31,42980,2015-03-31,1,,,,,,,,,,,,,,,,,,,,41751000000,27672000000,0.663,,27672000000,,,,,,,,,,,,true,false,12,2014-04-01,2015-03-31,-1
2015-07-31,42980,2015-03-31,1,,,,,,,,,,,,,,,,,,,,,,,,,,,,,38.00,,,,20940000,617370,,false,false,12,2014-04-01,2015-03-31,-1
2015-07-31,42980,2016-03-31,1,,,,,,,,,,,,,,,,,,,,,,,,,,,,,38.00,,,,,,,false,true,12,2015-04-01,2016-03-31,0
2015-07-31,42980,2016-03-31,1,,,,,,,,,,,,,,,,,,,,,,,,,,,,,,,,,20940000,617450,20322600,false,false,3,2015-04-01,2015-06-30,0
2015-07-31,42980,2015-03-31,1,,,,,,,,,,,,,,,,,,,,,,,,,,,,,,,,,,,20445200,false,false,3,2014-04-01,2014-06-30,-1
2015-10-30,42980,2016-03-31,2,26317000000,0.098,,,,,2220000000,-0.143,2301000000,-0.142,,1244000000,,61.36,,,,,,44114000000,28226000000,0.640,,28226000000,,,,,,,,,,,,true,false,6,2015-04-01,2015-09-30,0
2015-10-30,42980,2015-03-31,2,23963000000,-0.136,,,,,2592000000,0.055,2684000000,0.028,,1769000000,,86.57,,,,,,,,,,,,,,,,,,,,,,true,false,6,2014-04-01,2014-09-30,-1
2015-10-30,42980,2016-03-31,2,56862000000,0.170,,,,,5510000000,0.302,5574000000,0.225,,3457000000,,170.72,,,,,,,,,,,,,,,,,,,,,,true,true,12,2015-04-01,2016-03-31,0
2015-10-30,42980,2015-03-31,2,,,,,,,,,,,,,,,,,,,,41751000000,27672000000,0.663,,27672000000,,,,,,,,,,,,true,false,12,2014-04-01,2015-03-31,-1
2015-10-30,42980,2015-03-31,2,,,,,,,,,,,,,,,,,,,,,,,,,,,,,38.00,,,,20940000,617370,,false,false,12,2014-04-01,2015-03-31,-1
2015-10-30,42980,2016-03-31,2,,,,,,,,,,,,,,,,,,,,,,,,,,,,,19.00,,,,,,,false,false,12,2015-04-01,2016-03-31,0
2015-10-30,42980,2016-03-31,2,,,,,,,,,,,,,,,,,,,,,,,,,,,,,38.00,,,,,,,false,true,12,2015-04-01,2016-03-31,0
2015-10-30,42980,2016-03-31,2,,,,,,,,,,,,,,,,,,,,,,,,,,,,,,,,,20940000,735930,20288727,false,false,6,2015-04-01,2015-09-30,0
2015-10-30,42980,2015-03-31,2,,,,,,,,,,,,,,,,,,,,,,,,,,,,,,,,,,,20445173,false,false,6,2014-04-01,2014-09-30,-1
2016-01-29,42980,2016-03-31,3,40763000000,0.116,,,,,3382000000,-0.105,3498000000,-0.137,,1934000000,,95.46,,,,,,43757000000,28052000000,0.641,,28052000000,,,,,,,,,,,,true,false,9,2015-04-01,2015-12-31,0
2016-01-29,42980,2015-03-31,3,36541000000,-0.120,,,,,3780000000,0.044,4054000000,0.045,,2543000000,,124.55,,,,,,,,,,,,,,,,,,,,,,true,false,9,2014-04-01,2014-12-31,-1
2016-01-29,42980,2016-03-31,3,56862000000,0.170,,,,,5510000000,0.302,5574000000,0.225,,3457000000,,170.72,,,,,,,,,,,,,,,,,,,,,,true,true,12,2015-04-01,2016-03-31,0
2016-01-29,42980,2015-03-31,3,,,,,,,,,,,,,,,,,,,,41751000000,27672000000,0.663,,27672000000,,,,,,,,,,,,true,false,12,2014-04-01,2015-03-31,-1
2016-01-29,42980,2015-03-31,3,,,,,,,,,,,,,,,,,,,,,,,,,,,,,38.00,,,,20940000,617370,,false,false,12,2014-04-01,2015-03-31,-1
2016-01-29,42980,2016-03-31,3,,,,,,,,,,,,,,,,,,,,,,,,,,,,,19.00,,,,,,,false,false,12,2015-04-01,2016-03-31,0
2016-01-29,42980,2016-03-31,3,,,,,,,,,,,,,,,,,,,,,,,,,,,,,38.00,,,,,,,false,true,12,2015-04-01,2016-03-31,0
2016-01-29,42980,2016-03-31,3,,,,,,,,,,,,,,,,,,,,,,,,,,,,,,,,,20940000,735930,20263330,false,false,9,2015-04-01,2015-12-31,0
2016-01-29,42980,2015-03-31,3,,,,,,,,,,,,,,,,,,,,,,,,,,,,,,,,,,,20421722,false,false,9,2014-04-01,2014-12-31,-1
,42980,2016-03-31,,,,,,,,,,,,,,,,,,,,,,,,,,,,,,39.00,,,,,,,false,true,12,2015-04-01,2016-03-31,0
,42980,2016-03-31,,,,,,,,,,,,,,,,,,,,,,,,,,,,,,19.00,,,,,,,false,false,12,2015-04-01,2016-03-31,0
,42980,2015-03-31,,,,,,,,,,,,,,,,,,,,,,,,,,,,,,38.00,,,,,,,false,false,12,2014-04-01,2015-03-31,-1
2016-03-01,42980,2016-03-31,,54155000000,-0.048,,,,,4105000000,-0.255,4219000000,-0.243,-331000000,,,-16.41,,,,,,,,,,,,,,,,,,,,,,true,true,12,2015-04-01,2016-03-31,0
2016-03-01,42980,2015-03-31,,48602000000,,,,,,4233000000,,4548000000,,2381000000,,,116.76,,,,,,,,,,,,,,,,,,,,,,true,false,12,2014-04-01,2015-03-31,-1
2016-05-13,42980,2016-03-31,,54297000000,0.117,,,,,4071000000,-0.038,4190000000,-0.079,,-390000000,,-19.28,,-0.015,0.101,0.075,,40885000000,26001000000,0.636,1286.93,26001000000,3523000000,-3373000000,-839000000,11286000000,,,,,,,,true,false,12,2015-04-01,2016-03-31,0
2016-05-13,42980,2015-03-31,,48602000000,-0.112,,,,,4233000000,-0.106,4548000000,-0.092,,2381000000,,116.76,,0.088,0.106,0.087,,41751000000,27672000000,0.663,1361.64,27672000000,6577000000,-914000000,-4821000000,12030000000,,0.325,,,,,,true,false,12,2014-04-01,2015-03-31,-1
2016-05-13,42980,2017-03-31,,27170000000,0.032,,,,,1161000000,-0.477,1167000000,-0.493,,634000000,,31.38,,,,,,,,,,,,,,,,,,,,,,true,true,6,2016-04-01,2016-09-30,1
2016-05-13,42980,2017-03-31,,58251000000,0.073,,,,,2413000000,-0.407,2431000000,-0.420,,1453000000,,71.92,,,,,,,,,,,,,,,,0.695,,,,,,true,true,12,2016-04-01,2017-03-31,1
2016-05-13,42980,2016-03-31,,24875000000,0.014,,,,,4074000000,-0.019,4276000000,-0.010,-566000000,,,-27.97,,,,,,29049000000,25481000000,0.877,1261.20,25481000000,,,,,39.00,,,,20940000,735930,20249655,false,false,12,2015-04-01,2016-03-31,0
2016-05-13,42980,2015-03-31,,24523000000,0.005,,,,,4155000000,-0.065,4319000000,-0.076,2293000000,,-0.097,112.45,,,,,,31612000000,27029000000,0.855,1330.03,27029000000,,,,,38.00,,,,20940000,617370,20398858,false,false,12,2014-04-01,2015-03-31,-1
2016-05-13,42980,2017-03-31,,,,,,,,,,,,,,,,,,,,,,,,,,,,,,50.00,,,,,,,false,true,12,2016-04-01,2017-03-31,1
2016-07-29,42980,2017-03-31,1,13228000000,0.001,,,,,898000000,-0.152,852000000,-0.222,,500000000,,24.84,,,,,,40583000000,25890000000,0.638,,25890000000,,,,,,,,,,,,true,false,3,2016-04-01,2016-06-30,0
2016-07-29,42980,2016-03-31,1,13209000000,0.083,,,,,1059000000,-0.157,1095000000,-0.161,,572000000,,28.19,,,,,,,,,,,,,,,,,,,,,,true,false,3,2015-04-01,2015-06-30,-1
2016-07-29,42980,2017-03-31,1,27170000000,0.032,,,,,1161000000,-0.477,1167000000,-0.493,,634000000,,31.54,,,,,,,,,,,,,,,,,,,,,,true,true,6,2016-04-01,2016-09-30,0
2016-07-29,42980,2017-03-31,1,58251000000,0.073,,,,,2413000000,-0.407,2431000000,-0.420,,1453000000,,72.35,,,,,,,,,,,,,,,,,,,,,,true,true,12,2016-04-01,2017-03-31,0
2016-07-29,42980,2016-03-31,1,,,,,,,,,,,,,,,,,,,,40885000000,26001000000,0.636,,26001000000,,,,,,,,,,,,true,false,12,2015-04-01,2016-03-31,-1
2016-07-29,42980,2016-03-31,1,,,,,,,,,,,,,,,,,,,,,,,,,,,,,39.00,,,,20940000,735930,,false,false,12,2015-04-01,2016-03-31,-1
2016-07-29,42980,2017-03-31,1,,,,,,,,,,,,,,,,,,,,,,,,,,,,,50.00,,,,,,,false,true,12,2016-04-01,2017-03-31,0
2016-07-29,42980,2017-03-31,1,,,,,,,,,,,,,,,,,,,,,,,,,,,,,,,,,20940000,881430,20137945,false,false,3,2016-04-01,2016-06-30,0
2016-07-29,42980,2016-03-31,1,,,,,,,,,,,,,,,,,,,,,,,,,,,,,,,,,,,20322600,false,false,3,2015-04-01,2015-06-30,-1
2016-10-28,42980,2017-03-31,2,26399000000,0.003,,,,,1338000000,-0.397,1306000000,-0.433,,702000000,,34.93,,,,,,43300000000,26032000000,0.601,,26032000000,,,,,,,,,,,,true,false,6,2016-04-01,2016-09-30,0
2016-10-28,42980,2016-03-31,2,26317000000,0.098,,,,,2220000000,-0.143,2301000000,-0.142,,1244000000,,61.36,,,,,,,,,,,,,,,,,,,,,,true,false,6,2015-04-01,2015-09-30,-1
2016-10-28,42980,2017-03-31,2,58251000000,0.073,,,,,2413000000,-0.407,2431000000,-0.420,,1453000000,,72.35,,,,,,,,,,,,,,,,,,,,,,true,true,12,2016-04-01,2017-03-31,0
2016-10-28,42980,2016-03-31,2,,,,,,,,,,,,,,,,,,,,40885000000,26001000000,0.636,,26001000000,,,,,,,,,,,,true,false,12,2015-04-01,2016-03-31,-1
2016-10-28,42980,2016-03-31,2,,,,,,,,,,,,,,,,,,,,,,,,,,,,,39.00,,,,20940000,735930,,false,false,12,2015-04-01,2016-03-31,-1
2016-10-28,42980,2017-03-31,2,,,,,,,,,,,,,,,,,,,,,,,,,,,,,25.00,,,,,,,false,false,12,2016-04-01,2017-03-31,0
2016-10-28,42980,2017-03-31,2,,,,,,,,,,,,,,,,,,,,,,,,,,,,,50.00,,,,,,,false,true,12,2016-04-01,2017-03-31,0
2016-10-28,42980,2017-03-31,2,,,,,,,,,,,,,,,,,,,,,,,,,,,,,,,,,20940000,881430,20103927,false,false,6,2016-04-01,2016-09-30,0
2016-10-28,42980,2016-03-31,2,,,,,,,,,,,,,,,,,,,,,,,,,,,,,,,,,,,20288727,false,false,6,2015-04-01,2015-09-30,-1
2017-01-31,42980,2017-03-31,3,42390000000,0.040,,,,,2503000000,-0.260,2567000000,-0.266,,1459000000,,72.66,,,,,,43047000000,26292000000,0.611,,26292000000,,,,,,,,,,,,true,false,9,2016-04-01,2016-12-31,0
2017-01-31,42980,2016-03-31,3,40763000000,0.116,,,,,3382000000,-0.105,3498000000,-0.137,,1934000000,,95.46,,,,,,,,,,,,,,,,,,,,,,true,false,9,2015-04-01,2015-12-31,-1
2017-01-31,42980,2017-03-31,3,58251000000,0.073,,,,,2413000000,-0.407,2431000000,-0.420,,1453000000,,72.35,,,,,,,,,,,,,,,,,,,,,,true,true,12,2016-04-01,2017-03-31,0
2017-01-31,42980,2016-03-31,3,,,,,,,,,,,,,,,,,,,,40885000000,26001000000,0.636,,26001000000,,,,,,,,,,,,true,false,12,2015-04-01,2016-03-31,-1
2017-01-31,42980,2016-03-31,3,,,,,,,,,,,,,,,,,,,,,,,,,,,,,39.00,,,,20940000,735930,,false,false,12,2015-04-01,2016-03-31,-1
2017-01-31,42980,2017-03-31,3,,,,,,,,,,,,,,,,,,,,,,,,,,,,,25.00,,,,,,,false,false,12,2016-04-01,2017-03-31,0
2017-01-31,42980,2017-03-31,3,,,,,,,,,,,,,,,,,,,,,,,,,,,,,50.00,,,,,,,false,true,12,2016-04-01,2017-03-31,0
2017-01-31,42980,2017-03-31,3,,,,,,,,,,,,,,,,,,,,,,,,,,,,,,,,,20940000,881430,20090320,false,false,9,2016-04-01,2016-12-31,0
2017-01-31,42980,2016-03-31,3,,,,,,,,,,,,,,,,,,,,,,,,,,,,,,,,,,,20263330,false,false,9,2015-04-01,2015-12-31,-1
2017-05-10,42980,2017-03-31,,56717000000,0.045,,,,,2795000000,-0.313,2883000000,-0.312,,1506000000,,75.02,,0.058,0.070,0.049,,41934000000,26401000000,0.630,1316.22,26401000000,3179000000,-1197000000,-886000000,12383000000,,0.666,,,,,,true,false,12,2016-04-01,2017-03-31,0
2017-05-10,42980,2016-03-31,,54297000000,0.117,,,,,4071000000,-0.038,4190000000,-0.079,,-390000000,,-19.28,,-0.015,0.101,0.075,,40885000000,26001000000,0.636,1286.93,26001000000,3523000000,-3373000000,-839000000,11286000000,,,,,,,,true,false,12,2015-04-01,2016-03-31,-1
2017-05-10,42980,2018-03-31,,29370000000,0.113,,,,,1577000000,0.178,1593000000,0.220,,1008000000,,50.27,,,,,,,,,,,,,,,,,,,,,,true,true,6,2017-04-01,2017-09-30,1
2017-05-10,42980,2018-03-31,,65570000000,0.156,,,,,4500000000,0.610,4532000000,0.572,,2982000000,,148.66,,,,,,,,,,,,,,,,0.336,,,,,,true,true,12,2017-04-01,2018-03-31,1
2017-05-10,42980,2017-03-31,,25726000000,0.034,,,,,2452000000,-0.398,2587000000,-0.395,1335000000,,,66.50,,,,,,29184000000,25747000000,0.882,1283.63,25747000000,,,,,50.00,,,,20940000,881430,20082993,false,false,12,2016-04-01,2017-03-31,0
2017-05-10,42980,2016-03-31,,24875000000,0.014,,,,,4074000000,-0.019,4276000000,-0.010,-566000000,,,-27.97,,,,,,29049000000,25481000000,0.877,1261.20,25481000000,,,,,39.00,,,,20940000,735930,20249655,false,false,12,2015-04-01,2016-03-31,-1
2017-05-10,42980,2018-03-31,,,,,,,,,,,,,,,,,,,,,,,,,,,,,,50.00,,,,,,,false,true,12,2017-04-01,2018-03-31,1
2017-07-31,42980,2018-03-31,1,14978000000,0.132,,,,,1126000000,0.253,1178000000,0.383,,670000000,,33.45,,,,,,42339000000,26635000000,0.628,,26568000000,,,,,,,,,,,,true,false,3,2017-04-01,2017-06-30,0
2017-07-31,42980,2017-03-31,1,13228000000,0.001,,,,,898000000,-0.152,852000000,-0.222,,500000000,,24.84,,,,,,,,,,,,,,,,,,,,,,true,false,3,2016-04-01,2016-06-30,-1
2017-07-31,42980,2018-03-31,1,29370000000,0.113,,,,,1577000000,0.178,1593000000,0.220,,1008000000,,50.27,,,,,,,,,,,,,,,,,,,,,,true,true,6,2017-04-01,2017-09-30,0
2017-07-31,42980,2018-03-31,1,65570000000,0.156,,,,,4500000000,0.610,4532000000,0.572,,2982000000,,148.66,,,,,,,,,,,,,,,,,,,,,,true,true,12,2017-04-01,2018-03-31,0
2017-07-31,42980,2017-03-31,1,,,,,,,,,,,,,,,,,,,,41934000000,26401000000,0.630,,26401000000,,,,,,,,,,,,true,false,12,2016-04-01,2017-03-31,-1
2017-07-31,42980,2017-03-31,1,,,,,,,,,,,,,,,,,,,,,,,,,,,,,50.00,,,,20940000,881430,,false,false,12,2016-04-01,2017-03-31,-1
2017-07-31,42980,2018-03-31,1,,,,,,,,,,,,,,,,,,,,,,,,,,,,,50.00,,,,,,,false,true,12,2017-04-01,2018-03-31,0
2017-07-31,42980,2018-03-31,1,,,,,,,,,,,,,,,,,,,,,,,,,,,,,,,,,20940000,881430,20058570,false,false,3,2017-04-01,2017-06-30,0
2017-07-31,42980,2017-03-31,1,,,,,,,,,,,,,,,,,,,,,,,,,,,,,,,,,,,20137945,false,false,3,2016-04-01,2016-06-30,-1
2017-09-14,42980,2018-03-31,,29370000000,,,,,,1917000000,0.216,2056000000,0.291,,1216000000,,60.64,,,,,,,,,,,,,,,,,,,,,,true,true,6,2017-04-01,2017-09-30,0
2017-09-14,42980,2017-03-31,,26399000000,,,,,,1338000000,,1306000000,,,702000000,,34.93,,,,,,,,,,,,,,,,,,,,,,true,false,6,2016-04-01,2016-09-30,-1
2017-10-13,42980,2018-03-31,,29387000000,0.001,,,,,1804000000,-0.059,1959000000,-0.047,,861000000,,42.94,,,,,,,,,,,,,,,,,,,,,,true,true,6,2017-04-01,2017-09-30,0
2017-10-13,42980,2017-03-31,,26399000000,,,,,,1338000000,,1306000000,,,702000000,,34.93,,,,,,,,,,,,,,,,,,,,,,true,false,6,2016-04-01,2016-09-30,-1
2017-10-30,42980,2018-03-31,2,29386000000,0.113,,,,,1795000000,0.341,1950000000,0.493,,857000000,,42.76,,,,,,46939000000,26826000000,0.570,,26761000000,,,,,,,,,,,,true,false,6,2017-04-01,2017-09-30,0
2017-10-30,42980,2017-03-31,2,26399000000,0.003,,,,,1338000000,-0.397,1306000000,-0.433,,702000000,,34.93,,,,,,,,,,,,,,,,,,,,,,true,false,6,2016-04-01,2016-09-30,-1
2017-10-30,42980,2018-03-31,2,62650000000,0.105,,,,,3700000000,0.323,3859000000,0.338,,2120000000,,105.69,,,,,,,,,,,,,,,,,,,,,,true,true,12,2017-04-01,2018-03-31,0
2017-10-30,42980,2017-03-31,2,,,,,,,,,,,,,,,,,,,,41934000000,26401000000,0.630,,26401000000,,,,,,,,,,,,true,false,12,2016-04-01,2017-03-31,-1
2017-10-30,42980,2017-03-31,2,,,,,,,,,,,,,,,,,,,,,,,,,,,,,50.00,,,,20940000,881430,,false,false,12,2016-04-01,2017-03-31,-1
2017-10-30,42980,2018-03-31,2,,,,,,,,,,,,,,,,,,,,,,,,,,,,,25.00,,,,,,,false,false,12,2017-04-01,2018-03-31,0
2017-10-30,42980,2018-03-31,2,,,,,,,,,,,,,,,,,,,,,,,,,,,,,50.00,,,,,,,false,true,12,2017-04-01,2018-03-31,0
2017-10-30,42980,2018-03-31,2,,,,,,,,,,,,,,,,,,,,,,,,,,,,,,,,,20940000,881450,20058561,false,false,6,2017-04-01,2017-09-30,0
2017-10-30,42980,2017-03-31,2,,,,,,,,,,,,,,,,,,,,,,,,,,,,,,,,,,,20103927,false,false,6,2016-04-01,2016-09-30,-1
2017-10-30,42980,2018-03-31,,62650000000,-0.045,,,,,3700000000,-0.178,3859000000,-0.148,,2120000000,,105.69,,,,,,,,,,,,,,,,,,,,,,true,true,12,2017-04-01,2018-03-31,0
2017-10-30,42980,2017-03-31,,56717000000,,,,,,2795000000,,2883000000,,,1506000000,,75.02,,,,,,,,,,,,,,,,,,,,,,true,false,12,2016-04-01,2017-03-31,-1
2018-01-31,42980,2018-03-31,3,46788000000,0.104,,,,,3068000000,0.226,3243000000,0.263,,1639000000,,81.73,,,,,,46572000000,27107000000,0.581,,27078000000,,,,,,,,,,,,true,false,9,2017-04-01,2017-12-31,0
2018-01-31,42980,2017-03-31,3,42390000000,0.040,,,,,2503000000,-0.260,2567000000,-0.266,,1459000000,,72.66,,,,,,,,,,,,,,,,,,,,,,true,false,9,2016-04-01,2016-12-31,-1
2018-01-31,42980,2018-03-31,3,62650000000,0.105,,,,,3700000000,0.323,3859000000,0.338,,2120000000,,105.69,,,,,,,,,,,,,,,,,,,,,,true,true,12,2017-04-01,2018-03-31,0
2018-01-31,42980,2017-03-31,3,,,,,,,,,,,,,,,,,,,,41934000000,26401000000,0.630,,26401000000,,,,,,,,,,,,true,false,12,2016-04-01,2017-03-31,-1
2018-01-31,42980,2017-03-31,3,,,,,,,,,,,,,,,,,,,,,,,,,,,,,50.00,,,,20940000,881430,,false,false,12,2016-04-01,2017-03-31,-1
2018-01-31,42980,2018-03-31,3,,,,,,,,,,,,,,,,,,,,,,,,,,,,,25.00,,,,,,,false,false,12,2017-04-01,2018-03-31,0
2018-01-31,42980,2018-03-31,3,,,,,,,,,,,,,,,,,,,,,,,,,,,,,50.00,,,,,,,false,true,12,2017-04-01,2018-03-31,0
2018-01-31,42980,2018-03-31,3,,,,,,,,,,,,,,,,,,,,,,,,,,,,,,,,,20940000,881490,20058554,false,false,9,2017-04-01,2017-12-31,0
2018-01-31,42980,2017-03-31,3,,,,,,,,,,,,,,,,,,,,,,,,,,,,,,,,,,,20090320,false,false,9,2016-04-01,2016-12-31,-1
2018-03-23,42980,2018-03-31,,61929000000,-0.012,,,,,3700000000,0.000,3868000000,0.002,,606000000,,30.24,,,,,,,,,,,,,,,,,,,,,,true,true,12,2017-04-01,2018-03-31,0
2018-03-23,42980,2017-03-31,,56717000000,,,,,,2795000000,,2883000000,,,1506000000,,75.02,,,,,,,,,,,,,,,,,,,,,,true,false,12,2016-04-01,2017-03-31,-1
2018-05-11,42980,2018-03-31,,62111000000,0.095,,,,,3674000000,0.314,3735000000,0.296,,519000000,,25.89,,0.020,0.087,0.059,,44417000000,25977000000,0.584,1293.62,25948000000,3999000000,-1576000000,898000000,15729000000,,1.931,,,,,,true,false,12,2017-04-01,2018-03-31,0
2018-05-11,42980,2017-03-31,,56717000000,0.045,,,,,2795000000,-0.313,2883000000,-0.312,,1506000000,,75.02,,0.058,0.070,0.049,,41934000000,26401000000,0.630,1316.22,26401000000,3179000000,-1197000000,-886000000,12383000000,,0.666,,,,,,true,false,12,2016-04-01,2017-03-31,-1
2018-05-11,42980,2019-03-31,,29513000000,0.004,,,,,1735000000,-0.034,1747000000,-0.104,,1108000000,,55.24,,,,,,,,,,,,,,,,,,,,,,true,true,6,2018-04-01,2018-09-30,1
2018-05-11,42980,2019-03-31,,62370000000,0.004,,,,,4100000000,0.116,4125000000,0.104,,2700000000,,134.61,,,,,,,,,,,,,,,,0.371,,,,,,true,true,12,2018-04-01,2019-03-31,1
2018-05-11,42980,2018-03-31,,28312000000,0.101,,,,,3292000000,0.343,3434000000,0.328,105000000,,-0.921,5.24,,,,,,30836000000,24861000000,0.806,1239.45,24861000000,,,,,50.00,,,,20940000,881530,20058535,false,false,12,2017-04-01,2018-03-31,0
2018-05-11,42980,2017-03-31,,25726000000,0.034,,,,,2452000000,-0.398,2587000000,-0.395,1335000000,,,66.50,,,,,,29184000000,25747000000,0.882,1283.63,25747000000,,,,,50.00,,,,20940000,881430,20082993,false,false,12,2016-04-01,2017-03-31,-1
2018-05-11,42980,2019-03-31,,,,,,,,,,,,,,,,,,,,,,,,,,,,,,50.00,,,,,,,false,true,12,2018-04-01,2019-03-31,1
2018-07-31,42980,2019-03-31,1,15816000000,0.056,,,,,1263000000,0.122,1421000000,0.206,,914000000,,45.61,,,,,,43213000000,26393000000,0.610,,26364000000,,,,,,,,,,,,true,false,3,2018-04-01,2018-06-30,0
2018-07-31,42980,2018-03-31,1,14978000000,0.132,,,,,1126000000,0.253,1178000000,0.383,,670000000,,33.45,,,,,,,,,,,,,,,,,,,,,,true,false,3,2017-04-01,2017-06-30,-1
2018-07-31,42980,2019-03-31,1,29513000000,0.004,,,,,1735000000,-0.034,1747000000,-0.104,,1108000000,,55.24,,,,,,,,,,,,,,,,,,,,,,true,true,6,2018-04-01,2018-09-30,0
2018-07-31,42980,2019-03-31,1,62370000000,0.004,,,,,4100000000,0.116,4125000000,0.104,,2700000000,,134.61,,,,,,,,,,,,,,,,,,,,,,true,true,12,2018-04-01,2019-03-31,0
2018-07-31,42980,2018-03-31,1,,,,,,,,,,,,,,,,,,,,44393000000,25977000000,0.585,,25948000000,,,,,,,,,,,,true,false,12,2017-04-01,2018-03-31,-1
2018-07-31,42980,2018-03-31,1,,,,,,,,,,,,,,,,,,,,,,,,,,,,,50.00,,,,20940000,881530,,false,false,12,2017-04-01,2018-03-31,-1
2018-07-31,42980,2019-03-31,1,,,,,,,,,,,,,,,,,,,,,,,,,,,,,50.00,,,,,,,false,true,12,2018-04-01,2019-03-31,0
2018-07-31,42980,2019-03-31,1,,,,,,,,,,,,,,,,,,,,,,,,,,,,,,,,,20940000,881530,20058470,false,false,3,2018-04-01,2018-06-30,0
2018-07-31,42980,2018-03-31,1,,,,,,,,,,,,,,,,,,,,,,,,,,,,,,,,,,,20058570,false,false,3,2017-04-01,2017-06-30,-1
2018-09-14,42980,2019-03-31,,30525000000,0.034,,,,,2176000000,0.254,2341000000,0.340,,1443000000,,71.96,,,,,,,,,,,,,,,,,,,,,,true,true,6,2018-04-01,2018-09-30,0
2018-09-14,42980,2018-03-31,,29386000000,,,,,,1795000000,,1950000000,,,857000000,,42.76,,,,,,,,,,,,,,,,,,,,,,true,false,6,2017-04-01,2017-09-30,-1
2018-10-31,42980,2019-03-31,2,30591000000,0.041,,,,,2218000000,0.235,2422000000,0.242,,1515000000,,75.57,,,,,,44774000000,26968000000,0.602,,26939000000,,,,,,,,,,,,true,false,6,2018-04-01,2018-09-30,0
2018-10-31,42980,2018-03-31,2,29386000000,0.113,,,,,1795000000,0.341,1950000000,0.493,,857000000,,42.76,,,,,,,,,,,,,,,,,,,,,,true,false,6,2017-04-01,2017-09-30,-1
2018-10-31,42980,2019-03-31,2,62728000000,0.010,,,,,4420000000,0.203,4644000000,0.243,,2978000000,,148.49,,,,,,,,,,,,,,,,,,,,,,true,true,12,2018-04-01,2019-03-31,0
2018-10-31,42980,2018-03-31,2,,,,,,,,,,,,,,,,,,,,44393000000,25977000000,0.585,,25948000000,,,,,,,,,,,,true,false,12,2017-04-01,2018-03-31,-1
2018-10-31,42980,2018-03-31,2,,,,,,,,,,,,,,,,,,,,,,,,,,,,,50.00,,,,20940000,881530,,false,false,12,2017-04-01,2018-03-31,-1
2018-10-31,42980,2019-03-31,2,,,,,,,,,,,,,,,,,,,,,,,,,,,,,25.00,,,,,,,false,false,12,2018-04-01,2019-03-31,0
2018-10-31,42980,2019-03-31,2,,,,,,,,,,,,,,,,,,,,,,,,,,,,,50.00,,,,,,,false,true,12,2018-04-01,2019-03-31,0
2018-10-31,42980,2019-03-31,2,,,,,,,,,,,,,,,,,,,,,,,,,,,,,,,,,20940000,881530,20058470,false,false,6,2018-04-01,2018-09-30,0
2018-10-31,42980,2018-03-31,2,,,,,,,,,,,,,,,,,,,,,,,,,,,,,,,,,,,20058561,false,false,6,2017-04-01,2017-09-30,-1
2019-01-31,42980,2019-03-31,3,47820000000,0.022,,,,,3958000000,0.290,4228000000,0.304,,2709000000,,135.10,,,,,,44352000000,27569000000,0.621,,27530000000,,,,,,,,,,,,true,false,9,2018-04-01,2018-12-31,0
2019-01-31,42980,2018-03-31,3,46788000000,0.104,,,,,3068000000,0.226,3243000000,0.263,,1639000000,,81.73,,,,,,,,,,,,,,,,,,,,,,true,false,9,2017-04-01,2017-12-31,-1
2019-01-31,42980,2019-03-31,3,62728000000,0.010,,,,,4420000000,0.203,4644000000,0.243,,2978000000,,148.49,,,,,,,,,,,,,,,,,,,,,,true,true,12,2018-04-01,2019-03-31,0
2019-01-31,42980,2018-03-31,3,,,,,,,,,,,,,,,,,,,,44393000000,25977000000,0.585,,25948000000,,,,,,,,,,,,true,false,12,2017-04-01,2018-03-31,-1
2019-01-31,42980,2018-03-31,3,,,,,,,,,,,,,,,,,,,,,,,,,,,,,50.00,,,,20940000,881530,,false,false,12,2017-04-01,2018-03-31,-1
2019-01-31,42980,2019-03-31,3,,,,,,,,,,,,,,,,,,,,,,,,,,,,,25.00,,,,,,,false,false,12,2018-04-01,2019-03-31,0
2019-01-31,42980,2019-03-31,3,,,,,,,,,,,,,,,,,,,,,,,,,,,,,50.00,,,,,,,false,true,12,2018-04-01,2019-03-31,0
2019-01-31,42980,2019-03-31,3,,,,,,,,,,,,,,,,,,,,,,,,,,,,,,,,,20940000,881530,20058470,false,false,9,2018-04-01,2018-12-31,0
2019-01-31,42980,2018-03-31,3,,,,,,,,,,,,,,,,,,,,,,,,,,,,,,,,,,,20058554,false,false,9,2017-04-01,2017-12-31,-1
2019-05-14,42980,2019-03-31,,62251000000,0.002,,,,,4565000000,0.242,5004000000,0.340,,3159000000,,157.51,,0.117,0.113,0.073,,43879000000,28029000000,0.638,1395.69,27995000000,3807000000,-1352000000,-2846000000,15356000000,,0.317,,,,,,true,false,12,2018-04-01,2019-03-31,0
2019-05-14,42980,2018-03-31,,62111000000,0.095,,,,,3674000000,0.314,3735000000,0.296,,519000000,,25.89,,0.020,0.087,0.059,,44393000000,25977000000,0.585,1293.62,25948000000,3999000000,-1576000000,898000000,15729000000,,1.931,,,,,,true,false,12,2017-04-01,2018-03-31,-1
2019-05-14,42980,2020-03-31,,29516000000,-0.035,,,,,2105000000,-0.051,2114000000,-0.127,,1362000000,,33.95,,,,,,,,,,,,,,,,,,,,,,true,true,6,2019-04-01,2019-09-30,1
2019-05-14,42980,2020-03-31,,62431000000,0.003,,,,,4916000000,0.077,4942000000,-0.012,,3274000000,,81.61,,,,,,,,,,,,,,,,0.337,,,,,,true,true,12,2019-04-01,2020-03-31,1
2019-05-14,42980,2019-03-31,,29877000000,0.055,,,,,3950000000,0.200,4002000000,0.165,1574000000,,,78.49,,,,,,30025000000,25337000000,0.844,1263.18,25337000000,,,,,50.00,,,,20940000,881530,20058470,false,false,12,2018-04-01,2019-03-31,0
2019-05-14,42980,2018-03-31,,28312000000,0.101,,,,,3292000000,0.343,3434000000,0.328,105000000,,-0.921,5.24,,,,,,30836000000,24861000000,0.806,1239.45,24861000000,,,,,50.00,,,,20940000,881530,20058535,false,false,12,2017-04-01,2018-03-31,-1
2019-05-14,42980,2020-03-31,,,,,,,,,,,,,,,,,,,,,,,,,,,,,,27.50,,,,,,,false,true,12,2019-04-01,2020-03-31,1
2019-07-31,42980,2020-03-31,1,14698000000,-0.071,,,,,1448000000,0.146,1436000000,0.011,,1035000000,,25.82,,,,,,43751000000,28524000000,0.651,,28497000000,,,,,,,,,,,,true,false,3,2019-04-01,2019-06-30,0
2019-07-31,42980,2019-03-31,1,15816000000,0.056,,,,,1263000000,0.122,1421000000,0.206,,914000000,,22.80,,,,,,,,,,,,,,,,,,,,,,true,false,3,2018-04-01,2018-06-30,-1
2019-07-31,42980,2020-03-31,1,29516000000,-0.035,,,,,2105000000,-0.051,2114000000,-0.127,,2600000000,,64.83,,,,,,,,,,,,,,,,,,,,,,true,true,6,2019-04-01,2019-09-30,0
2019-07-31,42980,2020-03-31,1,62431000000,0.003,,,,,4916000000,0.077,4942000000,-0.012,,4512000000,,112.49,,,,,,,,,,,,,,,,,,,,,,true,true,12,2019-04-01,2020-03-31,0
2019-07-31,42980,2019-03-31,1,,,,,,,,,,,,,,,,,,,,43879000000,28029000000,0.638,,27995000000,,,,,,,,,,,,true,false,12,2018-04-01,2019-03-31,-1
2019-07-31,42980,2019-03-31,1,,,,,,,,,,,,,,,,,,,,,,,,,,,,,50.00,,,,41880000,1763060,,false,false,12,2018-04-01,2019-03-31,-1
2019-07-31,42980,2020-03-31,1,,,,,,,,,,,,,,,,,,,,,,,,,,,,,27.50,,,,,,,false,true,12,2019-04-01,2020-03-31,0
2019-07-31,42980,2020-03-31,1,,,,,,,,,,,,,,,,,,,,,,,,,,,,,,,,,41880000,1763136,40116921,false,false,3,2019-04-01,2019-06-30,0
2019-07-31,42980,2019-03-31,1,,,,,,,,,,,,,,,,,,,,,,,,,,,,,,,,,,,40116940,false,false,3,2018-04-01,2018-06-30,-1
2019-10-31,42980,2020-03-31,2,29845000000,-0.024,,,,,2719000000,0.226,2778000000,0.147,,3178000000,,79.20,,,,,,47766000000,30681000000,0.642,,30663000000,,,,,,,,,,,,true,false,6,2019-04-01,2019-09-30,0
2019-10-31,42980,2019-03-31,2,30591000000,0.041,,,,,2218000000,0.235,2422000000,0.242,,1515000000,,37.79,,,,,,,,,,,,,,,,,,,,,,true,false,6,2018-04-01,2018-09-30,-1
2019-10-31,42980,2020-03-31,2,62431000000,0.003,,,,,4916000000,0.077,4942000000,-0.012,,4512000000,,112.41,,,,,,,,,,,,,,,,,,,,,,true,true,12,2019-04-01,2020-03-31,0
2019-10-31,42980,2019-03-31,2,,,,,,,,,,,,,,,,,,,,43879000000,28029000000,0.638,,27995000000,,,,,,,,,,,,true,false,12,2018-04-01,2019-03-31,-1
2019-10-31,42980,2019-03-31,2,,,,,,,,,,,,,,,,,,,,,,,,,,,,,50.00,,,,41880000,1763060,,false,false,12,2018-04-01,2019-03-31,-1
2019-10-31,42980,2020-03-31,2,,,,,,,,,,,,,,,,,,,,,,,,,,,,,13.75,,,,,,,false,false,12,2019-04-01,2020-03-31,0
2019-10-31,42980,2020-03-31,2,,,,,,,,,,,,,,,,,,,,,,,,,,,,,27.50,,,,,,,false,true,12,2019-04-01,2020-03-31,0
2019-10-31,42980,2020-03-31,2,,,,,,,,,,,,,,,,,,,,,,,,,,,,,,,,,41925300,1763312,40129814,false,false,6,2019-04-01,2019-09-30,0
2019-10-31,42980,2019-03-31,2,,,,,,,,,,,,,,,,,,,,,,,,,,,,,,,,,,,40116940,false,false,6,2018-04-01,2018-09-30,-1
2020-01-31,42980,2020-03-31,3,44980000000,-0.059,,,,,4341000000,0.097,4584000000,0.084,,4569000000,,113.83,,,,,,44829000000,31521000000,0.703,,31508000000,,,,,,,,,,,,true,false,9,2019-04-01,2019-12-31,0
2020-01-31,42980,2019-03-31,3,47820000000,0.022,,,,,3958000000,0.290,4228000000,0.304,,2709000000,,67.55,,,,,,,,,,,,,,,,,,,,,,true,false,9,2018-04-01,2018-12-31,-1
2020-01-31,42980,2020-03-31,3,62431000000,0.003,,,,,4916000000,0.077,4942000000,-0.012,,4512000000,,112.41,,,,,,,,,,,,,,,,,,,,,,true,true,12,2019-04-01,2020-03-31,0
2020-01-31,42980,2019-03-31,3,,,,,,,,,,,,,,,,,,,,43879000000,28029000000,0.638,,27995000000,,,,,,,,,,,,true,false,12,2018-04-01,2019-03-31,-1
2020-01-31,42980,2019-03-31,3,,,,,,,,,,,,,,,,,,,,,,,,,,,,,50.00,,,,41880000,1763060,,false,false,12,2018-04-01,2019-03-31,-1
2020-01-31,42980,2020-03-31,3,,,,,,,,,,,,,,,,,,,,,,,,,,,,,13.75,,,,,,,false,false,12,2019-04-01,2020-03-31,0
2020-01-31,42980,2020-03-31,3,,,,,,,,,,,,,,,,,,,,,,,,,,,,,27.50,,,,,,,false,true,12,2019-04-01,2020-03-31,0
2020-01-31,42980,2020-03-31,3,,,,,,,,,,,,,,,,,,,,,,,,,,,,,,,,,41925300,1763312,40139466,false,false,9,2019-04-01,2019-12-31,0
2020-01-31,42980,2019-03-31,3,,,,,,,,,,,,,,,,,,,,,,,,,,,,,,,,,,,40116940,false,false,9,2018-04-01,2018-12-31,-1
2020-05-14,42980,2020-03-31,,59127000000,-0.050,,,,,5136000000,0.125,5354000000,0.070,,4991000000,,124.33,,0.167,0.121,0.087,,44726000000,31932000000,0.713,794.38,31903000000,6014000000,401000000,-4459000000,17336000000,,0.221,,,,,,true,false,12,2019-04-01,2020-03-31,0
2020-05-14,42980,2019-03-31,,62251000000,0.002,,,,,4565000000,0.242,5004000000,0.340,,3159000000,,78.75,,0.117,0.113,0.073,,43879000000,28029000000,0.638,697.85,27995000000,3807000000,-1352000000,-2846000000,15356000000,,0.317,,,,,,true,false,12,2018-04-01,2019-03-31,-1
2020-05-14,42980,2020-03-31,,30077000000,0.007,,,,,4205000000,0.065,4250000000,0.062,3919000000,,1.489,97.64,,,,,,32988000000,28391000000,0.861,706.93,28391000000,,,,,27.50,,,,41925300,1763392,40144645,false,false,12,2019-04-01,2020-03-31,0
2020-05-14,42980,2019-03-31,,29877000000,0.055,,,,,3950000000,0.200,4002000000,0.165,1574000000,,,39.25,,,,,,30025000000,25337000000,0.844,631.59,25337000000,,,,,50.00,,,,41880000,1763060,40116940,false,false,12,2018-04-01,2019-03-31,-1
2020-05-14,42980,2021-03-31,,,,,,,,,,,,,,,,,,,,,,,,,,,,,,25.00,,,,,,,false,true,12,2020-04-01,2021-03-31,1
2020-07-31,42980,2021-03-31,1,13518000000,-0.080,,,,,1502000000,0.037,1554000000,0.082,,1017000000,,25.34,,,,,,44535000000,32520000000,0.730,,32493000000,,,,,,,,,,,,true,false,3,2020-04-01,2020-06-30,0
2020-07-31,42980,2020-03-31,1,14698000000,-0.071,,,,,1448000000,0.146,1436000000,0.011,,1035000000,,25.82,,,,,,,,,,,,,,,,,,,,,,true,false,3,2019-04-01,2019-06-30,-1
2020-07-31,42980,2021-03-31,1,28090000000,-0.059,,,,,2234000000,-0.179,2292000000,-0.175,,1443000000,,35.93,,,,,,,,,,,,,,,,,,,,,,true,true,6,2020-04-01,2020-09-30,0
2020-07-31,42980,2021-03-31,1,60000000000,0.015,,,,,5225000000,0.017,5289000000,-0.012,,3481000000,,86.68,,,,,,,,,,,,,,,,,,,,,,true,true,12,2020-04-01,2021-03-31,0
2020-07-31,42980,2020-03-31,1,,,,,,,,,,,,,,,,,,,,44726000000,31932000000,0.713,,31903000000,,,,,,,,,,,,true,false,12,2019-04-01,2020-03-31,-1
2020-07-31,42980,2020-03-31,1,,,,,,,,,,,,,,,,,,,,,,,,,,,,,27.50,,,,41925300,1763392,,false,false,12,2019-04-01,2020-03-31,-1
2020-07-31,42980,2021-03-31,1,,,,,,,,,,,,,,,,,,,,,,,,,,,,,25.00,,,,,,,false,true,12,2020-04-01,2021-03-31,0
2020-07-31,42980,2021-03-31,1,,,,,,,,,,,,,,,,,,,,,,,,,,,,,,,,,41925300,1766217,40159789,false,false,3,2020-04-01,2020-06-30,0
2020-07-31,42980,2020-03-31,1,,,,,,,,,,,,,,,,,,,,,,,,,,,,,,,,,,,40116921,false,false,3,2019-04-01,2019-06-30,-1
2020-10-30,42980,2021-03-31,2,27456000000,-0.080,,,,,2838000000,0.044,2828000000,0.018,,1791000000,,44.62,,,,,,47368000000,34037000000,0.718,,34007000000,,,,,,,,,,,,true,false,6,2020-04-01,2020-09-30,0
2020-10-30,42980,2020-03-31,2,29845000000,-0.024,,,,,2719000000,0.226,2778000000,0.147,,3178000000,,79.20,,,,,,,,,,,,,,,,,,,,,,true,false,6,2019-04-01,2019-09-30,-1
2020-10-30,42980,2021-03-31,2,60000000000,0.015,,,,,5225000000,0.017,5289000000,-0.012,,3481000000,,86.68,,,,,,,,,,,,,,,,,,,,,,true,true,12,2020-04-01,2021-03-31,0
2020-10-30,42980,2020-03-31,2,,,,,,,,,,,,,,,,,,,,44726000000,31932000000,0.713,,31903000000,,,,,,,,,,,,true,false,12,2019-04-01,2020-03-31,-1
2020-10-30,42980,2020-03-31,2,,,,,,,,,,,,,,,,,,,,,,,,,,,,,27.50,,,,41925300,1763392,,false,false,12,2019-04-01,2020-03-31,-1
2020-10-30,42980,2021-03-31,2,,,,,,,,,,,,,,,,,,,,,,,,,,,,,12.50,,,,,,,false,false,12,2020-04-01,2021-03-31,0
2020-10-30,42980,2021-03-31,2,,,,,,,,,,,,,,,,,,,,,,,,,,,,,25.00,,,,,,,false,true,12,2020-04-01,2021-03-31,0
2020-10-30,42980,2021-03-31,2,,,,,,,,,,,,,,,,,,,,,,,,,,,,,,,,,41925300,1766217,40159487,false,false,6,2020-04-01,2020-09-30,0
2020-10-30,42980,2020-03-31,2,,,,,,,,,,,,,,,,,,,,,,,,,,,,,,,,,,,40129814,false,false,6,2019-04-01,2019-09-30,-1
2021-01-29,42980,2021-03-31,3,44771000000,-0.005,,,,,4927000000,0.135,4873000000,0.063,,3229000000,,80.42,,,,,,47916000000,34686000000,0.723,,34655000000,,,,,,,,,,,,true,false,9,2020-04-01,2020-12-31,0
2021-01-29,42980,2020-03-31,3,44980000000,-0.059,,,,,4341000000,0.097,4584000000,0.084,,4569000000,,113.83,,,,,,,,,,,,,,,,,,,,,,true,false,9,2019-04-01,2019-12-31,-1
2021-01-29,42980,2021-03-31,3,59210000000,0.001,,,,,5720000000,0.114,5660000000,0.057,,3700000000,,92.13,,,,,,,,,,,,,,,,,,,,,,true,true,12,2020-04-01,2021-03-31,0
2021-01-29,42980,2020-03-31,3,,,,,,,,,,,,,,,,,,,,44726000000,31932000000,0.713,,31903000000,,,,,,,,,,,,true,false,12,2019-04-01,2020-03-31,-1
2021-01-29,42980,2020-03-31,3,,,,,,,,,,,,,,,,,,,,,,,,,,,,,27.50,,,,41925300,1763392,,false,false,12,2019-04-01,2020-03-31,-1
2021-01-29,42980,2021-03-31,3,,,,,,,,,,,,,,,,,,,,,,,,,,,,,12.50,,,,,,,false,false,12,2020-04-01,2021-03-31,0
2021-01-29,42980,2021-03-31,3,,,,,,,,,,,,,,,,,,,,,,,,,,,,,25.00,,,,,,,false,true,12,2020-04-01,2021-03-31,0
2021-01-29,42980,2021-03-31,3,,,,,,,,,,,,,,,,,,,,,,,,,,,,,,,,,41925300,1766217,40159366,false,false,9,2020-04-01,2020-12-31,0
2021-01-29,42980,2020-03-31,3,,,,,,,,,,,,,,,,,,,,,,,,,,,,,,,,,,,40139466,false,false,9,2019-04-01,2019-12-31,-1
2021-05-13,42980,2021-03-31,,60097000000,0.016,,,,,5941000000,0.157,6118000000,0.143,,4853000000,,120.86,,0.143,0.130,0.099,,49388000000,35934000000,0.727,893.97,35901000000,6574000000,-898000000,-1530000000,21485000000,,0.207,,,,,,true,false,12,2020-04-01,2021-03-31,0
2021-05-13,42980,2020-03-31,,59127000000,-0.050,,,,,5136000000,0.125,5354000000,0.070,,4991000000,,124.33,,0.167,0.121,0.087,,44726000000,31932000000,0.713,794.38,31903000000,6014000000,401000000,-4459000000,17336000000,,0.221,,,,,,true,false,12,2019-04-01,2020-03-31,-1
2021-05-13,42980,2022-03-31,,27528000000,0.003,,,,,2683000000,-0.055,2675000000,-0.054,,3287000000,,81.86,,,,,,,,,,,,,,,,,,,,,,true,true,6,2021-04-01,2021-09-30,1
2021-05-13,42980,2022-03-31,,60000000000,-0.002,,,,,6100000000,0.027,6080000000,-0.006,,5615000000,,139.82,,,,,,,,,,,,,,,,0.181,,,,,,true,true,12,2021-04-01,2022-03-31,1
2021-05-13,42980,2021-03-31,,30646000000,0.019,,,,,4839000000,0.151,4885000000,0.149,4164000000,,0.063,103.70,,,,,,36698000000,31850000000,0.868,793.10,31850000000,,,,,25.00,,,,41925300,1766217,40159300,false,false,12,2020-04-01,2021-03-31,0
2021-05-13,42980,2020-03-31,,30077000000,0.007,,,,,4205000000,0.065,4250000000,0.062,3919000000,,1.489,97.64,,,,,,32988000000,28391000000,0.861,706.93,28391000000,,,,,27.50,,,,41925300,1763392,40144645,false,false,12,2019-04-01,2020-03-31,-1
2021-05-13,42980,2022-03-31,,,,,,,,,,,,,,,,,,,,,,,,,,,,,,25.00,,,,,,,false,true,12,2021-04-01,2022-03-31,1
2021-07-30,42980,2022-03-31,1,13661000000,0.073,,,,,1780000000,0.185,1865000000,0.200,,2281000000,,56.81,,,,,,50918000000,37791000000,0.742,,37757000000,,,,,,,,,,,,true,false,3,2021-04-01,2021-06-30,0
2021-07-30,42980,2021-03-31,1,12737000000,,,,,,1502000000,0.037,1554000000,0.082,,1017000000,,25.34,,,,,,,,,,,,,,,,,,,,,,true,false,3,2020-04-01,2020-06-30,-1
2021-07-30,42980,2022-03-31,1,27528000000,0.003,,,,,2683000000,-0.055,2675000000,-0.054,,3287000000,,81.86,,,,,,,,,,,,,,,,,,,,,,true,true,6,2021-04-01,2021-09-30,0
2021-07-30,42980,2022-03-31,1,60000000000,-0.002,,,,,6100000000,0.027,6080000000,-0.006,,5615000000,,139.82,,,,,,,,,,,,,,,,,,,,,,true,true,12,2021-04-01,2022-03-31,0
2021-07-30,42980,2021-03-31,1,,,,,,,,,,,,,,,,,,,,49388000000,35934000000,0.727,,35901000000,,,,,,,,,,,,true,false,12,2020-04-01,2021-03-31,-1
2021-07-30,42980,2021-03-31,1,,,,,,,,,,,,,,,,,,,,,,,,,,,,,25.00,,,,41925300,1766217,,false,false,12,2020-04-01,2021-03-31,-1
2021-07-30,42980,2022-03-31,1,,,,,,,,,,,,,,,,,,,,,,,,,,,,,35.00,,,,,,,false,true,12,2021-04-01,2022-03-31,0
2021-07-30,42980,2022-03-31,1,,,,,,,,,,,,,,,,,,,,,,,,,,,,,,,,,41925300,1766297,40159063,false,false,3,2021-04-01,2021-06-30,0
2021-07-30,42980,2021-03-31,1,,,,,,,,,,,,,,,,,,,,,,,,,,,,,,,,,,,40159789,false,false,3,2020-04-01,2020-06-30,-1
2021-10-29,42980,2022-03-31,2,26308000000,0.018,,,,,3084000000,0.086,3230000000,0.142,,3623000000,,90.20,,,,,,52850000000,39343000000,0.744,,39308000000,,,,,,,,,,,,true,false,6,2021-04-01,2021-09-30,0
2021-10-29,42980,2021-03-31,2,25843000000,,,,,,2838000000,0.044,2828000000,0.018,,1791000000,,44.62,,,,,,,,,,,,,,,,,,,,,,true,false,6,2020-04-01,2020-09-30,-1
2021-10-29,42980,2022-03-31,2,60000000000,-0.002,,,,,6100000000,0.027,6080000000,-0.006,,5615000000,,139.74,,,,,,,,,,,,,,,,,,,,,,true,true,12,2021-04-01,2022-03-31,0
2021-10-29,42980,2021-03-31,2,,,,,,,,,,,,,,,,,,,,49388000000,35934000000,0.727,,35901000000,,,,,,,,,,,,true,false,12,2020-04-01,2021-03-31,-1
2021-10-29,42980,2021-03-31,2,,,,,,,,,,,,,,,,,,,,,,,,,,,,,25.00,,,,41925300,1766217,,false,false,12,2020-04-01,2021-03-31,-1
2021-10-29,42980,2022-03-31,2,,,,,,,,,,,,,,,,,,,,,,,,,,,,,17.50,,,,,,,false,false,12,2021-04-01,2022-03-31,0
2021-10-29,42980,2022-03-31,2,,,,,,,,,,,,,,,,,,,,,,,,,,,,,35.00,,,,,,,false,true,12,2021-04-01,2022-03-31,0
2021-10-29,42980,2022-03-31,2,,,,,,,,,,,,,,,,,,,,,,,,,,,,,,,,,41925300,1729997,40169409,false,false,6,2021-04-01,2021-09-30,0
2021-10-29,42980,2021-03-31,2,,,,,,,,,,,,,,,,,,,,,,,,,,,,,,,,,,,40159487,false,false,6,2020-04-01,2020-09-30,-1
2022-01-31,42980,2022-03-31,3,42692000000,0.023,,,,,5141000000,0.044,5294000000,0.087,,5049000000,,125.69,,,,,,54355000000,40034000000,0.736,,39999000000,,,,,,,,,,,,true,false,9,2021-04-01,2021-12-31,0
2022-01-31,42980,2021-03-31,3,41717000000,,,,,,4926000000,,4872000000,,,3228000000,,80.39,,,,,,,,,,,,,,,,,,,,,,true,false,9,2020-04-01,2020-12-31,-1
2022-01-31,42980,2022-03-31,3,60000000000,-0.002,,,,,6100000000,0.027,6080000000,-0.006,,5615000000,,139.74,,,,,,,,,,,,,,,,,,,,,,true,true,12,2021-04-01,2022-03-31,0
2022-01-31,42980,2021-03-31,3,,,,,,,,,,,,,,,,,,,,49388000000,35934000000,0.727,,35901000000,,,,,,,,,,,,true,false,12,2020-04-01,2021-03-31,-1
2022-01-31,42980,2021-03-31,3,,,,,,,,,,,,,,,,,,,,,,,,,,,,,25.00,,,,41925300,1766217,,false,false,12,2020-04-01,2021-03-31,-1
2022-01-31,42980,2022-03-31,3,,,,,,,,,,,,,,,,,,,,,,,,,,,,,17.50,,,,,,,false,false,12,2021-04-01,2022-03-31,0
2022-01-31,42980,2022-03-31,3,,,,,,,,,,,,,,,,,,,,,,,,,,,,,35.00,,,,,,,false,true,12,2021-04-01,2022-03-31,0
2022-01-31,42980,2022-03-31,3,,,,,,,,,,,,,,,,,,,,,,,,,,,,,,,,,41925300,1729997,40177177,false,false,9,2021-04-01,2021-12-31,0
2022-01-31,42980,2021-03-31,3,,,,,,,,,,,,,,,,,,,,,,,,,,,,,,,,,,,40159366,false,false,9,2020-04-01,2020-12-31,-1
2022-05-13,42980,2022-03-31,,57446000000,0.030,,,,,6422000000,0.081,6622000000,0.082,,5880000000,,146.34,,0.154,0.127,0.112,,54525000000,40397000000,0.740,1004.13,40361000000,4533000000,1458000000,-1547000000,25939000000,,0.239,,,,,,true,false,12,2021-04-01,2022-03-31,0
2022-05-13,42980,2021-03-31,,55787000000,,,,,,5941000000,0.157,6118000000,0.143,,4853000000,,120.86,,0.143,0.130,0.107,,49388000000,35934000000,0.727,893.97,35901000000,6574000000,-898000000,-1530000000,21485000000,,0.207,,,,,,true,false,12,2020-04-01,2021-03-31,-1
2022-05-13,42980,2023-03-31,,40586000000,0.543,,,,,2887000000,-0.064,2951000000,-0.086,,1946000000,,48.41,,,,,,,,,,,,,,,,,,,,,,true,true,6,2022-04-01,2022-09-30,1
2022-05-13,42980,2023-03-31,,85681000000,0.491,,,,,6500000000,0.012,6650000000,0.004,,4450000000,,110.71,,,,,,,,,,,,,,,,0.316,,,,,,true,true,12,2022-04-01,2023-03-31,1
2022-05-13,42980,2022-03-31,,28910000000,0.060,,,,,5681000000,0.174,5683000000,0.163,6412000000,,0.540,159.60,,,,,,42433000000,37175000000,0.876,924.88,37175000000,,,,,35.00,,,,41925300,1729997,40181360,false,false,12,2021-04-01,2022-03-31,0
2022-05-13,42980,2021-03-31,,27266000000,,,,,,4839000000,0.151,4885000000,0.149,4164000000,,0.063,103.70,,,,,,36698000000,31850000000,0.868,793.10,31850000000,,,,,25.00,,,,41925300,1766217,40159300,false,false,12,2020-04-01,2021-03-31,-1
2022-05-13,42980,2023-03-31,,,,,,,,,,,,,,,,,,,,,,,,,,,,,,35.00,,,,,,,false,true,12,2022-04-01,2023-03-31,1
2022-07-29,42980,2023-03-31,1,23784000000,0.741,,,,,2082000000,0.169,2100000000,0.126,,1398000000,,34.80,,,,,,55421000000,40718000000,0.734,,40681000000,,,,,,,,,,,,true,false,3,2022-04-01,2022-06-30,0
2022-07-29,42980,2022-03-31,1,13661000000,0.073,,,,,1780000000,0.185,1865000000,0.200,,2281000000,,56.81,,,,,,,,,,,,,,,,,,,,,,true,false,3,2021-04-01,2021-06-30,-1
2022-07-29,42980,2023-03-31,1,40586000000,0.543,,,,,2887000000,-0.064,2951000000,-0.086,,1946000000,,48.41,,,,,,,,,,,,,,,,,,,,,,true,true,6,2022-04-01,2022-09-30,0
2022-07-29,42980,2023-03-31,1,85681000000,0.491,,,,,6500000000,0.012,6650000000,0.004,,4450000000,,110.71,,,,,,,,,,,,,,,,,,,,,,true,true,12,2022-04-01,2023-03-31,0
2022-07-29,42980,2022-03-31,1,,,,,,,,,,,,,,,,,,,,54525000000,40397000000,0.740,,40361000000,,,,,,,,,,,,true,false,12,2021-04-01,2022-03-31,-1
2022-07-29,42980,2022-03-31,1,,,,,,,,,,,,,,,,,,,,,,,,,,,,,35.00,,,,41925300,1729997,,false,false,12,2021-04-01,2022-03-31,-1
2022-07-29,42980,2023-03-31,1,,,,,,,,,,,,,,,,,,,,,,,,,,,,,35.00,,,,,,,false,true,12,2022-04-01,2023-03-31,0
2022-07-29,42980,2023-03-31,1,,,,,,,,,,,,,,,,,,,,,,,,,,,,,,,,,41925300,1729997,40195303,false,false,3,2022-04-01,2022-06-30,0
2022-07-29,42980,2022-03-31,1,,,,,,,,,,,,,,,,,,,,,,,,,,,,,,,,,,,40159063,false,false,3,2021-04-01,2021-06-30,-1
2022-10-31,42980,2023-03-31,2,49811000000,0.893,,,,,3607000000,0.170,3668000000,0.136,,2401000000,,59.74,,,,,,60830000000,42124000000,0.688,,41879000000,,,,,,,,,,,,true,false,6,2022-04-01,2022-09-30,0
2022-10-31,42980,2022-03-31,2,26308000000,0.018,,,,,3084000000,0.086,3230000000,0.142,,3623000000,,90.20,,,,,,,,,,,,,,,,,,,,,,true,false,6,2021-04-01,2021-09-30,-1
2022-10-31,42980,2023-03-31,2,95000000000,0.654,,,,,7200000000,0.121,7350000000,0.110,,4900000000,,121.87,,,,,,,,,,,,,,,,,,,,,,true,true,12,2022-04-01,2023-03-31,0
2022-10-31,42980,2022-03-31,2,,,,,,,,,,,,,,,,,,,,54525000000,40397000000,0.740,,40361000000,,,,,,,,,,,,true,false,12,2021-04-01,2022-03-31,-1
2022-10-31,42980,2022-03-31,2,,,,,,,,,,,,,,,,,,,,,,,,,,,,,35.00,,,,41925300,1729997,,false,false,12,2021-04-01,2022-03-31,-1
2022-10-31,42980,2023-03-31,2,,,,,,,,,,,,,,,,,,,,,,,,,,,,,17.50,,,,,,,false,false,12,2022-04-01,2023-03-31,0
2022-10-31,42980,2023-03-31,2,,,,,,,,,,,,,,,,,,,,,,,,,,,,,35.00,,,,,,,false,true,12,2022-04-01,2023-03-31,0
2022-10-31,42980,2023-03-31,2,,,,,,,,,,,,,,,,,,,,,,,,,,,,,,,,,41925300,1729997,40195303,false,false,6,2022-04-01,2022-09-30,0
2022-10-31,42980,2022-03-31,2,,,,,,,,,,,,,,,,,,,,,,,,,,,,,,,,,,,40169409,false,false,6,2021-04-01,2021-09-30,-1
2023-01-31,42980,2023-03-31,3,79329000000,0.858,,,,,5976000000,0.162,5378000000,0.016,,3490000000,,86.83,,,,,,61951000000,42456000000,0.680,,42151000000,,,,,,,,,,,,true,false,9,2022-04-01,2022-12-31,0
2023-01-31,42980,2022-03-31,3,42692000000,0.023,,,,,5141000000,0.044,5294000000,0.087,,5049000000,,125.69,,,,,,,,,,,,,,,,,,,,,,true,false,9,2021-04-01,2021-12-31,-1
2023-01-31,42980,2023-03-31,3,95000000000,0.654,,,,,7200000000,0.121,7350000000,0.110,,4900000000,,121.87,,,,,,,,,,,,,,,,,,,,,,true,true,12,2022-04-01,2023-03-31,0
2023-01-31,42980,2022-03-31,3,,,,,,,,,,,,,,,,,,,,54525000000,40397000000,0.740,,40361000000,,,,,,,,,,,,true,false,12,2021-04-01,2022-03-31,-1
2023-01-31,42980,2022-03-31,3,,,,,,,,,,,,,,,,,,,,,,,,,,,,,35.00,,,,41925300,1729997,,false,false,12,2021-04-01,2022-03-31,-1
2023-01-31,42980,2023-03-31,3,,,,,,,,,,,,,,,,,,,,,,,,,,,,,17.50,,,,,,,false,false,12,2022-04-01,2023-03-31,0
2023-01-31,42980,2023-03-31,3,,,,,,,,,,,,,,,,,,,,,,,,,,,,,35.00,,,,,,,false,true,12,2022-04-01,2023-03-31,0
2023-01-31,42980,2023-03-31,3,,,,,,,,,,,,,,,,,,,,,,,,,,,,,,,,,41925300,1704227,40203058,false,false,9,2022-04-01,2022-12-31,0
2023-01-31,42980,2022-03-31,3,,,,,,,,,,,,,,,,,,,,,,,,,,,,,,,,,,,40177177,false,false,9,2021-04-01,2021-12-31,-1
2023-05-12,42980,2023-03-31,,105596000000,0.838,,,,,7336000000,0.142,6963000000,0.051,,4424000000,,110.05,,0.106,0.121,0.069,,60553000000,43515000000,0.713,1073.68,43184000000,4330000000,-4638000000,-2128000000,23494000000,,0.318,,,,,,true,false,12,2022-04-01,2023-03-31,0
2023-05-12,42980,2022-03-31,,57446000000,0.030,,,,,6422000000,0.081,6622000000,0.082,,5880000000,,146.34,,0.154,0.127,0.112,,54525000000,40397000000,0.740,1004.13,40361000000,4533000000,1458000000,-1547000000,25939000000,,0.239,,,,,,true,false,12,2021-04-01,2022-03-31,-1
2023-05-12,42980,2024-03-31,,51400000000,0.032,,,,,3350000000,-0.071,3340000000,-0.090,,2290000000,,56.95,,,,,,,,,,,,,,,,,,,,,,true,true,6,2023-04-01,2023-09-30,1
2023-05-12,42980,2024-03-31,,109380000000,0.036,,,,,7740000000,0.055,7730000000,0.110,,5340000000,,132.81,,,,,,,,,,,,,,,,0.264,,,,,,true,true,12,2023-04-01,2024-03-31,1
2023-05-12,42980,2023-03-31,,30516000000,0.056,,,,,6163000000,0.085,6076000000,0.069,4095000000,,-0.361,101.85,,,,,,44610000000,39685000000,0.890,986.68,39685000000,,,,,35.00,,,,41925300,1704227,40207215,false,false,12,2022-04-01,2023-03-31,0
2023-05-12,42980,2022-03-31,,28910000000,0.060,,,,,5681000000,0.174,5683000000,0.163,6412000000,,0.540,159.60,,,,,,42433000000,37175000000,0.876,924.88,37175000000,,,,,35.00,,,,41925300,1729997,40181360,false,false,12,2021-04-01,2022-03-31,-1
2023-05-12,42980,2024-03-31,,,,,,,,,,,,,,,,,,,,,,,,,,,,,,35.00,,,,,,,false,true,12,2023-04-01,2024-03-31,1
2023-07-31,42980,2024-03-31,1,27220000000,0.144,,,,,2231000000,0.072,2755000000,0.312,,1808000000,,44.97,,,,,,62164000000,45010000000,0.718,,44637000000,,,,,,,,,,,,true,false,3,2023-04-01,2023-06-30,0
2023-07-31,42980,2023-03-31,1,23784000000,0.741,,,,,2082000000,0.169,2100000000,0.126,,1398000000,,34.80,,,,,,,,,,,,,,,,,,,,,,true,false,3,2022-04-01,2022-06-30,-1
2023-07-31,42980,2024-03-31,1,51400000000,0.032,,,,,3350000000,-0.071,3340000000,-0.090,,2290000000,,56.92,,,,,,,,,,,,,,,,,,,,,,true,true,6,2023-04-01,2023-09-30,0
2023-07-31,42980,2024-03-31,1,109380000000,0.036,,,,,7740000000,0.055,7730000000,0.110,,5340000000,,132.68,,,,,,,,,,,,,,,,,,,,,,true,true,12,2023-04-01,2024-03-31,0
2023-07-31,42980,2023-03-31,1,,,,,,,,,,,,,,,,,,,,60553000000,43515000000,0.713,,43184000000,,,,,,,,,,,,true,false,12,2022-04-01,2023-03-31,-1
2023-07-31,42980,2023-03-31,1,,,,,,,,,,,,,,,,,,,,,,,,,,,,,35.00,,,,41925300,1704227,,false,false,12,2022-04-01,2023-03-31,-1
2023-07-31,42980,2024-03-31,1,,,,,,,,,,,,,,,,,,,,,,,,,,,,,35.00,,,,,,,false,true,12,2023-04-01,2024-03-31,0
2023-07-31,42980,2024-03-31,1,,,,,,,,,,,,,,,,,,,,,,,,,,,,,,,,,41925300,1704307,40221033,false,false,3,2023-04-01,2023-06-30,0
2023-07-31,42980,2023-03-31,1,,,,,,,,,,,,,,,,,,,,,,,,,,,,,,,,,,,40195303,false,false,3,2022-04-01,2022-06-30,-1
2023-10-31,42980,2024-03-31,2,54558000000,0.095,,,,,3774000000,0.046,4317000000,0.177,,2836000000,,70.50,,,,,,64490000000,45778000000,0.705,,45435000000,,,,,,,,,,,,true,false,6,2023-04-01,2023-09-30,0
2023-10-31,42980,2023-03-31,2,49811000000,0.893,,,,,3607000000,0.170,3668000000,0.136,,2401000000,,59.74,,,,,,,,,,,,,,,,,,,,,,true,false,6,2022-04-01,2022-09-30,-1
2023-10-31,42980,2024-03-31,2,112538000000,0.066,,,,,8164000000,0.113,8707000000,0.250,,5886000000,,146.26,,,,,,,,,,,,,,,,,,,,,,true,true,12,2023-04-01,2024-03-31,0
2023-10-31,42980,2023-03-31,2,,,,,,,,,,,,,,,,,,,,60553000000,43515000000,0.713,,43184000000,,,,,,,,,,,,true,false,12,2022-04-01,2023-03-31,-1
2023-10-31,42980,2023-03-31,2,,,,,,,,,,,,,,,,,,,,,,,,,,,,,35.00,,,,41925300,1704227,,false,false,12,2022-04-01,2023-03-31,-1
2023-10-31,42980,2024-03-31,2,,,,,,,,,,,,,,,,,,,,,,,,,,,,,17.50,,,,,,,false,false,12,2023-04-01,2024-03-31,0
2023-10-31,42980,2024-03-31,2,,,,,,,,,,,,,,,,,,,,,,,,,,,,,35.00,,,,,,,false,true,12,2023-04-01,2024-03-31,0
2023-10-31,42980,2024-03-31,2,,,,,,,,,,,,,,,,,,,,,,,,,,,,,,,,,41925300,1663807,40232587,false,false,6,2023-04-01,2023-09-30,0
2023-10-31,42980,2023-03-31,2,,,,,,,,,,,,,,,,,,,,,,,,,,,,,,,,,,,40195303,false,false,6,2022-04-01,2022-09-30,-1
2024-01-31,42980,2024-03-31,3,86857000000,0.095,,,,,6328000000,0.059,6818000000,0.268,,4553000000,,113.14,,,,,,64636000000,46690000000,0.717,,46334000000,,,,,,,,,,,,true,false,9,2023-04-01,2023-12-31,0
2024-01-31,42980,2023-03-31,3,79329000000,0.858,,,,,5976000000,0.162,5378000000,0.016,,3490000000,,86.83,,,,,,,,,,,,,,,,,,,,,,true,false,9,2022-04-01,2022-12-31,-1
2024-01-31,42980,2024-03-31,3,112538000000,0.066,,,,,8164000000,0.113,8707000000,0.250,,5886000000,,146.26,,,,,,,,,,,,,,,,,,,,,,true,true,12,2023-04-01,2024-03-31,0
2024-01-31,42980,2023-03-31,3,,,,,,,,,,,,,,,,,,,,60553000000,43515000000,0.713,,43184000000,,,,,,,,,,,,true,false,12,2022-04-01,2023-03-31,-1
2024-01-31,42980,2023-03-31,3,,,,,,,,,,,,,,,,,,,,,,,,,,,,,35.00,,,,41925300,1704227,,false,false,12,2022-04-01,2023-03-31,-1
2024-01-31,42980,2024-03-31,3,,,,,,,,,,,,,,,,,,,,,,,,,,,,,17.50,,,,,,,false,false,12,2023-04-01,2024-03-31,0
2024-01-31,42980,2024-03-31,3,,,,,,,,,,,,,,,,,,,,,,,,,,,,,35.00,,,,,,,false,true,12,2023-04-01,2024-03-31,0
2024-01-31,42980,2024-03-31,3,,,,,,,,,,,,,,,,,,,,,,,,,,,,,,,,,41925300,1663807,40241259,false,false,9,2023-04-01,2023-12-31,0
2024-01-31,42980,2023-03-31,3,,,,,,,,,,,,,,,,,,,,,,,,,,,,,,,,,,,40203058,false,false,9,2022-04-01,2022-12-31,-1
,42980,2024-03-31,,,,,,,,,,,,,,,,,,,,,,,,,,,,,,42.50,,,,,,,false,true,12,2023-04-01,2024-03-31,0
,42980,2024-03-31,,,,,,,,,,,,,,,,,,,,,,,,,,,,,,17.50,,,,,,,false,false,12,2023-04-01,2024-03-31,0
,42980,2023-03-31,,,,,,,,,,,,,,,,,,,,,,,,,,,,,,35.00,,,,,,,false,false,12,2022-04-01,2023-03-31,-1
2024-05-10,42980,2024-03-31,,115548000000,0.094,,,,,7704000000,0.050,8274000000,0.188,,5471000000,,135.96,,0.121,0.130,0.067,,66604000000,47664000000,0.710,1175.24,47316000000,4537000000,-1568000000,-984000000,25485000000,,0.313,,,,,,true,false,12,2023-04-01,2024-03-31,0
2024-05-10,42980,2023-03-31,,105596000000,0.838,,,,,7336000000,0.142,6963000000,0.051,,4424000000,,110.05,,0.106,0.121,0.069,,60553000000,43515000000,0.713,1073.68,43184000000,4330000000,-4638000000,-2128000000,23494000000,,0.318,,,,,,true,false,12,2022-04-01,2023-03-31,-1
2024-05-10,42980,2025-03-31,,55546000000,0.018,,,,,3393000000,-0.101,3377000000,-0.218,,2295000000,,57.00,,,,,,,,,,,,,,,,,,,,,,true,true,6,2024-04-01,2024-09-30,1
2024-05-10,42980,2025-03-31,,117178000000,0.014,,,,,8238000000,0.069,8227000000,-0.006,,5571000000,,138.37,,,,,,,,,,,,,,,,0.361,,,,,,true,true,12,2024-04-01,2025-03-31,1
2024-05-10,42980,2024-03-31,,32096000000,0.052,,,,,6714000000,0.089,6642000000,0.093,4552000000,,0.112,113.11,,,,,,48322000000,42905000000,0.888,1065.66,42905000000,,,,,42.50,,,,41925300,1663807,40245928,false,false,12,2023-04-01,2024-03-31,0
2024-05-10,42980,2023-03-31,,30516000000,0.056,,,,,6163000000,0.085,6076000000,0.069,4095000000,,-0.361,101.85,,,,,,44610000000,39685000000,0.890,986.68,39685000000,,,,,35.00,,,,41925300,1704227,40207215,false,false,12,2022-04-01,2023-03-31,-1
2024-05-10,42980,2025-03-31,,,,,,,,,,,,,,,,,,,,,,,,,,,,,,50.00,,,,,,,false,true,12,2024-04-01,2025-03-31,1
2024-08-05,42980,2025-03-31,1,29690000000,0.091,,,,,2277000000,0.021,2323000000,-0.157,,1595000000,,39.61,,,,,,66092000000,48270000000,0.724,,47863000000,,,,,,,,,,,,true,false,3,2024-04-01,2024-06-30,0
2024-08-05,42980,2024-03-31,1,27220000000,0.144,,,,,2231000000,0.072,2755000000,0.312,,1808000000,,44.97,,,,,,,,,,,,,,,,,,,,,,true,false,3,2023-04-01,2023-06-30,-1
2024-08-05,42980,2025-03-31,1,55546000000,0.018,,,,,3393000000,-0.101,3377000000,-0.218,,2295000000,,56.98,,,,,,,,,,,,,,,,,,,,,,true,true,6,2024-04-01,2024-09-30,0
2024-08-05,42980,2025-03-31,1,117178000000,0.014,,,,,8238000000,0.069,8227000000,-0.006,,5571000000,,138.31,,,,,,,,,,,,,,,,,,,,,,true,true,12,2024-04-01,2025-03-31,0
2024-08-05,42980,2024-03-31,1,,,,,,,,,,,,,,,,,,,,66604000000,47664000000,0.710,,47316000000,,,,,,,,,,,,true,false,12,2023-04-01,2024-03-31,-1
2024-08-05,42980,2024-03-31,1,,,,,,,,,,,,,,,,,,,,,,,,,,,,,42.50,,,,41925300,1663807,,false,false,12,2023-04-01,2024-03-31,-1
2024-08-05,42980,2025-03-31,1,,,,,,,,,,,,,,,,,,,,,,,,,,,,,50.00,,,,,,,false,true,12,2024-04-01,2025-03-31,0
2024-08-05,42980,2025-03-31,1,,,,,,,,,,,,,,,,,,,,,,,,,,,,,,,,,41925300,1646407,40271068,false,false,3,2024-04-01,2024-06-30,0
2024-08-05,42980,2024-03-31,1,,,,,,,,,,,,,,,,,,,,,,,,,,,,,,,,,,,40221033,false,false,3,2023-04-01,2023-06-30,-1
2024-05-10,42980,2024-03-31,,115631000000,0.098,,,,,7894000000,0.110,8427000000,0.261,,5552000000,,137.96,,0.124,0.133,0.068,,66156000000,47244000000,0.709,1164.80,46896000000,4399000000,-1430000000,-984000000,25485000000,,0.308,,,,,,true,false,12,2023-04-01,2024-03-31,0
2024-05-10,42980,2023-03-31,,105317000000,0.840,,,,,7114000000,0.123,6683000000,0.024,,4189000000,,104.19,,0.101,0.117,0.068,,60286000000,43015000000,0.708,1061.24,42684000000,4200000000,-4508000000,-2128000000,23494000000,,0.336,,,,,,true,false,12,2022-04-01,2023-03-31,-1
2024-05-10,42980,2025-03-31,,55546000000,0.021,,,,,3393000000,-0.077,3377000000,-0.197,,2295000000,,57.00,,,,,,,,,,,,,,,,,,,,,,true,true,6,2024-04-01,2024-09-30,1
2024-05-10,42980,2025-03-31,,117178000000,0.013,,,,,8238000000,0.043,8227000000,-0.024,,5571000000,,138.37,,,,,,,,,,,,,,,,0.361,,,,,,true,true,12,2024-04-01,2025-03-31,1
2024-05-10,42980,2024-03-31,,31875000000,0.050,,,,,6737000000,0.087,6628000000,0.094,4530000000,,0.115,112.57,,,,,,48256000000,42805000000,0.887,1063.20,42805000000,,,,,42.50,,,,41925300,1663807,40245928,false,false,12,2023-04-01,2024-03-31,0
2024-05-10,42980,2023-03-31,,30350000000,0.054,,,,,6200000000,0.081,6058000000,0.058,4064000000,,-0.371,101.10,,,,,,44563000000,39607000000,0.889,984.75,39607000000,,,,,35.00,,,,41925300,1704227,40207215,false,false,12,2022-04-01,2023-03-31,-1
2024-05-10,42980,2025-03-31,,,,,,,,,,,,,,,,,,,,,,,,,,,,,,50.00,,,,,,,false,true,12,2024-04-01,2025-03-31,1
2024-12-20,42980,2025-03-31,2,57218000000,0.051,,,,,3818000000,0.039,3508000000,-0.166,,2115000000,,52.52,,,,,,69737000000,48361000000,0.688,,47979000000,,,,,,,,,,,,true,false,6,2024-04-01,2024-09-30,0
2024-12-20,42980,2024-03-31,2,54419000000,0.095,,,,,3674000000,0.038,4207000000,0.182,,2751000000,,68.40,,,,,,,,,,,,,,,,,,,,,,true,false,6,2023-04-01,2023-09-30,-1
2024-12-20,42980,2025-03-31,2,117178000000,0.013,,,,,8238000000,0.043,8227000000,-0.024,,5571000000,,138.31,,,,,,,,,,,,,,,,,,,,,,true,true,12,2024-04-01,2025-03-31,0
2024-12-20,42980,2024-03-31,2,,,,,,,,,,,,,,,,,,,,66156000000,47244000000,0.709,,46896000000,,,,,,,,,,,,true,false,12,2023-04-01,2024-03-31,-1
2024-12-20,42980,2024-03-31,2,,,,,,,,,,,,,,,,,,,,,,,,,,,,,42.50,,,,41925300,1663807,,false,false,12,2023-04-01,2024-03-31,-1
2024-12-20,42980,2025-03-31,2,,,,,,,,,,,,,,,,,,,,,,,,,,,,,25.00,,,,,,,false,false,12,2024-04-01,2025-03-31,0
2024-12-20,42980,2025-03-31,2,,,,,,,,,,,,,,,,,,,,,,,,,,,,,50.00,,,,,,,false,true,12,2024-04-01,2025-03-31,0
2024-12-20,42980,2025-03-31,2,,,,,,,,,,,,,,,,,,,,,,,,,,,,,,,,,41925300,1612367,40284142,false,false,6,2024-04-01,2024-09-30,0
2024-12-20,42980,2024-03-31,2,,,,,,,,,,,,,,,,,,,,,,,,,,,,,,,,,,,40232587,false,false,6,2023-04-01,2023-09-30,-1
2024-08-05,42980,2025-03-31,1,29690000000,0.093,,,,,2241000000,0.027,2286000000,-0.153,,1569000000,,38.98,,,,,,65663000000,47824000000,0.722,,47417000000,,,,,,,,,,,,true,false,3,2024-04-01,2024-06-30,0
2024-08-05,42980,2024-03-31,1,27156000000,0.145,,,,,2183000000,0.061,2700000000,0.304,,1765000000,,43.89,,,,,,,,,,,,,,,,,,,,,,true,false,3,2023-04-01,2023-06-30,-1
2024-08-05,42980,2025-03-31,1,55546000000,0.021,,,,,3393000000,-0.077,3377000000,-0.197,,2295000000,,56.98,,,,,,,,,,,,,,,,,,,,,,true,true,6,2024-04-01,2024-09-30,0
2024-08-05,42980,2025-03-31,1,117178000000,0.013,,,,,8238000000,0.043,8227000000,-0.024,,5571000000,,138.31,,,,,,,,,,,,,,,,,,,,,,true,true,12,2024-04-01,2025-03-31,0
2024-08-05,42980,2024-03-31,1,,,,,,,,,,,,,,,,,,,,66156000000,47244000000,0.709,,46896000000,,,,,,,,,,,,true,false,12,2023-04-01,2024-03-31,-1
2024-08-05,42980,2024-03-31,1,,,,,,,,,,,,,,,,,,,,,,,,,,,,,42.50,,,,41925300,1663807,,false,false,12,2023-04-01,2024-03-31,-1
2024-08-05,42980,2025-03-31,1,,,,,,,,,,,,,,,,,,,,,,,,,,,,,50.00,,,,,,,false,true,12,2024-04-01,2025-03-31,0
2024-08-05,42980,2025-03-31,1,,,,,,,,,,,,,,,,,,,,,,,,,,,,,,,,,41925300,1646407,40271068,false,false,3,2024-04-01,2024-06-30,0
2024-08-05,42980,2024-03-31,1,,,,,,,,,,,,,,,,,,,,,,,,,,,,,,,,,,,40221033,false,false,3,2023-04-01,2023-06-30,-1
2025-02-04,42980,2025-03-31,3,91235000000,0.053,,,,,6829000000,0.101,6966000000,0.045,,4236000000,,105.14,,,,,,70324000000,49571000000,0.698,,49084000000,,,,,,,,,,,,true,false,9,2024-04-01,2024-12-31,0
2025-02-04,42980,2024-03-31,3,86665000000,0.095,,,,,6205000000,0.065,6665000000,0.286,,4432000000,,110.14,,,,,,,,,,,,,,,,,,,,,,true,false,9,2023-04-01,2023-12-31,-1
2025-02-04,42980,2025-03-31,3,117178000000,0.013,,,,,8238000000,0.043,8227000000,-0.024,,5571000000,,138.25,,,,,,,,,,,,,,,,,,,,,,true,true,12,2024-04-01,2025-03-31,0
2025-02-04,42980,2024-03-31,3,,,,,,,,,,,,,,,,,,,,66156000000,47244000000,0.709,,46896000000,,,,,,,,,,,,true,false,12,2023-04-01,2024-03-31,-1
2025-02-04,42980,2024-03-31,3,,,,,,,,,,,,,,,,,,,,,,,,,,,,,42.50,,,,41925300,1663807,,false,false,12,2023-04-01,2024-03-31,-1
2025-02-04,42980,2025-03-31,3,,,,,,,,,,,,,,,,,,,,,,,,,,,,,25.00,,,,,,,false,false,12,2024-04-01,2025-03-31,0
2025-02-04,42980,2025-03-31,3,,,,,,,,,,,,,,,,,,,,,,,,,,,,,25.00,,,,,,,false,true,12,2024-04-01,2025-03-31,0
2025-02-04,42980,2025-03-31,3,,,,,,,,,,,,,,,,,,,,,,,,,,,,,,,,,41925300,1615794,40292094,false,false,9,2024-04-01,2024-12-31,0
2025-02-04,42980,2024-03-31,3,,,,,,,,,,,,,,,,,,,,,,,,,,,,,,,,,,,40241259,false,false,9,2023-04-01,2023-12-31,-1
2025-05-12,42980,2025-03-31,,121325000000,0.049,,,,,8610000000,0.091,8780000000,0.042,,4912000000,,121.91,,0.102,0.129,0.071,,69908000000,50180000000,0.710,1232.16,49667000000,6381000000,-1060000000,-1555000000,29264000000,,0.205,,,,,,true,false,12,2024-04-01,2025-03-31,0
2025-05-12,42980,2024-03-31,,115631000000,0.098,,,,,7894000000,0.110,8427000000,0.261,,5552000000,,137.96,,0.124,0.133,0.068,,66156000000,47244000000,0.709,1164.80,46896000000,4399000000,-1430000000,-984000000,25485000000,,0.308,,,,,,true,false,12,2023-04-01,2024-03-31,-1
2025-05-12,42980,2024-03-31,,,,,,,,,,,,,,,,,,,,,,,,,,,,,,42.50,,,,41925300,1663807,40245928,false,false,12,2023-04-01,2024-03-31,-1
2025-05-12,42980,2025-03-31,,,,,,,,,,,,,,,,,,,,,,,,,,,,,,25.00,,,,41925300,1615894,40296104,false,false,12,2024-04-01,2025-03-31,0
2025-05-12,42980,2026-03-31,,,,,,,,,,,,,,,,,,,,,,,,,,,,,,0.00,,,,,,,false,true,12,2025-04-01,2026-03-31,1
2025-05-12,42980,2026-03-31,,,,,,,,,,,,,,,,,,,,,,,,,,,,,,,0.000,,,,,,true,true,12,2025-04-01,2026-03-31,1
