filing_date,code,fiscal_year_end,quarterly_period,net_sales,net_sales_change,revenue,revenue_change,operating_revenue,operating_revenue_change,operating_profit,operating_profit_change,ordinary_profit,ordinary_profit_change,net_income,net_income_of_parent,net_income_change,eps,diluted_eps,roe,roa,operating_profit_to_net_sales,operating_profit_to_revenue,total_assets,net_assets,equity_ratio,bps,owner_equity,operating_cash_flow,investing_cash_flow,financing_cash_flow,cash,dividend_per_share,payout_ratio,commemorative_dividend,extra_dividend,number_of_shares,number_of_treqsury_shares,avg_number_of_shares,is_consolidated,is_forecast,duration,period_start,period_end,period_pos
2015-05-15,42990,2015-03-31,,10180000000,0.091,,,,,777000000,0.100,782000000,0.094,659000000,,0.607,135.31,,0.119,0.098,0.076,,8028000000,5817000000,0.725,1193.75,5817000000,483000000,-179000000,-121000000,3287000000,,0.222,,,,,,true,false,12,2014-04-01,2015-03-31,0
2015-05-15,42990,2014-03-31,,9328000000,0.028,,,,,706000000,0.126,715000000,0.144,410000000,,0.186,84.19,,0.080,0.095,0.076,,7876000000,5305000000,0.674,1088.61,5305000000,640000000,-28000000,-121000000,3105000000,,0.297,,,,,,true,false,12,2013-04-01,2014-03-31,-1
2015-05-15,42990,2016-03-31,,5100000000,0.020,,,,,338000000,0.004,341000000,0.000,,218000000,,44.73,,,,,,,,,,,,,,,,,,,,,,true,true,6,2015-04-01,2015-09-30,1
2015-05-15,42990,2016-03-31,,10700000000,0.051,,,,,800000000,0.029,805000000,0.029,,515000000,,105.68,,,,,,,,,,,,,,,,0.303,,,,,,true,true,12,2015-04-01,2016-03-31,1
2015-05-15,42990,2015-03-31,,9544000000,0.087,,,,,737000000,0.105,742000000,0.098,635000000,,0.634,130.50,,,,,,7507000000,5363000000,0.714,1100.60,5363000000,,,,,30.00,,,,6206496,1333224,4873287,false,false,12,2014-04-01,2015-03-31,0
2015-05-15,42990,2014-03-31,,8783000000,0.016,,,,,668000000,0.119,676000000,0.139,389000000,,0.184,79.88,,,,,,7405000000,4863000000,0.657,997.99,4863000000,,,,,25.00,,,,6206496,1333185,4873371,false,false,12,2013-04-01,2014-03-31,-1
2015-05-15,42990,2016-03-31,,,,,,,,,,,,,,,,,,,,,,,,,,,,,,32.00,,,,,,,false,true,12,2015-04-01,2016-03-31,1
2015-08-05,42990,2016-03-31,1,2656000000,0.098,,,,,206000000,0.743,210000000,0.737,,134000000,,27.49,,,,,,7744000000,5861000000,0.757,1202.63,5861000000,,,,,,,,,,,,true,false,3,2015-04-01,2015-06-30,0
2015-08-05,42990,2015-03-31,1,2418000000,0.159,,,,,118000000,0.371,121000000,0.374,,75000000,,15.29,,,,,,,,,,,,,,,,,,,,,,true,false,3,2014-04-01,2014-06-30,-1
2015-08-05,42990,2016-03-31,1,5100000000,0.020,,,,,338000000,0.004,341000000,0.000,,218000000,,44.73,,,,,,,,,,,,,,,,,,,,,,true,true,6,2015-04-01,2015-09-30,0
2015-08-05,42990,2016-03-31,1,10700000000,0.051,,,,,800000000,0.029,805000000,0.029,,515000000,,105.68,,,,,,,,,,,,,,,,,,,,,,true,true,12,2015-04-01,2016-03-31,0
2015-08-05,42990,2015-03-31,1,,,,,,,,,,,,,,,,,,,,8029000000,5817000000,0.725,1193.75,5817000000,,,,,,,,,,,,true,false,12,2014-04-01,2015-03-31,-1
2015-08-05,42990,2015-03-31,1,,,,,,,,,,,,,,,,,,,,,,,,,,,,,30.00,,,,6206496,1333224,,false,false,12,2014-04-01,2015-03-31,-1
2015-08-05,42990,2016-03-31,1,,,,,,,,,,,,,,,,,,,,,,,,,,,,,32.00,,,,,,,false,true,12,2015-04-01,2016-03-31,0
2015-08-05,42990,2016-03-31,1,,,,,,,,,,,,,,,,,,,,,,,,,,,,,,,,,6206496,1333264,4873236,false,false,3,2015-04-01,2015-06-30,0
2015-08-05,42990,2015-03-31,1,,,,,,,,,,,,,,,,,,,,,,,,,,,,,,,,,,,4873311,false,false,3,2014-04-01,2014-06-30,-1
2015-11-05,42990,2016-03-31,2,5375000000,0.074,,,,,397000000,0.179,406000000,0.190,,260000000,,53.25,,,,,,8060000000,5980000000,0.742,1227.10,5980000000,,,,,,,,,,,,true,false,6,2015-04-01,2015-09-30,0
2015-11-05,42990,2015-03-31,2,5002000000,0.153,,,,,337000000,0.212,341000000,0.207,,211000000,,43.25,,,,,,,,,,,,,,,,,,,,,,true,false,6,2014-04-01,2014-09-30,-1
2015-11-05,42990,2016-03-31,2,10700000000,0.051,,,,,800000000,0.029,805000000,0.029,,515000000,,105.68,,,,,,,,,,,,,,,,,,,,,,true,true,12,2015-04-01,2016-03-31,0
2015-11-05,42990,2015-03-31,2,,,,,,,,,,,,,,,,,,,,8029000000,5817000000,0.725,1193.75,5817000000,,,,,,,,,,,,true,false,12,2014-04-01,2015-03-31,-1
2015-11-05,42990,2015-03-31,2,,,,,,,,,,,,,,,,,,,,,,,,,,,,,30.00,,,,6206496,1333224,,false,false,12,2014-04-01,2015-03-31,-1
2015-11-05,42990,2016-03-31,2,,,,,,,,,,,,,,,,,,,,,,,,,,,,,16.00,,,,,,,false,false,12,2015-04-01,2016-03-31,0
2015-11-05,42990,2016-03-31,2,,,,,,,,,,,,,,,,,,,,,,,,,,,,,32.00,,,,,,,false,true,12,2015-04-01,2016-03-31,0
2015-11-05,42990,2016-03-31,2,,,,,,,,,,,,,,,,,,,,,,,,,,,,,,,,,6206496,1333264,4873234,false,false,6,2015-04-01,2015-09-30,0
2015-11-05,42990,2015-03-31,2,,,,,,,,,,,,,,,,,,,,,,,,,,,,,,,,,,,4873301,false,false,6,2014-04-01,2014-09-30,-1
2016-02-05,42990,2016-03-31,3,8100000000,0.079,,,,,696000000,0.126,706000000,0.131,,452000000,,92.69,,,,,,8109000000,6089000000,0.751,1249.42,6089000000,,,,,,,,,,,,true,false,9,2015-04-01,2015-12-31,0
2016-02-05,42990,2015-03-31,3,7510000000,0.133,,,,,618000000,0.326,624000000,0.321,,582000000,,119.45,,,,,,,,,,,,,,,,,,,,,,true,false,9,2014-04-01,2014-12-31,-1
2016-02-05,42990,2016-03-31,3,10900000000,0.071,,,,,850000000,0.094,861000000,0.101,,527000000,,108.14,,,,,,,,,,,,,,,,,,,,,,true,true,12,2015-04-01,2016-03-31,0
2016-02-05,42990,2015-03-31,3,,,,,,,,,,,,,,,,,,,,8029000000,5817000000,0.725,1193.75,5817000000,,,,,,,,,,,,true,false,12,2014-04-01,2015-03-31,-1
2016-02-05,42990,2015-03-31,3,,,,,,,,,,,,,,,,,,,,,,,,,,,,,30.00,,,,6206496,1333224,,false,false,12,2014-04-01,2015-03-31,-1
2016-02-05,42990,2016-03-31,3,,,,,,,,,,,,,,,,,,,,,,,,,,,,,16.00,,,,,,,false,false,12,2015-04-01,2016-03-31,0
2016-02-05,42990,2016-03-31,3,,,,,,,,,,,,,,,,,,,,,,,,,,,,,35.00,,,,,,,false,true,12,2015-04-01,2016-03-31,0
2016-02-05,42990,2016-03-31,3,,,,,,,,,,,,,,,,,,,,,,,,,,,,,,,,,6206496,1333264,4873233,false,false,9,2015-04-01,2015-12-31,0
2016-02-05,42990,2015-03-31,3,,,,,,,,,,,,,,,,,,,,,,,,,,,,,,,,,,,4873291,false,false,9,2014-04-01,2014-12-31,-1
2016-02-05,42990,2016-03-31,,10900000000,0.019,,,,,850000000,0.063,861000000,0.070,,527000000,,108.14,,,,,,,,,,,,,,,,,,,,,,true,true,12,2015-04-01,2016-03-31,0
2016-02-05,42990,2015-03-31,,10181000000,,,,,,777000000,,782000000,,,659000000,,135.31,,,,,,,,,,,,,,,,,,,,,,true,false,12,2014-04-01,2015-03-31,-1
2016-02-05,42990,2016-03-31,,,,,,,,,,,,,,,,,,,,,,,,,,,,,,35.00,,,,,,,false,true,12,2015-04-01,2016-03-31,0
2016-02-05,42990,2016-03-31,,,,,,,,,,,,,,,,,,,,,,,,,,,,,,16.00,,,,,,,false,false,12,2015-04-01,2016-03-31,0
2016-02-05,42990,2015-03-31,,,,,,,,,,,,,,,,,,,,,,,,,,,,,,30.00,,,,,,,false,false,12,2014-04-01,2015-03-31,-1
2016-05-13,42990,2016-03-31,,11037000000,0.084,,,,,851000000,0.094,836000000,0.069,,537000000,,110.10,,0.090,0.102,0.077,,8312000000,6150000000,0.740,1262.07,6150000000,435000000,-249000000,-163000000,3310000000,,0.318,,,,,,true,false,12,2015-04-01,2016-03-31,0
2016-05-13,42990,2015-03-31,,10181000000,0.091,,,,,777000000,0.100,782000000,0.094,,659000000,,135.31,,0.119,0.098,0.076,,8029000000,5817000000,0.725,1193.75,5817000000,484000000,-180000000,-122000000,3288000000,,0.222,,,,,,true,false,12,2014-04-01,2015-03-31,-1
2016-05-13,42990,2017-03-31,,6000000000,0.116,,,,,400000000,0.008,403000000,-0.007,,267000000,,54.79,,,,,,,,,,,,,,,,,,,,,,true,true,6,2016-04-01,2016-09-30,1
2016-05-13,42990,2017-03-31,,13000000000,0.178,,,,,910000000,0.070,915000000,0.094,,606000000,,124.35,,,,,,,,,,,,,,,,0.322,,,,,,true,true,12,2016-04-01,2017-03-31,1
2016-05-13,42990,2016-03-31,,10285000000,0.078,,,,,798000000,0.082,784000000,0.055,503000000,,-0.209,103.28,,,,,,7737000000,5703000000,0.737,1170.28,5703000000,,,,,35.00,,,,6206496,1333264,4873233,false,false,12,2015-04-01,2016-03-31,0
2016-05-13,42990,2015-03-31,,9544000000,0.087,,,,,738000000,0.105,743000000,0.098,636000000,,0.634,130.50,,,,,,7507000000,5364000000,0.714,1100.60,5364000000,,,,,30.00,,,,6206496,1333224,4873287,false,false,12,2014-04-01,2015-03-31,-1
2016-05-13,42990,2017-03-31,,,,,,,,,,,,,,,,,,,,,,,,,,,,,,40.00,,,,,,,false,true,12,2016-04-01,2017-03-31,1
2016-07-29,42990,2017-03-31,1,3035000000,0.143,,,,,201000000,-0.022,205000000,-0.024,,136000000,,27.81,,,,,,8022000000,6196000000,0.772,1271.43,6196000000,,,,,,,,,,,,true,false,3,2016-04-01,2016-06-30,0
2016-07-29,42990,2016-03-31,1,2656000000,0.098,,,,,206000000,0.743,210000000,0.737,,134000000,,27.49,,,,,,,,,,,,,,,,,,,,,,true,false,3,2015-04-01,2015-06-30,-1
2016-07-29,42990,2017-03-31,1,6000000000,0.116,,,,,400000000,0.008,403000000,-0.007,,267000000,,54.79,,,,,,,,,,,,,,,,,,,,,,true,true,6,2016-04-01,2016-09-30,0
2016-07-29,42990,2017-03-31,1,13000000000,0.178,,,,,910000000,0.070,915000000,0.094,,606000000,,124.35,,,,,,,,,,,,,,,,,,,,,,true,true,12,2016-04-01,2017-03-31,0
2016-07-29,42990,2016-03-31,1,,,,,,,,,,,,,,,,,,,,8312000000,6150000000,0.740,1262.07,6150000000,,,,,,,,,,,,true,false,12,2015-04-01,2016-03-31,-1
2016-07-29,42990,2016-03-31,1,,,,,,,,,,,,,,,,,,,,,,,,,,,,,35.00,,,,6206496,1333264,,false,false,12,2015-04-01,2016-03-31,-1
2016-07-29,42990,2017-03-31,1,,,,,,,,,,,,,,,,,,,,,,,,,,,,,40.00,,,,,,,false,true,12,2016-04-01,2017-03-31,0
2016-07-29,42990,2017-03-31,1,,,,,,,,,,,,,,,,,,,,,,,,,,,,,,,,,6206496,1333264,4873232,false,false,3,2016-04-01,2016-06-30,0
2016-07-29,42990,2016-03-31,1,,,,,,,,,,,,,,,,,,,,,,,,,,,,,,,,,,,4873236,false,false,3,2015-04-01,2015-06-30,-1
2016-11-02,42990,2017-03-31,2,6197000000,0.153,,,,,454000000,0.143,459000000,0.131,,304000000,,62.42,,,,,,8411000000,6368000000,0.757,1306.71,6368000000,,,,,,,,,,,,true,false,6,2016-04-01,2016-09-30,0
2016-11-02,42990,2016-03-31,2,5375000000,0.074,,,,,397000000,0.179,406000000,0.190,,260000000,,53.25,,,,,,,,,,,,,,,,,,,,,,true,false,6,2015-04-01,2015-09-30,-1
2016-11-02,42990,2017-03-31,2,13000000000,0.178,,,,,910000000,0.070,915000000,0.094,,606000000,,124.35,,,,,,,,,,,,,,,,,,,,,,true,true,12,2016-04-01,2017-03-31,0
2016-11-02,42990,2016-03-31,2,,,,,,,,,,,,,,,,,,,,8312000000,6150000000,0.740,1262.07,6150000000,,,,,,,,,,,,true,false,12,2015-04-01,2016-03-31,-1
2016-11-02,42990,2016-03-31,2,,,,,,,,,,,,,,,,,,,,,,,,,,,,,35.00,,,,6206496,1333264,,false,false,12,2015-04-01,2016-03-31,-1
2016-11-02,42990,2017-03-31,2,,,,,,,,,,,,,,,,,,,,,,,,,,,,,20.00,,,,,,,false,false,12,2016-04-01,2017-03-31,0
2016-11-02,42990,2017-03-31,2,,,,,,,,,,,,,,,,,,,,,,,,,,,,,40.00,,,,,,,false,true,12,2016-04-01,2017-03-31,0
2016-11-02,42990,2017-03-31,2,,,,,,,,,,,,,,,,,,,,,,,,,,,,,,,,,6206496,1333264,4873232,false,false,6,2016-04-01,2016-09-30,0
2016-11-02,42990,2016-03-31,2,,,,,,,,,,,,,,,,,,,,,,,,,,,,,,,,,,,4873234,false,false,6,2015-04-01,2015-09-30,-1
2017-01-31,42990,2017-03-31,3,9226000000,0.139,,,,,785000000,0.129,792000000,0.121,,525000000,,107.75,,,,,,8450000000,6497000000,0.769,1333.29,6497000000,,,,,,,,,,,,true,false,9,2016-04-01,2016-12-31,0
2017-01-31,42990,2016-03-31,3,8100000000,0.079,,,,,696000000,0.126,706000000,0.131,,452000000,,92.69,,,,,,,,,,,,,,,,,,,,,,true,false,9,2015-04-01,2015-12-31,-1
2017-01-31,42990,2017-03-31,3,13000000000,0.178,,,,,910000000,0.070,915000000,0.094,,606000000,,124.35,,,,,,,,,,,,,,,,,,,,,,true,true,12,2016-04-01,2017-03-31,0
2017-01-31,42990,2016-03-31,3,,,,,,,,,,,,,,,,,,,,8312000000,6150000000,0.740,1262.07,6150000000,,,,,,,,,,,,true,false,12,2015-04-01,2016-03-31,-1
2017-01-31,42990,2016-03-31,3,,,,,,,,,,,,,,,,,,,,,,,,,,,,,35.00,,,,6206496,1333264,,false,false,12,2015-04-01,2016-03-31,-1
2017-01-31,42990,2017-03-31,3,,,,,,,,,,,,,,,,,,,,,,,,,,,,,20.00,,,,,,,false,false,12,2016-04-01,2017-03-31,0
2017-01-31,42990,2017-03-31,3,,,,,,,,,,,,,,,,,,,,,,,,,,,,,40.00,,,,,,,false,true,12,2016-04-01,2017-03-31,0
2017-01-31,42990,2017-03-31,3,,,,,,,,,,,,,,,,,,,,,,,,,,,,,,,,,6206496,1333294,4873227,false,false,9,2016-04-01,2016-12-31,0
2017-01-31,42990,2016-03-31,3,,,,,,,,,,,,,,,,,,,,,,,,,,,,,,,,,,,4873233,false,false,9,2015-04-01,2015-12-31,-1
2017-05-12,42990,2017-03-31,,12485000000,0.131,,,,,961000000,0.130,970000000,0.160,,686000000,,140.84,,0.107,0.113,0.077,,8806000000,6654000000,0.756,1365.37,6654000000,166000000,309000000,-190000000,3594000000,,0.284,,,,,,true,false,12,2016-04-01,2017-03-31,0
2017-05-12,42990,2016-03-31,,11037000000,0.084,,,,,851000000,0.094,836000000,0.069,,537000000,,110.10,,0.090,0.102,0.077,,8312000000,6150000000,0.740,1262.07,6150000000,435000000,-249000000,-163000000,3310000000,,0.318,,,,,,true,false,12,2015-04-01,2016-03-31,-1
2017-05-12,42990,2018-03-31,,6700000000,0.081,,,,,400000000,-0.118,403000000,-0.121,,278000000,,57.05,,,,,,,,,,,,,,,,,,,,,,true,true,6,2017-04-01,2017-09-30,1
2017-05-12,42990,2018-03-31,,14500000000,0.161,,,,,980000000,0.019,984000000,0.015,,678000000,,139.13,,,,,,,,,,,,,,,,0.323,,,,,,true,true,12,2017-04-01,2018-03-31,1
2017-05-12,42990,2017-03-31,,11621000000,0.130,,,,,905000000,0.134,912000000,0.164,649000000,,0.290,133.20,,,,,,8189000000,6163000000,0.753,1264.69,6163000000,,,,,40.00,,,,6206496,1333294,4873221,false,false,12,2016-04-01,2017-03-31,0
2017-05-12,42990,2016-03-31,,10285000000,0.078,,,,,798000000,0.082,784000000,0.055,503000000,,-0.209,103.28,,,,,,7737000000,5703000000,0.737,1170.28,5703000000,,,,,35.00,,,,6206496,1333264,4873233,false,false,12,2015-04-01,2016-03-31,-1
2017-05-12,42990,2018-03-31,,,,,,,,,,,,,,,,,,,,,,,,,,,,,,45.00,,,,,,,false,true,12,2017-04-01,2018-03-31,1
2017-07-28,42990,2018-03-31,1,3047000000,0.004,,,,,121000000,-0.400,122000000,-0.403,,84000000,,17.15,,,,,,8472000000,6644000000,0.784,1363.36,6644000000,,,,,,,,,,,,true,false,3,2017-04-01,2017-06-30,0
2017-07-28,42990,2017-03-31,1,3035000000,0.143,,,,,201000000,-0.022,205000000,-0.024,,136000000,,27.81,,,,,,,,,,,,,,,,,,,,,,true,false,3,2016-04-01,2016-06-30,-1
2017-07-28,42990,2018-03-31,1,6700000000,0.081,,,,,400000000,-0.118,403000000,-0.121,,278000000,,57.05,,,,,,,,,,,,,,,,,,,,,,true,true,6,2017-04-01,2017-09-30,0
2017-07-28,42990,2018-03-31,1,14500000000,0.161,,,,,980000000,0.019,984000000,0.015,,678000000,,139.13,,,,,,,,,,,,,,,,,,,,,,true,true,12,2017-04-01,2018-03-31,0
2017-07-28,42990,2017-03-31,1,,,,,,,,,,,,,,,,,,,,8806000000,6654000000,0.756,1365.37,6654000000,,,,,,,,,,,,true,false,12,2016-04-01,2017-03-31,-1
2017-07-28,42990,2017-03-31,1,,,,,,,,,,,,,,,,,,,,,,,,,,,,,40.00,,,,6206496,1333294,,false,false,12,2016-04-01,2017-03-31,-1
2017-07-28,42990,2018-03-31,1,,,,,,,,,,,,,,,,,,,,,,,,,,,,,45.00,,,,,,,false,true,12,2017-04-01,2018-03-31,0
2017-07-28,42990,2018-03-31,1,,,,,,,,,,,,,,,,,,,,,,,,,,,,,,,,,6206496,1333340,4873192,false,false,3,2017-04-01,2017-06-30,0
2017-07-28,42990,2017-03-31,1,,,,,,,,,,,,,,,,,,,,,,,,,,,,,,,,,,,4873232,false,false,3,2016-04-01,2016-06-30,-1
2017-10-31,42990,2018-03-31,2,6446000000,0.040,,,,,403000000,-0.112,406000000,-0.115,,279000000,,57.35,,,,,,8957000000,6843000000,0.764,1404.27,6843000000,,,,,,,,,,,,true,false,6,2017-04-01,2017-09-30,0
2017-10-31,42990,2017-03-31,2,6197000000,0.153,,,,,454000000,0.143,459000000,0.131,,304000000,,62.42,,,,,,,,,,,,,,,,,,,,,,true,false,6,2016-04-01,2016-09-30,-1
2017-10-31,42990,2018-03-31,2,14500000000,0.161,,,,,980000000,0.019,984000000,0.015,,678000000,,139.13,,,,,,,,,,,,,,,,,,,,,,true,true,12,2017-04-01,2018-03-31,0
2017-10-31,42990,2017-03-31,2,,,,,,,,,,,,,,,,,,,,8806000000,6654000000,0.756,1365.37,6654000000,,,,,,,,,,,,true,false,12,2016-04-01,2017-03-31,-1
2017-10-31,42990,2017-03-31,2,,,,,,,,,,,,,,,,,,,,,,,,,,,,,40.00,,,,6206496,1333294,,false,false,12,2016-04-01,2017-03-31,-1
2017-10-31,42990,2018-03-31,2,,,,,,,,,,,,,,,,,,,,,,,,,,,,,22.50,,,,,,,false,false,12,2017-04-01,2018-03-31,0
2017-10-31,42990,2018-03-31,2,,,,,,,,,,,,,,,,,,,,,,,,,,,,,45.00,,,,,,,false,true,12,2017-04-01,2018-03-31,0
2017-10-31,42990,2018-03-31,2,,,,,,,,,,,,,,,,,,,,,,,,,,,,,,,,,6206496,1333340,4873174,false,false,6,2017-04-01,2017-09-30,0
2017-10-31,42990,2017-03-31,2,,,,,,,,,,,,,,,,,,,,,,,,,,,,,,,,,,,4873232,false,false,6,2016-04-01,2016-09-30,-1
2018-01-31,42990,2018-03-31,3,9840000000,0.067,,,,,704000000,-0.103,710000000,-0.104,,489000000,,100.44,,,,,,8920000000,6947000000,0.779,1425.66,6947000000,,,,,,,,,,,,true,false,9,2017-04-01,2017-12-31,0
2018-01-31,42990,2017-03-31,3,9226000000,0.139,,,,,785000000,0.129,792000000,0.121,,525000000,,107.75,,,,,,,,,,,,,,,,,,,,,,true,false,9,2016-04-01,2016-12-31,-1
2018-01-31,42990,2018-03-31,3,13500000000,0.081,,,,,980000000,0.019,984000000,0.015,,678000000,,139.13,,,,,,,,,,,,,,,,,,,,,,true,true,12,2017-04-01,2018-03-31,0
2018-01-31,42990,2017-03-31,3,,,,,,,,,,,,,,,,,,,,8806000000,6654000000,0.756,1365.37,6654000000,,,,,,,,,,,,true,false,12,2016-04-01,2017-03-31,-1
2018-01-31,42990,2017-03-31,3,,,,,,,,,,,,,,,,,,,,,,,,,,,,,40.00,,,,6206496,1333294,,false,false,12,2016-04-01,2017-03-31,-1
2018-01-31,42990,2018-03-31,3,,,,,,,,,,,,,,,,,,,,,,,,,,,,,22.50,,,,,,,false,false,12,2017-04-01,2018-03-31,0
2018-01-31,42990,2018-03-31,3,,,,,,,,,,,,,,,,,,,,,,,,,,,,,45.00,,,,,,,false,true,12,2017-04-01,2018-03-31,0
2018-01-31,42990,2018-03-31,3,,,,,,,,,,,,,,,,,,,,,,,,,,,,,,,,,6206496,1333340,4873168,false,false,9,2017-04-01,2017-12-31,0
2018-01-31,42990,2017-03-31,3,,,,,,,,,,,,,,,,,,,,,,,,,,,,,,,,,,,4873227,false,false,9,2016-04-01,2016-12-31,-1
2018-05-10,42990,2018-03-31,,13493000000,0.081,,,,,981000000,0.020,982000000,0.012,,661000000,,135.74,,0.096,0.108,0.073,,9446000000,7091000000,0.751,1455.14,7091000000,698000000,-100000000,-207000000,3984000000,,0.332,,,,,,true,false,12,2017-04-01,2018-03-31,0
2018-05-10,42990,2017-03-31,,12485000000,0.131,,,,,961000000,0.130,970000000,0.160,,686000000,,140.84,,0.107,0.113,0.077,,8806000000,6654000000,0.756,1365.37,6654000000,166000000,309000000,-190000000,3594000000,,0.284,,,,,,true,false,12,2016-04-01,2017-03-31,-1
2018-05-10,42990,2019-03-31,,6800000000,0.055,,,,,370000000,-0.081,372000000,-0.084,,251000000,,51.51,,,,,,,,,,,,,,,,,,,,,,true,true,6,2018-04-01,2018-09-30,1
2018-05-10,42990,2019-03-31,,14700000000,0.089,,,,,1000000000,0.019,1005000000,0.024,,677000000,,138.92,,,,,,,,,,,,,,,,0.360,,,,,,true,true,12,2018-04-01,2019-03-31,1
2018-05-10,42990,2018-03-31,,12647000000,0.088,,,,,923000000,0.020,924000000,0.013,624000000,,-0.039,128.03,,,,,,8776000000,6582000000,0.750,1350.69,6582000000,,,,,45.00,,,,6206496,1333340,4873165,false,false,12,2017-04-01,2018-03-31,0
2018-05-10,42990,2017-03-31,,11621000000,0.130,,,,,905000000,0.134,912000000,0.164,649000000,,0.290,133.20,,,,,,8189000000,6163000000,0.753,1264.69,6163000000,,,,,40.00,,,,6206496,1333294,4873221,false,false,12,2016-04-01,2017-03-31,-1
2018-05-10,42990,2019-03-31,,,,,,,,,,,,,,,,,,,,,,,,,,,,,,50.00,,,,,,,false,true,12,2018-04-01,2019-03-31,1
2018-07-27,42990,2019-03-31,1,3365000000,0.104,,,,,174000000,0.443,176000000,0.441,,119000000,,24.41,,,,,,9210000000,7107000000,0.772,1458.50,7107000000,,,,,,,,,,,,true,false,3,2018-04-01,2018-06-30,0
2018-07-27,42990,2018-03-31,1,3047000000,0.004,,,,,121000000,-0.400,122000000,-0.403,,84000000,,17.15,,,,,,,,,,,,,,,,,,,,,,true,false,3,2017-04-01,2017-06-30,-1
2018-07-27,42990,2019-03-31,1,6800000000,0.055,,,,,370000000,-0.081,372000000,-0.084,,251000000,,51.51,,,,,,,,,,,,,,,,,,,,,,true,true,6,2018-04-01,2018-09-30,0
2018-07-27,42990,2019-03-31,1,14700000000,0.089,,,,,1000000000,0.019,1005000000,0.024,,677000000,,138.92,,,,,,,,,,,,,,,,,,,,,,true,true,12,2018-04-01,2019-03-31,0
2018-07-27,42990,2018-03-31,1,,,,,,,,,,,,,,,,,,,,9446000000,7091000000,0.751,1455.14,7091000000,,,,,,,,,,,,true,false,12,2017-04-01,2018-03-31,-1
2018-07-27,42990,2018-03-31,1,,,,,,,,,,,,,,,,,,,,,,,,,,,,,45.00,,,,6206496,1333340,,false,false,12,2017-04-01,2018-03-31,-1
2018-07-27,42990,2019-03-31,1,,,,,,,,,,,,,,,,,,,,,,,,,,,,,50.00,,,,,,,false,true,12,2018-04-01,2019-03-31,0
2018-07-27,42990,2019-03-31,1,,,,,,,,,,,,,,,,,,,,,,,,,,,,,,,,,6206496,1333340,4873156,false,false,3,2018-04-01,2018-06-30,0
2018-07-27,42990,2018-03-31,1,,,,,,,,,,,,,,,,,,,,,,,,,,,,,,,,,,,4873192,false,false,3,2017-04-01,2017-06-30,-1
2018-10-31,42990,2019-03-31,2,7166000000,0.112,,,,,425000000,0.055,428000000,0.054,,289000000,,59.28,,,,,,9625000000,7284000000,0.757,1494.80,7284000000,,,,,,,,,,,,true,false,6,2018-04-01,2018-09-30,0
2018-10-31,42990,2018-03-31,2,6446000000,0.040,,,,,403000000,-0.112,406000000,-0.115,,279000000,,57.35,,,,,,,,,,,,,,,,,,,,,,true,false,6,2017-04-01,2017-09-30,-1
2018-10-31,42990,2019-03-31,2,14700000000,0.089,,,,,1000000000,0.019,1005000000,0.024,,677000000,,138.93,,,,,,,,,,,,,,,,,,,,,,true,true,12,2018-04-01,2019-03-31,0
2018-10-31,42990,2018-03-31,2,,,,,,,,,,,,,,,,,,,,9446000000,7091000000,0.751,1455.14,7091000000,,,,,,,,,,,,true,false,12,2017-04-01,2018-03-31,-1
2018-10-31,42990,2018-03-31,2,,,,,,,,,,,,,,,,,,,,,,,,,,,,,45.00,,,,6206496,1333340,,false,false,12,2017-04-01,2018-03-31,-1
2018-10-31,42990,2019-03-31,2,,,,,,,,,,,,,,,,,,,,,,,,,,,,,25.00,,,,,,,false,false,12,2018-04-01,2019-03-31,0
2018-10-31,42990,2019-03-31,2,,,,,,,,,,,,,,,,,,,,,,,,,,,,,50.00,,,,,,,false,true,12,2018-04-01,2019-03-31,0
2018-10-31,42990,2019-03-31,2,,,,,,,,,,,,,,,,,,,,,,,,,,,,,,,,,6206496,1333418,4873129,false,false,6,2018-04-01,2018-09-30,0
2018-10-31,42990,2018-03-31,2,,,,,,,,,,,,,,,,,,,,,,,,,,,,,,,,,,,4873174,false,false,6,2017-04-01,2017-09-30,-1
2019-01-30,42990,2019-03-31,3,11048000000,0.123,,,,,756000000,0.074,761000000,0.071,,514000000,,105.44,,,,,,9584000000,7394000000,0.772,1517.32,7394000000,,,,,,,,,,,,true,false,9,2018-04-01,2018-12-31,0
2019-01-30,42990,2018-03-31,3,9840000000,0.067,,,,,704000000,-0.103,710000000,-0.104,,489000000,,100.44,,,,,,,,,,,,,,,,,,,,,,true,false,9,2017-04-01,2017-12-31,-1
2019-01-30,42990,2019-03-31,3,14700000000,0.089,,,,,1000000000,0.019,1005000000,0.024,,677000000,,138.93,,,,,,,,,,,,,,,,,,,,,,true,true,12,2018-04-01,2019-03-31,0
2019-01-30,42990,2018-03-31,3,,,,,,,,,,,,,,,,,,,,9446000000,7091000000,0.751,1455.14,7091000000,,,,,,,,,,,,true,false,12,2017-04-01,2018-03-31,-1
2019-01-30,42990,2018-03-31,3,,,,,,,,,,,,,,,,,,,,,,,,,,,,,45.00,,,,6206496,1333340,,false,false,12,2017-04-01,2018-03-31,-1
2019-01-30,42990,2019-03-31,3,,,,,,,,,,,,,,,,,,,,,,,,,,,,,25.00,,,,,,,false,false,12,2018-04-01,2019-03-31,0
2019-01-30,42990,2019-03-31,3,,,,,,,,,,,,,,,,,,,,,,,,,,,,,50.00,,,,,,,false,true,12,2018-04-01,2019-03-31,0
2019-01-30,42990,2019-03-31,3,,,,,,,,,,,,,,,,,,,,,,,,,,,,,,,,,6206496,1333419,4873112,false,false,9,2018-04-01,2018-12-31,0
2019-01-30,42990,2018-03-31,3,,,,,,,,,,,,,,,,,,,,,,,,,,,,,,,,,,,4873168,false,false,9,2017-04-01,2017-12-31,-1
2019-05-10,42990,2019-03-31,,14834000000,0.099,,,,,986000000,0.005,993000000,0.011,,717000000,,147.24,,0.098,0.101,0.066,,10231000000,7624000000,0.745,1564.44,7624000000,1205000000,-38000000,-232000000,4920000000,,0.340,,,,,,true,false,12,2018-04-01,2019-03-31,0
2019-05-10,42990,2018-03-31,,13493000000,0.081,,,,,981000000,0.020,982000000,0.012,,661000000,,135.74,,0.096,0.108,0.073,,9446000000,7091000000,0.751,1455.14,7091000000,698000000,-100000000,-207000000,3984000000,,0.332,,,,,,true,false,12,2017-04-01,2018-03-31,-1
2019-05-10,42990,2020-03-31,,7200000000,0.005,,,,,300000000,-0.294,301000000,-0.297,,202000000,,41.45,,,,,,,,,,,,,,,,,,,,,,true,true,6,2019-04-01,2019-09-30,1
2019-05-10,42990,2020-03-31,,15000000000,0.011,,,,,800000000,-0.189,803000000,-0.191,,538000000,,110.40,,,,,,,,,,,,,,,,0.453,,,,,,true,true,12,2019-04-01,2020-03-31,1
2019-05-10,42990,2019-03-31,,14104000000,0.115,,,,,944000000,0.022,950000000,0.028,691000000,,0.108,141.81,,,,,,9577000000,7041000000,0.735,1444.92,7041000000,,,,,50.00,,,,6206496,1333419,4873103,false,false,12,2018-04-01,2019-03-31,0
2019-05-10,42990,2018-03-31,,12647000000,0.088,,,,,923000000,0.020,924000000,0.013,624000000,,-0.039,128.03,,,,,,8776000000,6582000000,0.750,1350.69,6582000000,,,,,45.00,,,,6206496,1333340,4873165,false,false,12,2017-04-01,2018-03-31,-1
2019-05-10,42990,2020-03-31,,,,,,,,,,,,,,,,,,,,,,,,,,,,,,50.00,,,,,,,false,true,12,2019-04-01,2020-03-31,1
2019-07-31,42990,2020-03-31,1,3666000000,0.090,,,,,205000000,0.175,206000000,0.167,,138000000,,28.29,,,,,,10013000000,7633000000,0.762,1566.46,7633000000,,,,,,,,,,,,true,false,3,2019-04-01,2019-06-30,0
2019-07-31,42990,2019-03-31,1,3365000000,0.104,,,,,174000000,0.443,176000000,0.441,,119000000,,24.41,,,,,,,,,,,,,,,,,,,,,,true,false,3,2018-04-01,2018-06-30,-1
2019-07-31,42990,2020-03-31,1,7200000000,0.005,,,,,300000000,-0.294,301000000,-0.297,,202000000,,41.45,,,,,,,,,,,,,,,,,,,,,,true,true,6,2019-04-01,2019-09-30,0
2019-07-31,42990,2020-03-31,1,15000000000,0.011,,,,,800000000,-0.189,803000000,-0.191,,538000000,,110.40,,,,,,,,,,,,,,,,,,,,,,true,true,12,2019-04-01,2020-03-31,0
2019-07-31,42990,2019-03-31,1,,,,,,,,,,,,,,,,,,,,10231000000,7624000000,0.745,1564.44,7624000000,,,,,,,,,,,,true,false,12,2018-04-01,2019-03-31,-1
2019-07-31,42990,2019-03-31,1,,,,,,,,,,,,,,,,,,,,,,,,,,,,,50.00,,,,6206496,1333419,,false,false,12,2018-04-01,2019-03-31,-1
2019-07-31,42990,2020-03-31,1,,,,,,,,,,,,,,,,,,,,,,,,,,,,,50.00,,,,,,,false,true,12,2019-04-01,2020-03-31,0
2019-07-31,42990,2020-03-31,1,,,,,,,,,,,,,,,,,,,,,,,,,,,,,,,,,6206496,1333419,4873077,false,false,3,2019-04-01,2019-06-30,0
2019-07-31,42990,2019-03-31,1,,,,,,,,,,,,,,,,,,,,,,,,,,,,,,,,,,,4873156,false,false,3,2018-04-01,2018-06-30,-1
2019-10-31,42990,2020-03-31,2,7709000000,0.076,,,,,303000000,-0.287,306000000,-0.286,,205000000,,41.99,,,,,,9996000000,7696000000,0.770,1579.28,7696000000,,,,,,,,,,,,true,false,6,2019-04-01,2019-09-30,0
2019-10-31,42990,2019-03-31,2,7166000000,0.112,,,,,425000000,0.055,428000000,0.054,,289000000,,59.28,,,,,,,,,,,,,,,,,,,,,,true,false,6,2018-04-01,2018-09-30,-1
2019-10-31,42990,2020-03-31,2,15000000000,0.011,,,,,800000000,-0.189,803000000,-0.191,,538000000,,110.40,,,,,,,,,,,,,,,,,,,,,,true,true,12,2019-04-01,2020-03-31,0
2019-10-31,42990,2019-03-31,2,,,,,,,,,,,,,,,,,,,,10231000000,7624000000,0.745,1564.44,7624000000,,,,,,,,,,,,true,false,12,2018-04-01,2019-03-31,-1
2019-10-31,42990,2019-03-31,2,,,,,,,,,,,,,,,,,,,,,,,,,,,,,50.00,,,,6206496,1333419,,false,false,12,2018-04-01,2019-03-31,-1
2019-10-31,42990,2020-03-31,2,,,,,,,,,,,,,,,,,,,,,,,,,,,,,25.00,,,,,,,false,false,12,2019-04-01,2020-03-31,0
2019-10-31,42990,2020-03-31,2,,,,,,,,,,,,,,,,,,,,,,,,,,,,,50.00,,,,,,,false,true,12,2019-04-01,2020-03-31,0
2019-10-31,42990,2020-03-31,2,,,,,,,,,,,,,,,,,,,,,,,,,,,,,,,,,6206496,1333432,4873074,false,false,6,2019-04-01,2019-09-30,0
2019-10-31,42990,2019-03-31,2,,,,,,,,,,,,,,,,,,,,,,,,,,,,,,,,,,,4873129,false,false,6,2018-04-01,2018-09-30,-1
2020-01-31,42990,2020-03-31,3,11368000000,0.029,,,,,641000000,-0.152,646000000,-0.151,,433000000,,88.76,,,,,,9892000000,7797000000,0.788,1600.12,7797000000,,,,,,,,,,,,true,false,9,2019-04-01,2019-12-31,0
2020-01-31,42990,2019-03-31,3,11048000000,0.123,,,,,756000000,0.074,761000000,0.071,,514000000,,105.44,,,,,,,,,,,,,,,,,,,,,,true,false,9,2018-04-01,2018-12-31,-1
2020-01-31,42990,2020-03-31,3,15000000000,0.011,,,,,800000000,-0.189,803000000,-0.191,,538000000,,110.40,,,,,,,,,,,,,,,,,,,,,,true,true,12,2019-04-01,2020-03-31,0
2020-01-31,42990,2019-03-31,3,,,,,,,,,,,,,,,,,,,,10231000000,7624000000,0.745,1564.44,7624000000,,,,,,,,,,,,true,false,12,2018-04-01,2019-03-31,-1
2020-01-31,42990,2019-03-31,3,,,,,,,,,,,,,,,,,,,,,,,,,,,,,50.00,,,,6206496,1333419,,false,false,12,2018-04-01,2019-03-31,-1
2020-01-31,42990,2020-03-31,3,,,,,,,,,,,,,,,,,,,,,,,,,,,,,25.00,,,,,,,false,false,12,2019-04-01,2020-03-31,0
2020-01-31,42990,2020-03-31,3,,,,,,,,,,,,,,,,,,,,,,,,,,,,,50.00,,,,,,,false,true,12,2019-04-01,2020-03-31,0
2020-01-31,42990,2020-03-31,3,,,,,,,,,,,,,,,,,,,,,,,,,,,,,,,,,6206496,1333432,4873071,false,false,9,2019-04-01,2019-12-31,0
2020-01-31,42990,2019-03-31,3,,,,,,,,,,,,,,,,,,,,,,,,,,,,,,,,,,,4873112,false,false,9,2018-04-01,2018-12-31,-1
2020-04-22,42990,2020-03-31,,15342000000,0.023,,,,,1011000000,0.264,1017000000,0.267,,694000000,,142.42,,,,,,,,,,,,,,,,,,,,,,true,true,12,2019-04-01,2020-03-31,0
2020-04-22,42990,2019-03-31,,14834000000,,,,,,986000000,,993000000,,,717000000,,147.24,,,,,,,,,,,,,,,,,,,,,,true,false,12,2018-04-01,2019-03-31,-1
2020-05-13,42990,2020-03-31,,15342000000,0.034,,,,,1012000000,0.026,1017000000,0.025,,695000000,,142.53,142.30,0.088,0.099,0.066,,10314000000,8089000000,0.784,1659.93,8089000000,428000000,5000000,-244000000,5109000000,,0.351,,,,,,true,false,12,2019-04-01,2020-03-31,0
2020-05-13,42990,2019-03-31,,14834000000,0.099,,,,,986000000,0.005,993000000,0.011,,717000000,,147.24,,0.098,0.101,0.066,,10231000000,7624000000,0.745,1564.44,7624000000,1205000000,-38000000,-232000000,4920000000,,0.340,,,,,,true,false,12,2018-04-01,2019-03-31,-1
2020-05-13,42990,2021-03-31,,14500000000,-0.055,,,,,758000000,-0.251,763000000,-0.250,,512000000,,105.07,,,,,,,,,,,,,,,,0.476,,,,,,true,true,12,2020-04-01,2021-03-31,1
2020-05-13,42990,2020-03-31,,14688000000,0.041,,,,,959000000,0.016,964000000,0.015,660000000,,-0.045,135.46,135.25,,,,,9630000000,7452000000,0.774,1529.18,7452000000,,,,,50.00,,,,6206496,1333432,4873069,false,false,12,2019-04-01,2020-03-31,0
2020-05-13,42990,2019-03-31,,14104000000,0.115,,,,,944000000,0.022,950000000,0.028,691000000,,0.108,141.81,,,,,,9577000000,7041000000,0.735,1444.92,7041000000,,,,,50.00,,,,6206496,1333419,4873103,false,false,12,2018-04-01,2019-03-31,-1
2020-05-13,42990,2021-03-31,,,,,,,,,,,,,,,,,,,,,,,,,,,,,,50.00,,,,,,,false,true,12,2020-04-01,2021-03-31,1
2020-07-31,42990,2021-03-31,1,3777000000,0.030,,,,,288000000,0.408,290000000,0.410,,195000000,,40.02,39.95,,,,,10323000000,8152000000,0.790,1672.87,8152000000,,,,,,,,,,,,true,false,3,2020-04-01,2020-06-30,0
2020-07-31,42990,2020-03-31,1,3666000000,0.090,,,,,205000000,0.175,206000000,0.167,,138000000,,28.29,,,,,,,,,,,,,,,,,,,,,,true,false,3,2019-04-01,2019-06-30,-1
2020-07-31,42990,2021-03-31,1,14500000000,-0.055,,,,,758000000,-0.251,763000000,-0.250,,512000000,,105.07,,,,,,,,,,,,,,,,,,,,,,true,true,12,2020-04-01,2021-03-31,0
2020-07-31,42990,2020-03-31,1,,,,,,,,,,,,,,,,,,,,10314000000,8089000000,0.784,1659.93,8089000000,,,,,,,,,,,,true,false,12,2019-04-01,2020-03-31,-1
2020-07-31,42990,2020-03-31,1,,,,,,,,,,,,,,,,,,,,,,,,,,,,,50.00,,,,6206496,1333432,,false,false,12,2019-04-01,2020-03-31,-1
2020-07-31,42990,2021-03-31,1,,,,,,,,,,,,,,,,,,,,,,,,,,,,,50.00,,,,,,,false,true,12,2020-04-01,2021-03-31,0
2020-07-31,42990,2021-03-31,1,,,,,,,,,,,,,,,,,,,,,,,,,,,,,,,,,6206496,1333432,4873064,false,false,3,2020-04-01,2020-06-30,0
2020-07-31,42990,2020-03-31,1,,,,,,,,,,,,,,,,,,,,,,,,,,,,,,,,,,,4873077,false,false,3,2019-04-01,2019-06-30,-1
2020-08-26,42990,2021-03-31,,7500000000,,,,,,540000000,,540000000,,,360000000,,73.88,,,,,,,,,,,,,,,,,,,,,,true,true,6,2020-04-01,2020-09-30,0
2020-08-26,42990,2020-03-31,,7709000000,,,,,,303000000,,306000000,,,205000000,,41.99,,,,,,,,,,,,,,,,,,,,,,true,false,6,2019-04-01,2019-09-30,-1
,42990,2021-03-31,,,,,,,,,,,,,,,,,,,,,,,,,,,,,,12.50,,,,,,,false,true,12,2020-04-01,2021-03-31,0
,42990,2020-03-31,,,,,,,,,,,,,,,,,,,,,,,,,,,,,,50.00,,,,,,,false,false,12,2019-04-01,2020-03-31,-1
2020-09-25,42990,2021-03-31,,15100000000,0.041,,,,,1100000000,0.451,1100000000,0.442,,740000000,,75.93,,,,,,,,,,,,,,,,,,,,,,true,true,12,2020-04-01,2021-03-31,0
2020-09-25,42990,2020-03-31,,15342000000,,,,,,1012000000,,1017000000,,,695000000,,71.26,,,,,,,,,,,,,,,,,,,,,,true,false,12,2019-04-01,2020-03-31,-1
2020-10-30,42990,2021-03-31,2,7585000000,-0.016,,,,,654000000,1.161,659000000,1.155,,443000000,,45.41,,,,,,10840000000,8432000000,0.778,861.51,8432000000,,,,,,,,,,,,true,false,6,2020-04-01,2020-09-30,0
2020-10-30,42990,2020-03-31,2,7709000000,0.076,,,,,303000000,-0.287,306000000,-0.286,,205000000,,21.00,,,,,,,,,,,,,,,,,,,,,,true,false,6,2019-04-01,2019-09-30,-1
2020-10-30,42990,2021-03-31,2,15100000000,-0.016,,,,,1100000000,0.087,1100000000,0.081,,740000000,,75.70,,,,,,,,,,,,,,,,,,,,,,true,true,12,2020-04-01,2021-03-31,0
2020-10-30,42990,2020-03-31,2,,,,,,,,,,,,,,,,,,,,10314000000,8089000000,0.784,829.97,8089000000,,,,,,,,,,,,true,false,12,2019-04-01,2020-03-31,-1
2020-10-30,42990,2020-03-31,2,,,,,,,,,,,,,,,,,,,,,,,,,,,,,50.00,,,,12412992,2666864,,false,false,12,2019-04-01,2020-03-31,-1
2020-10-30,42990,2021-03-31,2,,,,,,,,,,,,,,,,,,,,,,,,,,,,,25.00,,,,,,,false,false,12,2020-04-01,2021-03-31,0
2020-10-30,42990,2021-03-31,2,,,,,,,,,,,,,,,,,,,,,,,,,,,,,12.50,,,,,,,false,true,12,2020-04-01,2021-03-31,0
2020-10-30,42990,2021-03-31,2,,,,,,,,,,,,,,,,,,,,,,,,,,,,,,,,,12412992,2625664,9763238,false,false,6,2020-04-01,2020-09-30,0
2020-10-30,42990,2020-03-31,2,,,,,,,,,,,,,,,,,,,,,,,,,,,,,,,,,,,9746148,false,false,6,2019-04-01,2019-09-30,-1
2021-01-29,42990,2021-03-31,3,11415000000,0.004,,,,,1019000000,0.589,1022000000,0.583,,688000000,,70.62,,,,,,10667000000,8354000000,0.783,867.19,8354000000,,,,,,,,,,,,true,false,9,2020-04-01,2020-12-31,0
2021-01-29,42990,2020-03-31,3,11368000000,0.029,,,,,641000000,-0.152,646000000,-0.151,,433000000,,44.38,,,,,,,,,,,,,,,,,,,,,,true,false,9,2019-04-01,2019-12-31,-1
2021-01-29,42990,2021-03-31,3,15100000000,-0.016,,,,,1300000000,0.285,1300000000,0.278,,900000000,,91.09,,,,,,,,,,,,,,,,,,,,,,true,true,12,2020-04-01,2021-03-31,0
2021-01-29,42990,2020-03-31,3,,,,,,,,,,,,,,,,,,,,10314000000,8089000000,0.784,829.97,8089000000,,,,,,,,,,,,true,false,12,2019-04-01,2020-03-31,-1
2021-01-29,42990,2020-03-31,3,,,,,,,,,,,,,,,,,,,,,,,,,,,,,50.00,,,,12412992,2666864,,false,false,12,2019-04-01,2020-03-31,-1
2021-01-29,42990,2021-03-31,3,,,,,,,,,,,,,,,,,,,,,,,,,,,,,25.00,,,,,,,false,false,12,2020-04-01,2021-03-31,0
2021-01-29,42990,2021-03-31,3,,,,,,,,,,,,,,,,,,,,,,,,,,,,,12.50,,,,,,,false,true,12,2020-04-01,2021-03-31,0
2021-01-29,42990,2021-03-31,3,,,,,,,,,,,,,,,,,,,,,,,,,,,,,,,,,12412992,2779664,9743297,false,false,9,2020-04-01,2020-12-31,0
2021-01-29,42990,2020-03-31,3,,,,,,,,,,,,,,,,,,,,,,,,,,,,,,,,,,,9746141,false,false,9,2019-04-01,2019-12-31,-1
2021-05-14,42990,2021-03-31,,15431000000,0.006,,,,,1367000000,0.351,1369000000,0.346,,937000000,,94.81,,0.112,0.127,0.089,,11217000000,8615000000,0.768,745.35,8615000000,1077000000,-38000000,-437000000,5711000000,,0.264,,,,,,true,false,12,2020-04-01,2021-03-31,0
2021-05-14,42990,2020-03-31,,15342000000,0.034,,,,,1012000000,0.026,1017000000,0.025,,695000000,,71.26,71.15,0.088,0.099,0.066,,10314000000,8089000000,0.784,829.97,8089000000,428000000,5000000,-244000000,5109000000,,0.351,,,,,,true,false,12,2019-04-01,2020-03-31,-1
2021-05-14,42990,2022-03-31,,7800000000,0.028,,,,,520000000,-0.205,520000000,-0.211,,350000000,,30.28,,,,,,,,,,,,,,,,,,,,,,true,true,6,2021-04-01,2021-09-30,1
2021-05-14,42990,2022-03-31,,16500000000,0.069,,,,,1280000000,-0.064,1280000000,-0.065,,860000000,,74.40,,,,,,,,,,,,,,,,0.403,,,,,,true,true,12,2021-04-01,2022-03-31,1
2021-05-14,42990,2021-03-31,,14797000000,0.007,,,,,1309000000,0.364,1311000000,0.359,898000000,,0.360,90.89,,,,,,10489000000,7954000000,0.758,688.16,7954000000,,,,,12.50,,,,12412992,854614,9879730,false,false,12,2020-04-01,2021-03-31,0
2021-05-14,42990,2020-03-31,,14688000000,0.041,,,,,959000000,0.016,964000000,0.015,660000000,,-0.045,67.73,67.62,,,,,9630000000,7452000000,0.774,764.59,7452000000,,,,,50.00,,,,12412992,2666864,9746138,false,false,12,2019-04-01,2020-03-31,-1
2021-05-14,42990,2022-03-31,,,,,,,,,,,,,,,,,,,,,,,,,,,,,,30.00,,,,,,,false,true,12,2021-04-01,2022-03-31,1
2021-07-30,42990,2022-03-31,1,3779000000,0.001,,,,,293000000,0.018,293000000,0.011,,198000000,,17.13,,,,,,10867000000,8662000000,0.797,749.47,8662000000,,,,,,,,,,,,true,false,3,2021-04-01,2021-06-30,0
2021-07-30,42990,2021-03-31,1,3777000000,0.030,,,,,288000000,0.408,290000000,0.410,,195000000,,20.01,19.98,,,,,,,,,,,,,,,,,,,,,true,false,3,2020-04-01,2020-06-30,-1
2021-07-30,42990,2022-03-31,1,7800000000,0.028,,,,,620000000,-0.053,620000000,-0.059,,420000000,,36.31,,,,,,,,,,,,,,,,,,,,,,true,true,6,2021-04-01,2021-09-30,0
2021-07-30,42990,2022-03-31,1,16500000000,0.069,,,,,1280000000,-0.064,1280000000,-0.065,,860000000,,74.17,,,,,,,,,,,,,,,,,,,,,,true,true,12,2021-04-01,2022-03-31,0
2021-07-30,42990,2021-03-31,1,,,,,,,,,,,,,,,,,,,,11217000000,8615000000,0.768,745.35,8615000000,,,,,,,,,,,,true,false,12,2020-04-01,2021-03-31,-1
2021-07-30,42990,2021-03-31,1,,,,,,,,,,,,,,,,,,,,,,,,,,,,,12.50,,,,12412992,854614,,false,false,12,2020-04-01,2021-03-31,-1
2021-07-30,42990,2022-03-31,1,,,,,,,,,,,,,,,,,,,,,,,,,,,,,30.00,,,,,,,false,true,12,2021-04-01,2022-03-31,0
2021-07-30,42990,2022-03-31,1,,,,,,,,,,,,,,,,,,,,,,,,,,,,,,,,,12412992,855254,11558073,false,false,3,2021-04-01,2021-06-30,0
2021-07-30,42990,2021-03-31,1,,,,,,,,,,,,,,,,,,,,,,,,,,,,,,,,,,,9746128,false,false,3,2020-04-01,2020-06-30,-1
2021-09-29,42990,2022-03-31,,7900000000,0.013,,,,,730000000,0.177,730000000,0.177,490000000,,0.167,42.36,,,,,,,,,,,,,,,,,,,,,,true,true,6,2021-04-01,2021-09-30,0
2021-09-29,42990,2021-03-31,,7585000000,,,,,,654000000,,659000000,,443000000,,,45.41,,,,,,,,,,,,,,,,,,,,,,true,false,6,2020-04-01,2020-09-30,-1
2021-09-29,42990,2022-03-31,,16500000000,,,,,,1500000000,0.172,1500000000,0.172,,1010000000,,87.11,,,,,,,,,,,,,,,,,,,,,,true,true,12,2021-04-01,2022-03-31,0
2021-09-29,42990,2021-03-31,,15431000000,,,,,,1367000000,,1369000000,,,937000000,,94.81,,,,,,,,,,,,,,,,,,,,,,true,false,12,2020-04-01,2021-03-31,-1
2021-10-29,4299,2022-03-31,2,7902000000,0.042,,,,,750000000,0.145,751000000,0.140,,507000000,,43.81,,,,,,11394000000,9025000000,0.792,777.21,9025000000,,,,,,,,,,,,true,false,6,2021-04-01,2021-09-30,0
2021-10-29,4299,2021-03-31,2,7585000000,-0.016,,,,,654000000,1.161,659000000,1.155,,443000000,,45.41,,,,,,,,,,,,,,,,,,,,,,true,false,6,2020-04-01,2020-09-30,-1
2021-10-29,4299,2022-03-31,2,16500000000,0.069,,,,,1500000000,0.097,1500000000,0.095,,1010000000,,87.11,,,,,,,,,,,,,,,,,,,,,,true,true,12,2021-04-01,2022-03-31,0
2021-10-29,4299,2021-03-31,2,,,,,,,,,,,,,,,,,,,,11217000000,8615000000,0.768,745.35,8615000000,,,,,,,,,,,,true,false,12,2020-04-01,2021-03-31,-1
2021-10-29,4299,2021-03-31,2,,,,,,,,,,,,,,,,,,,,,,,,,,,,,12.50,,,,12412992,854614,,false,false,12,2020-04-01,2021-03-31,-1
2021-10-29,4299,2022-03-31,2,,,,,,,,,,,,,,,,,,,,,,,,,,,,,17.50,,,,,,,false,false,12,2021-04-01,2022-03-31,0
2021-10-29,4299,2022-03-31,2,,,,,,,,,,,,,,,,,,,,,,,,,,,,,30.00,,,,,,,false,true,12,2021-04-01,2022-03-31,0
2021-10-29,4299,2022-03-31,2,,,,,,,,,,,,,,,,,,,,,,,,,,,,,,,,,12412992,801449,11578424,false,false,6,2021-04-01,2021-09-30,0
2021-10-29,4299,2021-03-31,2,,,,,,,,,,,,,,,,,,,,,,,,,,,,,,,,,,,9763238,false,false,6,2020-04-01,2020-09-30,-1
,42990,2022-03-31,,,,,,,,,,,,,,,,,,,,,,,,,,,,,,35.00,,,,,,,false,true,12,2021-04-01,2022-03-31,0
,42990,2022-03-31,,,,,,,,,,,,,,,,,,,,,,,,,,,,,,17.50,,,,,,,false,false,12,2021-04-01,2022-03-31,0
,42990,2021-03-31,,,,,,,,,,,,,,,,,,,,,,,,,,,,,,12.50,,,,,,,false,false,12,2020-04-01,2021-03-31,-1
2022-01-28,4299,2022-03-31,3,12199000000,0.069,,,,,1314000000,0.290,1316000000,0.287,,889000000,,76.68,,,,,,11502000000,9194000000,0.799,791.86,9194000000,,,,,,,,,,,,true,false,9,2021-04-01,2021-12-31,0
2022-01-28,4299,2021-03-31,3,11415000000,0.004,,,,,1019000000,0.589,1022000000,0.583,,688000000,,70.62,,,,,,,,,,,,,,,,,,,,,,true,false,9,2020-04-01,2020-12-31,-1
2022-01-28,4299,2022-03-31,3,16500000000,0.069,,,,,1700000000,0.244,1700000000,0.241,,1150000000,,99.18,,,,,,,,,,,,,,,,,,,,,,true,true,12,2021-04-01,2022-03-31,0
2022-01-28,4299,2021-03-31,3,,,,,,,,,,,,,,,,,,,,11217000000,8615000000,0.768,745.35,8615000000,,,,,,,,,,,,true,false,12,2020-04-01,2021-03-31,-1
2022-01-28,4299,2021-03-31,3,,,,,,,,,,,,,,,,,,,,,,,,,,,,,12.50,,,,12412992,854614,,false,false,12,2020-04-01,2021-03-31,-1
2022-01-28,4299,2022-03-31,3,,,,,,,,,,,,,,,,,,,,,,,,,,,,,17.50,,,,,,,false,false,12,2021-04-01,2022-03-31,0
2022-01-28,4299,2022-03-31,3,,,,,,,,,,,,,,,,,,,,,,,,,,,,,40.00,,,,,,,false,true,12,2021-04-01,2022-03-31,0
2022-01-28,4299,2022-03-31,3,,,,,,,,,,,,,,,,,,,,,,,,,,,,,,,,,12412992,802334,11589370,false,false,9,2021-04-01,2021-12-31,0
2022-01-28,4299,2021-03-31,3,,,,,,,,,,,,,,,,,,,,,,,,,,,,,,,,,,,9743297,false,false,9,2020-04-01,2020-12-31,-1
2022-05-13,4299,2022-03-31,,16681000000,0.081,,,,,1716000000,0.255,1719000000,0.256,,1213000000,,104.63,,0.134,0.146,0.103,,12257000000,9510000000,0.776,819.07,9510000000,948000000,-76000000,-347000000,6236000000,,0.382,,,,,,true,false,12,2021-04-01,2022-03-31,0
2022-05-13,4299,2021-03-31,,15431000000,0.006,,,,,1367000000,0.351,1369000000,0.346,,937000000,,94.81,,0.112,0.127,0.089,,11217000000,8615000000,0.768,745.35,8615000000,1077000000,-38000000,-437000000,5711000000,,0.264,,,,,,true,false,12,2020-04-01,2021-03-31,-1
2022-05-13,4299,2023-03-31,,8600000000,0.088,,,,,750000000,0.001,752000000,0.001,,514000000,,44.27,,,,,,,,,,,,,,,,,,,,,,true,true,6,2022-04-01,2022-09-30,1
2022-05-13,4299,2023-03-31,,17750000000,0.064,,,,,1770000000,0.031,1770000000,0.030,,1214000000,,104.56,,,,,,,,,,,,,,,,0.402,,,,,,true,true,12,2022-04-01,2023-03-31,1
2022-05-13,4299,2022-03-31,,16086000000,0.087,,,,,1650000000,0.261,1653000000,0.261,1169000000,,0.302,100.84,,,,,,11478000000,8832000000,0.769,760.71,8832000000,,,,,40.00,,,,12412992,802894,11594585,false,false,12,2021-04-01,2022-03-31,0
2022-05-13,4299,2021-03-31,,14797000000,0.007,,,,,1309000000,0.364,1311000000,0.359,898000000,,0.360,90.89,,,,,,10489000000,7954000000,0.758,688.16,7954000000,,,,,12.50,,,,12412992,854614,9879730,false,false,12,2020-04-01,2021-03-31,-1
2022-05-13,4299,2023-03-31,,,,,,,,,,,,,,,,,,,,,,,,,,,,,,42.00,,,,,,,false,true,12,2022-04-01,2023-03-31,1
2022-07-29,4299,2023-03-31,1,4437000000,0.174,,,,,402000000,0.371,404000000,0.377,,276000000,,23.76,,,,,,12074000000,9525000000,0.789,820.41,9525000000,,,,,,,,,,,,true,false,3,2022-04-01,2022-06-30,0
2022-07-29,4299,2022-03-31,1,3779000000,0.001,,,,,293000000,0.018,293000000,0.011,,198000000,,17.13,,,,,,,,,,,,,,,,,,,,,,true,false,3,2021-04-01,2021-06-30,-1
2022-07-29,4299,2023-03-31,1,8600000000,0.088,,,,,750000000,0.001,752000000,0.001,,514000000,,44.23,,,,,,,,,,,,,,,,,,,,,,true,true,6,2022-04-01,2022-09-30,0
2022-07-29,4299,2023-03-31,1,17750000000,0.064,,,,,1770000000,0.031,1770000000,0.030,,1214000000,,104.40,,,,,,,,,,,,,,,,,,,,,,true,true,12,2022-04-01,2023-03-31,0
2022-07-29,4299,2022-03-31,1,,,,,,,,,,,,,,,,,,,,12257000000,9510000000,0.776,819.07,9510000000,,,,,,,,,,,,true,false,12,2021-04-01,2022-03-31,-1
2022-07-29,4299,2022-03-31,1,,,,,,,,,,,,,,,,,,,,,,,,,,,,,40.00,,,,12412992,802894,,false,false,12,2021-04-01,2022-03-31,-1
2022-07-29,4299,2023-03-31,1,,,,,,,,,,,,,,,,,,,,,,,,,,,,,42.00,,,,,,,false,true,12,2022-04-01,2023-03-31,0
2022-07-29,4299,2023-03-31,1,,,,,,,,,,,,,,,,,,,,,,,,,,,,,,,,,12412992,803384,11609784,false,false,3,2022-04-01,2022-06-30,0
2022-07-29,4299,2022-03-31,1,,,,,,,,,,,,,,,,,,,,,,,,,,,,,,,,,,,11558073,false,false,3,2021-04-01,2021-06-30,-1
2022-10-28,4299,2023-03-31,2,8794000000,0.113,,,,,871000000,0.162,874000000,0.164,,597000000,,51.38,,,,,,12420000000,9879000000,0.795,849.11,9879000000,,,,,,,,,,,,true,false,6,2022-04-01,2022-09-30,0
2022-10-28,4299,2022-03-31,2,7902000000,0.042,,,,,750000000,0.145,751000000,0.140,,507000000,,43.81,,,,,,,,,,,,,,,,,,,,,,true,false,6,2021-04-01,2021-09-30,-1
2022-10-28,4299,2023-03-31,2,17750000000,0.064,,,,,1770000000,0.031,1770000000,0.030,,1214000000,,104.41,,,,,,,,,,,,,,,,,,,,,,true,true,12,2022-04-01,2023-03-31,0
2022-10-28,4299,2022-03-31,2,,,,,,,,,,,,,,,,,,,,12257000000,9510000000,0.776,819.07,9510000000,,,,,,,,,,,,true,false,12,2021-04-01,2022-03-31,-1
2022-10-28,4299,2022-03-31,2,,,,,,,,,,,,,,,,,,,,,,,,,,,,,40.00,,,,12412992,802894,,false,false,12,2021-04-01,2022-03-31,-1
2022-10-28,4299,2023-03-31,2,,,,,,,,,,,,,,,,,,,,,,,,,,,,,21.00,,,,,,,false,false,12,2022-04-01,2023-03-31,0
2022-10-28,4299,2023-03-31,2,,,,,,,,,,,,,,,,,,,,,,,,,,,,,42.00,,,,,,,false,true,12,2022-04-01,2023-03-31,0
2022-10-28,4299,2023-03-31,2,,,,,,,,,,,,,,,,,,,,,,,,,,,,,,,,,12412992,778094,11620585,false,false,6,2022-04-01,2022-09-30,0
2022-10-28,4299,2022-03-31,2,,,,,,,,,,,,,,,,,,,,,,,,,,,,,,,,,,,11578424,false,false,6,2021-04-01,2021-09-30,-1
2023-01-31,4299,2023-03-31,3,13025000000,0.068,,,,,1356000000,0.032,1365000000,0.038,,932000000,,80.21,,,,,,12303000000,9971000000,0.811,857.08,9971000000,,,,,,,,,,,,true,false,9,2022-04-01,2022-12-31,0
2023-01-31,4299,2022-03-31,3,12199000000,0.069,,,,,1314000000,0.290,1316000000,0.287,,889000000,,76.68,,,,,,,,,,,,,,,,,,,,,,true,false,9,2021-04-01,2021-12-31,-1
2023-01-31,4299,2023-03-31,3,17250000000,0.034,,,,,1800000000,0.049,1811000000,0.053,,1262000000,,108.54,,,,,,,,,,,,,,,,,,,,,,true,true,12,2022-04-01,2023-03-31,0
2023-01-31,4299,2022-03-31,3,,,,,,,,,,,,,,,,,,,,12257000000,9510000000,0.776,819.07,9510000000,,,,,,,,,,,,true,false,12,2021-04-01,2022-03-31,-1
2023-01-31,4299,2022-03-31,3,,,,,,,,,,,,,,,,,,,,,,,,,,,,,40.00,,,,12412992,802894,,false,false,12,2021-04-01,2022-03-31,-1
2023-01-31,4299,2023-03-31,3,,,,,,,,,,,,,,,,,,,,,,,,,,,,,21.00,,,,,,,false,false,12,2022-04-01,2023-03-31,0
2023-01-31,4299,2023-03-31,3,,,,,,,,,,,,,,,,,,,,,,,,,,,,,43.00,,,,,,,false,true,12,2022-04-01,2023-03-31,0
2023-01-31,4299,2023-03-31,3,,,,,,,,,,,,,,,,,,,,,,,,,,,,,,,,,12412992,778719,11625234,false,false,9,2022-04-01,2022-12-31,0
2023-01-31,4299,2022-03-31,3,,,,,,,,,,,,,,,,,,,,,,,,,,,,,,,,,,,11589370,false,false,9,2021-04-01,2021-12-31,-1
2023-05-12,4299,2023-03-31,,17331000000,0.039,,,,,1833000000,0.068,1844000000,0.072,,1294000000,,111.27,,0.131,0.147,0.106,,12875000000,10313000000,0.801,886.45,10313000000,1579000000,15000000,-507000000,7324000000,,0.386,,,,,,true,false,12,2022-04-01,2023-03-31,0
2023-05-12,4299,2022-03-31,,16681000000,0.081,,,,,1716000000,0.255,1719000000,0.256,,1213000000,,104.63,,0.134,0.146,0.103,,12257000000,9510000000,0.776,819.07,9510000000,948000000,-76000000,-347000000,6236000000,,0.382,,,,,,true,false,12,2021-04-01,2022-03-31,-1
2023-05-12,4299,2024-03-31,,8840000000,0.005,,,,,620000000,-0.288,622000000,-0.288,,420000000,,36.10,,,,,,,,,,,,,,,,,,,,,,true,true,6,2023-04-01,2023-09-30,1
2023-05-12,4299,2024-03-31,,18150000000,0.047,,,,,1580000000,-0.138,1585000000,-0.140,,1080000000,,92.83,,,,,,,,,,,,,,,,0.463,,,,,,true,true,12,2023-04-01,2024-03-31,1
2023-05-12,4299,2023-03-31,,16726000000,0.040,,,,,1751000000,0.061,1762000000,0.066,1240000000,,0.061,106.65,,,,,,12038000000,9599000000,0.797,825.09,9599000000,,,,,43.00,,,,12412992,779269,11627418,false,false,12,2022-04-01,2023-03-31,0
2023-05-12,4299,2022-03-31,,16086000000,0.087,,,,,1650000000,0.261,1653000000,0.261,1169000000,,0.302,100.84,,,,,,11478000000,8832000000,0.769,760.71,8832000000,,,,,40.00,,,,12412992,802894,11594585,false,false,12,2021-04-01,2022-03-31,-1
2023-05-12,4299,2024-03-31,,,,,,,,,,,,,,,,,,,,,,,,,,,,,,43.00,,,,,,,false,true,12,2023-04-01,2024-03-31,1
2023-07-28,4299,2024-03-31,1,4335000000,-0.023,,,,,285000000,-0.291,287000000,-0.290,,196000000,,16.84,,,,,,12657000000,10260000000,0.811,881.98,10260000000,,,,,,,,,,,,true,false,3,2023-04-01,2023-06-30,0
2023-07-28,4299,2023-03-31,1,4437000000,0.174,,,,,402000000,0.371,404000000,0.377,,276000000,,23.76,,,,,,,,,,,,,,,,,,,,,,true,false,3,2022-04-01,2022-06-30,-1
2023-07-28,4299,2024-03-31,1,8840000000,0.005,,,,,660000000,-0.242,665000000,-0.239,,455000000,,39.07,,,,,,,,,,,,,,,,,,,,,,true,true,6,2023-04-01,2023-09-30,0
2023-07-28,4299,2024-03-31,1,18150000000,0.047,,,,,1680000000,-0.083,1690000000,-0.083,,1150000000,,98.69,,,,,,,,,,,,,,,,,,,,,,true,true,12,2023-04-01,2024-03-31,0
2023-07-28,4299,2023-03-31,1,,,,,,,,,,,,,,,,,,,,12875000000,10313000000,0.801,886.45,10313000000,,,,,,,,,,,,true,false,12,2022-04-01,2023-03-31,-1
2023-07-28,4299,2023-03-31,1,,,,,,,,,,,,,,,,,,,,,,,,,,,,,43.00,,,,12412992,779269,,false,false,12,2022-04-01,2023-03-31,-1
2023-07-28,4299,2024-03-31,1,,,,,,,,,,,,,,,,,,,,,,,,,,,,,43.00,,,,,,,false,true,12,2023-04-01,2024-03-31,0
2023-07-28,4299,2024-03-31,1,,,,,,,,,,,,,,,,,,,,,,,,,,,,,,,,,12412992,779914,11633466,false,false,3,2023-04-01,2023-06-30,0
2023-07-28,4299,2023-03-31,1,,,,,,,,,,,,,,,,,,,,,,,,,,,,,,,,,,,11609784,false,false,3,2022-04-01,2022-06-30,-1
2023-10-31,4299,2024-03-31,2,8668000000,-0.014,,,,,703000000,-0.193,705000000,-0.193,,482000000,,41.37,,,,,,13221000000,10589000000,0.801,908.19,10589000000,,,,,,,,,,,,true,false,6,2023-04-01,2023-09-30,0
2023-10-31,4299,2023-03-31,2,8794000000,0.113,,,,,871000000,0.162,874000000,0.164,,597000000,,51.38,,,,,,,,,,,,,,,,,,,,,,true,false,6,2022-04-01,2022-09-30,-1
2023-10-31,4299,2024-03-31,2,18150000000,0.047,,,,,1680000000,-0.083,1690000000,-0.083,,1150000000,,98.69,,,,,,,,,,,,,,,,,,,,,,true,true,12,2023-04-01,2024-03-31,0
2023-10-31,4299,2023-03-31,2,,,,,,,,,,,,,,,,,,,,12875000000,10313000000,0.801,886.45,10313000000,,,,,,,,,,,,true,false,12,2022-04-01,2023-03-31,-1
2023-10-31,4299,2023-03-31,2,,,,,,,,,,,,,,,,,,,,,,,,,,,,,43.00,,,,12412992,779269,,false,false,12,2022-04-01,2023-03-31,-1
2023-10-31,4299,2024-03-31,2,,,,,,,,,,,,,,,,,,,,,,,,,,,,,21.50,,,,,,,false,false,12,2023-04-01,2024-03-31,0
2023-10-31,4299,2024-03-31,2,,,,,,,,,,,,,,,,,,,,,,,,,,,,,43.00,,,,,,,false,true,12,2023-04-01,2024-03-31,0
2023-10-31,4299,2024-03-31,2,,,,,,,,,,,,,,,,,,,,,,,,,,,,,,,,,12412992,753374,11644798,false,false,6,2023-04-01,2023-09-30,0
2023-10-31,4299,2023-03-31,2,,,,,,,,,,,,,,,,,,,,,,,,,,,,,,,,,,,11620585,false,false,6,2022-04-01,2022-09-30,-1
2024-01-31,4299,2024-03-31,3,13004000000,-0.002,,,,,1197000000,-0.117,1202000000,-0.120,,821000000,,70.52,,,,,,12856000000,10550000000,0.821,912.35,10550000000,,,,,,,,,,,,true,false,9,2023-04-01,2023-12-31,0
2024-01-31,4299,2023-03-31,3,13025000000,0.068,,,,,1356000000,0.032,1365000000,0.038,,932000000,,80.21,,,,,,,,,,,,,,,,,,,,,,true,false,9,2022-04-01,2022-12-31,-1
2024-01-31,4299,2024-03-31,3,18150000000,0.047,,,,,1680000000,-0.083,1690000000,-0.083,,1150000000,,98.98,,,,,,,,,,,,,,,,,,,,,,true,true,12,2023-04-01,2024-03-31,0
2024-01-31,4299,2023-03-31,3,,,,,,,,,,,,,,,,,,,,12875000000,10313000000,0.801,886.45,10313000000,,,,,,,,,,,,true,false,12,2022-04-01,2023-03-31,-1
2024-01-31,4299,2023-03-31,3,,,,,,,,,,,,,,,,,,,,,,,,,,,,,43.00,,,,12412992,779269,,false,false,12,2022-04-01,2023-03-31,-1
2024-01-31,4299,2024-03-31,3,,,,,,,,,,,,,,,,,,,,,,,,,,,,,21.50,,,,,,,false,false,12,2023-04-01,2024-03-31,0
2024-01-31,4299,2024-03-31,3,,,,,,,,,,,,,,,,,,,,,,,,,,,,,43.50,,,,,,,false,true,12,2023-04-01,2024-03-31,0
2024-01-31,4299,2024-03-31,3,,,,,,,,,,,,,,,,,,,,,,,,,,,,,,,,,12412992,849474,11636468,false,false,9,2023-04-01,2023-12-31,0
2024-01-31,4299,2023-03-31,3,,,,,,,,,,,,,,,,,,,,,,,,,,,,,,,,,,,11625234,false,false,9,2022-04-01,2022-12-31,-1
,42990,2024-03-31,,,,,,,,,,,,,,,,,,,,,,,,,,,,,,43.50,,,,,,,false,true,12,2023-04-01,2024-03-31,0
,42990,2024-03-31,,,,,,,,,,,,,,,,,,,,,,,,,,,,,,21.50,,,,,,,false,false,12,2023-04-01,2024-03-31,0
,42990,2023-03-31,,,,,,,,,,,,,,,,,,,,,,,,,,,,,,43.00,,,,,,,false,false,12,2022-04-01,2023-03-31,-1
2024-05-14,4299,2024-03-31,,17357000000,0.001,,,,,1719000000,-0.062,1730000000,-0.061,,1184000000,,101.89,,0.111,0.131,0.099,,13590000000,10935000000,0.805,945.72,10935000000,1389000000,23000000,-640000000,8096000000,,0.427,,,,,,true,false,12,2023-04-01,2024-03-31,0
2024-05-14,4299,2023-03-31,,17331000000,0.039,,,,,1833000000,0.068,1844000000,0.072,,1294000000,,111.27,,0.131,0.147,0.106,,12875000000,10313000000,0.801,886.45,10313000000,1579000000,15000000,-507000000,7324000000,,0.386,,,,,,true,false,12,2022-04-01,2023-03-31,-1
2024-05-14,4299,2025-03-31,,9000000000,0.038,,,,,720000000,0.024,725000000,0.028,,495000000,,42.81,,,,,,,,,,,,,,,,,,,,,,true,true,6,2024-04-01,2024-09-30,1
2024-05-14,4299,2025-03-31,,18600000000,0.072,,,,,1780000000,0.035,1790000000,0.034,,1220000000,,105.51,,,,,,,,,,,,,,,,0.417,,,,,,true,true,12,2024-04-01,2025-03-31,1
2024-05-14,4299,2024-03-31,,16716000000,-0.001,,,,,1639000000,-0.064,1650000000,-0.063,1131000000,,-0.088,97.34,,,,,,12702000000,10131000000,0.798,876.16,10131000000,,,,,43.50,,,,12412992,850094,11618268,false,false,12,2023-04-01,2024-03-31,0
2024-05-14,4299,2023-03-31,,16726000000,0.040,,,,,1751000000,0.061,1762000000,0.066,1240000000,,0.061,106.65,,,,,,12038000000,9599000000,0.797,825.09,9599000000,,,,,43.00,,,,12412992,779269,11627418,false,false,12,2022-04-01,2023-03-31,-1
2024-05-14,4299,2025-03-31,,,,,,,,,,,,,,,,,,,,,,,,,,,,,,44.00,,,,,,,false,true,12,2024-04-01,2025-03-31,1
2024-07-31,4299,2025-03-31,1,4327000000,-0.002,,,,,301000000,0.057,303000000,0.056,,207000000,,17.90,,,,,,13299000000,10883000000,0.818,941.18,10883000000,,,,,,,,,,,,true,false,3,2024-04-01,2024-06-30,0
2024-07-31,4299,2024-03-31,1,4335000000,-0.023,,,,,285000000,-0.291,287000000,-0.290,,196000000,,16.84,,,,,,,,,,,,,,,,,,,,,,true,false,3,2023-04-01,2023-06-30,-1
2024-07-31,4299,2025-03-31,1,9000000000,0.038,,,,,720000000,0.024,725000000,0.028,,495000000,,42.77,,,,,,,,,,,,,,,,,,,,,,true,true,6,2024-04-01,2024-09-30,0
2024-07-31,4299,2025-03-31,1,18600000000,0.072,,,,,1780000000,0.035,1790000000,0.034,,1220000000,,105.32,,,,,,,,,,,,,,,,,,,,,,true,true,12,2024-04-01,2025-03-31,0
2024-07-31,4299,2024-03-31,1,,,,,,,,,,,,,,,,,,,,13590000000,10935000000,0.805,945.72,10935000000,,,,,,,,,,,,true,false,12,2023-04-01,2024-03-31,-1
2024-07-31,4299,2024-03-31,1,,,,,,,,,,,,,,,,,,,,,,,,,,,,,43.50,,,,12412992,850094,,false,false,12,2023-04-01,2024-03-31,-1
2024-07-31,4299,2025-03-31,1,,,,,,,,,,,,,,,,,,,,,,,,,,,,,44.00,,,,,,,false,true,12,2024-04-01,2025-03-31,0
2024-07-31,4299,2025-03-31,1,,,,,,,,,,,,,,,,,,,,,,,,,,,,,,,,,12412992,850199,11562843,false,false,3,2024-04-01,2024-06-30,0
2024-07-31,4299,2024-03-31,1,,,,,,,,,,,,,,,,,,,,,,,,,,,,,,,,,,,11633466,false,false,3,2023-04-01,2023-06-30,-1
2024-10-31,4299,2025-03-31,2,8816000000,0.017,,,,,804000000,0.143,811000000,0.149,,554000000,,47.86,,,,,,13768000000,11266000000,0.818,971.89,11266000000,,,,,,,,,,,,true,false,6,2024-04-01,2024-09-30,0
2024-10-31,4299,2024-03-31,2,8668000000,-0.014,,,,,703000000,-0.193,705000000,-0.193,,482000000,,41.37,,,,,,,,,,,,,,,,,,,,,,true,false,6,2023-04-01,2023-09-30,-1
2024-10-31,4299,2025-03-31,2,18600000000,0.072,,,,,1780000000,0.035,1790000000,0.034,,1220000000,,105.32,,,,,,,,,,,,,,,,,,,,,,true,true,12,2024-04-01,2025-03-31,0
2024-10-31,4299,2024-03-31,2,,,,,,,,,,,,,,,,,,,,13590000000,10935000000,0.805,945.72,10935000000,,,,,,,,,,,,true,false,12,2023-04-01,2024-03-31,-1
2024-10-31,4299,2024-03-31,2,,,,,,,,,,,,,,,,,,,,,,,,,,,,,43.50,,,,12412992,850094,,false,false,12,2023-04-01,2024-03-31,-1
2024-10-31,4299,2025-03-31,2,,,,,,,,,,,,,,,,,,,,,,,,,,,,,22.00,,,,,,,false,false,12,2024-04-01,2025-03-31,0
2024-10-31,4299,2025-03-31,2,,,,,,,,,,,,,,,,,,,,,,,,,,,,,44.00,,,,,,,false,true,12,2024-04-01,2025-03-31,0
2024-10-31,4299,2025-03-31,2,,,,,,,,,,,,,,,,,,,,,,,,,,,,,,,,,12412992,820699,11574757,false,false,6,2024-04-01,2024-09-30,0
2024-10-31,4299,2024-03-31,2,,,,,,,,,,,,,,,,,,,,,,,,,,,,,,,,,,,11644798,false,false,6,2023-04-01,2023-09-30,-1
2025-01-31,4299,2025-03-31,3,13326000000,0.025,,,,,1311000000,0.095,1324000000,0.102,,904000000,,78.08,,,,,,13845000000,11356000000,0.820,979.67,11356000000,,,,,,,,,,,,true,false,9,2024-04-01,2024-12-31,0
2025-01-31,4299,2024-03-31,3,13004000000,-0.002,,,,,1197000000,-0.117,1202000000,-0.120,,821000000,,70.52,,,,,,,,,,,,,,,,,,,,,,true,false,9,2023-04-01,2023-12-31,-1
2025-01-31,4299,2025-03-31,3,18600000000,0.072,,,,,1780000000,0.035,1790000000,0.034,,1220000000,,105.32,,,,,,,,,,,,,,,,,,,,,,true,true,12,2024-04-01,2025-03-31,0
2025-01-31,4299,2024-03-31,3,,,,,,,,,,,,,,,,,,,,13590000000,10935000000,0.805,945.72,10935000000,,,,,,,,,,,,true,false,12,2023-04-01,2024-03-31,-1
2025-01-31,4299,2024-03-31,3,,,,,,,,,,,,,,,,,,,,,,,,,,,,,43.50,,,,12412992,850094,,false,false,12,2023-04-01,2024-03-31,-1
2025-01-31,4299,2025-03-31,3,,,,,,,,,,,,,,,,,,,,,,,,,,,,,22.00,,,,,,,false,false,12,2024-04-01,2025-03-31,0
2025-01-31,4299,2025-03-31,3,,,,,,,,,,,,,,,,,,,,,,,,,,,,,44.00,,,,,,,false,true,12,2024-04-01,2025-03-31,0
2025-01-31,4299,2025-03-31,3,,,,,,,,,,,,,,,,,,,,,,,,,,,,,,,,,12412992,820859,11580593,false,false,9,2024-04-01,2024-12-31,0
2025-01-31,4299,2024-03-31,3,,,,,,,,,,,,,,,,,,,,,,,,,,,,,,,,,,,11636468,false,false,9,2023-04-01,2023-12-31,-1
2025-04-24,42990,2025-03-31,,18060000000,-0.029,,,,,1800000000,0.011,1820000000,0.017,1290000000,,0.057,111.37,,,,,,,,,,,,,,,,,,,,,,true,true,12,2024-04-01,2025-03-31,0
2025-04-24,42990,2024-03-31,,17357000000,,,,,,1719000000,,1730000000,,1184000000,,,101.89,,,,,,,,,,,,,,,,,,,,,,true,false,12,2023-04-01,2024-03-31,-1
2025-04-24,42990,2025-03-31,,,,,,,,,,,,,,,,,,,,,,,,,,,,,,45.00,,,,,,,false,true,12,2024-04-01,2025-03-31,0
2025-04-24,42990,2025-03-31,,,,,,,,,,,,,,,,,,,,,,,,,,,,,,22.00,,,,,,,false,false,12,2024-04-01,2025-03-31,0
2025-04-24,42990,2024-03-31,,,,,,,,,,,,,,,,,,,,,,,,,,,,,,43.50,,,,,,,false,false,12,2023-04-01,2024-03-31,-1
2025-05-13,4299,2025-03-31,,18066000000,0.041,,,,,1807000000,0.051,1821000000,0.053,,1293000000,,111.59,,0.114,0.130,0.100,,14430000000,11782000000,0.816,1016.35,11782000000,766000000,-32000000,-510000000,8319000000,,0.403,,,,,,true,false,12,2024-04-01,2025-03-31,0
2025-05-13,4299,2024-03-31,,17357000000,0.001,,,,,1719000000,-0.062,1730000000,-0.061,,1184000000,,101.89,,0.111,0.131,0.099,,13590000000,10935000000,0.805,945.72,10935000000,1389000000,23000000,-640000000,8096000000,,0.427,,,,,,true,false,12,2023-04-01,2024-03-31,-1
2025-05-13,4299,2026-03-31,,9590000000,0.088,,,,,705000000,-0.123,719000000,-0.113,,487000000,,42.01,,,,,,,,,,,,,,,,,,,,,,true,true,6,2025-04-01,2025-09-30,1
2025-05-13,4299,2026-03-31,,20000000000,0.107,,,,,1820000000,0.007,1838000000,0.009,,1245000000,,107.40,,,,,,,,,,,,,,,,0.428,,,,,,true,true,12,2025-04-01,2026-03-31,1
2025-05-13,4299,2025-03-31,,17406000000,0.041,,,,,1741000000,0.062,1755000000,0.064,1246000000,,0.102,107.58,,,,,,13523000000,10906000000,0.806,940.79,10906000000,,,,,45.00,,,,12412992,820879,11583432,false,false,12,2024-04-01,2025-03-31,0
2025-05-13,4299,2024-03-31,,16716000000,-0.001,,,,,1639000000,-0.064,1650000000,-0.063,1131000000,,-0.088,97.34,,,,,,12702000000,10131000000,0.798,876.16,10131000000,,,,,43.50,,,,12412992,850094,11618268,false,false,12,2023-04-01,2024-03-31,-1
2025-05-13,4299,2026-03-31,,,,,,,,,,,,,,,,,,,,,,,,,,,,,,46.00,,,,,,,false,true,12,2025-04-01,2026-03-31,1
2025-07-31,4299,2026-03-31,1,4454000000,0.029,,,,,235000000,-0.220,237000000,-0.217,,161000000,,13.85,,,,,,14095000000,11665000000,0.828,1006.34,11665000000,,,,,,,,,,,,true,false,3,2025-04-01,2025-06-30,0
2025-07-31,4299,2025-03-31,1,4327000000,-0.002,,,,,301000000,0.057,303000000,0.056,,207000000,,17.90,,,,,,,,,,,,,,,,,,,,,,true,false,3,2024-04-01,2024-06-30,-1
2025-07-31,4299,2026-03-31,1,9590000000,0.088,,,,,705000000,-0.123,719000000,-0.113,,487000000,,41.96,,,,,,,,,,,,,,,,,,,,,,true,true,6,2025-04-01,2025-09-30,0
2025-07-31,4299,2026-03-31,1,20000000000,0.107,,,,,1820000000,0.007,1838000000,0.009,,1245000000,,107.20,,,,,,,,,,,,,,,,,,,,,,true,true,12,2025-04-01,2026-03-31,0
2025-07-31,4299,2025-03-31,1,,,,,,,,,,,,,,,,,,,,14430000000,11782000000,0.816,1016.35,11782000000,,,,,,,,,,,,true,false,12,2024-04-01,2025-03-31,-1
2025-07-31,4299,2025-03-31,1,,,,,,,,,,,,,,,,,,,,,,,,,,,,,45.00,,,,12412992,820879,,false,false,12,2024-04-01,2025-03-31,-1
2025-07-31,4299,2026-03-31,1,,,,,,,,,,,,,,,,,,,,,,,,,,,,,46.00,,,,,,,false,true,12,2025-04-01,2026-03-31,0
2025-07-31,4299,2026-03-31,1,,,,,,,,,,,,,,,,,,,,,,,,,,,,,,,,,12412992,820959,11592075,false,false,3,2025-04-01,2025-06-30,0
2025-07-31,4299,2025-03-31,1,,,,,,,,,,,,,,,,,,,,,,,,,,,,,,,,,,,11562843,false,false,3,2024-04-01,2024-06-30,-1
