filing_date,code,fiscal_year_end,quarterly_period,net_sales,net_sales_change,revenue,revenue_change,operating_revenue,operating_revenue_change,operating_profit,operating_profit_change,ordinary_profit,ordinary_profit_change,net_income,net_income_of_parent,net_income_change,eps,diluted_eps,roe,roa,operating_profit_to_net_sales,operating_profit_to_revenue,total_assets,net_assets,equity_ratio,bps,owner_equity,operating_cash_flow,investing_cash_flow,financing_cash_flow,cash,dividend_per_share,payout_ratio,commemorative_dividend,extra_dividend,number_of_shares,number_of_treqsury_shares,avg_number_of_shares,is_consolidated,is_forecast,duration,period_start,period_end,period_pos
2015-05-12,43100,2015-03-31,,13343000000,0.468,,,,,1348000000,0.181,1373000000,0.247,993000000,,0.163,103.23,98.87,0.083,0.078,0.101,,15734000000,11446000000,0.672,1085.93,10567000000,2421000000,-1026000000,-618000000,4387000000,,0.293,,,,,,true,false,12,2014-04-01,2015-03-31,0
2015-05-12,43100,2014-03-31,,9092000000,0.182,,,,,1141000000,0.485,1101000000,0.451,854000000,,0.272,88.13,83.70,0.078,0.070,0.126,,19539000000,14344000000,0.683,1364.90,13352000000,1622000000,-1463000000,-141000000,3553000000,,0.295,,,,,,true,false,12,2013-04-01,2014-03-31,-1
2015-05-12,43100,2015-03-31,,5700000000,1.012,,,,,2620000000,3.017,2663000000,3.202,1440000000,,1.445,149.64,143.32,,,,,11372000000,10274000000,0.892,1042.35,10143000000,,,,,29.00,,,,10053700,322014,9624277,false,false,12,2014-04-01,2015-03-31,0
2015-05-12,43100,2014-03-31,,2833000000,0.142,,,,,652000000,0.948,633000000,0.617,589000000,,0.426,60.78,57.72,,,,,14959000000,12774000000,0.841,1286.66,12587000000,,,,,2600.00,,,,9782900,,9693520,false,false,12,2013-04-01,2014-03-31,-1
2015-07-28,43100,2016-03-31,1,3184000000,0.227,,,,,185000000,-0.357,195000000,-0.316,18000000,,-0.914,1.90,1.84,,,,,14678000000,10769000000,0.660,,9684000000,,,,,,,,,,,,true,false,3,2015-04-01,2015-06-30,0
2015-07-28,43100,2015-03-31,1,2595000000,0.374,,,,,288000000,1.185,286000000,0.858,215000000,,1.479,22.15,21.23,,,,,,,,,,,,,,,,,,,,,true,false,3,2014-04-01,2014-06-30,-1
2015-07-28,43100,2015-03-31,1,,,,,,,,,,,,,,,,,,,,15734000000,11446000000,0.672,,10567000000,,,,,,,,,,,,true,false,12,2014-04-01,2015-03-31,-1
2015-07-28,43100,2015-03-31,1,,,,,,,,,,,,,,,,,,,,,,,,,,,,,29.00,,,,10053700,322014,,false,false,12,2014-04-01,2015-03-31,-1
2015-07-28,43100,2016-03-31,1,,,,,,,,,,,,,,,,,,,,,,,,,,,,,0.00,,,,,,,false,false,12,2015-04-01,2016-03-31,0
2015-07-28,43100,2016-03-31,1,,,,,,,,,,,,,,,,,,,,,,,,,,,,,0.00,,,,,,,false,true,12,2015-04-01,2016-03-31,0
2015-07-28,43100,2016-03-31,1,,,,,,,,,,,,,,,,,,,,,,,,,,,,,,,,,10071100,321092,9738035,false,false,3,2015-04-01,2015-06-30,0
2015-07-28,43100,2015-03-31,1,,,,,,,,,,,,,,,,,,,,,,,,,,,,,,,,,,,9721192,false,false,3,2014-04-01,2014-06-30,-1
2015-10-29,43100,2016-03-31,2,5899000000,0.088,,,,,-479000000,,-460000000,,-566000000,,,-58.13,,,,,,14218000000,10096000000,0.655,,9311000000,,,,,,,,,,,,true,false,6,2015-04-01,2015-09-30,0
2015-10-29,43100,2015-03-31,2,5419000000,0.236,,,,,911000000,0.753,925000000,0.722,710000000,,0.608,73.80,70.71,,,,,,,,,,,,,,,,,,,,,true,false,6,2014-04-01,2014-09-30,-1
2015-10-29,43100,2015-03-31,2,,,,,,,,,,,,,,,,,,,,15734000000,11446000000,0.672,,10567000000,,,,,,,,,,,,true,false,12,2014-04-01,2015-03-31,-1
2015-10-29,43100,2015-03-31,2,,,,,,,,,,,,,,,,,,,,,,,,,,,,,29.00,,,,10053700,322014,,false,false,12,2014-04-01,2015-03-31,-1
2015-10-29,43100,2016-03-31,2,,,,,,,,,,,,,,,,,,,,,,,,,,,,,0.00,,,,,,,false,false,12,2015-04-01,2016-03-31,0
2015-10-29,43100,2016-03-31,2,,,,,,,,,,,,,,,,,,,,,,,,,,,,,0.00,,,,,,,false,true,12,2015-04-01,2016-03-31,0
2015-10-29,43100,2016-03-31,2,,,,,,,,,,,,,,,,,,,,,,,,,,,,,,,,,10087500,320575,9751895,false,false,6,2015-04-01,2015-09-30,0
2015-10-29,43100,2015-03-31,2,,,,,,,,,,,,,,,,,,,,,,,,,,,,,,,,,,,9621731,false,false,6,2014-04-01,2014-09-30,-1
2016-01-28,43100,2016-03-31,3,9672000000,0.161,,,,,360000000,-0.744,383000000,-0.734,,133000000,,13.66,13.24,,,,,15366000000,10839000000,0.654,,10048000000,,,,,,,,,,,,true,false,9,2015-04-01,2015-12-31,0
2016-01-28,43100,2015-03-31,3,8328000000,0.280,,,,,1404000000,0.915,1444000000,0.886,,1072000000,,111.70,106.89,,,,,,,,,,,,,,,,,,,,,true,false,9,2014-04-01,2014-12-31,-1
2016-01-28,43100,2015-03-31,3,,,,,,,,,,,,,,,,,,,,15734000000,11446000000,0.672,,10567000000,,,,,,,,,,,,true,false,12,2014-04-01,2015-03-31,-1
2016-01-28,43100,2015-03-31,3,,,,,,,,,,,,,,,,,,,,,,,,,,,,,29.00,,,,10053700,322014,,false,false,12,2014-04-01,2015-03-31,-1
2016-01-28,43100,2016-03-31,3,,,,,,,,,,,,,,,,,,,,,,,,,,,,,0.00,,,,,,,false,false,12,2015-04-01,2016-03-31,0
2016-01-28,43100,2016-03-31,3,,,,,,,,,,,,,,,,,,,,,,,,,,,,,,,,,10132800,319921,9764140,false,false,9,2015-04-01,2015-12-31,0
2016-01-28,43100,2015-03-31,3,,,,,,,,,,,,,,,,,,,,,,,,,,,,,,,,,,,9605974,false,false,9,2014-04-01,2014-12-31,-1
2016-05-10,43100,2016-03-31,,12691000000,-0.049,,,,,538000000,-0.600,525000000,-0.617,,420000000,,42.95,41.68,0.040,0.033,0.042,,16134000000,11245000000,0.632,1033.77,10194000000,907000000,74000000,-33000000,5222000000,,0.279,,,,,,true,false,12,2015-04-01,2016-03-31,0
2016-05-10,43100,2015-03-31,,13343000000,0.468,,,,,1348000000,0.181,1373000000,0.247,,993000000,,103.23,98.87,0.083,0.078,0.101,,15734000000,11446000000,0.672,1085.93,10567000000,2421000000,-1026000000,-618000000,4387000000,,0.293,,,,,,true,false,12,2014-04-01,2015-03-31,-1
2016-05-10,43100,2016-03-31,,3049000000,-0.465,,,,,139000000,-0.947,306000000,-0.885,283000000,,-0.803,28.93,28.07,,,,,10498000000,9861000000,0.930,989.97,9762000000,,,,,12.00,,,,10180600,319183,9782850,false,false,12,2015-04-01,2016-03-31,0
2016-05-10,43100,2015-03-31,,5700000000,1.012,,,,,2620000000,3.017,2663000000,3.202,1440000000,,1.445,149.64,143.32,,,,,11372000000,10274000000,0.892,1042.35,10143000000,,,,,29.00,,,,10053700,322014,9624277,false,false,12,2014-04-01,2015-03-31,-1
2016-07-28,43100,2017-03-31,1,3498000000,0.099,,,,,438000000,1.361,444000000,1.273,,297000000,,30.10,29.42,,,,,16605000000,11125000000,0.604,,10037000000,,,,,,,,,,,,true,false,3,2016-04-01,2016-06-30,0
2016-07-28,43100,2016-03-31,1,3184000000,0.227,,,,,185000000,-0.357,195000000,-0.316,,18000000,,1.90,1.84,,,,,,,,,,,,,,,,,,,,,true,false,3,2015-04-01,2015-06-30,-1
2016-07-28,43100,2016-03-31,1,,,,,,,,,,,,,,,,,,,,16134000000,11245000000,0.632,,10194000000,,,,,,,,,,,,true,false,12,2015-04-01,2016-03-31,-1
2016-07-28,43100,2016-03-31,1,,,,,,,,,,,,,,,,,,,,,,,,,,,,,12.00,,,,10180600,319183,,false,false,12,2015-04-01,2016-03-31,-1
2016-07-28,43100,2017-03-31,1,,,,,,,,,,,,,,,,,,,,,,,,,,,,,0.00,,,,,,,false,false,12,2016-04-01,2017-03-31,0
2016-07-28,43100,2017-03-31,1,,,,,,,,,,,,,,,,,,,,,,,,,,,,,0.00,,,,,,,false,true,12,2016-04-01,2017-03-31,0
2016-07-28,43100,2017-03-31,1,,,,,,,,,,,,,,,,,,,,,,,,,,,,,,,,,10196100,317685,9874792,false,false,3,2016-04-01,2016-06-30,0
2016-07-28,43100,2016-03-31,1,,,,,,,,,,,,,,,,,,,,,,,,,,,,,,,,,,,9738035,false,false,3,2015-04-01,2015-06-30,-1
2016-10-28,43100,2017-03-31,2,6853000000,0.162,,,,,687000000,,703000000,,,448000000,,45.41,44.41,,,,,17247000000,11461000000,0.600,,10353000000,,,,,,,,,,,,true,false,6,2016-04-01,2016-09-30,0
2016-10-28,43100,2016-03-31,2,5899000000,0.088,,,,,-479000000,,-460000000,,,-566000000,,-58.13,,,,,,,,,,,,,,,,,,,,,,true,false,6,2015-04-01,2015-09-30,-1
2016-10-28,43100,2016-03-31,2,,,,,,,,,,,,,,,,,,,,16134000000,11245000000,0.632,,10194000000,,,,,,,,,,,,true,false,12,2015-04-01,2016-03-31,-1
2016-10-28,43100,2016-03-31,2,,,,,,,,,,,,,,,,,,,,,,,,,,,,,12.00,,,,10180600,319183,,false,false,12,2015-04-01,2016-03-31,-1
2016-10-28,43100,2017-03-31,2,,,,,,,,,,,,,,,,,,,,,,,,,,,,,,,,,10206600,316602,9880894,false,false,6,2016-04-01,2016-09-30,0
2016-10-28,43100,2016-03-31,2,,,,,,,,,,,,,,,,,,,,,,,,,,,,,,,,,,,9751895,false,false,6,2015-04-01,2015-09-30,-1
2017-01-27,43100,2017-03-31,3,10814000000,0.118,,,,,688000000,0.912,721000000,0.882,,253000000,,25.64,25.07,,,,,17145000000,11198000000,0.585,,10029000000,,,,,,,,,,,,true,false,9,2016-04-01,2016-12-31,0
2017-01-27,43100,2016-03-31,3,9672000000,0.161,,,,,360000000,-0.744,383000000,-0.734,,133000000,,13.66,13.24,,,,,,,,,,,,,,,,,,,,,true,false,9,2015-04-01,2015-12-31,-1
2017-01-27,43100,2016-03-31,3,,,,,,,,,,,,,,,,,,,,16134000000,11245000000,0.632,,10194000000,,,,,,,,,,,,true,false,12,2015-04-01,2016-03-31,-1
2017-01-27,43100,2016-03-31,3,,,,,,,,,,,,,,,,,,,,,,,,,,,,,12.00,,,,10180600,319183,,false,false,12,2015-04-01,2016-03-31,-1
2017-01-27,43100,2017-03-31,3,,,,,,,,,,,,,,,,,,,,,,,,,,,,,0.00,,,,,,,false,false,12,2016-04-01,2017-03-31,0
2017-01-27,43100,2017-03-31,3,,,,,,,,,,,,,,,,,,,,,,,,,,,,,,,,,10240300,553613,9874076,false,false,9,2016-04-01,2016-12-31,0
2017-01-27,43100,2016-03-31,3,,,,,,,,,,,,,,,,,,,,,,,,,,,,,,,,,,,9764140,false,false,9,2015-04-01,2015-12-31,-1
2017-05-11,43100,2017-03-31,,14526000000,0.145,,,,,517000000,-0.039,527000000,0.003,,101000000,,10.30,10.09,0.010,0.032,0.036,,17348000000,10967000000,0.568,1015.27,9859000000,1509000000,-873000000,-126000000,5723000000,,0.291,,,,,,true,false,12,2016-04-01,2017-03-31,0
2017-05-11,43100,2016-03-31,,12691000000,-0.049,,,,,538000000,-0.600,525000000,-0.617,,420000000,,42.95,41.68,0.040,0.033,0.042,,16134000000,11245000000,0.632,1033.77,10194000000,907000000,74000000,-33000000,5222000000,,0.279,,,,,,true,false,12,2015-04-01,2016-03-31,-1
2017-05-11,43100,2017-03-31,,3936000000,0.291,,,,,994000000,6.154,1006000000,2.284,771000000,,1.726,78.46,76.82,,,,,11217000000,10104000000,0.894,1032.11,10023000000,,,,,3.00,,,,10244300,532791,9833286,false,false,12,2016-04-01,2017-03-31,0
2017-05-11,43100,2016-03-31,,3049000000,-0.465,,,,,139000000,-0.947,306000000,-0.885,283000000,,-0.803,28.93,28.07,,,,,10498000000,9861000000,0.930,989.97,9762000000,,,,,12.00,,,,10180600,319183,9782850,false,false,12,2015-04-01,2016-03-31,-1
2017-07-31,43100,2018-03-31,1,3503000000,0.002,,,,,158000000,-0.639,150000000,-0.662,,45000000,,4.73,4.64,,,,,17153000000,10957000000,0.572,,9812000000,,,,,,,,,,,,true,false,3,2017-04-01,2017-06-30,0
2017-07-31,43100,2017-03-31,1,3498000000,0.099,,,,,438000000,1.361,444000000,1.273,,297000000,,30.10,29.42,,,,,,,,,,,,,,,,,,,,,true,false,3,2016-04-01,2016-06-30,-1
2017-07-31,43100,2017-03-31,1,,,,,,,,,,,,,,,,,,,,17348000000,10967000000,0.568,,9859000000,,,,,,,,,,,,true,false,12,2016-04-01,2017-03-31,-1
2017-07-31,43100,2017-03-31,1,,,,,,,,,,,,,,,,,,,,,,,,,,,,,3.00,,,,10244300,532791,,false,false,12,2016-04-01,2017-03-31,-1
2017-07-31,43100,2018-03-31,1,,,,,,,,,,,,,,,,,,,,,,,,,,,,,0.00,,,,,,,false,false,12,2017-04-01,2018-03-31,0
2017-07-31,43100,2018-03-31,1,,,,,,,,,,,,,,,,,,,,,,,,,,,,,0.00,,,,,,,false,true,12,2017-04-01,2018-03-31,0
2017-07-31,43100,2018-03-31,1,,,,,,,,,,,,,,,,,,,,,,,,,,,,,,,,,10250200,531526,9713606,false,false,3,2017-04-01,2017-06-30,0
2017-07-31,43100,2017-03-31,1,,,,,,,,,,,,,,,,,,,,,,,,,,,,,,,,,,,9874792,false,false,3,2016-04-01,2016-06-30,-1
2017-10-30,43100,2018-03-31,2,7404000000,0.080,,,,,374000000,-0.456,414000000,-0.411,,96000000,,9.98,9.79,,,,,17648000000,10911000000,0.559,,9857000000,,,,,,,,,,,,true,false,6,2017-04-01,2017-09-30,0
2017-10-30,43100,2017-03-31,2,6853000000,0.162,,,,,687000000,,703000000,,,448000000,,45.41,44.41,,,,,,,,,,,,,,,,,,,,,true,false,6,2016-04-01,2016-09-30,-1
2017-10-30,43100,2017-03-31,2,,,,,,,,,,,,,,,,,,,,17348000000,10967000000,0.568,,9859000000,,,,,,,,,,,,true,false,12,2016-04-01,2017-03-31,-1
2017-10-30,43100,2017-03-31,2,,,,,,,,,,,,,,,,,,,,,,,,,,,,,3.00,,,,10244300,532791,,false,false,12,2016-04-01,2017-03-31,-1
2017-10-30,43100,2018-03-31,2,,,,,,,,,,,,,,,,,,,,,,,,,,,,,0.00,,,,,,,false,false,12,2017-04-01,2018-03-31,0
2017-10-30,43100,2018-03-31,2,,,,,,,,,,,,,,,,,,,,,,,,,,,,,,,,,10251700,531526,9716434,false,false,6,2017-04-01,2017-09-30,0
2017-10-30,43100,2017-03-31,2,,,,,,,,,,,,,,,,,,,,,,,,,,,,,,,,,,,9880894,false,false,6,2016-04-01,2016-09-30,-1
2018-01-31,43100,2018-03-31,3,12824000000,0.186,,,,,1569000000,1.280,1614000000,1.237,,870000000,,89.55,87.87,,,,,19184000000,11782000000,0.559,,10717000000,,,,,,,,,,,,true,false,9,2017-04-01,2017-12-31,0
2018-01-31,43100,2017-03-31,3,10814000000,0.118,,,,,688000000,0.912,721000000,0.882,,253000000,,25.64,25.07,,,,,,,,,,,,,,,,,,,,,true,false,9,2016-04-01,2016-12-31,-1
2018-01-31,43100,2017-03-31,3,,,,,,,,,,,,,,,,,,,,17348000000,10967000000,0.568,,9859000000,,,,,,,,,,,,true,false,12,2016-04-01,2017-03-31,-1
2018-01-31,43100,2017-03-31,3,,,,,,,,,,,,,,,,,,,,,,,,,,,,,3.00,,,,10244300,532791,,false,false,12,2016-04-01,2017-03-31,-1
2018-01-31,43100,2018-03-31,3,,,,,,,,,,,,,,,,,,,,,,,,,,,,,0.00,,,,,,,false,false,12,2017-04-01,2018-03-31,0
2018-01-31,43100,2018-03-31,3,,,,,,,,,,,,,,,,,,,,,,,,,,,,,,,,,10271500,530250,9721131,false,false,9,2017-04-01,2017-12-31,0
2018-01-31,43100,2017-03-31,3,,,,,,,,,,,,,,,,,,,,,,,,,,,,,,,,,,,9874076,false,false,9,2016-04-01,2016-12-31,-1
2018-05-10,43100,2018-03-31,,18418000000,0.268,,,,,1854000000,2.582,1915000000,2.632,,899000000,,92.42,90.70,0.088,0.104,0.101,,19373000000,11646000000,0.544,1078.61,10542000000,864000000,-1865000000,-100000000,4616000000,,0.281,,,,,,true,false,12,2017-04-01,2018-03-31,0
2018-05-10,43100,2017-03-31,,14526000000,0.145,,,,,517000000,-0.039,527000000,0.003,,101000000,,10.30,10.09,0.010,0.032,0.036,,17348000000,10967000000,0.568,1015.27,9859000000,1509000000,-873000000,-126000000,5723000000,,0.291,,,,,,true,false,12,2016-04-01,2017-03-31,-1
2018-05-10,43100,2018-03-31,,5852000000,0.487,,,,,1628000000,0.637,1628000000,0.618,1064000000,,0.380,109.44,107.40,,,,,12554000000,11037000000,0.874,1122.59,10972000000,,,,,26.00,,,,10300600,526682,9728093,false,false,12,2017-04-01,2018-03-31,0
2018-05-10,43100,2017-03-31,,3936000000,0.291,,,,,994000000,6.154,1006000000,2.284,771000000,,1.726,78.46,76.82,,,,,11217000000,10104000000,0.894,1032.11,10023000000,,,,,3.00,,,,10244300,532791,9833286,false,false,12,2016-04-01,2017-03-31,-1
2018-07-31,43100,2019-03-31,1,5431000000,0.550,,,,,201000000,0.273,274000000,0.825,,435000000,,44.54,42.30,,,,,21136000000,13537000000,0.532,,11252000000,,,,,,,,,,,,true,false,3,2018-04-01,2018-06-30,0
2018-07-31,43100,2018-03-31,1,3503000000,0.002,,,,,158000000,-0.639,150000000,-0.662,,45000000,,4.73,4.64,,,,,,,,,,,,,,,,,,,,,true,false,3,2017-04-01,2017-06-30,-1
2018-07-31,43100,2018-03-31,1,,,,,,,,,,,,,,,,,,,,19368000000,11646000000,0.544,,10542000000,,,,,,,,,,,,true,false,12,2017-04-01,2018-03-31,-1
2018-07-31,43100,2018-03-31,1,,,,,,,,,,,,,,,,,,,,,,,,,,,,,0.00,,,,10300600,526682,,false,false,12,2017-04-01,2018-03-31,-1
2018-07-31,43100,2019-03-31,1,,,,,,,,,,,,,,,,,,,,,,,,,,,,,0.00,,,,,,,false,false,12,2018-04-01,2019-03-31,0
2018-07-31,43100,2019-03-31,1,,,,,,,,,,,,,,,,,,,,,,,,,,,,,0.00,,,,,,,false,true,12,2018-04-01,2019-03-31,0
2018-07-31,43100,2019-03-31,1,,,,,,,,,,,,,,,,,,,,,,,,,,,,,,,,,10305200,506910,9781942,false,false,3,2018-04-01,2018-06-30,0
2018-07-31,43100,2018-03-31,1,,,,,,,,,,,,,,,,,,,,,,,,,,,,,,,,,,,9713606,false,false,3,2017-04-01,2017-06-30,-1
2018-10-30,43100,2019-03-31,2,9774000000,0.320,,,,,62000000,-0.834,223000000,-0.461,,411000000,,42.04,40.17,,,,,23089000000,13707000000,0.491,,11345000000,,,,,,,,,,,,true,false,6,2018-04-01,2018-09-30,0
2018-10-30,43100,2018-03-31,2,7404000000,0.080,,,,,374000000,-0.456,414000000,-0.411,,96000000,,9.98,9.79,,,,,,,,,,,,,,,,,,,,,true,false,6,2017-04-01,2017-09-30,-1
2018-10-30,43100,2018-03-31,2,,,,,,,,,,,,,,,,,,,,19368000000,11646000000,0.544,,10542000000,,,,,,,,,,,,true,false,12,2017-04-01,2018-03-31,-1
2018-10-30,43100,2018-03-31,2,,,,,,,,,,,,,,,,,,,,,,,,,,,,,26.00,,,,10300600,526682,,false,false,12,2017-04-01,2018-03-31,-1
2018-10-30,43100,2019-03-31,2,,,,,,,,,,,,,,,,,,,,,,,,,,,,,0.00,,,,,,,false,false,12,2018-04-01,2019-03-31,0
2018-10-30,43100,2019-03-31,2,,,,,,,,,,,,,,,,,,,,,,,,,,,,,0.00,,,,,,,false,true,12,2018-04-01,2019-03-31,0
2018-10-30,43100,2019-03-31,2,,,,,,,,,,,,,,,,,,,,,,,,,,,,,,,,,10305300,506615,9790242,false,false,6,2018-04-01,2018-09-30,0
2018-10-30,43100,2018-03-31,2,,,,,,,,,,,,,,,,,,,,,,,,,,,,,,,,,,,9716434,false,false,6,2017-04-01,2017-09-30,-1
2019-01-29,43100,2019-03-31,3,14665000000,0.144,,,,,11000000,-0.993,87000000,-0.946,,150000000,,15.34,13.69,,,,,23343000000,13452000000,0.468,,10931000000,,,,,,,,,,,,true,false,9,2018-04-01,2018-12-31,0
2019-01-29,43100,2018-03-31,3,12824000000,0.186,,,,,1569000000,1.280,1614000000,1.237,,870000000,,89.55,87.87,,,,,,,,,,,,,,,,,,,,,true,false,9,2017-04-01,2017-12-31,-1
2019-01-29,43100,2018-03-31,3,,,,,,,,,,,,,,,,,,,,19368000000,11646000000,0.544,,10542000000,,,,,,,,,,,,true,false,12,2017-04-01,2018-03-31,-1
2019-01-29,43100,2018-03-31,3,,,,,,,,,,,,,,,,,,,,,,,,,,,,,26.00,,,,10300600,526682,,false,false,12,2017-04-01,2018-03-31,-1
2019-01-29,43100,2019-03-31,3,,,,,,,,,,,,,,,,,,,,,,,,,,,,,0.00,,,,,,,false,false,12,2018-04-01,2019-03-31,0
2019-01-29,43100,2019-03-31,3,,,,,,,,,,,,,,,,,,,,,,,,,,,,,,,,,10323700,504930,9797142,false,false,9,2018-04-01,2018-12-31,0
2019-01-29,43100,2018-03-31,3,,,,,,,,,,,,,,,,,,,,,,,,,,,,,,,,,,,9721131,false,false,9,2017-04-01,2017-12-31,-1
2019-05-09,43100,2019-03-31,,20705000000,0.124,,,,,124000000,-0.933,277000000,-0.855,,378000000,,38.64,36.67,0.035,0.013,0.006,,24705000000,13855000000,0.455,1141.46,11240000000,1292000000,-3285000000,2891000000,5512000000,,,,,,,,true,false,12,2018-04-01,2019-03-31,0
2019-05-09,43100,2018-03-31,,18418000000,0.268,,,,,1854000000,2.582,1915000000,2.632,,899000000,,92.42,90.70,0.088,0.104,0.101,,19368000000,11646000000,0.544,1078.61,10542000000,864000000,-1865000000,-100000000,4616000000,,0.281,,,,,,true,false,12,2017-04-01,2018-03-31,-1
2019-05-09,43100,2019-03-31,,4821000000,-0.176,,,,,175000000,-0.892,279000000,-0.828,213000000,,-0.800,21.75,21.45,,,,,13311000000,10878000000,0.813,1099.66,10828000000,,,,,0.00,,,,10350300,502761,9806200,false,false,12,2018-04-01,2019-03-31,0
2019-05-09,43100,2018-03-31,,5852000000,0.487,,,,,1628000000,0.637,1628000000,0.618,1064000000,,0.380,109.44,107.40,,,,,12554000000,11037000000,0.874,1122.59,10972000000,,,,,26.00,,,,10300600,526682,9728093,false,false,12,2017-04-01,2018-03-31,-1
2019-07-30,43100,2020-03-31,1,5215000000,-0.040,,,,,-105000000,,-106000000,,,-18000000,,-1.92,,,,,,24381000000,13679000000,0.453,,11047000000,,,,,,,,,,,,true,false,3,2019-04-01,2019-06-30,0
2019-07-30,43100,2019-03-31,1,5431000000,0.550,,,,,201000000,0.273,274000000,0.825,,435000000,,44.54,42.30,,,,,,,,,,,,,,,,,,,,,true,false,3,2018-04-01,2018-06-30,-1
2019-07-30,43100,2019-03-31,1,,,,,,,,,,,,,,,,,,,,24705000000,13855000000,0.455,,11240000000,,,,,,,,,,,,true,false,12,2018-04-01,2019-03-31,-1
2019-07-30,43100,2019-03-31,1,,,,,,,,,,,,,,,,,,,,,,,,,,,,,0.00,,,,10350300,502761,,false,false,12,2018-04-01,2019-03-31,-1
2019-07-30,43100,2020-03-31,1,,,,,,,,,,,,,,,,,,,,,,,,,,,,,0.00,,,,,,,false,false,12,2019-04-01,2020-03-31,0
2019-07-30,43100,2020-03-31,1,,,,,,,,,,,,,,,,,,,,,,,,,,,,,0.00,,,,,,,false,true,12,2019-04-01,2020-03-31,0
2019-07-30,43100,2020-03-31,1,,,,,,,,,,,,,,,,,,,,,,,,,,,,,,,,,10366100,540878,9840686,false,false,3,2019-04-01,2019-06-30,0
2019-07-30,43100,2019-03-31,1,,,,,,,,,,,,,,,,,,,,,,,,,,,,,,,,,,,9781942,false,false,3,2018-04-01,2018-06-30,-1
2019-11-01,43100,2020-03-31,2,10614000000,0.086,,,,,-99000000,,-147000000,,,-144000000,,-14.78,,,,,,25148000000,13675000000,0.430,,10819000000,,,,,,,,,,,,true,false,6,2019-04-01,2019-09-30,0
2019-11-01,43100,2019-03-31,2,9774000000,0.320,,,,,62000000,-0.834,223000000,-0.461,,411000000,,42.04,40.17,,,,,,,,,,,,,,,,,,,,,true,false,6,2018-04-01,2018-09-30,-1
2019-11-01,43100,2019-03-31,2,,,,,,,,,,,,,,,,,,,,24705000000,13855000000,0.455,,11240000000,,,,,,,,,,,,true,false,12,2018-04-01,2019-03-31,-1
2019-11-01,43100,2019-03-31,2,,,,,,,,,,,,,,,,,,,,,,,,,,,,,0.00,,,,10350300,502761,,false,false,12,2018-04-01,2019-03-31,-1
2019-11-01,43100,2020-03-31,2,,,,,,,,,,,,,,,,,,,,,,,,,,,,,0.00,,,,,,,false,false,12,2019-04-01,2020-03-31,0
2019-11-01,43100,2020-03-31,2,,,,,,,,,,,,,,,,,,,,,,,,,,,,,0.00,,,,,,,false,true,12,2019-04-01,2020-03-31,0
2019-11-01,43100,2020-03-31,2,,,,,,,,,,,,,,,,,,,,,,,,,,,,,,,,,10377000,640900,9795886,false,false,6,2019-04-01,2019-09-30,0
2019-11-01,43100,2019-03-31,2,,,,,,,,,,,,,,,,,,,,,,,,,,,,,,,,,,,9790242,false,false,6,2018-04-01,2018-09-30,-1
2020-01-31,43100,2020-03-31,3,16594000000,0.132,,,,,200000000,,178000000,1.036,,19000000,,2.03,1.77,,,,,26681000000,14401000000,0.426,,11365000000,,,,,,,,,,,,true,false,9,2019-04-01,2019-12-31,0
2020-01-31,43100,2019-03-31,3,14665000000,0.144,,,,,11000000,-0.993,87000000,-0.946,,150000000,,15.34,13.69,,,,,,,,,,,,,,,,,,,,,true,false,9,2018-04-01,2018-12-31,-1
2020-01-31,43100,2019-03-31,3,,,,,,,,,,,,,,,,,,,,24705000000,13855000000,0.455,,11240000000,,,,,,,,,,,,true,false,12,2018-04-01,2019-03-31,-1
2020-01-31,43100,2019-03-31,3,,,,,,,,,,,,,,,,,,,,,,,,,,,,,0.00,,,,10350300,502761,,false,false,12,2018-04-01,2019-03-31,-1
2020-01-31,43100,2020-03-31,3,,,,,,,,,,,,,,,,,,,,,,,,,,,,,0.00,,,,,,,false,false,12,2019-04-01,2020-03-31,0
2020-01-31,43100,2020-03-31,3,,,,,,,,,,,,,,,,,,,,,,,,,,,,,,,,,10381400,639018,9776865,false,false,9,2019-04-01,2019-12-31,0
2020-01-31,43100,2019-03-31,3,,,,,,,,,,,,,,,,,,,,,,,,,,,,,,,,,,,9797142,false,false,9,2018-04-01,2018-12-31,-1
2020-05-11,43100,2020-03-31,,22595000000,0.091,,,,,12000000,-0.901,-25000000,,,-198000000,,-20.31,,-0.018,-0.001,0.001,,26424000000,13638000000,0.402,1090.75,10627000000,1424000000,-2664000000,401000000,4627000000,,,,,,,,true,false,12,2019-04-01,2020-03-31,0
2020-05-11,43100,2019-03-31,,20705000000,0.124,,,,,124000000,-0.933,277000000,-0.855,,378000000,,38.64,36.67,0.035,0.013,0.006,,24705000000,13855000000,0.455,1141.46,11240000000,1292000000,-3285000000,2891000000,5512000000,,,,,,,,true,false,12,2018-04-01,2019-03-31,-1
2020-05-11,43100,2020-03-31,,3142000000,-0.348,,,,,68000000,-0.608,-161000000,,-194000000,,,-19.92,,,,,,12961000000,10362000000,0.796,1059.37,10321000000,,,,,0.00,,,,10381400,638047,9768500,false,false,12,2019-04-01,2020-03-31,0
2020-05-11,43100,2019-03-31,,4821000000,-0.176,,,,,175000000,-0.892,279000000,-0.828,213000000,,-0.800,21.75,21.45,,,,,13311000000,10878000000,0.813,1099.66,10828000000,,,,,0.00,,,,10350300,502761,9806200,false,false,12,2018-04-01,2019-03-31,-1
2020-07-31,43100,2021-03-31,1,6074000000,0.161,,,,,-175000000,,-161000000,,,-143000000,,-14.67,,,,,,27765000000,14544000000,0.394,,10946000000,,,,,,,,,,,,true,false,3,2020-04-01,2020-06-30,0
2020-07-31,43100,2020-03-31,1,5231000000,-0.038,,,,,-94000000,,-106000000,,,-18000000,,-1.92,,,,,,,,,,,,,,,,,,,,,,true,false,3,2019-04-01,2019-06-30,-1
2020-07-31,43100,2020-03-31,1,,,,,,,,,,,,,,,,,,,,26424000000,13638000000,0.402,,10627000000,,,,,,,,,,,,true,false,12,2019-04-01,2020-03-31,-1
2020-07-31,43100,2020-03-31,1,,,,,,,,,,,,,,,,,,,,,,,,,,,,,0.00,,,,10381400,638047,,false,false,12,2019-04-01,2020-03-31,-1
2020-07-31,43100,2021-03-31,1,,,,,,,,,,,,,,,,,,,,,,,,,,,,,0.00,,,,,,,false,false,12,2020-04-01,2021-03-31,0
2020-07-31,43100,2021-03-31,1,,,,,,,,,,,,,,,,,,,,,,,,,,,,,0.00,,,,,,,false,true,12,2020-04-01,2021-03-31,0
2020-07-31,43100,2021-03-31,1,,,,,,,,,,,,,,,,,,,,,,,,,,,,,,,,,10399100,631140,9755126,false,false,3,2020-04-01,2020-06-30,0
2020-07-31,43100,2020-03-31,1,,,,,,,,,,,,,,,,,,,,,,,,,,,,,,,,,,,9840686,false,false,3,2019-04-01,2019-06-30,-1
2020-10-29,43100,2021-03-31,2,13343000000,0.247,,,,,-145000000,,-68000000,,,-243000000,,-24.87,,,,,,28123000000,14809000000,0.395,,11110000000,,,,,,,,,,,,true,false,6,2020-04-01,2020-09-30,0
2020-10-29,43100,2020-03-31,2,10696000000,0.092,,,,,-19000000,,-147000000,,,-144000000,,-14.78,,,,,,,,,,,,,,,,,,,,,,true,false,6,2019-04-01,2019-09-30,-1
2020-10-29,43100,2020-03-31,2,,,,,,,,,,,,,,,,,,,,26424000000,13638000000,0.402,,10627000000,,,,,,,,,,,,true,false,12,2019-04-01,2020-03-31,-1
2020-10-29,43100,2020-03-31,2,,,,,,,,,,,,,,,,,,,,,,,,,,,,,0.00,,,,10381400,638047,,false,false,12,2019-04-01,2020-03-31,-1
2020-10-29,43100,2021-03-31,2,,,,,,,,,,,,,,,,,,,,,,,,,,,,,0.00,,,,,,,false,false,12,2020-04-01,2021-03-31,0
2020-10-29,43100,2021-03-31,2,,,,,,,,,,,,,,,,,,,,,,,,,,,,,,,,,10405100,602992,9775653,false,false,6,2020-04-01,2020-09-30,0
2020-10-29,43100,2020-03-31,2,,,,,,,,,,,,,,,,,,,,,,,,,,,,,,,,,,,9795886,false,false,6,2019-04-01,2019-09-30,-1
2021-02-03,43100,2021-03-31,3,19935000000,0.193,,,,,-299000000,,-268000000,,,-435000000,,-44.53,,,,,,29691000000,15006000000,0.362,,10761000000,,,,,,,,,,,,true,false,9,2020-04-01,2020-12-31,0
2021-02-03,43100,2020-03-31,3,16715000000,0.137,,,,,310000000,9.589,178000000,1.036,,19000000,,2.03,1.77,,,,,,,,,,,,,,,,,,,,,true,false,9,2019-04-01,2019-12-31,-1
2021-02-03,43100,2020-03-31,3,,,,,,,,,,,,,,,,,,,,26424000000,13638000000,0.402,,10627000000,,,,,,,,,,,,true,false,12,2019-04-01,2020-03-31,-1
2021-02-03,43100,2020-03-31,3,,,,,,,,,,,,,,,,,,,,,,,,,,,,,0.00,,,,10381400,638047,,false,false,12,2019-04-01,2020-03-31,-1
2021-02-03,43100,2021-03-31,3,,,,,,,,,,,,,,,,,,,,,,,,,,,,,0.00,,,,,,,false,false,12,2020-04-01,2021-03-31,0
2021-02-03,43100,2021-03-31,3,,,,,,,,,,,,,,,,,,,,,,,,,,,,,,,,,10407100,599840,9785118,false,false,9,2020-04-01,2020-12-31,0
2021-02-03,43100,2020-03-31,3,,,,,,,,,,,,,,,,,,,,,,,,,,,,,,,,,,,9776865,false,false,9,2019-04-01,2019-12-31,-1
2021-05-14,43100,2021-03-31,,27776000000,0.221,,,,,-957000000,,-971000000,,,-2105000000,,-215.20,,-0.212,-0.035,-0.034,,29549000000,13196000000,0.313,955.56,9236000000,-700000000,-1510000000,1816000000,4220000000,,,,,,,,true,false,12,2020-04-01,2021-03-31,0
2021-05-14,43100,2020-03-31,,22755000000,0.096,,,,,124000000,-0.231,-25000000,,,-198000000,,-20.31,,-0.018,-0.001,0.001,,26424000000,13638000000,0.402,1090.75,10627000000,-1178000000,-61000000,401000000,4627000000,,,,,,,,true,false,12,2019-04-01,2020-03-31,-1
2021-05-14,43100,2021-03-31,,3319000000,0.056,,,,,-1012000000,,-969000000,,-1258000000,,,-128.63,,,,,,12926000000,9629000000,0.744,994.80,9616000000,,,,,0.00,,,,10421600,755076,9782040,false,false,12,2020-04-01,2021-03-31,0
2021-05-14,43100,2020-03-31,,3142000000,-0.348,,,,,68000000,-0.608,-161000000,,-194000000,,,-19.92,,,,,,12961000000,10362000000,0.796,1059.37,10321000000,,,,,0.00,,,,10381400,638047,9768500,false,false,12,2019-04-01,2020-03-31,-1
2021-08-06,43100,2022-03-31,1,7974000000,0.313,,,,,-138000000,,59000000,,,-21000000,,-2.22,,,,,,30127000000,13463000000,0.306,,9228000000,,,,,,,,,,,,true,false,3,2021-04-01,2021-06-30,0
2021-08-06,43100,2021-03-31,1,6074000000,0.161,,,,,-175000000,,-161000000,,,-143000000,,-14.67,,,,,,,,,,,,,,,,,,,,,,true,false,3,2020-04-01,2020-06-30,-1
2021-08-06,43100,2021-03-31,1,,,,,,,,,,,,,,,,,,,,29549000000,13196000000,0.313,,9236000000,,,,,,,,,,,,true,false,12,2020-04-01,2021-03-31,-1
2021-08-06,43100,2021-03-31,1,,,,,,,,,,,,,,,,,,,,,,,,,,,,,0.00,,,,10421600,755076,,false,false,12,2020-04-01,2021-03-31,-1
2021-08-06,43100,2022-03-31,1,,,,,,,,,,,,,,,,,,,,,,,,,,,,,,,,,10429500,755076,9670078,false,false,3,2021-04-01,2021-06-30,0
2021-08-06,43100,2021-03-31,1,,,,,,,,,,,,,,,,,,,,,,,,,,,,,,,,,,,9755126,false,false,3,2020-04-01,2020-06-30,-1
2021-11-09,43100,2022-03-31,2,16795000000,0.259,,,,,-233000000,,-29000000,,,-129000000,,-13.41,,,,,,31476000000,13667000000,0.293,,9232000000,,,,,,,,,,,,true,false,6,2021-04-01,2021-09-30,0
2021-11-09,43100,2021-03-31,2,13343000000,0.247,,,,,-145000000,,-68000000,,,-243000000,,-24.87,,,,,,,,,,,,,,,,,,,,,,true,false,6,2020-04-01,2020-09-30,-1
2021-11-09,43100,2021-03-31,2,,,,,,,,,,,,,,,,,,,,29549000000,13196000000,0.313,,9236000000,,,,,,,,,,,,true,false,12,2020-04-01,2021-03-31,-1
2021-11-09,43100,2021-03-31,2,,,,,,,,,,,,,,,,,,,,,,,,,,,,,0.00,,,,10421600,755076,,false,false,12,2020-04-01,2021-03-31,-1
2021-11-09,43100,2022-03-31,2,,,,,,,,,,,,,,,,,,,,,,,,,,,,,0.00,,,,,,,false,false,12,2021-04-01,2022-03-31,0
2021-11-09,43100,2022-03-31,2,,,,,,,,,,,,,,,,,,,,,,,,,,,,,0.00,,,,,,,false,true,12,2021-04-01,2022-03-31,0
2021-11-09,43100,2022-03-31,2,,,,,,,,,,,,,,,,,,,,,,,,,,,,,,,,,10429500,725618,9681552,false,false,6,2021-04-01,2021-09-30,0
2021-11-09,43100,2021-03-31,2,,,,,,,,,,,,,,,,,,,,,,,,,,,,,,,,,,,9775653,false,false,6,2020-04-01,2020-09-30,-1
2022-02-07,43100,2022-03-31,3,26109000000,0.310,,,,,12000000,,256000000,,,41000000,,4.33,4.27,,,,,31969000000,12231000000,0.298,,9534000000,,,,,,,,,,,,true,false,9,2021-04-01,2021-12-31,0
2022-02-07,43100,2021-03-31,3,19935000000,0.193,,,,,-299000000,,-268000000,,,-435000000,,-44.53,,,,,,,,,,,,,,,,,,,,,,true,false,9,2020-04-01,2020-12-31,-1
2022-02-07,43100,2021-03-31,3,,,,,,,,,,,,,,,,,,,,29549000000,13196000000,0.313,,9236000000,,,,,,,,,,,,true,false,12,2020-04-01,2021-03-31,-1
2022-02-07,43100,2021-03-31,3,,,,,,,,,,,,,,,,,,,,,,,,,,,,,0.00,,,,10421600,755076,,false,false,12,2020-04-01,2021-03-31,-1
2022-02-07,43100,2022-03-31,3,,,,,,,,,,,,,,,,,,,,,,,,,,,,,0.00,,,,,,,false,false,12,2021-04-01,2022-03-31,0
2022-02-07,43100,2022-03-31,3,,,,,,,,,,,,,,,,,,,,,,,,,,,,,,,,,10429500,710276,9693834,false,false,9,2021-04-01,2021-12-31,0
2022-02-07,43100,2021-03-31,3,,,,,,,,,,,,,,,,,,,,,,,,,,,,,,,,,,,9785118,false,false,9,2020-04-01,2020-12-31,-1
2022-05-13,43100,2022-03-31,,35566000000,0.280,,,,,-168000000,,44000000,,,7000000,,0.80,0.77,0.001,0.001,-0.005,,33574000000,12454000000,0.291,1003.00,9778000000,7822000000,317000000,955000000,12810000000,,,,,,,,true,false,12,2021-04-01,2022-03-31,0
2022-05-13,43100,2021-03-31,,27776000000,0.221,,,,,-957000000,,-971000000,,,-2105000000,,-215.20,,-0.212,-0.035,-0.034,,29549000000,13196000000,0.313,955.56,9236000000,-700000000,-1510000000,1816000000,4220000000,,,,,,,,true,false,12,2020-04-01,2021-03-31,-1
2022-05-13,43100,2022-03-31,,3158000000,-0.049,,,,,-152000000,,77000000,,-78000000,,,-8.12,,,,,,12871000000,10103000000,0.785,1036.03,10100000000,,,,,0.00,,,,10454500,705419,9701821,false,false,12,2021-04-01,2022-03-31,0
2022-05-13,43100,2021-03-31,,3319000000,0.056,,,,,-1012000000,,-969000000,,-1258000000,,,-128.63,,,,,,12926000000,9629000000,0.744,994.80,9616000000,,,,,0.00,,,,10421600,755076,9782040,false,false,12,2020-04-01,2021-03-31,-1
2022-08-05,43100,2023-03-31,1,8983000000,0.127,,,,,352000000,,421000000,6.055,,728000000,,74.65,74.55,,,,,33884000000,13671000000,0.321,,10880000000,,,,,,,,,,,,true,false,3,2022-04-01,2022-06-30,0
2022-08-05,43100,2022-03-31,1,7974000000,0.313,,,,,-138000000,,59000000,,,-21000000,,-2.22,,,,,,,,,,,,,,,,,,,,,,true,false,3,2021-04-01,2021-06-30,-1
2022-08-05,43100,2022-03-31,1,,,,,,,,,,,,,,,,,,,,33574000000,12454000000,0.291,,9778000000,,,,,,,,,,,,true,false,12,2021-04-01,2022-03-31,-1
2022-08-05,43100,2022-03-31,1,,,,,,,,,,,,,,,,,,,,,,,,,,,,,0.00,,,,10454500,705419,,false,false,12,2021-04-01,2022-03-31,-1
2022-08-05,43100,2023-03-31,1,,,,,,,,,,,,,,,,,,,,,,,,,,,,,0.00,,,,,,,false,false,12,2022-04-01,2023-03-31,0
2022-08-05,43100,2023-03-31,1,,,,,,,,,,,,,,,,,,,,,,,,,,,,,0.00,,,,,,,false,true,12,2022-04-01,2023-03-31,0
2022-08-05,43100,2023-03-31,1,,,,,,,,,,,,,,,,,,,,,,,,,,,,,,,,,10465100,705419,9753901,false,false,3,2022-04-01,2022-06-30,0
2022-08-05,43100,2022-03-31,1,,,,,,,,,,,,,,,,,,,,,,,,,,,,,,,,,,,9670078,false,false,3,2021-04-01,2021-06-30,-1
2022-11-07,43100,2023-03-31,2,18876000000,0.124,,,,,794000000,,878000000,,,1017000000,,104.25,104.10,,,,,35390000000,14009000000,0.314,,11111000000,,,,,,,,,,,,true,false,6,2022-04-01,2022-09-30,0
2022-11-07,43100,2022-03-31,2,16795000000,0.259,,,,,-233000000,,-29000000,,,-129000000,,-13.41,,,,,,,,,,,,,,,,,,,,,,true,false,6,2021-04-01,2021-09-30,-1
2022-11-07,43100,2022-03-31,2,,,,,,,,,,,,,,,,,,,,33574000000,12454000000,0.291,,9778000000,,,,,,,,,,,,true,false,12,2021-04-01,2022-03-31,-1
2022-11-07,43100,2022-03-31,2,,,,,,,,,,,,,,,,,,,,,,,,,,,,,0.00,,,,10454500,705419,,false,false,12,2021-04-01,2022-03-31,-1
2022-11-07,43100,2023-03-31,2,,,,,,,,,,,,,,,,,,,,,,,,,,,,,0.00,,,,,,,false,false,12,2022-04-01,2023-03-31,0
2022-11-07,43100,2023-03-31,2,,,,,,,,,,,,,,,,,,,,,,,,,,,,,0.00,,,,,,,false,true,12,2022-04-01,2023-03-31,0
2022-11-07,43100,2023-03-31,2,,,,,,,,,,,,,,,,,,,,,,,,,,,,,,,,,10465100,705419,9756807,false,false,6,2022-04-01,2022-09-30,0
2022-11-07,43100,2022-03-31,2,,,,,,,,,,,,,,,,,,,,,,,,,,,,,,,,,,,9681552,false,false,6,2021-04-01,2021-09-30,-1
2023-02-07,43100,2023-03-31,3,28993000000,0.110,,,,,1952000000,,2002000000,6.798,,1453000000,,148.97,148.49,,,,,36391000000,14321000000,0.310,,11280000000,,,,,,,,,,,,true,false,9,2022-04-01,2022-12-31,0
2023-02-07,43100,2022-03-31,3,26109000000,0.310,,,,,12000000,,256000000,,,41000000,,4.33,4.27,,,,,,,,,,,,,,,,,,,,,true,false,9,2021-04-01,2021-12-31,-1
2023-02-07,43100,2022-03-31,3,,,,,,,,,,,,,,,,,,,,33574000000,12454000000,0.291,,9778000000,,,,,,,,,,,,true,false,12,2021-04-01,2022-03-31,-1
2023-02-07,43100,2022-03-31,3,,,,,,,,,,,,,,,,,,,,,,,,,,,,,0.00,,,,10454500,705419,,false,false,12,2021-04-01,2022-03-31,-1
2023-02-07,43100,2023-03-31,3,,,,,,,,,,,,,,,,,,,,,,,,,,,,,0.00,,,,,,,false,false,12,2022-04-01,2023-03-31,0
2023-02-07,43100,2023-03-31,3,,,,,,,,,,,,,,,,,,,,,,,,,,,,,191.11,,,,,,,false,true,12,2022-04-01,2023-03-31,0
2023-02-07,43100,2023-03-31,3,,,,,,,,,,,,,,,,,,,,,,,,,,,,,,,,,10465100,705419,9757768,false,false,9,2022-04-01,2022-12-31,0
2023-02-07,43100,2022-03-31,3,,,,,,,,,,,,,,,,,,,,,,,,,,,,,,,,,,,9693834,false,false,9,2021-04-01,2021-12-31,-1
,43100,2023-03-31,,,,,,,,,,,,,,,,,,,,,,,,,,,,,,191.11,,,,,,,false,true,12,2022-04-01,2023-03-31,0
,43100,2023-03-31,,,,,,,,,,,,,,,,,,,,,,,,,,,,,,0.00,,,,,,,false,false,12,2022-04-01,2023-03-31,0
,43100,2022-03-31,,,,,,,,,,,,,,,,,,,,,,,,,,,,,,0.00,,,,,,,false,false,12,2021-04-01,2022-03-31,-1
2023-05-11,43100,2023-03-31,,30132000000,-0.153,,,,,1190000000,,1227000000,,,11553000000,,1183.92,1183.34,0.740,0.038,0.039,,31310000000,21917000000,0.685,2195.94,21441000000,3669000000,-5150000000,-1388000000,10263000000,,0.161,,,,,,true,false,12,2022-04-01,2023-03-31,0
2023-05-11,43100,2022-03-31,,35566000000,0.280,,,,,-168000000,,44000000,,,7000000,,0.80,0.77,0.001,0.001,-0.005,,33574000000,12454000000,0.291,1003.00,9778000000,7822000000,317000000,955000000,12810000000,,,,,,,,true,false,12,2021-04-01,2022-03-31,-1
2023-05-11,43100,2023-03-31,,4961000000,0.571,,,,,242000000,,244000000,2.141,12050000000,,,1234.81,1234.68,,,,,32207000000,22013000000,0.683,2254.54,22013000000,,,,,191.11,,,,10465100,700977,9758988,false,false,12,2022-04-01,2023-03-31,0
2023-05-11,43100,2022-03-31,,3158000000,-0.049,,,,,-152000000,,77000000,,-78000000,,,-8.12,,,,,,12871000000,10103000000,0.785,1036.03,10100000000,,,,,0.00,,,,10454500,705419,9701821,false,false,12,2021-04-01,2022-03-31,-1
2023-08-01,43100,2024-03-31,1,1174000000,-0.869,,,,,-182000000,,-190000000,,,-187000000,,-19.45,,,,,,21958000000,19356000000,0.857,,18812000000,,,,,,,,,,,,true,false,3,2023-04-01,2023-06-30,0
2023-08-01,43100,2023-03-31,1,8983000000,0.127,,,,,352000000,,421000000,6.055,,728000000,,74.65,74.55,,,,,,,,,,,,,,,,,,,,,true,false,3,2022-04-01,2022-06-30,-1
2023-08-01,43100,2023-03-31,1,,,,,,,,,,,,,,,,,,,,31310000000,21917000000,0.685,,21441000000,,,,,,,,,,,,true,false,12,2022-04-01,2023-03-31,-1
2023-08-01,43100,2023-03-31,1,,,,,,,,,,,,,,,,,,,,,,,,,,,,,191.11,,,,10465100,700977,,false,false,12,2022-04-01,2023-03-31,-1
2023-08-01,43100,2024-03-31,1,,,,,,,,,,,,,,,,,,,,,,,,,,,,,0.00,,,,,,,false,false,12,2023-04-01,2024-03-31,0
2023-08-01,43100,2024-03-31,1,,,,,,,,,,,,,,,,,,,,,,,,,,,,,,,,,10465100,986491,9656402,false,false,3,2023-04-01,2023-06-30,0
2023-08-01,43100,2023-03-31,1,,,,,,,,,,,,,,,,,,,,,,,,,,,,,,,,,,,9753901,false,false,3,2022-04-01,2022-06-30,-1
2023-11-01,43100,2024-03-31,2,2414000000,-0.872,,,,,-683000000,,-688000000,,,-674000000,,-71.41,,,,,,19891000000,17690000000,0.864,,17187000000,,,,,,,,,,,,true,false,6,2023-04-01,2023-09-30,0
2023-11-01,43100,2023-03-31,2,18876000000,0.124,,,,,794000000,,878000000,,,1017000000,,104.25,104.10,,,,,,,,,,,,,,,,,,,,,true,false,6,2022-04-01,2022-09-30,-1
2023-11-01,43100,2023-03-31,2,,,,,,,,,,,,,,,,,,,,31310000000,21917000000,0.685,,21441000000,,,,,,,,,,,,true,false,12,2022-04-01,2023-03-31,-1
2023-11-01,43100,2023-03-31,2,,,,,,,,,,,,,,,,,,,,,,,,,,,,,191.11,,,,10465100,700977,,false,false,12,2022-04-01,2023-03-31,-1
2023-11-01,43100,2024-03-31,2,,,,,,,,,,,,,,,,,,,,,,,,,,,,,0.00,,,,,,,false,false,12,2023-04-01,2024-03-31,0
2023-11-01,43100,2024-03-31,2,,,,,,,,,,,,,,,,,,,,,,,,,,,,,,,,,10465100,1408391,9440533,false,false,6,2023-04-01,2023-09-30,0
2023-11-01,43100,2023-03-31,2,,,,,,,,,,,,,,,,,,,,,,,,,,,,,,,,,,,9756807,false,false,6,2022-04-01,2022-09-30,-1
,43100,2024-03-31,,,,,,,,,,,,,,,,,,,,,,,,,,,,,,128.00,,,,,,,false,true,12,2023-04-01,2024-03-31,0
,43100,2024-03-31,,,,,,,,,,,,,,,,,,,,,,,,,,,,,,0.00,,,,,,,false,false,12,2023-04-01,2024-03-31,0
,43100,2023-03-31,,,,,,,,,,,,,,,,,,,,,,,,,,,,,,191.11,,,,,,,false,false,12,2022-04-01,2023-03-31,-1
2024-02-01,43100,2024-03-31,3,3785000000,-0.869,,,,,-1089000000,,-1117000000,,,-1038000000,,-112.34,,,,,,18236000000,16106000000,0.863,,15744000000,,,,,,,,,,,,true,false,9,2023-04-01,2023-12-31,0
2024-02-01,43100,2023-03-31,3,28993000000,0.110,,,,,1952000000,,2002000000,6.798,,1453000000,,148.97,148.49,,,,,,,,,,,,,,,,,,,,,true,false,9,2022-04-01,2022-12-31,-1
2024-02-01,43100,2023-03-31,3,,,,,,,,,,,,,,,,,,,,31310000000,21917000000,0.685,,21441000000,,,,,,,,,,,,true,false,12,2022-04-01,2023-03-31,-1
2024-02-01,43100,2023-03-31,3,,,,,,,,,,,,,,,,,,,,,,,,,,,,,191.11,,,,10465100,700977,,false,false,12,2022-04-01,2023-03-31,-1
2024-02-01,43100,2024-03-31,3,,,,,,,,,,,,,,,,,,,,,,,,,,,,,0.00,,,,,,,false,false,12,2023-04-01,2024-03-31,0
2024-02-01,43100,2024-03-31,3,,,,,,,,,,,,,,,,,,,,,,,,,,,,,128.00,,,,,,,false,true,12,2023-04-01,2024-03-31,0
2024-02-01,43100,2024-03-31,3,,,,,,,,,,,,,,,,,,,,,,,,,,,,,,,,,10465100,1705932,9246012,false,false,9,2023-04-01,2023-12-31,0
2024-02-01,43100,2023-03-31,3,,,,,,,,,,,,,,,,,,,,,,,,,,,,,,,,,,,9757768,false,false,9,2022-04-01,2022-12-31,-1
2024-05-13,43100,2024-03-31,,5378000000,-0.822,,,,,1966000000,,-1992000000,,,-1847000000,,-202.26,,-0.101,-0.082,-0.366,,17454000000,15182000000,0.860,1714.41,15017000000,-7458000000,8161000000,-4751000000,6245000000,,,,,,,,true,false,12,2023-04-01,2024-03-31,0
2024-05-13,43100,2023-03-31,,30132000000,-0.153,,,,,1190000000,,1227000000,,,11553000000,,1183.92,1183.34,0.740,0.038,0.039,,31310000000,21917000000,0.685,2195.94,21441000000,3669000000,-5150000000,-1388000000,10263000000,,0.161,,,,,,true,false,12,2022-04-01,2023-03-31,-1
2024-05-13,43100,2024-03-31,,5000000000,0.008,,,,,-1547000000,,-1541000000,,-1674000000,,,-183.36,,,,,,18552000000,15528000000,0.837,1772.82,15528000000,,,,,128.00,,,,10465100,1705656,9133685,false,false,12,2023-04-01,2024-03-31,0
2024-05-13,43100,2023-03-31,,4961000000,0.571,,,,,242000000,,244000000,2.141,12050000000,,,1234.81,1234.68,,,,,32207000000,22013000000,0.683,2254.54,22013000000,,,,,191.11,,,,10465100,700977,9758988,false,false,12,2022-04-01,2023-03-31,-1
2024-05-13,43100,2025-03-31,,,,,,,,,,,,,,,,,,,,,,,,,,,,,,106.00,,,,,,,false,true,12,2024-04-01,2025-03-31,1
2024-08-02,43100,2025-03-31,1,1626000000,0.385,,,,,48000000,,56000000,,,-75000000,,-8.60,,,,,,16671000000,14175000000,0.837,,13962000000,,,,,,,,,,,,true,false,3,2024-04-01,2024-06-30,0
2024-08-02,43100,2024-03-31,1,1174000000,-0.869,,,,,-182000000,,-190000000,,,-187000000,,-19.45,,,,,,,,,,,,,,,,,,,,,,true,false,3,2023-04-01,2023-06-30,-1
2024-08-02,43100,2024-03-31,1,,,,,,,,,,,,,,,,,,,,17454000000,15208000000,0.862,,15042000000,,,,,,,,,,,,true,false,12,2023-04-01,2024-03-31,-1
2024-08-02,43100,2024-03-31,1,,,,,,,,,,,,,,,,,,,,,,,,,,,,,128.00,,,,10465100,1705656,,false,false,12,2023-04-01,2024-03-31,-1
2024-08-02,43100,2025-03-31,1,,,,,,,,,,,,,,,,,,,,,,,,,,,,,0.00,,,,,,,false,false,12,2024-04-01,2025-03-31,0
2024-08-02,43100,2025-03-31,1,,,,,,,,,,,,,,,,,,,,,,,,,,,,,106.00,,,,,,,false,true,12,2024-04-01,2025-03-31,0
2024-08-02,43100,2025-03-31,1,,,,,,,,,,,,,,,,,,,,,,,,,,,,,,,,,9534316,756936,8772730,false,false,3,2024-04-01,2024-06-30,0
2024-08-02,43100,2024-03-31,1,,,,,,,,,,,,,,,,,,,,,,,,,,,,,,,,,,,9656402,false,false,3,2023-04-01,2023-06-30,-1
2024-11-01,43100,2025-03-31,2,2836000000,0.175,,,,,-85000000,,-67000000,,,-178000000,,-20.37,,,,,,15963000000,13729000000,0.848,,13542000000,,,,,,,,,,,,true,false,6,2024-04-01,2024-09-30,0
2024-11-01,43100,2024-03-31,2,2414000000,-0.872,,,,,-683000000,,-688000000,,,-674000000,,-74.41,,,,,,,,,,,,,,,,,,,,,,true,false,6,2023-04-01,2023-09-30,-1
2024-11-01,43100,2024-03-31,2,,,,,,,,,,,,,,,,,,,,17454000000,15208000000,0.862,,15042000000,,,,,,,,,,,,true,false,12,2023-04-01,2024-03-31,-1
2024-11-01,43100,2024-03-31,2,,,,,,,,,,,,,,,,,,,,,,,,,,,,,128.00,,,,10465100,1705656,,false,false,12,2023-04-01,2024-03-31,-1
2024-11-01,43100,2025-03-31,2,,,,,,,,,,,,,,,,,,,,,,,,,,,,,106.00,,,,,,,false,false,12,2024-04-01,2025-03-31,0
2024-11-01,43100,2025-03-31,2,,,,,,,,,,,,,,,,,,,,,,,,,,,,,423.00,,,,,,,false,true,12,2024-04-01,2025-03-31,0
2024-11-01,43100,2025-03-31,2,,,,,,,,,,,,,,,,,,,,,,,,,,,,,,,,,9534316,752986,8776379,false,false,6,2024-04-01,2024-09-30,0
2024-11-01,43100,2024-03-31,2,,,,,,,,,,,,,,,,,,,,,,,,,,,,,,,,,,,9440533,false,false,6,2023-04-01,2023-09-30,-1
,43100,2025-03-31,,,,,,,,,,,,,,,,,,,,,,,,,,,,,,423.00,,,,,,,false,true,12,2024-04-01,2025-03-31,0
,43100,2025-03-31,,,,,,,,,,,,,,,,,,,,,,,,,,,,,,106.00,,,,,,,false,false,12,2024-04-01,2025-03-31,0
,43100,2024-03-31,,,,,,,,,,,,,,,,,,,,,,,,,,,,,,128.00,,,,,,,false,false,12,2023-04-01,2024-03-31,-1
2025-02-04,43100,2025-03-31,3,4533000000,0.197,,,,,173000000,,202000000,,,97000000,,11.06,,,,,,15780000000,13262000000,0.829,,13083000000,,,,,,,,,,,,true,false,9,2024-04-01,2024-12-31,0
2025-02-04,43100,2024-03-31,3,3785000000,-0.869,,,,,-1089000000,,-1117000000,,,-1038000000,,-112.34,,,,,,,,,,,,,,,,,,,,,,true,false,9,2023-04-01,2023-12-31,-1
2025-02-04,43100,2024-03-31,3,,,,,,,,,,,,,,,,,,,,17454000000,15208000000,0.862,,15042000000,,,,,,,,,,,,true,false,12,2023-04-01,2024-03-31,-1
2025-02-04,43100,2024-03-31,3,,,,,,,,,,,,,,,,,,,,,,,,,,,,,128.00,,,,10465100,1705656,,false,false,12,2023-04-01,2024-03-31,-1
2025-02-04,43100,2025-03-31,3,,,,,,,,,,,,,,,,,,,,,,,,,,,,,0.00,,,,,,,false,false,12,2024-04-01,2025-03-31,0
2025-02-04,43100,2025-03-31,3,,,,,,,,,,,,,,,,,,,,,,,,,,,,,423.00,,,,,,,false,true,12,2024-04-01,2025-03-31,0
2025-02-04,43100,2025-03-31,3,,,,,,,,,,,,,,,,,,,,,,,,,,,,,,,,,9534316,739433,8780515,false,false,9,2024-04-01,2024-12-31,0
2025-02-04,43100,2024-03-31,3,,,,,,,,,,,,,,,,,,,,,,,,,,,,,,,,,,,9246012,false,false,9,2023-04-01,2023-12-31,-1
2025-05-15,43100,2025-03-31,,6183000000,0.150,,,,,257000000,,297000000,,,170000000,,19.39,,0.012,0.018,0.042,,15857000000,13158000000,0.821,1479.24,13014000000,1230000000,346000000,-2270000000,5539000000,,21.815,,,,,,true,false,12,2024-04-01,2025-03-31,0
2025-05-15,43100,2024-03-31,,5378000000,-0.822,,,,,-1966000000,,-1992000000,,,-1847000000,,-202.26,,-0.101,-0.082,-0.366,,17454000000,15208000000,0.862,1717.34,15042000000,-7458000000,8161000000,-4751000000,6245000000,,,,,,,,true,false,12,2023-04-01,2024-03-31,-1
2025-05-15,43100,2025-03-31,,5813000000,0.163,,,,,246000000,,367000000,,327000000,,,37.24,,,,,,17146000000,13697000000,0.799,1556.85,13697000000,,,,,423.00,,,,9534316,735950,8784512,false,false,12,2024-04-01,2025-03-31,0
2025-05-15,43100,2024-03-31,,5000000000,0.008,,,,,-1547000000,,-1541000000,,-1674000000,,,-183.36,,,,,,18552000000,15528000000,0.837,1772.82,15528000000,,,,,128.00,,,,10465100,1705656,9133685,false,false,12,2023-04-01,2024-03-31,-1
2025-05-15,43100,2026-03-31,,,,,,,,,,,,,,,,,,,,,,,,,,,,,,106.00,,,,,,,false,true,12,2025-04-01,2026-03-31,1
