filing_date,code,fiscal_year_end,quarterly_period,net_sales,net_sales_change,revenue,revenue_change,operating_revenue,operating_revenue_change,operating_profit,operating_profit_change,ordinary_profit,ordinary_profit_change,net_income,net_income_of_parent,net_income_change,eps,diluted_eps,roe,roa,operating_profit_to_net_sales,operating_profit_to_revenue,total_assets,net_assets,equity_ratio,bps,owner_equity,operating_cash_flow,investing_cash_flow,financing_cash_flow,cash,dividend_per_share,payout_ratio,commemorative_dividend,extra_dividend,number_of_shares,number_of_treqsury_shares,avg_number_of_shares,is_consolidated,is_forecast,duration,period_start,period_end,period_pos
2015-07-31,43180,2016-03-31,1,3473000000,0.050,,,,,981000000,0.001,991000000,-0.046,,641000000,,34.17,,,,,,6518000000,4449000000,0.683,236.85,4449000000,,,,,,,,,,,,true,false,3,2015-04-01,2015-06-30,0
2015-07-31,43180,2015-03-31,1,3308000000,0.160,,,,,980000000,0.096,1039000000,0.124,,663000000,,35.31,,,,,,,,,,,,,,,,,,,,,,true,false,3,2014-04-01,2014-06-30,-1
2015-07-31,43180,2016-03-31,1,6101000000,0.056,,,,,1144000000,0.005,1157000000,-0.041,,725000000,,38.59,,,,,,,,,,,,,,,,,,,,,,true,true,6,2015-04-01,2015-09-30,0
2015-07-31,43180,2016-03-31,1,12200000000,0.082,,,,,1710000000,0.236,1730000000,0.166,,1155000000,,61.48,,,,,,,,,,,,,,,,,,,,,,true,true,12,2015-04-01,2016-03-31,0
2015-07-31,43180,2015-03-31,1,,,,,,,,,,,,,,,,,,,,6785000000,3977000000,0.584,211.09,3965000000,,,,,,,,,,,,true,false,12,2014-04-01,2015-03-31,-1
2015-07-31,43180,2015-03-31,1,,,,,,,,,,,,,,,,,,,,,,,,,,,,,21.00,,,,19098576,310980,,false,false,12,2014-04-01,2015-03-31,-1
2015-07-31,43180,2016-03-31,1,,,,,,,,,,,,,,,,,,,,,,,,,,,,,25.00,,,,,,,false,true,12,2015-04-01,2016-03-31,0
2015-07-31,43180,2016-03-31,1,,,,,,,,,,,,,,,,,,,,,,,,,,,,,,,,,19098576,310980,18787596,false,false,3,2015-04-01,2015-06-30,0
2015-07-31,43180,2015-03-31,1,,,,,,,,,,,,,,,,,,,,,,,,,,,,,,,,,,,18787596,false,false,3,2014-04-01,2014-06-30,-1
2015-10-30,43180,2016-03-31,2,6274000000,0.086,,,,,1275000000,0.120,1303000000,0.080,,859000000,,45.73,,,,,,6767000000,4647000000,0.687,247.39,4647000000,,,,,,,,,,,,true,false,6,2015-04-01,2015-09-30,0
2015-10-30,43180,2015-03-31,2,5779000000,0.155,,,,,1138000000,0.256,1206000000,0.286,,779000000,,41.46,,,,,,,,,,,,,,,,,,,,,,true,false,6,2014-04-01,2014-09-30,-1
2015-10-30,43180,2016-03-31,2,12200000000,0.082,,,,,1710000000,0.236,1730000000,0.166,,1155000000,,61.48,,,,,,,,,,,,,,,,,,,,,,true,true,12,2015-04-01,2016-03-31,0
2015-10-30,43180,2015-03-31,2,,,,,,,,,,,,,,,,,,,,6785000000,3977000000,0.584,211.09,3965000000,,,,,,,,,,,,true,false,12,2014-04-01,2015-03-31,-1
2015-10-30,43180,2015-03-31,2,,,,,,,,,,,,,,,,,,,,,,,,,,,,,21.00,,,,19098576,310980,,false,false,12,2014-04-01,2015-03-31,-1
2015-10-30,43180,2016-03-31,2,,,,,,,,,,,,,,,,,,,,,,,,,,,,,13.00,,,,,,,false,false,12,2015-04-01,2016-03-31,0
2015-10-30,43180,2016-03-31,2,,,,,,,,,,,,,,,,,,,,,,,,,,,,,25.00,,,,,,,false,true,12,2015-04-01,2016-03-31,0
2015-10-30,43180,2016-03-31,2,,,,,,,,,,,,,,,,,,,,,,,,,,,,,,,,,19098576,310980,18787596,false,false,6,2015-04-01,2015-09-30,0
2015-10-30,43180,2015-03-31,2,,,,,,,,,,,,,,,,,,,,,,,,,,,,,,,,,,,18787596,false,false,6,2014-04-01,2014-09-30,-1
2016-01-29,43180,2016-03-31,3,9002000000,0.101,,,,,1332000000,0.117,1371000000,0.074,,896000000,,47.74,,,,,,6419000000,4442000000,0.692,236.44,4442000000,,,,,,,,,,,,true,false,9,2015-04-01,2015-12-31,0
2016-01-29,43180,2015-03-31,3,8174000000,0.084,,,,,1192000000,0.168,1276000000,0.195,,820000000,,43.69,,,,,,,,,,,,,,,,,,,,,,true,false,9,2014-04-01,2014-12-31,-1
2016-01-29,43180,2016-03-31,3,12200000000,0.082,,,,,1710000000,0.236,1730000000,0.166,,1155000000,,61.48,,,,,,,,,,,,,,,,,,,,,,true,true,12,2015-04-01,2016-03-31,0
2016-01-29,43180,2015-03-31,3,,,,,,,,,,,,,,,,,,,,6785000000,3977000000,0.584,211.09,3965000000,,,,,,,,,,,,true,false,12,2014-04-01,2015-03-31,-1
2016-01-29,43180,2015-03-31,3,,,,,,,,,,,,,,,,,,,,,,,,,,,,,21.00,,,,19098576,310980,,false,false,12,2014-04-01,2015-03-31,-1
2016-01-29,43180,2016-03-31,3,,,,,,,,,,,,,,,,,,,,,,,,,,,,,13.00,,,,,,,false,false,12,2015-04-01,2016-03-31,0
2016-01-29,43180,2016-03-31,3,,,,,,,,,,,,,,,,,,,,,,,,,,,,,25.00,,,,,,,false,true,12,2015-04-01,2016-03-31,0
2016-01-29,43180,2016-03-31,3,,,,,,,,,,,,,,,,,,,,,,,,,,,,,,,,,19098576,310980,18787596,false,false,9,2015-04-01,2015-12-31,0
2016-01-29,43180,2015-03-31,3,,,,,,,,,,,,,,,,,,,,,,,,,,,,,,,,,,,18787596,false,false,9,2014-04-01,2014-12-31,-1
2016-04-28,43180,2016-03-31,,12498000000,0.108,,,,,1687000000,0.220,1737000000,0.171,,1170000000,,62.30,,0.270,0.246,0.135,,7331000000,4708000000,0.642,250.64,4708000000,954000000,-221000000,-452000000,3400000000,,0.401,,,,,,true,false,12,2015-04-01,2016-03-31,0
2016-04-28,43180,2015-03-31,,11279000000,0.106,,,,,1383000000,0.338,1483000000,0.376,,988000000,,52.61,,0.279,0.247,0.123,,6785000000,3977000000,0.584,211.09,3965000000,1242000000,-64000000,-466000000,3121000000,,0.399,,,,,,true,false,12,2014-04-01,2015-03-31,-1
2016-04-28,43180,2017-03-31,,6915000000,0.102,,,,,1306000000,0.024,1338000000,0.026,,899000000,,47.85,,,,,,,,,,,,,,,,,,,,,,true,true,6,2016-04-01,2016-09-30,1
2016-04-28,43180,2017-03-31,,13600000000,0.088,,,,,1770000000,0.049,1820000000,0.048,,1238000000,,65.89,,,,,,,,,,,,,,,,0.410,,,,,,true,true,12,2016-04-01,2017-03-31,1
2016-04-28,43180,2016-03-31,,8362000000,0.158,,,,,1403000000,0.288,1623000000,0.194,1123000000,,0.221,59.80,,,,,,6324000000,4339000000,0.686,230.98,4339000000,,,,,25.00,,,,19098576,310980,18787596,false,false,12,2015-04-01,2016-03-31,0
2016-04-28,43180,2015-03-31,,7224000000,0.132,,,,,1089000000,0.366,1360000000,0.410,920000000,,0.637,48.98,,,,,,5777000000,3638000000,0.630,193.68,3638000000,,,,,21.00,,,,19098576,310980,18787596,false,false,12,2014-04-01,2015-03-31,-1
2016-04-28,43180,2017-03-31,,,,,,,,,,,,,,,,,,,,,,,,,,,,,,27.00,,,,,,,false,true,12,2016-04-01,2017-03-31,1
2016-07-29,43180,2017-03-31,1,4171000000,0.201,,,,,1293000000,0.318,1315000000,0.327,,893000000,,47.58,,,,,,7738000000,5391000000,0.697,286.98,5391000000,,,,,,,,,,,,true,false,3,2016-04-01,2016-06-30,0
2016-07-29,43180,2016-03-31,1,3473000000,0.050,,,,,981000000,0.001,991000000,-0.046,,641000000,,34.17,,,,,,,,,,,,,,,,,,,,,,true,false,3,2015-04-01,2015-06-30,-1
2016-07-29,43180,2017-03-31,1,6915000000,0.102,,,,,1306000000,0.024,1338000000,0.026,,899000000,,47.85,,,,,,,,,,,,,,,,,,,,,,true,true,6,2016-04-01,2016-09-30,0
2016-07-29,43180,2017-03-31,1,13600000000,0.088,,,,,1770000000,0.049,1820000000,0.048,,1238000000,,65.89,,,,,,,,,,,,,,,,,,,,,,true,true,12,2016-04-01,2017-03-31,0
2016-07-29,43180,2016-03-31,1,,,,,,,,,,,,,,,,,,,,7331000000,4708000000,0.642,250.64,4708000000,,,,,,,,,,,,true,false,12,2015-04-01,2016-03-31,-1
2016-07-29,43180,2016-03-31,1,,,,,,,,,,,,,,,,,,,,,,,,,,,,,25.00,,,,19098576,310980,,false,false,12,2015-04-01,2016-03-31,-1
2016-07-29,43180,2017-03-31,1,,,,,,,,,,,,,,,,,,,,,,,,,,,,,27.00,,,,,,,false,true,12,2016-04-01,2017-03-31,0
2016-07-29,43180,2017-03-31,1,,,,,,,,,,,,,,,,,,,,,,,,,,,,,,,,,19098576,310980,18787596,false,false,3,2016-04-01,2016-06-30,0
2016-07-29,43180,2016-03-31,1,,,,,,,,,,,,,,,,,,,,,,,,,,,,,,,,,,,18787596,false,false,3,2015-04-01,2015-06-30,-1
2016-10-31,43180,2017-03-31,2,7445000000,0.187,,,,,1540000000,0.208,1582000000,0.214,,1074000000,,57.20,,,,,,8314000000,5594000000,0.673,297.79,5594000000,,,,,,,,,,,,true,false,6,2016-04-01,2016-09-30,0
2016-10-31,43180,2016-03-31,2,6274000000,0.086,,,,,1275000000,0.120,1303000000,0.080,,859000000,,45.73,,,,,,,,,,,,,,,,,,,,,,true,false,6,2015-04-01,2015-09-30,-1
2016-10-31,43180,2017-03-31,2,13600000000,0.088,,,,,1770000000,0.049,1820000000,0.048,,1238000000,,65.89,,,,,,,,,,,,,,,,,,,,,,true,true,12,2016-04-01,2017-03-31,0
2016-10-31,43180,2016-03-31,2,,,,,,,,,,,,,,,,,,,,7331000000,4708000000,0.642,250.64,4708000000,,,,,,,,,,,,true,false,12,2015-04-01,2016-03-31,-1
2016-10-31,43180,2016-03-31,2,,,,,,,,,,,,,,,,,,,,,,,,,,,,,25.00,,,,19098576,310980,,false,false,12,2015-04-01,2016-03-31,-1
2016-10-31,43180,2017-03-31,2,,,,,,,,,,,,,,,,,,,,,,,,,,,,,14.00,,,,,,,false,false,12,2016-04-01,2017-03-31,0
2016-10-31,43180,2017-03-31,2,,,,,,,,,,,,,,,,,,,,,,,,,,,,,27.00,,,,,,,false,true,12,2016-04-01,2017-03-31,0
2016-10-31,43180,2017-03-31,2,,,,,,,,,,,,,,,,,,,,,,,,,,,,,,,,,19098576,310980,18787596,false,false,6,2016-04-01,2016-09-30,0
2016-10-31,43180,2016-03-31,2,,,,,,,,,,,,,,,,,,,,,,,,,,,,,,,,,,,18787596,false,false,6,2015-04-01,2015-09-30,-1
2017-01-31,43180,2017-03-31,3,10645000000,0.182,,,,,1688000000,0.268,1752000000,0.278,,1184000000,,63.05,,,,,,8064000000,5487000000,0.680,292.09,5487000000,,,,,,,,,,,,true,false,9,2016-04-01,2016-12-31,0
2017-01-31,43180,2016-03-31,3,9002000000,0.101,,,,,1332000000,0.117,1371000000,0.074,,896000000,,47.74,,,,,,,,,,,,,,,,,,,,,,true,false,9,2015-04-01,2015-12-31,-1
2017-01-31,43180,2017-03-31,3,14350000000,0.148,,,,,1980000000,0.173,2050000000,0.180,,1393000000,,74.14,,,,,,,,,,,,,,,,,,,,,,true,true,12,2016-04-01,2017-03-31,0
2017-01-31,43180,2016-03-31,3,,,,,,,,,,,,,,,,,,,,7331000000,4708000000,0.642,250.64,4708000000,,,,,,,,,,,,true,false,12,2015-04-01,2016-03-31,-1
2017-01-31,43180,2016-03-31,3,,,,,,,,,,,,,,,,,,,,,,,,,,,,,25.00,,,,19098576,310980,,false,false,12,2015-04-01,2016-03-31,-1
2017-01-31,43180,2017-03-31,3,,,,,,,,,,,,,,,,,,,,,,,,,,,,,14.00,,,,,,,false,false,12,2016-04-01,2017-03-31,0
2017-01-31,43180,2017-03-31,3,,,,,,,,,,,,,,,,,,,,,,,,,,,,,30.00,,,,,,,false,true,12,2016-04-01,2017-03-31,0
2017-01-31,43180,2017-03-31,3,,,,,,,,,,,,,,,,,,,,,,,,,,,,,,,,,19098576,310980,18787596,false,false,9,2016-04-01,2016-12-31,0
2017-01-31,43180,2016-03-31,3,,,,,,,,,,,,,,,,,,,,,,,,,,,,,,,,,,,18787596,false,false,9,2015-04-01,2015-12-31,-1
2017-01-31,43180,2017-03-31,,14350000000,0.055,,,,,1980000000,0.119,2050000000,0.126,,1393000000,,74.14,,,,,,,,,,,,,,,,,,,,,,true,true,12,2016-04-01,2017-03-31,0
2017-01-31,43180,2016-03-31,,12498000000,,,,,,1687000000,,1737000000,,,1170000000,,62.30,,,,,,,,,,,,,,,,,,,,,,true,false,12,2015-04-01,2016-03-31,-1
2017-01-31,43180,2017-03-31,,,,,,,,,,,,,,,,,,,,,,,,,,,,,,30.00,,,,,,,false,true,12,2016-04-01,2017-03-31,0
2017-01-31,43180,2017-03-31,,,,,,,,,,,,,,,,,,,,,,,,,,,,,,14.00,,,,,,,false,false,12,2016-04-01,2017-03-31,0
2017-01-31,43180,2016-03-31,,,,,,,,,,,,,,,,,,,,,,,,,,,,,,25.00,,,,,,,false,false,12,2015-04-01,2016-03-31,-1
2017-04-28,43180,2017-03-31,,14578000000,0.166,,,,,1998000000,0.184,2073000000,0.194,,1391000000,,74.04,,0.265,0.249,0.137,,9300000000,5796000000,0.623,308.51,5796000000,2000000000,-255000000,-504000000,4639000000,,0.405,,,,,,true,false,12,2016-04-01,2017-03-31,0
2017-04-28,43180,2016-03-31,,12498000000,0.108,,,,,1687000000,0.220,1737000000,0.171,,1170000000,,62.30,,0.270,0.246,0.135,,7331000000,4708000000,0.642,250.64,4708000000,954000000,-221000000,-452000000,3400000000,,0.401,,,,,,true,false,12,2015-04-01,2016-03-31,-1
2017-04-28,43180,2018-03-31,,8350000000,0.121,,,,,1655000000,0.074,1698000000,0.073,,1172000000,,62.41,,,,,,,,,,,,,,,,,,,,,,true,true,6,2017-04-01,2017-09-30,1
2017-04-28,43180,2018-03-31,,16100000000,0.104,,,,,2170000000,0.086,2250000000,0.085,,1550000000,,82.50,,,,,,,,,,,,,,,,0.412,,,,,,true,true,12,2017-04-01,2018-03-31,1
2017-04-28,43180,2017-03-31,,9833000000,0.176,,,,,1565000000,0.115,1800000000,0.109,1255000000,,0.118,66.84,,,,,,7931000000,5295000000,0.668,281.88,5295000000,,,,,30.00,,,,19098576,311017,18787591,false,false,12,2016-04-01,2017-03-31,0
2017-04-28,43180,2016-03-31,,8362000000,0.158,,,,,1403000000,0.288,1623000000,0.194,1123000000,,0.221,59.80,,,,,,6324000000,4339000000,0.686,230.98,4339000000,,,,,25.00,,,,19098576,310980,18787596,false,false,12,2015-04-01,2016-03-31,-1
2017-04-28,43180,2018-03-31,,,,,,,,,,,,,,,,,,,,,,,,,,,,,,34.00,,,,,,,false,true,12,2017-04-01,2018-03-31,1
2017-07-31,43180,2018-03-31,1,4823000000,0.156,,,,,1432000000,0.108,1471000000,0.118,,1047000000,,55.77,,,,,,9266000000,6545000000,0.706,348.18,6541000000,,,,,,,,,,,,true,false,3,2017-04-01,2017-06-30,0
2017-07-31,43180,2017-03-31,1,4171000000,0.201,,,,,1293000000,0.318,1315000000,0.327,,893000000,,47.58,,,,,,,,,,,,,,,,,,,,,,true,false,3,2016-04-01,2016-06-30,-1
2017-07-31,43180,2018-03-31,1,8350000000,0.121,,,,,1655000000,0.074,1698000000,0.073,,1172000000,,62.41,,,,,,,,,,,,,,,,,,,,,,true,true,6,2017-04-01,2017-09-30,0
2017-07-31,43180,2018-03-31,1,16100000000,0.104,,,,,2170000000,0.086,2250000000,0.085,,1550000000,,82.50,,,,,,,,,,,,,,,,,,,,,,true,true,12,2017-04-01,2018-03-31,0
2017-07-31,43180,2017-03-31,1,,,,,,,,,,,,,,,,,,,,9300000000,5796000000,0.623,308.51,5796000000,,,,,,,,,,,,true,false,12,2016-04-01,2017-03-31,-1
2017-07-31,43180,2017-03-31,1,,,,,,,,,,,,,,,,,,,,,,,,,,,,,30.00,,,,19098576,311017,,false,false,12,2016-04-01,2017-03-31,-1
2017-07-31,43180,2018-03-31,1,,,,,,,,,,,,,,,,,,,,,,,,,,,,,34.00,,,,,,,false,true,12,2017-04-01,2018-03-31,0
2017-07-31,43180,2018-03-31,1,,,,,,,,,,,,,,,,,,,,,,,,,,,,,,,,,19098576,311038,18787541,false,false,3,2017-04-01,2017-06-30,0
2017-07-31,43180,2017-03-31,1,,,,,,,,,,,,,,,,,,,,,,,,,,,,,,,,,,,18787596,false,false,3,2016-04-01,2016-06-30,-1
2017-10-31,43180,2018-03-31,2,8405000000,0.129,,,,,1694000000,0.100,1745000000,0.103,,1228000000,,65.39,,,,,,9729000000,6846000000,0.702,363.76,6834000000,,,,,,,,,,,,true,false,6,2017-04-01,2017-09-30,0
2017-10-31,43180,2017-03-31,2,7445000000,0.187,,,,,1540000000,0.208,1582000000,0.214,,1074000000,,57.20,,,,,,,,,,,,,,,,,,,,,,true,false,6,2016-04-01,2016-09-30,-1
2017-10-31,43180,2018-03-31,2,16100000000,0.104,,,,,2170000000,0.086,2250000000,0.085,,1550000000,,82.50,,,,,,,,,,,,,,,,,,,,,,true,true,12,2017-04-01,2018-03-31,0
2017-10-31,43180,2017-03-31,2,,,,,,,,,,,,,,,,,,,,9300000000,5796000000,0.623,308.51,5796000000,,,,,,,,,,,,true,false,12,2016-04-01,2017-03-31,-1
2017-10-31,43180,2017-03-31,2,,,,,,,,,,,,,,,,,,,,,,,,,,,,,30.00,,,,19098576,311017,,false,false,12,2016-04-01,2017-03-31,-1
2017-10-31,43180,2018-03-31,2,,,,,,,,,,,,,,,,,,,,,,,,,,,,,17.00,,,,,,,false,false,12,2017-04-01,2018-03-31,0
2017-10-31,43180,2018-03-31,2,,,,,,,,,,,,,,,,,,,,,,,,,,,,,34.00,,,,,,,false,true,12,2017-04-01,2018-03-31,0
2017-10-31,43180,2018-03-31,2,,,,,,,,,,,,,,,,,,,,,,,,,,,,,,,,,19098576,311038,18787539,false,false,6,2017-04-01,2017-09-30,0
2017-10-31,43180,2017-03-31,2,,,,,,,,,,,,,,,,,,,,,,,,,,,,,,,,,,,18787596,false,false,6,2016-04-01,2016-09-30,-1
2018-01-31,43180,2018-03-31,3,12218000000,0.148,,,,,1909000000,0.130,1983000000,0.132,,1391000000,,74.07,,,,,,9289000000,6778000000,0.728,360.07,6764000000,,,,,,,,,,,,true,false,9,2017-04-01,2017-12-31,0
2018-01-31,43180,2017-03-31,3,10645000000,0.182,,,,,1688000000,0.268,1752000000,0.278,,1184000000,,63.05,,,,,,,,,,,,,,,,,,,,,,true,false,9,2016-04-01,2016-12-31,-1
2018-01-31,43180,2018-03-31,3,16100000000,0.104,,,,,2170000000,0.086,2250000000,0.085,,1550000000,,82.50,,,,,,,,,,,,,,,,,,,,,,true,true,12,2017-04-01,2018-03-31,0
2018-01-31,43180,2017-03-31,3,,,,,,,,,,,,,,,,,,,,9300000000,5796000000,0.623,308.51,5796000000,,,,,,,,,,,,true,false,12,2016-04-01,2017-03-31,-1
2018-01-31,43180,2017-03-31,3,,,,,,,,,,,,,,,,,,,,,,,,,,,,,30.00,,,,19098576,311017,,false,false,12,2016-04-01,2017-03-31,-1
2018-01-31,43180,2018-03-31,3,,,,,,,,,,,,,,,,,,,,,,,,,,,,,17.00,,,,,,,false,false,12,2017-04-01,2018-03-31,0
2018-01-31,43180,2018-03-31,3,,,,,,,,,,,,,,,,,,,,,,,,,,,,,34.00,,,,,,,false,true,12,2017-04-01,2018-03-31,0
2018-01-31,43180,2018-03-31,3,,,,,,,,,,,,,,,,,,,,,,,,,,,,,,,,,19098576,311073,18787530,false,false,9,2017-04-01,2017-12-31,0
2018-01-31,43180,2017-03-31,3,,,,,,,,,,,,,,,,,,,,,,,,,,,,,,,,,,,18787596,false,false,9,2016-04-01,2016-12-31,-1
2018-04-27,43180,2018-03-31,,16775000000,0.151,,,,,2198000000,0.100,2300000000,0.109,,1627000000,,86.62,,0.255,0.231,0.131,,10587000000,6977000000,0.658,370.72,6964000000,1432000000,-490000000,-634000000,5014000000,,0.404,,,,,,true,false,12,2017-04-01,2018-03-31,0
2018-04-27,43180,2017-03-31,,14578000000,0.166,,,,,1998000000,0.184,2073000000,0.194,,1391000000,,74.04,,0.265,0.249,0.137,,9300000000,5796000000,0.623,308.51,5796000000,2000000000,-255000000,-504000000,4639000000,,0.405,,,,,,true,false,12,2016-04-01,2017-03-31,-1
2018-04-27,43180,2019-03-31,,9695000000,0.154,,,,,1929000000,0.139,1951000000,0.118,,1351000000,,71.95,,,,,,,,,,,,,,,,,,,,,,true,true,6,2018-04-01,2018-09-30,1
2018-04-27,43180,2019-03-31,,18500000000,0.103,,,,,2300000000,0.046,2530000000,0.100,,1753000000,,93.34,,,,,,,,,,,,,,,,0.407,,,,,,true,true,12,2018-04-01,2019-03-31,1
2018-04-27,43180,2018-03-31,,10989000000,0.118,,,,,1802000000,0.152,2077000000,0.154,1549000000,,0.234,82.50,,,,,,9084000000,6391000000,0.704,340.22,6391000000,,,,,35.00,,,,19098576,311127,18787518,false,false,12,2017-04-01,2018-03-31,0
2018-04-27,43180,2017-03-31,,9833000000,0.176,,,,,1565000000,0.115,1800000000,0.109,1255000000,,0.118,66.84,,,,,,7931000000,5295000000,0.668,281.88,5295000000,,,,,30.00,,,,19098576,311017,18787591,false,false,12,2016-04-01,2017-03-31,-1
2018-04-27,43180,2019-03-31,,,,,,,,,,,,,,,,,,,,,,,,,,,,,,38.00,,,,,,,false,true,12,2018-04-01,2019-03-31,1
2018-07-31,43180,2019-03-31,1,5733000000,0.189,,,,,1790000000,0.250,1799000000,0.223,,1225000000,,65.21,,,,,,11231000000,7924000000,0.705,421.20,7913000000,,,,,,,,,,,,true,false,3,2018-04-01,2018-06-30,0
2018-07-31,43180,2018-03-31,1,4823000000,0.156,,,,,1432000000,0.108,1471000000,0.118,,1047000000,,55.77,,,,,,,,,,,,,,,,,,,,,,true,false,3,2017-04-01,2017-06-30,-1
2018-07-31,43180,2019-03-31,1,9695000000,0.154,,,,,1929000000,0.139,1951000000,0.118,,1351000000,,71.95,,,,,,,,,,,,,,,,,,,,,,true,true,6,2018-04-01,2018-09-30,0
2018-07-31,43180,2019-03-31,1,18500000000,0.103,,,,,2300000000,0.046,2530000000,0.100,,1753000000,,93.34,,,,,,,,,,,,,,,,,,,,,,true,true,12,2018-04-01,2019-03-31,0
2018-07-31,43180,2018-03-31,1,,,,,,,,,,,,,,,,,,,,10451000000,6977000000,0.666,370.72,6964000000,,,,,,,,,,,,true,false,12,2017-04-01,2018-03-31,-1
2018-07-31,43180,2018-03-31,1,,,,,,,,,,,,,,,,,,,,,,,,,,,,,35.00,,,,19098576,311127,,false,false,12,2017-04-01,2018-03-31,-1
2018-07-31,43180,2019-03-31,1,,,,,,,,,,,,,,,,,,,,,,,,,,,,,38.00,,,,,,,false,true,12,2018-04-01,2019-03-31,0
2018-07-31,43180,2019-03-31,1,,,,,,,,,,,,,,,,,,,,,,,,,,,,,,,,,19098576,311171,18787444,false,false,3,2018-04-01,2018-06-30,0
2018-07-31,43180,2018-03-31,1,,,,,,,,,,,,,,,,,,,,,,,,,,,,,,,,,,,18787541,false,false,3,2017-04-01,2017-06-30,-1
2018-10-31,43180,2019-03-31,2,9938000000,0.182,,,,,2017000000,0.191,2033000000,0.165,,1383000000,,73.56,,,,,,12047000000,8323000000,0.691,441.37,8323000000,,,,,,,,,,,,true,false,6,2018-04-01,2018-09-30,0
2018-10-31,43180,2018-03-31,2,8405000000,0.129,,,,,1694000000,0.100,1745000000,0.103,,1228000000,,65.39,,,,,,,,,,,,,,,,,,,,,,true,false,6,2017-04-01,2017-09-30,-1
2018-10-31,43180,2019-03-31,2,18500000000,0.103,,,,,2300000000,0.046,2530000000,0.100,,1753000000,,93.34,,,,,,,,,,,,,,,,,,,,,,true,true,12,2018-04-01,2019-03-31,0
2018-10-31,43180,2018-03-31,2,,,,,,,,,,,,,,,,,,,,10451000000,6977000000,0.666,370.72,6964000000,,,,,,,,,,,,true,false,12,2017-04-01,2018-03-31,-1
2018-10-31,43180,2018-03-31,2,,,,,,,,,,,,,,,,,,,,,,,,,,,,,35.00,,,,19098576,311127,,false,false,12,2017-04-01,2018-03-31,-1
2018-10-31,43180,2019-03-31,2,,,,,,,,,,,,,,,,,,,,,,,,,,,,,19.00,,,,,,,false,false,12,2018-04-01,2019-03-31,0
2018-10-31,43180,2019-03-31,2,,,,,,,,,,,,,,,,,,,,,,,,,,,,,38.00,,,,,,,false,true,12,2018-04-01,2019-03-31,0
2018-10-31,43180,2019-03-31,2,,,,,,,,,,,,,,,,,,,,,,,,,,,,,,,,,19098576,241171,18811523,false,false,6,2018-04-01,2018-09-30,0
2018-10-31,43180,2018-03-31,2,,,,,,,,,,,,,,,,,,,,,,,,,,,,,,,,,,,18787539,false,false,6,2017-04-01,2017-09-30,-1
2019-01-31,43180,2019-03-31,3,14252000000,0.166,,,,,2279000000,0.194,2305000000,0.162,,1550000000,,82.38,,,,,,11030000000,7846000000,0.711,416.06,7845000000,,,,,,,,,,,,true,false,9,2018-04-01,2018-12-31,0
2019-01-31,43180,2018-03-31,3,12218000000,0.148,,,,,1909000000,0.130,1983000000,0.132,,1391000000,,74.07,,,,,,,,,,,,,,,,,,,,,,true,false,9,2017-04-01,2017-12-31,-1
2019-01-31,43180,2019-03-31,3,18970000000,0.131,,,,,2573000000,0.170,2794000000,0.214,,1828000000,,97.06,,,,,,,,,,,,,,,,,,,,,,true,true,12,2018-04-01,2019-03-31,0
2019-01-31,43180,2018-03-31,3,,,,,,,,,,,,,,,,,,,,10451000000,6977000000,0.666,370.72,6964000000,,,,,,,,,,,,true,false,12,2017-04-01,2018-03-31,-1
2019-01-31,43180,2018-03-31,3,,,,,,,,,,,,,,,,,,,,,,,,,,,,,35.00,,,,19098576,311127,,false,false,12,2017-04-01,2018-03-31,-1
2019-01-31,43180,2019-03-31,3,,,,,,,,,,,,,,,,,,,,,,,,,,,,,19.00,,,,,,,false,false,12,2018-04-01,2019-03-31,0
2019-01-31,43180,2019-03-31,3,,,,,,,,,,,,,,,,,,,,,,,,,,,,,40.00,,,,,,,false,true,12,2018-04-01,2019-03-31,0
2019-01-31,43180,2019-03-31,3,,,,,,,,,,,,,,,,,,,,,,,,,,,,,,,,,19098576,241173,18826872,false,false,9,2018-04-01,2018-12-31,0
2019-01-31,43180,2018-03-31,3,,,,,,,,,,,,,,,,,,,,,,,,,,,,,,,,,,,18787530,false,false,9,2017-04-01,2017-12-31,-1
2019-01-31,43180,2019-03-31,,18970000000,0.025,,,,,2573000000,0.119,2794000000,0.104,,1828000000,,97.06,,,,,,,,,,,,,,,,,,,,,,true,true,12,2018-04-01,2019-03-31,0
2019-01-31,43180,2018-03-31,,16775000000,,,,,,2198000000,,2300000000,,,1627000000,,86.62,,,,,,,,,,,,,,,,,,,,,,true,false,12,2017-04-01,2018-03-31,-1
2019-01-31,43180,2019-03-31,,,,,,,,,,,,,,,,,,,,,,,,,,,,,,40.00,,,,,,,false,true,12,2018-04-01,2019-03-31,0
2019-01-31,43180,2019-03-31,,,,,,,,,,,,,,,,,,,,,,,,,,,,,,19.00,,,,,,,false,false,12,2018-04-01,2019-03-31,0
2019-01-31,43180,2018-03-31,,,,,,,,,,,,,,,,,,,,,,,,,,,,,,35.00,,,,,,,false,false,12,2017-04-01,2018-03-31,-1
2019-04-26,43180,2019-03-31,,19173000000,0.143,,,,,2581000000,0.174,2818000000,0.225,,1966000000,,104.40,,0.257,0.245,0.135,,12592000000,8358000000,0.664,443.19,8357000000,2354000000,-332000000,-746000000,6334000000,,0.402,,,,,,true,false,12,2018-04-01,2019-03-31,0
2019-04-26,43180,2018-03-31,,16775000000,0.151,,,,,2198000000,0.100,2300000000,0.109,,1627000000,,86.62,,0.255,0.235,0.131,,10451000000,6977000000,0.666,370.72,6964000000,1432000000,-490000000,-634000000,5014000000,,0.404,,,,,,true,false,12,2017-04-01,2018-03-31,-1
2019-04-26,43180,2020-03-31,,10800000000,0.087,,,,,2221000000,0.101,2237000000,0.100,,1498000000,,79.48,,,,,,,,,,,,,,,,,,,,,,true,true,6,2019-04-01,2019-09-30,1
2019-04-26,43180,2020-03-31,,20940000000,0.092,,,,,2920000000,0.131,2950000000,0.047,,1995000000,,105.84,,,,,,,,,,,,,,,,0.416,,,,,,true,true,12,2019-04-01,2020-03-31,1
2019-04-26,43180,2019-03-31,,12599000000,0.147,,,,,1955000000,0.085,2253000000,0.084,1634000000,,0.054,86.77,,,,,,10424000000,7524000000,0.722,399.00,7524000000,,,,,42.00,,,,19098576,241173,18834400,false,false,12,2018-04-01,2019-03-31,0
2019-04-26,43180,2018-03-31,,10989000000,0.118,,,,,1802000000,0.152,2077000000,0.154,1549000000,,0.234,82.50,,,,,,8951000000,6391000000,0.714,340.22,6391000000,,,,,35.00,,,,19098576,311127,18787518,false,false,12,2017-04-01,2018-03-31,-1
2019-04-26,43180,2020-03-31,,,,,,,,,,,,,,,,,,,,,,,,,,,,,,44.00,,,,,,,false,true,12,2019-04-01,2020-03-31,1
2019-07-31,43180,2020-03-31,1,6163000000,0.075,,,,,1907000000,0.065,1917000000,0.066,,1318000000,,69.92,,,,,,12783000000,9326000000,0.729,494.50,9325000000,,,,,,,,,,,,true,false,3,2019-04-01,2019-06-30,0
2019-07-31,43180,2019-03-31,1,5733000000,0.189,,,,,1790000000,0.250,1799000000,0.223,,1225000000,,65.21,,,,,,,,,,,,,,,,,,,,,,true,false,3,2018-04-01,2018-06-30,-1
2019-07-31,43180,2020-03-31,1,10800000000,0.087,,,,,2221000000,0.101,2237000000,0.100,,1498000000,,79.48,,,,,,,,,,,,,,,,,,,,,,true,true,6,2019-04-01,2019-09-30,0
2019-07-31,43180,2020-03-31,1,20940000000,0.092,,,,,2920000000,0.131,2950000000,0.047,,1995000000,,105.84,,,,,,,,,,,,,,,,,,,,,,true,true,12,2019-04-01,2020-03-31,0
2019-07-31,43180,2019-03-31,1,,,,,,,,,,,,,,,,,,,,12592000000,8358000000,0.664,443.19,8357000000,,,,,,,,,,,,true,false,12,2018-04-01,2019-03-31,-1
2019-07-31,43180,2019-03-31,1,,,,,,,,,,,,,,,,,,,,,,,,,,,,,42.00,,,,19098576,241173,,false,false,12,2018-04-01,2019-03-31,-1
2019-07-31,43180,2020-03-31,1,,,,,,,,,,,,,,,,,,,,,,,,,,,,,44.00,,,,,,,false,true,12,2019-04-01,2020-03-31,0
2019-07-31,43180,2020-03-31,1,,,,,,,,,,,,,,,,,,,,,,,,,,,,,,,,,19098576,241173,18857403,false,false,3,2019-04-01,2019-06-30,0
2019-07-31,43180,2019-03-31,1,,,,,,,,,,,,,,,,,,,,,,,,,,,,,,,,,,,18787444,false,false,3,2018-04-01,2018-06-30,-1
2019-10-31,43180,2020-03-31,2,10864000000,0.093,,,,,2305000000,0.143,2321000000,0.142,,1552000000,,82.34,,,,,,12875000000,9454000000,0.734,501.28,9452000000,,,,,,,,,,,,true,false,6,2019-04-01,2019-09-30,0
2019-10-31,43180,2019-03-31,2,9938000000,0.182,,,,,2017000000,0.191,2033000000,0.165,,1383000000,,73.56,,,,,,,,,,,,,,,,,,,,,,true,false,6,2018-04-01,2018-09-30,-1
2019-10-31,43180,2020-03-31,2,20940000000,0.092,,,,,2920000000,0.131,2950000000,0.047,,1995000000,,105.84,,,,,,,,,,,,,,,,,,,,,,true,true,12,2019-04-01,2020-03-31,0
2019-10-31,43180,2019-03-31,2,,,,,,,,,,,,,,,,,,,,12592000000,8358000000,0.664,443.19,8357000000,,,,,,,,,,,,true,false,12,2018-04-01,2019-03-31,-1
2019-10-31,43180,2019-03-31,2,,,,,,,,,,,,,,,,,,,,,,,,,,,,,42.00,,,,19098576,241173,,false,false,12,2018-04-01,2019-03-31,-1
2019-10-31,43180,2020-03-31,2,,,,,,,,,,,,,,,,,,,,,,,,,,,,,22.00,,,,,,,false,false,12,2019-04-01,2020-03-31,0
2019-10-31,43180,2020-03-31,2,,,,,,,,,,,,,,,,,,,,,,,,,,,,,44.00,,,,,,,false,true,12,2019-04-01,2020-03-31,0
2019-10-31,43180,2020-03-31,2,,,,,,,,,,,,,,,,,,,,,,,,,,,,,,,,,19098576,241173,18857403,false,false,6,2019-04-01,2019-09-30,0
2019-10-31,43180,2019-03-31,2,,,,,,,,,,,,,,,,,,,,,,,,,,,,,,,,,,,18811523,false,false,6,2018-04-01,2018-09-30,-1
2020-01-31,43180,2020-03-31,3,15620000000,0.096,,,,,2572000000,0.128,2600000000,0.128,,1724000000,,91.46,,,,,,12618000000,9379000000,0.743,497.81,9377000000,,,,,,,,,,,,true,false,9,2019-04-01,2019-12-31,0
2020-01-31,43180,2019-03-31,3,14252000000,0.166,,,,,2279000000,0.194,2305000000,0.162,,1550000000,,82.38,,,,,,,,,,,,,,,,,,,,,,true,false,9,2018-04-01,2018-12-31,-1
2020-01-31,43180,2020-03-31,3,20940000000,0.092,,,,,2920000000,0.131,2950000000,0.047,,1995000000,,105.84,,,,,,,,,,,,,,,,,,,,,,true,true,12,2019-04-01,2020-03-31,0
2020-01-31,43180,2019-03-31,3,,,,,,,,,,,,,,,,,,,,12592000000,8358000000,0.664,443.19,8357000000,,,,,,,,,,,,true,false,12,2018-04-01,2019-03-31,-1
2020-01-31,43180,2019-03-31,3,,,,,,,,,,,,,,,,,,,,,,,,,,,,,42.00,,,,19098576,241173,,false,false,12,2018-04-01,2019-03-31,-1
2020-01-31,43180,2020-03-31,3,,,,,,,,,,,,,,,,,,,,,,,,,,,,,22.00,,,,,,,false,false,12,2019-04-01,2020-03-31,0
2020-01-31,43180,2020-03-31,3,,,,,,,,,,,,,,,,,,,,,,,,,,,,,44.00,,,,,,,false,true,12,2019-04-01,2020-03-31,0
2020-01-31,43180,2020-03-31,3,,,,,,,,,,,,,,,,,,,,,,,,,,,,,,,,,19098576,261173,18850712,false,false,9,2019-04-01,2019-12-31,0
2020-01-31,43180,2019-03-31,3,,,,,,,,,,,,,,,,,,,,,,,,,,,,,,,,,,,18826872,false,false,9,2018-04-01,2018-12-31,-1
2020-05-11,43180,2020-03-31,,21035000000,0.005,,,,,2930000000,0.004,3009000000,0.020,,2074000000,,110.05,,,,,,,,,,,,,,,,,,,,,,true,true,12,2019-04-01,2020-03-31,0
2020-05-11,43180,2019-03-31,,19173000000,,,,,,2581000000,,2818000000,,,1966000000,,104.40,,,,,,,,,,,,,,,,,,,,,,true,false,12,2018-04-01,2019-03-31,-1
2020-05-11,43180,2020-03-31,,,,,,,,,,,,,,,,,,,,,,,,,,,,,,45.00,,,,,,,false,true,12,2019-04-01,2020-03-31,0
2020-05-11,43180,2020-03-31,,,,,,,,,,,,,,,,,,,,,,,,,,,,,,22.00,,,,,,,false,false,12,2019-04-01,2020-03-31,0
2020-05-11,43180,2019-03-31,,,,,,,,,,,,,,,,,,,,,,,,,,,,,,42.00,,,,,,,false,false,12,2018-04-01,2019-03-31,-1
2020-05-15,43180,2020-03-31,,21035000000,0.097,,,,,2930000000,0.135,3009000000,0.068,,2074000000,,110.05,,0.233,0.230,0.139,,13558000000,9464000000,0.698,502.19,9459000000,2463000000,-392000000,-990000000,7415000000,,0.409,,,,,,true,false,12,2019-04-01,2020-03-31,0
2020-05-15,43180,2019-03-31,,19173000000,0.143,,,,,2581000000,0.174,2818000000,0.225,,1966000000,,104.40,,0.257,0.245,0.135,,12592000000,8358000000,0.664,443.19,8357000000,2354000000,-332000000,-746000000,6334000000,,0.402,,,,,,true,false,12,2018-04-01,2019-03-31,-1
2020-05-15,43180,2020-03-31,,13760000000,0.092,,,,,2246000000,0.149,2680000000,0.190,1837000000,,0.125,97.46,,,,,,11074000000,8389000000,0.757,444.87,8389000000,,,,,45.00,,,,19098576,261173,18847403,false,false,12,2019-04-01,2020-03-31,0
2020-05-15,43180,2019-03-31,,12599000000,0.147,,,,,1955000000,0.085,2253000000,0.084,1634000000,,0.054,86.77,,,,,,10424000000,7524000000,0.722,399.00,7524000000,,,,,42.00,,,,19098576,241173,18834400,false,false,12,2018-04-01,2019-03-31,-1
2020-07-31,43180,2021-03-31,1,6302000000,0.022,,,,,1924000000,0.009,1931000000,0.007,,1378000000,,73.16,,,,,,14917000000,10578000000,0.709,561.49,10577000000,,,,,,,,,,,,true,false,3,2020-04-01,2020-06-30,0
2020-07-31,43180,2020-03-31,1,6163000000,0.075,,,,,1907000000,0.065,1917000000,0.066,,1318000000,,69.92,,,,,,,,,,,,,,,,,,,,,,true,false,3,2019-04-01,2019-06-30,-1
2020-07-31,43180,2020-03-31,1,,,,,,,,,,,,,,,,,,,,13558000000,9464000000,0.698,502.19,9459000000,,,,,,,,,,,,true,false,12,2019-04-01,2020-03-31,-1
2020-07-31,43180,2020-03-31,1,,,,,,,,,,,,,,,,,,,,,,,,,,,,,45.00,,,,19098576,261173,,false,false,12,2019-04-01,2020-03-31,-1
2020-07-31,43180,2021-03-31,1,,,,,,,,,,,,,,,,,,,,,,,,,,,,,,,,,19098576,261173,18837403,false,false,3,2020-04-01,2020-06-30,0
2020-07-31,43180,2020-03-31,1,,,,,,,,,,,,,,,,,,,,,,,,,,,,,,,,,,,18857403,false,false,3,2019-04-01,2019-06-30,-1
2020-10-12,43180,2021-03-31,,19400000000,,,,,,,,,,,,,,,,,,,,,,,,,,,,,,,,,,,true,true,12,2020-04-01,2021-03-31,0
2020-10-12,43180,2020-03-31,,21035000000,,,,,,2930000000,,3009000000,,,2074000000,,110.05,,,,,,,,,,,,,,,,,,,,,,true,false,12,2019-04-01,2020-03-31,-1
2020-10-12,43180,2021-03-31,,,,,,,,1522000000,,1650000000,,,1105000000,,58.69,,,,,,,,,,,,,,,,,,,,,,true,true,12,2020-04-01,2021-03-31,0
2020-10-12,43180,2021-03-31,,,,,,,,1572000000,,1700000000,,,1139000000,,60.46,,,,,,,,,,,,,,,,,,,,,,true,true,12,2020-04-01,2021-03-31,0
2020-10-30,43180,2021-03-31,2,10550000000,-0.029,,,,,1906000000,-0.173,2031000000,-0.125,,1422000000,,75.54,,,,,,14922000000,10727000000,0.719,569.37,10725000000,,,,,,,,,,,,true,false,6,2020-04-01,2020-09-30,0
2020-10-30,43180,2020-03-31,2,10864000000,0.093,,,,,2305000000,0.143,2321000000,0.142,,1552000000,,82.34,,,,,,,,,,,,,,,,,,,,,,true,false,6,2019-04-01,2019-09-30,-1
2020-10-30,43180,2021-03-31,2,19400000000,-0.078,,,,,1572000000,-0.464,1700000000,-0.435,,1149000000,,61.01,,,,,,,,,,,,,,,,,,,,,,true,true,12,2020-04-01,2021-03-31,0
2020-10-30,43180,2020-03-31,2,,,,,,,,,,,,,,,,,,,,13558000000,9464000000,0.698,502.19,9459000000,,,,,,,,,,,,true,false,12,2019-04-01,2020-03-31,-1
2020-10-30,43180,2020-03-31,2,,,,,,,,,,,,,,,,,,,,,,,,,,,,,45.00,,,,19098576,261173,,false,false,12,2019-04-01,2020-03-31,-1
2020-10-30,43180,2021-03-31,2,,,,,,,,,,,,,,,,,,,,,,,,,,,,,18.00,,,,,,,false,false,12,2020-04-01,2021-03-31,0
2020-10-30,43180,2021-03-31,2,,,,,,,,,,,,,,,,,,,,,,,,,,,,,37.00,,,,,,,false,true,12,2020-04-01,2021-03-31,0
2020-10-30,43180,2021-03-31,2,,,,,,,,,,,,,,,,,,,,,,,,,,,,,,,,,19098576,261173,18837403,false,false,6,2020-04-01,2020-09-30,0
2020-10-30,43180,2020-03-31,2,,,,,,,,,,,,,,,,,,,,,,,,,,,,,,,,,,,18857403,false,false,6,2019-04-01,2019-09-30,-1
2020-10-30,43180,2021-03-31,,19400000000,,,,,,1572000000,,1700000000,,,1149000000,,61.01,,,,,,,,,,,,,,,,,,,,,,true,true,12,2020-04-01,2021-03-31,0
2020-10-30,43180,2020-03-31,,21035000000,,,,,,2930000000,,3009000000,,,2074000000,,110.05,,,,,,,,,,,,,,,,,,,,,,true,false,12,2019-04-01,2020-03-31,-1
2020-10-30,43180,2021-03-31,,,,,,,,1522000000,0.000,1650000000,0.000,,1105000000,,58.69,,,,,,,,,,,,,,,,,,,,,,true,true,12,2020-04-01,2021-03-31,0
2020-10-30,43180,2021-03-31,,,,,,,,1572000000,0.033,1700000000,0.030,,1139000000,,60.46,,,,,,,,,,,,,,,,,,,,,,true,true,12,2020-04-01,2021-03-31,0
2020-10-30,43180,2021-03-31,,,,,,,,,,,,,,,,,,,,,,,,,,,,,,37.00,,,,,,,false,true,12,2020-04-01,2021-03-31,0
2020-10-30,43180,2020-03-31,,,,,,,,,,,,,,,,,,,,,,,,,,,,,,45.00,,,,,,,false,false,12,2019-04-01,2020-03-31,-1
2021-01-29,43180,2021-03-31,3,14935000000,-0.044,,,,,1743000000,-0.322,1914000000,-0.264,,1324000000,,70.33,,,,,,13975000000,10322000000,0.738,547.88,10320000000,,,,,,,,,,,,true,false,9,2020-04-01,2020-12-31,0
2021-01-29,43180,2020-03-31,3,15620000000,0.096,,,,,2572000000,0.128,2600000000,0.128,,1724000000,,91.46,,,,,,,,,,,,,,,,,,,,,,true,false,9,2019-04-01,2019-12-31,-1
2021-01-29,43180,2021-03-31,3,19500000000,-0.073,,,,,1753000000,-0.402,1940000000,-0.355,,1315000000,,69.81,,,,,,,,,,,,,,,,,,,,,,true,true,12,2020-04-01,2021-03-31,0
2021-01-29,43180,2020-03-31,3,,,,,,,,,,,,,,,,,,,,13558000000,9464000000,0.698,502.19,9459000000,,,,,,,,,,,,true,false,12,2019-04-01,2020-03-31,-1
2021-01-29,43180,2020-03-31,3,,,,,,,,,,,,,,,,,,,,,,,,,,,,,45.00,,,,19098576,261173,,false,false,12,2019-04-01,2020-03-31,-1
2021-01-29,43180,2021-03-31,3,,,,,,,,,,,,,,,,,,,,,,,,,,,,,18.00,,,,,,,false,false,12,2020-04-01,2021-03-31,0
2021-01-29,43180,2021-03-31,3,,,,,,,,,,,,,,,,,,,,,,,,,,,,,40.00,,,,,,,false,true,12,2020-04-01,2021-03-31,0
2021-01-29,43180,2021-03-31,3,,,,,,,,,,,,,,,,,,,,,,,,,,,,,,,,,19098576,261173,18837403,false,false,9,2020-04-01,2020-12-31,0
2021-01-29,43180,2020-03-31,3,,,,,,,,,,,,,,,,,,,,,,,,,,,,,,,,,,,18850712,false,false,9,2019-04-01,2019-12-31,-1
2021-01-29,43180,2021-03-31,,19500000000,0.005,,,,,1753000000,0.115,1940000000,0.141,,1315000000,,69.81,,,,,,,,,,,,,,,,,,,,,,true,true,12,2020-04-01,2021-03-31,0
2021-01-29,43180,2020-03-31,,21035000000,,,,,,2930000000,,3009000000,,,2074000000,,110.05,,,,,,,,,,,,,,,,,,,,,,true,false,12,2019-04-01,2020-03-31,-1
2021-01-29,43180,2021-03-31,,,,,,,,,,,,,,,,,,,,,,,,,,,,,,40.00,,,,,,,false,true,12,2020-04-01,2021-03-31,0
2021-01-29,43180,2021-03-31,,,,,,,,,,,,,,,,,,,,,,,,,,,,,,18.00,,,,,,,false,false,12,2020-04-01,2021-03-31,0
2021-01-29,43180,2020-03-31,,,,,,,,,,,,,,,,,,,,,,,,,,,,,,45.00,,,,,,,false,false,12,2019-04-01,2020-03-31,-1
2021-04-28,43180,2021-03-31,,20089000000,-0.045,,,,,1867000000,-0.363,2124000000,-0.294,,1464000000,,77.73,,0.145,0.148,0.093,,15103000000,10694000000,0.708,567.62,10692000000,1843000000,-471000000,-677000000,8097000000,,0.566,,,,,,true,false,12,2020-04-01,2021-03-31,0
2021-04-28,43180,2020-03-31,,21035000000,0.097,,,,,2930000000,0.135,3009000000,0.068,,2074000000,,110.05,,0.233,0.230,0.139,,13558000000,9464000000,0.698,502.19,9459000000,2463000000,-392000000,-990000000,7415000000,,0.409,,,,,,true,false,12,2019-04-01,2020-03-31,-1
2021-04-28,43180,2022-03-31,,11457000000,0.086,,,,,2287000000,0.200,2294000000,0.129,,1584000000,,84.09,,,,,,,,,,,,,,,,,,,,,,true,true,6,2021-04-01,2021-09-30,1
2021-04-28,43180,2022-03-31,,21400000000,0.065,,,,,2486000000,0.331,2500000000,0.177,,1706000000,,90.56,,,,,,,,,,,,,,,,0.442,,,,,,true,true,12,2021-04-01,2022-03-31,1
2021-04-28,43180,2021-03-31,,12929000000,-0.060,,,,,1352000000,-0.398,1795000000,-0.330,1286000000,,-0.300,68.23,,,,,,12233000000,9458000000,0.773,501.55,9458000000,,,,,44.00,,,,19098576,261173,18837403,false,false,12,2020-04-01,2021-03-31,0
2021-04-28,43180,2020-03-31,,13760000000,0.092,,,,,2246000000,0.149,2680000000,0.190,1837000000,,0.125,97.46,,,,,,11074000000,8389000000,0.757,444.87,8389000000,,,,,45.00,,,,19098576,261173,18847403,false,false,12,2019-04-01,2020-03-31,-1
2021-04-28,43180,2022-03-31,,,,,,,,,,,,,,,,,,,,,,,,,,,,,,40.00,,,,,,,false,true,12,2021-04-01,2022-03-31,1
2021-07-30,43180,2022-03-31,1,7053000000,0.142,,,,,2470000000,0.283,2488000000,0.287,,1758000000,,93.36,,,,,,16001000000,11995000000,0.750,636.66,11992000000,,,,,,,,,,,,true,false,3,2021-04-01,2021-06-30,0
2021-07-30,43180,2021-03-31,1,6178000000,,,,,,1926000000,,1934000000,,,1379000000,,73.24,,,,,,,,,,,,,,,,,,,,,,true,false,3,2020-04-01,2020-06-30,-1
2021-07-30,43180,2022-03-31,1,11457000000,0.112,,,,,2287000000,0.199,2294000000,0.129,,1584000000,,84.09,,,,,,,,,,,,,,,,,,,,,,true,true,6,2021-04-01,2021-09-30,0
2021-07-30,43180,2022-03-31,1,21400000000,0.105,,,,,2486000000,0.332,2500000000,0.178,,1706000000,,90.56,,,,,,,,,,,,,,,,,,,,,,true,true,12,2021-04-01,2022-03-31,0
2021-07-30,43180,2021-03-31,1,,,,,,,,,,,,,,,,,,,,15103000000,10687000000,0.707,567.24,10685000000,,,,,,,,,,,,true,false,12,2020-04-01,2021-03-31,-1
2021-07-30,43180,2021-03-31,1,,,,,,,,,,,,,,,,,,,,,,,,,,,,,44.00,,,,19098576,261173,,false,false,12,2020-04-01,2021-03-31,-1
2021-07-30,43180,2022-03-31,1,,,,,,,,,,,,,,,,,,,,,,,,,,,,,40.00,,,,,,,false,true,12,2021-04-01,2022-03-31,0
2021-07-30,43180,2022-03-31,1,,,,,,,,,,,,,,,,,,,,,,,,,,,,,,,,,19098576,261252,18837341,false,false,3,2021-04-01,2021-06-30,0
2021-07-30,43180,2021-03-31,1,,,,,,,,,,,,,,,,,,,,,,,,,,,,,,,,,,,18837403,false,false,3,2020-04-01,2020-06-30,-1
2021-10-29,43180,2022-03-31,2,12202000000,0.185,,,,,2656000000,0.393,2685000000,0.321,,1889000000,,100.32,,,,,,17146000000,12416000000,0.724,659.03,12414000000,,,,,,,,,,,,true,false,6,2021-04-01,2021-09-30,0
2021-10-29,43180,2021-03-31,2,10300000000,,,,,,1907000000,,2032000000,,,1423000000,,75.57,,,,,,,,,,,,,,,,,,,,,,true,false,6,2020-04-01,2020-09-30,-1
2021-10-29,43180,2022-03-31,2,21400000000,0.105,,,,,2486000000,0.332,2500000000,0.178,,1706000000,,90.56,,,,,,,,,,,,,,,,,,,,,,true,true,12,2021-04-01,2022-03-31,0
2021-10-29,43180,2021-03-31,2,,,,,,,,,,,,,,,,,,,,15103000000,10687000000,0.707,567.24,10685000000,,,,,,,,,,,,true,false,12,2020-04-01,2021-03-31,-1
2021-10-29,43180,2021-03-31,2,,,,,,,,,,,,,,,,,,,,,,,,,,,,,44.00,,,,19098576,261173,,false,false,12,2020-04-01,2021-03-31,-1
2021-10-29,43180,2022-03-31,2,,,,,,,,,,,,,,,,,,,,,,,,,,,,,20.00,,,,,,,false,false,12,2021-04-01,2022-03-31,0
2021-10-29,43180,2022-03-31,2,,,,,,,,,,,,,,,,,,,,,,,,,,,,,40.00,,,,,,,false,true,12,2021-04-01,2022-03-31,0
2021-10-29,43180,2022-03-31,2,,,,,,,,,,,,,,,,,,,,,,,,,,,,,,,,,19098576,261252,18837333,false,false,6,2021-04-01,2021-09-30,0
2021-10-29,43180,2021-03-31,2,,,,,,,,,,,,,,,,,,,,,,,,,,,,,,,,,,,18837403,false,false,6,2020-04-01,2020-09-30,-1
2022-01-31,43180,2022-03-31,3,17569000000,0.209,,,,,3238000000,0.855,3276000000,0.709,,2284000000,,121.25,,,,,,17061000000,12457000000,0.730,661.27,12456000000,,,,,,,,,,,,true,false,9,2021-04-01,2021-12-31,0
2022-01-31,43180,2021-03-31,3,14534000000,,,,,,1745000000,,1916000000,,,1326000000,,70.43,,,,,,,,,,,,,,,,,,,,,,true,false,9,2020-04-01,2020-12-31,-1
2022-01-31,43180,2022-03-31,3,23390000000,0.208,,,,,3257000000,0.745,3300000000,0.554,,2246000000,,119.23,,,,,,,,,,,,,,,,,,,,,,true,true,12,2021-04-01,2022-03-31,0
2022-01-31,43180,2021-03-31,3,,,,,,,,,,,,,,,,,,,,15103000000,10687000000,0.707,567.24,10685000000,,,,,,,,,,,,true,false,12,2020-04-01,2021-03-31,-1
2022-01-31,43180,2021-03-31,3,,,,,,,,,,,,,,,,,,,,,,,,,,,,,44.00,,,,19098576,261173,,false,false,12,2020-04-01,2021-03-31,-1
2022-01-31,43180,2022-03-31,3,,,,,,,,,,,,,,,,,,,,,,,,,,,,,20.00,,,,,,,false,false,12,2021-04-01,2022-03-31,0
2022-01-31,43180,2022-03-31,3,,,,,,,,,,,,,,,,,,,,,,,,,,,,,48.00,,,,,,,false,true,12,2021-04-01,2022-03-31,0
2022-01-31,43180,2022-03-31,3,,,,,,,,,,,,,,,,,,,,,,,,,,,,,,,,,19098576,261301,18837322,false,false,9,2021-04-01,2021-12-31,0
2022-01-31,43180,2021-03-31,3,,,,,,,,,,,,,,,,,,,,,,,,,,,,,,,,,,,18837403,false,false,9,2020-04-01,2020-12-31,-1
2022-01-31,43180,2022-03-31,,23390000000,0.093,,,,,3257000000,0.310,3300000000,0.320,,2246000000,,119.23,,,,,,,,,,,,,,,,,,,,,,true,true,12,2021-04-01,2022-03-31,0
2022-01-31,43180,2021-03-31,,19360000000,,,,,,1866000000,,2123000000,,,1463000000,,77.69,,,,,,,,,,,,,,,,,,,,,,true,false,12,2020-04-01,2021-03-31,-1
2022-01-31,43180,2022-03-31,,,,,,,,,,,,,,,,,,,,,,,,,,,,,,48.00,,,,,,,false,true,12,2021-04-01,2022-03-31,0
2022-01-31,43180,2022-03-31,,,,,,,,,,,,,,,,,,,,,,,,,,,,,,20.00,,,,,,,false,false,12,2021-04-01,2022-03-31,0
2022-01-31,43180,2021-03-31,,,,,,,,,,,,,,,,,,,,,,,,,,,,,,44.00,,,,,,,false,false,12,2020-04-01,2021-03-31,-1
2022-04-28,43180,2022-03-31,,23590000000,0.218,,,,,3345000000,0.793,3423000000,0.613,,2248000000,,119.35,,0.197,0.207,0.142,,18002000000,12098000000,0.672,642.21,12097000000,3844000000,-476000000,-1048000000,10448000000,,0.402,,,,,,true,false,12,2021-04-01,2022-03-31,0
2022-04-28,43180,2021-03-31,,19360000000,,,,,,1866000000,,2123000000,,,1463000000,,77.69,,0.145,0.148,0.096,,15103000000,10687000000,0.707,567.24,10685000000,1843000000,-471000000,-677000000,8097000000,,0.566,,,,,,true,false,12,2020-04-01,2021-03-31,-1
2022-04-28,43180,2023-03-31,,13674000000,0.121,,,,,3116000000,0.173,3130000000,0.166,,2163000000,,114.84,,,,,,,,,,,,,,,,,,,,,,true,true,6,2022-04-01,2022-09-30,1
2022-04-28,43180,2023-03-31,,25600000000,0.085,,,,,3679000000,0.100,3700000000,0.081,,2465000000,,130.86,,,,,,,,,,,,,,,,0.405,,,,,,true,true,12,2022-04-01,2023-03-31,1
2022-04-28,43180,2022-03-31,,15422000000,0.258,,,,,2376000000,0.758,2807000000,0.565,1949000000,,0.516,103.40,,,,,,14450000000,10526000000,0.728,558.21,10526000000,,,,,48.00,,,,19098576,261301,18837310,false,false,12,2021-04-01,2022-03-31,0
2022-04-28,43180,2021-03-31,,12256000000,,,,,,1351000000,,1794000000,,1286000000,,,68.20,,,,,,12233000000,9452000000,0.773,501.24,9452000000,,,,,44.00,,,,19098576,261173,18837403,false,false,12,2020-04-01,2021-03-31,-1
2022-04-28,43180,2023-03-31,,,,,,,,,,,,,,,,,,,,,,,,,,,,,,53.00,,,,,,,false,true,12,2022-04-01,2023-03-31,1
2022-07-29,43180,2023-03-31,1,8551000000,0.212,,,,,3319000000,0.344,3339000000,0.342,,2314000000,,122.87,,,,,,17980000000,13604000000,0.757,722.20,13604000000,,,,,,,,,,,,true,false,3,2022-04-01,2022-06-30,0
2022-07-29,43180,2022-03-31,1,7053000000,0.142,,,,,2470000000,0.283,2488000000,0.287,,1758000000,,93.36,,,,,,,,,,,,,,,,,,,,,,true,false,3,2021-04-01,2021-06-30,-1
2022-07-29,43180,2023-03-31,1,13674000000,0.121,,,,,3116000000,0.173,3130000000,0.166,,2163000000,,114.84,,,,,,,,,,,,,,,,,,,,,,true,true,6,2022-04-01,2022-09-30,0
2022-07-29,43180,2023-03-31,1,25600000000,0.085,,,,,3679000000,0.100,3700000000,0.081,,2465000000,,130.86,,,,,,,,,,,,,,,,,,,,,,true,true,12,2022-04-01,2023-03-31,0
2022-07-29,43180,2022-03-31,1,,,,,,,,,,,,,,,,,,,,18002000000,12098000000,0.672,642.21,12097000000,,,,,,,,,,,,true,false,12,2021-04-01,2022-03-31,-1
2022-07-29,43180,2022-03-31,1,,,,,,,,,,,,,,,,,,,,,,,,,,,,,48.00,,,,19098576,261301,,false,false,12,2021-04-01,2022-03-31,-1
2022-07-29,43180,2023-03-31,1,,,,,,,,,,,,,,,,,,,,,,,,,,,,,53.00,,,,,,,false,true,12,2022-04-01,2023-03-31,0
2022-07-29,43180,2023-03-31,1,,,,,,,,,,,,,,,,,,,,,,,,,,,,,,,,,19098576,261301,18837275,false,false,3,2022-04-01,2022-06-30,0
2022-07-29,43180,2022-03-31,1,,,,,,,,,,,,,,,,,,,,,,,,,,,,,,,,,,,18837341,false,false,3,2021-04-01,2021-06-30,-1
2022-10-31,43180,2023-03-31,2,14799000000,0.213,,,,,3646000000,0.373,3674000000,0.368,,2537000000,,134.63,,,,,,19350000000,13934000000,0.720,738.53,13934000000,,,,,,,,,,,,true,false,6,2022-04-01,2022-09-30,0
2022-10-31,43180,2022-03-31,2,12202000000,0.185,,,,,2656000000,0.393,2685000000,0.321,,1889000000,,100.32,,,,,,,,,,,,,,,,,,,,,,true,false,6,2021-04-01,2021-09-30,-1
2022-10-31,43180,2023-03-31,2,27300000000,0.157,,,,,4400000000,0.315,4450000000,0.300,,2991000000,,158.53,,,,,,,,,,,,,,,,,,,,,,true,true,12,2022-04-01,2023-03-31,0
2022-10-31,43180,2022-03-31,2,,,,,,,,,,,,,,,,,,,,18002000000,12098000000,0.672,642.21,12097000000,,,,,,,,,,,,true,false,12,2021-04-01,2022-03-31,-1
2022-10-31,43180,2022-03-31,2,,,,,,,,,,,,,,,,,,,,,,,,,,,,,48.00,,,,19098576,261301,,false,false,12,2021-04-01,2022-03-31,-1
2022-10-31,43180,2023-03-31,2,,,,,,,,,,,,,,,,,,,,,,,,,,,,,26.00,,,,,,,false,false,12,2022-04-01,2023-03-31,0
2022-10-31,43180,2023-03-31,2,,,,,,,,,,,,,,,,,,,,,,,,,,,,,64.00,,,,,,,false,true,12,2022-04-01,2023-03-31,0
2022-10-31,43180,2023-03-31,2,,,,,,,,,,,,,,,,,,,,,,,,,,,,,,,,,19098576,231335,18847763,false,false,6,2022-04-01,2022-09-30,0
2022-10-31,43180,2022-03-31,2,,,,,,,,,,,,,,,,,,,,,,,,,,,,,,,,,,,18837333,false,false,6,2021-04-01,2021-09-30,-1
2022-10-31,43180,2023-03-31,,27300000000,0.066,,,,,4400000000,0.196,4450000000,0.203,,2991000000,,158.53,,,,,,,,,,,,,,,,,,,,,,true,true,12,2022-04-01,2023-03-31,0
2022-10-31,43180,2022-03-31,,23590000000,,,,,,3345000000,,3423000000,,,2248000000,,119.35,,,,,,,,,,,,,,,,,,,,,,true,false,12,2021-04-01,2022-03-31,-1
2022-10-31,43180,2023-03-31,,,,,,,,,,,,,,,,,,,,,,,,,,,,,,64.00,,,,,,,false,true,12,2022-04-01,2023-03-31,0
2022-10-31,43180,2023-03-31,,,,,,,,,,,,,,,,,,,,,,,,,,,,,,26.00,,,,,,,false,false,12,2022-04-01,2023-03-31,0
2022-10-31,43180,2022-03-31,,,,,,,,,,,,,,,,,,,,,,,,,,,,,,48.00,,,,,,,false,false,12,2021-04-01,2022-03-31,-1
2023-01-31,43180,2023-03-31,3,21052000000,0.198,,,,,4206000000,0.299,4254000000,0.299,,3018000000,,160.06,,,,,,19237000000,13953000000,0.725,738.70,13951000000,,,,,,,,,,,,true,false,9,2022-04-01,2022-12-31,0
2023-01-31,43180,2022-03-31,3,17569000000,0.209,,,,,3238000000,0.855,3276000000,0.709,,2284000000,,121.25,,,,,,,,,,,,,,,,,,,,,,true,false,9,2021-04-01,2021-12-31,-1
2023-01-31,43180,2023-03-31,3,27300000000,0.157,,,,,4400000000,0.315,4450000000,0.300,,2991000000,,158.53,,,,,,,,,,,,,,,,,,,,,,true,true,12,2022-04-01,2023-03-31,0
2023-01-31,43180,2022-03-31,3,,,,,,,,,,,,,,,,,,,,18002000000,12098000000,0.672,642.21,12097000000,,,,,,,,,,,,true,false,12,2021-04-01,2022-03-31,-1
2023-01-31,43180,2022-03-31,3,,,,,,,,,,,,,,,,,,,,,,,,,,,,,48.00,,,,19098576,261301,,false,false,12,2021-04-01,2022-03-31,-1
2023-01-31,43180,2023-03-31,3,,,,,,,,,,,,,,,,,,,,,,,,,,,,,26.00,,,,,,,false,false,12,2022-04-01,2023-03-31,0
2023-01-31,43180,2023-03-31,3,,,,,,,,,,,,,,,,,,,,,,,,,,,,,64.00,,,,,,,false,true,12,2022-04-01,2023-03-31,0
2023-01-31,43180,2023-03-31,3,,,,,,,,,,,,,,,,,,,,,,,,,,,,,,,,,19098576,211355,18860823,false,false,9,2022-04-01,2022-12-31,0
2023-01-31,43180,2022-03-31,3,,,,,,,,,,,,,,,,,,,,,,,,,,,,,,,,,,,18837322,false,false,9,2021-04-01,2021-12-31,-1
2023-04-28,43180,2023-03-31,,27794000000,0.178,,,,,4487000000,0.341,4543000000,0.327,,3261000000,,173.07,,0.253,0.238,0.161,,20179000000,13724000000,0.680,733.60,13723000000,3545000000,-497000000,-1370000000,12213000000,,0.404,,,,,,true,false,12,2022-04-01,2023-03-31,0
2023-04-28,43180,2022-03-31,,23590000000,0.218,,,,,3345000000,0.793,3423000000,0.613,,2248000000,,119.35,,0.197,0.207,0.142,,18002000000,12098000000,0.672,642.21,12097000000,3844000000,-476000000,-1048000000,10448000000,,0.402,,,,,,true,false,12,2021-04-01,2022-03-31,-1
2023-04-28,43180,2024-03-31,,15899000000,0.074,,,,,3815000000,0.046,3838000000,0.045,,2649000000,,141.63,,,,,,,,,,,,,,,,,,,,,,true,true,6,2023-04-01,2023-09-30,1
2023-04-28,43180,2024-03-31,,30000000000,0.079,,,,,4960000000,0.105,5000000000,0.100,,3353000000,,179.27,,,,,,,,,,,,,,,,0.402,,,,,,true,true,12,2023-04-01,2024-03-31,1
2023-04-28,43180,2023-03-31,,18582000000,0.205,,,,,3063000000,0.289,3586000000,0.277,2768000000,,0.420,146.81,,,,,,16062000000,11627000000,0.724,621.56,11627000000,,,,,70.00,,,,19098576,391355,18846126,false,false,12,2022-04-01,2023-03-31,0
2023-04-28,43180,2022-03-31,,15422000000,0.258,,,,,2376000000,0.758,2807000000,0.565,1949000000,,0.516,103.40,,,,,,14450000000,10526000000,0.728,558.21,10526000000,,,,,48.00,,,,19098576,261301,18837310,false,false,12,2021-04-01,2022-03-31,-1
2023-04-28,43180,2024-03-31,,,,,,,,,,,,,,,,,,,,,,,,,,,,,,72.00,,,,,,,false,true,12,2023-04-01,2024-03-31,1
2023-07-31,43180,2024-03-31,1,8983000000,0.051,,,,,3005000000,-0.095,3033000000,-0.092,,2105000000,,112.56,,,,,,19977000000,15213000000,0.761,813.13,15211000000,,,,,,,,,,,,true,false,3,2023-04-01,2023-06-30,0
2023-07-31,43180,2023-03-31,1,8551000000,0.212,,,,,3319000000,0.344,3339000000,0.342,,2314000000,,122.87,,,,,,,,,,,,,,,,,,,,,,true,false,3,2022-04-01,2022-06-30,-1
2023-07-31,43180,2024-03-31,1,15899000000,0.074,,,,,3815000000,0.046,3838000000,0.045,,2649000000,,141.63,,,,,,,,,,,,,,,,,,,,,,true,true,6,2023-04-01,2023-09-30,0
2023-07-31,43180,2024-03-31,1,30000000000,0.079,,,,,4960000000,0.105,5000000000,0.100,,3353000000,,179.27,,,,,,,,,,,,,,,,,,,,,,true,true,12,2023-04-01,2024-03-31,0
2023-07-31,43180,2023-03-31,1,,,,,,,,,,,,,,,,,,,,20179000000,13724000000,0.680,733.60,13723000000,,,,,,,,,,,,true,false,12,2022-04-01,2023-03-31,-1
2023-07-31,43180,2023-03-31,1,,,,,,,,,,,,,,,,,,,,,,,,,,,,,70.00,,,,19098576,391355,,false,false,12,2022-04-01,2023-03-31,-1
2023-07-31,43180,2024-03-31,1,,,,,,,,,,,,,,,,,,,,,,,,,,,,,72.00,,,,,,,false,true,12,2023-04-01,2024-03-31,0
2023-07-31,43180,2024-03-31,1,,,,,,,,,,,,,,,,,,,,,,,,,,,,,,,,,19098576,391355,18707221,false,false,3,2023-04-01,2023-06-30,0
2023-07-31,43180,2023-03-31,1,,,,,,,,,,,,,,,,,,,,,,,,,,,,,,,,,,,18837275,false,false,3,2022-04-01,2022-06-30,-1
2023-10-31,43180,2024-03-31,2,15798000000,0.067,,,,,4030000000,0.105,4077000000,0.110,,2811000000,,150.30,,,,,,20957000000,15968000000,0.762,853.38,15964000000,,,,,,,,,,,,true,false,6,2023-04-01,2023-09-30,0
2023-10-31,43180,2023-03-31,2,14799000000,0.213,,,,,3646000000,0.373,3674000000,0.368,,2537000000,,134.63,,,,,,,,,,,,,,,,,,,,,,true,false,6,2022-04-01,2022-09-30,-1
2023-10-31,43180,2024-03-31,2,30000000000,0.079,,,,,4960000000,0.105,5000000000,0.100,,3353000000,,179.27,,,,,,,,,,,,,,,,,,,,,,true,true,12,2023-04-01,2024-03-31,0
2023-10-31,43180,2023-03-31,2,,,,,,,,,,,,,,,,,,,,20179000000,13724000000,0.680,733.60,13723000000,,,,,,,,,,,,true,false,12,2022-04-01,2023-03-31,-1
2023-10-31,43180,2023-03-31,2,,,,,,,,,,,,,,,,,,,,,,,,,,,,,70.00,,,,19098576,391355,,false,false,12,2022-04-01,2023-03-31,-1
2023-10-31,43180,2024-03-31,2,,,,,,,,,,,,,,,,,,,,,,,,,,,,,36.00,,,,,,,false,false,12,2023-04-01,2024-03-31,0
2023-10-31,43180,2024-03-31,2,,,,,,,,,,,,,,,,,,,,,,,,,,,,,72.00,,,,,,,false,true,12,2023-04-01,2024-03-31,0
2023-10-31,43180,2024-03-31,2,,,,,,,,,,,,,,,,,,,,,,,,,,,,,,,,,19098576,391392,18707204,false,false,6,2023-04-01,2023-09-30,0
2023-10-31,43180,2023-03-31,2,,,,,,,,,,,,,,,,,,,,,,,,,,,,,,,,,,,18847763,false,false,6,2022-04-01,2022-09-30,-1
,43180,2024-03-31,,,,,,,,,,,,,,,,,,,,,,,,,,,,,,90.00,,,,,,,false,true,12,2023-04-01,2024-03-31,0
,43180,2024-03-31,,,,,,,,,,,,,,,,,,,,,,,,,,,,,,36.00,,,,,,,false,false,12,2023-04-01,2024-03-31,0
,43180,2023-03-31,,,,,,,,,,,,,,,,,,,,,,,,,,,,,,70.00,,,,,,,false,false,12,2022-04-01,2023-03-31,-1
2024-01-31,43180,2024-03-31,3,22240000000,0.056,,,,,4519000000,0.075,4579000000,0.076,,3130000000,,167.36,,,,,,20233000000,15905000000,0.786,849.96,15900000000,,,,,,,,,,,,true,false,9,2023-04-01,2023-12-31,0
2024-01-31,43180,2023-03-31,3,21052000000,0.198,,,,,4206000000,0.299,4254000000,0.299,,3018000000,,160.06,,,,,,,,,,,,,,,,,,,,,,true,false,9,2022-04-01,2022-12-31,-1
2024-01-31,43180,2024-03-31,3,30000000000,0.079,,,,,4960000000,0.105,5000000000,0.100,,3353000000,,179.27,,,,,,,,,,,,,,,,,,,,,,true,true,12,2023-04-01,2024-03-31,0
2024-01-31,43180,2023-03-31,3,,,,,,,,,,,,,,,,,,,,20179000000,13724000000,0.680,733.60,13723000000,,,,,,,,,,,,true,false,12,2022-04-01,2023-03-31,-1
2024-01-31,43180,2023-03-31,3,,,,,,,,,,,,,,,,,,,,,,,,,,,,,70.00,,,,19098576,391355,,false,false,12,2022-04-01,2023-03-31,-1
2024-01-31,43180,2024-03-31,3,,,,,,,,,,,,,,,,,,,,,,,,,,,,,36.00,,,,,,,false,false,12,2023-04-01,2024-03-31,0
2024-01-31,43180,2024-03-31,3,,,,,,,,,,,,,,,,,,,,,,,,,,,,,90.00,,,,,,,false,true,12,2023-04-01,2024-03-31,0
2024-01-31,43180,2024-03-31,3,,,,,,,,,,,,,,,,,,,,,,,,,,,,,,,,,19098576,391392,18707197,false,false,9,2023-04-01,2023-12-31,0
2024-01-31,43180,2023-03-31,3,,,,,,,,,,,,,,,,,,,,,,,,,,,,,,,,,,,18860823,false,false,9,2022-04-01,2022-12-31,-1
2024-04-26,43180,2024-03-31,,29487000000,0.061,,,,,4964000000,0.106,5029000000,0.107,,3505000000,,187.41,,0.233,0.238,0.168,,22042000000,16420000000,0.745,877.57,16416000000,2973000000,-750000000,-1493000000,12997000000,,0.502,,,,,,true,false,12,2023-04-01,2024-03-31,0
2024-04-26,43180,2023-03-31,,27794000000,0.178,,,,,4487000000,0.341,4543000000,0.327,,3261000000,,173.07,,0.253,0.238,0.161,,20179000000,13724000000,0.680,733.60,13723000000,3545000000,-497000000,-1370000000,12213000000,,0.404,,,,,,true,false,12,2022-04-01,2023-03-31,-1
2024-04-26,43180,2025-03-31,,16637000000,0.053,,,,,3258000000,-0.192,3280000000,-0.195,,2262000000,,120.93,,,,,,,,,,,,,,,,,,,,,,true,true,6,2024-04-01,2024-09-30,1
2024-04-26,43180,2025-03-31,,31670000000,0.074,,,,,4490000000,-0.096,4523000000,-0.101,,3040000000,,162.55,,,,,,,,,,,,,,,,0.578,,,,,,true,true,12,2024-04-01,2025-03-31,1
2024-04-26,43180,2024-03-31,,19861000000,0.069,,,,,3454000000,0.128,4104000000,0.144,2977000000,,0.076,159.16,,,,,,17571000000,13756000000,0.783,735.38,13756000000,,,,,94.00,,,,19098576,391412,18707193,false,false,12,2023-04-01,2024-03-31,0
2024-04-26,43180,2023-03-31,,18582000000,0.205,,,,,3063000000,0.289,3586000000,0.277,2768000000,,0.420,146.81,,,,,,16062000000,11627000000,0.724,621.56,11627000000,,,,,70.00,,,,19098576,391355,18846126,false,false,12,2022-04-01,2023-03-31,-1
2024-04-26,43180,2025-03-31,,,,,,,,,,,,,,,,,,,,,,,,,,,,,,94.00,,,,,,,false,true,12,2024-04-01,2025-03-31,1
2024-07-31,43180,2025-03-31,1,9569000000,0.065,,,,,3013000000,0.003,3035000000,0.001,,2101000000,,112.31,,,,,,23715000000,17875000000,0.754,955.37,17872000000,,,,,,,,,,,,true,false,3,2024-04-01,2024-06-30,0
2024-07-31,43180,2024-03-31,1,8983000000,0.051,,,,,3005000000,-0.095,3033000000,-0.092,,2105000000,,112.56,,,,,,,,,,,,,,,,,,,,,,true,false,3,2023-04-01,2023-06-30,-1
2024-07-31,43180,2025-03-31,1,16637000000,0.053,,,,,3258000000,-0.192,3280000000,-0.195,,2262000000,,120.93,,,,,,,,,,,,,,,,,,,,,,true,true,6,2024-04-01,2024-09-30,0
2024-07-31,43180,2025-03-31,1,31670000000,0.074,,,,,4490000000,-0.096,4523000000,-0.101,,3040000000,,162.55,,,,,,,,,,,,,,,,,,,,,,true,true,12,2024-04-01,2025-03-31,0
2024-07-31,43180,2024-03-31,1,,,,,,,,,,,,,,,,,,,,22042000000,16420000000,0.745,877.57,16416000000,,,,,,,,,,,,true,false,12,2023-04-01,2024-03-31,-1
2024-07-31,43180,2024-03-31,1,,,,,,,,,,,,,,,,,,,,,,,,,,,,,94.00,,,,19098576,391412,,false,false,12,2023-04-01,2024-03-31,-1
2024-07-31,43180,2025-03-31,1,,,,,,,,,,,,,,,,,,,,,,,,,,,,,94.00,,,,,,,false,true,12,2024-04-01,2025-03-31,0
2024-07-31,43180,2025-03-31,1,,,,,,,,,,,,,,,,,,,,,,,,,,,,,,,,,19098576,391412,18707164,false,false,3,2024-04-01,2024-06-30,0
2024-07-31,43180,2024-03-31,1,,,,,,,,,,,,,,,,,,,,,,,,,,,,,,,,,,,18707221,false,false,3,2023-04-01,2023-06-30,-1
2024-10-31,43180,2025-03-31,2,17145000000,0.085,,,,,3783000000,-0.061,3817000000,-0.064,,3114000000,,166.49,,,,,,24353000000,18467000000,0.758,986.94,18462000000,,,,,,,,,,,,true,false,6,2024-04-01,2024-09-30,0
2024-10-31,43180,2024-03-31,2,15798000000,0.067,,,,,4030000000,0.105,4077000000,0.110,,2811000000,,150.30,,,,,,,,,,,,,,,,,,,,,,true,false,6,2023-04-01,2023-09-30,-1
2024-10-31,43180,2025-03-31,2,31670000000,0.074,,,,,4490000000,-0.096,4523000000,-0.101,,3040000000,,162.55,,,,,,,,,,,,,,,,,,,,,,true,true,12,2024-04-01,2025-03-31,0
2024-10-31,43180,2024-03-31,2,,,,,,,,,,,,,,,,,,,,22042000000,16420000000,0.745,877.57,16416000000,,,,,,,,,,,,true,false,12,2023-04-01,2024-03-31,-1
2024-10-31,43180,2024-03-31,2,,,,,,,,,,,,,,,,,,,,,,,,,,,,,94.00,,,,19098576,391412,,false,false,12,2023-04-01,2024-03-31,-1
2024-10-31,43180,2025-03-31,2,,,,,,,,,,,,,,,,,,,,,,,,,,,,,47.00,,,,,,,false,false,12,2024-04-01,2025-03-31,0
2024-10-31,43180,2025-03-31,2,,,,,,,,,,,,,,,,,,,,,,,,,,,,,94.00,,,,,,,false,true,12,2024-04-01,2025-03-31,0
2024-10-31,43180,2025-03-31,2,,,,,,,,,,,,,,,,,,,,,,,,,,,,,,,,,19098576,391412,18707164,false,false,6,2024-04-01,2024-09-30,0
2024-10-31,43180,2024-03-31,2,,,,,,,,,,,,,,,,,,,,,,,,,,,,,,,,,,,18707204,false,false,6,2023-04-01,2023-09-30,-1
2025-01-31,43180,2025-03-31,3,24183000000,0.087,,,,,4113000000,-0.090,4170000000,-0.089,,3341000000,,178.62,,,,,,23719000000,18096000000,0.763,967.13,18092000000,,,,,,,,,,,,true,false,9,2024-04-01,2024-12-31,0
2025-01-31,43180,2024-03-31,3,22240000000,0.056,,,,,4519000000,0.075,4579000000,0.076,,3130000000,,167.36,,,,,,,,,,,,,,,,,,,,,,true,false,9,2023-04-01,2023-12-31,-1
2025-01-31,43180,2025-03-31,3,31670000000,0.074,,,,,4490000000,-0.096,4523000000,-0.101,,3510000000,,187.63,,,,,,,,,,,,,,,,,,,,,,true,true,12,2024-04-01,2025-03-31,0
2025-01-31,43180,2024-03-31,3,,,,,,,,,,,,,,,,,,,,22042000000,16420000000,0.745,877.57,16416000000,,,,,,,,,,,,true,false,12,2023-04-01,2024-03-31,-1
2025-01-31,43180,2024-03-31,3,,,,,,,,,,,,,,,,,,,,,,,,,,,,,94.00,,,,19098576,391412,,false,false,12,2023-04-01,2024-03-31,-1
2025-01-31,43180,2025-03-31,3,,,,,,,,,,,,,,,,,,,,,,,,,,,,,47.00,,,,,,,false,false,12,2024-04-01,2025-03-31,0
2025-01-31,43180,2025-03-31,3,,,,,,,,,,,,,,,,,,,,,,,,,,,,,94.00,,,,,,,false,true,12,2024-04-01,2025-03-31,0
2025-01-31,43180,2025-03-31,3,,,,,,,,,,,,,,,,,,,,,,,,,,,,,,,,,19098576,391412,18707164,false,false,9,2024-04-01,2024-12-31,0
2025-01-31,43180,2024-03-31,3,,,,,,,,,,,,,,,,,,,,,,,,,,,,,,,,,,,18707197,false,false,9,2023-04-01,2023-12-31,-1
2025-01-31,43180,2025-03-31,,31670000000,,,,,,4490000000,,4523000000,,,3510000000,,187.63,,,,,,,,,,,,,,,,,,,,,,true,true,12,2024-04-01,2025-03-31,0
2025-01-31,43180,2024-03-31,,29487000000,,,,,,4964000000,,5029000000,,,3505000000,,187.41,,,,,,,,,,,,,,,,,,,,,,true,false,12,2023-04-01,2024-03-31,-1
2025-04-22,43180,2025-03-31,,32501000000,0.026,,,,,4533000000,0.010,4611000000,0.020,,3583000000,,191.56,,,,,,,,,,,,,,,,,,,,,,true,true,12,2024-04-01,2025-03-31,0
2025-04-22,43180,2024-03-31,,29487000000,,,,,,4964000000,,5029000000,,,3505000000,,187.41,,,,,,,,,,,,,,,,,,,,,,true,false,12,2023-04-01,2024-03-31,-1
2025-04-22,43180,2025-03-31,,,,,,,,,,,,,,,,,,,,,,,,,,,,,,96.00,,,,,,,false,true,12,2024-04-01,2025-03-31,0
2025-04-22,43180,2025-03-31,,,,,,,,,,,,,,,,,,,,,,,,,,,,,,47.00,,,,,,,false,false,12,2024-04-01,2025-03-31,0
2025-04-22,43180,2024-03-31,,,,,,,,,,,,,,,,,,,,,,,,,,,,,,94.00,,,,,,,false,false,12,2023-04-01,2024-03-31,-1
2025-04-28,43180,2025-03-31,,32501000000,0.102,,,,,4533000000,-0.087,4611000000,-0.083,,3583000000,,191.56,,0.209,0.196,0.139,,25130000000,17842000000,0.710,953.58,17838000000,4158000000,-224000000,-1965000000,15007000000,,0.501,,,,,,true,false,12,2024-04-01,2025-03-31,0
2025-04-28,43180,2024-03-31,,29487000000,0.061,,,,,4964000000,0.106,5029000000,0.107,,3505000000,,187.41,,0.233,0.238,0.168,,22042000000,16420000000,0.745,877.57,16416000000,2973000000,-750000000,-1493000000,12997000000,,0.502,,,,,,true,false,12,2023-04-01,2024-03-31,-1
2025-04-28,43180,2026-03-31,,33970000000,0.045,,,,,4570000000,0.008,4620000000,0.002,,3700000000,,197.81,,,,,,,,,,,,,,,,0.506,,,,,,true,true,12,2025-04-01,2026-03-31,1
2025-04-28,43180,2025-03-31,,21820000000,0.099,,,,,3031000000,-0.123,3775000000,-0.080,3173000000,,0.066,169.63,,,,,,20120000000,14730000000,0.732,787.44,14730000000,,,,,96.00,,,,18850676,143512,18707164,false,false,12,2024-04-01,2025-03-31,0
2025-04-28,43180,2024-03-31,,19861000000,0.069,,,,,3454000000,0.128,4104000000,0.144,2977000000,,0.076,159.16,,,,,,17571000000,13756000000,0.783,735.38,13756000000,,,,,94.00,,,,19098576,391412,18707193,false,false,12,2023-04-01,2024-03-31,-1
2025-04-28,43180,2026-03-31,,,,,,,,,,,,,,,,,,,,,,,,,,,,,,100.00,,,,,,,false,true,12,2025-04-01,2026-03-31,1
