filing_date,code,fiscal_year_end,quarterly_period,net_sales,net_sales_change,revenue,revenue_change,operating_revenue,operating_revenue_change,operating_profit,operating_profit_change,ordinary_profit,ordinary_profit_change,net_income,net_income_of_parent,net_income_change,eps,diluted_eps,roe,roa,operating_profit_to_net_sales,operating_profit_to_revenue,total_assets,net_assets,equity_ratio,bps,owner_equity,operating_cash_flow,investing_cash_flow,financing_cash_flow,cash,dividend_per_share,payout_ratio,commemorative_dividend,extra_dividend,number_of_shares,number_of_treqsury_shares,avg_number_of_shares,is_consolidated,is_forecast,duration,period_start,period_end,period_pos
2015-05-14,43330,2015-03-31,,12567000000,0.199,,,,,1155000000,0.319,1162000000,0.317,663000000,,0.328,54.67,,0.146,0.149,0.092,,8340000000,4806000000,0.576,396.17,4806000000,980000000,-109000000,-154000000,5231000000,15.00,0.274,,,13865992,1733726,12132472,false,false,12,2014-04-01,2015-03-31,0
2015-05-14,43330,2014-03-31,,10481000000,0.089,,,,,876000000,0.186,882000000,0.172,499000000,,0.146,37.96,,0.121,0.118,0.084,,7401000000,4088000000,0.552,336.96,4088000000,154000000,-17000000,-612000000,4514000000,25.00,0.329,,,13865992,1733346,13155183,false,false,12,2013-04-01,2014-03-31,-1
2015-05-14,43330,2016-03-31,,6017000000,0.021,,,,,492000000,-0.067,494000000,-0.072,311000000,,-0.069,25.63,,,,,,,,,,,,,,,,,,,,,,false,true,6,2015-04-01,2015-09-30,1
2015-05-14,43330,2016-03-31,,13000000000,0.034,,,,,1200000000,0.038,1206000000,0.037,760000000,,0.146,62.64,,,,,,,,,,,,,,,17.00,0.271,,,,,,false,true,12,2015-04-01,2016-03-31,1
2015-07-31,43330,2016-03-31,1,3228000000,0.154,,,,,354000000,0.521,357000000,0.511,237000000,,0.571,19.60,,,,,,8252000000,4868000000,0.590,401.26,4868000000,,,,,,,,,13865992,1733726,12132266,false,false,3,2015-04-01,2015-06-30,0
2015-07-31,43330,2015-03-31,1,2796000000,0.260,,,,,233000000,1.022,236000000,1.016,151000000,,1.331,12.47,,,,,,,,,,,,,,,,,,,,,12132646,false,false,3,2014-04-01,2014-06-30,-1
2015-07-31,43330,2016-03-31,1,6017000000,0.021,,,,,492000000,-0.067,494000000,-0.072,311000000,,-0.069,25.63,,,,,,,,,,,,,,,,,,,,,,false,true,6,2015-04-01,2015-09-30,0
2015-07-31,43330,2016-03-31,1,13000000000,0.034,,,,,1200000000,0.038,1206000000,0.037,760000000,,0.146,62.64,,,,,,,,,,,,,,,17.00,,,,,,,false,true,12,2015-04-01,2016-03-31,0
2015-07-31,43330,2015-03-31,1,,,,,,,,,,,,,,,,,,,,8340000000,4806000000,0.576,396.17,4806000000,,,,,15.00,,,,13865992,1733726,,false,false,12,2014-04-01,2015-03-31,-1
2015-10-15,43330,2016-03-31,,6591000000,0.096,,,,,751000000,0.527,755000000,0.527,499000000,,0.606,41.16,,,,,,,,,,,,,,,,,,,,,,false,true,6,2015-04-01,2015-09-30,0
2015-10-15,43330,2015-03-31,,5893000000,,,,,,527000000,,533000000,,334000000,,,27.54,,,,,,,,,,,,,,,,,,,,,,false,false,6,2014-04-01,2014-09-30,-1
2015-10-30,43330,2016-03-31,2,6591000000,0.118,,,,,751000000,0.424,755000000,0.417,499000000,,0.495,41.16,,,,,,8309000000,5135000000,0.618,423.27,5135000000,,,,,,,,,13865992,1733726,12132266,false,false,6,2015-04-01,2015-09-30,0
2015-10-30,43330,2015-03-31,2,5893000000,0.275,,,,,527000000,0.804,533000000,0.802,334000000,,1.016,27.54,,,,,,,,,,,,,,,,,,,,,12132620,false,false,6,2014-04-01,2014-09-30,-1
2015-10-30,43330,2016-03-31,2,13000000000,0.034,,,,,1200000000,0.038,1206000000,0.037,760000000,,0.146,62.64,,,,,,,,,,,,,,,17.00,,,,,,,false,true,12,2015-04-01,2016-03-31,0
2015-10-30,43330,2015-03-31,2,,,,,,,,,,,,,,,,,,,,8340000000,4806000000,0.576,396.17,4806000000,,,,,15.00,,,,13865992,1733726,,false,false,12,2014-04-01,2015-03-31,-1
2015-10-30,43330,2016-03-31,2,,,,,,,,,,,,,,,,,,,,,,,,,,,,,0.00,,,,,,,false,false,12,2015-04-01,2016-03-31,0
2016-01-29,43330,2016-03-31,3,9777000000,0.082,,,,,1095000000,0.289,1103000000,0.287,728000000,,0.341,60.03,,,,,,8311000000,5366000000,0.646,442.34,5366000000,,,,,,,,,13865992,1733726,12132266,false,false,9,2015-04-01,2015-12-31,0
2016-01-29,43330,2015-03-31,3,9039000000,0.254,,,,,849000000,0.530,857000000,0.526,543000000,,0.679,44.76,,,,,,,,,,,,,,,,,,,,,12132528,false,false,9,2014-04-01,2014-12-31,-1
2016-01-29,43330,2016-03-31,3,13000000000,0.034,,,,,1200000000,0.038,1206000000,0.037,760000000,,0.146,62.64,,,,,,,,,,,,,,,17.00,,,,,,,false,true,12,2015-04-01,2016-03-31,0
2016-01-29,43330,2015-03-31,3,,,,,,,,,,,,,,,,,,,,8340000000,4806000000,0.576,396.17,4806000000,,,,,15.00,,,,13865992,1733726,,false,false,12,2014-04-01,2015-03-31,-1
2016-01-29,43330,2016-03-31,3,,,,,,,,,,,,,,,,,,,,,,,,,,,,,0.00,,,,,,,false,false,12,2015-04-01,2016-03-31,0
2016-03-14,43330,2016-03-31,,13100000000,0.008,,,,,1310000000,0.092,1318000000,0.093,830000000,,0.092,68.41,,,,,,,,,,,,,,,20.00,,,,,,,false,true,12,2015-04-01,2016-03-31,0
2016-03-14,43330,2015-03-31,,12567000000,,,,,,1155000000,,1162000000,,663000000,,,54.67,,,,,,,,,,,,,,,15.00,,,,,,,false,false,12,2014-04-01,2015-03-31,-1
2016-03-14,43330,2016-03-31,,,,,,,,,,,,,,,,,,,,,,,,,,,,,,0.00,,,,,,,false,false,12,2015-04-01,2016-03-31,0
2016-05-12,43330,2016-03-31,,13135000000,0.045,,,,,1322000000,0.144,1330000000,0.144,833000000,,0.257,68.70,,0.163,0.154,0.101,,8914000000,5451000000,0.611,449.31,5451000000,1015000000,88000000,-184000000,6150000000,20.00,0.291,,,13865992,1733726,12132266,false,false,12,2015-04-01,2016-03-31,0
2016-05-12,43330,2015-03-31,,12567000000,0.199,,,,,1155000000,0.319,1162000000,0.317,663000000,,0.328,54.67,,0.146,0.149,0.092,,8340000000,4806000000,0.576,396.17,4806000000,980000000,-109000000,-154000000,5231000000,15.00,0.274,,,13865992,1733726,12132472,false,false,12,2014-04-01,2015-03-31,-1
2016-05-12,43330,2017-03-31,,6443000000,-0.023,,,,,579000000,-0.229,582000000,-0.230,394000000,,-0.211,32.48,,,,,,,,,,,,,,,,,,,,,,false,true,6,2016-04-01,2016-09-30,1
2016-05-12,43330,2017-03-31,,13500000000,0.028,,,,,1350000000,0.021,1356000000,0.019,920000000,,0.104,75.83,,,,,,,,,,,,,,,20.00,0.264,,,,,,false,true,12,2016-04-01,2017-03-31,1
2016-07-29,43330,2017-03-31,1,2950000000,-0.086,,,,,254000000,-0.281,260000000,-0.272,178000000,,-0.251,14.67,,,,,,8738000000,5385000000,0.616,443.88,5385000000,,,,,,,,,13865992,1733726,12132266,false,false,3,2016-04-01,2016-06-30,0
2016-07-29,43330,2016-03-31,1,3228000000,0.154,,,,,354000000,0.521,357000000,0.511,237000000,,0.571,19.60,,,,,,,,,,,,,,,,,,,,,12132266,false,false,3,2015-04-01,2015-06-30,-1
2016-07-29,43330,2017-03-31,1,6443000000,-0.023,,,,,579000000,-0.229,582000000,-0.230,394000000,,-0.211,32.48,,,,,,,,,,,,,,,,,,,,,,false,true,6,2016-04-01,2016-09-30,0
2016-07-29,43330,2017-03-31,1,13500000000,0.028,,,,,1350000000,0.021,1356000000,0.019,920000000,,0.104,75.83,,,,,,,,,,,,,,,20.00,,,,,,,false,true,12,2016-04-01,2017-03-31,0
2016-07-29,43330,2016-03-31,1,,,,,,,,,,,,,,,,,,,,8914000000,5451000000,0.611,449.31,5451000000,,,,,20.00,,,,13865992,1733726,,false,false,12,2015-04-01,2016-03-31,-1
2016-10-28,43330,2017-03-31,2,6012000000,-0.088,,,,,552000000,-0.265,558000000,-0.261,380000000,,-0.239,31.34,,,,,,8681000000,5580000000,0.643,459.99,5580000000,,,,,,,,,13865992,1733726,12132266,false,false,6,2016-04-01,2016-09-30,0
2016-10-28,43330,2016-03-31,2,6591000000,0.118,,,,,751000000,0.424,755000000,0.417,499000000,,0.495,41.16,,,,,,,,,,,,,,,,,,,,,12132266,false,false,6,2015-04-01,2015-09-30,-1
2016-10-28,43330,2017-03-31,2,13500000000,0.028,,,,,1350000000,0.021,1356000000,0.019,920000000,,0.104,75.83,,,,,,,,,,,,,,,20.00,,,,,,,false,true,12,2016-04-01,2017-03-31,0
2016-10-28,43330,2016-03-31,2,,,,,,,,,,,,,,,,,,,,8914000000,5451000000,0.611,449.31,5451000000,,,,,20.00,,,,13865992,1733726,,false,false,12,2015-04-01,2016-03-31,-1
2016-10-28,43330,2017-03-31,2,,,,,,,,,,,,,,,,,,,,,,,,,,,,,0.00,,,,,,,false,false,12,2016-04-01,2017-03-31,0
2017-01-31,43330,2017-03-31,3,8935000000,-0.086,,,,,843000000,-0.230,852000000,-0.228,581000000,,-0.202,47.91,,,,,,8723000000,5792000000,0.664,477.48,5792000000,,,,,,,,,13865992,1733726,12132266,false,false,9,2016-04-01,2016-12-31,0
2017-01-31,43330,2016-03-31,3,9777000000,0.082,,,,,1095000000,0.289,1103000000,0.287,728000000,,0.341,60.03,,,,,,,,,,,,,,,,,,,,,12132266,false,false,9,2015-04-01,2015-12-31,-1
2017-01-31,43330,2017-03-31,3,12200000000,-0.071,,,,,1140000000,-0.138,1149000000,-0.136,781000000,,-0.063,64.37,,,,,,,,,,,,,,,20.00,,,,,,,false,true,12,2016-04-01,2017-03-31,0
2017-01-31,43330,2016-03-31,3,,,,,,,,,,,,,,,,,,,,8914000000,5451000000,0.611,449.31,5451000000,,,,,20.00,,,,13865992,1733726,,false,false,12,2015-04-01,2016-03-31,-1
2017-01-31,43330,2017-03-31,3,,,,,,,,,,,,,,,,,,,,,,,,,,,,,0.00,,,,,,,false,false,12,2016-04-01,2017-03-31,0
2017-01-31,43330,2017-03-31,,12200000000,-0.096,,,,,1140000000,-0.156,1149000000,-0.153,781000000,,-0.151,64.37,,,,,,,,,,,,,,,,,,,,,,false,true,12,2016-04-01,2017-03-31,0
2017-01-31,43330,2016-03-31,,13135000000,,,,,,1322000000,,1330000000,,833000000,,,68.70,,,,,,,,,,,,,,,,,,,,,,false,false,12,2015-04-01,2016-03-31,-1
2017-05-12,43330,2017-03-31,,12223000000,-0.069,,,,,1175000000,-0.111,1183000000,-0.110,807000000,,-0.031,66.54,,0.141,0.130,0.096,,9237000000,6033000000,0.653,497.35,6033000000,586000000,-12000000,-245000000,6478000000,20.00,0.301,,,13865992,1733726,12132266,false,false,12,2016-04-01,2017-03-31,0
2017-05-12,43330,2016-03-31,,13135000000,0.045,,,,,1322000000,0.144,1330000000,0.144,833000000,,0.257,68.70,,0.163,0.154,0.101,,8914000000,5451000000,0.611,449.31,5451000000,1015000000,88000000,-184000000,6150000000,20.00,0.291,,,13865992,1733726,12132266,false,false,12,2015-04-01,2016-03-31,-1
2017-05-12,43330,2018-03-31,,5971000000,-0.007,,,,,475000000,-0.140,478000000,-0.144,326000000,,-0.143,26.87,,,,,,,,,,,,,,,,,,,,,,false,true,6,2017-04-01,2017-09-30,1
2017-05-12,43330,2018-03-31,,12800000000,0.047,,,,,1180000000,0.004,1186000000,0.002,808000000,,0.001,66.60,,,,,,,,,,,,,,,20.00,0.300,,,,,,false,true,12,2017-04-01,2018-03-31,1
2017-07-31,43330,2018-03-31,1,2934000000,-0.005,,,,,190000000,-0.252,193000000,-0.255,131000000,,-0.262,10.83,,,,,,9422000000,5931000000,0.629,488.92,5931000000,,,,,,,,,13865992,1733726,12132266,false,false,3,2017-04-01,2017-06-30,0
2017-07-31,43330,2017-03-31,1,2950000000,-0.086,,,,,254000000,-0.281,260000000,-0.272,178000000,,-0.251,14.67,,,,,,,,,,,,,,,,,,,,,12132266,false,false,3,2016-04-01,2016-06-30,-1
2017-07-31,43330,2018-03-31,1,5971000000,-0.007,,,,,475000000,-0.140,478000000,-0.144,326000000,,-0.143,26.87,,,,,,,,,,,,,,,,,,,,,,false,true,6,2017-04-01,2017-09-30,0
2017-07-31,43330,2018-03-31,1,12800000000,0.047,,,,,1180000000,0.004,1186000000,0.002,808000000,,0.001,66.60,,,,,,,,,,,,,,,20.00,,,,,,,false,true,12,2017-04-01,2018-03-31,0
2017-07-31,43330,2017-03-31,1,,,,,,,,,,,,,,,,,,,,9237000000,6033000000,0.653,497.35,6033000000,,,,,20.00,,,,13865992,1733726,,false,false,12,2016-04-01,2017-03-31,-1
2017-10-31,43330,2018-03-31,2,5928000000,-0.014,,,,,420000000,-0.239,424000000,-0.240,286000000,,-0.246,23.64,,,,,,9439000000,6086000000,0.645,501.66,6086000000,,,,,,,,,13865992,1733726,12132266,false,false,6,2017-04-01,2017-09-30,0
2017-10-31,43330,2017-03-31,2,6012000000,-0.088,,,,,552000000,-0.265,558000000,-0.261,380000000,,-0.239,31.34,,,,,,,,,,,,,,,,,,,,,12132266,false,false,6,2016-04-01,2016-09-30,-1
2017-10-31,43330,2018-03-31,2,12800000000,0.047,,,,,1180000000,0.004,1186000000,0.002,808000000,,0.001,66.60,,,,,,,,,,,,,,,20.00,,,,,,,false,true,12,2017-04-01,2018-03-31,0
2017-10-31,43330,2017-03-31,2,,,,,,,,,,,,,,,,,,,,9237000000,6033000000,0.653,497.35,6033000000,,,,,20.00,,,,13865992,1733726,,false,false,12,2016-04-01,2017-03-31,-1
2017-10-31,43330,2018-03-31,2,,,,,,,,,,,,,,,,,,,,,,,,,,,,,0.00,,,,,,,false,false,12,2017-04-01,2018-03-31,0
2018-01-31,43330,2018-03-31,3,8723000000,-0.024,,,,,582000000,-0.309,590000000,-0.307,398000000,,-0.315,32.82,,,,,,9316000000,6221000000,0.668,512.78,6221000000,,,,,,,,,13865992,1733726,12132266,false,false,9,2017-04-01,2017-12-31,0
2018-01-31,43330,2017-03-31,3,8935000000,-0.086,,,,,843000000,-0.230,852000000,-0.228,581000000,,-0.202,47.91,,,,,,,,,,,,,,,,,,,,,12132266,false,false,9,2016-04-01,2016-12-31,-1
2018-01-31,43330,2018-03-31,3,12800000000,0.047,,,,,1180000000,0.004,1186000000,0.002,808000000,,0.001,66.60,,,,,,,,,,,,,,,20.00,,,,,,,false,true,12,2017-04-01,2018-03-31,0
2018-01-31,43330,2017-03-31,3,,,,,,,,,,,,,,,,,,,,9237000000,6033000000,0.653,497.35,6033000000,,,,,20.00,,,,13865992,1733726,,false,false,12,2016-04-01,2017-03-31,-1
2018-01-31,43330,2018-03-31,3,,,,,,,,,,,,,,,,,,,,,,,,,,,,,0.00,,,,,,,false,false,12,2017-04-01,2018-03-31,0
2018-02-15,43330,2018-03-31,,11900000000,-0.070,,,,,840000000,-0.288,848000000,-0.285,572000000,,-0.292,47.15,,,,,,,,,,,,,,,,,,,,,,false,true,12,2017-04-01,2018-03-31,0
2018-02-15,43330,2017-03-31,,12223000000,,,,,,1175000000,,1183000000,,807000000,,,66.54,,,,,,,,,,,,,,,,,,,,,,false,false,12,2016-04-01,2017-03-31,-1
2018-05-14,43330,2018-03-31,,11988000000,-0.019,,,,,896000000,-0.238,903000000,-0.236,610000000,,-0.244,50.32,,0.098,0.095,0.075,,9852000000,6427000000,0.652,529.82,6427000000,587000000,-11000000,-244000000,6810000000,20.00,0.397,,,13865992,1733726,12132266,false,false,12,2017-04-01,2018-03-31,0
2018-05-14,43330,2017-03-31,,12223000000,-0.069,,,,,1175000000,-0.111,1183000000,-0.110,807000000,,-0.031,66.54,,0.141,0.130,0.096,,9237000000,6033000000,0.653,497.35,6033000000,586000000,-12000000,-245000000,6478000000,20.00,0.301,,,13865992,1733726,12132266,false,false,12,2016-04-01,2017-03-31,-1
2018-05-14,43330,2019-03-31,,5900000000,-0.005,,,,,362000000,-0.138,365000000,-0.140,248000000,,-0.135,20.44,,,,,,,,,,,,,,,,,,,,,,false,true,6,2018-04-01,2018-09-30,1
2018-05-14,43330,2019-03-31,,12300000000,0.026,,,,,1000000000,0.116,1006000000,0.113,685000000,,0.122,56.46,,,,,,,,,,,,,,,20.00,0.354,,,,,,false,true,12,2018-04-01,2019-03-31,1
2018-07-31,43330,2019-03-31,1,2944000000,0.003,,,,,176000000,-0.075,179000000,-0.073,123000000,,-0.063,10.15,,,,,,9853000000,6317000000,0.641,520.72,6317000000,,,,,,,,,13865992,1733726,12132266,false,false,3,2018-04-01,2018-06-30,0
2018-07-31,43330,2018-03-31,1,2934000000,-0.005,,,,,190000000,-0.252,193000000,-0.255,131000000,,-0.262,10.83,,,,,,,,,,,,,,,,,,,,,12132266,false,false,3,2017-04-01,2017-06-30,-1
2018-07-31,43330,2019-03-31,1,5900000000,-0.005,,,,,362000000,-0.138,365000000,-0.140,248000000,,-0.135,20.44,,,,,,,,,,,,,,,,,,,,,,false,true,6,2018-04-01,2018-09-30,0
2018-07-31,43330,2019-03-31,1,12300000000,0.026,,,,,1000000000,0.116,1006000000,0.113,685000000,,0.122,56.46,,,,,,,,,,,,,,,20.00,,,,,,,false,true,12,2018-04-01,2019-03-31,0
2018-07-31,43330,2018-03-31,1,,,,,,,,,,,,,,,,,,,,9852000000,6427000000,0.652,529.82,6427000000,,,,,20.00,,,,13865992,1733726,,false,false,12,2017-04-01,2018-03-31,-1
2018-11-14,43330,2019-03-31,2,6187000000,0.044,,,,,460000000,0.096,464000000,0.095,256000000,,-0.107,21.11,,,,,,9891000000,6460000000,0.653,532.53,6460000000,,,,,,,,,13865992,1733730,12132266,false,false,6,2018-04-01,2018-09-30,0
2018-11-14,43330,2018-03-31,2,5928000000,-0.014,,,,,420000000,-0.239,424000000,-0.240,286000000,,-0.246,23.64,,,,,,,,,,,,,,,,,,,,,12132266,false,false,6,2017-04-01,2017-09-30,-1
2018-11-14,43330,2019-03-31,2,12300000000,0.026,,,,,1000000000,0.116,1006000000,0.113,685000000,,0.122,56.46,,,,,,,,,,,,,,,20.00,,,,,,,false,true,12,2018-04-01,2019-03-31,0
2018-11-14,43330,2018-03-31,2,,,,,,,,,,,,,,,,,,,,9852000000,6427000000,0.652,529.82,6427000000,,,,,20.00,,,,13865992,1733726,,false,false,12,2017-04-01,2018-03-31,-1
2018-11-14,43330,2019-03-31,2,,,,,,,,,,,,,,,,,,,,,,,,,,,,,0.00,,,,,,,false,false,12,2018-04-01,2019-03-31,0
2019-01-31,43330,2019-03-31,3,9366000000,0.074,,,,,704000000,0.209,712000000,0.207,424000000,,0.067,35.02,,,,,,9790000000,6583000000,0.672,542.63,6583000000,,,,,,,,,13865992,1733730,12132264,false,false,9,2018-04-01,2018-12-31,0
2019-01-31,43330,2018-03-31,3,8723000000,-0.024,,,,,582000000,-0.309,590000000,-0.307,398000000,,-0.315,32.82,,,,,,,,,,,,,,,,,,,,,12132266,false,false,9,2017-04-01,2017-12-31,-1
2019-01-31,43330,2019-03-31,3,12300000000,0.026,,,,,1000000000,0.116,1006000000,0.113,685000000,,0.122,56.46,,,,,,,,,,,,,,,20.00,,,,,,,false,true,12,2018-04-01,2019-03-31,0
2019-01-31,43330,2018-03-31,3,,,,,,,,,,,,,,,,,,,,9852000000,6427000000,0.652,529.82,6427000000,,,,,20.00,,,,13865992,1733726,,false,false,12,2017-04-01,2018-03-31,-1
2019-01-31,43330,2019-03-31,3,,,,,,,,,,,,,,,,,,,,,,,,,,,,,0.00,,,,,,,false,false,12,2018-04-01,2019-03-31,0
2019-05-15,43330,2019-03-31,,12802000000,0.068,,,,,1030000000,0.150,1038000000,0.150,651000000,,0.067,53.68,,0.098,0.102,0.081,,10422000000,6836000000,0.656,563.48,6836000000,914000000,5000000,-241000000,7489000000,25.00,0.466,,,13865992,1733730,12132264,false,false,12,2018-04-01,2019-03-31,0
2019-05-15,43330,2018-03-31,,11988000000,-0.019,,,,,896000000,-0.238,903000000,-0.236,610000000,,-0.244,50.32,,0.098,0.095,0.075,,9852000000,6427000000,0.652,529.82,6427000000,587000000,-11000000,-244000000,6810000000,20.00,0.397,,,13865992,1733726,12132266,false,false,12,2017-04-01,2018-03-31,-1
2019-05-15,43330,2020-03-31,,6307000000,0.019,,,,,422000000,-0.084,425000000,-0.085,289000000,,0.128,23.82,,,,,,,,,,,,,,,,,,,,,,false,true,6,2019-04-01,2019-09-30,1
2019-05-15,43330,2020-03-31,,13500000000,0.054,,,,,1130000000,0.096,1136000000,0.093,773000000,,0.187,63.71,,,,,,,,,,,,,,,25.00,0.392,,,,,,false,true,12,2019-04-01,2020-03-31,1
2019-07-31,43330,2020-03-31,1,2905000000,-0.013,,,,,177000000,0.008,181000000,0.007,123000000,,0.003,10.19,,,,,,10267000000,6632000000,0.646,548.08,6632000000,,,,,,,,,13865992,1763730,12119734,false,false,3,2019-04-01,2019-06-30,0
2019-07-31,43330,2019-03-31,1,2944000000,0.003,,,,,176000000,-0.075,179000000,-0.073,123000000,,-0.063,10.15,,,,,,,,,,,,,,,,,,,,,12132266,false,false,3,2018-04-01,2018-06-30,-1
2019-07-31,43330,2020-03-31,1,6307000000,0.019,,,,,422000000,-0.084,425000000,-0.085,289000000,,0.128,23.86,,,,,,,,,,,,,,,,,,,,,,false,true,6,2019-04-01,2019-09-30,0
2019-07-31,43330,2020-03-31,1,13500000000,0.054,,,,,1130000000,0.096,1136000000,0.093,773000000,,0.187,63.85,,,,,,,,,,,,,,,25.00,,,,,,,false,true,12,2019-04-01,2020-03-31,0
2019-07-31,43330,2019-03-31,1,,,,,,,,,,,,,,,,,,,,10422000000,6836000000,0.656,563.48,6836000000,,,,,25.00,,,,13865992,1733730,,false,false,12,2018-04-01,2019-03-31,-1
2019-10-31,43330,2020-03-31,2,5904000000,-0.046,,,,,409000000,-0.112,413000000,-0.110,281000000,,0.098,23.21,,,,,,10093000000,6840000000,0.678,564.58,6840000000,,,,,,,,,13865992,1750111,12114895,false,false,6,2019-04-01,2019-09-30,0
2019-10-31,43330,2019-03-31,2,6187000000,0.044,,,,,460000000,0.096,464000000,0.095,256000000,,-0.107,21.11,,,,,,,,,,,,,,,,,,,,,12132266,false,false,6,2018-04-01,2018-09-30,-1
2019-10-31,43330,2020-03-31,2,13500000000,0.054,,,,,1130000000,0.096,1136000000,0.093,773000000,,0.187,63.80,,,,,,,,,,,,,,,25.00,,,,,,,false,true,12,2019-04-01,2020-03-31,0
2019-10-31,43330,2019-03-31,2,,,,,,,,,,,,,,,,,,,,10422000000,6836000000,0.656,563.48,6836000000,,,,,25.00,,,,13865992,1733730,,false,false,12,2018-04-01,2019-03-31,-1
2019-10-31,43330,2020-03-31,2,,,,,,,,,,,,,,,,,,,,,,,,,,,,,10.00,,,,,,,false,false,12,2019-04-01,2020-03-31,0
2020-01-31,43330,2020-03-31,3,8695000000,-0.072,,,,,599000000,-0.148,608000000,-0.147,414000000,,-0.025,34.20,,,,,,9907000000,6867000000,0.693,566.85,6867000000,,,,,,,,,13865992,1750111,12115225,false,false,9,2019-04-01,2019-12-31,0
2020-01-31,43330,2019-03-31,3,9366000000,0.074,,,,,704000000,0.209,712000000,0.207,424000000,,0.067,35.02,,,,,,,,,,,,,,,,,,,,,12132264,false,false,9,2018-04-01,2018-12-31,-1
2020-01-31,43330,2020-03-31,3,11600000000,-0.094,,,,,830000000,-0.195,838000000,-0.193,570000000,,-0.125,47.05,,,,,,,,,,,,,,,25.00,,,,,,,false,true,12,2019-04-01,2020-03-31,0
2020-01-31,43330,2019-03-31,3,,,,,,,,,,,,,,,,,,,,10422000000,6836000000,0.656,563.48,6836000000,,,,,25.00,,,,13865992,1733730,,false,false,12,2018-04-01,2019-03-31,-1
2020-01-31,43330,2020-03-31,3,,,,,,,,,,,,,,,,,,,,,,,,,,,,,10.00,,,,,,,false,false,12,2019-04-01,2020-03-31,0
2020-05-15,43330,2020-03-31,,11686000000,-0.087,,,,,915000000,-0.112,923000000,-0.111,631000000,,-0.030,52.13,,0.091,0.089,0.078,,10313000000,7081000000,0.687,584.44,7081000000,533000000,-164000000,-449000000,7409000000,25.00,0.480,,,13865992,1750111,12115388,false,false,12,2019-04-01,2020-03-31,0
2020-05-15,43330,2019-03-31,,12802000000,0.068,,,,,1030000000,0.150,1038000000,0.150,651000000,,0.067,53.68,,0.098,0.102,0.081,,10422000000,6836000000,0.656,563.48,6836000000,914000000,5000000,-241000000,7489000000,25.00,0.466,,,13865992,1733730,12132264,false,false,12,2018-04-01,2019-03-31,-1
2020-05-15,43330,2021-03-31,,11700000000,0.001,,,,,920000000,0.005,927000000,0.004,632000000,,0.001,52.16,,,,,,,,,,,,,,,25.00,0.479,,,,,,false,true,12,2020-04-01,2021-03-31,1
2020-07-31,43330,2021-03-31,1,2729000000,-0.061,,,,,159000000,-0.100,165000000,-0.088,113000000,,-0.080,9.38,,,,,,10586000000,7066000000,0.667,583.21,7066000000,,,,,,,,,13865992,1750152,12115843,false,false,3,2020-04-01,2020-06-30,0
2020-07-31,43330,2020-03-31,1,2905000000,-0.013,,,,,177000000,0.008,181000000,0.007,123000000,,0.003,10.19,,,,,,,,,,,,,,,,,,,,,12119734,false,false,3,2019-04-01,2019-06-30,-1
2020-07-31,43330,2021-03-31,1,11700000000,0.001,,,,,920000000,0.005,927000000,0.004,632000000,,0.001,52.16,,,,,,,,,,,,,,,25.00,,,,,,,false,true,12,2020-04-01,2021-03-31,0
2020-07-31,43330,2020-03-31,1,,,,,,,,,,,,,,,,,,,,10313000000,7081000000,0.687,584.44,7081000000,,,,,25.00,,,,13865992,1750111,,false,false,12,2019-04-01,2020-03-31,-1
2020-09-14,43330,2021-03-31,,5620000000,,,,,,410000000,,416000000,,284000000,,,23.43,,,,,,,,,,,,,,,,,,,,,,false,true,6,2020-04-01,2020-09-30,0
2020-09-14,43330,2020-03-31,,5904000000,,,,,,409000000,,413000000,,281000000,,,23.21,,,,,,,,,,,,,,,,,,,,,,false,false,6,2019-04-01,2019-09-30,-1
2020-10-30,43330,2021-03-31,2,5620000000,-0.048,,,,,416000000,0.017,421000000,0.021,289000000,,0.029,23.87,,,,,,10670000000,7274000000,0.682,599.40,7274000000,,,,,,,,,13865992,1729451,12121497,false,false,6,2020-04-01,2020-09-30,0
2020-10-30,43330,2020-03-31,2,5904000000,-0.046,,,,,409000000,-0.112,413000000,-0.110,281000000,,0.098,23.21,,,,,,,,,,,,,,,,,,,,,12114895,false,false,6,2019-04-01,2019-09-30,-1
2020-10-30,43330,2021-03-31,2,11700000000,0.001,,,,,920000000,0.005,927000000,0.004,632000000,,0.001,52.14,,,,,,,,,,,,,,,25.00,,,,,,,false,true,12,2020-04-01,2021-03-31,0
2020-10-30,43330,2020-03-31,2,,,,,,,,,,,,,,,,,,,,10313000000,7081000000,0.687,584.44,7081000000,,,,,25.00,,,,13865992,1750111,,false,false,12,2019-04-01,2020-03-31,-1
2020-10-30,43330,2021-03-31,2,,,,,,,,,,,,,,,,,,,,,,,,,,,,,10.00,,,,,,,false,false,12,2020-04-01,2021-03-31,0
2021-01-29,43330,2021-03-31,3,8693000000,-0.000,,,,,730000000,0.218,739000000,0.216,509000000,,0.229,42.04,,,,,,10782000000,7362000000,0.683,609.95,7362000000,,,,,,,,,13865992,1795481,12115724,false,false,9,2020-04-01,2020-12-31,0
2021-01-29,43330,2020-03-31,3,8695000000,-0.072,,,,,599000000,-0.148,608000000,-0.147,414000000,,-0.025,34.20,,,,,,,,,,,,,,,,,,,,,12115225,false,false,9,2019-04-01,2019-12-31,-1
2021-01-29,43330,2021-03-31,3,11700000000,0.001,,,,,920000000,0.005,927000000,0.004,632000000,,0.001,52.16,,,,,,,,,,,,,,,25.00,,,,,,,false,true,12,2020-04-01,2021-03-31,0
2021-01-29,43330,2020-03-31,3,,,,,,,,,,,,,,,,,,,,10313000000,7081000000,0.687,584.44,7081000000,,,,,25.00,,,,13865992,1750111,,false,false,12,2019-04-01,2020-03-31,-1
2021-01-29,43330,2021-03-31,3,,,,,,,,,,,,,,,,,,,,,,,,,,,,,10.00,,,,,,,false,false,12,2020-04-01,2021-03-31,0
,43330,2021-03-31,,,,,,,,,,,,,,,,,,,,,,,,,,,,,,35.00,,,,,,,false,true,12,2020-04-01,2021-03-31,0
,43330,2021-03-31,,,,,,,,,,,,,,,,,,,,,,,,,,,,,,10.00,,,,,,,false,false,12,2020-04-01,2021-03-31,0
,43330,2020-03-31,,,,,,,,,,,,,,,,,,,,,,,,,,,,,,25.00,,,,,,,false,false,12,2019-04-01,2020-03-31,-1
2021-04-14,43330,2021-03-31,,12180000000,0.041,,,,,1080000000,0.174,1089000000,0.175,740000000,,0.171,61.13,,,,,,,,,,,,,,,,,,,,,,false,true,12,2020-04-01,2021-03-31,0
2021-04-14,43330,2020-03-31,,11686000000,,,,,,915000000,,923000000,,631000000,,,52.13,,,,,,,,,,,,,,,,,,,,,,false,false,12,2019-04-01,2020-03-31,-1
2021-05-14,43330,2021-03-31,,12189000000,0.043,,,,,1076000000,0.177,1085000000,0.176,748000000,,0.185,61.84,,0.102,0.100,0.088,,11383000000,7579000000,0.666,627.90,7579000000,984000000,-29000000,-364000000,8000000000,35.00,0.566,10.00,,13865992,1795481,12104576,false,false,12,2020-04-01,2021-03-31,0
2021-05-14,43330,2020-03-31,,11686000000,-0.087,,,,,915000000,-0.112,923000000,-0.111,631000000,,-0.030,52.13,,0.091,0.089,0.078,,10313000000,7081000000,0.687,584.44,7081000000,533000000,-164000000,-449000000,7409000000,25.00,0.480,,,13865992,1750111,12115388,false,false,12,2019-04-01,2020-03-31,-1
2021-05-14,43330,2022-03-31,,6580000000,0.171,,,,,579000000,0.391,582000000,0.380,396000000,,0.369,32.81,,,,,,,,,,,,,,,,,,,,,,false,true,6,2021-04-01,2021-09-30,1
2021-05-14,43330,2022-03-31,,13200000000,0.083,,,,,1230000000,0.143,1238000000,0.140,842000000,,0.125,69.76,,,,,,,,,,,,,,,25.00,0.358,,,,,,false,true,12,2021-04-01,2022-03-31,1
2021-07-30,43330,2022-03-31,1,3378000000,0.238,,,,,313000000,0.961,316000000,0.917,218000000,,0.919,18.08,,,,,,11364000000,7516000000,0.661,622.71,7516000000,,,,,,,,,13865992,1795481,12070511,false,false,3,2021-04-01,2021-06-30,0
2021-07-30,43330,2021-03-31,1,2729000000,-0.061,,,,,159000000,-0.100,165000000,-0.088,113000000,,-0.080,9.38,,,,,,,,,,,,,,,,,,,,,12115843,false,false,3,2020-04-01,2020-06-30,-1
2021-07-30,43330,2022-03-31,1,6580000000,0.171,,,,,579000000,0.391,582000000,0.380,396000000,,0.369,32.78,,,,,,,,,,,,,,,,,,,,,,false,true,6,2021-04-01,2021-09-30,0
2021-07-30,43330,2022-03-31,1,13200000000,0.083,,,,,1230000000,0.143,1238000000,0.140,842000000,,0.125,69.62,,,,,,,,,,,,,,,30.00,,,,,,,false,true,12,2021-04-01,2022-03-31,0
2021-07-30,43330,2021-03-31,1,,,,,,,,,,,,,,,,,,,,11383000000,7579000000,0.666,627.90,7579000000,,,,,35.00,,,,13865992,1795481,,false,false,12,2020-04-01,2021-03-31,-1
2021-09-14,43330,2022-03-31,,6890000000,0.047,,,,,665000000,0.149,668000000,0.148,460000000,,0.162,38.08,,,,,,,,,,,,,,,,,,,,,,false,true,6,2021-04-01,2021-09-30,0
2021-09-14,43330,2021-03-31,,5620000000,,,,,,416000000,,421000000,,289000000,,,23.87,,,,,,,,,,,,,,,,,,,,,,false,false,6,2020-04-01,2020-09-30,-1
2021-10-29,43330,2022-03-31,2,6916000000,0.230,,,,,686000000,0.649,690000000,0.636,474000000,,0.642,39.32,,,,,,11526000000,7846000000,0.681,648.13,7846000000,,,,,,,,,13865992,1759375,12080376,false,false,6,2021-04-01,2021-09-30,0
2021-10-29,43330,2021-03-31,2,5620000000,-0.048,,,,,416000000,0.017,421000000,0.021,289000000,,0.029,23.87,,,,,,,,,,,,,,,,,,,,,12121497,false,false,6,2020-04-01,2020-09-30,-1
2021-10-29,43330,2022-03-31,2,13200000000,0.083,,,,,1230000000,0.143,1238000000,0.140,842000000,,0.125,69.70,,,,,,,,,,,,,,,30.00,,,,,,,false,true,12,2021-04-01,2022-03-31,0
2021-10-29,43330,2021-03-31,2,,,,,,,,,,,,,,,,,,,,11383000000,7579000000,0.666,627.90,7579000000,,,,,35.00,,,,13865992,1795481,,false,false,12,2020-04-01,2021-03-31,-1
2021-10-29,43330,2022-03-31,2,,,,,,,,,,,,,,,,,,,,,,,,,,,,,15.00,,,,,,,false,false,12,2021-04-01,2022-03-31,0
2022-01-31,43330,2022-03-31,3,10525000000,0.211,,,,,1058000000,0.448,1066000000,0.441,734000000,,0.443,60.79,,,,,,11529000000,7991000000,0.693,660.05,7991000000,,,,,,,,,13865992,1759375,12089155,false,false,9,2021-04-01,2021-12-31,0
2022-01-31,43330,2021-03-31,3,8693000000,-0.000,,,,,730000000,0.218,739000000,0.216,509000000,,0.229,42.04,,,,,,,,,,,,,,,,,,,,,12115724,false,false,9,2020-04-01,2020-12-31,-1
2022-01-31,43330,2022-03-31,3,14000000000,0.149,,,,,1340000000,0.245,1348000000,0.242,917000000,,0.225,75.83,,,,,,,,,,,,,,,30.00,,,,,,,false,true,12,2021-04-01,2022-03-31,0
2022-01-31,43330,2021-03-31,3,,,,,,,,,,,,,,,,,,,,11383000000,7579000000,0.666,627.90,7579000000,,,,,35.00,,,,13865992,1795481,,false,false,12,2020-04-01,2021-03-31,-1
2022-01-31,43330,2022-03-31,3,,,,,,,,,,,,,,,,,,,,,,,,,,,,,15.00,,,,,,,false,false,12,2021-04-01,2022-03-31,0
2022-05-13,43330,2022-03-31,,14211000000,0.166,,,,,1327000000,0.233,1337000000,0.232,942000000,,0.259,77.95,,0.120,0.114,0.093,,12131000000,8122000000,0.670,670.96,8122000000,942000000,-39000000,-482000000,8421000000,30.00,0.385,,,13865992,1759814,12093356,false,false,12,2021-04-01,2022-03-31,0
2022-05-13,43330,2021-03-31,,12189000000,0.043,,,,,1076000000,0.177,1085000000,0.176,748000000,,0.185,61.84,,0.102,0.100,0.088,,11383000000,7579000000,0.666,627.90,7579000000,984000000,-29000000,-364000000,8000000000,35.00,0.566,,,13865992,1795481,12104576,false,false,12,2020-04-01,2021-03-31,-1
2022-05-13,43330,2023-03-31,,7196000000,0.040,,,,,627000000,-0.086,631000000,-0.086,429000000,,-0.097,35.41,,,,,,,,,,,,,,,,,,,,,,false,true,6,2022-04-01,2022-09-30,1
2022-05-13,43330,2023-03-31,,15000000000,0.056,,,,,1370000000,0.032,1378000000,0.030,953000000,,0.011,78.57,,,,,,,,,,,,,,,30.00,0.382,,,,,,false,true,12,2022-04-01,2023-03-31,1
2022-07-29,43330,2023-03-31,1,3653000000,0.082,,,,,333000000,0.064,336000000,0.065,232000000,,0.065,19.19,,,,,,12090000000,8139000000,0.673,672.34,8139000000,,,,,,,,,13865992,1759814,12106178,false,false,3,2022-04-01,2022-06-30,0
2022-07-29,43330,2022-03-31,1,3378000000,0.238,,,,,313000000,0.961,316000000,0.917,218000000,,0.919,18.08,,,,,,,,,,,,,,,,,,,,,12070511,false,false,3,2021-04-01,2021-06-30,-1
2022-07-29,43330,2023-03-31,1,7196000000,0.040,,,,,627000000,-0.086,631000000,-0.086,429000000,,-0.097,35.40,,,,,,,,,,,,,,,,,,,,,,false,true,6,2022-04-01,2022-09-30,0
2022-07-29,43330,2023-03-31,1,15000000000,0.056,,,,,1370000000,0.032,1378000000,0.030,953000000,,0.011,78.55,,,,,,,,,,,,,,,35.00,,,,,,,false,true,12,2022-04-01,2023-03-31,0
2022-07-29,43330,2022-03-31,1,,,,,,,,,,,,,,,,,,,,12131000000,8122000000,0.670,670.96,8122000000,,,,,30.00,,,,13865992,1759814,,false,false,12,2021-04-01,2022-03-31,-1
2022-09-14,43330,2023-03-31,,7500000000,0.042,,,,,703000000,0.121,707000000,0.120,484000000,,0.128,39.94,,,,,,,,,,,,,,,,,,,,,,false,true,6,2022-04-01,2022-09-30,0
2022-09-14,43330,2022-03-31,,6916000000,,,,,,686000000,,690000000,,474000000,,,39.32,,,,,,,,,,,,,,,,,,,,,,false,false,6,2021-04-01,2021-09-30,-1
2022-10-31,43330,2023-03-31,2,7527000000,0.088,,,,,740000000,0.079,744000000,0.079,509000000,,0.073,42.07,,,,,,12304000000,8450000000,0.687,695.65,8450000000,,,,,,,,,13865992,1718866,12117366,false,false,6,2022-04-01,2022-09-30,0
2022-10-31,43330,2022-03-31,2,6916000000,0.230,,,,,686000000,0.649,690000000,0.636,474000000,,0.642,39.32,,,,,,,,,,,,,,,,,,,,,12080376,false,false,6,2021-04-01,2021-09-30,-1
2022-10-31,43330,2023-03-31,2,15000000000,0.056,,,,,1370000000,0.032,1378000000,0.030,953000000,,0.011,78.55,,,,,,,,,,,,,,,35.00,,,,,,,false,true,12,2022-04-01,2023-03-31,0
2022-10-31,43330,2022-03-31,2,,,,,,,,,,,,,,,,,,,,12131000000,8122000000,0.670,670.96,8122000000,,,,,30.00,,,,13865992,1759814,,false,false,12,2021-04-01,2022-03-31,-1
2022-10-31,43330,2023-03-31,2,,,,,,,,,,,,,,,,,,,,,,,,,,,,,20.00,,,,,,,false,false,12,2022-04-01,2023-03-31,0
2023-01-31,43330,2023-03-31,3,11377000000,0.081,,,,,1171000000,0.107,1178000000,0.106,810000000,,0.102,66.79,,,,,,12109000000,8471000000,0.700,697.39,8471000000,,,,,,,,,13865992,1718866,12127322,false,false,9,2022-04-01,2022-12-31,0
2023-01-31,43330,2022-03-31,3,10525000000,0.211,,,,,1058000000,0.448,1066000000,0.441,734000000,,0.443,60.79,,,,,,,,,,,,,,,,,,,,,12089155,false,false,9,2021-04-01,2021-12-31,-1
2023-01-31,43330,2023-03-31,3,15300000000,0.077,,,,,1500000000,0.130,1508000000,0.128,1026000000,,0.088,84.57,,,,,,,,,,,,,,,40.00,,,,,,,false,true,12,2022-04-01,2023-03-31,0
2023-01-31,43330,2022-03-31,3,,,,,,,,,,,,,,,,,,,,12131000000,8122000000,0.670,670.96,8122000000,,,,,30.00,,,,13865992,1759814,,false,false,12,2021-04-01,2022-03-31,-1
2023-01-31,43330,2023-03-31,3,,,,,,,,,,,,,,,,,,,,,,,,,,,,,20.00,,,,,,,false,false,12,2022-04-01,2023-03-31,0
2023-01-31,43330,2023-03-31,,15300000000,0.020,,,,,1500000000,0.095,1508000000,0.094,1026000000,,0.077,84.57,,,,,,,,,,,,,,,40.00,,,,,,,false,true,12,2022-04-01,2023-03-31,0
2023-01-31,43330,2022-03-31,,14211000000,,,,,,1327000000,,1337000000,,942000000,,,77.95,,,,,,,,,,,,,,,30.00,,,,,,,false,false,12,2021-04-01,2022-03-31,-1
2023-01-31,43330,2023-03-31,,,,,,,,,,,,,,,,,,,,,,,,,,,,,,20.00,,,,,,,false,false,12,2022-04-01,2023-03-31,0
2023-05-12,43330,2023-03-31,,15446000000,0.087,,,,,1514000000,0.141,1522000000,0.138,1116000000,,0.184,92.04,,0.132,0.122,0.098,,12813000000,8773000000,0.685,722.29,8773000000,1189000000,-68000000,-424000000,9118000000,40.00,0.435,,,13865992,1718866,12132205,false,false,12,2022-04-01,2023-03-31,0
2023-05-12,43330,2022-03-31,,14211000000,0.166,,,,,1327000000,0.233,1337000000,0.232,942000000,,0.259,77.95,,0.120,0.114,0.093,,12131000000,8122000000,0.670,670.96,8122000000,942000000,-39000000,-482000000,8421000000,30.00,0.385,,,13865992,1759814,12093356,false,false,12,2021-04-01,2022-03-31,-1
2023-05-12,43330,2024-03-31,,7888000000,0.048,,,,,703000000,-0.051,707000000,-0.051,481000000,,-0.057,39.57,,,,,,,,,,,,,,,,,,,,,,false,true,6,2023-04-01,2023-09-30,1
2023-05-12,43330,2024-03-31,,16500000000,0.068,,,,,1550000000,0.023,1558000000,0.024,1061000000,,-0.050,87.23,,,,,,,,,,,,,,,40.00,0.459,,,,,,false,true,12,2023-04-01,2024-03-31,1
2023-07-31,43330,2024-03-31,1,3944000000,0.080,,,,,328000000,-0.015,332000000,-0.014,228000000,,-0.015,18.83,,,,,,12959000000,8834000000,0.682,727.25,8834000000,,,,,,,,,13865992,1718866,12147126,false,false,3,2023-04-01,2023-06-30,0
2023-07-31,43330,2023-03-31,1,3653000000,0.082,,,,,333000000,0.064,336000000,0.065,232000000,,0.065,19.19,,,,,,,,,,,,,,,,,,,,,12106178,false,false,3,2022-04-01,2022-06-30,-1
2023-07-31,43330,2024-03-31,1,7888000000,0.048,,,,,703000000,-0.051,707000000,-0.051,481000000,,-0.057,26.38,,,,,,,,,,,,,,,,,,,,,,false,true,6,2023-04-01,2023-09-30,0
2023-07-31,43330,2024-03-31,1,16500000000,0.068,,,,,1550000000,0.023,1558000000,0.024,1061000000,,-0.050,58.16,,,,,,,,,,,,,,,40.00,,,,,,,false,true,12,2023-04-01,2024-03-31,0
2023-07-31,43330,2023-03-31,1,,,,,,,,,,,,,,,,,,,,12813000000,8773000000,0.685,722.29,8773000000,,,,,40.00,,,,13865992,1718866,,false,false,12,2022-04-01,2023-03-31,-1
2023-10-30,43330,2024-03-31,2,7998000000,0.063,,,,,692000000,-0.066,696000000,-0.065,471000000,,-0.075,25.87,,,,,,13074000000,9095000000,0.696,498.27,9095000000,,,,,,,,,20798988,2545258,18230578,false,false,6,2023-04-01,2023-09-30,0
2023-10-30,43330,2023-03-31,2,7527000000,0.088,,,,,740000000,0.079,744000000,0.079,509000000,,0.073,28.05,,,,,,,,,,,,,,,,,,,,,18176049,false,false,6,2022-04-01,2022-09-30,-1
2023-10-30,43330,2024-03-31,2,16500000000,0.068,,,,,1550000000,0.023,1558000000,0.024,1061000000,,-0.050,58.16,,,,,,,,,,,,,,,40.00,,,,,,,false,true,12,2023-04-01,2024-03-31,0
2023-10-30,43330,2023-03-31,2,,,,,,,,,,,,,,,,,,,,12813000000,8773000000,0.685,481.52,8773000000,,,,,40.00,,,,20798988,2578299,,false,false,12,2022-04-01,2023-03-31,-1
2023-10-30,43330,2024-03-31,2,,,,,,,,,,,,,,,,,,,,,,,,,,,,,20.00,,,,,,,false,false,12,2023-04-01,2024-03-31,0
2024-01-31,43330,2024-03-31,3,12025000000,0.057,,,,,1110000000,-0.052,1118000000,-0.051,763000000,,-0.058,41.84,,,,,,12692000000,9035000000,0.712,495.09,9035000000,,,,,,,,,20798988,2547708,18237789,false,false,9,2023-04-01,2023-12-31,0
2024-01-31,43330,2023-03-31,3,11377000000,0.081,,,,,1171000000,0.107,1178000000,0.106,810000000,,0.102,44.53,,,,,,,,,,,,,,,,,,,,,18190983,false,false,9,2022-04-01,2022-12-31,-1
2024-01-31,43330,2024-03-31,3,16500000000,0.068,,,,,1550000000,0.023,1558000000,0.024,1061000000,,-0.050,58.16,,,,,,,,,,,,,,,40.00,,,,,,,false,true,12,2023-04-01,2024-03-31,0
2024-01-31,43330,2023-03-31,3,,,,,,,,,,,,,,,,,,,,12813000000,8773000000,0.685,481.52,8773000000,,,,,40.00,,,,20798988,2578299,,false,false,12,2022-04-01,2023-03-31,-1
2024-01-31,43330,2024-03-31,3,,,,,,,,,,,,,,,,,,,,,,,,,,,,,20.00,,,,,,,false,false,12,2023-04-01,2024-03-31,0
2024-05-13,43330,2024-03-31,,16280000000,0.054,,,,,1574000000,0.039,1583000000,0.040,1082000000,,-0.031,59.32,,0.119,0.120,0.097,,13477000000,9365000000,0.695,513.18,9365000000,1252000000,-17000000,-615000000,9737000000,40.00,0.674,,,20798988,2548608,18240991,false,false,12,2023-04-01,2024-03-31,0
2024-05-13,43330,2023-03-31,,15446000000,0.087,,,,,1514000000,0.141,1522000000,0.138,1116000000,,0.184,61.36,,0.132,0.122,0.098,,12813000000,8773000000,0.685,481.52,8773000000,1189000000,-68000000,-424000000,9118000000,40.00,0.435,,,20798988,2578299,18198308,false,false,12,2022-04-01,2023-03-31,-1
2024-05-13,43330,2025-03-31,,8536000000,0.067,,,,,734000000,0.061,738000000,0.060,513000000,,0.088,28.07,,,,,,,,,,,,,,,,,,,,,,false,true,6,2024-04-01,2024-09-30,1
2024-05-13,43330,2025-03-31,,17800000000,0.093,,,,,1700000000,0.080,1710000000,0.080,1189000000,,0.099,64.95,,,,,,,,,,,,,,,40.00,0.616,,,,,,false,true,12,2024-04-01,2025-03-31,1
2024-07-31,43330,2025-03-31,1,4273000000,0.083,,,,,332000000,0.012,336000000,0.013,231000000,,0.011,12.68,,,,,,13639000000,9253000000,0.678,507.08,9253000000,,,,,,,,,20798988,2549458,18249950,false,false,3,2024-04-01,2024-06-30,0
2024-07-31,43330,2024-03-31,1,3944000000,0.080,,,,,328000000,-0.015,332000000,-0.014,228000000,,-0.015,12.56,,,,,,,,,,,,,,,,,,,,,18220689,false,false,3,2023-04-01,2023-06-30,-1
2024-07-31,43330,2025-03-31,1,8536000000,0.067,,,,,734000000,0.061,738000000,0.060,513000000,,0.088,28.07,,,,,,,,,,,,,,,,,,,,,,false,true,6,2024-04-01,2024-09-30,0
2024-07-31,43330,2025-03-31,1,17800000000,0.093,,,,,1700000000,0.080,1710000000,0.080,1189000000,,0.099,64.96,,,,,,,,,,,,,,,40.00,,,,,,,false,true,12,2024-04-01,2025-03-31,0
2024-07-31,43330,2024-03-31,1,,,,,,,,,,,,,,,,,,,,13477000000,9365000000,0.695,513.18,9365000000,,,,,40.00,,,,20798988,2548608,,false,false,12,2023-04-01,2024-03-31,-1
2024-10-31,43330,2025-03-31,2,8783000000,0.098,,,,,750000000,0.085,757000000,0.087,511000000,,0.085,28.00,,,,,,13875000000,9731000000,0.701,531.05,9731000000,,,,,,,,,20798988,2473260,18273778,false,false,6,2024-04-01,2024-09-30,0
2024-10-31,43330,2024-03-31,2,7998000000,0.063,,,,,692000000,-0.066,696000000,-0.065,471000000,,-0.075,25.87,,,,,,,,,,,,,,,,,,,,,18230578,false,false,6,2023-04-01,2023-09-30,-1
2024-10-31,43330,2025-03-31,2,17800000000,0.093,,,,,1700000000,0.080,1710000000,0.080,1189000000,,0.099,64.96,,,,,,,,,,,,,,,40.00,,,,,,,false,true,12,2024-04-01,2025-03-31,0
2024-10-31,43330,2024-03-31,2,,,,,,,,,,,,,,,,,,,,13477000000,9365000000,0.695,513.18,9365000000,,,,,40.00,,,,20798988,2548608,,false,false,12,2023-04-01,2024-03-31,-1
2024-10-31,43330,2025-03-31,2,,,,,,,,,,,,,,,,,,,,,,,,,,,,,20.00,,,,,,,false,false,12,2024-04-01,2025-03-31,0
2025-01-31,43330,2025-03-31,3,13105000000,0.090,,,,,1173000000,0.057,1185000000,0.059,806000000,,0.057,44.11,,,,,,13523000000,9607000000,0.710,524.28,9607000000,,,,,,,,,20798988,2473510,18291114,false,false,9,2024-04-01,2024-12-31,0
2025-01-31,43330,2024-03-31,3,12025000000,0.057,,,,,1110000000,-0.052,1118000000,-0.051,763000000,,-0.058,41.84,,,,,,,,,,,,,,,,,,,,,18237789,false,false,9,2023-04-01,2023-12-31,-1
2025-01-31,43330,2025-03-31,3,17800000000,0.093,,,,,1700000000,0.080,1710000000,0.080,1189000000,,0.099,64.96,,,,,,,,,,,,,,,40.00,,,,,,,false,true,12,2024-04-01,2025-03-31,0
2025-01-31,43330,2024-03-31,3,,,,,,,,,,,,,,,,,,,,13477000000,9365000000,0.695,513.18,9365000000,,,,,40.00,,,,20798988,2548608,,false,false,12,2023-04-01,2024-03-31,-1
2025-01-31,43330,2025-03-31,3,,,,,,,,,,,,,,,,,,,,,,,,,,,,,20.00,,,,,,,false,false,12,2024-04-01,2025-03-31,0
2025-05-13,43330,2025-03-31,,17342000000,0.065,,,,,1658000000,0.053,1627000000,0.028,1194000000,,0.104,65.35,,0.131,0.123,0.096,,12975000000,8820000000,0.680,509.15,8820000000,1361000000,-23000000,-1918000000,9156000000,45.00,0.689,,,20798988,3474370,18285769,false,false,12,2024-04-01,2025-03-31,0
2025-05-13,43330,2024-03-31,,16280000000,0.054,,,,,1574000000,0.039,1583000000,0.040,1082000000,,-0.031,59.32,,0.119,0.120,0.097,,13477000000,9365000000,0.695,513.18,9365000000,1252000000,-17000000,-615000000,9737000000,40.00,0.674,,,20798988,2548608,18240991,false,false,12,2023-04-01,2024-03-31,-1
2025-05-13,43330,2026-03-31,,9314000000,0.060,,,,,825000000,0.099,830000000,0.096,576000000,,0.126,33.24,,,,,,,,,,,,,,,,,,,,,,false,true,6,2025-04-01,2025-09-30,1
2025-05-13,43330,2026-03-31,,19000000000,0.096,,,,,1710000000,0.031,1720000000,0.057,1195000000,,0.000,68.92,,,,,,,,,,,,,,,45.00,0.653,,,,,,false,true,12,2025-04-01,2026-03-31,1
