filing_date,code,fiscal_year_end,quarterly_period,net_sales,net_sales_change,revenue,revenue_change,operating_revenue,operating_revenue_change,operating_profit,operating_profit_change,ordinary_profit,ordinary_profit_change,net_income,net_income_of_parent,net_income_change,eps,diluted_eps,roe,roa,operating_profit_to_net_sales,operating_profit_to_revenue,total_assets,net_assets,equity_ratio,bps,owner_equity,operating_cash_flow,investing_cash_flow,financing_cash_flow,cash,dividend_per_share,payout_ratio,commemorative_dividend,extra_dividend,number_of_shares,number_of_treqsury_shares,avg_number_of_shares,is_consolidated,is_forecast,duration,period_start,period_end,period_pos
2015-07-31,43450,2016-03-31,1,1437000000,-0.027,,,,,209000000,0.022,198000000,0.001,119000000,,-0.072,11.09,,,,,,6557000000,3165000000,0.483,,3165000000,,,,,,,,,11200000,452800,10747200,false,false,3,2015-04-01,2015-06-30,0
2015-07-31,43450,2015-03-31,1,1478000000,0.158,,,,,204000000,0.173,198000000,0.190,128000000,,0.261,11.95,,,,,,,,,,,,,,,,,,,,,10747200,false,false,3,2014-04-01,2014-06-30,-1
2015-07-31,43450,2016-03-31,1,3100000000,0.043,,,,,480000000,0.001,465000000,0.001,313000000,,0.000,29.20,,,,,,,,,,,,,,,,,,,,,,false,true,6,2015-04-01,2015-09-30,0
2015-07-31,43450,2016-03-31,1,6500000000,0.058,,,,,1040000000,0.056,1000000000,0.057,674000000,,0.101,62.71,,,,,,,,,,,,,,,21.00,,,,,,,false,true,12,2015-04-01,2016-03-31,0
2015-07-31,43450,2015-03-31,1,,,,,,,,,,,,,,,,,,,,6755000000,3162000000,0.468,,3162000000,,,,,20.00,,,,11200000,452800,,false,false,12,2014-04-01,2015-03-31,-1
,43450,2016-03-31,,,,,,,,,,,,,,,,,,,,,,,,,,,,,,22.00,,,,,,,false,true,12,2015-04-01,2016-03-31,0
,43450,2015-03-31,,,,,,,,,,,,,,,,,,,,,,,,,,,,,,20.00,,,,,,,false,false,12,2014-04-01,2015-03-31,-1
2015-10-30,43450,2016-03-31,2,3040000000,0.023,,,,,473000000,-0.013,456000000,-0.018,284000000,,-0.094,26.45,,,,,,6993000000,3297000000,0.472,,3297000000,,,,,,,,,11200000,452800,10747200,false,false,6,2015-04-01,2015-09-30,0
2015-10-30,43450,2015-03-31,2,2970000000,0.112,,,,,480000000,0.227,465000000,0.227,313000000,,0.356,29.20,,,,,,,,,,,,,,,,,,,,,10747200,false,false,6,2014-04-01,2014-09-30,-1
2015-10-30,43450,2016-03-31,2,6500000000,0.058,,,,,1040000000,0.056,1000000000,0.057,674000000,,0.101,62.71,,,,,,,,,,,,,,,22.00,,,,,,,false,true,12,2015-04-01,2016-03-31,0
2015-10-30,43450,2015-03-31,2,,,,,,,,,,,,,,,,,,,,6755000000,3162000000,0.468,,3162000000,,,,,20.00,,,,11200000,452800,,false,false,12,2014-04-01,2015-03-31,-1
2015-10-30,43450,2016-03-31,2,,,,,,,,,,,,,,,,,,,,,,,,,,,,,11.00,,,,,,,false,false,12,2015-04-01,2016-03-31,0
2016-01-29,43450,2016-03-31,3,4755000000,0.039,,,,,790000000,0.001,759000000,-0.005,551000000,,0.118,51.41,,,,,,7288000000,3306000000,0.454,,3306000000,,,,,,,,,11200000,613400,10721156,false,false,9,2015-04-01,2015-12-31,0
2016-01-29,43450,2015-03-31,3,4574000000,0.103,,,,,789000000,0.154,763000000,0.151,492000000,,0.204,45.86,,,,,,,,,,,,,,,,,,,,,10747200,false,false,9,2014-04-01,2014-12-31,-1
2016-01-29,43450,2016-03-31,3,6500000000,0.058,,,,,1040000000,0.056,1000000000,0.057,674000000,,0.101,63.06,,,,,,,,,,,,,,,22.00,,,,,,,false,true,12,2015-04-01,2016-03-31,0
2016-01-29,43450,2015-03-31,3,,,,,,,,,,,,,,,,,,,,6755000000,3162000000,0.468,,3162000000,,,,,20.00,,,,11200000,452800,,false,false,12,2014-04-01,2015-03-31,-1
2016-01-29,43450,2016-03-31,3,,,,,,,,,,,,,,,,,,,,,,,,,,,,,11.00,,,,,,,false,false,12,2015-04-01,2016-03-31,0
2016-04-28,43450,2016-03-31,,6460000000,0.051,,,,,1008000000,0.024,963000000,0.018,707000000,,0.156,66.49,,0.220,0.130,0.156,,8096000000,3273000000,0.404,316.72,3273000000,1142000000,37000000,-121000000,2869000000,22.00,0.331,,,11200000,863800,10641900,false,false,12,2015-04-01,2016-03-31,0
2016-04-28,43450,2015-03-31,,6144000000,0.122,,,,,984000000,0.207,946000000,0.205,612000000,,0.250,56.97,,0.209,0.153,0.160,,6755000000,3162000000,0.468,294.25,3162000000,1146000000,-50000000,-669000000,1811000000,20.00,0.351,,,11200000,452800,10747200,false,false,12,2014-04-01,2015-03-31,-1
2016-04-28,43450,2017-03-31,,3300000000,0.085,,,,,480000000,0.013,460000000,0.007,320000000,,0.126,30.96,,,,,,,,,,,,,,,,,,,,,,false,true,6,2016-04-01,2016-09-30,1
2016-04-28,43450,2017-03-31,,7000000000,0.084,,,,,1050000000,0.042,1000000000,0.038,700000000,,-0.011,67.72,,,,,,,,,,,,,,,22.00,0.325,,,,,,false,true,12,2016-04-01,2017-03-31,1
2016-07-29,43450,2017-03-31,1,1644000000,0.144,,,,,188000000,-0.100,176000000,-0.114,147000000,,0.235,14.56,,,,,,7468000000,3041000000,0.407,,3041000000,,,,,,,,,11200000,1213800,10102867,false,false,3,2016-04-01,2016-06-30,0
2016-07-29,43450,2016-03-31,1,1437000000,-0.027,,,,,209000000,0.022,198000000,0.001,119000000,,-0.072,11.09,,,,,,,,,,,,,,,,,,,,,10747200,false,false,3,2015-04-01,2015-06-30,-1
2016-07-29,43450,2017-03-31,1,3300000000,0.085,,,,,480000000,0.013,460000000,0.007,320000000,,0.126,30.96,,,,,,,,,,,,,,,,,,,,,,false,true,6,2016-04-01,2016-09-30,0
2016-07-29,43450,2017-03-31,1,7000000000,0.084,,,,,1050000000,0.042,1000000000,0.038,700000000,,-0.011,67.72,,,,,,,,,,,,,,,22.00,,,,,,,false,true,12,2016-04-01,2017-03-31,0
2016-07-29,43450,2016-03-31,1,,,,,,,,,,,,,,,,,,,,8096000000,3273000000,0.404,,3273000000,,,,,22.00,,,,11200000,863800,,false,false,12,2015-04-01,2016-03-31,-1
2016-10-31,43450,2017-03-31,2,3477000000,0.144,,,,,502000000,0.060,476000000,0.044,354000000,,0.248,35.33,,,,,,8021000000,3261000000,0.407,,3261000000,,,,,,,,,11200000,1213800,10044533,false,false,6,2016-04-01,2016-09-30,0
2016-10-31,43450,2016-03-31,2,3040000000,0.023,,,,,473000000,-0.013,456000000,-0.018,284000000,,-0.094,26.45,,,,,,,,,,,,,,,,,,,,,10747200,false,false,6,2015-04-01,2015-09-30,-1
2016-10-31,43450,2017-03-31,2,7000000000,0.084,,,,,1050000000,0.042,1000000000,0.038,700000000,,-0.011,67.72,,,,,,,,,,,,,,,22.00,,,,,,,false,true,12,2016-04-01,2017-03-31,0
2016-10-31,43450,2016-03-31,2,,,,,,,,,,,,,,,,,,,,8096000000,3273000000,0.404,,3273000000,,,,,22.00,,,,11200000,863800,,false,false,12,2015-04-01,2016-03-31,-1
2016-10-31,43450,2017-03-31,2,,,,,,,,,,,,,,,,,,,,,,,,,,,,,10.00,,,,,,,false,false,12,2016-04-01,2017-03-31,0
2017-01-31,43450,2017-03-31,3,5416000000,0.139,,,,,877000000,0.111,839000000,0.105,600000000,,0.090,59.93,,,,,,8538000000,3426000000,0.401,,3426000000,,,,,,,,,11200000,1213800,10025089,false,false,9,2016-04-01,2016-12-31,0
2017-01-31,43450,2016-03-31,3,4755000000,0.039,,,,,790000000,0.001,759000000,-0.005,551000000,,0.118,51.41,,,,,,,,,,,,,,,,,,,,,10721156,false,false,9,2015-04-01,2015-12-31,-1
2017-01-31,43450,2017-03-31,3,7000000000,0.084,,,,,1050000000,0.042,1000000000,0.038,700000000,,-0.011,31.25,,,,,,,,,,,,,,,6.00,,,,,,,false,true,12,2016-04-01,2017-03-31,0
2017-01-31,43450,2016-03-31,3,,,,,,,,,,,,,,,,,,,,8096000000,3273000000,0.404,,3273000000,,,,,22.00,,,,11200000,863800,,false,false,12,2015-04-01,2016-03-31,-1
2017-01-31,43450,2017-03-31,3,,,,,,,,,,,,,,,,,,,,,,,,,,,,,10.00,,,,,,,false,false,12,2016-04-01,2017-03-31,0
2017-04-28,43450,2017-03-31,,7284000000,0.128,,,,,1178000000,0.169,1130000000,0.173,799000000,,0.130,39.93,,0.232,0.135,0.162,,8662000000,3620000000,0.418,181.27,3620000000,1601000000,-423000000,-1124000000,2922000000,7.00,0.301,,,22400000,2427600,20030733,false,false,12,2016-04-01,2017-03-31,0
2017-04-28,43450,2016-03-31,,6460000000,0.051,,,,,1008000000,0.024,963000000,0.018,707000000,,0.156,33.24,,0.220,0.130,0.156,,8096000000,3273000000,0.404,158.36,3273000000,1142000000,37000000,-121000000,2869000000,22.00,0.331,,,22400000,1727600,21283800,false,false,12,2015-04-01,2016-03-31,-1
2017-04-28,43450,2018-03-31,,3850000000,,,,,,540000000,,515000000,,360000000,,,18.02,,,,,,,,,,,,,,,,,,,,,,false,true,6,2017-04-01,2017-09-30,1
2017-04-28,43450,2018-03-31,,8200000000,,,,,,1330000000,,1280000000,,896000000,,,44.86,,,,,,,,,,,,,,,14.00,0.312,,,,,,false,true,12,2017-04-01,2018-03-31,1
,43450,2018-03-31,,,,,,,,,,,,,,,,,,,,,,,,,,,,,,7.00,,,,,,,false,true,12,2017-04-01,2018-03-31,0
,43450,2017-03-31,,,,,,,,,,,,,,,,,,,,,,,,,,,,,,17.00,,,,,,,false,false,12,2016-04-01,2017-03-31,-1
2017-08-10,43450,2018-03-31,1,2025000000,,,,,,332000000,,322000000,,,220000000,,5.53,,,,,,8329000000,3716000000,0.446,,3716000000,,,,,,,,,,,,true,false,3,2017-04-01,2017-06-30,0
2017-08-10,43450,2018-03-31,1,3850000000,,,,,,540000000,,515000000,,,360000000,,9.01,,,,,,,,,,,,,,,,,,,,,,true,true,6,2017-04-01,2017-09-30,0
2017-08-10,43450,2018-03-31,1,8200000000,,,,,,1330000000,,1280000000,,,896000000,,22.43,,,,,,,,,,,,,,,,,,,,,,true,true,12,2017-04-01,2018-03-31,0
2017-08-10,43450,2017-03-31,1,,,,,,,,,,,,,,,,,,,,,,,,,,,,,7.00,,,,44800000,4855200,,false,false,12,2016-04-01,2017-03-31,-1
2017-08-10,43450,2018-03-31,1,,,,,,,,,,,,,,,,,,,,,,,,,,,,,7.00,,,,,,,false,true,12,2017-04-01,2018-03-31,0
2017-08-10,43450,2018-03-31,1,,,,,,,,,,,,,,,,,,,,,,,,,,,,,,,,,44800000,4855200,39944800,false,false,3,2017-04-01,2017-06-30,0
2017-08-10,43450,2017-03-31,1,,,,,,,,,,,,,,,,,,,,,,,,,,,,,,,,,,,40411468,false,false,3,2016-04-01,2016-06-30,-1
2017-11-01,43450,2018-03-31,,4084000000,0.061,,,,,690000000,0.279,673000000,0.307,,463000000,,11.60,,,,,,,,,,,,,,,,,,,,,,true,true,6,2017-04-01,2017-09-30,0
2017-11-01,43450,2017-03-31,,3477000000,,,,,,502000000,,476000000,,,354000000,,8.83,,,,,,,,,,,,,,,,,,,,,,true,false,6,2016-04-01,2016-09-30,-1
2017-11-01,43450,2018-03-31,,8500000000,0.037,,,,,1480000000,0.113,1440000000,0.125,,1000000000,,25.03,,,,,,,,,,,,,,,,,,,,,,true,true,12,2017-04-01,2018-03-31,0
2017-11-01,43450,2017-03-31,,7284000000,,,,,,1178000000,,1130000000,,,799000000,,19.97,,,,,,,,,,,,,,,,,,,,,,true,false,12,2016-04-01,2017-03-31,-1
2017-11-01,43450,2018-03-31,,,,,,,,,,,,,,,,,,,,,,,,,,,,,,9.00,,,,,,,false,true,12,2017-04-01,2018-03-31,0
2017-11-01,43450,2017-03-31,,,,,,,,,,,,,,,,,,,,,,,,,,,,,,7.00,,,,,,,false,false,12,2016-04-01,2017-03-31,-1
2017-11-07,43450,2018-03-31,2,4084000000,,,,,,690000000,,673000000,,,463000000,,11.60,,,,,,9105000000,3948000000,0.434,,3948000000,,,,,,,,,,,,true,false,6,2017-04-01,2017-09-30,0
2017-11-07,43450,2018-03-31,2,8500000000,,,,,,1480000000,,1440000000,,,1000000000,,25.03,,,,,,,,,,,,,,,,,,,,,,true,true,12,2017-04-01,2018-03-31,0
2017-11-07,43450,2017-03-31,2,,,,,,,,,,,,,,,,,,,,,,,,,,,,,7.00,,,,44800000,4855200,,false,false,12,2016-04-01,2017-03-31,-1
2017-11-07,43450,2018-03-31,2,,,,,,,,,,,,,,,,,,,,,,,,,,,,,4.00,,,,,,,false,false,12,2017-04-01,2018-03-31,0
2017-11-07,43450,2018-03-31,2,,,,,,,,,,,,,,,,,,,,,,,,,,,,,9.00,,,,,,,false,true,12,2017-04-01,2018-03-31,0
2017-11-07,43450,2018-03-31,2,,,,,,,,,,,,,,,,,,,,,,,,,,,,,,,,,44800000,4855200,39944800,false,false,6,2017-04-01,2017-09-30,0
2017-11-07,43450,2017-03-31,2,,,,,,,,,,,,,,,,,,,,,,,,,,,,,,,,,,,40178133,false,false,6,2016-04-01,2016-09-30,-1
2018-02-07,43450,2018-03-31,3,6287000000,,,,,,1142000000,,1110000000,,,780000000,,19.37,,,,,,11209000000,6389000000,0.570,,6389000000,,,,,,,,,,,,true,false,9,2017-04-01,2017-12-31,0
2018-02-07,43450,2018-03-31,3,8500000000,,,,,,1480000000,,1440000000,,,1000000000,,24.36,,,,,,,,,,,,,,,,,,,,,,true,true,12,2017-04-01,2018-03-31,0
2018-02-07,43450,2017-03-31,3,,,,,,,,,,,,,,,,,,,,,,,,,,,,,7.00,,,,44800000,4855200,,false,false,12,2016-04-01,2017-03-31,-1
2018-02-07,43450,2018-03-31,3,,,,,,,,,,,,,,,,,,,,,,,,,,,,,4.00,,,,,,,false,false,12,2017-04-01,2018-03-31,0
2018-02-07,43450,2018-03-31,3,,,,,,,,,,,,,,,,,,,,,,,,,,,,,9.00,,,,,,,false,true,12,2017-04-01,2018-03-31,0
2018-02-07,43450,2018-03-31,3,,,,,,,,,,,,,,,,,,,,,,,,,,,,,,,,,44800000,1855200,40278133,false,false,9,2017-04-01,2017-12-31,0
2018-02-07,43450,2017-03-31,3,,,,,,,,,,,,,,,,,,,,,,,,,,,,,,,,,,,40100356,false,false,9,2016-04-01,2016-12-31,-1
2018-04-27,43450,2018-03-31,,8578000000,,,,,,1508000000,,1465000000,,,1026000000,,25.01,,0.148,0.119,0.176,,12294000000,6960000000,0.566,160.40,6960000000,1862000000,-221000000,1612000000,6390000000,,0.360,,,,,,true,false,12,2017-04-01,2018-03-31,0
2018-04-27,43450,2019-03-31,,4500000000,0.102,,,,,760000000,0.101,740000000,0.099,,520000000,,11.98,,,,,,,,,,,,,,,,,,,,,,true,true,6,2018-04-01,2018-09-30,1
2018-04-27,43450,2019-03-31,,9500000000,0.107,,,,,1720000000,0.140,1680000000,0.147,,1180000000,,27.19,,,,,,,,,,,,,,,,0.405,,,,,,true,true,12,2018-04-01,2019-03-31,1
2018-04-27,43450,2017-03-31,,,,,,,,,,,,,,,,,,,,,,,,,,,,,,7.00,,,,44800000,4855200,40061466,false,false,12,2016-04-01,2017-03-31,-1
2018-04-27,43450,2018-03-31,,,,,,,,,,,,,,,,,,,,,,,,,,,,,,9.00,,,,43400000,5237,41057291,false,false,12,2017-04-01,2018-03-31,0
2018-04-27,43450,2019-03-31,,,,,,,,,,,,,,,,,,,,,,,,,,,,,,11.00,,,,,,,false,true,12,2018-04-01,2019-03-31,1
2018-07-31,43450,2019-03-31,1,1967000000,-0.029,,,,,310000000,-0.069,301000000,-0.065,,203000000,,4.70,,,,,,11657000000,6941000000,0.595,,6941000000,,,,,,,,,,,,true,false,3,2018-04-01,2018-06-30,0
2018-07-31,43450,2018-03-31,1,2025000000,,,,,,332000000,,322000000,,,220000000,,5.53,,,,,,,,,,,,,,,,,,,,,,true,false,3,2017-04-01,2017-06-30,-1
2018-07-31,43450,2019-03-31,1,4500000000,0.102,,,,,760000000,0.101,740000000,0.099,,520000000,,11.98,,,,,,,,,,,,,,,,,,,,,,true,true,6,2018-04-01,2018-09-30,0
2018-07-31,43450,2019-03-31,1,9500000000,0.107,,,,,1720000000,0.140,1680000000,0.147,,1180000000,,27.19,,,,,,,,,,,,,,,,,,,,,,true,true,12,2018-04-01,2019-03-31,0
2018-07-31,43450,2018-03-31,1,,,,,,,,,,,,,,,,,,,,12294000000,6960000000,0.566,,6960000000,,,,,,,,,,,,true,false,12,2017-04-01,2018-03-31,-1
2018-07-31,43450,2018-03-31,1,,,,,,,,,,,,,,,,,,,,,,,,,,,,,9.00,,,,43400000,5237,,false,false,12,2017-04-01,2018-03-31,-1
2018-07-31,43450,2019-03-31,1,,,,,,,,,,,,,,,,,,,,,,,,,,,,,11.00,,,,,,,false,true,12,2018-04-01,2019-03-31,0
2018-07-31,43450,2019-03-31,1,,,,,,,,,,,,,,,,,,,,,,,,,,,,,,,,,43400000,5237,43394763,false,false,3,2018-04-01,2018-06-30,0
2018-07-31,43450,2018-03-31,1,,,,,,,,,,,,,,,,,,,,,,,,,,,,,,,,,,,39944800,false,false,3,2017-04-01,2017-06-30,-1
2018-10-31,43450,2019-03-31,2,4288000000,0.050,,,,,745000000,0.079,726000000,0.080,,494000000,,11.39,,,,,,12204000000,7236000000,0.593,,7236000000,,,,,,,,,,,,true,false,6,2018-04-01,2018-09-30,0
2018-10-31,43450,2018-03-31,2,4084000000,,,,,,690000000,,673000000,,,463000000,,11.60,,,,,,,,,,,,,,,,,,,,,,true,false,6,2017-04-01,2017-09-30,-1
2018-10-31,43450,2019-03-31,2,9500000000,0.107,,,,,1720000000,0.140,1680000000,0.147,,1180000000,,27.19,,,,,,,,,,,,,,,,,,,,,,true,true,12,2018-04-01,2019-03-31,0
2018-10-31,43450,2018-03-31,2,,,,,,,,,,,,,,,,,,,,12279000000,6960000000,0.567,,6960000000,,,,,,,,,,,,true,false,12,2017-04-01,2018-03-31,-1
2018-10-31,43450,2018-03-31,2,,,,,,,,,,,,,,,,,,,,,,,,,,,,,9.00,,,,43400000,5237,,false,false,12,2017-04-01,2018-03-31,-1
2018-10-31,43450,2019-03-31,2,,,,,,,,,,,,,,,,,,,,,,,,,,,,,5.00,,,,,,,false,false,12,2018-04-01,2019-03-31,0
2018-10-31,43450,2019-03-31,2,,,,,,,,,,,,,,,,,,,,,,,,,,,,,11.00,,,,,,,false,true,12,2018-04-01,2019-03-31,0
2018-10-31,43450,2019-03-31,2,,,,,,,,,,,,,,,,,,,,,,,,,,,,,,,,,43400000,5237,43394763,false,false,6,2018-04-01,2018-09-30,0
2018-10-31,43450,2018-03-31,2,,,,,,,,,,,,,,,,,,,,,,,,,,,,,,,,,,,39944800,false,false,6,2017-04-01,2017-09-30,-1
2019-01-31,43450,2019-03-31,3,6525000000,0.038,,,,,1207000000,0.057,1183000000,0.066,,806000000,,18.59,,,,,,12417000000,7283000000,0.587,,7283000000,,,,,,,,,,,,true,false,9,2018-04-01,2018-12-31,0
2019-01-31,43450,2018-03-31,3,6287000000,,,,,,1142000000,,1110000000,,,780000000,,19.37,,,,,,,,,,,,,,,,,,,,,,true,false,9,2017-04-01,2017-12-31,-1
2019-01-31,43450,2019-03-31,3,9500000000,0.107,,,,,1720000000,0.140,1680000000,0.147,,1180000000,,27.20,,,,,,,,,,,,,,,,,,,,,,true,true,12,2018-04-01,2019-03-31,0
2019-01-31,43450,2018-03-31,3,,,,,,,,,,,,,,,,,,,,12279000000,6960000000,0.567,,6960000000,,,,,,,,,,,,true,false,12,2017-04-01,2018-03-31,-1
2019-01-31,43450,2018-03-31,3,,,,,,,,,,,,,,,,,,,,,,,,,,,,,9.00,,,,43400000,5237,,false,false,12,2017-04-01,2018-03-31,-1
2019-01-31,43450,2019-03-31,3,,,,,,,,,,,,,,,,,,,,,,,,,,,,,5.00,,,,,,,false,false,12,2018-04-01,2019-03-31,0
2019-01-31,43450,2019-03-31,3,,,,,,,,,,,,,,,,,,,,,,,,,,,,,11.00,,,,,,,false,true,12,2018-04-01,2019-03-31,0
2019-01-31,43450,2019-03-31,3,,,,,,,,,,,,,,,,,,,,,,,,,,,,,,,,,43400000,54845,43389094,false,false,9,2018-04-01,2018-12-31,0
2019-01-31,43450,2018-03-31,3,,,,,,,,,,,,,,,,,,,,,,,,,,,,,,,,,,,40278133,false,false,9,2017-04-01,2017-12-31,-1
2019-04-26,43450,2019-03-31,,8613000000,0.004,,,,,1590000000,0.055,1559000000,0.064,,1066000000,,24.63,,0.151,0.128,0.185,,12057000000,7120000000,0.591,166.84,7120000000,1724000000,-224000000,-1647000000,6243000000,,0.447,,,,,,true,false,12,2018-04-01,2019-03-31,0
2019-04-26,43450,2018-03-31,,8578000000,,,,,,1508000000,,1465000000,,,1026000000,,25.01,,0.148,0.119,0.176,,12279000000,6960000000,0.567,160.40,6960000000,1862000000,-221000000,1612000000,6390000000,,0.360,,,,,,true,false,12,2017-04-01,2018-03-31,-1
2019-04-26,43450,2020-03-31,,4530000000,0.056,,,,,790000000,0.060,767000000,0.056,,540000000,,12.65,,,,,,,,,,,,,,,,,,,,,,true,true,6,2019-04-01,2019-09-30,1
2019-04-26,43450,2020-03-31,,9500000000,0.103,,,,,1740000000,0.094,1700000000,0.090,,1200000000,,28.12,,,,,,,,,,,,,,,,0.427,,,,,,true,true,12,2019-04-01,2020-03-31,1
2019-04-26,43450,2018-03-31,,,,,,,,,,,,,,,,,,,,,,,,,,,,,,9.00,,,,43400000,5237,41057291,false,false,12,2017-04-01,2018-03-31,-1
2019-04-26,43450,2019-03-31,,,,,,,,,,,,,,,,,,,,,,,,,,,,,,11.00,,,,43400000,720845,43298101,false,false,12,2018-04-01,2019-03-31,0
2019-04-26,43450,2020-03-31,,,,,,,,,,,,,,,,,,,,,,,,,,,,,,12.00,,,,,,,false,true,12,2019-04-01,2020-03-31,1
2019-07-31,43450,2020-03-31,1,2139000000,0.088,,,,,368000000,0.188,362000000,0.204,,245000000,,5.75,,,,,,11299000000,7112000000,0.629,,7112000000,,,,,,,,,,,,true,false,3,2019-04-01,2019-06-30,0
2019-07-31,43450,2019-03-31,1,1967000000,-0.029,,,,,310000000,-0.069,301000000,-0.065,,203000000,,4.70,,,,,,,,,,,,,,,,,,,,,,true,false,3,2018-04-01,2018-06-30,-1
2019-07-31,43450,2020-03-31,1,4530000000,0.056,,,,,790000000,0.060,767000000,0.056,,540000000,,12.65,,,,,,,,,,,,,,,,,,,,,,true,true,6,2019-04-01,2019-09-30,0
2019-07-31,43450,2020-03-31,1,9500000000,0.103,,,,,1740000000,0.094,1700000000,0.090,,1200000000,,28.12,,,,,,,,,,,,,,,,,,,,,,true,true,12,2019-04-01,2020-03-31,0
2019-07-31,43450,2019-03-31,1,,,,,,,,,,,,,,,,,,,,12057000000,7120000000,0.591,,7120000000,,,,,,,,,,,,true,false,12,2018-04-01,2019-03-31,-1
2019-07-31,43450,2019-03-31,1,,,,,,,,,,,,,,,,,,,,,,,,,,,,,11.00,,,,43400000,720845,,false,false,12,2018-04-01,2019-03-31,-1
2019-07-31,43450,2020-03-31,1,,,,,,,,,,,,,,,,,,,,,,,,,,,,,12.00,,,,,,,false,true,12,2019-04-01,2020-03-31,0
2019-07-31,43450,2020-03-31,1,,,,,,,,,,,,,,,,,,,,,,,,,,,,,,,,,43400000,720845,42679155,false,false,3,2019-04-01,2019-06-30,0
2019-07-31,43450,2019-03-31,1,,,,,,,,,,,,,,,,,,,,,,,,,,,,,,,,,,,43394763,false,false,3,2018-04-01,2018-06-30,-1
2019-10-31,43450,2020-03-31,2,4478000000,0.044,,,,,815000000,0.094,802000000,0.104,,551000000,,12.92,,,,,,12117000000,7410000000,0.612,,7410000000,,,,,,,,,,,,true,false,6,2019-04-01,2019-09-30,0
2019-10-31,43450,2019-03-31,2,4288000000,0.050,,,,,745000000,0.079,726000000,0.080,,494000000,,11.39,,,,,,,,,,,,,,,,,,,,,,true,false,6,2018-04-01,2018-09-30,-1
2019-10-31,43450,2020-03-31,2,9500000000,0.103,,,,,1740000000,0.094,1700000000,0.090,,1200000000,,28.12,,,,,,,,,,,,,,,,,,,,,,true,true,12,2019-04-01,2020-03-31,0
2019-10-31,43450,2019-03-31,2,,,,,,,,,,,,,,,,,,,,12057000000,7120000000,0.591,,7120000000,,,,,,,,,,,,true,false,12,2018-04-01,2019-03-31,-1
2019-10-31,43450,2019-03-31,2,,,,,,,,,,,,,,,,,,,,,,,,,,,,,11.00,,,,43400000,720845,,false,false,12,2018-04-01,2019-03-31,-1
2019-10-31,43450,2020-03-31,2,,,,,,,,,,,,,,,,,,,,,,,,,,,,,6.00,,,,,,,false,false,12,2019-04-01,2020-03-31,0
2019-10-31,43450,2020-03-31,2,,,,,,,,,,,,,,,,,,,,,,,,,,,,,12.00,,,,,,,false,true,12,2019-04-01,2020-03-31,0
2019-10-31,43450,2020-03-31,2,,,,,,,,,,,,,,,,,,,,,,,,,,,,,,,,,43400000,720845,42679155,false,false,6,2019-04-01,2019-09-30,0
2019-10-31,43450,2019-03-31,2,,,,,,,,,,,,,,,,,,,,,,,,,,,,,,,,,,,43394763,false,false,6,2018-04-01,2018-09-30,-1
2020-01-31,43450,2020-03-31,3,6859000000,0.051,,,,,1382000000,0.145,1362000000,0.151,,934000000,,21.89,,,,,,12782000000,7545000000,0.590,,7545000000,,,,,,,,,,,,true,false,9,2019-04-01,2019-12-31,0
2020-01-31,43450,2019-03-31,3,6525000000,0.038,,,,,1207000000,0.057,1183000000,0.066,,806000000,,18.59,,,,,,,,,,,,,,,,,,,,,,true,false,9,2018-04-01,2018-12-31,-1
2020-01-31,43450,2020-03-31,3,9500000000,0.103,,,,,1740000000,0.094,1700000000,0.090,,1200000000,,28.12,,,,,,,,,,,,,,,,,,,,,,true,true,12,2019-04-01,2020-03-31,0
2020-01-31,43450,2019-03-31,3,,,,,,,,,,,,,,,,,,,,12057000000,7120000000,0.591,,7120000000,,,,,,,,,,,,true,false,12,2018-04-01,2019-03-31,-1
2020-01-31,43450,2019-03-31,3,,,,,,,,,,,,,,,,,,,,,,,,,,,,,11.00,,,,43400000,720845,,false,false,12,2018-04-01,2019-03-31,-1
2020-01-31,43450,2020-03-31,3,,,,,,,,,,,,,,,,,,,,,,,,,,,,,6.00,,,,,,,false,false,12,2019-04-01,2020-03-31,0
2020-01-31,43450,2020-03-31,3,,,,,,,,,,,,,,,,,,,,,,,,,,,,,12.00,,,,,,,false,true,12,2019-04-01,2020-03-31,0
2020-01-31,43450,2020-03-31,3,,,,,,,,,,,,,,,,,,,,,,,,,,,,,,,,,43400000,720845,42679155,false,false,9,2019-04-01,2019-12-31,0
2020-01-31,43450,2019-03-31,3,,,,,,,,,,,,,,,,,,,,,,,,,,,,,,,,,,,43389094,false,false,9,2018-04-01,2018-12-31,-1
2020-04-30,43450,2020-03-31,,9172000000,0.065,,,,,1852000000,0.165,1818000000,0.166,,1248000000,,29.24,,0.167,0.153,0.202,,11720000000,7842000000,0.669,183.75,7842000000,1973000000,-420000000,-2259000000,5536000000,,0.417,,,,,,true,false,12,2019-04-01,2020-03-31,0
2020-04-30,43450,2019-03-31,,8613000000,0.004,,,,,1590000000,0.055,1559000000,0.064,,1066000000,,24.63,,0.151,0.128,0.185,,12057000000,7120000000,0.591,166.84,7120000000,1724000000,-224000000,-1647000000,6243000000,,0.447,,,,,,true,false,12,2018-04-01,2019-03-31,-1
2020-04-30,43450,2021-03-31,,4500000000,0.005,,,,,820000000,0.005,760000000,-0.053,,530000000,,12.42,,,,,,,,,,,,,,,,,,,,,,true,true,6,2020-04-01,2020-09-30,1
2020-04-30,43450,2021-03-31,,9600000000,0.047,,,,,1920000000,0.036,1790000000,-0.016,,1230000000,,28.82,,,,,,,,,,,,,,,,0.441,,,,,,true,true,12,2020-04-01,2021-03-31,1
2020-04-30,43450,2019-03-31,,,,,,,,,,,,,,,,,,,,,,,,,,,,,,11.00,,,,43400000,720845,43298101,false,false,12,2018-04-01,2019-03-31,-1
2020-04-30,43450,2020-03-31,,,,,,,,,,,,,,,,,,,,,,,,,,,,,,12.20,,,,43400000,720845,42679155,false,false,12,2019-04-01,2020-03-31,0
2020-04-30,43450,2021-03-31,,,,,,,,,,,,,,,,,,,,,,,,,,,,,,12.70,,,,,,,false,true,12,2020-04-01,2021-03-31,1
2020-07-31,43450,2021-03-31,1,2260000000,0.056,,,,,438000000,0.189,413000000,0.139,,275000000,,6.47,,,,,,11629000000,7858000000,0.676,,7858000000,,,,,,,,,,,,true,false,3,2020-04-01,2020-06-30,0
2020-07-31,43450,2020-03-31,1,2139000000,0.088,,,,,368000000,0.188,362000000,0.204,,245000000,,5.75,,,,,,,,,,,,,,,,,,,,,,true,false,3,2019-04-01,2019-06-30,-1
2020-07-31,43450,2021-03-31,1,4500000000,0.005,,,,,820000000,0.005,760000000,-0.053,,530000000,,12.42,,,,,,,,,,,,,,,,,,,,,,true,true,6,2020-04-01,2020-09-30,0
2020-07-31,43450,2021-03-31,1,9600000000,0.047,,,,,1920000000,0.036,1790000000,-0.016,,1230000000,,28.82,,,,,,,,,,,,,,,,,,,,,,true,true,12,2020-04-01,2021-03-31,0
2020-07-31,43450,2020-03-31,1,,,,,,,,,,,,,,,,,,,,11720000000,7842000000,0.669,,7842000000,,,,,,,,,,,,true,false,12,2019-04-01,2020-03-31,-1
2020-07-31,43450,2020-03-31,1,,,,,,,,,,,,,,,,,,,,,,,,,,,,,12.20,,,,43400000,720845,,false,false,12,2019-04-01,2020-03-31,-1
2020-07-31,43450,2021-03-31,1,,,,,,,,,,,,,,,,,,,,,,,,,,,,,12.70,,,,,,,false,true,12,2020-04-01,2021-03-31,0
2020-07-31,43450,2021-03-31,1,,,,,,,,,,,,,,,,,,,,,,,,,,,,,,,,,43400000,720845,42679155,false,false,3,2020-04-01,2020-06-30,0
2020-07-31,43450,2020-03-31,1,,,,,,,,,,,,,,,,,,,,,,,,,,,,,,,,,,,42679155,false,false,3,2019-04-01,2019-06-30,-1
2020-10-30,43450,2021-03-31,2,4861000000,0.086,,,,,1007000000,0.235,961000000,0.198,,647000000,,15.17,,,,,,12600000000,8232000000,0.653,,8232000000,,,,,,,,,,,,true,false,6,2020-04-01,2020-09-30,0
2020-10-30,43450,2020-03-31,2,4478000000,0.044,,,,,815000000,0.094,802000000,0.104,,551000000,,12.92,,,,,,,,,,,,,,,,,,,,,,true,false,6,2019-04-01,2019-09-30,-1
2020-10-30,43450,2021-03-31,2,9600000000,0.047,,,,,1920000000,0.036,1790000000,-0.016,,1230000000,,28.82,,,,,,,,,,,,,,,,,,,,,,true,true,12,2020-04-01,2021-03-31,0
2020-10-30,43450,2020-03-31,2,,,,,,,,,,,,,,,,,,,,11720000000,7842000000,0.669,,7842000000,,,,,,,,,,,,true,false,12,2019-04-01,2020-03-31,-1
2020-10-30,43450,2020-03-31,2,,,,,,,,,,,,,,,,,,,,,,,,,,,,,12.20,,,,43400000,720845,,false,false,12,2019-04-01,2020-03-31,-1
2020-10-30,43450,2021-03-31,2,,,,,,,,,,,,,,,,,,,,,,,,,,,,,6.00,,,,,,,false,false,12,2020-04-01,2021-03-31,0
2020-10-30,43450,2021-03-31,2,,,,,,,,,,,,,,,,,,,,,,,,,,,,,12.70,,,,,,,false,true,12,2020-04-01,2021-03-31,0
2020-10-30,43450,2021-03-31,2,,,,,,,,,,,,,,,,,,,,,,,,,,,,,,,,,43400000,720845,42679155,false,false,6,2020-04-01,2020-09-30,0
2020-10-30,43450,2020-03-31,2,,,,,,,,,,,,,,,,,,,,,,,,,,,,,,,,,,,42679155,false,false,6,2019-04-01,2019-09-30,-1
2021-01-29,43450,2021-03-31,3,7519000000,0.096,,,,,1694000000,0.226,1622000000,0.191,,1096000000,,25.68,,,,,,13201000000,8436000000,0.639,,8436000000,,,,,,,,,,,,true,false,9,2020-04-01,2020-12-31,0
2021-01-29,43450,2020-03-31,3,6859000000,0.051,,,,,1382000000,0.145,1362000000,0.151,,934000000,,21.89,,,,,,,,,,,,,,,,,,,,,,true,false,9,2019-04-01,2019-12-31,-1
2021-01-29,43450,2021-03-31,3,9600000000,0.047,,,,,1920000000,0.036,1790000000,-0.016,,1230000000,,28.82,,,,,,,,,,,,,,,,,,,,,,true,true,12,2020-04-01,2021-03-31,0
2021-01-29,43450,2020-03-31,3,,,,,,,,,,,,,,,,,,,,11720000000,7842000000,0.669,,7842000000,,,,,,,,,,,,true,false,12,2019-04-01,2020-03-31,-1
2021-01-29,43450,2020-03-31,3,,,,,,,,,,,,,,,,,,,,,,,,,,,,,12.20,,,,43400000,720845,,false,false,12,2019-04-01,2020-03-31,-1
2021-01-29,43450,2021-03-31,3,,,,,,,,,,,,,,,,,,,,,,,,,,,,,6.00,,,,,,,false,false,12,2020-04-01,2021-03-31,0
2021-01-29,43450,2021-03-31,3,,,,,,,,,,,,,,,,,,,,,,,,,,,,,13.70,,,,,,,false,true,12,2020-04-01,2021-03-31,0
2021-01-29,43450,2021-03-31,3,,,,,,,,,,,,,,,,,,,,,,,,,,,,,,,,,43400000,720845,42679155,false,false,9,2020-04-01,2020-12-31,0
2021-01-29,43450,2020-03-31,3,,,,,,,,,,,,,,,,,,,,,,,,,,,,,,,,,,,42679155,false,false,9,2019-04-01,2019-12-31,-1
,43450,2021-03-31,,,,,,,,,,,,,,,,,,,,,,,,,,,,,,13.70,,,,,,,false,true,12,2020-04-01,2021-03-31,0
,43450,2021-03-31,,,,,,,,,,,,,,,,,,,,,,,,,,,,,,6.00,,,,,,,false,false,12,2020-04-01,2021-03-31,0
,43450,2020-03-31,,,,,,,,,,,,,,,,,,,,,,,,,,,,,,12.20,,,,,,,false,false,12,2019-04-01,2020-03-31,-1
2021-04-30,43450,2021-03-31,,9968000000,0.087,,,,,2228000000,0.203,2127000000,0.170,,1456000000,,34.14,,0.175,0.171,0.224,,13115000000,8789000000,0.670,205.94,8789000000,2328000000,-377000000,-1271000000,6216000000,,0.410,,,,,,true,false,12,2020-04-01,2021-03-31,0
2021-04-30,43450,2020-03-31,,9172000000,0.065,,,,,1852000000,0.165,1818000000,0.166,,1248000000,,29.24,,0.167,0.153,0.202,,11720000000,7842000000,0.669,183.75,7842000000,1973000000,-420000000,-2259000000,5536000000,,0.417,,,,,,true,false,12,2019-04-01,2020-03-31,-1
2021-04-30,43450,2022-03-31,,5000000000,0.028,,,,,1050000000,0.042,1000000000,0.040,,700000000,,16.40,,,,,,,,,,,,,,,,,,,,,,true,true,6,2021-04-01,2021-09-30,1
2021-04-30,43450,2022-03-31,,10600000000,0.063,,,,,2400000000,0.077,2300000000,0.081,,1600000000,,37.50,,,,,,,,,,,,,,,,0.400,,,,,,true,true,12,2021-04-01,2022-03-31,1
2021-04-30,43450,2020-03-31,,,,,,,,,,,,,,,,,,,,,,,,,,,,,,12.20,,,,43400000,720845,42679155,false,false,12,2019-04-01,2020-03-31,-1
2021-04-30,43450,2021-03-31,,,,,,,,,,,,,,,,,,,,,,,,,,,,,,14.00,,,,43400000,720845,42679155,false,false,12,2020-04-01,2021-03-31,0
2021-04-30,43450,2022-03-31,,,,,,,,,,,,,,,,,,,,,,,,,,,,,,15.00,,,,,,,false,true,12,2021-04-01,2022-03-31,1
2021-07-30,43450,2022-03-31,1,2456000000,0.087,,,,,530000000,0.212,506000000,0.225,,347000000,,8.17,,,,,,12738000000,8617000000,0.676,,8617000000,,,,,,,,,,,,true,false,3,2021-04-01,2021-06-30,0
2021-07-30,43450,2021-03-31,1,2260000000,0.056,,,,,438000000,0.189,413000000,0.139,,275000000,,6.47,,,,,,,,,,,,,,,,,,,,,,true,false,3,2020-04-01,2020-06-30,-1
2021-07-30,43450,2022-03-31,1,5000000000,0.028,,,,,1050000000,0.042,1000000000,0.040,,700000000,,16.44,,,,,,,,,,,,,,,,,,,,,,true,true,6,2021-04-01,2021-09-30,0
2021-07-30,43450,2022-03-31,1,10600000000,0.063,,,,,2400000000,0.077,2300000000,0.081,,1600000000,,37.57,,,,,,,,,,,,,,,,,,,,,,true,true,12,2021-04-01,2022-03-31,0
2021-07-30,43450,2021-03-31,1,,,,,,,,,,,,,,,,,,,,13115000000,8789000000,0.670,,8789000000,,,,,,,,,,,,true,false,12,2020-04-01,2021-03-31,-1
2021-07-30,43450,2021-03-31,1,,,,,,,,,,,,,,,,,,,,,,,,,,,,,14.00,,,,43400000,720845,,false,false,12,2020-04-01,2021-03-31,-1
2021-07-30,43450,2022-03-31,1,,,,,,,,,,,,,,,,,,,,,,,,,,,,,15.00,,,,,,,false,true,12,2021-04-01,2022-03-31,0
2021-07-30,43450,2022-03-31,1,,,,,,,,,,,,,,,,,,,,,,,,,,,,,,,,,43400000,919645,42589255,false,false,3,2021-04-01,2021-06-30,0
2021-07-30,43450,2021-03-31,1,,,,,,,,,,,,,,,,,,,,,,,,,,,,,,,,,,,42679155,false,false,3,2020-04-01,2020-06-30,-1
2021-10-29,4345,2022-03-31,2,5107000000,0.051,,,,,1197000000,0.189,1146000000,0.193,,788000000,,18.56,,,,,,13858000000,9014000000,0.650,,9014000000,,,,,,,,,,,,true,false,6,2021-04-01,2021-09-30,0
2021-10-29,4345,2021-03-31,2,4861000000,0.086,,,,,1007000000,0.235,961000000,0.198,,647000000,,15.17,,,,,,,,,,,,,,,,,,,,,,true,false,6,2020-04-01,2020-09-30,-1
2021-10-29,4345,2022-03-31,2,10600000000,0.063,,,,,2400000000,0.077,2300000000,0.081,,1600000000,,37.66,,,,,,,,,,,,,,,,,,,,,,true,true,12,2021-04-01,2022-03-31,0
2021-10-29,4345,2021-03-31,2,,,,,,,,,,,,,,,,,,,,13115000000,8789000000,0.670,,8789000000,,,,,,,,,,,,true,false,12,2020-04-01,2021-03-31,-1
2021-10-29,4345,2021-03-31,2,,,,,,,,,,,,,,,,,,,,,,,,,,,,,14.00,,,,43400000,720845,,false,false,12,2020-04-01,2021-03-31,-1
2021-10-29,4345,2022-03-31,2,,,,,,,,,,,,,,,,,,,,,,,,,,,,,7.00,,,,,,,false,false,12,2021-04-01,2022-03-31,0
2021-10-29,4345,2022-03-31,2,,,,,,,,,,,,,,,,,,,,,,,,,,,,,17.00,,,,,,,false,true,12,2021-04-01,2022-03-31,0
2021-10-29,4345,2022-03-31,2,,,,,,,,,,,,,,,,,,,,,,,,,,,,,,,,,43400000,1020845,42484205,false,false,6,2021-04-01,2021-09-30,0
2021-10-29,4345,2021-03-31,2,,,,,,,,,,,,,,,,,,,,,,,,,,,,,,,,,,,42679155,false,false,6,2020-04-01,2020-09-30,-1
2022-01-31,4345,2022-03-31,3,7955000000,0.058,,,,,1976000000,0.166,1913000000,0.180,,1309000000,,30.86,,,,,,14159000000,9223000000,0.651,,9223000000,,,,,,,,,,,,true,false,9,2021-04-01,2021-12-31,0
2022-01-31,4345,2021-03-31,3,7519000000,0.096,,,,,1694000000,0.226,1622000000,0.191,,1096000000,,25.68,,,,,,,,,,,,,,,,,,,,,,true,false,9,2020-04-01,2020-12-31,-1
2022-01-31,4345,2022-03-31,3,10600000000,0.063,,,,,2550000000,0.144,2460000000,0.156,,1720000000,,40.54,,,,,,,,,,,,,,,,,,,,,,true,true,12,2021-04-01,2022-03-31,0
2022-01-31,4345,2021-03-31,3,,,,,,,,,,,,,,,,,,,,13115000000,8789000000,0.670,,8789000000,,,,,,,,,,,,true,false,12,2020-04-01,2021-03-31,-1
2022-01-31,4345,2021-03-31,3,,,,,,,,,,,,,,,,,,,,,,,,,,,,,14.00,,,,43400000,720845,,false,false,12,2020-04-01,2021-03-31,-1
2022-01-31,4345,2022-03-31,3,,,,,,,,,,,,,,,,,,,,,,,,,,,,,7.00,,,,,,,false,false,12,2021-04-01,2022-03-31,0
2022-01-31,4345,2022-03-31,3,,,,,,,,,,,,,,,,,,,,,,,,,,,,,18.00,,,,,,,false,true,12,2021-04-01,2022-03-31,0
2022-01-31,4345,2022-03-31,3,,,,,,,,,,,,,,,,,,,,,,,,,,,,,,,,,43400000,1020845,42449188,false,false,9,2021-04-01,2021-12-31,0
2022-01-31,4345,2021-03-31,3,,,,,,,,,,,,,,,,,,,,,,,,,,,,,,,,,,,42679155,false,false,9,2020-04-01,2020-12-31,-1
2022-04-28,4345,2022-03-31,,10542000000,0.058,,,,,2628000000,0.179,2535000000,0.192,,1731000000,,40.80,,0.187,0.185,0.249,,14361000000,9743000000,0.678,229.92,9743000000,2905000000,-2262000000,-1686000000,5172000000,,0.441,,,,,,true,false,12,2021-04-01,2022-03-31,0
2022-04-28,4345,2021-03-31,,9968000000,0.087,,,,,2228000000,0.203,2127000000,0.170,,1456000000,,34.14,,0.175,0.171,0.224,,13115000000,8789000000,0.670,205.94,8789000000,2328000000,-377000000,-1271000000,6216000000,,0.410,,,,,,true,false,12,2020-04-01,2021-03-31,-1
2022-04-28,4345,2023-03-31,,5460000000,0.069,,,,,1250000000,0.044,1250000000,0.090,,844000000,,19.92,,,,,,,,,,,,,,,,,,,,,,true,true,6,2022-04-01,2022-09-30,1
2022-04-28,4345,2023-03-31,,11200000000,0.062,,,,,2820000000,0.073,2800000000,0.104,,1890000000,,44.60,,,,,,,,,,,,,,,,0.493,,,,,,true,true,12,2022-04-01,2023-03-31,1
2022-04-28,4345,2021-03-31,,,,,,,,,,,,,,,,,,,,,,,,,,,,,,14.00,,,,43400000,720845,42679155,false,false,12,2020-04-01,2021-03-31,-1
2022-04-28,4345,2022-03-31,,,,,,,,,,,,,,,,,,,,,,,,,,,,,,18.00,,,,43400000,1020845,42431680,false,false,12,2021-04-01,2022-03-31,0
2022-04-28,4345,2023-03-31,,,,,,,,,,,,,,,,,,,,,,,,,,,,,,22.00,,,,,,,false,true,12,2022-04-01,2023-03-31,1
2022-07-29,4345,2023-03-31,1,2587000000,0.054,,,,,531000000,0.002,529000000,0.045,,354000000,,8.36,,,,,,13750000000,9596000000,0.698,,9596000000,,,,,,,,,,,,true,false,3,2022-04-01,2022-06-30,0
2022-07-29,4345,2022-03-31,1,2456000000,0.087,,,,,530000000,0.212,506000000,0.225,,347000000,,8.17,,,,,,,,,,,,,,,,,,,,,,true,false,3,2021-04-01,2021-06-30,-1
2022-07-29,4345,2023-03-31,1,5460000000,0.069,,,,,1250000000,0.044,1250000000,0.090,,844000000,,19.92,,,,,,,,,,,,,,,,,,,,,,true,true,6,2022-04-01,2022-09-30,0
2022-07-29,4345,2023-03-31,1,11200000000,0.062,,,,,2820000000,0.073,2800000000,0.104,,1890000000,,44.60,,,,,,,,,,,,,,,,,,,,,,true,true,12,2022-04-01,2023-03-31,0
2022-07-29,4345,2022-03-31,1,,,,,,,,,,,,,,,,,,,,14361000000,9743000000,0.678,,9743000000,,,,,,,,,,,,true,false,12,2021-04-01,2022-03-31,-1
2022-07-29,4345,2022-03-31,1,,,,,,,,,,,,,,,,,,,,,,,,,,,,,18.00,,,,43400000,1020845,,false,false,12,2021-04-01,2022-03-31,-1
2022-07-29,4345,2023-03-31,1,,,,,,,,,,,,,,,,,,,,,,,,,,,,,22.00,,,,,,,false,true,12,2022-04-01,2023-03-31,0
2022-07-29,4345,2023-03-31,1,,,,,,,,,,,,,,,,,,,,,,,,,,,,,,,,,43400000,1020845,42379155,false,false,3,2022-04-01,2022-06-30,0
2022-07-29,4345,2022-03-31,1,,,,,,,,,,,,,,,,,,,,,,,,,,,,,,,,,,,42589255,false,false,3,2021-04-01,2021-06-30,-1
2022-10-31,4345,2023-03-31,2,5258000000,0.029,,,,,1198000000,0.001,1160000000,0.012,,777000000,,18.34,,,,,,14374000000,9952000000,0.692,,9952000000,,,,,,,,,,,,true,false,6,2022-04-01,2022-09-30,0
2022-10-31,4345,2022-03-31,2,5107000000,0.051,,,,,1197000000,0.189,1146000000,0.193,,788000000,,18.56,,,,,,,,,,,,,,,,,,,,,,true,false,6,2021-04-01,2021-09-30,-1
2022-10-31,4345,2023-03-31,2,11200000000,0.062,,,,,2820000000,0.073,2800000000,0.104,,1890000000,,44.60,,,,,,,,,,,,,,,,,,,,,,true,true,12,2022-04-01,2023-03-31,0
2022-10-31,4345,2022-03-31,2,,,,,,,,,,,,,,,,,,,,14361000000,9743000000,0.678,,9743000000,,,,,,,,,,,,true,false,12,2021-04-01,2022-03-31,-1
2022-10-31,4345,2022-03-31,2,,,,,,,,,,,,,,,,,,,,,,,,,,,,,18.00,,,,43400000,1020845,,false,false,12,2021-04-01,2022-03-31,-1
2022-10-31,4345,2023-03-31,2,,,,,,,,,,,,,,,,,,,,,,,,,,,,,10.50,,,,,,,false,false,12,2022-04-01,2023-03-31,0
2022-10-31,4345,2023-03-31,2,,,,,,,,,,,,,,,,,,,,,,,,,,,,,22.00,,,,,,,false,true,12,2022-04-01,2023-03-31,0
2022-10-31,4345,2023-03-31,2,,,,,,,,,,,,,,,,,,,,,,,,,,,,,,,,,43400000,1020845,42379155,false,false,6,2022-04-01,2022-09-30,0
2022-10-31,4345,2022-03-31,2,,,,,,,,,,,,,,,,,,,,,,,,,,,,,,,,,,,42484205,false,false,6,2021-04-01,2021-09-30,-1
2023-01-31,4345,2023-03-31,3,8152000000,0.025,,,,,1990000000,0.007,2033000000,0.063,,1294000000,,30.54,,,,,,14535000000,10126000000,0.697,,10126000000,,,,,,,,,,,,true,false,9,2022-04-01,2022-12-31,0
2023-01-31,4345,2022-03-31,3,7955000000,0.058,,,,,1976000000,0.166,1913000000,0.180,,1309000000,,30.86,,,,,,,,,,,,,,,,,,,,,,true,false,9,2021-04-01,2021-12-31,-1
2023-01-31,4345,2023-03-31,3,11200000000,0.062,,,,,2820000000,0.073,2800000000,0.104,,1890000000,,44.60,,,,,,,,,,,,,,,,,,,,,,true,true,12,2022-04-01,2023-03-31,0
2023-01-31,4345,2022-03-31,3,,,,,,,,,,,,,,,,,,,,14361000000,9743000000,0.678,,9743000000,,,,,,,,,,,,true,false,12,2021-04-01,2022-03-31,-1
2023-01-31,4345,2022-03-31,3,,,,,,,,,,,,,,,,,,,,,,,,,,,,,18.00,,,,43400000,1020845,,false,false,12,2021-04-01,2022-03-31,-1
2023-01-31,4345,2023-03-31,3,,,,,,,,,,,,,,,,,,,,,,,,,,,,,10.50,,,,,,,false,false,12,2022-04-01,2023-03-31,0
2023-01-31,4345,2023-03-31,3,,,,,,,,,,,,,,,,,,,,,,,,,,,,,22.00,,,,,,,false,true,12,2022-04-01,2023-03-31,0
2023-01-31,4345,2023-03-31,3,,,,,,,,,,,,,,,,,,,,,,,,,,,,,,,,,43400000,1020845,42379155,false,false,9,2022-04-01,2022-12-31,0
2023-01-31,4345,2022-03-31,3,,,,,,,,,,,,,,,,,,,,,,,,,,,,,,,,,,,42449188,false,false,9,2021-04-01,2021-12-31,-1
2023-04-28,4345,2023-03-31,,10797000000,0.024,,,,,2691000000,0.024,2722000000,0.074,,1758000000,,41.51,,0.173,0.187,0.249,,14741000000,10582000000,0.718,249.70,10582000000,2614000000,222000000,-1736000000,6272000000,,0.530,,,,,,true,false,12,2022-04-01,2023-03-31,0
2023-04-28,4345,2022-03-31,,10542000000,0.058,,,,,2628000000,0.179,2535000000,0.192,,1731000000,,40.80,,0.187,0.185,0.249,,14361000000,9743000000,0.678,229.92,9743000000,2905000000,-2262000000,-1686000000,5172000000,,0.441,,,,,,true,false,12,2021-04-01,2022-03-31,-1
2023-04-28,4345,2024-03-31,,5500000000,0.046,,,,,1230000000,0.026,1200000000,0.034,,840000000,,19.82,,,,,,,,,,,,,,,,,,,,,,true,true,6,2023-04-01,2023-09-30,1
2023-04-28,4345,2024-03-31,,11500000000,0.065,,,,,2800000000,0.040,2770000000,0.018,,1930000000,,45.54,,,,,,,,,,,,,,,,0.439,,,,,,true,true,12,2023-04-01,2024-03-31,1
2023-04-28,4345,2022-03-31,,,,,,,,,,,,,,,,,,,,,,,,,,,,,,18.00,,,,43400000,1020845,42431680,false,false,12,2021-04-01,2022-03-31,-1
2023-04-28,4345,2023-03-31,,,,,,,,,,,,,,,,,,,,,,,,,,,,,,22.00,,,,43400000,1020845,42379155,false,false,12,2022-04-01,2023-03-31,0
2023-04-28,4345,2024-03-31,,,,,,,,,,,,,,,,,,,,,,,,,,,,,,20.00,,,,,,,false,true,12,2023-04-01,2024-03-31,1
2023-07-31,4345,2024-03-31,1,2597000000,0.004,,,,,566000000,0.065,584000000,0.104,,388000000,,9.17,,,,,,14358000000,10645000000,0.741,,10645000000,,,,,,,,,,,,true,false,3,2023-04-01,2023-06-30,0
2023-07-31,4345,2023-03-31,1,2587000000,0.054,,,,,531000000,0.002,529000000,0.045,,354000000,,8.36,,,,,,,,,,,,,,,,,,,,,,true,false,3,2022-04-01,2022-06-30,-1
2023-07-31,4345,2024-03-31,1,5500000000,0.046,,,,,1230000000,0.026,1200000000,0.034,,840000000,,19.82,,,,,,,,,,,,,,,,,,,,,,true,true,6,2023-04-01,2023-09-30,0
2023-07-31,4345,2024-03-31,1,11500000000,0.065,,,,,2800000000,0.040,2770000000,0.018,,1930000000,,45.54,,,,,,,,,,,,,,,,,,,,,,true,true,12,2023-04-01,2024-03-31,0
2023-07-31,4345,2023-03-31,1,,,,,,,,,,,,,,,,,,,,14741000000,10582000000,0.718,,10582000000,,,,,,,,,,,,true,false,12,2022-04-01,2023-03-31,-1
2023-07-31,4345,2023-03-31,1,,,,,,,,,,,,,,,,,,,,,,,,,,,,,22.00,,,,43400000,1020845,,false,false,12,2022-04-01,2023-03-31,-1
2023-07-31,4345,2024-03-31,1,,,,,,,,,,,,,,,,,,,,,,,,,,,,,20.00,,,,,,,false,true,12,2023-04-01,2024-03-31,0
2023-07-31,4345,2024-03-31,1,,,,,,,,,,,,,,,,,,,,,,,,,,,,,,,,,43400000,1020845,42379155,false,false,3,2023-04-01,2023-06-30,0
2023-07-31,4345,2023-03-31,1,,,,,,,,,,,,,,,,,,,,,,,,,,,,,,,,,,,42379155,false,false,3,2022-04-01,2022-06-30,-1
2023-10-31,4345,2024-03-31,2,5345000000,0.017,,,,,1264000000,0.055,1247000000,0.075,,833000000,,19.67,,,,,,15684000000,11284000000,0.719,,11284000000,,,,,,,,,,,,true,false,6,2023-04-01,2023-09-30,0
2023-10-31,4345,2023-03-31,2,5258000000,0.029,,,,,1198000000,0.001,1160000000,0.012,,777000000,,18.34,,,,,,,,,,,,,,,,,,,,,,true,false,6,2022-04-01,2022-09-30,-1
2023-10-31,4345,2024-03-31,2,11500000000,0.065,,,,,2800000000,0.040,2770000000,0.018,,1930000000,,45.54,,,,,,,,,,,,,,,,,,,,,,true,true,12,2023-04-01,2024-03-31,0
2023-10-31,4345,2023-03-31,2,,,,,,,,,,,,,,,,,,,,14741000000,10582000000,0.718,,10582000000,,,,,,,,,,,,true,false,12,2022-04-01,2023-03-31,-1
2023-10-31,4345,2023-03-31,2,,,,,,,,,,,,,,,,,,,,,,,,,,,,,22.00,,,,43400000,1020845,,false,false,12,2022-04-01,2023-03-31,-1
2023-10-31,4345,2024-03-31,2,,,,,,,,,,,,,,,,,,,,,,,,,,,,,10.00,,,,,,,false,false,12,2023-04-01,2024-03-31,0
2023-10-31,4345,2024-03-31,2,,,,,,,,,,,,,,,,,,,,,,,,,,,,,20.00,,,,,,,false,true,12,2023-04-01,2024-03-31,0
2023-10-31,4345,2024-03-31,2,,,,,,,,,,,,,,,,,,,,,,,,,,,,,,,,,43400000,1020845,42379155,false,false,6,2023-04-01,2023-09-30,0
2023-10-31,4345,2023-03-31,2,,,,,,,,,,,,,,,,,,,,,,,,,,,,,,,,,,,42379155,false,false,6,2022-04-01,2022-09-30,-1
2024-01-31,4345,2024-03-31,3,8243000000,0.011,,,,,2132000000,0.072,2122000000,0.044,,1424000000,,33.62,,,,,,15684000000,11427000000,0.729,,11427000000,,,,,,,,,,,,true,false,9,2023-04-01,2023-12-31,0
2024-01-31,4345,2023-03-31,3,8152000000,0.025,,,,,1990000000,0.007,2033000000,0.063,,1294000000,,30.54,,,,,,,,,,,,,,,,,,,,,,true,false,9,2022-04-01,2022-12-31,-1
2024-01-31,4345,2024-03-31,3,11000000000,0.019,,,,,2800000000,0.040,2770000000,0.018,,1930000000,,45.54,,,,,,,,,,,,,,,,,,,,,,true,true,12,2023-04-01,2024-03-31,0
2024-01-31,4345,2023-03-31,3,,,,,,,,,,,,,,,,,,,,14741000000,10582000000,0.718,,10582000000,,,,,,,,,,,,true,false,12,2022-04-01,2023-03-31,-1
2024-01-31,4345,2023-03-31,3,,,,,,,,,,,,,,,,,,,,,,,,,,,,,22.00,,,,43400000,1020845,,false,false,12,2022-04-01,2023-03-31,-1
2024-01-31,4345,2024-03-31,3,,,,,,,,,,,,,,,,,,,,,,,,,,,,,10.00,,,,,,,false,false,12,2023-04-01,2024-03-31,0
2024-01-31,4345,2024-03-31,3,,,,,,,,,,,,,,,,,,,,,,,,,,,,,22.50,,,,,,,false,true,12,2023-04-01,2024-03-31,0
2024-01-31,4345,2024-03-31,3,,,,,,,,,,,,,,,,,,,,,,,,,,,,,,,,,43400000,1020845,42379155,false,false,9,2023-04-01,2023-12-31,0
2024-01-31,4345,2023-03-31,3,,,,,,,,,,,,,,,,,,,,,,,,,,,,,,,,,,,42379155,false,false,9,2022-04-01,2022-12-31,-1
2024-04-30,4345,2024-03-31,,11090000000,0.027,,,,,2865000000,0.064,2785000000,0.023,,1858000000,,43.86,,0.163,0.177,0.258,,16710000000,12230000000,0.732,288.61,12230000000,2982000000,-553000000,-1749000000,6952000000,,0.513,,,,,,true,false,12,2023-04-01,2024-03-31,0
2024-04-30,4345,2023-03-31,,10797000000,0.024,,,,,2691000000,0.024,2722000000,0.074,,1758000000,,41.51,,0.173,0.187,0.249,,14741000000,10582000000,0.718,249.70,10582000000,2614000000,222000000,-1736000000,6272000000,,0.530,,,,,,true,false,12,2022-04-01,2023-03-31,-1
2024-04-30,4345,2025-03-31,,5750000000,0.076,,,,,1320000000,0.044,1250000000,0.002,,840000000,,19.82,,,,,,,,,,,,,,,,,,,,,,true,true,6,2024-04-01,2024-09-30,1
2024-04-30,4345,2025-03-31,,12000000000,0.082,,,,,3000000000,0.047,2950000000,0.059,,1980000000,,46.72,,,,,,,,,,,,,,,,0.535,,,,,,true,true,12,2024-04-01,2025-03-31,1
2024-04-30,4345,2023-03-31,,,,,,,,,,,,,,,,,,,,,,,,,,,,,,22.00,,,,43400000,1020845,42379155,false,false,12,2022-04-01,2023-03-31,-1
2024-04-30,4345,2024-03-31,,,,,,,,,,,,,,,,,,,,,,,,,,,,,,22.50,,,,43400000,1020845,42379155,false,false,12,2023-04-01,2024-03-31,0
2024-04-30,4345,2025-03-31,,,,,,,,,,,,,,,,,,,,,,,,,,,,,,25.00,,,,,,,false,true,12,2024-04-01,2025-03-31,1
2024-07-31,4345,2025-03-31,1,2751000000,0.059,,,,,636000000,0.124,641000000,0.098,,427000000,,10.11,,,,,,16177000000,11996000000,0.742,,11996000000,,,,,,,,,,,,true,false,3,2024-04-01,2024-06-30,0
2024-07-31,4345,2024-03-31,1,2597000000,0.004,,,,,566000000,0.065,584000000,0.104,,388000000,,9.17,,,,,,,,,,,,,,,,,,,,,,true,false,3,2023-04-01,2023-06-30,-1
2024-07-31,4345,2025-03-31,1,5750000000,0.076,,,,,1320000000,0.044,1250000000,0.002,,840000000,,19.89,,,,,,,,,,,,,,,,,,,,,,true,true,6,2024-04-01,2024-09-30,0
2024-07-31,4345,2025-03-31,1,12000000000,0.082,,,,,3000000000,0.047,2950000000,0.059,,1980000000,,46.88,,,,,,,,,,,,,,,,,,,,,,true,true,12,2024-04-01,2025-03-31,0
2024-07-31,4345,2024-03-31,1,,,,,,,,,,,,,,,,,,,,16710000000,12230000000,0.732,,12230000000,,,,,,,,,,,,true,false,12,2023-04-01,2024-03-31,-1
2024-07-31,4345,2024-03-31,1,,,,,,,,,,,,,,,,,,,,,,,,,,,,,22.50,,,,43400000,1020845,,false,false,12,2023-04-01,2024-03-31,-1
2024-07-31,4345,2025-03-31,1,,,,,,,,,,,,,,,,,,,,,,,,,,,,,25.00,,,,,,,false,true,12,2024-04-01,2025-03-31,0
2024-07-31,4345,2025-03-31,1,,,,,,,,,,,,,,,,,,,,,,,,,,,,,,,,,42400000,446845,42237155,false,false,3,2024-04-01,2024-06-30,0
2024-07-31,4345,2024-03-31,1,,,,,,,,,,,,,,,,,,,,,,,,,,,,,,,,,,,42379155,false,false,3,2023-04-01,2023-06-30,-1
2024-10-31,4345,2025-03-31,2,5808000000,0.087,,,,,1422000000,0.125,1408000000,0.129,,949000000,,22.54,,,,,,16713000000,12206000000,0.730,,12206000000,,,,,,,,,,,,true,false,6,2024-04-01,2024-09-30,0
2024-10-31,4345,2024-03-31,2,5345000000,0.017,,,,,1264000000,0.055,1247000000,0.075,,833000000,,19.67,,,,,,,,,,,,,,,,,,,,,,true,false,6,2023-04-01,2023-09-30,-1
2024-10-31,4345,2025-03-31,2,12000000000,0.082,,,,,3000000000,0.047,2950000000,0.059,,1980000000,,47.12,,,,,,,,,,,,,,,,,,,,,,true,true,12,2024-04-01,2025-03-31,0
2024-10-31,4345,2024-03-31,2,,,,,,,,,,,,,,,,,,,,16710000000,12230000000,0.732,,12230000000,,,,,,,,,,,,true,false,12,2023-04-01,2024-03-31,-1
2024-10-31,4345,2024-03-31,2,,,,,,,,,,,,,,,,,,,,,,,,,,,,,22.50,,,,43400000,1020845,,false,false,12,2023-04-01,2024-03-31,-1
2024-10-31,4345,2025-03-31,2,,,,,,,,,,,,,,,,,,,,,,,,,,,,,12.50,,,,,,,false,false,12,2024-04-01,2025-03-31,0
2024-10-31,4345,2025-03-31,2,,,,,,,,,,,,,,,,,,,,,,,,,,,,,25.00,,,,,,,false,true,12,2024-04-01,2025-03-31,0
2024-10-31,4345,2025-03-31,2,,,,,,,,,,,,,,,,,,,,,,,,,,,,,,,,,42000000,46845,42095155,false,false,6,2024-04-01,2024-09-30,0
2024-10-31,4345,2024-03-31,2,,,,,,,,,,,,,,,,,,,,,,,,,,,,,,,,,,,42379155,false,false,6,2023-04-01,2023-09-30,-1
2025-01-30,4345,2025-03-31,3,8937000000,0.084,,,,,2320000000,0.088,2365000000,0.115,,1606000000,,38.34,,,,,,16545000000,12192000000,0.737,,12192000000,,,,,,,,,,,,true,false,9,2024-04-01,2024-12-31,0
2025-01-30,4345,2024-03-31,3,8243000000,0.011,,,,,2132000000,0.072,2122000000,0.044,,1424000000,,33.62,,,,,,,,,,,,,,,,,,,,,,true,false,9,2023-04-01,2023-12-31,-1
2025-01-30,4345,2025-03-31,3,12000000000,0.082,,,,,3000000000,0.047,2950000000,0.059,,1980000000,,47.42,,,,,,,,,,,,,,,,,,,,,,true,true,12,2024-04-01,2025-03-31,0
2025-01-30,4345,2024-03-31,3,,,,,,,,,,,,,,,,,,,,16710000000,12230000000,0.732,,12230000000,,,,,,,,,,,,true,false,12,2023-04-01,2024-03-31,-1
2025-01-30,4345,2024-03-31,3,,,,,,,,,,,,,,,,,,,,,,,,,,,,,22.50,,,,43400000,1020845,,false,false,12,2023-04-01,2024-03-31,-1
2025-01-30,4345,2025-03-31,3,,,,,,,,,,,,,,,,,,,,,,,,,,,,,12.50,,,,,,,false,false,12,2024-04-01,2025-03-31,0
2025-01-30,4345,2025-03-31,3,,,,,,,,,,,,,,,,,,,,,,,,,,,,,25.00,,,,,,,false,true,12,2024-04-01,2025-03-31,0
2025-01-30,4345,2025-03-31,3,,,,,,,,,,,,,,,,,,,,,,,,,,,,,,,,,42000000,686845,41905600,false,false,9,2024-04-01,2024-12-31,0
2025-01-30,4345,2024-03-31,3,,,,,,,,,,,,,,,,,,,,,,,,,,,,,,,,,,,42379155,false,false,9,2023-04-01,2023-12-31,-1
2025-04-28,4345,2025-03-31,,11821000000,0.066,,,,,3077000000,0.074,3162000000,0.135,,2190000000,,52.46,,0.175,0.187,0.260,,17080000000,12872000000,0.754,311.58,12872000000,2842000000,-2447000000,-2816000000,4529000000,,0.477,,,,,,true,false,12,2024-04-01,2025-03-31,0
2025-04-28,4345,2024-03-31,,11090000000,0.027,,,,,2865000000,0.064,2785000000,0.023,,1858000000,,43.86,,0.163,0.177,0.258,,16710000000,12230000000,0.732,288.61,12230000000,2982000000,-553000000,-1749000000,6952000000,,0.513,,,,,,true,false,12,2023-04-01,2024-03-31,-1
2025-04-28,4345,2026-03-31,,6100000000,0.050,,,,,1470000000,0.034,1570000000,0.115,,1100000000,,26.63,,,,,,,,,,,,,,,,,,,,,,true,true,6,2025-04-01,2025-09-30,1
2025-04-28,4345,2026-03-31,,12800000000,0.083,,,,,3300000000,0.072,3500000000,0.107,,2400000000,,58.09,,,,,,,,,,,,,,,,0.482,,,,,,true,true,12,2025-04-01,2026-03-31,1
2025-04-28,4345,2024-03-31,,,,,,,,,,,,,,,,,,,,,,,,,,,,,,22.50,,,,43400000,1020845,42379155,false,false,12,2023-04-01,2024-03-31,-1
2025-04-28,4345,2025-03-31,,,,,,,,,,,,,,,,,,,,,,,,,,,,,,25.00,,,,42000000,686845,41757489,false,false,12,2024-04-01,2025-03-31,0
2025-04-28,4345,2026-03-31,,,,,,,,,,,,,,,,,,,,,,,,,,,,,,28.00,,,,,,,false,true,12,2025-04-01,2026-03-31,1
