filing_date,code,fiscal_year_end,quarterly_period,net_sales,net_sales_change,revenue,revenue_change,operating_revenue,operating_revenue_change,operating_profit,operating_profit_change,ordinary_profit,ordinary_profit_change,net_income,net_income_of_parent,net_income_change,eps,diluted_eps,roe,roa,operating_profit_to_net_sales,operating_profit_to_revenue,total_assets,net_assets,equity_ratio,bps,owner_equity,operating_cash_flow,investing_cash_flow,financing_cash_flow,cash,dividend_per_share,payout_ratio,commemorative_dividend,extra_dividend,number_of_shares,number_of_treqsury_shares,avg_number_of_shares,is_consolidated,is_forecast,duration,period_start,period_end,period_pos
2015-08-13,43470,2016-03-31,1,2986000000,0.018,,,,,-28000000,,-151000000,,,-248000000,,-3.65,,,,,,8066000000,4243000000,0.411,48.68,3313000000,,,,,,,,,,,,true,false,3,2015-04-01,2015-06-30,0
2015-08-13,43470,2015-03-31,1,2933000000,-0.139,,,,,-303000000,,-444000000,,,-305000000,,-4.69,,,,,,,,,,,,,,,,,,,,,,true,false,3,2014-04-01,2014-06-30,-1
2015-08-13,43470,2016-03-31,1,6080000000,0.052,,,,,-225000000,,,,,,,,,,,,,,,,,,,,,,,,,,,,,true,true,6,2015-04-01,2015-09-30,0
2015-08-13,43470,2016-03-31,1,13100000000,0.099,,,,,50000000,,,,,,,,,,,,,,,,,,,,,,,,,,,,,true,true,12,2015-04-01,2016-03-31,0
2015-08-13,43470,2015-03-31,1,,,,,,,,,,,,,,,,,,,,8978000000,4444000000,0.397,52.36,3563000000,,,,,,,,,,,,true,false,12,2014-04-01,2015-03-31,-1
2015-08-13,43470,2015-03-31,1,,,,,,,,,,,,,,,,,,,,,,,,,,,,,0.00,,,,69223516,1157332,,false,false,12,2014-04-01,2015-03-31,-1
2015-08-13,43470,2016-03-31,1,,,,,,,,,,,,,,,,,,,,,,,,,,,,,0.00,,,,,,,false,true,12,2015-04-01,2016-03-31,0
2015-08-13,43470,2016-03-31,1,,,,,,,,,,,,,,,,,,,,,,,,,,,,,,,,,69223516,1157332,68066184,false,false,3,2015-04-01,2015-06-30,0
2015-08-13,43470,2015-03-31,1,,,,,,,,,,,,,,,,,,,,,,,,,,,,,,,,,,,65216184,false,false,3,2014-04-01,2014-06-30,-1
2015-10-29,43470,2016-03-31,,5896000000,-0.030,,,,,-78000000,,-216000000,,-589000000,,,-8.67,,,,,,,,,,,,,,,,,,,,,,true,true,6,2015-04-01,2015-09-30,0
2015-10-29,43470,2015-03-31,,5780000000,,,,,,-534000000,,-849000000,,-851000000,,,-13.05,,,,,,,,,,,,,,,,,,,,,,true,false,6,2014-04-01,2014-09-30,-1
2015-11-11,43470,2016-03-31,2,5896000000,0.020,,,,,-78000000,,-216000000,,,-589000000,,-8.67,,,,,,7648000000,3925000000,0.388,43.57,2965000000,,,,,,,,,,,,true,false,6,2015-04-01,2015-09-30,0
2015-11-11,43470,2015-03-31,2,5780000000,-0.086,,,,,-534000000,,-849000000,,,-851000000,,-13.05,,,,,,,,,,,,,,,,,,,,,,true,false,6,2014-04-01,2014-09-30,-1
2015-11-11,43470,2016-03-31,2,13100000000,0.099,,,,,50000000,,,,,,,,,,,,,,,,,,,,,,,,,,,,,true,true,12,2015-04-01,2016-03-31,0
2015-11-11,43470,2015-03-31,2,,,,,,,,,,,,,,,,,,,,8978000000,4444000000,0.397,52.36,3563000000,,,,,,,,,,,,true,false,12,2014-04-01,2015-03-31,-1
2015-11-11,43470,2015-03-31,2,,,,,,,,,,,,,,,,,,,,,,,,,,,,,0.00,,,,69223516,1157332,,false,false,12,2014-04-01,2015-03-31,-1
2015-11-11,43470,2016-03-31,2,,,,,,,,,,,,,,,,,,,,,,,,,,,,,0.00,,,,,,,false,false,12,2015-04-01,2016-03-31,0
2015-11-11,43470,2016-03-31,2,,,,,,,,,,,,,,,,,,,,,,,,,,,,,0.00,,,,,,,false,true,12,2015-04-01,2016-03-31,0
2015-11-11,43470,2016-03-31,2,,,,,,,,,,,,,,,,,,,,,,,,,,,,,,,,,69223516,1157332,68066184,false,false,6,2015-04-01,2015-09-30,0
2015-11-11,43470,2015-03-31,2,,,,,,,,,,,,,,,,,,,,,,,,,,,,,,,,,,,65216184,false,false,6,2014-04-01,2014-09-30,-1
2016-02-12,43470,2016-03-31,3,8933000000,0.012,,,,,-31000000,,-241000000,,,-640000000,,-9.41,,,,,,7529000000,3923000000,0.386,42.72,2907000000,,,,,,,,,,,,true,false,9,2015-04-01,2015-12-31,0
2016-02-12,43470,2015-03-31,3,8827000000,-0.044,,,,,-1084000000,,-2209000000,,,-2728000000,,-41.83,,,,,,,,,,,,,,,,,,,,,,true,false,9,2014-04-01,2014-12-31,-1
2016-02-12,43470,2016-03-31,3,13100000000,0.099,,,,,50000000,,,,,,,,,,,,,,,,,,,,,,,,,,,,,true,true,12,2015-04-01,2016-03-31,0
2016-02-12,43470,2015-03-31,3,,,,,,,,,,,,,,,,,,,,8978000000,4444000000,0.397,52.36,3563000000,,,,,,,,,,,,true,false,12,2014-04-01,2015-03-31,-1
2016-02-12,43470,2015-03-31,3,,,,,,,,,,,,,,,,,,,,,,,,,,,,,0.00,,,,69223516,1157332,,false,false,12,2014-04-01,2015-03-31,-1
2016-02-12,43470,2016-03-31,3,,,,,,,,,,,,,,,,,,,,,,,,,,,,,0.00,,,,,,,false,false,12,2015-04-01,2016-03-31,0
2016-02-12,43470,2016-03-31,3,,,,,,,,,,,,,,,,,,,,,,,,,,,,,0.00,,,,,,,false,true,12,2015-04-01,2016-03-31,0
2016-02-12,43470,2016-03-31,3,,,,,,,,,,,,,,,,,,,,,,,,,,,,,,,,,69223516,1157332,68066184,false,false,9,2015-04-01,2015-12-31,0
2016-02-12,43470,2015-03-31,3,,,,,,,,,,,,,,,,,,,,,,,,,,,,,,,,,,,65232729,false,false,9,2014-04-01,2014-12-31,-1
2016-04-22,43470,2016-03-31,,12117000000,-0.075,,,,,71000000,0.420,-198000000,,,-1082000000,,-15.90,,,,,,,,,,,,,,,,,,,,,,true,true,12,2015-04-01,2016-03-31,0
2016-04-22,43470,2015-03-31,,11918000000,,,,,,-1147000000,,-2358000000,,,-2580000000,,-39.20,,,,,,,,,,,,,,,,,,,,,,true,false,12,2014-04-01,2015-03-31,-1
2016-04-28,43470,2016-03-31,,12117000000,0.017,,,,,71000000,,-198000000,,,-1082000000,,-15.90,,-0.360,-0.024,0.006,,7591000000,3509000000,0.324,36.09,2456000000,71000000,-376000000,-660000000,1432000000,,,,,,,,true,false,12,2015-04-01,2016-03-31,0
2016-04-28,43470,2015-03-31,,11918000000,-0.031,,,,,-1147000000,,-2358000000,,,-2580000000,,-39.20,,-0.571,-0.235,-0.096,,8978000000,4444000000,0.397,52.36,3563000000,-418000000,-263000000,331000000,2397000000,,,,,,,,true,false,12,2014-04-01,2015-03-31,-1
2016-04-28,43470,2017-03-31,,6000000000,0.018,,,,,-140000000,,-180000000,,,-280000000,,-4.11,,,,,,,,,,,,,,,,,,,,,,true,true,6,2016-04-01,2016-09-30,1
2016-04-28,43470,2017-03-31,,13000000000,0.073,,,,,150000000,1.113,70000000,,,-220000000,,-3.23,,,,,,,,,,,,,,,,,,,,,,true,true,12,2016-04-01,2017-03-31,1
2016-04-28,43470,2016-03-31,,1310000000,-0.327,,,,,-507000000,,-531000000,,-1307000000,,,-19.21,,,,,,5435000000,1868000000,0.344,27.44,1867000000,,,,,0.00,,,,69223516,1157332,68066184,false,false,12,2015-04-01,2016-03-31,0
2016-04-28,43470,2015-03-31,,1948000000,-0.309,,,,,-1220000000,,-1349000000,,-2946000000,,,-44.75,,,,,,6999000000,3182000000,0.454,46.68,3177000000,,,,,0.00,,,,69223516,1157332,65838239,false,false,12,2014-04-01,2015-03-31,-1
2016-04-28,43470,2017-03-31,,,,,,,,,,,,,,,,,,,,,,,,,,,,,,0.00,,,,,,,false,true,12,2016-04-01,2017-03-31,1
2016-07-28,43470,2017-03-31,1,3249000000,0.088,,,,,47000000,,17000000,,,-56000000,,-0.83,,,,,,8305000000,3534000000,0.294,35.63,2439000000,,,,,,,,,,,,true,false,3,2016-04-01,2016-06-30,0
2016-07-28,43470,2016-03-31,1,2986000000,0.018,,,,,-28000000,,-151000000,,,-248000000,,-3.65,,,,,,,,,,,,,,,,,,,,,,true,false,3,2015-04-01,2015-06-30,-1
2016-07-28,43470,2017-03-31,1,6300000000,0.069,,,,,-20000000,,-60000000,,,-170000000,,-2.49,,,,,,,,,,,,,,,,,,,,,,true,true,6,2016-04-01,2016-09-30,0
2016-07-28,43470,2017-03-31,1,13000000000,0.073,,,,,150000000,1.113,70000000,,,-220000000,,-3.22,,,,,,,,,,,,,,,,,,,,,,true,true,12,2016-04-01,2017-03-31,0
2016-07-28,43470,2016-03-31,1,,,,,,,,,,,,,,,,,,,,7591000000,3509000000,0.324,36.09,2456000000,,,,,,,,,,,,true,false,12,2015-04-01,2016-03-31,-1
2016-07-28,43470,2016-03-31,1,,,,,,,,,,,,,,,,,,,,,,,,,,,,,0.00,,,,69223516,1157332,,false,false,12,2015-04-01,2016-03-31,-1
2016-07-28,43470,2017-03-31,1,,,,,,,,,,,,,,,,,,,,,,,,,,,,,0.00,,,,,,,false,true,12,2016-04-01,2017-03-31,0
2016-07-28,43470,2017-03-31,1,,,,,,,,,,,,,,,,,,,,,,,,,,,,,,,,,69623516,1157332,68268382,false,false,3,2016-04-01,2016-06-30,0
2016-07-28,43470,2016-03-31,1,,,,,,,,,,,,,,,,,,,,,,,,,,,,,,,,,,,68066184,false,false,3,2015-04-01,2015-06-30,-1
2016-07-28,43470,2017-03-31,,6300000000,0.050,,,,,-20000000,,-60000000,,,-170000000,,-2.49,,,,,,,,,,,,,,,,,,,,,,true,true,6,2016-04-01,2016-09-30,0
2016-07-28,43470,2016-03-31,,5896000000,,,,,,-78000000,,-216000000,,,-589000000,,-8.67,,,,,,,,,,,,,,,,,,,,,,true,false,6,2015-04-01,2015-09-30,-1
2016-10-24,43470,2017-03-31,,6487000000,0.030,,,,,62000000,,-15000000,,,-149000000,,-2.18,,,,,,,,,,,,,,,,,,,,,,true,true,6,2016-04-01,2016-09-30,0
2016-10-24,43470,2016-03-31,,5896000000,,,,,,-78000000,,-216000000,,,-589000000,,-8.67,,,,,,,,,,,,,,,,,,,,,,true,false,6,2015-04-01,2015-09-30,-1
2016-10-28,43470,2017-03-31,2,6487000000,0.100,,,,,62000000,,-15000000,,,-149000000,,-2.18,,,,,,8271000000,3483000000,0.286,34.44,2366000000,,,,,,,,,,,,true,false,6,2016-04-01,2016-09-30,0
2016-10-28,43470,2016-03-31,2,5896000000,0.020,,,,,-78000000,,-216000000,,,-589000000,,-8.67,,,,,,,,,,,,,,,,,,,,,,true,false,6,2015-04-01,2015-09-30,-1
2016-10-28,43470,2017-03-31,2,13000000000,0.073,,,,,150000000,1.113,70000000,,,-220000000,,-3.21,,,,,,,,,,,,,,,,,,,,,,true,true,12,2016-04-01,2017-03-31,0
2016-10-28,43470,2016-03-31,2,,,,,,,,,,,,,,,,,,,,7591000000,3509000000,0.324,36.09,2456000000,,,,,,,,,,,,true,false,12,2015-04-01,2016-03-31,-1
2016-10-28,43470,2016-03-31,2,,,,,,,,,,,,,,,,,,,,,,,,,,,,,0.00,,,,69223516,1157332,,false,false,12,2015-04-01,2016-03-31,-1
2016-10-28,43470,2017-03-31,2,,,,,,,,,,,,,,,,,,,,,,,,,,,,,0.00,,,,,,,false,false,12,2016-04-01,2017-03-31,0
2016-10-28,43470,2017-03-31,2,,,,,,,,,,,,,,,,,,,,,,,,,,,,,0.00,,,,,,,false,true,12,2016-04-01,2017-03-31,0
2016-10-28,43470,2017-03-31,2,,,,,,,,,,,,,,,,,,,,,,,,,,,,,,,,,69861611,1157332,68387339,false,false,6,2016-04-01,2016-09-30,0
2016-10-28,43470,2016-03-31,2,,,,,,,,,,,,,,,,,,,,,,,,,,,,,,,,,,,68066184,false,false,6,2015-04-01,2015-09-30,-1
2016-10-28,43470,2017-03-31,2,6487000000,0.100,,,,,62000000,,4000000,,,-149000000,,-2.18,,,,,,8271000000,3483000000,0.286,34.44,2366000000,,,,,,,,,,,,true,false,6,2016-04-01,2016-09-30,0
2016-10-28,43470,2016-03-31,2,5896000000,0.020,,,,,-78000000,,-216000000,,,-589000000,,-8.67,,,,,,,,,,,,,,,,,,,,,,true,false,6,2015-04-01,2015-09-30,-1
2016-10-28,43470,2017-03-31,2,13000000000,0.073,,,,,150000000,1.113,70000000,,,-220000000,,-3.21,,,,,,,,,,,,,,,,,,,,,,true,true,12,2016-04-01,2017-03-31,0
2016-10-28,43470,2016-03-31,2,,,,,,,,,,,,,,,,,,,,7591000000,3509000000,0.324,36.09,2456000000,,,,,,,,,,,,true,false,12,2015-04-01,2016-03-31,-1
2016-10-28,43470,2016-03-31,2,,,,,,,,,,,,,,,,,,,,,,,,,,,,,0.00,,,,69223516,1157332,,false,false,12,2015-04-01,2016-03-31,-1
2016-10-28,43470,2017-03-31,2,,,,,,,,,,,,,,,,,,,,,,,,,,,,,0.00,,,,,,,false,false,12,2016-04-01,2017-03-31,0
2016-10-28,43470,2017-03-31,2,,,,,,,,,,,,,,,,,,,,,,,,,,,,,0.00,,,,,,,false,true,12,2016-04-01,2017-03-31,0
2016-10-28,43470,2017-03-31,2,,,,,,,,,,,,,,,,,,,,,,,,,,,,,,,,,69861611,1157332,68387339,false,false,6,2016-04-01,2016-09-30,0
2016-10-28,43470,2016-03-31,2,,,,,,,,,,,,,,,,,,,,,,,,,,,,,,,,,,,68066184,false,false,6,2015-04-01,2015-09-30,-1
2016-07-28,43470,2017-03-31,1,3249000000,0.088,,,,,47000000,,31000000,,,-56000000,,-0.83,,,,,,8305000000,3534000000,0.294,35.63,2439000000,,,,,,,,,,,,true,false,3,2016-04-01,2016-06-30,0
2016-07-28,43470,2016-03-31,1,2986000000,0.018,,,,,-28000000,,-151000000,,,-248000000,,-3.65,,,,,,,,,,,,,,,,,,,,,,true,false,3,2015-04-01,2015-06-30,-1
2016-07-28,43470,2017-03-31,1,6300000000,0.069,,,,,-20000000,,-60000000,,,-170000000,,-2.49,,,,,,,,,,,,,,,,,,,,,,true,true,6,2016-04-01,2016-09-30,0
2016-07-28,43470,2017-03-31,1,13000000000,0.073,,,,,150000000,1.113,70000000,,,-220000000,,-3.22,,,,,,,,,,,,,,,,,,,,,,true,true,12,2016-04-01,2017-03-31,0
2016-07-28,43470,2016-03-31,1,,,,,,,,,,,,,,,,,,,,7591000000,3509000000,0.324,36.09,2456000000,,,,,,,,,,,,true,false,12,2015-04-01,2016-03-31,-1
2016-07-28,43470,2016-03-31,1,,,,,,,,,,,,,,,,,,,,,,,,,,,,,0.00,,,,69223516,1157332,,false,false,12,2015-04-01,2016-03-31,-1
2016-07-28,43470,2017-03-31,1,,,,,,,,,,,,,,,,,,,,,,,,,,,,,0.00,,,,,,,false,true,12,2016-04-01,2017-03-31,0
2016-07-28,43470,2017-03-31,1,,,,,,,,,,,,,,,,,,,,,,,,,,,,,,,,,69623516,1157332,68268382,false,false,3,2016-04-01,2016-06-30,0
2016-07-28,43470,2016-03-31,1,,,,,,,,,,,,,,,,,,,,,,,,,,,,,,,,,,,68066184,false,false,3,2015-04-01,2015-06-30,-1
2017-01-27,43470,2017-03-31,3,9725000000,0.089,,,,,100000000,,29000000,,,-200000000,,-2.92,,,,,,8192000000,3483000000,0.285,33.96,2333000000,,,,,,,,,,,,true,false,9,2016-04-01,2016-12-31,0
2017-01-27,43470,2016-03-31,3,8933000000,0.012,,,,,-31000000,,-241000000,,,-640000000,,-9.41,,,,,,,,,,,,,,,,,,,,,,true,false,9,2015-04-01,2015-12-31,-1
2017-01-27,43470,2017-03-31,3,13000000000,0.073,,,,,150000000,1.113,70000000,,,-220000000,,-3.21,,,,,,,,,,,,,,,,,,,,,,true,true,12,2016-04-01,2017-03-31,0
2017-01-27,43470,2016-03-31,3,,,,,,,,,,,,,,,,,,,,7591000000,3509000000,0.324,36.09,2456000000,,,,,,,,,,,,true,false,12,2015-04-01,2016-03-31,-1
2017-01-27,43470,2016-03-31,3,,,,,,,,,,,,,,,,,,,,,,,,,,,,,0.00,,,,69223516,1157332,,false,false,12,2015-04-01,2016-03-31,-1
2017-01-27,43470,2017-03-31,3,,,,,,,,,,,,,,,,,,,,,,,,,,,,,0.00,,,,,,,false,false,12,2016-04-01,2017-03-31,0
2017-01-27,43470,2017-03-31,3,,,,,,,,,,,,,,,,,,,,,,,,,,,,,0.00,,,,,,,false,true,12,2016-04-01,2017-03-31,0
2017-01-27,43470,2017-03-31,3,,,,,,,,,,,,,,,,,,,,,,,,,,,,,,,,,69861611,1157332,68493370,false,false,9,2016-04-01,2016-12-31,0
2017-01-27,43470,2016-03-31,3,,,,,,,,,,,,,,,,,,,,,,,,,,,,,,,,,,,68066184,false,false,9,2015-04-01,2015-12-31,-1
2017-04-24,43470,2017-03-31,,13158000000,0.012,,,,,187000000,0.252,134000000,0.923,,-350000000,,-5.11,,,,,,,,,,,,,,,,,,,,,,true,true,12,2016-04-01,2017-03-31,0
2017-04-24,43470,2016-03-31,,12117000000,,,,,,71000000,,-198000000,,,-1082000000,,-15.90,,,,,,,,,,,,,,,,,,,,,,true,false,12,2015-04-01,2016-03-31,-1
2017-04-28,43470,2017-03-31,,13158000000,0.086,,,,,187000000,1.626,134000000,,,-350000000,,-5.11,,-0.159,0.017,0.014,,7800000000,2942000000,0.251,28.49,1957000000,416000000,42000000,407000000,2304000000,,,,,,,,true,false,12,2016-04-01,2017-03-31,0
2017-04-28,43470,2016-03-31,,12117000000,0.017,,,,,71000000,,-198000000,,,-1082000000,,-15.90,,-0.360,-0.024,0.006,,7591000000,3509000000,0.324,36.09,2456000000,71000000,-376000000,-660000000,1432000000,,,,,,,,true,false,12,2015-04-01,2016-03-31,-1
2017-04-28,43470,2018-03-31,,14000000000,0.064,,,,,250000000,0.337,200000000,0.493,,50000000,,0.73,,,,,,,,,,,,,,,,,,,,,,true,true,12,2017-04-01,2018-03-31,1
2017-04-28,43470,2016-03-31,,,,,,,,,,,,,,,,,,,,,,,,,,,,,,0.00,,,,69223516,1157332,68066184,false,false,12,2015-04-01,2016-03-31,-1
2017-04-28,43470,2017-03-31,,,,,,,,,,,,,,,,,,,,,,,,,,,,,,0.00,,,,69861611,1157332,68545375,false,false,12,2016-04-01,2017-03-31,0
2017-04-28,43470,2018-03-31,,,,,,,,,,,,,,,,,,,,,,,,,,,,,,0.00,,,,,,,false,true,12,2017-04-01,2018-03-31,1
2017-07-28,43470,2018-03-31,1,3414000000,0.051,,,,,63000000,0.320,63000000,0.998,,73000000,,1.06,0.94,,,,,8015000000,3039000000,0.253,29.52,2027000000,,,,,,,,,,,,true,false,3,2017-04-01,2017-06-30,0
2017-07-28,43470,2017-03-31,1,3249000000,0.088,,,,,47000000,,31000000,,,-56000000,,-0.83,,,,,,,,,,,,,,,,,,,,,,true,false,3,2016-04-01,2016-06-30,-1
2017-07-28,43470,2018-03-31,1,14000000000,0.064,,,,,250000000,0.337,200000000,0.493,,50000000,,0.73,,,,,,,,,,,,,,,,,,,,,,true,true,12,2017-04-01,2018-03-31,0
2017-07-28,43470,2017-03-31,1,,,,,,,,,,,,,,,,,,,,7800000000,2942000000,0.251,28.49,1957000000,,,,,,,,,,,,true,false,12,2016-04-01,2017-03-31,-1
2017-07-28,43470,2017-03-31,1,,,,,,,,,,,,,,,,,,,,,,,,,,,,,0.00,,,,69861611,1157332,,false,false,12,2016-04-01,2017-03-31,-1
2017-07-28,43470,2018-03-31,1,,,,,,,,,,,,,,,,,,,,,,,,,,,,,0.00,,,,,,,false,true,12,2017-04-01,2018-03-31,0
2017-07-28,43470,2018-03-31,1,,,,,,,,,,,,,,,,,,,,,,,,,,,,,,,,,69861611,1157427,68704186,false,false,3,2017-04-01,2017-06-30,0
2017-07-28,43470,2017-03-31,1,,,,,,,,,,,,,,,,,,,,,,,,,,,,,,,,,,,68268382,false,false,3,2016-04-01,2016-06-30,-1
2017-10-27,43470,2018-03-31,2,6682000000,0.030,,,,,67000000,0.073,54000000,,,24000000,,0.36,0.32,,,,,7695000000,3295000000,0.294,31.72,2262000000,,,,,,,,,,,,true,false,6,2017-04-01,2017-09-30,0
2017-10-27,43470,2017-03-31,2,6487000000,0.100,,,,,62000000,,4000000,,,-149000000,,-2.18,,,,,,,,,,,,,,,,,,,,,,true,false,6,2016-04-01,2016-09-30,-1
2017-10-27,43470,2018-03-31,2,14000000000,0.064,,,,,250000000,0.337,200000000,0.493,,50000000,,0.68,,,,,,,,,,,,,,,,,,,,,,true,true,12,2017-04-01,2018-03-31,0
2017-10-27,43470,2017-03-31,2,,,,,,,,,,,,,,,,,,,,7800000000,2942000000,0.251,28.49,1957000000,,,,,,,,,,,,true,false,12,2016-04-01,2017-03-31,-1
2017-10-27,43470,2017-03-31,2,,,,,,,,,,,,,,,,,,,,,,,,,,,,,0.00,,,,69861611,1157332,,false,false,12,2016-04-01,2017-03-31,-1
2017-10-27,43470,2018-03-31,2,,,,,,,,,,,,,,,,,,,,,,,,,,,,,0.00,,,,,,,false,false,12,2017-04-01,2018-03-31,0
2017-10-27,43470,2018-03-31,2,,,,,,,,,,,,,,,,,,,,,,,,,,,,,0.00,,,,,,,false,true,12,2017-04-01,2018-03-31,0
2017-10-27,43470,2018-03-31,2,,,,,,,,,,,,,,,,,,,,,,,,,,,,,,,,,72480657,1157427,69743737,false,false,6,2017-04-01,2017-09-30,0
2017-10-27,43470,2017-03-31,2,,,,,,,,,,,,,,,,,,,,,,,,,,,,,,,,,,,68387339,false,false,6,2016-04-01,2016-09-30,-1
2018-03-14,43470,2018-03-31,,10600000000,-0.243,,,,,50000000,-0.800,40000000,-0.800,,-260000000,,-3.54,,,,,,,,,,,,,,,,,,,,,,true,true,12,2017-04-01,2018-03-31,0
2018-04-13,43470,2018-03-31,3,8005000000,0.037,,,,,70000000,,56000000,,,-231000000,,-3.21,,,,,,6326000000,2888000000,0.380,30.84,2405000000,,,,,,,,,,,,true,false,9,2017-04-01,2017-12-31,0
2018-04-13,43470,2017-03-31,3,7721000000,0.049,,,,,-8000000,,-79000000,,,-255000000,,-3.74,,,,,,,,,,,,,,,,,,,,,,true,false,9,2016-04-01,2016-12-31,-1
2018-04-13,43470,2018-03-31,3,10600000000,0.018,,,,,50000000,0.286,40000000,,,-260000000,,-3.54,,,,,,,,,,,,,,,,,,,,,,true,true,12,2017-04-01,2018-03-31,0
2018-04-13,43470,2017-03-31,3,,,,,,,,,,,,,,,,,,,,7278000000,2420000000,0.233,24.64,1692000000,,,,,,,,,,,,true,false,12,2016-04-01,2017-03-31,-1
2018-04-13,43470,2017-03-31,3,,,,,,,,,,,,,,,,,,,,,,,,,,,,,0.00,,,,69861611,1157332,,false,false,12,2016-04-01,2017-03-31,-1
2018-04-13,43470,2018-03-31,3,,,,,,,,,,,,,,,,,,,,,,,,,,,,,0.00,,,,,,,false,false,12,2017-04-01,2018-03-31,0
2018-04-13,43470,2018-03-31,3,,,,,,,,,,,,,,,,,,,,,,,,,,,,,0.00,,,,,,,false,true,12,2017-04-01,2018-03-31,0
2018-04-13,43470,2018-03-31,3,,,,,,,,,,,,,,,,,,,,,,,,,,,,,,,,,79147323,1157427,71976045,false,false,9,2017-04-01,2017-12-31,0
2018-04-13,43470,2017-03-31,3,,,,,,,,,,,,,,,,,,,,,,,,,,,,,,,,,,,68493370,false,false,9,2016-04-01,2016-12-31,-1
2018-05-11,43470,2018-03-31,,10800000000,0.019,,,,,86000000,0.723,79000000,0.983,,-232000000,,-3.17,,,,,,,,,,,,,,,,,,,,,,true,true,12,2017-04-01,2018-03-31,0
2018-05-11,43470,2017-03-31,,10413000000,,,,,,38000000,,-14000000,,,-426000000,,-6.22,,,,,,,,,,,,,,,,,,,,,,true,false,12,2016-04-01,2017-03-31,-1
2018-05-30,43470,2018-03-31,,10800000000,0.037,,,,,86000000,1.216,79000000,,,-232000000,,-3.17,,-0.114,0.011,0.008,,6540000000,2884000000,0.366,30.73,2396000000,-98000000,-234000000,-358000000,1616000000,,,,,,,,true,false,12,2017-04-01,2018-03-31,0
2018-05-30,43470,2017-03-31,,10413000000,0.046,,,,,38000000,,-14000000,,,-426000000,,-6.22,,-0.215,-0.002,0.004,,7278000000,2420000000,0.233,24.64,1692000000,416000000,42000000,407000000,2304000000,,,,,,,,true,false,12,2016-04-01,2017-03-31,-1
2018-05-30,43470,2019-03-31,,11700000000,0.083,,,,,50000000,-0.419,40000000,-0.494,,-80000000,,-1.09,,,,,,,,,,,,,,,,,,,,,,true,true,12,2018-04-01,2019-03-31,1
2018-05-30,43470,2017-03-31,,,,,,,,,,,,,,,,,,,,,,,,,,,,,,0.00,,,,69861611,1157332,68545375,false,false,12,2016-04-01,2017-03-31,-1
2018-05-30,43470,2018-03-31,,,,,,,,,,,,,,,,,,,,,,,,,,,,,,0.00,,,,79147323,1157427,73458912,false,false,12,2017-04-01,2018-03-31,0
2018-05-30,43470,2019-03-31,,,,,,,,,,,,,,,,,,,,,,,,,,,,,,0.00,,,,,,,false,true,12,2018-04-01,2019-03-31,1
2018-05-30,43470,2018-03-31,,10800000000,0.037,,,,,88000000,1.141,81000000,,,46000000,,0.64,,0.028,0.012,0.008,,6535000000,2675000000,0.335,28.05,2187000000,-98000000,-234000000,-358000000,1616000000,,,,,,,,true,false,12,2017-04-01,2018-03-31,0
2018-05-30,43470,2017-03-31,,10413000000,0.046,,,,,41000000,,-11000000,,,-453000000,,-6.61,,-0.301,-0.002,0.004,,6727000000,1665000000,0.179,17.53,1204000000,416000000,42000000,407000000,2304000000,,,,,,,,true,false,12,2016-04-01,2017-03-31,-1
2018-05-30,43470,2019-03-31,,11700000000,0.083,,,,,50000000,-0.432,40000000,-0.506,,-80000000,,-1.09,,,,,,,,,,,,,,,,,,,,,,true,true,12,2018-04-01,2019-03-31,1
2018-05-30,43470,2017-03-31,,,,,,,,,,,,,,,,,,,,,,,,,,,,,,0.00,,,,69861611,1157332,68545375,false,false,12,2016-04-01,2017-03-31,-1
2018-05-30,43470,2018-03-31,,,,,,,,,,,,,,,,,,,,,,,,,,,,,,0.00,,,,79147323,1157427,73458912,false,false,12,2017-04-01,2018-03-31,0
2018-05-30,43470,2019-03-31,,,,,,,,,,,,,,,,,,,,,,,,,,,,,,0.00,,,,,,,false,true,12,2018-04-01,2019-03-31,1
2018-08-09,43470,2019-03-31,1,2764000000,0.040,,,,,-30000000,,-43000000,,,-89000000,,-1.14,,,,,,6025000000,2589000000,0.347,26.83,2092000000,,,,,,,,,,,,true,false,3,2018-04-01,2018-06-30,0
2018-08-09,43470,2018-03-31,1,2657000000,0.014,,,,,26000000,0.857,27000000,,,60000000,,0.88,0.78,,,,,,,,,,,,,,,,,,,,,true,false,3,2017-04-01,2017-06-30,-1
2018-08-09,43470,2019-03-31,1,11700000000,0.083,,,,,50000000,-0.432,40000000,-0.506,,-80000000,,-1.03,,,,,,,,,,,,,,,,,,,,,,true,true,12,2018-04-01,2019-03-31,0
2018-08-09,43470,2018-03-31,1,,,,,,,,,,,,,,,,,,,,6535000000,2675000000,0.335,28.05,2187000000,,,,,,,,,,,,true,false,12,2017-04-01,2018-03-31,-1
2018-08-09,43470,2018-03-31,1,,,,,,,,,,,,,,,,,,,,,,,,,,,,,0.00,,,,79147323,1157427,,false,false,12,2017-04-01,2018-03-31,-1
2018-08-09,43470,2019-03-31,1,,,,,,,,,,,,,,,,,,,,,,,,,,,,,0.00,,,,,,,false,true,12,2018-04-01,2019-03-31,0
2018-08-09,43470,2019-03-31,1,,,,,,,,,,,,,,,,,,,,,,,,,,,,,,,,,79147323,1157427,77989896,false,false,3,2018-04-01,2018-06-30,0
2018-08-09,43470,2018-03-31,1,,,,,,,,,,,,,,,,,,,,,,,,,,,,,,,,,,,68704186,false,false,3,2017-04-01,2017-06-30,-1
2018-11-01,43470,2019-03-31,2,5509000000,0.068,,,,,-97000000,,-83000000,,,-165000000,,-2.12,,,,,,6595000000,2529000000,0.305,25.83,2014000000,,,,,,,,,,,,true,false,6,2018-04-01,2018-09-30,0
2018-11-01,43470,2018-03-31,2,5159000000,-0.006,,,,,-2000000,,-15000000,,,0,,0.01,0.01,,,,,,,,,,,,,,,,,,,,,true,false,6,2017-04-01,2017-09-30,-1
2018-11-01,43470,2019-03-31,2,11700000000,0.083,,,,,50000000,-0.432,40000000,-0.506,,-80000000,,-1.03,,,,,,,,,,,,,,,,,,,,,,true,true,12,2018-04-01,2019-03-31,0
2018-11-01,43470,2018-03-31,2,,,,,,,,,,,,,,,,,,,,6535000000,2675000000,0.335,28.05,2187000000,,,,,,,,,,,,true,false,12,2017-04-01,2018-03-31,-1
2018-11-01,43470,2018-03-31,2,,,,,,,,,,,,,,,,,,,,,,,,,,,,,0.00,,,,79147323,1157427,,false,false,12,2017-04-01,2018-03-31,-1
2018-11-01,43470,2019-03-31,2,,,,,,,,,,,,,,,,,,,,,,,,,,,,,0.00,,,,,,,false,false,12,2018-04-01,2019-03-31,0
2018-11-01,43470,2019-03-31,2,,,,,,,,,,,,,,,,,,,,,,,,,,,,,0.00,,,,,,,false,true,12,2018-04-01,2019-03-31,0
2018-11-01,43470,2019-03-31,2,,,,,,,,,,,,,,,,,,,,,,,,,,,,,,,,,79147323,1157427,77989896,false,false,6,2018-04-01,2018-09-30,0
2018-11-01,43470,2018-03-31,2,,,,,,,,,,,,,,,,,,,,,,,,,,,,,,,,,,,69743737,false,false,6,2017-04-01,2017-09-30,-1
2018-11-30,43470,2019-03-31,,11700000000,,,,,,50000000,,40000000,,,-34000000,,-0.44,,,,,,,,,,,,,,,,,,,,,,true,true,12,2018-04-01,2019-03-31,0
2018-11-30,43470,2018-03-31,,10800000000,,,,,,88000000,,81000000,,,46000000,,0.64,,,,,,,,,,,,,,,,,,,,,,true,false,12,2017-04-01,2018-03-31,-1
2019-02-01,43470,2019-03-31,3,8301000000,0.037,,,,,31000000,-0.564,60000000,0.019,,-39000000,,-0.51,,,,,,6335000000,2652000000,0.335,27.19,2120000000,,,,,,,,,,,,true,false,9,2018-04-01,2018-12-31,0
2019-02-01,43470,2018-03-31,3,8005000000,0.037,,,,,72000000,,58000000,,,47000000,,0.66,,,,,,,,,,,,,,,,,,,,,,true,false,9,2017-04-01,2017-12-31,-1
2019-02-01,43470,2019-03-31,3,11700000000,0.083,,,,,100000000,0.136,130000000,0.605,,100000000,,1.28,,,,,,,,,,,,,,,,,,,,,,true,true,12,2018-04-01,2019-03-31,0
2019-02-01,43470,2018-03-31,3,,,,,,,,,,,,,,,,,,,,6535000000,2675000000,0.335,28.05,2187000000,,,,,,,,,,,,true,false,12,2017-04-01,2018-03-31,-1
2019-02-01,43470,2018-03-31,3,,,,,,,,,,,,,,,,,,,,,,,,,,,,,0.00,,,,79147323,1157427,,false,false,12,2017-04-01,2018-03-31,-1
2019-02-01,43470,2019-03-31,3,,,,,,,,,,,,,,,,,,,,,,,,,,,,,0.00,,,,,,,false,false,12,2018-04-01,2019-03-31,0
2019-02-01,43470,2019-03-31,3,,,,,,,,,,,,,,,,,,,,,,,,,,,,,0.00,,,,,,,false,true,12,2018-04-01,2019-03-31,0
2019-02-01,43470,2019-03-31,3,,,,,,,,,,,,,,,,,,,,,,,,,,,,,,,,,79147323,1157427,77989896,false,false,9,2018-04-01,2018-12-31,0
2019-02-01,43470,2018-03-31,3,,,,,,,,,,,,,,,,,,,,,,,,,,,,,,,,,,,71976045,false,false,9,2017-04-01,2017-12-31,-1
2019-02-01,43470,2019-03-31,,11700000000,,,,,,100000000,1.000,130000000,2.250,,100000000,,1.28,,,,,,,,,,,,,,,,,,,,,,true,true,12,2018-04-01,2019-03-31,0
2019-02-01,43470,2018-03-31,,10800000000,,,,,,88000000,,81000000,,,46000000,,0.64,,,,,,,,,,,,,,,,,,,,,,true,false,12,2017-04-01,2018-03-31,-1
2019-04-25,43470,2019-03-31,,11123000000,-0.049,,,,,167000000,0.672,203000000,0.565,,167000000,,2.15,,,,,,,,,,,,,,,,,,,,,,true,true,12,2018-04-01,2019-03-31,0
2019-04-25,43470,2018-03-31,,10800000000,,,,,,88000000,,81000000,,,46000000,,0.64,,,,,,,,,,,,,,,,,,,,,,true,false,12,2017-04-01,2018-03-31,-1
2019-05-10,43470,2019-03-31,,11123000000,0.030,,,,,167000000,0.884,203000000,1.483,,167000000,,2.15,,0.074,0.031,0.015,,6557000000,3003000000,0.356,29.92,2333000000,407000000,-4000000,-149000000,1869000000,,,,,,,,true,false,12,2018-04-01,2019-03-31,0
2019-05-10,43470,2018-03-31,,10800000000,0.037,,,,,88000000,1.141,81000000,,,46000000,,0.64,,0.028,0.012,0.008,,6535000000,2675000000,0.335,28.05,2187000000,-98000000,-234000000,-358000000,1616000000,,,,,,,,true,false,12,2017-04-01,2018-03-31,-1
2019-05-10,43470,2020-03-31,,12000000000,0.079,,,,,350000000,1.096,360000000,0.773,,180000000,,2.31,,,,,,,,,,,,,,,,,,,,,,true,true,12,2019-04-01,2020-03-31,1
2019-05-10,43470,2018-03-31,,,,,,,,,,,,,,,,,,,,,,,,,,,,,,0.00,,,,79147323,1157427,73458912,false,false,12,2017-04-01,2018-03-31,-1
2019-05-10,43470,2019-03-31,,,,,,,,,,,,,,,,,,,,,,,,,,,,,,0.00,,,,79147323,1157427,77989896,false,false,12,2018-04-01,2019-03-31,0
2019-05-10,43470,2020-03-31,,,,,,,,,,,,,,,,,,,,,,,,,,,,,,0.00,,,,,,,false,true,12,2019-04-01,2020-03-31,1
2019-07-30,43470,2020-03-31,1,2803000000,0.014,,,,,139000000,,183000000,,,150000000,,1.93,,,,,,6493000000,3213000000,0.381,31.69,2471000000,,,,,,,,,,,,true,false,3,2019-04-01,2019-06-30,0
2019-07-30,43470,2019-03-31,1,2764000000,0.040,,,,,-30000000,,-43000000,,,-89000000,,-1.14,,,,,,,,,,,,,,,,,,,,,,true,false,3,2018-04-01,2018-06-30,-1
2019-07-30,43470,2020-03-31,1,12000000000,0.079,,,,,350000000,1.096,360000000,0.773,,180000000,,2.31,,,,,,,,,,,,,,,,,,,,,,true,true,12,2019-04-01,2020-03-31,0
2019-07-30,43470,2019-03-31,1,,,,,,,,,,,,,,,,,,,,6557000000,3003000000,0.356,29.92,2333000000,,,,,,,,,,,,true,false,12,2018-04-01,2019-03-31,-1
2019-07-30,43470,2019-03-31,1,,,,,,,,,,,,,,,,,,,,,,,,,,,,,0.00,,,,79147323,1157427,,false,false,12,2018-04-01,2019-03-31,-1
2019-07-30,43470,2020-03-31,1,,,,,,,,,,,,,,,,,,,,,,,,,,,,,0.00,,,,,,,false,true,12,2019-04-01,2020-03-31,0
2019-07-30,43470,2020-03-31,1,,,,,,,,,,,,,,,,,,,,,,,,,,,,,,,,,79147323,1157427,77989896,false,false,3,2019-04-01,2019-06-30,0
2019-07-30,43470,2019-03-31,1,,,,,,,,,,,,,,,,,,,,,,,,,,,,,,,,,,,77989896,false,false,3,2018-04-01,2018-06-30,-1
2019-09-30,43470,2020-03-31,,12000000000,,,,,,350000000,,410000000,0.139,,270000000,,3.46,,,,,,,,,,,,,,,,,,,,,,true,true,12,2019-04-01,2020-03-31,0
2019-09-30,43470,2019-03-31,,11123000000,,,,,,167000000,,203000000,,,167000000,,2.15,,,,,,,,,,,,,,,,,,,,,,true,false,12,2018-04-01,2019-03-31,-1
2019-10-30,43470,2020-03-31,2,5491000000,-0.003,,,,,174000000,,268000000,,,222000000,,2.85,,,,,,6603000000,3305000000,0.379,32.09,2502000000,,,,,,,,,,,,true,false,6,2019-04-01,2019-09-30,0
2019-10-30,43470,2019-03-31,2,5509000000,0.068,,,,,-97000000,,-83000000,,,-165000000,,-2.12,,,,,,,,,,,,,,,,,,,,,,true,false,6,2018-04-01,2018-09-30,-1
2019-10-30,43470,2020-03-31,2,12000000000,0.079,,,,,450000000,1.695,510000000,1.512,,340000000,,4.36,,,,,,,,,,,,,,,,,,,,,,true,true,12,2019-04-01,2020-03-31,0
2019-10-30,43470,2019-03-31,2,,,,,,,,,,,,,,,,,,,,6557000000,3003000000,0.356,29.92,2333000000,,,,,,,,,,,,true,false,12,2018-04-01,2019-03-31,-1
2019-10-30,43470,2019-03-31,2,,,,,,,,,,,,,,,,,,,,,,,,,,,,,0.00,,,,79147323,1157427,,false,false,12,2018-04-01,2019-03-31,-1
2019-10-30,43470,2020-03-31,2,,,,,,,,,,,,,,,,,,,,,,,,,,,,,0.00,,,,,,,false,false,12,2019-04-01,2020-03-31,0
2019-10-30,43470,2020-03-31,2,,,,,,,,,,,,,,,,,,,,,,,,,,,,,0.00,,,,,,,false,true,12,2019-04-01,2020-03-31,0
2019-10-30,43470,2020-03-31,2,,,,,,,,,,,,,,,,,,,,,,,,,,,,,,,,,79147323,1157427,77989896,false,false,6,2019-04-01,2019-09-30,0
2019-10-30,43470,2019-03-31,2,,,,,,,,,,,,,,,,,,,,,,,,,,,,,,,,,,,77989896,false,false,6,2018-04-01,2018-09-30,-1
2020-01-30,43470,2020-03-31,3,8433000000,0.016,,,,,376000000,,481000000,7.018,,350000000,,4.49,,,,,,6807000000,3476000000,0.388,33.86,2641000000,,,,,,,,,,,,true,false,9,2019-04-01,2019-12-31,0
2020-01-30,43470,2019-03-31,3,8301000000,0.037,,,,,31000000,-0.564,60000000,0.019,,-39000000,,-0.51,,,,,,,,,,,,,,,,,,,,,,true,false,9,2018-04-01,2018-12-31,-1
2020-01-30,43470,2020-03-31,3,12000000000,0.079,,,,,450000000,1.695,510000000,1.512,,340000000,,4.36,,,,,,,,,,,,,,,,,,,,,,true,true,12,2019-04-01,2020-03-31,0
2020-01-30,43470,2019-03-31,3,,,,,,,,,,,,,,,,,,,,6557000000,3003000000,0.356,29.92,2333000000,,,,,,,,,,,,true,false,12,2018-04-01,2019-03-31,-1
2020-01-30,43470,2019-03-31,3,,,,,,,,,,,,,,,,,,,,,,,,,,,,,0.00,,,,79147323,1157427,,false,false,12,2018-04-01,2019-03-31,-1
2020-01-30,43470,2020-03-31,3,,,,,,,,,,,,,,,,,,,,,,,,,,,,,0.00,,,,,,,false,false,12,2019-04-01,2020-03-31,0
2020-01-30,43470,2020-03-31,3,,,,,,,,,,,,,,,,,,,,,,,,,,,,,0.00,,,,,,,false,true,12,2019-04-01,2020-03-31,0
2020-01-30,43470,2020-03-31,3,,,,,,,,,,,,,,,,,,,,,,,,,,,,,,,,,79147323,1157427,77989896,false,false,9,2019-04-01,2019-12-31,0
2020-01-30,43470,2019-03-31,3,,,,,,,,,,,,,,,,,,,,,,,,,,,,,,,,,,,77989896,false,false,9,2018-04-01,2018-12-31,-1
2020-05-15,43470,2020-03-31,,11506000000,0.034,,,,,505000000,2.021,627000000,2.087,,411000000,,5.27,,0.164,0.090,0.044,,7408000000,3552000000,0.364,34.54,2693000000,1991000000,-256000000,-235000000,3374000000,,,,,,,,true,false,12,2019-04-01,2020-03-31,0
2020-05-15,43470,2019-03-31,,11123000000,0.030,,,,,167000000,0.884,203000000,1.483,,167000000,,2.15,,0.074,0.031,0.015,,6557000000,3003000000,0.356,29.92,2333000000,407000000,-4000000,-149000000,1869000000,,,,,,,,true,false,12,2018-04-01,2019-03-31,-1
2020-05-15,43470,2019-03-31,,,,,,,,,,,,,,,,,,,,,,,,,,,,,,0.00,,,,79147323,1157427,77989896,false,false,12,2018-04-01,2019-03-31,-1
2020-05-15,43470,2020-03-31,,,,,,,,,,,,,,,,,,,,,,,,,,,,,,0.00,,,,79147323,1157427,77989896,false,false,12,2019-04-01,2020-03-31,0
2020-05-15,43470,2021-03-31,,,,,,,,,,,,,,,,,,,,,,,,,,,,,,0.00,,,,,,,false,true,12,2020-04-01,2021-03-31,1
2020-08-28,43470,2021-03-31,1,2705000000,-0.035,,,,,129000000,-0.072,137000000,-0.250,,90000000,,1.17,,,,,,6877000000,3666000000,0.405,35.73,2786000000,,,,,,,,,,,,true,false,3,2020-04-01,2020-06-30,0
2020-08-28,43470,2020-03-31,1,2803000000,0.014,,,,,139000000,,183000000,,,150000000,,1.93,,,,,,,,,,,,,,,,,,,,,,true,false,3,2019-04-01,2019-06-30,-1
2020-08-28,43470,2020-03-31,1,,,,,,,,,,,,,,,,,,,,7408000000,3552000000,0.364,34.54,2693000000,,,,,,,,,,,,true,false,12,2019-04-01,2020-03-31,-1
2020-08-28,43470,2020-03-31,1,,,,,,,,,,,,,,,,,,,,,,,,,,,,,0.00,,,,79147323,1157427,,false,false,12,2019-04-01,2020-03-31,-1
2020-08-28,43470,2021-03-31,1,,,,,,,,,,,,,,,,,,,,,,,,,,,,,0.00,,,,,,,false,true,12,2020-04-01,2021-03-31,0
2020-08-28,43470,2021-03-31,1,,,,,,,,,,,,,,,,,,,,,,,,,,,,,,,,,79147323,1157427,77989896,false,false,3,2020-04-01,2020-06-30,0
2020-08-28,43470,2020-03-31,1,,,,,,,,,,,,,,,,,,,,,,,,,,,,,,,,,,,77989896,false,false,3,2019-04-01,2019-06-30,-1
2020-10-30,43470,2021-03-31,2,5304000000,-0.034,,,,,142000000,-0.187,138000000,-0.482,,43000000,,0.55,,,,,,6684000000,3646000000,0.411,35.21,2745000000,,,,,,,,,,,,true,false,6,2020-04-01,2020-09-30,0
2020-10-30,43470,2020-03-31,2,5491000000,-0.003,,,,,174000000,,268000000,,,222000000,,2.85,,,,,,,,,,,,,,,,,,,,,,true,false,6,2019-04-01,2019-09-30,-1
2020-10-30,43470,2021-03-31,2,11000000000,-0.044,,,,,400000000,-0.208,400000000,-0.363,,190000000,,2.44,,,,,,,,,,,,,,,,,,,,,,true,true,12,2020-04-01,2021-03-31,0
2020-10-30,43470,2020-03-31,2,,,,,,,,,,,,,,,,,,,,7408000000,3552000000,0.364,34.54,2693000000,,,,,,,,,,,,true,false,12,2019-04-01,2020-03-31,-1
2020-10-30,43470,2020-03-31,2,,,,,,,,,,,,,,,,,,,,,,,,,,,,,0.00,,,,79147323,1157427,,false,false,12,2019-04-01,2020-03-31,-1
2020-10-30,43470,2021-03-31,2,,,,,,,,,,,,,,,,,,,,,,,,,,,,,0.00,,,,,,,false,false,12,2020-04-01,2021-03-31,0
2020-10-30,43470,2021-03-31,2,,,,,,,,,,,,,,,,,,,,,,,,,,,,,0.00,,,,,,,false,true,12,2020-04-01,2021-03-31,0
2020-10-30,43470,2021-03-31,2,,,,,,,,,,,,,,,,,,,,,,,,,,,,,,,,,79147323,1157427,77989896,false,false,6,2020-04-01,2020-09-30,0
2020-10-30,43470,2020-03-31,2,,,,,,,,,,,,,,,,,,,,,,,,,,,,,,,,,,,77989896,false,false,6,2019-04-01,2019-09-30,-1
2021-02-15,43470,2021-03-31,3,8058000000,-0.045,,,,,284000000,-0.244,278000000,-0.420,,14000000,,0.19,,,,,,6469000000,3502000000,0.397,33.64,2570000000,,,,,,,,,,,,true,false,9,2020-04-01,2020-12-31,0
2021-02-15,43470,2020-03-31,3,8433000000,0.016,,,,,376000000,,481000000,7.018,,350000000,,4.49,,,,,,,,,,,,,,,,,,,,,,true,false,9,2019-04-01,2019-12-31,-1
2021-02-15,43470,2021-03-31,3,11000000000,-0.044,,,,,400000000,-0.208,400000000,-0.363,,190000000,,2.46,,,,,,,,,,,,,,,,,,,,,,true,true,12,2020-04-01,2021-03-31,0
2021-02-15,43470,2020-03-31,3,,,,,,,,,,,,,,,,,,,,7408000000,3552000000,0.364,34.54,2693000000,,,,,,,,,,,,true,false,12,2019-04-01,2020-03-31,-1
2021-02-15,43470,2020-03-31,3,,,,,,,,,,,,,,,,,,,,,,,,,,,,,0.00,,,,79147323,1157427,,false,false,12,2019-04-01,2020-03-31,-1
2021-02-15,43470,2021-03-31,3,,,,,,,,,,,,,,,,,,,,,,,,,,,,,0.00,,,,,,,false,false,12,2020-04-01,2021-03-31,0
2021-02-15,43470,2021-03-31,3,,,,,,,,,,,,,,,,,,,,,,,,,,,,,0.00,,,,,,,false,true,12,2020-04-01,2021-03-31,0
2021-02-15,43470,2021-03-31,3,,,,,,,,,,,,,,,,,,,,,,,,,,,,,,,,,79147323,2757427,77689969,false,false,9,2020-04-01,2020-12-31,0
2021-02-15,43470,2020-03-31,3,,,,,,,,,,,,,,,,,,,,,,,,,,,,,,,,,,,77989896,false,false,9,2019-04-01,2019-12-31,-1
2021-04-28,43470,2021-03-31,,10991000000,-0.045,,,,,478000000,-0.052,476000000,-0.240,,151000000,,1.95,,0.056,0.066,0.044,,6994000000,3706000000,0.393,35.77,2748000000,558000000,-136000000,-432000000,3368000000,,,,,,,,true,false,12,2020-04-01,2021-03-31,0
2021-04-28,43470,2020-03-31,,11506000000,0.034,,,,,505000000,2.021,627000000,2.087,,411000000,,5.27,,0.164,0.090,0.044,,7408000000,3552000000,0.364,34.54,2693000000,1991000000,-256000000,-235000000,3374000000,,,,,,,,true,false,12,2019-04-01,2020-03-31,-1
2021-04-28,43470,2022-03-31,,12000000000,0.092,,,,,600000000,0.255,600000000,0.261,,400000000,,5.17,,,,,,,,,,,,,,,,,,,,,,true,true,12,2021-04-01,2022-03-31,1
2021-04-28,43470,2020-03-31,,,,,,,,,,,,,,,,,,,,,,,,,,,,,,0.00,,,,79147323,1157427,77989896,false,false,12,2019-04-01,2020-03-31,-1
2021-04-28,43470,2021-03-31,,,,,,,,,,,,,,,,,,,,,,,,,,,,,,0.00,,,,79147323,2303027,77385587,false,false,12,2020-04-01,2021-03-31,0
2021-07-29,43470,2022-03-31,1,3024000000,0.118,,,,,186000000,0.436,202000000,0.474,,316000000,,4.12,,,,,,7389000000,4132000000,0.415,39.92,3067000000,,,,,,,,,,,,true,false,3,2021-04-01,2021-06-30,0
2021-07-29,43470,2021-03-31,1,2705000000,-0.035,,,,,129000000,-0.072,137000000,-0.250,,90000000,,1.17,,,,,,,,,,,,,,,,,,,,,,true,false,3,2020-04-01,2020-06-30,-1
2021-07-29,43470,2022-03-31,1,12000000000,0.092,,,,,600000000,0.255,600000000,0.261,,550000000,,7.16,,,,,,,,,,,,,,,,,,,,,,true,true,12,2021-04-01,2022-03-31,0
2021-07-29,43470,2021-03-31,1,,,,,,,,,,,,,,,,,,,,6994000000,3706000000,0.393,35.77,2748000000,,,,,,,,,,,,true,false,12,2020-04-01,2021-03-31,-1
2021-07-29,43470,2021-03-31,1,,,,,,,,,,,,,,,,,,,,,,,,,,,,,0.00,,,,79147323,2303027,,false,false,12,2020-04-01,2021-03-31,-1
2021-07-29,43470,2022-03-31,1,,,,,,,,,,,,,,,,,,,,,,,,,,,,,,,,,79147323,2304027,76844197,false,false,3,2021-04-01,2021-06-30,0
2021-07-29,43470,2021-03-31,1,,,,,,,,,,,,,,,,,,,,,,,,,,,,,,,,,,,77989896,false,false,3,2020-04-01,2020-06-30,-1
2021-10-27,43470,2022-03-31,2,5967000000,0.125,,,,,319000000,1.248,355000000,1.558,,413000000,,53.77,,,,,,7974000000,4248000000,0.397,412.03,3165000000,,,,,,,,,,,,true,false,6,2021-04-01,2021-09-30,0
2021-10-27,43470,2021-03-31,2,5304000000,-0.034,,,,,142000000,-0.187,138000000,-0.482,,43000000,,5.54,,,,,,,,,,,,,,,,,,,,,,true,false,6,2020-04-01,2020-09-30,-1
2021-10-27,43470,2022-03-31,2,12000000000,0.092,,,,,720000000,0.504,750000000,0.573,,750000000,,97.61,,,,,,,,,,,,,,,,,,,,,,true,true,12,2021-04-01,2022-03-31,0
2021-10-27,43470,2021-03-31,2,,,,,,,,,,,,,,,,,,,,6994000000,3706000000,0.393,357.68,2748000000,,,,,,,,,,,,true,false,12,2020-04-01,2021-03-31,-1
2021-10-27,43470,2021-03-31,2,,,,,,,,,,,,,,,,,,,,,,,,,,,,,0.00,,,,7914732,230302,,false,false,12,2020-04-01,2021-03-31,-1
2021-10-27,43470,2022-03-31,2,,,,,,,,,,,,,,,,,,,,,,,,,,,,,0.00,,,,,,,false,false,12,2021-04-01,2022-03-31,0
2021-10-27,43470,2022-03-31,2,,,,,,,,,,,,,,,,,,,,,,,,,,,,,,,,,7914732,231242,7684098,false,false,6,2021-04-01,2021-09-30,0
2021-10-27,43470,2021-03-31,2,,,,,,,,,,,,,,,,,,,,,,,,,,,,,,,,,,,7798990,false,false,6,2020-04-01,2020-09-30,-1
2022-01-28,43470,2022-03-31,3,9170000000,0.138,,,,,637000000,1.239,686000000,1.460,,721000000,,94.21,,,,,,8370000000,4398000000,0.391,436.99,3272000000,,,,,,,,,,,,true,false,9,2021-04-01,2021-12-31,0
2022-01-28,43470,2021-03-31,3,8058000000,-0.045,,,,,284000000,-0.244,278000000,-0.420,,14000000,,1.85,,,,,,,,,,,,,,,,,,,,,,true,false,9,2020-04-01,2020-12-31,-1
2022-01-28,43470,2022-03-31,3,12000000000,0.092,,,,,800000000,0.674,850000000,0.786,,850000000,,111.91,,,,,,,,,,,,,,,,,,,,,,true,true,12,2021-04-01,2022-03-31,0
2022-01-28,43470,2021-03-31,3,,,,,,,,,,,,,,,,,,,,6994000000,3706000000,0.393,357.68,2748000000,,,,,,,,,,,,true,false,12,2020-04-01,2021-03-31,-1
2022-01-28,43470,2021-03-31,3,,,,,,,,,,,,,,,,,,,,,,,,,,,,,0.00,,,,7914732,230302,,false,false,12,2020-04-01,2021-03-31,-1
2022-01-28,43470,2022-03-31,3,,,,,,,,,,,,,,,,,,,,,,,,,,,,,0.00,,,,,,,false,false,12,2021-04-01,2022-03-31,0
2022-01-28,43470,2022-03-31,3,,,,,,,,,,,,,,,,,,,,,,,,,,,,,,,,,7914732,426313,7661648,false,false,9,2021-04-01,2021-12-31,0
2022-01-28,43470,2021-03-31,3,,,,,,,,,,,,,,,,,,,,,,,,,,,,,,,,,,,7768997,false,false,9,2020-04-01,2020-12-31,-1
2022-04-27,43470,2022-03-31,,12339000000,0.123,,,,,876000000,0.831,935000000,0.961,,1011000000,,133.12,,0.325,0.117,0.071,,8940000000,4610000000,0.388,470.74,3466000000,1934000000,42000000,-118000000,5301000000,,0.188,,,,,,true,false,12,2021-04-01,2022-03-31,0
2022-04-27,43470,2021-03-31,,10991000000,-0.045,,,,,478000000,-0.052,476000000,-0.240,,151000000,,19.52,,0.056,0.066,0.044,,6994000000,3706000000,0.393,357.68,2748000000,558000000,-136000000,-432000000,3368000000,,,,,,,,true,false,12,2020-04-01,2021-03-31,-1
2022-04-27,43470,2023-03-31,,13600000000,0.102,,,,,1000000000,0.142,1050000000,0.123,,1050000000,,142.57,,,,,,,,,,,,,,,,0.210,,,,,,true,true,12,2022-04-01,2023-03-31,1
2022-04-27,43470,2021-03-31,,,,,,,,,,,,,,,,,,,,,,,,,,,,,,0.00,,,,7914732,230302,7738559,false,false,12,2020-04-01,2021-03-31,-1
2022-04-27,43470,2022-03-31,,,,,,,,,,,,,,,,,,,,,,,,,,,,,,25.00,,,,7914732,549943,7595061,false,false,12,2021-04-01,2022-03-31,0
2022-04-27,43470,2023-03-31,,,,,,,,,,,,,,,,,,,,,,,,,,,,,,30.00,,,,,,,false,true,12,2022-04-01,2023-03-31,1
2022-07-28,43470,2023-03-31,1,3203000000,0.059,,,,,289000000,0.554,314000000,0.552,,272000000,,37.00,,,,,,8571000000,4663000000,0.414,481.61,3544000000,,,,,,,,,,,,true,false,3,2022-04-01,2022-06-30,0
2022-07-28,43470,2022-03-31,1,3024000000,0.118,,,,,186000000,0.436,202000000,0.474,,316000000,,41.16,,,,,,,,,,,,,,,,,,,,,,true,false,3,2021-04-01,2021-06-30,-1
2022-07-28,43470,2023-03-31,1,13600000000,0.102,,,,,1000000000,0.142,1050000000,0.123,,1050000000,,142.65,,,,,,,,,,,,,,,,,,,,,,true,true,12,2022-04-01,2023-03-31,0
2022-07-28,43470,2022-03-31,1,,,,,,,,,,,,,,,,,,,,8940000000,4610000000,0.388,470.74,3466000000,,,,,,,,,,,,true,false,12,2021-04-01,2022-03-31,-1
2022-07-28,43470,2022-03-31,1,,,,,,,,,,,,,,,,,,,,,,,,,,,,,25.00,,,,7914732,549943,,false,false,12,2021-04-01,2022-03-31,-1
2022-07-28,43470,2023-03-31,1,,,,,,,,,,,,,,,,,,,,,,,,,,,,,30.00,,,,,,,false,true,12,2022-04-01,2023-03-31,0
2022-07-28,43470,2023-03-31,1,,,,,,,,,,,,,,,,,,,,,,,,,,,,,,,,,7914732,554433,7362654,false,false,3,2022-04-01,2022-06-30,0
2022-07-28,43470,2022-03-31,1,,,,,,,,,,,,,,,,,,,,,,,,,,,,,,,,,,,7684420,false,false,3,2021-04-01,2021-06-30,-1
2022-10-28,43470,2023-03-31,2,6323000000,0.060,,,,,465000000,0.457,503000000,0.415,,326000000,,44.32,,,,,,8663000000,4742000000,0.417,490.38,3615000000,,,,,,,,,,,,true,false,6,2022-04-01,2022-09-30,0
2022-10-28,43470,2022-03-31,2,5967000000,0.125,,,,,319000000,1.248,355000000,1.558,,413000000,,53.77,,,,,,,,,,,,,,,,,,,,,,true,false,6,2021-04-01,2021-09-30,-1
2022-10-28,43470,2023-03-31,2,13600000000,0.102,,,,,1000000000,0.142,1050000000,0.123,,1050000000,,142.15,,,,,,,,,,,,,,,,,,,,,,true,true,12,2022-04-01,2023-03-31,0
2022-10-28,43470,2022-03-31,2,,,,,,,,,,,,,,,,,,,,8940000000,4610000000,0.388,470.74,3466000000,,,,,,,,,,,,true,false,12,2021-04-01,2022-03-31,-1
2022-10-28,43470,2022-03-31,2,,,,,,,,,,,,,,,,,,,,,,,,,,,,,25.00,,,,7914732,549943,,false,false,12,2021-04-01,2022-03-31,-1
2022-10-28,43470,2023-03-31,2,,,,,,,,,,,,,,,,,,,,,,,,,,,,,0.00,,,,,,,false,false,12,2022-04-01,2023-03-31,0
2022-10-28,43470,2023-03-31,2,,,,,,,,,,,,,,,,,,,,,,,,,,,,,30.00,,,,,,,false,true,12,2022-04-01,2023-03-31,0
2022-10-28,43470,2023-03-31,2,,,,,,,,,,,,,,,,,,,,,,,,,,,,,,,,,7914732,542623,7363526,false,false,6,2022-04-01,2022-09-30,0
2022-10-28,43470,2022-03-31,2,,,,,,,,,,,,,,,,,,,,,,,,,,,,,,,,,,,7684098,false,false,6,2021-04-01,2021-09-30,-1
2023-02-03,43470,2023-03-31,3,9653000000,0.053,,,,,774000000,0.216,808000000,0.178,,549000000,,74.49,,,,,,8889000000,5030000000,0.438,524.87,3891000000,,,,,,,,,,,,true,false,9,2022-04-01,2022-12-31,0
2023-02-03,43470,2022-03-31,3,9170000000,0.138,,,,,637000000,1.239,686000000,1.460,,721000000,,94.21,,,,,,,,,,,,,,,,,,,,,,true,false,9,2021-04-01,2021-12-31,-1
2023-02-03,43470,2023-03-31,3,13600000000,0.102,,,,,1000000000,0.142,1050000000,0.123,,1050000000,,142.16,,,,,,,,,,,,,,,,,,,,,,true,true,12,2022-04-01,2023-03-31,0
2023-02-03,43470,2022-03-31,3,,,,,,,,,,,,,,,,,,,,8940000000,4610000000,0.388,470.74,3466000000,,,,,,,,,,,,true,false,12,2021-04-01,2022-03-31,-1
2023-02-03,43470,2022-03-31,3,,,,,,,,,,,,,,,,,,,,,,,,,,,,,25.00,,,,7914732,549943,,false,false,12,2021-04-01,2022-03-31,-1
2023-02-03,43470,2023-03-31,3,,,,,,,,,,,,,,,,,,,,,,,,,,,,,0.00,,,,,,,false,false,12,2022-04-01,2023-03-31,0
2023-02-03,43470,2023-03-31,3,,,,,,,,,,,,,,,,,,,,,,,,,,,,,30.00,,,,,,,false,true,12,2022-04-01,2023-03-31,0
2023-02-03,43470,2023-03-31,3,,,,,,,,,,,,,,,,,,,,,,,,,,,,,,,,,7914732,500093,7376526,false,false,9,2022-04-01,2022-12-31,0
2023-02-03,43470,2022-03-31,3,,,,,,,,,,,,,,,,,,,,,,,,,,,,,,,,,,,7661648,false,false,9,2021-04-01,2021-12-31,-1
2023-05-09,43470,2023-03-31,,13023000000,0.055,,,,,1036000000,0.182,1079000000,0.154,,1110000000,,150.67,,0.286,0.114,0.080,,9948000000,5450000000,0.432,591.40,4300000000,1429000000,-331000000,-564000000,5866000000,,0.199,,,,,,true,false,12,2022-04-01,2023-03-31,0
2023-05-09,43470,2022-03-31,,12339000000,0.123,,,,,876000000,0.831,935000000,0.961,,1011000000,,133.12,,0.325,0.117,0.071,,8940000000,4610000000,0.388,470.74,3466000000,1934000000,42000000,-118000000,5301000000,,0.188,,,,,,true,false,12,2021-04-01,2022-03-31,-1
2023-05-09,43470,2024-03-31,,14300000000,0.098,,,,,1200000000,0.158,1200000000,0.112,,1000000000,,137.51,,,,,,,,,,,,,,,,0.240,,,,,,true,true,12,2023-04-01,2024-03-31,1
2023-05-09,43470,2022-03-31,,,,,,,,,,,,,,,,,,,,,,,,,,,,,,25.00,,,,7914732,549943,7595061,false,false,12,2021-04-01,2022-03-31,-1
2023-05-09,43470,2023-03-31,,,,,,,,,,,,,,,,,,,,,,,,,,,,,,30.00,,,,7914732,642303,7368832,false,false,12,2022-04-01,2023-03-31,0
2023-05-09,43470,2024-03-31,,,,,,,,,,,,,,,,,,,,,,,,,,,,,,33.00,,,,,,,false,true,12,2023-04-01,2024-03-31,1
2023-07-28,43470,2024-03-31,1,3556000000,0.110,,,,,360000000,0.244,394000000,0.253,,278000000,,38.34,,,,,,9582000000,5471000000,0.455,599.59,4357000000,,,,,,,,,,,,true,false,3,2023-04-01,2023-06-30,0
2023-07-28,43470,2023-03-31,1,3203000000,0.059,,,,,289000000,0.554,314000000,0.552,,272000000,,37.00,,,,,,,,,,,,,,,,,,,,,,true,false,3,2022-04-01,2022-06-30,-1
2023-07-28,43470,2024-03-31,1,14300000000,0.098,,,,,1200000000,0.158,1200000000,0.112,,1000000000,,137.60,,,,,,,,,,,,,,,,,,,,,,true,true,12,2023-04-01,2024-03-31,0
2023-07-28,43470,2023-03-31,1,,,,,,,,,,,,,,,,,,,,9948000000,5450000000,0.432,591.40,4300000000,,,,,,,,,,,,true,false,12,2022-04-01,2023-03-31,-1
2023-07-28,43470,2023-03-31,1,,,,,,,,,,,,,,,,,,,,,,,,,,,,,30.00,,,,7914732,642303,,false,false,12,2022-04-01,2023-03-31,-1
2023-07-28,43470,2024-03-31,1,,,,,,,,,,,,,,,,,,,,,,,,,,,,,33.00,,,,,,,false,true,12,2023-04-01,2024-03-31,0
2023-07-28,43470,2024-03-31,1,,,,,,,,,,,,,,,,,,,,,,,,,,,,,,,,,7914732,647903,7269404,false,false,3,2023-04-01,2023-06-30,0
2023-07-28,43470,2023-03-31,1,,,,,,,,,,,,,,,,,,,,,,,,,,,,,,,,,,,7362654,false,false,3,2022-04-01,2022-06-30,-1
2023-10-27,43470,2024-03-31,2,6861000000,0.085,,,,,552000000,0.186,589000000,0.173,,447000000,,61.59,,,,,,9892000000,5661000000,0.459,624.43,4545000000,,,,,,,,,,,,true,false,6,2023-04-01,2023-09-30,0
2023-10-27,43470,2023-03-31,2,6323000000,0.060,,,,,465000000,0.457,503000000,0.415,,326000000,,44.32,,,,,,,,,,,,,,,,,,,,,,true,false,6,2022-04-01,2022-09-30,-1
2023-10-27,43470,2024-03-31,2,14300000000,0.098,,,,,1200000000,0.158,1200000000,0.112,,1000000000,,137.46,,,,,,,,,,,,,,,,,,,,,,true,true,12,2023-04-01,2024-03-31,0
2023-10-27,43470,2023-03-31,2,,,,,,,,,,,,,,,,,,,,9948000000,5450000000,0.432,591.40,4300000000,,,,,,,,,,,,true,false,12,2022-04-01,2023-03-31,-1
2023-10-27,43470,2023-03-31,2,,,,,,,,,,,,,,,,,,,,,,,,,,,,,30.00,,,,7914732,642303,,false,false,12,2022-04-01,2023-03-31,-1
2023-10-27,43470,2024-03-31,2,,,,,,,,,,,,,,,,,,,,,,,,,,,,,0.00,,,,,,,false,false,12,2023-04-01,2024-03-31,0
2023-10-27,43470,2024-03-31,2,,,,,,,,,,,,,,,,,,,,,,,,,,,,,33.00,,,,,,,false,true,12,2023-04-01,2024-03-31,0
2023-10-27,43470,2024-03-31,2,,,,,,,,,,,,,,,,,,,,,,,,,,,,,,,,,7914732,635613,7270421,false,false,6,2023-04-01,2023-09-30,0
2023-10-27,43470,2023-03-31,2,,,,,,,,,,,,,,,,,,,,,,,,,,,,,,,,,,,7363526,false,false,6,2022-04-01,2022-09-30,-1
2024-02-07,43470,2024-03-31,3,10320000000,0.069,,,,,844000000,0.090,875000000,0.083,,653000000,,89.79,,,,,,10022000000,5878000000,0.474,652.49,4748000000,,,,,,,,,,,,true,false,9,2023-04-01,2023-12-31,0
2024-02-07,43470,2023-03-31,3,9653000000,0.053,,,,,774000000,0.216,808000000,0.178,,549000000,,74.49,,,,,,,,,,,,,,,,,,,,,,true,false,9,2022-04-01,2022-12-31,-1
2024-02-07,43470,2024-03-31,3,14200000000,0.090,,,,,850000000,-0.180,880000000,-0.184,,630000000,,86.61,,,,,,,,,,,,,,,,,,,,,,true,true,12,2023-04-01,2024-03-31,0
2024-02-07,43470,2023-03-31,3,,,,,,,,,,,,,,,,,,,,9948000000,5450000000,0.432,591.40,4300000000,,,,,,,,,,,,true,false,12,2022-04-01,2023-03-31,-1
2024-02-07,43470,2023-03-31,3,,,,,,,,,,,,,,,,,,,,,,,,,,,,,30.00,,,,7914732,642303,,false,false,12,2022-04-01,2023-03-31,-1
2024-02-07,43470,2024-03-31,3,,,,,,,,,,,,,,,,,,,,,,,,,,,,,0.00,,,,,,,false,false,12,2023-04-01,2024-03-31,0
2024-02-07,43470,2024-03-31,3,,,,,,,,,,,,,,,,,,,,,,,,,,,,,33.00,,,,,,,false,true,12,2023-04-01,2024-03-31,0
2024-02-07,43470,2024-03-31,3,,,,,,,,,,,,,,,,,,,,,,,,,,,,,,,,,7914732,636893,7273062,false,false,9,2023-04-01,2023-12-31,0
2024-02-07,43470,2023-03-31,3,,,,,,,,,,,,,,,,,,,,,,,,,,,,,,,,,,,7376526,false,false,9,2022-04-01,2022-12-31,-1
2024-05-10,43470,2024-03-31,,14179000000,0.089,,,,,869000000,-0.161,910000000,-0.156,,680000000,,93.50,,0.150,0.083,0.061,,11890000000,5909000000,0.402,656.25,4774000000,1176000000,-915000000,-320000000,5826000000,,0.353,,,,,,true,false,12,2023-04-01,2024-03-31,0
2024-05-10,43470,2023-03-31,,13023000000,0.055,,,,,1036000000,0.182,1079000000,0.154,,1110000000,,150.67,,0.286,0.114,0.080,,9948000000,5450000000,0.432,591.40,4300000000,1429000000,-331000000,-564000000,5866000000,,0.199,,,,,,true,false,12,2022-04-01,2023-03-31,-1
2024-05-10,43470,2025-03-31,,17000000000,0.199,,,,,1000000000,0.151,1000000000,0.099,,800000000,,112.35,,,,,,,,,,,,,,,,0.356,,,,,,true,true,12,2024-04-01,2025-03-31,1
2024-05-10,43470,2023-03-31,,,,,,,,,,,,,,,,,,,,,,,,,,,,,,30.00,,,,7914732,642303,7368832,false,false,12,2022-04-01,2023-03-31,-1
2024-05-10,43470,2024-03-31,,,,,,,,,,,,,,,,,,,,,,,,,,,,,,33.00,,,,7914732,638623,7274022,false,false,12,2023-04-01,2024-03-31,0
2024-05-10,43470,2025-03-31,,,,,,,,,,,,,,,,,,,,,,,,,,,,,,40.00,,,,,,,false,true,12,2024-04-01,2025-03-31,1
2024-07-30,43470,2025-03-31,1,4197000000,0.180,,,,,226000000,-0.371,245000000,-0.379,,94000000,,13.02,,,,,,11021000000,5579000000,0.404,621.73,4454000000,,,,,,,,,,,,true,false,3,2024-04-01,2024-06-30,0
2024-07-30,43470,2024-03-31,1,3556000000,0.110,,,,,360000000,0.244,394000000,0.253,,278000000,,38.34,,,,,,,,,,,,,,,,,,,,,,true,false,3,2023-04-01,2023-06-30,-1
2024-07-30,43470,2025-03-31,1,17000000000,0.199,,,,,1000000000,0.151,1000000000,0.099,,800000000,,112.07,,,,,,,,,,,,,,,,,,,,,,true,true,12,2024-04-01,2025-03-31,0
2024-07-30,43470,2024-03-31,1,,,,,,,,,,,,,,,,,,,,11890000000,5909000000,0.402,656.25,4774000000,,,,,,,,,,,,true,false,12,2023-04-01,2024-03-31,-1
2024-07-30,43470,2024-03-31,1,,,,,,,,,,,,,,,,,,,,,,,,,,,,,33.00,,,,7914732,638623,,false,false,12,2023-04-01,2024-03-31,-1
2024-07-30,43470,2025-03-31,1,,,,,,,,,,,,,,,,,,,,,,,,,,,,,40.00,,,,,,,false,true,12,2024-04-01,2025-03-31,0
2024-07-30,43470,2025-03-31,1,,,,,,,,,,,,,,,,,,,,,,,,,,,,,,,,,7500000,335061,7228843,false,false,3,2024-04-01,2024-06-30,0
2024-07-30,43470,2024-03-31,1,,,,,,,,,,,,,,,,,,,,,,,,,,,,,,,,,,,7269404,false,false,3,2023-04-01,2023-06-30,-1
2024-10-30,43470,2025-03-31,2,7871000000,0.147,,,,,269000000,-0.512,268000000,-0.545,,36000000,,5.07,,,,,,10783000000,5471000000,0.402,,4337000000,,,,,,,,,,,,true,false,6,2024-04-01,2024-09-30,0
2024-10-30,43470,2024-03-31,2,6861000000,0.085,,,,,552000000,0.186,589000000,0.173,,447000000,,61.59,,,,,,,,,,,,,,,,,,,,,,true,false,6,2023-04-01,2023-09-30,-1
2024-10-30,43470,2025-03-31,2,17000000000,0.199,,,,,1000000000,0.151,1000000000,0.099,,680000000,,95.04,,,,,,,,,,,,,,,,,,,,,,true,true,12,2024-04-01,2025-03-31,0
2024-10-30,43470,2024-03-31,2,,,,,,,,,,,,,,,,,,,,11890000000,5909000000,0.402,,4774000000,,,,,,,,,,,,true,false,12,2023-04-01,2024-03-31,-1
2024-10-30,43470,2024-03-31,2,,,,,,,,,,,,,,,,,,,,,,,,,,,,,33.00,,,,7914732,638623,,false,false,12,2023-04-01,2024-03-31,-1
2024-10-30,43470,2025-03-31,2,,,,,,,,,,,,,,,,,,,,,,,,,,,,,0.00,,,,,,,false,false,12,2024-04-01,2025-03-31,0
2024-10-30,43470,2025-03-31,2,,,,,,,,,,,,,,,,,,,,,,,,,,,,,40.00,,,,,,,false,true,12,2024-04-01,2025-03-31,0
2024-10-30,43470,2025-03-31,2,,,,,,,,,,,,,,,,,,,,,,,,,,,,,,,,,7500000,373981,7183315,false,false,6,2024-04-01,2024-09-30,0
2024-10-30,43470,2024-03-31,2,,,,,,,,,,,,,,,,,,,,,,,,,,,,,,,,,,,7270421,false,false,6,2023-04-01,2023-09-30,-1
2025-01-30,43470,2025-03-31,3,11724000000,0.136,,,,,477000000,-0.434,484000000,-0.446,,106000000,,14.89,,,,,,10616000000,5549000000,0.415,617.94,4403000000,,,,,,,,,,,,true,false,9,2024-04-01,2024-12-31,0
2025-01-30,43470,2024-03-31,3,10320000000,0.069,,,,,844000000,0.090,875000000,0.083,,653000000,,89.79,,,,,,,,,,,,,,,,,,,,,,true,false,9,2023-04-01,2023-12-31,-1
2025-01-30,43470,2025-03-31,3,17000000000,0.199,,,,,1000000000,0.151,1000000000,0.099,,680000000,,95.04,,,,,,,,,,,,,,,,,,,,,,true,true,12,2024-04-01,2025-03-31,0
2025-01-30,43470,2024-03-31,3,,,,,,,,,,,,,,,,,,,,11890000000,5909000000,0.402,656.25,4774000000,,,,,,,,,,,,true,false,12,2023-04-01,2024-03-31,-1
2025-01-30,43470,2024-03-31,3,,,,,,,,,,,,,,,,,,,,,,,,,,,,,33.00,,,,7914732,638623,,false,false,12,2023-04-01,2024-03-31,-1
2025-01-30,43470,2025-03-31,3,,,,,,,,,,,,,,,,,,,,,,,,,,,,,0.00,,,,,,,false,false,12,2024-04-01,2025-03-31,0
2025-01-30,43470,2025-03-31,3,,,,,,,,,,,,,,,,,,,,,,,,,,,,,40.00,,,,,,,false,true,12,2024-04-01,2025-03-31,0
2025-01-30,43470,2025-03-31,3,,,,,,,,,,,,,,,,,,,,,,,,,,,,,,,,,7500000,374521,7164046,false,false,9,2024-04-01,2024-12-31,0
2025-01-30,43470,2024-03-31,3,,,,,,,,,,,,,,,,,,,,,,,,,,,,,,,,,,,7273062,false,false,9,2023-04-01,2023-12-31,-1
2025-04-24,43470,2025-03-31,,15533000000,-0.086,,,,,707000000,-0.293,719000000,-0.280,,335000000,,46.86,,,,,,,,,,,,,,,,,,,,,,true,true,12,2024-04-01,2025-03-31,0
2025-04-24,43470,2024-03-31,,14179000000,,,,,,869000000,,910000000,,,680000000,,93.50,,,,,,,,,,,,,,,,,,,,,,true,false,12,2023-04-01,2024-03-31,-1
2025-05-01,43470,2025-03-31,,15533000000,0.096,,,,,707000000,-0.187,719000000,-0.210,,335000000,,46.86,,0.071,0.062,0.046,,11300000000,5780000000,0.410,649.95,4631000000,710000000,-30000000,-882000000,5621000000,,0.854,,,,,,true,false,12,2024-04-01,2025-03-31,0
2025-05-01,43470,2024-03-31,,14179000000,0.089,,,,,869000000,-0.161,910000000,-0.156,,680000000,,93.50,,0.150,0.083,0.061,,11890000000,5909000000,0.402,656.25,4774000000,1176000000,-915000000,-320000000,5826000000,,0.353,,,,,,true,false,12,2023-04-01,2024-03-31,-1
2025-05-01,43470,2026-03-31,,16400000000,0.056,,,,,1100000000,0.556,1100000000,0.530,,850000000,,119.29,,,,,,,,,,,,,,,,0.419,,,,,,true,true,12,2025-04-01,2026-03-31,1
2025-05-01,43470,2024-03-31,,,,,,,,,,,,,,,,,,,,,,,,,,,,,,33.00,,,,7914732,638623,7274022,false,false,12,2023-04-01,2024-03-31,-1
2025-05-01,43470,2025-03-31,,,,,,,,,,,,,,,,,,,,,,,,,,,,,,40.00,,,,7500000,374741,7154511,false,false,12,2024-04-01,2025-03-31,0
2025-05-01,43470,2026-03-31,,,,,,,,,,,,,,,,,,,,,,,,,,,,,,50.00,,,,,,,false,true,12,2025-04-01,2026-03-31,1
2025-07-30,43470,2026-03-31,1,3924000000,-0.065,,,,,244000000,0.078,254000000,0.038,,133000000,,18.72,,,,,,10081000000,5214000000,0.437,618.74,4408000000,,,,,,,,,,,,true,false,3,2025-04-01,2025-06-30,0
2025-07-30,43470,2025-03-31,1,4197000000,0.180,,,,,226000000,-0.371,245000000,-0.379,,94000000,,13.02,,,,,,,,,,,,,,,,,,,,,,true,false,3,2024-04-01,2024-06-30,-1
2025-07-30,43470,2026-03-31,1,16400000000,0.056,,,,,1100000000,0.556,1100000000,0.530,,850000000,,119.27,,,,,,,,,,,,,,,,,,,,,,true,true,12,2025-04-01,2026-03-31,0
2025-07-30,43470,2025-03-31,1,,,,,,,,,,,,,,,,,,,,11300000000,5780000000,0.410,649.95,4631000000,,,,,,,,,,,,true,false,12,2024-04-01,2025-03-31,-1
2025-07-30,43470,2025-03-31,1,,,,,,,,,,,,,,,,,,,,,,,,,,,,,50.00,,,,7500000,374741,,false,false,12,2024-04-01,2025-03-31,-1
2025-07-30,43470,2026-03-31,1,,,,,,,,,,,,,,,,,,,,,,,,,,,,,50.00,,,,,,,false,true,12,2025-04-01,2026-03-31,0
2025-07-30,43470,2026-03-31,1,,,,,,,,,,,,,,,,,,,,,,,,,,,,,,,,,7500000,374861,7125226,false,false,3,2025-04-01,2025-06-30,0
2025-07-30,43470,2025-03-31,1,,,,,,,,,,,,,,,,,,,,,,,,,,,,,,,,,,,7228843,false,false,3,2024-04-01,2024-06-30,-1
