filing_date,code,fiscal_year_end,quarterly_period,net_sales,net_sales_change,revenue,revenue_change,operating_revenue,operating_revenue_change,operating_profit,operating_profit_change,ordinary_profit,ordinary_profit_change,net_income,net_income_of_parent,net_income_change,eps,diluted_eps,roe,roa,operating_profit_to_net_sales,operating_profit_to_revenue,total_assets,net_assets,equity_ratio,bps,owner_equity,operating_cash_flow,investing_cash_flow,financing_cash_flow,cash,dividend_per_share,payout_ratio,commemorative_dividend,extra_dividend,number_of_shares,number_of_treqsury_shares,avg_number_of_shares,is_consolidated,is_forecast,duration,period_start,period_end,period_pos
2015-07-29,43620,2016-03-31,1,6604000000,0.034,,,,,652000000,0.487,737000000,0.456,,481000000,,20.28,,,,,,37734000000,30502000000,0.787,,29699000000,,,,,,,,,,,,true,false,3,2015-04-01,2015-06-30,0
2015-07-29,43620,2015-03-31,1,6384000000,0.142,,,,,438000000,0.176,506000000,0.041,,328000000,,13.82,,,,,,,,,,,,,,,,,,,,,,true,false,3,2014-04-01,2014-06-30,-1
2015-07-29,43620,2016-03-31,1,13000000000,0.021,,,,,1100000000,0.099,1160000000,0.055,,750000000,,31.58,,,,,,,,,,,,,,,,,,,,,,true,true,6,2015-04-01,2015-09-30,0
2015-07-29,43620,2016-03-31,1,27500000000,0.063,,,,,2200000000,0.050,2350000000,0.019,,1500000000,,63.16,,,,,,,,,,,,,,,,,,,,,,true,true,12,2015-04-01,2016-03-31,0
2015-07-29,43620,2015-03-31,1,,,,,,,,,,,,,,,,,,,,36841000000,29748000000,0.786,,28962000000,,,,,,,,,,,,true,false,12,2014-04-01,2015-03-31,-1
2015-07-29,43620,2015-03-31,1,,,,,,,,,,,,,,,,,,,,,,,,,,,,,21.00,,,,25372447,1643424,,false,false,12,2014-04-01,2015-03-31,-1
2015-07-29,43620,2016-03-31,1,,,,,,,,,,,,,,,,,,,,,,,,,,,,,22.00,,,,,,,false,true,12,2015-04-01,2016-03-31,0
2015-07-29,43620,2016-03-31,1,,,,,,,,,,,,,,,,,,,,,,,,,,,,,,,,,25372447,1623502,23748984,false,false,3,2015-04-01,2015-06-30,0
2015-07-29,43620,2015-03-31,1,,,,,,,,,,,,,,,,,,,,,,,,,,,,,,,,,,,23749372,false,false,3,2014-04-01,2014-06-30,-1
2015-10-28,43620,2016-03-31,2,12965000000,0.018,,,,,1259000000,0.258,1376000000,0.251,,917000000,,38.62,,,,,,37227000000,30254000000,0.792,,29487000000,,,,,,,,,,,,true,false,6,2015-04-01,2015-09-30,0
2015-10-28,43620,2015-03-31,2,12735000000,0.133,,,,,1001000000,0.337,1099000000,0.248,,693000000,,29.20,,,,,,,,,,,,,,,,,,,,,,true,false,6,2014-04-01,2014-09-30,-1
2015-10-28,43620,2016-03-31,2,27000000000,0.044,,,,,2450000000,0.170,2650000000,0.149,,1700000000,,71.58,,,,,,,,,,,,,,,,,,,,,,true,true,12,2015-04-01,2016-03-31,0
2015-10-28,43620,2015-03-31,2,,,,,,,,,,,,,,,,,,,,36841000000,29748000000,0.786,,28962000000,,,,,,,,,,,,true,false,12,2014-04-01,2015-03-31,-1
2015-10-28,43620,2015-03-31,2,,,,,,,,,,,,,,,,,,,,,,,,,,,,,21.00,,,,25372447,1623424,,false,false,12,2014-04-01,2015-03-31,-1
2015-10-28,43620,2016-03-31,2,,,,,,,,,,,,,,,,,,,,,,,,,,,,,11.50,,,,,,,false,false,12,2015-04-01,2016-03-31,0
2015-10-28,43620,2016-03-31,2,,,,,,,,,,,,,,,,,,,,,,,,,,,,,23.00,,,,,,,false,true,12,2015-04-01,2016-03-31,0
2015-10-28,43620,2016-03-31,2,,,,,,,,,,,,,,,,,,,,,,,,,,,,,,,,,25372447,1623758,23748901,false,false,6,2015-04-01,2015-09-30,0
2015-10-28,43620,2015-03-31,2,,,,,,,,,,,,,,,,,,,,,,,,,,,,,,,,,,,23749338,false,false,6,2014-04-01,2014-09-30,-1
,43620,2016-03-31,,,,,,,,,,,,,,,,,,,,,,,,,,,,,,23.00,,,,,,,false,true,12,2015-04-01,2016-03-31,0
,43620,2016-03-31,,,,,,,,,,,,,,,,,,,,,,,,,,,,,,11.50,,,,,,,false,false,12,2015-04-01,2016-03-31,0
,43620,2015-03-31,,,,,,,,,,,,,,,,,,,,,,,,,,,,,,21.00,,,,,,,false,false,12,2014-04-01,2015-03-31,-1
2016-01-27,43620,2016-03-31,3,19492000000,0.012,,,,,1844000000,0.150,2049000000,0.140,,1348000000,,56.79,,,,,,39133000000,30910000000,0.770,,30137000000,,,,,,,,,,,,true,false,9,2015-04-01,2015-12-31,0
2016-01-27,43620,2015-03-31,3,19268000000,0.083,,,,,1603000000,0.309,1798000000,0.174,,1126000000,,47.41,,,,,,,,,,,,,,,,,,,,,,true,false,9,2014-04-01,2014-12-31,-1
2016-01-27,43620,2016-03-31,3,27000000000,0.044,,,,,2450000000,0.170,2650000000,0.149,,1700000000,,71.58,,,,,,,,,,,,,,,,,,,,,,true,true,12,2015-04-01,2016-03-31,0
2016-01-27,43620,2015-03-31,3,,,,,,,,,,,,,,,,,,,,36841000000,29748000000,0.786,,28962000000,,,,,,,,,,,,true,false,12,2014-04-01,2015-03-31,-1
2016-01-27,43620,2015-03-31,3,,,,,,,,,,,,,,,,,,,,,,,,,,,,,21.00,,,,25372447,1623424,,false,false,12,2014-04-01,2015-03-31,-1
2016-01-27,43620,2016-03-31,3,,,,,,,,,,,,,,,,,,,,,,,,,,,,,11.50,,,,,,,false,false,12,2015-04-01,2016-03-31,0
2016-01-27,43620,2016-03-31,3,,,,,,,,,,,,,,,,,,,,,,,,,,,,,23.00,,,,,,,false,true,12,2015-04-01,2016-03-31,0
2016-01-27,43620,2016-03-31,3,,,,,,,,,,,,,,,,,,,,,,,,,,,,,,,,,25372447,1623910,23748822,false,false,9,2015-04-01,2015-12-31,0
2016-01-27,43620,2015-03-31,3,,,,,,,,,,,,,,,,,,,,,,,,,,,,,,,,,,,23749278,false,false,9,2014-04-01,2014-12-31,-1
2016-04-28,43620,2016-03-31,,25867000000,0.000,,,,,2383000000,0.138,2611000000,0.132,,1799000000,,75.76,,0.061,0.070,0.092,,37924000000,30733000000,0.792,1263.99,30018000000,2070000000,-1081000000,-593000000,5766000000,,0.304,,,,,,true,false,12,2015-04-01,2016-03-31,0
2016-04-28,43620,2015-03-31,,25865000000,0.054,,,,,2094000000,0.322,2307000000,0.210,,1422000000,,59.88,,0.051,0.065,0.081,,36841000000,29748000000,0.786,1219.50,28962000000,3038000000,-348000000,-561000000,5417000000,,0.351,,,,,,true,false,12,2014-04-01,2015-03-31,-1
2016-04-28,43620,2017-03-31,,12900000000,-0.005,,,,,1040000000,-0.174,1120000000,-0.186,,770000000,,32.42,,,,,,,,,,,,,,,,,,,,,,true,true,6,2016-04-01,2016-09-30,1
2016-04-28,43620,2017-03-31,,27000000000,0.044,,,,,2400000000,0.007,2550000000,-0.023,,1750000000,,73.68,,,,,,,,,,,,,,,,0.312,,,,,,true,true,12,2016-04-01,2017-03-31,1
2016-04-28,43620,2016-03-31,,11601000000,-0.019,,,,,1364000000,0.175,1838000000,0.066,1381000000,,0.153,58.15,,,,,,31798000000,24995000000,0.786,1052.51,24995000000,,,,,23.00,,,,25372447,1623986,23748736,false,false,12,2015-04-01,2016-03-31,0
2016-04-28,43620,2015-03-31,,11826000000,0.088,,,,,1161000000,0.506,1723000000,0.459,1198000000,,0.347,50.45,,,,,,30300000000,24018000000,0.793,1011.32,24018000000,,,,,21.00,,,,25372447,1623424,23749226,false,false,12,2014-04-01,2015-03-31,-1
2016-04-28,43620,2017-03-31,,,,,,,,,,,,,,,,,,,,,,,,,,,,,,23.00,,,,,,,false,true,12,2016-04-01,2017-03-31,1
2016-07-27,43620,2017-03-31,1,6063000000,-0.082,,,,,538000000,-0.174,618000000,-0.162,,442000000,,18.61,,,,,,37062000000,30527000000,0.807,,29894000000,,,,,,,,,,,,true,false,3,2016-04-01,2016-06-30,0
2016-07-27,43620,2016-03-31,1,6604000000,0.034,,,,,652000000,0.487,737000000,0.456,,481000000,,20.28,,,,,,,,,,,,,,,,,,,,,,true,false,3,2015-04-01,2015-06-30,-1
2016-07-27,43620,2017-03-31,1,12900000000,-0.005,,,,,1040000000,-0.174,1120000000,-0.186,,770000000,,32.42,,,,,,,,,,,,,,,,,,,,,,true,true,6,2016-04-01,2016-09-30,0
2016-07-27,43620,2017-03-31,1,27000000000,0.044,,,,,2400000000,0.007,2550000000,-0.023,,1750000000,,73.68,,,,,,,,,,,,,,,,,,,,,,true,true,12,2016-04-01,2017-03-31,0
2016-07-27,43620,2016-03-31,1,,,,,,,,,,,,,,,,,,,,37924000000,30733000000,0.792,,30018000000,,,,,,,,,,,,true,false,12,2015-04-01,2016-03-31,-1
2016-07-27,43620,2016-03-31,1,,,,,,,,,,,,,,,,,,,,,,,,,,,,,23.00,,,,25372447,1623986,,false,false,12,2015-04-01,2016-03-31,-1
2016-07-27,43620,2017-03-31,1,,,,,,,,,,,,,,,,,,,,,,,,,,,,,23.00,,,,,,,false,true,12,2016-04-01,2017-03-31,0
2016-07-27,43620,2017-03-31,1,,,,,,,,,,,,,,,,,,,,,,,,,,,,,,,,,25372447,1624122,23748412,false,false,3,2016-04-01,2016-06-30,0
2016-07-27,43620,2016-03-31,1,,,,,,,,,,,,,,,,,,,,,,,,,,,,,,,,,,,23748984,false,false,3,2015-04-01,2015-06-30,-1
2016-10-28,43620,2017-03-31,2,12363000000,-0.046,,,,,1148000000,-0.088,1245000000,-0.095,,869000000,,36.63,,,,,,38183000000,31044000000,0.796,,30402000000,,,,,,,,,,,,true,false,6,2016-04-01,2016-09-30,0
2016-10-28,43620,2016-03-31,2,12965000000,0.018,,,,,1259000000,0.258,1376000000,0.251,,917000000,,38.62,,,,,,,,,,,,,,,,,,,,,,true,false,6,2015-04-01,2015-09-30,-1
2016-10-28,43620,2017-03-31,2,25500000000,-0.014,,,,,2200000000,-0.077,2350000000,-0.100,,1620000000,,68.21,,,,,,,,,,,,,,,,,,,,,,true,true,12,2016-04-01,2017-03-31,0
2016-10-28,43620,2016-03-31,2,,,,,,,,,,,,,,,,,,,,37924000000,30733000000,0.792,,30018000000,,,,,,,,,,,,true,false,12,2015-04-01,2016-03-31,-1
2016-10-28,43620,2016-03-31,2,,,,,,,,,,,,,,,,,,,,,,,,,,,,,23.00,,,,25372447,1623986,,false,false,12,2015-04-01,2016-03-31,-1
2016-10-28,43620,2017-03-31,2,,,,,,,,,,,,,,,,,,,,,,,,,,,,,11.50,,,,,,,false,false,12,2016-04-01,2017-03-31,0
2016-10-28,43620,2017-03-31,2,,,,,,,,,,,,,,,,,,,,,,,,,,,,,23.00,,,,,,,false,true,12,2016-04-01,2017-03-31,0
2016-10-28,43620,2017-03-31,2,,,,,,,,,,,,,,,,,,,,,,,,,,,,,,,,,25372447,1624171,23748348,false,false,6,2016-04-01,2016-09-30,0
2016-10-28,43620,2016-03-31,2,,,,,,,,,,,,,,,,,,,,,,,,,,,,,,,,,,,23748901,false,false,6,2015-04-01,2015-09-30,-1
2017-01-30,43620,2017-03-31,3,18595000000,-0.046,,,,,1759000000,-0.046,1940000000,-0.053,,1341000000,,56.49,,,,,,40453000000,32238000000,0.779,,31501000000,,,,,,,,,,,,true,false,9,2016-04-01,2016-12-31,0
2017-01-30,43620,2016-03-31,3,19492000000,0.012,,,,,1844000000,0.150,2049000000,0.140,,1348000000,,56.79,,,,,,,,,,,,,,,,,,,,,,true,false,9,2015-04-01,2015-12-31,-1
2017-01-30,43620,2017-03-31,3,25500000000,-0.014,,,,,2200000000,-0.077,2350000000,-0.100,,1620000000,,68.21,,,,,,,,,,,,,,,,,,,,,,true,true,12,2016-04-01,2017-03-31,0
2017-01-30,43620,2016-03-31,3,,,,,,,,,,,,,,,,,,,,37924000000,30733000000,0.792,,30018000000,,,,,,,,,,,,true,false,12,2015-04-01,2016-03-31,-1
2017-01-30,43620,2016-03-31,3,,,,,,,,,,,,,,,,,,,,,,,,,,,,,23.00,,,,25372447,1623986,,false,false,12,2015-04-01,2016-03-31,-1
2017-01-30,43620,2017-03-31,3,,,,,,,,,,,,,,,,,,,,,,,,,,,,,11.50,,,,,,,false,false,12,2016-04-01,2017-03-31,0
2017-01-30,43620,2017-03-31,3,,,,,,,,,,,,,,,,,,,,,,,,,,,,,23.00,,,,,,,false,true,12,2016-04-01,2017-03-31,0
2017-01-30,43620,2017-03-31,3,,,,,,,,,,,,,,,,,,,,,,,,,,,,,,,,,25372447,1624329,23748315,false,false,9,2016-04-01,2016-12-31,0
2017-01-30,43620,2016-03-31,3,,,,,,,,,,,,,,,,,,,,,,,,,,,,,,,,,,,23748822,false,false,9,2015-04-01,2015-12-31,-1
2017-04-28,43620,2017-03-31,,25153000000,-0.028,,,,,2369000000,-0.006,2560000000,-0.019,,1815000000,,76.45,,0.058,0.066,0.094,,40066000000,32846000000,0.803,1354.12,32157000000,2851000000,-1135000000,-621000000,6837000000,,0.301,,,,,,true,false,12,2016-04-01,2017-03-31,0
2017-04-28,43620,2016-03-31,,25867000000,0.000,,,,,2383000000,0.138,2611000000,0.132,,1799000000,,75.76,,0.061,0.070,0.092,,37924000000,30733000000,0.792,1263.99,30018000000,2070000000,-1081000000,-593000000,5766000000,,0.304,,,,,,true,false,12,2015-04-01,2016-03-31,-1
2017-04-28,43620,2018-03-31,,13000000000,0.052,,,,,1170000000,0.019,1250000000,0.004,,850000000,,35.79,,,,,,,,,,,,,,,,,,,,,,true,true,6,2017-04-01,2017-09-30,1
2017-04-28,43620,2018-03-31,,27000000000,0.073,,,,,2500000000,0.055,2650000000,0.035,,1800000000,,75.79,,,,,,,,,,,,,,,,0.303,,,,,,true,true,12,2017-04-01,2018-03-31,1
2017-04-28,43620,2017-03-31,,11050000000,-0.048,,,,,1207000000,-0.115,1723000000,-0.062,1359000000,,-0.016,57.23,,,,,,33791000000,26753000000,0.792,1126.55,26753000000,,,,,23.00,,,,25372447,1624329,23748267,false,false,12,2016-04-01,2017-03-31,0
2017-04-28,43620,2016-03-31,,11601000000,-0.019,,,,,1364000000,0.175,1838000000,0.066,1381000000,,0.153,58.15,,,,,,31798000000,24995000000,0.786,1052.51,24995000000,,,,,23.00,,,,25372447,1623986,23748736,false,false,12,2015-04-01,2016-03-31,-1
2017-04-28,43620,2018-03-31,,,,,,,,,,,,,,,,,,,,,,,,,,,,,,23.00,,,,,,,false,true,12,2017-04-01,2018-03-31,1
2017-07-27,43620,2018-03-31,1,6624000000,0.092,,,,,676000000,0.256,754000000,0.220,,516000000,,21.74,,,,,,41517000000,33925000000,0.800,,33234000000,,,,,,,,,,,,true,false,3,2017-04-01,2017-06-30,0
2017-07-27,43620,2017-03-31,1,6063000000,-0.082,,,,,538000000,-0.174,618000000,-0.162,,442000000,,18.61,,,,,,,,,,,,,,,,,,,,,,true,false,3,2016-04-01,2016-06-30,-1
2017-07-27,43620,2018-03-31,1,13000000000,0.052,,,,,1170000000,0.019,1250000000,0.004,,850000000,,35.79,,,,,,,,,,,,,,,,,,,,,,true,true,6,2017-04-01,2017-09-30,0
2017-07-27,43620,2018-03-31,1,27000000000,0.073,,,,,2500000000,0.055,2650000000,0.035,,1800000000,,75.79,,,,,,,,,,,,,,,,,,,,,,true,true,12,2017-04-01,2018-03-31,0
2017-07-27,43620,2017-03-31,1,,,,,,,,,,,,,,,,,,,,40066000000,32846000000,0.803,,32157000000,,,,,,,,,,,,true,false,12,2016-04-01,2017-03-31,-1
2017-07-27,43620,2017-03-31,1,,,,,,,,,,,,,,,,,,,,,,,,,,,,,23.00,,,,25372447,1624329,,false,false,12,2016-04-01,2017-03-31,-1
2017-07-27,43620,2018-03-31,1,,,,,,,,,,,,,,,,,,,,,,,,,,,,,23.00,,,,,,,false,true,12,2017-04-01,2018-03-31,0
2017-07-27,43620,2018-03-31,1,,,,,,,,,,,,,,,,,,,,,,,,,,,,,,,,,25372447,1624510,23748028,false,false,3,2017-04-01,2017-06-30,0
2017-07-27,43620,2017-03-31,1,,,,,,,,,,,,,,,,,,,,,,,,,,,,,,,,,,,23748412,false,false,3,2016-04-01,2016-06-30,-1
2017-10-30,43620,2018-03-31,2,13432000000,0.086,,,,,1409000000,0.227,1487000000,0.194,,1009000000,,42.50,,,,,,44243000000,35252000000,0.780,,34527000000,,,,,,,,,,,,true,false,6,2017-04-01,2017-09-30,0
2017-10-30,43620,2017-03-31,2,12363000000,-0.046,,,,,1148000000,-0.088,1245000000,-0.095,,869000000,,36.63,,,,,,,,,,,,,,,,,,,,,,true,false,6,2016-04-01,2016-09-30,-1
2017-10-30,43620,2018-03-31,2,27000000000,0.073,,,,,2500000000,0.055,2650000000,0.035,,1800000000,,75.79,,,,,,,,,,,,,,,,,,,,,,true,true,12,2017-04-01,2018-03-31,0
2017-10-30,43620,2017-03-31,2,,,,,,,,,,,,,,,,,,,,40066000000,32846000000,0.803,,32157000000,,,,,,,,,,,,true,false,12,2016-04-01,2017-03-31,-1
2017-10-30,43620,2017-03-31,2,,,,,,,,,,,,,,,,,,,,,,,,,,,,,23.00,,,,25372447,1624329,,false,false,12,2016-04-01,2017-03-31,-1
2017-10-30,43620,2018-03-31,2,,,,,,,,,,,,,,,,,,,,,,,,,,,,,11.50,,,,,,,false,false,12,2017-04-01,2018-03-31,0
2017-10-30,43620,2018-03-31,2,,,,,,,,,,,,,,,,,,,,,,,,,,,,,23.00,,,,,,,false,true,12,2017-04-01,2018-03-31,0
2017-10-30,43620,2018-03-31,2,,,,,,,,,,,,,,,,,,,,,,,,,,,,,,,,,25372447,1624719,23747927,false,false,6,2017-04-01,2017-09-30,0
2017-10-30,43620,2017-03-31,2,,,,,,,,,,,,,,,,,,,,,,,,,,,,,,,,,,,23748348,false,false,6,2016-04-01,2016-09-30,-1
2018-01-30,43620,2018-03-31,3,20549000000,0.105,,,,,2202000000,0.252,2354000000,0.213,,1598000000,,67.31,,,,,,45292000000,35926000000,0.776,,35166000000,,,,,,,,,,,,true,false,9,2017-04-01,2017-12-31,0
2018-01-30,43620,2017-03-31,3,18595000000,-0.046,,,,,1759000000,-0.046,1940000000,-0.053,,1341000000,,56.49,,,,,,,,,,,,,,,,,,,,,,true,false,9,2016-04-01,2016-12-31,-1
2018-01-30,43620,2018-03-31,3,27000000000,0.073,,,,,2500000000,0.055,2650000000,0.035,,1800000000,,75.79,,,,,,,,,,,,,,,,,,,,,,true,true,12,2017-04-01,2018-03-31,0
2018-01-30,43620,2017-03-31,3,,,,,,,,,,,,,,,,,,,,40066000000,32846000000,0.803,,32157000000,,,,,,,,,,,,true,false,12,2016-04-01,2017-03-31,-1
2018-01-30,43620,2017-03-31,3,,,,,,,,,,,,,,,,,,,,,,,,,,,,,23.00,,,,25372447,1624329,,false,false,12,2016-04-01,2017-03-31,-1
2018-01-30,43620,2018-03-31,3,,,,,,,,,,,,,,,,,,,,,,,,,,,,,11.50,,,,,,,false,false,12,2017-04-01,2018-03-31,0
2018-01-30,43620,2018-03-31,3,,,,,,,,,,,,,,,,,,,,,,,,,,,,,23.00,,,,,,,false,true,12,2017-04-01,2018-03-31,0
2018-01-30,43620,2018-03-31,3,,,,,,,,,,,,,,,,,,,,,,,,,,,,,,,,,25372447,1624839,23747845,false,false,9,2017-04-01,2017-12-31,0
2018-01-30,43620,2017-03-31,3,,,,,,,,,,,,,,,,,,,,,,,,,,,,,,,,,,,23748315,false,false,9,2016-04-01,2016-12-31,-1
2018-04-27,43620,2018-03-31,,27598000000,0.097,,,,,2749000000,0.161,2902000000,0.134,,2014000000,,84.83,,0.059,0.067,0.100,,46118000000,36449000000,0.775,1504.65,35732000000,3626000000,-541000000,-609000000,9329000000,,0.330,,,,,,true,false,12,2017-04-01,2018-03-31,0
2018-04-27,43620,2017-03-31,,25153000000,-0.028,,,,,2369000000,-0.006,2560000000,-0.019,,1815000000,,76.45,,0.058,0.066,0.094,,40066000000,32846000000,0.803,1354.12,32157000000,2851000000,-1135000000,-621000000,6837000000,,0.301,,,,,,true,false,12,2016-04-01,2017-03-31,-1
2018-04-27,43620,2019-03-31,,13500000000,0.005,,,,,1200000000,-0.149,1300000000,-0.126,,850000000,,35.79,,,,,,,,,,,,,,,,,,,,,,true,true,6,2018-04-01,2018-09-30,1
2018-04-27,43620,2019-03-31,,28000000000,0.015,,,,,2650000000,-0.036,2800000000,-0.035,,1850000000,,77.90,,,,,,,,,,,,,,,,0.308,,,,,,true,true,12,2018-04-01,2019-03-31,1
2018-04-27,43620,2018-03-31,,12681000000,0.148,,,,,1561000000,0.293,2070000000,0.201,1578000000,,0.161,66.47,,,,,,39485000000,29770000000,0.754,1253.60,29770000000,,,,,28.00,,,,25372447,1624813,23747790,false,false,12,2017-04-01,2018-03-31,0
2018-04-27,43620,2017-03-31,,11050000000,-0.048,,,,,1207000000,-0.115,1723000000,-0.062,1359000000,,-0.016,57.23,,,,,,33791000000,26753000000,0.792,1126.55,26753000000,,,,,23.00,,,,25372447,1624329,23748267,false,false,12,2016-04-01,2017-03-31,-1
2018-04-27,43620,2019-03-31,,,,,,,,,,,,,,,,,,,,,,,,,,,,,,24.00,,,,,,,false,true,12,2018-04-01,2019-03-31,1
2018-07-27,43620,2019-03-31,1,7277000000,0.099,,,,,829000000,0.226,957000000,0.270,,665000000,,28.00,,,,,,46898000000,37133000000,0.777,,36442000000,,,,,,,,,,,,true,false,3,2018-04-01,2018-06-30,0
2018-07-27,43620,2018-03-31,1,6624000000,0.092,,,,,676000000,0.256,754000000,0.220,,516000000,,21.74,,,,,,,,,,,,,,,,,,,,,,true,false,3,2017-04-01,2017-06-30,-1
2018-07-27,43620,2019-03-31,1,13500000000,0.005,,,,,1200000000,-0.149,1300000000,-0.126,,850000000,,35.79,,,,,,,,,,,,,,,,,,,,,,true,true,6,2018-04-01,2018-09-30,0
2018-07-27,43620,2019-03-31,1,28000000000,0.015,,,,,2650000000,-0.036,2800000000,-0.035,,1850000000,,77.90,,,,,,,,,,,,,,,,,,,,,,true,true,12,2018-04-01,2019-03-31,0
2018-07-27,43620,2018-03-31,1,,,,,,,,,,,,,,,,,,,,45851000000,36449000000,0.779,,35732000000,,,,,,,,,,,,true,false,12,2017-04-01,2018-03-31,-1
2018-07-27,43620,2018-03-31,1,,,,,,,,,,,,,,,,,,,,,,,,,,,,,28.00,,,,25372447,1624813,,false,false,12,2017-04-01,2018-03-31,-1
2018-07-27,43620,2019-03-31,1,,,,,,,,,,,,,,,,,,,,,,,,,,,,,24.00,,,,,,,false,true,12,2018-04-01,2019-03-31,0
2018-07-27,43620,2019-03-31,1,,,,,,,,,,,,,,,,,,,,,,,,,,,,,,,,,25372447,1624823,23747633,false,false,3,2018-04-01,2018-06-30,0
2018-07-27,43620,2018-03-31,1,,,,,,,,,,,,,,,,,,,,,,,,,,,,,,,,,,,23748028,false,false,3,2017-04-01,2017-06-30,-1
2018-10-26,43620,2019-03-31,2,13837000000,0.030,,,,,1510000000,0.072,1683000000,0.131,,1069000000,,45.03,,,,,,47861000000,38119000000,0.781,,37401000000,,,,,,,,,,,,true,false,6,2018-04-01,2018-09-30,0
2018-10-26,43620,2018-03-31,2,13432000000,0.086,,,,,1409000000,0.227,1487000000,0.194,,1009000000,,42.50,,,,,,,,,,,,,,,,,,,,,,true,false,6,2017-04-01,2017-09-30,-1
2018-10-26,43620,2019-03-31,2,28000000000,0.015,,,,,2950000000,0.073,3150000000,0.085,,2050000000,,86.32,,,,,,,,,,,,,,,,,,,,,,true,true,12,2018-04-01,2019-03-31,0
2018-10-26,43620,2018-03-31,2,,,,,,,,,,,,,,,,,,,,45851000000,36449000000,0.779,,35732000000,,,,,,,,,,,,true,false,12,2017-04-01,2018-03-31,-1
2018-10-26,43620,2018-03-31,2,,,,,,,,,,,,,,,,,,,,,,,,,,,,,28.00,,,,25372447,1624813,,false,false,12,2017-04-01,2018-03-31,-1
2018-10-26,43620,2019-03-31,2,,,,,,,,,,,,,,,,,,,,,,,,,,,,,12.00,,,,,,,false,false,12,2018-04-01,2019-03-31,0
2018-10-26,43620,2019-03-31,2,,,,,,,,,,,,,,,,,,,,,,,,,,,,,24.00,,,,,,,false,true,12,2018-04-01,2019-03-31,0
2018-10-26,43620,2019-03-31,2,,,,,,,,,,,,,,,,,,,,,,,,,,,,,,,,,25372447,1624984,23747601,false,false,6,2018-04-01,2018-09-30,0
2018-10-26,43620,2018-03-31,2,,,,,,,,,,,,,,,,,,,,,,,,,,,,,,,,,,,23747927,false,false,6,2017-04-01,2017-09-30,-1
2019-01-30,43620,2019-03-31,3,21163000000,0.030,,,,,2467000000,0.121,2747000000,0.167,,1802000000,,75.88,,,,,,46266000000,36868000000,0.782,,36163000000,,,,,,,,,,,,true,false,9,2018-04-01,2018-12-31,0
2019-01-30,43620,2018-03-31,3,20549000000,0.105,,,,,2202000000,0.252,2354000000,0.213,,1598000000,,67.31,,,,,,,,,,,,,,,,,,,,,,true,false,9,2017-04-01,2017-12-31,-1
2019-01-30,43620,2019-03-31,3,28000000000,0.015,,,,,2950000000,0.073,3150000000,0.085,,2050000000,,86.32,,,,,,,,,,,,,,,,,,,,,,true,true,12,2018-04-01,2019-03-31,0
2019-01-30,43620,2018-03-31,3,,,,,,,,,,,,,,,,,,,,45851000000,36449000000,0.779,,35732000000,,,,,,,,,,,,true,false,12,2017-04-01,2018-03-31,-1
2019-01-30,43620,2018-03-31,3,,,,,,,,,,,,,,,,,,,,,,,,,,,,,28.00,,,,25372447,1624813,,false,false,12,2017-04-01,2018-03-31,-1
2019-01-30,43620,2019-03-31,3,,,,,,,,,,,,,,,,,,,,,,,,,,,,,12.00,,,,,,,false,false,12,2018-04-01,2019-03-31,0
2019-01-30,43620,2019-03-31,3,,,,,,,,,,,,,,,,,,,,,,,,,,,,,24.00,,,,,,,false,true,12,2018-04-01,2019-03-31,0
2019-01-30,43620,2019-03-31,3,,,,,,,,,,,,,,,,,,,,,,,,,,,,,,,,,25372447,1625107,23747531,false,false,9,2018-04-01,2018-12-31,0
2019-01-30,43620,2018-03-31,3,,,,,,,,,,,,,,,,,,,,,,,,,,,,,,,,,,,23747845,false,false,9,2017-04-01,2017-12-31,-1
2019-04-25,43620,2019-03-31,,28084000000,0.018,,,,,3199000000,0.163,3503000000,0.207,,2303000000,,96.98,,0.063,0.074,0.114,,48214000000,37795000000,0.769,1562.03,37093000000,3434000000,-598000000,-741000000,11411000000,,0.309,,,,,,true,false,12,2018-04-01,2019-03-31,0
2019-04-25,43620,2018-03-31,,27598000000,0.097,,,,,2749000000,0.161,2902000000,0.134,,2014000000,,84.83,,0.059,0.067,0.100,,45851000000,36449000000,0.779,1504.65,35732000000,3626000000,-541000000,-609000000,9329000000,,0.330,,,,,,true,false,12,2017-04-01,2018-03-31,-1
2019-04-25,43620,2020-03-31,,14600000000,0.055,,,,,1550000000,0.026,1680000000,-0.002,,1050000000,,44.21,,,,,,,,,,,,,,,,,,,,,,true,true,6,2019-04-01,2019-09-30,1
2019-04-25,43620,2020-03-31,,30000000000,0.068,,,,,3400000000,0.063,3650000000,0.042,,2400000000,,101.06,,,,,,,,,,,,,,,,0.307,,,,,,true,true,12,2019-04-01,2020-03-31,1
2019-04-25,43620,2019-03-31,,13233000000,0.043,,,,,2007000000,0.286,2612000000,0.262,1922000000,,0.218,80.96,,,,,,41819000000,30866000000,0.738,1299.78,30866000000,,,,,30.00,,,,25372447,1625147,23747476,false,false,12,2018-04-01,2019-03-31,0
2019-04-25,43620,2018-03-31,,12681000000,0.148,,,,,1561000000,0.293,2070000000,0.201,1578000000,,0.161,66.47,,,,,,39298000000,29770000000,0.758,1253.60,29770000000,,,,,28.00,,,,25372447,1624813,23747790,false,false,12,2017-04-01,2018-03-31,-1
2019-04-25,43620,2020-03-31,,,,,,,,,,,,,,,,,,,,,,,,,,,,,,31.00,,,,,,,false,true,12,2019-04-01,2020-03-31,1
2019-07-30,43620,2020-03-31,1,7151000000,-0.017,,,,,839000000,0.012,951000000,-0.007,,614000000,,25.87,,,,,,47627000000,37700000000,0.778,,37034000000,,,,,,,,,,,,true,false,3,2019-04-01,2019-06-30,0
2019-07-30,43620,2019-03-31,1,7277000000,0.099,,,,,829000000,0.226,957000000,0.270,,665000000,,28.00,,,,,,,,,,,,,,,,,,,,,,true,false,3,2018-04-01,2018-06-30,-1
2019-07-30,43620,2020-03-31,1,14600000000,0.055,,,,,1550000000,0.026,1680000000,-0.002,,1050000000,,44.21,,,,,,,,,,,,,,,,,,,,,,true,true,6,2019-04-01,2019-09-30,0
2019-07-30,43620,2020-03-31,1,30000000000,0.068,,,,,3400000000,0.063,3650000000,0.042,,2400000000,,101.06,,,,,,,,,,,,,,,,,,,,,,true,true,12,2019-04-01,2020-03-31,0
2019-07-30,43620,2019-03-31,1,,,,,,,,,,,,,,,,,,,,48214000000,37795000000,0.769,,37093000000,,,,,,,,,,,,true,false,12,2018-04-01,2019-03-31,-1
2019-07-30,43620,2019-03-31,1,,,,,,,,,,,,,,,,,,,,,,,,,,,,,30.00,,,,25372447,1625147,,false,false,12,2018-04-01,2019-03-31,-1
2019-07-30,43620,2020-03-31,1,,,,,,,,,,,,,,,,,,,,,,,,,,,,,31.00,,,,,,,false,true,12,2019-04-01,2020-03-31,0
2019-07-30,43620,2020-03-31,1,,,,,,,,,,,,,,,,,,,,,,,,,,,,,,,,,25372447,1625147,23747300,false,false,3,2019-04-01,2019-06-30,0
2019-07-30,43620,2019-03-31,1,,,,,,,,,,,,,,,,,,,,,,,,,,,,,,,,,,,23747633,false,false,3,2018-04-01,2018-06-30,-1
2019-10-30,43620,2020-03-31,2,14274000000,0.032,,,,,1654000000,0.095,1810000000,0.076,,1176000000,,49.53,,,,,,46700000000,38137000000,0.802,,37465000000,,,,,,,,,,,,true,false,6,2019-04-01,2019-09-30,0
2019-10-30,43620,2019-03-31,2,13837000000,0.030,,,,,1510000000,0.072,1683000000,0.131,,1069000000,,45.03,,,,,,,,,,,,,,,,,,,,,,true,false,6,2018-04-01,2018-09-30,-1
2019-10-30,43620,2020-03-31,2,30000000000,0.068,,,,,3400000000,0.063,3650000000,0.042,,2400000000,,101.06,,,,,,,,,,,,,,,,,,,,,,true,true,12,2019-04-01,2020-03-31,0
2019-10-30,43620,2019-03-31,2,,,,,,,,,,,,,,,,,,,,48214000000,37795000000,0.769,,37093000000,,,,,,,,,,,,true,false,12,2018-04-01,2019-03-31,-1
2019-10-30,43620,2019-03-31,2,,,,,,,,,,,,,,,,,,,,,,,,,,,,,30.00,,,,25372447,1625147,,false,false,12,2018-04-01,2019-03-31,-1
2019-10-30,43620,2020-03-31,2,,,,,,,,,,,,,,,,,,,,,,,,,,,,,15.50,,,,,,,false,false,12,2019-04-01,2020-03-31,0
2019-10-30,43620,2020-03-31,2,,,,,,,,,,,,,,,,,,,,,,,,,,,,,31.00,,,,,,,false,true,12,2019-04-01,2020-03-31,0
2019-10-30,43620,2020-03-31,2,,,,,,,,,,,,,,,,,,,,,,,,,,,,,,,,,25372447,1625236,23747272,false,false,6,2019-04-01,2019-09-30,0
2019-10-30,43620,2019-03-31,2,,,,,,,,,,,,,,,,,,,,,,,,,,,,,,,,,,,23747601,false,false,6,2018-04-01,2018-09-30,-1
2020-01-29,43620,2020-03-31,3,21775000000,0.029,,,,,2747000000,0.113,2986000000,0.087,,1970000000,,82.97,,,,,,48460000000,39011000000,0.790,,38296000000,,,,,,,,,,,,true,false,9,2019-04-01,2019-12-31,0
2020-01-29,43620,2019-03-31,3,21163000000,0.030,,,,,2467000000,0.121,2747000000,0.167,,1802000000,,75.88,,,,,,,,,,,,,,,,,,,,,,true,false,9,2018-04-01,2018-12-31,-1
2020-01-29,43620,2020-03-31,3,30000000000,0.068,,,,,3400000000,0.063,3650000000,0.042,,2400000000,,101.06,,,,,,,,,,,,,,,,,,,,,,true,true,12,2019-04-01,2020-03-31,0
2020-01-29,43620,2019-03-31,3,,,,,,,,,,,,,,,,,,,,48214000000,37795000000,0.769,,37093000000,,,,,,,,,,,,true,false,12,2018-04-01,2019-03-31,-1
2020-01-29,43620,2019-03-31,3,,,,,,,,,,,,,,,,,,,,,,,,,,,,,30.00,,,,25372447,1625147,,false,false,12,2018-04-01,2019-03-31,-1
2020-01-29,43620,2020-03-31,3,,,,,,,,,,,,,,,,,,,,,,,,,,,,,15.50,,,,,,,false,false,12,2019-04-01,2020-03-31,0
2020-01-29,43620,2020-03-31,3,,,,,,,,,,,,,,,,,,,,,,,,,,,,,31.00,,,,,,,false,true,12,2019-04-01,2020-03-31,0
2020-01-29,43620,2020-03-31,3,,,,,,,,,,,,,,,,,,,,,,,,,,,,,,,,,25372447,1625334,23747246,false,false,9,2019-04-01,2019-12-31,0
2020-01-29,43620,2019-03-31,3,,,,,,,,,,,,,,,,,,,,,,,,,,,,,,,,,,,23747531,false,false,9,2018-04-01,2018-12-31,-1
2020-04-28,43620,2020-03-31,,29047000000,0.034,,,,,3641000000,0.138,3920000000,0.119,,2621000000,,110.37,,0.070,0.082,0.125,,47561000000,38399000000,0.794,1589.64,37749000000,3061000000,-1817000000,-894000000,11720000000,,0.299,,,,,,true,false,12,2019-04-01,2020-03-31,0
2020-04-28,43620,2019-03-31,,28084000000,0.018,,,,,3199000000,0.163,3503000000,0.207,,2303000000,,96.98,,0.063,0.074,0.114,,48214000000,37795000000,0.769,1562.03,37093000000,3434000000,-598000000,-741000000,11411000000,,0.309,,,,,,true,false,12,2018-04-01,2019-03-31,-1
2020-04-28,43620,2021-03-31,,13500000000,-0.054,,,,,1350000000,-0.184,1500000000,-0.171,,1000000000,,42.11,,,,,,,,,,,,,,,,,,,,,,true,true,6,2020-04-01,2020-09-30,1
2020-04-28,43620,2021-03-31,,27500000000,-0.053,,,,,2800000000,-0.231,3100000000,-0.209,,2000000000,,84.22,,,,,,,,,,,,,,,,0.392,,,,,,true,true,12,2020-04-01,2021-03-31,1
2020-04-28,43620,2020-03-31,,14035000000,0.061,,,,,2178000000,0.086,2908000000,0.113,2120000000,,0.103,89.28,,,,,,41239000000,31228000000,0.757,1315.03,31228000000,,,,,33.00,,,,25372447,1625429,23747195,false,false,12,2019-04-01,2020-03-31,0
2020-04-28,43620,2019-03-31,,13233000000,0.043,,,,,2007000000,0.286,2612000000,0.262,1922000000,,0.218,80.96,,,,,,41819000000,30866000000,0.738,1299.78,30866000000,,,,,30.00,,,,25372447,1625147,23747476,false,false,12,2018-04-01,2019-03-31,-1
2020-04-28,43620,2021-03-31,,,,,,,,,,,,,,,,,,,,,,,,,,,,,,33.00,,,,,,,false,true,12,2020-04-01,2021-03-31,1
2020-07-29,43620,2021-03-31,1,7395000000,0.034,,,,,1031000000,0.229,1134000000,0.192,,778000000,,32.77,,,,,,48153000000,39475000000,0.806,,38832000000,,,,,,,,,,,,true,false,3,2020-04-01,2020-06-30,0
2020-07-29,43620,2020-03-31,1,7151000000,-0.017,,,,,839000000,0.012,951000000,-0.007,,614000000,,25.87,,,,,,,,,,,,,,,,,,,,,,true,false,3,2019-04-01,2019-06-30,-1
2020-07-29,43620,2021-03-31,1,13500000000,-0.054,,,,,1350000000,-0.184,1500000000,-0.171,,1000000000,,42.11,,,,,,,,,,,,,,,,,,,,,,true,true,6,2020-04-01,2020-09-30,0
2020-07-29,43620,2021-03-31,1,27500000000,-0.053,,,,,2800000000,-0.231,3100000000,-0.209,,2000000000,,84.22,,,,,,,,,,,,,,,,,,,,,,true,true,12,2020-04-01,2021-03-31,0
2020-07-29,43620,2020-03-31,1,,,,,,,,,,,,,,,,,,,,47561000000,38399000000,0.794,,37749000000,,,,,,,,,,,,true,false,12,2019-04-01,2020-03-31,-1
2020-07-29,43620,2020-03-31,1,,,,,,,,,,,,,,,,,,,,,,,,,,,,,33.00,,,,25372447,1625429,,false,false,12,2019-04-01,2020-03-31,-1
2020-07-29,43620,2021-03-31,1,,,,,,,,,,,,,,,,,,,,,,,,,,,,,33.00,,,,,,,false,true,12,2020-04-01,2021-03-31,0
2020-07-29,43620,2021-03-31,1,,,,,,,,,,,,,,,,,,,,,,,,,,,,,,,,,25372447,1625519,23746951,false,false,3,2020-04-01,2020-06-30,0
2020-07-29,43620,2020-03-31,1,,,,,,,,,,,,,,,,,,,,,,,,,,,,,,,,,,,23747300,false,false,3,2019-04-01,2019-06-30,-1
2020-09-25,43620,2021-03-31,,14200000000,0.052,,,,,1850000000,0.370,1950000000,0.300,,1300000000,,54.74,,,,,,,,,,,,,,,,,,,,,,true,true,6,2020-04-01,2020-09-30,0
2020-09-25,43620,2020-03-31,,14274000000,,,,,,1654000000,,1810000000,,,1176000000,,49.53,,,,,,,,,,,,,,,,,,,,,,true,false,6,2019-04-01,2019-09-30,-1
2020-09-25,43620,2021-03-31,,29000000000,0.054,,,,,3600000000,0.286,3850000000,0.242,,2550000000,,107.38,,,,,,,,,,,,,,,,,,,,,,true,true,12,2020-04-01,2021-03-31,0
2020-09-25,43620,2020-03-31,,29047000000,,,,,,3641000000,,3920000000,,,2621000000,,110.37,,,,,,,,,,,,,,,,,,,,,,true,false,12,2019-04-01,2020-03-31,-1
2020-10-28,43620,2021-03-31,2,14400000000,0.009,,,,,1880000000,0.137,1994000000,0.102,,1315000000,,55.40,,,,,,49785000000,40151000000,0.793,,39476000000,,,,,,,,,,,,true,false,6,2020-04-01,2020-09-30,0
2020-10-28,43620,2020-03-31,2,14274000000,0.032,,,,,1654000000,0.095,1810000000,0.076,,1176000000,,49.53,,,,,,,,,,,,,,,,,,,,,,true,false,6,2019-04-01,2019-09-30,-1
2020-10-28,43620,2021-03-31,2,29000000000,-0.002,,,,,3600000000,-0.011,3850000000,-0.018,,2550000000,,107.38,,,,,,,,,,,,,,,,,,,,,,true,true,12,2020-04-01,2021-03-31,0
2020-10-28,43620,2020-03-31,2,,,,,,,,,,,,,,,,,,,,47561000000,38399000000,0.794,,37749000000,,,,,,,,,,,,true,false,12,2019-04-01,2020-03-31,-1
2020-10-28,43620,2020-03-31,2,,,,,,,,,,,,,,,,,,,,,,,,,,,,,33.00,,,,25372447,1625429,,false,false,12,2019-04-01,2020-03-31,-1
2020-10-28,43620,2021-03-31,2,,,,,,,,,,,,,,,,,,,,,,,,,,,,,16.50,,,,,,,false,false,12,2020-04-01,2021-03-31,0
2020-10-28,43620,2021-03-31,2,,,,,,,,,,,,,,,,,,,,,,,,,,,,,33.00,,,,,,,false,true,12,2020-04-01,2021-03-31,0
2020-10-28,43620,2021-03-31,2,,,,,,,,,,,,,,,,,,,,,,,,,,,,,,,,,25372447,1625519,23746940,false,false,6,2020-04-01,2020-09-30,0
2020-10-28,43620,2020-03-31,2,,,,,,,,,,,,,,,,,,,,,,,,,,,,,,,,,,,23747272,false,false,6,2019-04-01,2019-09-30,-1
2021-01-28,43620,2021-03-31,3,22394000000,0.028,,,,,2989000000,0.088,3186000000,0.067,,2449000000,,103.13,,,,,,52638000000,41784000000,0.780,,41078000000,,,,,,,,,,,,true,false,9,2020-04-01,2020-12-31,0
2021-01-28,43620,2020-03-31,3,21775000000,0.029,,,,,2747000000,0.113,2986000000,0.087,,1970000000,,82.97,,,,,,,,,,,,,,,,,,,,,,true,false,9,2019-04-01,2019-12-31,-1
2021-01-28,43620,2021-03-31,3,29000000000,-0.002,,,,,3600000000,-0.011,3850000000,-0.018,,2550000000,,107.38,,,,,,,,,,,,,,,,,,,,,,true,true,12,2020-04-01,2021-03-31,0
2021-01-28,43620,2020-03-31,3,,,,,,,,,,,,,,,,,,,,47561000000,38399000000,0.794,,37749000000,,,,,,,,,,,,true,false,12,2019-04-01,2020-03-31,-1
2021-01-28,43620,2020-03-31,3,,,,,,,,,,,,,,,,,,,,,,,,,,,,,33.00,,,,25372447,1625429,,false,false,12,2019-04-01,2020-03-31,-1
2021-01-28,43620,2021-03-31,3,,,,,,,,,,,,,,,,,,,,,,,,,,,,,16.50,,,,,,,false,false,12,2020-04-01,2021-03-31,0
2021-01-28,43620,2021-03-31,3,,,,,,,,,,,,,,,,,,,,,,,,,,,,,33.00,,,,,,,false,true,12,2020-04-01,2021-03-31,0
2021-01-28,43620,2021-03-31,3,,,,,,,,,,,,,,,,,,,,,,,,,,,,,,,,,25372447,1625559,23746934,false,false,9,2020-04-01,2020-12-31,0
2021-01-28,43620,2020-03-31,3,,,,,,,,,,,,,,,,,,,,,,,,,,,,,,,,,,,23747246,false,false,9,2019-04-01,2019-12-31,-1
2021-04-30,43620,2021-03-31,,30509000000,0.050,,,,,3939000000,0.082,4154000000,0.060,,2758000000,,116.17,,0.069,0.082,0.129,,53265000000,42846000000,0.791,1773.54,42116000000,4698000000,-2418000000,-874000000,13187000000,,0.301,,,,,,true,false,12,2020-04-01,2021-03-31,0
2021-04-30,43620,2020-03-31,,29047000000,0.034,,,,,3641000000,0.138,3920000000,0.119,,2621000000,,110.37,,0.070,0.082,0.125,,47561000000,38399000000,0.794,1589.64,37749000000,3061000000,-1817000000,-894000000,11720000000,,0.299,,,,,,true,false,12,2019-04-01,2020-03-31,-1
2021-04-30,43620,2022-03-31,,15500000000,0.076,,,,,1950000000,0.037,2000000000,0.003,,1320000000,,55.58,,,,,,,,,,,,,,,,,,,,,,true,true,6,2021-04-01,2021-09-30,1
2021-04-30,43620,2022-03-31,,31000000000,0.016,,,,,3900000000,-0.010,4100000000,-0.013,,2750000000,,115.80,,,,,,,,,,,,,,,,0.302,,,,,,true,true,12,2021-04-01,2022-03-31,1
2021-04-30,43620,2021-03-31,,12864000000,-0.083,,,,,1634000000,-0.250,2318000000,-0.203,1438000000,,-0.322,60.57,,,,,,45581000000,34015000000,0.746,1432.42,34015000000,,,,,35.00,,,,25372447,1625639,23746913,false,false,12,2020-04-01,2021-03-31,0
2021-04-30,43620,2020-03-31,,14035000000,0.061,,,,,2178000000,0.086,2908000000,0.113,2120000000,,0.103,89.28,,,,,,41239000000,31228000000,0.757,1315.03,31228000000,,,,,33.00,,,,25372447,1625429,23747195,false,false,12,2019-04-01,2020-03-31,-1
2021-04-30,43620,2022-03-31,,,,,,,,,,,,,,,,,,,,,,,,,,,,,,35.00,,,,,,,false,true,12,2021-04-01,2022-03-31,1
2021-07-29,43620,2022-03-31,1,8259000000,0.117,,,,,1327000000,0.287,1426000000,0.258,,965000000,,40.64,,,,,,55292000000,43497000000,0.773,,42765000000,,,,,,,,,,,,true,false,3,2021-04-01,2021-06-30,0
2021-07-29,43620,2021-03-31,1,7395000000,0.034,,,,,1031000000,0.229,1134000000,0.192,,778000000,,32.77,,,,,,,,,,,,,,,,,,,,,,true,false,3,2020-04-01,2020-06-30,-1
2021-07-29,43620,2022-03-31,1,16000000000,0.111,,,,,2250000000,0.196,2400000000,0.203,,1570000000,,66.11,,,,,,,,,,,,,,,,,,,,,,true,true,6,2021-04-01,2021-09-30,0
2021-07-29,43620,2022-03-31,1,31500000000,0.032,,,,,4200000000,0.066,4500000000,0.083,,3000000000,,126.33,,,,,,,,,,,,,,,,,,,,,,true,true,12,2021-04-01,2022-03-31,0
2021-07-29,43620,2021-03-31,1,,,,,,,,,,,,,,,,,,,,53265000000,42846000000,0.791,,42116000000,,,,,,,,,,,,true,false,12,2020-04-01,2021-03-31,-1
2021-07-29,43620,2021-03-31,1,,,,,,,,,,,,,,,,,,,,,,,,,,,,,35.00,,,,25372447,1625639,,false,false,12,2020-04-01,2021-03-31,-1
2021-07-29,43620,2022-03-31,1,,,,,,,,,,,,,,,,,,,,,,,,,,,,,38.00,,,,,,,false,true,12,2021-04-01,2022-03-31,0
2021-07-29,43620,2022-03-31,1,,,,,,,,,,,,,,,,,,,,,,,,,,,,,,,,,25372447,1625673,23746791,false,false,3,2021-04-01,2021-06-30,0
2021-07-29,43620,2021-03-31,1,,,,,,,,,,,,,,,,,,,,,,,,,,,,,,,,,,,23746951,false,false,3,2020-04-01,2020-06-30,-1
2021-10-28,4362,2022-03-31,2,16218000000,0.126,,,,,2387000000,0.269,2517000000,0.262,,1698000000,,71.54,,,,,,56331000000,44444000000,0.776,,43685000000,,,,,,,,,,,,true,false,6,2021-04-01,2021-09-30,0
2021-10-28,4362,2021-03-31,2,14400000000,0.009,,,,,1880000000,0.137,1994000000,0.102,,1315000000,,55.40,,,,,,,,,,,,,,,,,,,,,,true,false,6,2020-04-01,2020-09-30,-1
2021-10-28,4362,2022-03-31,2,32500000000,0.065,,,,,4500000000,0.142,4800000000,0.155,,3200000000,,134.75,,,,,,,,,,,,,,,,,,,,,,true,true,12,2021-04-01,2022-03-31,0
2021-10-28,4362,2021-03-31,2,,,,,,,,,,,,,,,,,,,,53265000000,42846000000,0.791,,42116000000,,,,,,,,,,,,true,false,12,2020-04-01,2021-03-31,-1
2021-10-28,4362,2021-03-31,2,,,,,,,,,,,,,,,,,,,,,,,,,,,,,35.00,,,,25372447,1625639,,false,false,12,2020-04-01,2021-03-31,-1
2021-10-28,4362,2022-03-31,2,,,,,,,,,,,,,,,,,,,,,,,,,,,,,25.00,,,,,,,false,false,12,2021-04-01,2022-03-31,0
2021-10-28,4362,2022-03-31,2,,,,,,,,,,,,,,,,,,,,,,,,,,,,,50.00,,,,,,,false,true,12,2021-04-01,2022-03-31,0
2021-10-28,4362,2022-03-31,2,,,,,,,,,,,,,,,,,,,,,,,,,,,,,,,,,25372447,1625791,23746773,false,false,6,2021-04-01,2021-09-30,0
2021-10-28,4362,2021-03-31,2,,,,,,,,,,,,,,,,,,,,,,,,,,,,,,,,,,,23746940,false,false,6,2020-04-01,2020-09-30,-1
2022-01-27,4362,2022-03-31,3,24789000000,0.107,,,,,3756000000,0.256,3980000000,0.249,,2682000000,,112.96,,,,,,54771000000,44318000000,0.794,,43504000000,,,,,,,,,,,,true,false,9,2021-04-01,2021-12-31,0
2022-01-27,4362,2021-03-31,3,22394000000,0.028,,,,,2989000000,0.088,3186000000,0.067,,2449000000,,103.13,,,,,,,,,,,,,,,,,,,,,,true,false,9,2020-04-01,2020-12-31,-1
2022-01-27,4362,2022-03-31,3,32500000000,0.065,,,,,4500000000,0.142,4800000000,0.155,,3200000000,,134.75,,,,,,,,,,,,,,,,,,,,,,true,true,12,2021-04-01,2022-03-31,0
2022-01-27,4362,2021-03-31,3,,,,,,,,,,,,,,,,,,,,53265000000,42846000000,0.791,,42116000000,,,,,,,,,,,,true,false,12,2020-04-01,2021-03-31,-1
2022-01-27,4362,2021-03-31,3,,,,,,,,,,,,,,,,,,,,,,,,,,,,,35.00,,,,25372447,1625639,,false,false,12,2020-04-01,2021-03-31,-1
2022-01-27,4362,2022-03-31,3,,,,,,,,,,,,,,,,,,,,,,,,,,,,,25.00,,,,,,,false,false,12,2021-04-01,2022-03-31,0
2022-01-27,4362,2022-03-31,3,,,,,,,,,,,,,,,,,,,,,,,,,,,,,50.00,,,,,,,false,true,12,2021-04-01,2022-03-31,0
2022-01-27,4362,2022-03-31,3,,,,,,,,,,,,,,,,,,,,,,,,,,,,,,,,,25372447,1625852,23746722,false,false,9,2021-04-01,2021-12-31,0
2022-01-27,4362,2021-03-31,3,,,,,,,,,,,,,,,,,,,,,,,,,,,,,,,,,,,23746934,false,false,9,2020-04-01,2020-12-31,-1
2022-04-28,4362,2022-03-31,,33448000000,0.096,,,,,4881000000,0.239,5127000000,0.234,,3472000000,,146.32,,0.081,0.095,0.146,,54807000000,44560000000,0.798,1851.84,43732000000,2285000000,-2741000000,-1399000000,11410000000,,0.369,,,,,,true,false,12,2021-04-01,2022-03-31,0
2022-04-28,4362,2021-03-31,,30509000000,0.050,,,,,3939000000,0.082,4154000000,0.060,,2758000000,,116.17,,0.069,0.082,0.129,,53265000000,42846000000,0.791,1773.54,42116000000,4698000000,-2418000000,-874000000,13187000000,,0.301,,,,,,true,false,12,2020-04-01,2021-03-31,-1
2022-04-28,4362,2023-03-31,,17900000000,0.104,,,,,2450000000,0.026,2600000000,0.033,,1750000000,,74.10,,,,,,,,,,,,,,,,,,,,,,true,true,6,2022-04-01,2022-09-30,1
2022-04-28,4362,2023-03-31,,36000000000,0.076,,,,,4850000000,-0.007,5200000000,0.014,,3500000000,,148.20,,,,,,,,,,,,,,,,0.378,,,,,,true,true,12,2022-04-01,2023-03-31,1
2022-04-28,4362,2022-03-31,,15660000000,0.217,,,,,2931000000,0.793,3922000000,0.692,2977000000,,1.070,125.46,,,,,,46966000000,34860000000,0.742,1476.16,34860000000,,,,,54.00,,,,25372447,1756940,23730529,false,false,12,2021-04-01,2022-03-31,0
2022-04-28,4362,2021-03-31,,12864000000,-0.083,,,,,1634000000,-0.250,2318000000,-0.203,1438000000,,-0.322,60.57,,,,,,45581000000,34015000000,0.746,1432.42,34015000000,,,,,35.00,,,,25372447,1625639,23746913,false,false,12,2020-04-01,2021-03-31,-1
2022-04-28,4362,2023-03-31,,,,,,,,,,,,,,,,,,,,,,,,,,,,,,56.00,,,,,,,false,true,12,2022-04-01,2023-03-31,1
2022-07-28,4362,2023-03-31,1,9442000000,0.143,,,,,1497000000,0.129,1633000000,0.145,,1096000000,,46.41,,,,,,55343000000,44913000000,0.796,,44055000000,,,,,,,,,,,,true,false,3,2022-04-01,2022-06-30,0
2022-07-28,4362,2022-03-31,1,8259000000,0.117,,,,,1327000000,0.287,1426000000,0.258,,965000000,,40.64,,,,,,,,,,,,,,,,,,,,,,true,false,3,2021-04-01,2021-06-30,-1
2022-07-28,4362,2023-03-31,1,17900000000,0.104,,,,,2450000000,0.026,2600000000,0.033,,1750000000,,74.10,,,,,,,,,,,,,,,,,,,,,,true,true,6,2022-04-01,2022-09-30,0
2022-07-28,4362,2023-03-31,1,36000000000,0.076,,,,,4850000000,-0.007,5200000000,0.014,,3500000000,,148.20,,,,,,,,,,,,,,,,,,,,,,true,true,12,2022-04-01,2023-03-31,0
2022-07-28,4362,2022-03-31,1,,,,,,,,,,,,,,,,,,,,54807000000,44560000000,0.798,,43732000000,,,,,,,,,,,,true,false,12,2021-04-01,2022-03-31,-1
2022-07-28,4362,2022-03-31,1,,,,,,,,,,,,,,,,,,,,,,,,,,,,,54.00,,,,25372447,1756940,,false,false,12,2021-04-01,2022-03-31,-1
2022-07-28,4362,2023-03-31,1,,,,,,,,,,,,,,,,,,,,,,,,,,,,,56.00,,,,,,,false,true,12,2022-04-01,2023-03-31,0
2022-07-28,4362,2023-03-31,1,,,,,,,,,,,,,,,,,,,,,,,,,,,,,,,,,25372447,1756940,23615507,false,false,3,2022-04-01,2022-06-30,0
2022-07-28,4362,2022-03-31,1,,,,,,,,,,,,,,,,,,,,,,,,,,,,,,,,,,,23746791,false,false,3,2021-04-01,2021-06-30,-1
2022-10-28,4362,2023-03-31,2,18677000000,0.152,,,,,2727000000,0.142,2905000000,0.154,,1956000000,,82.84,,,,,,57816000000,45827000000,0.777,,44946000000,,,,,,,,,,,,true,false,6,2022-04-01,2022-09-30,0
2022-10-28,4362,2022-03-31,2,16218000000,0.126,,,,,2387000000,0.269,2517000000,0.262,,1698000000,,71.54,,,,,,,,,,,,,,,,,,,,,,true,false,6,2021-04-01,2021-09-30,-1
2022-10-28,4362,2023-03-31,2,37400000000,0.118,,,,,5200000000,0.065,5550000000,0.082,,3750000000,,158.69,,,,,,,,,,,,,,,,,,,,,,true,true,12,2022-04-01,2023-03-31,0
2022-10-28,4362,2022-03-31,2,,,,,,,,,,,,,,,,,,,,54807000000,44560000000,0.798,,43732000000,,,,,,,,,,,,true,false,12,2021-04-01,2022-03-31,-1
2022-10-28,4362,2022-03-31,2,,,,,,,,,,,,,,,,,,,,,,,,,,,,,54.00,,,,25372447,1756940,,false,false,12,2021-04-01,2022-03-31,-1
2022-10-28,4362,2023-03-31,2,,,,,,,,,,,,,,,,,,,,,,,,,,,,,28.00,,,,,,,false,false,12,2022-04-01,2023-03-31,0
2022-10-28,4362,2023-03-31,2,,,,,,,,,,,,,,,,,,,,,,,,,,,,,56.00,,,,,,,false,true,12,2022-04-01,2023-03-31,0
2022-10-28,4362,2023-03-31,2,,,,,,,,,,,,,,,,,,,,,,,,,,,,,,,,,25372447,1741854,23621814,false,false,6,2022-04-01,2022-09-30,0
2022-10-28,4362,2022-03-31,2,,,,,,,,,,,,,,,,,,,,,,,,,,,,,,,,,,,23746773,false,false,6,2021-04-01,2021-09-30,-1
2023-01-30,4362,2023-03-31,3,27762000000,0.120,,,,,4117000000,0.096,4413000000,0.109,,3152000000,,133.69,,,,,,56314000000,44616000000,0.777,,43769000000,,,,,,,,,,,,true,false,9,2022-04-01,2022-12-31,0
2023-01-30,4362,2022-03-31,3,24789000000,0.107,,,,,3756000000,0.256,3980000000,0.249,,2682000000,,112.96,,,,,,,,,,,,,,,,,,,,,,true,false,9,2021-04-01,2021-12-31,-1
2023-01-30,4362,2023-03-31,3,37400000000,0.118,,,,,5200000000,0.065,5550000000,0.082,,3750000000,,158.69,,,,,,,,,,,,,,,,,,,,,,true,true,12,2022-04-01,2023-03-31,0
2023-01-30,4362,2022-03-31,3,,,,,,,,,,,,,,,,,,,,54807000000,44560000000,0.798,,43732000000,,,,,,,,,,,,true,false,12,2021-04-01,2022-03-31,-1
2023-01-30,4362,2022-03-31,3,,,,,,,,,,,,,,,,,,,,,,,,,,,,,54.00,,,,25372447,1756940,,false,false,12,2021-04-01,2022-03-31,-1
2023-01-30,4362,2023-03-31,3,,,,,,,,,,,,,,,,,,,,,,,,,,,,,28.00,,,,,,,false,false,12,2022-04-01,2023-03-31,0
2023-01-30,4362,2023-03-31,3,,,,,,,,,,,,,,,,,,,,,,,,,,,,,56.00,,,,,,,false,true,12,2022-04-01,2023-03-31,0
2023-01-30,4362,2023-03-31,3,,,,,,,,,,,,,,,,,,,,,,,,,,,,,,,,,25372447,2561727,23578535,false,false,9,2022-04-01,2022-12-31,0
2023-01-30,4362,2022-03-31,3,,,,,,,,,,,,,,,,,,,,,,,,,,,,,,,,,,,23746722,false,false,9,2021-04-01,2021-12-31,-1
2023-04-28,4362,2023-03-31,,36838000000,0.101,,,,,5057000000,0.036,5389000000,0.051,,4079000000,,174.42,,0.092,0.097,0.137,,56672000000,46101000000,0.799,1984.58,45266000000,1439000000,-1779000000,-3320000000,7766000000,,0.327,,,,,,true,false,12,2022-04-01,2023-03-31,0
2023-04-28,4362,2022-03-31,,33448000000,0.096,,,,,4881000000,0.239,5127000000,0.234,,3472000000,,146.32,,0.081,0.095,0.146,,54807000000,44560000000,0.798,1851.84,43732000000,2285000000,-2741000000,-1399000000,11410000000,,0.369,,,,,,true,false,12,2021-04-01,2022-03-31,-1
2023-04-28,4362,2024-03-31,,18000000000,-0.036,,,,,2100000000,-0.230,2280000000,-0.215,,1630000000,,71.46,,,,,,,,,,,,,,,,,,,,,,true,true,6,2023-04-01,2023-09-30,1
2023-04-28,4362,2024-03-31,,38000000000,0.032,,,,,4800000000,-0.051,5150000000,-0.045,,3600000000,,157.83,,,,,,,,,,,,,,,,0.444,,,,,,true,true,12,2023-04-01,2024-03-31,1
2023-04-28,4362,2023-03-31,,17463000000,0.115,,,,,3215000000,0.097,4183000000,0.067,3370000000,,0.132,144.08,,,,,,48682000000,35731000000,0.734,1566.52,35731000000,,,,,57.00,,,,25372447,2563350,23388950,false,false,12,2022-04-01,2023-03-31,0
2023-04-28,4362,2022-03-31,,15660000000,0.217,,,,,2931000000,0.793,3922000000,0.692,2977000000,,1.070,125.46,,,,,,46966000000,34860000000,0.742,1476.16,34860000000,,,,,54.00,,,,25372447,1756940,23730529,false,false,12,2021-04-01,2022-03-31,-1
2023-04-28,4362,2024-03-31,,,,,,,,,,,,,,,,,,,,,,,,,,,,,,70.00,,,,,,,false,true,12,2023-04-01,2024-03-31,1
2023-07-28,4362,2024-03-31,1,8104000000,-0.142,,,,,1057000000,-0.294,1191000000,-0.270,,834000000,,36.60,,,,,,56797000000,46949000000,0.812,,46094000000,,,,,,,,,,,,true,false,3,2023-04-01,2023-06-30,0
2023-07-28,4362,2023-03-31,1,9442000000,0.143,,,,,1497000000,0.129,1633000000,0.145,,1096000000,,46.41,,,,,,,,,,,,,,,,,,,,,,true,false,3,2022-04-01,2022-06-30,-1
2023-07-28,4362,2024-03-31,1,18000000000,-0.036,,,,,2100000000,-0.230,2280000000,-0.215,,1630000000,,71.46,,,,,,,,,,,,,,,,,,,,,,true,true,6,2023-04-01,2023-09-30,0
2023-07-28,4362,2024-03-31,1,38000000000,0.032,,,,,4800000000,-0.051,5150000000,-0.045,,3600000000,,157.83,,,,,,,,,,,,,,,,,,,,,,true,true,12,2023-04-01,2024-03-31,0
2023-07-28,4362,2023-03-31,1,,,,,,,,,,,,,,,,,,,,56672000000,46101000000,0.799,,45266000000,,,,,,,,,,,,true,false,12,2022-04-01,2023-03-31,-1
2023-07-28,4362,2023-03-31,1,,,,,,,,,,,,,,,,,,,,,,,,,,,,,57.00,,,,25372447,2563350,,false,false,12,2022-04-01,2023-03-31,-1
2023-07-28,4362,2024-03-31,1,,,,,,,,,,,,,,,,,,,,,,,,,,,,,70.00,,,,,,,false,true,12,2023-04-01,2024-03-31,0
2023-07-28,4362,2024-03-31,1,,,,,,,,,,,,,,,,,,,,,,,,,,,,,,,,,25372447,2563444,22809063,false,false,3,2023-04-01,2023-06-30,0
2023-07-28,4362,2023-03-31,1,,,,,,,,,,,,,,,,,,,,,,,,,,,,,,,,,,,23615507,false,false,3,2022-04-01,2022-06-30,-1
2023-10-30,4362,2024-03-31,2,16179000000,-0.134,,,,,1960000000,-0.281,2122000000,-0.269,,1499000000,,65.72,,,,,,57743000000,47506000000,0.807,,46604000000,,,,,,,,,,,,true,false,6,2023-04-01,2023-09-30,0
2023-10-30,4362,2023-03-31,2,18677000000,0.152,,,,,2727000000,0.142,2905000000,0.154,,1956000000,,82.84,,,,,,,,,,,,,,,,,,,,,,true,false,6,2022-04-01,2022-09-30,-1
2023-10-30,4362,2024-03-31,2,35500000000,-0.036,,,,,4400000000,-0.130,4700000000,-0.128,,3250000000,,142.28,,,,,,,,,,,,,,,,,,,,,,true,true,12,2023-04-01,2024-03-31,0
2023-10-30,4362,2023-03-31,2,,,,,,,,,,,,,,,,,,,,56672000000,46101000000,0.799,,45266000000,,,,,,,,,,,,true,false,12,2022-04-01,2023-03-31,-1
2023-10-30,4362,2023-03-31,2,,,,,,,,,,,,,,,,,,,,,,,,,,,,,57.00,,,,25372447,2563350,,false,false,12,2022-04-01,2023-03-31,-1
2023-10-30,4362,2024-03-31,2,,,,,,,,,,,,,,,,,,,,,,,,,,,,,35.00,,,,,,,false,false,12,2023-04-01,2024-03-31,0
2023-10-30,4362,2024-03-31,2,,,,,,,,,,,,,,,,,,,,,,,,,,,,,70.00,,,,,,,false,true,12,2023-04-01,2024-03-31,0
2023-10-30,4362,2024-03-31,2,,,,,,,,,,,,,,,,,,,,,,,,,,,,,,,,,25372447,2530981,22819291,false,false,6,2023-04-01,2023-09-30,0
2023-10-30,4362,2023-03-31,2,,,,,,,,,,,,,,,,,,,,,,,,,,,,,,,,,,,23621814,false,false,6,2022-04-01,2022-09-30,-1
2024-01-30,4362,2024-03-31,3,24302000000,-0.125,,,,,2963000000,-0.280,3246000000,-0.264,,2298000000,,100.79,,,,,,57261000000,46946000000,0.804,,46049000000,,,,,,,,,,,,true,false,9,2023-04-01,2023-12-31,0
2024-01-30,4362,2023-03-31,3,27762000000,0.120,,,,,4117000000,0.096,4413000000,0.109,,3152000000,,133.69,,,,,,,,,,,,,,,,,,,,,,true,false,9,2022-04-01,2022-12-31,-1
2024-01-30,4362,2024-03-31,3,35500000000,-0.036,,,,,4400000000,-0.130,4700000000,-0.128,,3250000000,,142.28,,,,,,,,,,,,,,,,,,,,,,true,true,12,2023-04-01,2024-03-31,0
2024-01-30,4362,2023-03-31,3,,,,,,,,,,,,,,,,,,,,56672000000,46101000000,0.799,,45266000000,,,,,,,,,,,,true,false,12,2022-04-01,2023-03-31,-1
2024-01-30,4362,2023-03-31,3,,,,,,,,,,,,,,,,,,,,,,,,,,,,,57.00,,,,25372447,2563350,,false,false,12,2022-04-01,2023-03-31,-1
2024-01-30,4362,2024-03-31,3,,,,,,,,,,,,,,,,,,,,,,,,,,,,,35.00,,,,,,,false,false,12,2023-04-01,2024-03-31,0
2024-01-30,4362,2024-03-31,3,,,,,,,,,,,,,,,,,,,,,,,,,,,,,70.00,,,,,,,false,true,12,2023-04-01,2024-03-31,0
2024-01-30,4362,2024-03-31,3,,,,,,,,,,,,,,,,,,,,,,,,,,,,,,,,,25372447,2736309,22799429,false,false,9,2023-04-01,2023-12-31,0
2024-01-30,4362,2023-03-31,3,,,,,,,,,,,,,,,,,,,,,,,,,,,,,,,,,,,23578535,false,false,9,2022-04-01,2022-12-31,-1
2024-04-30,4362,2024-03-31,,33531000000,-0.090,,,,,4197000000,-0.170,4452000000,-0.174,,3327000000,,146.40,,0.072,0.077,0.125,,59450000000,47559000000,0.785,2074.07,46647000000,6278000000,-634000000,-2545000000,10937000000,,0.478,,,,,,true,false,12,2023-04-01,2024-03-31,0
2024-04-30,4362,2023-03-31,,36838000000,0.101,,,,,5057000000,0.036,5389000000,0.051,,4079000000,,174.42,,0.092,0.097,0.137,,56672000000,46101000000,0.799,1984.58,45266000000,1439000000,-1779000000,-3320000000,7766000000,,0.327,,,,,,true,false,12,2022-04-01,2023-03-31,-1
2024-04-30,4362,2025-03-31,,17000000000,0.051,,,,,2250000000,0.148,2250000000,0.060,,1600000000,,71.14,,,,,,,,,,,,,,,,,,,,,,true,true,6,2024-04-01,2024-09-30,1
2024-04-30,4362,2025-03-31,,35700000000,0.065,,,,,4800000000,0.143,4900000000,0.100,,3450000000,,153.40,,,,,,,,,,,,,,,,0.482,,,,,,true,true,12,2024-04-01,2025-03-31,1
2024-04-30,4362,2024-03-31,,17149000000,-0.018,,,,,2708000000,-0.158,3585000000,-0.143,2943000000,,-0.127,129.49,,,,,,51712000000,36461000000,0.705,1621.16,36461000000,,,,,70.00,,,,25372447,2881540,22729533,false,false,12,2023-04-01,2024-03-31,0
2024-04-30,4362,2023-03-31,,17463000000,0.115,,,,,3215000000,0.097,4183000000,0.067,3370000000,,0.132,144.08,,,,,,48682000000,35731000000,0.734,1566.52,35731000000,,,,,57.00,,,,25372447,2563350,23388950,false,false,12,2022-04-01,2023-03-31,-1
2024-04-30,4362,2025-03-31,,,,,,,,,,,,,,,,,,,,,,,,,,,,,,74.00,,,,,,,false,true,12,2024-04-01,2025-03-31,1
2024-07-30,4362,2025-03-31,1,8260000000,0.019,,,,,995000000,-0.058,1110000000,-0.068,,787000000,,34.99,,,,,,60244000000,48161000000,0.784,,47208000000,,,,,,,,,,,,true,false,3,2024-04-01,2024-06-30,0
2024-07-30,4362,2024-03-31,1,8104000000,-0.142,,,,,1057000000,-0.294,1191000000,-0.270,,834000000,,36.60,,,,,,,,,,,,,,,,,,,,,,true,false,3,2023-04-01,2023-06-30,-1
2024-07-30,4362,2025-03-31,1,17000000000,0.051,,,,,2250000000,0.148,2250000000,0.060,,1600000000,,71.14,,,,,,,,,,,,,,,,,,,,,,true,true,6,2024-04-01,2024-09-30,0
2024-07-30,4362,2025-03-31,1,35700000000,0.065,,,,,4800000000,0.143,4900000000,0.100,,3450000000,,153.40,,,,,,,,,,,,,,,,,,,,,,true,true,12,2024-04-01,2025-03-31,0
2024-07-30,4362,2024-03-31,1,,,,,,,,,,,,,,,,,,,,59450000000,47559000000,0.785,,46647000000,,,,,,,,,,,,true,false,12,2023-04-01,2024-03-31,-1
2024-07-30,4362,2024-03-31,1,,,,,,,,,,,,,,,,,,,,,,,,,,,,,70.00,,,,25372447,2881540,,false,false,12,2023-04-01,2024-03-31,-1
2024-07-30,4362,2025-03-31,1,,,,,,,,,,,,,,,,,,,,,,,,,,,,,74.00,,,,,,,false,true,12,2024-04-01,2025-03-31,0
2024-07-30,4362,2025-03-31,1,,,,,,,,,,,,,,,,,,,,,,,,,,,,,,,,,25372447,2881790,22490728,false,false,3,2024-04-01,2024-06-30,0
2024-07-30,4362,2024-03-31,1,,,,,,,,,,,,,,,,,,,,,,,,,,,,,,,,,,,22809063,false,false,3,2023-04-01,2023-06-30,-1
2024-10-30,4362,2025-03-31,2,17378000000,0.074,,,,,2400000000,0.224,2533000000,0.193,,1793000000,,79.74,,,,,,58871000000,48793000000,0.814,,47901000000,,,,,,,,,,,,true,false,6,2024-04-01,2024-09-30,0
2024-10-30,4362,2024-03-31,2,16179000000,-0.134,,,,,1960000000,-0.281,2122000000,-0.269,,1499000000,,65.72,,,,,,,,,,,,,,,,,,,,,,true,false,6,2023-04-01,2023-09-30,-1
2024-10-30,4362,2025-03-31,2,36600000000,0.091,,,,,4850000000,0.155,5050000000,0.134,,3550000000,,157.82,,,,,,,,,,,,,,,,,,,,,,true,true,12,2024-04-01,2025-03-31,0
2024-10-30,4362,2024-03-31,2,,,,,,,,,,,,,,,,,,,,59450000000,47559000000,0.785,,46647000000,,,,,,,,,,,,true,false,12,2023-04-01,2024-03-31,-1
2024-10-30,4362,2024-03-31,2,,,,,,,,,,,,,,,,,,,,,,,,,,,,,70.00,,,,25372447,2881540,,false,false,12,2023-04-01,2024-03-31,-1
2024-10-30,4362,2025-03-31,2,,,,,,,,,,,,,,,,,,,,,,,,,,,,,37.00,,,,,,,false,false,12,2024-04-01,2025-03-31,0
2024-10-30,4362,2025-03-31,2,,,,,,,,,,,,,,,,,,,,,,,,,,,,,74.00,,,,,,,false,true,12,2024-04-01,2025-03-31,0
2024-10-30,4362,2025-03-31,2,,,,,,,,,,,,,,,,,,,,,,,,,,,,,,,,,25372447,2873202,22494320,false,false,6,2024-04-01,2024-09-30,0
2024-10-30,4362,2024-03-31,2,,,,,,,,,,,,,,,,,,,,,,,,,,,,,,,,,,,22819291,false,false,6,2023-04-01,2023-09-30,-1
2025-01-29,4362,2025-03-31,3,26610000000,0.095,,,,,3749000000,0.265,4033000000,0.242,,2805000000,,124.70,,,,,,59681000000,48826000000,0.802,,47849000000,,,,,,,,,,,,true,false,9,2024-04-01,2024-12-31,0
2025-01-29,4362,2024-03-31,3,24302000000,-0.125,,,,,2963000000,-0.280,3246000000,-0.264,,2298000000,,100.79,,,,,,,,,,,,,,,,,,,,,,true,false,9,2023-04-01,2023-12-31,-1
2025-01-29,4362,2025-03-31,3,36600000000,0.091,,,,,4850000000,0.155,5050000000,0.134,,3550000000,,157.82,,,,,,,,,,,,,,,,,,,,,,true,true,12,2024-04-01,2025-03-31,0
2025-01-29,4362,2024-03-31,3,,,,,,,,,,,,,,,,,,,,59450000000,47559000000,0.785,,46647000000,,,,,,,,,,,,true,false,12,2023-04-01,2024-03-31,-1
2025-01-29,4362,2024-03-31,3,,,,,,,,,,,,,,,,,,,,,,,,,,,,,70.00,,,,25372447,2881540,,false,false,12,2023-04-01,2024-03-31,-1
2025-01-29,4362,2025-03-31,3,,,,,,,,,,,,,,,,,,,,,,,,,,,,,37.00,,,,,,,false,false,12,2024-04-01,2025-03-31,0
2025-01-29,4362,2025-03-31,3,,,,,,,,,,,,,,,,,,,,,,,,,,,,,74.00,,,,,,,false,true,12,2024-04-01,2025-03-31,0
2025-01-29,4362,2025-03-31,3,,,,,,,,,,,,,,,,,,,,,,,,,,,,,,,,,25372447,2873534,22495933,false,false,9,2024-04-01,2024-12-31,0
2025-01-29,4362,2024-03-31,3,,,,,,,,,,,,,,,,,,,,,,,,,,,,,,,,,,,22799429,false,false,9,2023-04-01,2023-12-31,-1
2025-04-30,4362,2025-03-31,,35663000000,0.064,,,,,4895000000,0.166,5210000000,0.170,,3870000000,,172.06,,0.082,0.087,0.137,,59796000000,49069000000,0.805,2140.58,48160000000,4087000000,-1768000000,-602000000,12638000000,,0.430,,,,,,true,false,12,2024-04-01,2025-03-31,0
2025-04-30,4362,2024-03-31,,33531000000,-0.090,,,,,4197000000,-0.170,4452000000,-0.174,,3327000000,,146.40,,0.072,0.077,0.125,,59450000000,47559000000,0.785,2074.07,46647000000,6278000000,-634000000,-2545000000,10937000000,,0.478,,,,,,true,false,12,2023-04-01,2024-03-31,-1
2025-04-30,4362,2026-03-31,,16900000000,-0.028,,,,,2620000000,0.092,2700000000,0.066,,2080000000,,92.44,,,,,,,,,,,,,,,,,,,,,,true,true,6,2025-04-01,2025-09-30,1
2025-04-30,4362,2026-03-31,,34200000000,-0.041,,,,,5000000000,0.021,5200000000,-0.002,,4000000000,,177.78,,,,,,,,,,,,,,,,0.529,,,,,,true,true,12,2025-04-01,2026-03-31,1
2025-04-30,4362,2025-03-31,,19238000000,0.122,,,,,3602000000,0.330,4490000000,0.252,3597000000,,0.222,159.92,,,,,,51584000000,37773000000,0.732,1678.90,37773000000,,,,,74.00,,,,25372447,2873681,22496643,false,false,12,2024-04-01,2025-03-31,0
2025-04-30,4362,2024-03-31,,17149000000,-0.018,,,,,2708000000,-0.158,3585000000,-0.143,2943000000,,-0.127,129.49,,,,,,51712000000,36461000000,0.705,1621.16,36461000000,,,,,70.00,,,,25372447,2881540,22729533,false,false,12,2023-04-01,2024-03-31,-1
2025-04-30,4362,2026-03-31,,,,,,,,,,,,,,,,,,,,,,,,,,,,,,94.00,,,,,,,false,true,12,2025-04-01,2026-03-31,1
2025-07-30,4362,2026-03-31,1,8121000000,-0.017,,,,,1238000000,0.244,1390000000,0.252,,999000000,,44.75,,,,,,59048000000,49244000000,0.819,,48348000000,,,,,,,,,,,,true,false,3,2025-04-01,2025-06-30,0
2025-07-30,4362,2025-03-31,1,8260000000,0.019,,,,,995000000,-0.058,1110000000,-0.068,,787000000,,34.99,,,,,,,,,,,,,,,,,,,,,,true,false,3,2024-04-01,2024-06-30,-1
2025-07-30,4362,2026-03-31,1,16900000000,-0.028,,,,,2620000000,0.092,2700000000,0.066,,2080000000,,92.44,,,,,,,,,,,,,,,,,,,,,,true,true,6,2025-04-01,2025-09-30,0
2025-07-30,4362,2026-03-31,1,34200000000,-0.041,,,,,5000000000,0.021,5200000000,-0.002,,4000000000,,177.78,,,,,,,,,,,,,,,,,,,,,,true,true,12,2025-04-01,2026-03-31,0
2025-07-30,4362,2025-03-31,1,,,,,,,,,,,,,,,,,,,,59796000000,49069000000,0.805,,48160000000,,,,,,,,,,,,true,false,12,2024-04-01,2025-03-31,-1
2025-07-30,4362,2025-03-31,1,,,,,,,,,,,,,,,,,,,,,,,,,,,,,74.00,,,,25372447,2873681,,false,false,12,2024-04-01,2025-03-31,-1
2025-07-30,4362,2026-03-31,1,,,,,,,,,,,,,,,,,,,,,,,,,,,,,94.00,,,,,,,false,true,12,2025-04-01,2026-03-31,0
2025-07-30,4362,2026-03-31,1,,,,,,,,,,,,,,,,,,,,,,,,,,,,,,,,,25372447,3299822,22341156,false,false,3,2025-04-01,2025-06-30,0
2025-07-30,4362,2025-03-31,1,,,,,,,,,,,,,,,,,,,,,,,,,,,,,,,,,,,22490728,false,false,3,2024-04-01,2024-06-30,-1
