filing_date,code,fiscal_year_end,quarterly_period,net_sales,net_sales_change,revenue,revenue_change,operating_revenue,operating_revenue_change,operating_profit,operating_profit_change,ordinary_profit,ordinary_profit_change,net_income,net_income_of_parent,net_income_change,eps,diluted_eps,roe,roa,operating_profit_to_net_sales,operating_profit_to_revenue,total_assets,net_assets,equity_ratio,bps,owner_equity,operating_cash_flow,investing_cash_flow,financing_cash_flow,cash,dividend_per_share,payout_ratio,commemorative_dividend,extra_dividend,number_of_shares,number_of_treqsury_shares,avg_number_of_shares,is_consolidated,is_forecast,duration,period_start,period_end,period_pos
2015-05-13,43680,2015-03-31,,32223000000,0.099,,,,,5426000000,0.533,5524000000,0.541,3452000000,,0.528,109.57,,0.122,0.152,0.168,,38959000000,30580000000,0.785,970.51,30575000000,6369000000,-2542000000,-1778000000,5521000000,,0.164,,,,,,true,false,12,2014-04-01,2015-03-31,0
2015-05-13,43680,2014-03-31,,29327000000,0.072,,,,,3539000000,0.098,3586000000,0.110,2258000000,,0.186,71.68,,0.091,0.106,0.121,,33854000000,26152000000,0.772,829.97,26148000000,3573000000,-2024000000,-3047000000,3242000000,,0.098,,,,,,true,false,12,2013-04-01,2014-03-31,-1
2015-05-13,43680,2016-03-31,,17000000000,0.184,,,,,2600000000,0.145,2600000000,0.131,,1700000000,,53.96,,,,,,,,,,,,,,,,,,,,,,true,true,6,2015-04-01,2015-09-30,1
2015-05-13,43680,2016-03-31,,35000000000,0.086,,,,,5800000000,0.069,5800000000,0.050,,3750000000,,119.03,,,,,,,,,,,,,,,,0.168,,,,,,true,true,12,2015-04-01,2016-03-31,1
2015-05-13,43680,2015-03-31,,25436000000,0.172,,,,,4061000000,0.717,4786000000,0.563,3185000000,,0.471,101.11,,,,,,32278000000,24274000000,0.752,770.51,24274000000,,,,,10.00,,,,31511000,6955,31504323,false,false,12,2014-04-01,2015-03-31,0
2015-05-13,43680,2014-03-31,,21712000000,0.072,,,,,2365000000,0.032,3062000000,0.202,2165000000,,0.323,68.74,,,,,,28857000000,21407000000,0.742,679.50,21407000000,,,,,35.00,,,,31511000,6120,31505103,false,false,12,2013-04-01,2014-03-31,-1
2015-05-13,43680,2016-03-31,,,,,,,,,,,,,,,,,,,,,,,,,,,,,,20.00,,,,,,,false,true,12,2015-04-01,2016-03-31,1
2015-08-04,43680,2016-03-31,1,8925000000,0.190,,,,,1730000000,0.307,1786000000,0.345,,1083000000,,34.40,,,,,,39061000000,31502000000,0.806,999.80,31497000000,,,,,,,,,,,,true,false,3,2015-04-01,2015-06-30,0
2015-08-04,43680,2015-03-31,1,7501000000,0.068,,,,,1324000000,0.735,1328000000,0.682,,795000000,,25.24,,,,,,,,,,,,,,,,,,,,,,true,false,3,2014-04-01,2014-06-30,-1
2015-08-04,43680,2016-03-31,1,17000000000,0.184,,,,,2600000000,0.145,2600000000,0.131,,1700000000,,53.96,,,,,,,,,,,,,,,,,,,,,,true,true,6,2015-04-01,2015-09-30,0
2015-08-04,43680,2016-03-31,1,35000000000,0.086,,,,,5800000000,0.069,5800000000,0.050,,3750000000,,119.03,,,,,,,,,,,,,,,,,,,,,,true,true,12,2015-04-01,2016-03-31,0
2015-08-04,43680,2015-03-31,1,,,,,,,,,,,,,,,,,,,,38959000000,30580000000,0.785,970.51,30575000000,,,,,,,,,,,,true,false,12,2014-04-01,2015-03-31,-1
2015-08-04,43680,2015-03-31,1,,,,,,,,,,,,,,,,,,,,,,,,,,,,,10.00,,,,31511000,6955,,false,false,12,2014-04-01,2015-03-31,-1
2015-08-04,43680,2016-03-31,1,,,,,,,,,,,,,,,,,,,,,,,,,,,,,20.00,,,,,,,false,true,12,2015-04-01,2016-03-31,0
2015-08-04,43680,2016-03-31,1,,,,,,,,,,,,,,,,,,,,,,,,,,,,,,,,,31511000,6955,31504045,false,false,3,2015-04-01,2015-06-30,0
2015-08-04,43680,2015-03-31,1,,,,,,,,,,,,,,,,,,,,,,,,,,,,,,,,,,,31504877,false,false,3,2014-04-01,2014-06-30,-1
2015-10-09,43680,2016-03-31,,17500000000,0.029,,,,,3550000000,0.365,3600000000,0.385,2400000000,,0.412,76.18,,,,,,,,,,,,,,,,,,,,,,true,true,6,2015-04-01,2015-09-30,0
2015-10-09,43680,2015-03-31,,14359000000,,,,,,2270000000,,2299000000,,1441000000,,,45.75,,,,,,,,,,,,,,,,,,,,,,true,false,6,2014-04-01,2014-09-30,-1
2015-10-09,43680,2016-03-31,,35500000000,0.014,,,,,6450000000,0.112,6500000000,0.121,4300000000,,0.147,136.49,,,,,,,,,,,,,,,,,,,,,,true,true,12,2015-04-01,2016-03-31,0
2015-10-09,43680,2015-03-31,,32223000000,,,,,,5426000000,,5524000000,,3452000000,,,109.57,,,,,,,,,,,,,,,,,,,,,,true,false,12,2014-04-01,2015-03-31,-1
2015-11-04,43680,2016-03-31,2,17577000000,0.224,,,,,3564000000,0.570,3660000000,0.592,,2446000000,,77.64,,,,,,39819000000,32427000000,0.814,1029.15,32422000000,,,,,,,,,,,,true,false,6,2015-04-01,2015-09-30,0
2015-11-04,43680,2015-03-31,2,14359000000,0.003,,,,,2270000000,0.588,2299000000,0.592,,1441000000,,45.75,,,,,,,,,,,,,,,,,,,,,,true,false,6,2014-04-01,2014-09-30,-1
2015-11-04,43680,2016-03-31,2,35500000000,0.102,,,,,6450000000,0.189,6500000000,0.177,,4300000000,,136.49,,,,,,,,,,,,,,,,,,,,,,true,true,12,2015-04-01,2016-03-31,0
2015-11-04,43680,2015-03-31,2,,,,,,,,,,,,,,,,,,,,38959000000,30580000000,0.785,970.51,30575000000,,,,,,,,,,,,true,false,12,2014-04-01,2015-03-31,-1
2015-11-04,43680,2015-03-31,2,,,,,,,,,,,,,,,,,,,,,,,,,,,,,10.00,,,,31511000,6955,,false,false,12,2014-04-01,2015-03-31,-1
2015-11-04,43680,2016-03-31,2,,,,,,,,,,,,,,,,,,,,,,,,,,,,,10.00,,,,,,,false,false,12,2015-04-01,2016-03-31,0
2015-11-04,43680,2016-03-31,2,,,,,,,,,,,,,,,,,,,,,,,,,,,,,20.00,,,,,,,false,true,12,2015-04-01,2016-03-31,0
2015-11-04,43680,2016-03-31,2,,,,,,,,,,,,,,,,,,,,,,,,,,,,,,,,,31511000,6955,31504045,false,false,6,2015-04-01,2015-09-30,0
2015-11-04,43680,2015-03-31,2,,,,,,,,,,,,,,,,,,,,,,,,,,,,,,,,,,,31504601,false,false,6,2014-04-01,2014-09-30,-1
,43680,2016-03-31,,,,,,,,,,,,,,,,,,,,,,,,,,,,,,35.00,,,,,,,false,true,12,2015-04-01,2016-03-31,0
,43680,2016-03-31,,,,,,,,,,,,,,,,,,,,,,,,,,,,,,10.00,,,,,,,false,false,12,2015-04-01,2016-03-31,0
,43680,2015-03-31,,,,,,,,,,,,,,,,,,,,,,,,,,,,,,18.00,,,,,,,false,false,12,2014-04-01,2015-03-31,-1
2016-02-01,43680,2016-03-31,3,26501000000,0.123,,,,,5507000000,0.390,5603000000,0.379,,3800000000,,119.10,,,,,,46374000000,39661000000,0.855,1116.95,39656000000,,,,,,,,,,,,true,false,9,2015-04-01,2015-12-31,0
2016-02-01,43680,2015-03-31,3,23597000000,0.070,,,,,3961000000,0.529,4062000000,0.543,,2558000000,,81.21,,,,,,,,,,,,,,,,,,,,,,true,false,9,2014-04-01,2014-12-31,-1
2016-02-01,43680,2016-03-31,3,35000000000,0.086,,,,,6800000000,0.253,6900000000,0.249,,4550000000,,138.70,,,,,,,,,,,,,,,,,,,,,,true,true,12,2015-04-01,2016-03-31,0
2016-02-01,43680,2015-03-31,3,,,,,,,,,,,,,,,,,,,,38959000000,30580000000,0.785,970.51,30575000000,,,,,,,,,,,,true,false,12,2014-04-01,2015-03-31,-1
2016-02-01,43680,2015-03-31,3,,,,,,,,,,,,,,,,,,,,,,,,,,,,,10.00,,,,31511000,6955,,false,false,12,2014-04-01,2015-03-31,-1
2016-02-01,43680,2016-03-31,3,,,,,,,,,,,,,,,,,,,,,,,,,,,,,10.00,,,,,,,false,false,12,2015-04-01,2016-03-31,0
2016-02-01,43680,2016-03-31,3,,,,,,,,,,,,,,,,,,,,,,,,,,,,,35.00,,,,,,,false,true,12,2015-04-01,2016-03-31,0
2016-02-01,43680,2016-03-31,3,,,,,,,,,,,,,,,,,,,,,,,,,,,,,,,,,35511000,7002,31911307,false,false,9,2015-04-01,2015-12-31,0
2016-02-01,43680,2015-03-31,3,,,,,,,,,,,,,,,,,,,,,,,,,,,,,,,,,,,31504415,false,false,9,2014-04-01,2014-12-31,-1
2016-05-06,43680,2016-03-31,,35298000000,0.095,,,,,7279000000,0.341,7299000000,0.321,,4716000000,,143.76,,0.134,0.168,0.206,,48158000000,39970000000,0.830,1125.64,39964000000,8086000000,-6943000000,4845000000,11214000000,,0.243,,,,,,true,false,12,2015-04-01,2016-03-31,0
2016-05-06,43680,2015-03-31,,32223000000,0.099,,,,,5426000000,0.533,5524000000,0.541,,3452000000,,109.57,,0.122,0.152,0.168,,38959000000,30580000000,0.785,970.51,30575000000,6369000000,-2542000000,-1778000000,5521000000,,0.164,,,,,,true,false,12,2014-04-01,2015-03-31,-1
2016-05-06,43680,2017-03-31,,17100000000,-0.027,,,,,3600000000,0.010,3600000000,-0.016,,2350000000,,66.18,,,,,,,,,,,,,,,,,,,,,,true,true,6,2016-04-01,2016-09-30,1
2016-05-06,43680,2017-03-31,,34800000000,-0.014,,,,,7400000000,0.017,7400000000,0.014,,5000000000,,140.82,,,,,,,,,,,,,,,,0.213,,,,,,true,true,12,2016-04-01,2017-03-31,1
2016-05-06,43680,2016-03-31,,28295000000,0.112,,,,,5346000000,0.316,6397000000,0.337,4382000000,,0.376,133.58,,,,,,41549000000,34158000000,0.822,962.09,34158000000,,,,,35.00,,,,35511000,7002,32804571,false,false,12,2015-04-01,2016-03-31,0
2016-05-06,43680,2015-03-31,,25436000000,0.172,,,,,4061000000,0.717,4786000000,0.563,3185000000,,0.471,101.11,,,,,,32278000000,24274000000,0.752,770.51,24274000000,,,,,10.00,,,,31511000,6955,31504323,false,false,12,2014-04-01,2015-03-31,-1
2016-05-06,43680,2017-03-31,,,,,,,,,,,,,,,,,,,,,,,,,,,,,,30.00,,,,,,,false,true,12,2016-04-01,2017-03-31,1
2016-08-01,43680,2017-03-31,1,8796000000,-0.015,,,,,2441000000,0.411,2365000000,0.324,,1566000000,,44.11,,,,,,47426000000,39775000000,0.839,1120.15,39769000000,,,,,,,,,,,,true,false,3,2016-04-01,2016-06-30,0
2016-08-01,43680,2016-03-31,1,8925000000,0.190,,,,,1730000000,0.307,1786000000,0.345,,1083000000,,34.40,,,,,,,,,,,,,,,,,,,,,,true,false,3,2015-04-01,2015-06-30,-1
2016-08-01,43680,2017-03-31,1,17100000000,-0.027,,,,,4100000000,0.150,4050000000,0.107,,2750000000,,77.45,,,,,,,,,,,,,,,,,,,,,,true,true,6,2016-04-01,2016-09-30,0
2016-08-01,43680,2017-03-31,1,34800000000,-0.014,,,,,7400000000,0.017,7400000000,0.014,,5000000000,,140.82,,,,,,,,,,,,,,,,,,,,,,true,true,12,2016-04-01,2017-03-31,0
2016-08-01,43680,2016-03-31,1,,,,,,,,,,,,,,,,,,,,48158000000,39970000000,0.830,1125.64,39964000000,,,,,,,,,,,,true,false,12,2015-04-01,2016-03-31,-1
2016-08-01,43680,2016-03-31,1,,,,,,,,,,,,,,,,,,,,,,,,,,,,,35.00,,,,35511000,7002,,false,false,12,2015-04-01,2016-03-31,-1
2016-08-01,43680,2017-03-31,1,,,,,,,,,,,,,,,,,,,,,,,,,,,,,30.00,,,,,,,false,true,12,2016-04-01,2017-03-31,0
2016-08-01,43680,2017-03-31,1,,,,,,,,,,,,,,,,,,,,,,,,,,,,,,,,,35511000,7002,35503998,false,false,3,2016-04-01,2016-06-30,0
2016-08-01,43680,2016-03-31,1,,,,,,,,,,,,,,,,,,,,,,,,,,,,,,,,,,,31504045,false,false,3,2015-04-01,2015-06-30,-1
,43680,2017-03-31,,,,,,,,,,,,,,,,,,,,,,,,,,,,,,36.00,,,,,,,false,true,12,2016-04-01,2017-03-31,0
,43680,2016-03-31,,,,,,,,,,,,,,,,,,,,,,,,,,,,,,35.00,,,,,,,false,false,12,2015-04-01,2016-03-31,-1
2016-11-01,43680,2017-03-31,2,17232000000,-0.020,,,,,4553000000,0.277,4459000000,0.218,,3056000000,,86.08,,,,,,49395000000,41154000000,0.833,1158.99,41148000000,,,,,,,,,,,,true,false,6,2016-04-01,2016-09-30,0
2016-11-01,43680,2016-03-31,2,17577000000,0.224,,,,,3564000000,0.570,3660000000,0.592,,2446000000,,77.64,,,,,,,,,,,,,,,,,,,,,,true,false,6,2015-04-01,2015-09-30,-1
2016-11-01,43680,2017-03-31,2,34800000000,-0.014,,,,,8400000000,0.154,8300000000,0.137,,5700000000,,160.54,,,,,,,,,,,,,,,,,,,,,,true,true,12,2016-04-01,2017-03-31,0
2016-11-01,43680,2016-03-31,2,,,,,,,,,,,,,,,,,,,,48158000000,39970000000,0.830,1125.64,39964000000,,,,,,,,,,,,true,false,12,2015-04-01,2016-03-31,-1
2016-11-01,43680,2016-03-31,2,,,,,,,,,,,,,,,,,,,,,,,,,,,,,35.00,,,,35511000,7002,,false,false,12,2015-04-01,2016-03-31,-1
2016-11-01,43680,2017-03-31,2,,,,,,,,,,,,,,,,,,,,,,,,,,,,,18.00,,,,,,,false,false,12,2016-04-01,2017-03-31,0
2016-11-01,43680,2017-03-31,2,,,,,,,,,,,,,,,,,,,,,,,,,,,,,36.00,,,,,,,false,true,12,2016-04-01,2017-03-31,0
2016-11-01,43680,2017-03-31,2,,,,,,,,,,,,,,,,,,,,,,,,,,,,,,,,,35511000,7095,35503986,false,false,6,2016-04-01,2016-09-30,0
2016-11-01,43680,2016-03-31,2,,,,,,,,,,,,,,,,,,,,,,,,,,,,,,,,,,,31504045,false,false,6,2015-04-01,2015-09-30,-1
2017-02-01,43680,2017-03-31,3,26775000000,0.010,,,,,7357000000,0.336,7588000000,0.354,,5200000000,,146.47,,,,,,53206000000,43713000000,0.821,1231.04,43706000000,,,,,,,,,,,,true,false,9,2016-04-01,2016-12-31,0
2017-02-01,43680,2016-03-31,3,26501000000,0.123,,,,,5507000000,0.390,5603000000,0.379,,3800000000,,119.10,,,,,,,,,,,,,,,,,,,,,,true,false,9,2015-04-01,2015-12-31,-1
2017-02-01,43680,2017-03-31,3,35600000000,0.009,,,,,9400000000,0.291,9500000000,0.301,,6500000000,,183.07,,,,,,,,,,,,,,,,,,,,,,true,true,12,2016-04-01,2017-03-31,0
2017-02-01,43680,2016-03-31,3,,,,,,,,,,,,,,,,,,,,48158000000,39970000000,0.830,1125.64,39964000000,,,,,,,,,,,,true,false,12,2015-04-01,2016-03-31,-1
2017-02-01,43680,2016-03-31,3,,,,,,,,,,,,,,,,,,,,,,,,,,,,,35.00,,,,35511000,7002,,false,false,12,2015-04-01,2016-03-31,-1
2017-02-01,43680,2017-03-31,3,,,,,,,,,,,,,,,,,,,,,,,,,,,,,18.00,,,,,,,false,false,12,2016-04-01,2017-03-31,0
2017-02-01,43680,2017-03-31,3,,,,,,,,,,,,,,,,,,,,,,,,,,,,,43.00,,,,,,,false,true,12,2016-04-01,2017-03-31,0
2017-02-01,43680,2017-03-31,3,,,,,,,,,,,,,,,,,,,,,,,,,,,,,,,,,35511000,7095,35503959,false,false,9,2016-04-01,2016-12-31,0
2017-02-01,43680,2016-03-31,3,,,,,,,,,,,,,,,,,,,,,,,,,,,,,,,,,,,31911307,false,false,9,2015-04-01,2015-12-31,-1
,43680,2017-03-31,,,,,,,,,,,,,,,,,,,,,,,,,,,,,,43.00,,,,,,,false,true,12,2016-04-01,2017-03-31,0
,43680,2017-03-31,,,,,,,,,,,,,,,,,,,,,,,,,,,,,,18.00,,,,,,,false,false,12,2016-04-01,2017-03-31,0
,43680,2016-03-31,,,,,,,,,,,,,,,,,,,,,,,,,,,,,,35.00,,,,,,,false,false,12,2015-04-01,2016-03-31,-1
2017-05-08,43680,2017-03-31,,36224000000,0.026,,,,,9867000000,0.356,10038000000,0.375,,6895000000,,194.22,,0.162,0.192,0.272,,56585000000,45160000000,0.798,1271.79,45153000000,9413000000,4983000000,-1533000000,23985000000,,0.221,,,,,,true,false,12,2016-04-01,2017-03-31,0
2017-05-08,43680,2016-03-31,,35298000000,0.095,,,,,7279000000,0.341,7299000000,0.321,,4716000000,,143.76,,0.134,0.168,0.206,,48158000000,39970000000,0.830,1125.64,39964000000,8086000000,-6943000000,4845000000,11214000000,,0.243,,,,,,true,false,12,2015-04-01,2016-03-31,-1
2017-05-08,43680,2018-03-31,,18700000000,0.085,,,,,5100000000,0.120,5130000000,0.150,,3530000000,,99.43,,,,,,,,,,,,,,,,,,,,,,true,true,6,2017-04-01,2017-09-30,1
2017-05-08,43680,2018-03-31,,38500000000,0.063,,,,,10050000000,0.018,10100000000,0.006,,6950000000,,195.75,,,,,,,,,,,,,,,,0.225,,,,,,true,true,12,2017-04-01,2018-03-31,1
2017-05-08,43680,2017-03-31,,30002000000,0.060,,,,,8118000000,0.519,9211000000,0.440,6612000000,,0.509,186.24,,,,,,49984000000,39363000000,0.788,1108.71,39363000000,,,,,43.00,,,,35511000,7146,35503940,false,false,12,2016-04-01,2017-03-31,0
2017-05-08,43680,2016-03-31,,28295000000,0.112,,,,,5346000000,0.316,6397000000,0.337,4382000000,,0.376,133.58,,,,,,41549000000,34158000000,0.822,962.09,34158000000,,,,,35.00,,,,35511000,7002,32804571,false,false,12,2015-04-01,2016-03-31,-1
2017-05-08,43680,2018-03-31,,,,,,,,,,,,,,,,,,,,,,,,,,,,,,44.00,,,,,,,false,true,12,2017-04-01,2018-03-31,1
2017-07-31,43680,2018-03-31,1,9811000000,0.115,,,,,2875000000,0.178,2869000000,0.213,,1967000000,,55.41,,,,,,55762000000,46328000000,0.831,1304.71,46322000000,,,,,,,,,,,,true,false,3,2017-04-01,2017-06-30,0
2017-07-31,43680,2017-03-31,1,8796000000,-0.015,,,,,2441000000,0.411,2365000000,0.324,,1566000000,,44.11,,,,,,,,,,,,,,,,,,,,,,true,false,3,2016-04-01,2016-06-30,-1
2017-07-31,43680,2018-03-31,1,18700000000,0.085,,,,,5100000000,0.120,5130000000,0.150,,3530000000,,99.43,,,,,,,,,,,,,,,,,,,,,,true,true,6,2017-04-01,2017-09-30,0
2017-07-31,43680,2018-03-31,1,38500000000,0.063,,,,,10050000000,0.018,10100000000,0.006,,6950000000,,195.75,,,,,,,,,,,,,,,,,,,,,,true,true,12,2017-04-01,2018-03-31,0
2017-07-31,43680,2017-03-31,1,,,,,,,,,,,,,,,,,,,,56585000000,45160000000,0.798,1271.79,45153000000,,,,,,,,,,,,true,false,12,2016-04-01,2017-03-31,-1
2017-07-31,43680,2017-03-31,1,,,,,,,,,,,,,,,,,,,,,,,,,,,,,43.00,,,,35511000,7146,,false,false,12,2016-04-01,2017-03-31,-1
2017-07-31,43680,2018-03-31,1,,,,,,,,,,,,,,,,,,,,,,,,,,,,,44.00,,,,,,,false,true,12,2017-04-01,2018-03-31,0
2017-07-31,43680,2018-03-31,1,,,,,,,,,,,,,,,,,,,,,,,,,,,,,,,,,35511000,7146,35503854,false,false,3,2017-04-01,2017-06-30,0
2017-07-31,43680,2017-03-31,1,,,,,,,,,,,,,,,,,,,,,,,,,,,,,,,,,,,35503998,false,false,3,2016-04-01,2016-06-30,-1
2017-10-31,43680,2018-03-31,2,19579000000,0.136,,,,,5424000000,0.191,5445000000,0.221,,3767000000,,106.11,,,,,,62296000000,48343000000,0.776,1361.46,48337000000,,,,,,,,,,,,true,false,6,2017-04-01,2017-09-30,0
2017-10-31,43680,2017-03-31,2,17232000000,-0.020,,,,,4553000000,0.277,4459000000,0.218,,3056000000,,86.08,,,,,,,,,,,,,,,,,,,,,,true,false,6,2016-04-01,2016-09-30,-1
2017-10-31,43680,2018-03-31,2,39700000000,0.096,,,,,10550000000,0.069,10600000000,0.056,,7320000000,,206.17,,,,,,,,,,,,,,,,,,,,,,true,true,12,2017-04-01,2018-03-31,0
2017-10-31,43680,2017-03-31,2,,,,,,,,,,,,,,,,,,,,56585000000,45160000000,0.798,1271.79,45153000000,,,,,,,,,,,,true,false,12,2016-04-01,2017-03-31,-1
2017-10-31,43680,2017-03-31,2,,,,,,,,,,,,,,,,,,,,,,,,,,,,,43.00,,,,35511000,7146,,false,false,12,2016-04-01,2017-03-31,-1
2017-10-31,43680,2018-03-31,2,,,,,,,,,,,,,,,,,,,,,,,,,,,,,22.00,,,,,,,false,false,12,2017-04-01,2018-03-31,0
2017-10-31,43680,2018-03-31,2,,,,,,,,,,,,,,,,,,,,,,,,,,,,,45.00,,,,,,,false,true,12,2017-04-01,2018-03-31,0
2017-10-31,43680,2018-03-31,2,,,,,,,,,,,,,,,,,,,,,,,,,,,,,,,,,35511000,7146,35503854,false,false,6,2017-04-01,2017-09-30,0
2017-10-31,43680,2017-03-31,2,,,,,,,,,,,,,,,,,,,,,,,,,,,,,,,,,,,35503986,false,false,6,2016-04-01,2016-09-30,-1
2018-01-31,43680,2018-03-31,3,30296000000,0.131,,,,,8167000000,0.110,8225000000,0.084,,5740000000,,161.68,,,,,,63760000000,49712000000,0.780,1400.02,49706000000,,,,,,,,,,,,true,false,9,2017-04-01,2017-12-31,0
2018-01-31,43680,2017-03-31,3,26775000000,0.010,,,,,7357000000,0.336,7588000000,0.354,,5200000000,,146.47,,,,,,,,,,,,,,,,,,,,,,true,false,9,2016-04-01,2016-12-31,-1
2018-01-31,43680,2018-03-31,3,39700000000,0.096,,,,,10550000000,0.069,10600000000,0.056,,7320000000,,206.17,,,,,,,,,,,,,,,,,,,,,,true,true,12,2017-04-01,2018-03-31,0
2018-01-31,43680,2017-03-31,3,,,,,,,,,,,,,,,,,,,,56585000000,45160000000,0.798,1271.79,45153000000,,,,,,,,,,,,true,false,12,2016-04-01,2017-03-31,-1
2018-01-31,43680,2017-03-31,3,,,,,,,,,,,,,,,,,,,,,,,,,,,,,43.00,,,,35511000,7146,,false,false,12,2016-04-01,2017-03-31,-1
2018-01-31,43680,2018-03-31,3,,,,,,,,,,,,,,,,,,,,,,,,,,,,,22.00,,,,,,,false,false,12,2017-04-01,2018-03-31,0
2018-01-31,43680,2018-03-31,3,,,,,,,,,,,,,,,,,,,,,,,,,,,,,45.00,,,,,,,false,true,12,2017-04-01,2018-03-31,0
2018-01-31,43680,2018-03-31,3,,,,,,,,,,,,,,,,,,,,,,,,,,,,,,,,,35511000,7146,35503854,false,false,9,2017-04-01,2017-12-31,0
2018-01-31,43680,2017-03-31,3,,,,,,,,,,,,,,,,,,,,,,,,,,,,,,,,,,,35503959,false,false,9,2016-04-01,2016-12-31,-1
2018-05-07,43680,2018-03-31,,40221000000,0.110,,,,,10537000000,0.068,10367000000,0.033,,6592000000,,185.67,,0.138,0.171,0.262,,64606000000,50146000000,0.776,1412.21,50139000000,4845000000,-8024000000,-1675000000,18930000000,,0.242,,,,,,true,false,12,2017-04-01,2018-03-31,0
2018-05-07,43680,2017-03-31,,36224000000,0.026,,,,,9867000000,0.356,10038000000,0.375,,6895000000,,194.22,,0.162,0.192,0.272,,56585000000,45160000000,0.798,1271.79,45153000000,9413000000,4983000000,-1533000000,23985000000,,0.221,,,,,,true,false,12,2016-04-01,2017-03-31,-1
2018-05-07,43680,2019-03-31,,21100000000,0.078,,,,,5200000000,-0.041,5250000000,-0.036,,3600000000,,101.39,,,,,,,,,,,,,,,,,,,,,,true,true,6,2018-04-01,2018-09-30,1
2018-05-07,43680,2019-03-31,,43000000000,0.069,,,,,9350000000,-0.113,9450000000,-0.089,,6450000000,,181.67,,,,,,,,,,,,,,,,0.253,,,,,,true,true,12,2018-04-01,2019-03-31,1
2018-05-07,43680,2018-03-31,,33327000000,0.111,,,,,8957000000,0.103,9809000000,0.065,6457000000,,-0.023,181.87,,,,,,57938000000,44200000000,0.763,1244.93,44200000000,,,,,45.00,,,,35511000,7166,35503853,false,false,12,2017-04-01,2018-03-31,0
2018-05-07,43680,2017-03-31,,30002000000,0.060,,,,,8118000000,0.519,9211000000,0.440,6612000000,,0.509,186.24,,,,,,49984000000,39363000000,0.788,1108.71,39363000000,,,,,43.00,,,,35511000,7146,35503940,false,false,12,2016-04-01,2017-03-31,-1
2018-05-07,43680,2019-03-31,,,,,,,,,,,,,,,,,,,,,,,,,,,,,,46.00,,,,,,,false,true,12,2018-04-01,2019-03-31,1
2018-07-31,43680,2019-03-31,1,10683000000,0.089,,,,,2652000000,-0.077,2870000000,0.001,,1876000000,,52.86,,,,,,64905000000,51268000000,0.790,1443.83,51261000000,,,,,,,,,,,,true,false,3,2018-04-01,2018-06-30,0
2018-07-31,43680,2018-03-31,1,9811000000,0.115,,,,,2875000000,0.178,2869000000,0.213,,1967000000,,55.41,,,,,,,,,,,,,,,,,,,,,,true,false,3,2017-04-01,2017-06-30,-1
2018-07-31,43680,2019-03-31,1,21100000000,0.078,,,,,5200000000,-0.041,5250000000,-0.036,,3600000000,,101.39,,,,,,,,,,,,,,,,,,,,,,true,true,6,2018-04-01,2018-09-30,0
2018-07-31,43680,2019-03-31,1,43000000000,0.069,,,,,9350000000,-0.113,9450000000,-0.089,,6450000000,,181.67,,,,,,,,,,,,,,,,,,,,,,true,true,12,2018-04-01,2019-03-31,0
2018-07-31,43680,2018-03-31,1,,,,,,,,,,,,,,,,,,,,64231000000,50146000000,0.781,1412.21,50139000000,,,,,,,,,,,,true,false,12,2017-04-01,2018-03-31,-1
2018-07-31,43680,2018-03-31,1,,,,,,,,,,,,,,,,,,,,,,,,,,,,,45.00,,,,35511000,7166,,false,false,12,2017-04-01,2018-03-31,-1
2018-07-31,43680,2019-03-31,1,,,,,,,,,,,,,,,,,,,,,,,,,,,,,46.00,,,,,,,false,true,12,2018-04-01,2019-03-31,0
2018-07-31,43680,2019-03-31,1,,,,,,,,,,,,,,,,,,,,,,,,,,,,,,,,,35511000,7166,35503834,false,false,3,2018-04-01,2018-06-30,0
2018-07-31,43680,2018-03-31,1,,,,,,,,,,,,,,,,,,,,,,,,,,,,,,,,,,,35503854,false,false,3,2017-04-01,2017-06-30,-1
2018-10-31,43680,2019-03-31,2,21310000000,0.088,,,,,5243000000,-0.033,5623000000,0.033,,3883000000,,109.38,,,,,,68627000000,53390000000,0.778,1503.80,53390000000,,,,,,,,,,,,true,false,6,2018-04-01,2018-09-30,0
2018-10-31,43680,2018-03-31,2,19579000000,0.136,,,,,5424000000,0.191,5445000000,0.221,,3767000000,,106.11,,,,,,,,,,,,,,,,,,,,,,true,false,6,2017-04-01,2017-09-30,-1
2018-10-31,43680,2019-03-31,2,43000000000,0.069,,,,,9350000000,-0.113,9450000000,-0.089,,6450000000,,181.67,,,,,,,,,,,,,,,,,,,,,,true,true,12,2018-04-01,2019-03-31,0
2018-10-31,43680,2018-03-31,2,,,,,,,,,,,,,,,,,,,,64231000000,50146000000,0.781,1412.21,50139000000,,,,,,,,,,,,true,false,12,2017-04-01,2018-03-31,-1
2018-10-31,43680,2018-03-31,2,,,,,,,,,,,,,,,,,,,,,,,,,,,,,45.00,,,,35511000,7166,,false,false,12,2017-04-01,2018-03-31,-1
2018-10-31,43680,2019-03-31,2,,,,,,,,,,,,,,,,,,,,,,,,,,,,,23.00,,,,,,,false,false,12,2018-04-01,2019-03-31,0
2018-10-31,43680,2019-03-31,2,,,,,,,,,,,,,,,,,,,,,,,,,,,,,46.00,,,,,,,false,true,12,2018-04-01,2019-03-31,0
2018-10-31,43680,2019-03-31,2,,,,,,,,,,,,,,,,,,,,,,,,,,,,,,,,,35511000,7197,35503828,false,false,6,2018-04-01,2018-09-30,0
2018-10-31,43680,2018-03-31,2,,,,,,,,,,,,,,,,,,,,,,,,,,,,,,,,,,,35503854,false,false,6,2017-04-01,2017-09-30,-1
2019-01-31,43680,2019-03-31,3,32402000000,0.070,,,,,7486000000,-0.083,7899000000,-0.040,,5510000000,,155.21,,,,,,64158000000,53840000000,0.839,1516.47,53840000000,,,,,,,,,,,,true,false,9,2018-04-01,2018-12-31,0
2019-01-31,43680,2018-03-31,3,30296000000,0.131,,,,,8167000000,0.110,8225000000,0.084,,5740000000,,161.68,,,,,,,,,,,,,,,,,,,,,,true,false,9,2017-04-01,2017-12-31,-1
2019-01-31,43680,2019-03-31,3,43000000000,0.069,,,,,9350000000,-0.113,9450000000,-0.089,,6450000000,,181.67,,,,,,,,,,,,,,,,,,,,,,true,true,12,2018-04-01,2019-03-31,0
2019-01-31,43680,2018-03-31,3,,,,,,,,,,,,,,,,,,,,64231000000,50146000000,0.781,1412.21,50139000000,,,,,,,,,,,,true,false,12,2017-04-01,2018-03-31,-1
2019-01-31,43680,2018-03-31,3,,,,,,,,,,,,,,,,,,,,,,,,,,,,,45.00,,,,35511000,7166,,false,false,12,2017-04-01,2018-03-31,-1
2019-01-31,43680,2019-03-31,3,,,,,,,,,,,,,,,,,,,,,,,,,,,,,23.00,,,,,,,false,false,12,2018-04-01,2019-03-31,0
2019-01-31,43680,2019-03-31,3,,,,,,,,,,,,,,,,,,,,,,,,,,,,,46.00,,,,,,,false,true,12,2018-04-01,2019-03-31,0
2019-01-31,43680,2019-03-31,3,,,,,,,,,,,,,,,,,,,,,,,,,,,,,,,,,35511000,7202,35503818,false,false,9,2018-04-01,2018-12-31,0
2019-01-31,43680,2018-03-31,3,,,,,,,,,,,,,,,,,,,,,,,,,,,,,,,,,,,35503854,false,false,9,2017-04-01,2017-12-31,-1
2019-05-09,43680,2019-03-31,,42074000000,0.046,,,,,9283000000,-0.119,9854000000,-0.049,,6881000000,,193.81,,0.130,0.153,0.221,,64457000000,55342000000,0.859,1558.77,55342000000,8148000000,-15356000000,-1639000000,10223000000,,0.237,,,,,,true,false,12,2018-04-01,2019-03-31,0
2019-05-09,43680,2018-03-31,,40221000000,0.110,,,,,10537000000,0.068,10367000000,0.033,,6592000000,,185.67,,0.138,0.172,0.262,,64231000000,50146000000,0.781,1412.21,50139000000,4845000000,-8024000000,-1675000000,18930000000,,0.242,,,,,,true,false,12,2017-04-01,2018-03-31,-1
2019-05-09,43680,2020-03-31,,21000000000,-0.015,,,,,3850000000,-0.266,3900000000,-0.306,,2650000000,,74.63,,,,,,,,,,,,,,,,,,,,,,true,true,6,2019-04-01,2019-09-30,1
2019-05-09,43680,2020-03-31,,43000000000,0.022,,,,,7500000000,-0.192,7600000000,-0.229,,5200000000,,146.46,,,,,,,,,,,,,,,,0.314,,,,,,true,true,12,2019-04-01,2020-03-31,1
2019-05-09,43680,2019-03-31,,34504000000,0.035,,,,,7735000000,-0.136,9854000000,0.005,7369000000,,0.141,207.55,,,,,,58600000000,49895000000,0.851,1405.37,49895000000,,,,,46.00,,,,35511000,7202,35503813,false,false,12,2018-04-01,2019-03-31,0
2019-05-09,43680,2018-03-31,,33327000000,0.111,,,,,8957000000,0.103,9809000000,0.065,6457000000,,-0.023,181.87,,,,,,57938000000,44200000000,0.763,1244.93,44200000000,,,,,45.00,,,,35511000,7166,35503853,false,false,12,2017-04-01,2018-03-31,-1
2019-05-09,43680,2020-03-31,,,,,,,,,,,,,,,,,,,,,,,,,,,,,,46.00,,,,,,,false,true,12,2019-04-01,2020-03-31,1
2019-07-31,43680,2020-03-31,1,9976000000,-0.066,,,,,2128000000,-0.197,2109000000,-0.265,,1296000000,,36.50,,,,,,63793000000,55484000000,0.870,1562.77,55484000000,,,,,,,,,,,,true,false,3,2019-04-01,2019-06-30,0
2019-07-31,43680,2019-03-31,1,10683000000,0.089,,,,,2652000000,-0.077,2870000000,0.001,,1876000000,,52.86,,,,,,,,,,,,,,,,,,,,,,true,false,3,2018-04-01,2018-06-30,-1
2019-07-31,43680,2020-03-31,1,21000000000,-0.015,,,,,3850000000,-0.266,3900000000,-0.306,,2650000000,,74.63,,,,,,,,,,,,,,,,,,,,,,true,true,6,2019-04-01,2019-09-30,0
2019-07-31,43680,2020-03-31,1,43000000000,0.022,,,,,7500000000,-0.192,7600000000,-0.229,,5200000000,,146.46,,,,,,,,,,,,,,,,,,,,,,true,true,12,2019-04-01,2020-03-31,0
2019-07-31,43680,2019-03-31,1,,,,,,,,,,,,,,,,,,,,64457000000,55342000000,0.859,1558.77,55342000000,,,,,,,,,,,,true,false,12,2018-04-01,2019-03-31,-1
2019-07-31,43680,2019-03-31,1,,,,,,,,,,,,,,,,,,,,,,,,,,,,,46.00,,,,35511000,7202,,false,false,12,2018-04-01,2019-03-31,-1
2019-07-31,43680,2020-03-31,1,,,,,,,,,,,,,,,,,,,,,,,,,,,,,46.00,,,,,,,false,true,12,2019-04-01,2020-03-31,0
2019-07-31,43680,2020-03-31,1,,,,,,,,,,,,,,,,,,,,,,,,,,,,,,,,,35511000,7202,35503798,false,false,3,2019-04-01,2019-06-30,0
2019-07-31,43680,2019-03-31,1,,,,,,,,,,,,,,,,,,,,,,,,,,,,,,,,,,,35503834,false,false,3,2018-04-01,2018-06-30,-1
2019-10-31,43680,2020-03-31,2,20333000000,-0.046,,,,,4364000000,-0.168,4403000000,-0.217,,3013000000,,84.87,,,,,,67018000000,57069000000,0.852,1607.40,57069000000,,,,,,,,,,,,true,false,6,2019-04-01,2019-09-30,0
2019-10-31,43680,2019-03-31,2,21310000000,0.088,,,,,5243000000,-0.033,5623000000,0.033,,3883000000,,109.38,,,,,,,,,,,,,,,,,,,,,,true,false,6,2018-04-01,2018-09-30,-1
2019-10-31,43680,2020-03-31,2,43000000000,0.022,,,,,7500000000,-0.192,7600000000,-0.229,,5200000000,,146.46,,,,,,,,,,,,,,,,,,,,,,true,true,12,2019-04-01,2020-03-31,0
2019-10-31,43680,2019-03-31,2,,,,,,,,,,,,,,,,,,,,64457000000,55342000000,0.859,1558.77,55342000000,,,,,,,,,,,,true,false,12,2018-04-01,2019-03-31,-1
2019-10-31,43680,2019-03-31,2,,,,,,,,,,,,,,,,,,,,,,,,,,,,,46.00,,,,35511000,7202,,false,false,12,2018-04-01,2019-03-31,-1
2019-10-31,43680,2020-03-31,2,,,,,,,,,,,,,,,,,,,,,,,,,,,,,23.00,,,,,,,false,false,12,2019-04-01,2020-03-31,0
2019-10-31,43680,2020-03-31,2,,,,,,,,,,,,,,,,,,,,,,,,,,,,,46.00,,,,,,,false,true,12,2019-04-01,2020-03-31,0
2019-10-31,43680,2020-03-31,2,,,,,,,,,,,,,,,,,,,,,,,,,,,,,,,,,35511000,7202,35503798,false,false,6,2019-04-01,2019-09-30,0
2019-10-31,43680,2019-03-31,2,,,,,,,,,,,,,,,,,,,,,,,,,,,,,,,,,,,35503828,false,false,6,2018-04-01,2018-09-30,-1
2020-01-31,43680,2020-03-31,3,31264000000,-0.035,,,,,6933000000,-0.074,7047000000,-0.108,,4902000000,,138.07,,,,,,67799000000,58432000000,0.862,1645.81,58432000000,,,,,,,,,,,,true,false,9,2019-04-01,2019-12-31,0
2020-01-31,43680,2019-03-31,3,32402000000,0.070,,,,,7486000000,-0.083,7899000000,-0.040,,5510000000,,155.21,,,,,,,,,,,,,,,,,,,,,,true,false,9,2018-04-01,2018-12-31,-1
2020-01-31,43680,2020-03-31,3,43000000000,0.022,,,,,7500000000,-0.192,7600000000,-0.229,,5200000000,,146.46,,,,,,,,,,,,,,,,,,,,,,true,true,12,2019-04-01,2020-03-31,0
2020-01-31,43680,2019-03-31,3,,,,,,,,,,,,,,,,,,,,64457000000,55342000000,0.859,1558.77,55342000000,,,,,,,,,,,,true,false,12,2018-04-01,2019-03-31,-1
2020-01-31,43680,2019-03-31,3,,,,,,,,,,,,,,,,,,,,,,,,,,,,,46.00,,,,35511000,7202,,false,false,12,2018-04-01,2019-03-31,-1
2020-01-31,43680,2020-03-31,3,,,,,,,,,,,,,,,,,,,,,,,,,,,,,23.00,,,,,,,false,false,12,2019-04-01,2020-03-31,0
2020-01-31,43680,2020-03-31,3,,,,,,,,,,,,,,,,,,,,,,,,,,,,,46.00,,,,,,,false,true,12,2019-04-01,2020-03-31,0
2020-01-31,43680,2020-03-31,3,,,,,,,,,,,,,,,,,,,,,,,,,,,,,,,,,35511000,7236,35503787,false,false,9,2019-04-01,2019-12-31,0
2020-01-31,43680,2019-03-31,3,,,,,,,,,,,,,,,,,,,,,,,,,,,,,,,,,,,35503818,false,false,9,2018-04-01,2018-12-31,-1
2020-05-08,43680,2020-03-31,,41310000000,-0.018,,,,,8830000000,-0.049,8954000000,-0.091,,7014000000,,197.56,,0.121,0.134,0.214,,69222000000,60289000000,0.871,1698.11,60289000000,11936000000,-4320000000,-1641000000,16083000000,,0.233,,,,,,true,false,12,2019-04-01,2020-03-31,0
2020-05-08,43680,2019-03-31,,42074000000,0.046,,,,,9283000000,-0.119,9854000000,-0.049,,6881000000,,193.81,,0.130,0.153,0.221,,64457000000,55342000000,0.859,1558.77,55342000000,8148000000,-15356000000,-1639000000,10223000000,,0.237,,,,,,true,false,12,2018-04-01,2019-03-31,-1
2020-05-08,43680,2021-03-31,,21400000000,0.052,,,,,4400000000,0.008,4450000000,0.011,,2950000000,,83.09,,,,,,,,,,,,,,,,,,,,,,true,true,6,2020-04-01,2020-09-30,1
2020-05-08,43680,2021-03-31,,42200000000,0.022,,,,,8150000000,-0.077,8250000000,-0.079,,5600000000,,157.73,,,,,,,,,,,,,,,,0.292,,,,,,true,true,12,2020-04-01,2021-03-31,1
2020-05-08,43680,2020-03-31,,34034000000,-0.014,,,,,6655000000,-0.140,8113000000,-0.177,6737000000,,-0.086,189.76,,,,,,63532000000,54945000000,0.865,1547.58,54945000000,,,,,46.00,,,,35511000,7359,35503768,false,false,12,2019-04-01,2020-03-31,0
2020-05-08,43680,2019-03-31,,34504000000,0.035,,,,,7735000000,-0.136,9854000000,0.005,7369000000,,0.141,207.55,,,,,,58600000000,49895000000,0.851,1405.37,49895000000,,,,,46.00,,,,35511000,7202,35503813,false,false,12,2018-04-01,2019-03-31,-1
2020-05-08,43680,2021-03-31,,,,,,,,,,,,,,,,,,,,,,,,,,,,,,46.00,,,,,,,false,true,12,2020-04-01,2021-03-31,1
2020-07-31,43680,2021-03-31,1,10201000000,0.023,,,,,2345000000,0.102,2351000000,0.115,,1526000000,,42.99,,,,,,69651000000,61003000000,0.876,1718.22,61003000000,,,,,,,,,,,,true,false,3,2020-04-01,2020-06-30,0
2020-07-31,43680,2020-03-31,1,9976000000,-0.066,,,,,2128000000,-0.197,2109000000,-0.265,,1296000000,,36.50,,,,,,,,,,,,,,,,,,,,,,true,false,3,2019-04-01,2019-06-30,-1
2020-07-31,43680,2021-03-31,1,21400000000,0.052,,,,,4400000000,0.008,4450000000,0.011,,2950000000,,83.09,,,,,,,,,,,,,,,,,,,,,,true,true,6,2020-04-01,2020-09-30,0
2020-07-31,43680,2021-03-31,1,42200000000,0.022,,,,,8150000000,-0.077,8250000000,-0.079,,5600000000,,157.73,,,,,,,,,,,,,,,,,,,,,,true,true,12,2020-04-01,2021-03-31,0
2020-07-31,43680,2020-03-31,1,,,,,,,,,,,,,,,,,,,,69222000000,60289000000,0.871,1698.11,60289000000,,,,,,,,,,,,true,false,12,2019-04-01,2020-03-31,-1
2020-07-31,43680,2020-03-31,1,,,,,,,,,,,,,,,,,,,,,,,,,,,,,46.00,,,,35511000,7359,,false,false,12,2019-04-01,2020-03-31,-1
2020-07-31,43680,2021-03-31,1,,,,,,,,,,,,,,,,,,,,,,,,,,,,,46.00,,,,,,,false,true,12,2020-04-01,2021-03-31,0
2020-07-31,43680,2021-03-31,1,,,,,,,,,,,,,,,,,,,,,,,,,,,,,,,,,35511000,7383,35503622,false,false,3,2020-04-01,2020-06-30,0
2020-07-31,43680,2020-03-31,1,,,,,,,,,,,,,,,,,,,,,,,,,,,,,,,,,,,35503798,false,false,3,2019-04-01,2019-06-30,-1
2020-10-30,4368,2021-03-31,2,20340000000,0.000,,,,,4629000000,0.061,4505000000,0.023,,3086000000,,86.92,,,,,,71160000000,62604000000,0.880,1763.32,62604000000,,,,,,,,,,,,true,false,6,2020-04-01,2020-09-30,0
2020-10-30,4368,2020-03-31,2,20333000000,-0.046,,,,,4364000000,-0.168,4403000000,-0.217,,3013000000,,84.87,,,,,,,,,,,,,,,,,,,,,,true,false,6,2019-04-01,2019-09-30,-1
2020-10-30,4368,2021-03-31,2,42200000000,0.022,,,,,8150000000,-0.077,8250000000,-0.079,,5600000000,,157.73,,,,,,,,,,,,,,,,,,,,,,true,true,12,2020-04-01,2021-03-31,0
2020-10-30,4368,2020-03-31,2,,,,,,,,,,,,,,,,,,,,69222000000,60289000000,0.871,1698.11,60289000000,,,,,,,,,,,,true,false,12,2019-04-01,2020-03-31,-1
2020-10-30,4368,2020-03-31,2,,,,,,,,,,,,,,,,,,,,,,,,,,,,,46.00,,,,35511000,7359,,false,false,12,2019-04-01,2020-03-31,-1
2020-10-30,4368,2021-03-31,2,,,,,,,,,,,,,,,,,,,,,,,,,,,,,23.00,,,,,,,false,false,12,2020-04-01,2021-03-31,0
2020-10-30,4368,2021-03-31,2,,,,,,,,,,,,,,,,,,,,,,,,,,,,,46.00,,,,,,,false,true,12,2020-04-01,2021-03-31,0
2020-10-30,4368,2021-03-31,2,,,,,,,,,,,,,,,,,,,,,,,,,,,,,,,,,35511000,7383,35503619,false,false,6,2020-04-01,2020-09-30,0
2020-10-30,4368,2020-03-31,2,,,,,,,,,,,,,,,,,,,,,,,,,,,,,,,,,,,35503798,false,false,6,2019-04-01,2019-09-30,-1
2021-01-29,4368,2021-03-31,3,31181000000,-0.003,,,,,7191000000,0.037,6925000000,-0.017,,4817000000,,135.69,,,,,,71835000000,63539000000,0.885,1789.66,63539000000,,,,,,,,,,,,true,false,9,2020-04-01,2020-12-31,0
2021-01-29,4368,2020-03-31,3,31264000000,-0.035,,,,,6933000000,-0.074,7047000000,-0.108,,4902000000,,138.07,,,,,,,,,,,,,,,,,,,,,,true,false,9,2019-04-01,2019-12-31,-1
2021-01-29,4368,2021-03-31,3,42200000000,0.022,,,,,8150000000,-0.077,8250000000,-0.079,,5600000000,,157.73,,,,,,,,,,,,,,,,,,,,,,true,true,12,2020-04-01,2021-03-31,0
2021-01-29,4368,2020-03-31,3,,,,,,,,,,,,,,,,,,,,69222000000,60289000000,0.871,1698.11,60289000000,,,,,,,,,,,,true,false,12,2019-04-01,2020-03-31,-1
2021-01-29,4368,2020-03-31,3,,,,,,,,,,,,,,,,,,,,,,,,,,,,,46.00,,,,35511000,7359,,false,false,12,2019-04-01,2020-03-31,-1
2021-01-29,4368,2021-03-31,3,,,,,,,,,,,,,,,,,,,,,,,,,,,,,23.00,,,,,,,false,false,12,2020-04-01,2021-03-31,0
2021-01-29,4368,2021-03-31,3,,,,,,,,,,,,,,,,,,,,,,,,,,,,,46.00,,,,,,,false,true,12,2020-04-01,2021-03-31,0
2021-01-29,4368,2021-03-31,3,,,,,,,,,,,,,,,,,,,,,,,,,,,,,,,,,35511000,7383,35503618,false,false,9,2020-04-01,2020-12-31,0
2021-01-29,4368,2020-03-31,3,,,,,,,,,,,,,,,,,,,,,,,,,,,,,,,,,,,35503787,false,false,9,2019-04-01,2019-12-31,-1
2021-03-12,43680,2021-03-31,,41600000000,-0.014,,,,,9500000000,0.166,9500000000,0.152,6600000000,,0.179,185.89,,,,,,,,,,,,,,,,,,,,,,true,true,12,2020-04-01,2021-03-31,0
2021-03-12,43680,2020-03-31,,41310000000,,,,,,8830000000,,8954000000,,7014000000,,,197.56,,,,,,,,,,,,,,,,,,,,,,true,false,12,2019-04-01,2020-03-31,-1
2021-03-12,43680,2021-03-31,,,,,,,,,,,,,,,,,,,,,,,,,,,,,,48.00,,,,,,,false,true,12,2020-04-01,2021-03-31,0
2021-03-12,43680,2021-03-31,,,,,,,,,,,,,,,,,,,,,,,,,,,,,,23.00,,,,,,,false,false,12,2020-04-01,2021-03-31,0
2021-03-12,43680,2020-03-31,,,,,,,,,,,,,,,,,,,,,,,,,,,,,,46.00,,,,,,,false,false,12,2019-04-01,2020-03-31,-1
2021-05-07,4368,2021-03-31,,42209000000,0.022,,,,,9632000000,0.091,9746000000,0.088,,6808000000,,191.75,,0.108,0.134,0.228,,76032000000,66169000000,0.870,1863.74,66169000000,12820000000,-2620000000,-1639000000,24835000000,,0.250,,,,,,true,false,12,2020-04-01,2021-03-31,0
2021-05-07,4368,2020-03-31,,41310000000,-0.018,,,,,8830000000,-0.049,8954000000,-0.091,,7014000000,,197.56,,0.121,0.134,0.214,,69222000000,60289000000,0.871,1698.11,60289000000,11936000000,-4320000000,-1641000000,16083000000,,0.233,,,,,,true,false,12,2019-04-01,2020-03-31,-1
2021-05-07,4368,2022-03-31,,23000000000,0.131,,,,,5050000000,0.091,5050000000,0.121,,3450000000,,97.17,,,,,,,,,,,,,,,,,,,,,,true,true,6,2021-04-01,2021-09-30,1
2021-05-07,4368,2022-03-31,,46500000000,0.102,,,,,10200000000,0.059,10200000000,0.047,,6950000000,,195.75,,,,,,,,,,,,,,,,0.255,,,,,,true,true,12,2021-04-01,2022-03-31,1
2021-05-07,4368,2021-03-31,,35412000000,0.040,,,,,7754000000,0.165,9222000000,0.137,6776000000,,0.006,190.88,,,,,,69678000000,60245000000,0.865,1696.88,60245000000,,,,,48.00,,,,35511000,7383,35503618,false,false,12,2020-04-01,2021-03-31,0
2021-05-07,4368,2020-03-31,,34034000000,-0.014,,,,,6655000000,-0.140,8113000000,-0.177,6737000000,,-0.086,189.76,,,,,,63532000000,54945000000,0.865,1547.58,54945000000,,,,,46.00,,,,35511000,7359,35503768,false,false,12,2019-04-01,2020-03-31,-1
2021-05-07,4368,2022-03-31,,,,,,,,,,,,,,,,,,,,,,,,,,,,,,50.00,,,,,,,false,true,12,2021-04-01,2022-03-31,1
2021-07-30,4368,2022-03-31,1,12831000000,0.258,,,,,3371000000,0.437,3375000000,0.435,,2237000000,,63.01,,,,,,77585000000,67515000000,0.870,1901.64,67515000000,,,,,,,,,,,,true,false,3,2021-04-01,2021-06-30,0
2021-07-30,4368,2021-03-31,1,10201000000,0.023,,,,,2345000000,0.102,2351000000,0.115,,1526000000,,42.99,,,,,,,,,,,,,,,,,,,,,,true,false,3,2020-04-01,2020-06-30,-1
2021-07-30,4368,2022-03-31,1,23000000000,0.131,,,,,5050000000,0.091,5050000000,0.121,,3450000000,,97.17,,,,,,,,,,,,,,,,,,,,,,true,true,6,2021-04-01,2021-09-30,0
2021-07-30,4368,2022-03-31,1,46500000000,0.102,,,,,10200000000,0.059,10200000000,0.047,,6950000000,,195.75,,,,,,,,,,,,,,,,,,,,,,true,true,12,2021-04-01,2022-03-31,0
2021-07-30,4368,2021-03-31,1,,,,,,,,,,,,,,,,,,,,76032000000,66169000000,0.870,1863.74,66169000000,,,,,,,,,,,,true,false,12,2020-04-01,2021-03-31,-1
2021-07-30,4368,2021-03-31,1,,,,,,,,,,,,,,,,,,,,,,,,,,,,,48.00,,,,35511000,7383,,false,false,12,2020-04-01,2021-03-31,-1
2021-07-30,4368,2022-03-31,1,,,,,,,,,,,,,,,,,,,,,,,,,,,,,50.00,,,,,,,false,true,12,2021-04-01,2022-03-31,0
2021-07-30,4368,2022-03-31,1,,,,,,,,,,,,,,,,,,,,,,,,,,,,,,,,,35511000,7383,35503617,false,false,3,2021-04-01,2021-06-30,0
2021-07-30,4368,2021-03-31,1,,,,,,,,,,,,,,,,,,,,,,,,,,,,,,,,,,,35503622,false,false,3,2020-04-01,2020-06-30,-1
2021-08-16,43680,2022-03-31,,25100000000,0.091,,,,,6350000000,0.257,6380000000,0.263,,4400000000,,123.93,,,,,,,,,,,,,,,,,,,,,,true,true,6,2021-04-01,2021-09-30,0
2021-08-16,43680,2021-03-31,,20340000000,,,,,,4629000000,,4505000000,,,3086000000,,86.92,,,,,,,,,,,,,,,,,,,,,,true,false,6,2020-04-01,2020-09-30,-1
2021-08-16,43680,2022-03-31,,48600000000,0.045,,,,,11500000000,0.127,11530000000,0.130,,7900000000,,222.51,,,,,,,,,,,,,,,,,,,,,,true,true,12,2021-04-01,2022-03-31,0
2021-08-16,43680,2021-03-31,,42209000000,,,,,,9632000000,,9746000000,,,6808000000,,191.75,,,,,,,,,,,,,,,,,,,,,,true,false,12,2020-04-01,2021-03-31,-1
2021-10-29,4368,2022-03-31,2,25167000000,0.237,,,,,6425000000,0.388,6482000000,0.439,,4488000000,,126.59,,,,,,85755000000,68828000000,0.803,1952.94,68828000000,,,,,,,,,,,,true,false,6,2021-04-01,2021-09-30,0
2021-10-29,4368,2021-03-31,2,20340000000,0.000,,,,,4629000000,0.061,4505000000,0.023,,3086000000,,86.92,,,,,,,,,,,,,,,,,,,,,,true,false,6,2020-04-01,2020-09-30,-1
2021-10-29,4368,2022-03-31,2,48600000000,0.151,,,,,11500000000,0.194,11530000000,0.183,,7900000000,,223.49,,,,,,,,,,,,,,,,,,,,,,true,true,12,2021-04-01,2022-03-31,0
2021-10-29,4368,2021-03-31,2,,,,,,,,,,,,,,,,,,,,76032000000,66169000000,0.870,1863.74,66169000000,,,,,,,,,,,,true,false,12,2020-04-01,2021-03-31,-1
2021-10-29,4368,2021-03-31,2,,,,,,,,,,,,,,,,,,,,,,,,,,,,,48.00,,,,35511000,7383,,false,false,12,2020-04-01,2021-03-31,-1
2021-10-29,4368,2022-03-31,2,,,,,,,,,,,,,,,,,,,,,,,,,,,,,25.00,,,,,,,false,false,12,2021-04-01,2022-03-31,0
2021-10-29,4368,2022-03-31,2,,,,,,,,,,,,,,,,,,,,,,,,,,,,,50.00,,,,,,,false,true,12,2021-04-01,2022-03-31,0
2021-10-29,4368,2022-03-31,2,,,,,,,,,,,,,,,,,,,,,,,,,,,,,,,,,35511000,267425,35452463,false,false,6,2021-04-01,2021-09-30,0
2021-10-29,4368,2021-03-31,2,,,,,,,,,,,,,,,,,,,,,,,,,,,,,,,,,,,35503619,false,false,6,2020-04-01,2020-09-30,-1
2022-01-31,4368,2022-03-31,3,39656000000,0.272,,,,,10259000000,0.427,10462000000,0.511,,7330000000,,207.18,,,,,,82015000000,71134000000,0.867,2018.36,71134000000,,,,,,,,,,,,true,false,9,2021-04-01,2021-12-31,0
2022-01-31,4368,2021-03-31,3,31181000000,-0.003,,,,,7191000000,0.037,6925000000,-0.017,,4817000000,,135.69,,,,,,,,,,,,,,,,,,,,,,true,false,9,2020-04-01,2020-12-31,-1
2022-01-31,4368,2022-03-31,3,53000000000,0.256,,,,,13800000000,0.433,14000000000,0.436,,9800000000,,277.24,,,,,,,,,,,,,,,,,,,,,,true,true,12,2021-04-01,2022-03-31,0
2022-01-31,4368,2021-03-31,3,,,,,,,,,,,,,,,,,,,,76032000000,66169000000,0.870,1863.74,66169000000,,,,,,,,,,,,true,false,12,2020-04-01,2021-03-31,-1
2022-01-31,4368,2021-03-31,3,,,,,,,,,,,,,,,,,,,,,,,,,,,,,48.00,,,,35511000,7383,,false,false,12,2020-04-01,2021-03-31,-1
2022-01-31,4368,2022-03-31,3,,,,,,,,,,,,,,,,,,,,,,,,,,,,,25.00,,,,,,,false,false,12,2021-04-01,2022-03-31,0
2022-01-31,4368,2022-03-31,3,,,,,,,,,,,,,,,,,,,,,,,,,,,,,50.00,,,,,,,false,true,12,2021-04-01,2022-03-31,0
2022-01-31,4368,2022-03-31,3,,,,,,,,,,,,,,,,,,,,,,,,,,,,,,,,,35511000,267425,35382580,false,false,9,2021-04-01,2021-12-31,0
2022-01-31,4368,2021-03-31,3,,,,,,,,,,,,,,,,,,,,,,,,,,,,,,,,,,,35503618,false,false,9,2020-04-01,2020-12-31,-1
,43680,2022-03-31,,,,,,,,,,,,,,,,,,,,,,,,,,,,,,55.00,,,,,,,false,true,12,2021-04-01,2022-03-31,0
,43680,2022-03-31,,,,,,,,,,,,,,,,,,,,,,,,,,,,,,25.00,,,,,,,false,false,12,2021-04-01,2022-03-31,0
,43680,2021-03-31,,,,,,,,,,,,,,,,,,,,,,,,,,,,,,48.00,,,,,,,false,false,12,2020-04-01,2021-03-31,-1
2022-05-09,4368,2022-03-31,,55760000000,0.321,,,,,15034000000,0.561,15509000000,0.591,,10890000000,,308.08,,0.154,0.185,0.270,,92009000000,75303000000,0.818,2136.65,75303000000,10199000000,-9375000000,-2882000000,23460000000,,0.179,,,,,,true,false,12,2021-04-01,2022-03-31,0
2022-05-09,4368,2021-03-31,,42209000000,0.022,,,,,9632000000,0.091,9746000000,0.088,,6808000000,,191.75,,0.108,0.134,0.228,,76032000000,66169000000,0.870,1863.74,66169000000,12820000000,-2620000000,-1639000000,24835000000,,0.250,,,,,,true,false,12,2020-04-01,2021-03-31,-1
2022-05-09,4368,2023-03-31,,33900000000,0.347,,,,,7850000000,0.222,7880000000,0.216,,5400000000,,153.21,,,,,,,,,,,,,,,,,,,,,,true,true,6,2022-04-01,2022-09-30,1
2022-05-09,4368,2023-03-31,,66200000000,0.187,,,,,15650000000,0.041,15700000000,0.012,,10800000000,,306.43,,,,,,,,,,,,,,,,0.196,,,,,,true,true,12,2022-04-01,2023-03-31,1
2022-05-09,4368,2022-03-31,,46166000000,0.304,,,,,12288000000,0.585,13970000000,0.515,10162000000,,0.500,287.48,,,,,,84011000000,67427000000,0.803,1913.17,67427000000,,,,,55.00,,,,35511000,267425,35348305,false,false,12,2021-04-01,2022-03-31,0
2022-05-09,4368,2021-03-31,,35412000000,0.040,,,,,7754000000,0.165,9222000000,0.137,6776000000,,0.006,190.88,,,,,,69678000000,60245000000,0.865,1696.88,60245000000,,,,,48.00,,,,35511000,7383,35503618,false,false,12,2020-04-01,2021-03-31,-1
2022-05-09,4368,2023-03-31,,,,,,,,,,,,,,,,,,,,,,,,,,,,,,60.00,,,,,,,false,true,12,2022-04-01,2023-03-31,1
2022-07-29,4368,2023-03-31,1,17544000000,0.367,,,,,4693000000,0.392,5363000000,0.589,,3662000000,,103.90,,,,,,97680000000,78809000000,0.807,2236.12,78809000000,,,,,,,,,,,,true,false,3,2022-04-01,2022-06-30,0
2022-07-29,4368,2022-03-31,1,12831000000,0.258,,,,,3371000000,0.437,3375000000,0.435,,2237000000,,63.01,,,,,,,,,,,,,,,,,,,,,,true,false,3,2021-04-01,2021-06-30,-1
2022-07-29,4368,2023-03-31,1,33900000000,0.347,,,,,7850000000,0.222,7880000000,0.216,,5400000000,,153.21,,,,,,,,,,,,,,,,,,,,,,true,true,6,2022-04-01,2022-09-30,0
2022-07-29,4368,2023-03-31,1,66200000000,0.187,,,,,15650000000,0.041,15700000000,0.012,,10800000000,,306.43,,,,,,,,,,,,,,,,,,,,,,true,true,12,2022-04-01,2023-03-31,0
2022-07-29,4368,2022-03-31,1,,,,,,,,,,,,,,,,,,,,92009000000,75303000000,0.818,2136.65,75303000000,,,,,,,,,,,,true,false,12,2021-04-01,2022-03-31,-1
2022-07-29,4368,2022-03-31,1,,,,,,,,,,,,,,,,,,,,,,,,,,,,,55.00,,,,35511000,267425,,false,false,12,2021-04-01,2022-03-31,-1
2022-07-29,4368,2023-03-31,1,,,,,,,,,,,,,,,,,,,,,,,,,,,,,60.00,,,,,,,false,true,12,2022-04-01,2023-03-31,0
2022-07-29,4368,2023-03-31,1,,,,,,,,,,,,,,,,,,,,,,,,,,,,,,,,,35511000,267425,35243575,false,false,3,2022-04-01,2022-06-30,0
2022-07-29,4368,2022-03-31,1,,,,,,,,,,,,,,,,,,,,,,,,,,,,,,,,,,,35503617,false,false,3,2021-04-01,2021-06-30,-1
2022-09-16,43680,2023-03-31,,35500000000,0.047,,,,,9700000000,0.236,10650000000,0.352,,7400000000,,209.96,,,,,,,,,,,,,,,,,,,,,,true,true,6,2022-04-01,2022-09-30,0
2022-09-16,43680,2022-03-31,,25167000000,,,,,,6425000000,,6482000000,,,4488000000,,126.59,,,,,,,,,,,,,,,,,,,,,,true,false,6,2021-04-01,2021-09-30,-1
2022-09-16,43680,2023-03-31,,68500000000,0.035,,,,,17100000000,0.093,18100000000,0.153,,12550000000,,356.09,,,,,,,,,,,,,,,,,,,,,,true,true,12,2022-04-01,2023-03-31,0
2022-09-16,43680,2022-03-31,,55760000000,,,,,,15034000000,,15509000000,,,10890000000,,308.08,,,,,,,,,,,,,,,,,,,,,,true,false,12,2021-04-01,2022-03-31,-1
2022-10-31,4368,2023-03-31,2,35359000000,0.405,,,,,9578000000,0.491,10757000000,0.659,,7516000000,,213.26,,,,,,98973000000,82950000000,0.838,2353.63,82950000000,,,,,,,,,,,,true,false,6,2022-04-01,2022-09-30,0
2022-10-31,4368,2022-03-31,2,25167000000,0.237,,,,,6425000000,0.388,6482000000,0.439,,4488000000,,126.59,,,,,,,,,,,,,,,,,,,,,,true,false,6,2021-04-01,2021-09-30,-1
2022-10-31,4368,2023-03-31,2,68500000000,0.228,,,,,17100000000,0.137,18100000000,0.167,,12550000000,,356.09,,,,,,,,,,,,,,,,,,,,,,true,true,12,2022-04-01,2023-03-31,0
2022-10-31,4368,2022-03-31,2,,,,,,,,,,,,,,,,,,,,92009000000,75303000000,0.818,2136.65,75303000000,,,,,,,,,,,,true,false,12,2021-04-01,2022-03-31,-1
2022-10-31,4368,2022-03-31,2,,,,,,,,,,,,,,,,,,,,,,,,,,,,,55.00,,,,35511000,267425,,false,false,12,2021-04-01,2022-03-31,-1
2022-10-31,4368,2023-03-31,2,,,,,,,,,,,,,,,,,,,,,,,,,,,,,30.00,,,,,,,false,false,12,2022-04-01,2023-03-31,0
2022-10-31,4368,2023-03-31,2,,,,,,,,,,,,,,,,,,,,,,,,,,,,,60.00,,,,,,,false,true,12,2022-04-01,2023-03-31,0
2022-10-31,4368,2023-03-31,2,,,,,,,,,,,,,,,,,,,,,,,,,,,,,,,,,35511000,267425,35243575,false,false,6,2022-04-01,2022-09-30,0
2022-10-31,4368,2022-03-31,2,,,,,,,,,,,,,,,,,,,,,,,,,,,,,,,,,,,35452463,false,false,6,2021-04-01,2021-09-30,-1
2023-01-31,4368,2023-03-31,3,52634000000,0.327,,,,,14703000000,0.433,15392000000,0.471,,11008000000,,312.36,,,,,,107666000000,84186000000,0.782,2388.71,84186000000,,,,,,,,,,,,true,false,9,2022-04-01,2022-12-31,0
2023-01-31,4368,2022-03-31,3,39656000000,0.272,,,,,10259000000,0.427,10462000000,0.511,,7330000000,,207.18,,,,,,,,,,,,,,,,,,,,,,true,false,9,2021-04-01,2021-12-31,-1
2023-01-31,4368,2023-03-31,3,68500000000,0.228,,,,,17100000000,0.137,18100000000,0.167,,12550000000,,356.09,,,,,,,,,,,,,,,,,,,,,,true,true,12,2022-04-01,2023-03-31,0
2023-01-31,4368,2022-03-31,3,,,,,,,,,,,,,,,,,,,,92009000000,75303000000,0.818,2136.65,75303000000,,,,,,,,,,,,true,false,12,2021-04-01,2022-03-31,-1
2023-01-31,4368,2022-03-31,3,,,,,,,,,,,,,,,,,,,,,,,,,,,,,55.00,,,,35511000,267425,,false,false,12,2021-04-01,2022-03-31,-1
2023-01-31,4368,2023-03-31,3,,,,,,,,,,,,,,,,,,,,,,,,,,,,,30.00,,,,,,,false,false,12,2022-04-01,2023-03-31,0
2023-01-31,4368,2023-03-31,3,,,,,,,,,,,,,,,,,,,,,,,,,,,,,60.00,,,,,,,false,true,12,2022-04-01,2023-03-31,0
2023-01-31,4368,2023-03-31,3,,,,,,,,,,,,,,,,,,,,,,,,,,,,,,,,,35511000,267425,35243575,false,false,9,2022-04-01,2022-12-31,0
2023-01-31,4368,2022-03-31,3,,,,,,,,,,,,,,,,,,,,,,,,,,,,,,,,,,,35382580,false,false,9,2021-04-01,2021-12-31,-1
2023-05-11,4368,2023-03-31,,68459000000,0.228,,,,,18930000000,0.259,19740000000,0.273,,14129000000,,400.90,,0.174,0.192,0.277,,113528000000,87502000000,0.771,2482.80,87502000000,13925000000,-13417000000,-2124000000,22350000000,,0.157,,,,,,true,false,12,2022-04-01,2023-03-31,0
2023-05-11,4368,2022-03-31,,55760000000,0.321,,,,,15034000000,0.561,15509000000,0.591,,10890000000,,308.08,,0.154,0.185,0.270,,92009000000,75303000000,0.818,2136.65,75303000000,10199000000,-9375000000,-2882000000,23460000000,,0.179,,,,,,true,false,12,2021-04-01,2022-03-31,-1
2023-05-11,4368,2024-03-31,,33600000000,-0.050,,,,,7100000000,-0.259,7100000000,-0.340,,4850000000,,137.61,,,,,,,,,,,,,,,,,,,,,,true,true,6,2023-04-01,2023-09-30,1
2023-05-11,4368,2024-03-31,,69300000000,0.012,,,,,13800000000,-0.271,13800000000,-0.301,,9450000000,,268.13,,,,,,,,,,,,,,,,0.246,,,,,,true,true,12,2023-04-01,2024-03-31,1
2023-05-11,4368,2023-03-31,,57017000000,0.235,,,,,15113000000,0.230,17578000000,0.258,13042000000,,0.283,370.05,,,,,,103084000000,78096000000,0.758,2215.90,78096000000,,,,,63.00,,,,35511000,267466,35243568,false,false,12,2022-04-01,2023-03-31,0
2023-05-11,4368,2022-03-31,,46166000000,0.304,,,,,12288000000,0.585,13970000000,0.515,10162000000,,0.500,287.48,,,,,,84011000000,67427000000,0.803,1913.17,67427000000,,,,,55.00,,,,35511000,267425,35348305,false,false,12,2021-04-01,2022-03-31,-1
2023-05-11,4368,2024-03-31,,,,,,,,,,,,,,,,,,,,,,,,,,,,,,66.00,,,,,,,false,true,12,2023-04-01,2024-03-31,1
2023-07-31,4368,2024-03-31,1,13642000000,-0.222,,,,,3194000000,-0.319,3727000000,-0.305,,2454000000,,69.63,,,,,,124355000000,89606000000,0.721,2542.48,89606000000,,,,,,,,,,,,true,false,3,2023-04-01,2023-06-30,0
2023-07-31,4368,2023-03-31,1,17544000000,0.367,,,,,4693000000,0.392,5363000000,0.589,,3662000000,,103.90,,,,,,,,,,,,,,,,,,,,,,true,false,3,2022-04-01,2022-06-30,-1
2023-07-31,4368,2024-03-31,1,33600000000,-0.050,,,,,7100000000,-0.259,7100000000,-0.340,,4850000000,,137.61,,,,,,,,,,,,,,,,,,,,,,true,true,6,2023-04-01,2023-09-30,0
2023-07-31,4368,2024-03-31,1,69300000000,0.012,,,,,13800000000,-0.271,13800000000,-0.301,,9450000000,,268.13,,,,,,,,,,,,,,,,,,,,,,true,true,12,2023-04-01,2024-03-31,0
2023-07-31,4368,2023-03-31,1,,,,,,,,,,,,,,,,,,,,113528000000,87502000000,0.771,2482.80,87502000000,,,,,,,,,,,,true,false,12,2022-04-01,2023-03-31,-1
2023-07-31,4368,2023-03-31,1,,,,,,,,,,,,,,,,,,,,,,,,,,,,,63.00,,,,35511000,267466,,false,false,12,2022-04-01,2023-03-31,-1
2023-07-31,4368,2024-03-31,1,,,,,,,,,,,,,,,,,,,,,,,,,,,,,66.00,,,,,,,false,true,12,2023-04-01,2024-03-31,0
2023-07-31,4368,2024-03-31,1,,,,,,,,,,,,,,,,,,,,,,,,,,,,,,,,,35511000,267502,35243530,false,false,3,2023-04-01,2023-06-30,0
2023-07-31,4368,2023-03-31,1,,,,,,,,,,,,,,,,,,,,,,,,,,,,,,,,,,,35243575,false,false,3,2022-04-01,2022-06-30,-1
2023-09-15,43680,2024-03-31,,27400000000,-0.185,,,,,5500000000,-0.225,6050000000,-0.148,,4100000000,,116.32,,,,,,,,,,,,,,,,,,,,,,true,true,6,2023-04-01,2023-09-30,0
2023-09-15,43680,2023-03-31,,35359000000,,,,,,9578000000,,10757000000,,,7516000000,,213.26,,,,,,,,,,,,,,,,,,,,,,true,false,6,2022-04-01,2022-09-30,-1
2023-09-15,43680,2024-03-31,,60500000000,-0.127,,,,,10950000000,-0.207,11550000000,-0.163,,7900000000,,224.13,,,,,,,,,,,,,,,,,,,,,,true,true,12,2023-04-01,2024-03-31,0
2023-09-15,43680,2023-03-31,,68459000000,,,,,,18930000000,,19740000000,,,14129000000,,400.90,,,,,,,,,,,,,,,,,,,,,,true,false,12,2022-04-01,2023-03-31,-1
2023-10-31,4368,2024-03-31,2,27135000000,-0.233,,,,,5581000000,-0.417,6245000000,-0.419,,4287000000,,121.64,,,,,,127659000000,91818000000,0.719,2604.81,91818000000,,,,,,,,,,,,true,false,6,2023-04-01,2023-09-30,0
2023-10-31,4368,2023-03-31,2,35359000000,0.405,,,,,9578000000,0.491,10757000000,0.659,,7516000000,,213.26,,,,,,,,,,,,,,,,,,,,,,true,false,6,2022-04-01,2022-09-30,-1
2023-10-31,4368,2024-03-31,2,60500000000,-0.116,,,,,10950000000,-0.422,11550000000,-0.415,,7900000000,,224.13,,,,,,,,,,,,,,,,,,,,,,true,true,12,2023-04-01,2024-03-31,0
2023-10-31,4368,2023-03-31,2,,,,,,,,,,,,,,,,,,,,113528000000,87502000000,0.771,2482.80,87502000000,,,,,,,,,,,,true,false,12,2022-04-01,2023-03-31,-1
2023-10-31,4368,2023-03-31,2,,,,,,,,,,,,,,,,,,,,,,,,,,,,,63.00,,,,35511000,267466,,false,false,12,2022-04-01,2023-03-31,-1
2023-10-31,4368,2024-03-31,2,,,,,,,,,,,,,,,,,,,,,,,,,,,,,33.00,,,,,,,false,false,12,2023-04-01,2024-03-31,0
2023-10-31,4368,2024-03-31,2,,,,,,,,,,,,,,,,,,,,,,,,,,,,,66.00,,,,,,,false,true,12,2023-04-01,2024-03-31,0
2023-10-31,4368,2024-03-31,2,,,,,,,,,,,,,,,,,,,,,,,,,,,,,,,,,35511000,261281,35245012,false,false,6,2023-04-01,2023-09-30,0
2023-10-31,4368,2023-03-31,2,,,,,,,,,,,,,,,,,,,,,,,,,,,,,,,,,,,35243575,false,false,6,2022-04-01,2022-09-30,-1
2024-01-31,4368,2024-03-31,3,43135000000,-0.180,,,,,8226000000,-0.441,8698000000,-0.435,,6106000000,,173.25,,,,,,125126000000,91891000000,0.734,2606.88,91891000000,,,,,,,,,,,,true,false,9,2023-04-01,2023-12-31,0
2024-01-31,4368,2023-03-31,3,52634000000,0.327,,,,,14703000000,0.433,15392000000,0.471,,11008000000,,312.36,,,,,,,,,,,,,,,,,,,,,,true,false,9,2022-04-01,2022-12-31,-1
2024-01-31,4368,2024-03-31,3,60500000000,-0.116,,,,,10950000000,-0.422,11550000000,-0.415,,7900000000,,224.13,,,,,,,,,,,,,,,,,,,,,,true,true,12,2023-04-01,2024-03-31,0
2024-01-31,4368,2023-03-31,3,,,,,,,,,,,,,,,,,,,,113528000000,87502000000,0.771,2482.80,87502000000,,,,,,,,,,,,true,false,12,2022-04-01,2023-03-31,-1
2024-01-31,4368,2023-03-31,3,,,,,,,,,,,,,,,,,,,,,,,,,,,,,63.00,,,,35511000,267466,,false,false,12,2022-04-01,2023-03-31,-1
2024-01-31,4368,2024-03-31,3,,,,,,,,,,,,,,,,,,,,,,,,,,,,,33.00,,,,,,,false,false,12,2023-04-01,2024-03-31,0
2024-01-31,4368,2024-03-31,3,,,,,,,,,,,,,,,,,,,,,,,,,,,,,66.00,,,,,,,false,true,12,2023-04-01,2024-03-31,0
2024-01-31,4368,2024-03-31,3,,,,,,,,,,,,,,,,,,,,,,,,,,,,,,,,,35511000,261330,35246582,false,false,9,2023-04-01,2023-12-31,0
2024-01-31,4368,2023-03-31,3,,,,,,,,,,,,,,,,,,,,,,,,,,,,,,,,,,,35243575,false,false,9,2022-04-01,2022-12-31,-1
2024-05-10,4368,2024-03-31,,58970000000,-0.139,,,,,11083000000,-0.414,11883000000,-0.398,,8343000000,,236.70,,0.091,0.096,0.188,,133740000000,95025000000,0.711,2695.77,95025000000,7061000000,-18576000000,17663000000,29483000000,,0.279,,,,,,true,false,12,2023-04-01,2024-03-31,0
2024-05-10,4368,2023-03-31,,68459000000,0.228,,,,,18930000000,0.259,19740000000,0.273,,14129000000,,400.90,,0.174,0.192,0.277,,113528000000,87502000000,0.771,2482.80,87502000000,13925000000,-13417000000,-2124000000,22350000000,,0.157,,,,,,true,false,12,2022-04-01,2023-03-31,-1
2024-05-10,4368,2025-03-31,,31600000000,0.165,,,,,5050000000,-0.095,5100000000,-0.183,,3450000000,,97.87,,,,,,,,,,,,,,,,,,,,,,true,true,6,2024-04-01,2024-09-30,1
2024-05-10,4368,2025-03-31,,65000000000,0.102,,,,,11150000000,0.006,11250000000,-0.053,,7400000000,,209.93,,,,,,,,,,,,,,,,0.314,,,,,,true,true,12,2024-04-01,2025-03-31,1
2024-05-10,4368,2024-03-31,,47771000000,-0.162,,,,,8036000000,-0.468,10390000000,-0.409,7737000000,,-0.407,219.52,,,,,,121504000000,83648000000,0.688,2373.02,83648000000,,,,,66.00,,,,35511000,261338,35247349,false,false,12,2023-04-01,2024-03-31,0
2024-05-10,4368,2023-03-31,,57017000000,0.235,,,,,15113000000,0.230,17578000000,0.258,13042000000,,0.283,370.05,,,,,,103084000000,78096000000,0.758,2215.90,78096000000,,,,,63.00,,,,35511000,267466,35243568,false,false,12,2022-04-01,2023-03-31,-1
2024-05-10,4368,2025-03-31,,,,,,,,,,,,,,,,,,,,,,,,,,,,,,66.00,,,,,,,false,true,12,2024-04-01,2025-03-31,1
2024-08-07,4368,2025-03-31,1,17431000000,0.278,,,,,3910000000,0.224,4290000000,0.151,,2884000000,,81.83,,,,,,136171000000,97644000000,0.717,2770.08,97644000000,,,,,,,,,,,,true,false,3,2024-04-01,2024-06-30,0
2024-08-07,4368,2024-03-31,1,13642000000,-0.222,,,,,3194000000,-0.319,3727000000,-0.305,,2454000000,,69.63,,,,,,,,,,,,,,,,,,,,,,true,false,3,2023-04-01,2023-06-30,-1
2024-08-07,4368,2025-03-31,1,34000000000,0.253,,,,,7200000000,0.290,7350000000,0.177,,5050000000,,143.26,,,,,,,,,,,,,,,,,,,,,,true,true,6,2024-04-01,2024-09-30,0
2024-08-07,4368,2025-03-31,1,68000000000,0.153,,,,,13500000000,0.218,13700000000,0.153,,9150000000,,259.57,,,,,,,,,,,,,,,,,,,,,,true,true,12,2024-04-01,2025-03-31,0
2024-08-07,4368,2024-03-31,1,,,,,,,,,,,,,,,,,,,,133740000000,95025000000,0.711,2695.77,95025000000,,,,,,,,,,,,true,false,12,2023-04-01,2024-03-31,-1
2024-08-07,4368,2024-03-31,1,,,,,,,,,,,,,,,,,,,,,,,,,,,,,66.00,,,,35511000,261338,,false,false,12,2023-04-01,2024-03-31,-1
2024-08-07,4368,2025-03-31,1,,,,,,,,,,,,,,,,,,,,,,,,,,,,,66.00,,,,,,,false,true,12,2024-04-01,2025-03-31,0
2024-08-07,4368,2025-03-31,1,,,,,,,,,,,,,,,,,,,,,,,,,,,,,,,,,35511000,261375,35249649,false,false,3,2024-04-01,2024-06-30,0
2024-08-07,4368,2024-03-31,1,,,,,,,,,,,,,,,,,,,,,,,,,,,,,,,,,,,35243530,false,false,3,2023-04-01,2023-06-30,-1
,43680,2025-03-31,,,,,,,,,,,,,,,,,,,,,,,,,,,,,,70.00,,,,,,,false,true,12,2024-04-01,2025-03-31,0
,43680,2024-03-31,,,,,,,,,,,,,,,,,,,,,,,,,,,,,,66.00,,,,,,,false,false,12,2023-04-01,2024-03-31,-1
2024-10-31,4368,2025-03-31,2,34756000000,0.281,,,,,8145000000,0.459,7948000000,0.273,,5608000000,,159.09,,,,,,134893000000,98865000000,0.733,2804.13,98865000000,,,,,,,,,,,,true,false,6,2024-04-01,2024-09-30,0
2024-10-31,4368,2024-03-31,2,27135000000,-0.233,,,,,5581000000,-0.417,6245000000,-0.419,,4287000000,,121.64,,,,,,,,,,,,,,,,,,,,,,true,false,6,2023-04-01,2023-09-30,-1
2024-10-31,4368,2025-03-31,2,68000000000,0.153,,,,,13500000000,0.218,13700000000,0.153,,9150000000,,259.57,,,,,,,,,,,,,,,,,,,,,,true,true,12,2024-04-01,2025-03-31,0
2024-10-31,4368,2024-03-31,2,,,,,,,,,,,,,,,,,,,,133740000000,95025000000,0.711,2695.77,95025000000,,,,,,,,,,,,true,false,12,2023-04-01,2024-03-31,-1
2024-10-31,4368,2024-03-31,2,,,,,,,,,,,,,,,,,,,,,,,,,,,,,66.00,,,,35511000,261338,,false,false,12,2023-04-01,2024-03-31,-1
2024-10-31,4368,2025-03-31,2,,,,,,,,,,,,,,,,,,,,,,,,,,,,,35.00,,,,,,,false,false,12,2024-04-01,2025-03-31,0
2024-10-31,4368,2025-03-31,2,,,,,,,,,,,,,,,,,,,,,,,,,,,,,70.00,,,,,,,false,true,12,2024-04-01,2025-03-31,0
2024-10-31,4368,2025-03-31,2,,,,,,,,,,,,,,,,,,,,,,,,,,,,,,,,,35511000,253983,35251492,false,false,6,2024-04-01,2024-09-30,0
2024-10-31,4368,2024-03-31,2,,,,,,,,,,,,,,,,,,,,,,,,,,,,,,,,,,,35245012,false,false,6,2023-04-01,2023-09-30,-1
2025-02-07,4368,2025-03-31,3,52420000000,0.215,,,,,12595000000,0.531,13156000000,0.512,,9169000000,,260.10,,,,,,135224000000,102542000000,0.758,2908.42,102542000000,,,,,,,,,,,,true,false,9,2024-04-01,2024-12-31,0
2025-02-07,4368,2024-03-31,3,43135000000,-0.180,,,,,8226000000,-0.441,8698000000,-0.435,,6106000000,,173.25,,,,,,,,,,,,,,,,,,,,,,true,false,9,2023-04-01,2023-12-31,-1
2025-02-07,4368,2025-03-31,3,68000000000,0.153,,,,,13500000000,0.218,13700000000,0.153,,9150000000,,259.57,,,,,,,,,,,,,,,,,,,,,,true,true,12,2024-04-01,2025-03-31,0
2025-02-07,4368,2024-03-31,3,,,,,,,,,,,,,,,,,,,,133740000000,95025000000,0.711,2695.77,95025000000,,,,,,,,,,,,true,false,12,2023-04-01,2024-03-31,-1
2025-02-07,4368,2024-03-31,3,,,,,,,,,,,,,,,,,,,,,,,,,,,,,66.00,,,,35511000,261338,,false,false,12,2023-04-01,2024-03-31,-1
2025-02-07,4368,2025-03-31,3,,,,,,,,,,,,,,,,,,,,,,,,,,,,,35.00,,,,,,,false,false,12,2024-04-01,2025-03-31,0
2025-02-07,4368,2025-03-31,3,,,,,,,,,,,,,,,,,,,,,,,,,,,,,70.00,,,,,,,false,true,12,2024-04-01,2025-03-31,0
2025-02-07,4368,2025-03-31,3,,,,,,,,,,,,,,,,,,,,,,,,,,,,,,,,,35511000,254043,35253323,false,false,9,2024-04-01,2024-12-31,0
2025-02-07,4368,2024-03-31,3,,,,,,,,,,,,,,,,,,,,,,,,,,,,,,,,,,,35246582,false,false,9,2023-04-01,2023-12-31,-1
2025-02-18,43680,2025-03-31,,69400000000,0.021,,,,,16000000000,0.185,16400000000,0.197,,11100000000,,314.86,,,,,,,,,,,,,,,,,,,,,,true,true,12,2024-04-01,2025-03-31,0
2025-02-18,43680,2024-03-31,,58970000000,,,,,,11083000000,,11883000000,,,8343000000,,236.70,,,,,,,,,,,,,,,,,,,,,,true,false,12,2023-04-01,2024-03-31,-1
2025-02-18,43680,2025-03-31,,,,,,,,,,,,,,,,,,,,,,,,,,,,,,73.00,,,,,,,false,true,12,2024-04-01,2025-03-31,0
2025-02-18,43680,2025-03-31,,,,,,,,,,,,,,,,,,,,,,,,,,,,,,35.00,,,,,,,false,false,12,2024-04-01,2025-03-31,0
2025-02-18,43680,2024-03-31,,,,,,,,,,,,,,,,,,,,,,,,,,,,,,66.00,,,,,,,false,false,12,2023-04-01,2024-03-31,-1
2025-05-12,4368,2025-03-31,,69501000000,0.179,,,,,16230000000,0.464,16561000000,0.394,,11622000000,,329.68,,0.117,0.120,0.234,,141502000000,104048000000,0.735,2951.16,104048000000,22701000000,-20538000000,-2409000000,29237000000,,0.221,,,,,,true,false,12,2024-04-01,2025-03-31,0
2025-05-12,4368,2024-03-31,,58970000000,-0.139,,,,,11083000000,-0.414,11883000000,-0.398,,8343000000,,236.70,,0.091,0.096,0.188,,133740000000,95025000000,0.711,2695.77,95025000000,7061000000,-18576000000,17663000000,29483000000,,0.279,,,,,,true,false,12,2023-04-01,2024-03-31,-1
2025-05-12,4368,2026-03-31,,36300000000,0.044,,,,,7900000000,-0.030,7650000000,-0.038,,5250000000,,148.90,,,,,,,,,,,,,,,,,,,,,,true,true,6,2025-04-01,2025-09-30,1
2025-05-12,4368,2026-03-31,,72700000000,0.046,,,,,14000000000,-0.137,13800000000,-0.167,,9400000000,,266.61,,,,,,,,,,,,,,,,0.285,,,,,,true,true,12,2025-04-01,2026-03-31,1
2025-05-12,4368,2025-03-31,,57450000000,0.203,,,,,13047000000,0.624,14730000000,0.418,10850000000,,0.402,307.77,,,,,,128479000000,92025000000,0.716,2610.13,92025000000,,,,,73.00,,,,35511000,254089,35254215,false,false,12,2024-04-01,2025-03-31,0
2025-05-12,4368,2024-03-31,,47771000000,-0.162,,,,,8036000000,-0.468,10390000000,-0.409,7737000000,,-0.407,219.52,,,,,,121504000000,83648000000,0.688,2373.02,83648000000,,,,,66.00,,,,35511000,261338,35247349,false,false,12,2023-04-01,2024-03-31,-1
2025-05-12,4368,2026-03-31,,,,,,,,,,,,,,,,,,,,,,,,,,,,,,76.00,,,,,,,false,true,12,2025-04-01,2026-03-31,1
