filing_date,code,fiscal_year_end,quarterly_period,net_sales,net_sales_change,revenue,revenue_change,operating_revenue,operating_revenue_change,operating_profit,operating_profit_change,ordinary_profit,ordinary_profit_change,net_income,net_income_of_parent,net_income_change,eps,diluted_eps,roe,roa,operating_profit_to_net_sales,operating_profit_to_revenue,total_assets,net_assets,equity_ratio,bps,owner_equity,operating_cash_flow,investing_cash_flow,financing_cash_flow,cash,dividend_per_share,payout_ratio,commemorative_dividend,extra_dividend,number_of_shares,number_of_treqsury_shares,avg_number_of_shares,is_consolidated,is_forecast,duration,period_start,period_end,period_pos
2015-05-29,43690,2016-01-31,1,1217000000,0.295,,,,,202000000,1.721,214000000,2.428,137000000,,2.502,18.10,17.75,,,,,5261000000,3004000000,0.571,,3004000000,,,,,,,,,7616160,73,7609345,false,false,3,2015-02-01,2015-04-30,0
2015-05-29,43690,2015-01-31,1,940000000,0.208,,,,,74000000,,62000000,,39000000,,0.126,5.43,5.41,,,,,,,,,,,,,,,,,,,,7239087,false,false,3,2014-02-01,2014-04-30,-1
2015-05-29,43690,2016-01-31,1,2330000000,0.211,,,,,260000000,0.447,253000000,0.457,159000000,,0.510,20.89,,,,,,,,,,,,,,,,,,,,,,false,true,6,2015-02-01,2015-07-31,0
2015-05-29,43690,2016-01-31,1,4590000000,0.119,,,,,480000000,0.367,465000000,0.091,292000000,,-0.190,38.35,,,,,,,,,,,,,,,6.00,,,,,,,false,true,12,2015-02-01,2016-01-31,0
2015-05-29,43690,2015-01-31,1,,,,,,,,,,,,,,,,,,,,5245000000,2911000000,0.555,,2911000000,,,,,7.00,,,,7578160,73,,false,false,12,2014-02-01,2015-01-31,-1
2015-07-15,43690,2016-01-31,,2490000000,0.069,,,,,360000000,0.385,375000000,0.482,235000000,,0.478,30.84,,,,,,,,,,,,,,,,,,,,,,false,true,6,2015-02-01,2015-07-31,0
2015-07-15,43690,2015-01-31,,1924000000,,,,,,179000000,,173000000,,105000000,,,14.54,,,,,,,,,,,,,,,,,,,,,,false,false,6,2014-02-01,2014-07-31,-1
2015-07-15,43690,2016-01-31,,4950000000,0.078,,,,,640000000,0.333,645000000,0.387,410000000,,0.404,53.75,,,,,,,,,,,,,,,,,,,,,,false,true,12,2015-02-01,2016-01-31,0
2015-07-15,43690,2015-01-31,,4103000000,,,,,,351000000,,426000000,,360000000,,,49.45,,,,,,,,,,,,,,,,,,,,,,false,false,12,2014-02-01,2015-01-31,-1
2015-08-31,43690,2016-01-31,2,2515000000,0.308,,,,,401000000,1.234,416000000,1.400,266000000,,1.527,34.91,34.25,,,,,5376000000,3141000000,0.584,,3141000000,,,,,,,,,7651160,73,7620976,false,false,6,2015-02-01,2015-07-31,0
2015-08-31,43690,2015-01-31,2,1924000000,0.216,,,,,179000000,,173000000,,105000000,,8.263,14.54,14.48,,,,,,,,,,,,,,,,,,,,7239087,false,false,6,2014-02-01,2014-07-31,-1
2015-08-31,43690,2016-01-31,2,4950000000,0.206,,,,,640000000,0.823,645000000,0.514,410000000,,0.137,53.69,,,,,,,,,,,,,,,6.00,,,,,,,false,true,12,2015-02-01,2016-01-31,0
2015-08-31,43690,2015-01-31,2,,,,,,,,,,,,,,,,,,,,5245000000,2911000000,0.555,,2911000000,,,,,7.00,,,,7578160,73,,false,false,12,2014-02-01,2015-01-31,-1
2015-08-31,43690,2016-01-31,2,,,,,,,,,,,,,,,,,,,,,,,,,,,,,0.00,,,,,,,false,false,12,2015-02-01,2016-01-31,0
2015-11-30,43690,2016-01-31,3,3730000000,0.283,,,,,581000000,1.394,570000000,1.304,358000000,,1.420,46.91,46.12,,,,,5541000000,3239000000,0.585,,3239000000,,,,,,,,,7685160,73,7640460,false,false,9,2015-02-01,2015-10-31,0
2015-11-30,43690,2015-01-31,3,2906000000,0.180,,,,,243000000,,247000000,,148000000,,3.993,20.45,20.01,,,,,,,,,,,,,,,,,,,,7242237,false,false,9,2014-02-01,2014-10-31,-1
2015-11-30,43690,2016-01-31,3,4950000000,0.206,,,,,640000000,0.823,645000000,0.514,410000000,,0.137,53.58,,,,,,,,,,,,,,,6.00,,,,,,,false,true,12,2015-02-01,2016-01-31,0
2015-11-30,43690,2015-01-31,3,,,,,,,,,,,,,,,,,,,,5245000000,2911000000,0.555,,2911000000,,,,,7.00,,,,7578160,73,,false,false,12,2014-02-01,2015-01-31,-1
2015-11-30,43690,2016-01-31,3,,,,,,,,,,,,,,,,,,,,,,,,,,,,,0.00,,,,,,,false,false,12,2015-02-01,2016-01-31,0
2016-01-15,43690,2016-01-31,,4950000000,0.000,,,,,700000000,0.094,675000000,0.047,440000000,,0.073,57.44,,,,,,,,,,,,,,,10.00,,,,,,,false,true,12,2015-02-01,2016-01-31,0
2016-01-15,43690,2015-01-31,,4103000000,,,,,,351000000,,426000000,,360000000,,,49.45,,,,,,,,,,,,,,,7.00,,,,,,,false,false,12,2014-02-01,2015-01-31,-1
2016-01-15,43690,2016-01-31,,,,,,,,,,,,,,,,,,,,,,,,,,,,,,0.00,,,,,,,false,false,12,2015-02-01,2016-01-31,0
2016-03-15,43690,2016-01-31,,4956000000,0.208,,,,,721000000,1.055,693000000,0.628,473000000,,0.312,61.77,60.88,0.151,0.123,0.146,,5991000000,3375000000,0.563,433.83,3375000000,504000000,-610000000,146000000,830000000,10.00,0.162,,,7780160,73,7660613,false,false,12,2015-02-01,2016-01-31,0
2016-03-15,43690,2015-01-31,,4103000000,0.221,,,,,351000000,6.442,426000000,7.037,360000000,,4.341,49.45,48.01,0.133,0.090,0.086,,5245000000,2911000000,0.555,384.17,2911000000,369000000,-339000000,358000000,792000000,7.00,0.142,,,7578160,73,7294330,false,false,12,2014-02-01,2015-01-31,-1
2016-03-15,43690,2017-01-31,,2740000000,0.089,,,,,500000000,0.246,490000000,0.176,420000000,,0.579,53.98,,,,,,,,,,,,,,,,,,,,,,false,true,6,2016-02-01,2016-07-31,1
2016-03-15,43690,2017-01-31,,5710000000,0.152,,,,,1080000000,0.496,1050000000,0.514,790000000,,0.669,101.54,,,,,,,,,,,,,,,16.00,0.158,,,,,,false,true,12,2016-02-01,2017-01-31,1
2016-05-31,43690,2017-01-31,1,1408000000,0.157,,,,,254000000,0.255,233000000,0.084,252000000,,0.832,32.40,,,,,,6187000000,3552000000,0.574,,3552000000,,,,,,,,,7812160,73,7786398,false,false,3,2016-02-01,2016-04-30,0
2016-05-31,43690,2016-01-31,1,1217000000,0.295,,,,,202000000,1.721,214000000,2.428,137000000,,2.502,18.10,17.75,,,,,,,,,,,,,,,,,,,,7609345,false,false,3,2015-02-01,2015-04-30,-1
2016-05-31,43690,2017-01-31,1,2740000000,0.089,,,,,500000000,0.246,490000000,0.176,420000000,,0.579,53.85,,,,,,,,,,,,,,,,,,,,,,false,true,6,2016-02-01,2016-07-31,0
2016-05-31,43690,2017-01-31,1,5710000000,0.152,,,,,1080000000,0.496,1050000000,0.514,790000000,,0.669,101.21,,,,,,,,,,,,,,,16.00,,,,,,,false,true,12,2016-02-01,2017-01-31,0
2016-05-31,43690,2016-01-31,1,,,,,,,,,,,,,,,,,,,,5991000000,3375000000,0.563,,3375000000,,,,,10.00,,,,7780160,73,,false,false,12,2015-02-01,2016-01-31,-1
2016-08-31,43690,2017-01-31,2,2789000000,0.109,,,,,495000000,0.236,461000000,0.108,405000000,,0.523,51.97,,,,,,6549000000,3705000000,0.566,,3705000000,,,,,,,,,7812160,73,7799383,false,false,6,2016-02-01,2016-07-31,0
2016-08-31,43690,2016-01-31,2,2515000000,0.308,,,,,401000000,1.234,416000000,1.400,266000000,,1.527,34.91,34.25,,,,,,,,,,,,,,,,,,,,7620976,false,false,6,2015-02-01,2015-07-31,-1
2016-08-31,43690,2017-01-31,2,5710000000,0.152,,,,,1080000000,0.496,1050000000,0.514,790000000,,0.669,101.21,,,,,,,,,,,,,,,16.00,,,,,,,false,true,12,2016-02-01,2017-01-31,0
2016-08-31,43690,2016-01-31,2,,,,,,,,,,,,,,,,,,,,5991000000,3375000000,0.563,,3375000000,,,,,10.00,,,,7780160,73,,false,false,12,2015-02-01,2016-01-31,-1
2016-08-31,43690,2017-01-31,2,,,,,,,,,,,,,,,,,,,,,,,,,,,,,0.00,,,,,,,false,false,12,2016-02-01,2017-01-31,0
2016-11-30,43690,2017-01-31,3,4115000000,0.103,,,,,661000000,0.137,627000000,0.101,512000000,,0.431,65.73,,,,,,7109000000,3816000000,0.537,,3816000000,,,,,,,,,7812160,73,7803649,false,false,9,2016-02-01,2016-10-31,0
2016-11-30,43690,2016-01-31,3,3730000000,0.283,,,,,581000000,1.394,570000000,1.304,358000000,,1.420,46.91,46.12,,,,,,,,,,,,,,,,,,,,7640460,false,false,9,2015-02-01,2015-10-31,-1
2016-11-30,43690,2017-01-31,3,5710000000,0.152,,,,,1080000000,0.496,1050000000,0.514,790000000,,0.669,101.21,,,,,,,,,,,,,,,16.00,,,,,,,false,true,12,2016-02-01,2017-01-31,0
2016-11-30,43690,2016-01-31,3,,,,,,,,,,,,,,,,,,,,5991000000,3375000000,0.563,,3375000000,,,,,10.00,,,,7780160,73,,false,false,12,2015-02-01,2016-01-31,-1
2016-11-30,43690,2017-01-31,3,,,,,,,,,,,,,,,,,,,,,,,,,,,,,0.00,,,,,,,false,false,12,2016-02-01,2017-01-31,0
2017-03-15,43690,2017-01-31,,5469000000,0.104,,,,,976000000,0.354,975000000,0.407,767000000,,0.621,98.30,,0.206,0.150,0.179,,7055000000,4071000000,0.577,521.14,4071000000,1483000000,-1009000000,190000000,1495000000,16.00,0.163,,,7812160,73,7805770,false,false,12,2016-02-01,2017-01-31,0
2017-03-15,43690,2016-01-31,,4956000000,0.208,,,,,721000000,1.055,693000000,0.628,473000000,,0.312,61.77,60.88,0.151,0.123,0.146,,5991000000,3375000000,0.563,433.83,3375000000,504000000,-610000000,146000000,830000000,10.00,0.162,,,7780160,73,7660613,false,false,12,2015-02-01,2016-01-31,-1
2017-03-15,43690,2018-01-31,,2900000000,0.040,,,,,660000000,0.331,650000000,0.409,440000000,,0.086,56.32,,,,,,,,,,,,,,,,,,,,,,false,true,6,2017-02-01,2017-07-31,1
2017-03-15,43690,2018-01-31,,6220000000,0.137,,,,,1560000000,0.597,1540000000,0.579,1050000000,,0.368,134.41,,,,,,,,,,,,,,,21.00,0.156,,,,,,false,true,12,2017-02-01,2018-01-31,1
2017-05-31,43690,2018-01-31,1,1422000000,0.010,,,,,360000000,0.414,365000000,0.567,256000000,,0.017,32.84,,,,,,7387000000,4201000000,0.569,,4201000000,,,,,,,,,7812160,73,7812087,false,false,3,2017-02-01,2017-04-30,0
2017-05-31,43690,2017-01-31,1,1408000000,0.157,,,,,254000000,0.255,233000000,0.084,252000000,,0.832,32.40,,,,,,,,,,,,,,,,,,,,,7786398,false,false,3,2016-02-01,2016-04-30,-1
2017-05-31,43690,2018-01-31,1,2900000000,0.040,,,,,660000000,0.331,650000000,0.409,440000000,,0.086,56.32,,,,,,,,,,,,,,,,,,,,,,false,true,6,2017-02-01,2017-07-31,0
2017-05-31,43690,2018-01-31,1,6220000000,0.137,,,,,1560000000,0.597,1540000000,0.579,1050000000,,0.368,134.41,,,,,,,,,,,,,,,21.00,,,,,,,false,true,12,2017-02-01,2018-01-31,0
2017-05-31,43690,2017-01-31,1,,,,,,,,,,,,,,,,,,,,7055000000,4071000000,0.577,,4071000000,,,,,16.00,,,,7812160,73,,false,false,12,2016-02-01,2017-01-31,-1
2017-08-31,43690,2018-01-31,2,2955000000,0.059,,,,,757000000,0.528,766000000,0.661,533000000,,0.316,68.28,,,,,,7829000000,4476000000,0.572,,4476000000,,,,,,,,,7812160,166,7812063,false,false,6,2017-02-01,2017-07-31,0
2017-08-31,43690,2017-01-31,2,2789000000,0.109,,,,,495000000,0.236,461000000,0.108,405000000,,0.523,51.97,,,,,,,,,,,,,,,,,,,,,7799383,false,false,6,2016-02-01,2016-07-31,-1
2017-08-31,43690,2018-01-31,2,6220000000,0.137,,,,,1560000000,0.597,1540000000,0.579,1050000000,,0.368,134.41,,,,,,,,,,,,,,,21.00,,,,,,,false,true,12,2017-02-01,2018-01-31,0
2017-08-31,43690,2017-01-31,2,,,,,,,,,,,,,,,,,,,,7055000000,4071000000,0.577,,4071000000,,,,,16.00,,,,7812160,73,,false,false,12,2016-02-01,2017-01-31,-1
2017-08-31,43690,2018-01-31,2,,,,,,,,,,,,,,,,,,,,,,,,,,,,,0.00,,,,,,,false,false,12,2017-02-01,2018-01-31,0
2017-11-30,43690,2018-01-31,3,4640000000,0.128,,,,,1174000000,0.776,1193000000,0.901,828000000,,0.615,106.07,,,,,,8321000000,4773000000,0.574,,4773000000,,,,,,,,,7812160,200,7812030,false,false,9,2017-02-01,2017-10-31,0
2017-11-30,43690,2017-01-31,3,4115000000,0.103,,,,,661000000,0.137,627000000,0.101,512000000,,0.431,65.73,,,,,,,,,,,,,,,,,,,,,7803649,false,false,9,2016-02-01,2016-10-31,-1
2017-11-30,43690,2018-01-31,3,6220000000,0.137,,,,,1560000000,0.597,1540000000,0.579,1050000000,,0.368,134.41,,,,,,,,,,,,,,,21.00,,,,,,,false,true,12,2017-02-01,2018-01-31,0
2017-11-30,43690,2017-01-31,3,,,,,,,,,,,,,,,,,,,,7055000000,4071000000,0.577,,4071000000,,,,,16.00,,,,7812160,73,,false,false,12,2016-02-01,2017-01-31,-1
2017-11-30,43690,2018-01-31,3,,,,,,,,,,,,,,,,,,,,,,,,,,,,,0.00,,,,,,,false,false,12,2017-02-01,2018-01-31,0
2018-03-15,43690,2018-01-31,,6445000000,0.178,,,,,1598000000,0.636,1622000000,0.664,1145000000,,0.493,146.65,,0.250,0.202,0.248,,9032000000,5089000000,0.563,651.47,5089000000,1135000000,-1536000000,38000000,1134000000,21.00,0.143,,,7812160,200,7812012,false,false,12,2017-02-01,2018-01-31,0
2018-03-15,43690,2017-01-31,,5469000000,0.104,,,,,976000000,0.354,975000000,0.407,767000000,,0.621,98.30,,0.206,0.150,0.179,,7055000000,4071000000,0.577,521.14,4071000000,1483000000,-1009000000,190000000,1495000000,16.00,0.163,,,7812160,73,7805770,false,false,12,2016-02-01,2017-01-31,-1
2018-03-15,43690,2019-01-31,,3570000000,,,,,,890000000,,900000000,,620000000,,,79.37,,,,,,,,,,,,,,,,,,,,,,false,true,6,2018-02-01,2018-07-31,1
2018-03-15,43690,2019-01-31,,7490000000,,,,,,1910000000,,1940000000,,1330000000,,,170.25,,,,,,,,,,,,,,,26.00,0.153,,,,,,false,true,12,2018-02-01,2019-01-31,1
2018-05-31,43690,2019-01-31,1,1924000000,,,,,,535000000,,536000000,,,372000000,,47.72,,,,,,9351000000,5183000000,0.554,,5183000000,,,,,,,,,,,,true,false,3,2018-02-01,2018-04-30,0
2018-05-31,43690,2019-01-31,1,3570000000,,,,,,890000000,,900000000,,,620000000,,79.37,,,,,,,,,,,,,,,,,,,,,,true,true,6,2018-02-01,2018-07-31,0
2018-05-31,43690,2019-01-31,1,7490000000,,,,,,1910000000,,1940000000,,,1330000000,,170.25,,,,,,,,,,,,,,,,,,,,,,true,true,12,2018-02-01,2019-01-31,0
2018-05-31,43690,2018-01-31,1,,,,,,,,,,,,,,,,,,,,,,,,,,,,,21.00,,,,7812160,200,,false,false,12,2017-02-01,2018-01-31,-1
2018-05-31,43690,2019-01-31,1,,,,,,,,,,,,,,,,,,,,,,,,,,,,,26.00,,,,,,,false,true,12,2018-02-01,2019-01-31,0
2018-05-31,43690,2019-01-31,1,,,,,,,,,,,,,,,,,,,,,,,,,,,,,,,,,7812160,200,7811960,false,false,3,2018-02-01,2018-04-30,0
2018-05-31,43690,2018-01-31,1,,,,,,,,,,,,,,,,,,,,,,,,,,,,,,,,,,,7812087,false,false,3,2017-02-01,2017-04-30,-1
2018-08-31,43690,2019-01-31,2,3800000000,,,,,,1042000000,,1155000000,,,836000000,,107.11,,,,,,9941000000,5634000000,0.567,,5634000000,,,,,,,,,,,,true,false,6,2018-02-01,2018-07-31,0
2018-08-31,43690,2019-01-31,2,7490000000,,,,,,1910000000,,1940000000,,,1330000000,,170.25,,,,,,,,,,,,,,,,,,,,,,true,true,12,2018-02-01,2019-01-31,0
2018-08-31,43690,2018-01-31,2,,,,,,,,,,,,,,,,,,,,,,,,,,,,,21.00,,,,7812160,200,,false,false,12,2017-02-01,2018-01-31,-1
2018-08-31,43690,2019-01-31,2,,,,,,,,,,,,,,,,,,,,,,,,,,,,,0.00,,,,,,,false,false,12,2018-02-01,2019-01-31,0
2018-08-31,43690,2019-01-31,2,,,,,,,,,,,,,,,,,,,,,,,,,,,,,26.00,,,,,,,false,true,12,2018-02-01,2019-01-31,0
2018-08-31,43690,2019-01-31,2,,,,,,,,,,,,,,,,,,,,,,,,,,,,,,,,,7812160,200,7811960,false,false,6,2018-02-01,2018-07-31,0
2018-08-31,43690,2018-01-31,2,,,,,,,,,,,,,,,,,,,,,,,,,,,,,,,,,,,7812063,false,false,6,2017-02-01,2017-07-31,-1
2018-08-31,43690,2019-01-31,,3800000000,0.064,,,,,1042000000,0.171,1155000000,0.283,,836000000,,107.11,,,,,,,,,,,,,,,,,,,,,,true,true,6,2018-02-01,2018-07-31,0
2018-11-30,43690,2019-01-31,3,5778000000,,,,,,1586000000,,2079000000,,,1558000000,,199.54,,,,,,10476000000,6385000000,0.610,,6385000000,,,,,,,,,,,,true,false,9,2018-02-01,2018-10-31,0
2018-11-30,43690,2019-01-31,3,7770000000,,,,,,2140000000,,2990000000,,,2280000000,,291.86,,,,,,,,,,,,,,,,,,,,,,true,true,12,2018-02-01,2019-01-31,0
2018-11-30,43690,2018-01-31,3,,,,,,,,,,,,,,,,,,,,,,,,,,,,,21.00,,,,7812160,200,,false,false,12,2017-02-01,2018-01-31,-1
2018-11-30,43690,2019-01-31,3,,,,,,,,,,,,,,,,,,,,,,,,,,,,,0.00,,,,,,,false,false,12,2018-02-01,2019-01-31,0
2018-11-30,43690,2019-01-31,3,,,,,,,,,,,,,,,,,,,,,,,,,,,,,45.00,,,,,,,false,true,12,2018-02-01,2019-01-31,0
2018-11-30,43690,2019-01-31,3,,,,,,,,,,,,,,,,,,,,,,,,,,,,,,,,,7812160,275,7811949,false,false,9,2018-02-01,2018-10-31,0
2018-11-30,43690,2018-01-31,3,,,,,,,,,,,,,,,,,,,,,,,,,,,,,,,,,,,7812030,false,false,9,2017-02-01,2017-10-31,-1
2019-03-15,43690,2019-01-31,,7792000000,,,,,,2153000000,,2931000000,,,2267000000,,290.23,,0.377,0.292,0.276,,11112000000,7025000000,0.632,899.37,7025000000,1411000000,-1244000000,269000000,1595000000,,0.155,,,,,,true,false,12,2018-02-01,2019-01-31,0
2019-03-15,43690,2020-01-31,,4220000000,0.110,,,,,1020000000,-0.022,1390000000,0.203,,1040000000,,133.13,,,,,,,,,,,,,,,,,,,,,,true,true,6,2019-02-01,2019-07-31,1
2019-03-15,43690,2020-01-31,,8830000000,0.133,,,,,2290000000,0.064,3260000000,0.112,,2470000000,,316.19,,,,,,,,,,,,,,,,0.152,,,,,,true,true,12,2019-02-01,2020-01-31,1
2019-03-15,43690,2018-01-31,,,,,,,,,,,,,,,,,,,,,,,,,,,,,,21.00,,,,7812160,200,7812012,false,false,12,2017-02-01,2018-01-31,-1
2019-03-15,43690,2019-01-31,,,,,,,,,,,,,,,,,,,,,,,,,,,,,,45.00,,,,7812160,306,7811932,false,false,12,2018-02-01,2019-01-31,0
2019-03-15,43690,2020-01-31,,,,,,,,,,,,,,,,,,,,,,,,,,,,,,48.00,,,,,,,false,true,12,2019-02-01,2020-01-31,1
2019-05-31,43690,2020-01-31,1,2073000000,0.077,,,,,585000000,0.095,910000000,0.699,,709000000,,90.80,,,,,,12900000000,7396000000,0.573,,7396000000,,,,,,,,,,,,true,false,3,2019-02-01,2019-04-30,0
2019-05-31,43690,2019-01-31,1,1924000000,,,,,,535000000,,536000000,,,372000000,,47.72,,,,,,,,,,,,,,,,,,,,,,true,false,3,2018-02-01,2018-04-30,-1
2019-05-31,43690,2020-01-31,1,4220000000,0.110,,,,,1020000000,-0.022,1390000000,0.203,,1040000000,,133.13,,,,,,,,,,,,,,,,,,,,,,true,true,6,2019-02-01,2019-07-31,0
2019-05-31,43690,2020-01-31,1,8830000000,0.133,,,,,2290000000,0.064,3260000000,0.112,,2470000000,,316.19,,,,,,,,,,,,,,,,,,,,,,true,true,12,2019-02-01,2020-01-31,0
2019-05-31,43690,2019-01-31,1,,,,,,,,,,,,,,,,,,,,11094000000,7025000000,0.633,,7025000000,,,,,,,,,,,,true,false,12,2018-02-01,2019-01-31,-1
2019-05-31,43690,2019-01-31,1,,,,,,,,,,,,,,,,,,,,,,,,,,,,,45.00,,,,7812160,306,,false,false,12,2018-02-01,2019-01-31,-1
2019-05-31,43690,2020-01-31,1,,,,,,,,,,,,,,,,,,,,,,,,,,,,,48.00,,,,,,,false,true,12,2019-02-01,2020-01-31,0
2019-05-31,43690,2020-01-31,1,,,,,,,,,,,,,,,,,,,,,,,,,,,,,,,,,7812160,311,7811850,false,false,3,2019-02-01,2019-04-30,0
2019-05-31,43690,2019-01-31,1,,,,,,,,,,,,,,,,,,,,,,,,,,,,,,,,,,,7811960,false,false,3,2018-02-01,2018-04-30,-1
2019-08-30,43690,2020-01-31,2,4152000000,0.093,,,,,1153000000,0.107,1777000000,0.539,,1378000000,,176.49,,,,,,13110000000,7961000000,0.607,,7961000000,,,,,,,,,,,,true,false,6,2019-02-01,2019-07-31,0
2019-08-30,43690,2019-01-31,2,3800000000,,,,,,1042000000,,1155000000,,,836000000,,107.11,,,,,,,,,,,,,,,,,,,,,,true,false,6,2018-02-01,2018-07-31,-1
2019-08-30,43690,2020-01-31,2,8830000000,0.133,,,,,2290000000,0.064,3260000000,0.112,,2470000000,,316.19,,,,,,,,,,,,,,,,,,,,,,true,true,12,2019-02-01,2020-01-31,0
2019-08-30,43690,2019-01-31,2,,,,,,,,,,,,,,,,,,,,11094000000,7025000000,0.633,,7025000000,,,,,,,,,,,,true,false,12,2018-02-01,2019-01-31,-1
2019-08-30,43690,2019-01-31,2,,,,,,,,,,,,,,,,,,,,,,,,,,,,,45.00,,,,7812160,306,,false,false,12,2018-02-01,2019-01-31,-1
2019-08-30,43690,2020-01-31,2,,,,,,,,,,,,,,,,,,,,,,,,,,,,,0.00,,,,,,,false,false,12,2019-02-01,2020-01-31,0
2019-08-30,43690,2020-01-31,2,,,,,,,,,,,,,,,,,,,,,,,,,,,,,48.00,,,,,,,false,true,12,2019-02-01,2020-01-31,0
2019-08-30,43690,2020-01-31,2,,,,,,,,,,,,,,,,,,,,,,,,,,,,,,,,,7812160,311,7811850,false,false,6,2019-02-01,2019-07-31,0
2019-08-30,43690,2019-01-31,2,,,,,,,,,,,,,,,,,,,,,,,,,,,,,,,,,,,7811960,false,false,6,2018-02-01,2018-07-31,-1
2019-11-29,43690,2020-01-31,3,6115000000,0.058,,,,,1673000000,0.054,2651000000,0.275,,2063000000,,264.18,,,,,,14093000000,8576000000,0.609,,8576000000,,,,,,,,,,,,true,false,9,2019-02-01,2019-10-31,0
2019-11-29,43690,2019-01-31,3,5778000000,,,,,,1586000000,,2079000000,,,1558000000,,199.54,,,,,,,,,,,,,,,,,,,,,,true,false,9,2018-02-01,2018-10-31,-1
2019-11-29,43690,2020-01-31,3,8830000000,0.133,,,,,2290000000,0.064,3260000000,0.112,,2470000000,,316.19,,,,,,,,,,,,,,,,,,,,,,true,true,12,2019-02-01,2020-01-31,0
2019-11-29,43690,2019-01-31,3,,,,,,,,,,,,,,,,,,,,11094000000,7025000000,0.633,,7025000000,,,,,,,,,,,,true,false,12,2018-02-01,2019-01-31,-1
2019-11-29,43690,2019-01-31,3,,,,,,,,,,,,,,,,,,,,,,,,,,,,,45.00,,,,7812160,306,,false,false,12,2018-02-01,2019-01-31,-1
2019-11-29,43690,2020-01-31,3,,,,,,,,,,,,,,,,,,,,,,,,,,,,,0.00,,,,,,,false,false,12,2019-02-01,2020-01-31,0
2019-11-29,43690,2020-01-31,3,,,,,,,,,,,,,,,,,,,,,,,,,,,,,48.00,,,,,,,false,true,12,2019-02-01,2020-01-31,0
2019-11-29,43690,2020-01-31,3,,,,,,,,,,,,,,,,,,,,,,,,,,,,,,,,,7812160,353,7811836,false,false,9,2019-02-01,2019-10-31,0
2019-11-29,43690,2019-01-31,3,,,,,,,,,,,,,,,,,,,,,,,,,,,,,,,,,,,7811949,false,false,9,2018-02-01,2018-10-31,-1
2020-03-13,43690,2020-01-31,,8267000000,0.061,,,,,2326000000,0.081,3744000000,0.277,,2939000000,,376.33,,0.354,0.285,0.281,,15144000000,9581000000,0.633,1226.60,9581000000,1809000000,-1564000000,-226000000,1618000000,,0.154,,,,,,true,false,12,2019-02-01,2020-01-31,0
2020-03-13,43690,2019-01-31,,7792000000,,,,,,2153000000,,2931000000,,,2267000000,,290.23,,0.377,0.292,0.276,,11094000000,7025000000,0.633,899.37,7025000000,1411000000,-1244000000,269000000,1595000000,,0.155,,,,,,true,false,12,2018-02-01,2019-01-31,-1
2020-03-13,43690,2021-01-31,,4460000000,0.074,,,,,1210000000,0.049,1750000000,-0.016,,1340000000,,171.54,,,,,,,,,,,,,,,,,,,,,,true,true,6,2020-02-01,2020-07-31,1
2020-03-13,43690,2021-01-31,,9150000000,0.107,,,,,2370000000,0.019,3770000000,0.007,,2940000000,,376.35,,,,,,,,,,,,,,,,0.154,,,,,,true,true,12,2020-02-01,2021-01-31,1
2020-03-13,43690,2019-01-31,,,,,,,,,,,,,,,,,,,,,,,,,,,,,,45.00,,,,7812160,306,7811932,false,false,12,2018-02-01,2019-01-31,-1
2020-03-13,43690,2020-01-31,,,,,,,,,,,,,,,,,,,,,,,,,,,,,,58.00,,,,7812160,353,7811829,false,false,12,2019-02-01,2020-01-31,0
2020-03-13,43690,2021-01-31,,,,,,,,,,,,,,,,,,,,,,,,,,,,,,58.00,,,,,,,false,true,12,2020-02-01,2021-01-31,1
2020-05-29,43690,2021-01-31,1,2287000000,0.103,,,,,713000000,0.218,1099000000,0.208,,864000000,,110.65,,,,,,16159000000,9822000000,0.608,,9822000000,,,,,,,,,,,,true,false,3,2020-02-01,2020-04-30,0
2020-05-29,43690,2020-01-31,1,2073000000,0.077,,,,,585000000,0.095,910000000,0.699,,709000000,,90.80,,,,,,,,,,,,,,,,,,,,,,true,false,3,2019-02-01,2019-04-30,-1
2020-05-29,43690,2021-01-31,1,4460000000,0.074,,,,,1210000000,0.049,1750000000,-0.016,,1340000000,,171.54,,,,,,,,,,,,,,,,,,,,,,true,true,6,2020-02-01,2020-07-31,0
2020-05-29,43690,2021-01-31,1,9150000000,0.107,,,,,2370000000,0.019,3770000000,0.007,,2940000000,,376.35,,,,,,,,,,,,,,,,,,,,,,true,true,12,2020-02-01,2021-01-31,0
2020-05-29,43690,2020-01-31,1,,,,,,,,,,,,,,,,,,,,15144000000,9581000000,0.633,,9581000000,,,,,,,,,,,,true,false,12,2019-02-01,2020-01-31,-1
2020-05-29,43690,2020-01-31,1,,,,,,,,,,,,,,,,,,,,,,,,,,,,,58.00,,,,7812160,353,,false,false,12,2019-02-01,2020-01-31,-1
2020-05-29,43690,2021-01-31,1,,,,,,,,,,,,,,,,,,,,,,,,,,,,,58.00,,,,,,,false,true,12,2020-02-01,2021-01-31,0
2020-05-29,43690,2021-01-31,1,,,,,,,,,,,,,,,,,,,,,,,,,,,,,,,,,7812160,353,7811807,false,false,3,2020-02-01,2020-04-30,0
2020-05-29,43690,2020-01-31,1,,,,,,,,,,,,,,,,,,,,,,,,,,,,,,,,,,,7811850,false,false,3,2019-02-01,2019-04-30,-1
2020-08-31,43690,2021-01-31,2,4812000000,0.159,,,,,1547000000,0.341,2296000000,0.292,,1796000000,,229.96,,,,,,17450000000,10787000000,0.618,,10787000000,,,,,,,,,,,,true,false,6,2020-02-01,2020-07-31,0
2020-08-31,43690,2020-01-31,2,4152000000,0.093,,,,,1153000000,0.107,1777000000,0.539,,1378000000,,176.49,,,,,,,,,,,,,,,,,,,,,,true,false,6,2019-02-01,2019-07-31,-1
2020-08-31,43690,2021-01-31,2,9150000000,0.107,,,,,2370000000,0.019,3770000000,0.007,,2940000000,,376.35,,,,,,,,,,,,,,,,,,,,,,true,true,12,2020-02-01,2021-01-31,0
2020-08-31,43690,2020-01-31,2,,,,,,,,,,,,,,,,,,,,15144000000,9581000000,0.633,,9581000000,,,,,,,,,,,,true,false,12,2019-02-01,2020-01-31,-1
2020-08-31,43690,2020-01-31,2,,,,,,,,,,,,,,,,,,,,,,,,,,,,,58.00,,,,7812160,353,,false,false,12,2019-02-01,2020-01-31,-1
2020-08-31,43690,2021-01-31,2,,,,,,,,,,,,,,,,,,,,,,,,,,,,,0.00,,,,,,,false,false,12,2020-02-01,2021-01-31,0
2020-08-31,43690,2021-01-31,2,,,,,,,,,,,,,,,,,,,,,,,,,,,,,58.00,,,,,,,false,true,12,2020-02-01,2021-01-31,0
2020-08-31,43690,2021-01-31,2,,,,,,,,,,,,,,,,,,,,,,,,,,,,,,,,,7812160,353,7811807,false,false,6,2020-02-01,2020-07-31,0
2020-08-31,43690,2020-01-31,2,,,,,,,,,,,,,,,,,,,,,,,,,,,,,,,,,,,7811850,false,false,6,2019-02-01,2019-07-31,-1
2020-11-30,43690,2021-01-31,3,7339000000,0.200,,,,,2203000000,0.317,3424000000,0.291,,2674000000,,342.31,,,,,,19263000000,11703000000,0.608,,11703000000,,,,,,,,,,,,true,false,9,2020-02-01,2020-10-31,0
2020-11-30,43690,2020-01-31,3,6115000000,0.058,,,,,1673000000,0.054,2651000000,0.275,,2063000000,,264.18,,,,,,,,,,,,,,,,,,,,,,true,false,9,2019-02-01,2019-10-31,-1
2020-11-30,43690,2021-01-31,3,9800000000,0.185,,,,,2650000000,0.139,4300000000,0.148,,3340000000,,427.56,,,,,,,,,,,,,,,,,,,,,,true,true,12,2020-02-01,2021-01-31,0
2020-11-30,43690,2020-01-31,3,,,,,,,,,,,,,,,,,,,,15144000000,9581000000,0.633,,9581000000,,,,,,,,,,,,true,false,12,2019-02-01,2020-01-31,-1
2020-11-30,43690,2020-01-31,3,,,,,,,,,,,,,,,,,,,,,,,,,,,,,58.00,,,,7812160,353,,false,false,12,2019-02-01,2020-01-31,-1
2020-11-30,43690,2021-01-31,3,,,,,,,,,,,,,,,,,,,,,,,,,,,,,0.00,,,,,,,false,false,12,2020-02-01,2021-01-31,0
2020-11-30,43690,2021-01-31,3,,,,,,,,,,,,,,,,,,,,,,,,,,,,,68.00,,,,,,,false,true,12,2020-02-01,2021-01-31,0
2020-11-30,43690,2021-01-31,3,,,,,,,,,,,,,,,,,,,,,,,,,,,,,,,,,7812160,375,7811806,false,false,9,2020-02-01,2020-10-31,0
2020-11-30,43690,2020-01-31,3,,,,,,,,,,,,,,,,,,,,,,,,,,,,,,,,,,,7811836,false,false,9,2019-02-01,2019-10-31,-1
2021-03-15,43690,2021-01-31,,9801000000,0.186,,,,,2691000000,0.157,4323000000,0.155,,3377000000,,108.08,,0.304,0.247,0.275,,19867000000,12601000000,0.634,403.28,12601000000,2090000000,-2963000000,948000000,1698000000,,0.157,,,,,,true,false,12,2020-02-01,2021-01-31,0
2021-03-15,43690,2020-01-31,,8267000000,0.061,,,,,2326000000,0.081,3744000000,0.277,,2939000000,,94.08,,0.354,0.285,0.281,,15144000000,9581000000,0.633,306.65,9581000000,1809000000,-1564000000,-226000000,1618000000,,0.154,,,,,,true,false,12,2019-02-01,2020-01-31,-1
2021-03-15,43690,2022-01-31,,5100000000,0.060,,,,,1220000000,-0.211,1880000000,-0.181,,1470000000,,45.47,,,,,,,,,,,,,,,,,,,,,,true,true,6,2021-02-01,2021-07-31,1
2021-03-15,43690,2022-01-31,,10700000000,0.092,,,,,2700000000,0.003,4400000000,0.018,,3470000000,,107.05,,,,,,,,,,,,,,,,0.159,,,,,,true,true,12,2021-02-01,2022-01-31,1
2021-03-15,43690,2021-01-31,,9887000000,0.193,,,,,2809000000,0.205,3223000000,0.324,2331000000,,0.362,74.61,,,,,,16396000000,9632000000,0.587,308.28,9632000000,,,,,68.00,,,,31248640,1580,31247189,false,false,12,2020-02-01,2021-01-31,0
2021-03-15,43690,2020-01-31,,8285000000,0.063,,,,,2330000000,0.091,2434000000,0.166,1712000000,,0.162,54.79,,,,,,12653000000,7747000000,0.612,247.94,7747000000,,,,,58.00,,,,31248640,1412,31247315,false,false,12,2019-02-01,2020-01-31,-1
2021-03-15,43690,2022-01-31,,,,,,,,,,,,,,,,,,,,,,,,,,,,,,17.00,,,,,,,false,true,12,2021-02-01,2022-01-31,1
2021-05-31,43690,2022-01-31,1,2594000000,0.134,,,,,723000000,0.014,1234000000,0.123,,944000000,,29.36,,,,,,25014000000,18129000000,0.725,,18129000000,,,,,,,,,,,,true,false,3,2021-02-01,2021-04-30,0
2021-05-31,43690,2021-01-31,1,2287000000,0.103,,,,,713000000,0.218,1099000000,0.208,,864000000,,27.66,,,,,,,,,,,,,,,,,,,,,,true,false,3,2020-02-01,2020-04-30,-1
2021-05-31,43690,2022-01-31,1,5100000000,0.060,,,,,1220000000,-0.211,1880000000,-0.181,,1470000000,,45.47,,,,,,,,,,,,,,,,,,,,,,true,true,6,2021-02-01,2021-07-31,0
2021-05-31,43690,2022-01-31,1,10700000000,0.092,,,,,2700000000,0.003,4400000000,0.018,,3470000000,,107.05,,,,,,,,,,,,,,,,,,,,,,true,true,12,2021-02-01,2022-01-31,0
2021-05-31,43690,2021-01-31,1,,,,,,,,,,,,,,,,,,,,19867000000,12601000000,0.634,,12601000000,,,,,,,,,,,,true,false,12,2020-02-01,2021-01-31,-1
2021-05-31,43690,2021-01-31,1,,,,,,,,,,,,,,,,,,,,,,,,,,,,,68.00,,,,31248640,1580,,false,false,12,2020-02-01,2021-01-31,-1
2021-05-31,43690,2022-01-31,1,,,,,,,,,,,,,,,,,,,,,,,,,,,,,17.00,,,,,,,false,true,12,2021-02-01,2022-01-31,0
2021-05-31,43690,2022-01-31,1,,,,,,,,,,,,,,,,,,,,,,,,,,,,,,,,,32498640,1580,32159981,false,false,3,2021-02-01,2021-04-30,0
2021-05-31,43690,2021-01-31,1,,,,,,,,,,,,,,,,,,,,,,,,,,,,,,,,,,,31247228,false,false,3,2020-02-01,2020-04-30,-1
2021-08-31,43690,2022-01-31,2,5367000000,0.115,,,,,1457000000,-0.058,2448000000,0.066,,1881000000,,58.20,,,,,,25460000000,19074000000,0.749,,19074000000,,,,,,,,,,,,true,false,6,2021-02-01,2021-07-31,0
2021-08-31,43690,2021-01-31,2,4812000000,0.159,,,,,1547000000,0.341,2296000000,0.292,,1796000000,,57.49,,,,,,,,,,,,,,,,,,,,,,true,false,6,2020-02-01,2020-07-31,-1
2021-08-31,43690,2022-01-31,2,11000000000,0.122,,,,,2950000000,0.096,4980000000,0.152,,3880000000,,119.70,,,,,,,,,,,,,,,,,,,,,,true,true,12,2021-02-01,2022-01-31,0
2021-08-31,43690,2021-01-31,2,,,,,,,,,,,,,,,,,,,,19867000000,12601000000,0.634,,12601000000,,,,,,,,,,,,true,false,12,2020-02-01,2021-01-31,-1
2021-08-31,43690,2021-01-31,2,,,,,,,,,,,,,,,,,,,,,,,,,,,,,68.00,,,,31248640,1580,,false,false,12,2020-02-01,2021-01-31,-1
2021-08-31,43690,2022-01-31,2,,,,,,,,,,,,,,,,,,,,,,,,,,,,,0.00,,,,,,,false,false,12,2021-02-01,2022-01-31,0
2021-08-31,43690,2022-01-31,2,,,,,,,,,,,,,,,,,,,,,,,,,,,,,17.00,,,,,,,false,true,12,2021-02-01,2022-01-31,0
2021-08-31,43690,2022-01-31,2,,,,,,,,,,,,,,,,,,,,,,,,,,,,,,,,,32498640,1580,32331314,false,false,6,2021-02-01,2021-07-31,0
2021-08-31,43690,2021-01-31,2,,,,,,,,,,,,,,,,,,,,,,,,,,,,,,,,,,,31247228,false,false,6,2020-02-01,2020-07-31,-1
2021-11-30,43690,2022-01-31,3,8527000000,0.162,,,,,2350000000,0.067,4074000000,0.190,,3159000000,,97.54,,,,,,26708000000,20238000000,0.758,,20238000000,,,,,,,,,,,,true,false,9,2021-02-01,2021-10-31,0
2021-11-30,43690,2021-01-31,3,7339000000,0.200,,,,,2203000000,0.317,3424000000,0.291,,2674000000,,85.58,,,,,,,,,,,,,,,,,,,,,,true,false,9,2020-02-01,2020-10-31,-1
2021-11-30,43690,2022-01-31,3,11000000000,0.122,,,,,2950000000,0.096,4980000000,0.152,,3880000000,,119.70,,,,,,,,,,,,,,,,,,,,,,true,true,12,2021-02-01,2022-01-31,0
2021-11-30,43690,2021-01-31,3,,,,,,,,,,,,,,,,,,,,19867000000,12601000000,0.634,,12601000000,,,,,,,,,,,,true,false,12,2020-02-01,2021-01-31,-1
2021-11-30,43690,2021-01-31,3,,,,,,,,,,,,,,,,,,,,,,,,,,,,,68.00,,,,31248640,1580,,false,false,12,2020-02-01,2021-01-31,-1
2021-11-30,43690,2022-01-31,3,,,,,,,,,,,,,,,,,,,,,,,,,,,,,0.00,,,,,,,false,false,12,2021-02-01,2022-01-31,0
2021-11-30,43690,2022-01-31,3,,,,,,,,,,,,,,,,,,,,,,,,,,,,,17.00,,,,,,,false,true,12,2021-02-01,2022-01-31,0
2021-11-30,43690,2022-01-31,3,,,,,,,,,,,,,,,,,,,,,,,,,,,,,,,,,32498640,1580,32387169,false,false,9,2021-02-01,2021-10-31,0
2021-11-30,43690,2021-01-31,3,,,,,,,,,,,,,,,,,,,,,,,,,,,,,,,,,,,31247224,false,false,9,2020-02-01,2020-10-31,-1
2022-03-15,43690,2022-01-31,,11574000000,0.181,,,,,2976000000,0.106,5294000000,0.225,,4095000000,,126.33,,0.241,0.220,0.257,,28288000000,21320000000,0.754,656.07,21320000000,3638000000,-932000000,3594000000,8034000000,,0.158,,,,,,true,false,12,2021-02-01,2022-01-31,0
2022-03-15,43690,2021-01-31,,9801000000,0.186,,,,,2691000000,0.157,4323000000,0.155,,3377000000,,108.08,,0.304,0.247,0.275,,19867000000,12601000000,0.634,403.28,12601000000,2090000000,-2963000000,948000000,1698000000,,0.157,,,,,,true,false,12,2020-02-01,2021-01-31,-1
2022-03-15,43690,2023-01-31,,6590000000,0.228,,,,,1690000000,0.159,2590000000,0.058,,2010000000,,61.85,,,,,,,,,,,,,,,,,,,,,,true,true,6,2022-02-01,2022-07-31,1
2022-03-15,43690,2023-01-31,,13600000000,0.175,,,,,3400000000,0.142,5730000000,0.082,,4500000000,,138.47,,,,,,,,,,,,,,,,0.159,,,,,,true,true,12,2022-02-01,2023-01-31,1
2022-03-15,43690,2022-01-31,,11542000000,0.167,,,,,3272000000,0.165,4369000000,0.356,3186000000,,0.367,98.31,,,,,,23692000000,17229000000,0.727,530.20,17229000000,,,,,20.00,,,,32498640,1580,32414868,false,false,12,2021-02-01,2022-01-31,0
2022-03-15,43690,2021-01-31,,9887000000,0.193,,,,,2809000000,0.205,3223000000,0.324,2331000000,,0.362,74.61,,,,,,16396000000,9632000000,0.587,308.28,9632000000,,,,,68.00,,,,31248640,1580,31247189,false,false,12,2020-02-01,2021-01-31,-1
2022-03-15,43690,2023-01-31,,,,,,,,,,,,,,,,,,,,,,,,,,,,,,22.00,,,,,,,false,true,12,2022-02-01,2023-01-31,1
2022-05-31,43690,2023-01-31,1,3119000000,0.202,,,,,986000000,0.365,1718000000,0.392,,1293000000,,39.80,,,,,,29204000000,22265000000,0.762,,22265000000,,,,,,,,,,,,true,false,3,2022-02-01,2022-04-30,0
2022-05-31,43690,2022-01-31,1,2594000000,0.134,,,,,723000000,0.014,1234000000,0.123,,944000000,,29.36,,,,,,,,,,,,,,,,,,,,,,true,false,3,2021-02-01,2021-04-30,-1
2022-05-31,43690,2023-01-31,1,6590000000,0.228,,,,,1690000000,0.159,2590000000,0.058,,2010000000,,61.85,,,,,,,,,,,,,,,,,,,,,,true,true,6,2022-02-01,2022-07-31,0
2022-05-31,43690,2023-01-31,1,13600000000,0.175,,,,,3400000000,0.142,5730000000,0.082,,4500000000,,138.47,,,,,,,,,,,,,,,,,,,,,,true,true,12,2022-02-01,2023-01-31,0
2022-05-31,43690,2022-01-31,1,,,,,,,,,,,,,,,,,,,,28288000000,21320000000,0.754,,21320000000,,,,,,,,,,,,true,false,12,2021-02-01,2022-01-31,-1
2022-05-31,43690,2022-01-31,1,,,,,,,,,,,,,,,,,,,,,,,,,,,,,20.00,,,,32498640,1580,,false,false,12,2021-02-01,2022-01-31,-1
2022-05-31,43690,2023-01-31,1,,,,,,,,,,,,,,,,,,,,,,,,,,,,,22.00,,,,,,,false,true,12,2022-02-01,2023-01-31,0
2022-05-31,43690,2023-01-31,1,,,,,,,,,,,,,,,,,,,,,,,,,,,,,,,,,32498640,1580,32497060,false,false,3,2022-02-01,2022-04-30,0
2022-05-31,43690,2022-01-31,1,,,,,,,,,,,,,,,,,,,,,,,,,,,,,,,,,,,32159981,false,false,3,2021-02-01,2021-04-30,-1
2022-08-31,43690,2023-01-31,2,6548000000,0.220,,,,,1911000000,0.311,3508000000,0.433,,2703000000,,83.20,,,,,,30301000000,23777000000,0.785,,23777000000,,,,,,,,,,,,true,false,6,2022-02-01,2022-07-31,0
2022-08-31,43690,2022-01-31,2,5367000000,0.115,,,,,1457000000,-0.058,2448000000,0.066,,1881000000,,58.20,,,,,,,,,,,,,,,,,,,,,,true,false,6,2021-02-01,2021-07-31,-1
2022-08-31,43690,2023-01-31,2,13600000000,0.175,,,,,3621000000,0.217,6648000000,0.256,,5193000000,,159.82,,,,,,,,,,,,,,,,,,,,,,true,true,12,2022-02-01,2023-01-31,0
2022-08-31,43690,2022-01-31,2,,,,,,,,,,,,,,,,,,,,28288000000,21320000000,0.754,,21320000000,,,,,,,,,,,,true,false,12,2021-02-01,2022-01-31,-1
2022-08-31,43690,2022-01-31,2,,,,,,,,,,,,,,,,,,,,,,,,,,,,,20.00,,,,32498640,1580,,false,false,12,2021-02-01,2022-01-31,-1
2022-08-31,43690,2023-01-31,2,,,,,,,,,,,,,,,,,,,,,,,,,,,,,0.00,,,,,,,false,false,12,2022-02-01,2023-01-31,0
2022-08-31,43690,2023-01-31,2,,,,,,,,,,,,,,,,,,,,,,,,,,,,,22.00,,,,,,,false,true,12,2022-02-01,2023-01-31,0
2022-08-31,43690,2023-01-31,2,,,,,,,,,,,,,,,,,,,,,,,,,,,,,,,,,32498640,1610,32497052,false,false,6,2022-02-01,2022-07-31,0
2022-08-31,43690,2022-01-31,2,,,,,,,,,,,,,,,,,,,,,,,,,,,,,,,,,,,32331314,false,false,6,2021-02-01,2021-07-31,-1
2022-11-30,43690,2023-01-31,3,10139000000,0.189,,,,,2821000000,0.200,5613000000,0.378,,4374000000,,134.62,,,,,,31733000000,25349000000,0.799,,25349000000,,,,,,,,,,,,true,false,9,2022-02-01,2022-10-31,0
2022-11-30,43690,2022-01-31,3,8527000000,0.162,,,,,2350000000,0.067,4074000000,0.190,,3159000000,,97.54,,,,,,,,,,,,,,,,,,,,,,true,false,9,2021-02-01,2021-10-31,-1
2022-11-30,43690,2023-01-31,3,13600000000,0.175,,,,,3621000000,0.217,6648000000,0.256,,5193000000,,159.82,,,,,,,,,,,,,,,,,,,,,,true,true,12,2022-02-01,2023-01-31,0
2022-11-30,43690,2022-01-31,3,,,,,,,,,,,,,,,,,,,,28288000000,21320000000,0.754,,21320000000,,,,,,,,,,,,true,false,12,2021-02-01,2022-01-31,-1
2022-11-30,43690,2022-01-31,3,,,,,,,,,,,,,,,,,,,,,,,,,,,,,20.00,,,,32498640,1580,,false,false,12,2021-02-01,2022-01-31,-1
2022-11-30,43690,2023-01-31,3,,,,,,,,,,,,,,,,,,,,,,,,,,,,,0.00,,,,,,,false,false,12,2022-02-01,2023-01-31,0
2022-11-30,43690,2023-01-31,3,,,,,,,,,,,,,,,,,,,,,,,,,,,,,22.00,,,,,,,false,true,12,2022-02-01,2023-01-31,0
2022-11-30,43690,2023-01-31,3,,,,,,,,,,,,,,,,,,,,,,,,,,,,,,,,,32498640,1646,32497036,false,false,9,2022-02-01,2022-10-31,0
2022-11-30,43690,2022-01-31,3,,,,,,,,,,,,,,,,,,,,,,,,,,,,,,,,,,,32387169,false,false,9,2021-02-01,2021-10-31,-1
2023-03-15,43690,2023-01-31,,13803000000,0.193,,,,,3504000000,0.178,6186000000,0.168,,4832000000,,148.70,,0.205,0.205,0.254,,32115000000,25876000000,0.806,796.26,25876000000,6392000000,-1557000000,-1703000000,11137000000,,0.202,,,,,,true,false,12,2022-02-01,2023-01-31,0
2023-03-15,43690,2022-01-31,,11574000000,0.181,,,,,2976000000,0.106,5294000000,0.225,,4095000000,,126.33,,0.241,0.220,0.257,,28288000000,21320000000,0.754,656.07,21320000000,3638000000,-932000000,3594000000,8034000000,,0.158,,,,,,true,false,12,2021-02-01,2022-01-31,-1
2023-03-15,43690,2024-01-31,,7100000000,0.084,,,,,1620000000,-0.152,2410000000,-0.313,,1870000000,,57.54,,,,,,,,,,,,,,,,,,,,,,true,true,6,2023-02-01,2023-07-31,1
2023-03-15,43690,2024-01-31,,15400000000,0.116,,,,,3500000000,-0.001,5450000000,-0.119,,4250000000,,130.78,,,,,,,,,,,,,,,,0.229,,,,,,true,true,12,2023-02-01,2024-01-31,1
2023-03-15,43690,2023-01-31,,13613000000,0.179,,,,,3879000000,0.185,8070000000,0.847,6557000000,,1.058,201.78,,,,,,29014000000,23140000000,0.798,712.09,23140000000,,,,,30.00,,,,32498640,1702,32497014,false,false,12,2022-02-01,2023-01-31,0
2023-03-15,43690,2022-01-31,,11542000000,0.167,,,,,3272000000,0.165,4369000000,0.356,3186000000,,0.367,98.31,,,,,,23692000000,17229000000,0.727,530.20,17229000000,,,,,20.00,,,,32498640,1580,32414868,false,false,12,2021-02-01,2022-01-31,-1
2023-03-15,43690,2024-01-31,,,,,,,,,,,,,,,,,,,,,,,,,,,,,,30.00,,,,,,,false,true,12,2023-02-01,2024-01-31,1
2023-05-31,43690,2024-01-31,1,3228000000,0.035,,,,,874000000,-0.114,1298000000,-0.244,,992000000,,30.54,,,,,,31224000000,25815000000,0.827,,25815000000,,,,,,,,,,,,true,false,3,2023-02-01,2023-04-30,0
2023-05-31,43690,2023-01-31,1,3119000000,0.202,,,,,986000000,0.365,1718000000,0.392,,1293000000,,39.80,,,,,,,,,,,,,,,,,,,,,,true,false,3,2022-02-01,2022-04-30,-1
2023-05-31,43690,2024-01-31,1,7100000000,0.084,,,,,1620000000,-0.152,2410000000,-0.313,,1870000000,,57.54,,,,,,,,,,,,,,,,,,,,,,true,true,6,2023-02-01,2023-07-31,0
2023-05-31,43690,2024-01-31,1,15400000000,0.116,,,,,3500000000,-0.001,5450000000,-0.119,,4250000000,,130.78,,,,,,,,,,,,,,,,,,,,,,true,true,12,2023-02-01,2024-01-31,0
2023-05-31,43690,2023-01-31,1,,,,,,,,,,,,,,,,,,,,32115000000,25876000000,0.806,,25876000000,,,,,,,,,,,,true,false,12,2022-02-01,2023-01-31,-1
2023-05-31,43690,2023-01-31,1,,,,,,,,,,,,,,,,,,,,,,,,,,,,,30.00,,,,32498640,1702,,false,false,12,2022-02-01,2023-01-31,-1
2023-05-31,43690,2024-01-31,1,,,,,,,,,,,,,,,,,,,,,,,,,,,,,30.00,,,,,,,false,true,12,2023-02-01,2024-01-31,0
2023-05-31,43690,2024-01-31,1,,,,,,,,,,,,,,,,,,,,,,,,,,,,,,,,,32498640,1702,32496938,false,false,3,2023-02-01,2023-04-30,0
2023-05-31,43690,2023-01-31,1,,,,,,,,,,,,,,,,,,,,,,,,,,,,,,,,,,,32497060,false,false,3,2022-02-01,2022-04-30,-1
2023-08-31,43690,2024-01-31,2,5622000000,-0.141,,,,,1100000000,-0.424,1906000000,-0.457,,1453000000,,44.72,,,,,,31787000000,26466000000,0.833,,26466000000,,,,,,,,,,,,true,false,6,2023-02-01,2023-07-31,0
2023-08-31,43690,2023-01-31,2,6548000000,0.220,,,,,1911000000,0.311,3508000000,0.433,,2703000000,,83.20,,,,,,,,,,,,,,,,,,,,,,true,false,6,2022-02-01,2022-07-31,-1
2023-08-31,43690,2024-01-31,2,11300000000,-0.181,,,,,1700000000,-0.515,3370000000,-0.455,,2680000000,,82.47,,,,,,,,,,,,,,,,,,,,,,true,true,12,2023-02-01,2024-01-31,0
2023-08-31,43690,2023-01-31,2,,,,,,,,,,,,,,,,,,,,32115000000,25876000000,0.806,,25876000000,,,,,,,,,,,,true,false,12,2022-02-01,2023-01-31,-1
2023-08-31,43690,2023-01-31,2,,,,,,,,,,,,,,,,,,,,,,,,,,,,,30.00,,,,32498640,1702,,false,false,12,2022-02-01,2023-01-31,-1
2023-08-31,43690,2024-01-31,2,,,,,,,,,,,,,,,,,,,,,,,,,,,,,0.00,,,,,,,false,false,12,2023-02-01,2024-01-31,0
2023-08-31,43690,2024-01-31,2,,,,,,,,,,,,,,,,,,,,,,,,,,,,,30.00,,,,,,,false,true,12,2023-02-01,2024-01-31,0
2023-08-31,43690,2024-01-31,2,,,,,,,,,,,,,,,,,,,,,,,,,,,,,,,,,32498640,1702,32496938,false,false,6,2023-02-01,2023-07-31,0
2023-08-31,43690,2023-01-31,2,,,,,,,,,,,,,,,,,,,,,,,,,,,,,,,,,,,32497052,false,false,6,2022-02-01,2022-07-31,-1
2023-11-30,43690,2024-01-31,3,8215000000,-0.190,,,,,1366000000,-0.516,2439000000,-0.565,,1848000000,,56.88,,,,,,31603000000,26936000000,0.852,,26936000000,,,,,,,,,,,,true,false,9,2023-02-01,2023-10-31,0
2023-11-30,43690,2023-01-31,3,10139000000,0.189,,,,,2821000000,0.200,5613000000,0.378,,4374000000,,134.62,,,,,,,,,,,,,,,,,,,,,,true,false,9,2022-02-01,2022-10-31,-1
2023-11-30,43690,2024-01-31,3,11300000000,-0.181,,,,,1700000000,-0.515,3370000000,-0.455,,2680000000,,82.47,,,,,,,,,,,,,,,,,,,,,,true,true,12,2023-02-01,2024-01-31,0
2023-11-30,43690,2023-01-31,3,,,,,,,,,,,,,,,,,,,,32115000000,25876000000,0.806,,25876000000,,,,,,,,,,,,true,false,12,2022-02-01,2023-01-31,-1
2023-11-30,43690,2023-01-31,3,,,,,,,,,,,,,,,,,,,,,,,,,,,,,30.00,,,,32498640,1702,,false,false,12,2022-02-01,2023-01-31,-1
2023-11-30,43690,2024-01-31,3,,,,,,,,,,,,,,,,,,,,,,,,,,,,,0.00,,,,,,,false,false,12,2023-02-01,2024-01-31,0
2023-11-30,43690,2024-01-31,3,,,,,,,,,,,,,,,,,,,,,,,,,,,,,30.00,,,,,,,false,true,12,2023-02-01,2024-01-31,0
2023-11-30,43690,2024-01-31,3,,,,,,,,,,,,,,,,,,,,,,,,,,,,,,,,,32498640,1702,32496938,false,false,9,2023-02-01,2023-10-31,0
2023-11-30,43690,2023-01-31,3,,,,,,,,,,,,,,,,,,,,,,,,,,,,,,,,,,,32497036,false,false,9,2022-02-01,2022-10-31,-1
2024-03-15,43690,2024-01-31,,11246000000,-0.185,,,,,1947000000,-0.444,3276000000,-0.470,,2470000000,,76.03,,0.092,0.102,0.173,,31864000000,27570000000,0.865,848.40,27570000000,2972000000,-1781000000,-1858000000,10497000000,,0.395,,,,,,true,false,12,2023-02-01,2024-01-31,0
2024-03-15,43690,2023-01-31,,13803000000,0.193,,,,,3504000000,0.178,6186000000,0.168,,4832000000,,148.70,,0.205,0.205,0.254,,32115000000,25876000000,0.806,796.26,25876000000,6392000000,-1557000000,-1703000000,11137000000,,0.202,,,,,,true,false,12,2022-02-01,2023-01-31,-1
2024-03-15,43690,2025-01-31,,7080000000,0.259,,,,,1640000000,0.490,2190000000,0.149,,1650000000,,50.77,,,,,,,,,,,,,,,,,,,,,,true,true,6,2024-02-01,2024-07-31,1
2024-03-15,43690,2025-01-31,,14890000000,0.324,,,,,3380000000,0.735,4880000000,0.489,,3730000000,,114.78,,,,,,,,,,,,,,,,0.261,,,,,,true,true,12,2024-02-01,2025-01-31,1
2024-03-15,43690,2024-01-31,,10983000000,-0.193,,,,,2360000000,-0.391,5244000000,-0.350,4250000000,,-0.352,130.79,,,,,,30392000000,26423000000,0.869,813.12,26423000000,,,,,30.00,,,,32498640,1702,32496938,false,false,12,2023-02-01,2024-01-31,0
2024-03-15,43690,2023-01-31,,13613000000,0.179,,,,,3879000000,0.185,8070000000,0.847,6557000000,,1.058,201.78,,,,,,29014000000,23140000000,0.798,712.09,23140000000,,,,,30.00,,,,32498640,1702,32497014,false,false,12,2022-02-01,2023-01-31,-1
2024-03-15,43690,2025-01-31,,,,,,,,,,,,,,,,,,,,,,,,,,,,,,30.00,,,,,,,false,true,12,2024-02-01,2025-01-31,1
2024-05-31,43690,2025-01-31,1,3274000000,0.014,,,,,664000000,-0.240,1068000000,-0.177,,812000000,,25.00,,,,,,33615000000,27498000000,0.818,,27498000000,,,,,,,,,,,,true,false,3,2024-02-01,2024-04-30,0
2024-05-31,43690,2024-01-31,1,3228000000,0.035,,,,,874000000,-0.114,1298000000,-0.244,,992000000,,30.54,,,,,,,,,,,,,,,,,,,,,,true,false,3,2023-02-01,2023-04-30,-1
2024-05-31,43690,2025-01-31,1,7080000000,0.259,,,,,1640000000,0.490,2190000000,0.149,,1650000000,,50.77,,,,,,,,,,,,,,,,,,,,,,true,true,6,2024-02-01,2024-07-31,0
2024-05-31,43690,2025-01-31,1,14890000000,0.324,,,,,3380000000,0.735,4880000000,0.489,,3730000000,,114.78,,,,,,,,,,,,,,,,,,,,,,true,true,12,2024-02-01,2025-01-31,0
2024-05-31,43690,2024-01-31,1,,,,,,,,,,,,,,,,,,,,31864000000,27570000000,0.865,,27570000000,,,,,,,,,,,,true,false,12,2023-02-01,2024-01-31,-1
2024-05-31,43690,2024-01-31,1,,,,,,,,,,,,,,,,,,,,,,,,,,,,,30.00,,,,32498640,1702,,false,false,12,2023-02-01,2024-01-31,-1
2024-05-31,43690,2025-01-31,1,,,,,,,,,,,,,,,,,,,,,,,,,,,,,30.00,,,,,,,false,true,12,2024-02-01,2025-01-31,0
2024-05-31,43690,2025-01-31,1,,,,,,,,,,,,,,,,,,,,,,,,,,,,,,,,,32498640,1722,32496926,false,false,3,2024-02-01,2024-04-30,0
2024-05-31,43690,2024-01-31,1,,,,,,,,,,,,,,,,,,,,,,,,,,,,,,,,,,,32496938,false,false,3,2023-02-01,2023-04-30,-1
2024-08-30,43690,2025-01-31,2,7974000000,0.418,,,,,1939000000,0.762,2680000000,0.406,,2031000000,,62.51,,,,,,33529000000,28772000000,0.858,,28772000000,,,,,,,,,,,,true,false,6,2024-02-01,2024-07-31,0
2024-08-30,43690,2024-01-31,2,5622000000,-0.141,,,,,1100000000,-0.424,1906000000,-0.457,,1453000000,,44.72,,,,,,,,,,,,,,,,,,,,,,true,false,6,2023-02-01,2023-07-31,-1
2024-08-30,43690,2025-01-31,2,17000000000,0.512,,,,,3900000000,1.002,5590000000,0.706,,4260000000,,131.09,,,,,,,,,,,,,,,,,,,,,,true,true,12,2024-02-01,2025-01-31,0
2024-08-30,43690,2024-01-31,2,,,,,,,,,,,,,,,,,,,,31864000000,27570000000,0.865,,27570000000,,,,,,,,,,,,true,false,12,2023-02-01,2024-01-31,-1
2024-08-30,43690,2024-01-31,2,,,,,,,,,,,,,,,,,,,,,,,,,,,,,30.00,,,,32498640,1702,,false,false,12,2023-02-01,2024-01-31,-1
2024-08-30,43690,2025-01-31,2,,,,,,,,,,,,,,,,,,,,,,,,,,,,,0.00,,,,,,,false,false,12,2024-02-01,2025-01-31,0
2024-08-30,43690,2025-01-31,2,,,,,,,,,,,,,,,,,,,,,,,,,,,,,30.00,,,,,,,false,true,12,2024-02-01,2025-01-31,0
2024-08-30,43690,2025-01-31,2,,,,,,,,,,,,,,,,,,,,,,,,,,,,,,,,,32498640,1810,32496897,false,false,6,2024-02-01,2024-07-31,0
2024-08-30,43690,2024-01-31,2,,,,,,,,,,,,,,,,,,,,,,,,,,,,,,,,,,,32496938,false,false,6,2023-02-01,2023-07-31,-1
2024-11-29,43690,2025-01-31,3,13105000000,0.595,,,,,3502000000,1.564,4351000000,0.784,,3226000000,,99.29,,,,,,38214000000,29797000000,0.780,,29797000000,,,,,,,,,,,,true,false,9,2024-02-01,2024-10-31,0
2024-11-29,43690,2024-01-31,3,8215000000,-0.190,,,,,1366000000,-0.516,2439000000,-0.565,,1848000000,,56.88,,,,,,,,,,,,,,,,,,,,,,true,false,9,2023-02-01,2023-10-31,-1
2024-11-29,43690,2025-01-31,3,17000000000,0.512,,,,,3900000000,1.002,5590000000,0.706,,4260000000,,131.09,,,,,,,,,,,,,,,,,,,,,,true,true,12,2024-02-01,2025-01-31,0
2024-11-29,43690,2024-01-31,3,,,,,,,,,,,,,,,,,,,,31864000000,27570000000,0.865,,27570000000,,,,,,,,,,,,true,false,12,2023-02-01,2024-01-31,-1
2024-11-29,43690,2024-01-31,3,,,,,,,,,,,,,,,,,,,,,,,,,,,,,30.00,,,,32498640,1702,,false,false,12,2023-02-01,2024-01-31,-1
2024-11-29,43690,2025-01-31,3,,,,,,,,,,,,,,,,,,,,,,,,,,,,,0.00,,,,,,,false,false,12,2024-02-01,2025-01-31,0
2024-11-29,43690,2025-01-31,3,,,,,,,,,,,,,,,,,,,,,,,,,,,,,30.00,,,,,,,false,true,12,2024-02-01,2025-01-31,0
2024-11-29,43690,2025-01-31,3,,,,,,,,,,,,,,,,,,,,,,,,,,,,,,,,,32498640,1810,32496875,false,false,9,2024-02-01,2024-10-31,0
2024-11-29,43690,2024-01-31,3,,,,,,,,,,,,,,,,,,,,,,,,,,,,,,,,,,,32496938,false,false,9,2023-02-01,2023-10-31,-1
2025-02-14,43690,2025-01-31,,18900000000,0.112,,,,,5240000000,0.344,6570000000,0.175,,4950000000,,152.32,,,,,,,,,,,,,,,,,,,,,,true,true,12,2024-02-01,2025-01-31,0
2025-02-14,43690,2024-01-31,,11246000000,,,,,,1947000000,,3276000000,,,2470000000,,76.03,,,,,,,,,,,,,,,,,,,,,,true,false,12,2023-02-01,2024-01-31,-1
2025-03-14,43690,2025-01-31,,18905000000,0.681,,,,,5256000000,1.698,6583000000,1.009,,4961000000,,152.69,,0.168,0.191,0.278,,36944000000,31587000000,0.855,972.02,31587000000,3675000000,-3116000000,-1620000000,9439000000,,0.229,,,,,,true,false,12,2024-02-01,2025-01-31,0
2025-03-14,43690,2024-01-31,,11246000000,-0.185,,,,,1947000000,-0.444,3276000000,-0.470,,2470000000,,76.03,,0.092,0.102,0.173,,31864000000,27570000000,0.865,848.40,27570000000,2972000000,-1781000000,-1858000000,10497000000,,0.395,,,,,,true,false,12,2023-02-01,2024-01-31,-1
2025-03-14,43690,2026-01-31,,12300000000,0.542,,,,,3050000000,0.573,3500000000,0.306,,2550000000,,78.47,,,,,,,,,,,,,,,,,,,,,,true,true,6,2025-02-01,2025-07-31,1
2025-03-14,43690,2026-01-31,,26000000000,0.375,,,,,6050000000,0.151,6900000000,0.048,,5000000000,,153.86,,,,,,,,,,,,,,,,0.227,,,,,,true,true,12,2025-02-01,2026-01-31,1
2025-03-14,43690,2025-01-31,,18228000000,0.660,,,,,5522000000,1.339,5960000000,0.137,4331000000,,0.019,133.30,,,,,,34753000000,29785000000,0.857,916.57,29785000000,,,,,35.00,,,,32498640,1810,32496864,false,false,12,2024-02-01,2025-01-31,0
2025-03-14,43690,2024-01-31,,10983000000,-0.193,,,,,2360000000,-0.391,5244000000,-0.350,4250000000,,-0.352,130.79,,,,,,30392000000,26423000000,0.869,813.12,26423000000,,,,,30.00,,,,32498640,1702,32496938,false,false,12,2023-02-01,2024-01-31,-1
2025-03-14,43690,2026-01-31,,,,,,,,,,,,,,,,,,,,,,,,,,,,,,35.00,,,,,,,false,true,12,2025-02-01,2026-01-31,1
2025-05-30,43690,2026-01-31,1,6569000000,1.006,,,,,1712000000,1.576,1640000000,0.535,,1207000000,,37.16,,,,,,38804000000,31317000000,0.807,,31317000000,,,,,,,,,,,,true,false,3,2025-02-01,2025-04-30,0
2025-05-30,43690,2025-01-31,1,3274000000,0.014,,,,,664000000,-0.240,1068000000,-0.177,,812000000,,25.00,,,,,,,,,,,,,,,,,,,,,,true,false,3,2024-02-01,2024-04-30,-1
2025-05-30,43690,2026-01-31,1,12300000000,0.542,,,,,3050000000,0.573,3500000000,0.306,,2550000000,,78.47,,,,,,,,,,,,,,,,,,,,,,true,true,6,2025-02-01,2025-07-31,0
2025-05-30,43690,2026-01-31,1,26000000000,0.375,,,,,6050000000,0.151,6900000000,0.048,,5000000000,,153.86,,,,,,,,,,,,,,,,,,,,,,true,true,12,2025-02-01,2026-01-31,0
2025-05-30,43690,2025-01-31,1,,,,,,,,,,,,,,,,,,,,36944000000,31587000000,0.855,,31587000000,,,,,,,,,,,,true,false,12,2024-02-01,2025-01-31,-1
2025-05-30,43690,2025-01-31,1,,,,,,,,,,,,,,,,,,,,,,,,,,,,,35.00,,,,32498640,1810,,false,false,12,2024-02-01,2025-01-31,-1
2025-05-30,43690,2026-01-31,1,,,,,,,,,,,,,,,,,,,,,,,,,,,,,35.00,,,,,,,false,true,12,2025-02-01,2026-01-31,0
2025-05-30,43690,2026-01-31,1,,,,,,,,,,,,,,,,,,,,,,,,,,,,,,,,,32498640,1851,32496797,false,false,3,2025-02-01,2025-04-30,0
2025-05-30,43690,2025-01-31,1,,,,,,,,,,,,,,,,,,,,,,,,,,,,,,,,,,,32496926,false,false,3,2024-02-01,2024-04-30,-1
