filing_date,code,fiscal_year_end,quarterly_period,net_sales,net_sales_change,revenue,revenue_change,operating_revenue,operating_revenue_change,operating_profit,operating_profit_change,ordinary_profit,ordinary_profit_change,net_income,net_income_of_parent,net_income_change,eps,diluted_eps,roe,roa,operating_profit_to_net_sales,operating_profit_to_revenue,total_assets,net_assets,equity_ratio,bps,owner_equity,operating_cash_flow,investing_cash_flow,financing_cash_flow,cash,dividend_per_share,payout_ratio,commemorative_dividend,extra_dividend,number_of_shares,number_of_treqsury_shares,avg_number_of_shares,is_consolidated,is_forecast,duration,period_start,period_end,period_pos
2015-05-11,44100,2015-03-31,,82691000000,0.100,,,,,972000000,0.111,248000000,-0.905,-1025000000,,,-39.53,,-0.034,0.003,0.012,,75255000000,33079000000,0.413,1196.97,31059000000,350000000,-3707000000,1686000000,5435000000,,,,,,,,true,false,12,2014-04-01,2015-03-31,0
2015-05-11,44100,2014-03-31,,75174000000,0.171,,,,,875000000,0.519,2607000000,0.834,280000000,,0.297,10.80,,0.010,0.040,0.012,,70471000000,31465000000,0.422,1145.11,29714000000,1567000000,-1084000000,1915000000,6630000000,,1.297,,,,,,true,false,12,2013-04-01,2014-03-31,-1
2015-05-11,44100,2016-03-31,,44000000000,0.073,,,,,800000000,0.005,950000000,2.288,,350000000,,13.49,,,,,,,,,,,,,,,,,,,,,,true,true,6,2015-04-01,2015-09-30,1
2015-05-11,44100,2016-03-31,,90000000000,0.088,,,,,1700000000,0.747,2000000000,7.047,,800000000,,30.80,,,,,,,,,,,,,,,,0.454,,,,,,true,true,12,2015-04-01,2016-03-31,1
2015-05-11,44100,2015-03-31,,2337000000,-0.177,,,,,432000000,-0.475,-599000000,,-965000000,,,-37.22,,,,,,47081000000,25598000000,0.544,986.51,25598000000,,,,,14.00,,,,26080396,131642,25948869,false,false,12,2014-04-01,2015-03-31,0
2015-05-11,44100,2014-03-31,,2840000000,-0.824,,,,,824000000,1.195,2301000000,0.559,-1595000000,,,-61.50,,,,,,45483000000,26349000000,0.579,1015.43,26349000000,,,,,14.00,,,,26080396,131442,25949060,false,false,12,2013-04-01,2014-03-31,-1
2015-05-11,44100,2016-03-31,,,,,,,,,,,,,,,,,,,,,,,,,,,,,,14.00,,,,,,,false,true,12,2015-04-01,2016-03-31,1
2015-07-31,44100,2016-03-31,1,20737000000,0.046,,,,,457000000,-0.085,1361000000,1.666,,832000000,,32.07,,,,,,73929000000,32042000000,0.406,,30011000000,,,,,,,,,,,,true,false,3,2015-04-01,2015-06-30,0
2015-07-31,44100,2015-03-31,1,19829000000,0.134,,,,,500000000,3.090,510000000,0.364,,185000000,,7.15,,,,,,,,,,,,,,,,,,,,,,true,false,3,2014-04-01,2014-06-30,-1
2015-07-31,44100,2016-03-31,1,44000000000,0.073,,,,,800000000,0.005,950000000,2.288,,350000000,,13.49,,,,,,,,,,,,,,,,,,,,,,true,true,6,2015-04-01,2015-09-30,0
2015-07-31,44100,2016-03-31,1,90000000000,0.088,,,,,1700000000,0.747,2000000000,7.047,,800000000,,30.83,,,,,,,,,,,,,,,,,,,,,,true,true,12,2015-04-01,2016-03-31,0
2015-07-31,44100,2015-03-31,1,,,,,,,,,,,,,,,,,,,,75255000000,33079000000,0.413,,31059000000,,,,,,,,,,,,true,false,12,2014-04-01,2015-03-31,-1
2015-07-31,44100,2015-03-31,1,,,,,,,,,,,,,,,,,,,,,,,,,,,,,14.00,,,,26080396,131642,,false,false,12,2014-04-01,2015-03-31,-1
2015-07-31,44100,2016-03-31,1,,,,,,,,,,,,,,,,,,,,,,,,,,,,,14.00,,,,,,,false,true,12,2015-04-01,2016-03-31,0
2015-07-31,44100,2016-03-31,1,,,,,,,,,,,,,,,,,,,,,,,,,,,,,,,,,26080396,131642,25948754,false,false,3,2015-04-01,2015-06-30,0
2015-07-31,44100,2015-03-31,1,,,,,,,,,,,,,,,,,,,,,,,,,,,,,,,,,,,25948954,false,false,3,2014-04-01,2014-06-30,-1
2015-10-30,44100,2016-03-31,2,41373000000,0.009,,,,,1222000000,0.536,2194000000,6.595,,1221000000,,47.09,,,,,,73529000000,32368000000,0.411,,30232000000,,,,,,,,,,,,true,false,6,2015-04-01,2015-09-30,0
2015-10-30,44100,2015-03-31,2,40990000000,0.138,,,,,795000000,1.431,288000000,-0.638,,-214000000,,-8.25,,,,,,,,,,,,,,,,,,,,,,true,false,6,2014-04-01,2014-09-30,-1
2015-10-30,44100,2016-03-31,2,83000000000,0.004,,,,,2300000000,1.364,3400000000,,,1500000000,,57.81,,,,,,,,,,,,,,,,,,,,,,true,true,12,2015-04-01,2016-03-31,0
2015-10-30,44100,2015-03-31,2,,,,,,,,,,,,,,,,,,,,75255000000,33079000000,0.413,,31059000000,,,,,,,,,,,,true,false,12,2014-04-01,2015-03-31,-1
2015-10-30,44100,2015-03-31,2,,,,,,,,,,,,,,,,,,,,,,,,,,,,,14.00,,,,26080396,131642,,false,false,12,2014-04-01,2015-03-31,-1
2015-10-30,44100,2016-03-31,2,,,,,,,,,,,,,,,,,,,,,,,,,,,,,7.00,,,,,,,false,false,12,2015-04-01,2016-03-31,0
2015-10-30,44100,2016-03-31,2,,,,,,,,,,,,,,,,,,,,,,,,,,,,,14.00,,,,,,,false,true,12,2015-04-01,2016-03-31,0
2015-10-30,44100,2016-03-31,2,,,,,,,,,,,,,,,,,,,,,,,,,,,,,,,,,26080396,131742,25948704,false,false,6,2015-04-01,2015-09-30,0
2015-10-30,44100,2015-03-31,2,,,,,,,,,,,,,,,,,,,,,,,,,,,,,,,,,,,25948918,false,false,6,2014-04-01,2014-09-30,-1
2015-10-30,44100,2016-03-31,,41373000000,-0.060,,,,,1222000000,0.528,2194000000,1.310,,1221000000,,47.09,,,,,,,,,,,,,,,,,,,,,,true,true,6,2015-04-01,2015-09-30,0
2015-10-30,44100,2015-03-31,,40990000000,,,,,,795000000,,288000000,,,-214000000,,-8.25,,,,,,,,,,,,,,,,,,,,,,true,false,6,2014-04-01,2014-09-30,-1
2015-10-30,44100,2016-03-31,,83000000000,-0.078,,,,,2300000000,0.353,3400000000,0.700,,1500000000,,57.81,,,,,,,,,,,,,,,,,,,,,,true,true,12,2015-04-01,2016-03-31,0
2015-10-30,44100,2015-03-31,,82691000000,,,,,,972000000,,248000000,,,-1025000000,,-39.53,,,,,,,,,,,,,,,,,,,,,,true,false,12,2014-04-01,2015-03-31,-1
2016-01-29,44100,2016-03-31,3,61648000000,0.002,,,,,2108000000,1.059,3032000000,1.226,,1585000000,,61.09,,,,,,74295000000,32224000000,0.405,,30098000000,,,,,,,,,,,,true,false,9,2015-04-01,2015-12-31,0
2016-01-29,44100,2015-03-31,3,61521000000,0.120,,,,,1024000000,0.507,1362000000,-0.391,,447000000,,17.26,,,,,,,,,,,,,,,,,,,,,,true,false,9,2014-04-01,2014-12-31,-1
2016-01-29,44100,2016-03-31,3,83000000000,0.004,,,,,2300000000,1.364,3400000000,,,1500000000,,57.81,,,,,,,,,,,,,,,,,,,,,,true,true,12,2015-04-01,2016-03-31,0
2016-01-29,44100,2015-03-31,3,,,,,,,,,,,,,,,,,,,,75255000000,33079000000,0.413,,31059000000,,,,,,,,,,,,true,false,12,2014-04-01,2015-03-31,-1
2016-01-29,44100,2015-03-31,3,,,,,,,,,,,,,,,,,,,,,,,,,,,,,14.00,,,,26080396,131642,,false,false,12,2014-04-01,2015-03-31,-1
2016-01-29,44100,2016-03-31,3,,,,,,,,,,,,,,,,,,,,,,,,,,,,,7.00,,,,,,,false,false,12,2015-04-01,2016-03-31,0
2016-01-29,44100,2016-03-31,3,,,,,,,,,,,,,,,,,,,,,,,,,,,,,14.00,,,,,,,false,true,12,2015-04-01,2016-03-31,0
2016-01-29,44100,2016-03-31,3,,,,,,,,,,,,,,,,,,,,,,,,,,,,,,,,,26080396,131882,25948670,false,false,9,2015-04-01,2015-12-31,0
2016-01-29,44100,2015-03-31,3,,,,,,,,,,,,,,,,,,,,,,,,,,,,,,,,,,,25948899,false,false,9,2014-04-01,2014-12-31,-1
2016-05-10,44100,2016-03-31,,80977000000,-0.021,,,,,2437000000,1.505,3225000000,,,1222000000,,47.12,,0.041,0.044,0.030,,70772000000,31362000000,0.413,1126.65,29234000000,4209000000,-2718000000,-895000000,5880000000,,0.297,,,,,,true,false,12,2015-04-01,2016-03-31,0
2016-05-10,44100,2015-03-31,,82691000000,0.100,,,,,972000000,0.111,248000000,-0.905,,-1025000000,,-39.53,,-0.034,0.003,0.012,,75255000000,33079000000,0.413,1196.97,31059000000,350000000,-3707000000,1686000000,5435000000,,,,,,,,true,false,12,2014-04-01,2015-03-31,-1
2016-05-10,44100,2017-03-31,,40000000000,-0.033,,,,,1100000000,-0.100,1200000000,-0.453,,700000000,,26.98,,,,,,,,,,,,,,,,,,,,,,true,true,6,2016-04-01,2016-09-30,1
2016-05-10,44100,2017-03-31,,82000000000,0.013,,,,,2800000000,0.149,3000000000,-0.070,,1800000000,,69.37,,,,,,,,,,,,,,,,0.202,,,,,,true,true,12,2016-04-01,2017-03-31,1
2016-05-10,44100,2016-03-31,,2758000000,0.180,,,,,663000000,0.534,1083000000,,845000000,,,32.58,,,,,,39970000000,25594000000,0.640,986.34,25594000000,,,,,14.00,,,,26080396,131882,25948634,false,false,12,2015-04-01,2016-03-31,0
2016-05-10,44100,2015-03-31,,2337000000,-0.177,,,,,432000000,-0.475,-599000000,,-965000000,,,-37.22,,,,,,47081000000,25598000000,0.544,986.51,25598000000,,,,,14.00,,,,26080396,131642,25948869,false,false,12,2014-04-01,2015-03-31,-1
2016-05-10,44100,2017-03-31,,,,,,,,,,,,,,,,,,,,,,,,,,,,,,14.00,,,,,,,false,true,12,2016-04-01,2017-03-31,1
2016-07-29,44100,2017-03-31,1,18283000000,-0.118,,,,,916000000,1.001,609000000,-0.552,,349000000,,13.48,,,,,,69952000000,30869000000,0.412,,28841000000,,,,,,,,,,,,true,false,3,2016-04-01,2016-06-30,0
2016-07-29,44100,2016-03-31,1,20737000000,0.046,,,,,457000000,-0.085,1361000000,1.666,,832000000,,32.07,,,,,,,,,,,,,,,,,,,,,,true,false,3,2015-04-01,2015-06-30,-1
2016-07-29,44100,2017-03-31,1,40000000000,-0.033,,,,,1100000000,-0.100,1200000000,-0.453,,700000000,,26.98,,,,,,,,,,,,,,,,,,,,,,true,true,6,2016-04-01,2016-09-30,0
2016-07-29,44100,2017-03-31,1,82000000000,0.013,,,,,2800000000,0.149,3000000000,-0.070,,1800000000,,69.37,,,,,,,,,,,,,,,,,,,,,,true,true,12,2016-04-01,2017-03-31,0
2016-07-29,44100,2016-03-31,1,,,,,,,,,,,,,,,,,,,,70772000000,31362000000,0.413,,29234000000,,,,,,,,,,,,true,false,12,2015-04-01,2016-03-31,-1
2016-07-29,44100,2016-03-31,1,,,,,,,,,,,,,,,,,,,,,,,,,,,,,14.00,,,,26080396,131882,,false,false,12,2015-04-01,2016-03-31,-1
2016-07-29,44100,2017-03-31,1,,,,,,,,,,,,,,,,,,,,,,,,,,,,,14.00,,,,,,,false,true,12,2016-04-01,2017-03-31,0
2016-07-29,44100,2017-03-31,1,,,,,,,,,,,,,,,,,,,,,,,,,,,,,,,,,26080396,131882,25948514,false,false,3,2016-04-01,2016-06-30,0
2016-07-29,44100,2016-03-31,1,,,,,,,,,,,,,,,,,,,,,,,,,,,,,,,,,,,25948754,false,false,3,2015-04-01,2015-06-30,-1
2016-10-28,44100,2017-03-31,2,36191000000,-0.125,,,,,2007000000,0.642,1674000000,-0.237,,1122000000,,43.27,,,,,,66735000000,30802000000,0.433,,28881000000,,,,,,,,,,,,true,false,6,2016-04-01,2016-09-30,0
2016-10-28,44100,2016-03-31,2,41373000000,0.009,,,,,1222000000,0.536,2194000000,6.595,,1221000000,,47.09,,,,,,,,,,,,,,,,,,,,,,true,false,6,2015-04-01,2015-09-30,-1
2016-10-28,44100,2017-03-31,2,72000000000,-0.111,,,,,3600000000,0.477,3300000000,0.023,,2000000000,,77.08,,,,,,,,,,,,,,,,,,,,,,true,true,12,2016-04-01,2017-03-31,0
2016-10-28,44100,2016-03-31,2,,,,,,,,,,,,,,,,,,,,70772000000,31362000000,0.413,,29234000000,,,,,,,,,,,,true,false,12,2015-04-01,2016-03-31,-1
2016-10-28,44100,2016-03-31,2,,,,,,,,,,,,,,,,,,,,,,,,,,,,,14.00,,,,26080396,131882,,false,false,12,2015-04-01,2016-03-31,-1
2016-10-28,44100,2017-03-31,2,,,,,,,,,,,,,,,,,,,,,,,,,,,,,8.00,,,,,,,false,false,12,2016-04-01,2017-03-31,0
2016-10-28,44100,2017-03-31,2,,,,,,,,,,,,,,,,,,,,,,,,,,,,,16.00,,,,,,,false,true,12,2016-04-01,2017-03-31,0
2016-10-28,44100,2017-03-31,2,,,,,,,,,,,,,,,,,,,,,,,,,,,,,,,,,26080396,131932,25948492,false,false,6,2016-04-01,2016-09-30,0
2016-10-28,44100,2016-03-31,2,,,,,,,,,,,,,,,,,,,,,,,,,,,,,,,,,,,25948704,false,false,6,2015-04-01,2015-09-30,-1
2017-01-30,44100,2017-03-31,3,53704000000,-0.129,,,,,3032000000,0.438,2769000000,-0.087,,1891000000,,72.91,,,,,,65916000000,31532000000,0.449,,29609000000,,,,,,,,,,,,true,false,9,2016-04-01,2016-12-31,0
2017-01-30,44100,2016-03-31,3,61648000000,0.002,,,,,2108000000,1.059,3032000000,1.226,,1585000000,,61.09,,,,,,,,,,,,,,,,,,,,,,true,false,9,2015-04-01,2015-12-31,-1
2017-01-30,44100,2017-03-31,3,72000000000,-0.111,,,,,3600000000,0.477,3300000000,0.023,,2000000000,,77.08,,,,,,,,,,,,,,,,,,,,,,true,true,12,2016-04-01,2017-03-31,0
2017-01-30,44100,2016-03-31,3,,,,,,,,,,,,,,,,,,,,70772000000,31362000000,0.413,,29234000000,,,,,,,,,,,,true,false,12,2015-04-01,2016-03-31,-1
2017-01-30,44100,2016-03-31,3,,,,,,,,,,,,,,,,,,,,,,,,,,,,,14.00,,,,26080396,131882,,false,false,12,2015-04-01,2016-03-31,-1
2017-01-30,44100,2017-03-31,3,,,,,,,,,,,,,,,,,,,,,,,,,,,,,8.00,,,,,,,false,false,12,2016-04-01,2017-03-31,0
2017-01-30,44100,2017-03-31,3,,,,,,,,,,,,,,,,,,,,,,,,,,,,,16.00,,,,,,,false,true,12,2016-04-01,2017-03-31,0
2017-01-30,44100,2017-03-31,3,,,,,,,,,,,,,,,,,,,,,,,,,,,,,,,,,26080396,131982,25948479,false,false,9,2016-04-01,2016-12-31,0
2017-01-30,44100,2016-03-31,3,,,,,,,,,,,,,,,,,,,,,,,,,,,,,,,,,,,25948670,false,false,9,2015-04-01,2015-12-31,-1
2017-05-01,44100,2017-03-31,,71384000000,-0.118,,,,,3975000000,0.631,3931000000,0.219,,2421000000,,93.31,,0.080,0.057,0.056,,67352000000,33813000000,0.470,1219.68,31648000000,6840000000,-2324000000,-6174000000,4002000000,,0.182,,,,,,true,false,12,2016-04-01,2017-03-31,0
2017-05-01,44100,2016-03-31,,80977000000,-0.021,,,,,2437000000,1.505,3225000000,,,1222000000,,47.12,,0.041,0.044,0.030,,70772000000,31362000000,0.413,1126.65,29234000000,4209000000,-2718000000,-895000000,5880000000,,0.297,,,,,,true,false,12,2015-04-01,2016-03-31,-1
2017-05-01,44100,2018-03-31,,37500000000,0.036,,,,,1700000000,-0.153,1800000000,0.075,,1100000000,,42.39,,,,,,,,,,,,,,,,,,,,,,true,true,6,2017-04-01,2017-09-30,1
2017-05-01,44100,2018-03-31,,77500000000,0.086,,,,,4000000000,0.006,4200000000,0.068,,2600000000,,100.20,,,,,,,,,,,,,,,,0.220,,,,,,true,true,12,2017-04-01,2018-03-31,1
2017-05-01,44100,2017-03-31,,2702000000,-0.020,,,,,404000000,-0.390,326000000,-0.699,509000000,,-0.397,19.65,,,,,,36684000000,26455000000,0.721,1019.56,26455000000,,,,,17.00,,,,26080396,132049,25948458,false,false,12,2016-04-01,2017-03-31,0
2017-05-01,44100,2016-03-31,,2758000000,0.180,,,,,663000000,0.534,1083000000,,845000000,,,32.58,,,,,,39970000000,25594000000,0.640,986.34,25594000000,,,,,14.00,,,,26080396,131882,25948634,false,false,12,2015-04-01,2016-03-31,-1
2017-05-01,44100,2018-03-31,,,,,,,,,,,,,,,,,,,,,,,,,,,,,,22.00,,,,,,,false,true,12,2017-04-01,2018-03-31,1
2017-07-31,44100,2018-03-31,1,17261000000,-0.056,,,,,883000000,-0.036,802000000,0.317,,621000000,,23.96,,,,,,69604000000,34123000000,0.460,,31985000000,,,,,,,,,,,,true,false,3,2017-04-01,2017-06-30,0
2017-07-31,44100,2017-03-31,1,18283000000,-0.118,,,,,916000000,1.001,609000000,-0.552,,349000000,,13.48,,,,,,,,,,,,,,,,,,,,,,true,false,3,2016-04-01,2016-06-30,-1
2017-07-31,44100,2018-03-31,1,37500000000,0.036,,,,,1700000000,-0.153,1800000000,0.075,,1100000000,,42.39,,,,,,,,,,,,,,,,,,,,,,true,true,6,2017-04-01,2017-09-30,0
2017-07-31,44100,2018-03-31,1,77500000000,0.086,,,,,4000000000,0.006,4200000000,0.068,,2600000000,,100.20,,,,,,,,,,,,,,,,,,,,,,true,true,12,2017-04-01,2018-03-31,0
2017-07-31,44100,2017-03-31,1,,,,,,,,,,,,,,,,,,,,67352000000,33813000000,0.470,,31648000000,,,,,,,,,,,,true,false,12,2016-04-01,2017-03-31,-1
2017-07-31,44100,2017-03-31,1,,,,,,,,,,,,,,,,,,,,,,,,,,,,,17.00,,,,26080396,132049,,false,false,12,2016-04-01,2017-03-31,-1
2017-07-31,44100,2018-03-31,1,,,,,,,,,,,,,,,,,,,,,,,,,,,,,22.00,,,,,,,false,true,12,2017-04-01,2018-03-31,0
2017-07-31,44100,2018-03-31,1,,,,,,,,,,,,,,,,,,,,,,,,,,,,,,,,,26080396,132049,25948347,false,false,3,2017-04-01,2017-06-30,0
2017-07-31,44100,2017-03-31,1,,,,,,,,,,,,,,,,,,,,,,,,,,,,,,,,,,,25948514,false,false,3,2016-04-01,2016-06-30,-1
2017-10-30,44100,2018-03-31,2,35002000000,-0.033,,,,,1791000000,-0.107,1791000000,0.069,,1284000000,,49.50,,,,,,69197000000,35048000000,0.475,,32898000000,,,,,,,,,,,,true,false,6,2017-04-01,2017-09-30,0
2017-10-30,44100,2017-03-31,2,36191000000,-0.125,,,,,2007000000,0.642,1674000000,-0.237,,1122000000,,43.27,,,,,,,,,,,,,,,,,,,,,,true,false,6,2016-04-01,2016-09-30,-1
2017-10-30,44100,2018-03-31,2,72500000000,0.016,,,,,3850000000,-0.031,3850000000,-0.021,,2350000000,,90.56,,,,,,,,,,,,,,,,,,,,,,true,true,12,2017-04-01,2018-03-31,0
2017-10-30,44100,2017-03-31,2,,,,,,,,,,,,,,,,,,,,67352000000,33813000000,0.470,,31648000000,,,,,,,,,,,,true,false,12,2016-04-01,2017-03-31,-1
2017-10-30,44100,2017-03-31,2,,,,,,,,,,,,,,,,,,,,,,,,,,,,,17.00,,,,26080396,132049,,false,false,12,2016-04-01,2017-03-31,-1
2017-10-30,44100,2018-03-31,2,,,,,,,,,,,,,,,,,,,,,,,,,,,,,11.00,,,,,,,false,false,12,2017-04-01,2018-03-31,0
2017-10-30,44100,2018-03-31,2,,,,,,,,,,,,,,,,,,,,,,,,,,,,,22.00,,,,,,,false,true,12,2017-04-01,2018-03-31,0
2017-10-30,44100,2018-03-31,2,,,,,,,,,,,,,,,,,,,,,,,,,,,,,,,,,26080396,132136,25948316,false,false,6,2017-04-01,2017-09-30,0
2017-10-30,44100,2017-03-31,2,,,,,,,,,,,,,,,,,,,,,,,,,,,,,,,,,,,25948492,false,false,6,2016-04-01,2016-09-30,-1
2018-01-31,44100,2018-03-31,3,54121000000,0.008,,,,,3082000000,0.017,3115000000,0.125,,2153000000,,82.99,,,,,,70742000000,35992000000,0.477,,33745000000,,,,,,,,,,,,true,false,9,2017-04-01,2017-12-31,0
2018-01-31,44100,2017-03-31,3,53704000000,-0.129,,,,,3032000000,0.438,2769000000,-0.087,,1891000000,,72.91,,,,,,,,,,,,,,,,,,,,,,true,false,9,2016-04-01,2016-12-31,-1
2018-01-31,44100,2018-03-31,3,72500000000,0.016,,,,,3850000000,-0.031,3850000000,-0.021,,2350000000,,90.57,,,,,,,,,,,,,,,,,,,,,,true,true,12,2017-04-01,2018-03-31,0
2018-01-31,44100,2017-03-31,3,,,,,,,,,,,,,,,,,,,,67352000000,33813000000,0.470,,31648000000,,,,,,,,,,,,true,false,12,2016-04-01,2017-03-31,-1
2018-01-31,44100,2017-03-31,3,,,,,,,,,,,,,,,,,,,,,,,,,,,,,17.00,,,,26080396,132049,,false,false,12,2016-04-01,2017-03-31,-1
2018-01-31,44100,2018-03-31,3,,,,,,,,,,,,,,,,,,,,,,,,,,,,,11.00,,,,,,,false,false,12,2017-04-01,2018-03-31,0
2018-01-31,44100,2018-03-31,3,,,,,,,,,,,,,,,,,,,,,,,,,,,,,22.00,,,,,,,false,true,12,2017-04-01,2018-03-31,0
2018-01-31,44100,2018-03-31,3,,,,,,,,,,,,,,,,,,,,,,,,,,,,,,,,,26080396,132236,25948274,false,false,9,2017-04-01,2017-12-31,0
2018-01-31,44100,2017-03-31,3,,,,,,,,,,,,,,,,,,,,,,,,,,,,,,,,,,,25948479,false,false,9,2016-04-01,2016-12-31,-1
2018-05-01,44100,2018-03-31,,73310000000,0.027,,,,,4010000000,0.009,4008000000,0.020,,2725000000,,105.03,,0.083,0.058,0.055,,69771000000,36097000000,0.483,1295.79,33723000000,2777000000,-1527000000,-1551000000,3659000000,,0.219,,,,,,true,false,12,2017-04-01,2018-03-31,0
2018-05-01,44100,2017-03-31,,71384000000,-0.118,,,,,3975000000,0.631,3931000000,0.219,,2421000000,,93.31,,0.080,0.057,0.056,,67352000000,33813000000,0.470,1219.68,31648000000,6840000000,-2324000000,-6174000000,4002000000,,0.182,,,,,,true,false,12,2016-04-01,2017-03-31,-1
2018-05-01,44100,2019-03-31,,39500000000,0.128,,,,,2100000000,0.172,2100000000,0.172,,1400000000,,53.79,,,,,,,,,,,,,,,,,,,,,,true,true,6,2018-04-01,2018-09-30,1
2018-05-01,44100,2019-03-31,,80000000000,0.091,,,,,4500000000,0.122,4500000000,0.123,,2950000000,,113.35,,,,,,,,,,,,,,,,0.212,,,,,,true,true,12,2018-04-01,2019-03-31,1
2018-05-01,44100,2018-03-31,,3040000000,0.125,,,,,883000000,1.182,1166000000,2.575,1783000000,,2.497,68.72,,,,,,36111000000,27717000000,0.768,1065.04,27717000000,,,,,23.00,,,,26080396,55330,25954164,false,false,12,2017-04-01,2018-03-31,0
2018-05-01,44100,2017-03-31,,2702000000,-0.020,,,,,404000000,-0.390,326000000,-0.699,509000000,,-0.397,19.65,,,,,,36684000000,26455000000,0.721,1019.56,26455000000,,,,,17.00,,,,26080396,132049,25948458,false,false,12,2016-04-01,2017-03-31,-1
2018-05-01,44100,2019-03-31,,,,,,,,,,,,,,,,,,,,,,,,,,,,,,24.00,,,,,,,false,true,12,2018-04-01,2019-03-31,1
2018-07-31,44100,2019-03-31,1,19432000000,0.126,,,,,1008000000,0.142,965000000,0.203,,1690000000,,64.95,,,,,,68953000000,36537000000,0.496,,34215000000,,,,,,,,,,,,true,false,3,2018-04-01,2018-06-30,0
2018-07-31,44100,2018-03-31,1,17261000000,-0.056,,,,,883000000,-0.036,802000000,0.317,,621000000,,23.96,,,,,,,,,,,,,,,,,,,,,,true,false,3,2017-04-01,2017-06-30,-1
2018-07-31,44100,2019-03-31,1,39500000000,0.128,,,,,2100000000,0.172,2100000000,0.172,,1400000000,,53.79,,,,,,,,,,,,,,,,,,,,,,true,true,6,2018-04-01,2018-09-30,0
2018-07-31,44100,2019-03-31,1,80000000000,0.091,,,,,4500000000,0.122,4500000000,0.123,,2950000000,,113.35,,,,,,,,,,,,,,,,,,,,,,true,true,12,2018-04-01,2019-03-31,0
2018-07-31,44100,2018-03-31,1,,,,,,,,,,,,,,,,,,,,69637000000,36097000000,0.484,,33723000000,,,,,,,,,,,,true,false,12,2017-04-01,2018-03-31,-1
2018-07-31,44100,2018-03-31,1,,,,,,,,,,,,,,,,,,,,,,,,,,,,,23.00,,,,26080396,55330,,false,false,12,2017-04-01,2018-03-31,-1
2018-07-31,44100,2019-03-31,1,,,,,,,,,,,,,,,,,,,,,,,,,,,,,24.00,,,,,,,false,true,12,2018-04-01,2019-03-31,0
2018-07-31,44100,2019-03-31,1,,,,,,,,,,,,,,,,,,,,,,,,,,,,,,,,,26080396,55600,26024998,false,false,3,2018-04-01,2018-06-30,0
2018-07-31,44100,2018-03-31,1,,,,,,,,,,,,,,,,,,,,,,,,,,,,,,,,,,,25948347,false,false,3,2017-04-01,2017-06-30,-1
2018-10-30,44100,2019-03-31,2,39404000000,0.126,,,,,2354000000,0.314,2731000000,0.525,,2947000000,,113.26,,,,,,70493000000,37774000000,0.502,,35385000000,,,,,,,,,,,,true,false,6,2018-04-01,2018-09-30,0
2018-10-30,44100,2018-03-31,2,35002000000,-0.033,,,,,1791000000,-0.107,1791000000,0.069,,1284000000,,49.50,,,,,,,,,,,,,,,,,,,,,,true,false,6,2017-04-01,2017-09-30,-1
2018-10-30,44100,2019-03-31,2,80000000000,0.091,,,,,4500000000,0.122,4500000000,0.123,,3700000000,,142.17,,,,,,,,,,,,,,,,,,,,,,true,true,12,2018-04-01,2019-03-31,0
2018-10-30,44100,2018-03-31,2,,,,,,,,,,,,,,,,,,,,69637000000,36097000000,0.484,,33723000000,,,,,,,,,,,,true,false,12,2017-04-01,2018-03-31,-1
2018-10-30,44100,2018-03-31,2,,,,,,,,,,,,,,,,,,,,,,,,,,,,,23.00,,,,26080396,55330,,false,false,12,2017-04-01,2018-03-31,-1
2018-10-30,44100,2019-03-31,2,,,,,,,,,,,,,,,,,,,,,,,,,,,,,17.00,,,,,,,false,false,12,2018-04-01,2019-03-31,0
2018-10-30,44100,2019-03-31,2,,,,,,,,,,,,,,,,,,,,,,,,,,,,,34.00,,,,,,,false,true,12,2018-04-01,2019-03-31,0
2018-10-30,44100,2019-03-31,2,,,,,,,,,,,,,,,,,,,,,,,,,,,,,,,,,26080396,56066,26024830,false,false,6,2018-04-01,2018-09-30,0
2018-10-30,44100,2018-03-31,2,,,,,,,,,,,,,,,,,,,,,,,,,,,,,,,,,,,25948316,false,false,6,2017-04-01,2017-09-30,-1
2019-01-31,44100,2019-03-31,3,59486000000,0.099,,,,,3818000000,0.239,4002000000,0.284,,3688000000,,141.72,,,,,,70979000000,37904000000,0.500,,35499000000,,,,,,,,,,,,true,false,9,2018-04-01,2018-12-31,0
2019-01-31,44100,2018-03-31,3,54121000000,0.008,,,,,3082000000,0.017,3115000000,0.125,,2153000000,,82.99,,,,,,,,,,,,,,,,,,,,,,true,false,9,2017-04-01,2017-12-31,-1
2019-01-31,44100,2019-03-31,3,80000000000,0.091,,,,,4500000000,0.122,4500000000,0.123,,3700000000,,142.17,,,,,,,,,,,,,,,,,,,,,,true,true,12,2018-04-01,2019-03-31,0
2019-01-31,44100,2018-03-31,3,,,,,,,,,,,,,,,,,,,,69637000000,36097000000,0.484,,33723000000,,,,,,,,,,,,true,false,12,2017-04-01,2018-03-31,-1
2019-01-31,44100,2018-03-31,3,,,,,,,,,,,,,,,,,,,,,,,,,,,,,23.00,,,,26080396,55330,,false,false,12,2017-04-01,2018-03-31,-1
2019-01-31,44100,2019-03-31,3,,,,,,,,,,,,,,,,,,,,,,,,,,,,,17.00,,,,,,,false,false,12,2018-04-01,2019-03-31,0
2019-01-31,44100,2019-03-31,3,,,,,,,,,,,,,,,,,,,,,,,,,,,,,34.00,,,,,,,false,true,12,2018-04-01,2019-03-31,0
2019-01-31,44100,2019-03-31,3,,,,,,,,,,,,,,,,,,,,,,,,,,,,,,,,,26080396,56406,26024595,false,false,9,2018-04-01,2018-12-31,0
2019-01-31,44100,2018-03-31,3,,,,,,,,,,,,,,,,,,,,,,,,,,,,,,,,,,,25948274,false,false,9,2017-04-01,2017-12-31,-1
2019-05-08,44100,2019-03-31,,78589000000,0.072,,,,,4667000000,0.164,4818000000,0.202,,4131000000,,159.02,,0.120,0.068,0.059,,72870000000,37811000000,0.485,1378.35,35356000000,4179000000,-5035000000,580000000,3289000000,,0.226,,,,,,true,false,12,2018-04-01,2019-03-31,0
2019-05-08,44100,2018-03-31,,73310000000,0.027,,,,,4010000000,0.009,4008000000,0.020,,2725000000,,105.03,,0.083,0.058,0.055,,69637000000,36097000000,0.484,1295.79,33723000000,2777000000,-1527000000,-1551000000,3659000000,,0.219,,,,,,true,false,12,2017-04-01,2018-03-31,-1
2019-05-08,44100,2020-03-31,,40500000000,0.028,,,,,2100000000,-0.108,2100000000,-0.231,,1500000000,,58.48,,,,,,,,,,,,,,,,,,,,,,true,true,6,2019-04-01,2019-09-30,1
2019-05-08,44100,2020-03-31,,83000000000,0.056,,,,,4700000000,0.007,4700000000,-0.025,,3300000000,,128.65,,,,,,,,,,,,,,,,0.295,,,,,,true,true,12,2019-04-01,2020-03-31,1
2019-05-08,44100,2019-03-31,,3064000000,0.008,,,,,899000000,0.019,990000000,-0.151,379000000,,-0.787,14.60,,,,,,34603000000,26508000000,0.766,1033.41,26508000000,,,,,36.00,,,,26080396,428851,25979564,false,false,12,2018-04-01,2019-03-31,0
2019-05-08,44100,2018-03-31,,3040000000,0.125,,,,,883000000,1.182,1166000000,2.575,1783000000,,2.497,68.72,,,,,,36111000000,27717000000,0.768,1065.04,27717000000,,,,,23.00,,,,26080396,55330,25954164,false,false,12,2017-04-01,2018-03-31,-1
2019-05-08,44100,2020-03-31,,,,,,,,,,,,,,,,,,,,,,,,,,,,,,38.00,,,,,,,false,true,12,2019-04-01,2020-03-31,1
2019-07-31,44100,2020-03-31,1,18175000000,-0.065,,,,,1096000000,0.088,1145000000,0.187,,858000000,,33.63,,,,,,72737000000,37943000000,0.488,,35469000000,,,,,,,,,,,,true,false,3,2019-04-01,2019-06-30,0
2019-07-31,44100,2019-03-31,1,19432000000,0.126,,,,,1008000000,0.142,965000000,0.203,,1690000000,,64.95,,,,,,,,,,,,,,,,,,,,,,true,false,3,2018-04-01,2018-06-30,-1
2019-07-31,44100,2020-03-31,1,40500000000,0.028,,,,,2100000000,-0.108,2100000000,-0.231,,1500000000,,59.01,,,,,,,,,,,,,,,,,,,,,,true,true,6,2019-04-01,2019-09-30,0
2019-07-31,44100,2020-03-31,1,83000000000,0.056,,,,,4700000000,0.007,4700000000,-0.025,,3300000000,,129.83,,,,,,,,,,,,,,,,,,,,,,true,true,12,2019-04-01,2020-03-31,0
2019-07-31,44100,2019-03-31,1,,,,,,,,,,,,,,,,,,,,72870000000,37811000000,0.485,,35356000000,,,,,,,,,,,,true,false,12,2018-04-01,2019-03-31,-1
2019-07-31,44100,2019-03-31,1,,,,,,,,,,,,,,,,,,,,,,,,,,,,,36.00,,,,26080396,428851,,false,false,12,2018-04-01,2019-03-31,-1
2019-07-31,44100,2020-03-31,1,,,,,,,,,,,,,,,,,,,,,,,,,,,,,38.00,,,,,,,false,true,12,2019-04-01,2020-03-31,0
2019-07-31,44100,2020-03-31,1,,,,,,,,,,,,,,,,,,,,,,,,,,,,,,,,,26080396,662677,25531463,false,false,3,2019-04-01,2019-06-30,0
2019-07-31,44100,2019-03-31,1,,,,,,,,,,,,,,,,,,,,,,,,,,,,,,,,,,,26024998,false,false,3,2018-04-01,2018-06-30,-1
2019-10-31,44100,2020-03-31,2,36981000000,-0.062,,,,,2238000000,-0.049,2297000000,-0.159,,1549000000,,60.93,,,,,,70916000000,37837000000,0.499,,35355000000,,,,,,,,,,,,true,false,6,2019-04-01,2019-09-30,0
2019-10-31,44100,2019-03-31,2,39404000000,0.126,,,,,2354000000,0.314,2731000000,0.525,,2947000000,,113.26,,,,,,,,,,,,,,,,,,,,,,true,false,6,2018-04-01,2018-09-30,-1
2019-10-31,44100,2020-03-31,2,75000000000,-0.046,,,,,4000000000,-0.143,4000000000,-0.170,,2800000000,,110.91,,,,,,,,,,,,,,,,,,,,,,true,true,12,2019-04-01,2020-03-31,0
2019-10-31,44100,2019-03-31,2,,,,,,,,,,,,,,,,,,,,72870000000,37811000000,0.485,,35356000000,,,,,,,,,,,,true,false,12,2018-04-01,2019-03-31,-1
2019-10-31,44100,2019-03-31,2,,,,,,,,,,,,,,,,,,,,,,,,,,,,,36.00,,,,26080396,428851,,false,false,12,2018-04-01,2019-03-31,-1
2019-10-31,44100,2020-03-31,2,,,,,,,,,,,,,,,,,,,,,,,,,,,,,19.00,,,,,,,false,false,12,2019-04-01,2020-03-31,0
2019-10-31,44100,2020-03-31,2,,,,,,,,,,,,,,,,,,,,,,,,,,,,,38.00,,,,,,,false,true,12,2019-04-01,2020-03-31,0
2019-10-31,44100,2020-03-31,2,,,,,,,,,,,,,,,,,,,,,,,,,,,,,,,,,26080396,834722,25428159,false,false,6,2019-04-01,2019-09-30,0
2019-10-31,44100,2019-03-31,2,,,,,,,,,,,,,,,,,,,,,,,,,,,,,,,,,,,26024830,false,false,6,2018-04-01,2018-09-30,-1
2020-01-31,44100,2020-03-31,3,55311000000,-0.070,,,,,3440000000,-0.099,3492000000,-0.127,,2187000000,,86.27,,,,,,73682000000,37683000000,0.478,,35220000000,,,,,,,,,,,,true,false,9,2019-04-01,2019-12-31,0
2020-01-31,44100,2019-03-31,3,59486000000,0.099,,,,,3818000000,0.239,4002000000,0.284,,3688000000,,141.72,,,,,,,,,,,,,,,,,,,,,,true,false,9,2018-04-01,2018-12-31,-1
2020-01-31,44100,2020-03-31,3,75000000000,-0.046,,,,,4000000000,-0.143,4000000000,-0.170,,2800000000,,111.38,,,,,,,,,,,,,,,,,,,,,,true,true,12,2019-04-01,2020-03-31,0
2020-01-31,44100,2019-03-31,3,,,,,,,,,,,,,,,,,,,,72870000000,37811000000,0.485,,35356000000,,,,,,,,,,,,true,false,12,2018-04-01,2019-03-31,-1
2020-01-31,44100,2019-03-31,3,,,,,,,,,,,,,,,,,,,,,,,,,,,,,36.00,,,,26080396,428851,,false,false,12,2018-04-01,2019-03-31,-1
2020-01-31,44100,2020-03-31,3,,,,,,,,,,,,,,,,,,,,,,,,,,,,,19.00,,,,,,,false,false,12,2019-04-01,2020-03-31,0
2020-01-31,44100,2020-03-31,3,,,,,,,,,,,,,,,,,,,,,,,,,,,,,38.00,,,,,,,false,true,12,2019-04-01,2020-03-31,0
2020-01-31,44100,2020-03-31,3,,,,,,,,,,,,,,,,,,,,,,,,,,,,,,,,,26080396,941459,25351070,false,false,9,2019-04-01,2019-12-31,0
2020-01-31,44100,2019-03-31,3,,,,,,,,,,,,,,,,,,,,,,,,,,,,,,,,,,,26024595,false,false,9,2018-04-01,2018-12-31,-1
2020-05-01,44100,2020-03-31,,71799000000,-0.086,,,,,3752000000,-0.196,3589000000,-0.255,,2217000000,,87.67,,0.063,0.050,0.052,,71395000000,37745000000,0.492,1399.48,35134000000,6186000000,-3463000000,-2045000000,3911000000,,0.433,,,,,,true,false,12,2019-04-01,2020-03-31,0
2020-05-01,44100,2019-03-31,,78589000000,0.072,,,,,4667000000,0.164,4818000000,0.202,,4131000000,,159.02,,0.120,0.068,0.059,,72870000000,37811000000,0.485,1378.35,35356000000,4179000000,-5035000000,580000000,3289000000,,0.226,,,,,,true,false,12,2018-04-01,2019-03-31,-1
2020-05-01,44100,2021-03-31,,34500000000,-0.067,,,,,650000000,-0.710,650000000,-0.717,,450000000,,17.92,,,,,,,,,,,,,,,,,,,,,,true,true,6,2020-04-01,2020-09-30,1
2020-05-01,44100,2021-03-31,,73000000000,0.017,,,,,1900000000,-0.494,1900000000,-0.471,,1350000000,,53.77,,,,,,,,,,,,,,,,0.707,,,,,,true,true,12,2020-04-01,2021-03-31,1
2020-05-01,44100,2020-03-31,,2930000000,-0.044,,,,,811000000,-0.098,900000000,-0.090,984000000,,1.597,38.93,,,,,,35257000000,25555000000,0.725,1017.93,25555000000,,,,,38.00,,,,26080396,974643,25294471,false,false,12,2019-04-01,2020-03-31,0
2020-05-01,44100,2019-03-31,,3064000000,0.008,,,,,899000000,0.019,990000000,-0.151,379000000,,-0.787,14.60,,,,,,34603000000,26508000000,0.766,1033.41,26508000000,,,,,36.00,,,,26080396,428851,25979564,false,false,12,2018-04-01,2019-03-31,-1
2020-05-01,44100,2021-03-31,,,,,,,,,,,,,,,,,,,,,,,,,,,,,,38.00,,,,,,,false,true,12,2020-04-01,2021-03-31,1
2020-07-31,44100,2021-03-31,1,15804000000,-0.130,,,,,142000000,-0.870,269000000,-0.765,,353000000,,14.09,,,,,,70523000000,36532000000,0.484,,34127000000,,,,,,,,,,,,true,false,3,2020-04-01,2020-06-30,0
2020-07-31,44100,2020-03-31,1,18175000000,-0.065,,,,,1096000000,0.088,1145000000,0.187,,858000000,,33.63,,,,,,,,,,,,,,,,,,,,,,true,false,3,2019-04-01,2019-06-30,-1
2020-07-31,44100,2021-03-31,1,34500000000,-0.067,,,,,650000000,-0.710,650000000,-0.717,,450000000,,17.92,,,,,,,,,,,,,,,,,,,,,,true,true,6,2020-04-01,2020-09-30,0
2020-07-31,44100,2021-03-31,1,73000000000,0.017,,,,,1900000000,-0.494,1900000000,-0.471,,1350000000,,53.77,,,,,,,,,,,,,,,,,,,,,,true,true,12,2020-04-01,2021-03-31,0
2020-07-31,44100,2020-03-31,1,,,,,,,,,,,,,,,,,,,,71395000000,37745000000,0.492,,35134000000,,,,,,,,,,,,true,false,12,2019-04-01,2020-03-31,-1
2020-07-31,44100,2020-03-31,1,,,,,,,,,,,,,,,,,,,,,,,,,,,,,38.00,,,,26080396,974643,,false,false,12,2019-04-01,2020-03-31,-1
2020-07-31,44100,2021-03-31,1,,,,,,,,,,,,,,,,,,,,,,,,,,,,,38.00,,,,,,,false,true,12,2020-04-01,2021-03-31,0
2020-07-31,44100,2021-03-31,1,,,,,,,,,,,,,,,,,,,,,,,,,,,,,,,,,26080396,974712,25105711,false,false,3,2020-04-01,2020-06-30,0
2020-07-31,44100,2020-03-31,1,,,,,,,,,,,,,,,,,,,,,,,,,,,,,,,,,,,25531463,false,false,3,2019-04-01,2019-06-30,-1
2020-10-30,44100,2021-03-31,2,30105000000,-0.186,,,,,356000000,-0.841,157000000,-0.932,,343000000,,13.67,,,,,,68239000000,36699000000,0.501,,34191000000,,,,,,,,,,,,true,false,6,2020-04-01,2020-09-30,0
2020-10-30,44100,2020-03-31,2,36981000000,-0.062,,,,,2238000000,-0.049,2297000000,-0.159,,1549000000,,60.93,,,,,,,,,,,,,,,,,,,,,,true,false,6,2019-04-01,2019-09-30,-1
2020-10-30,44100,2021-03-31,2,62000000000,-0.136,,,,,1100000000,-0.707,900000000,-0.749,,1150000000,,45.75,,,,,,,,,,,,,,,,,,,,,,true,true,12,2020-04-01,2021-03-31,0
2020-10-30,44100,2020-03-31,2,,,,,,,,,,,,,,,,,,,,71395000000,37745000000,0.492,,35134000000,,,,,,,,,,,,true,false,12,2019-04-01,2020-03-31,-1
2020-10-30,44100,2020-03-31,2,,,,,,,,,,,,,,,,,,,,,,,,,,,,,38.00,,,,26080396,974643,,false,false,12,2019-04-01,2020-03-31,-1
2020-10-30,44100,2021-03-31,2,,,,,,,,,,,,,,,,,,,,,,,,,,,,,19.00,,,,,,,false,false,12,2020-04-01,2021-03-31,0
2020-10-30,44100,2021-03-31,2,,,,,,,,,,,,,,,,,,,,,,,,,,,,,38.00,,,,,,,false,true,12,2020-04-01,2021-03-31,0
2020-10-30,44100,2021-03-31,2,,,,,,,,,,,,,,,,,,,,,,,,,,,,,,,,,26080396,946459,25117817,false,false,6,2020-04-01,2020-09-30,0
2020-10-30,44100,2020-03-31,2,,,,,,,,,,,,,,,,,,,,,,,,,,,,,,,,,,,25428159,false,false,6,2019-04-01,2019-09-30,-1
2021-01-29,44100,2021-03-31,3,45966000000,-0.169,,,,,963000000,-0.720,638000000,-0.817,,749000000,,29.83,,,,,,70642000000,36664000000,0.481,,33974000000,,,,,,,,,,,,true,false,9,2020-04-01,2020-12-31,0
2021-01-29,44100,2020-03-31,3,55311000000,-0.070,,,,,3440000000,-0.099,3492000000,-0.127,,2187000000,,86.27,,,,,,,,,,,,,,,,,,,,,,true,false,9,2019-04-01,2019-12-31,-1
2021-01-29,44100,2021-03-31,3,62000000000,-0.136,,,,,1100000000,-0.707,900000000,-0.749,,1150000000,,45.75,,,,,,,,,,,,,,,,,,,,,,true,true,12,2020-04-01,2021-03-31,0
2021-01-29,44100,2020-03-31,3,,,,,,,,,,,,,,,,,,,,71395000000,37745000000,0.492,,35134000000,,,,,,,,,,,,true,false,12,2019-04-01,2020-03-31,-1
2021-01-29,44100,2020-03-31,3,,,,,,,,,,,,,,,,,,,,,,,,,,,,,38.00,,,,26080396,974643,,false,false,12,2019-04-01,2020-03-31,-1
2021-01-29,44100,2021-03-31,3,,,,,,,,,,,,,,,,,,,,,,,,,,,,,19.00,,,,,,,false,false,12,2020-04-01,2021-03-31,0
2021-01-29,44100,2021-03-31,3,,,,,,,,,,,,,,,,,,,,,,,,,,,,,38.00,,,,,,,false,true,12,2020-04-01,2021-03-31,0
2021-01-29,44100,2021-03-31,3,,,,,,,,,,,,,,,,,,,,,,,,,,,,,,,,,26080396,946459,25122653,false,false,9,2020-04-01,2020-12-31,0
2021-01-29,44100,2020-03-31,3,,,,,,,,,,,,,,,,,,,,,,,,,,,,,,,,,,,25351070,false,false,9,2019-04-01,2019-12-31,-1
2021-04-30,44100,2021-03-31,,62850000000,-0.125,,,,,1576000000,-0.580,1093000000,-0.695,,1091000000,,43.44,,0.031,0.016,0.025,,69390000000,37441000000,0.498,1375.27,34565000000,3007000000,-1858000000,-1564000000,3421000000,,0.875,,,,,,true,false,12,2020-04-01,2021-03-31,0
2021-04-30,44100,2020-03-31,,71799000000,-0.086,,,,,3752000000,-0.196,3589000000,-0.255,,2217000000,,87.67,,0.063,0.050,0.052,,71395000000,37745000000,0.492,1399.48,35134000000,6186000000,-3463000000,-2045000000,3911000000,,0.433,,,,,,true,false,12,2019-04-01,2020-03-31,-1
2021-04-30,44100,2022-03-31,,33400000000,0.109,,,,,880000000,1.470,880000000,4.595,,450000000,,17.90,,,,,,,,,,,,,,,,,,,,,,true,true,6,2021-04-01,2021-09-30,1
2021-04-30,44100,2022-03-31,,68500000000,0.090,,,,,2500000000,0.585,2500000000,1.286,,1250000000,,49.73,,,,,,,,,,,,,,,,0.764,,,,,,true,true,12,2021-04-01,2022-03-31,1
2021-04-30,44100,2021-03-31,,2369000000,-0.191,,,,,274000000,-0.662,368000000,-0.591,1744000000,,0.771,69.42,,,,,,34285000000,25859000000,0.754,1028.86,25859000000,,,,,38.00,,,,26080396,946459,25125257,false,false,12,2020-04-01,2021-03-31,0
2021-04-30,44100,2020-03-31,,2930000000,-0.044,,,,,811000000,-0.098,900000000,-0.090,984000000,,1.597,38.93,,,,,,35257000000,25555000000,0.725,1017.93,25555000000,,,,,38.00,,,,26080396,974643,25294471,false,false,12,2019-04-01,2020-03-31,-1
2021-04-30,44100,2022-03-31,,,,,,,,,,,,,,,,,,,,,,,,,,,,,,38.00,,,,,,,false,true,12,2021-04-01,2022-03-31,1
2021-07-30,44100,2022-03-31,1,17460000000,0.105,,,,,801000000,4.623,1021000000,2.791,,656000000,,26.14,,,,,,71867000000,38370000000,0.493,,35462000000,,,,,,,,,,,,true,false,3,2021-04-01,2021-06-30,0
2021-07-30,44100,2021-03-31,1,15804000000,-0.130,,,,,142000000,-0.870,269000000,-0.765,,353000000,,14.09,,,,,,,,,,,,,,,,,,,,,,true,false,3,2020-04-01,2020-06-30,-1
2021-07-30,44100,2022-03-31,1,36000000000,0.196,,,,,1800000000,4.052,1800000000,,,900000000,,35.80,,,,,,,,,,,,,,,,,,,,,,true,true,6,2021-04-01,2021-09-30,0
2021-07-30,44100,2022-03-31,1,76500000000,0.217,,,,,3100000000,0.966,3100000000,1.835,,1600000000,,63.66,,,,,,,,,,,,,,,,,,,,,,true,true,12,2021-04-01,2022-03-31,0
2021-07-30,44100,2021-03-31,1,,,,,,,,,,,,,,,,,,,,69390000000,37441000000,0.498,,34565000000,,,,,,,,,,,,true,false,12,2020-04-01,2021-03-31,-1
2021-07-30,44100,2021-03-31,1,,,,,,,,,,,,,,,,,,,,,,,,,,,,,38.00,,,,26080396,946459,,false,false,12,2020-04-01,2021-03-31,-1
2021-07-30,44100,2022-03-31,1,,,,,,,,,,,,,,,,,,,,,,,,,,,,,38.00,,,,,,,false,true,12,2021-04-01,2022-03-31,0
2021-07-30,44100,2022-03-31,1,,,,,,,,,,,,,,,,,,,,,,,,,,,,,,,,,26080396,946459,25133937,false,false,3,2021-04-01,2021-06-30,0
2021-07-30,44100,2021-03-31,1,,,,,,,,,,,,,,,,,,,,,,,,,,,,,,,,,,,25105711,false,false,3,2020-04-01,2020-06-30,-1
2021-10-29,44100,2022-03-31,2,36343000000,0.207,,,,,1948000000,4.467,2031000000,,,1253000000,,49.83,,,,,,73839000000,39648000000,0.495,,36586000000,,,,,,,,,,,,true,false,6,2021-04-01,2021-09-30,0
2021-10-29,44100,2021-03-31,2,30105000000,-0.186,,,,,356000000,-0.841,157000000,-0.932,,343000000,,13.67,,,,,,,,,,,,,,,,,,,,,,true,false,6,2020-04-01,2020-09-30,-1
2021-10-29,44100,2022-03-31,2,76800000000,0.222,,,,,3500000000,1.220,3500000000,2.200,,1700000000,,67.55,,,,,,,,,,,,,,,,,,,,,,true,true,12,2021-04-01,2022-03-31,0
2021-10-29,44100,2021-03-31,2,,,,,,,,,,,,,,,,,,,,69390000000,37441000000,0.498,,34565000000,,,,,,,,,,,,true,false,12,2020-04-01,2021-03-31,-1
2021-10-29,44100,2021-03-31,2,,,,,,,,,,,,,,,,,,,,,,,,,,,,,38.00,,,,26080396,946459,,false,false,12,2020-04-01,2021-03-31,-1
2021-10-29,44100,2022-03-31,2,,,,,,,,,,,,,,,,,,,,,,,,,,,,,19.00,,,,,,,false,false,12,2021-04-01,2022-03-31,0
2021-10-29,44100,2022-03-31,2,,,,,,,,,,,,,,,,,,,,,,,,,,,,,38.00,,,,,,,false,true,12,2021-04-01,2022-03-31,0
2021-10-29,44100,2022-03-31,2,,,,,,,,,,,,,,,,,,,,,,,,,,,,,,,,,26080396,914607,25147588,false,false,6,2021-04-01,2021-09-30,0
2021-10-29,44100,2021-03-31,2,,,,,,,,,,,,,,,,,,,,,,,,,,,,,,,,,,,25117817,false,false,6,2020-04-01,2020-09-30,-1
2022-01-31,44100,2022-03-31,3,56045000000,0.219,,,,,2990000000,2.104,3205000000,4.021,,1984000000,,78.91,,,,,,76925000000,39878000000,0.477,,36684000000,,,,,,,,,,,,true,false,9,2021-04-01,2021-12-31,0
2022-01-31,44100,2021-03-31,3,45966000000,-0.169,,,,,963000000,-0.720,638000000,-0.817,,749000000,,29.83,,,,,,,,,,,,,,,,,,,,,,true,false,9,2020-04-01,2020-12-31,-1
2022-01-31,44100,2022-03-31,3,76800000000,0.222,,,,,3500000000,1.220,3500000000,2.200,,1700000000,,67.55,,,,,,,,,,,,,,,,,,,,,,true,true,12,2021-04-01,2022-03-31,0
2022-01-31,44100,2021-03-31,3,,,,,,,,,,,,,,,,,,,,69390000000,37441000000,0.498,,34565000000,,,,,,,,,,,,true,false,12,2020-04-01,2021-03-31,-1
2022-01-31,44100,2021-03-31,3,,,,,,,,,,,,,,,,,,,,,,,,,,,,,38.00,,,,26080396,946459,,false,false,12,2020-04-01,2021-03-31,-1
2022-01-31,44100,2022-03-31,3,,,,,,,,,,,,,,,,,,,,,,,,,,,,,19.00,,,,,,,false,false,12,2021-04-01,2022-03-31,0
2022-01-31,44100,2022-03-31,3,,,,,,,,,,,,,,,,,,,,,,,,,,,,,38.00,,,,,,,false,true,12,2021-04-01,2022-03-31,0
2022-01-31,44100,2022-03-31,3,,,,,,,,,,,,,,,,,,,,,,,,,,,,,,,,,26080396,914607,25153048,false,false,9,2021-04-01,2021-12-31,0
2022-01-31,44100,2021-03-31,3,,,,,,,,,,,,,,,,,,,,,,,,,,,,,,,,,,,25122653,false,false,9,2020-04-01,2020-12-31,-1
2022-04-28,44100,2022-03-31,,76093000000,0.211,,,,,3250000000,1.062,3433000000,2.140,,1746000000,,69.42,,0.049,0.046,0.043,,78905000000,40104000000,0.466,1459.97,36741000000,2833000000,-3438000000,2106000000,5338000000,,0.547,,,,,,true,false,12,2021-04-01,2022-03-31,0
2022-04-28,44100,2021-03-31,,62850000000,-0.125,,,,,1576000000,-0.580,1093000000,-0.695,,1091000000,,43.44,,0.031,0.016,0.025,,69390000000,37441000000,0.498,1375.27,34565000000,3007000000,-1858000000,-1564000000,3421000000,,0.875,,,,,,true,false,12,2020-04-01,2021-03-31,-1
2022-04-28,44100,2023-03-31,,44000000000,0.211,,,,,1000000000,-0.487,1400000000,-0.311,,1000000000,,39.74,,,,,,,,,,,,,,,,,,,,,,true,true,6,2022-04-01,2022-09-30,1
2022-04-28,44100,2023-03-31,,88000000000,0.156,,,,,2000000000,-0.385,2800000000,-0.185,,2000000000,,79.47,,,,,,,,,,,,,,,,0.478,,,,,,true,true,12,2022-04-01,2023-03-31,1
2022-04-28,44100,2022-03-31,,1961000000,-0.172,,,,,-184000000,,-221000000,,-81000000,,,-3.23,,,,,,36450000000,24749000000,0.679,983.46,24749000000,,,,,38.00,,,,26080396,914657,25155981,false,false,12,2021-04-01,2022-03-31,0
2022-04-28,44100,2021-03-31,,2369000000,-0.191,,,,,274000000,-0.662,368000000,-0.591,1744000000,,0.771,69.42,,,,,,34285000000,25859000000,0.754,1028.86,25859000000,,,,,38.00,,,,26080396,946459,25125257,false,false,12,2020-04-01,2021-03-31,-1
2022-04-28,44100,2023-03-31,,,,,,,,,,,,,,,,,,,,,,,,,,,,,,38.00,,,,,,,false,true,12,2022-04-01,2023-03-31,1
2022-08-01,44100,2023-03-31,1,22184000000,0.271,,,,,1340000000,0.672,1643000000,0.609,,895000000,,35.57,,,,,,87799000000,42025000000,0.439,,38503000000,,,,,,,,,,,,true,false,3,2022-04-01,2022-06-30,0
2022-08-01,44100,2022-03-31,1,17460000000,0.105,,,,,801000000,4.623,1021000000,2.791,,656000000,,26.14,,,,,,,,,,,,,,,,,,,,,,true,false,3,2021-04-01,2021-06-30,-1
2022-08-01,44100,2023-03-31,1,46000000000,0.266,,,,,1900000000,-0.025,2600000000,0.280,,1800000000,,71.53,,,,,,,,,,,,,,,,,,,,,,true,true,6,2022-04-01,2022-09-30,0
2022-08-01,44100,2023-03-31,1,99000000000,0.301,,,,,2700000000,-0.169,3400000000,-0.010,,2500000000,,99.34,,,,,,,,,,,,,,,,,,,,,,true,true,12,2022-04-01,2023-03-31,0
2022-08-01,44100,2022-03-31,1,,,,,,,,,,,,,,,,,,,,78905000000,40104000000,0.466,,36741000000,,,,,,,,,,,,true,false,12,2021-04-01,2022-03-31,-1
2022-08-01,44100,2022-03-31,1,,,,,,,,,,,,,,,,,,,,,,,,,,,,,38.00,,,,26080396,914657,,false,false,12,2021-04-01,2022-03-31,-1
2022-08-01,44100,2023-03-31,1,,,,,,,,,,,,,,,,,,,,,,,,,,,,,42.00,,,,,,,false,true,12,2022-04-01,2023-03-31,0
2022-08-01,44100,2023-03-31,1,,,,,,,,,,,,,,,,,,,,,,,,,,,,,,,,,26080396,914682,25165733,false,false,3,2022-04-01,2022-06-30,0
2022-08-01,44100,2022-03-31,1,,,,,,,,,,,,,,,,,,,,,,,,,,,,,,,,,,,25133937,false,false,3,2021-04-01,2021-06-30,-1
2022-10-31,44100,2023-03-31,2,46897000000,0.290,,,,,2199000000,0.129,2796000000,0.376,,1491000000,,59.52,,,,,,94254000000,43769000000,0.424,,39955000000,,,,,,,,,,,,true,false,6,2022-04-01,2022-09-30,0
2022-10-31,44100,2022-03-31,2,36343000000,0.207,,,,,1948000000,4.467,2031000000,,,1253000000,,49.83,,,,,,,,,,,,,,,,,,,,,,true,false,6,2021-04-01,2021-09-30,-1
2022-10-31,44100,2023-03-31,2,99000000000,0.301,,,,,2700000000,-0.169,3400000000,-0.010,,2500000000,,100.99,,,,,,,,,,,,,,,,,,,,,,true,true,12,2022-04-01,2023-03-31,0
2022-10-31,44100,2022-03-31,2,,,,,,,,,,,,,,,,,,,,78905000000,40104000000,0.466,,36741000000,,,,,,,,,,,,true,false,12,2021-04-01,2022-03-31,-1
2022-10-31,44100,2022-03-31,2,,,,,,,,,,,,,,,,,,,,,,,,,,,,,38.00,,,,26080396,914657,,false,false,12,2021-04-01,2022-03-31,-1
2022-10-31,44100,2023-03-31,2,,,,,,,,,,,,,,,,,,,,,,,,,,,,,21.00,,,,,,,false,false,12,2022-04-01,2023-03-31,0
2022-10-31,44100,2023-03-31,2,,,,,,,,,,,,,,,,,,,,,,,,,,,,,42.00,,,,,,,false,true,12,2022-04-01,2023-03-31,0
2022-10-31,44100,2023-03-31,2,,,,,,,,,,,,,,,,,,,,,,,,,,,,,,,,,26080396,1325414,25063997,false,false,6,2022-04-01,2022-09-30,0
2022-10-31,44100,2022-03-31,2,,,,,,,,,,,,,,,,,,,,,,,,,,,,,,,,,,,25147588,false,false,6,2021-04-01,2021-09-30,-1
2023-01-31,44100,2023-03-31,3,71820000000,0.281,,,,,2477000000,-0.172,3413000000,0.065,,1984000000,,79.67,,,,,,94415000000,43556000000,0.420,,39623000000,,,,,,,,,,,,true,false,9,2022-04-01,2022-12-31,0
2023-01-31,44100,2022-03-31,3,56045000000,0.219,,,,,2990000000,2.104,3205000000,4.021,,1984000000,,78.91,,,,,,,,,,,,,,,,,,,,,,true,false,9,2021-04-01,2021-12-31,-1
2023-01-31,44100,2023-03-31,3,99000000000,0.301,,,,,2700000000,-0.169,3400000000,-0.010,,2500000000,,102.15,,,,,,,,,,,,,,,,,,,,,,true,true,12,2022-04-01,2023-03-31,0
2023-01-31,44100,2022-03-31,3,,,,,,,,,,,,,,,,,,,,78905000000,40104000000,0.466,,36741000000,,,,,,,,,,,,true,false,12,2021-04-01,2022-03-31,-1
2023-01-31,44100,2022-03-31,3,,,,,,,,,,,,,,,,,,,,,,,,,,,,,38.00,,,,26080396,914657,,false,false,12,2021-04-01,2022-03-31,-1
2023-01-31,44100,2023-03-31,3,,,,,,,,,,,,,,,,,,,,,,,,,,,,,21.00,,,,,,,false,false,12,2022-04-01,2023-03-31,0
2023-01-31,44100,2023-03-31,3,,,,,,,,,,,,,,,,,,,,,,,,,,,,,42.00,,,,,,,false,true,12,2022-04-01,2023-03-31,0
2023-01-31,44100,2023-03-31,3,,,,,,,,,,,,,,,,,,,,,,,,,,,,,,,,,26080396,1607114,24913282,false,false,9,2022-04-01,2022-12-31,0
2023-01-31,44100,2022-03-31,3,,,,,,,,,,,,,,,,,,,,,,,,,,,,,,,,,,,25153048,false,false,9,2021-04-01,2021-12-31,-1
2023-04-28,44100,2023-03-31,,94510000000,0.242,,,,,1706000000,-0.475,2541000000,-0.260,,885000000,,35.76,,0.024,0.030,0.018,,92439000000,40820000000,0.401,1533.01,37102000000,-466000000,-6649000000,7657000000,6218000000,,1.175,,,,,,true,false,12,2022-04-01,2023-03-31,0
2023-04-28,44100,2022-03-31,,76093000000,0.211,,,,,3250000000,1.062,3433000000,2.140,,1746000000,,69.42,,0.049,0.046,0.043,,78905000000,40104000000,0.466,1459.97,36741000000,2833000000,-3438000000,2106000000,5338000000,,0.547,,,,,,true,false,12,2021-04-01,2022-03-31,-1
2023-04-28,44100,2024-03-31,,51900000000,0.107,,,,,750000000,-0.659,950000000,-0.660,,650000000,,26.86,,,,,,,,,,,,,,,,,,,,,,true,true,6,2023-04-01,2023-09-30,1
2023-04-28,44100,2024-03-31,,105500000000,0.116,,,,,2000000000,0.172,2400000000,-0.056,,1700000000,,70.24,,,,,,,,,,,,,,,,0.598,,,,,,true,true,12,2023-04-01,2024-03-31,1
2023-04-28,44100,2023-03-31,,2811000000,0.433,,,,,366000000,,460000000,,52000000,,,2.11,,,,,,41861000000,22762000000,0.544,940.49,22762000000,,,,,42.00,,,,26080396,1878064,24769475,false,false,12,2022-04-01,2023-03-31,0
2023-04-28,44100,2022-03-31,,1961000000,-0.172,,,,,-184000000,,-221000000,,-81000000,,,-3.23,,,,,,36450000000,24749000000,0.679,983.46,24749000000,,,,,38.00,,,,26080396,914657,25155981,false,false,12,2021-04-01,2022-03-31,-1
2023-04-28,44100,2024-03-31,,,,,,,,,,,,,,,,,,,,,,,,,,,,,,42.00,,,,,,,false,true,12,2023-04-01,2024-03-31,1
2023-07-31,44100,2024-03-31,1,22596000000,0.019,,,,,-372000000,,-238000000,,,-138000000,,-5.72,,,,,,94770000000,40284000000,0.390,,36947000000,,,,,,,,,,,,true,false,3,2023-04-01,2023-06-30,0
2023-07-31,44100,2023-03-31,1,22184000000,0.271,,,,,1340000000,0.672,1643000000,0.609,,895000000,,35.57,,,,,,,,,,,,,,,,,,,,,,true,false,3,2022-04-01,2022-06-30,-1
2023-07-31,44100,2024-03-31,1,45200000000,-0.036,,,,,-1200000000,,-1050000000,,,-900000000,,-37.19,,,,,,,,,,,,,,,,,,,,,,true,true,6,2023-04-01,2023-09-30,0
2023-07-31,44100,2024-03-31,1,91000000000,-0.037,,,,,-1400000000,,-1300000000,,,-1450000000,,-59.91,,,,,,,,,,,,,,,,,,,,,,true,true,12,2023-04-01,2024-03-31,0
2023-07-31,44100,2023-03-31,1,,,,,,,,,,,,,,,,,,,,92439000000,40820000000,0.401,,37102000000,,,,,,,,,,,,true,false,12,2022-04-01,2023-03-31,-1
2023-07-31,44100,2023-03-31,1,,,,,,,,,,,,,,,,,,,,,,,,,,,,,42.00,,,,26080396,1878064,,false,false,12,2022-04-01,2023-03-31,-1
2023-07-31,44100,2024-03-31,1,,,,,,,,,,,,,,,,,,,,,,,,,,,,,42.00,,,,,,,false,true,12,2023-04-01,2024-03-31,0
2023-07-31,44100,2024-03-31,1,,,,,,,,,,,,,,,,,,,,,,,,,,,,,,,,,26080396,1878064,24202332,false,false,3,2023-04-01,2023-06-30,0
2023-07-31,44100,2023-03-31,1,,,,,,,,,,,,,,,,,,,,,,,,,,,,,,,,,,,25165733,false,false,3,2022-04-01,2022-06-30,-1
2023-10-31,44100,2024-03-31,2,45272000000,-0.035,,,,,-607000000,,-304000000,,,-406000000,,-16.79,,,,,,100506000000,41610000000,0.379,,38103000000,,,,,,,,,,,,true,false,6,2023-04-01,2023-09-30,0
2023-10-31,44100,2023-03-31,2,46897000000,0.290,,,,,2199000000,0.129,2796000000,0.376,,1491000000,,59.52,,,,,,,,,,,,,,,,,,,,,,true,false,6,2022-04-01,2022-09-30,-1
2023-10-31,44100,2024-03-31,2,91000000000,-0.037,,,,,-1400000000,,-1300000000,,,-1450000000,,-59.83,,,,,,,,,,,,,,,,,,,,,,true,true,12,2023-04-01,2024-03-31,0
2023-10-31,44100,2023-03-31,2,,,,,,,,,,,,,,,,,,,,92439000000,40820000000,0.401,,37102000000,,,,,,,,,,,,true,false,12,2022-04-01,2023-03-31,-1
2023-10-31,44100,2023-03-31,2,,,,,,,,,,,,,,,,,,,,,,,,,,,,,42.00,,,,26080396,1878064,,false,false,12,2022-04-01,2023-03-31,-1
2023-10-31,44100,2024-03-31,2,,,,,,,,,,,,,,,,,,,,,,,,,,,,,21.00,,,,,,,false,false,12,2023-04-01,2024-03-31,0
2023-10-31,44100,2024-03-31,2,,,,,,,,,,,,,,,,,,,,,,,,,,,,,42.00,,,,,,,false,true,12,2023-04-01,2024-03-31,0
2023-10-31,44100,2024-03-31,2,,,,,,,,,,,,,,,,,,,,,,,,,,,,,,,,,26080396,1846843,24215727,false,false,6,2023-04-01,2023-09-30,0
2023-10-31,44100,2023-03-31,2,,,,,,,,,,,,,,,,,,,,,,,,,,,,,,,,,,,25063997,false,false,6,2022-04-01,2022-09-30,-1
2024-01-31,44100,2024-03-31,3,69606000000,-0.031,,,,,-193000000,,194000000,-0.943,,-108000000,,-4.47,,,,,,106403000000,42097000000,0.361,,38444000000,,,,,,,,,,,,true,false,9,2023-04-01,2023-12-31,0
2024-01-31,44100,2023-03-31,3,71820000000,0.281,,,,,2477000000,-0.172,3413000000,0.065,,1984000000,,79.67,,,,,,,,,,,,,,,,,,,,,,true,false,9,2022-04-01,2022-12-31,-1
2024-01-31,44100,2024-03-31,3,93000000000,-0.016,,,,,-450000000,,-450000000,,,-800000000,,-33.01,,,,,,,,,,,,,,,,,,,,,,true,true,12,2023-04-01,2024-03-31,0
2024-01-31,44100,2023-03-31,3,,,,,,,,,,,,,,,,,,,,92439000000,40820000000,0.401,,37102000000,,,,,,,,,,,,true,false,12,2022-04-01,2023-03-31,-1
2024-01-31,44100,2023-03-31,3,,,,,,,,,,,,,,,,,,,,,,,,,,,,,42.00,,,,26080396,1878064,,false,false,12,2022-04-01,2023-03-31,-1
2024-01-31,44100,2024-03-31,3,,,,,,,,,,,,,,,,,,,,,,,,,,,,,21.00,,,,,,,false,false,12,2023-04-01,2024-03-31,0
2024-01-31,44100,2024-03-31,3,,,,,,,,,,,,,,,,,,,,,,,,,,,,,42.00,,,,,,,false,true,12,2023-04-01,2024-03-31,0
2024-01-31,44100,2024-03-31,3,,,,,,,,,,,,,,,,,,,,,,,,,,,,,,,,,26080396,1846843,24221075,false,false,9,2023-04-01,2023-12-31,0
2024-01-31,44100,2023-03-31,3,,,,,,,,,,,,,,,,,,,,,,,,,,,,,,,,,,,24913282,false,false,9,2022-04-01,2022-12-31,-1
2024-04-30,44100,2024-03-31,,92330000000,-0.023,,,,,-211000000,,-275000000,,,-1161000000,,-47.96,,-0.031,-0.003,-0.002,,98583000000,40881000000,0.378,1535.78,37217000000,353000000,-3197000000,2895000000,6633000000,,,,,,,,true,false,12,2023-04-01,2024-03-31,0
2024-04-30,44100,2023-03-31,,94510000000,0.242,,,,,1706000000,-0.475,2541000000,-0.260,,885000000,,35.76,,0.024,0.030,0.018,,92439000000,40820000000,0.401,1533.01,37102000000,-466000000,-6649000000,7657000000,6218000000,,1.175,,,,,,true,false,12,2022-04-01,2023-03-31,-1
2024-04-30,44100,2025-03-31,,49300000000,0.089,,,,,680000000,,680000000,,,470000000,,19.39,,,,,,,,,,,,,,,,,,,,,,true,true,6,2024-04-01,2024-09-30,1
2024-04-30,44100,2025-03-31,,102000000000,0.105,,,,,2100000000,,2100000000,,,1450000000,,59.83,,,,,,,,,,,,,,,,0.702,,,,,,true,true,12,2024-04-01,2025-03-31,1
2024-04-30,44100,2024-03-31,,3160000000,0.124,,,,,711000000,0.942,894000000,0.945,688000000,,12.177,28.43,,,,,,49381000000,22938000000,0.465,946.58,22938000000,,,,,42.00,,,,26080396,1846943,24223939,false,false,12,2023-04-01,2024-03-31,0
2024-04-30,44100,2023-03-31,,2811000000,0.433,,,,,366000000,,460000000,,52000000,,,2.11,,,,,,41861000000,22762000000,0.544,940.49,22762000000,,,,,42.00,,,,26080396,1878064,24769475,false,false,12,2022-04-01,2023-03-31,-1
2024-04-30,44100,2025-03-31,,,,,,,,,,,,,,,,,,,,,,,,,,,,,,42.00,,,,,,,false,true,12,2024-04-01,2025-03-31,1
2024-07-31,44100,2025-03-31,1,23807000000,0.054,,,,,481000000,,479000000,,,365000000,,15.07,,,,,,99529000000,37766000000,0.373,,37103000000,,,,,,,,,,,,true,false,3,2024-04-01,2024-06-30,0
2024-07-31,44100,2024-03-31,1,22596000000,0.019,,,,,-372000000,,-238000000,,,-138000000,,-5.72,,,,,,,,,,,,,,,,,,,,,,true,false,3,2023-04-01,2023-06-30,-1
2024-07-31,44100,2025-03-31,1,49300000000,0.089,,,,,680000000,,680000000,,,470000000,,19.39,,,,,,,,,,,,,,,,,,,,,,true,true,6,2024-04-01,2024-09-30,0
2024-07-31,44100,2025-03-31,1,102000000000,0.105,,,,,2100000000,,2100000000,,,1450000000,,59.83,,,,,,,,,,,,,,,,,,,,,,true,true,12,2024-04-01,2025-03-31,0
2024-07-31,44100,2024-03-31,1,,,,,,,,,,,,,,,,,,,,98583000000,40881000000,0.378,,37217000000,,,,,,,,,,,,true,false,12,2023-04-01,2024-03-31,-1
2024-07-31,44100,2024-03-31,1,,,,,,,,,,,,,,,,,,,,,,,,,,,,,42.00,,,,26080396,1846943,,false,false,12,2023-04-01,2024-03-31,-1
2024-07-31,44100,2025-03-31,1,,,,,,,,,,,,,,,,,,,,,,,,,,,,,42.00,,,,,,,false,true,12,2024-04-01,2025-03-31,0
2024-07-31,44100,2025-03-31,1,,,,,,,,,,,,,,,,,,,,,,,,,,,,,,,,,26080396,1846943,24233453,false,false,3,2024-04-01,2024-06-30,0
2024-07-31,44100,2024-03-31,1,,,,,,,,,,,,,,,,,,,,,,,,,,,,,,,,,,,24202332,false,false,3,2023-04-01,2023-06-30,-1
2024-10-31,44100,2025-03-31,2,49140000000,0.085,,,,,1252000000,,1117000000,,,595000000,,24.56,,,,,,101588000000,39796000000,0.385,,39080000000,,,,,,,,,,,,true,false,6,2024-04-01,2024-09-30,0
2024-10-31,44100,2024-03-31,2,45272000000,-0.035,,,,,-607000000,,-304000000,,,-406000000,,-16.79,,,,,,,,,,,,,,,,,,,,,,true,false,6,2023-04-01,2023-09-30,-1
2024-10-31,44100,2025-03-31,2,102000000000,0.105,,,,,3000000000,,2500000000,,,1550000000,,63.88,,,,,,,,,,,,,,,,,,,,,,true,true,12,2024-04-01,2025-03-31,0
2024-10-31,44100,2024-03-31,2,,,,,,,,,,,,,,,,,,,,98583000000,40881000000,0.378,,37217000000,,,,,,,,,,,,true,false,12,2023-04-01,2024-03-31,-1
2024-10-31,44100,2024-03-31,2,,,,,,,,,,,,,,,,,,,,,,,,,,,,,42.00,,,,26080396,1846943,,false,false,12,2023-04-01,2024-03-31,-1
2024-10-31,44100,2025-03-31,2,,,,,,,,,,,,,,,,,,,,,,,,,,,,,21.00,,,,,,,false,false,12,2024-04-01,2025-03-31,0
2024-10-31,44100,2025-03-31,2,,,,,,,,,,,,,,,,,,,,,,,,,,,,,42.00,,,,,,,false,true,12,2024-04-01,2025-03-31,0
2024-10-31,44100,2025-03-31,2,,,,,,,,,,,,,,,,,,,,,,,,,,,,,,,,,26080396,1815014,24247137,false,false,6,2024-04-01,2024-09-30,0
2024-10-31,44100,2024-03-31,2,,,,,,,,,,,,,,,,,,,,,,,,,,,,,,,,,,,24215727,false,false,6,2023-04-01,2023-09-30,-1
2024-11-07,44100,2025-03-31,2,49140000000,0.085,,,,,1252000000,,1117000000,,,595000000,,24.56,,,,,,102414000000,39796000000,0.382,,39080000000,,,,,,,,,,,,true,false,6,2024-04-01,2024-09-30,0
2024-11-07,44100,2024-03-31,2,45272000000,-0.035,,,,,-607000000,,-304000000,,,-406000000,,-16.79,,,,,,,,,,,,,,,,,,,,,,true,false,6,2023-04-01,2023-09-30,-1
2024-11-07,44100,2025-03-31,2,102000000000,0.105,,,,,3000000000,,2500000000,,,1550000000,,63.88,,,,,,,,,,,,,,,,,,,,,,true,true,12,2024-04-01,2025-03-31,0
2024-11-07,44100,2024-03-31,2,,,,,,,,,,,,,,,,,,,,98583000000,40881000000,0.378,,37217000000,,,,,,,,,,,,true,false,12,2023-04-01,2024-03-31,-1
2024-11-07,44100,2024-03-31,2,,,,,,,,,,,,,,,,,,,,,,,,,,,,,42.00,,,,26080396,1846943,,false,false,12,2023-04-01,2024-03-31,-1
2024-11-07,44100,2025-03-31,2,,,,,,,,,,,,,,,,,,,,,,,,,,,,,21.00,,,,,,,false,false,12,2024-04-01,2025-03-31,0
2024-11-07,44100,2025-03-31,2,,,,,,,,,,,,,,,,,,,,,,,,,,,,,42.00,,,,,,,false,true,12,2024-04-01,2025-03-31,0
2024-11-07,44100,2025-03-31,2,,,,,,,,,,,,,,,,,,,,,,,,,,,,,,,,,26080396,1815014,24247137,false,false,6,2024-04-01,2024-09-30,0
2024-11-07,44100,2024-03-31,2,,,,,,,,,,,,,,,,,,,,,,,,,,,,,,,,,,,24215727,false,false,6,2023-04-01,2023-09-30,-1
2025-01-31,44100,2025-03-31,3,75700000000,0.088,,,,,1946000000,,1492000000,6.656,,724000000,,29.86,,,,,,99857000000,37142000000,0.366,,36503000000,,,,,,,,,,,,true,false,9,2024-04-01,2024-12-31,0
2025-01-31,44100,2024-03-31,3,69606000000,-0.031,,,,,-193000000,,194000000,-0.943,,-108000000,,-4.47,,,,,,,,,,,,,,,,,,,,,,true,false,9,2023-04-01,2023-12-31,-1
2025-01-31,44100,2025-03-31,3,102000000000,0.105,,,,,3000000000,,2500000000,,,1550000000,,63.88,,,,,,,,,,,,,,,,,,,,,,true,true,12,2024-04-01,2025-03-31,0
2025-01-31,44100,2024-03-31,3,,,,,,,,,,,,,,,,,,,,98583000000,40881000000,0.378,,37217000000,,,,,,,,,,,,true,false,12,2023-04-01,2024-03-31,-1
2025-01-31,44100,2024-03-31,3,,,,,,,,,,,,,,,,,,,,,,,,,,,,,42.00,,,,26080396,1846943,,false,false,12,2023-04-01,2024-03-31,-1
2025-01-31,44100,2025-03-31,3,,,,,,,,,,,,,,,,,,,,,,,,,,,,,21.00,,,,,,,false,false,12,2024-04-01,2025-03-31,0
2025-01-31,44100,2025-03-31,3,,,,,,,,,,,,,,,,,,,,,,,,,,,,,42.00,,,,,,,false,true,12,2024-04-01,2025-03-31,0
2025-01-31,44100,2025-03-31,3,,,,,,,,,,,,,,,,,,,,,,,,,,,,,,,,,26080396,1815014,24252610,false,false,9,2024-04-01,2024-12-31,0
2025-01-31,44100,2024-03-31,3,,,,,,,,,,,,,,,,,,,,,,,,,,,,,,,,,,,24221075,false,false,9,2023-04-01,2023-12-31,-1
2025-04-30,44100,2025-03-31,,101006000000,0.094,,,,,2083000000,,1330000000,,,763000000,,31.46,,0.020,0.013,0.021,,100044000000,38010000000,0.373,1538.53,37332000000,6145000000,-4980000000,-3669000000,4645000000,,1.335,,,,,,true,false,12,2024-04-01,2025-03-31,0
2025-04-30,44100,2024-03-31,,92330000000,-0.023,,,,,-211000000,,-275000000,,,-1161000000,,-47.96,,-0.031,-0.003,-0.002,,98583000000,40881000000,0.378,1535.78,37217000000,353000000,-3197000000,2895000000,6633000000,,,,,,,,true,false,12,2023-04-01,2024-03-31,-1
2025-04-30,44100,2026-03-31,,53500000000,0.080,,,,,1260000000,0.006,840000000,-0.249,,500000000,,20.61,,,,,,,,,,,,,,,,,,,,,,true,true,6,2025-04-01,2025-09-30,1
2025-04-30,44100,2026-03-31,,108000000000,0.069,,,,,3000000000,0.440,2000000000,0.503,,1200000000,,49.45,,,,,,,,,,,,,,,,0.849,,,,,,true,true,12,2025-04-01,2026-03-31,1
2025-04-30,44100,2025-03-31,,3470000000,0.098,,,,,944000000,0.327,1067000000,0.193,2147000000,,2.118,88.55,,,,,,49008000000,23664000000,0.483,975.23,23664000000,,,,,42.00,,,,26080396,1815014,24255558,false,false,12,2024-04-01,2025-03-31,0
2025-04-30,44100,2024-03-31,,3160000000,0.124,,,,,711000000,0.942,894000000,0.945,688000000,,12.177,28.43,,,,,,49381000000,22938000000,0.465,946.58,22938000000,,,,,42.00,,,,26080396,1846943,24223939,false,false,12,2023-04-01,2024-03-31,-1
2025-04-30,44100,2026-03-31,,,,,,,,,,,,,,,,,,,,,,,,,,,,,,42.00,,,,,,,false,true,12,2025-04-01,2026-03-31,1
2025-07-31,44100,2026-03-31,1,25716000000,0.080,,,,,760000000,0.580,673000000,0.406,,393000000,,16.21,,,,,,100995000000,36929000000,0.359,,36270000000,,,,,,,,,,,,true,false,3,2025-04-01,2025-06-30,0
2025-07-31,44100,2025-03-31,1,23807000000,0.054,,,,,481000000,,479000000,,,365000000,,15.07,,,,,,,,,,,,,,,,,,,,,,true,false,3,2024-04-01,2024-06-30,-1
2025-07-31,44100,2026-03-31,1,53500000000,0.089,,,,,1260000000,0.006,840000000,-0.249,,500000000,,20.61,,,,,,,,,,,,,,,,,,,,,,true,true,6,2025-04-01,2025-09-30,0
2025-07-31,44100,2026-03-31,1,108000000000,0.069,,,,,3000000000,0.440,2000000000,0.503,,1200000000,,49.45,,,,,,,,,,,,,,,,,,,,,,true,true,12,2025-04-01,2026-03-31,0
2025-07-31,44100,2025-03-31,1,,,,,,,,,,,,,,,,,,,,100044000000,38010000000,0.373,,37332000000,,,,,,,,,,,,true,false,12,2024-04-01,2025-03-31,-1
2025-07-31,44100,2025-03-31,1,,,,,,,,,,,,,,,,,,,,,,,,,,,,,42.00,,,,26080396,1815014,,false,false,12,2024-04-01,2025-03-31,-1
2025-07-31,44100,2026-03-31,1,,,,,,,,,,,,,,,,,,,,,,,,,,,,,42.00,,,,,,,false,true,12,2025-04-01,2026-03-31,0
2025-07-31,44100,2026-03-31,1,,,,,,,,,,,,,,,,,,,,,,,,,,,,,,,,,26080396,1815064,24265369,false,false,3,2025-04-01,2025-06-30,0
2025-07-31,44100,2025-03-31,1,,,,,,,,,,,,,,,,,,,,,,,,,,,,,,,,,,,24233453,false,false,3,2024-04-01,2024-06-30,-1
