filing_date,code,fiscal_year_end,quarterly_period,net_sales,net_sales_change,revenue,revenue_change,operating_revenue,operating_revenue_change,operating_profit,operating_profit_change,ordinary_profit,ordinary_profit_change,net_income,net_income_of_parent,net_income_change,eps,diluted_eps,roe,roa,operating_profit_to_net_sales,operating_profit_to_revenue,total_assets,net_assets,equity_ratio,bps,owner_equity,operating_cash_flow,investing_cash_flow,financing_cash_flow,cash,dividend_per_share,payout_ratio,commemorative_dividend,extra_dividend,number_of_shares,number_of_treqsury_shares,avg_number_of_shares,is_consolidated,is_forecast,duration,period_start,period_end,period_pos
2015-07-30,44610,2016-03-31,1,13630000000,0.001,,,,,692000000,0.119,654000000,0.167,,383000000,,7.26,7.25,,,,,69730000000,26225000000,0.359,473.90,25014000000,,,,,,,,,,,,true,false,3,2015-04-01,2015-06-30,0
2015-07-30,44610,2015-03-31,1,13620000000,0.048,,,,,619000000,1.263,560000000,1.217,,362000000,,8.48,8.46,,,,,,,,,,,,,,,,,,,,,true,false,3,2014-04-01,2014-06-30,-1
2015-07-30,44610,2016-03-31,1,28500000000,0.016,,,,,1200000000,-0.135,1100000000,-0.148,,600000000,,11.37,,,,,,,,,,,,,,,,,,,,,,true,true,6,2015-04-01,2015-09-30,0
2015-07-30,44610,2016-03-31,1,58900000000,0.059,,,,,2800000000,-0.049,2500000000,-0.080,,1400000000,,26.53,,,,,,,,,,,,,,,,,,,,,,true,true,12,2015-04-01,2016-03-31,0
2015-07-30,44610,2015-03-31,1,,,,,,,,,,,,,,,,,,,,64420000000,26156000000,0.387,472.40,24931000000,,,,,,,,,,,,true,false,12,2014-04-01,2015-03-31,-1
2015-07-30,44610,2015-03-31,1,,,,,,,,,,,,,,,,,,,,,,,,,,,,,9.00,,,,53421609,645306,,false,false,12,2014-04-01,2015-03-31,-1
2015-07-30,44610,2016-03-31,1,,,,,,,,,,,,,,,,,,,,,,,,,,,,,9.00,,,,,,,false,true,12,2015-04-01,2016-03-31,0
2015-07-30,44610,2016-03-31,1,,,,,,,,,,,,,,,,,,,,,,,,,,,,,,,,,53421609,637306,52781637,false,false,3,2015-04-01,2015-06-30,0
2015-07-30,44610,2015-03-31,1,,,,,,,,,,,,,,,,,,,,,,,,,,,,,,,,,,,42710152,false,false,3,2014-04-01,2014-06-30,-1
2015-10-21,44610,2016-03-31,,27100000000,-0.049,,,,,1600000000,0.333,1500000000,0.364,,1000000000,,18.94,,,,,,,,,,,,,,,,,,,,,,true,true,6,2015-04-01,2015-09-30,0
2015-10-21,44610,2015-03-31,,28044000000,,,,,,1386000000,,1290000000,,,862000000,,20.18,,,,,,,,,,,,,,,,,,,,,,true,false,6,2014-04-01,2014-09-30,-1
2015-10-29,44610,2016-03-31,2,27112000000,-0.033,,,,,1600000000,0.154,1515000000,0.174,,1003000000,,19.01,18.98,,,,,69561000000,26593000000,0.364,479.87,25340000000,,,,,,,,,,,,true,false,6,2015-04-01,2015-09-30,0
2015-10-29,44610,2015-03-31,2,28044000000,0.059,,,,,1386000000,0.878,1290000000,0.887,,862000000,,20.18,20.13,,,,,,,,,,,,,,,,,,,,,true,false,6,2014-04-01,2014-09-30,-1
2015-10-29,44610,2016-03-31,2,58900000000,0.059,,,,,2800000000,-0.049,2500000000,-0.080,,1400000000,,26.53,,,,,,,,,,,,,,,,,,,,,,true,true,12,2015-04-01,2016-03-31,0
2015-10-29,44610,2015-03-31,2,,,,,,,,,,,,,,,,,,,,64420000000,26156000000,0.387,472.40,24931000000,,,,,,,,,,,,true,false,12,2014-04-01,2015-03-31,-1
2015-10-29,44610,2015-03-31,2,,,,,,,,,,,,,,,,,,,,,,,,,,,,,9.00,,,,53421609,645306,,false,false,12,2014-04-01,2015-03-31,-1
2015-10-29,44610,2016-03-31,2,,,,,,,,,,,,,,,,,,,,,,,,,,,,,0.00,,,,,,,false,false,12,2015-04-01,2016-03-31,0
2015-10-29,44610,2016-03-31,2,,,,,,,,,,,,,,,,,,,,,,,,,,,,,9.00,,,,,,,false,true,12,2015-04-01,2016-03-31,0
2015-10-29,44610,2016-03-31,2,,,,,,,,,,,,,,,,,,,,,,,,,,,,,,,,,53421609,615825,52788964,false,false,6,2015-04-01,2015-09-30,0
2015-10-29,44610,2015-03-31,2,,,,,,,,,,,,,,,,,,,,,,,,,,,,,,,,,,,42719822,false,false,6,2014-04-01,2014-09-30,-1
2016-01-28,44610,2016-03-31,3,40417000000,-0.042,,,,,2717000000,0.226,2559000000,0.250,,1797000000,,34.06,34.01,,,,,69499000000,27181000000,0.374,492.11,25986000000,,,,,,,,,,,,true,false,9,2015-04-01,2015-12-31,0
2016-01-28,44610,2015-03-31,3,42179000000,0.039,,,,,2216000000,0.455,2047000000,0.438,,1328000000,,30.31,30.23,,,,,,,,,,,,,,,,,,,,,true,false,9,2014-04-01,2014-12-31,-1
2016-01-28,44610,2016-03-31,3,53000000000,-0.047,,,,,3200000000,0.087,3000000000,0.104,,2100000000,,39.77,,,,,,,,,,,,,,,,,,,,,,true,true,12,2015-04-01,2016-03-31,0
2016-01-28,44610,2015-03-31,3,,,,,,,,,,,,,,,,,,,,64420000000,26156000000,0.387,472.40,24931000000,,,,,,,,,,,,true,false,12,2014-04-01,2015-03-31,-1
2016-01-28,44610,2015-03-31,3,,,,,,,,,,,,,,,,,,,,,,,,,,,,,9.00,,,,53421609,645306,,false,false,12,2014-04-01,2015-03-31,-1
2016-01-28,44610,2016-03-31,3,,,,,,,,,,,,,,,,,,,,,,,,,,,,,0.00,,,,,,,false,false,12,2015-04-01,2016-03-31,0
2016-01-28,44610,2016-03-31,3,,,,,,,,,,,,,,,,,,,,,,,,,,,,,9.00,,,,,,,false,true,12,2015-04-01,2016-03-31,0
2016-01-28,44610,2016-03-31,3,,,,,,,,,,,,,,,,,,,,,,,,,,,,,,,,,53421609,616325,52794404,false,false,9,2015-04-01,2015-12-31,0
2016-01-28,44610,2015-03-31,3,,,,,,,,,,,,,,,,,,,,,,,,,,,,,,,,,,,43834374,false,false,9,2014-04-01,2014-12-31,-1
2016-01-28,44610,2016-03-31,,53000000000,-0.100,,,,,3200000000,0.143,3000000000,0.200,2100000000,,0.500,39.77,,,,,,,,,,,,,,,,,,,,,,true,true,12,2015-04-01,2016-03-31,0
2016-01-28,44610,2015-03-31,,55597000000,,,,,,2944000000,,2717000000,,1782000000,,,38.69,,,,,,,,,,,,,,,,,,,,,,true,false,12,2014-04-01,2015-03-31,-1
,44610,2016-03-31,,,,,,,,,,,,,,,,,,,,,,,,,,,,,,10.00,,,,,,,false,true,12,2015-04-01,2016-03-31,0
,44610,2016-03-31,,,,,,,,,,,,,,,,,,,,,,,,,,,,,,0.00,,,,,,,false,false,12,2015-04-01,2016-03-31,0
,44610,2015-03-31,,,,,,,,,,,,,,,,,,,,,,,,,,,,,,9.00,,,,,,,false,false,12,2014-04-01,2015-03-31,-1
2016-04-27,44610,2016-03-31,,52782000000,-0.051,,,,,3439000000,0.168,3200000000,0.178,,2198000000,,41.64,41.58,0.087,0.049,0.065,,66057000000,26745000000,0.388,485.05,25637000000,4197000000,-7687000000,1154000000,9401000000,,0.240,,,,,,true,false,12,2015-04-01,2016-03-31,0
2016-04-27,44610,2015-03-31,,55597000000,0.018,,,,,2944000000,0.188,2717000000,0.145,,1782000000,,38.69,38.60,0.082,0.045,0.053,,64420000000,26156000000,0.387,472.40,24931000000,2322000000,-3229000000,3408000000,11783000000,,0.233,,,,,,true,false,12,2014-04-01,2015-03-31,-1
2016-04-27,44610,2017-03-31,,28500000000,0.051,,,,,1600000000,-0.001,1500000000,-0.010,,900000000,,17.03,,,,,,,,,,,,,,,,,,,,,,true,true,6,2016-04-01,2016-09-30,1
2016-04-27,44610,2017-03-31,,60900000000,0.154,,,,,3400000000,-0.011,3150000000,-0.016,,2150000000,,40.68,,,,,,,,,,,,,,,,0.246,,,,,,true,true,12,2016-04-01,2017-03-31,1
2016-04-27,44610,2016-03-31,,37828000000,-0.015,,,,,1582000000,0.071,2040000000,0.183,1625000000,,0.240,30.78,30.73,,,,,55167000000,21475000000,0.389,406.16,21468000000,,,,,10.00,,,,53421609,565876,52802532,false,false,12,2015-04-01,2016-03-31,0
2016-04-27,44610,2015-03-31,,38388000000,0.011,,,,,1477000000,0.105,1725000000,0.105,1310000000,,0.554,28.45,28.38,,,,,54094000000,21189000000,0.392,401.28,21178000000,,,,,9.00,,,,53421609,645306,46062426,false,false,12,2014-04-01,2015-03-31,-1
2016-04-27,44610,2017-03-31,,,,,,,,,,,,,,,,,,,,,,,,,,,,,,10.00,,,,,,,false,true,12,2016-04-01,2017-03-31,1
2016-07-28,44610,2017-03-31,1,12697000000,-0.068,,,,,633000000,-0.086,554000000,-0.152,,323000000,,6.12,6.12,,,,,63980000000,26142000000,0.392,474.64,25087000000,,,,,,,,,,,,true,false,3,2016-04-01,2016-06-30,0
2016-07-28,44610,2016-03-31,1,13630000000,0.001,,,,,692000000,0.119,654000000,0.167,,383000000,,7.26,7.25,,,,,,,,,,,,,,,,,,,,,true,false,3,2015-04-01,2015-06-30,-1
2016-07-28,44610,2017-03-31,1,28500000000,0.051,,,,,1600000000,-0.001,1500000000,-0.010,,900000000,,17.03,,,,,,,,,,,,,,,,,,,,,,true,true,6,2016-04-01,2016-09-30,0
2016-07-28,44610,2017-03-31,1,60900000000,0.154,,,,,3400000000,-0.011,3150000000,-0.016,,2150000000,,40.68,,,,,,,,,,,,,,,,,,,,,,true,true,12,2016-04-01,2017-03-31,0
2016-07-28,44610,2016-03-31,1,,,,,,,,,,,,,,,,,,,,66057000000,26745000000,0.388,485.05,25637000000,,,,,,,,,,,,true,false,12,2015-04-01,2016-03-31,-1
2016-07-28,44610,2016-03-31,1,,,,,,,,,,,,,,,,,,,,,,,,,,,,,10.00,,,,53421609,565876,,false,false,12,2015-04-01,2016-03-31,-1
2016-07-28,44610,2017-03-31,1,,,,,,,,,,,,,,,,,,,,,,,,,,,,,10.00,,,,,,,false,true,12,2016-04-01,2017-03-31,0
2016-07-28,44610,2017-03-31,1,,,,,,,,,,,,,,,,,,,,,,,,,,,,,,,,,53421609,565876,52855733,false,false,3,2016-04-01,2016-06-30,0
2016-07-28,44610,2016-03-31,1,,,,,,,,,,,,,,,,,,,,,,,,,,,,,,,,,,,52781637,false,false,3,2015-04-01,2015-06-30,-1
2016-10-31,44610,2017-03-31,2,25766000000,-0.050,,,,,1617000000,0.011,1473000000,-0.028,,953000000,,18.03,18.02,,,,,67211000000,26867000000,0.384,488.77,25837000000,,,,,,,,,,,,true,false,6,2016-04-01,2016-09-30,0
2016-10-31,44610,2016-03-31,2,27112000000,-0.033,,,,,1600000000,0.154,1515000000,0.174,,1003000000,,19.01,18.98,,,,,,,,,,,,,,,,,,,,,true,false,6,2015-04-01,2015-09-30,-1
2016-10-31,44610,2017-03-31,2,60900000000,0.154,,,,,3400000000,-0.011,3150000000,-0.016,,2150000000,,40.68,,,,,,,,,,,,,,,,,,,,,,true,true,12,2016-04-01,2017-03-31,0
2016-10-31,44610,2016-03-31,2,,,,,,,,,,,,,,,,,,,,66057000000,26745000000,0.388,485.05,25637000000,,,,,,,,,,,,true,false,12,2015-04-01,2016-03-31,-1
2016-10-31,44610,2016-03-31,2,,,,,,,,,,,,,,,,,,,,,,,,,,,,,10.00,,,,53421609,565876,,false,false,12,2015-04-01,2016-03-31,-1
2016-10-31,44610,2017-03-31,2,,,,,,,,,,,,,,,,,,,,,,,,,,,,,0.00,,,,,,,false,false,12,2016-04-01,2017-03-31,0
2016-10-31,44610,2017-03-31,2,,,,,,,,,,,,,,,,,,,,,,,,,,,,,10.00,,,,,,,false,true,12,2016-04-01,2017-03-31,0
2016-10-31,44610,2017-03-31,2,,,,,,,,,,,,,,,,,,,,,,,,,,,,,,,,,53421609,558556,52858727,false,false,6,2016-04-01,2016-09-30,0
2016-10-31,44610,2016-03-31,2,,,,,,,,,,,,,,,,,,,,,,,,,,,,,,,,,,,52788964,false,false,6,2015-04-01,2015-09-30,-1
2017-01-20,44610,2017-03-31,,53000000000,-0.130,,,,,3500000000,0.029,3200000000,0.016,,2200000000,,41.62,,,,,,,,,,,,,,,,,,,,,,true,true,12,2016-04-01,2017-03-31,0
2017-01-20,44610,2016-03-31,,52782000000,,,,,,3439000000,,3200000000,,,2198000000,,41.64,,,,,,,,,,,,,,,,,,,,,,true,false,12,2015-04-01,2016-03-31,-1
2017-01-31,44610,2017-03-31,3,39054000000,-0.034,,,,,2831000000,0.042,2650000000,0.035,,1772000000,,33.54,33.51,,,,,71361000000,27981000000,0.377,509.34,26925000000,,,,,,,,,,,,true,false,9,2016-04-01,2016-12-31,0
2017-01-31,44610,2016-03-31,3,40417000000,-0.042,,,,,2717000000,0.226,2559000000,0.250,,1797000000,,34.06,34.01,,,,,,,,,,,,,,,,,,,,,true,false,9,2015-04-01,2015-12-31,-1
2017-01-31,44610,2017-03-31,3,53000000000,0.004,,,,,3500000000,0.018,3200000000,-0.000,,2200000000,,41.62,,,,,,,,,,,,,,,,,,,,,,true,true,12,2016-04-01,2017-03-31,0
2017-01-31,44610,2016-03-31,3,,,,,,,,,,,,,,,,,,,,66057000000,26745000000,0.388,485.05,25637000000,,,,,,,,,,,,true,false,12,2015-04-01,2016-03-31,-1
2017-01-31,44610,2016-03-31,3,,,,,,,,,,,,,,,,,,,,,,,,,,,,,10.00,,,,53421609,565876,,false,false,12,2015-04-01,2016-03-31,-1
2017-01-31,44610,2017-03-31,3,,,,,,,,,,,,,,,,,,,,,,,,,,,,,0.00,,,,,,,false,false,12,2016-04-01,2017-03-31,0
2017-01-31,44610,2017-03-31,3,,,,,,,,,,,,,,,,,,,,,,,,,,,,,10.00,,,,,,,false,true,12,2016-04-01,2017-03-31,0
2017-01-31,44610,2017-03-31,3,,,,,,,,,,,,,,,,,,,,,,,,,,,,,,,,,53421609,558556,52860169,false,false,9,2016-04-01,2016-12-31,0
2017-01-31,44610,2016-03-31,3,,,,,,,,,,,,,,,,,,,,,,,,,,,,,,,,,,,52794404,false,false,9,2015-04-01,2015-12-31,-1
2017-04-27,44610,2017-03-31,,52254000000,-0.010,,,,,3944000000,0.147,3773000000,0.179,,2489000000,,47.40,47.36,0.095,0.056,0.075,,69046000000,28044000000,0.389,529.94,26854000000,3750000000,-3336000000,-477000000,9296000000,,0.253,,,,,,true,false,12,2016-04-01,2017-03-31,0
2017-04-27,44610,2016-03-31,,52782000000,-0.051,,,,,3439000000,0.168,3200000000,0.178,,2198000000,,41.64,41.58,0.087,0.049,0.065,,66057000000,26745000000,0.388,485.05,25637000000,4197000000,-7687000000,1154000000,9401000000,,0.240,,,,,,true,false,12,2015-04-01,2016-03-31,-1
2017-04-27,44610,2018-03-31,,27200000000,0.056,,,,,1400000000,-0.135,1300000000,-0.117,,850000000,,16.77,,,,,,,,,,,,,,,,,,,,,,true,true,6,2017-04-01,2017-09-30,1
2017-04-27,44610,2018-03-31,,57800000000,0.106,,,,,4000000000,0.014,3800000000,0.007,,2500000000,,49.33,,,,,,,,,,,,,,,,0.243,,,,,,true,true,12,2017-04-01,2018-03-31,1
2017-04-27,44610,2017-03-31,,39421000000,0.042,,,,,2108000000,0.333,2525000000,0.238,1953000000,,0.202,37.20,37.16,,,,,56022000000,22226000000,0.397,438.56,22223000000,,,,,12.00,,,,53421609,2747089,52518830,false,false,12,2016-04-01,2017-03-31,0
2017-04-27,44610,2016-03-31,,37828000000,-0.015,,,,,1582000000,0.071,2040000000,0.183,1625000000,,0.240,30.78,30.73,,,,,55167000000,21475000000,0.389,406.16,21468000000,,,,,10.00,,,,53421609,565876,52802532,false,false,12,2015-04-01,2016-03-31,-1
2017-04-27,44610,2018-03-31,,,,,,,,,,,,,,,,,,,,,,,,,,,,,,12.00,,,,,,,false,true,12,2017-04-01,2018-03-31,1
2017-07-31,44610,2018-03-31,1,13695000000,0.079,,,,,991000000,0.565,790000000,0.425,,500000000,,9.87,9.86,,,,,68941000000,28243000000,0.392,533.46,27037000000,,,,,,,,,,,,true,false,3,2017-04-01,2017-06-30,0
2017-07-31,44610,2017-03-31,1,12697000000,-0.068,,,,,633000000,-0.086,554000000,-0.152,,323000000,,6.12,6.12,,,,,,,,,,,,,,,,,,,,,true,false,3,2016-04-01,2016-06-30,-1
2017-07-31,44610,2018-03-31,1,27200000000,0.056,,,,,1400000000,-0.135,1300000000,-0.117,,850000000,,16.77,,,,,,,,,,,,,,,,,,,,,,true,true,6,2017-04-01,2017-09-30,0
2017-07-31,44610,2018-03-31,1,57800000000,0.106,,,,,4000000000,0.014,3800000000,0.007,,2500000000,,49.33,,,,,,,,,,,,,,,,,,,,,,true,true,12,2017-04-01,2018-03-31,0
2017-07-31,44610,2017-03-31,1,,,,,,,,,,,,,,,,,,,,69046000000,28044000000,0.389,529.94,26854000000,,,,,,,,,,,,true,false,12,2016-04-01,2017-03-31,-1
2017-07-31,44610,2017-03-31,1,,,,,,,,,,,,,,,,,,,,,,,,,,,,,12.00,,,,53421609,2747089,,false,false,12,2016-04-01,2017-03-31,-1
2017-07-31,44610,2018-03-31,1,,,,,,,,,,,,,,,,,,,,,,,,,,,,,12.00,,,,,,,false,true,12,2017-04-01,2018-03-31,0
2017-07-31,44610,2018-03-31,1,,,,,,,,,,,,,,,,,,,,,,,,,,,,,,,,,53421609,2739185,50677155,false,false,3,2017-04-01,2017-06-30,0
2017-07-31,44610,2017-03-31,1,,,,,,,,,,,,,,,,,,,,,,,,,,,,,,,,,,,52855733,false,false,3,2016-04-01,2016-06-30,-1
2017-09-28,44610,2018-03-31,,27800000000,0.022,,,,,2100000000,0.500,1900000000,0.462,,1200000000,,23.68,,,,,,,,,,,,,,,,,,,,,,true,true,6,2017-04-01,2017-09-30,0
2017-09-28,44610,2017-03-31,,25766000000,,,,,,1617000000,,1473000000,,,953000000,,18.03,,,,,,,,,,,,,,,,,,,,,,true,false,6,2016-04-01,2016-09-30,-1
2017-10-31,44610,2018-03-31,2,28071000000,0.089,,,,,2357000000,0.457,2151000000,0.460,,1411000000,,27.83,27.82,,,,,70291000000,29371000000,0.400,553.72,28107000000,,,,,,,,,,,,true,false,6,2017-04-01,2017-09-30,0
2017-10-31,44610,2017-03-31,2,25766000000,-0.050,,,,,1617000000,0.011,1473000000,-0.028,,953000000,,18.03,18.02,,,,,,,,,,,,,,,,,,,,,true,false,6,2016-04-01,2016-09-30,-1
2017-10-31,44610,2018-03-31,2,57800000000,0.106,,,,,4000000000,0.014,3800000000,0.007,,2500000000,,49.33,,,,,,,,,,,,,,,,,,,,,,true,true,12,2017-04-01,2018-03-31,0
2017-10-31,44610,2017-03-31,2,,,,,,,,,,,,,,,,,,,,69046000000,28044000000,0.389,529.94,26854000000,,,,,,,,,,,,true,false,12,2016-04-01,2017-03-31,-1
2017-10-31,44610,2017-03-31,2,,,,,,,,,,,,,,,,,,,,,,,,,,,,,12.00,,,,53421609,2747089,,false,false,12,2016-04-01,2017-03-31,-1
2017-10-31,44610,2018-03-31,2,,,,,,,,,,,,,,,,,,,,,,,,,,,,,0.00,,,,,,,false,false,12,2017-04-01,2018-03-31,0
2017-10-31,44610,2018-03-31,2,,,,,,,,,,,,,,,,,,,,,,,,,,,,,12.00,,,,,,,false,true,12,2017-04-01,2018-03-31,0
2017-10-31,44610,2018-03-31,2,,,,,,,,,,,,,,,,,,,,,,,,,,,,,,,,,53421609,2659622,50719571,false,false,6,2017-04-01,2017-09-30,0
2017-10-31,44610,2017-03-31,2,,,,,,,,,,,,,,,,,,,,,,,,,,,,,,,,,,,52858727,false,false,6,2016-04-01,2016-09-30,-1
2018-01-31,44610,2018-03-31,3,43099000000,0.104,,,,,3934000000,0.389,3676000000,0.387,,2526000000,,49.79,49.78,,,,,73668000000,30695000000,0.398,578.11,29344000000,,,,,,,,,,,,true,false,9,2017-04-01,2017-12-31,0
2018-01-31,44610,2017-03-31,3,39054000000,-0.034,,,,,2831000000,0.042,2650000000,0.035,,1772000000,,33.54,33.51,,,,,,,,,,,,,,,,,,,,,true,false,9,2016-04-01,2016-12-31,-1
2018-01-31,44610,2018-03-31,3,57800000000,0.106,,,,,4000000000,0.014,3800000000,0.007,,2500000000,,49.28,,,,,,,,,,,,,,,,,,,,,,true,true,12,2017-04-01,2018-03-31,0
2018-01-31,44610,2017-03-31,3,,,,,,,,,,,,,,,,,,,,69046000000,28044000000,0.389,529.94,26854000000,,,,,,,,,,,,true,false,12,2016-04-01,2017-03-31,-1
2018-01-31,44610,2017-03-31,3,,,,,,,,,,,,,,,,,,,,,,,,,,,,,12.00,,,,53421609,2747089,,false,false,12,2016-04-01,2017-03-31,-1
2018-01-31,44610,2018-03-31,3,,,,,,,,,,,,,,,,,,,,,,,,,,,,,0.00,,,,,,,false,false,12,2017-04-01,2018-03-31,0
2018-01-31,44610,2018-03-31,3,,,,,,,,,,,,,,,,,,,,,,,,,,,,,12.00,,,,,,,false,true,12,2017-04-01,2018-03-31,0
2018-01-31,44610,2018-03-31,3,,,,,,,,,,,,,,,,,,,,,,,,,,,,,,,,,53421609,2661260,50733238,false,false,9,2017-04-01,2017-12-31,0
2018-01-31,44610,2017-03-31,3,,,,,,,,,,,,,,,,,,,,,,,,,,,,,,,,,,,52860169,false,false,9,2016-04-01,2016-12-31,-1
2018-03-29,44610,2018-03-31,,56900000000,-0.016,,,,,5000000000,0.250,4700000000,0.237,,3300000000,,65.01,,,,,,,,,,,,,,,,,,,,,,true,true,12,2017-04-01,2018-03-31,0
2018-03-29,44610,2017-03-31,,52254000000,,,,,,3944000000,,3773000000,,,2489000000,,47.40,,,,,,,,,,,,,,,,,,,,,,true,false,12,2016-04-01,2017-03-31,-1
2018-03-29,44610,2018-03-31,,,,,,,,,,,,,,,,,,,,,,,,,,,,,,14.00,,,,,,,false,true,12,2017-04-01,2018-03-31,0
2018-03-29,44610,2018-03-31,,,,,,,,,,,,,,,,,,,,,,,,,,,,,,0.00,,,,,,,false,false,12,2017-04-01,2018-03-31,0
2018-03-29,44610,2017-03-31,,,,,,,,,,,,,,,,,,,,,,,,,,,,,,12.00,,,,,,,false,false,12,2016-04-01,2017-03-31,-1
2018-04-26,44610,2018-03-31,,56955000000,0.090,,,,,5053000000,0.281,4725000000,0.252,,3351000000,,66.06,66.05,0.118,0.066,0.089,,73976000000,31960000000,0.408,594.15,30159000000,5017000000,-1130000000,-1858000000,11402000000,,0.212,,,,,,true,false,12,2017-04-01,2018-03-31,0
2018-04-26,44610,2017-03-31,,52254000000,-0.010,,,,,3944000000,0.147,3773000000,0.179,,2489000000,,47.40,47.36,0.095,0.056,0.075,,69046000000,28044000000,0.389,529.94,26854000000,3750000000,-3336000000,-477000000,9296000000,,0.253,,,,,,true,false,12,2016-04-01,2017-03-31,-1
2018-04-26,44610,2019-03-31,,30300000000,0.079,,,,,2000000000,-0.152,1900000000,-0.117,,1300000000,,25.61,,,,,,,,,,,,,,,,,,,,,,true,true,6,2018-04-01,2018-09-30,1
2018-04-26,44610,2019-03-31,,61500000000,0.080,,,,,4200000000,-0.169,4100000000,-0.132,,2700000000,,53.19,,,,,,,,,,,,,,,,0.263,,,,,,true,true,12,2018-04-01,2019-03-31,1
2018-04-26,44610,2018-03-31,,42111000000,0.068,,,,,2767000000,0.312,3178000000,0.259,2488000000,,0.274,49.05,49.04,,,,,59006000000,24518000000,0.416,483.02,24518000000,,,,,14.00,,,,53421609,2661260,50740016,false,false,12,2017-04-01,2018-03-31,0
2018-04-26,44610,2017-03-31,,39421000000,0.042,,,,,2108000000,0.333,2525000000,0.238,1953000000,,0.202,37.20,37.16,,,,,56022000000,22226000000,0.397,438.56,22223000000,,,,,12.00,,,,53421609,2747089,52518830,false,false,12,2016-04-01,2017-03-31,-1
2018-04-26,44610,2019-03-31,,,,,,,,,,,,,,,,,,,,,,,,,,,,,,14.00,,,,,,,false,true,12,2018-04-01,2019-03-31,1
2018-07-31,44610,2019-03-31,1,14655000000,0.070,,,,,1036000000,0.046,969000000,0.226,,687000000,,13.54,,,,,,72225000000,31492000000,0.412,585.64,29727000000,,,,,,,,,,,,true,false,3,2018-04-01,2018-06-30,0
2018-07-31,44610,2018-03-31,1,13695000000,0.079,,,,,991000000,0.565,790000000,0.425,,500000000,,9.87,9.86,,,,,,,,,,,,,,,,,,,,,true,false,3,2017-04-01,2017-06-30,-1
2018-07-31,44610,2019-03-31,1,30300000000,0.079,,,,,2000000000,-0.152,1900000000,-0.117,,1300000000,,25.61,,,,,,,,,,,,,,,,,,,,,,true,true,6,2018-04-01,2018-09-30,0
2018-07-31,44610,2019-03-31,1,61500000000,0.080,,,,,4200000000,-0.169,4100000000,-0.132,,2700000000,,265.96,,,,,,,,,,,,,,,,,,,,,,true,true,12,2018-04-01,2019-03-31,0
2018-07-31,44610,2018-03-31,1,,,,,,,,,,,,,,,,,,,,73658000000,31960000000,0.409,594.15,30159000000,,,,,,,,,,,,true,false,12,2017-04-01,2018-03-31,-1
2018-07-31,44610,2018-03-31,1,,,,,,,,,,,,,,,,,,,,,,,,,,,,,14.00,,,,53421609,2661260,,false,false,12,2017-04-01,2018-03-31,-1
2018-07-31,44610,2019-03-31,1,,,,,,,,,,,,,,,,,,,,,,,,,,,,,70.00,,,,,,,false,true,12,2018-04-01,2019-03-31,0
2018-07-31,44610,2019-03-31,1,,,,,,,,,,,,,,,,,,,,,,,,,,,,,,,,,53421609,2661260,50760349,false,false,3,2018-04-01,2018-06-30,0
2018-07-31,44610,2018-03-31,1,,,,,,,,,,,,,,,,,,,,,,,,,,,,,,,,,,,50677155,false,false,3,2017-04-01,2017-06-30,-1
2018-10-31,44610,2019-03-31,2,29438000000,0.049,,,,,2063000000,-0.125,2006000000,-0.068,,1239000000,,122.08,,,,,,72872000000,32291000000,0.418,3001.05,30493000000,,,,,,,,,,,,true,false,6,2018-04-01,2018-09-30,0
2018-10-31,44610,2018-03-31,2,28071000000,0.089,,,,,2357000000,0.457,2151000000,0.460,,1411000000,,139.15,139.10,,,,,,,,,,,,,,,,,,,,,true,false,6,2017-04-01,2017-09-30,-1
2018-10-31,44610,2019-03-31,2,61500000000,0.080,,,,,4200000000,-0.169,4100000000,-0.132,,2700000000,,265.84,,,,,,,,,,,,,,,,,,,,,,true,true,12,2018-04-01,2019-03-31,0
2018-10-31,44610,2018-03-31,2,,,,,,,,,,,,,,,,,,,,73658000000,31960000000,0.409,2970.75,30159000000,,,,,,,,,,,,true,false,12,2017-04-01,2018-03-31,-1
2018-10-31,44610,2018-03-31,2,,,,,,,,,,,,,,,,,,,,,,,,,,,,,14.00,,,,10684321,532252,,false,false,12,2017-04-01,2018-03-31,-1
2018-10-31,44610,2019-03-31,2,,,,,,,,,,,,,,,,,,,,,,,,,,,,,0.00,,,,,,,false,false,12,2018-04-01,2019-03-31,0
2018-10-31,44610,2019-03-31,2,,,,,,,,,,,,,,,,,,,,,,,,,,,,,70.00,,,,,,,false,true,12,2018-04-01,2019-03-31,0
2018-10-31,44610,2019-03-31,2,,,,,,,,,,,,,,,,,,,,,,,,,,,,,,,,,10684321,523220,10156584,false,false,6,2018-04-01,2018-09-30,0
2018-10-31,44610,2018-03-31,2,,,,,,,,,,,,,,,,,,,,,,,,,,,,,,,,,,,10143914,false,false,6,2017-04-01,2017-09-30,-1
2019-01-31,44610,2019-03-31,3,44752000000,0.038,,,,,3341000000,-0.151,3217000000,-0.125,,1999000000,,196.83,,,,,,76626000000,33059000000,0.402,3028.11,30768000000,,,,,,,,,,,,true,false,9,2018-04-01,2018-12-31,0
2019-01-31,44610,2018-03-31,3,43099000000,0.104,,,,,3934000000,0.389,3676000000,0.387,,2526000000,,248.96,248.90,,,,,,,,,,,,,,,,,,,,,true,false,9,2017-04-01,2017-12-31,-1
2019-01-31,44610,2019-03-31,3,61500000000,0.080,,,,,4200000000,-0.169,4100000000,-0.132,,2700000000,,265.80,,,,,,,,,,,,,,,,,,,,,,true,true,12,2018-04-01,2019-03-31,0
2019-01-31,44610,2018-03-31,3,,,,,,,,,,,,,,,,,,,,73658000000,31960000000,0.409,2970.75,30159000000,,,,,,,,,,,,true,false,12,2017-04-01,2018-03-31,-1
2019-01-31,44610,2018-03-31,3,,,,,,,,,,,,,,,,,,,,,,,,,,,,,14.00,,,,10684321,532252,,false,false,12,2017-04-01,2018-03-31,-1
2019-01-31,44610,2019-03-31,3,,,,,,,,,,,,,,,,,,,,,,,,,,,,,0.00,,,,,,,false,false,12,2018-04-01,2019-03-31,0
2019-01-31,44610,2019-03-31,3,,,,,,,,,,,,,,,,,,,,,,,,,,,,,70.00,,,,,,,false,true,12,2018-04-01,2019-03-31,0
2019-01-31,44610,2019-03-31,3,,,,,,,,,,,,,,,,,,,,,,,,,,,,,,,,,10684321,523415,10158025,false,false,9,2018-04-01,2018-12-31,0
2019-01-31,44610,2018-03-31,3,,,,,,,,,,,,,,,,,,,,,,,,,,,,,,,,,,,10146647,false,false,9,2017-04-01,2017-12-31,-1
2019-04-25,44610,2019-03-31,,59574000000,0.046,,,,,4341000000,-0.141,4175000000,-0.116,,2581000000,,254.11,,0.084,0.056,0.073,,75906000000,33591000000,0.413,3082.83,31324000000,3236000000,-5694000000,-1510000000,7278000000,,0.275,,,,,,true,false,12,2018-04-01,2019-03-31,0
2019-04-25,44610,2018-03-31,,56955000000,0.090,,,,,5053000000,0.281,4725000000,0.252,,3351000000,,330.29,330.23,0.118,0.066,0.089,,73658000000,31960000000,0.409,2970.75,30159000000,5017000000,-1130000000,-1858000000,11402000000,,0.212,,,,,,true,false,12,2017-04-01,2018-03-31,-1
2019-04-25,44610,2020-03-31,,31000000000,0.053,,,,,2200000000,0.066,2100000000,0.047,,1400000000,,137.78,,,,,,,,,,,,,,,,,,,,,,true,true,6,2019-04-01,2019-09-30,1
2019-04-25,44610,2020-03-31,,64000000000,0.074,,,,,5100000000,0.175,5000000000,0.198,,3000000000,,295.25,,,,,,,,,,,,,,,,0.237,,,,,,true,true,12,2019-04-01,2020-03-31,1
2019-04-25,44610,2019-03-31,,43998000000,0.045,,,,,2126000000,-0.231,2703000000,-0.149,2062000000,,-0.171,203.04,,,,,,60432000000,25404000000,0.420,2500.25,25404000000,,,,,70.00,,,,10684321,523435,10158742,false,false,12,2018-04-01,2019-03-31,0
2019-04-25,44610,2018-03-31,,42111000000,0.068,,,,,2767000000,0.312,3178000000,0.259,2488000000,,0.274,245.24,245.20,,,,,58776000000,24518000000,0.417,2415.11,24518000000,,,,,14.00,,,,10684321,532252,10148003,false,false,12,2017-04-01,2018-03-31,-1
2019-04-25,44610,2020-03-31,,,,,,,,,,,,,,,,,,,,,,,,,,,,,,70.00,,,,,,,false,true,12,2019-04-01,2020-03-31,1
2019-07-31,44610,2020-03-31,1,15065000000,0.028,,,,,559000000,-0.460,523000000,-0.460,,282000000,,27.76,,,,,,76459000000,32977000000,0.401,3020.59,30691000000,,,,,,,,,,,,true,false,3,2019-04-01,2019-06-30,0
2019-07-31,44610,2019-03-31,1,14655000000,0.070,,,,,1036000000,0.046,969000000,0.226,,687000000,,67.68,,,,,,,,,,,,,,,,,,,,,,true,false,3,2018-04-01,2018-06-30,-1
2019-07-31,44610,2020-03-31,1,31000000000,0.053,,,,,2200000000,0.066,2100000000,0.047,,1400000000,,137.78,,,,,,,,,,,,,,,,,,,,,,true,true,6,2019-04-01,2019-09-30,0
2019-07-31,44610,2020-03-31,1,64000000000,0.074,,,,,5100000000,0.175,5000000000,0.198,,3000000000,,295.25,,,,,,,,,,,,,,,,,,,,,,true,true,12,2019-04-01,2020-03-31,0
2019-07-31,44610,2019-03-31,1,,,,,,,,,,,,,,,,,,,,75906000000,33591000000,0.413,3082.83,31324000000,,,,,,,,,,,,true,false,12,2018-04-01,2019-03-31,-1
2019-07-31,44610,2019-03-31,1,,,,,,,,,,,,,,,,,,,,,,,,,,,,,70.00,,,,10684321,523435,,false,false,12,2018-04-01,2019-03-31,-1
2019-07-31,44610,2020-03-31,1,,,,,,,,,,,,,,,,,,,,,,,,,,,,,70.00,,,,,,,false,true,12,2019-04-01,2020-03-31,0
2019-07-31,44610,2020-03-31,1,,,,,,,,,,,,,,,,,,,,,,,,,,,,,,,,,10684321,523435,10160886,false,false,3,2019-04-01,2019-06-30,0
2019-07-31,44610,2019-03-31,1,,,,,,,,,,,,,,,,,,,,,,,,,,,,,,,,,,,10152012,false,false,3,2018-04-01,2018-06-30,-1
2019-09-20,44610,2020-03-31,,30600000000,-0.013,,,,,1600000000,-0.273,1500000000,-0.286,,950000000,,93.50,,,,,,,,,,,,,,,,,,,,,,true,true,6,2019-04-01,2019-09-30,0
2019-09-20,44610,2019-03-31,,29438000000,,,,,,2063000000,,2006000000,,,1239000000,,122.08,,,,,,,,,,,,,,,,,,,,,,true,false,6,2018-04-01,2018-09-30,-1
2019-10-31,44610,2020-03-31,2,30399000000,0.033,,,,,1590000000,-0.229,1545000000,-0.230,,930000000,,91.55,,,,,,80274000000,33612000000,0.390,3079.12,31313000000,,,,,,,,,,,,true,false,6,2019-04-01,2019-09-30,0
2019-10-31,44610,2019-03-31,2,29438000000,0.049,,,,,2063000000,-0.125,2006000000,-0.068,,1239000000,,122.08,,,,,,,,,,,,,,,,,,,,,,true,false,6,2018-04-01,2018-09-30,-1
2019-10-31,44610,2020-03-31,2,64000000000,0.074,,,,,5100000000,0.175,5000000000,0.198,,3000000000,,295.25,,,,,,,,,,,,,,,,,,,,,,true,true,12,2019-04-01,2020-03-31,0
2019-10-31,44610,2019-03-31,2,,,,,,,,,,,,,,,,,,,,75906000000,33591000000,0.413,3082.83,31324000000,,,,,,,,,,,,true,false,12,2018-04-01,2019-03-31,-1
2019-10-31,44610,2019-03-31,2,,,,,,,,,,,,,,,,,,,,,,,,,,,,,70.00,,,,10684321,523435,,false,false,12,2018-04-01,2019-03-31,-1
2019-10-31,44610,2020-03-31,2,,,,,,,,,,,,,,,,,,,,,,,,,,,,,35.00,,,,,,,false,false,12,2019-04-01,2020-03-31,0
2019-10-31,44610,2020-03-31,2,,,,,,,,,,,,,,,,,,,,,,,,,,,,,70.00,,,,,,,false,true,12,2019-04-01,2020-03-31,0
2019-10-31,44610,2020-03-31,2,,,,,,,,,,,,,,,,,,,,,,,,,,,,,,,,,10684321,514622,10165293,false,false,6,2019-04-01,2019-09-30,0
2019-10-31,44610,2019-03-31,2,,,,,,,,,,,,,,,,,,,,,,,,,,,,,,,,,,,10156584,false,false,6,2018-04-01,2018-09-30,-1
2020-01-30,44610,2020-03-31,3,46145000000,0.031,,,,,2836000000,-0.151,2749000000,-0.146,,1580000000,,155.46,,,,,,81419000000,34215000000,0.391,3127.35,31803000000,,,,,,,,,,,,true,false,9,2019-04-01,2019-12-31,0
2020-01-30,44610,2019-03-31,3,44752000000,0.038,,,,,3341000000,-0.151,3217000000,-0.125,,1999000000,,196.83,,,,,,,,,,,,,,,,,,,,,,true,false,9,2018-04-01,2018-12-31,-1
2020-01-30,44610,2020-03-31,3,62000000000,0.041,,,,,4300000000,-0.009,4100000000,-0.018,,2300000000,,226.23,,,,,,,,,,,,,,,,,,,,,,true,true,12,2019-04-01,2020-03-31,0
2020-01-30,44610,2019-03-31,3,,,,,,,,,,,,,,,,,,,,75906000000,33591000000,0.413,3082.83,31324000000,,,,,,,,,,,,true,false,12,2018-04-01,2019-03-31,-1
2020-01-30,44610,2019-03-31,3,,,,,,,,,,,,,,,,,,,,,,,,,,,,,70.00,,,,10684321,523435,,false,false,12,2018-04-01,2019-03-31,-1
2020-01-30,44610,2020-03-31,3,,,,,,,,,,,,,,,,,,,,,,,,,,,,,35.00,,,,,,,false,false,12,2019-04-01,2020-03-31,0
2020-01-30,44610,2020-03-31,3,,,,,,,,,,,,,,,,,,,,,,,,,,,,,70.00,,,,,,,false,true,12,2019-04-01,2020-03-31,0
2020-01-30,44610,2020-03-31,3,,,,,,,,,,,,,,,,,,,,,,,,,,,,,,,,,10684321,514702,10166738,false,false,9,2019-04-01,2019-12-31,0
2020-01-30,44610,2019-03-31,3,,,,,,,,,,,,,,,,,,,,,,,,,,,,,,,,,,,10158025,false,false,9,2018-04-01,2018-12-31,-1
2020-01-30,44610,2020-03-31,,62000000000,-0.031,,,,,4300000000,-0.157,4100000000,-0.180,,2300000000,,226.23,,,,,,,,,,,,,,,,,,,,,,true,true,12,2019-04-01,2020-03-31,0
2020-01-30,44610,2019-03-31,,59574000000,,,,,,4341000000,,4175000000,,,2581000000,,254.11,,,,,,,,,,,,,,,,,,,,,,true,false,12,2018-04-01,2019-03-31,-1
2020-05-13,44610,2020-03-31,,61456000000,0.032,,,,,4154000000,-0.043,3524000000,-0.156,,2014000000,,198.17,,0.064,0.045,0.068,,81736000000,34265000000,0.388,3114.97,31677000000,3766000000,-5842000000,4946000000,10126000000,,0.353,,,,,,true,false,12,2019-04-01,2020-03-31,0
2020-05-13,44610,2019-03-31,,59574000000,0.046,,,,,4341000000,-0.141,4175000000,-0.116,,2581000000,,254.11,,0.084,0.056,0.073,,75906000000,33591000000,0.413,3082.83,31324000000,3236000000,-5694000000,-1510000000,7278000000,,0.275,,,,,,true,false,12,2018-04-01,2019-03-31,-1
2020-05-13,44610,2021-03-31,,30000000000,-0.013,,,,,2000000000,0.257,1800000000,0.165,,1200000000,,118.00,,,,,,,,,,,,,,,,,,,,,,true,true,6,2020-04-01,2020-09-30,1
2020-05-13,44610,2021-03-31,,61500000000,0.001,,,,,4200000000,0.011,4000000000,0.135,,2800000000,,275.33,,,,,,,,,,,,,,,,0.254,,,,,,true,true,12,2020-04-01,2021-03-31,1
2020-05-13,44610,2020-03-31,,45701000000,0.039,,,,,2079000000,-0.022,2072000000,-0.233,1475000000,,-0.285,145.15,,,,,,65695000000,25273000000,0.385,2485.23,25273000000,,,,,70.00,,,,10684321,514826,10167431,false,false,12,2019-04-01,2020-03-31,0
2020-05-13,44610,2019-03-31,,43998000000,0.045,,,,,2126000000,-0.231,2703000000,-0.149,2062000000,,-0.171,203.04,,,,,,60432000000,25404000000,0.420,2500.25,25404000000,,,,,70.00,,,,10684321,523435,10158742,false,false,12,2018-04-01,2019-03-31,-1
2020-05-13,44610,2021-03-31,,,,,,,,,,,,,,,,,,,,,,,,,,,,,,70.00,,,,,,,false,true,12,2020-04-01,2021-03-31,1
2020-07-30,44610,2021-03-31,1,13632000000,-0.095,,,,,707000000,0.263,624000000,0.193,,340000000,,33.52,,,,,,80338000000,34538000000,0.398,3141.20,31944000000,,,,,,,,,,,,true,false,3,2020-04-01,2020-06-30,0
2020-07-30,44610,2020-03-31,1,15065000000,0.028,,,,,559000000,-0.460,523000000,-0.460,,282000000,,27.76,,,,,,,,,,,,,,,,,,,,,,true,false,3,2019-04-01,2019-06-30,-1
2020-07-30,44610,2021-03-31,1,30000000000,-0.013,,,,,2000000000,0.257,1800000000,0.165,,1200000000,,118.00,,,,,,,,,,,,,,,,,,,,,,true,true,6,2020-04-01,2020-09-30,0
2020-07-30,44610,2021-03-31,1,61500000000,0.001,,,,,4200000000,0.011,4000000000,0.135,,2800000000,,275.33,,,,,,,,,,,,,,,,,,,,,,true,true,12,2020-04-01,2021-03-31,0
2020-07-30,44610,2020-03-31,1,,,,,,,,,,,,,,,,,,,,81736000000,34265000000,0.388,3114.97,31677000000,,,,,,,,,,,,true,false,12,2019-04-01,2020-03-31,-1
2020-07-30,44610,2020-03-31,1,,,,,,,,,,,,,,,,,,,,,,,,,,,,,70.00,,,,10684321,514826,,false,false,12,2019-04-01,2020-03-31,-1
2020-07-30,44610,2021-03-31,1,,,,,,,,,,,,,,,,,,,,,,,,,,,,,70.00,,,,,,,false,true,12,2020-04-01,2021-03-31,0
2020-07-30,44610,2021-03-31,1,,,,,,,,,,,,,,,,,,,,,,,,,,,,,,,,,10684321,514826,10169495,false,false,3,2020-04-01,2020-06-30,0
2020-07-30,44610,2020-03-31,1,,,,,,,,,,,,,,,,,,,,,,,,,,,,,,,,,,,10160886,false,false,3,2019-04-01,2019-06-30,-1
2020-10-29,44610,2021-03-31,2,28012000000,-0.079,,,,,1777000000,0.117,1662000000,0.076,,1014000000,,99.77,,,,,,83691000000,35774000000,0.395,3247.93,33047000000,,,,,,,,,,,,true,false,6,2020-04-01,2020-09-30,0
2020-10-29,44610,2020-03-31,2,30399000000,0.033,,,,,1590000000,-0.229,1545000000,-0.230,,930000000,,91.55,,,,,,,,,,,,,,,,,,,,,,true,false,6,2019-04-01,2019-09-30,-1
2020-10-29,44610,2021-03-31,2,61500000000,0.001,,,,,4200000000,0.011,4000000000,0.135,,2800000000,,275.33,,,,,,,,,,,,,,,,,,,,,,true,true,12,2020-04-01,2021-03-31,0
2020-10-29,44610,2020-03-31,2,,,,,,,,,,,,,,,,,,,,81736000000,34265000000,0.388,3114.97,31677000000,,,,,,,,,,,,true,false,12,2019-04-01,2020-03-31,-1
2020-10-29,44610,2020-03-31,2,,,,,,,,,,,,,,,,,,,,,,,,,,,,,70.00,,,,10684321,514826,,false,false,12,2019-04-01,2020-03-31,-1
2020-10-29,44610,2021-03-31,2,,,,,,,,,,,,,,,,,,,,,,,,,,,,,35.00,,,,,,,false,false,12,2020-04-01,2021-03-31,0
2020-10-29,44610,2021-03-31,2,,,,,,,,,,,,,,,,,,,,,,,,,,,,,70.00,,,,,,,false,true,12,2020-04-01,2021-03-31,0
2020-10-29,44610,2021-03-31,2,,,,,,,,,,,,,,,,,,,,,,,,,,,,,,,,,10684321,509423,10172197,false,false,6,2020-04-01,2020-09-30,0
2020-10-29,44610,2020-03-31,2,,,,,,,,,,,,,,,,,,,,,,,,,,,,,,,,,,,10165293,false,false,6,2019-04-01,2019-09-30,-1
2021-01-28,44610,2021-03-31,3,43380000000,-0.060,,,,,2980000000,0.051,2813000000,0.023,,1661000000,,163.29,,,,,,86249000000,36288000000,0.388,3288.98,33465000000,,,,,,,,,,,,true,false,9,2020-04-01,2020-12-31,0
2021-01-28,44610,2020-03-31,3,46145000000,0.031,,,,,2836000000,-0.151,2749000000,-0.146,,1580000000,,155.46,,,,,,,,,,,,,,,,,,,,,,true,false,9,2019-04-01,2019-12-31,-1
2021-01-28,44610,2021-03-31,3,61500000000,0.001,,,,,4200000000,0.011,4000000000,0.135,,2800000000,,275.33,,,,,,,,,,,,,,,,,,,,,,true,true,12,2020-04-01,2021-03-31,0
2021-01-28,44610,2020-03-31,3,,,,,,,,,,,,,,,,,,,,81736000000,34265000000,0.388,3114.97,31677000000,,,,,,,,,,,,true,false,12,2019-04-01,2020-03-31,-1
2021-01-28,44610,2020-03-31,3,,,,,,,,,,,,,,,,,,,,,,,,,,,,,70.00,,,,10684321,514826,,false,false,12,2019-04-01,2020-03-31,-1
2021-01-28,44610,2021-03-31,3,,,,,,,,,,,,,,,,,,,,,,,,,,,,,35.00,,,,,,,false,false,12,2020-04-01,2021-03-31,0
2021-01-28,44610,2021-03-31,3,,,,,,,,,,,,,,,,,,,,,,,,,,,,,70.00,,,,,,,false,true,12,2020-04-01,2021-03-31,0
2021-01-28,44610,2021-03-31,3,,,,,,,,,,,,,,,,,,,,,,,,,,,,,,,,,10684321,509423,10173097,false,false,9,2020-04-01,2020-12-31,0
2021-01-28,44610,2020-03-31,3,,,,,,,,,,,,,,,,,,,,,,,,,,,,,,,,,,,10166738,false,false,9,2019-04-01,2019-12-31,-1
2021-05-13,44610,2021-03-31,,59140000000,-0.038,,,,,4485000000,0.080,4314000000,0.224,,2563000000,,251.97,,0.077,0.052,0.076,,85033000000,37404000000,0.407,3405.28,34648000000,4955000000,-3804000000,255000000,11531000000,,0.278,,,,,,true,false,12,2020-04-01,2021-03-31,0
2021-05-13,44610,2020-03-31,,61456000000,0.032,,,,,4154000000,-0.043,3524000000,-0.156,,2014000000,,198.17,,0.064,0.045,0.068,,81736000000,34265000000,0.388,3114.97,31677000000,3766000000,-5842000000,4946000000,10126000000,,0.353,,,,,,true,false,12,2019-04-01,2020-03-31,-1
2021-05-13,44610,2022-03-31,,30000000000,0.071,,,,,2000000000,0.125,1800000000,0.083,,1200000000,,117.94,,,,,,,,,,,,,,,,,,,,,,true,true,6,2021-04-01,2021-09-30,1
2021-05-13,44610,2022-03-31,,61500000000,0.040,,,,,5100000000,0.137,4800000000,0.113,,3400000000,,334.16,,,,,,,,,,,,,,,,0.209,,,,,,true,true,12,2021-04-01,2022-03-31,1
2021-05-13,44610,2021-03-31,,43047000000,-0.058,,,,,2341000000,0.126,2609000000,0.259,2191000000,,0.485,215.38,,,,,,67386000000,27763000000,0.412,2728.67,27763000000,,,,,70.00,,,,10684321,509423,10173548,false,false,12,2020-04-01,2021-03-31,0
2021-05-13,44610,2020-03-31,,45701000000,0.039,,,,,2079000000,-0.022,2072000000,-0.233,1475000000,,-0.285,145.15,,,,,,65695000000,25273000000,0.385,2485.23,25273000000,,,,,70.00,,,,10684321,514826,10167431,false,false,12,2019-04-01,2020-03-31,-1
2021-05-13,44610,2022-03-31,,,,,,,,,,,,,,,,,,,,,,,,,,,,,,70.00,,,,,,,false,true,12,2021-04-01,2022-03-31,1
2021-07-29,44610,2022-03-31,1,14413000000,0.057,,,,,1094000000,0.548,903000000,0.448,,490000000,,48.21,,,,,,83113000000,37728000000,0.418,3415.67,34753000000,,,,,,,,,,,,true,false,3,2021-04-01,2021-06-30,0
2021-07-29,44610,2021-03-31,1,13632000000,-0.095,,,,,707000000,0.263,624000000,0.193,,340000000,,33.52,,,,,,,,,,,,,,,,,,,,,,true,false,3,2020-04-01,2020-06-30,-1
2021-07-29,44610,2022-03-31,1,30000000000,0.071,,,,,2000000000,0.125,1800000000,0.083,,1200000000,,117.94,,,,,,,,,,,,,,,,,,,,,,true,true,6,2021-04-01,2021-09-30,0
2021-07-29,44610,2022-03-31,1,61500000000,0.040,,,,,5100000000,0.137,4800000000,0.113,,3400000000,,334.16,,,,,,,,,,,,,,,,,,,,,,true,true,12,2021-04-01,2022-03-31,0
2021-07-29,44610,2021-03-31,1,,,,,,,,,,,,,,,,,,,,85033000000,37404000000,0.407,3405.28,34648000000,,,,,,,,,,,,true,false,12,2020-04-01,2021-03-31,-1
2021-07-29,44610,2021-03-31,1,,,,,,,,,,,,,,,,,,,,,,,,,,,,,70.00,,,,10684321,509423,,false,false,12,2020-04-01,2021-03-31,-1
2021-07-29,44610,2022-03-31,1,,,,,,,,,,,,,,,,,,,,,,,,,,,,,70.00,,,,,,,false,true,12,2021-04-01,2022-03-31,0
2021-07-29,44610,2022-03-31,1,,,,,,,,,,,,,,,,,,,,,,,,,,,,,,,,,10684321,509479,10174852,false,false,3,2021-04-01,2021-06-30,0
2021-07-29,44610,2021-03-31,1,,,,,,,,,,,,,,,,,,,,,,,,,,,,,,,,,,,10169495,false,false,3,2020-04-01,2020-06-30,-1
2021-10-28,4461,2022-03-31,2,30387000000,0.085,,,,,2447000000,0.377,2152000000,0.295,,1160000000,,114.03,,,,,,84334000000,38781000000,0.422,3496.32,35606000000,,,,,,,,,,,,true,false,6,2021-04-01,2021-09-30,0
2021-10-28,4461,2021-03-31,2,28012000000,-0.079,,,,,1777000000,0.117,1662000000,0.076,,1014000000,,99.77,,,,,,,,,,,,,,,,,,,,,,true,false,6,2020-04-01,2020-09-30,-1
2021-10-28,4461,2022-03-31,2,61500000000,0.040,,,,,5100000000,0.137,4800000000,0.113,,3400000000,,334.16,,,,,,,,,,,,,,,,,,,,,,true,true,12,2021-04-01,2022-03-31,0
2021-10-28,4461,2021-03-31,2,,,,,,,,,,,,,,,,,,,,85033000000,37404000000,0.407,3405.28,34648000000,,,,,,,,,,,,true,false,12,2020-04-01,2021-03-31,-1
2021-10-28,4461,2021-03-31,2,,,,,,,,,,,,,,,,,,,,,,,,,,,,,70.00,,,,10684321,509423,,false,false,12,2020-04-01,2021-03-31,-1
2021-10-28,4461,2022-03-31,2,,,,,,,,,,,,,,,,,,,,,,,,,,,,,35.00,,,,,,,false,false,12,2021-04-01,2022-03-31,0
2021-10-28,4461,2022-03-31,2,,,,,,,,,,,,,,,,,,,,,,,,,,,,,70.00,,,,,,,false,true,12,2021-04-01,2022-03-31,0
2021-10-28,4461,2022-03-31,2,,,,,,,,,,,,,,,,,,,,,,,,,,,,,,,,,10684321,500351,10179418,false,false,6,2021-04-01,2021-09-30,0
2021-10-28,4461,2021-03-31,2,,,,,,,,,,,,,,,,,,,,,,,,,,,,,,,,,,,10172197,false,false,6,2020-04-01,2020-09-30,-1
2022-01-27,4461,2022-03-31,3,46697000000,0.076,,,,,3725000000,0.250,3290000000,0.170,,1860000000,,182.77,,,,,,84465000000,39391000000,0.426,3532.51,35974000000,,,,,,,,,,,,true,false,9,2021-04-01,2021-12-31,0
2022-01-27,4461,2021-03-31,3,43380000000,-0.060,,,,,2980000000,0.051,2813000000,0.023,,1661000000,,163.29,,,,,,,,,,,,,,,,,,,,,,true,false,9,2020-04-01,2020-12-31,-1
2022-01-27,4461,2022-03-31,3,61500000000,0.040,,,,,5100000000,0.137,4800000000,0.113,,3400000000,,334.16,,,,,,,,,,,,,,,,,,,,,,true,true,12,2021-04-01,2022-03-31,0
2022-01-27,4461,2021-03-31,3,,,,,,,,,,,,,,,,,,,,85033000000,37404000000,0.407,3405.28,34648000000,,,,,,,,,,,,true,false,12,2020-04-01,2021-03-31,-1
2022-01-27,4461,2021-03-31,3,,,,,,,,,,,,,,,,,,,,,,,,,,,,,70.00,,,,10684321,509423,,false,false,12,2020-04-01,2021-03-31,-1
2022-01-27,4461,2022-03-31,3,,,,,,,,,,,,,,,,,,,,,,,,,,,,,35.00,,,,,,,false,false,12,2021-04-01,2022-03-31,0
2022-01-27,4461,2022-03-31,3,,,,,,,,,,,,,,,,,,,,,,,,,,,,,70.00,,,,,,,false,true,12,2021-04-01,2022-03-31,0
2022-01-27,4461,2022-03-31,3,,,,,,,,,,,,,,,,,,,,,,,,,,,,,,,,,10684321,500351,10180936,false,false,9,2021-04-01,2021-12-31,0
2022-01-27,4461,2021-03-31,3,,,,,,,,,,,,,,,,,,,,,,,,,,,,,,,,,,,10173097,false,false,9,2020-04-01,2020-12-31,-1
2022-05-16,4461,2022-03-31,,62672000000,0.060,,,,,4626000000,0.031,4192000000,-0.028,,2492000000,,244.81,,0.070,0.049,0.074,,86469000000,40383000000,0.425,3610.31,36767000000,5520000000,-2700000000,-2336000000,12151000000,,0.327,,,,,,true,false,12,2021-04-01,2022-03-31,0
2022-05-16,4461,2021-03-31,,59140000000,-0.038,,,,,4485000000,0.080,4314000000,0.224,,2563000000,,251.97,,0.077,0.052,0.076,,85033000000,37404000000,0.407,3405.28,34648000000,4955000000,-3804000000,255000000,11531000000,,0.278,,,,,,true,false,12,2020-04-01,2021-03-31,-1
2022-05-16,4461,2023-03-31,,32000000000,0.053,,,,,2200000000,-0.101,2000000000,-0.071,,1100000000,,108.01,,,,,,,,,,,,,,,,,,,,,,true,true,6,2022-04-01,2022-09-30,1
2022-05-16,4461,2023-03-31,,65000000000,0.037,,,,,4700000000,0.016,4300000000,0.026,,2500000000,,245.48,,,,,,,,,,,,,,,,0.326,,,,,,true,true,12,2022-04-01,2023-03-31,1
2022-05-16,4461,2022-03-31,,41452000000,-0.037,,,,,1967000000,-0.159,2298000000,-0.119,1750000000,,-0.201,171.92,,,,,,66340000000,28520000000,0.430,2800.53,28520000000,,,,,80.00,,,,10684321,500351,10181694,false,false,12,2021-04-01,2022-03-31,0
2022-05-16,4461,2021-03-31,,43047000000,-0.058,,,,,2341000000,0.126,2609000000,0.259,2191000000,,0.485,215.38,,,,,,67386000000,27763000000,0.412,2728.67,27763000000,,,,,70.00,,,,10684321,509423,10173548,false,false,12,2020-04-01,2021-03-31,-1
2022-05-16,4461,2023-03-31,,,,,,,,,,,,,,,,,,,,,,,,,,,,,,80.00,,,,,,,false,true,12,2022-04-01,2023-03-31,1
2022-07-28,4461,2023-03-31,1,15441000000,0.071,,,,,291000000,-0.734,377000000,-0.583,,98000000,,9.66,,,,,,85850000000,40378000000,0.427,3602.49,36687000000,,,,,,,,,,,,true,false,3,2022-04-01,2022-06-30,0
2022-07-28,4461,2022-03-31,1,14413000000,0.057,,,,,1094000000,0.548,903000000,0.448,,490000000,,48.21,,,,,,,,,,,,,,,,,,,,,,true,false,3,2021-04-01,2021-06-30,-1
2022-07-28,4461,2023-03-31,1,32000000000,0.053,,,,,2200000000,-0.101,2000000000,-0.071,,1100000000,,108.01,,,,,,,,,,,,,,,,,,,,,,true,true,6,2022-04-01,2022-09-30,0
2022-07-28,4461,2023-03-31,1,65000000000,0.037,,,,,4700000000,0.016,4300000000,0.026,,2500000000,,245.48,,,,,,,,,,,,,,,,,,,,,,true,true,12,2022-04-01,2023-03-31,0
2022-07-28,4461,2022-03-31,1,,,,,,,,,,,,,,,,,,,,86469000000,40383000000,0.425,3610.31,36767000000,,,,,,,,,,,,true,false,12,2021-04-01,2022-03-31,-1
2022-07-28,4461,2022-03-31,1,,,,,,,,,,,,,,,,,,,,,,,,,,,,,80.00,,,,10684321,500351,,false,false,12,2021-04-01,2022-03-31,-1
2022-07-28,4461,2023-03-31,1,,,,,,,,,,,,,,,,,,,,,,,,,,,,,80.00,,,,,,,false,true,12,2022-04-01,2023-03-31,0
2022-07-28,4461,2023-03-31,1,,,,,,,,,,,,,,,,,,,,,,,,,,,,,,,,,10684321,500351,10183970,false,false,3,2022-04-01,2022-06-30,0
2022-07-28,4461,2022-03-31,1,,,,,,,,,,,,,,,,,,,,,,,,,,,,,,,,,,,10174852,false,false,3,2021-04-01,2021-06-30,-1
2022-09-29,44610,2023-03-31,,32000000000,0.000,,,,,600000000,-0.727,700000000,-0.650,,-500000000,,-50.42,,,,,,,,,,,,,,,,,,,,,,true,true,6,2022-04-01,2022-09-30,0
2022-09-29,44610,2022-03-31,,30387000000,,,,,,2447000000,,2152000000,,,1160000000,,114.03,,,,,,,,,,,,,,,,,,,,,,true,false,6,2021-04-01,2021-09-30,-1
2022-09-29,44610,2023-03-31,,70000000000,0.077,,,,,3500000000,-0.255,3500000000,-0.186,,1000000000,,102.70,,,,,,,,,,,,,,,,,,,,,,true,true,12,2022-04-01,2023-03-31,0
2022-09-29,44610,2022-03-31,,62672000000,,,,,,4626000000,,4192000000,,,2492000000,,244.81,,,,,,,,,,,,,,,,,,,,,,true,false,12,2021-04-01,2022-03-31,-1
2022-10-27,4461,2023-03-31,2,32765000000,0.078,,,,,717000000,-0.707,872000000,-0.595,,-396000000,,-40.00,,,,,,84249000000,39069000000,0.415,3661.75,34999000000,,,,,,,,,,,,true,false,6,2022-04-01,2022-09-30,0
2022-10-27,4461,2022-03-31,2,30387000000,0.085,,,,,2447000000,0.377,2152000000,0.295,,1160000000,,114.03,,,,,,,,,,,,,,,,,,,,,,true,false,6,2021-04-01,2021-09-30,-1
2022-10-27,4461,2023-03-31,2,70000000000,0.117,,,,,3500000000,-0.243,3500000000,-0.165,,1000000000,,102.70,,,,,,,,,,,,,,,,,,,,,,true,true,12,2022-04-01,2023-03-31,0
2022-10-27,4461,2022-03-31,2,,,,,,,,,,,,,,,,,,,,86469000000,40383000000,0.425,3610.31,36767000000,,,,,,,,,,,,true,false,12,2021-04-01,2022-03-31,-1
2022-10-27,4461,2022-03-31,2,,,,,,,,,,,,,,,,,,,,,,,,,,,,,80.00,,,,10684321,500351,,false,false,12,2021-04-01,2022-03-31,-1
2022-10-27,4461,2023-03-31,2,,,,,,,,,,,,,,,,,,,,,,,,,,,,,40.00,,,,,,,false,false,12,2022-04-01,2023-03-31,0
2022-10-27,4461,2023-03-31,2,,,,,,,,,,,,,,,,,,,,,,,,,,,,,80.00,,,,,,,false,true,12,2022-04-01,2023-03-31,0
2022-10-27,4461,2023-03-31,2,,,,,,,,,,,,,,,,,,,,,,,,,,,,,,,,,10684321,1126123,9916768,false,false,6,2022-04-01,2022-09-30,0
2022-10-27,4461,2022-03-31,2,,,,,,,,,,,,,,,,,,,,,,,,,,,,,,,,,,,10179418,false,false,6,2021-04-01,2021-09-30,-1
2023-01-26,4461,2023-03-31,3,49098000000,0.051,,,,,988000000,-0.735,1079000000,-0.672,,-395000000,,-40.33,,,,,,87868000000,38918000000,0.396,3641.24,34803000000,,,,,,,,,,,,true,false,9,2022-04-01,2022-12-31,0
2023-01-26,4461,2022-03-31,3,46697000000,0.076,,,,,3725000000,0.250,3290000000,0.170,,1860000000,,182.77,,,,,,,,,,,,,,,,,,,,,,true,false,9,2021-04-01,2021-12-31,-1
2023-01-26,4461,2023-03-31,3,64000000000,0.021,,,,,1400000000,-0.697,1400000000,-0.666,,-200000000,,-20.54,,,,,,,,,,,,,,,,,,,,,,true,true,12,2022-04-01,2023-03-31,0
2023-01-26,4461,2022-03-31,3,,,,,,,,,,,,,,,,,,,,86469000000,40383000000,0.425,3610.31,36767000000,,,,,,,,,,,,true,false,12,2021-04-01,2022-03-31,-1
2023-01-26,4461,2022-03-31,3,,,,,,,,,,,,,,,,,,,,,,,,,,,,,80.00,,,,10684321,500351,,false,false,12,2021-04-01,2022-03-31,-1
2023-01-26,4461,2023-03-31,3,,,,,,,,,,,,,,,,,,,,,,,,,,,,,40.00,,,,,,,false,false,12,2022-04-01,2023-03-31,0
2023-01-26,4461,2023-03-31,3,,,,,,,,,,,,,,,,,,,,,,,,,,,,,80.00,,,,,,,false,true,12,2022-04-01,2023-03-31,0
2023-01-26,4461,2023-03-31,3,,,,,,,,,,,,,,,,,,,,,,,,,,,,,,,,,10684321,1126163,9797236,false,false,9,2022-04-01,2022-12-31,0
2023-01-26,4461,2022-03-31,3,,,,,,,,,,,,,,,,,,,,,,,,,,,,,,,,,,,10180936,false,false,9,2021-04-01,2021-12-31,-1
2023-04-27,44610,2023-03-31,,65000000000,0.016,,,,,1200000000,-0.143,1200000000,-0.143,,-400000000,,-41.87,,,,,,,,,,,,,,,,,,,,,,true,true,12,2022-04-01,2023-03-31,0
2023-04-27,44610,2022-03-31,,62672000000,,,,,,4626000000,,4192000000,,,2492000000,,244.81,,,,,,,,,,,,,,,,,,,,,,true,false,12,2021-04-01,2022-03-31,-1
2023-05-15,4461,2023-03-31,,65081000000,0.038,,,,,1186000000,-0.744,1200000000,-0.714,,-407000000,,-41.87,,-0.011,0.014,0.018,,85025000000,38296000000,0.404,3593.49,34346000000,724000000,-2883000000,-1030000000,9051000000,,,,,,,,true,false,12,2022-04-01,2023-03-31,0
2023-05-15,4461,2022-03-31,,62672000000,0.060,,,,,4626000000,0.031,4192000000,-0.028,,2492000000,,244.81,,0.070,0.049,0.074,,86469000000,40383000000,0.425,3610.31,36767000000,5520000000,-2700000000,-2336000000,12151000000,,0.327,,,,,,true,false,12,2021-04-01,2022-03-31,-1
2023-05-15,4461,2024-03-31,,30000000000,-0.084,,,,,400000000,-0.442,300000000,-0.656,,100000000,,10.46,,,,,,,,,,,,,,,,,,,,,,true,true,6,2023-04-01,2023-09-30,1
2023-05-15,4461,2024-03-31,,68000000000,0.045,,,,,2500000000,1.108,2300000000,0.917,,1200000000,,125.55,,,,,,,,,,,,,,,,0.398,,,,,,true,true,12,2023-04-01,2024-03-31,1
2023-05-15,4461,2023-03-31,,43506000000,0.050,,,,,-826000000,,23000000,-0.990,-1177000000,,,-120.93,,,,,,63091000000,25368000000,0.402,2654.13,25368000000,,,,,80.00,,,,10684321,1126227,9737450,false,false,12,2022-04-01,2023-03-31,0
2023-05-15,4461,2022-03-31,,41452000000,-0.037,,,,,1967000000,-0.159,2298000000,-0.119,1750000000,,-0.201,171.92,,,,,,66340000000,28520000000,0.430,2800.53,28520000000,,,,,80.00,,,,10684321,500351,10181694,false,false,12,2021-04-01,2022-03-31,-1
2023-05-15,4461,2024-03-31,,,,,,,,,,,,,,,,,,,,,,,,,,,,,,50.00,,,,,,,false,true,12,2023-04-01,2024-03-31,1
2023-07-27,4461,2024-03-31,1,13884000000,-0.101,,,,,-572000000,,-557000000,,,-477000000,,-49.96,,,,,,90029000000,37838000000,0.376,3544.83,33880000000,,,,,,,,,,,,true,false,3,2023-04-01,2023-06-30,0
2023-07-27,4461,2023-03-31,1,15441000000,0.071,,,,,291000000,-0.734,377000000,-0.583,,98000000,,9.66,,,,,,,,,,,,,,,,,,,,,,true,false,3,2022-04-01,2022-06-30,-1
2023-07-27,4461,2024-03-31,1,30000000000,-0.084,,,,,400000000,-0.442,300000000,-0.656,,100000000,,10.46,,,,,,,,,,,,,,,,,,,,,,true,true,6,2023-04-01,2023-09-30,0
2023-07-27,4461,2024-03-31,1,68000000000,0.045,,,,,2500000000,1.108,2300000000,0.917,,1200000000,,125.55,,,,,,,,,,,,,,,,,,,,,,true,true,12,2023-04-01,2024-03-31,0
2023-07-27,4461,2023-03-31,1,,,,,,,,,,,,,,,,,,,,85025000000,38296000000,0.404,3593.49,34346000000,,,,,,,,,,,,true,false,12,2022-04-01,2023-03-31,-1
2023-07-27,4461,2023-03-31,1,,,,,,,,,,,,,,,,,,,,,,,,,,,,,80.00,,,,10684321,1126227,,false,false,12,2022-04-01,2023-03-31,-1
2023-07-27,4461,2024-03-31,1,,,,,,,,,,,,,,,,,,,,,,,,,,,,,50.00,,,,,,,false,true,12,2023-04-01,2024-03-31,0
2023-07-27,4461,2024-03-31,1,,,,,,,,,,,,,,,,,,,,,,,,,,,,,,,,,10684321,1126550,9557771,false,false,3,2023-04-01,2023-06-30,0
2023-07-27,4461,2023-03-31,1,,,,,,,,,,,,,,,,,,,,,,,,,,,,,,,,,,,10183970,false,false,3,2022-04-01,2022-06-30,-1
2023-10-30,4461,2024-03-31,2,29200000000,-0.109,,,,,-449000000,,-379000000,,,-478000000,,-50.03,,,,,,91188000000,38715000000,0.378,3600.55,34457000000,,,,,,,,,,,,true,false,6,2023-04-01,2023-09-30,0
2023-10-30,4461,2023-03-31,2,32765000000,0.078,,,,,717000000,-0.707,872000000,-0.595,,-396000000,,-40.00,,,,,,,,,,,,,,,,,,,,,,true,false,6,2022-04-01,2022-09-30,-1
2023-10-30,4461,2024-03-31,2,62000000000,-0.047,,,,,1500000000,0.264,1300000000,0.083,,400000000,,41.81,,,,,,,,,,,,,,,,,,,,,,true,true,12,2023-04-01,2024-03-31,0
2023-10-30,4461,2023-03-31,2,,,,,,,,,,,,,,,,,,,,85025000000,38296000000,0.404,3593.49,34346000000,,,,,,,,,,,,true,false,12,2022-04-01,2023-03-31,-1
2023-10-30,4461,2023-03-31,2,,,,,,,,,,,,,,,,,,,,,,,,,,,,,80.00,,,,10684321,1126227,,false,false,12,2022-04-01,2023-03-31,-1
2023-10-30,4461,2024-03-31,2,,,,,,,,,,,,,,,,,,,,,,,,,,,,,20.00,,,,,,,false,false,12,2023-04-01,2024-03-31,0
2023-10-30,4461,2024-03-31,2,,,,,,,,,,,,,,,,,,,,,,,,,,,,,50.00,,,,,,,false,true,12,2023-04-01,2024-03-31,0
2023-10-30,4461,2024-03-31,2,,,,,,,,,,,,,,,,,,,,,,,,,,,,,,,,,10684321,1114306,9563893,false,false,6,2023-04-01,2023-09-30,0
2023-10-30,4461,2023-03-31,2,,,,,,,,,,,,,,,,,,,,,,,,,,,,,,,,,,,9916768,false,false,6,2022-04-01,2022-09-30,-1
2024-01-30,4461,2024-03-31,3,45634000000,-0.071,,,,,529000000,-0.464,556000000,-0.484,,299000000,,31.32,,,,,,92661000000,39493000000,0.378,3663.80,35062000000,,,,,,,,,,,,true,false,9,2023-04-01,2023-12-31,0
2024-01-30,4461,2023-03-31,3,49098000000,0.051,,,,,988000000,-0.735,1079000000,-0.672,,-395000000,,-40.33,,,,,,,,,,,,,,,,,,,,,,true,false,9,2022-04-01,2022-12-31,-1
2024-01-30,4461,2024-03-31,3,62000000000,-0.047,,,,,1500000000,0.264,1300000000,0.083,,400000000,,41.81,,,,,,,,,,,,,,,,,,,,,,true,true,12,2023-04-01,2024-03-31,0
2024-01-30,4461,2023-03-31,3,,,,,,,,,,,,,,,,,,,,85025000000,38296000000,0.404,3593.49,34346000000,,,,,,,,,,,,true,false,12,2022-04-01,2023-03-31,-1
2024-01-30,4461,2023-03-31,3,,,,,,,,,,,,,,,,,,,,,,,,,,,,,80.00,,,,10684321,1126227,,false,false,12,2022-04-01,2023-03-31,-1
2024-01-30,4461,2024-03-31,3,,,,,,,,,,,,,,,,,,,,,,,,,,,,,20.00,,,,,,,false,false,12,2023-04-01,2024-03-31,0
2024-01-30,4461,2024-03-31,3,,,,,,,,,,,,,,,,,,,,,,,,,,,,,50.00,,,,,,,false,true,12,2023-04-01,2024-03-31,0
2024-01-30,4461,2024-03-31,3,,,,,,,,,,,,,,,,,,,,,,,,,,,,,,,,,10684321,1114306,9565934,false,false,9,2023-04-01,2023-12-31,0
2024-01-30,4461,2023-03-31,3,,,,,,,,,,,,,,,,,,,,,,,,,,,,,,,,,,,9797236,false,false,9,2022-04-01,2022-12-31,-1
2024-03-08,44610,2024-03-31,,62500000000,0.008,,,,,1800000000,0.200,1800000000,0.385,,1000000000,,104.53,,,,,,,,,,,,,,,,,,,,,,true,true,12,2023-04-01,2024-03-31,0
2024-03-08,44610,2023-03-31,,65081000000,,,,,,1186000000,,1200000000,,,-407000000,,-41.87,,,,,,,,,,,,,,,,,,,,,,true,false,12,2022-04-01,2023-03-31,-1
2024-05-14,4461,2024-03-31,,63118000000,-0.030,,,,,2077000000,0.751,2060000000,0.716,,1174000000,,122.81,,0.033,0.023,0.033,,94537000000,41297000000,0.389,3839.89,36747000000,7091000000,-2008000000,1646000000,15947000000,,0.529,,,,,,true,false,12,2023-04-01,2024-03-31,0
2024-05-14,4461,2023-03-31,,65081000000,0.038,,,,,1186000000,-0.744,1200000000,-0.714,,-407000000,,-41.87,,-0.011,0.014,0.018,,85025000000,38296000000,0.404,3593.49,34346000000,724000000,-2883000000,-1030000000,9051000000,,,,,,,,true,false,12,2022-04-01,2023-03-31,-1
2024-05-14,4461,2025-03-31,,33000000000,0.130,,,,,1500000000,,1400000000,,,800000000,,83.60,,,,,,,,,,,,,,,,,,,,,,true,true,6,2024-04-01,2024-09-30,1
2024-05-14,4461,2025-03-31,,70000000000,0.109,,,,,4000000000,0.926,3900000000,0.893,,2000000000,,208.99,,,,,,,,,,,,,,,,0.335,,,,,,true,true,12,2024-04-01,2025-03-31,1
2024-05-14,4461,2024-03-31,,42033000000,-0.034,,,,,290000000,,975000000,,1086000000,,,113.59,,,,,,69608000000,27100000000,0.389,2831.80,27100000000,,,,,65.00,,,,10684321,1114373,9566943,false,false,12,2023-04-01,2024-03-31,0
2024-05-14,4461,2023-03-31,,43506000000,0.050,,,,,-826000000,,23000000,-0.990,-1177000000,,,-120.93,,,,,,63091000000,25368000000,0.402,2654.13,25368000000,,,,,80.00,,,,10684321,1126227,9737450,false,false,12,2022-04-01,2023-03-31,-1
2024-05-14,4461,2025-03-31,,,,,,,,,,,,,,,,,,,,,,,,,,,,,,70.00,,,,,,,false,true,12,2024-04-01,2025-03-31,1
2024-07-30,4461,2025-03-31,1,17531000000,0.263,,,,,1058000000,,1194000000,,,608000000,,63.63,,,,,,94555000000,42109000000,0.396,3911.05,37428000000,,,,,,,,,,,,true,false,3,2024-04-01,2024-06-30,0
2024-07-30,4461,2024-03-31,1,13884000000,-0.101,,,,,-572000000,,-557000000,,,-477000000,,-49.96,,,,,,,,,,,,,,,,,,,,,,true,false,3,2023-04-01,2023-06-30,-1
2024-07-30,4461,2025-03-31,1,33000000000,0.130,,,,,1500000000,,1400000000,,,800000000,,83.60,,,,,,,,,,,,,,,,,,,,,,true,true,6,2024-04-01,2024-09-30,0
2024-07-30,4461,2025-03-31,1,70000000000,0.109,,,,,4000000000,0.926,3900000000,0.893,,2000000000,,208.99,,,,,,,,,,,,,,,,,,,,,,true,true,12,2024-04-01,2025-03-31,0
2024-07-30,4461,2024-03-31,1,,,,,,,,,,,,,,,,,,,,94537000000,41297000000,0.389,3839.89,36747000000,,,,,,,,,,,,true,false,12,2023-04-01,2024-03-31,-1
2024-07-30,4461,2024-03-31,1,,,,,,,,,,,,,,,,,,,,,,,,,,,,,65.00,,,,10684321,1114373,,false,false,12,2023-04-01,2024-03-31,-1
2024-07-30,4461,2025-03-31,1,,,,,,,,,,,,,,,,,,,,,,,,,,,,,70.00,,,,,,,false,true,12,2024-04-01,2025-03-31,0
2024-07-30,4461,2025-03-31,1,,,,,,,,,,,,,,,,,,,,,,,,,,,,,,,,,10684321,1114393,9569935,false,false,3,2024-04-01,2024-06-30,0
2024-07-30,4461,2024-03-31,1,,,,,,,,,,,,,,,,,,,,,,,,,,,,,,,,,,,9557771,false,false,3,2023-04-01,2023-06-30,-1
2024-08-28,44610,2025-03-31,,36000000000,0.091,,,,,2400000000,0.600,2400000000,0.714,,1300000000,,135.80,,,,,,,,,,,,,,,,,,,,,,true,true,6,2024-04-01,2024-09-30,0
2024-08-28,44610,2024-03-31,,29200000000,,,,,,-449000000,,-379000000,,,-478000000,,-50.03,,,,,,,,,,,,,,,,,,,,,,true,false,6,2023-04-01,2023-09-30,-1
2024-08-28,44610,2025-03-31,,73000000000,0.043,,,,,5000000000,0.250,5000000000,0.282,,2500000000,,261.11,,,,,,,,,,,,,,,,,,,,,,true,true,12,2024-04-01,2025-03-31,0
2024-08-28,44610,2024-03-31,,63118000000,,,,,,2077000000,,2060000000,,,1174000000,,122.81,,,,,,,,,,,,,,,,,,,,,,true,false,12,2023-04-01,2024-03-31,-1
2024-08-28,44610,2025-03-31,,,,,,,,,,,,,,,,,,,,,,,,,,,,,,90.00,,,,,,,false,true,12,2024-04-01,2025-03-31,0
2024-08-28,44610,2024-03-31,,,,,,,,,,,,,,,,,,,,,,,,,,,,,,65.00,,,,,,,false,false,12,2023-04-01,2024-03-31,-1
2024-10-30,4461,2025-03-31,2,35431000000,0.213,,,,,2474000000,,2579000000,,,1256000000,,131.25,,,,,,92956000000,43096000000,0.407,3954.51,37867000000,,,,,,,,,,,,true,false,6,2024-04-01,2024-09-30,0
2024-10-30,4461,2024-03-31,2,29200000000,-0.109,,,,,-449000000,,-379000000,,,-478000000,,-50.03,,,,,,,,,,,,,,,,,,,,,,true,false,6,2023-04-01,2023-09-30,-1
2024-10-30,4461,2025-03-31,2,73000000000,0.157,,,,,5000000000,1.406,5000000000,1.427,,2500000000,,261.11,,,,,,,,,,,,,,,,,,,,,,true,true,12,2024-04-01,2025-03-31,0
2024-10-30,4461,2024-03-31,2,,,,,,,,,,,,,,,,,,,,94537000000,41297000000,0.389,3839.89,36747000000,,,,,,,,,,,,true,false,12,2023-04-01,2024-03-31,-1
2024-10-30,4461,2024-03-31,2,,,,,,,,,,,,,,,,,,,,,,,,,,,,,65.00,,,,10684321,1114373,,false,false,12,2023-04-01,2024-03-31,-1
2024-10-30,4461,2025-03-31,2,,,,,,,,,,,,,,,,,,,,,,,,,,,,,45.00,,,,,,,false,false,12,2024-04-01,2025-03-31,0
2024-10-30,4461,2025-03-31,2,,,,,,,,,,,,,,,,,,,,,,,,,,,,,90.00,,,,,,,false,true,12,2024-04-01,2025-03-31,0
2024-10-30,4461,2025-03-31,2,,,,,,,,,,,,,,,,,,,,,,,,,,,,,,,,,10684321,1108487,9572885,false,false,6,2024-04-01,2024-09-30,0
2024-10-30,4461,2024-03-31,2,,,,,,,,,,,,,,,,,,,,,,,,,,,,,,,,,,,9563893,false,false,6,2023-04-01,2023-09-30,-1
2025-01-29,4461,2025-03-31,3,54271000000,0.189,,,,,3802000000,6.175,3857000000,5.930,,1967000000,,205.46,,,,,,94350000000,42875000000,0.401,3950.86,37832000000,,,,,,,,,,,,true,false,9,2024-04-01,2024-12-31,0
2025-01-29,4461,2024-03-31,3,45634000000,-0.071,,,,,529000000,-0.464,556000000,-0.484,,299000000,,31.32,,,,,,,,,,,,,,,,,,,,,,true,false,9,2023-04-01,2023-12-31,-1
2025-01-29,4461,2025-03-31,3,73000000000,0.157,,,,,5000000000,1.406,5000000000,1.427,,2500000000,,261.11,,,,,,,,,,,,,,,,,,,,,,true,true,12,2024-04-01,2025-03-31,0
2025-01-29,4461,2024-03-31,3,,,,,,,,,,,,,,,,,,,,94537000000,41297000000,0.389,3839.89,36747000000,,,,,,,,,,,,true,false,12,2023-04-01,2024-03-31,-1
2025-01-29,4461,2024-03-31,3,,,,,,,,,,,,,,,,,,,,,,,,,,,,,65.00,,,,10684321,1114373,,false,false,12,2023-04-01,2024-03-31,-1
2025-01-29,4461,2025-03-31,3,,,,,,,,,,,,,,,,,,,,,,,,,,,,,45.00,,,,,,,false,false,12,2024-04-01,2025-03-31,0
2025-01-29,4461,2025-03-31,3,,,,,,,,,,,,,,,,,,,,,,,,,,,,,90.00,,,,,,,false,true,12,2024-04-01,2025-03-31,0
2025-01-29,4461,2025-03-31,3,,,,,,,,,,,,,,,,,,,,,,,,,,,,,,,,,10684321,1108487,9573868,false,false,9,2024-04-01,2024-12-31,0
2025-01-29,4461,2024-03-31,3,,,,,,,,,,,,,,,,,,,,,,,,,,,,,,,,,,,9565934,false,false,9,2023-04-01,2023-12-31,-1
2025-03-24,44610,2025-03-31,,73000000000,0.000,,,,,5200000000,0.040,5300000000,0.060,,2500000000,,261.11,,,,,,,,,,,,,,,,,,,,,,true,true,12,2024-04-01,2025-03-31,0
2025-03-24,44610,2024-03-31,,63118000000,,,,,,2077000000,,2060000000,,,1174000000,,122.81,,,,,,,,,,,,,,,,,,,,,,true,false,12,2023-04-01,2024-03-31,-1
2025-03-24,44610,2025-03-31,,,,,,,,,,,,,,,,,,,,,,,,,,,,,,100.00,,,,,,,false,true,12,2024-04-01,2025-03-31,0
2025-03-24,44610,2025-03-31,,,,,,,,,,,,,,,,,,,,,,,,,,,,,,45.00,,,,,,,false,false,12,2024-04-01,2025-03-31,0
2025-03-24,44610,2024-03-31,,,,,,,,,,,,,,,,,,,,,,,,,,,,,,65.00,,,,,,,false,false,12,2023-04-01,2024-03-31,-1
2025-05-14,4461,2025-03-31,,73255000000,0.161,,,,,5351000000,1.576,5737000000,1.785,,2585000000,,270.08,,0.069,0.060,0.073,,97113000000,44504000000,0.399,4044.52,38729000000,7528000000,-2138000000,-5045000000,16556000000,,0.370,,,,,,true,false,12,2024-04-01,2025-03-31,0
2025-05-14,4461,2024-03-31,,63118000000,-0.030,,,,,2077000000,0.751,2060000000,0.716,,1174000000,,122.81,,0.033,0.023,0.033,,94537000000,41297000000,0.389,3839.89,36747000000,7091000000,-2008000000,1646000000,15947000000,,0.529,,,,,,true,false,12,2023-04-01,2024-03-31,-1
2025-05-14,4461,2026-03-31,,39000000000,0.101,,,,,2800000000,0.132,2800000000,0.086,,1500000000,,156.64,,,,,,,,,,,,,,,,,,,,,,true,true,6,2025-04-01,2025-09-30,1
2025-05-14,4461,2026-03-31,,80000000000,0.092,,,,,6000000000,0.121,6000000000,0.046,,3200000000,,334.17,,,,,,,,,,,,,,,,0.359,,,,,,true,true,12,2025-04-01,2026-03-31,1
2025-05-14,4461,2025-03-31,,46401000000,0.104,,,,,1533000000,4.274,2752000000,1.823,1813000000,,0.669,189.39,,,,,,69920000000,28006000000,0.401,2924.67,28006000000,,,,,100.00,,,,10684321,1108487,9574360,false,false,12,2024-04-01,2025-03-31,0
2025-05-14,4461,2024-03-31,,42033000000,-0.034,,,,,290000000,,975000000,,1086000000,,,113.59,,,,,,69608000000,27100000000,0.389,2831.80,27100000000,,,,,65.00,,,,10684321,1114373,9566943,false,false,12,2023-04-01,2024-03-31,-1
2025-05-14,4461,2026-03-31,,,,,,,,,,,,,,,,,,,,,,,,,,,,,,120.00,,,,,,,false,true,12,2025-04-01,2026-03-31,1
2025-07-29,4461,2026-03-31,1,19046000000,0.086,,,,,1723000000,0.628,1689000000,0.414,,984000000,,102.81,,,,,,94188000000,43893000000,0.413,4067.17,38946000000,,,,,,,,,,,,true,false,3,2025-04-01,2025-06-30,0
2025-07-29,4461,2025-03-31,1,17531000000,0.263,,,,,1058000000,,1194000000,,,608000000,,63.63,,,,,,,,,,,,,,,,,,,,,,true,false,3,2024-04-01,2024-06-30,-1
2025-07-29,4461,2026-03-31,1,39000000000,0.101,,,,,3600000000,0.455,3600000000,0.396,,2000000000,,208.86,,,,,,,,,,,,,,,,,,,,,,true,true,6,2025-04-01,2025-09-30,0
2025-07-29,4461,2026-03-31,1,80000000000,0.092,,,,,6800000000,0.271,6800000000,0.185,,3700000000,,386.39,,,,,,,,,,,,,,,,,,,,,,true,true,12,2025-04-01,2026-03-31,0
2025-07-29,4461,2025-03-31,1,,,,,,,,,,,,,,,,,,,,97113000000,44504000000,0.399,4044.52,38729000000,,,,,,,,,,,,true,false,12,2024-04-01,2025-03-31,-1
2025-07-29,4461,2025-03-31,1,,,,,,,,,,,,,,,,,,,,,,,,,,,,,100.00,,,,10684321,1108487,,false,false,12,2024-04-01,2025-03-31,-1
2025-07-29,4461,2026-03-31,1,,,,,,,,,,,,,,,,,,,,,,,,,,,,,120.00,,,,,,,false,true,12,2025-04-01,2026-03-31,0
2025-07-29,4461,2026-03-31,1,,,,,,,,,,,,,,,,,,,,,,,,,,,,,,,,,10684321,1108512,9575826,false,false,3,2025-04-01,2025-06-30,0
2025-07-29,4461,2025-03-31,1,,,,,,,,,,,,,,,,,,,,,,,,,,,,,,,,,,,9569935,false,false,3,2024-04-01,2024-06-30,-1
2025-07-29,44610,2026-03-31,,39000000000,0.000,,,,,3600000000,0.286,3600000000,0.286,,2000000000,,208.86,,,,,,,,,,,,,,,,,,,,,,true,true,6,2025-04-01,2025-09-30,0
2025-07-29,44610,2025-03-31,,35431000000,,,,,,2474000000,,2579000000,,,1256000000,,131.25,,,,,,,,,,,,,,,,,,,,,,true,false,6,2024-04-01,2024-09-30,-1
2025-07-29,44610,2026-03-31,,80000000000,0.000,,,,,6800000000,0.133,6800000000,0.133,,3700000000,,386.39,,,,,,,,,,,,,,,,,,,,,,true,true,12,2025-04-01,2026-03-31,0
2025-07-29,44610,2025-03-31,,73255000000,,,,,,5351000000,,5737000000,,,2585000000,,270.08,,,,,,,,,,,,,,,,,,,,,,true,false,12,2024-04-01,2025-03-31,-1
