filing_date,code,fiscal_year_end,quarterly_period,net_sales,net_sales_change,revenue,revenue_change,operating_revenue,operating_revenue_change,operating_profit,operating_profit_change,ordinary_profit,ordinary_profit_change,net_income,net_income_of_parent,net_income_change,eps,diluted_eps,roe,roa,operating_profit_to_net_sales,operating_profit_to_revenue,total_assets,net_assets,equity_ratio,bps,owner_equity,operating_cash_flow,investing_cash_flow,financing_cash_flow,cash,dividend_per_share,payout_ratio,commemorative_dividend,extra_dividend,number_of_shares,number_of_treqsury_shares,avg_number_of_shares,is_consolidated,is_forecast,duration,period_start,period_end,period_pos
2015-05-14,44620,2015-03-31,,15702000000,-0.041,,,,,846000000,0.028,974000000,-0.019,685000000,,0.024,91.84,,0.046,0.052,0.054,,19222000000,15395000000,0.801,2063.68,15395000000,414000000,410000000,-247000000,2259000000,30.00,0.327,,,7460440,290,7460159,false,false,12,2014-04-01,2015-03-31,0
2015-05-14,44620,2014-03-31,,16370000000,0.005,,,,,822000000,0.083,993000000,0.210,668000000,,0.803,89.64,,0.047,0.056,0.050,,18292000000,14621000000,0.799,1959.99,14621000000,1122000000,-1470000000,-316000000,1673000000,30.00,0.335,,,7460440,280,7460160,false,false,12,2013-04-01,2014-03-31,-1
2015-05-14,44620,2016-03-31,,7830000000,0.026,,,,,440000000,0.112,490000000,0.048,340000000,,0.039,45.58,,,,,,,,,,,,,,,,,,,,,,false,true,6,2015-04-01,2015-09-30,1
2015-05-14,44620,2016-03-31,,15810000000,0.007,,,,,950000000,0.123,1030000000,0.057,730000000,,0.066,97.85,,,,,,,,,,,,,,,32.00,0.327,,,,,,false,true,12,2015-04-01,2016-03-31,1
2015-07-27,44620,2016-03-31,1,3670000000,0.018,,,,,137000000,0.267,170000000,0.150,117000000,,0.171,15.79,,,,,,19319000000,15447000000,0.800,,15447000000,,,,,,,,,7460440,330,7460137,false,false,3,2015-04-01,2015-06-30,0
2015-07-27,44620,2015-03-31,1,3607000000,-0.204,,,,,108000000,-0.584,148000000,-0.499,100000000,,-0.466,13.49,,,,,,,,,,,,,,,,,,,,,7460160,false,false,3,2014-04-01,2014-06-30,-1
2015-07-27,44620,2016-03-31,1,7830000000,0.026,,,,,440000000,0.112,490000000,0.048,340000000,,0.039,45.58,,,,,,,,,,,,,,,,,,,,,,false,true,6,2015-04-01,2015-09-30,0
2015-07-27,44620,2016-03-31,1,15810000000,0.007,,,,,950000000,0.123,1030000000,0.057,730000000,,0.066,97.85,,,,,,,,,,,,,,,32.00,,,,,,,false,true,12,2015-04-01,2016-03-31,0
2015-07-27,44620,2015-03-31,1,,,,,,,,,,,,,,,,,,,,19222000000,15395000000,0.801,,15395000000,,,,,30.00,,,,7460440,290,,false,false,12,2014-04-01,2015-03-31,-1
2015-10-26,44620,2016-03-31,2,7310000000,-0.042,,,,,342000000,-0.135,371000000,-0.206,259000000,,-0.206,34.84,,,,,,18977000000,15389000000,0.811,,15389000000,,,,,,,,,7460440,363,7460117,false,false,6,2015-04-01,2015-09-30,0
2015-10-26,44620,2015-03-31,2,7633000000,-0.088,,,,,395000000,-0.106,467000000,-0.058,327000000,,-0.010,43.88,,,,,,,,,,,,,,,,,,,,,7460160,false,false,6,2014-04-01,2014-09-30,-1
2015-10-26,44620,2016-03-31,2,15030000000,-0.043,,,,,710000000,-0.161,780000000,-0.200,540000000,,-0.212,72.39,,,,,,,,,,,,,,,32.00,,,,,,,false,true,12,2015-04-01,2016-03-31,0
2015-10-26,44620,2015-03-31,2,,,,,,,,,,,,,,,,,,,,19222000000,15395000000,0.801,,15395000000,,,,,30.00,,,,7460440,290,,false,false,12,2014-04-01,2015-03-31,-1
2015-10-26,44620,2016-03-31,2,,,,,,,,,,,,,,,,,,,,,,,,,,,,,16.00,,,,,,,false,false,12,2015-04-01,2016-03-31,0
2016-01-27,44620,2016-03-31,3,11065000000,-0.063,,,,,558000000,-0.054,614000000,-0.147,431000000,,-0.146,57.83,,,,,,19373000000,15535000000,0.802,,15535000000,,,,,,,,,7460440,363,7460104,false,false,9,2015-04-01,2015-12-31,0
2016-01-27,44620,2015-03-31,3,11810000000,-0.047,,,,,590000000,-0.071,719000000,-0.062,505000000,,0.001,67.70,,,,,,,,,,,,,,,,,,,,,7460160,false,false,9,2014-04-01,2014-12-31,-1
2016-01-27,44620,2016-03-31,3,15030000000,-0.043,,,,,710000000,-0.161,780000000,-0.200,540000000,,-0.212,72.39,,,,,,,,,,,,,,,32.00,,,,,,,false,true,12,2015-04-01,2016-03-31,0
2016-01-27,44620,2015-03-31,3,,,,,,,,,,,,,,,,,,,,19222000000,15395000000,0.801,,15395000000,,,,,30.00,,,,7460440,290,,false,false,12,2014-04-01,2015-03-31,-1
2016-01-27,44620,2016-03-31,3,,,,,,,,,,,,,,,,,,,,,,,,,,,,,16.00,,,,,,,false,false,12,2015-04-01,2016-03-31,0
2016-05-13,44620,2016-03-31,,14585000000,-0.071,,,,,701000000,-0.170,754000000,-0.226,542000000,,-0.208,72.69,,0.035,0.040,0.048,,18849000000,15486000000,0.822,2075.97,15486000000,1148000000,-1026000000,-299000000,2075000000,32.00,0.440,,,7460440,363,7460097,false,false,12,2015-04-01,2016-03-31,0
2016-05-13,44620,2015-03-31,,15702000000,-0.041,,,,,846000000,0.028,974000000,-0.019,685000000,,0.024,91.84,,0.046,0.052,0.054,,19222000000,15395000000,0.801,2063.68,15395000000,414000000,410000000,-247000000,2259000000,30.00,0.327,,,7460440,290,7460159,false,false,12,2014-04-01,2015-03-31,-1
2016-05-13,44620,2017-03-31,,7790000000,0.066,,,,,510000000,0.489,550000000,0.481,400000000,,0.539,53.62,,,,,,,,,,,,,,,,,,,,,,false,true,6,2016-04-01,2016-09-30,1
2016-05-13,44620,2017-03-31,,15710000000,0.077,,,,,1010000000,0.439,1090000000,0.445,800000000,,0.475,107.24,,,,,,,,,,,,,,,32.00,0.298,,,,,,false,true,12,2016-04-01,2017-03-31,1
2016-07-28,44620,2017-03-31,1,3683000000,,,,,,106000000,,118000000,,,75000000,,10.10,,,,,,19102000000,15332000000,0.803,,15332000000,,,,,,,,,,,,true,false,3,2016-04-01,2016-06-30,0
2016-07-28,44620,2017-03-31,1,7360000000,,,,,,320000000,,340000000,,,230000000,,30.83,,,,,,,,,,,,,,,,,,,,,,true,true,6,2016-04-01,2016-09-30,0
2016-07-28,44620,2017-03-31,1,15350000000,,,,,,790000000,,850000000,,,610000000,,81.77,,,,,,,,,,,,,,,,,,,,,,true,true,12,2016-04-01,2017-03-31,0
2016-07-28,44620,2016-03-31,1,,,,,,,,,,,,,,,,,,,,,,,,,,,,,32.00,,,,7460440,363,,false,false,12,2015-04-01,2016-03-31,-1
2016-07-28,44620,2017-03-31,1,,,,,,,,,,,,,,,,,,,,,,,,,,,,,32.00,,,,,,,false,true,12,2016-04-01,2017-03-31,0
2016-07-28,44620,2017-03-31,1,,,,,,,,,,,,,,,,,,,,,,,,,,,,,,,,,7460440,363,7460077,false,false,3,2016-04-01,2016-06-30,0
2016-07-28,44620,2016-03-31,1,,,,,,,,,,,,,,,,,,,,,,,,,,,,,,,,,,,7460137,false,false,3,2015-04-01,2015-06-30,-1
2016-07-28,44620,2017-03-31,,7360000000,,,,,,320000000,,340000000,,230000000,,,30.83,,,,,,,,,,,,,,,,,,,,,,true,true,6,2016-04-01,2016-09-30,0
2016-07-28,44620,2017-03-31,,15350000000,,,,,,790000000,,850000000,,610000000,,,81.77,,,,,,,,,,,,,,,,,,,,,,true,true,12,2016-04-01,2017-03-31,0
2016-07-28,44620,2017-03-31,,7400000000,-0.050,,,,,360000000,-0.294,380000000,-0.309,270000000,,-0.325,36.19,,,,,,,,,,,,,,,,,,,,,,false,true,6,2016-04-01,2016-09-30,0
2016-07-28,44620,2016-03-31,,7310000000,,,,,,342000000,,371000000,,259000000,,,34.84,,,,,,,,,,,,,,,,,,,,,,false,false,6,2015-04-01,2015-09-30,-1
2016-07-28,44620,2017-03-31,,15320000000,-0.025,,,,,860000000,-0.149,920000000,-0.156,670000000,,-0.163,89.81,,,,,,,,,,,,,,,,,,,,,,false,true,12,2016-04-01,2017-03-31,0
2016-07-28,44620,2016-03-31,,14585000000,,,,,,701000000,,754000000,,542000000,,,72.69,,,,,,,,,,,,,,,,,,,,,,false,false,12,2015-04-01,2016-03-31,-1
2016-10-28,44620,2017-03-31,2,7313000000,,,,,,327000000,,339000000,,,239000000,,32.13,,,,,,19092000000,15610000000,0.818,,15610000000,,,,,,,,,,,,true,false,6,2016-04-01,2016-09-30,0
2016-10-28,44620,2017-03-31,2,14600000000,,,,,,590000000,,640000000,,,440000000,,58.98,,,,,,,,,,,,,,,,,,,,,,true,true,12,2016-04-01,2017-03-31,0
2016-10-28,44620,2016-03-31,2,,,,,,,,,,,,,,,,,,,,,,,,,,,,,32.00,,,,7460440,363,,false,false,12,2015-04-01,2016-03-31,-1
2016-10-28,44620,2017-03-31,2,,,,,,,,,,,,,,,,,,,,,,,,,,,,,16.00,,,,,,,false,false,12,2016-04-01,2017-03-31,0
2016-10-28,44620,2017-03-31,2,,,,,,,,,,,,,,,,,,,,,,,,,,,,,32.00,,,,,,,false,true,12,2016-04-01,2017-03-31,0
2016-10-28,44620,2017-03-31,2,,,,,,,,,,,,,,,,,,,,,,,,,,,,,,,,,7460440,363,7460077,false,false,6,2016-04-01,2016-09-30,0
2016-10-28,44620,2016-03-31,2,,,,,,,,,,,,,,,,,,,,,,,,,,,,,,,,,,,7460117,false,false,6,2015-04-01,2015-09-30,-1
2017-01-30,44620,2017-03-31,3,10995000000,,,,,,566000000,,647000000,,,499000000,,67.16,,,,,,19588000000,15840000000,0.809,,15840000000,,,,,,,,,,,,true,false,9,2016-04-01,2016-12-31,0
2017-01-30,44620,2017-03-31,3,14580000000,,,,,,650000000,,720000000,,,540000000,,72.82,,,,,,,,,,,,,,,,,,,,,,true,true,12,2016-04-01,2017-03-31,0
2017-01-30,44620,2016-03-31,3,,,,,,,,,,,,,,,,,,,,,,,,,,,,,32.00,,,,7460440,363,,false,false,12,2015-04-01,2016-03-31,-1
2017-01-30,44620,2017-03-31,3,,,,,,,,,,,,,,,,,,,,,,,,,,,,,16.00,,,,,,,false,false,12,2016-04-01,2017-03-31,0
2017-01-30,44620,2017-03-31,3,,,,,,,,,,,,,,,,,,,,,,,,,,,,,32.00,,,,,,,false,true,12,2016-04-01,2017-03-31,0
2017-01-30,44620,2017-03-31,3,,,,,,,,,,,,,,,,,,,,,,,,,,,,,,,,,7460440,106363,7436521,false,false,9,2016-04-01,2016-12-31,0
2017-01-30,44620,2016-03-31,3,,,,,,,,,,,,,,,,,,,,,,,,,,,,,,,,,,,7460104,false,false,9,2015-04-01,2015-12-31,-1
2017-03-22,44620,2017-03-31,,14480000000,-0.007,,,,,700000000,0.077,780000000,0.083,500000000,,-0.074,67.42,,,,,,,,,,,,,,,,,,,,,,true,true,12,2016-04-01,2017-03-31,0
2017-05-12,44620,2017-03-31,,14570000000,,,,,,747000000,,820000000,,,570000000,,76.97,,0.036,0.043,0.051,,19479000000,15893000000,0.816,2161.25,15893000000,880000000,160000000,-370000000,2808000000,,0.416,,,,,,true,false,12,2016-04-01,2017-03-31,0
2017-05-12,44620,2018-03-31,,7310000000,-0.001,,,,,460000000,0.404,500000000,0.472,,360000000,,48.95,,,,,,,,,,,,,,,,,,,,,,true,true,6,2017-04-01,2017-09-30,1
2017-05-12,44620,2018-03-31,,14880000000,0.021,,,,,1050000000,0.404,1110000000,0.352,,810000000,,110.14,,,,,,,,,,,,,,,,0.291,,,,,,true,true,12,2017-04-01,2018-03-31,1
2017-05-12,44620,2016-03-31,,,,,,,,,,,,,,,,,,,,,,,,,,,,,,32.00,,,,7460440,363,7460097,false,false,12,2015-04-01,2016-03-31,-1
2017-05-12,44620,2017-03-31,,,,,,,,,,,,,,,,,,,,,,,,,,,,,,32.00,,,,7460440,106363,7415910,false,false,12,2016-04-01,2017-03-31,0
2017-05-12,44620,2018-03-31,,,,,,,,,,,,,,,,,,,,,,,,,,,,,,32.00,,,,,,,false,true,12,2017-04-01,2018-03-31,1
2017-07-28,44620,2018-03-31,1,3679000000,-0.001,,,,,264000000,1.490,306000000,1.593,,214000000,,29.17,,,,,,19901000000,16154000000,0.812,,16154000000,,,,,,,,,,,,true,false,3,2017-04-01,2017-06-30,0
2017-07-28,44620,2017-03-31,1,3683000000,,,,,,106000000,,118000000,,,75000000,,10.10,,,,,,,,,,,,,,,,,,,,,,true,false,3,2016-04-01,2016-06-30,-1
2017-07-28,44620,2018-03-31,1,7310000000,-0.001,,,,,460000000,0.404,500000000,0.472,,360000000,,48.95,,,,,,,,,,,,,,,,,,,,,,true,true,6,2017-04-01,2017-09-30,0
2017-07-28,44620,2018-03-31,1,14880000000,0.021,,,,,1050000000,0.404,1110000000,0.352,,810000000,,110.14,,,,,,,,,,,,,,,,,,,,,,true,true,12,2017-04-01,2018-03-31,0
2017-07-28,44620,2017-03-31,1,,,,,,,,,,,,,,,,,,,,19479000000,15893000000,0.816,,15893000000,,,,,,,,,,,,true,false,12,2016-04-01,2017-03-31,-1
2017-07-28,44620,2017-03-31,1,,,,,,,,,,,,,,,,,,,,,,,,,,,,,32.00,,,,7460440,106363,,false,false,12,2016-04-01,2017-03-31,-1
2017-07-28,44620,2018-03-31,1,,,,,,,,,,,,,,,,,,,,,,,,,,,,,32.00,,,,,,,false,true,12,2017-04-01,2018-03-31,0
2017-07-28,44620,2018-03-31,1,,,,,,,,,,,,,,,,,,,,,,,,,,,,,,,,,7460440,106363,7354077,false,false,3,2017-04-01,2017-06-30,0
2017-07-28,44620,2017-03-31,1,,,,,,,,,,,,,,,,,,,,,,,,,,,,,,,,,,,7460077,false,false,3,2016-04-01,2016-06-30,-1
2017-10-27,44620,2018-03-31,2,7572000000,0.035,,,,,664000000,1.027,698000000,1.056,,494000000,,65.99,,,,,,21789000000,17928000000,0.823,,17928000000,,,,,,,,,,,,true,false,6,2017-04-01,2017-09-30,0
2017-10-27,44620,2017-03-31,2,7313000000,,,,,,327000000,,339000000,,,239000000,,32.13,,,,,,,,,,,,,,,,,,,,,,true,false,6,2016-04-01,2016-09-30,-1
2017-10-27,44620,2018-03-31,2,14880000000,0.021,,,,,1050000000,0.404,1110000000,0.352,,810000000,,103.57,,,,,,,,,,,,,,,,,,,,,,true,true,12,2017-04-01,2018-03-31,0
2017-10-27,44620,2017-03-31,2,,,,,,,,,,,,,,,,,,,,19479000000,15893000000,0.816,,15893000000,,,,,,,,,,,,true,false,12,2016-04-01,2017-03-31,-1
2017-10-27,44620,2017-03-31,2,,,,,,,,,,,,,,,,,,,,,,,,,,,,,32.00,,,,7460440,106363,,false,false,12,2016-04-01,2017-03-31,-1
2017-10-27,44620,2018-03-31,2,,,,,,,,,,,,,,,,,,,,,,,,,,,,,16.00,,,,,,,false,false,12,2017-04-01,2018-03-31,0
2017-10-27,44620,2018-03-31,2,,,,,,,,,,,,,,,,,,,,,,,,,,,,,32.00,,,,,,,false,true,12,2017-04-01,2018-03-31,0
2017-10-27,44620,2018-03-31,2,,,,,,,,,,,,,,,,,,,,,,,,,,,,,,,,,8154140,101,7487404,false,false,6,2017-04-01,2017-09-30,0
2017-10-27,44620,2017-03-31,2,,,,,,,,,,,,,,,,,,,,,,,,,,,,,,,,,,,7460077,false,false,6,2016-04-01,2016-09-30,-1
2018-01-30,44620,2018-03-31,3,11381000000,0.035,,,,,997000000,0.761,1064000000,0.643,,754000000,,97.82,,,,,,22070000000,18104000000,0.820,,18104000000,,,,,,,,,,,,true,false,9,2017-04-01,2017-12-31,0
2018-01-30,44620,2017-03-31,3,10995000000,,,,,,566000000,,647000000,,,499000000,,67.16,,,,,,,,,,,,,,,,,,,,,,true,false,9,2016-04-01,2016-12-31,-1
2018-01-30,44620,2018-03-31,3,14880000000,0.021,,,,,1050000000,0.404,1110000000,0.352,,810000000,,103.57,,,,,,,,,,,,,,,,,,,,,,true,true,12,2017-04-01,2018-03-31,0
2018-01-30,44620,2017-03-31,3,,,,,,,,,,,,,,,,,,,,19479000000,15893000000,0.816,,15893000000,,,,,,,,,,,,true,false,12,2016-04-01,2017-03-31,-1
2018-01-30,44620,2017-03-31,3,,,,,,,,,,,,,,,,,,,,,,,,,,,,,32.00,,,,7460440,106363,,false,false,12,2016-04-01,2017-03-31,-1
2018-01-30,44620,2018-03-31,3,,,,,,,,,,,,,,,,,,,,,,,,,,,,,16.00,,,,,,,false,false,12,2017-04-01,2018-03-31,0
2018-01-30,44620,2018-03-31,3,,,,,,,,,,,,,,,,,,,,,,,,,,,,,32.00,,,,,,,false,true,12,2017-04-01,2018-03-31,0
2018-01-30,44620,2018-03-31,3,,,,,,,,,,,,,,,,,,,,,,,,,,,,,,,,,8154140,101,7709615,false,false,9,2017-04-01,2017-12-31,0
2018-01-30,44620,2017-03-31,3,,,,,,,,,,,,,,,,,,,,,,,,,,,,,,,,,,,7436521,false,false,9,2016-04-01,2016-12-31,-1
2018-05-15,44620,2018-03-31,,14963000000,0.027,,,,,1160000000,0.552,1217000000,0.483,,898000000,,114.82,,0.053,0.060,0.078,,21370000000,17778000000,0.832,2180.39,17778000000,1177000000,-2232000000,943000000,2700000000,,0.366,,,,,,true,false,12,2017-04-01,2018-03-31,0
2018-05-15,44620,2017-03-31,,14570000000,,,,,,747000000,,820000000,,,570000000,,76.97,,0.036,0.043,0.051,,19479000000,15893000000,0.816,2161.25,15893000000,880000000,160000000,-370000000,2808000000,,0.416,,,,,,true,false,12,2016-04-01,2017-03-31,-1
2018-05-15,44620,2019-03-31,,7860000000,0.038,,,,,790000000,0.190,820000000,0.174,,590000000,,72.36,,,,,,,,,,,,,,,,,,,,,,true,true,6,2018-04-01,2018-09-30,1
2018-05-15,44620,2019-03-31,,15590000000,0.042,,,,,1440000000,0.240,1500000000,0.232,,1060000000,,130.00,,,,,,,,,,,,,,,,0.277,,,,,,true,true,12,2018-04-01,2019-03-31,1
2018-05-15,44620,2017-03-31,,,,,,,,,,,,,,,,,,,,,,,,,,,,,,32.00,,,,7460440,106363,7415910,false,false,12,2016-04-01,2017-03-31,-1
2018-05-15,44620,2018-03-31,,,,,,,,,,,,,,,,,,,,,,,,,,,,,,42.00,,,,8154140,101,7820722,false,false,12,2017-04-01,2018-03-31,0
2018-05-15,44620,2019-03-31,,,,,,,,,,,,,,,,,,,,,,,,,,,,,,36.00,,,,,,,false,true,12,2018-04-01,2019-03-31,1
2018-07-27,44620,2019-03-31,1,4042000000,0.098,,,,,469000000,0.772,509000000,0.662,,372000000,,45.74,,,,,,22116000000,18234000000,0.824,,18234000000,,,,,,,,,,,,true,false,3,2018-04-01,2018-06-30,0
2018-07-27,44620,2018-03-31,1,3679000000,-0.001,,,,,264000000,1.490,306000000,1.593,,214000000,,29.17,,,,,,,,,,,,,,,,,,,,,,true,false,3,2017-04-01,2017-06-30,-1
2018-07-27,44620,2019-03-31,1,7860000000,0.038,,,,,790000000,0.190,820000000,0.174,,590000000,,72.36,,,,,,,,,,,,,,,,,,,,,,true,true,6,2018-04-01,2018-09-30,0
2018-07-27,44620,2019-03-31,1,15590000000,0.042,,,,,1440000000,0.240,1500000000,0.232,,1060000000,,130.00,,,,,,,,,,,,,,,,,,,,,,true,true,12,2018-04-01,2019-03-31,0
2018-07-27,44620,2018-03-31,1,,,,,,,,,,,,,,,,,,,,21190000000,17778000000,0.839,,17778000000,,,,,,,,,,,,true,false,12,2017-04-01,2018-03-31,-1
2018-07-27,44620,2018-03-31,1,,,,,,,,,,,,,,,,,,,,,,,,,,,,,42.00,,,,8154140,101,,false,false,12,2017-04-01,2018-03-31,-1
2018-07-27,44620,2019-03-31,1,,,,,,,,,,,,,,,,,,,,,,,,,,,,,36.00,,,,,,,false,true,12,2018-04-01,2019-03-31,0
2018-07-27,44620,2019-03-31,1,,,,,,,,,,,,,,,,,,,,,,,,,,,,,,,,,8154140,101,8154039,false,false,3,2018-04-01,2018-06-30,0
2018-07-27,44620,2018-03-31,1,,,,,,,,,,,,,,,,,,,,,,,,,,,,,,,,,,,7354077,false,false,3,2017-04-01,2017-06-30,-1
2018-10-26,44620,2019-03-31,2,8207000000,0.084,,,,,928000000,0.398,985000000,0.412,,704000000,,86.35,,,,,,22787000000,18633000000,0.818,,18633000000,,,,,,,,,,,,true,false,6,2018-04-01,2018-09-30,0
2018-10-26,44620,2018-03-31,2,7572000000,0.035,,,,,664000000,1.027,698000000,1.056,,494000000,,65.99,,,,,,,,,,,,,,,,,,,,,,true,false,6,2017-04-01,2017-09-30,-1
2018-10-26,44620,2019-03-31,2,15590000000,0.042,,,,,1440000000,0.240,1500000000,0.232,,1060000000,,130.00,,,,,,,,,,,,,,,,,,,,,,true,true,12,2018-04-01,2019-03-31,0
2018-10-26,44620,2018-03-31,2,,,,,,,,,,,,,,,,,,,,21190000000,17778000000,0.839,,17778000000,,,,,,,,,,,,true,false,12,2017-04-01,2018-03-31,-1
2018-10-26,44620,2018-03-31,2,,,,,,,,,,,,,,,,,,,,,,,,,,,,,42.00,,,,8154140,101,,false,false,12,2017-04-01,2018-03-31,-1
2018-10-26,44620,2019-03-31,2,,,,,,,,,,,,,,,,,,,,,,,,,,,,,18.00,,,,,,,false,false,12,2018-04-01,2019-03-31,0
2018-10-26,44620,2019-03-31,2,,,,,,,,,,,,,,,,,,,,,,,,,,,,,36.00,,,,,,,false,true,12,2018-04-01,2019-03-31,0
2018-10-26,44620,2019-03-31,2,,,,,,,,,,,,,,,,,,,,,,,,,,,,,,,,,8154140,101,8154039,false,false,6,2018-04-01,2018-09-30,0
2018-10-26,44620,2018-03-31,2,,,,,,,,,,,,,,,,,,,,,,,,,,,,,,,,,,,7487404,false,false,6,2017-04-01,2017-09-30,-1
2019-01-29,44620,2019-03-31,3,12187000000,0.071,,,,,1399000000,0.403,1486000000,0.396,,1060000000,,130.04,,,,,,22146000000,18278000000,0.825,,18278000000,,,,,,,,,,,,true,false,9,2018-04-01,2018-12-31,0
2019-01-29,44620,2018-03-31,3,11381000000,0.035,,,,,997000000,0.761,1064000000,0.643,,754000000,,97.82,,,,,,,,,,,,,,,,,,,,,,true,false,9,2017-04-01,2017-12-31,-1
2019-01-29,44620,2019-03-31,3,15590000000,0.042,,,,,1440000000,0.240,1500000000,0.232,,1060000000,,130.00,,,,,,,,,,,,,,,,,,,,,,true,true,12,2018-04-01,2019-03-31,0
2019-01-29,44620,2018-03-31,3,,,,,,,,,,,,,,,,,,,,21190000000,17778000000,0.839,,17778000000,,,,,,,,,,,,true,false,12,2017-04-01,2018-03-31,-1
2019-01-29,44620,2018-03-31,3,,,,,,,,,,,,,,,,,,,,,,,,,,,,,42.00,,,,8154140,101,,false,false,12,2017-04-01,2018-03-31,-1
2019-01-29,44620,2019-03-31,3,,,,,,,,,,,,,,,,,,,,,,,,,,,,,18.00,,,,,,,false,false,12,2018-04-01,2019-03-31,0
2019-01-29,44620,2019-03-31,3,,,,,,,,,,,,,,,,,,,,,,,,,,,,,36.00,,,,,,,false,true,12,2018-04-01,2019-03-31,0
2019-01-29,44620,2019-03-31,3,,,,,,,,,,,,,,,,,,,,,,,,,,,,,,,,,8154140,102,8154038,false,false,9,2018-04-01,2018-12-31,0
2019-01-29,44620,2018-03-31,3,,,,,,,,,,,,,,,,,,,,,,,,,,,,,,,,,,,7709615,false,false,9,2017-04-01,2017-12-31,-1
2019-03-15,44620,2019-03-31,,15700000000,0.007,,,,,1490000000,0.035,1580000000,0.053,,1140000000,,139.81,,,,,,,,,,,,,,,,,,,,,,true,true,12,2018-04-01,2019-03-31,0
2019-03-15,44620,2018-03-31,,14963000000,,,,,,1160000000,,1217000000,,,898000000,,114.82,,,,,,,,,,,,,,,,,,,,,,true,false,12,2017-04-01,2018-03-31,-1
2019-03-15,44620,2019-03-31,,,,,,,,,,,,,,,,,,,,,,,,,,,,,,38.00,,,,,,,false,true,12,2018-04-01,2019-03-31,0
2019-03-15,44620,2019-03-31,,,,,,,,,,,,,,,,,,,,,,,,,,,,,,18.00,,,,,,,false,false,12,2018-04-01,2019-03-31,0
2019-03-15,44620,2018-03-31,,,,,,,,,,,,,,,,,,,,,,,,,,,,,,42.00,,,,,,,false,false,12,2017-04-01,2018-03-31,-1
2019-05-15,44620,2019-03-31,,15756000000,0.053,,,,,1467000000,0.264,1561000000,0.282,,1135000000,,139.26,,0.063,0.071,0.093,,22742000000,18481000000,0.813,2266.57,18481000000,1300000000,-272000000,-282000000,3440000000,,0.273,,,,,,true,false,12,2018-04-01,2019-03-31,0
2019-05-15,44620,2018-03-31,,14963000000,0.027,,,,,1160000000,0.552,1217000000,0.483,,898000000,,114.82,,0.053,0.060,0.078,,21190000000,17778000000,0.839,2180.39,17778000000,1177000000,-2232000000,943000000,2700000000,,0.366,,,,,,true,false,12,2017-04-01,2018-03-31,-1
2019-05-15,44620,2020-03-31,,8240000000,0.004,,,,,790000000,-0.149,840000000,-0.148,,600000000,,73.58,,,,,,,,,,,,,,,,,,,,,,true,true,6,2019-04-01,2019-09-30,1
2019-05-15,44620,2020-03-31,,16570000000,0.052,,,,,1540000000,0.050,1630000000,0.044,,1170000000,,143.49,,,,,,,,,,,,,,,,0.279,,,,,,true,true,12,2019-04-01,2020-03-31,1
2019-05-15,44620,2018-03-31,,,,,,,,,,,,,,,,,,,,,,,,,,,,,,42.00,,,,8154140,101,7820722,false,false,12,2017-04-01,2018-03-31,-1
2019-05-15,44620,2019-03-31,,,,,,,,,,,,,,,,,,,,,,,,,,,,,,38.00,,,,8154140,102,8154038,false,false,12,2018-04-01,2019-03-31,0
2019-05-15,44620,2020-03-31,,,,,,,,,,,,,,,,,,,,,,,,,,,,,,40.00,,,,,,,false,true,12,2019-04-01,2020-03-31,1
2019-07-30,44620,2020-03-31,1,3978000000,-0.016,,,,,393000000,-0.161,424000000,-0.166,,301000000,,36.99,,,,,,22593000000,18642000000,0.825,,18642000000,,,,,,,,,,,,true,false,3,2019-04-01,2019-06-30,0
2019-07-30,44620,2019-03-31,1,4042000000,0.098,,,,,469000000,0.772,509000000,0.662,,372000000,,45.74,,,,,,,,,,,,,,,,,,,,,,true,false,3,2018-04-01,2018-06-30,-1
2019-07-30,44620,2020-03-31,1,8240000000,0.004,,,,,790000000,-0.149,840000000,-0.148,,600000000,,73.58,,,,,,,,,,,,,,,,,,,,,,true,true,6,2019-04-01,2019-09-30,0
2019-07-30,44620,2020-03-31,1,16570000000,0.052,,,,,1540000000,0.050,1630000000,0.044,,1170000000,,143.49,,,,,,,,,,,,,,,,,,,,,,true,true,12,2019-04-01,2020-03-31,0
2019-07-30,44620,2019-03-31,1,,,,,,,,,,,,,,,,,,,,22742000000,18481000000,0.813,,18481000000,,,,,,,,,,,,true,false,12,2018-04-01,2019-03-31,-1
2019-07-30,44620,2019-03-31,1,,,,,,,,,,,,,,,,,,,,,,,,,,,,,38.00,,,,8154140,102,,false,false,12,2018-04-01,2019-03-31,-1
2019-07-30,44620,2020-03-31,1,,,,,,,,,,,,,,,,,,,,,,,,,,,,,40.00,,,,,,,false,true,12,2019-04-01,2020-03-31,0
2019-07-30,44620,2020-03-31,1,,,,,,,,,,,,,,,,,,,,,,,,,,,,,,,,,8154140,102,8154038,false,false,3,2019-04-01,2019-06-30,0
2019-07-30,44620,2019-03-31,1,,,,,,,,,,,,,,,,,,,,,,,,,,,,,,,,,,,8154039,false,false,3,2018-04-01,2018-06-30,-1
2019-10-29,44620,2020-03-31,2,8285000000,0.010,,,,,861000000,-0.072,898000000,-0.089,,638000000,,78.31,,,,,,23725000000,19020000000,0.802,,19020000000,,,,,,,,,,,,true,false,6,2019-04-01,2019-09-30,0
2019-10-29,44620,2019-03-31,2,8207000000,0.084,,,,,928000000,0.398,985000000,0.412,,704000000,,86.35,,,,,,,,,,,,,,,,,,,,,,true,false,6,2018-04-01,2018-09-30,-1
2019-10-29,44620,2020-03-31,2,16570000000,0.052,,,,,1540000000,0.050,1630000000,0.044,,1170000000,,143.49,,,,,,,,,,,,,,,,,,,,,,true,true,12,2019-04-01,2020-03-31,0
2019-10-29,44620,2019-03-31,2,,,,,,,,,,,,,,,,,,,,22742000000,18481000000,0.813,,18481000000,,,,,,,,,,,,true,false,12,2018-04-01,2019-03-31,-1
2019-10-29,44620,2019-03-31,2,,,,,,,,,,,,,,,,,,,,,,,,,,,,,38.00,,,,8154140,102,,false,false,12,2018-04-01,2019-03-31,-1
2019-10-29,44620,2020-03-31,2,,,,,,,,,,,,,,,,,,,,,,,,,,,,,20.00,,,,,,,false,false,12,2019-04-01,2020-03-31,0
2019-10-29,44620,2020-03-31,2,,,,,,,,,,,,,,,,,,,,,,,,,,,,,40.00,,,,,,,false,true,12,2019-04-01,2020-03-31,0
2019-10-29,44620,2020-03-31,2,,,,,,,,,,,,,,,,,,,,,,,,,,,,,,,,,8154140,102,8154038,false,false,6,2019-04-01,2019-09-30,0
2019-10-29,44620,2019-03-31,2,,,,,,,,,,,,,,,,,,,,,,,,,,,,,,,,,,,8154039,false,false,6,2018-04-01,2018-09-30,-1
2020-01-28,44620,2020-03-31,3,12422000000,0.019,,,,,1020000000,-0.271,1104000000,-0.257,,787000000,,96.78,,,,,,23237000000,19069000000,0.821,,19069000000,,,,,,,,,,,,true,false,9,2019-04-01,2019-12-31,0
2020-01-28,44620,2019-03-31,3,12187000000,0.071,,,,,1399000000,0.403,1486000000,0.396,,1060000000,,130.04,,,,,,,,,,,,,,,,,,,,,,true,false,9,2018-04-01,2018-12-31,-1
2020-01-28,44620,2020-03-31,3,16570000000,0.052,,,,,1540000000,0.050,1630000000,0.044,,1170000000,,144.20,,,,,,,,,,,,,,,,,,,,,,true,true,12,2019-04-01,2020-03-31,0
2020-01-28,44620,2019-03-31,3,,,,,,,,,,,,,,,,,,,,22742000000,18481000000,0.813,,18481000000,,,,,,,,,,,,true,false,12,2018-04-01,2019-03-31,-1
2020-01-28,44620,2019-03-31,3,,,,,,,,,,,,,,,,,,,,,,,,,,,,,38.00,,,,8154140,102,,false,false,12,2018-04-01,2019-03-31,-1
2020-01-28,44620,2020-03-31,3,,,,,,,,,,,,,,,,,,,,,,,,,,,,,20.00,,,,,,,false,false,12,2019-04-01,2020-03-31,0
2020-01-28,44620,2020-03-31,3,,,,,,,,,,,,,,,,,,,,,,,,,,,,,40.00,,,,,,,false,true,12,2019-04-01,2020-03-31,0
2020-01-28,44620,2020-03-31,3,,,,,,,,,,,,,,,,,,,,,,,,,,,,,,,,,8154140,120802,8140626,false,false,9,2019-04-01,2019-12-31,0
2020-01-28,44620,2019-03-31,3,,,,,,,,,,,,,,,,,,,,,,,,,,,,,,,,,,,8154038,false,false,9,2018-04-01,2018-12-31,-1
2020-05-15,44620,2020-03-31,,16785000000,0.065,,,,,1447000000,-0.013,1529000000,-0.020,,1049000000,,129.36,,0.056,0.067,0.086,,22945000000,18909000000,0.824,2353.89,18909000000,748000000,-45000000,-592000000,3551000000,,0.309,,,,,,true,false,12,2019-04-01,2020-03-31,0
2020-05-15,44620,2019-03-31,,15756000000,0.053,,,,,1467000000,0.264,1561000000,0.282,,1135000000,,139.26,,0.063,0.071,0.093,,22742000000,18481000000,0.813,2266.57,18481000000,1300000000,-272000000,-282000000,3440000000,,0.273,,,,,,true,false,12,2018-04-01,2019-03-31,-1
2020-05-15,44620,2021-03-31,,7860000000,-0.051,,,,,390000000,-0.547,450000000,-0.499,,310000000,,38.59,,,,,,,,,,,,,,,,,,,,,,true,true,6,2020-04-01,2020-09-30,1
2020-05-15,44620,2021-03-31,,17000000000,0.013,,,,,1240000000,-0.143,1350000000,-0.118,,970000000,,120.75,,,,,,,,,,,,,,,,0.331,,,,,,true,true,12,2020-04-01,2021-03-31,1
2020-05-15,44620,2019-03-31,,,,,,,,,,,,,,,,,,,,,,,,,,,,,,38.00,,,,8154140,102,8154038,false,false,12,2018-04-01,2019-03-31,-1
2020-05-15,44620,2020-03-31,,,,,,,,,,,,,,,,,,,,,,,,,,,,,,40.00,,,,8154140,120802,8113804,false,false,12,2019-04-01,2020-03-31,0
2020-05-15,44620,2021-03-31,,,,,,,,,,,,,,,,,,,,,,,,,,,,,,40.00,,,,,,,false,true,12,2020-04-01,2021-03-31,1
2020-07-31,44620,2021-03-31,1,4117000000,0.035,,,,,240000000,-0.388,287000000,-0.323,,209000000,,26.12,,,,,,23317000000,19204000000,0.824,,19204000000,,,,,,,,,,,,true,false,3,2020-04-01,2020-06-30,0
2020-07-31,44620,2020-03-31,1,3978000000,-0.016,,,,,393000000,-0.161,424000000,-0.166,,301000000,,36.99,,,,,,,,,,,,,,,,,,,,,,true,false,3,2019-04-01,2019-06-30,-1
2020-07-31,44620,2021-03-31,1,7860000000,-0.051,,,,,390000000,-0.547,450000000,-0.499,,310000000,,38.59,,,,,,,,,,,,,,,,,,,,,,true,true,6,2020-04-01,2020-09-30,0
2020-07-31,44620,2021-03-31,1,17000000000,0.013,,,,,1240000000,-0.143,1350000000,-0.118,,970000000,,120.75,,,,,,,,,,,,,,,,,,,,,,true,true,12,2020-04-01,2021-03-31,0
2020-07-31,44620,2020-03-31,1,,,,,,,,,,,,,,,,,,,,22945000000,18909000000,0.824,,18909000000,,,,,,,,,,,,true,false,12,2019-04-01,2020-03-31,-1
2020-07-31,44620,2020-03-31,1,,,,,,,,,,,,,,,,,,,,,,,,,,,,,40.00,,,,8154140,120802,,false,false,12,2019-04-01,2020-03-31,-1
2020-07-31,44620,2021-03-31,1,,,,,,,,,,,,,,,,,,,,,,,,,,,,,40.00,,,,,,,false,true,12,2020-04-01,2021-03-31,0
2020-07-31,44620,2021-03-31,1,,,,,,,,,,,,,,,,,,,,,,,,,,,,,,,,,8154140,120802,8033338,false,false,3,2020-04-01,2020-06-30,0
2020-07-31,44620,2020-03-31,1,,,,,,,,,,,,,,,,,,,,,,,,,,,,,,,,,,,8154038,false,false,3,2019-04-01,2019-06-30,-1
2020-10-29,44620,2021-03-31,2,8135000000,-0.018,,,,,592000000,-0.312,662000000,-0.263,,513000000,,63.93,,,,,,23460000000,19517000000,0.832,,19517000000,,,,,,,,,,,,true,false,6,2020-04-01,2020-09-30,0
2020-10-29,44620,2020-03-31,2,8285000000,0.010,,,,,861000000,-0.072,898000000,-0.089,,638000000,,78.31,,,,,,,,,,,,,,,,,,,,,,true,false,6,2019-04-01,2019-09-30,-1
2020-10-29,44620,2021-03-31,2,17000000000,0.013,,,,,1240000000,-0.143,1350000000,-0.118,,970000000,,120.75,,,,,,,,,,,,,,,,,,,,,,true,true,12,2020-04-01,2021-03-31,0
2020-10-29,44620,2020-03-31,2,,,,,,,,,,,,,,,,,,,,22945000000,18909000000,0.824,,18909000000,,,,,,,,,,,,true,false,12,2019-04-01,2020-03-31,-1
2020-10-29,44620,2020-03-31,2,,,,,,,,,,,,,,,,,,,,,,,,,,,,,40.00,,,,8154140,120802,,false,false,12,2019-04-01,2020-03-31,-1
2020-10-29,44620,2021-03-31,2,,,,,,,,,,,,,,,,,,,,,,,,,,,,,20.00,,,,,,,false,false,12,2020-04-01,2021-03-31,0
2020-10-29,44620,2021-03-31,2,,,,,,,,,,,,,,,,,,,,,,,,,,,,,40.00,,,,,,,false,true,12,2020-04-01,2021-03-31,0
2020-10-29,44620,2021-03-31,2,,,,,,,,,,,,,,,,,,,,,,,,,,,,,,,,,8154140,120802,8033338,false,false,6,2020-04-01,2020-09-30,0
2020-10-29,44620,2020-03-31,2,,,,,,,,,,,,,,,,,,,,,,,,,,,,,,,,,,,8154038,false,false,6,2019-04-01,2019-09-30,-1
2021-01-29,44620,2021-03-31,3,12316000000,-0.009,,,,,1066000000,0.044,1176000000,0.066,,1007000000,,125.38,,,,,,23946000000,19936000000,0.833,,19936000000,,,,,,,,,,,,true,false,9,2020-04-01,2020-12-31,0
2021-01-29,44620,2020-03-31,3,12422000000,0.019,,,,,1020000000,-0.271,1104000000,-0.257,,787000000,,96.78,,,,,,,,,,,,,,,,,,,,,,true,false,9,2019-04-01,2019-12-31,-1
2021-01-29,44620,2021-03-31,3,16480000000,-0.018,,,,,1410000000,-0.026,1530000000,0.000,,1250000000,,155.60,,,,,,,,,,,,,,,,,,,,,,true,true,12,2020-04-01,2021-03-31,0
2021-01-29,44620,2020-03-31,3,,,,,,,,,,,,,,,,,,,,22945000000,18909000000,0.824,,18909000000,,,,,,,,,,,,true,false,12,2019-04-01,2020-03-31,-1
2021-01-29,44620,2020-03-31,3,,,,,,,,,,,,,,,,,,,,,,,,,,,,,40.00,,,,8154140,120802,,false,false,12,2019-04-01,2020-03-31,-1
2021-01-29,44620,2021-03-31,3,,,,,,,,,,,,,,,,,,,,,,,,,,,,,20.00,,,,,,,false,false,12,2020-04-01,2021-03-31,0
2021-01-29,44620,2021-03-31,3,,,,,,,,,,,,,,,,,,,,,,,,,,,,,40.00,,,,,,,false,true,12,2020-04-01,2021-03-31,0
2021-01-29,44620,2021-03-31,3,,,,,,,,,,,,,,,,,,,,,,,,,,,,,,,,,8154140,120802,8033338,false,false,9,2020-04-01,2020-12-31,0
2021-01-29,44620,2020-03-31,3,,,,,,,,,,,,,,,,,,,,,,,,,,,,,,,,,,,8140626,false,false,9,2019-04-01,2019-12-31,-1
2021-01-29,44620,2021-03-31,,16480000000,-0.031,,,,,1410000000,0.137,1530000000,0.133,,1250000000,,155.60,,,,,,,,,,,,,,,,,,,,,,true,true,12,2020-04-01,2021-03-31,0
2021-01-29,44620,2020-03-31,,16785000000,,,,,,1447000000,,1529000000,,,1049000000,,129.36,,,,,,,,,,,,,,,,,,,,,,true,false,12,2019-04-01,2020-03-31,-1
2021-03-23,44620,2021-03-31,,16950000000,0.029,,,,,1620000000,0.149,1740000000,0.137,,1400000000,,174.27,,,,,,,,,,,,,,,,,,,,,,true,true,12,2020-04-01,2021-03-31,0
2021-03-23,44620,2020-03-31,,16785000000,,,,,,1447000000,,1529000000,,,1049000000,,129.36,,,,,,,,,,,,,,,,,,,,,,true,false,12,2019-04-01,2020-03-31,-1
2021-03-23,44620,2021-03-31,,,,,,,,,,,,,,,,,,,,,,,,,,,,,,43.00,,,,,,,false,true,12,2020-04-01,2021-03-31,0
2021-03-23,44620,2021-03-31,,,,,,,,,,,,,,,,,,,,,,,,,,,,,,20.00,,,,,,,false,false,12,2020-04-01,2021-03-31,0
2021-03-23,44620,2020-03-31,,,,,,,,,,,,,,,,,,,,,,,,,,,,,,40.00,,,,,,,false,false,12,2019-04-01,2020-03-31,-1
2021-05-14,44620,2021-03-31,,16967000000,0.011,,,,,1705000000,0.178,1853000000,0.211,,1504000000,,187.32,,0.076,0.077,0.101,,24940000000,20526000000,0.823,2555.12,20526000000,2410000000,-1463000000,-355000000,4145000000,,0.230,,,,,,true,false,12,2020-04-01,2021-03-31,0
2021-05-14,44620,2020-03-31,,16785000000,0.065,,,,,1447000000,-0.013,1529000000,-0.020,,1049000000,,129.36,,0.056,0.067,0.086,,22945000000,18909000000,0.824,2353.89,18909000000,748000000,-45000000,-592000000,3551000000,,0.309,,,,,,true,false,12,2019-04-01,2020-03-31,-1
2021-05-14,44620,2022-03-31,,9370000000,0.152,,,,,1060000000,0.788,1100000000,0.661,,830000000,,103.32,,,,,,,,,,,,,,,,,,,,,,true,true,6,2021-04-01,2021-09-30,1
2021-05-14,44620,2022-03-31,,18630000000,0.098,,,,,2040000000,0.196,2120000000,0.144,,1550000000,,192.95,,,,,,,,,,,,,,,,0.238,,,,,,true,true,12,2021-04-01,2022-03-31,1
2021-05-14,44620,2020-03-31,,,,,,,,,,,,,,,,,,,,,,,,,,,,,,40.00,,,,8154140,120802,8113804,false,false,12,2019-04-01,2020-03-31,-1
2021-05-14,44620,2021-03-31,,,,,,,,,,,,,,,,,,,,,,,,,,,,,,43.00,,,,8154140,120802,8033338,false,false,12,2020-04-01,2021-03-31,0
2021-05-14,44620,2022-03-31,,,,,,,,,,,,,,,,,,,,,,,,,,,,,,46.00,,,,,,,false,true,12,2021-04-01,2022-03-31,1
2021-07-29,44620,2022-03-31,1,4710000000,0.144,,,,,619000000,1.571,691000000,1.406,,533000000,,66.37,,,,,,25098000000,20770000000,0.828,,20770000000,,,,,,,,,,,,true,false,3,2021-04-01,2021-06-30,0
2021-07-29,44620,2021-03-31,1,4117000000,0.035,,,,,240000000,-0.388,287000000,-0.323,,209000000,,26.12,,,,,,,,,,,,,,,,,,,,,,true,false,3,2020-04-01,2020-06-30,-1
2021-07-29,44620,2022-03-31,1,9370000000,0.152,,,,,1060000000,0.788,1100000000,0.661,,830000000,,103.32,,,,,,,,,,,,,,,,,,,,,,true,true,6,2021-04-01,2021-09-30,0
2021-07-29,44620,2022-03-31,1,18630000000,0.098,,,,,2040000000,0.196,2120000000,0.144,,1550000000,,192.95,,,,,,,,,,,,,,,,,,,,,,true,true,12,2021-04-01,2022-03-31,0
2021-07-29,44620,2021-03-31,1,,,,,,,,,,,,,,,,,,,,24940000000,20526000000,0.823,,20526000000,,,,,,,,,,,,true,false,12,2020-04-01,2021-03-31,-1
2021-07-29,44620,2021-03-31,1,,,,,,,,,,,,,,,,,,,,,,,,,,,,,43.00,,,,8154140,120802,,false,false,12,2020-04-01,2021-03-31,-1
2021-07-29,44620,2022-03-31,1,,,,,,,,,,,,,,,,,,,,,,,,,,,,,46.00,,,,,,,false,true,12,2021-04-01,2022-03-31,0
2021-07-29,44620,2022-03-31,1,,,,,,,,,,,,,,,,,,,,,,,,,,,,,,,,,8154140,120802,8033338,false,false,3,2021-04-01,2021-06-30,0
2021-07-29,44620,2021-03-31,1,,,,,,,,,,,,,,,,,,,,,,,,,,,,,,,,,,,8033338,false,false,3,2020-04-01,2020-06-30,-1
,44620,2022-03-31,,,,,,,,,,,,,,,,,,,,,,,,,,,,,,34.50,,,,,,,false,true,12,2021-04-01,2022-03-31,0
,44620,2021-03-31,,,,,,,,,,,,,,,,,,,,,,,,,,,,,,43.00,,,,,,,false,false,12,2020-04-01,2021-03-31,-1
2021-09-15,44620,2022-03-31,,9550000000,0.019,,,,,1250000000,0.179,1300000000,0.182,,1030000000,,64.92,,,,,,,,,,,,,,,,,,,,,,true,true,6,2021-04-01,2021-09-30,0
2021-09-15,44620,2021-03-31,,8135000000,,,,,,592000000,,662000000,,,513000000,,31.96,,,,,,,,,,,,,,,,,,,,,,true,false,6,2020-04-01,2020-09-30,-1
2021-09-15,44620,2022-03-31,,18800000000,0.009,,,,,2300000000,0.127,2400000000,0.132,,1900000000,,120.51,,,,,,,,,,,,,,,,,,,,,,true,true,12,2021-04-01,2022-03-31,0
2021-09-15,44620,2021-03-31,,16967000000,,,,,,1705000000,,1853000000,,,1504000000,,93.66,,,,,,,,,,,,,,,,,,,,,,true,false,12,2020-04-01,2021-03-31,-1
2021-09-15,44620,2022-03-31,,,,,,,,,,,,,,,,,,,,,,,,,,,,,,37.50,,,,,,,false,true,12,2021-04-01,2022-03-31,0
2021-09-15,44620,2021-03-31,,,,,,,,,,,,,,,,,,,,,,,,,,,,,,43.00,,,,,,,false,false,12,2020-04-01,2021-03-31,-1
2021-10-28,44620,2022-03-31,2,9608000000,0.181,,,,,1337000000,1.256,1421000000,1.147,,1136000000,,71.63,,,,,,25622000000,20955000000,0.818,,20955000000,,,,,,,,,,,,true,false,6,2021-04-01,2021-09-30,0
2021-10-28,44620,2021-03-31,2,8135000000,-0.018,,,,,592000000,-0.312,662000000,-0.263,,513000000,,31.96,,,,,,,,,,,,,,,,,,,,,,true,false,6,2020-04-01,2020-09-30,-1
2021-10-28,44620,2022-03-31,2,18800000000,0.108,,,,,2300000000,0.348,2400000000,0.295,,1900000000,,120.51,,,,,,,,,,,,,,,,,,,,,,true,true,12,2021-04-01,2022-03-31,0
2021-10-28,44620,2021-03-31,2,,,,,,,,,,,,,,,,,,,,24940000000,20526000000,0.823,,20526000000,,,,,,,,,,,,true,false,12,2020-04-01,2021-03-31,-1
2021-10-28,44620,2021-03-31,2,,,,,,,,,,,,,,,,,,,,,,,,,,,,,43.00,,,,16308280,241604,,false,false,12,2020-04-01,2021-03-31,-1
2021-10-28,44620,2022-03-31,2,,,,,,,,,,,,,,,,,,,,,,,,,,,,,25.00,,,,,,,false,false,12,2021-04-01,2022-03-31,0
2021-10-28,44620,2022-03-31,2,,,,,,,,,,,,,,,,,,,,,,,,,,,,,12.50,,,,,,,false,true,12,2021-04-01,2022-03-31,0
2021-10-28,44620,2022-03-31,2,,,,,,,,,,,,,,,,,,,,,,,,,,,,,,,,,16308280,641828,15866630,false,false,6,2021-04-01,2021-09-30,0
2021-10-28,44620,2021-03-31,2,,,,,,,,,,,,,,,,,,,,,,,,,,,,,,,,,,,16066676,false,false,6,2020-04-01,2020-09-30,-1
2022-01-28,44620,2022-03-31,3,14345000000,0.165,,,,,1878000000,0.762,2003000000,0.702,,1584000000,,100.31,,,,,,26056000000,21275000000,0.816,,21275000000,,,,,,,,,,,,true,false,9,2021-04-01,2021-12-31,0
2022-01-28,44620,2021-03-31,3,12316000000,-0.009,,,,,1066000000,0.044,1176000000,0.066,,1007000000,,62.69,,,,,,,,,,,,,,,,,,,,,,true,false,9,2020-04-01,2020-12-31,-1
2022-01-28,44620,2022-03-31,3,18800000000,0.108,,,,,2300000000,0.348,2400000000,0.295,,1900000000,,120.51,,,,,,,,,,,,,,,,,,,,,,true,true,12,2021-04-01,2022-03-31,0
2022-01-28,44620,2021-03-31,3,,,,,,,,,,,,,,,,,,,,24940000000,20526000000,0.823,,20526000000,,,,,,,,,,,,true,false,12,2020-04-01,2021-03-31,-1
2022-01-28,44620,2021-03-31,3,,,,,,,,,,,,,,,,,,,,,,,,,,,,,43.00,,,,16308280,241604,,false,false,12,2020-04-01,2021-03-31,-1
2022-01-28,44620,2022-03-31,3,,,,,,,,,,,,,,,,,,,,,,,,,,,,,25.00,,,,,,,false,false,12,2021-04-01,2022-03-31,0
2022-01-28,44620,2022-03-31,3,,,,,,,,,,,,,,,,,,,,,,,,,,,,,12.50,,,,,,,false,true,12,2021-04-01,2022-03-31,0
2022-01-28,44620,2022-03-31,3,,,,,,,,,,,,,,,,,,,,,,,,,,,,,,,,,16308280,641868,15799890,false,false,9,2021-04-01,2021-12-31,0
2022-01-28,44620,2021-03-31,3,,,,,,,,,,,,,,,,,,,,,,,,,,,,,,,,,,,16066676,false,false,9,2020-04-01,2020-12-31,-1
,44620,2022-03-31,,,,,,,,,,,,,,,,,,,,,,,,,,,,,,39.00,,,,,,,false,true,12,2021-04-01,2022-03-31,0
,44620,2022-03-31,,,,,,,,,,,,,,,,,,,,,,,,,,,,,,25.00,,,,,,,false,false,12,2021-04-01,2022-03-31,0
,44620,2021-03-31,,,,,,,,,,,,,,,,,,,,,,,,,,,,,,43.00,,,,,,,false,false,12,2020-04-01,2021-03-31,-1
2022-05-13,44620,2022-03-31,,19036000000,0.122,,,,,2355000000,0.381,2514000000,0.357,,2049000000,,130.01,,0.098,0.099,0.124,,25884000000,21494000000,0.830,1372.03,21494000000,1786000000,-604000000,-862000000,4479000000,,0.204,,,,,,true,false,12,2021-04-01,2022-03-31,0
2022-05-13,44620,2021-03-31,,16967000000,0.011,,,,,1705000000,0.178,1853000000,0.211,,1504000000,,93.66,,0.076,0.077,0.101,,24940000000,20526000000,0.823,1277.55,20526000000,2410000000,-1463000000,-355000000,4145000000,,0.230,,,,,,true,false,12,2020-04-01,2021-03-31,-1
2022-05-13,44620,2023-03-31,,10000000000,0.041,,,,,1320000000,-0.013,1360000000,-0.043,,1060000000,,67.66,,,,,,,,,,,,,,,,,,,,,,true,true,6,2022-04-01,2022-09-30,1
2022-05-13,44620,2023-03-31,,20600000000,0.082,,,,,2580000000,0.095,2670000000,0.062,,2100000000,,134.04,,,,,,,,,,,,,,,,0.224,,,,,,true,true,12,2022-04-01,2023-03-31,1
2022-05-13,44620,2021-03-31,,,,,,,,,,,,,,,,,,,,,,,,,,,,,,43.00,,,,16308280,241604,16066676,false,false,12,2020-04-01,2021-03-31,-1
2022-05-13,44620,2022-03-31,,,,,,,,,,,,,,,,,,,,,,,,,,,,,,39.00,,,,16308280,641868,15766521,false,false,12,2021-04-01,2022-03-31,0
2022-05-13,44620,2023-03-31,,,,,,,,,,,,,,,,,,,,,,,,,,,,,,30.00,,,,,,,false,true,12,2022-04-01,2023-03-31,1
2022-07-28,44620,2023-03-31,1,5125000000,0.088,,,,,660000000,0.067,741000000,0.072,,513000000,,33.36,,,,,,25695000000,21172000000,0.824,,21172000000,,,,,,,,,,,,true,false,3,2022-04-01,2022-06-30,0
2022-07-28,44620,2022-03-31,1,4710000000,0.144,,,,,619000000,1.571,691000000,1.406,,533000000,,33.18,,,,,,,,,,,,,,,,,,,,,,true,false,3,2021-04-01,2021-06-30,-1
2022-07-28,44620,2023-03-31,1,10000000000,0.041,,,,,1320000000,-0.013,1360000000,-0.043,,1060000000,,67.66,,,,,,,,,,,,,,,,,,,,,,true,true,6,2022-04-01,2022-09-30,0
2022-07-28,44620,2023-03-31,1,20600000000,0.082,,,,,2580000000,0.095,2670000000,0.062,,2100000000,,134.04,,,,,,,,,,,,,,,,,,,,,,true,true,12,2022-04-01,2023-03-31,0
2022-07-28,44620,2022-03-31,1,,,,,,,,,,,,,,,,,,,,25884000000,21494000000,0.830,,21494000000,,,,,,,,,,,,true,false,12,2021-04-01,2022-03-31,-1
2022-07-28,44620,2022-03-31,1,,,,,,,,,,,,,,,,,,,,,,,,,,,,,39.00,,,,16308280,641868,,false,false,12,2021-04-01,2022-03-31,-1
2022-07-28,44620,2023-03-31,1,,,,,,,,,,,,,,,,,,,,,,,,,,,,,34.00,,,,,,,false,true,12,2022-04-01,2023-03-31,0
2022-07-28,44620,2023-03-31,1,,,,,,,,,,,,,,,,,,,,,,,,,,,,,,,,,16308280,1063868,15385078,false,false,3,2022-04-01,2022-06-30,0
2022-07-28,44620,2022-03-31,1,,,,,,,,,,,,,,,,,,,,,,,,,,,,,,,,,,,16066676,false,false,3,2021-04-01,2021-06-30,-1
,44620,2023-03-31,,,,,,,,,,,,,,,,,,,,,,,,,,,,,,34.00,,,,,,,false,true,12,2022-04-01,2023-03-31,0
,44620,2022-03-31,,,,,,,,,,,,,,,,,,,,,,,,,,,,,,39.00,,,,,,,false,false,12,2021-04-01,2022-03-31,-1
2022-10-31,44620,2023-03-31,2,10369000000,0.079,,,,,1259000000,-0.059,1363000000,-0.041,,944000000,,61.63,,,,,,26485000000,21588000000,0.815,,21588000000,,,,,,,,,,,,true,false,6,2022-04-01,2022-09-30,0
2022-10-31,44620,2022-03-31,2,9608000000,0.181,,,,,1337000000,1.256,1421000000,1.147,,1136000000,,71.63,,,,,,,,,,,,,,,,,,,,,,true,false,6,2021-04-01,2021-09-30,-1
2022-10-31,44620,2023-03-31,2,20600000000,0.082,,,,,2580000000,0.095,2670000000,0.062,,2100000000,,137.38,,,,,,,,,,,,,,,,,,,,,,true,true,12,2022-04-01,2023-03-31,0
2022-10-31,44620,2022-03-31,2,,,,,,,,,,,,,,,,,,,,25884000000,21494000000,0.830,,21494000000,,,,,,,,,,,,true,false,12,2021-04-01,2022-03-31,-1
2022-10-31,44620,2022-03-31,2,,,,,,,,,,,,,,,,,,,,,,,,,,,,,39.00,,,,16308280,641868,,false,false,12,2021-04-01,2022-03-31,-1
2022-10-31,44620,2023-03-31,2,,,,,,,,,,,,,,,,,,,,,,,,,,,,,17.00,,,,,,,false,false,12,2022-04-01,2023-03-31,0
2022-10-31,44620,2023-03-31,2,,,,,,,,,,,,,,,,,,,,,,,,,,,,,34.00,,,,,,,false,true,12,2022-04-01,2023-03-31,0
2022-10-31,44620,2023-03-31,2,,,,,,,,,,,,,,,,,,,,,,,,,,,,,,,,,16308280,1055808,15318782,false,false,6,2022-04-01,2022-09-30,0
2022-10-31,44620,2022-03-31,2,,,,,,,,,,,,,,,,,,,,,,,,,,,,,,,,,,,15866630,false,false,6,2021-04-01,2021-09-30,-1
2023-01-31,44620,2023-03-31,3,15555000000,0.084,,,,,1775000000,-0.055,1873000000,-0.065,,1308000000,,85.53,,,,,,26546000000,21700000000,0.817,,21700000000,,,,,,,,,,,,true,false,9,2022-04-01,2022-12-31,0
2023-01-31,44620,2022-03-31,3,14345000000,0.165,,,,,1878000000,0.762,2003000000,0.702,,1584000000,,100.31,,,,,,,,,,,,,,,,,,,,,,true,false,9,2021-04-01,2021-12-31,-1
2023-01-31,44620,2023-03-31,3,20100000000,0.056,,,,,2220000000,-0.057,2330000000,-0.073,,1700000000,,111.22,,,,,,,,,,,,,,,,,,,,,,true,true,12,2022-04-01,2023-03-31,0
2023-01-31,44620,2022-03-31,3,,,,,,,,,,,,,,,,,,,,25884000000,21494000000,0.830,,21494000000,,,,,,,,,,,,true,false,12,2021-04-01,2022-03-31,-1
2023-01-31,44620,2022-03-31,3,,,,,,,,,,,,,,,,,,,,,,,,,,,,,39.00,,,,16308280,641868,,false,false,12,2021-04-01,2022-03-31,-1
2023-01-31,44620,2023-03-31,3,,,,,,,,,,,,,,,,,,,,,,,,,,,,,17.00,,,,,,,false,false,12,2022-04-01,2023-03-31,0
2023-01-31,44620,2023-03-31,3,,,,,,,,,,,,,,,,,,,,,,,,,,,,,34.00,,,,,,,false,true,12,2022-04-01,2023-03-31,0
2023-01-31,44620,2023-03-31,3,,,,,,,,,,,,,,,,,,,,,,,,,,,,,,,,,16308280,1055808,15296678,false,false,9,2022-04-01,2022-12-31,0
2023-01-31,44620,2022-03-31,3,,,,,,,,,,,,,,,,,,,,,,,,,,,,,,,,,,,15799890,false,false,9,2021-04-01,2021-12-31,-1
2023-01-31,44620,2023-03-31,,20100000000,-0.024,,,,,2220000000,-0.140,2330000000,-0.127,,1700000000,,111.22,,,,,,,,,,,,,,,,,,,,,,true,true,12,2022-04-01,2023-03-31,0
2023-01-31,44620,2022-03-31,,19036000000,,,,,,2355000000,,2514000000,,,2049000000,,130.01,,,,,,,,,,,,,,,,,,,,,,true,false,12,2021-04-01,2022-03-31,-1
2023-05-15,44620,2023-03-31,,20345000000,0.069,,,,,2139000000,-0.092,2258000000,-0.102,,1684000000,,110.32,,0.078,0.086,0.105,,26505000000,21900000000,0.826,1447.11,21900000000,947000000,716000000,-1184000000,4962000000,,0.308,,,,,,true,false,12,2022-04-01,2023-03-31,0
2023-05-15,44620,2022-03-31,,19036000000,0.122,,,,,2355000000,0.381,2514000000,0.357,,2049000000,,130.01,,0.098,0.099,0.124,,25884000000,21494000000,0.830,1372.03,21494000000,1786000000,-604000000,-862000000,4479000000,,0.204,,,,,,true,false,12,2021-04-01,2022-03-31,-1
2023-05-15,44620,2024-03-31,,10200000000,-0.016,,,,,1290000000,0.024,1330000000,-0.025,,960000000,,64.16,,,,,,,,,,,,,,,,,,,,,,true,true,6,2023-04-01,2023-09-30,1
2023-05-15,44620,2024-03-31,,21400000000,0.052,,,,,2700000000,0.262,2780000000,0.231,,2010000000,,134.61,,,,,,,,,,,,,,,,0.267,,,,,,true,true,12,2023-04-01,2024-03-31,1
2023-05-15,44620,2022-03-31,,,,,,,,,,,,,,,,,,,,,,,,,,,,,,39.00,,,,16308280,641868,15766521,false,false,12,2021-04-01,2022-03-31,-1
2023-05-15,44620,2023-03-31,,,,,,,,,,,,,,,,,,,,,,,,,,,,,,34.00,,,,16308280,1174708,15271985,false,false,12,2022-04-01,2023-03-31,0
2023-05-15,44620,2024-03-31,,,,,,,,,,,,,,,,,,,,,,,,,,,,,,36.00,,,,,,,false,true,12,2023-04-01,2024-03-31,1
2023-07-27,44620,2024-03-31,1,4766000000,-0.070,,,,,374000000,-0.433,432000000,-0.417,,347000000,,23.18,,,,,,26334000000,21771000000,0.827,,21771000000,,,,,,,,,,,,true,false,3,2023-04-01,2023-06-30,0
2023-07-27,44620,2023-03-31,1,5125000000,0.088,,,,,660000000,0.067,741000000,0.072,,513000000,,33.36,,,,,,,,,,,,,,,,,,,,,,true,false,3,2022-04-01,2022-06-30,-1
2023-07-27,44620,2024-03-31,1,10200000000,-0.016,,,,,1290000000,0.024,1330000000,-0.025,,960000000,,64.12,,,,,,,,,,,,,,,,,,,,,,true,true,6,2023-04-01,2023-09-30,0
2023-07-27,44620,2024-03-31,1,21400000000,0.052,,,,,2700000000,0.262,2780000000,0.231,,2010000000,,134.47,,,,,,,,,,,,,,,,,,,,,,true,true,12,2023-04-01,2024-03-31,0
2023-07-27,44620,2023-03-31,1,,,,,,,,,,,,,,,,,,,,26505000000,21900000000,0.826,,21900000000,,,,,,,,,,,,true,false,12,2022-04-01,2023-03-31,-1
2023-07-27,44620,2023-03-31,1,,,,,,,,,,,,,,,,,,,,,,,,,,,,,34.00,,,,16308280,1174708,,false,false,12,2022-04-01,2023-03-31,-1
2023-07-27,44620,2024-03-31,1,,,,,,,,,,,,,,,,,,,,,,,,,,,,,36.00,,,,,,,false,true,12,2023-04-01,2024-03-31,0
2023-07-27,44620,2024-03-31,1,,,,,,,,,,,,,,,,,,,,,,,,,,,,,,,,,16308280,1347008,15009272,false,false,3,2023-04-01,2023-06-30,0
2023-07-27,44620,2023-03-31,1,,,,,,,,,,,,,,,,,,,,,,,,,,,,,,,,,,,15385078,false,false,3,2022-04-01,2022-06-30,-1
2023-10-31,44620,2024-03-31,2,10035000000,-0.032,,,,,1062000000,-0.156,1152000000,-0.155,,903000000,,60.36,,,,,,27125000000,22229000000,0.819,,22229000000,,,,,,,,,,,,true,false,6,2023-04-01,2023-09-30,0
2023-10-31,44620,2023-03-31,2,10369000000,0.079,,,,,1259000000,-0.059,1363000000,-0.041,,944000000,,61.63,,,,,,,,,,,,,,,,,,,,,,true,false,6,2022-04-01,2022-09-30,-1
2023-10-31,44620,2024-03-31,2,21400000000,0.052,,,,,2700000000,0.262,2780000000,0.231,,2010000000,,134.45,,,,,,,,,,,,,,,,,,,,,,true,true,12,2023-04-01,2024-03-31,0
2023-10-31,44620,2023-03-31,2,,,,,,,,,,,,,,,,,,,,26505000000,21900000000,0.826,,21900000000,,,,,,,,,,,,true,false,12,2022-04-01,2023-03-31,-1
2023-10-31,44620,2023-03-31,2,,,,,,,,,,,,,,,,,,,,,,,,,,,,,34.00,,,,16308280,1174708,,false,false,12,2022-04-01,2023-03-31,-1
2023-10-31,44620,2024-03-31,2,,,,,,,,,,,,,,,,,,,,,,,,,,,,,18.00,,,,,,,false,false,12,2023-04-01,2024-03-31,0
2023-10-31,44620,2024-03-31,2,,,,,,,,,,,,,,,,,,,,,,,,,,,,,36.00,,,,,,,false,true,12,2023-04-01,2024-03-31,0
2023-10-31,44620,2024-03-31,2,,,,,,,,,,,,,,,,,,,,,,,,,,,,,,,,,16308280,1381818,14973203,false,false,6,2023-04-01,2023-09-30,0
2023-10-31,44620,2023-03-31,2,,,,,,,,,,,,,,,,,,,,,,,,,,,,,,,,,,,15318782,false,false,6,2022-04-01,2022-09-30,-1
2024-01-31,44620,2024-03-31,3,15419000000,-0.009,,,,,1694000000,-0.045,1792000000,-0.044,,1388000000,,92.82,,,,,,27126000000,22487000000,0.829,,22487000000,,,,,,,,,,,,true,false,9,2023-04-01,2023-12-31,0
2024-01-31,44620,2023-03-31,3,15555000000,0.084,,,,,1775000000,-0.055,1873000000,-0.065,,1308000000,,85.53,,,,,,,,,,,,,,,,,,,,,,true,false,9,2022-04-01,2022-12-31,-1
2024-01-31,44620,2024-03-31,3,20600000000,0.013,,,,,2210000000,0.033,2320000000,0.027,,1770000000,,118.40,,,,,,,,,,,,,,,,,,,,,,true,true,12,2023-04-01,2024-03-31,0
2024-01-31,44620,2023-03-31,3,,,,,,,,,,,,,,,,,,,,26505000000,21900000000,0.826,,21900000000,,,,,,,,,,,,true,false,12,2022-04-01,2023-03-31,-1
2024-01-31,44620,2023-03-31,3,,,,,,,,,,,,,,,,,,,,,,,,,,,,,34.00,,,,16308280,1174708,,false,false,12,2022-04-01,2023-03-31,-1
2024-01-31,44620,2024-03-31,3,,,,,,,,,,,,,,,,,,,,,,,,,,,,,18.00,,,,,,,false,false,12,2023-04-01,2024-03-31,0
2024-01-31,44620,2024-03-31,3,,,,,,,,,,,,,,,,,,,,,,,,,,,,,36.00,,,,,,,false,true,12,2023-04-01,2024-03-31,0
2024-01-31,44620,2024-03-31,3,,,,,,,,,,,,,,,,,,,,,,,,,,,,,,,,,15973680,1047259,14957614,false,false,9,2023-04-01,2023-12-31,0
2024-01-31,44620,2023-03-31,3,,,,,,,,,,,,,,,,,,,,,,,,,,,,,,,,,,,15296678,false,false,9,2022-04-01,2022-12-31,-1
2024-05-15,44620,2024-03-31,,20705000000,0.018,,,,,2328000000,0.089,2457000000,0.088,,1906000000,,127.56,,0.085,0.090,0.112,,27917000000,23106000000,0.828,1548.03,23106000000,1844000000,-281000000,-883000000,5651000000,,0.282,,,,,,true,false,12,2023-04-01,2024-03-31,0
2024-05-15,44620,2023-03-31,,20345000000,0.069,,,,,2139000000,-0.092,2258000000,-0.102,,1684000000,,110.32,,0.078,0.086,0.105,,26505000000,21900000000,0.826,1447.11,21900000000,947000000,716000000,-1184000000,4962000000,,0.308,,,,,,true,false,12,2022-04-01,2023-03-31,-1
2024-05-15,44620,2025-03-31,,10900000000,0.086,,,,,1290000000,0.214,1330000000,0.154,,950000000,,63.65,,,,,,,,,,,,,,,,,,,,,,true,true,6,2024-04-01,2024-09-30,1
2024-05-15,44620,2025-03-31,,22400000000,0.082,,,,,2730000000,0.172,2790000000,0.136,,2000000000,,133.99,,,,,,,,,,,,,,,,0.299,,,,,,true,true,12,2024-04-01,2025-03-31,1
2024-05-15,44620,2023-03-31,,,,,,,,,,,,,,,,,,,,,,,,,,,,,,34.00,,,,16308280,1174708,15271985,false,false,12,2022-04-01,2023-03-31,-1
2024-05-15,44620,2024-03-31,,,,,,,,,,,,,,,,,,,,,,,,,,,,,,36.00,,,,15973680,1047259,14949815,false,false,12,2023-04-01,2024-03-31,0
2024-05-15,44620,2025-03-31,,,,,,,,,,,,,,,,,,,,,,,,,,,,,,40.00,,,,,,,false,true,12,2024-04-01,2025-03-31,1
2024-07-25,44620,2025-03-31,1,5980000000,0.255,,,,,808000000,1.156,876000000,1.027,,635000000,,42.66,,,,,,28204000000,23387000000,0.829,,23387000000,,,,,,,,,,,,true,false,3,2024-04-01,2024-06-30,0
2024-07-25,44620,2024-03-31,1,4766000000,-0.070,,,,,374000000,-0.433,432000000,-0.417,,347000000,,23.18,,,,,,,,,,,,,,,,,,,,,,true,false,3,2023-04-01,2023-06-30,-1
2024-07-25,44620,2025-03-31,1,10900000000,0.086,,,,,1290000000,0.214,1330000000,0.154,,950000000,,64.04,,,,,,,,,,,,,,,,,,,,,,true,true,6,2024-04-01,2024-09-30,0
2024-07-25,44620,2025-03-31,1,22400000000,0.082,,,,,2730000000,0.172,2790000000,0.136,,2000000000,,135.41,,,,,,,,,,,,,,,,,,,,,,true,true,12,2024-04-01,2025-03-31,0
2024-07-25,44620,2024-03-31,1,,,,,,,,,,,,,,,,,,,,27917000000,23106000000,0.828,,23106000000,,,,,,,,,,,,true,false,12,2023-04-01,2024-03-31,-1
2024-07-25,44620,2024-03-31,1,,,,,,,,,,,,,,,,,,,,,,,,,,,,,36.00,,,,15973680,1047259,,false,false,12,2023-04-01,2024-03-31,-1
2024-07-25,44620,2025-03-31,1,,,,,,,,,,,,,,,,,,,,,,,,,,,,,40.00,,,,,,,false,true,12,2024-04-01,2025-03-31,0
2024-07-25,44620,2025-03-31,1,,,,,,,,,,,,,,,,,,,,,,,,,,,,,,,,,15973680,1108859,14897121,false,false,3,2024-04-01,2024-06-30,0
2024-07-25,44620,2024-03-31,1,,,,,,,,,,,,,,,,,,,,,,,,,,,,,,,,,,,15009272,false,false,3,2023-04-01,2023-06-30,-1
2024-10-31,44620,2025-03-31,2,12031000000,0.199,,,,,1777000000,0.672,1785000000,0.549,,1287000000,,88.02,,,,,,28541000000,20967000000,0.735,,20967000000,,,,,,,,,,,,true,false,6,2024-04-01,2024-09-30,0
2024-10-31,44620,2024-03-31,2,10035000000,-0.032,,,,,1062000000,-0.156,1152000000,-0.155,,903000000,,60.36,,,,,,,,,,,,,,,,,,,,,,true,false,6,2023-04-01,2023-09-30,-1
2024-10-31,44620,2025-03-31,2,23100000000,0.116,,,,,3060000000,0.314,3100000000,0.262,,2230000000,,157.71,,,,,,,,,,,,,,,,,,,,,,true,true,12,2024-04-01,2025-03-31,0
2024-10-31,44620,2024-03-31,2,,,,,,,,,,,,,,,,,,,,27917000000,23106000000,0.828,,23106000000,,,,,,,,,,,,true,false,12,2023-04-01,2024-03-31,-1
2024-10-31,44620,2024-03-31,2,,,,,,,,,,,,,,,,,,,,,,,,,,,,,36.00,,,,15973680,1047259,,false,false,12,2023-04-01,2024-03-31,-1
2024-10-31,44620,2025-03-31,2,,,,,,,,,,,,,,,,,,,,,,,,,,,,,20.00,,,,,,,false,false,12,2024-04-01,2025-03-31,0
2024-10-31,44620,2025-03-31,2,,,,,,,,,,,,,,,,,,,,,,,,,,,,,40.00,,,,,,,false,true,12,2024-04-01,2025-03-31,0
2024-10-31,44620,2025-03-31,2,,,,,,,,,,,,,,,,,,,,,,,,,,,,,,,,,15603680,1946159,14622804,false,false,6,2024-04-01,2024-09-30,0
2024-10-31,44620,2024-03-31,2,,,,,,,,,,,,,,,,,,,,,,,,,,,,,,,,,,,14973203,false,false,6,2023-04-01,2023-09-30,-1
2024-10-31,44620,2025-03-31,,12031000000,0.104,,,,,1777000000,0.378,1785000000,0.342,,1287000000,,88.02,,,,,,,,,,,,,,,,,,,,,,true,true,6,2024-04-01,2024-09-30,0
2024-10-31,44620,2024-03-31,,10035000000,,,,,,1062000000,,1152000000,,,903000000,,60.36,,,,,,,,,,,,,,,,,,,,,,true,false,6,2023-04-01,2023-09-30,-1
2024-10-31,44620,2025-03-31,,23100000000,0.031,,,,,3060000000,0.121,3100000000,0.111,,2230000000,,157.71,,,,,,,,,,,,,,,,,,,,,,true,true,12,2024-04-01,2025-03-31,0
2024-10-31,44620,2024-03-31,,20705000000,,,,,,2328000000,,2457000000,,,1906000000,,127.56,,,,,,,,,,,,,,,,,,,,,,true,false,12,2023-04-01,2024-03-31,-1
2024-10-31,44620,2025-03-31,2,12031000000,0.199,,,,,1777000000,0.672,1785000000,0.549,,1287000000,,87.11,,,,,,28541000000,23204000000,0.813,,23204000000,,,,,,,,,,,,true,false,6,2024-04-01,2024-09-30,0
2024-10-31,44620,2024-03-31,2,10035000000,-0.032,,,,,1062000000,-0.156,1152000000,-0.155,,903000000,,60.36,,,,,,,,,,,,,,,,,,,,,,true,false,6,2023-04-01,2023-09-30,-1
2024-10-31,44620,2025-03-31,2,23100000000,0.116,,,,,3060000000,0.314,3100000000,0.262,,2230000000,,156.87,,,,,,,,,,,,,,,,,,,,,,true,true,12,2024-04-01,2025-03-31,0
2024-10-31,44620,2024-03-31,2,,,,,,,,,,,,,,,,,,,,27917000000,23106000000,0.828,,23106000000,,,,,,,,,,,,true,false,12,2023-04-01,2024-03-31,-1
2024-10-31,44620,2024-03-31,2,,,,,,,,,,,,,,,,,,,,,,,,,,,,,36.00,,,,15973680,1047259,,false,false,12,2023-04-01,2024-03-31,-1
2024-10-31,44620,2025-03-31,2,,,,,,,,,,,,,,,,,,,,,,,,,,,,,20.00,,,,,,,false,false,12,2024-04-01,2025-03-31,0
2024-10-31,44620,2025-03-31,2,,,,,,,,,,,,,,,,,,,,,,,,,,,,,40.00,,,,,,,false,true,12,2024-04-01,2025-03-31,0
2024-10-31,44620,2025-03-31,2,,,,,,,,,,,,,,,,,,,,,,,,,,,,,,,,,15603680,1036159,14774471,false,false,6,2024-04-01,2024-09-30,0
2024-10-31,44620,2024-03-31,2,,,,,,,,,,,,,,,,,,,,,,,,,,,,,,,,,,,14973203,false,false,6,2023-04-01,2023-09-30,-1
2024-11-14,44620,2025-03-31,,12031000000,0.104,,,,,1777000000,0.378,1785000000,0.342,,1287000000,,87.11,,,,,,,,,,,,,,,,,,,,,,true,true,6,2024-04-01,2024-09-30,0
2024-11-14,44620,2024-03-31,,10035000000,,,,,,1062000000,,1152000000,,,903000000,,60.36,,,,,,,,,,,,,,,,,,,,,,true,false,6,2023-04-01,2023-09-30,-1
2024-11-14,44620,2025-03-31,,23100000000,0.031,,,,,3060000000,0.121,3100000000,0.111,,2230000000,,156.87,,,,,,,,,,,,,,,,,,,,,,true,true,12,2024-04-01,2025-03-31,0
2024-11-14,44620,2024-03-31,,20705000000,,,,,,2328000000,,2457000000,,,1906000000,,127.56,,,,,,,,,,,,,,,,,,,,,,true,false,12,2023-04-01,2024-03-31,-1
2025-01-31,44620,2025-03-31,3,18008000000,0.168,,,,,2656000000,0.568,2754000000,0.537,,2001000000,,138.99,,,,,,26376000000,21442000000,0.813,,21442000000,,,,,,,,,,,,true,false,9,2024-04-01,2024-12-31,0
2025-01-31,44620,2024-03-31,3,15419000000,-0.009,,,,,1694000000,-0.045,1792000000,-0.044,,1388000000,,92.82,,,,,,,,,,,,,,,,,,,,,,true,false,9,2023-04-01,2023-12-31,-1
2025-01-31,44620,2025-03-31,3,23100000000,0.116,,,,,3060000000,0.314,3100000000,0.262,,2230000000,,156.87,,,,,,,,,,,,,,,,,,,,,,true,true,12,2024-04-01,2025-03-31,0
2025-01-31,44620,2024-03-31,3,,,,,,,,,,,,,,,,,,,,27917000000,23106000000,0.828,,23106000000,,,,,,,,,,,,true,false,12,2023-04-01,2024-03-31,-1
2025-01-31,44620,2024-03-31,3,,,,,,,,,,,,,,,,,,,,,,,,,,,,,36.00,,,,15973680,1047259,,false,false,12,2023-04-01,2024-03-31,-1
2025-01-31,44620,2025-03-31,3,,,,,,,,,,,,,,,,,,,,,,,,,,,,,20.00,,,,,,,false,false,12,2024-04-01,2025-03-31,0
2025-01-31,44620,2025-03-31,3,,,,,,,,,,,,,,,,,,,,,,,,,,,,,40.00,,,,,,,false,true,12,2024-04-01,2025-03-31,0
2025-01-31,44620,2025-03-31,3,,,,,,,,,,,,,,,,,,,,,,,,,,,,,,,,,15603680,1946159,14402154,false,false,9,2024-04-01,2024-12-31,0
2025-01-31,44620,2024-03-31,3,,,,,,,,,,,,,,,,,,,,,,,,,,,,,,,,,,,14957614,false,false,9,2023-04-01,2023-12-31,-1
2025-05-15,44620,2025-03-31,,23630000000,0.141,,,,,3400000000,0.460,3456000000,0.407,,2465000000,,173.43,,0.110,0.126,0.144,,26997000000,21899000000,0.811,1603.46,21899000000,3591000000,182000000,-3678000000,5757000000,,0.231,,,,,,true,false,12,2024-04-01,2025-03-31,0
2025-05-15,44620,2024-03-31,,20705000000,0.018,,,,,2328000000,0.089,2457000000,0.088,,1906000000,,127.56,,0.085,0.090,0.112,,27917000000,23106000000,0.828,1548.03,23106000000,1844000000,-281000000,-883000000,5651000000,,0.282,,,,,,true,false,12,2023-04-01,2024-03-31,-1
2025-05-15,44620,2026-03-31,,11800000000,-0.019,,,,,1690000000,-0.049,1730000000,-0.031,,1220000000,,89.33,,,,,,,,,,,,,,,,,,,,,,true,true,6,2025-04-01,2025-09-30,1
2025-05-15,44620,2026-03-31,,24500000000,0.037,,,,,3510000000,0.032,3600000000,0.041,,2550000000,,186.71,,,,,,,,,,,,,,,,0.236,,,,,,true,true,12,2025-04-01,2026-03-31,1
2025-05-15,44620,2024-03-31,,,,,,,,,,,,,,,,,,,,,,,,,,,,,,36.00,,,,15973680,1047259,14949815,false,false,12,2023-04-01,2024-03-31,-1
2025-05-15,44620,2025-03-31,,,,,,,,,,,,,,,,,,,,,,,,,,,,,,40.00,,,,15153680,1496159,14215996,false,false,12,2024-04-01,2025-03-31,0
2025-05-15,44620,2026-03-31,,,,,,,,,,,,,,,,,,,,,,,,,,,,,,44.00,,,,,,,false,true,12,2025-04-01,2026-03-31,1
