filing_date,code,fiscal_year_end,quarterly_period,net_sales,net_sales_change,revenue,revenue_change,operating_revenue,operating_revenue_change,operating_profit,operating_profit_change,ordinary_profit,ordinary_profit_change,net_income,net_income_of_parent,net_income_change,eps,diluted_eps,roe,roa,operating_profit_to_net_sales,operating_profit_to_revenue,total_assets,net_assets,equity_ratio,bps,owner_equity,operating_cash_flow,investing_cash_flow,financing_cash_flow,cash,dividend_per_share,payout_ratio,commemorative_dividend,extra_dividend,number_of_shares,number_of_treqsury_shares,avg_number_of_shares,is_consolidated,is_forecast,duration,period_start,period_end,period_pos
2015-05-15,45020,2015-03-31,,776222000000,-0.025,,,,,110066000000,-0.034,239509000000,0.141,60714000000,,-0.705,77.20,77.10,,,,,2591184000000,1477854000000,0.570,1877.88,1475964000000,,,,,180.00,,,,789923595,3949665,786391395,false,false,12,2014-04-01,2015-03-31,0
2015-05-15,45020,2014-03-31,,796512000000,0.008,,,,,113992000000,0.294,209890000000,1.180,205497000000,,0.323,260.27,259.98,,,,,2728528000000,1584309000000,0.580,2004.64,1582763000000,,,,,180.00,,,,789680595,212853,789464621,false,false,12,2013-04-01,2014-03-31,-1
2015-05-15,45020,2015-03-31,,,,,,,,-129254000000,,,,,-145775000000,,-185.37,-185.37,,,,,4296192000000,,,,,182517000000,91347000000,-300998000000,,,,,,,,,true,false,12,2014-04-01,2015-03-31,0
2015-05-15,45020,2014-03-31,,,,,,,,139274000000,1.143,,,,106658000000,,135.10,134.95,,,,,4569144000000,,,,,148720000000,-154057000000,96502000000,,,1.332,,,,,,true,false,12,2013-04-01,2014-03-31,-1
2015-05-15,45020,2016-03-31,,,,,,,,105000000000,,,,,68000000000,,86.53,,,,,,,,,,,,,,,,2.080,,,,,,true,true,12,2015-04-01,2016-03-31,1
2015-05-15,45020,2016-03-31,,,,,,,,,,,,,,,,,,,,,,,,,,,,,,180.00,,,,,,,false,true,12,2015-04-01,2016-03-31,1
2015-05-15,45020,2015-03-31,,776222000000,-0.025,,,,,110066000000,-0.034,239509000000,0.141,60714000000,,-0.705,77.20,77.10,,,,,2591184000000,1477854000000,0.570,1877.88,1475964000000,,,,,180.00,,,,789923595,4032165,786391395,false,false,12,2014-04-01,2015-03-31,0
2015-05-15,45020,2014-03-31,,796512000000,0.008,,,,,113992000000,0.294,209890000000,1.180,205497000000,,0.323,260.27,259.98,,,,,2728528000000,1584309000000,0.580,2004.64,1582763000000,,,,,180.00,,,,789680595,212853,789464621,false,false,12,2013-04-01,2014-03-31,-1
2015-05-15,45020,2015-03-31,,,,,,,,-129254000000,,,,,-145775000000,,-185.37,-185.37,,,,,4296192000000,,,,,182517000000,91347000000,-300998000000,,,,,,,,,true,false,12,2014-04-01,2015-03-31,0
2015-05-15,45020,2014-03-31,,,,,,,,139274000000,1.143,,,,106658000000,,135.10,134.95,,,,,4569144000000,,,,,148720000000,-154057000000,96502000000,,,1.332,,,,,,true,false,12,2013-04-01,2014-03-31,-1
2015-05-15,45020,2016-03-31,,,,,,,,105000000000,,,,,68000000000,,86.53,,,,,,,,,,,,,,,,2.080,,,,,,true,true,12,2015-04-01,2016-03-31,1
2015-05-15,45020,2016-03-31,,,,,,,,,,,,,,,,,,,,,,,,,,,,,,180.00,,,,,,,false,true,12,2015-04-01,2016-03-31,1
2015-07-30,45020,2016-03-31,1,,,,,,,49559000000,-0.222,,,,24583000000,,31.32,31.12,,,,,4320850000000,,,,,,,,,,,,,,,,true,false,3,2015-04-01,2015-06-30,0
2015-07-30,45020,2015-03-31,1,,,,,,,63689000000,0.113,,,,33399000000,,42.40,42.36,,,,,,,,,,,,,,,,,,,,,true,false,3,2014-04-01,2014-06-30,-1
2015-07-30,45020,2016-03-31,1,,,,,,,105000000000,,,,,68000000000,,86.53,,,,,,,,,,,,,,,,,,,,,,true,true,12,2015-04-01,2016-03-31,0
2015-07-30,45020,2015-03-31,1,,,,,,,,,,,,,,,,,,,,4296192000000,,,,,,,,,,,,,,,,true,false,12,2014-04-01,2015-03-31,-1
2015-07-30,45020,2015-03-31,1,,,,,,,,,,,,,,,,,,,,,,,,,,,,,180.00,,,,789923595,4032165,,false,false,12,2014-04-01,2015-03-31,-1
2015-07-30,45020,2016-03-31,1,,,,,,,,,,,,,,,,,,,,,,,,,,,,,180.00,,,,,,,false,true,12,2015-04-01,2016-03-31,0
2015-07-30,45020,2016-03-31,1,,,,,,,,,,,,,,,,,,,,,,,,,,,,,,,,,790004295,6784759,785026072,false,false,3,2015-04-01,2015-06-30,0
2015-07-30,45020,2015-03-31,1,,,,,,,,,,,,,,,,,,,,,,,,,,,,,,,,,,,787728067,false,false,3,2014-04-01,2014-06-30,-1
2015-10-30,45020,2016-03-31,2,,,,,,,110449000000,-0.054,,,,54385000000,,69.34,68.68,,,,,4213829000000,,,,,,,,,,,,,,,,true,false,6,2015-04-01,2015-09-30,0
2015-10-30,45020,2015-03-31,2,,,,,,,116695000000,0.062,,,,61437000000,,78.07,77.95,,,,,,,,,,,,,,,,,,,,,true,false,6,2014-04-01,2014-09-30,-1
2015-10-30,45020,2016-03-31,2,,,,,,,105000000000,,,,,68000000000,,86.53,,,,,,,,,,,,,,,,,,,,,,true,true,12,2015-04-01,2016-03-31,0
2015-10-30,45020,2015-03-31,2,,,,,,,,,,,,,,,,,,,,4296192000000,,,,,,,,,,,,,,,,true,false,12,2014-04-01,2015-03-31,-1
2015-10-30,45020,2015-03-31,2,,,,,,,,,,,,,,,,,,,,,,,,,,,,,180.00,,,,789923595,4032165,,false,false,12,2014-04-01,2015-03-31,-1
2015-10-30,45020,2016-03-31,2,,,,,,,,,,,,,,,,,,,,,,,,,,,,,90.00,,,,,,,false,false,12,2015-04-01,2016-03-31,0
2015-10-30,45020,2016-03-31,2,,,,,,,,,,,,,,,,,,,,,,,,,,,,,180.00,,,,,,,false,true,12,2015-04-01,2016-03-31,0
2015-10-30,45020,2016-03-31,2,,,,,,,,,,,,,,,,,,,,,,,,,,,,,,,,,790151295,6741125,784322754,false,false,6,2015-04-01,2015-09-30,0
2015-10-30,45020,2015-03-31,2,,,,,,,,,,,,,,,,,,,,,,,,,,,,,,,,,,,786906005,false,false,6,2014-04-01,2014-09-30,-1
2016-02-03,45020,2016-03-31,3,,,,,,,167480000000,-0.159,,,,113646000000,,144.94,143.88,,,,,4189879000000,,,,,,,,,,,,,,,,true,false,9,2015-04-01,2015-12-31,0
2016-02-03,45020,2015-03-31,3,,,,,,,199052000000,0.126,,,,79745000000,,101.39,101.16,,,,,,,,,,,,,,,,,,,,,true,false,9,2014-04-01,2014-12-31,-1
2016-02-03,45020,2016-03-31,3,,,,,,,120000000000,,,,,68000000000,,86.53,,,,,,,,,,,,,,,,,,,,,,true,true,12,2015-04-01,2016-03-31,0
2016-02-03,45020,2015-03-31,3,,,,,,,,,,,,,,,,,,,,4296192000000,,,,,,,,,,,,,,,,true,false,12,2014-04-01,2015-03-31,-1
2016-02-03,45020,2015-03-31,3,,,,,,,,,,,,,,,,,,,,,,,,,,,,,180.00,,,,789923595,4032165,,false,false,12,2014-04-01,2015-03-31,-1
2016-02-03,45020,2016-03-31,3,,,,,,,,,,,,,,,,,,,,,,,,,,,,,90.00,,,,,,,false,false,12,2015-04-01,2016-03-31,0
2016-02-03,45020,2016-03-31,3,,,,,,,,,,,,,,,,,,,,,,,,,,,,,180.00,,,,,,,false,true,12,2015-04-01,2016-03-31,0
2016-02-03,45020,2016-03-31,3,,,,,,,,,,,,,,,,,,,,,,,,,,,,,,,,,790194695,6743866,784060957,false,false,9,2015-04-01,2015-12-31,0
2016-02-03,45020,2015-03-31,3,,,,,,,,,,,,,,,,,,,,,,,,,,,,,,,,,,,786554842,false,false,9,2014-04-01,2014-12-31,-1
2016-05-10,45020,2016-03-31,,776998000000,0.001,,,,,94232000000,-0.144,292895000000,0.223,263023000000,,3.332,335.48,334.88,,,,,2699455000000,1572199000000,0.582,2003.90,1570302000000,,,,,180.00,,,,790284095,6745181,783932982,false,false,12,2015-04-01,2016-03-31,0
2016-05-10,45020,2015-03-31,,776222000000,-0.025,,,,,110066000000,-0.034,239509000000,0.141,60714000000,,-0.705,77.20,77.10,,,,,2591184000000,1477854000000,0.570,1877.88,1475964000000,,,,,180.00,,,,789923595,4032165,786391395,false,false,12,2014-04-01,2015-03-31,-1
2016-05-10,45020,2016-03-31,,,,,,,,130828000000,,,,,80166000000,,102.26,101.71,,,,,3824085000000,,,,,25491000000,-71208000000,-124839000000,,,1.760,,,,,,true,false,12,2015-04-01,2016-03-31,0
2016-05-10,45020,2015-03-31,,,,,,,,-129254000000,,,,,-145775000000,,-185.37,-185.37,,,,,4296192000000,,,,,182517000000,91347000000,-300998000000,,,,,,,,,true,false,12,2014-04-01,2015-03-31,-1
2016-05-10,45020,2017-03-31,,,,,,,,135000000000,0.032,,,,88000000000,,112.31,,,,,,,,,,,,,,,,1.604,,,,,,true,true,12,2016-04-01,2017-03-31,1
2016-05-10,45020,2017-03-31,,,,,,,,,,,,,,,,,,,,,,,,,,,,,,180.00,,,,,,,false,true,12,2016-04-01,2017-03-31,1
2016-07-29,45020,2017-03-31,1,,,,,,,152933000000,2.086,,,,99527000000,,127.30,126.75,,,,,3817012000000,,,,,,,,,,,,,,,,true,false,3,2016-04-01,2016-06-30,0
2016-07-29,45020,2016-03-31,1,,,,,,,49559000000,-0.222,,,,24583000000,,31.32,31.12,,,,,,,,,,,,,,,,,,,,,true,false,3,2015-04-01,2015-06-30,-1
2016-07-29,45020,2017-03-31,1,,,,,,,135000000000,0.032,,,,88000000000,,112.31,,,,,,,,,,,,,,,,,,,,,,true,true,12,2016-04-01,2017-03-31,0
2016-07-29,45020,2016-03-31,1,,,,,,,,,,,,,,,,,,,,3824085000000,,,,,,,,,,,,,,,,true,false,12,2015-04-01,2016-03-31,-1
2016-07-29,45020,2016-03-31,1,,,,,,,,,,,,,,,,,,,,,,,,,,,,,180.00,,,,790284095,6745181,,false,false,12,2015-04-01,2016-03-31,-1
2016-07-29,45020,2017-03-31,1,,,,,,,,,,,,,,,,,,,,,,,,,,,,,180.00,,,,,,,false,true,12,2016-04-01,2017-03-31,0
2016-07-29,45020,2017-03-31,1,,,,,,,,,,,,,,,,,,,,,,,,,,,,,,,,,790342895,9314080,781821909,false,false,3,2016-04-01,2016-06-30,0
2016-07-29,45020,2016-03-31,1,,,,,,,,,,,,,,,,,,,,,,,,,,,,,,,,,,,785026072,false,false,3,2015-04-01,2015-06-30,-1
2016-10-28,45020,2017-03-31,2,,,,,,,162075000000,0.467,,,,124300000000,,159.07,158.40,,,,,3801817000000,,,,,,,,,,,,,,,,true,false,6,2016-04-01,2016-09-30,0
2016-10-28,45020,2016-03-31,2,,,,,,,110449000000,-0.054,,,,54385000000,,69.34,68.68,,,,,,,,,,,,,,,,,,,,,true,false,6,2015-04-01,2015-09-30,-1
2016-10-28,45020,2017-03-31,2,,,,,,,135000000000,0.032,,,,91000000000,,116.14,,,,,,,,,,,,,,,,,,,,,,true,true,12,2016-04-01,2017-03-31,0
2016-10-28,45020,2016-03-31,2,,,,,,,,,,,,,,,,,,,,3824085000000,,,,,,,,,,,,,,,,true,false,12,2015-04-01,2016-03-31,-1
2016-10-28,45020,2016-03-31,2,,,,,,,,,,,,,,,,,,,,,,,,,,,,,180.00,,,,790284095,6745181,,false,false,12,2015-04-01,2016-03-31,-1
2016-10-28,45020,2017-03-31,2,,,,,,,,,,,,,,,,,,,,,,,,,,,,,90.00,,,,,,,false,false,12,2016-04-01,2017-03-31,0
2016-10-28,45020,2017-03-31,2,,,,,,,,,,,,,,,,,,,,,,,,,,,,,180.00,,,,,,,false,true,12,2016-04-01,2017-03-31,0
2016-10-28,45020,2017-03-31,2,,,,,,,,,,,,,,,,,,,,,,,,,,,,,,,,,790396895,9691117,781400430,false,false,6,2016-04-01,2016-09-30,0
2016-10-28,45020,2016-03-31,2,,,,,,,,,,,,,,,,,,,,,,,,,,,,,,,,,,,784322754,false,false,6,2015-04-01,2015-09-30,-1
2017-02-01,45020,2017-03-31,3,,,,,,,217430000000,0.298,,,,165674000000,,212.08,211.01,,,,,4142032000000,,,,,,,,,,,,,,,,true,false,9,2016-04-01,2016-12-31,0
2017-02-01,45020,2016-03-31,3,,,,,,,167480000000,-0.159,,,,113646000000,,144.94,143.88,,,,,,,,,,,,,,,,,,,,,true,false,9,2015-04-01,2015-12-31,-1
2017-02-01,45020,2017-03-31,3,,,,,,,135000000000,0.032,,,,93000000000,,118.69,,,,,,,,,,,,,,,,,,,,,,true,true,12,2016-04-01,2017-03-31,0
2017-02-01,45020,2016-03-31,3,,,,,,,,,,,,,,,,,,,,3824085000000,,,,,,,,,,,,,,,,true,false,12,2015-04-01,2016-03-31,-1
2017-02-01,45020,2016-03-31,3,,,,,,,,,,,,,,,,,,,,,,,,,,,,,180.00,,,,790284095,6745181,,false,false,12,2015-04-01,2016-03-31,-1
2017-02-01,45020,2017-03-31,3,,,,,,,,,,,,,,,,,,,,,,,,,,,,,90.00,,,,,,,false,false,12,2016-04-01,2017-03-31,0
2017-02-01,45020,2017-03-31,3,,,,,,,,,,,,,,,,,,,,,,,,,,,,,180.00,,,,,,,false,true,12,2016-04-01,2017-03-31,0
2017-02-01,45020,2017-03-31,3,,,,,,,,,,,,,,,,,,,,,,,,,,,,,,,,,790412695,9692624,781194796,false,false,9,2016-04-01,2016-12-31,0
2017-02-01,45020,2016-03-31,3,,,,,,,,,,,,,,,,,,,,,,,,,,,,,,,,,,,784060957,false,false,9,2015-04-01,2015-12-31,-1
2017-05-10,45020,2017-03-31,,737803000000,-0.050,,,,,70262000000,-0.254,81915000000,-0.720,108369000000,,-0.588,138.73,138.60,,,,,3093070000000,1530447000000,0.494,1957.76,1528861000000,,,,,180.00,,,,790521195,9679939,781095975,false,false,12,2016-04-01,2017-03-31,0
2017-05-10,45020,2016-03-31,,776998000000,0.001,,,,,94232000000,-0.144,292895000000,0.223,263023000000,,3.332,335.48,334.88,,,,,2699455000000,1572199000000,0.582,2003.90,1570302000000,,,,,180.00,,,,790284095,6745181,783932982,false,false,12,2015-04-01,2016-03-31,-1
2017-05-10,45020,2017-03-31,,,,,,,,155867000000,0.191,,,,114940000000,,147.15,146.26,,,,,4355782000000,,,,,261363000000,-655691000000,289896000000,,,1.223,,,,,,true,false,12,2016-04-01,2017-03-31,0
2017-05-10,45020,2016-03-31,,,,,,,,130828000000,,,,,80166000000,,102.26,101.71,,,,,3824085000000,,,,,25491000000,-71208000000,-124839000000,,,1.760,,,,,,true,false,12,2015-04-01,2016-03-31,-1
2017-05-10,45020,2018-03-31,,,,,,,,180000000000,0.155,,,,138000000000,,176.73,,,,,,,,,,,,,,,,1.018,,,,,,true,true,12,2017-04-01,2018-03-31,1
2017-05-10,45020,2018-03-31,,,,,,,,,,,,,,,,,,,,,,,,,,,,,,180.00,,,,,,,false,true,12,2017-04-01,2018-03-31,1
2017-07-28,45020,2018-03-31,1,,,,,,,194975000000,0.275,,,,144789000000,,185.61,184.39,,,,,4345922000000,,,,,,,,,,,,,,,,true,false,3,2017-04-01,2017-06-30,0
2017-07-28,45020,2017-03-31,1,,,,,,,152933000000,2.086,,,,99527000000,,127.30,126.75,,,,,,,,,,,,,,,,,,,,,true,false,3,2016-04-01,2016-06-30,-1
2017-07-28,45020,2018-03-31,1,,,,,,,180000000000,0.155,,,,138000000000,,176.73,,,,,,,,,,,,,,,,,,,,,,true,true,12,2017-04-01,2018-03-31,0
2017-07-28,45020,2017-03-31,1,,,,,,,,,,,,,,,,,,,,4355782000000,,,,,,,,,,,,,,,,true,false,12,2016-04-01,2017-03-31,-1
2017-07-28,45020,2017-03-31,1,,,,,,,,,,,,,,,,,,,,,,,,,,,,,180.00,,,,790521195,9679939,,false,false,12,2016-04-01,2017-03-31,-1
2017-07-28,45020,2018-03-31,1,,,,,,,,,,,,,,,,,,,,,,,,,,,,,180.00,,,,,,,false,true,12,2017-04-01,2018-03-31,0
2017-07-28,45020,2018-03-31,1,,,,,,,,,,,,,,,,,,,,,,,,,,,,,,,,,790764795,9952574,780050503,false,false,3,2017-04-01,2017-06-30,0
2017-07-28,45020,2017-03-31,1,,,,,,,,,,,,,,,,,,,,,,,,,,,,,,,,,,,781821909,false,false,3,2016-04-01,2016-06-30,-1
2017-11-01,45020,2018-03-31,2,,,,,,,234349000000,0.446,,,,172816000000,,221.43,219.98,,,,,4375955000000,,,,,,,,,,,,,,,,true,false,6,2017-04-01,2017-09-30,0
2017-11-01,45020,2017-03-31,2,,,,,,,162075000000,0.467,,,,124300000000,,159.07,158.40,,,,,,,,,,,,,,,,,,,,,true,false,6,2016-04-01,2016-09-30,-1
2017-11-01,45020,2018-03-31,2,,,,,,,200000000000,0.283,,,,152000000000,,194.66,,,,,,,,,,,,,,,,,,,,,,true,true,12,2017-04-01,2018-03-31,0
2017-11-01,45020,2017-03-31,2,,,,,,,,,,,,,,,,,,,,4354663000000,,,,,,,,,,,,,,,,true,false,12,2016-04-01,2017-03-31,-1
2017-11-01,45020,2017-03-31,2,,,,,,,,,,,,,,,,,,,,,,,,,,,,,180.00,,,,790521195,9679939,,false,false,12,2016-04-01,2017-03-31,-1
2017-11-01,45020,2018-03-31,2,,,,,,,,,,,,,,,,,,,,,,,,,,,,,90.00,,,,,,,false,false,12,2017-04-01,2018-03-31,0
2017-11-01,45020,2018-03-31,2,,,,,,,,,,,,,,,,,,,,,,,,,,,,,180.00,,,,,,,false,true,12,2017-04-01,2018-03-31,0
2017-11-01,45020,2018-03-31,2,,,,,,,,,,,,,,,,,,,,,,,,,,,,,,,,,790874595,9825062,780467839,false,false,6,2017-04-01,2017-09-30,0
2017-11-01,45020,2017-03-31,2,,,,,,,,,,,,,,,,,,,,,,,,,,,,,,,,,,,781400430,false,false,6,2016-04-01,2016-09-30,-1
2018-02-01,45020,2018-03-31,3,,,,,,,322287000000,0.482,,,,240906000000,,308.59,306.51,,,,,4410558000000,,,,,,,,,,,,,,,,true,false,9,2017-04-01,2017-12-31,0
2018-02-01,45020,2017-03-31,3,,,,,,,217430000000,0.298,,,,165674000000,,212.08,211.01,,,,,,,,,,,,,,,,,,,,,true,false,9,2016-04-01,2016-12-31,-1
2018-02-01,45020,2018-03-31,3,,,,,,,218700000000,0.403,,,,157300000000,,201.45,,,,,,,,,,,,,,,,,,,,,,true,true,12,2017-04-01,2018-03-31,0
2018-02-01,45020,2017-03-31,3,,,,,,,,,,,,,,,,,,,,4346794000000,,,,,,,,,,,,,,,,true,false,12,2016-04-01,2017-03-31,-1
2018-02-01,45020,2017-03-31,3,,,,,,,,,,,,,,,,,,,,,,,,,,,,,180.00,,,,790521195,9679939,,false,false,12,2016-04-01,2017-03-31,-1
2018-02-01,45020,2018-03-31,3,,,,,,,,,,,,,,,,,,,,,,,,,,,,,90.00,,,,,,,false,false,12,2017-04-01,2018-03-31,0
2018-02-01,45020,2018-03-31,3,,,,,,,,,,,,,,,,,,,,,,,,,,,,,180.00,,,,,,,false,true,12,2017-04-01,2018-03-31,0
2018-02-01,45020,2018-03-31,3,,,,,,,,,,,,,,,,,,,,,,,,,,,,,,,,,791007195,9827406,780671614,false,false,9,2017-04-01,2017-12-31,0
2018-02-01,45020,2017-03-31,3,,,,,,,,,,,,,,,,,,,,,,,,,,,,,,,,,,,781194796,false,false,9,2016-04-01,2016-12-31,-1
2018-05-14,45020,2018-03-31,,659462000000,-0.106,,,,,67736000000,-0.036,125944000000,0.537,187004000000,,0.726,239.47,239.18,,,,,2956901000000,1561978000000,0.528,1997.26,1560646000000,,,,,180.00,,,,794688295,13379133,780811628,false,false,12,2017-04-01,2018-03-31,0
2018-05-14,45020,2017-03-31,,737803000000,-0.050,,,,,70262000000,-0.254,81915000000,-0.720,108369000000,,-0.588,138.73,138.60,,,,,3093070000000,1530447000000,0.494,1957.76,1528861000000,,,,,180.00,,,,790521195,9679939,781095975,false,false,12,2016-04-01,2017-03-31,-1
2018-05-14,45020,2018-03-31,,,,,,,,241789000000,0.551,,,,186886000000,,239.35,237.56,,,,,4106463000000,,,,,377854000000,-93342000000,-326226000000,,,0.752,,,,,,true,false,12,2017-04-01,2018-03-31,0
2018-05-14,45020,2017-03-31,,,,,,,,155867000000,0.191,,,,114940000000,,147.15,146.26,,,,,4346794000000,,,,,261363000000,-655691000000,289896000000,,,1.223,,,,,,true,false,12,2016-04-01,2017-03-31,-1
2018-05-14,45020,2019-03-31,,,,,,,,201000000000,-0.169,,,,139000000000,,177.91,,,,,,,,,,,,,,,,1.012,,,,,,true,true,12,2018-04-01,2019-03-31,1
2018-05-14,45020,2019-03-31,,,,,,,,,,,,,,,,,,,,,,,,,,,,,,180.00,,,,,,,false,true,12,2018-04-01,2019-03-31,1
2018-07-31,45020,2019-03-31,1,,,,,,,98870000000,-0.493,,,,78242000000,,100.05,99.49,,,,,4159577000000,,,,,,,,,,,,,,,,true,false,3,2018-04-01,2018-06-30,0
2018-07-31,45020,2018-03-31,1,,,,,,,194975000000,0.275,,,,144789000000,,185.61,184.39,,,,,,,,,,,,,,,,,,,,,true,false,3,2017-04-01,2017-06-30,-1
2018-07-31,45020,2019-03-31,1,,,,,,,201000000000,-0.169,,,,139000000000,,177.91,,,,,,,,,,,,,,,,,,,,,,true,true,12,2018-04-01,2019-03-31,0
2018-07-31,45020,2018-03-31,1,,,,,,,,,,,,,,,,,,,,4106463000000,,,,,,,,,,,,,,,,true,false,12,2017-04-01,2018-03-31,-1
2018-07-31,45020,2018-03-31,1,,,,,,,,,,,,,,,,,,,,,,,,,,,,,180.00,,,,794688295,13379133,,false,false,12,2017-04-01,2018-03-31,-1
2018-07-31,45020,2019-03-31,1,,,,,,,,,,,,,,,,,,,,,,,,,,,,,180.00,,,,,,,false,true,12,2018-04-01,2019-03-31,0
2018-07-31,45020,2019-03-31,1,,,,,,,,,,,,,,,,,,,,,,,,,,,,,,,,,794692395,10377441,782000820,false,false,3,2018-04-01,2018-06-30,0
2018-07-31,45020,2018-03-31,1,,,,,,,,,,,,,,,,,,,,,,,,,,,,,,,,,,,780050503,false,false,3,2017-04-01,2017-06-30,-1
2018-10-31,45020,2019-03-31,2,,,,,,,171956000000,-0.266,,,,126668000000,,161.76,160.93,,,,,4274839000000,,,,,,,,,,,,,,,,true,false,6,2018-04-01,2018-09-30,0
2018-10-31,45020,2018-03-31,2,,,,,,,234349000000,0.446,,,,172816000000,,221.43,219.98,,,,,,,,,,,,,,,,,,,,,true,false,6,2017-04-01,2017-09-30,-1
2018-10-31,45020,2019-03-31,2,,,,,,,268900000000,0.112,,,,189500000000,,241.82,,,,,,,,,,,,,,,,,,,,,,true,true,12,2018-04-01,2019-03-31,0
2018-10-31,45020,2018-03-31,2,,,,,,,,,,,,,,,,,,,,4106463000000,,,,,,,,,,,,,,,,true,false,12,2017-04-01,2018-03-31,-1
2018-10-31,45020,2018-03-31,2,,,,,,,,,,,,,,,,,,,,,,,,,,,,,180.00,,,,794688295,13379133,,false,false,12,2017-04-01,2018-03-31,-1
2018-10-31,45020,2019-03-31,2,,,,,,,,,,,,,,,,,,,,,,,,,,,,,90.00,,,,,,,false,false,12,2018-04-01,2019-03-31,0
2018-10-31,45020,2019-03-31,2,,,,,,,,,,,,,,,,,,,,,,,,,,,,,180.00,,,,,,,false,true,12,2018-04-01,2019-03-31,0
2018-10-31,45020,2019-03-31,2,,,,,,,,,,,,,,,,,,,,,,,,,,,,,,,,,794701895,10224406,783061602,false,false,6,2018-04-01,2018-09-30,0
2018-10-31,45020,2018-03-31,2,,,,,,,,,,,,,,,,,,,,,,,,,,,,,,,,,,,780467839,false,false,6,2017-04-01,2017-09-30,-1
2019-02-01,45020,2019-03-31,3,,,,,,,284420000000,-0.117,,,,164434000000,,209.87,208.64,,,,,5767223000000,,,,,,,,,,,,,,,,true,false,9,2018-04-01,2018-12-31,0
2019-02-01,45020,2018-03-31,3,,,,,,,322287000000,0.482,,,,240906000000,,308.59,306.51,,,,,,,,,,,,,,,,,,,,,true,false,9,2017-04-01,2017-12-31,-1
2019-02-01,45020,2019-03-31,3,,,,,,,268900000000,0.112,,,,189500000000,,241.82,,,,,,,,,,,,,,,,,,,,,,true,true,12,2018-04-01,2019-03-31,0
2019-02-01,45020,2018-03-31,3,,,,,,,,,,,,,,,,,,,,4106463000000,,,,,,,,,,,,,,,,true,false,12,2017-04-01,2018-03-31,-1
2019-02-01,45020,2018-03-31,3,,,,,,,,,,,,,,,,,,,,,,,,,,,,,180.00,,,,794688295,13379133,,false,false,12,2017-04-01,2018-03-31,-1
2019-02-01,45020,2019-03-31,3,,,,,,,,,,,,,,,,,,,,,,,,,,,,,90.00,,,,,,,false,false,12,2018-04-01,2019-03-31,0
2019-02-01,45020,2019-03-31,3,,,,,,,,,,,,,,,,,,,,,,,,,,,,,180.00,,,,,,,false,true,12,2018-04-01,2019-03-31,0
2019-02-01,45020,2019-03-31,3,,,,,,,,,,,,,,,,,,,,,,,,,,,,,,,Â ,Â ,794701895,10224786,783486186,false,false,9,2018-04-01,2018-12-31,0
2019-02-01,45020,2018-03-31,3,,,,,,,,,,,,,,,,,,,,,,,,,,,,,,,,,,,780671614,false,false,9,2017-04-01,2017-12-31,-1
2019-04-25,45020,2019-03-31,,,,,,,,205000000000,-0.238,,,,189500000000,,241.82,,,,,,,,,,,,,,,,,,,,,,true,true,12,2018-04-01,2019-03-31,0
2019-04-25,45020,2018-03-31,,,,,,,,241789000000,,,,,186708000000,,239.35,,,,,,,,,,,,,,,,,,,,,,true,false,12,2017-04-01,2018-03-31,-1
2019-05-14,45020,2019-03-31,,651347000000,-0.012,,,,,73865000000,0.090,17514000000,-0.861,88231000000,,-0.528,91.76,91.72,,,,,9534645000000,4647171000000,0.487,2987.94,4645844000000,,,,,180.00,,,,1565005908,10225845,961476993,false,false,12,2018-04-01,2019-03-31,0
2019-05-14,45020,2018-03-31,,659462000000,-0.106,,,,,67736000000,-0.036,125944000000,0.537,187004000000,,0.726,239.47,239.18,,,,,2948562000000,1565913000000,0.531,2002.29,1564581000000,,,,,180.00,,,,794688295,13379133,780811628,false,false,12,2017-04-01,2018-03-31,-1
2019-05-14,45020,2019-03-31,,,,,,,,204969000000,-0.152,,,,109126000000,,113.50,112.86,,,,,13872322000000,,,,,328479000000,-2835698000000,2946237000000,,,1.586,,,,,,true,false,12,2018-04-01,2019-03-31,0
2019-05-14,45020,2018-03-31,,,,,,,,241789000000,0.551,,,,186886000000,,239.35,237.56,,,,,4106463000000,,,,,377854000000,-93342000000,-326226000000,,,0.752,,,,,,true,false,12,2017-04-01,2018-03-31,-1
2019-05-14,45020,2020-03-31,,,,,,,,-193000000000,,,,,-383000000000,,-246.34,,,,,,,,,,,,,,,,,,,,,,true,true,12,2019-04-01,2020-03-31,1
2019-05-14,45020,2020-03-31,,,,,,,,,,,,,,,,,,,,,,,,,,,,,,180.00,,,,,,,false,true,12,2019-04-01,2020-03-31,1
2019-07-31,45020,2020-03-31,1,,,,,,,9866000000,-0.900,,,,-20660000000,,-13.28,-13.28,,,,,13550424000000,,,,,,,,,,,,,,,,true,false,3,2019-04-01,2019-06-30,0
2019-07-31,45020,2019-03-31,1,,,,,,,98870000000,-0.493,,,,78242000000,,100.05,99.49,,,,,,,,,,,,,,,,,,,,,true,false,3,2018-04-01,2018-06-30,-1
2019-07-31,45020,2020-03-31,1,,,,,,,-166000000000,,,,,-367700000000,,-236.05,,,,,,,,,,,,,,,,,,,,,,true,true,12,2019-04-01,2020-03-31,0
2019-07-31,45020,2019-03-31,1,,,,,,,,,,,,,,,,,,,,13900023000000,,,,,,,,,,,,,,,,true,false,12,2018-04-01,2019-03-31,-1
2019-07-31,45020,2019-03-31,1,,,,,,,,,,,,,,,,,,,,,,,,,,,,,180.00,,,,1565005908,10225845,,false,false,12,2018-04-01,2019-03-31,-1
2019-07-31,45020,2020-03-31,1,,,,,,,,,,,,,,,,,,,,,,,,,,,,,180.00,,,,,,,false,true,12,2019-04-01,2020-03-31,0
2019-07-31,45020,2020-03-31,1,,,,,,,,,,,,,,,,,,,,,,,,,,,,,,,,,1576356908,17788229,1555727523,false,false,3,2019-04-01,2019-06-30,0
2019-07-31,45020,2019-03-31,1,,,,,,,,,,,,,,,,,,,,,,,,,,,,,,,,,,,782000820,false,false,3,2018-04-01,2018-06-30,-1
2019-10-31,45020,2020-03-31,2,,,,,,,50310000000,-0.707,,,,33184000000,,21.32,21.25,,,,,12880141000000,,,,,,,,,,,,,,,,true,false,6,2019-04-01,2019-09-30,0
2019-10-31,45020,2019-03-31,2,,,,,,,171956000000,-0.266,,,,126668000000,,161.76,160.93,,,,,,,,,,,,,,,,,,,,,true,false,6,2018-04-01,2018-09-30,-1
2019-10-31,45020,2020-03-31,2,,,,,,,-110000000000,,,,,-273000000000,,-175.31,,,,,,,,,,,,,,,,,,,,,,true,true,12,2019-04-01,2020-03-31,0
2019-10-31,45020,2019-03-31,2,,,,,,,,,,,,,,,,,,,,13884107000000,,,,,,,,,,,,,,,,true,false,12,2018-04-01,2019-03-31,-1
2019-10-31,45020,2019-03-31,2,,,,,,,,,,,,,,,,,,,,,,,,,,,,,180.00,,,,1565005908,10225845,,false,false,12,2018-04-01,2019-03-31,-1
2019-10-31,45020,2020-03-31,2,,,,,,,,,,,,,,,,,,,,,,,,,,,,,90.00,,,,,,,false,false,12,2019-04-01,2020-03-31,0
2019-10-31,45020,2020-03-31,2,,,,,,,,,,,,,,,,,,,,,,,,,,,,,180.00,,,,,,,false,true,12,2019-04-01,2020-03-31,0
2019-10-31,45020,2020-03-31,2,,,,,,,,,,,,,,,,,,,,,,,,,,,,,,,,,1576356908,18610286,1556734754,false,false,6,2019-04-01,2019-09-30,0
2019-10-31,45020,2019-03-31,2,,,,,,,,,,,,,,,,,,,,,,,,,,,,,,,,,,,783061602,false,false,6,2018-04-01,2018-09-30,-1
2020-02-04,45020,2020-03-31,3,,,,,,,162544000000,-0.429,,,,42517000000,,27.31,27.19,,,,,13031494000000,,,,,,,,,,,,,,,,true,false,9,2019-04-01,2019-12-31,0
2020-02-04,45020,2019-03-31,3,,,,,,,284420000000,-0.117,,,,164434000000,,209.87,208.64,,,,,,,,,,,,,,,,,,,,,true,false,9,2018-04-01,2018-12-31,-1
2020-02-04,45020,2020-03-31,3,,,,,,,10000000000,,,,,-162000000000,,-104.03,,,,,,,,,,,,,,,,,,,,,,true,true,12,2019-04-01,2020-03-31,0
2020-02-04,45020,2019-03-31,3,,,,,,,,,,,,,,,,,,,,13792773000000,,,,,,,,,,,,,,,,true,false,12,2018-04-01,2019-03-31,-1
2020-02-04,45020,2019-03-31,3,,,,,,,,,,,,,,,,,,,,,,,,,,,,,180.00,,,,1565005908,10225845,,false,false,12,2018-04-01,2019-03-31,-1
2020-02-04,45020,2020-03-31,3,,,,,,,,,,,,,,,,,,,,,,,,,,,,,90.00,,,,,,,false,false,12,2019-04-01,2020-03-31,0
2020-02-04,45020,2020-03-31,3,,,,,,,,,,,,,,,,,,,,,,,,,,,,,180.00,,,,,,,false,true,12,2019-04-01,2020-03-31,0
2020-02-04,45020,2020-03-31,3,,,,,,,,,,,,,,,,,,,,,,,,,,,,,,,,,1576356908,18611605,1557038034,false,false,9,2019-04-01,2019-12-31,0
2020-02-04,45020,2019-03-31,3,,,,,,,,,,,,,,,,,,,,,,,,,,,,,,,,,,,783486186,false,false,9,2018-04-01,2018-12-31,-1
2020-05-13,45020,2020-03-31,,616288000000,-0.054,,,,,89153000000,0.207,72252000000,3.125,130626000000,,0.480,83.88,83.87,,,,,10289304000000,4549000000000,0.442,2919.21,4547699000000,,,,,180.00,,,,1576373908,18608312,1557204329,false,false,12,2019-04-01,2020-03-31,0
2020-05-13,45020,2019-03-31,,651347000000,-0.012,,,,,73865000000,0.090,17514000000,-0.861,88231000000,,-0.528,91.76,91.72,,,,,9534645000000,4647171000000,0.487,2987.94,4645844000000,,,,,180.00,,,,1565005908,10225845,961476993,false,false,12,2018-04-01,2019-03-31,-1
2020-05-13,45020,2020-03-31,,,,,,,,100408000000,-0.578,,,,44241000000,,28.41,28.25,,,,,12821094000000,,,,,669752000000,292119000000,-1005213000000,,,6.336,,,,,,true,false,12,2019-04-01,2020-03-31,0
2020-05-13,45020,2019-03-31,,,,,,,,237685000000,-0.017,,,,135192000000,,140.61,139.82,,,,,13792773000000,,,,,328479000000,-2835698000000,2946237000000,,,1.280,,,,,,true,false,12,2018-04-01,2019-03-31,-1
2020-05-13,45020,2021-03-31,,,,,,,,355000000000,2.536,,,,60000000000,,38.52,,,,,,,,,,,,,,,,,,,,,,true,true,12,2020-04-01,2021-03-31,1
2020-05-13,45020,2021-03-31,,,,,,,,,,,,,,,,,,,,,,,,,,,,,,180.00,,,,,,,false,true,12,2020-04-01,2021-03-31,1
2020-07-31,45020,2021-03-31,1,,,,,,,167285000000,2.704,,,,82511000000,,52.93,52.69,,,,,12613852000000,,,,,,,,,,,,,,,,true,false,3,2020-04-01,2020-06-30,0
2020-07-31,45020,2020-03-31,1,,,,,,,45167000000,-0.543,,,,7009000000,,4.51,4.49,,,,,,,,,,,,,,,,,,,,,true,false,3,2019-04-01,2019-06-30,-1
2020-07-31,45020,2021-03-31,1,,,,,,,395000000000,2.934,,,,92000000000,,58.91,,,,,,,,,,,,,,,,,,,,,,true,true,12,2020-04-01,2021-03-31,0
2020-07-31,45020,2020-03-31,1,,,,,,,,,,,,,,,,,,,,12821094000000,,,,,,,,,,,,,,,,true,false,12,2019-04-01,2020-03-31,-1
2020-07-31,45020,2020-03-31,1,,,,,,,,,,,,,,,,,,,,,,,,,,,,,180.00,,,,1576373908,18608312,,false,false,12,2019-04-01,2020-03-31,-1
2020-07-31,45020,2021-03-31,1,,,,,,,,,,,,,,,,,,,,,,,,,,,,,180.00,,,,,,,false,true,12,2020-04-01,2021-03-31,0
2020-07-31,45020,2021-03-31,1,,,,,,,,,,,,,,,,,,,,,,,,,,,,,,,,,1576387908,13286283,1558969468,false,false,3,2020-04-01,2020-06-30,0
2020-07-31,45020,2020-03-31,1,,,,,,,,,,,,,,,,,,,,,,,,,,,,,,,,,,,1555727523,false,false,3,2019-04-01,2019-06-30,-1
2020-10-29,45020,2021-03-31,2,,,,,,,215588000000,0.977,,,,86548000000,,55.45,55.13,,,,,12414747000000,,,,,,,,,,,,,,,,true,false,6,2020-04-01,2020-09-30,0
2020-10-29,45020,2020-03-31,2,,,,,,,109033000000,-0.366,,,,74738000000,,48.01,47.87,,,,,,,,,,,,,,,,,,,,,true,false,6,2019-04-01,2019-09-30,-1
2020-10-29,45020,2021-03-31,2,,,,,,,434000000000,3.322,,,,124000000000,,79.39,,,,,,,,,,,,,,,,,,,,,,true,true,12,2020-04-01,2021-03-31,0
2020-10-29,45020,2020-03-31,2,,,,,,,,,,,,,,,,,,,,12821094000000,,,,,,,,,,,,,,,,true,false,12,2019-04-01,2020-03-31,-1
2020-10-29,45020,2020-03-31,2,,,,,,,,,,,,,,,,,,,,,,,,,,,,,180.00,,,,1576373908,18608312,,false,false,12,2019-04-01,2020-03-31,-1
2020-10-29,45020,2021-03-31,2,,,,,,,,,,,,,,,,,,,,,,,,,,,,,90.00,,,,,,,false,false,12,2020-04-01,2021-03-31,0
2020-10-29,45020,2021-03-31,2,,,,,,,,,,,,,,,,,,,,,,,,,,,,,180.00,,,,,,,false,true,12,2020-04-01,2021-03-31,0
2020-10-29,45020,2021-03-31,2,,,,,,,,,,,,,,,,,,,,,,,,,,,,,,,,,1576387908,13031872,1560848065,false,false,6,2020-04-01,2020-09-30,0
2020-10-29,45020,2020-03-31,2,,,,,,,,,,,,,,,,,,,,,,,,,,,,,,,,,,,1556734754,false,false,6,2019-04-01,2019-09-30,-1
2021-02-04,45020,2021-03-31,3,,,,,,,358729000000,1.207,,,,178907000000,,114.57,113.72,,,,,12286137000000,,,,,,,,,,,,,,,,true,false,9,2020-04-01,2020-12-31,0
2021-02-04,45020,2020-03-31,3,,,,,,,162544000000,-0.429,,,,42517000000,,27.31,27.19,,,,,,,,,,,,,,,,,,,,,true,false,9,2019-04-01,2019-12-31,-1
2021-02-04,45020,2021-03-31,3,,,,,,,434000000000,3.322,,,,180500000000,,115.56,,,,,,,,,,,,,,,,,,,,,,true,true,12,2020-04-01,2021-03-31,0
2021-02-04,45020,2020-03-31,3,,,,,,,,,,,,,,,,,,,,12821094000000,,,,,,,,,,,,,,,,true,false,12,2019-04-01,2020-03-31,-1
2021-02-04,45020,2020-03-31,3,,,,,,,,,,,,,,,,,,,,,,,,,,,,,180.00,,,,1576373908,18608312,,false,false,12,2019-04-01,2020-03-31,-1
2021-02-04,45020,2021-03-31,3,,,,,,,,,,,,,,,,,,,,,,,,,,,,,90.00,,,,,,,false,false,12,2020-04-01,2021-03-31,0
2021-02-04,45020,2021-03-31,3,,,,,,,,,,,,,,,,,,,,,,,,,,,,,180.00,,,,,,,false,true,12,2020-04-01,2021-03-31,0
2021-02-04,45020,2021-03-31,3,,,,,,,,,,,,,,,,,,,,,,,,,,,,,,,,,1576387908,13032676,1561600324,false,false,9,2020-04-01,2020-12-31,0
2021-02-04,45020,2020-03-31,3,,,,,,,,,,,,,,,,,,,,,,,,,,,,,,,,,,,1557038034,false,false,9,2019-04-01,2019-12-31,-1
2021-05-11,45020,2021-03-31,,602557000000,-0.022,,,,,121071000000,0.358,50010000000,-0.308,247513000000,,0.895,158.45,158.44,,,,,10856450000000,4434889000000,0.408,2835.81,4433632000000,,,,,180.00,,,,1576387908,13029749,1562005754,false,false,12,2020-04-01,2021-03-31,0
2021-05-11,45020,2020-03-31,,616288000000,-0.054,,,,,89153000000,0.207,72252000000,3.125,130626000000,,0.480,83.88,83.87,,,,,10289304000000,4549000000000,0.442,2919.21,4547699000000,,,,,180.00,,,,1576373908,18608312,1557204329,false,false,12,2019-04-01,2020-03-31,-1
2021-05-11,45020,2021-03-31,,,,,,,,509269000000,4.072,,,,376005000000,,240.72,238.96,,,,,12912293000000,,,,,1010931000000,393530000000,-1088354000000,,,0.748,,,,,,true,false,12,2020-04-01,2021-03-31,0
2021-05-11,45020,2020-03-31,,,,,,,,100408000000,-0.578,,,,44241000000,,28.41,28.25,,,,,12821094000000,,,,,669752000000,292119000000,-1005213000000,,,6.336,,,,,,true,false,12,2019-04-01,2020-03-31,-1
2021-05-11,45020,2022-03-31,,,,,,,,488000000000,-0.042,,,,250000000000,,159.91,,,,,,,,,,,,,,,,,,,,,,true,true,12,2021-04-01,2022-03-31,1
2021-05-11,45020,2022-03-31,,,,,,,,,,,,,,,,,,,,,,,,,,,,,,180.00,,,,,,,false,true,12,2021-04-01,2022-03-31,1
2021-07-30,45020,2022-03-31,1,,,,,,,248552000000,0.486,,,,200378000000,,128.02,127.27,,,,,12657234000000,,,,,,,,,,,,,,,,true,false,3,2021-04-01,2021-06-30,0
2021-07-30,45020,2021-03-31,1,,,,,,,167285000000,2.704,,,,82511000000,,52.93,52.69,,,,,,,,,,,,,,,,,,,,,true,false,3,2020-04-01,2020-06-30,-1
2021-07-30,45020,2022-03-31,1,,,,,,,488000000000,-0.042,,,,250000000000,,159.91,,,,,,,,,,,,,,,,,,,,,,true,true,12,2021-04-01,2022-03-31,0
2021-07-30,45020,2021-03-31,1,,,,,,,,,,,,,,,,,,,,12912293000000,,,,,,,,,,,,,,,,true,false,12,2020-04-01,2021-03-31,-1
2021-07-30,45020,2021-03-31,1,,,,,,,,,,,,,,,,,,,,,,,,,,,,,180.00,,,,1576387908,13029749,,false,false,12,2020-04-01,2021-03-31,-1
2021-07-30,45020,2022-03-31,1,,,,,,,,,,,,,,,,,,,,,,,,,,,,,180.00,,,,,,,false,true,12,2021-04-01,2022-03-31,0
2021-07-30,45020,2022-03-31,1,,,,,,,,,,,,,,,,,,,,,,,,,,,,,,,,,1578378220,9723017,1565249233,false,false,3,2021-04-01,2021-06-30,0
2021-07-30,45020,2021-03-31,1,,,,,,,,,,,,,,,,,,,,,,,,,,,,,,,,,,,1558969468,false,false,3,2020-04-01,2020-06-30,-1
2021-07-30,45020,2022-03-31,1,,,,,,,248552000000,0.486,,,,137684000000,,87.96,87.45,,,,,12657234000000,,,,,,,,,,,,,,,,true,false,3,2021-04-01,2021-06-30,0
2021-07-30,45020,2021-03-31,1,,,,,,,167285000000,2.704,,,,82511000000,,52.93,52.69,,,,,,,,,,,,,,,,,,,,,true,false,3,2020-04-01,2020-06-30,-1
2021-07-30,45020,2022-03-31,1,,,,,,,488000000000,-0.042,,,,250000000000,,159.91,,,,,,,,,,,,,,,,,,,,,,true,true,12,2021-04-01,2022-03-31,0
2021-07-30,45020,2021-03-31,1,,,,,,,,,,,,,,,,,,,,12912293000000,,,,,,,,,,,,,,,,true,false,12,2020-04-01,2021-03-31,-1
2021-07-30,45020,2021-03-31,1,,,,,,,,,,,,,,,,,,,,,,,,,,,,,180.00,,,,1576387908,13029749,,false,false,12,2020-04-01,2021-03-31,-1
2021-07-30,45020,2022-03-31,1,,,,,,,,,,,,,,,,,,,,,,,,,,,,,180.00,,,,,,,false,true,12,2021-04-01,2022-03-31,0
2021-07-30,45020,2022-03-31,1,,,,,,,,,,,,,,,,,,,,,,,,,,,,,,,,,1578378220,9723017,1565249233,false,false,3,2021-04-01,2021-06-30,0
2021-07-30,45020,2021-03-31,1,,,,,,,,,,,,,,,,,,,,,,,,,,,,,,,,,,,1558969468,false,false,3,2020-04-01,2020-06-30,-1
2021-10-28,45020,2022-03-31,2,,,,,,,345979000000,0.605,,,,183648000000,,117.08,116.40,,,,,12560273000000,,,,,,,,,,,,,,,,true,false,6,2021-04-01,2021-09-30,0
2021-10-28,45020,2021-03-31,2,,,,,,,215588000000,0.977,,,,86548000000,,55.45,55.13,,,,,,,,,,,,,,,,,,,,,true,false,6,2020-04-01,2020-09-30,-1
2021-10-28,45020,2022-03-31,2,,,,,,,488000000000,-0.042,,,,184300000000,,117.35,,,,,,,,,,,,,,,,,,,,,,true,true,12,2021-04-01,2022-03-31,0
2021-10-28,45020,2021-03-31,2,,,,,,,,,,,,,,,,,,,,12912293000000,,,,,,,,,,,,,,,,true,false,12,2020-04-01,2021-03-31,-1
2021-10-28,45020,2021-03-31,2,,,,,,,,,,,,,,,,,,,,,,,,,,,,,180.00,,,,1576387908,13029749,,false,false,12,2020-04-01,2021-03-31,-1
2021-10-28,45020,2022-03-31,2,,,,,,,,,,,,,,,,,,,,,,,,,,,,,90.00,,,,,,,false,false,12,2021-04-01,2022-03-31,0
2021-10-28,45020,2022-03-31,2,,,,,,,,,,,,,,,,,,,,,,,,,,,,,180.00,,,,,,,false,true,12,2021-04-01,2022-03-31,0
2021-10-28,45020,2022-03-31,2,,,,,,,,,,,,,,,,,,,,,,,,,,,,,,,,,1582252525,9422671,1568497730,false,false,6,2021-04-01,2021-09-30,0
2021-10-28,45020,2021-03-31,2,,,,,,,,,,,,,,,,,,,,,,,,,,,,,,,,,,,1560848065,false,false,6,2020-04-01,2020-09-30,-1
2022-02-03,45020,2022-03-31,3,,,,,,,462463000000,0.289,,,,241417000000,,154.09,153.03,,,,,12698519000000,,,,,,,,,,,,,,,,true,false,9,2021-04-01,2021-12-31,0
2022-02-03,45020,2021-03-31,3,,,,,,,358729000000,1.207,,,,178907000000,,114.57,113.72,,,,,,,,,,,,,,,,,,,,,true,false,9,2020-04-01,2020-12-31,-1
2022-02-03,45020,2022-03-31,3,,,,,,,515000000000,0.011,,,,242500000000,,154.99,,,,,,,,,,,,,,,,,,,,,,true,true,12,2021-04-01,2022-03-31,0
2022-02-03,45020,2021-03-31,3,,,,,,,,,,,,,,,,,,,,12912293000000,,,,,,,,,,,,,,,,true,false,12,2020-04-01,2021-03-31,-1
2022-02-03,45020,2021-03-31,3,,,,,,,,,,,,,,,,,,,,,,,,,,,,,180.00,,,,1576387908,13029749,,false,false,12,2020-04-01,2021-03-31,-1
2022-02-03,45020,2022-03-31,3,,,,,,,,,,,,,,,,,,,,,,,,,,,,,90.00,,,,,,,false,false,12,2021-04-01,2022-03-31,0
2022-02-03,45020,2022-03-31,3,,,,,,,,,,,,,,,,,,,,,,,,,,,,,180.00,,,,,,,false,true,12,2021-04-01,2022-03-31,0
2022-02-03,45020,2022-03-31,3,,,,,,,,,,,,,,,,,,,,,,,,,,,,,,,,,1582252525,24757731,1566730171,false,false,9,2021-04-01,2021-12-31,0
2022-02-03,45020,2021-03-31,3,,,,,,,,,,,,,,,,,,,,,,,,,,,,,,,,,,,1561600324,false,false,9,2020-04-01,2020-12-31,-1
2022-05-11,45020,2022-03-31,,764301000000,0.268,,,,,293709000000,1.426,550876000000,,324450000000,,0.311,207.50,207.50,,,,,9641648000000,4294899000000,0.445,2769.31,4293669000000,,,,,180.00,,,,1582252525,31891746,1563501394,false,false,12,2021-04-01,2022-03-31,0
2022-05-11,45020,2021-03-31,,602557000000,-0.022,,,,,121071000000,0.358,50010000000,-0.308,247513000000,,0.895,158.45,158.44,,,,,10856450000000,4434889000000,0.408,2835.81,4433632000000,,,,,180.00,,,,1576387908,13029749,1562005754,false,false,12,2020-04-01,2021-03-31,-1
2022-05-11,45020,2022-03-31,,,,,,,,460844000000,-0.095,,,,230059000000,,147.14,145.87,,,,,13178018000000,,,,,1123105000000,-198125000000,-1070265000000,,,1.223,,,,,,true,false,12,2021-04-01,2022-03-31,0
2022-05-11,45020,2021-03-31,,,,,,,,509269000000,4.072,,,,376005000000,,240.72,238.96,,,,,12912293000000,,,,,1010931000000,393530000000,-1088354000000,,,0.748,,,,,,true,false,12,2020-04-01,2021-03-31,-1
2022-05-11,45020,2023-03-31,,,,,,,,520000000000,0.128,,,,292000000000,,188.13,,,,,,,,,,,,,,,,,,,,,,true,true,12,2022-04-01,2023-03-31,1
2022-05-11,45020,2023-03-31,,,,,,,,,,,,,,,,,,,,,,,,,,,,,,180.00,,,,,,,false,true,12,2022-04-01,2023-03-31,1
2022-07-28,45020,2023-03-31,1,,,,,,,150515000000,-0.394,,,,105014000000,,67.94,67.56,,,,,14065426000000,,,,,,,,,,,,,,,,true,false,3,2022-04-01,2022-06-30,0
2022-07-28,45020,2022-03-31,1,,,,,,,248552000000,0.486,,,,137684000000,,87.96,87.45,,,,,,,,,,,,,,,,,,,,,true,false,3,2021-04-01,2021-06-30,-1
2022-07-28,45020,2023-03-31,1,,,,,,,520000000000,0.128,,,,292000000000,,188.13,,,,,,,,,,,,,,,,,,,,,,true,true,12,2022-04-01,2023-03-31,0
2022-07-28,45020,2022-03-31,1,,,,,,,,,,,,,,,,,,,,13178018000000,,,,,,,,,,,,,,,,true,false,12,2021-04-01,2022-03-31,-1
2022-07-28,45020,2022-03-31,1,,,,,,,,,,,,,,,,,,,,,,,,,,,,,180.00,,,,1582252525,31891746,,false,false,12,2021-04-01,2022-03-31,-1
2022-07-28,45020,2023-03-31,1,,,,,,,,,,,,,,,,,,,,,,,,,,,,,180.00,,,,,,,false,true,12,2022-04-01,2023-03-31,0
2022-07-28,45020,2023-03-31,1,,,,,,,,,,,,,,,,,,,,,,,,,,,,,,,,,1582263225,36163177,1545705621,false,false,3,2022-04-01,2022-06-30,0
2022-07-28,45020,2022-03-31,1,,,,,,,,,,,,,,,,,,,,,,,,,,,,,,,,,,,1565249233,false,false,3,2021-04-01,2021-06-30,-1
2022-10-27,45020,2023-03-31,2,,,,,,,254953000000,-0.263,,,,166756000000,,107.62,106.88,,,,,14588847000000,,,,,,,,,,,,,,,,true,false,6,2022-04-01,2022-09-30,0
2022-10-27,45020,2022-03-31,2,,,,,,,345979000000,0.605,,,,183648000000,,117.08,116.40,,,,,,,,,,,,,,,,,,,,,true,false,6,2021-04-01,2021-09-30,-1
2022-10-27,45020,2023-03-31,2,,,,,,,530000000000,0.150,,,,307000000000,,197.83,,,,,,,,,,,,,,,,,,,,,,true,true,12,2022-04-01,2023-03-31,0
2022-10-27,45020,2022-03-31,2,,,,,,,,,,,,,,,,,,,,13178018000000,,,,,,,,,,,,,,,,true,false,12,2021-04-01,2022-03-31,-1
2022-10-27,45020,2022-03-31,2,,,,,,,,,,,,,,,,,,,,,,,,,,,,,180.00,,,,1582252525,31891746,,false,false,12,2021-04-01,2022-03-31,-1
2022-10-27,45020,2023-03-31,2,,,,,,,,,,,,,,,,,,,,,,,,,,,,,90.00,,,,,,,false,false,12,2022-04-01,2023-03-31,0
2022-10-27,45020,2023-03-31,2,,,,,,,,,,,,,,,,,,,,,,,,,,,,,180.00,,,,,,,false,true,12,2022-04-01,2023-03-31,0
2022-10-27,45020,2023-03-31,2,,,,,,,,,,,,,,,,,,,,,,,,,,,,,,,,,1582288725,27766039,1549478885,false,false,6,2022-04-01,2022-09-30,0
2022-10-27,45020,2022-03-31,2,,,,,,,,,,,,,,,,,,,,,,,,,,,,,,,,,,,1568497730,false,false,6,2021-04-01,2021-09-30,-1
2023-02-02,45020,2023-03-31,3,,,,,,,401943000000,-0.131,,,,285883000000,,184.32,182.65,,,,,13504705000000,,,,,,,,,,,,,,,,true,false,9,2022-04-01,2022-12-31,0
2023-02-02,45020,2022-03-31,3,,,,,,,462463000000,0.289,,,,241417000000,,154.09,153.03,,,,,,,,,,,,,,,,,,,,,true,false,9,2021-04-01,2021-12-31,-1
2023-02-02,45020,2023-03-31,3,,,,,,,530000000000,0.150,,,,307000000000,,197.83,,,,,,,,,,,,,,,,,,,,,,true,true,12,2022-04-01,2023-03-31,0
2023-02-02,45020,2022-03-31,3,,,,,,,,,,,,,,,,,,,,13178018000000,,,,,,,,,,,,,,,,true,false,12,2021-04-01,2022-03-31,-1
2023-02-02,45020,2022-03-31,3,,,,,,,,,,,,,,,,,,,,,,,,,,,,,180.00,,,,1582252525,31891746,,false,false,12,2021-04-01,2022-03-31,-1
2023-02-02,45020,2023-03-31,3,,,,,,,,,,,,,,,,,,,,,,,,,,,,,90.00,,,,,,,false,false,12,2022-04-01,2023-03-31,0
2023-02-02,45020,2023-03-31,3,,,,,,,,,,,,,,,,,,,,,,,,,,,,,180.00,,,,,,,false,true,12,2022-04-01,2023-03-31,0
2023-02-02,45020,2023-03-31,3,,,,,,,,,,,,,,,,,,,,,,,,,,,,,,,,,1582290825,27766370,1550992486,false,false,9,2022-04-01,2022-12-31,0
2023-02-02,45020,2022-03-31,3,,,,,,,,,,,,,,,,,,,,,,,,,,,,,,,,,,,1566730171,false,false,9,2021-04-01,2021-12-31,-1
2023-05-11,45020,2023-03-31,,632137000000,-0.173,,,,,136140000000,-0.536,340122000000,-0.383,330649000000,,0.019,213.06,213.05,,,,,9407303000000,4206219000000,0.447,2704.87,4205031000000,,,,,180.00,,,,1582296025,27767213,1551808600,false,false,12,2022-04-01,2023-03-31,0
2023-05-11,45020,2022-03-31,,764301000000,0.268,,,,,293709000000,1.426,550876000000,,324450000000,,0.311,207.50,207.50,,,,,9641648000000,4294899000000,0.445,2769.31,4293669000000,,,,,180.00,,,,1582252525,31891746,1563501394,false,false,12,2021-04-01,2022-03-31,-1
2023-05-11,45020,2023-03-31,,,,,,,,490505000000,0.064,,,,317017000000,,204.29,201.94,,,,,13957750000000,,,,,977156000000,-607102000000,-709148000000,,,0.881,,,,,,true,false,12,2022-04-01,2023-03-31,0
2023-05-11,45020,2022-03-31,,,,,,,,460844000000,-0.095,,,,230059000000,,147.14,145.87,,,,,13178018000000,,,,,1123105000000,-198125000000,-1070265000000,,,1.223,,,,,,true,false,12,2021-04-01,2022-03-31,-1
2023-05-11,45020,2024-03-31,,,,,,,,349000000000,-0.288,,,,142000000000,,90.75,,,,,,,,,,,,,,,,,,,,,,true,true,12,2023-04-01,2024-03-31,1
2023-05-11,45020,2024-03-31,,,,,,,,,,,,,,,,,,,,,,,,,,,,,,188.00,,,,,,,false,true,12,2023-04-01,2024-03-31,1
2023-07-27,45020,2024-03-31,1,,,,,,,168571000000,0.120,,,,89395000000,,57.51,57.12,,,,,14792738000000,,,,,,,,,,,,,,,,true,false,3,2023-04-01,2023-06-30,0
2023-07-27,45020,2023-03-31,1,,,,,,,150515000000,-0.394,,,,105014000000,,67.94,67.56,,,,,,,,,,,,,,,,,,,,,true,false,3,2022-04-01,2022-06-30,-1
2023-07-27,45020,2024-03-31,1,,,,,,,349000000000,-0.288,,,,142000000000,,90.75,,,,,,,,,,,,,,,,,,,,,,true,true,12,2023-04-01,2024-03-31,0
2023-07-27,45020,2023-03-31,1,,,,,,,,,,,,,,,,,,,,13957750000000,,,,,,,,,,,,,,,,true,false,12,2022-04-01,2023-03-31,-1
2023-07-27,45020,2023-03-31,1,,,,,,,,,,,,,,,,,,,,,,,,,,,,,180.00,,,,1582296025,27767213,,false,false,12,2022-04-01,2023-03-31,-1
2023-07-27,45020,2024-03-31,1,,,,,,,,,,,,,,,,,,,,,,,,,,,,,188.00,,,,,,,false,true,12,2023-04-01,2024-03-31,0
2023-07-27,45020,2024-03-31,1,,,,,,,,,,,,,,,,,,,,,,,,,,,,,,,,,1582327925,27756186,1554419453,false,false,3,2023-04-01,2023-06-30,0
2023-07-27,45020,2023-03-31,1,,,,,,,,,,,,,,,,,,,,,,,,,,,,,,,,,,,1545705621,false,false,3,2022-04-01,2022-06-30,-1
2023-10-26,45020,2024-03-31,2,,,,,,,119230000000,-0.532,,,,41365000000,,26.51,26.29,,,,,14871889000000,,,,,,,,,,,,,,,,true,false,6,2023-04-01,2023-09-30,0
2023-10-26,45020,2023-03-31,2,,,,,,,254953000000,-0.263,,,,166756000000,,107.62,106.88,,,,,,,,,,,,,,,,,,,,,true,false,6,2022-04-01,2022-09-30,-1
2023-10-26,45020,2024-03-31,2,,,,,,,225000000000,-0.541,,,,93000000000,,59.45,,,,,,,,,,,,,,,,,,,,,,true,true,12,2023-04-01,2024-03-31,0
2023-10-26,45020,2023-03-31,2,,,,,,,,,,,,,,,,,,,,13957750000000,,,,,,,,,,,,,,,,true,false,12,2022-04-01,2023-03-31,-1
2023-10-26,45020,2023-03-31,2,,,,,,,,,,,,,,,,,,,,,,,,,,,,,180.00,,,,1582296025,27767213,,false,false,12,2022-04-01,2023-03-31,-1
2023-10-26,45020,2024-03-31,2,,,,,,,,,,,,,,,,,,,,,,,,,,,,,94.00,,,,,,,false,false,12,2023-04-01,2024-03-31,0
2023-10-26,45020,2024-03-31,2,,,,,,,,,,,,,,,,,,,,,,,,,,,,,188.00,,,,,,,false,true,12,2023-04-01,2024-03-31,0
2023-10-26,45020,2024-03-31,2,,,,,,,,,,,,,,,,,,,,,,,,,,,,,,,,,1582373225,13484874,1560612838,false,false,6,2023-04-01,2023-09-30,0
2023-10-26,45020,2023-03-31,2,,,,,,,,,,,,,,,,,,,,,,,,,,,,,,,,,,,1549478885,false,false,6,2022-04-01,2022-09-30,-1
2024-02-01,45020,2024-03-31,3,,,,,,,224144000000,-0.442,,,,147085000000,,94.10,93.17,,,,,14222947000000,,,,,,,,,,,,,,,,true,false,9,2023-04-01,2023-12-31,0
2024-02-01,45020,2023-03-31,3,,,,,,,401943000000,-0.131,,,,285883000000,,184.32,182.65,,,,,,,,,,,,,,,,,,,,,true,false,9,2022-04-01,2022-12-31,-1
2024-02-01,45020,2024-03-31,3,,,,,,,225000000000,-0.541,,,,93000000000,,59.45,,,,,,,,,,,,,,,,,,,,,,true,true,12,2023-04-01,2024-03-31,0
2024-02-01,45020,2023-03-31,3,,,,,,,,,,,,,,,,,,,,13957750000000,,,,,,,,,,,,,,,,true,false,12,2022-04-01,2023-03-31,-1
2024-02-01,45020,2023-03-31,3,,,,,,,,,,,,,,,,,,,,,,,,,,,,,180.00,,,,1582296025,27767213,,false,false,12,2022-04-01,2023-03-31,-1
2024-02-01,45020,2024-03-31,3,,,,,,,,,,,,,,,,,,,,,,,,,,,,,94.00,,,,,,,false,false,12,2023-04-01,2024-03-31,0
2024-02-01,45020,2024-03-31,3,,,,,,,,,,,,,,,,,,,,,,,,,,,,,188.00,,,,,,,false,true,12,2023-04-01,2024-03-31,0
2024-02-01,45020,2024-03-31,3,,,,,,,,,,,,,,,,,,,,,,,,,,,,,,,,,1582392825,13486498,1563100771,false,false,9,2023-04-01,2023-12-31,0
2024-02-01,45020,2023-03-31,3,,,,,,,,,,,,,,,,,,,,,,,,,,,,,,,,,,,1550992486,false,false,9,2022-04-01,2022-12-31,-1
2024-05-09,45020,2024-03-31,,595575000000,-0.058,,,,,48070000000,-0.647,286399000000,-0.158,338874000000,,0.025,216.60,216.56,,,,,9756319000000,4088198000000,0.419,2604.87,4087087000000,,,,,188.00,,,,1582418725,13405261,1564450432,false,false,12,2023-04-01,2024-03-31,0
2024-05-09,45020,2023-03-31,,632137000000,-0.173,,,,,136140000000,-0.536,340122000000,-0.383,330649000000,,0.019,213.06,213.05,,,,,9407303000000,4206219000000,0.447,2704.87,4205031000000,,,,,180.00,,,,1582296025,27767213,1551808600,false,false,12,2022-04-01,2023-03-31,-1
2024-05-09,45020,2024-03-31,,,,,,,,214075000000,-0.564,,,,144067000000,,92.09,91.16,,,,,15108792000000,,,,,716344000000,-463862000000,-354416000000,,,2.042,,,,,,true,false,12,2023-04-01,2024-03-31,0
2024-05-09,45020,2023-03-31,,,,,,,,490505000000,0.064,,,,317017000000,,204.29,201.94,,,,,13957750000000,,,,,977156000000,-607102000000,-709148000000,,,0.881,,,,,,true,false,12,2022-04-01,2023-03-31,-1
2024-05-09,45020,2025-03-31,,,,,,,,225000000000,0.051,,,,58000000000,,36.70,,,,,,,,,,,,,,,,,,,,,,true,true,12,2024-04-01,2025-03-31,1
2024-05-09,45020,2025-03-31,,,,,,,,,,,,,,,,,,,,,,,,,,,,,,196.00,,,,,,,false,true,12,2024-04-01,2025-03-31,1
2024-07-31,45020,2025-03-31,1,,,,,,,166329000000,-0.013,,,,95248000000,,60.71,59.94,,,,,16227683000000,,,,,,,,,,,,,,,,true,false,3,2024-04-01,2024-06-30,0
2024-07-31,45020,2024-03-31,1,,,,,,,168571000000,0.120,,,,89395000000,,57.51,57.12,,,,,,,,,,,,,,,,,,,,,true,false,3,2023-04-01,2023-06-30,-1
2024-07-31,45020,2025-03-31,1,,,,,,,225000000000,0.051,,,,58000000000,,36.70,,,,,,,,,,,,,,,,,,,,,,true,true,12,2024-04-01,2025-03-31,0
2024-07-31,45020,2024-03-31,1,,,,,,,,,,,,,,,,,,,,15108792000000,,,,,,,,,,,,,,,,true,false,12,2023-04-01,2024-03-31,-1
2024-07-31,45020,2024-03-31,1,,,,,,,,,,,,,,,,,,,,,,,,,,,,,188.00,,,,1582418725,13405261,,false,false,12,2023-04-01,2024-03-31,-1
2024-07-31,45020,2025-03-31,1,,,,,,,,,,,,,,,,,,,,,,,,,,,,,196.00,,,,,,,false,true,12,2024-04-01,2025-03-31,0
2024-07-31,45020,2025-03-31,1,,,,,,,,,,,,,,,,,,,,,,,,,,,,,,,,,1582418725,13336181,1568915479,false,false,3,2024-04-01,2024-06-30,0
2024-07-31,45020,2024-03-31,1,,,,,,,,,,,,,,,,,,,,,,,,,,,,,,,,,,,1554419453,false,false,3,2023-04-01,2023-06-30,-1
2024-10-31,45020,2025-03-31,2,,,,,,,350576000000,1.940,,,,187294000000,,118.85,117.11,,,,,14573000000000,,,,,,,,,,,,,,,,true,false,6,2024-04-01,2024-09-30,0
2024-10-31,45020,2024-03-31,2,,,,,,,119230000000,-0.532,,,,41365000000,,26.51,26.29,,,,,,,,,,,,,,,,,,,,,true,false,6,2023-04-01,2023-09-30,-1
2024-10-31,45020,2025-03-31,2,,,,,,,265000000000,0.238,,,,68000000000,,43.03,,,,,,,,,,,,,,,,,,,,,,true,true,12,2024-04-01,2025-03-31,0
2024-10-31,45020,2024-03-31,2,,,,,,,,,,,,,,,,,,,,15108792000000,,,,,,,,,,,,,,,,true,false,12,2023-04-01,2024-03-31,-1
2024-10-31,45020,2024-03-31,2,,,,,,,,,,,,,,,,,,,,,,,,,,,,,188.00,,,,1582418725,13405261,,false,false,12,2023-04-01,2024-03-31,-1
2024-10-31,45020,2025-03-31,2,,,,,,,,,,,,,,,,,,,,,,,,,,,,,98.00,,,,,,,false,false,12,2024-04-01,2025-03-31,0
2024-10-31,45020,2025-03-31,2,,,,,,,,,,,,,,,,,,,,,,,,,,,,,196.00,,,,,,,false,true,12,2024-04-01,2025-03-31,0
2024-10-31,45020,2025-03-31,2,,,,,,,,,,,,,,,,,,,,,,,,,,,,,,,,,1590937609,5757015,1575881562,false,false,6,2024-04-01,2024-09-30,0
2024-10-31,45020,2024-03-31,2,,,,,,,,,,,,,,,,,,,,,,,,,,,,,,,,,,,1560612838,false,false,6,2023-04-01,2023-09-30,-1
2025-01-30,45020,2025-03-31,3,,,,,,,417518000000,0.863,,,,211083000000,,133.71,131.69,,,,,15106844000000,,,,,,,,,,,,,,,,true,false,9,2024-04-01,2024-12-31,0
2025-01-30,45020,2024-03-31,3,,,,,,,224144000000,-0.442,,,,147085000000,,94.10,93.17,,,,,,,,,,,,,,,,,,,,,true,false,9,2023-04-01,2023-12-31,-1
2025-01-30,45020,2025-03-31,3,,,,,,,344000000000,0.607,,,,118000000000,,74.68,,,,,,,,,,,,,,,,,,,,,,true,true,12,2024-04-01,2025-03-31,0
2025-01-30,45020,2024-03-31,3,,,,,,,,,,,,,,,,,,,,15108792000000,,,,,,,,,,,,,,,,true,false,12,2023-04-01,2024-03-31,-1
2025-01-30,45020,2024-03-31,3,,,,,,,,,,,,,,,,,,,,,,,,,,,,,188.00,,,,1582418725,13405261,,false,false,12,2023-04-01,2024-03-31,-1
2025-01-30,45020,2025-03-31,3,,,,,,,,,,,,,,,,,,,,,,,,,,,,,98.00,,,,,,,false,false,12,2024-04-01,2025-03-31,0
2025-01-30,45020,2025-03-31,3,,,,,,,,,,,,,,,,,,,,,,,,,,,,,196.00,,,,,,,false,true,12,2024-04-01,2025-03-31,0
2025-01-30,45020,2025-03-31,3,,,,,,,,,,,,,,,,,,,,,,,,,,,,,,,,,1590937609,5758360,1578670992,false,false,9,2024-04-01,2024-12-31,0
2025-01-30,45020,2024-03-31,3,,,,,,,,,,,,,,,,,,,,,,,,,,,,,,,,,,,1563100771,false,false,9,2023-04-01,2023-12-31,-1
2025-05-08,45020,2025-03-31,,580360000000,-0.026,,,,,36897000000,-0.232,86594000000,-0.698,152820000000,,-0.549,96.79,96.78,,,,,9489375000000,3989355000000,0.420,2534.39,3988249000000,,,,,196.00,,,,1590949609,17299963,1578872987,false,false,12,2024-04-01,2025-03-31,0
2025-05-08,45020,2024-03-31,,595575000000,-0.058,,,,,48070000000,-0.647,286399000000,-0.158,338874000000,,0.025,216.60,216.56,,,,,9756319000000,4088198000000,0.419,2604.87,4087087000000,,,,,188.00,,,,1582418725,13405261,1564450432,false,false,12,2023-04-01,2024-03-31,-1
2025-05-08,45020,2025-03-31,,,,,,,,342586000000,0.600,,,,107928000000,,68.36,67.23,,,,,14248344000000,,,,,1057182000000,-367060000000,-751425000000,,,2.867,,,,,,true,false,12,2024-04-01,2025-03-31,0
2025-05-08,45020,2024-03-31,,,,,,,,214075000000,-0.564,,,,144067000000,,92.09,91.16,,,,,15108792000000,,,,,716344000000,-463862000000,-354416000000,,,2.042,,,,,,true,false,12,2023-04-01,2024-03-31,-1
2025-05-08,45020,2026-03-31,,,,,,,,475000000000,0.387,,,,228000000000,,144.81,,,,,,,,,,,,,,,,,,,,,,true,true,12,2025-04-01,2026-03-31,1
2025-05-08,45020,2026-03-31,,,,,,,,,,,,,,,,,,,,,,,,,,,,,,200.00,,,,,,,false,true,12,2025-04-01,2026-03-31,1
