filing_date,code,fiscal_year_end,quarterly_period,net_sales,net_sales_change,revenue,revenue_change,operating_revenue,operating_revenue_change,operating_profit,operating_profit_change,ordinary_profit,ordinary_profit_change,net_income,net_income_of_parent,net_income_change,eps,diluted_eps,roe,roa,operating_profit_to_net_sales,operating_profit_to_revenue,total_assets,net_assets,equity_ratio,bps,owner_equity,operating_cash_flow,investing_cash_flow,financing_cash_flow,cash,dividend_per_share,payout_ratio,commemorative_dividend,extra_dividend,number_of_shares,number_of_treqsury_shares,avg_number_of_shares,is_consolidated,is_forecast,duration,period_start,period_end,period_pos
2015-05-11,45030,2015-03-31,,1247259000000,0.094,,,,,185663000000,0.590,,,,135856000000,,61.50,61.40,,,,,1793578000000,,,,,187686000000,-71476000000,-121118000000,,,0.488,,,,,,true,false,12,2014-04-01,2015-03-31,0
2015-05-11,45030,2014-03-31,,1139909000000,0.161,,,,,116806000000,-0.039,,,,90874000000,,40.45,40.39,,,,,1653108000000,,,,,214257000000,-26851000000,-89395000000,,,0.667,,,,,,true,false,12,2013-04-01,2014-03-31,-1
2015-05-11,45030,2016-03-31,,1362000000000,0.092,,,,,238000000000,0.282,,,,170000000000,,77.51,,,,,,,,,,,,,,,,0.413,,,,,,true,true,12,2015-04-01,2016-03-31,1
2015-05-11,45030,2015-03-31,,634487000000,-0.002,,,,,44333000000,-0.239,44860000000,-0.609,24316000000,,-0.755,11.01,10.99,,,,,1052782000000,741442000000,0.702,337.05,739201000000,,,,,30.00,,,,2259823175,66681660,2209080517,false,false,12,2014-04-01,2015-03-31,0
2015-05-11,45030,2014-03-31,,635949000000,0.020,,,,,58234000000,-0.244,114622000000,-0.203,99176000000,,-0.160,44.15,44.08,,,,,1031023000000,820086000000,0.793,366.62,817977000000,,,,,135.00,,,,2284823175,53681395,2246508892,false,false,12,2013-04-01,2014-03-31,-1
2015-05-11,45030,2016-03-31,,,,,,,,,,,,,,,,,,,,,,,,,,,,,,32.00,,,,,,,false,true,12,2015-04-01,2016-03-31,1
2015-07-31,45030,2016-03-31,1,,,,,,,61911000000,0.224,,,,44622000000,,20.38,20.35,,,,,1780003000000,,,,,,,,,,,,,,,,true,false,3,2015-04-01,2015-06-30,0
2015-07-31,45030,2015-03-31,1,,,,,,,50565000000,0.915,,,,35861000000,,16.15,16.13,,,,,,,,,,,,,,,,,,,,,true,false,3,2014-04-01,2014-06-30,-1
2015-07-31,45030,2016-03-31,1,,,,,,,238000000000,0.282,,,,170000000000,,78.08,,,,,,,,,,,,,,,,,,,,,,true,true,12,2015-04-01,2016-03-31,0
2015-07-31,45030,2015-03-31,1,,,,,,,,,,,,,,,,,,,,1793578000000,,,,,,,,,,,,,,,,true,false,12,2014-04-01,2015-03-31,-1
2015-07-31,45030,2015-03-31,1,,,,,,,,,,,,,,,,,,,,,,,,,,,,,30.00,,,,2259823175,66681660,,false,false,12,2014-04-01,2015-03-31,-1
2015-07-31,45030,2016-03-31,1,,,,,,,,,,,,,,,,,,,,,,,,,,,,,32.00,,,,,,,false,true,12,2015-04-01,2016-03-31,0
2015-07-31,45030,2016-03-31,1,,,,,,,,,,,,,,,,,,,,,,,,,,,,,,,,,2221823175,40290273,2189293326,false,false,3,2015-04-01,2015-06-30,0
2015-07-31,45030,2015-03-31,1,,,,,,,,,,,,,,,,,,,,,,,,,,,,,,,,,,,2220453837,false,false,3,2014-04-01,2014-06-30,-1
2015-10-30,45030,2016-03-31,2,,,,,,,132637000000,0.285,,,,102933000000,,47.30,47.23,,,,,1770678000000,,,,,,,,,,,,,,,,true,false,6,2015-04-01,2015-09-30,0
2015-10-30,45030,2015-03-31,2,,,,,,,103187000000,0.618,,,,69984000000,,31.61,31.56,,,,,,,,,,,,,,,,,,,,,true,false,6,2014-04-01,2014-09-30,-1
2015-10-30,45030,2016-03-31,2,,,,,,,229000000000,0.233,,,,172000000000,,79.37,,,,,,,,,,,,,,,,,,,,,,true,true,12,2015-04-01,2016-03-31,0
2015-10-30,45030,2015-03-31,2,,,,,,,,,,,,,,,,,,,,1793578000000,,,,,,,,,,,,,,,,true,false,12,2014-04-01,2015-03-31,-1
2015-10-30,45030,2015-03-31,2,,,,,,,,,,,,,,,,,,,,,,,,,,,,,30.00,,,,2259823175,66681660,,false,false,12,2014-04-01,2015-03-31,-1
2015-10-30,45030,2016-03-31,2,,,,,,,,,,,,,,,,,,,,,,,,,,,,,16.00,,,,,,,false,false,12,2015-04-01,2016-03-31,0
2015-10-30,45030,2016-03-31,2,,,,,,,,,,,,,,,,,,,,,,,,,,,,,32.00,,,,,,,false,true,12,2015-04-01,2016-03-31,0
2015-10-30,45030,2016-03-31,2,,,,,,,,,,,,,,,,,,,,,,,,,,,,,,,,,2221823175,64020233,2176108988,false,false,6,2015-04-01,2015-09-30,0
2015-10-30,45030,2015-03-31,2,,,,,,,,,,,,,,,,,,,,,,,,,,,,,,,,,,,2214156539,false,false,6,2014-04-01,2014-09-30,-1
2016-01-29,45030,2016-03-31,3,,,,,,,215599000000,0.333,,,,164547000000,,75.93,75.82,,,,,1787802000000,,,,,,,,,,,,,,,,true,false,9,2015-04-01,2015-12-31,0
2016-01-29,45030,2015-03-31,3,,,,,,,161680000000,0.432,,,,114744000000,,51.87,51.79,,,,,,,,,,,,,,,,,,,,,true,false,9,2014-04-01,2014-12-31,-1
2016-01-29,45030,2016-03-31,3,,,,,,,229000000000,0.233,,,,172000000000,,79.60,,,,,,,,,,,,,,,,,,,,,,true,true,12,2015-04-01,2016-03-31,0
2016-01-29,45030,2015-03-31,3,,,,,,,,,,,,,,,,,,,,1793578000000,,,,,,,,,,,,,,,,true,false,12,2014-04-01,2015-03-31,-1
2016-01-29,45030,2015-03-31,3,,,,,,,,,,,,,,,,,,,,,,,,,,,,,30.00,,,,2259823175,66681660,,false,false,12,2014-04-01,2015-03-31,-1
2016-01-29,45030,2016-03-31,3,,,,,,,,,,,,,,,,,,,,,,,,,,,,,16.00,,,,,,,false,false,12,2015-04-01,2016-03-31,0
2016-01-29,45030,2016-03-31,3,,,,,,,,,,,,,,,,,,,,,,,,,,,,,32.00,,,,,,,false,true,12,2015-04-01,2016-03-31,0
2016-01-29,45030,2016-03-31,3,,,,,,,,,,,,,,,,,,,,,,,,,,,,,,,,,2221823175,79977332,2166985646,false,false,9,2015-04-01,2015-12-31,0
2016-01-29,45030,2015-03-31,3,,,,,,,,,,,,,,,,,,,,,,,,,,,,,,,,,,,2212103058,false,false,9,2014-04-01,2014-12-31,-1
2016-05-11,45030,2016-03-31,,1372706000000,0.101,,,,,248986000000,0.341,,,,193687000000,,89.75,89.62,,,,,1799338000000,,,,,313737000000,-147050000000,-193478000000,,,0.357,,,,,,true,false,12,2015-04-01,2016-03-31,0
2016-05-11,45030,2015-03-31,,1247259000000,0.094,,,,,185663000000,0.590,,,,135856000000,,61.50,61.40,,,,,1793578000000,,,,,187686000000,-71476000000,-121118000000,,,0.488,,,,,,true,false,12,2014-04-01,2015-03-31,-1
2016-05-11,45030,2017-03-31,,1350000000000,-0.017,,,,,267000000000,0.072,,,,197000000000,,92.71,,,,,,,,,,,,,,,,0.367,,,,,,true,true,12,2016-04-01,2017-03-31,1
2016-05-11,45030,2016-03-31,,649415000000,0.024,,,,,5590000000,-0.874,8659000000,-0.807,7978000000,,-0.672,3.70,3.69,,,,,1102161000000,550729000000,0.498,258.17,548603000000,,,,,32.00,,,,2221823175,96844512,2158131681,false,false,12,2015-04-01,2016-03-31,0
2016-05-11,45030,2015-03-31,,634487000000,-0.002,,,,,44333000000,-0.239,44860000000,-0.609,24316000000,,-0.755,11.01,10.99,,,,,1052782000000,741442000000,0.702,337.05,739201000000,,,,,30.00,,,,2259823175,66681660,2209080517,false,false,12,2014-04-01,2015-03-31,-1
2016-05-11,45030,2017-03-31,,,,,,,,,,,,,,,,,,,,,,,,,,,,,,34.00,,,,,,,false,true,12,2016-04-01,2017-03-31,1
2016-07-29,45030,2017-03-31,1,337752000000,-0.017,,,,,92866000000,0.500,,,,66613000000,,31.35,31.31,,,,,1693626000000,,,,,,,,,,,,,,,,true,false,3,2016-04-01,2016-06-30,0
2016-07-29,45030,2016-03-31,1,343659000000,0.164,,,,,61911000000,0.224,,,,44622000000,,20.38,20.35,,,,,,,,,,,,,,,,,,,,,true,false,3,2015-04-01,2015-06-30,-1
2016-07-29,45030,2017-03-31,1,1350000000000,-0.017,,,,,267000000000,0.072,,,,197000000000,,92.71,,,,,,,,,,,,,,,,,,,,,,true,true,12,2016-04-01,2017-03-31,0
2016-07-29,45030,2016-03-31,1,,,,,,,,,,,,,,,,,,,,1799338000000,,,,,,,,,,,,,,,,true,false,12,2015-04-01,2016-03-31,-1
2016-07-29,45030,2016-03-31,1,,,,,,,,,,,,,,,,,,,,,,,,,,,,,32.00,,,,2221823175,96844512,,false,false,12,2015-04-01,2016-03-31,-1
2016-07-29,45030,2017-03-31,1,,,,,,,,,,,,,,,,,,,,,,,,,,,,,34.00,,,,,,,false,true,12,2016-04-01,2017-03-31,0
2016-07-29,45030,2017-03-31,1,,,,,,,,,,,,,,,,,,,,,,,,,,,,,,,,,2153823175,29208210,2124741835,false,false,3,2016-04-01,2016-06-30,0
2016-07-29,45030,2016-03-31,1,,,,,,,,,,,,,,,,,,,,,,,,,,,,,,,,,,,2189293326,false,false,3,2015-04-01,2015-06-30,-1
2016-10-28,45030,2017-03-31,2,651673000000,-0.052,,,,,157057000000,0.184,,,,115064000000,,54.16,54.08,,,,,1713181000000,,,,,,,,,,,,,,,,true,false,6,2016-04-01,2016-09-30,0
2016-10-28,45030,2016-03-31,2,687501000000,0.157,,,,,132637000000,0.285,,,,102933000000,,47.30,47.23,,,,,,,,,,,,,,,,,,,,,true,false,6,2015-04-01,2015-09-30,-1
2016-10-28,45030,2017-03-31,2,1300000000000,-0.053,,,,,267000000000,0.072,,,,198000000000,,93.19,,,,,,,,,,,,,,,,,,,,,,true,true,12,2016-04-01,2017-03-31,0
2016-10-28,45030,2016-03-31,2,,,,,,,,,,,,,,,,,,,,1799338000000,,,,,,,,,,,,,,,,true,false,12,2015-04-01,2016-03-31,-1
2016-10-28,45030,2016-03-31,2,,,,,,,,,,,,,,,,,,,,,,,,,,,,,32.00,,,,2221823175,96844512,,false,false,12,2015-04-01,2016-03-31,-1
2016-10-28,45030,2017-03-31,2,,,,,,,,,,,,,,,,,,,,,,,,,,,,,17.00,,,,,,,false,false,12,2016-04-01,2017-03-31,0
2016-10-28,45030,2017-03-31,2,,,,,,,,,,,,,,,,,,,,,,,,,,,,,34.00,,,,,,,false,true,12,2016-04-01,2017-03-31,0
2016-10-28,45030,2017-03-31,2,,,,,,,,,,,,,,,,,,,,,,,,,,,,,,,,,2153823175,29169748,2124684626,false,false,6,2016-04-01,2016-09-30,0
2016-10-28,45030,2016-03-31,2,,,,,,,,,,,,,,,,,,,,,,,,,,,,,,,,,,,2176108988,false,false,6,2015-04-01,2015-09-30,-1
2017-01-31,45030,2017-03-31,3,1005587000000,-0.056,,,,,231289000000,0.073,,,,178800000000,,84.38,84.26,,,,,1853939000000,,,,,,,,,,,,,,,,true,false,9,2016-04-01,2016-12-31,0
2017-01-31,45030,2016-03-31,3,1065666000000,0.118,,,,,215599000000,0.333,,,,164547000000,,75.93,75.82,,,,,,,,,,,,,,,,,,,,,true,false,9,2015-04-01,2015-12-31,-1
2017-01-31,45030,2017-03-31,3,1300000000000,-0.053,,,,,267000000000,0.072,,,,198000000000,,93.71,,,,,,,,,,,,,,,,,,,,,,true,true,12,2016-04-01,2017-03-31,0
2017-01-31,45030,2016-03-31,3,,,,,,,,,,,,,,,,,,,,1799338000000,,,,,,,,,,,,,,,,true,false,12,2015-04-01,2016-03-31,-1
2017-01-31,45030,2016-03-31,3,,,,,,,,,,,,,,,,,,,,,,,,,,,,,32.00,,,,2221823175,96844512,,false,false,12,2015-04-01,2016-03-31,-1
2017-01-31,45030,2017-03-31,3,,,,,,,,,,,,,,,,,,,,,,,,,,,,,17.00,,,,,,,false,false,12,2016-04-01,2017-03-31,0
2017-01-31,45030,2017-03-31,3,,,,,,,,,,,,,,,,,,,,,,,,,,,,,34.00,,,,,,,false,true,12,2016-04-01,2017-03-31,0
2017-01-31,45030,2017-03-31,3,,,,,,,,,,,,,,,,,,,,,,,,,,,,,,,,,2153823175,59107516,2118982638,false,false,9,2016-04-01,2016-12-31,0
2017-01-31,45030,2016-03-31,3,,,,,,,,,,,,,,,,,,,,,,,,,,,,,,,,,,,2166985646,false,false,9,2015-04-01,2015-12-31,-1
2017-04-27,45030,2017-03-31,,1311665000000,-0.044,,,,,260830000000,0.048,,,,218701000000,,103.69,103.55,,,,,1820901000000,,,,,235612000000,-73383000000,-166153000000,,,0.328,,,,,,true,false,12,2016-04-01,2017-03-31,0
2017-04-27,45030,2016-03-31,,1372706000000,0.101,,,,,248986000000,0.341,,,,193687000000,,89.75,89.62,,,,,1799338000000,,,,,313737000000,-147050000000,-193478000000,,,0.357,,,,,,true,false,12,2015-04-01,2016-03-31,-1
2017-04-27,45030,2018-03-31,,1279000000000,-0.025,,,,,254000000000,-0.026,,,,198000000000,,95.88,,,,,,,,,,,,,,,,0.375,,,,,,true,true,12,2017-04-01,2018-03-31,1
2017-04-27,45030,2017-03-31,,629915000000,-0.030,,,,,15600000000,1.791,134174000000,,137818000000,,,65.34,65.26,,,,,1122830000000,514609000000,0.457,248.34,512825000000,,,,,34.00,,,,2153823175,88817886,2109149489,false,false,12,2016-04-01,2017-03-31,0
2017-04-27,45030,2016-03-31,,649415000000,0.024,,,,,5590000000,-0.874,8659000000,-0.807,7978000000,,-0.672,3.70,3.69,,,,,1102161000000,550729000000,0.498,258.17,548603000000,,,,,32.00,,,,2221823175,96844512,2158131681,false,false,12,2015-04-01,2016-03-31,-1
2017-04-27,45030,2018-03-31,,,,,,,,,,,,,,,,,,,,,,,,,,,,,,36.00,,,,,,,false,true,12,2017-04-01,2018-03-31,1
2017-07-28,45030,2018-03-31,1,322571000000,-0.045,,,,,43529000000,-0.531,,,,42468000000,,20.57,20.54,,,,,1901237000000,,,,,,,,,,,,,,,,true,false,3,2017-04-01,2017-06-30,0
2017-07-28,45030,2017-03-31,1,337752000000,-0.017,,,,,92866000000,0.500,,,,66613000000,,31.35,31.31,,,,,,,,,,,,,,,,,,,,,true,false,3,2016-04-01,2016-06-30,-1
2017-07-28,45030,2018-03-31,1,1279000000000,-0.025,,,,,254000000000,-0.026,,,,198000000000,,95.88,,,,,,,,,,,,,,,,,,,,,,true,true,12,2017-04-01,2018-03-31,0
2017-07-28,45030,2017-03-31,1,,,,,,,,,,,,,,,,,,,,1820901000000,,,,,,,,,,,,,,,,true,false,12,2016-04-01,2017-03-31,-1
2017-07-28,45030,2017-03-31,1,,,,,,,,,,,,,,,,,,,,,,,,,,,,,34.00,,,,2153823175,88817886,,false,false,12,2016-04-01,2017-03-31,-1
2017-07-28,45030,2018-03-31,1,,,,,,,,,,,,,,,,,,,,,,,,,,,,,36.00,,,,,,,false,true,12,2017-04-01,2018-03-31,0
2017-07-28,45030,2018-03-31,1,,,,,,,,,,,,,,,,,,,,,,,,,,,,,,,,,2068823175,4130519,2064755677,false,false,3,2017-04-01,2017-06-30,0
2017-07-28,45030,2017-03-31,1,,,,,,,,,,,,,,,,,,,,,,,,,,,,,,,,,,,2124741835,false,false,3,2016-04-01,2016-06-30,-1
2017-10-31,45030,2018-03-31,2,639754000000,-0.018,,,,,96077000000,-0.388,,,,82117000000,,39.97,39.92,,,,,1895713000000,,,,,,,,,,,,,,,,true,false,6,2017-04-01,2017-09-30,0
2017-10-31,45030,2017-03-31,2,651673000000,-0.052,,,,,157057000000,0.184,,,,115064000000,,54.16,54.08,,,,,,,,,,,,,,,,,,,,,true,false,6,2016-04-01,2016-09-30,-1
2017-10-31,45030,2018-03-31,2,1297000000000,-0.011,,,,,222000000000,-0.149,,,,180000000000,,88.15,,,,,,,,,,,,,,,,,,,,,,true,true,12,2017-04-01,2018-03-31,0
2017-10-31,45030,2017-03-31,2,,,,,,,,,,,,,,,,,,,,1820901000000,,,,,,,,,,,,,,,,true,false,12,2016-04-01,2017-03-31,-1
2017-10-31,45030,2017-03-31,2,,,,,,,,,,,,,,,,,,,,,,,,,,,,,34.00,,,,2153823175,88817886,,false,false,12,2016-04-01,2017-03-31,-1
2017-10-31,45030,2018-03-31,2,,,,,,,,,,,,,,,,,,,,,,,,,,,,,18.00,,,,,,,false,false,12,2017-04-01,2018-03-31,0
2017-10-31,45030,2018-03-31,2,,,,,,,,,,,,,,,,,,,,,,,,,,,,,36.00,,,,,,,false,true,12,2017-04-01,2018-03-31,0
2017-10-31,45030,2018-03-31,2,,,,,,,,,,,,,,,,,,,,,,,,,,,,,,,,,2068823175,39459051,2054706917,false,false,6,2017-04-01,2017-09-30,0
2017-10-31,45030,2017-03-31,2,,,,,,,,,,,,,,,,,,,,,,,,,,,,,,,,,,,2124684626,false,false,6,2016-04-01,2016-09-30,-1
2018-01-31,45030,2018-03-31,3,999443000000,-0.006,,,,,179751000000,-0.223,,,,142614000000,,69.84,69.76,,,,,1933831000000,,,,,,,,,,,,,,,,true,false,9,2017-04-01,2017-12-31,0
2018-01-31,45030,2017-03-31,3,1005587000000,-0.056,,,,,231289000000,0.073,,,,178800000000,,84.38,84.26,,,,,,,,,,,,,,,,,,,,,true,false,9,2016-04-01,2016-12-31,-1
2018-01-31,45030,2018-03-31,3,1297000000000,-0.011,,,,,222000000000,-0.149,,,,180000000000,,88.44,,,,,,,,,,,,,,,,,,,,,,true,true,12,2017-04-01,2018-03-31,0
2018-01-31,45030,2017-03-31,3,,,,,,,,,,,,,,,,,,,,1814072000000,,,,,,,,,,,,,,,,true,false,12,2016-04-01,2017-03-31,-1
2018-01-31,45030,2017-03-31,3,,,,,,,,,,,,,,,,,,,,,,,,,,,,,34.00,,,,2153823175,88817886,,false,false,12,2016-04-01,2017-03-31,-1
2018-01-31,45030,2018-03-31,3,,,,,,,,,,,,,,,,,,,,,,,,,,,,,18.00,,,,,,,false,false,12,2017-04-01,2018-03-31,0
2018-01-31,45030,2018-03-31,3,,,,,,,,,,,,,,,,,,,,,,,,,,,,,36.00,,,,,,,false,true,12,2017-04-01,2018-03-31,0
2018-01-31,45030,2018-03-31,3,,,,,,,,,,,,,,,,,,,,,,,,,,,,,,,,,2068823175,53159159,2041918744,false,false,9,2017-04-01,2017-12-31,0
2018-01-31,45030,2017-03-31,3,,,,,,,,,,,,,,,,,,,,,,,,,,,,,,,,,,,2118982638,false,false,9,2016-04-01,2016-12-31,-1
2018-04-26,45030,2018-03-31,,1300316000000,-0.009,,,,,213258000000,-0.182,,,,164679000000,,81.11,81.02,,,,,1858205000000,,,,,312614000000,-121799000000,-203429000000,,,0.444,,,,,,true,false,12,2017-04-01,2018-03-31,0
2018-04-26,45030,2017-03-31,,1311665000000,-0.044,,,,,260830000000,0.048,,,,218701000000,,103.69,103.55,,,,,1814072000000,,,,,235612000000,-73383000000,-166153000000,,,0.328,,,,,,true,false,12,2016-04-01,2017-03-31,-1
2018-04-26,45030,2019-03-31,,1278000000000,-0.017,,,,,265000000000,0.243,,,,213000000000,,107.79,,,,,,,,,,,,,,,,0.353,,,,,,true,true,12,2018-04-01,2019-03-31,1
2018-04-26,45030,2018-03-31,,613657000000,-0.026,,,,,-13490000000,,285690000000,1.129,296818000000,,1.154,146.20,146.04,,,,,1183646000000,612379000000,0.516,309.14,610903000000,,,,,36.00,,,,2068823175,92670766,2030203902,false,false,12,2017-04-01,2018-03-31,0
2018-04-26,45030,2017-03-31,,629915000000,-0.030,,,,,15600000000,1.791,134174000000,,137818000000,,,65.34,65.26,,,,,1122830000000,514609000000,0.457,248.34,512825000000,,,,,34.00,,,,2153823175,88817886,2109149489,false,false,12,2016-04-01,2017-03-31,-1
2018-04-26,45030,2019-03-31,,,,,,,,,,,,,,,,,,,,,,,,,,,,,,38.00,,,,,,,false,true,12,2018-04-01,2019-03-31,1
2018-07-27,45030,2019-03-31,1,329085000000,0.020,,,,,63548000000,0.460,,,,54559000000,,27.68,27.65,,,,,1866551000000,,,,,,,,,,,,,,,,true,false,3,2018-04-01,2018-06-30,0
2018-07-27,45030,2018-03-31,1,322571000000,-0.045,,,,,43529000000,-0.531,,,,42468000000,,20.57,20.54,,,,,,,,,,,,,,,,,,,,,true,false,3,2017-04-01,2017-06-30,-1
2018-07-27,45030,2019-03-31,1,1278000000000,-0.017,,,,,265000000000,0.243,,,,213000000000,,108.51,,,,,,,,,,,,,,,,,,,,,,true,true,12,2018-04-01,2019-03-31,0
2018-07-27,45030,2018-03-31,1,,,,,,,,,,,,,,,,,,,,1858205000000,,,,,,,,,,,,,,,,true,false,12,2017-04-01,2018-03-31,-1
2018-07-27,45030,2018-03-31,1,,,,,,,,,,,,,,,,,,,,,,,,,,,,,36.00,,,,2068823175,92670766,,false,false,12,2017-04-01,2018-03-31,-1
2018-07-27,45030,2019-03-31,1,,,,,,,,,,,,,,,,,,,,,,,,,,,,,38.00,,,,,,,false,true,12,2018-04-01,2019-03-31,0
2018-07-27,45030,2019-03-31,1,,,,,,,,,,,,,,,,,,,,,,,,,,,,,,,,,1979823175,19508288,1970872905,false,false,3,2018-04-01,2018-06-30,0
2018-07-27,45030,2018-03-31,1,,,,,,,,,,,,,,,,,,,,,,,,,,,,,,,,,,,2064755677,false,false,3,2017-04-01,2017-06-30,-1
2018-10-31,45030,2019-03-31,2,647096000000,0.011,,,,,126842000000,0.320,,,,103867000000,,53.20,53.14,,,,,1886926000000,,,,,,,,,,,,,,,,true,false,6,2018-04-01,2018-09-30,0
2018-10-31,45030,2018-03-31,2,639754000000,-0.018,,,,,96077000000,-0.388,,,,82117000000,,39.97,39.92,,,,,,,,,,,,,,,,,,,,,true,false,6,2017-04-01,2017-09-30,-1
2018-10-31,45030,2019-03-31,2,1300000000000,-0.000,,,,,234000000000,0.097,,,,195000000000,,100.69,,,,,,,,,,,,,,,,,,,,,,true,true,12,2018-04-01,2019-03-31,0
2018-10-31,45030,2018-03-31,2,,,,,,,,,,,,,,,,,,,,1858205000000,,,,,,,,,,,,,,,,true,false,12,2017-04-01,2018-03-31,-1
2018-10-31,45030,2018-03-31,2,,,,,,,,,,,,,,,,,,,,,,,,,,,,,36.00,,,,2068823175,92670766,,false,false,12,2017-04-01,2018-03-31,-1
2018-10-31,45030,2019-03-31,2,,,,,,,,,,,,,,,,,,,,,,,,,,,,,19.00,,,,,,,false,false,12,2018-04-01,2019-03-31,0
2018-10-31,45030,2019-03-31,2,,,,,,,,,,,,,,,,,,,,,,,,,,,,,38.00,,,,,,,false,true,12,2018-04-01,2019-03-31,0
2018-10-31,45030,2019-03-31,2,,,,,,,,,,,,,,,,,,,,,,,,,,,,,,,,,1979823175,59028148,1952409113,false,false,6,2018-04-01,2018-09-30,0
2018-10-31,45030,2018-03-31,2,,,,,,,,,,,,,,,,,,,,,,,,,,,,,,,,,,,2054706917,false,false,6,2017-04-01,2017-09-30,-1
2019-01-31,45030,2019-03-31,3,1005028000000,0.006,,,,,209371000000,0.165,,,,191535000000,,98.63,98.53,,,,,1928325000000,,,,,,,,,,,,,,,,true,false,9,2018-04-01,2018-12-31,0
2019-01-31,45030,2018-03-31,3,999443000000,-0.006,,,,,179751000000,-0.223,,,,142614000000,,69.84,69.76,,,,,,,,,,,,,,,,,,,,,true,false,9,2017-04-01,2017-12-31,-1
2019-01-31,45030,2019-03-31,3,1300000000000,-0.000,,,,,234000000000,0.097,,,,195000000000,,100.69,,,,,,,,,,,,,,,,,,,,,,true,true,12,2018-04-01,2019-03-31,0
2019-01-31,45030,2018-03-31,3,,,,,,,,,,,,,,,,,,,,1858205000000,,,,,,,,,,,,,,,,true,false,12,2017-04-01,2018-03-31,-1
2019-01-31,45030,2018-03-31,3,,,,,,,,,,,,,,,,,,,,,,,,,,,,,36.00,,,,2068823175,92670766,,false,false,12,2017-04-01,2018-03-31,-1
2019-01-31,45030,2019-03-31,3,,,,,,,,,,,,,,,,,,,,,,,,,,,,,19.00,,,,,,,false,false,12,2018-04-01,2019-03-31,0
2019-01-31,45030,2019-03-31,3,,,,,,,,,,,,,,,,,,,,,,,,,,,,,38.00,,,,,,,false,true,12,2018-04-01,2019-03-31,0
2019-01-31,45030,2019-03-31,3,,,,,,,,,,,,,,,,,,,,,,,,,,,,,,,,,1979823175,58670986,1941915014,false,false,9,2018-04-01,2018-12-31,0
2019-01-31,45030,2018-03-31,3,,,,,,,,,,,,,,,,,,,,,,,,,,,,,,,,,,,2041918744,false,false,9,2017-04-01,2017-12-31,-1
2019-04-25,45030,2019-03-31,,607321000000,-0.010,,,,,72685000000,,209721000000,-0.266,178679000000,,-0.398,92.49,92.40,,,,,1233286000000,565624000000,0.458,299.34,564497000000,,,,,38.00,,,,1979823175,93986348,1931882225,false,false,12,2018-04-01,2019-03-31,0
2019-04-25,45030,2018-03-31,,613657000000,-0.026,,,,,-13490000000,,285690000000,1.129,296818000000,,1.154,146.20,146.04,,,,,1183646000000,612379000000,0.516,309.14,610903000000,,,,,36.00,,,,2068823175,92670766,2030203902,false,false,12,2017-04-01,2018-03-31,-1
2019-04-25,45030,2019-03-31,,,,,,,,243912000000,0.144,,,,222265000000,,115.05,114.94,,,,,1897648000000,,,,,258630000000,-41757000000,-233681000000,,,0.330,,,,,,true,false,12,2018-04-01,2019-03-31,0
2019-04-25,45030,2018-03-31,,,,,,,,213258000000,-0.182,,,,164679000000,,81.11,81.02,,,,,1858205000000,,,,,312614000000,-121799000000,-203429000000,,,0.444,,,,,,true,false,12,2017-04-01,2018-03-31,-1
2019-04-25,45030,2020-03-31,,,,,,,,229000000000,-0.061,,,,182000000000,,96.51,,,,,,,,,,,,,,,,0.414,,,,,,true,true,12,2019-04-01,2020-03-31,1
2019-04-25,45030,2020-03-31,,,,,,,,,,,,,,,,,,,,,,,,,,,,,,40.00,,,,,,,false,true,12,2019-04-01,2020-03-31,1
2019-07-30,45030,2020-03-31,1,334134000000,0.015,,,,,77086000000,0.213,,,,58518000000,,31.03,31.00,,,,,1927031000000,,,,,,,,,,,,,,,,true,false,3,2019-04-01,2019-06-30,0
2019-07-30,45030,2019-03-31,1,329085000000,0.020,,,,,63548000000,0.460,,,,54559000000,,27.68,27.65,,,,,,,,,,,,,,,,,,,,,true,false,3,2018-04-01,2018-06-30,-1
2019-07-30,45030,2020-03-31,1,1224000000000,-0.063,,,,,229000000000,-0.061,,,,182000000000,,96.51,,,,,,,,,,,,,,,,,,,,,,true,true,12,2019-04-01,2020-03-31,0
2019-07-30,45030,2019-03-31,1,,,,,,,,,,,,,,,,,,,,1897648000000,,,,,,,,,,,,,,,,true,false,12,2018-04-01,2019-03-31,-1
2019-07-30,45030,2019-03-31,1,,,,,,,,,,,,,,,,,,,,,,,,,,,,,38.00,,,,1979823175,93986348,,false,false,12,2018-04-01,2019-03-31,-1
2019-07-30,45030,2020-03-31,1,,,,,,,,,,,,,,,,,,,,,,,,,,,,,40.00,,,,,,,false,true,12,2019-04-01,2020-03-31,0
2019-07-30,45030,2020-03-31,1,,,,,,,,,,,,,,,,,,,,,,,,,,,,,,,,,1888823175,2713572,1885959029,false,false,3,2019-04-01,2019-06-30,0
2019-07-30,45030,2019-03-31,1,,,,,,,,,,,,,,,,,,,,,,,,,,,,,,,,,,,1970872905,false,false,3,2018-04-01,2018-06-30,-1
2019-10-31,45030,2020-03-31,2,,,,,,,162196000000,0.279,,,,128527000000,,68.16,68.10,,,,,1979816000000,,,,,,,,,,,,,,,,true,false,6,2019-04-01,2019-09-30,0
2019-10-31,45030,2019-03-31,2,,,,,,,126842000000,0.320,,,,103867000000,,53.20,53.14,,,,,,,,,,,,,,,,,,,,,true,false,6,2018-04-01,2018-09-30,-1
2019-10-31,45030,2020-03-31,2,,,,,,,263000000000,0.078,,,,210000000000,,111.37,,,,,,,,,,,,,,,,,,,,,,true,true,12,2019-04-01,2020-03-31,0
2019-10-31,45030,2019-03-31,2,,,,,,,,,,,,,,,,,,,,1897648000000,,,,,,,,,,,,,,,,true,false,12,2018-04-01,2019-03-31,-1
2019-10-31,45030,2019-03-31,2,,,,,,,,,,,,,,,,,,,,,,,,,,,,,38.00,,,,1979823175,93986348,,false,false,12,2018-04-01,2019-03-31,-1
2019-10-31,45030,2020-03-31,2,,,,,,,,,,,,,,,,,,,,,,,,,,,,,20.00,,,,,,,false,false,12,2019-04-01,2020-03-31,0
2019-10-31,45030,2020-03-31,2,,,,,,,,,,,,,,,,,,,,,,,,,,,,,40.00,,,,,,,false,true,12,2019-04-01,2020-03-31,0
2019-10-31,45030,2020-03-31,2,,,,,,,,,,,,,,,,,,,,,,,,,,,,,,,,,1888823175,3393522,1885803749,false,false,6,2019-04-01,2019-09-30,0
2019-10-31,45030,2019-03-31,2,,,,,,,,,,,,,,,,,,,,,,,,,,,,,,,,,,,1952409113,false,false,6,2018-04-01,2018-09-30,-1
2020-01-31,45030,2020-03-31,3,,,,,,,237658000000,0.135,,,,190021000000,,100.96,100.89,,,,,1989779000000,,,,,,,,,,,,,,,,true,false,9,2019-04-01,2019-12-31,0
2020-01-31,45030,2019-03-31,3,,,,,,,209371000000,0.165,,,,191535000000,,98.63,98.53,,,,,,,,,,,,,,,,,,,,,true,false,9,2018-04-01,2018-12-31,-1
2020-01-31,45030,2020-03-31,3,,,,,,,263000000000,0.078,,,,210000000000,,111.82,,,,,,,,,,,,,,,,,,,,,,true,true,12,2019-04-01,2020-03-31,0
2020-01-31,45030,2019-03-31,3,,,,,,,,,,,,,,,,,,,,1897648000000,,,,,,,,,,,,,,,,true,false,12,2018-04-01,2019-03-31,-1
2020-01-31,45030,2019-03-31,3,,,,,,,,,,,,,,,,,,,,,,,,,,,,,38.00,,,,1979823175,93986348,,false,false,12,2018-04-01,2019-03-31,-1
2020-01-31,45030,2020-03-31,3,,,,,,,,,,,,,,,,,,,,,,,,,,,,,20.00,,,,,,,false,false,12,2019-04-01,2020-03-31,0
2020-01-31,45030,2020-03-31,3,,,,,,,,,,,,,,,,,,,,,,,,,,,,,40.00,,,,,,,false,true,12,2019-04-01,2020-03-31,0
2020-01-31,45030,2020-03-31,3,,,,,,,,,,,,,,,,,,,,,,,,,,,,,,,,,1888823175,23413674,1882148004,false,false,9,2019-04-01,2019-12-31,0
2020-01-31,45030,2019-03-31,3,,,,,,,,,,,,,,,,,,,,,,,,,,,,,,,,,,,1941915014,false,false,9,2018-04-01,2018-12-31,-1
2020-05-14,45030,2020-03-31,,600626000000,-0.011,,,,,90961000000,0.251,293204000000,0.398,240645000000,,0.347,128.26,128.17,,,,,1331308000000,671615000000,0.504,361.08,670715000000,,,,,40.00,,,,1861787075,4276454,1876193666,false,false,12,2019-04-01,2020-03-31,0
2020-05-14,45030,2019-03-31,,607321000000,-0.010,,,,,72685000000,,209721000000,-0.266,178679000000,,-0.398,92.49,92.40,,,,,1233286000000,565624000000,0.458,299.34,564497000000,,,,,38.00,,,,1979823175,93986348,1931882225,false,false,12,2018-04-01,2019-03-31,-1
2020-05-14,45030,2020-03-31,,,,,,,,243991000000,0.000,,,,195411000000,,104.15,104.08,,,,,2318160000000,,,,,221998000000,-389793000000,181055000000,,,0.384,,,,,,true,false,12,2019-04-01,2020-03-31,0
2020-05-14,45030,2019-03-31,,,,,,,,243912000000,0.144,,,,222265000000,,115.05,114.94,,,,,1897648000000,,,,,258630000000,-41757000000,-233681000000,,,0.330,,,,,,true,false,12,2018-04-01,2019-03-31,-1
2020-05-14,45030,2021-03-31,,,,,,,,257000000000,0.053,,,,206000000000,,108.75,,,,,,,,,,,,,,,,0.386,,,,,,true,true,12,2020-04-01,2021-03-31,1
2020-05-14,45030,2021-03-31,,,,,,,,,,,,,,,,,,,,,,,,,,,,,,42.00,,,,,,,false,true,12,2020-04-01,2021-03-31,1
2020-05-14,45030,2020-03-31,,600626000000,-0.011,,,,,90961000000,0.251,293204000000,0.398,240645000000,,0.347,128.26,128.17,,,,,1331308000000,671615000000,0.504,361.08,670715000000,,,,,40.00,,,,1861787075,4276454,1876193666,false,false,12,2019-04-01,2020-03-31,0
2020-05-14,45030,2019-03-31,,607321000000,-0.010,,,,,72685000000,,209721000000,-0.266,178679000000,,-0.398,92.49,92.40,,,,,1233286000000,565624000000,0.458,299.34,564497000000,,,,,38.00,,,,1979823175,93986348,1931882225,false,false,12,2018-04-01,2019-03-31,-1
2020-05-14,45030,2020-03-31,,,,,,,,243991000000,0.000,,,,195411000000,,104.15,104.08,,,,,2318160000000,,,,,221998000000,-389793000000,181055000000,,,0.384,,,,,,true,false,12,2019-04-01,2020-03-31,0
2020-05-14,45030,2019-03-31,,,,,,,,243912000000,0.144,,,,222265000000,,115.05,114.94,,,,,1897648000000,,,,,258630000000,-41757000000,-233681000000,,,0.330,,,,,,true,false,12,2018-04-01,2019-03-31,-1
2020-05-14,45030,2021-03-31,,,,,,,,252000000000,0.033,,,,202000000000,,108.75,,,,,,,,,,,,,,,,0.386,,,,,,true,true,12,2020-04-01,2021-03-31,1
2020-05-14,45030,2021-03-31,,,,,,,,,,,,,,,,,,,,,,,,,,,,,,42.00,,,,,,,false,true,12,2020-04-01,2021-03-31,1
2020-08-04,45030,2021-03-31,1,,,,,,,60815000000,-0.211,,,,50413000000,,27.14,27.12,,,,,2256035000000,,,,,,,,,,,,,,,,true,false,3,2020-04-01,2020-06-30,0
2020-08-04,45030,2020-03-31,1,,,,,,,77086000000,0.213,,,,58518000000,,31.03,31.00,,,,,,,,,,,,,,,,,,,,,true,false,3,2019-04-01,2019-06-30,-1
2020-08-04,45030,2021-03-31,1,,,,,,,246500000000,0.010,,,,197500000000,,106.32,,,,,,,,,,,,,,,,,,,,,,true,true,12,2020-04-01,2021-03-31,0
2020-08-04,45030,2020-03-31,1,,,,,,,,,,,,,,,,,,,,2315169000000,,,,,,,,,,,,,,,,true,false,12,2019-04-01,2020-03-31,-1
2020-08-04,45030,2020-03-31,1,,,,,,,,,,,,,,,,,,,,,,,,,,,,,40.00,,,,1861787075,4276454,,false,false,12,2019-04-01,2020-03-31,-1
2020-08-04,45030,2021-03-31,1,,,,,,,,,,,,,,,,,,,,,,,,,,,,,42.00,,,,,,,false,true,12,2020-04-01,2021-03-31,0
2020-08-04,45030,2021-03-31,1,,,,,,,,,,,,,,,,,,,,,,,,,,,,,,,,,1861787075,4372807,1857487432,false,false,3,2020-04-01,2020-06-30,0
2020-08-04,45030,2020-03-31,1,,,,,,,,,,,,,,,,,,,,,,,,,,,,,,,,,,,1885959029,false,false,3,2019-04-01,2019-06-30,-1
2020-10-30,45030,2021-03-31,2,,,,,,,86872000000,-0.464,,,,72838000000,,39.21,39.19,,,,,2237016000000,,,,,,,,,,,,,,,,true,false,6,2020-04-01,2020-09-30,0
2020-10-30,45030,2020-03-31,2,,,,,,,162196000000,0.279,,,,128527000000,,68.16,68.10,,,,,,,,,,,,,,,,,,,,,true,false,6,2019-04-01,2019-09-30,-1
2020-10-30,45030,2021-03-31,2,,,,,,,210500000000,-0.137,,,,169500000000,,91.25,,,,,,,,,,,,,,,,,,,,,,true,true,12,2020-04-01,2021-03-31,0
2020-10-30,45030,2020-03-31,2,,,,,,,,,,,,,,,,,,,,2315169000000,,,,,,,,,,,,,,,,true,false,12,2019-04-01,2020-03-31,-1
2020-10-30,45030,2020-03-31,2,,,,,,,,,,,,,,,,,,,,,,,,,,,,,40.00,,,,1861787075,4276454,,false,false,12,2019-04-01,2020-03-31,-1
2020-10-30,45030,2021-03-31,2,,,,,,,,,,,,,,,,,,,,,,,,,,,,,21.00,,,,,,,false,false,12,2020-04-01,2021-03-31,0
2020-10-30,45030,2021-03-31,2,,,,,,,,,,,,,,,,,,,,,,,,,,,,,42.00,,,,,,,false,true,12,2020-04-01,2021-03-31,0
2020-10-30,45030,2021-03-31,2,,,,,,,,,,,,,,,,,,,,,,,,,,,,,,,,,1861787075,4313167,1857470611,false,false,6,2020-04-01,2020-09-30,0
2020-10-30,45030,2020-03-31,2,,,,,,,,,,,,,,,,,,,,,,,,,,,,,,,,,,,1885803749,false,false,6,2019-04-01,2019-09-30,-1
2021-01-29,45030,2021-03-31,3,,,,,,,159470000000,-0.329,,,,132917000000,,71.56,71.52,,,,,2296843000000,,,,,,,,,,,,,,,,true,false,9,2020-04-01,2020-12-31,0
2021-01-29,45030,2020-03-31,3,,,,,,,237658000000,0.135,,,,190021000000,,100.96,100.89,,,,,,,,,,,,,,,,,,,,,true,false,9,2019-04-01,2019-12-31,-1
2021-01-29,45030,2021-03-31,3,,,,,,,210500000000,-0.137,,,,169500000000,,91.25,,,,,,,,,,,,,,,,,,,,,,true,true,12,2020-04-01,2021-03-31,0
2021-01-29,45030,2020-03-31,3,,,,,,,,,,,,,,,,,,,,2315169000000,,,,,,,,,,,,,,,,true,false,12,2019-04-01,2020-03-31,-1
2021-01-29,45030,2020-03-31,3,,,,,,,,,,,,,,,,,,,,,,,,,,,,,40.00,,,,1861787075,4276454,,false,false,12,2019-04-01,2020-03-31,-1
2021-01-29,45030,2021-03-31,3,,,,,,,,,,,,,,,,,,,,,,,,,,,,,21.00,,,,,,,false,false,12,2020-04-01,2021-03-31,0
2021-01-29,45030,2021-03-31,3,,,,,,,,,,,,,,,,,,,,,,,,,,,,,42.00,,,,,,,false,true,12,2020-04-01,2021-03-31,0
2021-01-29,45030,2021-03-31,3,,,,,,,,,,,,,,,,,,,,,,,,,,,,,,,,,1861787075,4245752,1857485941,false,false,9,2020-04-01,2020-12-31,0
2021-01-29,45030,2020-03-31,3,,,,,,,,,,,,,,,,,,,,,,,,,,,,,,,,,,,1882148004,false,false,9,2019-04-01,2019-12-31,-1
2021-04-27,45030,2021-03-31,,545553000000,-0.092,,,,,91917000000,0.011,223433000000,-0.238,193055000000,,-0.198,103.95,103.89,,,,,1350771000000,787715000000,0.583,424.69,786970000000,,,,,42.00,,,,1861787075,8757705,1857125157,false,false,12,2020-04-01,2021-03-31,0
2021-04-27,45030,2020-03-31,,600626000000,-0.011,,,,,90961000000,0.251,293204000000,0.398,240645000000,,0.347,128.26,128.17,,,,,1331308000000,671615000000,0.504,361.08,670715000000,,,,,40.00,,,,1861787075,4276454,1876193666,false,false,12,2019-04-01,2020-03-31,-1
2021-04-27,45030,2021-03-31,,,,,,,,136051000000,-0.442,,,,120589000000,,64.93,64.90,,,,,2273628000000,,,,,306843000000,-81894000000,-229479000000,,,0.647,,,,,,true,false,12,2020-04-01,2021-03-31,0
2021-04-27,45030,2020-03-31,,,,,,,,243991000000,0.000,,,,195411000000,,104.15,104.08,,,,,2315169000000,,,,,221998000000,-389793000000,181055000000,,,0.384,,,,,,true,false,12,2019-04-01,2020-03-31,-1
2021-04-27,45030,2022-03-31,,,,,,,,265000000000,0.948,,,,209000000000,,112.79,,,,,,,,,,,,,,,,0.443,,,,,,true,true,12,2021-04-01,2022-03-31,1
2021-04-27,45030,2022-03-31,,,,,,,,,,,,,,,,,,,,,,,,,,,,,,50.00,,,,,,,false,true,12,2021-04-01,2022-03-31,1
2021-07-30,45030,2022-03-31,1,,,,,,,36090000000,-0.407,,,,30687000000,,16.56,16.55,,,,,2249456000000,,,,,,,,,,,,,,,,true,false,3,2021-04-01,2021-06-30,0
2021-07-30,45030,2021-03-31,1,,,,,,,60815000000,-0.211,,,,50413000000,,27.14,27.12,,,,,,,,,,,,,,,,,,,,,true,false,3,2020-04-01,2020-06-30,-1
2021-07-30,45030,2022-03-31,1,,,,,,,227000000000,0.668,,,,183000000000,,98.76,,,,,,,,,,,,,,,,,,,,,,true,true,12,2021-04-01,2022-03-31,0
2021-07-30,45030,2021-03-31,1,,,,,,,,,,,,,,,,,,,,2273628000000,,,,,,,,,,,,,,,,true,false,12,2020-04-01,2021-03-31,-1
2021-07-30,45030,2021-03-31,1,,,,,,,,,,,,,,,,,,,,,,,,,,,,,42.00,,,,1861787075,8757705,,false,false,12,2020-04-01,2021-03-31,-1
2021-07-30,45030,2022-03-31,1,,,,,,,,,,,,,,,,,,,,,,,,,,,,,50.00,,,,,,,false,true,12,2021-04-01,2022-03-31,0
2021-07-30,45030,2022-03-31,1,,,,,,,,,,,,,,,,,,,,,,,,,,,,,,,,,1861787075,8935909,1852848995,false,false,3,2021-04-01,2021-06-30,0
2021-07-30,45030,2021-03-31,1,,,,,,,,,,,,,,,,,,,,,,,,,,,,,,,,,,,1857487432,false,false,3,2020-04-01,2020-06-30,-1
2021-10-29,45030,2022-03-31,2,,,,,,,90169000000,0.038,,,,71609000000,,38.65,38.63,,,,,2261508000000,,,,,,,,,,,,,,,,true,false,6,2021-04-01,2021-09-30,0
2021-10-29,45030,2021-03-31,2,,,,,,,86872000000,-0.464,,,,72838000000,,39.21,39.19,,,,,,,,,,,,,,,,,,,,,true,false,6,2020-04-01,2020-09-30,-1
2021-10-29,45030,2022-03-31,2,,,,,,,218000000000,0.602,,,,174000000000,,93.90,,,,,,,,,,,,,,,,,,,,,,true,true,12,2021-04-01,2022-03-31,0
2021-10-29,45030,2021-03-31,2,,,,,,,,,,,,,,,,,,,,2273628000000,,,,,,,,,,,,,,,,true,false,12,2020-04-01,2021-03-31,-1
2021-10-29,45030,2021-03-31,2,,,,,,,,,,,,,,,,,,,,,,,,,,,,,42.00,,,,1861787075,8757705,,false,false,12,2020-04-01,2021-03-31,-1
2021-10-29,45030,2022-03-31,2,,,,,,,,,,,,,,,,,,,,,,,,,,,,,25.00,,,,,,,false,false,12,2021-04-01,2022-03-31,0
2021-10-29,45030,2022-03-31,2,,,,,,,,,,,,,,,,,,,,,,,,,,,,,50.00,,,,,,,false,true,12,2021-04-01,2022-03-31,0
2021-10-29,45030,2022-03-31,2,,,,,,,,,,,,,,,,,,,,,,,,,,,,,,,,,1861787075,8904904,1852857937,false,false,6,2021-04-01,2021-09-30,0
2021-10-29,45030,2021-03-31,2,,,,,,,,,,,,,,,,,,,,,,,,,,,,,,,,,,,1857470611,false,false,6,2020-04-01,2020-09-30,-1
2022-02-02,45030,2022-03-31,3,,,,,,,169371000000,0.062,,,,132495000000,,71.51,71.47,,,,,2356245000000,,,,,,,,,,,,,,,,true,false,9,2021-04-01,2021-12-31,0
2022-02-02,45030,2021-03-31,3,,,,,,,159470000000,-0.329,,,,132917000000,,71.56,71.52,,,,,,,,,,,,,,,,,,,,,true,false,9,2020-04-01,2020-12-31,-1
2022-02-02,45030,2022-03-31,3,,,,,,,218000000000,0.602,,,,174000000000,,93.90,,,,,,,,,,,,,,,,,,,,,,true,true,12,2021-04-01,2022-03-31,0
2022-02-02,45030,2021-03-31,3,,,,,,,,,,,,,,,,,,,,2273628000000,,,,,,,,,,,,,,,,true,false,12,2020-04-01,2021-03-31,-1
2022-02-02,45030,2021-03-31,3,,,,,,,,,,,,,,,,,,,,,,,,,,,,,42.00,,,,1861787075,8757705,,false,false,12,2020-04-01,2021-03-31,-1
2022-02-02,45030,2022-03-31,3,,,,,,,,,,,,,,,,,,,,,,,,,,,,,25.00,,,,,,,false,false,12,2021-04-01,2022-03-31,0
2022-02-02,45030,2022-03-31,3,,,,,,,,,,,,,,,,,,,,,,,,,,,,,50.00,,,,,,,false,true,12,2021-04-01,2022-03-31,0
2022-02-02,45030,2022-03-31,3,,,,,,,,,,,,,,,,,,,,,,,,,,,,,,,,,1861787075,8859740,1852874674,false,false,9,2021-04-01,2021-12-31,0
2022-02-02,45030,2021-03-31,3,,,,,,,,,,,,,,,,,,,,,,,,,,,,,,,,,,,1857485941,false,false,9,2020-04-01,2020-12-31,-1
2022-04-27,45030,2022-03-31,,542568000000,-0.005,,,,,105929000000,0.152,270544000000,0.211,225095000000,,0.166,121.69,121.63,,,,,1388556000000,873622000000,0.629,477.81,872992000000,,,,,50.00,,,,1835851575,8777623,1849713089,false,false,12,2021-04-01,2022-03-31,0
2022-04-27,45030,2021-03-31,,545553000000,-0.092,,,,,91917000000,0.011,223433000000,-0.238,193055000000,,-0.198,103.95,103.89,,,,,1350771000000,787715000000,0.583,424.69,786970000000,,,,,42.00,,,,1861787075,8757705,1857125157,false,false,12,2020-04-01,2021-03-31,-1
2022-04-27,45030,2022-03-31,,,,,,,,155686000000,0.144,,,,124086000000,,67.08,67.05,,,,,2332395000000,,,,,257444000000,-62413000000,-216298000000,,,0.745,,,,,,true,false,12,2021-04-01,2022-03-31,0
2022-04-27,45030,2021-03-31,,,,,,,,136051000000,-0.442,,,,120589000000,,64.93,64.90,,,,,2273628000000,,,,,306843000000,-81894000000,-229479000000,,,0.647,,,,,,true,false,12,2020-04-01,2021-03-31,-1
2022-04-27,45030,2023-03-31,,,,,,,,269000000000,0.728,,,,208000000000,,113.84,,,,,,,,,,,,,,,,0.527,,,,,,true,true,12,2022-04-01,2023-03-31,1
2022-04-27,45030,2023-03-31,,,,,,,,,,,,,,,,,,,,,,,,,,,,,,60.00,,,,,,,false,true,12,2022-04-01,2023-03-31,1
2022-08-01,45030,2023-03-31,1,,,,,,,33147000000,-0.082,,,,24812000000,,13.59,13.59,,,,,2481843000000,,,,,,,,,,,,,,,,true,false,3,2022-04-01,2022-06-30,0
2022-08-01,45030,2022-03-31,1,,,,,,,36090000000,-0.407,,,,30687000000,,16.56,16.55,,,,,,,,,,,,,,,,,,,,,true,false,3,2021-04-01,2021-06-30,-1
2022-08-01,45030,2023-03-31,1,,,,,,,269000000000,0.728,,,,208000000000,,113.84,,,,,,,,,,,,,,,,,,,,,,true,true,12,2022-04-01,2023-03-31,0
2022-08-01,45030,2022-03-31,1,,,,,,,,,,,,,,,,,,,,2332395000000,,,,,,,,,,,,,,,,true,false,12,2021-04-01,2022-03-31,-1
2022-08-01,45030,2022-03-31,1,,,,,,,,,,,,,,,,,,,,,,,,,,,,,50.00,,,,1835851575,8777623,,false,false,12,2021-04-01,2022-03-31,-1
2022-08-01,45030,2023-03-31,1,,,,,,,,,,,,,,,,,,,,,,,,,,,,,60.00,,,,,,,false,true,12,2022-04-01,2023-03-31,0
2022-08-01,45030,2023-03-31,1,,,,,,,,,,,,,,,,,,,,,,,,,,,,,,,,,1835851575,13272329,1825051313,false,false,3,2022-04-01,2022-06-30,0
2022-08-01,45030,2022-03-31,1,,,,,,,,,,,,,,,,,,,,,,,,,,,,,,,,,,,1852848995,false,false,3,2021-04-01,2021-06-30,-1
2022-10-31,45030,2023-03-31,2,,,,,,,119891000000,0.330,,,,96434000000,,52.87,52.85,,,,,2583661000000,,,,,,,,,,,,,,,,true,false,6,2022-04-01,2022-09-30,0
2022-10-31,45030,2022-03-31,2,,,,,,,90169000000,0.038,,,,71609000000,,38.65,38.63,,,,,,,,,,,,,,,,,,,,,true,false,6,2021-04-01,2021-09-30,-1
2022-10-31,45030,2023-03-31,2,,,,,,,269000000000,0.728,,,,208000000000,,113.84,,,,,,,,,,,,,,,,,,,,,,true,true,12,2022-04-01,2023-03-31,0
2022-10-31,45030,2022-03-31,2,,,,,,,,,,,,,,,,,,,,2332395000000,,,,,,,,,,,,,,,,true,false,12,2021-04-01,2022-03-31,-1
2022-10-31,45030,2022-03-31,2,,,,,,,,,,,,,,,,,,,,,,,,,,,,,50.00,,,,1835851575,8777623,,false,false,12,2021-04-01,2022-03-31,-1
2022-10-31,45030,2023-03-31,2,,,,,,,,,,,,,,,,,,,,,,,,,,,,,30.00,,,,,,,false,false,12,2022-04-01,2023-03-31,0
2022-10-31,45030,2023-03-31,2,,,,,,,,,,,,,,,,,,,,,,,,,,,,,60.00,,,,,,,false,true,12,2022-04-01,2023-03-31,0
2022-10-31,45030,2023-03-31,2,,,,,,,,,,,,,,,,,,,,,,,,,,,,,,,,,1835851575,13238061,1823828962,false,false,6,2022-04-01,2022-09-30,0
2022-10-31,45030,2022-03-31,2,,,,,,,,,,,,,,,,,,,,,,,,,,,,,,,,,,,1852857937,false,false,6,2021-04-01,2021-09-30,-1
2023-02-06,45030,2023-03-31,3,,,,,,,181279000000,0.070,,,,144839000000,,79.43,79.40,,,,,2513948000000,,,,,,,,,,,,,,,,true,false,9,2022-04-01,2022-12-31,0
2023-02-06,45030,2022-03-31,3,,,,,,,169371000000,0.062,,,,132495000000,,71.51,71.47,,,,,,,,,,,,,,,,,,,,,true,false,9,2021-04-01,2021-12-31,-1
2023-02-06,45030,2023-03-31,3,,,,,,,195000000000,0.253,,,,150000000000,,82.10,,,,,,,,,,,,,,,,,,,,,,true,true,12,2022-04-01,2023-03-31,0
2023-02-06,45030,2022-03-31,3,,,,,,,,,,,,,,,,,,,,2332395000000,,,,,,,,,,,,,,,,true,false,12,2021-04-01,2022-03-31,-1
2023-02-06,45030,2022-03-31,3,,,,,,,,,,,,,,,,,,,,,,,,,,,,,50.00,,,,1835851575,8777623,,false,false,12,2021-04-01,2022-03-31,-1
2023-02-06,45030,2023-03-31,3,,,,,,,,,,,,,,,,,,,,,,,,,,,,,30.00,,,,,,,false,false,12,2022-04-01,2023-03-31,0
2023-02-06,45030,2023-03-31,3,,,,,,,,,,,,,,,,,,,,,,,,,,,,,60.00,,,,,,,false,true,12,2022-04-01,2023-03-31,0
2023-02-06,45030,2023-03-31,3,,,,,,,,,,,,,,,,,,,,,,,,,,,,,,,,,1835851575,13045080,1823463287,false,false,9,2022-04-01,2022-12-31,0
2023-02-06,45030,2022-03-31,3,,,,,,,,,,,,,,,,,,,,,,,,,,,,,,,,,,,1852874674,false,false,9,2021-04-01,2021-12-31,-1
2023-04-11,45030,2023-03-31,,,,,,,,137000000000,-0.297,,,,105000000000,,57.47,,,,,,,,,,,,,,,,,,,,,,true,true,12,2022-04-01,2023-03-31,0
2023-04-11,45030,2022-03-31,,,,,,,,155686000000,,,,,124086000000,,67.08,,,,,,,,,,,,,,,,,,,,,,true,false,12,2021-04-01,2022-03-31,-1
2023-04-27,45030,2023-03-31,,613566000000,0.131,,,,,130639000000,0.233,338241000000,0.250,314210000000,,0.396,172.64,172.57,,,,,1488925000000,1022834000000,0.687,568.97,1022298000000,,,,,60.00,,,,1809663075,12900609,1820019333,false,false,12,2022-04-01,2023-03-31,0
2023-04-27,45030,2022-03-31,,542568000000,-0.005,,,,,105929000000,0.152,270544000000,0.211,225095000000,,0.166,121.69,121.63,,,,,1388556000000,873622000000,0.629,477.81,872992000000,,,,,50.00,,,,1835851575,8777623,1849713089,false,false,12,2021-04-01,2022-03-31,-1
2023-04-27,45030,2023-03-31,,,,,,,,133029000000,-0.146,,,,98714000000,,54.24,54.09,,,,,2456518000000,,,,,327767000000,-84500000000,-195623000000,,,1.106,,,,,,true,false,12,2022-04-01,2023-03-31,0
2023-04-27,45030,2022-03-31,,,,,,,,155686000000,0.144,,,,124086000000,,67.08,67.05,,,,,2332395000000,,,,,257444000000,-62413000000,-216298000000,,,0.745,,,,,,true,false,12,2021-04-01,2022-03-31,-1
2023-04-27,45030,2024-03-31,,,,,,,,288000000000,1.165,,,,227000000000,,126.34,,,,,,,,,,,,,,,,0.554,,,,,,true,true,12,2023-04-01,2024-03-31,1
2023-04-27,45030,2024-03-31,,,,,,,,,,,,,,,,,,,,,,,,,,,,,,70.00,,,,,,,false,true,12,2023-04-01,2024-03-31,1
2023-08-01,45030,2024-03-31,1,,,,,,,45794000000,0.382,,,,33129000000,,18.46,18.42,,,,,2797958000000,,,,,,,,,,,,,,,,true,false,3,2023-04-01,2023-06-30,0
2023-08-01,45030,2023-03-31,1,,,,,,,33147000000,-0.082,,,,24812000000,,13.59,13.59,,,,,,,,,,,,,,,,,,,,,true,false,3,2022-04-01,2022-06-30,-1
2023-08-01,45030,2024-03-31,1,,,,,,,259000000000,0.947,,,,204000000000,,113.54,,,,,,,,,,,,,,,,,,,,,,true,true,12,2023-04-01,2024-03-31,0
2023-08-01,45030,2023-03-31,1,,,,,,,,,,,,,,,,,,,,2456518000000,,,,,,,,,,,,,,,,true,false,12,2022-04-01,2023-03-31,-1
2023-08-01,45030,2023-03-31,1,,,,,,,,,,,,,,,,,,,,,,,,,,,,,60.00,,,,1809663075,12900609,,false,false,12,2022-04-01,2023-03-31,-1
2023-08-01,45030,2024-03-31,1,,,,,,,,,,,,,,,,,,,,,,,,,,,,,70.00,,,,,,,false,true,12,2023-04-01,2024-03-31,0
2023-08-01,45030,2024-03-31,1,,,,,,,,,,,,,,,,,,,,,,,,,,,,,,,,,1809663075,16826518,1794215840,false,false,3,2023-04-01,2023-06-30,0
2023-08-01,45030,2023-03-31,1,,,,,,,,,,,,,,,,,,,,,,,,,,,,,,,,,,,1825051313,false,false,3,2022-04-01,2022-06-30,-1
2023-11-01,45030,2024-03-31,2,,,,,,,51016000000,-0.574,,,,31670000000,,17.66,17.60,,,,,3543021000000,,,,,,,,,,,,,,,,true,false,6,2023-04-01,2023-09-30,0
2023-11-01,45030,2023-03-31,2,,,,,,,119891000000,0.330,,,,96434000000,,52.87,52.85,,,,,,,,,,,,,,,,,,,,,true,false,6,2022-04-01,2022-09-30,-1
2023-11-01,45030,2024-03-31,2,,,,,,,123000000000,-0.075,,,,85000000000,,47.39,,,,,,,,,,,,,,,,,,,,,,true,true,12,2023-04-01,2024-03-31,0
2023-11-01,45030,2023-03-31,2,,,,,,,,,,,,,,,,,,,,2456518000000,,,,,,,,,,,,,,,,true,false,12,2022-04-01,2023-03-31,-1
2023-11-01,45030,2023-03-31,2,,,,,,,,,,,,,,,,,,,,,,,,,,,,,60.00,,,,1809663075,12900609,,false,false,12,2022-04-01,2023-03-31,-1
2023-11-01,45030,2024-03-31,2,,,,,,,,,,,,,,,,,,,,,,,,,,,,,35.00,,,,,,,false,false,12,2023-04-01,2024-03-31,0
2023-11-01,45030,2024-03-31,2,,,,,,,,,,,,,,,,,,,,,,,,,,,,,70.00,,,,,,,false,true,12,2023-04-01,2024-03-31,0
2023-11-01,45030,2024-03-31,2,,,,,,,,,,,,,,,,,,,,,,,,,,,,,,,,,1809663075,16796542,1793535821,false,false,6,2023-04-01,2023-09-30,0
2023-11-01,45030,2023-03-31,2,,,,,,,,,,,,,,,,,,,,,,,,,,,,,,,,,,,1823828962,false,false,6,2022-04-01,2022-09-30,-1
2024-02-05,45030,2024-03-31,3,,,,,,,74119000000,-0.591,,,,50323000000,,28.06,27.96,,,,,3368682000000,,,,,,,,,,,,,,,,true,false,9,2023-04-01,2023-12-31,0
2024-02-05,45030,2023-03-31,3,,,,,,,181279000000,0.070,,,,144839000000,,79.43,79.40,,,,,,,,,,,,,,,,,,,,,true,false,9,2022-04-01,2022-12-31,-1
2024-02-05,45030,2024-03-31,3,,,,,,,83000000000,-0.376,,,,58000000000,,32.34,,,,,,,,,,,,,,,,,,,,,,true,true,12,2023-04-01,2024-03-31,0
2024-02-05,45030,2023-03-31,3,,,,,,,,,,,,,,,,,,,,2456518000000,,,,,,,,,,,,,,,,true,false,12,2022-04-01,2023-03-31,-1
2024-02-05,45030,2023-03-31,3,,,,,,,,,,,,,,,,,,,,,,,,,,,,,60.00,,,,1809663075,12900609,,false,false,12,2022-04-01,2023-03-31,-1
2024-02-05,45030,2024-03-31,3,,,,,,,,,,,,,,,,,,,,,,,,,,,,,35.00,,,,,,,false,false,12,2023-04-01,2024-03-31,0
2024-02-05,45030,2024-03-31,3,,,,,,,,,,,,,,,,,,,,,,,,,,,,,70.00,,,,,,,false,true,12,2023-04-01,2024-03-31,0
2024-02-05,45030,2024-03-31,3,,,,,,,,,,,,,,,,,,,,,,,,,,,,,,,,,1809663075,16676652,1793344330,false,false,9,2023-04-01,2023-12-31,0
2024-02-05,45030,2023-03-31,3,,,,,,,,,,,,,,,,,,,,,,,,,,,,,,,,,,,1823463287,false,false,9,2022-04-01,2022-12-31,-1
2024-04-12,45030,2024-03-31,,,,,,,,13000000000,-0.843,,,,3000000000,,1.67,,,,,,,,,,,,,,,,,,,,,,true,true,12,2023-04-01,2024-03-31,0
2024-04-12,45030,2023-03-31,,,,,,,,133029000000,,,,,98714000000,,54.24,,,,,,,,,,,,,,,,,,,,,,true,false,12,2022-04-01,2023-03-31,-1
2024-04-25,45030,2024-03-31,,688435000000,0.122,,,,,193984000000,0.485,373257000000,0.104,292161000000,,-0.070,162.92,162.87,,,,,2458895000000,1183824000000,0.481,660.00,1183449000000,,,,,70.00,,,,1809663075,16561677,1793276623,false,false,12,2023-04-01,2024-03-31,0
2024-04-25,45030,2023-03-31,,613566000000,0.131,,,,,130639000000,0.233,338241000000,0.250,314210000000,,0.396,172.64,172.57,,,,,1488925000000,1022834000000,0.687,568.97,1022298000000,,,,,60.00,,,,1809663075,12900609,1820019333,false,false,12,2022-04-01,2023-03-31,-1
2024-04-25,45030,2024-03-31,,,,,,,,25518000000,-0.808,,,,17045000000,,9.51,9.47,,,,,3569603000000,,,,,172475000000,-845802000000,614060000000,,,7.364,,,,,,true,false,12,2023-04-01,2024-03-31,0
2024-04-25,45030,2023-03-31,,,,,,,,133029000000,-0.146,,,,98714000000,,54.24,54.09,,,,,2456518000000,,,,,327767000000,-84500000000,-195623000000,,,1.106,,,,,,true,false,12,2022-04-01,2023-03-31,-1
2024-04-25,45030,2025-03-31,,,,,,,,48000000000,0.881,,,,30000000000,,16.73,,,,,,,,,,,,,,,,4.423,,,,,,true,true,12,2024-04-01,2025-03-31,1
2024-04-25,45030,2025-03-31,,,,,,,,,,,,,,,,,,,,,,,,,,,,,,74.00,,,,,,,false,true,12,2024-04-01,2025-03-31,1
2024-08-01,45030,2025-03-31,1,,,,,,,50657000000,0.106,,,,37603000000,,21.00,20.94,,,,,3735514000000,,,,,,,,,,,,,,,,true,false,3,2024-04-01,2024-06-30,0
2024-08-01,45030,2024-03-31,1,,,,,,,45794000000,0.382,,,,33129000000,,18.46,18.42,,,,,,,,,,,,,,,,,,,,,true,false,3,2023-04-01,2023-06-30,-1
2024-08-01,45030,2025-03-31,1,,,,,,,48000000000,0.881,,,,30000000000,,16.73,,,,,,,,,,,,,,,,,,,,,,true,true,12,2024-04-01,2025-03-31,0
2024-08-01,45030,2024-03-31,1,,,,,,,,,,,,,,,,,,,,3569603000000,,,,,,,,,,,,,,,,true,false,12,2023-04-01,2024-03-31,-1
2024-08-01,45030,2024-03-31,1,,,,,,,,,,,,,,,,,,,,,,,,,,,,,70.00,,,,1809663075,16561677,,false,false,12,2023-04-01,2024-03-31,-1
2024-08-01,45030,2025-03-31,1,,,,,,,,,,,,,,,,,,,,,,,,,,,,,74.00,,,,,,,false,true,12,2024-04-01,2025-03-31,0
2024-08-01,45030,2025-03-31,1,,,,,,,,,,,,,,,,,,,,,,,,,,,,,,,,,1809663075,19802926,1790553398,false,false,3,2024-04-01,2024-06-30,0
2024-08-01,45030,2024-03-31,1,,,,,,,,,,,,,,,,,,,,,,,,,,,,,,,,,,,1794215840,false,false,3,2023-04-01,2023-06-30,-1
2024-10-30,45030,2025-03-31,2,,,,,,,93710000000,0.699,,,,73511000000,,41.06,40.91,,,,,3462237000000,,,,,,,,,,,,,,,,true,false,6,2024-04-01,2024-09-30,0
2024-10-30,45030,2024-03-31,2,,,,,,,55156000000,-0.540,,,,35810000000,,19.97,19.90,,,,,,,,,,,,,,,,,,,,,true,false,6,2023-04-01,2023-09-30,-1
2024-10-30,45030,2025-03-31,2,,,,,,,80000000000,2.135,,,,50000000000,,27.93,,,,,,,,,,,,,,,,,,,,,,true,true,12,2024-04-01,2025-03-31,0
2024-10-30,45030,2024-03-31,2,,,,,,,,,,,,,,,,,,,,3569603000000,,,,,,,,,,,,,,,,true,false,12,2023-04-01,2024-03-31,-1
2024-10-30,45030,2024-03-31,2,,,,,,,,,,,,,,,,,,,,,,,,,,,,,70.00,,,,1809663075,16561677,,false,false,12,2023-04-01,2024-03-31,-1
2024-10-30,45030,2025-03-31,2,,,,,,,,,,,,,,,,,,,,,,,,,,,,,37.00,,,,,,,false,false,12,2024-04-01,2025-03-31,0
2024-10-30,45030,2025-03-31,2,,,,,,,,,,,,,,,,,,,,,,,,,,,,,74.00,,,,,,,false,true,12,2024-04-01,2025-03-31,0
2024-10-30,45030,2025-03-31,2,,,,,,,,,,,,,,,,,,,,,,,,,,,,,,,,,1809663075,19555660,1790250117,false,false,6,2024-04-01,2024-09-30,0
2024-10-30,45030,2024-03-31,2,,,,,,,,,,,,,,,,,,,,,,,,,,,,,,,,,,,1793535821,false,false,6,2023-04-01,2023-09-30,-1
2025-01-24,45030,2025-03-31,,,,,,,,11000000000,-0.862,,,,14000000000,,7.82,,,,,,,,,,,,,,,,,,,,,,true,true,12,2024-04-01,2025-03-31,0
2025-01-24,45030,2024-03-31,,,,,,,,25518000000,,,,,17045000000,,9.51,,,,,,,,,,,,,,,,,,,,,,true,false,12,2023-04-01,2024-03-31,-1
2025-02-04,45030,2025-03-31,3,,,,,,,-22481000000,,,,,-24149000000,,-13.49,-13.49,,,,,3451630000000,,,,,,,,,,,,,,,,true,false,9,2024-04-01,2024-12-31,0
2025-02-04,45030,2024-03-31,3,,,,,,,74119000000,-0.591,,,,50323000000,,28.06,27.96,,,,,,,,,,,,,,,,,,,,,true,false,9,2023-04-01,2023-12-31,-1
2025-02-04,45030,2025-03-31,3,,,,,,,11000000000,-0.569,,,,14000000000,,7.82,,,,,,,,,,,,,,,,,,,,,,true,true,12,2024-04-01,2025-03-31,0
2025-02-04,45030,2024-03-31,3,,,,,,,,,,,,,,,,,,,,3569603000000,,,,,,,,,,,,,,,,true,false,12,2023-04-01,2024-03-31,-1
2025-02-04,45030,2024-03-31,3,,,,,,,,,,,,,,,,,,,,,,,,,,,,,70.00,,,,1809663075,16561677,,false,false,12,2023-04-01,2024-03-31,-1
2025-02-04,45030,2025-03-31,3,,,,,,,,,,,,,,,,,,,,,,,,,,,,,37.00,,,,,,,false,false,12,2024-04-01,2025-03-31,0
2025-02-04,45030,2025-03-31,3,,,,,,,,,,,,,,,,,,,,,,,,,,,,,74.00,,,,,,,false,true,12,2024-04-01,2025-03-31,0
2025-02-04,45030,2025-03-31,3,,,,,,,,,,,,,,,,,,,,,,,,,,,,,,,,,1809663075,19543419,1790203855,false,false,9,2024-04-01,2024-12-31,0
2025-02-04,45030,2024-03-31,3,,,,,,,,,,,,,,,,,,,,,,,,,,,,,,,,,,,1793344330,false,false,9,2023-04-01,2023-12-31,-1
2025-04-25,45030,2025-03-31,,789619000000,0.147,,,,,267305000000,0.378,431119000000,0.155,319719000000,,0.094,178.59,178.55,,,,,2559271000000,1366867000000,0.534,763.31,1366569000000,,,,,74.00,,,,1809663075,19353121,1790205886,false,false,12,2024-04-01,2025-03-31,0
2025-04-25,45030,2024-03-31,,688435000000,0.122,,,,,193984000000,0.485,373257000000,0.104,292161000000,,-0.070,162.92,162.87,,,,,2458895000000,1183824000000,0.481,660.00,1183449000000,,,,,70.00,,,,1809663075,16561677,1793276623,false,false,12,2023-04-01,2024-03-31,-1
2025-04-25,45030,2025-03-31,,,,,,,,41039000000,0.608,,,,50747000000,,28.35,28.24,,,,,3339544000000,,,,,194512000000,-89419000000,-261367000000,,,2.611,,,,,,true,false,12,2024-04-01,2025-03-31,0
2025-04-25,45030,2024-03-31,,,,,,,,25518000000,-0.808,,,,17045000000,,9.51,9.47,,,,,3569603000000,,,,,172475000000,-845802000000,614060000000,,,7.364,,,,,,true,false,12,2023-04-01,2024-03-31,-1
2025-04-25,45030,2026-03-31,,,,,,,,160000000000,2.899,,,,130000000000,,72.61,,,,,,,,,,,,,,,,1.074,,,,,,true,true,12,2025-04-01,2026-03-31,1
2025-04-25,45030,2026-03-31,,,,,,,,,,,,,,,,,,,,,,,,,,,,,,78.00,,,,,,,false,true,12,2025-04-01,2026-03-31,1
2025-07-30,45030,2026-03-31,1,,,,,,,94647000000,0.868,,,,68422000000,,38.22,38.11,,,,,3335833000000,,,,,,,,,,,,,,,,true,false,3,2025-04-01,2025-06-30,0
2025-07-30,45030,2025-03-31,1,,,,,,,50657000000,0.106,,,,37603000000,,21.00,20.94,,,,,,,,,,,,,,,,,,,,,true,false,3,2024-04-01,2024-06-30,-1
2025-07-30,45030,2026-03-31,1,,,,,,,160000000000,2.899,,,,130000000000,,72.61,,,,,,,,,,,,,,,,,,,,,,true,true,12,2025-04-01,2026-03-31,0
2025-07-30,45030,2025-03-31,1,,,,,,,,,,,,,,,,,,,,3339544000000,,,,,,,,,,,,,,,,true,false,12,2024-04-01,2025-03-31,-1
2025-07-30,45030,2025-03-31,1,,,,,,,,,,,,,,,,,,,,,,,,,,,,,74.00,,,,1809663075,19353121,,false,false,12,2024-04-01,2025-03-31,-1
2025-07-30,45030,2026-03-31,1,,,,,,,,,,,,,,,,,,,,,,,,,,,,,78.00,,,,,,,false,true,12,2025-04-01,2026-03-31,0
2025-07-30,45030,2026-03-31,1,,,,,,,,,,,,,,,,,,,,,,,,,,,,,,,,,1809663075,18533117,1790411635,false,false,3,2025-04-01,2025-06-30,0
2025-07-30,45030,2025-03-31,1,,,,,,,,,,,,,,,,,,,,,,,,,,,,,,,,,,,1790553398,false,false,3,2024-04-01,2024-06-30,-1
