filing_date,code,fiscal_year_end,quarterly_period,net_sales,net_sales_change,revenue,revenue_change,operating_revenue,operating_revenue_change,operating_profit,operating_profit_change,ordinary_profit,ordinary_profit_change,net_income,net_income_of_parent,net_income_change,eps,diluted_eps,roe,roa,operating_profit_to_net_sales,operating_profit_to_revenue,total_assets,net_assets,equity_ratio,bps,owner_equity,operating_cash_flow,investing_cash_flow,financing_cash_flow,cash,dividend_per_share,payout_ratio,commemorative_dividend,extra_dividend,number_of_shares,number_of_treqsury_shares,avg_number_of_shares,is_consolidated,is_forecast,duration,period_start,period_end,period_pos
2015-05-11,45060,2015-03-31,,371370000000,-0.042,,,,,23275000000,-0.448,23331000000,-0.426,15447000000,,-0.230,38.88,,0.036,0.034,0.063,,711583000000,451021000000,0.634,1135.21,451021000000,30251000000,23447000000,-15725000000,122794000000,,0.463,,,,,,true,false,12,2014-04-01,2015-03-31,0
2015-05-11,45060,2014-03-31,,387693000000,0.115,,,,,42142000000,0.683,40631000000,0.658,20060000000,,0.997,50.49,,0.054,0.064,0.109,,659032000000,398540000000,0.605,1003.11,398540000000,49943000000,-26208000000,-27164000000,73919000000,,0.357,,,,,,true,false,12,2013-04-01,2014-03-31,-1
2015-05-11,45060,2016-03-31,,193000000000,0.083,,,,,11000000000,-0.079,11000000000,-0.135,,8000000000,,20.14,,,,,,,,,,,,,,,,,,,,,,true,true,6,2015-04-01,2015-09-30,1
2015-05-11,45060,2016-03-31,,392000000000,0.056,,,,,27000000000,0.160,26500000000,0.136,,18000000000,,45.31,,,,,,,,,,,,,,,,0.397,,,,,,true,true,12,2015-04-01,2016-03-31,1
2015-05-11,45060,2015-03-31,,183073000000,-0.088,,,,,14329000000,-0.401,15136000000,-0.353,16968000000,,0.116,42.71,,,,,,595144000000,400110000000,0.672,1007.06,400110000000,,,,,18.00,,,,397900154,596335,397305152,false,false,12,2014-04-01,2015-03-31,0
2015-05-11,45060,2014-03-31,,200745000000,0.057,,,,,23938000000,0.288,23403000000,0.265,15210000000,,0.339,38.28,,,,,,568152000000,385897000000,0.679,971.29,385897000000,,,,,18.00,,,,397900154,593962,397307851,false,false,12,2013-04-01,2014-03-31,-1
2015-05-11,45060,2016-03-31,,,,,,,,,,,,,,,,,,,,,,,,,,,,,,18.00,,,,,,,false,true,12,2015-04-01,2016-03-31,1
2015-07-29,45060,2016-03-31,1,98128000000,0.093,,,,,4442000000,-0.489,4726000000,-0.505,,5941000000,,14.95,,,,,,727319000000,458208000000,0.630,,458208000000,,,,,,,,,,,,true,false,3,2015-04-01,2015-06-30,0
2015-07-29,45060,2015-03-31,1,89743000000,0.001,,,,,8694000000,-0.037,9551000000,0.006,,5756000000,,14.49,,,,,,,,,,,,,,,,,,,,,,true,false,3,2014-04-01,2014-06-30,-1
2015-07-29,45060,2016-03-31,1,197500000000,0.108,,,,,11000000000,-0.079,11000000000,-0.135,,8000000000,,20.14,,,,,,,,,,,,,,,,,,,,,,true,true,6,2015-04-01,2015-09-30,0
2015-07-29,45060,2016-03-31,1,401000000000,0.080,,,,,27000000000,0.160,26500000000,0.136,,18000000000,,45.31,,,,,,,,,,,,,,,,,,,,,,true,true,12,2015-04-01,2016-03-31,0
2015-07-29,45060,2015-03-31,1,,,,,,,,,,,,,,,,,,,,711583000000,451021000000,0.634,,451021000000,,,,,,,,,,,,true,false,12,2014-04-01,2015-03-31,-1
2015-07-29,45060,2015-03-31,1,,,,,,,,,,,,,,,,,,,,,,,,,,,,,18.00,,,,397900154,596335,,false,false,12,2014-04-01,2015-03-31,-1
2015-07-29,45060,2016-03-31,1,,,,,,,,,,,,,,,,,,,,,,,,,,,,,18.00,,,,,,,false,true,12,2015-04-01,2016-03-31,0
2015-07-29,45060,2016-03-31,1,,,,,,,,,,,,,,,,,,,,,,,,,,,,,,,,,397900154,596939,397303386,false,false,3,2015-04-01,2015-06-30,0
2015-07-29,45060,2015-03-31,1,,,,,,,,,,,,,,,,,,,,,,,,,,,,,,,,,,,397306033,false,false,3,2014-04-01,2014-06-30,-1
2015-10-23,45060,2016-03-31,,198900000000,0.007,,,,,16800000000,0.527,17500000000,0.591,,13200000000,,33.22,,,,,,,,,,,,,,,,,,,,,,true,true,6,2015-04-01,2015-09-30,0
2015-10-23,45060,2015-03-31,,178290000000,,,,,,11945000000,,12712000000,,,11758000000,,29.60,,,,,,,,,,,,,,,,,,,,,,true,false,6,2014-04-01,2014-09-30,-1
2015-10-28,45060,2016-03-31,2,198926000000,0.116,,,,,16847000000,0.410,17502000000,0.377,,13214000000,,33.26,,,,,,726014000000,455567000000,0.627,,455567000000,,,,,,,,,,,,true,false,6,2015-04-01,2015-09-30,0
2015-10-28,45060,2015-03-31,2,178290000000,-0.017,,,,,11945000000,-0.315,12712000000,-0.270,,11758000000,,29.60,,,,,,,,,,,,,,,,,,,,,,true,false,6,2014-04-01,2014-09-30,-1
2015-10-28,45060,2016-03-31,2,401000000000,0.080,,,,,29000000000,0.246,28500000000,0.222,,20000000000,,50.34,,,,,,,,,,,,,,,,,,,,,,true,true,12,2015-04-01,2016-03-31,0
2015-10-28,45060,2015-03-31,2,,,,,,,,,,,,,,,,,,,,711583000000,451021000000,0.634,,451021000000,,,,,,,,,,,,true,false,12,2014-04-01,2015-03-31,-1
2015-10-28,45060,2015-03-31,2,,,,,,,,,,,,,,,,,,,,,,,,,,,,,18.00,,,,397900154,596335,,false,false,12,2014-04-01,2015-03-31,-1
2015-10-28,45060,2016-03-31,2,,,,,,,,,,,,,,,,,,,,,,,,,,,,,9.00,,,,,,,false,false,12,2015-04-01,2016-03-31,0
2015-10-28,45060,2016-03-31,2,,,,,,,,,,,,,,,,,,,,,,,,,,,,,18.00,,,,,,,false,true,12,2015-04-01,2016-03-31,0
2015-10-28,45060,2016-03-31,2,,,,,,,,,,,,,,,,,,,,,,,,,,,,,,,,,397900154,597471,397303133,false,false,6,2015-04-01,2015-09-30,0
2015-10-28,45060,2015-03-31,2,,,,,,,,,,,,,,,,,,,,,,,,,,,,,,,,,,,397305768,false,false,6,2014-04-01,2014-09-30,-1
2016-01-27,45060,2016-03-31,3,304532000000,0.091,,,,,31086000000,0.362,31133000000,0.383,,23345000000,,58.76,,,,,,756597000000,468063000000,0.619,,468063000000,,,,,,,,,,,,true,false,9,2015-04-01,2015-12-31,0
2016-01-27,45060,2015-03-31,3,279139000000,-0.019,,,,,22818000000,-0.342,22506000000,-0.344,,18993000000,,47.81,,,,,,,,,,,,,,,,,,,,,,true,false,9,2014-04-01,2014-12-31,-1
2016-01-27,45060,2016-03-31,3,403000000000,0.085,,,,,33000000000,0.418,32500000000,0.393,,23000000000,,57.89,,,,,,,,,,,,,,,,,,,,,,true,true,12,2015-04-01,2016-03-31,0
2016-01-27,45060,2015-03-31,3,,,,,,,,,,,,,,,,,,,,711583000000,451021000000,0.634,,451021000000,,,,,,,,,,,,true,false,12,2014-04-01,2015-03-31,-1
2016-01-27,45060,2015-03-31,3,,,,,,,,,,,,,,,,,,,,,,,,,,,,,18.00,,,,397900154,596335,,false,false,12,2014-04-01,2015-03-31,-1
2016-01-27,45060,2016-03-31,3,,,,,,,,,,,,,,,,,,,,,,,,,,,,,9.00,,,,,,,false,false,12,2015-04-01,2016-03-31,0
2016-01-27,45060,2016-03-31,3,,,,,,,,,,,,,,,,,,,,,,,,,,,,,18.00,,,,,,,false,true,12,2015-04-01,2016-03-31,0
2016-01-27,45060,2016-03-31,3,,,,,,,,,,,,,,,,,,,,,,,,,,,,,,,,,397900154,598186,397302836,false,false,9,2015-04-01,2015-12-31,0
2016-01-27,45060,2015-03-31,3,,,,,,,,,,,,,,,,,,,,,,,,,,,,,,,,,,,397305446,false,false,9,2014-04-01,2014-12-31,-1
2016-05-11,45060,2016-03-31,,403206000000,0.086,,,,,36929000000,0.587,35221000000,0.510,,24697000000,,62.16,,0.055,0.050,0.092,,707715000000,446472000000,0.631,1123.76,446472000000,49415000000,15887000000,-42605000000,135575000000,,0.290,,,,,,true,false,12,2015-04-01,2016-03-31,0
2016-05-11,45060,2015-03-31,,371370000000,-0.042,,,,,23275000000,-0.448,23331000000,-0.426,,15447000000,,38.88,,0.036,0.034,0.063,,711583000000,451021000000,0.634,1135.21,451021000000,30251000000,23447000000,-15725000000,122794000000,,0.463,,,,,,true,false,12,2014-04-01,2015-03-31,-1
2016-05-11,45060,2017-03-31,,199000000000,0.000,,,,,16000000000,-0.050,16000000000,-0.086,,8000000000,,20.14,,,,,,,,,,,,,,,,,,,,,,true,true,6,2016-04-01,2016-09-30,1
2016-05-11,45060,2017-03-31,,410000000000,0.017,,,,,40000000000,0.083,40000000000,0.136,,25000000000,,62.92,,,,,,,,,,,,,,,,0.286,,,,,,true,true,12,2016-04-01,2017-03-31,1
2016-05-11,45060,2016-03-31,,265691000000,0.451,,,,,95115000000,5.638,94525000000,5.245,66624000000,,2.926,167.69,,,,,,647720000000,465410000000,0.719,1171.43,465410000000,,,,,18.00,,,,397900154,598599,397302552,false,false,12,2015-04-01,2016-03-31,0
2016-05-11,45060,2015-03-31,,183073000000,-0.088,,,,,14329000000,-0.401,15136000000,-0.353,16968000000,,0.116,42.71,,,,,,595144000000,400110000000,0.672,1007.06,400110000000,,,,,18.00,,,,397900154,596335,397305152,false,false,12,2014-04-01,2015-03-31,-1
2016-05-11,45060,2017-03-31,,,,,,,,,,,,,,,,,,,,,,,,,,,,,,18.00,,,,,,,false,true,12,2016-04-01,2017-03-31,1
2016-07-27,45060,2017-03-31,1,103488000000,0.055,,,,,14555000000,2.277,12685000000,1.684,,8366000000,,21.06,,,,,,658087000000,425835000000,0.647,,425835000000,,,,,,,,,,,,true,false,3,2016-04-01,2016-06-30,0
2016-07-27,45060,2016-03-31,1,98128000000,0.093,,,,,4442000000,-0.489,4726000000,-0.505,,5941000000,,14.95,,,,,,,,,,,,,,,,,,,,,,true,false,3,2015-04-01,2015-06-30,-1
2016-07-27,45060,2017-03-31,1,199000000000,0.000,,,,,16000000000,-0.050,16000000000,-0.086,,8000000000,,20.14,,,,,,,,,,,,,,,,,,,,,,true,true,6,2016-04-01,2016-09-30,0
2016-07-27,45060,2017-03-31,1,410000000000,0.017,,,,,40000000000,0.083,40000000000,0.136,,25000000000,,62.92,,,,,,,,,,,,,,,,,,,,,,true,true,12,2016-04-01,2017-03-31,0
2016-07-27,45060,2016-03-31,1,,,,,,,,,,,,,,,,,,,,707715000000,446472000000,0.631,,446472000000,,,,,,,,,,,,true,false,12,2015-04-01,2016-03-31,-1
2016-07-27,45060,2016-03-31,1,,,,,,,,,,,,,,,,,,,,,,,,,,,,,18.00,,,,397900154,598599,,false,false,12,2015-04-01,2016-03-31,-1
2016-07-27,45060,2017-03-31,1,,,,,,,,,,,,,,,,,,,,,,,,,,,,,18.00,,,,,,,false,true,12,2016-04-01,2017-03-31,0
2016-07-27,45060,2017-03-31,1,,,,,,,,,,,,,,,,,,,,,,,,,,,,,,,,,397900154,599093,397301155,false,false,3,2016-04-01,2016-06-30,0
2016-07-27,45060,2016-03-31,1,,,,,,,,,,,,,,,,,,,,,,,,,,,,,,,,,,,397303386,false,false,3,2015-04-01,2015-06-30,-1
2016-10-21,45060,2017-03-31,,198000000000,-0.005,,,,,26700000000,0.669,23800000000,0.488,,10900000000,,27.44,,,,,,,,,,,,,,,,,,,,,,true,true,6,2016-04-01,2016-09-30,0
2016-10-21,45060,2016-03-31,,198926000000,,,,,,16847000000,,17502000000,,,13214000000,,33.26,,,,,,,,,,,,,,,,,,,,,,true,false,6,2015-04-01,2015-09-30,-1
2016-10-27,45060,2017-03-31,2,198088000000,-0.004,,,,,26731000000,0.587,23881000000,0.364,,10922000000,,27.49,,,,,,641153000000,418845000000,0.653,,418845000000,,,,,,,,,,,,true,false,6,2016-04-01,2016-09-30,0
2016-10-27,45060,2016-03-31,2,198926000000,0.116,,,,,16847000000,0.410,17502000000,0.377,,13214000000,,33.26,,,,,,,,,,,,,,,,,,,,,,true,false,6,2015-04-01,2015-09-30,-1
2016-10-27,45060,2017-03-31,2,398000000000,-0.013,,,,,46000000000,0.246,44000000000,0.249,,25000000000,,62.92,,,,,,,,,,,,,,,,,,,,,,true,true,12,2016-04-01,2017-03-31,0
2016-10-27,45060,2016-03-31,2,,,,,,,,,,,,,,,,,,,,707715000000,446472000000,0.631,,446472000000,,,,,,,,,,,,true,false,12,2015-04-01,2016-03-31,-1
2016-10-27,45060,2016-03-31,2,,,,,,,,,,,,,,,,,,,,,,,,,,,,,18.00,,,,397900154,598599,,false,false,12,2015-04-01,2016-03-31,-1
2016-10-27,45060,2017-03-31,2,,,,,,,,,,,,,,,,,,,,,,,,,,,,,9.00,,,,,,,false,false,12,2016-04-01,2017-03-31,0
2016-10-27,45060,2017-03-31,2,,,,,,,,,,,,,,,,,,,,,,,,,,,,,18.00,,,,,,,false,true,12,2016-04-01,2017-03-31,0
2016-10-27,45060,2017-03-31,2,,,,,,,,,,,,,,,,,,,,,,,,,,,,,,,,,397900154,599690,397300888,false,false,6,2016-04-01,2016-09-30,0
2016-10-27,45060,2016-03-31,2,,,,,,,,,,,,,,,,,,,,,,,,,,,,,,,,,,,397303133,false,false,6,2015-04-01,2015-09-30,-1
2017-01-27,45060,2017-03-31,3,305507000000,0.003,,,,,44241000000,0.423,49864000000,0.602,,29571000000,,74.43,,,,,,750946000000,473715000000,0.631,,473715000000,,,,,,,,,,,,true,false,9,2016-04-01,2016-12-31,0
2017-01-27,45060,2016-03-31,3,304532000000,0.091,,,,,31086000000,0.362,31133000000,0.383,,23345000000,,58.76,,,,,,,,,,,,,,,,,,,,,,true,false,9,2015-04-01,2015-12-31,-1
2017-01-27,45060,2017-03-31,3,404000000000,0.002,,,,,46000000000,0.246,46000000000,0.306,,26000000000,,65.44,,,,,,,,,,,,,,,,,,,,,,true,true,12,2016-04-01,2017-03-31,0
2017-01-27,45060,2016-03-31,3,,,,,,,,,,,,,,,,,,,,707715000000,446472000000,0.631,,446472000000,,,,,,,,,,,,true,false,12,2015-04-01,2016-03-31,-1
2017-01-27,45060,2016-03-31,3,,,,,,,,,,,,,,,,,,,,,,,,,,,,,18.00,,,,397900154,598599,,false,false,12,2015-04-01,2016-03-31,-1
2017-01-27,45060,2017-03-31,3,,,,,,,,,,,,,,,,,,,,,,,,,,,,,9.00,,,,,,,false,false,12,2016-04-01,2017-03-31,0
2017-01-27,45060,2017-03-31,3,,,,,,,,,,,,,,,,,,,,,,,,,,,,,18.00,,,,,,,false,true,12,2016-04-01,2017-03-31,0
2017-01-27,45060,2017-03-31,3,,,,,,,,,,,,,,,,,,,,,,,,,,,,,,,,,397900154,599896,397300708,false,false,9,2016-04-01,2016-12-31,0
2017-01-27,45060,2016-03-31,3,,,,,,,,,,,,,,,,,,,,,,,,,,,,,,,,,,,397302836,false,false,9,2015-04-01,2015-12-31,-1
2017-05-11,45060,2017-03-31,,411638000000,0.021,,,,,52759000000,0.429,54341000000,0.543,,28991000000,,72.97,,0.064,0.072,0.128,,793950000000,460656000000,0.580,1159.47,460656000000,21624000000,-59729000000,9881000000,105603000000,,0.274,,,,,,true,false,12,2016-04-01,2017-03-31,0
2017-05-11,45060,2016-03-31,,403206000000,0.086,,,,,36929000000,0.587,35221000000,0.510,,24697000000,,62.16,,0.055,0.050,0.092,,707715000000,446472000000,0.631,1123.76,446472000000,49415000000,15887000000,-42605000000,135575000000,,0.290,,,,,,true,false,12,2015-04-01,2016-03-31,-1
2017-05-11,45060,2018-03-31,,220000000000,0.111,,,,,26500000000,-0.009,26500000000,0.110,,18000000000,,45.31,,,,,,,,,,,,,,,,,,,,,,true,true,6,2017-04-01,2017-09-30,1
2017-05-11,45060,2018-03-31,,450000000000,0.093,,,,,55000000000,0.042,55000000000,0.012,,36000000000,,90.61,,,,,,,,,,,,,,,,0.221,,,,,,true,true,12,2017-04-01,2018-03-31,1
2017-05-11,45060,2017-03-31,,256531000000,-0.034,,,,,89768000000,-0.056,92098000000,-0.026,63902000000,,-0.041,160.84,,,,,,642111000000,515585000000,0.803,1297.72,515585000000,,,,,20.00,,,,397900154,600484,397300479,false,false,12,2016-04-01,2017-03-31,0
2017-05-11,45060,2016-03-31,,265691000000,0.451,,,,,95115000000,5.638,94525000000,5.245,66624000000,,2.926,167.69,,,,,,647720000000,465410000000,0.719,1171.43,465410000000,,,,,18.00,,,,397900154,598599,397302552,false,false,12,2015-04-01,2016-03-31,-1
2017-05-11,45060,2018-03-31,,,,,,,,,,,,,,,,,,,,,,,,,,,,,,20.00,,,,,,,false,true,12,2017-04-01,2018-03-31,1
2017-07-28,45060,2018-03-31,1,116297000000,0.124,,,,,19731000000,0.356,19844000000,0.564,,14410000000,,36.27,,,,,,808499000000,472221000000,0.584,,472221000000,,,,,,,,,,,,true,false,3,2017-04-01,2017-06-30,0
2017-07-28,45060,2017-03-31,1,103488000000,0.055,,,,,14555000000,2.277,12685000000,1.684,,8366000000,,21.06,,,,,,,,,,,,,,,,,,,,,,true,false,3,2016-04-01,2016-06-30,-1
2017-07-28,45060,2018-03-31,1,234500000000,0.184,,,,,41000000000,0.534,41000000000,0.717,,28500000000,,71.73,,,,,,,,,,,,,,,,,,,,,,true,true,6,2017-04-01,2017-09-30,0
2017-07-28,45060,2018-03-31,1,464000000000,0.127,,,,,65000000000,0.232,65000000000,0.196,,44000000000,,110.75,,,,,,,,,,,,,,,,,,,,,,true,true,12,2017-04-01,2018-03-31,0
2017-07-28,45060,2017-03-31,1,,,,,,,,,,,,,,,,,,,,793950000000,460656000000,0.580,,460656000000,,,,,,,,,,,,true,false,12,2016-04-01,2017-03-31,-1
2017-07-28,45060,2017-03-31,1,,,,,,,,,,,,,,,,,,,,,,,,,,,,,20.00,,,,397900154,600484,,false,false,12,2016-04-01,2017-03-31,-1
2017-07-28,45060,2018-03-31,1,,,,,,,,,,,,,,,,,,,,,,,,,,,,,20.00,,,,,,,false,true,12,2017-04-01,2018-03-31,0
2017-07-28,45060,2018-03-31,1,,,,,,,,,,,,,,,,,,,,,,,,,,,,,,,,,397900154,600700,397299572,false,false,3,2017-04-01,2017-06-30,0
2017-07-28,45060,2017-03-31,1,,,,,,,,,,,,,,,,,,,,,,,,,,,,,,,,,,,397301155,false,false,3,2016-04-01,2016-06-30,-1
2017-07-28,45060,2018-03-31,,234500000000,0.066,,,,,41000000000,0.547,41000000000,0.547,,28500000000,,71.73,,,,,,,,,,,,,,,,,,,,,,true,true,6,2017-04-01,2017-09-30,0
2017-07-28,45060,2017-03-31,,198088000000,,,,,,26731000000,,23881000000,,,10922000000,,27.49,,,,,,,,,,,,,,,,,,,,,,true,false,6,2016-04-01,2016-09-30,-1
2017-07-28,45060,2018-03-31,,464000000000,0.031,,,,,65000000000,0.182,65000000000,0.182,,44000000000,,110.75,,,,,,,,,,,,,,,,,,,,,,true,true,12,2017-04-01,2018-03-31,0
2017-07-28,45060,2017-03-31,,411638000000,,,,,,52759000000,,54341000000,,,28991000000,,72.97,,,,,,,,,,,,,,,,,,,,,,true,false,12,2016-04-01,2017-03-31,-1
2017-10-30,45060,2018-03-31,2,240463000000,0.214,,,,,47243000000,0.767,48395000000,1.026,,34887000000,,87.81,,,,,,828542000000,496021000000,0.599,,496021000000,,,,,,,,,,,,true,false,6,2017-04-01,2017-09-30,0
2017-10-30,45060,2017-03-31,2,198088000000,-0.004,,,,,26731000000,0.587,23881000000,0.364,,10922000000,,27.49,,,,,,,,,,,,,,,,,,,,,,true,false,6,2016-04-01,2016-09-30,-1
2017-10-30,45060,2018-03-31,2,474000000000,0.151,,,,,72000000000,0.365,72000000000,0.325,,47000000000,,118.30,,,,,,,,,,,,,,,,,,,,,,true,true,12,2017-04-01,2018-03-31,0
2017-10-30,45060,2017-03-31,2,,,,,,,,,,,,,,,,,,,,793950000000,460656000000,0.580,,460656000000,,,,,,,,,,,,true,false,12,2016-04-01,2017-03-31,-1
2017-10-30,45060,2017-03-31,2,,,,,,,,,,,,,,,,,,,,,,,,,,,,,20.00,,,,397900154,600484,,false,false,12,2016-04-01,2017-03-31,-1
2017-10-30,45060,2018-03-31,2,,,,,,,,,,,,,,,,,,,,,,,,,,,,,9.00,,,,,,,false,false,12,2017-04-01,2018-03-31,0
2017-10-30,45060,2018-03-31,2,,,,,,,,,,,,,,,,,,,,,,,,,,,,,20.00,,,,,,,false,true,12,2017-04-01,2018-03-31,0
2017-10-30,45060,2018-03-31,2,,,,,,,,,,,,,,,,,,,,,,,,,,,,,,,,,397900154,600993,397299414,false,false,6,2017-04-01,2017-09-30,0
2017-10-30,45060,2017-03-31,2,,,,,,,,,,,,,,,,,,,,,,,,,,,,,,,,,,,397300888,false,false,6,2016-04-01,2016-09-30,-1
2018-01-30,45060,2018-03-31,3,364121000000,0.192,,,,,55943000000,0.265,57985000000,0.163,,50591000000,,127.34,,,,,,841811000000,516625000000,0.614,,516625000000,,,,,,,,,,,,true,false,9,2017-04-01,2017-12-31,0
2018-01-30,45060,2017-03-31,3,305507000000,0.003,,,,,44241000000,0.423,49864000000,0.602,,29571000000,,74.43,,,,,,,,,,,,,,,,,,,,,,true,false,9,2016-04-01,2016-12-31,-1
2018-01-30,45060,2018-03-31,3,474000000000,0.151,,,,,72000000000,0.365,72000000000,0.325,,55000000000,,138.43,,,,,,,,,,,,,,,,,,,,,,true,true,12,2017-04-01,2018-03-31,0
2018-01-30,45060,2017-03-31,3,,,,,,,,,,,,,,,,,,,,793950000000,460656000000,0.580,,460656000000,,,,,,,,,,,,true,false,12,2016-04-01,2017-03-31,-1
2018-01-30,45060,2017-03-31,3,,,,,,,,,,,,,,,,,,,,,,,,,,,,,20.00,,,,397900154,600484,,false,false,12,2016-04-01,2017-03-31,-1
2018-01-30,45060,2018-03-31,3,,,,,,,,,,,,,,,,,,,,,,,,,,,,,9.00,,,,,,,false,false,12,2017-04-01,2018-03-31,0
2018-01-30,45060,2018-03-31,3,,,,,,,,,,,,,,,,,,,,,,,,,,,,,28.00,,,,,,,false,true,12,2017-04-01,2018-03-31,0
2018-01-30,45060,2018-03-31,3,,,,,,,,,,,,,,,,,,,,,,,,,,,,,,,,,397900154,601468,397299259,false,false,9,2017-04-01,2017-12-31,0
2018-01-30,45060,2017-03-31,3,,,,,,,,,,,,,,,,,,,,,,,,,,,,,,,,,,,397300708,false,false,9,2016-04-01,2016-12-31,-1
,45060,2018-03-31,,,,,,,,,,,,,,,,,,,,,,,,,,,,,,28.00,,,,,,,false,true,12,2017-04-01,2018-03-31,0
,45060,2018-03-31,,,,,,,,,,,,,,,,,,,,,,,,,,,,,,9.00,,,,,,,false,false,12,2017-04-01,2018-03-31,0
,45060,2017-03-31,,,,,,,,,,,,,,,,,,,,,,,,,,,,,,20.00,,,,,,,false,false,12,2016-04-01,2017-03-31,-1
2018-04-26,45060,2018-03-31,,478000000000,0.008,,,,,65800000000,-0.086,60900000000,-0.154,,37500000000,,94.38,,,,,,,,,,,,,,,,,,,,,,true,true,12,2017-04-01,2018-03-31,0
2018-04-26,45060,2017-03-31,,411638000000,,,,,,52759000000,,54341000000,,,28991000000,,72.97,,,,,,,,,,,,,,,,,,,,,,true,false,12,2016-04-01,2017-03-31,-1
2018-05-11,45060,2018-03-31,,466838000000,0.143,,,,,88173000000,1.189,,,,53448000000,,134.53,,,,0.189,,809684000000,,,,,93420000000,-16523000000,-29610000000,,,0.208,,,,,,true,false,12,2017-04-01,2018-03-31,0
2018-05-11,45060,2017-03-31,,408357000000,,,,,,40286000000,,,,,31316000000,,78.82,,,,0.099,,779072000000,,,,,19143000000,-56129000000,8764000000,,,0.254,,,,,,true,false,12,2016-04-01,2017-03-31,-1
2018-05-11,45060,2019-03-31,,230000000000,,,,,,32000000000,,,,,22000000000,,55.37,,,,,,,,,,,,,,,,,,,,,,true,true,6,2018-04-01,2018-09-30,1
2018-05-11,45060,2019-03-31,,467000000000,0.000,,,,,53000000000,-0.399,,,,35000000000,,88.10,,,,,,,,,,,,,,,,0.227,,,,,,true,true,12,2018-04-01,2019-03-31,1
2018-05-11,45060,2018-03-31,,251101000000,-0.021,,,,,74568000000,-0.169,71320000000,-0.226,42364000000,,-0.337,106.63,,,,,,680400000000,561109000000,0.825,1412.31,561109000000,,,,,28.00,,,,397900154,601983,397299021,false,false,12,2017-04-01,2018-03-31,0
2018-05-11,45060,2017-03-31,,256532000000,-0.034,,,,,89768000000,-0.056,92099000000,-0.026,63902000000,,-0.041,160.84,,,,,,642112000000,515585000000,0.803,1297.72,515585000000,,,,,20.00,,,,397900154,600484,397300479,false,false,12,2016-04-01,2017-03-31,-1
2018-05-11,45060,2019-03-31,,,,,,,,,,,,,,,,,,,,,,,,,,,,,,20.00,,,,,,,false,true,12,2018-04-01,2019-03-31,1
2018-07-27,45060,2019-03-31,1,115911000000,-0.002,,,,,15814000000,-0.500,,,,15247000000,,38.38,,,,,,820240000000,,,,,,,,,,,,,,,,true,false,3,2018-04-01,2018-06-30,0
2018-07-27,45060,2018-03-31,1,116167000000,,,,,,31630000000,,,,,24622000000,,61.97,,,,,,,,,,,,,,,,,,,,,,true,false,3,2017-04-01,2017-06-30,-1
2018-07-27,45060,2019-03-31,1,230000000000,,,,,,32000000000,,,,,22000000000,,55.37,,,,,,,,,,,,,,,,,,,,,,true,true,6,2018-04-01,2018-09-30,0
2018-07-27,45060,2019-03-31,1,467000000000,0.000,,,,,53000000000,-0.399,,,,35000000000,,88.10,,,,,,,,,,,,,,,,,,,,,,true,true,12,2018-04-01,2019-03-31,0
2018-07-27,45060,2018-03-31,1,,,,,,,,,,,,,,,,,,,,809684000000,,,,,,,,,,,,,,,,true,false,12,2017-04-01,2018-03-31,-1
2018-07-27,45060,2018-03-31,1,,,,,,,,,,,,,,,,,,,,,,,,,,,,,28.00,,,,397900154,601983,,false,false,12,2017-04-01,2018-03-31,-1
2018-07-27,45060,2019-03-31,1,,,,,,,,,,,,,,,,,,,,,,,,,,,,,20.00,,,,,,,false,true,12,2018-04-01,2019-03-31,0
2018-07-27,45060,2019-03-31,1,,,,,,,,,,,,,,,,,,,,,,,,,,,,,,,,,397900154,602427,397297902,false,false,3,2018-04-01,2018-06-30,0
2018-07-27,45060,2018-03-31,1,,,,,,,,,,,,,,,,,,,,,,,,,,,,,,,,,,,397299572,false,false,3,2017-04-01,2017-06-30,-1
2018-10-30,45060,2019-03-31,2,226155000000,-0.022,,,,,29607000000,-0.502,,,,27869000000,,70.15,,,,,,836435000000,,,,,,,,,,,,,,,,true,false,6,2018-04-01,2018-09-30,0
2018-10-30,45060,2018-03-31,2,231351000000,,,,,,59475000000,,,,,45335000000,,114.11,,,,,,,,,,,,,,,,,,,,,,true,false,6,2017-04-01,2017-09-30,-1
2018-10-30,45060,2019-03-31,2,467000000000,0.000,,,,,53000000000,-0.399,,,,35000000000,,88.10,,,,,,,,,,,,,,,,,,,,,,true,true,12,2018-04-01,2019-03-31,0
2018-10-30,45060,2018-03-31,2,,,,,,,,,,,,,,,,,,,,809684000000,,,,,,,,,,,,,,,,true,false,12,2017-04-01,2018-03-31,-1
2018-10-30,45060,2018-03-31,2,,,,,,,,,,,,,,,,,,,,,,,,,,,,,28.00,,,,397900154,601983,,false,false,12,2017-04-01,2018-03-31,-1
2018-10-30,45060,2019-03-31,2,,,,,,,,,,,,,,,,,,,,,,,,,,,,,9.00,,,,,,,false,false,12,2018-04-01,2019-03-31,0
2018-10-30,45060,2019-03-31,2,,,,,,,,,,,,,,,,,,,,,,,,,,,,,20.00,,,,,,,false,true,12,2018-04-01,2019-03-31,0
2018-10-30,45060,2019-03-31,2,,,,,,,,,,,,,,,,,,,,,,,,,,,,,,,,,397900154,602840,397297622,false,false,6,2018-04-01,2018-09-30,0
2018-10-30,45060,2018-03-31,2,,,,,,,,,,,,,,,,,,,,,,,,,,,,,,,,,,,397299414,false,false,6,2017-04-01,2017-09-30,-1
2019-01-31,45060,2019-03-31,3,346871000000,-0.023,,,,,46831000000,-0.339,,,,39969000000,,100.60,,,,,,830065000000,,,,,,,,,,,,,,,,true,false,9,2018-04-01,2018-12-31,0
2019-01-31,45060,2018-03-31,3,355155000000,,,,,,70901000000,,,,,43892000000,,110.48,,,,,,,,,,,,,,,,,,,,,,true,false,9,2017-04-01,2017-12-31,-1
2019-01-31,45060,2019-03-31,3,467000000000,0.000,,,,,53000000000,-0.399,,,,35000000000,,88.10,,,,,,,,,,,,,,,,,,,,,,true,true,12,2018-04-01,2019-03-31,0
2019-01-31,45060,2018-03-31,3,,,,,,,,,,,,,,,,,,,,809684000000,,,,,,,,,,,,,,,,true,false,12,2017-04-01,2018-03-31,-1
2019-01-31,45060,2018-03-31,3,,,,,,,,,,,,,,,,,,,,,,,,,,,,,28.00,,,,397900154,601983,,false,false,12,2017-04-01,2018-03-31,-1
2019-01-31,45060,2019-03-31,3,,,,,,,,,,,,,,,,,,,,,,,,,,,,,9.00,,,,,,,false,false,12,2018-04-01,2019-03-31,0
2019-01-31,45060,2019-03-31,3,,,,,,,,,,,,,,,,,,,,,,,,,,,,,20.00,,,,,,,false,true,12,2018-04-01,2019-03-31,0
2019-01-31,45060,2019-03-31,3,,,,,,,,,,,,,,,,,,,,,,,,,,,,,,,,,397900154,603601,397297342,false,false,9,2018-04-01,2018-12-31,0
2019-01-31,45060,2018-03-31,3,,,,,,,,,,,,,,,,,,,,,,,,,,,,,,,,,,,397299259,false,false,9,2017-04-01,2017-12-31,-1
2019-04-19,45060,2019-03-31,,,,,,,,57900000000,0.092,,,,48600000000,,122.33,,,,,,,,,,,,,,,,,,,,,,true,true,12,2018-04-01,2019-03-31,0
2019-04-19,45060,2018-03-31,,,,,,,,88173000000,,,,,53448000000,,134.53,,,,,,,,,,,,,,,,,,,,,,true,false,12,2017-04-01,2018-03-31,-1
,45060,2019-03-31,,,,,,,,,,,,,,,,,,,,,,,,,,,,,,28.00,,,,,,,false,true,12,2018-04-01,2019-03-31,0
,45060,2019-03-31,,,,,,,,,,,,,,,,,,,,,,,,,,,,,,9.00,,,,,,,false,false,12,2018-04-01,2019-03-31,0
,45060,2018-03-31,,,,,,,,,,,,,,,,,,,,,,,,,,,,,,28.00,,,,,,,false,false,12,2017-04-01,2018-03-31,-1
2019-05-10,45060,2019-03-31,,264462000000,0.053,,,,,87637000000,0.175,95834000000,0.344,68470000000,,0.616,172.34,,,,,,718798000000,619106000000,0.861,1558.30,619106000000,,,,,28.00,,,,397900154,603851,397297097,false,false,12,2018-04-01,2019-03-31,0
2019-05-10,45060,2018-03-31,,251101000000,-0.021,,,,,74568000000,-0.169,71320000000,-0.226,42364000000,,-0.337,106.63,,,,,,675891000000,561109000000,0.830,1412.31,561109000000,,,,,28.00,,,,397900154,601983,397299021,false,false,12,2017-04-01,2018-03-31,-1
2019-05-10,45060,2019-03-31,,,,,,,,57884000000,-0.344,,,,48627000000,,122.39,,,,,,834717000000,,,,,48711000000,-35049000000,-28645000000,,,0.229,,,,,,true,false,12,2018-04-01,2019-03-31,0
2019-05-10,45060,2018-03-31,,,,,,,,88173000000,1.189,,,,53448000000,,134.53,,,,,,809684000000,,,,,93420000000,-16523000000,-29610000000,,,0.208,,,,,,true,false,12,2017-04-01,2018-03-31,-1
2019-05-10,45060,2020-03-31,,,,,,,,34500000000,0.165,,,,25000000000,,62.93,,,,,,,,,,,,,,,,,,,,,,true,true,6,2019-04-01,2019-09-30,1
2019-05-10,45060,2020-03-31,,,,,,,,69000000000,0.192,,,,49000000000,,123.33,,,,,,,,,,,,,,,,0.227,,,,,,true,true,12,2019-04-01,2020-03-31,1
2019-05-10,45060,2020-03-31,,,,,,,,,,,,,,,,,,,,,,,,,,,,,,28.00,,,,,,,false,true,12,2019-04-01,2020-03-31,1
2019-07-29,45060,2020-03-31,1,,,,,,,40423000000,1.556,,,,6703000000,,16.87,,,,,,808062000000,,,,,,,,,,,,,,,,true,false,3,2019-04-01,2019-06-30,0
2019-07-29,45060,2019-03-31,1,,,,,,,15814000000,-0.500,,,,15247000000,,38.38,,,,,,,,,,,,,,,,,,,,,,true,false,3,2018-04-01,2018-06-30,-1
2019-07-29,45060,2020-03-31,1,,,,,,,56000000000,0.891,,,,22000000000,,55.37,,,,,,,,,,,,,,,,,,,,,,true,true,6,2019-04-01,2019-09-30,0
2019-07-29,45060,2020-03-31,1,,,,,,,88000000000,0.520,,,,36000000000,,90.61,,,,,,,,,,,,,,,,,,,,,,true,true,12,2019-04-01,2020-03-31,0
2019-07-29,45060,2019-03-31,1,,,,,,,,,,,,,,,,,,,,834717000000,,,,,,,,,,,,,,,,true,false,12,2018-04-01,2019-03-31,-1
2019-07-29,45060,2019-03-31,1,,,,,,,,,,,,,,,,,,,,,,,,,,,,,28.00,,,,397900154,603851,,false,false,12,2018-04-01,2019-03-31,-1
2019-07-29,45060,2020-03-31,1,,,,,,,,,,,,,,,,,,,,,,,,,,,,,28.00,,,,,,,false,true,12,2019-04-01,2020-03-31,0
2019-07-29,45060,2020-03-31,1,,,,,,,,,,,,,,,,,,,,,,,,,,,,,,,,,397900154,604124,397296126,false,false,3,2019-04-01,2019-06-30,0
2019-07-29,45060,2019-03-31,1,,,,,,,,,,,,,,,,,,,,,,,,,,,,,,,,,,,397297902,false,false,3,2018-04-01,2018-06-30,-1
2019-07-29,45060,2020-03-31,,,,,,,,56000000000,0.623,,,,22000000000,,55.37,,,,,,,,,,,,,,,,,,,,,,true,true,6,2019-04-01,2019-09-30,0
2019-07-29,45060,2019-03-31,,,,,,,,29607000000,,,,,27869000000,,70.15,,,,,,,,,,,,,,,,,,,,,,true,false,6,2018-04-01,2018-09-30,-1
2019-07-29,45060,2020-03-31,,,,,,,,88000000000,0.275,,,,36000000000,,90.61,,,,,,,,,,,,,,,,,,,,,,true,true,12,2019-04-01,2020-03-31,0
2019-07-29,45060,2019-03-31,,,,,,,,57884000000,,,,,48627000000,,122.39,,,,,,,,,,,,,,,,,,,,,,true,false,12,2018-04-01,2019-03-31,-1
2019-10-21,45060,2020-03-31,,,,,,,,66800000000,0.193,,,,30300000000,,76.27,,,,,,,,,,,,,,,,,,,,,,true,true,6,2019-04-01,2019-09-30,0
2019-10-21,45060,2019-03-31,,,,,,,,29607000000,,,,,27869000000,,70.15,,,,,,,,,,,,,,,,,,,,,,true,false,6,2018-04-01,2018-09-30,-1
2019-10-28,45060,2020-03-31,2,,,,,,,66835000000,1.257,,,,30330000000,,76.34,,,,,,805037000000,,,,,,,,,,,,,,,,true,false,6,2019-04-01,2019-09-30,0
2019-10-28,45060,2019-03-31,2,,,,,,,29607000000,-0.502,,,,27869000000,,70.15,,,,,,,,,,,,,,,,,,,,,,true,false,6,2018-04-01,2018-09-30,-1
2019-10-28,45060,2020-03-31,2,,,,,,,88000000000,0.520,,,,36000000000,,90.61,,,,,,,,,,,,,,,,,,,,,,true,true,12,2019-04-01,2020-03-31,0
2019-10-28,45060,2019-03-31,2,,,,,,,,,,,,,,,,,,,,834717000000,,,,,,,,,,,,,,,,true,false,12,2018-04-01,2019-03-31,-1
2019-10-28,45060,2019-03-31,2,,,,,,,,,,,,,,,,,,,,,,,,,,,,,28.00,,,,397900154,603851,,false,false,12,2018-04-01,2019-03-31,-1
2019-10-28,45060,2020-03-31,2,,,,,,,,,,,,,,,,,,,,,,,,,,,,,14.00,,,,,,,false,false,12,2019-04-01,2020-03-31,0
2019-10-28,45060,2020-03-31,2,,,,,,,,,,,,,,,,,,,,,,,,,,,,,28.00,,,,,,,false,true,12,2019-04-01,2020-03-31,0
2019-10-28,45060,2020-03-31,2,,,,,,,,,,,,,,,,,,,,,,,,,,,,,,,,,397900154,604444,397296005,false,false,6,2019-04-01,2019-09-30,0
2019-10-28,45060,2019-03-31,2,,,,,,,,,,,,,,,,,,,,,,,,,,,,,,,,,,,397297622,false,false,6,2018-04-01,2018-09-30,-1
2020-01-30,45060,2020-03-31,3,,,,,,,81461000000,0.739,,,,43979000000,,110.70,,,,,,1115152000000,,,,,,,,,,,,,,,,true,false,9,2019-04-01,2019-12-31,0
2020-01-30,45060,2019-03-31,3,,,,,,,46831000000,-0.339,,,,39969000000,,100.60,,,,,,,,,,,,,,,,,,,,,,true,false,9,2018-04-01,2018-12-31,-1
2020-01-30,45060,2020-03-31,3,,,,,,,75000000000,0.296,,,,31000000000,,78.03,,,,,,,,,,,,,,,,,,,,,,true,true,12,2019-04-01,2020-03-31,0
2020-01-30,45060,2019-03-31,3,,,,,,,,,,,,,,,,,,,,834717000000,,,,,,,,,,,,,,,,true,false,12,2018-04-01,2019-03-31,-1
2020-01-30,45060,2019-03-31,3,,,,,,,,,,,,,,,,,,,,,,,,,,,,,28.00,,,,397900154,603851,,false,false,12,2018-04-01,2019-03-31,-1
2020-01-30,45060,2020-03-31,3,,,,,,,,,,,,,,,,,,,,,,,,,,,,,14.00,,,,,,,false,false,12,2019-04-01,2020-03-31,0
2020-01-30,45060,2020-03-31,3,,,,,,,,,,,,,,,,,,,,,,,,,,,,,14.00,,,,,,,false,true,12,2019-04-01,2020-03-31,0
2020-01-30,45060,2020-03-31,3,,,,,,,,,,,,,,,,,,,,,,,,,,,,,,,,,397900154,604695,397295852,false,false,9,2019-04-01,2019-12-31,0
2020-01-30,45060,2019-03-31,3,,,,,,,,,,,,,,,,,,,,,,,,,,,,,,,,,,,397297342,false,false,9,2018-04-01,2018-12-31,-1
2020-01-30,45060,2020-03-31,3,,,,,,,81461000000,0.739,,,,43979000000,,110.70,,,,,,1115152000000,,,,,,,,,,,,,,,,true,false,9,2019-04-01,2019-12-31,0
2020-01-30,45060,2019-03-31,3,,,,,,,46831000000,-0.339,,,,39969000000,,100.60,,,,,,,,,,,,,,,,,,,,,,true,false,9,2018-04-01,2018-12-31,-1
2020-01-30,45060,2020-03-31,3,,,,,,,75000000000,0.296,,,,31000000000,,78.03,,,,,,,,,,,,,,,,,,,,,,true,true,12,2019-04-01,2020-03-31,0
2020-01-30,45060,2019-03-31,3,,,,,,,,,,,,,,,,,,,,834717000000,,,,,,,,,,,,,,,,true,false,12,2018-04-01,2019-03-31,-1
2020-01-30,45060,2019-03-31,3,,,,,,,,,,,,,,,,,,,,,,,,,,,,,28.00,,,,397900154,603851,,false,false,12,2018-04-01,2019-03-31,-1
2020-01-30,45060,2020-03-31,3,,,,,,,,,,,,,,,,,,,,,,,,,,,,,14.00,,,,,,,false,false,12,2019-04-01,2020-03-31,0
2020-01-30,45060,2020-03-31,3,,,,,,,,,,,,,,,,,,,,,,,,,,,,,28.00,,,,,,,false,true,12,2019-04-01,2020-03-31,0
2020-01-30,45060,2020-03-31,3,,,,,,,,,,,,,,,,,,,,,,,,,,,,,,,,,397900154,604695,397295852,false,false,9,2019-04-01,2019-12-31,0
2020-01-30,45060,2019-03-31,3,,,,,,,,,,,,,,,,,,,,,,,,,,,,,,,,,,,397297342,false,false,9,2018-04-01,2018-12-31,-1
2020-04-28,45060,2020-03-31,,,,,,,,83200000000,0.109,,,,40800000000,,102.69,,,,,,,,,,,,,,,,,,,,,,true,true,12,2019-04-01,2020-03-31,0
2020-04-28,45060,2019-03-31,,,,,,,,57884000000,,,,,48627000000,,122.39,,,,,,,,,,,,,,,,,,,,,,true,false,12,2018-04-01,2019-03-31,-1
2020-05-13,45060,2020-03-31,,311994000000,0.180,,,,,137853000000,0.573,140758000000,0.469,100771000000,,0.472,253.64,,,,,,1073627000000,697163000000,0.649,1754.77,697163000000,,,,,28.00,,,,397900154,605038,397295684,false,false,12,2019-04-01,2020-03-31,0
2020-05-13,45060,2019-03-31,,264462000000,0.053,,,,,87637000000,0.175,95834000000,0.344,68470000000,,0.616,172.34,,,,,,718798000000,619106000000,0.861,1558.30,619106000000,,,,,28.00,,,,397900154,603851,397297097,false,false,12,2018-04-01,2019-03-31,-1
2020-05-13,45060,2020-03-31,,,,,,,,83239000000,0.438,,,,40753000000,,102.58,,,,,,1252878000000,,,,,46128000000,-312684000000,231081000000,,,0.273,,,,,,true,false,12,2019-04-01,2020-03-31,0
2020-05-13,45060,2019-03-31,,,,,,,,57884000000,-0.344,,,,48627000000,,122.39,,,,,,834717000000,,,,,48711000000,-35049000000,-28645000000,,,0.229,,,,,,true,false,12,2018-04-01,2019-03-31,-1
2020-05-13,45060,2021-03-31,,,,,,,,24000000000,-0.712,,,,7000000000,,17.62,,,,,,,,,,,,,,,,1.589,,,,,,true,true,12,2020-04-01,2021-03-31,1
2020-05-13,45060,2021-03-31,,,,,,,,,,,,,,,,,,,,,,,,,,,,,,28.00,,,,,,,false,true,12,2020-04-01,2021-03-31,1
2020-07-30,45060,2021-03-31,1,,,,,,,23271000000,-0.424,,,,18259000000,,45.96,,,,,,1236188000000,,,,,,,,,,,,,,,,true,false,3,2020-04-01,2020-06-30,0
2020-07-30,45060,2020-03-31,1,,,,,,,40423000000,1.556,,,,6703000000,,16.87,,,,,,,,,,,,,,,,,,,,,,true,false,3,2019-04-01,2019-06-30,-1
2020-07-30,45060,2021-03-31,1,,,,,,,24000000000,-0.712,,,,9000000000,,22.65,,,,,,,,,,,,,,,,,,,,,,true,true,12,2020-04-01,2021-03-31,0
2020-07-30,45060,2020-03-31,1,,,,,,,,,,,,,,,,,,,,1252878000000,,,,,,,,,,,,,,,,true,false,12,2019-04-01,2020-03-31,-1
2020-07-30,45060,2020-03-31,1,,,,,,,,,,,,,,,,,,,,,,,,,,,,,28.00,,,,397900154,605038,,false,false,12,2019-04-01,2020-03-31,-1
2020-07-30,45060,2021-03-31,1,,,,,,,,,,,,,,,,,,,,,,,,,,,,,28.00,,,,,,,false,true,12,2020-04-01,2021-03-31,0
2020-07-30,45060,2021-03-31,1,,,,,,,,,,,,,,,,,,,,,,,,,,,,,,,,,397900154,605172,397295014,false,false,3,2020-04-01,2020-06-30,0
2020-07-30,45060,2020-03-31,1,,,,,,,,,,,,,,,,,,,,,,,,,,,,,,,,,,,397296126,false,false,3,2019-04-01,2019-06-30,-1
2020-10-28,45060,2021-03-31,2,,,,,,,47539000000,-0.289,,,,37297000000,,93.88,,,,,,1238488000000,,,,,,,,,,,,,,,,true,false,6,2020-04-01,2020-09-30,0
2020-10-28,45060,2020-03-31,2,,,,,,,66835000000,1.257,,,,30330000000,,76.34,,,,,,,,,,,,,,,,,,,,,,true,false,6,2019-04-01,2019-09-30,-1
2020-10-28,45060,2021-03-31,2,,,,,,,58000000000,-0.303,,,,42000000000,,105.71,,,,,,,,,,,,,,,,,,,,,,true,true,12,2020-04-01,2021-03-31,0
2020-10-28,45060,2020-03-31,2,,,,,,,,,,,,,,,,,,,,1252878000000,,,,,,,,,,,,,,,,true,false,12,2019-04-01,2020-03-31,-1
2020-10-28,45060,2020-03-31,2,,,,,,,,,,,,,,,,,,,,,,,,,,,,,28.00,,,,397900154,605038,,false,false,12,2019-04-01,2020-03-31,-1
2020-10-28,45060,2021-03-31,2,,,,,,,,,,,,,,,,,,,,,,,,,,,,,14.00,,,,,,,false,false,12,2020-04-01,2021-03-31,0
2020-10-28,45060,2021-03-31,2,,,,,,,,,,,,,,,,,,,,,,,,,,,,,28.00,,,,,,,false,true,12,2020-04-01,2021-03-31,0
2020-10-28,45060,2021-03-31,2,,,,,,,,,,,,,,,,,,,,,,,,,,,,,,,,,397900154,605437,397294922,false,false,6,2020-04-01,2020-09-30,0
2020-10-28,45060,2020-03-31,2,,,,,,,,,,,,,,,,,,,,,,,,,,,,,,,,,,,397296005,false,false,6,2019-04-01,2019-09-30,-1
2020-10-28,45060,2021-03-31,,,,,,,,58000000000,1.417,,,,42000000000,,105.71,,,,,,,,,,,,,,,,,,,,,,true,true,12,2020-04-01,2021-03-31,0
2020-10-28,45060,2020-03-31,,,,,,,,83239000000,,,,,40753000000,,102.58,,,,,,,,,,,,,,,,,,,,,,true,false,12,2019-04-01,2020-03-31,-1
2021-01-28,45060,2021-03-31,3,,,,,,,87536000000,0.075,,,,70257000000,,176.84,,,,,,1308837000000,,,,,,,,,,,,,,,,true,false,9,2020-04-01,2020-12-31,0
2021-01-28,45060,2020-03-31,3,,,,,,,81461000000,0.739,,,,43979000000,,110.70,,,,,,,,,,,,,,,,,,,,,,true,false,9,2019-04-01,2019-12-31,-1
2021-01-28,45060,2021-03-31,3,,,,,,,58000000000,-0.303,,,,42000000000,,105.71,,,,,,,,,,,,,,,,,,,,,,true,true,12,2020-04-01,2021-03-31,0
2021-01-28,45060,2020-03-31,3,,,,,,,,,,,,,,,,,,,,1256534000000,,,,,,,,,,,,,,,,true,false,12,2019-04-01,2020-03-31,-1
2021-01-28,45060,2020-03-31,3,,,,,,,,,,,,,,,,,,,,,,,,,,,,,28.00,,,,397900154,605038,,false,false,12,2019-04-01,2020-03-31,-1
2021-01-28,45060,2021-03-31,3,,,,,,,,,,,,,,,,,,,,,,,,,,,,,14.00,,,,,,,false,false,12,2020-04-01,2021-03-31,0
2021-01-28,45060,2021-03-31,3,,,,,,,,,,,,,,,,,,,,,,,,,,,,,28.00,,,,,,,false,true,12,2020-04-01,2021-03-31,0
2021-01-28,45060,2021-03-31,3,,,,,,,,,,,,,,,,,,,,,,,,,,,,,,,,,397900154,605685,397294800,false,false,9,2020-04-01,2020-12-31,0
2021-01-28,45060,2020-03-31,3,,,,,,,,,,,,,,,,,,,,,,,,,,,,,,,,,,,397295852,false,false,9,2019-04-01,2019-12-31,-1
2021-02-12,45060,2021-03-31,,,,,,,,49000000000,-0.155,,,,27000000000,,67.96,,,,,,,,,,,,,,,,,,,,,,true,true,12,2020-04-01,2021-03-31,0
2021-02-12,45060,2020-03-31,,,,,,,,83239000000,,,,,40753000000,,102.58,,,,,,,,,,,,,,,,,,,,,,true,false,12,2019-04-01,2020-03-31,-1
2021-04-23,45060,2021-03-31,,,,,,,,71200000000,0.453,,,,56200000000,,141.46,,,,,,,,,,,,,,,,,,,,,,true,true,12,2020-04-01,2021-03-31,0
2021-04-23,45060,2020-03-31,,,,,,,,83239000000,,,,,40753000000,,102.58,,,,,,,,,,,,,,,,,,,,,,true,false,12,2019-04-01,2020-03-31,-1
2021-05-12,45060,2021-03-31,,313890000000,0.006,,,,,127674000000,-0.074,135928000000,-0.034,116499000000,,0.156,293.23,,,,,,1172584000000,810181000000,0.691,2039.25,810181000000,,,,,28.00,,,,397900154,606255,397294636,false,false,12,2020-04-01,2021-03-31,0
2021-05-12,45060,2020-03-31,,311994000000,0.180,,,,,137853000000,0.573,140758000000,0.469,100771000000,,0.472,253.64,,,,,,1073627000000,697163000000,0.649,1754.77,697163000000,,,,,28.00,,,,397900154,605038,397295684,false,false,12,2019-04-01,2020-03-31,-1
2021-05-12,45060,2021-03-31,,,,,,,,71224000000,-0.144,,,,56219000000,,141.50,,,,,,1308127000000,,,,,135601000000,8875000000,-57215000000,,,0.198,,,,,,true,false,12,2020-04-01,2021-03-31,0
2021-05-12,45060,2020-03-31,,,,,,,,83239000000,0.438,,,,40753000000,,102.58,,,,,,1256534000000,,,,,46128000000,-312684000000,231081000000,,,0.273,,,,,,true,false,12,2019-04-01,2020-03-31,-1
2021-05-12,45060,2022-03-31,,,,,,,,61000000000,-0.144,,,,41000000000,,103.20,,,,,,,,,,,,,,,,0.271,,,,,,true,true,12,2021-04-01,2022-03-31,1
2021-05-12,45060,2022-03-31,,,,,,,,,,,,,,,,,,,,,,,,,,,,,,28.00,,,,,,,false,true,12,2021-04-01,2022-03-31,1
2021-07-29,45060,2022-03-31,1,,,,,,,8306000000,-0.643,,,,4802000000,,12.09,,,,,,1276708000000,,,,,,,,,,,,,,,,true,false,3,2021-04-01,2021-06-30,0
2021-07-29,45060,2021-03-31,1,,,,,,,23271000000,-0.424,,,,18259000000,,45.96,,,,,,,,,,,,,,,,,,,,,,true,false,3,2020-04-01,2020-06-30,-1
2021-07-29,45060,2022-03-31,1,,,,,,,61000000000,-0.144,,,,41000000000,,103.20,,,,,,,,,,,,,,,,,,,,,,true,true,12,2021-04-01,2022-03-31,0
2021-07-29,45060,2021-03-31,1,,,,,,,,,,,,,,,,,,,,1308127000000,,,,,,,,,,,,,,,,true,false,12,2020-04-01,2021-03-31,-1
2021-07-29,45060,2021-03-31,1,,,,,,,,,,,,,,,,,,,,,,,,,,,,,28.00,,,,397900154,606255,,false,false,12,2020-04-01,2021-03-31,-1
2021-07-29,45060,2022-03-31,1,,,,,,,,,,,,,,,,,,,,,,,,,,,,,28.00,,,,,,,false,true,12,2021-04-01,2022-03-31,0
2021-07-29,45060,2022-03-31,1,,,,,,,,,,,,,,,,,,,,,,,,,,,,,,,,,397900154,606569,397293647,false,false,3,2021-04-01,2021-06-30,0
2021-07-29,45060,2021-03-31,1,,,,,,,,,,,,,,,,,,,,,,,,,,,,,,,,,,,397295014,false,false,3,2020-04-01,2020-06-30,-1
2021-10-27,45060,2022-03-31,2,,,,,,,47572000000,0.001,,,,36450000000,,91.75,,,,,,1267431000000,,,,,,,,,,,,,,,,true,false,6,2021-04-01,2021-09-30,0
2021-10-27,45060,2021-03-31,2,,,,,,,47539000000,-0.289,,,,37297000000,,93.88,,,,,,,,,,,,,,,,,,,,,,true,false,6,2020-04-01,2020-09-30,-1
2021-10-27,45060,2022-03-31,2,,,,,,,61000000000,-0.144,,,,41000000000,,103.20,,,,,,,,,,,,,,,,,,,,,,true,true,12,2021-04-01,2022-03-31,0
2021-10-27,45060,2021-03-31,2,,,,,,,,,,,,,,,,,,,,1308127000000,,,,,,,,,,,,,,,,true,false,12,2020-04-01,2021-03-31,-1
2021-10-27,45060,2021-03-31,2,,,,,,,,,,,,,,,,,,,,,,,,,,,,,28.00,,,,397900154,606255,,false,false,12,2020-04-01,2021-03-31,-1
2021-10-27,45060,2022-03-31,2,,,,,,,,,,,,,,,,,,,,,,,,,,,,,14.00,,,,,,,false,false,12,2021-04-01,2022-03-31,0
2021-10-27,45060,2022-03-31,2,,,,,,,,,,,,,,,,,,,,,,,,,,,,,28.00,,,,,,,false,true,12,2021-04-01,2022-03-31,0
2021-10-27,45060,2022-03-31,2,,,,,,,,,,,,,,,,,,,,,,,,,,,,,,,,,397900154,606937,397293489,false,false,6,2021-04-01,2021-09-30,0
2021-10-27,45060,2021-03-31,2,,,,,,,,,,,,,,,,,,,,,,,,,,,,,,,,,,,397294922,false,false,6,2020-04-01,2020-09-30,-1
2022-01-31,45060,2022-03-31,3,,,,,,,58228000000,-0.335,,,,46359000000,,116.69,,,,,,1295913000000,,,,,,,,,,,,,,,,true,false,9,2021-04-01,2021-12-31,0
2022-01-31,45060,2021-03-31,3,,,,,,,87536000000,0.075,,,,70257000000,,176.84,,,,,,,,,,,,,,,,,,,,,,true,false,9,2020-04-01,2020-12-31,-1
2022-01-31,45060,2022-03-31,3,,,,,,,55000000000,-0.228,,,,37000000000,,93.13,,,,,,,,,,,,,,,,,,,,,,true,true,12,2021-04-01,2022-03-31,0
2022-01-31,45060,2021-03-31,3,,,,,,,,,,,,,,,,,,,,1308127000000,,,,,,,,,,,,,,,,true,false,12,2020-04-01,2021-03-31,-1
2022-01-31,45060,2021-03-31,3,,,,,,,,,,,,,,,,,,,,,,,,,,,,,28.00,,,,397900154,606255,,false,false,12,2020-04-01,2021-03-31,-1
2022-01-31,45060,2022-03-31,3,,,,,,,,,,,,,,,,,,,,,,,,,,,,,14.00,,,,,,,false,false,12,2021-04-01,2022-03-31,0
2022-01-31,45060,2022-03-31,3,,,,,,,,,,,,,,,,,,,,,,,,,,,,,28.00,,,,,,,false,true,12,2021-04-01,2022-03-31,0
2022-01-31,45060,2022-03-31,3,,,,,,,,,,,,,,,,,,,,,,,,,,,,,,,,,397900154,607049,397293379,false,false,9,2021-04-01,2021-12-31,0
2022-01-31,45060,2021-03-31,3,,,,,,,,,,,,,,,,,,,,,,,,,,,,,,,,,,,397294800,false,false,9,2020-04-01,2020-12-31,-1
2022-04-28,45060,2022-03-31,,,,,,,,60200000000,0.095,,,,56400000000,,141.99,,,,,,,,,,,,,,,,,,,,,,true,true,12,2021-04-01,2022-03-31,0
2022-04-28,45060,2021-03-31,,,,,,,,71224000000,,,,,56219000000,,141.50,,,,,,,,,,,,,,,,,,,,,,true,false,12,2020-04-01,2021-03-31,-1
2022-05-13,45060,2022-03-31,,302390000000,-0.037,,,,,111179000000,-0.129,140870000000,0.036,58722000000,,-0.496,147.81,,,,,,1187919000000,850383000000,0.716,2140.44,850383000000,,,,,28.00,,,,397900154,607238,397293270,false,false,12,2021-04-01,2022-03-31,0
2022-05-13,45060,2021-03-31,,313891000000,0.006,,,,,127674000000,-0.074,135928000000,-0.034,116499000000,,0.156,293.23,,,,,,1172584000000,810181000000,0.691,2039.25,810181000000,,,,,28.00,,,,397900154,606255,397294636,false,false,12,2020-04-01,2021-03-31,-1
2022-05-13,45060,2022-03-31,,,,,,,,60234000000,-0.154,,,,56413000000,,141.99,,,,,,1308007000000,,,,,31239000000,-18278000000,-21426000000,,,0.197,,,,,,true,false,12,2021-04-01,2022-03-31,0
2022-05-13,45060,2021-03-31,,,,,,,,71224000000,-0.144,,,,56219000000,,141.50,,,,,,1308127000000,,,,,135601000000,8875000000,-57215000000,,,0.198,,,,,,true,false,12,2020-04-01,2021-03-31,-1
2022-05-13,45060,2023-03-31,,,,,,,,24000000000,-0.602,,,,22000000000,,55.37,,,,,,,,,,,,,,,,0.506,,,,,,true,true,12,2022-04-01,2023-03-31,1
2022-05-13,45060,2023-03-31,,,,,,,,,,,,,,,,,,,,,,,,,,,,,,28.00,,,,,,,false,true,12,2022-04-01,2023-03-31,1
2022-07-29,45060,2023-03-31,1,,,,,,,14614000000,0.759,,,,31108000000,,78.30,,,,,,1422933000000,,,,,,,,,,,,,,,,true,false,3,2022-04-01,2022-06-30,0
2022-07-29,45060,2022-03-31,1,,,,,,,8306000000,-0.643,,,,4802000000,,12.09,,,,,,,,,,,,,,,,,,,,,,true,false,3,2021-04-01,2021-06-30,-1
2022-07-29,45060,2023-03-31,1,,,,,,,24000000000,-0.602,,,,22000000000,,55.37,,,,,,,,,,,,,,,,,,,,,,true,true,12,2022-04-01,2023-03-31,0
2022-07-29,45060,2022-03-31,1,,,,,,,,,,,,,,,,,,,,1308007000000,,,,,,,,,,,,,,,,true,false,12,2021-04-01,2022-03-31,-1
2022-07-29,45060,2022-03-31,1,,,,,,,,,,,,,,,,,,,,,,,,,,,,,28.00,,,,397900154,607238,,false,false,12,2021-04-01,2022-03-31,-1
2022-07-29,45060,2023-03-31,1,,,,,,,,,,,,,,,,,,,,,,,,,,,,,28.00,,,,,,,false,true,12,2022-04-01,2023-03-31,0
2022-07-29,45060,2023-03-31,1,,,,,,,,,,,,,,,,,,,,,,,,,,,,,,,,,397900154,607445,397292798,false,false,3,2022-04-01,2022-06-30,0
2022-07-29,45060,2022-03-31,1,,,,,,,,,,,,,,,,,,,,,,,,,,,,,,,,,,,397293647,false,false,3,2021-04-01,2021-06-30,-1
2022-10-31,45060,2023-03-31,2,,,,,,,-28915000000,,,,,-7283000000,,-18.33,,,,,,1407952000000,,,,,,,,,,,,,,,,true,false,6,2022-04-01,2022-09-30,0
2022-10-31,45060,2022-03-31,2,,,,,,,47572000000,0.001,,,,36450000000,,91.75,,,,,,,,,,,,,,,,,,,,,,true,false,6,2021-04-01,2021-09-30,-1
2022-10-31,45060,2023-03-31,2,,,,,,,-30000000000,,,,,-15000000000,,-37.76,,,,,,,,,,,,,,,,,,,,,,true,true,12,2022-04-01,2023-03-31,0
2022-10-31,45060,2022-03-31,2,,,,,,,,,,,,,,,,,,,,1308007000000,,,,,,,,,,,,,,,,true,false,12,2021-04-01,2022-03-31,-1
2022-10-31,45060,2022-03-31,2,,,,,,,,,,,,,,,,,,,,,,,,,,,,,28.00,,,,397900154,607238,,false,false,12,2021-04-01,2022-03-31,-1
2022-10-31,45060,2023-03-31,2,,,,,,,,,,,,,,,,,,,,,,,,,,,,,14.00,,,,,,,false,false,12,2022-04-01,2023-03-31,0
2022-10-31,45060,2023-03-31,2,,,,,,,,,,,,,,,,,,,,,,,,,,,,,28.00,,,,,,,false,true,12,2022-04-01,2023-03-31,0
2022-10-31,45060,2023-03-31,2,,,,,,,,,,,,,,,,,,,,,,,,,,,,,,,,,397900154,607859,397292574,false,false,6,2022-04-01,2022-09-30,0
2022-10-31,45060,2022-03-31,2,,,,,,,,,,,,,,,,,,,,,,,,,,,,,,,,,,,397293489,false,false,6,2021-04-01,2021-09-30,-1
2022-10-31,45060,2023-03-31,,,,,,,,-30000000000,,,,,-15000000000,,-37.76,,,,,,,,,,,,,,,,,,,,,,true,true,12,2022-04-01,2023-03-31,0
2022-10-31,45060,2022-03-31,,,,,,,,60234000000,,,,,56413000000,,141.99,,,,,,,,,,,,,,,,,,,,,,true,false,12,2021-04-01,2022-03-31,-1
2023-01-31,45060,2023-03-31,3,,,,,,,-17777000000,,,,,-18502000000,,-46.57,,,,,,1371517000000,,,,,,,,,,,,,,,,true,false,9,2022-04-01,2022-12-31,0
2023-01-31,45060,2022-03-31,3,,,,,,,58228000000,-0.335,,,,46359000000,,116.69,,,,,,,,,,,,,,,,,,,,,,true,false,9,2021-04-01,2021-12-31,-1
2023-01-31,45060,2023-03-31,3,,,,,,,-27000000000,,,,,-35000000000,,-88.10,,,,,,,,,,,,,,,,,,,,,,true,true,12,2022-04-01,2023-03-31,0
2023-01-31,45060,2022-03-31,3,,,,,,,,,,,,,,,,,,,,1308007000000,,,,,,,,,,,,,,,,true,false,12,2021-04-01,2022-03-31,-1
2023-01-31,45060,2022-03-31,3,,,,,,,,,,,,,,,,,,,,,,,,,,,,,28.00,,,,397900154,607238,,false,false,12,2021-04-01,2022-03-31,-1
2023-01-31,45060,2023-03-31,3,,,,,,,,,,,,,,,,,,,,,,,,,,,,,14.00,,,,,,,false,false,12,2022-04-01,2023-03-31,0
2023-01-31,45060,2023-03-31,3,,,,,,,,,,,,,,,,,,,,,,,,,,,,,28.00,,,,,,,false,true,12,2022-04-01,2023-03-31,0
2023-01-31,45060,2023-03-31,3,,,,,,,,,,,,,,,,,,,,,,,,,,,,,,,,,397900154,608168,397292402,false,false,9,2022-04-01,2022-12-31,0
2023-01-31,45060,2022-03-31,3,,,,,,,,,,,,,,,,,,,,,,,,,,,,,,,,,,,397293379,false,false,9,2021-04-01,2021-12-31,-1
,45060,2023-03-31,,,,,,,,,,,,,,,,,,,,,,,,,,,,,,21.00,,,,,,,false,true,12,2022-04-01,2023-03-31,0
,45060,2023-03-31,,,,,,,,,,,,,,,,,,,,,,,,,,,,,,14.00,,,,,,,false,false,12,2022-04-01,2023-03-31,0
,45060,2022-03-31,,,,,,,,,,,,,,,,,,,,,,,,,,,,,,28.00,,,,,,,false,false,12,2021-04-01,2022-03-31,-1
2023-04-28,45060,2023-03-31,,,,,,,,-77000000000,,,,,-74500000000,,-187.55,,,,,,,,,,,,,,,,,,,,,,true,true,12,2022-04-01,2023-03-31,0
2023-04-28,45060,2022-03-31,,,,,,,,60234000000,,,,,56413000000,,141.99,,,,,,,,,,,,,,,,,,,,,,true,false,12,2021-04-01,2022-03-31,-1
2023-05-15,45060,2023-03-31,,231759000000,-0.234,,,,,54939000000,-0.506,104770000000,-0.256,-182960000000,,,-460.52,,,,,,1088982000000,675320000000,0.620,1699.81,675320000000,,,,,21.00,,,,397900154,608365,397292271,false,false,12,2022-04-01,2023-03-31,0
2023-05-15,45060,2022-03-31,,302390000000,-0.037,,,,,111179000000,-0.129,140870000000,0.036,58722000000,,-0.496,147.81,,,,,,1187919000000,850383000000,0.716,2140.44,850383000000,,,,,28.00,,,,397900154,607238,397293270,false,false,12,2021-04-01,2022-03-31,-1
2023-05-15,45060,2023-03-31,,,,,,,,-76979000000,,,,,-74512000000,,-187.55,,,,,,1134742000000,,,,,11937000000,52419000000,-146817000000,,,,,,,,,true,false,12,2022-04-01,2023-03-31,0
2023-05-15,45060,2022-03-31,,,,,,,,60234000000,-0.154,,,,56413000000,,141.99,,,,,,1308007000000,,,,,31239000000,-18278000000,-21426000000,,,0.197,,,,,,true,false,12,2021-04-01,2022-03-31,-1
2023-05-15,45060,2024-03-31,,,,,,,,-78000000000,,,,,-80000000000,,-201.36,,,,,,,,,,,,,,,,,,,,,,true,true,12,2023-04-01,2024-03-31,1
2023-05-15,45060,2024-03-31,,,,,,,,,,,,,,,,,,,,,,,,,,,,,,0.00,,,,,,,false,true,12,2023-04-01,2024-03-31,1
2023-07-31,45060,2024-03-31,1,,,,,,,-51567000000,,,,,-38865000000,,-97.82,,,,,,1140702000000,,,,,,,,,,,,,,,,true,false,3,2023-04-01,2023-06-30,0
2023-07-31,45060,2023-03-31,1,,,,,,,14614000000,0.759,,,,31108000000,,78.30,,,,,,,,,,,,,,,,,,,,,,true,false,3,2022-04-01,2022-06-30,-1
2023-07-31,45060,2024-03-31,1,,,,,,,-78000000000,,,,,-80000000000,,-201.36,,,,,,,,,,,,,,,,,,,,,,true,true,12,2023-04-01,2024-03-31,0
2023-07-31,45060,2023-03-31,1,,,,,,,,,,,,,,,,,,,,1134742000000,,,,,,,,,,,,,,,,true,false,12,2022-04-01,2023-03-31,-1
2023-07-31,45060,2023-03-31,1,,,,,,,,,,,,,,,,,,,,,,,,,,,,,21.00,,,,397900154,608365,,false,false,12,2022-04-01,2023-03-31,-1
2023-07-31,45060,2024-03-31,1,,,,,,,,,,,,,,,,,,,,,,,,,,,,,0.00,,,,,,,false,true,12,2023-04-01,2024-03-31,0
2023-07-31,45060,2024-03-31,1,,,,,,,,,,,,,,,,,,,,,,,,,,,,,,,,,397900154,608688,397291552,false,false,3,2023-04-01,2023-06-30,0
2023-07-31,45060,2023-03-31,1,,,,,,,,,,,,,,,,,,,,,,,,,,,,,,,,,,,397292798,false,false,3,2022-04-01,2022-06-30,-1
2023-10-31,45060,2024-03-31,2,,,,,,,-86498000000,,,,,-67741000000,,-170.51,,,,,,1148855000000,,,,,,,,,,,,,,,,true,false,6,2023-04-01,2023-09-30,0
2023-10-31,45060,2023-03-31,2,,,,,,,-28915000000,,,,,-7283000000,,-18.33,,,,,,,,,,,,,,,,,,,,,,true,false,6,2022-04-01,2022-09-30,-1
2023-10-31,45060,2024-03-31,2,,,,,,,-78000000000,,,,,-80000000000,,-201.36,,,,,,,,,,,,,,,,,,,,,,true,true,12,2023-04-01,2024-03-31,0
2023-10-31,45060,2023-03-31,2,,,,,,,,,,,,,,,,,,,,1134742000000,,,,,,,,,,,,,,,,true,false,12,2022-04-01,2023-03-31,-1
2023-10-31,45060,2023-03-31,2,,,,,,,,,,,,,,,,,,,,,,,,,,,,,21.00,,,,397900154,608365,,false,false,12,2022-04-01,2023-03-31,-1
2023-10-31,45060,2024-03-31,2,,,,,,,,,,,,,,,,,,,,,,,,,,,,,0.00,,,,,,,false,false,12,2023-04-01,2024-03-31,0
2023-10-31,45060,2024-03-31,2,,,,,,,,,,,,,,,,,,,,,,,,,,,,,0.00,,,,,,,false,true,12,2023-04-01,2024-03-31,0
2023-10-31,45060,2024-03-31,2,,,,,,,,,,,,,,,,,,,,,,,,,,,,,,,,,397900154,608798,397291474,false,false,6,2023-04-01,2023-09-30,0
2023-10-31,45060,2023-03-31,2,,,,,,,,,,,,,,,,,,,,,,,,,,,,,,,,,,,397292574,false,false,6,2022-04-01,2022-09-30,-1
2024-01-31,45060,2024-03-31,3,,,,,,,-117745000000,,,,,-117708000000,,-296.28,,,,,,1059970000000,,,,,,,,,,,,,,,,true,false,9,2023-04-01,2023-12-31,0
2024-01-31,45060,2023-03-31,3,,,,,,,-17777000000,,,,,-18502000000,,-46.57,,,,,,,,,,,,,,,,,,,,,,true,false,9,2022-04-01,2022-12-31,-1
2024-01-31,45060,2024-03-31,3,,,,,,,-156000000000,,,,,-141000000000,,-354.90,,,,,,,,,,,,,,,,,,,,,,true,true,12,2023-04-01,2024-03-31,0
2024-01-31,45060,2023-03-31,3,,,,,,,,,,,,,,,,,,,,1134742000000,,,,,,,,,,,,,,,,true,false,12,2022-04-01,2023-03-31,-1
2024-01-31,45060,2023-03-31,3,,,,,,,,,,,,,,,,,,,,,,,,,,,,,21.00,,,,397900154,608365,,false,false,12,2022-04-01,2023-03-31,-1
2024-01-31,45060,2024-03-31,3,,,,,,,,,,,,,,,,,,,,,,,,,,,,,0.00,,,,,,,false,false,12,2023-04-01,2024-03-31,0
2024-01-31,45060,2024-03-31,3,,,,,,,,,,,,,,,,,,,,,,,,,,,,,0.00,,,,,,,false,true,12,2023-04-01,2024-03-31,0
2024-01-31,45060,2024-03-31,3,,,,,,,,,,,,,,,,,,,,,,,,,,,,,,,,,397900154,609052,397291364,false,false,9,2023-04-01,2023-12-31,0
2024-01-31,45060,2023-03-31,3,,,,,,,,,,,,,,,,,,,,,,,,,,,,,,,,,,,397292402,false,false,9,2022-04-01,2022-12-31,-1
2024-04-29,45060,2024-03-31,,,,,,,,-354900000000,,,,,-315000000000,,-792.86,,,,,,,,,,,,,,,,,,,,,,true,true,12,2023-04-01,2024-03-31,0
2024-04-29,45060,2023-03-31,,,,,,,,-76979000000,,,,,-74512000000,,-187.55,,,,,,,,,,,,,,,,,,,,,,true,false,12,2022-04-01,2023-03-31,-1
2024-05-14,45060,2024-03-31,,98205000000,-0.576,,,,,-50004000000,,-6527000000,,-588120000000,,,-1480.32,,,,,,645412000000,108375000000,0.168,272.79,108375000000,,,,,0.00,,,,397900154,609393,397291244,false,false,12,2023-04-01,2024-03-31,0
2024-05-14,45060,2023-03-31,,231759000000,-0.234,,,,,54939000000,-0.506,104770000000,-0.256,-182960000000,,,-460.52,,,,,,1088982000000,675320000000,0.620,1699.81,675320000000,,,,,21.00,,,,397900154,608365,397292271,false,false,12,2022-04-01,2023-03-31,-1
2024-05-14,45060,2024-03-31,,,,,,,,-354859000000,,,,,-314969000000,,-792.79,,,,,,907506000000,,,,,-241893000000,33036000000,77851000000,,,,,,,,,true,false,12,2023-04-01,2024-03-31,0
2024-05-14,45060,2023-03-31,,,,,,,,-76979000000,,,,,-74512000000,,-187.55,,,,,,1134742000000,,,,,11937000000,52419000000,-146817000000,,,,,,,,,true,false,12,2022-04-01,2023-03-31,-1
2024-05-14,45060,2025-03-31,,,,,,,,0,,,,,-16000000000,,-40.27,,,,,,,,,,,,,,,,,,,,,,true,true,12,2024-04-01,2025-03-31,1
2024-05-14,45060,2025-03-31,,,,,,,,,,,,,,,,,,,,,,,,,,,,,,0.00,,,,,,,false,true,12,2024-04-01,2025-03-31,1
2024-07-31,45060,2025-03-31,1,,,,,,,-3105000000,,,,,15937000000,,40.11,,,,,,868932000000,,,,,,,,,,,,,,,,true,false,3,2024-04-01,2024-06-30,0
2024-07-31,45060,2024-03-31,1,,,,,,,-51567000000,,,,,-38865000000,,-97.82,,,,,,,,,,,,,,,,,,,,,,true,false,3,2023-04-01,2023-06-30,-1
2024-07-31,45060,2025-03-31,1,,,,,,,0,,,,,-16000000000,,-40.27,,,,,,,,,,,,,,,,,,,,,,true,true,12,2024-04-01,2025-03-31,0
2024-07-31,45060,2024-03-31,1,,,,,,,,,,,,,,,,,,,,907506000000,,,,,,,,,,,,,,,,true,false,12,2023-04-01,2024-03-31,-1
2024-07-31,45060,2024-03-31,1,,,,,,,,,,,,,,,,,,,,,,,,,,,,,0.00,,,,397900154,609393,,false,false,12,2023-04-01,2024-03-31,-1
2024-07-31,45060,2025-03-31,1,,,,,,,,,,,,,,,,,,,,,,,,,,,,,0.00,,,,,,,false,true,12,2024-04-01,2025-03-31,0
2024-07-31,45060,2025-03-31,1,,,,,,,,,,,,,,,,,,,,,,,,,,,,,,,,,397900154,609714,397290582,false,false,3,2024-04-01,2024-06-30,0
2024-07-31,45060,2024-03-31,1,,,,,,,,,,,,,,,,,,,,,,,,,,,,,,,,,,,397291552,false,false,3,2023-04-01,2023-06-30,-1
2024-10-30,45060,2025-03-31,2,,,,,,,-8179000000,,,,,-32229000000,,-81.12,,,,,,799765000000,,,,,,,,,,,,,,,,true,false,6,2024-04-01,2024-09-30,0
2024-10-30,45060,2024-03-31,2,,,,,,,-86498000000,,,,,-67741000000,,-170.51,,,,,,,,,,,,,,,,,,,,,,true,false,6,2023-04-01,2023-09-30,-1
2024-10-30,45060,2025-03-31,2,,,,,,,0,,,,,-16000000000,,-40.27,,,,,,,,,,,,,,,,,,,,,,true,true,12,2024-04-01,2025-03-31,0
2024-10-30,45060,2024-03-31,2,,,,,,,,,,,,,,,,,,,,907506000000,,,,,,,,,,,,,,,,true,false,12,2023-04-01,2024-03-31,-1
2024-10-30,45060,2024-03-31,2,,,,,,,,,,,,,,,,,,,,,,,,,,,,,0.00,,,,397900154,609393,,false,false,12,2023-04-01,2024-03-31,-1
2024-10-30,45060,2025-03-31,2,,,,,,,,,,,,,,,,,,,,,,,,,,,,,0.00,,,,,,,false,false,12,2024-04-01,2025-03-31,0
2024-10-30,45060,2025-03-31,2,,,,,,,,,,,,,,,,,,,,,,,,,,,,,0.00,,,,,,,false,true,12,2024-04-01,2025-03-31,0
2024-10-30,45060,2025-03-31,2,,,,,,,,,,,,,,,,,,,,,,,,,,,,,,,,,397900154,609806,397290479,false,false,6,2024-04-01,2024-09-30,0
2024-10-30,45060,2024-03-31,2,,,,,,,,,,,,,,,,,,,,,,,,,,,,,,,,,,,397291474,false,false,6,2023-04-01,2023-09-30,-1
2025-01-31,45060,2025-03-31,3,,,,,,,13226000000,,,,,21219000000,,53.41,,,,,,852115000000,,,,,,,,,,,,,,,,true,false,9,2024-04-01,2024-12-31,0
2025-01-31,45060,2024-03-31,3,,,,,,,-117745000000,,,,,-117708000000,,-296.28,,,,,,,,,,,,,,,,,,,,,,true,false,9,2023-04-01,2023-12-31,-1
2025-01-31,45060,2025-03-31,3,,,,,,,21000000000,,,,,16000000000,,40.27,,,,,,,,,,,,,,,,,,,,,,true,true,12,2024-04-01,2025-03-31,0
2025-01-31,45060,2024-03-31,3,,,,,,,,,,,,,,,,,,,,907506000000,,,,,,,,,,,,,,,,true,false,12,2023-04-01,2024-03-31,-1
2025-01-31,45060,2024-03-31,3,,,,,,,,,,,,,,,,,,,,,,,,,,,,,0.00,,,,397900154,609393,,false,false,12,2023-04-01,2024-03-31,-1
2025-01-31,45060,2025-03-31,3,,,,,,,,,,,,,,,,,,,,,,,,,,,,,0.00,,,,,,,false,false,12,2024-04-01,2025-03-31,0
2025-01-31,45060,2025-03-31,3,,,,,,,,,,,,,,,,,,,,,,,,,,,,,0.00,,,,,,,false,true,12,2024-04-01,2025-03-31,0
2025-01-31,45060,2025-03-31,3,,,,,,,,,,,,,,,,,,,,,,,,,,,,,,,,,397900154,610067,397290365,false,false,9,2024-04-01,2024-12-31,0
2025-01-31,45060,2024-03-31,3,,,,,,,,,,,,,,,,,,,,,,,,,,,,,,,,,,,397291364,false,false,9,2023-04-01,2023-12-31,-1
2025-01-31,45060,2025-03-31,,,,,,,,21000000000,,,,,16000000000,,40.27,,,,,,,,,,,,,,,,,,,,,,true,true,12,2024-04-01,2025-03-31,0
2025-01-31,45060,2024-03-31,,,,,,,,-354859000000,,,,,-314969000000,,-792.79,,,,,,,,,,,,,,,,,,,,,,true,false,12,2023-04-01,2024-03-31,-1
2025-04-28,45060,2025-03-31,,,,,,,,28800000000,0.371,,,,23600000000,,59.49,,,,,,,,,,,,,,,,,,,,,,true,true,12,2024-04-01,2025-03-31,0
2025-04-28,45060,2024-03-31,,,,,,,,-354859000000,,,,,-314969000000,,-792.79,,,,,,,,,,,,,,,,,,,,,,true,false,12,2023-04-01,2024-03-31,-1
2025-05-13,45060,2025-03-31,,136412000000,0.389,,,,,11603000000,,12028000000,,106187000000,,,267.28,,,,,,523417000000,158908000000,0.304,399.98,158908000000,,,,,0.00,,,,397900154,610242,397290259,false,false,12,2024-04-01,2025-03-31,0
2025-05-13,45060,2024-03-31,,98205000000,-0.576,,,,,-50004000000,,-6527000000,,-588120000000,,,-1480.32,,,,,,645412000000,108375000000,0.168,272.79,108375000000,,,,,0.00,,,,397900154,609393,397291244,false,false,12,2023-04-01,2024-03-31,-1
2025-05-13,45060,2025-03-31,,,,,,,,28804000000,,,,,23634000000,,59.49,,,,,,742604000000,,,,,16500000000,99754000000,-108836000000,,,,,,,,,true,false,12,2024-04-01,2025-03-31,0
2025-05-13,45060,2024-03-31,,,,,,,,-354859000000,,,,,-314969000000,,-792.79,,,,,,907506000000,,,,,-241893000000,33036000000,77851000000,,,,,,,,,true,false,12,2023-04-01,2024-03-31,-1
2025-05-13,45060,2026-03-31,,,,,,,,54000000000,0.875,,,,40000000000,,100.68,,,,,,,,,,,,,,,,,,,,,,true,true,12,2025-04-01,2026-03-31,1
2025-05-13,45060,2026-03-31,,,,,,,,,,,,,,,,,,,,,,,,,,,,,,0.00,,,,,,,false,true,12,2025-04-01,2026-03-31,1
2025-07-31,45060,2026-03-31,1,,,,,,,20400000000,,,,,11206000000,,28.21,,,,,,733333000000,,,,,,,,,,,,,,,,true,false,3,2025-04-01,2025-06-30,0
2025-07-31,45060,2025-03-31,1,,,,,,,-3105000000,,,,,15937000000,,40.11,,,,,,,,,,,,,,,,,,,,,,true,false,3,2024-04-01,2024-06-30,-1
2025-07-31,45060,2026-03-31,1,,,,,,,69000000000,,,,,56000000000,,140.96,,,,,,,,,,,,,,,,,,,,,,true,true,6,2025-04-01,2025-09-30,0
2025-07-31,45060,2026-03-31,1,,,,,,,54000000000,0.875,,,,40000000000,,100.68,,,,,,,,,,,,,,,,,,,,,,true,true,12,2025-04-01,2026-03-31,0
2025-07-31,45060,2025-03-31,1,,,,,,,,,,,,,,,,,,,,742604000000,,,,,,,,,,,,,,,,true,false,12,2024-04-01,2025-03-31,-1
2025-07-31,45060,2025-03-31,1,,,,,,,,,,,,,,,,,,,,,,,,,,,,,0.00,,,,397900154,610242,,false,false,12,2024-04-01,2025-03-31,-1
2025-07-31,45060,2026-03-31,1,,,,,,,,,,,,,,,,,,,,,,,,,,,,,0.00,,,,,,,false,true,12,2025-04-01,2026-03-31,0
2025-07-31,45060,2026-03-31,1,,,,,,,,,,,,,,,,,,,,,,,,,,,,,,,,,397900154,610429,397289812,false,false,3,2025-04-01,2025-06-30,0
2025-07-31,45060,2025-03-31,1,,,,,,,,,,,,,,,,,,,,,,,,,,,,,,,,,,,397290582,false,false,3,2024-04-01,2024-06-30,-1
