filing_date,code,fiscal_year_end,quarterly_period,net_sales,net_sales_change,revenue,revenue_change,operating_revenue,operating_revenue_change,operating_profit,operating_profit_change,ordinary_profit,ordinary_profit_change,net_income,net_income_of_parent,net_income_change,eps,diluted_eps,roe,roa,operating_profit_to_net_sales,operating_profit_to_revenue,total_assets,net_assets,equity_ratio,bps,owner_equity,operating_cash_flow,investing_cash_flow,financing_cash_flow,cash,dividend_per_share,payout_ratio,commemorative_dividend,extra_dividend,number_of_shares,number_of_treqsury_shares,avg_number_of_shares,is_consolidated,is_forecast,duration,period_start,period_end,period_pos
2015-05-11,45070,2015-03-31,,273991000000,-0.054,,,,,50365000000,-0.186,77880000000,0.252,44060000000,,0.085,132.67,132.04,0.094,0.132,0.184,,602900000000,478883000000,0.787,1456.70,474259000000,45604000000,-31696000000,-46211000000,78722000000,,0.392,,,,,,true,false,12,2014-04-01,2015-03-31,0
2015-05-11,45070,2014-03-31,,289717000000,0.024,,,,,61875000000,,62225000000,,40618000000,,,121.29,121.23,0.092,0.108,0.214,,580566000000,467836000000,0.799,1385.11,463865000000,79496000000,-20040000000,-53798000000,108338000000,,0.379,,,,,,true,false,12,2013-04-01,2014-03-31,-1
2015-05-11,45070,2016-03-31,,138000000000,0.063,,,,,28500000000,0.254,28000000000,-0.109,,17000000000,,52.22,,,,,,,,,,,,,,,,,,,,,,true,true,6,2015-04-01,2015-09-30,1
2015-05-11,45070,2016-03-31,,296000000000,0.080,,,,,72500000000,0.439,79500000000,0.021,,52000000000,,159.72,,,,,,,,,,,,,,,,0.351,,,,,,true,true,12,2015-04-01,2016-03-31,1
2015-05-11,45070,2015-03-31,,246980000000,-0.049,,,,,61398000000,-0.142,70409000000,-0.042,42153000000,,-0.228,126.93,126.33,,,,,537567000000,430129000000,0.800,1320.32,429859000000,,,,,52.00,,,,351136165,25564239,332103674,false,false,12,2014-04-01,2015-03-31,0
2015-05-11,45070,2014-03-31,,259760000000,0.015,,,,,71525000000,,73530000000,,54600000000,,,163.04,162.96,,,,,530027000000,432656000000,0.816,1291.30,432448000000,,,,,46.00,,,,351136165,16242701,334896392,false,false,12,2013-04-01,2014-03-31,-1
2015-05-11,45070,2016-03-31,,,,,,,,,,,,,,,,,,,,,,,,,,,,,,56.00,,,,,,,false,true,12,2015-04-01,2016-03-31,1
2015-08-03,45070,2016-03-31,1,63863000000,0.018,,,,,12533000000,0.557,14602000000,0.071,,9657000000,,29.66,29.21,,,,,614958000000,496159000000,0.799,,491589000000,,,,,,,,,,,,true,false,3,2015-04-01,2015-06-30,0
2015-08-03,45070,2015-03-31,1,62737000000,-0.067,,,,,8049000000,-0.336,13634000000,0.084,,10322000000,,30.82,30.81,,,,,,,,,,,,,,,,,,,,,true,false,3,2014-04-01,2014-06-30,-1
2015-08-03,45070,2016-03-31,1,138000000000,0.063,,,,,28500000000,0.254,28000000000,-0.109,,17000000000,,52.22,,,,,,,,,,,,,,,,,,,,,,true,true,6,2015-04-01,2015-09-30,0
2015-08-03,45070,2016-03-31,1,296000000000,0.080,,,,,72500000000,0.439,79500000000,0.021,,52000000000,,159.72,,,,,,,,,,,,,,,,,,,,,,true,true,12,2015-04-01,2016-03-31,0
2015-08-03,45070,2015-03-31,1,,,,,,,,,,,,,,,,,,,,602900000000,478883000000,0.787,,474259000000,,,,,,,,,,,,true,false,12,2014-04-01,2015-03-31,-1
2015-08-03,45070,2015-03-31,1,,,,,,,,,,,,,,,,,,,,,,,,,,,,,52.00,,,,351136165,25564239,,false,false,12,2014-04-01,2015-03-31,-1
2015-08-03,45070,2016-03-31,1,,,,,,,,,,,,,,,,,,,,,,,,,,,,,56.00,,,,,,,false,true,12,2015-04-01,2016-03-31,0
2015-08-03,45070,2016-03-31,1,,,,,,,,,,,,,,,,,,,,,,,,,,,,,,,,,351136165,25555626,325580930,false,false,3,2015-04-01,2015-06-30,0
2015-08-03,45070,2015-03-31,1,,,,,,,,,,,,,,,,,,,,,,,,,,,,,,,,,,,334907650,false,false,3,2014-04-01,2014-06-30,-1
2015-10-29,45070,2016-03-31,2,138279000000,0.065,,,,,33933000000,0.494,34791000000,0.107,,21386000000,,65.69,64.68,,,,,611053000000,496841000000,0.805,,492059000000,,,,,,,,,,,,true,false,6,2015-04-01,2015-09-30,0
2015-10-29,45070,2015-03-31,2,129842000000,-0.064,,,,,22719000000,-0.187,31415000000,0.150,,9710000000,,29.00,28.98,,,,,,,,,,,,,,,,,,,,,true,false,6,2014-04-01,2014-09-30,-1
2015-10-29,45070,2016-03-31,2,301500000000,0.100,,,,,78000000000,0.549,88000000000,0.130,,59000000000,,181.22,,,,,,,,,,,,,,,,,,,,,,true,true,12,2015-04-01,2016-03-31,0
2015-10-29,45070,2015-03-31,2,,,,,,,,,,,,,,,,,,,,602900000000,478883000000,0.787,,474259000000,,,,,,,,,,,,true,false,12,2014-04-01,2015-03-31,-1
2015-10-29,45070,2015-03-31,2,,,,,,,,,,,,,,,,,,,,,,,,,,,,,52.00,,,,351136165,25564239,,false,false,12,2014-04-01,2015-03-31,-1
2015-10-29,45070,2016-03-31,2,,,,,,,,,,,,,,,,,,,,,,,,,,,,,28.00,,,,,,,false,false,12,2015-04-01,2016-03-31,0
2015-10-29,45070,2016-03-31,2,,,,,,,,,,,,,,,,,,,,,,,,,,,,,60.00,,,,,,,false,true,12,2015-04-01,2016-03-31,0
2015-10-29,45070,2016-03-31,2,,,,,,,,,,,,,,,,,,,,,,,,,,,,,,,,,351136165,25557435,325580071,false,false,6,2015-04-01,2015-09-30,0
2015-10-29,45070,2015-03-31,2,,,,,,,,,,,,,,,,,,,,,,,,,,,,,,,,,,,334906733,false,false,6,2014-04-01,2014-09-30,-1
,45070,2016-03-31,,,,,,,,,,,,,,,,,,,,,,,,,,,,,,60.00,,,,,,,false,true,12,2015-04-01,2016-03-31,0
,45070,2016-03-31,,,,,,,,,,,,,,,,,,,,,,,,,,,,,,28.00,,,,,,,false,false,12,2015-04-01,2016-03-31,0
,45070,2015-03-31,,,,,,,,,,,,,,,,,,,,,,,,,,,,,,52.00,,,,,,,false,false,12,2014-04-01,2015-03-31,-1
2016-02-01,45070,2016-03-31,3,225923000000,0.128,,,,,65456000000,0.815,66542000000,0.287,,41669000000,,127.99,126.02,,,,,631013000000,510281000000,0.802,,505764000000,,,,,,,,,,,,true,false,9,2015-04-01,2015-12-31,0
2016-02-01,45070,2015-03-31,3,200269000000,-0.082,,,,,36066000000,-0.261,51722000000,0.035,,26261000000,,78.56,78.46,,,,,,,,,,,,,,,,,,,,,true,false,9,2014-04-01,2014-12-31,-1
2016-02-01,45070,2016-03-31,3,301500000000,0.100,,,,,78000000000,0.549,88000000000,0.130,,59000000000,,181.22,,,,,,,,,,,,,,,,,,,,,,true,true,12,2015-04-01,2016-03-31,0
2016-02-01,45070,2015-03-31,3,,,,,,,,,,,,,,,,,,,,602900000000,478883000000,0.787,,474259000000,,,,,,,,,,,,true,false,12,2014-04-01,2015-03-31,-1
2016-02-01,45070,2015-03-31,3,,,,,,,,,,,,,,,,,,,,,,,,,,,,,52.00,,,,351136165,25564239,,false,false,12,2014-04-01,2015-03-31,-1
2016-02-01,45070,2016-03-31,3,,,,,,,,,,,,,,,,,,,,,,,,,,,,,28.00,,,,,,,false,false,12,2015-04-01,2016-03-31,0
2016-02-01,45070,2016-03-31,3,,,,,,,,,,,,,,,,,,,,,,,,,,,,,60.00,,,,,,,false,true,12,2015-04-01,2016-03-31,0
2016-02-01,45070,2016-03-31,3,,,,,,,,,,,,,,,,,,,,,,,,,,,,,,,,,351136165,25558832,325579416,false,false,9,2015-04-01,2015-12-31,0
2016-02-01,45070,2015-03-31,3,,,,,,,,,,,,,,,,,,,,,,,,,,,,,,,,,,,334280812,false,false,9,2014-04-01,2014-12-31,-1
,45070,2016-03-31,,,,,,,,,,,,,,,,,,,,,,,,,,,,,,62.00,,,,,,,false,true,12,2015-04-01,2016-03-31,0
,45070,2016-03-31,,,,,,,,,,,,,,,,,,,,,,,,,,,,,,28.00,,,,,,,false,false,12,2015-04-01,2016-03-31,0
,45070,2015-03-31,,,,,,,,,,,,,,,,,,,,,,,,,,,,,,52.00,,,,,,,false,false,12,2014-04-01,2015-03-31,-1
2016-05-11,45070,2016-03-31,,309973000000,0.131,,,,,91406000000,0.815,100869000000,0.295,,66687000000,,204.83,201.70,0.136,0.162,0.295,,639638000000,513877000000,0.796,1564.73,509439000000,102290000000,-32894000000,-18525000000,127743000000,,0.303,,,,,,true,false,12,2015-04-01,2016-03-31,0
2016-05-11,45070,2015-03-31,,273991000000,-0.054,,,,,50365000000,-0.186,77880000000,0.252,,44060000000,,132.67,132.04,0.094,0.132,0.184,,602900000000,478883000000,0.787,1456.70,474259000000,45604000000,-31696000000,-46211000000,78722000000,,0.392,,,,,,true,false,12,2014-04-01,2015-03-31,-1
2016-05-11,45070,2017-03-31,,145000000000,0.049,,,,,33000000000,-0.028,33000000000,-0.051,,21000000000,,64.50,,,,,,,,,,,,,,,,,,,,,,true,true,6,2016-04-01,2016-09-30,1
2016-05-11,45070,2017-03-31,,318000000000,0.026,,,,,91500000000,0.001,101500000000,0.006,,71000000000,,218.07,,,,,,,,,,,,,,,,0.312,,,,,,true,true,12,2016-04-01,2017-03-31,1
2016-05-11,45070,2016-03-31,,283428000000,0.148,,,,,102212000000,0.665,103642000000,0.472,74975000000,,0.779,230.28,226.77,,,,,597753000000,485167000000,0.811,1489.09,484814000000,,,,,62.00,,,,351136165,25559022,325578864,false,false,12,2015-04-01,2016-03-31,0
2016-05-11,45070,2015-03-31,,246980000000,-0.049,,,,,61398000000,-0.142,70409000000,-0.042,42153000000,,-0.228,126.93,126.33,,,,,537567000000,430129000000,0.800,1320.32,429859000000,,,,,52.00,,,,351136165,25564239,332103674,false,false,12,2014-04-01,2015-03-31,-1
2016-05-11,45070,2017-03-31,,,,,,,,,,,,,,,,,,,,,,,,,,,,,,68.00,,,,,,,false,true,12,2016-04-01,2017-03-31,1
2016-08-01,45070,2017-03-31,1,73158000000,0.146,,,,,18036000000,0.439,16685000000,0.143,,12536000000,,38.50,37.91,,,,,605389000000,496427000000,0.813,,492303000000,,,,,,,,,,,,true,false,3,2016-04-01,2016-06-30,0
2016-08-01,45070,2016-03-31,1,63863000000,0.018,,,,,12533000000,0.557,14602000000,0.071,,9657000000,,29.66,29.21,,,,,,,,,,,,,,,,,,,,,true,false,3,2015-04-01,2015-06-30,-1
2016-08-01,45070,2017-03-31,1,145000000000,0.049,,,,,33000000000,-0.028,33000000000,-0.051,,21000000000,,64.50,,,,,,,,,,,,,,,,,,,,,,true,true,6,2016-04-01,2016-09-30,0
2016-08-01,45070,2017-03-31,1,318000000000,0.026,,,,,91500000000,0.001,101500000000,0.006,,71000000000,,218.07,,,,,,,,,,,,,,,,,,,,,,true,true,12,2016-04-01,2017-03-31,0
2016-08-01,45070,2016-03-31,1,,,,,,,,,,,,,,,,,,,,639638000000,513877000000,0.796,,509439000000,,,,,,,,,,,,true,false,12,2015-04-01,2016-03-31,-1
2016-08-01,45070,2016-03-31,1,,,,,,,,,,,,,,,,,,,,,,,,,,,,,62.00,,,,351136165,25559022,,false,false,12,2015-04-01,2016-03-31,-1
2016-08-01,45070,2017-03-31,1,,,,,,,,,,,,,,,,,,,,,,,,,,,,,68.00,,,,,,,false,true,12,2016-04-01,2017-03-31,0
2016-08-01,45070,2017-03-31,1,,,,,,,,,,,,,,,,,,,,,,,,,,,,,,,,,351136165,25543706,325592633,false,false,3,2016-04-01,2016-06-30,0
2016-08-01,45070,2016-03-31,1,,,,,,,,,,,,,,,,,,,,,,,,,,,,,,,,,,,325580930,false,false,3,2015-04-01,2015-06-30,-1
2016-10-24,45070,2017-03-31,,155000000000,0.069,,,,,44000000000,0.333,42000000000,0.273,,31000000000,,95.22,,,,,,,,,,,,,,,,,,,,,,true,true,6,2016-04-01,2016-09-30,0
2016-10-24,45070,2016-03-31,,138279000000,,,,,,33933000000,,34791000000,,,21386000000,,65.69,,,,,,,,,,,,,,,,,,,,,,true,false,6,2015-04-01,2015-09-30,-1
2016-10-31,45070,2017-03-31,2,155101000000,0.122,,,,,44288000000,0.305,42147000000,0.211,,31198000000,,95.82,94.35,,,,,622505000000,510528000000,0.814,,506723000000,,,,,,,,,,,,true,false,6,2016-04-01,2016-09-30,0
2016-10-31,45070,2016-03-31,2,138279000000,0.065,,,,,33933000000,0.494,34791000000,0.107,,21386000000,,65.69,64.68,,,,,,,,,,,,,,,,,,,,,true,false,6,2015-04-01,2015-09-30,-1
2016-10-31,45070,2017-03-31,2,334000000000,0.078,,,,,97500000000,0.067,105500000000,0.046,,76000000000,,233.43,,,,,,,,,,,,,,,,,,,,,,true,true,12,2016-04-01,2017-03-31,0
2016-10-31,45070,2016-03-31,2,,,,,,,,,,,,,,,,,,,,639638000000,513877000000,0.796,,509439000000,,,,,,,,,,,,true,false,12,2015-04-01,2016-03-31,-1
2016-10-31,45070,2016-03-31,2,,,,,,,,,,,,,,,,,,,,,,,,,,,,,62.00,,,,351136165,25559022,,false,false,12,2015-04-01,2016-03-31,-1
2016-10-31,45070,2017-03-31,2,,,,,,,,,,,,,,,,,,,,,,,,,,,,,34.00,,,,,,,false,false,12,2016-04-01,2017-03-31,0
2016-10-31,45070,2017-03-31,2,,,,,,,,,,,,,,,,,,,,,,,,,,,,,68.00,,,,,,,false,true,12,2016-04-01,2017-03-31,0
2016-10-31,45070,2017-03-31,2,,,,,,,,,,,,,,,,,,,,,,,,,,,,,,,,,351136165,25544171,325592391,false,false,6,2016-04-01,2016-09-30,0
2016-10-31,45070,2016-03-31,2,,,,,,,,,,,,,,,,,,,,,,,,,,,,,,,,,,,325580071,false,false,6,2015-04-01,2015-09-30,-1
2017-02-02,45070,2017-03-31,3,256533000000,0.135,,,,,87719000000,0.340,90970000000,0.367,,67541000000,,208.40,205.20,,,,,645502000000,516654000000,0.795,,512966000000,,,,,,,,,,,,true,false,9,2016-04-01,2016-12-31,0
2017-02-02,45070,2016-03-31,3,225923000000,0.128,,,,,65456000000,0.815,66542000000,0.287,,41669000000,,127.99,126.02,,,,,,,,,,,,,,,,,,,,,true,false,9,2015-04-01,2015-12-31,-1
2017-02-02,45070,2017-03-31,3,334000000000,0.078,,,,,97500000000,0.067,105500000000,0.046,,76000000000,,235.46,,,,,,,,,,,,,,,,,,,,,,true,true,12,2016-04-01,2017-03-31,0
2017-02-02,45070,2016-03-31,3,,,,,,,,,,,,,,,,,,,,639638000000,513877000000,0.796,,509439000000,,,,,,,,,,,,true,false,12,2015-04-01,2016-03-31,-1
2017-02-02,45070,2016-03-31,3,,,,,,,,,,,,,,,,,,,,,,,,,,,,,62.00,,,,351136165,25559022,,false,false,12,2015-04-01,2016-03-31,-1
2017-02-02,45070,2017-03-31,3,,,,,,,,,,,,,,,,,,,,,,,,,,,,,34.00,,,,,,,false,false,12,2016-04-01,2017-03-31,0
2017-02-02,45070,2017-03-31,3,,,,,,,,,,,,,,,,,,,,,,,,,,,,,68.00,,,,,,,false,true,12,2016-04-01,2017-03-31,0
2017-02-02,45070,2017-03-31,3,,,,,,,,,,,,,,,,,,,,,,,,,,,,,,,,,351136165,32346965,324093255,false,false,9,2016-04-01,2016-12-31,0
2017-02-02,45070,2016-03-31,3,,,,,,,,,,,,,,,,,,,,,,,,,,,,,,,,,,,325579416,false,false,9,2015-04-01,2015-12-31,-1
,45070,2017-03-31,,,,,,,,,,,,,,,,,,,,,,,,,,,,,,72.00,,,,,,,false,true,12,2016-04-01,2017-03-31,0
,45070,2017-03-31,,,,,,,,,,,,,,,,,,,,,,,,,,,,,,34.00,,,,,,,false,false,12,2016-04-01,2017-03-31,0
,45070,2016-03-31,,,,,,,,,,,,,,,,,,,,,,,,,,,,,,62.00,,,,,,,false,false,12,2015-04-01,2016-03-31,-1
2017-05-10,45070,2017-03-31,,338890000000,0.093,,,,,108178000000,0.183,123031000000,0.220,,83879000000,,259.88,255.87,0.163,0.188,0.319,,670271000000,526211000000,0.779,1638.46,522320000000,111903000000,-31643000000,-57411000000,149324000000,,0.277,,,,,,true,false,12,2016-04-01,2017-03-31,0
2017-05-10,45070,2016-03-31,,309973000000,0.131,,,,,91406000000,0.815,100869000000,0.295,,66687000000,,204.83,201.70,0.136,0.162,0.295,,639638000000,513877000000,0.796,1564.73,509439000000,102290000000,-32894000000,-18525000000,127743000000,,0.303,,,,,,true,false,12,2015-04-01,2016-03-31,-1
2017-05-10,45070,2018-03-31,,162500000000,0.048,,,,,46000000000,0.039,51500000000,0.222,,38500000000,,120.77,,,,,,,,,,,,,,,,,,,,,,true,true,6,2017-04-01,2017-09-30,1
2017-05-10,45070,2018-03-31,,340000000000,0.003,,,,,112500000000,0.040,123500000000,0.004,,92000000000,,288.59,,,,,,,,,,,,,,,,0.263,,,,,,true,true,12,2017-04-01,2018-03-31,1
2017-05-10,45070,2017-03-31,,305256000000,0.077,,,,,108513000000,0.062,108113000000,0.043,28767000000,,-0.616,89.13,87.72,,,,,570731000000,451572000000,0.790,1415.22,451156000000,,,,,72.00,,,,329136165,10347876,322767096,false,false,12,2016-04-01,2017-03-31,0
2017-05-10,45070,2016-03-31,,283428000000,0.148,,,,,102212000000,0.665,103642000000,0.472,74975000000,,0.779,230.28,226.77,,,,,597753000000,485167000000,0.811,1489.09,484814000000,,,,,62.00,,,,351136165,25559022,325578864,false,false,12,2015-04-01,2016-03-31,-1
2017-05-10,45070,2018-03-31,,,,,,,,,,,,,,,,,,,,,,,,,,,,,,76.00,,,,,,,false,true,12,2017-04-01,2018-03-31,1
2017-07-31,45070,2018-03-31,1,75023000000,0.025,,,,,15988000000,-0.114,21071000000,0.263,,16010000000,,50.22,49.43,,,,,656742000000,535448000000,0.809,,531631000000,,,,,,,,,,,,true,false,3,2017-04-01,2017-06-30,0
2017-07-31,45070,2017-03-31,1,73158000000,0.146,,,,,18036000000,0.439,16685000000,0.143,,12536000000,,38.50,37.91,,,,,,,,,,,,,,,,,,,,,true,false,3,2016-04-01,2016-06-30,-1
2017-07-31,45070,2018-03-31,1,162500000000,0.048,,,,,46000000000,0.039,51500000000,0.222,,38500000000,,120.77,,,,,,,,,,,,,,,,,,,,,,true,true,6,2017-04-01,2017-09-30,0
2017-07-31,45070,2018-03-31,1,340000000000,0.003,,,,,112500000000,0.040,123500000000,0.004,,92000000000,,288.59,,,,,,,,,,,,,,,,,,,,,,true,true,12,2017-04-01,2018-03-31,0
2017-07-31,45070,2017-03-31,1,,,,,,,,,,,,,,,,,,,,670271000000,526211000000,0.779,,522320000000,,,,,,,,,,,,true,false,12,2016-04-01,2017-03-31,-1
2017-07-31,45070,2017-03-31,1,,,,,,,,,,,,,,,,,,,,,,,,,,,,,72.00,,,,329136165,10347876,,false,false,12,2016-04-01,2017-03-31,-1
2017-07-31,45070,2018-03-31,1,,,,,,,,,,,,,,,,,,,,,,,,,,,,,76.00,,,,,,,false,true,12,2017-04-01,2018-03-31,0
2017-07-31,45070,2018-03-31,1,,,,,,,,,,,,,,,,,,,,,,,,,,,,,,,,,329136165,10348579,318787772,false,false,3,2017-04-01,2017-06-30,0
2017-07-31,45070,2017-03-31,1,,,,,,,,,,,,,,,,,,,,,,,,,,,,,,,,,,,325592633,false,false,3,2016-04-01,2016-06-30,-1
2017-10-23,45070,2018-03-31,,172000000000,0.058,,,,,55500000000,0.207,65500000000,0.272,,50200000000,,157.47,,,,,,,,,,,,,,,,,,,,,,true,true,6,2017-04-01,2017-09-30,0
2017-10-23,45070,2017-03-31,,155101000000,,,,,,44288000000,,42147000000,,,31198000000,,95.82,,,,,,,,,,,,,,,,,,,,,,true,false,6,2016-04-01,2016-09-30,-1
2017-10-30,45070,2018-03-31,2,172172000000,0.110,,,,,55756000000,0.259,65592000000,0.556,,50336000000,,157.90,155.42,,,,,697313000000,575558000000,0.820,,571672000000,,,,,,,,,,,,true,false,6,2017-04-01,2017-09-30,0
2017-10-30,45070,2017-03-31,2,155101000000,0.122,,,,,44288000000,0.305,42147000000,0.211,,31198000000,,95.82,94.35,,,,,,,,,,,,,,,,,,,,,true,false,6,2016-04-01,2016-09-30,-1
2017-10-30,45070,2018-03-31,2,345000000000,0.018,,,,,113500000000,0.049,132000000000,0.073,,101000000000,,316.82,,,,,,,,,,,,,,,,,,,,,,true,true,12,2017-04-01,2018-03-31,0
2017-10-30,45070,2017-03-31,2,,,,,,,,,,,,,,,,,,,,670271000000,526211000000,0.779,,522320000000,,,,,,,,,,,,true,false,12,2016-04-01,2017-03-31,-1
2017-10-30,45070,2017-03-31,2,,,,,,,,,,,,,,,,,,,,,,,,,,,,,72.00,,,,329136165,10347876,,false,false,12,2016-04-01,2017-03-31,-1
2017-10-30,45070,2018-03-31,2,,,,,,,,,,,,,,,,,,,,,,,,,,,,,38.00,,,,,,,false,false,12,2017-04-01,2018-03-31,0
2017-10-30,45070,2018-03-31,2,,,,,,,,,,,,,,,,,,,,,,,,,,,,,76.00,,,,,,,false,true,12,2017-04-01,2018-03-31,0
2017-10-30,45070,2018-03-31,2,,,,,,,,,,,,,,,,,,,,,,,,,,,,,,,,,329136165,10322924,318791785,false,false,6,2017-04-01,2017-09-30,0
2017-10-30,45070,2017-03-31,2,,,,,,,,,,,,,,,,,,,,,,,,,,,,,,,,,,,325592391,false,false,6,2016-04-01,2016-09-30,-1
2018-02-05,45070,2018-03-31,3,263362000000,0.027,,,,,90124000000,0.027,105471000000,0.159,,79727000000,,250.20,246.30,,,,,704588000000,592162000000,0.835,,588170000000,,,,,,,,,,,,true,false,9,2017-04-01,2017-12-31,0
2018-02-05,45070,2017-03-31,3,256533000000,0.135,,,,,87719000000,0.340,90970000000,0.367,,67541000000,,208.40,205.20,,,,,,,,,,,,,,,,,,,,,true,false,9,2016-04-01,2016-12-31,-1
2018-02-05,45070,2018-03-31,3,345000000000,0.018,,,,,113500000000,0.049,132000000000,0.073,,101000000000,,316.96,,,,,,,,,,,,,,,,,,,,,,true,true,12,2017-04-01,2018-03-31,0
2018-02-05,45070,2017-03-31,3,,,,,,,,,,,,,,,,,,,,670271000000,526211000000,0.779,,522320000000,,,,,,,,,,,,true,false,12,2016-04-01,2017-03-31,-1
2018-02-05,45070,2017-03-31,3,,,,,,,,,,,,,,,,,,,,,,,,,,,,,72.00,,,,329136165,10347876,,false,false,12,2016-04-01,2017-03-31,-1
2018-02-05,45070,2018-03-31,3,,,,,,,,,,,,,,,,,,,,,,,,,,,,,38.00,,,,,,,false,false,12,2017-04-01,2018-03-31,0
2018-02-05,45070,2018-03-31,3,,,,,,,,,,,,,,,,,,,,,,,,,,,,,76.00,,,,,,,false,true,12,2017-04-01,2018-03-31,0
2018-02-05,45070,2018-03-31,3,,,,,,,,,,,,,,,,,,,,,,,,,,,,,,,,,329136165,11810821,318656754,false,false,9,2017-04-01,2017-12-31,0
2018-02-05,45070,2017-03-31,3,,,,,,,,,,,,,,,,,,,,,,,,,,,,,,,,,,,324093255,false,false,9,2016-04-01,2016-12-31,-1
,45070,2018-03-31,,,,,,,,,,,,,,,,,,,,,,,,,,,,,,82.00,,,,,,,false,true,12,2017-04-01,2018-03-31,0
,45070,2018-03-31,,,,,,,,,,,,,,,,,,,,,,,,,,,,,,38.00,,,,,,,false,false,12,2017-04-01,2018-03-31,0
,45070,2017-03-31,,,,,,,,,,,,,,,,,,,,,,,,,,,,,,72.00,,,,,,,false,false,12,2016-04-01,2017-03-31,-1
2018-05-09,45070,2018-03-31,,344667000000,0.017,,,,,115219000000,0.065,138692000000,0.127,,108866000000,,342.71,337.43,0.194,0.199,0.334,,722500000000,604840000000,0.832,1911.36,600847000000,129790000000,-51238000000,-53893000000,172400000000,,0.239,,,,,,true,false,12,2017-04-01,2018-03-31,0
2018-05-09,45070,2017-03-31,,338890000000,0.093,,,,,108178000000,0.183,123031000000,0.220,,83879000000,,259.88,255.87,0.163,0.188,0.319,,670271000000,526211000000,0.779,1638.46,522320000000,111903000000,-31643000000,-57411000000,149324000000,,0.277,,,,,,true,false,12,2016-04-01,2017-03-31,-1
2018-05-09,45070,2019-03-31,,164000000000,-0.047,,,,,44500000000,-0.202,54500000000,-0.169,,43100000000,,137.11,,,,,,,,,,,,,,,,,,,,,,true,true,6,2018-04-01,2018-09-30,1
2018-05-09,45070,2019-03-31,,346500000000,0.005,,,,,119000000000,0.033,140000000000,0.009,,111000000000,,353.10,,,,,,,,,,,,,,,,0.249,,,,,,true,true,12,2018-04-01,2019-03-31,1
2018-05-09,45070,2018-03-31,,315941000000,0.035,,,,,116907000000,0.077,117534000000,0.087,89135000000,,2.099,280.60,276.26,,,,,596028000000,500510000000,0.839,1590.50,499983000000,,,,,82.00,,,,324136165,9780027,317660484,false,false,12,2017-04-01,2018-03-31,0
2018-05-09,45070,2017-03-31,,305256000000,0.077,,,,,108513000000,0.062,108113000000,0.043,28767000000,,-0.616,89.13,87.72,,,,,570731000000,451572000000,0.790,1415.22,451156000000,,,,,72.00,,,,329136165,10347876,322767096,false,false,12,2016-04-01,2017-03-31,-1
2018-05-09,45070,2019-03-31,,,,,,,,,,,,,,,,,,,,,,,,,,,,,,88.00,,,,,,,false,true,12,2018-04-01,2019-03-31,1
2018-07-23,45070,2019-03-31,,168000000000,0.024,,,,,48000000000,0.079,61000000000,0.119,,48600000000,,154.60,,,,,,,,,,,,,,,,,,,,,,true,true,6,2018-04-01,2018-09-30,0
2018-07-23,45070,2019-03-31,,348000000000,0.004,,,,,120000000000,0.008,144000000000,0.029,,114500000000,,364.24,,,,,,,,,,,,,,,,,,,,,,true,true,12,2018-04-01,2019-03-31,0
2018-07-30,45070,2019-03-31,1,88524000000,0.180,,,,,27646000000,0.729,37941000000,0.801,,31892000000,,101.45,99.95,,,,,738654000000,627462000000,0.843,,622418000000,,,,,,,,,,,,true,false,3,2018-04-01,2018-06-30,0
2018-07-30,45070,2018-03-31,1,75023000000,0.025,,,,,15988000000,-0.114,21071000000,0.263,,16010000000,,50.22,49.43,,,,,,,,,,,,,,,,,,,,,true,false,3,2017-04-01,2017-06-30,-1
2018-07-30,45070,2019-03-31,1,168000000000,-0.024,,,,,48000000000,-0.139,61000000000,-0.070,,48600000000,,154.60,,,,,,,,,,,,,,,,,,,,,,true,true,6,2018-04-01,2018-09-30,0
2018-07-30,45070,2019-03-31,1,348000000000,0.010,,,,,120000000000,0.041,144000000000,0.038,,114500000000,,364.24,,,,,,,,,,,,,,,,,,,,,,true,true,12,2018-04-01,2019-03-31,0
2018-07-30,45070,2018-03-31,1,,,,,,,,,,,,,,,,,,,,711463000000,604840000000,0.845,,600847000000,,,,,,,,,,,,true,false,12,2017-04-01,2018-03-31,-1
2018-07-30,45070,2018-03-31,1,,,,,,,,,,,,,,,,,,,,,,,,,,,,,82.00,,,,324136165,9780027,,false,false,12,2017-04-01,2018-03-31,-1
2018-07-30,45070,2019-03-31,1,,,,,,,,,,,,,,,,,,,,,,,,,,,,,88.00,,,,,,,false,true,12,2018-04-01,2019-03-31,0
2018-07-30,45070,2019-03-31,1,,,,,,,,,,,,,,,,,,,,,,,,,,,,,,,,,324136165,9780617,314355784,false,false,3,2018-04-01,2018-06-30,0
2018-07-30,45070,2018-03-31,1,,,,,,,,,,,,,,,,,,,,,,,,,,,,,,,,,,,318787772,false,false,3,2017-04-01,2017-06-30,-1
2018-10-29,45070,2019-03-31,2,168203000000,-0.023,,,,,57304000000,0.028,70077000000,0.068,,57896000000,,184.28,181.64,,,,,745079000000,649988000000,0.866,,645050000000,,,,,,,,,,,,true,false,6,2018-04-01,2018-09-30,0
2018-10-29,45070,2018-03-31,2,172172000000,0.110,,,,,55756000000,0.259,65592000000,0.556,,50336000000,,157.90,155.42,,,,,,,,,,,,,,,,,,,,,true,false,6,2017-04-01,2017-09-30,-1
2018-10-29,45070,2019-03-31,2,354000000000,0.027,,,,,124500000000,0.081,148500000000,0.071,,118500000000,,376.79,,,,,,,,,,,,,,,,,,,,,,true,true,12,2018-04-01,2019-03-31,0
2018-10-29,45070,2018-03-31,2,,,,,,,,,,,,,,,,,,,,711463000000,604840000000,0.845,,600847000000,,,,,,,,,,,,true,false,12,2017-04-01,2018-03-31,-1
2018-10-29,45070,2018-03-31,2,,,,,,,,,,,,,,,,,,,,,,,,,,,,,82.00,,,,324136165,9780027,,false,false,12,2017-04-01,2018-03-31,-1
2018-10-29,45070,2019-03-31,2,,,,,,,,,,,,,,,,,,,,,,,,,,,,,44.00,,,,,,,false,false,12,2018-04-01,2019-03-31,0
2018-10-29,45070,2019-03-31,2,,,,,,,,,,,,,,,,,,,,,,,,,,,,,88.00,,,,,,,false,true,12,2018-04-01,2019-03-31,0
2018-10-29,45070,2019-03-31,2,,,,,,,,,,,,,,,,,,,,,,,,,,,,,,,,,324136165,9633508,314179065,false,false,6,2018-04-01,2018-09-30,0
2018-10-29,45070,2018-03-31,2,,,,,,,,,,,,,,,,,,,,,,,,,,,,,,,,,,,318791785,false,false,6,2017-04-01,2017-09-30,-1
2019-01-31,45070,2019-03-31,3,265242000000,0.007,,,,,97423000000,0.081,115649000000,0.097,,94344000000,,300.95,297.78,,,,,718607000000,633438000000,0.875,,628504000000,,,,,,,,,,,,true,false,9,2018-04-01,2018-12-31,0
2019-01-31,45070,2018-03-31,3,263362000000,0.027,,,,,90124000000,0.027,105471000000,0.159,,79727000000,,250.20,246.30,,,,,,,,,,,,,,,,,,,,,true,false,9,2017-04-01,2017-12-31,-1
2019-01-31,45070,2019-03-31,3,354000000000,0.027,,,,,124500000000,0.081,148500000000,0.071,,118500000000,,381.10,,,,,,,,,,,,,,,,,,,,,,true,true,12,2018-04-01,2019-03-31,0
2019-01-31,45070,2018-03-31,3,,,,,,,,,,,,,,,,,,,,711463000000,604840000000,0.845,,600847000000,,,,,,,,,,,,true,false,12,2017-04-01,2018-03-31,-1
2019-01-31,45070,2018-03-31,3,,,,,,,,,,,,,,,,,,,,,,,,,,,,,82.00,,,,324136165,9780027,,false,false,12,2017-04-01,2018-03-31,-1
2019-01-31,45070,2019-03-31,3,,,,,,,,,,,,,,,,,,,,,,,,,,,,,44.00,,,,,,,false,false,12,2018-04-01,2019-03-31,0
2019-01-31,45070,2019-03-31,3,,,,,,,,,,,,,,,,,,,,,,,,,,,,,88.00,,,,,,,false,true,12,2018-04-01,2019-03-31,0
2019-01-31,45070,2019-03-31,3,,,,,,,,,,,,,,,,,,,,,,,,,,,,,,,,,324136165,13194652,313486768,false,false,9,2018-04-01,2018-12-31,0
2019-01-31,45070,2018-03-31,3,,,,,,,,,,,,,,,,,,,,,,,,,,,,,,,,,,,318656754,false,false,9,2017-04-01,2017-12-31,-1
,45070,2019-03-31,,,,,,,,,,,,,,,,,,,,,,,,,,,,,,94.00,,,,,,,false,true,12,2018-04-01,2019-03-31,0
,45070,2019-03-31,,,,,,,,,,,,,,,,,,,,,,,,,,,,,,44.00,,,,,,,false,false,12,2018-04-01,2019-03-31,0
,45070,2018-03-31,,,,,,,,,,,,,,,,,,,,,,,,,,,,,,82.00,,,,,,,false,false,12,2017-04-01,2018-03-31,-1
2019-05-09,45070,2019-03-31,,363721000000,0.055,,,,,138537000000,0.202,166575000000,0.201,,132759000000,,424.31,420.67,0.209,0.224,0.381,,778741000000,672429000000,0.857,2144.33,667502000000,145684000000,-36349000000,-87011000000,195800000000,,0.222,,,,,,true,false,12,2018-04-01,2019-03-31,0
2019-05-09,45070,2018-03-31,,344667000000,0.017,,,,,115219000000,0.065,138692000000,0.127,,108866000000,,342.71,337.43,0.194,0.202,0.334,,711463000000,604840000000,0.845,1911.36,600847000000,129790000000,-51238000000,-53893000000,172400000000,,0.239,,,,,,true,false,12,2017-04-01,2018-03-31,-1
2019-05-09,45070,2020-03-31,,159000000000,-0.055,,,,,52000000000,-0.093,63000000000,-0.101,,49000000000,,157.41,,,,,,,,,,,,,,,,,,,,,,true,true,6,2019-04-01,2019-09-30,1
2019-05-09,45070,2020-03-31,,365500000000,0.005,,,,,147000000000,0.061,170500000000,0.024,,133000000000,,427.26,,,,,,,,,,,,,,,,0.234,,,,,,true,true,12,2019-04-01,2020-03-31,1
2019-05-09,45070,2019-03-31,,327991000000,0.038,,,,,138366000000,0.184,139836000000,0.190,100037000000,,0.122,319.73,316.98,,,,,612336000000,533261000000,0.870,1711.39,532733000000,,,,,94.00,,,,316786165,5498751,312883878,false,false,12,2018-04-01,2019-03-31,0
2019-05-09,45070,2018-03-31,,315941000000,0.035,,,,,116907000000,0.077,117534000000,0.087,89135000000,,2.099,280.60,276.26,,,,,584964000000,500510000000,0.855,1590.50,499983000000,,,,,82.00,,,,324136165,9780027,317660484,false,false,12,2017-04-01,2018-03-31,-1
2019-05-09,45070,2020-03-31,,,,,,,,,,,,,,,,,,,,,,,,,,,,,,100.00,,,,,,,false,true,12,2019-04-01,2020-03-31,1
2019-07-29,45070,2020-03-31,1,79225000000,-0.105,,,,,28957000000,0.047,32401000000,-0.146,,24418000000,,78.43,78.33,,,,,754631000000,671954000000,0.884,,667092000000,,,,,,,,,,,,true,false,3,2019-04-01,2019-06-30,0
2019-07-29,45070,2019-03-31,1,88524000000,0.180,,,,,27646000000,0.729,37941000000,0.801,,31892000000,,101.45,99.95,,,,,,,,,,,,,,,,,,,,,true,false,3,2018-04-01,2018-06-30,-1
2019-07-29,45070,2020-03-31,1,159000000000,-0.055,,,,,52000000000,-0.093,63000000000,-0.101,,49000000000,,157.41,,,,,,,,,,,,,,,,,,,,,,true,true,6,2019-04-01,2019-09-30,0
2019-07-29,45070,2020-03-31,1,365500000000,0.005,,,,,147000000000,0.061,170500000000,0.024,,133000000000,,427.26,,,,,,,,,,,,,,,,,,,,,,true,true,12,2019-04-01,2020-03-31,0
2019-07-29,45070,2019-03-31,1,,,,,,,,,,,,,,,,,,,,778741000000,672429000000,0.857,,667502000000,,,,,,,,,,,,true,false,12,2018-04-01,2019-03-31,-1
2019-07-29,45070,2019-03-31,1,,,,,,,,,,,,,,,,,,,,,,,,,,,,,94.00,,,,316786165,5498751,,false,false,12,2018-04-01,2019-03-31,-1
2019-07-29,45070,2020-03-31,1,,,,,,,,,,,,,,,,,,,,,,,,,,,,,100.00,,,,,,,false,true,12,2019-04-01,2020-03-31,0
2019-07-29,45070,2020-03-31,1,,,,,,,,,,,,,,,,,,,,,,,,,,,,,,,,,316786165,5453360,311329640,false,false,3,2019-04-01,2019-06-30,0
2019-07-29,45070,2019-03-31,1,,,,,,,,,,,,,,,,,,,,,,,,,,,,,,,,,,,314355784,false,false,3,2018-04-01,2018-06-30,-1
2019-10-30,45070,2020-03-31,2,160877000000,-0.044,,,,,58161000000,0.015,65305000000,-0.068,,51616000000,,165.78,165.56,,,,,778467000000,692137000000,0.883,,687439000000,,,,,,,,,,,,true,false,6,2019-04-01,2019-09-30,0
2019-10-30,45070,2019-03-31,2,168203000000,-0.023,,,,,57304000000,0.028,70077000000,0.068,,57896000000,,184.28,181.64,,,,,,,,,,,,,,,,,,,,,true,false,6,2018-04-01,2018-09-30,-1
2019-10-30,45070,2020-03-31,2,367000000000,0.009,,,,,150000000000,0.083,171500000000,0.030,,135000000000,,433.52,,,,,,,,,,,,,,,,,,,,,,true,true,12,2019-04-01,2020-03-31,0
2019-10-30,45070,2019-03-31,2,,,,,,,,,,,,,,,,,,,,778741000000,672429000000,0.857,,667502000000,,,,,,,,,,,,true,false,12,2018-04-01,2019-03-31,-1
2019-10-30,45070,2019-03-31,2,,,,,,,,,,,,,,,,,,,,,,,,,,,,,94.00,,,,316786165,5498751,,false,false,12,2018-04-01,2019-03-31,-1
2019-10-30,45070,2020-03-31,2,,,,,,,,,,,,,,,,,,,,,,,,,,,,,50.00,,,,,,,false,false,12,2019-04-01,2020-03-31,0
2019-10-30,45070,2020-03-31,2,,,,,,,,,,,,,,,,,,,,,,,,,,,,,100.00,,,,,,,false,true,12,2019-04-01,2020-03-31,0
2019-10-30,45070,2020-03-31,2,,,,,,,,,,,,,,,,,,,,,,,,,,,,,,,,,316786165,5381488,311355826,false,false,6,2019-04-01,2019-09-30,0
2019-10-30,45070,2019-03-31,2,,,,,,,,,,,,,,,,,,,,,,,,,,,,,,,,,,,314179065,false,false,6,2018-04-01,2018-09-30,-1
2020-02-03,45070,2020-03-31,3,253514000000,-0.044,,,,,99249000000,0.019,114899000000,-0.006,,90844000000,,292.78,292.42,,,,,765439000000,689477000000,0.900,,688896000000,,,,,,,,,,,,true,false,9,2019-04-01,2019-12-31,0
2020-02-03,45070,2019-03-31,3,265242000000,0.007,,,,,97423000000,0.081,115649000000,0.097,,94344000000,,300.95,297.78,,,,,,,,,,,,,,,,,,,,,true,false,9,2018-04-01,2018-12-31,-1
2020-02-03,45070,2020-03-31,3,355000000000,-0.024,,,,,141500000000,0.021,167000000000,0.003,,133000000000,,433.65,,,,,,,,,,,,,,,,,,,,,,true,true,12,2019-04-01,2020-03-31,0
2020-02-03,45070,2019-03-31,3,,,,,,,,,,,,,,,,,,,,778741000000,672429000000,0.857,,667502000000,,,,,,,,,,,,true,false,12,2018-04-01,2019-03-31,-1
2020-02-03,45070,2019-03-31,3,,,,,,,,,,,,,,,,,,,,,,,,,,,,,94.00,,,,316786165,5498751,,false,false,12,2018-04-01,2019-03-31,-1
2020-02-03,45070,2020-03-31,3,,,,,,,,,,,,,,,,,,,,,,,,,,,,,50.00,,,,,,,false,false,12,2019-04-01,2020-03-31,0
2020-02-03,45070,2020-03-31,3,,,,,,,,,,,,,,,,,,,,,,,,,,,,,100.00,,,,,,,false,true,12,2019-04-01,2020-03-31,0
2020-02-03,45070,2020-03-31,3,,,,,,,,,,,,,,,,,,,,,,,,,,,,,,,,,316786165,10088542,310283585,false,false,9,2019-04-01,2019-12-31,0
2020-02-03,45070,2019-03-31,3,,,,,,,,,,,,,,,,,,,,,,,,,,,,,,,,,,,313486768,false,false,9,2018-04-01,2018-12-31,-1
,45070,2020-03-31,,,,,,,,,,,,,,,,,,,,,,,,,,,,,,103.00,,,,,,,false,true,12,2019-04-01,2020-03-31,0
,45070,2020-03-31,,,,,,,,,,,,,,,,,,,,,,,,,,,,,,50.00,,,,,,,false,false,12,2019-04-01,2020-03-31,0
,45070,2019-03-31,,,,,,,,,,,,,,,,,,,,,,,,,,,,,,94.00,,,,,,,false,false,12,2018-04-01,2019-03-31,-1
2020-05-11,45070,2020-03-31,,334958000000,-0.079,,,,,125231000000,-0.096,151751000000,-0.089,,121295000000,,392.80,392.38,0.180,0.196,0.374,,773650000000,683647000000,0.883,2248.69,683116000000,129138000000,-29484000000,-85063000000,208861000000,,0.262,,,,,,true,false,12,2019-04-01,2020-03-31,0
2020-05-11,45070,2019-03-31,,363721000000,0.055,,,,,138537000000,0.202,166575000000,0.201,,132759000000,,424.31,420.67,0.209,0.224,0.381,,778741000000,672429000000,0.857,2144.33,667502000000,145684000000,-36349000000,-87011000000,195800000000,,0.222,,,,,,true,false,12,2018-04-01,2019-03-31,-1
2020-05-11,45070,2020-03-31,,293865000000,-0.104,,,,,116107000000,-0.161,121265000000,-0.133,88640000000,,-0.114,287.05,286.74,,,,,580804000000,530482000000,0.913,1744.81,530044000000,,,,,103.00,,,,316786165,13002082,308798662,false,false,12,2019-04-01,2020-03-31,0
2020-05-11,45070,2019-03-31,,327991000000,0.038,,,,,138366000000,0.184,139836000000,0.190,100037000000,,0.122,319.73,316.98,,,,,612336000000,533261000000,0.870,1711.39,532733000000,,,,,94.00,,,,316786165,5498751,312883878,false,false,12,2018-04-01,2019-03-31,-1
2020-05-11,45070,2021-03-31,,,,,,,,53800000000,,,,,44900000000,,147.80,,,,,,,,,,,,,,,,,,,,,,true,true,6,2020-04-01,2020-09-30,1
2020-05-11,45070,2021-03-31,,,,,,,,110300000000,,,,,103600000000,,341.03,,,,,,,,,,,,,,,,0.311,,,,,,true,true,12,2020-04-01,2021-03-31,1
2020-05-11,45070,2021-03-31,,,,,,,,,,,,,,,,,,,,,,,,,,,,,,106.00,,,,,,,false,true,12,2020-04-01,2021-03-31,1
2020-06-24,45070,2020-03-31,,,,,,,,130628000000,-0.100,,,,122193000000,,395.71,395.28,,,,,871526000000,,,,,131940000000,-29144000000,-88174000000,,,0.260,,,,,,true,false,12,2019-04-01,2020-03-31,0
2020-06-24,45070,2019-03-31,,,,,,,,145081000000,,,,,137191000000,,438.47,434.71,,,,,938540000000,,,,,165000000000,-56256000000,-89912000000,,,0.214,,,,,,true,false,12,2018-04-01,2019-03-31,-1
2020-06-24,45070,2021-03-31,,,,,,,,53800000000,,,,,44900000000,,147.80,,,,,,,,,,,,,,,,,,,,,,true,true,6,2020-04-01,2020-09-30,1
2020-06-24,45070,2021-03-31,,,,,,,,110300000000,-0.156,,,,103600000000,,341.03,,,,,,,,,,,,,,,,0.311,,,,,,true,true,12,2020-04-01,2021-03-31,1
2020-06-24,45070,2019-03-31,,,,,,,,,,,,,,,,,,,,,,,,,,,,,,94.00,,,,316786165,5498751,312883878,false,false,12,2018-04-01,2019-03-31,-1
2020-06-24,45070,2020-03-31,,,,,,,,,,,,,,,,,,,,,,,,,,,,,,103.00,,,,316786165,13002082,308798662,false,false,12,2019-04-01,2020-03-31,0
2020-06-24,45070,2021-03-31,,,,,,,,,,,,,,,,,,,,,,,,,,,,,,106.00,,,,,,,false,true,12,2020-04-01,2021-03-31,1
2020-07-31,45070,2021-03-31,1,,,,,,,25617000000,-0.191,,,,21536000000,,70.88,70.85,,,,,864573000000,,,,,,,,,,,,,,,,true,false,3,2020-04-01,2020-06-30,0
2020-07-31,45070,2020-03-31,1,,,,,,,31671000000,,,,,27128000000,,87.14,87.02,,,,,,,,,,,,,,,,,,,,,true,false,3,2019-04-01,2019-06-30,-1
2020-07-31,45070,2021-03-31,1,,,,,,,53800000000,,,,,44900000000,,147.80,,,,,,,,,,,,,,,,,,,,,,true,true,6,2020-04-01,2020-09-30,0
2020-07-31,45070,2021-03-31,1,,,,,,,110300000000,-0.156,,,,103600000000,,341.03,,,,,,,,,,,,,,,,,,,,,,true,true,12,2020-04-01,2021-03-31,0
2020-07-31,45070,2020-03-31,1,,,,,,,,,,,,,,,,,,,,871526000000,,,,,,,,,,,,,,,,true,false,12,2019-04-01,2020-03-31,-1
2020-07-31,45070,2020-03-31,1,,,,,,,,,,,,,,,,,,,,,,,,,,,,,103.00,,,,316786165,13002082,,false,false,12,2019-04-01,2020-03-31,-1
2020-07-31,45070,2021-03-31,1,,,,,,,,,,,,,,,,,,,,,,,,,,,,,106.00,,,,,,,false,true,12,2020-04-01,2021-03-31,0
2020-07-31,45070,2021-03-31,1,,,,,,,,,,,,,,,,,,,,,,,,,,,,,,,,,311586165,7722192,303833023,false,false,3,2020-04-01,2020-06-30,0
2020-07-31,45070,2020-03-31,1,,,,,,,,,,,,,,,,,,,,,,,,,,,,,,,,,,,311329640,false,false,3,2019-04-01,2019-06-30,-1
2020-10-30,45070,2021-03-31,2,,,,,,,55308000000,-0.125,,,,49381000000,,160.83,160.77,,,,,930846000000,,,,,,,,,,,,,,,,true,false,6,2020-04-01,2020-09-30,0
2020-10-30,45070,2020-03-31,2,,,,,,,63196000000,,,,,54382000000,,174.66,174.43,,,,,,,,,,,,,,,,,,,,,true,false,6,2019-04-01,2019-09-30,-1
2020-10-30,45070,2021-03-31,2,,,,,,,133200000000,0.020,,,,119700000000,,385.83,,,,,,,,,,,,,,,,,,,,,,true,true,12,2020-04-01,2021-03-31,0
2020-10-30,45070,2020-03-31,2,,,,,,,,,,,,,,,,,,,,871526000000,,,,,,,,,,,,,,,,true,false,12,2019-04-01,2020-03-31,-1
2020-10-30,45070,2020-03-31,2,,,,,,,,,,,,,,,,,,,,,,,,,,,,,103.00,,,,316786165,13002082,,false,false,12,2019-04-01,2020-03-31,-1
2020-10-30,45070,2021-03-31,2,,,,,,,,,,,,,,,,,,,,,,,,,,,,,53.00,,,,,,,false,false,12,2020-04-01,2021-03-31,0
2020-10-30,45070,2021-03-31,2,,,,,,,,,,,,,,,,,,,,,,,,,,,,,106.00,,,,,,,false,true,12,2020-04-01,2021-03-31,0
2020-10-30,45070,2021-03-31,2,,,,,,,,,,,,,,,,,,,,,,,,,,,,,,,,,311586165,1343670,307037868,false,false,6,2020-04-01,2020-09-30,0
2020-10-30,45070,2020-03-31,2,,,,,,,,,,,,,,,,,,,,,,,,,,,,,,,,,,,311355826,false,false,6,2019-04-01,2019-09-30,-1
2021-02-01,45070,2021-03-31,3,,,,,,,102201000000,-0.042,,,,86073000000,,279.90,279.80,,,,,945726000000,,,,,,,,,,,,,,,,true,false,9,2020-04-01,2020-12-31,0
2021-02-01,45070,2020-03-31,3,,,,,,,106694000000,,,,,94260000000,,303.79,303.41,,,,,,,,,,,,,,,,,,,,,true,false,9,2019-04-01,2019-12-31,-1
2021-02-01,45070,2021-03-31,3,,,,,,,122900000000,-0.059,,,,113700000000,,370.85,,,,,,,,,,,,,,,,,,,,,,true,true,12,2020-04-01,2021-03-31,0
2021-02-01,45070,2020-03-31,3,,,,,,,,,,,,,,,,,,,,873695000000,,,,,,,,,,,,,,,,true,false,12,2019-04-01,2020-03-31,-1
2021-02-01,45070,2020-03-31,3,,,,,,,,,,,,,,,,,,,,,,,,,,,,,103.00,,,,316786165,13002082,,false,false,12,2019-04-01,2020-03-31,-1
2021-02-01,45070,2021-03-31,3,,,,,,,,,,,,,,,,,,,,,,,,,,,,,53.00,,,,,,,false,false,12,2020-04-01,2021-03-31,0
2021-02-01,45070,2021-03-31,3,,,,,,,,,,,,,,,,,,,,,,,,,,,,,106.00,,,,,,,false,true,12,2020-04-01,2021-03-31,0
2021-02-01,45070,2021-03-31,3,,,,,,,,,,,,,,,,,,,,,,,,,,,,,,,,,311586165,4994223,307515149,false,false,9,2020-04-01,2020-12-31,0
2021-02-01,45070,2020-03-31,3,,,,,,,,,,,,,,,,,,,,,,,,,,,,,,,,,,,310283585,false,false,9,2019-04-01,2019-12-31,-1
,45070,2021-03-31,,,,,,,,,,,,,,,,,,,,,,,,,,,,,,108.00,,,,,,,false,true,12,2020-04-01,2021-03-31,0
,45070,2021-03-31,,,,,,,,,,,,,,,,,,,,,,,,,,,,,,53.00,,,,,,,false,false,12,2020-04-01,2021-03-31,0
,45070,2020-03-31,,,,,,,,,,,,,,,,,,,,,,,,,,,,,,103.00,,,,,,,false,false,12,2019-04-01,2020-03-31,-1
2021-05-10,45070,2021-03-31,,260986000000,-0.112,,,,,76192000000,-0.344,81714000000,-0.326,32181000000,,-0.637,105.02,104.98,,,,,617123000000,536405000000,0.869,1778.50,536154000000,,,,,108.00,,,,311586165,10122444,306441234,false,false,12,2020-04-01,2021-03-31,0
2021-05-10,45070,2020-03-31,,293865000000,-0.104,,,,,116107000000,-0.161,121265000000,-0.133,88640000000,,-0.114,287.05,286.74,,,,,580804000000,530482000000,0.913,1744.81,530044000000,,,,,103.00,,,,316786165,13002082,308798662,false,false,12,2019-04-01,2020-03-31,-1
2021-05-10,45070,2021-03-31,,,,,,,,117438000000,-0.101,,,,111858000000,,365.03,364.89,,,,,998992000000,,,,,109039000000,-5261000000,-43891000000,,,0.296,,,,,,true,false,12,2020-04-01,2021-03-31,0
2021-05-10,45070,2020-03-31,,,,,,,,130628000000,-0.100,,,,122193000000,,395.71,395.28,,,,,873695000000,,,,,131940000000,-29144000000,-88174000000,,,0.260,,,,,,true,false,12,2019-04-01,2020-03-31,-1
2021-05-10,45070,2022-03-31,,,,,,,,38500000000,-0.339,,,,49500000000,,164.20,,,,,,,,,,,,,,,,,,,,,,true,true,6,2021-04-01,2021-09-30,1
2021-05-10,45070,2022-03-31,,,,,,,,90000000000,-0.234,,,,100000000000,,331.71,,,,,,,,,,,,,,,,0.332,,,,,,true,true,12,2021-04-01,2022-03-31,1
2021-05-10,45070,2022-03-31,,,,,,,,,,,,,,,,,,,,,,,,,,,,,,110.00,,,,,,,false,true,12,2021-04-01,2022-03-31,1
2021-08-02,45070,2022-03-31,1,,,,,,,18794000000,-0.342,,,,32238000000,,106.94,106.91,,,,,1000354000000,,,,,,,,,,,,,,,,true,false,3,2021-04-01,2021-06-30,0
2021-08-02,45070,2021-03-31,1,,,,,,,28575000000,-0.098,,,,24495000000,,80.62,80.58,,,,,,,,,,,,,,,,,,,,,true,false,3,2020-04-01,2020-06-30,-1
2021-08-02,45070,2022-03-31,1,,,,,,,38500000000,-0.339,,,,49500000000,,164.20,,,,,,,,,,,,,,,,,,,,,,true,true,6,2021-04-01,2021-09-30,0
2021-08-02,45070,2022-03-31,1,,,,,,,90000000000,-0.234,,,,100000000000,,331.71,,,,,,,,,,,,,,,,,,,,,,true,true,12,2021-04-01,2022-03-31,0
2021-08-02,45070,2021-03-31,1,,,,,,,,,,,,,,,,,,,,998992000000,,,,,,,,,,,,,,,,true,false,12,2020-04-01,2021-03-31,-1
2021-08-02,45070,2021-03-31,1,,,,,,,,,,,,,,,,,,,,,,,,,,,,,108.00,,,,311586165,10122444,,false,false,12,2020-04-01,2021-03-31,-1
2021-08-02,45070,2022-03-31,1,,,,,,,,,,,,,,,,,,,,,,,,,,,,,110.00,,,,,,,false,true,12,2021-04-01,2022-03-31,0
2021-08-02,45070,2022-03-31,1,,,,,,,,,,,,,,,,,,,,,,,,,,,,,,,,,311586165,10122654,301463533,false,false,3,2021-04-01,2021-06-30,0
2021-08-02,45070,2021-03-31,1,,,,,,,,,,,,,,,,,,,,,,,,,,,,,,,,,,,303833023,false,false,3,2020-04-01,2020-06-30,-1
2021-11-01,4507,2022-03-31,2,,,,,,,42664000000,-0.268,,,,53131000000,,176.24,176.18,,,,,1020450000000,,,,,,,,,,,,,,,,true,false,6,2021-04-01,2021-09-30,0
2021-11-01,4507,2021-03-31,2,,,,,,,58266000000,-0.078,,,,52339000000,,170.47,170.40,,,,,,,,,,,,,,,,,,,,,true,false,6,2020-04-01,2020-09-30,-1
2021-11-01,4507,2022-03-31,2,,,,,,,90000000000,-0.234,,,,100000000000,,331.71,,,,,,,,,,,,,,,,,,,,,,true,true,12,2021-04-01,2022-03-31,0
2021-11-01,4507,2021-03-31,2,,,,,,,,,,,,,,,,,,,,998992000000,,,,,,,,,,,,,,,,true,false,12,2020-04-01,2021-03-31,-1
2021-11-01,4507,2021-03-31,2,,,,,,,,,,,,,,,,,,,,,,,,,,,,,108.00,,,,311586165,10122444,,false,false,12,2020-04-01,2021-03-31,-1
2021-11-01,4507,2022-03-31,2,,,,,,,,,,,,,,,,,,,,,,,,,,,,,55.00,,,,,,,false,false,12,2021-04-01,2022-03-31,0
2021-11-01,4507,2022-03-31,2,,,,,,,,,,,,,,,,,,,,,,,,,,,,,110.00,,,,,,,false,true,12,2021-04-01,2022-03-31,0
2021-11-01,4507,2022-03-31,2,,,,,,,,,,,,,,,,,,,,,,,,,,,,,,,,,311586165,10102277,301474540,false,false,6,2021-04-01,2021-09-30,0
2021-11-01,4507,2021-03-31,2,,,,,,,,,,,,,,,,,,,,,,,,,,,,,,,,,,,307037868,false,false,6,2020-04-01,2020-09-30,-1
2022-01-31,4507,2022-03-31,3,,,,,,,60422000000,-0.425,,,,71000000000,,235.51,235.43,,,,,1038898000000,,,,,,,,,,,,,,,,true,false,9,2021-04-01,2021-12-31,0
2022-01-31,4507,2021-03-31,3,,,,,,,105160000000,-0.014,,,,89032000000,,289.52,289.41,,,,,,,,,,,,,,,,,,,,,true,false,9,2020-04-01,2020-12-31,-1
2022-01-31,4507,2022-03-31,3,,,,,,,90000000000,-0.234,,,,100000000000,,331.71,,,,,,,,,,,,,,,,,,,,,,true,true,12,2021-04-01,2022-03-31,0
2022-01-31,4507,2021-03-31,3,,,,,,,,,,,,,,,,,,,,998992000000,,,,,,,,,,,,,,,,true,false,12,2020-04-01,2021-03-31,-1
2022-01-31,4507,2021-03-31,3,,,,,,,,,,,,,,,,,,,,,,,,,,,,,108.00,,,,311586165,10122444,,false,false,12,2020-04-01,2021-03-31,-1
2022-01-31,4507,2022-03-31,3,,,,,,,,,,,,,,,,,,,,,,,,,,,,,55.00,,,,,,,false,false,12,2021-04-01,2022-03-31,0
2022-01-31,4507,2022-03-31,3,,,,,,,,,,,,,,,,,,,,,,,,,,,,,110.00,,,,,,,false,true,12,2021-04-01,2022-03-31,0
2022-01-31,4507,2022-03-31,3,,,,,,,,,,,,,,,,,,,,,,,,,,,,,,,,,311586165,10102853,301477545,false,false,9,2021-04-01,2021-12-31,0
2022-01-31,4507,2021-03-31,3,,,,,,,,,,,,,,,,,,,,,,,,,,,,,,,,,,,307515149,false,false,9,2020-04-01,2020-12-31,-1
2022-04-25,45070,2022-03-31,,335000000000,0.139,,,,,110000000000,0.222,126000000000,0.096,,114000000000,,378.14,,,,,,,,,,,,,,,,,,,,,,true,true,12,2021-04-01,2022-03-31,0
2022-04-25,45070,2021-03-31,,297177000000,,,,,,117438000000,,143018000000,,,111858000000,,365.03,,,,,,,,,,,,,,,,,,,,,,true,false,12,2020-04-01,2021-03-31,-1
2022-04-25,45070,2022-03-31,,,,,,,,,,,,,,,,,,,,,,,,,,,,,,115.00,,,,,,,false,true,12,2021-04-01,2022-03-31,0
2022-04-25,45070,2022-03-31,,,,,,,,,,,,,,,,,,,,,,,,,,,,,,55.00,,,,,,,false,false,12,2021-04-01,2022-03-31,0
2022-04-25,45070,2021-03-31,,,,,,,,,,,,,,,,,,,,,,,,,,,,,,108.00,,,,,,,false,false,12,2020-04-01,2021-03-31,-1
2022-05-11,4507,2022-03-31,,285948000000,0.096,,,,,95969000000,0.260,100892000000,0.235,90264000000,,1.805,299.41,299.31,,,,,730120000000,590430000000,0.808,1957.59,590179000000,,,,,115.00,,,,311586165,10103385,301478888,false,false,12,2021-04-01,2022-03-31,0
2022-05-11,4507,2021-03-31,,260986000000,-0.112,,,,,76192000000,-0.344,81714000000,-0.326,32181000000,,-0.637,105.02,104.98,,,,,617123000000,536405000000,0.869,1778.50,536154000000,,,,,108.00,,,,311586165,10122444,306441234,false,false,12,2020-04-01,2021-03-31,-1
2022-05-11,4507,2022-03-31,,,,,,,,110312000000,-0.061,,,,114185000000,,378.75,378.63,,,,,1150601000000,,,,,102068000000,-96204000000,-36615000000,,,0.304,,,,,,true,false,12,2021-04-01,2022-03-31,0
2022-05-11,4507,2021-03-31,,,,,,,,117438000000,-0.101,,,,111858000000,,365.03,364.89,,,,,998992000000,,,,,109039000000,-5261000000,-43891000000,,,0.296,,,,,,true,false,12,2020-04-01,2021-03-31,-1
2022-05-11,4507,2023-03-31,,,,,,,,57000000000,0.336,,,,71500000000,,237.16,,,,,,,,,,,,,,,,,,,,,,true,true,6,2022-04-01,2022-09-30,1
2022-05-11,4507,2023-03-31,,,,,,,,120000000000,0.088,,,,136000000000,,451.10,,,,,,,,,,,,,,,,0.266,,,,,,true,true,12,2022-04-01,2023-03-31,1
2022-05-11,4507,2023-03-31,,,,,,,,,,,,,,,,,,,,,,,,,,,,,,120.00,,,,,,,false,true,12,2022-04-01,2023-03-31,1
2022-08-01,4507,2023-03-31,1,,,,,,,12421000000,-0.339,,,,34722000000,,115.17,115.13,,,,,1200957000000,,,,,,,,,,,,,,,,true,false,3,2022-04-01,2022-06-30,0
2022-08-01,4507,2022-03-31,1,,,,,,,18794000000,-0.342,,,,32238000000,,106.94,106.91,,,,,,,,,,,,,,,,,,,,,true,false,3,2021-04-01,2021-06-30,-1
2022-08-01,4507,2023-03-31,1,,,,,,,57000000000,0.336,,,,71500000000,,237.16,,,,,,,,,,,,,,,,,,,,,,true,true,6,2022-04-01,2022-09-30,0
2022-08-01,4507,2023-03-31,1,,,,,,,120000000000,0.088,,,,136000000000,,451.10,,,,,,,,,,,,,,,,,,,,,,true,true,12,2022-04-01,2023-03-31,0
2022-08-01,4507,2022-03-31,1,,,,,,,,,,,,,,,,,,,,1150601000000,,,,,,,,,,,,,,,,true,false,12,2021-04-01,2022-03-31,-1
2022-08-01,4507,2022-03-31,1,,,,,,,,,,,,,,,,,,,,,,,,,,,,,115.00,,,,311586165,10103385,,false,false,12,2021-04-01,2022-03-31,-1
2022-08-01,4507,2023-03-31,1,,,,,,,,,,,,,,,,,,,,,,,,,,,,,120.00,,,,,,,false,true,12,2022-04-01,2023-03-31,0
2022-08-01,4507,2023-03-31,1,,,,,,,,,,,,,,,,,,,,,,,,,,,,,,,,,311586165,10103658,301482644,false,false,3,2022-04-01,2022-06-30,0
2022-08-01,4507,2022-03-31,1,,,,,,,,,,,,,,,,,,,,,,,,,,,,,,,,,,,301463533,false,false,3,2021-04-01,2021-06-30,-1
2022-10-24,45070,2023-03-31,,150000000000,-0.167,,,,,28000000000,-0.509,67000000000,-0.221,,57000000000,,189.33,,,,,,,,,,,,,,,,,,,,,,true,true,6,2022-04-01,2022-09-30,0
2022-10-24,45070,2022-03-31,,145085000000,,,,,,42664000000,,50832000000,,,53131000000,,176.24,,,,,,,,,,,,,,,,,,,,,,true,false,6,2021-04-01,2021-09-30,-1
2022-10-24,45070,2023-03-31,,410000000000,0.025,,,,,120000000000,0.000,174000000000,0.036,,142000000000,,471.58,,,,,,,,,,,,,,,,,,,,,,true,true,12,2022-04-01,2023-03-31,0
2022-10-24,45070,2022-03-31,,335138000000,,,,,,110312000000,,126268000000,,,114185000000,,378.75,,,,,,,,,,,,,,,,,,,,,,true,false,12,2021-04-01,2022-03-31,-1
2022-10-31,45070,2023-03-31,2,,,,,,,28224000000,-0.338,,,,57264000000,,190.21,190.15,,,,,1195939000000,,,,,,,,,,,,,,,,true,false,6,2022-04-01,2022-09-30,0
2022-10-31,45070,2022-03-31,2,,,,,,,42664000000,-0.268,,,,53131000000,,176.24,176.18,,,,,,,,,,,,,,,,,,,,,true,false,6,2021-04-01,2021-09-30,-1
2022-10-31,45070,2023-03-31,2,,,,,,,120000000000,0.088,,,,142000000000,,471.58,,,,,,,,,,,,,,,,,,,,,,true,true,12,2022-04-01,2023-03-31,0
2022-10-31,45070,2022-03-31,2,,,,,,,,,,,,,,,,,,,,1150601000000,,,,,,,,,,,,,,,,true,false,12,2021-04-01,2022-03-31,-1
2022-10-31,45070,2022-03-31,2,,,,,,,,,,,,,,,,,,,,,,,,,,,,,115.00,,,,311586165,10103385,,false,false,12,2021-04-01,2022-03-31,-1
2022-10-31,45070,2023-03-31,2,,,,,,,,,,,,,,,,,,,,,,,,,,,,,60.00,,,,,,,false,false,12,2022-04-01,2023-03-31,0
2022-10-31,45070,2023-03-31,2,,,,,,,,,,,,,,,,,,,,,,,,,,,,,120.00,,,,,,,false,true,12,2022-04-01,2023-03-31,0
2022-10-31,45070,2023-03-31,2,,,,,,,,,,,,,,,,,,,,,,,,,,,,,,,,,311586165,10468790,301055990,false,false,6,2022-04-01,2022-09-30,0
2022-10-31,45070,2022-03-31,2,,,,,,,,,,,,,,,,,,,,,,,,,,,,,,,,,,,301474540,false,false,6,2021-04-01,2021-09-30,-1
2023-01-30,45070,2023-03-31,3,338347000000,0.541,,,,,146473000000,1.424,,,,157729000000,,527.81,527.63,,,,,1261616000000,,,,,,,,,,,,,,,,true,false,9,2022-04-01,2022-12-31,0
2023-01-30,45070,2022-03-31,3,219626000000,-0.021,,,,,60422000000,-0.425,,,,71000000000,,235.51,235.43,,,,,,,,,,,,,,,,,,,,,true,false,9,2021-04-01,2021-12-31,-1
2023-01-30,45070,2023-03-31,3,421000000000,0.256,,,,,147000000000,0.333,,,,170000000000,,568.87,,,,,,,,,,,,,,,,,,,,,,true,true,12,2022-04-01,2023-03-31,0
2023-01-30,45070,2022-03-31,3,,,,,,,,,,,,,,,,,,,,1150601000000,,,,,,,,,,,,,,,,true,false,12,2021-04-01,2022-03-31,-1
2023-01-30,45070,2022-03-31,3,,,,,,,,,,,,,,,,,,,,,,,,,,,,,115.00,,,,311586165,10103385,,false,false,12,2021-04-01,2022-03-31,-1
2023-01-30,45070,2023-03-31,3,,,,,,,,,,,,,,,,,,,,,,,,,,,,,60.00,,,,,,,false,false,12,2022-04-01,2023-03-31,0
2023-01-30,45070,2023-03-31,3,,,,,,,,,,,,,,,,,,,,,,,,,,,,,120.00,,,,,,,false,true,12,2022-04-01,2023-03-31,0
2023-01-30,45070,2023-03-31,3,,,,,,,,,,,,,,,,,,,,,,,,,,,,,,,,,311586165,17279573,298837625,false,false,9,2022-04-01,2022-12-31,0
2023-01-30,45070,2022-03-31,3,,,,,,,,,,,,,,,,,,,,,,,,,,,,,,,,,,,301477545,false,false,9,2021-04-01,2021-12-31,-1
2023-01-30,45070,2023-03-31,,421000000000,0.027,,,,,147000000000,0.225,210000000000,0.207,,170000000000,,568.87,,,,,,,,,,,,,,,,,,,,,,true,true,12,2022-04-01,2023-03-31,0
2023-01-30,45070,2022-03-31,,335138000000,,,,,,110312000000,,126268000000,,,114185000000,,378.75,,,,,,,,,,,,,,,,,,,,,,true,false,12,2021-04-01,2022-03-31,-1
,45070,2023-03-31,,,,,,,,,,,,,,,,,,,,,,,,,,,,,,135.00,,,,,,,false,true,12,2022-04-01,2023-03-31,0
,45070,2023-03-31,,,,,,,,,,,,,,,,,,,,,,,,,,,,,,60.00,,,,,,,false,false,12,2022-04-01,2023-03-31,0
,45070,2022-03-31,,,,,,,,,,,,,,,,,,,,,,,,,,,,,,115.00,,,,,,,false,false,12,2021-04-01,2022-03-31,-1
2023-05-10,45070,2023-03-31,,426684000000,0.273,,,,,149003000000,0.351,,,,184965000000,,621.31,621.10,,,0.349,,1311800000000,,,,,177867000000,-48292000000,-84123000000,,,0.217,,,,,,true,false,12,2022-04-01,2023-03-31,0
2023-05-10,45070,2022-03-31,,335138000000,0.128,,,,,110312000000,-0.061,,,,114185000000,,378.75,378.63,,,0.329,,1150601000000,,,,,102068000000,-96204000000,-36615000000,,,0.304,,,,,,true,false,12,2021-04-01,2022-03-31,-1
2023-05-10,45070,2024-03-31,,217000000000,0.439,,,,,80500000000,1.852,,,,78000000000,,265.03,,,,,,,,,,,,,,,,,,,,,,true,true,6,2023-04-01,2023-09-30,1
2023-05-10,45070,2024-03-31,,450000000000,0.055,,,,,150000000000,0.007,,,,155000000000,,526.66,,,,,,,,,,,,,,,,0.285,,,,,,true,true,12,2023-04-01,2024-03-31,1
2023-05-10,45070,2023-03-31,,369499000000,0.292,,,,,133274000000,0.389,134998000000,0.338,107367000000,,0.189,358.54,358.42,,,,,768120000000,612890000000,0.798,2060.64,612638000000,,,,,135.00,,,,307386165,13080279,297704773,false,false,12,2022-04-01,2023-03-31,0
2023-05-10,45070,2022-03-31,,285948000000,0.096,,,,,95969000000,0.260,100892000000,0.235,90264000000,,1.805,299.41,299.31,,,,,730120000000,590430000000,0.808,1957.59,590179000000,,,,,115.00,,,,311586165,10103385,301478888,false,false,12,2021-04-01,2022-03-31,-1
2023-05-10,45070,2024-03-31,,,,,,,,,,,,,,,,,,,,,,,,,,,,,,150.00,,,,,,,false,true,12,2023-04-01,2024-03-31,1
2023-07-31,45070,2024-03-31,1,,,,,,,46585000000,2.750,,,,42562000000,,144.62,144.57,,,,,1363776000000,,,,,,,,,,,,,,,,true,false,3,2023-04-01,2023-06-30,0
2023-07-31,45070,2023-03-31,1,,,,,,,12421000000,-0.339,,,,34722000000,,115.17,115.13,,,,,,,,,,,,,,,,,,,,,true,false,3,2022-04-01,2022-06-30,-1
2023-07-31,45070,2024-03-31,1,,,,,,,80500000000,1.852,,,,78000000000,,265.03,,,,,,,,,,,,,,,,,,,,,,true,true,6,2023-04-01,2023-09-30,0
2023-07-31,45070,2024-03-31,1,,,,,,,150000000000,0.007,,,,155000000000,,526.66,,,,,,,,,,,,,,,,,,,,,,true,true,12,2023-04-01,2024-03-31,0
2023-07-31,45070,2023-03-31,1,,,,,,,,,,,,,,,,,,,,1311800000000,,,,,,,,,,,,,,,,true,false,12,2022-04-01,2023-03-31,-1
2023-07-31,45070,2023-03-31,1,,,,,,,,,,,,,,,,,,,,,,,,,,,,,135.00,,,,307386165,13080279,,false,false,12,2022-04-01,2023-03-31,-1
2023-07-31,45070,2024-03-31,1,,,,,,,,,,,,,,,,,,,,,,,,,,,,,150.00,,,,,,,false,true,12,2023-04-01,2024-03-31,0
2023-07-31,45070,2024-03-31,1,,,,,,,,,,,,,,,,,,,,,,,,,,,,,,,,,307386165,13080742,294305575,false,false,3,2023-04-01,2023-06-30,0
2023-07-31,45070,2023-03-31,1,,,,,,,,,,,,,,,,,,,,,,,,,,,,,,,,,,,301482644,false,false,3,2022-04-01,2022-06-30,-1
2023-10-31,45070,2024-03-31,2,,,,,,,98106000000,2.476,,,,90593000000,,308.65,308.54,,,,,1409593000000,,,,,,,,,,,,,,,,true,false,6,2023-04-01,2023-09-30,0
2023-10-31,45070,2023-03-31,2,,,,,,,28224000000,-0.338,,,,57264000000,,190.21,190.15,,,,,,,,,,,,,,,,,,,,,true,false,6,2022-04-01,2022-09-30,-1
2023-10-31,45070,2024-03-31,2,,,,,,,150000000000,0.007,,,,155000000000,,526.66,,,,,,,,,,,,,,,,,,,,,,true,true,12,2023-04-01,2024-03-31,0
2023-10-31,45070,2023-03-31,2,,,,,,,,,,,,,,,,,,,,1311800000000,,,,,,,,,,,,,,,,true,false,12,2022-04-01,2023-03-31,-1
2023-10-31,45070,2023-03-31,2,,,,,,,,,,,,,,,,,,,,,,,,,,,,,135.00,,,,307386165,13080279,,false,false,12,2022-04-01,2023-03-31,-1
2023-10-31,45070,2024-03-31,2,,,,,,,,,,,,,,,,,,,,,,,,,,,,,75.00,,,,,,,false,false,12,2023-04-01,2024-03-31,0
2023-10-31,45070,2024-03-31,2,,,,,,,,,,,,,,,,,,,,,,,,,,,,,150.00,,,,,,,false,true,12,2023-04-01,2024-03-31,0
2023-10-31,45070,2024-03-31,2,,,,,,,,,,,,,,,,,,,,,,,,,,,,,,,,,307386165,16103647,293517917,false,false,6,2023-04-01,2023-09-30,0
2023-10-31,45070,2023-03-31,2,,,,,,,,,,,,,,,,,,,,,,,,,,,,,,,,,,,301055990,false,false,6,2022-04-01,2022-09-30,-1
2024-01-31,45070,2024-03-31,3,336821000000,-0.005,,,,,138737000000,-0.053,,,,127222000000,,435.89,435.74,,,,,1359864000000,,,,,,,,,,,,,,,,true,false,9,2023-04-01,2023-12-31,0
2024-01-31,45070,2023-03-31,3,338347000000,0.541,,,,,146473000000,1.424,,,,157729000000,,527.81,527.63,,,,,,,,,,,,,,,,,,,,,true,false,9,2022-04-01,2022-12-31,-1
2024-01-31,45070,2024-03-31,3,450000000000,0.055,,,,,150000000000,0.007,,,,155000000000,,526.66,,,,,,,,,,,,,,,,,,,,,,true,true,12,2023-04-01,2024-03-31,0
2024-01-31,45070,2023-03-31,3,,,,,,,,,,,,,,,,,,,,1311800000000,,,,,,,,,,,,,,,,true,false,12,2022-04-01,2023-03-31,-1
2024-01-31,45070,2023-03-31,3,,,,,,,,,,,,,,,,,,,,,,,,,,,,,135.00,,,,307386165,13080279,,false,false,12,2022-04-01,2023-03-31,-1
2024-01-31,45070,2024-03-31,3,,,,,,,,,,,,,,,,,,,,,,,,,,,,,75.00,,,,,,,false,false,12,2023-04-01,2024-03-31,0
2024-01-31,45070,2024-03-31,3,,,,,,,,,,,,,,,,,,,,,,,,,,,,,150.00,,,,,,,false,true,12,2023-04-01,2024-03-31,0
2024-01-31,45070,2024-03-31,3,,,,,,,,,,,,,,,,,,,,,,,,,,,,,,,,,307386165,20053452,291867698,false,false,9,2023-04-01,2023-12-31,0
2024-01-31,45070,2023-03-31,3,,,,,,,,,,,,,,,,,,,,,,,,,,,,,,,,,,,298837625,false,false,9,2022-04-01,2022-12-31,-1
,45070,2024-03-31,,,,,,,,,,,,,,,,,,,,,,,,,,,,,,160.00,,,,,,,false,true,12,2023-04-01,2024-03-31,0
,45070,2024-03-31,,,,,,,,,,,,,,,,,,,,,,,,,,,,,,75.00,,,,,,,false,false,12,2023-04-01,2024-03-31,0
,45070,2023-03-31,,,,,,,,,,,,,,,,,,,,,,,,,,,,,,135.00,,,,,,,false,false,12,2022-04-01,2023-03-31,-1
2024-05-13,45070,2024-03-31,,435081000000,0.020,,,,,153310000000,0.029,,,,162030000000,,558.51,558.32,,,0.352,,1416918000000,,,,,154284000000,5922000000,-126853000000,,,0.286,,,,,,true,false,12,2023-04-01,2024-03-31,0
2024-05-13,45070,2023-03-31,,426684000000,0.273,,,,,149003000000,0.351,,,,184965000000,,621.31,621.10,,,0.349,,1311800000000,,,,,177867000000,-48292000000,-84123000000,,,0.217,,,,,,true,false,12,2022-04-01,2023-03-31,-1
2024-05-13,45070,2025-03-31,,210000000000,-0.089,,,,,69000000000,-0.297,,,,66500000000,,234.57,,,,,,,,,,,,,,,,,,,,,,true,true,6,2024-04-01,2024-09-30,1
2024-05-13,45070,2025-03-31,,455000000000,0.046,,,,,160000000000,0.044,,,,163000000000,,574.97,,,,,,,,,,,,,,,,0.296,,,,,,true,true,12,2024-04-01,2025-03-31,1
2024-05-13,45070,2024-03-31,,345761000000,-0.064,,,,,108978000000,-0.182,258621000000,0.916,253060000000,,1.357,863.36,863.06,,,,,840570000000,749494000000,0.891,2615.24,749243000000,,,,,160.00,,,,307386165,23894588,290111128,false,false,12,2023-04-01,2024-03-31,0
2024-05-13,45070,2023-03-31,,369499000000,0.292,,,,,133274000000,0.389,134998000000,0.338,107367000000,,0.189,358.54,358.42,,,,,768120000000,612890000000,0.798,2060.64,612638000000,,,,,135.00,,,,307386165,13080279,297704773,false,false,12,2022-04-01,2023-03-31,-1
2024-05-13,45070,2025-03-31,,,,,,,,,,,,,,,,,,,,,,,,,,,,,,170.00,,,,,,,false,true,12,2024-04-01,2025-03-31,1
2024-07-29,45070,2025-03-31,1,,,,,,,28110000000,-0.397,,,,30637000000,,108.07,108.03,,,,,1448677000000,,,,,,,,,,,,,,,,true,false,3,2024-04-01,2024-06-30,0
2024-07-29,45070,2024-03-31,1,,,,,,,46585000000,2.750,,,,42562000000,,144.62,144.57,,,,,,,,,,,,,,,,,,,,,true,false,3,2023-04-01,2023-06-30,-1
2024-07-29,45070,2025-03-31,1,,,,,,,69000000000,-0.297,,,,66500000000,,234.57,,,,,,,,,,,,,,,,,,,,,,true,true,6,2024-04-01,2024-09-30,0
2024-07-29,45070,2025-03-31,1,,,,,,,160000000000,0.044,,,,163000000000,,574.97,,,,,,,,,,,,,,,,,,,,,,true,true,12,2024-04-01,2025-03-31,0
2024-07-29,45070,2024-03-31,1,,,,,,,,,,,,,,,,,,,,1416918000000,,,,,,,,,,,,,,,,true,false,12,2023-04-01,2024-03-31,-1
2024-07-29,45070,2024-03-31,1,,,,,,,,,,,,,,,,,,,,,,,,,,,,,160.00,,,,307386165,23894588,,false,false,12,2023-04-01,2024-03-31,-1
2024-07-29,45070,2025-03-31,1,,,,,,,,,,,,,,,,,,,,,,,,,,,,,170.00,,,,,,,false,true,12,2024-04-01,2025-03-31,0
2024-07-29,45070,2025-03-31,1,,,,,,,,,,,,,,,,,,,,,,,,,,,,,,,,,296544065,13052123,283491524,false,false,3,2024-04-01,2024-06-30,0
2024-07-29,45070,2024-03-31,1,,,,,,,,,,,,,,,,,,,,,,,,,,,,,,,,,,,294305575,false,false,3,2023-04-01,2023-06-30,-1
,45070,2025-03-31,,,,,,,,,,,,,,,,,,,,,,,,,,,,,,29.00,,,,,,,false,true,12,2024-04-01,2025-03-31,0
,45070,2024-03-31,,,,,,,,,,,,,,,,,,,,,,,,,,,,,,160.00,,,,,,,false,false,12,2023-04-01,2024-03-31,-1
2024-10-28,45070,2025-03-31,2,,,,,,,75869000000,-0.227,,,,83133000000,,97.74,97.70,,,,,1456729000000,,,,,,,,,,,,,,,,true,false,6,2024-04-01,2024-09-30,0
2024-10-28,45070,2024-03-31,2,,,,,,,98106000000,2.476,,,,90593000000,,102.88,102.85,,,,,,,,,,,,,,,,,,,,,true,false,6,2023-04-01,2023-09-30,-1
2024-10-28,45070,2025-03-31,2,,,,,,,165000000000,0.076,,,,171000000000,,201.03,,,,,,,,,,,,,,,,,,,,,,true,true,12,2024-04-01,2025-03-31,0
2024-10-28,45070,2024-03-31,2,,,,,,,,,,,,,,,,,,,,1416918000000,,,,,,,,,,,,,,,,true,false,12,2023-04-01,2024-03-31,-1
2024-10-28,45070,2024-03-31,2,,,,,,,,,,,,,,,,,,,,,,,,,,,,,160.00,,,,922158495,71683764,,false,false,12,2023-04-01,2024-03-31,-1
2024-10-28,45070,2025-03-31,2,,,,,,,,,,,,,,,,,,,,,,,,,,,,,85.00,,,,,,,false,false,12,2024-04-01,2025-03-31,0
2024-10-28,45070,2025-03-31,2,,,,,,,,,,,,,,,,,,,,,,,,,,,,,29.00,,,,,,,false,true,12,2024-04-01,2025-03-31,0
2024-10-28,45070,2025-03-31,2,,,,,,,,,,,,,,,,,,,,,,,,,,,,,,,,,889632195,38942634,850583325,false,false,6,2024-04-01,2024-09-30,0
2024-10-28,45070,2024-03-31,2,,,,,,,,,,,,,,,,,,,,,,,,,,,,,,,,,,,880553750,false,false,6,2023-04-01,2023-09-30,-1
2025-01-31,45070,2025-03-31,3,333600000000,-0.010,,,,,129224000000,-0.069,,,,133803000000,,157.30,157.25,,,,,1516585000000,,,,,,,,,,,,,,,,true,false,9,2024-04-01,2024-12-31,0
2025-01-31,45070,2024-03-31,3,336821000000,-0.005,,,,,138737000000,-0.053,,,,127222000000,,145.30,145.25,,,,,,,,,,,,,,,,,,,,,true,false,9,2023-04-01,2023-12-31,-1
2025-01-31,45070,2025-03-31,3,460000000000,0.057,,,,,165000000000,0.076,,,,171000000000,,201.03,,,,,,,,,,,,,,,,,,,,,,true,true,12,2024-04-01,2025-03-31,0
2025-01-31,45070,2024-03-31,3,,,,,,,,,,,,,,,,,,,,1416918000000,,,,,,,,,,,,,,,,true,false,12,2023-04-01,2024-03-31,-1
2025-01-31,45070,2024-03-31,3,,,,,,,,,,,,,,,,,,,,,,,,,,,,,160.00,,,,922158495,71683764,,false,false,12,2023-04-01,2024-03-31,-1
2025-01-31,45070,2025-03-31,3,,,,,,,,,,,,,,,,,,,,,,,,,,,,,85.00,,,,,,,false,false,12,2024-04-01,2025-03-31,0
2025-01-31,45070,2025-03-31,3,,,,,,,,,,,,,,,,,,,,,,,,,,,,,29.00,,,,,,,false,true,12,2024-04-01,2025-03-31,0
2025-01-31,45070,2025-03-31,3,,,,,,,,,,,,,,,,,,,,,,,,,,,,,,,,,889632195,38946594,850617559,false,false,9,2024-04-01,2024-12-31,0
2025-01-31,45070,2024-03-31,3,,,,,,,,,,,,,,,,,,,,,,,,,,,,,,,,,,,875603095,false,false,9,2023-04-01,2023-12-31,-1
,45070,2025-03-31,,,,,,,,,,,,,,,,,,,,,,,,,,,,,,33.00,,,,,,,false,true,12,2024-04-01,2025-03-31,0
,45070,2025-03-31,,,,,,,,,,,,,,,,,,,,,,,,,,,,,,85.00,,,,,,,false,false,12,2024-04-01,2025-03-31,0
,45070,2024-03-31,,,,,,,,,,,,,,,,,,,,,,,,,,,,,,160.00,,,,,,,false,false,12,2023-04-01,2024-03-31,-1
2025-05-12,45070,2025-03-31,,363309000000,0.051,,,,,114356000000,0.049,109143000000,-0.578,86927000000,,-0.656,101.12,101.09,,,,,941227000000,791825000000,0.841,920.78,791579000000,,,,,33.00,,,,889632195,38944777,850635616,false,false,12,2024-04-01,2025-03-31,0
2025-05-12,45070,2024-03-31,,345761000000,-0.064,,,,,108978000000,-0.182,258621000000,0.916,253060000000,,1.357,287.79,287.69,,,,,840570000000,749494000000,0.891,871.75,749243000000,,,,,160.00,,,,922158495,71683764,870333384,false,false,12,2023-04-01,2024-03-31,-1
2025-05-12,45070,2025-03-31,,,,,,,,156603000000,0.021,,,,170435000000,,200.36,200.29,,,,,1535349000000,,,,,195460000000,-116080000000,-64908000000,,,0.306,,,,,,true,false,12,2024-04-01,2025-03-31,0
2025-05-12,45070,2024-03-31,,,,,,,,153310000000,0.029,,,,162030000000,,186.17,186.11,,,,,1416918000000,,,,,154284000000,5922000000,-126853000000,,,0.286,,,,,,true,false,12,2023-04-01,2024-03-31,-1
2025-05-12,45070,2026-03-31,,,,,,,,82000000000,0.081,,,,86000000000,,101.09,,,,,,,,,,,,,,,,,,,,,,true,true,6,2025-04-01,2025-09-30,1
2025-05-12,45070,2026-03-31,,,,,,,,175000000000,0.117,,,,180000000000,,211.59,,,,,,,,,,,,,,,,0.312,,,,,,true,true,12,2025-04-01,2026-03-31,1
2025-05-12,45070,2026-03-31,,,,,,,,,,,,,,,,,,,,,,,,,,,,,,66.00,,,,,,,false,true,12,2025-04-01,2026-03-31,1
