filing_date,code,fiscal_year_end,quarterly_period,net_sales,net_sales_change,revenue,revenue_change,operating_revenue,operating_revenue_change,operating_profit,operating_profit_change,ordinary_profit,ordinary_profit_change,net_income,net_income_of_parent,net_income_change,eps,diluted_eps,roe,roa,operating_profit_to_net_sales,operating_profit_to_revenue,total_assets,net_assets,equity_ratio,bps,owner_equity,operating_cash_flow,investing_cash_flow,financing_cash_flow,cash,dividend_per_share,payout_ratio,commemorative_dividend,extra_dividend,number_of_shares,number_of_treqsury_shares,avg_number_of_shares,is_consolidated,is_forecast,duration,period_start,period_end,period_pos
2015-05-12,45280,2015-03-31,,,,,,,,14794000000,-0.440,,,,12976000000,,122.40,,,,,,524588000000,,,,,31579000000,-12756000000,-19603000000,,,1.471,,,,,,true,false,12,2014-04-01,2015-03-31,0
2015-05-12,45280,2014-03-31,,,,,,,,26429000000,-0.118,,,,20344000000,,191.90,,,,,,486141000000,,,,,28422000000,6926000000,-19636000000,,,0.938,,,,,,true,false,12,2013-04-01,2014-03-31,-1
2015-05-12,45280,2016-03-31,,,,,,,,7500000000,1.478,,,,6200000000,,58.49,,,,,,,,,,,,,,,,,,,,,,true,true,6,2015-04-01,2015-09-30,1
2015-05-12,45280,2016-03-31,,,,,,,,14000000000,-0.054,,,,11600000000,,109.43,,,,,,,,,,,,,,,,1.645,,,,,,true,true,12,2015-04-01,2016-03-31,1
2015-05-12,45280,2014-03-31,,,,,,,,,,,,,,,,,,,,,,,,,,,,,,180.00,,,,117847500,11836546,106014250,false,false,12,2013-04-01,2014-03-31,-1
2015-05-12,45280,2015-03-31,,,,,,,,,,,,,,,,,,,,,,,,,,,,,,180.00,,,,117847500,11839742,106009606,false,false,12,2014-04-01,2015-03-31,0
2015-05-12,45280,2016-03-31,,,,,,,,,,,,,,,,,,,,,,,,,,,,,,180.00,,,,,,,false,true,12,2015-04-01,2016-03-31,1
2015-08-04,45280,2016-03-31,1,,,,,,,11674000000,3.204,,,,9453000000,,89.17,,,,,,527832000000,,,,,,,,,,,,,,,,true,false,3,2015-04-01,2015-06-30,0
2015-08-04,45280,2015-03-31,1,,,,,,,2777000000,-0.726,,,,2908000000,,27.43,,,,,,,,,,,,,,,,,,,,,,true,false,3,2014-04-01,2014-06-30,-1
2015-08-04,45280,2016-03-31,1,,,,,,,7500000000,1.478,,,,6200000000,,58.49,,,,,,,,,,,,,,,,,,,,,,true,true,6,2015-04-01,2015-09-30,0
2015-08-04,45280,2016-03-31,1,,,,,,,14000000000,-0.054,,,,11600000000,,109.43,,,,,,,,,,,,,,,,,,,,,,true,true,12,2015-04-01,2016-03-31,0
2015-08-04,45280,2015-03-31,1,,,,,,,,,,,,,,,,,,,,524588000000,,,,,,,,,,,,,,,,true,false,12,2014-04-01,2015-03-31,-1
2015-08-04,45280,2015-03-31,1,,,,,,,,,,,,,,,,,,,,,,,,,,,,,180.00,,,,117847500,11839742,,false,false,12,2014-04-01,2015-03-31,-1
2015-08-04,45280,2016-03-31,1,,,,,,,,,,,,,,,,,,,,,,,,,,,,,180.00,,,,,,,false,true,12,2015-04-01,2016-03-31,0
2015-08-04,45280,2016-03-31,1,,,,,,,,,,,,,,,,,,,,,,,,,,,,,,,,,117847500,11840265,106007458,false,false,3,2015-04-01,2015-06-30,0
2015-08-04,45280,2015-03-31,1,,,,,,,,,,,,,,,,,,,,,,,,,,,,,,,,,,,106010725,false,false,3,2014-04-01,2014-06-30,-1
2015-10-26,45280,2016-03-31,,,,,,,,14500000000,0.933,,,,11900000000,,112.26,,,,,,,,,,,,,,,,,,,,,,true,true,6,2015-04-01,2015-09-30,0
2015-10-26,45280,2015-03-31,,,,,,,,3026000000,,,,,3281000000,,30.95,,,,,,,,,,,,,,,,,,,,,,true,false,6,2014-04-01,2014-09-30,-1
2015-11-04,45280,2016-03-31,2,,,,,,,14404000000,3.760,,,,11873000000,,112.01,112.00,,,,,516637000000,,,,,,,,,,,,,,,,true,false,6,2015-04-01,2015-09-30,0
2015-11-04,45280,2015-03-31,2,,,,,,,3026000000,-0.799,,,,3281000000,,30.95,,,,,,,,,,,,,,,,,,,,,,true,false,6,2014-04-01,2014-09-30,-1
2015-11-04,45280,2016-03-31,2,,,,,,,15200000000,0.027,,,,13100000000,,123.58,,,,,,,,,,,,,,,,,,,,,,true,true,12,2015-04-01,2016-03-31,0
2015-11-04,45280,2015-03-31,2,,,,,,,,,,,,,,,,,,,,524588000000,,,,,,,,,,,,,,,,true,false,12,2014-04-01,2015-03-31,-1
2015-11-04,45280,2015-03-31,2,,,,,,,,,,,,,,,,,,,,,,,,,,,,,180.00,,,,117847500,11839742,,false,false,12,2014-04-01,2015-03-31,-1
2015-11-04,45280,2016-03-31,2,,,,,,,,,,,,,,,,,,,,,,,,,,,,,90.00,,,,,,,false,false,12,2015-04-01,2016-03-31,0
2015-11-04,45280,2016-03-31,2,,,,,,,,,,,,,,,,,,,,,,,,,,,,,180.00,,,,,,,false,true,12,2015-04-01,2016-03-31,0
2015-11-04,45280,2016-03-31,2,,,,,,,,,,,,,,,,,,,,,,,,,,,,,,,,,117847500,11840805,106007205,false,false,6,2015-04-01,2015-09-30,0
2015-11-04,45280,2015-03-31,2,,,,,,,,,,,,,,,,,,,,,,,,,,,,,,,,,,,106010461,false,false,6,2014-04-01,2014-09-30,-1
2016-02-02,45280,2016-03-31,3,,,,,,,22324000000,0.355,,,,19181000000,,180.95,180.94,,,,,531365000000,,,,,,,,,,,,,,,,true,false,9,2015-04-01,2015-12-31,0
2016-02-02,45280,2015-03-31,3,,,,,,,16474000000,-0.356,,,,15708000000,,148.17,,,,,,,,,,,,,,,,,,,,,,true,false,9,2014-04-01,2014-12-31,-1
2016-02-02,45280,2016-03-31,3,,,,,,,24000000000,0.622,,,,18600000000,,175.46,,,,,,,,,,,,,,,,,,,,,,true,true,12,2015-04-01,2016-03-31,0
2016-02-02,45280,2015-03-31,3,,,,,,,,,,,,,,,,,,,,524588000000,,,,,,,,,,,,,,,,true,false,12,2014-04-01,2015-03-31,-1
2016-02-02,45280,2015-03-31,3,,,,,,,,,,,,,,,,,,,,,,,,,,,,,180.00,,,,117847500,11839742,,false,false,12,2014-04-01,2015-03-31,-1
2016-02-02,45280,2016-03-31,3,,,,,,,,,,,,,,,,,,,,,,,,,,,,,90.00,,,,,,,false,false,12,2015-04-01,2016-03-31,0
2016-02-02,45280,2016-03-31,3,,,,,,,,,,,,,,,,,,,,,,,,,,,,,180.00,,,,,,,false,true,12,2015-04-01,2016-03-31,0
2016-02-02,45280,2016-03-31,3,,,,,,,,,,,,,,,,,,,,,,,,,,,,,,,,,117847500,11842116,106006834,false,false,9,2015-04-01,2015-12-31,0
2016-02-02,45280,2015-03-31,3,,,,,,,,,,,,,,,,,,,,,,,,,,,,,,,,,,,106010047,false,false,9,2014-04-01,2014-12-31,-1
2016-02-02,45280,2016-03-31,,,,,,,,24000000000,0.579,,,,18600000000,,175.46,,,,,,,,,,,,,,,,,,,,,,true,true,12,2015-04-01,2016-03-31,0
2016-02-02,45280,2015-03-31,,,,,,,,14794000000,,,,,12976000000,,122.40,,,,,,,,,,,,,,,,,,,,,,true,false,12,2014-04-01,2015-03-31,-1
2016-05-06,45280,2016-03-31,,159356000000,,,,22657000000,,,,24460000000,,20775000000,,,39.19,,,,,,,,,,,,,,,,,,,,,,false,true,12,2015-04-01,2016-03-31,0
2016-05-06,45280,2015-03-31,,134982000000,,,,12941000000,,,,13195000000,,9304000000,,,17.55,,,,,,,,,,,,,,,,,,,,,,false,false,12,2014-04-01,2015-03-31,-1
2016-05-06,45280,2016-03-31,,,,,,,,30000000000,0.250,,,,25000000000,,47.17,,,,,,,,,,,,,,,,,,,,,,true,true,12,2015-04-01,2016-03-31,0
2016-05-06,45280,2015-03-31,,,,,,,,14794000000,,,,,12976000000,,24.48,,,,,,,,,,,,,,,,,,,,,,true,false,12,2014-04-01,2015-03-31,-1
2016-05-11,45280,2016-03-31,,,,,,,,30507000000,1.062,,,,24979000000,,47.13,47.13,,,,,540450000000,,,,,12842000000,13037000000,-19465000000,,,0.764,,,,,,true,false,12,2015-04-01,2016-03-31,0
2016-05-11,45280,2015-03-31,,,,,,,,14794000000,-0.440,,,,12976000000,,24.48,,,,,,524588000000,,,,,31579000000,-12756000000,-19603000000,,,1.471,,,,,,true,false,12,2014-04-01,2015-03-31,-1
2016-05-11,45280,2017-03-31,,,,,,,,27500000000,0.909,,,,21500000000,,40.56,,,,,,,,,,,,,,,,,,,,,,true,true,6,2016-04-01,2016-09-30,1
2016-05-11,45280,2017-03-31,,,,,,,,72500000000,1.376,,,,55800000000,,105.28,,,,,,,,,,,,,,,,0.380,,,,,,true,true,12,2016-04-01,2017-03-31,1
2016-05-11,45280,2015-03-31,,,,,,,,,,,,,,,,,,,,,,,,,,,,,,180.00,,,,589237500,59198712,530048031,false,false,12,2014-04-01,2015-03-31,-1
2016-05-11,45280,2016-03-31,,,,,,,,,,,,,,,,,,,,,,,,,,,,,,180.00,,,,589237500,59213137,530032022,false,false,12,2015-04-01,2016-03-31,0
2016-05-11,45280,2017-03-31,,,,,,,,,,,,,,,,,,,,,,,,,,,,,,40.00,,,,,,,false,true,12,2016-04-01,2017-03-31,1
2016-08-02,45280,2017-03-31,1,,,,,,,17244000000,0.477,,,,13680000000,,25.81,25.81,,,,,540405000000,,,,,,,,,,,,,,,,true,false,3,2016-04-01,2016-06-30,0
2016-08-02,45280,2016-03-31,1,,,,,,,11674000000,3.204,,,,9453000000,,17.83,,,,,,,,,,,,,,,,,,,,,,true,false,3,2015-04-01,2015-06-30,-1
2016-08-02,45280,2017-03-31,1,,,,,,,27500000000,0.909,,,,21500000000,,40.56,,,,,,,,,,,,,,,,,,,,,,true,true,6,2016-04-01,2016-09-30,0
2016-08-02,45280,2017-03-31,1,,,,,,,72500000000,1.376,,,,55800000000,,105.28,,,,,,,,,,,,,,,,,,,,,,true,true,12,2016-04-01,2017-03-31,0
2016-08-02,45280,2016-03-31,1,,,,,,,,,,,,,,,,,,,,540450000000,,,,,,,,,,,,,,,,true,false,12,2015-04-01,2016-03-31,-1
2016-08-02,45280,2016-03-31,1,,,,,,,,,,,,,,,,,,,,,,,,,,,,,180.00,,,,589237500,59213137,,false,false,12,2015-04-01,2016-03-31,-1
2016-08-02,45280,2017-03-31,1,,,,,,,,,,,,,,,,,,,,,,,,,,,,,40.00,,,,,,,false,true,12,2016-04-01,2017-03-31,0
2016-08-02,45280,2017-03-31,1,,,,,,,,,,,,,,,,,,,,,,,,,,,,,,,,,589237500,59217366,530021268,false,false,3,2016-04-01,2016-06-30,0
2016-08-02,45280,2016-03-31,1,,,,,,,,,,,,,,,,,,,,,,,,,,,,,,,,,,,530037289,false,false,3,2015-04-01,2015-06-30,-1
2016-11-07,45280,2017-03-31,2,,,,,,,30135000000,1.092,,,,23119000000,,43.62,43.62,,,,,557753000000,,,,,,,,,,,,,,,,true,false,6,2016-04-01,2016-09-30,0
2016-11-07,45280,2016-03-31,2,,,,,,,14404000000,3.760,,,,11873000000,,22.40,22.40,,,,,,,,,,,,,,,,,,,,,true,false,6,2015-04-01,2015-09-30,-1
2016-11-07,45280,2017-03-31,2,,,,,,,72500000000,1.376,,,,55800000000,,105.28,,,,,,,,,,,,,,,,,,,,,,true,true,12,2016-04-01,2017-03-31,0
2016-11-07,45280,2016-03-31,2,,,,,,,,,,,,,,,,,,,,540450000000,,,,,,,,,,,,,,,,true,false,12,2015-04-01,2016-03-31,-1
2016-11-07,45280,2016-03-31,2,,,,,,,,,,,,,,,,,,,,,,,,,,,,,180.00,,,,589237500,59213137,,false,false,12,2015-04-01,2016-03-31,-1
2016-11-07,45280,2017-03-31,2,,,,,,,,,,,,,,,,,,,,,,,,,,,,,20.00,,,,,,,false,false,12,2016-04-01,2017-03-31,0
2016-11-07,45280,2017-03-31,2,,,,,,,,,,,,,,,,,,,,,,,,,,,,,40.00,,,,,,,false,true,12,2016-04-01,2017-03-31,0
2016-11-07,45280,2017-03-31,2,,,,,,,,,,,,,,,,,,,,,,,,,,,,,,,,,589237500,59217657,530020716,false,false,6,2016-04-01,2016-09-30,0
2016-11-07,45280,2016-03-31,2,,,,,,,,,,,,,,,,,,,,,,,,,,,,,,,,,,,530036027,false,false,6,2015-04-01,2015-09-30,-1
2016-12-21,45280,2017-03-31,,,,,,,,54000000000,-0.255,,,,41800000000,,78.86,,,,,,,,,,,,,,,,,,,,,,true,true,12,2016-04-01,2017-03-31,0
2016-12-21,45280,2016-03-31,,,,,,,,30507000000,,,,,24979000000,,47.13,,,,,,,,,,,,,,,,,,,,,,true,false,12,2015-04-01,2016-03-31,-1
2017-02-02,45280,2017-03-31,3,,,,,,,53303000000,1.388,,,,42472000000,,80.13,80.13,,,,,583405000000,,,,,,,,,,,,,,,,true,false,9,2016-04-01,2016-12-31,0
2017-02-02,45280,2016-03-31,3,,,,,,,22324000000,0.355,,,,19181000000,,36.19,36.19,,,,,,,,,,,,,,,,,,,,,true,false,9,2015-04-01,2015-12-31,-1
2017-02-02,45280,2017-03-31,3,,,,,,,68500000000,1.245,,,,52300000000,,98.68,,,,,,,,,,,,,,,,,,,,,,true,true,12,2016-04-01,2017-03-31,0
2017-02-02,45280,2016-03-31,3,,,,,,,,,,,,,,,,,,,,540450000000,,,,,,,,,,,,,,,,true,false,12,2015-04-01,2016-03-31,-1
2017-02-02,45280,2016-03-31,3,,,,,,,,,,,,,,,,,,,,,,,,,,,,,180.00,,,,589237500,59213137,,false,false,12,2015-04-01,2016-03-31,-1
2017-02-02,45280,2017-03-31,3,,,,,,,,,,,,,,,,,,,,,,,,,,,,,20.00,,,,,,,false,false,12,2016-04-01,2017-03-31,0
2017-02-02,45280,2017-03-31,3,,,,,,,,,,,,,,,,,,,,,,,,,,,,,40.00,,,,,,,false,true,12,2016-04-01,2017-03-31,0
2017-02-02,45280,2017-03-31,3,,,,,,,,,,,,,,,,,,,,,,,,,,,,,,,,,589237500,59217987,530020386,false,false,9,2016-04-01,2016-12-31,0
2017-02-02,45280,2016-03-31,3,,,,,,,,,,,,,,,,,,,,,,,,,,,,,,,,,,,530034169,false,false,9,2015-04-01,2015-12-31,-1
2017-05-11,45280,2017-03-31,,,,,,,,72284000000,1.369,,,,55793000000,,105.27,105.26,,,,,617461000000,,,,,74450000000,-17989000000,-20552000000,,,0.380,,,,,,true,false,12,2016-04-01,2017-03-31,0
2017-05-11,45280,2016-03-31,,,,,,,,30507000000,1.062,,,,24979000000,,47.13,47.13,,,,,540450000000,,,,,12842000000,13037000000,-19465000000,,,0.764,,,,,,true,false,12,2015-04-01,2016-03-31,-1
2017-05-11,45280,2018-03-31,,,,,,,,13200000000,-0.562,,,,10700000000,,20.19,,,,,,,,,,,,,,,,,,,,,,true,true,6,2017-04-01,2017-09-30,1
2017-05-11,45280,2018-03-31,,,,,,,,36500000000,-0.495,,,,29000000000,,54.72,,,,,,,,,,,,,,,,0.822,,,,,,true,true,12,2017-04-01,2018-03-31,1
2017-05-11,45280,2016-03-31,,,,,,,,,,,,,,,,,,,,,,,,,,,,,,180.00,,,,589237500,59213137,530032022,false,false,12,2015-04-01,2016-03-31,-1
2017-05-11,45280,2017-03-31,,,,,,,,,,,,,,,,,,,,,,,,,,,,,,40.00,,,,589237500,59218371,530020126,false,false,12,2016-04-01,2017-03-31,0
2017-05-11,45280,2018-03-31,,,,,,,,,,,,,,,,,,,,,,,,,,,,,,45.00,,,,,,,false,true,12,2017-04-01,2018-03-31,1
2017-08-02,45280,2018-03-31,1,,,,,,,14275000000,-0.172,,,,11774000000,,22.31,22.31,,,,,577330000000,,,,,,,,,,,,,,,,true,false,3,2017-04-01,2017-06-30,0
2017-08-02,45280,2017-03-31,1,,,,,,,17244000000,0.477,,,,13680000000,,25.81,25.81,,,,,,,,,,,,,,,,,,,,,true,false,3,2016-04-01,2016-06-30,-1
2017-08-02,45280,2018-03-31,1,,,,,,,13200000000,-0.562,,,,10700000000,,20.19,,,,,,,,,,,,,,,,,,,,,,true,true,6,2017-04-01,2017-09-30,0
2017-08-02,45280,2018-03-31,1,,,,,,,36500000000,-0.495,,,,29000000000,,54.72,,,,,,,,,,,,,,,,,,,,,,true,true,12,2017-04-01,2018-03-31,0
2017-08-02,45280,2017-03-31,1,,,,,,,,,,,,,,,,,,,,617461000000,,,,,,,,,,,,,,,,true,false,12,2016-04-01,2017-03-31,-1
2017-08-02,45280,2017-03-31,1,,,,,,,,,,,,,,,,,,,,,,,,,,,,,40.00,,,,589237500,59218371,,false,false,12,2016-04-01,2017-03-31,-1
2017-08-02,45280,2018-03-31,1,,,,,,,,,,,,,,,,,,,,,,,,,,,,,45.00,,,,,,,false,true,12,2017-04-01,2018-03-31,0
2017-08-02,45280,2018-03-31,1,,,,,,,,,,,,,,,,,,,,,,,,,,,,,,,,,589237500,68471526,527705776,false,false,3,2017-04-01,2017-06-30,0
2017-08-02,45280,2017-03-31,1,,,,,,,,,,,,,,,,,,,,,,,,,,,,,,,,,,,530021268,false,false,3,2016-04-01,2016-06-30,-1
2017-10-26,45280,2018-03-31,,,,,,,,26700000000,1.023,,,,21200000000,,40.61,,,,,,,,,,,,,,,,,,,,,,true,true,6,2017-04-01,2017-09-30,0
2017-10-26,45280,2017-03-31,,,,,,,,30135000000,,,,,23119000000,,43.62,,,,,,,,,,,,,,,,,,,,,,true,false,6,2016-04-01,2016-09-30,-1
2017-11-06,45280,2018-03-31,2,,,,,,,26789000000,-0.111,,,,21210000000,,40.63,40.63,,,,,576599000000,,,,,,,,,,,,,,,,true,false,6,2017-04-01,2017-09-30,0
2017-11-06,45280,2017-03-31,2,,,,,,,30135000000,1.092,,,,23119000000,,43.62,43.62,,,,,,,,,,,,,,,,,,,,,true,false,6,2016-04-01,2016-09-30,-1
2017-11-06,45280,2018-03-31,2,,,,,,,50000000000,-0.308,,,,39500000000,,75.66,,,,,,,,,,,,,,,,,,,,,,true,true,12,2017-04-01,2018-03-31,0
2017-11-06,45280,2017-03-31,2,,,,,,,,,,,,,,,,,,,,617461000000,,,,,,,,,,,,,,,,true,false,12,2016-04-01,2017-03-31,-1
2017-11-06,45280,2017-03-31,2,,,,,,,,,,,,,,,,,,,,,,,,,,,,,40.00,,,,589237500,59218371,,false,false,12,2016-04-01,2017-03-31,-1
2017-11-06,45280,2018-03-31,2,,,,,,,,,,,,,,,,,,,,,,,,,,,,,25.00,,,,,,,false,false,12,2017-04-01,2018-03-31,0
2017-11-06,45280,2018-03-31,2,,,,,,,,,,,,,,,,,,,,,,,,,,,,,45.00,,,,,,,false,true,12,2017-04-01,2018-03-31,0
2017-11-06,45280,2018-03-31,2,,,,,,,,,,,,,,,,,,,,,,,,,,,,,,,,,589237500,75115292,522049985,false,false,6,2017-04-01,2017-09-30,0
2017-11-06,45280,2017-03-31,2,,,,,,,,,,,,,,,,,,,,,,,,,,,,,,,,,,,530020716,false,false,6,2016-04-01,2016-09-30,-1
2018-02-02,45280,2018-03-31,3,,,,,,,52191000000,-0.021,,,,41439000000,,79.74,79.74,,,,,596208000000,,,,,,,,,,,,,,,,true,false,9,2017-04-01,2017-12-31,0
2018-02-02,45280,2017-03-31,3,,,,,,,53303000000,1.388,,,,42472000000,,80.13,80.13,,,,,,,,,,,,,,,,,,,,,true,false,9,2016-04-01,2016-12-31,-1
2018-02-02,45280,2018-03-31,3,,,,,,,54500000000,-0.246,,,,43000000000,,82.74,,,,,,,,,,,,,,,,,,,,,,true,true,12,2017-04-01,2018-03-31,0
2018-02-02,45280,2017-03-31,3,,,,,,,,,,,,,,,,,,,,617461000000,,,,,,,,,,,,,,,,true,false,12,2016-04-01,2017-03-31,-1
2018-02-02,45280,2017-03-31,3,,,,,,,,,,,,,,,,,,,,,,,,,,,,,40.00,,,,589237500,59218371,,false,false,12,2016-04-01,2017-03-31,-1
2018-02-02,45280,2018-03-31,3,,,,,,,,,,,,,,,,,,,,,,,,,,,,,25.00,,,,,,,false,false,12,2017-04-01,2018-03-31,0
2018-02-02,45280,2018-03-31,3,,,,,,,,,,,,,,,,,,,,,,,,,,,,,45.00,,,,,,,false,true,12,2017-04-01,2018-03-31,0
2018-02-02,45280,2018-03-31,3,,,,,,,,,,,,,,,,,,,,,,,,,,,,,,,,,543341400,29219559,519671572,false,false,9,2017-04-01,2017-12-31,0
2018-02-02,45280,2017-03-31,3,,,,,,,,,,,,,,,,,,,,,,,,,,,,,,,,,,,530020386,false,false,9,2016-04-01,2016-12-31,-1
2018-05-10,45280,2018-03-31,,261836000000,0.070,,,,,60684000000,-0.160,,,,50284000000,,97.00,96.99,,,0.232,,609226000000,,,,,15727000000,-34189000000,-62549000000,,,0.464,,,,,,true,false,12,2017-04-01,2018-03-31,0
2018-05-10,45280,2017-03-31,,244797000000,0.527,,,,,72284000000,1.369,,,,55793000000,,105.27,105.26,,,0.295,,617461000000,,,,,74450000000,-17989000000,-20552000000,,,0.380,,,,,,true,false,12,2016-04-01,2017-03-31,-1
2018-05-10,45280,2019-03-31,,134500000000,0.107,,,,,28500000000,0.064,,,,23000000000,,44.74,,,,,,,,,,,,,,,,,,,,,,true,true,6,2018-04-01,2018-09-30,1
2018-05-10,45280,2019-03-31,,277000000000,0.058,,,,,61500000000,0.013,,,,50500000000,,98.23,,,,,,,,,,,,,,,,0.458,,,,,,true,true,12,2018-04-01,2019-03-31,1
2018-05-10,45280,2017-03-31,,,,,,,,,,,,,,,,,,,,,,,,,,,,,,40.00,,,,589237500,59218371,530020126,false,false,12,2016-04-01,2017-03-31,-1
2018-05-10,45280,2018-03-31,,,,,,,,,,,,,,,,,,,,,,,,,,,,,,45.00,,,,543341400,29219787,518390834,false,false,12,2017-04-01,2018-03-31,0
2018-05-10,45280,2019-03-31,,,,,,,,,,,,,,,,,,,,,,,,,,,,,,45.00,,,,,,,false,true,12,2018-04-01,2019-03-31,1
2018-08-01,45280,2019-03-31,1,,,,,,,17980000000,0.260,,,,15236000000,,29.64,29.63,,,,,618659000000,,,,,,,,,,,,,,,,true,false,3,2018-04-01,2018-06-30,0
2018-08-01,45280,2018-03-31,1,,,,,,,14275000000,-0.172,,,,11774000000,,22.31,22.31,,,,,,,,,,,,,,,,,,,,,true,false,3,2017-04-01,2017-06-30,-1
2018-08-01,45280,2019-03-31,1,,,,,,,28500000000,0.064,,,,23000000000,,44.74,,,,,,,,,,,,,,,,,,,,,,true,true,6,2018-04-01,2018-09-30,0
2018-08-01,45280,2019-03-31,1,,,,,,,61500000000,0.013,,,,50500000000,,98.23,,,,,,,,,,,,,,,,,,,,,,true,true,12,2018-04-01,2019-03-31,0
2018-08-01,45280,2018-03-31,1,,,,,,,,,,,,,,,,,,,,609226000000,,,,,,,,,,,,,,,,true,false,12,2017-04-01,2018-03-31,-1
2018-08-01,45280,2018-03-31,1,,,,,,,,,,,,,,,,,,,,,,,,,,,,,45.00,,,,543341400,29219787,,false,false,12,2017-04-01,2018-03-31,-1
2018-08-01,45280,2019-03-31,1,,,,,,,,,,,,,,,,,,,,,,,,,,,,,45.00,,,,,,,false,true,12,2018-04-01,2019-03-31,0
2018-08-01,45280,2019-03-31,1,,,,,,,,,,,,,,,,,,,,,,,,,,,,,,,,,543341400,29220085,514121453,false,false,3,2018-04-01,2018-06-30,0
2018-08-01,45280,2018-03-31,1,,,,,,,,,,,,,,,,,,,,,,,,,,,,,,,,,,,527705776,false,false,3,2017-04-01,2017-06-30,-1
2018-11-01,45280,2019-03-31,2,,,,,,,35151000000,0.312,,,,28845000000,,56.11,56.10,,,,,640193000000,,,,,,,,,,,,,,,,true,false,6,2018-04-01,2018-09-30,0
2018-11-01,45280,2018-03-31,2,,,,,,,26789000000,-0.111,,,,21210000000,,40.63,40.63,,,,,,,,,,,,,,,,,,,,,true,false,6,2017-04-01,2017-09-30,-1
2018-11-01,45280,2019-03-31,2,,,,,,,63500000000,0.046,,,,52000000000,,101.14,,,,,,,,,,,,,,,,,,,,,,true,true,12,2018-04-01,2019-03-31,0
2018-11-01,45280,2018-03-31,2,,,,,,,,,,,,,,,,,,,,609226000000,,,,,,,,,,,,,,,,true,false,12,2017-04-01,2018-03-31,-1
2018-11-01,45280,2018-03-31,2,,,,,,,,,,,,,,,,,,,,,,,,,,,,,45.00,,,,543341400,29219787,,false,false,12,2017-04-01,2018-03-31,-1
2018-11-01,45280,2019-03-31,2,,,,,,,,,,,,,,,,,,,,,,,,,,,,,22.50,,,,,,,false,false,12,2018-04-01,2019-03-31,0
2018-11-01,45280,2019-03-31,2,,,,,,,,,,,,,,,,,,,,,,,,,,,,,45.00,,,,,,,false,true,12,2018-04-01,2019-03-31,0
2018-11-01,45280,2019-03-31,2,,,,,,,,,,,,,,,,,,,,,,,,,,,,,,,,,543341400,29220397,514121317,false,false,6,2018-04-01,2018-09-30,0
2018-11-01,45280,2018-03-31,2,,,,,,,,,,,,,,,,,,,,,,,,,,,,,,,,,,,522049985,false,false,6,2017-04-01,2017-09-30,-1
2019-02-01,45280,2019-03-31,3,,,,,,,52146000000,-0.001,,,,43133000000,,83.90,83.89,,,,,629398000000,,,,,,,,,,,,,,,,true,false,9,2018-04-01,2018-12-31,0
2019-02-01,45280,2018-03-31,3,,,,,,,52191000000,-0.021,,,,41439000000,,79.74,79.74,,,,,,,,,,,,,,,,,,,,,true,false,9,2017-04-01,2017-12-31,-1
2019-02-01,45280,2019-03-31,3,,,,,,,63500000000,0.046,,,,52000000000,,101.14,,,,,,,,,,,,,,,,,,,,,,true,true,12,2018-04-01,2019-03-31,0
2019-02-01,45280,2018-03-31,3,,,,,,,,,,,,,,,,,,,,609226000000,,,,,,,,,,,,,,,,true,false,12,2017-04-01,2018-03-31,-1
2019-02-01,45280,2018-03-31,3,,,,,,,,,,,,,,,,,,,,,,,,,,,,,45.00,,,,543341400,29219787,,false,false,12,2017-04-01,2018-03-31,-1
2019-02-01,45280,2019-03-31,3,,,,,,,,,,,,,,,,,,,,,,,,,,,,,22.50,,,,,,,false,false,12,2018-04-01,2019-03-31,0
2019-02-01,45280,2019-03-31,3,,,,,,,,,,,,,,,,,,,,,,,,,,,,,45.00,,,,,,,false,true,12,2018-04-01,2019-03-31,0
2019-02-01,45280,2019-03-31,3,,,,,,,,,,,,,,,,,,,,,,,,,,,,,,,,,543341400,29220621,514121174,false,false,9,2018-04-01,2018-12-31,0
2019-02-01,45280,2018-03-31,3,,,,,,,,,,,,,,,,,,,,,,,,,,,,,,,,,,,519671572,false,false,9,2017-04-01,2017-12-31,-1
2019-05-09,45280,2019-03-31,,288634000000,0.102,,,,,62010000000,0.022,,,,51539000000,,100.25,100.24,,,0.215,,655056000000,,,,,66774000000,-49763000000,-22279000000,,,0.449,,,,,,true,false,12,2018-04-01,2019-03-31,0
2019-05-09,45280,2018-03-31,,261836000000,0.070,,,,,60684000000,-0.160,,,,50284000000,,97.00,96.99,,,0.232,,609226000000,,,,,15727000000,-34189000000,-62549000000,,,0.464,,,,,,true,false,12,2017-04-01,2018-03-31,-1
2019-05-09,45280,2020-03-31,,,,,,,,67000000000,0.080,,,,53000000000,,103.09,,,,,,,,,,,,,,,,0.437,,,,,,true,true,12,2019-04-01,2020-03-31,1
2019-05-09,45280,2018-03-31,,,,,,,,,,,,,,,,,,,,,,,,,,,,,,45.00,,,,543341400,29219787,518390834,false,false,12,2017-04-01,2018-03-31,-1
2019-05-09,45280,2019-03-31,,,,,,,,,,,,,,,,,,,,,,,,,,,,,,45.00,,,,543341400,29220860,514121049,false,false,12,2018-04-01,2019-03-31,0
2019-05-09,45280,2020-03-31,,,,,,,,,,,,,,,,,,,,,,,,,,,,,,45.00,,,,,,,false,true,12,2019-04-01,2020-03-31,1
2019-08-01,45280,2020-03-31,1,,,,,,,19980000000,0.111,,,,16330000000,,31.84,31.84,,,,,641060000000,,,,,,,,,,,,,,,,true,false,3,2019-04-01,2019-06-30,0
2019-08-01,45280,2019-03-31,1,,,,,,,17980000000,0.260,,,,15236000000,,29.64,29.63,,,,,,,,,,,,,,,,,,,,,true,false,3,2018-04-01,2018-06-30,-1
2019-08-01,45280,2020-03-31,1,,,,,,,67000000000,0.080,,,,53000000000,,103.09,,,,,,,,,,,,,,,,,,,,,,true,true,12,2019-04-01,2020-03-31,0
2019-08-01,45280,2019-03-31,1,,,,,,,,,,,,,,,,,,,,655056000000,,,,,,,,,,,,,,,,true,false,12,2018-04-01,2019-03-31,-1
2019-08-01,45280,2019-03-31,1,,,,,,,,,,,,,,,,,,,,,,,,,,,,,45.00,,,,543341400,29220860,,false,false,12,2018-04-01,2019-03-31,-1
2019-08-01,45280,2020-03-31,1,,,,,,,,,,,,,,,,,,,,,,,,,,,,,45.00,,,,,,,false,true,12,2019-04-01,2020-03-31,0
2019-08-01,45280,2020-03-31,1,,,,,,,,,,,,,,,,,,,,,,,,,,,,,,,,,543341400,34353576,512837304,false,false,3,2019-04-01,2019-06-30,0
2019-08-01,45280,2019-03-31,1,,,,,,,,,,,,,,,,,,,,,,,,,,,,,,,,,,,514121453,false,false,3,2018-04-01,2018-06-30,-1
2019-10-31,45280,2020-03-31,2,,,,,,,41878000000,0.191,,,,32816000000,,64.58,64.57,,,,,642125000000,,,,,,,,,,,,,,,,true,false,6,2019-04-01,2019-09-30,0
2019-10-31,45280,2019-03-31,2,,,,,,,35151000000,0.312,,,,28845000000,,56.11,56.10,,,,,,,,,,,,,,,,,,,,,true,false,6,2018-04-01,2018-09-30,-1
2019-10-31,45280,2020-03-31,2,,,,,,,67000000000,0.080,,,,53000000000,,103.09,,,,,,,,,,,,,,,,,,,,,,true,true,12,2019-04-01,2020-03-31,0
2019-10-31,45280,2019-03-31,2,,,,,,,,,,,,,,,,,,,,655056000000,,,,,,,,,,,,,,,,true,false,12,2018-04-01,2019-03-31,-1
2019-10-31,45280,2019-03-31,2,,,,,,,,,,,,,,,,,,,,,,,,,,,,,45.00,,,,543341400,29220860,,false,false,12,2018-04-01,2019-03-31,-1
2019-10-31,45280,2020-03-31,2,,,,,,,,,,,,,,,,,,,,,,,,,,,,,22.50,,,,,,,false,false,12,2019-04-01,2020-03-31,0
2019-10-31,45280,2020-03-31,2,,,,,,,,,,,,,,,,,,,,,,,,,,,,,45.00,,,,,,,false,true,12,2019-04-01,2020-03-31,0
2019-10-31,45280,2020-03-31,2,,,,,,,,,,,,,,,,,,,,,,,,,,,,,,,,,543341400,44221542,508137292,false,false,6,2019-04-01,2019-09-30,0
2019-10-31,45280,2019-03-31,2,,,,,,,,,,,,,,,,,,,,,,,,,,,,,,,,,,,514121317,false,false,6,2018-04-01,2018-09-30,-1
2020-01-31,45280,2020-03-31,3,,,,,,,66045000000,0.267,,,,51827000000,,102.54,102.53,,,,,659217000000,,,,,,,,,,,,,,,,true,false,9,2019-04-01,2019-12-31,0
2020-01-31,45280,2019-03-31,3,,,,,,,52146000000,-0.001,,,,43133000000,,83.90,83.89,,,,,,,,,,,,,,,,,,,,,true,false,9,2018-04-01,2018-12-31,-1
2020-01-31,45280,2020-03-31,3,,,,,,,71000000000,0.145,,,,55000000000,,108.82,,,,,,,,,,,,,,,,,,,,,,true,true,12,2019-04-01,2020-03-31,0
2020-01-31,45280,2019-03-31,3,,,,,,,,,,,,,,,,,,,,655056000000,,,,,,,,,,,,,,,,true,false,12,2018-04-01,2019-03-31,-1
2020-01-31,45280,2019-03-31,3,,,,,,,,,,,,,,,,,,,,,,,,,,,,,45.00,,,,543341400,29220860,,false,false,12,2018-04-01,2019-03-31,-1
2020-01-31,45280,2020-03-31,3,,,,,,,,,,,,,,,,,,,,,,,,,,,,,22.50,,,,,,,false,false,12,2019-04-01,2020-03-31,0
2020-01-31,45280,2020-03-31,3,,,,,,,,,,,,,,,,,,,,,,,,,,,,,45.00,,,,,,,false,true,12,2019-04-01,2020-03-31,0
2020-01-31,45280,2020-03-31,3,,,,,,,,,,,,,,,,,,,,,,,,,,,,,,,,,528341400,29221845,505432005,false,false,9,2019-04-01,2019-12-31,0
2020-01-31,45280,2019-03-31,3,,,,,,,,,,,,,,,,,,,,,,,,,,,,,,,,,,,514121174,false,false,9,2018-04-01,2018-12-31,-1
2020-05-12,45280,2020-03-31,,292420000000,0.013,,,,,77491000000,0.250,,,,59704000000,,118.47,118.45,,,0.265,,673444000000,,,,,74157000000,-10234000000,-54721000000,,,0.380,,,,,,true,false,12,2019-04-01,2020-03-31,0
2020-05-12,45280,2019-03-31,,288634000000,0.102,,,,,62010000000,0.022,,,,51539000000,,100.25,100.24,,,0.215,,655056000000,,,,,66774000000,-49763000000,-22279000000,,,0.449,,,,,,true,false,12,2018-04-01,2019-03-31,-1
2020-05-12,45280,2021-03-31,,,,,,,,80000000000,0.032,,,,61000000000,,121.04,,,,,,,,,,,,,,,,0.372,,,,,,true,true,12,2020-04-01,2021-03-31,1
2020-05-12,45280,2019-03-31,,,,,,,,,,,,,,,,,,,,,,,,,,,,,,45.00,,,,543341400,29220860,514121049,false,false,12,2018-04-01,2019-03-31,-1
2020-05-12,45280,2020-03-31,,,,,,,,,,,,,,,,,,,,,,,,,,,,,,45.00,,,,528341400,29222272,503975206,false,false,12,2019-04-01,2020-03-31,0
2020-05-12,45280,2021-03-31,,,,,,,,,,,,,,,,,,,,,,,,,,,,,,45.00,,,,,,,false,true,12,2020-04-01,2021-03-31,1
2020-07-31,45280,2021-03-31,1,,,,,,,27043000000,0.353,,,,21496000000,,43.07,43.06,,,,,678509000000,,,,,,,,,,,,,,,,true,false,3,2020-04-01,2020-06-30,0
2020-07-31,45280,2020-03-31,1,,,,,,,19980000000,0.111,,,,16330000000,,31.84,31.84,,,,,,,,,,,,,,,,,,,,,true,false,3,2019-04-01,2019-06-30,-1
2020-07-31,45280,2021-03-31,1,,,,,,,80000000000,0.032,,,,61000000000,,121.04,,,,,,,,,,,,,,,,,,,,,,true,true,12,2020-04-01,2021-03-31,0
2020-07-31,45280,2020-03-31,1,,,,,,,,,,,,,,,,,,,,673444000000,,,,,,,,,,,,,,,,true,false,12,2019-04-01,2020-03-31,-1
2020-07-31,45280,2020-03-31,1,,,,,,,,,,,,,,,,,,,,,,,,,,,,,45.00,,,,528341400,29222272,,false,false,12,2019-04-01,2020-03-31,-1
2020-07-31,45280,2021-03-31,1,,,,,,,,,,,,,,,,,,,,,,,,,,,,,45.00,,,,,,,false,true,12,2020-04-01,2021-03-31,0
2020-07-31,45280,2021-03-31,1,,,,,,,,,,,,,,,,,,,,,,,,,,,,,,,,,528341400,29198091,499125129,false,false,3,2020-04-01,2020-06-30,0
2020-07-31,45280,2020-03-31,1,,,,,,,,,,,,,,,,,,,,,,,,,,,,,,,,,,,512837304,false,false,3,2019-04-01,2019-06-30,-1
2020-10-29,45280,2021-03-31,2,,,,,,,52401000000,0.251,,,,39849000000,,79.84,79.83,,,,,706795000000,,,,,,,,,,,,,,,,true,false,6,2020-04-01,2020-09-30,0
2020-10-29,45280,2020-03-31,2,,,,,,,41878000000,0.191,,,,32816000000,,64.58,64.57,,,,,,,,,,,,,,,,,,,,,true,false,6,2019-04-01,2019-09-30,-1
2020-10-29,45280,2021-03-31,2,,,,,,,87000000000,0.123,,,,65000000000,,130.23,,,,,,,,,,,,,,,,,,,,,,true,true,12,2020-04-01,2021-03-31,0
2020-10-29,45280,2020-03-31,2,,,,,,,,,,,,,,,,,,,,673444000000,,,,,,,,,,,,,,,,true,false,12,2019-04-01,2020-03-31,-1
2020-10-29,45280,2020-03-31,2,,,,,,,,,,,,,,,,,,,,,,,,,,,,,45.00,,,,528341400,29222272,,false,false,12,2019-04-01,2020-03-31,-1
2020-10-29,45280,2021-03-31,2,,,,,,,,,,,,,,,,,,,,,,,,,,,,,22.50,,,,,,,false,false,12,2020-04-01,2021-03-31,0
2020-10-29,45280,2021-03-31,2,,,,,,,,,,,,,,,,,,,,,,,,,,,,,45.00,,,,,,,false,true,12,2020-04-01,2021-03-31,0
2020-10-29,45280,2021-03-31,2,,,,,,,,,,,,,,,,,,,,,,,,,,,,,,,,,528341400,29198575,499132780,false,false,6,2020-04-01,2020-09-30,0
2020-10-29,45280,2020-03-31,2,,,,,,,,,,,,,,,,,,,,,,,,,,,,,,,,,,,508137292,false,false,6,2019-04-01,2019-09-30,-1
2021-02-01,45280,2021-03-31,3,,,,,,,82189000000,0.244,,,,66487000000,,133.20,133.19,,,,,718991000000,,,,,,,,,,,,,,,,true,false,9,2020-04-01,2020-12-31,0
2021-02-01,45280,2020-03-31,3,,,,,,,66045000000,0.267,,,,51827000000,,102.54,102.53,,,,,,,,,,,,,,,,,,,,,true,false,9,2019-04-01,2019-12-31,-1
2021-02-01,45280,2021-03-31,3,,,,,,,94000000000,0.213,,,,74000000000,,148.26,,,,,,,,,,,,,,,,,,,,,,true,true,12,2020-04-01,2021-03-31,0
2021-02-01,45280,2020-03-31,3,,,,,,,,,,,,,,,,,,,,673444000000,,,,,,,,,,,,,,,,true,false,12,2019-04-01,2020-03-31,-1
2021-02-01,45280,2020-03-31,3,,,,,,,,,,,,,,,,,,,,,,,,,,,,,45.00,,,,528341400,29222272,,false,false,12,2019-04-01,2020-03-31,-1
2021-02-01,45280,2021-03-31,3,,,,,,,,,,,,,,,,,,,,,,,,,,,,,22.50,,,,,,,false,false,12,2020-04-01,2021-03-31,0
2021-02-01,45280,2021-03-31,3,,,,,,,,,,,,,,,,,,,,,,,,,,,,,45.00,,,,,,,false,true,12,2020-04-01,2021-03-31,0
2021-02-01,45280,2021-03-31,3,,,,,,,,,,,,,,,,,,,,,,,,,,,,,,,,,528341400,29199161,499135713,false,false,9,2020-04-01,2020-12-31,0
2021-02-01,45280,2020-03-31,3,,,,,,,,,,,,,,,,,,,,,,,,,,,,,,,,,,,505432005,false,false,9,2019-04-01,2019-12-31,-1
,45280,2021-03-31,,,,,,,,,,,,,,,,,,,,,,,,,,,,,,50.00,,,,,,,false,true,12,2020-04-01,2021-03-31,0
,45280,2021-03-31,,,,,,,,,,,,,,,,,,,,,,,,,,,,,,22.50,,,,,,,false,false,12,2020-04-01,2021-03-31,0
,45280,2020-03-31,,,,,,,,,,,,,,,,,,,,,,,,,,,,,,45.00,,,,,,,false,false,12,2019-04-01,2020-03-31,-1
2021-05-11,45280,2021-03-31,,309284000000,0.058,,,,,98330000000,0.269,,,,75425000000,,151.11,151.09,,,0.318,,746842000000,,,,,73977000000,-57586000000,-24754000000,,,0.331,,,,,,true,false,12,2020-04-01,2021-03-31,0
2021-05-11,45280,2020-03-31,,292420000000,0.013,,,,,77491000000,0.250,,,,59704000000,,118.47,118.45,,,0.265,,673444000000,,,,,74157000000,-10234000000,-54721000000,,,0.380,,,,,,true,false,12,2019-04-01,2020-03-31,-1
2021-05-11,45280,2022-03-31,,,,,,,,105000000000,0.068,,,,83000000000,,166.29,,,,,,,,,,,,,,,,0.337,,,,,,true,true,12,2021-04-01,2022-03-31,1
2021-05-11,45280,2020-03-31,,,,,,,,,,,,,,,,,,,,,,,,,,,,,,45.00,,,,528341400,29222272,503975206,false,false,12,2019-04-01,2020-03-31,-1
2021-05-11,45280,2021-03-31,,,,,,,,,,,,,,,,,,,,,,,,,,,,,,50.00,,,,528341400,29199416,499137173,false,false,12,2020-04-01,2021-03-31,0
2021-05-11,45280,2022-03-31,,,,,,,,,,,,,,,,,,,,,,,,,,,,,,56.00,,,,,,,false,true,12,2021-04-01,2022-03-31,1
2021-05-13,45280,2022-03-31,,345000000000,-0.014,,,,,103000000000,-0.019,105000000000,-0.019,81500000000,,-0.018,163.28,,,,,,,,,,,,,,,,,,,,,,true,true,12,2021-04-01,2022-03-31,0
2021-05-13,45280,2021-03-31,,309284000000,,,,,,98330000000,,100890000000,,75425000000,,,151.11,,,,,,,,,,,,,,,,,,,,,,true,false,12,2020-04-01,2021-03-31,-1
2021-07-30,45280,2022-03-31,1,,,,,,,29792000000,0.102,,,,24074000000,,48.23,48.22,,,,,742873000000,,,,,,,,,,,,,,,,true,false,3,2021-04-01,2021-06-30,0
2021-07-30,45280,2021-03-31,1,,,,,,,27043000000,0.353,,,,21496000000,,43.07,43.06,,,,,,,,,,,,,,,,,,,,,true,false,3,2020-04-01,2020-06-30,-1
2021-07-30,45280,2022-03-31,1,,,,,,,103000000000,0.047,,,,81500000000,,163.28,,,,,,,,,,,,,,,,,,,,,,true,true,12,2021-04-01,2022-03-31,0
2021-07-30,45280,2021-03-31,1,,,,,,,,,,,,,,,,,,,,746842000000,,,,,,,,,,,,,,,,true,false,12,2020-04-01,2021-03-31,-1
2021-07-30,45280,2021-03-31,1,,,,,,,,,,,,,,,,,,,,,,,,,,,,,50.00,,,,528341400,29199416,,false,false,12,2020-04-01,2021-03-31,-1
2021-07-30,45280,2022-03-31,1,,,,,,,,,,,,,,,,,,,,,,,,,,,,,56.00,,,,,,,false,true,12,2021-04-01,2022-03-31,0
2021-07-30,45280,2022-03-31,1,,,,,,,,,,,,,,,,,,,,,,,,,,,,,,,,,528341400,29179701,499146863,false,false,3,2021-04-01,2021-06-30,0
2021-07-30,45280,2021-03-31,1,,,,,,,,,,,,,,,,,,,,,,,,,,,,,,,,,,,499125129,false,false,3,2020-04-01,2020-06-30,-1
2021-11-01,45280,2022-03-31,2,,,,,,,58171000000,0.110,,,,46290000000,,92.74,92.73,,,,,772900000000,,,,,,,,,,,,,,,,true,false,6,2021-04-01,2021-09-30,0
2021-11-01,45280,2021-03-31,2,,,,,,,52401000000,0.251,,,,39849000000,,79.84,79.83,,,,,,,,,,,,,,,,,,,,,true,false,6,2020-04-01,2020-09-30,-1
2021-11-01,45280,2022-03-31,2,,,,,,,103000000000,0.047,,,,81500000000,,163.28,,,,,,,,,,,,,,,,,,,,,,true,true,12,2021-04-01,2022-03-31,0
2021-11-01,45280,2021-03-31,2,,,,,,,,,,,,,,,,,,,,746842000000,,,,,,,,,,,,,,,,true,false,12,2020-04-01,2021-03-31,-1
2021-11-01,45280,2021-03-31,2,,,,,,,,,,,,,,,,,,,,,,,,,,,,,50.00,,,,528341400,29199416,,false,false,12,2020-04-01,2021-03-31,-1
2021-11-01,45280,2022-03-31,2,,,,,,,,,,,,,,,,,,,,,,,,,,,,,28.00,,,,,,,false,false,12,2021-04-01,2022-03-31,0
2021-11-01,45280,2022-03-31,2,,,,,,,,,,,,,,,,,,,,,,,,,,,,,56.00,,,,,,,false,true,12,2021-04-01,2022-03-31,0
2021-11-01,45280,2022-03-31,2,,,,,,,,,,,,,,,,,,,,,,,,,,,,,,,,,528341400,29179954,499153142,false,false,6,2021-04-01,2021-09-30,0
2021-11-01,45280,2021-03-31,2,,,,,,,,,,,,,,,,,,,,,,,,,,,,,,,,,,,499132780,false,false,6,2020-04-01,2020-09-30,-1
2022-01-31,45280,2022-03-31,3,,,,,,,82167000000,-0.000,,,,64620000000,,129.61,129.59,,,,,740057000000,,,,,,,,,,,,,,,,true,false,9,2021-04-01,2021-12-31,0
2022-01-31,45280,2021-03-31,3,,,,,,,82189000000,0.244,,,,66487000000,,133.20,133.19,,,,,,,,,,,,,,,,,,,,,true,false,9,2020-04-01,2020-12-31,-1
2022-01-31,45280,2022-03-31,3,,,,,,,107000000000,0.088,,,,83000000000,,166.47,,,,,,,,,,,,,,,,,,,,,,true,true,12,2021-04-01,2022-03-31,0
2022-01-31,45280,2021-03-31,3,,,,,,,,,,,,,,,,,,,,746842000000,,,,,,,,,,,,,,,,true,false,12,2020-04-01,2021-03-31,-1
2022-01-31,45280,2021-03-31,3,,,,,,,,,,,,,,,,,,,,,,,,,,,,,50.00,,,,528341400,29199416,,false,false,12,2020-04-01,2021-03-31,-1
2022-01-31,45280,2022-03-31,3,,,,,,,,,,,,,,,,,,,,,,,,,,,,,28.00,,,,,,,false,false,12,2021-04-01,2022-03-31,0
2022-01-31,45280,2022-03-31,3,,,,,,,,,,,,,,,,,,,,,,,,,,,,,56.00,,,,,,,false,true,12,2021-04-01,2022-03-31,0
2022-01-31,45280,2022-03-31,3,,,,,,,,,,,,,,,,,,,,,,,,,,,,,,,,,528341400,34904925,498583112,false,false,9,2021-04-01,2021-12-31,0
2022-01-31,45280,2021-03-31,3,,,,,,,,,,,,,,,,,,,,,,,,,,,,,,,,,,,499135713,false,false,9,2020-04-01,2020-12-31,-1
2022-05-11,45280,2022-03-31,,361361000000,0.168,,,,,103195000000,0.049,,,,80519000000,,162.19,162.16,,,0.286,,739203000000,,,,,61829000000,6038000000,-60237000000,,,0.345,,,,,,true,false,12,2021-04-01,2022-03-31,0
2022-05-11,45280,2021-03-31,,309284000000,0.058,,,,,98330000000,0.269,,,,75425000000,,151.11,151.09,,,0.318,,745428000000,,,,,73977000000,-57586000000,-24754000000,,,0.331,,,,,,true,false,12,2020-04-01,2021-03-31,-1
2022-05-11,45280,2023-03-31,,,,,,,,145000000000,0.405,,,,110000000000,,225.30,,,,,,,,,,,,,,,,0.293,,,,,,true,true,12,2022-04-01,2023-03-31,1
2022-05-11,45280,2021-03-31,,,,,,,,,,,,,,,,,,,,,,,,,,,,,,50.00,,,,528341400,29199416,499137173,false,false,12,2020-04-01,2021-03-31,-1
2022-05-11,45280,2022-03-31,,,,,,,,,,,,,,,,,,,,,,,,,,,,,,56.00,,,,528341400,40096713,496459665,false,false,12,2021-04-01,2022-03-31,0
2022-05-11,45280,2023-03-31,,,,,,,,,,,,,,,,,,,,,,,,,,,,,,66.00,,,,,,,false,true,12,2022-04-01,2023-03-31,1
2022-08-01,45280,2023-03-31,1,,,,,,,38162000000,0.281,,,,29477000000,,60.37,60.36,,,,,764187000000,,,,,,,,,,,,,,,,true,false,3,2022-04-01,2022-06-30,0
2022-08-01,45280,2022-03-31,1,,,,,,,29792000000,0.102,,,,24074000000,,48.23,48.22,,,,,,,,,,,,,,,,,,,,,true,false,3,2021-04-01,2021-06-30,-1
2022-08-01,45280,2023-03-31,1,,,,,,,145000000000,0.405,,,,110000000000,,225.30,,,,,,,,,,,,,,,,,,,,,,true,true,12,2022-04-01,2023-03-31,0
2022-08-01,45280,2022-03-31,1,,,,,,,,,,,,,,,,,,,,739203000000,,,,,,,,,,,,,,,,true,false,12,2021-04-01,2022-03-31,-1
2022-08-01,45280,2022-03-31,1,,,,,,,,,,,,,,,,,,,,,,,,,,,,,56.00,,,,528341400,40096713,,false,false,12,2021-04-01,2022-03-31,-1
2022-08-01,45280,2023-03-31,1,,,,,,,,,,,,,,,,,,,,,,,,,,,,,66.00,,,,,,,false,true,12,2022-04-01,2023-03-31,0
2022-08-01,45280,2023-03-31,1,,,,,,,,,,,,,,,,,,,,,,,,,,,,,,,,,517425200,29180909,488244535,false,false,3,2022-04-01,2022-06-30,0
2022-08-01,45280,2022-03-31,1,,,,,,,,,,,,,,,,,,,,,,,,,,,,,,,,,,,499146863,false,false,3,2021-04-01,2021-06-30,-1
2022-10-31,45280,2023-03-31,2,,,,,,,80270000000,0.380,,,,62339000000,,127.67,127.66,,,,,805008000000,,,,,,,,,,,,,,,,true,false,6,2022-04-01,2022-09-30,0
2022-10-31,45280,2022-03-31,2,,,,,,,58171000000,0.110,,,,46290000000,,92.74,92.73,,,,,,,,,,,,,,,,,,,,,true,false,6,2021-04-01,2021-09-30,-1
2022-10-31,45280,2023-03-31,2,,,,,,,149000000000,0.444,,,,114000000000,,233.47,,,,,,,,,,,,,,,,,,,,,,true,true,12,2022-04-01,2023-03-31,0
2022-10-31,45280,2022-03-31,2,,,,,,,,,,,,,,,,,,,,739203000000,,,,,,,,,,,,,,,,true,false,12,2021-04-01,2022-03-31,-1
2022-10-31,45280,2022-03-31,2,,,,,,,,,,,,,,,,,,,,,,,,,,,,,56.00,,,,528341400,40096713,,false,false,12,2021-04-01,2022-03-31,-1
2022-10-31,45280,2023-03-31,2,,,,,,,,,,,,,,,,,,,,,,,,,,,,,33.00,,,,,,,false,false,12,2022-04-01,2023-03-31,0
2022-10-31,45280,2023-03-31,2,,,,,,,,,,,,,,,,,,,,,,,,,,,,,66.00,,,,,,,false,true,12,2022-04-01,2023-03-31,0
2022-10-31,45280,2023-03-31,2,,,,,,,,,,,,,,,,,,,,,,,,,,,,,,,,,517425200,29091133,488277710,false,false,6,2022-04-01,2022-09-30,0
2022-10-31,45280,2022-03-31,2,,,,,,,,,,,,,,,,,,,,,,,,,,,,,,,,,,,499153142,false,false,6,2021-04-01,2021-09-30,-1
2023-01-31,45280,2023-03-31,3,,,,,,,122590000000,0.492,,,,95656000000,,195.90,195.88,,,,,830539000000,,,,,,,,,,,,,,,,true,false,9,2022-04-01,2022-12-31,0
2023-01-31,45280,2022-03-31,3,,,,,,,82167000000,-0.000,,,,64620000000,,129.61,129.59,,,,,,,,,,,,,,,,,,,,,true,false,9,2021-04-01,2021-12-31,-1
2023-01-31,45280,2023-03-31,3,,,,,,,149000000000,0.444,,,,114000000000,,233.47,,,,,,,,,,,,,,,,,,,,,,true,true,12,2022-04-01,2023-03-31,0
2023-01-31,45280,2022-03-31,3,,,,,,,,,,,,,,,,,,,,739203000000,,,,,,,,,,,,,,,,true,false,12,2021-04-01,2022-03-31,-1
2023-01-31,45280,2022-03-31,3,,,,,,,,,,,,,,,,,,,,,,,,,,,,,56.00,,,,528341400,40096713,,false,false,12,2021-04-01,2022-03-31,-1
2023-01-31,45280,2023-03-31,3,,,,,,,,,,,,,,,,,,,,,,,,,,,,,33.00,,,,,,,false,false,12,2022-04-01,2023-03-31,0
2023-01-31,45280,2023-03-31,3,,,,,,,,,,,,,,,,,,,,,,,,,,,,,66.00,,,,,,,false,true,12,2022-04-01,2023-03-31,0
2023-01-31,45280,2023-03-31,3,,,,,,,,,,,,,,,,,,,,,,,,,,,,,,,,,517425200,29091193,488291864,false,false,9,2022-04-01,2022-12-31,0
2023-01-31,45280,2022-03-31,3,,,,,,,,,,,,,,,,,,,,,,,,,,,,,,,,,,,498583112,false,false,9,2021-04-01,2021-12-31,-1
2023-05-10,45280,2023-03-31,,447187000000,0.238,,,,,141963000000,0.376,,,,112723000000,,230.85,230.79,,,0.317,,882437000000,,,,,159610000000,-100259000000,-32484000000,,,0.303,,,,,,true,false,12,2022-04-01,2023-03-31,0
2023-05-10,45280,2022-03-31,,361361000000,0.168,,,,,103195000000,0.049,,,,80519000000,,162.19,162.16,,,0.286,,739203000000,,,,,61829000000,6038000000,-60237000000,,,0.345,,,,,,true,false,12,2021-04-01,2022-03-31,-1
2023-05-10,45280,2024-03-31,,,,,,,,153000000000,0.078,,,,115000000000,,235.49,,,,,,,,,,,,,,,,0.340,,,,,,true,true,12,2023-04-01,2024-03-31,1
2023-05-10,45280,2022-03-31,,,,,,,,,,,,,,,,,,,,,,,,,,,,,,56.00,,,,528341400,40096713,496459665,false,false,12,2021-04-01,2022-03-31,-1
2023-05-10,45280,2023-03-31,,,,,,,,,,,,,,,,,,,,,,,,,,,,,,70.00,,,,517425200,29091218,488300452,false,false,12,2022-04-01,2023-03-31,0
2023-05-10,45280,2024-03-31,,,,,,,,,,,,,,,,,,,,,,,,,,,,,,80.00,,,,,,,false,true,12,2023-04-01,2024-03-31,1
2023-07-31,45280,2024-03-31,1,,,,,,,41348000000,0.083,,,,31818000000,,65.16,65.15,,,,,871878000000,,,,,,,,,,,,,,,,true,false,3,2023-04-01,2023-06-30,0
2023-07-31,45280,2023-03-31,1,,,,,,,38162000000,0.281,,,,29477000000,,60.37,60.36,,,,,,,,,,,,,,,,,,,,,true,false,3,2022-04-01,2022-06-30,-1
2023-07-31,45280,2024-03-31,1,,,,,,,153000000000,0.078,,,,115000000000,,235.49,,,,,,,,,,,,,,,,,,,,,,true,true,12,2023-04-01,2024-03-31,0
2023-07-31,45280,2023-03-31,1,,,,,,,,,,,,,,,,,,,,882437000000,,,,,,,,,,,,,,,,true,false,12,2022-04-01,2023-03-31,-1
2023-07-31,45280,2023-03-31,1,,,,,,,,,,,,,,,,,,,,,,,,,,,,,70.00,,,,517425200,29091218,,false,false,12,2022-04-01,2023-03-31,-1
2023-07-31,45280,2024-03-31,1,,,,,,,,,,,,,,,,,,,,,,,,,,,,,80.00,,,,,,,false,true,12,2023-04-01,2024-03-31,0
2023-07-31,45280,2024-03-31,1,,,,,,,,,,,,,,,,,,,,,,,,,,,,,,,,,517425200,29091238,488332722,false,false,3,2023-04-01,2023-06-30,0
2023-07-31,45280,2023-03-31,1,,,,,,,,,,,,,,,,,,,,,,,,,,,,,,,,,,,488244535,false,false,3,2022-04-01,2022-06-30,-1
2023-11-01,45280,2024-03-31,2,,,,,,,97036000000,0.209,,,,74491000000,,153.33,153.32,,,,,895918000000,,,,,,,,,,,,,,,,true,false,6,2023-04-01,2023-09-30,0
2023-11-01,45280,2023-03-31,2,,,,,,,80270000000,0.380,,,,62339000000,,127.67,127.66,,,,,,,,,,,,,,,,,,,,,true,false,6,2022-04-01,2022-09-30,-1
2023-11-01,45280,2024-03-31,2,,,,,,,167000000000,0.176,,,,126000000000,,259.36,,,,,,,,,,,,,,,,,,,,,,true,true,12,2023-04-01,2024-03-31,0
2023-11-01,45280,2023-03-31,2,,,,,,,,,,,,,,,,,,,,882437000000,,,,,,,,,,,,,,,,true,false,12,2022-04-01,2023-03-31,-1
2023-11-01,45280,2023-03-31,2,,,,,,,,,,,,,,,,,,,,,,,,,,,,,70.00,,,,517425200,29091218,,false,false,12,2022-04-01,2023-03-31,-1
2023-11-01,45280,2024-03-31,2,,,,,,,,,,,,,,,,,,,,,,,,,,,,,40.00,,,,,,,false,false,12,2023-04-01,2024-03-31,0
2023-11-01,45280,2024-03-31,2,,,,,,,,,,,,,,,,,,,,,,,,,,,,,80.00,,,,,,,false,true,12,2023-04-01,2024-03-31,0
2023-11-01,45280,2024-03-31,2,,,,,,,,,,,,,,,,,,,,,,,,,,,,,,,,,517425200,38934293,485813059,false,false,6,2023-04-01,2023-09-30,0
2023-11-01,45280,2023-03-31,2,,,,,,,,,,,,,,,,,,,,,,,,,,,,,,,,,,,488277710,false,false,6,2022-04-01,2022-09-30,-1
2024-01-31,45280,2024-03-31,3,,,,,,,144626000000,0.180,,,,110544000000,,229.08,229.06,,,,,891725000000,,,,,,,,,,,,,,,,true,false,9,2023-04-01,2023-12-31,0
2024-01-31,45280,2023-03-31,3,,,,,,,122590000000,0.492,,,,95656000000,,195.90,195.88,,,,,,,,,,,,,,,,,,,,,true,false,9,2022-04-01,2022-12-31,-1
2024-01-31,45280,2024-03-31,3,,,,,,,167000000000,0.176,,,,126000000000,,259.36,,,,,,,,,,,,,,,,,,,,,,true,true,12,2023-04-01,2024-03-31,0
2024-01-31,45280,2023-03-31,3,,,,,,,,,,,,,,,,,,,,882437000000,,,,,,,,,,,,,,,,true,false,12,2022-04-01,2023-03-31,-1
2024-01-31,45280,2023-03-31,3,,,,,,,,,,,,,,,,,,,,,,,,,,,,,70.00,,,,517425200,29091218,,false,false,12,2022-04-01,2023-03-31,-1
2024-01-31,45280,2024-03-31,3,,,,,,,,,,,,,,,,,,,,,,,,,,,,,40.00,,,,,,,false,false,12,2023-04-01,2024-03-31,0
2024-01-31,45280,2024-03-31,3,,,,,,,,,,,,,,,,,,,,,,,,,,,,,80.00,,,,,,,false,true,12,2023-04-01,2024-03-31,0
2024-01-31,45280,2024-03-31,3,,,,,,,,,,,,,,,,,,,,,,,,,,,,,,,,,517425200,42672518,482561180,false,false,9,2023-04-01,2023-12-31,0
2024-01-31,45280,2023-03-31,3,,,,,,,,,,,,,,,,,,,,,,,,,,,,,,,,,,,488291864,false,false,9,2022-04-01,2022-12-31,-1
2024-05-09,45280,2024-03-31,,502672000000,0.124,,,,,159935000000,0.127,,,,127977000000,,266.61,266.57,,,0.318,,913668000000,,,,,110660000000,48077000000,-89848000000,,,0.300,,,,,,true,false,12,2023-04-01,2024-03-31,0
2024-05-09,45280,2023-03-31,,447187000000,0.238,,,,,141963000000,0.376,,,,112723000000,,230.85,230.79,,,0.317,,882437000000,,,,,159610000000,-100259000000,-32484000000,,,0.303,,,,,,true,false,12,2022-04-01,2023-03-31,-1
2024-05-09,45280,2025-03-31,,,,,,,,122000000000,-0.237,,,,91000000000,,193.76,,,,,,,,,,,,,,,,0.413,,,,,,true,true,12,2024-04-01,2025-03-31,1
2024-05-09,45280,2023-03-31,,,,,,,,,,,,,,,,,,,,,,,,,,,,,,70.00,,,,517425200,29091218,488300452,false,false,12,2022-04-01,2023-03-31,-1
2024-05-09,45280,2024-03-31,,,,,,,,,,,,,,,,,,,,,,,,,,,,,,80.00,,,,498692800,29045346,480009020,false,false,12,2023-04-01,2024-03-31,0
2024-05-09,45280,2025-03-31,,,,,,,,,,,,,,,,,,,,,,,,,,,,,,80.00,,,,,,,false,true,12,2024-04-01,2025-03-31,1
2024-07-31,45280,2025-03-31,1,,,,,,,30690000000,-0.258,,,,24794000000,,52.79,52.75,,,,,1083697000000,,,,,,,,,,,,,,,,true,false,3,2024-04-01,2024-06-30,0
2024-07-31,45280,2024-03-31,1,,,,,,,41348000000,0.083,,,,31818000000,,65.16,65.15,,,,,,,,,,,,,,,,,,,,,true,false,3,2023-04-01,2023-06-30,-1
2024-07-31,45280,2025-03-31,1,,,,,,,122000000000,-0.237,,,,91000000000,,193.76,,,,,,,,,,,,,,,,,,,,,,true,true,12,2024-04-01,2025-03-31,0
2024-07-31,45280,2024-03-31,1,,,,,,,,,,,,,,,,,,,,913668000000,,,,,,,,,,,,,,,,true,false,12,2023-04-01,2024-03-31,-1
2024-07-31,45280,2024-03-31,1,,,,,,,,,,,,,,,,,,,,,,,,,,,,,80.00,,,,498692800,29045346,,false,false,12,2023-04-01,2024-03-31,-1
2024-07-31,45280,2025-03-31,1,,,,,,,,,,,,,,,,,,,,,,,,,,,,,80.00,,,,,,,false,true,12,2024-04-01,2025-03-31,0
2024-07-31,45280,2025-03-31,1,,,,,,,,,,,,,,,,,,,,,,,,,,,,,,,,,498692800,29048072,469644182,false,false,3,2024-04-01,2024-06-30,0
2024-07-31,45280,2024-03-31,1,,,,,,,,,,,,,,,,,,,,,,,,,,,,,,,,,,,488332722,false,false,3,2023-04-01,2023-06-30,-1
2024-10-31,45280,2025-03-31,2,,,,,,,55881000000,-0.424,,,,41641000000,,88.66,88.61,,,,,1046406000000,,,,,,,,,,,,,,,,true,false,6,2024-04-01,2024-09-30,0
2024-10-31,45280,2024-03-31,2,,,,,,,97036000000,0.209,,,,74491000000,,153.33,153.32,,,,,,,,,,,,,,,,,,,,,true,false,6,2023-04-01,2023-09-30,-1
2024-10-31,45280,2025-03-31,2,,,,,,,82000000000,-0.487,,,,58000000000,,123.49,,,,,,,,,,,,,,,,,,,,,,true,true,12,2024-04-01,2025-03-31,0
2024-10-31,45280,2024-03-31,2,,,,,,,,,,,,,,,,,,,,913668000000,,,,,,,,,,,,,,,,true,false,12,2023-04-01,2024-03-31,-1
2024-10-31,45280,2024-03-31,2,,,,,,,,,,,,,,,,,,,,,,,,,,,,,80.00,,,,498692800,29045346,,false,false,12,2023-04-01,2024-03-31,-1
2024-10-31,45280,2025-03-31,2,,,,,,,,,,,,,,,,,,,,,,,,,,,,,40.00,,,,,,,false,false,12,2024-04-01,2025-03-31,0
2024-10-31,45280,2025-03-31,2,,,,,,,,,,,,,,,,,,,,,,,,,,,,,80.00,,,,,,,false,true,12,2024-04-01,2025-03-31,0
2024-10-31,45280,2025-03-31,2,,,,,,,,,,,,,,,,,,,,,,,,,,,,,,,,,498692800,28984855,469661929,false,false,6,2024-04-01,2024-09-30,0
2024-10-31,45280,2024-03-31,2,,,,,,,,,,,,,,,,,,,,,,,,,,,,,,,,,,,485813059,false,false,6,2023-04-01,2023-09-30,-1
2025-02-03,45280,2025-03-31,3,,,,,,,70754000000,-0.511,,,,56592000000,,120.49,120.42,,,,,1082304000000,,,,,,,,,,,,,,,,true,false,9,2024-04-01,2024-12-31,0
2025-02-03,45280,2024-03-31,3,,,,,,,144626000000,0.180,,,,110544000000,,229.08,229.06,,,,,,,,,,,,,,,,,,,,,true,false,9,2023-04-01,2023-12-31,-1
2025-02-03,45280,2025-03-31,3,,,,,,,82000000000,-0.487,,,,58000000000,,123.49,,,,,,,,,,,,,,,,,,,,,,true,true,12,2024-04-01,2025-03-31,0
2025-02-03,45280,2024-03-31,3,,,,,,,,,,,,,,,,,,,,913668000000,,,,,,,,,,,,,,,,true,false,12,2023-04-01,2024-03-31,-1
2025-02-03,45280,2024-03-31,3,,,,,,,,,,,,,,,,,,,,,,,,,,,,,80.00,,,,498692800,29045346,,false,false,12,2023-04-01,2024-03-31,-1
2025-02-03,45280,2025-03-31,3,,,,,,,,,,,,,,,,,,,,,,,,,,,,,40.00,,,,,,,false,false,12,2024-04-01,2025-03-31,0
2025-02-03,45280,2025-03-31,3,,,,,,,,,,,,,,,,,,,,,,,,,,,,,80.00,,,,,,,false,true,12,2024-04-01,2025-03-31,0
2025-02-03,45280,2025-03-31,3,,,,,,,,,,,,,,,,,,,,,,,,,,,,,,,,,498692800,28984945,469671563,false,false,9,2024-04-01,2024-12-31,0
2025-02-03,45280,2024-03-31,3,,,,,,,,,,,,,,,,,,,,,,,,,,,,,,,,,,,482561180,false,false,9,2023-04-01,2023-12-31,-1
2025-04-28,45280,2025-03-31,,,,,,,,60000000000,-0.268,,,,50000000000,,106.46,,,,,,,,,,,,,,,,,,,,,,true,true,12,2024-04-01,2025-03-31,0
2025-04-28,45280,2024-03-31,,,,,,,,159935000000,,,,,127977000000,,266.61,,,,,,,,,,,,,,,,,,,,,,true,false,12,2023-04-01,2024-03-31,-1
2025-05-08,45280,2025-03-31,,,,,,,,59747000000,-0.626,,,,50047000000,,106.55,106.41,,,,,1064046000000,,,,,82459000000,-136785000000,94299000000,,,0.751,,,,,,true,false,12,2024-04-01,2025-03-31,0
2025-05-08,45280,2024-03-31,,,,,,,,159935000000,0.127,,,,127977000000,,266.61,266.57,,,,,913668000000,,,,,110660000000,48077000000,-89848000000,,,0.300,,,,,,true,false,12,2023-04-01,2024-03-31,-1
2025-05-08,45280,2026-03-31,,,,,,,,85000000000,0.423,,,,67000000000,,142.62,,,,,,,,,,,,,,,,0.561,,,,,,true,true,12,2025-04-01,2026-03-31,1
2025-05-08,45280,2024-03-31,,,,,,,,,,,,,,,,,,,,,,,,,,,,,,80.00,,,,498692800,29045346,480009020,false,false,12,2023-04-01,2024-03-31,-1
2025-05-08,45280,2025-03-31,,,,,,,,,,,,,,,,,,,,,,,,,,,,,,80.00,,,,498692800,28919831,469693257,false,false,12,2024-04-01,2025-03-31,0
2025-05-08,45280,2026-03-31,,,,,,,,,,,,,,,,,,,,,,,,,,,,,,80.00,,,,,,,false,true,12,2025-04-01,2026-03-31,1
