filing_date,code,fiscal_year_end,quarterly_period,net_sales,net_sales_change,revenue,revenue_change,operating_revenue,operating_revenue_change,operating_profit,operating_profit_change,ordinary_profit,ordinary_profit_change,net_income,net_income_of_parent,net_income_change,eps,diluted_eps,roe,roa,operating_profit_to_net_sales,operating_profit_to_revenue,total_assets,net_assets,equity_ratio,bps,owner_equity,operating_cash_flow,investing_cash_flow,financing_cash_flow,cash,dividend_per_share,payout_ratio,commemorative_dividend,extra_dividend,number_of_shares,number_of_treqsury_shares,avg_number_of_shares,is_consolidated,is_forecast,duration,period_start,period_end,period_pos
2015-05-11,45390,2015-03-31,,35118000000,0.101,,,,,3285000000,-0.013,3217000000,0.004,1899000000,,0.007,47.45,47.42,0.131,0.079,0.094,,41428000000,15626000000,0.377,390.01,15620000000,2438000000,-2072000000,-137000000,5791000000,,0.211,,,,,,true,false,12,2014-04-01,2015-03-31,0
2015-05-11,45390,2014-03-31,,31893000000,-0.002,,,,,3327000000,-0.141,3206000000,-0.137,1887000000,,-0.112,46.20,46.17,0.146,0.085,0.104,,40106000000,13501000000,0.336,336.97,13490000000,1892000000,-2499000000,-205000000,5563000000,,0.216,,,,,,true,false,12,2013-04-01,2014-03-31,-1
2015-05-11,45390,2016-03-31,,17500000000,0.002,,,,,1200000000,-0.302,1150000000,-0.316,,750000000,,18.73,,,,,,,,,,,,,,,,,,,,,,true,true,6,2015-04-01,2015-09-30,1
2015-05-11,45390,2016-03-31,,36600000000,0.042,,,,,2800000000,-0.148,2700000000,-0.161,,1700000000,,42.46,,,,,,,,,,,,,,,,0.236,,,,,,true,true,12,2015-04-01,2016-03-31,1
2015-05-11,45390,2015-03-31,,29391000000,0.033,,,,,889000000,-0.493,1244000000,-0.279,762000000,,-0.241,18.88,18.86,,,,,33751000000,11286000000,0.334,278.97,11280000000,,,,,10.00,,,,42614205,2562918,40033521,false,false,12,2014-04-01,2015-03-31,0
2015-05-11,45390,2014-03-31,,28455000000,0.017,,,,,1755000000,-0.177,1725000000,-0.160,1004000000,,-0.181,24.37,24.36,,,,,32856000000,10487000000,0.319,259.22,10477000000,,,,,10.00,,,,42614205,2578212,40852016,false,false,12,2013-04-01,2014-03-31,-1
2015-05-11,45390,2016-03-31,,,,,,,,,,,,,,,,,,,,,,,,,,,,,,10.00,,,,,,,false,true,12,2015-04-01,2016-03-31,1
2015-07-31,45390,2016-03-31,1,8629000000,-0.021,,,,,588000000,-0.421,596000000,-0.411,,415000000,,10.44,10.43,,,,,42734000000,15324000000,0.358,388.42,15317000000,,,,,,,,,,,,true,false,3,2015-04-01,2015-06-30,0
2015-07-31,45390,2015-03-31,1,8810000000,0.145,,,,,1016000000,0.181,1013000000,0.201,,627000000,,15.68,15.67,,,,,,,,,,,,,,,,,,,,,true,false,3,2014-04-01,2014-06-30,-1
2015-07-31,45390,2016-03-31,1,17500000000,0.002,,,,,1200000000,-0.302,1150000000,-0.316,,750000000,,18.73,,,,,,,,,,,,,,,,,,,,,,true,true,6,2015-04-01,2015-09-30,0
2015-07-31,45390,2016-03-31,1,36600000000,0.042,,,,,2800000000,-0.148,2700000000,-0.161,,1700000000,,42.46,,,,,,,,,,,,,,,,,,,,,,true,true,12,2015-04-01,2016-03-31,0
2015-07-31,45390,2015-03-31,1,,,,,,,,,,,,,,,,,,,,41428000000,15626000000,0.377,390.01,15620000000,,,,,,,,,,,,true,false,12,2014-04-01,2015-03-31,-1
2015-07-31,45390,2015-03-31,1,,,,,,,,,,,,,,,,,,,,,,,,,,,,,10.00,,,,42614205,2562918,,false,false,12,2014-04-01,2015-03-31,-1
2015-07-31,45390,2016-03-31,1,,,,,,,,,,,,,,,,,,,,,,,,,,,,,10.00,,,,,,,false,true,12,2015-04-01,2016-03-31,0
2015-07-31,45390,2016-03-31,1,,,,,,,,,,,,,,,,,,,,,,,,,,,,,,,,,42614205,3179536,39827838,false,false,3,2015-04-01,2015-06-30,0
2015-07-31,45390,2015-03-31,1,,,,,,,,,,,,,,,,,,,,,,,,,,,,,,,,,,,40035357,false,false,3,2014-04-01,2014-06-30,-1
2015-10-30,45390,2016-03-31,2,17428000000,-0.003,,,,,1344000000,-0.218,1312000000,-0.219,,878000000,,22.26,22.24,,,,,41925000000,15758000000,0.368,394.95,15447000000,,,,,,,,,,,,true,false,6,2015-04-01,2015-09-30,0
2015-10-30,45390,2015-03-31,2,17472000000,0.131,,,,,1719000000,0.036,1680000000,0.049,,1045000000,,26.12,26.10,,,,,,,,,,,,,,,,,,,,,true,false,6,2014-04-01,2014-09-30,-1
2015-10-30,45390,2016-03-31,2,36600000000,0.042,,,,,2800000000,-0.148,2700000000,-0.161,,1700000000,,42.46,,,,,,,,,,,,,,,,,,,,,,true,true,12,2015-04-01,2016-03-31,0
2015-10-30,45390,2015-03-31,2,,,,,,,,,,,,,,,,,,,,41428000000,15626000000,0.377,390.01,15620000000,,,,,,,,,,,,true,false,12,2014-04-01,2015-03-31,-1
2015-10-30,45390,2015-03-31,2,,,,,,,,,,,,,,,,,,,,,,,,,,,,,10.00,,,,42614205,2562918,,false,false,12,2014-04-01,2015-03-31,-1
2015-10-30,45390,2016-03-31,2,,,,,,,,,,,,,,,,,,,,,,,,,,,,,0.00,,,,,,,false,false,12,2015-04-01,2016-03-31,0
2015-10-30,45390,2016-03-31,2,,,,,,,,,,,,,,,,,,,,,,,,,,,,,10.00,,,,,,,false,true,12,2015-04-01,2016-03-31,0
2015-10-30,45390,2016-03-31,2,,,,,,,,,,,,,,,,,,,,,,,,,,,,,,,,,42614205,3500803,39484865,false,false,6,2015-04-01,2015-09-30,0
2015-10-30,45390,2015-03-31,2,,,,,,,,,,,,,,,,,,,,,,,,,,,,,,,,,,,40033906,false,false,6,2014-04-01,2014-09-30,-1
2016-01-29,45390,2016-03-31,3,26914000000,-0.008,,,,,2451000000,-0.149,2416000000,-0.144,,1612000000,,40.97,40.94,,,,,43549000000,16411000000,0.377,419.43,16403000000,,,,,,,,,,,,true,false,9,2015-04-01,2015-12-31,0
2016-01-29,45390,2015-03-31,3,27125000000,0.116,,,,,2880000000,0.002,2823000000,0.015,,1791000000,,44.74,44.71,,,,,,,,,,,,,,,,,,,,,true,false,9,2014-04-01,2014-12-31,-1
2016-01-29,45390,2016-03-31,3,36600000000,0.042,,,,,2800000000,-0.148,2700000000,-0.161,,1700000000,,42.46,,,,,,,,,,,,,,,,,,,,,,true,true,12,2015-04-01,2016-03-31,0
2016-01-29,45390,2015-03-31,3,,,,,,,,,,,,,,,,,,,,41428000000,15626000000,0.377,390.01,15620000000,,,,,,,,,,,,true,false,12,2014-04-01,2015-03-31,-1
2016-01-29,45390,2015-03-31,3,,,,,,,,,,,,,,,,,,,,,,,,,,,,,10.00,,,,42614205,2562918,,false,false,12,2014-04-01,2015-03-31,-1
2016-01-29,45390,2016-03-31,3,,,,,,,,,,,,,,,,,,,,,,,,,,,,,0.00,,,,,,,false,false,12,2015-04-01,2016-03-31,0
2016-01-29,45390,2016-03-31,3,,,,,,,,,,,,,,,,,,,,,,,,,,,,,10.00,,,,,,,false,true,12,2015-04-01,2016-03-31,0
2016-01-29,45390,2016-03-31,3,,,,,,,,,,,,,,,,,,,,,,,,,,,,,,,,,42614205,3504299,39360444,false,false,9,2015-04-01,2015-12-31,0
2016-01-29,45390,2015-03-31,3,,,,,,,,,,,,,,,,,,,,,,,,,,,,,,,,,,,40032719,false,false,9,2014-04-01,2014-12-31,-1
2016-05-12,45390,2016-03-31,,35602000000,0.014,,,,,3145000000,-0.043,2945000000,-0.084,,1961000000,,49.91,49.88,0.124,0.069,0.088,,43644000000,16041000000,0.367,409.97,16033000000,2450000000,-151000000,-935000000,7135000000,,0.200,,,,,,true,false,12,2015-04-01,2016-03-31,0
2016-05-12,45390,2015-03-31,,35118000000,0.101,,,,,3285000000,-0.013,3217000000,0.004,,1899000000,,47.45,47.42,0.131,0.079,0.094,,41428000000,15626000000,0.377,390.01,15620000000,2438000000,-2072000000,-137000000,5791000000,,0.211,,,,,,true,false,12,2014-04-01,2015-03-31,-1
2016-05-12,45390,2017-03-31,,18300000000,0.050,,,,,1200000000,-0.107,1150000000,-0.124,,750000000,,19.09,,,,,,,,,,,,,,,,,,,,,,true,true,6,2016-04-01,2016-09-30,1
2016-05-12,45390,2017-03-31,,38000000000,0.067,,,,,2800000000,-0.110,2700000000,-0.083,,1850000000,,47.08,,,,,,,,,,,,,,,,0.212,,,,,,true,true,12,2016-04-01,2017-03-31,1
2016-05-12,45390,2016-03-31,,30528000000,0.039,,,,,1104000000,0.241,1436000000,0.155,1049000000,,0.376,26.45,26.43,,,,,34887000000,11323000000,0.324,286.50,11315000000,,,,,10.00,,,,42614205,3505003,39297660,false,false,12,2015-04-01,2016-03-31,0
2016-05-12,45390,2015-03-31,,29391000000,0.033,,,,,889000000,-0.493,1244000000,-0.279,762000000,,-0.241,18.88,18.86,,,,,33751000000,11286000000,0.334,278.97,11280000000,,,,,10.00,,,,42614205,2562918,40033521,false,false,12,2014-04-01,2015-03-31,-1
2016-05-12,45390,2017-03-31,,,,,,,,,,,,,,,,,,,,,,,,,,,,,,10.00,,,,,,,false,true,12,2016-04-01,2017-03-31,1
,45390,2017-03-31,,,,,,,,,,,,,,,,,,,,,,,,,,,,,,100.00,,,,,,,false,true,12,2016-04-01,2017-03-31,0
,45390,2016-03-31,,,,,,,,,,,,,,,,,,,,,,,,,,,,,,10.00,,,,,,,false,false,12,2015-04-01,2016-03-31,-1
2016-07-29,45390,2017-03-31,1,8805000000,0.020,,,,,787000000,0.337,651000000,0.091,,462000000,,11.84,11.83,,,,,44315000000,16069000000,0.362,410.65,16060000000,,,,,,,,,,,,true,false,3,2016-04-01,2016-06-30,0
2016-07-29,45390,2016-03-31,1,8629000000,-0.021,,,,,588000000,-0.421,596000000,-0.411,,415000000,,10.44,10.43,,,,,,,,,,,,,,,,,,,,,true,false,3,2015-04-01,2015-06-30,-1
2016-07-29,45390,2017-03-31,1,18300000000,0.050,,,,,1200000000,-0.107,1150000000,-0.124,,750000000,,19.09,,,,,,,,,,,,,,,,,,,,,,true,true,6,2016-04-01,2016-09-30,0
2016-07-29,45390,2017-03-31,1,38000000000,0.067,,,,,2800000000,-0.110,2700000000,-0.083,,1850000000,,470.77,,,,,,,,,,,,,,,,,,,,,,true,true,12,2016-04-01,2017-03-31,0
2016-07-29,45390,2016-03-31,1,,,,,,,,,,,,,,,,,,,,43644000000,16041000000,0.367,409.97,16033000000,,,,,,,,,,,,true,false,12,2015-04-01,2016-03-31,-1
2016-07-29,45390,2016-03-31,1,,,,,,,,,,,,,,,,,,,,,,,,,,,,,10.00,,,,42614205,3505003,,false,false,12,2015-04-01,2016-03-31,-1
2016-07-29,45390,2017-03-31,1,,,,,,,,,,,,,,,,,,,,,,,,,,,,,100.00,,,,,,,false,true,12,2016-04-01,2017-03-31,0
2016-07-29,45390,2017-03-31,1,,,,,,,,,,,,,,,,,,,,,,,,,,,,,,,,,42614205,3505626,39108753,false,false,3,2016-04-01,2016-06-30,0
2016-07-29,45390,2016-03-31,1,,,,,,,,,,,,,,,,,,,,,,,,,,,,,,,,,,,39827838,false,false,3,2015-04-01,2015-06-30,-1
2016-10-31,45390,2017-03-31,2,17515000000,0.005,,,,,1323000000,-0.015,1147000000,-0.126,,822000000,,210.37,210.33,,,,,43530000000,16407000000,0.377,4193.10,16398000000,,,,,,,,,,,,true,false,6,2016-04-01,2016-09-30,0
2016-10-31,45390,2016-03-31,2,17428000000,-0.003,,,,,1344000000,-0.218,1312000000,-0.219,,878000000,,222.57,222.40,,,,,,,,,,,,,,,,,,,,,true,false,6,2015-04-01,2015-09-30,-1
2016-10-31,45390,2017-03-31,2,38000000000,0.067,,,,,2800000000,-0.110,2700000000,-0.083,,1850000000,,470.77,,,,,,,,,,,,,,,,,,,,,,true,true,12,2016-04-01,2017-03-31,0
2016-10-31,45390,2016-03-31,2,,,,,,,,,,,,,,,,,,,,43644000000,16041000000,0.367,4099.74,16033000000,,,,,,,,,,,,true,false,12,2015-04-01,2016-03-31,-1
2016-10-31,45390,2016-03-31,2,,,,,,,,,,,,,,,,,,,,,,,,,,,,,10.00,,,,4261420,350500,,false,false,12,2015-04-01,2016-03-31,-1
2016-10-31,45390,2017-03-31,2,,,,,,,,,,,,,,,,,,,,,,,,,,,,,0.00,,,,,,,false,false,12,2016-04-01,2017-03-31,0
2016-10-31,45390,2017-03-31,2,,,,,,,,,,,,,,,,,,,,,,,,,,,,,100.00,,,,,,,false,true,12,2016-04-01,2017-03-31,0
2016-10-31,45390,2017-03-31,2,,,,,,,,,,,,,,,,,,,,,,,,,,,,,,,,,4261420,350703,3910852,false,false,6,2016-04-01,2016-09-30,0
2016-10-31,45390,2016-03-31,2,,,,,,,,,,,,,,,,,,,,,,,,,,,,,,,,,,,3948486,false,false,6,2015-04-01,2015-09-30,-1
2017-01-31,45390,2017-03-31,3,26886000000,-0.001,,,,,2294000000,-0.064,2378000000,-0.016,,1688000000,,433.41,433.31,,,,,45545000000,17045000000,0.374,4461.44,17034000000,,,,,,,,,,,,true,false,9,2016-04-01,2016-12-31,0
2017-01-31,45390,2016-03-31,3,26914000000,-0.008,,,,,2451000000,-0.149,2416000000,-0.144,,1612000000,,409.66,409.36,,,,,,,,,,,,,,,,,,,,,true,false,9,2015-04-01,2015-12-31,-1
2017-01-31,45390,2017-03-31,3,35500000000,-0.003,,,,,2800000000,-0.110,2700000000,-0.083,,1850000000,,474.79,,,,,,,,,,,,,,,,,,,,,,true,true,12,2016-04-01,2017-03-31,0
2017-01-31,45390,2016-03-31,3,,,,,,,,,,,,,,,,,,,,43644000000,16041000000,0.367,4099.74,16033000000,,,,,,,,,,,,true,false,12,2015-04-01,2016-03-31,-1
2017-01-31,45390,2016-03-31,3,,,,,,,,,,,,,,,,,,,,,,,,,,,,,10.00,,,,4261420,350500,,false,false,12,2015-04-01,2016-03-31,-1
2017-01-31,45390,2017-03-31,3,,,,,,,,,,,,,,,,,,,,,,,,,,,,,0.00,,,,,,,false,false,12,2016-04-01,2017-03-31,0
2017-01-31,45390,2017-03-31,3,,,,,,,,,,,,,,,,,,,,,,,,,,,,,100.00,,,,,,,false,true,12,2016-04-01,2017-03-31,0
2017-01-31,45390,2017-03-31,3,,,,,,,,,,,,,,,,,,,,,,,,,,,,,,,,,4261420,443225,3896488,false,false,9,2016-04-01,2016-12-31,0
2017-01-31,45390,2016-03-31,3,,,,,,,,,,,,,,,,,,,,,,,,,,,,,,,,,,,3936044,false,false,9,2015-04-01,2015-12-31,-1
2017-05-11,45390,2017-03-31,,35689000000,0.002,,,,,2836000000,-0.098,2849000000,-0.033,,2054000000,,530.02,529.91,0.123,0.063,0.079,,47002000000,17355000000,0.369,4548.80,17346000000,2737000000,-2504000000,787000000,8084000000,,0.189,,,,,,true,false,12,2016-04-01,2017-03-31,0
2017-05-11,45390,2016-03-31,,35602000000,0.014,,,,,3145000000,-0.043,2945000000,-0.084,,1961000000,,499.12,498.82,0.124,0.069,0.088,,43644000000,16041000000,0.367,4099.74,16033000000,2450000000,-151000000,-935000000,7135000000,,0.200,,,,,,true,false,12,2015-04-01,2016-03-31,-1
2017-05-11,45390,2018-03-31,,18700000000,0.068,,,,,1300000000,-0.018,1250000000,0.089,,800000000,,206.40,,,,,,,,,,,,,,,,,,,,,,true,true,6,2017-04-01,2017-09-30,1
2017-05-11,45390,2018-03-31,,38000000000,0.065,,,,,2500000000,-0.119,2400000000,-0.158,,1550000000,,399.89,,,,,,,,,,,,,,,,0.250,,,,,,true,true,12,2017-04-01,2018-03-31,1
2017-05-11,45390,2017-03-31,,30333000000,-0.006,,,,,905000000,-0.179,1289000000,-0.102,1079000000,,0.028,275.56,275.50,,,,,34958000000,11608000000,0.332,3007.63,11599000000,,,,,100.00,,,,4261420,447948,3876047,false,false,12,2016-04-01,2017-03-31,0
2017-05-11,45390,2016-03-31,,30528000000,0.039,,,,,1104000000,0.241,1436000000,0.155,1049000000,,0.376,264.49,264.33,,,,,34887000000,11323000000,0.324,2865.03,11315000000,,,,,10.00,,,,4261420,350500,3929766,false,false,12,2015-04-01,2016-03-31,-1
2017-05-11,45390,2018-03-31,,,,,,,,,,,,,,,,,,,,,,,,,,,,,,100.00,,,,,,,false,true,12,2017-04-01,2018-03-31,1
2017-07-31,45390,2018-03-31,1,8741000000,-0.007,,,,,589000000,-0.251,590000000,-0.093,,408000000,,107.09,,,,,,48594000000,17569000000,0.361,4604.58,17559000000,,,,,,,,,,,,true,false,3,2017-04-01,2017-06-30,0
2017-07-31,45390,2017-03-31,1,8805000000,0.020,,,,,787000000,0.337,651000000,0.091,,462000000,,118.37,118.35,,,,,,,,,,,,,,,,,,,,,true,false,3,2016-04-01,2016-06-30,-1
2017-07-31,45390,2018-03-31,1,18700000000,0.068,,,,,1300000000,-0.018,1250000000,0.089,,800000000,,206.40,,,,,,,,,,,,,,,,,,,,,,true,true,6,2017-04-01,2017-09-30,0
2017-07-31,45390,2018-03-31,1,38000000000,0.065,,,,,2500000000,-0.119,2400000000,-0.158,,1550000000,,399.89,,,,,,,,,,,,,,,,,,,,,,true,true,12,2017-04-01,2018-03-31,0
2017-07-31,45390,2017-03-31,1,,,,,,,,,,,,,,,,,,,,47002000000,17355000000,0.369,4548.80,17346000000,,,,,,,,,,,,true,false,12,2016-04-01,2017-03-31,-1
2017-07-31,45390,2017-03-31,1,,,,,,,,,,,,,,,,,,,,,,,,,,,,,100.00,,,,4261420,447948,,false,false,12,2016-04-01,2017-03-31,-1
2017-07-31,45390,2018-03-31,1,,,,,,,,,,,,,,,,,,,,,,,,,,,,,100.00,,,,,,,false,true,12,2017-04-01,2018-03-31,0
2017-07-31,45390,2018-03-31,1,,,,,,,,,,,,,,,,,,,,,,,,,,,,,,,,,4261420,447982,3813449,false,false,3,2017-04-01,2017-06-30,0
2017-07-31,45390,2017-03-31,1,,,,,,,,,,,,,,,,,,,,,,,,,,,,,,,,,,,3910875,false,false,3,2016-04-01,2016-06-30,-1
2017-10-31,45390,2018-03-31,2,17512000000,-0.000,,,,,979000000,-0.260,983000000,-0.143,,730000000,,194.80,,,,,,46160000000,16968000000,0.367,4683.32,16957000000,,,,,,,,,,,,true,false,6,2017-04-01,2017-09-30,0
2017-10-31,45390,2017-03-31,2,17515000000,0.005,,,,,1323000000,-0.015,1147000000,-0.126,,822000000,,210.37,210.33,,,,,,,,,,,,,,,,,,,,,true,false,6,2016-04-01,2016-09-30,-1
2017-10-31,45390,2018-03-31,2,35500000000,-0.005,,,,,1800000000,-0.365,1700000000,-0.403,,1150000000,,306.73,,,,,,,,,,,,,,,,,,,,,,true,true,12,2017-04-01,2018-03-31,0
2017-10-31,45390,2017-03-31,2,,,,,,,,,,,,,,,,,,,,47002000000,17355000000,0.369,4548.80,17346000000,,,,,,,,,,,,true,false,12,2016-04-01,2017-03-31,-1
2017-10-31,45390,2017-03-31,2,,,,,,,,,,,,,,,,,,,,,,,,,,,,,100.00,,,,4261420,447948,,false,false,12,2016-04-01,2017-03-31,-1
2017-10-31,45390,2018-03-31,2,,,,,,,,,,,,,,,,,,,,,,,,,,,,,0.00,,,,,,,false,false,12,2017-04-01,2018-03-31,0
2017-10-31,45390,2018-03-31,2,,,,,,,,,,,,,,,,,,,,,,,,,,,,,100.00,,,,,,,false,true,12,2017-04-01,2018-03-31,0
2017-10-31,45390,2018-03-31,2,,,,,,,,,,,,,,,,,,,,,,,,,,,,,,,,,4261420,640642,3749233,false,false,6,2017-04-01,2017-09-30,0
2017-10-31,45390,2017-03-31,2,,,,,,,,,,,,,,,,,,,,,,,,,,,,,,,,,,,3910852,false,false,6,2016-04-01,2016-09-30,-1
2018-01-31,45390,2018-03-31,3,27232000000,0.013,,,,,1823000000,-0.205,1823000000,-0.233,,1284000000,,346.70,,,,,,47636000000,17675000000,0.371,4878.48,17662000000,,,,,,,,,,,,true,false,9,2017-04-01,2017-12-31,0
2018-01-31,45390,2017-03-31,3,26886000000,-0.001,,,,,2294000000,-0.064,2378000000,-0.016,,1688000000,,433.41,433.31,,,,,,,,,,,,,,,,,,,,,true,false,9,2016-04-01,2016-12-31,-1
2018-01-31,45390,2018-03-31,3,35500000000,-0.005,,,,,1800000000,-0.365,1700000000,-0.403,,1150000000,,306.73,,,,,,,,,,,,,,,,,,,,,,true,true,12,2017-04-01,2018-03-31,0
2018-01-31,45390,2017-03-31,3,,,,,,,,,,,,,,,,,,,,47002000000,17355000000,0.369,4548.80,17346000000,,,,,,,,,,,,true,false,12,2016-04-01,2017-03-31,-1
2018-01-31,45390,2017-03-31,3,,,,,,,,,,,,,,,,,,,,,,,,,,,,,100.00,,,,4261420,447948,,false,false,12,2016-04-01,2017-03-31,-1
2018-01-31,45390,2018-03-31,3,,,,,,,,,,,,,,,,,,,,,,,,,,,,,0.00,,,,,,,false,false,12,2017-04-01,2018-03-31,0
2018-01-31,45390,2018-03-31,3,,,,,,,,,,,,,,,,,,,,,,,,,,,,,100.00,,,,,,,false,true,12,2017-04-01,2018-03-31,0
2018-01-31,45390,2018-03-31,3,,,,,,,,,,,,,,,,,,,,,,,,,,,,,,,,,4261420,640859,3706367,false,false,9,2017-04-01,2017-12-31,0
2018-01-31,45390,2017-03-31,3,,,,,,,,,,,,,,,,,,,,,,,,,,,,,,,,,,,3896488,false,false,9,2016-04-01,2016-12-31,-1
2018-05-11,45390,2018-03-31,,35331000000,-0.010,,,,,1848000000,-0.348,1696000000,-0.405,,1160000000,,315.28,,0.067,0.036,0.052,,46814000000,17487000000,0.373,4859.86,17474000000,3188000000,-1606000000,-1741000000,7890000000,,0.317,,,,,,true,false,12,2017-04-01,2018-03-31,0
2018-05-11,45390,2017-03-31,,35689000000,0.002,,,,,2836000000,-0.098,2849000000,-0.033,,2054000000,,530.02,529.91,0.123,0.063,0.079,,47002000000,17355000000,0.369,4548.80,17346000000,2737000000,-2504000000,787000000,8084000000,,0.189,,,,,,true,false,12,2016-04-01,2017-03-31,-1
2018-05-11,45390,2019-03-31,,17600000000,0.005,,,,,300000000,-0.694,250000000,-0.746,,100000000,,27.17,,,,,,,,,,,,,,,,,,,,,,true,true,6,2018-04-01,2018-09-30,1
2018-05-11,45390,2019-03-31,,35500000000,0.005,,,,,1100000000,-0.405,1000000000,-0.410,,500000000,,135.84,,,,,,,,,,,,,,,,0.552,,,,,,true,true,12,2018-04-01,2019-03-31,1
2018-05-11,45390,2018-03-31,,29867000000,-0.015,,,,,400000000,-0.558,769000000,-0.404,748000000,,-0.306,201.11,,,,,,35091000000,11191000000,0.319,3071.60,11177000000,,,,,100.00,,,,4261420,665831,3680751,false,false,12,2017-04-01,2018-03-31,0
2018-05-11,45390,2017-03-31,,30333000000,-0.006,,,,,905000000,-0.179,1289000000,-0.102,1079000000,,0.028,275.56,275.50,,,,,34958000000,11608000000,0.332,3007.63,11599000000,,,,,100.00,,,,4261420,447948,3876047,false,false,12,2016-04-01,2017-03-31,-1
2018-05-11,45390,2019-03-31,,,,,,,,,,,,,,,,,,,,,,,,,,,,,,75.00,,,,,,,false,true,12,2018-04-01,2019-03-31,1
2018-07-31,45390,2019-03-31,1,8546000000,-0.022,,,,,434000000,-0.263,472000000,-0.199,,285000000,,79.37,,,,,,47606000000,17229000000,0.362,4787.68,17214000000,,,,,,,,,,,,true,false,3,2018-04-01,2018-06-30,0
2018-07-31,45390,2018-03-31,1,8741000000,-0.007,,,,,589000000,-0.251,590000000,-0.093,,408000000,,107.09,,,,,,,,,,,,,,,,,,,,,,true,false,3,2017-04-01,2017-06-30,-1
2018-07-31,45390,2019-03-31,1,17600000000,0.005,,,,,300000000,-0.694,250000000,-0.746,,100000000,,27.17,,,,,,,,,,,,,,,,,,,,,,true,true,6,2018-04-01,2018-09-30,0
2018-07-31,45390,2019-03-31,1,35500000000,0.005,,,,,1100000000,-0.405,1000000000,-0.410,,500000000,,135.84,,,,,,,,,,,,,,,,,,,,,,true,true,12,2018-04-01,2019-03-31,0
2018-07-31,45390,2018-03-31,1,,,,,,,,,,,,,,,,,,,,46698000000,17487000000,0.374,4859.86,17474000000,,,,,,,,,,,,true,false,12,2017-04-01,2018-03-31,-1
2018-07-31,45390,2018-03-31,1,,,,,,,,,,,,,,,,,,,,,,,,,,,,,100.00,,,,4261420,665831,,false,false,12,2017-04-01,2018-03-31,-1
2018-07-31,45390,2019-03-31,1,,,,,,,,,,,,,,,,,,,,,,,,,,,,,75.00,,,,,,,false,true,12,2018-04-01,2019-03-31,0
2018-07-31,45390,2019-03-31,1,,,,,,,,,,,,,,,,,,,,,,,,,,,,,,,,,4261420,665921,3595534,false,false,3,2018-04-01,2018-06-30,0
2018-07-31,45390,2018-03-31,1,,,,,,,,,,,,,,,,,,,,,,,,,,,,,,,,,,,3813449,false,false,3,2017-04-01,2017-06-30,-1
2018-10-31,45390,2019-03-31,2,16637000000,-0.050,,,,,655000000,-0.331,800000000,-0.186,,491000000,,136.57,,,,,,47148000000,17590000000,0.373,4887.93,17573000000,,,,,,,,,,,,true,false,6,2018-04-01,2018-09-30,0
2018-10-31,45390,2018-03-31,2,17512000000,-0.000,,,,,979000000,-0.260,983000000,-0.143,,730000000,,194.80,,,,,,,,,,,,,,,,,,,,,,true,false,6,2017-04-01,2017-09-30,-1
2018-10-31,45390,2019-03-31,2,34500000000,-0.024,,,,,1100000000,-0.405,1000000000,-0.410,,500000000,,139.06,,,,,,,,,,,,,,,,,,,,,,true,true,12,2018-04-01,2019-03-31,0
2018-10-31,45390,2018-03-31,2,,,,,,,,,,,,,,,,,,,,46698000000,17487000000,0.374,4859.86,17474000000,,,,,,,,,,,,true,false,12,2017-04-01,2018-03-31,-1
2018-10-31,45390,2018-03-31,2,,,,,,,,,,,,,,,,,,,,,,,,,,,,,100.00,,,,4261420,665831,,false,false,12,2017-04-01,2018-03-31,-1
2018-10-31,45390,2019-03-31,2,,,,,,,,,,,,,,,,,,,,,,,,,,,,,0.00,,,,,,,false,false,12,2018-04-01,2019-03-31,0
2018-10-31,45390,2019-03-31,2,,,,,,,,,,,,,,,,,,,,,,,,,,,,,75.00,,,,,,,false,true,12,2018-04-01,2019-03-31,0
2018-10-31,45390,2019-03-31,2,,,,,,,,,,,,,,,,,,,,,,,,,,,,,,,,,4261420,666049,3595470,false,false,6,2018-04-01,2018-09-30,0
2018-10-31,45390,2018-03-31,2,,,,,,,,,,,,,,,,,,,,,,,,,,,,,,,,,,,3749233,false,false,6,2017-04-01,2017-09-30,-1
2019-01-31,45390,2019-03-31,3,25677000000,-0.057,,,,,1284000000,-0.296,1391000000,-0.237,,831000000,,231.20,,,,,,47663000000,17800000000,0.373,4946.15,17782000000,,,,,,,,,,,,true,false,9,2018-04-01,2018-12-31,0
2019-01-31,45390,2018-03-31,3,27232000000,0.013,,,,,1823000000,-0.205,1823000000,-0.233,,1284000000,,346.70,,,,,,,,,,,,,,,,,,,,,,true,false,9,2017-04-01,2017-12-31,-1
2019-01-31,45390,2019-03-31,3,34500000000,-0.024,,,,,1100000000,-0.405,1000000000,-0.410,,500000000,,139.06,,,,,,,,,,,,,,,,,,,,,,true,true,12,2018-04-01,2019-03-31,0
2019-01-31,45390,2018-03-31,3,,,,,,,,,,,,,,,,,,,,46698000000,17487000000,0.374,4859.86,17474000000,,,,,,,,,,,,true,false,12,2017-04-01,2018-03-31,-1
2019-01-31,45390,2018-03-31,3,,,,,,,,,,,,,,,,,,,,,,,,,,,,,100.00,,,,4261420,665831,,false,false,12,2017-04-01,2018-03-31,-1
2019-01-31,45390,2019-03-31,3,,,,,,,,,,,,,,,,,,,,,,,,,,,,,0.00,,,,,,,false,false,12,2018-04-01,2019-03-31,0
2019-01-31,45390,2019-03-31,3,,,,,,,,,,,,,,,,,,,,,,,,,,,,,75.00,,,,,,,false,true,12,2018-04-01,2019-03-31,0
2019-01-31,45390,2019-03-31,3,,,,,,,,,,,,,,,,,,,,,,,,,,,,,,,,,4261420,666122,3595412,false,false,9,2018-04-01,2018-12-31,0
2019-01-31,45390,2018-03-31,3,,,,,,,,,,,,,,,,,,,,,,,,,,,,,,,,,,,3706367,false,false,9,2017-04-01,2017-12-31,-1
2019-05-07,45390,2019-03-31,,34200000000,-0.009,,,,,1460000000,0.327,1510000000,0.510,,880000000,,244.76,,,,,,,,,,,,,,,,,,,,,,true,true,12,2018-04-01,2019-03-31,0
2019-05-07,45390,2018-03-31,,35331000000,,,,,,1848000000,,1696000000,,,1160000000,,315.28,,,,,,,,,,,,,,,,,,,,,,true,false,12,2017-04-01,2018-03-31,-1
2019-05-13,45390,2019-03-31,,34182000000,-0.033,,,,,1464000000,-0.208,1512000000,-0.108,,881000000,,245.11,,0.050,0.032,0.043,,46926000000,17863000000,0.380,4963.24,17843000000,2196000000,-960000000,110000000,9254000000,,0.408,,,,,,true,false,12,2018-04-01,2019-03-31,0
2019-05-13,45390,2018-03-31,,35331000000,-0.010,,,,,1848000000,-0.348,1696000000,-0.405,,1160000000,,315.28,,0.067,0.036,0.052,,46698000000,17487000000,0.374,4859.86,17474000000,3188000000,-1606000000,-1741000000,7890000000,,0.317,,,,,,true,false,12,2017-04-01,2018-03-31,-1
2019-05-13,45390,2020-03-31,,17000000000,0.022,,,,,250000000,-0.618,200000000,-0.750,,100000000,,27.81,,,,,,,,,,,,,,,,,,,,,,true,true,6,2019-04-01,2019-09-30,1
2019-05-13,45390,2020-03-31,,34200000000,0.001,,,,,800000000,-0.454,700000000,-0.537,,500000000,,139.07,,,,,,,,,,,,,,,,0.539,,,,,,true,true,12,2019-04-01,2020-03-31,1
2019-05-13,45390,2019-03-31,,27256000000,-0.087,,,,,215000000,-0.463,574000000,-0.253,479000000,,-0.359,131.89,,,,,,34338000000,11232000000,0.327,3081.90,11213000000,,,,,100.00,,,,4261420,666188,3595372,false,false,12,2018-04-01,2019-03-31,0
2019-05-13,45390,2018-03-31,,29867000000,-0.015,,,,,400000000,-0.558,769000000,-0.404,748000000,,-0.306,201.11,,,,,,34823000000,11191000000,0.321,3071.60,11177000000,,,,,100.00,,,,4261420,665831,3680751,false,false,12,2017-04-01,2018-03-31,-1
2019-05-13,45390,2020-03-31,,,,,,,,,,,,,,,,,,,,,,,,,,,,,,75.00,,,,,,,false,true,12,2019-04-01,2020-03-31,1
,45390,2019-03-31,,,,,,,,,,,,,,,,,,,,,,,,,,,,,,100.00,,,,,,,false,true,12,2018-04-01,2019-03-31,0
,45390,2019-03-31,,,,,,,,,,,,,,,,,,,,,,,,,,,,,,0.00,,,,,,,false,false,12,2018-04-01,2019-03-31,0
,45390,2018-03-31,,,,,,,,,,,,,,,,,,,,,,,,,,,,,,100.00,,,,,,,false,false,12,2017-04-01,2018-03-31,-1
2019-07-31,45390,2020-03-31,1,8304000000,-0.028,,,,,666000000,0.534,596000000,0.262,,420000000,,116.89,,,,,,48588000000,18003000000,0.370,5001.75,17982000000,,,,,,,,,,,,true,false,3,2019-04-01,2019-06-30,0
2019-07-31,45390,2019-03-31,1,8546000000,-0.022,,,,,434000000,-0.263,472000000,-0.199,,285000000,,79.37,,,,,,,,,,,,,,,,,,,,,,true,false,3,2018-04-01,2018-06-30,-1
2019-07-31,45390,2020-03-31,1,17000000000,0.022,,,,,250000000,-0.618,200000000,-0.750,,100000000,,27.81,,,,,,,,,,,,,,,,,,,,,,true,true,6,2019-04-01,2019-09-30,0
2019-07-31,45390,2020-03-31,1,34200000000,0.001,,,,,800000000,-0.454,700000000,-0.537,,500000000,,139.07,,,,,,,,,,,,,,,,,,,,,,true,true,12,2019-04-01,2020-03-31,0
2019-07-31,45390,2019-03-31,1,,,,,,,,,,,,,,,,,,,,46926000000,17863000000,0.380,4963.24,17843000000,,,,,,,,,,,,true,false,12,2018-04-01,2019-03-31,-1
2019-07-31,45390,2019-03-31,1,,,,,,,,,,,,,,,,,,,,,,,,,,,,,100.00,,,,4261420,666188,,false,false,12,2018-04-01,2019-03-31,-1
2019-07-31,45390,2020-03-31,1,,,,,,,,,,,,,,,,,,,,,,,,,,,,,75.00,,,,,,,false,true,12,2019-04-01,2020-03-31,0
2019-07-31,45390,2020-03-31,1,,,,,,,,,,,,,,,,,,,,,,,,,,,,,,,,,4261420,666216,3595222,false,false,3,2019-04-01,2019-06-30,0
2019-07-31,45390,2019-03-31,1,,,,,,,,,,,,,,,,,,,,,,,,,,,,,,,,,,,3595534,false,false,3,2018-04-01,2018-06-30,-1
2019-10-31,45390,2020-03-31,2,16097000000,-0.032,,,,,619000000,-0.054,513000000,-0.358,,326000000,,90.83,,,,,,47322000000,17759000000,0.375,4933.72,17737000000,,,,,,,,,,,,true,false,6,2019-04-01,2019-09-30,0
2019-10-31,45390,2019-03-31,2,16637000000,-0.050,,,,,655000000,-0.331,800000000,-0.186,,491000000,,136.57,,,,,,,,,,,,,,,,,,,,,,true,false,6,2018-04-01,2018-09-30,-1
2019-10-31,45390,2020-03-31,2,33200000000,-0.029,,,,,800000000,-0.454,700000000,-0.537,,500000000,,139.07,,,,,,,,,,,,,,,,,,,,,,true,true,12,2019-04-01,2020-03-31,0
2019-10-31,45390,2019-03-31,2,,,,,,,,,,,,,,,,,,,,46926000000,17863000000,0.380,4963.24,17843000000,,,,,,,,,,,,true,false,12,2018-04-01,2019-03-31,-1
2019-10-31,45390,2019-03-31,2,,,,,,,,,,,,,,,,,,,,,,,,,,,,,100.00,,,,4261420,666188,,false,false,12,2018-04-01,2019-03-31,-1
2019-10-31,45390,2020-03-31,2,,,,,,,,,,,,,,,,,,,,,,,,,,,,,0.00,,,,,,,false,false,12,2019-04-01,2020-03-31,0
2019-10-31,45390,2020-03-31,2,,,,,,,,,,,,,,,,,,,,,,,,,,,,,75.00,,,,,,,false,true,12,2019-04-01,2020-03-31,0
2019-10-31,45390,2020-03-31,2,,,,,,,,,,,,,,,,,,,,,,,,,,,,,,,,,4261420,666280,3595185,false,false,6,2019-04-01,2019-09-30,0
2019-10-31,45390,2019-03-31,2,,,,,,,,,,,,,,,,,,,,,,,,,,,,,,,,,,,3595470,false,false,6,2018-04-01,2018-09-30,-1
2020-01-31,45390,2020-03-31,3,24266000000,-0.055,,,,,627000000,-0.511,546000000,-0.607,,667000000,,185.68,,,,,,47545000000,17843000000,0.375,4956.55,17819000000,,,,,,,,,,,,true,false,9,2019-04-01,2019-12-31,0
2020-01-31,45390,2019-03-31,3,25677000000,-0.057,,,,,1284000000,-0.296,1391000000,-0.237,,831000000,,231.20,,,,,,,,,,,,,,,,,,,,,,true,false,9,2018-04-01,2018-12-31,-1
2020-01-31,45390,2020-03-31,3,31800000000,-0.070,,,,,150000000,-0.898,50000000,-0.967,,200000000,,55.63,,,,,,,,,,,,,,,,,,,,,,true,true,12,2019-04-01,2020-03-31,0
2020-01-31,45390,2019-03-31,3,,,,,,,,,,,,,,,,,,,,46926000000,17863000000,0.380,4963.24,17843000000,,,,,,,,,,,,true,false,12,2018-04-01,2019-03-31,-1
2020-01-31,45390,2019-03-31,3,,,,,,,,,,,,,,,,,,,,,,,,,,,,,100.00,,,,4261420,666188,,false,false,12,2018-04-01,2019-03-31,-1
2020-01-31,45390,2020-03-31,3,,,,,,,,,,,,,,,,,,,,,,,,,,,,,0.00,,,,,,,false,false,12,2019-04-01,2020-03-31,0
2020-01-31,45390,2020-03-31,3,,,,,,,,,,,,,,,,,,,,,,,,,,,,,40.00,,,,,,,false,true,12,2019-04-01,2020-03-31,0
2020-01-31,45390,2020-03-31,3,,,,,,,,,,,,,,,,,,,,,,,,,,,,,,,,,4261420,666350,3595153,false,false,9,2019-04-01,2019-12-31,0
2020-01-31,45390,2019-03-31,3,,,,,,,,,,,,,,,,,,,,,,,,,,,,,,,,,,,3595412,false,false,9,2018-04-01,2018-12-31,-1
2020-01-31,45390,2020-03-31,,31800000000,-0.042,,,,,150000000,-0.813,50000000,-0.929,,200000000,,55.63,,,,,,,,,,,,,,,,,,,,,,true,true,12,2019-04-01,2020-03-31,0
2020-01-31,45390,2019-03-31,,34182000000,,,,,,1464000000,,1512000000,,,881000000,,245.11,,,,,,,,,,,,,,,,,,,,,,true,false,12,2018-04-01,2019-03-31,-1
2020-01-31,45390,2020-03-31,,,,,,,,,,,,,,,,,,,,,,,,,,,,,,40.00,,,,,,,false,true,12,2019-04-01,2020-03-31,0
2020-01-31,45390,2020-03-31,,,,,,,,,,,,,,,,,,,,,,,,,,,,,,0.00,,,,,,,false,false,12,2019-04-01,2020-03-31,0
2020-01-31,45390,2019-03-31,,,,,,,,,,,,,,,,,,,,,,,,,,,,,,100.00,,,,,,,false,false,12,2018-04-01,2019-03-31,-1
2020-05-18,45390,2020-03-31,,31756000000,-0.071,,,,,364000000,-0.751,307000000,-0.797,,436000000,,121.42,,0.025,0.007,0.011,,45862000000,17392000000,0.379,4830.92,17367000000,1394000000,326000000,-961000000,10000000000,,0.412,,,,,,true,false,12,2019-04-01,2020-03-31,0
2020-05-18,45390,2019-03-31,,34182000000,-0.033,,,,,1464000000,-0.208,1512000000,-0.108,,881000000,,245.11,,0.050,0.032,0.043,,46926000000,17863000000,0.380,4963.24,17843000000,2196000000,-960000000,110000000,9254000000,,0.408,,,,,,true,false,12,2018-04-01,2019-03-31,-1
2020-05-18,45390,2021-03-31,,33000000000,0.039,,,,,600000000,0.645,500000000,0.629,,300000000,,83.45,,,,,,,,,,,,,,,,0.599,,,,,,true,true,12,2020-04-01,2021-03-31,1
2020-05-18,45390,2020-03-31,,25273000000,-0.073,,,,,-669000000,,-309000000,,86000000,,-0.820,23.77,,,,,,32538000000,10457000000,0.321,2867.40,10432000000,,,,,50.00,,,,4261420,666386,3595124,false,false,12,2019-04-01,2020-03-31,0
2020-05-18,45390,2019-03-31,,27256000000,-0.087,,,,,215000000,-0.463,574000000,-0.253,479000000,,-0.359,131.89,,,,,,34338000000,11232000000,0.327,3081.90,11213000000,,,,,100.00,,,,4261420,666188,3595372,false,false,12,2018-04-01,2019-03-31,-1
2020-05-18,45390,2021-03-31,,,,,,,,,,,,,,,,,,,,,,,,,,,,,,50.00,,,,,,,false,true,12,2020-04-01,2021-03-31,1
2020-07-31,45390,2021-03-31,1,7196000000,-0.133,,,,,-32000000,,-68000000,,,19000000,,5.45,,,,,,47705000000,17324000000,0.363,4811.70,17298000000,,,,,,,,,,,,true,false,3,2020-04-01,2020-06-30,0
2020-07-31,45390,2020-03-31,1,8304000000,-0.028,,,,,666000000,0.534,596000000,0.262,,420000000,,116.89,,,,,,,,,,,,,,,,,,,,,,true,false,3,2019-04-01,2019-06-30,-1
2020-07-31,45390,2021-03-31,1,33000000000,0.039,,,,,600000000,0.645,500000000,0.629,,300000000,,83.45,,,,,,,,,,,,,,,,,,,,,,true,true,12,2020-04-01,2021-03-31,0
2020-07-31,45390,2020-03-31,1,,,,,,,,,,,,,,,,,,,,45862000000,17392000000,0.379,4830.92,17367000000,,,,,,,,,,,,true,false,12,2019-04-01,2020-03-31,-1
2020-07-31,45390,2020-03-31,1,,,,,,,,,,,,,,,,,,,,,,,,,,,,,50.00,,,,4261420,666386,,false,false,12,2019-04-01,2020-03-31,-1
2020-07-31,45390,2021-03-31,1,,,,,,,,,,,,,,,,,,,,,,,,,,,,,50.00,,,,,,,false,true,12,2020-04-01,2021-03-31,0
2020-07-31,45390,2021-03-31,1,,,,,,,,,,,,,,,,,,,,,,,,,,,,,,,,,4261420,666426,3595007,false,false,3,2020-04-01,2020-06-30,0
2020-07-31,45390,2020-03-31,1,,,,,,,,,,,,,,,,,,,,,,,,,,,,,,,,,,,3595222,false,false,3,2019-04-01,2019-06-30,-1
2020-10-30,45390,2021-03-31,2,14832000000,-0.079,,,,,-189000000,,-245000000,,,-257000000,,-71.60,,,,,,46933000000,17087000000,0.364,4748.21,17069000000,,,,,,,,,,,,true,false,6,2020-04-01,2020-09-30,0
2020-10-30,45390,2020-03-31,2,16097000000,-0.032,,,,,619000000,-0.054,513000000,-0.358,,326000000,,90.83,,,,,,,,,,,,,,,,,,,,,,true,false,6,2019-04-01,2019-09-30,-1
2020-10-30,45390,2021-03-31,2,31000000000,-0.024,,,,,200000000,-0.452,100000000,-0.674,,50000000,,13.91,,,,,,,,,,,,,,,,,,,,,,true,true,12,2020-04-01,2021-03-31,0
2020-10-30,45390,2020-03-31,2,,,,,,,,,,,,,,,,,,,,45862000000,17392000000,0.379,4830.92,17367000000,,,,,,,,,,,,true,false,12,2019-04-01,2020-03-31,-1
2020-10-30,45390,2020-03-31,2,,,,,,,,,,,,,,,,,,,,,,,,,,,,,50.00,,,,4261420,666386,,false,false,12,2019-04-01,2020-03-31,-1
2020-10-30,45390,2021-03-31,2,,,,,,,,,,,,,,,,,,,,,,,,,,,,,0.00,,,,,,,false,false,12,2020-04-01,2021-03-31,0
2020-10-30,45390,2021-03-31,2,,,,,,,,,,,,,,,,,,,,,,,,,,,,,50.00,,,,,,,false,true,12,2020-04-01,2021-03-31,0
2020-10-30,45390,2021-03-31,2,,,,,,,,,,,,,,,,,,,,,,,,,,,,,,,,,4261420,666403,3595022,false,false,6,2020-04-01,2020-09-30,0
2020-10-30,45390,2020-03-31,2,,,,,,,,,,,,,,,,,,,,,,,,,,,,,,,,,,,3595185,false,false,6,2019-04-01,2019-09-30,-1
2020-10-30,45390,2021-03-31,,31000000000,-0.061,,,,,200000000,-0.667,100000000,-0.800,,50000000,,13.91,,,,,,,,,,,,,,,,,,,,,,true,true,12,2020-04-01,2021-03-31,0
2020-10-30,45390,2020-03-31,,31756000000,,,,,,364000000,,307000000,,,436000000,,121.42,,,,,,,,,,,,,,,,,,,,,,true,false,12,2019-04-01,2020-03-31,-1
2021-01-29,45390,2021-03-31,3,23612000000,-0.027,,,,,460000000,-0.267,321000000,-0.411,,335000000,,93.30,,,,,,48059000000,17488000000,0.364,4859.91,17471000000,,,,,,,,,,,,true,false,9,2020-04-01,2020-12-31,0
2021-01-29,45390,2020-03-31,3,24266000000,-0.055,,,,,627000000,-0.511,546000000,-0.607,,667000000,,185.68,,,,,,,,,,,,,,,,,,,,,,true,false,9,2019-04-01,2019-12-31,-1
2021-01-29,45390,2021-03-31,3,31000000000,-0.024,,,,,200000000,-0.452,100000000,-0.674,,50000000,,13.91,,,,,,,,,,,,,,,,,,,,,,true,true,12,2020-04-01,2021-03-31,0
2021-01-29,45390,2020-03-31,3,,,,,,,,,,,,,,,,,,,,45862000000,17392000000,0.379,4830.92,17367000000,,,,,,,,,,,,true,false,12,2019-04-01,2020-03-31,-1
2021-01-29,45390,2020-03-31,3,,,,,,,,,,,,,,,,,,,,,,,,,,,,,50.00,,,,4261420,666386,,false,false,12,2019-04-01,2020-03-31,-1
2021-01-29,45390,2021-03-31,3,,,,,,,,,,,,,,,,,,,,,,,,,,,,,0.00,,,,,,,false,false,12,2020-04-01,2021-03-31,0
2021-01-29,45390,2021-03-31,3,,,,,,,,,,,,,,,,,,,,,,,,,,,,,50.00,,,,,,,false,true,12,2020-04-01,2021-03-31,0
2021-01-29,45390,2021-03-31,3,,,,,,,,,,,,,,,,,,,,,,,,,,,,,,,,,4261420,666481,3595001,false,false,9,2020-04-01,2020-12-31,0
2021-01-29,45390,2020-03-31,3,,,,,,,,,,,,,,,,,,,,,,,,,,,,,,,,,,,3595153,false,false,9,2019-04-01,2019-12-31,-1
2021-05-14,45390,2021-03-31,,31541000000,-0.007,,,,,564000000,0.548,582000000,0.898,,495000000,,137.75,,0.028,0.013,0.018,,47124000000,18014000000,0.382,5006.49,17997000000,1503000000,-1024000000,29000000,10505000000,,0.363,,,,,,true,false,12,2020-04-01,2021-03-31,0
2021-05-14,45390,2020-03-31,,31756000000,-0.071,,,,,364000000,-0.751,307000000,-0.797,,436000000,,121.42,,0.025,0.007,0.011,,45862000000,17392000000,0.379,4830.92,17367000000,1394000000,326000000,-961000000,10000000000,,0.412,,,,,,true,false,12,2019-04-01,2020-03-31,-1
2021-05-14,45390,2022-03-31,,31000000000,,,,,,350000000,,280000000,,,80000000,,22.25,,,,,,,,,,,,,,,,2.247,,,,,,true,true,12,2021-04-01,2022-03-31,1
2021-05-14,45390,2021-03-31,,24384000000,-0.035,,,,,286000000,,690000000,,643000000,,6.443,176.96,,,,,,34589000000,11055000000,0.319,3034.03,11038000000,,,,,50.00,,,,4261420,666511,3594981,false,false,12,2020-04-01,2021-03-31,0
2021-05-14,45390,2020-03-31,,25273000000,-0.073,,,,,-669000000,,-309000000,,86000000,,-0.820,23.77,,,,,,32538000000,10457000000,0.321,2867.40,10432000000,,,,,50.00,,,,4261420,666386,3595124,false,false,12,2019-04-01,2020-03-31,-1
2021-05-14,45390,2022-03-31,,,,,,,,,,,,,,,,,,,,,,,,,,,,,,50.00,,,,,,,false,true,12,2021-04-01,2022-03-31,1
2021-07-30,45390,2022-03-31,1,7575000000,,,,,,-26000000,,15000000,,,-13000000,,-3.66,,,,,,48127000000,17907000000,0.372,4976.70,17890000000,,,,,,,,,,,,true,false,3,2021-04-01,2021-06-30,0
2021-07-30,45390,2021-03-31,1,7196000000,-0.133,,,,,-32000000,,-68000000,,,19000000,,5.45,,,,,,,,,,,,,,,,,,,,,,true,false,3,2020-04-01,2020-06-30,-1
2021-07-30,45390,2022-03-31,1,31000000000,,,,,,350000000,,280000000,,,80000000,,22.25,,,,,,,,,,,,,,,,,,,,,,true,true,12,2021-04-01,2022-03-31,0
2021-07-30,45390,2021-03-31,1,,,,,,,,,,,,,,,,,,,,47124000000,18014000000,0.382,5006.49,17997000000,,,,,,,,,,,,true,false,12,2020-04-01,2021-03-31,-1
2021-07-30,45390,2021-03-31,1,,,,,,,,,,,,,,,,,,,,,,,,,,,,,50.00,,,,4261420,666511,,false,false,12,2020-04-01,2021-03-31,-1
2021-07-30,45390,2022-03-31,1,,,,,,,,,,,,,,,,,,,,,,,,,,,,,50.00,,,,,,,false,true,12,2021-04-01,2022-03-31,0
2021-07-30,45390,2022-03-31,1,,,,,,,,,,,,,,,,,,,,,,,,,,,,,,,,,4261420,666528,3594898,false,false,3,2021-04-01,2021-06-30,0
2021-07-30,45390,2021-03-31,1,,,,,,,,,,,,,,,,,,,,,,,,,,,,,,,,,,,3595007,false,false,3,2020-04-01,2020-06-30,-1
2021-10-29,45390,2022-03-31,2,15575000000,,,,,,206000000,,258000000,,,228000000,,63.56,,,,,,48530000000,18203000000,0.375,5037.24,18186000000,,,,,,,,,,,,true,false,6,2021-04-01,2021-09-30,0
2021-10-29,45390,2021-03-31,2,14832000000,-0.079,,,,,-189000000,,-245000000,,,-257000000,,-71.60,,,,,,,,,,,,,,,,,,,,,,true,false,6,2020-04-01,2020-09-30,-1
2021-10-29,45390,2022-03-31,2,31000000000,,,,,,350000000,,280000000,,,80000000,,22.25,,,,,,,,,,,,,,,,,,,,,,true,true,12,2021-04-01,2022-03-31,0
2021-10-29,45390,2021-03-31,2,,,,,,,,,,,,,,,,,,,,47124000000,18014000000,0.382,5006.49,17997000000,,,,,,,,,,,,true,false,12,2020-04-01,2021-03-31,-1
2021-10-29,45390,2021-03-31,2,,,,,,,,,,,,,,,,,,,,,,,,,,,,,50.00,,,,4261420,666511,,false,false,12,2020-04-01,2021-03-31,-1
2021-10-29,45390,2022-03-31,2,,,,,,,,,,,,,,,,,,,,,,,,,,,,,0.00,,,,,,,false,false,12,2021-04-01,2022-03-31,0
2021-10-29,45390,2022-03-31,2,,,,,,,,,,,,,,,,,,,,,,,,,,,,,50.00,,,,,,,false,true,12,2021-04-01,2022-03-31,0
2021-10-29,45390,2022-03-31,2,,,,,,,,,,,,,,,,,,,,,,,,,,,,,,,,,4261420,650940,3602722,false,false,6,2021-04-01,2021-09-30,0
2021-10-29,45390,2021-03-31,2,,,,,,,,,,,,,,,,,,,,,,,,,,,,,,,,,,,3595022,false,false,6,2020-04-01,2020-09-30,-1
2022-01-31,45390,2022-03-31,3,24727000000,,,,,,1099000000,,1152000000,,,952000000,,264.15,,,,,,50630000000,18823000000,0.371,5209.15,18806000000,,,,,,,,,,,,true,false,9,2021-04-01,2021-12-31,0
2022-01-31,45390,2021-03-31,3,23612000000,-0.027,,,,,460000000,-0.267,321000000,-0.411,,335000000,,93.30,,,,,,,,,,,,,,,,,,,,,,true,false,9,2020-04-01,2020-12-31,-1
2022-01-31,45390,2022-03-31,3,32000000000,,,,,,600000000,,600000000,,,400000000,,110.95,,,,,,,,,,,,,,,,,,,,,,true,true,12,2021-04-01,2022-03-31,0
2022-01-31,45390,2021-03-31,3,,,,,,,,,,,,,,,,,,,,47124000000,18014000000,0.382,5006.49,17997000000,,,,,,,,,,,,true,false,12,2020-04-01,2021-03-31,-1
2022-01-31,45390,2021-03-31,3,,,,,,,,,,,,,,,,,,,,,,,,,,,,,50.00,,,,4261420,666511,,false,false,12,2020-04-01,2021-03-31,-1
2022-01-31,45390,2022-03-31,3,,,,,,,,,,,,,,,,,,,,,,,,,,,,,0.00,,,,,,,false,false,12,2021-04-01,2022-03-31,0
2022-01-31,45390,2022-03-31,3,,,,,,,,,,,,,,,,,,,,,,,,,,,,,50.00,,,,,,,false,true,12,2021-04-01,2022-03-31,0
2022-01-31,45390,2022-03-31,3,,,,,,,,,,,,,,,,,,,,,,,,,,,,,,,,,4261420,651150,3605280,false,false,9,2021-04-01,2021-12-31,0
2022-01-31,45390,2021-03-31,3,,,,,,,,,,,,,,,,,,,,,,,,,,,,,,,,,,,3595001,false,false,9,2020-04-01,2020-12-31,-1
2022-01-31,45390,2022-03-31,,32000000000,0.032,,,,,600000000,0.714,600000000,1.143,,400000000,,110.95,,,,,,,,,,,,,,,,,,,,,,true,true,12,2021-04-01,2022-03-31,0
2022-01-31,45390,2021-03-31,,31541000000,,,,,,564000000,,582000000,,,495000000,,137.75,,,,,,,,,,,,,,,,,,,,,,true,false,12,2020-04-01,2021-03-31,-1
2022-05-13,45390,2022-03-31,,32506000000,,,,,,825000000,,1022000000,,,700000000,,194.33,,0.038,0.021,0.025,,49453000000,18501000000,0.374,5119.99,18484000000,1801000000,35000000,-793000000,11645000000,,0.257,,,,,,true,false,12,2021-04-01,2022-03-31,0
2022-05-13,45390,2021-03-31,,31541000000,-0.007,,,,,564000000,0.548,582000000,0.898,,495000000,,137.75,,0.028,0.013,0.018,,47124000000,18014000000,0.382,5006.49,17997000000,1503000000,-1024000000,29000000,10505000000,,0.363,,,,,,true,false,12,2020-04-01,2021-03-31,-1
2022-05-13,45390,2023-03-31,,35000000000,0.077,,,,,300000000,-0.637,500000000,-0.511,,300000000,,83.18,,,,,,,,,,,,,,,,0.601,,,,,,true,true,12,2022-04-01,2023-03-31,1
2022-05-13,45390,2022-03-31,,24011000000,,,,,,-355000000,,-2000000,,249000000,,,68.32,,,,,,35103000000,10994000000,0.313,3004.58,10977000000,,,,,50.00,,,,4261420,651170,3606523,false,false,12,2021-04-01,2022-03-31,0
2022-05-13,45390,2021-03-31,,24384000000,-0.035,,,,,286000000,,690000000,,643000000,,6.443,176.96,,,,,,34589000000,11055000000,0.319,3034.03,11038000000,,,,,50.00,,,,4261420,666511,3594981,false,false,12,2020-04-01,2021-03-31,-1
2022-05-13,45390,2023-03-31,,,,,,,,,,,,,,,,,,,,,,,,,,,,,,50.00,,,,,,,false,true,12,2022-04-01,2023-03-31,1
2022-05-26,45390,2023-03-31,,35000000000,,,,,,300000000,,500000000,,,550000000,,152.50,,,,,,,,,,,,,,,,,,,,,,true,true,12,2022-04-01,2023-03-31,0
2022-05-26,45390,2022-03-31,,32506000000,,,,,,825000000,,1022000000,,,700000000,,194.33,,,,,,,,,,,,,,,,,,,,,,true,false,12,2021-04-01,2022-03-31,-1
2022-07-29,45390,2023-03-31,1,8425000000,0.112,,,,,175000000,,514000000,,,653000000,,180.91,,,,,,51402000000,18610000000,0.362,5150.78,18593000000,,,,,,,,,,,,true,false,3,2022-04-01,2022-06-30,0
2022-07-29,45390,2022-03-31,1,7575000000,,,,,,-26000000,,15000000,,,-13000000,,-3.66,,,,,,,,,,,,,,,,,,,,,,true,false,3,2021-04-01,2021-06-30,-1
2022-07-29,45390,2023-03-31,1,35000000000,0.077,,,,,300000000,-0.637,500000000,-0.511,,550000000,,152.50,,,,,,,,,,,,,,,,,,,,,,true,true,12,2022-04-01,2023-03-31,0
2022-07-29,45390,2022-03-31,1,,,,,,,,,,,,,,,,,,,,49453000000,18501000000,0.374,5119.99,18484000000,,,,,,,,,,,,true,false,12,2021-04-01,2022-03-31,-1
2022-07-29,45390,2022-03-31,1,,,,,,,,,,,,,,,,,,,,,,,,,,,,,50.00,,,,4261420,651170,,false,false,12,2021-04-01,2022-03-31,-1
2022-07-29,45390,2023-03-31,1,,,,,,,,,,,,,,,,,,,,,,,,,,,,,50.00,,,,,,,false,true,12,2022-04-01,2023-03-31,0
2022-07-29,45390,2023-03-31,1,,,,,,,,,,,,,,,,,,,,,,,,,,,,,,,,,4261420,651633,3609829,false,false,3,2022-04-01,2022-06-30,0
2022-07-29,45390,2022-03-31,1,,,,,,,,,,,,,,,,,,,,,,,,,,,,,,,,,,,3594898,false,false,3,2021-04-01,2021-06-30,-1
2022-10-31,45390,2023-03-31,2,16237000000,0.043,,,,,167000000,-0.188,752000000,1.907,,896000000,,248.43,,,,,,50658000000,18974000000,0.374,5252.48,18957000000,,,,,,,,,,,,true,false,6,2022-04-01,2022-09-30,0
2022-10-31,45390,2022-03-31,2,15575000000,,,,,,206000000,,258000000,,,228000000,,63.56,,,,,,,,,,,,,,,,,,,,,,true,false,6,2021-04-01,2021-09-30,-1
2022-10-31,45390,2023-03-31,2,35000000000,0.077,,,,,300000000,-0.637,500000000,-0.511,,550000000,,152.50,,,,,,,,,,,,,,,,,,,,,,true,true,12,2022-04-01,2023-03-31,0
2022-10-31,45390,2022-03-31,2,,,,,,,,,,,,,,,,,,,,49453000000,18501000000,0.374,5119.99,18484000000,,,,,,,,,,,,true,false,12,2021-04-01,2022-03-31,-1
2022-10-31,45390,2022-03-31,2,,,,,,,,,,,,,,,,,,,,,,,,,,,,,50.00,,,,4261420,651170,,false,false,12,2021-04-01,2022-03-31,-1
2022-10-31,45390,2023-03-31,2,,,,,,,,,,,,,,,,,,,,,,,,,,,,,0.00,,,,,,,false,false,12,2022-04-01,2023-03-31,0
2022-10-31,45390,2023-03-31,2,,,,,,,,,,,,,,,,,,,,,,,,,,,,,50.00,,,,,,,false,true,12,2022-04-01,2023-03-31,0
2022-10-31,45390,2023-03-31,2,,,,,,,,,,,,,,,,,,,,,,,,,,,,,,,,,4261420,652123,3609636,false,false,6,2022-04-01,2022-09-30,0
2022-10-31,45390,2022-03-31,2,,,,,,,,,,,,,,,,,,,,,,,,,,,,,,,,,,,3602722,false,false,6,2021-04-01,2021-09-30,-1
2023-01-31,45390,2023-03-31,3,24015000000,-0.029,,,,,192000000,-0.825,549000000,-0.523,,684000000,,189.62,,,,,,50035000000,19171000000,0.383,5307.03,19154000000,,,,,,,,,,,,true,false,9,2022-04-01,2022-12-31,0
2023-01-31,45390,2022-03-31,3,24727000000,,,,,,1099000000,,1152000000,,,952000000,,264.15,,,,,,,,,,,,,,,,,,,,,,true,false,9,2021-04-01,2021-12-31,-1
2023-01-31,45390,2023-03-31,3,32500000000,-0.000,,,,,300000000,-0.637,500000000,-0.511,,550000000,,152.38,,,,,,,,,,,,,,,,,,,,,,true,true,12,2022-04-01,2023-03-31,0
2023-01-31,45390,2022-03-31,3,,,,,,,,,,,,,,,,,,,,49453000000,18501000000,0.374,5119.99,18484000000,,,,,,,,,,,,true,false,12,2021-04-01,2022-03-31,-1
2023-01-31,45390,2022-03-31,3,,,,,,,,,,,,,,,,,,,,,,,,,,,,,50.00,,,,4261420,651170,,false,false,12,2021-04-01,2022-03-31,-1
2023-01-31,45390,2023-03-31,3,,,,,,,,,,,,,,,,,,,,,,,,,,,,,0.00,,,,,,,false,false,12,2022-04-01,2023-03-31,0
2023-01-31,45390,2023-03-31,3,,,,,,,,,,,,,,,,,,,,,,,,,,,,,50.00,,,,,,,false,true,12,2022-04-01,2023-03-31,0
2023-01-31,45390,2023-03-31,3,,,,,,,,,,,,,,,,,,,,,,,,,,,,,,,,,4261420,652241,3609494,false,false,9,2022-04-01,2022-12-31,0
2023-01-31,45390,2022-03-31,3,,,,,,,,,,,,,,,,,,,,,,,,,,,,,,,,,,,3605280,false,false,9,2021-04-01,2021-12-31,-1
2023-05-08,45390,2023-03-31,,31559000000,-0.029,,,,,-241000000,,58000000,-0.883,,339000000,,94.07,,,,,,,,,,,,,,,,,,,,,,true,true,12,2022-04-01,2023-03-31,0
2023-05-08,45390,2022-03-31,,32506000000,,,,,,825000000,,1022000000,,,700000000,,194.33,,,,,,,,,,,,,,,,,,,,,,true,false,12,2021-04-01,2022-03-31,-1
2023-05-12,45390,2023-03-31,,31559000000,-0.029,,,,,-241000000,,58000000,-0.943,,339000000,,94.07,,0.018,0.001,-0.008,,48571000000,18534000000,0.381,5130.65,18517000000,-916000000,-394000000,144000000,10529000000,,0.532,,,,,,true,false,12,2022-04-01,2023-03-31,0
2023-05-12,45390,2022-03-31,,32506000000,,,,,,825000000,,1022000000,,,700000000,,194.33,,0.038,0.021,0.025,,49453000000,18501000000,0.374,5119.99,18484000000,1801000000,35000000,-793000000,11645000000,,0.257,,,,,,true,false,12,2021-04-01,2022-03-31,-1
2023-05-12,45390,2024-03-31,,32700000000,0.036,,,,,200000000,,100000000,0.704,,60000000,,16.62,,,,,,,,,,,,,,,,3.008,,,,,,true,true,12,2023-04-01,2024-03-31,1
2023-05-12,45390,2023-03-31,,21951000000,-0.086,,,,,-1350000000,,-983000000,,-349000000,,,-95.59,,,,,,35912000000,10253000000,0.285,2802.53,10236000000,,,,,50.00,,,,4261420,652254,3609412,false,false,12,2022-04-01,2023-03-31,0
2023-05-12,45390,2022-03-31,,24011000000,,,,,,-355000000,,-2000000,,249000000,,,68.32,,,,,,35103000000,10994000000,0.313,3004.58,10977000000,,,,,50.00,,,,4261420,651170,3606523,false,false,12,2021-04-01,2022-03-31,-1
2023-05-12,45390,2024-03-31,,,,,,,,,,,,,,,,,,,,,,,,,,,,,,50.00,,,,,,,false,true,12,2023-04-01,2024-03-31,1
2023-07-31,45390,2024-03-31,1,7537000000,-0.105,,,,,-106000000,,111000000,-0.782,,79000000,,22.03,,,,,,52078000000,18393000000,0.353,5091.84,18376000000,,,,,,,,,,,,true,false,3,2023-04-01,2023-06-30,0
2023-07-31,45390,2023-03-31,1,8425000000,0.112,,,,,175000000,,514000000,,,653000000,,180.91,,,,,,,,,,,,,,,,,,,,,,true,false,3,2022-04-01,2022-06-30,-1
2023-07-31,45390,2024-03-31,1,32700000000,0.036,,,,,200000000,,100000000,0.704,,60000000,,16.62,,,,,,,,,,,,,,,,,,,,,,true,true,12,2023-04-01,2024-03-31,0
2023-07-31,45390,2023-03-31,1,,,,,,,,,,,,,,,,,,,,48571000000,18534000000,0.381,5130.65,18517000000,,,,,,,,,,,,true,false,12,2022-04-01,2023-03-31,-1
2023-07-31,45390,2023-03-31,1,,,,,,,,,,,,,,,,,,,,,,,,,,,,,50.00,,,,4261420,652254,,false,false,12,2022-04-01,2023-03-31,-1
2023-07-31,45390,2024-03-31,1,,,,,,,,,,,,,,,,,,,,,,,,,,,,,50.00,,,,,,,false,true,12,2023-04-01,2024-03-31,0
2023-07-31,45390,2024-03-31,1,,,,,,,,,,,,,,,,,,,,,,,,,,,,,,,,,4261420,652320,3609112,false,false,3,2023-04-01,2023-06-30,0
2023-07-31,45390,2023-03-31,1,,,,,,,,,,,,,,,,,,,,,,,,,,,,,,,,,,,3609829,false,false,3,2022-04-01,2022-06-30,-1
2023-10-31,45390,2024-03-31,2,14837000000,-0.086,,,,,-298000000,,10000000,-0.986,,31000000,,8.72,,,,,,50870000000,18548000000,0.365,5139.65,18548000000,,,,,,,,,,,,true,false,6,2023-04-01,2023-09-30,0
2023-10-31,45390,2023-03-31,2,16237000000,0.043,,,,,167000000,-0.188,752000000,1.907,,896000000,,248.43,,,,,,,,,,,,,,,,,,,,,,true,false,6,2022-04-01,2022-09-30,-1
2023-10-31,45390,2024-03-31,2,32700000000,0.036,,,,,200000000,,100000000,0.704,,60000000,,16.62,,,,,,,,,,,,,,,,,,,,,,true,true,12,2023-04-01,2024-03-31,0
2023-10-31,45390,2023-03-31,2,,,,,,,,,,,,,,,,,,,,48571000000,18534000000,0.381,5130.65,18517000000,,,,,,,,,,,,true,false,12,2022-04-01,2023-03-31,-1
2023-10-31,45390,2023-03-31,2,,,,,,,,,,,,,,,,,,,,,,,,,,,,,50.00,,,,4261420,652254,,false,false,12,2022-04-01,2023-03-31,-1
2023-10-31,45390,2024-03-31,2,,,,,,,,,,,,,,,,,,,,,,,,,,,,,0.00,,,,,,,false,false,12,2023-04-01,2024-03-31,0
2023-10-31,45390,2024-03-31,2,,,,,,,,,,,,,,,,,,,,,,,,,,,,,50.00,,,,,,,false,true,12,2023-04-01,2024-03-31,0
2023-10-31,45390,2024-03-31,2,,,,,,,,,,,,,,,,,,,,,,,,,,,,,,,,,4261420,652558,3609019,false,false,6,2023-04-01,2023-09-30,0
2023-10-31,45390,2023-03-31,2,,,,,,,,,,,,,,,,,,,,,,,,,,,,,,,,,,,3609636,false,false,6,2022-04-01,2022-09-30,-1
2024-01-31,45390,2024-03-31,3,23069000000,-0.039,,,,,-36000000,,125000000,-0.771,,104000000,,28.89,,,,,,50943000000,18744000000,0.368,5194.33,18744000000,,,,,,,,,,,,true,false,9,2023-04-01,2023-12-31,0
2024-01-31,45390,2023-03-31,3,24015000000,-0.029,,,,,192000000,-0.825,549000000,-0.523,,684000000,,189.62,,,,,,,,,,,,,,,,,,,,,,true,false,9,2022-04-01,2022-12-31,-1
2024-01-31,45390,2024-03-31,3,32700000000,0.036,,,,,200000000,,100000000,0.704,,60000000,,16.62,,,,,,,,,,,,,,,,,,,,,,true,true,12,2023-04-01,2024-03-31,0
2024-01-31,45390,2023-03-31,3,,,,,,,,,,,,,,,,,,,,48571000000,18534000000,0.381,5130.65,18517000000,,,,,,,,,,,,true,false,12,2022-04-01,2023-03-31,-1
2024-01-31,45390,2023-03-31,3,,,,,,,,,,,,,,,,,,,,,,,,,,,,,50.00,,,,4261420,652254,,false,false,12,2022-04-01,2023-03-31,-1
2024-01-31,45390,2024-03-31,3,,,,,,,,,,,,,,,,,,,,,,,,,,,,,0.00,,,,,,,false,false,12,2023-04-01,2024-03-31,0
2024-01-31,45390,2024-03-31,3,,,,,,,,,,,,,,,,,,,,,,,,,,,,,50.00,,,,,,,false,true,12,2023-04-01,2024-03-31,0
2024-01-31,45390,2024-03-31,3,,,,,,,,,,,,,,,,,,,,,,,,,,,,,,,,,4261420,652714,3608934,false,false,9,2023-04-01,2023-12-31,0
2024-01-31,45390,2023-03-31,3,,,,,,,,,,,,,,,,,,,,,,,,,,,,,,,,,,,3609494,false,false,9,2022-04-01,2022-12-31,-1
2024-05-07,45390,2024-03-31,,30748000000,-0.060,,,,,-494000000,,-219000000,,,-180000000,,-50.14,,,,,,,,,,,,,,,,,,,,,,true,true,12,2023-04-01,2024-03-31,0
2024-05-07,45390,2023-03-31,,31559000000,,,,,,-241000000,,58000000,,,339000000,,94.07,,,,,,,,,,,,,,,,,,,,,,true,false,12,2022-04-01,2023-03-31,-1
2024-05-13,45390,2024-03-31,,30748000000,-0.026,,,,,-494000000,,-219000000,,,-180000000,,-50.14,,-0.010,-0.004,-0.016,,49548000000,18460000000,0.373,5116.02,18401000000,296000000,-3139000000,1447000000,9200000000,,,,,,,,true,false,12,2023-04-01,2024-03-31,0
2024-05-13,45390,2023-03-31,,31559000000,-0.029,,,,,-241000000,,58000000,-0.943,,339000000,,94.07,,0.018,0.001,-0.008,,48571000000,18534000000,0.381,5130.65,18517000000,-916000000,-394000000,144000000,10529000000,,0.532,,,,,,true,false,12,2022-04-01,2023-03-31,-1
2024-05-13,45390,2025-03-31,,31500000000,0.024,,,,,200000000,,100000000,,,60000000,,16.63,,,,,,,,,,,,,,,,3.007,,,,,,true,true,12,2024-04-01,2025-03-31,1
2024-05-13,45390,2024-03-31,,22409000000,0.021,,,,,-1049000000,,-1001000000,,-777000000,,,-212.84,,,,,,34868000000,9385000000,0.269,2570.03,9385000000,,,,,50.00,,,,4261420,652976,3608835,false,false,12,2023-04-01,2024-03-31,0
2024-05-13,45390,2023-03-31,,21951000000,-0.086,,,,,-1350000000,,-983000000,,-349000000,,,-95.59,,,,,,35912000000,10253000000,0.285,2802.53,10236000000,,,,,50.00,,,,4261420,652254,3609412,false,false,12,2022-04-01,2023-03-31,-1
2024-05-13,45390,2025-03-31,,,,,,,,,,,,,,,,,,,,,,,,,,,,,,50.00,,,,,,,false,true,12,2024-04-01,2025-03-31,1
2024-07-31,45390,2025-03-31,1,7996000000,0.061,,,,,3000000,,161000000,0.441,,126000000,,35.09,,,,,,51031000000,18385000000,0.360,5095.29,18385000000,,,,,,,,,,,,true,false,3,2024-04-01,2024-06-30,0
2024-07-31,45390,2024-03-31,1,7537000000,-0.105,,,,,-106000000,,111000000,-0.782,,79000000,,22.03,,,,,,,,,,,,,,,,,,,,,,true,false,3,2023-04-01,2023-06-30,-1
2024-07-31,45390,2025-03-31,1,31500000000,0.024,,,,,200000000,,100000000,,,60000000,,16.63,,,,,,,,,,,,,,,,,,,,,,true,true,12,2024-04-01,2025-03-31,0
2024-07-31,45390,2024-03-31,1,,,,,,,,,,,,,,,,,,,,49548000000,18460000000,0.373,5116.02,18460000000,,,,,,,,,,,,true,false,12,2023-04-01,2024-03-31,-1
2024-07-31,45390,2024-03-31,1,,,,,,,,,,,,,,,,,,,,,,,,,,,,,50.00,,,,4261420,652976,,false,false,12,2023-04-01,2024-03-31,-1
2024-07-31,45390,2025-03-31,1,,,,,,,,,,,,,,,,,,,,,,,,,,,,,50.00,,,,,,,false,true,12,2024-04-01,2025-03-31,0
2024-07-31,45390,2025-03-31,1,,,,,,,,,,,,,,,,,,,,,,,,,,,,,,,,,4261420,653176,3608317,false,false,3,2024-04-01,2024-06-30,0
2024-07-31,45390,2024-03-31,1,,,,,,,,,,,,,,,,,,,,,,,,,,,,,,,,,,,3609112,false,false,3,2023-04-01,2023-06-30,-1
2024-10-31,45390,2025-03-31,2,15626000000,0.053,,,,,76000000,,-62000000,,,-44000000,,-12.26,,,,,,52024000000,18552000000,0.357,5141.81,18552000000,,,,,,,,,,,,true,false,6,2024-04-01,2024-09-30,0
2024-10-31,45390,2024-03-31,2,14837000000,-0.086,,,,,-298000000,,10000000,-0.986,,31000000,,8.72,,,,,,,,,,,,,,,,,,,,,,true,false,6,2023-04-01,2023-09-30,-1
2024-10-31,45390,2025-03-31,2,31500000000,0.024,,,,,200000000,,100000000,,,60000000,,16.63,,,,,,,,,,,,,,,,,,,,,,true,true,12,2024-04-01,2025-03-31,0
2024-10-31,45390,2024-03-31,2,,,,,,,,,,,,,,,,,,,,49548000000,18460000000,0.373,5116.02,18460000000,,,,,,,,,,,,true,false,12,2023-04-01,2024-03-31,-1
2024-10-31,45390,2024-03-31,2,,,,,,,,,,,,,,,,,,,,,,,,,,,,,50.00,,,,4261420,652976,,false,false,12,2023-04-01,2024-03-31,-1
2024-10-31,45390,2025-03-31,2,,,,,,,,,,,,,,,,,,,,,,,,,,,,,0.00,,,,,,,false,false,12,2024-04-01,2025-03-31,0
2024-10-31,45390,2025-03-31,2,,,,,,,,,,,,,,,,,,,,,,,,,,,,,50.00,,,,,,,false,true,12,2024-04-01,2025-03-31,0
2024-10-31,45390,2025-03-31,2,,,,,,,,,,,,,,,,,,,,,,,,,,,,,,,,,4261420,653296,3608220,false,false,6,2024-04-01,2024-09-30,0
2024-10-31,45390,2024-03-31,2,,,,,,,,,,,,,,,,,,,,,,,,,,,,,,,,,,,3609019,false,false,6,2023-04-01,2023-09-30,-1
2025-01-31,45390,2025-03-31,3,24307000000,0.054,,,,,355000000,,349000000,1.775,,35000000,,9.82,,,,,,52247000000,18474000000,0.354,5120.29,18474000000,,,,,,,,,,,,true,false,9,2024-04-01,2024-12-31,0
2025-01-31,45390,2024-03-31,3,23069000000,-0.039,,,,,-36000000,,125000000,-0.771,,104000000,,28.89,,,,,,,,,,,,,,,,,,,,,,true,false,9,2023-04-01,2023-12-31,-1
2025-01-31,45390,2025-03-31,3,31500000000,0.024,,,,,200000000,,100000000,,,60000000,,16.63,,,,,,,,,,,,,,,,,,,,,,true,true,12,2024-04-01,2025-03-31,0
2025-01-31,45390,2024-03-31,3,,,,,,,,,,,,,,,,,,,,49548000000,18460000000,0.373,5116.02,18460000000,,,,,,,,,,,,true,false,12,2023-04-01,2024-03-31,-1
2025-01-31,45390,2024-03-31,3,,,,,,,,,,,,,,,,,,,,,,,,,,,,,50.00,,,,4261420,652976,,false,false,12,2023-04-01,2024-03-31,-1
2025-01-31,45390,2025-03-31,3,,,,,,,,,,,,,,,,,,,,,,,,,,,,,0.00,,,,,,,false,false,12,2024-04-01,2025-03-31,0
2025-01-31,45390,2025-03-31,3,,,,,,,,,,,,,,,,,,,,,,,,,,,,,50.00,,,,,,,false,true,12,2024-04-01,2025-03-31,0
2025-01-31,45390,2025-03-31,3,,,,,,,,,,,,,,,,,,,,,,,,,,,,,,,,,4261420,653388,3608167,false,false,9,2024-04-01,2024-12-31,0
2025-01-31,45390,2024-03-31,3,,,,,,,,,,,,,,,,,,,,,,,,,,,,,,,,,,,3608934,false,false,9,2023-04-01,2023-12-31,-1
2025-05-14,45390,2025-03-31,,32570000000,0.059,,,,,606000000,,443000000,,,294000000,,81.72,,0.016,0.009,0.019,,49851000000,19167000000,0.384,5312.46,19167000000,-265000000,-1655000000,-305000000,7021000000,,0.612,,,,,,true,false,12,2024-04-01,2025-03-31,0
2025-05-14,45390,2024-03-31,,30748000000,-0.026,,,,,-494000000,,-219000000,,,-180000000,,-50.14,,-0.010,-0.004,-0.016,,49548000000,18460000000,0.373,5116.02,18460000000,296000000,-3139000000,1447000000,9200000000,,,,,,,,true,false,12,2023-04-01,2024-03-31,-1
2025-05-14,45390,2026-03-31,,35000000000,0.075,,,,,300000000,-0.505,100000000,-0.774,,150000000,,41.57,,,,,,,,,,,,,,,,1.203,,,,,,true,true,12,2025-04-01,2026-03-31,1
2025-05-14,45390,2025-03-31,,23501000000,0.049,,,,,86000000,,339000000,,143000000,,,39.33,,,,,,33051000000,9426000000,0.285,2581.63,9426000000,,,,,50.00,,,,4261420,653458,3608124,false,false,12,2024-04-01,2025-03-31,0
2025-05-14,45390,2024-03-31,,22409000000,0.021,,,,,-1049000000,,-1001000000,,-777000000,,,-212.84,,,,,,34868000000,9385000000,0.269,2570.03,9385000000,,,,,50.00,,,,4261420,652976,3608835,false,false,12,2023-04-01,2024-03-31,-1
2025-05-14,45390,2026-03-31,,,,,,,,,,,,,,,,,,,,,,,,,,,,,,50.00,,,,,,,false,true,12,2025-04-01,2026-03-31,1
2025-06-13,45390,2025-03-31,,32570000000,0.059,,,,,606000000,,443000000,,,294000000,,81.72,,0.016,0.009,0.019,,49851000000,19167000000,0.384,5312.46,19167000000,-265000000,-1655000000,-305000000,7021000000,,0.612,,,,,,true,false,12,2024-04-01,2025-03-31,0
2025-06-13,45390,2024-03-31,,30748000000,-0.026,,,,,-494000000,,-219000000,,,-180000000,,-50.14,,-0.010,-0.004,-0.016,,49548000000,18460000000,0.373,5116.02,18460000000,296000000,-3139000000,1447000000,9200000000,,,,,,,,true,false,12,2023-04-01,2024-03-31,-1
2025-06-13,45390,2026-03-31,,35000000000,0.075,,,,,300000000,-0.505,100000000,-0.774,,150000000,,41.57,,,,,,,,,,,,,,,,1.203,,,,,,true,true,12,2025-04-01,2026-03-31,1
2025-06-13,45390,2025-03-31,,23501000000,0.049,,,,,86000000,,339000000,,143000000,,,39.33,,,,,,33051000000,9426000000,0.285,2581.63,9426000000,,,,,50.00,,,,4261420,653458,3608124,false,false,12,2024-04-01,2025-03-31,0
2025-06-13,45390,2024-03-31,,22409000000,0.021,,,,,-1049000000,,-1001000000,,-777000000,,,-212.84,,,,,,34868000000,9385000000,0.269,2570.03,9385000000,,,,,50.00,,,,4261420,652976,3608835,false,false,12,2023-04-01,2024-03-31,-1
2025-06-13,45390,2026-03-31,,,,,,,,,,,,,,,,,,,,,,,,,,,,,,50.00,,,,,,,false,true,12,2025-04-01,2026-03-31,1
2025-07-31,45390,2026-03-31,1,8248000000,0.031,,,,,232000000,,148000000,-0.079,,227000000,,62.98,,,,,,52684000000,18918000000,0.359,5243.60,18918000000,,,,,,,,,,,,true,false,3,2025-04-01,2025-06-30,0
2025-07-31,45390,2025-03-31,1,7996000000,0.061,,,,,3000000,,161000000,0.441,,126000000,,35.09,,,,,,,,,,,,,,,,,,,,,,true,false,3,2024-04-01,2024-06-30,-1
2025-07-31,45390,2026-03-31,1,35000000000,0.075,,,,,300000000,-0.505,100000000,-0.774,,150000000,,41.57,,,,,,,,,,,,,,,,,,,,,,true,true,12,2025-04-01,2026-03-31,0
2025-07-31,45390,2025-03-31,1,,,,,,,,,,,,,,,,,,,,49851000000,19167000000,0.384,5312.46,19167000000,,,,,,,,,,,,true,false,12,2024-04-01,2025-03-31,-1
2025-07-31,45390,2025-03-31,1,,,,,,,,,,,,,,,,,,,,,,,,,,,,,50.00,,,,4261420,653458,,false,false,12,2024-04-01,2025-03-31,-1
2025-07-31,45390,2026-03-31,1,,,,,,,,,,,,,,,,,,,,,,,,,,,,,50.00,,,,,,,false,true,12,2025-04-01,2026-03-31,0
2025-07-31,45390,2026-03-31,1,,,,,,,,,,,,,,,,,,,,,,,,,,,,,,,,,4261420,653516,3607942,false,false,3,2025-04-01,2025-06-30,0
2025-07-31,45390,2025-03-31,1,,,,,,,,,,,,,,,,,,,,,,,,,,,,,,,,,,,3608317,false,false,3,2024-04-01,2024-06-30,-1
