filing_date,code,fiscal_year_end,quarterly_period,net_sales,net_sales_change,revenue,revenue_change,operating_revenue,operating_revenue_change,operating_profit,operating_profit_change,ordinary_profit,ordinary_profit_change,net_income,net_income_of_parent,net_income_change,eps,diluted_eps,roe,roa,operating_profit_to_net_sales,operating_profit_to_revenue,total_assets,net_assets,equity_ratio,bps,owner_equity,operating_cash_flow,investing_cash_flow,financing_cash_flow,cash,dividend_per_share,payout_ratio,commemorative_dividend,extra_dividend,number_of_shares,number_of_treqsury_shares,avg_number_of_shares,is_consolidated,is_forecast,duration,period_start,period_end,period_pos
2015-07-29,45510,2015-12-31,2,29434000000,,,,,,2461000000,,2541000000,,1632000000,,,57.70,,,,,,94465000000,81504000000,0.863,,81504000000,,,,,,,,,28800000,500308,28299840,false,false,6,2015-01-01,2015-06-30,0
2015-07-29,45510,2014-12-31,2,26856000000,-0.036,,,,,2319000000,-0.109,2381000000,-0.113,1241000000,,-0.206,43.85,,,,,,,,,,,,,,,,,,,,,28300128,false,false,6,2014-01-01,2014-06-30,-1
2015-07-29,45510,2015-12-31,2,62200000000,,,,,,4300000000,,4400000000,,2800000000,,,98.94,,,,,,,,,,,,,,,48.00,,,,,,,false,true,12,2015-01-01,2015-12-31,0
2015-07-29,45510,2014-12-31,2,,,,,,,,,,,,,,,,,,,,92550000000,80225000000,0.867,,80225000000,,,,,40.00,,,,28800000,500068,,false,false,12,2014-01-01,2014-12-31,-1
2015-07-29,45510,2015-12-31,2,,,,,,,,,,,,,,,,,,,,,,,,,,,,,24.00,,,,,,,false,false,12,2015-01-01,2015-12-31,0
2015-10-30,45510,2015-12-31,3,44841000000,,,,,,3494000000,,3666000000,,2331000000,,,82.37,,,,,,98200000000,81514000000,0.830,,81514000000,,,,,,,,,28800000,500528,28299737,false,false,9,2015-01-01,2015-09-30,0
2015-10-30,45510,2015-12-31,3,61300000000,,,,,,4000000000,,4200000000,,2600000000,,,91.87,,,,,,,,,,,,,,,48.00,,,,,,,false,true,12,2015-01-01,2015-12-31,0
2015-10-30,45510,2014-12-31,3,,,,,,,,,,,,,,,,,,,,92550000000,80225000000,0.867,,80225000000,,,,,40.00,,,,28800000,500068,,false,false,12,2014-01-01,2014-12-31,-1
2015-10-30,45510,2015-12-31,3,,,,,,,,,,,,,,,,,,,,,,,,,,,,,24.00,,,,,,,false,false,12,2015-01-01,2015-12-31,0
2016-01-18,45510,2015-12-31,,62370000000,0.017,,,,,4910000000,0.228,5130000000,0.221,3520000000,,0.354,124.38,,,,,,,,,,,,,,,,,,,,,,false,true,12,2015-01-01,2015-12-31,0
2016-02-03,45510,2015-12-31,,62378000000,,,,,,4919000000,,5135000000,,3527000000,,,124.65,,0.043,0.054,0.079,,98868000000,82826000000,0.838,2926.81,82826000000,4940000000,957000000,-1582000000,36210000000,48.00,0.385,,,28800000,500768,28299629,false,false,12,2015-01-01,2015-12-31,0
2016-02-03,45510,2014-12-31,,43504000000,,,,,,4032000000,,4142000000,,2419000000,,,85.50,,0.030,0.045,0.093,,92550000000,80225000000,0.867,2834.82,80225000000,-609000000,499000000,-1410000000,31894000000,40.00,0.468,,,28800000,500068,28300100,false,false,12,2014-01-01,2014-12-31,-1
2016-02-03,45510,2016-12-31,,61000000000,-0.022,,,,,3300000000,-0.329,3400000000,-0.338,2300000000,,-0.348,81.27,,,,,,,,,,,,,,,48.00,0.591,,,,,,false,true,12,2016-01-01,2016-12-31,1
2016-04-27,45510,2016-12-31,1,13740000000,0.033,,,,,1184000000,0.590,1223000000,0.540,803000000,,0.508,28.39,,,,,,97860000000,82836000000,0.846,,82836000000,,,,,,,,,28800000,500811,28299195,false,false,3,2016-01-01,2016-03-31,0
2016-04-27,45510,2015-12-31,1,13298000000,,,,,,745000000,,794000000,,532000000,,,18.83,,,,,,,,,,,,,,,,,,,,,28299896,false,false,3,2015-01-01,2015-03-31,-1
2016-04-27,45510,2016-12-31,1,61000000000,-0.022,,,,,3300000000,-0.329,3400000000,-0.338,2300000000,,-0.348,81.27,,,,,,,,,,,,,,,48.00,,,,,,,false,true,12,2016-01-01,2016-12-31,0
2016-04-27,45510,2015-12-31,1,,,,,,,,,,,,,,,,,,,,98868000000,82826000000,0.838,,82826000000,,,,,48.00,,,,28800000,500768,,false,false,12,2015-01-01,2015-12-31,-1
2016-07-28,45510,2016-12-31,2,29013000000,-0.014,,,,,2217000000,-0.099,2291000000,-0.099,1483000000,,-0.091,52.43,,,,,,97676000000,83456000000,0.854,,83454000000,,,,,,,,,28800000,500811,28299192,false,false,6,2016-01-01,2016-06-30,0
2016-07-28,45510,2015-12-31,2,29434000000,,,,,,2461000000,,2541000000,,1632000000,,,57.70,,,,,,,,,,,,,,,,,,,,,28299840,false,false,6,2015-01-01,2015-06-30,-1
2016-07-28,45510,2016-12-31,2,61000000000,-0.022,,,,,3000000000,-0.390,3100000000,-0.396,2000000000,,-0.433,70.67,,,,,,,,,,,,,,,48.00,,,,,,,false,true,12,2016-01-01,2016-12-31,0
2016-07-28,45510,2015-12-31,2,,,,,,,,,,,,,,,,,,,,98868000000,82826000000,0.838,,82826000000,,,,,48.00,,,,28800000,500768,,false,false,12,2015-01-01,2015-12-31,-1
2016-07-28,45510,2016-12-31,2,,,,,,,,,,,,,,,,,,,,,,,,,,,,,24.00,,,,,,,false,false,12,2016-01-01,2016-12-31,0
2016-10-28,45510,2016-12-31,3,43768000000,-0.024,,,,,2574000000,-0.263,2713000000,-0.260,1755000000,,-0.247,62.04,,,,,,96711000000,83071000000,0.859,,83068000000,,,,,,,,,28800000,500931,28299174,false,false,9,2016-01-01,2016-09-30,0
2016-10-28,45510,2015-12-31,3,44841000000,,,,,,3494000000,,3666000000,,2331000000,,,82.37,,,,,,,,,,,,,,,,,,,,,28299737,false,false,9,2015-01-01,2015-09-30,-1
2016-10-28,45510,2016-12-31,3,60500000000,-0.030,,,,,3000000000,-0.390,3100000000,-0.396,2100000000,,-0.405,74.21,,,,,,,,,,,,,,,48.00,,,,,,,false,true,12,2016-01-01,2016-12-31,0
2016-10-28,45510,2015-12-31,3,,,,,,,,,,,,,,,,,,,,98868000000,82826000000,0.838,,82826000000,,,,,48.00,,,,28800000,500768,,false,false,12,2015-01-01,2015-12-31,-1
2016-10-28,45510,2016-12-31,3,,,,,,,,,,,,,,,,,,,,,,,,,,,,,24.00,,,,,,,false,false,12,2016-01-01,2016-12-31,0
2017-01-23,45510,2016-12-31,,60200000000,-0.005,,,,,3810000000,0.270,3990000000,0.287,2770000000,,0.319,97.94,,,,,,,,,,,,,,,,,,,,,,false,true,12,2016-01-01,2016-12-31,0
2017-01-23,45510,2015-12-31,,62378000000,,,,,,4919000000,,5135000000,,3527000000,,,124.65,,,,,,,,,,,,,,,,,,,,,,false,false,12,2015-01-01,2015-12-31,-1
2017-02-02,45510,2016-12-31,,60206000000,-0.035,,,,,3819000000,-0.224,3999000000,-0.221,2839000000,,-0.195,100.41,,0.034,0.041,0.063,,98525000000,83556000000,0.848,2978.80,83551000000,3402000000,1361000000,-2289000000,38685000000,48.00,0.478,,,28800000,751125,28283414,false,false,12,2016-01-01,2016-12-31,0
2017-02-02,45510,2015-12-31,,62378000000,,,,,,4919000000,,5135000000,,3527000000,,,124.65,,0.043,0.054,0.079,,98868000000,82826000000,0.838,2926.81,82826000000,4940000000,957000000,-1582000000,36210000000,48.00,0.385,,,28800000,500768,28299629,false,false,12,2015-01-01,2015-12-31,-1
2017-02-02,45510,2017-12-31,,64500000000,0.071,,,,,5300000000,0.388,5400000000,0.350,3900000000,,0.373,139.04,,,,,,,,,,,,,,,48.00,0.345,,,,,,false,true,12,2017-01-01,2017-12-31,1
2017-04-27,45510,2017-12-31,1,13608000000,-0.010,,,,,533000000,-0.549,555000000,-0.546,388000000,,-0.516,13.85,,,,,,97849000000,83244000000,0.851,,83238000000,,,,,,,,,28800000,751168,28048866,false,false,3,2017-01-01,2017-03-31,0
2017-04-27,45510,2016-12-31,1,13740000000,0.033,,,,,1184000000,0.590,1223000000,0.540,803000000,,0.508,28.39,,,,,,,,,,,,,,,,,,,,,28299195,false,false,3,2016-01-01,2016-03-31,-1
2017-04-27,45510,2017-12-31,1,64500000000,0.071,,,,,5300000000,0.388,5400000000,0.350,3900000000,,0.373,139.04,,,,,,,,,,,,,,,48.00,,,,,,,false,true,12,2017-01-01,2017-12-31,0
2017-04-27,45510,2016-12-31,1,,,,,,,,,,,,,,,,,,,,98525000000,83556000000,0.848,,83551000000,,,,,48.00,,,,28800000,751125,,false,false,12,2016-01-01,2016-12-31,-1
2017-07-27,45510,2017-12-31,2,30090000000,0.037,,,,,2371000000,0.070,2413000000,0.053,1761000000,,0.187,62.78,,,,,,98785000000,84692000000,0.857,,84685000000,,,,,,,,,28800000,751288,28048828,false,false,6,2017-01-01,2017-06-30,0
2017-07-27,45510,2016-12-31,2,29013000000,-0.014,,,,,2217000000,-0.099,2291000000,-0.099,1483000000,,-0.091,52.43,,,,,,,,,,,,,,,,,,,,,28299192,false,false,6,2016-01-01,2016-06-30,-1
2017-07-27,45510,2017-12-31,2,63100000000,0.048,,,,,5300000000,0.388,5400000000,0.350,3900000000,,0.373,139.04,,,,,,,,,,,,,,,48.00,,,,,,,false,true,12,2017-01-01,2017-12-31,0
2017-07-27,45510,2016-12-31,2,,,,,,,,,,,,,,,,,,,,98525000000,83556000000,0.848,,83551000000,,,,,48.00,,,,28800000,751125,,false,false,12,2016-01-01,2016-12-31,-1
2017-07-27,45510,2017-12-31,2,,,,,,,,,,,,,,,,,,,,,,,,,,,,,24.00,,,,,,,false,false,12,2017-01-01,2017-12-31,0
2017-10-26,45510,2017-12-31,3,45726000000,0.045,,,,,3660000000,0.422,3735000000,0.376,2771000000,,0.579,98.83,,,,,,100362000000,85025000000,0.847,,85016000000,,,,,,,,,28800000,751348,28048772,false,false,9,2017-01-01,2017-09-30,0
2017-10-26,45510,2016-12-31,3,43768000000,-0.024,,,,,2574000000,-0.263,2713000000,-0.260,1755000000,,-0.247,62.04,,,,,,,,,,,,,,,,,,,,,28299174,false,false,9,2016-01-01,2016-09-30,-1
2017-10-26,45510,2017-12-31,3,63100000000,0.048,,,,,5000000000,0.309,5100000000,0.275,3800000000,,0.338,135.48,,,,,,,,,,,,,,,48.00,,,,,,,false,true,12,2017-01-01,2017-12-31,0
2017-10-26,45510,2016-12-31,3,,,,,,,,,,,,,,,,,,,,98525000000,83556000000,0.848,,83551000000,,,,,48.00,,,,28800000,751125,,false,false,12,2016-01-01,2016-12-31,-1
2017-10-26,45510,2017-12-31,3,,,,,,,,,,,,,,,,,,,,,,,,,,,,,24.00,,,,,,,false,false,12,2017-01-01,2017-12-31,0
2018-01-22,45510,2017-12-31,,64130000000,0.016,,,,,6280000000,0.256,6400000000,0.255,4710000000,,0.239,167.92,,,,,,,,,,,,,,,,,,,,,,false,true,12,2017-01-01,2017-12-31,0
2018-01-22,45510,2016-12-31,,60206000000,,,,,,3819000000,,3999000000,,2839000000,,,100.41,,,,,,,,,,,,,,,,,,,,,,false,false,12,2016-01-01,2016-12-31,-1
2018-02-06,45510,2017-12-31,,64135000000,0.065,,,,,6281000000,0.645,6403000000,0.601,4718000000,,0.661,168.22,168.22,0.055,0.063,0.098,,104741000000,87119000000,0.832,3105.68,87109000000,6349000000,-7593000000,-1546000000,35895000000,48.00,0.285,,,28800000,751603,28048699,false,false,12,2017-01-01,2017-12-31,0
2018-02-06,45510,2016-12-31,,60206000000,-0.035,,,,,3819000000,-0.224,3999000000,-0.221,2839000000,,-0.195,100.41,,0.034,0.041,0.063,,98525000000,83556000000,0.848,2978.80,83551000000,3402000000,1361000000,-2289000000,38685000000,48.00,0.478,,,28800000,751125,28283414,false,false,12,2016-01-01,2016-12-31,-1
2018-02-06,45510,2018-12-31,,60700000000,-0.054,,,,,3500000000,-0.443,3600000000,-0.438,2600000000,,-0.449,92.70,,,,,,,,,,,,,,,48.00,0.518,,,,,,false,true,12,2018-01-01,2018-12-31,1
2018-04-26,45510,2018-12-31,1,13930000000,0.024,,,,,769000000,0.442,790000000,0.422,569000000,,0.464,20.29,20.29,,,,,102487000000,86969000000,0.848,,86958000000,,,,,,,,,28800000,751728,28048378,false,false,3,2018-01-01,2018-03-31,0
2018-04-26,45510,2017-12-31,1,13608000000,-0.010,,,,,533000000,-0.549,555000000,-0.546,388000000,,-0.516,13.85,,,,,,,,,,,,,,,,,,,,,28048866,false,false,3,2017-01-01,2017-03-31,-1
2018-04-26,45510,2018-12-31,1,60700000000,-0.054,,,,,3500000000,-0.443,3600000000,-0.438,2600000000,,-0.449,92.70,,,,,,,,,,,,,,,48.00,,,,,,,false,true,12,2018-01-01,2018-12-31,0
2018-04-26,45510,2017-12-31,1,,,,,,,,,,,,,,,,,,,,104741000000,87119000000,0.832,,87109000000,,,,,48.00,,,,28800000,751603,,false,false,12,2017-01-01,2017-12-31,-1
2018-07-30,45510,2018-12-31,2,30551000000,0.015,,,,,2109000000,-0.110,2162000000,-0.104,1548000000,,-0.120,55.22,55.21,,,,,103608000000,88041000000,0.850,,88030000000,,,,,,,,,28800000,738670,28053086,false,false,6,2018-01-01,2018-06-30,0
2018-07-30,45510,2017-12-31,2,30090000000,0.037,,,,,2371000000,0.070,2413000000,0.053,1761000000,,0.187,62.78,,,,,,,,,,,,,,,,,,,,,28048828,false,false,6,2017-01-01,2017-06-30,-1
2018-07-30,45510,2018-12-31,2,61500000000,-0.041,,,,,3500000000,-0.443,3600000000,-0.438,2600000000,,-0.449,92.68,,,,,,,,,,,,,,,48.00,,,,,,,false,true,12,2018-01-01,2018-12-31,0
2018-07-30,45510,2017-12-31,2,,,,,,,,,,,,,,,,,,,,104741000000,87119000000,0.832,,87109000000,,,,,48.00,,,,28800000,751603,,false,false,12,2017-01-01,2017-12-31,-1
2018-07-30,45510,2018-12-31,2,,,,,,,,,,,,,,,,,,,,,,,,,,,,,24.00,,,,,,,false,false,12,2018-01-01,2018-12-31,0
2018-10-31,45510,2018-12-31,3,45543000000,-0.004,,,,,3044000000,-0.168,3134000000,-0.161,2248000000,,-0.189,80.14,80.14,,,,,104754000000,88184000000,0.842,,88173000000,,,,,,,,,28800000,738710,28055857,false,false,9,2018-01-01,2018-09-30,0
2018-10-31,45510,2017-12-31,3,45726000000,0.045,,,,,3660000000,0.422,3735000000,0.376,2771000000,,0.579,98.83,,,,,,,,,,,,,,,,,,,,,28048772,false,false,9,2017-01-01,2017-09-30,-1
2018-10-31,45510,2018-12-31,3,62000000000,-0.033,,,,,4100000000,-0.347,4200000000,-0.344,3000000000,,-0.364,106.93,,,,,,,,,,,,,,,48.00,,,,,,,false,true,12,2018-01-01,2018-12-31,0
2018-10-31,45510,2017-12-31,3,,,,,,,,,,,,,,,,,,,,104741000000,87119000000,0.832,,87109000000,,,,,48.00,,,,28800000,751603,,false,false,12,2017-01-01,2017-12-31,-1
2018-10-31,45510,2018-12-31,3,,,,,,,,,,,,,,,,,,,,,,,,,,,,,24.00,,,,,,,false,false,12,2018-01-01,2018-12-31,0
2019-02-06,45510,2018-12-31,,62551000000,-0.025,,,,,4951000000,-0.212,5080000000,-0.207,1164000000,,-0.753,41.51,,0.013,0.049,0.079,,103546000000,87092000000,0.841,3103.28,87081000000,8259000000,-27068000000,-1432000000,15654000000,48.00,1.156,,,28800000,738846,28057218,false,false,12,2018-01-01,2018-12-31,0
2019-02-06,45510,2017-12-31,,64135000000,0.065,,,,,6281000000,0.645,6403000000,0.601,4718000000,,0.661,168.22,168.22,0.055,0.063,0.098,,104741000000,87119000000,0.832,3105.68,87109000000,6349000000,-7593000000,-1546000000,35895000000,48.00,0.285,,,28800000,751603,28048699,false,false,12,2017-01-01,2017-12-31,-1
2019-02-06,45510,2019-12-31,,38000000000,-0.392,,,,,-3200000000,,-3100000000,,22500000000,,,801.82,,,,,,,,,,,,,,,48.00,0.060,,,,,,false,true,12,2019-01-01,2019-12-31,1
2019-04-25,45510,2019-12-31,1,9161000000,-0.342,,,,,-709000000,,-656000000,,28522000000,,,1016.43,,,,,,148785000000,115177000000,0.774,,115166000000,,,,,,,,,28800000,738926,28061131,false,false,3,2019-01-01,2019-03-31,0
2019-04-25,45510,2018-12-31,1,13930000000,0.024,,,,,769000000,0.442,790000000,0.422,569000000,,0.464,20.29,20.29,,,,,,,,,,,,,,,,,,,,28048378,false,false,3,2018-01-01,2018-03-31,-1
2019-04-25,45510,2019-12-31,1,38000000000,-0.392,,,,,-3200000000,,-3100000000,,22500000000,,,801.82,,,,,,,,,,,,,,,48.00,,,,,,,false,true,12,2019-01-01,2019-12-31,0
2019-04-25,45510,2018-12-31,1,,,,,,,,,,,,,,,,,,,,103253000000,87092000000,0.843,,87081000000,,,,,48.00,,,,28800000,738846,,false,false,12,2018-01-01,2018-12-31,-1
2019-07-31,45510,2019-12-31,2,20684000000,-0.323,,,,,290000000,-0.862,402000000,-0.814,26194000000,,,933.34,,,,,,148583000000,112852000000,0.759,,112841000000,,,,,,,,,28800000,726341,28065832,false,false,6,2019-01-01,2019-06-30,0
2019-07-31,45510,2018-12-31,2,30551000000,0.015,,,,,2109000000,-0.110,2162000000,-0.104,1548000000,,-0.120,55.22,55.21,,,,,,,,,,,,,,,,,,,,28053086,false,false,6,2018-01-01,2018-06-30,-1
2019-07-31,45510,2019-12-31,2,40800000000,-0.348,,,,,-700000000,,-400000000,,24700000000,,,880.07,,,,,,,,,,,,,,,48.00,,,,,,,false,true,12,2019-01-01,2019-12-31,0
2019-07-31,45510,2018-12-31,2,,,,,,,,,,,,,,,,,,,,103253000000,87092000000,0.843,,87081000000,,,,,48.00,,,,28800000,738846,,false,false,12,2018-01-01,2018-12-31,-1
2019-07-31,45510,2019-12-31,2,,,,,,,,,,,,,,,,,,,,,,,,,,,,,24.00,,,,,,,false,false,12,2019-01-01,2019-12-31,0
2019-07-31,45510,2019-12-31,,40800000000,0.074,,,,,-700000000,,-400000000,,24700000000,,0.098,880.07,,,,,,,,,,,,,,,,,,,,,,false,true,12,2019-01-01,2019-12-31,0
2019-07-31,45510,2018-12-31,,62551000000,,,,,,4951000000,,5080000000,,1164000000,,,41.51,,,,,,,,,,,,,,,,,,,,,,false,false,12,2018-01-01,2018-12-31,-1
2019-10-31,45510,2019-12-31,3,31320000000,-0.312,,,,,662000000,-0.782,839000000,-0.732,26466000000,,,942.93,,,,,,147236000000,112472000000,0.764,,112461000000,,,,,,,,,28800000,726381,28068464,false,false,9,2019-01-01,2019-09-30,0
2019-10-31,45510,2018-12-31,3,45543000000,-0.004,,,,,3044000000,-0.168,3134000000,-0.161,2248000000,,-0.189,80.14,80.14,,,,,,,,,,,,,,,,,,,,28055857,false,false,9,2018-01-01,2018-09-30,-1
2019-10-31,45510,2019-12-31,3,42700000000,-0.317,,,,,700000000,-0.859,1000000000,-0.803,25700000000,,,915.62,,,,,,,,,,,,,,,48.00,,,,,,,false,true,12,2019-01-01,2019-12-31,0
2019-10-31,45510,2018-12-31,3,,,,,,,,,,,,,,,,,,,,103253000000,87092000000,0.843,,87081000000,,,,,48.00,,,,28800000,738846,,false,false,12,2018-01-01,2018-12-31,-1
2019-10-31,45510,2019-12-31,3,,,,,,,,,,,,,,,,,,,,,,,,,,,,,24.00,,,,,,,false,false,12,2019-01-01,2019-12-31,0
2019-10-31,45510,2019-12-31,,42700000000,0.047,,,,,700000000,,1000000000,,25700000000,,0.040,915.62,,,,,,,,,,,,,,,,,,,,,,false,true,12,2019-01-01,2019-12-31,0
2019-10-31,45510,2018-12-31,,62551000000,,,,,,4951000000,,5080000000,,1164000000,,,41.51,,,,,,,,,,,,,,,,,,,,,,false,false,12,2018-01-01,2018-12-31,-1
2020-01-20,45510,2019-12-31,,42990000000,0.007,,,,,1430000000,1.043,1690000000,0.690,27360000000,,0.065,974.71,,,,,,,,,,,,,,,,,,,,,,false,true,12,2019-01-01,2019-12-31,0
2020-01-20,45510,2018-12-31,,62551000000,,,,,,4915000000,,5080000000,,1164000000,,,41.51,,,,,,,,,,,,,,,,,,,,,,false,false,12,2018-01-01,2018-12-31,-1
2020-02-06,45510,2019-12-31,,42998000000,-0.313,,,,,1430000000,-0.711,1691000000,-0.667,27367000000,,,974.98,,0.273,0.014,0.033,,139943000000,113125000000,0.808,4029.30,113114000000,42499000000,2099000000,-1433000000,58819000000,48.00,0.049,,,28800000,726961,28069668,false,false,12,2019-01-01,2019-12-31,0
2020-02-06,45510,2018-12-31,,62551000000,-0.025,,,,,4951000000,-0.212,5080000000,-0.207,1164000000,,-0.753,41.51,,0.013,0.049,0.079,,103253000000,87092000000,0.843,3103.28,87081000000,8259000000,-27068000000,-1432000000,15654000000,48.00,1.156,,,28800000,738846,28057218,false,false,12,2018-01-01,2018-12-31,-1
2020-02-06,45510,2020-12-31,,41600000000,-0.033,,,,,3000000000,1.097,3300000000,0.950,2100000000,,-0.923,74.80,,,,,,,,,,,,,,,48.00,0.642,,,,,,false,true,12,2020-01-01,2020-12-31,1
2020-04-30,45510,2020-12-31,1,9571000000,0.045,,,,,1252000000,,1317000000,,862000000,,-0.970,30.74,30.73,,,,,123967000000,113138000000,0.913,,113127000000,,,,,,,,,28800000,727021,28072986,false,false,3,2020-01-01,2020-03-31,0
2020-04-30,45510,2019-12-31,1,9161000000,-0.342,,,,,-709000000,,-656000000,,28522000000,,,1016.43,,,,,,,,,,,,,,,,,,,,,28061131,false,false,3,2019-01-01,2019-03-31,-1
2020-04-30,45510,2020-12-31,1,41600000000,-0.033,,,,,3000000000,1.097,3300000000,0.950,2100000000,,-0.923,74.80,,,,,,,,,,,,,,,48.00,,,,,,,false,true,12,2020-01-01,2020-12-31,0
2020-04-30,45510,2019-12-31,1,,,,,,,,,,,,,,,,,,,,139943000000,113125000000,0.808,,113114000000,,,,,48.00,,,,28800000,726961,,false,false,12,2019-01-01,2019-12-31,-1
2020-07-31,45510,2020-12-31,2,19857000000,-0.040,,,,,2738000000,8.413,2903000000,6.209,1800000000,,-0.931,64.14,64.13,,,,,124734000000,114112000000,0.915,,114101000000,,,,,,,,,28800000,717505,28076555,false,false,6,2020-01-01,2020-06-30,0
2020-07-31,45510,2019-12-31,2,20684000000,-0.323,,,,,290000000,-0.862,402000000,-0.814,26194000000,,,933.34,,,,,,,,,,,,,,,,,,,,,28065832,false,false,6,2019-01-01,2019-06-30,-1
2020-07-31,45510,2020-12-31,2,40900000000,-0.049,,,,,3700000000,1.586,4000000000,1.364,2600000000,,-0.905,92.60,,,,,,,,,,,,,,,48.00,,,,,,,false,true,12,2020-01-01,2020-12-31,0
2020-07-31,45510,2019-12-31,2,,,,,,,,,,,,,,,,,,,,139943000000,113125000000,0.808,,113114000000,,,,,48.00,,,,28800000,726961,,false,false,12,2019-01-01,2019-12-31,-1
2020-07-31,45510,2020-12-31,2,,,,,,,,,,,,,,,,,,,,,,,,,,,,,24.00,,,,,,,false,false,12,2020-01-01,2020-12-31,0
2020-10-30,45510,2020-12-31,3,30172000000,-0.037,,,,,3553000000,4.365,3753000000,3.469,2508000000,,-0.905,89.34,89.33,,,,,124438000000,114180000000,0.917,,114169000000,,,,,,,,,28800000,717548,28078538,false,false,9,2020-01-01,2020-09-30,0
2020-10-30,45510,2019-12-31,3,31320000000,-0.312,,,,,662000000,-0.782,839000000,-0.732,26466000000,,,942.93,,,,,,,,,,,,,,,,,,,,,28068464,false,false,9,2019-01-01,2019-09-30,-1
2020-10-30,45510,2020-12-31,3,41000000000,-0.046,,,,,4200000000,1.936,4500000000,1.660,3100000000,,-0.887,110.40,,,,,,,,,,,,,,,48.00,,,,,,,false,true,12,2020-01-01,2020-12-31,0
2020-10-30,45510,2019-12-31,3,,,,,,,,,,,,,,,,,,,,139943000000,113000000,0.808,,113114000000,,,,,48.00,,,,28800000,726961,,false,false,12,2019-01-01,2019-12-31,-1
2020-10-30,45510,2020-12-31,3,,,,,,,,,,,,,,,,,,,,,,,,,,,,,24.00,,,,,,,false,false,12,2020-01-01,2020-12-31,0
2021-02-04,45510,2020-12-31,,41700000000,-0.030,,,,,4738000000,2.312,4971000000,1.938,3495000000,,-0.872,124.47,124.46,0.031,0.037,0.114,,126026000000,115091000000,0.913,4097.55,115081000000,-3443000000,7625000000,-1425000000,61576000000,48.00,0.386,,,28800000,714558,28079831,false,false,12,2020-01-01,2020-12-31,0
2021-02-04,45510,2019-12-31,,42998000000,-0.313,,,,,1430000000,-0.711,1691000000,-0.667,27367000000,,,974.98,,0.273,0.014,0.033,,139943000000,113125000000,0.808,4029.30,113114000000,42499000000,2099000000,-1433000000,58819000000,48.00,0.049,,,28800000,726961,28069668,false,false,12,2019-01-01,2019-12-31,-1
2021-02-04,45510,2021-12-31,,45700000000,0.096,,,,,3800000000,-0.198,4100000000,-0.175,2700000000,,-0.228,96.14,,,,,,,,,,,,,,,48.00,0.499,,,,,,false,true,12,2021-01-01,2021-12-31,1
2021-04-28,45510,2021-12-31,1,9899000000,0.034,,,,,689000000,-0.449,650000000,-0.506,436000000,,-0.495,15.53,15.53,,,,,127285000000,114827000000,0.902,,114817000000,,,,,,,,,28800000,714558,28085442,false,false,3,2021-01-01,2021-03-31,0
2021-04-28,45510,2020-12-31,1,9571000000,0.045,,,,,1252000000,,1317000000,,862000000,,-0.970,30.74,30.73,,,,,,,,,,,,,,,,,,,,28072986,false,false,3,2020-01-01,2020-03-31,-1
2021-04-28,45510,2021-12-31,1,45700000000,0.096,,,,,3800000000,-0.198,4100000000,-0.175,2700000000,,-0.228,96.14,,,,,,,,,,,,,,,48.00,,,,,,,false,true,12,2021-01-01,2021-12-31,0
2021-04-28,45510,2020-12-31,1,,,,,,,,,,,,,,,,,,,,126026000000,115091000000,0.913,,115081000000,,,,,48.00,,,,28800000,714558,,false,false,12,2020-01-01,2020-12-31,-1
2021-07-30,45510,2021-12-31,2,21555000000,0.085,,,,,1788000000,-0.347,1851000000,-0.362,1244000000,,-0.309,44.30,,,,,,126523000000,115570000000,0.913,,115570000000,,,,,,,,,28800000,707557,28088111,false,false,6,2021-01-01,2021-06-30,0
2021-07-30,45510,2020-12-31,2,19857000000,-0.040,,,,,2738000000,8.413,2903000000,6.209,1800000000,,-0.931,64.14,64.13,,,,,,,,,,,,,,,,,,,,28076555,false,false,6,2020-01-01,2020-06-30,-1
2021-07-30,45510,2021-12-31,2,46400000000,0.113,,,,,4000000000,-0.156,4200000000,-0.155,2800000000,,-0.199,99.69,,,,,,,,,,,,,,,48.00,,,,,,,false,true,12,2021-01-01,2021-12-31,0
2021-07-30,45510,2020-12-31,2,,,,,,,,,,,,,,,,,,,,126026000000,115091000000,0.913,,115081000000,,,,,48.00,,,,28800000,714558,,false,false,12,2020-01-01,2020-12-31,-1
2021-07-30,45510,2021-12-31,2,,,,,,,,,,,,,,,,,,,,,,,,,,,,,24.00,,,,,,,false,false,12,2021-01-01,2021-12-31,0
2021-10-29,45510,2021-12-31,3,33437000000,0.108,,,,,3153000000,-0.113,3257000000,-0.132,2238000000,,-0.108,79.68,,,,,,128751000000,115887000000,0.900,,115887000000,,,,,,,,,28800000,707557,28089571,false,false,9,2021-01-01,2021-09-30,0
2021-10-29,45510,2020-12-31,3,30172000000,-0.037,,,,,3553000000,4.365,3753000000,3.469,2508000000,,-0.905,89.34,89.33,,,,,,,,,,,,,,,,,,,,28078538,false,false,9,2020-01-01,2020-09-30,-1
2021-10-29,45510,2021-12-31,3,46900000000,0.125,,,,,4500000000,-0.050,4700000000,-0.055,3200000000,,-0.084,113.92,,,,,,,,,,,,,,,48.00,,,,,,,false,true,12,2021-01-01,2021-12-31,0
2021-10-29,45510,2020-12-31,3,,,,,,,,,,,,,,,,,,,,126026000000,115091000000,0.913,,115081000000,,,,,48.00,,,,28800000,714558,,false,false,12,2020-01-01,2020-12-31,-1
2021-10-29,45510,2021-12-31,3,,,,,,,,,,,,,,,,,,,,,,,,,,,,,24.00,,,,,,,false,false,12,2021-01-01,2021-12-31,0
2022-02-10,45510,2021-12-31,,46987000000,0.127,,,,,4656000000,-0.017,4847000000,-0.025,3374000000,,-0.035,120.13,,0.029,0.038,0.099,,130810000000,117015000000,0.895,4165.38,117015000000,-156000000,-1498000000,-1546000000,58374000000,48.00,0.400,,,28800000,707605,28090290,false,false,12,2021-01-01,2021-12-31,0
2022-02-10,45510,2020-12-31,,41700000000,-0.030,,,,,4738000000,2.312,4971000000,1.938,3495000000,,-0.872,124.47,124.46,0.031,0.037,0.114,,126026000000,115091000000,0.913,4097.55,115081000000,-3443000000,7625000000,-1425000000,61576000000,48.00,0.386,,,28800000,714558,28079831,false,false,12,2020-01-01,2020-12-31,-1
2022-02-10,45510,2022-12-31,,48200000000,,,,,,5200000000,0.117,5400000000,0.114,3800000000,,0.126,135.27,,,,,,,,,,,,,,,48.00,0.355,,,,,,false,true,12,2022-01-01,2022-12-31,1
2022-04-28,45510,2022-12-31,1,10960000000,,,,,,1292000000,0.873,1246000000,0.916,882000000,,1.023,31.40,,,,,,129334000000,117189000000,0.906,,117189000000,,,,,,,,,28800000,707605,28092395,false,false,3,2022-01-01,2022-03-31,0
2022-04-28,45510,2021-12-31,1,9899000000,0.034,,,,,689000000,-0.449,650000000,-0.506,436000000,,-0.495,15.53,15.53,,,,,,,,,,,,,,,,,,,,28085442,false,false,3,2021-01-01,2021-03-31,-1
2022-04-28,45510,2022-12-31,1,48200000000,,,,,,5200000000,0.117,5400000000,0.114,3800000000,,0.126,135.27,,,,,,,,,,,,,,,48.00,,,,,,,false,true,12,2022-01-01,2022-12-31,0
2022-04-28,45510,2021-12-31,1,,,,,,,,,,,,,,,,,,,,130810000000,117015000000,0.895,,117015000000,,,,,48.00,,,,28800000,707605,,false,false,12,2021-01-01,2021-12-31,-1
2022-07-29,45510,2022-12-31,2,23102000000,,,,,,2682000000,0.500,2468000000,0.333,1845000000,,0.483,65.69,,,,,,130806000000,118005000000,0.902,,118005000000,,,,,,,,,28800000,701068,28094741,false,false,6,2022-01-01,2022-06-30,0
2022-07-29,45510,2021-12-31,2,21555000000,0.085,,,,,1788000000,-0.347,1851000000,-0.362,1244000000,,-0.309,44.30,,,,,,,,,,,,,,,,,,,,,28088111,false,false,6,2021-01-01,2021-06-30,-1
2022-07-29,45510,2022-12-31,2,49800000000,,,,,,6200000000,0.332,6100000000,0.258,4400000000,,0.304,156.61,,,,,,,,,,,,,,,48.00,,,,,,,false,true,12,2022-01-01,2022-12-31,0
2022-07-29,45510,2021-12-31,2,,,,,,,,,,,,,,,,,,,,130810000000,117015000000,0.895,,117015000000,,,,,48.00,,,,28800000,707605,,false,false,12,2021-01-01,2021-12-31,-1
2022-07-29,45510,2022-12-31,2,,,,,,,,,,,,,,,,,,,,,,,,,,,,,24.00,,,,,,,false,false,12,2022-01-01,2022-12-31,0
2022-10-31,45510,2022-12-31,3,35315000000,,,,,,4066000000,0.289,3918000000,0.203,2856000000,,0.276,101.66,,,,,,129677000000,118269000000,0.912,,118269000000,,,,,,,,,28800000,701184,28096131,false,false,9,2022-01-01,2022-09-30,0
2022-10-31,45510,2021-12-31,3,33437000000,0.108,,,,,3153000000,-0.113,3257000000,-0.132,2238000000,,-0.108,79.68,,,,,,,,,,,,,,,,,,,,,28089571,false,false,9,2021-01-01,2021-09-30,-1
2022-10-31,45510,2022-12-31,3,49200000000,,,,,,6000000000,0.289,6000000000,0.238,4300000000,,0.274,153.05,,,,,,,,,,,,,,,48.00,,,,,,,false,true,12,2022-01-01,2022-12-31,0
2022-10-31,45510,2021-12-31,3,,,,,,,,,,,,,,,,,,,,130810000000,117015000000,0.895,,117015000000,,,,,48.00,,,,28800000,707605,,false,false,12,2021-01-01,2021-12-31,-1
2022-10-31,45510,2022-12-31,3,,,,,,,,,,,,,,,,,,,,,,,,,,,,,24.00,,,,,,,false,false,12,2022-01-01,2022-12-31,0
2023-02-10,45510,2022-12-31,,48896000000,,,,,,5540000000,0.190,5537000000,0.142,3944000000,,0.169,140.39,,0.033,0.042,0.113,,133689000000,119224000000,0.892,4243.08,119224000000,2420000000,-13676000000,-1698000000,45420000000,100.00,0.712,,,28800000,701362,28096794,false,false,12,2022-01-01,2022-12-31,0
2023-02-10,45510,2021-12-31,,46987000000,0.127,,,,,4656000000,-0.017,4847000000,-0.025,3374000000,,-0.035,120.13,,0.029,0.038,0.099,,130810000000,117015000000,0.895,4165.38,117015000000,-156000000,-1498000000,-1546000000,58374000000,48.00,0.400,,,28800000,707605,28090290,false,false,12,2021-01-01,2021-12-31,-1
2023-02-10,45510,2023-12-31,,50900000000,0.041,,,,,4100000000,-0.260,4400000000,-0.205,3100000000,,-0.214,110.33,,,,,,,,,,,,,,,100.00,0.906,,,,,,false,true,12,2023-01-01,2023-12-31,1
2023-04-28,45510,2023-12-31,1,11811000000,0.078,,,,,-437000000,,-404000000,,-288000000,,,-10.28,,,,,,129577000000,117067000000,0.903,,117067000000,,,,,,,,,28800000,701400,28098619,false,false,3,2023-01-01,2023-03-31,0
2023-04-28,45510,2022-12-31,1,10960000000,,,,,,1292000000,0.873,1246000000,0.916,882000000,,1.023,31.40,,,,,,,,,,,,,,,,,,,,,28092395,false,false,3,2022-01-01,2022-03-31,-1
2023-04-28,45510,2023-12-31,1,50900000000,0.041,,,,,4100000000,-0.260,4400000000,-0.205,3100000000,,-0.214,110.33,,,,,,,,,,,,,,,100.00,,,,,,,false,true,12,2023-01-01,2023-12-31,0
2023-04-28,45510,2022-12-31,1,,,,,,,,,,,,,,,,,,,,133689000000,119224000000,0.892,,119224000000,,,,,100.00,,,,28800000,701362,,false,false,12,2022-01-01,2022-12-31,-1
2023-07-31,45510,2023-12-31,2,25699000000,0.112,,,,,1510000000,-0.437,1543000000,-0.375,1086000000,,-0.411,38.68,,,,,,131670000000,118666000000,0.901,,118666000000,,,,,,,,,28800000,694642,28101092,false,false,6,2023-01-01,2023-06-30,0
2023-07-31,45510,2022-12-31,2,23102000000,,,,,,2682000000,0.500,2468000000,0.333,1845000000,,0.483,65.69,,,,,,,,,,,,,,,,,,,,,28094741,false,false,6,2022-01-01,2022-06-30,-1
2023-07-31,45510,2023-12-31,2,52700000000,0.078,,,,,4100000000,-0.260,4400000000,-0.205,3100000000,,-0.214,110.32,,,,,,,,,,,,,,,100.00,,,,,,,false,true,12,2023-01-01,2023-12-31,0
2023-07-31,45510,2022-12-31,2,,,,,,,,,,,,,,,,,,,,133689000000,119224000000,0.892,,119224000000,,,,,100.00,,,,28800000,701362,,false,false,12,2022-01-01,2022-12-31,-1
2023-07-31,45510,2023-12-31,2,,,,,,,,,,,,,,,,,,,,,,,,,,,,,50.00,,,,,,,false,false,12,2023-01-01,2023-12-31,0
2023-10-31,45510,2023-12-31,3,39132000000,0.108,,,,,3211000000,-0.210,3315000000,-0.154,2368000000,,-0.171,84.27,,,,,,132181000000,118595000000,0.897,,118595000000,,,,,,,,,28800000,694692,28102528,false,false,9,2023-01-01,2023-09-30,0
2023-10-31,45510,2022-12-31,3,35315000000,,,,,,4066000000,0.289,3918000000,0.203,2856000000,,0.276,101.66,,,,,,,,,,,,,,,,,,,,,28096131,false,false,9,2022-01-01,2022-09-30,-1
2023-10-31,45510,2023-12-31,3,54000000000,0.104,,,,,4500000000,-0.188,4700000000,-0.151,3400000000,,-0.138,120.99,,,,,,,,,,,,,,,100.00,,,,,,,false,true,12,2023-01-01,2023-12-31,0
2023-10-31,45510,2022-12-31,3,,,,,,,,,,,,,,,,,,,,133689000000,119224000000,0.892,,119224000000,,,,,100.00,,,,28800000,701362,,false,false,12,2022-01-01,2022-12-31,-1
2023-10-31,45510,2023-12-31,3,,,,,,,,,,,,,,,,,,,,,,,,,,,,,50.00,,,,,,,false,false,12,2023-01-01,2023-12-31,0
2024-02-09,45510,2023-12-31,,54638000000,0.117,,,,,5035000000,-0.091,5307000000,-0.041,4119000000,,0.044,146.60,,0.034,0.040,0.092,,133432000000,120134000000,0.900,4274.45,120134000000,-3123000000,-3779000000,-3835000000,34681000000,120.00,0.819,,,28800000,694772,28103225,false,false,12,2023-01-01,2023-12-31,0
2024-02-09,45510,2022-12-31,,48896000000,,,,,,5540000000,0.190,5537000000,0.142,3944000000,,0.169,140.39,,0.033,0.042,0.113,,133689000000,119224000000,0.892,4243.08,119224000000,2420000000,-13676000000,-1698000000,45420000000,100.00,0.712,,,28800000,701362,28096794,false,false,12,2022-01-01,2022-12-31,-1
2024-02-09,45510,2024-12-31,,58600000000,0.073,,,,,5800000000,0.152,6200000000,0.168,4700000000,,0.141,167.23,,,,,,,,,,,,,,,120.00,0.718,,,,,,false,true,12,2024-01-01,2024-12-31,1
2024-04-26,45510,2024-12-31,1,13451000000,0.139,,,,,1383000000,,1166000000,,878000000,,,31.27,,,,,,132947000000,119041000000,0.895,,119041000000,,,,,,,,,28800000,694854,28105210,false,false,3,2024-01-01,2024-03-31,0
2024-04-26,45510,2023-12-31,1,11811000000,0.078,,,,,-437000000,,-404000000,,-288000000,,,-10.28,,,,,,,,,,,,,,,,,,,,,28098619,false,false,3,2023-01-01,2023-03-31,-1
2024-04-26,45510,2024-12-31,1,58600000000,0.073,,,,,5800000000,0.152,6200000000,0.168,4700000000,,0.141,167.23,,,,,,,,,,,,,,,120.00,,,,,,,false,true,12,2024-01-01,2024-12-31,0
2024-04-26,45510,2023-12-31,1,,,,,,,,,,,,,,,,,,,,133432000000,120134000000,0.900,,120134000000,,,,,120.00,,,,28800000,694772,,false,false,12,2023-01-01,2023-12-31,-1
2024-07-31,45510,2024-12-31,2,28309000000,0.102,,,,,3141000000,1.079,2985000000,0.935,2221000000,,1.044,79.04,,,,,,134344000000,120443000000,0.897,,120443000000,,,,,,,,,28800000,688502,28107510,false,false,6,2024-01-01,2024-06-30,0
2024-07-31,45510,2023-12-31,2,25699000000,0.112,,,,,1510000000,-0.437,1543000000,-0.375,1086000000,,-0.411,38.68,,,,,,,,,,,,,,,,,,,,,28101092,false,false,6,2023-01-01,2023-06-30,-1
2024-07-31,45510,2024-12-31,2,60700000000,0.111,,,,,6300000000,0.251,6400000000,0.206,4800000000,,0.165,170.77,,,,,,,,,,,,,,,120.00,,,,,,,false,true,12,2024-01-01,2024-12-31,0
2024-07-31,45510,2023-12-31,2,,,,,,,,,,,,,,,,,,,,133432000000,120134000000,0.900,,120134000000,,,,,120.00,,,,28800000,694772,,false,false,12,2023-01-01,2023-12-31,-1
2024-07-31,45510,2024-12-31,2,,,,,,,,,,,,,,,,,,,,,,,,,,,,,60.00,,,,,,,false,false,12,2024-01-01,2024-12-31,0
2024-10-31,45510,2024-12-31,3,43333000000,0.107,,,,,4661000000,0.452,4686000000,0.414,3525000000,,0.489,125.43,,,,,,134612000000,120087000000,0.892,,120087000000,,,,,,,,,28800000,688658,28108807,false,false,9,2024-01-01,2024-09-30,0
2024-10-31,45510,2023-12-31,3,39132000000,0.108,,,,,3211000000,-0.210,3315000000,-0.154,2368000000,,-0.171,84.27,,,,,,,,,,,,,,,,,,,,,28102528,false,false,9,2023-01-01,2023-09-30,-1
2024-10-31,45510,2024-12-31,3,61200000000,0.120,,,,,6700000000,0.331,6800000000,0.281,5100000000,,0.238,181.44,,,,,,,,,,,,,,,120.00,,,,,,,false,true,12,2024-01-01,2024-12-31,0
2024-10-31,45510,2023-12-31,3,,,,,,,,,,,,,,,,,,,,133432000000,120134000000,0.900,,120134000000,,,,,120.00,,,,28800000,694772,,false,false,12,2023-01-01,2023-12-31,-1
2024-10-31,45510,2024-12-31,3,,,,,,,,,,,,,,,,,,,,,,,,,,,,,60.00,,,,,,,false,false,12,2024-01-01,2024-12-31,0
2025-02-07,45510,2024-12-31,,60426000000,0.106,,,,,6798000000,0.350,6926000000,0.305,5042000000,,0.224,179.38,,0.042,0.051,0.113,,140664000000,121533000000,0.864,4323.33,121533000000,3639000000,-3571000000,-3944000000,30805000000,120.00,0.669,,,28800000,688768,28109433,false,false,12,2024-01-01,2024-12-31,0
2025-02-07,45510,2023-12-31,,54638000000,0.117,,,,,5035000000,-0.091,5307000000,-0.041,4119000000,,0.044,146.60,,0.034,0.040,0.092,,133432000000,120134000000,0.900,4274.45,120134000000,-3123000000,-3779000000,-3835000000,34681000000,120.00,0.819,,,28800000,694772,28103225,false,false,12,2023-01-01,2023-12-31,-1
2025-02-07,45510,2025-12-31,,64700000000,0.071,,,,,4100000000,-0.397,4500000000,-0.350,3400000000,,-0.326,120.95,,,,,,,,,,,,,,,120.00,0.992,,,,,,false,true,12,2025-01-01,2025-12-31,1
2025-04-25,45510,2025-12-31,1,14683000000,0.092,,,,,1704000000,0.232,1859000000,0.595,1391000000,,0.584,49.51,,,,,,136689000000,121203000000,0.887,,121203000000,,,,,,,,,28800000,688848,28111194,false,false,3,2025-01-01,2025-03-31,0
2025-04-25,45510,2024-12-31,1,13451000000,0.139,,,,,1383000000,,1166000000,,878000000,,,31.27,,,,,,,,,,,,,,,,,,,,,28105210,false,false,3,2024-01-01,2024-03-31,-1
2025-04-25,45510,2025-12-31,1,64700000000,0.071,,,,,4100000000,-0.397,4500000000,-0.350,3400000000,,-0.326,120.95,,,,,,,,,,,,,,,120.00,,,,,,,false,true,12,2025-01-01,2025-12-31,0
2025-04-25,45510,2024-12-31,1,,,,,,,,,,,,,,,,,,,,140664000000,121533000000,0.864,,121533000000,,,,,120.00,,,,28800000,688768,,false,false,12,2024-01-01,2024-12-31,-1
,45510,2025-12-31,,,,,,,,,,,,,,,,,,,,,,,,,,,,,,0.00,,,,,,,false,true,12,2025-01-01,2025-12-31,0
,45510,2024-12-31,,,,,,,,,,,,,,,,,,,,,,,,,,,,,,120.00,,,,,,,false,false,12,2024-01-01,2024-12-31,-1
