filing_date,code,fiscal_year_end,quarterly_period,net_sales,net_sales_change,revenue,revenue_change,operating_revenue,operating_revenue_change,operating_profit,operating_profit_change,ordinary_profit,ordinary_profit_change,net_income,net_income_of_parent,net_income_change,eps,diluted_eps,roe,roa,operating_profit_to_net_sales,operating_profit_to_revenue,total_assets,net_assets,equity_ratio,bps,owner_equity,operating_cash_flow,investing_cash_flow,financing_cash_flow,cash,dividend_per_share,payout_ratio,commemorative_dividend,extra_dividend,number_of_shares,number_of_treqsury_shares,avg_number_of_shares,is_consolidated,is_forecast,duration,period_start,period_end,period_pos
2015-05-14,45680,2015-03-31,,622424000000,0.007,,,,,23347000000,-0.644,30686000000,-0.692,266569000000,,3.136,378.65,377.88,,,,,1597689000000,1074160000000,0.671,1523.23,1072400000000,,,,,60.00,,,,709011343,4983171,703989640,false,false,12,2014-04-01,2015-03-31,0
2015-05-14,45680,2014-03-31,,618179000000,0.124,,,,,65528000000,0.783,99554000000,0.612,64452000000,,0.154,91.56,91.38,,,,,1296974000000,823864000000,0.634,1167.94,822183000000,,,,,60.00,,,,709011343,5051576,703957681,false,false,12,2013-04-01,2014-03-31,-1
2015-05-14,45680,2015-03-31,,,,,,,,74422000000,-0.341,,,,322119000000,,457.56,456.62,,,,,1982286000000,,,,,142776000000,-21278000000,-132200000000,,,0.131,,,,,,true,false,12,2014-04-01,2015-03-31,0
2015-05-14,45680,2014-03-31,,,,,,,,112922000000,,,,,60943000000,,86.57,86.41,,,,,1854037000000,,,,,37304000000,-161368000000,100322000000,,,0.693,,,,,,true,false,12,2013-04-01,2014-03-31,-1
2015-05-14,45680,2016-03-31,,,,,,,,100000000000,0.344,,,,60000000000,,85.22,,,,,,,,,,,,,,,,0.821,,,,,,true,true,12,2015-04-01,2016-03-31,1
2015-05-14,45680,2016-03-31,,,,,,,,,,,,,,,,,,,,,,,,,,,,,,70.00,,,,,,,false,true,12,2015-04-01,2016-03-31,1
2015-07-31,45680,2016-03-31,1,,,,,,,49126000000,0.498,,,,34932000000,,49.76,49.66,,,,,1926888000000,,,,,,,,,,,,,,,,true,false,3,2015-04-01,2015-06-30,0
2015-07-31,45680,2015-03-31,1,,,,,,,32790000000,,,,,19986000000,,28.39,28.34,,,,,,,,,,,,,,,,,,,,,true,false,3,2014-04-01,2014-06-30,-1
2015-07-31,45680,2016-03-31,1,,,,,,,120000000000,0.612,,,,75000000000,,108.12,,,,,,,,,,,,,,,,,,,,,,true,true,12,2015-04-01,2016-03-31,0
2015-07-31,45680,2015-03-31,1,,,,,,,,,,,,,,,,,,,,1982286000000,,,,,,,,,,,,,,,,true,false,12,2014-04-01,2015-03-31,-1
2015-07-31,45680,2015-03-31,1,,,,,,,,,,,,,,,,,,,,,,,,,,,,,60.00,,,,709011343,4983171,,false,false,12,2014-04-01,2015-03-31,-1
2015-07-31,45680,2016-03-31,1,,,,,,,,,,,,,,,,,,,,,,,,,,,,,70.00,,,,,,,false,true,12,2015-04-01,2016-03-31,0
2015-07-31,45680,2016-03-31,1,,,,,,,,,,,,,,,,,,,,,,,,,,,,,,,,,709011343,15340074,702060522,false,false,3,2015-04-01,2015-06-30,0
2015-07-31,45680,2015-03-31,1,,,,,,,,,,,,,,,,,,,,,,,,,,,,,,,,,,,703959021,false,false,3,2014-04-01,2014-06-30,-1
2015-10-30,45680,2016-03-31,2,,,,,,,97006000000,0.610,,,,70696000000,,101.69,101.47,,,,,1900871000000,,,,,,,,,,,,,,,,true,false,6,2015-04-01,2015-09-30,0
2015-10-30,45680,2015-03-31,2,,,,,,,60237000000,,,,,50326000000,,71.49,71.34,,,,,,,,,,,,,,,,,,,,,true,false,6,2014-04-01,2014-09-30,-1
2015-10-30,45680,2016-03-31,2,,,,,,,120000000000,0.612,,,,75000000000,,109.75,,,,,,,,,,,,,,,,,,,,,,true,true,12,2015-04-01,2016-03-31,0
2015-10-30,45680,2015-03-31,2,,,,,,,,,,,,,,,,,,,,1982286000000,,,,,,,,,,,,,,,,true,false,12,2014-04-01,2015-03-31,-1
2015-10-30,45680,2015-03-31,2,,,,,,,,,,,,,,,,,,,,,,,,,,,,,60.00,,,,709011343,4983171,,false,false,12,2014-04-01,2015-03-31,-1
2015-10-30,45680,2016-03-31,2,,,,,,,,,,,,,,,,,,,,,,,,,,,,,40.00,,,,,,,false,false,12,2015-04-01,2016-03-31,0
2015-10-30,45680,2016-03-31,2,,,,,,,,,,,,,,,,,,,,,,,,,,,,,70.00,,,,,,,false,true,12,2015-04-01,2016-03-31,0
2015-10-30,45680,2016-03-31,2,,,,,,,,,,,,,,,,,,,,,,,,,,,,,,,,,709011343,25620696,695234472,false,false,6,2015-04-01,2015-09-30,0
2015-10-30,45680,2015-03-31,2,,,,,,,,,,,,,,,,,,,,,,,,,,,,,,,,,,,703962156,false,false,6,2014-04-01,2014-09-30,-1
2016-01-29,45680,2016-03-31,3,,,,,,,150412000000,0.504,,,,110727000000,,160.18,159.83,,,,,1949196000000,,,,,,,,,,,,,,,,true,false,9,2015-04-01,2015-12-31,0
2016-01-29,45680,2015-03-31,3,,,,,,,99977000000,,,,,102233000000,,145.22,144.92,,,,,,,,,,,,,,,,,,,,,true,false,9,2014-04-01,2014-12-31,-1
2016-01-29,45680,2016-03-31,3,,,,,,,130000000000,0.747,,,,75000000000,,109.75,,,,,,,,,,,,,,,,,,,,,,true,true,12,2015-04-01,2016-03-31,0
2016-01-29,45680,2015-03-31,3,,,,,,,,,,,,,,,,,,,,1982286000000,,,,,,,,,,,,,,,,true,false,12,2014-04-01,2015-03-31,-1
2016-01-29,45680,2015-03-31,3,,,,,,,,,,,,,,,,,,,,,,,,,,,,,60.00,,,,709011343,4983171,,false,false,12,2014-04-01,2015-03-31,-1
2016-01-29,45680,2016-03-31,3,,,,,,,,,,,,,,,,,,,,,,,,,,,,,40.00,,,,,,,false,false,12,2015-04-01,2016-03-31,0
2016-01-29,45680,2016-03-31,3,,,,,,,,,,,,,,,,,,,,,,,,,,,,,70.00,,,,,,,false,true,12,2015-04-01,2016-03-31,0
2016-01-29,45680,2016-03-31,3,,,,,,,,,,,,,,,,,,,,,,,,,,,,,,,,,709011343,25623711,691272077,false,false,9,2015-04-01,2015-12-31,0
2016-01-29,45680,2015-03-31,3,,,,,,,,,,,,,,,,,,,,,,,,,,,,,,,,,,,703976762,false,false,9,2014-04-01,2014-12-31,-1
2016-05-12,45680,2016-03-31,,643219000000,0.033,,,,,28325000000,0.213,46661000000,0.521,10555000000,,-0.960,15.31,15.28,,,,,1416088000000,985391000000,0.694,1439.08,983455000000,,,,,70.00,,,,709011343,25618187,689313003,false,false,12,2015-04-01,2016-03-31,0
2016-05-12,45680,2015-03-31,,622424000000,0.007,,,,,23347000000,-0.644,30686000000,-0.692,266569000000,,3.136,378.65,377.88,,,,,1597689000000,1074160000000,0.671,1523.23,1072400000000,,,,,60.00,,,,709011343,4983171,703989640,false,false,12,2014-04-01,2015-03-31,-1
2016-05-12,45680,2016-03-31,,,,,,,,130412000000,0.752,,,,82282000000,,119.37,119.11,,,,,1900522000000,,,,,174281000000,-5967000000,-122930000000,,,0.586,,,,,,true,false,12,2015-04-01,2016-03-31,0
2016-05-12,45680,2015-03-31,,,,,,,,74422000000,-0.341,,,,322119000000,,457.56,456.62,,,,,1982286000000,,,,,142776000000,-21278000000,-132200000000,,,0.131,,,,,,true,false,12,2014-04-01,2015-03-31,-1
2016-05-12,45680,2017-03-31,,,,,,,,100000000000,-0.233,,,,65000000000,,95.11,,,,,,,,,,,,,,,,0.736,,,,,,true,true,12,2016-04-01,2017-03-31,1
2016-05-12,45680,2017-03-31,,,,,,,,,,,,,,,,,,,,,,,,,,,,,,70.00,,,,,,,false,true,12,2016-04-01,2017-03-31,1
2016-07-29,45680,2017-03-31,1,,,,,,,47255000000,-0.038,,,,30601000000,,44.78,44.69,,,,,1842447000000,,,,,,,,,,,,,,,,true,false,3,2016-04-01,2016-06-30,0
2016-07-29,45680,2016-03-31,1,,,,,,,49126000000,0.498,,,,34932000000,,49.76,49.66,,,,,,,,,,,,,,,,,,,,,true,false,3,2015-04-01,2015-06-30,-1
2016-07-29,45680,2017-03-31,1,,,,,,,100000000000,-0.233,,,,65000000000,,95.51,,,,,,,,,,,,,,,,,,,,,,true,true,12,2016-04-01,2017-03-31,0
2016-07-29,45680,2016-03-31,1,,,,,,,,,,,,,,,,,,,,1900522000000,,,,,,,,,,,,,,,,true,false,12,2015-04-01,2016-03-31,-1
2016-07-29,45680,2016-03-31,1,,,,,,,,,,,,,,,,,,,,,,,,,,,,,70.00,,,,709011343,25618187,,false,false,12,2015-04-01,2016-03-31,-1
2016-07-29,45680,2017-03-31,1,,,,,,,,,,,,,,,,,,,,,,,,,,,,,70.00,,,,,,,false,true,12,2016-04-01,2017-03-31,0
2016-07-29,45680,2017-03-31,1,,,,,,,,,,,,,,,,,,,,,,,,,,,,,,,,,709011343,28473178,683300008,false,false,3,2016-04-01,2016-06-30,0
2016-07-29,45680,2016-03-31,1,,,,,,,,,,,,,,,,,,,,,,,,,,,,,,,,,,,702060522,false,false,3,2015-04-01,2015-06-30,-1
2016-10-31,45680,2017-03-31,2,,,,,,,73271000000,-0.245,,,,48986000000,,72.15,71.98,,,,,1921488000000,,,,,,,,,,,,,,,,true,false,6,2016-04-01,2016-09-30,0
2016-10-31,45680,2016-03-31,2,,,,,,,97006000000,0.610,,,,70696000000,,101.69,101.47,,,,,,,,,,,,,,,,,,,,,true,false,6,2015-04-01,2015-09-30,-1
2016-10-31,45680,2017-03-31,2,,,,,,,100000000000,-0.233,,,,65000000000,,97.31,,,,,,,,,,,,,,,,,,,,,,true,true,12,2016-04-01,2017-03-31,0
2016-10-31,45680,2016-03-31,2,,,,,,,,,,,,,,,,,,,,1900522000000,,,,,,,,,,,,,,,,true,false,12,2015-04-01,2016-03-31,-1
2016-10-31,45680,2016-03-31,2,,,,,,,,,,,,,,,,,,,,,,,,,,,,,70.00,,,,709011343,25618187,,false,false,12,2015-04-01,2016-03-31,-1
2016-10-31,45680,2017-03-31,2,,,,,,,,,,,,,,,,,,,,,,,,,,,,,35.00,,,,,,,false,false,12,2016-04-01,2017-03-31,0
2016-10-31,45680,2017-03-31,2,,,,,,,,,,,,,,,,,,,,,,,,,,,,,70.00,,,,,,,false,true,12,2016-04-01,2017-03-31,0
2016-10-31,45680,2017-03-31,2,,,,,,,,,,,,,,,,,,,,,,,,,,,,,,,,,709011343,41066541,678952703,false,false,6,2016-04-01,2016-09-30,0
2016-10-31,45680,2016-03-31,2,,,,,,,,,,,,,,,,,,,,,,,,,,,,,,,,,,,695234472,false,false,6,2015-04-01,2015-09-30,-1
2017-01-31,45680,2017-03-31,3,,,,,,,128706000000,-0.144,,,,88181000000,,130.81,130.50,,,,,1986926000000,,,,,,,,,,,,,,,,true,false,9,2016-04-01,2016-12-31,0
2017-01-31,45680,2016-03-31,3,,,,,,,150412000000,0.504,,,,110727000000,,160.18,159.83,,,,,,,,,,,,,,,,,,,,,true,false,9,2015-04-01,2015-12-31,-1
2017-01-31,45680,2017-03-31,3,,,,,,,110000000000,-0.157,,,,70000000000,,105.56,,,,,,,,,,,,,,,,,,,,,,true,true,12,2016-04-01,2017-03-31,0
2017-01-31,45680,2016-03-31,3,,,,,,,,,,,,,,,,,,,,1900522000000,,,,,,,,,,,,,,,,true,false,12,2015-04-01,2016-03-31,-1
2017-01-31,45680,2016-03-31,3,,,,,,,,,,,,,,,,,,,,,,,,,,,,,70.00,,,,709011343,25618187,,false,false,12,2015-04-01,2016-03-31,-1
2017-01-31,45680,2017-03-31,3,,,,,,,,,,,,,,,,,,,,,,,,,,,,,35.00,,,,,,,false,false,12,2016-04-01,2017-03-31,0
2017-01-31,45680,2017-03-31,3,,,,,,,,,,,,,,,,,,,,,,,,,,,,,70.00,,,,,,,false,true,12,2016-04-01,2017-03-31,0
2017-01-31,45680,2017-03-31,3,,,,,,,,,,,,,,,,,,,,,,,,,,,,,,,,,709011343,45861893,674119308,false,false,9,2016-04-01,2016-12-31,0
2017-01-31,45680,2016-03-31,3,,,,,,,,,,,,,,,,,,,,,,,,,,,,,,,,,,,691272077,false,false,9,2015-04-01,2015-12-31,-1
2017-04-28,45680,2017-03-31,,,,,,,,89000000000,-0.191,,,,53000000000,,78.94,,,,,,,,,,,,,,,,,,,,,,true,true,12,2016-04-01,2017-03-31,0
2017-04-28,45680,2016-03-31,,,,,,,,130412000000,,,,,82282000000,,119.37,,,,,,,,,,,,,,,,,,,,,,true,false,12,2015-04-01,2016-03-31,-1
2017-05-11,45680,2017-03-31,,629151000000,-0.022,,,,,18483000000,-0.347,40976000000,-0.122,10479000000,,-0.007,15.61,15.57,,,,,1463461000000,888519000000,0.606,1336.57,886452000000,,,,,70.00,,,,709011343,45783623,671422557,false,false,12,2016-04-01,2017-03-31,0
2017-05-11,45680,2016-03-31,,643219000000,0.033,,,,,28325000000,0.213,46661000000,0.521,10555000000,,-0.960,15.31,15.28,,,,,1416088000000,985391000000,0.694,1439.08,983455000000,,,,,70.00,,,,709011343,25618187,689313003,false,false,12,2015-04-01,2016-03-31,-1
2017-05-11,45680,2017-03-31,,,,,,,,88929000000,-0.318,,,,53466000000,,79.63,79.44,,,,,1914979000000,,,,,136234000000,-96792000000,-15022000000,,,0.879,,,,,,true,false,12,2016-04-01,2017-03-31,0
2017-05-11,45680,2016-03-31,,,,,,,,130412000000,0.752,,,,82282000000,,119.37,119.11,,,,,1900522000000,,,,,174281000000,-5967000000,-122930000000,,,0.586,,,,,,true,false,12,2015-04-01,2016-03-31,-1
2017-05-11,45680,2018-03-31,,,,,,,,100000000000,0.124,,,,66000000000,,99.51,,,,,,,,,,,,,,,,0.703,,,,,,true,true,12,2017-04-01,2018-03-31,1
2017-05-11,45680,2018-03-31,,,,,,,,,,,,,,,,,,,,,,,,,,,,,,70.00,,,,,,,false,true,12,2017-04-01,2018-03-31,1
2017-07-31,45680,2018-03-31,1,,,,,,,40272000000,-0.148,,,,29152000000,,43.96,43.85,,,,,1940335000000,,,,,,,,,,,,,,,,true,false,3,2017-04-01,2017-06-30,0
2017-07-31,45680,2017-03-31,1,,,,,,,47255000000,-0.038,,,,30601000000,,44.78,44.69,,,,,,,,,,,,,,,,,,,,,true,false,3,2016-04-01,2016-06-30,-1
2017-07-31,45680,2018-03-31,1,,,,,,,100000000000,0.124,,,,66000000000,,99.51,,,,,,,,,,,,,,,,,,,,,,true,true,12,2017-04-01,2018-03-31,0
2017-07-31,45680,2017-03-31,1,,,,,,,,,,,,,,,,,,,,1914979000000,,,,,,,,,,,,,,,,true,false,12,2016-04-01,2017-03-31,-1
2017-07-31,45680,2017-03-31,1,,,,,,,,,,,,,,,,,,,,,,,,,,,,,70.00,,,,709011343,45783623,,false,false,12,2016-04-01,2017-03-31,-1
2017-07-31,45680,2018-03-31,1,,,,,,,,,,,,,,,,,,,,,,,,,,,,,70.00,,,,,,,false,true,12,2017-04-01,2018-03-31,0
2017-07-31,45680,2018-03-31,1,,,,,,,,,,,,,,,,,,,,,,,,,,,,,,,,,709011343,45782750,663227861,false,false,3,2017-04-01,2017-06-30,0
2017-07-31,45680,2017-03-31,1,,,,,,,,,,,,,,,,,,,,,,,,,,,,,,,,,,,683300008,false,false,3,2016-04-01,2016-06-30,-1
2017-10-31,45680,2018-03-31,2,,,,,,,48758000000,-0.335,,,,34278000000,,51.68,51.56,,,,,1946180000000,,,,,,,,,,,,,,,,true,false,6,2017-04-01,2017-09-30,0
2017-10-31,45680,2017-03-31,2,,,,,,,73271000000,-0.245,,,,48986000000,,72.15,71.98,,,,,,,,,,,,,,,,,,,,,true,false,6,2016-04-01,2016-09-30,-1
2017-10-31,45680,2018-03-31,2,,,,,,,75000000000,-0.157,,,,50000000000,,75.37,,,,,,,,,,,,,,,,,,,,,,true,true,12,2017-04-01,2018-03-31,0
2017-10-31,45680,2017-03-31,2,,,,,,,,,,,,,,,,,,,,1914979000000,,,,,,,,,,,,,,,,true,false,12,2016-04-01,2017-03-31,-1
2017-10-31,45680,2017-03-31,2,,,,,,,,,,,,,,,,,,,,,,,,,,,,,70.00,,,,709011343,45783623,,false,false,12,2016-04-01,2017-03-31,-1
2017-10-31,45680,2018-03-31,2,,,,,,,,,,,,,,,,,,,,,,,,,,,,,35.00,,,,,,,false,false,12,2017-04-01,2018-03-31,0
2017-10-31,45680,2018-03-31,2,,,,,,,,,,,,,,,,,,,,,,,,,,,,,70.00,,,,,,,false,true,12,2017-04-01,2018-03-31,0
2017-10-31,45680,2018-03-31,2,,,,,,,,,,,,,,,,,,,,,,,,,,,,,,,,,709011343,45656591,663280095,false,false,6,2017-04-01,2017-09-30,0
2017-10-31,45680,2017-03-31,2,,,,,,,,,,,,,,,,,,,,,,,,,,,,,,,,,,,678952703,false,false,6,2016-04-01,2016-09-30,-1
2018-01-31,45680,2018-03-31,3,,,,,,,93225000000,-0.276,,,,72602000000,,109.56,109.30,,,,,1954187000000,,,,,,,,,,,,,,,,true,false,9,2017-04-01,2017-12-31,0
2018-01-31,45680,2017-03-31,3,,,,,,,128706000000,-0.144,,,,88181000000,,130.81,130.50,,,,,,,,,,,,,,,,,,,,,true,false,9,2016-04-01,2016-12-31,-1
2018-01-31,45680,2018-03-31,3,,,,,,,75000000000,-0.157,,,,50000000000,,76.23,,,,,,,,,,,,,,,,,,,,,,true,true,12,2017-04-01,2018-03-31,0
2018-01-31,45680,2017-03-31,3,,,,,,,,,,,,,,,,,,,,1914979000000,,,,,,,,,,,,,,,,true,false,12,2016-04-01,2017-03-31,-1
2018-01-31,45680,2017-03-31,3,,,,,,,,,,,,,,,,,,,,,,,,,,,,,70.00,,,,709011343,45783623,,false,false,12,2016-04-01,2017-03-31,-1
2018-01-31,45680,2018-03-31,3,,,,,,,,,,,,,,,,,,,,,,,,,,,,,35.00,,,,,,,false,false,12,2017-04-01,2018-03-31,0
2018-01-31,45680,2018-03-31,3,,,,,,,,,,,,,,,,,,,,,,,,,,,,,70.00,,,,,,,false,true,12,2017-04-01,2018-03-31,0
2018-01-31,45680,2018-03-31,3,,,,,,,,,,,,,,,,,,,,,,,,,,,,,,,,,709011343,53076183,662672247,false,false,9,2017-04-01,2017-12-31,0
2018-01-31,45680,2017-03-31,3,,,,,,,,,,,,,,,,,,,,,,,,,,,,,,,,,,,674119308,false,false,9,2016-04-01,2016-12-31,-1
2018-04-27,45680,2018-03-31,,630954000000,0.003,,,,,17177000000,-0.071,90136000000,1.200,83729000000,,6.990,126.83,126.53,,,,,1472669000000,872659000000,0.591,1344.31,870666000000,,,,,70.00,,,,709011343,61343747,660161874,false,false,12,2017-04-01,2018-03-31,0
2018-04-27,45680,2017-03-31,,629151000000,-0.022,,,,,18483000000,-0.347,40976000000,-0.122,10479000000,,-0.007,15.61,15.57,,,,,1463461000000,888519000000,0.606,1336.57,886452000000,,,,,70.00,,,,709011343,45783623,671422557,false,false,12,2016-04-01,2017-03-31,-1
2018-04-27,45680,2018-03-31,,,,,,,,76282000000,-0.142,,,,60282000000,,91.31,91.10,,,,,1897754000000,,,,,108439000000,108568000000,-101766000000,,,0.767,,,,,,true,false,12,2017-04-01,2018-03-31,0
2018-04-27,45680,2017-03-31,,,,,,,,88929000000,-0.318,,,,53466000000,,79.63,79.44,,,,,1914979000000,,,,,136234000000,-96792000000,-15022000000,,,0.879,,,,,,true,false,12,2016-04-01,2017-03-31,-1
2018-04-27,45680,2019-03-31,,,,,,,,78000000000,0.023,,,,55000000000,,84.92,,,,,,,,,,,,,,,,0.824,,,,,,true,true,12,2018-04-01,2019-03-31,1
2018-04-27,45680,2019-03-31,,,,,,,,,,,,,,,,,,,,,,,,,,,,,,70.00,,,,,,,false,true,12,2018-04-01,2019-03-31,1
2018-07-31,45680,2019-03-31,1,,,,,,,29917000000,-0.257,,,,23951000000,,36.98,36.89,,,,,1891394000000,,,,,,,,,,,,,,,,true,false,3,2018-04-01,2018-06-30,0
2018-07-31,45680,2018-03-31,1,,,,,,,40272000000,-0.148,,,,29152000000,,43.96,43.85,,,,,,,,,,,,,,,,,,,,,true,false,3,2017-04-01,2017-06-30,-1
2018-07-31,45680,2019-03-31,1,,,,,,,78000000000,0.023,,,,55000000000,,84.92,,,,,,,,,,,,,,,,,,,,,,true,true,12,2018-04-01,2019-03-31,0
2018-07-31,45680,2018-03-31,1,,,,,,,,,,,,,,,,,,,,1897754000000,,,,,,,,,,,,,,,,true,false,12,2017-04-01,2018-03-31,-1
2018-07-31,45680,2018-03-31,1,,,,,,,,,,,,,,,,,,,,,,,,,,,,,70.00,,,,709011343,61343747,,false,false,12,2017-04-01,2018-03-31,-1
2018-07-31,45680,2019-03-31,1,,,,,,,,,,,,,,,,,,,,,,,,,,,,,70.00,,,,,,,false,true,12,2018-04-01,2019-03-31,0
2018-07-31,45680,2019-03-31,1,,,,,,,,,,,,,,,,,,,,,,,,,,,,,,,,,709011343,61324992,647676442,false,false,3,2018-04-01,2018-06-30,0
2018-07-31,45680,2018-03-31,1,,,,,,,,,,,,,,,,,,,,,,,,,,,,,,,,,,,663227861,false,false,3,2017-04-01,2017-06-30,-1
2018-10-31,45680,2019-03-31,2,,,,,,,57984000000,0.189,,,,44014000000,,67.95,67.80,,,,,1907941000000,,,,,,,,,,,,,,,,true,false,6,2018-04-01,2018-09-30,0
2018-10-31,45680,2018-03-31,2,,,,,,,48758000000,-0.335,,,,34278000000,,51.68,51.56,,,,,,,,,,,,,,,,,,,,,true,false,6,2017-04-01,2017-09-30,-1
2018-10-31,45680,2019-03-31,2,,,,,,,78000000000,0.023,,,,55000000000,,84.91,,,,,,,,,,,,,,,,,,,,,,true,true,12,2018-04-01,2019-03-31,0
2018-10-31,45680,2018-03-31,2,,,,,,,,,,,,,,,,,,,,1897754000000,,,,,,,,,,,,,,,,true,false,12,2017-04-01,2018-03-31,-1
2018-10-31,45680,2018-03-31,2,,,,,,,,,,,,,,,,,,,,,,,,,,,,,70.00,,,,709011343,61343747,,false,false,12,2017-04-01,2018-03-31,-1
2018-10-31,45680,2019-03-31,2,,,,,,,,,,,,,,,,,,,,,,,,,,,,,35.00,,,,,,,false,false,12,2018-04-01,2019-03-31,0
2018-10-31,45680,2019-03-31,2,,,,,,,,,,,,,,,,,,,,,,,,,,,,,70.00,,,,,,,false,true,12,2018-04-01,2019-03-31,0
2018-10-31,45680,2019-03-31,2,,,,,,,,,,,,,,,,,,,,,,,,,,,,,,,,,709011343,61238015,647717922,false,false,6,2018-04-01,2018-09-30,0
2018-10-31,45680,2018-03-31,2,,,,,,,,,,,,,,,,,,,,,,,,,,,,,,,,,,,663280095,false,false,6,2017-04-01,2017-09-30,-1
2019-01-31,45680,2019-03-31,3,,,,,,,97082000000,0.041,,,,78799000000,,121.65,121.37,,,,,1893589000000,,,,,,,,,,,,,,,,true,false,9,2018-04-01,2018-12-31,0
2019-01-31,45680,2018-03-31,3,,,,,,,93225000000,-0.276,,,,72602000000,,109.56,109.30,,,,,,,,,,,,,,,,,,,,,true,false,9,2017-04-01,2017-12-31,-1
2019-01-31,45680,2019-03-31,3,,,,,,,78000000000,0.023,,,,55000000000,,84.90,,,,,,,,,,,,,,,,,,,,,,true,true,12,2018-04-01,2019-03-31,0
2019-01-31,45680,2018-03-31,3,,,,,,,,,,,,,,,,,,,,1897754000000,,,,,,,,,,,,,,,,true,false,12,2017-04-01,2018-03-31,-1
2019-01-31,45680,2018-03-31,3,,,,,,,,,,,,,,,,,,,,,,,,,,,,,70.00,,,,709011343,61343747,,false,false,12,2017-04-01,2018-03-31,-1
2019-01-31,45680,2019-03-31,3,,,,,,,,,,,,,,,,,,,,,,,,,,,,,35.00,,,,,,,false,false,12,2018-04-01,2019-03-31,0
2019-01-31,45680,2019-03-31,3,,,,,,,,,,,,,,,,,,,,,,,,,,,,,70.00,,,,,,,false,true,12,2018-04-01,2019-03-31,0
2019-01-31,45680,2019-03-31,3,,,,,,,,,,,,,,,,,,,,,,,,,,,,,,,,,709011343,61166028,647759180,false,false,9,2018-04-01,2018-12-31,0
2019-01-31,45680,2018-03-31,3,,,,,,,,,,,,,,,,,,,,,,,,,,,,,,,,,,,662672247,false,false,9,2017-04-01,2017-12-31,-1
2019-04-25,45680,2019-03-31,,625046000000,-0.009,,,,,7889000000,-0.541,50724000000,-0.437,134069000000,,0.601,206.97,206.51,,,,,1619500000000,957680000000,0.590,1475.37,955875000000,,,,,70.00,,,,709011343,61124702,647785171,false,false,12,2018-04-01,2019-03-31,0
2019-04-25,45680,2018-03-31,,630954000000,0.003,,,,,17177000000,-0.071,90136000000,1.200,83729000000,,6.990,126.83,126.53,,,,,1464338000000,880001000000,0.600,1355.65,878008000000,,,,,70.00,,,,709011343,61343747,660161874,false,false,12,2017-04-01,2018-03-31,-1
2019-04-25,45680,2019-03-31,,,,,,,,83705000000,0.097,,,,93409000000,,144.20,143.88,,,,,2088051000000,,,,,92033000000,-142520000000,-66203000000,,,0.485,,,,,,true,false,12,2018-04-01,2019-03-31,0
2019-04-25,45680,2018-03-31,,,,,,,,76282000000,-0.142,,,,60282000000,,91.31,91.10,,,,,1897754000000,,,,,108439000000,108568000000,-101766000000,,,0.767,,,,,,true,false,12,2017-04-01,2018-03-31,-1
2019-04-25,45680,2020-03-31,,,,,,,,100000000000,0.195,,,,72000000000,,111.13,,,,,,,,,,,,,,,,0.630,,,,,,true,true,12,2019-04-01,2020-03-31,1
2019-04-25,45680,2020-03-31,,,,,,,,,,,,,,,,,,,,,,,,,,,,,,70.00,,,,,,,false,true,12,2019-04-01,2020-03-31,1
2019-07-31,45680,2020-03-31,1,,,,,,,56993000000,0.905,,,,43347000000,,66.91,66.77,,,,,2060965000000,,,,,,,,,,,,,,,,true,false,3,2019-04-01,2019-06-30,0
2019-07-31,45680,2019-03-31,1,,,,,,,29917000000,-0.257,,,,23951000000,,36.98,36.89,,,,,,,,,,,,,,,,,,,,,true,false,3,2018-04-01,2018-06-30,-1
2019-07-31,45680,2020-03-31,1,,,,,,,100000000000,0.195,,,,72000000000,,111.13,,,,,,,,,,,,,,,,,,,,,,true,true,12,2019-04-01,2020-03-31,0
2019-07-31,45680,2019-03-31,1,,,,,,,,,,,,,,,,,,,,2088051000000,,,,,,,,,,,,,,,,true,false,12,2018-04-01,2019-03-31,-1
2019-07-31,45680,2019-03-31,1,,,,,,,,,,,,,,,,,,,,,,,,,,,,,70.00,,,,709011343,61124702,,false,false,12,2018-04-01,2019-03-31,-1
2019-07-31,45680,2020-03-31,1,,,,,,,,,,,,,,,,,,,,,,,,,,,,,70.00,,,,,,,false,true,12,2019-04-01,2020-03-31,0
2019-07-31,45680,2020-03-31,1,,,,,,,,,,,,,,,,,,,,,,,,,,,,,,,,,709011343,61120977,647887006,false,false,3,2019-04-01,2019-06-30,0
2019-07-31,45680,2019-03-31,1,,,,,,,,,,,,,,,,,,,,,,,,,,,,,,,,,,,647676442,false,false,3,2018-04-01,2018-06-30,-1
2019-10-31,45680,2020-03-31,2,,,,,,,86163000000,0.486,,,,64426000000,,99.44,99.23,,,,,2043400000000,,,,,,,,,,,,,,,,true,false,6,2019-04-01,2019-09-30,0
2019-10-31,45680,2019-03-31,2,,,,,,,57984000000,0.189,,,,44014000000,,67.95,67.80,,,,,,,,,,,,,,,,,,,,,true,false,6,2018-04-01,2018-09-30,-1
2019-10-31,45680,2020-03-31,2,,,,,,,125000000000,0.493,,,,90000000000,,138.90,,,,,,,,,,,,,,,,,,,,,,true,true,12,2019-04-01,2020-03-31,0
2019-10-31,45680,2019-03-31,2,,,,,,,,,,,,,,,,,,,,2088051000000,,,,,,,,,,,,,,,,true,false,12,2018-04-01,2019-03-31,-1
2019-10-31,45680,2019-03-31,2,,,,,,,,,,,,,,,,,,,,,,,,,,,,,70.00,,,,709011343,61124702,,false,false,12,2018-04-01,2019-03-31,-1
2019-10-31,45680,2020-03-31,2,,,,,,,,,,,,,,,,,,,,,,,,,,,,,35.00,,,,,,,false,false,12,2019-04-01,2020-03-31,0
2019-10-31,45680,2020-03-31,2,,,,,,,,,,,,,,,,,,,,,,,,,,,,,70.00,,,,,,,false,true,12,2019-04-01,2020-03-31,0
2019-10-31,45680,2020-03-31,2,,,,,,,,,,,,,,,,,,,,,,,,,,,,,,,,,709011343,61060141,647909862,false,false,6,2019-04-01,2019-09-30,0
2019-10-31,45680,2019-03-31,2,,,,,,,,,,,,,,,,,,,,,,,,,,,,,,,,,,,647717922,false,false,6,2018-04-01,2018-09-30,-1
2020-01-31,45680,2020-03-31,3,,,,,,,155581000000,0.603,,,,134281000000,,207.25,206.82,,,,,2089754000000,,,,,,,,,,,,,,,,true,false,9,2019-04-01,2019-12-31,0
2020-01-31,45680,2019-03-31,3,,,,,,,97082000000,0.041,,,,78799000000,,121.65,121.37,,,,,,,,,,,,,,,,,,,,,true,false,9,2018-04-01,2018-12-31,-1
2020-01-31,45680,2020-03-31,3,,,,,,,135000000000,0.613,,,,110000000000,,169.76,,,,,,,,,,,,,,,,,,,,,,true,true,12,2019-04-01,2020-03-31,0
2020-01-31,45680,2019-03-31,3,,,,,,,,,,,,,,,,,,,,2088051000000,,,,,,,,,,,,,,,,true,false,12,2018-04-01,2019-03-31,-1
2020-01-31,45680,2019-03-31,3,,,,,,,,,,,,,,,,,,,,,,,,,,,,,70.00,,,,709011343,61124702,,false,false,12,2018-04-01,2019-03-31,-1
2020-01-31,45680,2020-03-31,3,,,,,,,,,,,,,,,,,,,,,,,,,,,,,35.00,,,,,,,false,false,12,2019-04-01,2020-03-31,0
2020-01-31,45680,2020-03-31,3,,,,,,,,,,,,,,,,,,,,,,,,,,,,,70.00,,,,,,,false,true,12,2019-04-01,2020-03-31,0
2020-01-31,45680,2020-03-31,3,,,,,,,,,,,,,,,,,,,,,,,,,,,,,,,,,709011343,61049104,647925691,false,false,9,2019-04-01,2019-12-31,0
2020-01-31,45680,2019-03-31,3,,,,,,,,,,,,,,,,,,,,,,,,,,,,,,,,,,,647759180,false,false,9,2018-04-01,2018-12-31,-1
2020-04-27,45680,2020-03-31,,664909000000,0.064,,,,,16087000000,1.039,49738000000,-0.019,111374000000,,-0.169,171.89,171.54,,,,,1657134000000,1005497000000,0.606,1549.05,1003886000000,,,,,70.00,,,,709011343,60943592,647946666,false,false,12,2019-04-01,2020-03-31,0
2020-04-27,45680,2019-03-31,,625046000000,-0.009,,,,,7889000000,-0.541,50724000000,-0.437,134069000000,,0.601,206.97,206.51,,,,,1619500000000,957680000000,0.590,1475.37,955875000000,,,,,70.00,,,,709011343,61124702,647785171,false,false,12,2018-04-01,2019-03-31,-1
2020-04-27,45680,2020-03-31,,,,,,,,138800000000,0.658,,,,129074000000,,199.21,198.80,,,,,2105619000000,,,,,196601000000,81673000000,-91637000000,,,0.351,,,,,,true,false,12,2019-04-01,2020-03-31,0
2020-04-27,45680,2019-03-31,,,,,,,,83705000000,0.097,,,,93409000000,,144.20,143.88,,,,,2088051000000,,,,,92033000000,-142520000000,-66203000000,,,0.485,,,,,,true,false,12,2018-04-01,2019-03-31,-1
2020-04-27,45680,2021-03-31,,,,,,,,80000000000,-0.424,,,,56000000000,,86.41,,,,,,,,,,,,,,,,,,,,,,true,true,12,2020-04-01,2021-03-31,1
2020-04-27,45680,2021-03-31,,,,,,,,,,,,,,,,,,,,,,,,,,,,,,13.50,,,,,,,false,true,12,2020-04-01,2021-03-31,1
2020-07-31,45680,2021-03-31,1,,,,,,,34122000000,-0.401,,,,31857000000,,49.15,49.07,,,,,2063186000000,,,,,,,,,,,,,,,,true,false,3,2020-04-01,2020-06-30,0
2020-07-31,45680,2020-03-31,1,,,,,,,56993000000,0.905,,,,43347000000,,66.91,66.77,,,,,,,,,,,,,,,,,,,,,true,false,3,2019-04-01,2019-06-30,-1
2020-07-31,45680,2021-03-31,1,,,,,,,80000000000,-0.424,,,,56000000000,,86.38,,,,,,,,,,,,,,,,,,,,,,true,true,12,2020-04-01,2021-03-31,0
2020-07-31,45680,2020-03-31,1,,,,,,,,,,,,,,,,,,,,2105619000000,,,,,,,,,,,,,,,,true,false,12,2019-04-01,2020-03-31,-1
2020-07-31,45680,2020-03-31,1,,,,,,,,,,,,,,,,,,,,,,,,,,,,,70.00,,,,709011343,60943592,,false,false,12,2019-04-01,2020-03-31,-1
2020-07-31,45680,2021-03-31,1,,,,,,,,,,,,,,,,,,,,,,,,,,,,,13.50,,,,,,,false,true,12,2020-04-01,2021-03-31,0
2020-07-31,45680,2021-03-31,1,,,,,,,,,,,,,,,,,,,,,,,,,,,,,,,,,709011343,60689158,648220255,false,false,3,2020-04-01,2020-06-30,0
2020-07-31,45680,2020-03-31,1,,,,,,,,,,,,,,,,,,,,,,,,,,,,,,,,,,,647887006,false,false,3,2019-04-01,2019-06-30,-1
2020-10-30,45680,2021-03-31,2,,,,,,,58465000000,-0.321,,,,51667000000,,26.57,26.53,,,,,2079764000000,,,,,,,,,,,,,,,,true,false,6,2020-04-01,2020-09-30,0
2020-10-30,45680,2020-03-31,2,,,,,,,86163000000,0.486,,,,64426000000,,33.15,33.08,,,,,,,,,,,,,,,,,,,,,true,false,6,2019-04-01,2019-09-30,-1
2020-10-30,45680,2021-03-31,2,,,,,,,60000000000,-0.568,,,,53000000000,,27.24,,,,,,,,,,,,,,,,,,,,,,true,true,12,2020-04-01,2021-03-31,0
2020-10-30,45680,2020-03-31,2,,,,,,,,,,,,,,,,,,,,2105619000000,,,,,,,,,,,,,,,,true,false,12,2019-04-01,2020-03-31,-1
2020-10-30,45680,2020-03-31,2,,,,,,,,,,,,,,,,,,,,,,,,,,,,,70.00,,,,2127034029,182830776,,false,false,12,2019-04-01,2020-03-31,-1
2020-10-30,45680,2021-03-31,2,,,,,,,,,,,,,,,,,,,,,,,,,,,,,40.50,,,,,,,false,false,12,2020-04-01,2021-03-31,0
2020-10-30,45680,2021-03-31,2,,,,,,,,,,,,,,,,,,,,,,,,,,,,,13.50,,,,,,,false,true,12,2020-04-01,2021-03-31,0
2020-10-30,45680,2021-03-31,2,,,,,,,,,,,,,,,,,,,,,,,,,,,,,,,,,2127034029,181522092,1944936675,false,false,6,2020-04-01,2020-09-30,0
2020-10-30,45680,2020-03-31,2,,,,,,,,,,,,,,,,,,,,,,,,,,,,,,,,,,,1943729585,false,false,6,2019-04-01,2019-09-30,-1
2021-01-29,45680,2021-03-31,3,,,,,,,89463000000,-0.425,,,,75806000000,,38.99,38.94,,,,,2051185000000,,,,,,,,,,,,,,,,true,false,9,2020-04-01,2020-12-31,0
2021-01-29,45680,2020-03-31,3,,,,,,,155581000000,0.603,,,,134281000000,,69.08,68.94,,,,,,,,,,,,,,,,,,,,,true,false,9,2019-04-01,2019-12-31,-1
2021-01-29,45680,2021-03-31,3,,,,,,,60000000000,-0.568,,,,53000000000,,27.41,,,,,,,,,,,,,,,,,,,,,,true,true,12,2020-04-01,2021-03-31,0
2021-01-29,45680,2020-03-31,3,,,,,,,,,,,,,,,,,,,,2105619000000,,,,,,,,,,,,,,,,true,false,12,2019-04-01,2020-03-31,-1
2021-01-29,45680,2020-03-31,3,,,,,,,,,,,,,,,,,,,,,,,,,,,,,70.00,,,,2127034029,182830776,,false,false,12,2019-04-01,2020-03-31,-1
2021-01-29,45680,2021-03-31,3,,,,,,,,,,,,,,,,,,,,,,,,,,,,,40.50,,,,,,,false,false,12,2020-04-01,2021-03-31,0
2021-01-29,45680,2021-03-31,3,,,,,,,,,,,,,,,,,,,,,,,,,,,,,13.50,,,,,,,false,true,12,2020-04-01,2021-03-31,0
2021-01-29,45680,2021-03-31,3,,,,,,,,,,,,,,,,,,,,,,,,,,,,,,,,,2127034029,193158002,1944131938,false,false,9,2020-04-01,2020-12-31,0
2021-01-29,45680,2020-03-31,3,,,,,,,,,,,,,,,,,,,,,,,,,,,,,,,,,,,1943777072,false,false,9,2019-04-01,2019-12-31,-1
2021-04-27,45680,2021-03-31,,701000000000,0.054,,,,,39652000000,1.465,84543000000,0.700,81002000000,,-0.273,41.77,41.71,,,,,1589239000000,947766000000,0.596,494.07,946727000000,,,,,13.50,,,,2127034029,210868203,1939343390,false,false,12,2020-04-01,2021-03-31,0
2021-04-27,45680,2020-03-31,,664909000000,0.064,,,,,16087000000,1.039,49738000000,-0.019,111374000000,,-0.169,57.30,57.18,,,,,1657134000000,1005497000000,0.606,516.35,1003886000000,,,,,70.00,,,,2127034029,182830776,1943839998,false,false,12,2019-04-01,2020-03-31,-1
2021-04-27,45680,2021-03-31,,,,,,,,63795000000,-0.540,,,,75958000000,,39.17,39.11,,,,,2085178000000,,,,,192207000000,-39246000000,-202433000000,,,0.689,,,,,,true,false,12,2020-04-01,2021-03-31,0
2021-04-27,45680,2020-03-31,,,,,,,,138800000000,0.658,,,,129074000000,,66.40,66.27,,,,,2105619000000,,,,,196601000000,81673000000,-91637000000,,,0.351,,,,,,true,false,12,2019-04-01,2020-03-31,-1
2021-04-27,45680,2022-03-31,,,,,,,,70000000000,0.097,,,,50000000000,,26.09,,,,,,,,,,,,,,,,,,,,,,true,true,12,2021-04-01,2022-03-31,1
2021-04-27,45680,2022-03-31,,,,,,,,,,,,,,,,,,,,,,,,,,,,,,27.00,,,,,,,false,true,12,2021-04-01,2022-03-31,1
2021-07-30,45680,2022-03-31,1,,,,,,,45769000000,0.341,,,,35220000000,,18.38,18.36,,,,,2062470000000,,,,,,,,,,,,,,,,true,false,3,2021-04-01,2021-06-30,0
2021-07-30,45680,2021-03-31,1,,,,,,,34122000000,-0.401,,,,31857000000,,16.38,16.36,,,,,,,,,,,,,,,,,,,,,true,false,3,2020-04-01,2020-06-30,-1
2021-07-30,45680,2022-03-31,1,,,,,,,70000000000,0.097,,,,50000000000,,26.09,,,,,,,,,,,,,,,,,,,,,,true,true,12,2021-04-01,2022-03-31,0
2021-07-30,45680,2021-03-31,1,,,,,,,,,,,,,,,,,,,,2085178000000,,,,,,,,,,,,,,,,true,false,12,2020-04-01,2021-03-31,-1
2021-07-30,45680,2021-03-31,1,,,,,,,,,,,,,,,,,,,,,,,,,,,,,13.50,,,,2127034029,210868203,,false,false,12,2020-04-01,2021-03-31,-1
2021-07-30,45680,2022-03-31,1,,,,,,,,,,,,,,,,,,,,,,,,,,,,,27.00,,,,,,,false,true,12,2021-04-01,2022-03-31,0
2021-07-30,45680,2022-03-31,1,,,,,,,,,,,,,,,,,,,,,,,,,,,,,,,,,1947034029,30606239,1916333127,false,false,3,2021-04-01,2021-06-30,0
2021-07-30,45680,2021-03-31,1,,,,,,,,,,,,,,,,,,,,,,,,,,,,,,,,,,,1944660766,false,false,3,2020-04-01,2020-06-30,-1
2021-10-29,4568,2022-03-31,2,,,,,,,84742000000,0.449,,,,62465000000,,32.59,32.56,,,,,2110729000000,,,,,,,,,,,,,,,,true,false,6,2021-04-01,2021-09-30,0
2021-10-29,4568,2021-03-31,2,,,,,,,58465000000,-0.321,,,,51667000000,,26.57,26.53,,,,,,,,,,,,,,,,,,,,,true,false,6,2020-04-01,2020-09-30,-1
2021-10-29,4568,2022-03-31,2,,,,,,,92000000000,0.442,,,,64000000000,,33.39,,,,,,,,,,,,,,,,,,,,,,true,true,12,2021-04-01,2022-03-31,0
2021-10-29,4568,2021-03-31,2,,,,,,,,,,,,,,,,,,,,2085178000000,,,,,,,,,,,,,,,,true,false,12,2020-04-01,2021-03-31,-1
2021-10-29,4568,2021-03-31,2,,,,,,,,,,,,,,,,,,,,,,,,,,,,,13.50,,,,2127034029,210868203,,false,false,12,2020-04-01,2021-03-31,-1
2021-10-29,4568,2022-03-31,2,,,,,,,,,,,,,,,,,,,,,,,,,,,,,13.50,,,,,,,false,false,12,2021-04-01,2022-03-31,0
2021-10-29,4568,2022-03-31,2,,,,,,,,,,,,,,,,,,,,,,,,,,,,,27.00,,,,,,,false,true,12,2021-04-01,2022-03-31,0
2021-10-29,4568,2022-03-31,2,,,,,,,,,,,,,,,,,,,,,,,,,,,,,,,,,1947034029,30308841,1916460879,false,false,6,2021-04-01,2021-09-30,0
2021-10-29,4568,2021-03-31,2,,,,,,,,,,,,,,,,,,,,,,,,,,,,,,,,,,,1944936675,false,false,6,2020-04-01,2020-09-30,-1
2022-01-31,4568,2022-03-31,3,,,,,,,123772000000,0.383,,,,94318000000,,49.21,49.16,,,,,2163472000000,,,,,,,,,,,,,,,,true,false,9,2021-04-01,2021-12-31,0
2022-01-31,4568,2021-03-31,3,,,,,,,89463000000,-0.425,,,,75806000000,,38.99,38.94,,,,,,,,,,,,,,,,,,,,,true,false,9,2020-04-01,2020-12-31,-1
2022-01-31,4568,2022-03-31,3,,,,,,,92000000000,0.442,,,,64000000000,,33.39,,,,,,,,,,,,,,,,,,,,,,true,true,12,2021-04-01,2022-03-31,0
2022-01-31,4568,2021-03-31,3,,,,,,,,,,,,,,,,,,,,2085178000000,,,,,,,,,,,,,,,,true,false,12,2020-04-01,2021-03-31,-1
2022-01-31,4568,2021-03-31,3,,,,,,,,,,,,,,,,,,,,,,,,,,,,,13.50,,,,2127034029,210868203,,false,false,12,2020-04-01,2021-03-31,-1
2022-01-31,4568,2022-03-31,3,,,,,,,,,,,,,,,,,,,,,,,,,,,,,13.50,,,,,,,false,false,12,2021-04-01,2022-03-31,0
2022-01-31,4568,2022-03-31,3,,,,,,,,,,,,,,,,,,,,,,,,,,,,,27.00,,,,,,,false,true,12,2021-04-01,2022-03-31,0
2022-01-31,4568,2022-03-31,3,,,,,,,,,,,,,,,,,,,,,,,,,,,,,,,,,1947034029,30309866,1916549230,false,false,9,2021-04-01,2021-12-31,0
2022-01-31,4568,2021-03-31,3,,,,,,,,,,,,,,,,,,,,,,,,,,,,,,,,,,,1944131938,false,false,9,2020-04-01,2020-12-31,-1
2022-04-27,4568,2022-03-31,,754007000000,0.076,,,,,10157000000,-0.744,47688000000,-0.436,39273000000,,-0.515,20.49,20.47,,,,,1638011000000,930266000000,0.567,484.90,929444000000,,,,,27.00,,,,1947034029,30247523,1916602512,false,false,12,2021-04-01,2022-03-31,0
2022-04-27,4568,2021-03-31,,701000000000,0.054,,,,,39652000000,1.465,84543000000,0.700,81002000000,,-0.273,41.77,41.71,,,,,1589239000000,947766000000,0.596,494.07,946727000000,,,,,13.50,,,,2127034029,210868203,1939343390,false,false,12,2020-04-01,2021-03-31,-1
2022-04-27,4568,2022-03-31,,,,,,,,73025000000,0.145,,,,66972000000,,34.94,34.91,,,,,2221402000000,,,,,139226000000,212339000000,-86231000000,,,0.773,,,,,,true,false,12,2021-04-01,2022-03-31,0
2022-04-27,4568,2021-03-31,,,,,,,,63795000000,-0.540,,,,75958000000,,39.17,39.11,,,,,2085178000000,,,,,192207000000,-39246000000,-202433000000,,,0.689,,,,,,true,false,12,2020-04-01,2021-03-31,-1
2022-04-27,4568,2023-03-31,,,,,,,,105000000000,0.438,,,,83000000000,,43.30,,,,,,,,,,,,,,,,0.624,,,,,,true,true,12,2022-04-01,2023-03-31,1
2022-04-27,4568,2023-03-31,,,,,,,,,,,,,,,,,,,,,,,,,,,,,,27.00,,,,,,,false,true,12,2022-04-01,2023-03-31,1
2022-07-29,4568,2023-03-31,1,,,,,,,34382000000,-0.249,,,,18851000000,,9.84,9.83,,,,,2294549000000,,,,,,,,,,,,,,,,true,false,3,2022-04-01,2022-06-30,0
2022-07-29,4568,2022-03-31,1,,,,,,,45769000000,0.341,,,,35220000000,,18.38,18.36,,,,,,,,,,,,,,,,,,,,,true,false,3,2021-04-01,2021-06-30,-1
2022-07-29,4568,2023-03-31,1,,,,,,,105000000000,0.438,,,,83000000000,,43.30,,,,,,,,,,,,,,,,,,,,,,true,true,12,2022-04-01,2023-03-31,0
2022-07-29,4568,2022-03-31,1,,,,,,,,,,,,,,,,,,,,2221402000000,,,,,,,,,,,,,,,,true,false,12,2021-04-01,2022-03-31,-1
2022-07-29,4568,2022-03-31,1,,,,,,,,,,,,,,,,,,,,,,,,,,,,,27.00,,,,1947034029,30247523,,false,false,12,2021-04-01,2022-03-31,-1
2022-07-29,4568,2023-03-31,1,,,,,,,,,,,,,,,,,,,,,,,,,,,,,27.00,,,,,,,false,true,12,2022-04-01,2023-03-31,0
2022-07-29,4568,2023-03-31,1,,,,,,,,,,,,,,,,,,,,,,,,,,,,,,,,,1947034029,30181593,1916818964,false,false,3,2022-04-01,2022-06-30,0
2022-07-29,4568,2022-03-31,1,,,,,,,,,,,,,,,,,,,,,,,,,,,,,,,,,,,1916333127,false,false,3,2021-04-01,2021-06-30,-1
2022-10-31,4568,2023-03-31,2,,,,,,,95580000000,0.128,,,,58309000000,,30.42,30.39,,,,,2427775000000,,,,,,,,,,,,,,,,true,false,6,2022-04-01,2022-09-30,0
2022-10-31,4568,2022-03-31,2,,,,,,,84742000000,0.449,,,,62465000000,,32.59,32.56,,,,,,,,,,,,,,,,,,,,,true,false,6,2021-04-01,2021-09-30,-1
2022-10-31,4568,2023-03-31,2,,,,,,,130000000000,0.780,,,,100000000000,,52.16,,,,,,,,,,,,,,,,,,,,,,true,true,12,2022-04-01,2023-03-31,0
2022-10-31,4568,2022-03-31,2,,,,,,,,,,,,,,,,,,,,2221402000000,,,,,,,,,,,,,,,,true,false,12,2021-04-01,2022-03-31,-1
2022-10-31,4568,2022-03-31,2,,,,,,,,,,,,,,,,,,,,,,,,,,,,,27.00,,,,1947034029,30247523,,false,false,12,2021-04-01,2022-03-31,-1
2022-10-31,4568,2023-03-31,2,,,,,,,,,,,,,,,,,,,,,,,,,,,,,15.00,,,,,,,false,false,12,2022-04-01,2023-03-31,0
2022-10-31,4568,2023-03-31,2,,,,,,,,,,,,,,,,,,,,,,,,,,,,,30.00,,,,,,,false,true,12,2022-04-01,2023-03-31,0
2022-10-31,4568,2023-03-31,2,,,,,,,,,,,,,,,,,,,,,,,,,,,,,,,,,1947034029,30002636,1916898392,false,false,6,2022-04-01,2022-09-30,0
2022-10-31,4568,2022-03-31,2,,,,,,,,,,,,,,,,,,,,,,,,,,,,,,,,,,,1916460879,false,false,6,2021-04-01,2021-09-30,-1
2023-01-31,4568,2023-03-31,3,,,,,,,127131000000,0.027,,,,86700000000,,45.23,45.19,,,,,2398031000000,,,,,,,,,,,,,,,,true,false,9,2022-04-01,2022-12-31,0
2023-01-31,4568,2022-03-31,3,,,,,,,123772000000,0.383,,,,94318000000,,49.21,49.16,,,,,,,,,,,,,,,,,,,,,true,false,9,2021-04-01,2021-12-31,-1
2023-01-31,4568,2023-03-31,3,,,,,,,130000000000,0.780,,,,100000000000,,52.16,,,,,,,,,,,,,,,,,,,,,,true,true,12,2022-04-01,2023-03-31,0
2023-01-31,4568,2022-03-31,3,,,,,,,,,,,,,,,,,,,,2221402000000,,,,,,,,,,,,,,,,true,false,12,2021-04-01,2022-03-31,-1
2023-01-31,4568,2022-03-31,3,,,,,,,,,,,,,,,,,,,,,,,,,,,,,27.00,,,,1947034029,30247523,,false,false,12,2021-04-01,2022-03-31,-1
2023-01-31,4568,2023-03-31,3,,,,,,,,,,,,,,,,,,,,,,,,,,,,,15.00,,,,,,,false,false,12,2022-04-01,2023-03-31,0
2023-01-31,4568,2023-03-31,3,,,,,,,,,,,,,,,,,,,,,,,,,,,,,30.00,,,,,,,false,true,12,2022-04-01,2023-03-31,0
2023-01-31,4568,2023-03-31,3,,,,,,,,,,,,,,,,,,,,,,,,,,,,,,,,,1947034029,29873978,1916974859,false,false,9,2022-04-01,2022-12-31,0
2023-01-31,4568,2022-03-31,3,,,,,,,,,,,,,,,,,,,,,,,,,,,,,,,,,,,1916549230,false,false,9,2021-04-01,2021-12-31,-1
2023-04-27,4568,2023-03-31,,858974000000,0.139,,,,,-37088000000,-4.651,91615000000,0.921,104247000000,,1.654,54.38,54.34,,,,,1865707000000,977560000000,0.524,509.53,976951000000,,,,,30.00,,,,1947034029,29690154,1917034606,false,false,12,2022-04-01,2023-03-31,0
2023-04-27,4568,2022-03-31,,754007000000,0.076,,,,,10157000000,-0.744,47688000000,-0.436,39273000000,,-0.515,20.49,20.47,,,,,1638011000000,930266000000,0.567,484.90,929444000000,,,,,27.00,,,,1947034029,30247523,1916602512,false,false,12,2021-04-01,2022-03-31,-1
2023-04-27,4568,2023-03-31,,,,,,,,120580000000,0.651,,,,109188000000,,56.96,56.91,,,,,2508889000000,,,,,114514000000,-257782000000,-89594000000,,,0.527,,,,,,true,false,12,2022-04-01,2023-03-31,0
2023-04-27,4568,2022-03-31,,,,,,,,73025000000,0.145,,,,66972000000,,34.94,34.91,,,,,2221402000000,,,,,139226000000,212339000000,-86231000000,,,0.773,,,,,,true,false,12,2021-04-01,2022-03-31,-1
2023-04-27,4568,2024-03-31,,,,,,,,135000000000,0.120,,,,115000000000,,59.98,,,,,,,,,,,,,,,,0.567,,,,,,true,true,12,2023-04-01,2024-03-31,1
2023-04-27,4568,2024-03-31,,,,,,,,,,,,,,,,,,,,,,,,,,,,,,34.00,,,,,,,false,true,12,2023-04-01,2024-03-31,1
2023-07-31,4568,2024-03-31,1,,,,,,,44032000000,0.281,,,,57013000000,,29.74,29.72,,,,,2616069000000,,,,,,,,,,,,,,,,true,false,3,2023-04-01,2023-06-30,0
2023-07-31,4568,2023-03-31,1,,,,,,,34382000000,-0.249,,,,18851000000,,9.84,9.83,,,,,,,,,,,,,,,,,,,,,true,false,3,2022-04-01,2022-06-30,-1
2023-07-31,4568,2024-03-31,1,,,,,,,135000000000,0.120,,,,115000000000,,59.98,,,,,,,,,,,,,,,,,,,,,,true,true,12,2023-04-01,2024-03-31,0
2023-07-31,4568,2023-03-31,1,,,,,,,,,,,,,,,,,,,,2508889000000,,,,,,,,,,,,,,,,true,false,12,2022-04-01,2023-03-31,-1
2023-07-31,4568,2023-03-31,1,,,,,,,,,,,,,,,,,,,,,,,,,,,,,30.00,,,,1947034029,29690154,,false,false,12,2022-04-01,2023-03-31,-1
2023-07-31,4568,2024-03-31,1,,,,,,,,,,,,,,,,,,,,,,,,,,,,,34.00,,,,,,,false,true,12,2023-04-01,2024-03-31,0
2023-07-31,4568,2024-03-31,1,,,,,,,,,,,,,,,,,,,,,,,,,,,,,,,,,1947034029,29680844,1917345695,false,false,3,2023-04-01,2023-06-30,0
2023-07-31,4568,2023-03-31,1,,,,,,,,,,,,,,,,,,,,,,,,,,,,,,,,,,,1916818964,false,false,3,2022-04-01,2022-06-30,-1
2023-10-31,4568,2024-03-31,2,,,,,,,95063000000,-0.005,,,,97006000000,,50.59,50.56,,,,,2649101000000,,,,,,,,,,,,,,,,true,false,6,2023-04-01,2023-09-30,0
2023-10-31,4568,2023-03-31,2,,,,,,,95580000000,0.128,,,,58309000000,,30.42,30.39,,,,,,,,,,,,,,,,,,,,,true,false,6,2022-04-01,2022-09-30,-1
2023-10-31,4568,2024-03-31,2,,,,,,,150000000000,0.244,,,,135000000000,,70.41,,,,,,,,,,,,,,,,,,,,,,true,true,12,2023-04-01,2024-03-31,0
2023-10-31,4568,2023-03-31,2,,,,,,,,,,,,,,,,,,,,2508889000000,,,,,,,,,,,,,,,,true,false,12,2022-04-01,2023-03-31,-1
2023-10-31,4568,2023-03-31,2,,,,,,,,,,,,,,,,,,,,,,,,,,,,,30.00,,,,1947034029,29690154,,false,false,12,2022-04-01,2023-03-31,-1
2023-10-31,4568,2024-03-31,2,,,,,,,,,,,,,,,,,,,,,,,,,,,,,20.00,,,,,,,false,false,12,2023-04-01,2024-03-31,0
2023-10-31,4568,2024-03-31,2,,,,,,,,,,,,,,,,,,,,,,,,,,,,,40.00,,,,,,,false,true,12,2023-04-01,2024-03-31,0
2023-10-31,4568,2024-03-31,2,,,,,,,,,,,,,,,,,,,,,,,,,,,,,,,,,1947034029,29580213,1917389332,false,false,6,2023-04-01,2023-09-30,0
2023-10-31,4568,2023-03-31,2,,,,,,,,,,,,,,,,,,,,,,,,,,,,,,,,,,,1916898392,false,false,6,2022-04-01,2022-09-30,-1
2024-01-31,4568,2024-03-31,3,,,,,,,194551000000,0.530,,,,163564000000,,85.31,85.25,,,,,3268945000000,,,,,,,,,,,,,,,,true,false,9,2023-04-01,2023-12-31,0
2024-01-31,4568,2023-03-31,3,,,,,,,127131000000,0.027,,,,86700000000,,45.23,45.19,,,,,,,,,,,,,,,,,,,,,true,false,9,2022-04-01,2022-12-31,-1
2024-01-31,4568,2024-03-31,3,,,,,,,200000000000,0.659,,,,175000000000,,91.27,,,,,,,,,,,,,,,,,,,,,,true,true,12,2023-04-01,2024-03-31,0
2024-01-31,4568,2023-03-31,3,,,,,,,,,,,,,,,,,,,,2508889000000,,,,,,,,,,,,,,,,true,false,12,2022-04-01,2023-03-31,-1
2024-01-31,4568,2023-03-31,3,,,,,,,,,,,,,,,,,,,,,,,,,,,,,30.00,,,,1947034029,29690154,,false,false,12,2022-04-01,2023-03-31,-1
2024-01-31,4568,2024-03-31,3,,,,,,,,,,,,,,,,,,,,,,,,,,,,,20.00,,,,,,,false,false,12,2023-04-01,2024-03-31,0
2024-01-31,4568,2024-03-31,3,,,,,,,,,,,,,,,,,,,,,,,,,,,,,50.00,,,,,,,false,true,12,2023-04-01,2024-03-31,0
2024-01-31,4568,2024-03-31,3,,,,,,,,,,,,,,,,,,,,,,,,,,,,,,,,,1947034029,29581839,1917410710,false,false,9,2023-04-01,2023-12-31,0
2024-01-31,4568,2023-03-31,3,,,,,,,,,,,,,,,,,,,,,,,,,,,,,,,,,,,1916974859,false,false,9,2022-04-01,2022-12-31,-1
2024-04-25,4568,2024-03-31,,1214732000000,0.414,,,,,104081000000,,182730000000,0.995,184122000000,,0.766,96.03,95.96,,,,,2563981000000,1104519000000,0.431,575.73,1103959000000,,,,,50.00,,,,1947034029,29531339,1917426289,false,false,12,2023-04-01,2024-03-31,0
2024-04-25,4568,2023-03-31,,858974000000,0.139,,,,,-37088000000,,91615000000,0.921,104247000000,,1.654,54.38,54.34,,,,,1865707000000,977560000000,0.524,509.53,976951000000,,,,,30.00,,,,1947034029,29690154,1917034606,false,false,12,2022-04-01,2023-03-31,-1
2024-04-25,4568,2024-03-31,,,,,,,,211588000000,0.755,,,,200731000000,,104.69,104.62,,,,,3461135000000,,,,,599258000000,-282636000000,-123564000000,,,0.478,,,,,,true,false,12,2023-04-01,2024-03-31,0
2024-04-25,4568,2023-03-31,,,,,,,,120580000000,0.651,,,,109188000000,,56.96,56.91,,,,,2508889000000,,,,,114514000000,-257782000000,-89594000000,,,0.527,,,,,,true,false,12,2022-04-01,2023-03-31,-1
2024-04-25,4568,2025-03-31,,,,,,,,230000000000,0.087,,,,190000000000,,99.09,,,,,,,,,,,,,,,,0.605,,,,,,true,true,12,2024-04-01,2025-03-31,1
2024-04-25,4568,2025-03-31,,,,,,,,,,,,,,,,,,,,,,,,,,,,,,60.00,,,,,,,false,true,12,2024-04-01,2025-03-31,1
2024-07-31,4568,2025-03-31,1,,,,,,,92979000000,1.112,,,,85383000000,,44.60,44.57,,,,,3437132000000,,,,,,,,,,,,,,,,true,false,3,2024-04-01,2024-06-30,0
2024-07-31,4568,2024-03-31,1,,,,,,,44032000000,0.281,,,,57013000000,,29.74,29.72,,,,,,,,,,,,,,,,,,,,,true,false,3,2023-04-01,2023-06-30,-1
2024-07-31,4568,2025-03-31,1,,,,,,,230000000000,0.087,,,,190000000000,,99.09,,,,,,,,,,,,,,,,,,,,,,true,true,12,2024-04-01,2025-03-31,0
2024-07-31,4568,2024-03-31,1,,,,,,,,,,,,,,,,,,,,3461135000000,,,,,,,,,,,,,,,,true,false,12,2023-04-01,2024-03-31,-1
2024-07-31,4568,2024-03-31,1,,,,,,,,,,,,,,,,,,,,,,,,,,,,,50.00,,,,1947034029,29531339,,false,false,12,2023-04-01,2024-03-31,-1
2024-07-31,4568,2025-03-31,1,,,,,,,,,,,,,,,,,,,,,,,,,,,,,60.00,,,,,,,false,true,12,2024-04-01,2025-03-31,0
2024-07-31,4568,2025-03-31,1,,,,,,,,,,,,,,,,,,,,,,,,,,,,,,,,,1947034029,37896419,1914362840,false,false,3,2024-04-01,2024-06-30,0
2024-07-31,4568,2024-03-31,1,,,,,,,,,,,,,,,,,,,,,,,,,,,,,,,,,,,1917345695,false,false,3,2023-04-01,2023-06-30,-1
2024-10-31,4568,2025-03-31,2,,,,,,,186900000000,0.966,,,,146675000000,,76.83,76.79,,,,,3297129000000,,,,,,,,,,,,,,,,true,false,6,2024-04-01,2024-09-30,0
2024-10-31,4568,2024-03-31,2,,,,,,,95063000000,-0.005,,,,97006000000,,50.59,50.56,,,,,,,,,,,,,,,,,,,,,true,false,6,2023-04-01,2023-09-30,-1
2024-10-31,4568,2025-03-31,2,,,,,,,280000000000,0.323,,,,225000000000,,118.66,,,,,,,,,,,,,,,,,,,,,,true,true,12,2024-04-01,2025-03-31,0
2024-10-31,4568,2024-03-31,2,,,,,,,,,,,,,,,,,,,,3461135000000,,,,,,,,,,,,,,,,true,false,12,2023-04-01,2024-03-31,-1
2024-10-31,4568,2024-03-31,2,,,,,,,,,,,,,,,,,,,,,,,,,,,,,50.00,,,,1947034029,29531339,,false,false,12,2023-04-01,2024-03-31,-1
2024-10-31,4568,2025-03-31,2,,,,,,,,,,,,,,,,,,,,,,,,,,,,,30.00,,,,,,,false,false,12,2024-04-01,2025-03-31,0
2024-10-31,4568,2025-03-31,2,,,,,,,,,,,,,,,,,,,,,,,,,,,,,60.00,,,,,,,false,true,12,2024-04-01,2025-03-31,0
2024-10-31,4568,2025-03-31,2,,,,,,,,,,,,,,,,,,,,,,,,,,,,,,,,,1947034029,50922621,1909037972,false,false,6,2024-04-01,2024-09-30,0
2024-10-31,4568,2024-03-31,2,,,,,,,,,,,,,,,,,,,,,,,,,,,,,,,,,,,1917389332,false,false,6,2023-04-01,2023-09-30,-1
2025-01-31,4568,2025-03-31,3,,,,,,,248311000000,0.276,,,,208603000000,,109.65,109.58,,,,,3443612000000,,,,,,,,,,,,,,,,true,false,9,2024-04-01,2024-12-31,0
2025-01-31,4568,2024-03-31,3,,,,,,,194551000000,0.530,,,,163564000000,,85.31,85.25,,,,,,,,,,,,,,,,,,,,,true,false,9,2023-04-01,2023-12-31,-1
2025-01-31,4568,2025-03-31,3,,,,,,,280000000000,0.323,,,,240000000000,,127.60,,,,,,,,,,,,,,,,,,,,,,true,true,12,2024-04-01,2025-03-31,0
2025-01-31,4568,2024-03-31,3,,,,,,,,,,,,,,,,,,,,3461135000000,,,,,,,,,,,,,,,,true,false,12,2023-04-01,2024-03-31,-1
2025-01-31,4568,2024-03-31,3,,,,,,,,,,,,,,,,,,,,,,,,,,,,,50.00,,,,1947034029,29531339,,false,false,12,2023-04-01,2024-03-31,-1
2025-01-31,4568,2025-03-31,3,,,,,,,,,,,,,,,,,,,,,,,,,,,,,30.00,,,,,,,false,false,12,2024-04-01,2025-03-31,0
2025-01-31,4568,2025-03-31,3,,,,,,,,,,,,,,,,,,,,,,,,,,,,,60.00,,,,,,,false,true,12,2024-04-01,2025-03-31,0
2025-01-31,4568,2025-03-31,3,,,,,,,,,,,,,,,,,,,,,,,,,,,,,,,,,1947034029,66138672,1902491746,false,false,9,2024-04-01,2024-12-31,0
2025-01-31,4568,2024-03-31,3,,,,,,,,,,,,,,,,,,,,,,,,,,,,,,,,,,,1917410710,false,false,9,2023-04-01,2023-12-31,-1
2025-04-25,4568,2025-03-31,,1357334000000,0.117,,,,,159123000000,0.529,202218000000,0.107,200740000000,,0.090,105.85,105.79,,,,,2697206000000,938666000000,0.348,502.63,938241000000,,,,,60.00,,,,1908322129,41668788,1896393411,false,false,12,2024-04-01,2025-03-31,0
2025-04-25,4568,2024-03-31,,1214732000000,0.414,,,,,104081000000,,182730000000,0.995,184122000000,,0.766,96.03,95.96,,,,,2563981000000,1104519000000,0.431,575.73,1103959000000,,,,,50.00,,,,1947034029,29531339,1917426289,false,false,12,2023-04-01,2024-03-31,-1
2025-04-25,4568,2025-03-31,,,,,,,,331925000000,0.569,,,,295756000000,,155.96,155.87,,,,,3456119000000,,,,,53842000000,334170000000,-377769000000,,,0.385,,,,,,true,false,12,2024-04-01,2025-03-31,0
2025-04-25,4568,2024-03-31,,,,,,,,211588000000,0.755,,,,200731000000,,104.69,104.62,,,,,3461135000000,,,,,599258000000,-282636000000,-123564000000,,,0.478,,,,,,true,false,12,2023-04-01,2024-03-31,-1
2025-04-25,4568,2026-03-31,,,,,,,,350000000000,0.054,,,,300000000000,,160.72,,,,,,,,,,,,,,,,0.485,,,,,,true,true,12,2025-04-01,2026-03-31,1
2025-04-25,4568,2026-03-31,,,,,,,,,,,,,,,,,,,,,,,,,,,,,,78.00,,,,,,,false,true,12,2025-04-01,2026-03-31,1
2025-07-31,4568,2026-03-31,1,,,,,,,96711000000,0.040,,,,85500000000,,46.03,46.01,,,,,3459617000000,,,,,,,,,,,,,,,,true,false,3,2025-04-01,2025-06-30,0
2025-07-31,4568,2025-03-31,1,,,,,,,92979000000,1.112,,,,85383000000,,44.60,44.57,,,,,,,,,,,,,,,,,,,,,true,false,3,2024-04-01,2024-06-30,-1
2025-07-31,4568,2026-03-31,1,,,,,,,350000000000,0.054,,,,300000000000,,160.72,,,,,,,,,,,,,,,,,,,,,,true,true,12,2025-04-01,2026-03-31,0
2025-07-31,4568,2025-03-31,1,,,,,,,,,,,,,,,,,,,,3456119000000,,,,,,,,,,,,,,,,true,false,12,2024-04-01,2025-03-31,-1
2025-07-31,4568,2025-03-31,1,,,,,,,,,,,,,,,,,,,,,,,,,,,,,60.00,,,,1908322129,41668788,,false,false,12,2024-04-01,2025-03-31,-1
2025-07-31,4568,2026-03-31,1,,,,,,,,,,,,,,,,,,,,,,,,,,,,,78.00,,,,,,,false,true,12,2025-04-01,2026-03-31,0
2025-07-31,4568,2026-03-31,1,,,,,,,,,,,,,,,,,,,,,,,,,,,,,,,,,1894350529,43408562,1857351428,false,false,3,2025-04-01,2025-06-30,0
2025-07-31,4568,2025-03-31,1,,,,,,,,,,,,,,,,,,,,,,,,,,,,,,,,,,,1914362840,false,false,3,2024-04-01,2024-06-30,-1
