filing_date,code,fiscal_year_end,quarterly_period,net_sales,net_sales_change,revenue,revenue_change,operating_revenue,operating_revenue_change,operating_profit,operating_profit_change,ordinary_profit,ordinary_profit_change,net_income,net_income_of_parent,net_income_change,eps,diluted_eps,roe,roa,operating_profit_to_net_sales,operating_profit_to_revenue,total_assets,net_assets,equity_ratio,bps,owner_equity,operating_cash_flow,investing_cash_flow,financing_cash_flow,cash,dividend_per_share,payout_ratio,commemorative_dividend,extra_dividend,number_of_shares,number_of_treqsury_shares,avg_number_of_shares,is_consolidated,is_forecast,duration,period_start,period_end,period_pos
2015-05-14,46150,2015-03-31,,24183000000,-0.022,,,,,902000000,0.201,1107000000,0.124,697000000,,0.998,22.50,,0.047,0.030,0.037,,37108000000,15967000000,0.414,496.20,15374000000,1564000000,-1365000000,52000000,2252000000,,0.222,,,,,,true,false,12,2014-04-01,2015-03-31,0
2015-05-14,46150,2014-03-31,,24736000000,0.058,,,,,751000000,-0.412,986000000,-0.351,348000000,,-0.578,11.26,,0.025,0.028,0.030,,36334000000,14736000000,0.392,459.47,14236000000,1124000000,-1644000000,1067000000,2024000000,,0.444,,,,,,true,false,12,2013-04-01,2014-03-31,-1
2015-05-14,46150,2016-03-31,,12000000000,0.013,,,,,340000000,0.039,460000000,0.146,,210000000,,6.78,,,,,,,,,,,,,,,,,,,,,,true,true,6,2015-04-01,2015-09-30,1
2015-05-14,46150,2016-03-31,,24500000000,0.013,,,,,920000000,0.020,1150000000,0.038,,600000000,,19.37,,,,,,,,,,,,,,,,0.258,,,,,,true,true,12,2015-04-01,2016-03-31,1
2015-05-14,46150,2015-03-31,,17636000000,-0.022,,,,,384000000,0.230,571000000,0.279,373000000,,1.628,12.06,,,,,,33344000000,13719000000,0.411,442.82,13719000000,,,,,5.00,,,,31000000,16527,30984096,false,false,12,2014-04-01,2015-03-31,0
2015-05-14,46150,2014-03-31,,18031000000,0.025,,,,,312000000,-0.609,446000000,-0.497,142000000,,-0.699,4.59,,,,,,32683000000,13062000000,0.400,421.56,13062000000,,,,,5.00,,,,31000000,15242,30985206,false,false,12,2013-04-01,2014-03-31,-1
2015-05-14,46150,2016-03-31,,8800000000,0.009,,,,,,,360000000,0.466,240000000,,0.458,7.75,,,,,,,,,,,,,,,,,,,,,,false,true,6,2015-04-01,2015-09-30,1
2015-05-14,46150,2016-03-31,,18100000000,0.026,,,,,,,740000000,0.295,500000000,,0.338,16.14,,,,,,,,,,,,,,,5.00,,,,,,,false,true,12,2015-04-01,2016-03-31,1
2015-07-31,46150,2016-03-31,1,5497000000,-0.009,,,,,139000000,2.552,214000000,1.231,,91000000,,2.94,,,,,,36552000000,15892000000,0.419,494.39,15318000000,,,,,,,,,,,,true,false,3,2015-04-01,2015-06-30,0
2015-07-31,46150,2015-03-31,1,5546000000,-0.003,,,,,39000000,-0.798,96000000,-0.600,,86000000,,2.79,,,,,,,,,,,,,,,,,,,,,,true,false,3,2014-04-01,2014-06-30,-1
2015-07-31,46150,2016-03-31,1,12000000000,0.013,,,,,340000000,0.039,460000000,0.146,,210000000,,6.78,,,,,,,,,,,,,,,,,,,,,,true,true,6,2015-04-01,2015-09-30,0
2015-07-31,46150,2016-03-31,1,24500000000,0.013,,,,,920000000,0.020,1150000000,0.038,,600000000,,19.37,,,,,,,,,,,,,,,,,,,,,,true,true,12,2015-04-01,2016-03-31,0
2015-07-31,46150,2015-03-31,1,,,,,,,,,,,,,,,,,,,,37108000000,15967000000,0.414,496.20,15374000000,,,,,,,,,,,,true,false,12,2014-04-01,2015-03-31,-1
2015-07-31,46150,2015-03-31,1,,,,,,,,,,,,,,,,,,,,,,,,,,,,,5.00,,,,31000000,16527,,false,false,12,2014-04-01,2015-03-31,-1
2015-07-31,46150,2016-03-31,1,,,,,,,,,,,,,,,,,,,,,,,,,,,,,5.00,,,,,,,false,true,12,2015-04-01,2016-03-31,0
2015-07-31,46150,2016-03-31,1,,,,,,,,,,,,,,,,,,,,,,,,,,,,,,,,,31000000,16527,30983473,false,false,3,2015-04-01,2015-06-30,0
2015-07-31,46150,2015-03-31,1,,,,,,,,,,,,,,,,,,,,,,,,,,,,,,,,,,,30984758,false,false,3,2014-04-01,2014-06-30,-1
2015-10-30,46150,2016-03-31,2,11261000000,-0.049,,,,,381000000,0.164,449000000,0.120,,202000000,,6.54,,,,,,36246000000,16022000000,0.426,497.88,15424000000,,,,,,,,,,,,true,false,6,2015-04-01,2015-09-30,0
2015-10-30,46150,2015-03-31,2,11842000000,0.022,,,,,327000000,-0.120,401000000,-0.160,,305000000,,9.84,,,,,,,,,,,,,,,,,,,,,,true,false,6,2014-04-01,2014-09-30,-1
2015-10-30,46150,2016-03-31,2,24500000000,0.013,,,,,920000000,0.020,1150000000,0.038,,600000000,,19.37,,,,,,,,,,,,,,,,,,,,,,true,true,12,2015-04-01,2016-03-31,0
2015-10-30,46150,2015-03-31,2,,,,,,,,,,,,,,,,,,,,37108000000,15967000000,0.414,496.20,15374000000,,,,,,,,,,,,true,false,12,2014-04-01,2015-03-31,-1
2015-10-30,46150,2015-03-31,2,,,,,,,,,,,,,,,,,,,,,,,,,,,,,5.00,,,,31000000,16527,,false,false,12,2014-04-01,2015-03-31,-1
2015-10-30,46150,2016-03-31,2,,,,,,,,,,,,,,,,,,,,,,,,,,,,,0.00,,,,,,,false,false,12,2015-04-01,2016-03-31,0
2015-10-30,46150,2016-03-31,2,,,,,,,,,,,,,,,,,,,,,,,,,,,,,5.00,,,,,,,false,true,12,2015-04-01,2016-03-31,0
2015-10-30,46150,2016-03-31,2,,,,,,,,,,,,,,,,,,,,,,,,,,,,,,,,,31000000,19786,30982041,false,false,6,2015-04-01,2015-09-30,0
2015-10-30,46150,2015-03-31,2,,,,,,,,,,,,,,,,,,,,,,,,,,,,,,,,,,,30984485,false,false,6,2014-04-01,2014-09-30,-1
2016-01-29,46150,2016-03-31,3,17170000000,-0.045,,,,,673000000,0.195,658000000,-0.061,,284000000,,9.17,,,,,,36963000000,16022000000,0.416,496.78,15390000000,,,,,,,,,,,,true,false,9,2015-04-01,2015-12-31,0
2016-01-29,46150,2015-03-31,3,17982000000,0.001,,,,,563000000,-0.141,701000000,-0.146,,481000000,,15.54,,,,,,,,,,,,,,,,,,,,,,true,false,9,2014-04-01,2014-12-31,-1
2016-01-29,46150,2016-03-31,3,24500000000,0.013,,,,,920000000,0.020,1150000000,0.038,,600000000,,19.37,,,,,,,,,,,,,,,,,,,,,,true,true,12,2015-04-01,2016-03-31,0
2016-01-29,46150,2015-03-31,3,,,,,,,,,,,,,,,,,,,,37108000000,15967000000,0.414,496.20,15374000000,,,,,,,,,,,,true,false,12,2014-04-01,2015-03-31,-1
2016-01-29,46150,2015-03-31,3,,,,,,,,,,,,,,,,,,,,,,,,,,,,,5.00,,,,31000000,16527,,false,false,12,2014-04-01,2015-03-31,-1
2016-01-29,46150,2016-03-31,3,,,,,,,,,,,,,,,,,,,,,,,,,,,,,0.00,,,,,,,false,false,12,2015-04-01,2016-03-31,0
2016-01-29,46150,2016-03-31,3,,,,,,,,,,,,,,,,,,,,,,,,,,,,,5.00,,,,,,,false,true,12,2015-04-01,2016-03-31,0
2016-01-29,46150,2016-03-31,3,,,,,,,,,,,,,,,,,,,,,,,,,,,,,,,,,31000000,20344,30981370,false,false,9,2015-04-01,2015-12-31,0
2016-01-29,46150,2015-03-31,3,,,,,,,,,,,,,,,,,,,,,,,,,,,,,,,,,,,30984303,false,false,9,2014-04-01,2014-12-31,-1
2016-05-13,46150,2016-03-31,,22885000000,-0.054,,,,,1014000000,0.124,1098000000,-0.008,,454000000,,14.68,,0.029,0.030,0.044,,35955000000,16458000000,0.440,510.12,15803000000,975000000,-353000000,-896000000,2347000000,,0.341,,,,,,true,false,12,2015-04-01,2016-03-31,0
2016-05-13,46150,2015-03-31,,24183000000,-0.022,,,,,902000000,0.201,1107000000,0.124,,697000000,,22.50,,0.047,0.030,0.037,,37108000000,15967000000,0.414,496.20,15374000000,1564000000,-1365000000,52000000,2252000000,,0.222,,,,,,true,false,12,2014-04-01,2015-03-31,-1
2016-05-13,46150,2017-03-31,,11500000000,0.021,,,,,450000000,0.181,500000000,0.112,,300000000,,9.68,,,,,,,,,,,,,,,,,,,,,,true,true,6,2016-04-01,2016-09-30,1
2016-05-13,46150,2017-03-31,,23500000000,0.027,,,,,1150000000,0.134,1250000000,0.137,,700000000,,22.60,,,,,,,,,,,,,,,,0.221,,,,,,true,true,12,2016-04-01,2017-03-31,1
2016-05-13,46150,2016-03-31,,17110000000,-0.030,,,,,678000000,0.763,937000000,0.641,523000000,,0.401,16.91,,,,,,32509000000,14286000000,0.439,461.17,14286000000,,,,,5.00,,,,31000000,20344,30980941,false,false,12,2015-04-01,2016-03-31,0
2016-05-13,46150,2015-03-31,,17636000000,-0.022,,,,,384000000,0.230,571000000,0.279,373000000,,1.628,12.06,,,,,,33344000000,13719000000,0.411,442.82,13719000000,,,,,5.00,,,,31000000,16527,30984096,false,false,12,2014-04-01,2015-03-31,-1
2016-05-13,46150,2017-03-31,,8500000000,0.014,,,,,,,400000000,-0.087,300000000,,-0.033,9.68,,,,,,,,,,,,,,,,,,,,,,false,true,6,2016-04-01,2016-09-30,1
2016-05-13,46150,2017-03-31,,17500000000,0.023,,,,,,,940000000,0.002,650000000,,0.241,20.98,,,,,,,,,,,,,,,5.00,,,,,,,false,true,12,2016-04-01,2017-03-31,1
2016-07-29,46150,2017-03-31,1,5109000000,-0.071,,,,,126000000,-0.091,169000000,-0.210,,64000000,,2.09,,,,,,35624000000,16268000000,0.439,504.35,15624000000,,,,,,,,,,,,true,false,3,2016-04-01,2016-06-30,0
2016-07-29,46150,2016-03-31,1,5497000000,-0.009,,,,,139000000,2.552,214000000,1.231,,91000000,,2.94,,,,,,,,,,,,,,,,,,,,,,true,false,3,2015-04-01,2015-06-30,-1
2016-07-29,46150,2017-03-31,1,11500000000,0.021,,,,,450000000,0.181,350000000,-0.222,,150000000,,4.84,,,,,,,,,,,,,,,,,,,,,,true,true,6,2016-04-01,2016-09-30,0
2016-07-29,46150,2017-03-31,1,23500000000,0.027,,,,,1150000000,0.134,1250000000,0.137,,700000000,,22.60,,,,,,,,,,,,,,,,,,,,,,true,true,12,2016-04-01,2017-03-31,0
2016-07-29,46150,2016-03-31,1,,,,,,,,,,,,,,,,,,,,35955000000,16458000000,0.440,510.12,15803000000,,,,,,,,,,,,true,false,12,2015-04-01,2016-03-31,-1
2016-07-29,46150,2016-03-31,1,,,,,,,,,,,,,,,,,,,,,,,,,,,,,5.00,,,,31000000,20344,,false,false,12,2015-04-01,2016-03-31,-1
2016-07-29,46150,2017-03-31,1,,,,,,,,,,,,,,,,,,,,,,,,,,,,,5.00,,,,,,,false,true,12,2016-04-01,2017-03-31,0
2016-07-29,46150,2017-03-31,1,,,,,,,,,,,,,,,,,,,,,,,,,,,,,,,,,31000000,20344,30979656,false,false,3,2016-04-01,2016-06-30,0
2016-07-29,46150,2016-03-31,1,,,,,,,,,,,,,,,,,,,,,,,,,,,,,,,,,,,30983473,false,false,3,2015-04-01,2015-06-30,-1
2016-10-31,46150,2017-03-31,2,10635000000,-0.056,,,,,454000000,0.193,425000000,-0.053,,190000000,,6.16,,,,,,35240000000,16326000000,0.444,505.63,15663000000,,,,,,,,,,,,true,false,6,2016-04-01,2016-09-30,0
2016-10-31,46150,2016-03-31,2,11261000000,-0.049,,,,,381000000,0.164,449000000,0.120,,202000000,,6.54,,,,,,,,,,,,,,,,,,,,,,true,false,6,2015-04-01,2015-09-30,-1
2016-10-31,46150,2017-03-31,2,23500000000,0.027,,,,,1150000000,0.134,1250000000,0.137,,700000000,,22.60,,,,,,,,,,,,,,,,,,,,,,true,true,12,2016-04-01,2017-03-31,0
2016-10-31,46150,2016-03-31,2,,,,,,,,,,,,,,,,,,,,35955000000,16458000000,0.440,510.12,15803000000,,,,,,,,,,,,true,false,12,2015-04-01,2016-03-31,-1
2016-10-31,46150,2016-03-31,2,,,,,,,,,,,,,,,,,,,,,,,,,,,,,5.00,,,,31000000,20344,,false,false,12,2015-04-01,2016-03-31,-1
2016-10-31,46150,2017-03-31,2,,,,,,,,,,,,,,,,,,,,,,,,,,,,,0.00,,,,,,,false,false,12,2016-04-01,2017-03-31,0
2016-10-31,46150,2017-03-31,2,,,,,,,,,,,,,,,,,,,,,,,,,,,,,5.00,,,,,,,false,true,12,2016-04-01,2017-03-31,0
2016-10-31,46150,2017-03-31,2,,,,,,,,,,,,,,,,,,,,,,,,,,,,,,,,,31000000,21094,30979281,false,false,6,2016-04-01,2016-09-30,0
2016-10-31,46150,2016-03-31,2,,,,,,,,,,,,,,,,,,,,,,,,,,,,,,,,,,,30982041,false,false,6,2015-04-01,2015-09-30,-1
2017-01-31,46150,2017-03-31,3,16134000000,-0.060,,,,,667000000,-0.008,693000000,0.053,,311000000,,10.06,,,,,,36174000000,16503000000,0.437,510.49,15813000000,,,,,,,,,,,,true,false,9,2016-04-01,2016-12-31,0
2017-01-31,46150,2016-03-31,3,17170000000,-0.045,,,,,673000000,0.195,658000000,-0.061,,284000000,,9.17,,,,,,,,,,,,,,,,,,,,,,true,false,9,2015-04-01,2015-12-31,-1
2017-01-31,46150,2017-03-31,3,23500000000,0.027,,,,,1150000000,0.134,1250000000,0.137,,700000000,,22.60,,,,,,,,,,,,,,,,,,,,,,true,true,12,2016-04-01,2017-03-31,0
2017-01-31,46150,2016-03-31,3,,,,,,,,,,,,,,,,,,,,35955000000,16458000000,0.440,510.12,15803000000,,,,,,,,,,,,true,false,12,2015-04-01,2016-03-31,-1
2017-01-31,46150,2016-03-31,3,,,,,,,,,,,,,,,,,,,,,,,,,,,,,5.00,,,,31000000,20344,,false,false,12,2015-04-01,2016-03-31,-1
2017-01-31,46150,2017-03-31,3,,,,,,,,,,,,,,,,,,,,,,,,,,,,,0.00,,,,,,,false,false,12,2016-04-01,2017-03-31,0
2017-01-31,46150,2017-03-31,3,,,,,,,,,,,,,,,,,,,,,,,,,,,,,5.00,,,,,,,false,true,12,2016-04-01,2017-03-31,0
2017-01-31,46150,2017-03-31,3,,,,,,,,,,,,,,,,,,,,,,,,,,,,,,,,,31000000,21789,30979045,false,false,9,2016-04-01,2016-12-31,0
2017-01-31,46150,2016-03-31,3,,,,,,,,,,,,,,,,,,,,,,,,,,,,,,,,,,,30981370,false,false,9,2015-04-01,2015-12-31,-1
2017-05-15,46150,2017-03-31,,21423000000,-0.064,,,,,910000000,-0.102,1090000000,-0.008,,649000000,,20.95,,0.040,0.031,0.042,,35485000000,17075000000,0.462,528.96,16386000000,1737000000,-510000000,-882000000,2692000000,,0.239,,,,,,true,false,12,2016-04-01,2017-03-31,0
2017-05-15,46150,2016-03-31,,22885000000,-0.054,,,,,1014000000,0.124,1098000000,-0.008,,454000000,,14.68,,0.029,0.030,0.044,,35955000000,16458000000,0.440,510.12,15803000000,975000000,-353000000,-896000000,2347000000,,0.341,,,,,,true,false,12,2015-04-01,2016-03-31,-1
2017-05-15,46150,2018-03-31,,10500000000,-0.013,,,,,220000000,-0.516,330000000,-0.225,,210000000,,6.78,,,,,,,,,,,,,,,,,,,,,,true,true,6,2017-04-01,2017-09-30,1
2017-05-15,46150,2018-03-31,,21600000000,0.008,,,,,530000000,-0.418,750000000,-0.312,,490000000,,15.82,,,,,,,,,,,,,,,,0.316,,,,,,true,true,12,2017-04-01,2018-03-31,1
2017-05-15,46150,2017-03-31,,16303000000,-0.047,,,,,582000000,-0.141,966000000,0.030,730000000,,0.394,23.58,,,,,,32263000000,14895000000,0.462,480.84,14895000000,,,,,5.00,,,,31000000,22457,30978670,false,false,12,2016-04-01,2017-03-31,0
2017-05-15,46150,2016-03-31,,17110000000,-0.030,,,,,678000000,0.763,937000000,0.641,523000000,,0.401,16.91,,,,,,32509000000,14286000000,0.439,461.17,14286000000,,,,,5.00,,,,31000000,20344,30980941,false,false,12,2015-04-01,2016-03-31,-1
2017-05-15,46150,2018-03-31,,8000000000,-0.005,,,,,,,180000000,-0.563,150000000,,-0.481,4.84,,,,,,,,,,,,,,,,,,,,,,false,true,6,2017-04-01,2017-09-30,1
2017-05-15,46150,2018-03-31,,16600000000,0.018,,,,,,,390000000,-0.596,290000000,,-0.603,9.36,,,,,,,,,,,,,,,5.00,,,,,,,false,true,12,2017-04-01,2018-03-31,1
2017-07-31,46150,2018-03-31,1,5346000000,0.046,,,,,157000000,0.246,228000000,0.350,,113000000,,3.67,,,,,,35228000000,17003000000,0.463,526.65,16314000000,,,,,,,,,,,,true,false,3,2017-04-01,2017-06-30,0
2017-07-31,46150,2017-03-31,1,5109000000,-0.071,,,,,126000000,-0.091,169000000,-0.210,,64000000,,2.09,,,,,,,,,,,,,,,,,,,,,,true,false,3,2016-04-01,2016-06-30,-1
2017-07-31,46150,2018-03-31,1,10500000000,-0.013,,,,,220000000,-0.516,330000000,-0.225,,210000000,,6.78,,,,,,,,,,,,,,,,,,,,,,true,true,6,2017-04-01,2017-09-30,0
2017-07-31,46150,2018-03-31,1,21600000000,0.008,,,,,530000000,-0.418,750000000,-0.312,,490000000,,15.82,,,,,,,,,,,,,,,,,,,,,,true,true,12,2017-04-01,2018-03-31,0
2017-07-31,46150,2017-03-31,1,,,,,,,,,,,,,,,,,,,,35485000000,17075000000,0.462,528.96,16386000000,,,,,,,,,,,,true,false,12,2016-04-01,2017-03-31,-1
2017-07-31,46150,2017-03-31,1,,,,,,,,,,,,,,,,,,,,,,,,,,,,,5.00,,,,31000000,22457,,false,false,12,2016-04-01,2017-03-31,-1
2017-07-31,46150,2018-03-31,1,,,,,,,,,,,,,,,,,,,,,,,,,,,,,5.00,,,,,,,false,true,12,2017-04-01,2018-03-31,0
2017-07-31,46150,2018-03-31,1,,,,,,,,,,,,,,,,,,,,,,,,,,,,,,,,,31000000,22857,30977410,false,false,3,2017-04-01,2017-06-30,0
2017-07-31,46150,2017-03-31,1,,,,,,,,,,,,,,,,,,,,,,,,,,,,,,,,,,,30979656,false,false,3,2016-04-01,2016-06-30,-1
2017-10-30,46150,2018-03-31,,10953000000,0.043,,,,,375000000,0.705,500000000,0.515,,304000000,,9.84,,,,,,,,,,,,,,,,,,,,,,true,true,6,2017-04-01,2017-09-30,0
2017-10-30,46150,2017-03-31,,10635000000,,,,,,454000000,,425000000,,,190000000,,6.16,,,,,,,,,,,,,,,,,,,,,,true,false,6,2016-04-01,2016-09-30,-1
2017-10-30,46150,2018-03-31,,21800000000,0.009,,,,,710000000,0.340,930000000,0.240,,590000000,,19.05,,,,,,,,,,,,,,,,,,,,,,true,true,12,2017-04-01,2018-03-31,0
2017-10-30,46150,2017-03-31,,21423000000,,,,,,910000000,,1090000000,,,649000000,,20.95,,,,,,,,,,,,,,,,,,,,,,true,false,12,2016-04-01,2017-03-31,-1
2017-10-31,46150,2018-03-31,2,10953000000,0.030,,,,,375000000,-0.174,500000000,0.177,,304000000,,9.84,,,,,,36257000000,17229000000,0.455,533.13,16514000000,,,,,,,,,,,,true,false,6,2017-04-01,2017-09-30,0
2017-10-31,46150,2017-03-31,2,10635000000,-0.056,,,,,454000000,0.193,425000000,-0.053,,190000000,,6.16,,,,,,,,,,,,,,,,,,,,,,true,false,6,2016-04-01,2016-09-30,-1
2017-10-31,46150,2018-03-31,2,21800000000,0.018,,,,,710000000,-0.220,930000000,-0.147,,590000000,,19.05,,,,,,,,,,,,,,,,,,,,,,true,true,12,2017-04-01,2018-03-31,0
2017-10-31,46150,2017-03-31,2,,,,,,,,,,,,,,,,,,,,35485000000,17075000000,0.462,528.96,16386000000,,,,,,,,,,,,true,false,12,2016-04-01,2017-03-31,-1
2017-10-31,46150,2017-03-31,2,,,,,,,,,,,,,,,,,,,,,,,,,,,,,5.00,,,,31000000,22457,,false,false,12,2016-04-01,2017-03-31,-1
2017-10-31,46150,2018-03-31,2,,,,,,,,,,,,,,,,,,,,,,,,,,,,,0.00,,,,,,,false,false,12,2017-04-01,2018-03-31,0
2017-10-31,46150,2018-03-31,2,,,,,,,,,,,,,,,,,,,,,,,,,,,,,5.00,,,,,,,false,true,12,2017-04-01,2018-03-31,0
2017-10-31,46150,2018-03-31,2,,,,,,,,,,,,,,,,,,,,,,,,,,,,,,,,,31000000,22857,30977276,false,false,6,2017-04-01,2017-09-30,0
2017-10-31,46150,2017-03-31,2,,,,,,,,,,,,,,,,,,,,,,,,,,,,,,,,,,,30979281,false,false,6,2016-04-01,2016-09-30,-1
2018-01-31,46150,2018-03-31,3,16656000000,0.032,,,,,628000000,-0.059,810000000,0.169,,521000000,,16.84,,,,,,36747000000,17523000000,0.457,541.74,16781000000,,,,,,,,,,,,true,false,9,2017-04-01,2017-12-31,0
2018-01-31,46150,2017-03-31,3,16134000000,-0.060,,,,,667000000,-0.008,693000000,0.053,,311000000,,10.06,,,,,,,,,,,,,,,,,,,,,,true,false,9,2016-04-01,2016-12-31,-1
2018-01-31,46150,2018-03-31,3,21800000000,0.018,,,,,710000000,-0.220,930000000,-0.147,,590000000,,19.05,,,,,,,,,,,,,,,,,,,,,,true,true,12,2017-04-01,2018-03-31,0
2018-01-31,46150,2017-03-31,3,,,,,,,,,,,,,,,,,,,,35485000000,17075000000,0.462,528.96,16386000000,,,,,,,,,,,,true,false,12,2016-04-01,2017-03-31,-1
2018-01-31,46150,2017-03-31,3,,,,,,,,,,,,,,,,,,,,,,,,,,,,,5.00,,,,31000000,22457,,false,false,12,2016-04-01,2017-03-31,-1
2018-01-31,46150,2018-03-31,3,,,,,,,,,,,,,,,,,,,,,,,,,,,,,0.00,,,,,,,false,false,12,2017-04-01,2018-03-31,0
2018-01-31,46150,2018-03-31,3,,,,,,,,,,,,,,,,,,,,,,,,,,,,,5.00,,,,,,,false,true,12,2017-04-01,2018-03-31,0
2018-01-31,46150,2018-03-31,3,,,,,,,,,,,,,,,,,,,,,,,,,,,,,,,,,31000000,22857,30977232,false,false,9,2017-04-01,2017-12-31,0
2018-01-31,46150,2017-03-31,3,,,,,,,,,,,,,,,,,,,,,,,,,,,,,,,,,,,30979045,false,false,9,2016-04-01,2016-12-31,-1
2018-05-15,46150,2018-03-31,,21991000000,0.027,,,,,834000000,-0.083,1090000000,-0.000,,732000000,,23.64,,0.044,0.030,0.038,,36850000000,17680000000,0.460,547.15,16949000000,1926000000,-644000000,-845000000,3125000000,,0.212,,,,,,true,false,12,2017-04-01,2018-03-31,0
2018-05-15,46150,2017-03-31,,21423000000,-0.064,,,,,910000000,-0.102,1090000000,-0.008,,649000000,,20.95,,0.040,0.031,0.042,,35485000000,17075000000,0.462,528.96,16386000000,1737000000,-510000000,-882000000,2692000000,,0.239,,,,,,true,false,12,2016-04-01,2017-03-31,-1
2018-05-15,46150,2019-03-31,,11300000000,0.032,,,,,260000000,-0.308,390000000,-0.221,,250000000,,8.07,,,,,,,,,,,,,,,,,,,,,,true,true,6,2018-04-01,2018-09-30,1
2018-05-15,46150,2019-03-31,,22800000000,0.037,,,,,650000000,-0.222,890000000,-0.184,,600000000,,19.37,,,,,,,,,,,,,,,,0.258,,,,,,true,true,12,2018-04-01,2019-03-31,1
2018-05-15,46150,2017-03-31,,,,,,,,,,,,,,,,,,,,,,,,,,,,,,5.00,,,,31000000,22457,30978670,false,false,12,2016-04-01,2017-03-31,-1
2018-05-15,46150,2018-03-31,,,,,,,,,,,,,,,,,,,,,,,,,,,,,,5.00,,,,31000000,22857,30977210,false,false,12,2017-04-01,2018-03-31,0
2018-05-15,46150,2019-03-31,,,,,,,,,,,,,,,,,,,,,,,,,,,,,,5.00,,,,,,,false,true,12,2018-04-01,2019-03-31,1
2018-07-30,46150,2019-03-31,1,5353000000,0.001,,,,,159000000,0.012,197000000,-0.138,,95000000,,3.09,,,,,,36761000000,17473000000,0.456,540.79,16752000000,,,,,,,,,,,,true,false,3,2018-04-01,2018-06-30,0
2018-07-30,46150,2018-03-31,1,5346000000,0.046,,,,,157000000,0.246,228000000,0.350,,113000000,,3.67,,,,,,,,,,,,,,,,,,,,,,true,false,3,2017-04-01,2017-06-30,-1
2018-07-30,46150,2019-03-31,1,11300000000,0.032,,,,,260000000,-0.308,390000000,-0.221,,250000000,,8.07,,,,,,,,,,,,,,,,,,,,,,true,true,6,2018-04-01,2018-09-30,0
2018-07-30,46150,2019-03-31,1,22800000000,0.037,,,,,650000000,-0.222,890000000,-0.184,,600000000,,19.37,,,,,,,,,,,,,,,,,,,,,,true,true,12,2018-04-01,2019-03-31,0
2018-07-30,46150,2018-03-31,1,,,,,,,,,,,,,,,,,,,,36850000000,17680000000,0.460,547.15,16949000000,,,,,,,,,,,,true,false,12,2017-04-01,2018-03-31,-1
2018-07-30,46150,2018-03-31,1,,,,,,,,,,,,,,,,,,,,,,,,,,,,,5.00,,,,31000000,22857,,false,false,12,2017-04-01,2018-03-31,-1
2018-07-30,46150,2019-03-31,1,,,,,,,,,,,,,,,,,,,,,,,,,,,,,5.00,,,,,,,false,true,12,2018-04-01,2019-03-31,0
2018-07-30,46150,2019-03-31,1,,,,,,,,,,,,,,,,,,,,,,,,,,,,,,,,,31000000,22858,30977142,false,false,3,2018-04-01,2018-06-30,0
2018-07-30,46150,2018-03-31,1,,,,,,,,,,,,,,,,,,,,,,,,,,,,,,,,,,,30977410,false,false,3,2017-04-01,2017-06-30,-1
2018-10-30,46150,2019-03-31,,11088000000,-0.019,,,,,314000000,0.208,361000000,-0.072,,-534000000,,-17.26,,,,,,,,,,,,,,,,,,,,,,true,true,6,2018-04-01,2018-09-30,0
2018-10-30,46150,2018-03-31,,10953000000,,,,,,375000000,,500000000,,,304000000,,9.84,,,,,,,,,,,,,,,,,,,,,,true,false,6,2017-04-01,2017-09-30,-1
2018-10-30,46150,2019-03-31,,22300000000,-0.022,,,,,530000000,-0.185,650000000,-0.270,,-350000000,,-11.30,,,,,,,,,,,,,,,,,,,,,,true,true,12,2018-04-01,2019-03-31,0
2018-10-30,46150,2018-03-31,,21991000000,,,,,,834000000,,1090000000,,,732000000,,23.64,,,,,,,,,,,,,,,,,,,,,,true,false,12,2017-04-01,2018-03-31,-1
2018-10-30,46150,2019-03-31,,8282000000,,,,,,,,322000000,,-1089000000,,,-35.18,,,,,,,,,,,,,,,,,,,,,,false,true,6,2018-04-01,2018-09-30,0
2018-10-30,46150,2018-03-31,,8103000000,,,,,,,,441000000,,344000000,,,11.13,,,,,,,,,,,,,,,,,,,,,,false,false,6,2017-04-01,2017-09-30,-1
2018-10-30,46150,2019-03-31,,17000000000,,,,,,,,470000000,,-980000000,,,-31.63,,,,,,,,,,,,,,,,,,,,,,false,true,12,2018-04-01,2019-03-31,0
2018-10-30,46150,2018-03-31,,16790000000,,,,,,,,821000000,,633000000,,,20.45,,,,,,,,,,,,,,,,,,,,,,false,false,12,2017-04-01,2018-03-31,-1
2018-10-31,46150,2019-03-31,2,11088000000,0.012,,,,,314000000,-0.164,361000000,-0.278,,-534000000,,-17.26,,,,,,36147000000,16816000000,0.445,519.25,16084000000,,,,,,,,,,,,true,false,6,2018-04-01,2018-09-30,0
2018-10-31,46150,2018-03-31,2,10953000000,0.030,,,,,375000000,-0.174,500000000,0.177,,304000000,,9.84,,,,,,,,,,,,,,,,,,,,,,true,false,6,2017-04-01,2017-09-30,-1
2018-10-31,46150,2019-03-31,2,22300000000,0.014,,,,,530000000,-0.365,650000000,-0.404,,-350000000,,-11.30,,,,,,,,,,,,,,,,,,,,,,true,true,12,2018-04-01,2019-03-31,0
2018-10-31,46150,2018-03-31,2,,,,,,,,,,,,,,,,,,,,36850000000,17680000000,0.460,547.15,16949000000,,,,,,,,,,,,true,false,12,2017-04-01,2018-03-31,-1
2018-10-31,46150,2018-03-31,2,,,,,,,,,,,,,,,,,,,,,,,,,,,,,5.00,,,,31000000,22857,,false,false,12,2017-04-01,2018-03-31,-1
2018-10-31,46150,2019-03-31,2,,,,,,,,,,,,,,,,,,,,,,,,,,,,,0.00,,,,,,,false,false,12,2018-04-01,2019-03-31,0
2018-10-31,46150,2019-03-31,2,,,,,,,,,,,,,,,,,,,,,,,,,,,,,5.00,,,,,,,false,true,12,2018-04-01,2019-03-31,0
2018-10-31,46150,2019-03-31,2,,,,,,,,,,,,,,,,,,,,,,,,,,,,,,,,,31000000,22861,30977141,false,false,6,2018-04-01,2018-09-30,0
2018-10-31,46150,2018-03-31,2,,,,,,,,,,,,,,,,,,,,,,,,,,,,,,,,,,,30977276,false,false,6,2017-04-01,2017-09-30,-1
2019-01-31,46150,2019-03-31,3,16932000000,0.017,,,,,495000000,-0.212,598000000,-0.261,,-379000000,,-12.25,,,,,,36148000000,17065000000,0.451,526.48,16308000000,,,,,,,,,,,,true,false,9,2018-04-01,2018-12-31,0
2019-01-31,46150,2018-03-31,3,16656000000,0.032,,,,,628000000,-0.059,810000000,0.169,,521000000,,16.84,,,,,,,,,,,,,,,,,,,,,,true,false,9,2017-04-01,2017-12-31,-1
2019-01-31,46150,2019-03-31,3,22300000000,0.014,,,,,530000000,-0.365,650000000,-0.404,,-350000000,,-11.30,,,,,,,,,,,,,,,,,,,,,,true,true,12,2018-04-01,2019-03-31,0
2019-01-31,46150,2018-03-31,3,,,,,,,,,,,,,,,,,,,,36850000000,17680000000,0.460,547.15,16949000000,,,,,,,,,,,,true,false,12,2017-04-01,2018-03-31,-1
2019-01-31,46150,2018-03-31,3,,,,,,,,,,,,,,,,,,,,,,,,,,,,,5.00,,,,31000000,22857,,false,false,12,2017-04-01,2018-03-31,-1
2019-01-31,46150,2019-03-31,3,,,,,,,,,,,,,,,,,,,,,,,,,,,,,0.00,,,,,,,false,false,12,2018-04-01,2019-03-31,0
2019-01-31,46150,2019-03-31,3,,,,,,,,,,,,,,,,,,,,,,,,,,,,,5.00,,,,,,,false,true,12,2018-04-01,2019-03-31,0
2019-01-31,46150,2019-03-31,3,,,,,,,,,,,,,,,,,,,,,,,,,,,,,,,,,31000000,22861,30977140,false,false,9,2018-04-01,2018-12-31,0
2019-01-31,46150,2018-03-31,3,,,,,,,,,,,,,,,,,,,,,,,,,,,,,,,,,,,30977232,false,false,9,2017-04-01,2017-12-31,-1
2019-05-15,46150,2019-03-31,,22117000000,0.006,,,,,571000000,-0.316,681000000,-0.375,,-324000000,,-10.47,,-0.019,0.019,0.026,,36370000000,17109000000,0.449,527.65,16345000000,1072000000,-507000000,-192000000,3477000000,,,,,,,,true,false,12,2018-04-01,2019-03-31,0
2019-05-15,46150,2018-03-31,,21991000000,0.027,,,,,834000000,-0.083,1090000000,-0.000,,732000000,,23.64,,0.044,0.030,0.038,,36850000000,17680000000,0.460,547.15,16949000000,1926000000,-644000000,-845000000,3125000000,,0.212,,,,,,true,false,12,2017-04-01,2018-03-31,-1
2019-05-15,46150,2020-03-31,,11300000000,0.019,,,,,270000000,-0.141,370000000,0.023,,230000000,,7.42,,,,,,,,,,,,,,,,,,,,,,true,true,6,2019-04-01,2019-09-30,1
2019-05-15,46150,2020-03-31,,22700000000,0.026,,,,,600000000,0.050,790000000,0.159,,500000000,,16.14,,,,,,,,,,,,,,,,0.310,,,,,,true,true,12,2019-04-01,2020-03-31,1
2019-05-15,46150,2018-03-31,,,,,,,,,,,,,,,,,,,,,,,,,,,,,,5.00,,,,31000000,22857,30977210,false,false,12,2017-04-01,2018-03-31,-1
2019-05-15,46150,2019-03-31,,,,,,,,,,,,,,,,,,,,,,,,,,,,,,5.00,,,,31000000,22861,30977140,false,false,12,2018-04-01,2019-03-31,0
2019-05-15,46150,2020-03-31,,,,,,,,,,,,,,,,,,,,,,,,,,,,,,5.00,,,,,,,false,true,12,2019-04-01,2020-03-31,1
2019-07-30,46150,2020-03-31,1,5647000000,0.055,,,,,198000000,0.245,250000000,0.271,,138000000,,4.47,,,,,,36094000000,17113000000,0.453,528.07,16358000000,,,,,,,,,,,,true,false,3,2019-04-01,2019-06-30,0
2019-07-30,46150,2019-03-31,1,5353000000,0.001,,,,,159000000,0.012,197000000,-0.138,,95000000,,3.09,,,,,,,,,,,,,,,,,,,,,,true,false,3,2018-04-01,2018-06-30,-1
2019-07-30,46150,2020-03-31,1,11300000000,0.019,,,,,270000000,-0.141,370000000,0.023,,230000000,,7.42,,,,,,,,,,,,,,,,,,,,,,true,true,6,2019-04-01,2019-09-30,0
2019-07-30,46150,2020-03-31,1,22700000000,0.026,,,,,600000000,0.050,790000000,0.159,,500000000,,16.14,,,,,,,,,,,,,,,,,,,,,,true,true,12,2019-04-01,2020-03-31,0
2019-07-30,46150,2019-03-31,1,,,,,,,,,,,,,,,,,,,,36370000000,17109000000,0.449,527.65,16345000000,,,,,,,,,,,,true,false,12,2018-04-01,2019-03-31,-1
2019-07-30,46150,2019-03-31,1,,,,,,,,,,,,,,,,,,,,,,,,,,,,,5.00,,,,31000000,22861,,false,false,12,2018-04-01,2019-03-31,-1
2019-07-30,46150,2020-03-31,1,,,,,,,,,,,,,,,,,,,,,,,,,,,,,5.00,,,,,,,false,true,12,2019-04-01,2020-03-31,0
2019-07-30,46150,2020-03-31,1,,,,,,,,,,,,,,,,,,,,,,,,,,,,,,,,,31000000,22861,30977139,false,false,3,2019-04-01,2019-06-30,0
2019-07-30,46150,2019-03-31,1,,,,,,,,,,,,,,,,,,,,,,,,,,,,,,,,,,,30977142,false,false,3,2018-04-01,2018-06-30,-1
2019-10-30,46150,2020-03-31,,11638000000,0.030,,,,,353000000,0.309,443000000,0.199,262000000,,0.139,8.46,,,,,,,,,,,,,,,,,,,,,,true,true,6,2019-04-01,2019-09-30,0
2019-10-30,46150,2019-03-31,,11088000000,,,,,,314000000,,361000000,,-534000000,,,-17.26,,,,,,,,,,,,,,,,,,,,,,true,false,6,2018-04-01,2018-09-30,-1
2019-10-31,46150,2020-03-31,2,11638000000,0.050,,,,,353000000,0.125,443000000,0.226,,262000000,,8.46,,,,,,35114000000,17216000000,0.468,530.72,16440000000,,,,,,,,,,,,true,false,6,2019-04-01,2019-09-30,0
2019-10-31,46150,2019-03-31,2,11088000000,0.012,,,,,314000000,-0.164,361000000,-0.278,,-534000000,,-17.26,,,,,,,,,,,,,,,,,,,,,,true,false,6,2018-04-01,2018-09-30,-1
2019-10-31,46150,2020-03-31,2,22700000000,0.026,,,,,600000000,0.050,790000000,0.159,,500000000,,16.14,,,,,,,,,,,,,,,,,,,,,,true,true,12,2019-04-01,2020-03-31,0
2019-10-31,46150,2019-03-31,2,,,,,,,,,,,,,,,,,,,,36370000000,17109000000,0.449,527.65,16345000000,,,,,,,,,,,,true,false,12,2018-04-01,2019-03-31,-1
2019-10-31,46150,2019-03-31,2,,,,,,,,,,,,,,,,,,,,,,,,,,,,,5.00,,,,31000000,22861,,false,false,12,2018-04-01,2019-03-31,-1
2019-10-31,46150,2020-03-31,2,,,,,,,,,,,,,,,,,,,,,,,,,,,,,0.00,,,,,,,false,false,12,2019-04-01,2020-03-31,0
2019-10-31,46150,2020-03-31,2,,,,,,,,,,,,,,,,,,,,,,,,,,,,,5.00,,,,,,,false,true,12,2019-04-01,2020-03-31,0
2019-10-31,46150,2020-03-31,2,,,,,,,,,,,,,,,,,,,,,,,,,,,,,,,,,31000000,22861,30977139,false,false,6,2019-04-01,2019-09-30,0
2019-10-31,46150,2019-03-31,2,,,,,,,,,,,,,,,,,,,,,,,,,,,,,,,,,,,30977141,false,false,6,2018-04-01,2018-09-30,-1
2020-01-31,46150,2020-03-31,3,17387000000,0.027,,,,,478000000,-0.033,628000000,0.049,,379000000,,12.27,,,,,,36144000000,17376000000,0.459,535.19,16578000000,,,,,,,,,,,,true,false,9,2019-04-01,2019-12-31,0
2020-01-31,46150,2019-03-31,3,16932000000,0.017,,,,,495000000,-0.212,598000000,-0.261,,-379000000,,-12.25,,,,,,,,,,,,,,,,,,,,,,true,false,9,2018-04-01,2018-12-31,-1
2020-01-31,46150,2020-03-31,3,22700000000,0.026,,,,,600000000,0.050,790000000,0.159,,500000000,,16.14,,,,,,,,,,,,,,,,,,,,,,true,true,12,2019-04-01,2020-03-31,0
2020-01-31,46150,2019-03-31,3,,,,,,,,,,,,,,,,,,,,36370000000,17109000000,0.449,527.65,16345000000,,,,,,,,,,,,true,false,12,2018-04-01,2019-03-31,-1
2020-01-31,46150,2019-03-31,3,,,,,,,,,,,,,,,,,,,,,,,,,,,,,5.00,,,,31000000,22861,,false,false,12,2018-04-01,2019-03-31,-1
2020-01-31,46150,2020-03-31,3,,,,,,,,,,,,,,,,,,,,,,,,,,,,,0.00,,,,,,,false,false,12,2019-04-01,2020-03-31,0
2020-01-31,46150,2020-03-31,3,,,,,,,,,,,,,,,,,,,,,,,,,,,,,5.00,,,,,,,false,true,12,2019-04-01,2020-03-31,0
2020-01-31,46150,2020-03-31,3,,,,,,,,,,,,,,,,,,,,,,,,,,,,,,,,,31000000,22861,30977139,false,false,9,2019-04-01,2019-12-31,0
2020-01-31,46150,2019-03-31,3,,,,,,,,,,,,,,,,,,,,,,,,,,,,,,,,,,,30977140,false,false,9,2018-04-01,2018-12-31,-1
2020-05-15,46150,2020-03-31,,22538000000,0.019,,,,,594000000,0.041,759000000,0.114,,528000000,,17.06,,0.032,0.021,0.026,,35386000000,17514000000,0.473,539.82,16722000000,22000000,-649000000,280000000,3132000000,,0.293,,,,,,true,false,12,2019-04-01,2020-03-31,0
2020-05-15,46150,2019-03-31,,22117000000,0.006,,,,,571000000,-0.316,681000000,-0.375,,-324000000,,-10.47,,-0.019,0.019,0.026,,36370000000,17109000000,0.449,527.65,16345000000,1072000000,-507000000,-192000000,3477000000,,,,,,,,true,false,12,2018-04-01,2019-03-31,-1
2020-05-15,46150,2020-03-31,,16886000000,-0.002,,,,,255000000,-0.124,435000000,-0.082,392000000,,,12.68,,,,,,31347000000,14509000000,0.463,468.41,14509000000,,,,,5.00,,,,31000000,22861,30977139,false,false,12,2019-04-01,2020-03-31,0
2020-05-15,46150,2019-03-31,,16914000000,0.007,,,,,292000000,-0.471,474000000,-0.423,-968000000,,,-31.25,,,,,,32432000000,14317000000,0.441,462.19,14317000000,,,,,5.00,,,,31000000,22861,30977140,false,false,12,2018-04-01,2019-03-31,-1
2020-07-30,46150,2021-03-31,1,4542000000,-0.196,,,,,-7000000,,15000000,-0.939,,-38000000,,-1.23,,,,,,34087000000,17038000000,0.477,525.07,16265000000,,,,,,,,,,,,true,false,3,2020-04-01,2020-06-30,0
2020-07-30,46150,2020-03-31,1,5647000000,0.055,,,,,198000000,0.245,250000000,0.271,,138000000,,4.47,,,,,,,,,,,,,,,,,,,,,,true,false,3,2019-04-01,2019-06-30,-1
2020-07-30,46150,2021-03-31,1,9500000000,-0.184,,,,,-150000000,,-150000000,,,-200000000,,-6.45,,,,,,,,,,,,,,,,,,,,,,true,true,6,2020-04-01,2020-09-30,0
2020-07-30,46150,2021-03-31,1,20000000000,-0.113,,,,,-250000000,,-250000000,,,-350000000,,-11.29,,,,,,,,,,,,,,,,,,,,,,true,true,12,2020-04-01,2021-03-31,0
2020-07-30,46150,2020-03-31,1,,,,,,,,,,,,,,,,,,,,35386000000,17514000000,0.473,539.82,16722000000,,,,,,,,,,,,true,false,12,2019-04-01,2020-03-31,-1
2020-07-30,46150,2020-03-31,1,,,,,,,,,,,,,,,,,,,,,,,,,,,,,5.00,,,,31000000,22861,,false,false,12,2019-04-01,2020-03-31,-1
2020-07-30,46150,2021-03-31,1,,,,,,,,,,,,,,,,,,,,,,,,,,,,,5.00,,,,,,,false,true,12,2020-04-01,2021-03-31,0
2020-07-30,46150,2021-03-31,1,,,,,,,,,,,,,,,,,,,,,,,,,,,,,,,,,31000000,22861,30977139,false,false,3,2020-04-01,2020-06-30,0
2020-07-30,46150,2020-03-31,1,,,,,,,,,,,,,,,,,,,,,,,,,,,,,,,,,,,30977139,false,false,3,2019-04-01,2019-06-30,-1
2020-07-30,46150,2021-03-31,,9500000000,,,,,,-150000000,,-150000000,,,-200000000,,-6.45,,,,,,,,,,,,,,,,,,,,,,true,true,6,2020-04-01,2020-09-30,0
2020-07-30,46150,2020-03-31,,11638000000,,,,,,353000000,,443000000,,,262000000,,8.46,,,,,,,,,,,,,,,,,,,,,,true,false,6,2019-04-01,2019-09-30,-1
2020-07-30,46150,2021-03-31,,20000000000,,,,,,-250000000,,-250000000,,,-350000000,,-11.29,,,,,,,,,,,,,,,,,,,,,,true,true,12,2020-04-01,2021-03-31,0
2020-07-30,46150,2020-03-31,,22538000000,,,,,,594000000,,759000000,,,528000000,,17.06,,,,,,,,,,,,,,,,,,,,,,true,false,12,2019-04-01,2020-03-31,-1
2020-07-30,46150,2021-03-31,,,,,,,,,,,,,,,,,,,,,,,,,,,,,,5.00,,,,,,,false,true,12,2020-04-01,2021-03-31,0
2020-07-30,46150,2020-03-31,,,,,,,,,,,,,,,,,,,,,,,,,,,,,,5.00,,,,,,,false,false,12,2019-04-01,2020-03-31,-1
2020-09-24,46150,2021-03-31,,20000000000,0.000,,,,,-250000000,0.000,-250000000,0.000,,400000000,,12.91,,,,,,,,,,,,,,,,,,,,,,true,true,12,2020-04-01,2021-03-31,0
2020-09-24,46150,2020-03-31,,22538000000,,,,,,594000000,,759000000,,,528000000,,17.06,,,,,,,,,,,,,,,,,,,,,,true,false,12,2019-04-01,2020-03-31,-1
2020-10-30,46150,2021-03-31,2,9766000000,-0.161,,,,,-38000000,,8000000,-0.980,,-135000000,,-4.38,,,,,,34179000000,17153000000,0.479,528.20,16362000000,,,,,,,,,,,,true,false,6,2020-04-01,2020-09-30,0
2020-10-30,46150,2020-03-31,2,11638000000,0.050,,,,,353000000,0.125,443000000,0.226,,262000000,,8.46,,,,,,,,,,,,,,,,,,,,,,true,false,6,2019-04-01,2019-09-30,-1
2020-10-30,46150,2021-03-31,2,20000000000,-0.113,,,,,-250000000,,-250000000,,,400000000,,12.91,,,,,,,,,,,,,,,,,,,,,,true,true,12,2020-04-01,2021-03-31,0
2020-10-30,46150,2020-03-31,2,,,,,,,,,,,,,,,,,,,,35386000000,17514000000,0.473,539.82,16722000000,,,,,,,,,,,,true,false,12,2019-04-01,2020-03-31,-1
2020-10-30,46150,2020-03-31,2,,,,,,,,,,,,,,,,,,,,,,,,,,,,,5.00,,,,31000000,22861,,false,false,12,2019-04-01,2020-03-31,-1
2020-10-30,46150,2021-03-31,2,,,,,,,,,,,,,,,,,,,,,,,,,,,,,0.00,,,,,,,false,false,12,2020-04-01,2021-03-31,0
2020-10-30,46150,2021-03-31,2,,,,,,,,,,,,,,,,,,,,,,,,,,,,,5.00,,,,,,,false,true,12,2020-04-01,2021-03-31,0
2020-10-30,46150,2021-03-31,2,,,,,,,,,,,,,,,,,,,,,,,,,,,,,,,,,31000000,22861,30977139,false,false,6,2020-04-01,2020-09-30,0
2020-10-30,46150,2020-03-31,2,,,,,,,,,,,,,,,,,,,,,,,,,,,,,,,,,,,30977139,false,false,6,2019-04-01,2019-09-30,-1
2020-10-30,46150,2021-03-31,,9500000000,0.000,,,,,-150000000,0.000,-150000000,0.000,,-200000000,,-6.45,,,,,,,,,,,,,,,,,,,,,,true,true,12,2020-04-01,2021-03-31,0
2020-10-30,46150,2020-03-31,,11638000000,,,,,,353000000,,443000000,,,262000000,,8.46,,,,,,,,,,,,,,,,,,,,,,true,false,12,2019-04-01,2020-03-31,-1
2021-01-28,46150,2021-03-31,3,15294000000,-0.120,,,,,47000000,-0.901,118000000,-0.811,,802000000,,25.90,,,,,,34822000000,18078000000,0.496,557.33,17264000000,,,,,,,,,,,,true,false,9,2020-04-01,2020-12-31,0
2021-01-28,46150,2020-03-31,3,17387000000,0.027,,,,,478000000,-0.033,628000000,0.049,,379000000,,12.27,,,,,,,,,,,,,,,,,,,,,,true,false,9,2019-04-01,2019-12-31,-1
2021-01-28,46150,2021-03-31,3,21000000000,-0.068,,,,,50000000,-0.916,150000000,-0.803,,700000000,,22.60,,,,,,,,,,,,,,,,,,,,,,true,true,12,2020-04-01,2021-03-31,0
2021-01-28,46150,2020-03-31,3,,,,,,,,,,,,,,,,,,,,35386000000,17514000000,0.473,539.82,16722000000,,,,,,,,,,,,true,false,12,2019-04-01,2020-03-31,-1
2021-01-28,46150,2020-03-31,3,,,,,,,,,,,,,,,,,,,,,,,,,,,,,5.00,,,,31000000,22861,,false,false,12,2019-04-01,2020-03-31,-1
2021-01-28,46150,2021-03-31,3,,,,,,,,,,,,,,,,,,,,,,,,,,,,,0.00,,,,,,,false,false,12,2020-04-01,2021-03-31,0
2021-01-28,46150,2021-03-31,3,,,,,,,,,,,,,,,,,,,,,,,,,,,,,5.00,,,,,,,false,true,12,2020-04-01,2021-03-31,0
2021-01-28,46150,2021-03-31,3,,,,,,,,,,,,,,,,,,,,,,,,,,,,,,,,,31000000,22861,30977139,false,false,9,2020-04-01,2020-12-31,0
2021-01-28,46150,2020-03-31,3,,,,,,,,,,,,,,,,,,,,,,,,,,,,,,,,,,,30977139,false,false,9,2019-04-01,2019-12-31,-1
2021-05-14,46150,2021-03-31,,20193000000,-0.104,,,,,51000000,-0.913,167000000,-0.779,,679000000,,21.93,,0.040,0.005,0.003,,33719000000,18091000000,0.512,557.24,17261000000,698000000,1644000000,-2168000000,3300000000,,0.228,,,,,,true,false,12,2020-04-01,2021-03-31,0
2021-05-14,46150,2020-03-31,,22538000000,0.019,,,,,594000000,0.041,759000000,0.114,,528000000,,17.06,,0.032,0.021,0.026,,35386000000,17514000000,0.473,539.82,16722000000,22000000,-649000000,280000000,3132000000,,0.293,,,,,,true,false,12,2019-04-01,2020-03-31,-1
2021-05-14,46150,2022-03-31,,10000000000,0.024,,,,,100000000,,150000000,,,50000000,,1.61,,,,,,,,,,,,,,,,,,,,,,true,true,6,2021-04-01,2021-09-30,1
2021-05-14,46150,2022-03-31,,20000000000,-0.010,,,,,300000000,4.797,400000000,1.388,,200000000,,6.46,,,,,,,,,,,,,,,,0.774,,,,,,true,true,12,2021-04-01,2022-03-31,1
2021-05-14,46150,2021-03-31,,15255000000,-0.097,,,,,-237000000,,-47000000,,745000000,,0.898,24.08,,,,,,30396000000,15176000000,0.499,489.93,15176000000,,,,,5.00,,,,31000000,22861,30977139,false,false,12,2020-04-01,2021-03-31,0
2021-05-14,46150,2020-03-31,,16886000000,-0.002,,,,,255000000,-0.124,435000000,-0.082,392000000,,,12.68,,,,,,31347000000,14509000000,0.463,468.41,14509000000,,,,,5.00,,,,31000000,22861,30977139,false,false,12,2019-04-01,2020-03-31,-1
2021-05-14,46150,2022-03-31,,,,,,,,,,,,,,,,,,,,,,,,,,,,,,5.00,,,,,,,false,true,12,2021-04-01,2022-03-31,1
2021-07-30,46150,2022-03-31,1,4717000000,,,,,,42000000,,119000000,6.761,,58000000,,1.88,,,,,,33687000000,18023000000,0.511,,17206000000,,,,,,,,,,,,true,false,3,2021-04-01,2021-06-30,0
2021-07-30,46150,2021-03-31,1,4542000000,-0.196,,,,,-7000000,,15000000,-0.939,,-38000000,,-1.23,,,,,,,,,,,,,,,,,,,,,,true,false,3,2020-04-01,2020-06-30,-1
2021-07-30,46150,2022-03-31,1,9500000000,,,,,,0,,50000000,4.779,,-50000000,,-1.61,,,,,,,,,,,,,,,,,,,,,,true,true,6,2021-04-01,2021-09-30,0
2021-07-30,46150,2022-03-31,1,19000000000,,,,,,20000000,-0.614,150000000,-0.104,,0,,0.00,,,,,,,,,,,,,,,,,,,,,,true,true,12,2021-04-01,2022-03-31,0
2021-07-30,46150,2021-03-31,1,,,,,,,,,,,,,,,,,,,,33719000000,18091000000,0.512,,17261000000,,,,,,,,,,,,true,false,12,2020-04-01,2021-03-31,-1
2021-07-30,46150,2021-03-31,1,,,,,,,,,,,,,,,,,,,,,,,,,,,,,5.00,,,,31000000,22861,,false,false,12,2020-04-01,2021-03-31,-1
2021-07-30,46150,2022-03-31,1,,,,,,,,,,,,,,,,,,,,,,,,,,,,,5.00,,,,,,,false,true,12,2021-04-01,2022-03-31,0
2021-07-30,46150,2022-03-31,1,,,,,,,,,,,,,,,,,,,,,,,,,,,,,,,,,31000000,22861,30977139,false,false,3,2021-04-01,2021-06-30,0
2021-07-30,46150,2021-03-31,1,,,,,,,,,,,,,,,,,,,,,,,,,,,,,,,,,,,30977139,false,false,3,2020-04-01,2020-06-30,-1
2021-10-29,46150,2022-03-31,2,9577000000,,,,,,-20000000,,93000000,9.792,,-41000000,,-1.35,,,,,,33942000000,17948000000,0.504,552.26,17107000000,,,,,,,,,,,,true,false,6,2021-04-01,2021-09-30,0
2021-10-29,46150,2021-03-31,2,9766000000,-0.161,,,,,-38000000,,8000000,-0.980,,-135000000,,-4.38,,,,,,,,,,,,,,,,,,,,,,true,false,6,2020-04-01,2020-09-30,-1
2021-10-29,46150,2022-03-31,2,19000000000,,,,,,20000000,-0.614,150000000,-0.104,,0,,0.00,,,,,,,,,,,,,,,,,,,,,,true,true,12,2021-04-01,2022-03-31,0
2021-10-29,46150,2021-03-31,2,,,,,,,,,,,,,,,,,,,,33719000000,18091000000,0.512,557.24,17261000000,,,,,,,,,,,,true,false,12,2020-04-01,2021-03-31,-1
2021-10-29,46150,2021-03-31,2,,,,,,,,,,,,,,,,,,,,,,,,,,,,,5.00,,,,31000000,22861,,false,false,12,2020-04-01,2021-03-31,-1
2021-10-29,46150,2022-03-31,2,,,,,,,,,,,,,,,,,,,,,,,,,,,,,0.00,,,,,,,false,false,12,2021-04-01,2022-03-31,0
2021-10-29,46150,2022-03-31,2,,,,,,,,,,,,,,,,,,,,,,,,,,,,,5.00,,,,,,,false,true,12,2021-04-01,2022-03-31,0
2021-10-29,46150,2022-03-31,2,,,,,,,,,,,,,,,,,,,,,,,,,,,,,,,,,31000000,22861,30977139,false,false,6,2021-04-01,2021-09-30,0
2021-10-29,46150,2021-03-31,2,,,,,,,,,,,,,,,,,,,,,,,,,,,,,,,,,,,30977139,false,false,6,2020-04-01,2020-09-30,-1
2022-02-01,46150,2022-03-31,3,14696000000,,,,,,-40000000,,46000000,-0.609,,-134000000,,-4.33,,,,,,35067000000,17835000000,0.484,548.07,16977000000,,,,,,,,,,,,true,false,9,2021-04-01,2021-12-31,0
2022-02-01,46150,2021-03-31,3,15294000000,-0.120,,,,,47000000,-0.901,118000000,-0.811,,802000000,,25.90,,,,,,,,,,,,,,,,,,,,,,true,false,9,2020-04-01,2020-12-31,-1
2022-02-01,46150,2022-03-31,3,19000000000,,,,,,20000000,-0.614,150000000,-0.104,,0,,0.00,,,,,,,,,,,,,,,,,,,,,,true,true,12,2021-04-01,2022-03-31,0
2022-02-01,46150,2021-03-31,3,,,,,,,,,,,,,,,,,,,,33719000000,18091000000,0.512,557.24,17261000000,,,,,,,,,,,,true,false,12,2020-04-01,2021-03-31,-1
2022-02-01,46150,2021-03-31,3,,,,,,,,,,,,,,,,,,,,,,,,,,,,,5.00,,,,31000000,22861,,false,false,12,2020-04-01,2021-03-31,-1
2022-02-01,46150,2022-03-31,3,,,,,,,,,,,,,,,,,,,,,,,,,,,,,0.00,,,,,,,false,false,12,2021-04-01,2022-03-31,0
2022-02-01,46150,2022-03-31,3,,,,,,,,,,,,,,,,,,,,,,,,,,,,,5.00,,,,,,,false,true,12,2021-04-01,2022-03-31,0
2022-02-01,46150,2022-03-31,3,,,,,,,,,,,,,,,,,,,,,,,,,,,,,,,,,31000000,22861,30977139,false,false,9,2021-04-01,2021-12-31,0
2022-02-01,46150,2021-03-31,3,,,,,,,,,,,,,,,,,,,,,,,,,,,,,,,,,,,30977139,false,false,9,2020-04-01,2020-12-31,-1
2022-05-13,46150,2022-03-31,,19136000000,0.007,,,,,-343000000,,-243000000,,,-1825000000,,-58.95,,,,,,,,,,,,,,,,,,,,,,true,true,12,2021-04-01,2022-03-31,0
2022-05-13,46150,2021-03-31,,20193000000,,,,,,51000000,,167000000,,,679000000,,21.93,,,,,,,,,,,,,,,,,,,,,,true,false,12,2020-04-01,2021-03-31,-1
2022-05-13,46150,2022-03-31,,,,,,,,,,,,,,,,,,,,,,,,,,,,,,2.50,,,,,,,false,true,12,2021-04-01,2022-03-31,0
2022-05-13,46150,2022-03-31,,,,,,,,,,,,,,,,,,,,,,,,,,,,,,0.00,,,,,,,false,false,12,2021-04-01,2022-03-31,0
2022-05-13,46150,2021-03-31,,,,,,,,,,,,,,,,,,,,,,,,,,,,,,5.00,,,,,,,false,false,12,2020-04-01,2021-03-31,-1
2022-05-16,46150,2022-03-31,,19136000000,,,,,,-343000000,,-243000000,,,-1825000000,,-58.95,,-0.112,-0.007,-0.018,,32637000000,16166000000,0.469,494.02,15303000000,150000000,-979000000,196000000,2685000000,,,,,,,,true,false,12,2021-04-01,2022-03-31,0
2022-05-16,46150,2021-03-31,,20193000000,-0.104,,,,,51000000,-0.913,167000000,-0.779,,679000000,,21.93,,0.040,0.005,0.003,,33719000000,18091000000,0.512,557.24,17261000000,698000000,1644000000,-2168000000,3300000000,,0.228,,,,,,true,false,12,2020-04-01,2021-03-31,-1
2022-05-16,46150,2023-03-31,,10000000000,0.044,,,,,-250000000,,-200000000,,,-300000000,,-9.69,,,,,,,,,,,,,,,,,,,,,,true,true,6,2022-04-01,2022-09-30,1
2022-05-16,46150,2023-03-31,,20000000000,0.045,,,,,-400000000,,-300000000,,,-450000000,,-14.53,,,,,,,,,,,,,,,,,,,,,,true,true,12,2022-04-01,2023-03-31,1
2022-05-16,46150,2022-03-31,,13708000000,,,,,,-662000000,,-526000000,,-1946000000,,,-62.84,,,,,,29364000000,13026000000,0.444,420.51,13026000000,,,,,2.50,,,,31000000,22862,30977139,false,false,12,2021-04-01,2022-03-31,0
2022-05-16,46150,2021-03-31,,15255000000,-0.097,,,,,-237000000,,-47000000,,745000000,,0.898,24.08,,,,,,30396000000,15176000000,0.499,489.93,15176000000,,,,,5.00,,,,31000000,22861,30977139,false,false,12,2020-04-01,2021-03-31,-1
2022-05-16,46150,2023-03-31,,,,,,,,,,,,,,,,,,,,,,,,,,,,,,2.50,,,,,,,false,true,12,2022-04-01,2023-03-31,1
2022-07-27,46150,2023-03-31,1,4575000000,-0.030,,,,,-303000000,,-233000000,,,-329000000,,-10.63,,,,,,32995000000,15836000000,0.454,,14993000000,,,,,,,,,,,,true,false,3,2022-04-01,2022-06-30,0
2022-07-27,46150,2022-03-31,1,4717000000,,,,,,42000000,,119000000,6.761,,58000000,,1.88,,,,,,,,,,,,,,,,,,,,,,true,false,3,2021-04-01,2021-06-30,-1
2022-07-27,46150,2023-03-31,1,9500000000,-0.008,,,,,-500000000,,-400000000,,,-450000000,,-14.53,,,,,,,,,,,,,,,,,,,,,,true,true,6,2022-04-01,2022-09-30,0
2022-07-27,46150,2023-03-31,1,19500000000,0.019,,,,,-650000000,,-500000000,,,-600000000,,-19.37,,,,,,,,,,,,,,,,,,,,,,true,true,12,2022-04-01,2023-03-31,0
2022-07-27,46150,2022-03-31,1,,,,,,,,,,,,,,,,,,,,32637000000,16166000000,0.469,,15303000000,,,,,,,,,,,,true,false,12,2021-04-01,2022-03-31,-1
2022-07-27,46150,2022-03-31,1,,,,,,,,,,,,,,,,,,,,,,,,,,,,,2.50,,,,31000000,22862,,false,false,12,2021-04-01,2022-03-31,-1
2022-07-27,46150,2023-03-31,1,,,,,,,,,,,,,,,,,,,,,,,,,,,,,2.50,,,,,,,false,true,12,2022-04-01,2023-03-31,0
2022-07-27,46150,2023-03-31,1,,,,,,,,,,,,,,,,,,,,,,,,,,,,,,,,,31000000,22862,30977138,false,false,3,2022-04-01,2022-06-30,0
2022-07-27,46150,2022-03-31,1,,,,,,,,,,,,,,,,,,,,,,,,,,,,,,,,,,,30977139,false,false,3,2021-04-01,2021-06-30,-1
2022-10-27,46150,2023-03-31,,9500000000,,,,,,-600000000,,-500000000,,-850000000,,,-27.44,,,,,,,,,,,,,,,,,,,,,,true,true,6,2022-04-01,2022-09-30,0
2022-10-27,46150,2022-03-31,,9577000000,,,,,,-20000000,,93000000,,-41000000,,,-1.35,,,,,,,,,,,,,,,,,,,,,,true,false,6,2021-04-01,2021-09-30,-1
2022-10-27,46150,2023-03-31,,19000000000,-0.026,,,,,-1200000000,,-1200000000,,,-1700000000,,-54.88,,,,,,,,,,,,,,,,,,,,,,true,true,12,2022-04-01,2023-03-31,0
2022-10-27,46150,2022-03-31,,19136000000,,,,,,-343000000,,-243000000,,,-1825000000,,-58.95,,,,,,,,,,,,,,,,,,,,,,true,false,12,2021-04-01,2022-03-31,-1
2022-10-27,46150,2023-03-31,,,,,,,,,,,,,,,,,,,,,,,,,,,,,,0.00,,,,,,,false,true,12,2022-04-01,2023-03-31,0
2022-10-27,46150,2022-03-31,,,,,,,,,,,,,,,,,,,,,,,,,,,,,,2.50,,,,,,,false,false,12,2021-04-01,2022-03-31,-1
2022-10-31,46150,2023-03-31,2,9449000000,-0.013,,,,,-589000000,,-474000000,,,-860000000,,-27.77,,,,,,32478000000,15410000000,0.448,469.73,14550000000,,,,,,,,,,,,true,false,6,2022-04-01,2022-09-30,0
2022-10-31,46150,2022-03-31,2,9577000000,,,,,,-20000000,,93000000,9.792,,-41000000,,-1.35,,,,,,,,,,,,,,,,,,,,,,true,false,6,2021-04-01,2021-09-30,-1
2022-10-31,46150,2023-03-31,2,19000000000,-0.007,,,,,-1200000000,,-1200000000,,,-1700000000,,-54.88,,,,,,,,,,,,,,,,,,,,,,true,true,12,2022-04-01,2023-03-31,0
2022-10-31,46150,2022-03-31,2,,,,,,,,,,,,,,,,,,,,32637000000,16166000000,0.469,494.02,15303000000,,,,,,,,,,,,true,false,12,2021-04-01,2022-03-31,-1
2022-10-31,46150,2022-03-31,2,,,,,,,,,,,,,,,,,,,,,,,,,,,,,2.50,,,,31000000,22862,,false,false,12,2021-04-01,2022-03-31,-1
2022-10-31,46150,2023-03-31,2,,,,,,,,,,,,,,,,,,,,,,,,,,,,,0.00,,,,,,,false,false,12,2022-04-01,2023-03-31,0
2022-10-31,46150,2023-03-31,2,,,,,,,,,,,,,,,,,,,,,,,,,,,,,0.00,,,,,,,false,true,12,2022-04-01,2023-03-31,0
2022-10-31,46150,2023-03-31,2,,,,,,,,,,,,,,,,,,,,,,,,,,,,,,,,,31000000,22862,30977138,false,false,6,2022-04-01,2022-09-30,0
2022-10-31,46150,2022-03-31,2,,,,,,,,,,,,,,,,,,,,,,,,,,,,,,,,,,,30977139,false,false,6,2021-04-01,2021-09-30,-1
2023-01-31,46150,2023-03-31,3,14648000000,-0.003,,,,,-863000000,,-815000000,,,-1290000000,,-41.65,,,,,,36404000000,14958000000,0.387,454.49,14078000000,,,,,,,,,,,,true,false,9,2022-04-01,2022-12-31,0
2023-01-31,46150,2022-03-31,3,14696000000,-0.039,,,,,-40000000,,46000000,-0.609,,-134000000,,-4.33,,,,,,,,,,,,,,,,,,,,,,true,false,9,2021-04-01,2021-12-31,-1
2023-01-31,46150,2023-03-31,3,19000000000,-0.007,,,,,-1200000000,,-1200000000,,,-1700000000,,-54.88,,,,,,,,,,,,,,,,,,,,,,true,true,12,2022-04-01,2023-03-31,0
2023-01-31,46150,2022-03-31,3,,,,,,,,,,,,,,,,,,,,32637000000,16166000000,0.469,494.02,15303000000,,,,,,,,,,,,true,false,12,2021-04-01,2022-03-31,-1
2023-01-31,46150,2022-03-31,3,,,,,,,,,,,,,,,,,,,,,,,,,,,,,2.50,,,,31000000,22862,,false,false,12,2021-04-01,2022-03-31,-1
2023-01-31,46150,2023-03-31,3,,,,,,,,,,,,,,,,,,,,,,,,,,,,,0.00,,,,,,,false,false,12,2022-04-01,2023-03-31,0
2023-01-31,46150,2023-03-31,3,,,,,,,,,,,,,,,,,,,,,,,,,,,,,0.00,,,,,,,false,true,12,2022-04-01,2023-03-31,0
2023-01-31,46150,2023-03-31,3,,,,,,,,,,,,,,,,,,,,,,,,,,,,,,,,,31000000,22862,30977138,false,false,9,2022-04-01,2022-12-31,0
2023-01-31,46150,2022-03-31,3,,,,,,,,,,,,,,,,,,,,,,,,,,,,,,,,,,,30977139,false,false,9,2021-04-01,2021-12-31,-1
2023-05-15,46150,2023-03-31,,19038000000,-0.005,,,,,-1203000000,,-1146000000,,,-1806000000,,-58.33,,-0.125,-0.034,-0.063,,33857000000,14386000000,0.399,435.78,13499000000,-684000000,-113000000,2539000000,4440000000,,,,,,,,true,false,12,2022-04-01,2023-03-31,0
2023-05-15,46150,2022-03-31,,19136000000,-0.052,,,,,-343000000,,-243000000,,,-1825000000,,-58.95,,-0.112,-0.007,-0.018,,32637000000,16166000000,0.469,494.02,15303000000,150000000,-979000000,196000000,2685000000,,,,,,,,true,false,12,2021-04-01,2022-03-31,-1
2023-05-15,46150,2023-03-31,,13468000000,-0.017,,,,,-1410000000,,-1384000000,,-1924000000,,,-62.12,,,,,,30176000000,11000000000,0.365,355.11,11000000000,,,,,0.00,,,,31000000,22862,30977138,false,false,12,2022-04-01,2023-03-31,0
2023-05-15,46150,2022-03-31,,13708000000,-0.101,,,,,-662000000,,-526000000,,-1946000000,,,-62.84,,,,,,29364000000,13026000000,0.444,420.51,13026000000,,,,,2.50,,,,31000000,22862,30977139,false,false,12,2021-04-01,2022-03-31,-1
2023-05-15,46150,2024-03-31,,,,,,,,,,,,,,,,,,,,,,,,,,,,,,0.00,,,,,,,false,true,12,2023-04-01,2024-03-31,1
2023-08-04,46150,2024-03-31,1,4641000000,0.014,,,,,-199000000,,-112000000,,,-158000000,,-5.10,,,,,,33638000000,14354000000,0.401,,13478000000,,,,,,,,,,,,true,false,3,2023-04-01,2023-06-30,0
2023-08-04,46150,2023-03-31,1,4575000000,-0.030,,,,,-303000000,,-233000000,,,-329000000,,-10.63,,,,,,,,,,,,,,,,,,,,,,true,false,3,2022-04-01,2022-06-30,-1
2023-08-04,46150,2024-03-31,1,9300000000,-0.016,,,,,-350000000,,-270000000,,,-400000000,,-12.91,,,,,,,,,,,,,,,,,,,,,,true,true,6,2023-04-01,2023-09-30,0
2023-08-04,46150,2024-03-31,1,19600000000,0.030,,,,,-180000000,,-150000000,,,-280000000,,-9.04,,,,,,,,,,,,,,,,,,,,,,true,true,12,2023-04-01,2024-03-31,0
2023-08-04,46150,2023-03-31,1,,,,,,,,,,,,,,,,,,,,33857000000,14386000000,0.399,,13499000000,,,,,,,,,,,,true,false,12,2022-04-01,2023-03-31,-1
2023-08-04,46150,2023-03-31,1,,,,,,,,,,,,,,,,,,,,,,,,,,,,,0.00,,,,31000000,22862,,false,false,12,2022-04-01,2023-03-31,-1
2023-08-04,46150,2024-03-31,1,,,,,,,,,,,,,,,,,,,,,,,,,,,,,0.00,,,,,,,false,true,12,2023-04-01,2024-03-31,0
2023-08-04,46150,2024-03-31,1,,,,,,,,,,,,,,,,,,,,,,,,,,,,,,,,,31000000,22862,30977138,false,false,3,2023-04-01,2023-06-30,0
2023-08-04,46150,2023-03-31,1,,,,,,,,,,,,,,,,,,,,,,,,,,,,,,,,,,,30977138,false,false,3,2022-04-01,2022-06-30,-1
2023-11-06,46150,2024-03-31,2,9496000000,0.005,,,,,-389000000,,-363000000,,,-460000000,,-14.88,,,,,,35214000000,14201000000,0.378,,13304000000,,,,,,,,,,,,true,false,6,2023-04-01,2023-09-30,0
2023-11-06,46150,2023-03-31,2,9449000000,-0.013,,,,,-589000000,,-474000000,,,-860000000,,-27.77,,,,,,,,,,,,,,,,,,,,,,true,false,6,2022-04-01,2022-09-30,-1
2023-11-06,46150,2024-03-31,2,19600000000,0.030,,,,,-180000000,,-150000000,,,-280000000,,-9.04,,,,,,,,,,,,,,,,,,,,,,true,true,12,2023-04-01,2024-03-31,0
2023-11-06,46150,2023-03-31,2,,,,,,,,,,,,,,,,,,,,33857000000,14386000000,0.399,,13499000000,,,,,,,,,,,,true,false,12,2022-04-01,2023-03-31,-1
2023-11-06,46150,2023-03-31,2,,,,,,,,,,,,,,,,,,,,,,,,,,,,,0.00,,,,31000000,22862,,false,false,12,2022-04-01,2023-03-31,-1
2023-11-06,46150,2024-03-31,2,,,,,,,,,,,,,,,,,,,,,,,,,,,,,0.00,,,,,,,false,false,12,2023-04-01,2024-03-31,0
2023-11-06,46150,2024-03-31,2,,,,,,,,,,,,,,,,,,,,,,,,,,,,,0.00,,,,,,,false,true,12,2023-04-01,2024-03-31,0
2023-11-06,46150,2024-03-31,2,,,,,,,,,,,,,,,,,,,,,,,,,,,,,,,,,31000000,22862,30977138,false,false,6,2023-04-01,2023-09-30,0
2023-11-06,46150,2023-03-31,2,,,,,,,,,,,,,,,,,,,,,,,,,,,,,,,,,,,30977138,false,false,6,2022-04-01,2022-09-30,-1
2024-02-05,46150,2024-03-31,3,14863000000,0.015,,,,,-361000000,,-241000000,,,-403000000,,-13.02,,,,,,34679000000,14283000000,0.385,,13358000000,,,,,,,,,,,,true,false,9,2023-04-01,2023-12-31,0
2024-02-05,46150,2023-03-31,3,14648000000,-0.003,,,,,-863000000,,-815000000,,,-1290000000,,-41.65,,,,,,,,,,,,,,,,,,,,,,true,false,9,2022-04-01,2022-12-31,-1
2024-02-05,46150,2024-03-31,3,18900000000,-0.007,,,,,-570000000,,-600000000,,,-780000000,,-25.18,,,,,,,,,,,,,,,,,,,,,,true,true,12,2023-04-01,2024-03-31,0
2024-02-05,46150,2023-03-31,3,,,,,,,,,,,,,,,,,,,,33857000000,14386000000,0.399,,13499000000,,,,,,,,,,,,true,false,12,2022-04-01,2023-03-31,-1
2024-02-05,46150,2023-03-31,3,,,,,,,,,,,,,,,,,,,,,,,,,,,,,0.00,,,,31000000,22862,,false,false,12,2022-04-01,2023-03-31,-1
2024-02-05,46150,2024-03-31,3,,,,,,,,,,,,,,,,,,,,,,,,,,,,,0.00,,,,,,,false,false,12,2023-04-01,2024-03-31,0
2024-02-05,46150,2024-03-31,3,,,,,,,,,,,,,,,,,,,,,,,,,,,,,0.00,,,,,,,false,true,12,2023-04-01,2024-03-31,0
2024-02-05,46150,2024-03-31,3,,,,,,,,,,,,,,,,,,,,,,,,,,,,,,,,,31000000,22863,30977138,false,false,9,2023-04-01,2023-12-31,0
2024-02-05,46150,2023-03-31,3,,,,,,,,,,,,,,,,,,,,,,,,,,,,,,,,,,,30977138,false,false,9,2022-04-01,2022-12-31,-1
2024-02-05,46150,2024-03-31,,18900000000,-0.036,,,,,-570000000,,-600000000,,,-780000000,,-25.18,,,,,,,,,,,,,,,,,,,,,,true,true,12,2023-04-01,2024-03-31,0
2024-02-05,46150,2023-03-31,,19038000000,,,,,,-1203000000,,-1146000000,,,-1806000000,,-58.33,,,,,,,,,,,,,,,,,,,,,,true,false,12,2022-04-01,2023-03-31,-1
2024-05-13,46150,2024-03-31,,18954000000,-0.004,,,,,-479000000,,-460000000,,,-497000000,,-16.05,,-0.037,-0.014,-0.025,,33042000000,14207000000,0.402,428.50,13273000000,53000000,-321000000,-761000000,3428000000,,,,,,,,true,false,12,2023-04-01,2024-03-31,0
2024-05-13,46150,2023-03-31,,19038000000,-0.005,,,,,-1203000000,,-1146000000,,,-1806000000,,-58.33,,-0.125,-0.034,-0.063,,33857000000,14386000000,0.399,435.78,13499000000,-536000000,-113000000,2390000000,4440000000,,,,,,,,true,false,12,2022-04-01,2023-03-31,-1
2024-05-13,46150,2025-03-31,,9000000000,-0.052,,,,,50000000,,100000000,,,100000000,,3.23,,,,,,,,,,,,,,,,,,,,,,true,true,6,2024-04-01,2024-09-30,1
2024-05-13,46150,2025-03-31,,18500000000,-0.024,,,,,150000000,,300000000,,,200000000,,6.46,,,,,,,,,,,,,,,,,,,,,,true,true,12,2024-04-01,2025-03-31,1
2024-05-13,46150,2024-03-31,,13509000000,0.003,,,,,-738000000,,-692000000,,-534000000,,,-17.24,,,,,,29056000000,10498000000,0.361,338.92,10498000000,,,,,0.00,,,,31000000,22904,30977134,false,false,12,2023-04-01,2024-03-31,0
2024-05-13,46150,2023-03-31,,13468000000,-0.017,,,,,-1410000000,,-1384000000,,-1924000000,,,-62.12,,,,,,30176000000,11000000000,0.365,355.11,11000000000,,,,,0.00,,,,31000000,22862,30977138,false,false,12,2022-04-01,2023-03-31,-1
2024-05-13,46150,2025-03-31,,6500000000,,,,,,,,20000000,,80000000,,,2.58,,,,,,,,,,,,,,,,,,,,,,false,true,6,2024-04-01,2024-09-30,1
2024-05-13,46150,2025-03-31,,13300000000,-0.015,,,,,,,40000000,,90000000,,,2.91,,,,,,,,,,,,,,,0.00,,,,,,,false,true,12,2024-04-01,2025-03-31,1
2024-05-13,46150,2024-03-31,,18954000000,-0.004,,,,,-479000000,,-460000000,,,-497000000,,-16.05,,-0.037,-0.014,-0.025,,33042000000,14207000000,0.402,428.50,13273000000,53000000,-321000000,-761000000,3428000000,,,,,,,,true,false,12,2023-04-01,2024-03-31,0
2024-05-13,46150,2023-03-31,,19038000000,-0.005,,,,,-1203000000,,-1146000000,,,-1806000000,,-58.33,,-0.125,-0.034,-0.063,,33857000000,14386000000,0.399,435.78,13499000000,-536000000,-113000000,2390000000,4440000000,,,,,,,,true,false,12,2022-04-01,2023-03-31,-1
2024-05-13,46150,2025-03-31,,9000000000,-0.052,,,,,50000000,,100000000,,,100000000,,3.23,,,,,,,,,,,,,,,,,,,,,,true,true,6,2024-04-01,2024-09-30,1
2024-05-13,46150,2025-03-31,,18500000000,-0.024,,,,,150000000,,300000000,,,200000000,,6.46,,,,,,,,,,,,,,,,,,,,,,true,true,12,2024-04-01,2025-03-31,1
2024-05-13,46150,2024-03-31,,13509000000,0.003,,,,,-738000000,,-692000000,,-534000000,,,-17.24,,,,,,29056000000,10498000000,0.361,338.92,10498000000,,,,,0.00,,,,31000000,22904,30977134,false,false,12,2023-04-01,2024-03-31,0
2024-05-13,46150,2023-03-31,,13468000000,-0.017,,,,,-1410000000,,-1384000000,,-1924000000,,,-62.12,,,,,,30176000000,11000000000,0.365,355.11,11000000000,,,,,0.00,,,,31000000,22862,30977138,false,false,12,2022-04-01,2023-03-31,-1
2024-05-13,46150,2025-03-31,,6500000000,,,,,,,,20000000,,80000000,,,2.58,,,,,,,,,,,,,,,,,,,,,,false,true,6,2024-04-01,2024-09-30,1
2024-05-13,46150,2025-03-31,,13300000000,-0.015,,,,,,,40000000,,90000000,,,2.91,,,,,,,,,,,,,,,0.00,,,,,,,false,true,12,2024-04-01,2025-03-31,1
2024-08-08,46150,2025-03-31,1,4896000000,0.055,,,,,72000000,,164000000,,,173000000,,5.59,,,,,,33173000000,14357000000,0.405,,13433000000,,,,,,,,,,,,true,false,3,2024-04-01,2024-06-30,0
2024-08-08,46150,2024-03-31,1,4641000000,0.014,,,,,-199000000,,-112000000,,,-158000000,,-5.10,,,,,,,,,,,,,,,,,,,,,,true,false,3,2023-04-01,2023-06-30,-1
2024-08-08,46150,2025-03-31,1,9000000000,-0.052,,,,,50000000,,100000000,,,100000000,,3.23,,,,,,,,,,,,,,,,,,,,,,true,true,6,2024-04-01,2024-09-30,0
2024-08-08,46150,2025-03-31,1,18500000000,-0.024,,,,,150000000,,300000000,,,200000000,,6.46,,,,,,,,,,,,,,,,,,,,,,true,true,12,2024-04-01,2025-03-31,0
2024-08-08,46150,2024-03-31,1,,,,,,,,,,,,,,,,,,,,33042000000,14207000000,0.402,,13273000000,,,,,,,,,,,,true,false,12,2023-04-01,2024-03-31,-1
2024-08-08,46150,2024-03-31,1,,,,,,,,,,,,,,,,,,,,,,,,,,,,,0.00,,,,31000000,22904,,false,false,12,2023-04-01,2024-03-31,-1
2024-08-08,46150,2025-03-31,1,,,,,,,,,,,,,,,,,,,,,,,,,,,,,0.00,,,,,,,false,true,12,2024-04-01,2025-03-31,0
2024-08-08,46150,2025-03-31,1,,,,,,,,,,,,,,,,,,,,,,,,,,,,,,,,,31000000,22904,30977096,false,false,3,2024-04-01,2024-06-30,0
2024-08-08,46150,2024-03-31,1,,,,,,,,,,,,,,,,,,,,,,,,,,,,,,,,,,,30977138,false,false,3,2023-04-01,2023-06-30,-1
2024-11-07,46150,2025-03-31,2,10136000000,0.067,,,,,76000000,,227000000,,,165000000,,5.34,,,,,,32470000000,14459000000,0.416,,13503000000,,,,,,,,,,,,true,false,6,2024-04-01,2024-09-30,0
2024-11-07,46150,2024-03-31,2,9496000000,0.005,,,,,-389000000,,-363000000,,,-460000000,,-14.88,,,,,,,,,,,,,,,,,,,,,,true,false,6,2023-04-01,2023-09-30,-1
2024-11-07,46150,2025-03-31,2,18500000000,-0.024,,,,,150000000,,300000000,,,200000000,,6.46,,,,,,,,,,,,,,,,,,,,,,true,true,12,2024-04-01,2025-03-31,0
2024-11-07,46150,2024-03-31,2,,,,,,,,,,,,,,,,,,,,33042000000,14207000000,0.402,,13273000000,,,,,,,,,,,,true,false,12,2023-04-01,2024-03-31,-1
2024-11-07,46150,2024-03-31,2,,,,,,,,,,,,,,,,,,,,,,,,,,,,,0.00,,,,31000000,22904,,false,false,12,2023-04-01,2024-03-31,-1
2024-11-07,46150,2025-03-31,2,,,,,,,,,,,,,,,,,,,,,,,,,,,,,0.00,,,,,,,false,false,12,2024-04-01,2025-03-31,0
2024-11-07,46150,2025-03-31,2,,,,,,,,,,,,,,,,,,,,,,,,,,,,,0.00,,,,,,,false,true,12,2024-04-01,2025-03-31,0
2024-11-07,46150,2025-03-31,2,,,,,,,,,,,,,,,,,,,,,,,,,,,,,,,,,31000000,22904,30977096,false,false,6,2024-04-01,2024-09-30,0
2024-11-07,46150,2024-03-31,2,,,,,,,,,,,,,,,,,,,,,,,,,,,,,,,,,,,30977138,false,false,6,2023-04-01,2023-09-30,-1
2025-02-06,46150,2025-03-31,3,16110000000,0.084,,,,,280000000,,494000000,,,295000000,,9.55,,,,,,33130000000,14599000000,0.410,,13594000000,,,,,,,,,,,,true,false,9,2024-04-01,2024-12-31,0
2025-02-06,46150,2024-03-31,3,14863000000,0.015,,,,,-361000000,,-241000000,,,-403000000,,-13.02,,,,,,,,,,,,,,,,,,,,,,true,false,9,2023-04-01,2023-12-31,-1
2025-02-06,46150,2025-03-31,3,18500000000,-0.024,,,,,150000000,,300000000,,,200000000,,6.46,,,,,,,,,,,,,,,,,,,,,,true,true,12,2024-04-01,2025-03-31,0
2025-02-06,46150,2024-03-31,3,,,,,,,,,,,,,,,,,,,,33042000000,14207000000,0.402,,13273000000,,,,,,,,,,,,true,false,12,2023-04-01,2024-03-31,-1
2025-02-06,46150,2024-03-31,3,,,,,,,,,,,,,,,,,,,,,,,,,,,,,0.00,,,,31000000,22904,,false,false,12,2023-04-01,2024-03-31,-1
2025-02-06,46150,2025-03-31,3,,,,,,,,,,,,,,,,,,,,,,,,,,,,,0.00,,,,,,,false,false,12,2024-04-01,2025-03-31,0
2025-02-06,46150,2025-03-31,3,,,,,,,,,,,,,,,,,,,,,,,,,,,,,0.00,,,,,,,false,true,12,2024-04-01,2025-03-31,0
2025-02-06,46150,2025-03-31,3,,,,,,,,,,,,,,,,,,,,,,,,,,,,,,,,,31000000,22904,30977096,false,false,9,2024-04-01,2024-12-31,0
2025-02-06,46150,2024-03-31,3,,,,,,,,,,,,,,,,,,,,,,,,,,,,,,,,,,,30977138,false,false,9,2023-04-01,2023-12-31,-1
2025-04-23,46150,2025-03-31,,20750000000,0.012,,,,,230000000,0.533,480000000,0.600,,-50000000,,1.60,,,,,,,,,,,,,,,,,,,,,,true,true,12,2024-04-01,2025-03-31,0
2025-04-23,46150,2024-03-31,,18954000000,,,,,,-479000000,,-460000000,,,-497000000,,-16.05,,,,,,,,,,,,,,,,,,,,,,true,false,12,2023-04-01,2024-03-31,-1
2025-04-23,46150,2025-03-31,,13400000000,0.007,,,,,,,-50000000,,-300000000,,,-9.61,,,,,,,,,,,,,,,,,,,,,,false,true,12,2024-04-01,2025-03-31,0
2025-04-23,46150,2024-03-31,,13509000000,,,,,,,,-692000000,,-534000000,,,-17.24,,,,,,,,,,,,,,,,,,,,,,false,false,12,2023-04-01,2024-03-31,-1
2025-05-14,46150,2025-03-31,,20758000000,0.095,,,,,230000000,,471000000,,,-59000000,,-1.92,,-0.004,0.014,0.011,,32010000000,14617000000,0.425,399.59,13600000000,-30000000,-362000000,-367000000,2690000000,,,,,,,,true,false,12,2024-04-01,2025-03-31,0
2025-05-14,46150,2024-03-31,,18954000000,-0.004,,,,,-479000000,,-460000000,,,-497000000,,-16.05,,-0.037,-0.014,-0.025,,33042000000,14207000000,0.402,428.50,13273000000,53000000,-321000000,-761000000,3428000000,,,,,,,,true,false,12,2023-04-01,2024-03-31,-1
2025-05-14,46150,2026-03-31,,8800000000,-0.132,,,,,30000000,-0.607,150000000,-0.342,,70000000,,2.06,,,,,,,,,,,,,,,,,,,,,,true,true,6,2025-04-01,2025-09-30,1
2025-05-14,46150,2026-03-31,,18000000000,-0.133,,,,,100000000,-0.567,250000000,-0.470,,100000000,,2.94,,,,,,,,,,,,,,,,,,,,,,true,true,12,2025-04-01,2026-03-31,1
2025-05-14,46150,2025-03-31,,13439000000,-0.005,,,,,-155000000,,-62000000,,-318000000,,,-10.20,,,,,,27236000000,10388000000,0.381,305.21,10388000000,,,,,0.00,,,,34060000,22904,31232096,false,false,12,2024-04-01,2025-03-31,0
2025-05-14,46150,2024-03-31,,13509000000,0.003,,,,,-738000000,,-692000000,,-534000000,,,-17.24,,,,,,29056000000,10498000000,0.361,338.92,10498000000,,,,,0.00,,,,31000000,22904,30977134,false,false,12,2023-04-01,2024-03-31,-1
2025-05-14,46150,2026-03-31,,,,,,,,,,,,,,,,,,,,,,,,,,,,,,0.00,,,,,,,false,true,12,2025-04-01,2026-03-31,1
2025-08-06,46150,2026-03-31,1,5059000000,0.033,,,,,31000000,-0.567,86000000,-0.476,,-5000000,,-0.17,,,,,,32201000000,14552000000,0.421,,13548000000,,,,,,,,,,,,true,false,3,2025-04-01,2025-06-30,0
2025-08-06,46150,2025-03-31,1,4896000000,0.055,,,,,72000000,,164000000,,,173000000,,5.59,,,,,,,,,,,,,,,,,,,,,,true,false,3,2024-04-01,2024-06-30,-1
2025-08-06,46150,2026-03-31,1,8800000000,-0.132,,,,,30000000,-0.607,150000000,-0.342,,70000000,,2.06,,,,,,,,,,,,,,,,,,,,,,true,true,6,2025-04-01,2025-09-30,0
2025-08-06,46150,2026-03-31,1,18000000000,-0.133,,,,,100000000,-0.567,250000000,-0.470,,100000000,,2.94,,,,,,,,,,,,,,,,,,,,,,true,true,12,2025-04-01,2026-03-31,0
2025-08-06,46150,2025-03-31,1,,,,,,,,,,,,,,,,,,,,32010000000,14617000000,0.425,,13600000000,,,,,,,,,,,,true,false,12,2024-04-01,2025-03-31,-1
2025-08-06,46150,2025-03-31,1,,,,,,,,,,,,,,,,,,,,,,,,,,,,,0.00,,,,34060000,22904,,false,false,12,2024-04-01,2025-03-31,-1
2025-08-06,46150,2026-03-31,1,,,,,,,,,,,,,,,,,,,,,,,,,,,,,0.00,,,,,,,false,true,12,2025-04-01,2026-03-31,0
2025-08-06,46150,2026-03-31,1,,,,,,,,,,,,,,,,,,,,,,,,,,,,,,,,,34060000,22904,34037096,false,false,3,2025-04-01,2025-06-30,0
2025-08-06,46150,2025-03-31,1,,,,,,,,,,,,,,,,,,,,,,,,,,,,,,,,,,,30977096,false,false,3,2024-04-01,2024-06-30,-1
