filing_date,code,fiscal_year_end,quarterly_period,net_sales,net_sales_change,revenue,revenue_change,operating_revenue,operating_revenue_change,operating_profit,operating_profit_change,ordinary_profit,ordinary_profit_change,net_income,net_income_of_parent,net_income_change,eps,diluted_eps,roe,roa,operating_profit_to_net_sales,operating_profit_to_revenue,total_assets,net_assets,equity_ratio,bps,owner_equity,operating_cash_flow,investing_cash_flow,financing_cash_flow,cash,dividend_per_share,payout_ratio,commemorative_dividend,extra_dividend,number_of_shares,number_of_treqsury_shares,avg_number_of_shares,is_consolidated,is_forecast,duration,period_start,period_end,period_pos
2015-05-08,46170,2015-03-31,,106737000000,0.174,,,,,7442000000,0.834,8359000000,0.652,4748000000,,0.452,71.71,,0.070,0.066,0.070,,135087000000,78225000000,0.537,1094.66,72480000000,4355000000,-596000000,-3900000000,24400000000,,0.209,,,,,,true,false,12,2014-04-01,2015-03-31,0
2015-05-08,46170,2014-03-31,,90901000000,0.087,,,,,4058000000,-0.139,5058000000,-0.012,3269000000,,0.098,49.36,,0.057,0.045,0.045,,119019000000,67332000000,0.525,943.60,62487000000,10084000000,-2363000000,-4420000000,23037000000,,0.263,,,,,,true,false,12,2013-04-01,2014-03-31,-1
2015-05-08,46170,2016-03-31,,55000000000,0.090,,,,,3800000000,0.150,4100000000,0.134,,2500000000,,37.75,,,,,,,,,,,,,,,,,,,,,,true,true,6,2015-04-01,2015-09-30,1
2015-05-08,46170,2016-03-31,,115000000000,0.077,,,,,8000000000,0.075,8800000000,0.053,,5300000000,,80.04,,,,,,,,,,,,,,,,0.187,,,,,,true,true,12,2015-04-01,2016-03-31,1
2015-05-08,46170,2015-03-31,,35768000000,0.049,,,,,21000000,-0.957,2697000000,-0.164,2121000000,,-0.279,32.04,,,,,,71603000000,44384000000,0.620,670.33,44384000000,,,,,15.00,,,,69068822,2855630,66218482,false,false,12,2014-04-01,2015-03-31,0
2015-05-08,46170,2014-03-31,,34085000000,0.049,,,,,495000000,0.182,3226000000,0.394,2943000000,,0.757,44.45,,,,,,67863000000,41026000000,0.605,619.53,41026000000,,,,,13.00,,,,69068822,2845969,66227373,false,false,12,2013-04-01,2014-03-31,-1
2015-05-08,46170,2016-03-31,,,,,,,,,,,,,,,,,,,,,,,,,,,,,,15.00,,,,,,,false,true,12,2015-04-01,2016-03-31,1
2015-07-31,46170,2016-03-31,1,27991000000,0.221,,,,,2160000000,0.692,2534000000,0.770,,1558000000,,23.54,,,,,,133721000000,78455000000,0.543,1096.78,72616000000,,,,,,,,,,,,true,false,3,2015-04-01,2015-06-30,0
2015-07-31,46170,2015-03-31,1,22932000000,0.133,,,,,1277000000,0.547,1431000000,0.210,,949000000,,14.34,,,,,,,,,,,,,,,,,,,,,,true,false,3,2014-04-01,2014-06-30,-1
2015-07-31,46170,2016-03-31,1,55000000000,0.090,,,,,3800000000,0.150,4100000000,0.134,,2500000000,,37.76,,,,,,,,,,,,,,,,,,,,,,true,true,6,2015-04-01,2015-09-30,0
2015-07-31,46170,2016-03-31,1,115000000000,0.077,,,,,8000000000,0.075,8800000000,0.053,,5300000000,,80.05,,,,,,,,,,,,,,,,,,,,,,true,true,12,2015-04-01,2016-03-31,0
2015-07-31,46170,2015-03-31,1,,,,,,,,,,,,,,,,,,,,135087000000,78225000000,0.537,1094.66,72480000000,,,,,,,,,,,,true,false,12,2014-04-01,2015-03-31,-1
2015-07-31,46170,2015-03-31,1,,,,,,,,,,,,,,,,,,,,,,,,,,,,,15.00,,,,69068822,2855630,,false,false,12,2014-04-01,2015-03-31,-1
2015-07-31,46170,2016-03-31,1,,,,,,,,,,,,,,,,,,,,,,,,,,,,,15.00,,,,,,,false,true,12,2015-04-01,2016-03-31,0
2015-07-31,46170,2016-03-31,1,,,,,,,,,,,,,,,,,,,,,,,,,,,,,,,,,69068822,2859938,66211508,false,false,3,2015-04-01,2015-06-30,0
2015-07-31,46170,2015-03-31,1,,,,,,,,,,,,,,,,,,,,,,,,,,,,,,,,,,,66221820,false,false,3,2014-04-01,2014-06-30,-1
2015-10-29,46170,2016-03-31,,59500000000,0.082,,,,,5020000000,0.321,5570000000,0.359,3480000000,,0.392,52.56,,,,,,,,,,,,,,,,,,,,,,true,true,6,2015-04-01,2015-09-30,0
2015-10-29,46170,2015-03-31,,50463000000,,,,,,3303000000,,3613000000,,2337000000,,,35.30,,,,,,,,,,,,,,,,,,,,,,true,false,6,2014-04-01,2014-09-30,-1
2015-10-29,46170,2016-03-31,,115000000000,0.000,,,,,9000000000,0.125,9800000000,0.114,6000000000,,0.132,90.62,,,,,,,,,,,,,,,,,,,,,,true,true,12,2015-04-01,2016-03-31,0
2015-10-29,46170,2015-03-31,,106737000000,,,,,,7442000000,,8359000000,,4748000000,,,71.71,,,,,,,,,,,,,,,,,,,,,,true,false,12,2014-04-01,2015-03-31,-1
2015-10-30,46170,2016-03-31,2,59572000000,0.180,,,,,5026000000,0.522,5577000000,0.543,,3488000000,,52.69,,,,,,135565000000,80621000000,0.550,1126.18,74561000000,,,,,,,,,,,,true,false,6,2015-04-01,2015-09-30,0
2015-10-30,46170,2015-03-31,2,50463000000,0.148,,,,,3303000000,1.096,3613000000,0.681,,2337000000,,35.30,,,,,,,,,,,,,,,,,,,,,,true,false,6,2014-04-01,2014-09-30,-1
2015-10-30,46170,2016-03-31,2,115000000000,0.077,,,,,9000000000,0.209,9800000000,0.172,,6000000000,,90.62,,,,,,,,,,,,,,,,,,,,,,true,true,12,2015-04-01,2016-03-31,0
2015-10-30,46170,2015-03-31,2,,,,,,,,,,,,,,,,,,,,135087000000,78225000000,0.537,1094.66,72480000000,,,,,,,,,,,,true,false,12,2014-04-01,2015-03-31,-1
2015-10-30,46170,2015-03-31,2,,,,,,,,,,,,,,,,,,,,,,,,,,,,,15.00,,,,69068822,2855630,,false,false,12,2014-04-01,2015-03-31,-1
2015-10-30,46170,2016-03-31,2,,,,,,,,,,,,,,,,,,,,,,,,,,,,,7.00,,,,,,,false,false,12,2015-04-01,2016-03-31,0
2015-10-30,46170,2016-03-31,2,,,,,,,,,,,,,,,,,,,,,,,,,,,,,15.00,,,,,,,false,true,12,2015-04-01,2016-03-31,0
2015-10-30,46170,2016-03-31,2,,,,,,,,,,,,,,,,,,,,,,,,,,,,,,,,,69068822,2861668,66209941,false,false,6,2015-04-01,2015-09-30,0
2015-10-30,46170,2015-03-31,2,,,,,,,,,,,,,,,,,,,,,,,,,,,,,,,,,,,66220944,false,false,6,2014-04-01,2014-09-30,-1
2016-01-29,46170,2016-03-31,3,88556000000,0.132,,,,,7837000000,0.438,8372000000,0.372,,5280000000,,79.76,,,,,,131505000000,78994000000,0.559,1110.11,73494000000,,,,,,,,,,,,true,false,9,2015-04-01,2015-12-31,0
2016-01-29,46170,2015-03-31,3,78255000000,0.174,,,,,5450000000,1.019,6104000000,0.717,,3911000000,,59.06,,,,,,,,,,,,,,,,,,,,,,true,false,9,2014-04-01,2014-12-31,-1
2016-01-29,46170,2016-03-31,3,115000000000,0.077,,,,,9000000000,0.209,9800000000,0.172,,6000000000,,90.62,,,,,,,,,,,,,,,,,,,,,,true,true,12,2015-04-01,2016-03-31,0
2016-01-29,46170,2015-03-31,3,,,,,,,,,,,,,,,,,,,,135087000000,78225000000,0.537,1094.66,72480000000,,,,,,,,,,,,true,false,12,2014-04-01,2015-03-31,-1
2016-01-29,46170,2015-03-31,3,,,,,,,,,,,,,,,,,,,,,,,,,,,,,15.00,,,,69068822,2855630,,false,false,12,2014-04-01,2015-03-31,-1
2016-01-29,46170,2016-03-31,3,,,,,,,,,,,,,,,,,,,,,,,,,,,,,7.00,,,,,,,false,false,12,2015-04-01,2016-03-31,0
2016-01-29,46170,2016-03-31,3,,,,,,,,,,,,,,,,,,,,,,,,,,,,,15.00,,,,,,,false,true,12,2015-04-01,2016-03-31,0
2016-01-29,46170,2016-03-31,3,,,,,,,,,,,,,,,,,,,,,,,,,,,,,,,,,69068822,2863941,66208742,false,false,9,2015-04-01,2015-12-31,0
2016-01-29,46170,2015-03-31,3,,,,,,,,,,,,,,,,,,,,,,,,,,,,,,,,,,,66219732,false,false,9,2014-04-01,2014-12-31,-1
2016-05-06,46170,2016-03-31,,115066000000,0.078,,,,,10012000000,0.345,10416000000,0.246,,6502000000,,98.21,,0.089,0.079,0.087,,128389000000,78817000000,0.570,1104.67,73133000000,9774000000,-3552000000,-3133000000,26828000000,,0.163,,,,,,true,false,12,2015-04-01,2016-03-31,0
2016-05-06,46170,2015-03-31,,106737000000,0.174,,,,,7442000000,0.834,8359000000,0.652,,4748000000,,71.71,,0.070,0.066,0.070,,135087000000,78225000000,0.537,1094.66,72480000000,4355000000,-596000000,-3900000000,24400000000,,0.209,,,,,,true,false,12,2014-04-01,2015-03-31,-1
2016-05-06,46170,2017-03-31,,40000000000,-0.329,,,,,3000000000,-0.403,3100000000,-0.444,,1800000000,,27.19,,,,,,,,,,,,,,,,,,,,,,true,true,6,2016-04-01,2016-09-30,1
2016-05-06,46170,2017-03-31,,90000000000,-0.218,,,,,6800000000,-0.321,7000000000,-0.328,,4000000000,,60.42,,,,,,,,,,,,,,,,0.265,,,,,,true,true,12,2016-04-01,2017-03-31,1
2016-05-06,46170,2016-03-31,,37450000000,0.047,,,,,821000000,37.781,3934000000,0.459,3189000000,,0.504,48.18,,,,,,70887000000,44585000000,0.629,673.46,44585000000,,,,,16.00,,,,69068822,2865271,66207725,false,false,12,2015-04-01,2016-03-31,0
2016-05-06,46170,2015-03-31,,35768000000,0.049,,,,,21000000,-0.957,2697000000,-0.164,2121000000,,-0.279,32.04,,,,,,71603000000,44384000000,0.620,670.33,44384000000,,,,,15.00,,,,69068822,2855630,66218482,false,false,12,2014-04-01,2015-03-31,-1
2016-05-06,46170,2017-03-31,,,,,,,,,,,,,,,,,,,,,,,,,,,,,,16.00,,,,,,,false,true,12,2016-04-01,2017-03-31,1
2016-08-01,46170,2017-03-31,1,20149000000,-0.280,,,,,1251000000,-0.421,1249000000,-0.507,,565000000,,8.57,,,,,,120447000000,75656000000,0.583,1071.07,70161000000,,,,,,,,,,,,true,false,3,2016-04-01,2016-06-30,0
2016-08-01,46170,2016-03-31,1,27991000000,0.221,,,,,2160000000,0.692,2534000000,0.770,,1558000000,,23.54,,,,,,,,,,,,,,,,,,,,,,true,false,3,2015-04-01,2015-06-30,-1
2016-08-01,46170,2017-03-31,1,40000000000,-0.329,,,,,3000000000,-0.403,3100000000,-0.444,,1800000000,,27.29,,,,,,,,,,,,,,,,,,,,,,true,true,6,2016-04-01,2016-09-30,0
2016-08-01,46170,2017-03-31,1,90000000000,-0.218,,,,,6800000000,-0.321,7000000000,-0.328,,4000000000,,60.63,,,,,,,,,,,,,,,,,,,,,,true,true,12,2016-04-01,2017-03-31,0
2016-08-01,46170,2016-03-31,1,,,,,,,,,,,,,,,,,,,,128389000000,78817000000,0.570,1104.67,73133000000,,,,,,,,,,,,true,false,12,2015-04-01,2016-03-31,-1
2016-08-01,46170,2016-03-31,1,,,,,,,,,,,,,,,,,,,,,,,,,,,,,16.00,,,,69068822,2865271,,false,false,12,2015-04-01,2016-03-31,-1
2016-08-01,46170,2017-03-31,1,,,,,,,,,,,,,,,,,,,,,,,,,,,,,16.00,,,,,,,false,true,12,2016-04-01,2017-03-31,0
2016-08-01,46170,2017-03-31,1,,,,,,,,,,,,,,,,,,,,,,,,,,,,,,,,,69068822,3563005,65969984,false,false,3,2016-04-01,2016-06-30,0
2016-08-01,46170,2016-03-31,1,,,,,,,,,,,,,,,,,,,,,,,,,,,,,,,,,,,66211508,false,false,3,2015-04-01,2015-06-30,-1
2016-10-28,46170,2017-03-31,2,42039000000,-0.294,,,,,2842000000,-0.435,2813000000,-0.496,,1489000000,,22.65,,,,,,116836000000,72675000000,0.578,1031.22,67548000000,,,,,,,,,,,,true,false,6,2016-04-01,2016-09-30,0
2016-10-28,46170,2016-03-31,2,59572000000,0.180,,,,,5026000000,0.522,5577000000,0.543,,3488000000,,52.69,,,,,,,,,,,,,,,,,,,,,,true,false,6,2015-04-01,2015-09-30,-1
2016-10-28,46170,2017-03-31,2,90000000000,-0.218,,,,,6800000000,-0.321,7000000000,-0.328,,4000000000,,60.82,,,,,,,,,,,,,,,,,,,,,,true,true,12,2016-04-01,2017-03-31,0
2016-10-28,46170,2016-03-31,2,,,,,,,,,,,,,,,,,,,,128389000000,78817000000,0.570,1104.67,73133000000,,,,,,,,,,,,true,false,12,2015-04-01,2016-03-31,-1
2016-10-28,46170,2016-03-31,2,,,,,,,,,,,,,,,,,,,,,,,,,,,,,16.00,,,,69068822,2865271,,false,false,12,2015-04-01,2016-03-31,-1
2016-10-28,46170,2017-03-31,2,,,,,,,,,,,,,,,,,,,,,,,,,,,,,8.00,,,,,,,false,false,12,2016-04-01,2017-03-31,0
2016-10-28,46170,2017-03-31,2,,,,,,,,,,,,,,,,,,,,,,,,,,,,,16.00,,,,,,,false,true,12,2016-04-01,2017-03-31,0
2016-10-28,46170,2017-03-31,2,,,,,,,,,,,,,,,,,,,,,,,,,,,,,,,,,69068822,3564967,65770523,false,false,6,2016-04-01,2016-09-30,0
2016-10-28,46170,2016-03-31,2,,,,,,,,,,,,,,,,,,,,,,,,,,,,,,,,,,,66209941,false,false,6,2015-04-01,2015-09-30,-1
2017-01-31,46170,2017-03-31,3,62077000000,-0.299,,,,,4283000000,-0.453,4504000000,-0.462,,2568000000,,39.10,,,,,,116351000000,73201000000,0.586,1040.65,68166000000,,,,,,,,,,,,true,false,9,2016-04-01,2016-12-31,0
2017-01-31,46170,2016-03-31,3,88556000000,0.132,,,,,7837000000,0.438,8372000000,0.372,,5280000000,,79.76,,,,,,,,,,,,,,,,,,,,,,true,false,9,2015-04-01,2015-12-31,-1
2017-01-31,46170,2017-03-31,3,83000000000,-0.279,,,,,5500000000,-0.451,5800000000,-0.443,,3200000000,,48.71,,,,,,,,,,,,,,,,,,,,,,true,true,12,2016-04-01,2017-03-31,0
2017-01-31,46170,2016-03-31,3,,,,,,,,,,,,,,,,,,,,128389000000,78817000000,0.570,1104.67,73133000000,,,,,,,,,,,,true,false,12,2015-04-01,2016-03-31,-1
2017-01-31,46170,2016-03-31,3,,,,,,,,,,,,,,,,,,,,,,,,,,,,,16.00,,,,69068822,2865271,,false,false,12,2015-04-01,2016-03-31,-1
2017-01-31,46170,2017-03-31,3,,,,,,,,,,,,,,,,,,,,,,,,,,,,,8.00,,,,,,,false,false,12,2016-04-01,2017-03-31,0
2017-01-31,46170,2017-03-31,3,,,,,,,,,,,,,,,,,,,,,,,,,,,,,16.00,,,,,,,false,true,12,2016-04-01,2017-03-31,0
2017-01-31,46170,2017-03-31,3,,,,,,,,,,,,,,,,,,,,,,,,,,,,,,,,,69068822,3564985,65690521,false,false,9,2016-04-01,2016-12-31,0
2017-01-31,46170,2016-03-31,3,,,,,,,,,,,,,,,,,,,,,,,,,,,,,,,,,,,66208742,false,false,9,2015-04-01,2015-12-31,-1
2017-01-31,46170,2017-03-31,,83000000000,-0.078,,,,,5500000000,-0.191,5800000000,-0.171,3200000000,,-0.200,48.71,,,,,,,,,,,,,,,,,,,,,,true,true,12,2016-04-01,2017-03-31,0
2017-01-31,46170,2016-03-31,,115066000000,,,,,,10012000000,,10416000000,,6502000000,,,98.21,,,,,,,,,,,,,,,,,,,,,,true,false,12,2015-04-01,2016-03-31,-1
2017-05-09,46170,2017-03-31,,82368000000,-0.284,,,,,5471000000,-0.454,6076000000,-0.417,,3643000000,,55.50,,0.050,0.049,0.066,,122058000000,78169000000,0.594,1107.57,72550000000,10750000000,-5448000000,-2737000000,28403000000,,0.324,,,,,,true,false,12,2016-04-01,2017-03-31,0
2017-05-09,46170,2016-03-31,,115066000000,0.078,,,,,10012000000,0.345,10416000000,0.246,,6502000000,,98.21,,0.089,0.079,0.087,,128389000000,78817000000,0.570,1104.67,73133000000,9774000000,-3552000000,-3133000000,26828000000,,0.163,,,,,,true,false,12,2015-04-01,2016-03-31,-1
2017-05-09,46170,2018-03-31,,42000000000,-0.001,,,,,2800000000,-0.015,3000000000,0.066,,1750000000,,26.72,,,,,,,,,,,,,,,,,,,,,,true,true,6,2017-04-01,2017-09-30,1
2017-05-09,46170,2018-03-31,,85000000000,0.032,,,,,5700000000,0.042,6300000000,0.037,,3800000000,,58.01,,,,,,,,,,,,,,,,0.310,,,,,,true,true,12,2017-04-01,2018-03-31,1
2017-05-09,46170,2017-03-31,,33911000000,-0.094,,,,,1072000000,0.306,3521000000,-0.105,2899000000,,-0.091,44.17,,,,,,72120000000,45954000000,0.637,701.56,45954000000,,,,,18.00,,,,69068822,3565050,65647425,false,false,12,2016-04-01,2017-03-31,0
2017-05-09,46170,2016-03-31,,37450000000,0.047,,,,,821000000,,3934000000,0.459,3189000000,,0.504,48.18,,,,,,70887000000,44585000000,0.629,673.46,44585000000,,,,,16.00,,,,69068822,2865271,66207725,false,false,12,2015-04-01,2016-03-31,-1
2017-05-09,46170,2018-03-31,,,,,,,,,,,,,,,,,,,,,,,,,,,,,,18.00,,,,,,,false,true,12,2017-04-01,2018-03-31,1
2017-08-01,46170,2018-03-31,1,19094000000,-0.052,,,,,1094000000,-0.126,1194000000,-0.044,,683000000,,10.43,,,,,,121722000000,77563000000,0.590,1096.93,71853000000,,,,,,,,,,,,true,false,3,2017-04-01,2017-06-30,0
2017-08-01,46170,2017-03-31,1,20149000000,-0.280,,,,,1251000000,-0.421,1249000000,-0.507,,565000000,,8.57,,,,,,,,,,,,,,,,,,,,,,true,false,3,2016-04-01,2016-06-30,-1
2017-08-01,46170,2018-03-31,1,42000000000,-0.001,,,,,2800000000,-0.015,3000000000,0.066,,1750000000,,26.72,,,,,,,,,,,,,,,,,,,,,,true,true,6,2017-04-01,2017-09-30,0
2017-08-01,46170,2018-03-31,1,85000000000,0.032,,,,,5700000000,0.042,6300000000,0.037,,3800000000,,58.01,,,,,,,,,,,,,,,,,,,,,,true,true,12,2017-04-01,2018-03-31,0
2017-08-01,46170,2017-03-31,1,,,,,,,,,,,,,,,,,,,,122058000000,78169000000,0.594,1107.57,72550000000,,,,,,,,,,,,true,false,12,2016-04-01,2017-03-31,-1
2017-08-01,46170,2017-03-31,1,,,,,,,,,,,,,,,,,,,,,,,,,,,,,18.00,,,,69068822,3565050,,false,false,12,2016-04-01,2017-03-31,-1
2017-08-01,46170,2018-03-31,1,,,,,,,,,,,,,,,,,,,,,,,,,,,,,18.00,,,,,,,false,true,12,2017-04-01,2018-03-31,0
2017-08-01,46170,2018-03-31,1,,,,,,,,,,,,,,,,,,,,,,,,,,,,,,,,,69068822,3565050,65503772,false,false,3,2017-04-01,2017-06-30,0
2017-08-01,46170,2017-03-31,1,,,,,,,,,,,,,,,,,,,,,,,,,,,,,,,,,,,65969984,false,false,3,2016-04-01,2016-06-30,-1
2017-10-31,46170,2018-03-31,2,39855000000,-0.052,,,,,2285000000,-0.196,2465000000,-0.124,,1467000000,,22.41,,,,,,123511000000,79030000000,0.593,1117.89,73226000000,,,,,,,,,,,,true,false,6,2017-04-01,2017-09-30,0
2017-10-31,46170,2017-03-31,2,42039000000,-0.294,,,,,2842000000,-0.435,2813000000,-0.496,,1489000000,,22.65,,,,,,,,,,,,,,,,,,,,,,true,false,6,2016-04-01,2016-09-30,-1
2017-10-31,46170,2018-03-31,2,80000000000,-0.029,,,,,4100000000,-0.251,4300000000,-0.292,,2500000000,,38.17,,,,,,,,,,,,,,,,,,,,,,true,true,12,2017-04-01,2018-03-31,0
2017-10-31,46170,2017-03-31,2,,,,,,,,,,,,,,,,,,,,122058000000,78169000000,0.594,1107.57,72550000000,,,,,,,,,,,,true,false,12,2016-04-01,2017-03-31,-1
2017-10-31,46170,2017-03-31,2,,,,,,,,,,,,,,,,,,,,,,,,,,,,,18.00,,,,69068822,3565050,,false,false,12,2016-04-01,2017-03-31,-1
2017-10-31,46170,2018-03-31,2,,,,,,,,,,,,,,,,,,,,,,,,,,,,,9.00,,,,,,,false,false,12,2017-04-01,2018-03-31,0
2017-10-31,46170,2018-03-31,2,,,,,,,,,,,,,,,,,,,,,,,,,,,,,18.00,,,,,,,false,true,12,2017-04-01,2018-03-31,0
2017-10-31,46170,2018-03-31,2,,,,,,,,,,,,,,,,,,,,,,,,,,,,,,,,,69068822,3565210,65503740,false,false,6,2017-04-01,2017-09-30,0
2017-10-31,46170,2017-03-31,2,,,,,,,,,,,,,,,,,,,,,,,,,,,,,,,,,,,65770523,false,false,6,2016-04-01,2016-09-30,-1
2018-01-31,46170,2018-03-31,3,61342000000,-0.012,,,,,3429000000,-0.199,3707000000,-0.177,,2280000000,,34.81,,,,,,124357000000,80537000000,0.602,1142.13,74813000000,,,,,,,,,,,,true,false,9,2017-04-01,2017-12-31,0
2018-01-31,46170,2017-03-31,3,62077000000,-0.299,,,,,4283000000,-0.453,4504000000,-0.462,,2568000000,,39.10,,,,,,,,,,,,,,,,,,,,,,true,false,9,2016-04-01,2016-12-31,-1
2018-01-31,46170,2018-03-31,3,80000000000,-0.029,,,,,4100000000,-0.251,4300000000,-0.292,,2500000000,,38.17,,,,,,,,,,,,,,,,,,,,,,true,true,12,2017-04-01,2018-03-31,0
2018-01-31,46170,2017-03-31,3,,,,,,,,,,,,,,,,,,,,122058000000,78169000000,0.594,1107.57,72550000000,,,,,,,,,,,,true,false,12,2016-04-01,2017-03-31,-1
2018-01-31,46170,2017-03-31,3,,,,,,,,,,,,,,,,,,,,,,,,,,,,,18.00,,,,69068822,3565050,,false,false,12,2016-04-01,2017-03-31,-1
2018-01-31,46170,2018-03-31,3,,,,,,,,,,,,,,,,,,,,,,,,,,,,,9.00,,,,,,,false,false,12,2017-04-01,2018-03-31,0
2018-01-31,46170,2018-03-31,3,,,,,,,,,,,,,,,,,,,,,,,,,,,,,18.00,,,,,,,false,true,12,2017-04-01,2018-03-31,0
2018-01-31,46170,2018-03-31,3,,,,,,,,,,,,,,,,,,,,,,,,,,,,,,,,,69068822,3565300,65503686,false,false,9,2017-04-01,2017-12-31,0
2018-01-31,46170,2017-03-31,3,,,,,,,,,,,,,,,,,,,,,,,,,,,,,,,,,,,65690521,false,false,9,2016-04-01,2016-12-31,-1
2018-05-08,46170,2018-03-31,,82980000000,0.007,,,,,3761000000,-0.312,3912000000,-0.356,,2447000000,,37.36,,0.033,0.032,0.045,,126047000000,81094000000,0.596,1146.84,75121000000,-629000000,-1049000000,-1388000000,25279000000,,0.749,,,,,,true,false,12,2017-04-01,2018-03-31,0
2018-05-08,46170,2017-03-31,,82368000000,-0.284,,,,,5471000000,-0.454,6076000000,-0.417,,3643000000,,55.50,,0.050,0.049,0.066,,122058000000,78169000000,0.594,1107.57,72550000000,10750000000,-5448000000,-2737000000,28403000000,,0.324,,,,,,true,false,12,2016-04-01,2017-03-31,-1
2018-05-08,46170,2019-03-31,,40000000000,0.004,,,,,1000000000,-0.562,1200000000,-0.513,,700000000,,10.69,,,,,,,,,,,,,,,,,,,,,,true,true,6,2018-04-01,2018-09-30,1
2018-05-08,46170,2019-03-31,,83000000000,0.000,,,,,3000000000,-0.203,3300000000,-0.157,,2000000000,,30.53,,,,,,,,,,,,,,,,1.114,,,,,,true,true,12,2018-04-01,2019-03-31,1
2018-05-08,46170,2018-03-31,,33519000000,-0.012,,,,,-745000000,,1651000000,-0.531,1484000000,,-0.488,22.67,,,,,,71703000000,45908000000,0.640,700.86,45908000000,,,,,28.00,,,,69068822,3565403,65503640,false,false,12,2017-04-01,2018-03-31,0
2018-05-08,46170,2017-03-31,,33911000000,-0.094,,,,,1072000000,0.306,3521000000,-0.105,2899000000,,-0.091,44.17,,,,,,72120000000,45954000000,0.637,701.56,45954000000,,,,,18.00,,,,69068822,3565050,65647425,false,false,12,2016-04-01,2017-03-31,-1
2018-05-08,46170,2019-03-31,,,,,,,,,,,,,,,,,,,,,,,,,,,,,,34.00,,,,,,,false,true,12,2018-04-01,2019-03-31,1
2018-07-31,46170,2019-03-31,1,20562000000,0.077,,,,,-67000000,,-95000000,,,-286000000,,-4.41,,,,,,119502000000,75947000000,0.588,1097.96,70247000000,,,,,,,,,,,,true,false,3,2018-04-01,2018-06-30,0
2018-07-31,46170,2018-03-31,1,19094000000,-0.052,,,,,1094000000,-0.126,1194000000,-0.044,,683000000,,10.43,,,,,,,,,,,,,,,,,,,,,,true,false,3,2017-04-01,2017-06-30,-1
2018-07-31,46170,2019-03-31,1,43000000000,0.079,,,,,-300000000,,-200000000,,,-350000000,,-5.39,,,,,,,,,,,,,,,,,,,,,,true,true,6,2018-04-01,2018-09-30,0
2018-07-31,46170,2019-03-31,1,88000000000,0.060,,,,,200000000,-0.947,300000000,-0.923,,100000000,,1.54,,,,,,,,,,,,,,,,,,,,,,true,true,12,2018-04-01,2019-03-31,0
2018-07-31,46170,2018-03-31,1,,,,,,,,,,,,,,,,,,,,125769000000,81094000000,0.597,1146.84,75121000000,,,,,,,,,,,,true,false,12,2017-04-01,2018-03-31,-1
2018-07-31,46170,2018-03-31,1,,,,,,,,,,,,,,,,,,,,,,,,,,,,,28.00,,,,69068822,3565403,,false,false,12,2017-04-01,2018-03-31,-1
2018-07-31,46170,2019-03-31,1,,,,,,,,,,,,,,,,,,,,,,,,,,,,,34.00,,,,,,,false,true,12,2018-04-01,2019-03-31,0
2018-07-31,46170,2019-03-31,1,,,,,,,,,,,,,,,,,,,,,,,,,,,,,,,,,69068822,5089107,64989332,false,false,3,2018-04-01,2018-06-30,0
2018-07-31,46170,2018-03-31,1,,,,,,,,,,,,,,,,,,,,,,,,,,,,,,,,,,,65503772,false,false,3,2017-04-01,2017-06-30,-1
2018-10-30,46170,2019-03-31,,43170000000,0.004,,,,,-237000000,,-64000000,,,-505000000,,-7.90,,,,,,,,,,,,,,,,,,,,,,true,true,6,2018-04-01,2018-09-30,0
2018-10-30,46170,2018-03-31,,39855000000,,,,,,2285000000,,2465000000,,,1467000000,,22.41,,,,,,,,,,,,,,,,,,,,,,true,false,6,2017-04-01,2017-09-30,-1
2018-10-30,46170,2019-03-31,,88000000000,0.000,,,,,-500000000,,-200000000,,,-500000000,,-7.81,,,,,,,,,,,,,,,,,,,,,,true,true,12,2018-04-01,2019-03-31,0
2018-10-30,46170,2018-03-31,,82980000000,,,,,,3761000000,,3912000000,,,2447000000,,37.36,,,,,,,,,,,,,,,,,,,,,,true,false,12,2017-04-01,2018-03-31,-1
2018-10-31,46170,2019-03-31,2,43170000000,0.083,,,,,-237000000,,-64000000,,,-505000000,,-7.90,,,,,,118108000000,73942000000,0.579,1100.63,68368000000,,,,,,,,,,,,true,false,6,2018-04-01,2018-09-30,0
2018-10-31,46170,2018-03-31,2,39855000000,-0.052,,,,,2285000000,-0.196,2465000000,-0.124,,1467000000,,22.41,,,,,,,,,,,,,,,,,,,,,,true,false,6,2017-04-01,2017-09-30,-1
2018-10-31,46170,2019-03-31,2,88000000000,0.060,,,,,-500000000,,-200000000,,,-500000000,,-7.81,,,,,,,,,,,,,,,,,,,,,,true,true,12,2018-04-01,2019-03-31,0
2018-10-31,46170,2018-03-31,2,,,,,,,,,,,,,,,,,,,,125769000000,81094000000,0.597,1146.84,75121000000,,,,,,,,,,,,true,false,12,2017-04-01,2018-03-31,-1
2018-10-31,46170,2018-03-31,2,,,,,,,,,,,,,,,,,,,,,,,,,,,,,28.00,,,,69068822,3565403,,false,false,12,2017-04-01,2018-03-31,-1
2018-10-31,46170,2019-03-31,2,,,,,,,,,,,,,,,,,,,,,,,,,,,,,17.00,,,,,,,false,false,12,2018-04-01,2019-03-31,0
2018-10-31,46170,2019-03-31,2,,,,,,,,,,,,,,,,,,,,,,,,,,,,,34.00,,,,,,,false,true,12,2018-04-01,2019-03-31,0
2018-10-31,46170,2019-03-31,2,,,,,,,,,,,,,,,,,,,,,,,,,,,,,,,,,69068822,6951536,64013255,false,false,6,2018-04-01,2018-09-30,0
2018-10-31,46170,2018-03-31,2,,,,,,,,,,,,,,,,,,,,,,,,,,,,,,,,,,,65503740,false,false,6,2017-04-01,2017-09-30,-1
2019-01-31,46170,2019-03-31,3,66659000000,0.087,,,,,-42000000,,242000000,-0.934,,-497000000,,-7.89,,,,,,117672000000,70842000000,0.556,1078.04,65438000000,,,,,,,,,,,,true,false,9,2018-04-01,2018-12-31,0
2019-01-31,46170,2018-03-31,3,61342000000,-0.012,,,,,3429000000,-0.199,3707000000,-0.177,,2280000000,,34.81,,,,,,,,,,,,,,,,,,,,,,true,false,9,2017-04-01,2017-12-31,-1
2019-01-31,46170,2019-03-31,3,88000000000,0.060,,,,,-500000000,,-200000000,,,-500000000,,-7.93,,,,,,,,,,,,,,,,,,,,,,true,true,12,2018-04-01,2019-03-31,0
2019-01-31,46170,2018-03-31,3,,,,,,,,,,,,,,,,,,,,125769000000,81094000000,0.597,1146.84,75121000000,,,,,,,,,,,,true,false,12,2017-04-01,2018-03-31,-1
2019-01-31,46170,2018-03-31,3,,,,,,,,,,,,,,,,,,,,,,,,,,,,,28.00,,,,69068822,3565403,,false,false,12,2017-04-01,2018-03-31,-1
2019-01-31,46170,2019-03-31,3,,,,,,,,,,,,,,,,,,,,,,,,,,,,,17.00,,,,,,,false,false,12,2018-04-01,2019-03-31,0
2019-01-31,46170,2019-03-31,3,,,,,,,,,,,,,,,,,,,,,,,,,,,,,34.00,,,,,,,false,true,12,2018-04-01,2019-03-31,0
2019-01-31,46170,2019-03-31,3,,,,,,,,,,,,,,,,,,,,,,,,,,,,,,,,,69068822,8367936,63078545,false,false,9,2018-04-01,2018-12-31,0
2019-01-31,46170,2018-03-31,3,,,,,,,,,,,,,,,,,,,,,,,,,,,,,,,,,,,65503686,false,false,9,2017-04-01,2017-12-31,-1
2019-05-09,46170,2019-03-31,,88452000000,0.066,,,,,-588000000,,-170000000,,,-710000000,,-11.36,,-0.010,-0.001,-0.007,,113851000000,68514000000,0.557,1043.96,63369000000,3135000000,-186000000,-6754000000,20799000000,,,,,,,,true,false,12,2018-04-01,2019-03-31,0
2019-05-09,46170,2018-03-31,,82980000000,0.007,,,,,3761000000,-0.312,3912000000,-0.356,,2447000000,,37.36,,0.033,0.032,0.045,,125769000000,81094000000,0.597,1146.84,75121000000,-629000000,-1049000000,-1388000000,25279000000,,0.749,,,,,,true,false,12,2017-04-01,2018-03-31,-1
2019-05-09,46170,2020-03-31,,90000000000,0.017,,,,,1500000000,,1700000000,,,1000000000,,16.47,,,,,,,,,,,,,,,,2.064,,,,,,true,true,12,2019-04-01,2020-03-31,1
2019-05-09,46170,2019-03-31,,34271000000,0.022,,,,,-1036000000,,1127000000,-0.318,1577000000,,0.063,25.23,,,,,,63783000000,38616000000,0.605,636.18,38616000000,,,,,34.00,,,,69068822,8367936,62529854,false,false,12,2018-04-01,2019-03-31,0
2019-05-09,46170,2018-03-31,,33519000000,-0.012,,,,,-745000000,,1651000000,-0.531,1484000000,,-0.488,22.67,,,,,,71468000000,45908000000,0.642,700.86,45908000000,,,,,28.00,,,,69068822,3565403,65503640,false,false,12,2017-04-01,2018-03-31,-1
2019-05-09,46170,2020-03-31,,,,,,,,,,,,,,,,,,,,,,,,,,,,,,34.00,,,,,,,false,true,12,2019-04-01,2020-03-31,1
2019-07-31,46170,2020-03-31,1,20996000000,0.021,,,,,288000000,,399000000,,,55000000,,0.92,,,,,,111573000000,66664000000,0.555,1027.54,61911000000,,,,,,,,,,,,true,false,3,2019-04-01,2019-06-30,0
2019-07-31,46170,2019-03-31,1,20562000000,0.077,,,,,-67000000,,-95000000,,,-286000000,,-4.41,,,,,,,,,,,,,,,,,,,,,,true,false,3,2018-04-01,2018-06-30,-1
2019-07-31,46170,2020-03-31,1,90000000000,0.017,,,,,1500000000,,1700000000,,,1000000000,,16.52,,,,,,,,,,,,,,,,,,,,,,true,true,12,2019-04-01,2020-03-31,0
2019-07-31,46170,2019-03-31,1,,,,,,,,,,,,,,,,,,,,113851000000,68514000000,0.557,1043.96,63369000000,,,,,,,,,,,,true,false,12,2018-04-01,2019-03-31,-1
2019-07-31,46170,2019-03-31,1,,,,,,,,,,,,,,,,,,,,,,,,,,,,,34.00,,,,69068822,8367936,,false,false,12,2018-04-01,2019-03-31,-1
2019-07-31,46170,2020-03-31,1,,,,,,,,,,,,,,,,,,,,,,,,,,,,,34.00,,,,,,,false,true,12,2019-04-01,2020-03-31,0
2019-07-31,46170,2020-03-31,1,,,,,,,,,,,,,,,,,,,,,,,,,,,,,,,,,69068822,8816736,60541486,false,false,3,2019-04-01,2019-06-30,0
2019-07-31,46170,2019-03-31,1,,,,,,,,,,,,,,,,,,,,,,,,,,,,,,,,,,,64989332,false,false,3,2018-04-01,2018-06-30,-1
2019-10-31,46170,2020-03-31,2,44455000000,0.030,,,,,1509000000,,1760000000,,,943000000,,15.68,,,,,,110455000000,65468000000,0.549,1022.97,60688000000,,,,,,,,,,,,true,false,6,2019-04-01,2019-09-30,0
2019-10-31,46170,2019-03-31,2,43170000000,0.083,,,,,-237000000,,-64000000,,,-505000000,,-7.90,,,,,,,,,,,,,,,,,,,,,,true,false,6,2018-04-01,2018-09-30,-1
2019-10-31,46170,2020-03-31,2,89000000000,0.006,,,,,3000000000,,3400000000,,,1800000000,,29.93,,,,,,,,,,,,,,,,,,,,,,true,true,12,2019-04-01,2020-03-31,0
2019-10-31,46170,2019-03-31,2,,,,,,,,,,,,,,,,,,,,113851000000,68514000000,0.557,1043.96,63369000000,,,,,,,,,,,,true,false,12,2018-04-01,2019-03-31,-1
2019-10-31,46170,2019-03-31,2,,,,,,,,,,,,,,,,,,,,,,,,,,,,,34.00,,,,69068822,8367936,,false,false,12,2018-04-01,2019-03-31,-1
2019-10-31,46170,2020-03-31,2,,,,,,,,,,,,,,,,,,,,,,,,,,,,,17.00,,,,,,,false,false,12,2019-04-01,2020-03-31,0
2019-10-31,46170,2020-03-31,2,,,,,,,,,,,,,,,,,,,,,,,,,,,,,34.00,,,,,,,false,true,12,2019-04-01,2020-03-31,0
2019-10-31,46170,2020-03-31,2,,,,,,,,,,,,,,,,,,,,,,,,,,,,,,,,,69068822,9742765,60148535,false,false,6,2019-04-01,2019-09-30,0
2019-10-31,46170,2019-03-31,2,,,,,,,,,,,,,,,,,,,,,,,,,,,,,,,,,,,64013255,false,false,6,2018-04-01,2018-09-30,-1
2019-10-31,46170,2020-03-31,,89000000000,-0.011,,,,,3000000000,1.000,3400000000,1.000,,1800000000,,29.93,,,,,,,,,,,,,,,,,,,,,,true,true,12,2019-04-01,2020-03-31,0
2019-10-31,46170,2019-03-31,,88452000000,,,,,,-588000000,,-170000000,,,-710000000,,-11.36,,,,,,,,,,,,,,,,,,,,,,true,false,12,2018-04-01,2019-03-31,-1
2020-01-31,46170,2020-03-31,3,65470000000,-0.018,,,,,2432000000,,3069000000,,,1733000000,,28.99,,,,,,108815000000,63985000000,0.545,1009.18,59284000000,,,,,,,,,,,,true,false,9,2019-04-01,2019-12-31,0
2020-01-31,46170,2019-03-31,3,66659000000,0.087,,,,,-42000000,,242000000,-0.934,,-497000000,,-7.89,,,,,,,,,,,,,,,,,,,,,,true,false,9,2018-04-01,2018-12-31,-1
2020-01-31,46170,2020-03-31,3,88000000000,-0.005,,,,,3300000000,,4000000000,,,2200000000,,36.80,,,,,,,,,,,,,,,,,,,,,,true,true,12,2019-04-01,2020-03-31,0
2020-01-31,46170,2019-03-31,3,,,,,,,,,,,,,,,,,,,,113851000000,68514000000,0.557,1043.96,63369000000,,,,,,,,,,,,true,false,12,2018-04-01,2019-03-31,-1
2020-01-31,46170,2019-03-31,3,,,,,,,,,,,,,,,,,,,,,,,,,,,,,34.00,,,,69068822,8367936,,false,false,12,2018-04-01,2019-03-31,-1
2020-01-31,46170,2020-03-31,3,,,,,,,,,,,,,,,,,,,,,,,,,,,,,17.00,,,,,,,false,false,12,2019-04-01,2020-03-31,0
2020-01-31,46170,2020-03-31,3,,,,,,,,,,,,,,,,,,,,,,,,,,,,,34.00,,,,,,,false,true,12,2019-04-01,2020-03-31,0
2020-01-31,46170,2020-03-31,3,,,,,,,,,,,,,,,,,,,,,,,,,,,,,,,,,69068822,10323795,59781232,false,false,9,2019-04-01,2019-12-31,0
2020-01-31,46170,2019-03-31,3,,,,,,,,,,,,,,,,,,,,,,,,,,,,,,,,,,,63078545,false,false,9,2018-04-01,2018-12-31,-1
2020-01-31,46170,2020-03-31,,88000000000,-0.011,,,,,3300000000,0.100,4000000000,0.176,,2200000000,,36.80,,,,,,,,,,,,,,,,,,,,,,true,true,12,2019-04-01,2020-03-31,0
2020-01-31,46170,2019-03-31,,88452000000,,,,,,-588000000,,-170000000,,,-710000000,,-11.36,,,,,,,,,,,,,,,,,,,,,,true,false,12,2018-04-01,2019-03-31,-1
2020-05-11,46170,2020-03-31,,87729000000,-0.008,,,,,3498000000,,4065000000,,,-71000000,,-1.20,,-0.001,0.037,0.040,,106069000000,62986000000,0.548,999.17,58168000000,4612000000,2237000000,-5950000000,21479000000,,,,,,,,true,false,12,2019-04-01,2020-03-31,0
2020-05-11,46170,2019-03-31,,88452000000,0.066,,,,,-588000000,,-170000000,,,-710000000,,-11.36,,-0.010,-0.001,-0.007,,113851000000,68514000000,0.557,1043.96,63369000000,3135000000,-186000000,-6754000000,20799000000,,,,,,,,true,false,12,2018-04-01,2019-03-31,-1
2020-05-11,46170,2021-03-31,,80000000000,-0.088,,,,,3000000000,-0.143,3200000000,-0.213,,1900000000,,32.64,,,,,,,,,,,,,,,,,,,,,,true,true,12,2020-04-01,2021-03-31,1
2020-05-11,46170,2021-03-31,,82000000000,-0.065,,,,,5000000000,0.429,5200000000,0.279,,3100000000,,53.25,,,,,,,,,,,,,,,,,,,,,,true,true,12,2020-04-01,2021-03-31,1
2020-05-11,46170,2020-03-31,,34170000000,-0.003,,,,,10000000,,2754000000,1.443,1577000000,,0.000,26.54,,,,,,60454000000,35774000000,0.592,614.50,35774000000,,,,,34.00,,,,69068822,10851745,59460219,false,false,12,2019-04-01,2020-03-31,0
2020-05-11,46170,2019-03-31,,34271000000,0.022,,,,,-1036000000,,1127000000,-0.318,1577000000,,0.063,25.23,,,,,,63783000000,38616000000,0.605,636.18,38616000000,,,,,34.00,,,,69068822,8367936,62529854,false,false,12,2018-04-01,2019-03-31,-1
2020-05-11,46170,2021-03-31,,,,,,,,,,,,,,,,,,,,,,,,,,,,,,34.00,,,,,,,false,true,12,2020-04-01,2021-03-31,1
2020-07-31,46170,2021-03-31,1,19405000000,-0.076,,,,,1608000000,4.578,1835000000,3.595,,1033000000,,17.76,,,,,,103030000000,61841000000,0.555,981.61,57146000000,,,,,,,,,,,,true,false,3,2020-04-01,2020-06-30,0
2020-07-31,46170,2020-03-31,1,20996000000,0.021,,,,,288000000,,399000000,,,55000000,,0.92,,,,,,,,,,,,,,,,,,,,,,true,false,3,2019-04-01,2019-06-30,-1
2020-07-31,46170,2021-03-31,1,80000000000,-0.088,,,,,5000000000,0.429,5200000000,0.279,,3100000000,,53.25,,,,,,,,,,,,,,,,,,,,,,true,true,12,2020-04-01,2021-03-31,0
2020-07-31,46170,2020-03-31,1,,,,,,,,,,,,,,,,,,,,106069000000,62986000000,0.548,999.17,58168000000,,,,,,,,,,,,true,false,12,2019-04-01,2020-03-31,-1
2020-07-31,46170,2020-03-31,1,,,,,,,,,,,,,,,,,,,,,,,,,,,,,34.00,,,,69068822,10851745,,false,false,12,2019-04-01,2020-03-31,-1
2020-07-31,46170,2021-03-31,1,,,,,,,,,,,,,,,,,,,,,,,,,,,,,34.00,,,,,,,false,true,12,2020-04-01,2021-03-31,0
2020-07-31,46170,2021-03-31,1,,,,,,,,,,,,,,,,,,,,,,,,,,,,,,,,,69068822,10851745,58217077,false,false,3,2020-04-01,2020-06-30,0
2020-07-31,46170,2020-03-31,1,,,,,,,,,,,,,,,,,,,,,,,,,,,,,,,,,,,60541486,false,false,3,2019-04-01,2019-06-30,-1
2020-07-31,46170,2021-03-31,,80000000000,-0.024,,,,,3000000000,0.000,3200000000,0.000,,1900000000,,32.64,,,,,,,,,,,,,,,,,,,,,,true,true,12,2020-04-01,2021-03-31,0
2020-07-31,46170,2021-03-31,,82000000000,0.000,,,,,5000000000,0.667,5200000000,0.625,,3100000000,,53.25,,,,,,,,,,,,,,,,,,,,,,true,true,12,2020-04-01,2021-03-31,0
2020-07-31,46170,2021-03-31,,80000000000,,,,,,5000000000,,5200000000,,,3100000000,,53.25,,,,,,,,,,,,,,,,,,,,,,true,true,12,2020-04-01,2021-03-31,0
2020-07-31,46170,2020-03-31,,87729000000,,,,,,3498000000,,4065000000,,,-71000000,,-1.20,,,,,,,,,,,,,,,,,,,,,,true,false,12,2019-04-01,2020-03-31,-1
2020-10-30,46170,2021-03-31,2,39857000000,-0.103,,,,,3283000000,1.175,3451000000,0.960,,2131000000,,36.71,,,,,,103914000000,63002000000,0.558,1007.15,57947000000,,,,,,,,,,,,true,false,6,2020-04-01,2020-09-30,0
2020-10-30,46170,2020-03-31,2,44455000000,0.030,,,,,1509000000,,1760000000,,,943000000,,15.68,,,,,,,,,,,,,,,,,,,,,,true,false,6,2019-04-01,2019-09-30,-1
2020-10-30,46170,2021-03-31,2,80000000000,-0.088,,,,,6000000000,0.715,6200000000,0.525,,3500000000,,60.27,,,,,,,,,,,,,,,,,,,,,,true,true,12,2020-04-01,2021-03-31,0
2020-10-30,46170,2020-03-31,2,,,,,,,,,,,,,,,,,,,,106069000000,62986000000,0.548,999.17,58168000000,,,,,,,,,,,,true,false,12,2019-04-01,2020-03-31,-1
2020-10-30,46170,2020-03-31,2,,,,,,,,,,,,,,,,,,,,,,,,,,,,,34.00,,,,69068822,10851745,,false,false,12,2019-04-01,2020-03-31,-1
2020-10-30,46170,2021-03-31,2,,,,,,,,,,,,,,,,,,,,,,,,,,,,,17.00,,,,,,,false,false,12,2020-04-01,2021-03-31,0
2020-10-30,46170,2021-03-31,2,,,,,,,,,,,,,,,,,,,,,,,,,,,,,34.00,,,,,,,false,true,12,2020-04-01,2021-03-31,0
2020-10-30,46170,2021-03-31,2,,,,,,,,,,,,,,,,,,,,,,,,,,,,,,,,,69068822,11532145,58072791,false,false,6,2020-04-01,2020-09-30,0
2020-10-30,46170,2020-03-31,2,,,,,,,,,,,,,,,,,,,,,,,,,,,,,,,,,,,60148535,false,false,6,2019-04-01,2019-09-30,-1
2020-10-30,46170,2021-03-31,,80000000000,0.000,,,,,6000000000,0.200,6200000000,0.192,,3500000000,,60.27,,,,,,,,,,,,,,,,,,,,,,true,true,12,2020-04-01,2021-03-31,0
2020-10-30,46170,2020-03-31,,87729000000,,,,,,3498000000,,4065000000,,,-71000000,,-1.20,,,,,,,,,,,,,,,,,,,,,,true,false,12,2019-04-01,2020-03-31,-1
2021-01-29,46170,2021-03-31,3,61260000000,-0.064,,,,,5310000000,1.183,5346000000,0.742,,3446000000,,59.94,,,,,,106506000000,62749000000,0.543,1047.09,57869000000,,,,,,,,,,,,true,false,9,2020-04-01,2020-12-31,0
2021-01-29,46170,2020-03-31,3,65470000000,-0.018,,,,,2432000000,,3069000000,,,1733000000,,28.99,,,,,,,,,,,,,,,,,,,,,,true,false,9,2019-04-01,2019-12-31,-1
2021-01-29,46170,2021-03-31,3,80000000000,-0.088,,,,,6000000000,0.715,6200000000,0.525,,3500000000,,60.87,,,,,,,,,,,,,,,,,,,,,,true,true,12,2020-04-01,2021-03-31,0
2021-01-29,46170,2020-03-31,3,,,,,,,,,,,,,,,,,,,,106069000000,62986000000,0.548,999.17,58168000000,,,,,,,,,,,,true,false,12,2019-04-01,2020-03-31,-1
2021-01-29,46170,2020-03-31,3,,,,,,,,,,,,,,,,,,,,,,,,,,,,,34.00,,,,69068822,10851745,,false,false,12,2019-04-01,2020-03-31,-1
2021-01-29,46170,2021-03-31,3,,,,,,,,,,,,,,,,,,,,,,,,,,,,,17.00,,,,,,,false,false,12,2020-04-01,2021-03-31,0
2021-01-29,46170,2021-03-31,3,,,,,,,,,,,,,,,,,,,,,,,,,,,,,34.00,,,,,,,false,true,12,2020-04-01,2021-03-31,0
2021-01-29,46170,2021-03-31,3,,,,,,,,,,,,,,,,,,,,,,,,,,,,,,,,,69068822,13801845,57496517,false,false,9,2020-04-01,2020-12-31,0
2021-01-29,46170,2020-03-31,3,,,,,,,,,,,,,,,,,,,,,,,,,,,,,,,,,,,59781232,false,false,9,2019-04-01,2019-12-31,-1
2021-05-11,46170,2021-03-31,,82442000000,-0.060,,,,,6560000000,0.875,6430000000,0.582,,3329000000,,58.58,,0.057,0.061,0.080,,105164000000,63106000000,0.553,1063.42,58105000000,7129000000,867000000,-7009000000,21920000000,,0.580,,,,,,true,false,12,2020-04-01,2021-03-31,0
2021-05-11,46170,2020-03-31,,87729000000,-0.008,,,,,3498000000,,4065000000,,,-71000000,,-1.20,,-0.001,0.037,0.040,,106069000000,62986000000,0.548,999.17,58168000000,4612000000,2237000000,-5950000000,21479000000,,,,,,,,true,false,12,2019-04-01,2020-03-31,-1
2021-05-11,46170,2022-03-31,,80000000000,-0.030,,,,,3000000000,-0.543,3300000000,-0.487,,2100000000,,38.43,,,,,,,,,,,,,,,,0.911,,,,,,true,true,12,2021-04-01,2022-03-31,1
2021-05-11,46170,2021-03-31,,32434000000,-0.051,,,,,608000000,,7930000000,1.879,7339000000,,3.651,129.14,,,,,,64541000000,39914000000,0.618,730.51,39914000000,,,,,34.00,,,,69068822,14428845,56837315,false,false,12,2020-04-01,2021-03-31,0
2021-05-11,46170,2020-03-31,,34170000000,-0.003,,,,,10000000,,2754000000,1.443,1577000000,,0.000,26.54,,,,,,60454000000,35774000000,0.592,614.50,35774000000,,,,,34.00,,,,69068822,10851745,59460219,false,false,12,2019-04-01,2020-03-31,-1
2021-05-11,46170,2022-03-31,,,,,,,,,,,,,,,,,,,,,,,,,,,,,,35.00,,,,,,,false,true,12,2021-04-01,2022-03-31,1
2021-07-30,46170,2022-03-31,1,19506000000,0.005,,,,,831000000,-0.483,1082000000,-0.410,,835000000,,15.54,,,,,,106001000000,62867000000,0.544,1092.97,57641000000,,,,,,,,,,,,true,false,3,2021-04-01,2021-06-30,0
2021-07-30,46170,2021-03-31,1,19405000000,-0.076,,,,,1608000000,4.578,1835000000,3.595,,1033000000,,17.76,,,,,,,,,,,,,,,,,,,,,,true,false,3,2020-04-01,2020-06-30,-1
2021-07-30,46170,2022-03-31,1,80000000000,-0.030,,,,,3000000000,-0.543,3300000000,-0.487,,2100000000,,39.07,,,,,,,,,,,,,,,,,,,,,,true,true,12,2021-04-01,2022-03-31,0
2021-07-30,46170,2021-03-31,1,,,,,,,,,,,,,,,,,,,,105164000000,63106000000,0.553,1063.42,58105000000,,,,,,,,,,,,true,false,12,2020-04-01,2021-03-31,-1
2021-07-30,46170,2021-03-31,1,,,,,,,,,,,,,,,,,,,,,,,,,,,,,34.00,,,,69068822,14428845,,false,false,12,2020-04-01,2021-03-31,-1
2021-07-30,46170,2022-03-31,1,,,,,,,,,,,,,,,,,,,,,,,,,,,,,35.00,,,,,,,false,true,12,2021-04-01,2022-03-31,0
2021-07-30,46170,2022-03-31,1,,,,,,,,,,,,,,,,,,,,,,,,,,,,,,,,,69068822,16330872,53746307,false,false,3,2021-04-01,2021-06-30,0
2021-07-30,46170,2021-03-31,1,,,,,,,,,,,,,,,,,,,,,,,,,,,,,,,,,,,58217077,false,false,3,2020-04-01,2020-06-30,-1
2021-10-29,46170,2022-03-31,2,40969000000,0.028,,,,,1124000000,-0.658,1368000000,-0.604,,975000000,,18.37,,,,,,105390000000,62516000000,0.544,1101.33,57374000000,,,,,,,,,,,,true,false,6,2021-04-01,2021-09-30,0
2021-10-29,46170,2021-03-31,2,39857000000,-0.103,,,,,3283000000,1.175,3451000000,0.960,,2131000000,,36.71,,,,,,,,,,,,,,,,,,,,,,true,false,6,2020-04-01,2020-09-30,-1
2021-10-29,46170,2022-03-31,2,83000000000,0.007,,,,,1500000000,-0.771,1700000000,-0.736,,1100000000,,20.70,,,,,,,,,,,,,,,,,,,,,,true,true,12,2021-04-01,2022-03-31,0
2021-10-29,46170,2021-03-31,2,,,,,,,,,,,,,,,,,,,,105164000000,63106000000,0.553,1063.42,58105000000,,,,,,,,,,,,true,false,12,2020-04-01,2021-03-31,-1
2021-10-29,46170,2021-03-31,2,,,,,,,,,,,,,,,,,,,,,,,,,,,,,34.00,,,,69068822,14428845,,false,false,12,2020-04-01,2021-03-31,-1
2021-10-29,46170,2022-03-31,2,,,,,,,,,,,,,,,,,,,,,,,,,,,,,17.00,,,,,,,false,false,12,2021-04-01,2022-03-31,0
2021-10-29,46170,2022-03-31,2,,,,,,,,,,,,,,,,,,,,,,,,,,,,,35.00,,,,,,,false,true,12,2021-04-01,2022-03-31,0
2021-10-29,46170,2022-03-31,2,,,,,,,,,,,,,,,,,,,,,,,,,,,,,,,,,62000000,9904350,53134868,false,false,6,2021-04-01,2021-09-30,0
2021-10-29,46170,2021-03-31,2,,,,,,,,,,,,,,,,,,,,,,,,,,,,,,,,,,,58072791,false,false,6,2020-04-01,2020-09-30,-1
2021-10-29,46170,2022-03-31,,83000000000,0.038,,,,,1500000000,-0.500,1700000000,-0.485,,1100000000,,20.70,,,,,,,,,,,,,,,,,,,,,,true,true,12,2021-04-01,2022-03-31,0
2021-10-29,46170,2021-03-31,,82442000000,,,,,,6560000000,,6430000000,,,3329000000,,58.58,,,,,,,,,,,,,,,,,,,,,,true,false,12,2020-04-01,2021-03-31,-1
2021-05-11,46170,2021-03-31,,82442000000,-0.060,,,,,6506000000,0.891,6376000000,0.591,,3279000000,,57.69,,0.057,0.060,0.079,,105170000000,62315000000,0.546,1050.10,57377000000,7129000000,867000000,-7009000000,21920000000,,0.589,,,,,,true,false,12,2020-04-01,2021-03-31,0
2021-05-11,46170,2020-03-31,,87729000000,-0.008,,,,,3441000000,,4007000000,,,-124000000,,-2.09,,-0.002,0.036,0.039,,106074000000,62221000000,0.542,987.09,57465000000,4612000000,2237000000,-5950000000,21479000000,,,,,,,,true,false,12,2019-04-01,2020-03-31,-1
2021-05-11,46170,2022-03-31,,80000000000,-0.030,,,,,3000000000,-0.539,3300000000,-0.482,,2100000000,,38.43,,,,,,,,,,,,,,,,0.911,,,,,,true,true,12,2021-04-01,2022-03-31,1
2021-05-11,46170,2021-03-31,,32434000000,-0.051,,,,,608000000,,7930000000,1.879,7339000000,,3.651,129.14,,,,,,64541000000,39914000000,0.618,730.51,39914000000,,,,,34.00,,,,69068822,14428845,56837315,false,false,12,2020-04-01,2021-03-31,0
2021-05-11,46170,2020-03-31,,34170000000,-0.003,,,,,10000000,,2754000000,1.443,1577000000,,0.000,26.54,,,,,,60454000000,35774000000,0.592,614.50,35774000000,,,,,34.00,,,,69068822,10851745,59460219,false,false,12,2019-04-01,2020-03-31,-1
2021-05-11,46170,2022-03-31,,,,,,,,,,,,,,,,,,,,,,,,,,,,,,35.00,,,,,,,false,true,12,2021-04-01,2022-03-31,1
2021-07-30,46170,2022-03-31,1,19506000000,0.005,,,,,817000000,-0.488,1069000000,-0.414,,822000000,,15.31,,,,,,106007000000,62018000000,0.536,1078.16,56859000000,,,,,,,,,,,,true,false,3,2021-04-01,2021-06-30,0
2021-07-30,46170,2021-03-31,1,19405000000,-0.076,,,,,1597000000,4.804,1825000000,3.722,,1023000000,,17.57,,,,,,,,,,,,,,,,,,,,,,true,false,3,2020-04-01,2020-06-30,-1
2021-07-30,46170,2022-03-31,1,80000000000,-0.030,,,,,3000000000,-0.539,3300000000,-0.482,,2100000000,,39.07,,,,,,,,,,,,,,,,,,,,,,true,true,12,2021-04-01,2022-03-31,0
2021-07-30,46170,2021-03-31,1,,,,,,,,,,,,,,,,,,,,105170000000,62315000000,0.546,1050.10,57377000000,,,,,,,,,,,,true,false,12,2020-04-01,2021-03-31,-1
2021-07-30,46170,2021-03-31,1,,,,,,,,,,,,,,,,,,,,,,,,,,,,,34.00,,,,69068822,14428845,,false,false,12,2020-04-01,2021-03-31,-1
2021-07-30,46170,2022-03-31,1,,,,,,,,,,,,,,,,,,,,,,,,,,,,,35.00,,,,,,,false,true,12,2021-04-01,2022-03-31,0
2021-07-30,46170,2022-03-31,1,,,,,,,,,,,,,,,,,,,,,,,,,,,,,,,,,69068822,16330872,53746307,false,false,3,2021-04-01,2021-06-30,0
2021-07-30,46170,2021-03-31,1,,,,,,,,,,,,,,,,,,,,,,,,,,,,,,,,,,,58217077,false,false,3,2020-04-01,2020-06-30,-1
2021-10-29,4617,2022-03-31,2,40969000000,0.028,,,,,1092000000,-0.665,1336000000,-0.610,,946000000,,17.81,,,,,,105397000000,61638000000,0.537,1085.82,56566000000,,,,,,,,,,,,true,false,6,2021-04-01,2021-09-30,0
2021-10-29,4617,2021-03-31,2,39857000000,-0.103,,,,,3257000000,1.198,3425000000,0.977,,2107000000,,36.29,,,,,,,,,,,,,,,,,,,,,,true,false,6,2020-04-01,2020-09-30,-1
2021-10-29,4617,2022-03-31,2,83000000000,0.007,,,,,1500000000,-0.769,1700000000,-0.733,,1100000000,,20.70,,,,,,,,,,,,,,,,,,,,,,true,true,12,2021-04-01,2022-03-31,0
2021-10-29,4617,2021-03-31,2,,,,,,,,,,,,,,,,,,,,105170000000,62315000000,0.546,1050.10,57377000000,,,,,,,,,,,,true,false,12,2020-04-01,2021-03-31,-1
2021-10-29,4617,2021-03-31,2,,,,,,,,,,,,,,,,,,,,,,,,,,,,,34.00,,,,69068822,14428845,,false,false,12,2020-04-01,2021-03-31,-1
2021-10-29,4617,2022-03-31,2,,,,,,,,,,,,,,,,,,,,,,,,,,,,,17.00,,,,,,,false,false,12,2021-04-01,2022-03-31,0
2021-10-29,4617,2022-03-31,2,,,,,,,,,,,,,,,,,,,,,,,,,,,,,35.00,,,,,,,false,true,12,2021-04-01,2022-03-31,0
2021-10-29,4617,2022-03-31,2,,,,,,,,,,,,,,,,,,,,,,,,,,,,,,,,,62000000,9904350,53134868,false,false,6,2021-04-01,2021-09-30,0
2021-10-29,4617,2021-03-31,2,,,,,,,,,,,,,,,,,,,,,,,,,,,,,,,,,,,58072791,false,false,6,2020-04-01,2020-09-30,-1
2022-01-31,46170,2022-03-31,3,62143000000,0.014,,,,,862000000,-0.836,1365000000,-0.743,,460000000,,8.74,,,,,,105225000000,59066000000,0.518,1059.49,54457000000,,,,,,,,,,,,true,false,9,2021-04-01,2021-12-31,0
2022-01-31,46170,2021-03-31,3,61260000000,-0.064,,,,,5270000000,1.204,5306000000,0.753,,3408000000,,59.28,,,,,,,,,,,,,,,,,,,,,,true,false,9,2020-04-01,2020-12-31,-1
2022-01-31,46170,2022-03-31,3,83000000000,0.007,,,,,500000000,-0.923,1000000000,-0.843,,300000000,,5.69,,,,,,,,,,,,,,,,,,,,,,true,true,12,2021-04-01,2022-03-31,0
2022-01-31,46170,2021-03-31,3,,,,,,,,,,,,,,,,,,,,105170000000,62315000000,0.546,1050.10,57377000000,,,,,,,,,,,,true,false,12,2020-04-01,2021-03-31,-1
2022-01-31,46170,2021-03-31,3,,,,,,,,,,,,,,,,,,,,,,,,,,,,,34.00,,,,69068822,14428845,,false,false,12,2020-04-01,2021-03-31,-1
2022-01-31,46170,2022-03-31,3,,,,,,,,,,,,,,,,,,,,,,,,,,,,,17.00,,,,,,,false,false,12,2021-04-01,2022-03-31,0
2022-01-31,46170,2022-03-31,3,,,,,,,,,,,,,,,,,,,,,,,,,,,,,35.00,,,,,,,false,true,12,2021-04-01,2022-03-31,0
2022-01-31,46170,2022-03-31,3,,,,,,,,,,,,,,,,,,,,,,,,,,,,,,,,,62000000,10600928,52683505,false,false,9,2021-04-01,2021-12-31,0
2022-01-31,46170,2021-03-31,3,,,,,,,,,,,,,,,,,,,,,,,,,,,,,,,,,,,57496517,false,false,9,2020-04-01,2020-12-31,-1
2022-05-11,46170,2022-03-31,,84295000000,0.022,,,,,687000000,-0.894,1012000000,-0.841,,257000000,,4.92,,0.005,0.010,0.008,,104618000000,60039000000,0.529,1089.33,55291000000,-238000000,155000000,-6318000000,17148000000,,7.114,,,,,,true,false,12,2021-04-01,2022-03-31,0
2022-05-11,46170,2021-03-31,,82442000000,-0.060,,,,,6506000000,0.891,6376000000,0.591,,3279000000,,57.69,,0.057,0.060,0.079,,105170000000,62315000000,0.546,1050.10,57377000000,7129000000,867000000,-7009000000,21920000000,,0.589,,,,,,true,false,12,2020-04-01,2021-03-31,-1
2022-05-11,46170,2023-03-31,,83000000000,-0.015,,,,,500000000,-0.273,800000000,-0.210,,300000000,,5.91,,,,,,,,,,,,,,,,5.922,,,,,,true,true,12,2022-04-01,2023-03-31,1
2022-05-11,46170,2022-03-31,,31681000000,-0.023,,,,,-2594000000,,492000000,-0.938,763000000,,-0.896,14.60,,,,,,61150000000,35776000000,0.585,704.86,35776000000,,,,,35.00,,,,62000000,11242693,52290182,false,false,12,2021-04-01,2022-03-31,0
2022-05-11,46170,2021-03-31,,32434000000,-0.051,,,,,608000000,,7930000000,1.879,7339000000,,3.651,129.14,,,,,,64541000000,39914000000,0.618,730.51,39914000000,,,,,34.00,,,,69068822,14428845,56837315,false,false,12,2020-04-01,2021-03-31,-1
2022-05-11,46170,2023-03-31,,,,,,,,,,,,,,,,,,,,,,,,,,,,,,35.00,,,,,,,false,true,12,2022-04-01,2023-03-31,1
2022-07-29,46170,2023-03-31,1,21245000000,0.089,,,,,-450000000,,-149000000,,,-461000000,,-8.95,,,,,,108243000000,60007000000,0.508,1088.79,54956000000,,,,,,,,,,,,true,false,3,2022-04-01,2022-06-30,0
2022-07-29,46170,2022-03-31,1,19506000000,0.005,,,,,817000000,-0.488,1069000000,-0.414,,822000000,,15.31,,,,,,,,,,,,,,,,,,,,,,true,false,3,2021-04-01,2021-06-30,-1
2022-07-29,46170,2023-03-31,1,83000000000,-0.015,,,,,500000000,-0.273,800000000,-0.210,,300000000,,5.82,,,,,,,,,,,,,,,,,,,,,,true,true,12,2022-04-01,2023-03-31,0
2022-07-29,46170,2022-03-31,1,,,,,,,,,,,,,,,,,,,,104618000000,60039000000,0.529,1089.33,55291000000,,,,,,,,,,,,true,false,12,2021-04-01,2022-03-31,-1
2022-07-29,46170,2022-03-31,1,,,,,,,,,,,,,,,,,,,,,,,,,,,,,35.00,,,,62000000,11242693,,false,false,12,2021-04-01,2022-03-31,-1
2022-07-29,46170,2023-03-31,1,,,,,,,,,,,,,,,,,,,,,,,,,,,,,35.00,,,,,,,false,true,12,2022-04-01,2023-03-31,0
2022-07-29,46170,2023-03-31,1,,,,,,,,,,,,,,,,,,,,,,,,,,,,,,,,,62000000,11525593,51534325,false,false,3,2022-04-01,2022-06-30,0
2022-07-29,46170,2022-03-31,1,,,,,,,,,,,,,,,,,,,,,,,,,,,,,,,,,,,53746307,false,false,3,2021-04-01,2021-06-30,-1
2022-07-29,46170,2023-03-31,1,21245000000,0.089,,,,,-450000000,,-149000000,,,-461000000,,-9.12,,,,,,108243000000,60007000000,0.508,1088.79,54956000000,,,,,,,,,,,,true,false,3,2022-04-01,2022-06-30,0
2022-07-29,46170,2022-03-31,1,19506000000,0.005,,,,,817000000,-0.488,1069000000,-0.414,,822000000,,15.31,,,,,,,,,,,,,,,,,,,,,,true,false,3,2021-04-01,2021-06-30,-1
2022-07-29,46170,2023-03-31,1,83000000000,-0.015,,,,,500000000,-0.273,800000000,-0.210,,300000000,,5.93,,,,,,,,,,,,,,,,,,,,,,true,true,12,2022-04-01,2023-03-31,0
2022-07-29,46170,2022-03-31,1,,,,,,,,,,,,,,,,,,,,104618000000,60039000000,0.529,1089.33,55291000000,,,,,,,,,,,,true,false,12,2021-04-01,2022-03-31,-1
2022-07-29,46170,2022-03-31,1,,,,,,,,,,,,,,,,,,,,,,,,,,,,,35.00,,,,62000000,11242693,,false,false,12,2021-04-01,2022-03-31,-1
2022-07-29,46170,2023-03-31,1,,,,,,,,,,,,,,,,,,,,,,,,,,,,,35.00,,,,,,,false,true,12,2022-04-01,2023-03-31,0
2022-07-29,46170,2023-03-31,1,,,,,,,,,,,,,,,,,,,,,,,,,,,,,,,,,62000000,11525593,50563657,false,false,3,2022-04-01,2022-06-30,0
2022-07-29,46170,2022-03-31,1,,,,,,,,,,,,,,,,,,,,,,,,,,,,,,,,,,,53746307,false,false,3,2021-04-01,2021-06-30,-1
2022-10-31,46170,2023-03-31,2,44468000000,0.085,,,,,234000000,-0.785,863000000,-0.354,,-31000000,,-0.62,,,,,,113638000000,62494000000,0.503,1132.09,57167000000,,,,,,,,,,,,true,false,6,2022-04-01,2022-09-30,0
2022-10-31,46170,2022-03-31,2,40969000000,0.028,,,,,1092000000,-0.665,1336000000,-0.610,,946000000,,17.81,,,,,,,,,,,,,,,,,,,,,,true,false,6,2021-04-01,2021-09-30,-1
2022-10-31,46170,2023-03-31,2,90000000000,0.068,,,,,2500000000,2.635,3100000000,2.062,,2000000000,,39.58,,,,,,,,,,,,,,,,,,,,,,true,true,12,2022-04-01,2023-03-31,0
2022-10-31,46170,2022-03-31,2,,,,,,,,,,,,,,,,,,,,104618000000,60039000000,0.529,1089.33,55291000000,,,,,,,,,,,,true,false,12,2021-04-01,2022-03-31,-1
2022-10-31,46170,2022-03-31,2,,,,,,,,,,,,,,,,,,,,,,,,,,,,,35.00,,,,62000000,11242693,,false,false,12,2021-04-01,2022-03-31,-1
2022-10-31,46170,2023-03-31,2,,,,,,,,,,,,,,,,,,,,,,,,,,,,,17.00,,,,,,,false,false,12,2022-04-01,2023-03-31,0
2022-10-31,46170,2023-03-31,2,,,,,,,,,,,,,,,,,,,,,,,,,,,,,35.00,,,,,,,false,true,12,2022-04-01,2023-03-31,0
2022-10-31,46170,2023-03-31,2,,,,,,,,,,,,,,,,,,,,,,,,,,,,,,,,,62000000,11502593,50535293,false,false,6,2022-04-01,2022-09-30,0
2022-10-31,46170,2022-03-31,2,,,,,,,,,,,,,,,,,,,,,,,,,,,,,,,,,,,53134868,false,false,6,2021-04-01,2021-09-30,-1
2022-10-31,46170,2023-03-31,,90000000000,0.084,,,,,2500000000,4.000,3100000000,2.875,,2000000000,,39.58,,,,,,,,,,,,,,,,,,,,,,true,true,12,2022-04-01,2023-03-31,0
2022-10-31,46170,2022-03-31,,84295000000,,,,,,687000000,,1012000000,,,257000000,,4.92,,,,,,,,,,,,,,,,,,,,,,true,false,12,2021-04-01,2022-03-31,-1
2023-01-31,46170,2023-03-31,3,70981000000,0.142,,,,,1678000000,0.945,2790000000,1.044,,2076000000,,41.23,,,,,,116581000000,63005000000,0.497,1169.45,57944000000,,,,,,,,,,,,true,false,9,2022-04-01,2022-12-31,0
2023-01-31,46170,2022-03-31,3,62143000000,0.014,,,,,862000000,-0.836,1365000000,-0.743,,460000000,,8.74,,,,,,,,,,,,,,,,,,,,,,true,false,9,2021-04-01,2021-12-31,-1
2023-01-31,46170,2023-03-31,3,98000000000,0.163,,,,,3800000000,4.525,4300000000,3.247,,3000000000,,59.55,,,,,,,,,,,,,,,,,,,,,,true,true,12,2022-04-01,2023-03-31,0
2023-01-31,46170,2022-03-31,3,,,,,,,,,,,,,,,,,,,,104618000000,60039000000,0.529,1089.33,55291000000,,,,,,,,,,,,true,false,12,2021-04-01,2022-03-31,-1
2023-01-31,46170,2022-03-31,3,,,,,,,,,,,,,,,,,,,,,,,,,,,,,35.00,,,,62000000,11242693,,false,false,12,2021-04-01,2022-03-31,-1
2023-01-31,46170,2023-03-31,3,,,,,,,,,,,,,,,,,,,,,,,,,,,,,17.00,,,,,,,false,false,12,2022-04-01,2023-03-31,0
2023-01-31,46170,2023-03-31,3,,,,,,,,,,,,,,,,,,,,,,,,,,,,,35.00,,,,,,,false,true,12,2022-04-01,2023-03-31,0
2023-01-31,46170,2023-03-31,3,,,,,,,,,,,,,,,,,,,,,,,,,,,,,,,,,55000000,5451693,50376527,false,false,9,2022-04-01,2022-12-31,0
2023-01-31,46170,2022-03-31,3,,,,,,,,,,,,,,,,,,,,,,,,,,,,,,,,,,,52683505,false,false,9,2021-04-01,2021-12-31,-1
2023-01-31,46170,2023-03-31,,98000000000,0.089,,,,,3800000000,0.520,4300000000,0.387,,3000000000,,59.55,,,,,,,,,,,,,,,,,,,,,,true,true,12,2022-04-01,2023-03-31,0
2023-01-31,46170,2022-03-31,,84295000000,,,,,,687000000,,1012000000,,,257000000,,4.92,,,,,,,,,,,,,,,,,,,,,,true,false,12,2021-04-01,2022-03-31,-1
2023-05-10,46170,2023-03-31,,99481000000,0.180,,,,,3887000000,4.651,4351000000,3.298,,3848000000,,76.69,,0.068,0.040,0.039,,112747000000,63130000000,0.516,1174.01,58176000000,29000000,514000000,-654000000,18214000000,,0.456,,,,,,true,false,12,2022-04-01,2023-03-31,0
2023-05-10,46170,2022-03-31,,84295000000,0.022,,,,,687000000,-0.894,1012000000,-0.841,,257000000,,4.92,,0.005,0.010,0.008,,104618000000,60039000000,0.529,1089.33,55291000000,-238000000,155000000,-6318000000,17148000000,,7.114,,,,,,true,false,12,2021-04-01,2022-03-31,-1
2023-05-10,46170,2024-03-31,,105000000000,0.055,,,,,6900000000,0.775,7300000000,0.678,,4500000000,,90.81,,,,,,,,,,,,,,,,0.407,,,,,,true,true,12,2023-04-01,2024-03-31,1
2023-05-10,46170,2023-03-31,,38964000000,0.230,,,,,-2048000000,,2036000000,3.139,3052000000,,2.999,60.83,,,,,,62783000000,34580000000,0.551,697.83,34580000000,,,,,35.00,,,,55000000,5446058,50186751,false,false,12,2022-04-01,2023-03-31,0
2023-05-10,46170,2022-03-31,,31681000000,-0.023,,,,,-2594000000,,492000000,-0.938,763000000,,-0.896,14.60,,,,,,61150000000,35776000000,0.585,704.86,35776000000,,,,,35.00,,,,62000000,11242693,52290182,false,false,12,2021-04-01,2022-03-31,-1
2023-05-10,46170,2024-03-31,,,,,,,,,,,,,,,,,,,,,,,,,,,,,,37.00,,,,,,,false,true,12,2023-04-01,2024-03-31,1
2023-07-31,46170,2024-03-31,1,26489000000,0.247,,,,,2074000000,,2391000000,,,1729000000,,34.90,,,,,,115221000000,65210000000,0.521,1211.72,60042000000,,,,,,,,,,,,true,false,3,2023-04-01,2023-06-30,0
2023-07-31,46170,2023-03-31,1,21245000000,0.089,,,,,-450000000,,-149000000,,,-461000000,,-9.12,,,,,,,,,,,,,,,,,,,,,,true,false,3,2022-04-01,2022-06-30,-1
2023-07-31,46170,2024-03-31,1,105000000000,0.055,,,,,8400000000,1.161,9300000000,1.137,,8400000000,,169.52,,,,,,,,,,,,,,,,,,,,,,true,true,12,2023-04-01,2024-03-31,0
2023-07-31,46170,2023-03-31,1,,,,,,,,,,,,,,,,,,,,112747000000,63130000000,0.516,1174.01,58176000000,,,,,,,,,,,,true,false,12,2022-04-01,2023-03-31,-1
2023-07-31,46170,2023-03-31,1,,,,,,,,,,,,,,,,,,,,,,,,,,,,,35.00,,,,55000000,5446058,,false,false,12,2022-04-01,2023-03-31,-1
2023-07-31,46170,2024-03-31,1,,,,,,,,,,,,,,,,,,,,,,,,,,,,,68.00,,,,,,,false,true,12,2023-04-01,2024-03-31,0
2023-07-31,46170,2024-03-31,1,,,,,,,,,,,,,,,,,,,,,,,,,,,,,,,,,55000000,5448585,49553121,false,false,3,2023-04-01,2023-06-30,0
2023-07-31,46170,2023-03-31,1,,,,,,,,,,,,,,,,,,,,,,,,,,,,,,,,,,,50563657,false,false,3,2022-04-01,2022-06-30,-1
2023-10-31,46170,2024-03-31,2,55378000000,0.245,,,,,5129000000,,5841000000,5.769,,4416000000,,89.11,,,,,,123873000000,71454000000,0.531,1327.07,65782000000,,,,,,,,,,,,true,false,6,2023-04-01,2023-09-30,0
2023-10-31,46170,2023-03-31,2,44468000000,0.085,,,,,234000000,-0.785,863000000,-0.354,,-31000000,,-0.62,,,,,,,,,,,,,,,,,,,,,,true,false,6,2022-04-01,2022-09-30,-1
2023-10-31,46170,2024-03-31,2,105000000000,0.055,,,,,8400000000,1.161,9300000000,1.137,,8400000000,,169.49,,,,,,,,,,,,,,,,,,,,,,true,true,12,2023-04-01,2024-03-31,0
2023-10-31,46170,2023-03-31,2,,,,,,,,,,,,,,,,,,,,112747000000,63130000000,0.516,1174.01,58176000000,,,,,,,,,,,,true,false,12,2022-04-01,2023-03-31,-1
2023-10-31,46170,2023-03-31,2,,,,,,,,,,,,,,,,,,,,,,,,,,,,,35.00,,,,55000000,5446058,,false,false,12,2022-04-01,2023-03-31,-1
2023-10-31,46170,2024-03-31,2,,,,,,,,,,,,,,,,,,,,,,,,,,,,,34.00,,,,,,,false,false,12,2023-04-01,2024-03-31,0
2023-10-31,46170,2024-03-31,2,,,,,,,,,,,,,,,,,,,,,,,,,,,,,68.00,,,,,,,false,true,12,2023-04-01,2024-03-31,0
2023-10-31,46170,2024-03-31,2,,,,,,,,,,,,,,,,,,,,,,,,,,,,,,,,,55000000,5430683,49560103,false,false,6,2023-04-01,2023-09-30,0
2023-10-31,46170,2023-03-31,2,,,,,,,,,,,,,,,,,,,,,,,,,,,,,,,,,,,50535293,false,false,6,2022-04-01,2022-09-30,-1
2023-12-25,46170,2024-03-31,,110000000000,0.048,,,,,10500000000,0.250,11500000000,0.237,,8400000000,,169.49,,,,,,,,,,,,,,,,,,,,,,true,true,12,2023-04-01,2024-03-31,0
2023-12-25,46170,2023-03-31,,99481000000,,,,,,3887000000,,4351000000,,,3848000000,,76.69,,,,,,,,,,,,,,,,,,,,,,true,false,12,2022-04-01,2023-03-31,-1
2024-01-31,46170,2024-03-31,3,86140000000,0.214,,,,,9051000000,4.394,10059000000,2.604,,7675000000,,154.87,,,,,,132801000000,74323000000,0.516,1381.65,68487000000,,,,,,,,,,,,true,false,9,2023-04-01,2023-12-31,0
2024-01-31,46170,2023-03-31,3,70981000000,0.142,,,,,1678000000,0.945,2790000000,1.044,,2076000000,,41.23,,,,,,,,,,,,,,,,,,,,,,true,false,9,2022-04-01,2022-12-31,-1
2024-01-31,46170,2024-03-31,3,110000000000,0.106,,,,,10500000000,1.701,11500000000,1.643,,8400000000,,169.49,,,,,,,,,,,,,,,,,,,,,,true,true,12,2023-04-01,2024-03-31,0
2024-01-31,46170,2023-03-31,3,,,,,,,,,,,,,,,,,,,,112747000000,63130000000,0.516,1174.01,58176000000,,,,,,,,,,,,true,false,12,2022-04-01,2023-03-31,-1
2024-01-31,46170,2023-03-31,3,,,,,,,,,,,,,,,,,,,,,,,,,,,,,35.00,,,,55000000,5446058,,false,false,12,2022-04-01,2023-03-31,-1
2024-01-31,46170,2024-03-31,3,,,,,,,,,,,,,,,,,,,,,,,,,,,,,34.00,,,,,,,false,false,12,2023-04-01,2024-03-31,0
2024-01-31,46170,2024-03-31,3,,,,,,,,,,,,,,,,,,,,,,,,,,,,,68.00,,,,,,,false,true,12,2023-04-01,2024-03-31,0
2024-01-31,46170,2024-03-31,3,,,,,,,,,,,,,,,,,,,,,,,,,,,,,,,,,55000000,5430845,49562834,false,false,9,2023-04-01,2023-12-31,0
2024-01-31,46170,2023-03-31,3,,,,,,,,,,,,,,,,,,,,,,,,,,,,,,,,,,,50376527,false,false,9,2022-04-01,2022-12-31,-1
2024-05-09,46170,2024-03-31,,116174000000,0.168,,,,,12185000000,2.135,13025000000,1.994,,9892000000,,199.60,,0.154,0.106,0.105,,132404000000,76175000000,0.533,1422.60,70515000000,12388000000,-1625000000,-1980000000,27705000000,,0.401,,,,,,true,false,12,2023-04-01,2024-03-31,0
2024-05-09,46170,2023-03-31,,99481000000,0.180,,,,,3887000000,4.651,4351000000,3.298,,3848000000,,76.69,,0.068,0.040,0.039,,112747000000,63130000000,0.516,1174.01,58176000000,29000000,514000000,-654000000,18214000000,,0.456,,,,,,true,false,12,2022-04-01,2023-03-31,-1
2024-05-09,46170,2025-03-31,,120000000000,0.033,,,,,12000000000,-0.015,12500000000,-0.040,10000000000,,0.011,201.74,,,,,,,,,,,,,,,,0.402,,,,,,true,true,12,2024-04-01,2025-03-31,1
2024-05-09,46170,2024-03-31,,41261000000,0.059,,,,,-70000000,,7206000000,2.538,6847000000,,1.243,138.15,,,,,,67326000000,40747000000,0.605,822.06,40747000000,,,,,80.00,,,,55000000,5431781,49564167,false,false,12,2023-04-01,2024-03-31,0
2024-05-09,46170,2023-03-31,,38964000000,0.230,,,,,-2048000000,,2036000000,3.139,3052000000,,2.999,60.83,,,,,,62783000000,34580000000,0.551,697.83,34580000000,,,,,35.00,,,,55000000,5446058,50186751,false,false,12,2022-04-01,2023-03-31,-1
2024-05-09,46170,2025-03-31,,,,,,,,,,,,,,,,,,,,,,,,,,,,,,81.00,,,,,,,false,true,12,2024-04-01,2025-03-31,1
2024-07-31,46170,2025-03-31,1,29080000000,0.098,,,,,3367000000,0.624,3871000000,0.619,,4949000000,,99.85,,,,,,136894000000,81750000000,0.554,1529.32,75804000000,,,,,,,,,,,,true,false,3,2024-04-01,2024-06-30,0
2024-07-31,46170,2024-03-31,1,26489000000,0.247,,,,,2074000000,,2391000000,,,1729000000,,34.90,,,,,,,,,,,,,,,,,,,,,,true,false,3,2023-04-01,2023-06-30,-1
2024-07-31,46170,2025-03-31,1,120000000000,0.033,,,,,12000000000,-0.015,12500000000,-0.040,,10000000000,,201.74,,,,,,,,,,,,,,,,,,,,,,true,true,12,2024-04-01,2025-03-31,0
2024-07-31,46170,2024-03-31,1,,,,,,,,,,,,,,,,,,,,132404000000,76175000000,0.533,1422.60,70515000000,,,,,,,,,,,,true,false,12,2023-04-01,2024-03-31,-1
2024-07-31,46170,2024-03-31,1,,,,,,,,,,,,,,,,,,,,,,,,,,,,,80.00,,,,55000000,5431781,,false,false,12,2023-04-01,2024-03-31,-1
2024-07-31,46170,2025-03-31,1,,,,,,,,,,,,,,,,,,,,,,,,,,,,,81.00,,,,,,,false,true,12,2024-04-01,2025-03-31,0
2024-07-31,46170,2025-03-31,1,,,,,,,,,,,,,,,,,,,,,,,,,,,,,,,,,55000000,5432362,49568014,false,false,3,2024-04-01,2024-06-30,0
2024-07-31,46170,2024-03-31,1,,,,,,,,,,,,,,,,,,,,,,,,,,,,,,,,,,,49553121,false,false,3,2023-04-01,2023-06-30,-1
2024-10-31,46170,2025-03-31,2,62935000000,0.136,,,,,7929000000,0.546,8507000000,0.456,,8332000000,,168.08,,,,,,141319000000,86522000000,0.574,1636.83,81152000000,,,,,,,,,,,,true,false,6,2024-04-01,2024-09-30,0
2024-10-31,46170,2024-03-31,2,55378000000,0.245,,,,,5129000000,,5841000000,5.769,,4416000000,,89.11,,,,,,,,,,,,,,,,,,,,,,true,false,6,2023-04-01,2023-09-30,-1
2024-10-31,46170,2025-03-31,2,128000000000,0.102,,,,,15000000000,0.231,15200000000,0.167,,13000000000,,262.24,,,,,,,,,,,,,,,,,,,,,,true,true,12,2024-04-01,2025-03-31,0
2024-10-31,46170,2024-03-31,2,,,,,,,,,,,,,,,,,,,,132404000000,76175000000,0.533,1422.60,70515000000,,,,,,,,,,,,true,false,12,2023-04-01,2024-03-31,-1
2024-10-31,46170,2024-03-31,2,,,,,,,,,,,,,,,,,,,,,,,,,,,,,80.00,,,,55000000,5431781,,false,false,12,2023-04-01,2024-03-31,-1
2024-10-31,46170,2025-03-31,2,,,,,,,,,,,,,,,,,,,,,,,,,,,,,40.00,,,,,,,false,false,12,2024-04-01,2025-03-31,0
2024-10-31,46170,2025-03-31,2,,,,,,,,,,,,,,,,,,,,,,,,,,,,,85.00,,,,,,,false,true,12,2024-04-01,2025-03-31,0
2024-10-31,46170,2025-03-31,2,,,,,,,,,,,,,,,,,,,,,,,,,,,,,,,,,55000000,5421162,49572653,false,false,6,2024-04-01,2024-09-30,0
2024-10-31,46170,2024-03-31,2,,,,,,,,,,,,,,,,,,,,,,,,,,,,,,,,,,,49560103,false,false,6,2023-04-01,2023-09-30,-1
2025-02-04,4617,2025-03-31,3,96055000000,0.115,,,,,11643000000,0.286,12015000000,0.194,,10691000000,,215.66,,,,,,140046000000,83484000000,0.559,1578.98,78283000000,,,,,,,,,,,,true,false,9,2024-04-01,2024-12-31,0
2025-02-04,4617,2024-03-31,3,86140000000,0.214,,,,,9051000000,4.394,10059000000,2.604,,7675000000,,154.87,,,,,,,,,,,,,,,,,,,,,,true,false,9,2023-04-01,2023-12-31,-1
2025-02-04,4617,2025-03-31,3,130000000000,0.119,,,,,15600000000,0.280,16600000000,0.274,,13500000000,,272.32,,,,,,,,,,,,,,,,,,,,,,true,true,12,2024-04-01,2025-03-31,0
2025-02-04,4617,2024-03-31,3,,,,,,,,,,,,,,,,,,,,132404000000,76175000000,0.533,1422.60,70515000000,,,,,,,,,,,,true,false,12,2023-04-01,2024-03-31,-1
2025-02-04,4617,2024-03-31,3,,,,,,,,,,,,,,,,,,,,,,,,,,,,,80.00,,,,55000000,5431781,,false,false,12,2023-04-01,2024-03-31,-1
2025-02-04,4617,2025-03-31,3,,,,,,,,,,,,,,,,,,,,,,,,,,,,,40.00,,,,,,,false,false,12,2024-04-01,2025-03-31,0
2025-02-04,4617,2025-03-31,3,,,,,,,,,,,,,,,,,,,,,,,,,,,,,90.00,,,,,,,false,true,12,2024-04-01,2025-03-31,0
2025-02-04,4617,2025-03-31,3,,,,,,,,,,,,,,,,,,,,,,,,,,,,,,,,,55000000,5421300,49574481,false,false,9,2024-04-01,2024-12-31,0
2025-02-04,4617,2024-03-31,3,,,,,,,,,,,,,,,,,,,,,,,,,,,,,,,,,,,49562834,false,false,9,2023-04-01,2023-12-31,-1
2025-05-09,4617,2025-03-31,,131152000000,0.129,,,,,15381000000,0.262,16481000000,0.265,,13721000000,,276.78,,0.178,0.119,0.117,,144777000000,89435000000,0.577,1684.84,83531000000,14539000000,-103000000,-12480000000,32174000000,,0.350,,,,,,true,false,12,2024-04-01,2025-03-31,0
2025-05-09,4617,2024-03-31,,116174000000,0.168,,,,,12185000000,2.135,13025000000,1.994,,9892000000,,199.60,,0.154,0.106,0.105,,132404000000,76175000000,0.533,1422.60,70515000000,12388000000,-1625000000,-1980000000,27705000000,,0.401,,,,,,true,false,12,2023-04-01,2024-03-31,-1
2025-05-09,4617,2026-03-31,,133000000000,0.014,,,,,16000000000,0.040,16500000000,0.001,,11000000000,,221.87,,,,,,,,,,,,,,,,0.437,,,,,,true,true,12,2025-04-01,2026-03-31,1
2025-05-09,4617,2025-03-31,,44684000000,0.083,,,,,-271000000,,8415000000,0.168,7426000000,,0.085,149.79,,,,,,71318000000,43868000000,0.615,884.84,43868000000,,,,,97.00,,,,55000000,5421656,49575416,false,false,12,2024-04-01,2025-03-31,0
2025-05-09,4617,2024-03-31,,41261000000,0.059,,,,,-70000000,,7206000000,2.538,6847000000,,1.243,138.15,,,,,,67326000000,40747000000,0.605,822.06,40747000000,,,,,80.00,,,,55000000,5431781,49564167,false,false,12,2023-04-01,2024-03-31,-1
2025-05-09,4617,2026-03-31,,,,,,,,,,,,,,,,,,,,,,,,,,,,,,97.00,,,,,,,false,true,12,2025-04-01,2026-03-31,1
