filing_date,code,fiscal_year_end,quarterly_period,net_sales,net_sales_change,revenue,revenue_change,operating_revenue,operating_revenue_change,operating_profit,operating_profit_change,ordinary_profit,ordinary_profit_change,net_income,net_income_of_parent,net_income_change,eps,diluted_eps,roe,roa,operating_profit_to_net_sales,operating_profit_to_revenue,total_assets,net_assets,equity_ratio,bps,owner_equity,operating_cash_flow,investing_cash_flow,financing_cash_flow,cash,dividend_per_share,payout_ratio,commemorative_dividend,extra_dividend,number_of_shares,number_of_treqsury_shares,avg_number_of_shares,is_consolidated,is_forecast,duration,period_start,period_end,period_pos
2015-05-15,46440,2015-03-31,,3599000000,-0.025,,,,,722000000,0.067,774000000,-0.108,465000000,,-0.216,48.50,,0.054,0.084,0.201,,9366000000,8687000000,0.927,904.79,8683000000,476000000,-104000000,-214000000,7359000000,,0.454,,,,,,true,false,12,2014-04-01,2015-03-31,0
2015-05-15,46440,2014-03-31,,3693000000,0.001,,,,,676000000,-0.066,868000000,0.128,593000000,,0.160,61.87,,0.072,0.097,0.183,,8991000000,8468000000,0.941,881.89,8464000000,-77000000,1140000000,-200000000,7170000000,,0.356,,,,,,true,false,12,2013-04-01,2014-03-31,-1
2015-05-15,46440,2016-03-31,,2199000000,0.298,,,,,374000000,0.032,424000000,0.078,,275000000,,28.75,,,,,,,,,,,,,,,,,,,,,,true,true,6,2015-04-01,2015-09-30,1
2015-05-15,46440,2016-03-31,,4321000000,0.201,,,,,935000000,0.296,1035000000,0.337,,673000000,,70.14,,,,,,,,,,,,,,,,0.314,,,,,,true,true,12,2015-04-01,2016-03-31,1
2015-05-15,46440,2014-03-31,,,,,,,,,,,,,,,,,,,,,,,,,,,,,,22.00,,,,10649000,1051321,9597681,false,false,12,2013-04-01,2014-03-31,-1
2015-05-15,46440,2015-03-31,,,,,,,,,,,,,,,,,,,,,,,,,,,,,,22.00,,,,10649000,1051321,9597679,false,false,12,2014-04-01,2015-03-31,0
2015-05-15,46440,2016-03-31,,,,,,,,,,,,,,,,,,,,,,,,,,,,,,22.00,,,,,,,false,true,12,2015-04-01,2016-03-31,1
2015-07-31,46440,2016-03-31,1,1063000000,0.662,,,,,130000000,0.509,146000000,0.678,,83000000,,8.70,,,,,,9151000000,8674000000,0.948,903.48,8671000000,,,,,,,,,,,,true,false,3,2015-04-01,2015-06-30,0
2015-07-31,46440,2015-03-31,1,639000000,-0.154,,,,,86000000,-0.340,87000000,-0.384,,56000000,,5.83,,,,,,,,,,,,,,,,,,,,,,true,false,3,2014-04-01,2014-06-30,-1
2015-07-31,46440,2016-03-31,1,2199000000,0.298,,,,,374000000,0.032,424000000,0.078,,275000000,,28.75,,,,,,,,,,,,,,,,,,,,,,true,true,6,2015-04-01,2015-09-30,0
2015-07-31,46440,2016-03-31,1,4321000000,0.201,,,,,935000000,0.296,1035000000,0.337,,673000000,,70.14,,,,,,,,,,,,,,,,,,,,,,true,true,12,2015-04-01,2016-03-31,0
2015-07-31,46440,2015-03-31,1,,,,,,,,,,,,,,,,,,,,9366000000,8687000000,0.927,904.79,8683000000,,,,,,,,,,,,true,false,12,2014-04-01,2015-03-31,-1
2015-07-31,46440,2015-03-31,1,,,,,,,,,,,,,,,,,,,,,,,,,,,,,22.00,,,,10649000,1051321,,false,false,12,2014-04-01,2015-03-31,-1
2015-07-31,46440,2016-03-31,1,,,,,,,,,,,,,,,,,,,,,,,,,,,,,22.00,,,,,,,false,true,12,2015-04-01,2016-03-31,0
2015-07-31,46440,2016-03-31,1,,,,,,,,,,,,,,,,,,,,,,,,,,,,,,,,,10649000,1051321,9597679,false,false,3,2015-04-01,2015-06-30,0
2015-07-31,46440,2015-03-31,1,,,,,,,,,,,,,,,,,,,,,,,,,,,,,,,,,,,9597679,false,false,3,2014-04-01,2014-06-30,-1
2015-10-30,46440,2016-03-31,2,2081000000,0.229,,,,,301000000,-0.169,324000000,-0.177,,207000000,,21.60,,,,,,9187000000,8731000000,0.950,909.41,8728000000,,,,,,,,,,,,true,false,6,2015-04-01,2015-09-30,0
2015-10-30,46440,2015-03-31,2,1694000000,0.102,,,,,363000000,0.665,393000000,0.724,,268000000,,28.00,,,,,,,,,,,,,,,,,,,,,,true,false,6,2014-04-01,2014-09-30,-1
2015-10-30,46440,2016-03-31,2,4321000000,0.201,,,,,935000000,0.296,1035000000,0.337,,673000000,,70.14,,,,,,,,,,,,,,,,,,,,,,true,true,12,2015-04-01,2016-03-31,0
2015-10-30,46440,2015-03-31,2,,,,,,,,,,,,,,,,,,,,9366000000,8687000000,0.927,904.79,8683000000,,,,,,,,,,,,true,false,12,2014-04-01,2015-03-31,-1
2015-10-30,46440,2015-03-31,2,,,,,,,,,,,,,,,,,,,,,,,,,,,,,22.00,,,,10649000,1051321,,false,false,12,2014-04-01,2015-03-31,-1
2015-10-30,46440,2016-03-31,2,,,,,,,,,,,,,,,,,,,,,,,,,,,,,10.00,,,,,,,false,false,12,2015-04-01,2016-03-31,0
2015-10-30,46440,2016-03-31,2,,,,,,,,,,,,,,,,,,,,,,,,,,,,,22.00,,,,,,,false,true,12,2015-04-01,2016-03-31,0
2015-10-30,46440,2016-03-31,2,,,,,,,,,,,,,,,,,,,,,,,,,,,,,,,,,10649000,1051321,9597679,false,false,6,2015-04-01,2015-09-30,0
2015-10-30,46440,2015-03-31,2,,,,,,,,,,,,,,,,,,,,,,,,,,,,,,,,,,,9597679,false,false,6,2014-04-01,2014-09-30,-1
2016-01-29,46440,2016-03-31,3,3368000000,0.320,,,,,598000000,0.174,743000000,0.334,,503000000,,52.45,,,,,,9643000000,8982000000,0.926,930.86,8934000000,,,,,,,,,,,,true,false,9,2015-04-01,2015-12-31,0
2016-01-29,46440,2015-03-31,3,2552000000,-0.067,,,,,509000000,-0.040,557000000,-0.160,,357000000,,37.23,,,,,,,,,,,,,,,,,,,,,,true,false,9,2014-04-01,2014-12-31,-1
2016-01-29,46440,2016-03-31,3,4321000000,0.201,,,,,935000000,0.296,1035000000,0.337,,673000000,,70.14,,,,,,,,,,,,,,,,,,,,,,true,true,12,2015-04-01,2016-03-31,0
2016-01-29,46440,2015-03-31,3,,,,,,,,,,,,,,,,,,,,9366000000,8687000000,0.927,904.79,8683000000,,,,,,,,,,,,true,false,12,2014-04-01,2015-03-31,-1
2016-01-29,46440,2015-03-31,3,,,,,,,,,,,,,,,,,,,,,,,,,,,,,22.00,,,,10649000,1051321,,false,false,12,2014-04-01,2015-03-31,-1
2016-01-29,46440,2016-03-31,3,,,,,,,,,,,,,,,,,,,,,,,,,,,,,10.00,,,,,,,false,false,12,2015-04-01,2016-03-31,0
2016-01-29,46440,2016-03-31,3,,,,,,,,,,,,,,,,,,,,,,,,,,,,,32.00,,,,,,,false,true,12,2015-04-01,2016-03-31,0
2016-01-29,46440,2016-03-31,3,,,,,,,,,,,,,,,,,,,,,,,,,,,,,,,,,10649000,1051321,9597679,false,false,9,2015-04-01,2015-12-31,0
2016-01-29,46440,2015-03-31,3,,,,,,,,,,,,,,,,,,,,,,,,,,,,,,,,,,,9597679,false,false,9,2014-04-01,2014-12-31,-1
,46440,2016-03-31,,,,,,,,,,,,,,,,,,,,,,,,,,,,,,32.00,,,,,,,false,true,12,2015-04-01,2016-03-31,0
,46440,2016-03-31,,,,,,,,,,,,,,,,,,,,,,,,,,,,,,10.00,,,,,,,false,false,12,2015-04-01,2016-03-31,0
,46440,2015-03-31,,,,,,,,,,,,,,,,,,,,,,,,,,,,,,22.00,,,,,,,false,false,12,2014-04-01,2015-03-31,-1
2016-05-13,46440,2016-03-31,,4540000000,0.261,,,,,848000000,0.175,980000000,0.265,,500000000,,52.16,,0.057,0.103,0.187,,9590000000,8909000000,0.925,924.21,8870000000,349000000,-1659000000,-164000000,5864000000,,0.613,,,,,,true,false,12,2015-04-01,2016-03-31,0
2016-05-13,46440,2015-03-31,,3599000000,-0.025,,,,,722000000,0.067,774000000,-0.108,,465000000,,48.50,,0.054,0.084,0.201,,9366000000,8687000000,0.927,904.79,8683000000,476000000,-104000000,-214000000,7359000000,,0.454,,,,,,true,false,12,2014-04-01,2015-03-31,-1
2016-05-13,46440,2017-03-31,,4550000000,0.002,,,,,934000000,0.101,984000000,0.004,,574000000,,59.80,,,,,,,,,,,,,,,,0.368,,,,,,true,true,12,2016-04-01,2017-03-31,1
2016-05-13,46440,2016-03-31,,3948000000,0.265,,,,,772000000,0.120,908000000,0.215,531000000,,0.132,55.38,,,,,,9173000000,8621000000,0.940,897.96,8618000000,,,,,32.00,,10.00,,10649000,1051365,9597672,false,false,12,2015-04-01,2016-03-31,0
2016-05-13,46440,2015-03-31,,3122000000,0.000,,,,,689000000,0.050,747000000,-0.133,469000000,,-0.214,48.91,,,,,,8991000000,8404000000,0.934,875.32,8401000000,,,,,22.00,,,,10649000,1051321,9597679,false,false,12,2014-04-01,2015-03-31,-1
2016-05-13,46440,2017-03-31,,,,,,,,,,,,,,,,,,,,,,,,,,,,,,22.00,,,,,,,false,true,12,2016-04-01,2017-03-31,1
2016-07-29,46440,2017-03-31,1,756000000,-0.289,,,,,61000000,-0.525,44000000,-0.695,,35000000,,3.66,,,,,,9084000000,8608000000,0.945,894.41,8584000000,,,,,,,,,,,,true,false,3,2016-04-01,2016-06-30,0
2016-07-29,46440,2016-03-31,1,1063000000,0.662,,,,,130000000,0.509,146000000,0.678,,83000000,,8.70,,,,,,,,,,,,,,,,,,,,,,true,false,3,2015-04-01,2015-06-30,-1
2016-07-29,46440,2017-03-31,1,4550000000,0.002,,,,,934000000,0.101,984000000,0.004,,574000000,,59.80,,,,,,,,,,,,,,,,,,,,,,true,true,12,2016-04-01,2017-03-31,0
2016-07-29,46440,2016-03-31,1,,,,,,,,,,,,,,,,,,,,9590000000,8909000000,0.925,924.21,8870000000,,,,,,,,,,,,true,false,12,2015-04-01,2016-03-31,-1
2016-07-29,46440,2016-03-31,1,,,,,,,,,,,,,,,,,,,,,,,,,,,,,32.00,,,,10649000,1051365,,false,false,12,2015-04-01,2016-03-31,-1
2016-07-29,46440,2017-03-31,1,,,,,,,,,,,,,,,,,,,,,,,,,,,,,22.00,,,,,,,false,true,12,2016-04-01,2017-03-31,0
2016-07-29,46440,2017-03-31,1,,,,,,,,,,,,,,,,,,,,,,,,,,,,,,,,,10649000,1051365,9597635,false,false,3,2016-04-01,2016-06-30,0
2016-07-29,46440,2016-03-31,1,,,,,,,,,,,,,,,,,,,,,,,,,,,,,,,,,,,9597679,false,false,3,2015-04-01,2015-06-30,-1
2016-10-31,46440,2017-03-31,2,1619000000,-0.222,,,,,141000000,-0.531,137000000,-0.574,,220000000,,22.99,,,,,,9223000000,8768000000,0.949,912.08,8753000000,,,,,,,,,,,,true,false,6,2016-04-01,2016-09-30,0
2016-10-31,46440,2016-03-31,2,2081000000,0.229,,,,,301000000,-0.169,324000000,-0.177,,207000000,,21.60,,,,,,,,,,,,,,,,,,,,,,true,false,6,2015-04-01,2015-09-30,-1
2016-10-31,46440,2017-03-31,2,4550000000,0.002,,,,,934000000,0.101,984000000,0.004,,574000000,,59.80,,,,,,,,,,,,,,,,,,,,,,true,true,12,2016-04-01,2017-03-31,0
2016-10-31,46440,2016-03-31,2,,,,,,,,,,,,,,,,,,,,9590000000,8909000000,0.925,924.21,8870000000,,,,,,,,,,,,true,false,12,2015-04-01,2016-03-31,-1
2016-10-31,46440,2016-03-31,2,,,,,,,,,,,,,,,,,,,,,,,,,,,,,32.00,,,,10649000,1051365,,false,false,12,2015-04-01,2016-03-31,-1
2016-10-31,46440,2017-03-31,2,,,,,,,,,,,,,,,,,,,,,,,,,,,,,10.00,,,,,,,false,false,12,2016-04-01,2017-03-31,0
2016-10-31,46440,2017-03-31,2,,,,,,,,,,,,,,,,,,,,,,,,,,,,,22.00,,,,,,,false,true,12,2016-04-01,2017-03-31,0
2016-10-31,46440,2017-03-31,2,,,,,,,,,,,,,,,,,,,,,,,,,,,,,,,,,10649000,1051365,9597635,false,false,6,2016-04-01,2016-09-30,0
2016-10-31,46440,2016-03-31,2,,,,,,,,,,,,,,,,,,,,,,,,,,,,,,,,,,,9597679,false,false,6,2015-04-01,2015-09-30,-1
2017-01-31,46440,2017-03-31,3,2858000000,-0.152,,,,,326000000,-0.454,389000000,-0.477,,233000000,,24.33,,,,,,9751000000,8955000000,0.913,927.84,8905000000,,,,,,,,,,,,true,false,9,2016-04-01,2016-12-31,0
2017-01-31,46440,2016-03-31,3,3368000000,0.320,,,,,598000000,0.174,743000000,0.334,,503000000,,52.45,,,,,,,,,,,,,,,,,,,,,,true,false,9,2015-04-01,2015-12-31,-1
2017-01-31,46440,2017-03-31,3,4120000000,-0.093,,,,,500000000,-0.410,658000000,-0.329,,514000000,,53.55,,,,,,,,,,,,,,,,,,,,,,true,true,12,2016-04-01,2017-03-31,0
2017-01-31,46440,2016-03-31,3,,,,,,,,,,,,,,,,,,,,9590000000,8909000000,0.925,924.21,8870000000,,,,,,,,,,,,true,false,12,2015-04-01,2016-03-31,-1
2017-01-31,46440,2016-03-31,3,,,,,,,,,,,,,,,,,,,,,,,,,,,,,32.00,,,,10649000,1051365,,false,false,12,2015-04-01,2016-03-31,-1
2017-01-31,46440,2017-03-31,3,,,,,,,,,,,,,,,,,,,,,,,,,,,,,10.00,,,,,,,false,false,12,2016-04-01,2017-03-31,0
2017-01-31,46440,2017-03-31,3,,,,,,,,,,,,,,,,,,,,,,,,,,,,,22.00,,,,,,,false,true,12,2016-04-01,2017-03-31,0
2017-01-31,46440,2017-03-31,3,,,,,,,,,,,,,,,,,,,,,,,,,,,,,,,,,10649000,1051365,9597635,false,false,9,2016-04-01,2016-12-31,0
2017-01-31,46440,2016-03-31,3,,,,,,,,,,,,,,,,,,,,,,,,,,,,,,,,,,,9597679,false,false,9,2015-04-01,2015-12-31,-1
2017-01-31,46440,2017-03-31,,4120000000,-0.095,,,,,500000000,-0.465,658000000,-0.331,,514000000,,53.55,,,,,,,,,,,,,,,,,,,,,,true,true,12,2016-04-01,2017-03-31,0
2017-01-31,46440,2016-03-31,,4540000000,,,,,,848000000,,980000000,,,500000000,,52.16,,,,,,,,,,,,,,,,,,,,,,true,false,12,2015-04-01,2016-03-31,-1
2017-05-15,46440,2017-03-31,,4306000000,-0.052,,,,,602000000,-0.290,807000000,-0.176,,594000000,,61.94,,0.066,0.083,0.140,,9758000000,9242000000,0.943,959.10,9205000000,16000000,-5059000000,-245000000,545000000,,0.355,,,,,,true,false,12,2016-04-01,2017-03-31,0
2017-05-15,46440,2016-03-31,,4540000000,0.261,,,,,848000000,0.175,980000000,0.265,,500000000,,52.16,,0.057,0.103,0.187,,9590000000,8909000000,0.925,924.21,8870000000,349000000,-1659000000,-164000000,5864000000,,0.613,,,,,,true,false,12,2015-04-01,2016-03-31,-1
2017-05-15,46440,2018-03-31,,4000000000,-0.071,,,,,400000000,-0.336,562000000,-0.303,,400000000,,41.67,,,,,,,,,,,,,,,,0.528,,,,,,true,true,12,2017-04-01,2018-03-31,1
2017-05-15,46440,2017-03-31,,4280000000,0.084,,,,,708000000,-0.082,910000000,0.002,930000000,,0.750,96.91,,,,,,9826000000,9289000000,0.945,967.82,9288000000,,,,,22.00,,,,10649000,1051365,9597635,false,false,12,2016-04-01,2017-03-31,0
2017-05-15,46440,2016-03-31,,3948000000,0.265,,,,,772000000,0.120,908000000,0.215,531000000,,0.132,55.38,,,,,,9173000000,8621000000,0.940,897.96,8618000000,,,,,32.00,,,,10649000,1051365,9597672,false,false,12,2015-04-01,2016-03-31,-1
2017-05-15,46440,2018-03-31,,,,,,,,,,,,,,,,,,,,,,,,,,,,,,22.00,,,,,,,false,true,12,2017-04-01,2018-03-31,1
2017-07-31,46440,2018-03-31,1,1027000000,0.358,,,,,95000000,0.537,149000000,2.349,,103000000,,10.77,,,,,,9712000000,9233000000,0.948,959.75,9211000000,,,,,,,,,,,,true,false,3,2017-04-01,2017-06-30,0
2017-07-31,46440,2017-03-31,1,756000000,-0.289,,,,,61000000,-0.525,44000000,-0.695,,35000000,,3.66,,,,,,,,,,,,,,,,,,,,,,true,false,3,2016-04-01,2016-06-30,-1
2017-07-31,46440,2018-03-31,1,4000000000,-0.071,,,,,400000000,-0.336,562000000,-0.303,400000000,,-0.327,41.67,,,,,,,,,,,,,,,,,,,,,,true,true,12,2017-04-01,2018-03-31,0
2017-07-31,46440,2017-03-31,1,,,,,,,,,,,,,,,,,,,,9758000000,9242000000,0.943,959.10,9205000000,,,,,,,,,,,,true,false,12,2016-04-01,2017-03-31,-1
2017-07-31,46440,2017-03-31,1,,,,,,,,,,,,,,,,,,,,,,,,,,,,,22.00,,,,10649000,1051365,,false,false,12,2016-04-01,2017-03-31,-1
2017-07-31,46440,2018-03-31,1,,,,,,,,,,,,,,,,,,,,,,,,,,,,,22.00,,,,,,,false,true,12,2017-04-01,2018-03-31,0
2017-07-31,46440,2018-03-31,1,,,,,,,,,,,,,,,,,,,,,,,,,,,,,,,,,10649000,1051365,9597635,false,false,3,2017-04-01,2017-06-30,0
2017-07-31,46440,2017-03-31,1,,,,,,,,,,,,,,,,,,,,,,,,,,,,,,,,,,,9597635,false,false,3,2016-04-01,2016-06-30,-1
2017-10-31,46440,2018-03-31,2,2162000000,0.335,,,,,232000000,0.646,423000000,2.070,,173000000,,18.11,,,,,,10048000000,9325000000,0.926,969.97,9309000000,,,,,,,,,,,,true,false,6,2017-04-01,2017-09-30,0
2017-10-31,46440,2017-03-31,2,1619000000,-0.222,,,,,141000000,-0.531,137000000,-0.574,,220000000,,22.99,,,,,,,,,,,,,,,,,,,,,,true,false,6,2016-04-01,2016-09-30,-1
2017-10-31,46440,2018-03-31,2,4000000000,-0.071,,,,,400000000,-0.336,562000000,-0.303,400000000,,-0.327,41.67,,,,,,,,,,,,,,,,,,,,,,true,true,12,2017-04-01,2018-03-31,0
2017-10-31,46440,2017-03-31,2,,,,,,,,,,,,,,,,,,,,9758000000,9242000000,0.943,959.10,9205000000,,,,,,,,,,,,true,false,12,2016-04-01,2017-03-31,-1
2017-10-31,46440,2017-03-31,2,,,,,,,,,,,,,,,,,,,,,,,,,,,,,22.00,,,,10649000,1051365,,false,false,12,2016-04-01,2017-03-31,-1
2017-10-31,46440,2018-03-31,2,,,,,,,,,,,,,,,,,,,,,,,,,,,,,10.00,,,,,,,false,false,12,2017-04-01,2018-03-31,0
2017-10-31,46440,2018-03-31,2,,,,,,,,,,,,,,,,,,,,,,,,,,,,,22.00,,,,,,,false,true,12,2017-04-01,2018-03-31,0
2017-10-31,46440,2018-03-31,2,,,,,,,,,,,,,,,,,,,,,,,,,,,,,,,,,10649000,1051365,9597635,false,false,6,2017-04-01,2017-09-30,0
2017-10-31,46440,2017-03-31,2,,,,,,,,,,,,,,,,,,,,,,,,,,,,,,,,,,,9597635,false,false,6,2016-04-01,2016-09-30,-1
2018-01-31,46440,2018-03-31,3,3486000000,0.220,,,,,516000000,0.580,739000000,0.901,,380000000,,39.65,,,,,,10279000000,9509000000,0.919,984.31,9447000000,,,,,,,,,,,,true,false,9,2017-04-01,2017-12-31,0
2018-01-31,46440,2017-03-31,3,2858000000,-0.152,,,,,326000000,-0.454,389000000,-0.477,,233000000,,24.33,,,,,,,,,,,,,,,,,,,,,,true,false,9,2016-04-01,2016-12-31,-1
2018-01-31,46440,2018-03-31,3,4525000000,0.051,,,,,600000000,-0.003,863000000,0.069,,472000000,,49.17,,,,,,,,,,,,,,,,,,,,,,true,true,12,2017-04-01,2018-03-31,0
2018-01-31,46440,2017-03-31,3,,,,,,,,,,,,,,,,,,,,9758000000,9242000000,0.943,959.10,9205000000,,,,,,,,,,,,true,false,12,2016-04-01,2017-03-31,-1
2018-01-31,46440,2017-03-31,3,,,,,,,,,,,,,,,,,,,,,,,,,,,,,22.00,,,,10649000,1051365,,false,false,12,2016-04-01,2017-03-31,-1
2018-01-31,46440,2018-03-31,3,,,,,,,,,,,,,,,,,,,,,,,,,,,,,10.00,,,,,,,false,false,12,2017-04-01,2018-03-31,0
2018-01-31,46440,2018-03-31,3,,,,,,,,,,,,,,,,,,,,,,,,,,,,,25.00,,,,,,,false,true,12,2017-04-01,2018-03-31,0
2018-01-31,46440,2018-03-31,3,,,,,,,,,,,,,,,,,,,,,,,,,,,,,,,,,10649000,1051365,9597635,false,false,9,2017-04-01,2017-12-31,0
2018-01-31,46440,2017-03-31,3,,,,,,,,,,,,,,,,,,,,,,,,,,,,,,,,,,,9597635,false,false,9,2016-04-01,2016-12-31,-1
2018-01-31,46440,2018-03-31,,4525000000,0.131,,,,,600000000,0.500,863000000,0.536,,472000000,,49.17,,,,,,,,,,,,,,,,,,,,,,true,true,12,2017-04-01,2018-03-31,0
2018-01-31,46440,2017-03-31,,4306000000,,,,,,602000000,,807000000,,,594000000,,61.94,,,,,,,,,,,,,,,,,,,,,,true,false,12,2016-04-01,2017-03-31,-1
2018-01-31,46440,2018-03-31,,,,,,,,,,,,,,,,,,,,,,,,,,,,,,25.00,,,,,,,false,true,12,2017-04-01,2018-03-31,0
2018-01-31,46440,2018-03-31,,,,,,,,,,,,,,,,,,,,,,,,,,,,,,10.00,,,,,,,false,false,12,2017-04-01,2018-03-31,0
2018-01-31,46440,2017-03-31,,,,,,,,,,,,,,,,,,,,,,,,,,,,,,22.00,,,,,,,false,false,12,2016-04-01,2017-03-31,-1
2018-05-15,46440,2018-03-31,,4569000000,0.061,,,,,635000000,0.055,857000000,0.061,,496000000,,51.75,,0.054,0.085,0.139,,10332000000,9398000000,0.904,972.86,9337000000,1197000000,2489000000,-164000000,4049000000,,0.483,,,,,,true,false,12,2017-04-01,2018-03-31,0
2018-05-15,46440,2017-03-31,,4306000000,-0.052,,,,,602000000,-0.290,807000000,-0.176,,594000000,,61.94,,0.066,0.083,0.140,,9758000000,9242000000,0.943,959.10,9205000000,16000000,-5059000000,-245000000,545000000,,0.355,,,,,,true,false,12,2016-04-01,2017-03-31,-1
2018-05-15,46440,2019-03-31,,5350000000,0.171,,,,,650000000,0.023,740000000,-0.137,,500000000,,52.09,,,,,,,,,,,,,,,,0.480,,,,,,true,true,12,2018-04-01,2019-03-31,1
2018-05-15,46440,2018-03-31,,4565000000,0.067,,,,,715000000,0.010,927000000,0.019,541000000,,-0.417,56.46,,,,,,10401000000,9466000000,0.910,986.30,9466000000,,,,,25.00,,,,10649000,1051365,9597635,false,false,12,2017-04-01,2018-03-31,0
2018-05-15,46440,2017-03-31,,4280000000,0.084,,,,,708000000,-0.082,910000000,0.002,930000000,,0.750,96.91,,,,,,9826000000,9289000000,0.945,967.82,9288000000,,,,,22.00,,,,10649000,1051365,9597635,false,false,12,2016-04-01,2017-03-31,-1
2018-05-15,46440,2019-03-31,,,,,,,,,,,,,,,,,,,,,,,,,,,,,,25.00,,,,,,,false,true,12,2018-04-01,2019-03-31,1
2018-07-31,46440,2019-03-31,1,1067000000,0.039,,,,,73000000,-0.223,154000000,0.030,,109000000,,11.44,,,,,,10106000000,9401000000,0.924,973.17,9340000000,,,,,,,,,,,,true,false,3,2018-04-01,2018-06-30,0
2018-07-31,46440,2018-03-31,1,1027000000,0.358,,,,,95000000,0.537,149000000,2.349,,103000000,,10.77,,,,,,,,,,,,,,,,,,,,,,true,false,3,2017-04-01,2017-06-30,-1
2018-07-31,46440,2019-03-31,1,5350000000,0.171,,,,,650000000,0.023,740000000,-0.137,,500000000,,52.09,,,,,,,,,,,,,,,,,,,,,,true,true,12,2018-04-01,2019-03-31,0
2018-07-31,46440,2018-03-31,1,,,,,,,,,,,,,,,,,,,,10332000000,9398000000,0.904,972.86,9337000000,,,,,,,,,,,,true,false,12,2017-04-01,2018-03-31,-1
2018-07-31,46440,2018-03-31,1,,,,,,,,,,,,,,,,,,,,,,,,,,,,,25.00,,,,10649000,1051365,,false,false,12,2017-04-01,2018-03-31,-1
2018-07-31,46440,2019-03-31,1,,,,,,,,,,,,,,,,,,,,,,,,,,,,,25.00,,,,,,,false,true,12,2018-04-01,2019-03-31,0
2018-07-31,46440,2019-03-31,1,,,,,,,,,,,,,,,,,,,,,,,,,,,,,,,,,10649000,1051365,9597635,false,false,3,2018-04-01,2018-06-30,0
2018-07-31,46440,2018-03-31,1,,,,,,,,,,,,,,,,,,,,,,,,,,,,,,,,,,,9597635,false,false,3,2017-04-01,2017-06-30,-1
2018-10-31,46440,2019-03-31,2,2341000000,0.083,,,,,261000000,0.124,371000000,-0.122,,250000000,,26.04,,,,,,10368000000,9623000000,0.921,995.44,9553000000,,,,,,,,,,,,true,false,6,2018-04-01,2018-09-30,0
2018-10-31,46440,2018-03-31,2,2162000000,0.335,,,,,232000000,0.646,423000000,2.070,,173000000,,18.11,,,,,,,,,,,,,,,,,,,,,,true,false,6,2017-04-01,2017-09-30,-1
2018-10-31,46440,2019-03-31,2,5350000000,0.171,,,,,650000000,0.023,740000000,-0.137,,500000000,,52.09,,,,,,,,,,,,,,,,,,,,,,true,true,12,2018-04-01,2019-03-31,0
2018-10-31,46440,2018-03-31,2,,,,,,,,,,,,,,,,,,,,10332000000,9398000000,0.904,972.86,9337000000,,,,,,,,,,,,true,false,12,2017-04-01,2018-03-31,-1
2018-10-31,46440,2018-03-31,2,,,,,,,,,,,,,,,,,,,,,,,,,,,,,25.00,,,,10649000,1051365,,false,false,12,2017-04-01,2018-03-31,-1
2018-10-31,46440,2019-03-31,2,,,,,,,,,,,,,,,,,,,,,,,,,,,,,12.50,,,,,,,false,false,12,2018-04-01,2019-03-31,0
2018-10-31,46440,2019-03-31,2,,,,,,,,,,,,,,,,,,,,,,,,,,,,,25.00,,,,,,,false,true,12,2018-04-01,2019-03-31,0
2018-10-31,46440,2019-03-31,2,,,,,,,,,,,,,,,,,,,,,,,,,,,,,,,,,10649000,1051365,9597635,false,false,6,2018-04-01,2018-09-30,0
2018-10-31,46440,2018-03-31,2,,,,,,,,,,,,,,,,,,,,,,,,,,,,,,,,,,,9597635,false,false,6,2017-04-01,2017-09-30,-1
2019-01-31,46440,2019-03-31,3,3845000000,0.103,,,,,520000000,0.008,596000000,-0.194,,400000000,,41.76,,,,,,10525000000,9618000000,0.907,994.22,9542000000,,,,,,,,,,,,true,false,9,2018-04-01,2018-12-31,0
2019-01-31,46440,2018-03-31,3,3486000000,0.220,,,,,516000000,0.580,739000000,0.901,,380000000,,39.65,,,,,,,,,,,,,,,,,,,,,,true,false,9,2017-04-01,2017-12-31,-1
2019-01-31,46440,2019-03-31,3,5350000000,0.171,,,,,650000000,0.023,740000000,-0.137,,500000000,,52.09,,,,,,,,,,,,,,,,,,,,,,true,true,12,2018-04-01,2019-03-31,0
2019-01-31,46440,2018-03-31,3,,,,,,,,,,,,,,,,,,,,10332000000,9398000000,0.904,972.86,9337000000,,,,,,,,,,,,true,false,12,2017-04-01,2018-03-31,-1
2019-01-31,46440,2018-03-31,3,,,,,,,,,,,,,,,,,,,,,,,,,,,,,25.00,,,,10649000,1051365,,false,false,12,2017-04-01,2018-03-31,-1
2019-01-31,46440,2019-03-31,3,,,,,,,,,,,,,,,,,,,,,,,,,,,,,12.50,,,,,,,false,false,12,2018-04-01,2019-03-31,0
2019-01-31,46440,2019-03-31,3,,,,,,,,,,,,,,,,,,,,,,,,,,,,,25.00,,,,,,,false,true,12,2018-04-01,2019-03-31,0
2019-01-31,46440,2019-03-31,3,,,,,,,,,,,,,,,,,,,,,,,,,,,,,,,,,10649000,1051365,9597635,false,false,9,2018-04-01,2018-12-31,0
2019-01-31,46440,2018-03-31,3,,,,,,,,,,,,,,,,,,,,,,,,,,,,,,,,,,,9597635,false,false,9,2017-04-01,2017-12-31,-1
2019-05-15,46440,2019-03-31,,5164000000,0.130,,,,,706000000,0.113,750000000,-0.124,,503000000,,52.47,,0.053,0.072,0.137,,10671000000,9808000000,0.911,1012.90,9721000000,880000000,1706000000,-266000000,6366000000,,0.476,,,,,,true,false,12,2018-04-01,2019-03-31,0
2019-05-15,46440,2018-03-31,,4569000000,0.061,,,,,635000000,0.055,857000000,0.061,,496000000,,51.75,,0.054,0.085,0.139,,10332000000,9398000000,0.904,972.86,9337000000,1197000000,2489000000,-164000000,4049000000,,0.483,,,,,,true,false,12,2017-04-01,2018-03-31,-1
2019-05-15,46440,2020-03-31,,5200000000,0.007,,,,,710000000,0.005,755000000,0.005,,506000000,,52.72,,,,,,,,,,,,,,,,0.474,,,,,,true,true,12,2019-04-01,2020-03-31,1
2019-05-15,46440,2019-03-31,,5164000000,0.131,,,,,719000000,0.005,762000000,-0.178,535000000,,-0.012,55.77,,,,,,10769000000,9882000000,0.918,1029.64,9882000000,,,,,25.00,,,,10649000,1051365,9597635,false,false,12,2018-04-01,2019-03-31,0
2019-05-15,46440,2018-03-31,,4565000000,0.067,,,,,715000000,0.010,927000000,0.019,541000000,,-0.417,56.46,,,,,,10401000000,9466000000,0.910,986.30,9466000000,,,,,25.00,,,,10649000,1051365,9597635,false,false,12,2017-04-01,2018-03-31,-1
2019-05-15,46440,2020-03-31,,,,,,,,,,,,,,,,,,,,,,,,,,,,,,25.00,,,,,,,false,true,12,2019-04-01,2020-03-31,1
2019-07-31,46440,2020-03-31,1,951000000,-0.109,,,,,73000000,-0.009,71000000,-0.537,,40000000,,4.17,,,,,,10453000000,9689000000,0.918,999.84,9596000000,,,,,,,,,,,,true,false,3,2019-04-01,2019-06-30,0
2019-07-31,46440,2019-03-31,1,1067000000,0.039,,,,,73000000,-0.223,154000000,0.030,,109000000,,11.44,,,,,,,,,,,,,,,,,,,,,,true,false,3,2018-04-01,2018-06-30,-1
2019-07-31,46440,2020-03-31,1,5200000000,0.007,,,,,710000000,0.005,755000000,0.005,,506000000,,52.72,,,,,,,,,,,,,,,,,,,,,,true,true,12,2019-04-01,2020-03-31,0
2019-07-31,46440,2019-03-31,1,,,,,,,,,,,,,,,,,,,,10671000000,9808000000,0.911,1012.90,9721000000,,,,,,,,,,,,true,false,12,2018-04-01,2019-03-31,-1
2019-07-31,46440,2019-03-31,1,,,,,,,,,,,,,,,,,,,,,,,,,,,,,25.00,,,,10649000,1051365,,false,false,12,2018-04-01,2019-03-31,-1
2019-07-31,46440,2020-03-31,1,,,,,,,,,,,,,,,,,,,,,,,,,,,,,25.00,,,,,,,false,true,12,2019-04-01,2020-03-31,0
2019-07-31,46440,2020-03-31,1,,,,,,,,,,,,,,,,,,,,,,,,,,,,,,,,,10649000,1051365,9597635,false,false,3,2019-04-01,2019-06-30,0
2019-07-31,46440,2019-03-31,1,,,,,,,,,,,,,,,,,,,,,,,,,,,,,,,,,,,9597635,false,false,3,2018-04-01,2018-06-30,-1
,46440,2020-03-31,,,,,,,,,,,,,,,,,,,,,,,,,,,,,,30.00,,,,,,,false,true,12,2019-04-01,2020-03-31,0
,46440,2019-03-31,,,,,,,,,,,,,,,,,,,,,,,,,,,,,,25.00,,,,,,,false,false,12,2018-04-01,2019-03-31,-1
2019-10-31,46440,2020-03-31,2,2023000000,-0.136,,,,,237000000,-0.092,262000000,-0.295,,159000000,,16.65,,,,,,10415000000,9828000000,0.934,1013.66,9728000000,,,,,,,,,,,,true,false,6,2019-04-01,2019-09-30,0
2019-10-31,46440,2019-03-31,2,2341000000,0.083,,,,,261000000,0.124,371000000,-0.122,,250000000,,26.04,,,,,,,,,,,,,,,,,,,,,,true,false,6,2018-04-01,2018-09-30,-1
2019-10-31,46440,2020-03-31,2,5200000000,0.007,,,,,710000000,0.005,755000000,0.005,,506000000,,52.72,,,,,,,,,,,,,,,,,,,,,,true,true,12,2019-04-01,2020-03-31,0
2019-10-31,46440,2019-03-31,2,,,,,,,,,,,,,,,,,,,,10671000000,9808000000,0.911,1012.90,9721000000,,,,,,,,,,,,true,false,12,2018-04-01,2019-03-31,-1
2019-10-31,46440,2019-03-31,2,,,,,,,,,,,,,,,,,,,,,,,,,,,,,25.00,,,,10649000,1051365,,false,false,12,2018-04-01,2019-03-31,-1
2019-10-31,46440,2020-03-31,2,,,,,,,,,,,,,,,,,,,,,,,,,,,,,15.00,,,,,,,false,false,12,2019-04-01,2020-03-31,0
2019-10-31,46440,2020-03-31,2,,,,,,,,,,,,,,,,,,,,,,,,,,,,,30.00,,,,,,,false,true,12,2019-04-01,2020-03-31,0
2019-10-31,46440,2020-03-31,2,,,,,,,,,,,,,,,,,,,,,,,,,,,,,,,,,10649000,1051365,9597635,false,false,6,2019-04-01,2019-09-30,0
2019-10-31,46440,2019-03-31,2,,,,,,,,,,,,,,,,,,,,,,,,,,,,,,,,,,,9597635,false,false,6,2018-04-01,2018-09-30,-1
2020-01-31,46440,2020-03-31,3,3283000000,-0.146,,,,,434000000,-0.165,492000000,-0.174,,306000000,,31.89,,,,,,10785000000,9884000000,0.907,1018.97,9779000000,,,,,,,,,,,,true,false,9,2019-04-01,2019-12-31,0
2020-01-31,46440,2019-03-31,3,3845000000,0.103,,,,,520000000,0.008,596000000,-0.194,,400000000,,41.76,,,,,,,,,,,,,,,,,,,,,,true,false,9,2018-04-01,2018-12-31,-1
2020-01-31,46440,2020-03-31,3,5200000000,0.007,,,,,710000000,0.005,755000000,0.005,,506000000,,52.72,,,,,,,,,,,,,,,,,,,,,,true,true,12,2019-04-01,2020-03-31,0
2020-01-31,46440,2019-03-31,3,,,,,,,,,,,,,,,,,,,,10671000000,9808000000,0.911,1012.90,9721000000,,,,,,,,,,,,true,false,12,2018-04-01,2019-03-31,-1
2020-01-31,46440,2019-03-31,3,,,,,,,,,,,,,,,,,,,,,,,,,,,,,25.00,,,,10649000,1051365,,false,false,12,2018-04-01,2019-03-31,-1
2020-01-31,46440,2020-03-31,3,,,,,,,,,,,,,,,,,,,,,,,,,,,,,15.00,,,,,,,false,false,12,2019-04-01,2020-03-31,0
2020-01-31,46440,2020-03-31,3,,,,,,,,,,,,,,,,,,,,,,,,,,,,,30.00,,,,,,,false,true,12,2019-04-01,2020-03-31,0
2020-01-31,46440,2020-03-31,3,,,,,,,,,,,,,,,,,,,,,,,,,,,,,,,,,10649000,1051365,9597635,false,false,9,2019-04-01,2019-12-31,0
2020-01-31,46440,2019-03-31,3,,,,,,,,,,,,,,,,,,,,,,,,,,,,,,,,,,,9597635,false,false,9,2018-04-01,2018-12-31,-1
2020-03-19,46440,2020-03-31,,5800000000,0.115,,,,,1120000000,0.577,1100000000,0.457,,740000000,,77.10,,,,,,,,,,,,,,,,,,,,,,true,true,12,2019-04-01,2020-03-31,0
2020-03-19,46440,2019-03-31,,5164000000,,,,,,706000000,,750000000,,,503000000,,52.47,,,,,,,,,,,,,,,,,,,,,,true,false,12,2018-04-01,2019-03-31,-1
2020-05-15,46440,2020-03-31,,5824000000,0.128,,,,,1126000000,0.594,1132000000,0.507,,778000000,,81.16,,0.078,0.100,0.193,,12039000000,10373000000,0.850,1065.70,10228000000,934000000,410000000,-267000000,7438000000,,0.370,,,,,,true,false,12,2019-04-01,2020-03-31,0
2020-05-15,46440,2019-03-31,,5164000000,0.130,,,,,706000000,0.113,750000000,-0.124,,503000000,,52.47,,0.053,0.072,0.137,,10671000000,9808000000,0.911,1012.90,9721000000,880000000,1706000000,-266000000,6366000000,,0.476,,,,,,true,false,12,2018-04-01,2019-03-31,-1
2020-05-15,46440,2021-03-31,,6630000000,0.138,,,,,1200000000,0.065,1250000000,0.104,,670000000,,69.80,,,,,,,,,,,,,,,,0.430,,,,,,true,true,12,2020-04-01,2021-03-31,1
2020-05-15,46440,2020-03-31,,5824000000,0.128,,,,,903000000,0.256,909000000,0.193,630000000,,0.178,65.70,,,,,,11957000000,10232000000,0.856,1066.17,10232000000,,,,,30.00,,,,10649000,1051457,9597617,false,false,12,2019-04-01,2020-03-31,0
2020-05-15,46440,2019-03-31,,5164000000,0.131,,,,,719000000,0.005,762000000,-0.178,535000000,,-0.012,55.77,,,,,,10769000000,9882000000,0.918,1029.64,9882000000,,,,,25.00,,,,10649000,1051365,9597635,false,false,12,2018-04-01,2019-03-31,-1
2020-05-15,46440,2021-03-31,,,,,,,,,,,,,,,,,,,,,,,,,,,,,,30.00,,,,,,,false,true,12,2020-04-01,2021-03-31,1
2020-07-31,46440,2021-03-31,1,1864000000,0.960,,,,,444000000,5.075,455000000,5.387,,283000000,,29.51,,,,,,11537000000,10558000000,0.900,1081.87,10383000000,,,,,,,,,,,,true,false,3,2020-04-01,2020-06-30,0
2020-07-31,46440,2020-03-31,1,951000000,-0.109,,,,,73000000,-0.009,71000000,-0.537,,40000000,,4.17,,,,,,,,,,,,,,,,,,,,,,true,false,3,2019-04-01,2019-06-30,-1
2020-07-31,46440,2021-03-31,1,6630000000,0.138,,,,,1200000000,0.065,1250000000,0.104,670000000,,-0.139,69.80,,,,,,,,,,,,,,,,,,,,,,true,true,12,2020-04-01,2021-03-31,0
2020-07-31,46440,2020-03-31,1,,,,,,,,,,,,,,,,,,,,12039000000,10373000000,0.850,1065.70,10228000000,,,,,,,,,,,,true,false,12,2019-04-01,2020-03-31,-1
2020-07-31,46440,2020-03-31,1,,,,,,,,,,,,,,,,,,,,,,,,,,,,,30.00,,,,10649000,1051457,,false,false,12,2019-04-01,2020-03-31,-1
2020-07-31,46440,2021-03-31,1,,,,,,,,,,,,,,,,,,,,,,,,,,,,,30.00,,,,,,,false,true,12,2020-04-01,2021-03-31,0
2020-07-31,46440,2021-03-31,1,,,,,,,,,,,,,,,,,,,,,,,,,,,,,,,,,10649000,1051486,9597535,false,false,3,2020-04-01,2020-06-30,0
2020-07-31,46440,2020-03-31,1,,,,,,,,,,,,,,,,,,,,,,,,,,,,,,,,,,,9597635,false,false,3,2019-04-01,2019-06-30,-1
2020-10-30,46440,2021-03-31,2,3117000000,0.540,,,,,615000000,1.588,639000000,1.438,,413000000,,43.06,,,,,,11250000000,10521000000,0.933,1093.27,10492000000,,,,,,,,,,,,true,false,6,2020-04-01,2020-09-30,0
2020-10-30,46440,2020-03-31,2,2023000000,-0.136,,,,,237000000,-0.092,262000000,-0.295,,159000000,,16.65,,,,,,,,,,,,,,,,,,,,,,true,false,6,2019-04-01,2019-09-30,-1
2020-10-30,46440,2021-03-31,2,6630000000,0.138,,,,,1200000000,0.065,1250000000,0.104,670000000,,-0.139,69.80,,,,,,,,,,,,,,,,,,,,,,true,true,12,2020-04-01,2021-03-31,0
2020-10-30,46440,2020-03-31,2,,,,,,,,,,,,,,,,,,,,12039000000,10373000000,0.850,1065.70,10228000000,,,,,,,,,,,,true,false,12,2019-04-01,2020-03-31,-1
2020-10-30,46440,2020-03-31,2,,,,,,,,,,,,,,,,,,,,,,,,,,,,,30.00,,,,10649000,1051457,,false,false,12,2019-04-01,2020-03-31,-1
2020-10-30,46440,2021-03-31,2,,,,,,,,,,,,,,,,,,,,,,,,,,,,,15.00,,,,,,,false,false,12,2020-04-01,2021-03-31,0
2020-10-30,46440,2021-03-31,2,,,,,,,,,,,,,,,,,,,,,,,,,,,,,30.00,,,,,,,false,true,12,2020-04-01,2021-03-31,0
2020-10-30,46440,2021-03-31,2,,,,,,,,,,,,,,,,,,,,,,,,,,,,,,,,,10649000,1051486,9597526,false,false,6,2020-04-01,2020-09-30,0
2020-10-30,46440,2020-03-31,2,,,,,,,,,,,,,,,,,,,,,,,,,,,,,,,,,,,9597635,false,false,6,2019-04-01,2019-09-30,-1
2021-01-29,46440,2021-03-31,3,5386000000,0.641,,,,,1368000000,2.146,1396000000,1.837,,922000000,,96.14,,,,,,12173000000,10880000000,0.892,1130.80,10852000000,,,,,,,,,,,,true,false,9,2020-04-01,2020-12-31,0
2021-01-29,46440,2020-03-31,3,3283000000,-0.146,,,,,434000000,-0.165,492000000,-0.174,,306000000,,31.89,,,,,,,,,,,,,,,,,,,,,,true,false,9,2019-04-01,2019-12-31,-1
2021-01-29,46440,2021-03-31,3,7000000000,0.202,,,,,1400000000,0.243,1440000000,0.272,,950000000,,98.98,,,,,,,,,,,,,,,,,,,,,,true,true,12,2020-04-01,2021-03-31,0
2021-01-29,46440,2020-03-31,3,,,,,,,,,,,,,,,,,,,,12039000000,10373000000,0.850,1065.70,10228000000,,,,,,,,,,,,true,false,12,2019-04-01,2020-03-31,-1
2021-01-29,46440,2020-03-31,3,,,,,,,,,,,,,,,,,,,,,,,,,,,,,30.00,,,,10649000,1051457,,false,false,12,2019-04-01,2020-03-31,-1
2021-01-29,46440,2021-03-31,3,,,,,,,,,,,,,,,,,,,,,,,,,,,,,15.00,,,,,,,false,false,12,2020-04-01,2021-03-31,0
2021-01-29,46440,2021-03-31,3,,,,,,,,,,,,,,,,,,,,,,,,,,,,,40.00,,,,,,,false,true,12,2020-04-01,2021-03-31,0
2021-01-29,46440,2021-03-31,3,,,,,,,,,,,,,,,,,,,,,,,,,,,,,,,,,10649000,1051530,9597509,false,false,9,2020-04-01,2020-12-31,0
2021-01-29,46440,2020-03-31,3,,,,,,,,,,,,,,,,,,,,,,,,,,,,,,,,,,,9597635,false,false,9,2019-04-01,2019-12-31,-1
2021-01-29,46440,2021-03-31,,7000000000,0.056,,,,,1400000000,0.167,1440000000,0.152,,950000000,,98.98,,,,,,,,,,,,,,,,,,,,,,true,true,12,2020-04-01,2021-03-31,0
2021-01-29,46440,2020-03-31,,5824000000,,,,,,1126000000,,1132000000,,,778000000,,81.16,,,,,,,,,,,,,,,,,,,,,,true,false,12,2019-04-01,2020-03-31,-1
2021-01-29,46440,2021-03-31,,,,,,,,,,,,,,,,,,,,,,,,,,,,,,40.00,,,,,,,false,true,12,2020-04-01,2021-03-31,0
2021-01-29,46440,2021-03-31,,,,,,,,,,,,,,,,,,,,,,,,,,,,,,15.00,,,,,,,false,false,12,2020-04-01,2021-03-31,0
2021-01-29,46440,2020-03-31,,,,,,,,,,,,,,,,,,,,,,,,,,,,,,30.00,,,,,,,false,false,12,2019-04-01,2020-03-31,-1
2021-05-14,46440,2021-03-31,,7205000000,0.237,,,,,1423000000,0.264,1524000000,0.346,,1021000000,,106.46,,0.096,0.124,0.198,,12500000000,11059000000,0.881,1147.63,11014000000,818000000,104000000,-436000000,7923000000,,0.376,,,,,,true,false,12,2020-04-01,2021-03-31,0
2021-05-14,46440,2020-03-31,,5824000000,0.128,,,,,1126000000,0.594,1132000000,0.507,,778000000,,81.16,,0.078,0.100,0.193,,12039000000,10373000000,0.850,1065.70,10228000000,934000000,410000000,-267000000,7438000000,,0.370,,,,,,true,false,12,2019-04-01,2020-03-31,-1
2021-05-14,46440,2022-03-31,,7300000000,0.013,,,,,1300000000,-0.087,1350000000,-0.114,,890000000,,92.73,,,,,,,,,,,,,,,,0.324,,,,,,true,true,12,2021-04-01,2022-03-31,1
2021-05-14,46440,2021-03-31,,7205000000,0.237,,,,,1299000000,0.438,1402000000,0.541,976000000,,0.549,101.76,,,,,,12544000000,10973000000,0.875,1143.41,10973000000,,,,,40.00,,,,10649000,1051590,9597488,false,false,12,2020-04-01,2021-03-31,0
2021-05-14,46440,2020-03-31,,5824000000,0.128,,,,,903000000,0.256,909000000,0.193,630000000,,0.178,65.70,,,,,,11957000000,10232000000,0.856,1066.17,10232000000,,,,,30.00,,,,10649000,1051457,9597617,false,false,12,2019-04-01,2020-03-31,-1
2021-05-14,46440,2022-03-31,,,,,,,,,,,,,,,,,,,,,,,,,,,,,,30.00,,,,,,,false,true,12,2021-04-01,2022-03-31,1
2021-07-30,46440,2022-03-31,1,1585000000,-0.150,,,,,356000000,-0.198,374000000,-0.178,,245000000,,25.58,,,,,,12048000000,11039000000,0.912,1144.79,10987000000,,,,,,,,,,,,true,false,3,2021-04-01,2021-06-30,0
2021-07-30,46440,2021-03-31,1,1864000000,0.960,,,,,444000000,5.075,455000000,5.387,,283000000,,29.51,,,,,,,,,,,,,,,,,,,,,,true,false,3,2020-04-01,2020-06-30,-1
2021-07-30,46440,2022-03-31,1,7300000000,0.013,,,,,1300000000,-0.087,1350000000,-0.114,,890000000,,92.73,,,,,,,,,,,,,,,,,,,,,,true,true,12,2021-04-01,2022-03-31,0
2021-07-30,46440,2021-03-31,1,,,,,,,,,,,,,,,,,,,,12500000000,11059000000,0.881,1147.63,11014000000,,,,,,,,,,,,true,false,12,2020-04-01,2021-03-31,-1
2021-07-30,46440,2021-03-31,1,,,,,,,,,,,,,,,,,,,,,,,,,,,,,40.00,,,,10649000,1051590,,false,false,12,2020-04-01,2021-03-31,-1
2021-07-30,46440,2022-03-31,1,,,,,,,,,,,,,,,,,,,,,,,,,,,,,30.00,,,,,,,false,true,12,2021-04-01,2022-03-31,0
2021-07-30,46440,2022-03-31,1,,,,,,,,,,,,,,,,,,,,,,,,,,,,,,,,,10649000,1051590,9597410,false,false,3,2021-04-01,2021-06-30,0
2021-07-30,46440,2021-03-31,1,,,,,,,,,,,,,,,,,,,,,,,,,,,,,,,,,,,9597535,false,false,3,2020-04-01,2020-06-30,-1
2021-10-29,46440,2022-03-31,2,3146000000,0.009,,,,,640000000,0.040,678000000,0.062,,448000000,,46.69,,,,,,12587000000,11262000000,0.890,1167.56,11205000000,,,,,,,,,,,,true,false,6,2021-04-01,2021-09-30,0
2021-10-29,46440,2021-03-31,2,3117000000,0.540,,,,,615000000,1.588,639000000,1.438,,413000000,,43.06,,,,,,,,,,,,,,,,,,,,,,true,false,6,2020-04-01,2020-09-30,-1
2021-10-29,46440,2022-03-31,2,7300000000,0.013,,,,,1300000000,-0.087,1350000000,-0.114,,890000000,,92.73,,,,,,,,,,,,,,,,,,,,,,true,true,12,2021-04-01,2022-03-31,0
2021-10-29,46440,2021-03-31,2,,,,,,,,,,,,,,,,,,,,12500000000,11059000000,0.881,1147.63,11014000000,,,,,,,,,,,,true,false,12,2020-04-01,2021-03-31,-1
2021-10-29,46440,2021-03-31,2,,,,,,,,,,,,,,,,,,,,,,,,,,,,,40.00,,,,10649000,1051590,,false,false,12,2020-04-01,2021-03-31,-1
2021-10-29,46440,2022-03-31,2,,,,,,,,,,,,,,,,,,,,,,,,,,,,,15.00,,,,,,,false,false,12,2021-04-01,2022-03-31,0
2021-10-29,46440,2022-03-31,2,,,,,,,,,,,,,,,,,,,,,,,,,,,,,30.00,,,,,,,false,true,12,2021-04-01,2022-03-31,0
2021-10-29,46440,2022-03-31,2,,,,,,,,,,,,,,,,,,,,,,,,,,,,,,,,,10649000,1051590,9597410,false,false,6,2021-04-01,2021-09-30,0
2021-10-29,46440,2021-03-31,2,,,,,,,,,,,,,,,,,,,,,,,,,,,,,,,,,,,9597526,false,false,6,2020-04-01,2020-09-30,-1
2022-01-31,46440,2022-03-31,3,4802000000,-0.108,,,,,920000000,-0.328,993000000,-0.289,,653000000,,68.14,,,,,,12297000000,11363000000,0.919,1177.61,11302000000,,,,,,,,,,,,true,false,9,2021-04-01,2021-12-31,0
2022-01-31,46440,2021-03-31,3,5386000000,0.641,,,,,1368000000,2.146,1396000000,1.837,,922000000,,96.14,,,,,,,,,,,,,,,,,,,,,,true,false,9,2020-04-01,2020-12-31,-1
2022-01-31,46440,2022-03-31,3,7300000000,0.013,,,,,1300000000,-0.087,1350000000,-0.114,,890000000,,92.73,,,,,,,,,,,,,,,,,,,,,,true,true,12,2021-04-01,2022-03-31,0
2022-01-31,46440,2021-03-31,3,,,,,,,,,,,,,,,,,,,,12500000000,11059000000,0.881,1147.63,11014000000,,,,,,,,,,,,true,false,12,2020-04-01,2021-03-31,-1
2022-01-31,46440,2021-03-31,3,,,,,,,,,,,,,,,,,,,,,,,,,,,,,40.00,,,,10649000,1051590,,false,false,12,2020-04-01,2021-03-31,-1
2022-01-31,46440,2022-03-31,3,,,,,,,,,,,,,,,,,,,,,,,,,,,,,15.00,,,,,,,false,false,12,2021-04-01,2022-03-31,0
2022-01-31,46440,2022-03-31,3,,,,,,,,,,,,,,,,,,,,,,,,,,,,,30.00,,,,,,,false,true,12,2021-04-01,2022-03-31,0
2022-01-31,46440,2022-03-31,3,,,,,,,,,,,,,,,,,,,,,,,,,,,,,,,,,10649000,1051590,9597410,false,false,9,2021-04-01,2021-12-31,0
2022-01-31,46440,2021-03-31,3,,,,,,,,,,,,,,,,,,,,,,,,,,,,,,,,,,,9597509,false,false,9,2020-04-01,2020-12-31,-1
,46440,2022-03-31,,,,,,,,,,,,,,,,,,,,,,,,,,,,,,32.00,,,,,,,false,true,12,2021-04-01,2022-03-31,0
,46440,2022-03-31,,,,,,,,,,,,,,,,,,,,,,,,,,,,,,15.00,,,,,,,false,false,12,2021-04-01,2022-03-31,0
,46440,2021-03-31,,,,,,,,,,,,,,,,,,,,,,,,,,,,,,40.00,,,,,,,false,false,12,2020-04-01,2021-03-31,-1
2022-03-23,46440,2022-03-31,,6300000000,-0.137,,,,,1130000000,-0.131,1230000000,-0.089,,830000000,,86.48,,,,,,,,,,,,,,,,,,,,,,true,true,12,2021-04-01,2022-03-31,0
2022-03-23,46440,2021-03-31,,7205000000,,,,,,1423000000,,1524000000,,,1021000000,,106.46,,,,,,,,,,,,,,,,,,,,,,true,false,12,2020-04-01,2021-03-31,-1
2022-05-16,46440,2022-03-31,,6331000000,-0.121,,,,,1177000000,-0.173,1337000000,-0.123,,890000000,,92.82,,0.079,0.106,0.186,,12658000000,11693000000,0.919,1211.73,11629000000,311000000,-568000000,-386000000,7300000000,,0.345,,,,,,true,false,12,2021-04-01,2022-03-31,0
2022-05-16,46440,2021-03-31,,7205000000,0.237,,,,,1423000000,0.264,1524000000,0.346,,1021000000,,106.46,,0.096,0.124,0.198,,12500000000,11059000000,0.881,1147.63,11014000000,818000000,104000000,-436000000,7923000000,,0.376,,,,,,true,false,12,2020-04-01,2021-03-31,-1
2022-05-16,46440,2023-03-31,,7300000000,0.153,,,,,750000000,-0.363,1000000000,-0.252,,670000000,,69.81,,,,,,,,,,,,,,,,0.458,,,,,,true,true,12,2022-04-01,2023-03-31,1
2022-05-16,46440,2022-03-31,,6331000000,-0.121,,,,,1135000000,-0.126,1297000000,-0.074,886000000,,-0.092,92.35,,,,,,12620000000,11584000000,0.918,1207.03,11584000000,,,,,32.00,,,,10649000,1051590,9597410,false,false,12,2021-04-01,2022-03-31,0
2022-05-16,46440,2021-03-31,,7205000000,0.237,,,,,1299000000,0.438,1402000000,0.541,976000000,,0.549,101.76,,,,,,12544000000,10973000000,0.875,1143.41,10973000000,,,,,40.00,,,,10649000,1051590,9597488,false,false,12,2020-04-01,2021-03-31,-1
2022-05-16,46440,2023-03-31,,,,,,,,,,,,,,,,,,,,,,,,,,,,,,32.00,,,,,,,false,true,12,2022-04-01,2023-03-31,1
2022-07-29,46440,2023-03-31,1,1506000000,-0.050,,,,,175000000,-0.508,531000000,0.419,,360000000,,37.53,,,,,,12751000000,11807000000,0.921,,11743000000,,,,,,,,,,,,true,false,3,2022-04-01,2022-06-30,0
2022-07-29,46440,2022-03-31,1,1585000000,-0.150,,,,,356000000,-0.198,374000000,-0.178,,245000000,,25.58,,,,,,,,,,,,,,,,,,,,,,true,false,3,2021-04-01,2021-06-30,-1
2022-07-29,46440,2023-03-31,1,7300000000,0.153,,,,,750000000,-0.363,1000000000,-0.252,,670000000,,69.81,,,,,,,,,,,,,,,,,,,,,,true,true,12,2022-04-01,2023-03-31,0
2022-07-29,46440,2022-03-31,1,,,,,,,,,,,,,,,,,,,,12658000000,11693000000,0.919,,11629000000,,,,,,,,,,,,true,false,12,2021-04-01,2022-03-31,-1
2022-07-29,46440,2022-03-31,1,,,,,,,,,,,,,,,,,,,,,,,,,,,,,32.00,,,,10649000,1051590,,false,false,12,2021-04-01,2022-03-31,-1
2022-07-29,46440,2023-03-31,1,,,,,,,,,,,,,,,,,,,,,,,,,,,,,32.00,,,,,,,false,true,12,2022-04-01,2023-03-31,0
2022-07-29,46440,2023-03-31,1,,,,,,,,,,,,,,,,,,,,,,,,,,,,,,,,,10649000,1051590,9597410,false,false,3,2022-04-01,2022-06-30,0
2022-07-29,46440,2022-03-31,1,,,,,,,,,,,,,,,,,,,,,,,,,,,,,,,,,,,9597410,false,false,3,2021-04-01,2021-06-30,-1
2022-10-31,46440,2023-03-31,2,2824000000,-0.102,,,,,180000000,-0.719,594000000,-0.124,,393000000,,40.97,,,,,,12816000000,11855000000,0.920,,11789000000,,,,,,,,,,,,true,false,6,2022-04-01,2022-09-30,0
2022-10-31,46440,2022-03-31,2,3146000000,0.009,,,,,640000000,0.040,678000000,0.062,,448000000,,46.69,,,,,,,,,,,,,,,,,,,,,,true,false,6,2021-04-01,2021-09-30,-1
2022-10-31,46440,2023-03-31,2,7300000000,0.153,,,,,750000000,-0.363,1000000000,-0.252,,670000000,,69.81,,,,,,,,,,,,,,,,,,,,,,true,true,12,2022-04-01,2023-03-31,0
2022-10-31,46440,2022-03-31,2,,,,,,,,,,,,,,,,,,,,12658000000,11693000000,0.919,,11629000000,,,,,,,,,,,,true,false,12,2021-04-01,2022-03-31,-1
2022-10-31,46440,2022-03-31,2,,,,,,,,,,,,,,,,,,,,,,,,,,,,,32.00,,,,10649000,1051590,,false,false,12,2021-04-01,2022-03-31,-1
2022-10-31,46440,2023-03-31,2,,,,,,,,,,,,,,,,,,,,,,,,,,,,,16.00,,,,,,,false,false,12,2022-04-01,2023-03-31,0
2022-10-31,46440,2023-03-31,2,,,,,,,,,,,,,,,,,,,,,,,,,,,,,32.00,,,,,,,false,true,12,2022-04-01,2023-03-31,0
2022-10-31,46440,2023-03-31,2,,,,,,,,,,,,,,,,,,,,,,,,,,,,,,,,,10649000,1038304,9603104,false,false,6,2022-04-01,2022-09-30,0
2022-10-31,46440,2022-03-31,2,,,,,,,,,,,,,,,,,,,,,,,,,,,,,,,,,,,9597410,false,false,6,2021-04-01,2021-09-30,-1
2023-01-31,46440,2023-03-31,3,5121000000,0.066,,,,,681000000,-0.260,981000000,-0.012,,676000000,,70.47,,,,,,13327000000,11990000000,0.894,,11918000000,,,,,,,,,,,,true,false,9,2022-04-01,2022-12-31,0
2023-01-31,46440,2022-03-31,3,4802000000,-0.108,,,,,920000000,-0.328,993000000,-0.289,,653000000,,68.14,,,,,,,,,,,,,,,,,,,,,,true,false,9,2021-04-01,2021-12-31,-1
2023-01-31,46440,2023-03-31,3,7300000000,0.153,,,,,750000000,-0.363,1000000000,-0.252,,670000000,,69.81,,,,,,,,,,,,,,,,,,,,,,true,true,12,2022-04-01,2023-03-31,0
2023-01-31,46440,2022-03-31,3,,,,,,,,,,,,,,,,,,,,12658000000,11693000000,0.919,,11629000000,,,,,,,,,,,,true,false,12,2021-04-01,2022-03-31,-1
2023-01-31,46440,2022-03-31,3,,,,,,,,,,,,,,,,,,,,,,,,,,,,,32.00,,,,10649000,1051590,,false,false,12,2021-04-01,2022-03-31,-1
2023-01-31,46440,2023-03-31,3,,,,,,,,,,,,,,,,,,,,,,,,,,,,,16.00,,,,,,,false,false,12,2022-04-01,2023-03-31,0
2023-01-31,46440,2023-03-31,3,,,,,,,,,,,,,,,,,,,,,,,,,,,,,32.00,,,,,,,false,true,12,2022-04-01,2023-03-31,0
2023-01-31,46440,2023-03-31,3,,,,,,,,,,,,,,,,,,,,,,,,,,,,,,,,,10649000,1038304,9605381,false,false,9,2022-04-01,2022-12-31,0
2023-01-31,46440,2022-03-31,3,,,,,,,,,,,,,,,,,,,,,,,,,,,,,,,,,,,9597410,false,false,9,2021-04-01,2021-12-31,-1
2023-05-15,46440,2023-03-31,,6640000000,0.049,,,,,596000000,-0.494,932000000,-0.303,,610000000,,63.58,,0.052,0.071,0.090,,13664000000,11915000000,0.867,1232.46,11844000000,67000000,3081000000,-320000000,10148000000,,0.503,,,,,,true,false,12,2022-04-01,2023-03-31,0
2023-05-15,46440,2022-03-31,,6331000000,-0.121,,,,,1177000000,-0.173,1337000000,-0.123,,890000000,,92.82,,0.079,0.106,0.186,,12658000000,11693000000,0.919,1211.73,11629000000,311000000,-568000000,-386000000,7300000000,,0.345,,,,,,true,false,12,2021-04-01,2022-03-31,-1
2023-05-15,46440,2024-03-31,,6750000000,0.016,,,,,450000000,-0.245,760000000,-0.185,510000000,,-0.165,53.06,,,,,,,,,,,,,,,,0.754,,,,,,true,true,12,2023-04-01,2024-03-31,1
2023-05-15,46440,2023-03-31,,6640000000,0.049,,,,,563000000,-0.503,902000000,-0.304,595000000,,-0.328,61.96,,,,,,13600000000,11784000000,0.866,1226.15,11784000000,,,,,32.00,,,,10649000,1038304,9606608,false,false,12,2022-04-01,2023-03-31,0
2023-05-15,46440,2022-03-31,,6331000000,-0.121,,,,,1135000000,-0.126,1297000000,-0.074,886000000,,-0.092,92.35,,,,,,12620000000,11584000000,0.918,1207.03,11584000000,,,,,32.00,,,,10649000,1051590,9597410,false,false,12,2021-04-01,2022-03-31,-1
2023-05-15,46440,2024-03-31,,,,,,,,,,,,,,,,,,,,,,,,,,,,,,40.00,,,,,,,false,true,12,2023-04-01,2024-03-31,1
2023-07-31,46440,2024-03-31,1,1385000000,-0.080,,,,,47000000,-0.730,158000000,-0.701,,107000000,,11.15,,,,,,12655000000,11895000000,0.935,,11828000000,,,,,,,,,,,,true,false,3,2023-04-01,2023-06-30,0
2023-07-31,46440,2023-03-31,1,1506000000,-0.050,,,,,175000000,-0.508,531000000,0.419,,360000000,,37.53,,,,,,,,,,,,,,,,,,,,,,true,false,3,2022-04-01,2022-06-30,-1
2023-07-31,46440,2024-03-31,1,6750000000,0.016,,,,,450000000,-0.245,760000000,-0.185,,510000000,,53.06,,,,,,,,,,,,,,,,,,,,,,true,true,12,2023-04-01,2024-03-31,0
2023-07-31,46440,2023-03-31,1,,,,,,,,,,,,,,,,,,,,13664000000,11915000000,0.867,,11844000000,,,,,,,,,,,,true,false,12,2022-04-01,2023-03-31,-1
2023-07-31,46440,2023-03-31,1,,,,,,,,,,,,,,,,,,,,,,,,,,,,,32.00,,,,10649000,1038304,,false,false,12,2022-04-01,2023-03-31,-1
2023-07-31,46440,2024-03-31,1,,,,,,,,,,,,,,,,,,,,,,,,,,,,,40.00,,,,,,,false,true,12,2023-04-01,2024-03-31,0
2023-07-31,46440,2024-03-31,1,,,,,,,,,,,,,,,,,,,,,,,,,,,,,,,,,10649000,1038304,9610696,false,false,3,2023-04-01,2023-06-30,0
2023-07-31,46440,2023-03-31,1,,,,,,,,,,,,,,,,,,,,,,,,,,,,,,,,,,,9597410,false,false,3,2022-04-01,2022-06-30,-1
2023-10-31,46440,2024-03-31,2,2765000000,-0.021,,,,,137000000,-0.240,412000000,-0.306,,283000000,,29.53,,,,,,13165000000,12064000000,0.911,,11994000000,,,,,,,,,,,,true,false,6,2023-04-01,2023-09-30,0
2023-10-31,46440,2023-03-31,2,2824000000,-0.102,,,,,180000000,-0.719,594000000,-0.124,,393000000,,40.97,,,,,,,,,,,,,,,,,,,,,,true,false,6,2022-04-01,2022-09-30,-1
2023-10-31,46440,2024-03-31,2,6750000000,0.016,,,,,450000000,-0.245,760000000,-0.185,,510000000,,53.06,,,,,,,,,,,,,,,,,,,,,,true,true,12,2023-04-01,2024-03-31,0
2023-10-31,46440,2023-03-31,2,,,,,,,,,,,,,,,,,,,,13664000000,11915000000,0.867,,11844000000,,,,,,,,,,,,true,false,12,2022-04-01,2023-03-31,-1
2023-10-31,46440,2023-03-31,2,,,,,,,,,,,,,,,,,,,,,,,,,,,,,32.00,,,,10649000,1038304,,false,false,12,2022-04-01,2023-03-31,-1
2023-10-31,46440,2024-03-31,2,,,,,,,,,,,,,,,,,,,,,,,,,,,,,20.00,,,,,,,false,false,12,2023-04-01,2024-03-31,0
2023-10-31,46440,2024-03-31,2,,,,,,,,,,,,,,,,,,,,,,,,,,,,,40.00,,,,,,,false,true,12,2023-04-01,2024-03-31,0
2023-10-31,46440,2024-03-31,2,,,,,,,,,,,,,,,,,,,,,,,,,,,,,,,,,10649000,1027043,9615522,false,false,6,2023-04-01,2023-09-30,0
2023-10-31,46440,2023-03-31,2,,,,,,,,,,,,,,,,,,,,,,,,,,,,,,,,,,,9603104,false,false,6,2022-04-01,2022-09-30,-1
2024-01-31,46440,2024-03-31,3,4233000000,-0.173,,,,,193000000,-0.716,404000000,-0.588,,268000000,,27.88,,,,,,12913000000,11859000000,0.913,,11786000000,,,,,,,,,,,,true,false,9,2023-04-01,2023-12-31,0
2024-01-31,46440,2023-03-31,3,5121000000,0.066,,,,,681000000,-0.260,981000000,-0.012,,676000000,,70.47,,,,,,,,,,,,,,,,,,,,,,true,false,9,2022-04-01,2022-12-31,-1
2024-01-31,46440,2024-03-31,3,6750000000,0.016,,,,,450000000,-0.245,760000000,-0.185,,510000000,,53.06,,,,,,,,,,,,,,,,,,,,,,true,true,12,2023-04-01,2024-03-31,0
2024-01-31,46440,2023-03-31,3,,,,,,,,,,,,,,,,,,,,13664000000,11915000000,0.867,,11844000000,,,,,,,,,,,,true,false,12,2022-04-01,2023-03-31,-1
2024-01-31,46440,2023-03-31,3,,,,,,,,,,,,,,,,,,,,,,,,,,,,,32.00,,,,10649000,1038304,,false,false,12,2022-04-01,2023-03-31,-1
2024-01-31,46440,2024-03-31,3,,,,,,,,,,,,,,,,,,,,,,,,,,,,,20.00,,,,,,,false,false,12,2023-04-01,2024-03-31,0
2024-01-31,46440,2024-03-31,3,,,,,,,,,,,,,,,,,,,,,,,,,,,,,40.00,,,,,,,false,true,12,2023-04-01,2024-03-31,0
2024-01-31,46440,2024-03-31,3,,,,,,,,,,,,,,,,,,,,,,,,,,,,,,,,,10649000,1027043,9617452,false,false,9,2023-04-01,2023-12-31,0
2024-01-31,46440,2023-03-31,3,,,,,,,,,,,,,,,,,,,,,,,,,,,,,,,,,,,9605381,false,false,9,2022-04-01,2022-12-31,-1
2024-03-21,46440,2024-03-31,,5950000000,-0.119,,,,,320000000,-0.289,590000000,-0.224,,400000000,,41.58,,,,,,,,,,,,,,,,,,,,,,true,true,12,2023-04-01,2024-03-31,0
2024-03-21,46440,2023-03-31,,6640000000,,,,,,596000000,,932000000,,,610000000,,63.58,,,,,,,,,,,,,,,,,,,,,,true,false,12,2022-04-01,2023-03-31,-1
,46440,2024-03-31,,,,,,,,,,,,,,,,,,,,,,,,,,,,,,45.00,,,,,,,false,true,12,2023-04-01,2024-03-31,0
,46440,2024-03-31,,,,,,,,,,,,,,,,,,,,,,,,,,,,,,20.00,,,,,,,false,false,12,2023-04-01,2024-03-31,0
,46440,2023-03-31,,,,,,,,,,,,,,,,,,,,,,,,,,,,,,32.00,,,,,,,false,false,12,2022-04-01,2023-03-31,-1
2024-05-15,46440,2024-03-31,,5960000000,-0.102,,,,,345000000,-0.420,656000000,-0.296,,416000000,,43.28,,0.035,0.048,0.058,,13451000000,12041000000,0.890,1243.52,11965000000,175000000,-1679000000,-346000000,8310000000,,1.040,,,,,,true,false,12,2023-04-01,2024-03-31,0
2024-05-15,46440,2023-03-31,,6640000000,0.049,,,,,596000000,-0.494,932000000,-0.303,,610000000,,63.58,,0.052,0.071,0.090,,13664000000,11915000000,0.867,1232.46,11844000000,67000000,3081000000,-320000000,10148000000,,0.503,,,,,,true,false,12,2022-04-01,2023-03-31,-1
2024-05-15,46440,2025-03-31,,6200000000,0.040,,,,,450000000,0.301,670000000,0.020,460000000,,0.105,47.82,,,,,,,,,,,,,,,,0.941,,,,,,true,true,12,2024-04-01,2025-03-31,1
2024-05-15,46440,2024-03-31,,5956000000,-0.103,,,,,329000000,-0.415,639000000,-0.291,409000000,,-0.312,42.56,,,,,,13399000000,11897000000,0.888,1236.50,11897000000,,,,,45.00,,,,10649000,1027043,9618492,false,false,12,2023-04-01,2024-03-31,0
2024-05-15,46440,2023-03-31,,6640000000,0.049,,,,,563000000,-0.503,902000000,-0.304,595000000,,-0.328,61.96,,,,,,13600000000,11784000000,0.866,1226.15,11784000000,,,,,32.00,,,,10649000,1038304,9606608,false,false,12,2022-04-01,2023-03-31,-1
2024-05-15,46440,2025-03-31,,,,,,,,,,,,,,,,,,,,,,,,,,,,,,45.00,,,,,,,false,true,12,2024-04-01,2025-03-31,1
2024-07-31,46440,2025-03-31,1,1391000000,0.004,,,,,82000000,0.738,300000000,0.893,,196000000,,20.42,,,,,,13206000000,12072000000,0.908,,11986000000,,,,,,,,,,,,true,false,3,2024-04-01,2024-06-30,0
2024-07-31,46440,2024-03-31,1,1385000000,-0.080,,,,,47000000,-0.730,158000000,-0.701,,107000000,,11.15,,,,,,,,,,,,,,,,,,,,,,true,false,3,2023-04-01,2023-06-30,-1
2024-07-31,46440,2025-03-31,1,6200000000,0.040,,,,,450000000,0.301,670000000,0.020,,460000000,,47.82,,,,,,,,,,,,,,,,,,,,,,true,true,12,2024-04-01,2025-03-31,0
2024-07-31,46440,2024-03-31,1,,,,,,,,,,,,,,,,,,,,13451000000,12041000000,0.890,,11965000000,,,,,,,,,,,,true,false,12,2023-04-01,2024-03-31,-1
2024-07-31,46440,2024-03-31,1,,,,,,,,,,,,,,,,,,,,,,,,,,,,,45.00,,,,10649000,1027043,,false,false,12,2023-04-01,2024-03-31,-1
2024-07-31,46440,2025-03-31,1,,,,,,,,,,,,,,,,,,,,,,,,,,,,,45.00,,,,,,,false,true,12,2024-04-01,2025-03-31,0
2024-07-31,46440,2025-03-31,1,,,,,,,,,,,,,,,,,,,,,,,,,,,,,,,,,10649000,1027043,9621957,false,false,3,2024-04-01,2024-06-30,0
2024-07-31,46440,2024-03-31,1,,,,,,,,,,,,,,,,,,,,,,,,,,,,,,,,,,,9610696,false,false,3,2023-04-01,2023-06-30,-1
2024-10-31,46440,2025-03-31,2,2809000000,0.016,,,,,299000000,1.186,503000000,0.222,,332000000,,34.57,,,,,,12754000000,11801000000,0.918,,11712000000,,,,,,,,,,,,true,false,6,2024-04-01,2024-09-30,0
2024-10-31,46440,2024-03-31,2,2765000000,-0.021,,,,,137000000,-0.240,412000000,-0.306,,283000000,,29.53,,,,,,,,,,,,,,,,,,,,,,true,false,6,2023-04-01,2023-09-30,-1
2024-10-31,46440,2025-03-31,2,6200000000,0.040,,,,,450000000,0.301,670000000,0.020,,460000000,,47.82,,,,,,,,,,,,,,,,,,,,,,true,true,12,2024-04-01,2025-03-31,0
2024-10-31,46440,2024-03-31,2,,,,,,,,,,,,,,,,,,,,13451000000,12041000000,0.890,,11965000000,,,,,,,,,,,,true,false,12,2023-04-01,2024-03-31,-1
2024-10-31,46440,2024-03-31,2,,,,,,,,,,,,,,,,,,,,,,,,,,,,,45.00,,,,10649000,1027043,,false,false,12,2023-04-01,2024-03-31,-1
2024-10-31,46440,2025-03-31,2,,,,,,,,,,,,,,,,,,,,,,,,,,,,,22.50,,,,,,,false,false,12,2024-04-01,2025-03-31,0
2024-10-31,46440,2025-03-31,2,,,,,,,,,,,,,,,,,,,,,,,,,,,,,45.00,,,,,,,false,true,12,2024-04-01,2025-03-31,0
2024-10-31,46440,2025-03-31,2,,,,,,,,,,,,,,,,,,,,,,,,,,,,,,,,,10649000,1016946,9626284,false,false,6,2024-04-01,2024-09-30,0
2024-10-31,46440,2024-03-31,2,,,,,,,,,,,,,,,,,,,,,,,,,,,,,,,,,,,9615522,false,false,6,2023-04-01,2023-09-30,-1
2025-01-30,46440,2025-03-31,3,4800000000,0.134,,,,,407000000,1.111,797000000,0.971,,529000000,,55.02,,,,,,13384000000,12093000000,0.897,,11999000000,,,,,,,,,,,,true,false,9,2024-04-01,2024-12-31,0
2025-01-30,46440,2024-03-31,3,4233000000,-0.173,,,,,193000000,-0.716,404000000,-0.588,,268000000,,27.88,,,,,,,,,,,,,,,,,,,,,,true,false,9,2023-04-01,2023-12-31,-1
2025-01-30,46440,2025-03-31,3,6200000000,0.040,,,,,450000000,0.301,670000000,0.020,,460000000,,47.82,,,,,,,,,,,,,,,,,,,,,,true,true,12,2024-04-01,2025-03-31,0
2025-01-30,46440,2024-03-31,3,,,,,,,,,,,,,,,,,,,,13451000000,12041000000,0.890,,11965000000,,,,,,,,,,,,true,false,12,2023-04-01,2024-03-31,-1
2025-01-30,46440,2024-03-31,3,,,,,,,,,,,,,,,,,,,,,,,,,,,,,45.00,,,,10649000,1027043,,false,false,12,2023-04-01,2024-03-31,-1
2025-01-30,46440,2025-03-31,3,,,,,,,,,,,,,,,,,,,,,,,,,,,,,22.50,,,,,,,false,false,12,2024-04-01,2025-03-31,0
2025-01-30,46440,2025-03-31,3,,,,,,,,,,,,,,,,,,,,,,,,,,,,,45.00,,,,,,,false,true,12,2024-04-01,2025-03-31,0
2025-01-30,46440,2025-03-31,3,,,,,,,,,,,,,,,,,,,,,,,,,,,,,,,,,10649000,1016946,9628015,false,false,9,2024-04-01,2024-12-31,0
2025-01-30,46440,2024-03-31,3,,,,,,,,,,,,,,,,,,,,,,,,,,,,,,,,,,,9617452,false,false,9,2023-04-01,2023-12-31,-1
2025-03-26,46440,2025-03-31,,6460000000,0.042,,,,,450000000,0.000,900000000,0.343,,590000000,,61.27,,,,,,,,,,,,,,,,,,,,,,true,true,12,2024-04-01,2025-03-31,0
2025-03-26,46440,2024-03-31,,5960000000,,,,,,345000000,,656000000,,,416000000,,43.28,,,,,,,,,,,,,,,,,,,,,,true,false,12,2023-04-01,2024-03-31,-1
2025-03-26,46440,2025-03-31,,,,,,,,,,,,,,,,,,,,,,,,,,,,,,55.00,,,,,,,false,true,12,2024-04-01,2025-03-31,0
2025-03-26,46440,2025-03-31,,,,,,,,,,,,,,,,,,,,,,,,,,,,,,22.50,,,,,,,false,false,12,2024-04-01,2025-03-31,0
2025-03-26,46440,2024-03-31,,,,,,,,,,,,,,,,,,,,,,,,,,,,,,45.00,,,,,,,false,false,12,2023-04-01,2024-03-31,-1
2025-05-15,46440,2025-03-31,,6486000000,0.088,,,,,458000000,0.326,924000000,0.407,,603000000,,62.62,,0.050,0.069,0.071,,13484000000,12168000000,0.895,1252.49,12064000000,-42000000,1356000000,-460000000,9172000000,,0.878,,,,,,true,false,12,2024-04-01,2025-03-31,0
2025-05-15,46440,2024-03-31,,5960000000,-0.102,,,,,345000000,-0.420,656000000,-0.296,,416000000,,43.28,,0.035,0.048,0.058,,13451000000,12041000000,0.890,1243.52,11965000000,175000000,-1679000000,-346000000,8310000000,,1.040,,,,,,true,false,12,2023-04-01,2024-03-31,-1
2025-05-15,46440,2026-03-31,,2930000000,0.043,,,,,-40000000,-1.134,170000000,-0.663,,110000000,,11.42,,,,,,,,,,,,,,,,,,,,,,true,true,6,2025-04-01,2025-09-30,1
2025-05-15,46440,2026-03-31,,6700000000,0.033,,,,,500000000,0.090,810000000,-0.124,,530000000,,55.02,,,,,,,,,,,,,,,,0.909,,,,,,true,true,12,2025-04-01,2026-03-31,1
2025-05-15,46440,2025-03-31,,6459000000,0.084,,,,,371000000,0.125,837000000,0.310,573000000,,0.401,59.58,,,,,,13354000000,11967000000,0.896,1242.43,11967000000,,,,,55.00,,,,10649000,1016946,9628947,false,false,12,2024-04-01,2025-03-31,0
2025-05-15,46440,2024-03-31,,5956000000,-0.103,,,,,329000000,-0.415,639000000,-0.291,409000000,,-0.312,42.56,,,,,,13399000000,11897000000,0.888,1236.50,11897000000,,,,,45.00,,,,10649000,1027043,9618492,false,false,12,2023-04-01,2024-03-31,-1
2025-05-15,46440,2026-03-31,,,,,,,,,,,,,,,,,,,,,,,,,,,,,,50.00,,,,,,,false,true,12,2025-04-01,2026-03-31,1
