filing_date,code,fiscal_year_end,quarterly_period,net_sales,net_sales_change,revenue,revenue_change,operating_revenue,operating_revenue_change,operating_profit,operating_profit_change,ordinary_profit,ordinary_profit_change,net_income,net_income_of_parent,net_income_change,eps,diluted_eps,roe,roa,operating_profit_to_net_sales,operating_profit_to_revenue,total_assets,net_assets,equity_ratio,bps,owner_equity,operating_cash_flow,investing_cash_flow,financing_cash_flow,cash,dividend_per_share,payout_ratio,commemorative_dividend,extra_dividend,number_of_shares,number_of_treqsury_shares,avg_number_of_shares,is_consolidated,is_forecast,duration,period_start,period_end,period_pos
2015-05-14,46580,2015-03-31,,41275000000,0.035,,,,,2144000000,0.147,2215000000,0.150,1187000000,,0.079,68.90,67.92,0.098,0.080,0.052,,28769000000,14286000000,0.442,737.89,12720000000,1852000000,-121000000,-1196000000,4900000000,,0.363,,,,,,true,false,12,2014-04-01,2015-03-31,0
2015-05-14,46580,2014-03-31,,39868000000,0.121,,,,,1869000000,0.419,1926000000,0.372,1100000000,,0.546,63.84,63.17,0.100,0.075,0.047,,26925000000,12873000000,0.426,665.42,11471000000,2459000000,-369000000,-834000000,4352000000,,0.290,,,,,,true,false,12,2013-04-01,2014-03-31,-1
2015-05-14,46580,2016-03-31,,41500000000,0.005,,,,,2200000000,0.026,2300000000,0.038,,1200000000,,69.61,,,,,,,,,,,,,,,,0.431,,,,,,true,true,12,2015-04-01,2016-03-31,1
2015-05-14,46580,2015-03-31,,27675000000,0.035,,,,,1311000000,0.157,1459000000,0.133,895000000,,0.137,51.94,51.21,,,,,20484000000,10571000000,0.512,607.91,10480000000,,,,,25.00,,,,19892000,2652454,17239546,false,false,12,2014-04-01,2015-03-31,0
2015-05-14,46580,2014-03-31,,26743000000,0.067,,,,,1133000000,0.296,1287000000,0.270,787000000,,0.352,45.70,45.22,,,,,19050000000,9592000000,0.501,553.33,9539000000,,,,,37.00,,,,19892000,2652454,17239614,false,false,12,2013-04-01,2014-03-31,-1
2015-05-14,46580,2016-03-31,,28000000000,0.012,,,,,,,1470000000,0.007,900000000,,0.005,52.21,,,,,,,,,,,,,,,30.00,,,,,,,false,true,12,2015-04-01,2016-03-31,1
2015-07-31,46580,2016-03-31,1,8328000000,0.039,,,,,291000000,0.253,305000000,0.248,,128000000,,7.44,7.33,,,,,27102000000,14324000000,0.470,,12746000000,,,,,,,,,,,,true,false,3,2015-04-01,2015-06-30,0
2015-07-31,46580,2015-03-31,1,8018000000,-0.008,,,,,232000000,0.234,245000000,0.201,,101000000,,5.91,5.84,,,,,,,,,,,,,,,,,,,,,true,false,3,2014-04-01,2014-06-30,-1
2015-07-31,46580,2016-03-31,1,41500000000,0.005,,,,,2200000000,0.026,2300000000,0.038,,1200000000,,69.61,,,,,,,,,,,,,,,,,,,,,,true,true,12,2015-04-01,2016-03-31,0
2015-07-31,46580,2015-03-31,1,,,,,,,,,,,,,,,,,,,,28769000000,14286000000,0.442,,12720000000,,,,,,,,,,,,true,false,12,2014-04-01,2015-03-31,-1
2015-07-31,46580,2015-03-31,1,,,,,,,,,,,,,,,,,,,,,,,,,,,,,25.00,,,,19892000,2652454,,false,false,12,2014-04-01,2015-03-31,-1
2015-07-31,46580,2016-03-31,1,,,,,,,,,,,,,,,,,,,,,,,,,,,,,30.00,,,,,,,false,true,12,2015-04-01,2016-03-31,0
2015-07-31,46580,2016-03-31,1,,,,,,,,,,,,,,,,,,,,,,,,,,,,,,,,,19892000,2652502,17239545,false,false,3,2015-04-01,2015-06-30,0
2015-07-31,46580,2015-03-31,1,,,,,,,,,,,,,,,,,,,,,,,,,,,,,,,,,,,17239546,false,false,3,2014-04-01,2014-06-30,-1
2015-10-30,46580,2016-03-31,2,18735000000,0.044,,,,,1080000000,0.231,1125000000,0.220,,570000000,,33.10,32.60,,,,,26998000000,14534000000,0.476,,12864000000,,,,,,,,,,,,true,false,6,2015-04-01,2015-09-30,0
2015-10-30,46580,2015-03-31,2,17950000000,0.023,,,,,877000000,0.077,922000000,0.090,,450000000,,26.13,25.80,,,,,,,,,,,,,,,,,,,,,true,false,6,2014-04-01,2014-09-30,-1
2015-10-30,46580,2016-03-31,2,41500000000,0.005,,,,,2200000000,0.026,2300000000,0.038,,1200000000,,69.61,,,,,,,,,,,,,,,,,,,,,,true,true,12,2015-04-01,2016-03-31,0
2015-10-30,46580,2015-03-31,2,,,,,,,,,,,,,,,,,,,,28769000000,14286000000,0.442,,12720000000,,,,,,,,,,,,true,false,12,2014-04-01,2015-03-31,-1
2015-10-30,46580,2015-03-31,2,,,,,,,,,,,,,,,,,,,,,,,,,,,,,25.00,,,,19892000,2652454,,false,false,12,2014-04-01,2015-03-31,-1
2015-10-30,46580,2016-03-31,2,,,,,,,,,,,,,,,,,,,,,,,,,,,,,15.00,,,,,,,false,false,12,2015-04-01,2016-03-31,0
2015-10-30,46580,2016-03-31,2,,,,,,,,,,,,,,,,,,,,,,,,,,,,,30.00,,,,,,,false,true,12,2015-04-01,2016-03-31,0
2015-10-30,46580,2016-03-31,2,,,,,,,,,,,,,,,,,,,,,,,,,,,,,,,,,19892000,2626902,17245943,false,false,6,2015-04-01,2015-09-30,0
2015-10-30,46580,2015-03-31,2,,,,,,,,,,,,,,,,,,,,,,,,,,,,,,,,,,,17239546,false,false,6,2014-04-01,2014-09-30,-1
2016-01-29,46580,2016-03-31,3,29404000000,0.041,,,,,1514000000,0.070,1567000000,0.057,,772000000,,44.73,44.06,,,,,29715000000,13897000000,0.460,,13671000000,,,,,,,,,,,,true,false,9,2015-04-01,2015-12-31,0
2016-01-29,46580,2015-03-31,3,28253000000,0.032,,,,,1415000000,0.110,1483000000,0.118,,783000000,,45.46,44.85,,,,,,,,,,,,,,,,,,,,,true,false,9,2014-04-01,2014-12-31,-1
2016-01-29,46580,2016-03-31,3,41500000000,0.005,,,,,2200000000,0.026,2300000000,0.038,,1200000000,,69.61,,,,,,,,,,,,,,,,,,,,,,true,true,12,2015-04-01,2016-03-31,0
2016-01-29,46580,2015-03-31,3,,,,,,,,,,,,,,,,,,,,28769000000,14286000000,0.442,,12720000000,,,,,,,,,,,,true,false,12,2014-04-01,2015-03-31,-1
2016-01-29,46580,2015-03-31,3,,,,,,,,,,,,,,,,,,,,,,,,,,,,,25.00,,,,19892000,2652454,,false,false,12,2014-04-01,2015-03-31,-1
2016-01-29,46580,2016-03-31,3,,,,,,,,,,,,,,,,,,,,,,,,,,,,,15.00,,,,,,,false,false,12,2015-04-01,2016-03-31,0
2016-01-29,46580,2016-03-31,3,,,,,,,,,,,,,,,,,,,,,,,,,,,,,30.00,,,,,,,false,true,12,2015-04-01,2016-03-31,0
2016-01-29,46580,2016-03-31,3,,,,,,,,,,,,,,,,,,,,,,,,,,,,,,,,,19892000,2409682,17261027,false,false,9,2015-04-01,2015-12-31,0
2016-01-29,46580,2015-03-31,3,,,,,,,,,,,,,,,,,,,,,,,,,,,,,,,,,,,17239546,false,false,9,2014-04-01,2014-12-31,-1
2016-04-15,46580,2016-03-31,,42400000000,0.022,,,,,2300000000,0.045,2400000000,0.043,,880000000,,50.82,,,,,,,,,,,,,,,,,,,,,,true,true,12,2015-04-01,2016-03-31,0
2016-04-15,46580,2015-03-31,,41275000000,,,,,,2144000000,,2215000000,,,1187000000,,68.90,,,,,,,,,,,,,,,,,,,,,,true,false,12,2014-04-01,2015-03-31,-1
2016-05-13,46580,2016-03-31,,42579000000,0.032,,,,,2323000000,0.084,2378000000,0.074,,918000000,,26.53,26.13,0.070,0.079,0.055,,31265000000,13789000000,0.434,387.65,13560000000,1758000000,-1830000000,737000000,5555000000,,0.565,,,,,,true,false,12,2015-04-01,2016-03-31,0
2016-05-13,46580,2015-03-31,,41275000000,0.035,,,,,2144000000,0.147,2215000000,0.150,,1187000000,,34.45,33.96,0.098,0.080,0.052,,28769000000,14286000000,0.442,368.95,12720000000,1852000000,-121000000,-1196000000,4900000000,,0.363,,,,,,true,false,12,2014-04-01,2015-03-31,-1
2016-05-13,46580,2017-03-31,,44000000000,0.033,,,,,2350000000,0.011,2400000000,0.009,,1400000000,,40.02,,,,,,,,,,,,,,,,0.500,,,,,,true,true,12,2016-04-01,2017-03-31,1
2016-05-13,46580,2016-03-31,,27900000000,0.008,,,,,1464000000,0.117,1647000000,0.129,967000000,,0.080,27.93,27.50,,,,,22373000000,11331000000,0.501,320.70,11218000000,,,,,30.00,,,,35784000,802164,34634091,false,false,12,2015-04-01,2016-03-31,0
2016-05-13,46580,2015-03-31,,27675000000,0.035,,,,,1311000000,0.157,1459000000,0.133,895000000,,0.137,25.97,25.60,,,,,20484000000,10571000000,0.512,303.95,10480000000,,,,,25.00,,,,39784000,5304908,34479092,false,false,12,2014-04-01,2015-03-31,-1
2016-05-13,46580,2017-03-31,,30000000000,0.075,,,,,,,1650000000,0.001,1300000000,,0.344,37.16,,,,,,,,,,,,,,,20.00,,,,,,,false,true,12,2016-04-01,2017-03-31,1
2016-07-29,46580,2017-03-31,1,8882000000,0.066,,,,,353000000,0.212,373000000,0.221,,184000000,,5.28,5.21,,,,,29707000000,13694000000,0.453,,13462000000,,,,,,,,,,,,true,false,3,2016-04-01,2016-06-30,0
2016-07-29,46580,2016-03-31,1,8328000000,0.039,,,,,291000000,0.253,305000000,0.248,,128000000,,3.72,3.67,,,,,,,,,,,,,,,,,,,,,true,false,3,2015-04-01,2015-06-30,-1
2016-07-29,46580,2017-03-31,1,44000000000,0.033,,,,,2350000000,0.011,2400000000,0.009,,1400000000,,40.02,,,,,,,,,,,,,,,,,,,,,,true,true,12,2016-04-01,2017-03-31,0
2016-07-29,46580,2016-03-31,1,,,,,,,,,,,,,,,,,,,,31265000000,13789000000,0.434,,13560000000,,,,,,,,,,,,true,false,12,2015-04-01,2016-03-31,-1
2016-07-29,46580,2016-03-31,1,,,,,,,,,,,,,,,,,,,,,,,,,,,,,30.00,,,,35784000,802164,,false,false,12,2015-04-01,2016-03-31,-1
2016-07-29,46580,2017-03-31,1,,,,,,,,,,,,,,,,,,,,,,,,,,,,,20.00,,,,,,,false,true,12,2016-04-01,2017-03-31,0
2016-07-29,46580,2017-03-31,1,,,,,,,,,,,,,,,,,,,,,,,,,,,,,,,,,35784000,756964,35011638,false,false,3,2016-04-01,2016-06-30,0
2016-07-29,46580,2016-03-31,1,,,,,,,,,,,,,,,,,,,,,,,,,,,,,,,,,,,34479091,false,false,3,2015-04-01,2015-06-30,-1
2016-10-31,46580,2017-03-31,2,18943000000,0.011,,,,,940000000,-0.129,996000000,-0.115,,588000000,,16.80,16.56,,,,,28786000000,14194000000,0.485,,13953000000,,,,,,,,,,,,true,false,6,2016-04-01,2016-09-30,0
2016-10-31,46580,2016-03-31,2,18735000000,0.044,,,,,1080000000,0.231,1125000000,0.220,,570000000,,16.55,16.30,,,,,,,,,,,,,,,,,,,,,true,false,6,2015-04-01,2015-09-30,-1
2016-10-31,46580,2017-03-31,2,44000000000,0.033,,,,,2350000000,0.011,2400000000,0.009,,1400000000,,40.02,,,,,,,,,,,,,,,,,,,,,,true,true,12,2016-04-01,2017-03-31,0
2016-10-31,46580,2016-03-31,2,,,,,,,,,,,,,,,,,,,,31265000000,13789000000,0.434,,13560000000,,,,,,,,,,,,true,false,12,2015-04-01,2016-03-31,-1
2016-10-31,46580,2016-03-31,2,,,,,,,,,,,,,,,,,,,,,,,,,,,,,30.00,,,,35784000,802164,,false,false,12,2015-04-01,2016-03-31,-1
2016-10-31,46580,2017-03-31,2,,,,,,,,,,,,,,,,,,,,,,,,,,,,,10.00,,,,,,,false,false,12,2016-04-01,2017-03-31,0
2016-10-31,46580,2017-03-31,2,,,,,,,,,,,,,,,,,,,,,,,,,,,,,20.00,,,,,,,false,true,12,2016-04-01,2017-03-31,0
2016-10-31,46580,2017-03-31,2,,,,,,,,,,,,,,,,,,,,,,,,,,,,,,,,,35784000,756964,35019379,false,false,6,2016-04-01,2016-09-30,0
2016-10-31,46580,2016-03-31,2,,,,,,,,,,,,,,,,,,,,,,,,,,,,,,,,,,,34491887,false,false,6,2015-04-01,2015-09-30,-1
2017-01-31,46580,2017-03-31,3,29132000000,-0.009,,,,,1448000000,-0.044,1532000000,-0.022,,921000000,,26.31,25.91,,,,,29130000000,14521000000,0.490,,14266000000,,,,,,,,,,,,true,false,9,2016-04-01,2016-12-31,0
2017-01-31,46580,2016-03-31,3,29404000000,0.041,,,,,1514000000,0.070,1567000000,0.057,,772000000,,22.37,22.03,,,,,,,,,,,,,,,,,,,,,true,false,9,2015-04-01,2015-12-31,-1
2017-01-31,46580,2017-03-31,3,44000000000,0.033,,,,,2350000000,0.011,2400000000,0.009,,1400000000,,40.02,,,,,,,,,,,,,,,,,,,,,,true,true,12,2016-04-01,2017-03-31,0
2017-01-31,46580,2016-03-31,3,,,,,,,,,,,,,,,,,,,,31265000000,13789000000,0.434,,13560000000,,,,,,,,,,,,true,false,12,2015-04-01,2016-03-31,-1
2017-01-31,46580,2016-03-31,3,,,,,,,,,,,,,,,,,,,,,,,,,,,,,30.00,,,,35784000,802164,,false,false,12,2015-04-01,2016-03-31,-1
2017-01-31,46580,2017-03-31,3,,,,,,,,,,,,,,,,,,,,,,,,,,,,,10.00,,,,,,,false,false,12,2016-04-01,2017-03-31,0
2017-01-31,46580,2017-03-31,3,,,,,,,,,,,,,,,,,,,,,,,,,,,,,20.00,,,,,,,false,true,12,2016-04-01,2017-03-31,0
2017-01-31,46580,2017-03-31,3,,,,,,,,,,,,,,,,,,,,,,,,,,,,,,,,,35784000,756964,35021941,false,false,9,2016-04-01,2016-12-31,0
2017-01-31,46580,2016-03-31,3,,,,,,,,,,,,,,,,,,,,,,,,,,,,,,,,,,,34522053,false,false,9,2015-04-01,2015-12-31,-1
2017-05-12,46580,2017-03-31,,43143000000,0.013,,,,,2394000000,0.031,2482000000,0.044,,1497000000,,42.77,42.10,0.105,0.079,0.056,,31944000000,15300000000,0.471,429.21,15044000000,1154000000,-303000000,-1498000000,4896000000,,0.514,,,,,,true,false,12,2016-04-01,2017-03-31,0
2017-05-12,46580,2016-03-31,,42579000000,0.032,,,,,2323000000,0.084,2378000000,0.074,,918000000,,26.53,26.13,0.070,0.079,0.055,,31265000000,13789000000,0.434,387.65,13560000000,1758000000,-1830000000,737000000,5555000000,,0.565,,,,,,true,false,12,2015-04-01,2016-03-31,-1
2017-05-12,46580,2018-03-31,,44000000000,0.020,,,,,2400000000,0.002,2500000000,0.007,,1500000000,,42.80,,,,,,,,,,,,,,,,0.514,,,,,,true,true,12,2017-04-01,2018-03-31,1
2017-05-12,46580,2017-03-31,,28944000000,0.037,,,,,1487000000,0.016,1639000000,-0.005,1355000000,,0.401,38.70,38.10,,,,,23765000000,12659000000,0.527,357.10,12516000000,,,,,22.00,,,,35784000,733364,35024960,false,false,12,2016-04-01,2017-03-31,0
2017-05-12,46580,2016-03-31,,27900000000,0.008,,,,,1464000000,0.117,1647000000,0.129,967000000,,0.080,27.93,27.50,,,,,22373000000,11331000000,0.501,320.70,11218000000,,,,,30.00,,,,35784000,802164,34634091,false,false,12,2015-04-01,2016-03-31,-1
2017-05-12,46580,2018-03-31,,30000000000,0.036,,,,,1500000000,0.008,1700000000,0.037,1200000000,,-0.115,34.24,,,,,,,,,,,,,,,22.00,,,,,,,false,true,12,2017-04-01,2018-03-31,1
2017-07-31,46580,2018-03-31,1,9340000000,0.052,,,,,282000000,-0.200,313000000,-0.160,,121000000,,3.47,3.42,,,,,30692000000,15163000000,0.485,,14887000000,,,,,,,,,,,,true,false,3,2017-04-01,2017-06-30,0
2017-07-31,46580,2017-03-31,1,8882000000,0.066,,,,,353000000,0.212,373000000,0.221,,184000000,,5.28,5.21,,,,,,,,,,,,,,,,,,,,,true,false,3,2016-04-01,2016-06-30,-1
2017-07-31,46580,2018-03-31,1,44000000000,0.020,,,,,2400000000,0.002,2500000000,0.007,,1500000000,,42.80,,,,,,,,,,,,,,,,,,,,,,true,true,12,2017-04-01,2018-03-31,0
2017-07-31,46580,2017-03-31,1,,,,,,,,,,,,,,,,,,,,31944000000,15300000000,0.471,,15044000000,,,,,,,,,,,,true,false,12,2016-04-01,2017-03-31,-1
2017-07-31,46580,2017-03-31,1,,,,,,,,,,,,,,,,,,,,,,,,,,,,,22.00,,,,35784000,733364,,false,false,12,2016-04-01,2017-03-31,-1
2017-07-31,46580,2018-03-31,1,,,,,,,,,,,,,,,,,,,,,,,,,,,,,22.00,,,,,,,false,true,12,2017-04-01,2018-03-31,0
2017-07-31,46580,2018-03-31,1,,,,,,,,,,,,,,,,,,,,,,,,,,,,,,,,,35784000,733364,35050636,false,false,3,2017-04-01,2017-06-30,0
2017-07-31,46580,2017-03-31,1,,,,,,,,,,,,,,,,,,,,,,,,,,,,,,,,,,,35011638,false,false,3,2016-04-01,2016-06-30,-1
2017-10-31,46580,2018-03-31,2,21230000000,0.121,,,,,1252000000,0.332,1309000000,0.315,,784000000,,22.39,22.03,,,,,31276000000,15934000000,0.500,,15639000000,,,,,,,,,,,,true,false,6,2017-04-01,2017-09-30,0
2017-10-31,46580,2017-03-31,2,18943000000,0.011,,,,,940000000,-0.129,996000000,-0.115,,588000000,,16.80,16.56,,,,,,,,,,,,,,,,,,,,,true,false,6,2016-04-01,2016-09-30,-1
2017-10-31,46580,2018-03-31,2,44000000000,0.020,,,,,2400000000,0.002,2500000000,0.007,,1500000000,,42.80,,,,,,,,,,,,,,,,,,,,,,true,true,12,2017-04-01,2018-03-31,0
2017-10-31,46580,2017-03-31,2,,,,,,,,,,,,,,,,,,,,31944000000,15300000000,0.471,,15044000000,,,,,,,,,,,,true,false,12,2016-04-01,2017-03-31,-1
2017-10-31,46580,2017-03-31,2,,,,,,,,,,,,,,,,,,,,,,,,,,,,,22.00,,,,35784000,733364,,false,false,12,2016-04-01,2017-03-31,-1
2017-10-31,46580,2018-03-31,2,,,,,,,,,,,,,,,,,,,,,,,,,,,,,11.00,,,,,,,false,false,12,2017-04-01,2018-03-31,0
2017-10-31,46580,2018-03-31,2,,,,,,,,,,,,,,,,,,,,,,,,,,,,,22.00,,,,,,,false,true,12,2017-04-01,2018-03-31,0
2017-10-31,46580,2018-03-31,2,,,,,,,,,,,,,,,,,,,,,,,,,,,,,,,,,35784000,733364,35050636,false,false,6,2017-04-01,2017-09-30,0
2017-10-31,46580,2017-03-31,2,,,,,,,,,,,,,,,,,,,,,,,,,,,,,,,,,,,35019379,false,false,6,2016-04-01,2016-09-30,-1
2018-01-31,46580,2018-03-31,3,31806000000,0.092,,,,,1672000000,0.155,1766000000,0.153,,1080000000,,30.82,30.30,,,,,31059000000,16237000000,0.513,,15927000000,,,,,,,,,,,,true,false,9,2017-04-01,2017-12-31,0
2018-01-31,46580,2017-03-31,3,29132000000,-0.009,,,,,1448000000,-0.044,1532000000,-0.022,,921000000,,26.31,25.91,,,,,,,,,,,,,,,,,,,,,true,false,9,2016-04-01,2016-12-31,-1
2018-01-31,46580,2018-03-31,3,44000000000,0.020,,,,,2400000000,0.002,2500000000,0.007,,1500000000,,42.80,,,,,,,,,,,,,,,,,,,,,,true,true,12,2017-04-01,2018-03-31,0
2018-01-31,46580,2017-03-31,3,,,,,,,,,,,,,,,,,,,,31944000000,15300000000,0.471,,15044000000,,,,,,,,,,,,true,false,12,2016-04-01,2017-03-31,-1
2018-01-31,46580,2017-03-31,3,,,,,,,,,,,,,,,,,,,,,,,,,,,,,22.00,,,,35784000,733364,,false,false,12,2016-04-01,2017-03-31,-1
2018-01-31,46580,2018-03-31,3,,,,,,,,,,,,,,,,,,,,,,,,,,,,,11.00,,,,,,,false,false,12,2017-04-01,2018-03-31,0
2018-01-31,46580,2018-03-31,3,,,,,,,,,,,,,,,,,,,,,,,,,,,,,22.00,,,,,,,false,true,12,2017-04-01,2018-03-31,0
2018-01-31,46580,2018-03-31,3,,,,,,,,,,,,,,,,,,,,,,,,,,,,,,,,,35784000,733364,35050636,false,false,9,2017-04-01,2017-12-31,0
2018-01-31,46580,2017-03-31,3,,,,,,,,,,,,,,,,,,,,,,,,,,,,,,,,,,,35021941,false,false,9,2016-04-01,2016-12-31,-1
2018-05-14,46580,2018-03-31,,45467000000,0.054,,,,,2481000000,0.036,2579000000,0.039,,1561000000,,44.54,43.78,0.100,0.079,0.055,,33019000000,16349000000,0.487,458.40,16078000000,2898000000,-715000000,-1479000000,5672000000,,0.516,,,,,,true,false,12,2017-04-01,2018-03-31,0
2018-05-14,46580,2017-03-31,,43143000000,0.013,,,,,2394000000,0.031,2482000000,0.044,,1497000000,,42.77,42.10,0.105,0.079,0.056,,31944000000,15300000000,0.471,429.21,15044000000,1154000000,-303000000,-1498000000,4896000000,,0.514,,,,,,true,false,12,2016-04-01,2017-03-31,-1
2018-05-14,46580,2019-03-31,,48000000000,0.056,,,,,2500000000,0.008,2600000000,0.008,,1600000000,,45.62,,,,,,,,,,,,,,,,0.504,,,,,,true,true,12,2018-04-01,2019-03-31,1
2018-05-14,46580,2018-03-31,,30613000000,0.058,,,,,1608000000,0.081,2017000000,0.231,1381000000,,0.019,39.40,38.73,,,,,24679000000,13455000000,0.538,378.38,13271000000,,,,,23.00,,,,35784000,709764,35053769,false,false,12,2017-04-01,2018-03-31,0
2018-05-14,46580,2017-03-31,,28944000000,0.037,,,,,1487000000,0.016,1639000000,-0.005,1355000000,,0.401,38.70,38.10,,,,,23765000000,12659000000,0.527,357.10,12516000000,,,,,22.00,,,,35784000,733364,35024960,false,false,12,2016-04-01,2017-03-31,-1
2018-05-14,46580,2019-03-31,,33000000000,0.078,,,,,1650000000,0.026,2060000000,0.021,1400000000,,0.014,39.92,,,,,,,,,,,,,,,23.00,,,,,,,false,true,12,2018-04-01,2019-03-31,1
2018-07-31,46580,2019-03-31,1,9763000000,0.045,,,,,352000000,0.247,387000000,0.234,,197000000,,5.63,5.53,,,,,31455000000,16282000000,0.508,,15994000000,,,,,,,,,,,,true,false,3,2018-04-01,2018-06-30,0
2018-07-31,46580,2018-03-31,1,9340000000,0.052,,,,,282000000,-0.200,313000000,-0.160,,121000000,,3.47,3.42,,,,,,,,,,,,,,,,,,,,,true,false,3,2017-04-01,2017-06-30,-1
2018-07-31,46580,2019-03-31,1,48000000000,0.056,,,,,2500000000,0.008,2600000000,0.008,,1600000000,,45.62,,,,,,,,,,,,,,,,,,,,,,true,true,12,2018-04-01,2019-03-31,0
2018-07-31,46580,2018-03-31,1,,,,,,,,,,,,,,,,,,,,32780000000,16349000000,0.490,,16078000000,,,,,,,,,,,,true,false,12,2017-04-01,2018-03-31,-1
2018-07-31,46580,2018-03-31,1,,,,,,,,,,,,,,,,,,,,,,,,,,,,,23.00,,,,35784000,709764,,false,false,12,2017-04-01,2018-03-31,-1
2018-07-31,46580,2019-03-31,1,,,,,,,,,,,,,,,,,,,,,,,,,,,,,23.00,,,,,,,false,true,12,2018-04-01,2019-03-31,0
2018-07-31,46580,2019-03-31,1,,,,,,,,,,,,,,,,,,,,,,,,,,,,,,,,,35784000,709813,35074212,false,false,3,2018-04-01,2018-06-30,0
2018-07-31,46580,2018-03-31,1,,,,,,,,,,,,,,,,,,,,,,,,,,,,,,,,,,,35050636,false,false,3,2017-04-01,2017-06-30,-1
2018-10-31,46580,2019-03-31,2,20346000000,-0.042,,,,,1161000000,-0.073,1234000000,-0.057,,804000000,,22.93,22.53,,,,,30831000000,17292000000,0.551,,16990000000,,,,,,,,,,,,true,false,6,2018-04-01,2018-09-30,0
2018-10-31,46580,2018-03-31,2,21230000000,0.121,,,,,1252000000,0.332,1309000000,0.315,,784000000,,22.39,22.03,,,,,,,,,,,,,,,,,,,,,true,false,6,2017-04-01,2017-09-30,-1
2018-10-31,46580,2019-03-31,2,48000000000,0.056,,,,,2500000000,0.008,2600000000,0.008,,1600000000,,45.62,,,,,,,,,,,,,,,,,,,,,,true,true,12,2018-04-01,2019-03-31,0
2018-10-31,46580,2018-03-31,2,,,,,,,,,,,,,,,,,,,,32780000000,16349000000,0.490,,16078000000,,,,,,,,,,,,true,false,12,2017-04-01,2018-03-31,-1
2018-10-31,46580,2018-03-31,2,,,,,,,,,,,,,,,,,,,,,,,,,,,,,23.00,,,,35784000,709764,,false,false,12,2017-04-01,2018-03-31,-1
2018-10-31,46580,2019-03-31,2,,,,,,,,,,,,,,,,,,,,,,,,,,,,,11.50,,,,,,,false,false,12,2018-04-01,2019-03-31,0
2018-10-31,46580,2019-03-31,2,,,,,,,,,,,,,,,,,,,,,,,,,,,,,23.00,,,,,,,false,true,12,2018-04-01,2019-03-31,0
2018-10-31,46580,2019-03-31,2,,,,,,,,,,,,,,,,,,,,,,,,,,,,,,,,,35784000,709813,35074200,false,false,6,2018-04-01,2018-09-30,0
2018-10-31,46580,2018-03-31,2,,,,,,,,,,,,,,,,,,,,,,,,,,,,,,,,,,,35050636,false,false,6,2017-04-01,2017-09-30,-1
2019-01-31,46580,2019-03-31,3,32355000000,0.017,,,,,1869000000,0.118,1984000000,0.123,,1352000000,,38.55,37.85,,,,,31050000000,16822000000,0.532,,16507000000,,,,,,,,,,,,true,false,9,2018-04-01,2018-12-31,0
2019-01-31,46580,2018-03-31,3,31806000000,0.092,,,,,1672000000,0.155,1766000000,0.153,,1080000000,,30.82,30.30,,,,,,,,,,,,,,,,,,,,,true,false,9,2017-04-01,2017-12-31,-1
2019-01-31,46580,2019-03-31,3,48000000000,0.056,,,,,2500000000,0.008,2600000000,0.008,,1600000000,,45.62,,,,,,,,,,,,,,,,,,,,,,true,true,12,2018-04-01,2019-03-31,0
2019-01-31,46580,2018-03-31,3,,,,,,,,,,,,,,,,,,,,32780000000,16349000000,0.490,,16078000000,,,,,,,,,,,,true,false,12,2017-04-01,2018-03-31,-1
2019-01-31,46580,2018-03-31,3,,,,,,,,,,,,,,,,,,,,,,,,,,,,,23.00,,,,35784000,709764,,false,false,12,2017-04-01,2018-03-31,-1
2019-01-31,46580,2019-03-31,3,,,,,,,,,,,,,,,,,,,,,,,,,,,,,11.50,,,,,,,false,false,12,2018-04-01,2019-03-31,0
2019-01-31,46580,2019-03-31,3,,,,,,,,,,,,,,,,,,,,,,,,,,,,,23.00,,,,,,,false,true,12,2018-04-01,2019-03-31,0
2019-01-31,46580,2019-03-31,3,,,,,,,,,,,,,,,,,,,,,,,,,,,,,,,,,35784000,709817,35074194,false,false,9,2018-04-01,2018-12-31,0
2019-01-31,46580,2018-03-31,3,,,,,,,,,,,,,,,,,,,,,,,,,,,,,,,,,,,35050636,false,false,9,2017-04-01,2017-12-31,-1
2019-05-14,46580,2019-03-31,,46389000000,0.020,,,,,2600000000,0.048,2725000000,0.057,,1792000000,,51.11,50.17,0.108,0.082,0.056,,33944000000,17407000000,0.503,486.83,17084000000,2655000000,-127000000,-1343000000,6828000000,,0.509,,,,,,true,false,12,2018-04-01,2019-03-31,0
2019-05-14,46580,2018-03-31,,45467000000,0.054,,,,,2481000000,0.036,2579000000,0.039,,1561000000,,44.54,43.78,0.100,0.080,0.055,,32780000000,16349000000,0.490,458.40,16078000000,2898000000,-715000000,-1479000000,5672000000,,0.516,,,,,,true,false,12,2017-04-01,2018-03-31,-1
2019-05-14,46580,2020-03-31,,48000000000,0.035,,,,,2650000000,0.019,2750000000,0.009,,1750000000,,49.87,,,,,,,,,,,,,,,,0.501,,,,,,true,true,12,2019-04-01,2020-03-31,1
2019-05-14,46580,2019-03-31,,33155000000,0.083,,,,,1910000000,0.188,2354000000,0.167,1224000000,,-0.113,34.92,34.28,,,,,25723000000,13999000000,0.535,392.48,13773000000,,,,,26.00,,,,35784000,691417,35076964,false,false,12,2018-04-01,2019-03-31,0
2019-05-14,46580,2018-03-31,,30613000000,0.058,,,,,1608000000,0.081,2017000000,0.231,1381000000,,0.019,39.40,38.73,,,,,24378000000,13455000000,0.544,378.38,13271000000,,,,,23.00,,,,35784000,709764,35053769,false,false,12,2017-04-01,2018-03-31,-1
2019-05-14,46580,2020-03-31,,34000000000,0.025,,,,,1800000000,-0.058,2200000000,-0.066,1700000000,,0.388,48.44,,,,,,,,,,,,,,,25.00,,,,,,,false,true,12,2019-04-01,2020-03-31,1
2019-07-31,46580,2020-03-31,1,10759000000,0.102,,,,,557000000,0.581,594000000,0.536,,325000000,,9.26,9.09,,,,,33244000000,17346000000,0.512,,17007000000,,,,,,,,,,,,true,false,3,2019-04-01,2019-06-30,0
2019-07-31,46580,2019-03-31,1,9763000000,0.045,,,,,352000000,0.247,387000000,0.234,,197000000,,5.63,5.53,,,,,,,,,,,,,,,,,,,,,true,false,3,2018-04-01,2018-06-30,-1
2019-07-31,46580,2020-03-31,1,48000000000,0.035,,,,,2650000000,0.019,2750000000,0.009,,1750000000,,49.87,,,,,,,,,,,,,,,,,,,,,,true,true,12,2019-04-01,2020-03-31,0
2019-07-31,46580,2019-03-31,1,,,,,,,,,,,,,,,,,,,,33944000000,17407000000,0.503,,17084000000,,,,,,,,,,,,true,false,12,2018-04-01,2019-03-31,-1
2019-07-31,46580,2019-03-31,1,,,,,,,,,,,,,,,,,,,,,,,,,,,,,26.00,,,,35784000,691417,,false,false,12,2018-04-01,2019-03-31,-1
2019-07-31,46580,2020-03-31,1,,,,,,,,,,,,,,,,,,,,,,,,,,,,,25.00,,,,,,,false,true,12,2019-04-01,2020-03-31,0
2019-07-31,46580,2020-03-31,1,,,,,,,,,,,,,,,,,,,,,,,,,,,,,,,,,35784000,691417,35092583,false,false,3,2019-04-01,2019-06-30,0
2019-07-31,46580,2019-03-31,1,,,,,,,,,,,,,,,,,,,,,,,,,,,,,,,,,,,35074212,false,false,3,2018-04-01,2018-06-30,-1
2019-10-31,46580,2020-03-31,2,23521000000,0.156,,,,,1624000000,0.399,1705000000,0.382,,1077000000,,30.71,30.12,,,,,32986000000,18085000000,0.538,,17756000000,,,,,,,,,,,,true,false,6,2019-04-01,2019-09-30,0
2019-10-31,46580,2019-03-31,2,20346000000,-0.042,,,,,1161000000,-0.073,1234000000,-0.057,,804000000,,22.93,22.53,,,,,,,,,,,,,,,,,,,,,true,false,6,2018-04-01,2018-09-30,-1
2019-10-31,46580,2020-03-31,2,48000000000,0.035,,,,,2650000000,0.019,2750000000,0.009,,1750000000,,49.87,,,,,,,,,,,,,,,,,,,,,,true,true,12,2019-04-01,2020-03-31,0
2019-10-31,46580,2019-03-31,2,,,,,,,,,,,,,,,,,,,,33944000000,17407000000,0.503,,17084000000,,,,,,,,,,,,true,false,12,2018-04-01,2019-03-31,-1
2019-10-31,46580,2019-03-31,2,,,,,,,,,,,,,,,,,,,,,,,,,,,,,26.00,,,,35784000,691417,,false,false,12,2018-04-01,2019-03-31,-1
2019-10-31,46580,2020-03-31,2,,,,,,,,,,,,,,,,,,,,,,,,,,,,,12.50,,,,,,,false,false,12,2019-04-01,2020-03-31,0
2019-10-31,46580,2020-03-31,2,,,,,,,,,,,,,,,,,,,,,,,,,,,,,25.00,,,,,,,false,true,12,2019-04-01,2020-03-31,0
2019-10-31,46580,2020-03-31,2,,,,,,,,,,,,,,,,,,,,,,,,,,,,,,,,,35784000,551817,35097160,false,false,6,2019-04-01,2019-09-30,0
2019-10-31,46580,2019-03-31,2,,,,,,,,,,,,,,,,,,,,,,,,,,,,,,,,,,,35074200,false,false,6,2018-04-01,2018-09-30,-1
2020-01-31,46580,2020-03-31,3,34874000000,0.078,,,,,2104000000,0.126,2242000000,0.131,,1428000000,,40.66,39.91,,,,,31653000000,18312000000,0.568,,17970000000,,,,,,,,,,,,true,false,9,2019-04-01,2019-12-31,0
2020-01-31,46580,2019-03-31,3,32355000000,0.017,,,,,1869000000,0.118,1984000000,0.123,,1352000000,,38.55,37.85,,,,,,,,,,,,,,,,,,,,,true,false,9,2018-04-01,2018-12-31,-1
2020-01-31,46580,2020-03-31,3,48000000000,0.035,,,,,2650000000,0.019,2750000000,0.009,,1750000000,,49.87,,,,,,,,,,,,,,,,,,,,,,true,true,12,2019-04-01,2020-03-31,0
2020-01-31,46580,2019-03-31,3,,,,,,,,,,,,,,,,,,,,33944000000,17407000000,0.503,,17084000000,,,,,,,,,,,,true,false,12,2018-04-01,2019-03-31,-1
2020-01-31,46580,2019-03-31,3,,,,,,,,,,,,,,,,,,,,,,,,,,,,,26.00,,,,35784000,691417,,false,false,12,2018-04-01,2019-03-31,-1
2020-01-31,46580,2020-03-31,3,,,,,,,,,,,,,,,,,,,,,,,,,,,,,12.50,,,,,,,false,false,12,2019-04-01,2020-03-31,0
2020-01-31,46580,2020-03-31,3,,,,,,,,,,,,,,,,,,,,,,,,,,,,,25.00,,,,,,,false,true,12,2019-04-01,2020-03-31,0
2020-01-31,46580,2020-03-31,3,,,,,,,,,,,,,,,,,,,,,,,,,,,,,,,,,35784000,551817,35142331,false,false,9,2019-04-01,2019-12-31,0
2020-01-31,46580,2019-03-31,3,,,,,,,,,,,,,,,,,,,,,,,,,,,,,,,,,,,35074194,false,false,9,2018-04-01,2018-12-31,-1
2020-05-14,46580,2020-03-31,,49675000000,0.071,,,,,3105000000,0.194,3215000000,0.180,,1899000000,,54.02,53.02,0.108,0.096,0.063,,33009000000,18459000000,0.548,513.78,18101000000,107000000,-302000000,-1032000000,5611000000,,0.518,,,,,,true,false,12,2019-04-01,2020-03-31,0
2020-05-14,46580,2019-03-31,,46389000000,0.020,,,,,2600000000,0.048,2725000000,0.057,,1792000000,,51.11,50.17,0.108,0.082,0.056,,33944000000,17407000000,0.503,486.83,17084000000,2655000000,-127000000,-1343000000,6828000000,,0.509,,,,,,true,false,12,2018-04-01,2019-03-31,-1
2020-05-14,46580,2021-03-31,,49000000000,-0.014,,,,,2800000000,-0.098,2900000000,-0.098,,1750000000,,49.67,,,,,,,,,,,,,,,,0.503,,,,,,true,true,12,2020-04-01,2021-03-31,1
2020-05-14,46580,2020-03-31,,35400000000,0.068,,,,,2082000000,0.090,2437000000,0.035,1905000000,,0.555,54.18,53.18,,,,,24768000000,15023000000,0.596,419.23,14770000000,,,,,28.00,,,,35784000,551817,35164672,false,false,12,2019-04-01,2020-03-31,0
2020-05-14,46580,2019-03-31,,33155000000,0.083,,,,,1910000000,0.188,2354000000,0.167,1224000000,,-0.113,34.92,34.28,,,,,25723000000,13999000000,0.535,392.48,13773000000,,,,,26.00,,,,35784000,691417,35076964,false,false,12,2018-04-01,2019-03-31,-1
2020-05-14,46580,2021-03-31,,35000000000,-0.011,,,,,1900000000,-0.088,2235000000,-0.083,1550000000,,-0.186,43.99,,,,,,,,,,,,,,,25.00,,,,,,,false,true,12,2020-04-01,2021-03-31,1
2020-07-31,46580,2021-03-31,1,10252000000,-0.047,,,,,278000000,-0.502,315000000,-0.469,,108000000,,3.08,3.03,,,,,31007000000,18493000000,0.585,,18125000000,,,,,,,,,,,,true,false,3,2020-04-01,2020-06-30,0
2020-07-31,46580,2020-03-31,1,10759000000,0.102,,,,,557000000,0.581,594000000,0.536,,325000000,,9.26,9.09,,,,,,,,,,,,,,,,,,,,,true,false,3,2019-04-01,2019-06-30,-1
2020-07-31,46580,2021-03-31,1,49000000000,-0.014,,,,,2800000000,-0.098,2900000000,-0.098,,1750000000,,49.67,,,,,,,,,,,,,,,,,,,,,,true,true,12,2020-04-01,2021-03-31,0
2020-07-31,46580,2020-03-31,1,,,,,,,,,,,,,,,,,,,,33009000000,18459000000,0.548,,18101000000,,,,,,,,,,,,true,false,12,2019-04-01,2020-03-31,-1
2020-07-31,46580,2020-03-31,1,,,,,,,,,,,,,,,,,,,,,,,,,,,,,28.00,,,,35784000,551817,,false,false,12,2019-04-01,2020-03-31,-1
2020-07-31,46580,2021-03-31,1,,,,,,,,,,,,,,,,,,,,,,,,,,,,,25.00,,,,,,,false,true,12,2020-04-01,2021-03-31,0
2020-07-31,46580,2021-03-31,1,,,,,,,,,,,,,,,,,,,,,,,,,,,,,,,,,35784000,551817,35232183,false,false,3,2020-04-01,2020-06-30,0
2020-07-31,46580,2020-03-31,1,,,,,,,,,,,,,,,,,,,,,,,,,,,,,,,,,,,35092583,false,false,3,2019-04-01,2019-06-30,-1
2020-10-30,46580,2021-03-31,2,21755000000,-0.075,,,,,1048000000,-0.355,1102000000,-0.354,,628000000,,17.83,17.51,,,,,31177000000,19290000000,0.608,,18962000000,,,,,,,,,,,,true,false,6,2020-04-01,2020-09-30,0
2020-10-30,46580,2020-03-31,2,23521000000,0.156,,,,,1624000000,0.399,1705000000,0.382,,1077000000,,30.71,30.12,,,,,,,,,,,,,,,,,,,,,true,false,6,2019-04-01,2019-09-30,-1
2020-10-30,46580,2021-03-31,2,49000000000,-0.014,,,,,2800000000,-0.098,2900000000,-0.098,,1750000000,,49.67,,,,,,,,,,,,,,,,,,,,,,true,true,12,2020-04-01,2021-03-31,0
2020-10-30,46580,2020-03-31,2,,,,,,,,,,,,,,,,,,,,33009000000,18459000000,0.548,,18101000000,,,,,,,,,,,,true,false,12,2019-04-01,2020-03-31,-1
2020-10-30,46580,2020-03-31,2,,,,,,,,,,,,,,,,,,,,,,,,,,,,,28.00,,,,35784000,551817,,false,false,12,2019-04-01,2020-03-31,-1
2020-10-30,46580,2021-03-31,2,,,,,,,,,,,,,,,,,,,,,,,,,,,,,12.50,,,,,,,false,false,12,2020-04-01,2021-03-31,0
2020-10-30,46580,2021-03-31,2,,,,,,,,,,,,,,,,,,,,,,,,,,,,,25.00,,,,,,,false,true,12,2020-04-01,2021-03-31,0
2020-10-30,46580,2021-03-31,2,,,,,,,,,,,,,,,,,,,,,,,,,,,,,,,,,35784000,422617,35245387,false,false,6,2020-04-01,2020-09-30,0
2020-10-30,46580,2020-03-31,2,,,,,,,,,,,,,,,,,,,,,,,,,,,,,,,,,,,35097160,false,false,6,2019-04-01,2019-09-30,-1
2021-01-29,46580,2021-03-31,3,34214000000,-0.019,,,,,1942000000,-0.077,2049000000,-0.086,,1268000000,,35.97,35.35,,,,,32899000000,19894000000,0.594,,19547000000,,,,,,,,,,,,true,false,9,2020-04-01,2020-12-31,0
2021-01-29,46580,2020-03-31,3,34874000000,0.078,,,,,2104000000,0.126,2242000000,0.131,,1428000000,,40.66,39.91,,,,,,,,,,,,,,,,,,,,,true,false,9,2019-04-01,2019-12-31,-1
2021-01-29,46580,2021-03-31,3,49000000000,-0.014,,,,,2800000000,-0.098,2900000000,-0.098,,1750000000,,49.67,,,,,,,,,,,,,,,,,,,,,,true,true,12,2020-04-01,2021-03-31,0
2021-01-29,46580,2020-03-31,3,,,,,,,,,,,,,,,,,,,,33009000000,18459000000,0.548,,18101000000,,,,,,,,,,,,true,false,12,2019-04-01,2020-03-31,-1
2021-01-29,46580,2020-03-31,3,,,,,,,,,,,,,,,,,,,,,,,,,,,,,28.00,,,,35784000,551817,,false,false,12,2019-04-01,2020-03-31,-1
2021-01-29,46580,2021-03-31,3,,,,,,,,,,,,,,,,,,,,,,,,,,,,,12.50,,,,,,,false,false,12,2020-04-01,2021-03-31,0
2021-01-29,46580,2021-03-31,3,,,,,,,,,,,,,,,,,,,,,,,,,,,,,25.00,,,,,,,false,true,12,2020-04-01,2021-03-31,0
2021-01-29,46580,2021-03-31,3,,,,,,,,,,,,,,,,,,,,,,,,,,,,,,,,,35784000,578417,35264703,false,false,9,2020-04-01,2020-12-31,0
2021-01-29,46580,2020-03-31,3,,,,,,,,,,,,,,,,,,,,,,,,,,,,,,,,,,,35142331,false,false,9,2019-04-01,2019-12-31,-1
2021-05-14,46580,2021-03-31,,49152000000,-0.011,,,,,3007000000,-0.032,3142000000,-0.023,,1998000000,,56.75,55.77,0.105,0.093,0.061,,34906000000,20384000000,0.574,572.85,20024000000,2726000000,-267000000,-1813000000,6227000000,,0.502,,,,,,true,false,12,2020-04-01,2021-03-31,0
2021-05-14,46580,2020-03-31,,49675000000,0.071,,,,,3105000000,0.194,3215000000,0.180,,1899000000,,54.02,53.02,0.108,0.096,0.063,,33009000000,18459000000,0.548,513.78,18101000000,107000000,-302000000,-1032000000,5611000000,,0.518,,,,,,true,false,12,2019-04-01,2020-03-31,-1
2021-05-14,46580,2022-03-31,,52000000000,0.058,,,,,3000000000,-0.003,3100000000,-0.014,,1950000000,,55.79,,,,,,,,,,,,,,,,0.502,,,,,,true,true,12,2021-04-01,2022-03-31,1
2021-05-14,46580,2021-03-31,,34559000000,-0.024,,,,,1958000000,-0.060,2404000000,-0.013,1611000000,,-0.154,45.76,44.98,,,,,26541000000,16590000000,0.616,467.70,16348000000,,,,,28.50,,,,35784000,828917,35217553,false,false,12,2020-04-01,2021-03-31,0
2021-05-14,46580,2020-03-31,,35400000000,0.068,,,,,2082000000,0.090,2437000000,0.035,1905000000,,0.555,54.18,53.18,,,,,24768000000,15023000000,0.596,419.23,14770000000,,,,,28.00,,,,35784000,551817,35164672,false,false,12,2019-04-01,2020-03-31,-1
2021-05-14,46580,2022-03-31,,37000000000,0.071,,,,,1900000000,-0.030,2400000000,-0.002,1600000000,,-0.007,45.77,,,,,,,,,,,,,,,28.00,,,,,,,false,true,12,2021-04-01,2022-03-31,1
2021-07-30,46580,2022-03-31,1,10128000000,-0.012,,,,,219000000,-0.210,255000000,-0.191,,66000000,,1.92,1.89,,,,,32303000000,19470000000,0.591,,19091000000,,,,,,,,,,,,true,false,3,2021-04-01,2021-06-30,0
2021-07-30,46580,2021-03-31,1,10252000000,-0.047,,,,,278000000,-0.502,315000000,-0.469,,108000000,,3.08,3.03,,,,,,,,,,,,,,,,,,,,,true,false,3,2020-04-01,2020-06-30,-1
2021-07-30,46580,2022-03-31,1,52000000000,0.058,,,,,3000000000,-0.003,3100000000,-0.014,,1950000000,,55.79,,,,,,,,,,,,,,,,,,,,,,true,true,12,2021-04-01,2022-03-31,0
2021-07-30,46580,2021-03-31,1,,,,,,,,,,,,,,,,,,,,34906000000,20384000000,0.574,,20024000000,,,,,,,,,,,,true,false,12,2020-04-01,2021-03-31,-1
2021-07-30,46580,2021-03-31,1,,,,,,,,,,,,,,,,,,,,,,,,,,,,,28.50,,,,35784000,828917,,false,false,12,2020-04-01,2021-03-31,-1
2021-07-30,46580,2022-03-31,1,,,,,,,,,,,,,,,,,,,,,,,,,,,,,28.00,,,,,,,false,true,12,2021-04-01,2022-03-31,0
2021-07-30,46580,2022-03-31,1,,,,,,,,,,,,,,,,,,,,,,,,,,,,,,,,,35784000,1090917,34817696,false,false,3,2021-04-01,2021-06-30,0
2021-07-30,46580,2021-03-31,1,,,,,,,,,,,,,,,,,,,,,,,,,,,,,,,,,,,35232183,false,false,3,2020-04-01,2020-06-30,-1
2021-09-15,46580,2022-03-31,,52000000000,,,,,,3000000000,,3100000000,,,2900000000,,83.59,,,,,,,,,,,,,,,,,,,,,,true,true,12,2021-04-01,2022-03-31,0
2021-09-15,46580,2021-03-31,,49152000000,,,,,,3007000000,,3142000000,,,1998000000,,56.75,,,,,,,,,,,,,,,,,,,,,,true,false,12,2020-04-01,2021-03-31,-1
2021-09-15,46580,2022-03-31,,37000000000,,,,,,,,2400000000,,2550000000,,0.594,73.50,,,,,,,,,,,,,,,41.50,,,,,,,false,true,12,2021-04-01,2022-03-31,0
2021-09-15,46580,2021-03-31,,34559000000,,,,,,,,2404000000,,1611000000,,,45.76,,,,,,,,,,,,,,,28.50,,,,,,,false,false,12,2020-04-01,2021-03-31,-1
2021-10-29,4658,2022-03-31,2,21622000000,-0.006,,,,,913000000,-0.129,987000000,-0.105,,1597000000,,45.95,45.20,,,,,33266000000,20753000000,0.612,,20370000000,,,,,,,,,,,,true,false,6,2021-04-01,2021-09-30,0
2021-10-29,4658,2021-03-31,2,21755000000,-0.075,,,,,1048000000,-0.355,1102000000,-0.354,,628000000,,17.83,17.51,,,,,,,,,,,,,,,,,,,,,true,false,6,2020-04-01,2020-09-30,-1
2021-10-29,4658,2022-03-31,2,52000000000,0.058,,,,,3000000000,-0.003,3100000000,-0.014,,2900000000,,83.59,,,,,,,,,,,,,,,,,,,,,,true,true,12,2021-04-01,2022-03-31,0
2021-10-29,4658,2021-03-31,2,,,,,,,,,,,,,,,,,,,,34906000000,20384000000,0.574,,20024000000,,,,,,,,,,,,true,false,12,2020-04-01,2021-03-31,-1
2021-10-29,4658,2021-03-31,2,,,,,,,,,,,,,,,,,,,,,,,,,,,,,28.50,,,,35784000,828917,,false,false,12,2020-04-01,2021-03-31,-1
2021-10-29,4658,2022-03-31,2,,,,,,,,,,,,,,,,,,,,,,,,,,,,,27.50,,,,,,,false,false,12,2021-04-01,2022-03-31,0
2021-10-29,4658,2022-03-31,2,,,,,,,,,,,,,,,,,,,,,,,,,,,,,41.50,,,,,,,false,true,12,2021-04-01,2022-03-31,0
2021-10-29,4658,2022-03-31,2,,,,,,,,,,,,,,,,,,,,,,,,,,,,,,,,,35784000,1039117,34768919,false,false,6,2021-04-01,2021-09-30,0
2021-10-29,4658,2021-03-31,2,,,,,,,,,,,,,,,,,,,,,,,,,,,,,,,,,,,35245387,false,false,6,2020-04-01,2020-09-30,-1
2022-01-31,4658,2022-03-31,3,34154000000,-0.002,,,,,1609000000,-0.171,1753000000,-0.144,,2112000000,,60.81,59.83,,,,,33687000000,20264000000,0.590,,19875000000,,,,,,,,,,,,true,false,9,2021-04-01,2021-12-31,0
2022-01-31,4658,2021-03-31,3,34214000000,-0.019,,,,,1942000000,-0.077,2049000000,-0.086,,1268000000,,35.97,35.35,,,,,,,,,,,,,,,,,,,,,true,false,9,2020-04-01,2020-12-31,-1
2022-01-31,4658,2022-03-31,3,52000000000,0.058,,,,,3000000000,-0.003,3100000000,-0.014,,2900000000,,83.59,,,,,,,,,,,,,,,,,,,,,,true,true,12,2021-04-01,2022-03-31,0
2022-01-31,4658,2021-03-31,3,,,,,,,,,,,,,,,,,,,,34906000000,20384000000,0.574,,20024000000,,,,,,,,,,,,true,false,12,2020-04-01,2021-03-31,-1
2022-01-31,4658,2021-03-31,3,,,,,,,,,,,,,,,,,,,,,,,,,,,,,28.50,,,,35784000,828917,,false,false,12,2020-04-01,2021-03-31,-1
2022-01-31,4658,2022-03-31,3,,,,,,,,,,,,,,,,,,,,,,,,,,,,,27.50,,,,,,,false,false,12,2021-04-01,2022-03-31,0
2022-01-31,4658,2022-03-31,3,,,,,,,,,,,,,,,,,,,,,,,,,,,,,41.50,,,,,,,false,true,12,2021-04-01,2022-03-31,0
2022-01-31,4658,2022-03-31,3,,,,,,,,,,,,,,,,,,,,,,,,,,,,,,,,,35784000,1185317,34742396,false,false,9,2021-04-01,2021-12-31,0
2022-01-31,4658,2021-03-31,3,,,,,,,,,,,,,,,,,,,,,,,,,,,,,,,,,,,35264703,false,false,9,2020-04-01,2020-12-31,-1
2022-05-13,4658,2022-03-31,,49886000000,0.015,,,,,2617000000,-0.130,2801000000,-0.108,,2821000000,,81.35,80.05,0.141,0.080,0.052,,35140000000,20482000000,0.572,584.08,20095000000,1781000000,971000000,-2366000000,6649000000,,0.510,,,,,,true,false,12,2021-04-01,2022-03-31,0
2022-05-13,4658,2021-03-31,,49152000000,-0.011,,,,,3007000000,-0.032,3142000000,-0.023,,1998000000,,56.75,55.77,0.105,0.093,0.061,,34906000000,20384000000,0.574,572.85,20024000000,2726000000,-267000000,-1813000000,6227000000,,0.502,,,,,,true,false,12,2020-04-01,2021-03-31,-1
2022-05-13,4658,2023-03-31,,52000000000,0.042,,,,,2900000000,0.108,3000000000,0.071,,1900000000,,55.22,,,,,,,,,,,,,,,,0.507,,,,,,true,true,12,2022-04-01,2023-03-31,1
2022-05-13,4658,2022-03-31,,35541000000,0.028,,,,,1908000000,-0.025,2372000000,-0.013,2695000000,,0.672,77.71,76.47,,,,,26497000000,16505000000,0.614,472.71,16263000000,,,,,41.50,,,,35784000,1378717,34681352,false,false,12,2021-04-01,2022-03-31,0
2022-05-13,4658,2021-03-31,,34559000000,-0.024,,,,,1958000000,-0.060,2404000000,-0.013,1611000000,,-0.154,45.76,44.98,,,,,26541000000,16590000000,0.616,467.70,16348000000,,,,,28.50,,,,35784000,828917,35217553,false,false,12,2020-04-01,2021-03-31,-1
2022-05-13,4658,2023-03-31,,37000000000,0.041,,,,,1900000000,-0.005,2300000000,-0.031,1500000000,,-0.443,43.60,,,,,,,,,,,,,,,28.00,,,,,,,false,true,12,2022-04-01,2023-03-31,1
2022-07-29,4658,2023-03-31,1,10420000000,0.029,,,,,106000000,-0.515,195000000,-0.236,,43000000,,1.28,1.26,,,,,32925000000,19802000000,0.589,,19402000000,,,,,,,,,,,,true,false,3,2022-04-01,2022-06-30,0
2022-07-29,4658,2022-03-31,1,10128000000,-0.012,,,,,219000000,-0.210,255000000,-0.191,,66000000,,1.92,1.89,,,,,,,,,,,,,,,,,,,,,true,false,3,2021-04-01,2021-06-30,-1
2022-07-29,4658,2023-03-31,1,52000000000,0.042,,,,,2900000000,0.108,3000000000,0.071,,1900000000,,55.22,,,,,,,,,,,,,,,,,,,,,,true,true,12,2022-04-01,2023-03-31,0
2022-07-29,4658,2022-03-31,1,,,,,,,,,,,,,,,,,,,,35140000000,20482000000,0.572,,20095000000,,,,,,,,,,,,true,false,12,2021-04-01,2022-03-31,-1
2022-07-29,4658,2022-03-31,1,,,,,,,,,,,,,,,,,,,,,,,,,,,,,41.50,,,,35784000,1378717,,false,false,12,2021-04-01,2022-03-31,-1
2022-07-29,4658,2023-03-31,1,,,,,,,,,,,,,,,,,,,,,,,,,,,,,28.00,,,,,,,false,true,12,2022-04-01,2023-03-31,0
2022-07-29,4658,2023-03-31,1,,,,,,,,,,,,,,,,,,,,,,,,,,,,,,,,,35784000,1621067,34277329,false,false,3,2022-04-01,2022-06-30,0
2022-07-29,4658,2022-03-31,1,,,,,,,,,,,,,,,,,,,,,,,,,,,,,,,,,,,34817696,false,false,3,2021-04-01,2021-06-30,-1
2022-10-31,4658,2023-03-31,2,21874000000,0.012,,,,,673000000,-0.262,821000000,-0.168,,462000000,,13.52,13.31,,,,,32660000000,20369000000,0.611,,19961000000,,,,,,,,,,,,true,false,6,2022-04-01,2022-09-30,0
2022-10-31,4658,2022-03-31,2,21622000000,-0.006,,,,,913000000,-0.129,987000000,-0.105,,1597000000,,45.95,45.20,,,,,,,,,,,,,,,,,,,,,true,false,6,2021-04-01,2021-09-30,-1
2022-10-31,4658,2023-03-31,2,52000000000,0.042,,,,,2900000000,0.108,3000000000,0.071,,1900000000,,55.22,,,,,,,,,,,,,,,,,,,,,,true,true,12,2022-04-01,2023-03-31,0
2022-10-31,4658,2022-03-31,2,,,,,,,,,,,,,,,,,,,,35140000000,20482000000,0.572,,20095000000,,,,,,,,,,,,true,false,12,2021-04-01,2022-03-31,-1
2022-10-31,4658,2022-03-31,2,,,,,,,,,,,,,,,,,,,,,,,,,,,,,41.50,,,,35784000,1378717,,false,false,12,2021-04-01,2022-03-31,-1
2022-10-31,4658,2023-03-31,2,,,,,,,,,,,,,,,,,,,,,,,,,,,,,14.00,,,,,,,false,false,12,2022-04-01,2023-03-31,0
2022-10-31,4658,2023-03-31,2,,,,,,,,,,,,,,,,,,,,,,,,,,,,,28.00,,,,,,,false,true,12,2022-04-01,2023-03-31,0
2022-10-31,4658,2023-03-31,2,,,,,,,,,,,,,,,,,,,,,,,,,,,,,,,,,35784000,1553067,34239311,false,false,6,2022-04-01,2022-09-30,0
2022-10-31,4658,2022-03-31,2,,,,,,,,,,,,,,,,,,,,,,,,,,,,,,,,,,,34768919,false,false,6,2021-04-01,2021-09-30,-1
2023-01-31,4658,2023-03-31,3,35221000000,0.031,,,,,1465000000,-0.089,1642000000,-0.063,,1016000000,,29.69,29.25,,,,,33820000000,20441000000,0.592,,20032000000,,,,,,,,,,,,true,false,9,2022-04-01,2022-12-31,0
2023-01-31,4658,2022-03-31,3,34154000000,-0.002,,,,,1609000000,-0.171,1753000000,-0.144,,2112000000,,60.81,59.83,,,,,,,,,,,,,,,,,,,,,true,false,9,2021-04-01,2021-12-31,-1
2023-01-31,4658,2023-03-31,3,52000000000,0.042,,,,,2900000000,0.108,3000000000,0.071,,1900000000,,55.22,,,,,,,,,,,,,,,,,,,,,,true,true,12,2022-04-01,2023-03-31,0
2023-01-31,4658,2022-03-31,3,,,,,,,,,,,,,,,,,,,,35140000000,20482000000,0.572,,20095000000,,,,,,,,,,,,true,false,12,2021-04-01,2022-03-31,-1
2023-01-31,4658,2022-03-31,3,,,,,,,,,,,,,,,,,,,,,,,,,,,,,41.50,,,,35784000,1378717,,false,false,12,2021-04-01,2022-03-31,-1
2023-01-31,4658,2023-03-31,3,,,,,,,,,,,,,,,,,,,,,,,,,,,,,14.00,,,,,,,false,false,12,2022-04-01,2023-03-31,0
2023-01-31,4658,2023-03-31,3,,,,,,,,,,,,,,,,,,,,,,,,,,,,,28.00,,,,,,,false,true,12,2022-04-01,2023-03-31,0
2023-01-31,4658,2023-03-31,3,,,,,,,,,,,,,,,,,,,,,,,,,,,,,,,,,35784000,1533867,34238812,false,false,9,2022-04-01,2022-12-31,0
2023-01-31,4658,2022-03-31,3,,,,,,,,,,,,,,,,,,,,,,,,,,,,,,,,,,,34742396,false,false,9,2021-04-01,2021-12-31,-1
2023-05-12,4658,2023-03-31,,52886000000,0.060,,,,,2847000000,0.088,3051000000,0.089,,1940000000,,56.67,55.84,0.094,0.084,0.054,,37561000000,21705000000,0.568,622.02,21319000000,921000000,-697000000,-1016000000,5885000000,,0.494,,,,,,true,false,12,2022-04-01,2023-03-31,0
2023-05-12,4658,2022-03-31,,49886000000,0.015,,,,,2617000000,-0.130,2801000000,-0.108,,2821000000,,81.35,80.05,0.141,0.080,0.052,,35140000000,20482000000,0.572,584.08,20095000000,1781000000,971000000,-2366000000,6649000000,,0.510,,,,,,true,false,12,2021-04-01,2022-03-31,-1
2023-05-12,4658,2024-03-31,,56000000000,0.059,,,,,3000000000,0.054,3100000000,0.016,,2000000000,,58.35,,,,,,,,,,,,,,,,0.514,,,,,,true,true,12,2023-04-01,2024-03-31,1
2023-05-12,4658,2023-03-31,,36446000000,0.025,,,,,2059000000,0.079,2385000000,0.005,1582000000,,-0.413,46.20,45.53,,,,,28054000000,17242000000,0.607,496.54,17018000000,,,,,28.00,,,,35784000,1509467,34243961,false,false,12,2022-04-01,2023-03-31,0
2023-05-12,4658,2022-03-31,,35541000000,0.028,,,,,1908000000,-0.025,2372000000,-0.013,2695000000,,0.672,77.71,76.47,,,,,26497000000,16505000000,0.614,472.71,16263000000,,,,,41.50,,,,35784000,1378717,34681352,false,false,12,2021-04-01,2022-03-31,-1
2023-05-12,4658,2024-03-31,,38500000000,0.056,,,,,2000000000,-0.029,2400000000,0.006,1600000000,,0.011,46.68,,,,,,,,,,,,,,,30.00,,,,,,,false,true,12,2023-04-01,2024-03-31,1
2023-07-31,4658,2024-03-31,1,11043000000,0.060,,,,,159000000,0.499,257000000,0.317,,87000000,,2.55,2.52,,,,,36198000000,22042000000,0.598,,21653000000,,,,,,,,,,,,true,false,3,2023-04-01,2023-06-30,0
2023-07-31,4658,2023-03-31,1,10420000000,0.029,,,,,106000000,-0.515,195000000,-0.236,,43000000,,1.28,1.26,,,,,,,,,,,,,,,,,,,,,true,false,3,2022-04-01,2022-06-30,-1
2023-07-31,4658,2024-03-31,1,56000000000,0.059,,,,,3000000000,0.054,3100000000,0.016,,2000000000,,58.35,,,,,,,,,,,,,,,,,,,,,,true,true,12,2023-04-01,2024-03-31,0
2023-07-31,4658,2023-03-31,1,,,,,,,,,,,,,,,,,,,,37561000000,21705000000,0.568,,21319000000,,,,,,,,,,,,true,false,12,2022-04-01,2023-03-31,-1
2023-07-31,4658,2023-03-31,1,,,,,,,,,,,,,,,,,,,,,,,,,,,,,28.00,,,,35784000,1509467,,false,false,12,2022-04-01,2023-03-31,-1
2023-07-31,4658,2024-03-31,1,,,,,,,,,,,,,,,,,,,,,,,,,,,,,30.00,,,,,,,false,true,12,2023-04-01,2024-03-31,0
2023-07-31,4658,2024-03-31,1,,,,,,,,,,,,,,,,,,,,,,,,,,,,,,,,,35784000,1506167,34276290,false,false,3,2023-04-01,2023-06-30,0
2023-07-31,4658,2023-03-31,1,,,,,,,,,,,,,,,,,,,,,,,,,,,,,,,,,,,34277329,false,false,3,2022-04-01,2022-06-30,-1
2023-10-31,4658,2024-03-31,2,24130000000,0.103,,,,,1123000000,0.667,1278000000,0.556,,776000000,,22.65,22.35,,,,,36486000000,22408000000,0.603,,22016000000,,,,,,,,,,,,true,false,6,2023-04-01,2023-09-30,0
2023-10-31,4658,2023-03-31,2,21874000000,0.012,,,,,673000000,-0.262,821000000,-0.168,,462000000,,13.52,13.31,,,,,,,,,,,,,,,,,,,,,true,false,6,2022-04-01,2022-09-30,-1
2023-10-31,4658,2024-03-31,2,56000000000,0.059,,,,,3000000000,0.054,3100000000,0.016,,2000000000,,58.35,,,,,,,,,,,,,,,,,,,,,,true,true,12,2023-04-01,2024-03-31,0
2023-10-31,4658,2023-03-31,2,,,,,,,,,,,,,,,,,,,,37561000000,21705000000,0.568,,21319000000,,,,,,,,,,,,true,false,12,2022-04-01,2023-03-31,-1
2023-10-31,4658,2023-03-31,2,,,,,,,,,,,,,,,,,,,,,,,,,,,,,28.00,,,,35784000,1509467,,false,false,12,2022-04-01,2023-03-31,-1
2023-10-31,4658,2024-03-31,2,,,,,,,,,,,,,,,,,,,,,,,,,,,,,15.00,,,,,,,false,false,12,2023-04-01,2024-03-31,0
2023-10-31,4658,2024-03-31,2,,,,,,,,,,,,,,,,,,,,,,,,,,,,,30.00,,,,,,,false,true,12,2023-04-01,2024-03-31,0
2023-10-31,4658,2024-03-31,2,,,,,,,,,,,,,,,,,,,,,,,,,,,,,,,,,35784000,1438020,34299339,false,false,6,2023-04-01,2023-09-30,0
2023-10-31,4658,2023-03-31,2,,,,,,,,,,,,,,,,,,,,,,,,,,,,,,,,,,,34239311,false,false,6,2022-04-01,2022-09-30,-1
2024-01-31,4658,2024-03-31,3,39617000000,0.125,,,,,2367000000,0.615,2565000000,0.562,,1675000000,,48.81,48.18,,,,,38863000000,22792000000,0.576,,22394000000,,,,,,,,,,,,true,false,9,2023-04-01,2023-12-31,0
2024-01-31,4658,2023-03-31,3,35221000000,0.031,,,,,1465000000,-0.089,1642000000,-0.063,,1016000000,,29.69,29.25,,,,,,,,,,,,,,,,,,,,,true,false,9,2022-04-01,2022-12-31,-1
2024-01-31,4658,2024-03-31,3,56000000000,0.059,,,,,3000000000,0.054,3100000000,0.016,,2000000000,,58.35,,,,,,,,,,,,,,,,,,,,,,true,true,12,2023-04-01,2024-03-31,0
2024-01-31,4658,2023-03-31,3,,,,,,,,,,,,,,,,,,,,37561000000,21705000000,0.568,,21319000000,,,,,,,,,,,,true,false,12,2022-04-01,2023-03-31,-1
2024-01-31,4658,2023-03-31,3,,,,,,,,,,,,,,,,,,,,,,,,,,,,,28.00,,,,35784000,1509467,,false,false,12,2022-04-01,2023-03-31,-1
2024-01-31,4658,2024-03-31,3,,,,,,,,,,,,,,,,,,,,,,,,,,,,,15.00,,,,,,,false,false,12,2023-04-01,2024-03-31,0
2024-01-31,4658,2024-03-31,3,,,,,,,,,,,,,,,,,,,,,,,,,,,,,30.00,,,,,,,false,true,12,2023-04-01,2024-03-31,0
2024-01-31,4658,2024-03-31,3,,,,,,,,,,,,,,,,,,,,,,,,,,,,,,,,,35784000,1438030,34314940,false,false,9,2023-04-01,2023-12-31,0
2024-01-31,4658,2023-03-31,3,,,,,,,,,,,,,,,,,,,,,,,,,,,,,,,,,,,34238812,false,false,9,2022-04-01,2022-12-31,-1
2024-05-13,4658,2024-03-31,,58232000000,0.101,,,,,3630000000,0.275,3863000000,0.266,,2725000000,,79.40,78.37,0.121,0.096,0.062,,42949000000,24212000000,0.555,693.46,23829000000,2421000000,-1798000000,-287000000,6242000000,,0.491,,,,,,true,false,12,2023-04-01,2024-03-31,0
2024-05-13,4658,2023-03-31,,52886000000,0.060,,,,,2847000000,0.088,3051000000,0.089,,1940000000,,56.67,55.84,0.094,0.084,0.054,,37561000000,21705000000,0.568,622.02,21319000000,921000000,-697000000,-1016000000,5885000000,,0.494,,,,,,true,false,12,2022-04-01,2023-03-31,-1
2024-05-13,4658,2025-03-31,,61000000000,0.048,,,,,3700000000,0.019,3900000000,0.010,,2800000000,,81.48,,,,,,,,,,,,,,,,0.491,,,,,,true,true,12,2024-04-01,2025-03-31,1
2024-05-13,4658,2024-03-31,,39960000000,0.096,,,,,2482000000,0.205,2932000000,0.229,2201000000,,0.392,64.15,63.32,,,,,32263000000,19095000000,0.585,549.72,18889000000,,,,,39.00,,,,35784000,1421638,34323617,false,false,12,2023-04-01,2024-03-31,0
2024-05-13,4658,2023-03-31,,36446000000,0.025,,,,,2059000000,0.079,2385000000,0.005,1582000000,,-0.413,46.20,45.53,,,,,28054000000,17242000000,0.607,496.54,17018000000,,,,,28.00,,,,35784000,1509467,34243961,false,false,12,2022-04-01,2023-03-31,-1
2024-05-13,4658,2025-03-31,,42000000000,0.051,,,,,2500000000,0.007,2950000000,0.006,2250000000,,0.022,65.48,,,,,,,,,,,,,,,40.00,,,,,,,false,true,12,2024-04-01,2025-03-31,1
2024-07-31,4658,2025-03-31,1,12748000000,0.154,,,,,563000000,2.528,685000000,1.668,,368000000,,10.73,10.60,,,,,40062000000,24288000000,0.597,,23926000000,,,,,,,,,,,,true,false,3,2024-04-01,2024-06-30,0
2024-07-31,4658,2024-03-31,1,11043000000,0.060,,,,,159000000,0.499,257000000,0.317,,87000000,,2.55,2.52,,,,,,,,,,,,,,,,,,,,,true,false,3,2023-04-01,2023-06-30,-1
2024-07-31,4658,2025-03-31,1,61000000000,0.048,,,,,3700000000,0.019,3900000000,0.010,,2800000000,,81.48,,,,,,,,,,,,,,,,,,,,,,true,true,12,2024-04-01,2025-03-31,0
2024-07-31,4658,2024-03-31,1,,,,,,,,,,,,,,,,,,,,42949000000,24212000000,0.555,,23829000000,,,,,,,,,,,,true,false,12,2023-04-01,2024-03-31,-1
2024-07-31,4658,2024-03-31,1,,,,,,,,,,,,,,,,,,,,,,,,,,,,,39.00,,,,35784000,1421638,,false,false,12,2023-04-01,2024-03-31,-1
2024-07-31,4658,2025-03-31,1,,,,,,,,,,,,,,,,,,,,,,,,,,,,,40.00,,,,,,,false,true,12,2024-04-01,2025-03-31,0
2024-07-31,4658,2025-03-31,1,,,,,,,,,,,,,,,,,,,,,,,,,,,,,,,,,35784000,1363938,34362699,false,false,3,2024-04-01,2024-06-30,0
2024-07-31,4658,2024-03-31,1,,,,,,,,,,,,,,,,,,,,,,,,,,,,,,,,,,,34276290,false,false,3,2023-04-01,2023-06-30,-1
2024-10-31,4658,2025-03-31,2,26930000000,0.116,,,,,1791000000,0.596,1883000000,0.474,,1178000000,,34.24,33.86,,,,,41964000000,24810000000,0.583,,24454000000,,,,,,,,,,,,true,false,6,2024-04-01,2024-09-30,0
2024-10-31,4658,2024-03-31,2,24130000000,0.103,,,,,1123000000,0.667,1278000000,0.556,,776000000,,22.65,22.35,,,,,,,,,,,,,,,,,,,,,true,false,6,2023-04-01,2023-09-30,-1
2024-10-31,4658,2025-03-31,2,61000000000,0.048,,,,,3700000000,0.019,3900000000,0.010,,2800000000,,81.48,,,,,,,,,,,,,,,,,,,,,,true,true,12,2024-04-01,2025-03-31,0
2024-10-31,4658,2024-03-31,2,,,,,,,,,,,,,,,,,,,,42949000000,24212000000,0.555,,23829000000,,,,,,,,,,,,true,false,12,2023-04-01,2024-03-31,-1
2024-10-31,4658,2024-03-31,2,,,,,,,,,,,,,,,,,,,,,,,,,,,,,39.00,,,,35784000,1421638,,false,false,12,2023-04-01,2024-03-31,-1
2024-10-31,4658,2025-03-31,2,,,,,,,,,,,,,,,,,,,,,,,,,,,,,20.00,,,,,,,false,false,12,2024-04-01,2025-03-31,0
2024-10-31,4658,2025-03-31,2,,,,,,,,,,,,,,,,,,,,,,,,,,,,,40.00,,,,,,,false,true,12,2024-04-01,2025-03-31,0
2024-10-31,4658,2025-03-31,2,,,,,,,,,,,,,,,,,,,,,,,,,,,,,,,,,35784000,1277538,34419874,false,false,6,2024-04-01,2024-09-30,0
2024-10-31,4658,2024-03-31,2,,,,,,,,,,,,,,,,,,,,,,,,,,,,,,,,,,,34299339,false,false,6,2023-04-01,2023-09-30,-1
2024-10-31,4658,2025-03-31,2,26930000000,0.116,,,,,1791000000,0.596,1883000000,0.474,,1178000000,,34.24,33.86,,,,,42254000000,24810000000,0.579,,24454000000,,,,,,,,,,,,true,false,6,2024-04-01,2024-09-30,0
2024-10-31,4658,2024-03-31,2,24130000000,0.103,,,,,1123000000,0.667,1278000000,0.556,,776000000,,22.65,22.35,,,,,,,,,,,,,,,,,,,,,true,false,6,2023-04-01,2023-09-30,-1
2024-10-31,4658,2025-03-31,2,61000000000,0.048,,,,,3700000000,0.019,3900000000,0.010,,2800000000,,81.48,,,,,,,,,,,,,,,,,,,,,,true,true,12,2024-04-01,2025-03-31,0
2024-10-31,4658,2024-03-31,2,,,,,,,,,,,,,,,,,,,,42949000000,24212000000,0.555,,23829000000,,,,,,,,,,,,true,false,12,2023-04-01,2024-03-31,-1
2024-10-31,4658,2024-03-31,2,,,,,,,,,,,,,,,,,,,,,,,,,,,,,39.00,,,,35784000,1421638,,false,false,12,2023-04-01,2024-03-31,-1
2024-10-31,4658,2025-03-31,2,,,,,,,,,,,,,,,,,,,,,,,,,,,,,20.00,,,,,,,false,false,12,2024-04-01,2025-03-31,0
2024-10-31,4658,2025-03-31,2,,,,,,,,,,,,,,,,,,,,,,,,,,,,,40.00,,,,,,,false,true,12,2024-04-01,2025-03-31,0
2024-10-31,4658,2025-03-31,2,,,,,,,,,,,,,,,,,,,,,,,,,,,,,,,,,35784000,1277538,34419874,false,false,6,2024-04-01,2024-09-30,0
2024-10-31,4658,2024-03-31,2,,,,,,,,,,,,,,,,,,,,,,,,,,,,,,,,,,,34299339,false,false,6,2023-04-01,2023-09-30,-1
2025-01-31,4658,2025-03-31,3,44187000000,0.115,,,,,2658000000,0.123,2877000000,0.122,,1843000000,,53.51,52.96,,,,,44830000000,25012000000,0.550,,24677000000,,,,,,,,,,,,true,false,9,2024-04-01,2024-12-31,0
2025-01-31,4658,2024-03-31,3,39617000000,0.125,,,,,2367000000,0.615,2565000000,0.562,,1675000000,,48.81,48.18,,,,,,,,,,,,,,,,,,,,,true,false,9,2023-04-01,2023-12-31,-1
2025-01-31,4658,2025-03-31,3,61000000000,0.048,,,,,3700000000,0.019,3900000000,0.010,,2800000000,,81.48,,,,,,,,,,,,,,,,,,,,,,true,true,12,2024-04-01,2025-03-31,0
2025-01-31,4658,2024-03-31,3,,,,,,,,,,,,,,,,,,,,42949000000,24212000000,0.555,,23829000000,,,,,,,,,,,,true,false,12,2023-04-01,2024-03-31,-1
2025-01-31,4658,2024-03-31,3,,,,,,,,,,,,,,,,,,,,,,,,,,,,,39.00,,,,35784000,1421638,,false,false,12,2023-04-01,2024-03-31,-1
2025-01-31,4658,2025-03-31,3,,,,,,,,,,,,,,,,,,,,,,,,,,,,,20.00,,,,,,,false,false,12,2024-04-01,2025-03-31,0
2025-01-31,4658,2025-03-31,3,,,,,,,,,,,,,,,,,,,,,,,,,,,,,40.00,,,,,,,false,true,12,2024-04-01,2025-03-31,0
2025-01-31,4658,2025-03-31,3,,,,,,,,,,,,,,,,,,,,,,,,,,,,,,,,,35784000,1261538,34454194,false,false,9,2024-04-01,2024-12-31,0
2025-01-31,4658,2024-03-31,3,,,,,,,,,,,,,,,,,,,,,,,,,,,,,,,,,,,34314940,false,false,9,2023-04-01,2023-12-31,-1
2025-05-13,4658,2025-03-31,,64438000000,0.107,,,,,4191000000,0.155,4373000000,0.132,,3102000000,,89.98,89.11,0.125,0.096,0.065,,48568000000,26124000000,0.531,746.33,25806000000,4961000000,-3470000000,378000000,8141000000,,0.500,,,,,,true,false,12,2024-04-01,2025-03-31,0
2025-05-13,4658,2024-03-31,,58232000000,0.101,,,,,3630000000,0.275,3863000000,0.266,,2725000000,,79.40,78.37,0.121,0.096,0.062,,42949000000,24212000000,0.555,693.46,23829000000,2421000000,-1798000000,-287000000,6242000000,,0.491,,,,,,true,false,12,2023-04-01,2024-03-31,-1
2025-05-13,4658,2026-03-31,,66000000000,0.024,,,,,4200000000,0.002,4400000000,0.006,,3150000000,,91.10,,,,,,,,,,,,,,,,0.505,,,,,,true,true,12,2025-04-01,2026-03-31,1
2025-05-13,4658,2025-03-31,,45110000000,0.129,,,,,2629000000,0.059,3115000000,0.062,2377000000,,0.080,68.96,68.29,,,,,36511000000,20015000000,0.545,575.43,19896000000,,,,,45.00,,,,35784000,1206748,34480657,false,false,12,2024-04-01,2025-03-31,0
2025-05-13,4658,2024-03-31,,39960000000,0.096,,,,,2482000000,0.205,2932000000,0.229,2201000000,,0.392,64.15,63.32,,,,,32263000000,19095000000,0.585,549.72,18889000000,,,,,39.00,,,,35784000,1421638,34323617,false,false,12,2023-04-01,2024-03-31,-1
2025-05-13,4658,2026-03-31,,45500000000,0.009,,,,,2800000000,0.065,3400000000,0.091,2500000000,,0.051,72.30,,,,,,,,,,,,,,,46.00,,,,,,,false,true,12,2025-04-01,2026-03-31,1
