filing_date,code,fiscal_year_end,quarterly_period,net_sales,net_sales_change,revenue,revenue_change,operating_revenue,operating_revenue_change,operating_profit,operating_profit_change,ordinary_profit,ordinary_profit_change,net_income,net_income_of_parent,net_income_change,eps,diluted_eps,roe,roa,operating_profit_to_net_sales,operating_profit_to_revenue,total_assets,net_assets,equity_ratio,bps,owner_equity,operating_cash_flow,investing_cash_flow,financing_cash_flow,cash,dividend_per_share,payout_ratio,commemorative_dividend,extra_dividend,number_of_shares,number_of_treqsury_shares,avg_number_of_shares,is_consolidated,is_forecast,duration,period_start,period_end,period_pos
2015-05-08,46590,2015-03-31,,21829000000,0.064,,,,,1714000000,0.392,1763000000,0.415,932000000,,0.573,195.68,,0.108,0.144,0.079,,12855000000,9006000000,0.698,1906.85,8967000000,1393000000,-518000000,-402000000,4128000000,,0.230,,,,,,true,false,12,2014-04-01,2015-03-31,0
2015-05-08,46590,2014-03-31,,20520000000,0.088,,,,,1231000000,0.312,1246000000,0.261,592000000,,0.375,122.75,,0.072,0.110,0.060,,11614000000,8371000000,0.718,1744.39,8340000000,1332000000,-637000000,-455000000,3629000000,,0.367,,,,,,true,false,12,2013-04-01,2014-03-31,-1
2015-05-08,46590,2016-03-31,,11100000000,0.076,,,,,766000000,0.066,780000000,0.055,474000000,,0.112,100.79,,,,,,,,,,,,,,,,,,,,,,true,true,6,2015-04-01,2015-09-30,1
2015-05-08,46590,2016-03-31,,23333000000,0.069,,,,,1900000000,0.108,1927000000,0.093,1218000000,,0.306,258.98,,,,,,,,,,,,,,,,0.174,,,,,,true,true,12,2015-04-01,2016-03-31,1
2015-05-08,46590,2015-03-31,,17352000000,0.032,,,,,1647000000,0.269,1688000000,0.343,807000000,,0.770,169.46,,,,,,11813000000,8629000000,0.731,1834.89,8629000000,,,,,45.00,,,,5385600,682580,4765770,false,false,12,2014-04-01,2015-03-31,0
2015-05-08,46590,2014-03-31,,16806000000,0.039,,,,,1298000000,0.117,1257000000,0.133,456000000,,0.203,94.50,,,,,,10891000000,8167000000,0.750,1708.04,8167000000,,,,,45.00,,,,5385600,604010,4828431,false,false,12,2013-04-01,2014-03-31,-1
2015-05-08,46590,2016-03-31,,8500000000,0.020,,,,,,,775000000,0.000,481000000,,0.012,102.27,,,,,,,,,,,,,,,,,,,,,,false,true,6,2015-04-01,2015-09-30,1
2015-05-08,46590,2016-03-31,,17700000000,0.020,,,,,,,1690000000,0.001,1007000000,,0.247,214.12,,,,,,,,,,,,,,,45.00,,,,,,,false,true,12,2015-04-01,2016-03-31,1
2015-07-29,46590,2016-03-31,1,4610000000,0.156,,,,,55000000,,77000000,,,61000000,,13.16,,,,,,11508000000,8885000000,0.768,,8843000000,,,,,,,,,,,,true,false,3,2015-04-01,2015-06-30,0
2015-07-29,46590,2015-03-31,1,3989000000,0.061,,,,,-219000000,,-205000000,,,-154000000,,-32.40,,,,,,,,,,,,,,,,,,,,,,true,false,3,2014-04-01,2014-06-30,-1
2015-07-29,46590,2016-03-31,1,11100000000,0.076,,,,,766000000,0.066,780000000,0.055,,474000000,,100.79,,,,,,,,,,,,,,,,,,,,,,true,true,6,2015-04-01,2015-09-30,0
2015-07-29,46590,2016-03-31,1,23333000000,0.069,,,,,1900000000,0.108,1927000000,0.093,,1218000000,,258.99,,,,,,,,,,,,,,,,,,,,,,true,true,12,2015-04-01,2016-03-31,0
2015-07-29,46590,2015-03-31,1,,,,,,,,,,,,,,,,,,,,12855000000,9006000000,0.698,,8967000000,,,,,,,,,,,,true,false,12,2014-04-01,2015-03-31,-1
2015-07-29,46590,2015-03-31,1,,,,,,,,,,,,,,,,,,,,,,,,,,,,,45.00,,,,5385600,682580,,false,false,12,2014-04-01,2015-03-31,-1
2015-07-29,46590,2016-03-31,1,,,,,,,,,,,,,,,,,,,,,,,,,,,,,45.00,,,,,,,false,true,12,2015-04-01,2016-03-31,0
2015-07-29,46590,2016-03-31,1,,,,,,,,,,,,,,,,,,,,,,,,,,,,,,,,,5385600,682659,4702966,false,false,3,2015-04-01,2015-06-30,0
2015-07-29,46590,2015-03-31,1,,,,,,,,,,,,,,,,,,,,,,,,,,,,,,,,,,,4781590,false,false,3,2014-04-01,2014-06-30,-1
2015-08-12,46590,2016-03-31,,11259000000,0.014,,,,,1020000000,0.331,1036000000,0.328,,670000000,,142.46,,,,,,,,,,,,,,,,,,,,,,true,true,6,2015-04-01,2015-09-30,0
2015-08-12,46590,2015-03-31,,10320000000,,,,,,718000000,,739000000,,,426000000,,89.13,,,,,,,,,,,,,,,,,,,,,,true,false,6,2014-04-01,2014-09-30,-1
2015-08-12,46590,2016-03-31,,23380000000,0.002,,,,,2159000000,0.136,2190000000,0.136,,1475000000,,313.63,,,,,,,,,,,,,,,,,,,,,,true,true,12,2015-04-01,2016-03-31,0
2015-08-12,46590,2015-03-31,,21829000000,,,,,,1714000000,,1763000000,,,932000000,,195.68,,,,,,,,,,,,,,,,,,,,,,true,false,12,2014-04-01,2015-03-31,-1
2015-10-29,46590,2016-03-31,2,11345000000,0.099,,,,,1179000000,0.641,1191000000,0.612,,771000000,,164.12,,,,,,13022000000,9573000000,0.732,,9527000000,,,,,,,,,,,,true,false,6,2015-04-01,2015-09-30,0
2015-10-29,46590,2015-03-31,2,10320000000,0.051,,,,,718000000,0.321,739000000,0.327,,426000000,,89.13,,,,,,,,,,,,,,,,,,,,,,true,false,6,2014-04-01,2014-09-30,-1
2015-10-29,46590,2016-03-31,2,23460000000,0.075,,,,,2314000000,0.349,2356000000,0.336,,1500000000,,328.62,,,,,,,,,,,,,,,,,,,,,,true,true,12,2015-04-01,2016-03-31,0
2015-10-29,46590,2015-03-31,2,,,,,,,,,,,,,,,,,,,,12855000000,9006000000,0.698,,8967000000,,,,,,,,,,,,true,false,12,2014-04-01,2015-03-31,-1
2015-10-29,46590,2015-03-31,2,,,,,,,,,,,,,,,,,,,,,,,,,,,,,45.00,,,,5385600,682580,,false,false,12,2014-04-01,2015-03-31,-1
2015-10-29,46590,2016-03-31,2,,,,,,,,,,,,,,,,,,,,,,,,,,,,,0.00,,,,,,,false,false,12,2015-04-01,2016-03-31,0
2015-10-29,46590,2016-03-31,2,,,,,,,,,,,,,,,,,,,,,,,,,,,,,45.00,,,,,,,false,true,12,2015-04-01,2016-03-31,0
2015-10-29,46590,2016-03-31,2,,,,,,,,,,,,,,,,,,,,,,,,,,,,,,,,,5385600,682679,4702952,false,false,6,2015-04-01,2015-09-30,0
2015-10-29,46590,2015-03-31,2,,,,,,,,,,,,,,,,,,,,,,,,,,,,,,,,,,,4781584,false,false,6,2014-04-01,2014-09-30,-1
2016-01-29,46590,2016-03-31,3,16159000000,0.106,,,,,1235000000,1.310,1259000000,1.208,,801000000,,173.75,,,,,,11461000000,8688000000,0.754,,8637000000,,,,,,,,,,,,true,false,9,2015-04-01,2015-12-31,0
2016-01-29,46590,2015-03-31,3,14606000000,0.070,,,,,534000000,1.614,570000000,1.631,,311000000,,65.14,,,,,,,,,,,,,,,,,,,,,,true,false,9,2014-04-01,2014-12-31,-1
2016-01-29,46590,2016-03-31,3,23460000000,0.075,,,,,2314000000,0.349,2356000000,0.336,,1500000000,,328.62,,,,,,,,,,,,,,,,,,,,,,true,true,12,2015-04-01,2016-03-31,0
2016-01-29,46590,2015-03-31,3,,,,,,,,,,,,,,,,,,,,12855000000,9006000000,0.698,,8967000000,,,,,,,,,,,,true,false,12,2014-04-01,2015-03-31,-1
2016-01-29,46590,2015-03-31,3,,,,,,,,,,,,,,,,,,,,,,,,,,,,,45.00,,,,5385600,682580,,false,false,12,2014-04-01,2015-03-31,-1
2016-01-29,46590,2016-03-31,3,,,,,,,,,,,,,,,,,,,,,,,,,,,,,0.00,,,,,,,false,false,12,2015-04-01,2016-03-31,0
2016-01-29,46590,2016-03-31,3,,,,,,,,,,,,,,,,,,,,,,,,,,,,,45.00,,,,,,,false,true,12,2015-04-01,2016-03-31,0
2016-01-29,46590,2016-03-31,3,,,,,,,,,,,,,,,,,,,,,,,,,,,,,,,,,5385600,982711,4612937,false,false,9,2015-04-01,2015-12-31,0
2016-01-29,46590,2015-03-31,3,,,,,,,,,,,,,,,,,,,,,,,,,,,,,,,,,,,4781575,false,false,9,2014-04-01,2014-12-31,-1
2016-05-10,46590,2016-03-31,,23835000000,0.092,,,,,2647000000,0.544,2685000000,0.523,,1765000000,,386.86,,0.191,0.203,0.111,,13617000000,9583000000,0.702,2170.58,9556000000,1978000000,-153000000,-1275000000,4640000000,,0.129,,,,,,true,false,12,2015-04-01,2016-03-31,0
2016-05-10,46590,2015-03-31,,21829000000,0.064,,,,,1714000000,0.392,1763000000,0.415,,932000000,,195.68,,0.108,0.144,0.079,,12855000000,9006000000,0.698,1906.85,8967000000,1393000000,-518000000,-402000000,4128000000,,0.230,,,,,,true,false,12,2014-04-01,2015-03-31,-1
2016-05-10,46590,2017-03-31,,12294000000,0.084,,,,,1298000000,0.101,1305000000,0.096,,844000000,,192.84,,,,,,,,,,,,,,,,,,,,,,true,true,6,2016-04-01,2016-09-30,1
2016-05-10,46590,2017-03-31,,26010000000,0.091,,,,,3096000000,0.169,3116000000,0.160,,2040000000,,463.53,,,,,,,,,,,,,,,,0.173,,,,,,true,true,12,2016-04-01,2017-03-31,1
2016-05-10,46590,2016-03-31,,17968000000,0.036,,,,,2201000000,0.336,2212000000,0.311,1434000000,,0.776,314.23,,,,,,12147000000,8949000000,0.737,2032.54,8949000000,,,,,50.00,,,,5385600,982721,4564462,false,false,12,2015-04-01,2016-03-31,0
2016-05-10,46590,2015-03-31,,17352000000,0.032,,,,,1647000000,0.269,1688000000,0.343,807000000,,0.770,169.46,,,,,,11813000000,8629000000,0.731,1834.89,8629000000,,,,,45.00,,,,5385600,682580,4765770,false,false,12,2014-04-01,2015-03-31,-1
2016-05-10,46590,2017-03-31,,8600000000,0.003,,,,,,,1120000000,0.147,728000000,,0.174,165.35,,,,,,,,,,,,,,,,,,,,,,false,true,6,2016-04-01,2016-09-30,1
2016-05-10,46590,2017-03-31,,18000000000,0.002,,,,,,,2617000000,0.183,1701000000,,0.186,386.00,,,,,,,,,,,,,,,80.00,,,,,,,false,true,12,2016-04-01,2017-03-31,1
2016-07-29,46590,2017-03-31,1,5366000000,0.164,,,,,353000000,5.354,370000000,3.770,,237000000,,54.01,,,,,,12533000000,9651000000,0.762,,9570000000,,,,,,,,,,,,true,false,3,2016-04-01,2016-06-30,0
2016-07-29,46590,2016-03-31,1,4610000000,0.156,,,,,55000000,,77000000,,,61000000,,13.16,,,,,,,,,,,,,,,,,,,,,,true,false,3,2015-04-01,2015-06-30,-1
2016-07-29,46590,2017-03-31,1,12294000000,0.084,,,,,1298000000,0.101,1305000000,0.096,,844000000,,191.70,,,,,,,,,,,,,,,,,,,,,,true,true,6,2016-04-01,2016-09-30,0
2016-07-29,46590,2017-03-31,1,26010000000,0.091,,,,,3096000000,0.169,3116000000,0.160,,2040000000,,463.53,,,,,,,,,,,,,,,,,,,,,,true,true,12,2016-04-01,2017-03-31,0
2016-07-29,46590,2016-03-31,1,,,,,,,,,,,,,,,,,,,,13617000000,9583000000,0.702,,9556000000,,,,,,,,,,,,true,false,12,2015-04-01,2016-03-31,-1
2016-07-29,46590,2016-03-31,1,,,,,,,,,,,,,,,,,,,,,,,,,,,,,50.00,,,,5385600,982721,,false,false,12,2015-04-01,2016-03-31,-1
2016-07-29,46590,2017-03-31,1,,,,,,,,,,,,,,,,,,,,,,,,,,,,,80.00,,,,,,,false,true,12,2016-04-01,2017-03-31,0
2016-07-29,46590,2017-03-31,1,,,,,,,,,,,,,,,,,,,,,,,,,,,,,,,,,5385600,982754,4402871,false,false,3,2016-04-01,2016-06-30,0
2016-07-29,46590,2016-03-31,1,,,,,,,,,,,,,,,,,,,,,,,,,,,,,,,,,,,4702966,false,false,3,2015-04-01,2015-06-30,-1
2016-10-31,46590,2017-03-31,2,12577000000,0.109,,,,,1499000000,0.272,1504000000,0.262,,1031000000,,234.28,,,,,,14006000000,10430000000,0.738,,10329000000,,,,,,,,,,,,true,false,6,2016-04-01,2016-09-30,0
2016-10-31,46590,2016-03-31,2,11345000000,0.099,,,,,1179000000,0.641,1191000000,0.612,,771000000,,164.12,,,,,,,,,,,,,,,,,,,,,,true,false,6,2015-04-01,2015-09-30,-1
2016-10-31,46590,2017-03-31,2,26010000000,0.091,,,,,3096000000,0.169,3116000000,0.160,,2040000000,,463.53,,,,,,,,,,,,,,,,,,,,,,true,true,12,2016-04-01,2017-03-31,0
2016-10-31,46590,2016-03-31,2,,,,,,,,,,,,,,,,,,,,13617000000,9583000000,0.702,,9556000000,,,,,,,,,,,,true,false,12,2015-04-01,2016-03-31,-1
2016-10-31,46590,2016-03-31,2,,,,,,,,,,,,,,,,,,,,,,,,,,,,,50.00,,,,5385600,982721,,false,false,12,2015-04-01,2016-03-31,-1
2016-10-31,46590,2017-03-31,2,,,,,,,,,,,,,,,,,,,,,,,,,,,,,0.00,,,,,,,false,false,12,2016-04-01,2017-03-31,0
2016-10-31,46590,2017-03-31,2,,,,,,,,,,,,,,,,,,,,,,,,,,,,,80.00,,,,,,,false,true,12,2016-04-01,2017-03-31,0
2016-10-31,46590,2017-03-31,2,,,,,,,,,,,,,,,,,,,,,,,,,,,,,,,,,5385600,982754,4402860,false,false,6,2016-04-01,2016-09-30,0
2016-10-31,46590,2016-03-31,2,,,,,,,,,,,,,,,,,,,,,,,,,,,,,,,,,,,4702952,false,false,6,2015-04-01,2015-09-30,-1
2017-01-30,46590,2017-03-31,3,17973000000,0.112,,,,,1600000000,0.296,1604000000,0.274,,1104000000,,250.88,,,,,,13247000000,10525000000,0.785,,10403000000,,,,,,,,,,,,true,false,9,2016-04-01,2016-12-31,0
2017-01-30,46590,2016-03-31,3,16159000000,0.106,,,,,1235000000,1.310,1259000000,1.208,,801000000,,173.75,,,,,,,,,,,,,,,,,,,,,,true,false,9,2015-04-01,2015-12-31,-1
2017-01-30,46590,2017-03-31,3,26010000000,0.091,,,,,3096000000,0.169,3116000000,0.160,,2040000000,,463.53,,,,,,,,,,,,,,,,,,,,,,true,true,12,2016-04-01,2017-03-31,0
2017-01-30,46590,2016-03-31,3,,,,,,,,,,,,,,,,,,,,13617000000,9583000000,0.702,,9556000000,,,,,,,,,,,,true,false,12,2015-04-01,2016-03-31,-1
2017-01-30,46590,2016-03-31,3,,,,,,,,,,,,,,,,,,,,,,,,,,,,,50.00,,,,5385600,982721,,false,false,12,2015-04-01,2016-03-31,-1
2017-01-30,46590,2017-03-31,3,,,,,,,,,,,,,,,,,,,,,,,,,,,,,0.00,,,,,,,false,false,12,2016-04-01,2017-03-31,0
2017-01-30,46590,2017-03-31,3,,,,,,,,,,,,,,,,,,,,,,,,,,,,,80.00,,,,,,,false,true,12,2016-04-01,2017-03-31,0
2017-01-30,46590,2017-03-31,3,,,,,,,,,,,,,,,,,,,,,,,,,,,,,,,,,5385600,982754,4402856,false,false,9,2016-04-01,2016-12-31,0
2017-01-30,46590,2016-03-31,3,,,,,,,,,,,,,,,,,,,,,,,,,,,,,,,,,,,4612937,false,false,9,2015-04-01,2015-12-31,-1
2017-05-10,46590,2017-03-31,,25829000000,0.084,,,,,3058000000,0.155,3089000000,0.150,,2125000000,,241.34,,0.202,0.214,0.118,,15322000000,11593000000,0.748,1301.86,11463000000,2095000000,-472000000,-218000000,6278000000,,0.166,,,,,,true,false,12,2016-04-01,2017-03-31,0
2017-05-10,46590,2016-03-31,,23835000000,0.092,,,,,2647000000,0.544,2685000000,0.523,,1765000000,,193.43,,0.191,0.203,0.111,,13617000000,9583000000,0.702,1085.29,9556000000,1978000000,-153000000,-1275000000,4640000000,,0.129,,,,,,true,false,12,2015-04-01,2016-03-31,-1
2017-05-10,46590,2018-03-31,,13600000000,0.081,,,,,1520000000,0.014,1530000000,0.017,,1050000000,,119.24,,,,,,,,,,,,,,,,,,,,,,true,true,6,2017-04-01,2017-09-30,1
2017-05-10,46590,2018-03-31,,28050000000,0.086,,,,,3100000000,0.013,3130000000,0.013,,2144000000,,243.48,,,,,,,,,,,,,,,,0.185,,,,,,true,true,12,2017-04-01,2018-03-31,1
2017-05-10,46590,2017-03-31,,17977000000,0.001,,,,,2428000000,0.103,2532000000,0.144,1733000000,,0.208,196.81,,,,,,13178000000,10466000000,0.794,1188.65,10466000000,,,,,80.00,,,,10771200,1965528,8805702,false,false,12,2016-04-01,2017-03-31,0
2017-05-10,46590,2016-03-31,,17968000000,0.036,,,,,2201000000,0.336,2212000000,0.311,1434000000,,0.776,157.12,,,,,,12147000000,8949000000,0.737,1016.27,8949000000,,,,,50.00,,,,10771200,1965442,9128924,false,false,12,2015-04-01,2016-03-31,-1
2017-05-10,46590,2018-03-31,,18500000000,0.029,,,,,,,2536000000,0.001,1764000000,,0.018,200.33,,,,,,,,,,,,,,,45.00,,,,,,,false,true,12,2017-04-01,2018-03-31,1
2017-07-31,46590,2018-03-31,1,5578000000,0.039,,,,,271000000,-0.233,279000000,-0.246,,145000000,,16.50,,,,,,14462000000,11379000000,0.778,,11247000000,,,,,,,,,,,,true,false,3,2017-04-01,2017-06-30,0
2017-07-31,46590,2017-03-31,1,5366000000,0.164,,,,,353000000,5.354,370000000,3.770,,237000000,,27.01,,,,,,,,,,,,,,,,,,,,,,true,false,3,2016-04-01,2016-06-30,-1
2017-07-31,46590,2018-03-31,1,13600000000,0.081,,,,,1520000000,0.014,1530000000,0.017,,1050000000,,119.24,,,,,,,,,,,,,,,,,,,,,,true,true,6,2017-04-01,2017-09-30,0
2017-07-31,46590,2018-03-31,1,28050000000,0.086,,,,,3100000000,0.013,3130000000,0.013,,2144000000,,243.48,,,,,,,,,,,,,,,,,,,,,,true,true,12,2017-04-01,2018-03-31,0
2017-07-31,46590,2017-03-31,1,,,,,,,,,,,,,,,,,,,,15322000000,11593000000,0.748,,11463000000,,,,,,,,,,,,true,false,12,2016-04-01,2017-03-31,-1
2017-07-31,46590,2017-03-31,1,,,,,,,,,,,,,,,,,,,,,,,,,,,,,80.00,,,,10771200,1965528,,false,false,12,2016-04-01,2017-03-31,-1
2017-07-31,46590,2018-03-31,1,,,,,,,,,,,,,,,,,,,,,,,,,,,,,45.00,,,,,,,false,true,12,2017-04-01,2018-03-31,0
2017-07-31,46590,2018-03-31,1,,,,,,,,,,,,,,,,,,,,,,,,,,,,,,,,,10771200,1965528,8805672,false,false,3,2017-04-01,2017-06-30,0
2017-07-31,46590,2017-03-31,1,,,,,,,,,,,,,,,,,,,,,,,,,,,,,,,,,,,8805742,false,false,3,2016-04-01,2016-06-30,-1
2017-10-31,46590,2018-03-31,2,12919000000,0.027,,,,,1490000000,-0.006,1506000000,0.002,,989000000,,112.36,,,,,,16004000000,12251000000,0.756,,12104000000,,,,,,,,,,,,true,false,6,2017-04-01,2017-09-30,0
2017-10-31,46590,2017-03-31,2,12577000000,0.109,,,,,1499000000,0.272,1504000000,0.262,,1031000000,,117.14,,,,,,,,,,,,,,,,,,,,,,true,false,6,2016-04-01,2016-09-30,-1
2017-10-31,46590,2018-03-31,2,28050000000,0.086,,,,,3100000000,0.013,3130000000,0.013,,2144000000,,243.48,,,,,,,,,,,,,,,,,,,,,,true,true,12,2017-04-01,2018-03-31,0
2017-10-31,46590,2017-03-31,2,,,,,,,,,,,,,,,,,,,,15322000000,11593000000,0.748,,11463000000,,,,,,,,,,,,true,false,12,2016-04-01,2017-03-31,-1
2017-10-31,46590,2017-03-31,2,,,,,,,,,,,,,,,,,,,,,,,,,,,,,80.00,,,,10771200,1965528,,false,false,12,2016-04-01,2017-03-31,-1
2017-10-31,46590,2018-03-31,2,,,,,,,,,,,,,,,,,,,,,,,,,,,,,0.00,,,,,,,false,false,12,2017-04-01,2018-03-31,0
2017-10-31,46590,2018-03-31,2,,,,,,,,,,,,,,,,,,,,,,,,,,,,,45.00,,,,,,,false,true,12,2017-04-01,2018-03-31,0
2017-10-31,46590,2018-03-31,2,,,,,,,,,,,,,,,,,,,,,,,,,,,,,,,,,10771200,1965588,8805646,false,false,6,2017-04-01,2017-09-30,0
2017-10-31,46590,2017-03-31,2,,,,,,,,,,,,,,,,,,,,,,,,,,,,,,,,,,,8805720,false,false,6,2016-04-01,2016-09-30,-1
2018-01-31,46590,2018-03-31,3,18872000000,0.050,,,,,1745000000,0.090,1774000000,0.106,,1153000000,,130.95,,,,,,15496000000,12468000000,0.794,,12306000000,,,,,,,,,,,,true,false,9,2017-04-01,2017-12-31,0
2018-01-31,46590,2017-03-31,3,17973000000,0.112,,,,,1600000000,0.296,1604000000,0.274,,1104000000,,125.44,,,,,,,,,,,,,,,,,,,,,,true,false,9,2016-04-01,2016-12-31,-1
2018-01-31,46590,2018-03-31,3,28050000000,0.086,,,,,3100000000,0.013,3130000000,0.013,,2144000000,,243.48,,,,,,,,,,,,,,,,,,,,,,true,true,12,2017-04-01,2018-03-31,0
2018-01-31,46590,2017-03-31,3,,,,,,,,,,,,,,,,,,,,15322000000,11593000000,0.748,,11463000000,,,,,,,,,,,,true,false,12,2016-04-01,2017-03-31,-1
2018-01-31,46590,2017-03-31,3,,,,,,,,,,,,,,,,,,,,,,,,,,,,,80.00,,,,10771200,1965528,,false,false,12,2016-04-01,2017-03-31,-1
2018-01-31,46590,2018-03-31,3,,,,,,,,,,,,,,,,,,,,,,,,,,,,,0.00,,,,,,,false,false,12,2017-04-01,2018-03-31,0
2018-01-31,46590,2018-03-31,3,,,,,,,,,,,,,,,,,,,,,,,,,,,,,45.00,,,,,,,false,true,12,2017-04-01,2018-03-31,0
2018-01-31,46590,2018-03-31,3,,,,,,,,,,,,,,,,,,,,,,,,,,,,,,,,,10771200,1965608,8805634,false,false,9,2017-04-01,2017-12-31,0
2018-01-31,46590,2017-03-31,3,,,,,,,,,,,,,,,,,,,,,,,,,,,,,,,,,,,8805712,false,false,9,2016-04-01,2016-12-31,-1
2018-05-14,46590,2018-03-31,,26870000000,0.040,,,,,3258000000,0.065,3309000000,0.071,,2237000000,,254.13,,0.180,0.199,0.121,,17876000000,13600000000,0.751,1524.72,,2972000000,-1459000000,-440000000,7365000000,,0.216,,,,,,true,false,12,2017-04-01,2018-03-31,0
2018-05-14,46590,2017-03-31,,25829000000,0.084,,,,,3058000000,0.155,3089000000,0.150,,2125000000,,241.34,,0.202,0.214,0.118,,15322000000,11593000000,0.748,1301.86,11463000000,2095000000,-472000000,-218000000,6278000000,,0.166,,,,,,true,false,12,2016-04-01,2017-03-31,-1
2018-05-14,46590,2019-03-31,,13910000000,0.077,,,,,1756000000,0.178,1765000000,0.171,,1190000000,,135.14,,,,,,,,,,,,,,,,,,,,,,true,true,6,2018-04-01,2018-09-30,1
2018-05-14,46590,2019-03-31,,28500000000,0.061,,,,,3500000000,0.074,3541000000,0.070,,2407000000,,273.35,,,,,,,,,,,,,,,,0.201,,,,,,true,true,12,2018-04-01,2019-03-31,1
2018-05-14,46590,2018-03-31,,17615000000,-0.020,,,,,2456000000,0.011,2606000000,0.029,1798000000,,0.038,204.26,,,,,,14895000000,11956000000,0.803,1357.89,11956000000,,,,,55.00,,,,10771200,1965668,8805614,false,false,12,2017-04-01,2018-03-31,0
2018-05-14,46590,2017-03-31,,17977000000,0.001,,,,,2428000000,0.103,2532000000,0.144,1733000000,,0.208,196.81,,,,,,13178000000,10466000000,0.794,1188.65,10466000000,,,,,80.00,,,,10771200,1965528,8805702,false,false,12,2016-04-01,2017-03-31,-1
2018-05-14,46590,2019-03-31,,18000000000,0.022,,,,,,,2657000000,0.019,1844000000,,0.025,209.41,,,,,,,,,,,,,,,55.00,,,,,,,false,true,12,2018-04-01,2019-03-31,1
2018-07-31,46590,2019-03-31,1,5778000000,0.036,,,,,334000000,0.233,349000000,0.251,,213000000,,24.28,,,,,,16483000000,13283000000,0.795,,13105000000,,,,,,,,,,,,true,false,3,2018-04-01,2018-06-30,0
2018-07-31,46590,2018-03-31,1,5578000000,0.039,,,,,271000000,-0.233,279000000,-0.246,,145000000,,16.50,,,,,,,,,,,,,,,,,,,,,,true,false,3,2017-04-01,2017-06-30,-1
2018-07-31,46590,2019-03-31,1,13910000000,0.077,,,,,1756000000,0.178,1765000000,0.171,,1190000000,,135.14,,,,,,,,,,,,,,,,,,,,,,true,true,6,2018-04-01,2018-09-30,0
2018-07-31,46590,2019-03-31,1,28500000000,0.061,,,,,3500000000,0.074,3541000000,0.070,,2407000000,,273.35,,,,,,,,,,,,,,,,,,,,,,true,true,12,2018-04-01,2019-03-31,0
2018-07-31,46590,2018-03-31,1,,,,,,,,,,,,,,,,,,,,17876000000,13600000000,0.751,,13425000000,,,,,,,,,,,,true,false,12,2017-04-01,2018-03-31,-1
2018-07-31,46590,2018-03-31,1,,,,,,,,,,,,,,,,,,,,,,,,,,,,,55.00,,,,10771200,1965668,,false,false,12,2017-04-01,2018-03-31,-1
2018-07-31,46590,2019-03-31,1,,,,,,,,,,,,,,,,,,,,,,,,,,,,,55.00,,,,,,,false,true,12,2018-04-01,2019-03-31,0
2018-07-31,46590,2019-03-31,1,,,,,,,,,,,,,,,,,,,,,,,,,,,,,,,,,10771200,1965705,8805514,false,false,3,2018-04-01,2018-06-30,0
2018-07-31,46590,2018-03-31,1,,,,,,,,,,,,,,,,,,,,,,,,,,,,,,,,,,,8805672,false,false,3,2017-04-01,2017-06-30,-1
2018-10-31,46590,2019-03-31,2,13295000000,0.029,,,,,1774000000,0.191,1795000000,0.192,,1203000000,,136.70,,,,,,18200000000,14301000000,0.775,,14106000000,,,,,,,,,,,,true,false,6,2018-04-01,2018-09-30,0
2018-10-31,46590,2018-03-31,2,12919000000,0.027,,,,,1490000000,-0.006,1506000000,0.002,,989000000,,112.36,,,,,,,,,,,,,,,,,,,,,,true,false,6,2017-04-01,2017-09-30,-1
2018-10-31,46590,2019-03-31,2,28000000000,0.042,,,,,3600000000,0.105,3651000000,0.103,,2500000000,,283.92,,,,,,,,,,,,,,,,,,,,,,true,true,12,2018-04-01,2019-03-31,0
2018-10-31,46590,2018-03-31,2,,,,,,,,,,,,,,,,,,,,17876000000,13600000000,0.751,,13425000000,,,,,,,,,,,,true,false,12,2017-04-01,2018-03-31,-1
2018-10-31,46590,2018-03-31,2,,,,,,,,,,,,,,,,,,,,,,,,,,,,,55.00,,,,10771200,1965668,,false,false,12,2017-04-01,2018-03-31,-1
2018-10-31,46590,2019-03-31,2,,,,,,,,,,,,,,,,,,,,,,,,,,,,,0.00,,,,,,,false,false,12,2018-04-01,2019-03-31,0
2018-10-31,46590,2019-03-31,2,,,,,,,,,,,,,,,,,,,,,,,,,,,,,55.00,,,,,,,false,true,12,2018-04-01,2019-03-31,0
2018-10-31,46590,2019-03-31,2,,,,,,,,,,,,,,,,,,,,,,,,,,,,,,,,,10771200,1965747,8805488,false,false,6,2018-04-01,2018-09-30,0
2018-10-31,46590,2018-03-31,2,,,,,,,,,,,,,,,,,,,,,,,,,,,,,,,,,,,8805646,false,false,6,2017-04-01,2017-09-30,-1
2019-01-31,46590,2019-03-31,3,19381000000,0.027,,,,,2170000000,0.243,2204000000,0.242,,1477000000,,169.28,,,,,,16294000000,13289000000,0.803,,13078000000,,,,,,,,,,,,true,false,9,2018-04-01,2018-12-31,0
2019-01-31,46590,2018-03-31,3,18872000000,0.050,,,,,1745000000,0.090,1774000000,0.106,,1153000000,,130.95,,,,,,,,,,,,,,,,,,,,,,true,false,9,2017-04-01,2017-12-31,-1
2019-01-31,46590,2019-03-31,3,28000000000,0.042,,,,,3600000000,0.105,3651000000,0.103,,2500000000,,288.96,,,,,,,,,,,,,,,,,,,,,,true,true,12,2018-04-01,2019-03-31,0
2019-01-31,46590,2018-03-31,3,,,,,,,,,,,,,,,,,,,,17876000000,13600000000,0.751,,13425000000,,,,,,,,,,,,true,false,12,2017-04-01,2018-03-31,-1
2019-01-31,46590,2018-03-31,3,,,,,,,,,,,,,,,,,,,,,,,,,,,,,55.00,,,,10771200,1965668,,false,false,12,2017-04-01,2018-03-31,-1
2019-01-31,46590,2019-03-31,3,,,,,,,,,,,,,,,,,,,,,,,,,,,,,0.00,,,,,,,false,false,12,2018-04-01,2019-03-31,0
2019-01-31,46590,2019-03-31,3,,,,,,,,,,,,,,,,,,,,,,,,,,,,,55.00,,,,,,,false,true,12,2018-04-01,2019-03-31,0
2019-01-31,46590,2019-03-31,3,,,,,,,,,,,,,,,,,,,,,,,,,,,,,,,,,10771200,2365827,8725462,false,false,9,2018-04-01,2018-12-31,0
2019-01-31,46590,2018-03-31,3,,,,,,,,,,,,,,,,,,,,,,,,,,,,,,,,,,,8805634,false,false,9,2017-04-01,2017-12-31,-1
2019-05-15,46590,2019-03-31,,27669000000,0.030,,,,,3778000000,0.160,3828000000,0.157,,2634000000,,304.55,,0.191,0.209,0.137,,18846000000,14428000000,0.754,1690.92,,3150000000,-832000000,-1762000000,7912000000,,0.213,,,,,,true,false,12,2018-04-01,2019-03-31,0
2019-05-15,46590,2018-03-31,,26870000000,0.040,,,,,3258000000,0.065,3309000000,0.071,,2237000000,,254.13,,0.180,0.199,0.121,,17876000000,13600000000,0.751,1524.72,,2972000000,-1459000000,-440000000,7365000000,,0.216,,,,,,true,false,12,2017-04-01,2018-03-31,-1
2019-05-15,46590,2020-03-31,,13648000000,0.027,,,,,1804000000,0.017,1834000000,0.021,,1222000000,,145.38,,,,,,,,,,,,,,,,,,,,,,true,true,6,2019-04-01,2019-09-30,1
2019-05-15,46590,2020-03-31,,28500000000,0.030,,,,,4000000000,0.059,4051000000,0.058,,2763000000,,328.72,,,,,,,,,,,,,,,,0.213,,,,,,true,true,12,2019-04-01,2020-03-31,1
2019-05-15,46590,2019-03-31,,17435000000,-0.010,,,,,3057000000,0.245,3215000000,0.233,2253000000,,0.253,260.47,,,,,,15561000000,12431000000,0.799,1478.96,12431000000,,,,,65.00,,,,10771200,2365827,8651595,false,false,12,2018-04-01,2019-03-31,0
2019-05-15,46590,2018-03-31,,17615000000,-0.020,,,,,2456000000,0.011,2606000000,0.029,1798000000,,0.038,204.26,,,,,,14895000000,11956000000,0.803,1357.89,11956000000,,,,,55.00,,,,10771200,1965668,8805614,false,false,12,2017-04-01,2018-03-31,-1
2019-05-15,46590,2020-03-31,,17000000000,-0.025,,,,,,,3268000000,0.016,2276000000,,0.010,270.78,,,,,,,,,,,,,,,70.00,,,,,,,false,true,12,2019-04-01,2020-03-31,1
2019-07-31,46590,2020-03-31,1,5980000000,0.035,,,,,412000000,0.232,431000000,0.233,,280000000,,33.43,,,,,,17633000000,14167000000,0.791,,13950000000,,,,,,,,,,,,true,false,3,2019-04-01,2019-06-30,0
2019-07-31,46590,2019-03-31,1,5778000000,0.036,,,,,334000000,0.233,349000000,0.251,,213000000,,24.28,,,,,,,,,,,,,,,,,,,,,,true,false,3,2018-04-01,2018-06-30,-1
2019-07-31,46590,2020-03-31,1,13648000000,0.027,,,,,1804000000,0.017,1834000000,0.021,,1222000000,,145.38,,,,,,,,,,,,,,,,,,,,,,true,true,6,2019-04-01,2019-09-30,0
2019-07-31,46590,2020-03-31,1,28500000000,0.030,,,,,4000000000,0.059,4051000000,0.058,,2763000000,,328.72,,,,,,,,,,,,,,,,,,,,,,true,true,12,2019-04-01,2020-03-31,0
2019-07-31,46590,2019-03-31,1,,,,,,,,,,,,,,,,,,,,18846000000,14428000000,0.754,,14212000000,,,,,,,,,,,,true,false,12,2018-04-01,2019-03-31,-1
2019-07-31,46590,2019-03-31,1,,,,,,,,,,,,,,,,,,,,,,,,,,,,,65.00,,,,10771200,2365827,,false,false,12,2018-04-01,2019-03-31,-1
2019-07-31,46590,2020-03-31,1,,,,,,,,,,,,,,,,,,,,,,,,,,,,,70.00,,,,,,,false,true,12,2019-04-01,2020-03-31,0
2019-07-31,46590,2020-03-31,1,,,,,,,,,,,,,,,,,,,,,,,,,,,,,,,,,10771200,2365827,8405373,false,false,3,2019-04-01,2019-06-30,0
2019-07-31,46590,2019-03-31,1,,,,,,,,,,,,,,,,,,,,,,,,,,,,,,,,,,,8805514,false,false,3,2018-04-01,2018-06-30,-1
2019-10-31,46590,2020-03-31,2,13370000000,0.006,,,,,1726000000,-0.027,1756000000,-0.022,,1207000000,,143.67,,,,,,18837000000,15079000000,0.789,,14855000000,,,,,,,,,,,,true,false,6,2019-04-01,2019-09-30,0
2019-10-31,46590,2019-03-31,2,13295000000,0.029,,,,,1774000000,0.191,1795000000,0.192,,1203000000,,136.70,,,,,,,,,,,,,,,,,,,,,,true,false,6,2018-04-01,2018-09-30,-1
2019-10-31,46590,2020-03-31,2,28500000000,0.030,,,,,4000000000,0.059,4051000000,0.058,,2763000000,,328.58,,,,,,,,,,,,,,,,,,,,,,true,true,12,2019-04-01,2020-03-31,0
2019-10-31,46590,2019-03-31,2,,,,,,,,,,,,,,,,,,,,18846000000,14428000000,0.754,,14212000000,,,,,,,,,,,,true,false,12,2018-04-01,2019-03-31,-1
2019-10-31,46590,2019-03-31,2,,,,,,,,,,,,,,,,,,,,,,,,,,,,,65.00,,,,10771200,2365827,,false,false,12,2018-04-01,2019-03-31,-1
2019-10-31,46590,2020-03-31,2,,,,,,,,,,,,,,,,,,,,,,,,,,,,,0.00,,,,,,,false,false,12,2019-04-01,2020-03-31,0
2019-10-31,46590,2020-03-31,2,,,,,,,,,,,,,,,,,,,,,,,,,,,,,70.00,,,,,,,false,true,12,2019-04-01,2020-03-31,0
2019-10-31,46590,2020-03-31,2,,,,,,,,,,,,,,,,,,,,,,,,,,,,,,,,,10771200,2362182,8406407,false,false,6,2019-04-01,2019-09-30,0
2019-10-31,46590,2019-03-31,2,,,,,,,,,,,,,,,,,,,,,,,,,,,,,,,,,,,8805488,false,false,6,2018-04-01,2018-09-30,-1
2020-01-31,46590,2020-03-31,3,19962000000,0.030,,,,,2384000000,0.099,2432000000,0.104,,1636000000,,194.69,,,,,,18694000000,15507000000,0.817,,15271000000,,,,,,,,,,,,true,false,9,2019-04-01,2019-12-31,0
2020-01-31,46590,2019-03-31,3,19381000000,0.027,,,,,2170000000,0.243,2204000000,0.242,,1477000000,,169.28,,,,,,,,,,,,,,,,,,,,,,true,false,9,2018-04-01,2018-12-31,-1
2020-01-31,46590,2020-03-31,3,28500000000,0.030,,,,,4000000000,0.059,4051000000,0.058,,2763000000,,328.58,,,,,,,,,,,,,,,,,,,,,,true,true,12,2019-04-01,2020-03-31,0
2020-01-31,46590,2019-03-31,3,,,,,,,,,,,,,,,,,,,,18846000000,14428000000,0.754,,14212000000,,,,,,,,,,,,true,false,12,2018-04-01,2019-03-31,-1
2020-01-31,46590,2019-03-31,3,,,,,,,,,,,,,,,,,,,,,,,,,,,,,65.00,,,,10771200,2365827,,false,false,12,2018-04-01,2019-03-31,-1
2020-01-31,46590,2020-03-31,3,,,,,,,,,,,,,,,,,,,,,,,,,,,,,0.00,,,,,,,false,false,12,2019-04-01,2020-03-31,0
2020-01-31,46590,2020-03-31,3,,,,,,,,,,,,,,,,,,,,,,,,,,,,,70.00,,,,,,,false,true,12,2019-04-01,2020-03-31,0
2020-01-31,46590,2020-03-31,3,,,,,,,,,,,,,,,,,,,,,,,,,,,,,,,,,10771200,2362401,8407125,false,false,9,2019-04-01,2019-12-31,0
2020-01-31,46590,2019-03-31,3,,,,,,,,,,,,,,,,,,,,,,,,,,,,,,,,,,,8725462,false,false,9,2018-04-01,2018-12-31,-1
2020-05-21,46590,2020-03-31,,28402000000,0.026,,,,,4277000000,0.132,4343000000,0.134,,3011000000,,358.18,,0.195,0.216,0.151,,21357000000,16909000000,0.780,1980.27,16651000000,3637000000,-1163000000,-586000000,9850000000,,0.201,,,,,,true,false,12,2019-04-01,2020-03-31,0
2020-05-21,46590,2019-03-31,,27669000000,0.030,,,,,3778000000,0.160,3828000000,0.157,,2634000000,,304.55,,0.191,0.209,0.137,,18846000000,14428000000,0.754,1690.92,14212000000,3150000000,-832000000,-1762000000,7912000000,,0.213,,,,,,true,false,12,2018-04-01,2019-03-31,-1
2020-05-21,46590,2021-03-31,,13020000000,-0.026,,,,,1480000000,-0.143,1499000000,-0.147,,943000000,,112.14,,,,,,,,,,,,,,,,,,,,,,true,true,6,2020-04-01,2020-09-30,1
2020-05-21,46590,2021-03-31,,28000000000,-0.014,,,,,3900000000,-0.088,3943000000,-0.092,,2637000000,,313.60,,,,,,,,,,,,,,,,0.230,,,,,,true,true,12,2020-04-01,2021-03-31,1
2020-05-21,46590,2020-03-31,,17303000000,-0.008,,,,,3594000000,0.176,3796000000,0.181,2708000000,,0.202,322.20,,,,,,17596000000,14579000000,0.829,1733.86,14579000000,,,,,72.00,,,,10771200,2362432,8407504,false,false,12,2019-04-01,2020-03-31,0
2020-05-21,46590,2019-03-31,,17435000000,-0.010,,,,,3057000000,0.245,3215000000,0.233,2253000000,,0.253,260.47,,,,,,15561000000,12431000000,0.799,1478.96,12431000000,,,,,65.00,,,,10771200,2365827,8651595,false,false,12,2018-04-01,2019-03-31,-1
2020-05-21,46590,2021-03-31,,16900000000,-0.023,,,,,,,3573000000,-0.059,2501000000,,-0.077,297.43,,,,,,,,,,,,,,,72.00,,,,,,,false,true,12,2020-04-01,2021-03-31,1
2020-07-31,46590,2021-03-31,1,5825000000,-0.026,,,,,470000000,0.140,492000000,0.141,,287000000,,34.24,,,,,,19863000000,16547000000,0.820,,16281000000,,,,,,,,,,,,true,false,3,2020-04-01,2020-06-30,0
2020-07-31,46590,2020-03-31,1,5980000000,0.035,,,,,412000000,0.232,431000000,0.233,,280000000,,33.43,,,,,,,,,,,,,,,,,,,,,,true,false,3,2019-04-01,2019-06-30,-1
2020-07-31,46590,2021-03-31,1,13020000000,-0.026,,,,,1480000000,-0.143,1499000000,-0.147,,943000000,,112.14,,,,,,,,,,,,,,,,,,,,,,true,true,6,2020-04-01,2020-09-30,0
2020-07-31,46590,2021-03-31,1,28000000000,-0.014,,,,,3900000000,-0.088,3943000000,-0.092,,2637000000,,313.60,,,,,,,,,,,,,,,,,,,,,,true,true,12,2020-04-01,2021-03-31,0
2020-07-31,46590,2020-03-31,1,,,,,,,,,,,,,,,,,,,,21357000000,16909000000,0.780,,16651000000,,,,,,,,,,,,true,false,12,2019-04-01,2020-03-31,-1
2020-07-31,46590,2020-03-31,1,,,,,,,,,,,,,,,,,,,,,,,,,,,,,72.00,,,,10771200,2362432,,false,false,12,2019-04-01,2020-03-31,-1
2020-07-31,46590,2021-03-31,1,,,,,,,,,,,,,,,,,,,,,,,,,,,,,72.00,,,,,,,false,true,12,2020-04-01,2021-03-31,0
2020-07-31,46590,2021-03-31,1,,,,,,,,,,,,,,,,,,,,,,,,,,,,,,,,,10771200,2363008,8408624,false,false,3,2020-04-01,2020-06-30,0
2020-07-31,46590,2020-03-31,1,,,,,,,,,,,,,,,,,,,,,,,,,,,,,,,,,,,8405373,false,false,3,2019-04-01,2019-06-30,-1
2020-10-15,46590,2021-03-31,,13130000000,0.008,,,,,2060000000,0.392,2130000000,0.421,,1370000000,,162.83,,,,,,,,,,,,,,,,,,,,,,true,true,6,2020-04-01,2020-09-30,0
2020-10-15,46590,2020-03-31,,13370000000,,,,,,1726000000,,1756000000,,,1207000000,,143.67,,,,,,,,,,,,,,,,,,,,,,true,false,6,2019-04-01,2019-09-30,-1
2020-10-15,46590,2021-03-31,,28000000000,,,,,,4400000000,0.128,4462000000,0.132,,2968000000,,352.86,,,,,,,,,,,,,,,,,,,,,,true,true,12,2020-04-01,2021-03-31,0
2020-10-15,46590,2020-03-31,,28402000000,,,,,,4277000000,,4343000000,,,3011000000,,358.18,,,,,,,,,,,,,,,,,,,,,,true,false,12,2019-04-01,2020-03-31,-1
2020-10-30,46590,2021-03-31,2,13146000000,-0.017,,,,,2069000000,0.199,2135000000,0.216,,1384000000,,164.65,,,,,,21700000000,17724000000,0.803,,17423000000,,,,,,,,,,,,true,false,6,2020-04-01,2020-09-30,0
2020-10-30,46590,2020-03-31,2,13370000000,0.006,,,,,1726000000,-0.027,1756000000,-0.022,,1207000000,,143.67,,,,,,,,,,,,,,,,,,,,,,true,false,6,2019-04-01,2019-09-30,-1
2020-10-30,46590,2021-03-31,2,28000000000,-0.014,,,,,4400000000,0.029,4462000000,0.027,,2968000000,,352.86,,,,,,,,,,,,,,,,,,,,,,true,true,12,2020-04-01,2021-03-31,0
2020-10-30,46590,2020-03-31,2,,,,,,,,,,,,,,,,,,,,21357000000,16909000000,0.780,,16651000000,,,,,,,,,,,,true,false,12,2019-04-01,2020-03-31,-1
2020-10-30,46590,2020-03-31,2,,,,,,,,,,,,,,,,,,,,,,,,,,,,,72.00,,,,10771200,2362432,,false,false,12,2019-04-01,2020-03-31,-1
2020-10-30,46590,2021-03-31,2,,,,,,,,,,,,,,,,,,,,,,,,,,,,,0.00,,,,,,,false,false,12,2020-04-01,2021-03-31,0
2020-10-30,46590,2021-03-31,2,,,,,,,,,,,,,,,,,,,,,,,,,,,,,72.00,,,,,,,false,true,12,2020-04-01,2021-03-31,0
2020-10-30,46590,2021-03-31,2,,,,,,,,,,,,,,,,,,,,,,,,,,,,,,,,,10771200,2357714,8409956,false,false,6,2020-04-01,2020-09-30,0
2020-10-30,46590,2020-03-31,2,,,,,,,,,,,,,,,,,,,,,,,,,,,,,,,,,,,8406407,false,false,6,2019-04-01,2019-09-30,-1
2021-01-29,46590,2021-03-31,3,19756000000,-0.010,,,,,3098000000,0.299,3214000000,0.321,,2082000000,,247.65,,,,,,21988000000,18491000000,0.826,,18155000000,,,,,,,,,,,,true,false,9,2020-04-01,2020-12-31,0
2021-01-29,46590,2020-03-31,3,19962000000,0.030,,,,,2384000000,0.099,2432000000,0.104,,1636000000,,194.69,,,,,,,,,,,,,,,,,,,,,,true,false,9,2019-04-01,2019-12-31,-1
2021-01-29,46590,2021-03-31,3,28000000000,-0.014,,,,,4400000000,0.029,4462000000,0.027,,2968000000,,352.86,,,,,,,,,,,,,,,,,,,,,,true,true,12,2020-04-01,2021-03-31,0
2021-01-29,46590,2020-03-31,3,,,,,,,,,,,,,,,,,,,,21357000000,16909000000,0.780,,16651000000,,,,,,,,,,,,true,false,12,2019-04-01,2020-03-31,-1
2021-01-29,46590,2020-03-31,3,,,,,,,,,,,,,,,,,,,,,,,,,,,,,72.00,,,,10771200,2362432,,false,false,12,2019-04-01,2020-03-31,-1
2021-01-29,46590,2021-03-31,3,,,,,,,,,,,,,,,,,,,,,,,,,,,,,0.00,,,,,,,false,false,12,2020-04-01,2021-03-31,0
2021-01-29,46590,2021-03-31,3,,,,,,,,,,,,,,,,,,,,,,,,,,,,,72.00,,,,,,,false,true,12,2020-04-01,2021-03-31,0
2021-01-29,46590,2021-03-31,3,,,,,,,,,,,,,,,,,,,,,,,,,,,,,,,,,10771200,2357758,8411006,false,false,9,2020-04-01,2020-12-31,0
2021-01-29,46590,2020-03-31,3,,,,,,,,,,,,,,,,,,,,,,,,,,,,,,,,,,,8407125,false,false,9,2019-04-01,2019-12-31,-1
2021-05-14,46590,2021-03-31,,27966000000,-0.015,,,,,4720000000,0.104,4862000000,0.120,,3187000000,,378.94,,0.177,0.212,0.169,,24536000000,19631000000,0.785,2290.28,19268000000,4047000000,-309000000,-594000000,12987000000,,0.201,,,,,,true,false,12,2020-04-01,2021-03-31,0
2021-05-14,46590,2020-03-31,,28402000000,0.026,,,,,4277000000,0.132,4343000000,0.134,,3011000000,,358.18,,0.195,0.216,0.151,,21357000000,16909000000,0.780,1980.27,16651000000,3637000000,-1163000000,-586000000,9850000000,,0.201,,,,,,true,false,12,2019-04-01,2020-03-31,-1
2021-05-14,46590,2022-03-31,,12950000000,-0.015,,,,,1680000000,-0.188,1702000000,-0.203,,1115000000,,132.53,,,,,,,,,,,,,,,,,,,,,,true,true,6,2021-04-01,2021-09-30,1
2021-05-14,46590,2022-03-31,,27300000000,-0.024,,,,,4000000000,-0.153,4060000000,-0.165,,2740000000,,325.68,,,,,,,,,,,,,,,,0.233,,,,,,true,true,12,2021-04-01,2022-03-31,1
2021-05-14,46590,2021-03-31,,16765000000,-0.031,,,,,3719000000,0.035,3793000000,-0.001,2594000000,,-0.042,308.48,,,,,,19782000000,16627000000,0.840,1976.31,16627000000,,,,,76.00,,,,10771200,2357909,8411548,false,false,12,2020-04-01,2021-03-31,0
2021-05-14,46590,2020-03-31,,17303000000,-0.008,,,,,3594000000,0.176,3796000000,0.181,2708000000,,0.202,322.20,,,,,,17596000000,14579000000,0.829,1733.86,14579000000,,,,,72.00,,,,10771200,2362432,8407504,false,false,12,2019-04-01,2020-03-31,-1
2021-05-14,46590,2022-03-31,,17100000000,0.020,,,,,,,3421000000,-0.098,2354000000,,-0.093,279.80,,,,,,,,,,,,,,,76.00,,,,,,,false,true,12,2021-04-01,2022-03-31,1
2021-07-30,46590,2022-03-31,1,5835000000,0.002,,,,,524000000,0.116,555000000,0.128,,280000000,,33.33,,,,,,22658000000,19349000000,0.836,,18948000000,,,,,,,,,,,,true,false,3,2021-04-01,2021-06-30,0
2021-07-30,46590,2021-03-31,1,5825000000,-0.026,,,,,470000000,0.140,492000000,0.141,,287000000,,34.24,,,,,,,,,,,,,,,,,,,,,,true,false,3,2020-04-01,2020-06-30,-1
2021-07-30,46590,2022-03-31,1,12950000000,-0.015,,,,,1680000000,-0.188,1702000000,-0.203,,1115000000,,132.53,,,,,,,,,,,,,,,,,,,,,,true,true,6,2021-04-01,2021-09-30,0
2021-07-30,46590,2022-03-31,1,27300000000,-0.024,,,,,4000000000,-0.153,4060000000,-0.165,,2740000000,,325.68,,,,,,,,,,,,,,,,,,,,,,true,true,12,2021-04-01,2022-03-31,0
2021-07-30,46590,2021-03-31,1,,,,,,,,,,,,,,,,,,,,24536000000,19631000000,0.785,,19268000000,,,,,,,,,,,,true,false,12,2020-04-01,2021-03-31,-1
2021-07-30,46590,2021-03-31,1,,,,,,,,,,,,,,,,,,,,,,,,,,,,,76.00,,,,10771200,2357909,,false,false,12,2020-04-01,2021-03-31,-1
2021-07-30,46590,2022-03-31,1,,,,,,,,,,,,,,,,,,,,,,,,,,,,,76.00,,,,,,,false,true,12,2021-04-01,2022-03-31,0
2021-07-30,46590,2022-03-31,1,,,,,,,,,,,,,,,,,,,,,,,,,,,,,,,,,10771200,2357909,8413291,false,false,3,2021-04-01,2021-06-30,0
2021-07-30,46590,2021-03-31,1,,,,,,,,,,,,,,,,,,,,,,,,,,,,,,,,,,,8408624,false,false,3,2020-04-01,2020-06-30,-1
2021-10-28,46590,2022-03-31,2,12683000000,-0.035,,,,,1821000000,-0.120,1877000000,-0.121,,1156000000,,137.40,,,,,,23588000000,19985000000,0.840,,19802000000,,,,,,,,,,,,true,false,6,2021-04-01,2021-09-30,0
2021-10-28,46590,2021-03-31,2,13146000000,-0.017,,,,,2069000000,0.199,2135000000,0.216,,1384000000,,164.65,,,,,,,,,,,,,,,,,,,,,,true,false,6,2020-04-01,2020-09-30,-1
2021-10-28,46590,2022-03-31,2,27300000000,-0.024,,,,,4000000000,-0.153,4060000000,-0.165,,2740000000,,325.68,,,,,,,,,,,,,,,,,,,,,,true,true,12,2021-04-01,2022-03-31,0
2021-10-28,46590,2021-03-31,2,,,,,,,,,,,,,,,,,,,,24536000000,19631000000,0.785,,19268000000,,,,,,,,,,,,true,false,12,2020-04-01,2021-03-31,-1
2021-10-28,46590,2021-03-31,2,,,,,,,,,,,,,,,,,,,,,,,,,,,,,76.00,,,,10771200,2357909,,false,false,12,2020-04-01,2021-03-31,-1
2021-10-28,46590,2022-03-31,2,,,,,,,,,,,,,,,,,,,,,,,,,,,,,0.00,,,,,,,false,false,12,2021-04-01,2022-03-31,0
2021-10-28,46590,2022-03-31,2,,,,,,,,,,,,,,,,,,,,,,,,,,,,,76.00,,,,,,,false,true,12,2021-04-01,2022-03-31,0
2021-10-28,46590,2022-03-31,2,,,,,,,,,,,,,,,,,,,,,,,,,,,,,,,,,10771200,2354213,8414347,false,false,6,2021-04-01,2021-09-30,0
2021-10-28,46590,2021-03-31,2,,,,,,,,,,,,,,,,,,,,,,,,,,,,,,,,,,,8409956,false,false,6,2020-04-01,2020-09-30,-1
2022-01-31,46590,2022-03-31,3,18454000000,-0.066,,,,,2264000000,-0.269,2340000000,-0.272,,1418000000,,168.61,,,,,,22908000000,20234000000,0.875,,20034000000,,,,,,,,,,,,true,false,9,2021-04-01,2021-12-31,0
2022-01-31,46590,2021-03-31,3,19756000000,-0.010,,,,,3098000000,0.299,3214000000,0.321,,2082000000,,247.65,,,,,,,,,,,,,,,,,,,,,,true,false,9,2020-04-01,2020-12-31,-1
2022-01-31,46590,2022-03-31,3,27300000000,-0.024,,,,,4000000000,-0.153,4060000000,-0.165,,2740000000,,325.68,,,,,,,,,,,,,,,,,,,,,,true,true,12,2021-04-01,2022-03-31,0
2022-01-31,46590,2021-03-31,3,,,,,,,,,,,,,,,,,,,,24536000000,19631000000,0.785,,19268000000,,,,,,,,,,,,true,false,12,2020-04-01,2021-03-31,-1
2022-01-31,46590,2021-03-31,3,,,,,,,,,,,,,,,,,,,,,,,,,,,,,76.00,,,,10771200,2357909,,false,false,12,2020-04-01,2021-03-31,-1
2022-01-31,46590,2022-03-31,3,,,,,,,,,,,,,,,,,,,,,,,,,,,,,0.00,,,,,,,false,false,12,2021-04-01,2022-03-31,0
2022-01-31,46590,2022-03-31,3,,,,,,,,,,,,,,,,,,,,,,,,,,,,,76.00,,,,,,,false,true,12,2021-04-01,2022-03-31,0
2022-01-31,46590,2022-03-31,3,,,,,,,,,,,,,,,,,,,,,,,,,,,,,,,,,10771200,2354213,8415139,false,false,9,2021-04-01,2021-12-31,0
2022-01-31,46590,2021-03-31,3,,,,,,,,,,,,,,,,,,,,,,,,,,,,,,,,,,,8411006,false,false,9,2020-04-01,2020-12-31,-1
2022-03-17,46590,2022-03-31,,26150000000,-0.042,,,,,3920000000,-0.020,4020000000,-0.010,,2240000000,,266.17,,,,,,,,,,,,,,,,,,,,,,true,true,12,2021-04-01,2022-03-31,0
2022-03-17,46590,2021-03-31,,27966000000,,,,,,4720000000,,4862000000,,,3187000000,,378.94,,,,,,,,,,,,,,,,,,,,,,true,false,12,2020-04-01,2021-03-31,-1
2022-03-17,46590,2022-03-31,,16400000000,-0.041,,,,,,,3250000000,-0.050,1800000000,,-0.235,213.89,,,,,,,,,,,,,,,,,,,,,,false,true,12,2021-04-01,2022-03-31,0
2022-03-17,46590,2021-03-31,,16765000000,,,,,,,,3793000000,,2594000000,,,308.48,,,,,,,,,,,,,,,,,,,,,,false,false,12,2020-04-01,2021-03-31,-1
2022-05-16,46590,2022-03-31,,26177000000,-0.064,,,,,3936000000,-0.166,4043000000,-0.169,,2250000000,,267.40,,0.112,0.165,0.150,,24440000000,21099000000,0.855,2482.07,20891000000,1533000000,427000000,-899000000,14043000000,,0.299,,,,,,true,false,12,2021-04-01,2022-03-31,0
2022-05-16,46590,2021-03-31,,27966000000,-0.015,,,,,4720000000,0.104,4862000000,0.120,,3187000000,,378.94,,0.177,0.212,0.169,,24536000000,19631000000,0.785,2290.28,19268000000,4047000000,-309000000,-594000000,12987000000,,0.201,,,,,,true,false,12,2020-04-01,2021-03-31,-1
2022-05-16,46590,2023-03-31,,12700000000,0.001,,,,,1600000000,-0.122,1645000000,-0.124,,1066000000,,126.65,,,,,,,,,,,,,,,,,,,,,,true,true,6,2022-04-01,2022-09-30,1
2022-05-16,46590,2023-03-31,,27000000000,0.031,,,,,3500000000,-0.111,3581000000,-0.114,,2370000000,,281.57,,,,,,,,,,,,,,,,0.284,,,,,,true,true,12,2022-04-01,2023-03-31,1
2022-05-16,46590,2022-03-31,,16387000000,-0.023,,,,,3107000000,-0.164,3281000000,-0.135,1836000000,,-0.292,218.28,,,,,,20027000000,17807000000,0.889,2115.69,17807000000,,,,,80.00,,,,10771200,2354237,8415560,false,false,12,2021-04-01,2022-03-31,0
2022-05-16,46590,2021-03-31,,16765000000,-0.031,,,,,3719000000,0.035,3793000000,-0.001,2594000000,,-0.042,308.48,,,,,,19782000000,16627000000,0.840,1976.31,16627000000,,,,,76.00,,,,10771200,2357909,8411548,false,false,12,2020-04-01,2021-03-31,-1
2022-05-16,46590,2023-03-31,,16300000000,-0.005,,,,,,,2794000000,-0.149,1899000000,,0.034,225.62,,,,,,,,,,,,,,,80.00,,,,,,,false,true,12,2022-04-01,2023-03-31,1
2022-07-29,46590,2023-03-31,1,5548000000,-0.049,,,,,275000000,-0.475,305000000,-0.449,,151000000,,18.05,,,,,,23813000000,20584000000,0.857,,20401000000,,,,,,,,,,,,true,false,3,2022-04-01,2022-06-30,0
2022-07-29,46590,2022-03-31,1,5835000000,0.002,,,,,524000000,0.116,555000000,0.128,,280000000,,33.33,,,,,,,,,,,,,,,,,,,,,,true,false,3,2021-04-01,2021-06-30,-1
2022-07-29,46590,2023-03-31,1,12700000000,0.001,,,,,1600000000,-0.122,1645000000,-0.124,,1066000000,,126.65,,,,,,,,,,,,,,,,,,,,,,true,true,6,2022-04-01,2022-09-30,0
2022-07-29,46590,2023-03-31,1,27000000000,0.031,,,,,3500000000,-0.111,3581000000,-0.114,,2370000000,,281.57,,,,,,,,,,,,,,,,,,,,,,true,true,12,2022-04-01,2023-03-31,0
2022-07-29,46590,2022-03-31,1,,,,,,,,,,,,,,,,,,,,24440000000,21099000000,0.855,,20891000000,,,,,,,,,,,,true,false,12,2021-04-01,2022-03-31,-1
2022-07-29,46590,2022-03-31,1,,,,,,,,,,,,,,,,,,,,,,,,,,,,,80.00,,,,10771200,2354237,,false,false,12,2021-04-01,2022-03-31,-1
2022-07-29,46590,2023-03-31,1,,,,,,,,,,,,,,,,,,,,,,,,,,,,,80.00,,,,,,,false,true,12,2022-04-01,2023-03-31,0
2022-07-29,46590,2023-03-31,1,,,,,,,,,,,,,,,,,,,,,,,,,,,,,,,,,10771200,2355035,8416365,false,false,3,2022-04-01,2022-06-30,0
2022-07-29,46590,2022-03-31,1,,,,,,,,,,,,,,,,,,,,,,,,,,,,,,,,,,,8413291,false,false,3,2021-04-01,2021-06-30,-1
2022-09-30,46590,2023-03-31,,12200000000,-0.039,,,,,1150000000,-0.281,1200000000,-0.271,,730000000,,86.68,,,,,,,,,,,,,,,,,,,,,,true,true,6,2022-04-01,2022-09-30,0
2022-09-30,46590,2022-03-31,,12683000000,,,,,,1821000000,,1877000000,,,1156000000,,137.40,,,,,,,,,,,,,,,,,,,,,,true,false,6,2021-04-01,2021-09-30,-1
2022-09-30,46590,2023-03-31,,26000000000,-0.037,,,,,2700000000,-0.229,2790000000,-0.221,,1800000000,,213.72,,,,,,,,,,,,,,,,,,,,,,true,true,12,2022-04-01,2023-03-31,0
2022-09-30,46590,2022-03-31,,26177000000,,,,,,3936000000,,4043000000,,,2250000000,,267.40,,,,,,,,,,,,,,,,,,,,,,true,false,12,2021-04-01,2022-03-31,-1
2022-09-30,46590,2023-03-31,,15800000000,-0.031,,,,,,,2420000000,-0.134,1650000000,,-0.131,195.91,,,,,,,,,,,,,,,,,,,,,,false,true,12,2022-04-01,2023-03-31,0
2022-09-30,46590,2022-03-31,,16387000000,,,,,,,,3281000000,,1836000000,,,218.28,,,,,,,,,,,,,,,,,,,,,,false,false,12,2021-04-01,2022-03-31,-1
2022-10-31,46590,2023-03-31,2,12281000000,-0.032,,,,,1227000000,-0.326,1297000000,-0.309,,819000000,,97.31,,,,,,25031000000,21342000000,0.845,,21149000000,,,,,,,,,,,,true,false,6,2022-04-01,2022-09-30,0
2022-10-31,46590,2022-03-31,2,12683000000,-0.035,,,,,1821000000,-0.120,1877000000,-0.121,,1156000000,,137.40,,,,,,,,,,,,,,,,,,,,,,true,false,6,2021-04-01,2021-09-30,-1
2022-10-31,46590,2023-03-31,2,26000000000,-0.007,,,,,2700000000,-0.314,2790000000,-0.310,,1800000000,,213.72,,,,,,,,,,,,,,,,,,,,,,true,true,12,2022-04-01,2023-03-31,0
2022-10-31,46590,2022-03-31,2,,,,,,,,,,,,,,,,,,,,24440000000,21099000000,0.855,,20891000000,,,,,,,,,,,,true,false,12,2021-04-01,2022-03-31,-1
2022-10-31,46590,2022-03-31,2,,,,,,,,,,,,,,,,,,,,,,,,,,,,,80.00,,,,10771200,2354237,,false,false,12,2021-04-01,2022-03-31,-1
2022-10-31,46590,2023-03-31,2,,,,,,,,,,,,,,,,,,,,,,,,,,,,,0.00,,,,,,,false,false,12,2022-04-01,2023-03-31,0
2022-10-31,46590,2023-03-31,2,,,,,,,,,,,,,,,,,,,,,,,,,,,,,80.00,,,,,,,false,true,12,2022-04-01,2023-03-31,0
2022-10-31,46590,2023-03-31,2,,,,,,,,,,,,,,,,,,,,,,,,,,,,,,,,,10771200,2349015,8417999,false,false,6,2022-04-01,2022-09-30,0
2022-10-31,46590,2022-03-31,2,,,,,,,,,,,,,,,,,,,,,,,,,,,,,,,,,,,8414347,false,false,6,2021-04-01,2021-09-30,-1
2023-01-31,46590,2023-03-31,3,18243000000,-0.011,,,,,1469000000,-0.351,1577000000,-0.326,,985000000,,117.01,,,,,,24602000000,21540000000,0.867,,21330000000,,,,,,,,,,,,true,false,9,2022-04-01,2022-12-31,0
2023-01-31,46590,2022-03-31,3,18454000000,-0.066,,,,,2264000000,-0.269,2340000000,-0.272,,1418000000,,168.61,,,,,,,,,,,,,,,,,,,,,,true,false,9,2021-04-01,2021-12-31,-1
2023-01-31,46590,2023-03-31,3,26000000000,-0.007,,,,,2700000000,-0.314,2790000000,-0.310,,1800000000,,213.72,,,,,,,,,,,,,,,,,,,,,,true,true,12,2022-04-01,2023-03-31,0
2023-01-31,46590,2022-03-31,3,,,,,,,,,,,,,,,,,,,,24440000000,21099000000,0.855,,20891000000,,,,,,,,,,,,true,false,12,2021-04-01,2022-03-31,-1
2023-01-31,46590,2022-03-31,3,,,,,,,,,,,,,,,,,,,,,,,,,,,,,80.00,,,,10771200,2354237,,false,false,12,2021-04-01,2022-03-31,-1
2023-01-31,46590,2023-03-31,3,,,,,,,,,,,,,,,,,,,,,,,,,,,,,0.00,,,,,,,false,false,12,2022-04-01,2023-03-31,0
2023-01-31,46590,2023-03-31,3,,,,,,,,,,,,,,,,,,,,,,,,,,,,,80.00,,,,,,,false,true,12,2022-04-01,2023-03-31,0
2023-01-31,46590,2023-03-31,3,,,,,,,,,,,,,,,,,,,,,,,,,,,,,,,,,10771200,2349015,8419255,false,false,9,2022-04-01,2022-12-31,0
2023-01-31,46590,2022-03-31,3,,,,,,,,,,,,,,,,,,,,,,,,,,,,,,,,,,,8415139,false,false,9,2021-04-01,2021-12-31,-1
2023-05-15,46590,2023-03-31,,26062000000,-0.004,,,,,2804000000,-0.288,2926000000,-0.276,,1870000000,,222.15,,0.087,0.115,0.108,,26450000000,22378000000,0.838,2631.41,22162000000,2921000000,-556000000,-652000000,15807000000,,0.360,,,,,,true,false,12,2022-04-01,2023-03-31,0
2023-05-15,46590,2022-03-31,,26177000000,-0.064,,,,,3936000000,-0.166,4043000000,-0.169,,2250000000,,267.40,,0.112,0.165,0.150,,24440000000,21099000000,0.855,2482.07,20891000000,1533000000,427000000,-899000000,14043000000,,0.299,,,,,,true,false,12,2021-04-01,2022-03-31,-1
2023-05-15,46590,2024-03-31,,12410000000,0.010,,,,,1080000000,-0.120,1117000000,-0.139,,712000000,,84.54,,,,,,,,,,,,,,,,,,,,,,true,true,6,2023-04-01,2023-09-30,1
2023-05-15,46590,2024-03-31,,26400000000,0.013,,,,,2850000000,0.016,2931000000,0.002,,1963000000,,233.08,,,,,,,,,,,,,,,,0.343,,,,,,true,true,12,2023-04-01,2024-03-31,1
2023-05-15,46590,2023-03-31,,15836000000,-0.034,,,,,2390000000,-0.231,2524000000,-0.231,1692000000,,-0.078,201.06,,,,,,21483000000,18824000000,0.876,2235.07,18824000000,,,,,80.00,,,,10771200,2349015,8419931,false,false,12,2022-04-01,2023-03-31,0
2023-05-15,46590,2022-03-31,,16387000000,-0.023,,,,,3107000000,-0.164,3281000000,-0.135,1836000000,,-0.292,218.28,,,,,,20027000000,17807000000,0.889,2115.69,17807000000,,,,,80.00,,,,10771200,2354237,8415560,false,false,12,2021-04-01,2022-03-31,-1
2023-05-15,46590,2024-03-31,,15300000000,-0.034,,,,,,,2481000000,-0.017,1684000000,,-0.005,199.95,,,,,,,,,,,,,,,80.00,,,,,,,false,true,12,2023-04-01,2024-03-31,1
2023-07-31,46590,2024-03-31,1,6080000000,0.096,,,,,137000000,-0.501,158000000,-0.480,,82000000,,9.81,,,,,,25262000000,21809000000,0.855,,21598000000,,,,,,,,,,,,true,false,3,2023-04-01,2023-06-30,0
2023-07-31,46590,2023-03-31,1,5548000000,-0.049,,,,,275000000,-0.475,305000000,-0.449,,151000000,,18.05,,,,,,,,,,,,,,,,,,,,,,true,false,3,2022-04-01,2022-06-30,-1
2023-07-31,46590,2024-03-31,1,12410000000,0.010,,,,,1080000000,-0.120,1117000000,-0.139,,712000000,,84.54,,,,,,,,,,,,,,,,,,,,,,true,true,6,2023-04-01,2023-09-30,0
2023-07-31,46590,2024-03-31,1,26400000000,0.013,,,,,2850000000,0.016,2931000000,0.002,,1963000000,,233.08,,,,,,,,,,,,,,,,,,,,,,true,true,12,2023-04-01,2024-03-31,0
2023-07-31,46590,2023-03-31,1,,,,,,,,,,,,,,,,,,,,26450000000,22378000000,0.838,,22162000000,,,,,,,,,,,,true,false,12,2022-04-01,2023-03-31,-1
2023-07-31,46590,2023-03-31,1,,,,,,,,,,,,,,,,,,,,,,,,,,,,,80.00,,,,10771200,2349015,,false,false,12,2022-04-01,2023-03-31,-1
2023-07-31,46590,2024-03-31,1,,,,,,,,,,,,,,,,,,,,,,,,,,,,,80.00,,,,,,,false,true,12,2023-04-01,2024-03-31,0
2023-07-31,46590,2024-03-31,1,,,,,,,,,,,,,,,,,,,,,,,,,,,,,,,,,10771200,2350710,8420914,false,false,3,2023-04-01,2023-06-30,0
2023-07-31,46590,2023-03-31,1,,,,,,,,,,,,,,,,,,,,,,,,,,,,,,,,,,,8416365,false,false,3,2022-04-01,2022-06-30,-1
2023-10-31,46590,2024-03-31,2,13014000000,0.060,,,,,894000000,-0.272,945000000,-0.271,,632000000,,75.15,,,,,,26205000000,22331000000,0.848,,22232000000,,,,,,,,,,,,true,false,6,2023-04-01,2023-09-30,0
2023-10-31,46590,2023-03-31,2,12281000000,-0.032,,,,,1227000000,-0.326,1297000000,-0.309,,819000000,,97.31,,,,,,,,,,,,,,,,,,,,,,true,false,6,2022-04-01,2022-09-30,-1
2023-10-31,46590,2024-03-31,2,29000000000,0.113,,,,,2450000000,-0.126,2531000000,-0.135,,1686000000,,200.10,,,,,,,,,,,,,,,,,,,,,,true,true,12,2023-04-01,2024-03-31,0
2023-10-31,46590,2023-03-31,2,,,,,,,,,,,,,,,,,,,,26450000000,22378000000,0.838,,22162000000,,,,,,,,,,,,true,false,12,2022-04-01,2023-03-31,-1
2023-10-31,46590,2023-03-31,2,,,,,,,,,,,,,,,,,,,,,,,,,,,,,80.00,,,,10771200,2349015,,false,false,12,2022-04-01,2023-03-31,-1
2023-10-31,46590,2024-03-31,2,,,,,,,,,,,,,,,,,,,,,,,,,,,,,0.00,,,,,,,false,false,12,2023-04-01,2024-03-31,0
2023-10-31,46590,2024-03-31,2,,,,,,,,,,,,,,,,,,,,,,,,,,,,,80.00,,,,,,,false,true,12,2023-04-01,2024-03-31,0
2023-10-31,46590,2024-03-31,2,,,,,,,,,,,,,,,,,,,,,,,,,,,,,,,,,10771200,2345304,8422274,false,false,6,2023-04-01,2023-09-30,0
2023-10-31,46590,2023-03-31,2,,,,,,,,,,,,,,,,,,,,,,,,,,,,,,,,,,,8417999,false,false,6,2022-04-01,2022-09-30,-1
2024-01-31,46590,2024-03-31,3,20599000000,0.129,,,,,1076000000,-0.267,1157000000,-0.266,,742000000,,88.18,,,,,,26327000000,22428000000,0.849,,22363000000,,,,,,,,,,,,true,false,9,2023-04-01,2023-12-31,0
2024-01-31,46590,2023-03-31,3,18243000000,-0.011,,,,,1469000000,-0.351,1577000000,-0.326,,985000000,,117.01,,,,,,,,,,,,,,,,,,,,,,true,false,9,2022-04-01,2022-12-31,-1
2024-01-31,46590,2024-03-31,3,29000000000,0.113,,,,,2450000000,-0.126,2531000000,-0.135,,1686000000,,200.10,,,,,,,,,,,,,,,,,,,,,,true,true,12,2023-04-01,2024-03-31,0
2024-01-31,46590,2023-03-31,3,,,,,,,,,,,,,,,,,,,,26450000000,22378000000,0.838,,22162000000,,,,,,,,,,,,true,false,12,2022-04-01,2023-03-31,-1
2024-01-31,46590,2023-03-31,3,,,,,,,,,,,,,,,,,,,,,,,,,,,,,80.00,,,,10771200,2349015,,false,false,12,2022-04-01,2023-03-31,-1
2024-01-31,46590,2024-03-31,3,,,,,,,,,,,,,,,,,,,,,,,,,,,,,0.00,,,,,,,false,false,12,2023-04-01,2024-03-31,0
2024-01-31,46590,2024-03-31,3,,,,,,,,,,,,,,,,,,,,,,,,,,,,,80.00,,,,,,,false,true,12,2023-04-01,2024-03-31,0
2024-01-31,46590,2024-03-31,3,,,,,,,,,,,,,,,,,,,,,,,,,,,,,,,,,10771200,2345304,8423361,false,false,9,2023-04-01,2023-12-31,0
2024-01-31,46590,2023-03-31,3,,,,,,,,,,,,,,,,,,,,,,,,,,,,,,,,,,,8419255,false,false,9,2022-04-01,2022-12-31,-1
2024-05-15,46590,2024-03-31,,29995000000,0.151,,,,,2521000000,-0.101,2620000000,-0.105,,1910000000,,226.78,,0.084,0.095,0.084,,28589000000,23560000000,0.822,2790.48,23512000000,1978000000,-3279000000,-997000000,13553000000,,0.375,,,,,,true,false,12,2023-04-01,2024-03-31,0
2024-05-15,46590,2023-03-31,,26062000000,-0.004,,,,,2804000000,-0.288,2926000000,-0.276,,1870000000,,222.15,,0.087,0.115,0.108,,26450000000,22378000000,0.838,2631.41,22162000000,2921000000,-556000000,-652000000,15807000000,,0.360,,,,,,true,false,12,2022-04-01,2023-03-31,-1
2024-05-15,46590,2025-03-31,,15610000000,0.199,,,,,905000000,0.012,943000000,-0.003,,585000000,,69.43,,,,,,,,,,,,,,,,,,,,,,true,true,6,2024-04-01,2024-09-30,1
2024-05-15,46590,2025-03-31,,32900000000,0.097,,,,,2450000000,-0.029,2521000000,-0.038,,1658000000,,196.77,,,,,,,,,,,,,,,,0.432,,,,,,true,true,12,2024-04-01,2025-03-31,1
2024-05-15,46590,2024-03-31,,15808000000,-0.002,,,,,2238000000,-0.063,2372000000,-0.060,1745000000,,0.031,207.19,,,,,,22580000000,19976000000,0.885,2370.87,19976000000,,,,,85.00,,,,10771200,2345311,8423945,false,false,12,2023-04-01,2024-03-31,0
2024-05-15,46590,2023-03-31,,15836000000,-0.034,,,,,2390000000,-0.231,2524000000,-0.231,1692000000,,-0.078,201.06,,,,,,21483000000,18824000000,0.876,2235.07,18824000000,,,,,80.00,,,,10771200,2349015,8419931,false,false,12,2022-04-01,2023-03-31,-1
2024-05-15,46590,2025-03-31,,15580000000,-0.014,,,,,,,1927000000,-0.188,1322000000,,-0.243,156.90,,,,,,,,,,,,,,,85.00,,,,,,,false,true,12,2024-04-01,2025-03-31,1
2024-06-21,46590,2025-03-31,,15580000000,,,,,,,,3919000000,1.033,3316000000,,1.508,393.55,,,,,,,,,,,,,,,,,,,,,,false,true,12,2024-04-01,2025-03-31,0
2024-06-21,46590,2024-03-31,,15808000000,,,,,,,,2372000000,,1745000000,,,207.19,,,,,,,,,,,,,,,,,,,,,,false,false,12,2023-04-01,2024-03-31,-1
2024-07-31,46590,2025-03-31,1,7445000000,0.224,,,,,319000000,1.327,351000000,1.211,,204000000,,24.25,,,,,,27675000000,23112000000,0.833,,23063000000,,,,,,,,,,,,true,false,3,2024-04-01,2024-06-30,0
2024-07-31,46590,2024-03-31,1,6080000000,0.096,,,,,137000000,-0.501,158000000,-0.480,,82000000,,9.81,,,,,,,,,,,,,,,,,,,,,,true,false,3,2023-04-01,2023-06-30,-1
2024-07-31,46590,2025-03-31,1,15610000000,0.199,,,,,905000000,0.012,943000000,-0.003,,585000000,,69.43,,,,,,,,,,,,,,,,,,,,,,true,true,6,2024-04-01,2024-09-30,0
2024-07-31,46590,2025-03-31,1,32900000000,0.097,,,,,2450000000,-0.029,2521000000,-0.038,,1658000000,,196.77,,,,,,,,,,,,,,,,,,,,,,true,true,12,2024-04-01,2025-03-31,0
2024-07-31,46590,2024-03-31,1,,,,,,,,,,,,,,,,,,,,28589000000,23560000000,0.822,,23512000000,,,,,,,,,,,,true,false,12,2023-04-01,2024-03-31,-1
2024-07-31,46590,2024-03-31,1,,,,,,,,,,,,,,,,,,,,,,,,,,,,,85.00,,,,10771200,2345311,,false,false,12,2023-04-01,2024-03-31,-1
2024-07-31,46590,2025-03-31,1,,,,,,,,,,,,,,,,,,,,,,,,,,,,,85.00,,,,,,,false,true,12,2024-04-01,2025-03-31,0
2024-07-31,46590,2025-03-31,1,,,,,,,,,,,,,,,,,,,,,,,,,,,,,,,,,10771200,2345311,8425889,false,false,3,2024-04-01,2024-06-30,0
2024-07-31,46590,2024-03-31,1,,,,,,,,,,,,,,,,,,,,,,,,,,,,,,,,,,,8420914,false,false,3,2023-04-01,2023-06-30,-1
2024-09-30,46590,2025-03-31,,15770000000,0.010,,,,,1240000000,0.370,1278000000,0.355,963000000,,0.646,114.40,,,,,,,,,,,,,,,,,,,,,,true,true,6,2024-04-01,2024-09-30,0
2024-09-30,46590,2024-03-31,,13014000000,,,,,,894000000,,945000000,,632000000,,,75.15,,,,,,,,,,,,,,,,,,,,,,true,false,6,2023-04-01,2023-09-30,-1
2024-09-30,46590,2025-03-31,,33000000000,0.003,,,,,2800000000,0.143,2871000000,0.139,2036000000,,0.228,241.87,,,,,,,,,,,,,,,,,,,,,,true,true,12,2024-04-01,2025-03-31,0
2024-09-30,46590,2024-03-31,,29995000000,,,,,,2521000000,,2620000000,,1910000000,,,226.78,,,,,,,,,,,,,,,,,,,,,,true,false,12,2023-04-01,2024-03-31,-1
2024-09-30,46590,2025-03-31,,16100000000,0.033,,,,,,,4234000000,0.080,3832000000,,0.156,455.23,,,,,,,,,,,,,,,,,,,,,,false,true,12,2024-04-01,2025-03-31,0
2024-09-30,46590,2024-03-31,,15808000000,,,,,,,,2372000000,,1745000000,,,207.19,,,,,,,,,,,,,,,,,,,,,,false,false,12,2023-04-01,2024-03-31,-1
2024-10-31,46590,2025-03-31,2,16011000000,0.230,,,,,1292000000,0.446,1353000000,0.431,,771000000,,91.52,,,,,,28679000000,23813000000,0.829,,23762000000,,,,,,,,,,,,true,false,6,2024-04-01,2024-09-30,0
2024-10-31,46590,2024-03-31,2,13014000000,0.060,,,,,894000000,-0.272,945000000,-0.271,,632000000,,75.15,,,,,,,,,,,,,,,,,,,,,,true,false,6,2023-04-01,2023-09-30,-1
2024-10-31,46590,2025-03-31,2,33000000000,0.100,,,,,2800000000,0.110,2871000000,0.096,,2036000000,,241.87,,,,,,,,,,,,,,,,,,,,,,true,true,12,2024-04-01,2025-03-31,0
2024-10-31,46590,2024-03-31,2,,,,,,,,,,,,,,,,,,,,28589000000,23560000000,0.822,,23512000000,,,,,,,,,,,,true,false,12,2023-04-01,2024-03-31,-1
2024-10-31,46590,2024-03-31,2,,,,,,,,,,,,,,,,,,,,,,,,,,,,,85.00,,,,10771200,2345311,,false,false,12,2023-04-01,2024-03-31,-1
2024-10-31,46590,2025-03-31,2,,,,,,,,,,,,,,,,,,,,,,,,,,,,,0.00,,,,,,,false,false,12,2024-04-01,2025-03-31,0
2024-10-31,46590,2025-03-31,2,,,,,,,,,,,,,,,,,,,,,,,,,,,,,85.00,,,,,,,false,true,12,2024-04-01,2025-03-31,0
2024-10-31,46590,2025-03-31,2,,,,,,,,,,,,,,,,,,,,,,,,,,,,,,,,,10771200,2337386,8428153,false,false,6,2024-04-01,2024-09-30,0
2024-10-31,46590,2024-03-31,2,,,,,,,,,,,,,,,,,,,,,,,,,,,,,,,,,,,8422274,false,false,6,2023-04-01,2023-09-30,-1
2025-01-31,46590,2025-03-31,3,24146000000,0.172,,,,,1668000000,0.550,1743000000,0.507,,1021000000,,121.18,,,,,,28573000000,23946000000,0.836,,23893000000,,,,,,,,,,,,true,false,9,2024-04-01,2024-12-31,0
2025-01-31,46590,2024-03-31,3,20599000000,0.129,,,,,1076000000,-0.267,1157000000,-0.266,,742000000,,88.18,,,,,,,,,,,,,,,,,,,,,,true,false,9,2023-04-01,2023-12-31,-1
2025-01-31,46590,2025-03-31,3,33000000000,0.100,,,,,2800000000,0.110,2871000000,0.096,,2036000000,,241.87,,,,,,,,,,,,,,,,,,,,,,true,true,12,2024-04-01,2025-03-31,0
2025-01-31,46590,2024-03-31,3,,,,,,,,,,,,,,,,,,,,28589000000,23560000000,0.822,,23512000000,,,,,,,,,,,,true,false,12,2023-04-01,2024-03-31,-1
2025-01-31,46590,2024-03-31,3,,,,,,,,,,,,,,,,,,,,,,,,,,,,,85.00,,,,10771200,2345311,,false,false,12,2023-04-01,2024-03-31,-1
2025-01-31,46590,2025-03-31,3,,,,,,,,,,,,,,,,,,,,,,,,,,,,,0.00,,,,,,,false,false,12,2024-04-01,2025-03-31,0
2025-01-31,46590,2025-03-31,3,,,,,,,,,,,,,,,,,,,,,,,,,,,,,85.00,,,,,,,false,true,12,2024-04-01,2025-03-31,0
2025-01-31,46590,2025-03-31,3,,,,,,,,,,,,,,,,,,,,,,,,,,,,,,,,,10771200,2337434,8429838,false,false,9,2024-04-01,2024-12-31,0
2025-01-31,46590,2024-03-31,3,,,,,,,,,,,,,,,,,,,,,,,,,,,,,,,,,,,8423361,false,false,9,2023-04-01,2023-12-31,-1
2025-05-15,46590,2025-03-31,,33960000000,0.132,,,,,3032000000,0.202,3134000000,0.196,,2104000000,,249.63,,0.087,0.106,0.089,,30731000000,25083000000,0.814,2967.80,25029000000,3126000000,-325000000,-716000000,15721000000,,0.381,,,,,,true,false,12,2024-04-01,2025-03-31,0
2025-05-15,46590,2024-03-31,,29995000000,0.151,,,,,2521000000,-0.101,2620000000,-0.105,,1910000000,,226.78,,0.084,0.095,0.084,,28589000000,23560000000,0.822,2790.48,23512000000,1978000000,-3279000000,-997000000,13553000000,,0.375,,,,,,true,false,12,2023-04-01,2024-03-31,-1
2025-05-15,46590,2026-03-31,,16970000000,0.060,,,,,900000000,-0.304,993000000,-0.266,,610000000,,72.33,,,,,,,,,,,,,,,,,,,,,,true,true,6,2025-04-01,2025-09-30,1
2025-05-15,46590,2026-03-31,,37000000000,0.089,,,,,2350000000,-0.225,2512000000,-0.199,,2070000000,,245.44,,,,,,,,,,,,,,,,0.387,,,,,,true,true,12,2025-04-01,2026-03-31,1
2025-05-15,46590,2025-03-31,,16346000000,0.034,,,,,2283000000,0.020,4500000000,0.897,3836000000,,1.198,455.05,,,,,,26247000000,23123000000,0.881,2741.77,23123000000,,,,,95.00,,,,10771200,2337436,8430744,false,false,12,2024-04-01,2025-03-31,0
2025-05-15,46590,2024-03-31,,15808000000,-0.002,,,,,2238000000,-0.063,2372000000,-0.060,1745000000,,0.031,207.19,,,,,,22580000000,19976000000,0.885,2370.87,19976000000,,,,,85.00,,,,10771200,2345311,8423945,false,false,12,2023-04-01,2024-03-31,-1
2025-05-15,46590,2026-03-31,,17800000000,0.089,,,,,,,1827000000,-0.594,1710000000,,-0.554,202.76,,,,,,,,,,,,,,,95.00,,,,,,,false,true,12,2025-04-01,2026-03-31,1
2025-07-31,46590,2026-03-31,1,8039000000,0.080,,,,,411000000,0.289,436000000,0.242,,243000000,,28.84,,,,,,29425000000,24496000000,0.831,,24437000000,,,,,,,,,,,,true,false,3,2025-04-01,2025-06-30,0
2025-07-31,46590,2025-03-31,1,7445000000,0.224,,,,,319000000,1.327,351000000,1.211,,204000000,,24.25,,,,,,,,,,,,,,,,,,,,,,true,false,3,2024-04-01,2024-06-30,-1
2025-07-31,46590,2026-03-31,1,16970000000,0.060,,,,,900000000,-0.304,993000000,-0.266,,610000000,,72.33,,,,,,,,,,,,,,,,,,,,,,true,true,6,2025-04-01,2025-09-30,0
2025-07-31,46590,2026-03-31,1,37000000000,0.089,,,,,2350000000,-0.225,2512000000,-0.199,,2070000000,,245.44,,,,,,,,,,,,,,,,,,,,,,true,true,12,2025-04-01,2026-03-31,0
2025-07-31,46590,2025-03-31,1,,,,,,,,,,,,,,,,,,,,30731000000,25083000000,0.814,,25029000000,,,,,,,,,,,,true,false,12,2024-04-01,2025-03-31,-1
2025-07-31,46590,2025-03-31,1,,,,,,,,,,,,,,,,,,,,,,,,,,,,,95.00,,,,10771200,2337436,,false,false,12,2024-04-01,2025-03-31,-1
2025-07-31,46590,2026-03-31,1,,,,,,,,,,,,,,,,,,,,,,,,,,,,,95.00,,,,,,,false,true,12,2025-04-01,2026-03-31,0
2025-07-31,46590,2026-03-31,1,,,,,,,,,,,,,,,,,,,,,,,,,,,,,,,,,10771200,2337476,8433734,false,false,3,2025-04-01,2025-06-30,0
2025-07-31,46590,2025-03-31,1,,,,,,,,,,,,,,,,,,,,,,,,,,,,,,,,,,,8425889,false,false,3,2024-04-01,2024-06-30,-1
