filing_date,code,fiscal_year_end,quarterly_period,net_sales,net_sales_change,revenue,revenue_change,operating_revenue,operating_revenue_change,operating_profit,operating_profit_change,ordinary_profit,ordinary_profit_change,net_income,net_income_of_parent,net_income_change,eps,diluted_eps,roe,roa,operating_profit_to_net_sales,operating_profit_to_revenue,total_assets,net_assets,equity_ratio,bps,owner_equity,operating_cash_flow,investing_cash_flow,financing_cash_flow,cash,dividend_per_share,payout_ratio,commemorative_dividend,extra_dividend,number_of_shares,number_of_treqsury_shares,avg_number_of_shares,is_consolidated,is_forecast,duration,period_start,period_end,period_pos
2015-07-30,46610,2016-03-31,1,103294000000,-0.009,,,,,22586000000,-0.088,23266000000,-0.084,,15536000000,,46.50,45.19,,,,,723505000000,575012000000,0.795,1721.06,575012000000,,,,,,,,,,,,true,false,3,2015-04-01,2015-06-30,0
2015-07-30,46610,2015-03-31,1,104236000000,-0.026,,,,,24774000000,-0.042,25396000000,-0.026,,17138000000,,51.31,49.63,,,,,,,,,,,,,,,,,,,,,true,false,3,2014-04-01,2014-06-30,-1
2015-07-30,46610,2016-03-31,1,227680000000,0.022,,,,,52070000000,-0.035,52920000000,-0.037,,35670000000,,106.76,,,,,,,,,,,,,,,,,,,,,,true,true,6,2015-04-01,2015-09-30,0
2015-07-30,46610,2016-03-31,1,470310000000,0.009,,,,,106050000000,-0.041,107300000000,-0.029,,72240000000,,216.22,,,,,,,,,,,,,,,,,,,,,,true,true,12,2015-04-01,2016-03-31,0
2015-07-30,46610,2015-03-31,1,,,,,,,,,,,,,,,,,,,,746641000000,564129000000,0.756,1688.53,564129000000,,,,,,,,,,,,true,false,12,2014-04-01,2015-03-31,-1
2015-07-30,46610,2015-03-31,1,,,,,,,,,,,,,,,,,,,,,,,,,,,,,140.00,,,,363690160,29594856,,false,false,12,2014-04-01,2015-03-31,-1
2015-07-30,46610,2016-03-31,1,,,,,,,,,,,,,,,,,,,,,,,,,,,,,35.00,,,,,,,false,true,12,2015-04-01,2016-03-31,0
2015-07-30,46610,2016-03-31,1,,,,,,,,,,,,,,,,,,,,,,,,,,,,,,,,,363690160,29587077,334099486,false,false,3,2015-04-01,2015-06-30,0
2015-07-30,46610,2015-03-31,1,,,,,,,,,,,,,,,,,,,,,,,,,,,,,,,,,,,334012474,false,false,3,2014-04-01,2014-06-30,-1
2015-10-29,46610,2016-03-31,2,222037000000,-0.003,,,,,52147000000,-0.034,53289000000,-0.031,,35942000000,,107.58,104.50,,,,,743662000000,592275000000,0.796,1772.58,592275000000,,,,,,,,,,,,true,false,6,2015-04-01,2015-09-30,0
2015-10-29,46610,2015-03-31,2,222726000000,-0.032,,,,,53968000000,-0.077,54977000000,-0.045,,36328000000,,108.76,105.16,,,,,,,,,,,,,,,,,,,,,true,false,6,2014-04-01,2014-09-30,-1
2015-10-29,46610,2016-03-31,2,470310000000,0.009,,,,,106050000000,-0.041,107300000000,-0.029,,72240000000,,216.21,,,,,,,,,,,,,,,,,,,,,,true,true,12,2015-04-01,2016-03-31,0
2015-10-29,46610,2015-03-31,2,,,,,,,,,,,,,,,,,,,,746641000000,564129000000,0.756,1688.53,564129000000,,,,,,,,,,,,true,false,12,2014-04-01,2015-03-31,-1
2015-10-29,46610,2015-03-31,2,,,,,,,,,,,,,,,,,,,,,,,,,,,,,140.00,,,,363690160,29594856,,false,false,12,2014-04-01,2015-03-31,-1
2015-10-29,46610,2016-03-31,2,,,,,,,,,,,,,,,,,,,,,,,,,,,,,17.50,,,,,,,false,false,12,2015-04-01,2016-03-31,0
2015-10-29,46610,2016-03-31,2,,,,,,,,,,,,,,,,,,,,,,,,,,,,,35.00,,,,,,,false,true,12,2015-04-01,2016-03-31,0
2015-10-29,46610,2016-03-31,2,,,,,,,,,,,,,,,,,,,,,,,,,,,,,,,,,363690160,29559377,334112161,false,false,6,2015-04-01,2015-09-30,0
2015-10-29,46610,2015-03-31,2,,,,,,,,,,,,,,,,,,,,,,,,,,,,,,,,,,,334030844,false,false,6,2014-04-01,2014-09-30,-1
2016-01-28,46610,2016-03-31,3,354452000000,0.007,,,,,92148000000,0.009,93678000000,0.011,,63300000000,,189.45,183.94,,,,,776342000000,617625000000,0.796,1848.28,617625000000,,,,,,,,,,,,true,false,9,2015-04-01,2015-12-31,0
2016-01-28,46610,2015-03-31,3,352100000000,-0.039,,,,,91367000000,-0.096,92672000000,-0.076,,60852000000,,182.17,176.07,,,,,,,,,,,,,,,,,,,,,true,false,9,2014-04-01,2014-12-31,-1
2016-01-28,46610,2016-03-31,3,470310000000,0.009,,,,,106050000000,-0.041,107300000000,-0.029,,72240000000,,216.20,,,,,,,,,,,,,,,,,,,,,,true,true,12,2015-04-01,2016-03-31,0
2016-01-28,46610,2015-03-31,3,,,,,,,,,,,,,,,,,,,,746641000000,564129000000,0.756,1688.53,564129000000,,,,,,,,,,,,true,false,12,2014-04-01,2015-03-31,-1
2016-01-28,46610,2015-03-31,3,,,,,,,,,,,,,,,,,,,,,,,,,,,,,140.00,,,,363690160,29594856,,false,false,12,2014-04-01,2015-03-31,-1
2016-01-28,46610,2016-03-31,3,,,,,,,,,,,,,,,,,,,,,,,,,,,,,17.50,,,,,,,false,false,12,2015-04-01,2016-03-31,0
2016-01-28,46610,2016-03-31,3,,,,,,,,,,,,,,,,,,,,,,,,,,,,,35.00,,,,,,,false,true,12,2015-04-01,2016-03-31,0
2016-01-28,46610,2016-03-31,3,,,,,,,,,,,,,,,,,,,,,,,,,,,,,,,,,363690160,29527817,334122756,false,false,9,2015-04-01,2015-12-31,0
2016-01-28,46610,2015-03-31,3,,,,,,,,,,,,,,,,,,,,,,,,,,,,,,,,,,,334043335,false,false,9,2014-04-01,2014-12-31,-1
2016-04-27,46610,2016-03-31,,465353000000,-0.002,,,,,107357000000,-0.029,109214000000,-0.012,,73928000000,,221.26,214.90,0.124,0.140,0.231,,810268000000,624941000000,0.771,1870.10,624941000000,110910000000,-118754000000,-11814000000,86636000000,,0.159,,,,,,true,false,12,2015-04-01,2016-03-31,0
2016-04-27,46610,2015-03-31,,466291000000,-0.015,,,,,110605000000,-0.034,110486000000,-0.019,,72063000000,,215.72,208.60,0.136,0.157,0.237,,746641000000,564129000000,0.756,1688.53,564129000000,105513000000,-68100000000,-11107000000,106279000000,,0.163,,,,,,true,false,12,2014-04-01,2015-03-31,-1
2016-04-27,46610,2017-03-31,,230020000000,0.036,,,,,48460000000,-0.071,49600000000,-0.069,,34370000000,,102.85,,,,,,,,,,,,,,,,,,,,,,true,true,6,2016-04-01,2016-09-30,1
2016-04-27,46610,2017-03-31,,479900000000,0.031,,,,,109110000000,0.016,110510000000,0.012,,76870000000,,230.03,,,,,,,,,,,,,,,,0.152,,,,,,true,true,12,2016-04-01,2017-03-31,1
2016-04-27,46610,2016-03-31,,396262000000,-0.007,,,,,93955000000,-0.042,97619000000,-0.014,65928000000,,0.012,197.31,191.72,,,,,763703000000,582378000000,0.763,1742.73,582378000000,,,,,35.00,,,,363690160,29514717,334134714,false,false,12,2015-04-01,2016-03-31,0
2016-04-27,46610,2015-03-31,,399234000000,-0.008,,,,,98097000000,-0.011,98974000000,0.003,65159000000,,0.047,195.06,188.69,,,,,705883000000,529136000000,0.750,1583.79,529136000000,,,,,140.00,,,,363690160,29594856,334055267,false,false,12,2014-04-01,2015-03-31,-1
2016-04-27,46610,2017-03-31,,,,,,,,,,,,,,,,,,,,,,,,,,,,,,35.00,,,,,,,false,true,12,2016-04-01,2017-03-31,1
2016-07-28,46610,2017-03-31,1,106978000000,0.036,,,,,22793000000,0.009,23533000000,0.012,,16295000000,,49.00,47.37,,,,,762513000000,610068000000,0.800,1841.59,610068000000,,,,,,,,,,,,true,false,3,2016-04-01,2016-06-30,0
2016-07-28,46610,2016-03-31,1,103294000000,-0.009,,,,,22586000000,-0.088,23266000000,-0.084,,15536000000,,46.50,45.19,,,,,,,,,,,,,,,,,,,,,true,false,3,2015-04-01,2015-06-30,-1
2016-07-28,46610,2017-03-31,1,230020000000,0.036,,,,,48460000000,-0.071,49600000000,-0.069,,34370000000,,103.55,,,,,,,,,,,,,,,,,,,,,,true,true,6,2016-04-01,2016-09-30,0
2016-07-28,46610,2017-03-31,1,479900000000,0.031,,,,,109110000000,0.016,110510000000,0.012,,76870000000,,231.81,,,,,,,,,,,,,,,,,,,,,,true,true,12,2016-04-01,2017-03-31,0
2016-07-28,46610,2016-03-31,1,,,,,,,,,,,,,,,,,,,,810268000000,624941000000,0.771,1870.10,624941000000,,,,,,,,,,,,true,false,12,2015-04-01,2016-03-31,-1
2016-07-28,46610,2016-03-31,1,,,,,,,,,,,,,,,,,,,,,,,,,,,,,35.00,,,,363690160,29514717,,false,false,12,2015-04-01,2016-03-31,-1
2016-07-28,46610,2017-03-31,1,,,,,,,,,,,,,,,,,,,,,,,,,,,,,35.00,,,,,,,false,true,12,2016-04-01,2017-03-31,0
2016-07-28,46610,2017-03-31,1,,,,,,,,,,,,,,,,,,,,,,,,,,,,,,,,,363690160,32418217,332581113,false,false,3,2016-04-01,2016-06-30,0
2016-07-28,46610,2016-03-31,1,,,,,,,,,,,,,,,,,,,,,,,,,,,,,,,,,,,334099486,false,false,3,2015-04-01,2015-06-30,-1
2016-10-28,46610,2017-03-31,2,227535000000,0.025,,,,,53269000000,0.022,54367000000,0.020,,38115000000,,114.83,110.96,,,,,789127000000,631266000000,0.800,1905.38,631266000000,,,,,,,,,,,,true,false,6,2016-04-01,2016-09-30,0
2016-10-28,46610,2016-03-31,2,222037000000,-0.003,,,,,52147000000,-0.034,53289000000,-0.031,,35942000000,,107.58,104.50,,,,,,,,,,,,,,,,,,,,,true,false,6,2015-04-01,2015-09-30,-1
2016-10-28,46610,2017-03-31,2,479900000000,0.031,,,,,109110000000,0.016,110510000000,0.012,,76870000000,,231.80,,,,,,,,,,,,,,,,,,,,,,true,true,12,2016-04-01,2017-03-31,0
2016-10-28,46610,2016-03-31,2,,,,,,,,,,,,,,,,,,,,810268000000,624941000000,0.771,1870.10,624941000000,,,,,,,,,,,,true,false,12,2015-04-01,2016-03-31,-1
2016-10-28,46610,2016-03-31,2,,,,,,,,,,,,,,,,,,,,,,,,,,,,,35.00,,,,363690160,29514717,,false,false,12,2015-04-01,2016-03-31,-1
2016-10-28,46610,2017-03-31,2,,,,,,,,,,,,,,,,,,,,,,,,,,,,,17.50,,,,,,,false,false,12,2016-04-01,2017-03-31,0
2016-10-28,46610,2017-03-31,2,,,,,,,,,,,,,,,,,,,,,,,,,,,,,35.00,,,,,,,false,true,12,2016-04-01,2017-03-31,0
2016-10-28,46610,2017-03-31,2,,,,,,,,,,,,,,,,,,,,,,,,,,,,,,,,,363690160,32382217,331937022,false,false,6,2016-04-01,2016-09-30,0
2016-10-28,46610,2016-03-31,2,,,,,,,,,,,,,,,,,,,,,,,,,,,,,,,,,,,334112161,false,false,6,2015-04-01,2015-09-30,-1
2017-01-30,46610,2017-03-31,3,360568000000,0.017,,,,,92108000000,-0.000,93528000000,-0.002,,65319000000,,196.90,190.19,,,,,824032000000,654805000000,0.795,1976.29,654805000000,,,,,,,,,,,,true,false,9,2016-04-01,2016-12-31,0
2017-01-30,46610,2016-03-31,3,354452000000,0.007,,,,,92148000000,0.009,93678000000,0.011,,63300000000,,189.45,183.94,,,,,,,,,,,,,,,,,,,,,true,false,9,2015-04-01,2015-12-31,-1
2017-01-30,46610,2017-03-31,3,479900000000,0.031,,,,,109110000000,0.016,110510000000,0.012,,76870000000,,231.79,,,,,,,,,,,,,,,,,,,,,,true,true,12,2016-04-01,2017-03-31,0
2017-01-30,46610,2016-03-31,3,,,,,,,,,,,,,,,,,,,,810268000000,624941000000,0.771,1870.10,624941000000,,,,,,,,,,,,true,false,12,2015-04-01,2016-03-31,-1
2017-01-30,46610,2016-03-31,3,,,,,,,,,,,,,,,,,,,,,,,,,,,,,35.00,,,,363690160,29514717,,false,false,12,2015-04-01,2016-03-31,-1
2017-01-30,46610,2017-03-31,3,,,,,,,,,,,,,,,,,,,,,,,,,,,,,17.50,,,,,,,false,false,12,2016-04-01,2017-03-31,0
2017-01-30,46610,2017-03-31,3,,,,,,,,,,,,,,,,,,,,,,,,,,,,,35.00,,,,,,,false,true,12,2016-04-01,2017-03-31,0
2017-01-30,46610,2017-03-31,3,,,,,,,,,,,,,,,,,,,,,,,,,,,,,,,,,363690160,32359817,331730796,false,false,9,2016-04-01,2016-12-31,0
2017-01-30,46610,2016-03-31,3,,,,,,,,,,,,,,,,,,,,,,,,,,,,,,,,,,,334122756,false,false,9,2015-04-01,2015-12-31,-1
2017-04-27,46610,2017-03-31,,477748000000,0.027,,,,,113152000000,0.054,114611000000,0.049,,82374000000,,248.39,239.95,0.127,0.138,0.237,,849798000000,669515000000,0.788,2020.58,669515000000,117611000000,-33631000000,-28788000000,141801000000,,0.151,,,,,,true,false,12,2016-04-01,2017-03-31,0
2017-04-27,46610,2016-03-31,,465353000000,-0.002,,,,,107357000000,-0.029,109214000000,-0.012,,73928000000,,221.26,214.90,0.124,0.140,0.231,,810268000000,624941000000,0.771,1870.10,624941000000,110910000000,-118754000000,-11814000000,86636000000,,0.159,,,,,,true,false,12,2015-04-01,2016-03-31,-1
2017-04-27,46610,2018-03-31,,226990000000,-0.002,,,,,48290000000,-0.093,49450000000,-0.090,,34490000000,,104.09,,,,,,,,,,,,,,,,,,,,,,true,true,6,2017-04-01,2017-09-30,1
2017-04-27,46610,2018-03-31,,469300000000,-0.018,,,,,100170000000,-0.115,101610000000,-0.113,,70810000000,,213.70,,,,,,,,,,,,,,,,0.188,,,,,,true,true,12,2017-04-01,2018-03-31,1
2017-04-27,46610,2017-03-31,,406513000000,0.026,,,,,98225000000,0.045,101705000000,0.042,73347000000,,0.113,221.17,213.74,,,,,798894000000,618546000000,0.774,1866.75,618546000000,,,,,37.50,,,,363690160,32341617,331634931,false,false,12,2016-04-01,2017-03-31,0
2017-04-27,46610,2016-03-31,,396262000000,-0.007,,,,,93955000000,-0.042,97619000000,-0.014,65928000000,,0.012,197.31,191.72,,,,,763703000000,582378000000,0.763,1742.73,582378000000,,,,,35.00,,,,363690160,29514717,334134714,false,false,12,2015-04-01,2016-03-31,-1
2017-04-27,46610,2018-03-31,,,,,,,,,,,,,,,,,,,,,,,,,,,,,,40.00,,,,,,,false,true,12,2017-04-01,2018-03-31,1
2017-07-28,46610,2018-03-31,1,109874000000,0.027,,,,,25063000000,0.100,25723000000,0.093,,20935000000,,63.35,60.74,,,,,827313000000,666334000000,0.805,2027.79,666334000000,,,,,,,,,,,,true,false,3,2017-04-01,2017-06-30,0
2017-07-28,46610,2017-03-31,1,106978000000,0.036,,,,,22793000000,0.009,23533000000,0.012,,16295000000,,49.00,47.37,,,,,,,,,,,,,,,,,,,,,true,false,3,2016-04-01,2016-06-30,-1
2017-07-28,46610,2018-03-31,1,226990000000,-0.002,,,,,48290000000,-0.093,49450000000,-0.090,,34490000000,,104.66,,,,,,,,,,,,,,,,,,,,,,true,true,6,2017-04-01,2017-09-30,0
2017-07-28,46610,2018-03-31,1,469300000000,-0.018,,,,,100170000000,-0.115,101610000000,-0.113,,70810000000,,215.18,,,,,,,,,,,,,,,,,,,,,,true,true,12,2017-04-01,2018-03-31,0
2017-07-28,46610,2017-03-31,1,,,,,,,,,,,,,,,,,,,,849798000000,669515000000,0.788,2020.58,669515000000,,,,,,,,,,,,true,false,12,2016-04-01,2017-03-31,-1
2017-07-28,46610,2017-03-31,1,,,,,,,,,,,,,,,,,,,,,,,,,,,,,37.50,,,,363690160,32341617,,false,false,12,2016-04-01,2017-03-31,-1
2017-07-28,46610,2018-03-31,1,,,,,,,,,,,,,,,,,,,,,,,,,,,,,40.00,,,,,,,false,true,12,2017-04-01,2018-03-31,0
2017-07-28,46610,2018-03-31,1,,,,,,,,,,,,,,,,,,,,,,,,,,,,,,,,,363690160,35088517,330472474,false,false,3,2017-04-01,2017-06-30,0
2017-07-28,46610,2017-03-31,1,,,,,,,,,,,,,,,,,,,,,,,,,,,,,,,,,,,332581113,false,false,3,2016-04-01,2016-06-30,-1
2017-10-30,46610,2018-03-31,2,232583000000,0.022,,,,,56136000000,0.054,57159000000,0.051,,42485000000,,128.92,123.58,,,,,858743000000,689115000000,0.802,2096.87,689115000000,,,,,,,,,,,,true,false,6,2017-04-01,2017-09-30,0
2017-10-30,46610,2017-03-31,2,227535000000,0.025,,,,,53269000000,0.022,54367000000,0.020,,38115000000,,114.83,110.96,,,,,,,,,,,,,,,,,,,,,true,false,6,2016-04-01,2016-09-30,-1
2017-10-30,46610,2018-03-31,2,469300000000,-0.018,,,,,100170000000,-0.115,101610000000,-0.113,,70810000000,,215.16,,,,,,,,,,,,,,,,,,,,,,true,true,12,2017-04-01,2018-03-31,0
2017-10-30,46610,2017-03-31,2,,,,,,,,,,,,,,,,,,,,849798000000,669515000000,0.788,2020.58,669515000000,,,,,,,,,,,,true,false,12,2016-04-01,2017-03-31,-1
2017-10-30,46610,2017-03-31,2,,,,,,,,,,,,,,,,,,,,,,,,,,,,,37.50,,,,363690160,32341617,,false,false,12,2016-04-01,2017-03-31,-1
2017-10-30,46610,2018-03-31,2,,,,,,,,,,,,,,,,,,,,,,,,,,,,,20.00,,,,,,,false,false,12,2017-04-01,2018-03-31,0
2017-10-30,46610,2018-03-31,2,,,,,,,,,,,,,,,,,,,,,,,,,,,,,40.00,,,,,,,false,true,12,2017-04-01,2018-03-31,0
2017-10-30,46610,2018-03-31,2,,,,,,,,,,,,,,,,,,,,,,,,,,,,,,,,,363690160,35049917,329547203,false,false,6,2017-04-01,2017-09-30,0
2017-10-30,46610,2017-03-31,2,,,,,,,,,,,,,,,,,,,,,,,,,,,,,,,,,,,331937022,false,false,6,2016-04-01,2016-09-30,-1
2018-01-30,46610,2018-03-31,3,364496000000,0.011,,,,,93399000000,0.014,94731000000,0.013,,69452000000,,210.94,202.15,,,,,879185000000,712299000000,0.810,2167.21,712299000000,,,,,,,,,,,,true,false,9,2017-04-01,2017-12-31,0
2018-01-30,46610,2017-03-31,3,360568000000,0.017,,,,,92108000000,-0.000,93528000000,-0.002,,65319000000,,196.90,190.19,,,,,,,,,,,,,,,,,,,,,true,false,9,2016-04-01,2016-12-31,-1
2018-01-30,46610,2018-03-31,3,469300000000,-0.018,,,,,100170000000,-0.115,101610000000,-0.113,,70810000000,,215.16,,,,,,,,,,,,,,,,,,,,,,true,true,12,2017-04-01,2018-03-31,0
2018-01-30,46610,2017-03-31,3,,,,,,,,,,,,,,,,,,,,849798000000,669515000000,0.788,2020.58,669515000000,,,,,,,,,,,,true,false,12,2016-04-01,2017-03-31,-1
2018-01-30,46610,2017-03-31,3,,,,,,,,,,,,,,,,,,,,,,,,,,,,,37.50,,,,363690160,32341617,,false,false,12,2016-04-01,2017-03-31,-1
2018-01-30,46610,2018-03-31,3,,,,,,,,,,,,,,,,,,,,,,,,,,,,,20.00,,,,,,,false,false,12,2017-04-01,2018-03-31,0
2018-01-30,46610,2018-03-31,3,,,,,,,,,,,,,,,,,,,,,,,,,,,,,40.00,,,,,,,false,true,12,2017-04-01,2018-03-31,0
2018-01-30,46610,2018-03-31,3,,,,,,,,,,,,,,,,,,,,,,,,,,,,,,,,,363690160,35018117,329248276,false,false,9,2017-04-01,2017-12-31,0
2018-01-30,46610,2017-03-31,3,,,,,,,,,,,,,,,,,,,,,,,,,,,,,,,,,,,331730796,false,false,9,2016-04-01,2016-12-31,-1
2018-04-26,46610,2018-03-31,,479280000000,0.003,,,,,110285000000,-0.025,111660000000,-0.026,,81191000000,,246.70,236.50,0.117,0.127,0.230,,915564000000,721976000000,0.789,2196.56,721976000000,122860000000,-44981000000,-33345000000,186350000000,,0.162,,,,,,true,false,12,2017-04-01,2018-03-31,0
2018-04-26,46610,2017-03-31,,477748000000,0.027,,,,,113152000000,0.054,114611000000,0.049,,82374000000,,248.39,239.95,0.127,0.138,0.237,,849798000000,669515000000,0.788,2020.58,669515000000,117611000000,-33631000000,-28788000000,141801000000,,0.151,,,,,,true,false,12,2016-04-01,2017-03-31,-1
2018-04-26,46610,2019-03-31,,241540000000,0.039,,,,,54040000000,-0.037,55080000000,-0.036,,38590000000,,117.41,,,,,,,,,,,,,,,,,,,,,,true,true,6,2018-04-01,2018-09-30,1
2018-04-26,46610,2019-03-31,,500860000000,0.045,,,,,113470000000,0.029,114810000000,0.028,,80030000000,,243.48,,,,,,,,,,,,,,,,0.165,,,,,,true,true,12,2018-04-01,2019-03-31,1
2018-04-26,46610,2018-03-31,,408150000000,0.004,,,,,94703000000,-0.036,104098000000,0.024,75450000000,,0.029,229.26,219.83,,,,,861666000000,664557000000,0.771,2021.86,664557000000,,,,,40.00,,,,363690160,35004817,329108245,false,false,12,2017-04-01,2018-03-31,0
2018-04-26,46610,2017-03-31,,406513000000,0.026,,,,,98225000000,0.045,101705000000,0.042,73347000000,,0.113,221.17,213.74,,,,,798894000000,618546000000,0.774,1866.75,618546000000,,,,,37.50,,,,363690160,32341617,331634931,false,false,12,2016-04-01,2017-03-31,-1
2018-04-26,46610,2019-03-31,,,,,,,,,,,,,,,,,,,,,,,,,,,,,,40.00,,,,,,,false,true,12,2018-04-01,2019-03-31,1
2018-07-30,46610,2019-03-31,1,120746000000,0.099,,,,,29830000000,0.190,30440000000,0.183,,21142000000,,64.32,62.71,,,,,911444000000,740080000000,0.812,2251.55,740080000000,,,,,,,,,,,,true,false,3,2018-04-01,2018-06-30,0
2018-07-30,46610,2018-03-31,1,109874000000,0.027,,,,,25063000000,0.100,25723000000,0.093,,20935000000,,63.35,60.74,,,,,,,,,,,,,,,,,,,,,true,false,3,2017-04-01,2017-06-30,-1
2018-07-30,46610,2019-03-31,1,241540000000,0.039,,,,,54040000000,-0.037,55080000000,-0.036,,38590000000,,117.40,,,,,,,,,,,,,,,,,,,,,,true,true,6,2018-04-01,2018-09-30,0
2018-07-30,46610,2019-03-31,1,500860000000,0.045,,,,,113470000000,0.029,114810000000,0.028,,80030000000,,243.47,,,,,,,,,,,,,,,,,,,,,,true,true,12,2018-04-01,2019-03-31,0
2018-07-30,46610,2018-03-31,1,,,,,,,,,,,,,,,,,,,,910673000000,721976000000,0.793,2196.56,721976000000,,,,,,,,,,,,true,false,12,2017-04-01,2018-03-31,-1
2018-07-30,46610,2018-03-31,1,,,,,,,,,,,,,,,,,,,,,,,,,,,,,40.00,,,,363690160,35004817,,false,false,12,2017-04-01,2018-03-31,-1
2018-07-30,46610,2019-03-31,1,,,,,,,,,,,,,,,,,,,,,,,,,,,,,40.00,,,,,,,false,true,12,2018-04-01,2019-03-31,0
2018-07-30,46610,2019-03-31,1,,,,,,,,,,,,,,,,,,,,,,,,,,,,,,,,,363690160,34991217,328694110,false,false,3,2018-04-01,2018-06-30,0
2018-07-30,46610,2018-03-31,1,,,,,,,,,,,,,,,,,,,,,,,,,,,,,,,,,,,330472474,false,false,3,2017-04-01,2017-06-30,-1
2018-10-30,46610,2019-03-31,2,250691000000,0.078,,,,,61882000000,0.102,62608000000,0.095,,43369000000,,131.94,128.62,,,,,943751000000,763645000000,0.809,2323.00,763645000000,,,,,,,,,,,,true,false,6,2018-04-01,2018-09-30,0
2018-10-30,46610,2018-03-31,2,232583000000,0.022,,,,,56136000000,0.054,57159000000,0.051,,42485000000,,128.92,123.58,,,,,,,,,,,,,,,,,,,,,true,false,6,2017-04-01,2017-09-30,-1
2018-10-30,46610,2019-03-31,2,500860000000,0.045,,,,,113470000000,0.029,114810000000,0.028,,80030000000,,243.46,,,,,,,,,,,,,,,,,,,,,,true,true,12,2018-04-01,2019-03-31,0
2018-10-30,46610,2018-03-31,2,,,,,,,,,,,,,,,,,,,,910673000000,721976000000,0.793,2196.56,721976000000,,,,,,,,,,,,true,false,12,2017-04-01,2018-03-31,-1
2018-10-30,46610,2018-03-31,2,,,,,,,,,,,,,,,,,,,,,,,,,,,,,40.00,,,,363690160,35004817,,false,false,12,2017-04-01,2018-03-31,-1
2018-10-30,46610,2019-03-31,2,,,,,,,,,,,,,,,,,,,,,,,,,,,,,20.00,,,,,,,false,false,12,2018-04-01,2019-03-31,0
2018-10-30,46610,2019-03-31,2,,,,,,,,,,,,,,,,,,,,,,,,,,,,,40.00,,,,,,,false,true,12,2018-04-01,2019-03-31,0
2018-10-30,46610,2019-03-31,2,,,,,,,,,,,,,,,,,,,,,,,,,,,,,,,,,363690160,34958184,328709170,false,false,6,2018-04-01,2018-09-30,0
2018-10-30,46610,2018-03-31,2,,,,,,,,,,,,,,,,,,,,,,,,,,,,,,,,,,,329547203,false,false,6,2017-04-01,2017-09-30,-1
2019-01-30,46610,2019-03-31,3,399641000000,0.096,,,,,106743000000,0.143,107333000000,0.133,,74360000000,,226.21,220.44,,,,,961246000000,784031000000,0.816,2384.77,784031000000,,,,,,,,,,,,true,false,9,2018-04-01,2018-12-31,0
2019-01-30,46610,2018-03-31,3,364496000000,0.011,,,,,93399000000,0.014,94731000000,0.013,,69452000000,,210.94,202.15,,,,,,,,,,,,,,,,,,,,,true,false,9,2017-04-01,2017-12-31,-1
2019-01-30,46610,2019-03-31,3,500860000000,0.045,,,,,113470000000,0.029,114810000000,0.028,,80030000000,,243.45,,,,,,,,,,,,,,,,,,,,,,true,true,12,2018-04-01,2019-03-31,0
2019-01-30,46610,2018-03-31,3,,,,,,,,,,,,,,,,,,,,910673000000,721976000000,0.793,2196.56,721976000000,,,,,,,,,,,,true,false,12,2017-04-01,2018-03-31,-1
2019-01-30,46610,2018-03-31,3,,,,,,,,,,,,,,,,,,,,,,,,,,,,,40.00,,,,363690160,35004817,,false,false,12,2017-04-01,2018-03-31,-1
2019-01-30,46610,2019-03-31,3,,,,,,,,,,,,,,,,,,,,,,,,,,,,,20.00,,,,,,,false,false,12,2018-04-01,2019-03-31,0
2019-01-30,46610,2019-03-31,3,,,,,,,,,,,,,,,,,,,,,,,,,,,,,40.00,,,,,,,false,true,12,2018-04-01,2019-03-31,0
2019-01-30,46610,2019-03-31,3,,,,,,,,,,,,,,,,,,,,,,,,,,,,,,,,,363690160,34923884,328721496,false,false,9,2018-04-01,2018-12-31,0
2019-01-30,46610,2018-03-31,3,,,,,,,,,,,,,,,,,,,,,,,,,,,,,,,,,,,329248276,false,false,9,2017-04-01,2017-12-31,-1
2019-04-25,46610,2019-03-31,,525622000000,0.097,,,,,129278000000,0.172,129439000000,0.159,,90286000000,,274.65,267.59,0.118,0.132,0.246,,1051455000000,803201000000,0.764,2442.97,803201000000,134974000000,-135360000000,36601000000,222551000000,,0.153,,,,,,true,false,12,2018-04-01,2019-03-31,0
2019-04-25,46610,2018-03-31,,479280000000,0.003,,,,,110285000000,-0.025,111660000000,-0.026,,81191000000,,246.70,236.50,0.117,0.127,0.230,,910673000000,721976000000,0.793,2196.56,721976000000,122860000000,-44981000000,-33345000000,186350000000,,0.162,,,,,,true,false,12,2017-04-01,2018-03-31,-1
2019-04-25,46610,2020-03-31,,233360000000,-0.069,,,,,48470000000,-0.217,49480000000,-0.210,,34700000000,,105.54,,,,,,,,,,,,,,,,,,,,,,true,true,6,2019-04-01,2019-09-30,1
2019-04-25,46610,2020-03-31,,479240000000,-0.088,,,,,92940000000,-0.281,93880000000,-0.275,,65300000000,,198.61,,,,,,,,,,,,,,,,0.222,,,,,,true,true,12,2019-04-01,2020-03-31,1
2019-04-25,46610,2019-03-31,,449784000000,0.102,,,,,109658000000,0.158,118726000000,0.141,85662000000,,0.135,260.58,253.92,,,,,996342000000,741812000000,0.745,2256.25,741812000000,,,,,42.00,,,,363690160,34908727,328734918,false,false,12,2018-04-01,2019-03-31,0
2019-04-25,46610,2018-03-31,,408150000000,0.004,,,,,94703000000,-0.036,104098000000,0.024,75450000000,,0.029,229.26,219.83,,,,,856774000000,664557000000,0.776,2021.86,664557000000,,,,,40.00,,,,363690160,35004817,329108245,false,false,12,2017-04-01,2018-03-31,-1
2019-04-25,46610,2020-03-31,,,,,,,,,,,,,,,,,,,,,,,,,,,,,,44.00,,,,,,,false,true,12,2019-04-01,2020-03-31,1
2019-07-30,46610,2020-03-31,1,120552000000,-0.002,,,,,31936000000,0.071,32762000000,0.076,,22923000000,,69.72,67.46,,,,,1042483000000,816413000000,0.783,2483.05,816413000000,,,,,,,,,,,,true,false,3,2019-04-01,2019-06-30,0
2019-07-30,46610,2019-03-31,1,120746000000,0.099,,,,,29830000000,0.190,30440000000,0.183,,21142000000,,64.32,62.71,,,,,,,,,,,,,,,,,,,,,true,false,3,2018-04-01,2018-06-30,-1
2019-07-30,46610,2020-03-31,1,233360000000,-0.069,,,,,48470000000,-0.217,49480000000,-0.210,,34700000000,,105.54,,,,,,,,,,,,,,,,,,,,,,true,true,6,2019-04-01,2019-09-30,0
2019-07-30,46610,2020-03-31,1,479240000000,-0.088,,,,,92940000000,-0.281,93880000000,-0.275,,65300000000,,198.60,,,,,,,,,,,,,,,,,,,,,,true,true,12,2019-04-01,2020-03-31,0
2019-07-30,46610,2019-03-31,1,,,,,,,,,,,,,,,,,,,,1051455000000,803201000000,0.764,2442.97,803201000000,,,,,,,,,,,,true,false,12,2018-04-01,2019-03-31,-1
2019-07-30,46610,2019-03-31,1,,,,,,,,,,,,,,,,,,,,,,,,,,,,,42.00,,,,363690160,34908727,,false,false,12,2018-04-01,2019-03-31,-1
2019-07-30,46610,2020-03-31,1,,,,,,,,,,,,,,,,,,,,,,,,,,,,,44.00,,,,,,,false,true,12,2019-04-01,2020-03-31,0
2019-07-30,46610,2020-03-31,1,,,,,,,,,,,,,,,,,,,,,,,,,,,,,,,,,363690160,34894927,328790148,false,false,3,2019-04-01,2019-06-30,0
2019-07-30,46610,2019-03-31,1,,,,,,,,,,,,,,,,,,,,,,,,,,,,,,,,,,,328694110,false,false,3,2018-04-01,2018-06-30,-1
2019-10-30,46610,2020-03-31,2,248428000000,-0.009,,,,,60939000000,-0.015,62078000000,-0.008,,43084000000,,131.03,126.81,,,,,1064186000000,839495000000,0.789,2553.00,839495000000,,,,,,,,,,,,true,false,6,2019-04-01,2019-09-30,0
2019-10-30,46610,2019-03-31,2,250691000000,0.078,,,,,61882000000,0.102,62608000000,0.095,,43369000000,,131.94,128.62,,,,,,,,,,,,,,,,,,,,,true,false,6,2018-04-01,2018-09-30,-1
2019-10-30,46610,2020-03-31,2,503870000000,-0.041,,,,,108880000000,-0.158,109930000000,-0.151,,76240000000,,231.86,,,,,,,,,,,,,,,,,,,,,,true,true,12,2019-04-01,2020-03-31,0
2019-10-30,46610,2019-03-31,2,,,,,,,,,,,,,,,,,,,,1051455000000,803201000000,0.764,2442.97,803201000000,,,,,,,,,,,,true,false,12,2018-04-01,2019-03-31,-1
2019-10-30,46610,2019-03-31,2,,,,,,,,,,,,,,,,,,,,,,,,,,,,,42.00,,,,363690160,34908727,,false,false,12,2018-04-01,2019-03-31,-1
2019-10-30,46610,2020-03-31,2,,,,,,,,,,,,,,,,,,,,,,,,,,,,,22.00,,,,,,,false,false,12,2019-04-01,2020-03-31,0
2019-10-30,46610,2020-03-31,2,,,,,,,,,,,,,,,,,,,,,,,,,,,,,44.00,,,,,,,false,true,12,2019-04-01,2020-03-31,0
2019-10-30,46610,2020-03-31,2,,,,,,,,,,,,,,,,,,,,,,,,,,,,,,,,,363690160,34862792,328805678,false,false,6,2019-04-01,2019-09-30,0
2019-10-30,46610,2019-03-31,2,,,,,,,,,,,,,,,,,,,,,,,,,,,,,,,,,,,328709170,false,false,6,2018-04-01,2018-09-30,-1
2020-01-30,46610,2020-03-31,3,390205000000,-0.024,,,,,101038000000,-0.053,102358000000,-0.046,,70992000000,,215.90,208.91,,,,,1090877000000,859820000000,0.788,2614.58,859820000000,,,,,,,,,,,,true,false,9,2019-04-01,2019-12-31,0
2020-01-30,46610,2019-03-31,3,399641000000,0.096,,,,,106743000000,0.143,107333000000,0.133,,74360000000,,226.21,220.44,,,,,,,,,,,,,,,,,,,,,true,false,9,2018-04-01,2018-12-31,-1
2020-01-30,46610,2020-03-31,3,503870000000,-0.041,,,,,108880000000,-0.158,109930000000,-0.151,,76240000000,,231.85,,,,,,,,,,,,,,,,,,,,,,true,true,12,2019-04-01,2020-03-31,0
2020-01-30,46610,2019-03-31,3,,,,,,,,,,,,,,,,,,,,1051455000000,803201000000,0.764,2442.97,803201000000,,,,,,,,,,,,true,false,12,2018-04-01,2019-03-31,-1
2020-01-30,46610,2019-03-31,3,,,,,,,,,,,,,,,,,,,,,,,,,,,,,42.00,,,,363690160,34908727,,false,false,12,2018-04-01,2019-03-31,-1
2020-01-30,46610,2020-03-31,3,,,,,,,,,,,,,,,,,,,,,,,,,,,,,22.00,,,,,,,false,false,12,2019-04-01,2020-03-31,0
2020-01-30,46610,2020-03-31,3,,,,,,,,,,,,,,,,,,,,,,,,,,,,,44.00,,,,,,,false,true,12,2019-04-01,2020-03-31,0
2020-01-30,46610,2020-03-31,3,,,,,,,,,,,,,,,,,,,,,,,,,,,,,,,,,363690160,34833992,328816970,false,false,9,2019-04-01,2019-12-31,0
2020-01-30,46610,2019-03-31,3,,,,,,,,,,,,,,,,,,,,,,,,,,,,,,,,,,,328721496,false,false,9,2018-04-01,2018-12-31,-1
2020-04-28,46610,2020-03-31,,464450000000,-0.116,,,,,96862000000,-0.251,98062000000,-0.242,,62217000000,,189.23,183.31,0.077,0.095,0.209,,1010651000000,820257000000,0.812,2505.55,820257000000,73336000000,20534000000,-55257000000,261164000000,,0.232,,,,,,true,false,12,2019-04-01,2020-03-31,0
2020-04-28,46610,2019-03-31,,525622000000,0.097,,,,,129278000000,0.172,129439000000,0.159,,90286000000,,274.65,267.59,0.118,0.132,0.246,,1051455000000,803201000000,0.764,2442.97,803201000000,134974000000,-135360000000,36601000000,222551000000,,0.153,,,,,,true,false,12,2018-04-01,2019-03-31,-1
2020-04-28,46610,2020-03-31,,396308000000,-0.119,,,,,82968000000,-0.243,94432000000,-0.205,62977000000,,-0.265,191.54,185.54,,,,,959056000000,760688000000,0.793,2323.59,760688000000,,,,,44.00,,,,363690160,36313892,328800343,false,false,12,2019-04-01,2020-03-31,0
2020-04-28,46610,2019-03-31,,449784000000,0.102,,,,,109658000000,0.158,118726000000,0.141,85662000000,,0.135,260.58,253.92,,,,,996342000000,741812000000,0.745,2256.25,741812000000,,,,,42.00,,,,363690160,34908727,328734918,false,false,12,2018-04-01,2019-03-31,-1
2020-07-30,46610,2021-03-31,1,6164000000,-0.949,,,,,-15641000000,,-15283000000,,,-24871000000,,-75.97,,,,,,963336000000,788848000000,0.819,2409.54,788848000000,,,,,,,,,,,,true,false,3,2020-04-01,2020-06-30,0
2020-07-30,46610,2020-03-31,1,120552000000,-0.002,,,,,31936000000,0.071,32762000000,0.076,,22923000000,,69.72,67.46,,,,,,,,,,,,,,,,,,,,,true,false,3,2019-04-01,2019-06-30,-1
2020-07-30,46610,2020-03-31,1,,,,,,,,,,,,,,,,,,,,1010651000000,820257000000,0.812,2505.55,820257000000,,,,,,,,,,,,true,false,12,2019-04-01,2020-03-31,-1
2020-07-30,46610,2020-03-31,1,,,,,,,,,,,,,,,,,,,,,,,,,,,,,44.00,,,,363690160,36313892,,false,false,12,2019-04-01,2020-03-31,-1
2020-07-30,46610,2021-03-31,1,,,,,,,,,,,,,,,,,,,,,,,,,,,,,,,,,363690160,36304332,327381087,false,false,3,2020-04-01,2020-06-30,0
2020-07-30,46610,2020-03-31,1,,,,,,,,,,,,,,,,,,,,,,,,,,,,,,,,,,,328790148,false,false,3,2019-04-01,2019-06-30,-1
2020-10-29,46610,2021-03-31,2,59149000000,-0.762,,,,,-24178000000,,-24745000000,,,-30095000000,,-91.92,,,,,,1051352000000,781296000000,0.743,2386.20,781296000000,,,,,,,,,,,,true,false,6,2020-04-01,2020-09-30,0
2020-10-29,46610,2020-03-31,2,248428000000,-0.009,,,,,60939000000,-0.015,62078000000,-0.008,,43084000000,,131.03,126.81,,,,,,,,,,,,,,,,,,,,,true,false,6,2019-04-01,2019-09-30,-1
2020-10-29,46610,2021-03-31,2,185460000000,-0.601,,,,,-51400000000,,-53890000000,,,-51110000000,,-156.10,,,,,,,,,,,,,,,,,,,,,,true,true,12,2020-04-01,2021-03-31,0
2020-10-29,46610,2020-03-31,2,,,,,,,,,,,,,,,,,,,,1010651000000,820257000000,0.812,2505.55,820257000000,,,,,,,,,,,,true,false,12,2019-04-01,2020-03-31,-1
2020-10-29,46610,2020-03-31,2,,,,,,,,,,,,,,,,,,,,,,,,,,,,,44.00,,,,363690160,36313892,,false,false,12,2019-04-01,2020-03-31,-1
2020-10-29,46610,2021-03-31,2,,,,,,,,,,,,,,,,,,,,,,,,,,,,,13.00,,,,,,,false,false,12,2020-04-01,2021-03-31,0
2020-10-29,46610,2021-03-31,2,,,,,,,,,,,,,,,,,,,,,,,,,,,,,26.00,,,,,,,false,true,12,2020-04-01,2021-03-31,0
2020-10-29,46610,2021-03-31,2,,,,,,,,,,,,,,,,,,,,,,,,,,,,,,,,,363690160,36267956,327398108,false,false,6,2020-04-01,2020-09-30,0
2020-10-29,46610,2020-03-31,2,,,,,,,,,,,,,,,,,,,,,,,,,,,,,,,,,,,328805678,false,false,6,2019-04-01,2019-09-30,-1
2021-01-28,46610,2021-03-31,3,137113000000,-0.649,,,,,-19840000000,,-21850000000,,,-28728000000,,-87.75,,,,,,1068870000000,780731000000,0.730,2384.31,780731000000,,,,,,,,,,,,true,false,9,2020-04-01,2020-12-31,0
2021-01-28,46610,2020-03-31,3,390205000000,-0.024,,,,,101038000000,-0.053,102358000000,-0.046,,70992000000,,215.90,208.91,,,,,,,,,,,,,,,,,,,,,true,false,9,2019-04-01,2019-12-31,-1
2021-01-28,46610,2021-03-31,3,185460000000,-0.601,,,,,-51400000000,,-53890000000,,,-51110000000,,-156.10,,,,,,,,,,,,,,,,,,,,,,true,true,12,2020-04-01,2021-03-31,0
2021-01-28,46610,2020-03-31,3,,,,,,,,,,,,,,,,,,,,1010651000000,820257000000,0.812,2505.55,820257000000,,,,,,,,,,,,true,false,12,2019-04-01,2020-03-31,-1
2021-01-28,46610,2020-03-31,3,,,,,,,,,,,,,,,,,,,,,,,,,,,,,44.00,,,,363690160,36313892,,false,false,12,2019-04-01,2020-03-31,-1
2021-01-28,46610,2021-03-31,3,,,,,,,,,,,,,,,,,,,,,,,,,,,,,13.00,,,,,,,false,false,12,2020-04-01,2021-03-31,0
2021-01-28,46610,2021-03-31,3,,,,,,,,,,,,,,,,,,,,,,,,,,,,,26.00,,,,,,,false,true,12,2020-04-01,2021-03-31,0
2021-01-28,46610,2021-03-31,3,,,,,,,,,,,,,,,,,,,,,,,,,,,,,,,,,363690160,36243898,327410200,false,false,9,2020-04-01,2020-12-31,0
2021-01-28,46610,2020-03-31,3,,,,,,,,,,,,,,,,,,,,,,,,,,,,,,,,,,,328816970,false,false,9,2019-04-01,2019-12-31,-1
2021-04-28,46610,2021-03-31,,170581000000,-0.633,,,,,-45989000000,,-49205000000,,,-54190000000,,-165.51,,-0.069,-0.048,-0.270,,1040465000000,759948000000,0.730,2320.71,759948000000,-23834000000,-160738000000,88724000000,165317000000,,,,,,,,true,false,12,2020-04-01,2021-03-31,0
2021-04-28,46610,2020-03-31,,464450000000,-0.116,,,,,96862000000,-0.251,98062000000,-0.242,,62217000000,,189.23,183.31,0.077,0.095,0.209,,1010651000000,820257000000,0.812,2505.55,820257000000,73336000000,20534000000,-55257000000,261164000000,,0.232,,,,,,true,false,12,2019-04-01,2020-03-31,-1
2021-04-28,46610,2021-03-31,,146015000000,-0.632,,,,,-36405000000,,-39184000000,,-37226000000,,,-113.70,,,,,,1001469000000,715398000000,0.714,2184.67,715398000000,,,,,26.00,,,,363690160,36226898,327421164,false,false,12,2020-04-01,2021-03-31,0
2021-04-28,46610,2020-03-31,,396308000000,-0.119,,,,,82968000000,-0.243,94432000000,-0.205,62977000000,,-0.265,191.54,185.54,,,,,959056000000,760688000000,0.793,2323.59,760688000000,,,,,44.00,,,,363690160,36313892,328800343,false,false,12,2019-04-01,2020-03-31,-1
2021-07-29,46610,2022-03-31,1,49821000000,7.082,,,,,-8832000000,,-8271000000,,,-6059000000,,-18.50,,,,,,1021586000000,749566000000,0.734,2288.94,749566000000,,,,,,,,,,,,true,false,3,2021-04-01,2021-06-30,0
2021-07-29,46610,2021-03-31,1,6164000000,-0.949,,,,,-15641000000,,-15283000000,,,-24871000000,,-75.97,,,,,,,,,,,,,,,,,,,,,,true,false,3,2020-04-01,2020-06-30,-1
2021-07-29,46610,2021-03-31,1,,,,,,,,,,,,,,,,,,,,1040465000000,759948000000,0.730,2320.71,759948000000,,,,,,,,,,,,true,false,12,2020-04-01,2021-03-31,-1
2021-07-29,46610,2021-03-31,1,,,,,,,,,,,,,,,,,,,,,,,,,,,,,26.00,,,,363690160,36226898,,false,false,12,2020-04-01,2021-03-31,-1
2021-07-29,46610,2022-03-31,1,,,,,,,,,,,,,,,,,,,,,,,,,,,,,,,,,363690160,36217698,327467609,false,false,3,2021-04-01,2021-06-30,0
2021-07-29,46610,2021-03-31,1,,,,,,,,,,,,,,,,,,,,,,,,,,,,,,,,,,,327381087,false,false,3,2020-04-01,2020-06-30,-1
2021-10-28,46610,2022-03-31,2,97568000000,0.650,,,,,-19380000000,,-18598000000,,,-14191000000,,-43.34,,,,,,1049991000000,743311000000,0.708,2269.64,743311000000,,,,,,,,,,,,true,false,6,2021-04-01,2021-09-30,0
2021-10-28,46610,2021-03-31,2,59149000000,-0.762,,,,,-24178000000,,-24745000000,,,-30095000000,,-91.92,,,,,,,,,,,,,,,,,,,,,,true,false,6,2020-04-01,2020-09-30,-1
2021-10-28,46610,2022-03-31,2,239020000000,0.401,,,,,-24260000000,,-22850000000,,,-17550000000,,-53.59,,,,,,,,,,,,,,,,,,,,,,true,true,12,2021-04-01,2022-03-31,0
2021-10-28,46610,2021-03-31,2,,,,,,,,,,,,,,,,,,,,1040465000000,759948000000,0.730,2320.71,759948000000,,,,,,,,,,,,true,false,12,2020-04-01,2021-03-31,-1
2021-10-28,46610,2021-03-31,2,,,,,,,,,,,,,,,,,,,,,,,,,,,,,26.00,,,,363690160,36226898,,false,false,12,2020-04-01,2021-03-31,-1
2021-10-28,46610,2022-03-31,2,,,,,,,,,,,,,,,,,,,,,,,,,,,,,13.00,,,,,,,false,false,12,2021-04-01,2022-03-31,0
2021-10-28,46610,2022-03-31,2,,,,,,,,,,,,,,,,,,,,,,,,,,,,,26.00,,,,,,,false,true,12,2021-04-01,2022-03-31,0
2021-10-28,46610,2022-03-31,2,,,,,,,,,,,,,,,,,,,,,,,,,,,,,,,,,363690160,36188041,327481610,false,false,6,2021-04-01,2021-09-30,0
2021-10-28,46610,2021-03-31,2,,,,,,,,,,,,,,,,,,,,,,,,,,,,,,,,,,,327398108,false,false,6,2020-04-01,2020-09-30,-1
2022-01-28,46610,2022-03-31,3,190313000000,0.388,,,,,-1617000000,,-15000000,,,-1152000000,,-3.52,,,,,,1091483000000,745645000000,0.683,2276.64,745645000000,,,,,,,,,,,,true,false,9,2021-04-01,2021-12-31,0
2022-01-28,46610,2021-03-31,3,137113000000,-0.649,,,,,-19840000000,,-21850000000,,,-28728000000,,-87.75,,,,,,,,,,,,,,,,,,,,,,true,false,9,2020-04-01,2020-12-31,-1
2022-01-28,46610,2022-03-31,3,261939000000,0.536,,,,,-7623000000,,-6232000000,,,-5874000000,,-17.94,,,,,,,,,,,,,,,,,,,,,,true,true,12,2021-04-01,2022-03-31,0
2022-01-28,46610,2021-03-31,3,,,,,,,,,,,,,,,,,,,,1040465000000,759948000000,0.730,2320.71,759948000000,,,,,,,,,,,,true,false,12,2020-04-01,2021-03-31,-1
2022-01-28,46610,2021-03-31,3,,,,,,,,,,,,,,,,,,,,,,,,,,,,,26.00,,,,363690160,36226898,,false,false,12,2020-04-01,2021-03-31,-1
2022-01-28,46610,2022-03-31,3,,,,,,,,,,,,,,,,,,,,,,,,,,,,,13.00,,,,,,,false,false,12,2021-04-01,2022-03-31,0
2022-01-28,46610,2022-03-31,3,,,,,,,,,,,,,,,,,,,,,,,,,,,,,26.00,,,,,,,false,true,12,2021-04-01,2022-03-31,0
2022-01-28,46610,2022-03-31,3,,,,,,,,,,,,,,,,,,,,,,,,,,,,,,,,,363690160,36169741,327492067,false,false,9,2021-04-01,2021-12-31,0
2022-01-28,46610,2021-03-31,3,,,,,,,,,,,,,,,,,,,,,,,,,,,,,,,,,,,327410200,false,false,9,2020-04-01,2020-12-31,-1
2022-04-27,46610,2022-03-31,,275728000000,0.616,,,,,7733000000,,11278000000,,,8067000000,,24.63,24.60,0.011,0.011,0.028,,1086884000000,756317000000,0.696,2309.12,756317000000,54602000000,-138984000000,48933000000,129868000000,,1.138,,,,,,true,false,12,2021-04-01,2022-03-31,0
2022-04-27,46610,2021-03-31,,170581000000,-0.633,,,,,-45989000000,,-49205000000,,,-54190000000,,-165.51,,-0.069,-0.048,-0.270,,1040465000000,759948000000,0.730,2320.71,759948000000,-23834000000,-160738000000,88724000000,165317000000,,,,,,,,true,false,12,2020-04-01,2021-03-31,-1
2022-04-27,46610,2023-03-31,,192881000000,0.977,,,,,21865000000,,22196000000,,,15334000000,,46.82,,,,,,,,,,,,,,,,,,,,,,true,true,6,2022-04-01,2022-09-30,1
2022-04-27,46610,2023-03-31,,407922000000,0.479,,,,,50251000000,5.498,50601000000,3.487,,35244000000,,107.61,,,,,,,,,,,,,,,,0.279,,,,,,true,true,12,2022-04-01,2023-03-31,1
2022-04-27,46610,2022-03-31,,230902000000,0.581,,,,,8071000000,,11725000000,,9945000000,,,30.37,30.18,,,,,1048404000000,713703000000,0.681,2179.01,713703000000,,,,,28.00,,,,363690160,36154941,327500931,false,false,12,2021-04-01,2022-03-31,0
2022-04-27,46610,2021-03-31,,146015000000,-0.632,,,,,-36405000000,,-39184000000,,-37226000000,,,-113.70,,,,,,1001469000000,715398000000,0.714,2184.67,715398000000,,,,,26.00,,,,363690160,36226898,327421164,false,false,12,2020-04-01,2021-03-31,-1
2022-04-27,46610,2023-03-31,,,,,,,,,,,,,,,,,,,,,,,,,,,,,,30.00,,,,,,,false,true,12,2022-04-01,2023-03-31,1
2022-07-28,46610,2023-03-31,1,98166000000,0.970,,,,,17062000000,,17501000000,,,12105000000,,36.96,36.42,,,,,1099391000000,764700000000,0.696,2334.66,764700000000,,,,,,,,,,,,true,false,3,2022-04-01,2022-06-30,0
2022-07-28,46610,2022-03-31,1,49821000000,7.082,,,,,-8832000000,,-8271000000,,,-6059000000,,-18.50,,,,,,,,,,,,,,,,,,,,,,true,false,3,2021-04-01,2021-06-30,-1
2022-07-28,46610,2023-03-31,1,192881000000,0.977,,,,,21865000000,,22196000000,,,15334000000,,46.82,,,,,,,,,,,,,,,,,,,,,,true,true,6,2022-04-01,2022-09-30,0
2022-07-28,46610,2023-03-31,1,407922000000,0.479,,,,,50251000000,5.498,50601000000,3.487,,35244000000,,107.60,,,,,,,,,,,,,,,,,,,,,,true,true,12,2022-04-01,2023-03-31,0
2022-07-28,46610,2022-03-31,1,,,,,,,,,,,,,,,,,,,,1086884000000,756317000000,0.696,2309.12,756317000000,,,,,,,,,,,,true,false,12,2021-04-01,2022-03-31,-1
2022-07-28,46610,2022-03-31,1,,,,,,,,,,,,,,,,,,,,,,,,,,,,,28.00,,,,363690160,36154941,,false,false,12,2021-04-01,2022-03-31,-1
2022-07-28,46610,2023-03-31,1,,,,,,,,,,,,,,,,,,,,,,,,,,,,,30.00,,,,,,,false,true,12,2022-04-01,2023-03-31,0
2022-07-28,46610,2023-03-31,1,,,,,,,,,,,,,,,,,,,,,,,,,,,,,,,,,363690160,36147453,327538729,false,false,3,2022-04-01,2022-06-30,0
2022-07-28,46610,2022-03-31,1,,,,,,,,,,,,,,,,,,,,,,,,,,,,,,,,,,,327467609,false,false,3,2021-04-01,2021-06-30,-1
2022-10-27,46610,2023-03-31,2,204043000000,1.091,,,,,37993000000,,38584000000,,,26459000000,,80.78,79.57,,,,,1115681000000,781205000000,0.700,2384.83,781205000000,,,,,,,,,,,,true,false,6,2022-04-01,2022-09-30,0
2022-10-27,46610,2022-03-31,2,97568000000,0.650,,,,,-19380000000,,-18598000000,,,-14191000000,,-43.34,,,,,,,,,,,,,,,,,,,,,,true,false,6,2021-04-01,2021-09-30,-1
2022-10-27,46610,2023-03-31,2,442128000000,0.603,,,,,80088000000,9.357,80612000000,6.148,,55917000000,,170.71,,,,,,,,,,,,,,,,,,,,,,true,true,12,2022-04-01,2023-03-31,0
2022-10-27,46610,2022-03-31,2,,,,,,,,,,,,,,,,,,,,1086884000000,756317000000,0.696,2309.12,756317000000,,,,,,,,,,,,true,false,12,2021-04-01,2022-03-31,-1
2022-10-27,46610,2022-03-31,2,,,,,,,,,,,,,,,,,,,,,,,,,,,,,28.00,,,,363690160,36154941,,false,false,12,2021-04-01,2022-03-31,-1
2022-10-27,46610,2023-03-31,2,,,,,,,,,,,,,,,,,,,,,,,,,,,,,18.00,,,,,,,false,false,12,2022-04-01,2023-03-31,0
2022-10-27,46610,2023-03-31,2,,,,,,,,,,,,,,,,,,,,,,,,,,,,,36.00,,,,,,,false,true,12,2022-04-01,2023-03-31,0
2022-10-27,46610,2023-03-31,2,,,,,,,,,,,,,,,,,,,,,,,,,,,,,,,,,363690160,36117482,327552568,false,false,6,2022-04-01,2022-09-30,0
2022-10-27,46610,2022-03-31,2,,,,,,,,,,,,,,,,,,,,,,,,,,,,,,,,,,,327481610,false,false,6,2021-04-01,2021-09-30,-1
2023-01-30,46610,2023-03-31,3,351025000000,0.844,,,,,85651000000,,86384000000,,,60062000000,,183.36,180.37,,,,,1160900000000,808566000000,0.696,2468.15,808566000000,,,,,,,,,,,,true,false,9,2022-04-01,2022-12-31,0
2023-01-30,46610,2022-03-31,3,190313000000,0.388,,,,,-1617000000,,-15000000,,,-1152000000,,-3.52,,,,,,,,,,,,,,,,,,,,,,true,false,9,2021-04-01,2021-12-31,-1
2023-01-30,46610,2023-03-31,3,464671000000,0.685,,,,,97346000000,,98111000000,7.699,,68122000000,,207.96,,,,,,,,,,,,,,,,,,,,,,true,true,12,2022-04-01,2023-03-31,0
2023-01-30,46610,2022-03-31,3,,,,,,,,,,,,,,,,,,,,1086884000000,756317000000,0.696,2309.12,756317000000,,,,,,,,,,,,true,false,12,2021-04-01,2022-03-31,-1
2023-01-30,46610,2022-03-31,3,,,,,,,,,,,,,,,,,,,,,,,,,,,,,28.00,,,,363690160,36154941,,false,false,12,2021-04-01,2022-03-31,-1
2023-01-30,46610,2023-03-31,3,,,,,,,,,,,,,,,,,,,,,,,,,,,,,18.00,,,,,,,false,false,12,2022-04-01,2023-03-31,0
2023-01-30,46610,2023-03-31,3,,,,,,,,,,,,,,,,,,,,,,,,,,,,,36.00,,,,,,,false,true,12,2022-04-01,2023-03-31,0
2023-01-30,46610,2023-03-31,3,,,,,,,,,,,,,,,,,,,,,,,,,,,,,,,,,363690160,36090082,327563306,false,false,9,2022-04-01,2022-12-31,0
2023-01-30,46610,2022-03-31,3,,,,,,,,,,,,,,,,,,,,,,,,,,,,,,,,,,,327492067,false,false,9,2021-04-01,2021-12-31,-1
2023-04-27,46610,2023-03-31,,483123000000,0.752,,,,,111199000000,,111789000000,8.912,,80734000000,,49.29,48.49,0.102,0.097,0.230,,1206419000000,829689000000,0.688,506.50,829689000000,167729000000,-144426000000,-10939000000,142232000000,,0.162,,,,,,true,false,12,2022-04-01,2023-03-31,0
2023-04-27,46610,2022-03-31,,275728000000,0.616,,,,,7733000000,,11278000000,,,8067000000,,4.93,4.92,0.011,0.011,0.028,,1086884000000,756317000000,0.696,461.82,756317000000,54602000000,-138984000000,48933000000,129868000000,,1.138,,,,,,true,false,12,2021-04-01,2022-03-31,-1
2023-04-27,46610,2024-03-31,,257184000000,0.260,,,,,55316000000,0.456,55672000000,0.443,,38690000000,,23.62,,,,,,,,,,,,,,,,,,,,,,true,true,6,2023-04-01,2023-09-30,1
2023-04-27,46610,2024-03-31,,543954000000,0.126,,,,,122169000000,0.099,122564000000,0.096,,86991000000,,53.11,,,,,,,,,,,,,,,,0.170,,,,,,true,true,12,2023-04-01,2024-03-31,1
2023-04-27,46610,2023-03-31,,410532000000,0.778,,,,,98622000000,,100109000000,7.538,71533000000,,6.192,43.67,42.97,,,,,1163532000000,778811000000,0.669,475.44,778811000000,,,,,40.00,,,,1818450800,180364610,1637872420,false,false,12,2022-04-01,2023-03-31,0
2023-04-27,46610,2022-03-31,,230902000000,0.581,,,,,8071000000,,11725000000,,9945000000,,,6.07,6.04,,,,,1048404000000,713703000000,0.681,435.80,713703000000,,,,,28.00,,,,1818450800,180774705,1637504655,false,false,12,2021-04-01,2022-03-31,-1
2023-04-27,46610,2024-03-31,,,,,,,,,,,,,,,,,,,,,,,,,,,,,,9.00,,,,,,,false,true,12,2023-04-01,2024-03-31,1
2023-07-28,46610,2024-03-31,1,140604000000,0.432,,,,,38680000000,1.267,39058000000,1.232,,27439000000,,16.75,16.45,,,,,1219922000000,859662000000,0.705,524.79,859662000000,,,,,,,,,,,,true,false,3,2023-04-01,2023-06-30,0
2023-07-28,46610,2023-03-31,1,98166000000,0.970,,,,,17062000000,,17501000000,,,12105000000,,7.39,7.28,,,,,,,,,,,,,,,,,,,,,true,false,3,2022-04-01,2022-06-30,-1
2023-07-28,46610,2024-03-31,1,257184000000,0.260,,,,,55316000000,0.456,55672000000,0.443,,38690000000,,23.62,,,,,,,,,,,,,,,,,,,,,,true,true,6,2023-04-01,2023-09-30,0
2023-07-28,46610,2024-03-31,1,543954000000,0.126,,,,,122169000000,0.099,122564000000,0.096,,86991000000,,53.10,,,,,,,,,,,,,,,,,,,,,,true,true,12,2023-04-01,2024-03-31,0
2023-07-28,46610,2023-03-31,1,,,,,,,,,,,,,,,,,,,,1206419000000,829689000000,0.688,506.50,829689000000,,,,,,,,,,,,true,false,12,2022-04-01,2023-03-31,-1
2023-07-28,46610,2023-03-31,1,,,,,,,,,,,,,,,,,,,,,,,,,,,,,40.00,,,,1818450800,180364610,,false,false,12,2022-04-01,2023-03-31,-1
2023-07-28,46610,2024-03-31,1,,,,,,,,,,,,,,,,,,,,,,,,,,,,,9.00,,,,,,,false,true,12,2023-04-01,2024-03-31,0
2023-07-28,46610,2024-03-31,1,,,,,,,,,,,,,,,,,,,,,,,,,,,,,,,,,1818450800,180328425,1638104343,false,false,3,2023-04-01,2023-06-30,0
2023-07-28,46610,2023-03-31,1,,,,,,,,,,,,,,,,,,,,,,,,,,,,,,,,,,,1637693645,false,false,3,2022-04-01,2022-06-30,-1
2023-10-30,4661,2024-03-31,2,284330000000,0.393,,,,,77071000000,1.029,77745000000,1.015,,54549000000,,33.30,32.70,,,,,1265125000000,884564000000,0.699,539.95,884564000000,,,,,,,,,,,,true,false,6,2023-04-01,2023-09-30,0
2023-10-30,4661,2023-03-31,2,204043000000,1.091,,,,,37993000000,,38584000000,,,26459000000,,16.16,15.91,,,,,,,,,,,,,,,,,,,,,true,false,6,2022-04-01,2022-09-30,-1
2023-10-30,4661,2024-03-31,2,594688000000,0.231,,,,,146709000000,0.319,147364000000,0.318,,105180000000,,64.20,,,,,,,,,,,,,,,,,,,,,,true,true,12,2023-04-01,2024-03-31,0
2023-10-30,4661,2023-03-31,2,,,,,,,,,,,,,,,,,,,,1206419000000,829689000000,0.688,506.50,829689000000,,,,,,,,,,,,true,false,12,2022-04-01,2023-03-31,-1
2023-10-30,4661,2023-03-31,2,,,,,,,,,,,,,,,,,,,,,,,,,,,,,40.00,,,,1818450800,180364610,,false,false,12,2022-04-01,2023-03-31,-1
2023-10-30,4661,2024-03-31,2,,,,,,,,,,,,,,,,,,,,,,,,,,,,,5.00,,,,,,,false,false,12,2023-04-01,2024-03-31,0
2023-10-30,4661,2024-03-31,2,,,,,,,,,,,,,,,,,,,,,,,,,,,,,11.00,,,,,,,false,true,12,2023-04-01,2024-03-31,0
2023-10-30,4661,2024-03-31,2,,,,,,,,,,,,,,,,,,,,,,,,,,,,,,,,,1818450800,180207655,1638160702,false,false,6,2023-04-01,2023-09-30,0
2023-10-30,4661,2023-03-31,2,,,,,,,,,,,,,,,,,,,,,,,,,,,,,,,,,,,1637762840,false,false,6,2022-04-01,2022-09-30,-1
2024-01-30,4661,2024-03-31,3,466276000000,0.328,,,,,141667000000,0.654,142499000000,0.650,,99831000000,,60.94,59.82,,,,,1322807000000,927849000000,0.701,566.32,927849000000,,,,,,,,,,,,true,false,9,2023-04-01,2023-12-31,0
2024-01-30,4661,2023-03-31,3,351025000000,0.844,,,,,85651000000,,86384000000,,,60062000000,,36.67,36.07,,,,,,,,,,,,,,,,,,,,,true,false,9,2022-04-01,2022-12-31,-1
2024-01-30,4661,2024-03-31,3,594688000000,0.231,,,,,146709000000,0.319,147364000000,0.318,,105180000000,,64.20,,,,,,,,,,,,,,,,,,,,,,true,true,12,2023-04-01,2024-03-31,0
2024-01-30,4661,2023-03-31,3,,,,,,,,,,,,,,,,,,,,1206419000000,829689000000,0.688,506.50,829689000000,,,,,,,,,,,,true,false,12,2022-04-01,2023-03-31,-1
2024-01-30,4661,2023-03-31,3,,,,,,,,,,,,,,,,,,,,,,,,,,,,,40.00,,,,1818450800,180364610,,false,false,12,2022-04-01,2023-03-31,-1
2024-01-30,4661,2024-03-31,3,,,,,,,,,,,,,,,,,,,,,,,,,,,,,5.00,,,,,,,false,false,12,2023-04-01,2024-03-31,0
2024-01-30,4661,2024-03-31,3,,,,,,,,,,,,,,,,,,,,,,,,,,,,,11.00,,,,,,,false,true,12,2023-04-01,2024-03-31,0
2024-01-30,4661,2024-03-31,3,,,,,,,,,,,,,,,,,,,,,,,,,,,,,,,,,1818450800,180077356,1638207648,false,false,9,2023-04-01,2023-12-31,0
2024-01-30,4661,2023-03-31,3,,,,,,,,,,,,,,,,,,,,,,,,,,,,,,,,,,,1637816530,false,false,9,2022-04-01,2022-12-31,-1
2024-04-26,46610,2024-03-31,,618493000000,0.280,,,,,165437000000,0.488,166005000000,0.485,,120225000000,,73.39,72.12,0.135,0.130,0.267,,1355215000000,949563000000,0.701,579.56,949563000000,197674000000,-21265000000,-45625000000,273016000000,,0.177,,,,,,true,false,12,2023-04-01,2024-03-31,0
2024-04-26,46610,2023-03-31,,483123000000,0.752,,,,,111199000000,,111789000000,8.912,,80734000000,,49.29,48.49,0.102,0.097,0.230,,1206419000000,829689000000,0.688,506.50,829689000000,167729000000,-144426000000,-10939000000,142232000000,,0.162,,,,,,true,false,12,2022-04-01,2023-03-31,-1
2024-04-26,46610,2025-03-31,,314966000000,0.108,,,,,69249000000,-0.101,70455000000,-0.094,,48424000000,,29.55,,,,,,,,,,,,,,,,,,,,,,true,true,6,2024-04-01,2024-09-30,1
2024-04-26,46610,2025-03-31,,684764000000,0.107,,,,,170000000000,0.028,171749000000,0.035,,120517000000,,73.56,,,,,,,,,,,,,,,,0.190,,,,,,true,true,12,2024-04-01,2025-03-31,1
2024-04-26,46610,2024-03-31,,528811000000,0.288,,,,,143671000000,0.457,150521000000,0.504,109968000000,,0.537,67.13,65.97,,,,,1307288000000,886794000000,0.678,541.25,886794000000,,,,,13.00,,,,1818450800,180017193,1638258547,false,false,12,2023-04-01,2024-03-31,0
2024-04-26,46610,2023-03-31,,410532000000,0.778,,,,,98622000000,,100109000000,7.538,71533000000,,6.192,43.67,42.97,,,,,1163532000000,778811000000,0.669,475.44,778811000000,,,,,40.00,,,,1818450800,180364610,1637872420,false,false,12,2022-04-01,2023-03-31,-1
2024-04-26,46610,2025-03-31,,,,,,,,,,,,,,,,,,,,,,,,,,,,,,14.00,,,,,,,false,true,12,2024-04-01,2025-03-31,1
2024-07-30,46610,2025-03-31,1,148421000000,0.056,,,,,33336000000,-0.138,34058000000,-0.128,,24451000000,,14.92,,,,,,1314910000000,955762000000,0.727,583.31,955762000000,,,,,,,,,,,,true,false,3,2024-04-01,2024-06-30,0
2024-07-30,46610,2024-03-31,1,140604000000,0.432,,,,,38680000000,1.267,39058000000,1.232,,27439000000,,16.75,16.45,,,,,,,,,,,,,,,,,,,,,true,false,3,2023-04-01,2023-06-30,-1
2024-07-30,46610,2025-03-31,1,314966000000,0.108,,,,,69249000000,-0.101,70455000000,-0.094,,48424000000,,29.55,,,,,,,,,,,,,,,,,,,,,,true,true,6,2024-04-01,2024-09-30,0
2024-07-30,46610,2025-03-31,1,684764000000,0.107,,,,,170000000000,0.028,171749000000,0.035,,120517000000,,73.55,,,,,,,,,,,,,,,,,,,,,,true,true,12,2024-04-01,2025-03-31,0
2024-07-30,46610,2024-03-31,1,,,,,,,,,,,,,,,,,,,,1355215000000,949563000000,0.701,579.56,949563000000,,,,,,,,,,,,true,false,12,2023-04-01,2024-03-31,-1
2024-07-30,46610,2024-03-31,1,,,,,,,,,,,,,,,,,,,,,,,,,,,,,13.00,,,,1818450800,180017193,,false,false,12,2023-04-01,2024-03-31,-1
2024-07-30,46610,2025-03-31,1,,,,,,,,,,,,,,,,,,,,,,,,,,,,,14.00,,,,,,,false,true,12,2024-04-01,2025-03-31,0
2024-07-30,46610,2025-03-31,1,,,,,,,,,,,,,,,,,,,,,,,,,,,,,,,,,1818450800,179944695,1638481495,false,false,3,2024-04-01,2024-06-30,0
2024-07-30,46610,2024-03-31,1,,,,,,,,,,,,,,,,,,,,,,,,,,,,,,,,,,,1638104343,false,false,3,2023-04-01,2023-06-30,-1
2024-10-30,46610,2025-03-31,2,297267000000,0.045,,,,,63198000000,-0.180,63972000000,-0.177,,45523000000,,27.78,,,,,,1427046000000,973301000000,0.682,587.50,973301000000,,,,,,,,,,,,true,false,6,2024-04-01,2024-09-30,0
2024-10-30,46610,2024-03-31,2,284330000000,0.393,,,,,77071000000,1.029,77745000000,1.015,,54549000000,,33.30,32.70,,,,,,,,,,,,,,,,,,,,,true,false,6,2023-04-01,2023-09-30,-1
2024-10-30,46610,2025-03-31,2,684764000000,0.107,,,,,170000000000,0.028,171749000000,0.035,,120517000000,,73.14,,,,,,,,,,,,,,,,,,,,,,true,true,12,2024-04-01,2025-03-31,0
2024-10-30,46610,2024-03-31,2,,,,,,,,,,,,,,,,,,,,1355215000000,949563000000,0.701,579.56,949563000000,,,,,,,,,,,,true,false,12,2023-04-01,2024-03-31,-1
2024-10-30,46610,2024-03-31,2,,,,,,,,,,,,,,,,,,,,,,,,,,,,,13.00,,,,1818450800,180017193,,false,false,12,2023-04-01,2024-03-31,-1
2024-10-30,46610,2025-03-31,2,,,,,,,,,,,,,,,,,,,,,,,,,,,,,7.00,,,,,,,false,false,12,2024-04-01,2025-03-31,0
2024-10-30,46610,2025-03-31,2,,,,,,,,,,,,,,,,,,,,,,,,,,,,,14.00,,,,,,,false,true,12,2024-04-01,2025-03-31,0
2024-10-30,46610,2025-03-31,2,,,,,,,,,,,,,,,,,,,,,,,,,,,,,,,,,1818450800,161771403,1638952858,false,false,6,2024-04-01,2024-09-30,0
2024-10-30,46610,2024-03-31,2,,,,,,,,,,,,,,,,,,,,,,,,,,,,,,,,,,,1638160702,false,false,6,2023-04-01,2023-09-30,-1
2025-01-30,46610,2025-03-31,3,505173000000,0.083,,,,,134999000000,-0.047,135964000000,-0.046,,95765000000,,58.30,,,,,,1421504000000,950515000000,0.669,579.98,950515000000,,,,,,,,,,,,true,false,9,2024-04-01,2024-12-31,0
2025-01-30,46610,2024-03-31,3,466276000000,0.328,,,,,141667000000,0.654,142499000000,0.650,,99831000000,,60.94,59.82,,,,,,,,,,,,,,,,,,,,,true,false,9,2023-04-01,2023-12-31,-1
2025-01-30,46610,2025-03-31,3,684764000000,0.107,,,,,170000000000,0.028,171749000000,0.035,,120517000000,,73.41,,,,,,,,,,,,,,,,,,,,,,true,true,12,2024-04-01,2025-03-31,0
2025-01-30,46610,2024-03-31,3,,,,,,,,,,,,,,,,,,,,1355215000000,949563000000,0.701,579.56,949563000000,,,,,,,,,,,,true,false,12,2023-04-01,2024-03-31,-1
2025-01-30,46610,2024-03-31,3,,,,,,,,,,,,,,,,,,,,,,,,,,,,,13.00,,,,1818450800,180017193,,false,false,12,2023-04-01,2024-03-31,-1
2025-01-30,46610,2025-03-31,3,,,,,,,,,,,,,,,,,,,,,,,,,,,,,7.00,,,,,,,false,false,12,2024-04-01,2025-03-31,0
2025-01-30,46610,2025-03-31,3,,,,,,,,,,,,,,,,,,,,,,,,,,,,,14.00,,,,,,,false,true,12,2024-04-01,2025-03-31,0
2025-01-30,46610,2025-03-31,3,,,,,,,,,,,,,,,,,,,,,,,,,,,,,,,,,1800450800,161562909,1642752907,false,false,9,2024-04-01,2024-12-31,0
2025-01-30,46610,2024-03-31,3,,,,,,,,,,,,,,,,,,,,,,,,,,,,,,,,,,,1638207648,false,false,9,2023-04-01,2023-12-31,-1
2025-04-28,46610,2025-03-31,,679374000000,0.098,,,,,172111000000,0.040,173328000000,0.044,,124160000000,,75.62,,0.129,0.124,0.253,,1438521000000,977408000000,0.679,596.35,977408000000,195388000000,-253140000000,-26872000000,188391000000,,0.186,,,,,,true,false,12,2024-04-01,2025-03-31,0
2025-04-28,46610,2024-03-31,,618493000000,0.280,,,,,165437000000,0.488,166005000000,0.485,,120225000000,,73.39,72.12,0.135,0.130,0.267,,1355215000000,949563000000,0.701,579.56,949563000000,197674000000,-21265000000,-45625000000,273016000000,,0.177,,,,,,true,false,12,2023-04-01,2024-03-31,-1
2025-04-28,46610,2026-03-31,,314855000000,0.059,,,,,61886000000,-0.021,62549000000,-0.022,,43593000000,,26.60,,,,,,,,,,,,,,,,,,,,,,true,true,6,2025-04-01,2025-09-30,1
2025-04-28,46610,2026-03-31,,693352000000,0.021,,,,,160000000000,-0.070,160806000000,-0.072,,113375000000,,69.17,,,,,,,,,,,,,,,,0.202,,,,,,true,true,12,2025-04-01,2026-03-31,1
2025-04-28,46610,2025-03-31,,571362000000,0.080,,,,,143431000000,-0.002,158209000000,0.051,115578000000,,0.051,70.40,,,,,,1391346000000,907561000000,0.652,553.73,907561000000,,,,,14.00,,,,1800450800,161458911,1641816005,false,false,12,2024-04-01,2025-03-31,0
2025-04-28,46610,2024-03-31,,528811000000,0.288,,,,,143671000000,0.457,150521000000,0.504,109968000000,,0.537,67.13,65.97,,,,,1307288000000,886794000000,0.678,541.25,886794000000,,,,,13.00,,,,1818450800,180017193,1638258547,false,false,12,2023-04-01,2024-03-31,-1
2025-04-28,46610,2026-03-31,,,,,,,,,,,,,,,,,,,,,,,,,,,,,,14.00,,,,,,,false,true,12,2025-04-01,2026-03-31,1
2025-07-30,46610,2026-03-31,1,163750000000,0.103,,,,,38767000000,0.163,39251000000,0.152,,27479000000,,16.77,,,,,,1410369000000,1000344000000,0.709,610.24,1000344000000,,,,,,,,,,,,true,false,3,2025-04-01,2025-06-30,0
2025-07-30,46610,2025-03-31,1,148421000000,0.056,,,,,33336000000,-0.138,34058000000,-0.128,,24451000000,,14.92,,,,,,,,,,,,,,,,,,,,,,true,false,3,2024-04-01,2024-06-30,-1
2025-07-30,46610,2026-03-31,1,314855000000,0.059,,,,,61886000000,-0.021,62549000000,-0.022,,43593000000,,26.59,,,,,,,,,,,,,,,,,,,,,,true,true,6,2025-04-01,2025-09-30,0
2025-07-30,46610,2026-03-31,1,693352000000,0.021,,,,,160000000000,-0.070,160806000000,-0.072,,113375000000,,69.16,,,,,,,,,,,,,,,,,,,,,,true,true,12,2025-04-01,2026-03-31,0
2025-07-30,46610,2025-03-31,1,,,,,,,,,,,,,,,,,,,,1438521000000,977408000000,0.679,596.35,977408000000,,,,,,,,,,,,true,false,12,2024-04-01,2025-03-31,-1
2025-07-30,46610,2025-03-31,1,,,,,,,,,,,,,,,,,,,,,,,,,,,,,14.00,,,,1800450800,161458911,,false,false,12,2024-04-01,2025-03-31,-1
2025-07-30,46610,2026-03-31,1,,,,,,,,,,,,,,,,,,,,,,,,,,,,,14.00,,,,,,,false,true,12,2025-04-01,2026-03-31,0
2025-07-30,46610,2026-03-31,1,,,,,,,,,,,,,,,,,,,,,,,,,,,,,,,,,1800450800,161179842,1639084486,false,false,3,2025-04-01,2025-06-30,0
2025-07-30,46610,2025-03-31,1,,,,,,,,,,,,,,,,,,,,,,,,,,,,,,,,,,,1638481495,false,false,3,2024-04-01,2024-06-30,-1
