filing_date,code,fiscal_year_end,quarterly_period,net_sales,net_sales_change,revenue,revenue_change,operating_revenue,operating_revenue_change,operating_profit,operating_profit_change,ordinary_profit,ordinary_profit_change,net_income,net_income_of_parent,net_income_change,eps,diluted_eps,roe,roa,operating_profit_to_net_sales,operating_profit_to_revenue,total_assets,net_assets,equity_ratio,bps,owner_equity,operating_cash_flow,investing_cash_flow,financing_cash_flow,cash,dividend_per_share,payout_ratio,commemorative_dividend,extra_dividend,number_of_shares,number_of_treqsury_shares,avg_number_of_shares,is_consolidated,is_forecast,duration,period_start,period_end,period_pos
2015-05-14,46850,2015-03-31,,27958000000,-0.043,,,,,927000000,0.263,936000000,0.252,25000000,,-0.919,3.98,,0.005,0.064,0.033,,15002000000,5888000000,0.345,814.71,5171000000,748000000,-507000000,-110000000,1031000000,,2.513,,,,,,true,false,12,2014-04-01,2015-03-31,0
2015-05-14,46850,2014-03-31,,29201000000,0.004,,,,,734000000,-0.034,747000000,-0.067,310000000,,-0.199,48.86,,0.060,0.053,0.025,,14156000000,5698000000,0.360,802.86,5096000000,978000000,-663000000,-139000000,900000000,,0.205,,,,,,true,false,12,2013-04-01,2014-03-31,-1
2015-05-14,46850,2016-03-31,,28000000000,0.001,,,,,800000000,-0.137,800000000,-0.145,,500000000,,78.77,,,,,,,,,,,,,,,,0.190,,,,,,true,true,12,2015-04-01,2016-03-31,1
2015-05-14,46850,2015-03-31,,20537000000,-0.090,,,,,517000000,0.206,540000000,0.194,-92000000,,,-14.52,,,,,,11177000000,4744000000,0.424,747.37,4744000000,,,,,10.00,,,,6355000,7183,6347817,false,false,12,2014-04-01,2015-03-31,0
2015-05-14,46850,2014-03-31,,22564000000,-0.014,,,,,429000000,-0.271,452000000,-0.290,218000000,,-0.408,34.35,,,,,,10756000000,4821000000,0.448,759.51,4821000000,,,,,10.00,,,,6355000,7183,6348257,false,false,12,2013-04-01,2014-03-31,-1
2015-05-14,46850,2016-03-31,,,,,,,,,,,,,,,,,,,,,,,,,,,,,,15.00,,,,,,,false,true,12,2015-04-01,2016-03-31,1
2015-07-31,46850,2016-03-31,1,6735000000,0.012,,,,,191000000,,191000000,,,110000000,,17.36,,,,,,13446000000,5927000000,0.389,824.81,5235000000,,,,,,,,,,,,true,false,3,2015-04-01,2015-06-30,0
2015-07-31,46850,2015-03-31,1,6658000000,0.075,,,,,-54000000,,-53000000,,,-78000000,,-12.33,,,,,,,,,,,,,,,,,,,,,,true,false,3,2014-04-01,2014-06-30,-1
2015-07-31,46850,2016-03-31,1,28000000000,0.001,,,,,800000000,-0.137,800000000,-0.145,,500000000,,78.77,,,,,,,,,,,,,,,,,,,,,,true,true,12,2015-04-01,2016-03-31,0
2015-07-31,46850,2015-03-31,1,,,,,,,,,,,,,,,,,,,,15002000000,5888000000,0.345,814.71,5171000000,,,,,,,,,,,,true,false,12,2014-04-01,2015-03-31,-1
2015-07-31,46850,2015-03-31,1,,,,,,,,,,,,,,,,,,,,,,,,,,,,,10.00,,,,6355000,7183,,false,false,12,2014-04-01,2015-03-31,-1
2015-07-31,46850,2016-03-31,1,,,,,,,,,,,,,,,,,,,,,,,,,,,,,15.00,,,,,,,false,true,12,2015-04-01,2016-03-31,0
2015-07-31,46850,2016-03-31,1,,,,,,,,,,,,,,,,,,,,,,,,,,,,,,,,,6355000,7830,6347270,false,false,3,2015-04-01,2015-06-30,0
2015-07-31,46850,2015-03-31,1,,,,,,,,,,,,,,,,,,,,,,,,,,,,,,,,,,,6347817,false,false,3,2014-04-01,2014-06-30,-1
2015-10-30,46850,2016-03-31,2,13755000000,0.054,,,,,661000000,,663000000,,,420000000,,66.21,,,,,,14118000000,6246000000,0.393,873.31,5543000000,,,,,,,,,,,,true,false,6,2015-04-01,2015-09-30,0
2015-10-30,46850,2015-03-31,2,13052000000,0.020,,,,,-5000000,,-2000000,,,-71000000,,-11.31,,,,,,,,,,,,,,,,,,,,,,true,false,6,2014-04-01,2014-09-30,-1
2015-10-30,46850,2016-03-31,2,30000000000,0.073,,,,,1400000000,0.510,1400000000,0.496,,750000000,,118.16,,,,,,,,,,,,,,,,,,,,,,true,true,12,2015-04-01,2016-03-31,0
2015-10-30,46850,2015-03-31,2,,,,,,,,,,,,,,,,,,,,15002000000,5888000000,0.345,814.71,5171000000,,,,,,,,,,,,true,false,12,2014-04-01,2015-03-31,-1
2015-10-30,46850,2015-03-31,2,,,,,,,,,,,,,,,,,,,,,,,,,,,,,10.00,,,,6355000,7183,,false,false,12,2014-04-01,2015-03-31,-1
2015-10-30,46850,2016-03-31,2,,,,,,,,,,,,,,,,,,,,,,,,,,,,,0.00,,,,,,,false,false,12,2015-04-01,2016-03-31,0
2015-10-30,46850,2016-03-31,2,,,,,,,,,,,,,,,,,,,,,,,,,,,,,20.00,,,,,,,false,true,12,2015-04-01,2016-03-31,0
2015-10-30,46850,2016-03-31,2,,,,,,,,,,,,,,,,,,,,,,,,,,,,,,,,,6355000,7830,6347219,false,false,6,2015-04-01,2015-09-30,0
2015-10-30,46850,2015-03-31,2,,,,,,,,,,,,,,,,,,,,,,,,,,,,,,,,,,,6347817,false,false,6,2014-04-01,2014-09-30,-1
2016-01-29,46850,2016-03-31,3,20964000000,0.090,,,,,1043000000,,1046000000,9.721,,628000000,,99.07,,,,,,14316000000,6492000000,0.403,908.24,5763000000,,,,,,,,,,,,true,false,9,2015-04-01,2015-12-31,0
2016-01-29,46850,2015-03-31,3,19229000000,-0.033,,,,,88000000,,97000000,,,-308000000,,-48.66,,,,,,,,,,,,,,,,,,,,,,true,false,9,2014-04-01,2014-12-31,-1
2016-01-29,46850,2016-03-31,3,30000000000,0.073,,,,,1400000000,0.510,1400000000,0.496,,750000000,,118.16,,,,,,,,,,,,,,,,,,,,,,true,true,12,2015-04-01,2016-03-31,0
2016-01-29,46850,2015-03-31,3,,,,,,,,,,,,,,,,,,,,15002000000,5888000000,0.345,814.71,5171000000,,,,,,,,,,,,true,false,12,2014-04-01,2015-03-31,-1
2016-01-29,46850,2015-03-31,3,,,,,,,,,,,,,,,,,,,,,,,,,,,,,10.00,,,,6355000,7183,,false,false,12,2014-04-01,2015-03-31,-1
2016-01-29,46850,2016-03-31,3,,,,,,,,,,,,,,,,,,,,,,,,,,,,,0.00,,,,,,,false,false,12,2015-04-01,2016-03-31,0
2016-01-29,46850,2016-03-31,3,,,,,,,,,,,,,,,,,,,,,,,,,,,,,20.00,,,,,,,false,true,12,2015-04-01,2016-03-31,0
2016-01-29,46850,2016-03-31,3,,,,,,,,,,,,,,,,,,,,,,,,,,,,,,,,,6355000,8911,6347102,false,false,9,2015-04-01,2015-12-31,0
2016-01-29,46850,2015-03-31,3,,,,,,,,,,,,,,,,,,,,,,,,,,,,,,,,,,,6347817,false,false,9,2014-04-01,2014-12-31,-1
2016-03-24,46850,2016-03-31,,30500000000,0.017,,,,,1800000000,0.286,1800000000,0.286,,950000000,,149.68,,,,,,,,,,,,,,,,,,,,,,true,true,12,2015-04-01,2016-03-31,0
2016-03-24,46850,2015-03-31,,27958000000,,,,,,927000000,,936000000,,,25000000,,3.98,,,,,,,,,,,,,,,,,,,,,,true,false,12,2014-04-01,2015-03-31,-1
2016-03-24,46850,2016-03-31,,,,,,,,,,,,,,,,,,,,,,,,,,,,,,30.00,,,,,,,false,true,12,2015-04-01,2016-03-31,0
2016-03-24,46850,2016-03-31,,,,,,,,,,,,,,,,,,,,,,,,,,,,,,0.00,,,,,,,false,false,12,2015-04-01,2016-03-31,0
2016-03-24,46850,2015-03-31,,,,,,,,,,,,,,,,,,,,,,,,,,,,,,10.00,,,,,,,false,false,12,2014-04-01,2015-03-31,-1
2016-04-28,46850,2016-03-31,,22631000000,,,,,,1335000000,,1386000000,,815000000,,,128.49,,,,,,,,,,,,,,,,,,,,,,false,true,12,2015-04-01,2016-03-31,0
2016-04-28,46850,2015-03-31,,20537000000,,,,,,517000000,,540000000,,-92000000,,,-14.52,,,,,,,,,,,,,,,,,,,,,,false,false,12,2014-04-01,2015-03-31,-1
2016-05-11,46850,2016-03-31,,30637000000,0.096,,,,,1808000000,0.950,1820000000,0.945,,954000000,,150.42,,0.171,0.115,0.059,,16580000000,6770000000,0.361,943.97,5990000000,1362000000,-1591000000,-125000000,677000000,,0.199,,,,,,true,false,12,2015-04-01,2016-03-31,0
2016-05-11,46850,2015-03-31,,27958000000,-0.043,,,,,927000000,0.263,936000000,0.252,,25000000,,3.98,,0.005,0.064,0.033,,15002000000,5888000000,0.345,814.71,5171000000,748000000,-507000000,-110000000,1031000000,,2.513,,,,,,true,false,12,2014-04-01,2015-03-31,-1
2016-05-11,46850,2017-03-31,,30500000000,-0.005,,,,,1300000000,-0.281,1300000000,-0.286,,850000000,,133.94,,,,,,,,,,,,,,,,0.224,,,,,,true,true,12,2016-04-01,2017-03-31,1
2016-05-11,46850,2016-03-31,,22631000000,0.102,,,,,1335000000,1.582,1386000000,1.568,815000000,,,128.49,,,,,,12567000000,5481000000,0.436,863.77,5481000000,,,,,30.00,,,,6355000,8911,6346850,false,false,12,2015-04-01,2016-03-31,0
2016-05-11,46850,2015-03-31,,20537000000,-0.090,,,,,517000000,0.206,540000000,0.194,-92000000,,,-14.52,,,,,,11177000000,4744000000,0.424,747.37,4744000000,,,,,10.00,,,,6355000,7183,6347817,false,false,12,2014-04-01,2015-03-31,-1
2016-05-11,46850,2017-03-31,,,,,,,,,,,,,,,,,,,,,,,,,,,,,,30.00,,,,,,,false,true,12,2016-04-01,2017-03-31,1
2016-07-29,46850,2017-03-31,1,7136000000,0.060,,,,,67000000,-0.647,83000000,-0.562,,61000000,,9.65,,,,,,15128000000,6564000000,0.388,925.88,5875000000,,,,,,,,,,,,true,false,3,2016-04-01,2016-06-30,0
2016-07-29,46850,2016-03-31,1,6735000000,0.012,,,,,191000000,,191000000,,,110000000,,17.36,,,,,,,,,,,,,,,,,,,,,,true,false,3,2015-04-01,2015-06-30,-1
2016-07-29,46850,2017-03-31,1,30500000000,-0.005,,,,,1300000000,-0.281,1300000000,-0.286,,850000000,,133.94,,,,,,,,,,,,,,,,,,,,,,true,true,12,2016-04-01,2017-03-31,0
2016-07-29,46850,2016-03-31,1,,,,,,,,,,,,,,,,,,,,16580000000,6770000000,0.361,943.97,5990000000,,,,,,,,,,,,true,false,12,2015-04-01,2016-03-31,-1
2016-07-29,46850,2016-03-31,1,,,,,,,,,,,,,,,,,,,,,,,,,,,,,30.00,,,,6355000,8911,,false,false,12,2015-04-01,2016-03-31,-1
2016-07-29,46850,2017-03-31,1,,,,,,,,,,,,,,,,,,,,,,,,,,,,,30.00,,,,,,,false,true,12,2016-04-01,2017-03-31,0
2016-07-29,46850,2017-03-31,1,,,,,,,,,,,,,,,,,,,,,,,,,,,,,,,,,6355000,8911,6346089,false,false,3,2016-04-01,2016-06-30,0
2016-07-29,46850,2016-03-31,1,,,,,,,,,,,,,,,,,,,,,,,,,,,,,,,,,,,6347270,false,false,3,2015-04-01,2015-06-30,-1
2016-10-28,46850,2017-03-31,2,15094000000,0.097,,,,,639000000,-0.034,656000000,-0.011,,445000000,,70.21,,,,,,15560000000,6983000000,0.403,988.74,6274000000,,,,,,,,,,,,true,false,6,2016-04-01,2016-09-30,0
2016-10-28,46850,2016-03-31,2,13755000000,0.054,,,,,661000000,,663000000,,,420000000,,66.21,,,,,,,,,,,,,,,,,,,,,,true,false,6,2015-04-01,2015-09-30,-1
2016-10-28,46850,2017-03-31,2,30500000000,-0.005,,,,,1300000000,-0.281,1300000000,-0.286,,850000000,,133.94,,,,,,,,,,,,,,,,,,,,,,true,true,12,2016-04-01,2017-03-31,0
2016-10-28,46850,2016-03-31,2,,,,,,,,,,,,,,,,,,,,16580000000,6770000000,0.361,943.97,5990000000,,,,,,,,,,,,true,false,12,2015-04-01,2016-03-31,-1
2016-10-28,46850,2016-03-31,2,,,,,,,,,,,,,,,,,,,,,,,,,,,,,30.00,,,,6355000,8911,,false,false,12,2015-04-01,2016-03-31,-1
2016-10-28,46850,2017-03-31,2,,,,,,,,,,,,,,,,,,,,,,,,,,,,,0.00,,,,,,,false,false,12,2016-04-01,2017-03-31,0
2016-10-28,46850,2017-03-31,2,,,,,,,,,,,,,,,,,,,,,,,,,,,,,30.00,,,,,,,false,true,12,2016-04-01,2017-03-31,0
2016-10-28,46850,2017-03-31,2,,,,,,,,,,,,,,,,,,,,,,,,,,,,,,,,,6355000,8911,6346089,false,false,6,2016-04-01,2016-09-30,0
2016-10-28,46850,2016-03-31,2,,,,,,,,,,,,,,,,,,,,,,,,,,,,,,,,,,,6347219,false,false,6,2015-04-01,2015-09-30,-1
2017-01-27,46850,2017-03-31,3,22460000000,0.071,,,,,960000000,-0.080,978000000,-0.066,,646000000,,101.93,,,,,,15616000000,7228000000,0.416,1024.16,6499000000,,,,,,,,,,,,true,false,9,2016-04-01,2016-12-31,0
2017-01-27,46850,2016-03-31,3,20964000000,0.090,,,,,1043000000,,1046000000,9.721,,628000000,,99.07,,,,,,,,,,,,,,,,,,,,,,true,false,9,2015-04-01,2015-12-31,-1
2017-01-27,46850,2017-03-31,3,30500000000,-0.005,,,,,1300000000,-0.281,1300000000,-0.286,,850000000,,133.94,,,,,,,,,,,,,,,,,,,,,,true,true,12,2016-04-01,2017-03-31,0
2017-01-27,46850,2016-03-31,3,,,,,,,,,,,,,,,,,,,,16580000000,6770000000,0.361,943.97,5990000000,,,,,,,,,,,,true,false,12,2015-04-01,2016-03-31,-1
2017-01-27,46850,2016-03-31,3,,,,,,,,,,,,,,,,,,,,,,,,,,,,,30.00,,,,6355000,8911,,false,false,12,2015-04-01,2016-03-31,-1
2017-01-27,46850,2017-03-31,3,,,,,,,,,,,,,,,,,,,,,,,,,,,,,0.00,,,,,,,false,false,12,2016-04-01,2017-03-31,0
2017-01-27,46850,2017-03-31,3,,,,,,,,,,,,,,,,,,,,,,,,,,,,,30.00,,,,,,,false,true,12,2016-04-01,2017-03-31,0
2017-01-27,46850,2017-03-31,3,,,,,,,,,,,,,,,,,,,,,,,,,,,,,,,,,6355000,8911,6346089,false,false,9,2016-04-01,2016-12-31,0
2017-01-27,46850,2016-03-31,3,,,,,,,,,,,,,,,,,,,,,,,,,,,,,,,,,,,6347102,false,false,9,2015-04-01,2015-12-31,-1
2017-04-28,46850,2017-03-31,,32353000000,0.061,,,,,1766000000,0.359,1783000000,0.372,,1118000000,,176.20,,,,,,,,,,,,,,,,,,,,,,true,true,12,2016-04-01,2017-03-31,0
2017-04-28,46850,2016-03-31,,30637000000,,,,,,1808000000,,1820000000,,,954000000,,150.42,,,,,,,,,,,,,,,,,,,,,,true,false,12,2015-04-01,2016-03-31,-1
2017-05-09,46850,2017-03-31,,32353000000,0.056,,,,,1766000000,-0.023,1783000000,-0.020,,1118000000,,176.20,,0.173,0.104,0.055,,17675000000,7744000000,0.394,1096.91,6960000000,1002000000,-745000000,-263000000,671000000,,0.199,,,,,,true,false,12,2016-04-01,2017-03-31,0
2017-05-09,46850,2016-03-31,,30637000000,0.096,,,,,1808000000,0.950,1820000000,0.945,,954000000,,150.42,,0.171,0.115,0.059,,16580000000,6770000000,0.361,943.97,5990000000,1362000000,-1591000000,-125000000,677000000,,0.199,,,,,,true,false,12,2015-04-01,2016-03-31,-1
2017-05-09,46850,2018-03-31,,30500000000,-0.057,,,,,1600000000,-0.094,1600000000,-0.103,,1000000000,,157.59,,,,,,,,,,,,,,,,0.222,,,,,,true,true,12,2017-04-01,2018-03-31,1
2017-05-09,46850,2017-03-31,,23975000000,0.059,,,,,1435000000,0.075,1506000000,0.086,1052000000,,0.290,165.84,,,,,,13399000000,6351000000,0.474,1000.90,6351000000,,,,,35.00,,,,6355000,9501,6346087,false,false,12,2016-04-01,2017-03-31,0
2017-05-09,46850,2016-03-31,,22631000000,0.102,,,,,1335000000,1.582,1386000000,1.568,815000000,,,128.49,,,,,,12567000000,5481000000,0.436,863.77,5481000000,,,,,30.00,,,,6355000,8911,6346850,false,false,12,2015-04-01,2016-03-31,-1
2017-05-09,46850,2018-03-31,,,,,,,,,,,,,,,,,,,,,,,,,,,,,,35.00,,,,,,,false,true,12,2017-04-01,2018-03-31,1
,46850,2018-03-31,,,,,,,,,,,,,,,,,,,,,,,,,,,,,,175.00,,,,,,,false,true,12,2017-04-01,2018-03-31,0
,46850,2017-03-31,,,,,,,,,,,,,,,,,,,,,,,,,,,,,,35.00,,,,,,,false,false,12,2016-04-01,2017-03-31,-1
2017-07-28,46850,2018-03-31,1,7031000000,-0.015,,,,,26000000,-0.609,27000000,-0.671,,2000000,,0.47,,,,,,16432000000,7509000000,0.411,1064.75,6754000000,,,,,,,,,,,,true,false,3,2017-04-01,2017-06-30,0
2017-07-28,46850,2017-03-31,1,7136000000,0.060,,,,,67000000,-0.647,83000000,-0.562,,61000000,,9.65,,,,,,,,,,,,,,,,,,,,,,true,false,3,2016-04-01,2016-06-30,-1
2017-07-28,46850,2018-03-31,1,30500000000,-0.057,,,,,1600000000,-0.094,1600000000,-0.103,,1000000000,,787.96,,,,,,,,,,,,,,,,,,,,,,true,true,12,2017-04-01,2018-03-31,0
2017-07-28,46850,2017-03-31,1,,,,,,,,,,,,,,,,,,,,17675000000,7744000000,0.394,1096.91,6960000000,,,,,,,,,,,,true,false,12,2016-04-01,2017-03-31,-1
2017-07-28,46850,2017-03-31,1,,,,,,,,,,,,,,,,,,,,,,,,,,,,,35.00,,,,6355000,9501,,false,false,12,2016-04-01,2017-03-31,-1
2017-07-28,46850,2018-03-31,1,,,,,,,,,,,,,,,,,,,,,,,,,,,,,175.00,,,,,,,false,true,12,2017-04-01,2018-03-31,0
2017-07-28,46850,2018-03-31,1,,,,,,,,,,,,,,,,,,,,,,,,,,,,,,,,,6355000,11731,6344996,false,false,3,2017-04-01,2017-06-30,0
2017-07-28,46850,2017-03-31,1,,,,,,,,,,,,,,,,,,,,,,,,,,,,,,,,,,,6346089,false,false,3,2016-04-01,2016-06-30,-1
2017-10-27,46850,2018-03-31,2,13580000000,-0.100,,,,,311000000,-0.512,318000000,-0.514,,185000000,,146.37,,,,,,17125000000,7718000000,0.406,5478.12,6949000000,,,,,,,,,,,,true,false,6,2017-04-01,2017-09-30,0
2017-10-27,46850,2017-03-31,2,15094000000,0.097,,,,,639000000,-0.034,656000000,-0.011,,445000000,,351.05,,,,,,,,,,,,,,,,,,,,,,true,false,6,2016-04-01,2016-09-30,-1
2017-10-27,46850,2018-03-31,2,30500000000,-0.057,,,,,1600000000,-0.094,1600000000,-0.103,,1000000000,,787.96,,,,,,,,,,,,,,,,,,,,,,true,true,12,2017-04-01,2018-03-31,0
2017-10-27,46850,2017-03-31,2,,,,,,,,,,,,,,,,,,,,17675000000,7744000000,0.394,5484.56,6960000000,,,,,,,,,,,,true,false,12,2016-04-01,2017-03-31,-1
2017-10-27,46850,2017-03-31,2,,,,,,,,,,,,,,,,,,,,,,,,,,,,,35.00,,,,1271000,1900,,false,false,12,2016-04-01,2017-03-31,-1
2017-10-27,46850,2018-03-31,2,,,,,,,,,,,,,,,,,,,,,,,,,,,,,0.00,,,,,,,false,false,12,2017-04-01,2018-03-31,0
2017-10-27,46850,2018-03-31,2,,,,,,,,,,,,,,,,,,,,,,,,,,,,,175.00,,,,,,,false,true,12,2017-04-01,2018-03-31,0
2017-10-27,46850,2018-03-31,2,,,,,,,,,,,,,,,,,,,,,,,,,,,,,,,,,1271000,2346,1268826,false,false,6,2017-04-01,2017-09-30,0
2017-10-27,46850,2017-03-31,2,,,,,,,,,,,,,,,,,,,,,,,,,,,,,,,,,,,1269218,false,false,6,2016-04-01,2016-09-30,-1
2018-01-31,46850,2018-03-31,3,20411000000,-0.091,,,,,695000000,-0.276,705000000,-0.279,,578000000,,455.89,,,,,,16774000000,8174000000,0.439,5799.73,7357000000,,,,,,,,,,,,true,false,9,2017-04-01,2017-12-31,0
2018-01-31,46850,2017-03-31,3,22460000000,0.071,,,,,960000000,-0.080,978000000,-0.066,,646000000,,509.67,,,,,,,,,,,,,,,,,,,,,,true,false,9,2016-04-01,2016-12-31,-1
2018-01-31,46850,2018-03-31,3,30500000000,-0.057,,,,,1600000000,-0.094,1600000000,-0.103,,1000000000,,787.96,,,,,,,,,,,,,,,,,,,,,,true,true,12,2017-04-01,2018-03-31,0
2018-01-31,46850,2017-03-31,3,,,,,,,,,,,,,,,,,,,,17675000000,7744000000,0.394,5484.56,6960000000,,,,,,,,,,,,true,false,12,2016-04-01,2017-03-31,-1
2018-01-31,46850,2017-03-31,3,,,,,,,,,,,,,,,,,,,,,,,,,,,,,35.00,,,,1271000,1900,,false,false,12,2016-04-01,2017-03-31,-1
2018-01-31,46850,2018-03-31,3,,,,,,,,,,,,,,,,,,,,,,,,,,,,,0.00,,,,,,,false,false,12,2017-04-01,2018-03-31,0
2018-01-31,46850,2018-03-31,3,,,,,,,,,,,,,,,,,,,,,,,,,,,,,175.00,,,,,,,false,true,12,2017-04-01,2018-03-31,0
2018-01-31,46850,2018-03-31,3,,,,,,,,,,,,,,,,,,,,,,,,,,,,,,,,,1271000,2397,1268759,false,false,9,2017-04-01,2017-12-31,0
2018-01-31,46850,2017-03-31,3,,,,,,,,,,,,,,,,,,,,,,,,,,,,,,,,,,,1269218,false,false,9,2016-04-01,2016-12-31,-1
2018-04-27,46850,2018-03-31,,21440000000,-0.106,,,,,1188000000,-0.172,1255000000,-0.166,978000000,,-0.070,771.44,,,,,,,,,,,,,,,,,,,,,,false,true,12,2017-04-01,2018-03-31,0
2018-05-09,46850,2018-03-31,,30078000000,-0.070,,,,,1642000000,-0.070,1651000000,-0.074,,1188000000,,936.59,,0.159,0.090,0.055,,19088000000,8878000000,0.420,6319.08,8016000000,1841000000,-840000000,-277000000,1394000000,,0.240,,,,,,true,false,12,2017-04-01,2018-03-31,0
2018-05-09,46850,2017-03-31,,32353000000,0.056,,,,,1766000000,-0.023,1783000000,-0.020,,1118000000,,880.98,,0.173,0.104,0.055,,17675000000,7744000000,0.394,5484.56,6960000000,1002000000,-745000000,-263000000,671000000,,0.199,,,,,,true,false,12,2016-04-01,2017-03-31,-1
2018-05-09,46850,2019-03-31,,30500000000,0.014,,,,,1800000000,0.096,1800000000,0.090,,1100000000,,867.12,,,,,,,,,,,,,,,,0.231,,,,,,true,true,12,2018-04-01,2019-03-31,1
2018-05-09,46850,2018-03-31,,21440000000,-0.106,,,,,1188000000,-0.172,1255000000,-0.166,978000000,,-0.070,771.44,,,,,,14022000000,7104000000,0.507,5600.68,7104000000,,,,,225.00,,,,1271000,2428,1268714,false,false,12,2017-04-01,2018-03-31,0
2018-05-09,46850,2017-03-31,,23975000000,0.059,,,,,1435000000,0.075,1506000000,0.086,1052000000,,0.290,829.18,,,,,,13399000000,6351000000,0.474,5004.49,6351000000,,,,,35.00,,,,1271000,1900,1269218,false,false,12,2016-04-01,2017-03-31,-1
2018-05-09,46850,2019-03-31,,,,,,,,,,,,,,,,,,,,,,,,,,,,,,200.00,,,,,,,false,true,12,2018-04-01,2019-03-31,1
2018-07-27,46850,2019-03-31,1,6653000000,-0.054,,,,,209000000,6.952,211000000,6.659,,110000000,,86.85,,,,,,16329000000,8693000000,0.481,6188.20,7850000000,,,,,,,,,,,,true,false,3,2018-04-01,2018-06-30,0
2018-07-27,46850,2018-03-31,1,7031000000,-0.015,,,,,26000000,-0.609,27000000,-0.671,,2000000,,2.35,,,,,,,,,,,,,,,,,,,,,,true,false,3,2017-04-01,2017-06-30,-1
2018-07-27,46850,2019-03-31,1,30500000000,0.014,,,,,1800000000,0.096,1800000000,0.090,1100000000,,-0.074,867.12,,,,,,,,,,,,,,,,,,,,,,true,true,12,2018-04-01,2019-03-31,0
2018-07-27,46850,2018-03-31,1,,,,,,,,,,,,,,,,,,,,19088000000,8878000000,0.420,6319.08,8016000000,,,,,,,,,,,,true,false,12,2017-04-01,2018-03-31,-1
2018-07-27,46850,2018-03-31,1,,,,,,,,,,,,,,,,,,,,,,,,,,,,,225.00,,,,1271000,2428,,false,false,12,2017-04-01,2018-03-31,-1
2018-07-27,46850,2019-03-31,1,,,,,,,,,,,,,,,,,,,,,,,,,,,,,200.00,,,,,,,false,true,12,2018-04-01,2019-03-31,0
2018-07-27,46850,2019-03-31,1,,,,,,,,,,,,,,,,,,,,,,,,,,,,,,,,,1271000,2446,1268558,false,false,3,2018-04-01,2018-06-30,0
2018-07-27,46850,2018-03-31,1,,,,,,,,,,,,,,,,,,,,,,,,,,,,,,,,,,,1268999,false,false,3,2017-04-01,2017-06-30,-1
2018-10-26,46850,2019-03-31,2,13601000000,0.002,,,,,729000000,1.339,732000000,1.295,,472000000,,372.14,,,,,,17390000000,9078000000,0.473,6485.89,8227000000,,,,,,,,,,,,true,false,6,2018-04-01,2018-09-30,0
2018-10-26,46850,2018-03-31,2,13580000000,-0.100,,,,,311000000,-0.512,318000000,-0.514,,185000000,,146.37,,,,,,,,,,,,,,,,,,,,,,true,false,6,2017-04-01,2017-09-30,-1
2018-10-26,46850,2019-03-31,2,30500000000,0.014,,,,,1800000000,0.096,1800000000,0.090,,1100000000,,867.12,,,,,,,,,,,,,,,,,,,,,,true,true,12,2018-04-01,2019-03-31,0
2018-10-26,46850,2018-03-31,2,,,,,,,,,,,,,,,,,,,,19088000000,8878000000,0.420,6319.08,8016000000,,,,,,,,,,,,true,false,12,2017-04-01,2018-03-31,-1
2018-10-26,46850,2018-03-31,2,,,,,,,,,,,,,,,,,,,,,,,,,,,,,225.00,,,,1271000,2428,,false,false,12,2017-04-01,2018-03-31,-1
2018-10-26,46850,2019-03-31,2,,,,,,,,,,,,,,,,,,,,,,,,,,,,,0.00,,,,,,,false,false,12,2018-04-01,2019-03-31,0
2018-10-26,46850,2019-03-31,2,,,,,,,,,,,,,,,,,,,,,,,,,,,,,200.00,,,,,,,false,true,12,2018-04-01,2019-03-31,0
2018-10-26,46850,2019-03-31,2,,,,,,,,,,,,,,,,,,,,,,,,,,,,,,,,,1271000,2446,1268556,false,false,6,2018-04-01,2018-09-30,0
2018-10-26,46850,2018-03-31,2,,,,,,,,,,,,,,,,,,,,,,,,,,,,,,,,,,,1268826,false,false,6,2017-04-01,2017-09-30,-1
2019-01-31,46850,2019-03-31,3,20603000000,0.009,,,,,1269000000,0.826,1273000000,0.806,,827000000,,652.21,,,,,,17105000000,9462000000,0.502,6769.51,8587000000,,,,,,,,,,,,true,false,9,2018-04-01,2018-12-31,0
2019-01-31,46850,2018-03-31,3,20411000000,-0.091,,,,,695000000,-0.276,705000000,-0.279,,578000000,,455.89,,,,,,,,,,,,,,,,,,,,,,true,false,9,2017-04-01,2017-12-31,-1
2019-01-31,46850,2019-03-31,3,30500000000,0.014,,,,,1800000000,0.096,1800000000,0.090,,1100000000,,867.12,,,,,,,,,,,,,,,,,,,,,,true,true,12,2018-04-01,2019-03-31,0
2019-01-31,46850,2018-03-31,3,,,,,,,,,,,,,,,,,,,,19088000000,8878000000,0.420,6319.08,8016000000,,,,,,,,,,,,true,false,12,2017-04-01,2018-03-31,-1
2019-01-31,46850,2018-03-31,3,,,,,,,,,,,,,,,,,,,,,,,,,,,,,225.00,,,,1271000,2428,,false,false,12,2017-04-01,2018-03-31,-1
2019-01-31,46850,2019-03-31,3,,,,,,,,,,,,,,,,,,,,,,,,,,,,,0.00,,,,,,,false,false,12,2018-04-01,2019-03-31,0
2019-01-31,46850,2019-03-31,3,,,,,,,,,,,,,,,,,,,,,,,,,,,,,200.00,,,,,,,false,true,12,2018-04-01,2019-03-31,0
2019-01-31,46850,2019-03-31,3,,,,,,,,,,,,,,,,,,,,,,,,,,,,,,,,,1271000,2446,1268555,false,false,9,2018-04-01,2018-12-31,0
2019-01-31,46850,2018-03-31,3,,,,,,,,,,,,,,,,,,,,,,,,,,,,,,,,,,,1268759,false,false,9,2017-04-01,2017-12-31,-1
2019-03-28,46850,2019-03-31,,33000000000,0.082,,,,,2200000000,0.222,2200000000,0.222,,1400000000,,1103.62,,,,,,,,,,,,,,,,,,,,,,true,true,12,2018-04-01,2019-03-31,0
2019-03-28,46850,2018-03-31,,30078000000,,,,,,1642000000,,1651000000,,,1188000000,,936.59,,,,,,,,,,,,,,,,,,,,,,true,false,12,2017-04-01,2018-03-31,-1
2019-04-26,46850,2019-03-31,,24417000000,0.139,,,1842000000,0.550,,,1923000000,0.532,1350000000,,0.380,1064.59,,,,,,,,,,,,,,,,,,,,,,false,true,12,2018-04-01,2019-03-31,0
2019-05-10,46850,2019-03-31,,33183000000,0.103,,,,,2301000000,0.401,2305000000,0.396,,1512000000,,1192.26,,0.176,0.115,0.069,,21133000000,10104000000,0.434,7225.42,9165000000,-869000000,1343000000,-322000000,1546000000,,0.210,,,,,,true,false,12,2018-04-01,2019-03-31,0
2019-05-10,46850,2018-03-31,,30078000000,-0.070,,,,,1642000000,-0.070,1651000000,-0.074,,1188000000,,936.59,,0.159,0.090,0.055,,19088000000,8878000000,0.420,6319.08,8016000000,1841000000,-840000000,-277000000,1394000000,,0.240,,,,,,true,false,12,2017-04-01,2018-03-31,-1
2019-05-10,46850,2020-03-31,,31000000000,-0.066,,,,,2000000000,-0.131,2000000000,-0.132,1300000000,,-0.140,1024.79,,,,,,,,,,,,,,,,0.244,,,,,,true,true,12,2019-04-01,2020-03-31,1
2019-05-10,46850,2019-03-31,,24417000000,0.139,,,,,1842000000,0.550,1923000000,0.532,1350000000,,0.380,1064.59,,,,,,15789000000,8165000000,0.517,6436.97,8165000000,,,,,250.00,,,,1271000,2446,1268555,false,false,12,2018-04-01,2019-03-31,0
2019-05-10,46850,2018-03-31,,21440000000,-0.106,,,,,1188000000,-0.172,1255000000,-0.166,978000000,,-0.070,771.44,,,,,,14022000000,7104000000,0.507,5600.68,7104000000,,,,,225.00,,,,1271000,2428,1268714,false,false,12,2017-04-01,2018-03-31,-1
2019-05-10,46850,2020-03-31,,,,,,,,,,,,,,,,,,,,,,,,,,,,,,250.00,,,,,,,false,true,12,2019-04-01,2020-03-31,1
2019-07-26,46850,2020-03-31,1,7386000000,0.110,,,,,379000000,0.809,381000000,0.808,,244000000,,192.54,,,,,,16750000000,10017000000,0.544,7178.98,9106000000,,,,,,,,,,,,true,false,3,2019-04-01,2019-06-30,0
2019-07-26,46850,2019-03-31,1,6653000000,-0.054,,,,,209000000,6.952,211000000,6.659,,110000000,,86.85,,,,,,,,,,,,,,,,,,,,,,true,false,3,2018-04-01,2018-06-30,-1
2019-07-26,46850,2020-03-31,1,31000000000,-0.066,,,,,2000000000,-0.131,2000000000,-0.132,,1300000000,,1024.79,,,,,,,,,,,,,,,,,,,,,,true,true,12,2019-04-01,2020-03-31,0
2019-07-26,46850,2019-03-31,1,,,,,,,,,,,,,,,,,,,,21133000000,10104000000,0.434,7225.42,9165000000,,,,,,,,,,,,true,false,12,2018-04-01,2019-03-31,-1
2019-07-26,46850,2019-03-31,1,,,,,,,,,,,,,,,,,,,,,,,,,,,,,250.00,,,,1271000,2446,,false,false,12,2018-04-01,2019-03-31,-1
2019-07-26,46850,2020-03-31,1,,,,,,,,,,,,,,,,,,,,,,,,,,,,,250.00,,,,,,,false,true,12,2019-04-01,2020-03-31,0
2019-07-26,46850,2020-03-31,1,,,,,,,,,,,,,,,,,,,,,,,,,,,,,,,,,1271000,2446,1268554,false,false,3,2019-04-01,2019-06-30,0
2019-07-26,46850,2019-03-31,1,,,,,,,,,,,,,,,,,,,,,,,,,,,,,,,,,,,1268558,false,false,3,2018-04-01,2018-06-30,-1
2019-10-25,46850,2020-03-31,2,15132000000,0.113,,,,,960000000,0.317,970000000,0.326,,643000000,,507.40,,,,,,17167000000,10445000000,0.555,7505.16,9520000000,,,,,,,,,,,,true,false,6,2019-04-01,2019-09-30,0
2019-10-25,46850,2019-03-31,2,13601000000,0.002,,,,,729000000,1.339,732000000,1.295,,472000000,,372.14,,,,,,,,,,,,,,,,,,,,,,true,false,6,2018-04-01,2018-09-30,-1
2019-10-25,46850,2020-03-31,2,31000000000,-0.066,,,,,2000000000,-0.131,2000000000,-0.132,,1300000000,,1024.79,,,,,,,,,,,,,,,,,,,,,,true,true,12,2019-04-01,2020-03-31,0
2019-10-25,46850,2019-03-31,2,,,,,,,,,,,,,,,,,,,,21133000000,10104000000,0.434,7225.42,9165000000,,,,,,,,,,,,true,false,12,2018-04-01,2019-03-31,-1
2019-10-25,46850,2019-03-31,2,,,,,,,,,,,,,,,,,,,,,,,,,,,,,250.00,,,,1271000,2446,,false,false,12,2018-04-01,2019-03-31,-1
2019-10-25,46850,2020-03-31,2,,,,,,,,,,,,,,,,,,,,,,,,,,,,,0.00,,,,,,,false,false,12,2019-04-01,2020-03-31,0
2019-10-25,46850,2020-03-31,2,,,,,,,,,,,,,,,,,,,,,,,,,,,,,250.00,,,,,,,false,true,12,2019-04-01,2020-03-31,0
2019-10-25,46850,2020-03-31,2,,,,,,,,,,,,,,,,,,,,,,,,,,,,,,,,,1271000,2446,1268554,false,false,6,2019-04-01,2019-09-30,0
2019-10-25,46850,2019-03-31,2,,,,,,,,,,,,,,,,,,,,,,,,,,,,,,,,,,,1268556,false,false,6,2018-04-01,2018-09-30,-1
2020-01-31,46850,2020-03-31,3,23270000000,0.129,,,,,1751000000,0.379,1764000000,0.386,,1191000000,,939.43,,,,,,17032000000,11019000000,0.592,7950.05,10085000000,,,,,,,,,,,,true,false,9,2019-04-01,2019-12-31,0
2020-01-31,46850,2019-03-31,3,20603000000,0.009,,,,,1269000000,0.826,1273000000,0.806,,827000000,,652.21,,,,,,,,,,,,,,,,,,,,,,true,false,9,2018-04-01,2018-12-31,-1
2020-01-31,46850,2020-03-31,3,32500000000,-0.021,,,,,2400000000,0.043,2400000000,0.041,,1550000000,,1221.86,,,,,,,,,,,,,,,,,,,,,,true,true,12,2019-04-01,2020-03-31,0
2020-01-31,46850,2019-03-31,3,,,,,,,,,,,,,,,,,,,,21133000000,10104000000,0.434,7225.42,9165000000,,,,,,,,,,,,true,false,12,2018-04-01,2019-03-31,-1
2020-01-31,46850,2019-03-31,3,,,,,,,,,,,,,,,,,,,,,,,,,,,,,250.00,,,,1271000,2446,,false,false,12,2018-04-01,2019-03-31,-1
2020-01-31,46850,2020-03-31,3,,,,,,,,,,,,,,,,,,,,,,,,,,,,,0.00,,,,,,,false,false,12,2019-04-01,2020-03-31,0
2020-01-31,46850,2020-03-31,3,,,,,,,,,,,,,,,,,,,,,,,,,,,,,275.00,,,,,,,false,true,12,2019-04-01,2020-03-31,0
2020-01-31,46850,2020-03-31,3,,,,,,,,,,,,,,,,,,,,,,,,,,,,,,,,,1271000,2446,1268554,false,false,9,2019-04-01,2019-12-31,0
2020-01-31,46850,2019-03-31,3,,,,,,,,,,,,,,,,,,,,,,,,,,,,,,,,,,,1268555,false,false,9,2018-04-01,2018-12-31,-1
2020-05-11,46850,2020-03-31,,33119000000,-0.002,,,,,2582000000,0.122,2595000000,0.126,,1680000000,,1324.85,,0.172,0.128,0.078,,19327000000,11362000000,0.536,8166.95,10360000000,1531000000,-156000000,-356000000,2565000000,,0.208,,,,,,true,false,12,2019-04-01,2020-03-31,0
2020-05-11,46850,2019-03-31,,33183000000,0.103,,,,,2301000000,0.401,2305000000,0.396,,1512000000,,1192.26,,0.176,0.115,0.069,,21133000000,10104000000,0.434,7225.42,9165000000,-869000000,1343000000,-322000000,1546000000,,0.210,,,,,,true,false,12,2018-04-01,2019-03-31,-1
2020-05-11,46850,2021-03-31,,30000000000,-0.094,,,,,2100000000,-0.187,2100000000,-0.191,1300000000,,-0.226,1024.80,,,,,,,,,,,,,,,,0.268,,,,,,true,true,12,2020-04-01,2021-03-31,1
2020-05-11,46850,2020-03-31,,24009000000,-0.017,,,,,2113000000,0.147,2196000000,0.142,1535000000,,0.137,1210.30,,,,,,13682000000,9374000000,0.685,7389.69,9374000000,,,,,275.00,,,,1271000,2457,1268553,false,false,12,2019-04-01,2020-03-31,0
2020-05-11,46850,2019-03-31,,24417000000,0.139,,,,,1842000000,0.550,1923000000,0.532,1350000000,,0.380,1064.59,,,,,,15789000000,8165000000,0.517,6436.97,8165000000,,,,,250.00,,,,1271000,2446,1268555,false,false,12,2018-04-01,2019-03-31,-1
2020-05-11,46850,2021-03-31,,,,,,,,,,,,,,,,,,,,,,,,,,,,,,275.00,,,,,,,false,true,12,2020-04-01,2021-03-31,1
2020-07-31,46850,2021-03-31,1,7080000000,-0.041,,,,,259000000,-0.316,260000000,-0.319,,165000000,,130.25,,,,,,17213000000,11168000000,0.592,8036.49,10194000000,,,,,,,,,,,,true,false,3,2020-04-01,2020-06-30,0
2020-07-31,46850,2020-03-31,1,7386000000,0.110,,,,,379000000,0.809,381000000,0.808,,244000000,,192.54,,,,,,,,,,,,,,,,,,,,,,true,false,3,2019-04-01,2019-06-30,-1
2020-07-31,46850,2021-03-31,1,30000000000,-0.094,,,,,2100000000,-0.187,2100000000,-0.191,,1300000000,,1024.80,,,,,,,,,,,,,,,,,,,,,,true,true,12,2020-04-01,2021-03-31,0
2020-07-31,46850,2020-03-31,1,,,,,,,,,,,,,,,,,,,,19327000000,11362000000,0.536,8166.95,10360000000,,,,,,,,,,,,true,false,12,2019-04-01,2020-03-31,-1
2020-07-31,46850,2020-03-31,1,,,,,,,,,,,,,,,,,,,,,,,,,,,,,275.00,,,,1271000,2457,,false,false,12,2019-04-01,2020-03-31,-1
2020-07-31,46850,2021-03-31,1,,,,,,,,,,,,,,,,,,,,,,,,,,,,,275.00,,,,,,,false,true,12,2020-04-01,2021-03-31,0
2020-07-31,46850,2021-03-31,1,,,,,,,,,,,,,,,,,,,,,,,,,,,,,,,,,1271000,2457,1268543,false,false,3,2020-04-01,2020-06-30,0
2020-07-31,46850,2020-03-31,1,,,,,,,,,,,,,,,,,,,,,,,,,,,,,,,,,,,1268554,false,false,3,2019-04-01,2019-06-30,-1
2020-10-30,46850,2021-03-31,2,14032000000,-0.073,,,,,652000000,-0.320,655000000,-0.325,,431000000,,340.28,,,,,,17866000000,11461000000,0.586,8259.91,10478000000,,,,,,,,,,,,true,false,6,2020-04-01,2020-09-30,0
2020-10-30,46850,2020-03-31,2,15132000000,0.113,,,,,960000000,0.317,970000000,0.326,,643000000,,507.40,,,,,,,,,,,,,,,,,,,,,,true,false,6,2019-04-01,2019-09-30,-1
2020-10-30,46850,2021-03-31,2,30000000000,-0.094,,,,,2100000000,-0.187,2100000000,-0.191,,1300000000,,1024.80,,,,,,,,,,,,,,,,,,,,,,true,true,12,2020-04-01,2021-03-31,0
2020-10-30,46850,2020-03-31,2,,,,,,,,,,,,,,,,,,,,19327000000,11362000000,0.536,8166.95,10360000000,,,,,,,,,,,,true,false,12,2019-04-01,2020-03-31,-1
2020-10-30,46850,2020-03-31,2,,,,,,,,,,,,,,,,,,,,,,,,,,,,,275.00,,,,1271000,2457,,false,false,12,2019-04-01,2020-03-31,-1
2020-10-30,46850,2021-03-31,2,,,,,,,,,,,,,,,,,,,,,,,,,,,,,0.00,,,,,,,false,false,12,2020-04-01,2021-03-31,0
2020-10-30,46850,2021-03-31,2,,,,,,,,,,,,,,,,,,,,,,,,,,,,,275.00,,,,,,,false,true,12,2020-04-01,2021-03-31,0
2020-10-30,46850,2021-03-31,2,,,,,,,,,,,,,,,,,,,,,,,,,,,,,,,,,1271000,2457,1268543,false,false,6,2020-04-01,2020-09-30,0
2020-10-30,46850,2020-03-31,2,,,,,,,,,,,,,,,,,,,,,,,,,,,,,,,,,,,1268554,false,false,6,2019-04-01,2019-09-30,-1
,46850,2021-03-31,,,,,,,,,,,,,,,,,,,,,,,,,,,,,,55.00,,,,,,,false,true,12,2020-04-01,2021-03-31,0
,46850,2021-03-31,,,,,,,,,,,,,,,,,,,,,,,,,,,,,,0.00,,,,,,,false,false,12,2020-04-01,2021-03-31,0
,46850,2020-03-31,,,,,,,,,,,,,,,,,,,,,,,,,,,,,,275.00,,,,,,,false,false,12,2019-04-01,2020-03-31,-1
2021-01-29,46850,2021-03-31,3,21654000000,-0.069,,,,,1316000000,-0.248,1327000000,-0.248,,798000000,,125.85,,,,,,18214000000,11943000000,0.600,1723.54,10931000000,,,,,,,,,,,,true,false,9,2020-04-01,2020-12-31,0
2021-01-29,46850,2020-03-31,3,23270000000,0.129,,,,,1751000000,0.379,1764000000,0.386,,1191000000,,187.89,,,,,,,,,,,,,,,,,,,,,,true,false,9,2019-04-01,2019-12-31,-1
2021-01-29,46850,2021-03-31,3,30000000000,-0.094,,,,,2100000000,-0.187,2100000000,-0.191,,1300000000,,204.96,,,,,,,,,,,,,,,,,,,,,,true,true,12,2020-04-01,2021-03-31,0
2021-01-29,46850,2020-03-31,3,,,,,,,,,,,,,,,,,,,,19327000000,11362000000,0.536,1633.39,10360000000,,,,,,,,,,,,true,false,12,2019-04-01,2020-03-31,-1
2021-01-29,46850,2020-03-31,3,,,,,,,,,,,,,,,,,,,,,,,,,,,,,275.00,,,,6355000,12285,,false,false,12,2019-04-01,2020-03-31,-1
2021-01-29,46850,2021-03-31,3,,,,,,,,,,,,,,,,,,,,,,,,,,,,,0.00,,,,,,,false,false,12,2020-04-01,2021-03-31,0
2021-01-29,46850,2021-03-31,3,,,,,,,,,,,,,,,,,,,,,,,,,,,,,55.00,,,,,,,false,true,12,2020-04-01,2021-03-31,0
2021-01-29,46850,2021-03-31,3,,,,,,,,,,,,,,,,,,,,,,,,,,,,,,,,,6355000,12285,6342715,false,false,9,2020-04-01,2020-12-31,0
2021-01-29,46850,2020-03-31,3,,,,,,,,,,,,,,,,,,,,,,,,,,,,,,,,,,,6342770,false,false,9,2019-04-01,2019-12-31,-1
2021-05-11,46850,2021-03-31,,31557000000,-0.047,,,,,2287000000,-0.114,2307000000,-0.111,,1420000000,,223.96,,0.127,0.117,0.073,,20050000000,13036000000,0.597,1886.75,11967000000,806000000,-1223000000,-381000000,1767000000,,0.268,,,,,,true,false,12,2020-04-01,2021-03-31,0
2021-05-11,46850,2020-03-31,,33119000000,-0.002,,,,,2582000000,0.122,2595000000,0.126,,1680000000,,264.97,,0.172,0.128,0.078,,19327000000,11362000000,0.536,1633.39,10360000000,1531000000,-156000000,-356000000,2565000000,,0.208,,,,,,true,false,12,2019-04-01,2020-03-31,-1
2021-05-11,46850,2022-03-31,,31000000000,-0.018,,,,,2300000000,0.005,2300000000,-0.003,,1450000000,,228.61,,,,,,,,,,,,,,,,0.262,,,,,,true,true,12,2021-04-01,2022-03-31,1
2021-05-11,46850,2021-03-31,,22827000000,-0.049,,,,,1849000000,-0.125,1926000000,-0.123,1270000000,,-0.172,200.33,,,,,,14069000000,10370000000,0.737,1635.05,10370000000,,,,,60.00,,,,6355000,12285,6342715,false,false,12,2020-04-01,2021-03-31,0
2021-05-11,46850,2020-03-31,,24009000000,-0.017,,,,,2113000000,0.147,2196000000,0.142,1535000000,,0.137,242.06,,,,,,13682000000,9374000000,0.685,1477.94,9374000000,,,,,275.00,,,,6355000,12285,6342767,false,false,12,2019-04-01,2020-03-31,-1
2021-05-11,46850,2022-03-31,,,,,,,,,,,,,,,,,,,,,,,,,,,,,,60.00,,,,,,,false,true,12,2021-04-01,2022-03-31,1
2021-07-30,46850,2022-03-31,1,7114000000,0.005,,,,,404000000,0.560,419000000,0.614,,266000000,,41.94,,,,,,18850000000,12928000000,0.630,1872.11,11874000000,,,,,,,,,,,,true,false,3,2021-04-01,2021-06-30,0
2021-07-30,46850,2021-03-31,1,7080000000,-0.041,,,,,259000000,-0.316,260000000,-0.319,,165000000,,26.05,,,,,,,,,,,,,,,,,,,,,,true,false,3,2020-04-01,2020-06-30,-1
2021-07-30,46850,2022-03-31,1,31000000000,-0.018,,,,,2300000000,0.005,2300000000,-0.003,,1450000000,,228.61,,,,,,,,,,,,,,,,,,,,,,true,true,12,2021-04-01,2022-03-31,0
2021-07-30,46850,2021-03-31,1,,,,,,,,,,,,,,,,,,,,20050000000,13036000000,0.597,1886.75,11967000000,,,,,,,,,,,,true,false,12,2020-04-01,2021-03-31,-1
2021-07-30,46850,2021-03-31,1,,,,,,,,,,,,,,,,,,,,,,,,,,,,,60.00,,,,6355000,12285,,false,false,12,2020-04-01,2021-03-31,-1
2021-07-30,46850,2022-03-31,1,,,,,,,,,,,,,,,,,,,,,,,,,,,,,60.00,,,,,,,false,true,12,2021-04-01,2022-03-31,0
2021-07-30,46850,2022-03-31,1,,,,,,,,,,,,,,,,,,,,,,,,,,,,,,,,,6355000,12285,6342715,false,false,3,2021-04-01,2021-06-30,0
2021-07-30,46850,2021-03-31,1,,,,,,,,,,,,,,,,,,,,,,,,,,,,,,,,,,,6342715,false,false,3,2020-04-01,2020-06-30,-1
2021-10-29,46850,2022-03-31,2,13943000000,-0.006,,,,,816000000,0.251,891000000,0.360,,595000000,,93.96,,,,,,19501000000,13266000000,0.626,1925.40,12212000000,,,,,,,,,,,,true,false,6,2021-04-01,2021-09-30,0
2021-10-29,46850,2021-03-31,2,14032000000,-0.073,,,,,652000000,-0.320,655000000,-0.325,,431000000,,68.06,,,,,,,,,,,,,,,,,,,,,,true,false,6,2020-04-01,2020-09-30,-1
2021-10-29,46850,2022-03-31,2,31000000000,-0.018,,,,,2300000000,0.005,2300000000,-0.003,,1450000000,,228.61,,,,,,,,,,,,,,,,,,,,,,true,true,12,2021-04-01,2022-03-31,0
2021-10-29,46850,2021-03-31,2,,,,,,,,,,,,,,,,,,,,20050000000,13036000000,0.597,1886.75,11967000000,,,,,,,,,,,,true,false,12,2020-04-01,2021-03-31,-1
2021-10-29,46850,2021-03-31,2,,,,,,,,,,,,,,,,,,,,,,,,,,,,,60.00,,,,6355000,12285,,false,false,12,2020-04-01,2021-03-31,-1
2021-10-29,46850,2022-03-31,2,,,,,,,,,,,,,,,,,,,,,,,,,,,,,0.00,,,,,,,false,false,12,2021-04-01,2022-03-31,0
2021-10-29,46850,2022-03-31,2,,,,,,,,,,,,,,,,,,,,,,,,,,,,,60.00,,,,,,,false,true,12,2021-04-01,2022-03-31,0
2021-10-29,46850,2022-03-31,2,,,,,,,,,,,,,,,,,,,,,,,,,,,,,,,,,6355000,12308,6342710,false,false,6,2021-04-01,2021-09-30,0
2021-10-29,46850,2021-03-31,2,,,,,,,,,,,,,,,,,,,,,,,,,,,,,,,,,,,6342715,false,false,6,2020-04-01,2020-09-30,-1
2022-01-28,46850,2022-03-31,3,21110000000,-0.025,,,,,1440000000,0.094,1548000000,0.166,,1029000000,,162.34,,,,,,19516000000,13728000000,0.648,1994.62,12651000000,,,,,,,,,,,,true,false,9,2021-04-01,2021-12-31,0
2022-01-28,46850,2021-03-31,3,21654000000,-0.069,,,,,1316000000,-0.248,1327000000,-0.248,,798000000,,125.85,,,,,,,,,,,,,,,,,,,,,,true,false,9,2020-04-01,2020-12-31,-1
2022-01-28,46850,2022-03-31,3,31000000000,-0.018,,,,,2300000000,0.005,2300000000,-0.003,,1450000000,,228.61,,,,,,,,,,,,,,,,,,,,,,true,true,12,2021-04-01,2022-03-31,0
2022-01-28,46850,2021-03-31,3,,,,,,,,,,,,,,,,,,,,20050000000,13036000000,0.597,1886.75,11967000000,,,,,,,,,,,,true,false,12,2020-04-01,2021-03-31,-1
2022-01-28,46850,2021-03-31,3,,,,,,,,,,,,,,,,,,,,,,,,,,,,,60.00,,,,6355000,12285,,false,false,12,2020-04-01,2021-03-31,-1
2022-01-28,46850,2022-03-31,3,,,,,,,,,,,,,,,,,,,,,,,,,,,,,0.00,,,,,,,false,false,12,2021-04-01,2022-03-31,0
2022-01-28,46850,2022-03-31,3,,,,,,,,,,,,,,,,,,,,,,,,,,,,,60.00,,,,,,,false,true,12,2021-04-01,2022-03-31,0
2022-01-28,46850,2022-03-31,3,,,,,,,,,,,,,,,,,,,,,,,,,,,,,,,,,6355000,12308,6342704,false,false,9,2021-04-01,2021-12-31,0
2022-01-28,46850,2021-03-31,3,,,,,,,,,,,,,,,,,,,,,,,,,,,,,,,,,,,6342715,false,false,9,2020-04-01,2020-12-31,-1
2022-05-10,46850,2022-03-31,,30260000000,-0.041,,,,,2333000000,0.020,2467000000,0.069,,1580000000,,249.18,,0.125,0.118,0.077,,21932000000,14379000000,0.603,2084.41,13220000000,2447000000,-2321000000,-420000000,1472000000,,0.301,,,,,,true,false,12,2021-04-01,2022-03-31,0
2022-05-10,46850,2021-03-31,,31557000000,-0.047,,,,,2287000000,-0.114,2307000000,-0.111,,1420000000,,223.96,,0.127,0.117,0.073,,20050000000,13036000000,0.597,1886.75,11967000000,806000000,-1223000000,-381000000,1767000000,,0.268,,,,,,true,false,12,2020-04-01,2021-03-31,-1
2022-05-10,46850,2023-03-31,,31500000000,0.041,,,,,2500000000,0.071,2500000000,0.013,,1600000000,,252.26,,,,,,,,,,,,,,,,0.297,,,,,,true,true,12,2022-04-01,2023-03-31,1
2022-05-10,46850,2022-03-31,,21523000000,-0.057,,,,,1815000000,-0.018,2011000000,0.044,1399000000,,0.102,220.71,,,,,,15645000000,11408000000,0.729,1798.61,11408000000,,,,,75.00,,,,6355000,12308,6342701,false,false,12,2021-04-01,2022-03-31,0
2022-05-10,46850,2021-03-31,,22827000000,-0.049,,,,,1849000000,-0.125,1926000000,-0.123,1270000000,,-0.172,200.33,,,,,,14069000000,10370000000,0.737,1635.05,10370000000,,,,,60.00,,,,6355000,12285,6342715,false,false,12,2020-04-01,2021-03-31,-1
2022-05-10,46850,2023-03-31,,,,,,,,,,,,,,,,,,,,,,,,,,,,,,75.00,,,,,,,false,true,12,2022-04-01,2023-03-31,1
2022-07-28,46850,2023-03-31,1,7683000000,0.080,,,,,407000000,0.008,422000000,0.006,,270000000,,42.58,,,,,,20283000000,14156000000,0.642,2053.37,13023000000,,,,,,,,,,,,true,false,3,2022-04-01,2022-06-30,0
2022-07-28,46850,2022-03-31,1,7114000000,0.005,,,,,404000000,0.560,419000000,0.614,,266000000,,41.94,,,,,,,,,,,,,,,,,,,,,,true,false,3,2021-04-01,2021-06-30,-1
2022-07-28,46850,2023-03-31,1,31500000000,0.041,,,,,2500000000,0.071,2500000000,0.013,,1600000000,,252.26,,,,,,,,,,,,,,,,,,,,,,true,true,12,2022-04-01,2023-03-31,0
2022-07-28,46850,2022-03-31,1,,,,,,,,,,,,,,,,,,,,21932000000,14379000000,0.603,2084.41,13220000000,,,,,,,,,,,,true,false,12,2021-04-01,2022-03-31,-1
2022-07-28,46850,2022-03-31,1,,,,,,,,,,,,,,,,,,,,,,,,,,,,,75.00,,,,6355000,12308,,false,false,12,2021-04-01,2022-03-31,-1
2022-07-28,46850,2023-03-31,1,,,,,,,,,,,,,,,,,,,,,,,,,,,,,75.00,,,,,,,false,true,12,2022-04-01,2023-03-31,0
2022-07-28,46850,2023-03-31,1,,,,,,,,,,,,,,,,,,,,,,,,,,,,,,,,,6355000,12308,6342692,false,false,3,2022-04-01,2022-06-30,0
2022-07-28,46850,2022-03-31,1,,,,,,,,,,,,,,,,,,,,,,,,,,,,,,,,,,,6342715,false,false,3,2021-04-01,2021-06-30,-1
2022-10-27,46850,2023-03-31,2,14825000000,0.063,,,,,868000000,0.063,898000000,0.008,,575000000,,90.62,,,,,,20838000000,14518000000,0.641,2101.87,13359000000,,,,,,,,,,,,true,false,6,2022-04-01,2022-09-30,0
2022-10-27,46850,2022-03-31,2,13943000000,-0.006,,,,,816000000,0.251,891000000,0.360,,595000000,,93.96,,,,,,,,,,,,,,,,,,,,,,true,false,6,2021-04-01,2021-09-30,-1
2022-10-27,46850,2023-03-31,2,31500000000,0.041,,,,,2500000000,0.071,2500000000,0.013,,1600000000,,252.26,,,,,,,,,,,,,,,,,,,,,,true,true,12,2022-04-01,2023-03-31,0
2022-10-27,46850,2022-03-31,2,,,,,,,,,,,,,,,,,,,,21932000000,14379000000,0.603,2084.41,13220000000,,,,,,,,,,,,true,false,12,2021-04-01,2022-03-31,-1
2022-10-27,46850,2022-03-31,2,,,,,,,,,,,,,,,,,,,,,,,,,,,,,75.00,,,,6355000,12308,,false,false,12,2021-04-01,2022-03-31,-1
2022-10-27,46850,2023-03-31,2,,,,,,,,,,,,,,,,,,,,,,,,,,,,,0.00,,,,,,,false,false,12,2022-04-01,2023-03-31,0
2022-10-27,46850,2023-03-31,2,,,,,,,,,,,,,,,,,,,,,,,,,,,,,75.00,,,,,,,false,true,12,2022-04-01,2023-03-31,0
2022-10-27,46850,2023-03-31,2,,,,,,,,,,,,,,,,,,,,,,,,,,,,,,,,,6368506,12335,6347926,false,false,6,2022-04-01,2022-09-30,0
2022-10-27,46850,2022-03-31,2,,,,,,,,,,,,,,,,,,,,,,,,,,,,,,,,,,,6342710,false,false,6,2021-04-01,2021-09-30,-1
2023-01-31,46850,2023-03-31,3,22333000000,0.058,,,,,1577000000,0.095,1614000000,0.042,,1044000000,,164.46,,,,,,20338000000,15030000000,0.681,2177.88,13842000000,,,,,,,,,,,,true,false,9,2022-04-01,2022-12-31,0
2023-01-31,46850,2022-03-31,3,21110000000,-0.025,,,,,1440000000,0.094,1548000000,0.166,,1029000000,,162.34,,,,,,,,,,,,,,,,,,,,,,true,false,9,2021-04-01,2021-12-31,-1
2023-01-31,46850,2023-03-31,3,31500000000,0.041,,,,,2500000000,0.071,2500000000,0.013,,1600000000,,252.26,,,,,,,,,,,,,,,,,,,,,,true,true,12,2022-04-01,2023-03-31,0
2023-01-31,46850,2022-03-31,3,,,,,,,,,,,,,,,,,,,,21932000000,14379000000,0.603,2084.41,13220000000,,,,,,,,,,,,true,false,12,2021-04-01,2022-03-31,-1
2023-01-31,46850,2022-03-31,3,,,,,,,,,,,,,,,,,,,,,,,,,,,,,75.00,,,,6355000,12308,,false,false,12,2021-04-01,2022-03-31,-1
2023-01-31,46850,2023-03-31,3,,,,,,,,,,,,,,,,,,,,,,,,,,,,,0.00,,,,,,,false,false,12,2022-04-01,2023-03-31,0
2023-01-31,46850,2023-03-31,3,,,,,,,,,,,,,,,,,,,,,,,,,,,,,75.00,,,,,,,false,true,12,2022-04-01,2023-03-31,0
2023-01-31,46850,2023-03-31,3,,,,,,,,,,,,,,,,,,,,,,,,,,,,,,,,,6368506,12335,6350684,false,false,9,2022-04-01,2022-12-31,0
2023-01-31,46850,2022-03-31,3,,,,,,,,,,,,,,,,,,,,,,,,,,,,,,,,,,,6342704,false,false,9,2021-04-01,2021-12-31,-1
2023-03-30,46850,2023-03-31,,33200000000,0.054,,,,,2600000000,0.040,2600000000,0.040,,1800000000,,283.37,,,,,,,,,,,,,,,,,,,,,,true,true,12,2022-04-01,2023-03-31,0
2023-03-30,46850,2022-03-31,,30260000000,,,,,,2333000000,,2467000000,,,1580000000,,249.18,,,,,,,,,,,,,,,,,,,,,,true,false,12,2021-04-01,2022-03-31,-1
2023-03-30,46850,2023-03-31,,24500000000,0.138,,,,,2100000000,0.157,2200000000,0.094,1600000000,,0.143,251.89,,,,,,,,,,,,,,,,,,,,,,false,true,12,2022-04-01,2023-03-31,0
2023-05-09,46850,2023-03-31,,33138000000,0.095,,,,,2673000000,0.146,2711000000,0.099,,1834000000,,288.76,,0.132,0.121,0.081,,23016000000,15823000000,0.633,2292.00,14568000000,-430000000,1255000000,-526000000,1770000000,,0.312,,,,,,true,false,12,2022-04-01,2023-03-31,0
2023-05-09,46850,2022-03-31,,30260000000,-0.041,,,,,2333000000,0.020,2467000000,0.069,,1580000000,,249.18,,0.125,0.118,0.077,,21932000000,14379000000,0.603,2084.41,13220000000,2447000000,-2321000000,-420000000,1472000000,,0.301,,,,,,true,false,12,2021-04-01,2022-03-31,-1
2023-05-09,46850,2024-03-31,,33500000000,0.011,,,,,2700000000,0.010,2700000000,-0.004,,1750000000,,275.32,,,,,,,,,,,,,,,,0.327,,,,,,true,true,12,2023-04-01,2024-03-31,1
2023-05-09,46850,2023-03-31,,24455000000,0.136,,,,,2178000000,0.200,2283000000,0.135,1684000000,,0.204,265.25,,,,,,17567000000,12649000000,0.720,1990.11,12649000000,,,,,90.00,,,,6368506,12335,6352037,false,false,12,2022-04-01,2023-03-31,0
2023-05-09,46850,2022-03-31,,21523000000,-0.057,,,,,1815000000,-0.018,2011000000,0.044,1399000000,,0.102,220.71,,,,,,15645000000,11408000000,0.729,1798.61,11408000000,,,,,75.00,,,,6355000,12308,6342701,false,false,12,2021-04-01,2022-03-31,-1
2023-05-09,46850,2024-03-31,,,,,,,,,,,,,,,,,,,,,,,,,,,,,,90.00,,,,,,,false,true,12,2023-04-01,2024-03-31,1
2023-07-27,46850,2024-03-31,1,8355000000,0.087,,,,,485000000,0.190,491000000,0.163,,299000000,,47.05,,,,,,21242000000,15553000000,0.674,2252.54,14317000000,,,,,,,,,,,,true,false,3,2023-04-01,2023-06-30,0
2023-07-27,46850,2023-03-31,1,7683000000,0.080,,,,,407000000,0.008,422000000,0.006,,270000000,,42.58,,,,,,,,,,,,,,,,,,,,,,true,false,3,2022-04-01,2022-06-30,-1
2023-07-27,46850,2024-03-31,1,33500000000,0.011,,,,,2700000000,0.010,2700000000,-0.004,,1750000000,,275.32,,,,,,,,,,,,,,,,,,,,,,true,true,12,2023-04-01,2024-03-31,0
2023-07-27,46850,2023-03-31,1,,,,,,,,,,,,,,,,,,,,23016000000,15823000000,0.633,2292.00,14568000000,,,,,,,,,,,,true,false,12,2022-04-01,2023-03-31,-1
2023-07-27,46850,2023-03-31,1,,,,,,,,,,,,,,,,,,,,,,,,,,,,,90.00,,,,6368506,12335,,false,false,12,2022-04-01,2023-03-31,-1
2023-07-27,46850,2024-03-31,1,,,,,,,,,,,,,,,,,,,,,,,,,,,,,90.00,,,,,,,false,true,12,2023-04-01,2024-03-31,0
2023-07-27,46850,2024-03-31,1,,,,,,,,,,,,,,,,,,,,,,,,,,,,,,,,,6368506,12335,6356171,false,false,3,2023-04-01,2023-06-30,0
2023-07-27,46850,2023-03-31,1,,,,,,,,,,,,,,,,,,,,,,,,,,,,,,,,,,,6342692,false,false,3,2022-04-01,2022-06-30,-1
2023-10-26,46850,2024-03-31,2,16087000000,0.085,,,,,1238000000,0.426,1248000000,0.389,,799000000,,125.74,,,,,,22283000000,16118000000,0.667,2333.95,14855000000,,,,,,,,,,,,true,false,6,2023-04-01,2023-09-30,0
2023-10-26,46850,2023-03-31,2,14825000000,0.063,,,,,868000000,0.063,898000000,0.008,,575000000,,90.62,,,,,,,,,,,,,,,,,,,,,,true,false,6,2022-04-01,2022-09-30,-1
2023-10-26,46850,2024-03-31,2,33500000000,0.011,,,,,2700000000,0.010,2700000000,-0.004,,1750000000,,275.32,,,,,,,,,,,,,,,,,,,,,,true,true,12,2023-04-01,2024-03-31,0
2023-10-26,46850,2023-03-31,2,,,,,,,,,,,,,,,,,,,,23016000000,15823000000,0.633,2292.00,14568000000,,,,,,,,,,,,true,false,12,2022-04-01,2023-03-31,-1
2023-10-26,46850,2023-03-31,2,,,,,,,,,,,,,,,,,,,,,,,,,,,,,90.00,,,,6368506,12335,,false,false,12,2022-04-01,2023-03-31,-1
2023-10-26,46850,2024-03-31,2,,,,,,,,,,,,,,,,,,,,,,,,,,,,,45.00,,,,,,,false,false,12,2023-04-01,2024-03-31,0
2023-10-26,46850,2024-03-31,2,,,,,,,,,,,,,,,,,,,,,,,,,,,,,90.00,,,,,,,false,true,12,2023-04-01,2024-03-31,0
2023-10-26,46850,2024-03-31,2,,,,,,,,,,,,,,,,,,,,,,,,,,,,,,,,,6377518,12335,6359717,false,false,6,2023-04-01,2023-09-30,0
2023-10-26,46850,2023-03-31,2,,,,,,,,,,,,,,,,,,,,,,,,,,,,,,,,,,,6347926,false,false,6,2022-04-01,2022-09-30,-1
2024-01-31,46850,2024-03-31,3,24889000000,0.114,,,,,2381000000,0.510,2396000000,0.484,,1550000000,,243.72,,,,,,22939000000,16636000000,0.668,2408.14,15328000000,,,,,,,,,,,,true,false,9,2023-04-01,2023-12-31,0
2024-01-31,46850,2023-03-31,3,22333000000,0.058,,,,,1577000000,0.095,1614000000,0.042,,1044000000,,164.46,,,,,,,,,,,,,,,,,,,,,,true,false,9,2022-04-01,2022-12-31,-1
2024-01-31,46850,2024-03-31,3,36500000000,0.101,,,,,3500000000,0.309,3500000000,0.291,,2350000000,,369.35,,,,,,,,,,,,,,,,,,,,,,true,true,12,2023-04-01,2024-03-31,0
2024-01-31,46850,2023-03-31,3,,,,,,,,,,,,,,,,,,,,23016000000,15823000000,0.633,2292.00,14568000000,,,,,,,,,,,,true,false,12,2022-04-01,2023-03-31,-1
2024-01-31,46850,2023-03-31,3,,,,,,,,,,,,,,,,,,,,,,,,,,,,,90.00,,,,6368506,12335,,false,false,12,2022-04-01,2023-03-31,-1
2024-01-31,46850,2024-03-31,3,,,,,,,,,,,,,,,,,,,,,,,,,,,,,45.00,,,,,,,false,false,12,2023-04-01,2024-03-31,0
2024-01-31,46850,2024-03-31,3,,,,,,,,,,,,,,,,,,,,,,,,,,,,,115.00,,,,,,,false,true,12,2023-04-01,2024-03-31,0
2024-01-31,46850,2024-03-31,3,,,,,,,,,,,,,,,,,,,,,,,,,,,,,,,,,6377518,12335,6361545,false,false,9,2023-04-01,2023-12-31,0
2024-01-31,46850,2023-03-31,3,,,,,,,,,,,,,,,,,,,,,,,,,,,,,,,,,,,6350684,false,false,9,2022-04-01,2022-12-31,-1
2024-04-26,46850,2024-03-31,,37062000000,0.118,,,,,3581000000,0.339,3596000000,0.326,,2416000000,,379.76,,0.154,0.144,0.097,,26827000000,18160000000,0.624,2631.13,16747000000,4005000000,-2681000000,-899000000,2196000000,,0.316,,,,,,true,false,12,2023-04-01,2024-03-31,0
2024-04-26,46850,2023-03-31,,33138000000,0.095,,,,,2673000000,0.146,2711000000,0.099,,1834000000,,288.76,,0.132,0.121,0.081,,23016000000,15823000000,0.633,2292.00,14568000000,-430000000,1255000000,-526000000,1770000000,,0.312,,,,,,true,false,12,2022-04-01,2023-03-31,-1
2024-04-26,46850,2025-03-31,,39000000000,0.052,,,,,3700000000,0.033,3700000000,0.029,,2550000000,,400.62,,,,,,,,,,,,,,,,0.312,,,,,,true,true,12,2024-04-01,2025-03-31,1
2024-04-26,46850,2024-03-31,,27851000000,0.139,,,,,2977000000,0.367,3055000000,0.338,2201000000,,0.307,346.05,,,,,,20716000000,14063000000,0.679,2209.47,14063000000,,,,,120.00,,,,6377518,12335,6362450,false,false,12,2023-04-01,2024-03-31,0
2024-04-26,46850,2023-03-31,,24455000000,0.136,,,,,2178000000,0.200,2283000000,0.135,1684000000,,0.204,265.25,,,,,,17567000000,12649000000,0.720,1990.11,12649000000,,,,,90.00,,,,6368506,12335,6352037,false,false,12,2022-04-01,2023-03-31,-1
2024-04-26,46850,2025-03-31,,,,,,,,,,,,,,,,,,,,,,,,,,,,,,125.00,,,,,,,false,true,12,2024-04-01,2025-03-31,1
2024-07-31,46850,2025-03-31,1,8425000000,0.008,,,,,672000000,0.385,684000000,0.393,,444000000,,69.80,,,,,,23551000000,18099000000,0.710,2627.31,16723000000,,,,,,,,,,,,true,false,3,2024-04-01,2024-06-30,0
2024-07-31,46850,2024-03-31,1,8355000000,0.087,,,,,485000000,0.190,491000000,0.163,,299000000,,47.05,,,,,,,,,,,,,,,,,,,,,,true,false,3,2023-04-01,2023-06-30,-1
2024-07-31,46850,2025-03-31,1,39000000000,0.052,,,,,3700000000,0.033,3700000000,0.029,,2550000000,,400.62,,,,,,,,,,,,,,,,,,,,,,true,true,12,2024-04-01,2025-03-31,0
2024-07-31,46850,2024-03-31,1,,,,,,,,,,,,,,,,,,,,26827000000,18160000000,0.624,2631.13,16747000000,,,,,,,,,,,,true,false,12,2023-04-01,2024-03-31,-1
2024-07-31,46850,2024-03-31,1,,,,,,,,,,,,,,,,,,,,,,,,,,,,,120.00,,,,6377518,12335,,false,false,12,2023-04-01,2024-03-31,-1
2024-07-31,46850,2025-03-31,1,,,,,,,,,,,,,,,,,,,,,,,,,,,,,125.00,,,,,,,false,true,12,2024-04-01,2025-03-31,0
2024-07-31,46850,2025-03-31,1,,,,,,,,,,,,,,,,,,,,,,,,,,,,,,,,,6377518,12335,6365183,false,false,3,2024-04-01,2024-06-30,0
2024-07-31,46850,2024-03-31,1,,,,,,,,,,,,,,,,,,,,,,,,,,,,,,,,,,,6356171,false,false,3,2023-04-01,2023-06-30,-1
2024-10-31,46850,2025-03-31,2,17452000000,0.085,,,,,1843000000,0.489,1862000000,0.491,,1241000000,,194.98,,,,,,25000000000,18943000000,0.702,2753.68,17550000000,,,,,,,,,,,,true,false,6,2024-04-01,2024-09-30,0
2024-10-31,46850,2024-03-31,2,16087000000,0.085,,,,,1238000000,0.426,1248000000,0.389,,799000000,,125.74,,,,,,,,,,,,,,,,,,,,,,true,false,6,2023-04-01,2023-09-30,-1
2024-10-31,46850,2025-03-31,2,40000000000,0.079,,,,,4000000000,0.117,4000000000,0.112,,2700000000,,423.80,,,,,,,,,,,,,,,,,,,,,,true,true,12,2024-04-01,2025-03-31,0
2024-10-31,46850,2024-03-31,2,,,,,,,,,,,,,,,,,,,,26827000000,18160000000,0.624,2631.13,16747000000,,,,,,,,,,,,true,false,12,2023-04-01,2024-03-31,-1
2024-10-31,46850,2024-03-31,2,,,,,,,,,,,,,,,,,,,,,,,,,,,,,120.00,,,,6377518,12335,,false,false,12,2023-04-01,2024-03-31,-1
2024-10-31,46850,2025-03-31,2,,,,,,,,,,,,,,,,,,,,,,,,,,,,,65.00,,,,,,,false,false,12,2024-04-01,2025-03-31,0
2024-10-31,46850,2025-03-31,2,,,,,,,,,,,,,,,,,,,,,,,,,,,,,135.00,,,,,,,false,true,12,2024-04-01,2025-03-31,0
2024-10-31,46850,2025-03-31,2,,,,,,,,,,,,,,,,,,,,,,,,,,,,,,,,,6385968,12335,6368369,false,false,6,2024-04-01,2024-09-30,0
2024-10-31,46850,2024-03-31,2,,,,,,,,,,,,,,,,,,,,,,,,,,,,,,,,,,,6359717,false,false,6,2023-04-01,2023-09-30,-1
2025-01-31,46850,2025-03-31,3,27480000000,0.104,,,,,3313000000,0.391,3341000000,0.395,,2219000000,,348.41,,,,,,26755000000,19560000000,0.677,2843.90,18125000000,,,,,,,,,,,,true,false,9,2024-04-01,2024-12-31,0
2025-01-31,46850,2024-03-31,3,24889000000,0.114,,,,,2381000000,0.510,2396000000,0.484,,1550000000,,243.72,,,,,,,,,,,,,,,,,,,,,,true,false,9,2023-04-01,2023-12-31,-1
2025-01-31,46850,2025-03-31,3,42500000000,0.147,,,,,4650000000,0.298,4700000000,0.307,,3200000000,,502.28,,,,,,,,,,,,,,,,,,,,,,true,true,12,2024-04-01,2025-03-31,0
2025-01-31,46850,2024-03-31,3,,,,,,,,,,,,,,,,,,,,26827000000,18160000000,0.624,2631.13,16747000000,,,,,,,,,,,,true,false,12,2023-04-01,2024-03-31,-1
2025-01-31,46850,2024-03-31,3,,,,,,,,,,,,,,,,,,,,,,,,,,,,,120.00,,,,6377518,12335,,false,false,12,2023-04-01,2024-03-31,-1
2025-01-31,46850,2025-03-31,3,,,,,,,,,,,,,,,,,,,,,,,,,,,,,65.00,,,,,,,false,false,12,2024-04-01,2025-03-31,0
2025-01-31,46850,2025-03-31,3,,,,,,,,,,,,,,,,,,,,,,,,,,,,,160.00,,,,,,,false,true,12,2024-04-01,2025-03-31,0
2025-01-31,46850,2025-03-31,3,,,,,,,,,,,,,,,,,,,,,,,,,,,,,,,,,6385968,12423,6370119,false,false,9,2024-04-01,2024-12-31,0
2025-01-31,46850,2024-03-31,3,,,,,,,,,,,,,,,,,,,,,,,,,,,,,,,,,,,6361545,false,false,9,2023-04-01,2023-12-31,-1
2025-04-28,4685,2025-03-31,,42763000000,0.154,,,,,4816000000,0.345,4869000000,0.354,,3383000000,,531.12,,0.188,0.171,0.113,,30203000000,20704000000,0.635,3007.06,19165000000,3019000000,-2104000000,-939000000,2170000000,,0.320,,,,,,true,false,12,2024-04-01,2025-03-31,0
2025-04-28,4685,2024-03-31,,37062000000,0.118,,,,,3581000000,0.339,3596000000,0.326,,2416000000,,379.76,,0.154,0.144,0.097,,26827000000,18160000000,0.624,2631.13,16747000000,4088000000,-2764000000,-899000000,2196000000,,0.316,,,,,,true,false,12,2023-04-01,2024-03-31,-1
2025-04-28,4685,2026-03-31,,42500000000,-0.006,,,,,4800000000,-0.004,4900000000,0.006,,3400000000,,533.46,,,,,,,,,,,,,,,,0.319,,,,,,true,true,12,2025-04-01,2026-03-31,1
2025-04-28,4685,2025-03-31,,33285000000,0.195,,,,,4163000000,0.398,4290000000,0.404,3159000000,,0.435,495.96,,,,,,24157000000,16348000000,0.677,2565.03,16348000000,,,,,170.00,,,,6385968,12423,6370963,false,false,12,2024-04-01,2025-03-31,0
2025-04-28,4685,2024-03-31,,27851000000,0.139,,,,,2977000000,0.367,3055000000,0.338,2201000000,,0.307,346.05,,,,,,20716000000,14063000000,0.679,2209.47,14063000000,,,,,120.00,,,,6377518,12335,6362450,false,false,12,2023-04-01,2024-03-31,-1
2025-04-28,4685,2026-03-31,,,,,,,,,,,,,,,,,,,,,,,,,,,,,,170.00,,,,,,,false,true,12,2025-04-01,2026-03-31,1
