filing_date,code,fiscal_year_end,quarterly_period,net_sales,net_sales_change,revenue,revenue_change,operating_revenue,operating_revenue_change,operating_profit,operating_profit_change,ordinary_profit,ordinary_profit_change,net_income,net_income_of_parent,net_income_change,eps,diluted_eps,roe,roa,operating_profit_to_net_sales,operating_profit_to_revenue,total_assets,net_assets,equity_ratio,bps,owner_equity,operating_cash_flow,investing_cash_flow,financing_cash_flow,cash,dividend_per_share,payout_ratio,commemorative_dividend,extra_dividend,number_of_shares,number_of_treqsury_shares,avg_number_of_shares,is_consolidated,is_forecast,duration,period_start,period_end,period_pos
2015-07-31,47090,2016-03-31,1,4746000000,0.054,,,,,188000000,-0.106,191000000,-0.067,,123000000,,17.14,16.98,,,,,9690000000,6728000000,0.691,,6692000000,,,,,,,,,,,,true,false,3,2015-04-01,2015-06-30,0
2015-07-31,47090,2015-03-31,1,4502000000,0.082,,,,,210000000,-0.039,205000000,-0.044,,123000000,,17.27,17.15,,,,,,,,,,,,,,,,,,,,,true,false,3,2014-04-01,2014-06-30,-1
2015-07-31,47090,2016-03-31,1,9460000000,0.040,,,,,250000000,-0.393,240000000,-0.434,,120000000,,16.67,,,,,,,,,,,,,,,,,,,,,,true,true,6,2015-04-01,2015-09-30,0
2015-07-31,47090,2016-03-31,1,20000000000,0.060,,,,,1040000000,0.076,1040000000,0.041,,580000000,,80.55,,,,,,,,,,,,,,,,,,,,,,true,true,12,2015-04-01,2016-03-31,0
2015-07-31,47090,2015-03-31,1,,,,,,,,,,,,,,,,,,,,10303000000,6760000000,0.653,,6724000000,,,,,,,,,,,,true,false,12,2014-04-01,2015-03-31,-1
2015-07-31,47090,2015-03-31,1,,,,,,,,,,,,,,,,,,,,,,,,,,,,,30.00,,,,8029535,832624,,false,false,12,2014-04-01,2015-03-31,-1
2015-07-31,47090,2016-03-31,1,,,,,,,,,,,,,,,,,,,,,,,,,,,,,30.00,,,,,,,false,true,12,2015-04-01,2016-03-31,0
2015-07-31,47090,2016-03-31,1,,,,,,,,,,,,,,,,,,,,,,,,,,,,,,,,,8029535,829190,7198387,false,false,3,2015-04-01,2015-06-30,0
2015-07-31,47090,2015-03-31,1,,,,,,,,,,,,,,,,,,,,,,,,,,,,,,,,,,,7132326,false,false,3,2014-04-01,2014-06-30,-1
2015-10-30,47090,2016-03-31,2,9729000000,0.069,,,,,200000000,-0.513,208000000,-0.508,,96000000,,13.33,13.20,,,,,10339000000,6646000000,0.639,,6609000000,,,,,,,,,,,,true,false,6,2015-04-01,2015-09-30,0
2015-10-30,47090,2015-03-31,2,9098000000,0.074,,,,,412000000,0.163,424000000,0.191,,230000000,,32.32,32.01,,,,,,,,,,,,,,,,,,,,,true,false,6,2014-04-01,2014-09-30,-1
2015-10-30,47090,2016-03-31,2,20000000000,0.060,,,,,1040000000,0.076,1040000000,0.041,,580000000,,80.35,,,,,,,,,,,,,,,,,,,,,,true,true,12,2015-04-01,2016-03-31,0
2015-10-30,47090,2015-03-31,2,,,,,,,,,,,,,,,,,,,,10303000000,6760000000,0.653,,6724000000,,,,,,,,,,,,true,false,12,2014-04-01,2015-03-31,-1
2015-10-30,47090,2015-03-31,2,,,,,,,,,,,,,,,,,,,,,,,,,,,,,30.00,,,,8029535,832624,,false,false,12,2014-04-01,2015-03-31,-1
2015-10-30,47090,2016-03-31,2,,,,,,,,,,,,,,,,,,,,,,,,,,,,,0.00,,,,,,,false,false,12,2015-04-01,2016-03-31,0
2015-10-30,47090,2016-03-31,2,,,,,,,,,,,,,,,,,,,,,,,,,,,,,30.00,,,,,,,false,true,12,2015-04-01,2016-03-31,0
2015-10-30,47090,2016-03-31,2,,,,,,,,,,,,,,,,,,,,,,,,,,,,,,,,,8029535,811394,7205457,false,false,6,2015-04-01,2015-09-30,0
2015-10-30,47090,2015-03-31,2,,,,,,,,,,,,,,,,,,,,,,,,,,,,,,,,,,,7142390,false,false,6,2014-04-01,2014-09-30,-1
2016-01-29,47090,2016-03-31,3,14768000000,0.069,,,,,521000000,-0.266,528000000,-0.288,,288000000,,39.95,39.60,,,,,10195000000,6897000000,0.673,,6859000000,,,,,,,,,,,,true,false,9,2015-04-01,2015-12-31,0
2016-01-29,47090,2015-03-31,3,13818000000,0.062,,,,,710000000,0.280,742000000,0.253,,405000000,,56.73,56.18,,,,,,,,,,,,,,,,,,,,,true,false,9,2014-04-01,2014-12-31,-1
2016-01-29,47090,2016-03-31,3,20000000000,0.060,,,,,1040000000,0.076,1040000000,0.041,,580000000,,80.36,,,,,,,,,,,,,,,,,,,,,,true,true,12,2015-04-01,2016-03-31,0
2016-01-29,47090,2015-03-31,3,,,,,,,,,,,,,,,,,,,,10303000000,6760000000,0.653,,6724000000,,,,,,,,,,,,true,false,12,2014-04-01,2015-03-31,-1
2016-01-29,47090,2015-03-31,3,,,,,,,,,,,,,,,,,,,,,,,,,,,,,30.00,,,,8029535,832624,,false,false,12,2014-04-01,2015-03-31,-1
2016-01-29,47090,2016-03-31,3,,,,,,,,,,,,,,,,,,,,,,,,,,,,,0.00,,,,,,,false,false,12,2015-04-01,2016-03-31,0
2016-01-29,47090,2016-03-31,3,,,,,,,,,,,,,,,,,,,,,,,,,,,,,30.00,,,,,,,false,true,12,2015-04-01,2016-03-31,0
2016-01-29,47090,2016-03-31,3,,,,,,,,,,,,,,,,,,,,,,,,,,,,,,,,,8029535,811577,7209662,false,false,9,2015-04-01,2015-12-31,0
2016-01-29,47090,2015-03-31,3,,,,,,,,,,,,,,,,,,,,,,,,,,,,,,,,,,,7153537,false,false,9,2014-04-01,2014-12-31,-1
2016-04-28,47090,2016-03-31,,20082000000,0.064,,,,,970000000,0.004,964000000,-0.034,,548000000,,76.09,75.45,0.083,0.094,0.048,,10319000000,6509000000,0.627,894.98,6471000000,187000000,-219000000,-231000000,2167000000,,0.460,,,,,,true,false,12,2015-04-01,2016-03-31,0
2016-04-28,47090,2015-03-31,,18868000000,0.073,,,,,966000000,0.313,998000000,0.306,,508000000,,71.05,70.36,0.081,0.100,0.051,,10303000000,6760000000,0.653,934.31,6724000000,506000000,-430000000,-272000000,2485000000,,0.422,,,,,,true,false,12,2014-04-01,2015-03-31,-1
2016-04-28,47090,2017-03-31,,10030000000,0.031,,,,,420000000,1.092,410000000,0.966,,260000000,,35.96,,,,,,,,,,,,,,,,,,,,,,true,true,6,2016-04-01,2016-09-30,1
2016-04-28,47090,2017-03-31,,21400000000,0.066,,,,,1280000000,0.319,1260000000,0.306,,830000000,,114.79,,,,,,,,,,,,,,,,0.305,,,,,,true,true,12,2016-04-01,2017-03-31,1
2016-04-28,47090,2016-03-31,,18716000000,0.212,,,,,925000000,0.313,917000000,0.082,750000000,,0.489,103.98,103.10,,,,,10070000000,6695000000,0.663,923.69,6679000000,,,,,35.00,,,,8029535,798777,7214019,false,false,12,2015-04-01,2016-03-31,0
2016-04-28,47090,2015-03-31,,15442000000,0.074,,,,,704000000,0.250,848000000,0.215,503000000,,0.181,70.35,69.67,,,,,9647000000,6061000000,0.626,839.80,6043000000,,,,,30.00,,,,8029535,832624,7162523,false,false,12,2014-04-01,2015-03-31,-1
2016-04-28,47090,2017-03-31,,,,,,,,,,,,,,,,,,,,,,,,,,,,,,35.00,,,,,,,false,true,12,2016-04-01,2017-03-31,1
2016-07-29,47090,2017-03-31,1,5182000000,0.092,,,,,186000000,-0.009,168000000,-0.123,,247000000,,34.25,33.96,,,,,9893000000,6642000000,0.668,,6606000000,,,,,,,,,,,,true,false,3,2016-04-01,2016-06-30,0
2016-07-29,47090,2016-03-31,1,4746000000,0.054,,,,,188000000,-0.106,191000000,-0.067,,123000000,,17.14,16.98,,,,,,,,,,,,,,,,,,,,,true,false,3,2015-04-01,2015-06-30,-1
2016-07-29,47090,2017-03-31,1,10030000000,0.031,,,,,420000000,1.092,410000000,0.966,,260000000,,35.94,,,,,,,,,,,,,,,,,,,,,,true,true,6,2016-04-01,2016-09-30,0
2016-07-29,47090,2017-03-31,1,21400000000,0.066,,,,,1280000000,0.319,1260000000,0.306,,830000000,,114.72,,,,,,,,,,,,,,,,,,,,,,true,true,12,2016-04-01,2017-03-31,0
2016-07-29,47090,2016-03-31,1,,,,,,,,,,,,,,,,,,,,10319000000,6509000000,0.627,,6471000000,,,,,,,,,,,,true,false,12,2015-04-01,2016-03-31,-1
2016-07-29,47090,2016-03-31,1,,,,,,,,,,,,,,,,,,,,,,,,,,,,,35.00,,,,8029535,798777,,false,false,12,2015-04-01,2016-03-31,-1
2016-07-29,47090,2017-03-31,1,,,,,,,,,,,,,,,,,,,,,,,,,,,,,35.00,,,,,,,false,true,12,2016-04-01,2017-03-31,0
2016-07-29,47090,2017-03-31,1,,,,,,,,,,,,,,,,,,,,,,,,,,,,,,,,,8029535,794367,7232218,false,false,3,2016-04-01,2016-06-30,0
2016-07-29,47090,2016-03-31,1,,,,,,,,,,,,,,,,,,,,,,,,,,,,,,,,,,,7198387,false,false,3,2015-04-01,2015-06-30,-1
2016-10-27,47090,2017-03-31,,10586000000,0.056,,,,,497000000,0.185,486000000,0.187,338000000,,0.303,46.80,,,,,,,,,,,,,,,,,,,,,,true,true,6,2016-04-01,2016-09-30,0
2016-10-27,47090,2016-03-31,,9729000000,,,,,,200000000,,208000000,,96000000,,,13.33,,,,,,,,,,,,,,,,,,,,,,true,false,6,2015-04-01,2015-09-30,-1
2016-10-31,47090,2017-03-31,2,10586000000,0.088,,,,,497000000,1.478,486000000,1.334,,338000000,,46.80,46.42,,,,,9853000000,6792000000,0.685,,6752000000,,,,,,,,,,,,true,false,6,2016-04-01,2016-09-30,0
2016-10-31,47090,2016-03-31,2,9729000000,0.069,,,,,200000000,-0.513,208000000,-0.508,,96000000,,13.33,13.20,,,,,,,,,,,,,,,,,,,,,true,false,6,2015-04-01,2015-09-30,-1
2016-10-31,47090,2017-03-31,2,21400000000,0.066,,,,,1280000000,0.319,1260000000,0.306,,830000000,,76.25,,,,,,,,,,,,,,,,,,,,,,true,true,12,2016-04-01,2017-03-31,0
2016-10-31,47090,2016-03-31,2,,,,,,,,,,,,,,,,,,,,10319000000,6509000000,0.627,,6471000000,,,,,,,,,,,,true,false,12,2015-04-01,2016-03-31,-1
2016-10-31,47090,2016-03-31,2,,,,,,,,,,,,,,,,,,,,,,,,,,,,,35.00,,,,8029535,798777,,false,false,12,2015-04-01,2016-03-31,-1
2016-10-31,47090,2017-03-31,2,,,,,,,,,,,,,,,,,,,,,,,,,,,,,0.00,,,,,,,false,false,12,2016-04-01,2017-03-31,0
2016-10-31,47090,2017-03-31,2,,,,,,,,,,,,,,,,,,,,,,,,,,,,,37.00,,,,,,,false,true,12,2016-04-01,2017-03-31,0
2016-10-31,47090,2017-03-31,2,,,,,,,,,,,,,,,,,,,,,,,,,,,,,,,,,8029535,772966,7240372,false,false,6,2016-04-01,2016-09-30,0
2016-10-31,47090,2016-03-31,2,,,,,,,,,,,,,,,,,,,,,,,,,,,,,,,,,,,7205457,false,false,6,2015-04-01,2015-09-30,-1
2017-01-31,47090,2017-03-31,3,16014000000,0.084,,,,,800000000,0.536,828000000,0.568,,545000000,,50.18,49.69,,,,,10407000000,7190000000,0.687,,7150000000,,,,,,,,,,,,true,false,9,2016-04-01,2016-12-31,0
2017-01-31,47090,2016-03-31,3,14768000000,0.069,,,,,521000000,-0.266,528000000,-0.288,,288000000,,26.63,26.40,,,,,,,,,,,,,,,,,,,,,true,false,9,2015-04-01,2015-12-31,-1
2017-01-31,47090,2017-03-31,3,21400000000,0.066,,,,,1280000000,0.319,1260000000,0.306,,830000000,,76.16,,,,,,,,,,,,,,,,,,,,,,true,true,12,2016-04-01,2017-03-31,0
2017-01-31,47090,2016-03-31,3,,,,,,,,,,,,,,,,,,,,10319000000,6509000000,0.627,,6471000000,,,,,,,,,,,,true,false,12,2015-04-01,2016-03-31,-1
2017-01-31,47090,2016-03-31,3,,,,,,,,,,,,,,,,,,,,,,,,,,,,,35.00,,,,12044302,1198165,,false,false,12,2015-04-01,2016-03-31,-1
2017-01-31,47090,2017-03-31,3,,,,,,,,,,,,,,,,,,,,,,,,,,,,,0.00,,,,,,,false,false,12,2016-04-01,2017-03-31,0
2017-01-31,47090,2017-03-31,3,,,,,,,,,,,,,,,,,,,,,,,,,,,,,37.00,,,,,,,false,true,12,2016-04-01,2017-03-31,0
2017-01-31,47090,2017-03-31,3,,,,,,,,,,,,,,,,,,,,,,,,,,,,,,,,,12044302,1145994,10870485,false,false,9,2016-04-01,2016-12-31,0
2017-01-31,47090,2016-03-31,3,,,,,,,,,,,,,,,,,,,,,,,,,,,,,,,,,,,10814493,false,false,9,2015-04-01,2015-12-31,-1
2017-04-28,47090,2017-03-31,,21554000000,0.073,,,,,1105000000,0.140,1133000000,0.175,,654000000,,60.13,59.51,0.095,0.109,0.051,,10552000000,7321000000,0.690,666.68,7281000000,1185000000,-137000000,-801000000,2391000000,,0.615,,,,,,true,false,12,2016-04-01,2017-03-31,0
2017-04-28,47090,2016-03-31,,20082000000,0.064,,,,,970000000,0.004,964000000,-0.034,,548000000,,50.73,50.30,0.083,0.094,0.048,,10319000000,6509000000,0.627,596.65,6471000000,187000000,-219000000,-231000000,2167000000,,0.460,,,,,,true,false,12,2015-04-01,2016-03-31,-1
2017-04-28,47090,2018-03-31,,10621000000,0.003,,,,,600000000,0.206,600000000,0.233,,400000000,,36.62,,,,,,,,,,,,,,,,,,,,,,true,true,6,2017-04-01,2017-09-30,1
2017-04-28,47090,2018-03-31,,22650000000,0.051,,,,,1470000000,0.329,1450000000,0.280,,980000000,,89.73,,,,,,,,,,,,,,,,0.412,,,,,,true,true,12,2017-04-01,2018-03-31,1
2017-04-28,47090,2017-03-31,,20785000000,0.111,,,,,1161000000,0.256,1171000000,0.276,791000000,,0.055,72.72,71.96,,,,,10545000000,7394000000,0.700,675.80,7380000000,,,,,37.00,,,,12044302,1122461,10881240,false,false,12,2016-04-01,2017-03-31,0
2017-04-28,47090,2016-03-31,,18716000000,0.212,,,,,925000000,0.313,917000000,0.082,750000000,,0.489,69.32,68.74,,,,,10070000000,6695000000,0.663,615.80,6679000000,,,,,35.00,,,,12044302,1198165,10821029,false,false,12,2015-04-01,2016-03-31,-1
2017-04-28,47090,2018-03-31,,,,,,,,,,,,,,,,,,,,,,,,,,,,,,37.00,,,,,,,false,true,12,2017-04-01,2018-03-31,1
2017-07-28,47090,2018-03-31,1,5353000000,0.033,,,,,116000000,-0.376,120000000,-0.282,,35000000,,3.23,3.19,,,,,10184000000,6951000000,0.678,,6909000000,,,,,,,,,,,,true,false,3,2017-04-01,2017-06-30,0
2017-07-28,47090,2017-03-31,1,5182000000,0.092,,,,,186000000,-0.009,168000000,-0.123,,247000000,,22.84,22.64,,,,,,,,,,,,,,,,,,,,,true,false,3,2016-04-01,2016-06-30,-1
2017-07-28,47090,2018-03-31,1,10621000000,0.003,,,,,600000000,0.206,600000000,0.233,,400000000,,36.62,,,,,,,,,,,,,,,,,,,,,,true,true,6,2017-04-01,2017-09-30,0
2017-07-28,47090,2018-03-31,1,22650000000,0.051,,,,,1470000000,0.329,1450000000,0.280,,980000000,,89.72,,,,,,,,,,,,,,,,,,,,,,true,true,12,2017-04-01,2018-03-31,0
2017-07-28,47090,2017-03-31,1,,,,,,,,,,,,,,,,,,,,10552000000,7321000000,0.690,,7281000000,,,,,,,,,,,,true,false,12,2016-04-01,2017-03-31,-1
2017-07-28,47090,2017-03-31,1,,,,,,,,,,,,,,,,,,,,,,,,,,,,,37.00,,,,12044302,1122461,,false,false,12,2016-04-01,2017-03-31,-1
2017-07-28,47090,2018-03-31,1,,,,,,,,,,,,,,,,,,,,,,,,,,,,,37.00,,,,,,,false,true,12,2017-04-01,2018-03-31,0
2017-07-28,47090,2018-03-31,1,,,,,,,,,,,,,,,,,,,,,,,,,,,,,,,,,12044302,1121227,10922154,false,false,3,2017-04-01,2017-06-30,0
2017-07-28,47090,2017-03-31,1,,,,,,,,,,,,,,,,,,,,,,,,,,,,,,,,,,,10848327,false,false,3,2016-04-01,2016-06-30,-1
2017-10-20,47090,2018-03-31,,10749000000,0.012,,,,,295000000,-0.508,309000000,-0.485,104000000,,-0.740,9.52,,,,,,,,,,,,,,,,,,,,,,true,true,6,2017-04-01,2017-09-30,0
2017-10-20,47090,2017-03-31,,10586000000,,,,,,497000000,,486000000,,338000000,,,46.80,,,,,,,,,,,,,,,,,,,,,,true,false,6,2016-04-01,2016-09-30,-1
2017-10-20,47090,2018-03-31,,22650000000,0.000,,,,,1030000000,-0.299,1030000000,-0.290,550000000,,-0.439,50.33,,,,,,,,,,,,,,,,,,,,,,true,true,12,2017-04-01,2018-03-31,0
2017-10-20,47090,2017-03-31,,21554000000,,,,,,1105000000,,1133000000,,654000000,,,60.13,,,,,,,,,,,,,,,,,,,,,,true,false,12,2016-04-01,2017-03-31,-1
2017-10-31,47090,2018-03-31,2,10749000000,0.015,,,,,294000000,-0.407,309000000,-0.365,,104000000,,9.54,9.43,,,,,10650000000,7032000000,0.656,,6986000000,,,,,,,,,,,,true,false,6,2017-04-01,2017-09-30,0
2017-10-31,47090,2017-03-31,2,10586000000,0.088,,,,,497000000,1.478,486000000,1.334,,338000000,,31.20,30.95,,,,,,,,,,,,,,,,,,,,,true,false,6,2016-04-01,2016-09-30,-1
2017-10-31,47090,2018-03-31,2,22650000000,0.051,,,,,1030000000,-0.069,1030000000,-0.091,,550000000,,50.33,,,,,,,,,,,,,,,,,,,,,,true,true,12,2017-04-01,2018-03-31,0
2017-10-31,47090,2017-03-31,2,,,,,,,,,,,,,,,,,,,,10552000000,7321000000,0.690,,7281000000,,,,,,,,,,,,true,false,12,2016-04-01,2017-03-31,-1
2017-10-31,47090,2017-03-31,2,,,,,,,,,,,,,,,,,,,,,,,,,,,,,37.00,,,,12044302,1122461,,false,false,12,2016-04-01,2017-03-31,-1
2017-10-31,47090,2018-03-31,2,,,,,,,,,,,,,,,,,,,,,,,,,,,,,0.00,,,,,,,false,false,12,2017-04-01,2018-03-31,0
2017-10-31,47090,2018-03-31,2,,,,,,,,,,,,,,,,,,,,,,,,,,,,,40.00,,,,,,,false,true,12,2017-04-01,2018-03-31,0
2017-10-31,47090,2018-03-31,2,,,,,,,,,,,,,,,,,,,,,,,,,,,,,,,,,12044302,1096291,10926933,false,false,6,2017-04-01,2017-09-30,0
2017-10-31,47090,2017-03-31,2,,,,,,,,,,,,,,,,,,,,,,,,,,,,,,,,,,,10860558,false,false,6,2016-04-01,2016-09-30,-1
2018-01-31,47090,2018-03-31,3,16323000000,0.019,,,,,739000000,-0.076,763000000,-0.078,,406000000,,37.12,36.69,,,,,12734000000,7413000000,0.579,,7366000000,,,,,,,,,,,,true,false,9,2017-04-01,2017-12-31,0
2018-01-31,47090,2017-03-31,3,16014000000,0.084,,,,,800000000,0.536,828000000,0.568,,545000000,,50.18,49.69,,,,,,,,,,,,,,,,,,,,,true,false,9,2016-04-01,2016-12-31,-1
2018-01-31,47090,2018-03-31,3,22650000000,0.051,,,,,1030000000,-0.069,1030000000,-0.091,,550000000,,50.04,,,,,,,,,,,,,,,,,,,,,,true,true,12,2017-04-01,2018-03-31,0
2018-01-31,47090,2017-03-31,3,,,,,,,,,,,,,,,,,,,,10552000000,7321000000,0.690,,7281000000,,,,,,,,,,,,true,false,12,2016-04-01,2017-03-31,-1
2018-01-31,47090,2017-03-31,3,,,,,,,,,,,,,,,,,,,,,,,,,,,,,37.00,,,,12044302,1122461,,false,false,12,2016-04-01,2017-03-31,-1
2018-01-31,47090,2018-03-31,3,,,,,,,,,,,,,,,,,,,,,,,,,,,,,0.00,,,,,,,false,false,12,2017-04-01,2018-03-31,0
2018-01-31,47090,2018-03-31,3,,,,,,,,,,,,,,,,,,,,,,,,,,,,,40.00,,,,,,,false,true,12,2017-04-01,2018-03-31,0
2018-01-31,47090,2018-03-31,3,,,,,,,,,,,,,,,,,,,,,,,,,,,,,,,,,12044302,1052886,10939738,false,false,9,2017-04-01,2017-12-31,0
2018-01-31,47090,2017-03-31,3,,,,,,,,,,,,,,,,,,,,,,,,,,,,,,,,,,,10870485,false,false,9,2016-04-01,2016-12-31,-1
2018-03-12,47090,2018-03-31,,23100000000,0.020,,,,,1220000000,0.184,1250000000,0.214,610000000,,0.109,55.69,,,,,,,,,,,,,,,,,,,,,,true,true,12,2017-04-01,2018-03-31,0
2018-03-12,47090,2017-03-31,,21554000000,,,,,,1105000000,,1133000000,,654000000,,,60.13,,,,,,,,,,,,,,,,,,,,,,true,false,12,2016-04-01,2017-03-31,-1
2018-04-27,47090,2018-03-31,,23207000000,0.077,,,,,1254000000,0.135,1274000000,0.125,,622000000,,56.84,56.19,0.084,0.104,0.054,,13917000000,7617000000,0.545,689.74,7586000000,1237000000,-2129000000,1464000000,2944000000,,0.704,,,,,,true,false,12,2017-04-01,2018-03-31,0
2018-04-27,47090,2017-03-31,,21554000000,0.073,,,,,1105000000,0.140,1133000000,0.175,,654000000,,60.13,59.51,0.095,0.109,0.051,,10552000000,7321000000,0.690,666.68,7281000000,1185000000,-137000000,-801000000,2391000000,,0.615,,,,,,true,false,12,2016-04-01,2017-03-31,-1
2018-04-27,47090,2019-03-31,,12700000000,0.184,,,,,570000000,0.553,570000000,0.536,,280000000,,25.46,,,,,,,,,,,,,,,,,,,,,,true,true,6,2018-04-01,2018-09-30,1
2018-04-27,47090,2019-03-31,,26300000000,0.133,,,,,1480000000,0.179,1500000000,0.177,,780000000,,70.91,,,,,,,,,,,,,,,,0.564,,,,,,true,true,12,2018-04-01,2019-03-31,1
2018-04-27,47090,2018-03-31,,21537000000,0.036,,,,,1124000000,-0.032,1144000000,-0.023,412000000,,-0.478,37.69,37.26,,,,,13153000000,7510000000,0.570,681.75,7498000000,,,,,40.00,,,,12044302,1044686,10953961,false,false,12,2017-04-01,2018-03-31,0
2018-04-27,47090,2017-03-31,,20785000000,0.111,,,,,1161000000,0.256,1171000000,0.276,791000000,,0.055,72.72,71.96,,,,,10545000000,7394000000,0.700,675.80,7380000000,,,,,37.00,,,,12044302,1122461,10881240,false,false,12,2016-04-01,2017-03-31,-1
2018-04-27,47090,2019-03-31,,,,,,,,,,,,,,,,,,,,,,,,,,,,,,40.00,,,,,,,false,true,12,2018-04-01,2019-03-31,1
2018-07-31,47090,2019-03-31,1,6634000000,0.239,,,,,396000000,2.407,424000000,2.513,,210000000,,19.11,18.91,,,,,13165000000,7476000000,0.566,,7446000000,,,,,,,,,,,,true,false,3,2018-04-01,2018-06-30,0
2018-07-31,47090,2018-03-31,1,5353000000,0.033,,,,,116000000,-0.376,120000000,-0.282,,35000000,,3.23,3.19,,,,,,,,,,,,,,,,,,,,,true,false,3,2017-04-01,2017-06-30,-1
2018-07-31,47090,2019-03-31,1,12700000000,0.184,,,,,570000000,0.553,570000000,0.536,,280000000,,25.46,,,,,,,,,,,,,,,,,,,,,,true,true,6,2018-04-01,2018-09-30,0
2018-07-31,47090,2019-03-31,1,26300000000,0.133,,,,,1480000000,0.179,1500000000,0.177,,780000000,,70.91,,,,,,,,,,,,,,,,,,,,,,true,true,12,2018-04-01,2019-03-31,0
2018-07-31,47090,2018-03-31,1,,,,,,,,,,,,,,,,,,,,13748000000,7617000000,0.552,,7586000000,,,,,,,,,,,,true,false,12,2017-04-01,2018-03-31,-1
2018-07-31,47090,2018-03-31,1,,,,,,,,,,,,,,,,,,,,,,,,,,,,,40.00,,,,12044302,1044686,,false,false,12,2017-04-01,2018-03-31,-1
2018-07-31,47090,2019-03-31,1,,,,,,,,,,,,,,,,,,,,,,,,,,,,,40.00,,,,,,,false,true,12,2018-04-01,2019-03-31,0
2018-07-31,47090,2019-03-31,1,,,,,,,,,,,,,,,,,,,,,,,,,,,,,,,,,12044302,1041708,11001594,false,false,3,2018-04-01,2018-06-30,0
2018-07-31,47090,2018-03-31,1,,,,,,,,,,,,,,,,,,,,,,,,,,,,,,,,,,,10922154,false,false,3,2017-04-01,2017-06-30,-1
2018-10-26,47090,2019-03-31,,13171000000,0.037,,,,,734000000,0.288,786000000,0.379,,450000000,,40.94,,,,,,,,,,,,,,,,,,,,,,true,true,6,2018-04-01,2018-09-30,0
2018-10-26,47090,2018-03-31,,10749000000,,,,,,294000000,,309000000,,,104000000,,9.54,,,,,,,,,,,,,,,,,,,,,,true,false,6,2017-04-01,2017-09-30,-1
2018-10-26,47090,2019-03-31,,26600000000,0.011,,,,,1640000000,0.108,1700000000,0.133,,960000000,,86.93,,,,,,,,,,,,,,,,,,,,,,true,true,12,2018-04-01,2019-03-31,0
2018-10-26,47090,2018-03-31,,23207000000,,,,,,1254000000,,1274000000,,,622000000,,56.84,,,,,,,,,,,,,,,,,,,,,,true,false,12,2017-04-01,2018-03-31,-1
2018-10-31,47090,2019-03-31,2,13171000000,0.225,,,,,734000000,1.492,786000000,1.542,,450000000,,40.94,40.52,,,,,13195000000,7614000000,0.575,,7582000000,,,,,,,,,,,,true,false,6,2018-04-01,2018-09-30,0
2018-10-31,47090,2018-03-31,2,10749000000,0.015,,,,,294000000,-0.407,309000000,-0.365,,104000000,,9.54,9.43,,,,,,,,,,,,,,,,,,,,,true,false,6,2017-04-01,2017-09-30,-1
2018-10-31,47090,2019-03-31,2,26600000000,0.146,,,,,1640000000,0.307,1700000000,0.334,,960000000,,86.93,,,,,,,,,,,,,,,,,,,,,,true,true,12,2018-04-01,2019-03-31,0
2018-10-31,47090,2018-03-31,2,,,,,,,,,,,,,,,,,,,,13748000000,7617000000,0.552,,7586000000,,,,,,,,,,,,true,false,12,2017-04-01,2018-03-31,-1
2018-10-31,47090,2018-03-31,2,,,,,,,,,,,,,,,,,,,,,,,,,,,,,40.00,,,,12044302,1044686,,false,false,12,2017-04-01,2018-03-31,-1
2018-10-31,47090,2019-03-31,2,,,,,,,,,,,,,,,,,,,,,,,,,,,,,0.00,,,,,,,false,false,12,2018-04-01,2019-03-31,0
2018-10-31,47090,2019-03-31,2,,,,,,,,,,,,,,,,,,,,,,,,,,,,,40.00,,,,,,,false,true,12,2018-04-01,2019-03-31,0
2018-10-31,47090,2019-03-31,2,,,,,,,,,,,,,,,,,,,,,,,,,,,,,,,,,12044302,1000525,11014522,false,false,6,2018-04-01,2018-09-30,0
2018-10-31,47090,2018-03-31,2,,,,,,,,,,,,,,,,,,,,,,,,,,,,,,,,,,,10926933,false,false,6,2017-04-01,2017-09-30,-1
2019-01-31,47090,2019-03-31,3,19698000000,0.207,,,,,1287000000,0.741,1336000000,0.750,,790000000,,71.69,70.96,,,,,13059000000,8021000000,0.612,,7988000000,,,,,,,,,,,,true,false,9,2018-04-01,2018-12-31,0
2019-01-31,47090,2018-03-31,3,16323000000,0.019,,,,,739000000,-0.076,763000000,-0.078,,406000000,,37.12,36.69,,,,,,,,,,,,,,,,,,,,,true,false,9,2017-04-01,2017-12-31,-1
2019-01-31,47090,2019-03-31,3,26600000000,0.146,,,,,1640000000,0.307,1700000000,0.334,,960000000,,86.93,,,,,,,,,,,,,,,,,,,,,,true,true,12,2018-04-01,2019-03-31,0
2019-01-31,47090,2018-03-31,3,,,,,,,,,,,,,,,,,,,,13748000000,7617000000,0.552,,7586000000,,,,,,,,,,,,true,false,12,2017-04-01,2018-03-31,-1
2019-01-31,47090,2018-03-31,3,,,,,,,,,,,,,,,,,,,,,,,,,,,,,40.00,,,,12044302,1044686,,false,false,12,2017-04-01,2018-03-31,-1
2019-01-31,47090,2019-03-31,3,,,,,,,,,,,,,,,,,,,,,,,,,,,,,0.00,,,,,,,false,false,12,2018-04-01,2019-03-31,0
2019-01-31,47090,2019-03-31,3,,,,,,,,,,,,,,,,,,,,,,,,,,,,,40.00,,,,,,,false,true,12,2018-04-01,2019-03-31,0
2019-01-31,47090,2019-03-31,3,,,,,,,,,,,,,,,,,,,,,,,,,,,,,,,,,12044302,965875,11029123,false,false,9,2018-04-01,2018-12-31,0
2019-01-31,47090,2018-03-31,3,,,,,,,,,,,,,,,,,,,,,,,,,,,,,,,,,,,10939738,false,false,9,2017-04-01,2017-12-31,-1
2019-05-08,47090,2019-03-31,,26515000000,0.143,,,,,1667000000,0.329,1724000000,0.353,,1028000000,,93.15,92.21,0.129,0.122,0.063,,14600000000,8342000000,0.569,749.58,8307000000,1004000000,-336000000,-126000000,3489000000,,0.429,,,,,,true,false,12,2018-04-01,2019-03-31,0
2019-05-08,47090,2018-03-31,,23207000000,0.077,,,,,1254000000,0.135,1274000000,0.125,,622000000,,56.84,56.19,0.084,0.105,0.054,,13748000000,7617000000,0.552,689.74,7586000000,1237000000,-2129000000,1464000000,2944000000,,0.704,,,,,,true,false,12,2017-04-01,2018-03-31,-1
2019-05-08,47090,2020-03-31,,13250000000,0.006,,,,,740000000,0.007,760000000,-0.033,,470000000,,42.41,,,,,,,,,,,,,,,,,,,,,,true,true,6,2019-04-01,2019-09-30,1
2019-05-08,47090,2020-03-31,,26800000000,0.011,,,,,1670000000,0.002,1710000000,-0.008,,1060000000,,95.64,,,,,,,,,,,,,,,,0.418,,,,,,true,true,12,2019-04-01,2020-03-31,1
2019-05-08,47090,2019-03-31,,22144000000,0.028,,,,,1206000000,0.073,1254000000,0.096,841000000,,1.037,76.17,75.41,,,,,13784000000,8032000000,0.582,723.84,8022000000,,,,,40.00,,,,12044302,961470,11042191,false,false,12,2018-04-01,2019-03-31,0
2019-05-08,47090,2018-03-31,,21537000000,0.036,,,,,1124000000,-0.032,1144000000,-0.023,412000000,,-0.478,37.69,37.26,,,,,12985000000,7510000000,0.578,681.75,7498000000,,,,,40.00,,,,12044302,1044686,10953961,false,false,12,2017-04-01,2018-03-31,-1
2019-05-08,47090,2020-03-31,,,,,,,,,,,,,,,,,,,,,,,,,,,,,,40.00,,,,,,,false,true,12,2019-04-01,2020-03-31,1
,47090,2020-03-31,,,,,,,,,,,,,,,,,,,,,,,,,,,,,,50.00,,,,,,,false,true,12,2019-04-01,2020-03-31,0
,47090,2019-03-31,,,,,,,,,,,,,,,,,,,,,,,,,,,,,,40.00,,,,,,,false,false,12,2018-04-01,2019-03-31,-1
2019-08-08,47090,2020-03-31,1,6562000000,-0.011,,,,,507000000,0.279,514000000,0.213,,324000000,,29.31,29.06,,,,,13649000000,8110000000,0.592,,8075000000,,,,,,,,,,,,true,false,3,2019-04-01,2019-06-30,0
2019-08-08,47090,2019-03-31,1,6634000000,0.239,,,,,396000000,2.407,424000000,2.513,,210000000,,19.11,18.91,,,,,,,,,,,,,,,,,,,,,true,false,3,2018-04-01,2018-06-30,-1
2019-08-08,47090,2020-03-31,1,13250000000,0.006,,,,,740000000,0.007,760000000,-0.033,,470000000,,42.41,,,,,,,,,,,,,,,,,,,,,,true,true,6,2019-04-01,2019-09-30,0
2019-08-08,47090,2020-03-31,1,26800000000,0.011,,,,,1670000000,0.002,1710000000,-0.008,,1060000000,,95.64,,,,,,,,,,,,,,,,,,,,,,true,true,12,2019-04-01,2020-03-31,0
2019-08-08,47090,2019-03-31,1,,,,,,,,,,,,,,,,,,,,14600000000,8342000000,0.569,,8307000000,,,,,,,,,,,,true,false,12,2018-04-01,2019-03-31,-1
2019-08-08,47090,2019-03-31,1,,,,,,,,,,,,,,,,,,,,,,,,,,,,,40.00,,,,12044302,961470,,false,false,12,2018-04-01,2019-03-31,-1
2019-08-08,47090,2020-03-31,1,,,,,,,,,,,,,,,,,,,,,,,,,,,,,50.00,,,,,,,false,true,12,2019-04-01,2020-03-31,0
2019-08-08,47090,2020-03-31,1,,,,,,,,,,,,,,,,,,,,,,,,,,,,,,,,,12044302,961470,11082832,false,false,3,2019-04-01,2019-06-30,0
2019-08-08,47090,2019-03-31,1,,,,,,,,,,,,,,,,,,,,,,,,,,,,,,,,,,,11001594,false,false,3,2018-04-01,2018-06-30,-1
2019-11-01,47090,2020-03-31,,13171000000,-0.006,,,,,1159000000,0.566,1168000000,0.538,,738000000,,66.62,,,,,,,,,,,,,,,,,,,,,,true,true,6,2019-04-01,2019-09-30,0
2019-11-01,47090,2019-03-31,,13171000000,,,,,,734000000,,786000000,,,450000000,,40.94,,,,,,,,,,,,,,,,,,,,,,true,false,6,2018-04-01,2018-09-30,-1
2019-11-08,47090,2020-03-31,2,13171000000,-0.000,,,,,1159000000,0.577,1168000000,0.486,,738000000,,66.62,66.06,,,,,13725000000,8517000000,0.618,,8480000000,,,,,,,,,,,,true,false,6,2019-04-01,2019-09-30,0
2019-11-08,47090,2019-03-31,2,13171000000,0.225,,,,,734000000,1.492,786000000,1.542,,450000000,,40.94,40.52,,,,,,,,,,,,,,,,,,,,,true,false,6,2018-04-01,2018-09-30,-1
2019-11-08,47090,2020-03-31,2,26800000000,0.011,,,,,1670000000,0.002,1710000000,-0.008,,1060000000,,95.37,,,,,,,,,,,,,,,,,,,,,,true,true,12,2019-04-01,2020-03-31,0
2019-11-08,47090,2019-03-31,2,,,,,,,,,,,,,,,,,,,,14600000000,8342000000,0.569,,8307000000,,,,,,,,,,,,true,false,12,2018-04-01,2019-03-31,-1
2019-11-08,47090,2019-03-31,2,,,,,,,,,,,,,,,,,,,,,,,,,,,,,40.00,,,,12044302,961470,,false,false,12,2018-04-01,2019-03-31,-1
2019-11-08,47090,2020-03-31,2,,,,,,,,,,,,,,,,,,,,,,,,,,,,,25.00,,,,,,,false,false,12,2019-04-01,2020-03-31,0
2019-11-08,47090,2020-03-31,2,,,,,,,,,,,,,,,,,,,,,,,,,,,,,50.00,,,,,,,false,true,12,2019-04-01,2020-03-31,0
2019-11-08,47090,2020-03-31,2,,,,,,,,,,,,,,,,,,,,,,,,,,,,,,,,,12044302,930020,11089432,false,false,6,2019-04-01,2019-09-30,0
2019-11-08,47090,2019-03-31,2,,,,,,,,,,,,,,,,,,,,,,,,,,,,,,,,,,,11014522,false,false,6,2018-04-01,2018-09-30,-1
2020-02-13,47090,2020-03-31,3,19538000000,-0.008,,,,,1719000000,0.335,1752000000,0.311,,1090000000,,98.20,97.37,,,,,14635000000,8771000000,0.597,,8731000000,,,,,,,,,,,,true,false,9,2019-04-01,2019-12-31,0
2020-02-13,47090,2019-03-31,3,19698000000,0.207,,,,,1287000000,0.741,1336000000,0.750,,790000000,,71.69,70.96,,,,,,,,,,,,,,,,,,,,,true,false,9,2018-04-01,2018-12-31,-1
2020-02-13,47090,2020-03-31,3,26000000000,-0.019,,,,,2120000000,0.271,2160000000,0.252,,1360000000,,122.04,,,,,,,,,,,,,,,,,,,,,,true,true,12,2019-04-01,2020-03-31,0
2020-02-13,47090,2019-03-31,3,,,,,,,,,,,,,,,,,,,,14600000000,8342000000,0.569,,8307000000,,,,,,,,,,,,true,false,12,2018-04-01,2019-03-31,-1
2020-02-13,47090,2019-03-31,3,,,,,,,,,,,,,,,,,,,,,,,,,,,,,40.00,,,,12044302,961470,,false,false,12,2018-04-01,2019-03-31,-1
2020-02-13,47090,2020-03-31,3,,,,,,,,,,,,,,,,,,,,,,,,,,,,,25.00,,,,,,,false,false,12,2019-04-01,2020-03-31,0
2020-02-13,47090,2020-03-31,3,,,,,,,,,,,,,,,,,,,,,,,,,,,,,50.00,,,,,,,false,true,12,2019-04-01,2020-03-31,0
2020-02-13,47090,2020-03-31,3,,,,,,,,,,,,,,,,,,,,,,,,,,,,,,,,,12044302,900096,11102457,false,false,9,2019-04-01,2019-12-31,0
2020-02-13,47090,2019-03-31,3,,,,,,,,,,,,,,,,,,,,,,,,,,,,,,,,,,,11029123,false,false,9,2018-04-01,2018-12-31,-1
2020-05-15,47090,2020-03-31,,26377000000,-0.005,,,,,2073000000,0.243,2111000000,0.224,,1297000000,,116.71,115.73,0.153,0.141,0.079,,15249000000,8730000000,0.570,779.45,8689000000,3231000000,-114000000,-2219000000,4367000000,,0.428,,,,,,true,false,12,2019-04-01,2020-03-31,0
2020-05-15,47090,2019-03-31,,26515000000,0.143,,,,,1667000000,0.329,1724000000,0.353,,1028000000,,93.15,92.21,0.129,0.122,0.063,,14600000000,8342000000,0.569,749.58,8307000000,1004000000,-336000000,-126000000,3489000000,,0.429,,,,,,true,false,12,2018-04-01,2019-03-31,-1
2020-05-15,47090,2021-03-31,,24500000000,-0.071,,,,,2000000000,-0.035,2040000000,-0.034,,1190000000,,106.74,,,,,,,,,,,,,,,,0.468,,,,,,true,true,12,2020-04-01,2021-03-31,1
2020-05-15,47090,2020-03-31,,,,,,1058000000,-0.952,273000000,-0.773,287000000,-0.771,250000000,,-0.702,22.57,22.38,,,,,10115000000,7403000000,0.731,663.29,7394000000,,,,,50.00,,,,12044302,895759,11113617,false,false,12,2019-04-01,2020-03-31,0
2020-05-15,47090,2019-03-31,,,,,,22144000000,0.028,1206000000,0.073,1254000000,0.096,841000000,,1.037,76.17,75.41,,,,,13784000000,8032000000,0.582,723.84,8022000000,,,,,40.00,,,,12044302,961470,11042191,false,false,12,2018-04-01,2019-03-31,-1
2020-05-15,47090,2021-03-31,,,,,,,,,,,,,,,,,,,,,,,,,,,,,,50.00,,,,,,,false,true,12,2020-04-01,2021-03-31,1
2020-08-07,47090,2021-03-31,1,5881000000,-0.104,,,,,231000000,-0.545,270000000,-0.475,,137000000,,12.30,12.26,,,,,15042000000,8716000000,0.577,,8676000000,,,,,,,,,,,,true,false,3,2020-04-01,2020-06-30,0
2020-08-07,47090,2020-03-31,1,6562000000,-0.011,,,,,507000000,0.279,514000000,0.213,,324000000,,29.31,29.06,,,,,,,,,,,,,,,,,,,,,true,false,3,2019-04-01,2019-06-30,-1
2020-08-07,47090,2021-03-31,1,24500000000,-0.071,,,,,2000000000,-0.035,2040000000,-0.034,,1190000000,,106.71,,,,,,,,,,,,,,,,,,,,,,true,true,12,2020-04-01,2021-03-31,0
2020-08-07,47090,2020-03-31,1,,,,,,,,,,,,,,,,,,,,15249000000,8730000000,0.570,,8689000000,,,,,,,,,,,,true,false,12,2019-04-01,2020-03-31,-1
2020-08-07,47090,2020-03-31,1,,,,,,,,,,,,,,,,,,,,,,,,,,,,,50.00,,,,12044302,895759,,false,false,12,2019-04-01,2020-03-31,-1
2020-08-07,47090,2021-03-31,1,,,,,,,,,,,,,,,,,,,,,,,,,,,,,50.00,,,,,,,false,true,12,2020-04-01,2021-03-31,0
2020-08-07,47090,2021-03-31,1,,,,,,,,,,,,,,,,,,,,,,,,,,,,,,,,,12044302,892136,11152225,false,false,3,2020-04-01,2020-06-30,0
2020-08-07,47090,2020-03-31,1,,,,,,,,,,,,,,,,,,,,,,,,,,,,,,,,,,,11082832,false,false,3,2019-04-01,2019-06-30,-1
2020-08-07,47090,2021-03-31,1,5881000000,-0.104,,,,,231000000,-0.545,270000000,-0.475,,137000000,,12.30,12.20,,,,,15042000000,8716000000,0.577,,8676000000,,,,,,,,,,,,true,false,3,2020-04-01,2020-06-30,0
2020-08-07,47090,2020-03-31,1,6562000000,-0.011,,,,,507000000,0.279,514000000,0.213,,324000000,,29.31,29.06,,,,,,,,,,,,,,,,,,,,,true,false,3,2019-04-01,2019-06-30,-1
2020-08-07,47090,2021-03-31,1,24500000000,-0.071,,,,,2000000000,-0.035,2040000000,-0.034,,1190000000,,106.71,,,,,,,,,,,,,,,,,,,,,,true,true,12,2020-04-01,2021-03-31,0
2020-08-07,47090,2020-03-31,1,,,,,,,,,,,,,,,,,,,,15249000000,8730000000,0.570,,8689000000,,,,,,,,,,,,true,false,12,2019-04-01,2020-03-31,-1
2020-08-07,47090,2020-03-31,1,,,,,,,,,,,,,,,,,,,,,,,,,,,,,50.00,,,,12044302,895759,,false,false,12,2019-04-01,2020-03-31,-1
2020-08-07,47090,2021-03-31,1,,,,,,,,,,,,,,,,,,,,,,,,,,,,,50.00,,,,,,,false,true,12,2020-04-01,2021-03-31,0
2020-08-07,47090,2021-03-31,1,,,,,,,,,,,,,,,,,,,,,,,,,,,,,,,,,12044302,892136,11152225,false,false,3,2020-04-01,2020-06-30,0
2020-08-07,47090,2020-03-31,1,,,,,,,,,,,,,,,,,,,,,,,,,,,,,,,,,,,11082832,false,false,3,2019-04-01,2019-06-30,-1
2020-11-09,47090,2021-03-31,2,12174000000,-0.076,,,,,653000000,-0.436,704000000,-0.397,,611000000,,54.75,54.34,,,,,15043000000,9235000000,0.611,,9191000000,,,,,,,,,,,,true,false,6,2020-04-01,2020-09-30,0
2020-11-09,47090,2020-03-31,2,13171000000,-0.000,,,,,1159000000,0.577,1168000000,0.486,,738000000,,66.62,66.06,,,,,,,,,,,,,,,,,,,,,true,false,6,2019-04-01,2019-09-30,-1
2020-11-09,47090,2021-03-31,2,24500000000,-0.071,,,,,2000000000,-0.035,2040000000,-0.034,,1190000000,,106.39,,,,,,,,,,,,,,,,,,,,,,true,true,12,2020-04-01,2021-03-31,0
2020-11-09,47090,2020-03-31,2,,,,,,,,,,,,,,,,,,,,15249000000,8730000000,0.570,,8689000000,,,,,,,,,,,,true,false,12,2019-04-01,2020-03-31,-1
2020-11-09,47090,2020-03-31,2,,,,,,,,,,,,,,,,,,,,,,,,,,,,,50.00,,,,12044302,895759,,false,false,12,2019-04-01,2020-03-31,-1
2020-11-09,47090,2021-03-31,2,,,,,,,,,,,,,,,,,,,,,,,,,,,,,25.00,,,,,,,false,false,12,2020-04-01,2021-03-31,0
2020-11-09,47090,2021-03-31,2,,,,,,,,,,,,,,,,,,,,,,,,,,,,,50.00,,,,,,,false,true,12,2020-04-01,2021-03-31,0
2020-11-09,47090,2021-03-31,2,,,,,,,,,,,,,,,,,,,,,,,,,,,,,,,,,12044302,859473,11162818,false,false,6,2020-04-01,2020-09-30,0
2020-11-09,47090,2020-03-31,2,,,,,,,,,,,,,,,,,,,,,,,,,,,,,,,,,,,11089432,false,false,6,2019-04-01,2019-09-30,-1
2021-02-09,47090,2021-03-31,3,18330000000,-0.062,,,,,946000000,-0.449,1035000000,-0.409,,781000000,,70.00,69.49,,,,,17854000000,9376000000,0.522,,9328000000,,,,,,,,,,,,true,false,9,2020-04-01,2020-12-31,0
2021-02-09,47090,2020-03-31,3,19538000000,-0.008,,,,,1719000000,0.335,1752000000,0.311,,1090000000,,98.20,97.37,,,,,,,,,,,,,,,,,,,,,true,false,9,2019-04-01,2019-12-31,-1
2021-02-09,47090,2021-03-31,3,25700000000,-0.026,,,,,1420000000,-0.315,1500000000,-0.290,,820000000,,73.25,,,,,,,,,,,,,,,,,,,,,,true,true,12,2020-04-01,2021-03-31,0
2021-02-09,47090,2020-03-31,3,,,,,,,,,,,,,,,,,,,,15249000000,8730000000,0.570,,8689000000,,,,,,,,,,,,true,false,12,2019-04-01,2020-03-31,-1
2021-02-09,47090,2020-03-31,3,,,,,,,,,,,,,,,,,,,,,,,,,,,,,50.00,,,,12044302,895759,,false,false,12,2019-04-01,2020-03-31,-1
2021-02-09,47090,2021-03-31,3,,,,,,,,,,,,,,,,,,,,,,,,,,,,,25.00,,,,,,,false,false,12,2020-04-01,2021-03-31,0
2021-02-09,47090,2021-03-31,3,,,,,,,,,,,,,,,,,,,,,,,,,,,,,50.00,,,,,,,false,true,12,2020-04-01,2021-03-31,0
2021-02-09,47090,2021-03-31,3,,,,,,,,,,,,,,,,,,,,,,,,,,,,,,,,,12044302,849768,11171196,false,false,9,2020-04-01,2020-12-31,0
2021-02-09,47090,2020-03-31,3,,,,,,,,,,,,,,,,,,,,,,,,,,,,,,,,,,,11102457,false,false,9,2019-04-01,2019-12-31,-1
2021-05-07,47090,2021-03-31,,25766000000,-0.023,,,,,1372000000,-0.338,1553000000,-0.264,,747000000,,66.56,66.10,0.083,0.097,0.053,,16796000000,9408000000,0.557,819.24,9361000000,-607000000,-612000000,1490000000,4671000000,,0.751,,,,,,true,false,12,2020-04-01,2021-03-31,0
2021-05-07,47090,2020-03-31,,26377000000,-0.005,,,,,2073000000,0.243,2111000000,0.224,,1297000000,,116.71,115.73,0.153,0.141,0.079,,15249000000,8730000000,0.570,779.45,8689000000,3231000000,-114000000,-2219000000,4367000000,,0.428,,,,,,true,false,12,2019-04-01,2020-03-31,-1
2021-05-07,47090,2022-03-31,,30000000000,,,,,,1900000000,,1950000000,,,1020000000,,59.51,,,,,,,,,,,,,,,,0.672,,,,,,true,true,12,2021-04-01,2022-03-31,1
2021-05-07,47090,2021-03-31,,,,,,2062000000,0.949,1298000000,3.742,1345000000,3.685,1214000000,,3.842,108.10,107.35,,,,,11440000000,8481000000,0.741,741.61,8474000000,,,,,50.00,,,,12044302,617330,11234344,false,false,12,2020-04-01,2021-03-31,0
2021-05-07,47090,2020-03-31,,,,,,1058000000,-0.952,273000000,-0.773,287000000,-0.771,250000000,,-0.702,22.57,22.38,,,,,10115000000,7403000000,0.731,663.29,7394000000,,,,,50.00,,,,12044302,895759,11113617,false,false,12,2019-04-01,2020-03-31,-1
2021-05-07,47090,2022-03-31,,,,,,,,,,,,,,,,,,,,,,,,,,,,,,40.00,,,,,,,false,true,12,2021-04-01,2022-03-31,1
2021-07-30,47090,2022-03-31,1,6565000000,,,,,,292000000,,318000000,,,142000000,,8.33,8.29,,,,,15764000000,9257000000,0.584,,9213000000,,,,,,,,,,,,true,false,3,2021-04-01,2021-06-30,0
2021-07-30,47090,2021-03-31,1,5881000000,-0.104,,,,,231000000,-0.545,270000000,-0.475,,137000000,,8.20,8.13,,,,,,,,,,,,,,,,,,,,,true,false,3,2020-04-01,2020-06-30,-1
2021-07-30,47090,2022-03-31,1,30000000000,,,,,,1900000000,,1950000000,,,1020000000,,59.40,,,,,,,,,,,,,,,,,,,,,,true,true,12,2021-04-01,2022-03-31,0
2021-07-30,47090,2021-03-31,1,,,,,,,,,,,,,,,,,,,,16796000000,9408000000,0.557,,9361000000,,,,,,,,,,,,true,false,12,2020-04-01,2021-03-31,-1
2021-07-30,47090,2021-03-31,1,,,,,,,,,,,,,,,,,,,,,,,,,,,,,50.00,,,,18066453,925995,,false,false,12,2020-04-01,2021-03-31,-1
2021-07-30,47090,2022-03-31,1,,,,,,,,,,,,,,,,,,,,,,,,,,,,,40.00,,,,,,,false,true,12,2021-04-01,2022-03-31,0
2021-07-30,47090,2022-03-31,1,,,,,,,,,,,,,,,,,,,,,,,,,,,,,,,,,18066453,894562,17154640,false,false,3,2021-04-01,2021-06-30,0
2021-07-30,47090,2021-03-31,1,,,,,,,,,,,,,,,,,,,,,,,,,,,,,,,,,,,16728337,false,false,3,2020-04-01,2020-06-30,-1
2021-10-29,4709,2022-03-31,2,13340000000,,,,,,704000000,,741000000,,,375000000,,21.84,21.77,,,,,15824000000,9691000000,0.610,,9649000000,,,,,,,,,,,,true,false,6,2021-04-01,2021-09-30,0
2021-10-29,4709,2021-03-31,2,12174000000,-0.076,,,,,653000000,-0.436,704000000,-0.397,,611000000,,36.50,36.23,,,,,,,,,,,,,,,,,,,,,true,false,6,2020-04-01,2020-09-30,-1
2021-10-29,4709,2022-03-31,2,30000000000,,,,,,1900000000,,1950000000,,,1020000000,,59.32,,,,,,,,,,,,,,,,,,,,,,true,true,12,2021-04-01,2022-03-31,0
2021-10-29,4709,2021-03-31,2,,,,,,,,,,,,,,,,,,,,16796000000,9408000000,0.557,,9361000000,,,,,,,,,,,,true,false,12,2020-04-01,2021-03-31,-1
2021-10-29,4709,2021-03-31,2,,,,,,,,,,,,,,,,,,,,,,,,,,,,,50.00,,,,18066453,925995,,false,false,12,2020-04-01,2021-03-31,-1
2021-10-29,4709,2022-03-31,2,,,,,,,,,,,,,,,,,,,,,,,,,,,,,20.00,,,,,,,false,false,12,2021-04-01,2022-03-31,0
2021-10-29,4709,2022-03-31,2,,,,,,,,,,,,,,,,,,,,,,,,,,,,,40.00,,,,,,,false,true,12,2021-04-01,2022-03-31,0
2021-10-29,4709,2022-03-31,2,,,,,,,,,,,,,,,,,,,,,,,,,,,,,,,,,18066453,871190,17174843,false,false,6,2021-04-01,2021-09-30,0
2021-10-29,4709,2021-03-31,2,,,,,,,,,,,,,,,,,,,,,,,,,,,,,,,,,,,16744227,false,false,6,2020-04-01,2020-09-30,-1
2022-01-31,4709,2022-03-31,3,20396000000,,,,,,1225000000,,1269000000,,,649000000,,37.97,37.88,,,,,16009000000,8998000000,0.559,,8953000000,,,,,,,,,,,,true,false,9,2021-04-01,2021-12-31,0
2022-01-31,4709,2021-03-31,3,18330000000,-0.062,,,,,946000000,-0.449,1035000000,-0.409,,781000000,,46.67,46.33,,,,,,,,,,,,,,,,,,,,,true,false,9,2020-04-01,2020-12-31,-1
2022-01-31,4709,2022-03-31,3,30000000000,,,,,,1900000000,,1950000000,,,1020000000,,60.06,,,,,,,,,,,,,,,,,,,,,,true,true,12,2021-04-01,2022-03-31,0
2022-01-31,4709,2021-03-31,3,,,,,,,,,,,,,,,,,,,,16796000000,9408000000,0.557,,9361000000,,,,,,,,,,,,true,false,12,2020-04-01,2021-03-31,-1
2022-01-31,4709,2021-03-31,3,,,,,,,,,,,,,,,,,,,,,,,,,,,,,50.00,,,,18066453,925995,,false,false,12,2020-04-01,2021-03-31,-1
2022-01-31,4709,2022-03-31,3,,,,,,,,,,,,,,,,,,,,,,,,,,,,,20.00,,,,,,,false,false,12,2021-04-01,2022-03-31,0
2022-01-31,4709,2022-03-31,3,,,,,,,,,,,,,,,,,,,,,,,,,,,,,40.00,,,,,,,false,true,12,2021-04-01,2022-03-31,0
2022-01-31,4709,2022-03-31,3,,,,,,,,,,,,,,,,,,,,,,,,,,,,,,,,,18066453,1476548,17114359,false,false,9,2021-04-01,2021-12-31,0
2022-01-31,4709,2021-03-31,3,,,,,,,,,,,,,,,,,,,,,,,,,,,,,,,,,,,16756794,false,false,9,2020-04-01,2020-12-31,-1
2022-04-28,4709,2022-03-31,,27805000000,,,,,,1869000000,,1922000000,,,1046000000,,61.61,61.50,0.112,0.116,0.067,,16238000000,9446000000,0.579,566.65,9400000000,1842000000,-9000000,-1889000000,4713000000,,0.649,,,,,,true,false,12,2021-04-01,2022-03-31,0
2022-04-28,4709,2021-03-31,,25766000000,-0.023,,,,,1372000000,-0.338,1553000000,-0.264,,747000000,,44.37,44.07,0.083,0.097,0.053,,16796000000,9408000000,0.557,546.16,9361000000,-607000000,-612000000,1490000000,4671000000,,0.751,,,,,,true,false,12,2020-04-01,2021-03-31,-1
2022-04-28,4709,2023-03-31,,29000000000,0.043,,,,,1950000000,0.043,2000000000,0.040,,1100000000,,66.31,,,,,,,,,,,,,,,,0.603,,,,,,true,true,12,2022-04-01,2023-03-31,1
2022-04-28,4709,2022-03-31,,,,,,1935000000,-0.062,1082000000,-0.166,1092000000,-0.188,1070000000,,-0.119,63.02,62.91,,,,,11074000000,8410000000,0.759,506.96,8410000000,,,,,40.00,,,,18066453,1476462,16983271,false,false,12,2021-04-01,2022-03-31,0
2022-04-28,4709,2021-03-31,,,,,,2062000000,0.949,1298000000,3.742,1345000000,3.685,1214000000,,3.842,72.06,71.57,,,,,11440000000,8481000000,0.741,494.40,8474000000,,,,,50.00,,,,18066453,925995,16851517,false,false,12,2020-04-01,2021-03-31,-1
2022-04-28,4709,2023-03-31,,,,,,,,,,,,,,,,,,,,,,,,,,,,,,40.00,,,,,,,false,true,12,2022-04-01,2023-03-31,1
2022-07-29,4709,2023-03-31,1,7295000000,0.111,,,,,630000000,1.156,668000000,1.099,,372000000,,22.48,,,,,,15620000000,9544000000,0.608,,9499000000,,,,,,,,,,,,true,false,3,2022-04-01,2022-06-30,0
2022-07-29,4709,2022-03-31,1,6565000000,,,,,,292000000,,318000000,,,142000000,,8.33,8.29,,,,,,,,,,,,,,,,,,,,,true,false,3,2021-04-01,2021-06-30,-1
2022-07-29,4709,2023-03-31,1,29000000000,0.043,,,,,1950000000,0.043,2000000000,0.040,,1100000000,,66.31,,,,,,,,,,,,,,,,,,,,,,true,true,12,2022-04-01,2023-03-31,0
2022-07-29,4709,2022-03-31,1,,,,,,,,,,,,,,,,,,,,16238000000,9446000000,0.579,,9400000000,,,,,,,,,,,,true,false,12,2021-04-01,2022-03-31,-1
2022-07-29,4709,2022-03-31,1,,,,,,,,,,,,,,,,,,,,,,,,,,,,,40.00,,,,18066453,1476462,,false,false,12,2021-04-01,2022-03-31,-1
2022-07-29,4709,2023-03-31,1,,,,,,,,,,,,,,,,,,,,,,,,,,,,,40.00,,,,,,,false,true,12,2022-04-01,2023-03-31,0
2022-07-29,4709,2023-03-31,1,,,,,,,,,,,,,,,,,,,,,,,,,,,,,,,,,18066453,1476563,16590040,false,false,3,2022-04-01,2022-06-30,0
2022-07-29,4709,2022-03-31,1,,,,,,,,,,,,,,,,,,,,,,,,,,,,,,,,,,,17154640,false,false,3,2021-04-01,2021-06-30,-1
2022-10-31,4709,2023-03-31,2,14861000000,0.114,,,,,1155000000,0.639,1209000000,0.631,,680000000,,41.04,,,,,,16168000000,9992000000,0.615,,9943000000,,,,,,,,,,,,true,false,6,2022-04-01,2022-09-30,0
2022-10-31,4709,2022-03-31,2,13340000000,,,,,,704000000,,741000000,,,375000000,,21.84,21.77,,,,,,,,,,,,,,,,,,,,,true,false,6,2021-04-01,2021-09-30,-1
2022-10-31,4709,2023-03-31,2,29000000000,0.043,,,,,1950000000,0.043,2000000000,0.040,,1100000000,,66.30,,,,,,,,,,,,,,,,,,,,,,true,true,12,2022-04-01,2023-03-31,0
2022-10-31,4709,2022-03-31,2,,,,,,,,,,,,,,,,,,,,16238000000,9446000000,0.579,,9400000000,,,,,,,,,,,,true,false,12,2021-04-01,2022-03-31,-1
2022-10-31,4709,2022-03-31,2,,,,,,,,,,,,,,,,,,,,,,,,,,,,,40.00,,,,18066453,1476462,,false,false,12,2021-04-01,2022-03-31,-1
2022-10-31,4709,2023-03-31,2,,,,,,,,,,,,,,,,,,,,,,,,,,,,,20.00,,,,,,,false,false,12,2022-04-01,2023-03-31,0
2022-10-31,4709,2023-03-31,2,,,,,,,,,,,,,,,,,,,,,,,,,,,,,40.00,,,,,,,false,true,12,2022-04-01,2023-03-31,0
2022-10-31,4709,2023-03-31,2,,,,,,,,,,,,,,,,,,,,,,,,,,,,,,,,,18066453,1476289,16590015,false,false,6,2022-04-01,2022-09-30,0
2022-10-31,4709,2022-03-31,2,,,,,,,,,,,,,,,,,,,,,,,,,,,,,,,,,,,17174843,false,false,6,2021-04-01,2021-09-30,-1
2023-01-31,4709,2023-03-31,3,23023000000,0.129,,,,,1855000000,0.514,1934000000,0.524,,1119000000,,67.50,,,,,,16328000000,10131000000,0.617,,10079000000,,,,,,,,,,,,true,false,9,2022-04-01,2022-12-31,0
2023-01-31,4709,2022-03-31,3,20396000000,,,,,,1225000000,,1269000000,,,649000000,,37.97,37.88,,,,,,,,,,,,,,,,,,,,,true,false,9,2021-04-01,2021-12-31,-1
2023-01-31,4709,2023-03-31,3,29000000000,0.043,,,,,1950000000,0.043,2000000000,0.040,,1100000000,,66.30,,,,,,,,,,,,,,,,,,,,,,true,true,12,2022-04-01,2023-03-31,0
2023-01-31,4709,2022-03-31,3,,,,,,,,,,,,,,,,,,,,16238000000,9446000000,0.579,,9400000000,,,,,,,,,,,,true,false,12,2021-04-01,2022-03-31,-1
2023-01-31,4709,2022-03-31,3,,,,,,,,,,,,,,,,,,,,,,,,,,,,,40.00,,,,18066453,1476462,,false,false,12,2021-04-01,2022-03-31,-1
2023-01-31,4709,2023-03-31,3,,,,,,,,,,,,,,,,,,,,,,,,,,,,,20.00,,,,,,,false,false,12,2022-04-01,2023-03-31,0
2023-01-31,4709,2023-03-31,3,,,,,,,,,,,,,,,,,,,,,,,,,,,,,40.00,,,,,,,false,true,12,2022-04-01,2023-03-31,0
2023-01-31,4709,2023-03-31,3,,,,,,,,,,,,,,,,,,,,,,,,,,,,,,,,,18066453,1471998,16590487,false,false,9,2022-04-01,2022-12-31,0
2023-01-31,4709,2022-03-31,3,,,,,,,,,,,,,,,,,,,,,,,,,,,,,,,,,,,17114359,false,false,9,2021-04-01,2021-12-31,-1
2023-02-14,47090,2023-03-31,,30500000000,0.052,,,,,2150000000,0.103,2250000000,0.125,,1100000000,,66.30,,,,,,,,,,,,,,,,,,,,,,true,true,12,2022-04-01,2023-03-31,0
2023-02-14,47090,2022-03-31,,27805000000,,,,,,1869000000,,1922000000,,,1046000000,,61.61,,,,,,,,,,,,,,,,,,,,,,true,false,12,2021-04-01,2022-03-31,-1
,47090,2023-03-31,,,,,,,,,,,,,,,,,,,,,,,,,,,,,,45.00,,,,,,,false,true,12,2022-04-01,2023-03-31,0
,47090,2023-03-31,,,,,,,,,,,,,,,,,,,,,,,,,,,,,,20.00,,,,,,,false,false,12,2022-04-01,2023-03-31,0
,47090,2022-03-31,,,,,,,,,,,,,,,,,,,,,,,,,,,,,,40.00,,,,,,,false,false,12,2021-04-01,2022-03-31,-1
2023-04-28,4709,2023-03-31,,31101000000,0.119,,,,,2424000000,0.297,2504000000,0.303,,1402000000,,84.54,,0.142,0.148,0.078,,17519000000,10432000000,0.593,625.64,10382000000,1654000000,-360000000,-1275000000,4801000000,,0.532,,,,,,true,false,12,2022-04-01,2023-03-31,0
2023-04-28,4709,2022-03-31,,27805000000,,,,,,1869000000,,1922000000,,,1046000000,,61.61,61.50,0.112,0.116,0.067,,16238000000,9446000000,0.579,566.65,9400000000,1842000000,-9000000,-1889000000,4713000000,,0.649,,,,,,true,false,12,2021-04-01,2022-03-31,-1
2023-04-28,4709,2024-03-31,,32800000000,0.055,,,,,2630000000,0.085,2650000000,0.058,,1520000000,,91.59,,,,,,,,,,,,,,,,0.546,,,,,,true,true,12,2023-04-01,2024-03-31,1
2023-04-28,4709,2023-03-31,,,,,,4192000000,1.166,1477000000,0.365,1506000000,0.379,1388000000,,0.297,83.66,,,,,,12494000000,9299000000,0.744,560.36,9299000000,,,,,45.00,,,,18066453,1471167,16591639,false,false,12,2022-04-01,2023-03-31,0
2023-04-28,4709,2022-03-31,,,,,,1935000000,-0.062,1082000000,-0.166,1092000000,-0.188,1070000000,,-0.119,63.02,62.91,,,,,11074000000,8410000000,0.759,506.96,8410000000,,,,,40.00,,,,18066453,1476462,16983271,false,false,12,2021-04-01,2022-03-31,-1
2023-04-28,4709,2024-03-31,,,,,,,,,,,,,,,,,,,,,,,,,,,,,,50.00,,,,,,,false,true,12,2023-04-01,2024-03-31,1
2023-07-31,4709,2024-03-31,1,7819000000,0.072,,,,,823000000,0.307,884000000,0.323,,514000000,,30.96,,,,,,16590000000,10783000000,0.647,,10732000000,,,,,,,,,,,,true,false,3,2023-04-01,2023-06-30,0
2023-07-31,4709,2023-03-31,1,7295000000,0.111,,,,,630000000,1.156,668000000,1.099,,372000000,,22.48,,,,,,,,,,,,,,,,,,,,,,true,false,3,2022-04-01,2022-06-30,-1
2023-07-31,4709,2024-03-31,1,32800000000,0.055,,,,,2630000000,0.085,2650000000,0.058,,1520000000,,91.55,,,,,,,,,,,,,,,,,,,,,,true,true,12,2023-04-01,2024-03-31,0
2023-07-31,4709,2023-03-31,1,,,,,,,,,,,,,,,,,,,,17519000000,10432000000,0.593,,10382000000,,,,,,,,,,,,true,false,12,2022-04-01,2023-03-31,-1
2023-07-31,4709,2023-03-31,1,,,,,,,,,,,,,,,,,,,,,,,,,,,,,45.00,,,,18066453,1471167,,false,false,12,2022-04-01,2023-03-31,-1
2023-07-31,4709,2024-03-31,1,,,,,,,,,,,,,,,,,,,,,,,,,,,,,50.00,,,,,,,false,true,12,2023-04-01,2024-03-31,0
2023-07-31,4709,2024-03-31,1,,,,,,,,,,,,,,,,,,,,,,,,,,,,,,,,,18066453,1463989,16602473,false,false,3,2023-04-01,2023-06-30,0
2023-07-31,4709,2023-03-31,1,,,,,,,,,,,,,,,,,,,,,,,,,,,,,,,,,,,16590040,false,false,3,2022-04-01,2022-06-30,-1
2023-10-31,4709,2024-03-31,2,15938000000,0.072,,,,,1421000000,0.230,1504000000,0.245,,844000000,,50.76,,,,,,17384000000,11199000000,0.641,,11144000000,,,,,,,,,,,,true,false,6,2023-04-01,2023-09-30,0
2023-10-31,4709,2023-03-31,2,14861000000,0.114,,,,,1155000000,0.639,1209000000,0.631,,680000000,,41.04,,,,,,,,,,,,,,,,,,,,,,true,false,6,2022-04-01,2022-09-30,-1
2023-10-31,4709,2024-03-31,2,32800000000,0.055,,,,,2630000000,0.085,2650000000,0.058,,1520000000,,91.07,,,,,,,,,,,,,,,,,,,,,,true,true,12,2023-04-01,2024-03-31,0
2023-10-31,4709,2023-03-31,2,,,,,,,,,,,,,,,,,,,,17519000000,10432000000,0.593,,10382000000,,,,,,,,,,,,true,false,12,2022-04-01,2023-03-31,-1
2023-10-31,4709,2023-03-31,2,,,,,,,,,,,,,,,,,,,,,,,,,,,,,45.00,,,,18066453,1471167,,false,false,12,2022-04-01,2023-03-31,-1
2023-10-31,4709,2024-03-31,2,,,,,,,,,,,,,,,,,,,,,,,,,,,,,25.00,,,,,,,false,false,12,2023-04-01,2024-03-31,0
2023-10-31,4709,2024-03-31,2,,,,,,,,,,,,,,,,,,,,,,,,,,,,,50.00,,,,,,,false,true,12,2023-04-01,2024-03-31,0
2023-10-31,4709,2024-03-31,2,,,,,,,,,,,,,,,,,,,,,,,,,,,,,,,,,18066453,1318995,16633598,false,false,6,2023-04-01,2023-09-30,0
2023-10-31,4709,2023-03-31,2,,,,,,,,,,,,,,,,,,,,,,,,,,,,,,,,,,,16590015,false,false,6,2022-04-01,2022-09-30,-1
2024-01-31,4709,2024-03-31,3,24106000000,0.047,,,,,2153000000,0.160,2237000000,0.157,,1329000000,,79.75,,,,,,17458000000,11373000000,0.648,,11315000000,,,,,,,,,,,,true,false,9,2023-04-01,2023-12-31,0
2024-01-31,4709,2023-03-31,3,23023000000,0.129,,,,,1855000000,0.514,1934000000,0.524,,1119000000,,67.50,,,,,,,,,,,,,,,,,,,,,,true,false,9,2022-04-01,2022-12-31,-1
2024-01-31,4709,2024-03-31,3,32800000000,0.055,,,,,2630000000,0.085,2650000000,0.058,,1520000000,,91.03,,,,,,,,,,,,,,,,,,,,,,true,true,12,2023-04-01,2024-03-31,0
2024-01-31,4709,2023-03-31,3,,,,,,,,,,,,,,,,,,,,17519000000,10432000000,0.593,,10382000000,,,,,,,,,,,,true,false,12,2022-04-01,2023-03-31,-1
2024-01-31,4709,2023-03-31,3,,,,,,,,,,,,,,,,,,,,,,,,,,,,,45.00,,,,18066453,1471167,,false,false,12,2022-04-01,2023-03-31,-1
2024-01-31,4709,2024-03-31,3,,,,,,,,,,,,,,,,,,,,,,,,,,,,,25.00,,,,,,,false,false,12,2023-04-01,2024-03-31,0
2024-01-31,4709,2024-03-31,3,,,,,,,,,,,,,,,,,,,,,,,,,,,,,50.00,,,,,,,false,true,12,2023-04-01,2024-03-31,0
2024-01-31,4709,2024-03-31,3,,,,,,,,,,,,,,,,,,,,,,,,,,,,,,,,,18066453,1299109,16675709,false,false,9,2023-04-01,2023-12-31,0
2024-01-31,4709,2023-03-31,3,,,,,,,,,,,,,,,,,,,,,,,,,,,,,,,,,,,16590487,false,false,9,2022-04-01,2022-12-31,-1
2024-04-15,47090,2024-03-31,,32640000000,-0.005,,,,,2650000000,0.008,2750000000,0.038,,1660000000,,99.50,,,,,,,,,,,,,,,,,,,,,,true,true,12,2023-04-01,2024-03-31,0
2024-04-15,47090,2023-03-31,,31101000000,,,,,,2424000000,,2504000000,,,1402000000,,84.54,,,,,,,,,,,,,,,,,,,,,,true,false,12,2022-04-01,2023-03-31,-1
2024-04-30,4709,2024-03-31,,32680000000,0.051,,,,,2769000000,0.142,2860000000,0.142,,1777000000,,106.42,,0.159,0.152,0.085,,20061000000,12010000000,0.596,712.87,11954000000,1422000000,-233000000,-432000000,5680000000,,0.479,,,,,,true,false,12,2023-04-01,2024-03-31,0
2024-04-30,4709,2023-03-31,,31101000000,0.119,,,,,2424000000,0.297,2504000000,0.303,,1402000000,,84.54,,0.142,0.148,0.078,,17519000000,10432000000,0.593,625.64,10382000000,1654000000,-360000000,-1275000000,4801000000,,0.532,,,,,,true,false,12,2022-04-01,2023-03-31,-1
2024-04-30,4709,2025-03-31,,35000000000,0.071,,,,,3000000000,0.083,3000000000,0.049,,1750000000,,104.36,,,,,,,,,,,,,,,,0.527,,,,,,true,true,12,2024-04-01,2025-03-31,1
2024-04-30,4709,2024-03-31,,,,,,5113000000,0.220,1776000000,0.202,1804000000,0.198,1684000000,,0.214,100.88,,,,,,14174000000,10563000000,0.745,629.93,10563000000,,,,,50.00,,,,18066453,1297430,16698964,false,false,12,2023-04-01,2024-03-31,0
2024-04-30,4709,2023-03-31,,,,,,4192000000,1.166,1477000000,0.365,1506000000,0.379,1388000000,,0.297,83.66,,,,,,12494000000,9299000000,0.744,560.36,9299000000,,,,,45.00,,,,18066453,1471167,16591639,false,false,12,2022-04-01,2023-03-31,-1
2024-04-30,4709,2025-03-31,,,,,,,,,,,,,,,,,,,,,,,,,,,,,,55.00,,,,,,,false,true,12,2024-04-01,2025-03-31,1
2024-04-30,4709,2024-03-31,,32680000000,0.051,,,,,2769000000,0.142,2860000000,0.142,,1777000000,,106.42,,0.159,0.152,0.085,,20061000000,12010000000,0.596,712.87,11954000000,1422000000,-233000000,-432000000,5680000000,,0.470,,,,,,true,false,12,2023-04-01,2024-03-31,0
2024-04-30,4709,2023-03-31,,31101000000,0.119,,,,,2424000000,0.297,2504000000,0.303,,1402000000,,84.54,,0.142,0.148,0.078,,17519000000,10432000000,0.593,625.64,10382000000,1654000000,-360000000,-1275000000,4801000000,,0.532,,,,,,true,false,12,2022-04-01,2023-03-31,-1
2024-04-30,4709,2025-03-31,,35000000000,0.071,,,,,3000000000,0.083,3000000000,0.049,,1750000000,,104.36,,,,,,,,,,,,,,,,0.527,,,,,,true,true,12,2024-04-01,2025-03-31,1
2024-04-30,4709,2024-03-31,,,,,,5113000000,0.220,1776000000,0.202,1804000000,0.198,1684000000,,0.214,100.88,,,,,,14174000000,10563000000,0.745,629.93,10563000000,,,,,50.00,,,,18066453,1297430,16698964,false,false,12,2023-04-01,2024-03-31,0
2024-04-30,4709,2023-03-31,,,,,,4192000000,1.166,1477000000,0.365,1506000000,0.379,1388000000,,0.297,83.66,,,,,,12494000000,9299000000,0.744,560.36,9299000000,,,,,45.00,,,,18066453,1471167,16591639,false,false,12,2022-04-01,2023-03-31,-1
2024-04-30,4709,2025-03-31,,,,,,,,,,,,,,,,,,,,,,,,,,,,,,55.00,,,,,,,false,true,12,2024-04-01,2025-03-31,1
2024-07-31,4709,2025-03-31,1,8487000000,0.085,,,,,729000000,-0.115,799000000,-0.096,,451000000,,26.97,,,,,,18616000000,12170000000,0.651,,12114000000,,,,,,,,,,,,true,false,3,2024-04-01,2024-06-30,0
2024-07-31,4709,2024-03-31,1,7819000000,0.072,,,,,823000000,0.307,884000000,0.323,,514000000,,30.96,,,,,,,,,,,,,,,,,,,,,,true,false,3,2023-04-01,2023-06-30,-1
2024-07-31,4709,2025-03-31,1,35000000000,0.071,,,,,3000000000,0.083,3000000000,0.049,,1750000000,,104.55,,,,,,,,,,,,,,,,,,,,,,true,true,12,2024-04-01,2025-03-31,0
2024-07-31,4709,2024-03-31,1,,,,,,,,,,,,,,,,,,,,20061000000,12010000000,0.596,,11954000000,,,,,,,,,,,,true,false,12,2023-04-01,2024-03-31,-1
2024-07-31,4709,2024-03-31,1,,,,,,,,,,,,,,,,,,,,,,,,,,,,,50.00,,,,18066453,1297430,,false,false,12,2023-04-01,2024-03-31,-1
2024-07-31,4709,2025-03-31,1,,,,,,,,,,,,,,,,,,,,,,,,,,,,,55.00,,,,,,,false,true,12,2024-04-01,2025-03-31,0
2024-07-31,4709,2025-03-31,1,,,,,,,,,,,,,,,,,,,,,,,,,,,,,,,,,18066453,1331888,16747098,false,false,3,2024-04-01,2024-06-30,0
2024-07-31,4709,2024-03-31,1,,,,,,,,,,,,,,,,,,,,,,,,,,,,,,,,,,,16602473,false,false,3,2023-04-01,2023-06-30,-1
2024-10-31,4709,2025-03-31,2,17347000000,0.088,,,,,1737000000,0.222,1801000000,0.197,,1055000000,,63.03,,,,,,19141000000,12606000000,0.655,,12546000000,,,,,,,,,,,,true,false,6,2024-04-01,2024-09-30,0
2024-10-31,4709,2024-03-31,2,15938000000,0.072,,,,,1421000000,0.230,1504000000,0.245,,844000000,,50.76,,,,,,,,,,,,,,,,,,,,,,true,false,6,2023-04-01,2023-09-30,-1
2024-10-31,4709,2025-03-31,2,35000000000,0.071,,,,,3400000000,0.228,3400000000,0.188,,2000000000,,119.30,,,,,,,,,,,,,,,,,,,,,,true,true,12,2024-04-01,2025-03-31,0
2024-10-31,4709,2024-03-31,2,,,,,,,,,,,,,,,,,,,,20061000000,12010000000,0.596,,11954000000,,,,,,,,,,,,true,false,12,2023-04-01,2024-03-31,-1
2024-10-31,4709,2024-03-31,2,,,,,,,,,,,,,,,,,,,,,,,,,,,,,50.00,,,,18066453,1297430,,false,false,12,2023-04-01,2024-03-31,-1
2024-10-31,4709,2025-03-31,2,,,,,,,,,,,,,,,,,,,,,,,,,,,,,25.00,,,,,,,false,false,12,2024-04-01,2025-03-31,0
2024-10-31,4709,2025-03-31,2,,,,,,,,,,,,,,,,,,,,,,,,,,,,,55.00,,,,,,,false,true,12,2024-04-01,2025-03-31,0
2024-10-31,4709,2025-03-31,2,,,,,,,,,,,,,,,,,,,,,,,,,,,,,,,,,18066453,1292638,16754139,false,false,6,2024-04-01,2024-09-30,0
2024-10-31,4709,2024-03-31,2,,,,,,,,,,,,,,,,,,,,,,,,,,,,,,,,,,,16633598,false,false,6,2023-04-01,2023-09-30,-1
2025-01-31,4709,2025-03-31,3,26602000000,0.104,,,,,2805000000,0.303,2897000000,0.295,,1724000000,,102.92,,,,,,20455000000,13279000000,0.646,,13215000000,,,,,,,,,,,,true,false,9,2024-04-01,2024-12-31,0
2025-01-31,4709,2024-03-31,3,24106000000,0.047,,,,,2153000000,0.160,2237000000,0.157,,1329000000,,79.75,,,,,,,,,,,,,,,,,,,,,,true,false,9,2023-04-01,2023-12-31,-1
2025-01-31,4709,2025-03-31,3,35000000000,0.071,,,,,3400000000,0.228,3400000000,0.188,,2000000000,,119.30,,,,,,,,,,,,,,,,,,,,,,true,true,12,2024-04-01,2025-03-31,0
2025-01-31,4709,2024-03-31,3,,,,,,,,,,,,,,,,,,,,20061000000,12010000000,0.596,,11954000000,,,,,,,,,,,,true,false,12,2023-04-01,2024-03-31,-1
2025-01-31,4709,2024-03-31,3,,,,,,,,,,,,,,,,,,,,,,,,,,,,,50.00,,,,18066453,1297430,,false,false,12,2023-04-01,2024-03-31,-1
2025-01-31,4709,2025-03-31,3,,,,,,,,,,,,,,,,,,,,,,,,,,,,,25.00,,,,,,,false,false,12,2024-04-01,2025-03-31,0
2025-01-31,4709,2025-03-31,3,,,,,,,,,,,,,,,,,,,,,,,,,,,,,55.00,,,,,,,false,true,12,2024-04-01,2025-03-31,0
2025-01-31,4709,2025-03-31,3,,,,,,,,,,,,,,,,,,,,,,,,,,,,,,,,,18066453,1292663,16760802,false,false,9,2024-04-01,2024-12-31,0
2025-01-31,4709,2024-03-31,3,,,,,,,,,,,,,,,,,,,,,,,,,,,,,,,,,,,16675709,false,false,9,2023-04-01,2023-12-31,-1
,47090,2025-03-31,,,,,,,,,,,,,,,,,,,,,,,,,,,,,,67.00,,,,,,,false,true,12,2024-04-01,2025-03-31,0
,47090,2025-03-31,,,,,,,,,,,,,,,,,,,,,,,,,,,,,,25.00,,,,,,,false,false,12,2024-04-01,2025-03-31,0
,47090,2024-03-31,,,,,,,,,,,,,,,,,,,,,,,,,,,,,,50.00,,,,,,,false,false,12,2023-04-01,2024-03-31,-1
2025-04-15,47090,2025-03-31,,36000000000,0.029,,,,,3500000000,0.029,3520000000,0.035,,2100000000,,125.25,,,,,,,,,,,,,,,,,,,,,,true,true,12,2024-04-01,2025-03-31,0
2025-04-15,47090,2024-03-31,,32680000000,,,,,,2769000000,,2860000000,,,1777000000,,106.42,,,,,,,,,,,,,,,,,,,,,,true,false,12,2023-04-01,2024-03-31,-1
2025-04-30,4709,2025-03-31,,36274000000,0.110,,,,,3780000000,0.365,3862000000,0.350,,2389000000,,142.54,,0.187,0.182,0.104,,22490000000,13615000000,0.603,807.18,13554000000,3557000000,-2279000000,-1509000000,5432000000,,0.491,,,,,,true,false,12,2024-04-01,2025-03-31,0
2025-04-30,4709,2024-03-31,,32680000000,0.051,,,,,2769000000,0.142,2860000000,0.142,,1777000000,,106.42,,0.159,0.152,0.085,,20061000000,12010000000,0.596,712.87,11954000000,1422000000,-233000000,-432000000,5680000000,,0.470,,,,,,true,false,12,2023-04-01,2024-03-31,-1
2025-04-30,4709,2026-03-31,,38500000000,0.061,,,,,4000000000,0.058,4010000000,0.038,,2410000000,,143.52,,,,,,,,,,,,,,,,0.488,,,,,,true,true,12,2025-04-01,2026-03-31,1
2025-04-30,4709,2025-03-31,,,,,,5915000000,0.157,2122000000,0.195,2184000000,0.211,2031000000,,0.206,121.16,,,,,,15174000000,11835000000,0.780,704.85,11835000000,,,,,70.00,,,,17229712,437641,16767088,false,false,12,2024-04-01,2025-03-31,0
2025-04-30,4709,2024-03-31,,,,,,5113000000,0.220,1776000000,0.202,1804000000,0.198,1684000000,,0.214,100.88,,,,,,14174000000,10563000000,0.745,629.93,10563000000,,,,,50.00,,,,18066453,1297430,16698964,false,false,12,2023-04-01,2024-03-31,-1
2025-04-30,4709,2026-03-31,,,,,,,,,,,,,,,,,,,,,,,,,,,,,,70.00,,,,,,,false,true,12,2025-04-01,2026-03-31,1
