filing_date,code,fiscal_year_end,quarterly_period,net_sales,net_sales_change,revenue,revenue_change,operating_revenue,operating_revenue_change,operating_profit,operating_profit_change,ordinary_profit,ordinary_profit_change,net_income,net_income_of_parent,net_income_change,eps,diluted_eps,roe,roa,operating_profit_to_net_sales,operating_profit_to_revenue,total_assets,net_assets,equity_ratio,bps,owner_equity,operating_cash_flow,investing_cash_flow,financing_cash_flow,cash,dividend_per_share,payout_ratio,commemorative_dividend,extra_dividend,number_of_shares,number_of_treqsury_shares,avg_number_of_shares,is_consolidated,is_forecast,duration,period_start,period_end,period_pos
2015-05-08,47180,2015-03-31,,19443000000,0.047,,,,,757000000,0.097,732000000,0.064,420000000,,0.443,50.86,,0.069,0.064,0.039,,11724000000,6185000000,0.528,745.75,6185000000,1586000000,-81000000,-792000000,1558000000,,0.590,,,,,,true,false,12,2014-04-01,2015-03-31,0
2015-05-08,47180,2014-03-31,,18573000000,0.030,,,,,690000000,-0.244,688000000,-0.235,291000000,,-0.372,35.53,,0.049,0.062,0.037,,11008000000,5954000000,0.541,723.63,5954000000,873000000,-107000000,-839000000,845000000,,0.844,,,,,,true,false,12,2013-04-01,2014-03-31,-1
2015-05-08,47180,2016-03-31,,9893000000,0.046,,,,,326000000,0.014,322000000,0.014,,162000000,,19.54,,,,,,,,,,,,,,,,,,,,,,true,true,6,2015-04-01,2015-09-30,1
2015-05-08,47180,2016-03-31,,20398000000,0.049,,,,,884000000,0.168,890000000,0.214,,505000000,,60.94,,,,,,,,,,,,,,,,0.492,,,,,,true,true,12,2015-04-01,2016-03-31,1
2015-05-08,47180,2015-03-31,,18984000000,0.043,,,,,656000000,0.050,652000000,0.021,341000000,,0.105,41.29,,,,,,11215000000,6121000000,0.546,738.07,6121000000,,,,,30.00,,,,8334976,41173,8262296,false,false,12,2014-04-01,2015-03-31,0
2015-05-08,47180,2014-03-31,,18196000000,0.026,,,,,625000000,-0.323,639000000,-0.310,308000000,,-0.370,37.65,,,,,,10427000000,5972000000,0.573,725.85,5972000000,,,,,30.00,,,,8334976,106273,8196872,false,false,12,2013-04-01,2014-03-31,-1
2015-05-08,47180,2016-03-31,,9630000000,0.045,,,,,,,264000000,0.006,111000000,,-0.157,13.50,,,,,,,,,,,,,,,,,,,,,,false,true,6,2015-04-01,2015-09-30,1
2015-05-08,47180,2016-03-31,,19914000000,0.049,,,,,,,807000000,0.238,433000000,,0.272,52.33,,,,,,,,,,,,,,,30.00,,,,,,,false,true,12,2015-04-01,2016-03-31,1
2015-05-08,47180,2015-03-31,,19443000000,0.047,,,,,757000000,0.097,732000000,0.064,420000000,,0.443,50.86,,0.069,0.064,0.039,,11724000000,6185000000,0.528,745.75,6185000000,1586000000,-81000000,-792000000,1558000000,,0.590,,,,,,true,false,12,2014-04-01,2015-03-31,0
2015-05-08,47180,2014-03-31,,18573000000,0.030,,,,,690000000,-0.244,688000000,-0.235,291000000,,-0.372,35.53,,0.049,0.062,0.037,,11008000000,5954000000,0.541,723.63,5954000000,873000000,-107000000,-839000000,845000000,,0.844,,,,,,true,false,12,2013-04-01,2014-03-31,-1
2015-05-08,47180,2016-03-31,,9893000000,0.046,,,,,326000000,0.014,322000000,0.014,,162000000,,19.54,,,,,,,,,,,,,,,,,,,,,,true,true,6,2015-04-01,2015-09-30,1
2015-05-08,47180,2016-03-31,,20398000000,0.049,,,,,884000000,0.168,890000000,0.214,,505000000,,60.94,,,,,,,,,,,,,,,,0.492,,,,,,true,true,12,2015-04-01,2016-03-31,1
2015-05-08,47180,2015-03-31,,18984000000,0.043,,,,,656000000,0.050,652000000,0.021,341000000,,0.105,41.29,,,,,,11215000000,6121000000,0.546,738.07,6121000000,,,,,30.00,,,,8334976,41173,8262296,false,false,12,2014-04-01,2015-03-31,0
2015-05-08,47180,2014-03-31,,18196000000,0.026,,,,,625000000,-0.323,639000000,-0.310,308000000,,-0.370,37.65,,,,,,10427000000,5972000000,0.573,725.85,5972000000,,,,,30.00,,,,8334976,106273,8196872,false,false,12,2013-04-01,2014-03-31,-1
2015-05-08,47180,2016-03-31,,9630000000,0.045,,,,,,,264000000,0.006,111000000,,-0.157,13.50,,,,,,,,,,,,,,,,,,,,,,false,true,6,2015-04-01,2015-09-30,1
2015-05-08,47180,2016-03-31,,19914000000,0.049,,,,,,,807000000,0.238,433000000,,0.272,52.33,,,,,,,,,,,,,,,30.00,,,,,,,false,true,12,2015-04-01,2016-03-31,1
2015-07-29,47180,2016-03-31,1,3725000000,0.048,,,,,-563000000,,-571000000,,,-407000000,,-49.06,,,,,,11682000000,5659000000,0.484,,5659000000,,,,,,,,,,,,true,false,3,2015-04-01,2015-06-30,0
2015-07-29,47180,2015-03-31,1,3555000000,0.017,,,,,-621000000,,-632000000,,,-432000000,,-52.57,,,,,,,,,,,,,,,,,,,,,,true,false,3,2014-04-01,2014-06-30,-1
2015-07-29,47180,2016-03-31,1,9893000000,0.046,,,,,326000000,0.014,322000000,0.014,,162000000,,19.52,,,,,,,,,,,,,,,,,,,,,,true,true,6,2015-04-01,2015-09-30,0
2015-07-29,47180,2016-03-31,1,20398000000,0.049,,,,,884000000,0.168,890000000,0.214,,505000000,,60.86,,,,,,,,,,,,,,,,,,,,,,true,true,12,2015-04-01,2016-03-31,0
2015-07-29,47180,2015-03-31,1,,,,,,,,,,,,,,,,,,,,11724000000,6185000000,0.528,,6185000000,,,,,,,,,,,,true,false,12,2014-04-01,2015-03-31,-1
2015-07-29,47180,2015-03-31,1,,,,,,,,,,,,,,,,,,,,,,,,,,,,,30.00,,,,8334976,41173,,false,false,12,2014-04-01,2015-03-31,-1
2015-07-29,47180,2016-03-31,1,,,,,,,,,,,,,,,,,,,,,,,,,,,,,30.00,,,,,,,false,true,12,2015-04-01,2016-03-31,0
2015-07-29,47180,2016-03-31,1,,,,,,,,,,,,,,,,,,,,,,,,,,,,,,,,,8334976,28573,8300264,false,false,3,2015-04-01,2015-06-30,0
2015-07-29,47180,2015-03-31,1,,,,,,,,,,,,,,,,,,,,,,,,,,,,,,,,,,,8235724,false,false,3,2014-04-01,2014-06-30,-1
2015-10-19,47180,2016-03-31,,9881000000,-0.001,,,,,508000000,0.559,504000000,0.568,,286000000,,34.45,,,,,,,,,,,,,,,,,,,,,,true,true,6,2015-04-01,2015-09-30,0
2015-10-19,47180,2015-03-31,,9461000000,,,,,,322000000,,317000000,,,187000000,,22.72,,,,,,,,,,,,,,,,,,,,,,true,false,6,2014-04-01,2014-09-30,-1
2015-10-19,47180,2016-03-31,,9611000000,-0.002,,,,,,,425000000,0.607,217000000,,0.946,26.22,,,,,,,,,,,,,,,,,,,,,,false,true,6,2015-04-01,2015-09-30,0
2015-10-19,47180,2015-03-31,,9212000000,,,,,,,,262000000,,132000000,,,16.10,,,,,,,,,,,,,,,,,,,,,,false,false,6,2014-04-01,2014-09-30,-1
2015-10-28,47180,2016-03-31,2,9881000000,0.044,,,,,508000000,0.580,504000000,0.589,,286000000,,34.45,,,,,,12512000000,6326000000,0.506,,6326000000,,,,,,,,,,,,true,false,6,2015-04-01,2015-09-30,0
2015-10-28,47180,2015-03-31,2,9461000000,0.038,,,,,322000000,-0.024,317000000,-0.029,,187000000,,22.72,,,,,,,,,,,,,,,,,,,,,,true,false,6,2014-04-01,2014-09-30,-1
2015-10-28,47180,2016-03-31,2,20398000000,0.049,,,,,884000000,0.168,890000000,0.214,,505000000,,60.77,,,,,,,,,,,,,,,,,,,,,,true,true,12,2015-04-01,2016-03-31,0
2015-10-28,47180,2015-03-31,2,,,,,,,,,,,,,,,,,,,,11724000000,6185000000,0.528,,6185000000,,,,,,,,,,,,true,false,12,2014-04-01,2015-03-31,-1
2015-10-28,47180,2015-03-31,2,,,,,,,,,,,,,,,,,,,,,,,,,,,,,30.00,,,,8334976,41173,,false,false,12,2014-04-01,2015-03-31,-1
2015-10-28,47180,2016-03-31,2,,,,,,,,,,,,,,,,,,,,,,,,,,,,,10.00,,,,,,,false,false,12,2015-04-01,2016-03-31,0
2015-10-28,47180,2016-03-31,2,,,,,,,,,,,,,,,,,,,,,,,,,,,,,30.00,,,,,,,false,true,12,2015-04-01,2016-03-31,0
2015-10-28,47180,2016-03-31,2,,,,,,,,,,,,,,,,,,,,,,,,,,,,,,,,,8334976,9173,8309339,false,false,6,2015-04-01,2015-09-30,0
2015-10-28,47180,2015-03-31,2,,,,,,,,,,,,,,,,,,,,,,,,,,,,,,,,,,,8245448,false,false,6,2014-04-01,2014-09-30,-1
2016-01-29,47180,2016-03-31,3,14940000000,0.041,,,,,773000000,0.590,780000000,0.630,,455000000,,54.81,,,,,,12834000000,6470000000,0.504,,6470000000,,,,,,,,,,,,true,false,9,2015-04-01,2015-12-31,0
2016-01-29,47180,2015-03-31,3,14351000000,0.043,,,,,486000000,0.015,478000000,0.000,,281000000,,34.11,,,,,,,,,,,,,,,,,,,,,,true,false,9,2014-04-01,2014-12-31,-1
2016-01-29,47180,2016-03-31,3,20398000000,0.049,,,,,884000000,0.168,890000000,0.214,,505000000,,60.74,,,,,,,,,,,,,,,,,,,,,,true,true,12,2015-04-01,2016-03-31,0
2016-01-29,47180,2015-03-31,3,,,,,,,,,,,,,,,,,,,,11724000000,6185000000,0.528,,6185000000,,,,,,,,,,,,true,false,12,2014-04-01,2015-03-31,-1
2016-01-29,47180,2015-03-31,3,,,,,,,,,,,,,,,,,,,,,,,,,,,,,30.00,,,,8334976,41173,,false,false,12,2014-04-01,2015-03-31,-1
2016-01-29,47180,2016-03-31,3,,,,,,,,,,,,,,,,,,,,,,,,,,,,,10.00,,,,,,,false,false,12,2015-04-01,2016-03-31,0
2016-01-29,47180,2016-03-31,3,,,,,,,,,,,,,,,,,,,,,,,,,,,,,30.00,,,,,,,false,true,12,2015-04-01,2016-03-31,0
2016-01-29,47180,2016-03-31,3,,,,,,,,,,,,,,,,,,,,,,,,,,,,,,,,,8334976,133,8316680,false,false,9,2015-04-01,2015-12-31,0
2016-01-29,47180,2015-03-31,3,,,,,,,,,,,,,,,,,,,,,,,,,,,,,,,,,,,8253976,false,false,9,2014-04-01,2014-12-31,-1
2016-05-09,47180,2016-03-31,,20190000000,0.038,,,,,1018000000,0.345,1017000000,0.388,,584000000,,70.24,,0.092,0.085,0.050,,12187000000,6549000000,0.537,785.81,6549000000,1360000000,-638000000,-570000000,1709000000,,0.427,,,,,,true,false,12,2015-04-01,2016-03-31,0
2016-05-09,47180,2015-03-31,,19443000000,0.047,,,,,757000000,0.097,732000000,0.064,,420000000,,50.86,,0.069,0.064,0.039,,11724000000,6185000000,0.528,745.75,6185000000,1586000000,-81000000,-792000000,1558000000,,0.590,,,,,,true,false,12,2014-04-01,2015-03-31,-1
2016-05-09,47180,2017-03-31,,10205000000,0.033,,,,,220000000,-0.567,219000000,-0.564,,119000000,,14.34,,,,,,,,,,,,,,,,,,,,,,true,true,6,2016-04-01,2016-09-30,1
2016-05-09,47180,2017-03-31,,21012000000,0.041,,,,,959000000,-0.059,956000000,-0.060,,587000000,,70.48,,,,,,,,,,,,,,,,0.426,,,,,,true,true,12,2016-04-01,2017-03-31,1
2016-05-09,47180,2016-03-31,,19592000000,0.032,,,,,884000000,0.347,919000000,0.409,500000000,,0.467,60.14,,,,,,11545000000,6386000000,0.553,766.23,6386000000,,,,,30.00,,,,8334976,133,8321196,false,false,12,2015-04-01,2016-03-31,0
2016-05-09,47180,2015-03-31,,18984000000,0.043,,,,,656000000,0.050,652000000,0.021,341000000,,0.105,41.29,,,,,,11215000000,6121000000,0.546,738.07,6121000000,,,,,30.00,,,,8334976,41173,8262296,false,false,12,2014-04-01,2015-03-31,-1
2016-05-09,47180,2017-03-31,,9837000000,0.023,,,,,,,155000000,-0.635,69000000,,0.679,8.38,,,,,,,,,,,,,,,,,,,,,,false,true,6,2016-04-01,2016-09-30,1
2016-05-09,47180,2017-03-31,,20323000000,0.037,,,,,,,867000000,-0.057,523000000,,0.047,62.86,,,,,,,,,,,,,,,30.00,,,,,,,false,true,12,2016-04-01,2017-03-31,1
2016-07-29,47180,2017-03-31,1,3720000000,-0.001,,,,,-679000000,,-681000000,,,-472000000,,-56.66,,,,,,12098000000,5919000000,0.489,,5919000000,,,,,,,,,,,,true,false,3,2016-04-01,2016-06-30,0
2016-07-29,47180,2016-03-31,1,3725000000,0.048,,,,,-563000000,,-571000000,,,-407000000,,-49.06,,,,,,,,,,,,,,,,,,,,,,true,false,3,2015-04-01,2015-06-30,-1
2016-07-29,47180,2017-03-31,1,10205000000,0.033,,,,,220000000,-0.567,219000000,-0.564,,119000000,,14.34,,,,,,,,,,,,,,,,,,,,,,true,true,6,2016-04-01,2016-09-30,0
2016-07-29,47180,2017-03-31,1,21012000000,0.041,,,,,959000000,-0.059,956000000,-0.060,,587000000,,70.48,,,,,,,,,,,,,,,,,,,,,,true,true,12,2016-04-01,2017-03-31,0
2016-07-29,47180,2016-03-31,1,,,,,,,,,,,,,,,,,,,,12187000000,6549000000,0.537,,6549000000,,,,,,,,,,,,true,false,12,2015-04-01,2016-03-31,-1
2016-07-29,47180,2016-03-31,1,,,,,,,,,,,,,,,,,,,,,,,,,,,,,30.00,,,,8334976,133,,false,false,12,2015-04-01,2016-03-31,-1
2016-07-29,47180,2017-03-31,1,,,,,,,,,,,,,,,,,,,,,,,,,,,,,30.00,,,,,,,false,true,12,2016-04-01,2017-03-31,0
2016-07-29,47180,2017-03-31,1,,,,,,,,,,,,,,,,,,,,,,,,,,,,,,,,,8334976,133,8334843,false,false,3,2016-04-01,2016-06-30,0
2016-07-29,47180,2016-03-31,1,,,,,,,,,,,,,,,,,,,,,,,,,,,,,,,,,,,8300264,false,false,3,2015-04-01,2015-06-30,-1
2016-10-20,47180,2017-03-31,,10090000000,-0.011,,,,,468000000,1.129,469000000,1.136,,296000000,,35.52,,,,,,,,,,,,,,,,,,,,,,true,true,6,2016-04-01,2016-09-30,0
2016-10-20,47180,2016-03-31,,9881000000,,,,,,508000000,,504000000,,,286000000,,34.45,,,,,,,,,,,,,,,,,,,,,,true,false,6,2015-04-01,2015-09-30,-1
2016-10-20,47180,2017-03-31,,20749000000,-0.013,,,,,1070000000,0.116,1072000000,0.121,,668000000,,80.26,,,,,,,,,,,,,,,,,,,,,,true,true,12,2016-04-01,2017-03-31,0
2016-10-20,47180,2016-03-31,,20190000000,,,,,,1018000000,,1017000000,,,584000000,,70.24,,,,,,,,,,,,,,,,,,,,,,true,false,12,2015-04-01,2016-03-31,-1
2016-10-20,47180,2017-03-31,,9710000000,-0.013,,,,,,,386000000,1.494,222000000,,2.181,26.67,,,,,,,,,,,,,,,,,,,,,,false,true,6,2016-04-01,2016-09-30,0
2016-10-20,47180,2016-03-31,,9611000000,,,,,,,,425000000,,217000000,,,26.22,,,,,,,,,,,,,,,,,,,,,,false,false,6,2015-04-01,2015-09-30,-1
2016-10-20,47180,2017-03-31,,20049000000,-0.013,,,,,,,965000000,0.113,581000000,,0.110,69.75,,,,,,,,,,,,,,,,,,,,,,false,true,12,2016-04-01,2017-03-31,0
2016-10-20,47180,2016-03-31,,19592000000,,,,,,,,919000000,,500000000,,,60.14,,,,,,,,,,,,,,,,,,,,,,false,false,12,2015-04-01,2016-03-31,-1
2016-10-28,47180,2017-03-31,2,10090000000,0.021,,,,,468000000,-0.079,469000000,-0.070,,296000000,,35.52,,,,,,12779000000,6649000000,0.520,,6649000000,,,,,,,,,,,,true,false,6,2016-04-01,2016-09-30,0
2016-10-28,47180,2016-03-31,2,9881000000,0.044,,,,,508000000,0.580,504000000,0.589,,286000000,,34.45,,,,,,,,,,,,,,,,,,,,,,true,false,6,2015-04-01,2015-09-30,-1
2016-10-28,47180,2017-03-31,2,20749000000,0.028,,,,,1070000000,0.050,1072000000,0.054,,668000000,,80.26,,,,,,,,,,,,,,,,,,,,,,true,true,12,2016-04-01,2017-03-31,0
2016-10-28,47180,2016-03-31,2,,,,,,,,,,,,,,,,,,,,12187000000,6549000000,0.537,,6549000000,,,,,,,,,,,,true,false,12,2015-04-01,2016-03-31,-1
2016-10-28,47180,2016-03-31,2,,,,,,,,,,,,,,,,,,,,,,,,,,,,,30.00,,,,8334976,133,,false,false,12,2015-04-01,2016-03-31,-1
2016-10-28,47180,2017-03-31,2,,,,,,,,,,,,,,,,,,,,,,,,,,,,,10.00,,,,,,,false,false,12,2016-04-01,2017-03-31,0
2016-10-28,47180,2017-03-31,2,,,,,,,,,,,,,,,,,,,,,,,,,,,,,30.00,,,,,,,false,true,12,2016-04-01,2017-03-31,0
2016-10-28,47180,2017-03-31,2,,,,,,,,,,,,,,,,,,,,,,,,,,,,,,,,,8334976,133,8334843,false,false,6,2016-04-01,2016-09-30,0
2016-10-28,47180,2016-03-31,2,,,,,,,,,,,,,,,,,,,,,,,,,,,,,,,,,,,8309339,false,false,6,2015-04-01,2015-09-30,-1
2017-01-30,47180,2017-03-31,3,15220000000,0.019,,,,,774000000,0.001,780000000,0.001,,496000000,,59.63,,,,,,13268000000,6824000000,0.514,,6824000000,,,,,,,,,,,,true,false,9,2016-04-01,2016-12-31,0
2017-01-30,47180,2016-03-31,3,14940000000,0.041,,,,,773000000,0.590,780000000,0.630,,455000000,,54.81,,,,,,,,,,,,,,,,,,,,,,true,false,9,2015-04-01,2015-12-31,-1
2017-01-30,47180,2017-03-31,3,20749000000,0.028,,,,,1070000000,0.050,1072000000,0.054,,668000000,,80.26,,,,,,,,,,,,,,,,,,,,,,true,true,12,2016-04-01,2017-03-31,0
2017-01-30,47180,2016-03-31,3,,,,,,,,,,,,,,,,,,,,12187000000,6549000000,0.537,,6549000000,,,,,,,,,,,,true,false,12,2015-04-01,2016-03-31,-1
2017-01-30,47180,2016-03-31,3,,,,,,,,,,,,,,,,,,,,,,,,,,,,,30.00,,,,8334976,133,,false,false,12,2015-04-01,2016-03-31,-1
2017-01-30,47180,2017-03-31,3,,,,,,,,,,,,,,,,,,,,,,,,,,,,,10.00,,,,,,,false,false,12,2016-04-01,2017-03-31,0
2017-01-30,47180,2017-03-31,3,,,,,,,,,,,,,,,,,,,,,,,,,,,,,30.00,,,,,,,false,true,12,2016-04-01,2017-03-31,0
2017-01-30,47180,2017-03-31,3,,,,,,,,,,,,,,,,,,,,,,,,,,,,,,,,,8334976,133,8334843,false,false,9,2016-04-01,2016-12-31,0
2017-01-30,47180,2016-03-31,3,,,,,,,,,,,,,,,,,,,,,,,,,,,,,,,,,,,8316680,false,false,9,2015-04-01,2015-12-31,-1
2017-05-08,47180,2017-03-31,,20685000000,0.025,,,,,1068000000,0.048,1074000000,0.056,,679000000,,81.56,,0.100,0.087,0.052,,12576000000,7040000000,0.560,844.71,7040000000,1263000000,-657000000,-511000000,1804000000,,0.368,,,,,,true,false,12,2016-04-01,2017-03-31,0
2017-05-08,47180,2016-03-31,,20190000000,0.038,,,,,1018000000,0.345,1017000000,0.388,,584000000,,70.24,,0.092,0.085,0.050,,12187000000,6549000000,0.537,785.81,6549000000,1360000000,-638000000,-570000000,1709000000,,0.427,,,,,,true,false,12,2015-04-01,2016-03-31,-1
2017-05-08,47180,2018-03-31,,10423000000,0.033,,,,,355000000,-0.242,356000000,-0.240,,205000000,,24.67,,,,,,,,,,,,,,,,,,,,,,true,true,6,2017-04-01,2017-09-30,1
2017-05-08,47180,2018-03-31,,21787000000,0.053,,,,,1165000000,0.091,1161000000,0.080,,723000000,,86.75,,,,,,,,,,,,,,,,0.346,,,,,,true,true,12,2017-04-01,2018-03-31,1
2017-05-08,47180,2017-03-31,,19972000000,0.019,,,,,935000000,0.057,971000000,0.057,595000000,,0.189,71.40,,,,,,11928000000,6766000000,0.567,811.83,6766000000,,,,,30.00,,,,8334976,133,8334843,false,false,12,2016-04-01,2017-03-31,0
2017-05-08,47180,2016-03-31,,19592000000,0.032,,,,,884000000,0.347,919000000,0.409,500000000,,0.467,60.14,,,,,,11545000000,6386000000,0.553,766.23,6386000000,,,,,30.00,,,,8334976,133,8321196,false,false,12,2015-04-01,2016-03-31,-1
2017-05-08,47180,2018-03-31,,10074000000,0.037,,,,,,,306000000,-0.209,178000000,,-0.196,21.45,,,,,,,,,,,,,,,,,,,,,,false,true,6,2017-04-01,2017-09-30,1
2017-05-08,47180,2018-03-31,,21131000000,0.058,,,,,,,1105000000,0.138,694000000,,0.168,83.36,,,,,,,,,,,,,,,30.00,,,,,,,false,true,12,2017-04-01,2018-03-31,1
2017-07-31,47180,2018-03-31,1,3917000000,0.053,,,,,-584000000,,-593000000,,,-449000000,,-53.91,,,,,,12488000000,6509000000,0.521,,6509000000,,,,,,,,,,,,true,false,3,2017-04-01,2017-06-30,0
2017-07-31,47180,2017-03-31,1,3720000000,-0.001,,,,,-679000000,,-681000000,,,-472000000,,-56.66,,,,,,,,,,,,,,,,,,,,,,true,false,3,2016-04-01,2016-06-30,-1
2017-07-31,47180,2018-03-31,1,10423000000,0.033,,,,,355000000,-0.242,356000000,-0.240,,205000000,,24.67,,,,,,,,,,,,,,,,,,,,,,true,true,6,2017-04-01,2017-09-30,0
2017-07-31,47180,2018-03-31,1,21787000000,0.053,,,,,1165000000,0.091,1161000000,0.080,,723000000,,86.75,,,,,,,,,,,,,,,,,,,,,,true,true,12,2017-04-01,2018-03-31,0
2017-07-31,47180,2017-03-31,1,,,,,,,,,,,,,,,,,,,,12576000000,7040000000,0.560,,7040000000,,,,,,,,,,,,true,false,12,2016-04-01,2017-03-31,-1
2017-07-31,47180,2017-03-31,1,,,,,,,,,,,,,,,,,,,,,,,,,,,,,30.00,,,,8334976,133,,false,false,12,2016-04-01,2017-03-31,-1
2017-07-31,47180,2018-03-31,1,,,,,,,,,,,,,,,,,,,,,,,,,,,,,30.00,,,,,,,false,true,12,2017-04-01,2018-03-31,0
2017-07-31,47180,2018-03-31,1,,,,,,,,,,,,,,,,,,,,,,,,,,,,,,,,,8334976,133,8334843,false,false,3,2017-04-01,2017-06-30,0
2017-07-31,47180,2017-03-31,1,,,,,,,,,,,,,,,,,,,,,,,,,,,,,,,,,,,8334843,false,false,3,2016-04-01,2016-06-30,-1
2017-10-30,47180,2018-03-31,2,10665000000,0.057,,,,,428000000,-0.085,424000000,-0.096,,234000000,,28.17,,,,,,12643000000,7218000000,0.571,,7218000000,,,,,,,,,,,,true,false,6,2017-04-01,2017-09-30,0
2017-10-30,47180,2017-03-31,2,10090000000,0.021,,,,,468000000,-0.079,469000000,-0.070,,296000000,,35.52,,,,,,,,,,,,,,,,,,,,,,true,false,6,2016-04-01,2016-09-30,-1
2017-10-30,47180,2018-03-31,2,21787000000,0.053,,,,,1165000000,0.091,1161000000,0.080,,723000000,,86.75,,,,,,,,,,,,,,,,,,,,,,true,true,12,2017-04-01,2018-03-31,0
2017-10-30,47180,2017-03-31,2,,,,,,,,,,,,,,,,,,,,12576000000,7040000000,0.560,,7040000000,,,,,,,,,,,,true,false,12,2016-04-01,2017-03-31,-1
2017-10-30,47180,2017-03-31,2,,,,,,,,,,,,,,,,,,,,,,,,,,,,,30.00,,,,8334976,133,,false,false,12,2016-04-01,2017-03-31,-1
2017-10-30,47180,2018-03-31,2,,,,,,,,,,,,,,,,,,,,,,,,,,,,,10.00,,,,,,,false,false,12,2017-04-01,2018-03-31,0
2017-10-30,47180,2018-03-31,2,,,,,,,,,,,,,,,,,,,,,,,,,,,,,30.00,,,,,,,false,true,12,2017-04-01,2018-03-31,0
2017-10-30,47180,2018-03-31,2,,,,,,,,,,,,,,,,,,,,,,,,,,,,,,,,,8334976,157,8334837,false,false,6,2017-04-01,2017-09-30,0
2017-10-30,47180,2017-03-31,2,,,,,,,,,,,,,,,,,,,,,,,,,,,,,,,,,,,8334843,false,false,6,2016-04-01,2016-09-30,-1
2018-01-25,47180,2018-03-31,,22228000000,0.020,,,,,1171000000,0.006,1169000000,0.007,,731000000,,87.74,,,,,,,,,,,,,,,,,,,,,,true,true,12,2017-04-01,2018-03-31,0
2018-01-25,47180,2017-03-31,,20685000000,,,,,,1068000000,,1074000000,,,679000000,,81.56,,,,,,,,,,,,,,,,,,,,,,true,false,12,2016-04-01,2017-03-31,-1
2018-01-25,47180,2018-03-31,,21405000000,0.013,,,,,,,1210000000,0.094,801000000,,0.153,96.13,,,,,,,,,,,,,,,,,,,,,,false,true,12,2017-04-01,2018-03-31,0
2018-01-25,47180,2017-03-31,,19972000000,,,,,,,,971000000,,595000000,,,71.40,,,,,,,,,,,,,,,,,,,,,,false,false,12,2016-04-01,2017-03-31,-1
2018-01-31,47180,2018-03-31,3,16244000000,0.067,,,,,709000000,-0.084,712000000,-0.087,,474000000,,56.97,,,,,,15256000000,7428000000,0.487,,7428000000,,,,,,,,,,,,true,false,9,2017-04-01,2017-12-31,0
2018-01-31,47180,2017-03-31,3,15220000000,0.019,,,,,774000000,0.001,780000000,0.001,,496000000,,59.63,,,,,,,,,,,,,,,,,,,,,,true,false,9,2016-04-01,2016-12-31,-1
2018-01-31,47180,2018-03-31,3,22228000000,0.075,,,,,1171000000,0.097,1169000000,0.088,,731000000,,87.74,,,,,,,,,,,,,,,,,,,,,,true,true,12,2017-04-01,2018-03-31,0
2018-01-31,47180,2017-03-31,3,,,,,,,,,,,,,,,,,,,,12576000000,7040000000,0.560,,7040000000,,,,,,,,,,,,true,false,12,2016-04-01,2017-03-31,-1
2018-01-31,47180,2017-03-31,3,,,,,,,,,,,,,,,,,,,,,,,,,,,,,30.00,,,,8334976,133,,false,false,12,2016-04-01,2017-03-31,-1
2018-01-31,47180,2018-03-31,3,,,,,,,,,,,,,,,,,,,,,,,,,,,,,10.00,,,,,,,false,false,12,2017-04-01,2018-03-31,0
2018-01-31,47180,2018-03-31,3,,,,,,,,,,,,,,,,,,,,,,,,,,,,,30.00,,,,,,,false,true,12,2017-04-01,2018-03-31,0
2018-01-31,47180,2018-03-31,3,,,,,,,,,,,,,,,,,,,,,,,,,,,,,,,,,8334976,157,8334831,false,false,9,2017-04-01,2017-12-31,0
2018-01-31,47180,2017-03-31,3,,,,,,,,,,,,,,,,,,,,,,,,,,,,,,,,,,,8334843,false,false,9,2016-04-01,2016-12-31,-1
,47180,2018-03-31,,,,,,,,,,,,,,,,,,,,,,,,,,,,,,33.00,,,,,,,false,true,12,2017-04-01,2018-03-31,0
,47180,2018-03-31,,,,,,,,,,,,,,,,,,,,,,,,,,,,,,10.00,,,,,,,false,false,12,2017-04-01,2018-03-31,0
,47180,2017-03-31,,,,,,,,,,,,,,,,,,,,,,,,,,,,,,30.00,,,,,,,false,false,12,2016-04-01,2017-03-31,-1
2018-05-09,47180,2018-03-31,,22143000000,0.071,,,,,1112000000,0.042,1107000000,0.030,,727000000,,87.85,,0.104,0.082,0.050,,14382000000,6998000000,0.487,883.51,6998000000,1400000000,-1461000000,-444000000,1298000000,,0.376,,,,,,true,false,12,2017-04-01,2018-03-31,0
2018-05-09,47180,2017-03-31,,20685000000,0.025,,,,,1068000000,0.048,1074000000,0.056,,679000000,,81.56,,0.100,0.087,0.052,,12576000000,7040000000,0.560,844.71,7040000000,1263000000,-657000000,-511000000,1804000000,,0.368,,,,,,true,false,12,2016-04-01,2017-03-31,-1
2018-05-09,47180,2019-03-31,,11713000000,0.098,,,,,616000000,0.437,607000000,0.430,,365000000,,46.18,,,,,,,,,,,,,,,,,,,,,,true,true,6,2018-04-01,2018-09-30,1
2018-05-09,47180,2019-03-31,,24299000000,0.097,,,,,1708000000,0.536,1686000000,0.524,,1047000000,,132.21,,,,,,,,,,,,,,,,0.265,,,,,,true,true,12,2018-04-01,2019-03-31,1
2018-05-09,47180,2018-03-31,,21321000000,0.068,,,,,1125000000,0.204,1143000000,0.178,789000000,,0.326,95.29,,,,,,12995000000,6749000000,0.519,852.02,6749000000,,,,,33.00,,,,8334976,413457,8283031,false,false,12,2017-04-01,2018-03-31,0
2018-05-09,47180,2017-03-31,,19972000000,0.019,,,,,935000000,0.057,971000000,0.057,595000000,,0.189,71.40,,,,,,11928000000,6766000000,0.567,811.83,6766000000,,,,,30.00,,,,8334976,133,8334843,false,false,12,2016-04-01,2017-03-31,-1
2018-05-09,47180,2019-03-31,,10960000000,0.063,,,,,,,490000000,0.296,310000000,,0.502,39.14,,,,,,,,,,,,,,,,,,,,,,false,true,6,2018-04-01,2018-09-30,1
2018-05-09,47180,2019-03-31,,22840000000,0.071,,,,,,,1521000000,0.330,979000000,,0.241,123.61,,,,,,,,,,,,,,,35.00,,,,,,,false,true,12,2018-04-01,2019-03-31,1
2018-07-31,47180,2019-03-31,1,4331000000,0.106,,,,,-561000000,,-555000000,,,-418000000,,-52.88,,,,,,13912000000,6411000000,0.461,,6411000000,,,,,,,,,,,,true,false,3,2018-04-01,2018-06-30,0
2018-07-31,47180,2018-03-31,1,3917000000,0.053,,,,,-584000000,,-593000000,,,-449000000,,-53.91,,,,,,,,,,,,,,,,,,,,,,true,false,3,2017-04-01,2017-06-30,-1
2018-07-31,47180,2019-03-31,1,11713000000,0.098,,,,,616000000,0.437,607000000,0.430,,365000000,,46.18,,,,,,,,,,,,,,,,,,,,,,true,true,6,2018-04-01,2018-09-30,0
2018-07-31,47180,2019-03-31,1,24299000000,0.097,,,,,1708000000,0.536,1686000000,0.524,,1047000000,,132.21,,,,,,,,,,,,,,,,,,,,,,true,true,12,2018-04-01,2019-03-31,0
2018-07-31,47180,2018-03-31,1,,,,,,,,,,,,,,,,,,,,14381000000,6998000000,0.487,,6998000000,,,,,,,,,,,,true,false,12,2017-04-01,2018-03-31,-1
2018-07-31,47180,2018-03-31,1,,,,,,,,,,,,,,,,,,,,,,,,,,,,,33.00,,,,8334976,413457,,false,false,12,2017-04-01,2018-03-31,-1
2018-07-31,47180,2019-03-31,1,,,,,,,,,,,,,,,,,,,,,,,,,,,,,35.00,,,,,,,false,true,12,2018-04-01,2019-03-31,0
2018-07-31,47180,2019-03-31,1,,,,,,,,,,,,,,,,,,,,,,,,,,,,,,,,,8334976,413488,7921507,false,false,3,2018-04-01,2018-06-30,0
2018-07-31,47180,2018-03-31,1,,,,,,,,,,,,,,,,,,,,,,,,,,,,,,,,,,,8334843,false,false,3,2017-04-01,2017-06-30,-1
2018-10-31,47180,2019-03-31,2,11625000000,0.090,,,,,640000000,0.495,648000000,0.526,,384000000,,48.57,,,,,,14110000000,7215000000,0.511,,7215000000,,,,,,,,,,,,true,false,6,2018-04-01,2018-09-30,0
2018-10-31,47180,2018-03-31,2,10665000000,0.057,,,,,428000000,-0.085,424000000,-0.096,,234000000,,28.17,,,,,,,,,,,,,,,,,,,,,,true,false,6,2017-04-01,2017-09-30,-1
2018-10-31,47180,2019-03-31,2,24299000000,0.097,,,,,1708000000,0.536,1686000000,0.524,,1047000000,,132.21,,,,,,,,,,,,,,,,,,,,,,true,true,12,2018-04-01,2019-03-31,0
2018-10-31,47180,2018-03-31,2,,,,,,,,,,,,,,,,,,,,14381000000,6998000000,0.487,,6998000000,,,,,,,,,,,,true,false,12,2017-04-01,2018-03-31,-1
2018-10-31,47180,2018-03-31,2,,,,,,,,,,,,,,,,,,,,,,,,,,,,,33.00,,,,8334976,413457,,false,false,12,2017-04-01,2018-03-31,-1
2018-10-31,47180,2019-03-31,2,,,,,,,,,,,,,,,,,,,,,,,,,,,,,10.00,,,,,,,false,false,12,2018-04-01,2019-03-31,0
2018-10-31,47180,2019-03-31,2,,,,,,,,,,,,,,,,,,,,,,,,,,,,,35.00,,,,,,,false,true,12,2018-04-01,2019-03-31,0
2018-10-31,47180,2019-03-31,2,,,,,,,,,,,,,,,,,,,,,,,,,,,,,,,,,8334976,413488,7921498,false,false,6,2018-04-01,2018-09-30,0
2018-10-31,47180,2018-03-31,2,,,,,,,,,,,,,,,,,,,,,,,,,,,,,,,,,,,8334837,false,false,6,2017-04-01,2017-09-30,-1
2019-01-31,47180,2019-03-31,3,17501000000,0.077,,,,,985000000,0.389,1000000000,0.403,,595000000,,75.18,,,,,,16069000000,7219000000,0.449,,7219000000,,,,,,,,,,,,true,false,9,2018-04-01,2018-12-31,0
2019-01-31,47180,2018-03-31,3,16244000000,0.067,,,,,709000000,-0.084,712000000,-0.087,,474000000,,56.97,,,,,,,,,,,,,,,,,,,,,,true,false,9,2017-04-01,2017-12-31,-1
2019-01-31,47180,2019-03-31,3,24299000000,0.097,,,,,1708000000,0.536,1686000000,0.524,,1047000000,,132.21,,,,,,,,,,,,,,,,,,,,,,true,true,12,2018-04-01,2019-03-31,0
2019-01-31,47180,2018-03-31,3,,,,,,,,,,,,,,,,,,,,14381000000,6998000000,0.487,,6998000000,,,,,,,,,,,,true,false,12,2017-04-01,2018-03-31,-1
2019-01-31,47180,2018-03-31,3,,,,,,,,,,,,,,,,,,,,,,,,,,,,,33.00,,,,8334976,413457,,false,false,12,2017-04-01,2018-03-31,-1
2019-01-31,47180,2019-03-31,3,,,,,,,,,,,,,,,,,,,,,,,,,,,,,10.00,,,,,,,false,false,12,2018-04-01,2019-03-31,0
2019-01-31,47180,2019-03-31,3,,,,,,,,,,,,,,,,,,,,,,,,,,,,,35.00,,,,,,,false,true,12,2018-04-01,2019-03-31,0
2019-01-31,47180,2019-03-31,3,,,,,,,,,,,,,,,,,,,,,,,,,,,,,,,,,8334976,413541,7921484,false,false,9,2018-04-01,2018-12-31,0
2019-01-31,47180,2018-03-31,3,,,,,,,,,,,,,,,,,,,,,,,,,,,,,,,,,,,8334831,false,false,9,2017-04-01,2017-12-31,-1
2019-05-09,47180,2019-03-31,,23814000000,0.075,,,,,1526000000,0.372,1538000000,0.389,,925000000,,58.43,,0.127,0.104,0.064,,15063000000,7625000000,0.506,481.33,7625000000,2150000000,-1038000000,-966000000,1443000000,,0.300,,,,,,true,false,12,2018-04-01,2019-03-31,0
2019-05-09,47180,2018-03-31,,22143000000,0.071,,,,,1112000000,0.042,1107000000,0.030,,727000000,,43.92,,0.104,0.082,0.050,,14381000000,6998000000,0.487,441.75,6998000000,1400000000,-1461000000,-444000000,1298000000,,0.376,,,,,,true,false,12,2017-04-01,2018-03-31,-1
2019-05-09,47180,2020-03-31,,12305000000,0.058,,,,,653000000,0.019,647000000,-0.002,,386000000,,24.38,,,,,,,,,,,,,,,,,,,,,,true,true,6,2019-04-01,2019-09-30,1
2019-05-09,47180,2020-03-31,,25268000000,0.061,,,,,1739000000,0.140,1734000000,0.127,,1067000000,,67.38,,,,,,,,,,,,,,,,0.297,,,,,,true,true,12,2019-04-01,2020-03-31,1
2019-05-09,47180,2019-03-31,,22398000000,0.051,,,,,1363000000,0.212,1406000000,0.229,882000000,,0.118,55.71,,,,,,13575000000,7313000000,0.539,461.65,7313000000,,,,,35.00,,,,16669952,827082,15842944,false,false,12,2018-04-01,2019-03-31,0
2019-05-09,47180,2018-03-31,,21321000000,0.068,,,,,1125000000,0.204,1143000000,0.178,789000000,,0.326,47.65,,,,,,12995000000,6749000000,0.519,426.01,6749000000,,,,,33.00,,,,16669952,826914,16566062,false,false,12,2017-04-01,2018-03-31,-1
2019-05-09,47180,2020-03-31,,11625000000,0.067,,,,,,,599000000,0.088,375000000,,0.100,23.72,,,,,,,,,,,,,,,,,,,,,,false,true,6,2019-04-01,2019-09-30,1
2019-05-09,47180,2020-03-31,,23877000000,0.066,,,,,,,1643000000,0.169,1053000000,,0.193,66.48,,,,,,,,,,,,,,,20.00,,,,,,,false,true,12,2019-04-01,2020-03-31,1
2019-05-09,47180,2019-03-31,,23814000000,0.075,,,,,1526000000,0.372,1538000000,0.389,,925000000,,58.43,,0.127,0.104,0.064,,15063000000,7625000000,0.506,481.33,7625000000,2150000000,-1038000000,-966000000,1443000000,,0.300,,,,,,true,false,12,2018-04-01,2019-03-31,0
2019-05-09,47180,2018-03-31,,22143000000,0.071,,,,,1112000000,0.042,1107000000,0.030,,727000000,,43.92,,0.104,0.082,0.050,,14381000000,6998000000,0.487,441.75,6998000000,1400000000,-1461000000,-444000000,1298000000,,0.376,,,,,,true,false,12,2017-04-01,2018-03-31,-1
2019-05-09,47180,2020-03-31,,12305000000,0.058,,,,,653000000,0.019,647000000,-0.002,,386000000,,24.38,,,,,,,,,,,,,,,,,,,,,,true,true,6,2019-04-01,2019-09-30,1
2019-05-09,47180,2020-03-31,,25268000000,0.061,,,,,1739000000,0.140,1734000000,0.127,,1067000000,,67.38,,,,,,,,,,,,,,,,0.297,,,,,,true,true,12,2019-04-01,2020-03-31,1
2019-05-09,47180,2019-03-31,,22398000000,0.051,,,,,1363000000,0.212,1406000000,0.229,882000000,,0.118,55.71,,,,,,13575000000,7313000000,0.539,461.65,7313000000,,,,,35.00,,,,16669952,827082,15842944,false,false,12,2018-04-01,2019-03-31,0
2019-05-09,47180,2018-03-31,,21321000000,0.068,,,,,1125000000,0.204,1143000000,0.178,789000000,,0.326,47.65,,,,,,12995000000,6749000000,0.519,426.01,6749000000,,,,,33.00,,,,16669952,826914,16566062,false,false,12,2017-04-01,2018-03-31,-1
2019-05-09,47180,2020-03-31,,11625000000,0.067,,,,,,,599000000,0.088,375000000,,0.100,23.72,,,,,,,,,,,,,,,,,,,,,,false,true,6,2019-04-01,2019-09-30,1
2019-05-09,47180,2020-03-31,,23877000000,0.066,,,,,,,1643000000,0.169,1053000000,,0.193,66.48,,,,,,,,,,,,,,,20.00,,,,,,,false,true,12,2019-04-01,2020-03-31,1
2019-07-31,47180,2020-03-31,1,4639000000,0.071,,,,,-481000000,,-483000000,,,-372000000,,-23.53,,,,,,14118000000,7052000000,0.500,,7052000000,,,,,,,,,,,,true,false,3,2019-04-01,2019-06-30,0
2019-07-31,47180,2019-03-31,1,4331000000,0.106,,,,,-561000000,,-555000000,,,-418000000,,-26.44,,,,,,,,,,,,,,,,,,,,,,true,false,3,2018-04-01,2018-06-30,-1
2019-07-31,47180,2020-03-31,1,12305000000,0.058,,,,,653000000,0.019,647000000,-0.002,,386000000,,24.38,,,,,,,,,,,,,,,,,,,,,,true,true,6,2019-04-01,2019-09-30,0
2019-07-31,47180,2020-03-31,1,25268000000,0.061,,,,,1739000000,0.140,1734000000,0.127,,1067000000,,67.38,,,,,,,,,,,,,,,,,,,,,,true,true,12,2019-04-01,2020-03-31,0
2019-07-31,47180,2019-03-31,1,,,,,,,,,,,,,,,,,,,,15063000000,7625000000,0.506,,7625000000,,,,,,,,,,,,true,false,12,2018-04-01,2019-03-31,-1
2019-07-31,47180,2019-03-31,1,,,,,,,,,,,,,,,,,,,,,,,,,,,,,35.00,,,,16669952,827082,,false,false,12,2018-04-01,2019-03-31,-1
2019-07-31,47180,2020-03-31,1,,,,,,,,,,,,,,,,,,,,,,,,,,,,,20.00,,,,,,,false,true,12,2019-04-01,2020-03-31,0
2019-07-31,47180,2020-03-31,1,,,,,,,,,,,,,,,,,,,,,,,,,,,,,,,,,16669952,827082,15842870,false,false,3,2019-04-01,2019-06-30,0
2019-07-31,47180,2019-03-31,1,,,,,,,,,,,,,,,,,,,,,,,,,,,,,,,,,,,15843015,false,false,3,2018-04-01,2018-06-30,-1
2019-10-31,47180,2020-03-31,2,12319000000,0.060,,,,,780000000,0.217,774000000,0.195,,428000000,,27.03,,,,,,14470000000,7857000000,0.543,,7857000000,,,,,,,,,,,,true,false,6,2019-04-01,2019-09-30,0
2019-10-31,47180,2019-03-31,2,11625000000,0.090,,,,,640000000,0.495,648000000,0.526,,384000000,,24.28,,,,,,,,,,,,,,,,,,,,,,true,false,6,2018-04-01,2018-09-30,-1
2019-10-31,47180,2020-03-31,2,25268000000,0.061,,,,,1739000000,0.140,1734000000,0.127,,1067000000,,67.38,,,,,,,,,,,,,,,,,,,,,,true,true,12,2019-04-01,2020-03-31,0
2019-10-31,47180,2019-03-31,2,,,,,,,,,,,,,,,,,,,,15063000000,7625000000,0.506,,7625000000,,,,,,,,,,,,true,false,12,2018-04-01,2019-03-31,-1
2019-10-31,47180,2019-03-31,2,,,,,,,,,,,,,,,,,,,,,,,,,,,,,35.00,,,,16669952,827082,,false,false,12,2018-04-01,2019-03-31,-1
2019-10-31,47180,2020-03-31,2,,,,,,,,,,,,,,,,,,,,,,,,,,,,,5.00,,,,,,,false,false,12,2019-04-01,2020-03-31,0
2019-10-31,47180,2020-03-31,2,,,,,,,,,,,,,,,,,,,,,,,,,,,,,20.00,,,,,,,false,true,12,2019-04-01,2020-03-31,0
2019-10-31,47180,2020-03-31,2,,,,,,,,,,,,,,,,,,,,,,,,,,,,,,,,,16669952,827134,15842860,false,false,6,2019-04-01,2019-09-30,0
2019-10-31,47180,2019-03-31,2,,,,,,,,,,,,,,,,,,,,,,,,,,,,,,,,,,,15842995,false,false,6,2018-04-01,2018-09-30,-1
2020-01-31,47180,2020-03-31,3,18420000000,0.052,,,,,1069000000,0.085,1067000000,0.067,,743000000,,46.95,,,,,,16733000000,8291000000,0.496,,8291000000,,,,,,,,,,,,true,false,9,2019-04-01,2019-12-31,0
2020-01-31,47180,2019-03-31,3,17501000000,0.077,,,,,985000000,0.389,1000000000,0.403,,595000000,,37.59,,,,,,,,,,,,,,,,,,,,,,true,false,9,2018-04-01,2018-12-31,-1
2020-01-31,47180,2020-03-31,3,25268000000,0.061,,,,,1739000000,0.140,1734000000,0.127,,1067000000,,67.38,,,,,,,,,,,,,,,,,,,,,,true,true,12,2019-04-01,2020-03-31,0
2020-01-31,47180,2019-03-31,3,,,,,,,,,,,,,,,,,,,,15063000000,7625000000,0.506,,7625000000,,,,,,,,,,,,true,false,12,2018-04-01,2019-03-31,-1
2020-01-31,47180,2019-03-31,3,,,,,,,,,,,,,,,,,,,,,,,,,,,,,35.00,,,,16669952,827082,,false,false,12,2018-04-01,2019-03-31,-1
2020-01-31,47180,2020-03-31,3,,,,,,,,,,,,,,,,,,,,,,,,,,,,,5.00,,,,,,,false,false,12,2019-04-01,2020-03-31,0
2020-01-31,47180,2020-03-31,3,,,,,,,,,,,,,,,,,,,,,,,,,,,,,20.00,,,,,,,false,true,12,2019-04-01,2020-03-31,0
2020-01-31,47180,2020-03-31,3,,,,,,,,,,,,,,,,,,,,,,,,,,,,,,,,,16669952,827134,15842846,false,false,9,2019-04-01,2019-12-31,0
2020-01-31,47180,2019-03-31,3,,,,,,,,,,,,,,,,,,,,,,,,,,,,,,,,,,,15842968,false,false,9,2018-04-01,2018-12-31,-1
2020-04-28,47180,2020-03-31,,24611000000,-0.026,,,,,1169000000,-0.328,1162000000,-0.329,,772000000,,48.76,,,,,,,,,,,,,,,,,,,,,,true,true,12,2019-04-01,2020-03-31,0
2020-04-28,47180,2019-03-31,,23814000000,,,,,,1526000000,,1538000000,,,925000000,,58.43,,,,,,,,,,,,,,,,,,,,,,true,false,12,2018-04-01,2019-03-31,-1
2020-04-28,47180,2020-03-31,,23183000000,-0.029,,,,,,,1094000000,-0.334,769000000,,-0.269,48.58,,,,,,,,,,,,,,,,,,,,,,false,true,12,2019-04-01,2020-03-31,0
2020-04-28,47180,2019-03-31,,22398000000,,,,,,,,1406000000,,882000000,,,55.71,,,,,,,,,,,,,,,,,,,,,,false,false,12,2018-04-01,2019-03-31,-1
2020-05-12,47180,2020-03-31,,24611000000,0.033,,,,,1169000000,-0.234,1162000000,-0.244,,772000000,,48.76,,0.097,0.077,0.048,,15324000000,8242000000,0.538,520.29,8242000000,1525000000,-146000000,-999000000,1823000000,,0.410,,,,,,true,false,12,2019-04-01,2020-03-31,0
2020-05-12,47180,2019-03-31,,23814000000,0.075,,,,,1526000000,0.372,1538000000,0.389,,925000000,,58.43,,0.127,0.104,0.064,,15063000000,7625000000,0.506,481.33,7625000000,2150000000,-1038000000,-966000000,1443000000,,0.300,,,,,,true,false,12,2018-04-01,2019-03-31,-1
2020-05-12,47180,2020-03-31,,23183000000,0.035,,,,,1075000000,-0.211,1094000000,-0.222,769000000,,-0.128,48.58,,,,,,14075000000,7903000000,0.561,498.84,7903000000,,,,,20.00,,,,16669952,827134,15842839,false,false,12,2019-04-01,2020-03-31,0
2020-05-12,47180,2019-03-31,,22398000000,0.051,,,,,1363000000,0.212,1406000000,0.229,882000000,,0.118,55.71,,,,,,13575000000,7313000000,0.539,461.65,7313000000,,,,,35.00,,,,16669952,827082,15842944,false,false,12,2018-04-01,2019-03-31,-1
2020-07-31,47180,2021-03-31,1,4422000000,-0.047,,,,,-688000000,,-679000000,,,-572000000,,-36.13,,,,,,15861000000,7350000000,0.463,,7350000000,,,,,,,,,,,,true,false,3,2020-04-01,2020-06-30,0
2020-07-31,47180,2020-03-31,1,4639000000,0.071,,,,,-481000000,,-483000000,,,-372000000,,-23.53,,,,,,,,,,,,,,,,,,,,,,true,false,3,2019-04-01,2019-06-30,-1
2020-07-31,47180,2021-03-31,1,11583000000,-0.060,,,,,111000000,-0.857,115000000,-0.851,,-107000000,,-6.80,,,,,,,,,,,,,,,,,,,,,,true,true,6,2020-04-01,2020-09-30,0
2020-07-31,47180,2021-03-31,1,24423000000,-0.008,,,,,466000000,-0.601,462000000,-0.602,,113000000,,7.14,,,,,,,,,,,,,,,,,,,,,,true,true,12,2020-04-01,2021-03-31,0
2020-07-31,47180,2020-03-31,1,,,,,,,,,,,,,,,,,,,,15324000000,8242000000,0.538,,8242000000,,,,,,,,,,,,true,false,12,2019-04-01,2020-03-31,-1
2020-07-31,47180,2020-03-31,1,,,,,,,,,,,,,,,,,,,,,,,,,,,,,20.00,,,,16669952,827134,,false,false,12,2019-04-01,2020-03-31,-1
2020-07-31,47180,2021-03-31,1,,,,,,,,,,,,,,,,,,,,,,,,,,,,,20.00,,,,,,,false,true,12,2020-04-01,2021-03-31,0
2020-07-31,47180,2021-03-31,1,,,,,,,,,,,,,,,,,,,,,,,,,,,,,,,,,16669952,819934,15843767,false,false,3,2020-04-01,2020-06-30,0
2020-07-31,47180,2020-03-31,1,,,,,,,,,,,,,,,,,,,,,,,,,,,,,,,,,,,15842870,false,false,3,2019-04-01,2019-06-30,-1
2020-07-31,47180,2021-03-31,,11583000000,,,,,,111000000,,115000000,,-107000000,,,-6.80,,,,,,,,,,,,,,,,,,,,,,true,true,6,2020-04-01,2020-09-30,0
2020-07-31,47180,2020-03-31,,12319000000,,,,,,780000000,,774000000,,428000000,,,27.03,,,,,,,,,,,,,,,,,,,,,,true,false,6,2019-04-01,2019-09-30,-1
2020-07-31,47180,2021-03-31,,24423000000,,,,,,466000000,,462000000,,,113000000,,7.14,,,,,,,,,,,,,,,,,,,,,,true,true,12,2020-04-01,2021-03-31,0
2020-07-31,47180,2020-03-31,,24611000000,,,,,,1169000000,,1162000000,,,772000000,,48.76,,,,,,,,,,,,,,,,,,,,,,true,false,12,2019-04-01,2020-03-31,-1
2020-07-31,47180,2021-03-31,,10881000000,,,,,,51000000,,265000000,,95000000,,,6.02,,,,,,,,,,,,,,,,,,,,,,false,true,6,2020-04-01,2020-09-30,0
2020-07-31,47180,2020-03-31,,11555000000,,,,,,658000000,,666000000,,379000000,,,23.97,,,,,,,,,,,,,,,,,,,,,,false,false,6,2019-04-01,2019-09-30,-1
2020-07-31,47180,2021-03-31,,22978000000,,,,,,392000000,,607000000,,336000000,,,21.25,,,,,,,,,,,,,,,20.00,,,,,,,false,true,12,2020-04-01,2021-03-31,0
2020-07-31,47180,2020-03-31,,23183000000,,,,,,1075000000,,1094000000,,769000000,,,48.58,,,,,,,,,,,,,,,20.00,,,,,,,false,false,12,2019-04-01,2020-03-31,-1
2020-10-27,47180,2021-03-31,,11943000000,0.031,,,,,332000000,1.979,338000000,1.931,,96000000,,6.08,,,,,,,,,,,,,,,,,,,,,,true,true,6,2020-04-01,2020-09-30,0
2020-10-27,47180,2020-03-31,,12319000000,,,,,,780000000,,774000000,,,428000000,,27.03,,,,,,,,,,,,,,,,,,,,,,true,false,6,2019-04-01,2019-09-30,-1
2020-10-27,47180,2021-03-31,,11254000000,0.034,,,,,295000000,4.731,511000000,0.924,319000000,,2.351,20.17,,,,,,,,,,,,,,,,,,,,,,false,true,6,2020-04-01,2020-09-30,0
2020-10-27,47180,2020-03-31,,11555000000,,,,,,658000000,,666000000,,379000000,,,23.97,,,,,,,,,,,,,,,,,,,,,,false,false,6,2019-04-01,2019-09-30,-1
2020-10-30,47180,2021-03-31,2,11943000000,-0.030,,,,,332000000,-0.573,338000000,-0.563,,96000000,,6.08,,,,,,16577000000,8050000000,0.486,,8050000000,,,,,,,,,,,,true,false,6,2020-04-01,2020-09-30,0
2020-10-30,47180,2020-03-31,2,12319000000,0.060,,,,,780000000,0.217,774000000,0.195,,428000000,,27.03,,,,,,,,,,,,,,,,,,,,,,true,false,6,2019-04-01,2019-09-30,-1
2020-10-30,47180,2021-03-31,2,24423000000,-0.008,,,,,466000000,-0.601,462000000,-0.602,,113000000,,7.14,,,,,,,,,,,,,,,,,,,,,,true,true,12,2020-04-01,2021-03-31,0
2020-10-30,47180,2020-03-31,2,,,,,,,,,,,,,,,,,,,,15324000000,8242000000,0.538,,8242000000,,,,,,,,,,,,true,false,12,2019-04-01,2020-03-31,-1
2020-10-30,47180,2020-03-31,2,,,,,,,,,,,,,,,,,,,,,,,,,,,,,20.00,,,,16669952,827134,,false,false,12,2019-04-01,2020-03-31,-1
2020-10-30,47180,2021-03-31,2,,,,,,,,,,,,,,,,,,,,,,,,,,,,,5.00,,,,,,,false,false,12,2020-04-01,2021-03-31,0
2020-10-30,47180,2021-03-31,2,,,,,,,,,,,,,,,,,,,,,,,,,,,,,20.00,,,,,,,false,true,12,2020-04-01,2021-03-31,0
2020-10-30,47180,2021-03-31,2,,,,,,,,,,,,,,,,,,,,,,,,,,,,,,,,,16669952,812834,15850479,false,false,6,2020-04-01,2020-09-30,0
2020-10-30,47180,2020-03-31,2,,,,,,,,,,,,,,,,,,,,,,,,,,,,,,,,,,,15842860,false,false,6,2019-04-01,2019-09-30,-1
2020-12-10,47180,2021-03-31,,25186000000,0.031,,,,,581000000,0.246,582000000,0.260,,238000000,,15.06,,,,,,,,,,,,,,,,,,,,,,true,true,12,2020-04-01,2021-03-31,0
2020-12-10,47180,2020-03-31,,24611000000,,,,,,1169000000,,1162000000,,,772000000,,48.76,,,,,,,,,,,,,,,,,,,,,,true,false,12,2019-04-01,2020-03-31,-1
2020-12-10,47180,2021-03-31,,23719000000,0.032,,,,,519000000,0.324,725000000,0.194,473000000,,0.404,29.84,,,,,,,,,,,,,,,,,,,,,,false,true,12,2020-04-01,2021-03-31,0
2020-12-10,47180,2020-03-31,,23183000000,,,,,,1075000000,,1094000000,,769000000,,,48.58,,,,,,,,,,,,,,,,,,,,,,false,false,12,2019-04-01,2020-03-31,-1
2021-01-29,47180,2021-03-31,3,18560000000,0.008,,,,,772000000,-0.278,793000000,-0.256,,399000000,,25.18,,,,,,18357000000,8260000000,0.450,,8260000000,,,,,,,,,,,,true,false,9,2020-04-01,2020-12-31,0
2021-01-29,47180,2020-03-31,3,18420000000,0.052,,,,,1069000000,0.085,1067000000,0.067,,743000000,,46.95,,,,,,,,,,,,,,,,,,,,,,true,false,9,2019-04-01,2019-12-31,-1
2021-01-29,47180,2021-03-31,3,25186000000,0.023,,,,,581000000,-0.502,582000000,-0.499,,238000000,,15.06,,,,,,,,,,,,,,,,,,,,,,true,true,12,2020-04-01,2021-03-31,0
2021-01-29,47180,2020-03-31,3,,,,,,,,,,,,,,,,,,,,15324000000,8242000000,0.538,,8242000000,,,,,,,,,,,,true,false,12,2019-04-01,2020-03-31,-1
2021-01-29,47180,2020-03-31,3,,,,,,,,,,,,,,,,,,,,,,,,,,,,,20.00,,,,16669952,827134,,false,false,12,2019-04-01,2020-03-31,-1
2021-01-29,47180,2021-03-31,3,,,,,,,,,,,,,,,,,,,,,,,,,,,,,5.00,,,,,,,false,false,12,2020-04-01,2021-03-31,0
2021-01-29,47180,2021-03-31,3,,,,,,,,,,,,,,,,,,,,,,,,,,,,,20.00,,,,,,,false,true,12,2020-04-01,2021-03-31,0
2021-01-29,47180,2021-03-31,3,,,,,,,,,,,,,,,,,,,,,,,,,,,,,,,,,16669952,812834,15852700,false,false,9,2020-04-01,2020-12-31,0
2021-01-29,47180,2020-03-31,3,,,,,,,,,,,,,,,,,,,,,,,,,,,,,,,,,,,15842846,false,false,9,2019-04-01,2019-12-31,-1
2021-02-12,47180,2021-03-31,,25324000000,0.005,,,,,754000000,0.296,762000000,0.309,,374000000,,23.65,,,,,,,,,,,,,,,,,,,,,,true,true,12,2020-04-01,2021-03-31,0
2021-02-12,47180,2020-03-31,,24611000000,,,,,,1169000000,,1162000000,,,772000000,,48.76,,,,,,,,,,,,,,,,,,,,,,true,false,12,2019-04-01,2020-03-31,-1
2021-02-12,47180,2021-03-31,,23855000000,0.006,,,,,684000000,0.317,898000000,0.238,592000000,,0.253,37.39,,,,,,,,,,,,,,,,,,,,,,false,true,12,2020-04-01,2021-03-31,0
2021-02-12,47180,2020-03-31,,23183000000,,,,,,1075000000,,1094000000,,769000000,,,48.58,,,,,,,,,,,,,,,,,,,,,,false,false,12,2019-04-01,2020-03-31,-1
2021-04-26,47180,2021-03-31,,25453000000,0.005,,,,,1064000000,0.411,1077000000,0.413,,533000000,,33.43,,,,,,,,,,,,,,,,,,,,,,true,true,12,2020-04-01,2021-03-31,0
2021-04-26,47180,2020-03-31,,24611000000,,,,,,1169000000,,1162000000,,,772000000,,48.76,,,,,,,,,,,,,,,,,,,,,,true,false,12,2019-04-01,2020-03-31,-1
2021-04-26,47180,2021-03-31,,23985000000,0.005,,,,,980000000,0.432,1195000000,0.331,733000000,,0.237,45.91,,,,,,,,,,,,,,,,,,,,,,false,true,12,2020-04-01,2021-03-31,0
2021-04-26,47180,2020-03-31,,23183000000,,,,,,1075000000,,1094000000,,769000000,,,48.58,,,,,,,,,,,,,,,,,,,,,,false,false,12,2019-04-01,2020-03-31,-1
2021-05-10,47180,2021-03-31,,25453000000,0.034,,,,,1064000000,-0.090,1077000000,-0.073,,529000000,,33.13,,0.055,0.064,0.042,,18586000000,11004000000,0.592,583.59,11004000000,1900000000,-439000000,1946000000,5233000000,,0.604,,,,,,true,false,12,2020-04-01,2021-03-31,0
2021-05-10,47180,2020-03-31,,24611000000,0.033,,,,,1169000000,-0.234,1162000000,-0.244,,772000000,,48.76,,0.097,0.077,0.048,,15324000000,8242000000,0.538,520.29,8242000000,1525000000,-146000000,-999000000,1823000000,,0.410,,,,,,true,false,12,2019-04-01,2020-03-31,-1
2021-05-10,47180,2022-03-31,,13323000000,0.116,,,,,460000000,0.382,462000000,0.366,,245000000,,13.01,,,,,,,,,,,,,,,,,,,,,,true,true,6,2021-04-01,2021-09-30,1
2021-05-10,47180,2022-03-31,,27633000000,0.086,,,,,1217000000,0.144,1219000000,0.131,,672000000,,35.68,,,,,,,,,,,,,,,,0.561,,,,,,true,true,12,2021-04-01,2022-03-31,1
2021-05-10,47180,2021-03-31,,23985000000,0.035,,,,,980000000,-0.089,1195000000,0.092,733000000,,-0.047,45.91,,,,,,17707000000,10866000000,0.614,576.26,10866000000,,,,,20.00,,,,19012452,155334,15971360,false,false,12,2020-04-01,2021-03-31,0
2021-05-10,47180,2020-03-31,,23183000000,0.035,,,,,1075000000,-0.211,1094000000,-0.222,769000000,,-0.128,48.58,,,,,,14075000000,7903000000,0.561,498.84,7903000000,,,,,20.00,,,,16669952,827134,15842839,false,false,12,2019-04-01,2020-03-31,-1
2021-05-10,47180,2022-03-31,,12553000000,0.115,,,,,,,506000000,-0.010,328000000,,0.029,17.45,,,,,,,,,,,,,,,,,,,,,,false,true,6,2021-04-01,2021-09-30,1
2021-05-10,47180,2022-03-31,,26075000000,0.087,,,,,,,1249000000,0.045,769000000,,0.049,40.79,,,,,,,,,,,,,,,20.00,,,,,,,false,true,12,2021-04-01,2022-03-31,1
2021-07-30,47180,2022-03-31,1,5231000000,0.183,,,,,-415000000,,-408000000,,,-317000000,,-16.85,,,,,,17129000000,10261000000,0.599,,10261000000,,,,,,,,,,,,true,false,3,2021-04-01,2021-06-30,0
2021-07-30,47180,2021-03-31,1,4422000000,-0.047,,,,,-688000000,,-679000000,,,-572000000,,-36.13,,,,,,,,,,,,,,,,,,,,,,true,false,3,2020-04-01,2020-06-30,-1
2021-07-30,47180,2022-03-31,1,13323000000,0.116,,,,,460000000,0.382,462000000,0.366,,245000000,,13.01,,,,,,,,,,,,,,,,,,,,,,true,true,6,2021-04-01,2021-09-30,0
2021-07-30,47180,2022-03-31,1,27633000000,0.086,,,,,1217000000,0.144,1219000000,0.131,,672000000,,35.68,,,,,,,,,,,,,,,,,,,,,,true,true,12,2021-04-01,2022-03-31,0
2021-07-30,47180,2021-03-31,1,,,,,,,,,,,,,,,,,,,,18586000000,11004000000,0.592,,11004000000,,,,,,,,,,,,true,false,12,2020-04-01,2021-03-31,-1
2021-07-30,47180,2021-03-31,1,,,,,,,,,,,,,,,,,,,,,,,,,,,,,20.00,,,,19012452,155334,,false,false,12,2020-04-01,2021-03-31,-1
2021-07-30,47180,2022-03-31,1,,,,,,,,,,,,,,,,,,,,,,,,,,,,,20.00,,,,,,,false,true,12,2021-04-01,2022-03-31,0
2021-07-30,47180,2022-03-31,1,,,,,,,,,,,,,,,,,,,,,,,,,,,,,,,,,19012452,155334,18857118,false,false,3,2021-04-01,2021-06-30,0
2021-07-30,47180,2021-03-31,1,,,,,,,,,,,,,,,,,,,,,,,,,,,,,,,,,,,15843767,false,false,3,2020-04-01,2020-06-30,-1
2021-08-25,47180,2022-03-31,,13712000000,0.029,,,,,827000000,0.798,825000000,0.782,496000000,,1.026,26.36,,,,,,,,,,,,,,,,,,,,,,true,true,6,2021-04-01,2021-09-30,0
2021-08-25,47180,2021-03-31,,11943000000,,,,,,332000000,,338000000,,96000000,,,6.08,,,,,,,,,,,,,,,,,,,,,,true,false,6,2020-04-01,2020-09-30,-1
2021-08-25,47180,2022-03-31,,28370000000,0.027,,,,,1591000000,0.307,1587000000,0.302,,925000000,,49.09,,,,,,,,,,,,,,,,,,,,,,true,true,12,2021-04-01,2022-03-31,0
2021-08-25,47180,2021-03-31,,25453000000,,,,,,1064000000,,1077000000,,,529000000,,33.13,,,,,,,,,,,,,,,,,,,,,,true,false,12,2020-04-01,2021-03-31,-1
2021-08-25,47180,2022-03-31,,12932000000,0.030,,,,,,,846000000,0.671,562000000,,0.710,29.84,,,,,,,,,,,,,,,,,,,,,,false,true,6,2021-04-01,2021-09-30,0
2021-08-25,47180,2021-03-31,,11254000000,,,,,,,,511000000,,319000000,,,20.17,,,,,,,,,,,,,,,,,,,,,,false,false,6,2020-04-01,2020-09-30,-1
2021-08-25,47180,2022-03-31,,26796000000,0.028,,,,,,,1596000000,0.278,1006000000,,0.308,53.36,,,,,,,,,,,,,,,,,,,,,,false,true,12,2021-04-01,2022-03-31,0
2021-08-25,47180,2021-03-31,,23985000000,,,,,,,,1195000000,,733000000,,,45.91,,,,,,,,,,,,,,,,,,,,,,false,false,12,2020-04-01,2021-03-31,-1
,47180,2022-03-31,,,,,,,,,,,,,,,,,,,,,,,,,,,,,,22.00,,,,,,,false,true,12,2021-04-01,2022-03-31,0
,47180,2021-03-31,,,,,,,,,,,,,,,,,,,,,,,,,,,,,,20.00,,,,,,,false,false,12,2020-04-01,2021-03-31,-1
2021-10-29,47180,2022-03-31,2,13713000000,0.148,,,,,917000000,1.757,920000000,1.716,,569000000,,30.21,,,,,,18129000000,11127000000,0.614,,11127000000,,,,,,,,,,,,true,false,6,2021-04-01,2021-09-30,0
2021-10-29,47180,2021-03-31,2,11943000000,-0.030,,,,,332000000,-0.573,338000000,-0.563,,96000000,,6.08,,,,,,,,,,,,,,,,,,,,,,true,false,6,2020-04-01,2020-09-30,-1
2021-10-29,47180,2022-03-31,2,28370000000,0.115,,,,,1591000000,0.495,1587000000,0.473,,925000000,,49.09,,,,,,,,,,,,,,,,,,,,,,true,true,12,2021-04-01,2022-03-31,0
2021-10-29,47180,2021-03-31,2,,,,,,,,,,,,,,,,,,,,18586000000,11004000000,0.592,,11004000000,,,,,,,,,,,,true,false,12,2020-04-01,2021-03-31,-1
2021-10-29,47180,2021-03-31,2,,,,,,,,,,,,,,,,,,,,,,,,,,,,,20.00,,,,19012452,155334,,false,false,12,2020-04-01,2021-03-31,-1
2021-10-29,47180,2022-03-31,2,,,,,,,,,,,,,,,,,,,,,,,,,,,,,7.00,,,,,,,false,false,12,2021-04-01,2022-03-31,0
2021-10-29,47180,2022-03-31,2,,,,,,,,,,,,,,,,,,,,,,,,,,,,,22.00,,,,,,,false,true,12,2021-04-01,2022-03-31,0
2021-10-29,47180,2022-03-31,2,,,,,,,,,,,,,,,,,,,,,,,,,,,,,,,,,19012452,155334,18857118,false,false,6,2021-04-01,2021-09-30,0
2021-10-29,47180,2021-03-31,2,,,,,,,,,,,,,,,,,,,,,,,,,,,,,,,,,,,15850479,false,false,6,2020-04-01,2020-09-30,-1
2022-01-31,4718,2022-03-31,3,20738000000,0.117,,,,,1246000000,0.613,1263000000,0.592,,773000000,,41.03,,,,,,20108000000,11134000000,0.554,,11134000000,,,,,,,,,,,,true,false,9,2021-04-01,2021-12-31,0
2022-01-31,4718,2021-03-31,3,18560000000,0.008,,,,,772000000,-0.278,793000000,-0.256,,399000000,,25.18,,,,,,,,,,,,,,,,,,,,,,true,false,9,2020-04-01,2020-12-31,-1
2022-01-31,4718,2022-03-31,3,28370000000,0.115,,,,,1591000000,0.495,1587000000,0.473,,925000000,,49.09,,,,,,,,,,,,,,,,,,,,,,true,true,12,2021-04-01,2022-03-31,0
2022-01-31,4718,2021-03-31,3,,,,,,,,,,,,,,,,,,,,18586000000,11004000000,0.592,,11004000000,,,,,,,,,,,,true,false,12,2020-04-01,2021-03-31,-1
2022-01-31,4718,2021-03-31,3,,,,,,,,,,,,,,,,,,,,,,,,,,,,,20.00,,,,19012452,155334,,false,false,12,2020-04-01,2021-03-31,-1
2022-01-31,4718,2022-03-31,3,,,,,,,,,,,,,,,,,,,,,,,,,,,,,7.00,,,,,,,false,false,12,2021-04-01,2022-03-31,0
2022-01-31,4718,2022-03-31,3,,,,,,,,,,,,,,,,,,,,,,,,,,,,,22.00,,,,,,,false,true,12,2021-04-01,2022-03-31,0
2022-01-31,4718,2022-03-31,3,,,,,,,,,,,,,,,,,,,,,,,,,,,,,,,,,19012452,155334,18857118,false,false,9,2021-04-01,2021-12-31,0
2022-01-31,4718,2021-03-31,3,,,,,,,,,,,,,,,,,,,,,,,,,,,,,,,,,,,15852700,false,false,9,2020-04-01,2020-12-31,-1
2022-05-11,4718,2022-03-31,,28551000000,0.122,,,,,1821000000,0.712,1841000000,0.709,,1108000000,,58.76,,0.099,0.096,0.064,,19663000000,11431000000,0.581,606.22,11431000000,2645000000,-1701000000,-1044000000,5128000000,,0.374,,,,,,true,false,12,2021-04-01,2022-03-31,0
2022-05-11,4718,2021-03-31,,25453000000,0.034,,,,,1064000000,-0.090,1077000000,-0.073,,529000000,,33.13,,0.055,0.064,0.042,,18586000000,11004000000,0.592,583.59,11004000000,1900000000,-439000000,1946000000,5233000000,,0.604,,,,,,true,false,12,2020-04-01,2021-03-31,-1
2022-05-11,4718,2023-03-31,,14922000000,0.088,,,,,879000000,-0.042,893000000,-0.029,,525000000,,27.85,,,,,,,,,,,,,,,,,,,,,,true,true,6,2022-04-01,2022-09-30,1
2022-05-11,4718,2023-03-31,,31000000000,0.086,,,,,2149000000,0.180,2176000000,0.182,,1303000000,,69.11,,,,,,,,,,,,,,,,0.347,,,,,,true,true,12,2022-04-01,2023-03-31,1
2022-05-11,4718,2022-03-31,,26894000000,0.121,,,,,1696000000,0.731,1820000000,0.523,1192000000,,0.626,63.23,,,,,,19266000000,11410000000,0.592,605.08,11410000000,,,,,22.00,,,,19012452,155334,18857118,false,false,12,2021-04-01,2022-03-31,0
2022-05-11,4718,2021-03-31,,23985000000,0.035,,,,,980000000,-0.089,1195000000,0.092,733000000,,-0.047,45.91,,,,,,17707000000,10866000000,0.614,576.26,10866000000,,,,,20.00,,,,19012452,155334,15971360,false,false,12,2020-04-01,2021-03-31,-1
2022-05-11,4718,2023-03-31,,14170000000,0.097,,,,,,,834000000,-0.096,499000000,,-0.195,26.48,,,,,,,,,,,,,,,,,,,,,,false,true,6,2022-04-01,2022-09-30,1
2022-05-11,4718,2023-03-31,,29479000000,0.096,,,,,,,2086000000,0.146,1285000000,,0.078,68.16,,,,,,,,,,,,,,,24.00,,,,,,,false,true,12,2022-04-01,2023-03-31,1
2022-07-29,4718,2023-03-31,1,5799000000,0.109,,,,,-297000000,,-287000000,,,-249000000,,-13.23,,,,,,18163000000,10913000000,0.601,,10913000000,,,,,,,,,,,,true,false,3,2022-04-01,2022-06-30,0
2022-07-29,4718,2022-03-31,1,5231000000,0.183,,,,,-415000000,,-408000000,,,-317000000,,-16.85,,,,,,,,,,,,,,,,,,,,,,true,false,3,2021-04-01,2021-06-30,-1
2022-07-29,4718,2023-03-31,1,14922000000,0.088,,,,,879000000,-0.042,893000000,-0.029,,525000000,,27.85,,,,,,,,,,,,,,,,,,,,,,true,true,6,2022-04-01,2022-09-30,0
2022-07-29,4718,2023-03-31,1,31000000000,0.086,,,,,2149000000,0.180,2176000000,0.182,,1303000000,,69.11,,,,,,,,,,,,,,,,,,,,,,true,true,12,2022-04-01,2023-03-31,0
2022-07-29,4718,2022-03-31,1,,,,,,,,,,,,,,,,,,,,19663000000,11431000000,0.581,,11431000000,,,,,,,,,,,,true,false,12,2021-04-01,2022-03-31,-1
2022-07-29,4718,2022-03-31,1,,,,,,,,,,,,,,,,,,,,,,,,,,,,,22.00,,,,19012452,155334,,false,false,12,2021-04-01,2022-03-31,-1
2022-07-29,4718,2023-03-31,1,,,,,,,,,,,,,,,,,,,,,,,,,,,,,24.00,,,,,,,false,true,12,2022-04-01,2023-03-31,0
2022-07-29,4718,2023-03-31,1,,,,,,,,,,,,,,,,,,,,,,,,,,,,,,,,,19012452,155334,18857118,false,false,3,2022-04-01,2022-06-30,0
2022-07-29,4718,2022-03-31,1,,,,,,,,,,,,,,,,,,,,,,,,,,,,,,,,,,,18857118,false,false,3,2021-04-01,2021-06-30,-1
2022-10-28,47180,2023-03-31,,14828000000,-0.006,,,,,1096000000,0.246,1109000000,0.242,,690000000,,36.61,,,,,,,,,,,,,,,,,,,,,,true,true,6,2022-04-01,2022-09-30,0
2022-10-28,47180,2022-03-31,,13713000000,,,,,,917000000,,920000000,,,569000000,,30.21,,,,,,,,,,,,,,,,,,,,,,true,false,6,2021-04-01,2021-09-30,-1
2022-10-28,47180,2023-03-31,,14060000000,-0.008,,,,,,,1049000000,0.258,665000000,,0.332,35.27,,,,,,,,,,,,,,,,,,,,,,false,true,6,2022-04-01,2022-09-30,0
2022-10-28,47180,2022-03-31,,12921000000,,,,,,,,922000000,,620000000,,,32.89,,,,,,,,,,,,,,,,,,,,,,false,false,6,2021-04-01,2021-09-30,-1
2022-10-31,4718,2023-03-31,2,14828000000,0.081,,,,,1096000000,0.194,1109000000,0.206,,690000000,,36.61,,,,,,19443000000,11865000000,0.610,,11865000000,,,,,,,,,,,,true,false,6,2022-04-01,2022-09-30,0
2022-10-31,4718,2022-03-31,2,13713000000,0.148,,,,,917000000,1.757,920000000,1.716,,569000000,,30.21,,,,,,,,,,,,,,,,,,,,,,true,false,6,2021-04-01,2021-09-30,-1
2022-10-31,4718,2023-03-31,2,31000000000,0.086,,,,,2149000000,0.180,2176000000,0.182,,1303000000,,69.09,,,,,,,,,,,,,,,,,,,,,,true,true,12,2022-04-01,2023-03-31,0
2022-10-31,4718,2022-03-31,2,,,,,,,,,,,,,,,,,,,,19663000000,11431000000,0.581,,11431000000,,,,,,,,,,,,true,false,12,2021-04-01,2022-03-31,-1
2022-10-31,4718,2022-03-31,2,,,,,,,,,,,,,,,,,,,,,,,,,,,,,22.00,,,,19012452,155334,,false,false,12,2021-04-01,2022-03-31,-1
2022-10-31,4718,2023-03-31,2,,,,,,,,,,,,,,,,,,,,,,,,,,,,,8.00,,,,,,,false,false,12,2022-04-01,2023-03-31,0
2022-10-31,4718,2023-03-31,2,,,,,,,,,,,,,,,,,,,,,,,,,,,,,24.00,,,,,,,false,true,12,2022-04-01,2023-03-31,0
2022-10-31,4718,2023-03-31,2,,,,,,,,,,,,,,,,,,,,,,,,,,,,,,,,,19012452,143784,18858665,false,false,6,2022-04-01,2022-09-30,0
2022-10-31,4718,2022-03-31,2,,,,,,,,,,,,,,,,,,,,,,,,,,,,,,,,,,,18857118,false,false,6,2021-04-01,2021-09-30,-1
2023-01-31,4718,2023-03-31,3,22379000000,0.079,,,,,1643000000,0.319,1668000000,0.320,,1035000000,,54.89,,,,,,21495000000,12059000000,0.561,,12059000000,,,,,,,,,,,,true,false,9,2022-04-01,2022-12-31,0
2023-01-31,4718,2022-03-31,3,20738000000,0.117,,,,,1246000000,0.613,1263000000,0.592,,773000000,,41.03,,,,,,,,,,,,,,,,,,,,,,true,false,9,2021-04-01,2021-12-31,-1
2023-01-31,4718,2023-03-31,3,31000000000,0.086,,,,,2149000000,0.180,2176000000,0.182,,1303000000,,69.09,,,,,,,,,,,,,,,,,,,,,,true,true,12,2022-04-01,2023-03-31,0
2023-01-31,4718,2022-03-31,3,,,,,,,,,,,,,,,,,,,,19663000000,11431000000,0.581,,11431000000,,,,,,,,,,,,true,false,12,2021-04-01,2022-03-31,-1
2023-01-31,4718,2022-03-31,3,,,,,,,,,,,,,,,,,,,,,,,,,,,,,22.00,,,,19012452,155334,,false,false,12,2021-04-01,2022-03-31,-1
2023-01-31,4718,2023-03-31,3,,,,,,,,,,,,,,,,,,,,,,,,,,,,,8.00,,,,,,,false,false,12,2022-04-01,2023-03-31,0
2023-01-31,4718,2023-03-31,3,,,,,,,,,,,,,,,,,,,,,,,,,,,,,24.00,,,,,,,false,true,12,2022-04-01,2023-03-31,0
2023-01-31,4718,2023-03-31,3,,,,,,,,,,,,,,,,,,,,,,,,,,,,,,,,,19012452,143784,18862012,false,false,9,2022-04-01,2022-12-31,0
2023-01-31,4718,2022-03-31,3,,,,,,,,,,,,,,,,,,,,,,,,,,,,,,,,,,,18857118,false,false,9,2021-04-01,2021-12-31,-1
2023-05-11,4718,2023-03-31,,30728000000,0.076,,,,,2400000000,0.318,2431000000,0.320,,1553000000,,82.35,,0.130,0.119,0.078,,21114000000,12532000000,0.594,664.60,12532000000,2908000000,-1130000000,-687000000,6208000000,,0.291,,,,,,true,false,12,2022-04-01,2023-03-31,0
2023-05-11,4718,2022-03-31,,28551000000,0.122,,,,,1821000000,0.712,1841000000,0.709,,1108000000,,58.76,,0.099,0.096,0.064,,19663000000,11431000000,0.581,606.22,11431000000,2645000000,-1701000000,-1044000000,5128000000,,0.374,,,,,,true,false,12,2021-04-01,2022-03-31,-1
2023-05-11,4718,2024-03-31,,16132000000,0.088,,,,,1102000000,0.006,1126000000,0.015,,683000000,,36.25,,,,,,,,,,,,,,,,,,,,,,true,true,6,2023-04-01,2023-09-30,1
2023-05-11,4718,2024-03-31,,33228000000,0.081,,,,,2659000000,0.108,2693000000,0.108,,1662000000,,88.18,,,,,,,,,,,,,,,,0.340,,,,,,true,true,12,2023-04-01,2024-03-31,1
2023-05-11,4718,2022-03-31,,,,,,,,,,,,,,,,,,,,,,,,,,,,,,22.00,,,,19012452,155334,18857118,false,false,12,2021-04-01,2022-03-31,-1
2023-05-11,4718,2023-03-31,,,,,,,,,,,,,,,,,,,,,,,,,,,,,,24.00,,,,19012452,155663,18861986,false,false,12,2022-04-01,2023-03-31,0
2023-05-11,4718,2024-03-31,,,,,,,,,,,,,,,,,,,,,,,,,,,,,,30.00,,,,,,,false,true,12,2023-04-01,2024-03-31,1
2023-07-31,4718,2024-03-31,1,6249000000,0.077,,,,,-240000000,,-214000000,,,-104000000,,-5.51,,,,,,19702000000,12201000000,0.619,,12201000000,,,,,,,,,,,,true,false,3,2023-04-01,2023-06-30,0
2023-07-31,4718,2023-03-31,1,5799000000,0.109,,,,,-297000000,,-287000000,,,-249000000,,-13.23,,,,,,,,,,,,,,,,,,,,,,true,false,3,2022-04-01,2022-06-30,-1
2023-07-31,4718,2024-03-31,1,16132000000,0.088,,,,,1102000000,0.006,1126000000,0.015,,683000000,,36.18,,,,,,,,,,,,,,,,,,,,,,true,true,6,2023-04-01,2023-09-30,0
2023-07-31,4718,2024-03-31,1,33228000000,0.081,,,,,2659000000,0.108,2693000000,0.108,,1662000000,,87.94,,,,,,,,,,,,,,,,,,,,,,true,true,12,2023-04-01,2024-03-31,0
2023-07-31,4718,2023-03-31,1,,,,,,,,,,,,,,,,,,,,21114000000,12532000000,0.594,,12532000000,,,,,,,,,,,,true,false,12,2022-04-01,2023-03-31,-1
2023-07-31,4718,2023-03-31,1,,,,,,,,,,,,,,,,,,,,,,,,,,,,,24.00,,,,19012452,155663,,false,false,12,2022-04-01,2023-03-31,-1
2023-07-31,4718,2024-03-31,1,,,,,,,,,,,,,,,,,,,,,,,,,,,,,30.00,,,,,,,false,true,12,2023-04-01,2024-03-31,0
2023-07-31,4718,2024-03-31,1,,,,,,,,,,,,,,,,,,,,,,,,,,,,,,,,,19012452,89907,18861992,false,false,3,2023-04-01,2023-06-30,0
2023-07-31,4718,2023-03-31,1,,,,,,,,,,,,,,,,,,,,,,,,,,,,,,,,,,,18857118,false,false,3,2022-04-01,2022-06-30,-1
2023-10-25,47180,2024-03-31,,15981000000,-0.009,,,,,1373000000,0.246,1406000000,0.249,,1003000000,,53.09,,,,,,,,,,,,,,,,,,,,,,true,true,6,2023-04-01,2023-09-30,0
2023-10-25,47180,2023-03-31,,14828000000,,,,,,1096000000,,1109000000,,,690000000,,36.61,,,,,,,,,,,,,,,,,,,,,,true,false,6,2022-04-01,2022-09-30,-1
2023-10-31,4718,2024-03-31,2,15981000000,0.078,,,,,1373000000,0.253,1406000000,0.268,,1003000000,,53.09,,,,,,21363000000,13294000000,0.622,,13294000000,,,,,,,,,,,,true,false,6,2023-04-01,2023-09-30,0
2023-10-31,4718,2023-03-31,2,14828000000,0.081,,,,,1096000000,0.194,1109000000,0.206,,690000000,,36.61,,,,,,,,,,,,,,,,,,,,,,true,false,6,2022-04-01,2022-09-30,-1
2023-10-31,4718,2024-03-31,2,33228000000,0.081,,,,,2659000000,0.108,2693000000,0.108,,1662000000,,87.94,,,,,,,,,,,,,,,,,,,,,,true,true,12,2023-04-01,2024-03-31,0
2023-10-31,4718,2023-03-31,2,,,,,,,,,,,,,,,,,,,,21114000000,12532000000,0.594,,12532000000,,,,,,,,,,,,true,false,12,2022-04-01,2023-03-31,-1
2023-10-31,4718,2023-03-31,2,,,,,,,,,,,,,,,,,,,,,,,,,,,,,24.00,,,,19012452,155663,,false,false,12,2022-04-01,2023-03-31,-1
2023-10-31,4718,2024-03-31,2,,,,,,,,,,,,,,,,,,,,,,,,,,,,,10.00,,,,,,,false,false,12,2023-04-01,2024-03-31,0
2023-10-31,4718,2024-03-31,2,,,,,,,,,,,,,,,,,,,,,,,,,,,,,40.00,,,,,,,false,true,12,2023-04-01,2024-03-31,0
2023-10-31,4718,2024-03-31,2,,,,,,,,,,,,,,,,,,,,,,,,,,,,,,,,,19012452,93107,18899022,false,false,6,2023-04-01,2023-09-30,0
2023-10-31,4718,2023-03-31,2,,,,,,,,,,,,,,,,,,,,,,,,,,,,,,,,,,,18858665,false,false,6,2022-04-01,2022-09-30,-1
2024-01-31,4718,2024-03-31,3,24019000000,0.073,,,,,2005000000,0.221,2047000000,0.227,,1408000000,,74.49,,,,,,23112000000,13572000000,0.587,,13572000000,,,,,,,,,,,,true,false,9,2023-04-01,2023-12-31,0
2024-01-31,4718,2023-03-31,3,22379000000,0.079,,,,,1643000000,0.319,1668000000,0.320,,1035000000,,54.89,,,,,,,,,,,,,,,,,,,,,,true,false,9,2022-04-01,2022-12-31,-1
2024-01-31,4718,2024-03-31,3,33228000000,0.081,,,,,2659000000,0.108,2693000000,0.108,,1662000000,,87.94,,,,,,,,,,,,,,,,,,,,,,true,true,12,2023-04-01,2024-03-31,0
2024-01-31,4718,2023-03-31,3,,,,,,,,,,,,,,,,,,,,21114000000,12532000000,0.594,,12532000000,,,,,,,,,,,,true,false,12,2022-04-01,2023-03-31,-1
2024-01-31,4718,2023-03-31,3,,,,,,,,,,,,,,,,,,,,,,,,,,,,,24.00,,,,19012452,155663,,false,false,12,2022-04-01,2023-03-31,-1
2024-01-31,4718,2024-03-31,3,,,,,,,,,,,,,,,,,,,,,,,,,,,,,10.00,,,,,,,false,false,12,2023-04-01,2024-03-31,0
2024-01-31,4718,2024-03-31,3,,,,,,,,,,,,,,,,,,,,,,,,,,,,,40.00,,,,,,,false,true,12,2023-04-01,2024-03-31,0
2024-01-31,4718,2024-03-31,3,,,,,,,,,,,,,,,,,,,,,,,,,,,,,,,,,19012452,93149,18905820,false,false,9,2023-04-01,2023-12-31,0
2024-01-31,4718,2023-03-31,3,,,,,,,,,,,,,,,,,,,,,,,,,,,,,,,,,,,18862012,false,false,9,2022-04-01,2022-12-31,-1
2024-05-10,4718,2024-03-31,,32867000000,0.070,,,,,2889000000,0.204,2951000000,0.214,,2132000000,,112.75,,0.159,0.134,0.088,,23057000000,14263000000,0.619,753.93,14263000000,3637000000,-2355000000,-761000000,6746000000,,0.355,,,,,,true,false,12,2023-04-01,2024-03-31,0
2024-05-10,4718,2023-03-31,,30728000000,0.076,,,,,2400000000,0.318,2431000000,0.320,,1553000000,,82.35,,0.130,0.119,0.078,,21114000000,12532000000,0.594,664.60,12532000000,2908000000,-1130000000,-687000000,6208000000,,0.291,,,,,,true,false,12,2022-04-01,2023-03-31,-1
2024-05-10,4718,2025-03-31,,16865000000,0.055,,,,,1034000000,-0.247,1055000000,-0.250,,638000000,,33.75,,,,,,,,,,,,,,,,,,,,,,true,true,6,2024-04-01,2024-09-30,1
2024-05-10,4718,2025-03-31,,34741000000,0.057,,,,,2966000000,0.027,3003000000,0.018,,1927000000,,101.89,,,,,,,,,,,,,,,,0.442,,,,,,true,true,12,2024-04-01,2025-03-31,1
2024-05-10,4718,2023-03-31,,,,,,,,,,,,,,,,,,,,,,,,,,,,,,24.00,,,,19012452,155663,18861986,false,false,12,2022-04-01,2023-03-31,-1
2024-05-10,4718,2024-03-31,,,,,,,,,,,,,,,,,,,,,,,,,,,,,,40.00,,,,19012452,93149,18909172,false,false,12,2023-04-01,2024-03-31,0
2024-05-10,4718,2025-03-31,,,,,,,,,,,,,,,,,,,,,,,,,,,,,,45.00,,,,,,,false,true,12,2024-04-01,2025-03-31,1
2024-07-31,4718,2025-03-31,1,6544000000,0.047,,,,,-384000000,,-383000000,,,-353000000,,-18.84,,,,,,20529000000,12671000000,0.617,,12671000000,,,,,,,,,,,,true,false,3,2024-04-01,2024-06-30,0
2024-07-31,4718,2024-03-31,1,6249000000,0.077,,,,,-240000000,,-214000000,,,-104000000,,-5.51,,,,,,,,,,,,,,,,,,,,,,true,false,3,2023-04-01,2023-06-30,-1
2024-07-31,4718,2025-03-31,1,16865000000,0.055,,,,,1034000000,-0.247,1055000000,-0.250,,638000000,,34.33,,,,,,,,,,,,,,,,,,,,,,true,true,6,2024-04-01,2024-09-30,0
2024-07-31,4718,2025-03-31,1,34741000000,0.057,,,,,2966000000,0.027,3003000000,0.018,,1927000000,,104.06,,,,,,,,,,,,,,,,,,,,,,true,true,12,2024-04-01,2025-03-31,0
2024-07-31,4718,2024-03-31,1,,,,,,,,,,,,,,,,,,,,23057000000,14263000000,0.619,,14263000000,,,,,,,,,,,,true,false,12,2023-04-01,2024-03-31,-1
2024-07-31,4718,2024-03-31,1,,,,,,,,,,,,,,,,,,,,,,,,,,,,,40.00,,,,19012452,93149,,false,false,12,2023-04-01,2024-03-31,-1
2024-07-31,4718,2025-03-31,1,,,,,,,,,,,,,,,,,,,,,,,,,,,,,45.00,,,,,,,false,true,12,2024-04-01,2025-03-31,0
2024-07-31,4718,2025-03-31,1,,,,,,,,,,,,,,,,,,,,,,,,,,,,,,,,,19012452,565149,18753325,false,false,3,2024-04-01,2024-06-30,0
2024-07-31,4718,2024-03-31,1,,,,,,,,,,,,,,,,,,,,,,,,,,,,,,,,,,,18861992,false,false,3,2023-04-01,2023-06-30,-1
2024-08-05,4718,2025-03-31,1,6544000000,0.047,,,,,-384000000,,-383000000,,,-353000000,,-18.84,,,,,,20529000000,12671000000,0.617,,12671000000,,,,,,,,,,,,true,false,3,2024-04-01,2024-06-30,0
2024-08-05,4718,2024-03-31,1,6249000000,0.077,,,,,-240000000,,-214000000,,,-104000000,,-5.51,,,,,,,,,,,,,,,,,,,,,,true,false,3,2023-04-01,2023-06-30,-1
2024-08-05,4718,2025-03-31,1,16865000000,0.055,,,,,1034000000,-0.247,1055000000,-0.250,,638000000,,34.33,,,,,,,,,,,,,,,,,,,,,,true,true,6,2024-04-01,2024-09-30,0
2024-08-05,4718,2025-03-31,1,34741000000,0.057,,,,,2966000000,0.027,3003000000,0.018,,1927000000,,104.06,,,,,,,,,,,,,,,,,,,,,,true,true,12,2024-04-01,2025-03-31,0
2024-08-05,4718,2024-03-31,1,,,,,,,,,,,,,,,,,,,,23057000000,14263000000,0.619,,14263000000,,,,,,,,,,,,true,false,12,2023-04-01,2024-03-31,-1
2024-08-05,4718,2024-03-31,1,,,,,,,,,,,,,,,,,,,,,,,,,,,,,40.00,,,,19012452,93149,,false,false,12,2023-04-01,2024-03-31,-1
2024-08-05,4718,2025-03-31,1,,,,,,,,,,,,,,,,,,,,,,,,,,,,,45.00,,,,,,,false,true,12,2024-04-01,2025-03-31,0
2024-08-05,4718,2025-03-31,1,,,,,,,,,,,,,,,,,,,,,,,,,,,,,,,,,19012452,565149,18753325,false,false,3,2024-04-01,2024-06-30,0
2024-08-05,4718,2024-03-31,1,,,,,,,,,,,,,,,,,,,,,,,,,,,,,,,,,,,18861992,false,false,3,2023-04-01,2023-06-30,-1
2024-10-25,47180,2025-03-31,,16972000000,0.006,,,,,1499000000,0.449,1496000000,0.418,,914000000,,49.24,,,,,,,,,,,,,,,,,,,,,,true,true,6,2024-04-01,2024-09-30,0
2024-10-25,47180,2024-03-31,,15981000000,,,,,,1373000000,,1406000000,,,1003000000,,53.09,,,,,,,,,,,,,,,,,,,,,,true,false,6,2023-04-01,2023-09-30,-1
2024-10-31,4718,2025-03-31,2,16972000000,0.062,,,,,1499000000,0.092,1496000000,0.064,,914000000,,49.24,,,,,,21825000000,13575000000,0.622,,13575000000,,,,,,,,,,,,true,false,6,2024-04-01,2024-09-30,0
2024-10-31,4718,2024-03-31,2,15981000000,0.078,,,,,1373000000,0.253,1406000000,0.268,,1003000000,,53.09,,,,,,,,,,,,,,,,,,,,,,true,false,6,2023-04-01,2023-09-30,-1
2024-10-31,4718,2025-03-31,2,34741000000,0.057,,,,,2966000000,0.027,3003000000,0.018,,1927000000,,104.76,,,,,,,,,,,,,,,,,,,,,,true,true,12,2024-04-01,2025-03-31,0
2024-10-31,4718,2024-03-31,2,,,,,,,,,,,,,,,,,,,,23057000000,14263000000,0.619,,14263000000,,,,,,,,,,,,true,false,12,2023-04-01,2024-03-31,-1
2024-10-31,4718,2024-03-31,2,,,,,,,,,,,,,,,,,,,,,,,,,,,,,40.00,,,,19012452,93149,,false,false,12,2023-04-01,2024-03-31,-1
2024-10-31,4718,2025-03-31,2,,,,,,,,,,,,,,,,,,,,,,,,,,,,,15.00,,,,,,,false,false,12,2024-04-01,2025-03-31,0
2024-10-31,4718,2025-03-31,2,,,,,,,,,,,,,,,,,,,,,,,,,,,,,55.00,,,,,,,false,true,12,2024-04-01,2025-03-31,0
2024-10-31,4718,2025-03-31,2,,,,,,,,,,,,,,,,,,,,,,,,,,,,,,,,,19012452,775149,18561610,false,false,6,2024-04-01,2024-09-30,0
2024-10-31,4718,2024-03-31,2,,,,,,,,,,,,,,,,,,,,,,,,,,,,,,,,,,,18899022,false,false,6,2023-04-01,2023-09-30,-1
2025-01-31,4718,2025-03-31,3,25618000000,0.067,,,,,2385000000,0.189,2403000000,0.174,,1496000000,,81.10,,,,,,23989000000,13909000000,0.580,,13909000000,,,,,,,,,,,,true,false,9,2024-04-01,2024-12-31,0
2025-01-31,4718,2024-03-31,3,24019000000,0.073,,,,,2005000000,0.221,2047000000,0.227,,1408000000,,74.49,,,,,,,,,,,,,,,,,,,,,,true,false,9,2023-04-01,2023-12-31,-1
2025-01-31,4718,2025-03-31,3,34741000000,0.057,,,,,2966000000,0.027,3003000000,0.018,,1927000000,,104.76,,,,,,,,,,,,,,,,,,,,,,true,true,12,2024-04-01,2025-03-31,0
2025-01-31,4718,2024-03-31,3,,,,,,,,,,,,,,,,,,,,23057000000,14263000000,0.619,,14263000000,,,,,,,,,,,,true,false,12,2023-04-01,2024-03-31,-1
2025-01-31,4718,2024-03-31,3,,,,,,,,,,,,,,,,,,,,,,,,,,,,,40.00,,,,19012452,93149,,false,false,12,2023-04-01,2024-03-31,-1
2025-01-31,4718,2025-03-31,3,,,,,,,,,,,,,,,,,,,,,,,,,,,,,15.00,,,,,,,false,false,12,2024-04-01,2025-03-31,0
2025-01-31,4718,2025-03-31,3,,,,,,,,,,,,,,,,,,,,,,,,,,,,,55.00,,,,,,,false,true,12,2024-04-01,2025-03-31,0
2025-01-31,4718,2025-03-31,3,,,,,,,,,,,,,,,,,,,,,,,,,,,,,,,,,19012452,774994,18453135,false,false,9,2024-04-01,2024-12-31,0
2025-01-31,4718,2024-03-31,3,,,,,,,,,,,,,,,,,,,,,,,,,,,,,,,,,,,18905820,false,false,9,2023-04-01,2023-12-31,-1
2025-02-05,4718,2025-03-31,3,25618000000,0.067,,,,,2385000000,0.189,2403000000,0.174,,1496000000,,81.10,,,,,,23989000000,13909000000,0.580,,13909000000,,,,,,,,,,,,true,false,9,2024-04-01,2024-12-31,0
2025-02-05,4718,2024-03-31,3,24019000000,0.073,,,,,2005000000,0.221,2047000000,0.227,,1408000000,,74.49,,,,,,,,,,,,,,,,,,,,,,true,false,9,2023-04-01,2023-12-31,-1
2025-02-05,4718,2025-03-31,3,34741000000,0.057,,,,,2966000000,0.027,3003000000,0.018,,1927000000,,104.76,,,,,,,,,,,,,,,,,,,,,,true,true,12,2024-04-01,2025-03-31,0
2025-02-05,4718,2024-03-31,3,,,,,,,,,,,,,,,,,,,,23057000000,14263000000,0.619,,14263000000,,,,,,,,,,,,true,false,12,2023-04-01,2024-03-31,-1
2025-02-05,4718,2024-03-31,3,,,,,,,,,,,,,,,,,,,,,,,,,,,,,40.00,,,,19012452,93149,,false,false,12,2023-04-01,2024-03-31,-1
2025-02-05,4718,2025-03-31,3,,,,,,,,,,,,,,,,,,,,,,,,,,,,,15.00,,,,,,,false,false,12,2024-04-01,2025-03-31,0
2025-02-05,4718,2025-03-31,3,,,,,,,,,,,,,,,,,,,,,,,,,,,,,55.00,,,,,,,false,true,12,2024-04-01,2025-03-31,0
2025-02-05,4718,2025-03-31,3,,,,,,,,,,,,,,,,,,,,,,,,,,,,,,,,,19012452,774994,18453135,false,false,9,2024-04-01,2024-12-31,0
2025-02-05,4718,2024-03-31,3,,,,,,,,,,,,,,,,,,,,,,,,,,,,,,,,,,,18905820,false,false,9,2023-04-01,2023-12-31,-1
2025-05-09,4718,2025-03-31,,35069000000,0.067,,,,,3549000000,0.228,3600000000,0.220,,2338000000,,127.05,,0.159,0.151,0.101,,24485000000,15184000000,0.620,821.67,15184000000,3886000000,-1342000000,-2123000000,7166000000,,0.433,,,,,,true,false,12,2024-04-01,2025-03-31,0
2025-05-09,4718,2024-03-31,,32867000000,0.070,,,,,2889000000,0.204,2951000000,0.214,,2132000000,,112.75,,0.159,0.134,0.088,,23057000000,14263000000,0.619,753.93,14263000000,3637000000,-2355000000,-761000000,6746000000,,0.355,,,,,,true,false,12,2023-04-01,2024-03-31,-1
2025-05-09,4718,2026-03-31,,18235000000,0.074,,,,,1429000000,-0.047,1458000000,-0.026,,913000000,,49.42,,,,,,,,,,,,,,,,,,,,,,true,true,6,2025-04-01,2025-09-30,1
2025-05-09,4718,2026-03-31,,37683000000,0.075,,,,,3673000000,0.035,3731000000,0.036,,2589000000,,140.12,,,,,,,,,,,,,,,,0.357,,,,,,true,true,12,2025-04-01,2026-03-31,1
2025-05-09,4718,2024-03-31,,,,,,,,,,,,,,,,,,,,,,,,,,,,,,40.00,,,,19012452,93149,18909172,false,false,12,2023-04-01,2024-03-31,-1
2025-05-09,4718,2025-03-31,,,,,,,,,,,,,,,,,,,,,,,,,,,,,,55.00,,,,19012452,532105,18409942,false,false,12,2024-04-01,2025-03-31,0
2025-05-09,4718,2026-03-31,,,,,,,,,,,,,,,,,,,,,,,,,,,,,,50.00,,,,,,,false,true,12,2025-04-01,2026-03-31,1
