filing_date,code,fiscal_year_end,quarterly_period,net_sales,net_sales_change,revenue,revenue_change,operating_revenue,operating_revenue_change,operating_profit,operating_profit_change,ordinary_profit,ordinary_profit_change,net_income,net_income_of_parent,net_income_change,eps,diluted_eps,roe,roa,operating_profit_to_net_sales,operating_profit_to_revenue,total_assets,net_assets,equity_ratio,bps,owner_equity,operating_cash_flow,investing_cash_flow,financing_cash_flow,cash,dividend_per_share,payout_ratio,commemorative_dividend,extra_dividend,number_of_shares,number_of_treqsury_shares,avg_number_of_shares,is_consolidated,is_forecast,duration,period_start,period_end,period_pos
2015-05-13,47610,2015-03-31,,22492000000,0.039,,,,,150000000,-0.691,244000000,-0.575,136000000,,-0.604,12.22,,0.009,0.012,0.007,,21426000000,15257000000,0.712,1362.32,15257000000,751000000,-2473000000,-457000000,4726000000,,0.982,,,,,,true,false,12,2014-04-01,2015-03-31,0
2015-05-13,47610,2014-03-31,,21653000000,0.034,,,,,485000000,-0.033,573000000,0.007,345000000,,0.340,30.87,,0.024,0.030,0.022,,19829000000,14519000000,0.732,1296.46,14519000000,816000000,218000000,-436000000,6906000000,,0.389,,,,,,true,false,12,2013-04-01,2014-03-31,-1
2015-05-13,47610,2016-03-31,,10500000000,0.084,,,,,-200000000,,-170000000,,,-125000000,,-11.16,,,,,,,,,,,,,,,,,,,,,,true,true,6,2015-04-01,2015-09-30,1
2015-05-13,47610,2016-03-31,,23500000000,0.045,,,,,180000000,0.198,250000000,0.024,,150000000,,13.39,,,,,,,,,,,,,,,,0.896,,,,,,true,true,12,2015-04-01,2016-03-31,1
2015-05-13,47610,2014-03-31,,,,,,,,,,,,,,,,,,,,,,,,,,,,,,12.00,,,,11200000,504,11199503,false,false,12,2013-04-01,2014-03-31,-1
2015-05-13,47610,2015-03-31,,,,,,,,,,,,,,,,,,,,,,,,,,,,,,12.00,,,,11200000,504,11199496,false,false,12,2014-04-01,2015-03-31,0
2015-05-13,47610,2016-03-31,,,,,,,,,,,,,,,,,,,,,,,,,,,,,,12.00,,,,,,,false,true,12,2015-04-01,2016-03-31,1
2015-07-31,47610,2016-03-31,1,4585000000,0.091,,,,,-220000000,,-190000000,,,-141000000,,-12.59,,,,,,19665000000,15050000000,0.765,,15050000000,,,,,,,,,,,,true,false,3,2015-04-01,2015-06-30,0
2015-07-31,47610,2015-03-31,1,4204000000,0.065,,,,,-323000000,,-279000000,,,-195000000,,-17.48,,,,,,,,,,,,,,,,,,,,,,true,false,3,2014-04-01,2014-06-30,-1
2015-07-31,47610,2016-03-31,1,10500000000,0.084,,,,,-200000000,,-170000000,,,-125000000,,-11.16,,,,,,,,,,,,,,,,,,,,,,true,true,6,2015-04-01,2015-09-30,0
2015-07-31,47610,2016-03-31,1,23500000000,0.045,,,,,180000000,0.198,250000000,0.024,,150000000,,13.39,,,,,,,,,,,,,,,,,,,,,,true,true,12,2015-04-01,2016-03-31,0
2015-07-31,47610,2015-03-31,1,,,,,,,,,,,,,,,,,,,,21426000000,15257000000,0.712,,15257000000,,,,,,,,,,,,true,false,12,2014-04-01,2015-03-31,-1
2015-07-31,47610,2015-03-31,1,,,,,,,,,,,,,,,,,,,,,,,,,,,,,12.00,,,,11200000,504,,false,false,12,2014-04-01,2015-03-31,-1
2015-07-31,47610,2016-03-31,1,,,,,,,,,,,,,,,,,,,,,,,,,,,,,12.00,,,,,,,false,true,12,2015-04-01,2016-03-31,0
2015-07-31,47610,2016-03-31,1,,,,,,,,,,,,,,,,,,,,,,,,,,,,,,,,,11200000,504,11199496,false,false,3,2015-04-01,2015-06-30,0
2015-07-31,47610,2015-03-31,1,,,,,,,,,,,,,,,,,,,,,,,,,,,,,,,,,,,11199496,false,false,3,2014-04-01,2014-06-30,-1
2015-10-23,47610,2016-03-31,,10690000000,0.018,,,,,-128000000,,-92000000,,,-73000000,,-6.60,,,,,,,,,,,,,,,,,,,,,,true,true,6,2015-04-01,2015-09-30,0
2015-10-23,47610,2015-03-31,,9686000000,,,,,,-163000000,,-109000000,,,-85000000,,-7.59,,,,,,,,,,,,,,,,,,,,,,true,false,6,2014-04-01,2014-09-30,-1
2015-10-30,47610,2016-03-31,2,10690000000,0.104,,,,,-128000000,,-92000000,,,-73000000,,-6.60,,,,,,19686000000,14985000000,0.761,,14985000000,,,,,,,,,,,,true,false,6,2015-04-01,2015-09-30,0
2015-10-30,47610,2015-03-31,2,9686000000,0.022,,,,,-163000000,,-109000000,,,-85000000,,-7.59,,,,,,,,,,,,,,,,,,,,,,true,false,6,2014-04-01,2014-09-30,-1
2015-10-30,47610,2016-03-31,2,23500000000,0.045,,,,,180000000,0.198,250000000,0.024,,150000000,,13.39,,,,,,,,,,,,,,,,,,,,,,true,true,12,2015-04-01,2016-03-31,0
2015-10-30,47610,2015-03-31,2,,,,,,,,,,,,,,,,,,,,21426000000,15257000000,0.712,,15257000000,,,,,,,,,,,,true,false,12,2014-04-01,2015-03-31,-1
2015-10-30,47610,2015-03-31,2,,,,,,,,,,,,,,,,,,,,,,,,,,,,,12.00,,,,11200000,504,,false,false,12,2014-04-01,2015-03-31,-1
2015-10-30,47610,2016-03-31,2,,,,,,,,,,,,,,,,,,,,,,,,,,,,,6.00,,,,,,,false,false,12,2015-04-01,2016-03-31,0
2015-10-30,47610,2016-03-31,2,,,,,,,,,,,,,,,,,,,,,,,,,,,,,12.00,,,,,,,false,true,12,2015-04-01,2016-03-31,0
2015-10-30,47610,2016-03-31,2,,,,,,,,,,,,,,,,,,,,,,,,,,,,,,,,,11200000,504,11199496,false,false,6,2015-04-01,2015-09-30,0
2015-10-30,47610,2015-03-31,2,,,,,,,,,,,,,,,,,,,,,,,,,,,,,,,,,,,11199496,false,false,6,2014-04-01,2014-09-30,-1
2016-01-25,47610,2016-03-31,3,15452000000,0.078,,,,,-311000000,,-247000000,,,-181000000,,-16.23,,,,,,19434000000,14831000000,0.763,,14831000000,,,,,,,,,,,,true,false,9,2015-04-01,2015-12-31,0
2016-01-25,47610,2015-03-31,3,14336000000,0.011,,,,,-540000000,,-475000000,,,-330000000,,-29.52,,,,,,,,,,,,,,,,,,,,,,true,false,9,2014-04-01,2014-12-31,-1
2016-01-25,47610,2016-03-31,3,23500000000,0.045,,,,,180000000,0.198,250000000,0.024,,150000000,,13.39,,,,,,,,,,,,,,,,,,,,,,true,true,12,2015-04-01,2016-03-31,0
2016-01-25,47610,2015-03-31,3,,,,,,,,,,,,,,,,,,,,21426000000,15257000000,0.712,,15257000000,,,,,,,,,,,,true,false,12,2014-04-01,2015-03-31,-1
2016-01-25,47610,2015-03-31,3,,,,,,,,,,,,,,,,,,,,,,,,,,,,,12.00,,,,11200000,504,,false,false,12,2014-04-01,2015-03-31,-1
2016-01-25,47610,2016-03-31,3,,,,,,,,,,,,,,,,,,,,,,,,,,,,,6.00,,,,,,,false,false,12,2015-04-01,2016-03-31,0
2016-01-25,47610,2016-03-31,3,,,,,,,,,,,,,,,,,,,,,,,,,,,,,12.00,,,,,,,false,true,12,2015-04-01,2016-03-31,0
2016-01-25,47610,2016-03-31,3,,,,,,,,,,,,,,,,,,,,,,,,,,,,,,,,,11200000,504,11199496,false,false,9,2015-04-01,2015-12-31,0
2016-01-25,47610,2015-03-31,3,,,,,,,,,,,,,,,,,,,,,,,,,,,,,,,,,,,11199496,false,false,9,2014-04-01,2014-12-31,-1
2016-04-28,47610,2016-03-31,,23546000000,0.002,,,,,389000000,1.165,462000000,0.848,,267000000,,23.86,,,,,,,,,,,,,,,,,,,,,,true,true,12,2015-04-01,2016-03-31,0
2016-04-28,47610,2015-03-31,,22492000000,,,,,,150000000,,244000000,,,136000000,,12.22,,,,,,,,,,,,,,,,,,,,,,true,false,12,2014-04-01,2015-03-31,-1
2016-05-12,47610,2016-03-31,,23546000000,0.047,,,,,389000000,1.594,462000000,0.893,,267000000,,23.86,,0.018,0.022,0.017,,20075000000,14849000000,0.740,1325.93,14849000000,610000000,-95000000,-523000000,4718000000,,0.503,,,,,,true,false,12,2015-04-01,2016-03-31,0
2016-05-12,47610,2015-03-31,,22492000000,0.039,,,,,150000000,-0.691,244000000,-0.575,,136000000,,12.22,,0.009,0.012,0.007,,21426000000,15257000000,0.712,1362.32,15257000000,751000000,-2473000000,-457000000,4726000000,,0.982,,,,,,true,false,12,2014-04-01,2015-03-31,-1
2016-05-12,47610,2017-03-31,,10700000000,0.001,,,,,-50000000,,-20000000,,,-25000000,,-2.23,,,,,,,,,,,,,,,,,,,,,,true,true,6,2016-04-01,2016-09-30,1
2016-05-12,47610,2017-03-31,,24200000000,0.028,,,,,430000000,0.103,500000000,0.082,,330000000,,29.46,,,,,,,,,,,,,,,,0.407,,,,,,true,true,12,2016-04-01,2017-03-31,1
2016-05-12,47610,2015-03-31,,,,,,,,,,,,,,,,,,,,,,,,,,,,,,12.00,,,,11200000,504,11199496,false,false,12,2014-04-01,2015-03-31,-1
2016-05-12,47610,2016-03-31,,,,,,,,,,,,,,,,,,,,,,,,,,,,,,12.00,,,,11200000,553,11199487,false,false,12,2015-04-01,2016-03-31,0
2016-05-12,47610,2017-03-31,,,,,,,,,,,,,,,,,,,,,,,,,,,,,,12.00,,,,,,,false,true,12,2016-04-01,2017-03-31,1
2016-07-26,47610,2017-03-31,1,4319000000,-0.058,,,,,-178000000,,-151000000,,,-115000000,,-10.28,,,,,,18944000000,14642000000,0.773,,14642000000,,,,,,,,,,,,true,false,3,2016-04-01,2016-06-30,0
2016-07-26,47610,2016-03-31,1,4585000000,0.091,,,,,-220000000,,-190000000,,,-141000000,,-12.59,,,,,,,,,,,,,,,,,,,,,,true,false,3,2015-04-01,2015-06-30,-1
2016-07-26,47610,2017-03-31,1,10700000000,0.001,,,,,-50000000,,-20000000,,,-25000000,,-2.23,,,,,,,,,,,,,,,,,,,,,,true,true,6,2016-04-01,2016-09-30,0
2016-07-26,47610,2017-03-31,1,24200000000,0.028,,,,,430000000,0.103,500000000,0.082,,330000000,,29.46,,,,,,,,,,,,,,,,,,,,,,true,true,12,2016-04-01,2017-03-31,0
2016-07-26,47610,2016-03-31,1,,,,,,,,,,,,,,,,,,,,20075000000,14849000000,0.740,,14849000000,,,,,,,,,,,,true,false,12,2015-04-01,2016-03-31,-1
2016-07-26,47610,2016-03-31,1,,,,,,,,,,,,,,,,,,,,,,,,,,,,,12.00,,,,11200000,553,,false,false,12,2015-04-01,2016-03-31,-1
2016-07-26,47610,2017-03-31,1,,,,,,,,,,,,,,,,,,,,,,,,,,,,,12.00,,,,,,,false,true,12,2016-04-01,2017-03-31,0
2016-07-26,47610,2017-03-31,1,,,,,,,,,,,,,,,,,,,,,,,,,,,,,,,,,11200000,553,11199447,false,false,3,2016-04-01,2016-06-30,0
2016-07-26,47610,2016-03-31,1,,,,,,,,,,,,,,,,,,,,,,,,,,,,,,,,,,,11199496,false,false,3,2015-04-01,2015-06-30,-1
2016-10-21,47610,2017-03-31,,10384000000,-0.029,,,,,22000000,,53000000,,,27000000,,2.48,,,,,,,,,,,,,,,,,,,,,,true,true,6,2016-04-01,2016-09-30,0
2016-10-21,47610,2016-03-31,,10690000000,,,,,,-128000000,,-92000000,,,-73000000,,-6.60,,,,,,,,,,,,,,,,,,,,,,true,false,6,2015-04-01,2015-09-30,-1
2016-10-21,47610,2017-03-31,,23400000000,-0.033,,,,,340000000,-0.209,400000000,-0.200,,260000000,,23.21,,,,,,,,,,,,,,,,,,,,,,true,true,12,2016-04-01,2017-03-31,0
2016-10-21,47610,2016-03-31,,23546000000,,,,,,389000000,,462000000,,,267000000,,23.86,,,,,,,,,,,,,,,,,,,,,,true,false,12,2015-04-01,2016-03-31,-1
2016-10-28,47610,2017-03-31,2,10384000000,-0.029,,,,,22000000,,53000000,,,27000000,,2.48,,,,,,19427000000,14835000000,0.764,,14835000000,,,,,,,,,,,,true,false,6,2016-04-01,2016-09-30,0
2016-10-28,47610,2016-03-31,2,10690000000,0.104,,,,,-128000000,,-92000000,,,-73000000,,-6.60,,,,,,,,,,,,,,,,,,,,,,true,false,6,2015-04-01,2015-09-30,-1
2016-10-28,47610,2017-03-31,2,23400000000,-0.006,,,,,340000000,-0.128,400000000,-0.134,,260000000,,23.21,,,,,,,,,,,,,,,,,,,,,,true,true,12,2016-04-01,2017-03-31,0
2016-10-28,47610,2016-03-31,2,,,,,,,,,,,,,,,,,,,,20075000000,14849000000,0.740,,14849000000,,,,,,,,,,,,true,false,12,2015-04-01,2016-03-31,-1
2016-10-28,47610,2016-03-31,2,,,,,,,,,,,,,,,,,,,,,,,,,,,,,12.00,,,,11200000,553,,false,false,12,2015-04-01,2016-03-31,-1
2016-10-28,47610,2017-03-31,2,,,,,,,,,,,,,,,,,,,,,,,,,,,,,6.00,,,,,,,false,false,12,2016-04-01,2017-03-31,0
2016-10-28,47610,2017-03-31,2,,,,,,,,,,,,,,,,,,,,,,,,,,,,,12.00,,,,,,,false,true,12,2016-04-01,2017-03-31,0
2016-10-28,47610,2017-03-31,2,,,,,,,,,,,,,,,,,,,,,,,,,,,,,,,,,11200000,553,11199447,false,false,6,2016-04-01,2016-09-30,0
2016-10-28,47610,2016-03-31,2,,,,,,,,,,,,,,,,,,,,,,,,,,,,,,,,,,,11199496,false,false,6,2015-04-01,2015-09-30,-1
2017-01-26,47610,2017-03-31,3,14929000000,-0.034,,,,,-201000000,,-140000000,,,-111000000,,-9.97,,,,,,19023000000,14763000000,0.776,,14763000000,,,,,,,,,,,,true,false,9,2016-04-01,2016-12-31,0
2017-01-26,47610,2016-03-31,3,15452000000,0.078,,,,,-311000000,,-247000000,,,-181000000,,-16.23,,,,,,,,,,,,,,,,,,,,,,true,false,9,2015-04-01,2015-12-31,-1
2017-01-26,47610,2017-03-31,3,23400000000,-0.006,,,,,340000000,-0.128,400000000,-0.134,,260000000,,23.21,,,,,,,,,,,,,,,,,,,,,,true,true,12,2016-04-01,2017-03-31,0
2017-01-26,47610,2016-03-31,3,,,,,,,,,,,,,,,,,,,,20075000000,14849000000,0.740,,14849000000,,,,,,,,,,,,true,false,12,2015-04-01,2016-03-31,-1
2017-01-26,47610,2016-03-31,3,,,,,,,,,,,,,,,,,,,,,,,,,,,,,12.00,,,,11200000,553,,false,false,12,2015-04-01,2016-03-31,-1
2017-01-26,47610,2017-03-31,3,,,,,,,,,,,,,,,,,,,,,,,,,,,,,6.00,,,,,,,false,false,12,2016-04-01,2017-03-31,0
2017-01-26,47610,2017-03-31,3,,,,,,,,,,,,,,,,,,,,,,,,,,,,,12.00,,,,,,,false,true,12,2016-04-01,2017-03-31,0
2017-01-26,47610,2017-03-31,3,,,,,,,,,,,,,,,,,,,,,,,,,,,,,,,,,11200000,603,11199446,false,false,9,2016-04-01,2016-12-31,0
2017-01-26,47610,2016-03-31,3,,,,,,,,,,,,,,,,,,,,,,,,,,,,,,,,,,,11199496,false,false,9,2015-04-01,2015-12-31,-1
2017-05-12,47610,2017-03-31,,23066000000,-0.020,,,,,417000000,0.071,489000000,0.060,,317000000,,28.33,,0.021,0.024,0.018,,21007000000,15273000000,0.727,1363.81,15273000000,1068000000,1290000000,-538000000,6538000000,,0.424,,,,,,true,false,12,2016-04-01,2017-03-31,0
2017-05-12,47610,2016-03-31,,23546000000,0.047,,,,,389000000,1.594,462000000,0.893,,267000000,,23.86,,0.018,0.022,0.017,,20075000000,14849000000,0.740,1325.93,14849000000,610000000,-95000000,-523000000,4718000000,,0.503,,,,,,true,false,12,2015-04-01,2016-03-31,-1
2017-05-12,47610,2018-03-31,,9700000000,-0.066,,,,,-200000000,,-165000000,,,-125000000,,-11.16,,,,,,,,,,,,,,,,,,,,,,true,true,6,2017-04-01,2017-09-30,1
2017-05-12,47610,2018-03-31,,23700000000,0.027,,,,,430000000,0.030,500000000,0.021,,330000000,,29.46,,,,,,,,,,,,,,,,0.407,,,,,,true,true,12,2017-04-01,2018-03-31,1
2017-05-12,47610,2016-03-31,,,,,,,,,,,,,,,,,,,,,,,,,,,,,,12.00,,,,11200000,553,11199487,false,false,12,2015-04-01,2016-03-31,-1
2017-05-12,47610,2017-03-31,,,,,,,,,,,,,,,,,,,,,,,,,,,,,,12.00,,,,11200000,603,11199434,false,false,12,2016-04-01,2017-03-31,0
2017-05-12,47610,2018-03-31,,,,,,,,,,,,,,,,,,,,,,,,,,,,,,12.00,,,,,,,false,true,12,2017-04-01,2018-03-31,1
2017-07-28,47610,2018-03-31,1,4110000000,-0.048,,,,,-339000000,,-305000000,,,-224000000,,-20.00,,,,,,19294000000,14999000000,0.777,,14999000000,,,,,,,,,,,,true,false,3,2017-04-01,2017-06-30,0
2017-07-28,47610,2017-03-31,1,4319000000,-0.058,,,,,-178000000,,-151000000,,,-115000000,,-10.28,,,,,,,,,,,,,,,,,,,,,,true,false,3,2016-04-01,2016-06-30,-1
2017-07-28,47610,2018-03-31,1,9700000000,-0.066,,,,,-200000000,,-165000000,,,-125000000,,-11.16,,,,,,,,,,,,,,,,,,,,,,true,true,6,2017-04-01,2017-09-30,0
2017-07-28,47610,2018-03-31,1,23700000000,0.027,,,,,430000000,0.030,500000000,0.021,,330000000,,29.46,,,,,,,,,,,,,,,,,,,,,,true,true,12,2017-04-01,2018-03-31,0
2017-07-28,47610,2017-03-31,1,,,,,,,,,,,,,,,,,,,,21007000000,15273000000,0.727,,15273000000,,,,,,,,,,,,true,false,12,2016-04-01,2017-03-31,-1
2017-07-28,47610,2017-03-31,1,,,,,,,,,,,,,,,,,,,,,,,,,,,,,12.00,,,,11200000,603,,false,false,12,2016-04-01,2017-03-31,-1
2017-07-28,47610,2018-03-31,1,,,,,,,,,,,,,,,,,,,,,,,,,,,,,12.00,,,,,,,false,true,12,2017-04-01,2018-03-31,0
2017-07-28,47610,2018-03-31,1,,,,,,,,,,,,,,,,,,,,,,,,,,,,,,,,,11200000,603,11199397,false,false,3,2017-04-01,2017-06-30,0
2017-07-28,47610,2017-03-31,1,,,,,,,,,,,,,,,,,,,,,,,,,,,,,,,,,,,11199447,false,false,3,2016-04-01,2016-06-30,-1
2017-10-31,47610,2018-03-31,2,9683000000,-0.067,,,,,-207000000,,-168000000,,,-129000000,,-11.57,,,,,,19512000000,15081000000,0.773,,15081000000,,,,,,,,,,,,true,false,6,2017-04-01,2017-09-30,0
2017-10-31,47610,2017-03-31,2,10384000000,-0.029,,,,,22000000,,53000000,,,27000000,,2.48,,,,,,,,,,,,,,,,,,,,,,true,false,6,2016-04-01,2016-09-30,-1
2017-10-31,47610,2018-03-31,2,22800000000,-0.012,,,,,320000000,-0.233,400000000,-0.184,,260000000,,23.21,,,,,,,,,,,,,,,,,,,,,,true,true,12,2017-04-01,2018-03-31,0
2017-10-31,47610,2017-03-31,2,,,,,,,,,,,,,,,,,,,,21007000000,15273000000,0.727,,15273000000,,,,,,,,,,,,true,false,12,2016-04-01,2017-03-31,-1
2017-10-31,47610,2017-03-31,2,,,,,,,,,,,,,,,,,,,,,,,,,,,,,12.00,,,,11200000,603,,false,false,12,2016-04-01,2017-03-31,-1
2017-10-31,47610,2018-03-31,2,,,,,,,,,,,,,,,,,,,,,,,,,,,,,6.00,,,,,,,false,false,12,2017-04-01,2018-03-31,0
2017-10-31,47610,2018-03-31,2,,,,,,,,,,,,,,,,,,,,,,,,,,,,,12.00,,,,,,,false,true,12,2017-04-01,2018-03-31,0
2017-10-31,47610,2018-03-31,2,,,,,,,,,,,,,,,,,,,,,,,,,,,,,,,,,11200000,623,11199389,false,false,6,2017-04-01,2017-09-30,0
2017-10-31,47610,2017-03-31,2,,,,,,,,,,,,,,,,,,,,,,,,,,,,,,,,,,,11199447,false,false,6,2016-04-01,2016-09-30,-1
2018-01-31,47610,2018-03-31,3,14238000000,-0.046,,,,,-385000000,,-310000000,,,-231000000,,-20.71,,,,,,19082000000,14941000000,0.783,,14941000000,,,,,,,,,,,,true,false,9,2017-04-01,2017-12-31,0
2018-01-31,47610,2017-03-31,3,14929000000,-0.034,,,,,-201000000,,-140000000,,,-111000000,,-9.97,,,,,,,,,,,,,,,,,,,,,,true,false,9,2016-04-01,2016-12-31,-1
2018-01-31,47610,2018-03-31,3,22800000000,-0.012,,,,,320000000,-0.233,400000000,-0.184,,260000000,,23.21,,,,,,,,,,,,,,,,,,,,,,true,true,12,2017-04-01,2018-03-31,0
2018-01-31,47610,2017-03-31,3,,,,,,,,,,,,,,,,,,,,21007000000,15273000000,0.727,,15273000000,,,,,,,,,,,,true,false,12,2016-04-01,2017-03-31,-1
2018-01-31,47610,2017-03-31,3,,,,,,,,,,,,,,,,,,,,,,,,,,,,,12.00,,,,11200000,603,,false,false,12,2016-04-01,2017-03-31,-1
2018-01-31,47610,2018-03-31,3,,,,,,,,,,,,,,,,,,,,,,,,,,,,,6.00,,,,,,,false,false,12,2017-04-01,2018-03-31,0
2018-01-31,47610,2018-03-31,3,,,,,,,,,,,,,,,,,,,,,,,,,,,,,12.00,,,,,,,false,true,12,2017-04-01,2018-03-31,0
2018-01-31,47610,2018-03-31,3,,,,,,,,,,,,,,,,,,,,,,,,,,,,,,,,,11200000,623,11199385,false,false,9,2017-04-01,2017-12-31,0
2018-01-31,47610,2017-03-31,3,,,,,,,,,,,,,,,,,,,,,,,,,,,,,,,,,,,11199446,false,false,9,2016-04-01,2016-12-31,-1
2018-05-14,47610,2018-03-31,,21517000000,-0.067,,,,,232000000,-0.442,311000000,-0.364,,209000000,,18.72,,0.014,0.015,0.011,,20052000000,15369000000,0.766,1372.32,15369000000,1913000000,-420000000,-507000000,7523000000,,0.641,,,,,,true,false,12,2017-04-01,2018-03-31,0
2018-05-14,47610,2017-03-31,,23066000000,-0.020,,,,,417000000,0.071,489000000,0.060,,317000000,,28.33,,0.021,0.024,0.018,,21007000000,15273000000,0.727,1363.81,15273000000,1068000000,1290000000,-538000000,6538000000,,0.424,,,,,,true,false,12,2016-04-01,2017-03-31,-1
2018-05-14,47610,2019-03-31,,9900000000,0.022,,,,,-160000000,,-120000000,,,-90000000,,-8.03,,,,,,,,,,,,,,,,,,,,,,true,true,6,2018-04-01,2018-09-30,1
2018-05-14,47610,2019-03-31,,23900000000,0.111,,,,,410000000,0.761,500000000,0.604,,340000000,,30.35,,,,,,,,,,,,,,,,0.395,,,,,,true,true,12,2018-04-01,2019-03-31,1
2018-05-14,47610,2017-03-31,,,,,,,,,,,,,,,,,,,,,,,,,,,,,,12.00,,,,11200000,603,11199434,false,false,12,2016-04-01,2017-03-31,-1
2018-05-14,47610,2018-03-31,,,,,,,,,,,,,,,,,,,,,,,,,,,,,,12.00,,,,11200000,703,11199377,false,false,12,2017-04-01,2018-03-31,0
2018-05-14,47610,2019-03-31,,,,,,,,,,,,,,,,,,,,,,,,,,,,,,12.00,,,,,,,false,true,12,2018-04-01,2019-03-31,1
2018-07-30,47610,2019-03-31,1,3927000000,-0.044,,,,,-265000000,,-233000000,,,-170000000,,-15.23,,,,,,19244000000,15149000000,0.787,,15149000000,,,,,,,,,,,,true,false,3,2018-04-01,2018-06-30,0
2018-07-30,47610,2018-03-31,1,4110000000,-0.048,,,,,-339000000,,-305000000,,,-224000000,,-20.00,,,,,,,,,,,,,,,,,,,,,,true,false,3,2017-04-01,2017-06-30,-1
2018-07-30,47610,2019-03-31,1,9900000000,0.022,,,,,-160000000,,-120000000,,,-90000000,,-8.03,,,,,,,,,,,,,,,,,,,,,,true,true,6,2018-04-01,2018-09-30,0
2018-07-30,47610,2019-03-31,1,23900000000,0.111,,,,,410000000,0.761,500000000,0.604,,340000000,,30.35,,,,,,,,,,,,,,,,,,,,,,true,true,12,2018-04-01,2019-03-31,0
2018-07-30,47610,2018-03-31,1,,,,,,,,,,,,,,,,,,,,19794000000,15369000000,0.776,,15369000000,,,,,,,,,,,,true,false,12,2017-04-01,2018-03-31,-1
2018-07-30,47610,2018-03-31,1,,,,,,,,,,,,,,,,,,,,,,,,,,,,,12.00,,,,11200000,703,,false,false,12,2017-04-01,2018-03-31,-1
2018-07-30,47610,2019-03-31,1,,,,,,,,,,,,,,,,,,,,,,,,,,,,,12.00,,,,,,,false,true,12,2018-04-01,2019-03-31,0
2018-07-30,47610,2019-03-31,1,,,,,,,,,,,,,,,,,,,,,,,,,,,,,,,,,11200000,703,11199297,false,false,3,2018-04-01,2018-06-30,0
2018-07-30,47610,2018-03-31,1,,,,,,,,,,,,,,,,,,,,,,,,,,,,,,,,,,,11199397,false,false,3,2017-04-01,2017-06-30,-1
2018-10-23,47610,2019-03-31,,9590000000,-0.031,,,,,-29000000,,1000000,,,-4000000,,-0.42,,,,,,,,,,,,,,,,,,,,,,true,true,6,2018-04-01,2018-09-30,0
2018-10-23,47610,2018-03-31,,9683000000,,,,,,-207000000,,-168000000,,,-129000000,,-11.57,,,,,,,,,,,,,,,,,,,,,,true,false,6,2017-04-01,2017-09-30,-1
2018-10-31,47610,2019-03-31,2,9590000000,-0.010,,,,,-29000000,,1000000,,,-4000000,,-0.42,,,,,,19875000000,15315000000,0.771,,15315000000,,,,,,,,,,,,true,false,6,2018-04-01,2018-09-30,0
2018-10-31,47610,2018-03-31,2,9683000000,-0.067,,,,,-207000000,,-168000000,,,-129000000,,-11.57,,,,,,,,,,,,,,,,,,,,,,true,false,6,2017-04-01,2017-09-30,-1
2018-10-31,47610,2019-03-31,2,23900000000,0.111,,,,,410000000,0.761,500000000,0.604,,340000000,,30.35,,,,,,,,,,,,,,,,,,,,,,true,true,12,2018-04-01,2019-03-31,0
2018-10-31,47610,2018-03-31,2,,,,,,,,,,,,,,,,,,,,19794000000,15369000000,0.776,,15369000000,,,,,,,,,,,,true,false,12,2017-04-01,2018-03-31,-1
2018-10-31,47610,2018-03-31,2,,,,,,,,,,,,,,,,,,,,,,,,,,,,,12.00,,,,11200000,703,,false,false,12,2017-04-01,2018-03-31,-1
2018-10-31,47610,2019-03-31,2,,,,,,,,,,,,,,,,,,,,,,,,,,,,,6.00,,,,,,,false,false,12,2018-04-01,2019-03-31,0
2018-10-31,47610,2019-03-31,2,,,,,,,,,,,,,,,,,,,,,,,,,,,,,12.00,,,,,,,false,true,12,2018-04-01,2019-03-31,0
2018-10-31,47610,2019-03-31,2,,,,,,,,,,,,,,,,,,,,,,,,,,,,,,,,,11200000,703,11199297,false,false,6,2018-04-01,2018-09-30,0
2018-10-31,47610,2018-03-31,2,,,,,,,,,,,,,,,,,,,,,,,,,,,,,,,,,,,11199389,false,false,6,2017-04-01,2017-09-30,-1
2019-01-30,47610,2019-03-31,3,14102000000,-0.010,,,,,-98000000,,-38000000,,,-33000000,,-3.00,,,,,,18979000000,15125000000,0.797,,15125000000,,,,,,,,,,,,true,false,9,2018-04-01,2018-12-31,0
2019-01-30,47610,2018-03-31,3,14238000000,-0.046,,,,,-385000000,,-310000000,,,-231000000,,-20.71,,,,,,,,,,,,,,,,,,,,,,true,false,9,2017-04-01,2017-12-31,-1
2019-01-30,47610,2019-03-31,3,22300000000,0.036,,,,,410000000,0.761,500000000,0.604,,340000000,,30.35,,,,,,,,,,,,,,,,,,,,,,true,true,12,2018-04-01,2019-03-31,0
2019-01-30,47610,2018-03-31,3,,,,,,,,,,,,,,,,,,,,19794000000,15369000000,0.776,,15369000000,,,,,,,,,,,,true,false,12,2017-04-01,2018-03-31,-1
2019-01-30,47610,2018-03-31,3,,,,,,,,,,,,,,,,,,,,,,,,,,,,,12.00,,,,11200000,703,,false,false,12,2017-04-01,2018-03-31,-1
2019-01-30,47610,2019-03-31,3,,,,,,,,,,,,,,,,,,,,,,,,,,,,,6.00,,,,,,,false,false,12,2018-04-01,2019-03-31,0
2019-01-30,47610,2019-03-31,3,,,,,,,,,,,,,,,,,,,,,,,,,,,,,12.00,,,,,,,false,true,12,2018-04-01,2019-03-31,0
2019-01-30,47610,2019-03-31,3,,,,,,,,,,,,,,,,,,,,,,,,,,,,,,,,,11200000,703,11199297,false,false,9,2018-04-01,2018-12-31,0
2019-01-30,47610,2018-03-31,3,,,,,,,,,,,,,,,,,,,,,,,,,,,,,,,,,,,11199385,false,false,9,2017-04-01,2017-12-31,-1
2019-05-13,47610,2019-03-31,,21945000000,0.020,,,,,522000000,1.246,596000000,0.912,,384000000,,34.28,,0.025,0.029,0.024,,20651000000,15552000000,0.753,1388.73,15552000000,672000000,-376000000,-491000000,7328000000,,0.467,,,,,,true,false,12,2018-04-01,2019-03-31,0
2019-05-13,47610,2018-03-31,,21517000000,-0.067,,,,,232000000,-0.442,311000000,-0.364,,209000000,,18.72,,0.014,0.015,0.011,,19794000000,15369000000,0.776,1372.32,15369000000,1913000000,-420000000,-507000000,7523000000,,0.641,,,,,,true,false,12,2017-04-01,2018-03-31,-1
2019-05-13,47610,2020-03-31,,10300000000,0.074,,,,,90000000,,120000000,,,80000000,,7.14,,,,,,,,,,,,,,,,,,,,,,true,true,6,2019-04-01,2019-09-30,1
2019-05-13,47610,2020-03-31,,23000000000,0.048,,,,,610000000,0.166,660000000,0.107,,440000000,,39.28,,,,,,,,,,,,,,,,0.305,,,,,,true,true,12,2019-04-01,2020-03-31,1
2019-05-13,47610,2018-03-31,,,,,,,,,,,,,,,,,,,,,,,,,,,,,,12.00,,,,11200000,703,11199377,false,false,12,2017-04-01,2018-03-31,-1
2019-05-13,47610,2019-03-31,,,,,,,,,,,,,,,,,,,,,,,,,,,,,,16.00,,4.00,,11200000,703,11199297,false,false,12,2018-04-01,2019-03-31,0
2019-05-13,47610,2020-03-31,,,,,,,,,,,,,,,,,,,,,,,,,,,,,,12.00,,,,,,,false,true,12,2019-04-01,2020-03-31,1
2019-07-30,47610,2020-03-31,1,4327000000,0.102,,,,,-131000000,,-96000000,,,-38000000,,-3.43,,,,,,19722000000,15331000000,0.777,,15331000000,,,,,,,,,,,,true,false,3,2019-04-01,2019-06-30,0
2019-07-30,47610,2019-03-31,1,3927000000,-0.044,,,,,-265000000,,-233000000,,,-170000000,,-15.23,,,,,,,,,,,,,,,,,,,,,,true,false,3,2018-04-01,2018-06-30,-1
2019-07-30,47610,2020-03-31,1,10300000000,0.074,,,,,90000000,,120000000,,,100000000,,8.92,,,,,,,,,,,,,,,,,,,,,,true,true,6,2019-04-01,2019-09-30,0
2019-07-30,47610,2020-03-31,1,23000000000,0.048,,,,,610000000,0.166,660000000,0.107,,460000000,,41.07,,,,,,,,,,,,,,,,,,,,,,true,true,12,2019-04-01,2020-03-31,0
2019-07-30,47610,2019-03-31,1,,,,,,,,,,,,,,,,,,,,20651000000,15552000000,0.753,,15552000000,,,,,,,,,,,,true,false,12,2018-04-01,2019-03-31,-1
2019-07-30,47610,2019-03-31,1,,,,,,,,,,,,,,,,,,,,,,,,,,,,,16.00,,,,11200000,703,,false,false,12,2018-04-01,2019-03-31,-1
2019-07-30,47610,2020-03-31,1,,,,,,,,,,,,,,,,,,,,,,,,,,,,,12.00,,,,,,,false,true,12,2019-04-01,2020-03-31,0
2019-07-30,47610,2020-03-31,1,,,,,,,,,,,,,,,,,,,,,,,,,,,,,,,,,11200000,703,11199297,false,false,3,2019-04-01,2019-06-30,0
2019-07-30,47610,2019-03-31,1,,,,,,,,,,,,,,,,,,,,,,,,,,,,,,,,,,,11199297,false,false,3,2018-04-01,2018-06-30,-1
2019-10-21,47610,2020-03-31,,11058000000,0.074,,,,,404000000,3.500,449000000,2.750,,345000000,,30.84,,,,,,,,,,,,,,,,,,,,,,true,true,6,2019-04-01,2019-09-30,0
2019-10-21,47610,2019-03-31,,9590000000,,,,,,-29000000,,1000000,,,-4000000,,-0.42,,,,,,,,,,,,,,,,,,,,,,true,false,6,2018-04-01,2018-09-30,-1
2019-10-21,47610,2020-03-31,,23000000000,,,,,,610000000,,660000000,,,480000000,,42.85,,,,,,,,,,,,,,,,,,,,,,true,true,12,2019-04-01,2020-03-31,0
2019-10-21,47610,2019-03-31,,21945000000,,,,,,522000000,,596000000,,,384000000,,34.28,,,,,,,,,,,,,,,,,,,,,,true,false,12,2018-04-01,2019-03-31,-1
2019-10-31,47610,2020-03-31,2,11058000000,0.153,,,,,404000000,,449000000,,,345000000,,30.84,,,,,,20816000000,15734000000,0.756,,15734000000,,,,,,,,,,,,true,false,6,2019-04-01,2019-09-30,0
2019-10-31,47610,2019-03-31,2,9590000000,-0.010,,,,,-29000000,,1000000,,,-4000000,,-0.42,,,,,,,,,,,,,,,,,,,,,,true,false,6,2018-04-01,2018-09-30,-1
2019-10-31,47610,2020-03-31,2,23000000000,0.048,,,,,610000000,0.166,660000000,0.107,,480000000,,42.85,,,,,,,,,,,,,,,,,,,,,,true,true,12,2019-04-01,2020-03-31,0
2019-10-31,47610,2019-03-31,2,,,,,,,,,,,,,,,,,,,,20651000000,15552000000,0.753,,15552000000,,,,,,,,,,,,true,false,12,2018-04-01,2019-03-31,-1
2019-10-31,47610,2019-03-31,2,,,,,,,,,,,,,,,,,,,,,,,,,,,,,16.00,,,,11200000,703,,false,false,12,2018-04-01,2019-03-31,-1
2019-10-31,47610,2020-03-31,2,,,,,,,,,,,,,,,,,,,,,,,,,,,,,6.00,,,,,,,false,false,12,2019-04-01,2020-03-31,0
2019-10-31,47610,2020-03-31,2,,,,,,,,,,,,,,,,,,,,,,,,,,,,,12.00,,,,,,,false,true,12,2019-04-01,2020-03-31,0
2019-10-31,47610,2020-03-31,2,,,,,,,,,,,,,,,,,,,,,,,,,,,,,,,,,11200000,703,11199297,false,false,6,2019-04-01,2019-09-30,0
2019-10-31,47610,2019-03-31,2,,,,,,,,,,,,,,,,,,,,,,,,,,,,,,,,,,,11199297,false,false,6,2018-04-01,2018-09-30,-1
2020-01-30,47610,2020-03-31,3,16102000000,0.142,,,,,386000000,,443000000,,,269000000,,24.02,,,,,,20198000000,15706000000,0.778,,15706000000,,,,,,,,,,,,true,false,9,2019-04-01,2019-12-31,0
2020-01-30,47610,2019-03-31,3,14102000000,-0.010,,,,,-98000000,,-38000000,,,-33000000,,-3.00,,,,,,,,,,,,,,,,,,,,,,true,false,9,2018-04-01,2018-12-31,-1
2020-01-30,47610,2020-03-31,3,23500000000,0.071,,,,,750000000,0.434,800000000,0.342,,500000000,,44.64,,,,,,,,,,,,,,,,,,,,,,true,true,12,2019-04-01,2020-03-31,0
2020-01-30,47610,2019-03-31,3,,,,,,,,,,,,,,,,,,,,20651000000,15552000000,0.753,,15552000000,,,,,,,,,,,,true,false,12,2018-04-01,2019-03-31,-1
2020-01-30,47610,2019-03-31,3,,,,,,,,,,,,,,,,,,,,,,,,,,,,,16.00,,,,11200000,703,,false,false,12,2018-04-01,2019-03-31,-1
2020-01-30,47610,2020-03-31,3,,,,,,,,,,,,,,,,,,,,,,,,,,,,,6.00,,,,,,,false,false,12,2019-04-01,2020-03-31,0
2020-01-30,47610,2020-03-31,3,,,,,,,,,,,,,,,,,,,,,,,,,,,,,12.00,,,,,,,false,true,12,2019-04-01,2020-03-31,0
2020-01-30,47610,2020-03-31,3,,,,,,,,,,,,,,,,,,,,,,,,,,,,,,,,,11200000,703,11199297,false,false,9,2019-04-01,2019-12-31,0
2020-01-30,47610,2019-03-31,3,,,,,,,,,,,,,,,,,,,,,,,,,,,,,,,,,,,11199297,false,false,9,2018-04-01,2018-12-31,-1
2020-05-15,47610,2020-03-31,,23833000000,0.086,,,,,778000000,0.490,845000000,0.419,,473000000,,42.30,,0.030,0.040,0.033,,21546000000,15686000000,0.728,1400.64,15686000000,1673000000,-111000000,-576000000,8314000000,,0.284,,,,,,true,false,12,2019-04-01,2020-03-31,0
2020-05-15,47610,2019-03-31,,21945000000,0.020,,,,,522000000,1.246,596000000,0.912,,384000000,,34.28,,0.025,0.029,0.024,,20651000000,15552000000,0.753,1388.73,15552000000,672000000,-376000000,-491000000,7328000000,,0.467,,,,,,true,false,12,2018-04-01,2019-03-31,-1
2020-05-15,47610,2021-03-31,,11000000000,-0.005,,,,,130000000,-0.679,160000000,-0.644,,100000000,,8.92,,,,,,,,,,,,,,,,,,,,,,true,true,6,2020-04-01,2020-09-30,1
2020-05-15,47610,2021-03-31,,23000000000,-0.035,,,,,640000000,-0.178,700000000,-0.173,,480000000,,42.85,,,,,,,,,,,,,,,,0.280,,,,,,true,true,12,2020-04-01,2021-03-31,1
2020-05-15,47610,2020-03-31,,22865000000,0.102,,,,,707000000,0.503,793000000,0.389,425000000,,0.133,38.02,,,,,,20250000000,14630000000,0.722,1306.34,14630000000,,,,,12.00,,,,11200000,735,11199292,false,false,12,2019-04-01,2020-03-31,0
2020-05-15,47610,2019-03-31,,20740000000,0.034,,,,,470000000,1.155,571000000,0.817,375000000,,0.649,33.57,,,,,,19296000000,14408000000,0.747,1286.52,14408000000,,,,,16.00,,,,11200000,703,11199297,false,false,12,2018-04-01,2019-03-31,-1
2020-05-15,47610,2021-03-31,,,,,,,,,,,,,,,,,,,,,,,,,,,,,,12.00,,,,,,,false,true,12,2020-04-01,2021-03-31,1
2020-07-31,47610,2021-03-31,1,4776000000,0.104,,,,,-63000000,,-41000000,,,-34000000,,-3.09,,,,,,20250000000,15664000000,0.774,,15664000000,,,,,,,,,,,,true,false,3,2020-04-01,2020-06-30,0
2020-07-31,47610,2020-03-31,1,4327000000,0.102,,,,,-131000000,,-96000000,,,-38000000,,-3.43,,,,,,,,,,,,,,,,,,,,,,true,false,3,2019-04-01,2019-06-30,-1
2020-07-31,47610,2021-03-31,1,11000000000,-0.005,,,,,130000000,-0.679,160000000,-0.644,,170000000,,15.17,,,,,,,,,,,,,,,,,,,,,,true,true,6,2020-04-01,2020-09-30,0
2020-07-31,47610,2021-03-31,1,23000000000,-0.035,,,,,640000000,-0.178,700000000,-0.173,,550000000,,49.11,,,,,,,,,,,,,,,,,,,,,,true,true,12,2020-04-01,2021-03-31,0
2020-07-31,47610,2020-03-31,1,,,,,,,,,,,,,,,,,,,,21546000000,15686000000,0.728,,15686000000,,,,,,,,,,,,true,false,12,2019-04-01,2020-03-31,-1
2020-07-31,47610,2020-03-31,1,,,,,,,,,,,,,,,,,,,,,,,,,,,,,12.00,,,,11200000,735,,false,false,12,2019-04-01,2020-03-31,-1
2020-07-31,47610,2021-03-31,1,,,,,,,,,,,,,,,,,,,,,,,,,,,,,12.00,,,,,,,false,true,12,2020-04-01,2021-03-31,0
2020-07-31,47610,2021-03-31,1,,,,,,,,,,,,,,,,,,,,,,,,,,,,,,,,,11200000,735,11199265,false,false,3,2020-04-01,2020-06-30,0
2020-07-31,47610,2020-03-31,1,,,,,,,,,,,,,,,,,,,,,,,,,,,,,,,,,,,11199297,false,false,3,2019-04-01,2019-06-30,-1
2020-07-31,47610,2021-03-31,,11000000000,,,,,,130000000,,160000000,,,170000000,,15.17,,,,,,,,,,,,,,,,,,,,,,true,true,6,2020-04-01,2020-09-30,0
2020-07-31,47610,2020-03-31,,11058000000,,,,,,404000000,,449000000,,,345000000,,30.84,,,,,,,,,,,,,,,,,,,,,,true,false,6,2019-04-01,2019-09-30,-1
2020-07-31,47610,2021-03-31,,23000000000,,,,,,640000000,,700000000,,,550000000,,49.11,,,,,,,,,,,,,,,,,,,,,,true,true,12,2020-04-01,2021-03-31,0
2020-07-31,47610,2020-03-31,,23833000000,,,,,,778000000,,845000000,,,473000000,,42.30,,,,,,,,,,,,,,,,,,,,,,true,false,12,2019-04-01,2020-03-31,-1
2020-10-22,47610,2021-03-31,,10847000000,-0.014,,,,,283000000,1.177,307000000,0.919,,283000000,,25.33,,,,,,,,,,,,,,,,,,,,,,true,true,6,2020-04-01,2020-09-30,0
2020-10-22,47610,2020-03-31,,11058000000,,,,,,404000000,,449000000,,,345000000,,30.84,,,,,,,,,,,,,,,,,,,,,,true,false,6,2019-04-01,2019-09-30,-1
2020-11-04,47610,2021-03-31,2,10847000000,-0.019,,,,,283000000,-0.301,307000000,-0.318,,283000000,,25.33,,,,,,21217000000,16028000000,0.755,,16028000000,,,,,,,,,,,,true,false,6,2020-04-01,2020-09-30,0
2020-11-04,47610,2020-03-31,2,11058000000,0.153,,,,,404000000,,449000000,,,345000000,,30.84,,,,,,,,,,,,,,,,,,,,,,true,false,6,2019-04-01,2019-09-30,-1
2020-11-04,47610,2021-03-31,2,23000000000,-0.035,,,,,640000000,-0.178,700000000,-0.173,,550000000,,49.11,,,,,,,,,,,,,,,,,,,,,,true,true,12,2020-04-01,2021-03-31,0
2020-11-04,47610,2020-03-31,2,,,,,,,,,,,,,,,,,,,,21546000000,15686000000,0.728,,15686000000,,,,,,,,,,,,true,false,12,2019-04-01,2020-03-31,-1
2020-11-04,47610,2020-03-31,2,,,,,,,,,,,,,,,,,,,,,,,,,,,,,12.00,,,,11200000,735,,false,false,12,2019-04-01,2020-03-31,-1
2020-11-04,47610,2021-03-31,2,,,,,,,,,,,,,,,,,,,,,,,,,,,,,6.00,,,,,,,false,false,12,2020-04-01,2021-03-31,0
2020-11-04,47610,2021-03-31,2,,,,,,,,,,,,,,,,,,,,,,,,,,,,,12.00,,,,,,,false,true,12,2020-04-01,2021-03-31,0
2020-11-04,47610,2021-03-31,2,,,,,,,,,,,,,,,,,,,,,,,,,,,,,,,,,11200000,735,11199265,false,false,6,2020-04-01,2020-09-30,0
2020-11-04,47610,2020-03-31,2,,,,,,,,,,,,,,,,,,,,,,,,,,,,,,,,,,,11199297,false,false,6,2019-04-01,2019-09-30,-1
2021-01-29,47610,2021-03-31,3,16438000000,0.021,,,,,342000000,-0.114,423000000,-0.043,,372000000,,33.22,,,,,,20803000000,16099000000,0.774,,16099000000,,,,,,,,,,,,true,false,9,2020-04-01,2020-12-31,0
2021-01-29,47610,2020-03-31,3,16102000000,0.142,,,,,386000000,,443000000,,,269000000,,24.02,,,,,,,,,,,,,,,,,,,,,,true,false,9,2019-04-01,2019-12-31,-1
2021-01-29,47610,2021-03-31,3,24500000000,0.028,,,,,720000000,-0.076,800000000,-0.054,,650000000,,58.03,,,,,,,,,,,,,,,,,,,,,,true,true,12,2020-04-01,2021-03-31,0
2021-01-29,47610,2020-03-31,3,,,,,,,,,,,,,,,,,,,,21546000000,15686000000,0.728,,15686000000,,,,,,,,,,,,true,false,12,2019-04-01,2020-03-31,-1
2021-01-29,47610,2020-03-31,3,,,,,,,,,,,,,,,,,,,,,,,,,,,,,12.00,,,,11200000,735,,false,false,12,2019-04-01,2020-03-31,-1
2021-01-29,47610,2021-03-31,3,,,,,,,,,,,,,,,,,,,,,,,,,,,,,6.00,,,,,,,false,false,12,2020-04-01,2021-03-31,0
2021-01-29,47610,2021-03-31,3,,,,,,,,,,,,,,,,,,,,,,,,,,,,,12.00,,,,,,,false,true,12,2020-04-01,2021-03-31,0
2021-01-29,47610,2021-03-31,3,,,,,,,,,,,,,,,,,,,,,,,,,,,,,,,,,11200000,735,11199265,false,false,9,2020-04-01,2020-12-31,0
2021-01-29,47610,2020-03-31,3,,,,,,,,,,,,,,,,,,,,,,,,,,,,,,,,,,,11199297,false,false,9,2019-04-01,2019-12-31,-1
2021-05-14,47610,2021-03-31,,24658000000,0.035,,,,,802000000,0.030,887000000,0.049,,736000000,,65.73,,0.045,0.040,0.033,,22824000000,16814000000,0.737,1501.39,16814000000,725000000,245000000,-563000000,8722000000,,0.183,,,,,,true,false,12,2020-04-01,2021-03-31,0
2021-05-14,47610,2020-03-31,,23833000000,0.086,,,,,778000000,0.490,845000000,0.419,,473000000,,42.30,,0.030,0.040,0.033,,21546000000,15686000000,0.728,1400.64,15686000000,1673000000,-111000000,-576000000,8314000000,,0.284,,,,,,true,false,12,2019-04-01,2020-03-31,-1
2021-05-14,47610,2022-03-31,,11500000000,0.060,,,,,330000000,0.166,350000000,0.140,,240000000,,21.42,,,,,,,,,,,,,,,,,,,,,,true,true,6,2021-04-01,2021-09-30,1
2021-05-14,47610,2022-03-31,,24000000000,-0.027,,,,,760000000,-0.053,800000000,-0.098,,550000000,,49.11,,,,,,,,,,,,,,,,0.244,,,,,,true,true,12,2021-04-01,2022-03-31,1
2021-05-14,47610,2020-03-31,,,,,,,,,,,,,,,,,,,,,,,,,,,,,,12.00,,,,11200000,735,11199292,false,false,12,2019-04-01,2020-03-31,-1
2021-05-14,47610,2021-03-31,,,,,,,,,,,,,,,,,,,,,,,,,,,,,,12.00,,,,11200000,735,11199265,false,false,12,2020-04-01,2021-03-31,0
2021-05-14,47610,2022-03-31,,,,,,,,,,,,,,,,,,,,,,,,,,,,,,12.00,,,,,,,false,true,12,2021-04-01,2022-03-31,1
2021-07-30,47610,2022-03-31,1,5816000000,,,,,,-56000000,,-27000000,,,-24000000,,-2.20,,,,,,21891000000,16880000000,0.771,,16880000000,,,,,,,,,,,,true,false,3,2021-04-01,2021-06-30,0
2021-07-30,47610,2021-03-31,1,4776000000,0.104,,,,,-63000000,,-41000000,,,-34000000,,-3.09,,,,,,,,,,,,,,,,,,,,,,true,false,3,2020-04-01,2020-06-30,-1
2021-07-30,47610,2022-03-31,1,11500000000,0.060,,,,,330000000,0.166,350000000,0.140,,240000000,,21.42,,,,,,,,,,,,,,,,,,,,,,true,true,6,2021-04-01,2021-09-30,0
2021-07-30,47610,2022-03-31,1,24000000000,-0.027,,,,,760000000,-0.053,800000000,-0.098,,550000000,,49.11,,,,,,,,,,,,,,,,,,,,,,true,true,12,2021-04-01,2022-03-31,0
2021-07-30,47610,2021-03-31,1,,,,,,,,,,,,,,,,,,,,22824000000,16814000000,0.737,,16814000000,,,,,,,,,,,,true,false,12,2020-04-01,2021-03-31,-1
2021-07-30,47610,2021-03-31,1,,,,,,,,,,,,,,,,,,,,,,,,,,,,,12.00,,,,11200000,735,,false,false,12,2020-04-01,2021-03-31,-1
2021-07-30,47610,2022-03-31,1,,,,,,,,,,,,,,,,,,,,,,,,,,,,,12.00,,,,,,,false,true,12,2021-04-01,2022-03-31,0
2021-07-30,47610,2022-03-31,1,,,,,,,,,,,,,,,,,,,,,,,,,,,,,,,,,11200000,735,11199265,false,false,3,2021-04-01,2021-06-30,0
2021-07-30,47610,2021-03-31,1,,,,,,,,,,,,,,,,,,,,,,,,,,,,,,,,,,,11199265,false,false,3,2020-04-01,2020-06-30,-1
2021-10-21,47610,2022-03-31,,11702000000,0.018,,,,,156000000,-0.525,184000000,-0.472,,124000000,,11.11,,,,,,,,,,,,,,,,,,,,,,true,true,6,2021-04-01,2021-09-30,0
2021-10-21,47610,2021-03-31,,10847000000,,,,,,283000000,,307000000,,,283000000,,25.33,,,,,,,,,,,,,,,,,,,,,,true,false,6,2020-04-01,2020-09-30,-1
2021-10-21,47610,2022-03-31,,11702000000,0.018,,,,,156000000,-0.525,184000000,-0.472,,124000000,,11.11,,,,,,,,,,,,,,,,,,,,,,true,true,6,2021-04-01,2021-09-30,0
2021-10-21,47610,2021-03-31,,10847000000,,,,,,283000000,,307000000,,,283000000,,25.33,,,,,,,,,,,,,,,,,,,,,,true,false,6,2020-04-01,2020-09-30,-1
2021-10-27,47610,2022-03-31,2,11702000000,,,,,,156000000,,184000000,,,124000000,,11.11,,,,,,21863000000,16995000000,0.777,,16995000000,,,,,,,,,,,,true,false,6,2021-04-01,2021-09-30,0
2021-10-27,47610,2021-03-31,2,10847000000,-0.019,,,,,283000000,-0.301,307000000,-0.318,,283000000,,25.33,,,,,,,,,,,,,,,,,,,,,,true,false,6,2020-04-01,2020-09-30,-1
2021-10-27,47610,2022-03-31,2,24000000000,-0.027,,,,,760000000,-0.053,800000000,-0.098,,550000000,,49.11,,,,,,,,,,,,,,,,,,,,,,true,true,12,2021-04-01,2022-03-31,0
2021-10-27,47610,2021-03-31,2,,,,,,,,,,,,,,,,,,,,22824000000,16814000000,0.737,,16814000000,,,,,,,,,,,,true,false,12,2020-04-01,2021-03-31,-1
2021-10-27,47610,2021-03-31,2,,,,,,,,,,,,,,,,,,,,,,,,,,,,,12.00,,,,11200000,735,,false,false,12,2020-04-01,2021-03-31,-1
2021-10-27,47610,2022-03-31,2,,,,,,,,,,,,,,,,,,,,,,,,,,,,,6.00,,,,,,,false,false,12,2021-04-01,2022-03-31,0
2021-10-27,47610,2022-03-31,2,,,,,,,,,,,,,,,,,,,,,,,,,,,,,12.00,,,,,,,false,true,12,2021-04-01,2022-03-31,0
2021-10-27,47610,2022-03-31,2,,,,,,,,,,,,,,,,,,,,,,,,,,,,,,,,,11200000,735,11199265,false,false,6,2021-04-01,2021-09-30,0
2021-10-27,47610,2021-03-31,2,,,,,,,,,,,,,,,,,,,,,,,,,,,,,,,,,,,11199265,false,false,6,2020-04-01,2020-09-30,-1
2022-02-01,47610,2022-03-31,3,17700000000,,,,,,119000000,,174000000,,,116000000,,10.43,,,,,,21306000000,16881000000,0.792,,16881000000,,,,,,,,,,,,true,false,9,2021-04-01,2021-12-31,0
2022-02-01,47610,2021-03-31,3,16438000000,0.021,,,,,342000000,-0.114,423000000,-0.043,,372000000,,33.22,,,,,,,,,,,,,,,,,,,,,,true,false,9,2020-04-01,2020-12-31,-1
2022-02-01,47610,2022-03-31,3,24000000000,-0.027,,,,,760000000,-0.053,800000000,-0.098,,550000000,,49.11,,,,,,,,,,,,,,,,,,,,,,true,true,12,2021-04-01,2022-03-31,0
2022-02-01,47610,2021-03-31,3,,,,,,,,,,,,,,,,,,,,22824000000,16814000000,0.737,,16814000000,,,,,,,,,,,,true,false,12,2020-04-01,2021-03-31,-1
2022-02-01,47610,2021-03-31,3,,,,,,,,,,,,,,,,,,,,,,,,,,,,,12.00,,,,11200000,735,,false,false,12,2020-04-01,2021-03-31,-1
2022-02-01,47610,2022-03-31,3,,,,,,,,,,,,,,,,,,,,,,,,,,,,,6.00,,,,,,,false,false,12,2021-04-01,2022-03-31,0
2022-02-01,47610,2022-03-31,3,,,,,,,,,,,,,,,,,,,,,,,,,,,,,12.00,,,,,,,false,true,12,2021-04-01,2022-03-31,0
2022-02-01,47610,2022-03-31,3,,,,,,,,,,,,,,,,,,,,,,,,,,,,,,,,,11200000,789,11199262,false,false,9,2021-04-01,2021-12-31,0
2022-02-01,47610,2021-03-31,3,,,,,,,,,,,,,,,,,,,,,,,,,,,,,,,,,,,11199265,false,false,9,2020-04-01,2020-12-31,-1
2022-04-28,47610,2022-03-31,,24794000000,0.033,,,,,819000000,0.078,878000000,0.098,,602000000,,53.76,,,,,,,,,,,,,,,,,,,,,,true,true,12,2021-04-01,2022-03-31,0
2022-04-28,47610,2021-03-31,,24658000000,,,,,,802000000,,887000000,,,736000000,,65.73,,,,,,,,,,,,,,,,,,,,,,true,false,12,2020-04-01,2021-03-31,-1
2022-05-12,47610,2022-03-31,,24794000000,,,,,,819000000,,878000000,,,602000000,,53.76,,0.035,0.039,0.033,,22287000000,17341000000,0.778,1548.42,17341000000,-187000000,-561000000,-569000000,7403000000,,0.260,,,,,,true,false,12,2021-04-01,2022-03-31,0
2022-05-12,47610,2021-03-31,,24658000000,0.035,,,,,802000000,0.030,887000000,0.049,,736000000,,65.73,,0.045,0.040,0.033,,22824000000,16814000000,0.737,1501.39,16814000000,725000000,245000000,-563000000,8722000000,,0.183,,,,,,true,false,12,2020-04-01,2021-03-31,-1
2022-05-12,47610,2023-03-31,,11400000000,-0.026,,,,,170000000,0.086,200000000,0.082,,140000000,,12.50,,,,,,,,,,,,,,,,,,,,,,true,true,6,2022-04-01,2022-09-30,1
2022-05-12,47610,2023-03-31,,24000000000,-0.032,,,,,750000000,-0.085,800000000,-0.089,,550000000,,49.11,,,,,,,,,,,,,,,,0.285,,,,,,true,true,12,2022-04-01,2023-03-31,1
2022-05-12,47610,2021-03-31,,,,,,,,,,,,,,,,,,,,,,,,,,,,,,12.00,,,,11200000,735,11199265,false,false,12,2020-04-01,2021-03-31,-1
2022-05-12,47610,2022-03-31,,,,,,,,,,,,,,,,,,,,,,,,,,,,,,14.00,,,,11200000,789,11199249,false,false,12,2021-04-01,2022-03-31,0
2022-05-12,47610,2023-03-31,,,,,,,,,,,,,,,,,,,,,,,,,,,,,,14.00,,,,,,,false,true,12,2022-04-01,2023-03-31,1
2022-07-29,47610,2023-03-31,1,5279000000,-0.092,,,,,16000000,,40000000,,,25000000,,2.24,,,,,,21381000000,17239000000,0.806,,17239000000,,,,,,,,,,,,true,false,3,2022-04-01,2022-06-30,0
2022-07-29,47610,2022-03-31,1,5816000000,,,,,,-56000000,,-27000000,,,-24000000,,-2.20,,,,,,,,,,,,,,,,,,,,,,true,false,3,2021-04-01,2021-06-30,-1
2022-07-29,47610,2023-03-31,1,11400000000,-0.026,,,,,170000000,0.086,200000000,0.082,,140000000,,12.50,,,,,,,,,,,,,,,,,,,,,,true,true,6,2022-04-01,2022-09-30,0
2022-07-29,47610,2023-03-31,1,24000000000,-0.032,,,,,750000000,-0.085,800000000,-0.089,,550000000,,49.11,,,,,,,,,,,,,,,,,,,,,,true,true,12,2022-04-01,2023-03-31,0
2022-07-29,47610,2022-03-31,1,,,,,,,,,,,,,,,,,,,,22287000000,17341000000,0.778,,17341000000,,,,,,,,,,,,true,false,12,2021-04-01,2022-03-31,-1
2022-07-29,47610,2022-03-31,1,,,,,,,,,,,,,,,,,,,,,,,,,,,,,14.00,,,,11200000,789,,false,false,12,2021-04-01,2022-03-31,-1
2022-07-29,47610,2023-03-31,1,,,,,,,,,,,,,,,,,,,,,,,,,,,,,14.00,,,,,,,false,true,12,2022-04-01,2023-03-31,0
2022-07-29,47610,2023-03-31,1,,,,,,,,,,,,,,,,,,,,,,,,,,,,,,,,,11200000,789,11199211,false,false,3,2022-04-01,2022-06-30,0
2022-07-29,47610,2022-03-31,1,,,,,,,,,,,,,,,,,,,,,,,,,,,,,,,,,,,11199265,false,false,3,2021-04-01,2021-06-30,-1
2022-10-20,47610,2023-03-31,,10826000000,-0.050,,,,,273000000,0.607,301000000,0.509,,234000000,,20.91,,,,,,,,,,,,,,,,,,,,,,true,true,6,2022-04-01,2022-09-30,0
2022-10-20,47610,2022-03-31,,11702000000,,,,,,156000000,,184000000,,,124000000,,11.11,,,,,,,,,,,,,,,,,,,,,,true,false,6,2021-04-01,2021-09-30,-1
2022-10-31,47610,2023-03-31,2,10826000000,-0.075,,,,,273000000,0.744,301000000,0.633,,234000000,,20.91,,,,,,21446000000,17407000000,0.812,,17407000000,,,,,,,,,,,,true,false,6,2022-04-01,2022-09-30,0
2022-10-31,47610,2022-03-31,2,11702000000,,,,,,156000000,,184000000,,,124000000,,11.11,,,,,,,,,,,,,,,,,,,,,,true,false,6,2021-04-01,2021-09-30,-1
2022-10-31,47610,2023-03-31,2,24000000000,-0.032,,,,,750000000,-0.085,800000000,-0.089,,550000000,,49.11,,,,,,,,,,,,,,,,,,,,,,true,true,12,2022-04-01,2023-03-31,0
2022-10-31,47610,2022-03-31,2,,,,,,,,,,,,,,,,,,,,22287000000,17341000000,0.778,,17341000000,,,,,,,,,,,,true,false,12,2021-04-01,2022-03-31,-1
2022-10-31,47610,2022-03-31,2,,,,,,,,,,,,,,,,,,,,,,,,,,,,,14.00,,,,11200000,789,,false,false,12,2021-04-01,2022-03-31,-1
2022-10-31,47610,2023-03-31,2,,,,,,,,,,,,,,,,,,,,,,,,,,,,,7.00,,,,,,,false,false,12,2022-04-01,2023-03-31,0
2022-10-31,47610,2023-03-31,2,,,,,,,,,,,,,,,,,,,,,,,,,,,,,14.00,,,,,,,false,true,12,2022-04-01,2023-03-31,0
2022-10-31,47610,2023-03-31,2,,,,,,,,,,,,,,,,,,,,,,,,,,,,,,,,,11200000,789,11199211,false,false,6,2022-04-01,2022-09-30,0
2022-10-31,47610,2022-03-31,2,,,,,,,,,,,,,,,,,,,,,,,,,,,,,,,,,,,11199265,false,false,6,2021-04-01,2021-09-30,-1
2023-01-31,47610,2023-03-31,3,16372000000,-0.075,,,,,485000000,3.066,526000000,2.019,,391000000,,34.94,,,,,,21746000000,17548000000,0.807,,17548000000,,,,,,,,,,,,true,false,9,2022-04-01,2022-12-31,0
2023-01-31,47610,2022-03-31,3,17700000000,,,,,,119000000,,174000000,,,116000000,,10.43,,,,,,,,,,,,,,,,,,,,,,true,false,9,2021-04-01,2021-12-31,-1
2023-01-31,47610,2023-03-31,3,23500000000,-0.052,,,,,840000000,0.025,880000000,0.002,,630000000,,56.25,,,,,,,,,,,,,,,,,,,,,,true,true,12,2022-04-01,2023-03-31,0
2023-01-31,47610,2022-03-31,3,,,,,,,,,,,,,,,,,,,,22287000000,17341000000,0.778,,17341000000,,,,,,,,,,,,true,false,12,2021-04-01,2022-03-31,-1
2023-01-31,47610,2022-03-31,3,,,,,,,,,,,,,,,,,,,,,,,,,,,,,14.00,,,,11200000,789,,false,false,12,2021-04-01,2022-03-31,-1
2023-01-31,47610,2023-03-31,3,,,,,,,,,,,,,,,,,,,,,,,,,,,,,7.00,,,,,,,false,false,12,2022-04-01,2023-03-31,0
2023-01-31,47610,2023-03-31,3,,,,,,,,,,,,,,,,,,,,,,,,,,,,,14.00,,,,,,,false,true,12,2022-04-01,2023-03-31,0
2023-01-31,47610,2023-03-31,3,,,,,,,,,,,,,,,,,,,,,,,,,,,,,,,,,11200000,789,11199211,false,false,9,2022-04-01,2022-12-31,0
2023-01-31,47610,2022-03-31,3,,,,,,,,,,,,,,,,,,,,,,,,,,,,,,,,,,,11199262,false,false,9,2021-04-01,2021-12-31,-1
2023-05-11,47610,2023-03-31,,23588000000,-0.049,,,,,993000000,0.212,1038000000,0.182,,748000000,,66.86,,0.043,0.046,0.042,,22808000000,17833000000,0.782,1592.36,17833000000,1743000000,-201000000,-518000000,8428000000,,0.269,,,,,,true,false,12,2022-04-01,2023-03-31,0
2023-05-11,47610,2022-03-31,,24794000000,,,,,,819000000,,878000000,,,602000000,,53.76,,0.035,0.039,0.033,,22287000000,17341000000,0.778,1548.42,17341000000,-187000000,-561000000,-569000000,7403000000,,0.260,,,,,,true,false,12,2021-04-01,2022-03-31,-1
2023-05-11,47610,2024-03-31,,10600000000,-0.021,,,,,360000000,0.318,400000000,0.325,,280000000,,25.00,,,,,,,,,,,,,,,,,,,,,,true,true,6,2023-04-01,2023-09-30,1
2023-05-11,47610,2024-03-31,,23100000000,-0.021,,,,,820000000,-0.175,900000000,-0.133,,620000000,,55.36,,,,,,,,,,,,,,,,0.325,,,,,,true,true,12,2023-04-01,2024-03-31,1
2023-05-11,47610,2022-03-31,,,,,,,,,,,,,,,,,,,,,,,,,,,,,,14.00,,,,11200000,789,11199249,false,false,12,2021-04-01,2022-03-31,-1
2023-05-11,47610,2023-03-31,,,,,,,,,,,,,,,,,,,,,,,,,,,,,,18.00,,,,11200000,789,11199211,false,false,12,2022-04-01,2023-03-31,0
2023-05-11,47610,2024-03-31,,,,,,,,,,,,,,,,,,,,,,,,,,,,,,18.00,,,,,,,false,true,12,2023-04-01,2024-03-31,1
2023-07-31,47610,2024-03-31,1,5311000000,0.006,,,,,205000000,,241000000,4.930,,170000000,,15.19,,,,,,21867000000,17969000000,0.822,,17969000000,,,,,,,,,,,,true,false,3,2023-04-01,2023-06-30,0
2023-07-31,47610,2023-03-31,1,5279000000,-0.092,,,,,16000000,,40000000,,,25000000,,2.24,,,,,,,,,,,,,,,,,,,,,,true,false,3,2022-04-01,2022-06-30,-1
2023-07-31,47610,2024-03-31,1,10600000000,-0.021,,,,,360000000,0.318,400000000,0.325,,280000000,,25.00,,,,,,,,,,,,,,,,,,,,,,true,true,6,2023-04-01,2023-09-30,0
2023-07-31,47610,2024-03-31,1,23100000000,-0.021,,,,,820000000,-0.175,900000000,-0.133,,620000000,,55.36,,,,,,,,,,,,,,,,,,,,,,true,true,12,2023-04-01,2024-03-31,0
2023-07-31,47610,2023-03-31,1,,,,,,,,,,,,,,,,,,,,22808000000,17833000000,0.782,,17833000000,,,,,,,,,,,,true,false,12,2022-04-01,2023-03-31,-1
2023-07-31,47610,2023-03-31,1,,,,,,,,,,,,,,,,,,,,,,,,,,,,,18.00,,,,11200000,789,,false,false,12,2022-04-01,2023-03-31,-1
2023-07-31,47610,2024-03-31,1,,,,,,,,,,,,,,,,,,,,,,,,,,,,,18.00,,,,,,,false,true,12,2023-04-01,2024-03-31,0
2023-07-31,47610,2024-03-31,1,,,,,,,,,,,,,,,,,,,,,,,,,,,,,,,,,11200000,789,11199211,false,false,3,2023-04-01,2023-06-30,0
2023-07-31,47610,2023-03-31,1,,,,,,,,,,,,,,,,,,,,,,,,,,,,,,,,,,,11199211,false,false,3,2022-04-01,2022-06-30,-1
2023-10-25,47610,2024-03-31,,10855000000,0.024,,,,,619000000,0.719,660000000,0.651,,462000000,,41.33,,,,,,,,,,,,,,,,,,,,,,true,true,6,2023-04-01,2023-09-30,0
2023-10-25,47610,2023-03-31,,10826000000,,,,,,273000000,,301000000,,,234000000,,20.91,,,,,,,,,,,,,,,,,,,,,,true,false,6,2022-04-01,2022-09-30,-1
2023-10-25,47610,2024-03-31,,23100000000,,,,,,1020000000,0.244,1100000000,0.222,,760000000,,67.86,,,,,,,,,,,,,,,,,,,,,,true,true,12,2023-04-01,2024-03-31,0
2023-10-25,47610,2023-03-31,,23588000000,,,,,,993000000,,1038000000,,,748000000,,66.86,,,,,,,,,,,,,,,,,,,,,,true,false,12,2022-04-01,2023-03-31,-1
2023-11-01,47610,2024-03-31,2,10855000000,0.003,,,,,619000000,1.266,660000000,1.188,,462000000,,41.33,,,,,,22398000000,18315000000,0.818,,18315000000,,,,,,,,,,,,true,false,6,2023-04-01,2023-09-30,0
2023-11-01,47610,2023-03-31,2,10826000000,-0.075,,,,,273000000,0.744,301000000,0.633,,234000000,,20.91,,,,,,,,,,,,,,,,,,,,,,true,false,6,2022-04-01,2022-09-30,-1
2023-11-01,47610,2024-03-31,2,23100000000,-0.021,,,,,1020000000,0.027,1100000000,0.059,,760000000,,67.86,,,,,,,,,,,,,,,,,,,,,,true,true,12,2023-04-01,2024-03-31,0
2023-11-01,47610,2023-03-31,2,,,,,,,,,,,,,,,,,,,,22808000000,17833000000,0.782,,17833000000,,,,,,,,,,,,true,false,12,2022-04-01,2023-03-31,-1
2023-11-01,47610,2023-03-31,2,,,,,,,,,,,,,,,,,,,,,,,,,,,,,18.00,,,,11200000,789,,false,false,12,2022-04-01,2023-03-31,-1
2023-11-01,47610,2024-03-31,2,,,,,,,,,,,,,,,,,,,,,,,,,,,,,9.00,,,,,,,false,false,12,2023-04-01,2024-03-31,0
2023-11-01,47610,2024-03-31,2,,,,,,,,,,,,,,,,,,,,,,,,,,,,,18.00,,,,,,,false,true,12,2023-04-01,2024-03-31,0
2023-11-01,47610,2024-03-31,2,,,,,,,,,,,,,,,,,,,,,,,,,,,,,,,,,11200000,789,11199211,false,false,6,2023-04-01,2023-09-30,0
2023-11-01,47610,2023-03-31,2,,,,,,,,,,,,,,,,,,,,,,,,,,,,,,,,,,,11199211,false,false,6,2022-04-01,2022-09-30,-1
2024-01-31,47610,2024-03-31,3,16491000000,0.007,,,,,928000000,0.912,982000000,0.869,,689000000,,61.55,,,,,,22379000000,18500000000,0.827,,18500000000,,,,,,,,,,,,true,false,9,2023-04-01,2023-12-31,0
2024-01-31,47610,2023-03-31,3,16372000000,-0.075,,,,,485000000,3.066,526000000,2.019,,391000000,,34.94,,,,,,,,,,,,,,,,,,,,,,true,false,9,2022-04-01,2022-12-31,-1
2024-01-31,47610,2024-03-31,3,23100000000,-0.021,,,,,1020000000,0.027,1100000000,0.059,,760000000,,67.86,,,,,,,,,,,,,,,,,,,,,,true,true,12,2023-04-01,2024-03-31,0
2024-01-31,47610,2023-03-31,3,,,,,,,,,,,,,,,,,,,,22808000000,17833000000,0.782,,17833000000,,,,,,,,,,,,true,false,12,2022-04-01,2023-03-31,-1
2024-01-31,47610,2023-03-31,3,,,,,,,,,,,,,,,,,,,,,,,,,,,,,18.00,,,,11200000,789,,false,false,12,2022-04-01,2023-03-31,-1
2024-01-31,47610,2024-03-31,3,,,,,,,,,,,,,,,,,,,,,,,,,,,,,9.00,,,,,,,false,false,12,2023-04-01,2024-03-31,0
2024-01-31,47610,2024-03-31,3,,,,,,,,,,,,,,,,,,,,,,,,,,,,,18.00,,,,,,,false,true,12,2023-04-01,2024-03-31,0
2024-01-31,47610,2024-03-31,3,,,,,,,,,,,,,,,,,,,,,,,,,,,,,,,,,11200000,789,11199211,false,false,9,2023-04-01,2023-12-31,0
2024-01-31,47610,2023-03-31,3,,,,,,,,,,,,,,,,,,,,,,,,,,,,,,,,,,,11199211,false,false,9,2022-04-01,2022-12-31,-1
2024-05-13,47610,2024-03-31,,22769000000,-0.035,,,,,1127000000,0.135,1206000000,0.162,,895000000,,79.92,,0.048,0.051,0.050,,24236000000,19180000000,0.791,1712.67,19180000000,2974000000,-527000000,-523000000,10351000000,,0.300,,,,,,true,false,12,2023-04-01,2024-03-31,0
2024-05-13,47610,2023-03-31,,23588000000,-0.049,,,,,993000000,0.212,1038000000,0.182,,748000000,,66.86,,0.043,0.046,0.042,,22808000000,17833000000,0.782,1592.36,17833000000,1743000000,-201000000,-518000000,8428000000,,0.269,,,,,,true,false,12,2022-04-01,2023-03-31,-1
2024-05-13,47610,2025-03-31,,23100000000,0.014,,,,,1200000000,0.064,1250000000,0.036,,860000000,,76.79,,,,,,,,,,,,,,,,0.313,,,,,,true,true,12,2024-04-01,2025-03-31,1
2024-05-13,47610,2023-03-31,,,,,,,,,,,,,,,,,,,,,,,,,,,,,,18.00,,,,11200000,789,11199211,false,false,12,2022-04-01,2023-03-31,-1
2024-05-13,47610,2024-03-31,,,,,,,,,,,,,,,,,,,,,,,,,,,,,,24.00,,,,11200000,789,11199211,false,false,12,2023-04-01,2024-03-31,0
2024-05-13,47610,2025-03-31,,,,,,,,,,,,,,,,,,,,,,,,,,,,,,24.00,,,,,,,false,true,12,2024-04-01,2025-03-31,1
2024-07-30,47610,2025-03-31,1,4685000000,-0.118,,,,,4000000,-0.979,49000000,-0.794,,31000000,,2.85,,,,,,23261000000,19129000000,0.822,,19129000000,,,,,,,,,,,,true,false,3,2024-04-01,2024-06-30,0
2024-07-30,47610,2024-03-31,1,5311000000,0.006,,,,,205000000,,241000000,4.930,,170000000,,15.19,,,,,,,,,,,,,,,,,,,,,,true,false,3,2023-04-01,2023-06-30,-1
2024-07-30,47610,2025-03-31,1,23100000000,0.014,,,,,1200000000,0.064,1250000000,0.036,,1050000000,,93.75,,,,,,,,,,,,,,,,,,,,,,true,true,12,2024-04-01,2025-03-31,0
2024-07-30,47610,2024-03-31,1,,,,,,,,,,,,,,,,,,,,24236000000,19180000000,0.791,,19180000000,,,,,,,,,,,,true,false,12,2023-04-01,2024-03-31,-1
2024-07-30,47610,2024-03-31,1,,,,,,,,,,,,,,,,,,,,,,,,,,,,,24.00,,,,11200000,789,,false,false,12,2023-04-01,2024-03-31,-1
2024-07-30,47610,2025-03-31,1,,,,,,,,,,,,,,,,,,,,,,,,,,,,,24.00,,,,,,,false,true,12,2024-04-01,2025-03-31,0
2024-07-30,47610,2025-03-31,1,,,,,,,,,,,,,,,,,,,,,,,,,,,,,,,,,11200000,789,11199211,false,false,3,2024-04-01,2024-06-30,0
2024-07-30,47610,2024-03-31,1,,,,,,,,,,,,,,,,,,,,,,,,,,,,,,,,,,,11199211,false,false,3,2023-04-01,2023-06-30,-1
2024-10-31,47610,2025-03-31,2,9982000000,-0.080,,,,,300000000,-0.514,348000000,-0.473,,433000000,,38.74,,,,,,23365000000,19406000000,0.831,,19406000000,,,,,,,,,,,,true,false,6,2024-04-01,2024-09-30,0
2024-10-31,47610,2024-03-31,2,10855000000,0.003,,,,,619000000,1.266,660000000,1.188,,462000000,,41.33,,,,,,,,,,,,,,,,,,,,,,true,false,6,2023-04-01,2023-09-30,-1
2024-10-31,47610,2025-03-31,2,23100000000,0.014,,,,,1200000000,0.064,1250000000,0.036,,1050000000,,93.75,,,,,,,,,,,,,,,,,,,,,,true,true,12,2024-04-01,2025-03-31,0
2024-10-31,47610,2024-03-31,2,,,,,,,,,,,,,,,,,,,,24236000000,19180000000,0.791,,19180000000,,,,,,,,,,,,true,false,12,2023-04-01,2024-03-31,-1
2024-10-31,47610,2024-03-31,2,,,,,,,,,,,,,,,,,,,,,,,,,,,,,24.00,,,,11200000,789,,false,false,12,2023-04-01,2024-03-31,-1
2024-10-31,47610,2025-03-31,2,,,,,,,,,,,,,,,,,,,,,,,,,,,,,12.00,,,,,,,false,false,12,2024-04-01,2025-03-31,0
2024-10-31,47610,2025-03-31,2,,,,,,,,,,,,,,,,,,,,,,,,,,,,,24.00,,,,,,,false,true,12,2024-04-01,2025-03-31,0
2024-10-31,47610,2025-03-31,2,,,,,,,,,,,,,,,,,,,,,,,,,,,,,,,,,11200000,789,11199211,false,false,6,2024-04-01,2024-09-30,0
2024-10-31,47610,2024-03-31,2,,,,,,,,,,,,,,,,,,,,,,,,,,,,,,,,,,,11199211,false,false,6,2023-04-01,2023-09-30,-1
2025-01-30,47610,2025-03-31,3,15342000000,-0.070,,,,,581000000,-0.374,669000000,-0.319,,665000000,,59.41,,,,,,23778000000,19508000000,0.820,,19508000000,,,,,,,,,,,,true,false,9,2024-04-01,2024-12-31,0
2025-01-30,47610,2024-03-31,3,16491000000,0.007,,,,,928000000,0.912,982000000,0.869,,689000000,,61.55,,,,,,,,,,,,,,,,,,,,,,true,false,9,2023-04-01,2023-12-31,-1
2025-01-30,47610,2025-03-31,3,23100000000,0.014,,,,,1200000000,0.064,1250000000,0.036,,1050000000,,93.75,,,,,,,,,,,,,,,,,,,,,,true,true,12,2024-04-01,2025-03-31,0
2025-01-30,47610,2024-03-31,3,,,,,,,,,,,,,,,,,,,,24236000000,19180000000,0.791,,19180000000,,,,,,,,,,,,true,false,12,2023-04-01,2024-03-31,-1
2025-01-30,47610,2024-03-31,3,,,,,,,,,,,,,,,,,,,,,,,,,,,,,24.00,,,,11200000,789,,false,false,12,2023-04-01,2024-03-31,-1
2025-01-30,47610,2025-03-31,3,,,,,,,,,,,,,,,,,,,,,,,,,,,,,12.00,,,,,,,false,false,12,2024-04-01,2025-03-31,0
2025-01-30,47610,2025-03-31,3,,,,,,,,,,,,,,,,,,,,,,,,,,,,,24.00,,,,,,,false,true,12,2024-04-01,2025-03-31,0
2025-01-30,47610,2025-03-31,3,,,,,,,,,,,,,,,,,,,,,,,,,,,,,,,,,11200000,789,11199211,false,false,9,2024-04-01,2024-12-31,0
2025-01-30,47610,2024-03-31,3,,,,,,,,,,,,,,,,,,,,,,,,,,,,,,,,,,,11199211,false,false,9,2023-04-01,2023-12-31,-1
2025-02-25,47610,2025-03-31,,22600000000,-0.022,,,,,1410000000,0.175,1500000000,0.200,,1040000000,,92.86,,,,,,,,,,,,,,,,,,,,,,true,true,12,2024-04-01,2025-03-31,0
2025-02-25,47610,2024-03-31,,22769000000,,,,,,1127000000,,1206000000,,,895000000,,79.92,,,,,,,,,,,,,,,,,,,,,,true,false,12,2023-04-01,2024-03-31,-1
2025-02-25,47610,2025-03-31,,,,,,,,,,,,,,,,,,,,,,,,,,,,,,28.00,,,,,,,false,true,12,2024-04-01,2025-03-31,0
2025-02-25,47610,2025-03-31,,,,,,,,,,,,,,,,,,,,,,,,,,,,,,12.00,,,,,,,false,false,12,2024-04-01,2025-03-31,0
2025-02-25,47610,2024-03-31,,,,,,,,,,,,,,,,,,,,,,,,,,,,,,24.00,,,,,,,false,false,12,2023-04-01,2024-03-31,-1
2025-05-13,47610,2025-03-31,,22537000000,-0.010,,,,,1377000000,0.222,1493000000,0.237,,1145000000,,102.26,,0.059,0.060,0.061,,25556000000,19866000000,0.777,1773.88,19866000000,359000000,-6416000000,-590000000,3703000000,,0.313,,,,,,true,false,12,2024-04-01,2025-03-31,0
2025-05-13,47610,2024-03-31,,22769000000,-0.035,,,,,1127000000,0.135,1206000000,0.162,,895000000,,79.92,,0.048,0.051,0.050,,24236000000,19180000000,0.791,1712.67,19180000000,2974000000,-527000000,-523000000,10351000000,,0.300,,,,,,true,false,12,2023-04-01,2024-03-31,-1
2025-05-13,47610,2026-03-31,,22900000000,0.016,,,,,1400000000,0.016,1550000000,0.038,,1070000000,,95.54,,,,,,,,,,,,,,,,0.356,,,,,,true,true,12,2025-04-01,2026-03-31,1
2025-05-13,47610,2025-03-31,,21571000000,-0.006,,,,,1386000000,0.268,2153000000,0.830,1801000000,,1.059,160.89,,,,,,24629000000,19210000000,0.780,1715.35,19210000000,,,,,32.00,,,,11200000,789,11199211,false,false,12,2024-04-01,2025-03-31,0
2025-05-13,47610,2024-03-31,,21703000000,-0.031,,,,,1093000000,0.111,1176000000,0.123,875000000,,0.153,78.15,,,,,,22541000000,17840000000,0.791,1593.01,17840000000,,,,,24.00,,,,11200000,789,11199211,false,false,12,2023-04-01,2024-03-31,-1
2025-05-13,47610,2026-03-31,,,,,,,,,,,,,,,,,,,,,,,,,,,,,,34.00,,,,,,,false,true,12,2025-04-01,2026-03-31,1
2025-07-31,47610,2026-03-31,1,4962000000,0.059,,,,,64000000,,137000000,1.760,,92000000,,8.23,,,,,,24341000000,19863000000,0.816,,19863000000,,,,,,,,,,,,true,false,3,2025-04-01,2025-06-30,0
2025-07-31,47610,2025-03-31,1,4685000000,-0.118,,,,,4000000,-0.979,49000000,-0.794,,31000000,,2.85,,,,,,,,,,,,,,,,,,,,,,true,false,3,2024-04-01,2024-06-30,-1
2025-07-31,47610,2026-03-31,1,22900000000,0.016,,,,,1400000000,0.016,1550000000,0.038,,1070000000,,95.54,,,,,,,,,,,,,,,,,,,,,,true,true,12,2025-04-01,2026-03-31,0
2025-07-31,47610,2025-03-31,1,,,,,,,,,,,,,,,,,,,,25556000000,19866000000,0.777,,19866000000,,,,,,,,,,,,true,false,12,2024-04-01,2025-03-31,-1
2025-07-31,47610,2025-03-31,1,,,,,,,,,,,,,,,,,,,,,,,,,,,,,32.00,,,,11200000,789,,false,false,12,2024-04-01,2025-03-31,-1
2025-07-31,47610,2026-03-31,1,,,,,,,,,,,,,,,,,,,,,,,,,,,,,34.00,,,,,,,false,true,12,2025-04-01,2026-03-31,0
2025-07-31,47610,2026-03-31,1,,,,,,,,,,,,,,,,,,,,,,,,,,,,,,,,,11200000,789,11199211,false,false,3,2025-04-01,2025-06-30,0
2025-07-31,47610,2025-03-31,1,,,,,,,,,,,,,,,,,,,,,,,,,,,,,,,,,,,11199211,false,false,3,2024-04-01,2024-06-30,-1
