filing_date,code,fiscal_year_end,quarterly_period,net_sales,net_sales_change,revenue,revenue_change,operating_revenue,operating_revenue_change,operating_profit,operating_profit_change,ordinary_profit,ordinary_profit_change,net_income,net_income_of_parent,net_income_change,eps,diluted_eps,roe,roa,operating_profit_to_net_sales,operating_profit_to_revenue,total_assets,net_assets,equity_ratio,bps,owner_equity,operating_cash_flow,investing_cash_flow,financing_cash_flow,cash,dividend_per_share,payout_ratio,commemorative_dividend,extra_dividend,number_of_shares,number_of_treqsury_shares,avg_number_of_shares,is_consolidated,is_forecast,duration,period_start,period_end,period_pos
2015-07-29,47620,2016-03-31,1,824000000,0.097,,,,,138000000,0.737,144000000,0.690,95000000,,0.830,23.12,,,,,,6057000000,5429000000,0.896,,5429000000,,,,,,,,,4130800,0,4130800,false,false,3,2015-04-01,2015-06-30,0
2015-07-29,47620,2015-03-31,1,752000000,-0.005,,,,,79000000,-0.300,85000000,-0.342,52000000,,-0.327,12.63,,,,,,,,,,,,,,,,,,,,,4130800,false,false,3,2014-04-01,2014-06-30,-1
2015-07-29,47620,2016-03-31,1,1600000000,0.039,,,,,260000000,0.272,270000000,0.244,160000000,,0.191,38.73,,,,,,,,,,,,,,,,,,,,,,false,true,6,2015-04-01,2015-09-30,0
2015-07-29,47620,2016-03-31,1,3350000000,0.060,,,,,540000000,0.061,560000000,0.054,340000000,,5.676,82.31,,,,,,,,,,,,,,,56.00,,,,,,,false,true,12,2015-04-01,2016-03-31,0
2015-07-29,47620,2015-03-31,1,,,,,,,,,,,,,,,,,,,,6206000000,5449000000,0.878,,5449000000,,,,,56.00,,,,4130800,0,,false,false,12,2014-04-01,2015-03-31,-1
2015-10-29,47620,2016-03-31,2,1672000000,0.086,,,,,293000000,0.436,306000000,0.411,202000000,,0.504,48.90,,,,,,6365000000,5535000000,0.870,,5535000000,,,,,,,,,4130800,0,4130800,false,false,6,2015-04-01,2015-09-30,0
2015-10-29,47620,2015-03-31,2,1540000000,0.019,,,,,204000000,-0.088,217000000,-0.126,134000000,,-0.089,32.52,,,,,,,,,,,,,,,,,,,,,4130800,false,false,6,2014-04-01,2014-09-30,-1
2015-10-29,47620,2016-03-31,2,3350000000,0.060,,,,,540000000,0.061,560000000,0.054,340000000,,5.676,82.31,,,,,,,,,,,,,,,56.00,,,,,,,false,true,12,2015-04-01,2016-03-31,0
2015-10-29,47620,2015-03-31,2,,,,,,,,,,,,,,,,,,,,6206000000,5449000000,0.878,,5449000000,,,,,56.00,,,,4130800,0,,false,false,12,2014-04-01,2015-03-31,-1
2015-10-29,47620,2016-03-31,2,,,,,,,,,,,,,,,,,,,,,,,,,,,,,28.00,,,,,,,false,false,12,2015-04-01,2016-03-31,0
2016-01-29,47620,2016-03-31,3,2599000000,0.114,,,,,498000000,0.387,517000000,0.377,339000000,,0.450,82.27,,,,,,6283000000,5557000000,0.885,,5557000000,,,,,,,,,4130800,0,4130800,false,false,9,2015-04-01,2015-12-31,0
2016-01-29,47620,2015-03-31,3,2332000000,0.031,,,,,359000000,0.066,375000000,0.019,234000000,,0.070,56.73,,,,,,,,,,,,,,,,,,,,,4130800,false,false,9,2014-04-01,2014-12-31,-1
2016-01-29,47620,2016-03-31,3,3540000000,0.120,,,,,650000000,0.277,670000000,0.261,440000000,,7.639,106.52,,,,,,,,,,,,,,,56.00,,,,,,,false,true,12,2015-04-01,2016-03-31,0
2016-01-29,47620,2015-03-31,3,,,,,,,,,,,,,,,,,,,,6206000000,5449000000,0.878,,5449000000,,,,,56.00,,,,4130800,0,,false,false,12,2014-04-01,2015-03-31,-1
2016-01-29,47620,2016-03-31,3,,,,,,,,,,,,,,,,,,,,,,,,,,,,,28.00,,,,,,,false,false,12,2015-04-01,2016-03-31,0
2016-01-29,47620,2016-03-31,,3540000000,0.057,,,,,650000000,0.204,670000000,0.196,440000000,,0.294,106.52,,,,,,,,,,,,,,,,,,,,,,false,true,12,2015-04-01,2016-03-31,0
2016-01-29,47620,2015-03-31,,3161000000,,,,,,508000000,,531000000,,50000000,,,12.33,,,,,,,,,,,,,,,,,,,,,,false,false,12,2014-04-01,2015-03-31,-1
2016-04-28,47620,2016-03-31,,3586000000,0.134,,,,,683000000,0.343,709000000,0.335,455000000,,7.945,110.29,,0.082,0.111,0.191,,6577000000,5673000000,0.863,1373.45,5673000000,768000000,-374000000,-231000000,853000000,56.00,0.508,,,4130800,0,4130800,false,false,12,2015-04-01,2016-03-31,0
2016-04-28,47620,2015-03-31,,3161000000,0.052,,,,,508000000,0.095,531000000,0.067,50000000,,-0.827,12.33,,0.009,0.086,0.161,,6206000000,5449000000,0.878,1319.16,5449000000,657000000,-762000000,-231000000,690000000,56.00,4.542,,,4130800,0,4130800,false,false,12,2014-04-01,2015-03-31,-1
2016-04-28,47620,2017-03-31,,1750000000,0.046,,,,,300000000,0.022,310000000,0.012,210000000,,0.040,50.84,,,,,,,,,,,,,,,,,,,,,,false,true,6,2016-04-01,2016-09-30,1
2016-04-28,47620,2017-03-31,,3800000000,0.059,,,,,700000000,0.024,720000000,0.015,490000000,,0.076,118.62,,,,,,,,,,,,,,,56.00,0.472,,,,,,false,true,12,2016-04-01,2017-03-31,1
2016-07-28,47620,2017-03-31,1,1025000000,0.243,,,,,167000000,0.203,173000000,0.196,120000000,,0.266,29.26,,,,,,6410000000,5678000000,0.886,,5678000000,,,,,,,,,4130800,0,4130800,false,false,3,2016-04-01,2016-06-30,0
2016-07-28,47620,2016-03-31,1,824000000,0.097,,,,,138000000,0.737,144000000,0.690,95000000,,0.830,23.12,,,,,,,,,,,,,,,,,,,,,4130800,false,false,3,2015-04-01,2015-06-30,-1
2016-07-28,47620,2017-03-31,1,1750000000,0.046,,,,,300000000,0.022,310000000,0.012,210000000,,0.040,50.84,,,,,,,,,,,,,,,,,,,,,,false,true,6,2016-04-01,2016-09-30,0
2016-07-28,47620,2017-03-31,1,3800000000,0.059,,,,,700000000,0.024,720000000,0.015,490000000,,0.076,118.62,,,,,,,,,,,,,,,56.00,,,,,,,false,true,12,2016-04-01,2017-03-31,0
2016-07-28,47620,2016-03-31,1,,,,,,,,,,,,,,,,,,,,6577000000,5673000000,0.863,,5673000000,,,,,56.00,,,,4130800,0,,false,false,12,2015-04-01,2016-03-31,-1
2016-10-28,47620,2017-03-31,2,1946000000,0.164,,,,,340000000,0.161,353000000,0.154,246000000,,0.221,59.70,,,,,,6626000000,5804000000,0.876,,5804000000,,,,,,,,,4130800,0,4130800,false,false,6,2016-04-01,2016-09-30,0
2016-10-28,47620,2016-03-31,2,1672000000,0.086,,,,,293000000,0.436,306000000,0.411,202000000,,0.504,48.90,,,,,,,,,,,,,,,,,,,,,4130800,false,false,6,2015-04-01,2015-09-30,-1
2016-10-28,47620,2017-03-31,2,4000000000,0.115,,,,,700000000,0.024,720000000,0.015,490000000,,0.076,118.62,,,,,,,,,,,,,,,56.00,,,,,,,false,true,12,2016-04-01,2017-03-31,0
2016-10-28,47620,2016-03-31,2,,,,,,,,,,,,,,,,,,,,6577000000,5673000000,0.863,,5673000000,,,,,56.00,,,,4130800,0,,false,false,12,2015-04-01,2016-03-31,-1
2016-10-28,47620,2017-03-31,2,,,,,,,,,,,,,,,,,,,,,,,,,,,,,28.00,,,,,,,false,false,12,2016-04-01,2017-03-31,0
2017-01-27,47620,2017-03-31,3,2924000000,0.125,,,,,522000000,0.049,541000000,0.046,378000000,,0.112,91.52,,,,,,6576000000,5820000000,0.885,,5820000000,,,,,,,,,4130800,0,4130800,false,false,9,2016-04-01,2016-12-31,0
2017-01-27,47620,2016-03-31,3,2599000000,0.114,,,,,498000000,0.387,517000000,0.377,339000000,,0.450,82.27,,,,,,,,,,,,,,,,,,,,,4130800,false,false,9,2015-04-01,2015-12-31,-1
2017-01-27,47620,2017-03-31,3,4000000000,0.115,,,,,700000000,0.024,720000000,0.015,490000000,,0.076,118.62,,,,,,,,,,,,,,,56.00,,,,,,,false,true,12,2016-04-01,2017-03-31,0
2017-01-27,47620,2016-03-31,3,,,,,,,,,,,,,,,,,,,,6577000000,5673000000,0.863,,5673000000,,,,,56.00,,,,4130800,0,,false,false,12,2015-04-01,2016-03-31,-1
2017-01-27,47620,2017-03-31,3,,,,,,,,,,,,,,,,,,,,,,,,,,,,,28.00,,,,,,,false,false,12,2016-04-01,2017-03-31,0
2017-04-28,47620,2017-03-31,,4041000000,0.127,,,,,705000000,0.032,729000000,0.029,522000000,,0.146,63.21,,0.090,0.109,0.175,,6849000000,5964000000,0.871,721.94,5964000000,847000000,-450000000,-231000000,1019000000,56.00,0.443,,,8261600,0,8261600,false,false,12,2016-04-01,2017-03-31,0
2017-04-28,47620,2016-03-31,,3586000000,0.134,,,,,683000000,0.343,709000000,0.335,455000000,,7.945,55.14,,0.082,0.111,0.191,,6577000000,5673000000,0.863,686.73,5673000000,768000000,-374000000,-231000000,853000000,56.00,0.508,,,8261600,0,8261600,false,false,12,2015-04-01,2016-03-31,-1
2017-04-28,47620,2018-03-31,,2000000000,0.027,,,,,310000000,-0.090,320000000,-0.095,215000000,,-0.128,26.02,,,,,,,,,,,,,,,,,,,,,,false,true,6,2017-04-01,2017-09-30,1
2017-04-28,47620,2018-03-31,,4100000000,0.014,,,,,630000000,-0.107,650000000,-0.109,440000000,,-0.157,53.26,,,,,,,,,,,,,,,28.00,0.526,,,,,,false,true,12,2017-04-01,2018-03-31,1
2017-07-27,47620,2018-03-31,1,1052000000,0.027,,,,,217000000,0.300,219000000,0.266,147000000,,0.219,17.83,,,,,,6835000000,5996000000,0.877,,5996000000,,,,,,,,,8261600,0,8261600,false,false,3,2017-04-01,2017-06-30,0
2017-07-27,47620,2017-03-31,1,1025000000,0.243,,,,,167000000,0.203,173000000,0.196,120000000,,0.266,14.63,,,,,,,,,,,,,,,,,,,,,8261600,false,false,3,2016-04-01,2016-06-30,-1
2017-07-27,47620,2018-03-31,1,2000000000,0.027,,,,,310000000,-0.090,320000000,-0.095,215000000,,-0.128,26.02,,,,,,,,,,,,,,,,,,,,,,false,true,6,2017-04-01,2017-09-30,0
2017-07-27,47620,2018-03-31,1,4100000000,0.014,,,,,630000000,-0.107,650000000,-0.109,440000000,,-0.157,53.26,,,,,,,,,,,,,,,28.00,,,,,,,false,true,12,2017-04-01,2018-03-31,0
2017-07-27,47620,2017-03-31,1,,,,,,,,,,,,,,,,,,,,6849000000,5964000000,0.871,,5964000000,,,,,56.00,,,,8261600,0,,false,false,12,2016-04-01,2017-03-31,-1
2017-10-31,47620,2018-03-31,2,2102000000,0.080,,,,,360000000,0.059,368000000,0.041,247000000,,0.002,29.92,,,,,,7105000000,6095000000,0.858,,6095000000,,,,,,,,,8261600,0,8261600,false,false,6,2017-04-01,2017-09-30,0
2017-10-31,47620,2017-03-31,2,1946000000,0.164,,,,,340000000,0.161,353000000,0.154,246000000,,0.221,29.85,,,,,,,,,,,,,,,,,,,,,8261600,false,false,6,2016-04-01,2016-09-30,-1
2017-10-31,47620,2018-03-31,2,4100000000,0.014,,,,,630000000,-0.107,650000000,-0.109,440000000,,-0.157,53.26,,,,,,,,,,,,,,,28.00,,,,,,,false,true,12,2017-04-01,2018-03-31,0
2017-10-31,47620,2017-03-31,2,,,,,,,,,,,,,,,,,,,,6849000000,5964000000,0.871,,5964000000,,,,,56.00,,,,8261600,0,,false,false,12,2016-04-01,2017-03-31,-1
2017-10-31,47620,2018-03-31,2,,,,,,,,,,,,,,,,,,,,,,,,,,,,,14.00,,,,,,,false,false,12,2017-04-01,2018-03-31,0
2018-01-30,47620,2018-03-31,3,3116000000,0.066,,,,,510000000,-0.025,519000000,-0.041,348000000,,-0.078,42.19,,,,,,6955000000,6081000000,0.874,,6081000000,,,,,,,,,8261600,0,8261600,false,false,9,2017-04-01,2017-12-31,0
2018-01-30,47620,2017-03-31,3,2924000000,0.125,,,,,522000000,0.049,541000000,0.046,378000000,,0.112,45.76,,,,,,,,,,,,,,,,,,,,,8261600,false,false,9,2016-04-01,2016-12-31,-1
2018-01-30,47620,2018-03-31,3,4100000000,0.014,,,,,630000000,-0.107,650000000,-0.109,440000000,,-0.157,53.26,,,,,,,,,,,,,,,28.00,,,,,,,false,true,12,2017-04-01,2018-03-31,0
2018-01-30,47620,2017-03-31,3,,,,,,,,,,,,,,,,,,,,6849000000,5964000000,0.871,,5964000000,,,,,56.00,,,,8261600,0,,false,false,12,2016-04-01,2017-03-31,-1
2018-01-30,47620,2018-03-31,3,,,,,,,,,,,,,,,,,,,,,,,,,,,,,14.00,,,,,,,false,false,12,2017-04-01,2018-03-31,0
2018-04-26,47620,2018-03-31,,4204000000,0.040,,,,,678000000,-0.038,692000000,-0.051,465000000,,-0.108,56.37,,0.077,0.099,0.161,,7196000000,6198000000,0.861,750.31,6198000000,1013000000,-863000000,-230000000,938000000,28.00,0.497,,,8261600,0,8261600,false,false,12,2017-04-01,2018-03-31,0
2018-04-26,47620,2017-03-31,,4041000000,0.127,,,,,705000000,0.032,729000000,0.029,522000000,,0.146,63.21,,0.090,0.109,0.175,,6849000000,5964000000,0.871,721.94,5964000000,847000000,-450000000,-231000000,1019000000,56.00,0.443,,,8261600,0,8261600,false,false,12,2016-04-01,2017-03-31,-1
2018-04-26,47620,2019-03-31,,2100000000,-0.001,,,,,300000000,-0.168,310000000,-0.158,210000000,,-0.150,25.42,,,,,,,,,,,,,,,,,,,,,,false,true,6,2018-04-01,2018-09-30,1
2018-04-26,47620,2019-03-31,,4300000000,0.023,,,,,650000000,-0.042,670000000,-0.032,450000000,,-0.034,54.47,,,,,,,,,,,,,,,28.00,0.514,,,,,,false,true,12,2018-04-01,2019-03-31,1
2018-07-31,47620,2019-03-31,1,1037000000,-0.015,,,,,160000000,-0.259,165000000,-0.244,112000000,,-0.239,13.56,,,,,,7097000000,6195000000,0.873,,6195000000,,,,,,,,,8261600,0,8261600,false,false,3,2018-04-01,2018-06-30,0
2018-07-31,47620,2018-03-31,1,1052000000,0.027,,,,,217000000,0.300,219000000,0.266,147000000,,0.219,17.83,,,,,,,,,,,,,,,,,,,,,8261600,false,false,3,2017-04-01,2017-06-30,-1
2018-07-31,47620,2019-03-31,1,2100000000,-0.001,,,,,300000000,-0.168,310000000,-0.158,210000000,,-0.150,25.42,,,,,,,,,,,,,,,,,,,,,,false,true,6,2018-04-01,2018-09-30,0
2018-07-31,47620,2019-03-31,1,4300000000,0.023,,,,,650000000,-0.042,670000000,-0.032,450000000,,-0.034,54.47,,,,,,,,,,,,,,,28.00,,,,,,,false,true,12,2018-04-01,2019-03-31,0
2018-07-31,47620,2018-03-31,1,,,,,,,,,,,,,,,,,,,,7196000000,6198000000,0.861,,6198000000,,,,,28.00,,,,8261600,0,,false,false,12,2017-04-01,2018-03-31,-1
2018-10-30,47620,2019-03-31,2,2098000000,-0.002,,,,,308000000,-0.144,318000000,-0.135,214000000,,-0.131,25.99,,,,,,7300000000,6297000000,0.863,,6297000000,,,,,,,,,8261600,0,8261600,false,false,6,2018-04-01,2018-09-30,0
2018-10-30,47620,2018-03-31,2,2102000000,0.080,,,,,360000000,0.059,368000000,0.041,247000000,,0.002,29.92,,,,,,,,,,,,,,,,,,,,,8261600,false,false,6,2017-04-01,2017-09-30,-1
2018-10-30,47620,2019-03-31,2,4300000000,0.023,,,,,650000000,-0.042,670000000,-0.032,450000000,,-0.034,54.47,,,,,,,,,,,,,,,28.00,,,,,,,false,true,12,2018-04-01,2019-03-31,0
2018-10-30,47620,2018-03-31,2,,,,,,,,,,,,,,,,,,,,7196000000,6198000000,0.861,,6198000000,,,,,28.00,,,,8261600,0,,false,false,12,2017-04-01,2018-03-31,-1
2018-10-30,47620,2019-03-31,2,,,,,,,,,,,,,,,,,,,,,,,,,,,,,14.00,,,,,,,false,false,12,2018-04-01,2019-03-31,0
2019-01-29,47620,2019-03-31,3,3236000000,0.039,,,,,487000000,-0.044,502000000,-0.032,339000000,,-0.026,41.09,,,,,,7219000000,6306000000,0.874,,6306000000,,,,,,,,,8261600,4,8261598,false,false,9,2018-04-01,2018-12-31,0
2019-01-29,47620,2018-03-31,3,3116000000,0.066,,,,,510000000,-0.025,519000000,-0.041,348000000,,-0.078,42.19,,,,,,,,,,,,,,,,,,,,,8261600,false,false,9,2017-04-01,2017-12-31,-1
2019-01-29,47620,2019-03-31,3,4300000000,0.023,,,,,650000000,-0.042,670000000,-0.032,450000000,,-0.034,54.47,,,,,,,,,,,,,,,28.00,,,,,,,false,true,12,2018-04-01,2019-03-31,0
2019-01-29,47620,2018-03-31,3,,,,,,,,,,,,,,,,,,,,7196000000,6198000000,0.861,,6198000000,,,,,28.00,,,,8261600,0,,false,false,12,2017-04-01,2018-03-31,-1
2019-01-29,47620,2019-03-31,3,,,,,,,,,,,,,,,,,,,,,,,,,,,,,14.00,,,,,,,false,false,12,2018-04-01,2019-03-31,0
2019-04-25,47620,2019-03-31,,4435000000,0.055,,,,,696000000,0.027,717000000,0.036,485000000,,0.042,58.74,,0.077,0.097,0.157,,7548000000,6452000000,0.855,781.05,6452000000,1011000000,-803000000,-231000000,915000000,28.00,0.477,,,8261600,4,8261598,false,false,12,2018-04-01,2019-03-31,0
2019-04-25,47620,2018-03-31,,4204000000,0.040,,,,,678000000,-0.038,692000000,-0.051,465000000,,-0.108,56.37,,0.077,0.099,0.161,,7196000000,6198000000,0.861,750.31,6198000000,1013000000,-863000000,-230000000,938000000,28.00,0.497,,,8261600,0,8261600,false,false,12,2017-04-01,2018-03-31,-1
2019-04-25,47620,2020-03-31,,2250000000,0.072,,,,,330000000,0.068,340000000,0.068,230000000,,0.071,27.84,,,,,,,,,,,,,,,,,,,,,,false,true,6,2019-04-01,2019-09-30,1
2019-04-25,47620,2020-03-31,,4600000000,0.037,,,,,700000000,0.004,720000000,0.004,490000000,,0.010,59.31,,,,,,,,,,,,,,,28.00,0.472,,,,,,false,true,12,2019-04-01,2020-03-31,1
2019-07-26,47620,2020-03-31,1,1136000000,0.096,,,,,153000000,-0.045,158000000,-0.043,107000000,,-0.044,12.96,,,,,,7405000000,6444000000,0.870,,6444000000,,,,,,,,,8261600,4,8261596,false,false,3,2019-04-01,2019-06-30,0
2019-07-26,47620,2019-03-31,1,1037000000,-0.015,,,,,160000000,-0.259,165000000,-0.244,112000000,,-0.239,13.56,,,,,,,,,,,,,,,,,,,,,8261600,false,false,3,2018-04-01,2018-06-30,-1
2019-07-26,47620,2020-03-31,1,2250000000,0.072,,,,,330000000,0.068,340000000,0.068,230000000,,0.071,27.84,,,,,,,,,,,,,,,,,,,,,,false,true,6,2019-04-01,2019-09-30,0
2019-07-26,47620,2020-03-31,1,4600000000,0.037,,,,,700000000,0.004,720000000,0.004,490000000,,0.010,59.31,,,,,,,,,,,,,,,28.00,,,,,,,false,true,12,2019-04-01,2020-03-31,0
2019-07-26,47620,2019-03-31,1,,,,,,,,,,,,,,,,,,,,7548000000,6452000000,0.855,,6452000000,,,,,28.00,,,,8261600,4,,false,false,12,2018-04-01,2019-03-31,-1
2019-10-29,47620,2020-03-31,2,2313000000,0.103,,,,,348000000,0.128,362000000,0.138,245000000,,0.142,29.68,,,,,,7617000000,6582000000,0.864,,6582000000,,,,,,,,,8261600,4,8261596,false,false,6,2019-04-01,2019-09-30,0
2019-10-29,47620,2019-03-31,2,2098000000,-0.002,,,,,308000000,-0.144,318000000,-0.135,214000000,,-0.131,25.99,,,,,,,,,,,,,,,,,,,,,8261600,false,false,6,2018-04-01,2018-09-30,-1
2019-10-29,47620,2020-03-31,2,4600000000,0.037,,,,,700000000,0.004,720000000,0.004,490000000,,0.010,59.31,,,,,,,,,,,,,,,28.00,,,,,,,false,true,12,2019-04-01,2020-03-31,0
2019-10-29,47620,2019-03-31,2,,,,,,,,,,,,,,,,,,,,7548000000,6452000000,0.855,,6452000000,,,,,28.00,,,,8261600,4,,false,false,12,2018-04-01,2019-03-31,-1
2019-10-29,47620,2020-03-31,2,,,,,,,,,,,,,,,,,,,,,,,,,,,,,14.00,,,,,,,false,false,12,2019-04-01,2020-03-31,0
2020-01-31,47620,2020-03-31,3,3436000000,0.062,,,,,472000000,-0.031,487000000,-0.030,329000000,,-0.031,39.82,,,,,,7568000000,6550000000,0.865,,6550000000,,,,,,,,,8261600,4,8261596,false,false,9,2019-04-01,2019-12-31,0
2020-01-31,47620,2019-03-31,3,3236000000,0.039,,,,,487000000,-0.044,502000000,-0.032,339000000,,-0.026,41.09,,,,,,,,,,,,,,,,,,,,,8261598,false,false,9,2018-04-01,2018-12-31,-1
2020-01-31,47620,2020-03-31,3,4600000000,0.037,,,,,700000000,0.004,720000000,0.004,490000000,,0.010,59.31,,,,,,,,,,,,,,,28.00,,,,,,,false,true,12,2019-04-01,2020-03-31,0
2020-01-31,47620,2019-03-31,3,,,,,,,,,,,,,,,,,,,,7548000000,6452000000,0.855,,6452000000,,,,,28.00,,,,8261600,4,,false,false,12,2018-04-01,2019-03-31,-1
2020-01-31,47620,2020-03-31,3,,,,,,,,,,,,,,,,,,,,,,,,,,,,,14.00,,,,,,,false,false,12,2019-04-01,2020-03-31,0
2020-05-11,47620,2020-03-31,,4670000000,0.053,,,,,711000000,0.021,732000000,0.021,515000000,,0.063,62.44,,0.078,0.095,0.152,,7865000000,6737000000,0.857,815.48,6737000000,1166000000,-550000000,-231000000,1299000000,28.00,0.448,,,8261600,4,8261596,false,false,12,2019-04-01,2020-03-31,0
2020-05-11,47620,2019-03-31,,4435000000,0.055,,,,,696000000,0.027,717000000,0.036,485000000,,0.042,58.74,,0.077,0.097,0.157,,7548000000,6452000000,0.855,781.05,6452000000,1011000000,-803000000,-231000000,915000000,28.00,0.477,,,8261600,4,8261598,false,false,12,2018-04-01,2019-03-31,-1
2020-05-11,47620,2021-03-31,,2350000000,0.016,,,,,350000000,0.004,360000000,-0.006,245000000,,-0.001,29.65,,,,,,,,,,,,,,,,,,,,,,false,true,6,2020-04-01,2020-09-30,1
2020-05-11,47620,2021-03-31,,4800000000,0.028,,,,,720000000,0.012,740000000,0.010,500000000,,-0.031,60.52,,,,,,,,,,,,,,,28.00,0.463,,,,,,false,true,12,2020-04-01,2021-03-31,1
2020-07-31,47620,2021-03-31,1,1103000000,-0.029,,,,,71000000,-0.531,77000000,-0.509,51000000,,-0.522,6.19,,,,,,7631000000,6672000000,0.874,,6672000000,,,,,,,,,8261600,4,8261596,false,false,3,2020-04-01,2020-06-30,0
2020-07-31,47620,2020-03-31,1,1136000000,0.096,,,,,153000000,-0.045,158000000,-0.043,107000000,,-0.044,12.96,,,,,,,,,,,,,,,,,,,,,8261596,false,false,3,2019-04-01,2019-06-30,-1
2020-07-31,47620,2021-03-31,1,2350000000,0.016,,,,,350000000,0.004,360000000,-0.006,245000000,,-0.001,29.65,,,,,,,,,,,,,,,,,,,,,,false,true,6,2020-04-01,2020-09-30,0
2020-07-31,47620,2021-03-31,1,4800000000,0.028,,,,,720000000,0.012,740000000,0.010,500000000,,-0.031,60.52,,,,,,,,,,,,,,,28.00,,,,,,,false,true,12,2020-04-01,2021-03-31,0
2020-07-31,47620,2020-03-31,1,,,,,,,,,,,,,,,,,,,,7865000000,6737000000,0.857,,6737000000,,,,,28.00,,,,8261600,4,,false,false,12,2019-04-01,2020-03-31,-1
2020-10-28,47620,2021-03-31,2,2323000000,0.004,,,,,256000000,-0.263,269000000,-0.257,180000000,,-0.262,21.89,,,,,,7833000000,6802000000,0.868,,6802000000,,,,,,,,,8261600,4,8261596,false,false,6,2020-04-01,2020-09-30,0
2020-10-28,47620,2020-03-31,2,2313000000,0.103,,,,,348000000,0.128,362000000,0.138,245000000,,0.142,29.68,,,,,,,,,,,,,,,,,,,,,8261596,false,false,6,2019-04-01,2019-09-30,-1
2020-10-28,47620,2021-03-31,2,4750000000,0.017,,,,,600000000,-0.157,620000000,-0.154,420000000,,-0.186,50.83,,,,,,,,,,,,,,,28.00,,,,,,,false,true,12,2020-04-01,2021-03-31,0
2020-10-28,47620,2020-03-31,2,,,,,,,,,,,,,,,,,,,,7865000000,6737000000,0.857,,6737000000,,,,,28.00,,,,8261600,4,,false,false,12,2019-04-01,2020-03-31,-1
2020-10-28,47620,2021-03-31,2,,,,,,,,,,,,,,,,,,,,,,,,,,,,,14.00,,,,,,,false,false,12,2020-04-01,2021-03-31,0
2021-01-29,47620,2021-03-31,3,3608000000,0.050,,,,,464000000,-0.016,483000000,-0.008,326000000,,-0.008,39.51,,,,,,7844000000,6832000000,0.871,,6832000000,,,,,,,,,8261600,4,8261596,false,false,9,2020-04-01,2020-12-31,0
2021-01-29,47620,2020-03-31,3,3436000000,0.062,,,,,472000000,-0.031,487000000,-0.030,329000000,,-0.031,39.83,,,,,,,,,,,,,,,,,,,,,8261596,false,false,9,2019-04-01,2019-12-31,-1
2021-01-29,47620,2021-03-31,3,4750000000,0.017,,,,,600000000,-0.157,620000000,-0.154,420000000,,-0.186,50.83,,,,,,,,,,,,,,,28.00,,,,,,,false,true,12,2020-04-01,2021-03-31,0
2021-01-29,47620,2020-03-31,3,,,,,,,,,,,,,,,,,,,,7865000000,6737000000,0.857,,6737000000,,,,,28.00,,,,8261600,4,,false,false,12,2019-04-01,2020-03-31,-1
2021-01-29,47620,2021-03-31,3,,,,,,,,,,,,,,,,,,,,,,,,,,,,,14.00,,,,,,,false,false,12,2020-04-01,2021-03-31,0
2021-03-19,47620,2021-03-31,,5000000000,0.053,,,,,700000000,0.167,720000000,0.161,570000000,,0.357,68.99,,,,,,,,,,,,,,,,,,,,,,false,true,12,2020-04-01,2021-03-31,0
2021-03-19,47620,2020-03-31,,4670000000,,,,,,711000000,,732000000,,515000000,,,62.44,,,,,,,,,,,,,,,,,,,,,,false,false,12,2019-04-01,2020-03-31,-1
2021-04-30,47620,2021-03-31,,5039000000,0.079,,,,,694000000,-0.024,719000000,-0.017,576000000,,0.118,69.81,,0.083,0.089,0.138,,8244000000,7082000000,0.859,857.30,7082000000,1077000000,-752000000,-231000000,1394000000,28.00,0.401,,,8261600,4,8261596,false,false,12,2020-04-01,2021-03-31,0
2021-04-30,47620,2020-03-31,,4670000000,0.053,,,,,711000000,0.021,732000000,0.021,515000000,,0.063,62.44,,0.078,0.095,0.152,,7865000000,6737000000,0.857,815.48,6737000000,1166000000,-550000000,-231000000,1299000000,28.00,0.448,,,8261600,4,8261596,false,false,12,2019-04-01,2020-03-31,-1
2021-04-30,47620,2022-03-31,,2550000000,0.098,,,,,370000000,0.440,380000000,0.412,250000000,,0.382,30.26,,,,,,,,,,,,,,,,,,,,,,false,true,6,2021-04-01,2021-09-30,1
2021-04-30,47620,2022-03-31,,5200000000,0.032,,,,,780000000,0.123,800000000,0.111,540000000,,-0.064,65.36,,,,,,,,,,,,,,,28.00,0.428,,,,,,false,true,12,2021-04-01,2022-03-31,1
2021-07-30,47620,2022-03-31,1,1297000000,0.175,,,,,165000000,1.304,172000000,1.209,116000000,,1.277,14.10,,,,,,8147000000,7083000000,0.869,,7083000000,,,,,,,,,8261600,4,8261596,false,false,3,2021-04-01,2021-06-30,0
2021-07-30,47620,2021-03-31,1,1103000000,-0.029,,,,,71000000,-0.531,77000000,-0.509,51000000,,-0.522,6.19,,,,,,,,,,,,,,,,,,,,,8261596,false,false,3,2020-04-01,2020-06-30,-1
2021-07-30,47620,2022-03-31,1,2550000000,0.098,,,,,370000000,0.440,380000000,0.412,250000000,,0.382,30.26,,,,,,,,,,,,,,,,,,,,,,false,true,6,2021-04-01,2021-09-30,0
2021-07-30,47620,2022-03-31,1,5200000000,0.032,,,,,780000000,0.123,800000000,0.111,540000000,,-0.064,65.36,,,,,,,,,,,,,,,28.00,,,,,,,false,true,12,2021-04-01,2022-03-31,0
2021-07-30,47620,2021-03-31,1,,,,,,,,,,,,,,,,,,,,8244000000,7082000000,0.859,,7082000000,,,,,28.00,,,,8261600,4,,false,false,12,2020-04-01,2021-03-31,-1
2021-10-29,47620,2022-03-31,2,2628000000,0.131,,,,,394000000,0.537,408000000,0.517,277000000,,0.534,33.58,,,,,,8373000000,7244000000,0.865,,7244000000,,,,,,,,,8261600,4,8261596,false,false,6,2021-04-01,2021-09-30,0
2021-10-29,47620,2021-03-31,2,2323000000,0.004,,,,,256000000,-0.263,269000000,-0.257,180000000,,-0.262,21.89,,,,,,,,,,,,,,,,,,,,,8261596,false,false,6,2020-04-01,2020-09-30,-1
2021-10-29,47620,2022-03-31,2,5200000000,0.032,,,,,780000000,0.123,800000000,0.111,540000000,,-0.064,65.36,,,,,,,,,,,,,,,28.00,,,,,,,false,true,12,2021-04-01,2022-03-31,0
2021-10-29,47620,2021-03-31,2,,,,,,,,,,,,,,,,,,,,8244000000,7082000000,0.859,,7082000000,,,,,28.00,,,,8261600,4,,false,false,12,2020-04-01,2021-03-31,-1
2021-10-29,47620,2022-03-31,2,,,,,,,,,,,,,,,,,,,,,,,,,,,,,14.00,,,,,,,false,false,12,2021-04-01,2022-03-31,0
2021-10-29,47620,2022-03-31,2,2628000000,0.131,,,,,394000000,0.537,408000000,0.517,277000000,,0.534,33.58,,,,,,8373000000,7244000000,0.865,,7244000000,,,,,,,,,8261600,4,8261596,false,false,6,2021-04-01,2021-09-30,0
2021-10-29,47620,2021-03-31,2,2323000000,0.004,,,,,256000000,-0.263,269000000,-0.257,180000000,,-0.262,21.89,,,,,,,,,,,,,,,,,,,,,8261596,false,false,6,2020-04-01,2020-09-30,-1
2021-10-29,47620,2022-03-31,2,5200000000,0.032,,,,,780000000,0.123,800000000,0.111,540000000,,-0.064,65.36,,,,,,,,,,,,,,,28.00,,,,,,,false,true,12,2021-04-01,2022-03-31,0
2021-10-29,47620,2021-03-31,2,,,,,,,,,,,,,,,,,,,,8244000000,7082000000,0.859,,7082000000,,,,,28.00,,,,8261600,4,,false,false,12,2020-04-01,2021-03-31,-1
2021-10-29,47620,2022-03-31,2,,,,,,,,,,,,,,,,,,,,,,,,,,,,,14.00,,,,,,,false,false,12,2021-04-01,2022-03-31,0
2022-01-26,47620,2022-03-31,3,4051000000,0.123,,,,,728000000,0.568,749000000,0.550,510000000,,0.565,61.84,,,,,,8530000000,7362000000,0.863,,7362000000,,,,,,,,,8261600,4,8261596,false,false,9,2021-04-01,2021-12-31,0
2022-01-26,47620,2021-03-31,3,3608000000,0.050,,,,,464000000,-0.016,483000000,-0.008,326000000,,-0.008,39.51,,,,,,,,,,,,,,,,,,,,,8261596,false,false,9,2020-04-01,2020-12-31,-1
2022-01-26,47620,2022-03-31,3,5300000000,0.052,,,,,900000000,0.296,920000000,0.278,620000000,,0.075,75.05,,,,,,,,,,,,,,,28.00,,,,,,,false,true,12,2021-04-01,2022-03-31,0
2022-01-26,47620,2021-03-31,3,,,,,,,,,,,,,,,,,,,,8244000000,7082000000,0.859,,7082000000,,,,,28.00,,,,8261600,4,,false,false,12,2020-04-01,2021-03-31,-1
2022-01-26,47620,2022-03-31,3,,,,,,,,,,,,,,,,,,,,,,,,,,,,,14.00,,,,,,,false,false,12,2021-04-01,2022-03-31,0
2022-04-28,47620,2022-03-31,,5419000000,0.075,,,,,968000000,0.394,995000000,0.383,718000000,,0.246,86.95,,0.098,0.116,0.179,,8952000000,7569000000,0.846,916.25,7569000000,1387000000,-685000000,-230000000,1865000000,28.00,0.322,,,8261600,4,8261596,false,false,12,2021-04-01,2022-03-31,0
2022-04-28,47620,2021-03-31,,5039000000,0.079,,,,,694000000,-0.024,719000000,-0.017,576000000,,0.118,69.81,,0.083,0.089,0.138,,8244000000,7082000000,0.859,857.30,7082000000,1077000000,-752000000,-231000000,1394000000,28.00,0.401,,,8261600,4,8261596,false,false,12,2020-04-01,2021-03-31,-1
2022-04-28,47620,2023-03-31,,2550000000,-0.030,,,,,400000000,0.013,410000000,0.004,280000000,,0.009,33.89,,,,,,,,,,,,,,,,,,,,,,false,true,6,2022-04-01,2022-09-30,1
2022-04-28,47620,2023-03-31,,5200000000,-0.040,,,,,850000000,-0.122,870000000,-0.126,590000000,,-0.179,71.41,,,,,,,,,,,,,,,30.00,0.420,,,,,,false,true,12,2022-04-01,2023-03-31,1
2022-07-29,47620,2023-03-31,1,1336000000,0.030,,,,,225000000,0.362,233000000,0.356,158000000,,0.359,19.18,,,,,,8692000000,7612000000,0.876,,7612000000,,,,,,,,,8261600,4,8261596,false,false,3,2022-04-01,2022-06-30,0
2022-07-29,47620,2022-03-31,1,1297000000,0.175,,,,,165000000,1.304,172000000,1.209,116000000,,1.277,14.10,,,,,,,,,,,,,,,,,,,,,8261596,false,false,3,2021-04-01,2021-06-30,-1
2022-07-29,47620,2023-03-31,1,2550000000,-0.030,,,,,400000000,0.013,410000000,0.004,280000000,,0.009,33.89,,,,,,,,,,,,,,,,,,,,,,false,true,6,2022-04-01,2022-09-30,0
2022-07-29,47620,2023-03-31,1,5200000000,-0.040,,,,,850000000,-0.122,870000000,-0.126,590000000,,-0.179,71.41,,,,,,,,,,,,,,,30.00,,,,,,,false,true,12,2022-04-01,2023-03-31,0
2022-07-29,47620,2022-03-31,1,,,,,,,,,,,,,,,,,,,,8952000000,7569000000,0.846,,7569000000,,,,,28.00,,,,8261600,4,,false,false,12,2021-04-01,2022-03-31,-1
2022-10-28,47620,2023-03-31,2,2676000000,0.018,,,,,489000000,0.240,505000000,0.239,343000000,,0.239,41.60,,,,,,8977000000,7797000000,0.869,,7797000000,,,,,,,,,8261600,4,8261596,false,false,6,2022-04-01,2022-09-30,0
2022-10-28,47620,2022-03-31,2,2628000000,0.131,,,,,394000000,0.537,408000000,0.517,277000000,,0.534,33.58,,,,,,,,,,,,,,,,,,,,,8261596,false,false,6,2021-04-01,2021-09-30,-1
2022-10-28,47620,2023-03-31,2,5300000000,-0.022,,,,,900000000,-0.070,920000000,-0.076,620000000,,-0.137,75.05,,,,,,,,,,,,,,,30.00,,,,,,,false,true,12,2022-04-01,2023-03-31,0
2022-10-28,47620,2022-03-31,2,,,,,,,,,,,,,,,,,,,,8952000000,7569000000,0.846,,7569000000,,,,,28.00,,,,8261600,4,,false,false,12,2021-04-01,2022-03-31,-1
2022-10-28,47620,2023-03-31,2,,,,,,,,,,,,,,,,,,,,,,,,,,,,,15.00,,,,,,,false,false,12,2022-04-01,2023-03-31,0
2023-01-31,47620,2023-03-31,3,3996000000,-0.014,,,,,715000000,-0.018,741000000,-0.011,502000000,,-0.017,60.81,,,,,,8921000000,7832000000,0.878,,7832000000,,,,,,,,,8261600,4,8261596,false,false,9,2022-04-01,2022-12-31,0
2023-01-31,47620,2022-03-31,3,4051000000,0.123,,,,,728000000,0.568,749000000,0.550,510000000,,0.565,61.84,,,,,,,,,,,,,,,,,,,,,8261596,false,false,9,2021-04-01,2021-12-31,-1
2023-01-31,47620,2023-03-31,3,5300000000,-0.022,,,,,900000000,-0.070,920000000,-0.076,620000000,,-0.137,75.05,,,,,,,,,,,,,,,30.00,,,,,,,false,true,12,2022-04-01,2023-03-31,0
2023-01-31,47620,2022-03-31,3,,,,,,,,,,,,,,,,,,,,8952000000,7569000000,0.846,,7569000000,,,,,28.00,,,,8261600,4,,false,false,12,2021-04-01,2022-03-31,-1
2023-01-31,47620,2023-03-31,3,,,,,,,,,,,,,,,,,,,,,,,,,,,,,15.00,,,,,,,false,false,12,2022-04-01,2023-03-31,0
2023-04-28,47620,2023-03-31,,5357000000,-0.011,,,,,950000000,-0.018,985000000,-0.011,694000000,,-0.034,84.00,,0.089,0.108,0.177,,9281000000,8024000000,0.865,971.25,8024000000,1156000000,-523000000,-239000000,2258000000,30.00,0.357,,,8261600,4,8261596,false,false,12,2022-04-01,2023-03-31,0
2023-04-28,47620,2022-03-31,,5419000000,0.075,,,,,968000000,0.394,995000000,0.383,718000000,,0.246,86.95,,0.098,0.116,0.179,,8952000000,7569000000,0.846,916.25,7569000000,1387000000,-685000000,-230000000,1865000000,28.00,0.322,,,8261600,4,8261596,false,false,12,2021-04-01,2022-03-31,-1
2023-04-28,47620,2024-03-31,,2600000000,-0.029,,,,,430000000,-0.122,440000000,-0.130,300000000,,-0.127,36.31,,,,,,,,,,,,,,,,,,,,,,false,true,6,2023-04-01,2023-09-30,1
2023-04-28,47620,2024-03-31,,5300000000,-0.011,,,,,880000000,-0.074,910000000,-0.076,610000000,,-0.121,73.84,,,,,,,,,,,,,,,30.00,0.406,,,,,,false,true,12,2023-04-01,2024-03-31,1
2023-07-28,47620,2024-03-31,1,1333000000,-0.002,,,,,226000000,0.004,235000000,0.011,159000000,,0.004,19.26,,,,,,9215000000,8059000000,0.875,,8059000000,,,,,,,,,8261600,4,8261596,false,false,3,2023-04-01,2023-06-30,0
2023-07-28,47620,2023-03-31,1,1336000000,0.030,,,,,225000000,0.362,233000000,0.356,158000000,,0.359,19.18,,,,,,,,,,,,,,,,,,,,,8261596,false,false,3,2022-04-01,2022-06-30,-1
2023-07-28,47620,2024-03-31,1,2600000000,-0.029,,,,,430000000,-0.122,440000000,-0.130,300000000,,-0.127,36.31,,,,,,,,,,,,,,,,,,,,,,false,true,6,2023-04-01,2023-09-30,0
2023-07-28,47620,2024-03-31,1,5300000000,-0.011,,,,,880000000,-0.074,910000000,-0.076,610000000,,-0.121,73.84,,,,,,,,,,,,,,,30.00,,,,,,,false,true,12,2023-04-01,2024-03-31,0
2023-07-28,47620,2023-03-31,1,,,,,,,,,,,,,,,,,,,,9281000000,8024000000,0.865,,8024000000,,,,,30.00,,,,8261600,4,,false,false,12,2022-04-01,2023-03-31,-1
2023-10-30,47620,2024-03-31,2,2762000000,0.032,,,,,538000000,0.100,556000000,0.100,377000000,,0.099,45.72,,,,,,9564000000,8277000000,0.865,,8277000000,,,,,,,,,8261600,4,8261596,false,false,6,2023-04-01,2023-09-30,0
2023-10-30,47620,2023-03-31,2,2676000000,0.018,,,,,489000000,0.240,505000000,0.239,343000000,,0.239,41.60,,,,,,,,,,,,,,,,,,,,,8261596,false,false,6,2022-04-01,2022-09-30,-1
2023-10-30,47620,2024-03-31,2,5450000000,0.017,,,,,960000000,0.010,990000000,0.005,670000000,,-0.035,81.10,,,,,,,,,,,,,,,30.00,,,,,,,false,true,12,2023-04-01,2024-03-31,0
2023-10-30,47620,2023-03-31,2,,,,,,,,,,,,,,,,,,,,9281000000,8024000000,0.865,,8024000000,,,,,30.00,,,,8261600,4,,false,false,12,2022-04-01,2023-03-31,-1
2023-10-30,47620,2024-03-31,2,,,,,,,,,,,,,,,,,,,,,,,,,,,,,15.00,,,,,,,false,false,12,2023-04-01,2024-03-31,0
2024-01-31,47620,2024-03-31,3,4162000000,0.041,,,,,810000000,0.133,836000000,0.129,567000000,,0.129,68.67,,,,,,9555000000,8343000000,0.873,,8343000000,,,,,,,,,8261600,29,8261590,false,false,9,2023-04-01,2023-12-31,0
2024-01-31,47620,2023-03-31,3,3996000000,-0.014,,,,,715000000,-0.018,741000000,-0.011,502000000,,-0.017,60.81,,,,,,,,,,,,,,,,,,,,,8261596,false,false,9,2022-04-01,2022-12-31,-1
2024-01-31,47620,2024-03-31,3,5500000000,0.027,,,,,1000000000,0.052,1030000000,0.046,690000000,,-0.006,83.52,,,,,,,,,,,,,,,30.00,,,,,,,false,true,12,2023-04-01,2024-03-31,0
2024-01-31,47620,2023-03-31,3,,,,,,,,,,,,,,,,,,,,9281000000,8024000000,0.865,,8024000000,,,,,30.00,,,,8261600,4,,false,false,12,2022-04-01,2023-03-31,-1
2024-01-31,47620,2024-03-31,3,,,,,,,,,,,,,,,,,,,,,,,,,,,,,15.00,,,,,,,false,false,12,2023-04-01,2024-03-31,0
2024-04-30,47620,2024-03-31,,5547000000,0.035,,,,,1066000000,0.122,1101000000,0.118,741000000,,0.068,89.74,,0.090,0.115,0.192,,9910000000,8517000000,0.859,1030.99,8517000000,1443000000,-416000000,-247000000,3038000000,30.00,0.334,,,8261600,48,8261582,false,false,12,2023-04-01,2024-03-31,0
2024-04-30,47620,2023-03-31,,5357000000,-0.011,,,,,950000000,-0.018,985000000,-0.011,694000000,,-0.034,84.00,,0.089,0.108,0.177,,9281000000,8024000000,0.865,971.25,8024000000,1156000000,-523000000,-239000000,2258000000,30.00,0.357,,,8261600,4,8261596,false,false,12,2022-04-01,2023-03-31,-1
2024-04-30,47620,2025-03-31,,2600000000,-0.059,,,,,430000000,-0.202,390000000,-0.299,260000000,,-0.312,54.87,,,,,,,,,,,,,,,,,,,,,,false,true,6,2024-04-01,2024-09-30,1
2024-04-30,47620,2025-03-31,,5300000000,-0.045,,,,,880000000,-0.175,850000000,-0.228,570000000,,-0.231,129.71,,,,,,,,,,,,,,,45.00,0.347,,,,,,false,true,12,2024-04-01,2025-03-31,1
2024-07-30,4762,2025-03-31,1,1333000000,-0.000,,,,,196000000,-0.132,179000000,-0.240,119000000,,-0.249,21.63,,,,,,6213000000,2554000000,0.411,,2554000000,,,,,,,,,8261600,4081600,5525574,false,false,3,2024-04-01,2024-06-30,0
2024-07-30,4762,2024-03-31,1,1333000000,-0.002,,,,,226000000,0.004,235000000,0.011,159000000,,0.004,19.26,,,,,,,,,,,,,,,,,,,,,8261596,false,false,3,2023-04-01,2023-06-30,-1
2024-07-30,4762,2025-03-31,1,2600000000,-0.059,,,,,430000000,-0.202,390000000,-0.299,260000000,,-0.312,53.62,,,,,,,,,,,,,,,,,,,,,,false,true,6,2024-04-01,2024-09-30,0
2024-07-30,4762,2025-03-31,1,5300000000,-0.045,,,,,880000000,-0.175,850000000,-0.228,570000000,,-0.231,126.23,,,,,,,,,,,,,,,45.00,,,,,,,false,true,12,2024-04-01,2025-03-31,0
2024-07-30,4762,2024-03-31,1,,,,,,,,,,,,,,,,,,,,9910000000,8517000000,0.859,,8517000000,,,,,30.00,,,,8261600,48,,false,false,12,2023-04-01,2024-03-31,-1
2024-10-31,4762,2025-03-31,2,2638000000,-0.045,,,,,405000000,-0.246,391000000,-0.297,262000000,,-0.304,54.19,,,,,,6392000000,2697000000,0.422,,2697000000,,,,,,,,,8261600,4081601,4849110,false,false,6,2024-04-01,2024-09-30,0
2024-10-31,4762,2024-03-31,2,2762000000,0.032,,,,,538000000,0.100,556000000,0.100,377000000,,0.099,45.72,,,,,,,,,,,,,,,,,,,,,8261596,false,false,6,2023-04-01,2023-09-30,-1
2024-10-31,4762,2025-03-31,2,5300000000,-0.045,,,,,880000000,-0.175,850000000,-0.228,570000000,,-0.231,126.23,,,,,,,,,,,,,,,45.00,,,,,,,false,true,12,2024-04-01,2025-03-31,0
2024-10-31,4762,2024-03-31,2,,,,,,,,,,,,,,,,,,,,9910000000,8517000000,0.859,,8517000000,,,,,30.00,,,,8261600,48,,false,false,12,2023-04-01,2024-03-31,-1
2024-10-31,4762,2025-03-31,2,,,,,,,,,,,,,,,,,,,,,,,,,,,,,22.50,,,,,,,false,false,12,2024-04-01,2025-03-31,0
2025-01-31,4762,2025-03-31,3,3961000000,-0.048,,,,,640000000,-0.210,627000000,-0.250,421000000,,-0.257,91.17,,,,,,6340000000,2762000000,0.436,,2762000000,,,,,,,,,8261600,4081608,4625260,false,false,9,2024-04-01,2024-12-31,0
2025-01-31,4762,2024-03-31,3,4162000000,0.041,,,,,810000000,0.133,836000000,0.129,567000000,,0.129,68.67,,,,,,,,,,,,,,,,,,,,,8261590,false,false,9,2023-04-01,2023-12-31,-1
2025-01-31,4762,2025-03-31,3,5300000000,-0.045,,,,,880000000,-0.175,850000000,-0.228,570000000,,-0.231,126.23,,,,,,,,,,,,,,,45.00,,,,,,,false,true,12,2024-04-01,2025-03-31,0
2025-01-31,4762,2024-03-31,3,,,,,,,,,,,,,,,,,,,,9910000000,8517000000,0.859,,8517000000,,,,,30.00,,,,8261600,48,,false,false,12,2023-04-01,2024-03-31,-1
2025-01-31,4762,2025-03-31,3,,,,,,,,,,,,,,,,,,,,,,,,,,,,,22.50,,,,,,,false,false,12,2024-04-01,2025-03-31,0
2025-04-30,4762,2025-03-31,,5300000000,-0.045,,,,,860000000,-0.193,849000000,-0.229,581000000,,-0.216,128.74,,0.102,0.102,0.162,,6680000000,2921000000,0.437,699.00,2921000000,837000000,1263000000,-3682000000,1456000000,45.00,0.350,,,8261600,4081628,4515464,false,false,12,2024-04-01,2025-03-31,0
2025-04-30,4762,2024-03-31,,5547000000,0.035,,,,,1066000000,0.122,1101000000,0.118,741000000,,0.068,89.74,,0.090,0.115,0.192,,9910000000,8517000000,0.859,1030.99,8517000000,1443000000,-416000000,-247000000,3038000000,30.00,0.334,,,8261600,48,8261582,false,false,12,2023-04-01,2024-03-31,-1
2025-04-30,4762,2026-03-31,,2750000000,0.042,,,,,460000000,0.133,460000000,0.175,300000000,,0.142,71.77,,,,,,,,,,,,,,,,,,,,,,false,true,6,2025-04-01,2025-09-30,1
2025-04-30,4762,2026-03-31,,5600000000,0.056,,,,,950000000,0.104,960000000,0.130,630000000,,0.084,150.72,,,,,,,,,,,,,,,45.00,0.299,,,,,,false,true,12,2025-04-01,2026-03-31,1
