filing_date,code,fiscal_year_end,quarterly_period,net_sales,net_sales_change,revenue,revenue_change,operating_revenue,operating_revenue_change,operating_profit,operating_profit_change,ordinary_profit,ordinary_profit_change,net_income,net_income_of_parent,net_income_change,eps,diluted_eps,roe,roa,operating_profit_to_net_sales,operating_profit_to_revenue,total_assets,net_assets,equity_ratio,bps,owner_equity,operating_cash_flow,investing_cash_flow,financing_cash_flow,cash,dividend_per_share,payout_ratio,commemorative_dividend,extra_dividend,number_of_shares,number_of_treqsury_shares,avg_number_of_shares,is_consolidated,is_forecast,duration,period_start,period_end,period_pos
2015-08-03,47680,2015-12-31,2,317933000000,-0.044,,,,,23173000000,-0.046,23697000000,-0.044,14649000000,,-0.024,154.53,,,,,,329245000000,164978000000,0.498,,163856000000,,,,,,,,,,,,true,false,6,2015-01-01,2015-06-30,0
2015-08-03,47680,2014-12-31,2,332411000000,0.168,,,,,24286000000,0.246,24796000000,0.329,15016000000,,0.342,158.40,,,,,,,,,,,,,,,,,,,,,,true,false,6,2014-01-01,2014-06-30,-1
2015-08-03,47680,2015-12-31,2,618000000000,0.020,,,,,37600000000,0.014,38300000000,0.004,23600000000,,0.006,248.94,,,,,,,,,,,,,,,,,,,,,,true,true,12,2015-01-01,2015-12-31,0
2015-08-03,47680,2014-12-31,2,,,,,,,,,,,,,,,,,,,,305513000000,164347000000,0.534,,163277000000,,,,,,,,,,,,true,false,12,2014-01-01,2014-12-31,-1
2015-08-03,47680,2014-12-31,2,,,,,,,,,,,,,,,,,,,,,,,,,,,,,90.00,,,,95001060,199910,,false,false,12,2014-01-01,2014-12-31,-1
2015-08-03,47680,2015-12-31,2,,,,,,,,,,,,,,,,,,,,,,,,,,,,,0.00,,,,,,,false,false,12,2015-01-01,2015-12-31,0
2015-08-03,47680,2015-12-31,2,,,,,,,,,,,,,,,,,,,,,,,,,,,,,95.00,,,,,,,false,true,12,2015-01-01,2015-12-31,0
2015-08-03,47680,2015-12-31,2,,,,,,,,,,,,,,,,,,,,,,,,,,,,,,,,,95001060,199980,94801115,false,false,6,2015-01-01,2015-06-30,0
2015-08-03,47680,2014-12-31,2,,,,,,,,,,,,,,,,,,,,,,,,,,,,,,,,,,,94802781,false,false,6,2014-01-01,2014-06-30,-1
2015-10-29,47680,2015-12-31,3,453637000000,-0.021,,,,,27900000000,-0.023,28597000000,-0.025,17728000000,,0.016,187.00,,,,,,304694000000,168429000000,0.549,,167274000000,,,,,,,,,,,,true,false,9,2015-01-01,2015-09-30,0
2015-10-29,47680,2014-12-31,3,463210000000,0.119,,,,,28567000000,0.165,29326000000,0.228,17454000000,,0.213,184.11,,,,,,,,,,,,,,,,,,,,,,true,false,9,2014-01-01,2014-09-30,-1
2015-10-29,47680,2015-12-31,3,618000000000,0.020,,,,,37600000000,0.014,38300000000,0.004,23600000000,,0.006,248.94,,,,,,,,,,,,,,,,,,,,,,true,true,12,2015-01-01,2015-12-31,0
2015-10-29,47680,2014-12-31,3,,,,,,,,,,,,,,,,,,,,305513000000,164347000000,0.534,,163277000000,,,,,,,,,,,,true,false,12,2014-01-01,2014-12-31,-1
2015-10-29,47680,2014-12-31,3,,,,,,,,,,,,,,,,,,,,,,,,,,,,,90.00,,,,95001060,199910,,false,false,12,2014-01-01,2014-12-31,-1
2015-10-29,47680,2015-12-31,3,,,,,,,,,,,,,,,,,,,,,,,,,,,,,0.00,,,,,,,false,false,12,2015-01-01,2015-12-31,0
2015-10-29,47680,2015-12-31,3,,,,,,,,,,,,,,,,,,,,,,,,,,,,,95.00,,,,,,,false,true,12,2015-01-01,2015-12-31,0
2015-10-29,47680,2015-12-31,3,,,,,,,,,,,,,,,,,,,,,,,,,,,,,,,,,95001060,200014,94801095,false,false,9,2015-01-01,2015-09-30,0
2015-10-29,47680,2014-12-31,3,,,,,,,,,,,,,,,,,,,,,,,,,,,,,,,,,,,94802279,false,false,9,2014-01-01,2014-09-30,-1
2016-02-01,47680,2015-12-31,,609045000000,0.005,,,,,37311000000,0.006,38240000000,0.003,23705000000,,0.011,250.06,,0.141,0.121,0.061,,324755000000,174402000000,0.533,1827.30,173229000000,27621000000,-7235000000,-8742000000,109587000000,,0.400,,,,,,true,false,12,2015-01-01,2015-12-31,0
2016-02-01,47680,2014-12-31,,605766000000,0.073,,,,,37097000000,0.094,38144000000,0.138,23455000000,,0.157,247.41,,0.153,0.130,0.061,,305513000000,164347000000,0.534,1722.31,163277000000,34130000000,-5410000000,-7580000000,97943000000,,0.364,,,,,,true,false,12,2014-01-01,2014-12-31,-1
2016-02-01,47680,2016-12-31,,336130000000,0.057,,,,,24970000000,0.078,25224000000,0.064,,15684000000,,165.44,,,,,,,,,,,,,,,,,,,,,,true,true,6,2016-01-01,2016-06-30,1
2016-02-01,47680,2016-12-31,,639000000000,0.049,,,,,40000000000,0.072,40500000000,0.059,,25180000000,,265.61,,,,,,,,,,,,,,,,0.395,,,,,,true,true,12,2016-01-01,2016-12-31,1
2016-02-01,47680,2015-12-31,,559576000000,0.002,,,,,33677000000,0.014,34790000000,0.015,21640000000,,0.011,228.27,,,,,,303943000000,160170000000,0.527,1689.55,160170000000,,,,,100.00,,,,95001060,200104,94801071,false,false,12,2015-01-01,2015-12-31,0
2016-02-01,47680,2014-12-31,,558450000000,0.071,,,,,33196000000,0.086,34293000000,0.088,21397000000,,0.086,225.70,,,,,,281513000000,151157000000,0.537,1594.47,151157000000,,,,,90.00,,,,95001060,199910,94801994,false,false,12,2014-01-01,2014-12-31,-1
2016-02-01,47680,2016-12-31,,,,,,,,,,,,,,,,,,,,,,,,,,,,,,105.00,,,,,,,false,true,12,2016-01-01,2016-12-31,1
2016-04-28,47680,2016-12-31,1,171130000000,0.074,,,,,10031000000,0.087,10360000000,0.090,,6496000000,,68.52,,,,,,338554000000,170693000000,0.501,,169523000000,,,,,,,,,,,,true,false,3,2016-01-01,2016-03-31,0
2016-04-28,47680,2015-12-31,1,159411000000,-0.099,,,,,9225000000,-0.240,9502000000,-0.238,,5716000000,,60.30,,,,,,,,,,,,,,,,,,,,,,true,false,3,2015-01-01,2015-03-31,-1
2016-04-28,47680,2016-12-31,1,336130000000,0.057,,,,,24970000000,0.078,25224000000,0.064,,15684000000,,165.44,,,,,,,,,,,,,,,,,,,,,,true,true,6,2016-01-01,2016-06-30,0
2016-04-28,47680,2016-12-31,1,639000000000,0.049,,,,,40000000000,0.072,40500000000,0.059,,25180000000,,265.61,,,,,,,,,,,,,,,,,,,,,,true,true,12,2016-01-01,2016-12-31,0
2016-04-28,47680,2015-12-31,1,,,,,,,,,,,,,,,,,,,,324755000000,174402000000,0.533,,173229000000,,,,,,,,,,,,true,false,12,2015-01-01,2015-12-31,-1
2016-04-28,47680,2015-12-31,1,,,,,,,,,,,,,,,,,,,,,,,,,,,,,100.00,,,,95001060,200104,,false,false,12,2015-01-01,2015-12-31,-1
2016-04-28,47680,2016-12-31,1,,,,,,,,,,,,,,,,,,,,,,,,,,,,,105.00,,,,,,,false,true,12,2016-01-01,2016-12-31,0
2016-04-28,47680,2016-12-31,1,,,,,,,,,,,,,,,,,,,,,,,,,,,,,,,,,95001060,200104,94800956,false,false,3,2016-01-01,2016-03-31,0
2016-04-28,47680,2015-12-31,1,,,,,,,,,,,,,,,,,,,,,,,,,,,,,,,,,,,94801150,false,false,3,2015-01-01,2015-03-31,-1
2016-08-01,47680,2016-12-31,2,338509000000,0.065,,,,,23944000000,0.033,24568000000,0.037,,15959000000,,168.35,,,,,,349795000000,180240000000,0.512,,179053000000,,,,,,,,,,,,true,false,6,2016-01-01,2016-06-30,0
2016-08-01,47680,2015-12-31,2,317933000000,-0.044,,,,,23173000000,-0.046,23697000000,-0.044,,14649000000,,154.53,,,,,,,,,,,,,,,,,,,,,,true,false,6,2015-01-01,2015-06-30,-1
2016-08-01,47680,2016-12-31,2,639000000000,0.049,,,,,40000000000,0.072,40500000000,0.059,,25180000000,,265.61,,,,,,,,,,,,,,,,,,,,,,true,true,12,2016-01-01,2016-12-31,0
2016-08-01,47680,2015-12-31,2,,,,,,,,,,,,,,,,,,,,324755000000,174402000000,0.533,,173229000000,,,,,,,,,,,,true,false,12,2015-01-01,2015-12-31,-1
2016-08-01,47680,2015-12-31,2,,,,,,,,,,,,,,,,,,,,,,,,,,,,,100.00,,,,95001060,200104,,false,false,12,2015-01-01,2015-12-31,-1
2016-08-01,47680,2016-12-31,2,,,,,,,,,,,,,,,,,,,,,,,,,,,,,0.00,,,,,,,false,false,12,2016-01-01,2016-12-31,0
2016-08-01,47680,2016-12-31,2,,,,,,,,,,,,,,,,,,,,,,,,,,,,,105.00,,,,,,,false,true,12,2016-01-01,2016-12-31,0
2016-08-01,47680,2016-12-31,2,,,,,,,,,,,,,,,,,,,,,,,,,,,,,,,,,95001060,200167,94800926,false,false,6,2016-01-01,2016-06-30,0
2016-08-01,47680,2015-12-31,2,,,,,,,,,,,,,,,,,,,,,,,,,,,,,,,,,,,94801115,false,false,6,2015-01-01,2015-06-30,-1
2016-10-31,47680,2016-12-31,3,482744000000,0.064,,,,,29398000000,0.054,30245000000,0.058,,19713000000,,207.94,,,,,,327069000000,184102000000,0.559,,182850000000,,,,,,,,,,,,true,false,9,2016-01-01,2016-09-30,0
2016-10-31,47680,2015-12-31,3,453637000000,-0.021,,,,,27900000000,-0.023,28597000000,-0.025,,17728000000,,187.00,,,,,,,,,,,,,,,,,,,,,,true,false,9,2015-01-01,2015-09-30,-1
2016-10-31,47680,2016-12-31,3,639000000000,0.049,,,,,40000000000,0.072,40500000000,0.059,,25180000000,,265.61,,,,,,,,,,,,,,,,,,,,,,true,true,12,2016-01-01,2016-12-31,0
2016-10-31,47680,2015-12-31,3,,,,,,,,,,,,,,,,,,,,324755000000,174402000000,0.533,,173229000000,,,,,,,,,,,,true,false,12,2015-01-01,2015-12-31,-1
2016-10-31,47680,2015-12-31,3,,,,,,,,,,,,,,,,,,,,,,,,,,,,,100.00,,,,95001060,200104,,false,false,12,2015-01-01,2015-12-31,-1
2016-10-31,47680,2016-12-31,3,,,,,,,,,,,,,,,,,,,,,,,,,,,,,0.00,,,,,,,false,false,12,2016-01-01,2016-12-31,0
2016-10-31,47680,2016-12-31,3,,,,,,,,,,,,,,,,,,,,,,,,,,,,,105.00,,,,,,,false,true,12,2016-01-01,2016-12-31,0
2016-10-31,47680,2016-12-31,3,,,,,,,,,,,,,,,,,,,,,,,,,,,,,,,,,95001060,200227,94800915,false,false,9,2016-01-01,2016-09-30,0
2016-10-31,47680,2015-12-31,3,,,,,,,,,,,,,,,,,,,,,,,,,,,,,,,,,,,94801095,false,false,9,2015-01-01,2015-09-30,-1
2017-02-01,47680,2016-12-31,,643417000000,0.056,,,,,39684000000,0.064,40780000000,0.066,,26675000000,,281.38,,0.147,0.122,0.062,,343821000000,191173000000,0.552,2002.64,189851000000,23932000000,-5823000000,-9532000000,118183000000,,0.426,,,,,,true,false,12,2016-01-01,2016-12-31,0
2017-02-01,47680,2015-12-31,,609045000000,0.005,,,,,37311000000,0.006,38240000000,0.003,,23705000000,,250.06,,0.141,0.121,0.061,,324755000000,174402000000,0.533,1827.30,173229000000,27621000000,-7235000000,-8742000000,109587000000,,0.400,,,,,,true,false,12,2015-01-01,2015-12-31,-1
2017-02-01,47680,2017-12-31,,354820000000,0.048,,,,,24740000000,0.033,25080000000,0.021,,16507000000,,174.12,,,,,,,,,,,,,,,,,,,,,,true,true,6,2017-01-01,2017-06-30,1
2017-02-01,47680,2017-12-31,,671000000000,0.043,,,,,41000000000,0.033,41600000000,0.020,,27280000000,,287.76,,,,,,,,,,,,,,,,0.417,,,,,,true,true,12,2017-01-01,2017-12-31,1
2017-02-01,47680,2016-12-31,,584138000000,0.044,,,,,36109000000,0.072,37411000000,0.075,24776000000,,0.145,261.35,,,,,,317780000000,175374000000,0.552,1849.93,175374000000,,,,,120.00,,,,95001060,200227,94800894,false,false,12,2016-01-01,2016-12-31,0
2017-02-01,47680,2015-12-31,,559576000000,0.002,,,,,33677000000,0.014,34790000000,0.015,21640000000,,0.011,228.27,,,,,,303943000000,160170000000,0.527,1689.55,160170000000,,,,,100.00,,,,95001060,200104,94801071,false,false,12,2015-01-01,2015-12-31,-1
2017-02-01,47680,2017-12-31,,,,,,,,,,,,,,,,,,,,,,,,,,,,,,120.00,,,,,,,false,true,12,2017-01-01,2017-12-31,1
2017-04-28,47680,2017-12-31,1,180278000000,0.053,,,,,11744000000,0.171,12131000000,0.171,,8045000000,,84.87,,,,,,361730000000,188403000000,0.517,,187019000000,,,,,,,,,,,,true,false,3,2017-01-01,2017-03-31,0
2017-04-28,47680,2016-12-31,1,171130000000,0.074,,,,,10031000000,0.087,10360000000,0.090,,6496000000,,68.52,,,,,,,,,,,,,,,,,,,,,,true,false,3,2016-01-01,2016-03-31,-1
2017-04-28,47680,2017-12-31,1,354820000000,0.048,,,,,24740000000,0.033,25080000000,0.021,,16507000000,,174.12,,,,,,,,,,,,,,,,,,,,,,true,true,6,2017-01-01,2017-06-30,0
2017-04-28,47680,2017-12-31,1,671000000000,0.043,,,,,41000000000,0.033,41600000000,0.020,,27280000000,,287.76,,,,,,,,,,,,,,,,,,,,,,true,true,12,2017-01-01,2017-12-31,0
2017-04-28,47680,2016-12-31,1,,,,,,,,,,,,,,,,,,,,343821000000,191173000000,0.552,,189851000000,,,,,,,,,,,,true,false,12,2016-01-01,2016-12-31,-1
2017-04-28,47680,2016-12-31,1,,,,,,,,,,,,,,,,,,,,,,,,,,,,,120.00,,,,95001060,200227,,false,false,12,2016-01-01,2016-12-31,-1
2017-04-28,47680,2017-12-31,1,,,,,,,,,,,,,,,,,,,,,,,,,,,,,120.00,,,,,,,false,true,12,2017-01-01,2017-12-31,0
2017-04-28,47680,2017-12-31,1,,,,,,,,,,,,,,,,,,,,,,,,,,,,,,,,,95001060,200227,94800833,false,false,3,2017-01-01,2017-03-31,0
2017-04-28,47680,2016-12-31,1,,,,,,,,,,,,,,,,,,,,,,,,,,,,,,,,,,,94800956,false,false,3,2016-01-01,2016-03-31,-1
2017-08-01,47680,2017-12-31,2,357585000000,0.056,,,,,26827000000,0.120,27387000000,0.115,,18541000000,,195.58,,,,,,383116000000,199342000000,0.516,,197877000000,,,,,,,,,,,,true,false,6,2017-01-01,2017-06-30,0
2017-08-01,47680,2016-12-31,2,338509000000,0.065,,,,,23944000000,0.033,24568000000,0.037,,15959000000,,168.35,,,,,,,,,,,,,,,,,,,,,,true,false,6,2016-01-01,2016-06-30,-1
2017-08-01,47680,2017-12-31,2,671000000000,0.043,,,,,41000000000,0.033,41600000000,0.020,,27280000000,,287.76,,,,,,,,,,,,,,,,,,,,,,true,true,12,2017-01-01,2017-12-31,0
2017-08-01,47680,2016-12-31,2,,,,,,,,,,,,,,,,,,,,343821000000,191173000000,0.552,,189851000000,,,,,,,,,,,,true,false,12,2016-01-01,2016-12-31,-1
2017-08-01,47680,2016-12-31,2,,,,,,,,,,,,,,,,,,,,,,,,,,,,,120.00,,,,95001060,200227,,false,false,12,2016-01-01,2016-12-31,-1
2017-08-01,47680,2017-12-31,2,,,,,,,,,,,,,,,,,,,,,,,,,,,,,0.00,,,,,,,false,false,12,2017-01-01,2017-12-31,0
2017-08-01,47680,2017-12-31,2,,,,,,,,,,,,,,,,,,,,,,,,,,,,,120.00,,,,,,,false,true,12,2017-01-01,2017-12-31,0
2017-08-01,47680,2017-12-31,2,,,,,,,,,,,,,,,,,,,,,,,,,,,,,,,,,95001060,200227,94800833,false,false,6,2017-01-01,2017-06-30,0
2017-08-01,47680,2016-12-31,2,,,,,,,,,,,,,,,,,,,,,,,,,,,,,,,,,,,94800926,false,false,6,2016-01-01,2016-06-30,-1
2017-10-31,47680,2017-12-31,3,516528000000,0.070,,,,,33200000000,0.129,34055000000,0.126,,23410000000,,246.95,,,,,,362053000000,205561000000,0.563,,204012000000,,,,,,,,,,,,true,false,9,2017-01-01,2017-09-30,0
2017-10-31,47680,2016-12-31,3,482744000000,0.064,,,,,29398000000,0.054,30245000000,0.058,,19713000000,,207.94,,,,,,,,,,,,,,,,,,,,,,true,false,9,2016-01-01,2016-09-30,-1
2017-10-31,47680,2017-12-31,3,671000000000,0.043,,,,,41000000000,0.033,41600000000,0.020,,27280000000,,287.76,,,,,,,,,,,,,,,,,,,,,,true,true,12,2017-01-01,2017-12-31,0
2017-10-31,47680,2016-12-31,3,,,,,,,,,,,,,,,,,,,,343821000000,191173000000,0.552,,189851000000,,,,,,,,,,,,true,false,12,2016-01-01,2016-12-31,-1
2017-10-31,47680,2016-12-31,3,,,,,,,,,,,,,,,,,,,,,,,,,,,,,120.00,,,,95001060,200227,,false,false,12,2016-01-01,2016-12-31,-1
2017-10-31,47680,2017-12-31,3,,,,,,,,,,,,,,,,,,,,,,,,,,,,,0.00,,,,,,,false,false,12,2017-01-01,2017-12-31,0
2017-10-31,47680,2017-12-31,3,,,,,,,,,,,,,,,,,,,,,,,,,,,,,120.00,,,,,,,false,true,12,2017-01-01,2017-12-31,0
2017-10-31,47680,2017-12-31,3,,,,,,,,,,,,,,,,,,,,,,,,,,,,,,,,,95001060,200227,94800833,false,false,9,2017-01-01,2017-09-30,0
2017-10-31,47680,2016-12-31,3,,,,,,,,,,,,,,,,,,,,,,,,,,,,,,,,,,,94800915,false,false,9,2016-01-01,2016-09-30,-1
2018-02-01,47680,2017-12-31,,691166000000,0.074,,,,,44386000000,0.119,45460000000,0.115,,31560000000,,332.91,,0.157,0.126,0.064,,380317000000,214532000000,0.560,2245.73,212897000000,36153000000,-5243000000,-11528000000,137545000000,,0.421,,,,,,true,false,12,2017-01-01,2017-12-31,0
2018-02-01,47680,2016-12-31,,643417000000,0.056,,,,,39684000000,0.064,40780000000,0.066,,26675000000,,281.38,,0.147,0.122,0.062,,343821000000,191173000000,0.552,2002.64,189851000000,23932000000,-5823000000,-9532000000,118183000000,,0.426,,,,,,true,false,12,2016-01-01,2016-12-31,-1
2018-02-01,47680,2018-12-31,,372350000000,0.041,,,,,28120000000,0.048,28474000000,0.040,,18844000000,,99.39,,,,,,,,,,,,,,,,,,,,,,true,true,6,2018-01-01,2018-06-30,1
2018-02-01,47680,2018-12-31,,720000000000,0.042,,,,,47300000000,0.066,48000000000,0.056,,31880000000,,168.14,,,,,,,,,,,,,,,,0.431,,,,,,true,true,12,2018-01-01,2018-12-31,1
2018-02-01,47680,2017-12-31,,624694000000,0.069,,,,,39776000000,0.102,41162000000,0.100,28899000000,,0.166,304.84,,,,,,351146000000,195603000000,0.557,2063.31,195603000000,,,,,140.00,,,,95001060,200227,94800833,false,false,12,2017-01-01,2017-12-31,0
2018-02-01,47680,2016-12-31,,584138000000,0.044,,,,,36109000000,0.072,37411000000,0.075,24776000000,,0.145,261.35,,,,,,317780000000,175374000000,0.552,1849.93,175374000000,,,,,120.00,,,,95001060,200227,94800894,false,false,12,2016-01-01,2016-12-31,-1
2018-02-01,47680,2018-12-31,,,,,,,,,,,,,,,,,,,,,,,,,,,,,,72.50,,,,,,,false,true,12,2018-01-01,2018-12-31,1
2018-04-27,47680,2018-12-31,1,191225000000,0.061,,,,,11851000000,0.009,12222000000,0.008,,8064000000,,42.53,,,,,,396672000000,209360000000,0.524,,207707000000,,,,,,,,,,,,true,false,3,2018-01-01,2018-03-31,0
2018-04-27,47680,2017-12-31,1,180278000000,0.053,,,,,11744000000,0.171,12131000000,0.171,,8045000000,,42.43,,,,,,,,,,,,,,,,,,,,,,true,false,3,2017-01-01,2017-03-31,-1
2018-04-27,47680,2018-12-31,1,372350000000,0.041,,,,,28120000000,0.048,28474000000,0.040,,18844000000,,99.39,,,,,,,,,,,,,,,,,,,,,,true,true,6,2018-01-01,2018-06-30,0
2018-04-27,47680,2018-12-31,1,720000000000,0.042,,,,,47300000000,0.066,48000000000,0.056,,31880000000,,168.14,,,,,,,,,,,,,,,,,,,,,,true,true,12,2018-01-01,2018-12-31,0
2018-04-27,47680,2017-12-31,1,,,,,,,,,,,,,,,,,,,,380317000000,214532000000,0.560,,212897000000,,,,,,,,,,,,true,false,12,2017-01-01,2017-12-31,-1
2018-04-27,47680,2017-12-31,1,,,,,,,,,,,,,,,,,,,,,,,,,,,,,140.00,,,,190002120,400454,,false,false,12,2017-01-01,2017-12-31,-1
2018-04-27,47680,2018-12-31,1,,,,,,,,,,,,,,,,,,,,,,,,,,,,,72.50,,,,,,,false,true,12,2018-01-01,2018-12-31,0
2018-04-27,47680,2018-12-31,1,,,,,,,,,,,,,,,,,,,,,,,,,,,,,,,,,190002120,400516,189601645,false,false,3,2018-01-01,2018-03-31,0
2018-04-27,47680,2017-12-31,1,,,,,,,,,,,,,,,,,,,,,,,,,,,,,,,,,,,189601666,false,false,3,2017-01-01,2017-03-31,-1
2018-08-01,47680,2018-12-31,2,389863000000,0.090,,,,,27178000000,0.013,27868000000,0.018,,18791000000,,99.11,,,,,,414536000000,219204000000,0.524,,217416000000,,,,,,,,,,,,true,false,6,2018-01-01,2018-06-30,0
2018-08-01,47680,2017-12-31,2,357585000000,0.056,,,,,26827000000,0.120,27387000000,0.115,,18541000000,,97.79,,,,,,,,,,,,,,,,,,,,,,true,false,6,2017-01-01,2017-06-30,-1
2018-08-01,47680,2018-12-31,2,720000000000,0.042,,,,,47300000000,0.066,48000000000,0.056,,31880000000,,168.14,,,,,,,,,,,,,,,,,,,,,,true,true,12,2018-01-01,2018-12-31,0
2018-08-01,47680,2017-12-31,2,,,,,,,,,,,,,,,,,,,,380317000000,214532000000,0.560,,212897000000,,,,,,,,,,,,true,false,12,2017-01-01,2017-12-31,-1
2018-08-01,47680,2017-12-31,2,,,,,,,,,,,,,,,,,,,,,,,,,,,,,140.00,,,,190002120,400454,,false,false,12,2017-01-01,2017-12-31,-1
2018-08-01,47680,2018-12-31,2,,,,,,,,,,,,,,,,,,,,,,,,,,,,,0.00,,,,,,,false,false,12,2018-01-01,2018-12-31,0
2018-08-01,47680,2018-12-31,2,,,,,,,,,,,,,,,,,,,,,,,,,,,,,72.50,,,,,,,false,true,12,2018-01-01,2018-12-31,0
2018-08-01,47680,2018-12-31,2,,,,,,,,,,,,,,,,,,,,,,,,,,,,,,,,,190002120,400868,189601457,false,false,6,2018-01-01,2018-06-30,0
2018-08-01,47680,2017-12-31,2,,,,,,,,,,,,,,,,,,,,,,,,,,,,,,,,,,,189601666,false,false,6,2017-01-01,2017-06-30,-1
2018-10-31,47680,2018-12-31,3,566125000000,0.096,,,,,34091000000,0.027,35035000000,0.029,,23835000000,,125.71,,,,,,392839000000,224795000000,0.567,,222923000000,,,,,,,,,,,,true,false,9,2018-01-01,2018-09-30,0
2018-10-31,47680,2017-12-31,3,516528000000,0.070,,,,,33200000000,0.129,34055000000,0.126,,23410000000,,123.47,,,,,,,,,,,,,,,,,,,,,,true,false,9,2017-01-01,2017-09-30,-1
2018-10-31,47680,2018-12-31,3,720000000000,0.042,,,,,47300000000,0.066,48000000000,0.056,,31880000000,,168.14,,,,,,,,,,,,,,,,,,,,,,true,true,12,2018-01-01,2018-12-31,0
2018-10-31,47680,2017-12-31,3,,,,,,,,,,,,,,,,,,,,380317000000,214532000000,0.560,,212897000000,,,,,,,,,,,,true,false,12,2017-01-01,2017-12-31,-1
2018-10-31,47680,2017-12-31,3,,,,,,,,,,,,,,,,,,,,,,,,,,,,,140.00,,,,190002120,400454,,false,false,12,2017-01-01,2017-12-31,-1
2018-10-31,47680,2018-12-31,3,,,,,,,,,,,,,,,,,,,,,,,,,,,,,0.00,,,,,,,false,false,12,2018-01-01,2018-12-31,0
2018-10-31,47680,2018-12-31,3,,,,,,,,,,,,,,,,,,,,,,,,,,,,,72.50,,,,,,,false,true,12,2018-01-01,2018-12-31,0
2018-10-31,47680,2018-12-31,3,,,,,,,,,,,,,,,,,,,,,,,,,,,,,,,,,190002120,400868,189601388,false,false,9,2018-01-01,2018-09-30,0
2018-10-31,47680,2017-12-31,3,,,,,,,,,,,,,,,,,,,,,,,,,,,,,,,,,,,189601666,false,false,9,2017-01-01,2017-09-30,-1
2019-02-01,47680,2018-12-31,,759871000000,0.099,,,,,48058000000,0.083,49285000000,0.084,,33601000000,,177.22,,0.152,0.125,0.063,,406732000000,231664000000,0.565,1211.63,229726000000,38646000000,-11096000000,-13470000000,151585000000,,0.480,,,,,,true,false,12,2018-01-01,2018-12-31,0
2019-02-01,47680,2017-12-31,,691166000000,0.074,,,,,44386000000,0.119,45460000000,0.115,,31560000000,,166.46,,0.157,0.126,0.064,,380317000000,214532000000,0.560,1122.87,212897000000,36153000000,-5243000000,-11528000000,137545000000,,0.421,,,,,,true,false,12,2017-01-01,2017-12-31,-1
2019-02-01,47680,2019-12-31,,413500000000,0.061,,,,,28500000000,0.049,28940000000,0.038,,19280000000,,101.69,,,,,,,,,,,,,,,,,,,,,,true,true,6,2019-01-01,2019-06-30,1
2019-02-01,47680,2019-12-31,,803000000000,0.057,,,,,50400000000,0.049,51200000000,0.039,,34210000000,,180.43,,,,,,,,,,,,,,,,0.499,,,,,,true,true,12,2019-01-01,2019-12-31,1
2019-02-01,47680,2018-12-31,,684912000000,0.096,,,,,42535000000,0.069,44254000000,0.075,30686000000,,0.062,161.85,,,,,,373627000000,210057000000,0.562,1107.89,210057000000,,,,,85.00,,,,190002120,400868,189601354,false,false,12,2018-01-01,2018-12-31,0
2019-02-01,47680,2017-12-31,,624694000000,0.069,,,,,39776000000,0.102,41162000000,0.100,28899000000,,0.166,152.42,,,,,,351146000000,195603000000,0.557,1031.66,195603000000,,,,,140.00,,,,190002120,400454,189601666,false,false,12,2017-01-01,2017-12-31,-1
2019-02-01,47680,2019-12-31,,,,,,,,,,,,,,,,,,,,,,,,,,,,,,90.00,,,,,,,false,true,12,2019-01-01,2019-12-31,1
2019-04-25,47680,2019-12-31,1,218681000000,0.144,,,,,14648000000,0.236,15087000000,0.234,,10042000000,,52.97,,,,,,430084000000,226085000000,0.521,,224119000000,,,,,,,,,,,,true,false,3,2019-01-01,2019-03-31,0
2019-04-25,47680,2018-12-31,1,191225000000,0.061,,,,,11851000000,0.009,12222000000,0.008,,8064000000,,42.53,,,,,,,,,,,,,,,,,,,,,,true,false,3,2018-01-01,2018-03-31,-1
2019-04-25,47680,2019-12-31,1,413500000000,0.061,,,,,28500000000,0.049,28940000000,0.038,,19280000000,,101.69,,,,,,,,,,,,,,,,,,,,,,true,true,6,2019-01-01,2019-06-30,0
2019-04-25,47680,2019-12-31,1,803000000000,0.057,,,,,50400000000,0.049,51200000000,0.039,,34210000000,,180.43,,,,,,,,,,,,,,,,,,,,,,true,true,12,2019-01-01,2019-12-31,0
2019-04-25,47680,2018-12-31,1,,,,,,,,,,,,,,,,,,,,406732000000,231664000000,0.565,,229726000000,,,,,,,,,,,,true,false,12,2018-01-01,2018-12-31,-1
2019-04-25,47680,2018-12-31,1,,,,,,,,,,,,,,,,,,,,,,,,,,,,,85.00,,,,190002120,400868,,false,false,12,2018-01-01,2018-12-31,-1
2019-04-25,47680,2019-12-31,1,,,,,,,,,,,,,,,,,,,,,,,,,,,,,90.00,,,,,,,false,true,12,2019-01-01,2019-12-31,0
2019-04-25,47680,2019-12-31,1,,,,,,,,,,,,,,,,,,,,,,,,,,,,,,,,,190002120,400868,189601252,false,false,3,2019-01-01,2019-03-31,0
2019-04-25,47680,2018-12-31,1,,,,,,,,,,,,,,,,,,,,,,,,,,,,,,,,,,,189601645,false,false,3,2018-01-01,2018-03-31,-1
2019-07-29,47680,2019-12-31,,450154000000,0.089,,,,,33880000000,0.189,34710000000,0.199,,23522000000,,124.06,,,,,,,,,,,,,,,,,,,,,,true,true,6,2019-01-01,2019-06-30,0
2019-07-29,47680,2018-12-31,,389863000000,,,,,,27178000000,,27868000000,,,18791000000,,99.11,,,,,,,,,,,,,,,,,,,,,,true,false,6,2018-01-01,2018-06-30,-1
2019-07-29,47680,2019-12-31,,840000000000,0.046,,,,,55800000000,0.107,57000000000,0.113,,38450000000,,202.79,,,,,,,,,,,,,,,,,,,,,,true,true,12,2019-01-01,2019-12-31,0
2019-07-29,47680,2018-12-31,,759871000000,,,,,,48058000000,,49285000000,,,33601000000,,177.22,,,,,,,,,,,,,,,,,,,,,,true,false,12,2018-01-01,2018-12-31,-1
2019-08-01,47680,2019-12-31,2,450154000000,0.155,,,,,33880000000,0.247,34710000000,0.246,,23522000000,,124.06,,,,,,455615000000,241194000000,0.525,,239123000000,,,,,,,,,,,,true,false,6,2019-01-01,2019-06-30,0
2019-08-01,47680,2018-12-31,2,389863000000,0.090,,,,,27178000000,0.013,27868000000,0.018,,18791000000,,99.11,,,,,,,,,,,,,,,,,,,,,,true,false,6,2018-01-01,2018-06-30,-1
2019-08-01,47680,2019-12-31,2,840000000000,0.105,,,,,55800000000,0.161,57000000000,0.157,,38450000000,,202.79,,,,,,,,,,,,,,,,,,,,,,true,true,12,2019-01-01,2019-12-31,0
2019-08-01,47680,2018-12-31,2,,,,,,,,,,,,,,,,,,,,406732000000,231664000000,0.565,,229726000000,,,,,,,,,,,,true,false,12,2018-01-01,2018-12-31,-1
2019-08-01,47680,2018-12-31,2,,,,,,,,,,,,,,,,,,,,,,,,,,,,,85.00,,,,190002120,400868,,false,false,12,2018-01-01,2018-12-31,-1
2019-08-01,47680,2019-12-31,2,,,,,,,,,,,,,,,,,,,,,,,,,,,,,0.00,,,,,,,false,false,12,2019-01-01,2019-12-31,0
2019-08-01,47680,2019-12-31,2,,,,,,,,,,,,,,,,,,,,,,,,,,,,,90.00,,,,,,,false,true,12,2019-01-01,2019-12-31,0
2019-08-01,47680,2019-12-31,2,,,,,,,,,,,,,,,,,,,,,,,,,,,,,,,,,190002120,400868,189601252,false,false,6,2019-01-01,2019-06-30,0
2019-08-01,47680,2018-12-31,2,,,,,,,,,,,,,,,,,,,,,,,,,,,,,,,,,,,189601457,false,false,6,2018-01-01,2018-06-30,-1
2019-10-31,47680,2019-12-31,3,667098000000,0.178,,,,,46227000000,0.356,47387000000,0.353,,32239000000,,170.04,,,,,,446593000000,249132000000,0.553,,246951000000,,,,,,,,,,,,true,false,9,2019-01-01,2019-09-30,0
2019-10-31,47680,2018-12-31,3,566125000000,0.096,,,,,34091000000,0.027,35035000000,0.029,,23835000000,,125.71,,,,,,,,,,,,,,,,,,,,,,true,false,9,2018-01-01,2018-09-30,-1
2019-10-31,47680,2019-12-31,3,840000000000,0.105,,,,,55800000000,0.161,57000000000,0.157,,38450000000,,202.79,,,,,,,,,,,,,,,,,,,,,,true,true,12,2019-01-01,2019-12-31,0
2019-10-31,47680,2018-12-31,3,,,,,,,,,,,,,,,,,,,,406732000000,231664000000,0.565,,229726000000,,,,,,,,,,,,true,false,12,2018-01-01,2018-12-31,-1
2019-10-31,47680,2018-12-31,3,,,,,,,,,,,,,,,,,,,,,,,,,,,,,85.00,,,,190002120,400868,,false,false,12,2018-01-01,2018-12-31,-1
2019-10-31,47680,2019-12-31,3,,,,,,,,,,,,,,,,,,,,,,,,,,,,,0.00,,,,,,,false,false,12,2019-01-01,2019-12-31,0
2019-10-31,47680,2019-12-31,3,,,,,,,,,,,,,,,,,,,,,,,,,,,,,95.00,,,,,,,false,true,12,2019-01-01,2019-12-31,0
2019-10-31,47680,2019-12-31,3,,,,,,,,,,,,,,,,,,,,,,,,,,,,,,,,,190002120,400868,189601252,false,false,9,2019-01-01,2019-09-30,0
2019-10-31,47680,2018-12-31,3,,,,,,,,,,,,,,,,,,,,,,,,,,,,,,,,,,,189601388,false,false,9,2018-01-01,2018-09-30,-1
2020-02-03,47680,2019-12-31,,886536000000,0.167,,,,,62192000000,0.294,63706000000,0.293,,43497000000,,229.42,,0.178,0.147,0.070,,461812000000,261622000000,0.562,1367.76,259328000000,48762000000,-7934000000,-16221000000,176198000000,,0.479,,,,,,true,false,12,2019-01-01,2019-12-31,0
2020-02-03,47680,2018-12-31,,759871000000,0.099,,,,,48058000000,0.083,49285000000,0.084,,33601000000,,177.22,,0.152,0.125,0.063,,406732000000,231664000000,0.565,1211.63,229726000000,38646000000,-11096000000,-13470000000,151585000000,,0.480,,,,,,true,false,12,2018-01-01,2018-12-31,-1
2020-02-03,47680,2020-12-31,,452000000000,0.004,,,,,36000000000,0.063,36520000000,0.052,,24530000000,,129.38,,,,,,,,,,,,,,,,,,,,,,true,true,6,2020-01-01,2020-06-30,1
2020-02-03,47680,2020-12-31,,864000000000,-0.025,,,,,63700000000,0.024,64600000000,0.014,,43530000000,,229.59,,,,,,,,,,,,,,,,0.501,,,,,,true,true,12,2020-01-01,2020-12-31,1
2020-02-03,47680,2019-12-31,,802200000000,0.171,,,,,55632000000,0.308,57593000000,0.301,39952000000,,0.302,210.72,,,,,,426112000000,235571000000,0.553,1242.46,235571000000,,,,,110.00,,,,190002120,400908,189601242,false,false,12,2019-01-01,2019-12-31,0
2020-02-03,47680,2018-12-31,,684912000000,0.096,,,,,42535000000,0.069,44254000000,0.075,30686000000,,0.062,161.85,,,,,,373627000000,210057000000,0.562,1107.89,210057000000,,,,,85.00,,,,190002120,400868,189601354,false,false,12,2018-01-01,2018-12-31,-1
2020-02-03,47680,2020-12-31,,,,,,,,,,,,,,,,,,,,,,,,,,,,,,115.00,,,,,,,false,true,12,2020-01-01,2020-12-31,1
2020-04-30,47680,2020-12-31,1,224329000000,0.026,,,,,16147000000,0.102,16484000000,0.093,,10882000000,,57.40,,,,,,452969000000,248627000000,0.544,,246308000000,,,,,,,,,,,,true,false,3,2020-01-01,2020-03-31,0
2020-04-30,47680,2019-12-31,1,218681000000,0.144,,,,,14648000000,0.236,15087000000,0.234,,10042000000,,52.97,,,,,,,,,,,,,,,,,,,,,,true,false,3,2019-01-01,2019-03-31,-1
2020-04-30,47680,2020-12-31,1,452000000000,0.004,,,,,36000000000,0.063,36520000000,0.052,,24530000000,,129.38,,,,,,,,,,,,,,,,,,,,,,true,true,6,2020-01-01,2020-06-30,0
2020-04-30,47680,2020-12-31,1,864000000000,-0.025,,,,,63700000000,0.024,64600000000,0.014,,43530000000,,229.59,,,,,,,,,,,,,,,,,,,,,,true,true,12,2020-01-01,2020-12-31,0
2020-04-30,47680,2019-12-31,1,,,,,,,,,,,,,,,,,,,,461812000000,261622000000,0.562,,259328000000,,,,,,,,,,,,true,false,12,2019-01-01,2019-12-31,-1
2020-04-30,47680,2019-12-31,1,,,,,,,,,,,,,,,,,,,,,,,,,,,,,110.00,,,,190002120,400908,,false,false,12,2019-01-01,2019-12-31,-1
2020-04-30,47680,2020-12-31,1,,,,,,,,,,,,,,,,,,,,,,,,,,,,,115.00,,,,,,,false,true,12,2020-01-01,2020-12-31,0
2020-04-30,47680,2020-12-31,1,,,,,,,,,,,,,,,,,,,,,,,,,,,,,,,,,190002120,400908,189601212,false,false,3,2020-01-01,2020-03-31,0
2020-04-30,47680,2019-12-31,1,,,,,,,,,,,,,,,,,,,,,,,,,,,,,,,,,,,189601252,false,false,3,2019-01-01,2019-03-31,-1
2020-08-07,47680,2020-12-31,2,432943000000,-0.038,,,,,30310000000,-0.105,30963000000,-0.108,,20789000000,,109.65,,,,,,462027000000,260573000000,0.559,,258111000000,,,,,,,,,,,,true,false,6,2020-01-01,2020-06-30,0
2020-08-07,47680,2019-12-31,2,450154000000,0.155,,,,,33880000000,0.247,34710000000,0.246,,23522000000,,124.06,,,,,,,,,,,,,,,,,,,,,,true,false,6,2019-01-01,2019-06-30,-1
2020-08-07,47680,2020-12-31,2,839000000000,-0.054,,,,,63700000000,0.024,64600000000,0.014,,43530000000,,229.59,,,,,,,,,,,,,,,,,,,,,,true,true,12,2020-01-01,2020-12-31,0
2020-08-07,47680,2019-12-31,2,,,,,,,,,,,,,,,,,,,,461812000000,261622000000,0.562,,259328000000,,,,,,,,,,,,true,false,12,2019-01-01,2019-12-31,-1
2020-08-07,47680,2019-12-31,2,,,,,,,,,,,,,,,,,,,,,,,,,,,,,110.00,,,,190002120,400908,,false,false,12,2019-01-01,2019-12-31,-1
2020-08-07,47680,2020-12-31,2,,,,,,,,,,,,,,,,,,,,,,,,,,,,,0.00,,,,,,,false,false,12,2020-01-01,2020-12-31,0
2020-08-07,47680,2020-12-31,2,,,,,,,,,,,,,,,,,,,,,,,,,,,,,115.00,,,,,,,false,true,12,2020-01-01,2020-12-31,0
2020-08-07,47680,2020-12-31,2,,,,,,,,,,,,,,,,,,,,,,,,,,,,,,,,,190002120,400908,189601212,false,false,6,2020-01-01,2020-06-30,0
2020-08-07,47680,2019-12-31,2,,,,,,,,,,,,,,,,,,,,,,,,,,,,,,,,,,,189601252,false,false,6,2019-01-01,2019-06-30,-1
2020-11-10,47680,2020-12-31,3,621217000000,-0.069,,,,,41314000000,-0.106,42212000000,-0.109,,28472000000,,150.17,,,,,,448309000000,268871000000,0.594,,266263000000,,,,,,,,,,,,true,false,9,2020-01-01,2020-09-30,0
2020-11-10,47680,2019-12-31,3,667098000000,0.178,,,,,46227000000,0.356,47387000000,0.353,,32239000000,,170.04,,,,,,,,,,,,,,,,,,,,,,true,false,9,2019-01-01,2019-09-30,-1
2020-11-10,47680,2020-12-31,3,830000000000,-0.064,,,,,57300000000,-0.079,58400000000,-0.083,,39380000000,,207.70,,,,,,,,,,,,,,,,,,,,,,true,true,12,2020-01-01,2020-12-31,0
2020-11-10,47680,2019-12-31,3,,,,,,,,,,,,,,,,,,,,461812000000,261622000000,0.562,,259328000000,,,,,,,,,,,,true,false,12,2019-01-01,2019-12-31,-1
2020-11-10,47680,2019-12-31,3,,,,,,,,,,,,,,,,,,,,,,,,,,,,,110.00,,,,190002120,400908,,false,false,12,2019-01-01,2019-12-31,-1
2020-11-10,47680,2020-12-31,3,,,,,,,,,,,,,,,,,,,,,,,,,,,,,0.00,,,,,,,false,false,12,2020-01-01,2020-12-31,0
2020-11-10,47680,2020-12-31,3,,,,,,,,,,,,,,,,,,,,,,,,,,,,,115.00,,,,,,,false,true,12,2020-01-01,2020-12-31,0
2020-11-10,47680,2020-12-31,3,,,,,,,,,,,,,,,,,,,,,,,,,,,,,,,,,190002120,400908,189601212,false,false,9,2020-01-01,2020-09-30,0
2020-11-10,47680,2019-12-31,3,,,,,,,,,,,,,,,,,,,,,,,,,,,,,,,,,,,189601252,false,false,9,2019-01-01,2019-09-30,-1
2021-02-01,47680,2020-12-31,,836323000000,-0.057,,,,,56309000000,-0.095,57550000000,-0.097,,39309000000,,207.33,,0.146,0.123,0.067,,471292000000,280035000000,0.588,1462.80,277348000000,32496000000,-8716000000,-20988000000,178988000000,,0.555,,,,,,true,false,12,2020-01-01,2020-12-31,0
2021-02-01,47680,2019-12-31,,886536000000,0.167,,,,,62192000000,0.294,63706000000,0.293,,43497000000,,229.42,,0.178,0.147,0.070,,461812000000,261622000000,0.562,1367.76,259328000000,48762000000,-7934000000,-16221000000,176198000000,,0.479,,,,,,true,false,12,2019-01-01,2019-12-31,-1
2021-02-01,47680,2021-12-31,,449950000000,0.039,,,,,32000000000,0.056,32500000000,0.050,,21680000000,,114.35,,,,,,,,,,,,,,,,,,,,,,true,true,6,2021-01-01,2021-06-30,1
2021-02-01,47680,2021-12-31,,865000000000,0.034,,,,,58100000000,0.032,59000000000,0.025,,39550000000,,208.60,,,,,,,,,,,,,,,,0.575,,,,,,true,true,12,2021-01-01,2021-12-31,1
2021-02-01,47680,2020-12-31,,750492000000,-0.064,,,,,49810000000,-0.105,52007000000,-0.097,36336000000,,-0.091,191.65,,,,,,431736000000,250316000000,0.580,1320.23,250316000000,,,,,115.00,,,,190002120,400908,189601212,false,false,12,2020-01-01,2020-12-31,0
2021-02-01,47680,2019-12-31,,802200000000,0.171,,,,,55632000000,0.308,57593000000,0.301,39952000000,,0.302,210.72,,,,,,426112000000,235571000000,0.553,1242.46,235571000000,,,,,110.00,,,,190002120,400908,189601242,false,false,12,2019-01-01,2019-12-31,-1
2021-02-01,47680,2021-12-31,,,,,,,,,,,,,,,,,,,,,,,,,,,,,,120.00,,,,,,,false,true,12,2021-01-01,2021-12-31,1
2021-04-28,47680,2021-12-31,1,239350000000,0.067,,,,,16699000000,0.034,17238000000,0.046,,11486000000,,60.58,,,,,,487209000000,271049000000,0.551,,268362000000,,,,,,,,,,,,true,false,3,2021-01-01,2021-03-31,0
2021-04-28,47680,2020-12-31,1,224329000000,0.026,,,,,16147000000,0.102,16484000000,0.093,,10882000000,,57.40,,,,,,,,,,,,,,,,,,,,,,true,false,3,2020-01-01,2020-03-31,-1
2021-04-28,47680,2021-12-31,1,449950000000,0.039,,,,,32000000000,0.056,32500000000,0.050,,21680000000,,114.35,,,,,,,,,,,,,,,,,,,,,,true,true,6,2021-01-01,2021-06-30,0
2021-04-28,47680,2021-12-31,1,865000000000,0.034,,,,,58100000000,0.032,59000000000,0.025,,39550000000,,208.60,,,,,,,,,,,,,,,,,,,,,,true,true,12,2021-01-01,2021-12-31,0
2021-04-28,47680,2020-12-31,1,,,,,,,,,,,,,,,,,,,,471292000000,280035000000,0.588,,277348000000,,,,,,,,,,,,true,false,12,2020-01-01,2020-12-31,-1
2021-04-28,47680,2020-12-31,1,,,,,,,,,,,,,,,,,,,,,,,,,,,,,115.00,,,,190002120,400908,,false,false,12,2020-01-01,2020-12-31,-1
2021-04-28,47680,2021-12-31,1,,,,,,,,,,,,,,,,,,,,,,,,,,,,,120.00,,,,,,,false,true,12,2021-01-01,2021-12-31,0
2021-04-28,47680,2021-12-31,1,,,,,,,,,,,,,,,,,,,,,,,,,,,,,,,,,190002120,400908,189601212,false,false,3,2021-01-01,2021-03-31,0
2021-04-28,47680,2020-12-31,1,,,,,,,,,,,,,,,,,,,,,,,,,,,,,,,,,,,189601212,false,false,3,2020-01-01,2020-03-31,-1
2021-08-02,47680,2021-12-31,2,466625000000,0.078,,,,,33246000000,0.097,34245000000,0.106,,23657000000,,124.78,,,,,,499159000000,282996000000,0.561,,280215000000,,,,,,,,,,,,true,false,6,2021-01-01,2021-06-30,0
2021-08-02,47680,2020-12-31,2,432943000000,-0.038,,,,,30310000000,-0.105,30963000000,-0.108,,20789000000,,109.65,,,,,,,,,,,,,,,,,,,,,,true,false,6,2020-01-01,2020-06-30,-1
2021-08-02,47680,2021-12-31,2,881000000000,0.053,,,,,59300000000,0.053,60700000000,0.055,,41500000000,,218.88,,,,,,,,,,,,,,,,,,,,,,true,true,12,2021-01-01,2021-12-31,0
2021-08-02,47680,2020-12-31,2,,,,,,,,,,,,,,,,,,,,471292000000,280035000000,0.588,,277348000000,,,,,,,,,,,,true,false,12,2020-01-01,2020-12-31,-1
2021-08-02,47680,2020-12-31,2,,,,,,,,,,,,,,,,,,,,,,,,,,,,,115.00,,,,190002120,400908,,false,false,12,2020-01-01,2020-12-31,-1
2021-08-02,47680,2021-12-31,2,,,,,,,,,,,,,,,,,,,,,,,,,,,,,0.00,,,,,,,false,false,12,2021-01-01,2021-12-31,0
2021-08-02,47680,2021-12-31,2,,,,,,,,,,,,,,,,,,,,,,,,,,,,,120.00,,,,,,,false,true,12,2021-01-01,2021-12-31,0
2021-08-02,47680,2021-12-31,2,,,,,,,,,,,,,,,,,,,,,,,,,,,,,,,,,190002120,400908,189601212,false,false,6,2021-01-01,2021-06-30,0
2021-08-02,47680,2020-12-31,2,,,,,,,,,,,,,,,,,,,,,,,,,,,,,,,,,,,189601212,false,false,6,2020-01-01,2020-06-30,-1
2021-10-29,47680,2021-12-31,3,652146000000,0.050,,,,,42063000000,0.018,43491000000,0.030,,29921000000,,157.81,,,,,,465313000000,290472000000,0.618,,287540000000,,,,,,,,,,,,true,false,9,2021-01-01,2021-09-30,0
2021-10-29,47680,2020-12-31,3,621217000000,-0.069,,,,,41314000000,-0.106,42212000000,-0.109,,28472000000,,150.17,,,,,,,,,,,,,,,,,,,,,,true,false,9,2020-01-01,2020-09-30,-1
2021-10-29,47680,2021-12-31,3,881000000000,0.053,,,,,59300000000,0.053,60700000000,0.055,,41500000000,,218.88,,,,,,,,,,,,,,,,,,,,,,true,true,12,2021-01-01,2021-12-31,0
2021-10-29,47680,2020-12-31,3,,,,,,,,,,,,,,,,,,,,471292000000,280035000000,0.588,,277348000000,,,,,,,,,,,,true,false,12,2020-01-01,2020-12-31,-1
2021-10-29,47680,2020-12-31,3,,,,,,,,,,,,,,,,,,,,,,,,,,,,,115.00,,,,190002120,400908,,false,false,12,2020-01-01,2020-12-31,-1
2021-10-29,47680,2021-12-31,3,,,,,,,,,,,,,,,,,,,,,,,,,,,,,0.00,,,,,,,false,false,12,2021-01-01,2021-12-31,0
2021-10-29,47680,2021-12-31,3,,,,,,,,,,,,,,,,,,,,,,,,,,,,,120.00,,,,,,,false,true,12,2021-01-01,2021-12-31,0
2021-10-29,47680,2021-12-31,3,,,,,,,,,,,,,,,,,,,,,,,,,,,,,,,,,190002120,400908,189601212,false,false,9,2021-01-01,2021-09-30,0
2021-10-29,47680,2020-12-31,3,,,,,,,,,,,,,,,,,,,,,,,,,,,,,,,,,,,189601212,false,false,9,2020-01-01,2020-09-30,-1
2022-02-01,47680,2021-12-31,,851894000000,0.019,,,,,55827000000,-0.009,57567000000,0.000,,39927000000,,210.59,,0.139,0.120,0.066,,486254000000,301774000000,0.614,1575.64,298743000000,57873000000,-9160000000,-21957000000,205746000000,,0.570,,,,,,true,false,12,2021-01-01,2021-12-31,0
2022-02-01,47680,2020-12-31,,836323000000,-0.057,,,,,56309000000,-0.095,57550000000,-0.097,,39309000000,,207.33,,0.146,0.123,0.067,,471292000000,280035000000,0.588,1462.80,277348000000,32496000000,-8716000000,-20988000000,178988000000,,0.555,,,,,,true,false,12,2020-01-01,2020-12-31,-1
2022-02-01,47680,2022-12-31,,435800000000,-0.066,,,,,30900000000,-0.071,31400000000,-0.083,,21590000000,,113.87,,,,,,,,,,,,,,,,,,,,,,true,true,6,2022-01-01,2022-06-30,1
2022-02-01,47680,2022-12-31,,828000000000,-0.028,,,,,53600000000,-0.040,54500000000,-0.053,,36650000000,,193.30,,,,,,,,,,,,,,,,0.647,,,,,,true,true,12,2022-01-01,2022-12-31,1
2022-02-01,47680,2021-12-31,,766724000000,0.022,,,,,48654000000,-0.023,50986000000,-0.020,36087000000,,-0.007,190.33,,,,,,443127000000,268128000000,0.605,1414.17,268128000000,,,,,120.00,,,,190002120,400930,189601208,false,false,12,2021-01-01,2021-12-31,0
2022-02-01,47680,2020-12-31,,750492000000,-0.064,,,,,49810000000,-0.105,52007000000,-0.097,36336000000,,-0.091,191.65,,,,,,431736000000,250316000000,0.580,1320.23,250316000000,,,,,115.00,,,,190002120,400908,189601212,false,false,12,2020-01-01,2020-12-31,-1
2022-02-01,47680,2022-12-31,,,,,,,,,,,,,,,,,,,,,,,,,,,,,,125.00,,,,,,,false,true,12,2022-01-01,2022-12-31,1
2022-04-28,47680,2022-12-31,1,210069000000,-0.122,,,,,13785000000,-0.174,14338000000,-0.168,,10519000000,,55.48,,,,,,498007000000,288147000000,0.573,,285149000000,,,,,,,,,,,,true,false,3,2022-01-01,2022-03-31,0
2022-04-28,47680,2021-12-31,1,239350000000,0.067,,,,,16699000000,0.034,17238000000,0.046,,11486000000,,60.58,,,,,,,,,,,,,,,,,,,,,,true,false,3,2021-01-01,2021-03-31,-1
2022-04-28,47680,2022-12-31,1,435800000000,-0.066,,,,,30900000000,-0.071,31400000000,-0.083,,21590000000,,113.87,,,,,,,,,,,,,,,,,,,,,,true,true,6,2022-01-01,2022-06-30,0
2022-04-28,47680,2022-12-31,1,828000000000,-0.028,,,,,53600000000,-0.040,54500000000,-0.053,,36650000000,,193.30,,,,,,,,,,,,,,,,,,,,,,true,true,12,2022-01-01,2022-12-31,0
2022-04-28,47680,2021-12-31,1,,,,,,,,,,,,,,,,,,,,486254000000,301774000000,0.614,,298743000000,,,,,,,,,,,,true,false,12,2021-01-01,2021-12-31,-1
2022-04-28,47680,2021-12-31,1,,,,,,,,,,,,,,,,,,,,,,,,,,,,,120.00,,,,190002120,400930,,false,false,12,2021-01-01,2021-12-31,-1
2022-04-28,47680,2022-12-31,1,,,,,,,,,,,,,,,,,,,,,,,,,,,,,125.00,,,,,,,false,true,12,2022-01-01,2022-12-31,0
2022-04-28,47680,2022-12-31,1,,,,,,,,,,,,,,,,,,,,,,,,,,,,,,,,,190002120,400930,189601190,false,false,3,2022-01-01,2022-03-31,0
2022-04-28,47680,2021-12-31,1,,,,,,,,,,,,,,,,,,,,,,,,,,,,,,,,,,,189601212,false,false,3,2021-01-01,2021-03-31,-1
2022-08-01,47680,2022-12-31,2,445336000000,-0.046,,,,,30778000000,-0.074,31747000000,-0.073,,22848000000,,120.51,,,,,,518807000000,299822000000,0.572,,296753000000,,,,,,,,,,,,true,false,6,2022-01-01,2022-06-30,0
2022-08-01,47680,2021-12-31,2,466625000000,0.078,,,,,33246000000,0.097,34245000000,0.106,,23657000000,,124.78,,,,,,,,,,,,,,,,,,,,,,true,false,6,2021-01-01,2021-06-30,-1
2022-08-01,47680,2022-12-31,2,828000000000,-0.028,,,,,53600000000,-0.040,54500000000,-0.053,,36650000000,,193.30,,,,,,,,,,,,,,,,,,,,,,true,true,12,2022-01-01,2022-12-31,0
2022-08-01,47680,2021-12-31,2,,,,,,,,,,,,,,,,,,,,486254000000,301774000000,0.614,,298743000000,,,,,,,,,,,,true,false,12,2021-01-01,2021-12-31,-1
2022-08-01,47680,2021-12-31,2,,,,,,,,,,,,,,,,,,,,,,,,,,,,,120.00,,,,190002120,400930,,false,false,12,2021-01-01,2021-12-31,-1
2022-08-01,47680,2022-12-31,2,,,,,,,,,,,,,,,,,,,,,,,,,,,,,0.00,,,,,,,false,false,12,2022-01-01,2022-12-31,0
2022-08-01,47680,2022-12-31,2,,,,,,,,,,,,,,,,,,,,,,,,,,,,,125.00,,,,,,,false,true,12,2022-01-01,2022-12-31,0
2022-08-01,47680,2022-12-31,2,,,,,,,,,,,,,,,,,,,,,,,,,,,,,,,,,190002120,400977,189601184,false,false,6,2022-01-01,2022-06-30,0
2022-08-01,47680,2021-12-31,2,,,,,,,,,,,,,,,,,,,,,,,,,,,,,,,,,,,189601212,false,false,6,2021-01-01,2021-06-30,-1
2022-10-31,47680,2022-12-31,3,642199000000,-0.015,,,,,40090000000,-0.047,41542000000,-0.045,,29739000000,,156.85,,,,,,498328000000,307385000000,0.610,,304171000000,,,,,,,,,,,,true,false,9,2022-01-01,2022-09-30,0
2022-10-31,47680,2021-12-31,3,652146000000,0.050,,,,,42063000000,0.018,43491000000,0.030,,29921000000,,157.81,,,,,,,,,,,,,,,,,,,,,,true,false,9,2021-01-01,2021-09-30,-1
2022-10-31,47680,2022-12-31,3,828000000000,-0.028,,,,,53600000000,-0.040,54500000000,-0.053,,36650000000,,193.30,,,,,,,,,,,,,,,,,,,,,,true,true,12,2022-01-01,2022-12-31,0
2022-10-31,47680,2021-12-31,3,,,,,,,,,,,,,,,,,,,,486254000000,301774000000,0.614,,298743000000,,,,,,,,,,,,true,false,12,2021-01-01,2021-12-31,-1
2022-10-31,47680,2021-12-31,3,,,,,,,,,,,,,,,,,,,,,,,,,,,,,120.00,,,,190002120,400930,,false,false,12,2021-01-01,2021-12-31,-1
2022-10-31,47680,2022-12-31,3,,,,,,,,,,,,,,,,,,,,,,,,,,,,,0.00,,,,,,,false,false,12,2022-01-01,2022-12-31,0
2022-10-31,47680,2022-12-31,3,,,,,,,,,,,,,,,,,,,,,,,,,,,,,125.00,,,,,,,false,true,12,2022-01-01,2022-12-31,0
2022-10-31,47680,2022-12-31,3,,,,,,,,,,,,,,,,,,,,,,,,,,,,,,,,,190002120,401017,189601165,false,false,9,2022-01-01,2022-09-30,0
2022-10-31,47680,2021-12-31,3,,,,,,,,,,,,,,,,,,,,,,,,,,,,,,,,,,,189601212,false,false,9,2021-01-01,2021-09-30,-1
2023-02-01,47680,2022-12-31,,861022000000,0.011,,,,,54768000000,-0.019,56639000000,-0.016,,40022000000,,211.09,,0.130,0.112,0.064,,523016000000,322732000000,0.611,1684.53,319388000000,29196000000,-8355000000,-23307000000,203274000000,,0.592,,,,,,true,false,12,2022-01-01,2022-12-31,0
2023-02-01,47680,2021-12-31,,851894000000,0.019,,,,,55827000000,-0.009,57567000000,0.000,,39927000000,,210.59,,0.139,0.120,0.066,,486254000000,301774000000,0.614,1575.64,298743000000,57873000000,-9160000000,-21957000000,205746000000,,0.570,,,,,,true,false,12,2021-01-01,2021-12-31,-1
2023-02-01,47680,2023-12-31,,468600000000,0.052,,,,,33200000000,0.079,33900000000,0.068,,22890000000,,120.73,,,,,,,,,,,,,,,,,,,,,,true,true,6,2023-01-01,2023-06-30,1
2023-02-01,47680,2023-12-31,,901000000000,0.046,,,,,58600000000,0.070,59600000000,0.052,,40170000000,,211.87,,,,,,,,,,,,,,,,0.614,,,,,,true,true,12,2023-01-01,2023-12-31,1
2023-02-01,47680,2022-12-31,,767649000000,0.001,,,,,48299000000,-0.007,50692000000,-0.006,36631000000,,0.015,193.20,,,,,,473250000000,283595000000,0.599,1495.75,283595000000,,,,,125.00,,,,190002120,401081,189601138,false,false,12,2022-01-01,2022-12-31,0
2023-02-01,47680,2021-12-31,,766724000000,0.022,,,,,48654000000,-0.023,50986000000,-0.020,36087000000,,-0.007,190.33,,,,,,443127000000,268128000000,0.605,1414.17,268128000000,,,,,120.00,,,,190002120,400930,189601208,false,false,12,2021-01-01,2021-12-31,-1
2023-02-01,47680,2023-12-31,,,,,,,,,,,,,,,,,,,,,,,,,,,,,,130.00,,,,,,,false,true,12,2023-01-01,2023-12-31,1
2023-05-01,47680,2023-12-31,1,242609000000,0.155,,,,,16875000000,0.224,17431000000,0.216,,11591000000,,61.14,,,,,,539485000000,310508000000,0.569,,307113000000,,,,,,,,,,,,true,false,3,2023-01-01,2023-03-31,0
2023-05-01,47680,2022-12-31,1,210069000000,-0.122,,,,,13785000000,-0.174,14338000000,-0.168,,10519000000,,55.48,,,,,,,,,,,,,,,,,,,,,,true,false,3,2022-01-01,2022-03-31,-1
2023-05-01,47680,2023-12-31,1,468600000000,0.052,,,,,33200000000,0.079,33900000000,0.068,,22890000000,,120.73,,,,,,,,,,,,,,,,,,,,,,true,true,6,2023-01-01,2023-06-30,0
2023-05-01,47680,2023-12-31,1,901000000000,0.046,,,,,58600000000,0.070,59600000000,0.052,,40170000000,,211.87,,,,,,,,,,,,,,,,,,,,,,true,true,12,2023-01-01,2023-12-31,0
2023-05-01,47680,2022-12-31,1,,,,,,,,,,,,,,,,,,,,523016000000,322732000000,0.611,,319388000000,,,,,,,,,,,,true,false,12,2022-01-01,2022-12-31,-1
2023-05-01,47680,2022-12-31,1,,,,,,,,,,,,,,,,,,,,,,,,,,,,,125.00,,,,190002120,401081,,false,false,12,2022-01-01,2022-12-31,-1
2023-05-01,47680,2023-12-31,1,,,,,,,,,,,,,,,,,,,,,,,,,,,,,130.00,,,,,,,false,true,12,2023-01-01,2023-12-31,0
2023-05-01,47680,2023-12-31,1,,,,,,,,,,,,,,,,,,,,,,,,,,,,,,,,,190002120,401155,189601009,false,false,3,2023-01-01,2023-03-31,0
2023-05-01,47680,2022-12-31,1,,,,,,,,,,,,,,,,,,,,,,,,,,,,,,,,,,,189601190,false,false,3,2022-01-01,2022-03-31,-1
2023-07-26,47680,2023-12-31,,521056000000,0.112,,,,,36712000000,0.106,37623000000,0.110,25417000000,,0.110,134.06,,,,,,,,,,,,,,,,,,,,,,true,true,6,2023-01-01,2023-06-30,0
2023-07-26,47680,2022-12-31,,445336000000,,,,,,30778000000,,31747000000,,22848000000,,,120.51,,,,,,,,,,,,,,,,,,,,,,true,false,6,2022-01-01,2022-06-30,-1
2023-07-26,47680,2023-12-31,,954000000000,0.059,,,,,62200000000,0.061,63400000000,0.064,,42700000000,,225.21,,,,,,,,,,,,,,,,,,,,,,true,true,12,2023-01-01,2023-12-31,0
2023-07-26,47680,2022-12-31,,861022000000,,,,,,54768000000,,56639000000,,,40022000000,,211.09,,,,,,,,,,,,,,,,,,,,,,true,false,12,2022-01-01,2022-12-31,-1
2023-08-01,47680,2023-12-31,2,521056000000,0.170,,,,,36712000000,0.193,37623000000,0.185,,25417000000,,134.06,,,,,,563639000000,324808000000,0.570,,321271000000,,,,,,,,,,,,true,false,6,2023-01-01,2023-06-30,0
2023-08-01,47680,2022-12-31,2,445336000000,-0.046,,,,,30778000000,-0.074,31747000000,-0.073,,22848000000,,120.51,,,,,,,,,,,,,,,,,,,,,,true,false,6,2022-01-01,2022-06-30,-1
2023-08-01,47680,2023-12-31,2,954000000000,0.108,,,,,62200000000,0.136,63400000000,0.119,,42700000000,,225.21,,,,,,,,,,,,,,,,,,,,,,true,true,12,2023-01-01,2023-12-31,0
2023-08-01,47680,2022-12-31,2,,,,,,,,,,,,,,,,,,,,523016000000,322732000000,0.611,,319388000000,,,,,,,,,,,,true,false,12,2022-01-01,2022-12-31,-1
2023-08-01,47680,2022-12-31,2,,,,,,,,,,,,,,,,,,,,,,,,,,,,,125.00,,,,190002120,401081,,false,false,12,2022-01-01,2022-12-31,-1
2023-08-01,47680,2023-12-31,2,,,,,,,,,,,,,,,,,,,,,,,,,,,,,0.00,,,,,,,false,false,12,2023-01-01,2023-12-31,0
2023-08-01,47680,2023-12-31,2,,,,,,,,,,,,,,,,,,,,,,,,,,,,,130.00,,,,,,,false,true,12,2023-01-01,2023-12-31,0
2023-08-01,47680,2023-12-31,2,,,,,,,,,,,,,,,,,,,,,,,,,,,,,,,,,190002120,401155,189600987,false,false,6,2023-01-01,2023-06-30,0
2023-08-01,47680,2022-12-31,2,,,,,,,,,,,,,,,,,,,,,,,,,,,,,,,,,,,189601184,false,false,6,2022-01-01,2022-06-30,-1
2023-10-31,47680,2023-12-31,3,740058000000,0.152,,,,,47390000000,0.182,48846000000,0.176,,33135000000,,174.77,,,,,,540414000000,332861000000,0.609,,329152000000,,,,,,,,,,,,true,false,9,2023-01-01,2023-09-30,0
2023-10-31,47680,2022-12-31,3,642199000000,-0.015,,,,,40090000000,-0.047,41542000000,-0.045,,29739000000,,156.85,,,,,,,,,,,,,,,,,,,,,,true,false,9,2022-01-01,2022-09-30,-1
2023-10-31,47680,2023-12-31,3,954000000000,0.108,,,,,62200000000,0.136,63400000000,0.119,,42700000000,,225.21,,,,,,,,,,,,,,,,,,,,,,true,true,12,2023-01-01,2023-12-31,0
2023-10-31,47680,2022-12-31,3,,,,,,,,,,,,,,,,,,,,523016000000,322732000000,0.611,,319388000000,,,,,,,,,,,,true,false,12,2022-01-01,2022-12-31,-1
2023-10-31,47680,2022-12-31,3,,,,,,,,,,,,,,,,,,,,,,,,,,,,,125.00,,,,190002120,401081,,false,false,12,2022-01-01,2022-12-31,-1
2023-10-31,47680,2023-12-31,3,,,,,,,,,,,,,,,,,,,,,,,,,,,,,0.00,,,,,,,false,false,12,2023-01-01,2023-12-31,0
2023-10-31,47680,2023-12-31,3,,,,,,,,,,,,,,,,,,,,,,,,,,,,,130.00,,,,,,,false,true,12,2023-01-01,2023-12-31,0
2023-10-31,47680,2023-12-31,3,,,,,,,,,,,,,,,,,,,,,,,,,,,,,,,,,190002120,401198,189600972,false,false,9,2023-01-01,2023-09-30,0
2023-10-31,47680,2022-12-31,3,,,,,,,,,,,,,,,,,,,,,,,,,,,,,,,,,,,189601165,false,false,9,2022-01-01,2022-09-30,-1
2024-02-01,47680,2023-12-31,,977370000000,0.135,,,,,62959000000,0.150,64517000000,0.139,,47448000000,,250.26,,0.143,0.119,0.064,,561805000000,346950000000,0.611,1809.66,343112000000,71649000000,-21473000000,-23839000000,229615000000,,0.539,,,,,,true,false,12,2023-01-01,2023-12-31,0
2024-02-01,47680,2022-12-31,,861022000000,0.011,,,,,54768000000,-0.019,56639000000,-0.016,,40022000000,,211.09,,0.130,0.112,0.064,,523016000000,322732000000,0.611,1684.53,319388000000,29196000000,-8355000000,-23307000000,203274000000,,0.592,,,,,,true,false,12,2022-01-01,2022-12-31,-1
2024-02-01,47680,2024-12-31,,539900000000,0.036,,,,,37400000000,0.019,37850000000,0.006,,25600000000,,67.51,,,,,,,,,,,,,,,,,,,,,,true,true,6,2024-01-01,2024-06-30,1
2024-02-01,47680,2024-12-31,,1026000000000,0.050,,,,,68500000000,0.088,69000000000,0.069,,47670000000,,125.71,,,,,,,,,,,,,,,,0.557,,,,,,true,true,12,2024-01-01,2024-12-31,1
2024-02-01,47680,2023-12-31,,869573000000,0.133,,,,,55323000000,0.145,57253000000,0.129,43150000000,,0.178,227.58,,,,,,504852000000,303608000000,0.601,1601.30,303608000000,,,,,135.00,,,,190002120,401198,189600959,false,false,12,2023-01-01,2023-12-31,0
2024-02-01,47680,2022-12-31,,767649000000,0.001,,,,,48299000000,-0.007,50692000000,-0.006,36631000000,,0.015,193.20,,,,,,473250000000,283595000000,0.599,1495.75,283595000000,,,,,125.00,,,,190002120,401081,189601138,false,false,12,2022-01-01,2022-12-31,-1
2024-02-01,47680,2024-12-31,,,,,,,,,,,,,,,,,,,,,,,,,,,,,,70.00,,,,,,,false,true,12,2024-01-01,2024-12-31,1
2024-04-30,47680,2024-12-31,1,266664000000,0.099,,,,,17242000000,0.022,17641000000,0.012,,11679000000,,30.80,,,,,,590358000000,333227000000,0.558,,329384000000,,,,,,,,,,,,true,false,3,2024-01-01,2024-03-31,0
2024-04-30,47680,2023-12-31,1,242609000000,0.155,,,,,16875000000,0.224,17431000000,0.216,,11591000000,,30.57,,,,,,,,,,,,,,,,,,,,,,true,false,3,2023-01-01,2023-03-31,-1
2024-04-30,47680,2024-12-31,1,539900000000,0.036,,,,,37400000000,0.019,37850000000,0.006,,25600000000,,67.51,,,,,,,,,,,,,,,,,,,,,,true,true,6,2024-01-01,2024-06-30,0
2024-04-30,47680,2024-12-31,1,1026000000000,0.050,,,,,68500000000,0.088,69000000000,0.069,,47670000000,,125.71,,,,,,,,,,,,,,,,,,,,,,true,true,12,2024-01-01,2024-12-31,0
2024-04-30,47680,2023-12-31,1,,,,,,,,,,,,,,,,,,,,561805000000,346950000000,0.611,,343112000000,,,,,,,,,,,,true,false,12,2023-01-01,2023-12-31,-1
2024-04-30,47680,2023-12-31,1,,,,,,,,,,,,,,,,,,,,,,,,,,,,,135.00,,,,380004240,802396,,false,false,12,2023-01-01,2023-12-31,-1
2024-04-30,47680,2024-12-31,1,,,,,,,,,,,,,,,,,,,,,,,,,,,,,70.00,,,,,,,false,true,12,2024-01-01,2024-12-31,0
2024-04-30,47680,2024-12-31,1,,,,,,,,,,,,,,,,,,,,,,,,,,,,,,,,,380004240,802484,379201773,false,false,3,2024-01-01,2024-03-31,0
2024-04-30,47680,2023-12-31,1,,,,,,,,,,,,,,,,,,,,,,,,,,,,,,,,,,,379202017,false,false,3,2023-01-01,2023-03-31,-1
2024-08-01,47680,2024-12-31,2,569722000000,0.093,,,,,38843000000,0.058,39852000000,0.059,,26930000000,,71.02,,,,,,623884000000,348344000000,0.552,,344314000000,,,,,,,,,,,,true,false,6,2024-01-01,2024-06-30,0
2024-08-01,47680,2023-12-31,2,521056000000,0.170,,,,,36712000000,0.193,37623000000,0.185,,25417000000,,67.03,,,,,,,,,,,,,,,,,,,,,,true,false,6,2023-01-01,2023-06-30,-1
2024-08-01,47680,2024-12-31,2,1055000000000,0.079,,,,,69500000000,0.104,70500000000,0.093,,48700000000,,128.43,,,,,,,,,,,,,,,,,,,,,,true,true,12,2024-01-01,2024-12-31,0
2024-08-01,47680,2023-12-31,2,,,,,,,,,,,,,,,,,,,,561805000000,346950000000,0.611,,343112000000,,,,,,,,,,,,true,false,12,2023-01-01,2023-12-31,-1
2024-08-01,47680,2023-12-31,2,,,,,,,,,,,,,,,,,,,,,,,,,,,,,135.00,,,,380004240,802396,,false,false,12,2023-01-01,2023-12-31,-1
2024-08-01,47680,2024-12-31,2,,,,,,,,,,,,,,,,,,,,,,,,,,,,,0.00,,,,,,,false,false,12,2024-01-01,2024-12-31,0
2024-08-01,47680,2024-12-31,2,,,,,,,,,,,,,,,,,,,,,,,,,,,,,70.00,,,,,,,false,true,12,2024-01-01,2024-12-31,0
2024-08-01,47680,2024-12-31,2,,,,,,,,,,,,,,,,,,,,,,,,,,,,,,,,,380004240,802972,379201531,false,false,6,2024-01-01,2024-06-30,0
2024-08-01,47680,2023-12-31,2,,,,,,,,,,,,,,,,,,,,,,,,,,,,,,,,,,,379201973,false,false,6,2023-01-01,2023-06-30,-1
2024-10-31,47680,2024-12-31,3,822262000000,0.111,,,,,52169000000,0.101,54015000000,0.106,,36631000000,,96.60,,,,,,635679000000,356967000000,0.555,,352848000000,,,,,,,,,,,,true,false,9,2024-01-01,2024-09-30,0
2024-10-31,47680,2023-12-31,3,740058000000,0.152,,,,,47390000000,0.182,48846000000,0.176,,33135000000,,87.38,,,,,,,,,,,,,,,,,,,,,,true,false,9,2023-01-01,2023-09-30,-1
2024-10-31,47680,2024-12-31,3,1055000000000,0.079,,,,,69500000000,0.104,70500000000,0.093,,48700000000,,128.43,,,,,,,,,,,,,,,,,,,,,,true,true,12,2024-01-01,2024-12-31,0
2024-10-31,47680,2023-12-31,3,,,,,,,,,,,,,,,,,,,,561805000000,346950000000,0.611,,343112000000,,,,,,,,,,,,true,false,12,2023-01-01,2023-12-31,-1
2024-10-31,47680,2023-12-31,3,,,,,,,,,,,,,,,,,,,,,,,,,,,,,135.00,,,,380004240,802396,,false,false,12,2023-01-01,2023-12-31,-1
2024-10-31,47680,2024-12-31,3,,,,,,,,,,,,,,,,,,,,,,,,,,,,,0.00,,,,,,,false,false,12,2024-01-01,2024-12-31,0
2024-10-31,47680,2024-12-31,3,,,,,,,,,,,,,,,,,,,,,,,,,,,,,70.00,,,,,,,false,true,12,2024-01-01,2024-12-31,0
2024-10-31,47680,2024-12-31,3,,,,,,,,,,,,,,,,,,,,,,,,,,,,,,,,,380004240,802972,379201443,false,false,9,2024-01-01,2024-09-30,0
2024-10-31,47680,2023-12-31,3,,,,,,,,,,,,,,,,,,,,,,,,,,,,,,,,,,,379201944,false,false,9,2023-01-01,2023-09-30,-1
2025-02-03,47680,2024-12-31,,1107668000000,0.133,,,,,74360000000,0.181,75931000000,0.177,,53481000000,,141.04,,0.150,0.123,0.067,,673903000000,375247000000,0.550,977.84,370799000000,37711000000,-11949000000,-25891000000,229488000000,,0.567,,,,,,true,false,12,2024-01-01,2024-12-31,0
2025-02-03,47680,2023-12-31,,977370000000,0.135,,,,,62959000000,0.150,64517000000,0.139,,47448000000,,125.13,,0.143,0.119,0.064,,561805000000,346950000000,0.611,904.83,343112000000,71649000000,-21473000000,-23839000000,229615000000,,0.539,,,,,,true,false,12,2023-01-01,2023-12-31,-1
2025-02-03,47680,2025-12-31,,647100000000,0.136,,,,,45300000000,0.166,45730000000,0.147,,30420000000,,80.22,,,,,,,,,,,,,,,,,,,,,,true,true,6,2025-01-01,2025-06-30,1
2025-02-03,47680,2025-12-31,,1213000000000,0.095,,,,,82300000000,0.107,82200000000,0.083,,55000000000,,145.04,,,,,,,,,,,,,,,,0.586,,,,,,true,true,12,2025-01-01,2025-12-31,1
2025-02-03,47680,2024-12-31,,985134000000,0.133,,,,,66497000000,0.202,68304000000,0.193,48993000000,,0.135,129.20,,,,,,580220000000,325398000000,0.561,858.12,325398000000,,,,,80.00,,,,380004240,803041,379201392,false,false,12,2024-01-01,2024-12-31,0
2025-02-03,47680,2023-12-31,,869573000000,0.133,,,,,55323000000,0.145,57253000000,0.129,43150000000,,0.178,113.79,,,,,,504852000000,303608000000,0.601,800.65,303608000000,,,,,135.00,,,,380004240,802396,379201919,false,false,12,2023-01-01,2023-12-31,-1
2025-02-03,47680,2025-12-31,,,,,,,,,,,,,,,,,,,,,,,,,,,,,,85.00,,,,,,,false,true,12,2025-01-01,2025-12-31,1
2025-04-30,47680,2025-12-31,1,315541000000,0.183,,,,,21175000000,0.228,21852000000,0.239,,14491000000,,38.22,,,,,,685990000000,360697000000,0.519,,356337000000,,,,,,,,,,,,true,false,3,2025-01-01,2025-03-31,0
2025-04-30,47680,2024-12-31,1,266664000000,0.099,,,,,17242000000,0.022,17641000000,0.012,,11679000000,,30.80,,,,,,,,,,,,,,,,,,,,,,true,false,3,2024-01-01,2024-03-31,-1
2025-04-30,47680,2025-12-31,1,647100000000,0.136,,,,,45300000000,0.166,45730000000,0.147,,30420000000,,80.22,,,,,,,,,,,,,,,,,,,,,,true,true,6,2025-01-01,2025-06-30,0
2025-04-30,47680,2025-12-31,1,1213000000000,0.095,,,,,82300000000,0.107,82200000000,0.083,,55000000000,,145.04,,,,,,,,,,,,,,,,,,,,,,true,true,12,2025-01-01,2025-12-31,0
2025-04-30,47680,2024-12-31,1,,,,,,,,,,,,,,,,,,,,673903000000,375247000000,0.550,,370799000000,,,,,,,,,,,,true,false,12,2024-01-01,2024-12-31,-1
2025-04-30,47680,2024-12-31,1,,,,,,,,,,,,,,,,,,,,,,,,,,,,,80.00,,,,380004240,803041,,false,false,12,2024-01-01,2024-12-31,-1
2025-04-30,47680,2025-12-31,1,,,,,,,,,,,,,,,,,,,,,,,,,,,,,85.00,,,,,,,false,true,12,2025-01-01,2025-12-31,0
2025-04-30,47680,2025-12-31,1,,,,,,,,,,,,,,,,,,,,,,,,,,,,,,,,,380004240,803041,379201199,false,false,3,2025-01-01,2025-03-31,0
2025-04-30,47680,2024-12-31,1,,,,,,,,,,,,,,,,,,,,,,,,,,,,,,,,,,,379201773,false,false,3,2024-01-01,2024-03-31,-1
2025-08-01,47680,2025-12-31,2,695132000000,0.220,,,,,49173000000,0.266,50099000000,0.257,,34127000000,,90.00,,,,,,729857000000,381680000000,0.517,,377104000000,,,,,,,,,,,,true,false,6,2025-01-01,2025-06-30,0
2025-08-01,47680,2024-12-31,2,569722000000,0.093,,,,,38843000000,0.058,39852000000,0.059,,26930000000,,71.02,,,,,,,,,,,,,,,,,,,,,,true,false,6,2024-01-01,2024-06-30,-1
2025-08-01,47680,2025-12-31,2,1261000000000,0.138,,,,,86200000000,0.159,86600000000,0.141,,58700000000,,154.80,,,,,,,,,,,,,,,,,,,,,,true,true,12,2025-01-01,2025-12-31,0
2025-08-01,47680,2024-12-31,2,,,,,,,,,,,,,,,,,,,,673903000000,375247000000,0.550,,370799000000,,,,,,,,,,,,true,false,12,2024-01-01,2024-12-31,-1
2025-08-01,47680,2024-12-31,2,,,,,,,,,,,,,,,,,,,,,,,,,,,,,80.00,,,,380004240,803041,,false,false,12,2024-01-01,2024-12-31,-1
2025-08-01,47680,2025-12-31,2,,,,,,,,,,,,,,,,,,,,,,,,,,,,,45.00,,,,,,,false,false,12,2025-01-01,2025-12-31,0
2025-08-01,47680,2025-12-31,2,,,,,,,,,,,,,,,,,,,,,,,,,,,,,85.00,,,,,,,false,true,12,2025-01-01,2025-12-31,0
2025-08-01,47680,2025-12-31,2,,,,,,,,,,,,,,,,,,,,,,,,,,,,,,,,,380004240,803041,379201199,false,false,6,2025-01-01,2025-06-30,0
2025-08-01,47680,2024-12-31,2,,,,,,,,,,,,,,,,,,,,,,,,,,,,,,,,,,,379201531,false,false,6,2024-01-01,2024-06-30,-1
