filing_date,code,fiscal_year_end,quarterly_period,net_sales,net_sales_change,revenue,revenue_change,operating_revenue,operating_revenue_change,operating_profit,operating_profit_change,ordinary_profit,ordinary_profit_change,net_income,net_income_of_parent,net_income_change,eps,diluted_eps,roe,roa,operating_profit_to_net_sales,operating_profit_to_revenue,total_assets,net_assets,equity_ratio,bps,owner_equity,operating_cash_flow,investing_cash_flow,financing_cash_flow,cash,dividend_per_share,payout_ratio,commemorative_dividend,extra_dividend,number_of_shares,number_of_treqsury_shares,avg_number_of_shares,is_consolidated,is_forecast,duration,period_start,period_end,period_pos
2015-05-14,47710,2015-03-31,,4724000000,0.057,,,,,720000000,-0.010,724000000,-0.008,469000000,,0.131,32.67,,0.103,0.126,0.152,,5928000000,4720000000,0.796,328.50,4717000000,719000000,-283000000,-236000000,2516000000,,0.245,,,,,,true,false,12,2014-04-01,2015-03-31,0
2015-05-14,47710,2014-03-31,,4470000000,0.111,,,,,727000000,0.441,730000000,0.429,414000000,,0.509,28.89,,0.098,0.137,0.163,,5556000000,4401000000,0.789,305.50,4386000000,765000000,-743000000,-171000000,2317000000,,0.242,,,,,,true,false,12,2013-04-01,2014-03-31,-1
2015-05-14,47710,2016-03-31,,2399000000,0.121,,,,,299000000,0.095,302000000,0.098,,198000000,,13.81,,,,,,,,,,,,,,,,,,,,,,true,true,6,2015-04-01,2015-09-30,1
2015-05-14,47710,2016-03-31,,5379000000,0.139,,,,,793000000,0.101,797000000,0.101,,526000000,,36.64,,,,,,,,,,,,,,,,,,,,,,true,true,12,2015-04-01,2016-03-31,1
2015-05-14,47710,2015-03-31,,4499000000,0.072,,,,,720000000,0.026,724000000,0.028,473000000,,0.200,32.96,,,,,,5874000000,4672000000,0.795,325.14,4669000000,,,,,8.00,,,,15481400,1121398,14360002,false,false,12,2014-04-01,2015-03-31,0
2015-05-14,47710,2014-03-31,,4197000000,0.087,,,,,702000000,0.395,704000000,0.391,394000000,,0.418,27.47,,,,,,5476000000,4337000000,0.792,301.86,4334000000,,,,,7.00,,,,15481400,1121398,14360032,false,false,12,2013-04-01,2014-03-31,-1
2015-05-14,47710,2016-03-31,,,,,,,,,,,,,,,,,,,,,,,,,,,,,,10.00,,,,,,,false,true,12,2015-04-01,2016-03-31,1
2015-07-31,47710,2016-03-31,1,1192000000,0.128,,,,,197000000,0.906,202000000,0.945,,127000000,,8.87,,,,,,5834000000,4789000000,0.821,333.50,4789000000,,,,,,,,,,,,true,false,3,2015-04-01,2015-06-30,0
2015-07-31,47710,2015-03-31,1,1057000000,0.043,,,,,103000000,-0.245,104000000,-0.294,,48000000,,3.38,,,,,,,,,,,,,,,,,,,,,,true,false,3,2014-04-01,2014-06-30,-1
2015-07-31,47710,2016-03-31,1,2399000000,0.121,,,,,299000000,0.095,302000000,0.098,,198000000,,13.81,,,,,,,,,,,,,,,,,,,,,,true,true,6,2015-04-01,2015-09-30,0
2015-07-31,47710,2016-03-31,1,5379000000,0.139,,,,,793000000,0.101,797000000,0.101,,526000000,,36.64,,,,,,,,,,,,,,,,,,,,,,true,true,12,2015-04-01,2016-03-31,0
2015-07-31,47710,2015-03-31,1,,,,,,,,,,,,,,,,,,,,5928000000,4720000000,0.796,328.50,4717000000,,,,,,,,,,,,true,false,12,2014-04-01,2015-03-31,-1
2015-07-31,47710,2015-03-31,1,,,,,,,,,,,,,,,,,,,,,,,,,,,,,8.00,,,,15481400,1121398,,false,false,12,2014-04-01,2015-03-31,-1
2015-07-31,47710,2016-03-31,1,,,,,,,,,,,,,,,,,,,,,,,,,,,,,10.00,,,,,,,false,true,12,2015-04-01,2016-03-31,0
2015-07-31,47710,2016-03-31,1,,,,,,,,,,,,,,,,,,,,,,,,,,,,,,,,,15481400,1121398,14360002,false,false,3,2015-04-01,2015-06-30,0
2015-07-31,47710,2015-03-31,1,,,,,,,,,,,,,,,,,,,,,,,,,,,,,,,,,,,14360002,false,false,3,2014-04-01,2014-06-30,-1
2015-10-29,47710,2016-03-31,,2482000000,0.035,,,,,473000000,0.582,477000000,0.579,,305000000,,21.30,,,,,,,,,,,,,,,,,,,,,,true,true,6,2015-04-01,2015-09-30,0
2015-10-29,47710,2015-03-31,,2141000000,,,,,,273000000,,275000000,,,149000000,,10.38,,,,,,,,,,,,,,,,,,,,,,true,false,6,2014-04-01,2014-09-30,-1
2015-10-29,47710,2016-03-31,,5413000000,0.006,,,,,957000000,0.207,965000000,0.211,,618000000,,43.05,,,,,,,,,,,,,,,,,,,,,,true,true,12,2015-04-01,2016-03-31,0
2015-10-29,47710,2015-03-31,,4724000000,,,,,,720000000,,724000000,,,469000000,,32.67,,,,,,,,,,,,,,,,,,,,,,true,false,12,2014-04-01,2015-03-31,-1
2015-10-30,47710,2016-03-31,2,2482000000,0.159,,,,,473000000,0.733,477000000,0.735,,305000000,,21.30,,,,,,6075000000,4962000000,0.816,345.57,4958000000,,,,,,,,,,,,true,false,6,2015-04-01,2015-09-30,0
2015-10-30,47710,2015-03-31,2,2141000000,0.076,,,,,273000000,0.117,275000000,0.095,,149000000,,10.38,,,,,,,,,,,,,,,,,,,,,,true,false,6,2014-04-01,2014-09-30,-1
2015-10-30,47710,2016-03-31,2,5413000000,0.146,,,,,957000000,0.329,965000000,0.333,,618000000,,43.05,,,,,,,,,,,,,,,,,,,,,,true,true,12,2015-04-01,2016-03-31,0
2015-10-30,47710,2015-03-31,2,,,,,,,,,,,,,,,,,,,,5928000000,4720000000,0.796,328.50,4717000000,,,,,,,,,,,,true,false,12,2014-04-01,2015-03-31,-1
2015-10-30,47710,2015-03-31,2,,,,,,,,,,,,,,,,,,,,,,,,,,,,,8.00,,,,15481400,1121398,,false,false,12,2014-04-01,2015-03-31,-1
2015-10-30,47710,2016-03-31,2,,,,,,,,,,,,,,,,,,,,,,,,,,,,,5.00,,,,,,,false,false,12,2015-04-01,2016-03-31,0
2015-10-30,47710,2016-03-31,2,,,,,,,,,,,,,,,,,,,,,,,,,,,,,10.00,,,,,,,false,true,12,2015-04-01,2016-03-31,0
2015-10-30,47710,2016-03-31,2,,,,,,,,,,,,,,,,,,,,,,,,,,,,,,,,,15481400,1121398,14360002,false,false,6,2015-04-01,2015-09-30,0
2015-10-30,47710,2015-03-31,2,,,,,,,,,,,,,,,,,,,,,,,,,,,,,,,,,,,14360002,false,false,6,2014-04-01,2014-09-30,-1
2016-01-29,47710,2016-03-31,3,3922000000,0.182,,,,,835000000,0.838,844000000,0.843,,545000000,,38.01,,,,,,6328000000,5146000000,0.810,358.42,5129000000,,,,,,,,,,,,true,false,9,2015-04-01,2015-12-31,0
2016-01-29,47710,2015-03-31,3,3317000000,0.074,,,,,454000000,0.119,458000000,0.120,,267000000,,18.59,,,,,,,,,,,,,,,,,,,,,,true,false,9,2014-04-01,2014-12-31,-1
2016-01-29,47710,2016-03-31,3,5413000000,0.146,,,,,957000000,0.329,965000000,0.333,,618000000,,43.05,,,,,,,,,,,,,,,,,,,,,,true,true,12,2015-04-01,2016-03-31,0
2016-01-29,47710,2015-03-31,3,,,,,,,,,,,,,,,,,,,,5928000000,4720000000,0.796,328.50,4717000000,,,,,,,,,,,,true,false,12,2014-04-01,2015-03-31,-1
2016-01-29,47710,2015-03-31,3,,,,,,,,,,,,,,,,,,,,,,,,,,,,,8.00,,,,15481400,1121398,,false,false,12,2014-04-01,2015-03-31,-1
2016-01-29,47710,2016-03-31,3,,,,,,,,,,,,,,,,,,,,,,,,,,,,,5.00,,,,,,,false,false,12,2015-04-01,2016-03-31,0
2016-01-29,47710,2016-03-31,3,,,,,,,,,,,,,,,,,,,,,,,,,,,,,10.00,,,,,,,false,true,12,2015-04-01,2016-03-31,0
2016-01-29,47710,2016-03-31,3,,,,,,,,,,,,,,,,,,,,,,,,,,,,,,,,,15481400,1121445,14359986,false,false,9,2015-04-01,2015-12-31,0
2016-01-29,47710,2015-03-31,3,,,,,,,,,,,,,,,,,,,,,,,,,,,,,,,,,,,14360002,false,false,9,2014-04-01,2014-12-31,-1
,47710,2016-03-31,,,,,,,,,,,,,,,,,,,,,,,,,,,,,,15.00,,,,,,,false,true,12,2015-04-01,2016-03-31,0
,47710,2016-03-31,,,,,,,,,,,,,,,,,,,,,,,,,,,,,,5.00,,,,,,,false,false,12,2015-04-01,2016-03-31,0
,47710,2015-03-31,,,,,,,,,,,,,,,,,,,,,,,,,,,,,,8.00,,,,,,,false,false,12,2014-04-01,2015-03-31,-1
2016-05-13,47710,2016-03-31,,5512000000,0.167,,,,,1031000000,0.431,1053000000,0.454,,712000000,,49.59,49.48,0.142,0.167,0.187,,6693000000,5328000000,0.792,369.02,5299000000,1095000000,-514000000,-209000000,2888000000,,0.302,,,,,,true,false,12,2015-04-01,2016-03-31,0
2016-05-13,47710,2015-03-31,,4724000000,0.057,,,,,720000000,-0.010,724000000,-0.008,,469000000,,32.67,,0.103,0.126,0.152,,5928000000,4720000000,0.796,328.50,4717000000,719000000,-283000000,-236000000,2516000000,,0.245,,,,,,true,false,12,2014-04-01,2015-03-31,-1
2016-05-13,47710,2017-03-31,,2840000000,0.144,,,,,476000000,0.006,487000000,0.021,,334000000,,23.32,,,,,,,,,,,,,,,,,,,,,,true,true,6,2016-04-01,2016-09-30,1
2016-05-13,47710,2017-03-31,,6323000000,0.147,,,,,1069000000,0.037,1092000000,0.037,,750000000,,52.30,,,,,,,,,,,,,,,,0.382,,,,,,true,true,12,2016-04-01,2017-03-31,1
2016-05-13,47710,2016-03-31,,5308000000,0.180,,,,,1026000000,0.425,1047000000,0.447,711000000,,0.503,49.54,49.44,,,,,6676000000,5279000000,0.786,365.62,5250000000,,,,,15.00,,,,15481400,1121445,14359978,false,false,12,2015-04-01,2016-03-31,0
2016-05-13,47710,2015-03-31,,4499000000,0.072,,,,,720000000,0.026,724000000,0.028,473000000,,0.200,32.96,,,,,,5874000000,4672000000,0.795,325.14,4669000000,,,,,8.00,,,,15481400,1121398,14360002,false,false,12,2014-04-01,2015-03-31,-1
2016-05-13,47710,2017-03-31,,,,,,,,,,,,,,,,,,,,,,,,,,,,,,20.00,,,,,,,false,true,12,2016-04-01,2017-03-31,1
2016-07-29,47710,2017-03-31,1,1398000000,0.173,,,,,251000000,0.273,254000000,0.256,,169000000,,11.83,11.73,,,,,6457000000,5366000000,0.824,370.77,5324000000,,,,,,,,,,,,true,false,3,2016-04-01,2016-06-30,0
2016-07-29,47710,2016-03-31,1,1192000000,0.128,,,,,197000000,0.906,202000000,0.945,,127000000,,8.87,,,,,,,,,,,,,,,,,,,,,,true,false,3,2015-04-01,2015-06-30,-1
2016-07-29,47710,2017-03-31,1,2840000000,0.144,,,,,476000000,0.006,487000000,0.021,,334000000,,23.32,,,,,,,,,,,,,,,,,,,,,,true,true,6,2016-04-01,2016-09-30,0
2016-07-29,47710,2017-03-31,1,6323000000,0.147,,,,,1069000000,0.037,1092000000,0.037,,750000000,,52.30,,,,,,,,,,,,,,,,,,,,,,true,true,12,2016-04-01,2017-03-31,0
2016-07-29,47710,2016-03-31,1,,,,,,,,,,,,,,,,,,,,6693000000,5328000000,0.792,369.02,5299000000,,,,,,,,,,,,true,false,12,2015-04-01,2016-03-31,-1
2016-07-29,47710,2016-03-31,1,,,,,,,,,,,,,,,,,,,,,,,,,,,,,15.00,,,,15481400,1121445,,false,false,12,2015-04-01,2016-03-31,-1
2016-07-29,47710,2017-03-31,1,,,,,,,,,,,,,,,,,,,,,,,,,,,,,20.00,,,,,,,false,true,12,2016-04-01,2017-03-31,0
2016-07-29,47710,2017-03-31,1,,,,,,,,,,,,,,,,,,,,,,,,,,,,,,,,,15481400,1121445,14359955,false,false,3,2016-04-01,2016-06-30,0
2016-07-29,47710,2016-03-31,1,,,,,,,,,,,,,,,,,,,,,,,,,,,,,,,,,,,14360002,false,false,3,2015-04-01,2015-06-30,-1
2016-10-31,47710,2017-03-31,2,2832000000,0.141,,,,,588000000,0.243,594000000,0.244,,400000000,,27.88,27.67,,,,,6763000000,5600000000,0.822,387.03,5560000000,,,,,,,,,,,,true,false,6,2016-04-01,2016-09-30,0
2016-10-31,47710,2016-03-31,2,2482000000,0.159,,,,,473000000,0.733,477000000,0.735,,305000000,,21.30,,,,,,,,,,,,,,,,,,,,,,true,false,6,2015-04-01,2015-09-30,-1
2016-10-31,47710,2017-03-31,2,6323000000,0.147,,,,,1069000000,0.037,1092000000,0.037,,750000000,,52.30,,,,,,,,,,,,,,,,,,,,,,true,true,12,2016-04-01,2017-03-31,0
2016-10-31,47710,2016-03-31,2,,,,,,,,,,,,,,,,,,,,6693000000,5328000000,0.792,369.02,5299000000,,,,,,,,,,,,true,false,12,2015-04-01,2016-03-31,-1
2016-10-31,47710,2016-03-31,2,,,,,,,,,,,,,,,,,,,,,,,,,,,,,15.00,,,,15481400,1121445,,false,false,12,2015-04-01,2016-03-31,-1
2016-10-31,47710,2017-03-31,2,,,,,,,,,,,,,,,,,,,,,,,,,,,,,10.00,,,,,,,false,false,12,2016-04-01,2017-03-31,0
2016-10-31,47710,2017-03-31,2,,,,,,,,,,,,,,,,,,,,,,,,,,,,,20.00,,,,,,,false,true,12,2016-04-01,2017-03-31,0
2016-10-31,47710,2017-03-31,2,,,,,,,,,,,,,,,,,,,,,,,,,,,,,,,,,15488100,1121445,14361483,false,false,6,2016-04-01,2016-09-30,0
2016-10-31,47710,2016-03-31,2,,,,,,,,,,,,,,,,,,,,,,,,,,,,,,,,,,,14360002,false,false,6,2015-04-01,2015-09-30,-1
2017-01-31,47710,2017-03-31,3,4412000000,0.125,,,,,964000000,0.155,972000000,0.152,,656000000,,45.72,45.38,,,,,6849000000,5715000000,0.828,394.99,5674000000,,,,,,,,,,,,true,false,9,2016-04-01,2016-12-31,0
2017-01-31,47710,2016-03-31,3,3922000000,0.182,,,,,835000000,0.838,844000000,0.843,,545000000,,38.01,,,,,,,,,,,,,,,,,,,,,,true,false,9,2015-04-01,2015-12-31,-1
2017-01-31,47710,2017-03-31,3,6323000000,0.147,,,,,1069000000,0.037,1092000000,0.037,,750000000,,52.30,,,,,,,,,,,,,,,,,,,,,,true,true,12,2016-04-01,2017-03-31,0
2017-01-31,47710,2016-03-31,3,,,,,,,,,,,,,,,,,,,,6693000000,5328000000,0.792,369.02,5299000000,,,,,,,,,,,,true,false,12,2015-04-01,2016-03-31,-1
2017-01-31,47710,2016-03-31,3,,,,,,,,,,,,,,,,,,,,,,,,,,,,,15.00,,,,15481400,1121445,,false,false,12,2015-04-01,2016-03-31,-1
2017-01-31,47710,2017-03-31,3,,,,,,,,,,,,,,,,,,,,,,,,,,,,,10.00,,,,,,,false,false,12,2016-04-01,2017-03-31,0
2017-01-31,47710,2017-03-31,3,,,,,,,,,,,,,,,,,,,,,,,,,,,,,20.00,,,,,,,false,true,12,2016-04-01,2017-03-31,0
2017-01-31,47710,2017-03-31,3,,,,,,,,,,,,,,,,,,,,,,,,,,,,,,,,,15488100,1121445,14363213,false,false,9,2016-04-01,2016-12-31,0
2017-01-31,47710,2016-03-31,3,,,,,,,,,,,,,,,,,,,,,,,,,,,,,,,,,,,14359986,false,false,9,2015-04-01,2015-12-31,-1
2017-05-12,47710,2017-03-31,,6216000000,0.128,,,,,1223000000,0.186,1236000000,0.173,,862000000,,60.04,59.61,0.154,0.177,0.197,,7290000000,5925000000,0.807,409.58,5885000000,1092000000,-393000000,-360000000,3226000000,,0.333,,,,,,true,false,12,2016-04-01,2017-03-31,0
2017-05-12,47710,2016-03-31,,5512000000,0.167,,,,,1031000000,0.431,1053000000,0.454,,712000000,,49.59,49.48,0.142,0.167,0.187,,6693000000,5328000000,0.792,369.02,5299000000,1095000000,-514000000,-209000000,2888000000,,0.302,,,,,,true,false,12,2015-04-01,2016-03-31,-1
2017-05-12,47710,2018-03-31,,2845000000,0.005,,,,,305000000,-0.481,311000000,-0.476,,216000000,,15.07,,,,,,,,,,,,,,,,,,,,,,true,true,6,2017-04-01,2017-09-30,1
2017-05-12,47710,2018-03-31,,6727000000,0.082,,,,,1083000000,-0.114,1096000000,-0.113,,761000000,,52.97,,,,,,,,,,,,,,,,0.415,,,,,,true,true,12,2017-04-01,2018-03-31,1
2017-05-12,47710,2017-03-31,,6105000000,0.150,,,,,1230000000,0.199,1242000000,0.186,874000000,,0.229,60.89,60.45,,,,,7328000000,5888000000,0.798,407.03,5849000000,,,,,20.00,,,,15492100,1121492,14364481,false,false,12,2016-04-01,2017-03-31,0
2017-05-12,47710,2016-03-31,,5308000000,0.180,,,,,1026000000,0.425,1047000000,0.447,711000000,,0.503,49.54,49.44,,,,,6676000000,5279000000,0.786,365.62,5250000000,,,,,15.00,,,,15481400,1121445,14359978,false,false,12,2015-04-01,2016-03-31,-1
2017-05-12,47710,2018-03-31,,,,,,,,,,,,,,,,,,,,,,,,,,,,,,22.00,,,,,,,false,true,12,2017-04-01,2018-03-31,1
2017-07-31,47710,2018-03-31,1,1397000000,-0.001,,,,,160000000,-0.362,165000000,-0.351,,105000000,,7.33,7.27,,,,,6914000000,5898000000,0.848,,5860000000,,,,,,,,,,,,true,false,3,2017-04-01,2017-06-30,0
2017-07-31,47710,2017-03-31,1,1398000000,0.173,,,,,251000000,0.273,254000000,0.256,,169000000,,11.83,11.73,,,,,,,,,,,,,,,,,,,,,true,false,3,2016-04-01,2016-06-30,-1
2017-07-31,47710,2018-03-31,1,2845000000,0.005,,,,,305000000,-0.481,311000000,-0.476,,216000000,,15.07,,,,,,,,,,,,,,,,,,,,,,true,true,6,2017-04-01,2017-09-30,0
2017-07-31,47710,2018-03-31,1,6727000000,0.082,,,,,1083000000,-0.114,1096000000,-0.113,,761000000,,52.97,,,,,,,,,,,,,,,,,,,,,,true,true,12,2017-04-01,2018-03-31,0
2017-07-31,47710,2017-03-31,1,,,,,,,,,,,,,,,,,,,,7290000000,5925000000,0.807,,5885000000,,,,,,,,,,,,true,false,12,2016-04-01,2017-03-31,-1
2017-07-31,47710,2017-03-31,1,,,,,,,,,,,,,,,,,,,,,,,,,,,,,20.00,,,,15492100,1121492,,false,false,12,2016-04-01,2017-03-31,-1
2017-07-31,47710,2018-03-31,1,,,,,,,,,,,,,,,,,,,,,,,,,,,,,22.00,,,,,,,false,true,12,2017-04-01,2018-03-31,0
2017-07-31,47710,2018-03-31,1,,,,,,,,,,,,,,,,,,,,,,,,,,,,,,,,,15501100,1121492,14374355,false,false,3,2017-04-01,2017-06-30,0
2017-07-31,47710,2017-03-31,1,,,,,,,,,,,,,,,,,,,,,,,,,,,,,,,,,,,14359955,false,false,3,2016-04-01,2016-06-30,-1
2017-10-30,47710,2018-03-31,,2854000000,0.003,,,,,412000000,0.351,421000000,0.354,,280000000,,19.52,,,,,,,,,,,,,,,,,,,,,,true,true,6,2017-04-01,2017-09-30,0
2017-10-30,47710,2017-03-31,,2832000000,,,,,,588000000,,594000000,,,400000000,,27.88,,,,,,,,,,,,,,,,,,,,,,true,false,6,2016-04-01,2016-09-30,-1
2017-10-31,47710,2018-03-31,2,2854000000,0.008,,,,,409000000,-0.305,417000000,-0.298,,280000000,,19.52,19.37,,,,,7214000000,6082000000,0.838,,6045000000,,,,,,,,,,,,true,false,6,2017-04-01,2017-09-30,0
2017-10-31,47710,2017-03-31,2,2832000000,0.141,,,,,588000000,0.243,594000000,0.244,,400000000,,27.88,27.67,,,,,,,,,,,,,,,,,,,,,true,false,6,2016-04-01,2016-09-30,-1
2017-10-31,47710,2018-03-31,2,6727000000,0.082,,,,,1083000000,-0.114,1096000000,-0.113,,761000000,,52.97,,,,,,,,,,,,,,,,,,,,,,true,true,12,2017-04-01,2018-03-31,0
2017-10-31,47710,2017-03-31,2,,,,,,,,,,,,,,,,,,,,7290000000,5925000000,0.807,,5885000000,,,,,,,,,,,,true,false,12,2016-04-01,2017-03-31,-1
2017-10-31,47710,2017-03-31,2,,,,,,,,,,,,,,,,,,,,,,,,,,,,,20.00,,,,15492100,1121492,,false,false,12,2016-04-01,2017-03-31,-1
2017-10-31,47710,2018-03-31,2,,,,,,,,,,,,,,,,,,,,,,,,,,,,,11.00,,,,,,,false,false,12,2017-04-01,2018-03-31,0
2017-10-31,47710,2018-03-31,2,,,,,,,,,,,,,,,,,,,,,,,,,,,,,22.00,,,,,,,false,true,12,2017-04-01,2018-03-31,0
2017-10-31,47710,2018-03-31,2,,,,,,,,,,,,,,,,,,,,,,,,,,,,,,,,,15509100,1121492,14378859,false,false,6,2017-04-01,2017-09-30,0
2017-10-31,47710,2017-03-31,2,,,,,,,,,,,,,,,,,,,,,,,,,,,,,,,,,,,14361483,false,false,6,2016-04-01,2016-09-30,-1
2018-01-31,47710,2018-03-31,3,4602000000,0.043,,,,,880000000,-0.087,891000000,-0.083,,603000000,,41.98,41.66,,,,,7558000000,6273000000,0.825,,6238000000,,,,,,,,,,,,true,false,9,2017-04-01,2017-12-31,0
2018-01-31,47710,2017-03-31,3,4412000000,0.125,,,,,964000000,0.155,972000000,0.152,,656000000,,45.72,45.38,,,,,,,,,,,,,,,,,,,,,true,false,9,2016-04-01,2016-12-31,-1
2018-01-31,47710,2018-03-31,3,6727000000,0.082,,,,,1083000000,-0.114,1096000000,-0.113,,761000000,,52.97,,,,,,,,,,,,,,,,,,,,,,true,true,12,2017-04-01,2018-03-31,0
2018-01-31,47710,2017-03-31,3,,,,,,,,,,,,,,,,,,,,7290000000,5925000000,0.807,,5885000000,,,,,,,,,,,,true,false,12,2016-04-01,2017-03-31,-1
2018-01-31,47710,2017-03-31,3,,,,,,,,,,,,,,,,,,,,,,,,,,,,,20.00,,,,15492100,1121492,,false,false,12,2016-04-01,2017-03-31,-1
2018-01-31,47710,2018-03-31,3,,,,,,,,,,,,,,,,,,,,,,,,,,,,,11.00,,,,,,,false,false,12,2017-04-01,2018-03-31,0
2018-01-31,47710,2018-03-31,3,,,,,,,,,,,,,,,,,,,,,,,,,,,,,22.00,,,,,,,false,true,12,2017-04-01,2018-03-31,0
2018-01-31,47710,2018-03-31,3,,,,,,,,,,,,,,,,,,,,,,,,,,,,,,,,,15517100,1121492,14382378,false,false,9,2017-04-01,2017-12-31,0
2018-01-31,47710,2017-03-31,3,,,,,,,,,,,,,,,,,,,,,,,,,,,,,,,,,,,14363213,false,false,9,2016-04-01,2016-12-31,-1
2018-05-14,47710,2018-03-31,,6394000000,0.029,,,,,1148000000,-0.061,1163000000,-0.059,,822000000,,57.19,56.75,0.133,0.152,0.180,,7974000000,6504000000,0.811,449.27,6469000000,1094000000,-706000000,-191000000,3423000000,,0.385,,,,,,true,false,12,2017-04-01,2018-03-31,0
2018-05-14,47710,2017-03-31,,6216000000,0.128,,,,,1223000000,0.186,1236000000,0.173,,862000000,,60.04,59.61,0.154,0.177,0.197,,7290000000,5925000000,0.807,409.58,5885000000,1092000000,-393000000,-360000000,3226000000,,0.333,,,,,,true,false,12,2016-04-01,2017-03-31,-1
2018-05-14,47710,2019-03-31,,3103000000,0.087,,,,,514000000,0.257,521000000,0.249,,362000000,,25.14,,,,,,,,,,,,,,,,,,,,,,true,true,6,2018-04-01,2018-09-30,1
2018-05-14,47710,2019-03-31,,6983000000,0.092,,,,,1224000000,0.066,1240000000,0.066,,860000000,,59.74,,,,,,,,,,,,,,,,0.402,,,,,,true,true,12,2018-04-01,2019-03-31,1
2018-05-14,47710,2018-03-31,,6284000000,0.029,,,,,1167000000,-0.051,1182000000,-0.049,839000000,,-0.040,58.37,57.92,,,,,8010000000,6484000000,0.805,447.90,6450000000,,,,,22.00,,,,15521100,1121492,14385821,false,false,12,2017-04-01,2018-03-31,0
2018-05-14,47710,2017-03-31,,6105000000,0.150,,,,,1230000000,0.199,1242000000,0.186,874000000,,0.229,60.89,60.45,,,,,7328000000,5888000000,0.798,407.03,5849000000,,,,,20.00,,,,15492100,1121492,14364481,false,false,12,2016-04-01,2017-03-31,-1
2018-05-14,47710,2019-03-31,,,,,,,,,,,,,,,,,,,,,,,,,,,,,,24.00,,,,,,,false,true,12,2018-04-01,2019-03-31,1
2018-07-31,47710,2019-03-31,1,1517000000,0.086,,,,,227000000,0.418,232000000,0.406,,153000000,,10.69,10.60,,,,,7718000000,6496000000,0.837,,6463000000,,,,,,,,,,,,true,false,3,2018-04-01,2018-06-30,0
2018-07-31,47710,2018-03-31,1,1397000000,-0.001,,,,,160000000,-0.362,165000000,-0.351,,105000000,,7.33,7.27,,,,,,,,,,,,,,,,,,,,,true,false,3,2017-04-01,2017-06-30,-1
2018-07-31,47710,2019-03-31,1,3103000000,0.087,,,,,514000000,0.257,521000000,0.249,,362000000,,25.14,,,,,,,,,,,,,,,,,,,,,,true,true,6,2018-04-01,2018-09-30,0
2018-07-31,47710,2019-03-31,1,6983000000,0.092,,,,,1224000000,0.066,1240000000,0.066,,860000000,,59.74,,,,,,,,,,,,,,,,,,,,,,true,true,12,2018-04-01,2019-03-31,0
2018-07-31,47710,2018-03-31,1,,,,,,,,,,,,,,,,,,,,7974000000,6504000000,0.811,,6469000000,,,,,,,,,,,,true,false,12,2017-04-01,2018-03-31,-1
2018-07-31,47710,2018-03-31,1,,,,,,,,,,,,,,,,,,,,,,,,,,,,,22.00,,,,15521100,1121492,,false,false,12,2017-04-01,2018-03-31,-1
2018-07-31,47710,2019-03-31,1,,,,,,,,,,,,,,,,,,,,,,,,,,,,,24.00,,,,,,,false,true,12,2018-04-01,2019-03-31,0
2018-07-31,47710,2019-03-31,1,,,,,,,,,,,,,,,,,,,,,,,,,,,,,,,,,15531100,1121492,14408134,false,false,3,2018-04-01,2018-06-30,0
2018-07-31,47710,2018-03-31,1,,,,,,,,,,,,,,,,,,,,,,,,,,,,,,,,,,,14374355,false,false,3,2017-04-01,2017-06-30,-1
2018-10-31,47710,2019-03-31,2,3125000000,0.095,,,,,587000000,0.437,595000000,0.428,,408000000,,28.35,28.15,,,,,8134000000,6768000000,0.828,,6736000000,,,,,,,,,,,,true,false,6,2018-04-01,2018-09-30,0
2018-10-31,47710,2018-03-31,2,2854000000,0.008,,,,,409000000,-0.305,417000000,-0.298,,280000000,,19.52,19.37,,,,,,,,,,,,,,,,,,,,,true,false,6,2017-04-01,2017-09-30,-1
2018-10-31,47710,2019-03-31,2,6983000000,0.092,,,,,1224000000,0.066,1240000000,0.066,,860000000,,59.74,,,,,,,,,,,,,,,,,,,,,,true,true,12,2018-04-01,2019-03-31,0
2018-10-31,47710,2018-03-31,2,,,,,,,,,,,,,,,,,,,,7973000000,6504000000,0.811,,6469000000,,,,,,,,,,,,true,false,12,2017-04-01,2018-03-31,-1
2018-10-31,47710,2018-03-31,2,,,,,,,,,,,,,,,,,,,,,,,,,,,,,22.00,,,,15521100,1121492,,false,false,12,2017-04-01,2018-03-31,-1
2018-10-31,47710,2019-03-31,2,,,,,,,,,,,,,,,,,,,,,,,,,,,,,12.00,,,,,,,false,false,12,2018-04-01,2019-03-31,0
2018-10-31,47710,2019-03-31,2,,,,,,,,,,,,,,,,,,,,,,,,,,,,,24.00,,,,,,,false,true,12,2018-04-01,2019-03-31,0
2018-10-31,47710,2019-03-31,2,,,,,,,,,,,,,,,,,,,,,,,,,,,,,,,,,15533100,1121492,14407006,false,false,6,2018-04-01,2018-09-30,0
2018-10-31,47710,2018-03-31,2,,,,,,,,,,,,,,,,,,,,,,,,,,,,,,,,,,,14378859,false,false,6,2017-04-01,2017-09-30,-1
2019-01-31,47710,2019-03-31,3,5043000000,0.096,,,,,1099000000,0.248,1110000000,0.245,,763000000,,52.96,52.59,,,,,8345000000,6950000000,0.829,,6918000000,,,,,,,,,,,,true,false,9,2018-04-01,2018-12-31,0
2019-01-31,47710,2018-03-31,3,4602000000,0.043,,,,,880000000,-0.087,891000000,-0.083,,603000000,,41.98,41.66,,,,,,,,,,,,,,,,,,,,,true,false,9,2017-04-01,2017-12-31,-1
2019-01-31,47710,2019-03-31,3,6983000000,0.092,,,,,1224000000,0.066,1240000000,0.066,,860000000,,59.74,,,,,,,,,,,,,,,,,,,,,,true,true,12,2018-04-01,2019-03-31,0
2019-01-31,47710,2018-03-31,3,,,,,,,,,,,,,,,,,,,,7973000000,6504000000,0.811,,6469000000,,,,,,,,,,,,true,false,12,2017-04-01,2018-03-31,-1
2019-01-31,47710,2018-03-31,3,,,,,,,,,,,,,,,,,,,,,,,,,,,,,22.00,,,,15521100,1121492,,false,false,12,2017-04-01,2018-03-31,-1
2019-01-31,47710,2019-03-31,3,,,,,,,,,,,,,,,,,,,,,,,,,,,,,12.00,,,,,,,false,false,12,2018-04-01,2019-03-31,0
2019-01-31,47710,2019-03-31,3,,,,,,,,,,,,,,,,,,,,,,,,,,,,,24.00,,,,,,,false,true,12,2018-04-01,2019-03-31,0
2019-01-31,47710,2019-03-31,3,,,,,,,,,,,,,,,,,,,,,,,,,,,,,,,,,15537100,1121492,14409011,false,false,9,2018-04-01,2018-12-31,0
2019-01-31,47710,2018-03-31,3,,,,,,,,,,,,,,,,,,,,,,,,,,,,,,,,,,,14382378,false,false,9,2017-04-01,2017-12-31,-1
2019-05-14,47710,2019-03-31,,7119000000,0.113,,,,,1404000000,0.224,1419000000,0.221,,1010000000,,70.14,69.67,0.148,0.168,0.197,,8919000000,7202000000,0.804,497.18,7172000000,1489000000,-289000000,-367000000,4256000000,,0.342,,,,,,true,false,12,2018-04-01,2019-03-31,0
2019-05-14,47710,2018-03-31,,6394000000,0.029,,,,,1148000000,-0.061,1163000000,-0.059,,822000000,,57.19,56.75,0.133,0.152,0.180,,7973000000,6504000000,0.811,449.27,6469000000,1094000000,-706000000,-191000000,3423000000,,0.385,,,,,,true,false,12,2017-04-01,2018-03-31,-1
2019-05-14,47710,2020-03-31,,3456000000,0.106,,,,,199000000,-0.660,207000000,-0.652,,143000000,,9.97,,,,,,,,,,,,,,,,,,,,,,true,true,6,2019-04-01,2019-09-30,1
2019-05-14,47710,2020-03-31,,7894000000,0.109,,,,,1004000000,-0.285,1020000000,-0.282,,707000000,,49.03,,,,,,,,,,,,,,,,0.551,,,,,,true,true,12,2019-04-01,2020-03-31,1
2019-05-14,47710,2019-03-31,,7029000000,0.118,,,,,1430000000,0.226,1445000000,0.223,1019000000,,0.215,70.76,70.28,,,,,8943000000,7191000000,0.801,496.44,7161000000,,,,,24.00,,,,15547100,1121492,14411890,false,false,12,2018-04-01,2019-03-31,0
2019-05-14,47710,2018-03-31,,6284000000,0.029,,,,,1167000000,-0.051,1182000000,-0.049,839000000,,-0.040,58.37,57.92,,,,,8009000000,6484000000,0.805,447.90,6450000000,,,,,22.00,,,,15521100,1121492,14385821,false,false,12,2017-04-01,2018-03-31,-1
2019-05-14,47710,2020-03-31,,,,,,,,,,,,,,,,,,,,,,,,,,,,,,27.00,,,,,,,false,true,12,2019-04-01,2020-03-31,1
2019-07-31,47710,2020-03-31,1,1587000000,0.046,,,,,194000000,-0.145,198000000,-0.145,,127000000,,8.86,8.81,,,,,8372000000,7138000000,0.849,,7108000000,,,,,,,,,,,,true,false,3,2019-04-01,2019-06-30,0
2019-07-31,47710,2019-03-31,1,1517000000,0.086,,,,,227000000,0.418,232000000,0.406,,153000000,,10.69,10.60,,,,,,,,,,,,,,,,,,,,,true,false,3,2018-04-01,2018-06-30,-1
2019-07-31,47710,2020-03-31,1,3456000000,0.106,,,,,199000000,-0.660,207000000,-0.652,,143000000,,9.97,,,,,,,,,,,,,,,,,,,,,,true,true,6,2019-04-01,2019-09-30,0
2019-07-31,47710,2020-03-31,1,7894000000,0.109,,,,,1004000000,-0.285,1020000000,-0.282,,707000000,,49.03,,,,,,,,,,,,,,,,,,,,,,true,true,12,2019-04-01,2020-03-31,0
2019-07-31,47710,2019-03-31,1,,,,,,,,,,,,,,,,,,,,8919000000,7202000000,0.804,,7172000000,,,,,,,,,,,,true,false,12,2018-04-01,2019-03-31,-1
2019-07-31,47710,2019-03-31,1,,,,,,,,,,,,,,,,,,,,,,,,,,,,,24.00,,,,15547100,1121492,,false,false,12,2018-04-01,2019-03-31,-1
2019-07-31,47710,2020-03-31,1,,,,,,,,,,,,,,,,,,,,,,,,,,,,,27.00,,,,,,,false,true,12,2019-04-01,2020-03-31,0
2019-07-31,47710,2020-03-31,1,,,,,,,,,,,,,,,,,,,,,,,,,,,,,,,,,15551100,1121492,14426981,false,false,3,2019-04-01,2019-06-30,0
2019-07-31,47710,2019-03-31,1,,,,,,,,,,,,,,,,,,,,,,,,,,,,,,,,,,,14408134,false,false,3,2018-04-01,2018-06-30,-1
2019-10-31,47710,2020-03-31,2,3297000000,0.055,,,,,196000000,-0.666,203000000,-0.658,,133000000,,9.28,9.22,,,,,8731000000,7164000000,0.817,,7135000000,,,,,,,,,,,,true,false,6,2019-04-01,2019-09-30,0
2019-10-31,47710,2019-03-31,2,3125000000,0.095,,,,,587000000,0.437,595000000,0.428,,408000000,,28.35,28.15,,,,,,,,,,,,,,,,,,,,,true,false,6,2018-04-01,2018-09-30,-1
2019-10-31,47710,2020-03-31,2,7894000000,0.109,,,,,1004000000,-0.285,1020000000,-0.282,,707000000,,49.03,,,,,,,,,,,,,,,,,,,,,,true,true,12,2019-04-01,2020-03-31,0
2019-10-31,47710,2019-03-31,2,,,,,,,,,,,,,,,,,,,,8919000000,7202000000,0.804,,7172000000,,,,,,,,,,,,true,false,12,2018-04-01,2019-03-31,-1
2019-10-31,47710,2019-03-31,2,,,,,,,,,,,,,,,,,,,,,,,,,,,,,24.00,,,,15547100,1121492,,false,false,12,2018-04-01,2019-03-31,-1
2019-10-31,47710,2020-03-31,2,,,,,,,,,,,,,,,,,,,,,,,,,,,,,13.00,,,,,,,false,false,12,2019-04-01,2020-03-31,0
2019-10-31,47710,2020-03-31,2,,,,,,,,,,,,,,,,,,,,,,,,,,,,,27.00,,,,,,,false,true,12,2019-04-01,2020-03-31,0
2019-10-31,47710,2020-03-31,2,,,,,,,,,,,,,,,,,,,,,,,,,,,,,,,,,15556400,1121492,14428544,false,false,6,2019-04-01,2019-09-30,0
2019-10-31,47710,2019-03-31,2,,,,,,,,,,,,,,,,,,,,,,,,,,,,,,,,,,,14407006,false,false,6,2018-04-01,2018-09-30,-1
2020-01-31,47710,2020-03-31,3,5359000000,0.063,,,,,566000000,-0.484,578000000,-0.480,,391000000,,27.13,26.95,,,,,8606000000,7245000000,0.839,,7217000000,,,,,,,,,,,,true,false,9,2019-04-01,2019-12-31,0
2020-01-31,47710,2019-03-31,3,5043000000,0.096,,,,,1099000000,0.248,1110000000,0.245,,763000000,,52.96,52.59,,,,,,,,,,,,,,,,,,,,,true,false,9,2018-04-01,2018-12-31,-1
2020-01-31,47710,2020-03-31,3,7894000000,0.109,,,,,1004000000,-0.285,1020000000,-0.282,,707000000,,49.03,,,,,,,,,,,,,,,,,,,,,,true,true,12,2019-04-01,2020-03-31,0
2020-01-31,47710,2019-03-31,3,,,,,,,,,,,,,,,,,,,,8919000000,7202000000,0.804,,7172000000,,,,,,,,,,,,true,false,12,2018-04-01,2019-03-31,-1
2020-01-31,47710,2019-03-31,3,,,,,,,,,,,,,,,,,,,,,,,,,,,,,24.00,,,,15547100,1121492,,false,false,12,2018-04-01,2019-03-31,-1
2020-01-31,47710,2020-03-31,3,,,,,,,,,,,,,,,,,,,,,,,,,,,,,13.00,,,,,,,false,false,12,2019-04-01,2020-03-31,0
2020-01-31,47710,2020-03-31,3,,,,,,,,,,,,,,,,,,,,,,,,,,,,,27.00,,,,,,,false,true,12,2019-04-01,2020-03-31,0
2020-01-31,47710,2020-03-31,3,,,,,,,,,,,,,,,,,,,,,,,,,,,,,,,,,15557400,1121492,14430789,false,false,9,2019-04-01,2019-12-31,0
2020-01-31,47710,2019-03-31,3,,,,,,,,,,,,,,,,,,,,,,,,,,,,,,,,,,,14409011,false,false,9,2018-04-01,2018-12-31,-1
2020-05-14,47710,2020-03-31,,7563000000,0.062,,,,,951000000,-0.322,966000000,-0.319,,664000000,,46.02,45.72,0.091,0.108,0.126,,8927000000,7492000000,0.836,517.04,7464000000,593000000,-912000000,-404000000,3532000000,,0.587,,,,,,true,false,12,2019-04-01,2020-03-31,0
2020-05-14,47710,2019-03-31,,7119000000,0.113,,,,,1404000000,0.224,1419000000,0.221,,1010000000,,70.14,69.67,0.148,0.168,0.197,,8919000000,7202000000,0.804,497.18,7172000000,1489000000,-289000000,-367000000,4256000000,,0.342,,,,,,true,false,12,2018-04-01,2019-03-31,-1
2020-05-14,47710,2021-03-31,,3477000000,0.055,,,,,58000000,-0.701,66000000,-0.675,,44000000,,3.07,,,,,,,,,,,,,,,,,,,,,,true,true,6,2020-04-01,2020-09-30,1
2020-05-14,47710,2021-03-31,,8141000000,0.076,,,,,911000000,-0.043,926000000,-0.042,,639000000,,44.28,,,,,,,,,,,,,,,,0.632,,,,,,true,true,12,2020-04-01,2021-03-31,1
2020-05-14,47710,2020-03-31,,7460000000,0.061,,,,,978000000,-0.316,993000000,-0.313,680000000,,-0.333,47.16,46.85,,,,,9059000000,7498000000,0.825,517.43,7470000000,,,,,27.00,,,,15559400,1121542,14432152,false,false,12,2019-04-01,2020-03-31,0
2020-05-14,47710,2019-03-31,,7029000000,0.118,,,,,1430000000,0.226,1445000000,0.223,1019000000,,0.215,70.76,70.28,,,,,8943000000,7191000000,0.801,496.44,7161000000,,,,,24.00,,,,15547100,1121492,14411890,false,false,12,2018-04-01,2019-03-31,-1
2020-05-14,47710,2021-03-31,,,,,,,,,,,,,,,,,,,,,,,,,,,,,,28.00,,,,,,,false,true,12,2020-04-01,2021-03-31,1
2020-07-31,47710,2021-03-31,1,1645000000,0.037,,,,,225000000,0.161,229000000,0.157,,155000000,,10.76,10.70,,,,,8705000000,7456000000,0.853,,7429000000,,,,,,,,,,,,true,false,3,2020-04-01,2020-06-30,0
2020-07-31,47710,2020-03-31,1,1587000000,0.046,,,,,194000000,-0.145,198000000,-0.145,,127000000,,8.86,8.81,,,,,,,,,,,,,,,,,,,,,true,false,3,2019-04-01,2019-06-30,-1
2020-07-31,47710,2021-03-31,1,3477000000,0.055,,,,,58000000,-0.701,66000000,-0.675,,44000000,,3.07,,,,,,,,,,,,,,,,,,,,,,true,true,6,2020-04-01,2020-09-30,0
2020-07-31,47710,2021-03-31,1,8141000000,0.076,,,,,911000000,-0.043,926000000,-0.042,,639000000,,44.28,,,,,,,,,,,,,,,,,,,,,,true,true,12,2020-04-01,2021-03-31,0
2020-07-31,47710,2020-03-31,1,,,,,,,,,,,,,,,,,,,,8927000000,7492000000,0.836,,7464000000,,,,,,,,,,,,true,false,12,2019-04-01,2020-03-31,-1
2020-07-31,47710,2020-03-31,1,,,,,,,,,,,,,,,,,,,,,,,,,,,,,27.00,,,,15559400,1121542,,false,false,12,2019-04-01,2020-03-31,-1
2020-07-31,47710,2021-03-31,1,,,,,,,,,,,,,,,,,,,,,,,,,,,,,28.00,,,,,,,false,true,12,2020-04-01,2021-03-31,0
2020-07-31,47710,2021-03-31,1,,,,,,,,,,,,,,,,,,,,,,,,,,,,,,,,,15564400,1121542,14440594,false,false,3,2020-04-01,2020-06-30,0
2020-07-31,47710,2020-03-31,1,,,,,,,,,,,,,,,,,,,,,,,,,,,,,,,,,,,14426981,false,false,3,2019-04-01,2019-06-30,-1
2020-10-29,47710,2021-03-31,,3458000000,-0.005,,,,,446000000,6.690,454000000,5.879,,309000000,,21.45,,,,,,,,,,,,,,,,,,,,,,true,true,6,2020-04-01,2020-09-30,0
2020-10-29,47710,2020-03-31,,3297000000,,,,,,196000000,,203000000,,,133000000,,9.28,,,,,,,,,,,,,,,,,,,,,,true,false,6,2019-04-01,2019-09-30,-1
2020-10-29,47710,2021-03-31,,8141000000,,,,,,1140000000,0.251,1155000000,0.247,,794000000,,54.96,,,,,,,,,,,,,,,,,,,,,,true,true,12,2020-04-01,2021-03-31,0
2020-10-29,47710,2020-03-31,,7563000000,,,,,,951000000,,966000000,,,664000000,,46.02,,,,,,,,,,,,,,,,,,,,,,true,false,12,2019-04-01,2020-03-31,-1
2020-10-30,47710,2021-03-31,2,3458000000,0.049,,,,,446000000,1.276,454000000,1.230,,309000000,,21.45,21.32,,,,,9123000000,7635000000,0.834,,7610000000,,,,,,,,,,,,true,false,6,2020-04-01,2020-09-30,0
2020-10-30,47710,2020-03-31,2,3297000000,0.055,,,,,196000000,-0.666,203000000,-0.658,,133000000,,9.28,9.22,,,,,,,,,,,,,,,,,,,,,true,false,6,2019-04-01,2019-09-30,-1
2020-10-30,47710,2021-03-31,2,8141000000,0.076,,,,,1140000000,0.198,1155000000,0.195,,794000000,,54.93,,,,,,,,,,,,,,,,,,,,,,true,true,12,2020-04-01,2021-03-31,0
2020-10-30,47710,2020-03-31,2,,,,,,,,,,,,,,,,,,,,8927000000,7492000000,0.836,,7464000000,,,,,,,,,,,,true,false,12,2019-04-01,2020-03-31,-1
2020-10-30,47710,2020-03-31,2,,,,,,,,,,,,,,,,,,,,,,,,,,,,,27.00,,,,15559400,1121542,,false,false,12,2019-04-01,2020-03-31,-1
2020-10-30,47710,2021-03-31,2,,,,,,,,,,,,,,,,,,,,,,,,,,,,,14.00,,,,,,,false,false,12,2020-04-01,2021-03-31,0
2020-10-30,47710,2021-03-31,2,,,,,,,,,,,,,,,,,,,,,,,,,,,,,28.00,,,,,,,false,true,12,2020-04-01,2021-03-31,0
2020-10-30,47710,2021-03-31,2,,,,,,,,,,,,,,,,,,,,,,,,,,,,,,,,,15578100,1121599,14443219,false,false,6,2020-04-01,2020-09-30,0
2020-10-30,47710,2020-03-31,2,,,,,,,,,,,,,,,,,,,,,,,,,,,,,,,,,,,14428544,false,false,6,2019-04-01,2019-09-30,-1
2021-01-29,47710,2021-03-31,3,5818000000,0.086,,,,,897000000,0.583,912000000,0.578,,605000000,,41.93,41.67,,,,,9561000000,7730000000,0.806,,7710000000,,,,,,,,,,,,true,false,9,2020-04-01,2020-12-31,0
2021-01-29,47710,2020-03-31,3,5359000000,0.063,,,,,566000000,-0.484,578000000,-0.480,,391000000,,27.13,26.95,,,,,,,,,,,,,,,,,,,,,true,false,9,2019-04-01,2019-12-31,-1
2021-01-29,47710,2021-03-31,3,8141000000,0.076,,,,,1140000000,0.198,1155000000,0.195,,794000000,,54.96,,,,,,,,,,,,,,,,,,,,,,true,true,12,2020-04-01,2021-03-31,0
2021-01-29,47710,2020-03-31,3,,,,,,,,,,,,,,,,,,,,8927000000,7492000000,0.836,,7464000000,,,,,,,,,,,,true,false,12,2019-04-01,2020-03-31,-1
2021-01-29,47710,2020-03-31,3,,,,,,,,,,,,,,,,,,,,,,,,,,,,,27.00,,,,15559400,1121542,,false,false,12,2019-04-01,2020-03-31,-1
2021-01-29,47710,2021-03-31,3,,,,,,,,,,,,,,,,,,,,,,,,,,,,,14.00,,,,,,,false,false,12,2020-04-01,2021-03-31,0
2021-01-29,47710,2021-03-31,3,,,,,,,,,,,,,,,,,,,,,,,,,,,,,28.00,,,,,,,false,true,12,2020-04-01,2021-03-31,0
2021-01-29,47710,2021-03-31,3,,,,,,,,,,,,,,,,,,,,,,,,,,,,,,,,,15602100,1121664,14449698,false,false,9,2020-04-01,2020-12-31,0
2021-01-29,47710,2020-03-31,3,,,,,,,,,,,,,,,,,,,,,,,,,,,,,,,,,,,14430789,false,false,9,2019-04-01,2019-12-31,-1
2021-05-14,47710,2021-03-31,,8164000000,0.080,,,,,1219000000,0.281,1237000000,0.280,,843000000,,58.33,57.98,0.109,0.133,0.149,,9743000000,7980000000,0.817,549.13,7963000000,1708000000,-1313000000,-421000000,3506000000,,0.480,,,,,,true,false,12,2020-04-01,2021-03-31,0
2021-05-14,47710,2020-03-31,,7563000000,0.062,,,,,951000000,-0.322,966000000,-0.319,,664000000,,46.02,45.72,0.091,0.108,0.126,,8927000000,7492000000,0.836,517.04,7464000000,593000000,-912000000,-404000000,3532000000,,0.587,,,,,,true,false,12,2019-04-01,2020-03-31,-1
2021-05-14,47710,2022-03-31,,4039000000,0.168,,,,,67000000,-0.850,76000000,-0.832,,51000000,,3.56,,,,,,,,,,,,,,,,,,,,,,true,true,6,2021-04-01,2021-09-30,1
2021-05-14,47710,2022-03-31,,9969000000,0.221,,,,,1123000000,-0.079,1141000000,-0.077,,789000000,,54.45,,,,,,,,,,,,,,,,0.551,,,,,,true,true,12,2021-04-01,2022-03-31,1
2021-05-14,47710,2021-03-31,,8063000000,0.081,,,,,1247000000,0.274,1264000000,0.273,894000000,,0.313,61.83,61.72,,,,,9833000000,8036000000,0.816,553.01,8019000000,,,,,28.00,,,,15623100,1121664,14458941,false,false,12,2020-04-01,2021-03-31,0
2021-05-14,47710,2020-03-31,,7460000000,0.061,,,,,978000000,-0.316,993000000,-0.313,680000000,,-0.333,47.16,46.85,,,,,9059000000,7498000000,0.825,517.43,7470000000,,,,,27.00,,,,15559400,1121542,14432152,false,false,12,2019-04-01,2020-03-31,-1
2021-05-14,47710,2022-03-31,,,,,,,,,,,,,,,,,,,,,,,,,,,,,,30.00,,,,,,,false,true,12,2021-04-01,2022-03-31,1
2021-07-30,47710,2022-03-31,1,2098000000,0.275,,,,,263000000,0.168,268000000,0.170,,166000000,,11.44,11.40,,,,,9506000000,7986000000,0.840,,7986000000,,,,,,,,,,,,true,false,3,2021-04-01,2021-06-30,0
2021-07-30,47710,2021-03-31,1,1645000000,0.037,,,,,225000000,0.161,229000000,0.157,,155000000,,10.76,10.70,,,,,,,,,,,,,,,,,,,,,true,false,3,2020-04-01,2020-06-30,-1
2021-07-30,47710,2022-03-31,1,4039000000,0.168,,,,,67000000,-0.850,76000000,-0.832,,51000000,,3.56,,,,,,,,,,,,,,,,,,,,,,true,true,6,2021-04-01,2021-09-30,0
2021-07-30,47710,2022-03-31,1,9969000000,0.221,,,,,1123000000,-0.079,1141000000,-0.077,,789000000,,54.45,,,,,,,,,,,,,,,,,,,,,,true,true,12,2021-04-01,2022-03-31,0
2021-07-30,47710,2021-03-31,1,,,,,,,,,,,,,,,,,,,,9743000000,7980000000,0.817,,7963000000,,,,,,,,,,,,true,false,12,2020-04-01,2021-03-31,-1
2021-07-30,47710,2021-03-31,1,,,,,,,,,,,,,,,,,,,,,,,,,,,,,28.00,,,,15623100,1121664,,false,false,12,2020-04-01,2021-03-31,-1
2021-07-30,47710,2022-03-31,1,,,,,,,,,,,,,,,,,,,,,,,,,,,,,30.00,,,,,,,false,true,12,2021-04-01,2022-03-31,0
2021-07-30,47710,2022-03-31,1,,,,,,,,,,,,,,,,,,,,,,,,,,,,,,,,,15714400,1121664,14517219,false,false,3,2021-04-01,2021-06-30,0
2021-07-30,47710,2021-03-31,1,,,,,,,,,,,,,,,,,,,,,,,,,,,,,,,,,,,14440594,false,false,3,2020-04-01,2020-06-30,-1
2021-10-28,47710,2022-03-31,,4556000000,0.128,,,,,745000000,,753000000,8.908,,493000000,,33.92,,,,,,,,,,,,,,,,,,,,,,true,true,6,2021-04-01,2021-09-30,0
2021-10-28,47710,2021-03-31,,3458000000,,,,,,446000000,,454000000,,,309000000,,21.45,,,,,,,,,,,,,,,,,,,,,,true,false,6,2020-04-01,2020-09-30,-1
2021-10-28,47710,2022-03-31,,10759000000,0.079,,,,,1971000000,0.755,1988000000,0.742,,1348000000,,93.03,,,,,,,,,,,,,,,,,,,,,,true,true,12,2021-04-01,2022-03-31,0
2021-10-28,47710,2021-03-31,,8164000000,,,,,,1219000000,,1237000000,,,843000000,,58.33,,,,,,,,,,,,,,,,,,,,,,true,false,12,2020-04-01,2021-03-31,-1
2021-10-29,4771,2022-03-31,2,4556000000,0.317,,,,,745000000,0.668,753000000,0.658,,493000000,,33.92,33.85,,,,,10381000000,8317000000,0.801,,8317000000,,,,,,,,,,,,true,false,6,2021-04-01,2021-09-30,0
2021-10-29,4771,2021-03-31,2,3458000000,0.049,,,,,446000000,1.276,454000000,1.230,,309000000,,21.45,21.32,,,,,,,,,,,,,,,,,,,,,true,false,6,2020-04-01,2020-09-30,-1
2021-10-29,4771,2022-03-31,2,10759000000,0.318,,,,,1971000000,0.617,1988000000,0.607,,1348000000,,93.03,,,,,,,,,,,,,,,,,,,,,,true,true,12,2021-04-01,2022-03-31,0
2021-10-29,4771,2021-03-31,2,,,,,,,,,,,,,,,,,,,,9743000000,7980000000,0.817,,7963000000,,,,,,,,,,,,true,false,12,2020-04-01,2021-03-31,-1
2021-10-29,4771,2021-03-31,2,,,,,,,,,,,,,,,,,,,,,,,,,,,,,28.00,,,,15623100,1121664,,false,false,12,2020-04-01,2021-03-31,-1
2021-10-29,4771,2022-03-31,2,,,,,,,,,,,,,,,,,,,,,,,,,,,,,15.00,,,,,,,false,false,12,2021-04-01,2022-03-31,0
2021-10-29,4771,2022-03-31,2,,,,,,,,,,,,,,,,,,,,,,,,,,,,,30.00,,,,,,,false,true,12,2021-04-01,2022-03-31,0
2021-10-29,4771,2022-03-31,2,,,,,,,,,,,,,,,,,,,,,,,,,,,,,,,,,15714400,1121701,14555184,false,false,6,2021-04-01,2021-09-30,0
2021-10-29,4771,2021-03-31,2,,,,,,,,,,,,,,,,,,,,,,,,,,,,,,,,,,,14443219,false,false,6,2020-04-01,2020-09-30,-1
2022-01-31,4771,2022-03-31,3,7694000000,0.322,,,,,1555000000,0.733,1565000000,0.716,,1029000000,,70.70,70.61,,,,,11337000000,8622000000,0.761,,8622000000,,,,,,,,,,,,true,false,9,2021-04-01,2021-12-31,0
2022-01-31,4771,2021-03-31,3,5818000000,0.086,,,,,897000000,0.583,912000000,0.578,,605000000,,41.93,41.67,,,,,,,,,,,,,,,,,,,,,true,false,9,2020-04-01,2020-12-31,-1
2022-01-31,4771,2022-03-31,3,10759000000,0.318,,,,,1971000000,0.617,1988000000,0.607,,1348000000,,93.03,,,,,,,,,,,,,,,,,,,,,,true,true,12,2021-04-01,2022-03-31,0
2022-01-31,4771,2021-03-31,3,,,,,,,,,,,,,,,,,,,,9743000000,7980000000,0.817,,7963000000,,,,,,,,,,,,true,false,12,2020-04-01,2021-03-31,-1
2022-01-31,4771,2021-03-31,3,,,,,,,,,,,,,,,,,,,,,,,,,,,,,28.00,,,,15623100,1121664,,false,false,12,2020-04-01,2021-03-31,-1
2022-01-31,4771,2022-03-31,3,,,,,,,,,,,,,,,,,,,,,,,,,,,,,15.00,,,,,,,false,false,12,2021-04-01,2022-03-31,0
2022-01-31,4771,2022-03-31,3,,,,,,,,,,,,,,,,,,,,,,,,,,,,,30.00,,,,,,,false,true,12,2021-04-01,2022-03-31,0
2022-01-31,4771,2022-03-31,3,,,,,,,,,,,,,,,,,,,,,,,,,,,,,,,,,15714400,1121701,14567734,false,false,9,2021-04-01,2021-12-31,0
2022-01-31,4771,2021-03-31,3,,,,,,,,,,,,,,,,,,,,,,,,,,,,,,,,,,,14449698,false,false,9,2020-04-01,2020-12-31,-1
2022-05-13,4771,2022-03-31,,10875000000,0.332,,,,,2243000000,0.840,2256000000,0.824,,1548000000,,106.23,106.13,0.181,0.207,0.206,,12052000000,9140000000,0.758,626.34,9140000000,2881000000,-1700000000,-397000000,4289000000,,0.282,,,,,,true,false,12,2021-04-01,2022-03-31,0
2022-05-13,4771,2021-03-31,,8164000000,0.080,,,,,1219000000,0.281,1237000000,0.280,,843000000,,58.33,57.98,0.109,0.133,0.149,,9743000000,7980000000,0.817,549.13,7963000000,1708000000,-1313000000,-421000000,3506000000,,0.480,,,,,,true,false,12,2020-04-01,2021-03-31,-1
2022-05-13,4771,2023-03-31,,5506000000,0.208,,,,,750000000,0.006,756000000,0.004,,525000000,,35.99,,,,,,,,,,,,,,,,,,,,,,true,true,6,2022-04-01,2022-09-30,1
2022-05-13,4771,2023-03-31,,12911000000,0.187,,,,,2677000000,0.194,2691000000,0.192,,1867000000,,127.95,,,,,,,,,,,,,,,,0.266,,,,,,true,true,12,2022-04-01,2023-03-31,1
2022-05-13,4771,2022-03-31,,10717000000,0.329,,,,,2382000000,0.910,2395000000,0.894,1707000000,,0.909,117.14,117.02,,,,,12254000000,9355000000,0.763,641.09,9355000000,,,,,30.00,,,,15714400,1121748,14573882,false,false,12,2021-04-01,2022-03-31,0
2022-05-13,4771,2021-03-31,,8063000000,0.081,,,,,1247000000,0.274,1264000000,0.273,894000000,,0.313,61.83,61.72,,,,,9833000000,8036000000,0.816,553.01,8019000000,,,,,28.00,,,,15623100,1121664,14458941,false,false,12,2020-04-01,2021-03-31,-1
2022-05-13,4771,2023-03-31,,,,,,,,,,,,,,,,,,,,,,,,,,,,,,34.00,,,,,,,false,true,12,2022-04-01,2023-03-31,1
2022-07-29,4771,2023-03-31,1,2753000000,0.312,,,,,484000000,0.837,491000000,0.828,,308000000,,21.16,,,,,,11346000000,9237000000,0.814,,9237000000,,,,,,,,,,,,true,false,3,2022-04-01,2022-06-30,0
2022-07-29,4771,2022-03-31,1,2098000000,0.275,,,,,263000000,0.168,268000000,0.170,,166000000,,11.44,11.40,,,,,,,,,,,,,,,,,,,,,true,false,3,2021-04-01,2021-06-30,-1
2022-07-29,4771,2023-03-31,1,5506000000,0.208,,,,,750000000,0.006,756000000,0.004,,525000000,,35.99,,,,,,,,,,,,,,,,,,,,,,true,true,6,2022-04-01,2022-09-30,0
2022-07-29,4771,2023-03-31,1,12911000000,0.187,,,,,2677000000,0.194,2691000000,0.192,,1867000000,,127.95,,,,,,,,,,,,,,,,,,,,,,true,true,12,2022-04-01,2023-03-31,0
2022-07-29,4771,2022-03-31,1,,,,,,,,,,,,,,,,,,,,12052000000,9140000000,0.758,,9140000000,,,,,,,,,,,,true,false,12,2021-04-01,2022-03-31,-1
2022-07-29,4771,2022-03-31,1,,,,,,,,,,,,,,,,,,,,,,,,,,,,,30.00,,,,15714400,1121748,,false,false,12,2021-04-01,2022-03-31,-1
2022-07-29,4771,2023-03-31,1,,,,,,,,,,,,,,,,,,,,,,,,,,,,,34.00,,,,,,,false,true,12,2022-04-01,2023-03-31,0
2022-07-29,4771,2023-03-31,1,,,,,,,,,,,,,,,,,,,,,,,,,,,,,,,,,15714400,1121748,14592652,false,false,3,2022-04-01,2022-06-30,0
2022-07-29,4771,2022-03-31,1,,,,,,,,,,,,,,,,,,,,,,,,,,,,,,,,,,,14517219,false,false,3,2021-04-01,2021-06-30,-1
2022-10-31,4771,2023-03-31,2,5544000000,0.217,,,,,899000000,0.207,910000000,0.208,,599000000,,41.07,,,,,,12084000000,9529000000,0.789,,9529000000,,,,,,,,,,,,true,false,6,2022-04-01,2022-09-30,0
2022-10-31,4771,2022-03-31,2,4556000000,0.317,,,,,745000000,0.668,753000000,0.658,,493000000,,33.92,33.85,,,,,,,,,,,,,,,,,,,,,true,false,6,2021-04-01,2021-09-30,-1
2022-10-31,4771,2023-03-31,2,12911000000,0.187,,,,,2677000000,0.194,2691000000,0.192,,1867000000,,127.95,,,,,,,,,,,,,,,,,,,,,,true,true,12,2022-04-01,2023-03-31,0
2022-10-31,4771,2022-03-31,2,,,,,,,,,,,,,,,,,,,,12052000000,9140000000,0.758,,9140000000,,,,,,,,,,,,true,false,12,2021-04-01,2022-03-31,-1
2022-10-31,4771,2022-03-31,2,,,,,,,,,,,,,,,,,,,,,,,,,,,,,30.00,,,,15714400,1121748,,false,false,12,2021-04-01,2022-03-31,-1
2022-10-31,4771,2023-03-31,2,,,,,,,,,,,,,,,,,,,,,,,,,,,,,17.00,,,,,,,false,false,12,2022-04-01,2023-03-31,0
2022-10-31,4771,2023-03-31,2,,,,,,,,,,,,,,,,,,,,,,,,,,,,,34.00,,,,,,,false,true,12,2022-04-01,2023-03-31,0
2022-10-31,4771,2023-03-31,2,,,,,,,,,,,,,,,,,,,,,,,,,,,,,,,,,15714400,1121789,14592646,false,false,6,2022-04-01,2022-09-30,0
2022-10-31,4771,2022-03-31,2,,,,,,,,,,,,,,,,,,,,,,,,,,,,,,,,,,,14555184,false,false,6,2021-04-01,2021-09-30,-1
2023-01-31,4771,2023-03-31,3,9417000000,0.224,,,,,1898000000,0.220,1912000000,0.222,,1266000000,,86.79,,,,,,13191000000,9954000000,0.755,,9954000000,,,,,,,,,,,,true,false,9,2022-04-01,2022-12-31,0
2023-01-31,4771,2022-03-31,3,7694000000,0.322,,,,,1555000000,0.733,1565000000,0.716,,1029000000,,70.70,70.61,,,,,,,,,,,,,,,,,,,,,true,false,9,2021-04-01,2021-12-31,-1
2023-01-31,4771,2023-03-31,3,12911000000,0.187,,,,,2677000000,0.194,2691000000,0.192,,1867000000,,127.95,,,,,,,,,,,,,,,,,,,,,,true,true,12,2022-04-01,2023-03-31,0
2023-01-31,4771,2022-03-31,3,,,,,,,,,,,,,,,,,,,,12052000000,9140000000,0.758,,9140000000,,,,,,,,,,,,true,false,12,2021-04-01,2022-03-31,-1
2023-01-31,4771,2022-03-31,3,,,,,,,,,,,,,,,,,,,,,,,,,,,,,30.00,,,,15714400,1121748,,false,false,12,2021-04-01,2022-03-31,-1
2023-01-31,4771,2023-03-31,3,,,,,,,,,,,,,,,,,,,,,,,,,,,,,17.00,,,,,,,false,false,12,2022-04-01,2023-03-31,0
2023-01-31,4771,2023-03-31,3,,,,,,,,,,,,,,,,,,,,,,,,,,,,,34.00,,,,,,,false,true,12,2022-04-01,2023-03-31,0
2023-01-31,4771,2023-03-31,3,,,,,,,,,,,,,,,,,,,,,,,,,,,,,,,,,15714400,1121789,14592634,false,false,9,2022-04-01,2022-12-31,0
2023-01-31,4771,2022-03-31,3,,,,,,,,,,,,,,,,,,,,,,,,,,,,,,,,,,,14567734,false,false,9,2021-04-01,2021-12-31,-1
2023-05-12,4771,2023-03-31,,12699000000,0.168,,,,,2602000000,0.160,2621000000,0.162,,1881000000,,128.92,,0.191,0.205,0.205,,13533000000,10568000000,0.781,724.22,10568000000,2985000000,-1898000000,-467000000,4909000000,,0.264,,,,,,true,false,12,2022-04-01,2023-03-31,0
2023-05-12,4771,2022-03-31,,10875000000,0.332,,,,,2243000000,0.840,2256000000,0.824,,1548000000,,106.23,106.13,0.181,0.207,0.206,,12052000000,9140000000,0.758,626.34,9140000000,2881000000,-1700000000,-397000000,4289000000,,0.282,,,,,,true,false,12,2021-04-01,2022-03-31,-1
2023-05-12,4771,2024-03-31,,6900000000,0.245,,,,,904000000,0.005,913000000,0.004,,602000000,,41.28,,,,,,,,,,,,,,,,,,,,,,true,true,6,2023-04-01,2023-09-30,1
2023-05-12,4771,2024-03-31,,16414000000,0.293,,,,,2760000000,0.061,2778000000,0.060,,1941000000,,133.05,,,,,,,,,,,,,,,,0.286,,,,,,true,true,12,2023-04-01,2024-03-31,1
2023-05-12,4771,2023-03-31,,12531000000,0.169,,,,,2719000000,0.141,2734000000,0.142,2023000000,,0.185,138.67,,,,,,13880000000,10925000000,0.787,748.70,10925000000,,,,,34.00,,,,15714400,1121789,14592629,false,false,12,2022-04-01,2023-03-31,0
2023-05-12,4771,2022-03-31,,10717000000,0.329,,,,,2382000000,0.910,2395000000,0.894,1707000000,,0.909,117.14,117.02,,,,,12254000000,9355000000,0.763,641.09,9355000000,,,,,30.00,,,,15714400,1121748,14573882,false,false,12,2021-04-01,2022-03-31,-1
2023-05-12,4771,2024-03-31,,,,,,,,,,,,,,,,,,,,,,,,,,,,,,38.00,,,,,,,false,true,12,2023-04-01,2024-03-31,1
2023-07-31,4771,2024-03-31,1,3435000000,0.248,,,,,578000000,0.193,583000000,0.187,,373000000,,25.57,,,,,,13504000000,10701000000,0.792,,10701000000,,,,,,,,,,,,true,false,3,2023-04-01,2023-06-30,0
2023-07-31,4771,2023-03-31,1,2753000000,0.312,,,,,484000000,0.837,491000000,0.828,,308000000,,21.16,,,,,,,,,,,,,,,,,,,,,,true,false,3,2022-04-01,2022-06-30,-1
2023-07-31,4771,2024-03-31,1,6900000000,0.245,,,,,904000000,0.005,913000000,0.004,,602000000,,41.28,,,,,,,,,,,,,,,,,,,,,,true,true,6,2023-04-01,2023-09-30,0
2023-07-31,4771,2024-03-31,1,16414000000,0.293,,,,,2760000000,0.061,2778000000,0.060,,1941000000,,133.05,,,,,,,,,,,,,,,,,,,,,,true,true,12,2023-04-01,2024-03-31,0
2023-07-31,4771,2023-03-31,1,,,,,,,,,,,,,,,,,,,,13533000000,10568000000,0.781,,10568000000,,,,,,,,,,,,true,false,12,2022-04-01,2023-03-31,-1
2023-07-31,4771,2023-03-31,1,,,,,,,,,,,,,,,,,,,,,,,,,,,,,34.00,,,,15714400,1121789,,false,false,12,2022-04-01,2023-03-31,-1
2023-07-31,4771,2024-03-31,1,,,,,,,,,,,,,,,,,,,,,,,,,,,,,38.00,,,,,,,false,true,12,2023-04-01,2024-03-31,0
2023-07-31,4771,2024-03-31,1,,,,,,,,,,,,,,,,,,,,,,,,,,,,,,,,,15714400,1121831,14592611,false,false,3,2023-04-01,2023-06-30,0
2023-07-31,4771,2023-03-31,1,,,,,,,,,,,,,,,,,,,,,,,,,,,,,,,,,,,14592652,false,false,3,2022-04-01,2022-06-30,-1
2023-10-31,4771,2024-03-31,2,6755000000,0.218,,,,,938000000,0.043,947000000,0.041,,634000000,,43.46,,,,,,14405000000,10954000000,0.760,,10954000000,,,,,,,,,,,,true,false,6,2023-04-01,2023-09-30,0
2023-10-31,4771,2023-03-31,2,5544000000,0.217,,,,,899000000,0.207,910000000,0.208,,599000000,,41.07,,,,,,,,,,,,,,,,,,,,,,true,false,6,2022-04-01,2022-09-30,-1
2023-10-31,4771,2024-03-31,2,16414000000,0.293,,,,,2760000000,0.061,2778000000,0.060,,1941000000,,133.05,,,,,,,,,,,,,,,,,,,,,,true,true,12,2023-04-01,2024-03-31,0
2023-10-31,4771,2023-03-31,2,,,,,,,,,,,,,,,,,,,,13533000000,10568000000,0.781,,10568000000,,,,,,,,,,,,true,false,12,2022-04-01,2023-03-31,-1
2023-10-31,4771,2023-03-31,2,,,,,,,,,,,,,,,,,,,,,,,,,,,,,34.00,,,,15714400,1121789,,false,false,12,2022-04-01,2023-03-31,-1
2023-10-31,4771,2024-03-31,2,,,,,,,,,,,,,,,,,,,,,,,,,,,,,19.00,,,,,,,false,false,12,2023-04-01,2024-03-31,0
2023-10-31,4771,2024-03-31,2,,,,,,,,,,,,,,,,,,,,,,,,,,,,,38.00,,,,,,,false,true,12,2023-04-01,2024-03-31,0
2023-10-31,4771,2024-03-31,2,,,,,,,,,,,,,,,,,,,,,,,,,,,,,,,,,15714400,1121831,14592590,false,false,6,2023-04-01,2023-09-30,0
2023-10-31,4771,2023-03-31,2,,,,,,,,,,,,,,,,,,,,,,,,,,,,,,,,,,,14592646,false,false,6,2022-04-01,2022-09-30,-1
2024-01-31,4771,2024-03-31,3,10818000000,0.149,,,,,1642000000,-0.135,1654000000,-0.135,,1160000000,,79.53,,,,,,14893000000,11173000000,0.750,,11173000000,,,,,,,,,,,,true,false,9,2023-04-01,2023-12-31,0
2024-01-31,4771,2023-03-31,3,9417000000,0.224,,,,,1898000000,0.220,1912000000,0.222,,1266000000,,86.79,,,,,,,,,,,,,,,,,,,,,,true,false,9,2022-04-01,2022-12-31,-1
2024-01-31,4771,2024-03-31,3,16414000000,0.293,,,,,2760000000,0.061,2778000000,0.060,,1941000000,,133.05,,,,,,,,,,,,,,,,,,,,,,true,true,12,2023-04-01,2024-03-31,0
2024-01-31,4771,2023-03-31,3,,,,,,,,,,,,,,,,,,,,13533000000,10568000000,0.781,,10568000000,,,,,,,,,,,,true,false,12,2022-04-01,2023-03-31,-1
2024-01-31,4771,2023-03-31,3,,,,,,,,,,,,,,,,,,,,,,,,,,,,,34.00,,,,15714400,1121789,,false,false,12,2022-04-01,2023-03-31,-1
2024-01-31,4771,2024-03-31,3,,,,,,,,,,,,,,,,,,,,,,,,,,,,,19.00,,,,,,,false,false,12,2023-04-01,2024-03-31,0
2024-01-31,4771,2024-03-31,3,,,,,,,,,,,,,,,,,,,,,,,,,,,,,38.00,,,,,,,false,true,12,2023-04-01,2024-03-31,0
2024-01-31,4771,2024-03-31,3,,,,,,,,,,,,,,,,,,,,,,,,,,,,,,,,,15714400,1121831,14592583,false,false,9,2023-04-01,2023-12-31,0
2024-01-31,4771,2023-03-31,3,,,,,,,,,,,,,,,,,,,,,,,,,,,,,,,,,,,14592634,false,false,9,2022-04-01,2022-12-31,-1
2024-05-14,4771,2024-03-31,,14861000000,0.170,,,,,2128000000,-0.182,2143000000,-0.182,,1609000000,,110.28,,0.145,0.149,0.143,,15202000000,11618000000,0.764,796.17,11618000000,3260000000,-2421000000,-524000000,5222000000,,0.345,,,,,,true,false,12,2023-04-01,2024-03-31,0
2024-05-14,4771,2023-03-31,,12699000000,0.168,,,,,2602000000,0.160,2621000000,0.162,,1881000000,,128.92,,0.191,0.205,0.205,,13533000000,10568000000,0.781,724.22,10568000000,2985000000,-1898000000,-467000000,4909000000,,0.264,,,,,,true,false,12,2022-04-01,2023-03-31,-1
2024-05-14,4771,2025-03-31,,7741000000,0.146,,,,,799000000,-0.149,806000000,-0.149,,539000000,,37.00,,,,,,,,,,,,,,,,,,,,,,true,true,6,2024-04-01,2024-09-30,1
2024-05-14,4771,2025-03-31,,16680000000,0.122,,,,,1812000000,-0.149,1828000000,-0.147,,1358000000,,93.08,,,,,,,,,,,,,,,,0.430,,,,,,true,true,12,2024-04-01,2025-03-31,1
2024-05-14,4771,2024-03-31,,14648000000,0.169,,,,,2148000000,-0.210,2161000000,-0.209,1664000000,,-0.178,114.05,,,,,,15622000000,12030000000,0.770,824.43,12030000000,,,,,38.00,,,,15714400,1121831,14592580,false,false,12,2023-04-01,2024-03-31,0
2024-05-14,4771,2023-03-31,,12531000000,0.169,,,,,2719000000,0.141,2734000000,0.142,2023000000,,0.185,138.67,,,,,,13880000000,10925000000,0.787,748.70,10925000000,,,,,34.00,,,,15714400,1121789,14592629,false,false,12,2022-04-01,2023-03-31,-1
2024-05-14,4771,2025-03-31,,,,,,,,,,,,,,,,,,,,,,,,,,,,,,40.00,,,,,,,false,true,12,2024-04-01,2025-03-31,1
2024-07-31,4771,2025-03-31,1,3637000000,0.059,,,,,408000000,-0.293,415000000,-0.287,,244000000,,16.76,,,,,,14477000000,11591000000,0.801,,11591000000,,,,,,,,,,,,true,false,3,2024-04-01,2024-06-30,0
2024-07-31,4771,2024-03-31,1,3435000000,0.248,,,,,578000000,0.193,583000000,0.187,,373000000,,25.57,,,,,,,,,,,,,,,,,,,,,,true,false,3,2023-04-01,2023-06-30,-1
2024-07-31,4771,2025-03-31,1,7741000000,0.146,,,,,799000000,-0.149,806000000,-0.149,,539000000,,37.00,,,,,,,,,,,,,,,,,,,,,,true,true,6,2024-04-01,2024-09-30,0
2024-07-31,4771,2025-03-31,1,16680000000,0.122,,,,,1812000000,-0.149,1828000000,-0.147,,1358000000,,93.08,,,,,,,,,,,,,,,,,,,,,,true,true,12,2024-04-01,2025-03-31,0
2024-07-31,4771,2024-03-31,1,,,,,,,,,,,,,,,,,,,,15202000000,11618000000,0.764,,11618000000,,,,,,,,,,,,true,false,12,2023-04-01,2024-03-31,-1
2024-07-31,4771,2024-03-31,1,,,,,,,,,,,,,,,,,,,,,,,,,,,,,38.00,,,,15714400,1121831,,false,false,12,2023-04-01,2024-03-31,-1
2024-07-31,4771,2025-03-31,1,,,,,,,,,,,,,,,,,,,,,,,,,,,,,40.00,,,,,,,false,true,12,2024-04-01,2025-03-31,0
2024-07-31,4771,2025-03-31,1,,,,,,,,,,,,,,,,,,,,,,,,,,,,,,,,,15714400,1121831,14592569,false,false,3,2024-04-01,2024-06-30,0
2024-07-31,4771,2024-03-31,1,,,,,,,,,,,,,,,,,,,,,,,,,,,,,,,,,,,14592611,false,false,3,2023-04-01,2023-06-30,-1
2024-10-31,4771,2025-03-31,2,7133000000,0.056,,,,,625000000,-0.334,638000000,-0.326,,404000000,,27.71,,,,,,15346000000,12109000000,0.789,,12109000000,,,,,,,,,,,,true,false,6,2024-04-01,2024-09-30,0
2024-10-31,4771,2024-03-31,2,6755000000,0.218,,,,,938000000,0.043,947000000,0.041,,634000000,,43.46,,,,,,,,,,,,,,,,,,,,,,true,false,6,2023-04-01,2023-09-30,-1
2024-10-31,4771,2025-03-31,2,16680000000,0.122,,,,,1812000000,-0.149,1828000000,-0.147,,1358000000,,93.08,,,,,,,,,,,,,,,,,,,,,,true,true,12,2024-04-01,2025-03-31,0
2024-10-31,4771,2024-03-31,2,,,,,,,,,,,,,,,,,,,,15202000000,11618000000,0.764,,11618000000,,,,,,,,,,,,true,false,12,2023-04-01,2024-03-31,-1
2024-10-31,4771,2024-03-31,2,,,,,,,,,,,,,,,,,,,,,,,,,,,,,38.00,,,,15714400,1121831,,false,false,12,2023-04-01,2024-03-31,-1
2024-10-31,4771,2025-03-31,2,,,,,,,,,,,,,,,,,,,,,,,,,,,,,20.00,,,,,,,false,false,12,2024-04-01,2025-03-31,0
2024-10-31,4771,2025-03-31,2,,,,,,,,,,,,,,,,,,,,,,,,,,,,,40.00,,,,,,,false,true,12,2024-04-01,2025-03-31,0
2024-10-31,4771,2025-03-31,2,,,,,,,,,,,,,,,,,,,,,,,,,,,,,,,,,15714400,921831,14614427,false,false,6,2024-04-01,2024-09-30,0
2024-10-31,4771,2024-03-31,2,,,,,,,,,,,,,,,,,,,,,,,,,,,,,,,,,,,14592590,false,false,6,2023-04-01,2023-09-30,-1
2025-01-31,4771,2025-03-31,3,12326000000,0.139,,,,,1863000000,0.135,1882000000,0.138,,1237000000,,84.37,,,,,,16723000000,12651000000,0.757,,12651000000,,,,,,,,,,,,true,false,9,2024-04-01,2024-12-31,0
2025-01-31,4771,2024-03-31,3,10818000000,0.149,,,,,1642000000,-0.135,1654000000,-0.135,,1160000000,,79.53,,,,,,,,,,,,,,,,,,,,,,true,false,9,2023-04-01,2023-12-31,-1
2025-01-31,4771,2025-03-31,3,16680000000,0.122,,,,,1812000000,-0.149,1828000000,-0.147,,1358000000,,93.08,,,,,,,,,,,,,,,,,,,,,,true,true,12,2024-04-01,2025-03-31,0
2025-01-31,4771,2024-03-31,3,,,,,,,,,,,,,,,,,,,,15202000000,11618000000,0.764,,11618000000,,,,,,,,,,,,true,false,12,2023-04-01,2024-03-31,-1
2025-01-31,4771,2024-03-31,3,,,,,,,,,,,,,,,,,,,,,,,,,,,,,38.00,,,,15714400,1121831,,false,false,12,2023-04-01,2024-03-31,-1
2025-01-31,4771,2025-03-31,3,,,,,,,,,,,,,,,,,,,,,,,,,,,,,20.00,,,,,,,false,false,12,2024-04-01,2025-03-31,0
2025-01-31,4771,2025-03-31,3,,,,,,,,,,,,,,,,,,,,,,,,,,,,,40.00,,,,,,,false,true,12,2024-04-01,2025-03-31,0
2025-01-31,4771,2025-03-31,3,,,,,,,,,,,,,,,,,,,,,,,,,,,,,,,,,15714400,921831,14674024,false,false,9,2024-04-01,2024-12-31,0
2025-01-31,4771,2024-03-31,3,,,,,,,,,,,,,,,,,,,,,,,,,,,,,,,,,,,14592583,false,false,9,2023-04-01,2023-12-31,-1
2025-05-13,47710,2025-03-31,,17066000000,0.023,,,,,2716000000,0.499,2741000000,0.499,,1814000000,,123.40,,,,,,,,,,,,,,,,,,,,,,true,true,12,2024-04-01,2025-03-31,0
2025-05-13,47710,2024-03-31,,14861000000,,,,,,2128000000,,2143000000,,,1609000000,,110.28,,,,,,,,,,,,,,,,,,,,,,true,false,12,2023-04-01,2024-03-31,-1
2025-05-14,4771,2025-03-31,,17066000000,0.148,,,,,2716000000,0.277,2741000000,0.279,,1814000000,,123.40,,0.146,0.169,0.159,,17305000000,13213000000,0.764,893.25,13213000000,3743000000,-2906000000,-225000000,5834000000,,0.324,,,,,,true,false,12,2024-04-01,2025-03-31,0
2025-05-14,4771,2024-03-31,,14861000000,0.170,,,,,2128000000,-0.182,2143000000,-0.182,,1609000000,,110.28,,0.145,0.149,0.143,,15202000000,11618000000,0.764,796.17,11618000000,3260000000,-2421000000,-524000000,5222000000,,0.345,,,,,,true,false,12,2023-04-01,2024-03-31,-1
2025-05-14,4771,2026-03-31,,8468000000,0.187,,,,,725000000,0.160,737000000,0.154,,467000000,,31.60,,,,,,,,,,,,,,,,,,,,,,true,true,6,2025-04-01,2025-09-30,1
2025-05-14,4771,2026-03-31,,20867000000,0.223,,,,,3132000000,0.153,3157000000,0.151,,2088000000,,141.22,,,,,,,,,,,,,,,,0.297,,,,,,true,true,12,2025-04-01,2026-03-31,1
2025-05-14,4771,2025-03-31,,16797000000,0.147,,,,,2881000000,0.341,2902000000,0.343,1999000000,,0.202,136.01,,,,,,17881000000,13811000000,0.772,933.67,13811000000,,,,,40.00,,,,15714400,921831,14703254,false,false,12,2024-04-01,2025-03-31,0
2025-05-14,4771,2024-03-31,,14648000000,0.169,,,,,2148000000,-0.210,2161000000,-0.209,1664000000,,-0.178,114.05,,,,,,15622000000,12030000000,0.770,824.43,12030000000,,,,,38.00,,,,15714400,1121831,14592580,false,false,12,2023-04-01,2024-03-31,-1
2025-05-14,4771,2026-03-31,,,,,,,,,,,,,,,,,,,,,,,,,,,,,,42.00,,,,,,,false,true,12,2025-04-01,2026-03-31,1
2025-07-31,4771,2026-03-31,1,4224000000,0.161,,,,,437000000,0.070,447000000,0.075,,278000000,,18.82,,,,,,16663000000,13195000000,0.792,,13195000000,,,,,,,,,,,,true,false,3,2025-04-01,2025-06-30,0
2025-07-31,4771,2025-03-31,1,3637000000,0.059,,,,,408000000,-0.293,415000000,-0.287,,244000000,,16.76,,,,,,,,,,,,,,,,,,,,,,true,false,3,2024-04-01,2024-06-30,-1
2025-07-31,4771,2026-03-31,1,8468000000,0.187,,,,,725000000,0.160,737000000,0.154,,467000000,,31.60,,,,,,,,,,,,,,,,,,,,,,true,true,6,2025-04-01,2025-09-30,0
2025-07-31,4771,2026-03-31,1,20867000000,0.223,,,,,3132000000,0.153,3157000000,0.151,,2088000000,,141.22,,,,,,,,,,,,,,,,,,,,,,true,true,12,2025-04-01,2026-03-31,0
2025-07-31,4771,2025-03-31,1,,,,,,,,,,,,,,,,,,,,17305000000,13213000000,0.764,,13213000000,,,,,,,,,,,,true,false,12,2024-04-01,2025-03-31,-1
2025-07-31,4771,2025-03-31,1,,,,,,,,,,,,,,,,,,,,,,,,,,,,,40.00,,,,15714400,921831,,false,false,12,2024-04-01,2025-03-31,-1
2025-07-31,4771,2026-03-31,1,,,,,,,,,,,,,,,,,,,,,,,,,,,,,42.00,,,,,,,false,true,12,2025-04-01,2026-03-31,0
2025-07-31,4771,2026-03-31,1,,,,,,,,,,,,,,,,,,,,,,,,,,,,,,,,,15714400,921897,14792555,false,false,3,2025-04-01,2025-06-30,0
2025-07-31,4771,2025-03-31,1,,,,,,,,,,,,,,,,,,,,,,,,,,,,,,,,,,,14592569,false,false,3,2024-04-01,2024-06-30,-1
