filing_date,code,fiscal_year_end,quarterly_period,net_sales,net_sales_change,revenue,revenue_change,operating_revenue,operating_revenue_change,operating_profit,operating_profit_change,ordinary_profit,ordinary_profit_change,net_income,net_income_of_parent,net_income_change,eps,diluted_eps,roe,roa,operating_profit_to_net_sales,operating_profit_to_revenue,total_assets,net_assets,equity_ratio,bps,owner_equity,operating_cash_flow,investing_cash_flow,financing_cash_flow,cash,dividend_per_share,payout_ratio,commemorative_dividend,extra_dividend,number_of_shares,number_of_treqsury_shares,avg_number_of_shares,is_consolidated,is_forecast,duration,period_start,period_end,period_pos
2015-05-12,48120,2015-03-31,,78267000000,0.058,,,,,4478000000,0.039,4966000000,0.042,2166000000,,-0.246,66.50,,0.055,0.082,0.057,,62328000000,40499000000,0.649,1242.15,40472000000,8776000000,-2583000000,-1729000000,17714000000,,0.391,,,,,,true,false,12,2014-04-01,2015-03-31,0
2015-05-12,48120,2014-03-31,,73970000000,0.017,,,,,4309000000,0.028,4766000000,0.106,2871000000,,0.095,88.13,,0.075,0.081,0.058,,58877000000,38864000000,0.660,1191.99,38838000000,5705000000,-2824000000,-1696000000,12849000000,,0.250,,,,,,true,false,12,2013-04-01,2014-03-31,-1
2015-05-12,48120,2016-03-31,,36787000000,0.027,,,,,1045000000,0.198,1107000000,0.128,,686000000,,21.08,,,,,,,,,,,,,,,,,,,,,,true,true,6,2015-04-01,2015-09-30,1
2015-05-12,48120,2016-03-31,,54714000000,,,,,,1265000000,,1370000000,,,846000000,,25.97,,,,,,,,,,,,,,,,1.078,,,,,,true,true,12,2015-04-01,2016-03-31,1
2015-05-12,48120,2015-03-31,,64478000000,0.053,,,,,2470000000,0.285,3593000000,0.194,1333000000,,-0.279,40.94,,,,,,55778000000,34483000000,0.618,1058.35,34483000000,,,,,26.00,,,,32591240,8430,32582861,false,false,12,2014-04-01,2015-03-31,0
2015-05-12,48120,2014-03-31,,61217000000,-0.001,,,,,1922000000,-0.074,3008000000,-0.093,1850000000,,-0.150,56.79,,,,,,53093000000,34142000000,0.643,1047.86,34142000000,,,,,22.00,,,,32591240,8350,32582996,false,false,12,2013-04-01,2014-03-31,-1
2015-05-12,48120,2016-03-31,,,,,,,,,,,,,,,,,,,,,,,,,,,,,,28.00,,,,,,,false,true,12,2015-04-01,2016-03-31,1
2015-07-31,48120,2015-12-31,1,15704000000,0.109,,,,,-736000000,,-581000000,,,-416000000,,-12.79,,,,,,59514000000,39533000000,0.664,,39514000000,,,,,,,,,,,,true,false,3,2015-01-01,2015-03-31,0
2015-07-31,48120,2014-12-31,1,14161000000,-0.053,,,,,-1183000000,,-1140000000,,,-777000000,,-23.86,,,,,,,,,,,,,,,,,,,,,,true,false,3,2014-01-01,2014-03-31,-1
2015-07-31,48120,2015-12-31,1,36787000000,0.027,,,,,1045000000,0.198,1107000000,0.128,,686000000,,21.08,,,,,,,,,,,,,,,,,,,,,,true,true,6,2015-01-01,2015-06-30,0
2015-07-31,48120,2015-12-31,1,54714000000,,,,,,1265000000,,1370000000,,,846000000,,25.97,,,,,,,,,,,,,,,,,,,,,,true,true,12,2015-01-01,2015-12-31,0
2015-07-31,48120,2014-12-31,1,,,,,,,,,,,,,,,,,,,,62328000000,40499000000,0.649,,40472000000,,,,,,,,,,,,true,false,12,2014-01-01,2014-12-31,-1
2015-07-31,48120,2014-12-31,1,,,,,,,,,,,,,,,,,,,,,,,,,,,,,26.00,,,,32591240,8430,,false,false,12,2014-01-01,2014-12-31,-1
2015-07-31,48120,2015-12-31,1,,,,,,,,,,,,,,,,,,,,,,,,,,,,,28.00,,,,,,,false,true,12,2015-01-01,2015-12-31,0
2015-07-31,48120,2015-12-31,1,,,,,,,,,,,,,,,,,,,,,,,,,,,,,,,,,32591240,8430,32582810,false,false,3,2015-01-01,2015-03-31,0
2015-07-31,48120,2014-12-31,1,,,,,,,,,,,,,,,,,,,,,,,,,,,,,,,,,,,32582876,false,false,3,2014-01-01,2014-03-31,-1
2015-10-16,48120,2015-12-31,,37765000000,0.027,,,,,1763000000,0.687,2056000000,0.857,,1342000000,,41.20,,,,,,,,,,,,,,,,,,,,,,true,true,6,2015-01-01,2015-06-30,0
2015-10-16,48120,2014-12-31,,35823000000,,,,,,872000000,,981000000,,,534000000,,16.41,,,,,,,,,,,,,,,,,,,,,,true,false,6,2014-01-01,2014-06-30,-1
2015-10-27,48120,2015-12-31,,55100000000,0.007,,,,,1800000000,0.423,2170000000,0.584,2680000000,,2.168,82.25,,,,,,,,,,,,,,,,,,,,,,true,true,12,2015-01-01,2015-12-31,0
2015-10-30,48120,2015-12-31,2,37765000000,0.054,,,,,1763000000,1.022,2056000000,1.096,,1342000000,,41.20,,,,,,63239000000,42087000000,0.665,,42066000000,,,,,,,,,,,,true,false,6,2015-01-01,2015-06-30,0
2015-10-30,48120,2014-12-31,2,35823000000,0.021,,,,,872000000,-0.302,981000000,-0.348,,534000000,,16.41,,,,,,,,,,,,,,,,,,,,,,true,false,6,2014-01-01,2014-06-30,-1
2015-10-30,48120,2015-12-31,2,55100000000,,,,,,1800000000,,2170000000,,,2680000000,,82.25,,,,,,,,,,,,,,,,,,,,,,true,true,12,2015-01-01,2015-12-31,0
2015-10-30,48120,2014-12-31,2,,,,,,,,,,,,,,,,,,,,62328000000,40499000000,0.649,,40472000000,,,,,,,,,,,,true,false,12,2014-01-01,2014-12-31,-1
2015-10-30,48120,2014-12-31,2,,,,,,,,,,,,,,,,,,,,,,,,,,,,,26.00,,,,32591240,8430,,false,false,12,2014-01-01,2014-12-31,-1
2015-10-30,48120,2015-12-31,2,,,,,,,,,,,,,,,,,,,,,,,,,,,,,14.00,,,,,,,false,false,12,2015-01-01,2015-12-31,0
2015-10-30,48120,2015-12-31,2,,,,,,,,,,,,,,,,,,,,,,,,,,,,,28.00,,,,,,,false,true,12,2015-01-01,2015-12-31,0
2015-10-30,48120,2015-12-31,2,,,,,,,,,,,,,,,,,,,,,,,,,,,,,,,,,32591240,8430,32582810,false,false,6,2015-01-01,2015-06-30,0
2015-10-30,48120,2014-12-31,2,,,,,,,,,,,,,,,,,,,,,,,,,,,,,,,,,,,32582873,false,false,6,2014-01-01,2014-06-30,-1
2016-01-20,48120,2015-12-31,,56821000000,0.031,,,,,2155000000,0.197,2560000000,0.180,,3037000000,,93.22,,,,,,,,,,,,,,,,,,,,,,true,true,12,2015-01-01,2015-12-31,0
,48120,2015-12-31,,,,,,,,,,,,,,,,,,,,,,,,,,,,,,32.00,,,,,,,false,true,12,2015-01-01,2015-12-31,0
,48120,2015-12-31,,,,,,,,,,,,,,,,,,,,,,,,,,,,,,14.00,,,,,,,false,false,12,2015-01-01,2015-12-31,0
,48120,2014-12-31,,,,,,,,,,,,,,,,,,,,,,,,,,,,,,26.00,,,,,,,false,false,12,2014-01-01,2014-12-31,-1
2016-02-09,48120,2015-12-31,,56771000000,,,,,,2122000000,,2526000000,,,3015000000,,92.54,,0.073,0.040,0.037,,63115000000,41997000000,0.665,1288.23,41974000000,5624000000,2642000000,-1619000000,24230000000,,0.346,,,,,,true,false,12,2015-01-01,2015-12-31,0
2016-02-09,48120,2014-12-31,,78267000000,0.058,,,,,4478000000,0.039,4966000000,0.042,,2166000000,,66.50,,0.055,0.082,0.057,,62328000000,40499000000,0.649,1242.15,40472000000,8776000000,-2583000000,-1729000000,17714000000,,0.391,,,,,,true,false,12,2014-01-01,2014-12-31,-1
2016-02-09,48120,2016-12-31,,40179000000,,,,,,2675000000,,2752000000,,,1794000000,,55.06,,,,,,,,,,,,,,,,,,,,,,true,true,6,2016-01-01,2016-06-30,1
2016-02-09,48120,2016-12-31,,82013000000,,,,,,5700000000,,5873000000,,,3871000000,,118.82,,,,,,,,,,,,,,,,0.353,,,,,,true,true,12,2016-01-01,2016-12-31,1
2016-02-09,48120,2015-12-31,,46938000000,,,,,,687000000,,2153000000,,3089000000,,,94.83,,,,,,57480000000,36190000000,0.630,1110.72,36190000000,,,,,32.00,,,,32591240,8430,32582810,false,false,12,2015-01-01,2015-12-31,0
2016-02-09,48120,2014-12-31,,64478000000,0.053,,,,,2470000000,0.285,3593000000,0.194,1333000000,,-0.279,40.94,,,,,,55778000000,34483000000,0.618,1058.35,34483000000,,,,,26.00,,,,32591240,8430,32582861,false,false,12,2014-01-01,2014-12-31,-1
2016-02-09,48120,2016-12-31,,,,,,,,,,,,,,,,,,,,,,,,,,,,,,42.00,,,,,,,false,true,12,2016-01-01,2016-12-31,1
2016-04-28,48120,2016-12-31,1,20127000000,,,,,,2027000000,,2112000000,,,1605000000,,49.29,,,,,,63440000000,42818000000,0.675,,42798000000,,,,,,,,,,,,true,false,3,2016-01-01,2016-03-31,0
2016-04-28,48120,2015-12-31,1,15704000000,0.109,,,,,-736000000,,-581000000,,,-416000000,,-12.79,,,,,,,,,,,,,,,,,,,,,,true,false,3,2015-01-01,2015-03-31,-1
2016-04-28,48120,2016-12-31,1,40179000000,,,,,,2675000000,,2752000000,,,1794000000,,55.06,,,,,,,,,,,,,,,,,,,,,,true,true,6,2016-01-01,2016-06-30,0
2016-04-28,48120,2016-12-31,1,82013000000,,,,,,5700000000,,5873000000,,,3871000000,,118.82,,,,,,,,,,,,,,,,,,,,,,true,true,12,2016-01-01,2016-12-31,0
2016-04-28,48120,2015-12-31,1,,,,,,,,,,,,,,,,,,,,63115000000,41997000000,0.665,,41974000000,,,,,,,,,,,,true,false,12,2015-01-01,2015-12-31,-1
2016-04-28,48120,2015-12-31,1,,,,,,,,,,,,,,,,,,,,,,,,,,,,,32.00,,,,32591240,8430,,false,false,12,2015-01-01,2015-12-31,-1
2016-04-28,48120,2016-12-31,1,,,,,,,,,,,,,,,,,,,,,,,,,,,,,42.00,,,,,,,false,true,12,2016-01-01,2016-12-31,0
2016-04-28,48120,2016-12-31,1,,,,,,,,,,,,,,,,,,,,,,,,,,,,,,,,,32591240,8430,32582810,false,false,3,2016-01-01,2016-03-31,0
2016-04-28,48120,2015-12-31,1,,,,,,,,,,,,,,,,,,,,,,,,,,,,,,,,,,,32582810,false,false,3,2015-01-01,2015-03-31,-1
2016-07-15,48120,2016-12-31,,39578000000,-0.015,,,,,3341000000,0.249,3524000000,0.281,,2527000000,,77.57,,,,,,,,,,,,,,,,,,,,,,true,true,6,2016-01-01,2016-06-30,0
2016-07-28,48120,2016-12-31,2,39578000000,,,,,,3341000000,,3524000000,,,2527000000,,77.57,,,,,,65546000000,43356000000,0.661,,43334000000,,,,,,,,,,,,true,false,6,2016-01-01,2016-06-30,0
2016-07-28,48120,2015-12-31,2,37765000000,0.054,,,,,1763000000,1.022,2056000000,1.096,,1342000000,,41.20,,,,,,,,,,,,,,,,,,,,,,true,false,6,2015-01-01,2015-06-30,-1
2016-07-28,48120,2016-12-31,2,82013000000,,,,,,5700000000,,5873000000,,,3871000000,,118.82,,,,,,,,,,,,,,,,,,,,,,true,true,12,2016-01-01,2016-12-31,0
2016-07-28,48120,2015-12-31,2,,,,,,,,,,,,,,,,,,,,63115000000,41997000000,0.665,,41974000000,,,,,,,,,,,,true,false,12,2015-01-01,2015-12-31,-1
2016-07-28,48120,2015-12-31,2,,,,,,,,,,,,,,,,,,,,,,,,,,,,,32.00,,,,32591240,8430,,false,false,12,2015-01-01,2015-12-31,-1
2016-07-28,48120,2016-12-31,2,,,,,,,,,,,,,,,,,,,,,,,,,,,,,21.00,,,,,,,false,false,12,2016-01-01,2016-12-31,0
2016-07-28,48120,2016-12-31,2,,,,,,,,,,,,,,,,,,,,,,,,,,,,,42.00,,,,,,,false,true,12,2016-01-01,2016-12-31,0
2016-07-28,48120,2016-12-31,2,,,,,,,,,,,,,,,,,,,,,,,,,,,,,,,,,32591240,8430,32582810,false,false,6,2016-01-01,2016-06-30,0
2016-07-28,48120,2015-12-31,2,,,,,,,,,,,,,,,,,,,,,,,,,,,,,,,,,,,32582810,false,false,6,2015-01-01,2015-06-30,-1
2016-10-31,48120,2016-12-31,3,57797000000,,,,,,4394000000,,4608000000,,,3208000000,,98.49,,,,,,63303000000,43298000000,0.684,,43273000000,,,,,,,,,,,,true,false,9,2016-01-01,2016-09-30,0
2016-10-31,48120,2016-12-31,3,82013000000,,,,,,5700000000,,5873000000,,,3871000000,,118.82,,,,,,,,,,,,,,,,,,,,,,true,true,12,2016-01-01,2016-12-31,0
2016-10-31,48120,2015-12-31,3,,,,,,,,,,,,,,,,,,,,63115000000,41997000000,0.665,,41974000000,,,,,,,,,,,,true,false,12,2015-01-01,2015-12-31,-1
2016-10-31,48120,2015-12-31,3,,,,,,,,,,,,,,,,,,,,,,,,,,,,,32.00,,,,32591240,8430,,false,false,12,2015-01-01,2015-12-31,-1
2016-10-31,48120,2016-12-31,3,,,,,,,,,,,,,,,,,,,,,,,,,,,,,21.00,,,,,,,false,false,12,2016-01-01,2016-12-31,0
2016-10-31,48120,2016-12-31,3,,,,,,,,,,,,,,,,,,,,,,,,,,,,,42.00,,,,,,,false,true,12,2016-01-01,2016-12-31,0
2016-10-31,48120,2016-12-31,3,,,,,,,,,,,,,,,,,,,,,,,,,,,,,,,,,32591240,8430,32582810,false,false,9,2016-01-01,2016-09-30,0
,48120,2016-12-31,,,,,,,,,,,,,,,,,,,,,,,,,,,,,,50.00,,,,,,,false,true,12,2016-01-01,2016-12-31,0
,48120,2016-12-31,,,,,,,,,,,,,,,,,,,,,,,,,,,,,,21.00,,,,,,,false,false,12,2016-01-01,2016-12-31,0
,48120,2015-12-31,,,,,,,,,,,,,,,,,,,,,,,,,,,,,,32.00,,,,,,,false,false,12,2015-01-01,2015-12-31,-1
2017-01-20,48120,2016-12-31,,79783000000,-0.027,,,,,6488000000,0.138,6704000000,0.141,4580000000,,0.183,140.58,,,,,,,,,,,,,,,,,,,,,,true,true,12,2016-01-01,2016-12-31,0
2017-02-09,48120,2016-12-31,,79783000000,,,,,,6488000000,,6704000000,,,4580000000,,140.58,,0.105,0.104,0.081,,66291000000,45027000000,0.679,1381.10,45000000000,8303000000,-34000000,-1991000000,30248000000,,0.356,,,,,,true,false,12,2016-01-01,2016-12-31,0
2017-02-09,48120,2015-12-31,,56771000000,,,,,,2122000000,,2526000000,,,3015000000,,92.54,,0.073,0.040,0.037,,63115000000,41997000000,0.665,1288.23,41974000000,5624000000,2642000000,-1619000000,24230000000,,0.346,,,,,,true,false,12,2015-01-01,2015-12-31,-1
2017-02-09,48120,2017-12-31,,40594000000,0.026,,,,,3101000000,-0.072,3127000000,-0.113,,2096000000,,64.34,,,,,,,,,,,,,,,,,,,,,,true,true,6,2017-01-01,2017-06-30,1
2017-02-09,48120,2017-12-31,,84000000000,0.053,,,,,6700000000,0.033,6737000000,0.005,,4549000000,,139.63,,,,,,,,,,,,,,,,0.358,,,,,,true,true,12,2017-01-01,2017-12-31,1
2017-02-09,48120,2016-12-31,,67198000000,,,,,,4562000000,,5717000000,,4587000000,,,140.79,,,,,,60950000000,39518000000,0.648,1212.87,39518000000,,,,,50.00,,,,32591240,8470,32582806,false,false,12,2016-01-01,2016-12-31,0
2017-02-09,48120,2015-12-31,,46938000000,,,,,,687000000,,2153000000,,3089000000,,,94.83,,,,,,57480000000,36190000000,0.630,1110.72,36190000000,,,,,32.00,,,,32591240,8430,32582810,false,false,12,2015-01-01,2015-12-31,-1
2017-02-09,48120,2017-12-31,,,,,,,,,,,,,,,,,,,,,,,,,,,,,,50.00,,,,,,,false,true,12,2017-01-01,2017-12-31,1
2017-04-28,48120,2017-12-31,1,19901000000,-0.011,,,,,1685000000,-0.169,1748000000,-0.172,,1383000000,,42.45,,,,,,65221000000,45373000000,0.695,,45351000000,,,,,,,,,,,,true,false,3,2017-01-01,2017-03-31,0
2017-04-28,48120,2016-12-31,1,20127000000,,,,,,2027000000,,2112000000,,,1605000000,,49.29,,,,,,,,,,,,,,,,,,,,,,true,false,3,2016-01-01,2016-03-31,-1
2017-04-28,48120,2017-12-31,1,40594000000,0.026,,,,,3101000000,-0.072,3127000000,-0.113,,2096000000,,64.34,,,,,,,,,,,,,,,,,,,,,,true,true,6,2017-01-01,2017-06-30,0
2017-04-28,48120,2017-12-31,1,84000000000,0.053,,,,,6700000000,0.033,6737000000,0.005,,4549000000,,139.63,,,,,,,,,,,,,,,,,,,,,,true,true,12,2017-01-01,2017-12-31,0
2017-04-28,48120,2016-12-31,1,,,,,,,,,,,,,,,,,,,,66291000000,45027000000,0.679,,45000000000,,,,,,,,,,,,true,false,12,2016-01-01,2016-12-31,-1
2017-04-28,48120,2016-12-31,1,,,,,,,,,,,,,,,,,,,,,,,,,,,,,50.00,,,,32591240,8470,,false,false,12,2016-01-01,2016-12-31,-1
2017-04-28,48120,2017-12-31,1,,,,,,,,,,,,,,,,,,,,,,,,,,,,,50.00,,,,,,,false,true,12,2017-01-01,2017-12-31,0
2017-04-28,48120,2017-12-31,1,,,,,,,,,,,,,,,,,,,,,,,,,,,,,,,,,32591240,8470,32582770,false,false,3,2017-01-01,2017-03-31,0
2017-04-28,48120,2016-12-31,1,,,,,,,,,,,,,,,,,,,,,,,,,,,,,,,,,,,32582810,false,false,3,2016-01-01,2016-03-31,-1
2017-07-18,48120,2017-12-31,,40525000000,-0.002,,,,,3133000000,0.010,3210000000,0.027,,2801000000,,85.97,,,,,,,,,,,,,,,,,,,,,,true,true,6,2017-01-01,2017-06-30,0
2017-07-18,48120,2016-12-31,,39578000000,,,,,,3341000000,,3524000000,,,2527000000,,77.57,,,,,,,,,,,,,,,,,,,,,,true,false,6,2016-01-01,2016-06-30,-1
2017-07-27,48120,2017-12-31,2,40525000000,0.024,,,,,3133000000,-0.062,3210000000,-0.089,,2801000000,,85.97,,,,,,70074000000,46835000000,0.668,,46811000000,,,,,,,,,,,,true,false,6,2017-01-01,2017-06-30,0
2017-07-27,48120,2016-12-31,2,39578000000,,,,,,3341000000,,3524000000,,,2527000000,,77.57,,,,,,,,,,,,,,,,,,,,,,true,false,6,2016-01-01,2016-06-30,-1
2017-07-27,48120,2017-12-31,2,84000000000,0.053,,,,,6700000000,0.033,6737000000,0.005,,4549000000,,139.63,,,,,,,,,,,,,,,,,,,,,,true,true,12,2017-01-01,2017-12-31,0
2017-07-27,48120,2016-12-31,2,,,,,,,,,,,,,,,,,,,,66291000000,45027000000,0.679,,45000000000,,,,,,,,,,,,true,false,12,2016-01-01,2016-12-31,-1
2017-07-27,48120,2016-12-31,2,,,,,,,,,,,,,,,,,,,,,,,,,,,,,50.00,,,,32591240,8470,,false,false,12,2016-01-01,2016-12-31,-1
2017-07-27,48120,2017-12-31,2,,,,,,,,,,,,,,,,,,,,,,,,,,,,,25.00,,,,,,,false,false,12,2017-01-01,2017-12-31,0
2017-07-27,48120,2017-12-31,2,,,,,,,,,,,,,,,,,,,,,,,,,,,,,50.00,,,,,,,false,true,12,2017-01-01,2017-12-31,0
2017-07-27,48120,2017-12-31,2,,,,,,,,,,,,,,,,,,,,,,,,,,,,,,,,,32591240,8470,32582770,false,false,6,2017-01-01,2017-06-30,0
2017-07-27,48120,2016-12-31,2,,,,,,,,,,,,,,,,,,,,,,,,,,,,,,,,,,,32582810,false,false,6,2016-01-01,2016-06-30,-1
2017-10-31,48120,2017-12-31,3,59225000000,0.025,,,,,3316000000,-0.245,3428000000,-0.256,,2759000000,,84.69,,,,,,69082000000,46076000000,0.667,,46049000000,,,,,,,,,,,,true,false,9,2017-01-01,2017-09-30,0
2017-10-31,48120,2016-12-31,3,57797000000,,,,,,4394000000,,4608000000,,,3208000000,,98.49,,,,,,,,,,,,,,,,,,,,,,true,false,9,2016-01-01,2016-09-30,-1
2017-10-31,48120,2017-12-31,3,84000000000,0.053,,,,,6700000000,0.033,6737000000,0.005,,4549000000,,139.63,,,,,,,,,,,,,,,,,,,,,,true,true,12,2017-01-01,2017-12-31,0
2017-10-31,48120,2016-12-31,3,,,,,,,,,,,,,,,,,,,,66291000000,45027000000,0.679,,45000000000,,,,,,,,,,,,true,false,12,2016-01-01,2016-12-31,-1
2017-10-31,48120,2016-12-31,3,,,,,,,,,,,,,,,,,,,,,,,,,,,,,50.00,,,,32591240,8470,,false,false,12,2016-01-01,2016-12-31,-1
2017-10-31,48120,2017-12-31,3,,,,,,,,,,,,,,,,,,,,,,,,,,,,,25.00,,,,,,,false,false,12,2017-01-01,2017-12-31,0
2017-10-31,48120,2017-12-31,3,,,,,,,,,,,,,,,,,,,,,,,,,,,,,50.00,,,,,,,false,true,12,2017-01-01,2017-12-31,0
2017-10-31,48120,2017-12-31,3,,,,,,,,,,,,,,,,,,,,,,,,,,,,,,,,,32591240,8470,32582770,false,false,9,2017-01-01,2017-09-30,0
2017-10-31,48120,2016-12-31,3,,,,,,,,,,,,,,,,,,,,,,,,,,,,,,,,,,,32582810,false,false,9,2016-01-01,2016-09-30,-1
2018-01-19,48120,2017-12-31,,83423000000,-0.007,,,,,5489000000,-0.181,5642000000,-0.163,,4438000000,,136.24,,,,,,,,,,,,,,,,,,,,,,true,true,12,2017-01-01,2017-12-31,0
2018-01-19,48120,2016-12-31,,79783000000,,,,,,6488000000,,6704000000,,,4580000000,,140.58,,,,,,,,,,,,,,,,,,,,,,true,false,12,2016-01-01,2016-12-31,-1
2018-02-09,48120,2017-12-31,,83423000000,0.046,,,,,5489000000,-0.154,5642000000,-0.158,,4438000000,,136.24,,0.096,0.082,0.066,,72003000000,47800000000,0.663,1466.16,47771000000,4265000000,-1855000000,-2363000000,30353000000,,0.382,,,,,,true,false,12,2017-01-01,2017-12-31,0
2018-02-09,48120,2016-12-31,,79783000000,,,,,,6488000000,,6704000000,,,4580000000,,140.58,,0.105,0.104,0.081,,66291000000,45027000000,0.679,1381.10,45000000000,8303000000,-34000000,-1991000000,30248000000,,0.356,,,,,,true,false,12,2016-01-01,2016-12-31,-1
2018-02-09,48120,2018-12-31,,41941000000,0.035,,,,,3211000000,0.025,3243000000,0.010,,2224000000,,68.28,,,,,,,,,,,,,,,,,,,,,,true,true,6,2018-01-01,2018-06-30,1
2018-02-09,48120,2018-12-31,,88000000000,0.055,,,,,7000000000,0.275,7034000000,0.247,,4807000000,,147.56,,,,,,,,,,,,,,,,0.380,,,,,,true,true,12,2018-01-01,2018-12-31,1
2018-02-09,48120,2017-12-31,,69115000000,0.029,,,,,3707000000,-0.187,5090000000,-0.110,3908000000,,-0.148,119.96,,,,,,64268000000,41690000000,0.649,1279.51,41690000000,,,,,52.00,,,,32591240,8470,32582770,false,false,12,2017-01-01,2017-12-31,0
2018-02-09,48120,2016-12-31,,67198000000,,,,,,4562000000,,5717000000,,4587000000,,,140.79,,,,,,60950000000,39518000000,0.648,1212.87,39518000000,,,,,50.00,,,,32591240,8470,32582806,false,false,12,2016-01-01,2016-12-31,-1
2018-02-09,48120,2018-12-31,,,,,,,,,,,,,,,,,,,,,,,,,,,,,,56.00,,,,,,,false,true,12,2018-01-01,2018-12-31,1
2018-04-27,48120,2018-12-31,1,21217000000,0.066,,,,,2217000000,0.316,2242000000,0.283,,1538000000,,47.21,,,,,,71976000000,48342000000,0.671,,48321000000,,,,,,,,,,,,true,false,3,2018-01-01,2018-03-31,0
2018-04-27,48120,2017-12-31,1,19901000000,-0.011,,,,,1685000000,-0.169,1748000000,-0.172,,1383000000,,42.45,,,,,,,,,,,,,,,,,,,,,,true,false,3,2017-01-01,2017-03-31,-1
2018-04-27,48120,2018-12-31,1,41941000000,0.035,,,,,3211000000,0.025,3243000000,0.010,,2224000000,,68.28,,,,,,,,,,,,,,,,,,,,,,true,true,6,2018-01-01,2018-06-30,0
2018-04-27,48120,2018-12-31,1,88000000000,0.055,,,,,7000000000,0.275,7034000000,0.247,,4807000000,,147.56,,,,,,,,,,,,,,,,,,,,,,true,true,12,2018-01-01,2018-12-31,0
2018-04-27,48120,2017-12-31,1,,,,,,,,,,,,,,,,,,,,72003000000,47800000000,0.663,,47771000000,,,,,,,,,,,,true,false,12,2017-01-01,2017-12-31,-1
2018-04-27,48120,2017-12-31,1,,,,,,,,,,,,,,,,,,,,,,,,,,,,,52.00,,,,32591240,8470,,false,false,12,2017-01-01,2017-12-31,-1
2018-04-27,48120,2018-12-31,1,,,,,,,,,,,,,,,,,,,,,,,,,,,,,56.00,,,,,,,false,true,12,2018-01-01,2018-12-31,0
2018-04-27,48120,2018-12-31,1,,,,,,,,,,,,,,,,,,,,,,,,,,,,,,,,,32591240,8579,32582702,false,false,3,2018-01-01,2018-03-31,0
2018-04-27,48120,2017-12-31,1,,,,,,,,,,,,,,,,,,,,,,,,,,,,,,,,,,,32582770,false,false,3,2017-01-01,2017-03-31,-1
2018-07-19,48120,2018-12-31,,43086000000,0.027,,,,,3801000000,0.184,3860000000,0.190,,2641000000,,81.08,,,,,,,,,,,,,,,,,,,,,,true,true,6,2018-01-01,2018-06-30,0
2018-07-19,48120,2017-12-31,,40525000000,,,,,,3133000000,,3210000000,,,2801000000,,85.97,,,,,,,,,,,,,,,,,,,,,,true,false,6,2017-01-01,2017-06-30,-1
2018-07-31,48120,2018-12-31,2,43086000000,0.063,,,,,3801000000,0.213,3860000000,0.202,,2641000000,,81.08,,,,,,76641000000,49421000000,0.645,,49397000000,,,,,,,,,,,,true,false,6,2018-01-01,2018-06-30,0
2018-07-31,48120,2017-12-31,2,40525000000,0.024,,,,,3133000000,-0.062,3210000000,-0.089,,2801000000,,85.97,,,,,,,,,,,,,,,,,,,,,,true,false,6,2017-01-01,2017-06-30,-1
2018-07-31,48120,2018-12-31,2,88000000000,0.055,,,,,7000000000,0.275,7034000000,0.247,,4807000000,,147.56,,,,,,,,,,,,,,,,,,,,,,true,true,12,2018-01-01,2018-12-31,0
2018-07-31,48120,2017-12-31,2,,,,,,,,,,,,,,,,,,,,72003000000,47800000000,0.663,,47771000000,,,,,,,,,,,,true,false,12,2017-01-01,2017-12-31,-1
2018-07-31,48120,2017-12-31,2,,,,,,,,,,,,,,,,,,,,,,,,,,,,,52.00,,,,32591240,8470,,false,false,12,2017-01-01,2017-12-31,-1
2018-07-31,48120,2018-12-31,2,,,,,,,,,,,,,,,,,,,,,,,,,,,,,28.00,,,,,,,false,false,12,2018-01-01,2018-12-31,0
2018-07-31,48120,2018-12-31,2,,,,,,,,,,,,,,,,,,,,,,,,,,,,,56.00,,,,,,,false,true,12,2018-01-01,2018-12-31,0
2018-07-31,48120,2018-12-31,2,,,,,,,,,,,,,,,,,,,,,,,,,,,,,,,,,32591240,8623,32582676,false,false,6,2018-01-01,2018-06-30,0
2018-07-31,48120,2017-12-31,2,,,,,,,,,,,,,,,,,,,,,,,,,,,,,,,,,,,32582770,false,false,6,2017-01-01,2017-06-30,-1
2018-10-31,48120,2018-12-31,3,64625000000,0.091,,,,,5662000000,0.707,5675000000,0.655,,3788000000,,116.28,,,,,,77298000000,49666000000,0.642,,49638000000,,,,,,,,,,,,true,false,9,2018-01-01,2018-09-30,0
2018-10-31,48120,2017-12-31,3,59225000000,0.025,,,,,3316000000,-0.245,3428000000,-0.256,,2759000000,,84.69,,,,,,,,,,,,,,,,,,,,,,true,false,9,2017-01-01,2017-09-30,-1
2018-10-31,48120,2018-12-31,3,88000000000,0.055,,,,,7000000000,0.275,7034000000,0.247,,4807000000,,147.56,,,,,,,,,,,,,,,,,,,,,,true,true,12,2018-01-01,2018-12-31,0
2018-10-31,48120,2017-12-31,3,,,,,,,,,,,,,,,,,,,,72003000000,47800000000,0.663,,47771000000,,,,,,,,,,,,true,false,12,2017-01-01,2017-12-31,-1
2018-10-31,48120,2017-12-31,3,,,,,,,,,,,,,,,,,,,,,,,,,,,,,52.00,,,,32591240,8470,,false,false,12,2017-01-01,2017-12-31,-1
2018-10-31,48120,2018-12-31,3,,,,,,,,,,,,,,,,,,,,,,,,,,,,,28.00,,,,,,,false,false,12,2018-01-01,2018-12-31,0
2018-10-31,48120,2018-12-31,3,,,,,,,,,,,,,,,,,,,,,,,,,,,,,56.00,,,,,,,false,true,12,2018-01-01,2018-12-31,0
2018-10-31,48120,2018-12-31,3,,,,,,,,,,,,,,,,,,,,,,,,,,,,,,,,,32591240,8623,32582656,false,false,9,2018-01-01,2018-09-30,0
2018-10-31,48120,2017-12-31,3,,,,,,,,,,,,,,,,,,,,,,,,,,,,,,,,,,,32582770,false,false,9,2017-01-01,2017-09-30,-1
2019-01-22,48120,2018-12-31,,91024000000,0.034,,,,,8239000000,0.177,8197000000,0.165,5187000000,,0.079,159.22,,,,,,,,,,,,,,,,,,,,,,true,true,12,2018-01-01,2018-12-31,0
2019-01-22,48120,2017-12-31,,83423000000,,,,,,5489000000,,5642000000,,4438000000,,,136.24,,,,,,,,,,,,,,,,,,,,,,true,false,12,2017-01-01,2017-12-31,-1
2019-02-08,48120,2018-12-31,,91024000000,0.091,,,,,8239000000,0.501,8197000000,0.453,,5187000000,,159.22,,0.105,0.108,0.091,,80273000000,50966000000,0.635,1563.28,50935000000,9319000000,-3353000000,-2564000000,33620000000,,0.396,,,,,,true,false,12,2018-01-01,2018-12-31,0
2019-02-08,48120,2017-12-31,,83423000000,0.046,,,,,5489000000,-0.154,5642000000,-0.158,,4438000000,,136.24,,0.096,0.082,0.066,,72003000000,47800000000,0.663,1466.16,47771000000,4265000000,-1855000000,-2363000000,30353000000,,0.382,,,,,,true,false,12,2017-01-01,2017-12-31,-1
2019-02-08,48120,2019-12-31,,46264000000,0.074,,,,,3960000000,0.042,3930000000,0.018,,2678000000,,82.20,,,,,,,,,,,,,,,,,,,,,,true,true,6,2019-01-01,2019-06-30,1
2019-02-08,48120,2019-12-31,,93000000000,0.022,,,,,8500000000,0.032,8408000000,0.026,,5683000000,,174.44,,,,,,,,,,,,,,,,0.401,,,,,,true,true,12,2019-01-01,2019-12-31,1
2019-02-08,48120,2018-12-31,,76343000000,0.105,,,,,5966000000,0.609,7777000000,0.528,5278000000,,0.351,162.01,,,,,,72115000000,45109000000,0.626,1384.46,45109000000,,,,,63.00,,,,32591240,8663,32582637,false,false,12,2018-01-01,2018-12-31,0
2019-02-08,48120,2017-12-31,,69115000000,0.029,,,,,3707000000,-0.187,5090000000,-0.110,3908000000,,-0.148,119.96,,,,,,64268000000,41690000000,0.649,1279.51,41690000000,,,,,52.00,,,,32591240,8470,32582770,false,false,12,2017-01-01,2017-12-31,-1
2019-02-08,48120,2019-12-31,,,,,,,,,,,,,,,,,,,,,,,,,,,,,,70.00,,,,,,,false,true,12,2019-01-01,2019-12-31,1
2019-04-25,48120,2019-12-31,1,23035000000,0.086,,,,,2558000000,0.154,2567000000,0.145,,1743000000,,53.52,,,,,,80021000000,51592000000,0.644,,51569000000,,,,,,,,,,,,true,false,3,2019-01-01,2019-03-31,0
2019-04-25,48120,2018-12-31,1,21217000000,0.066,,,,,2217000000,0.316,2242000000,0.283,,1538000000,,47.21,,,,,,,,,,,,,,,,,,,,,,true,false,3,2018-01-01,2018-03-31,-1
2019-04-25,48120,2019-12-31,1,46264000000,0.074,,,,,3960000000,0.042,3930000000,0.018,,2678000000,,82.20,,,,,,,,,,,,,,,,,,,,,,true,true,6,2019-01-01,2019-06-30,0
2019-04-25,48120,2019-12-31,1,93000000000,0.022,,,,,8500000000,0.032,8408000000,0.026,,5683000000,,174.44,,,,,,,,,,,,,,,,,,,,,,true,true,12,2019-01-01,2019-12-31,0
2019-04-25,48120,2018-12-31,1,,,,,,,,,,,,,,,,,,,,80273000000,50966000000,0.635,,50935000000,,,,,,,,,,,,true,false,12,2018-01-01,2018-12-31,-1
2019-04-25,48120,2018-12-31,1,,,,,,,,,,,,,,,,,,,,,,,,,,,,,63.00,,,,32591240,8663,,false,false,12,2018-01-01,2018-12-31,-1
2019-04-25,48120,2019-12-31,1,,,,,,,,,,,,,,,,,,,,,,,,,,,,,70.00,,,,,,,false,true,12,2019-01-01,2019-12-31,0
2019-04-25,48120,2019-12-31,1,,,,,,,,,,,,,,,,,,,,,,,,,,,,,,,,,32591240,8663,32582577,false,false,3,2019-01-01,2019-03-31,0
2019-04-25,48120,2018-12-31,1,,,,,,,,,,,,,,,,,,,,,,,,,,,,,,,,,,,32582702,false,false,3,2018-01-01,2018-03-31,-1
2019-07-17,48120,2019-12-31,,49185000000,0.063,,,,,5204000000,0.314,5152000000,0.311,3412000000,,0.274,104.74,,,,,,,,,,,,,,,,,,,,,,true,true,6,2019-01-01,2019-06-30,0
2019-07-17,48120,2018-12-31,,43086000000,,,,,,3801000000,,3860000000,,2641000000,,,81.08,,,,,,,,,,,,,,,,,,,,,,true,false,6,2018-01-01,2018-06-30,-1
2019-07-31,48120,2019-12-31,2,49185000000,0.142,,,,,5204000000,0.369,5152000000,0.335,,3412000000,,104.74,,,,,,85727000000,53150000000,0.620,,53125000000,,,,,,,,,,,,true,false,6,2019-01-01,2019-06-30,0
2019-07-31,48120,2018-12-31,2,43086000000,0.063,,,,,3801000000,0.213,3860000000,0.202,,2641000000,,81.08,,,,,,,,,,,,,,,,,,,,,,true,false,6,2018-01-01,2018-06-30,-1
2019-07-31,48120,2019-12-31,2,93000000000,0.022,,,,,8500000000,0.032,8408000000,0.026,,5683000000,,174.44,,,,,,,,,,,,,,,,,,,,,,true,true,12,2019-01-01,2019-12-31,0
2019-07-31,48120,2018-12-31,2,,,,,,,,,,,,,,,,,,,,80273000000,50966000000,0.635,,50935000000,,,,,,,,,,,,true,false,12,2018-01-01,2018-12-31,-1
2019-07-31,48120,2018-12-31,2,,,,,,,,,,,,,,,,,,,,,,,,,,,,,63.00,,,,32591240,8663,,false,false,12,2018-01-01,2018-12-31,-1
2019-07-31,48120,2019-12-31,2,,,,,,,,,,,,,,,,,,,,,,,,,,,,,35.00,,,,,,,false,false,12,2019-01-01,2019-12-31,0
2019-07-31,48120,2019-12-31,2,,,,,,,,,,,,,,,,,,,,,,,,,,,,,70.00,,,,,,,false,true,12,2019-01-01,2019-12-31,0
2019-07-31,48120,2019-12-31,2,,,,,,,,,,,,,,,,,,,,,,,,,,,,,,,,,32591240,8743,32582548,false,false,6,2019-01-01,2019-06-30,0
2019-07-31,48120,2018-12-31,2,,,,,,,,,,,,,,,,,,,,,,,,,,,,,,,,,,,32582676,false,false,6,2018-01-01,2018-06-30,-1
2019-11-01,48120,2019-12-31,3,72963000000,0.129,,,,,7602000000,0.343,7539000000,0.329,,5160000000,,158.38,,,,,,85176000000,53702000000,0.630,,53677000000,,,,,,,,,,,,true,false,9,2019-01-01,2019-09-30,0
2019-11-01,48120,2018-12-31,3,64625000000,0.091,,,,,5662000000,0.707,5675000000,0.655,,3788000000,,116.28,,,,,,,,,,,,,,,,,,,,,,true,false,9,2018-01-01,2018-09-30,-1
2019-11-01,48120,2019-12-31,3,93000000000,0.022,,,,,8500000000,0.032,8408000000,0.026,,5683000000,,174.44,,,,,,,,,,,,,,,,,,,,,,true,true,12,2019-01-01,2019-12-31,0
2019-11-01,48120,2018-12-31,3,,,,,,,,,,,,,,,,,,,,80273000000,50966000000,0.635,,50935000000,,,,,,,,,,,,true,false,12,2018-01-01,2018-12-31,-1
2019-11-01,48120,2018-12-31,3,,,,,,,,,,,,,,,,,,,,,,,,,,,,,63.00,,,,32591240,8663,,false,false,12,2018-01-01,2018-12-31,-1
2019-11-01,48120,2019-12-31,3,,,,,,,,,,,,,,,,,,,,,,,,,,,,,35.00,,,,,,,false,false,12,2019-01-01,2019-12-31,0
2019-11-01,48120,2019-12-31,3,,,,,,,,,,,,,,,,,,,,,,,,,,,,,70.00,,,,,,,false,true,12,2019-01-01,2019-12-31,0
2019-11-01,48120,2019-12-31,3,,,,,,,,,,,,,,,,,,,,,,,,,,,,,,,,,32591240,8843,32582513,false,false,9,2019-01-01,2019-09-30,0
2019-11-01,48120,2018-12-31,3,,,,,,,,,,,,,,,,,,,,,,,,,,,,,,,,,,,32582656,false,false,9,2018-01-01,2018-09-30,-1
2020-01-22,48120,2019-12-31,,100679000000,0.083,,,,,10075000000,0.185,9648000000,0.147,,6226000000,,191.11,,,,,,,,,,,,,,,,,,,,,,true,true,12,2019-01-01,2019-12-31,0
2020-01-22,48120,2018-12-31,,91024000000,,,,,,8239000000,,8197000000,,,5187000000,,159.22,,,,,,,,,,,,,,,,,,,,,,true,false,12,2018-01-01,2018-12-31,-1
2020-01-22,48120,2019-12-31,,,,,,,,,,,,,,,,,,,,,,,,,,,,,,77.00,,,,,,,false,true,12,2019-01-01,2019-12-31,0
2020-01-22,48120,2019-12-31,,,,,,,,,,,,,,,,,,,,,,,,,,,,,,35.00,,,,,,,false,false,12,2019-01-01,2019-12-31,0
2020-01-22,48120,2018-12-31,,,,,,,,,,,,,,,,,,,,,,,,,,,,,,63.00,,,,,,,false,false,12,2018-01-01,2018-12-31,-1
2020-02-10,48120,2019-12-31,,100679000000,0.106,,,,,10075000000,0.223,9648000000,0.177,,6226000000,,191.11,,0.118,0.115,0.100,,87305000000,54882000000,0.628,1683.70,54858000000,10642000000,-3952000000,-3260000000,36981000000,,0.403,,,,,,true,false,12,2019-01-01,2019-12-31,0
2020-02-10,48120,2018-12-31,,91024000000,0.091,,,,,8239000000,0.501,8197000000,0.453,,5187000000,,159.22,,0.105,0.108,0.091,,80273000000,50966000000,0.635,1563.28,50935000000,9319000000,-3353000000,-2564000000,33620000000,,0.396,,,,,,true,false,12,2018-01-01,2018-12-31,-1
2020-02-10,48120,2020-12-31,,52300000000,0.063,,,,,5300000000,0.018,5164000000,0.002,,3450000000,,105.89,,,,,,,,,,,,,,,,,,,,,,true,true,6,2020-01-01,2020-06-30,1
2020-02-10,48120,2020-12-31,,105000000000,0.043,,,,,10500000000,0.042,10217000000,0.059,,6911000000,,212.11,,,,,,,,,,,,,,,,0.405,,,,,,true,true,12,2020-01-01,2020-12-31,1
2020-02-10,48120,2019-12-31,,86107000000,0.128,,,,,7392000000,0.239,8633000000,0.110,5960000000,,0.129,182.93,,,,,,79887000000,48826000000,0.611,1498.56,48826000000,,,,,77.00,,,,32591240,8869,32582481,false,false,12,2019-01-01,2019-12-31,0
2020-02-10,48120,2018-12-31,,76343000000,0.105,,,,,5966000000,0.609,7777000000,0.528,5278000000,,0.351,162.01,,,,,,72115000000,45109000000,0.626,1384.46,45109000000,,,,,63.00,,,,32591240,8663,32582637,false,false,12,2018-01-01,2018-12-31,-1
2020-02-10,48120,2020-12-31,,,,,,,,,,,,,,,,,,,,,,,,,,,,,,86.00,,,,,,,false,true,12,2020-01-01,2020-12-31,1
2020-04-28,48120,2020-12-31,1,26366000000,0.145,,,,,3294000000,0.288,3252000000,0.266,,2060000000,,63.23,,,,,,88228000000,55496000000,0.629,,55476000000,,,,,,,,,,,,true,false,3,2020-01-01,2020-03-31,0
2020-04-28,48120,2019-12-31,1,23035000000,0.086,,,,,2558000000,0.154,2567000000,0.145,,1743000000,,53.52,,,,,,,,,,,,,,,,,,,,,,true,false,3,2019-01-01,2019-03-31,-1
2020-04-28,48120,2020-12-31,1,52300000000,0.063,,,,,5300000000,0.018,5164000000,0.002,,3450000000,,105.89,,,,,,,,,,,,,,,,,,,,,,true,true,6,2020-01-01,2020-06-30,0
2020-04-28,48120,2020-12-31,1,105000000000,0.043,,,,,10500000000,0.042,10217000000,0.059,,6911000000,,212.11,,,,,,,,,,,,,,,,,,,,,,true,true,12,2020-01-01,2020-12-31,0
2020-04-28,48120,2019-12-31,1,,,,,,,,,,,,,,,,,,,,87305000000,54882000000,0.628,,54858000000,,,,,,,,,,,,true,false,12,2019-01-01,2019-12-31,-1
2020-04-28,48120,2019-12-31,1,,,,,,,,,,,,,,,,,,,,,,,,,,,,,77.00,,,,32591240,8869,,false,false,12,2019-01-01,2019-12-31,-1
2020-04-28,48120,2020-12-31,1,,,,,,,,,,,,,,,,,,,,,,,,,,,,,86.00,,,,,,,false,true,12,2020-01-01,2020-12-31,0
2020-04-28,48120,2020-12-31,1,,,,,,,,,,,,,,,,,,,,,,,,,,,,,,,,,32591240,8869,32582371,false,false,3,2020-01-01,2020-03-31,0
2020-04-28,48120,2019-12-31,1,,,,,,,,,,,,,,,,,,,,,,,,,,,,,,,,,,,32582577,false,false,3,2019-01-01,2019-03-31,-1
2020-07-16,48120,2020-12-31,,55020000000,0.052,,,,,6971000000,0.315,6862000000,0.329,,4512000000,,138.50,,,,,,,,,,,,,,,,,,,,,,true,true,6,2020-01-01,2020-06-30,0
2020-07-16,48120,2019-12-31,,49185000000,,,,,,5204000000,,5152000000,,,3412000000,,104.74,,,,,,,,,,,,,,,,,,,,,,true,false,6,2019-01-01,2019-06-30,-1
2020-07-30,48120,2020-12-31,2,55020000000,0.119,,,,,6971000000,0.339,6862000000,0.332,,4512000000,,138.50,,,,,,96994000000,57973000000,0.597,,57952000000,,,,,,,,,,,,true,false,6,2020-01-01,2020-06-30,0
2020-07-30,48120,2019-12-31,2,49185000000,0.142,,,,,5204000000,0.369,5152000000,0.335,,3412000000,,104.74,,,,,,,,,,,,,,,,,,,,,,true,false,6,2019-01-01,2019-06-30,-1
2020-07-30,48120,2020-12-31,2,105000000000,0.043,,,,,10500000000,0.042,10217000000,0.059,,6911000000,,212.11,,,,,,,,,,,,,,,,,,,,,,true,true,12,2020-01-01,2020-12-31,0
2020-07-30,48120,2019-12-31,2,,,,,,,,,,,,,,,,,,,,87305000000,54882000000,0.628,,54858000000,,,,,,,,,,,,true,false,12,2019-01-01,2019-12-31,-1
2020-07-30,48120,2019-12-31,2,,,,,,,,,,,,,,,,,,,,,,,,,,,,,77.00,,,,32591240,8869,,false,false,12,2019-01-01,2019-12-31,-1
2020-07-30,48120,2020-12-31,2,,,,,,,,,,,,,,,,,,,,,,,,,,,,,43.00,,,,,,,false,false,12,2020-01-01,2020-12-31,0
2020-07-30,48120,2020-12-31,2,,,,,,,,,,,,,,,,,,,,,,,,,,,,,86.00,,,,,,,false,true,12,2020-01-01,2020-12-31,0
2020-07-30,48120,2020-12-31,2,,,,,,,,,,,,,,,,,,,,,,,,,,,,,,,,,32591240,8889,32582363,false,false,6,2020-01-01,2020-06-30,0
2020-07-30,48120,2019-12-31,2,,,,,,,,,,,,,,,,,,,,,,,,,,,,,,,,,,,32582548,false,false,6,2019-01-01,2019-06-30,-1
2020-10-30,48120,2020-12-31,3,80182000000,0.099,,,,,9305000000,0.224,9118000000,0.209,,6018000000,,184.72,,,,,,96762000000,58331000000,0.603,,58309000000,,,,,,,,,,,,true,false,9,2020-01-01,2020-09-30,0
2020-10-30,48120,2019-12-31,3,72963000000,0.129,,,,,7602000000,0.343,7539000000,0.329,,5160000000,,158.38,,,,,,,,,,,,,,,,,,,,,,true,false,9,2019-01-01,2019-09-30,-1
2020-10-30,48120,2020-12-31,3,105000000000,0.043,,,,,10500000000,0.042,10217000000,0.059,,6911000000,,212.11,,,,,,,,,,,,,,,,,,,,,,true,true,12,2020-01-01,2020-12-31,0
2020-10-30,48120,2019-12-31,3,,,,,,,,,,,,,,,,,,,,87305000000,54882000000,0.628,,54858000000,,,,,,,,,,,,true,false,12,2019-01-01,2019-12-31,-1
2020-10-30,48120,2019-12-31,3,,,,,,,,,,,,,,,,,,,,,,,,,,,,,77.00,,,,32591240,8869,,false,false,12,2019-01-01,2019-12-31,-1
2020-10-30,48120,2020-12-31,3,,,,,,,,,,,,,,,,,,,,,,,,,,,,,43.00,,,,,,,false,false,12,2020-01-01,2020-12-31,0
2020-10-30,48120,2020-12-31,3,,,,,,,,,,,,,,,,,,,,,,,,,,,,,86.00,,,,,,,false,true,12,2020-01-01,2020-12-31,0
2020-10-30,48120,2020-12-31,3,,,,,,,,,,,,,,,,,,,,,,,,,,,,,,,,,32591240,8889,32582359,false,false,9,2020-01-01,2020-09-30,0
2020-10-30,48120,2019-12-31,3,,,,,,,,,,,,,,,,,,,,,,,,,,,,,,,,,,,32582513,false,false,9,2019-01-01,2019-09-30,-1
2021-01-21,48120,2020-12-31,,108679000000,0.035,,,,,12189000000,0.161,11502000000,0.126,,7362000000,,225.97,,,,,,,,,,,,,,,,,,,,,,true,true,12,2020-01-01,2020-12-31,0
2021-01-21,48120,2019-12-31,,100679000000,,,,,,10075000000,,9648000000,,,6226000000,,191.11,,,,,,,,,,,,,,,,,,,,,,true,false,12,2019-01-01,2019-12-31,-1
2021-01-21,48120,2020-12-31,,,,,,,,,,,,,,,,,,,,,,,,,,,,,,92.00,,,,,,,false,true,12,2020-01-01,2020-12-31,0
2021-01-21,48120,2020-12-31,,,,,,,,,,,,,,,,,,,,,,,,,,,,,,43.00,,,,,,,false,false,12,2020-01-01,2020-12-31,0
2021-01-21,48120,2019-12-31,,,,,,,,,,,,,,,,,,,,,,,,,,,,,,77.00,,,,,,,false,false,12,2019-01-01,2019-12-31,-1
2021-02-10,48120,2020-12-31,,108679000000,0.079,,,,,12189000000,0.210,11502000000,0.192,,7362000000,,112.99,,0.129,0.125,0.112,,97147000000,59587000000,0.613,914.08,59565000000,9987000000,-3230000000,-3942000000,39773000000,,0.407,,,,,,true,false,12,2020-01-01,2020-12-31,0
2021-02-10,48120,2019-12-31,,100679000000,0.106,,,,,10075000000,0.223,9648000000,0.177,,6226000000,,95.55,,0.118,0.115,0.100,,87305000000,54882000000,0.628,841.85,54858000000,10642000000,-3952000000,-3260000000,36981000000,,0.403,,,,,,true,false,12,2019-01-01,2019-12-31,-1
2021-02-10,48120,2021-12-31,,53300000000,-0.031,,,,,6000000000,-0.139,5900000000,-0.140,,4000000000,,61.38,,,,,,,,,,,,,,,,,,,,,,true,true,6,2021-01-01,2021-06-30,1
2021-02-10,48120,2021-12-31,,110000000000,0.012,,,,,12500000000,0.026,12300000000,0.069,,8300000000,,127.37,,,,,,,,,,,,,,,,0.408,,,,,,true,true,12,2021-01-01,2021-12-31,1
2021-02-10,48120,2020-12-31,,92234000000,0.071,,,,,9117000000,0.233,10541000000,0.221,6457000000,,0.083,99.09,,,,,,88944000000,52640000000,0.592,807.80,52640000000,,,,,92.00,,,,65182480,17818,65164705,false,false,12,2020-01-01,2020-12-31,0
2021-02-10,48120,2019-12-31,,86107000000,0.128,,,,,7392000000,0.239,8633000000,0.110,5960000000,,0.129,91.46,,,,,,79887000000,48826000000,0.611,749.28,48826000000,,,,,77.00,,,,65182480,17738,65164962,false,false,12,2019-01-01,2019-12-31,-1
2021-02-10,48120,2021-12-31,,,,,,,,,,,,,,,,,,,,,,,,,,,,,,52.00,,,,,,,false,true,12,2021-01-01,2021-12-31,1
2021-04-28,48120,2021-12-31,1,27495000000,0.043,,,,,3726000000,0.131,3643000000,0.120,,2521000000,,38.70,,,,,,94922000000,60689000000,0.639,,60668000000,,,,,,,,,,,,true,false,3,2021-01-01,2021-03-31,0
2021-04-28,48120,2020-12-31,1,26366000000,0.145,,,,,3294000000,0.288,3252000000,0.266,,2060000000,,31.61,,,,,,,,,,,,,,,,,,,,,,true,false,3,2020-01-01,2020-03-31,-1
2021-04-28,48120,2021-12-31,1,53300000000,-0.031,,,,,6000000000,-0.139,5900000000,-0.140,,4000000000,,61.38,,,,,,,,,,,,,,,,,,,,,,true,true,6,2021-01-01,2021-06-30,0
2021-04-28,48120,2021-12-31,1,110000000000,0.012,,,,,12500000000,0.026,12300000000,0.069,,8300000000,,127.37,,,,,,,,,,,,,,,,,,,,,,true,true,12,2021-01-01,2021-12-31,0
2021-04-28,48120,2020-12-31,1,,,,,,,,,,,,,,,,,,,,97147000000,59587000000,0.613,,59565000000,,,,,,,,,,,,true,false,12,2020-01-01,2020-12-31,-1
2021-04-28,48120,2020-12-31,1,,,,,,,,,,,,,,,,,,,,,,,,,,,,,92.00,,,,65182480,17818,,false,false,12,2020-01-01,2020-12-31,-1
2021-04-28,48120,2021-12-31,1,,,,,,,,,,,,,,,,,,,,,,,,,,,,,52.00,,,,,,,false,true,12,2021-01-01,2021-12-31,0
2021-04-28,48120,2021-12-31,1,,,,,,,,,,,,,,,,,,,,,,,,,,,,,,,,,65182480,17898,65164617,false,false,3,2021-01-01,2021-03-31,0
2021-04-28,48120,2020-12-31,1,,,,,,,,,,,,,,,,,,,,,,,,,,,,,,,,,,,65164742,false,false,3,2020-01-01,2020-03-31,-1
2021-07-16,48120,2021-12-31,,54293000000,0.019,,,,,6525000000,0.088,6443000000,0.092,,4392000000,,67.40,,,,,,,,,,,,,,,,,,,,,,true,true,6,2021-01-01,2021-06-30,0
2021-07-16,48120,2020-12-31,,55020000000,,,,,,6971000000,,6862000000,,,4512000000,,69.25,,,,,,,,,,,,,,,,,,,,,,true,false,6,2020-01-01,2020-06-30,-1
2021-07-29,48120,2021-12-31,2,54293000000,-0.013,,,,,6525000000,-0.064,6443000000,-0.061,,4392000000,,67.40,,,,,,100448000000,62555000000,0.623,,62534000000,,,,,,,,,,,,true,false,6,2021-01-01,2021-06-30,0
2021-07-29,48120,2020-12-31,2,55020000000,0.119,,,,,6971000000,0.339,6862000000,0.332,,4512000000,,69.25,,,,,,,,,,,,,,,,,,,,,,true,false,6,2020-01-01,2020-06-30,-1
2021-07-29,48120,2021-12-31,2,110000000000,0.012,,,,,12500000000,0.026,12300000000,0.069,,8300000000,,127.37,,,,,,,,,,,,,,,,,,,,,,true,true,12,2021-01-01,2021-12-31,0
2021-07-29,48120,2020-12-31,2,,,,,,,,,,,,,,,,,,,,97147000000,59587000000,0.613,,59565000000,,,,,,,,,,,,true,false,12,2020-01-01,2020-12-31,-1
2021-07-29,48120,2020-12-31,2,,,,,,,,,,,,,,,,,,,,,,,,,,,,,92.00,,,,65182480,17818,,false,false,12,2020-01-01,2020-12-31,-1
2021-07-29,48120,2021-12-31,2,,,,,,,,,,,,,,,,,,,,,,,,,,,,,26.00,,,,,,,false,false,12,2021-01-01,2021-12-31,0
2021-07-29,48120,2021-12-31,2,,,,,,,,,,,,,,,,,,,,,,,,,,,,,52.00,,,,,,,false,true,12,2021-01-01,2021-12-31,0
2021-07-29,48120,2021-12-31,2,,,,,,,,,,,,,,,,,,,,,,,,,,,,,,,,,65182480,17898,65164599,false,false,6,2021-01-01,2021-06-30,0
2021-07-29,48120,2020-12-31,2,,,,,,,,,,,,,,,,,,,,,,,,,,,,,,,,,,,65164727,false,false,6,2020-01-01,2020-06-30,-1
2021-10-28,48120,2021-12-31,3,79884000000,-0.004,,,,,9536000000,0.025,9358000000,0.026,,6422000000,,98.56,,,,,,102514000000,62924000000,0.614,,62903000000,,,,,,,,,,,,true,false,9,2021-01-01,2021-09-30,0
2021-10-28,48120,2020-12-31,3,80182000000,0.099,,,,,9305000000,0.224,9118000000,0.209,,6018000000,,92.36,,,,,,,,,,,,,,,,,,,,,,true,false,9,2020-01-01,2020-09-30,-1
2021-10-28,48120,2021-12-31,3,110000000000,0.012,,,,,12500000000,0.026,12300000000,0.069,,8300000000,,127.37,,,,,,,,,,,,,,,,,,,,,,true,true,12,2021-01-01,2021-12-31,0
2021-10-28,48120,2020-12-31,3,,,,,,,,,,,,,,,,,,,,97147000000,59587000000,0.613,,59565000000,,,,,,,,,,,,true,false,12,2020-01-01,2020-12-31,-1
2021-10-28,48120,2020-12-31,3,,,,,,,,,,,,,,,,,,,,,,,,,,,,,92.00,,,,65182480,17818,,false,false,12,2020-01-01,2020-12-31,-1
2021-10-28,48120,2021-12-31,3,,,,,,,,,,,,,,,,,,,,,,,,,,,,,26.00,,,,,,,false,false,12,2021-01-01,2021-12-31,0
2021-10-28,48120,2021-12-31,3,,,,,,,,,,,,,,,,,,,,,,,,,,,,,52.00,,,,,,,false,true,12,2021-01-01,2021-12-31,0
2021-10-28,48120,2021-12-31,3,,,,,,,,,,,,,,,,,,,,,,,,,,,,,,,,,65182480,17944,65164594,false,false,9,2021-01-01,2021-09-30,0
2021-10-28,48120,2020-12-31,3,,,,,,,,,,,,,,,,,,,,,,,,,,,,,,,,,,,65164718,false,false,9,2020-01-01,2020-09-30,-1
2022-01-21,48120,2021-12-31,,112085000000,0.019,,,,,13736000000,0.099,13224000000,0.075,,8944000000,,137.26,,,,,,,,,,,,,,,,,,,,,,true,true,12,2021-01-01,2021-12-31,0
2022-01-21,48120,2020-12-31,,108679000000,,,,,,12189000000,,11502000000,,,7362000000,,112.99,,,,,,,,,,,,,,,,,,,,,,true,false,12,2020-01-01,2020-12-31,-1
2022-01-21,48120,2021-12-31,,,,,,,,,,,,,,,,,,,,,,,,,,,,,,56.00,,,,,,,false,true,12,2021-01-01,2021-12-31,0
2022-01-21,48120,2021-12-31,,,,,,,,,,,,,,,,,,,,,,,,,,,,,,26.00,,,,,,,false,false,12,2021-01-01,2021-12-31,0
2022-01-21,48120,2020-12-31,,,,,,,,,,,,,,,,,,,,,,,,,,,,,,92.00,,,,,,,false,false,12,2020-01-01,2020-12-31,-1
2022-02-09,48120,2021-12-31,,112085000000,0.031,,,,,13736000000,0.127,13224000000,0.150,,8944000000,,137.26,,0.143,0.129,0.123,,108188000000,65471000000,0.605,1004.41,65452000000,16981000000,-2815000000,-4461000000,49748000000,,0.408,,,,,,true,false,12,2021-01-01,2021-12-31,0
2022-02-09,48120,2020-12-31,,108679000000,0.079,,,,,12189000000,0.210,11502000000,0.192,,7362000000,,112.99,,0.129,0.125,0.112,,97147000000,59587000000,0.613,914.08,59565000000,9987000000,-3230000000,-3942000000,39773000000,,0.407,,,,,,true,false,12,2020-01-01,2020-12-31,-1
2022-02-09,48120,2022-12-31,,59000000000,0.087,,,,,7100000000,0.088,7100000000,0.102,,5000000000,,76.73,,,,,,,,,,,,,,,,,,,,,,true,true,6,2022-01-01,2022-06-30,1
2022-02-09,48120,2022-12-31,,120000000000,0.071,,,,,15000000000,0.092,15000000000,0.134,,10500000000,,161.13,,,,,,,,,,,,,,,,0.410,,,,,,true,true,12,2022-01-01,2022-12-31,1
2022-02-09,48120,2021-12-31,,96535000000,0.047,,,,,10802000000,0.185,12735000000,0.208,8565000000,,0.327,131.44,,,,,,99820000000,57874000000,0.580,888.14,57874000000,,,,,56.00,,,,65182480,17984,65164570,false,false,12,2021-01-01,2021-12-31,0
2022-02-09,48120,2020-12-31,,92234000000,0.071,,,,,9117000000,0.233,10541000000,0.221,6457000000,,0.083,99.09,,,,,,88944000000,52640000000,0.592,807.80,52640000000,,,,,92.00,,,,65182480,17818,65164705,false,false,12,2020-01-01,2020-12-31,-1
2022-02-09,48120,2022-12-31,,,,,,,,,,,,,,,,,,,,,,,,,,,,,,66.00,,,,,,,false,true,12,2022-01-01,2022-12-31,1
2022-04-28,48120,2022-12-31,1,29982000000,0.090,,,,,5305000000,0.424,5331000000,0.463,,4033000000,,61.89,,,,,,107839000000,67887000000,0.629,,67852000000,,,,,,,,,,,,true,false,3,2022-01-01,2022-03-31,0
2022-04-28,48120,2021-12-31,1,27495000000,0.043,,,,,3726000000,0.131,3643000000,0.120,,2521000000,,38.70,,,,,,,,,,,,,,,,,,,,,,true,false,3,2021-01-01,2021-03-31,-1
2022-04-28,48120,2022-12-31,1,59000000000,0.087,,,,,7100000000,0.088,7100000000,0.102,,5000000000,,76.73,,,,,,,,,,,,,,,,,,,,,,true,true,6,2022-01-01,2022-06-30,0
2022-04-28,48120,2022-12-31,1,120000000000,0.071,,,,,15000000000,0.092,15000000000,0.134,,10500000000,,161.13,,,,,,,,,,,,,,,,,,,,,,true,true,12,2022-01-01,2022-12-31,0
2022-04-28,48120,2021-12-31,1,,,,,,,,,,,,,,,,,,,,108188000000,65471000000,0.605,,65452000000,,,,,,,,,,,,true,false,12,2021-01-01,2021-12-31,-1
2022-04-28,48120,2021-12-31,1,,,,,,,,,,,,,,,,,,,,,,,,,,,,,56.00,,,,65182480,17984,,false,false,12,2021-01-01,2021-12-31,-1
2022-04-28,48120,2022-12-31,1,,,,,,,,,,,,,,,,,,,,,,,,,,,,,66.00,,,,,,,false,true,12,2022-01-01,2022-12-31,0
2022-04-28,48120,2022-12-31,1,,,,,,,,,,,,,,,,,,,,,,,,,,,,,,,,,65182480,17984,65164496,false,false,3,2022-01-01,2022-03-31,0
2022-04-28,48120,2021-12-31,1,,,,,,,,,,,,,,,,,,,,,,,,,,,,,,,,,,,65164617,false,false,3,2021-01-01,2021-03-31,-1
2022-07-15,48120,2022-12-31,,61458000000,0.042,,,,,9634000000,0.357,9645000000,0.358,,7028000000,,107.90,,,,,,,,,,,,,,,,,,,,,,true,true,6,2022-01-01,2022-06-30,0
2022-07-15,48120,2021-12-31,,54293000000,,,,,,6525000000,,6443000000,,,4392000000,,67.40,,,,,,,,,,,,,,,,,,,,,,true,false,6,2021-01-01,2021-06-30,-1
2022-07-28,48120,2022-12-31,2,61458000000,0.132,,,,,9634000000,0.476,9645000000,0.497,,7028000000,,107.90,,,,,,114390000000,70679000000,0.618,,70644000000,,,,,,,,,,,,true,false,6,2022-01-01,2022-06-30,0
2022-07-28,48120,2021-12-31,2,54293000000,-0.013,,,,,6525000000,-0.064,6443000000,-0.061,,4392000000,,67.40,,,,,,,,,,,,,,,,,,,,,,true,false,6,2021-01-01,2021-06-30,-1
2022-07-28,48120,2022-12-31,2,123000000000,0.097,,,,,17500000000,0.274,17500000000,0.323,,12500000000,,191.90,,,,,,,,,,,,,,,,,,,,,,true,true,12,2022-01-01,2022-12-31,0
2022-07-28,48120,2021-12-31,2,,,,,,,,,,,,,,,,,,,,108188000000,65471000000,0.605,,65452000000,,,,,,,,,,,,true,false,12,2021-01-01,2021-12-31,-1
2022-07-28,48120,2021-12-31,2,,,,,,,,,,,,,,,,,,,,,,,,,,,,,56.00,,,,65182480,17984,,false,false,12,2021-01-01,2021-12-31,-1
2022-07-28,48120,2022-12-31,2,,,,,,,,,,,,,,,,,,,,,,,,,,,,,33.00,,,,,,,false,false,12,2022-01-01,2022-12-31,0
2022-07-28,48120,2022-12-31,2,,,,,,,,,,,,,,,,,,,,,,,,,,,,,78.00,,,,,,,false,true,12,2022-01-01,2022-12-31,0
2022-07-28,48120,2022-12-31,2,,,,,,,,,,,,,,,,,,,,,,,,,,,,,,,,,65182480,114664,65138180,false,false,6,2022-01-01,2022-06-30,0
2022-07-28,48120,2021-12-31,2,,,,,,,,,,,,,,,,,,,,,,,,,,,,,,,,,,,65164599,false,false,6,2021-01-01,2021-06-30,-1
2022-10-31,48120,2022-12-31,3,93808000000,0.174,,,,,14186000000,0.488,14184000000,0.516,,9574000000,,147.05,,,,,,117705000000,71101000000,0.604,,71066000000,,,,,,,,,,,,true,false,9,2022-01-01,2022-09-30,0
2022-10-31,48120,2021-12-31,3,79884000000,-0.004,,,,,9536000000,0.025,9358000000,0.026,,6422000000,,98.56,,,,,,,,,,,,,,,,,,,,,,true,false,9,2021-01-01,2021-09-30,-1
2022-10-31,48120,2022-12-31,3,123000000000,0.097,,,,,17500000000,0.274,17500000000,0.323,,12500000000,,191.90,,,,,,,,,,,,,,,,,,,,,,true,true,12,2022-01-01,2022-12-31,0
2022-10-31,48120,2021-12-31,3,,,,,,,,,,,,,,,,,,,,108188000000,65471000000,0.605,,65452000000,,,,,,,,,,,,true,false,12,2021-01-01,2021-12-31,-1
2022-10-31,48120,2021-12-31,3,,,,,,,,,,,,,,,,,,,,,,,,,,,,,56.00,,,,65182480,17984,,false,false,12,2021-01-01,2021-12-31,-1
2022-10-31,48120,2022-12-31,3,,,,,,,,,,,,,,,,,,,,,,,,,,,,,33.00,,,,,,,false,false,12,2022-01-01,2022-12-31,0
2022-10-31,48120,2022-12-31,3,,,,,,,,,,,,,,,,,,,,,,,,,,,,,78.00,,,,,,,false,true,12,2022-01-01,2022-12-31,0
2022-10-31,48120,2022-12-31,3,,,,,,,,,,,,,,,,,,,,,,,,,,,,,,,,,65182480,114664,65114468,false,false,9,2022-01-01,2022-09-30,0
2022-10-31,48120,2021-12-31,3,,,,,,,,,,,,,,,,,,,,,,,,,,,,,,,,,,,65164594,false,false,9,2021-01-01,2021-09-30,-1
2023-01-20,48120,2022-12-31,,129054000000,0.049,,,,,18590000000,0.062,18354000000,0.049,,12598000000,,193.51,,,,,,,,,,,,,,,,,,,,,,true,true,12,2022-01-01,2022-12-31,0
2023-01-20,48120,2021-12-31,,112085000000,,,,,,13736000000,,13224000000,,,8944000000,,137.26,,,,,,,,,,,,,,,,,,,,,,true,false,12,2021-01-01,2021-12-31,-1
2023-02-10,48120,2022-12-31,,129054000000,0.151,,,,,18590000000,0.353,18354000000,0.388,,12598000000,,193.51,,0.181,0.160,0.144,,121892000000,73871000000,0.606,1134.80,73838000000,11914000000,-3132000000,-5419000000,53305000000,,0.403,,,,,,true,false,12,2022-01-01,2022-12-31,0
2023-02-10,48120,2021-12-31,,112085000000,0.031,,,,,13736000000,0.127,13224000000,0.150,,8944000000,,137.26,,0.143,0.129,0.123,,108188000000,65471000000,0.605,1004.41,65452000000,16981000000,-2815000000,-4461000000,49748000000,,0.408,,,,,,true,false,12,2021-01-01,2021-12-31,-1
2023-02-10,48120,2023-12-31,,67130000000,0.092,,,,,9730000000,0.010,9734000000,0.009,,6684000000,,102.73,,,,,,,,,,,,,,,,,,,,,,true,true,6,2023-01-01,2023-06-30,1
2023-02-10,48120,2023-12-31,,137000000000,0.062,,,,,20000000000,0.076,20000000000,0.090,,14000000000,,215.16,,,,,,,,,,,,,,,,0.409,,,,,,true,true,12,2023-01-01,2023-12-31,1
2023-02-10,48120,2022-12-31,,111779000000,0.158,,,,,14681000000,0.359,16467000000,0.293,11490000000,,0.341,176.49,,,,,,111415000000,64954000000,0.583,998.25,64954000000,,,,,78.00,,,,65182480,114680,65102705,false,false,12,2022-01-01,2022-12-31,0
2023-02-10,48120,2021-12-31,,96535000000,0.047,,,,,10802000000,0.185,12735000000,0.208,8565000000,,0.327,131.44,,,,,,99820000000,57874000000,0.580,888.14,57874000000,,,,,56.00,,,,65182480,17984,65164570,false,false,12,2021-01-01,2021-12-31,-1
2023-02-10,48120,2023-12-31,,,,,,,,,,,,,,,,,,,,,,,,,,,,,,88.00,,,,,,,false,true,12,2023-01-01,2023-12-31,1
2023-04-27,48120,2023-12-31,1,34779000000,0.160,,,,,5676000000,0.070,5781000000,0.084,,3837000000,,58.98,,,,,,121144000000,74882000000,0.618,,74849000000,,,,,,,,,,,,true,false,3,2023-01-01,2023-03-31,0
2023-04-27,48120,2022-12-31,1,29982000000,0.090,,,,,5305000000,0.424,5331000000,0.463,,4033000000,,61.89,,,,,,,,,,,,,,,,,,,,,,true,false,3,2022-01-01,2022-03-31,-1
2023-04-27,48120,2023-12-31,1,67130000000,0.092,,,,,9730000000,0.010,9734000000,0.009,,6684000000,,102.73,,,,,,,,,,,,,,,,,,,,,,true,true,6,2023-01-01,2023-06-30,0
2023-04-27,48120,2023-12-31,1,137000000000,0.062,,,,,20000000000,0.076,20000000000,0.090,,14000000000,,215.16,,,,,,,,,,,,,,,,,,,,,,true,true,12,2023-01-01,2023-12-31,0
2023-04-27,48120,2022-12-31,1,,,,,,,,,,,,,,,,,,,,121892000000,73871000000,0.606,,73838000000,,,,,,,,,,,,true,false,12,2022-01-01,2022-12-31,-1
2023-04-27,48120,2022-12-31,1,,,,,,,,,,,,,,,,,,,,,,,,,,,,,78.00,,,,65182480,114680,,false,false,12,2022-01-01,2022-12-31,-1
2023-04-27,48120,2023-12-31,1,,,,,,,,,,,,,,,,,,,,,,,,,,,,,88.00,,,,,,,false,true,12,2023-01-01,2023-12-31,0
2023-04-27,48120,2023-12-31,1,,,,,,,,,,,,,,,,,,,,,,,,,,,,,,,,,65182480,113205,65068028,false,false,3,2023-01-01,2023-03-31,0
2023-04-27,48120,2022-12-31,1,,,,,,,,,,,,,,,,,,,,,,,,,,,,,,,,,,,65164496,false,false,3,2022-01-01,2022-03-31,-1
2023-07-21,48120,2023-12-31,,69849000000,0.041,,,,,10652000000,0.095,10785000000,0.108,,7446000000,,114.44,,,,,,,,,,,,,,,,,,,,,,true,true,6,2023-01-01,2023-06-30,0
2023-07-21,48120,2022-12-31,,61458000000,,,,,,9634000000,,9645000000,,,7028000000,,107.90,,,,,,,,,,,,,,,,,,,,,,true,false,6,2022-01-01,2022-06-30,-1
2023-07-31,48120,2023-12-31,2,69849000000,0.137,,,,,10652000000,0.106,10785000000,0.118,,7446000000,,114.44,,,,,,128351000000,78573000000,0.612,,78540000000,,,,,,,,,,,,true,false,6,2023-01-01,2023-06-30,0
2023-07-31,48120,2022-12-31,2,61458000000,0.132,,,,,9634000000,0.476,9645000000,0.497,,7028000000,,107.90,,,,,,,,,,,,,,,,,,,,,,true,false,6,2022-01-01,2022-06-30,-1
2023-07-31,48120,2023-12-31,2,140000000000,0.085,,,,,21000000000,0.130,21100000000,0.150,,14700000000,,225.91,,,,,,,,,,,,,,,,,,,,,,true,true,12,2023-01-01,2023-12-31,0
2023-07-31,48120,2022-12-31,2,,,,,,,,,,,,,,,,,,,,121892000000,73871000000,0.606,,73838000000,,,,,,,,,,,,true,false,12,2022-01-01,2022-12-31,-1
2023-07-31,48120,2022-12-31,2,,,,,,,,,,,,,,,,,,,,,,,,,,,,,78.00,,,,65182480,114680,,false,false,12,2022-01-01,2022-12-31,-1
2023-07-31,48120,2023-12-31,2,,,,,,,,,,,,,,,,,,,,,,,,,,,,,44.00,,,,,,,false,false,12,2023-01-01,2023-12-31,0
2023-07-31,48120,2023-12-31,2,,,,,,,,,,,,,,,,,,,,,,,,,,,,,91.00,,,,,,,false,true,12,2023-01-01,2023-12-31,0
2023-07-31,48120,2023-12-31,2,,,,,,,,,,,,,,,,,,,,,,,,,,,,,,,,,65182480,112215,65069066,false,false,6,2023-01-01,2023-06-30,0
2023-07-31,48120,2022-12-31,2,,,,,,,,,,,,,,,,,,,,,,,,,,,,,,,,,,,65138180,false,false,6,2022-01-01,2022-06-30,-1
2023-10-31,48120,2023-12-31,3,105267000000,0.122,,,,,15551000000,0.096,15695000000,0.107,,10838000000,,166.56,,,,,,131312000000,79155000000,0.603,,79155000000,,,,,,,,,,,,true,false,9,2023-01-01,2023-09-30,0
2023-10-31,48120,2022-12-31,3,93808000000,0.174,,,,,14186000000,0.488,14184000000,0.516,,9574000000,,147.05,,,,,,,,,,,,,,,,,,,,,,true,false,9,2022-01-01,2022-09-30,-1
2023-10-31,48120,2023-12-31,3,140000000000,0.085,,,,,21000000000,0.130,21100000000,0.150,,14700000000,,225.91,,,,,,,,,,,,,,,,,,,,,,true,true,12,2023-01-01,2023-12-31,0
2023-10-31,48120,2022-12-31,3,,,,,,,,,,,,,,,,,,,,121892000000,73871000000,0.606,,73838000000,,,,,,,,,,,,true,false,12,2022-01-01,2022-12-31,-1
2023-10-31,48120,2022-12-31,3,,,,,,,,,,,,,,,,,,,,,,,,,,,,,78.00,,,,65182480,114680,,false,false,12,2022-01-01,2022-12-31,-1
2023-10-31,48120,2023-12-31,3,,,,,,,,,,,,,,,,,,,,,,,,,,,,,44.00,,,,,,,false,false,12,2023-01-01,2023-12-31,0
2023-10-31,48120,2023-12-31,3,,,,,,,,,,,,,,,,,,,,,,,,,,,,,91.00,,,,,,,false,true,12,2023-01-01,2023-12-31,0
2023-10-31,48120,2023-12-31,3,,,,,,,,,,,,,,,,,,,,,,,,,,,,,,,,,65182480,112277,65069464,false,false,9,2023-01-01,2023-09-30,0
2023-10-31,48120,2022-12-31,3,,,,,,,,,,,,,,,,,,,,,,,,,,,,,,,,,,,65114468,false,false,9,2022-01-01,2022-09-30,-1
2024-02-14,48120,2023-12-31,,142608000000,0.105,,,,,21028000000,0.131,21244000000,0.157,,14663000000,,225.35,,0.187,0.166,0.147,,133333000000,82971000000,0.622,1275.10,82971000000,13046000000,-2359000000,-6702000000,57515000000,,0.444,,,,,,true,false,12,2023-01-01,2023-12-31,0
2024-02-14,48120,2022-12-31,,129054000000,0.151,,,,,18590000000,0.353,18354000000,0.388,,12598000000,,193.51,,0.181,0.160,0.144,,121892000000,73871000000,0.606,1134.80,73838000000,11914000000,-3132000000,-5419000000,53305000000,,0.403,,,,,,true,false,12,2022-01-01,2022-12-31,-1
2024-02-14,48120,2024-12-31,,74000000000,0.059,,,,,11000000000,0.033,11000000000,0.020,,7700000000,,118.33,,,,,,,,,,,,,,,,,,,,,,true,true,6,2024-01-01,2024-06-30,1
2024-02-14,48120,2024-12-31,,153000000000,0.073,,,,,22500000000,0.070,22500000000,0.059,,15700000000,,241.28,,,,,,,,,,,,,,,,0.448,,,,,,true,true,12,2024-01-01,2024-12-31,1
2024-02-14,48120,2023-12-31,,123469000000,0.105,,,,,16859000000,0.148,19287000000,0.171,14249000000,,0.240,218.98,,,,,,122879000000,73464000000,0.598,1129.00,73464000000,,,,,100.00,,,,65182480,112297,65069650,false,false,12,2023-01-01,2023-12-31,0
2024-02-14,48120,2022-12-31,,111779000000,0.158,,,,,14681000000,0.359,16467000000,0.293,11490000000,,0.341,176.49,,,,,,111415000000,64954000000,0.583,998.25,64954000000,,,,,78.00,,,,65182480,114680,65102705,false,false,12,2022-01-01,2022-12-31,-1
2024-02-14,48120,2024-12-31,,,,,,,,,,,,,,,,,,,,,,,,,,,,,,108.00,,,,,,,false,true,12,2024-01-01,2024-12-31,1
2024-04-26,48120,2024-12-31,1,37099000000,0.067,,,,,5757000000,0.014,5734000000,-0.008,,4118000000,,63.29,,,,,,134657000000,83597000000,0.621,,83597000000,,,,,,,,,,,,true,false,3,2024-01-01,2024-03-31,0
2024-04-26,48120,2023-12-31,1,34779000000,0.160,,,,,5676000000,0.070,5781000000,0.084,,3837000000,,58.98,,,,,,,,,,,,,,,,,,,,,,true,false,3,2023-01-01,2023-03-31,-1
2024-04-26,48120,2024-12-31,1,74000000000,0.059,,,,,11000000000,0.033,11000000000,0.020,,7700000000,,118.33,,,,,,,,,,,,,,,,,,,,,,true,true,6,2024-01-01,2024-06-30,0
2024-04-26,48120,2024-12-31,1,153000000000,0.073,,,,,22500000000,0.070,22500000000,0.059,,15700000000,,241.28,,,,,,,,,,,,,,,,,,,,,,true,true,12,2024-01-01,2024-12-31,0
2024-04-26,48120,2023-12-31,1,,,,,,,,,,,,,,,,,,,,133333000000,82971000000,0.622,,82971000000,,,,,,,,,,,,true,false,12,2023-01-01,2023-12-31,-1
2024-04-26,48120,2023-12-31,1,,,,,,,,,,,,,,,,,,,,,,,,,,,,,100.00,,,,65182480,112297,,false,false,12,2023-01-01,2023-12-31,-1
2024-04-26,48120,2024-12-31,1,,,,,,,,,,,,,,,,,,,,,,,,,,,,,108.00,,,,,,,false,true,12,2024-01-01,2024-12-31,0
2024-04-26,48120,2024-12-31,1,,,,,,,,,,,,,,,,,,,,,,,,,,,,,,,,,65182480,109897,65070579,false,false,3,2024-01-01,2024-03-31,0
2024-04-26,48120,2023-12-31,1,,,,,,,,,,,,,,,,,,,,,,,,,,,,,,,,,,,65068028,false,false,3,2023-01-01,2023-03-31,-1
2024-07-24,48120,2024-12-31,,74235000000,0.003,,,,,10360000000,-0.058,10262000000,-0.067,,7248000000,,111.38,,,,,,,,,,,,,,,,,,,,,,true,true,6,2024-01-01,2024-06-30,0
2024-07-24,48120,2023-12-31,,69849000000,,,,,,10652000000,,10785000000,,,7446000000,,114.44,,,,,,,,,,,,,,,,,,,,,,true,false,6,2023-01-01,2023-06-30,-1
2024-07-24,48120,2024-12-31,,155000000000,0.013,,,,,22500000000,,22500000000,,,15700000000,,241.28,,,,,,,,,,,,,,,,,,,,,,true,true,12,2024-01-01,2024-12-31,0
2024-07-24,48120,2023-12-31,,142608000000,,,,,,21028000000,,21244000000,,,14663000000,,225.35,,,,,,,,,,,,,,,,,,,,,,true,false,12,2023-01-01,2023-12-31,-1
2024-07-31,4812,2024-12-31,2,74235000000,0.063,,,,,10360000000,-0.027,10262000000,-0.049,,7248000000,,111.38,,,,,,143597000000,86944000000,0.605,,86944000000,,,,,,,,,,,,true,false,6,2024-01-01,2024-06-30,0
2024-07-31,4812,2023-12-31,2,69849000000,0.137,,,,,10652000000,0.106,10785000000,0.118,,7446000000,,114.44,,,,,,,,,,,,,,,,,,,,,,true,false,6,2023-01-01,2023-06-30,-1
2024-07-31,4812,2024-12-31,2,155000000000,0.087,,,,,22500000000,0.070,22500000000,0.059,,15700000000,,241.28,,,,,,,,,,,,,,,,,,,,,,true,true,12,2024-01-01,2024-12-31,0
2024-07-31,4812,2023-12-31,2,,,,,,,,,,,,,,,,,,,,133333000000,82971000000,0.622,,82971000000,,,,,,,,,,,,true,false,12,2023-01-01,2023-12-31,-1
2024-07-31,4812,2023-12-31,2,,,,,,,,,,,,,,,,,,,,,,,,,,,,,100.00,,,,65182480,112297,,false,false,12,2023-01-01,2023-12-31,-1
2024-07-31,4812,2024-12-31,2,,,,,,,,,,,,,,,,,,,,,,,,,,,,,54.00,,,,,,,false,false,12,2024-01-01,2024-12-31,0
2024-07-31,4812,2024-12-31,2,,,,,,,,,,,,,,,,,,,,,,,,,,,,,108.00,,,,,,,false,true,12,2024-01-01,2024-12-31,0
2024-07-31,4812,2024-12-31,2,,,,,,,,,,,,,,,,,,,,,,,,,,,,,,,,,65182480,107821,65072442,false,false,6,2024-01-01,2024-06-30,0
2024-07-31,4812,2023-12-31,2,,,,,,,,,,,,,,,,,,,,,,,,,,,,,,,,,,,65069066,false,false,6,2023-01-01,2023-06-30,-1
2024-10-31,4812,2024-12-31,3,112231000000,0.066,,,,,14463000000,-0.070,14413000000,-0.082,,10074000000,,154.83,,,,,,141204000000,85977000000,0.609,,85977000000,,,,,,,,,,,,true,false,9,2024-01-01,2024-09-30,0
2024-10-31,4812,2023-12-31,3,105267000000,0.122,,,,,15551000000,0.096,15695000000,0.107,,10838000000,,166.56,,,,,,,,,,,,,,,,,,,,,,true,false,9,2023-01-01,2023-09-30,-1
2024-10-31,4812,2024-12-31,3,152000000000,0.066,,,,,20000000000,-0.049,20000000000,-0.059,,14000000000,,215.14,,,,,,,,,,,,,,,,,,,,,,true,true,12,2024-01-01,2024-12-31,0
2024-10-31,4812,2023-12-31,3,,,,,,,,,,,,,,,,,,,,133333000000,82971000000,0.622,,82971000000,,,,,,,,,,,,true,false,12,2023-01-01,2023-12-31,-1
2024-10-31,4812,2023-12-31,3,,,,,,,,,,,,,,,,,,,,,,,,,,,,,100.00,,,,65182480,112297,,false,false,12,2023-01-01,2023-12-31,-1
2024-10-31,4812,2024-12-31,3,,,,,,,,,,,,,,,,,,,,,,,,,,,,,54.00,,,,,,,false,false,12,2024-01-01,2024-12-31,0
2024-10-31,4812,2024-12-31,3,,,,,,,,,,,,,,,,,,,,,,,,,,,,,108.00,,,,,,,false,true,12,2024-01-01,2024-12-31,0
2024-10-31,4812,2024-12-31,3,,,,,,,,,,,,,,,,,,,,,,,,,,,,,,,,,65182480,107821,65073187,false,false,9,2024-01-01,2024-09-30,0
2024-10-31,4812,2023-12-31,3,,,,,,,,,,,,,,,,,,,,,,,,,,,,,,,,,,,65069464,false,false,9,2023-01-01,2023-09-30,-1
2024-10-31,48120,2024-12-31,,152000000000,-0.019,,,,,20000000000,-0.111,20000000000,-0.111,,14000000000,,215.14,,,,,,,,,,,,,,,,,,,,,,true,true,12,2024-01-01,2024-12-31,0
2024-10-31,48120,2023-12-31,,142608000000,,,,,,21028000000,,21244000000,,,14663000000,,225.35,,,,,,,,,,,,,,,,,,,,,,true,false,12,2023-01-01,2023-12-31,-1
2025-01-29,48120,2024-12-31,,152642000000,0.004,,,,,21039000000,0.052,21093000000,0.055,,15117000000,,232.32,,,,,,,,,,,,,,,,,,,,,,true,true,12,2024-01-01,2024-12-31,0
2025-01-29,48120,2023-12-31,,142608000000,,,,,,21028000000,,21244000000,,,14663000000,,225.35,,,,,,,,,,,,,,,,,,,,,,true,false,12,2023-01-01,2023-12-31,-1
2025-02-12,4812,2024-12-31,,152642000000,0.070,,,,,21039000000,0.001,21093000000,-0.007,,15117000000,,232.32,,0.174,0.150,0.138,,147331000000,91194000000,0.619,1401.39,91194000000,23721000000,-11886000000,-7982000000,61722000000,,0.465,,,,,,true,false,12,2024-01-01,2024-12-31,0
2025-02-12,4812,2023-12-31,,142608000000,0.105,,,,,21028000000,0.131,21244000000,0.157,,14663000000,,225.35,,0.187,0.166,0.147,,133333000000,82971000000,0.622,1275.10,82971000000,13046000000,-2359000000,-6702000000,57515000000,,0.444,,,,,,true,false,12,2023-01-01,2023-12-31,-1
2025-02-12,4812,2025-12-31,,83000000000,0.118,,,,,11500000000,0.110,11500000000,0.121,,8000000000,,122.94,,,,,,,,,,,,,,,,,,,,,,true,true,6,2025-01-01,2025-06-30,1
2025-02-12,4812,2025-12-31,,170000000000,0.114,,,,,23000000000,0.093,23000000000,0.090,,16000000000,,245.87,,,,,,,,,,,,,,,,0.472,,,,,,true,true,12,2025-01-01,2025-12-31,1
2025-02-12,4812,2024-12-31,,132065000000,0.070,,,,,18117000000,0.075,20739000000,0.075,16420000000,,0.152,252.34,,,,,,134782000000,82671000000,0.613,1270.41,82671000000,,,,,108.00,,,,65182480,107821,65073557,false,false,12,2024-01-01,2024-12-31,0
2025-02-12,4812,2023-12-31,,123469000000,0.105,,,,,16859000000,0.148,19287000000,0.171,14249000000,,0.240,218.98,,,,,,122879000000,73464000000,0.598,1129.00,73464000000,,,,,100.00,,,,65182480,112297,65069650,false,false,12,2023-01-01,2023-12-31,-1
2025-02-12,4812,2025-12-31,,,,,,,,,,,,,,,,,,,,,,,,,,,,,,116.00,,,,,,,false,true,12,2025-01-01,2025-12-31,1
2025-04-30,4812,2025-12-31,1,40244000000,0.085,,,,,5779000000,0.004,5995000000,0.045,,4109000000,,63.15,,,,,,145781000000,91735000000,0.629,,91735000000,,,,,,,,,,,,true,false,3,2025-01-01,2025-03-31,0
2025-04-30,4812,2024-12-31,1,37099000000,0.067,,,,,5757000000,0.014,5734000000,-0.008,,4118000000,,63.29,,,,,,,,,,,,,,,,,,,,,,true,false,3,2024-01-01,2024-03-31,-1
2025-04-30,4812,2025-12-31,1,83000000000,0.118,,,,,11500000000,0.110,11500000000,0.121,,8000000000,,122.94,,,,,,,,,,,,,,,,,,,,,,true,true,6,2025-01-01,2025-06-30,0
2025-04-30,4812,2025-12-31,1,170000000000,0.114,,,,,23000000000,0.093,23000000000,0.090,,16000000000,,245.87,,,,,,,,,,,,,,,,,,,,,,true,true,12,2025-01-01,2025-12-31,0
2025-04-30,4812,2024-12-31,1,,,,,,,,,,,,,,,,,,,,147331000000,91194000000,0.619,,91194000000,,,,,,,,,,,,true,false,12,2024-01-01,2024-12-31,-1
2025-04-30,4812,2024-12-31,1,,,,,,,,,,,,,,,,,,,,,,,,,,,,,108.00,,,,65182480,107821,,false,false,12,2024-01-01,2024-12-31,-1
2025-04-30,4812,2025-12-31,1,,,,,,,,,,,,,,,,,,,,,,,,,,,,,116.00,,,,,,,false,true,12,2025-01-01,2025-12-31,0
2025-04-30,4812,2025-12-31,1,,,,,,,,,,,,,,,,,,,,,,,,,,,,,,,,,65182480,72797,65079966,false,false,3,2025-01-01,2025-03-31,0
2025-04-30,4812,2024-12-31,1,,,,,,,,,,,,,,,,,,,,,,,,,,,,,,,,,,,65070579,false,false,3,2024-01-01,2024-03-31,-1
