filing_date,code,fiscal_year_end,quarterly_period,net_sales,net_sales_change,revenue,revenue_change,operating_revenue,operating_revenue_change,operating_profit,operating_profit_change,ordinary_profit,ordinary_profit_change,net_income,net_income_of_parent,net_income_change,eps,diluted_eps,roe,roa,operating_profit_to_net_sales,operating_profit_to_revenue,total_assets,net_assets,equity_ratio,bps,owner_equity,operating_cash_flow,investing_cash_flow,financing_cash_flow,cash,dividend_per_share,payout_ratio,commemorative_dividend,extra_dividend,number_of_shares,number_of_treqsury_shares,avg_number_of_shares,is_consolidated,is_forecast,duration,period_start,period_end,period_pos
2015-05-29,48130,2016-01-31,1,1680000000,0.234,,,,,-287000000,,-226000000,,146000000,,,3.80,3.79,,,,,32292000000,30530000000,0.943,,30440000000,,,,,,,,,,,,true,false,3,2015-02-01,2015-04-30,0
2015-05-29,48130,2015-01-31,1,1361000000,,,,,,-384000000,,-367000000,,-408000000,,,-10.62,,,,,,,,,,,,,,,,,,,,,,true,false,3,2014-02-01,2014-04-30,-1
2015-05-29,48130,2016-01-31,1,3380000000,0.068,,,,,-790000000,,-790000000,,-510000000,,,-13.23,,,,,,,,,,,,,,,,,,,,,,true,true,6,2015-02-01,2015-07-31,0
2015-05-29,48130,2016-01-31,1,7700000000,0.024,,,,,-480000000,,-480000000,,-480000000,,,-12.45,,,,,,,,,,,,,,,,,,,,,,true,true,12,2015-02-01,2016-01-31,0
2015-05-29,48130,2015-01-31,1,,,,,,,,,,,,,,,,,,,,32924000000,30883000000,0.923,,30396000000,,,,,,,,,,,,true,false,12,2014-02-01,2015-01-31,-1
2015-05-29,48130,2015-01-31,1,,,,,,,,,,,,,,,,,,,,,,,,,,,,,0.00,,,,39203100,681246,,false,false,12,2014-02-01,2015-01-31,-1
2015-05-29,48130,2016-01-31,1,,,,,,,,,,,,,,,,,,,,,,,,,,,,,,,,,39233100,681246,38526910,false,false,3,2015-02-01,2015-04-30,0
2015-05-29,48130,2015-01-31,1,,,,,,,,,,,,,,,,,,,,,,,,,,,,,,,,,,,38518123,false,false,3,2014-02-01,2014-04-30,-1
2015-08-31,48130,2016-01-31,2,3629000000,0.147,,,,,-135000000,,-24000000,,213000000,,,5.54,5.52,,,,,32447000000,30657000000,0.942,,30564000000,,,,,,,,,,,,true,false,6,2015-02-01,2015-07-31,0
2015-08-31,48130,2015-01-31,2,3164000000,,,,,,-558000000,,-546000000,,-653000000,,,-16.98,,,,,,,,,,,,,,,,,,,,,,true,false,6,2014-02-01,2014-07-31,-1
2015-08-31,48130,2016-01-31,2,7700000000,0.024,,,,,-480000000,,-480000000,,-480000000,,,-12.45,,,,,,,,,,,,,,,,,,,,,,true,true,12,2015-02-01,2016-01-31,0
2015-08-31,48130,2015-01-31,2,,,,,,,,,,,,,,,,,,,,32924000000,30883000000,0.923,,30396000000,,,,,,,,,,,,true,false,12,2014-02-01,2015-01-31,-1
2015-08-31,48130,2015-01-31,2,,,,,,,,,,,,,,,,,,,,,,,,,,,,,0.00,,,,39203100,681246,,false,false,12,2014-02-01,2015-01-31,-1
2015-08-31,48130,2016-01-31,2,,,,,,,,,,,,,,,,,,,,,,,,,,,,,0.00,,,,,,,false,false,12,2015-02-01,2016-01-31,0
2015-08-31,48130,2016-01-31,2,,,,,,,,,,,,,,,,,,,,,,,,,,,,,,,,,39233100,658546,38547848,false,false,6,2015-02-01,2015-07-31,0
2015-08-31,48130,2015-01-31,2,,,,,,,,,,,,,,,,,,,,,,,,,,,,,,,,,,,38519308,false,false,6,2014-02-01,2014-07-31,-1
2015-10-15,48130,2016-01-31,,7700000000,0.000,,,,,-480000000,0.000,-480000000,0.000,-2077000000,,,-53.87,,,,,,,,,,,,,,,,,,,,,,true,true,12,2015-02-01,2016-01-31,0
2015-10-15,48130,2015-01-31,,7520000000,,,,,,-1058000000,,-873000000,,-2505000000,,,-65.05,,,,,,,,,,,,,,,,,,,,,,true,false,12,2014-02-01,2015-01-31,-1
2015-11-30,48130,2016-01-31,3,5064000000,0.019,,,,,-196000000,,-94000000,,-1506000000,,,-39.07,,,,,,30561000000,28865000000,0.942,,28773000000,,,,,,,,,,,,true,false,9,2015-02-01,2015-10-31,0
2015-11-30,48130,2015-01-31,3,4969000000,,,,,,-864000000,,-740000000,,-821000000,,,-21.32,,,,,,,,,,,,,,,,,,,,,,true,false,9,2014-02-01,2014-10-31,-1
2015-11-30,48130,2016-01-31,3,7700000000,0.024,,,,,-480000000,,-480000000,,-2077000000,,,-53.87,,,,,,,,,,,,,,,,,,,,,,true,true,12,2015-02-01,2016-01-31,0
2015-11-30,48130,2015-01-31,3,,,,,,,,,,,,,,,,,,,,32924000000,30883000000,0.923,,30396000000,,,,,,,,,,,,true,false,12,2014-02-01,2015-01-31,-1
2015-11-30,48130,2015-01-31,3,,,,,,,,,,,,,,,,,,,,,,,,,,,,,0.00,,,,39203100,681246,,false,false,12,2014-02-01,2015-01-31,-1
2015-11-30,48130,2016-01-31,3,,,,,,,,,,,,,,,,,,,,,,,,,,,,,0.00,,,,,,,false,false,12,2015-02-01,2016-01-31,0
2015-11-30,48130,2016-01-31,3,,,,,,,,,,,,,,,,,,,,,,,,,,,,,,,,,39233100,654246,38557683,false,false,9,2015-02-01,2015-10-31,0
2015-11-30,48130,2015-01-31,3,,,,,,,,,,,,,,,,,,,,,,,,,,,,,,,,,,,38519694,false,false,9,2014-02-01,2014-10-31,-1
2016-03-15,48130,2016-01-31,,6837000000,-0.091,,,,,-114000000,,27000000,,-1318000000,,,-34.19,,-0.044,0.001,-0.017,,30781000000,29000000000,0.939,749.24,28905000000,560000000,819000000,3000000,25163000000,,,,,,,,true,false,12,2015-02-01,2016-01-31,0
2016-03-15,48130,2015-01-31,,7520000000,,,,,,-1071000000,,-885000000,,-2518000000,,,-65.38,,-0.080,-0.026,-0.142,,32924000000,30883000000,0.923,789.08,30396000000,207000000,127000000,-0,23855000000,,,,,,,,true,false,12,2014-02-01,2015-01-31,-1
2016-03-15,48130,2017-01-31,,3200000000,-0.118,,,,,-200000000,,-200000000,,,-230000000,,-5.96,,,,,,,,,,,,,,,,,,,,,,true,true,6,2016-02-01,2016-07-31,1
2016-03-15,48130,2017-01-31,,7100000000,0.038,,,,,150000000,,150000000,4.494,,80000000,,2.07,,,,,,,,,,,,,,,,,,,,,,true,true,12,2016-02-01,2017-01-31,1
2016-03-15,48130,2016-01-31,,3743000000,-0.110,,,,,36000000,,138000000,,-1786000000,,,-46.31,,,,,,29831000000,28783000000,0.962,744.16,28709000000,,,,,0.00,,,,39233100,653446,38563168,false,false,12,2015-02-01,2016-01-31,0
2016-03-15,48130,2015-01-31,,4206000000,,,,,,-707000000,,-112000000,,-1929000000,,,-50.10,,,,,,31526000000,30551000000,0.966,790.78,30462000000,,,,,0.00,,,,39203100,681246,38520146,false,false,12,2014-02-01,2015-01-31,-1
2016-05-31,48130,2017-01-31,1,1299000000,-0.227,,,,,-234000000,,-306000000,,,-322000000,,-8.35,,,,,,30070000000,28595000000,0.950,,28564000000,,,,,,,,,,,,true,false,3,2016-02-01,2016-04-30,0
2016-05-31,48130,2016-01-31,1,1680000000,0.234,,,,,-287000000,,-226000000,,,146000000,,3.80,3.79,,,,,,,,,,,,,,,,,,,,,true,false,3,2015-02-01,2015-04-30,-1
2016-05-31,48130,2017-01-31,1,3200000000,-0.118,,,,,-200000000,,-200000000,,,-230000000,,-5.96,,,,,,,,,,,,,,,,,,,,,,true,true,6,2016-02-01,2016-07-31,0
2016-05-31,48130,2017-01-31,1,7100000000,0.038,,,,,150000000,,150000000,4.494,,80000000,,2.07,,,,,,,,,,,,,,,,,,,,,,true,true,12,2016-02-01,2017-01-31,0
2016-05-31,48130,2016-01-31,1,,,,,,,,,,,,,,,,,,,,30781000000,29000000000,0.939,,28905000000,,,,,,,,,,,,true,false,12,2015-02-01,2016-01-31,-1
2016-05-31,48130,2016-01-31,1,,,,,,,,,,,,,,,,,,,,,,,,,,,,,0.00,,,,39233100,653446,,false,false,12,2015-02-01,2016-01-31,-1
2016-05-31,48130,2017-01-31,1,,,,,,,,,,,,,,,,,,,,,,,,,,,,,,,,,39293100,583446,38648137,false,false,3,2016-02-01,2016-04-30,0
2016-05-31,48130,2016-01-31,1,,,,,,,,,,,,,,,,,,,,,,,,,,,,,,,,,,,38526910,false,false,3,2015-02-01,2015-04-30,-1
2016-08-31,48130,2017-01-31,2,2911000000,-0.198,,,,,26000000,,-97000000,,,-136000000,,-3.53,,,,,,30023000000,28617000000,0.952,,28586000000,,,,,,,,,,,,true,false,6,2016-02-01,2016-07-31,0
2016-08-31,48130,2016-01-31,2,3629000000,0.147,,,,,-135000000,,-24000000,,,213000000,,5.54,5.52,,,,,,,,,,,,,,,,,,,,,true,false,6,2015-02-01,2015-07-31,-1
2016-08-31,48130,2017-01-31,2,7100000000,0.038,,,,,150000000,,150000000,4.494,,80000000,,2.07,,,,,,,,,,,,,,,,,,,,,,true,true,12,2016-02-01,2017-01-31,0
2016-08-31,48130,2016-01-31,2,,,,,,,,,,,,,,,,,,,,30781000000,29000000000,0.939,,28905000000,,,,,,,,,,,,true,false,12,2015-02-01,2016-01-31,-1
2016-08-31,48130,2016-01-31,2,,,,,,,,,,,,,,,,,,,,,,,,,,,,,0.00,,,,39233100,653446,,false,false,12,2015-02-01,2016-01-31,-1
2016-08-31,48130,2017-01-31,2,,,,,,,,,,,,,,,,,,,,,,,,,,,,,0.00,,,,,,,false,false,12,2016-02-01,2017-01-31,0
2016-08-31,48130,2017-01-31,2,,,,,,,,,,,,,,,,,,,,,,,,,,,,,,,,,39293100,583446,38679233,false,false,6,2016-02-01,2016-07-31,0
2016-08-31,48130,2016-01-31,2,,,,,,,,,,,,,,,,,,,,,,,,,,,,,,,,,,,38547848,false,false,6,2015-02-01,2015-07-31,-1
2016-11-30,48130,2017-01-31,3,4132000000,-0.184,,,,,-18000000,,-167000000,,,-230000000,,-5.96,,,,,,29899000000,28507000000,0.952,,28476000000,,,,,,,,,,,,true,false,9,2016-02-01,2016-10-31,0
2016-11-30,48130,2016-01-31,3,5064000000,0.019,,,,,-196000000,,-94000000,,,-1506000000,,-39.07,,,,,,,,,,,,,,,,,,,,,,true,false,9,2015-02-01,2015-10-31,-1
2016-11-30,48130,2017-01-31,3,7100000000,0.038,,,,,150000000,,150000000,4.494,,80000000,,2.07,,,,,,,,,,,,,,,,,,,,,,true,true,12,2016-02-01,2017-01-31,0
2016-11-30,48130,2016-01-31,3,,,,,,,,,,,,,,,,,,,,30781000000,29000000000,0.939,,28905000000,,,,,,,,,,,,true,false,12,2015-02-01,2016-01-31,-1
2016-11-30,48130,2016-01-31,3,,,,,,,,,,,,,,,,,,,,,,,,,,,,,0.00,,,,39233100,653446,,false,false,12,2015-02-01,2016-01-31,-1
2016-11-30,48130,2017-01-31,3,,,,,,,,,,,,,,,,,,,,,,,,,,,,,0.00,,,,,,,false,false,12,2016-02-01,2017-01-31,0
2016-11-30,48130,2017-01-31,3,,,,,,,,,,,,,,,,,,,,,,,,,,,,,,,,,39293100,583446,38689447,false,false,9,2016-02-01,2016-10-31,0
2016-11-30,48130,2016-01-31,3,,,,,,,,,,,,,,,,,,,,,,,,,,,,,,,,,,,38557683,false,false,9,2015-02-01,2015-10-31,-1
2017-03-15,48130,2017-01-31,,6627000000,-0.031,,,,,599000000,,392000000,,,314000000,,8.14,8.13,0.011,0.013,0.090,,30722000000,29261000000,0.952,755.18,29232000000,121000000,-938000000,-30000000,24157000000,,,,,,,,true,false,12,2016-02-01,2017-01-31,0
2017-03-15,48130,2016-01-31,,6837000000,-0.091,,,,,-114000000,,27000000,,,-1318000000,,-34.19,,-0.044,0.001,-0.017,,30781000000,29000000000,0.939,749.24,28905000000,560000000,819000000,3000000,25163000000,,,,,,,,true,false,12,2015-02-01,2016-01-31,-1
2017-03-15,48130,2018-01-31,,3300000000,0.133,,,,,120000000,3.611,120000000,,,40000000,,1.03,,,,,,,,,,,,,,,,,,,,,,true,true,6,2017-02-01,2017-07-31,1
2017-03-15,48130,2018-01-31,,7500000000,0.132,,,,,800000000,0.335,800000000,1.040,,600000000,,15.50,,,,,,,,,,,,,,,,,,,,,,true,true,12,2017-02-01,2018-01-31,1
2017-03-15,48130,2017-01-31,,3794000000,0.014,,,,,618000000,,411000000,1.961,315000000,,,8.15,8.14,,,,,29813000000,29115000000,0.976,751.45,29088000000,,,,,0.00,,,,39293100,583446,38694526,false,false,12,2016-02-01,2017-01-31,0
2017-03-15,48130,2016-01-31,,3743000000,-0.110,,,,,36000000,,138000000,,-1786000000,,,-46.31,,,,,,29831000000,28783000000,0.962,744.16,28709000000,,,,,0.00,,,,39233100,653446,38563168,false,false,12,2015-02-01,2016-01-31,-1
2017-05-31,48130,2018-01-31,1,1739000000,0.339,,,,,12000000,,31000000,,,-32000000,,-0.83,,,,,,30987000000,29180000000,0.941,,29150000000,,,,,,,,,,,,true,false,3,2017-02-01,2017-04-30,0
2017-05-31,48130,2017-01-31,1,1299000000,-0.227,,,,,-234000000,,-306000000,,,-322000000,,-8.35,,,,,,,,,,,,,,,,,,,,,,true,false,3,2016-02-01,2016-04-30,-1
2017-05-31,48130,2018-01-31,1,3300000000,0.133,,,,,120000000,3.611,120000000,,,40000000,,1.03,,,,,,,,,,,,,,,,,,,,,,true,true,6,2017-02-01,2017-07-31,0
2017-05-31,48130,2018-01-31,1,7500000000,0.132,,,,,800000000,0.335,800000000,1.040,,600000000,,15.50,,,,,,,,,,,,,,,,,,,,,,true,true,12,2017-02-01,2018-01-31,0
2017-05-31,48130,2017-01-31,1,,,,,,,,,,,,,,,,,,,,30722000000,29261000000,0.952,,29232000000,,,,,,,,,,,,true,false,12,2016-02-01,2017-01-31,-1
2017-05-31,48130,2017-01-31,1,,,,,,,,,,,,,,,,,,,,,,,,,,,,,0.00,,,,39293100,583446,,false,false,12,2016-02-01,2017-01-31,-1
2017-05-31,48130,2018-01-31,1,,,,,,,,,,,,,,,,,,,,,,,,,,,,,,,,,39293100,583446,38709654,false,false,3,2017-02-01,2017-04-30,0
2017-05-31,48130,2017-01-31,1,,,,,,,,,,,,,,,,,,,,,,,,,,,,,,,,,,,38648137,false,false,3,2016-02-01,2016-04-30,-1
2017-08-28,48130,2018-01-31,2,3776000000,0.297,,,,,272000000,9.489,304000000,,,207000000,,5.35,5.35,,,,,30957000000,29397000000,0.949,,29366000000,,,,,,,,,,,,true,false,6,2017-02-01,2017-07-31,0
2017-08-28,48130,2017-01-31,2,2911000000,-0.198,,,,,26000000,,-97000000,,,-136000000,,-3.53,,,,,,,,,,,,,,,,,,,,,,true,false,6,2016-02-01,2016-07-31,-1
2017-08-28,48130,2018-01-31,2,7500000000,0.132,,,,,800000000,0.335,800000000,1.040,,600000000,,15.50,,,,,,,,,,,,,,,,,,,,,,true,true,12,2017-02-01,2018-01-31,0
2017-08-28,48130,2017-01-31,2,,,,,,,,,,,,,,,,,,,,30722000000,29261000000,0.952,,29232000000,,,,,,,,,,,,true,false,12,2016-02-01,2017-01-31,-1
2017-08-28,48130,2017-01-31,2,,,,,,,,,,,,,,,,,,,,,,,,,,,,,0.00,,,,39293100,583446,,false,false,12,2016-02-01,2017-01-31,-1
2017-08-28,48130,2018-01-31,2,,,,,,,,,,,,,,,,,,,,,,,,,,,,,0.00,,,,,,,false,false,12,2017-02-01,2018-01-31,0
2017-08-28,48130,2018-01-31,2,,,,,,,,,,,,,,,,,,,,,,,,,,,,,,,,,39293100,583446,38709654,false,false,6,2017-02-01,2017-07-31,0
2017-08-28,48130,2017-01-31,2,,,,,,,,,,,,,,,,,,,,,,,,,,,,,,,,,,,38679233,false,false,6,2016-02-01,2016-07-31,-1
2017-11-30,48130,2018-01-31,3,5522000000,0.336,,,,,218000000,,230000000,,,110000000,,2.86,2.86,,,,,30904000000,29318000000,0.948,,29286000000,,,,,,,,,,,,true,false,9,2017-02-01,2017-10-31,0
2017-11-30,48130,2017-01-31,3,4132000000,-0.184,,,,,-18000000,,-167000000,,,-230000000,,-5.96,,,,,,,,,,,,,,,,,,,,,,true,false,9,2016-02-01,2016-10-31,-1
2017-11-30,48130,2018-01-31,3,7500000000,0.132,,,,,800000000,0.335,800000000,1.040,,600000000,,15.50,,,,,,,,,,,,,,,,,,,,,,true,true,12,2017-02-01,2018-01-31,0
2017-11-30,48130,2017-01-31,3,,,,,,,,,,,,,,,,,,,,30722000000,29261000000,0.952,,29232000000,,,,,,,,,,,,true,false,12,2016-02-01,2017-01-31,-1
2017-11-30,48130,2017-01-31,3,,,,,,,,,,,,,,,,,,,,,,,,,,,,,0.00,,,,39293100,583446,,false,false,12,2016-02-01,2017-01-31,-1
2017-11-30,48130,2018-01-31,3,,,,,,,,,,,,,,,,,,,,,,,,,,,,,0.00,,,,,,,false,false,12,2017-02-01,2018-01-31,0
2017-11-30,48130,2018-01-31,3,,,,,,,,,,,,,,,,,,,,,,,,,,,,,,,,,39293100,583446,38709654,false,false,9,2017-02-01,2017-10-31,0
2017-11-30,48130,2017-01-31,3,,,,,,,,,,,,,,,,,,,,,,,,,,,,,,,,,,,38689447,false,false,9,2016-02-01,2016-10-31,-1
2018-03-02,48130,2018-01-31,,7930000000,0.057,,,,,413000000,-0.483,316000000,-0.604,,246000000,,6.38,,,,,,,,,,,,,,,,,,,,,,true,true,12,2017-02-01,2018-01-31,0
2018-03-02,48130,2017-01-31,,6627000000,,,,,,599000000,,392000000,,,314000000,,8.14,,,,,,,,,,,,,,,,,,,,,,true,false,12,2016-02-01,2017-01-31,-1
2018-03-02,48130,2018-01-31,,4353000000,0.147,,,,,,,270000000,-0.341,123000000,,-0.609,3.19,,,,,,,,,,,,,,,,,,,,,,false,true,12,2017-02-01,2018-01-31,0
2018-03-02,48130,2017-01-31,,3794000000,,,,,,,,411000000,,315000000,,,8.15,,,,,,,,,,,,,,,,,,,,,,false,false,12,2016-02-01,2017-01-31,-1
2018-03-15,48130,2018-01-31,,7930000000,0.197,,,,,413000000,-0.310,316000000,-0.194,,246000000,,6.38,6.37,0.008,0.010,0.052,,31043000000,29464000000,0.948,760.34,29432000000,709000000,786000000,-0,25677000000,,,,,,,,true,false,12,2017-02-01,2018-01-31,0
2018-03-15,48130,2017-01-31,,6627000000,-0.031,,,,,599000000,,392000000,,,314000000,,8.14,8.13,0.011,0.013,0.090,,30722000000,29261000000,0.952,755.18,29232000000,121000000,-938000000,-30000000,24157000000,,,,,,,,true,false,12,2016-02-01,2017-01-31,-1
2018-03-15,48130,2019-01-31,,3700000000,-0.020,,,,,-80000000,,-80000000,,,-130000000,,-3.36,,,,,,,,,,,,,,,,,,,,,,true,true,6,2018-02-01,2018-07-31,1
2018-03-15,48130,2019-01-31,,8200000000,0.034,,,,,500000000,0.209,500000000,0.581,,370000000,,9.56,,,,,,,,,,,,,,,,,,,,,,true,true,12,2018-02-01,2019-01-31,1
2018-03-15,48130,2018-01-31,,4353000000,0.147,,,,,282000000,-0.544,270000000,-0.341,123000000,,-0.609,3.19,3.18,,,,,30039000000,29234000000,0.972,754.45,29204000000,,,,,0.00,,,,39293100,583446,38709654,false,false,12,2017-02-01,2018-01-31,0
2018-03-15,48130,2017-01-31,,3794000000,0.014,,,,,618000000,,411000000,1.961,315000000,,,8.15,8.14,,,,,29813000000,29115000000,0.976,751.45,29088000000,,,,,0.00,,,,39293100,583446,38694526,false,false,12,2016-02-01,2017-01-31,-1
2018-05-30,48130,2019-01-31,1,1619000000,-0.069,,,,,-166000000,,-164000000,,,-170000000,,-4.40,,,,,,30650000000,29175000000,0.951,,29142000000,,,,,,,,,,,,true,false,3,2018-02-01,2018-04-30,0
2018-05-30,48130,2018-01-31,1,1739000000,0.339,,,,,12000000,,31000000,,,-32000000,,-0.83,,,,,,,,,,,,,,,,,,,,,,true,false,3,2017-02-01,2017-04-30,-1
2018-05-30,48130,2019-01-31,1,3700000000,-0.020,,,,,-80000000,,-80000000,,,-130000000,,-3.36,,,,,,,,,,,,,,,,,,,,,,true,true,6,2018-02-01,2018-07-31,0
2018-05-30,48130,2019-01-31,1,8200000000,0.034,,,,,500000000,0.209,500000000,0.581,,370000000,,9.56,,,,,,,,,,,,,,,,,,,,,,true,true,12,2018-02-01,2019-01-31,0
2018-05-30,48130,2018-01-31,1,,,,,,,,,,,,,,,,,,,,31043000000,29464000000,0.948,,29432000000,,,,,,,,,,,,true,false,12,2017-02-01,2018-01-31,-1
2018-05-30,48130,2018-01-31,1,,,,,,,,,,,,,,,,,,,,,,,,,,,,,0.00,,,,39293100,583446,,false,false,12,2017-02-01,2018-01-31,-1
2018-05-30,48130,2019-01-31,1,,,,,,,,,,,,,,,,,,,,,,,,,,,,,,,,,39293100,583496,38709621,false,false,3,2018-02-01,2018-04-30,0
2018-05-30,48130,2018-01-31,1,,,,,,,,,,,,,,,,,,,,,,,,,,,,,,,,,,,38709654,false,false,3,2017-02-01,2017-04-30,-1
2018-08-31,48130,2019-01-31,2,3411000000,-0.097,,,,,-67000000,,-84000000,,,-133000000,,-3.44,,,,,,30675000000,29279000000,0.953,,29246000000,,,,,,,,,,,,true,false,6,2018-02-01,2018-07-31,0
2018-08-31,48130,2018-01-31,2,3776000000,0.297,,,,,272000000,9.489,304000000,,,207000000,,5.35,5.35,,,,,,,,,,,,,,,,,,,,,true,false,6,2017-02-01,2017-07-31,-1
2018-08-31,48130,2019-01-31,2,8200000000,0.034,,,,,500000000,0.209,500000000,0.581,,370000000,,9.56,,,,,,,,,,,,,,,,,,,,,,true,true,12,2018-02-01,2019-01-31,0
2018-08-31,48130,2018-01-31,2,,,,,,,,,,,,,,,,,,,,31043000000,29464000000,0.948,,29432000000,,,,,,,,,,,,true,false,12,2017-02-01,2018-01-31,-1
2018-08-31,48130,2018-01-31,2,,,,,,,,,,,,,,,,,,,,,,,,,,,,,0.00,,,,39293100,583446,,false,false,12,2017-02-01,2018-01-31,-1
2018-08-31,48130,2019-01-31,2,,,,,,,,,,,,,,,,,,,,,,,,,,,,,0.00,,,,,,,false,false,12,2018-02-01,2019-01-31,0
2018-08-31,48130,2019-01-31,2,,,,,,,,,,,,,,,,,,,,,,,,,,,,,,,,,39293100,583546,38709589,false,false,6,2018-02-01,2018-07-31,0
2018-08-31,48130,2018-01-31,2,,,,,,,,,,,,,,,,,,,,,,,,,,,,,,,,,,,38709654,false,false,6,2017-02-01,2017-07-31,-1
2018-11-30,48130,2019-01-31,3,4978000000,-0.098,,,,,-388000000,,-408000000,,,-486000000,,-12.57,,,,,,30808000000,29044000000,0.942,,29010000000,,,,,,,,,,,,true,false,9,2018-02-01,2018-10-31,0
2018-11-30,48130,2018-01-31,3,5522000000,0.336,,,,,218000000,,230000000,,,110000000,,2.86,2.86,,,,,,,,,,,,,,,,,,,,,true,false,9,2017-02-01,2017-10-31,-1
2018-11-30,48130,2019-01-31,3,8200000000,0.034,,,,,500000000,0.209,500000000,0.581,,370000000,,9.56,,,,,,,,,,,,,,,,,,,,,,true,true,12,2018-02-01,2019-01-31,0
2018-11-30,48130,2018-01-31,3,,,,,,,,,,,,,,,,,,,,31043000000,29464000000,0.948,,29432000000,,,,,,,,,,,,true,false,12,2017-02-01,2018-01-31,-1
2018-11-30,48130,2018-01-31,3,,,,,,,,,,,,,,,,,,,,,,,,,,,,,0.00,,,,39293100,583446,,false,false,12,2017-02-01,2018-01-31,-1
2018-11-30,48130,2019-01-31,3,,,,,,,,,,,,,,,,,,,,,,,,,,,,,0.00,,,,,,,false,false,12,2018-02-01,2019-01-31,0
2018-11-30,48130,2019-01-31,3,,,,,,,,,,,,,,,,,,,,,,,,,,,,,,,,,39293100,583546,38709577,false,false,9,2018-02-01,2018-10-31,0
2018-11-30,48130,2018-01-31,3,,,,,,,,,,,,,,,,,,,,,,,,,,,,,,,,,,,38709654,false,false,9,2017-02-01,2017-10-31,-1
2019-03-15,48130,2019-01-31,,8140000000,0.026,,,,,534000000,0.292,508000000,0.609,,377000000,,9.75,9.74,0.013,0.016,0.066,,31688000000,29758000000,0.938,767.88,29724000000,585000000,-3158000000,-400000000,22678000000,,0.308,,,,,,true,false,12,2018-02-01,2019-01-31,0
2019-03-15,48130,2018-01-31,,7930000000,0.197,,,,,413000000,-0.310,316000000,-0.194,,246000000,,6.38,6.37,0.008,0.010,0.052,,31043000000,29464000000,0.948,760.34,29432000000,709000000,786000000,-0,25677000000,,,,,,,,true,false,12,2017-02-01,2018-01-31,-1
2019-03-15,48130,2020-01-31,,3600000000,0.055,,,,,-680000000,,-695000000,,,-745000000,,-19.25,,,,,,,,,,,,,,,,,,,,,,true,true,6,2019-02-01,2019-07-31,1
2019-03-15,48130,2020-01-31,,9700000000,0.192,,,,,550000000,0.029,520000000,0.022,,380000000,,9.82,,,,,,,,,,,,,,,,,,,,,,true,true,12,2019-02-01,2020-01-31,1
2019-03-15,48130,2019-01-31,,4770000000,0.096,,,,,569000000,1.020,541000000,0.998,545000000,,3.422,14.09,14.08,,,,,30666000000,29780000000,0.970,768.53,29749000000,,,,,3.00,,,,39293100,583546,38709571,false,false,12,2018-02-01,2019-01-31,0
2019-03-15,48130,2018-01-31,,4353000000,0.147,,,,,282000000,-0.544,270000000,-0.341,123000000,,-0.609,3.19,3.18,,,,,30039000000,29234000000,0.972,754.45,29204000000,,,,,0.00,,,,39293100,583446,38709654,false,false,12,2017-02-01,2018-01-31,-1
2019-03-15,48130,2020-01-31,,,,,,,,,,,,,,,,,,,,,,,,,,,,,,3.00,,,,,,,false,true,12,2019-02-01,2020-01-31,1
2019-05-31,48130,2020-01-31,1,1585000000,-0.021,,,,,-506000000,,-519000000,,,-543000000,,-14.04,,,,,,31183000000,29086000000,0.932,,29062000000,,,,,,,,,,,,true,false,3,2019-02-01,2019-04-30,0
2019-05-31,48130,2019-01-31,1,1619000000,-0.069,,,,,-166000000,,-164000000,,,-170000000,,-4.40,,,,,,,,,,,,,,,,,,,,,,true,false,3,2018-02-01,2018-04-30,-1
2019-05-31,48130,2020-01-31,1,3600000000,0.055,,,,,-680000000,,-695000000,,,-745000000,,-19.25,,,,,,,,,,,,,,,,,,,,,,true,true,6,2019-02-01,2019-07-31,0
2019-05-31,48130,2020-01-31,1,9700000000,0.192,,,,,550000000,0.029,520000000,0.022,,380000000,,9.82,,,,,,,,,,,,,,,,,,,,,,true,true,12,2019-02-01,2020-01-31,0
2019-05-31,48130,2019-01-31,1,,,,,,,,,,,,,,,,,,,,31688000000,29758000000,0.938,,29724000000,,,,,,,,,,,,true,false,12,2018-02-01,2019-01-31,-1
2019-05-31,48130,2019-01-31,1,,,,,,,,,,,,,,,,,,,,,,,,,,,,,3.00,,,,39293100,583546,,false,false,12,2018-02-01,2019-01-31,-1
2019-05-31,48130,2020-01-31,1,,,,,,,,,,,,,,,,,,,,,,,,,,,,,3.00,,,,,,,false,true,12,2019-02-01,2020-01-31,0
2019-05-31,48130,2020-01-31,1,,,,,,,,,,,,,,,,,,,,,,,,,,,,,,,,,39293100,583546,38709554,false,false,3,2019-02-01,2019-04-30,0
2019-05-31,48130,2019-01-31,1,,,,,,,,,,,,,,,,,,,,,,,,,,,,,,,,,,,38709621,false,false,3,2018-02-01,2018-04-30,-1
2019-08-30,48130,2020-01-31,2,3585000000,0.051,,,,,-690000000,,-625000000,,,-687000000,,-17.75,,,,,,30990000000,28947000000,0.933,,28918000000,,,,,,,,,,,,true,false,6,2019-02-01,2019-07-31,0
2019-08-30,48130,2019-01-31,2,3411000000,-0.097,,,,,-67000000,,-84000000,,,-133000000,,-3.44,,,,,,,,,,,,,,,,,,,,,,true,false,6,2018-02-01,2018-07-31,-1
2019-08-30,48130,2020-01-31,2,9700000000,0.192,,,,,550000000,0.029,520000000,0.022,,380000000,,9.82,,,,,,,,,,,,,,,,,,,,,,true,true,12,2019-02-01,2020-01-31,0
2019-08-30,48130,2019-01-31,2,,,,,,,,,,,,,,,,,,,,31688000000,29758000000,0.938,,29724000000,,,,,,,,,,,,true,false,12,2018-02-01,2019-01-31,-1
2019-08-30,48130,2019-01-31,2,,,,,,,,,,,,,,,,,,,,,,,,,,,,,3.00,,,,39293100,583546,,false,false,12,2018-02-01,2019-01-31,-1
2019-08-30,48130,2020-01-31,2,,,,,,,,,,,,,,,,,,,,,,,,,,,,,0.00,,,,,,,false,false,12,2019-02-01,2020-01-31,0
2019-08-30,48130,2020-01-31,2,,,,,,,,,,,,,,,,,,,,,,,,,,,,,3.00,,,,,,,false,true,12,2019-02-01,2020-01-31,0
2019-08-30,48130,2020-01-31,2,,,,,,,,,,,,,,,,,,,,,,,,,,,,,,,,,39375600,583546,38744650,false,false,6,2019-02-01,2019-07-31,0
2019-08-30,48130,2019-01-31,2,,,,,,,,,,,,,,,,,,,,,,,,,,,,,,,,,,,38709589,false,false,6,2018-02-01,2018-07-31,-1
2019-11-29,48130,2020-01-31,3,5099000000,0.024,,,,,-1076000000,,-1029000000,,,-1130000000,,-29.17,,,,,,30461000000,28424000000,0.932,,28390000000,,,,,,,,,,,,true,false,9,2019-02-01,2019-10-31,0
2019-11-29,48130,2019-01-31,3,4978000000,-0.098,,,,,-388000000,,-408000000,,,-486000000,,-12.56,,,,,,,,,,,,,,,,,,,,,,true,false,9,2018-02-01,2018-10-31,-1
2019-11-29,48130,2020-01-31,3,9700000000,0.192,,,,,550000000,0.029,520000000,0.022,,380000000,,9.82,,,,,,,,,,,,,,,,,,,,,,true,true,12,2019-02-01,2020-01-31,0
2019-11-29,48130,2019-01-31,3,,,,,,,,,,,,,,,,,,,,31688000000,29758000000,0.938,,29724000000,,,,,,,,,,,,true,false,12,2018-02-01,2019-01-31,-1
2019-11-29,48130,2019-01-31,3,,,,,,,,,,,,,,,,,,,,,,,,,,,,,3.00,,,,39293100,583546,,false,false,12,2018-02-01,2019-01-31,-1
2019-11-29,48130,2020-01-31,3,,,,,,,,,,,,,,,,,,,,,,,,,,,,,0.00,,,,,,,false,false,12,2019-02-01,2020-01-31,0
2019-11-29,48130,2020-01-31,3,,,,,,,,,,,,,,,,,,,,,,,,,,,,,3.00,,,,,,,false,true,12,2019-02-01,2020-01-31,0
2019-11-29,48130,2020-01-31,3,,,,,,,,,,,,,,,,,,,,,,,,,,,,,,,,,39375600,583546,38760625,false,false,9,2019-02-01,2019-10-31,0
2019-11-29,48130,2019-01-31,3,,,,,,,,,,,,,,,,,,,,,,,,,,,,,,,,,,,38709577,false,false,9,2018-02-01,2018-10-31,-1
2020-02-19,48130,2020-01-31,,9422000000,-0.029,,,,,388000000,-0.293,431000000,-0.170,,513000000,,13.25,,,,,,,,,,,,,,,,,,,,,,true,true,12,2019-02-01,2020-01-31,0
2020-02-19,48130,2019-01-31,,8140000000,,,,,,534000000,,508000000,,,377000000,,9.75,,,,,,,,,,,,,,,,,,,,,,true,false,12,2018-02-01,2019-01-31,-1
2020-02-19,48130,2020-01-31,,5423000000,,,,,,,,535000000,,1000000000,,,25.81,,,,,,,,,,,,,,,,,,,,,,false,true,12,2019-02-01,2020-01-31,0
2020-02-19,48130,2019-01-31,,4770000000,,,,,,,,541000000,,545000000,,,14.09,,,,,,,,,,,,,,,,,,,,,,false,false,12,2018-02-01,2019-01-31,-1
2020-03-13,48130,2020-01-31,,9422000000,0.158,,,,,387000000,-0.274,430000000,-0.154,,493000000,,12.72,12.71,0.016,0.013,0.041,,32783000000,30224000000,0.921,778.13,30185000000,491000000,-4121000000,-23000000,19069000000,,0.236,,,,,,true,false,12,2019-02-01,2020-01-31,0
2020-03-13,48130,2019-01-31,,8140000000,0.026,,,,,534000000,0.292,508000000,0.609,,377000000,,9.75,9.74,0.013,0.016,0.066,,31688000000,29758000000,0.938,767.88,29724000000,585000000,-3158000000,-400000000,22678000000,,0.308,,,,,,true,false,12,2018-02-01,2019-01-31,-1
2020-03-13,48130,2021-01-31,,4567000000,0.274,,,,,-1098000000,,-1114000000,,,-1174000000,,-30.27,,,,,,,,,,,,,,,,,,,,,,true,true,6,2020-02-01,2020-07-31,1
2020-03-13,48130,2021-01-31,,13000000000,0.380,,,,,580000000,0.495,530000000,0.231,,360000000,,9.28,,,,,,,,,,,,,,,,0.328,,,,,,true,true,12,2020-02-01,2021-01-31,1
2020-03-13,48130,2020-01-31,,5423000000,0.137,,,,,538000000,-0.055,534000000,-0.013,979000000,,0.796,25.28,25.26,,,,,31792000000,30714000000,0.965,790.87,30679000000,,,,,3.00,,,,39375600,583546,38768547,false,false,12,2019-02-01,2020-01-31,0
2020-03-13,48130,2019-01-31,,4770000000,0.096,,,,,569000000,1.020,541000000,0.998,545000000,,3.422,14.09,14.08,,,,,30666000000,29780000000,0.970,768.53,29749000000,,,,,3.00,,,,39293100,583546,38709571,false,false,12,2018-02-01,2019-01-31,-1
2020-03-13,48130,2021-01-31,,,,,,,,,,,,,,,,,,,,,,,,,,,,,,3.00,,,,,,,false,true,12,2020-02-01,2021-01-31,1
2020-06-11,48130,2021-01-31,1,1332000000,-0.160,,,,,-1081000000,,-1089000000,,,-1110000000,,-28.58,,,,,,31075000000,28853000000,0.927,,28810000000,,,,,,,,,,,,true,false,3,2020-02-01,2020-04-30,0
2020-06-11,48130,2020-01-31,1,1585000000,-0.021,,,,,-506000000,,-519000000,,,-543000000,,-14.04,,,,,,,,,,,,,,,,,,,,,,true,false,3,2019-02-01,2019-04-30,-1
2020-06-11,48130,2021-01-31,1,4567000000,0.274,,,,,-1098000000,,-1114000000,,,-1174000000,,-30.27,,,,,,,,,,,,,,,,,,,,,,true,true,6,2020-02-01,2020-07-31,0
2020-06-11,48130,2021-01-31,1,13000000000,0.380,,,,,580000000,0.495,530000000,0.231,,360000000,,9.28,,,,,,,,,,,,,,,,,,,,,,true,true,12,2020-02-01,2021-01-31,0
2020-06-11,48130,2020-01-31,1,,,,,,,,,,,,,,,,,,,,32783000000,30224000000,0.921,,30185000000,,,,,,,,,,,,true,false,12,2019-02-01,2020-01-31,-1
2020-06-11,48130,2020-01-31,1,,,,,,,,,,,,,,,,,,,,,,,,,,,,,3.00,,,,39375600,583546,,false,false,12,2019-02-01,2020-01-31,-1
2020-06-11,48130,2021-01-31,1,,,,,,,,,,,,,,,,,,,,,,,,,,,,,3.00,,,,,,,false,true,12,2020-02-01,2021-01-31,0
2020-06-11,48130,2021-01-31,1,,,,,,,,,,,,,,,,,,,,,,,,,,,,,,,,,39375600,509580,38848258,false,false,3,2020-02-01,2020-04-30,0
2020-06-11,48130,2020-01-31,1,,,,,,,,,,,,,,,,,,,,,,,,,,,,,,,,,,,38709554,false,false,3,2019-02-01,2019-04-30,-1
2020-07-21,48130,2021-01-31,,3000000000,-0.343,,,,,-2000000000,,-2000000000,,,-2100000000,,-53.99,,,,,,,,,,,,,,,,,,,,,,true,true,6,2020-02-01,2020-07-31,0
2020-07-21,48130,2020-01-31,,3585000000,,,,,,-690000000,,-625000000,,,-687000000,,-17.75,,,,,,,,,,,,,,,,,,,,,,true,false,6,2019-02-01,2019-07-31,-1
2020-07-21,48130,2021-01-31,,13000000000,,,,,,580000000,,530000000,,,360000000,,9.28,,,,,,,,,,,,,,,,,,,,,,true,true,12,2020-02-01,2021-01-31,0
2020-07-21,48130,2020-01-31,,9422000000,,,,,,387000000,,430000000,,,493000000,,12.72,,,,,,,,,,,,,,,,,,,,,,true,false,12,2019-02-01,2020-01-31,-1
2020-07-21,48130,2021-01-31,,,,,,,,,,,,,,,,,,,,,,,,,,,,,,0.00,,,,,,,false,true,12,2020-02-01,2021-01-31,0
2020-07-21,48130,2020-01-31,,,,,,,,,,,,,,,,,,,,,,,,,,,,,,3.00,,,,,,,false,false,12,2019-02-01,2020-01-31,-1
2020-09-10,48130,2021-01-31,2,3107000000,-0.133,,,,,-1788000000,,-1697000000,,,-1735000000,,-44.60,,,,,,30368000000,28329000000,0.931,,28285000000,,,,,,,,,,,,true,false,6,2020-02-01,2020-07-31,0
2020-09-10,48130,2020-01-31,2,3585000000,0.051,,,,,-697000000,,-633000000,,,-692000000,,-17.88,,,,,,,,,,,,,,,,,,,,,,true,false,6,2019-02-01,2019-07-31,-1
2020-09-10,48130,2020-01-31,2,,,,,,,,,,,,,,,,,,,,32783000000,30224000000,0.921,,30185000000,,,,,,,,,,,,true,false,12,2019-02-01,2020-01-31,-1
2020-09-10,48130,2020-01-31,2,,,,,,,,,,,,,,,,,,,,,,,,,,,,,3.00,,,,39375600,583546,,false,false,12,2019-02-01,2020-01-31,-1
2020-09-10,48130,2021-01-31,2,,,,,,,,,,,,,,,,,,,,,,,,,,,,,0.00,,,,,,,false,false,12,2020-02-01,2021-01-31,0
2020-09-10,48130,2021-01-31,2,,,,,,,,,,,,,,,,,,,,,,,,,,,,,,,,,39481700,508780,38899286,false,false,6,2020-02-01,2020-07-31,0
2020-09-10,48130,2020-01-31,2,,,,,,,,,,,,,,,,,,,,,,,,,,,,,,,,,,,38744650,false,false,6,2019-02-01,2019-07-31,-1
2020-12-09,48130,2021-01-31,3,4775000000,-0.064,,,,,-2541000000,,-2457000000,,,-2504000000,,-64.35,,,,,,29327000000,27454000000,0.935,,27408000000,,,,,,,,,,,,true,false,9,2020-02-01,2020-10-31,0
2020-12-09,48130,2020-01-31,3,5099000000,0.024,,,,,-1076000000,,-1029000000,,,-1130000000,,-29.17,,,,,,,,,,,,,,,,,,,,,,true,false,9,2019-02-01,2019-10-31,-1
2020-12-09,48130,2020-01-31,3,,,,,,,,,,,,,,,,,,,,32783000000,30224000000,0.921,,30185000000,,,,,,,,,,,,true,false,12,2019-02-01,2020-01-31,-1
2020-12-09,48130,2020-01-31,3,,,,,,,,,,,,,,,,,,,,,,,,,,,,,3.00,,,,39375600,583546,,false,false,12,2019-02-01,2020-01-31,-1
2020-12-09,48130,2021-01-31,3,,,,,,,,,,,,,,,,,,,,,,,,,,,,,0.00,,,,,,,false,false,12,2020-02-01,2021-01-31,0
2020-12-09,48130,2021-01-31,3,,,,,,,,,,,,,,,,,,,,,,,,,,,,,,,,,39481700,508480,38924084,false,false,9,2020-02-01,2020-10-31,0
2020-12-09,48130,2020-01-31,3,,,,,,,,,,,,,,,,,,,,,,,,,,,,,,,,,,,38760625,false,false,9,2019-02-01,2019-10-31,-1
2020-12-24,48130,2021-01-31,,7550000000,,,,,,-2650000000,,-2550000000,,,-2750000000,,-70.63,,,,,,,,,,,,,,,,,,,,,,true,true,12,2020-02-01,2021-01-31,0
2020-12-24,48130,2020-01-31,,9422000000,,,,,,387000000,,430000000,,,493000000,,12.72,,,,,,,,,,,,,,,,,,,,,,true,false,12,2019-02-01,2020-01-31,-1
2020-12-24,48130,2021-01-31,,4630000000,,,,,,,,-700000000,,-730000000,,,-18.75,,,,,,,,,,,,,,,0.00,,,,,,,false,true,12,2020-02-01,2021-01-31,0
2020-12-24,48130,2020-01-31,,5423000000,,,,,,,,534000000,,979000000,,,25.28,,,,,,,,,,,,,,,3.00,,,,,,,false,false,12,2019-02-01,2020-01-31,-1
2020-12-24,48130,2021-01-31,,,,,,,,,,,,,,,,,,,,,,,,,,,,,,0.00,,,,,,,false,false,12,2020-02-01,2021-01-31,0
2021-03-15,48130,2021-01-31,,7516000000,-0.202,,,,,-2641000000,,-2337000000,,,-2537000000,,-65.16,,-0.088,-0.075,-0.351,,29262000000,27321000000,0.932,699.84,27275000000,880000000,-3202000000,-20000000,16545000000,,,,,,,,true,false,12,2020-02-01,2021-01-31,0
2021-03-15,48130,2020-01-31,,9422000000,0.158,,,,,387000000,-0.274,430000000,-0.154,,493000000,,12.72,12.71,0.016,0.013,0.041,,32783000000,30224000000,0.921,778.13,30185000000,491000000,-4121000000,-23000000,19069000000,,0.236,,,,,,true,false,12,2019-02-01,2020-01-31,-1
2021-03-15,48130,2022-01-31,,4050000000,0.303,,,,,-1660000000,,-1675000000,,,-1700000000,,-43.62,,,,,,,,,,,,,,,,,,,,,,true,true,6,2021-02-01,2021-07-31,1
2021-03-15,48130,2022-01-31,,11900000000,0.583,,,,,100000000,,70000000,,,10000000,,0.26,,,,,,,,,,,,,,,,,,,,,,true,true,12,2021-02-01,2022-01-31,1
2021-03-15,48130,2021-01-31,,4640000000,-0.144,,,,,-749000000,,-542000000,,-680000000,,,-17.48,,,,,,30822000000,30049000000,0.974,770.02,30010000000,,,,,0.00,,,,39481700,508480,38936435,false,false,12,2020-02-01,2021-01-31,0
2021-03-15,48130,2020-01-31,,5423000000,0.137,,,,,538000000,-0.055,534000000,-0.013,979000000,,0.796,25.28,25.26,,,,,31792000000,30714000000,0.965,790.87,30679000000,,,,,3.00,,,,39375600,583546,38768547,false,false,12,2019-02-01,2020-01-31,-1
2021-06-07,48130,2022-01-31,1,1737000000,0.304,,,,,-1017000000,,-950000000,,,-981000000,,-25.16,,,,,,28919000000,26961000000,0.931,,26911000000,,,,,,,,,,,,true,false,3,2021-02-01,2021-04-30,0
2021-06-07,48130,2021-01-31,1,1332000000,-0.160,,,,,-1081000000,,-1089000000,,,-1110000000,,-28.58,,,,,,,,,,,,,,,,,,,,,,true,false,3,2020-02-01,2020-04-30,-1
2021-06-07,48130,2022-01-31,1,4050000000,0.303,,,,,-1660000000,,-1675000000,,,-1700000000,,-43.62,,,,,,,,,,,,,,,,,,,,,,true,true,6,2021-02-01,2021-07-31,0
2021-06-07,48130,2022-01-31,1,11900000000,0.583,,,,,100000000,,70000000,,,10000000,,0.26,,,,,,,,,,,,,,,,,,,,,,true,true,12,2021-02-01,2022-01-31,0
2021-06-07,48130,2021-01-31,1,,,,,,,,,,,,,,,,,,,,29262000000,27321000000,0.932,,27275000000,,,,,,,,,,,,true,false,12,2020-02-01,2021-01-31,-1
2021-06-07,48130,2021-01-31,1,,,,,,,,,,,,,,,,,,,,,,,,,,,,,0.00,,,,39481700,508480,,false,false,12,2020-02-01,2021-01-31,-1
2021-06-07,48130,2022-01-31,1,,,,,,,,,,,,,,,,,,,,,,,,,,,,,,,,,39481700,467380,38990241,false,false,3,2021-02-01,2021-04-30,0
2021-06-07,48130,2021-01-31,1,,,,,,,,,,,,,,,,,,,,,,,,,,,,,,,,,,,38848258,false,false,3,2020-02-01,2020-04-30,-1
2021-08-30,48130,2022-01-31,,3941000000,-0.027,,,,,-1818000000,,-1337000000,,,-1412000000,,-36.17,,,,,,,,,,,,,,,,,,,,,,true,true,6,2021-02-01,2021-07-31,0
2021-08-30,48130,2021-01-31,,3107000000,,,,,,-1788000000,,-1697000000,,,-1735000000,,-44.60,,,,,,,,,,,,,,,,,,,,,,true,false,6,2020-02-01,2020-07-31,-1
2021-09-06,48130,2022-01-31,2,3941000000,0.268,,,,,-1818000000,,-1337000000,,,-1412000000,,-36.17,,,,,,28823000000,26692000000,0.924,,26640000000,,,,,,,,,,,,true,false,6,2021-02-01,2021-07-31,0
2021-09-06,48130,2021-01-31,2,3107000000,-0.133,,,,,-1788000000,,-1697000000,,,-1735000000,,-44.60,,,,,,,,,,,,,,,,,,,,,,true,false,6,2020-02-01,2020-07-31,-1
2021-09-06,48130,2022-01-31,2,11900000000,0.583,,,,,100000000,,70000000,,,10000000,,0.26,,,,,,,,,,,,,,,,,,,,,,true,true,12,2021-02-01,2022-01-31,0
2021-09-06,48130,2021-01-31,2,,,,,,,,,,,,,,,,,,,,29262000000,27321000000,0.932,,27275000000,,,,,,,,,,,,true,false,12,2020-02-01,2021-01-31,-1
2021-09-06,48130,2021-01-31,2,,,,,,,,,,,,,,,,,,,,,,,,,,,,,0.00,,,,39481700,508480,,false,false,12,2020-02-01,2021-01-31,-1
2021-09-06,48130,2022-01-31,2,,,,,,,,,,,,,,,,,,,,,,,,,,,,,0.00,,,,,,,false,false,12,2021-02-01,2022-01-31,0
2021-09-06,48130,2022-01-31,2,,,,,,,,,,,,,,,,,,,,,,,,,,,,,,,,,39633000,467421,39059316,false,false,6,2021-02-01,2021-07-31,0
2021-09-06,48130,2021-01-31,2,,,,,,,,,,,,,,,,,,,,,,,,,,,,,,,,,,,38899286,false,false,6,2020-02-01,2020-07-31,-1
2021-11-29,48130,2022-01-31,,9000000000,-0.244,,,,,-3400000000,,-2900000000,,-3050000000,,,-77.98,,,,,,,,,,,,,,,,,,,,,,true,true,12,2021-02-01,2022-01-31,0
2021-11-29,48130,2021-01-31,,7516000000,,,,,,-2641000000,,-2337000000,,-2537000000,,,-65.16,,,,,,,,,,,,,,,,,,,,,,true,false,12,2020-02-01,2021-01-31,-1
2021-11-29,48130,2022-01-31,,5350000000,,,,,,,,200000000,,200000000,,,5.11,,,,,,,,,,,,,,,,,,,,,,false,true,12,2021-02-01,2022-01-31,0
2021-11-29,48130,2021-01-31,,4640000000,,,,,,,,-542000000,,-680000000,,,-17.48,,,,,,,,,,,,,,,,,,,,,,false,false,12,2020-02-01,2021-01-31,-1
2021-12-06,48130,2022-01-31,3,5798000000,0.214,,,,,-2819000000,,-2305000000,,,-2380000000,,-60.89,,,,,,27794000000,25795000000,0.926,,25742000000,,,,,,,,,,,,true,false,9,2021-02-01,2021-10-31,0
2021-12-06,48130,2021-01-31,3,4775000000,-0.064,,,,,-2541000000,,-2457000000,,,-2504000000,,-64.35,,,,,,,,,,,,,,,,,,,,,,true,false,9,2020-02-01,2020-10-31,-1
2021-12-06,48130,2022-01-31,3,9000000000,0.197,,,,,-3400000000,,-2900000000,,,-3050000000,,-77.98,,,,,,,,,,,,,,,,,,,,,,true,true,12,2021-02-01,2022-01-31,0
2021-12-06,48130,2021-01-31,3,,,,,,,,,,,,,,,,,,,,29262000000,27321000000,0.932,,27275000000,,,,,,,,,,,,true,false,12,2020-02-01,2021-01-31,-1
2021-12-06,48130,2021-01-31,3,,,,,,,,,,,,,,,,,,,,,,,,,,,,,0.00,,,,39481700,508480,,false,false,12,2020-02-01,2021-01-31,-1
2021-12-06,48130,2022-01-31,3,,,,,,,,,,,,,,,,,,,,,,,,,,,,,0.00,,,,,,,false,false,12,2021-02-01,2022-01-31,0
2021-12-06,48130,2022-01-31,3,,,,,,,,,,,,,,,,,,,,,,,,,,,,,,,,,39633000,466421,39095375,false,false,9,2021-02-01,2021-10-31,0
2021-12-06,48130,2021-01-31,3,,,,,,,,,,,,,,,,,,,,,,,,,,,,,,,,,,,38924084,false,false,9,2020-02-01,2020-10-31,-1
2022-03-15,48130,2022-01-31,,9853000000,0.311,,,,,-3219000000,,-2646000000,,,-3049000000,,-77.96,,-0.116,-0.092,-0.327,,27962000000,25393000000,0.906,646.98,25339000000,641000000,-2348000000,-36000000,15092000000,,,,,,,,true,false,12,2021-02-01,2022-01-31,0
2022-03-15,48130,2021-01-31,,7516000000,-0.202,,,,,-2641000000,,-2337000000,,,-2537000000,,-65.16,,-0.088,-0.075,-0.351,,29262000000,27321000000,0.932,699.84,27275000000,880000000,-3202000000,-20000000,16545000000,,,,,,,,true,false,12,2020-02-01,2021-01-31,-1
2022-03-15,48130,2023-01-31,,4740000000,0.203,,,,,-1610000000,,-1635000000,,,-1670000000,,-42.64,,,,,,,,,,,,,,,,,,,,,,true,true,6,2022-02-01,2022-07-31,1
2022-03-15,48130,2023-01-31,,11800000000,0.198,,,,,-1500000000,,-1550000000,,,-1750000000,,-44.68,,,,,,,,,,,,,,,,,,,,,,true,true,12,2022-02-01,2023-01-31,1
2022-03-15,48130,2022-01-31,,5920000000,0.276,,,,,-193000000,,360000000,,-1292000000,,,-33.04,,,,,,30131000000,28928000000,0.959,737.60,28889000000,,,,,0.00,,,,39633000,466421,39113322,false,false,12,2021-02-01,2022-01-31,0
2022-03-15,48130,2021-01-31,,4640000000,-0.144,,,,,-749000000,,-542000000,,-680000000,,,-17.48,,,,,,30822000000,30049000000,0.974,770.02,30010000000,,,,,0.00,,,,39481700,508480,38936435,false,false,12,2020-02-01,2021-01-31,-1
2022-03-15,48130,2023-01-31,,,,,,,,,,,,,,,,,,,,,,,,,,,,,,0.00,,,,,,,false,true,12,2022-02-01,2023-01-31,1
2022-05-31,48130,2023-01-31,1,2742000000,0.579,,,,,-695000000,,-635000000,,,-662000000,,-16.92,,,,,,27795000000,25423000000,0.913,,25370000000,,,,,,,,,,,,true,false,3,2022-02-01,2022-04-30,0
2022-05-31,48130,2022-01-31,1,1737000000,0.304,,,,,-1017000000,,-950000000,,,-981000000,,-25.16,,,,,,,,,,,,,,,,,,,,,,true,false,3,2021-02-01,2021-04-30,-1
2022-05-31,48130,2023-01-31,1,4740000000,0.203,,,,,-1610000000,,-1635000000,,,-1670000000,,-42.64,,,,,,,,,,,,,,,,,,,,,,true,true,6,2022-02-01,2022-07-31,0
2022-05-31,48130,2023-01-31,1,11800000000,0.198,,,,,-1500000000,,-1550000000,,,-1750000000,,-44.68,,,,,,,,,,,,,,,,,,,,,,true,true,12,2022-02-01,2023-01-31,0
2022-05-31,48130,2022-01-31,1,,,,,,,,,,,,,,,,,,,,27962000000,25393000000,0.906,,25339000000,,,,,,,,,,,,true,false,12,2021-02-01,2022-01-31,-1
2022-05-31,48130,2022-01-31,1,,,,,,,,,,,,,,,,,,,,,,,,,,,,,0.00,,,,39633000,466421,,false,false,12,2021-02-01,2022-01-31,-1
2022-05-31,48130,2023-01-31,1,,,,,,,,,,,,,,,,,,,,,,,,,,,,,0.00,,,,,,,false,true,12,2022-02-01,2023-01-31,0
2022-05-31,48130,2023-01-31,1,,,,,,,,,,,,,,,,,,,,,,,,,,,,,,,,,39633000,406621,39191439,false,false,3,2022-02-01,2022-04-30,0
2022-05-31,48130,2022-01-31,1,,,,,,,,,,,,,,,,,,,,,,,,,,,,,,,,,,,38990241,false,false,3,2021-02-01,2021-04-30,-1
2022-08-31,48130,2023-01-31,2,5139000000,0.304,,,,,-2016000000,,-1692000000,,,-1743000000,,-44.66,,,,,,26753000000,24368000000,0.909,,24319000000,,,,,,,,,,,,true,false,6,2022-02-01,2022-07-31,0
2022-08-31,48130,2022-01-31,2,3941000000,0.268,,,,,-1818000000,,-1337000000,,,-1412000000,,-36.17,,,,,,,,,,,,,,,,,,,,,,true,false,6,2021-02-01,2021-07-31,-1
2022-08-31,48130,2023-01-31,2,11800000000,0.198,,,,,-1500000000,,-1550000000,,,-1750000000,,-44.68,,,,,,,,,,,,,,,,,,,,,,true,true,12,2022-02-01,2023-01-31,0
2022-08-31,48130,2022-01-31,2,,,,,,,,,,,,,,,,,,,,27962000000,25393000000,0.906,,25339000000,,,,,,,,,,,,true,false,12,2021-02-01,2022-01-31,-1
2022-08-31,48130,2022-01-31,2,,,,,,,,,,,,,,,,,,,,,,,,,,,,,0.00,,,,39633000,466421,,false,false,12,2021-02-01,2022-01-31,-1
2022-08-31,48130,2023-01-31,2,,,,,,,,,,,,,,,,,,,,,,,,,,,,,0.00,,,,,,,false,false,12,2022-02-01,2023-01-31,0
2022-08-31,48130,2023-01-31,2,,,,,,,,,,,,,,,,,,,,,,,,,,,,,0.00,,,,,,,false,true,12,2022-02-01,2023-01-31,0
2022-08-31,48130,2023-01-31,2,,,,,,,,,,,,,,,,,,,,,,,,,,,,,,,,,39633000,1171621,39031283,false,false,6,2022-02-01,2022-07-31,0
2022-08-31,48130,2022-01-31,2,,,,,,,,,,,,,,,,,,,,,,,,,,,,,,,,,,,39059316,false,false,6,2021-02-01,2021-07-31,-1
2022-11-30,48130,2023-01-31,3,9545000000,0.646,,,,,-1690000000,,-1271000000,,,-1346000000,,-34.76,,,,,,27476000000,24685000000,0.897,,24638000000,,,,,,,,,,,,true,false,9,2022-02-01,2022-10-31,0
2022-11-30,48130,2022-01-31,3,5798000000,0.214,,,,,-2819000000,,-2305000000,,,-2380000000,,-60.89,,,,,,,,,,,,,,,,,,,,,,true,false,9,2021-02-01,2021-10-31,-1
2022-11-30,48130,2023-01-31,3,11800000000,0.198,,,,,-1500000000,,-1550000000,,,-1750000000,,-44.68,,,,,,,,,,,,,,,,,,,,,,true,true,12,2022-02-01,2023-01-31,0
2022-11-30,48130,2022-01-31,3,,,,,,,,,,,,,,,,,,,,27962000000,25393000000,0.906,,25339000000,,,,,,,,,,,,true,false,12,2021-02-01,2022-01-31,-1
2022-11-30,48130,2022-01-31,3,,,,,,,,,,,,,,,,,,,,,,,,,,,,,0.00,,,,39633000,466421,,false,false,12,2021-02-01,2022-01-31,-1
2022-11-30,48130,2023-01-31,3,,,,,,,,,,,,,,,,,,,,,,,,,,,,,0.00,,,,,,,false,false,12,2022-02-01,2023-01-31,0
2022-11-30,48130,2023-01-31,3,,,,,,,,,,,,,,,,,,,,,,,,,,,,,0.00,,,,,,,false,true,12,2022-02-01,2023-01-31,0
2022-11-30,48130,2023-01-31,3,,,,,,,,,,,,,,,,,,,,,,,,,,,,,,,,,39633000,1975321,38722744,false,false,9,2022-02-01,2022-10-31,0
2022-11-30,48130,2022-01-31,3,,,,,,,,,,,,,,,,,,,,,,,,,,,,,,,,,,,39095375,false,false,9,2021-02-01,2021-10-31,-1
2023-03-13,48130,2023-01-31,,13060000000,0.325,,,,,-1707000000,,-1337000000,,,-2684000000,,-69.90,,-0.113,-0.050,-0.131,,25240000000,22062000000,0.872,588.39,22018000000,953000000,-2920000000,-1322000000,11584000000,,,,,,,,true,false,12,2022-02-01,2023-01-31,0
2023-03-13,48130,2022-01-31,,9853000000,0.311,,,,,-3219000000,,-2646000000,,,-3049000000,,-77.96,,-0.116,-0.092,-0.327,,27962000000,25393000000,0.906,646.98,25339000000,641000000,-2348000000,-36000000,15092000000,,,,,,,,true,false,12,2021-02-01,2022-01-31,-1
2023-03-13,48130,2024-01-31,,6180000000,0.203,,,,,-1290000000,,-1315000000,,,-1349000000,,-36.05,,,,,,,,,,,,,,,,,,,,,,true,true,6,2023-02-01,2023-07-31,1
2023-03-13,48130,2024-01-31,,15500000000,0.187,,,,,500000000,,450000000,,,270000000,,7.22,,,,,,,,,,,,,,,,,,,,,,true,true,12,2023-02-01,2024-01-31,1
2023-03-13,48130,2023-01-31,,6091000000,0.029,,,,,459000000,,269000000,-0.252,135000000,,,3.52,,,,,,28768000000,27849000000,0.967,743.17,27809000000,,,,,0.00,,,,39633000,2212255,38401786,false,false,12,2022-02-01,2023-01-31,0
2023-03-13,48130,2022-01-31,,5920000000,0.276,,,,,-193000000,,360000000,,-1292000000,,,-33.04,,,,,,30131000000,28928000000,0.959,737.60,28889000000,,,,,0.00,,,,39633000,466421,39113322,false,false,12,2021-02-01,2022-01-31,-1
2023-05-29,48130,2024-01-31,1,3916000000,0.428,,,,,356000000,,376000000,,,360000000,,9.64,9.63,,,,,25868000000,22483000000,0.867,,22440000000,,,,,,,,,,,,true,false,3,2023-02-01,2023-04-30,0
2023-05-29,48130,2023-01-31,1,2742000000,0.579,,,,,-695000000,,-635000000,,,-662000000,,-16.92,,,,,,,,,,,,,,,,,,,,,,true,false,3,2022-02-01,2022-04-30,-1
2023-05-29,48130,2024-01-31,1,6180000000,0.203,,,,,-1290000000,,-1315000000,,,-1349000000,,-36.05,,,,,,,,,,,,,,,,,,,,,,true,true,6,2023-02-01,2023-07-31,0
2023-05-29,48130,2024-01-31,1,15500000000,0.187,,,,,500000000,,450000000,,,270000000,,7.22,,,,,,,,,,,,,,,,,,,,,,true,true,12,2023-02-01,2024-01-31,0
2023-05-29,48130,2023-01-31,1,,,,,,,,,,,,,,,,,,,,25240000000,22062000000,0.872,,22018000000,,,,,,,,,,,,true,false,12,2022-02-01,2023-01-31,-1
2023-05-29,48130,2023-01-31,1,,,,,,,,,,,,,,,,,,,,,,,,,,,,,0.00,,,,39633000,2212255,,false,false,12,2022-02-01,2023-01-31,-1
2023-05-29,48130,2024-01-31,1,,,,,,,,,,,,,,,,,,,,,,,,,,,,,0.00,,,,,,,false,true,12,2023-02-01,2024-01-31,0
2023-05-29,48130,2024-01-31,1,,,,,,,,,,,,,,,,,,,,,,,,,,,,,,,,,39633000,2212255,37420745,false,false,3,2023-02-01,2023-04-30,0
2023-05-29,48130,2023-01-31,1,,,,,,,,,,,,,,,,,,,,,,,,,,,,,,,,,,,39191439,false,false,3,2022-02-01,2022-04-30,-1
2023-08-31,48130,2024-01-31,2,6738000000,0.311,,,,,-1125000000,,-1033000000,,,-1087000000,,-29.01,,,,,,25504000000,22001000000,0.861,,21959000000,,,,,,,,,,,,true,false,6,2023-02-01,2023-07-31,0
2023-08-31,48130,2023-01-31,2,5139000000,0.304,,,,,-2016000000,,-1692000000,,,-1743000000,,-44.66,,,,,,,,,,,,,,,,,,,,,,true,false,6,2022-02-01,2022-07-31,-1
2023-08-31,48130,2024-01-31,2,15500000000,0.187,,,,,500000000,,450000000,,,270000000,,7.22,,,,,,,,,,,,,,,,,,,,,,true,true,12,2023-02-01,2024-01-31,0
2023-08-31,48130,2023-01-31,2,,,,,,,,,,,,,,,,,,,,25240000000,22062000000,0.872,,22018000000,,,,,,,,,,,,true,false,12,2022-02-01,2023-01-31,-1
2023-08-31,48130,2023-01-31,2,,,,,,,,,,,,,,,,,,,,,,,,,,,,,0.00,,,,39633000,2212255,,false,false,12,2022-02-01,2023-01-31,-1
2023-08-31,48130,2024-01-31,2,,,,,,,,,,,,,,,,,,,,,,,,,,,,,0.00,,,,,,,false,false,12,2023-02-01,2024-01-31,0
2023-08-31,48130,2024-01-31,2,,,,,,,,,,,,,,,,,,,,,,,,,,,,,0.00,,,,,,,false,true,12,2023-02-01,2024-01-31,0
2023-08-31,48130,2024-01-31,2,,,,,,,,,,,,,,,,,,,,,,,,,,,,,,,,,39806000,2212255,37484783,false,false,6,2023-02-01,2023-07-31,0
2023-08-31,48130,2023-01-31,2,,,,,,,,,,,,,,,,,,,,,,,,,,,,,,,,,,,39031283,false,false,6,2022-02-01,2022-07-31,-1
2023-11-29,48130,2024-01-31,3,10771000000,0.128,,,,,-1568000000,,-1407000000,,,-1493000000,,-39.81,,,,,,25826000000,21887000000,0.846,,21845000000,,,,,,,,,,,,true,false,9,2023-02-01,2023-10-31,0
2023-11-29,48130,2023-01-31,3,9545000000,0.646,,,,,-1690000000,,-1271000000,,,-1346000000,,-34.76,,,,,,,,,,,,,,,,,,,,,,true,false,9,2022-02-01,2022-10-31,-1
2023-11-29,48130,2024-01-31,3,15500000000,0.187,,,,,500000000,,450000000,,,270000000,,7.22,,,,,,,,,,,,,,,,,,,,,,true,true,12,2023-02-01,2024-01-31,0
2023-11-29,48130,2023-01-31,3,,,,,,,,,,,,,,,,,,,,25240000000,22062000000,0.872,,22018000000,,,,,,,,,,,,true,false,12,2022-02-01,2023-01-31,-1
2023-11-29,48130,2023-01-31,3,,,,,,,,,,,,,,,,,,,,,,,,,,,,,0.00,,,,39633000,2212255,,false,false,12,2022-02-01,2023-01-31,-1
2023-11-29,48130,2024-01-31,3,,,,,,,,,,,,,,,,,,,,,,,,,,,,,0.00,,,,,,,false,false,12,2023-02-01,2024-01-31,0
2023-11-29,48130,2024-01-31,3,,,,,,,,,,,,,,,,,,,,,,,,,,,,,0.00,,,,,,,false,true,12,2023-02-01,2024-01-31,0
2023-11-29,48130,2024-01-31,3,,,,,,,,,,,,,,,,,,,,,,,,,,,,,,,,,39806000,2212255,37521503,false,false,9,2023-02-01,2023-10-31,0
2023-11-29,48130,2023-01-31,3,,,,,,,,,,,,,,,,,,,,,,,,,,,,,,,,,,,38722744,false,false,9,2022-02-01,2022-10-31,-1
2023-12-26,48130,2024-01-31,,16000000000,0.032,,,,,-350000000,,-200000000,,,-550000000,,-14.65,,,,,,,,,,,,,,,,,,,,,,true,true,12,2023-02-01,2024-01-31,0
2023-12-26,48130,2023-01-31,,13060000000,,,,,,-1707000000,,-1337000000,,,-2684000000,,-77.96,,,,,,,,,,,,,,,,,,,,,,true,false,12,2022-02-01,2023-01-31,-1
2024-03-15,48130,2024-01-31,,16573000000,0.269,,,,,-105000000,,-12000000,,,-280000000,,-7.46,,-0.013,-0.000,-0.006,,27281000000,22615000000,0.828,600.52,22575000000,2242000000,-3717000000,-27000000,10310000000,,,,,,,,true,false,12,2023-02-01,2024-01-31,0
2024-03-15,48130,2023-01-31,,13060000000,0.325,,,,,-1707000000,,-1337000000,,,-2684000000,,-69.90,,-0.113,-0.050,-0.131,,25240000000,22062000000,0.872,588.39,22018000000,953000000,-2920000000,-1322000000,11584000000,,,,,,,,true,false,12,2022-02-01,2023-01-31,-1
2024-03-15,48130,2025-01-31,,7000000000,0.039,,,,,-1630000000,,-1650000000,,,-1700000000,,-45.22,,,,,,,,,,,,,,,,,,,,,,true,true,6,2024-02-01,2024-07-31,1
2024-03-15,48130,2025-01-31,,18500000000,0.116,,,,,500000000,,450000000,,,210000000,,5.59,,,,,,,,,,,,,,,,,,,,,,true,true,12,2024-02-01,2025-01-31,1
2024-03-15,48130,2024-01-31,,5807000000,-0.047,,,,,138000000,-0.699,210000000,-0.221,57000000,,-0.578,1.52,,,,,,29089000000,28076000000,0.964,745.80,28037000000,,,,,0.00,,,,39806000,2212255,37539712,false,false,12,2023-02-01,2024-01-31,0
2024-03-15,48130,2023-01-31,,6091000000,0.029,,,,,459000000,,269000000,-0.252,135000000,,,3.52,,,,,,28768000000,27849000000,0.967,743.17,27809000000,,,,,0.00,,,,39633000,2212255,38401786,false,false,12,2022-02-01,2023-01-31,-1
2024-05-31,48130,2025-01-31,1,3458000000,-0.117,,,,,-888000000,,-746000000,,,-787000000,,-20.93,,,,,,27247000000,22441000000,0.822,,22402000000,,,,,,,,,,,,true,false,3,2024-02-01,2024-04-30,0
2024-05-31,48130,2024-01-31,1,3916000000,0.428,,,,,356000000,,376000000,,,360000000,,9.64,9.63,,,,,,,,,,,,,,,,,,,,,true,false,3,2023-02-01,2023-04-30,-1
2024-05-31,48130,2025-01-31,1,7000000000,0.039,,,,,-1630000000,,-1650000000,,,-1700000000,,-45.22,,,,,,,,,,,,,,,,,,,,,,true,true,6,2024-02-01,2024-07-31,0
2024-05-31,48130,2025-01-31,1,18500000000,0.116,,,,,500000000,,450000000,,,210000000,,5.59,,,,,,,,,,,,,,,,,,,,,,true,true,12,2024-02-01,2025-01-31,0
2024-05-31,48130,2024-01-31,1,,,,,,,,,,,,,,,,,,,,27281000000,22615000000,0.828,,22575000000,,,,,,,,,,,,true,false,12,2023-02-01,2024-01-31,-1
2024-05-31,48130,2024-01-31,1,,,,,,,,,,,,,,,,,,,,,,,,,,,,,0.00,,,,39806000,2212255,,false,false,12,2023-02-01,2024-01-31,-1
2024-05-31,48130,2025-01-31,1,,,,,,,,,,,,,,,,,,,,,,,,,,,,,,,,,39806000,2174270,37621684,false,false,3,2024-02-01,2024-04-30,0
2024-05-31,48130,2024-01-31,1,,,,,,,,,,,,,,,,,,,,,,,,,,,,,,,,,,,37420745,false,false,3,2023-02-01,2023-04-30,-1
2024-07-31,48130,2025-01-31,,8000000000,0.143,,,,,-800000000,,-450000000,,,-550000000,,-14.62,,,,,,,,,,,,,,,,,,,,,,true,true,6,2024-02-01,2024-07-31,0
2024-07-31,48130,2024-01-31,,6738000000,,,,,,-1125000000,,-1033000000,,,-1087000000,,-29.01,,,,,,,,,,,,,,,,,,,,,,true,false,6,2023-02-01,2023-07-31,-1
2024-08-30,48130,2025-01-31,2,8059000000,0.196,,,,,-650000000,,-321000000,,,-458000000,,-12.19,,,,,,30238000000,23626000000,0.780,,23587000000,,,,,,,,,,,,true,false,6,2024-02-01,2024-07-31,0
2024-08-30,48130,2024-01-31,2,6738000000,0.311,,,,,-1125000000,,-1033000000,,,-1087000000,,-29.01,,,,,,,,,,,,,,,,,,,,,,true,false,6,2023-02-01,2023-07-31,-1
2024-08-30,48130,2025-01-31,2,18500000000,0.116,,,,,500000000,,450000000,,,210000000,,5.59,,,,,,,,,,,,,,,,,,,,,,true,true,12,2024-02-01,2025-01-31,0
2024-08-30,48130,2024-01-31,2,,,,,,,,,,,,,,,,,,,,27281000000,22615000000,0.828,,22575000000,,,,,,,,,,,,true,false,12,2023-02-01,2024-01-31,-1
2024-08-30,48130,2024-01-31,2,,,,,,,,,,,,,,,,,,,,,,,,,,,,,0.00,,,,39806000,2212255,,false,false,12,2023-02-01,2024-01-31,-1
2024-08-30,48130,2025-01-31,2,,,,,,,,,,,,,,,,,,,,,,,,,,,,,0.00,,,,,,,false,false,12,2024-02-01,2025-01-31,0
2024-08-30,48130,2025-01-31,2,,,,,,,,,,,,,,,,,,,,,,,,,,,,,0.00,,,,,,,false,true,12,2024-02-01,2025-01-31,0
2024-08-30,48130,2025-01-31,2,,,,,,,,,,,,,,,,,,,,,,,,,,,,,,,,,39962100,2354570,37612791,false,false,6,2024-02-01,2024-07-31,0
2024-08-30,48130,2024-01-31,2,,,,,,,,,,,,,,,,,,,,,,,,,,,,,,,,,,,37484783,false,false,6,2023-02-01,2023-07-31,-1
2024-08-30,48130,2025-01-31,2,8059000000,0.196,,,,,-982000000,,-652000000,,,-789000000,,-21.00,,,,,,29906000000,23295000000,0.778,,23255000000,,,,,,,,,,,,true,false,6,2024-02-01,2024-07-31,0
2024-08-30,48130,2024-01-31,2,6738000000,0.311,,,,,-1125000000,,-1033000000,,,-1087000000,,-29.01,,,,,,,,,,,,,,,,,,,,,,true,false,6,2023-02-01,2023-07-31,-1
2024-08-30,48130,2025-01-31,2,18500000000,0.116,,,,,500000000,,450000000,,,210000000,,5.59,,,,,,,,,,,,,,,,,,,,,,true,true,12,2024-02-01,2025-01-31,0
2024-08-30,48130,2024-01-31,2,,,,,,,,,,,,,,,,,,,,27281000000,22615000000,0.828,,22575000000,,,,,,,,,,,,true,false,12,2023-02-01,2024-01-31,-1
2024-08-30,48130,2024-01-31,2,,,,,,,,,,,,,,,,,,,,,,,,,,,,,0.00,,,,39806000,2212255,,false,false,12,2023-02-01,2024-01-31,-1
2024-08-30,48130,2025-01-31,2,,,,,,,,,,,,,,,,,,,,,,,,,,,,,0.00,,,,,,,false,false,12,2024-02-01,2025-01-31,0
2024-08-30,48130,2025-01-31,2,,,,,,,,,,,,,,,,,,,,,,,,,,,,,0.00,,,,,,,false,true,12,2024-02-01,2025-01-31,0
2024-08-30,48130,2025-01-31,2,,,,,,,,,,,,,,,,,,,,,,,,,,,,,,,,,39962100,2354570,37612791,false,false,6,2024-02-01,2024-07-31,0
2024-08-30,48130,2024-01-31,2,,,,,,,,,,,,,,,,,,,,,,,,,,,,,,,,,,,37484783,false,false,6,2023-02-01,2023-07-31,-1
2024-11-29,48130,2025-01-31,,18500000000,,,,,,500000000,,450000000,,,210000000,,5.59,,,,,,,,,,,,,,,,,,,,,,true,true,12,2024-02-01,2025-01-31,0
2024-11-29,48130,2024-01-31,,16573000000,,,,,,-105000000,,-12000000,,,-280000000,,-7.46,,,,,,,,,,,,,,,,,,,,,,true,false,12,2023-02-01,2024-01-31,-1
2025-07-28,48130,2026-01-31,1,5218000000,0.347,,,,,-854000000,,-1001000000,,,-1270000000,,-33.77,,,,,,17792000000,8781000000,0.491,,8742000000,,,,,,,,,,,,true,false,3,2025-02-01,2025-04-30,0
2025-07-28,48130,2025-01-31,1,3872000000,0.087,,,,,-405000000,,-276000000,,,-320000000,,-8.52,,,,,,,,,,,,,,,,,,,,,,true,false,3,2024-02-01,2024-04-30,-1
2025-07-28,48130,2026-01-31,1,20500000000,0.287,,,,,-700000000,,-900000000,,,-1400000000,,-37.23,,,,,,,,,,,,,,,,,,,,,,true,true,12,2025-02-01,2026-01-31,0
2025-07-28,48130,2025-01-31,1,,,,,,,,,,,,,,,,,,,,21529000000,10051000000,0.465,,10012000000,,,,,,,,,,,,true,false,12,2024-02-01,2025-01-31,-1
2025-07-28,48130,2025-01-31,1,,,,,,,,,,,,,,,,,,,,,,,,,,,,,0.00,,,,39962100,2353370,,false,false,12,2024-02-01,2025-01-31,-1
2025-07-28,48130,2026-01-31,1,,,,,,,,,,,,,,,,,,,,,,,,,,,,,,,,,39962100,2307170,37627936,false,false,3,2025-02-01,2025-04-30,0
2025-07-28,48130,2025-01-31,1,,,,,,,,,,,,,,,,,,,,,,,,,,,,,,,,,,,37621684,false,false,3,2024-02-01,2024-04-30,-1
2025-09-12,48130,2026-01-31,2,9055000000,0.082,,,,,-1989000000,,-2252000000,,,-2718000000,,-72.25,,,,,,14613000000,7416000000,0.506,,7395000000,,,,,,,,,,,,true,false,6,2025-02-01,2025-07-31,0
2025-09-12,48130,2025-01-31,2,8366000000,0.208,,,,,-653000000,,-352000000,,,-495000000,,-13.18,,,,,,,,,,,,,,,,,,,,,,true,false,6,2024-02-01,2024-07-31,-1
2025-09-12,48130,2026-01-31,2,20500000000,0.287,,,,,-700000000,,-900000000,,,-1400000000,,-37.23,,,,,,,,,,,,,,,,,,,,,,true,true,12,2025-02-01,2026-01-31,0
2025-09-12,48130,2025-01-31,2,,,,,,,,,,,,,,,,,,,,21529000000,10051000000,0.465,,10012000000,,,,,,,,,,,,true,false,12,2024-02-01,2025-01-31,-1
2025-09-12,48130,2025-01-31,2,,,,,,,,,,,,,,,,,,,,,,,,,,,,,0.00,,,,39962100,2353370,,false,false,12,2024-02-01,2025-01-31,-1
2025-09-12,48130,2026-01-31,2,,,,,,,,,,,,,,,,,,,,,,,,,,,,,0.00,,,,,,,false,false,12,2025-02-01,2026-01-31,0
2025-09-12,48130,2026-01-31,2,,,,,,,,,,,,,,,,,,,,,,,,,,,,,0.00,,,,,,,false,true,12,2025-02-01,2026-01-31,0
2025-09-12,48130,2026-01-31,2,,,,,,,,,,,,,,,,,,,,,,,,,,,,,,,,,39962100,2493970,37618952,false,false,6,2025-02-01,2025-07-31,0
2025-09-12,48130,2025-01-31,2,,,,,,,,,,,,,,,,,,,,,,,,,,,,,,,,,,,37612791,false,false,6,2024-02-01,2024-07-31,-1
