filing_date,code,fiscal_year_end,quarterly_period,net_sales,net_sales_change,revenue,revenue_change,operating_revenue,operating_revenue_change,operating_profit,operating_profit_change,ordinary_profit,ordinary_profit_change,net_income,net_income_of_parent,net_income_change,eps,diluted_eps,roe,roa,operating_profit_to_net_sales,operating_profit_to_revenue,total_assets,net_assets,equity_ratio,bps,owner_equity,operating_cash_flow,investing_cash_flow,financing_cash_flow,cash,dividend_per_share,payout_ratio,commemorative_dividend,extra_dividend,number_of_shares,number_of_treqsury_shares,avg_number_of_shares,is_consolidated,is_forecast,duration,period_start,period_end,period_pos
2015-05-15,48390,2015-03-31,,72631000000,0.034,,,,,9758000000,0.358,10371000000,0.374,6619000000,,0.389,245.24,,0.177,0.179,0.134,,62991000000,40430000000,0.642,1497.91,40430000000,9309000000,-3311000000,-810000000,15521000000,,0.245,,,,,,true,false,12,2014-04-01,2015-03-31,0
2015-05-15,48390,2014-03-31,,70274000000,-0.004,,,,,7186000000,0.119,7545000000,0.106,4766000000,,0.110,168.16,,0.141,0.138,0.102,,52797000000,34203000000,0.648,1267.20,34203000000,5544000000,-3118000000,-5452000000,10192000000,,0.178,,,,,,true,false,12,2013-04-01,2014-03-31,-1
2015-05-15,48390,2016-03-31,,36700000000,0.039,,,,,4300000000,-0.221,4400000000,-0.248,,2900000000,,107.44,,,,,,,,,,,,,,,,,,,,,,true,true,6,2015-04-01,2015-09-30,1
2015-05-15,48390,2016-03-31,,74200000000,0.022,,,,,8700000000,-0.108,9000000000,-0.132,,6000000000,,222.29,,,,,,,,,,,,,,,,0.270,,,,,,true,true,12,2015-04-01,2016-03-31,1
2015-05-15,48390,2015-03-31,,69930000000,0.034,,,,,9496000000,0.375,9917000000,0.381,6261000000,,0.377,232.00,,,,,,57163000000,35220000000,0.616,1304.87,35220000000,,,,,120.00,,,,28844400,1852984,26991492,false,false,12,2014-04-01,2015-03-31,0
2015-05-15,48390,2014-03-31,,67648000000,-0.001,,,,,6906000000,0.162,7183000000,0.158,4546000000,,0.171,160.40,,,,,,47736000000,29338000000,0.615,1086.97,29338000000,,,,,60.00,,,,28844400,1852800,28346936,false,false,12,2013-04-01,2014-03-31,-1
2015-05-15,48390,2016-03-31,,35200000000,0.037,,,,,,,4600000000,-0.204,3100000000,,-0.173,114.85,,,,,,,,,,,,,,,,,,,,,,false,true,6,2015-04-01,2015-09-30,1
2015-05-15,48390,2016-03-31,,71000000000,0.015,,,,,,,8800000000,-0.113,5900000000,,-0.058,218.59,,,,,,,,,,,,,,,60.00,,,,,,,false,true,12,2015-04-01,2016-03-31,1
2015-07-31,48390,2016-03-31,1,18275000000,0.052,,,,,2656000000,-0.050,2783000000,-0.049,,1847000000,,68.44,,,,,,60110000000,40448000000,0.673,,40448000000,,,,,,,,,,,,true,false,3,2015-04-01,2015-06-30,0
2015-07-31,48390,2015-03-31,1,17375000000,0.001,,,,,2796000000,-0.034,2925000000,-0.008,,1903000000,,70.52,,,,,,,,,,,,,,,,,,,,,,true,false,3,2014-04-01,2014-06-30,-1
2015-07-31,48390,2016-03-31,1,36700000000,0.039,,,,,4300000000,-0.221,4400000000,-0.248,,2900000000,,107.44,,,,,,,,,,,,,,,,,,,,,,true,true,6,2015-04-01,2015-09-30,0
2015-07-31,48390,2016-03-31,1,74200000000,0.022,,,,,8700000000,-0.108,9000000000,-0.132,,6000000000,,222.29,,,,,,,,,,,,,,,,,,,,,,true,true,12,2015-04-01,2016-03-31,0
2015-07-31,48390,2015-03-31,1,,,,,,,,,,,,,,,,,,,,62991000000,40430000000,0.642,,40430000000,,,,,,,,,,,,true,false,12,2014-04-01,2015-03-31,-1
2015-07-31,48390,2015-03-31,1,,,,,,,,,,,,,,,,,,,,,,,,,,,,,120.00,,,,28844400,1852984,,false,false,12,2014-04-01,2015-03-31,-1
2015-07-31,48390,2016-03-31,1,,,,,,,,,,,,,,,,,,,,,,,,,,,,,60.00,,,,,,,false,true,12,2015-04-01,2016-03-31,0
2015-07-31,48390,2016-03-31,1,,,,,,,,,,,,,,,,,,,,,,,,,,,,,,,,,28844400,1853130,26991317,false,false,3,2015-04-01,2015-06-30,0
2015-07-31,48390,2015-03-31,1,,,,,,,,,,,,,,,,,,,,,,,,,,,,,,,,,,,26991600,false,false,3,2014-04-01,2014-06-30,-1
2015-10-30,48390,2016-03-31,2,37182000000,0.052,,,,,5037000000,-0.087,5293000000,-0.096,,3525000000,,130.61,,,,,,61311000000,41800000000,0.682,,41800000000,,,,,,,,,,,,true,false,6,2015-04-01,2015-09-30,0
2015-10-30,48390,2015-03-31,2,35338000000,0.011,,,,,5516000000,0.114,5854000000,0.145,,3798000000,,140.73,,,,,,,,,,,,,,,,,,,,,,true,false,6,2014-04-01,2014-09-30,-1
2015-10-30,48390,2016-03-31,2,74900000000,0.031,,,,,9000000000,-0.078,9400000000,-0.094,,6300000000,,233.41,,,,,,,,,,,,,,,,,,,,,,true,true,12,2015-04-01,2016-03-31,0
2015-10-30,48390,2015-03-31,2,,,,,,,,,,,,,,,,,,,,62991000000,40430000000,0.642,,40430000000,,,,,,,,,,,,true,false,12,2014-04-01,2015-03-31,-1
2015-10-30,48390,2015-03-31,2,,,,,,,,,,,,,,,,,,,,,,,,,,,,,120.00,,,,28844400,1852984,,false,false,12,2014-04-01,2015-03-31,-1
2015-10-30,48390,2016-03-31,2,,,,,,,,,,,,,,,,,,,,,,,,,,,,,0.00,,,,,,,false,false,12,2015-04-01,2016-03-31,0
2015-10-30,48390,2016-03-31,2,,,,,,,,,,,,,,,,,,,,,,,,,,,,,60.00,,,,,,,false,true,12,2015-04-01,2016-03-31,0
2015-10-30,48390,2016-03-31,2,,,,,,,,,,,,,,,,,,,,,,,,,,,,,,,,,28844400,1853130,26991293,false,false,6,2015-04-01,2015-09-30,0
2015-10-30,48390,2015-03-31,2,,,,,,,,,,,,,,,,,,,,,,,,,,,,,,,,,,,26991546,false,false,6,2014-04-01,2014-09-30,-1
2015-10-30,48390,2016-03-31,,74900000000,0.009,,,,,9000000000,0.034,9400000000,0.044,,6300000000,,233.41,,,,,,,,,,,,,,,,,,,,,,true,true,12,2015-04-01,2016-03-31,0
2015-10-30,48390,2015-03-31,,72631000000,,,,,,9758000000,,10371000000,,,6619000000,,245.24,,,,,,,,,,,,,,,,,,,,,,true,false,12,2014-04-01,2015-03-31,-1
2015-10-30,48390,2016-03-31,,71800000000,0.011,,,,,,,9000000000,0.023,6100000000,,0.034,226.00,,,,,,,,,,,,,,,,,,,,,,false,true,12,2015-04-01,2016-03-31,0
2015-10-30,48390,2015-03-31,,69930000000,,,,,,,,9917000000,,6261000000,,,232.00,,,,,,,,,,,,,,,,,,,,,,false,false,12,2014-04-01,2015-03-31,-1
2016-01-29,48390,2016-03-31,3,56041000000,0.044,,,,,7116000000,-0.141,7419000000,-0.153,,4955000000,,183.58,,,,,,61930000000,43412000000,0.701,,43412000000,,,,,,,,,,,,true,false,9,2015-04-01,2015-12-31,0
2016-01-29,48390,2015-03-31,3,53672000000,0.023,,,,,8283000000,0.295,8755000000,0.308,,5665000000,,209.89,,,,,,,,,,,,,,,,,,,,,,true,false,9,2014-04-01,2014-12-31,-1
2016-01-29,48390,2016-03-31,3,74900000000,0.031,,,,,9000000000,-0.078,9400000000,-0.094,,6300000000,,233.41,,,,,,,,,,,,,,,,,,,,,,true,true,12,2015-04-01,2016-03-31,0
2016-01-29,48390,2015-03-31,3,,,,,,,,,,,,,,,,,,,,62991000000,40430000000,0.642,,40430000000,,,,,,,,,,,,true,false,12,2014-04-01,2015-03-31,-1
2016-01-29,48390,2015-03-31,3,,,,,,,,,,,,,,,,,,,,,,,,,,,,,120.00,,,,28844400,1852984,,false,false,12,2014-04-01,2015-03-31,-1
2016-01-29,48390,2016-03-31,3,,,,,,,,,,,,,,,,,,,,,,,,,,,,,0.00,,,,,,,false,false,12,2015-04-01,2016-03-31,0
2016-01-29,48390,2016-03-31,3,,,,,,,,,,,,,,,,,,,,,,,,,,,,,60.00,,,,,,,false,true,12,2015-04-01,2016-03-31,0
2016-01-29,48390,2016-03-31,3,,,,,,,,,,,,,,,,,,,,,,,,,,,,,,,,,28844400,1853130,26991285,false,false,9,2015-04-01,2015-12-31,0
2016-01-29,48390,2015-03-31,3,,,,,,,,,,,,,,,,,,,,,,,,,,,,,,,,,,,26991516,false,false,9,2014-04-01,2014-12-31,-1
2016-05-13,48390,2016-03-31,,75296000000,0.037,,,,,9080000000,-0.069,9516000000,-0.082,,6707000000,,248.52,,0.158,0.151,0.121,,63452000000,44646000000,0.704,1654.10,44646000000,5331000000,-2669000000,-1696000000,16526000000,,0.282,,,,,,true,false,12,2015-04-01,2016-03-31,0
2016-05-13,48390,2015-03-31,,72631000000,0.034,,,,,9758000000,0.358,10371000000,0.374,,6619000000,,245.24,,0.177,0.179,0.134,,62991000000,40430000000,0.642,1497.91,40430000000,9309000000,-3311000000,-810000000,15521000000,,0.245,,,,,,true,false,12,2014-04-01,2015-03-31,-1
2016-05-13,48390,2017-03-31,,38200000000,0.027,,,,,4300000000,-0.146,4400000000,-0.169,,3100000000,,114.85,,,,,,,,,,,,,,,,,,,,,,true,true,6,2016-04-01,2016-09-30,1
2016-05-13,48390,2017-03-31,,76800000000,0.020,,,,,9000000000,-0.009,9300000000,-0.023,,6400000000,,237.11,,,,,,,,,,,,,,,,0.253,,,,,,true,true,12,2016-04-01,2017-03-31,1
2016-05-13,48390,2016-03-31,,72079000000,0.031,,,,,8480000000,-0.107,8940000000,-0.099,6350000000,,0.014,235.28,,,,,,57220000000,39205000000,0.685,1452.54,39205000000,,,,,70.00,,,,28844400,1853130,26991282,false,false,12,2015-04-01,2016-03-31,0
2016-05-13,48390,2015-03-31,,69930000000,0.034,,,,,9496000000,0.375,9917000000,0.381,6261000000,,0.377,232.00,,,,,,57163000000,35220000000,0.616,1304.87,35220000000,,,,,120.00,,,,28844400,1852984,26991492,false,false,12,2014-04-01,2015-03-31,-1
2016-05-13,48390,2017-03-31,,36200000000,0.014,,,,,,,4400000000,-0.132,3100000000,,-0.090,114.85,,,,,,,,,,,,,,,,,,,,,,false,true,6,2016-04-01,2016-09-30,1
2016-05-13,48390,2017-03-31,,72900000000,0.011,,,,,,,9100000000,0.018,6300000000,,-0.008,233.41,,,,,,,,,,,,,,,60.00,,,,,,,false,true,12,2016-04-01,2017-03-31,1
2016-07-29,48390,2017-03-31,1,19748000000,0.081,,,,,1980000000,-0.254,2028000000,-0.271,,1399000000,,51.84,,,,,,61627000000,43606000000,0.708,,43606000000,,,,,,,,,,,,true,false,3,2016-04-01,2016-06-30,0
2016-07-29,48390,2016-03-31,1,18275000000,0.052,,,,,2656000000,-0.050,2783000000,-0.049,,1847000000,,68.44,,,,,,,,,,,,,,,,,,,,,,true,false,3,2015-04-01,2015-06-30,-1
2016-07-29,48390,2017-03-31,1,38200000000,0.027,,,,,4300000000,-0.146,4400000000,-0.169,,3100000000,,114.85,,,,,,,,,,,,,,,,,,,,,,true,true,6,2016-04-01,2016-09-30,0
2016-07-29,48390,2017-03-31,1,76800000000,0.020,,,,,9000000000,-0.009,9300000000,-0.023,,6400000000,,237.11,,,,,,,,,,,,,,,,,,,,,,true,true,12,2016-04-01,2017-03-31,0
2016-07-29,48390,2016-03-31,1,,,,,,,,,,,,,,,,,,,,63452000000,44646000000,0.704,,44646000000,,,,,,,,,,,,true,false,12,2015-04-01,2016-03-31,-1
2016-07-29,48390,2016-03-31,1,,,,,,,,,,,,,,,,,,,,,,,,,,,,,70.00,,,,28844400,1853130,,false,false,12,2015-04-01,2016-03-31,-1
2016-07-29,48390,2017-03-31,1,,,,,,,,,,,,,,,,,,,,,,,,,,,,,60.00,,,,,,,false,true,12,2016-04-01,2017-03-31,0
2016-07-29,48390,2017-03-31,1,,,,,,,,,,,,,,,,,,,,,,,,,,,,,,,,,28844400,1853130,26991270,false,false,3,2016-04-01,2016-06-30,0
2016-07-29,48390,2016-03-31,1,,,,,,,,,,,,,,,,,,,,,,,,,,,,,,,,,,,26991317,false,false,3,2015-04-01,2015-06-30,-1
2016-10-28,48390,2017-03-31,2,39240000000,0.055,,,,,5173000000,0.027,5529000000,0.045,,3827000000,,141.81,,,,,,71695000000,46095000000,0.643,,46095000000,,,,,,,,,,,,true,false,6,2016-04-01,2016-09-30,0
2016-10-28,48390,2016-03-31,2,37182000000,0.052,,,,,5037000000,-0.087,5293000000,-0.096,,3525000000,,130.61,,,,,,,,,,,,,,,,,,,,,,true,false,6,2015-04-01,2015-09-30,-1
2016-10-28,48390,2017-03-31,2,76800000000,0.020,,,,,9000000000,-0.009,9300000000,-0.023,,6400000000,,237.11,,,,,,,,,,,,,,,,,,,,,,true,true,12,2016-04-01,2017-03-31,0
2016-10-28,48390,2016-03-31,2,,,,,,,,,,,,,,,,,,,,63452000000,44646000000,0.704,,44646000000,,,,,,,,,,,,true,false,12,2015-04-01,2016-03-31,-1
2016-10-28,48390,2016-03-31,2,,,,,,,,,,,,,,,,,,,,,,,,,,,,,70.00,,,,28844400,1853130,,false,false,12,2015-04-01,2016-03-31,-1
2016-10-28,48390,2017-03-31,2,,,,,,,,,,,,,,,,,,,,,,,,,,,,,0.00,,,,,,,false,false,12,2016-04-01,2017-03-31,0
2016-10-28,48390,2017-03-31,2,,,,,,,,,,,,,,,,,,,,,,,,,,,,,60.00,,,,,,,false,true,12,2016-04-01,2017-03-31,0
2016-10-28,48390,2017-03-31,2,,,,,,,,,,,,,,,,,,,,,,,,,,,,,,,,,28844400,1853130,26991270,false,false,6,2016-04-01,2016-09-30,0
2016-10-28,48390,2016-03-31,2,,,,,,,,,,,,,,,,,,,,,,,,,,,,,,,,,,,26991293,false,false,6,2015-04-01,2015-09-30,-1
2017-01-31,48390,2017-03-31,3,58459000000,0.043,,,,,8858000000,0.245,8728000000,0.177,,6048000000,,224.08,,,,,,77406000000,49210000000,0.636,,49210000000,,,,,,,,,,,,true,false,9,2016-04-01,2016-12-31,0
2017-01-31,48390,2016-03-31,3,56041000000,0.044,,,,,7116000000,-0.141,7419000000,-0.153,,4955000000,,183.58,,,,,,,,,,,,,,,,,,,,,,true,false,9,2015-04-01,2015-12-31,-1
2017-01-31,48390,2017-03-31,3,76800000000,0.020,,,,,9000000000,-0.009,9300000000,-0.023,,6400000000,,237.11,,,,,,,,,,,,,,,,,,,,,,true,true,12,2016-04-01,2017-03-31,0
2017-01-31,48390,2016-03-31,3,,,,,,,,,,,,,,,,,,,,63452000000,44646000000,0.704,,44646000000,,,,,,,,,,,,true,false,12,2015-04-01,2016-03-31,-1
2017-01-31,48390,2016-03-31,3,,,,,,,,,,,,,,,,,,,,,,,,,,,,,70.00,,,,28844400,1853130,,false,false,12,2015-04-01,2016-03-31,-1
2017-01-31,48390,2017-03-31,3,,,,,,,,,,,,,,,,,,,,,,,,,,,,,0.00,,,,,,,false,false,12,2016-04-01,2017-03-31,0
2017-01-31,48390,2017-03-31,3,,,,,,,,,,,,,,,,,,,,,,,,,,,,,60.00,,,,,,,false,true,12,2016-04-01,2017-03-31,0
2017-01-31,48390,2017-03-31,3,,,,,,,,,,,,,,,,,,,,,,,,,,,,,,,,,28844400,1853130,26991270,false,false,9,2016-04-01,2016-12-31,0
2017-01-31,48390,2016-03-31,3,,,,,,,,,,,,,,,,,,,,,,,,,,,,,,,,,,,26991285,false,false,9,2015-04-01,2015-12-31,-1
2017-05-15,48390,2017-03-31,,78253000000,0.039,,,,,10141000000,0.117,10282000000,0.081,,6800000000,,251.94,,0.144,0.142,0.130,,81461000000,49731000000,0.610,1842.49,49731000000,12202000000,-2543000000,-2020000000,24157000000,,0.318,,,,,,true,false,12,2016-04-01,2017-03-31,0
2017-05-15,48390,2016-03-31,,75296000000,0.037,,,,,9080000000,-0.069,9516000000,-0.082,,6707000000,,248.52,,0.158,0.151,0.121,,63452000000,44646000000,0.704,1654.10,44646000000,5331000000,-2669000000,-1696000000,16526000000,,0.282,,,,,,true,false,12,2015-04-01,2016-03-31,-1
2017-05-15,48390,2018-03-31,,40600000000,0.035,,,,,5100000000,-0.014,5300000000,-0.042,,3700000000,,137.08,,,,,,,,,,,,,,,,,,,,,,true,true,6,2017-04-01,2017-09-30,1
2017-05-15,48390,2018-03-31,,82500000000,0.054,,,,,9000000000,-0.113,9400000000,-0.086,,6500000000,,240.82,,,,,,,,,,,,,,,,0.332,,,,,,true,true,12,2017-04-01,2018-03-31,1
2017-05-15,48390,2017-03-31,,72878000000,0.011,,,,,9924000000,0.170,9879000000,0.105,6463000000,,0.018,239.48,,,,,,75137000000,43905000000,0.584,1626.67,43905000000,,,,,80.00,,,,28844400,1853163,26991265,false,false,12,2016-04-01,2017-03-31,0
2017-05-15,48390,2016-03-31,,72079000000,0.031,,,,,8480000000,-0.107,8940000000,-0.099,6350000000,,0.014,235.28,,,,,,57220000000,39205000000,0.685,1452.54,39205000000,,,,,70.00,,,,28844400,1853130,26991282,false,false,12,2015-04-01,2016-03-31,-1
2017-05-15,48390,2018-03-31,,35700000000,-0.013,,,,,,,5200000000,-0.071,3600000000,,-0.068,133.38,,,,,,,,,,,,,,,,,,,,,,false,true,6,2017-04-01,2017-09-30,1
2017-05-15,48390,2018-03-31,,72300000000,-0.008,,,,,,,9000000000,-0.089,6300000000,,-0.025,233.41,,,,,,,,,,,,,,,80.00,,,,,,,false,true,12,2017-04-01,2018-03-31,1
2017-07-28,48390,2018-03-31,1,19866000000,0.006,,,,,3454000000,0.745,3649000000,0.799,,2469000000,,91.48,,,,,,83257000000,50053000000,0.601,,50053000000,,,,,,,,,,,,true,false,3,2017-04-01,2017-06-30,0
2017-07-28,48390,2017-03-31,1,19748000000,0.081,,,,,1980000000,-0.254,2028000000,-0.271,,1399000000,,51.84,,,,,,,,,,,,,,,,,,,,,,true,false,3,2016-04-01,2016-06-30,-1
2017-07-28,48390,2018-03-31,1,40600000000,0.035,,,,,5100000000,-0.014,5300000000,-0.042,,3700000000,,137.08,,,,,,,,,,,,,,,,,,,,,,true,true,6,2017-04-01,2017-09-30,0
2017-07-28,48390,2018-03-31,1,82500000000,0.054,,,,,9000000000,-0.113,9400000000,-0.086,,6500000000,,240.82,,,,,,,,,,,,,,,,,,,,,,true,true,12,2017-04-01,2018-03-31,0
2017-07-28,48390,2017-03-31,1,,,,,,,,,,,,,,,,,,,,81461000000,49731000000,0.610,,49731000000,,,,,,,,,,,,true,false,12,2016-04-01,2017-03-31,-1
2017-07-28,48390,2017-03-31,1,,,,,,,,,,,,,,,,,,,,,,,,,,,,,80.00,,,,28844400,1853163,,false,false,12,2016-04-01,2017-03-31,-1
2017-07-28,48390,2018-03-31,1,,,,,,,,,,,,,,,,,,,,,,,,,,,,,80.00,,,,,,,false,true,12,2017-04-01,2018-03-31,0
2017-07-28,48390,2018-03-31,1,,,,,,,,,,,,,,,,,,,,,,,,,,,,,,,,,28844400,1853163,26991237,false,false,3,2017-04-01,2017-06-30,0
2017-07-28,48390,2017-03-31,1,,,,,,,,,,,,,,,,,,,,,,,,,,,,,,,,,,,26991270,false,false,3,2016-04-01,2016-06-30,-1
2017-10-27,48390,2018-03-31,2,40204000000,0.025,,,,,5824000000,0.126,6211000000,0.123,,4285000000,,158.77,,,,,,83302000000,52017000000,0.624,,52017000000,,,,,,,,,,,,true,false,6,2017-04-01,2017-09-30,0
2017-10-27,48390,2017-03-31,2,39240000000,0.055,,,,,5173000000,0.027,5529000000,0.045,,3827000000,,141.81,,,,,,,,,,,,,,,,,,,,,,true,false,6,2016-04-01,2016-09-30,-1
2017-10-27,48390,2018-03-31,2,82500000000,0.054,,,,,9000000000,-0.113,9400000000,-0.086,,6500000000,,240.82,,,,,,,,,,,,,,,,,,,,,,true,true,12,2017-04-01,2018-03-31,0
2017-10-27,48390,2017-03-31,2,,,,,,,,,,,,,,,,,,,,81461000000,49731000000,0.610,,49731000000,,,,,,,,,,,,true,false,12,2016-04-01,2017-03-31,-1
2017-10-27,48390,2017-03-31,2,,,,,,,,,,,,,,,,,,,,,,,,,,,,,80.00,,,,28844400,1853163,,false,false,12,2016-04-01,2017-03-31,-1
2017-10-27,48390,2018-03-31,2,,,,,,,,,,,,,,,,,,,,,,,,,,,,,0.00,,,,,,,false,false,12,2017-04-01,2018-03-31,0
2017-10-27,48390,2018-03-31,2,,,,,,,,,,,,,,,,,,,,,,,,,,,,,80.00,,,,,,,false,true,12,2017-04-01,2018-03-31,0
2017-10-27,48390,2018-03-31,2,,,,,,,,,,,,,,,,,,,,,,,,,,,,,,,,,28844400,1853212,26991227,false,false,6,2017-04-01,2017-09-30,0
2017-10-27,48390,2017-03-31,2,,,,,,,,,,,,,,,,,,,,,,,,,,,,,,,,,,,26991270,false,false,6,2016-04-01,2016-09-30,-1
2018-01-31,48390,2018-03-31,3,60635000000,0.037,,,,,9396000000,0.061,9912000000,0.136,,6870000000,,254.54,,,,,,85600000000,54913000000,0.642,,54913000000,,,,,,,,,,,,true,false,9,2017-04-01,2017-12-31,0
2018-01-31,48390,2017-03-31,3,58459000000,0.043,,,,,8858000000,0.245,8728000000,0.177,,6048000000,,224.08,,,,,,,,,,,,,,,,,,,,,,true,false,9,2016-04-01,2016-12-31,-1
2018-01-31,48390,2018-03-31,3,82500000000,0.054,,,,,9000000000,-0.113,9400000000,-0.086,,6500000000,,240.82,,,,,,,,,,,,,,,,,,,,,,true,true,12,2017-04-01,2018-03-31,0
2018-01-31,48390,2017-03-31,3,,,,,,,,,,,,,,,,,,,,81461000000,49731000000,0.610,,49731000000,,,,,,,,,,,,true,false,12,2016-04-01,2017-03-31,-1
2018-01-31,48390,2017-03-31,3,,,,,,,,,,,,,,,,,,,,,,,,,,,,,80.00,,,,28844400,1853163,,false,false,12,2016-04-01,2017-03-31,-1
2018-01-31,48390,2018-03-31,3,,,,,,,,,,,,,,,,,,,,,,,,,,,,,0.00,,,,,,,false,false,12,2017-04-01,2018-03-31,0
2018-01-31,48390,2018-03-31,3,,,,,,,,,,,,,,,,,,,,,,,,,,,,,80.00,,,,,,,false,true,12,2017-04-01,2018-03-31,0
2018-01-31,48390,2018-03-31,3,,,,,,,,,,,,,,,,,,,,,,,,,,,,,,,,,28844400,1853254,26991205,false,false,9,2017-04-01,2017-12-31,0
2018-01-31,48390,2017-03-31,3,,,,,,,,,,,,,,,,,,,,,,,,,,,,,,,,,,,26991270,false,false,9,2016-04-01,2016-12-31,-1
2018-05-15,48390,2018-03-31,,81574000000,0.042,,,,,9875000000,-0.026,10698000000,0.040,,7360000000,,272.70,,0.141,0.127,0.121,,87083000000,54994000000,0.632,2037.52,54994000000,9421000000,-7238000000,-2343000000,23991000000,,0.293,,,,,,true,false,12,2017-04-01,2018-03-31,0
2018-05-15,48390,2017-03-31,,78253000000,0.039,,,,,10141000000,0.117,10282000000,0.081,,6800000000,,251.94,,0.144,0.142,0.130,,81461000000,49731000000,0.610,1842.49,49731000000,12202000000,-2543000000,-2020000000,24157000000,,0.318,,,,,,true,false,12,2016-04-01,2017-03-31,-1
2018-05-15,48390,2019-03-31,,40700000000,0.012,,,,,3500000000,-0.399,3800000000,-0.388,,2600000000,,96.33,,,,,,,,,,,,,,,,,,,,,,true,true,6,2018-04-01,2018-09-30,1
2018-05-15,48390,2019-03-31,,83300000000,0.021,,,,,6600000000,-0.332,7100000000,-0.336,,5000000000,,185.25,,,,,,,,,,,,,,,,0.432,,,,,,true,true,12,2018-04-01,2019-03-31,1
2018-05-15,48390,2018-03-31,,72202000000,-0.009,,,,,9588000000,-0.034,10205000000,0.033,7025000000,,0.087,260.28,,,,,,78753000000,48800000000,0.620,1808.01,48800000000,,,,,80.00,,,,28844400,1853318,26991185,false,false,12,2017-04-01,2018-03-31,0
2018-05-15,48390,2017-03-31,,72878000000,0.011,,,,,9924000000,0.170,9879000000,0.105,6463000000,,0.018,239.48,,,,,,75137000000,43905000000,0.584,1626.67,43905000000,,,,,80.00,,,,28844400,1853163,26991265,false,false,12,2016-04-01,2017-03-31,-1
2018-05-15,48390,2019-03-31,,35900000000,0.009,,,,,,,3700000000,-0.377,2600000000,,-0.366,96.33,,,,,,,,,,,,,,,,,,,,,,false,true,6,2018-04-01,2018-09-30,1
2018-05-15,48390,2019-03-31,,73000000000,0.011,,,,,,,6500000000,-0.363,4600000000,,-0.345,170.43,,,,,,,,,,,,,,,80.00,,,,,,,false,true,12,2018-04-01,2019-03-31,1
2018-07-31,48390,2019-03-31,1,20056000000,0.010,,,,,2281000000,-0.340,2387000000,-0.346,,1621000000,,60.07,,,,,,83782000000,54799000000,0.654,,54799000000,,,,,,,,,,,,true,false,3,2018-04-01,2018-06-30,0
2018-07-31,48390,2018-03-31,1,19866000000,0.006,,,,,3454000000,0.745,3649000000,0.799,,2469000000,,91.48,,,,,,,,,,,,,,,,,,,,,,true,false,3,2017-04-01,2017-06-30,-1
2018-07-31,48390,2019-03-31,1,40700000000,0.012,,,,,3500000000,-0.399,3800000000,-0.388,,2600000000,,96.33,,,,,,,,,,,,,,,,,,,,,,true,true,6,2018-04-01,2018-09-30,0
2018-07-31,48390,2019-03-31,1,83300000000,0.021,,,,,6600000000,-0.332,7100000000,-0.336,,5000000000,,185.25,,,,,,,,,,,,,,,,,,,,,,true,true,12,2018-04-01,2019-03-31,0
2018-07-31,48390,2018-03-31,1,,,,,,,,,,,,,,,,,,,,87083000000,54994000000,0.632,,54994000000,,,,,,,,,,,,true,false,12,2017-04-01,2018-03-31,-1
2018-07-31,48390,2018-03-31,1,,,,,,,,,,,,,,,,,,,,,,,,,,,,,80.00,,,,28844400,1853318,,false,false,12,2017-04-01,2018-03-31,-1
2018-07-31,48390,2019-03-31,1,,,,,,,,,,,,,,,,,,,,,,,,,,,,,80.00,,,,,,,false,true,12,2018-04-01,2019-03-31,0
2018-07-31,48390,2019-03-31,1,,,,,,,,,,,,,,,,,,,,,,,,,,,,,,,,,28844400,1853318,26991082,false,false,3,2018-04-01,2018-06-30,0
2018-07-31,48390,2018-03-31,1,,,,,,,,,,,,,,,,,,,,,,,,,,,,,,,,,,,26991237,false,false,3,2017-04-01,2017-06-30,-1
2018-10-31,48390,2019-03-31,2,40684000000,0.012,,,,,4155000000,-0.287,4454000000,-0.283,,3064000000,,113.55,,,,,,92307000000,56343000000,0.610,,56343000000,,,,,,,,,,,,true,false,6,2018-04-01,2018-09-30,0
2018-10-31,48390,2018-03-31,2,40204000000,0.025,,,,,5824000000,0.126,6211000000,0.123,,4285000000,,158.77,,,,,,,,,,,,,,,,,,,,,,true,false,6,2017-04-01,2017-09-30,-1
2018-10-31,48390,2019-03-31,2,83300000000,0.021,,,,,6600000000,-0.332,7100000000,-0.336,,5000000000,,185.25,,,,,,,,,,,,,,,,,,,,,,true,true,12,2018-04-01,2019-03-31,0
2018-10-31,48390,2018-03-31,2,,,,,,,,,,,,,,,,,,,,87083000000,54994000000,0.632,,54994000000,,,,,,,,,,,,true,false,12,2017-04-01,2018-03-31,-1
2018-10-31,48390,2018-03-31,2,,,,,,,,,,,,,,,,,,,,,,,,,,,,,80.00,,,,28844400,1853318,,false,false,12,2017-04-01,2018-03-31,-1
2018-10-31,48390,2019-03-31,2,,,,,,,,,,,,,,,,,,,,,,,,,,,,,0.00,,,,,,,false,false,12,2018-04-01,2019-03-31,0
2018-10-31,48390,2019-03-31,2,,,,,,,,,,,,,,,,,,,,,,,,,,,,,80.00,,,,,,,false,true,12,2018-04-01,2019-03-31,0
2018-10-31,48390,2019-03-31,2,,,,,,,,,,,,,,,,,,,,,,,,,,,,,,,,,28844400,1853318,26991082,false,false,6,2018-04-01,2018-09-30,0
2018-10-31,48390,2018-03-31,2,,,,,,,,,,,,,,,,,,,,,,,,,,,,,,,,,,,26991227,false,false,6,2017-04-01,2017-09-30,-1
2019-01-31,48390,2019-03-31,3,61378000000,0.012,,,,,6764000000,-0.280,7315000000,-0.262,,5006000000,,185.48,,,,,,91366000000,57752000000,0.632,,57752000000,,,,,,,,,,,,true,false,9,2018-04-01,2018-12-31,0
2019-01-31,48390,2018-03-31,3,60635000000,0.037,,,,,9396000000,0.061,9912000000,0.136,,6870000000,,254.54,,,,,,,,,,,,,,,,,,,,,,true,false,9,2017-04-01,2017-12-31,-1
2019-01-31,48390,2019-03-31,3,83300000000,0.021,,,,,6600000000,-0.332,7100000000,-0.336,,5000000000,,185.25,,,,,,,,,,,,,,,,,,,,,,true,true,12,2018-04-01,2019-03-31,0
2019-01-31,48390,2018-03-31,3,,,,,,,,,,,,,,,,,,,,87083000000,54994000000,0.632,,54994000000,,,,,,,,,,,,true,false,12,2017-04-01,2018-03-31,-1
2019-01-31,48390,2018-03-31,3,,,,,,,,,,,,,,,,,,,,,,,,,,,,,80.00,,,,28844400,1853318,,false,false,12,2017-04-01,2018-03-31,-1
2019-01-31,48390,2019-03-31,3,,,,,,,,,,,,,,,,,,,,,,,,,,,,,0.00,,,,,,,false,false,12,2018-04-01,2019-03-31,0
2019-01-31,48390,2019-03-31,3,,,,,,,,,,,,,,,,,,,,,,,,,,,,,80.00,,,,,,,false,true,12,2018-04-01,2019-03-31,0
2019-01-31,48390,2019-03-31,3,,,,,,,,,,,,,,,,,,,,,,,,,,,,,,,,,28844400,1853318,26991082,false,false,9,2018-04-01,2018-12-31,0
2019-01-31,48390,2018-03-31,3,,,,,,,,,,,,,,,,,,,,,,,,,,,,,,,,,,,26991205,false,false,9,2017-04-01,2017-12-31,-1
2019-05-15,48390,2019-03-31,,82623000000,0.013,,,,,6779000000,-0.314,7531000000,-0.296,,5182000000,,192.02,,0.092,0.084,0.082,,92555000000,58030000000,0.627,2150.01,58030000000,5017000000,-2856000000,-2236000000,24129000000,,0.417,,,,,,true,false,12,2018-04-01,2019-03-31,0
2019-05-15,48390,2018-03-31,,81574000000,0.042,,,,,9875000000,-0.026,10698000000,0.040,,7360000000,,272.70,,0.141,0.127,0.121,,87083000000,54994000000,0.632,2037.52,54994000000,9421000000,-7238000000,-2343000000,23991000000,,0.293,,,,,,true,false,12,2017-04-01,2018-03-31,-1
2019-05-15,48390,2020-03-31,,41100000000,0.010,,,,,3000000000,-0.278,3200000000,-0.282,,2200000000,,81.51,,,,,,,,,,,,,,,,,,,,,,true,true,6,2019-04-01,2019-09-30,1
2019-05-15,48390,2020-03-31,,83500000000,0.011,,,,,7600000000,0.121,8000000000,0.062,,5600000000,,207.48,,,,,,,,,,,,,,,,0.386,,,,,,true,true,12,2019-04-01,2020-03-31,1
2019-05-15,48390,2019-03-31,,72951000000,0.010,,,,,6237000000,-0.349,7048000000,-0.309,4883000000,,-0.305,180.93,,,,,,83940000000,51460000000,0.613,1906.57,51460000000,,,,,80.00,,,,28844400,1853318,26991082,false,false,12,2018-04-01,2019-03-31,0
2019-05-15,48390,2018-03-31,,72202000000,-0.009,,,,,9588000000,-0.034,10205000000,0.033,7025000000,,0.087,260.28,,,,,,78753000000,48800000000,0.620,1808.01,48800000000,,,,,80.00,,,,28844400,1853318,26991185,false,false,12,2017-04-01,2018-03-31,-1
2019-05-15,48390,2020-03-31,,36300000000,0.013,,,,,,,3200000000,-0.259,2200000000,,-0.271,81.51,,,,,,,,,,,,,,,,,,,,,,false,true,6,2019-04-01,2019-09-30,1
2019-05-15,48390,2020-03-31,,73400000000,0.006,,,,,,,7600000000,0.078,5400000000,,0.106,200.07,,,,,,,,,,,,,,,80.00,,,,,,,false,true,12,2019-04-01,2020-03-31,1
2019-07-31,48390,2020-03-31,1,20277000000,0.011,,,,,2585000000,0.133,2756000000,0.154,,1888000000,,69.98,,,,,,87584000000,57586000000,0.657,,57586000000,,,,,,,,,,,,true,false,3,2019-04-01,2019-06-30,0
2019-07-31,48390,2019-03-31,1,20056000000,0.010,,,,,2281000000,-0.340,2387000000,-0.346,,1621000000,,60.07,,,,,,,,,,,,,,,,,,,,,,true,false,3,2018-04-01,2018-06-30,-1
2019-07-31,48390,2020-03-31,1,41100000000,0.010,,,,,3000000000,-0.278,3200000000,-0.282,,2200000000,,81.51,,,,,,,,,,,,,,,,,,,,,,true,true,6,2019-04-01,2019-09-30,0
2019-07-31,48390,2020-03-31,1,83500000000,0.011,,,,,7600000000,0.121,8000000000,0.062,,5600000000,,207.48,,,,,,,,,,,,,,,,,,,,,,true,true,12,2019-04-01,2020-03-31,0
2019-07-31,48390,2019-03-31,1,,,,,,,,,,,,,,,,,,,,92555000000,58030000000,0.627,,58030000000,,,,,,,,,,,,true,false,12,2018-04-01,2019-03-31,-1
2019-07-31,48390,2019-03-31,1,,,,,,,,,,,,,,,,,,,,,,,,,,,,,80.00,,,,28844400,1853318,,false,false,12,2018-04-01,2019-03-31,-1
2019-07-31,48390,2020-03-31,1,,,,,,,,,,,,,,,,,,,,,,,,,,,,,80.00,,,,,,,false,true,12,2019-04-01,2020-03-31,0
2019-07-31,48390,2020-03-31,1,,,,,,,,,,,,,,,,,,,,,,,,,,,,,,,,,28844400,1853318,26991082,false,false,3,2019-04-01,2019-06-30,0
2019-07-31,48390,2019-03-31,1,,,,,,,,,,,,,,,,,,,,,,,,,,,,,,,,,,,26991082,false,false,3,2018-04-01,2018-06-30,-1
2019-10-25,48390,2020-03-31,,41000000000,-0.002,,,,,4500000000,0.500,4900000000,0.531,,3400000000,,125.97,,,,,,,,,,,,,,,,,,,,,,true,true,6,2019-04-01,2019-09-30,0
2019-10-25,48390,2019-03-31,,40684000000,,,,,,4155000000,,4454000000,,,3064000000,,113.55,,,,,,,,,,,,,,,,,,,,,,true,false,6,2018-04-01,2018-09-30,-1
2019-10-25,48390,2020-03-31,,36200000000,-0.003,,,,,,,4700000000,0.469,3300000000,,0.500,122.26,,,,,,,,,,,,,,,,,,,,,,false,true,6,2019-04-01,2019-09-30,0
2019-10-25,48390,2019-03-31,,35834000000,,,,,,,,4319000000,,3016000000,,,111.78,,,,,,,,,,,,,,,,,,,,,,false,false,6,2018-04-01,2018-09-30,-1
2019-10-31,48390,2020-03-31,2,41070000000,0.009,,,,,4589000000,0.104,4955000000,0.112,,3460000000,,128.20,,,,,,87814000000,59097000000,0.673,,59097000000,,,,,,,,,,,,true,false,6,2019-04-01,2019-09-30,0
2019-10-31,48390,2019-03-31,2,40684000000,0.012,,,,,4155000000,-0.287,4454000000,-0.283,,3064000000,,113.55,,,,,,,,,,,,,,,,,,,,,,true,false,6,2018-04-01,2018-09-30,-1
2019-10-31,48390,2020-03-31,2,83500000000,0.011,,,,,7600000000,0.121,8000000000,0.062,,5600000000,,207.48,,,,,,,,,,,,,,,,,,,,,,true,true,12,2019-04-01,2020-03-31,0
2019-10-31,48390,2019-03-31,2,,,,,,,,,,,,,,,,,,,,92555000000,58030000000,0.627,,58030000000,,,,,,,,,,,,true,false,12,2018-04-01,2019-03-31,-1
2019-10-31,48390,2019-03-31,2,,,,,,,,,,,,,,,,,,,,,,,,,,,,,80.00,,,,28844400,1853318,,false,false,12,2018-04-01,2019-03-31,-1
2019-10-31,48390,2020-03-31,2,,,,,,,,,,,,,,,,,,,,,,,,,,,,,0.00,,,,,,,false,false,12,2019-04-01,2020-03-31,0
2019-10-31,48390,2020-03-31,2,,,,,,,,,,,,,,,,,,,,,,,,,,,,,80.00,,,,,,,false,true,12,2019-04-01,2020-03-31,0
2019-10-31,48390,2020-03-31,2,,,,,,,,,,,,,,,,,,,,,,,,,,,,,,,,,28844400,1853318,26991082,false,false,6,2019-04-01,2019-09-30,0
2019-10-31,48390,2019-03-31,2,,,,,,,,,,,,,,,,,,,,,,,,,,,,,,,,,,,26991082,false,false,6,2018-04-01,2018-09-30,-1
2020-01-31,48390,2020-03-31,3,61640000000,0.004,,,,,7755000000,0.147,8218000000,0.123,,5719000000,,211.89,,,,,,91499000000,61523000000,0.672,,61523000000,,,,,,,,,,,,true,false,9,2019-04-01,2019-12-31,0
2020-01-31,48390,2019-03-31,3,61378000000,0.012,,,,,6764000000,-0.280,7315000000,-0.262,,5006000000,,185.48,,,,,,,,,,,,,,,,,,,,,,true,false,9,2018-04-01,2018-12-31,-1
2020-01-31,48390,2020-03-31,3,83500000000,0.011,,,,,7600000000,0.121,8000000000,0.062,,5600000000,,207.48,,,,,,,,,,,,,,,,,,,,,,true,true,12,2019-04-01,2020-03-31,0
2020-01-31,48390,2019-03-31,3,,,,,,,,,,,,,,,,,,,,92555000000,58030000000,0.627,,58030000000,,,,,,,,,,,,true,false,12,2018-04-01,2019-03-31,-1
2020-01-31,48390,2019-03-31,3,,,,,,,,,,,,,,,,,,,,,,,,,,,,,80.00,,,,28844400,1853318,,false,false,12,2018-04-01,2019-03-31,-1
2020-01-31,48390,2020-03-31,3,,,,,,,,,,,,,,,,,,,,,,,,,,,,,0.00,,,,,,,false,false,12,2019-04-01,2020-03-31,0
2020-01-31,48390,2020-03-31,3,,,,,,,,,,,,,,,,,,,,,,,,,,,,,80.00,,,,,,,false,true,12,2019-04-01,2020-03-31,0
2020-01-31,48390,2020-03-31,3,,,,,,,,,,,,,,,,,,,,,,,,,,,,,,,,,28844400,1853318,26991082,false,false,9,2019-04-01,2019-12-31,0
2020-01-31,48390,2019-03-31,3,,,,,,,,,,,,,,,,,,,,,,,,,,,,,,,,,,,26991082,false,false,9,2018-04-01,2018-12-31,-1
2020-05-15,48390,2020-03-31,,82450000000,-0.002,,,,,8489000000,0.252,9225000000,0.225,,5072000000,,187.92,,0.086,0.101,0.103,,90024000000,60555000000,0.673,2243.54,60555000000,9982000000,-3580000000,-2198000000,28288000000,,0.426,,,,,,true,false,12,2019-04-01,2020-03-31,0
2020-05-15,48390,2019-03-31,,82623000000,0.013,,,,,6779000000,-0.314,7531000000,-0.296,,5182000000,,192.02,,0.092,0.084,0.082,,92555000000,58030000000,0.627,2150.01,58030000000,5017000000,-2856000000,-2236000000,24129000000,,0.417,,,,,,true,false,12,2018-04-01,2019-03-31,-1
2020-05-15,48390,2021-03-31,,39700000000,-0.033,,,,,4500000000,-0.020,4700000000,-0.052,,3000000000,,111.15,,,,,,,,,,,,,,,,,,,,,,true,true,6,2020-04-01,2020-09-30,1
2020-05-15,48390,2021-03-31,,80700000000,-0.021,,,,,4800000000,-0.435,5000000000,-0.458,,3300000000,,122.26,,,,,,,,,,,,,,,,0.654,,,,,,true,true,12,2020-04-01,2021-03-31,1
2020-05-15,48390,2020-03-31,,72489000000,-0.006,,,,,7932000000,0.272,8580000000,0.217,4613000000,,-0.055,170.92,,,,,,81019000000,53529000000,0.661,1983.22,53529000000,,,,,80.00,,,,28844400,1853318,26991082,false,false,12,2019-04-01,2020-03-31,0
2020-05-15,48390,2019-03-31,,72951000000,0.010,,,,,6237000000,-0.349,7048000000,-0.309,4883000000,,-0.305,180.93,,,,,,83940000000,51460000000,0.613,1906.57,51460000000,,,,,80.00,,,,28844400,1853318,26991082,false,false,12,2018-04-01,2019-03-31,-1
2020-05-15,48390,2021-03-31,,34800000000,-0.039,,,,,,,5100000000,0.065,3600000000,,0.067,133.38,,,,,,,,,,,,,,,,,,,,,,false,true,6,2020-04-01,2020-09-30,1
2020-05-15,48390,2021-03-31,,70500000000,-0.027,,,,,,,5100000000,-0.406,3500000000,,-0.241,129.67,,,,,,,,,,,,,,,80.00,,,,,,,false,true,12,2020-04-01,2021-03-31,1
2020-07-31,48390,2021-03-31,1,19640000000,-0.031,,,,,4262000000,0.649,4408000000,0.599,,3065000000,,113.57,,,,,,90906000000,61521000000,0.677,,61521000000,,,,,,,,,,,,true,false,3,2020-04-01,2020-06-30,0
2020-07-31,48390,2020-03-31,1,20277000000,0.011,,,,,2585000000,0.133,2756000000,0.154,,1888000000,,69.98,,,,,,,,,,,,,,,,,,,,,,true,false,3,2019-04-01,2019-06-30,-1
2020-07-31,48390,2021-03-31,1,39700000000,-0.033,,,,,4500000000,-0.020,4700000000,-0.052,,3000000000,,111.15,,,,,,,,,,,,,,,,,,,,,,true,true,6,2020-04-01,2020-09-30,0
2020-07-31,48390,2021-03-31,1,80700000000,-0.021,,,,,4800000000,-0.435,5000000000,-0.458,,3300000000,,122.26,,,,,,,,,,,,,,,,,,,,,,true,true,12,2020-04-01,2021-03-31,0
2020-07-31,48390,2020-03-31,1,,,,,,,,,,,,,,,,,,,,90024000000,60555000000,0.673,,60555000000,,,,,,,,,,,,true,false,12,2019-04-01,2020-03-31,-1
2020-07-31,48390,2020-03-31,1,,,,,,,,,,,,,,,,,,,,,,,,,,,,,80.00,,,,28844400,1853318,,false,false,12,2019-04-01,2020-03-31,-1
2020-07-31,48390,2021-03-31,1,,,,,,,,,,,,,,,,,,,,,,,,,,,,,80.00,,,,,,,false,true,12,2020-04-01,2021-03-31,0
2020-07-31,48390,2021-03-31,1,,,,,,,,,,,,,,,,,,,,,,,,,,,,,,,,,28844400,1853318,26991082,false,false,3,2020-04-01,2020-06-30,0
2020-07-31,48390,2020-03-31,1,,,,,,,,,,,,,,,,,,,,,,,,,,,,,,,,,,,26991082,false,false,3,2019-04-01,2019-06-30,-1
2020-10-23,48390,2021-03-31,,39300000000,-0.010,,,,,7700000000,0.711,8100000000,0.723,,5600000000,,207.33,,,,,,,,,,,,,,,,,,,,,,true,true,6,2020-04-01,2020-09-30,0
2020-10-23,48390,2020-03-31,,41070000000,,,,,,4589000000,,4955000000,,,3460000000,,128.20,,,,,,,,,,,,,,,,,,,,,,true,false,6,2019-04-01,2019-09-30,-1
2020-10-23,48390,2021-03-31,,78800000000,-0.024,,,,,4800000000,0.000,5000000000,0.000,,3300000000,,122.11,,,,,,,,,,,,,,,,,,,,,,true,true,12,2020-04-01,2021-03-31,0
2020-10-23,48390,2020-03-31,,82450000000,,,,,,8489000000,,9225000000,,,5072000000,,187.92,,,,,,,,,,,,,,,,,,,,,,true,false,12,2019-04-01,2020-03-31,-1
2020-10-23,48390,2021-03-31,,34700000000,-0.003,,,,,,,8000000000,0.569,5600000000,,0.556,207.33,,,,,,,,,,,,,,,,,,,,,,false,true,6,2020-04-01,2020-09-30,0
2020-10-23,48390,2020-03-31,,36230000000,,,,,,,,4790000000,,3373000000,,,124.99,,,,,,,,,,,,,,,,,,,,,,false,false,6,2019-04-01,2019-09-30,-1
2020-10-23,48390,2021-03-31,,69400000000,-0.016,,,,,,,5100000000,0.000,3500000000,,0.000,129.51,,,,,,,,,,,,,,,,,,,,,,false,true,12,2020-04-01,2021-03-31,0
2020-10-23,48390,2020-03-31,,72489000000,,,,,,,,8580000000,,4613000000,,,170.92,,,,,,,,,,,,,,,,,,,,,,false,false,12,2019-04-01,2020-03-31,-1
2020-10-30,48390,2021-03-31,2,39376000000,-0.041,,,,,7735000000,0.685,8104000000,0.635,,5663000000,,209.70,,,,,,96572000000,64206000000,0.665,,64206000000,,,,,,,,,,,,true,false,6,2020-04-01,2020-09-30,0
2020-10-30,48390,2020-03-31,2,41070000000,0.009,,,,,4589000000,0.104,4955000000,0.112,,3460000000,,128.20,,,,,,,,,,,,,,,,,,,,,,true,false,6,2019-04-01,2019-09-30,-1
2020-10-30,48390,2021-03-31,2,78800000000,-0.044,,,,,4800000000,-0.435,5000000000,-0.458,,3300000000,,122.11,,,,,,,,,,,,,,,,,,,,,,true,true,12,2020-04-01,2021-03-31,0
2020-10-30,48390,2020-03-31,2,,,,,,,,,,,,,,,,,,,,90024000000,60555000000,0.673,,60555000000,,,,,,,,,,,,true,false,12,2019-04-01,2020-03-31,-1
2020-10-30,48390,2020-03-31,2,,,,,,,,,,,,,,,,,,,,,,,,,,,,,80.00,,,,28844400,1853318,,false,false,12,2019-04-01,2020-03-31,-1
2020-10-30,48390,2021-03-31,2,,,,,,,,,,,,,,,,,,,,,,,,,,,,,0.00,,,,,,,false,false,12,2020-04-01,2021-03-31,0
2020-10-30,48390,2021-03-31,2,,,,,,,,,,,,,,,,,,,,,,,,,,,,,80.00,,,,,,,false,true,12,2020-04-01,2021-03-31,0
2020-10-30,48390,2021-03-31,2,,,,,,,,,,,,,,,,,,,,,,,,,,,,,,,,,28844400,1805644,27009578,false,false,6,2020-04-01,2020-09-30,0
2020-10-30,48390,2020-03-31,2,,,,,,,,,,,,,,,,,,,,,,,,,,,,,,,,,,,26991082,false,false,6,2019-04-01,2019-09-30,-1
2021-01-29,48390,2021-03-31,3,59187000000,-0.040,,,,,10220000000,0.318,10401000000,0.266,,6999000000,,259.05,,,,,,93930000000,65432000000,0.697,,65432000000,,,,,,,,,,,,true,false,9,2020-04-01,2020-12-31,0
2021-01-29,48390,2020-03-31,3,61640000000,0.004,,,,,7755000000,0.147,8218000000,0.123,,5719000000,,211.89,,,,,,,,,,,,,,,,,,,,,,true,false,9,2019-04-01,2019-12-31,-1
2021-01-29,48390,2021-03-31,3,78800000000,-0.044,,,,,4800000000,-0.435,5000000000,-0.458,,3300000000,,122.11,,,,,,,,,,,,,,,,,,,,,,true,true,12,2020-04-01,2021-03-31,0
2021-01-29,48390,2020-03-31,3,,,,,,,,,,,,,,,,,,,,90024000000,60555000000,0.673,,60555000000,,,,,,,,,,,,true,false,12,2019-04-01,2020-03-31,-1
2021-01-29,48390,2020-03-31,3,,,,,,,,,,,,,,,,,,,,,,,,,,,,,80.00,,,,28844400,1853318,,false,false,12,2019-04-01,2020-03-31,-1
2021-01-29,48390,2021-03-31,3,,,,,,,,,,,,,,,,,,,,,,,,,,,,,0.00,,,,,,,false,false,12,2020-04-01,2021-03-31,0
2021-01-29,48390,2021-03-31,3,,,,,,,,,,,,,,,,,,,,,,,,,,,,,80.00,,,,,,,false,true,12,2020-04-01,2021-03-31,0
2021-01-29,48390,2021-03-31,3,,,,,,,,,,,,,,,,,,,,,,,,,,,,,,,,,28844400,1805742,27019328,false,false,9,2020-04-01,2020-12-31,0
2021-01-29,48390,2020-03-31,3,,,,,,,,,,,,,,,,,,,,,,,,,,,,,,,,,,,26991082,false,false,9,2019-04-01,2019-12-31,-1
2021-04-30,48390,2021-03-31,,79100000000,0.004,,,,,6700000000,0.396,6900000000,0.380,,2900000000,,107.31,,,,,,,,,,,,,,,,,,,,,,true,true,12,2020-04-01,2021-03-31,0
2021-04-30,48390,2020-03-31,,82450000000,,,,,,8489000000,,9225000000,,,5072000000,,187.92,,,,,,,,,,,,,,,,,,,,,,true,false,12,2019-04-01,2020-03-31,-1
2021-04-30,48390,2021-03-31,,69800000000,0.006,,,,,,,6600000000,0.294,2700000000,,-0.229,99.91,,,,,,,,,,,,,,,,,,,,,,false,true,12,2020-04-01,2021-03-31,0
2021-04-30,48390,2020-03-31,,72489000000,,,,,,,,8580000000,,4613000000,,,170.92,,,,,,,,,,,,,,,,,,,,,,false,false,12,2019-04-01,2020-03-31,-1
2021-05-14,48390,2021-03-31,,79165000000,-0.040,,,,,6789000000,-0.200,6934000000,-0.248,,2942000000,,108.89,,0.048,0.077,0.086,,90593000000,61756000000,0.682,2284.05,61756000000,5961000000,-9948000000,-2196000000,22151000000,,0.735,,,,,,true,false,12,2020-04-01,2021-03-31,0
2021-05-14,48390,2020-03-31,,82450000000,-0.002,,,,,8489000000,0.252,9225000000,0.225,,5072000000,,187.92,,0.086,0.101,0.103,,90024000000,60555000000,0.673,2243.54,60555000000,9982000000,-3580000000,-2198000000,28288000000,,0.426,,,,,,true,false,12,2019-04-01,2020-03-31,-1
2021-05-14,48390,2022-03-31,,39600000000,0.006,,,,,500000000,-0.935,600000000,-0.926,,300000000,,11.10,,,,,,,,,,,,,,,,,,,,,,true,true,6,2021-04-01,2021-09-30,1
2021-05-14,48390,2022-03-31,,79500000000,0.004,,,,,2900000000,-0.573,3000000000,-0.567,,2000000000,,73.97,,,,,,,,,,,,,,,,0.676,,,,,,true,true,12,2021-04-01,2022-03-31,1
2021-05-14,48390,2021-03-31,,69888000000,-0.036,,,,,6475000000,-0.184,6611000000,-0.229,2783000000,,-0.397,103.00,,,,,,82367000000,54580000000,0.663,2018.65,54580000000,,,,,80.00,,,,28844400,1806398,27024093,false,false,12,2020-04-01,2021-03-31,0
2021-05-14,48390,2020-03-31,,72489000000,-0.006,,,,,7932000000,0.272,8580000000,0.217,4613000000,,-0.055,170.92,,,,,,81019000000,53529000000,0.661,1983.22,53529000000,,,,,80.00,,,,28844400,1853318,26991082,false,false,12,2019-04-01,2020-03-31,-1
2021-05-14,48390,2022-03-31,,35100000000,0.010,,,,,,,500000000,-0.938,300000000,,-0.947,11.10,,,,,,,,,,,,,,,,,,,,,,false,true,6,2021-04-01,2021-09-30,1
2021-05-14,48390,2022-03-31,,70600000000,0.010,,,,,,,2700000000,-0.592,1800000000,,-0.353,66.57,,,,,,,,,,,,,,,50.00,,,,,,,false,true,12,2021-04-01,2022-03-31,1
2021-07-30,48390,2022-03-31,1,19968000000,0.017,,,,,-418000000,,-322000000,,,-185000000,,-6.86,,,,,,82629000000,59232000000,0.717,,59232000000,,,,,,,,,,,,true,false,3,2021-04-01,2021-06-30,0
2021-07-30,48390,2021-03-31,1,19640000000,-0.031,,,,,4262000000,0.649,4408000000,0.599,,3065000000,,113.57,,,,,,,,,,,,,,,,,,,,,,true,false,3,2020-04-01,2020-06-30,-1
2021-07-30,48390,2022-03-31,1,39600000000,0.006,,,,,500000000,-0.935,600000000,-0.926,,300000000,,11.10,,,,,,,,,,,,,,,,,,,,,,true,true,6,2021-04-01,2021-09-30,0
2021-07-30,48390,2022-03-31,1,79500000000,0.004,,,,,2900000000,-0.573,3000000000,-0.567,,2000000000,,73.97,,,,,,,,,,,,,,,,,,,,,,true,true,12,2021-04-01,2022-03-31,0
2021-07-30,48390,2021-03-31,1,,,,,,,,,,,,,,,,,,,,90593000000,61756000000,0.682,,61756000000,,,,,,,,,,,,true,false,12,2020-04-01,2021-03-31,-1
2021-07-30,48390,2021-03-31,1,,,,,,,,,,,,,,,,,,,,,,,,,,,,,80.00,,,,28844400,1806398,,false,false,12,2020-04-01,2021-03-31,-1
2021-07-30,48390,2022-03-31,1,,,,,,,,,,,,,,,,,,,,,,,,,,,,,50.00,,,,,,,false,true,12,2021-04-01,2022-03-31,0
2021-07-30,48390,2022-03-31,1,,,,,,,,,,,,,,,,,,,,,,,,,,,,,,,,,28844400,1806398,27038002,false,false,3,2021-04-01,2021-06-30,0
2021-07-30,48390,2021-03-31,1,,,,,,,,,,,,,,,,,,,,,,,,,,,,,,,,,,,26991082,false,false,3,2020-04-01,2020-06-30,-1
2021-10-28,48390,2022-03-31,,40100000000,0.013,,,,,1500000000,2.000,1700000000,1.833,,1200000000,,44.35,,,,,,,,,,,,,,,,,,,,,,true,true,6,2021-04-01,2021-09-30,0
2021-10-28,48390,2021-03-31,,39376000000,,,,,,7735000000,,8104000000,,,5663000000,,209.70,,,,,,,,,,,,,,,,,,,,,,true,false,6,2020-04-01,2020-09-30,-1
2021-10-28,48390,2022-03-31,,79400000000,-0.001,,,,,2800000000,-0.034,3000000000,0.000,,2000000000,,73.87,,,,,,,,,,,,,,,,,,,,,,true,true,12,2021-04-01,2022-03-31,0
2021-10-28,48390,2021-03-31,,79165000000,,,,,,6789000000,,6934000000,,,2942000000,,108.89,,,,,,,,,,,,,,,,,,,,,,true,false,12,2020-04-01,2021-03-31,-1
2021-10-28,48390,2022-03-31,,35000000000,-0.003,,,,,,,1100000000,1.200,900000000,,2.000,33.26,,,,,,,,,,,,,,,,,,,,,,false,true,6,2021-04-01,2021-09-30,0
2021-10-28,48390,2021-03-31,,34739000000,,,,,,,,8093000000,,5672000000,,,210.03,,,,,,,,,,,,,,,,,,,,,,false,false,6,2020-04-01,2020-09-30,-1
2021-10-28,48390,2022-03-31,,69700000000,-0.013,,,,,,,2300000000,-0.148,1500000000,,-0.167,55.41,,,,,,,,,,,,,,,,,,,,,,false,true,12,2021-04-01,2022-03-31,0
2021-10-28,48390,2021-03-31,,69888000000,,,,,,,,6611000000,,2783000000,,,103.00,,,,,,,,,,,,,,,,,,,,,,false,false,12,2020-04-01,2021-03-31,-1
2021-10-29,48390,2022-03-31,2,40185000000,0.021,,,,,1537000000,-0.801,1780000000,-0.780,,1299000000,,48.04,,,,,,89820000000,60890000000,0.678,,60890000000,,,,,,,,,,,,true,false,6,2021-04-01,2021-09-30,0
2021-10-29,48390,2021-03-31,2,39376000000,-0.041,,,,,7735000000,0.685,8104000000,0.635,,5663000000,,209.70,,,,,,,,,,,,,,,,,,,,,,true,false,6,2020-04-01,2020-09-30,-1
2021-10-29,48390,2022-03-31,2,79400000000,0.003,,,,,2800000000,-0.588,3000000000,-0.567,,2000000000,,73.87,,,,,,,,,,,,,,,,,,,,,,true,true,12,2021-04-01,2022-03-31,0
2021-10-29,48390,2021-03-31,2,,,,,,,,,,,,,,,,,,,,90593000000,61756000000,0.682,,61756000000,,,,,,,,,,,,true,false,12,2020-04-01,2021-03-31,-1
2021-10-29,48390,2021-03-31,2,,,,,,,,,,,,,,,,,,,,,,,,,,,,,80.00,,,,28844400,1806398,,false,false,12,2020-04-01,2021-03-31,-1
2021-10-29,48390,2022-03-31,2,,,,,,,,,,,,,,,,,,,,,,,,,,,,,0.00,,,,,,,false,false,12,2021-04-01,2022-03-31,0
2021-10-29,48390,2022-03-31,2,,,,,,,,,,,,,,,,,,,,,,,,,,,,,50.00,,,,,,,false,true,12,2021-04-01,2022-03-31,0
2021-10-29,48390,2022-03-31,2,,,,,,,,,,,,,,,,,,,,,,,,,,,,,,,,,28844400,1756014,27057825,false,false,6,2021-04-01,2021-09-30,0
2021-10-29,48390,2021-03-31,2,,,,,,,,,,,,,,,,,,,,,,,,,,,,,,,,,,,27009578,false,false,6,2020-04-01,2020-09-30,-1
2022-01-31,48390,2022-03-31,3,59621000000,0.007,,,,,4690000000,-0.541,4948000000,-0.524,,3520000000,,129.59,,,,,,93456000000,66097000000,0.707,,66097000000,,,,,,,,,,,,true,false,9,2021-04-01,2021-12-31,0
2022-01-31,48390,2021-03-31,3,59187000000,-0.040,,,,,10220000000,0.318,10401000000,0.266,,6999000000,,259.05,,,,,,,,,,,,,,,,,,,,,,true,false,9,2020-04-01,2020-12-31,-1
2022-01-31,48390,2022-03-31,3,79400000000,0.003,,,,,2800000000,-0.588,3000000000,-0.567,,2000000000,,72.64,,,,,,,,,,,,,,,,,,,,,,true,true,12,2021-04-01,2022-03-31,0
2022-01-31,48390,2021-03-31,3,,,,,,,,,,,,,,,,,,,,90593000000,61756000000,0.682,,61756000000,,,,,,,,,,,,true,false,12,2020-04-01,2021-03-31,-1
2022-01-31,48390,2021-03-31,3,,,,,,,,,,,,,,,,,,,,,,,,,,,,,80.00,,,,28844400,1806398,,false,false,12,2020-04-01,2021-03-31,-1
2022-01-31,48390,2022-03-31,3,,,,,,,,,,,,,,,,,,,,,,,,,,,,,0.00,,,,,,,false,false,12,2021-04-01,2022-03-31,0
2022-01-31,48390,2022-03-31,3,,,,,,,,,,,,,,,,,,,,,,,,,,,,,50.00,,,,,,,false,true,12,2021-04-01,2022-03-31,0
2022-01-31,48390,2022-03-31,3,,,,,,,,,,,,,,,,,,,,,,,,,,,,,,,,,28844400,187714,27165370,false,false,9,2021-04-01,2021-12-31,0
2022-01-31,48390,2021-03-31,3,,,,,,,,,,,,,,,,,,,,,,,,,,,,,,,,,,,27019328,false,false,9,2020-04-01,2020-12-31,-1
2022-04-28,48390,2022-03-31,,79600000000,0.003,,,,,5200000000,0.857,5300000000,0.767,,4200000000,,152.54,,,,,,,,,,,,,,,,,,,,,,true,true,12,2021-04-01,2022-03-31,0
2022-04-28,48390,2021-03-31,,79165000000,,,,,,6789000000,,6934000000,,,2942000000,,108.89,,,,,,,,,,,,,,,,,,,,,,true,false,12,2020-04-01,2021-03-31,-1
2022-04-28,48390,2022-03-31,,69200000000,-0.007,,,,,,,4300000000,0.870,3500000000,,1.333,127.12,,,,,,,,,,,,,,,,,,,,,,false,true,12,2021-04-01,2022-03-31,0
2022-04-28,48390,2021-03-31,,69888000000,,,,,,,,6611000000,,2783000000,,,103.00,,,,,,,,,,,,,,,,,,,,,,false,false,12,2020-04-01,2021-03-31,-1
2022-05-13,48390,2022-03-31,,79657000000,0.006,,,,,5268000000,-0.224,5349000000,-0.229,,4239000000,,154.00,,0.066,0.056,0.066,,99652000000,66956000000,0.672,2336.50,66956000000,6422000000,-2112000000,852000000,27333000000,,0.390,,,,,,true,false,12,2021-04-01,2022-03-31,0
2022-05-13,48390,2021-03-31,,79165000000,-0.040,,,,,6789000000,-0.200,6934000000,-0.248,,2942000000,,108.89,,0.048,0.077,0.086,,90593000000,61756000000,0.682,2284.05,61756000000,5961000000,-9948000000,-2196000000,22151000000,,0.735,,,,,,true,false,12,2020-04-01,2021-03-31,-1
2022-05-13,48390,2023-03-31,,38300000000,-0.047,,,,,200000000,-0.870,200000000,-0.888,,30000000,,1.05,,,,,,,,,,,,,,,,,,,,,,true,true,6,2022-04-01,2022-09-30,1
2022-05-13,48390,2023-03-31,,76500000000,-0.040,,,,,2300000000,-0.563,2500000000,-0.533,,1600000000,,55.83,,,,,,,,,,,,,,,,0.896,,,,,,true,true,12,2022-04-01,2023-03-31,1
2022-05-13,48390,2022-03-31,,69256000000,-0.009,,,,,4132000000,-0.362,4356000000,-0.341,3534000000,,0.270,128.38,,,,,,90243000000,59012000000,0.654,2059.29,59012000000,,,,,60.00,,,,28844400,187714,27533092,false,false,12,2021-04-01,2022-03-31,0
2022-05-13,48390,2021-03-31,,69888000000,-0.036,,,,,6475000000,-0.184,6611000000,-0.229,2783000000,,-0.397,103.00,,,,,,82367000000,54580000000,0.663,2018.65,54580000000,,,,,80.00,,,,28844400,1806398,27024093,false,false,12,2020-04-01,2021-03-31,-1
2022-05-13,48390,2023-03-31,,33300000000,-0.049,,,,,,,200000000,-0.821,130000000,,-0.857,4.54,,,,,,,,,,,,,,,,,,,,,,false,true,6,2022-04-01,2022-09-30,1
2022-05-13,48390,2023-03-31,,66700000000,-0.037,,,,,,,2100000000,-0.518,1400000000,,-0.604,48.85,,,,,,,,,,,,,,,50.00,,,,,,,false,true,12,2022-04-01,2023-03-31,1
2022-07-29,48390,2023-03-31,1,19337000000,-0.032,,,,,1297000000,,1111000000,,,773000000,,27.00,,,,,,94723000000,66088000000,0.698,,66088000000,,,,,,,,,,,,true,false,3,2022-04-01,2022-06-30,0
2022-07-29,48390,2022-03-31,1,19968000000,0.017,,,,,-418000000,,-322000000,,,-185000000,,-6.86,,,,,,,,,,,,,,,,,,,,,,true,false,3,2021-04-01,2021-06-30,-1
2022-07-29,48390,2023-03-31,1,38300000000,-0.047,,,,,200000000,-0.870,200000000,-0.888,,30000000,,1.05,,,,,,,,,,,,,,,,,,,,,,true,true,6,2022-04-01,2022-09-30,0
2022-07-29,48390,2023-03-31,1,76500000000,-0.040,,,,,2300000000,-0.563,2500000000,-0.533,,1600000000,,55.83,,,,,,,,,,,,,,,,,,,,,,true,true,12,2022-04-01,2023-03-31,0
2022-07-29,48390,2022-03-31,1,,,,,,,,,,,,,,,,,,,,99652000000,66956000000,0.672,,66956000000,,,,,,,,,,,,true,false,12,2021-04-01,2022-03-31,-1
2022-07-29,48390,2022-03-31,1,,,,,,,,,,,,,,,,,,,,,,,,,,,,,60.00,,,,28844400,187714,,false,false,12,2021-04-01,2022-03-31,-1
2022-07-29,48390,2023-03-31,1,,,,,,,,,,,,,,,,,,,,,,,,,,,,,50.00,,,,,,,false,true,12,2022-04-01,2023-03-31,0
2022-07-29,48390,2023-03-31,1,,,,,,,,,,,,,,,,,,,,,,,,,,,,,,,,,28844400,187714,28656686,false,false,3,2022-04-01,2022-06-30,0
2022-07-29,48390,2022-03-31,1,,,,,,,,,,,,,,,,,,,,,,,,,,,,,,,,,,,27038002,false,false,3,2021-04-01,2021-06-30,-1
2022-10-27,48390,2023-03-31,,38400000000,0.003,,,,,2100000000,9.500,2000000000,9.000,,1300000000,,45.33,,,,,,,,,,,,,,,,,,,,,,true,true,6,2022-04-01,2022-09-30,0
2022-10-27,48390,2022-03-31,,40185000000,,,,,,1537000000,,1780000000,,,1299000000,,48.04,,,,,,,,,,,,,,,,,,,,,,true,false,6,2021-04-01,2021-09-30,-1
2022-10-27,48390,2023-03-31,,33200000000,-0.003,,,,,,,1900000000,8.500,1300000000,,9.000,45.33,,,,,,,,,,,,,,,,,,,,,,false,true,6,2022-04-01,2022-09-30,0
2022-10-27,48390,2022-03-31,,35000000000,,,,,,,,1119000000,,910000000,,,33.66,,,,,,,,,,,,,,,,,,,,,,false,false,6,2021-04-01,2021-09-30,-1
2022-10-31,48390,2023-03-31,2,38463000000,-0.043,,,,,2131000000,0.386,2065000000,0.160,,1333000000,,46.50,,,,,,92942000000,66684000000,0.717,,66684000000,,,,,,,,,,,,true,false,6,2022-04-01,2022-09-30,0
2022-10-31,48390,2022-03-31,2,40185000000,0.021,,,,,1537000000,-0.801,1780000000,-0.780,,1299000000,,48.04,,,,,,,,,,,,,,,,,,,,,,true,false,6,2021-04-01,2021-09-30,-1
2022-10-31,48390,2023-03-31,2,76500000000,-0.040,,,,,2300000000,-0.563,2500000000,-0.533,,1600000000,,55.77,,,,,,,,,,,,,,,,,,,,,,true,true,12,2022-04-01,2023-03-31,0
2022-10-31,48390,2022-03-31,2,,,,,,,,,,,,,,,,,,,,99652000000,66956000000,0.672,,66956000000,,,,,,,,,,,,true,false,12,2021-04-01,2022-03-31,-1
2022-10-31,48390,2022-03-31,2,,,,,,,,,,,,,,,,,,,,,,,,,,,,,60.00,,,,28844400,187714,,false,false,12,2021-04-01,2022-03-31,-1
2022-10-31,48390,2023-03-31,2,,,,,,,,,,,,,,,,,,,,,,,,,,,,,0.00,,,,,,,false,false,12,2022-04-01,2023-03-31,0
2022-10-31,48390,2023-03-31,2,,,,,,,,,,,,,,,,,,,,,,,,,,,,,50.00,,,,,,,false,true,12,2022-04-01,2023-03-31,0
2022-10-31,48390,2023-03-31,2,,,,,,,,,,,,,,,,,,,,,,,,,,,,,,,,,28844400,138363,28676103,false,false,6,2022-04-01,2022-09-30,0
2022-10-31,48390,2022-03-31,2,,,,,,,,,,,,,,,,,,,,,,,,,,,,,,,,,,,27057825,false,false,6,2021-04-01,2021-09-30,-1
2023-01-31,4839,2023-03-31,3,57633000000,-0.033,,,,,4131000000,-0.119,4181000000,-0.155,,2807000000,,97.88,,,,,,99727000000,68005000000,0.682,,68005000000,,,,,,,,,,,,true,false,9,2022-04-01,2022-12-31,0
2023-01-31,4839,2022-03-31,3,59621000000,0.007,,,,,4690000000,-0.541,4948000000,-0.524,,3520000000,,129.59,,,,,,,,,,,,,,,,,,,,,,true,false,9,2021-04-01,2021-12-31,-1
2023-01-31,4839,2023-03-31,3,76500000000,-0.040,,,,,2300000000,-0.563,2500000000,-0.533,,1600000000,,55.77,,,,,,,,,,,,,,,,,,,,,,true,true,12,2022-04-01,2023-03-31,0
2023-01-31,4839,2022-03-31,3,,,,,,,,,,,,,,,,,,,,99652000000,66956000000,0.672,,66956000000,,,,,,,,,,,,true,false,12,2021-04-01,2022-03-31,-1
2023-01-31,4839,2022-03-31,3,,,,,,,,,,,,,,,,,,,,,,,,,,,,,60.00,,,,28844400,187714,,false,false,12,2021-04-01,2022-03-31,-1
2023-01-31,4839,2023-03-31,3,,,,,,,,,,,,,,,,,,,,,,,,,,,,,0.00,,,,,,,false,false,12,2022-04-01,2023-03-31,0
2023-01-31,4839,2023-03-31,3,,,,,,,,,,,,,,,,,,,,,,,,,,,,,50.00,,,,,,,false,true,12,2022-04-01,2023-03-31,0
2023-01-31,4839,2023-03-31,3,,,,,,,,,,,,,,,,,,,,,,,,,,,,,,,,,28844400,138363,28686117,false,false,9,2022-04-01,2022-12-31,0
2023-01-31,4839,2022-03-31,3,,,,,,,,,,,,,,,,,,,,,,,,,,,,,,,,,,,27165370,false,false,9,2021-04-01,2021-12-31,-1
2023-04-28,48390,2023-03-31,,77100000000,0.008,,,,,3200000000,0.391,3500000000,0.400,,2300000000,,80.32,,,,,,,,,,,,,,,,,,,,,,true,true,12,2022-04-01,2023-03-31,0
2023-04-28,48390,2022-03-31,,79657000000,,,,,,5268000000,,5349000000,,,4239000000,,154.00,,,,,,,,,,,,,,,,,,,,,,true,false,12,2021-04-01,2022-03-31,-1
2023-04-28,48390,2023-03-31,,66200000000,-0.007,,,,,,,2800000000,0.333,2000000000,,0.429,69.84,,,,,,,,,,,,,,,,,,,,,,false,true,12,2022-04-01,2023-03-31,0
2023-04-28,48390,2022-03-31,,69256000000,,,,,,,,4356000000,,3534000000,,,128.38,,,,,,,,,,,,,,,,,,,,,,false,false,12,2021-04-01,2022-03-31,-1
2023-05-15,4839,2023-03-31,,77101000000,-0.032,,,,,3225000000,-0.388,3547000000,-0.337,,2398000000,,83.75,,0.036,0.036,0.042,,97046000000,66828000000,0.689,2377.78,66828000000,3219000000,-2303000000,-2515000000,25757000000,,0.597,,,,,,true,false,12,2022-04-01,2023-03-31,0
2023-05-15,4839,2022-03-31,,79657000000,0.006,,,,,5268000000,-0.224,5349000000,-0.229,,4239000000,,154.00,,0.066,0.056,0.066,,99652000000,66956000000,0.672,2336.50,66956000000,6422000000,-2112000000,852000000,27333000000,,0.390,,,,,,true,false,12,2021-04-01,2022-03-31,-1
2023-05-15,4839,2024-03-31,,37100000000,-0.035,,,,,200000000,-0.906,500000000,-0.758,,200000000,,7.10,,,,,,,,,,,,,,,,,,,,,,true,true,6,2023-04-01,2023-09-30,1
2023-05-15,4839,2024-03-31,,75400000000,-0.022,,,,,1800000000,-0.442,2500000000,-0.295,,1600000000,,56.83,,,,,,,,,,,,,,,,0.528,,,,,,true,true,12,2023-04-01,2024-03-31,1
2023-05-15,4839,2023-03-31,,66269000000,-0.043,,,,,2230000000,-0.460,2823000000,-0.352,2030000000,,-0.426,70.89,,,,,,87581000000,58489000000,0.668,2081.07,58489000000,,,,,50.00,,,,28844400,739026,28636780,false,false,12,2022-04-01,2023-03-31,0
2023-05-15,4839,2022-03-31,,69256000000,-0.009,,,,,4132000000,-0.362,4356000000,-0.341,3534000000,,0.270,128.38,,,,,,90243000000,59012000000,0.654,2059.29,59012000000,,,,,60.00,,,,28844400,187714,27533092,false,false,12,2021-04-01,2022-03-31,-1
2023-05-15,4839,2024-03-31,,32100000000,-0.036,,,,,,,500000000,-0.741,400000000,,-0.705,14.21,,,,,,,,,,,,,,,,,,,,,,false,true,6,2023-04-01,2023-09-30,1
2023-05-15,4839,2024-03-31,,65200000000,-0.016,,,,,,,2000000000,-0.292,1400000000,,-0.310,49.73,,,,,,,,,,,,,,,30.00,,,,,,,false,true,12,2023-04-01,2024-03-31,1
2023-07-28,4839,2024-03-31,1,18314000000,-0.053,,,,,531000000,-0.590,732000000,-0.342,,451000000,,16.08,,,,,,93956000000,66218000000,0.705,,66218000000,,,,,,,,,,,,true,false,3,2023-04-01,2023-06-30,0
2023-07-28,4839,2023-03-31,1,19337000000,-0.032,,,,,1297000000,,1111000000,,,773000000,,27.00,,,,,,,,,,,,,,,,,,,,,,true,false,3,2022-04-01,2022-06-30,-1
2023-07-28,4839,2024-03-31,1,37100000000,-0.035,,,,,200000000,-0.906,500000000,-0.758,,200000000,,7.11,,,,,,,,,,,,,,,,,,,,,,true,true,6,2023-04-01,2023-09-30,0
2023-07-28,4839,2024-03-31,1,75400000000,-0.022,,,,,1800000000,-0.442,2500000000,-0.295,,1600000000,,56.82,,,,,,,,,,,,,,,,,,,,,,true,true,12,2023-04-01,2024-03-31,0
2023-07-28,4839,2023-03-31,1,,,,,,,,,,,,,,,,,,,,97046000000,66828000000,0.689,,66828000000,,,,,,,,,,,,true,false,12,2022-04-01,2023-03-31,-1
2023-07-28,4839,2023-03-31,1,,,,,,,,,,,,,,,,,,,,,,,,,,,,,50.00,,,,28844400,739026,,false,false,12,2022-04-01,2023-03-31,-1
2023-07-28,4839,2024-03-31,1,,,,,,,,,,,,,,,,,,,,,,,,,,,,,30.00,,,,,,,false,true,12,2023-04-01,2024-03-31,0
2023-07-28,4839,2024-03-31,1,,,,,,,,,,,,,,,,,,,,,,,,,,,,,,,,,28844400,739026,28105374,false,false,3,2023-04-01,2023-06-30,0
2023-07-28,4839,2023-03-31,1,,,,,,,,,,,,,,,,,,,,,,,,,,,,,,,,,,,28656686,false,false,3,2022-04-01,2022-06-30,-1
2023-10-31,4839,2024-03-31,2,36614000000,-0.048,,,,,1039000000,-0.512,1467000000,-0.290,,720000000,,25.61,,,,,,92251000000,66667000000,0.723,,66667000000,,,,,,,,,,,,true,false,6,2023-04-01,2023-09-30,0
2023-10-31,4839,2023-03-31,2,38463000000,-0.043,,,,,2131000000,0.386,2065000000,0.160,,1333000000,,46.50,,,,,,,,,,,,,,,,,,,,,,true,false,6,2022-04-01,2022-09-30,-1
2023-10-31,4839,2024-03-31,2,75500000000,-0.021,,,,,900000000,-0.721,1600000000,-0.549,,700000000,,24.86,,,,,,,,,,,,,,,,,,,,,,true,true,12,2023-04-01,2024-03-31,0
2023-10-31,4839,2023-03-31,2,,,,,,,,,,,,,,,,,,,,97046000000,66828000000,0.689,,66828000000,,,,,,,,,,,,true,false,12,2022-04-01,2023-03-31,-1
2023-10-31,4839,2023-03-31,2,,,,,,,,,,,,,,,,,,,,,,,,,,,,,50.00,,,,28844400,739026,,false,false,12,2022-04-01,2023-03-31,-1
2023-10-31,4839,2024-03-31,2,,,,,,,,,,,,,,,,,,,,,,,,,,,,,0.00,,,,,,,false,false,12,2023-04-01,2024-03-31,0
2023-10-31,4839,2024-03-31,2,,,,,,,,,,,,,,,,,,,,,,,,,,,,,30.00,,,,,,,false,true,12,2023-04-01,2024-03-31,0
2023-10-31,4839,2024-03-31,2,,,,,,,,,,,,,,,,,,,,,,,,,,,,,,,,,28844400,657992,28129728,false,false,6,2023-04-01,2023-09-30,0
2023-10-31,4839,2023-03-31,2,,,,,,,,,,,,,,,,,,,,,,,,,,,,,,,,,,,28676103,false,false,6,2022-04-01,2022-09-30,-1
2023-10-31,48390,2024-03-31,,64400000000,-0.012,,,,,,,1200000000,-0.400,500000000,,-0.643,17.76,,,,,,,,,,,,,,,,,,,,,,false,true,12,2023-04-01,2024-03-31,0
2023-10-31,48390,2023-03-31,,66269000000,,,,,,,,2823000000,,2030000000,,,70.89,,,,,,,,,,,,,,,,,,,,,,false,false,12,2022-04-01,2023-03-31,-1
2024-01-31,4839,2024-03-31,3,55334000000,-0.040,,,,,2424000000,-0.413,2983000000,-0.286,,1757000000,,62.45,,,,,,92814000000,67836000000,0.731,,67836000000,,,,,,,,,,,,true,false,9,2023-04-01,2023-12-31,0
2024-01-31,4839,2023-03-31,3,57633000000,-0.033,,,,,4131000000,-0.119,4181000000,-0.155,,2807000000,,97.88,,,,,,,,,,,,,,,,,,,,,,true,false,9,2022-04-01,2022-12-31,-1
2024-01-31,4839,2024-03-31,3,75500000000,-0.021,,,,,900000000,-0.721,1600000000,-0.549,,700000000,,24.86,,,,,,,,,,,,,,,,,,,,,,true,true,12,2023-04-01,2024-03-31,0
2024-01-31,4839,2023-03-31,3,,,,,,,,,,,,,,,,,,,,97046000000,66828000000,0.689,,66828000000,,,,,,,,,,,,true,false,12,2022-04-01,2023-03-31,-1
2024-01-31,4839,2023-03-31,3,,,,,,,,,,,,,,,,,,,,,,,,,,,,,50.00,,,,28844400,739026,,false,false,12,2022-04-01,2023-03-31,-1
2024-01-31,4839,2024-03-31,3,,,,,,,,,,,,,,,,,,,,,,,,,,,,,0.00,,,,,,,false,false,12,2023-04-01,2024-03-31,0
2024-01-31,4839,2024-03-31,3,,,,,,,,,,,,,,,,,,,,,,,,,,,,,30.00,,,,,,,false,true,12,2023-04-01,2024-03-31,0
2024-01-31,4839,2024-03-31,3,,,,,,,,,,,,,,,,,,,,,,,,,,,,,,,,,28844400,657992,28148690,false,false,9,2023-04-01,2023-12-31,0
2024-01-31,4839,2023-03-31,3,,,,,,,,,,,,,,,,,,,,,,,,,,,,,,,,,,,28686117,false,false,9,2022-04-01,2022-12-31,-1
2024-04-26,48390,2024-03-31,,74800000000,-0.009,,,,,1400000000,0.556,2000000000,0.250,,1000000000,,35.51,,,,,,,,,,,,,,,,,,,,,,true,true,12,2023-04-01,2024-03-31,0
2024-04-26,48390,2023-03-31,,77101000000,,,,,,3225000000,,3547000000,,,2398000000,,83.75,,,,,,,,,,,,,,,,,,,,,,true,false,12,2022-04-01,2023-03-31,-1
2024-04-26,48390,2024-03-31,,64300000000,-0.002,,,,,,,1900000000,0.583,1100000000,,1.200,39.07,,,,,,,,,,,,,,,,,,,,,,false,true,12,2023-04-01,2024-03-31,0
2024-04-26,48390,2023-03-31,,66269000000,,,,,,,,2823000000,,2030000000,,,70.89,,,,,,,,,,,,,,,,,,,,,,false,false,12,2022-04-01,2023-03-31,-1
2024-05-15,4839,2024-03-31,,74869000000,-0.029,,,,,1450000000,-0.550,2057000000,-0.420,,1092000000,,38.79,,0.016,0.022,0.019,,89146000000,68225000000,0.765,2420.69,68225000000,4293000000,-2755000000,-1433000000,25922000000,,0.773,,,,,,true,false,12,2023-04-01,2024-03-31,0
2024-05-15,4839,2023-03-31,,77101000000,-0.032,,,,,3225000000,-0.388,3547000000,-0.337,,2398000000,,83.75,,0.036,0.036,0.042,,97046000000,66828000000,0.689,2377.78,66828000000,3219000000,-2303000000,-2515000000,25757000000,,0.597,,,,,,true,false,12,2022-04-01,2023-03-31,-1
2024-05-15,4839,2025-03-31,,36900000000,0.008,,,,,0,-1.000,500000000,-0.659,,300000000,,10.63,,,,,,,,,,,,,,,,,,,,,,true,true,6,2024-04-01,2024-09-30,1
2024-05-15,4839,2025-03-31,,74700000000,-0.002,,,,,700000000,-0.517,1500000000,-0.271,,1000000000,,35.41,,,,,,,,,,,,,,,,0.847,,,,,,true,true,12,2024-04-01,2025-03-31,1
2024-05-15,4839,2024-03-31,,64347000000,-0.029,,,,,1191000000,-0.466,1931000000,-0.316,1114000000,,-0.451,39.57,,,,,,79447000000,59906000000,0.754,2125.51,59906000000,,,,,30.00,,,,28844400,659970,28158063,false,false,12,2023-04-01,2024-03-31,0
2024-05-15,4839,2023-03-31,,66269000000,-0.043,,,,,2230000000,-0.460,2823000000,-0.352,2030000000,,-0.426,70.89,,,,,,87581000000,58489000000,0.668,2081.07,58489000000,,,,,50.00,,,,28844400,739026,28636780,false,false,12,2022-04-01,2023-03-31,-1
2024-05-15,4839,2025-03-31,,31500000000,-0.005,,,,,,,200000000,-0.883,100000000,,-0.902,3.54,,,,,,,,,,,,,,,,,,,,,,false,true,6,2024-04-01,2024-09-30,1
2024-05-15,4839,2025-03-31,,63600000000,-0.012,,,,,,,800000000,-0.586,600000000,,-0.461,21.24,,,,,,,,,,,,,,,30.00,,,,,,,false,true,12,2024-04-01,2025-03-31,1
2024-07-31,4839,2025-03-31,1,18791000000,0.026,,,,,1398000000,1.629,1653000000,1.259,,1107000000,,39.28,,,,,,97258000000,68380000000,0.703,,68380000000,,,,,,,,,,,,true,false,3,2024-04-01,2024-06-30,0
2024-07-31,4839,2024-03-31,1,18314000000,-0.053,,,,,531000000,-0.590,732000000,-0.342,,451000000,,16.08,,,,,,,,,,,,,,,,,,,,,,true,false,3,2023-04-01,2023-06-30,-1
2024-07-31,4839,2025-03-31,1,36900000000,0.008,,,,,0,-1.000,500000000,-0.659,,300000000,,10.63,,,,,,,,,,,,,,,,,,,,,,true,true,6,2024-04-01,2024-09-30,0
2024-07-31,4839,2025-03-31,1,74700000000,-0.002,,,,,700000000,-0.517,1500000000,-0.271,,1000000000,,35.41,,,,,,,,,,,,,,,,,,,,,,true,true,12,2024-04-01,2025-03-31,0
2024-07-31,4839,2024-03-31,1,,,,,,,,,,,,,,,,,,,,89146000000,68225000000,0.765,,68225000000,,,,,,,,,,,,true,false,12,2023-04-01,2024-03-31,-1
2024-07-31,4839,2024-03-31,1,,,,,,,,,,,,,,,,,,,,,,,,,,,,,30.00,,,,28844400,659970,,false,false,12,2023-04-01,2024-03-31,-1
2024-07-31,4839,2025-03-31,1,,,,,,,,,,,,,,,,,,,,,,,,,,,,,30.00,,,,,,,false,true,12,2024-04-01,2025-03-31,0
2024-07-31,4839,2025-03-31,1,,,,,,,,,,,,,,,,,,,,,,,,,,,,,,,,,28844400,659970,28184430,false,false,3,2024-04-01,2024-06-30,0
2024-07-31,4839,2024-03-31,1,,,,,,,,,,,,,,,,,,,,,,,,,,,,,,,,,,,28105374,false,false,3,2023-04-01,2023-06-30,-1
2024-09-27,48390,2025-03-31,,37100000000,0.005,,,,,900000000,,1400000000,1.800,,,,-7.10,,,,,,,,,,,,,,,,,,,,,,true,true,6,2024-04-01,2024-09-30,0
2024-09-27,48390,2024-03-31,,36614000000,,,,,,1039000000,,1467000000,,,,,25.61,,,,,,,,,,,,,,,,,,,,,,true,false,6,2023-04-01,2023-09-30,-1
2024-09-27,48390,2025-03-31,,75500000000,0.011,,,,,700000000,0.000,1500000000,0.000,,0,,0.00,,,,,,,,,,,,,,,,,,,,,,true,true,12,2024-04-01,2025-03-31,0
2024-09-27,48390,2024-03-31,,74869000000,,,,,,1450000000,,2057000000,,,1092000000,,38.79,,,,,,,,,,,,,,,,,,,,,,true,false,12,2023-04-01,2024-03-31,-1
2024-09-27,48390,2025-03-31,,31700000000,0.006,,,,,,,1200000000,5.000,-200000000,,,-7.10,,,,,,,,,,,,,,,,,,,,,,false,true,6,2024-04-01,2024-09-30,0
2024-09-27,48390,2024-03-31,,31665000000,,,,,,,,1713000000,,1018000000,,,36.22,,,,,,,,,,,,,,,,,,,,,,false,false,6,2023-04-01,2023-09-30,-1
2024-09-27,48390,2025-03-31,,63200000000,0.006,,,,,,,800000000,0.000,-600000000,,,-21.29,,,,,,,,,,,,,,,,,,,,,,false,true,12,2024-04-01,2025-03-31,0
2024-09-27,48390,2024-03-31,,64347000000,,,,,,,,1931000000,,1114000000,,,39.57,,,,,,,,,,,,,,,,,,,,,,false,false,12,2023-04-01,2024-03-31,-1
2024-09-27,48390,2025-03-31,,37100000000,0.005,,,,,900000000,,1400000000,1.800,,-200000000,,-7.10,,,,,,,,,,,,,,,,,,,,,,true,true,6,2024-04-01,2024-09-30,0
2024-09-27,48390,2024-03-31,,36614000000,,,,,,1039000000,,1467000000,,,720000000,,25.61,,,,,,,,,,,,,,,,,,,,,,true,false,6,2023-04-01,2023-09-30,-1
2024-09-27,48390,2025-03-31,,75500000000,0.011,,,,,700000000,0.000,1500000000,0.000,,0,,0.00,,,,,,,,,,,,,,,,,,,,,,true,true,12,2024-04-01,2025-03-31,0
2024-09-27,48390,2024-03-31,,74869000000,,,,,,1450000000,,2057000000,,,1092000000,,38.79,,,,,,,,,,,,,,,,,,,,,,true,false,12,2023-04-01,2024-03-31,-1
2024-09-27,48390,2025-03-31,,31700000000,0.006,,,,,,,1200000000,5.000,-200000000,,,-7.10,,,,,,,,,,,,,,,,,,,,,,false,true,6,2024-04-01,2024-09-30,0
2024-09-27,48390,2024-03-31,,31665000000,,,,,,,,1713000000,,1018000000,,,36.22,,,,,,,,,,,,,,,,,,,,,,false,false,6,2023-04-01,2023-09-30,-1
2024-09-27,48390,2025-03-31,,63200000000,-0.006,,,,,,,800000000,0.000,-600000000,,,-21.29,,,,,,,,,,,,,,,,,,,,,,false,true,12,2024-04-01,2025-03-31,0
2024-09-27,48390,2024-03-31,,64347000000,,,,,,,,1931000000,,1114000000,,,39.57,,,,,,,,,,,,,,,,,,,,,,false,false,12,2023-04-01,2024-03-31,-1
2024-10-31,4839,2025-03-31,2,37361000000,0.020,,,,,1212000000,0.167,1605000000,0.094,,-179000000,,-6.38,,,,,,95765000000,67019000000,0.700,,67019000000,,,,,,,,,,,,true,false,6,2024-04-01,2024-09-30,0
2024-10-31,4839,2024-03-31,2,36614000000,-0.048,,,,,1039000000,-0.512,1467000000,-0.290,,720000000,,25.61,,,,,,,,,,,,,,,,,,,,,,true,false,6,2023-04-01,2023-09-30,-1
2024-10-31,4839,2025-03-31,2,75600000000,0.010,,,,,700000000,-0.517,1500000000,-0.271,,0,,0.00,,,,,,,,,,,,,,,,,,,,,,true,true,12,2024-04-01,2025-03-31,0
2024-10-31,4839,2024-03-31,2,,,,,,,,,,,,,,,,,,,,89146000000,68225000000,0.765,,68225000000,,,,,,,,,,,,true,false,12,2023-04-01,2024-03-31,-1
2024-10-31,4839,2024-03-31,2,,,,,,,,,,,,,,,,,,,,,,,,,,,,,30.00,,,,28844400,659970,,false,false,12,2023-04-01,2024-03-31,-1
2024-10-31,4839,2025-03-31,2,,,,,,,,,,,,,,,,,,,,,,,,,,,,,0.00,,,,,,,false,false,12,2024-04-01,2025-03-31,0
2024-10-31,4839,2025-03-31,2,,,,,,,,,,,,,,,,,,,,,,,,,,,,,30.00,,,,,,,false,true,12,2024-04-01,2025-03-31,0
2024-10-31,4839,2025-03-31,2,,,,,,,,,,,,,,,,,,,,,,,,,,,,,,,,,28844400,580118,28216721,false,false,6,2024-04-01,2024-09-30,0
2024-10-31,4839,2024-03-31,2,,,,,,,,,,,,,,,,,,,,,,,,,,,,,,,,,,,28129728,false,false,6,2023-04-01,2023-09-30,-1
2024-10-31,48390,2025-03-31,,63200000000,0.000,,,,,,,800000000,0.000,-400000000,,,-14.16,,,,,,,,,,,,,,,,,,,,,,false,true,12,2024-04-01,2025-03-31,0
2024-10-31,48390,2024-03-31,,64347000000,,,,,,,,1931000000,,1114000000,,,39.57,,,,,,,,,,,,,,,,,,,,,,false,false,12,2023-04-01,2024-03-31,-1
2025-01-31,48390,2025-03-31,3,56444000000,0.020,,,,,1497000000,-0.382,2201000000,-0.262,,689000000,,24.41,,,,,,98356000000,67803000000,0.689,,67803000000,,,,,,,,,,,,true,false,9,2024-04-01,2024-12-31,0
2025-01-31,48390,2024-03-31,3,55334000000,-0.040,,,,,2424000000,-0.413,2983000000,-0.286,,1757000000,,62.45,,,,,,,,,,,,,,,,,,,,,,true,false,9,2023-04-01,2023-12-31,-1
2025-01-31,48390,2025-03-31,3,75600000000,0.010,,,,,700000000,-0.517,1500000000,-0.271,,0,,0.00,,,,,,,,,,,,,,,,,,,,,,true,true,12,2024-04-01,2025-03-31,0
2025-01-31,48390,2024-03-31,3,,,,,,,,,,,,,,,,,,,,89146000000,68225000000,0.765,,68225000000,,,,,,,,,,,,true,false,12,2023-04-01,2024-03-31,-1
2025-01-31,48390,2024-03-31,3,,,,,,,,,,,,,,,,,,,,,,,,,,,,,30.00,,,,28844400,659970,,false,false,12,2023-04-01,2024-03-31,-1
2025-01-31,48390,2025-03-31,3,,,,,,,,,,,,,,,,,,,,,,,,,,,,,0.00,,,,,,,false,false,12,2024-04-01,2025-03-31,0
2025-01-31,48390,2025-03-31,3,,,,,,,,,,,,,,,,,,,,,,,,,,,,,30.00,,,,,,,false,true,12,2024-04-01,2025-03-31,0
2025-01-31,48390,2025-03-31,3,,,,,,,,,,,,,,,,,,,,,,,,,,,,,,,,,28844400,580118,28232632,false,false,9,2024-04-01,2024-12-31,0
2025-01-31,48390,2024-03-31,3,,,,,,,,,,,,,,,,,,,,,,,,,,,,,,,,,,,28148690,false,false,9,2023-04-01,2023-12-31,-1
2025-04-25,48390,2025-03-31,,76700000000,0.015,,,,,2000000000,1.857,2900000000,0.933,,600000000,,21.25,,,,,,,,,,,,,,,,,,,,,,true,true,12,2024-04-01,2025-03-31,0
2025-04-25,48390,2024-03-31,,74869000000,,,,,,1450000000,,2057000000,,,1092000000,,38.79,,,,,,,,,,,,,,,,,,,,,,true,false,12,2023-04-01,2024-03-31,-1
2025-04-25,48390,2025-03-31,,63600000000,0.006,,,,,,,2200000000,1.750,600000000,,,21.25,,,,,,,,,,,,,,,,,,,,,,false,true,12,2024-04-01,2025-03-31,0
2025-04-25,48390,2024-03-31,,64347000000,,,,,,,,1931000000,,1114000000,,,39.57,,,,,,,,,,,,,,,,,,,,,,false,false,12,2023-04-01,2024-03-31,-1
2025-05-15,48390,2025-03-31,,76757000000,0.025,,,,,2036000000,0.404,2997000000,0.457,,637000000,,22.59,,0.009,0.032,0.027,,100499000000,68034000000,0.677,2407.17,68034000000,4344000000,-3626000000,-927000000,25723000000,,1.328,,,,,,true,false,12,2024-04-01,2025-03-31,0
2025-05-15,48390,2024-03-31,,74869000000,-0.029,,,,,1450000000,-0.550,2057000000,-0.420,,1092000000,,38.79,,0.016,0.022,0.019,,89146000000,68225000000,0.765,2420.69,68225000000,4293000000,-2755000000,-1433000000,25922000000,,0.773,,,,,,true,false,12,2023-04-01,2024-03-31,-1
2025-05-15,48390,2026-03-31,,37100000000,-0.007,,,,,200000000,-0.835,600000000,-0.626,,100000000,,3.54,,,,,,,,,,,,,,,,,,,,,,true,true,6,2025-04-01,2025-09-30,1
2025-05-15,48390,2026-03-31,,76600000000,-0.002,,,,,700000000,-0.656,1500000000,-0.500,,800000000,,28.31,,,,,,,,,,,,,,,,1.060,,,,,,true,true,12,2025-04-01,2026-03-31,1
2025-05-15,48390,2025-03-31,,63657000000,-0.011,,,,,1549000000,0.301,2283000000,0.182,630000000,,-0.434,22.34,,,,,,90569000000,59560000000,0.658,2107.34,59560000000,,,,,30.00,,,,28844400,581216,28240433,false,false,12,2024-04-01,2025-03-31,0
2025-05-15,48390,2024-03-31,,64347000000,-0.029,,,,,1191000000,-0.466,1931000000,-0.316,1114000000,,-0.451,39.57,,,,,,79447000000,59906000000,0.754,2125.51,59906000000,,,,,30.00,,,,28844400,659970,28158063,false,false,12,2023-04-01,2024-03-31,-1
2025-05-15,48390,2026-03-31,,30100000000,-0.049,,,,,,,500000000,-0.631,100000000,,-1.332,3.54,,,,,,,,,,,,,,,,,,,,,,false,true,6,2025-04-01,2025-09-30,1
2025-05-15,48390,2026-03-31,,62300000000,-0.021,,,,,,,900000000,-0.606,400000000,,-0.366,14.15,,,,,,,,,,,,,,,30.00,,,,,,,false,true,12,2025-04-01,2026-03-31,1
