filing_date,code,fiscal_year_end,quarterly_period,net_sales,net_sales_change,revenue,revenue_change,operating_revenue,operating_revenue_change,operating_profit,operating_profit_change,ordinary_profit,ordinary_profit_change,net_income,net_income_of_parent,net_income_change,eps,diluted_eps,roe,roa,operating_profit_to_net_sales,operating_profit_to_revenue,total_assets,net_assets,equity_ratio,bps,owner_equity,operating_cash_flow,investing_cash_flow,financing_cash_flow,cash,dividend_per_share,payout_ratio,commemorative_dividend,extra_dividend,number_of_shares,number_of_treqsury_shares,avg_number_of_shares,is_consolidated,is_forecast,duration,period_start,period_end,period_pos
2015-05-11,49170,2015-03-31,,70925000000,0.040,,,,,6996000000,0.021,7595000000,0.036,4425000000,,0.081,189.28,,0.083,0.106,0.099,,75980000000,60980000000,0.737,2394.23,55974000000,5488000000,-5141000000,-341000000,11264000000,,0.402,,,,,,true,false,12,2014-04-01,2015-03-31,0
2015-05-11,49170,2014-03-31,,68215000000,0.129,,,,,6853000000,0.152,7330000000,0.174,4091000000,,0.134,175.02,,0.083,0.115,0.100,,67858000000,55179000000,0.752,2183.09,51038000000,7303000000,-5596000000,-1833000000,10890000000,,0.400,,,,,,true,false,12,2013-04-01,2014-03-31,-1
2015-05-11,49170,2016-03-31,,41840000000,0.088,,,,,5250000000,0.002,5250000000,-0.059,,5800000000,,248.09,,,,,,,,,,,,,,,,,,,,,,true,true,6,2015-04-01,2015-09-30,1
2015-05-11,49170,2016-03-31,,76360000000,0.077,,,,,7360000000,0.052,7600000000,0.001,,7120000000,,304.55,,,,,,,,,,,,,,,,,,,,,,true,true,12,2015-04-01,2016-03-31,1
2015-05-11,49170,2015-03-31,,44851000000,0.029,,,,,4899000000,0.049,5658000000,0.055,3780000000,,0.191,161.71,,,,,,57106000000,49696000000,0.870,2125.73,49696000000,,,,,76.00,,,,24134606,755827,23379045,false,false,12,2014-04-01,2015-03-31,0
2015-05-11,49170,2014-03-31,,43585000000,0.070,,,,,4669000000,0.137,5365000000,0.155,3175000000,,0.017,135.81,,,,,,55708000000,46938000000,0.843,2007.72,46938000000,,,,,70.00,,,,24134606,755434,23379495,false,false,12,2013-04-01,2014-03-31,-1
2015-05-11,49170,2016-03-31,,26903000000,0.053,,,,,,,4700000000,0.063,3270000000,,0.098,139.87,,,,,,,,,,,,,,,,,,,,,,false,true,6,2015-04-01,2015-09-30,1
2015-05-11,49170,2016-03-31,,46700000000,0.041,,,,,,,6000000000,0.060,4170000000,,0.103,178.37,,,,,,,,,,,,,,,80.00,,,,,,,false,true,12,2015-04-01,2016-03-31,1
2015-07-30,49170,2016-03-31,1,21094000000,0.074,,,,,3836000000,0.160,4062000000,0.144,,2487000000,,106.40,,,,,,77152000000,62295000000,0.746,,57559000000,,,,,,,,,,,,true,false,3,2015-04-01,2015-06-30,0
2015-07-30,49170,2015-03-31,1,19648000000,0.092,,,,,3306000000,-0.022,3550000000,-0.000,,2103000000,,89.98,,,,,,,,,,,,,,,,,,,,,,true,false,3,2014-04-01,2014-06-30,-1
2015-07-30,49170,2016-03-31,1,41840000000,0.088,,,,,5250000000,0.002,5250000000,-0.059,,5800000000,,248.09,,,,,,,,,,,,,,,,,,,,,,true,true,6,2015-04-01,2015-09-30,0
2015-07-30,49170,2016-03-31,1,76360000000,0.077,,,,,7360000000,0.052,7600000000,0.001,,7120000000,,304.55,,,,,,,,,,,,,,,,,,,,,,true,true,12,2015-04-01,2016-03-31,0
2015-07-30,49170,2015-03-31,1,,,,,,,,,,,,,,,,,,,,75980000000,60980000000,0.737,,55974000000,,,,,,,,,,,,true,false,12,2014-04-01,2015-03-31,-1
2015-07-30,49170,2015-03-31,1,,,,,,,,,,,,,,,,,,,,,,,,,,,,,76.00,,,,24134606,755827,,false,false,12,2014-04-01,2015-03-31,-1
2015-07-30,49170,2016-03-31,1,,,,,,,,,,,,,,,,,,,,,,,,,,,,,80.00,,,,,,,false,true,12,2015-04-01,2016-03-31,0
2015-07-30,49170,2016-03-31,1,,,,,,,,,,,,,,,,,,,,,,,,,,,,,,,,,24134606,755963,23378701,false,false,3,2015-04-01,2015-06-30,0
2015-07-30,49170,2015-03-31,1,,,,,,,,,,,,,,,,,,,,,,,,,,,,,,,,,,,23379172,false,false,3,2014-04-01,2014-06-30,-1
2015-09-30,49170,2016-03-31,,73200000000,-0.041,,,,,5000000000,-0.321,5800000000,-0.237,5600000000,,-0.213,239.54,,,,,,,,,,,,,,,,,,,,,,true,true,12,2015-04-01,2016-03-31,0
2015-09-30,49170,2015-03-31,,70925000000,,,,,,6996000000,,7595000000,,4425000000,,,189.28,,,,,,,,,,,,,,,,,,,,,,true,false,12,2014-04-01,2015-03-31,-1
2015-10-29,49170,2016-03-31,2,41941000000,0.091,,,,,5354000000,0.022,5812000000,0.042,,6015000000,,257.30,,,,,,81132000000,67185000000,0.750,,60880000000,,,,,,,,,,,,true,false,6,2015-04-01,2015-09-30,0
2015-10-29,49170,2015-03-31,2,38452000000,0.038,,,,,5240000000,-0.022,5577000000,-0.003,,3386000000,,144.86,,,,,,,,,,,,,,,,,,,,,,true,false,6,2014-04-01,2014-09-30,-1
2015-10-29,49170,2016-03-31,2,73200000000,0.032,,,,,5000000000,-0.285,5800000000,-0.236,,5600000000,,239.54,,,,,,,,,,,,,,,,,,,,,,true,true,12,2015-04-01,2016-03-31,0
2015-10-29,49170,2015-03-31,2,,,,,,,,,,,,,,,,,,,,75980000000,60980000000,0.737,,55974000000,,,,,,,,,,,,true,false,12,2014-04-01,2015-03-31,-1
2015-10-29,49170,2015-03-31,2,,,,,,,,,,,,,,,,,,,,,,,,,,,,,76.00,,,,24134606,755827,,false,false,12,2014-04-01,2015-03-31,-1
2015-10-29,49170,2016-03-31,2,,,,,,,,,,,,,,,,,,,,,,,,,,,,,40.00,,,,,,,false,false,12,2015-04-01,2016-03-31,0
2015-10-29,49170,2016-03-31,2,,,,,,,,,,,,,,,,,,,,,,,,,,,,,80.00,,,,,,,false,true,12,2015-04-01,2016-03-31,0
2015-10-29,49170,2016-03-31,2,,,,,,,,,,,,,,,,,,,,,,,,,,,,,,,,,24134606,756134,23378590,false,false,6,2015-04-01,2015-09-30,0
2015-10-29,49170,2015-03-31,2,,,,,,,,,,,,,,,,,,,,,,,,,,,,,,,,,,,23379156,false,false,6,2014-04-01,2014-09-30,-1
2016-01-29,49170,2016-03-31,3,57135000000,0.048,,,,,6820000000,-0.029,7590000000,0.008,,6675000000,,285.54,,,,,,77076000000,65058000000,0.773,,59591000000,,,,,,,,,,,,true,false,9,2015-04-01,2015-12-31,0
2016-01-29,49170,2015-03-31,3,54537000000,0.032,,,,,7020000000,-0.076,7533000000,-0.060,,4508000000,,192.85,,,,,,,,,,,,,,,,,,,,,,true,false,9,2014-04-01,2014-12-31,-1
2016-01-29,49170,2016-03-31,3,75000000000,0.057,,,,,6500000000,-0.071,7300000000,-0.039,,6100000000,,260.93,,,,,,,,,,,,,,,,,,,,,,true,true,12,2015-04-01,2016-03-31,0
2016-01-29,49170,2015-03-31,3,,,,,,,,,,,,,,,,,,,,75980000000,60980000000,0.737,,55974000000,,,,,,,,,,,,true,false,12,2014-04-01,2015-03-31,-1
2016-01-29,49170,2015-03-31,3,,,,,,,,,,,,,,,,,,,,,,,,,,,,,76.00,,,,24134606,755827,,false,false,12,2014-04-01,2015-03-31,-1
2016-01-29,49170,2016-03-31,3,,,,,,,,,,,,,,,,,,,,,,,,,,,,,40.00,,,,,,,false,false,12,2015-04-01,2016-03-31,0
2016-01-29,49170,2016-03-31,3,,,,,,,,,,,,,,,,,,,,,,,,,,,,,80.00,,,,,,,false,true,12,2015-04-01,2016-03-31,0
2016-01-29,49170,2016-03-31,3,,,,,,,,,,,,,,,,,,,,,,,,,,,,,,,,,24134606,756512,23378516,false,false,9,2015-04-01,2015-12-31,0
2016-01-29,49170,2015-03-31,3,,,,,,,,,,,,,,,,,,,,,,,,,,,,,,,,,,,23379106,false,false,9,2014-04-01,2014-12-31,-1
2016-01-29,49170,2016-03-31,,75000000000,0.025,,,,,6500000000,0.300,7300000000,0.259,6100000000,,0.089,260.93,,,,,,,,,,,,,,,,,,,,,,true,true,12,2015-04-01,2016-03-31,0
2016-01-29,49170,2015-03-31,,70925000000,,,,,,6996000000,,7595000000,,4425000000,,,189.28,,,,,,,,,,,,,,,,,,,,,,true,false,12,2014-04-01,2015-03-31,-1
2016-05-11,49170,2016-03-31,,75078000000,0.059,,,,,6594000000,-0.057,7415000000,-0.024,,6383000000,,273.04,,0.110,0.095,0.088,,79821000000,65856000000,0.748,2554.01,59707000000,7232000000,-2383000000,-3534000000,12200000000,,0.293,,,,,,true,false,12,2015-04-01,2016-03-31,0
2016-05-11,49170,2015-03-31,,70925000000,0.040,,,,,6996000000,0.021,7595000000,0.036,,4425000000,,189.28,,0.083,0.106,0.099,,75980000000,60980000000,0.737,2394.23,55974000000,5488000000,-5141000000,-341000000,11264000000,,0.402,,,,,,true,false,12,2014-04-01,2015-03-31,-1
2016-05-11,49170,2017-03-31,,41600000000,-0.008,,,,,4400000000,-0.178,4700000000,-0.191,,2900000000,,124.05,,,,,,,,,,,,,,,,,,,,,,true,true,6,2016-04-01,2016-09-30,1
2016-05-11,49170,2017-03-31,,76800000000,0.023,,,,,7400000000,0.122,7900000000,0.065,,5000000000,,213.88,,,,,,,,,,,,,,,,0.402,,,,,,true,true,12,2016-04-01,2017-03-31,1
2016-05-11,49170,2016-03-31,,47469000000,0.058,,,,,5095000000,0.040,5939000000,0.050,3666000000,,-0.030,156.83,,,,,,60939000000,52331000000,0.859,2238.48,52331000000,,,,,80.00,,,,24134606,756548,23378404,false,false,12,2015-04-01,2016-03-31,0
2016-05-11,49170,2015-03-31,,44851000000,0.029,,,,,4899000000,0.049,5658000000,0.055,3780000000,,0.191,161.71,,,,,,57106000000,49696000000,0.870,2125.73,49696000000,,,,,76.00,,,,24134606,755827,23379045,false,false,12,2014-04-01,2015-03-31,-1
2016-05-11,49170,2017-03-31,,27570000000,0.023,,,,,,,4012000000,-0.180,2770000000,,-0.183,118.49,,,,,,,,,,,,,,,,,,,,,,false,true,6,2016-04-01,2016-09-30,1
2016-05-11,49170,2017-03-31,,49000000000,0.032,,,,,,,5950000000,0.002,4100000000,,0.118,175.38,,,,,,,,,,,,,,,86.00,,,,,,,false,true,12,2016-04-01,2017-03-31,1
2016-07-29,49170,2017-03-31,1,21130000000,0.002,,,,,3637000000,-0.052,3803000000,-0.064,,2482000000,,106.19,,,,,,79150000000,66219000000,0.763,,60359000000,,,,,,,,,,,,true,false,3,2016-04-01,2016-06-30,0
2016-07-29,49170,2016-03-31,1,21094000000,0.074,,,,,3836000000,0.160,4062000000,0.144,,2487000000,,106.40,,,,,,,,,,,,,,,,,,,,,,true,false,3,2015-04-01,2015-06-30,-1
2016-07-29,49170,2017-03-31,1,41600000000,-0.008,,,,,4400000000,-0.178,4700000000,-0.191,,2900000000,,124.05,,,,,,,,,,,,,,,,,,,,,,true,true,6,2016-04-01,2016-09-30,0
2016-07-29,49170,2017-03-31,1,76800000000,0.023,,,,,7400000000,0.122,7900000000,0.065,,5000000000,,213.88,,,,,,,,,,,,,,,,,,,,,,true,true,12,2016-04-01,2017-03-31,0
2016-07-29,49170,2016-03-31,1,,,,,,,,,,,,,,,,,,,,79821000000,65856000000,0.748,,59707000000,,,,,,,,,,,,true,false,12,2015-04-01,2016-03-31,-1
2016-07-29,49170,2016-03-31,1,,,,,,,,,,,,,,,,,,,,,,,,,,,,,80.00,,,,24134606,756548,,false,false,12,2015-04-01,2016-03-31,-1
2016-07-29,49170,2017-03-31,1,,,,,,,,,,,,,,,,,,,,,,,,,,,,,86.00,,,,,,,false,true,12,2016-04-01,2017-03-31,0
2016-07-29,49170,2017-03-31,1,,,,,,,,,,,,,,,,,,,,,,,,,,,,,,,,,24134606,756656,23378009,false,false,3,2016-04-01,2016-06-30,0
2016-07-29,49170,2016-03-31,1,,,,,,,,,,,,,,,,,,,,,,,,,,,,,,,,,,,23378701,false,false,3,2015-04-01,2015-06-30,-1
2016-10-25,49170,2017-03-31,,42300000000,0.017,,,,,5600000000,0.273,6000000000,0.277,4000000000,,0.379,171.10,,,,,,,,,,,,,,,,,,,,,,true,true,6,2016-04-01,2016-09-30,0
2016-10-25,49170,2016-03-31,,41941000000,,,,,,5354000000,,5812000000,,6015000000,,,257.30,,,,,,,,,,,,,,,,,,,,,,true,false,6,2015-04-01,2015-09-30,-1
2016-10-27,49170,2017-03-31,2,42325000000,0.009,,,,,5684000000,0.062,6027000000,0.037,,4037000000,,172.71,,,,,,79147000000,65981000000,0.765,,60557000000,,,,,,,,,,,,true,false,6,2016-04-01,2016-09-30,0
2016-10-27,49170,2016-03-31,2,41941000000,0.091,,,,,5354000000,0.022,5812000000,0.042,,6015000000,,257.30,,,,,,,,,,,,,,,,,,,,,,true,false,6,2015-04-01,2015-09-30,-1
2016-10-27,49170,2017-03-31,2,76800000000,0.023,,,,,7400000000,0.122,7900000000,0.065,,5000000000,,213.88,,,,,,,,,,,,,,,,,,,,,,true,true,12,2016-04-01,2017-03-31,0
2016-10-27,49170,2016-03-31,2,,,,,,,,,,,,,,,,,,,,79821000000,65856000000,0.748,,59707000000,,,,,,,,,,,,true,false,12,2015-04-01,2016-03-31,-1
2016-10-27,49170,2016-03-31,2,,,,,,,,,,,,,,,,,,,,,,,,,,,,,80.00,,,,24134606,756548,,false,false,12,2015-04-01,2016-03-31,-1
2016-10-27,49170,2017-03-31,2,,,,,,,,,,,,,,,,,,,,,,,,,,,,,43.00,,,,,,,false,false,12,2016-04-01,2017-03-31,0
2016-10-27,49170,2017-03-31,2,,,,,,,,,,,,,,,,,,,,,,,,,,,,,86.00,,,,,,,false,true,12,2016-04-01,2017-03-31,0
2016-10-27,49170,2017-03-31,2,,,,,,,,,,,,,,,,,,,,,,,,,,,,,,,,,24134606,756875,23377941,false,false,6,2016-04-01,2016-09-30,0
2016-10-27,49170,2016-03-31,2,,,,,,,,,,,,,,,,,,,,,,,,,,,,,,,,,,,23378590,false,false,6,2015-04-01,2015-09-30,-1
2017-01-30,49170,2017-03-31,3,59432000000,0.040,,,,,7813000000,0.146,8307000000,0.094,,5643000000,,241.41,,,,,,78529000000,66964000000,0.781,,61318000000,,,,,,,,,,,,true,false,9,2016-04-01,2016-12-31,0
2017-01-30,49170,2016-03-31,3,57135000000,0.048,,,,,6820000000,-0.029,7590000000,0.008,,6675000000,,285.54,,,,,,,,,,,,,,,,,,,,,,true,false,9,2015-04-01,2015-12-31,-1
2017-01-30,49170,2017-03-31,3,76800000000,0.023,,,,,7400000000,0.122,7900000000,0.065,,5000000000,,213.88,,,,,,,,,,,,,,,,,,,,,,true,true,12,2016-04-01,2017-03-31,0
2017-01-30,49170,2016-03-31,3,,,,,,,,,,,,,,,,,,,,79821000000,65856000000,0.748,,59707000000,,,,,,,,,,,,true,false,12,2015-04-01,2016-03-31,-1
2017-01-30,49170,2016-03-31,3,,,,,,,,,,,,,,,,,,,,,,,,,,,,,80.00,,,,24134606,756548,,false,false,12,2015-04-01,2016-03-31,-1
2017-01-30,49170,2017-03-31,3,,,,,,,,,,,,,,,,,,,,,,,,,,,,,43.00,,,,,,,false,false,12,2016-04-01,2017-03-31,0
2017-01-30,49170,2017-03-31,3,,,,,,,,,,,,,,,,,,,,,,,,,,,,,86.00,,,,,,,false,true,12,2016-04-01,2017-03-31,0
2017-01-30,49170,2017-03-31,3,,,,,,,,,,,,,,,,,,,,,,,,,,,,,,,,,24134606,757192,23377839,false,false,9,2016-04-01,2016-12-31,0
2017-01-30,49170,2016-03-31,3,,,,,,,,,,,,,,,,,,,,,,,,,,,,,,,,,,,23378516,false,false,9,2015-04-01,2015-12-31,-1
2017-05-10,49170,2017-03-31,,77351000000,0.030,,,,,7617000000,0.155,8183000000,0.104,,5566000000,,238.10,,0.091,0.100,0.098,,83835000000,69590000000,0.754,2705.76,63253000000,9045000000,-5920000000,-2215000000,12880000000,,0.403,,,,,,true,false,12,2016-04-01,2017-03-31,0
2017-05-10,49170,2016-03-31,,75078000000,0.059,,,,,6594000000,-0.057,7415000000,-0.024,,6383000000,,273.04,,0.110,0.095,0.088,,79821000000,65856000000,0.748,2554.01,59707000000,7232000000,-2383000000,-3534000000,12200000000,,0.293,,,,,,true,false,12,2015-04-01,2016-03-31,-1
2017-05-10,49170,2018-03-31,,43000000000,0.016,,,,,5100000000,-0.103,5400000000,-0.104,,3650000000,,156.13,,,,,,,,,,,,,,,,,,,,,,true,true,6,2017-04-01,2017-09-30,1
2017-05-10,49170,2018-03-31,,80000000000,0.034,,,,,8000000000,0.050,8500000000,0.039,,5600000000,,239.55,,,,,,,,,,,,,,,,0.409,,,,,,true,true,12,2017-04-01,2018-03-31,1
2017-05-10,49170,2017-03-31,,49604000000,0.045,,,,,5393000000,0.058,6151000000,0.036,4517000000,,0.232,193.24,,,,,,63972000000,55320000000,0.865,2366.44,55320000000,,,,,96.00,,,,24134606,757361,23377714,false,false,12,2016-04-01,2017-03-31,0
2017-05-10,49170,2016-03-31,,47469000000,0.058,,,,,5095000000,0.040,5939000000,0.050,3666000000,,-0.030,156.83,,,,,,60939000000,52331000000,0.859,2238.48,52331000000,,,,,80.00,,,,24134606,756548,23378404,false,false,12,2015-04-01,2016-03-31,-1
2017-05-10,49170,2018-03-31,,28900000000,0.027,,,,,,,4750000000,0.019,3450000000,,0.030,147.58,,,,,,,,,,,,,,,,,,,,,,false,true,6,2017-04-01,2017-09-30,1
2017-05-10,49170,2018-03-31,,51000000000,0.028,,,,,,,6300000000,0.024,4550000000,,0.007,194.63,,,,,,,,,,,,,,,98.00,,,,,,,false,true,12,2017-04-01,2018-03-31,1
2017-07-28,49170,2018-03-31,1,22463000000,0.063,,,,,3893000000,0.070,4129000000,0.086,,2633000000,,112.67,,,,,,85551000000,71185000000,0.761,,65096000000,,,,,,,,,,,,true,false,3,2017-04-01,2017-06-30,0
2017-07-28,49170,2017-03-31,1,21130000000,0.002,,,,,3637000000,-0.052,3803000000,-0.064,,2482000000,,106.19,,,,,,,,,,,,,,,,,,,,,,true,false,3,2016-04-01,2016-06-30,-1
2017-07-28,49170,2018-03-31,1,43000000000,0.016,,,,,5100000000,-0.103,5400000000,-0.104,,3650000000,,156.14,,,,,,,,,,,,,,,,,,,,,,true,true,6,2017-04-01,2017-09-30,0
2017-07-28,49170,2018-03-31,1,80000000000,0.034,,,,,8000000000,0.050,8500000000,0.039,,5600000000,,239.55,,,,,,,,,,,,,,,,,,,,,,true,true,12,2017-04-01,2018-03-31,0
2017-07-28,49170,2017-03-31,1,,,,,,,,,,,,,,,,,,,,83835000000,69590000000,0.754,,63253000000,,,,,,,,,,,,true,false,12,2016-04-01,2017-03-31,-1
2017-07-28,49170,2017-03-31,1,,,,,,,,,,,,,,,,,,,,,,,,,,,,,96.00,,,,24134606,757361,,false,false,12,2016-04-01,2017-03-31,-1
2017-07-28,49170,2018-03-31,1,,,,,,,,,,,,,,,,,,,,,,,,,,,,,98.00,,,,,,,false,true,12,2017-04-01,2018-03-31,0
2017-07-28,49170,2018-03-31,1,,,,,,,,,,,,,,,,,,,,,,,,,,,,,,,,,24134606,757548,23377149,false,false,3,2017-04-01,2017-06-30,0
2017-07-28,49170,2017-03-31,1,,,,,,,,,,,,,,,,,,,,,,,,,,,,,,,,,,,23378009,false,false,3,2016-04-01,2016-06-30,-1
,49170,2018-03-31,,,,,,,,,,,,,,,,,,,,,,,,,,,,,,24.50,,,,,,,false,true,12,2017-04-01,2018-03-31,0
,49170,2017-03-31,,,,,,,,,,,,,,,,,,,,,,,,,,,,,,96.00,,,,,,,false,false,12,2016-04-01,2017-03-31,-1
2017-10-30,49170,2018-03-31,2,44247000000,0.045,,,,,6173000000,0.086,6628000000,0.100,,4357000000,,93.20,,,,,,89534000000,73410000000,0.751,,67223000000,,,,,,,,,,,,true,false,6,2017-04-01,2017-09-30,0
2017-10-30,49170,2017-03-31,2,42325000000,0.009,,,,,5684000000,0.062,6027000000,0.037,,4037000000,,86.35,,,,,,,,,,,,,,,,,,,,,,true,false,6,2016-04-01,2016-09-30,-1
2017-10-30,49170,2018-03-31,2,80000000000,0.034,,,,,8000000000,0.050,8500000000,0.039,,5600000000,,119.78,,,,,,,,,,,,,,,,,,,,,,true,true,12,2017-04-01,2018-03-31,0
2017-10-30,49170,2017-03-31,2,,,,,,,,,,,,,,,,,,,,83835000000,69590000000,0.754,,63253000000,,,,,,,,,,,,true,false,12,2016-04-01,2017-03-31,-1
2017-10-30,49170,2017-03-31,2,,,,,,,,,,,,,,,,,,,,,,,,,,,,,96.00,,,,48269212,1514722,,false,false,12,2016-04-01,2017-03-31,-1
2017-10-30,49170,2018-03-31,2,,,,,,,,,,,,,,,,,,,,,,,,,,,,,49.00,,,,,,,false,false,12,2017-04-01,2018-03-31,0
2017-10-30,49170,2018-03-31,2,,,,,,,,,,,,,,,,,,,,,,,,,,,,,34.50,,,,,,,false,true,12,2017-04-01,2018-03-31,0
2017-10-30,49170,2018-03-31,2,,,,,,,,,,,,,,,,,,,,,,,,,,,,,,,,,48269212,1515702,46754036,false,false,6,2017-04-01,2017-09-30,0
2017-10-30,49170,2017-03-31,2,,,,,,,,,,,,,,,,,,,,,,,,,,,,,,,,,,,46755882,false,false,6,2016-04-01,2016-09-30,-1
2018-01-29,49170,2018-03-31,3,63294000000,0.065,,,,,8591000000,0.100,9272000000,0.116,,6015000000,,128.66,,,,,,90033000000,75103000000,0.764,,68760000000,,,,,,,,,,,,true,false,9,2017-04-01,2017-12-31,0
2018-01-29,49170,2017-03-31,3,59432000000,0.040,,,,,7813000000,0.146,8307000000,0.094,,5643000000,,120.70,,,,,,,,,,,,,,,,,,,,,,true,false,9,2016-04-01,2016-12-31,-1
2018-01-29,49170,2018-03-31,3,80000000000,0.034,,,,,8000000000,0.050,8500000000,0.039,,5600000000,,119.78,,,,,,,,,,,,,,,,,,,,,,true,true,12,2017-04-01,2018-03-31,0
2018-01-29,49170,2017-03-31,3,,,,,,,,,,,,,,,,,,,,83835000000,69590000000,0.754,,63253000000,,,,,,,,,,,,true,false,12,2016-04-01,2017-03-31,-1
2018-01-29,49170,2017-03-31,3,,,,,,,,,,,,,,,,,,,,,,,,,,,,,96.00,,,,48269212,1514722,,false,false,12,2016-04-01,2017-03-31,-1
2018-01-29,49170,2018-03-31,3,,,,,,,,,,,,,,,,,,,,,,,,,,,,,49.00,,,,,,,false,false,12,2017-04-01,2018-03-31,0
2018-01-29,49170,2018-03-31,3,,,,,,,,,,,,,,,,,,,,,,,,,,,,,34.50,,,,,,,false,true,12,2017-04-01,2018-03-31,0
2018-01-29,49170,2018-03-31,3,,,,,,,,,,,,,,,,,,,,,,,,,,,,,,,,,48269212,1516097,46753781,false,false,9,2017-04-01,2017-12-31,0
2018-01-29,49170,2017-03-31,3,,,,,,,,,,,,,,,,,,,,,,,,,,,,,,,,,,,46755677,false,false,9,2016-04-01,2016-12-31,-1
2018-05-08,49170,2018-03-31,,81386000000,0.052,,,,,8457000000,0.110,9264000000,0.132,,6086000000,,130.19,,0.092,0.105,0.104,,93195000000,75749000000,0.745,1484.67,69412000000,10246000000,-6776000000,-2669000000,13640000000,,0.453,,,,,,true,false,12,2017-04-01,2018-03-31,0
2018-05-08,49170,2017-03-31,,77351000000,0.030,,,,,7617000000,0.155,8183000000,0.104,,5566000000,,119.05,,0.091,0.100,0.098,,83835000000,69590000000,0.754,1352.88,63253000000,9045000000,-5920000000,-2215000000,12880000000,,0.403,,,,,,true,false,12,2016-04-01,2017-03-31,-1
2018-05-08,49170,2019-03-31,,43000000000,-0.028,,,,,5950000000,-0.036,6350000000,-0.042,,4000000000,,85.56,,,,,,,,,,,,,,,,,,,,,,true,true,6,2018-04-01,2018-09-30,1
2018-05-08,49170,2019-03-31,,80000000000,-0.017,,,,,8600000000,0.017,9300000000,0.004,,5800000000,,124.06,,,,,,,,,,,,,,,,0.484,,,,,,true,true,12,2018-04-01,2019-03-31,1
2018-05-08,49170,2018-03-31,,51646000000,0.041,,,,,5887000000,0.092,6696000000,0.088,4944000000,,0.094,105.75,,,,,,71407000000,60497000000,0.847,1293.98,60497000000,,,,,34.50,,,,48269212,1516097,46753617,false,false,12,2017-04-01,2018-03-31,0
2018-05-08,49170,2017-03-31,,49604000000,0.045,,,,,5393000000,0.058,6151000000,0.036,4517000000,,0.232,96.62,,,,,,63972000000,55320000000,0.865,1183.22,55320000000,,,,,96.00,,,,48269212,1514722,46755428,false,false,12,2016-04-01,2017-03-31,-1
2018-05-08,49170,2019-03-31,,30500000000,0.037,,,,,,,5200000000,-0.004,3500000000,,-0.064,74.86,,,,,,,,,,,,,,,,,,,,,,false,true,6,2018-04-01,2018-09-30,1
2018-05-08,49170,2019-03-31,,53500000000,0.036,,,,,,,6650000000,-0.007,4550000000,,-0.080,97.32,,,,,,,,,,,,,,,60.00,,,,,,,false,true,12,2018-04-01,2019-03-31,1
2018-07-30,49170,2019-03-31,1,22314000000,-0.007,,,,,3928000000,0.009,4215000000,0.021,,2774000000,,59.34,,,,,,91767000000,76186000000,0.766,,70339000000,,,,,,,,,,,,true,false,3,2018-04-01,2018-06-30,0
2018-07-30,49170,2018-03-31,1,22463000000,0.063,,,,,3893000000,0.070,4129000000,0.086,,2633000000,,56.34,,,,,,,,,,,,,,,,,,,,,,true,false,3,2017-04-01,2017-06-30,-1
2018-07-30,49170,2019-03-31,1,43000000000,-0.028,,,,,5950000000,-0.036,6350000000,-0.042,,4000000000,,85.56,,,,,,,,,,,,,,,,,,,,,,true,true,6,2018-04-01,2018-09-30,0
2018-07-30,49170,2019-03-31,1,80000000000,-0.017,,,,,8600000000,0.017,9300000000,0.004,,5800000000,,124.06,,,,,,,,,,,,,,,,,,,,,,true,true,12,2018-04-01,2019-03-31,0
2018-07-30,49170,2018-03-31,1,,,,,,,,,,,,,,,,,,,,92602000000,75749000000,0.750,,69412000000,,,,,,,,,,,,true,false,12,2017-04-01,2018-03-31,-1
2018-07-30,49170,2018-03-31,1,,,,,,,,,,,,,,,,,,,,,,,,,,,,,34.50,,,,48269212,1516097,,false,false,12,2017-04-01,2018-03-31,-1
2018-07-30,49170,2019-03-31,1,,,,,,,,,,,,,,,,,,,,,,,,,,,,,60.00,,,,,,,false,true,12,2018-04-01,2019-03-31,0
2018-07-30,49170,2019-03-31,1,,,,,,,,,,,,,,,,,,,,,,,,,,,,,,,,,48269212,1516125,46753091,false,false,3,2018-04-01,2018-06-30,0
2018-07-30,49170,2018-03-31,1,,,,,,,,,,,,,,,,,,,,,,,,,,,,,,,,,,,46754297,false,false,3,2017-04-01,2017-06-30,-1
2018-10-30,49170,2019-03-31,2,43882000000,-0.008,,,,,6632000000,0.074,7165000000,0.081,,4845000000,,103.62,,,,,,94710000000,78454000000,0.766,,72525000000,,,,,,,,,,,,true,false,6,2018-04-01,2018-09-30,0
2018-10-30,49170,2018-03-31,2,44247000000,0.045,,,,,6173000000,0.086,6628000000,0.100,,4357000000,,93.20,,,,,,,,,,,,,,,,,,,,,,true,false,6,2017-04-01,2017-09-30,-1
2018-10-30,49170,2019-03-31,2,80000000000,-0.017,,,,,8600000000,0.017,9300000000,0.004,,5800000000,,124.06,,,,,,,,,,,,,,,,,,,,,,true,true,12,2018-04-01,2019-03-31,0
2018-10-30,49170,2018-03-31,2,,,,,,,,,,,,,,,,,,,,92602000000,75749000000,0.750,,69412000000,,,,,,,,,,,,true,false,12,2017-04-01,2018-03-31,-1
2018-10-30,49170,2018-03-31,2,,,,,,,,,,,,,,,,,,,,,,,,,,,,,34.50,,,,48269212,1516097,,false,false,12,2017-04-01,2018-03-31,-1
2018-10-30,49170,2019-03-31,2,,,,,,,,,,,,,,,,,,,,,,,,,,,,,30.00,,,,,,,false,false,12,2018-04-01,2019-03-31,0
2018-10-30,49170,2019-03-31,2,,,,,,,,,,,,,,,,,,,,,,,,,,,,,60.00,,,,,,,false,true,12,2018-04-01,2019-03-31,0
2018-10-30,49170,2019-03-31,2,,,,,,,,,,,,,,,,,,,,,,,,,,,,,,,,,48269212,1483662,46761077,false,false,6,2018-04-01,2018-09-30,0
2018-10-30,49170,2018-03-31,2,,,,,,,,,,,,,,,,,,,,,,,,,,,,,,,,,,,46754036,false,false,6,2017-04-01,2017-09-30,-1
2019-01-30,49170,2019-03-31,3,61086000000,-0.035,,,,,7901000000,-0.080,8730000000,-0.058,,5811000000,,124.25,,,,,,90256000000,75756000000,0.776,,70015000000,,,,,,,,,,,,true,false,9,2018-04-01,2018-12-31,0
2019-01-30,49170,2018-03-31,3,63294000000,0.065,,,,,8591000000,0.100,9272000000,0.116,,6015000000,,128.66,,,,,,,,,,,,,,,,,,,,,,true,false,9,2017-04-01,2017-12-31,-1
2019-01-30,49170,2019-03-31,3,80000000000,-0.017,,,,,8600000000,0.017,9300000000,0.004,,5800000000,,124.06,,,,,,,,,,,,,,,,,,,,,,true,true,12,2018-04-01,2019-03-31,0
2019-01-30,49170,2018-03-31,3,,,,,,,,,,,,,,,,,,,,92602000000,75749000000,0.750,,69412000000,,,,,,,,,,,,true,false,12,2017-04-01,2018-03-31,-1
2019-01-30,49170,2018-03-31,3,,,,,,,,,,,,,,,,,,,,,,,,,,,,,34.50,,,,48269212,1516097,,false,false,12,2017-04-01,2018-03-31,-1
2019-01-30,49170,2019-03-31,3,,,,,,,,,,,,,,,,,,,,,,,,,,,,,30.00,,,,,,,false,false,12,2018-04-01,2019-03-31,0
2019-01-30,49170,2019-03-31,3,,,,,,,,,,,,,,,,,,,,,,,,,,,,,60.00,,,,,,,false,true,12,2018-04-01,2019-03-31,0
2019-01-30,49170,2019-03-31,3,,,,,,,,,,,,,,,,,,,,,,,,,,,,,,,,,48269212,1483770,46769236,false,false,9,2018-04-01,2018-12-31,0
2019-01-30,49170,2018-03-31,3,,,,,,,,,,,,,,,,,,,,,,,,,,,,,,,,,,,46753781,false,false,9,2017-04-01,2017-12-31,-1
2019-05-14,49170,2019-03-31,,78997000000,-0.029,,,,,7135000000,-0.156,8161000000,-0.119,,5087000000,,108.76,,0.073,0.088,0.090,,93402000000,75810000000,0.749,1496.20,70000000000,6474000000,6921000000,-4020000000,22779000000,,0.552,,,,,,true,false,12,2018-04-01,2019-03-31,0
2019-05-14,49170,2018-03-31,,81386000000,0.052,,,,,8457000000,0.110,9264000000,0.132,,6086000000,,130.19,,0.092,0.105,0.104,,92602000000,75749000000,0.750,1484.67,69412000000,10246000000,-6776000000,-2669000000,13640000000,,0.453,,,,,,true,false,12,2017-04-01,2018-03-31,-1
2019-05-14,49170,2020-03-31,,45600000000,0.039,,,,,5070000000,-0.236,5540000000,-0.227,,3690000000,,78.87,,,,,,,,,,,,,,,,,,,,,,true,true,6,2019-04-01,2019-09-30,1
2019-05-14,49170,2020-03-31,,85000000000,0.076,,,,,7860000000,0.102,8690000000,0.065,,5620000000,,120.12,,,,,,,,,,,,,,,,0.516,,,,,,true,true,12,2019-04-01,2020-03-31,1
2019-05-14,49170,2019-03-31,,52709000000,0.021,,,,,5001000000,-0.150,5887000000,-0.121,4080000000,,-0.175,87.23,,,,,,71401000000,61669000000,0.864,1318.14,61669000000,,,,,60.00,,,,48269212,1483926,46773208,false,false,12,2018-04-01,2019-03-31,0
2019-05-14,49170,2018-03-31,,51646000000,0.041,,,,,5887000000,0.092,6696000000,0.088,4944000000,,0.094,105.75,,,,,,70854000000,60497000000,0.854,1293.98,60497000000,,,,,34.50,,,,48269212,1516097,46753617,false,false,12,2017-04-01,2018-03-31,-1
2019-05-14,49170,2020-03-31,,30200000000,-0.019,,,,,,,4520000000,-0.187,3270000000,,-0.181,69.89,,,,,,,,,,,,,,,,,,,,,,false,true,6,2019-04-01,2019-09-30,1
2019-05-14,49170,2020-03-31,,53300000000,0.011,,,,,,,6100000000,0.036,4390000000,,0.076,93.83,,,,,,,,,,,,,,,62.00,,,,,,,false,true,12,2019-04-01,2020-03-31,1
2019-05-14,49170,2019-03-31,,78997000000,-0.029,,,,,7135000000,-0.156,8161000000,-0.119,,5087000000,,108.76,,0.073,0.088,0.090,,93402000000,75810000000,0.749,1496.20,70000000000,6587000000,6921000000,-4020000000,22779000000,,0.552,,,,,,true,false,12,2018-04-01,2019-03-31,0
2019-05-14,49170,2018-03-31,,81386000000,0.052,,,,,8457000000,0.110,9264000000,0.132,,6086000000,,130.19,,0.092,0.105,0.104,,92602000000,75749000000,0.750,1484.67,69412000000,10246000000,-6776000000,-2669000000,13640000000,,0.453,,,,,,true,false,12,2017-04-01,2018-03-31,-1
2019-05-14,49170,2020-03-31,,45600000000,0.039,,,,,5070000000,-0.236,5540000000,-0.227,,3690000000,,78.87,,,,,,,,,,,,,,,,,,,,,,true,true,6,2019-04-01,2019-09-30,1
2019-05-14,49170,2020-03-31,,85000000000,0.076,,,,,7860000000,0.102,8690000000,0.065,,5620000000,,120.12,,,,,,,,,,,,,,,,0.516,,,,,,true,true,12,2019-04-01,2020-03-31,1
2019-05-14,49170,2019-03-31,,52709000000,0.021,,,,,5001000000,-0.150,5887000000,-0.121,4080000000,,-0.175,87.23,,,,,,71401000000,61669000000,0.864,1318.14,61669000000,,,,,60.00,,,,48269212,1483926,46773208,false,false,12,2018-04-01,2019-03-31,0
2019-05-14,49170,2018-03-31,,51646000000,0.041,,,,,5887000000,0.092,6696000000,0.088,4944000000,,0.094,105.75,,,,,,70854000000,60497000000,0.854,1293.98,60497000000,,,,,34.50,,,,48269212,1516097,46753617,false,false,12,2017-04-01,2018-03-31,-1
2019-05-14,49170,2020-03-31,,30200000000,-0.019,,,,,,,4520000000,-0.187,3270000000,,-0.181,69.89,,,,,,,,,,,,,,,,,,,,,,false,true,6,2019-04-01,2019-09-30,1
2019-05-14,49170,2020-03-31,,53300000000,0.011,,,,,,,6100000000,0.036,4390000000,,0.076,93.83,,,,,,,,,,,,,,,62.00,,,,,,,false,true,12,2019-04-01,2020-03-31,1
2019-07-30,49170,2020-03-31,1,21966000000,-0.016,,,,,2573000000,-0.345,2829000000,-0.329,,1721000000,,36.91,,,,,,96219000000,74963000000,0.716,,68916000000,,,,,,,,,,,,true,false,3,2019-04-01,2019-06-30,0
2019-07-30,49170,2019-03-31,1,22314000000,-0.007,,,,,3928000000,0.009,4215000000,0.021,,2774000000,,59.34,,,,,,,,,,,,,,,,,,,,,,true,false,3,2018-04-01,2018-06-30,-1
2019-07-30,49170,2020-03-31,1,45600000000,0.039,,,,,5070000000,-0.236,5540000000,-0.227,,3690000000,,78.87,,,,,,,,,,,,,,,,,,,,,,true,true,6,2019-04-01,2019-09-30,0
2019-07-30,49170,2020-03-31,1,85000000000,0.076,,,,,7860000000,0.102,8690000000,0.065,,5620000000,,120.12,,,,,,,,,,,,,,,,,,,,,,true,true,12,2019-04-01,2020-03-31,0
2019-07-30,49170,2019-03-31,1,,,,,,,,,,,,,,,,,,,,93402000000,75810000000,0.749,,70000000000,,,,,,,,,,,,true,false,12,2018-04-01,2019-03-31,-1
2019-07-30,49170,2019-03-31,1,,,,,,,,,,,,,,,,,,,,,,,,,,,,,60.00,,,,48269212,1483926,,false,false,12,2018-04-01,2019-03-31,-1
2019-07-30,49170,2020-03-31,1,,,,,,,,,,,,,,,,,,,,,,,,,,,,,62.00,,,,,,,false,true,12,2019-04-01,2020-03-31,0
2019-07-30,49170,2020-03-31,1,,,,,,,,,,,,,,,,,,,,,,,,,,,,,,,,,48269212,2042518,46642877,false,false,3,2019-04-01,2019-06-30,0
2019-07-30,49170,2019-03-31,1,,,,,,,,,,,,,,,,,,,,,,,,,,,,,,,,,,,46753091,false,false,3,2018-04-01,2018-06-30,-1
2019-10-29,49170,2020-03-31,2,44439000000,0.013,,,,,4628000000,-0.302,5107000000,-0.287,,3276000000,,71.05,,,,,,90757000000,72767000000,0.738,,66941000000,,,,,,,,,,,,true,false,6,2019-04-01,2019-09-30,0
2019-10-29,49170,2019-03-31,2,43882000000,-0.008,,,,,6632000000,0.074,7165000000,0.081,,4845000000,,103.62,,,,,,,,,,,,,,,,,,,,,,true,false,6,2018-04-01,2018-09-30,-1
2019-10-29,49170,2020-03-31,2,85000000000,0.076,,,,,7860000000,0.102,8690000000,0.065,,5620000000,,124.67,,,,,,,,,,,,,,,,,,,,,,true,true,12,2019-04-01,2020-03-31,0
2019-10-29,49170,2019-03-31,2,,,,,,,,,,,,,,,,,,,,93402000000,75810000000,0.749,,70000000000,,,,,,,,,,,,true,false,12,2018-04-01,2019-03-31,-1
2019-10-29,49170,2019-03-31,2,,,,,,,,,,,,,,,,,,,,,,,,,,,,,60.00,,,,48269212,1483926,,false,false,12,2018-04-01,2019-03-31,-1
2019-10-29,49170,2020-03-31,2,,,,,,,,,,,,,,,,,,,,,,,,,,,,,31.00,,,,,,,false,false,12,2019-04-01,2020-03-31,0
2019-10-29,49170,2020-03-31,2,,,,,,,,,,,,,,,,,,,,,,,,,,,,,62.00,,,,,,,false,true,12,2019-04-01,2020-03-31,0
2019-10-29,49170,2020-03-31,2,,,,,,,,,,,,,,,,,,,,,,,,,,,,,,,,,48269212,3189318,46112373,false,false,6,2019-04-01,2019-09-30,0
2019-10-29,49170,2019-03-31,2,,,,,,,,,,,,,,,,,,,,,,,,,,,,,,,,,,,46761077,false,false,6,2018-04-01,2018-09-30,-1
2020-01-30,49170,2020-03-31,3,62724000000,0.027,,,,,5776000000,-0.269,6404000000,-0.266,,4094000000,,89.56,,,,,,89347000000,72214000000,0.742,,66274000000,,,,,,,,,,,,true,false,9,2019-04-01,2019-12-31,0
2020-01-30,49170,2019-03-31,3,61086000000,-0.035,,,,,7901000000,-0.080,8730000000,-0.058,,5811000000,,124.25,,,,,,,,,,,,,,,,,,,,,,true,false,9,2018-04-01,2018-12-31,-1
2020-01-30,49170,2020-03-31,3,81500000000,0.032,,,,,5650000000,-0.208,6450000000,-0.210,,4150000000,,92.46,,,,,,,,,,,,,,,,,,,,,,true,true,12,2019-04-01,2020-03-31,0
2020-01-30,49170,2019-03-31,3,,,,,,,,,,,,,,,,,,,,93402000000,75810000000,0.749,,70000000000,,,,,,,,,,,,true,false,12,2018-04-01,2019-03-31,-1
2020-01-30,49170,2019-03-31,3,,,,,,,,,,,,,,,,,,,,,,,,,,,,,60.00,,,,48269212,1483926,,false,false,12,2018-04-01,2019-03-31,-1
2020-01-30,49170,2020-03-31,3,,,,,,,,,,,,,,,,,,,,,,,,,,,,,31.00,,,,,,,false,false,12,2019-04-01,2020-03-31,0
2020-01-30,49170,2020-03-31,3,,,,,,,,,,,,,,,,,,,,,,,,,,,,,62.00,,,,,,,false,true,12,2019-04-01,2020-03-31,0
2020-01-30,49170,2020-03-31,3,,,,,,,,,,,,,,,,,,,,,,,,,,,,,,,,,48269212,3386018,45717735,false,false,9,2019-04-01,2019-12-31,0
2020-01-30,49170,2019-03-31,3,,,,,,,,,,,,,,,,,,,,,,,,,,,,,,,,,,,46769236,false,false,9,2018-04-01,2018-12-31,-1
2020-01-30,49170,2020-03-31,,81500000000,-0.041,,,,,5650000000,-0.281,6450000000,-0.258,4150000000,,-0.262,92.46,,,,,,,,,,,,,,,,,,,,,,true,true,12,2019-04-01,2020-03-31,0
2020-01-30,49170,2019-03-31,,78997000000,,,,,,7135000000,,8161000000,,5087000000,,,108.76,,,,,,,,,,,,,,,,,,,,,,true,false,12,2018-04-01,2019-03-31,-1
2020-01-30,49170,2020-03-31,,50000000000,-0.062,,,,,,,3700000000,-0.393,2800000000,,-0.362,62.38,,,,,,,,,,,,,,,,,,,,,,false,true,12,2019-04-01,2020-03-31,0
2020-01-30,49170,2019-03-31,,52709000000,,,,,,,,5887000000,,4080000000,,,87.23,,,,,,,,,,,,,,,,,,,,,,false,false,12,2018-04-01,2019-03-31,-1
2020-05-08,49170,2020-03-31,,81774000000,0.035,,,,,5970000000,-0.163,6706000000,-0.178,,4445000000,,97.68,,0.065,0.072,0.073,,91660000000,73452000000,0.732,1495.40,67117000000,6781000000,-9836000000,-8307000000,11657000000,,0.635,,,,,,true,false,12,2019-04-01,2020-03-31,0
2020-05-08,49170,2019-03-31,,78997000000,-0.029,,,,,7135000000,-0.156,8161000000,-0.119,,5087000000,,108.76,,0.073,0.088,0.090,,93402000000,75810000000,0.749,1496.20,70000000000,6587000000,6921000000,-4020000000,22779000000,,0.552,,,,,,true,false,12,2018-04-01,2019-03-31,-1
2020-05-08,49170,2020-03-31,,50414000000,-0.044,,,,,3326000000,-0.335,4091000000,-0.305,3117000000,,-0.236,68.51,,,,,,66734000000,56961000000,0.854,1269.14,56961000000,,,,,62.00,,,,48269212,3386851,45510213,false,false,12,2019-04-01,2020-03-31,0
2020-05-08,49170,2019-03-31,,52709000000,0.021,,,,,5001000000,-0.150,5887000000,-0.121,4080000000,,-0.175,87.23,,,,,,71401000000,61669000000,0.864,1318.14,61669000000,,,,,60.00,,,,48269212,1483926,46773208,false,false,12,2018-04-01,2019-03-31,-1
2020-05-08,49170,2020-03-31,,81774000000,0.035,,,,,5970000000,-0.163,6706000000,-0.178,,4445000000,,97.68,,0.065,0.072,0.073,,91660000000,73452000000,0.732,1495.40,67117000000,6937000000,-9836000000,-8307000000,11657000000,,0.635,,,,,,true,false,12,2019-04-01,2020-03-31,0
2020-05-08,49170,2019-03-31,,78997000000,-0.029,,,,,7135000000,-0.156,8161000000,-0.119,,5087000000,,108.76,,0.073,0.088,0.090,,93402000000,75810000000,0.749,1496.20,70000000000,6587000000,6921000000,-4020000000,22779000000,,0.552,,,,,,true,false,12,2018-04-01,2019-03-31,-1
2020-05-08,49170,2020-03-31,,50414000000,-0.044,,,,,3326000000,-0.335,4091000000,-0.305,3117000000,,-0.236,68.51,,,,,,66734000000,56961000000,0.854,1269.14,56961000000,,,,,62.00,,,,48269212,3386851,45510213,false,false,12,2019-04-01,2020-03-31,0
2020-05-08,49170,2019-03-31,,52709000000,0.021,,,,,5001000000,-0.150,5887000000,-0.121,4080000000,,-0.175,87.23,,,,,,71401000000,61669000000,0.864,1318.14,61669000000,,,,,60.00,,,,48269212,1483926,46773208,false,false,12,2018-04-01,2019-03-31,-1
2020-07-30,49170,2021-03-31,1,17400000000,-0.208,,,,,1109000000,-0.569,1404000000,-0.504,,897000000,,19.99,,,,,,85250000000,69532000000,0.754,,64299000000,,,,,,,,,,,,true,false,3,2020-04-01,2020-06-30,0
2020-07-30,49170,2020-03-31,1,21966000000,-0.016,,,,,2573000000,-0.345,2829000000,-0.329,,1721000000,,36.91,,,,,,,,,,,,,,,,,,,,,,true,false,3,2019-04-01,2019-06-30,-1
2020-07-30,49170,2021-03-31,1,33000000000,-0.257,,,,,400000000,-0.914,750000000,-0.853,,450000000,,10.03,,,,,,,,,,,,,,,,,,,,,,true,true,6,2020-04-01,2020-09-30,0
2020-07-30,49170,2021-03-31,1,65000000000,-0.205,,,,,1500000000,-0.749,1950000000,-0.709,,1200000000,,26.75,,,,,,,,,,,,,,,,,,,,,,true,true,12,2020-04-01,2021-03-31,0
2020-07-30,49170,2020-03-31,1,,,,,,,,,,,,,,,,,,,,91660000000,73452000000,0.732,,67117000000,,,,,,,,,,,,true,false,12,2019-04-01,2020-03-31,-1
2020-07-30,49170,2020-03-31,1,,,,,,,,,,,,,,,,,,,,,,,,,,,,,62.00,,,,48269212,3386851,,false,false,12,2019-04-01,2020-03-31,-1
2020-07-30,49170,2021-03-31,1,,,,,,,,,,,,,,,,,,,,,,,,,,,,,32.00,,,,,,,false,true,12,2020-04-01,2021-03-31,0
2020-07-30,49170,2021-03-31,1,,,,,,,,,,,,,,,,,,,,,,,,,,,,,,,,,48269212,3403051,44882005,false,false,3,2020-04-01,2020-06-30,0
2020-07-30,49170,2020-03-31,1,,,,,,,,,,,,,,,,,,,,,,,,,,,,,,,,,,,46642877,false,false,3,2019-04-01,2019-06-30,-1
2020-10-29,49170,2021-03-31,2,33548000000,-0.245,,,,,895000000,-0.806,1205000000,-0.764,,2136000000,,47.62,,,,,,86705000000,71350000000,0.757,,65656000000,,,,,,,,,,,,true,false,6,2020-04-01,2020-09-30,0
2020-10-29,49170,2020-03-31,2,44439000000,0.013,,,,,4628000000,-0.302,5107000000,-0.287,,3276000000,,71.05,,,,,,,,,,,,,,,,,,,,,,true,false,6,2019-04-01,2019-09-30,-1
2020-10-29,49170,2021-03-31,2,64000000000,-0.217,,,,,-800000000,,-350000000,,,670000000,,14.93,,,,,,,,,,,,,,,,,,,,,,true,true,12,2020-04-01,2021-03-31,0
2020-10-29,49170,2020-03-31,2,,,,,,,,,,,,,,,,,,,,91660000000,73452000000,0.732,,67117000000,,,,,,,,,,,,true,false,12,2019-04-01,2020-03-31,-1
2020-10-29,49170,2020-03-31,2,,,,,,,,,,,,,,,,,,,,,,,,,,,,,62.00,,,,48269212,3386851,,false,false,12,2019-04-01,2020-03-31,-1
2020-10-29,49170,2021-03-31,2,,,,,,,,,,,,,,,,,,,,,,,,,,,,,16.00,,,,,,,false,false,12,2020-04-01,2021-03-31,0
2020-10-29,49170,2021-03-31,2,,,,,,,,,,,,,,,,,,,,,,,,,,,,,32.00,,,,,,,false,true,12,2020-04-01,2021-03-31,0
2020-10-29,49170,2021-03-31,2,,,,,,,,,,,,,,,,,,,,,,,,,,,,,,,,,48269212,3403051,44874040,false,false,6,2020-04-01,2020-09-30,0
2020-10-29,49170,2020-03-31,2,,,,,,,,,,,,,,,,,,,,,,,,,,,,,,,,,,,46112373,false,false,6,2019-04-01,2019-09-30,-1
2021-02-02,49170,2021-03-31,3,47937000000,-0.236,,,,,813000000,-0.859,1288000000,-0.799,,2316000000,,51.63,,,,,,85404000000,70446000000,0.763,,65140000000,,,,,,,,,,,,true,false,9,2020-04-01,2020-12-31,0
2021-02-02,49170,2020-03-31,3,62724000000,0.027,,,,,5776000000,-0.269,6404000000,-0.266,,4094000000,,89.56,,,,,,,,,,,,,,,,,,,,,,true,false,9,2019-04-01,2019-12-31,-1
2021-02-02,49170,2021-03-31,3,62700000000,-0.233,,,,,-1200000000,,-650000000,,,500000000,,11.14,,,,,,,,,,,,,,,,,,,,,,true,true,12,2020-04-01,2021-03-31,0
2021-02-02,49170,2020-03-31,3,,,,,,,,,,,,,,,,,,,,91660000000,73452000000,0.732,,67117000000,,,,,,,,,,,,true,false,12,2019-04-01,2020-03-31,-1
2021-02-02,49170,2020-03-31,3,,,,,,,,,,,,,,,,,,,,,,,,,,,,,62.00,,,,48269212,3386851,,false,false,12,2019-04-01,2020-03-31,-1
2021-02-02,49170,2021-03-31,3,,,,,,,,,,,,,,,,,,,,,,,,,,,,,16.00,,,,,,,false,false,12,2020-04-01,2021-03-31,0
2021-02-02,49170,2021-03-31,3,,,,,,,,,,,,,,,,,,,,,,,,,,,,,32.00,,,,,,,false,true,12,2020-04-01,2021-03-31,0
2021-02-02,49170,2021-03-31,3,,,,,,,,,,,,,,,,,,,,,,,,,,,,,,,,,48269212,3403107,44871407,false,false,9,2020-04-01,2020-12-31,0
2021-02-02,49170,2020-03-31,3,,,,,,,,,,,,,,,,,,,,,,,,,,,,,,,,,,,45717735,false,false,9,2019-04-01,2019-12-31,-1
2021-04-28,49170,2021-03-31,,63300000000,0.010,,,,,-800000000,,-280000000,,860000000,,0.720,19.17,,,,,,,,,,,,,,,,,,,,,,true,true,12,2020-04-01,2021-03-31,0
2021-04-28,49170,2020-03-31,,81774000000,,,,,,5970000000,,6706000000,,4445000000,,,97.68,,,,,,,,,,,,,,,,,,,,,,true,false,12,2019-04-01,2020-03-31,-1
2021-04-28,49170,2021-03-31,,41700000000,0.017,,,,,,,850000000,1.833,1790000000,,0.377,39.89,,,,,,,,,,,,,,,,,,,,,,false,true,12,2020-04-01,2021-03-31,0
2021-04-28,49170,2020-03-31,,50414000000,,,,,,,,4091000000,,3117000000,,,68.51,,,,,,,,,,,,,,,,,,,,,,false,false,12,2019-04-01,2020-03-31,-1
2021-05-11,49170,2021-03-31,,63310000000,-0.226,,,,,-793000000,,-273000000,,,860000000,,19.17,,0.013,-0.003,-0.013,,87911000000,69713000000,0.731,1431.42,64222000000,6208000000,-5680000000,1125000000,13040000000,,1.669,,,,,,true,false,12,2020-04-01,2021-03-31,0
2021-05-11,49170,2020-03-31,,81774000000,0.035,,,,,5970000000,-0.163,6706000000,-0.178,,4445000000,,97.68,,0.065,0.072,0.073,,91660000000,73452000000,0.732,1495.40,67117000000,6937000000,-9836000000,-8307000000,11657000000,,0.635,,,,,,true,false,12,2019-04-01,2020-03-31,-1
2021-05-11,49170,2022-03-31,,33150000000,-0.012,,,,,960000000,0.072,1110000000,-0.079,,870000000,,19.39,,,,,,,,,,,,,,,,,,,,,,true,true,6,2021-04-01,2021-09-30,1
2021-05-11,49170,2022-03-31,,64000000000,0.011,,,,,950000000,,1220000000,,,720000000,,16.05,,,,,,,,,,,,,,,,2.243,,,,,,true,true,12,2021-04-01,2022-03-31,1
2021-05-11,49170,2021-03-31,,41787000000,-0.171,,,,,116000000,-0.965,822000000,-0.799,1796000000,,-0.424,40.03,,,,,,67525000000,56094000000,0.831,1250.27,56094000000,,,,,32.00,,,,48269212,3403164,44870094,false,false,12,2020-04-01,2021-03-31,0
2021-05-11,49170,2020-03-31,,50414000000,-0.044,,,,,3326000000,-0.335,4091000000,-0.305,3117000000,,-0.236,68.51,,,,,,66734000000,56961000000,0.854,1269.14,56961000000,,,,,62.00,,,,48269212,3386851,45510213,false,false,12,2019-04-01,2020-03-31,-1
2021-05-11,49170,2022-03-31,,22300000000,-0.035,,,,,,,2630000000,0.176,2240000000,,-0.263,49.93,,,,,,,,,,,,,,,,,,,,,,false,true,6,2021-04-01,2021-09-30,1
2021-05-11,49170,2022-03-31,,40500000000,-0.031,,,,,,,2220000000,1.700,1840000000,,0.024,41.01,,,,,,,,,,,,,,,36.00,,,,,,,false,true,12,2021-04-01,2022-03-31,1
2021-07-30,49170,2022-03-31,1,14379000000,-0.174,,,,,-745000000,,-599000000,,,-545000000,,-12.15,,,,,,86999000000,69634000000,0.737,,64153000000,,,,,,,,,,,,true,false,3,2021-04-01,2021-06-30,0
2021-07-30,49170,2021-03-31,1,17400000000,-0.208,,,,,1109000000,-0.569,1404000000,-0.504,,897000000,,19.99,,,,,,,,,,,,,,,,,,,,,,true,false,3,2020-04-01,2020-06-30,-1
2021-07-30,49170,2022-03-31,1,29500000000,-0.121,,,,,-1600000000,,-1250000000,,,-450000000,,-10.03,,,,,,,,,,,,,,,,,,,,,,true,true,6,2021-04-01,2021-09-30,0
2021-07-30,49170,2022-03-31,1,62000000000,-0.021,,,,,0,,300000000,,,850000000,,18.95,,,,,,,,,,,,,,,,,,,,,,true,true,12,2021-04-01,2022-03-31,0
2021-07-30,49170,2021-03-31,1,,,,,,,,,,,,,,,,,,,,87911000000,69713000000,0.731,,64222000000,,,,,,,,,,,,true,false,12,2020-04-01,2021-03-31,-1
2021-07-30,49170,2021-03-31,1,,,,,,,,,,,,,,,,,,,,,,,,,,,,,32.00,,,,48269212,3403164,,false,false,12,2020-04-01,2021-03-31,-1
2021-07-30,49170,2022-03-31,1,,,,,,,,,,,,,,,,,,,,,,,,,,,,,36.00,,,,,,,false,true,12,2021-04-01,2022-03-31,0
2021-07-30,49170,2022-03-31,1,,,,,,,,,,,,,,,,,,,,,,,,,,,,,,,,,48269212,3403164,44866048,false,false,3,2021-04-01,2021-06-30,0
2021-07-30,49170,2021-03-31,1,,,,,,,,,,,,,,,,,,,,,,,,,,,,,,,,,,,44882005,false,false,3,2020-04-01,2020-06-30,-1
2021-07-30,49170,2022-03-31,,19700000000,-0.117,,,,,,,550000000,-0.791,1150000000,,-0.487,25.63,,,,,,,,,,,,,,,,,,,,,,false,true,6,2021-04-01,2021-09-30,0
2021-07-30,49170,2021-03-31,,23102000000,,,,,,,,2236000000,,3041000000,,,69.78,,,,,,,,,,,,,,,,,,,,,,false,false,6,2020-04-01,2020-09-30,-1
2021-07-30,49170,2022-03-31,,40000000000,-0.012,,,,,,,1600000000,-0.279,2200000000,,0.196,49.03,,,,,,,,,,,,,,,,,,,,,,false,true,12,2021-04-01,2022-03-31,0
2021-07-30,49170,2021-03-31,,41787000000,,,,,,,,822000000,,1796000000,,,40.03,,,,,,,,,,,,,,,,,,,,,,false,false,12,2020-04-01,2021-03-31,-1
2021-10-29,4917,2022-03-31,2,29311000000,-0.126,,,,,-646000000,,-358000000,,,326000000,,7.28,,,,,,84738000000,69712000000,0.759,,64290000000,,,,,,,,,,,,true,false,6,2021-04-01,2021-09-30,0
2021-10-29,4917,2021-03-31,2,33548000000,-0.245,,,,,895000000,-0.806,1205000000,-0.764,,2136000000,,47.62,,,,,,,,,,,,,,,,,,,,,,true,false,6,2020-04-01,2020-09-30,-1
2021-10-29,4917,2022-03-31,2,62000000000,-0.021,,,,,0,,300000000,,,850000000,,18.90,,,,,,,,,,,,,,,,,,,,,,true,true,12,2021-04-01,2022-03-31,0
2021-10-29,4917,2021-03-31,2,,,,,,,,,,,,,,,,,,,,87911000000,69713000000,0.731,,64222000000,,,,,,,,,,,,true,false,12,2020-04-01,2021-03-31,-1
2021-10-29,4917,2021-03-31,2,,,,,,,,,,,,,,,,,,,,,,,,,,,,,32.00,,,,48269212,3403164,,false,false,12,2020-04-01,2021-03-31,-1
2021-10-29,4917,2022-03-31,2,,,,,,,,,,,,,,,,,,,,,,,,,,,,,18.00,,,,,,,false,false,12,2021-04-01,2022-03-31,0
2021-10-29,4917,2022-03-31,2,,,,,,,,,,,,,,,,,,,,,,,,,,,,,36.00,,,,,,,false,true,12,2021-04-01,2022-03-31,0
2021-10-29,4917,2022-03-31,2,,,,,,,,,,,,,,,,,,,,,,,,,,,,,,,,,48269212,3285222,44889235,false,false,6,2021-04-01,2021-09-30,0
2021-10-29,4917,2021-03-31,2,,,,,,,,,,,,,,,,,,,,,,,,,,,,,,,,,,,44874040,false,false,6,2020-04-01,2020-09-30,-1
2021-10-29,49170,2022-03-31,,19548000000,-0.008,,,,,,,1266000000,1.302,1818000000,,0.581,40.50,,,,,,,,,,,,,,,,,,,,,,false,true,6,2021-04-01,2021-09-30,0
2021-10-29,49170,2021-03-31,,23102000000,,,,,,,,2236000000,,3041000000,,,69.78,,,,,,,,,,,,,,,,,,,,,,false,false,6,2020-04-01,2020-09-30,-1
2022-02-01,4917,2022-03-31,3,42600000000,-0.111,,,,,-1021000000,,-593000000,,,240000000,,5.35,,,,,,82599000000,68545000000,0.763,,63020000000,,,,,,,,,,,,true,false,9,2021-04-01,2021-12-31,0
2022-02-01,4917,2021-03-31,3,47937000000,-0.236,,,,,813000000,-0.859,1288000000,-0.799,,2316000000,,51.63,,,,,,,,,,,,,,,,,,,,,,true,false,9,2020-04-01,2020-12-31,-1
2022-02-01,4917,2022-03-31,3,58000000000,-0.084,,,,,-2400000000,,-1920000000,,,-650000000,,-14.45,,,,,,,,,,,,,,,,,,,,,,true,true,12,2021-04-01,2022-03-31,0
2022-02-01,4917,2021-03-31,3,,,,,,,,,,,,,,,,,,,,87911000000,69713000000,0.731,,64222000000,,,,,,,,,,,,true,false,12,2020-04-01,2021-03-31,-1
2022-02-01,4917,2021-03-31,3,,,,,,,,,,,,,,,,,,,,,,,,,,,,,32.00,,,,48269212,3403164,,false,false,12,2020-04-01,2021-03-31,-1
2022-02-01,4917,2022-03-31,3,,,,,,,,,,,,,,,,,,,,,,,,,,,,,18.00,,,,,,,false,false,12,2021-04-01,2022-03-31,0
2022-02-01,4917,2022-03-31,3,,,,,,,,,,,,,,,,,,,,,,,,,,,,,36.00,,,,,,,false,true,12,2021-04-01,2022-03-31,0
2022-02-01,4917,2022-03-31,3,,,,,,,,,,,,,,,,,,,,,,,,,,,,,,,,,48269212,3285292,44920925,false,false,9,2021-04-01,2021-12-31,0
2022-02-01,4917,2021-03-31,3,,,,,,,,,,,,,,,,,,,,,,,,,,,,,,,,,,,44871407,false,false,9,2020-04-01,2020-12-31,-1
2022-05-11,4917,2022-03-31,,57361000000,-0.094,,,,,-2308000000,,-1856000000,,,-621000000,,-13.84,,-0.010,-0.021,-0.040,,85767000000,69051000000,0.738,1407.65,63321000000,7693000000,-185000000,-5385000000,16015000000,,,,,,,,true,false,12,2021-04-01,2022-03-31,0
2022-05-11,4917,2021-03-31,,63310000000,-0.226,,,,,-793000000,,-273000000,,,860000000,,19.17,,0.013,-0.003,-0.013,,87911000000,69713000000,0.731,1431.42,64222000000,6208000000,-5680000000,1125000000,13040000000,,1.669,,,,,,true,false,12,2020-04-01,2021-03-31,-1
2022-05-11,4917,2023-03-31,,32000000000,0.092,,,,,800000000,,1000000000,,,680000000,,15.12,,,,,,,,,,,,,,,,,,,,,,true,true,6,2022-04-01,2022-09-30,1
2022-05-11,4917,2023-03-31,,65000000000,0.133,,,,,1000000000,,1350000000,,,750000000,,16.67,,,,,,,,,,,,,,,,2.280,,,,,,true,true,12,2022-04-01,2023-03-31,1
2022-05-11,4917,2022-03-31,,36102000000,-0.136,,,,,-1266000000,,369000000,-0.551,1344000000,,-0.251,29.92,,,,,,63661000000,54661000000,0.859,1215.14,54661000000,,,,,36.00,,,,48269212,3285292,44936458,false,false,12,2021-04-01,2022-03-31,0
2022-05-11,4917,2021-03-31,,41787000000,-0.171,,,,,116000000,-0.965,822000000,-0.799,1796000000,,-0.424,40.03,,,,,,67525000000,56094000000,0.831,1250.27,56094000000,,,,,32.00,,,,48269212,3403164,44870094,false,false,12,2020-04-01,2021-03-31,-1
2022-05-11,4917,2023-03-31,,21000000000,0.074,,,,,,,1000000000,-0.210,750000000,,-0.587,16.67,,,,,,,,,,,,,,,,,,,,,,false,true,6,2022-04-01,2022-09-30,1
2022-05-11,4917,2023-03-31,,39000000000,0.080,,,,,,,870000000,1.357,650000000,,-0.517,14.45,,,,,,,,,,,,,,,38.00,,,,,,,false,true,12,2022-04-01,2023-03-31,1
2022-07-29,4917,2023-03-31,1,16050000000,0.116,,,,,694000000,,789000000,,,638000000,,14.20,,,,,,87284000000,70745000000,0.741,,64711000000,,,,,,,,,,,,true,false,3,2022-04-01,2022-06-30,0
2022-07-29,4917,2022-03-31,1,14379000000,-0.174,,,,,-745000000,,-599000000,,,-545000000,,-12.15,,,,,,,,,,,,,,,,,,,,,,true,false,3,2021-04-01,2021-06-30,-1
2022-07-29,4917,2023-03-31,1,32000000000,0.092,,,,,800000000,,1000000000,,,680000000,,15.12,,,,,,,,,,,,,,,,,,,,,,true,true,6,2022-04-01,2022-09-30,0
2022-07-29,4917,2023-03-31,1,65000000000,0.133,,,,,1000000000,,1350000000,,,750000000,,16.67,,,,,,,,,,,,,,,,,,,,,,true,true,12,2022-04-01,2023-03-31,0
2022-07-29,4917,2022-03-31,1,,,,,,,,,,,,,,,,,,,,85767000000,69051000000,0.738,,63321000000,,,,,,,,,,,,true,false,12,2021-04-01,2022-03-31,-1
2022-07-29,4917,2022-03-31,1,,,,,,,,,,,,,,,,,,,,,,,,,,,,,36.00,,,,48269212,3285292,,false,false,12,2021-04-01,2022-03-31,-1
2022-07-29,4917,2023-03-31,1,,,,,,,,,,,,,,,,,,,,,,,,,,,,,38.00,,,,,,,false,true,12,2022-04-01,2023-03-31,0
2022-07-29,4917,2023-03-31,1,,,,,,,,,,,,,,,,,,,,,,,,,,,,,,,,,48269212,3303592,44983719,false,false,3,2022-04-01,2022-06-30,0
2022-07-29,4917,2022-03-31,1,,,,,,,,,,,,,,,,,,,,,,,,,,,,,,,,,,,44866048,false,false,3,2021-04-01,2021-06-30,-1
2022-11-02,4917,2023-03-31,2,32652000000,0.114,,,,,1038000000,,1362000000,,,974000000,,21.66,,,,,,91786000000,73609000000,0.732,,67201000000,,,,,,,,,,,,true,false,6,2022-04-01,2022-09-30,0
2022-11-02,4917,2022-03-31,2,29311000000,-0.126,,,,,-646000000,,-358000000,,,326000000,,7.28,,,,,,,,,,,,,,,,,,,,,,true,false,6,2021-04-01,2021-09-30,-1
2022-11-02,4917,2023-03-31,2,65000000000,0.133,,,,,1000000000,,1350000000,,,750000000,,16.67,,,,,,,,,,,,,,,,,,,,,,true,true,12,2022-04-01,2023-03-31,0
2022-11-02,4917,2022-03-31,2,,,,,,,,,,,,,,,,,,,,85767000000,69051000000,0.738,,63321000000,,,,,,,,,,,,true,false,12,2021-04-01,2022-03-31,-1
2022-11-02,4917,2022-03-31,2,,,,,,,,,,,,,,,,,,,,,,,,,,,,,36.00,,,,48269212,3285292,,false,false,12,2021-04-01,2022-03-31,-1
2022-11-02,4917,2023-03-31,2,,,,,,,,,,,,,,,,,,,,,,,,,,,,,19.00,,,,,,,false,false,12,2022-04-01,2023-03-31,0
2022-11-02,4917,2023-03-31,2,,,,,,,,,,,,,,,,,,,,,,,,,,,,,38.00,,,,,,,false,true,12,2022-04-01,2023-03-31,0
2022-11-02,4917,2023-03-31,2,,,,,,,,,,,,,,,,,,,,,,,,,,,,,,,,,48269212,3303630,44974607,false,false,6,2022-04-01,2022-09-30,0
2022-11-02,4917,2022-03-31,2,,,,,,,,,,,,,,,,,,,,,,,,,,,,,,,,,,,44889235,false,false,6,2021-04-01,2021-09-30,-1
2023-02-02,4917,2023-03-31,3,49772000000,0.168,,,,,1757000000,,2309000000,,,1410000000,,31.37,,,,,,92973000000,74112000000,0.725,,67402000000,,,,,,,,,,,,true,false,9,2022-04-01,2022-12-31,0
2023-02-02,4917,2022-03-31,3,42600000000,-0.111,,,,,-1021000000,,-593000000,,,240000000,,5.35,,,,,,,,,,,,,,,,,,,,,,true,false,9,2021-04-01,2021-12-31,-1
2023-02-02,4917,2023-03-31,3,65000000000,0.133,,,,,800000000,,1600000000,,,500000000,,11.12,,,,,,,,,,,,,,,,,,,,,,true,true,12,2022-04-01,2023-03-31,0
2023-02-02,4917,2022-03-31,3,,,,,,,,,,,,,,,,,,,,85767000000,69051000000,0.738,,63321000000,,,,,,,,,,,,true,false,12,2021-04-01,2022-03-31,-1
2023-02-02,4917,2022-03-31,3,,,,,,,,,,,,,,,,,,,,,,,,,,,,,36.00,,,,48269212,3285292,,false,false,12,2021-04-01,2022-03-31,-1
2023-02-02,4917,2023-03-31,3,,,,,,,,,,,,,,,,,,,,,,,,,,,,,19.00,,,,,,,false,false,12,2022-04-01,2023-03-31,0
2023-02-02,4917,2023-03-31,3,,,,,,,,,,,,,,,,,,,,,,,,,,,,,38.00,,,,,,,false,true,12,2022-04-01,2023-03-31,0
2023-02-02,4917,2023-03-31,3,,,,,,,,,,,,,,,,,,,,,,,,,,,,,,,,,48269212,3303790,44971546,false,false,9,2022-04-01,2022-12-31,0
2023-02-02,4917,2022-03-31,3,,,,,,,,,,,,,,,,,,,,,,,,,,,,,,,,,,,44920925,false,false,9,2021-04-01,2021-12-31,-1
2023-02-02,49170,2023-03-31,,39000000000,0.000,,,,,,,600000000,-0.310,-50000000,,,-1.11,,,,,,,,,,,,,,,,,,,,,,false,true,12,2022-04-01,2023-03-31,0
2023-02-02,49170,2022-03-31,,36102000000,,,,,,,,369000000,,1344000000,,,29.92,,,,,,,,,,,,,,,,,,,,,,false,false,12,2021-04-01,2022-03-31,-1
2023-05-12,4917,2023-03-31,,67047000000,0.169,,,,,1409000000,,2207000000,,,958000000,,21.31,,0.015,0.025,0.021,,91005000000,71184000000,0.716,1448.35,65125000000,4065000000,-1257000000,-2072000000,17481000000,,1.783,,,,,,true,false,12,2022-04-01,2023-03-31,0
2023-05-12,4917,2022-03-31,,57361000000,-0.094,,,,,-2308000000,,-1856000000,,,-621000000,,-13.84,,-0.010,-0.021,-0.040,,85767000000,69051000000,0.738,1407.65,63321000000,7693000000,-185000000,-5385000000,16015000000,,,,,,,,true,false,12,2021-04-01,2022-03-31,-1
2023-05-12,4917,2024-03-31,,35500000000,0.087,,,,,1420000000,0.367,1750000000,0.285,,1300000000,,28.91,,,,,,,,,,,,,,,,,,,,,,true,true,6,2023-04-01,2023-09-30,1
2023-05-12,4917,2024-03-31,,71000000000,0.059,,,,,2100000000,0.490,2590000000,0.173,,1660000000,,36.92,,,,,,,,,,,,,,,,1.083,,,,,,true,true,12,2023-04-01,2024-03-31,1
2023-05-12,4917,2023-03-31,,40310000000,0.117,,,,,952000000,,1523000000,3.128,561000000,,-0.582,12.49,,,,,,64244000000,54178000000,0.843,1204.89,54178000000,,,,,38.00,,,,48269212,3303802,44970036,false,false,12,2022-04-01,2023-03-31,0
2023-05-12,4917,2022-03-31,,36102000000,-0.136,,,,,-1266000000,,369000000,-0.551,1344000000,,-0.251,29.92,,,,,,63661000000,54661000000,0.859,1215.14,54661000000,,,,,36.00,,,,48269212,3285292,44936458,false,false,12,2021-04-01,2022-03-31,-1
2023-05-12,4917,2024-03-31,,22000000000,0.047,,,,,,,1920000000,0.553,1510000000,,0.753,33.58,,,,,,,,,,,,,,,,,,,,,,false,true,6,2023-04-01,2023-09-30,1
2023-05-12,4917,2024-03-31,,42000000000,0.042,,,,,,,1950000000,0.280,1540000000,,1.742,34.25,,,,,,,,,,,,,,,40.00,,,,,,,false,true,12,2023-04-01,2024-03-31,1
2023-07-31,4917,2024-03-31,1,18455000000,0.150,,,,,1033000000,0.487,1230000000,0.559,,911000000,,20.27,,,,,,91718000000,72654000000,0.724,,66396000000,,,,,,,,,,,,true,false,3,2023-04-01,2023-06-30,0
2023-07-31,4917,2023-03-31,1,16050000000,0.116,,,,,694000000,,789000000,,,638000000,,14.20,,,,,,,,,,,,,,,,,,,,,,true,false,3,2022-04-01,2022-06-30,-1
2023-07-31,4917,2024-03-31,1,35500000000,0.087,,,,,1420000000,0.367,1750000000,0.285,,1300000000,,28.91,,,,,,,,,,,,,,,,,,,,,,true,true,6,2023-04-01,2023-09-30,0
2023-07-31,4917,2024-03-31,1,71000000000,0.059,,,,,2100000000,0.490,2590000000,0.173,,1660000000,,36.92,,,,,,,,,,,,,,,,,,,,,,true,true,12,2023-04-01,2024-03-31,0
2023-07-31,4917,2023-03-31,1,,,,,,,,,,,,,,,,,,,,91005000000,71184000000,0.716,,65125000000,,,,,,,,,,,,true,false,12,2022-04-01,2023-03-31,-1
2023-07-31,4917,2023-03-31,1,,,,,,,,,,,,,,,,,,,,,,,,,,,,,38.00,,,,48269212,3303802,,false,false,12,2022-04-01,2023-03-31,-1
2023-07-31,4917,2024-03-31,1,,,,,,,,,,,,,,,,,,,,,,,,,,,,,40.00,,,,,,,false,true,12,2023-04-01,2024-03-31,0
2023-07-31,4917,2024-03-31,1,,,,,,,,,,,,,,,,,,,,,,,,,,,,,,,,,48269212,3303802,44965410,false,false,3,2023-04-01,2023-06-30,0
2023-07-31,4917,2023-03-31,1,,,,,,,,,,,,,,,,,,,,,,,,,,,,,,,,,,,44983719,false,false,3,2022-04-01,2022-06-30,-1
2023-10-31,4917,2024-03-31,2,37133000000,0.137,,,,,1645000000,0.584,2064000000,0.515,,1584000000,,35.23,,,,,,94562000000,75210000000,0.724,,68431000000,,,,,,,,,,,,true,false,6,2023-04-01,2023-09-30,0
2023-10-31,4917,2023-03-31,2,32652000000,0.114,,,,,1038000000,,1362000000,,,974000000,,21.66,,,,,,,,,,,,,,,,,,,,,,true,false,6,2022-04-01,2022-09-30,-1
2023-10-31,4917,2024-03-31,2,72700000000,0.084,,,,,1460000000,0.036,2280000000,0.033,,1660000000,,36.92,,,,,,,,,,,,,,,,,,,,,,true,true,12,2023-04-01,2024-03-31,0
2023-10-31,4917,2023-03-31,2,,,,,,,,,,,,,,,,,,,,91005000000,71184000000,0.716,,65125000000,,,,,,,,,,,,true,false,12,2022-04-01,2023-03-31,-1
2023-10-31,4917,2023-03-31,2,,,,,,,,,,,,,,,,,,,,,,,,,,,,,38.00,,,,48269212,3303802,,false,false,12,2022-04-01,2023-03-31,-1
2023-10-31,4917,2024-03-31,2,,,,,,,,,,,,,,,,,,,,,,,,,,,,,20.00,,,,,,,false,false,12,2023-04-01,2024-03-31,0
2023-10-31,4917,2024-03-31,2,,,,,,,,,,,,,,,,,,,,,,,,,,,,,40.00,,,,,,,false,true,12,2023-04-01,2024-03-31,0
2023-10-31,4917,2024-03-31,2,,,,,,,,,,,,,,,,,,,,,,,,,,,,,,,,,48269212,3300602,44966670,false,false,6,2023-04-01,2023-09-30,0
2023-10-31,4917,2023-03-31,2,,,,,,,,,,,,,,,,,,,,,,,,,,,,,,,,,,,44974607,false,false,6,2022-04-01,2022-09-30,-1
2023-10-31,49170,2024-03-31,,72700000000,0.024,,,,,1460000000,-0.305,2280000000,-0.120,,1660000000,,36.92,,,,,,,,,,,,,,,,,,,,,,true,true,12,2023-04-01,2024-03-31,0
2023-10-31,49170,2023-03-31,,67047000000,,,,,,1409000000,,2207000000,,,958000000,,21.31,,,,,,,,,,,,,,,,,,,,,,true,false,12,2022-04-01,2023-03-31,-1
2023-10-31,49170,2024-03-31,,22231000000,0.011,,,,,,,1213000000,-0.368,967000000,,-0.359,21.52,,,,,,,,,,,,,,,,,,,,,,false,true,6,2023-04-01,2023-09-30,0
2023-10-31,49170,2023-03-31,,21008000000,,,,,,,,1236000000,,861000000,,,19.15,,,,,,,,,,,,,,,,,,,,,,false,false,6,2022-04-01,2022-09-30,-1
2023-10-31,49170,2024-03-31,,42200000000,0.005,,,,,,,1240000000,-0.364,990000000,,-0.357,22.02,,,,,,,,,,,,,,,,,,,,,,false,true,12,2023-04-01,2024-03-31,0
2023-10-31,49170,2023-03-31,,40310000000,,,,,,,,1523000000,,561000000,,,12.49,,,,,,,,,,,,,,,,,,,,,,false,false,12,2022-04-01,2023-03-31,-1
2024-02-02,4917,2024-03-31,3,54672000000,0.098,,,,,2203000000,0.254,2962000000,0.283,,2154000000,,47.92,,,,,,94327000000,74958000000,0.723,,68197000000,,,,,,,,,,,,true,false,9,2023-04-01,2023-12-31,0
2024-02-02,4917,2023-03-31,3,49772000000,0.168,,,,,1757000000,,2309000000,,,1410000000,,31.37,,,,,,,,,,,,,,,,,,,,,,true,false,9,2022-04-01,2022-12-31,-1
2024-02-02,4917,2024-03-31,3,72700000000,0.084,,,,,1460000000,0.036,2280000000,0.033,,1660000000,,36.92,,,,,,,,,,,,,,,,,,,,,,true,true,12,2023-04-01,2024-03-31,0
2024-02-02,4917,2023-03-31,3,,,,,,,,,,,,,,,,,,,,91005000000,71184000000,0.716,,65125000000,,,,,,,,,,,,true,false,12,2022-04-01,2023-03-31,-1
2024-02-02,4917,2023-03-31,3,,,,,,,,,,,,,,,,,,,,,,,,,,,,,38.00,,,,48269212,3303802,,false,false,12,2022-04-01,2023-03-31,-1
2024-02-02,4917,2024-03-31,3,,,,,,,,,,,,,,,,,,,,,,,,,,,,,20.00,,,,,,,false,false,12,2023-04-01,2024-03-31,0
2024-02-02,4917,2024-03-31,3,,,,,,,,,,,,,,,,,,,,,,,,,,,,,40.00,,,,,,,false,true,12,2023-04-01,2024-03-31,0
2024-02-02,4917,2024-03-31,3,,,,,,,,,,,,,,,,,,,,,,,,,,,,,,,,,48269212,3300622,44967315,false,false,9,2023-04-01,2023-12-31,0
2024-02-02,4917,2023-03-31,3,,,,,,,,,,,,,,,,,,,,,,,,,,,,,,,,,,,44971546,false,false,9,2022-04-01,2022-12-31,-1
2024-03-22,49170,2024-03-31,,73000000000,0.004,,,,,1650000000,0.130,2600000000,0.140,,2200000000,,48.92,,,,,,,,,,,,,,,,,,,,,,true,true,12,2023-04-01,2024-03-31,0
2024-03-22,49170,2023-03-31,,67047000000,,,,,,1409000000,,2207000000,,,958000000,,21.31,,,,,,,,,,,,,,,,,,,,,,true,false,12,2022-04-01,2023-03-31,-1
2024-03-22,49170,2024-03-31,,42300000000,0.002,,,,,,,1260000000,0.016,1450000000,,0.465,32.25,,,,,,,,,,,,,,,,,,,,,,false,true,12,2023-04-01,2024-03-31,0
2024-03-22,49170,2023-03-31,,40310000000,,,,,,,,1523000000,,561000000,,,12.49,,,,,,,,,,,,,,,,,,,,,,false,false,12,2022-04-01,2023-03-31,-1
2024-05-14,4917,2024-03-31,,73233000000,0.092,,,,,2020000000,0.433,2981000000,0.351,,2601000000,,57.84,,0.040,0.032,0.028,,93265000000,73207000000,0.713,1479.21,66517000000,6812000000,-887000000,-2110000000,22006000000,,0.692,,,,,,true,false,12,2023-04-01,2024-03-31,0
2024-05-14,4917,2023-03-31,,67047000000,0.169,,,,,1409000000,,2207000000,,,958000000,,21.31,,0.015,0.025,0.021,,91005000000,71184000000,0.716,1448.35,65125000000,4065000000,-1257000000,-2072000000,17481000000,,1.783,,,,,,true,false,12,2022-04-01,2023-03-31,-1
2024-05-14,4917,2025-03-31,,77000000000,0.051,,,,,780000000,-0.614,1580000000,-0.470,,910000000,,20.24,,,,,,,,,,,,,,,,1.976,,,,,,true,true,12,2024-04-01,2025-03-31,1
2024-05-14,4917,2024-03-31,,42586000000,0.056,,,,,594000000,-0.376,1602000000,0.052,1800000000,,2.206,40.04,,,,,,62453000000,53184000000,0.852,1182.71,53184000000,,,,,40.00,,,,48269212,3300668,44967623,false,false,12,2023-04-01,2024-03-31,0
2024-05-14,4917,2023-03-31,,40310000000,0.117,,,,,952000000,,1523000000,3.128,561000000,,-0.582,12.49,,,,,,64244000000,54178000000,0.843,1204.89,54178000000,,,,,38.00,,,,48269212,3303802,44970036,false,false,12,2022-04-01,2023-03-31,-1
2024-05-14,4917,2025-03-31,,,,,,,,,,,,,,,,,,,,,,,,,,,,,,40.00,,,,,,,false,true,12,2024-04-01,2025-03-31,1
2024-08-06,4917,2025-03-31,1,19265000000,0.044,,,,,696000000,-0.325,1016000000,-0.174,,666000000,,14.83,,,,,,94303000000,74423000000,0.717,,67619000000,,,,,,,,,,,,true,false,3,2024-04-01,2024-06-30,0
2024-08-06,4917,2024-03-31,1,18455000000,0.150,,,,,1033000000,0.487,1230000000,0.559,,911000000,,20.27,,,,,,,,,,,,,,,,,,,,,,true,false,3,2023-04-01,2023-06-30,-1
2024-08-06,4917,2025-03-31,1,77000000000,0.051,,,,,780000000,-0.614,1580000000,-0.470,,910000000,,20.24,,,,,,,,,,,,,,,,,,,,,,true,true,12,2024-04-01,2025-03-31,0
2024-08-06,4917,2024-03-31,1,,,,,,,,,,,,,,,,,,,,93265000000,73207000000,0.713,,66517000000,,,,,,,,,,,,true,false,12,2023-04-01,2024-03-31,-1
2024-08-06,4917,2024-03-31,1,,,,,,,,,,,,,,,,,,,,,,,,,,,,,40.00,,,,48269212,3300668,,false,false,12,2023-04-01,2024-03-31,-1
2024-08-06,4917,2025-03-31,1,,,,,,,,,,,,,,,,,,,,,,,,,,,,,40.00,,,,,,,false,true,12,2024-04-01,2025-03-31,0
2024-08-06,4917,2025-03-31,1,,,,,,,,,,,,,,,,,,,,,,,,,,,,,,,,,48269212,3346898,44963566,false,false,3,2024-04-01,2024-06-30,0
2024-08-06,4917,2024-03-31,1,,,,,,,,,,,,,,,,,,,,,,,,,,,,,,,,,,,44965410,false,false,3,2023-04-01,2023-06-30,-1
2024-11-06,4917,2025-03-31,2,39181000000,0.055,,,,,1433000000,-0.128,2086000000,0.011,,1562000000,,34.74,,,,,,97754000000,77241000000,0.719,,70316000000,,,,,,,,,,,,true,false,6,2024-04-01,2024-09-30,0
2024-11-06,4917,2024-03-31,2,37133000000,0.137,,,,,1645000000,0.584,2064000000,0.515,,1584000000,,35.23,,,,,,,,,,,,,,,,,,,,,,true,false,6,2023-04-01,2023-09-30,-1
2024-11-06,4917,2025-03-31,2,77000000000,0.051,,,,,780000000,-0.614,1580000000,-0.470,,910000000,,20.24,,,,,,,,,,,,,,,,,,,,,,true,true,12,2024-04-01,2025-03-31,0
2024-11-06,4917,2024-03-31,2,,,,,,,,,,,,,,,,,,,,93265000000,73207000000,0.713,,66517000000,,,,,,,,,,,,true,false,12,2023-04-01,2024-03-31,-1
2024-11-06,4917,2024-03-31,2,,,,,,,,,,,,,,,,,,,,,,,,,,,,,40.00,,,,48269212,3300668,,false,false,12,2023-04-01,2024-03-31,-1
2024-11-06,4917,2025-03-31,2,,,,,,,,,,,,,,,,,,,,,,,,,,,,,20.00,,,,,,,false,false,12,2024-04-01,2025-03-31,0
2024-11-06,4917,2025-03-31,2,,,,,,,,,,,,,,,,,,,,,,,,,,,,,40.00,,,,,,,false,true,12,2024-04-01,2025-03-31,0
2024-11-06,4917,2025-03-31,2,,,,,,,,,,,,,,,,,,,,,,,,,,,,,,,,,48269212,3131836,44988654,false,false,6,2024-04-01,2024-09-30,0
2024-11-06,4917,2024-03-31,2,,,,,,,,,,,,,,,,,,,,,,,,,,,,,,,,,,,44966670,false,false,6,2023-04-01,2023-09-30,-1
2025-02-07,4917,2025-03-31,3,57133000000,0.045,,,,,1336000000,-0.394,2152000000,-0.274,,1820000000,,40.43,,,,,,95908000000,75034000000,0.715,,68591000000,,,,,,,,,,,,true,false,9,2024-04-01,2024-12-31,0
2025-02-07,4917,2024-03-31,3,54672000000,0.098,,,,,2203000000,0.254,2962000000,0.283,,2154000000,,47.92,,,,,,,,,,,,,,,,,,,,,,true,false,9,2023-04-01,2023-12-31,-1
2025-02-07,4917,2025-03-31,3,77000000000,0.051,,,,,780000000,-0.614,1580000000,-0.470,,910000000,,20.24,,,,,,,,,,,,,,,,,,,,,,true,true,12,2024-04-01,2025-03-31,0
2025-02-07,4917,2024-03-31,3,,,,,,,,,,,,,,,,,,,,93265000000,73207000000,0.713,,66517000000,,,,,,,,,,,,true,false,12,2023-04-01,2024-03-31,-1
2025-02-07,4917,2024-03-31,3,,,,,,,,,,,,,,,,,,,,,,,,,,,,,40.00,,,,48269212,3300668,,false,false,12,2023-04-01,2024-03-31,-1
2025-02-07,4917,2025-03-31,3,,,,,,,,,,,,,,,,,,,,,,,,,,,,,20.00,,,,,,,false,false,12,2024-04-01,2025-03-31,0
2025-02-07,4917,2025-03-31,3,,,,,,,,,,,,,,,,,,,,,,,,,,,,,40.00,,,,,,,false,true,12,2024-04-01,2025-03-31,0
2025-02-07,4917,2025-03-31,3,,,,,,,,,,,,,,,,,,,,,,,,,,,,,,,,,48269212,3131836,45038408,false,false,9,2024-04-01,2024-12-31,0
2025-02-07,4917,2024-03-31,3,,,,,,,,,,,,,,,,,,,,,,,,,,,,,,,,,,,44967315,false,false,9,2023-04-01,2023-12-31,-1
2025-04-24,49170,2025-03-31,,76180000000,-0.011,,,,,1020000000,0.308,2180000000,0.380,,1860000000,,41.28,,,,,,,,,,,,,,,,,,,,,,true,true,12,2024-04-01,2025-03-31,0
2025-04-24,49170,2024-03-31,,73233000000,,,,,,2020000000,,2981000000,,,2601000000,,57.84,,,,,,,,,,,,,,,,,,,,,,true,false,12,2023-04-01,2024-03-31,-1
2025-05-13,4917,2025-03-31,,76183000000,0.040,,,,,1028000000,-0.491,2180000000,-0.268,,1859000000,,41.27,,0.027,0.023,0.013,,97492000000,76673000000,0.717,1548.31,69886000000,4924000000,-2085000000,-2204000000,23810000000,,0.969,,,,,,true,false,12,2024-04-01,2025-03-31,0
2025-05-13,4917,2024-03-31,,73233000000,0.092,,,,,2020000000,0.433,2981000000,0.351,,2601000000,,57.84,,0.040,0.032,0.028,,93265000000,73207000000,0.713,1479.21,66517000000,6812000000,-887000000,-2110000000,22006000000,,0.692,,,,,,true,false,12,2023-04-01,2024-03-31,-1
2025-05-13,4917,2026-03-31,,84320000000,0.107,,,,,3500000000,2.404,4180000000,0.917,,2810000000,,62.25,,,,,,,,,,,,,,,,0.643,,,,,,true,true,12,2025-04-01,2026-03-31,1
2025-05-13,4917,2025-03-31,,45341000000,0.065,,,,,1604000000,1.698,3143000000,0.961,2587000000,,0.437,57.41,,,,,,63370000000,54036000000,0.853,1197.17,54036000000,,,,,40.00,,,,48269212,3131990,45062800,false,false,12,2024-04-01,2025-03-31,0
2025-05-13,4917,2024-03-31,,42586000000,0.056,,,,,594000000,-0.376,1602000000,0.052,1800000000,,2.206,40.04,,,,,,62453000000,53184000000,0.852,1182.71,53184000000,,,,,40.00,,,,48269212,3300668,44967623,false,false,12,2023-04-01,2024-03-31,-1
2025-05-13,4917,2026-03-31,,,,,,,,,,,,,,,,,,,,,,,,,,,,,,40.00,,,,,,,false,true,12,2025-04-01,2026-03-31,1
2025-08-07,4917,2026-03-31,1,21231000000,0.102,,,,,1016000000,0.459,1307000000,0.287,,826000000,,18.31,,,,,,94588000000,75008000000,0.725,,68607000000,,,,,,,,,,,,true,false,3,2025-04-01,2025-06-30,0
2025-08-07,4917,2025-03-31,1,19265000000,0.044,,,,,696000000,-0.325,1016000000,-0.174,,666000000,,14.83,,,,,,,,,,,,,,,,,,,,,,true,false,3,2024-04-01,2024-06-30,-1
2025-08-07,4917,2026-03-31,1,84320000000,0.107,,,,,3500000000,2.404,4180000000,0.917,,2810000000,,62.25,,,,,,,,,,,,,,,,,,,,,,true,true,12,2025-04-01,2026-03-31,0
2025-08-07,4917,2025-03-31,1,,,,,,,,,,,,,,,,,,,,97492000000,76673000000,0.717,,69886000000,,,,,,,,,,,,true,false,12,2024-04-01,2025-03-31,-1
2025-08-07,4917,2025-03-31,1,,,,,,,,,,,,,,,,,,,,,,,,,,,,,40.00,,,,48269212,3131990,,false,false,12,2024-04-01,2025-03-31,-1
2025-08-07,4917,2026-03-31,1,,,,,,,,,,,,,,,,,,,,,,,,,,,,,40.00,,,,,,,false,true,12,2025-04-01,2026-03-31,0
2025-08-07,4917,2026-03-31,1,,,,,,,,,,,,,,,,,,,,,,,,,,,,,,,,,48269212,3131990,45137222,false,false,3,2025-04-01,2025-06-30,0
2025-08-07,4917,2025-03-31,1,,,,,,,,,,,,,,,,,,,,,,,,,,,,,,,,,,,44963566,false,false,3,2024-04-01,2024-06-30,-1
