filing_date,code,fiscal_year_end,quarterly_period,net_sales,net_sales_change,revenue,revenue_change,operating_revenue,operating_revenue_change,operating_profit,operating_profit_change,ordinary_profit,ordinary_profit_change,net_income,net_income_of_parent,net_income_change,eps,diluted_eps,roe,roa,operating_profit_to_net_sales,operating_profit_to_revenue,total_assets,net_assets,equity_ratio,bps,owner_equity,operating_cash_flow,investing_cash_flow,financing_cash_flow,cash,dividend_per_share,payout_ratio,commemorative_dividend,extra_dividend,number_of_shares,number_of_treqsury_shares,avg_number_of_shares,is_consolidated,is_forecast,duration,period_start,period_end,period_pos
2015-07-31,49220,2016-03-31,1,56487000000,0.275,,,,,8543000000,1.979,8975000000,2.193,,4868000000,,85.35,,,,,,205399000000,153012000000,0.696,2505.60,142931000000,,,,,,,,,,,,true,false,3,2015-04-01,2015-06-30,0
2015-07-31,49220,2015-03-31,1,44316000000,0.050,,,,,2868000000,0.230,2810000000,-0.132,,1142000000,,20.03,,,,,,,,,,,,,,,,,,,,,,true,false,3,2014-04-01,2014-06-30,-1
2015-07-31,49220,2016-03-31,1,111000000000,0.182,,,,,13000000000,0.845,13800000000,0.703,,7700000000,,134.98,,,,,,,,,,,,,,,,,,,,,,true,true,6,2015-04-01,2015-09-30,0
2015-07-31,49220,2016-03-31,1,230000000000,0.107,,,,,28000000000,0.236,28600000000,0.139,,16200000000,,283.99,,,,,,,,,,,,,,,,,,,,,,true,true,12,2015-04-01,2016-03-31,0
2015-07-31,49220,2015-03-31,1,,,,,,,,,,,,,,,,,,,,205006000000,149637000000,0.683,2455.34,140065000000,,,,,,,,,,,,true,false,12,2014-04-01,2015-03-31,-1
2015-07-31,49220,2015-03-31,1,,,,,,,,,,,,,,,,,,,,,,,,,,,,,64.00,,,,60592541,3547427,,false,false,12,2014-04-01,2015-03-31,-1
2015-07-31,49220,2016-03-31,1,,,,,,,,,,,,,,,,,,,,,,,,,,,,,74.00,,,,,,,false,true,12,2015-04-01,2016-03-31,0
2015-07-31,49220,2016-03-31,1,,,,,,,,,,,,,,,,,,,,,,,,,,,,,,,,,60592541,3547612,57044996,false,false,3,2015-04-01,2015-06-30,0
2015-07-31,49220,2015-03-31,1,,,,,,,,,,,,,,,,,,,,,,,,,,,,,,,,,,,57045729,false,false,3,2014-04-01,2014-06-30,-1
2015-07-31,49220,2016-03-31,,111000000000,0.119,,,,,13000000000,0.733,13800000000,0.725,,7700000000,,134.98,,,,,,,,,,,,,,,,,,,,,,true,true,6,2015-04-01,2015-09-30,0
2015-07-31,49220,2015-03-31,,93943000000,,,,,,7046000000,,8104000000,,,4140000000,,72.57,,,,,,,,,,,,,,,,,,,,,,true,false,6,2014-04-01,2014-09-30,-1
2015-07-31,49220,2016-03-31,,230000000000,0.065,,,,,28000000000,0.167,28600000000,0.163,,16200000000,,283.99,,,,,,,,,,,,,,,,,,,,,,true,true,12,2015-04-01,2016-03-31,0
2015-07-31,49220,2015-03-31,,207821000000,,,,,,22647000000,,25106000000,,,12057000000,,211.37,,,,,,,,,,,,,,,,,,,,,,true,false,12,2014-04-01,2015-03-31,-1
2015-10-22,49220,2016-03-31,,115400000000,0.040,,,,,18000000000,0.385,18600000000,0.348,,10900000000,,191.08,,,,,,,,,,,,,,,,,,,,,,true,true,6,2015-04-01,2015-09-30,0
2015-10-22,49220,2015-03-31,,93943000000,,,,,,7046000000,,8104000000,,,4140000000,,72.57,,,,,,,,,,,,,,,,,,,,,,true,false,6,2014-04-01,2014-09-30,-1
2015-10-30,49220,2016-03-31,2,115407000000,0.228,,,,,18045000000,1.561,18691000000,1.306,,10951000000,,191.98,,,,,,212856000000,159529000000,0.700,2610.45,148911000000,,,,,,,,,,,,true,false,6,2015-04-01,2015-09-30,0
2015-10-30,49220,2015-03-31,2,93943000000,0.055,,,,,7046000000,0.046,8104000000,-0.021,,4140000000,,72.57,,,,,,,,,,,,,,,,,,,,,,true,false,6,2014-04-01,2014-09-30,-1
2015-10-30,49220,2016-03-31,2,235000000000,0.131,,,,,33000000000,0.457,33600000000,0.338,,19200000000,,336.58,,,,,,,,,,,,,,,,,,,,,,true,true,12,2015-04-01,2016-03-31,0
2015-10-30,49220,2015-03-31,2,,,,,,,,,,,,,,,,,,,,205006000000,149637000000,0.683,2455.34,140065000000,,,,,,,,,,,,true,false,12,2014-04-01,2015-03-31,-1
2015-10-30,49220,2015-03-31,2,,,,,,,,,,,,,,,,,,,,,,,,,,,,,64.00,,,,60592541,3547427,,false,false,12,2014-04-01,2015-03-31,-1
2015-10-30,49220,2016-03-31,2,,,,,,,,,,,,,,,,,,,,,,,,,,,,,37.00,,,,,,,false,false,12,2015-04-01,2016-03-31,0
2015-10-30,49220,2016-03-31,2,,,,,,,,,,,,,,,,,,,,,,,,,,,,,74.00,,,,,,,false,true,12,2015-04-01,2016-03-31,0
2015-10-30,49220,2016-03-31,2,,,,,,,,,,,,,,,,,,,,,,,,,,,,,,,,,60592541,3547865,57044851,false,false,6,2015-04-01,2015-09-30,0
2015-10-30,49220,2015-03-31,2,,,,,,,,,,,,,,,,,,,,,,,,,,,,,,,,,,,57045604,false,false,6,2014-04-01,2014-09-30,-1
2015-10-30,49220,2016-03-31,,235000000000,0.022,,,,,33000000000,0.179,33600000000,0.175,19200000000,,0.185,336.58,,,,,,,,,,,,,,,,,,,,,,true,true,12,2015-04-01,2016-03-31,0
2015-10-30,49220,2015-03-31,,207821000000,,,,,,22647000000,,25106000000,,12057000000,,,211.37,,,,,,,,,,,,,,,,,,,,,,true,false,12,2014-04-01,2015-03-31,-1
2016-01-29,49220,2016-03-31,3,178457000000,0.195,,,,,30331000000,0.899,30950000000,0.692,,18025000000,,315.99,,,,,,217546000000,164167000000,0.703,2680.37,152900000000,,,,,,,,,,,,true,false,9,2015-04-01,2015-12-31,0
2016-01-29,49220,2015-03-31,3,149308000000,0.088,,,,,15970000000,0.169,18294000000,0.127,,9933000000,,174.13,,,,,,,,,,,,,,,,,,,,,,true,false,9,2014-04-01,2014-12-31,-1
2016-01-29,49220,2016-03-31,3,239000000000,0.150,,,,,35000000000,0.545,35600000000,0.418,,20100000000,,352.36,,,,,,,,,,,,,,,,,,,,,,true,true,12,2015-04-01,2016-03-31,0
2016-01-29,49220,2015-03-31,3,,,,,,,,,,,,,,,,,,,,205006000000,149637000000,0.683,2455.34,140065000000,,,,,,,,,,,,true,false,12,2014-04-01,2015-03-31,-1
2016-01-29,49220,2015-03-31,3,,,,,,,,,,,,,,,,,,,,,,,,,,,,,64.00,,,,60592541,3547427,,false,false,12,2014-04-01,2015-03-31,-1
2016-01-29,49220,2016-03-31,3,,,,,,,,,,,,,,,,,,,,,,,,,,,,,37.00,,,,,,,false,false,12,2015-04-01,2016-03-31,0
2016-01-29,49220,2016-03-31,3,,,,,,,,,,,,,,,,,,,,,,,,,,,,,74.00,,,,,,,false,true,12,2015-04-01,2016-03-31,0
2016-01-29,49220,2016-03-31,3,,,,,,,,,,,,,,,,,,,,,,,,,,,,,,,,,60592541,3548097,57044749,false,false,9,2015-04-01,2015-12-31,0
2016-01-29,49220,2015-03-31,3,,,,,,,,,,,,,,,,,,,,,,,,,,,,,,,,,,,57045512,false,false,9,2014-04-01,2014-12-31,-1
2016-01-29,49220,2016-03-31,,239000000000,0.017,,,,,35000000000,0.061,35600000000,0.060,20100000000,,0.047,352.36,,,,,,,,,,,,,,,,,,,,,,true,true,12,2015-04-01,2016-03-31,0
2016-01-29,49220,2015-03-31,,207821000000,,,,,,22647000000,,25106000000,,12057000000,,,211.37,,,,,,,,,,,,,,,,,,,,,,true,false,12,2014-04-01,2015-03-31,-1
2016-04-28,49220,2016-03-31,,243390000000,0.171,,,,,34634000000,0.529,34566000000,0.377,,18655000000,,327.04,,0.130,0.158,0.142,,233275000000,158543000000,0.632,2583.76,147388000000,26410000000,-19948000000,-4057000000,52997000000,,0.287,,,,,,true,false,12,2015-04-01,2016-03-31,0
2016-04-28,49220,2015-03-31,,207821000000,0.094,,,,,22647000000,0.196,25106000000,0.168,,12057000000,,211.37,,0.091,0.128,0.109,,205006000000,149637000000,0.683,2455.34,140065000000,15217000000,-15165000000,-4836000000,50754000000,,0.303,,,,,,true,false,12,2014-04-01,2015-03-31,-1
2016-04-28,49220,2017-03-31,,122000000000,0.057,,,,,14000000000,-0.224,14100000,-0.246,,6800000000,,119.21,,,,,,,,,,,,,,,,,,,,,,true,true,6,2016-04-01,2016-09-30,1
2016-04-28,49220,2017-03-31,,254000000000,0.044,,,,,36000000000,0.039,36200000000,0.047,,20900000000,,366.38,,,,,,,,,,,,,,,,0.257,,,,,,true,true,12,2016-04-01,2017-03-31,1
2016-04-28,49220,2016-03-31,,115125000000,0.153,,,,,8190000000,0.332,13016000000,0.102,9599000000,,0.288,168.29,,,,,,137232000000,88750000000,0.647,1555.81,88750000000,,,,,94.00,,,,60592541,3548245,57044660,false,false,12,2015-04-01,2016-03-31,0
2016-04-28,49220,2015-03-31,,99868000000,0.050,,,,,6150000000,0.012,11816000000,0.069,7455000000,,0.005,130.70,,,,,,126106000000,84112000000,0.667,1474.50,84112000000,,,,,64.00,,,,60592541,3547427,57045438,false,false,12,2014-04-01,2015-03-31,-1
2016-04-28,49220,2017-03-31,,,,,,,,,,,,,,,,,,,,,,,,,,,,,,94.00,,,,,,,false,true,12,2016-04-01,2017-03-31,1
2016-04-28,49220,2016-03-31,,243390000000,0.171,,,,,34634000000,0.529,34566000000,0.377,,18655000000,,327.04,,0.130,0.158,0.142,,233275000000,158543000000,0.632,2583.76,147388000000,26410000000,-19948000000,-4057000000,52997000000,,0.287,,,,,,true,false,12,2015-04-01,2016-03-31,0
2016-04-28,49220,2015-03-31,,207821000000,0.094,,,,,22647000000,0.196,25106000000,0.168,,12057000000,,211.37,,0.091,0.128,0.109,,205006000000,149637000000,0.683,2455.34,140065000000,15217000000,-15165000000,-4836000000,50754000000,,0.303,,,,,,true,false,12,2014-04-01,2015-03-31,-1
2016-04-28,49220,2017-03-31,,122000000000,0.057,,,,,14000000000,-0.224,14100000000,-0.246,,6800000000,,119.21,,,,,,,,,,,,,,,,,,,,,,true,true,6,2016-04-01,2016-09-30,1
2016-04-28,49220,2017-03-31,,254000000000,0.044,,,,,36000000000,0.039,36200000000,0.047,,20900000000,,366.38,,,,,,,,,,,,,,,,0.257,,,,,,true,true,12,2016-04-01,2017-03-31,1
2016-04-28,49220,2016-03-31,,115125000000,0.153,,,,,8190000000,0.332,13016000000,0.102,9599000000,,0.288,168.29,,,,,,137232000000,88750000000,0.647,1555.81,88750000000,,,,,94.00,,,,60592541,3548245,57044660,false,false,12,2015-04-01,2016-03-31,0
2016-04-28,49220,2015-03-31,,99868000000,0.050,,,,,6150000000,0.012,11816000000,0.069,7455000000,,0.005,130.70,,,,,,126106000000,84112000000,0.667,1474.50,84112000000,,,,,64.00,,,,60592541,3547427,57045438,false,false,12,2014-04-01,2015-03-31,-1
2016-04-28,49220,2017-03-31,,,,,,,,,,,,,,,,,,,,,,,,,,,,,,94.00,,,,,,,false,true,12,2016-04-01,2017-03-31,1
2016-07-29,49220,2017-03-31,1,62419000000,0.105,,,,,10173000000,0.191,9269000000,0.033,,5256000000,,92.15,,,,,,222989000000,159321000000,0.662,2586.17,147525000000,,,,,,,,,,,,true,false,3,2016-04-01,2016-06-30,0
2016-07-29,49220,2016-03-31,1,56487000000,0.275,,,,,8543000000,1.979,8975000000,2.193,,4868000000,,85.35,,,,,,,,,,,,,,,,,,,,,,true,false,3,2015-04-01,2015-06-30,-1
2016-07-29,49220,2017-03-31,1,124000000000,0.074,,,,,18300000000,0.014,17400000000,-0.069,,10000000000,,175.30,,,,,,,,,,,,,,,,,,,,,,true,true,6,2016-04-01,2016-09-30,0
2016-07-29,49220,2017-03-31,1,254000000000,0.044,,,,,36000000000,0.039,36200000000,0.047,,20900000000,,366.38,,,,,,,,,,,,,,,,,,,,,,true,true,12,2016-04-01,2017-03-31,0
2016-07-29,49220,2016-03-31,1,,,,,,,,,,,,,,,,,,,,233275000000,158543000000,0.632,2583.76,147388000000,,,,,,,,,,,,true,false,12,2015-04-01,2016-03-31,-1
2016-07-29,49220,2016-03-31,1,,,,,,,,,,,,,,,,,,,,,,,,,,,,,94.00,,,,60592541,3548245,,false,false,12,2015-04-01,2016-03-31,-1
2016-07-29,49220,2017-03-31,1,,,,,,,,,,,,,,,,,,,,,,,,,,,,,94.00,,,,,,,false,true,12,2016-04-01,2017-03-31,0
2016-07-29,49220,2017-03-31,1,,,,,,,,,,,,,,,,,,,,,,,,,,,,,,,,,60592541,3548245,57044296,false,false,3,2016-04-01,2016-06-30,0
2016-07-29,49220,2016-03-31,1,,,,,,,,,,,,,,,,,,,,,,,,,,,,,,,,,,,57044996,false,false,3,2015-04-01,2015-06-30,-1
2016-07-29,49220,2017-03-31,,124000000000,0.016,,,,,18300000000,0.307,17400000000,0.234,10000000000,,0.471,175.30,,,,,,,,,,,,,,,,,,,,,,true,true,6,2016-04-01,2016-09-30,0
2016-07-29,49220,2016-03-31,,115407000000,,,,,,18045000000,,18691000000,,10951000000,,,191.98,,,,,,,,,,,,,,,,,,,,,,true,false,6,2015-04-01,2015-09-30,-1
2016-10-31,49220,2017-03-31,2,125788000000,0.090,,,,,18698000000,0.036,17594000000,-0.059,,10070000000,,176.53,,,,,,224875000000,161748000000,0.665,2623.26,149641000000,,,,,,,,,,,,true,false,6,2016-04-01,2016-09-30,0
2016-10-31,49220,2016-03-31,2,115407000000,0.228,,,,,18045000000,1.561,18691000000,1.306,,10951000000,,191.98,,,,,,,,,,,,,,,,,,,,,,true,false,6,2015-04-01,2015-09-30,-1
2016-10-31,49220,2017-03-31,2,256000000000,0.052,,,,,37000000000,0.068,36300000000,0.050,,20900000000,,366.38,,,,,,,,,,,,,,,,,,,,,,true,true,12,2016-04-01,2017-03-31,0
2016-10-31,49220,2016-03-31,2,,,,,,,,,,,,,,,,,,,,233275000000,158543000000,0.632,2583.76,147388000000,,,,,,,,,,,,true,false,12,2015-04-01,2016-03-31,-1
2016-10-31,49220,2016-03-31,2,,,,,,,,,,,,,,,,,,,,,,,,,,,,,94.00,,,,60592541,3548245,,false,false,12,2015-04-01,2016-03-31,-1
2016-10-31,49220,2017-03-31,2,,,,,,,,,,,,,,,,,,,,,,,,,,,,,47.00,,,,,,,false,false,12,2016-04-01,2017-03-31,0
2016-10-31,49220,2017-03-31,2,,,,,,,,,,,,,,,,,,,,,,,,,,,,,94.00,,,,,,,false,true,12,2016-04-01,2017-03-31,0
2016-10-31,49220,2017-03-31,2,,,,,,,,,,,,,,,,,,,,,,,,,,,,,,,,,60592541,3548315,57044284,false,false,6,2016-04-01,2016-09-30,0
2016-10-31,49220,2016-03-31,2,,,,,,,,,,,,,,,,,,,,,,,,,,,,,,,,,,,57044851,false,false,6,2015-04-01,2015-09-30,-1
2017-01-31,49220,2017-03-31,3,192332000000,0.078,,,,,30177000000,-0.005,31111000000,0.005,,18618000000,,326.39,,,,,,224617000000,168007000000,0.691,2720.60,155194000000,,,,,,,,,,,,true,false,9,2016-04-01,2016-12-31,0
2017-01-31,49220,2016-03-31,3,178457000000,0.195,,,,,30331000000,0.899,30950000000,0.692,,18025000000,,315.99,,,,,,,,,,,,,,,,,,,,,,true,false,9,2015-04-01,2015-12-31,-1
2017-01-31,49220,2017-03-31,3,256000000000,0.052,,,,,37000000000,0.068,36300000000,0.050,,20900000000,,366.38,,,,,,,,,,,,,,,,,,,,,,true,true,12,2016-04-01,2017-03-31,0
2017-01-31,49220,2016-03-31,3,,,,,,,,,,,,,,,,,,,,233275000000,158543000000,0.632,2583.76,147388000000,,,,,,,,,,,,true,false,12,2015-04-01,2016-03-31,-1
2017-01-31,49220,2016-03-31,3,,,,,,,,,,,,,,,,,,,,,,,,,,,,,94.00,,,,60592541,3548245,,false,false,12,2015-04-01,2016-03-31,-1
2017-01-31,49220,2017-03-31,3,,,,,,,,,,,,,,,,,,,,,,,,,,,,,47.00,,,,,,,false,false,12,2016-04-01,2017-03-31,0
2017-01-31,49220,2017-03-31,3,,,,,,,,,,,,,,,,,,,,,,,,,,,,,94.00,,,,,,,false,true,12,2016-04-01,2017-03-31,0
2017-01-31,49220,2017-03-31,3,,,,,,,,,,,,,,,,,,,,,,,,,,,,,,,,,60592541,3548363,57044257,false,false,9,2016-04-01,2016-12-31,0
2017-01-31,49220,2016-03-31,3,,,,,,,,,,,,,,,,,,,,,,,,,,,,,,,,,,,57044749,false,false,9,2015-04-01,2015-12-31,-1
2017-04-24,49220,2017-03-31,,266700000000,0.042,,,,,39100000000,0.057,39500000000,0.088,,21600000000,,378.65,,,,,,,,,,,,,,,,,,,,,,true,true,12,2016-04-01,2017-03-31,0
2017-04-24,49220,2016-03-31,,243390000000,,,,,,34634000000,,34566000000,,,18655000000,,327.04,,,,,,,,,,,,,,,,,,,,,,true,false,12,2015-04-01,2016-03-31,-1
2017-04-28,49220,2017-03-31,,266762000000,0.096,,,,,39160000000,0.131,39564000000,0.145,,21657000000,,379.66,,0.139,0.165,0.147,,247191000000,177130000000,0.663,2871.60,163807000000,17327000000,-8158000000,-6250000000,55622000000,,0.290,,,,,,true,false,12,2016-04-01,2017-03-31,0
2017-04-28,49220,2016-03-31,,243390000000,0.171,,,,,34634000000,0.529,34566000000,0.377,,18655000000,,327.04,,0.130,0.158,0.142,,233275000000,158543000000,0.632,2583.76,147388000000,26410000000,-19948000000,-4057000000,52997000000,,0.287,,,,,,true,false,12,2015-04-01,2016-03-31,-1
2017-04-28,49220,2018-03-31,,134000000000,0.065,,,,,19000000000,0.016,19200000000,0.091,,10700000000,,187.57,,,,,,,,,,,,,,,,,,,,,,true,true,6,2017-04-01,2017-09-30,1
2017-04-28,49220,2018-03-31,,282000000000,0.057,,,,,41500000000,0.060,41900000000,0.059,,23800000000,,417.22,,,,,,,,,,,,,,,,0.302,,,,,,true,true,12,2017-04-01,2018-03-31,1
2017-04-28,49220,2017-03-31,,120516000000,0.047,,,,,8320000000,0.016,15017000000,0.154,10070000000,,0.049,176.54,,,,,,132775000000,93676000000,0.706,1642.17,93676000000,,,,,110.00,,,,60592541,3548424,57044226,false,false,12,2016-04-01,2017-03-31,0
2017-04-28,49220,2016-03-31,,115125000000,0.153,,,,,8190000000,0.332,13016000000,0.102,9599000000,,0.288,168.29,,,,,,137232000000,88750000000,0.647,1555.81,88750000000,,,,,94.00,,,,60592541,3548245,57044660,false,false,12,2015-04-01,2016-03-31,-1
2017-04-28,49220,2018-03-31,,,,,,,,,,,,,,,,,,,,,,,,,,,,,,126.00,,,,,,,false,true,12,2017-04-01,2018-03-31,1
2017-07-31,49220,2018-03-31,1,70689000000,0.132,,,,,12813000000,0.260,12949000000,0.397,,8627000000,,151.24,,,,,,250556000000,182607000000,0.672,2953.41,168474000000,,,,,,,,,,,,true,false,3,2017-04-01,2017-06-30,0
2017-07-31,49220,2017-03-31,1,62419000000,0.105,,,,,10173000000,0.191,9269000000,0.033,,5256000000,,92.15,,,,,,,,,,,,,,,,,,,,,,true,false,3,2016-04-01,2016-06-30,-1
2017-07-31,49220,2018-03-31,1,134000000000,0.065,,,,,19000000000,0.016,19200000000,0.091,,10700000000,,187.57,,,,,,,,,,,,,,,,,,,,,,true,true,6,2017-04-01,2017-09-30,0
2017-07-31,49220,2018-03-31,1,282000000000,0.057,,,,,41500000000,0.060,41900000000,0.059,,23800000000,,417.22,,,,,,,,,,,,,,,,,,,,,,true,true,12,2017-04-01,2018-03-31,0
2017-07-31,49220,2017-03-31,1,,,,,,,,,,,,,,,,,,,,247191000000,177130000000,0.663,2871.60,163807000000,,,,,,,,,,,,true,false,12,2016-04-01,2017-03-31,-1
2017-07-31,49220,2017-03-31,1,,,,,,,,,,,,,,,,,,,,,,,,,,,,,110.00,,,,60592541,3548424,,false,false,12,2016-04-01,2017-03-31,-1
2017-07-31,49220,2018-03-31,1,,,,,,,,,,,,,,,,,,,,,,,,,,,,,126.00,,,,,,,false,true,12,2017-04-01,2018-03-31,0
2017-07-31,49220,2018-03-31,1,,,,,,,,,,,,,,,,,,,,,,,,,,,,,,,,,60592541,3548455,57044096,false,false,3,2017-04-01,2017-06-30,0
2017-07-31,49220,2017-03-31,1,,,,,,,,,,,,,,,,,,,,,,,,,,,,,,,,,,,57044296,false,false,3,2016-04-01,2016-06-30,-1
2017-10-23,49220,2018-03-31,,144600000000,0.079,,,,,23400000000,0.232,23900000000,0.245,,15200000000,,266.46,,,,,,,,,,,,,,,,,,,,,,true,true,6,2017-04-01,2017-09-30,0
2017-10-23,49220,2017-03-31,,125788000000,,,,,,18698000000,,17594000000,,,10070000000,,176.53,,,,,,,,,,,,,,,,,,,,,,true,false,6,2016-04-01,2016-09-30,-1
2017-10-31,49220,2018-03-31,2,144615000000,0.150,,,,,23467000000,0.255,23940000000,0.361,,15212000000,,266.68,,,,,,252192000000,182989000000,0.670,2961.42,168931000000,,,,,,,,,,,,true,false,6,2017-04-01,2017-09-30,0
2017-10-31,49220,2017-03-31,2,125788000000,0.090,,,,,18698000000,0.036,17594000000,-0.059,,10070000000,,176.53,,,,,,,,,,,,,,,,,,,,,,true,false,6,2016-04-01,2016-09-30,-1
2017-10-31,49220,2018-03-31,2,300000000000,0.125,,,,,46000000000,0.175,46700000000,0.180,,27100000000,,475.07,,,,,,,,,,,,,,,,,,,,,,true,true,12,2017-04-01,2018-03-31,0
2017-10-31,49220,2017-03-31,2,,,,,,,,,,,,,,,,,,,,247191000000,177130000000,0.663,2871.60,163807000000,,,,,,,,,,,,true,false,12,2016-04-01,2017-03-31,-1
2017-10-31,49220,2017-03-31,2,,,,,,,,,,,,,,,,,,,,,,,,,,,,,110.00,,,,60592541,3548424,,false,false,12,2016-04-01,2017-03-31,-1
2017-10-31,49220,2018-03-31,2,,,,,,,,,,,,,,,,,,,,,,,,,,,,,63.00,,,,,,,false,false,12,2017-04-01,2018-03-31,0
2017-10-31,49220,2018-03-31,2,,,,,,,,,,,,,,,,,,,,,,,,,,,,,126.00,,,,,,,false,true,12,2017-04-01,2018-03-31,0
2017-10-31,49220,2018-03-31,2,,,,,,,,,,,,,,,,,,,,,,,,,,,,,,,,,60592541,3548572,57044064,false,false,6,2017-04-01,2017-09-30,0
2017-10-31,49220,2017-03-31,2,,,,,,,,,,,,,,,,,,,,,,,,,,,,,,,,,,,57044284,false,false,6,2016-04-01,2016-09-30,-1
2018-01-31,49220,2018-03-31,3,223566000000,0.162,,,,,38980000000,0.292,39652000000,0.275,,24724000000,,433.44,,,,,,254548000000,190796000000,0.691,3084.18,175933000000,,,,,,,,,,,,true,false,9,2017-04-01,2017-12-31,0
2018-01-31,49220,2017-03-31,3,192332000000,0.078,,,,,30177000000,-0.005,31111000000,0.005,,18618000000,,326.39,,,,,,,,,,,,,,,,,,,,,,true,false,9,2016-04-01,2016-12-31,-1
2018-01-31,49220,2018-03-31,3,300000000000,0.125,,,,,46000000000,0.175,46700000000,0.180,,27100000000,,475.07,,,,,,,,,,,,,,,,,,,,,,true,true,12,2017-04-01,2018-03-31,0
2018-01-31,49220,2017-03-31,3,,,,,,,,,,,,,,,,,,,,247191000000,177130000000,0.663,2871.60,163807000000,,,,,,,,,,,,true,false,12,2016-04-01,2017-03-31,-1
2018-01-31,49220,2017-03-31,3,,,,,,,,,,,,,,,,,,,,,,,,,,,,,110.00,,,,60592541,3548424,,false,false,12,2016-04-01,2017-03-31,-1
2018-01-31,49220,2018-03-31,3,,,,,,,,,,,,,,,,,,,,,,,,,,,,,63.00,,,,,,,false,false,12,2017-04-01,2018-03-31,0
2018-01-31,49220,2018-03-31,3,,,,,,,,,,,,,,,,,,,,,,,,,,,,,126.00,,,,,,,false,true,12,2017-04-01,2018-03-31,0
2018-01-31,49220,2018-03-31,3,,,,,,,,,,,,,,,,,,,,,,,,,,,,,,,,,60592541,3548777,57043965,false,false,9,2017-04-01,2017-12-31,0
2018-01-31,49220,2017-03-31,3,,,,,,,,,,,,,,,,,,,,,,,,,,,,,,,,,,,57044257,false,false,9,2016-04-01,2016-12-31,-1
2018-04-27,49220,2018-03-31,,303399000000,0.137,,,,,48408000000,0.236,48508000000,0.226,,30611000000,,536.63,,0.176,0.187,0.160,,271545000000,198607000000,0.678,3227.07,184083000000,34918000000,-10369000000,-16400000000,63883000000,,0.276,,,,,,true,false,12,2017-04-01,2018-03-31,0
2018-04-27,49220,2017-03-31,,266762000000,0.096,,,,,39160000000,0.131,39564000000,0.145,,21657000000,,379.66,,0.139,0.165,0.147,,247191000000,177130000000,0.663,2871.60,163807000000,17327000000,-8158000000,-6250000000,55622000000,,0.290,,,,,,true,false,12,2016-04-01,2017-03-31,-1
2018-04-27,49220,2019-03-31,,154500000000,0.068,,,,,25000000000,0.065,25300000000,0.057,,14600000000,,255.94,,,,,,,,,,,,,,,,,,,,,,true,true,6,2018-04-01,2018-09-30,1
2018-04-27,49220,2019-03-31,,323000000000,0.065,,,,,52000000000,0.074,52400000000,0.080,,32300000000,,566.23,,,,,,,,,,,,,,,,0.300,,,,,,true,true,12,2018-04-01,2019-03-31,1
2018-04-27,49220,2018-03-31,,135893000000,0.128,,,,,11481000000,0.380,20021000000,0.333,14893000000,,0.479,261.09,,,,,,148351000000,103522000000,0.698,1814.80,103522000000,,,,,148.00,,,,60592541,3548828,57043906,false,false,12,2017-04-01,2018-03-31,0
2018-04-27,49220,2017-03-31,,120516000000,0.047,,,,,8320000000,0.016,15017000000,0.154,10070000000,,0.049,176.54,,,,,,132775000000,93676000000,0.706,1642.17,93676000000,,,,,110.00,,,,60592541,3548424,57044226,false,false,12,2016-04-01,2017-03-31,-1
2018-04-27,49220,2019-03-31,,,,,,,,,,,,,,,,,,,,,,,,,,,,,,170.00,,,,,,,false,true,12,2018-04-01,2019-03-31,1
2018-07-31,49220,2019-03-31,1,80472000000,0.138,,,,,17592000000,0.373,18697000000,0.444,,13393000000,,234.79,,,,,,272192000000,203430000000,0.692,3303.72,188456000000,,,,,,,,,,,,true,false,3,2018-04-01,2018-06-30,0
2018-07-31,49220,2018-03-31,1,70689000000,0.132,,,,,12813000000,0.260,12949000000,0.397,,8627000000,,151.24,,,,,,,,,,,,,,,,,,,,,,true,false,3,2017-04-01,2017-06-30,-1
2018-07-31,49220,2019-03-31,1,162000000000,0.120,,,,,31000000000,0.321,32200000000,0.345,,22600000000,,396.19,,,,,,,,,,,,,,,,,,,,,,true,true,6,2018-04-01,2018-09-30,0
2018-07-31,49220,2019-03-31,1,325000000000,0.071,,,,,56000000000,0.157,57400000000,0.183,,38300000000,,671.42,,,,,,,,,,,,,,,,,,,,,,true,true,12,2018-04-01,2019-03-31,0
2018-07-31,49220,2018-03-31,1,,,,,,,,,,,,,,,,,,,,270370000000,198607000000,0.681,3227.07,184083000000,,,,,,,,,,,,true,false,12,2017-04-01,2018-03-31,-1
2018-07-31,49220,2018-03-31,1,,,,,,,,,,,,,,,,,,,,,,,,,,,,,148.00,,,,60592541,3548828,,false,false,12,2017-04-01,2018-03-31,-1
2018-07-31,49220,2019-03-31,1,,,,,,,,,,,,,,,,,,,,,,,,,,,,,170.00,,,,,,,false,true,12,2018-04-01,2019-03-31,0
2018-07-31,49220,2019-03-31,1,,,,,,,,,,,,,,,,,,,,,,,,,,,,,,,,,60592541,3548904,57043675,false,false,3,2018-04-01,2018-06-30,0
2018-07-31,49220,2018-03-31,1,,,,,,,,,,,,,,,,,,,,,,,,,,,,,,,,,,,57044096,false,false,3,2017-04-01,2017-06-30,-1
2018-10-31,49220,2019-03-31,2,160996000000,0.113,,,,,30712000000,0.309,32610000000,0.362,,22214000000,,389.42,,,,,,284006000000,215138000000,0.703,3502.22,199779000000,,,,,,,,,,,,true,false,6,2018-04-01,2018-09-30,0
2018-10-31,49220,2018-03-31,2,144615000000,0.150,,,,,23467000000,0.255,23940000000,0.361,,15212000000,,266.68,,,,,,,,,,,,,,,,,,,,,,true,false,6,2017-04-01,2017-09-30,-1
2018-10-31,49220,2019-03-31,2,325000000000,0.071,,,,,56000000000,0.157,57400000000,0.183,,38300000000,,671.42,,,,,,,,,,,,,,,,,,,,,,true,true,12,2018-04-01,2019-03-31,0
2018-10-31,49220,2018-03-31,2,,,,,,,,,,,,,,,,,,,,270370000000,198607000000,0.681,3227.07,184083000000,,,,,,,,,,,,true,false,12,2017-04-01,2018-03-31,-1
2018-10-31,49220,2018-03-31,2,,,,,,,,,,,,,,,,,,,,,,,,,,,,,148.00,,,,60592541,3548828,,false,false,12,2017-04-01,2018-03-31,-1
2018-10-31,49220,2019-03-31,2,,,,,,,,,,,,,,,,,,,,,,,,,,,,,85.00,,,,,,,false,false,12,2018-04-01,2019-03-31,0
2018-10-31,49220,2019-03-31,2,,,,,,,,,,,,,,,,,,,,,,,,,,,,,170.00,,,,,,,false,true,12,2018-04-01,2019-03-31,0
2018-10-31,49220,2019-03-31,2,,,,,,,,,,,,,,,,,,,,,,,,,,,,,,,,,60592541,3548970,57043634,false,false,6,2018-04-01,2018-09-30,0
2018-10-31,49220,2018-03-31,2,,,,,,,,,,,,,,,,,,,,,,,,,,,,,,,,,,,57044064,false,false,6,2017-04-01,2017-09-30,-1
2019-01-31,49220,2019-03-31,3,247883000000,0.109,,,,,46282000000,0.187,47475000000,0.197,,32930000000,,577.28,,,,,,287656000000,221493000000,0.715,3606.31,205716000000,,,,,,,,,,,,true,false,9,2018-04-01,2018-12-31,0
2019-01-31,49220,2018-03-31,3,223566000000,0.162,,,,,38980000000,0.292,39652000000,0.275,,24724000000,,433.44,,,,,,,,,,,,,,,,,,,,,,true,false,9,2017-04-01,2017-12-31,-1
2019-01-31,49220,2019-03-31,3,325000000000,0.071,,,,,56000000000,0.157,57400000000,0.183,,38300000000,,671.42,,,,,,,,,,,,,,,,,,,,,,true,true,12,2018-04-01,2019-03-31,0
2019-01-31,49220,2018-03-31,3,,,,,,,,,,,,,,,,,,,,270370000000,198607000000,0.681,3227.07,184083000000,,,,,,,,,,,,true,false,12,2017-04-01,2018-03-31,-1
2019-01-31,49220,2018-03-31,3,,,,,,,,,,,,,,,,,,,,,,,,,,,,,148.00,,,,60592541,3548828,,false,false,12,2017-04-01,2018-03-31,-1
2019-01-31,49220,2019-03-31,3,,,,,,,,,,,,,,,,,,,,,,,,,,,,,85.00,,,,,,,false,false,12,2018-04-01,2019-03-31,0
2019-01-31,49220,2019-03-31,3,,,,,,,,,,,,,,,,,,,,,,,,,,,,,170.00,,,,,,,false,true,12,2018-04-01,2019-03-31,0
2019-01-31,49220,2019-03-31,3,,,,,,,,,,,,,,,,,,,,,,,,,,,,,,,,,60592541,3549024,57043607,false,false,9,2018-04-01,2018-12-31,0
2019-01-31,49220,2018-03-31,3,,,,,,,,,,,,,,,,,,,,,,,,,,,,,,,,,,,57043965,false,false,9,2017-04-01,2017-12-31,-1
2019-04-26,49220,2019-03-31,,332995000000,0.098,,,,,52408000000,0.083,53976000000,0.113,,37004000000,,648.71,,0.188,0.189,0.157,,300162000000,224841000000,0.696,3660.77,208823000000,32989000000,-20669000000,-10426000000,64264000000,,0.277,,,,,,true,false,12,2018-04-01,2019-03-31,0
2019-04-26,49220,2018-03-31,,303399000000,0.137,,,,,48408000000,0.236,48508000000,0.226,,30611000000,,536.63,,0.176,0.187,0.160,,270370000000,198607000000,0.681,3227.07,184083000000,34918000000,-10369000000,-16400000000,63883000000,,0.276,,,,,,true,false,12,2017-04-01,2018-03-31,-1
2019-04-26,49220,2020-03-31,,174200000000,0.082,,,,,31500000000,0.026,31800000000,-0.025,,20900000000,,366.38,,,,,,,,,,,,,,,,,,,,,,true,true,6,2019-04-01,2019-09-30,1
2019-04-26,49220,2020-03-31,,352000000000,0.057,,,,,54000000000,0.030,54700000000,0.013,,37100000000,,650.37,,,,,,,,,,,,,,,,0.292,,,,,,true,true,12,2019-04-01,2020-03-31,1
2019-04-26,49220,2019-03-31,,155244000000,0.142,,,,,15399000000,0.341,29728000000,0.485,25445000000,,0.708,446.08,,,,,,166430000000,119441000000,0.718,2093.87,119441000000,,,,,180.00,,,,60592541,3549024,57043584,false,false,12,2018-04-01,2019-03-31,0
2019-04-26,49220,2018-03-31,,135893000000,0.128,,,,,11481000000,0.380,20021000000,0.333,14893000000,,0.479,261.09,,,,,,148351000000,103522000000,0.698,1814.80,103522000000,,,,,148.00,,,,60592541,3548828,57043906,false,false,12,2017-04-01,2018-03-31,-1
2019-04-26,49220,2020-03-31,,,,,,,,,,,,,,,,,,,,,,,,,,,,,,190.00,,,,,,,false,true,12,2019-04-01,2020-03-31,1
2019-07-31,49220,2020-03-31,1,81721000000,0.016,,,,,13334000000,-0.242,13011000000,-0.304,,8420000000,,147.62,,,,,,299143000000,228364000000,0.709,3717.30,212047000000,,,,,,,,,,,,true,false,3,2019-04-01,2019-06-30,0
2019-07-31,49220,2019-03-31,1,80472000000,0.138,,,,,17592000000,0.373,18697000000,0.444,,13393000000,,234.79,,,,,,,,,,,,,,,,,,,,,,true,false,3,2018-04-01,2018-06-30,-1
2019-07-31,49220,2020-03-31,1,174200000000,0.082,,,,,31500000000,0.026,31800000000,-0.025,,20900000000,,366.38,,,,,,,,,,,,,,,,,,,,,,true,true,6,2019-04-01,2019-09-30,0
2019-07-31,49220,2020-03-31,1,352000000000,0.057,,,,,54000000000,0.030,54700000000,0.013,,37100000000,,650.37,,,,,,,,,,,,,,,,,,,,,,true,true,12,2019-04-01,2020-03-31,0
2019-07-31,49220,2019-03-31,1,,,,,,,,,,,,,,,,,,,,300162000000,224841000000,0.696,3660.77,208823000000,,,,,,,,,,,,true,false,12,2018-04-01,2019-03-31,-1
2019-07-31,49220,2019-03-31,1,,,,,,,,,,,,,,,,,,,,,,,,,,,,,180.00,,,,60592541,3549024,,false,false,12,2018-04-01,2019-03-31,-1
2019-07-31,49220,2020-03-31,1,,,,,,,,,,,,,,,,,,,,,,,,,,,,,190.00,,,,,,,false,true,12,2019-04-01,2020-03-31,0
2019-07-31,49220,2020-03-31,1,,,,,,,,,,,,,,,,,,,,,,,,,,,,,,,,,60592541,3549024,57043517,false,false,3,2019-04-01,2019-06-30,0
2019-07-31,49220,2019-03-31,1,,,,,,,,,,,,,,,,,,,,,,,,,,,,,,,,,,,57043675,false,false,3,2018-04-01,2018-06-30,-1
2019-10-31,49220,2020-03-31,2,170773000000,0.061,,,,,28314000000,-0.078,28046000000,-0.140,,18192000000,,318.92,,,,,,306897000000,237013000000,0.717,3859.49,220158000000,,,,,,,,,,,,true,false,6,2019-04-01,2019-09-30,0
2019-10-31,49220,2019-03-31,2,160996000000,0.113,,,,,30712000000,0.309,32610000000,0.362,,22214000000,,389.42,,,,,,,,,,,,,,,,,,,,,,true,false,6,2018-04-01,2018-09-30,-1
2019-10-31,49220,2020-03-31,2,352000000000,0.057,,,,,54000000000,0.030,54700000000,0.013,,37100000000,,650.37,,,,,,,,,,,,,,,,,,,,,,true,true,12,2019-04-01,2020-03-31,0
2019-10-31,49220,2019-03-31,2,,,,,,,,,,,,,,,,,,,,300162000000,224841000000,0.696,3660.77,208823000000,,,,,,,,,,,,true,false,12,2018-04-01,2019-03-31,-1
2019-10-31,49220,2019-03-31,2,,,,,,,,,,,,,,,,,,,,,,,,,,,,,180.00,,,,60592541,3549024,,false,false,12,2018-04-01,2019-03-31,-1
2019-10-31,49220,2020-03-31,2,,,,,,,,,,,,,,,,,,,,,,,,,,,,,95.00,,,,,,,false,false,12,2019-04-01,2020-03-31,0
2019-10-31,49220,2020-03-31,2,,,,,,,,,,,,,,,,,,,,,,,,,,,,,190.00,,,,,,,false,true,12,2019-04-01,2020-03-31,0
2019-10-31,49220,2020-03-31,2,,,,,,,,,,,,,,,,,,,,,,,,,,,,,,,,,60592541,3549045,57043510,false,false,6,2019-04-01,2019-09-30,0
2019-10-31,49220,2019-03-31,2,,,,,,,,,,,,,,,,,,,,,,,,,,,,,,,,,,,57043634,false,false,6,2018-04-01,2018-09-30,-1
2020-01-31,49220,2020-03-31,3,249034000000,0.005,,,,,37850000000,-0.182,38385000000,-0.191,,24873000000,,436.04,,,,,,301929000000,238730000000,0.735,3889.29,221858000000,,,,,,,,,,,,true,false,9,2019-04-01,2019-12-31,0
2020-01-31,49220,2019-03-31,3,247883000000,0.109,,,,,46282000000,0.187,47475000000,0.197,,32930000000,,577.28,,,,,,,,,,,,,,,,,,,,,,true,false,9,2018-04-01,2018-12-31,-1
2020-01-31,49220,2020-03-31,3,336000000000,0.009,,,,,45000000000,-0.141,46100000000,-0.146,,30000000000,,525.91,,,,,,,,,,,,,,,,,,,,,,true,true,12,2019-04-01,2020-03-31,0
2020-01-31,49220,2019-03-31,3,,,,,,,,,,,,,,,,,,,,300162000000,224841000000,0.696,3660.77,208823000000,,,,,,,,,,,,true,false,12,2018-04-01,2019-03-31,-1
2020-01-31,49220,2019-03-31,3,,,,,,,,,,,,,,,,,,,,,,,,,,,,,180.00,,,,60592541,3549024,,false,false,12,2018-04-01,2019-03-31,-1
2020-01-31,49220,2020-03-31,3,,,,,,,,,,,,,,,,,,,,,,,,,,,,,95.00,,,,,,,false,false,12,2019-04-01,2020-03-31,0
2020-01-31,49220,2020-03-31,3,,,,,,,,,,,,,,,,,,,,,,,,,,,,,190.00,,,,,,,false,true,12,2019-04-01,2020-03-31,0
2020-01-31,49220,2020-03-31,3,,,,,,,,,,,,,,,,,,,,,,,,,,,,,,,,,60592541,3549075,57043502,false,false,9,2019-04-01,2019-12-31,0
2020-01-31,49220,2019-03-31,3,,,,,,,,,,,,,,,,,,,,,,,,,,,,,,,,,,,57043607,false,false,9,2018-04-01,2018-12-31,-1
2020-04-30,49220,2020-03-31,,327724000000,-0.016,,,,,40231000000,-0.232,40932000000,-0.242,,26682000000,,467.76,,0.123,0.134,0.123,,308606000000,240202000000,0.725,3920.41,223633000000,37090000000,-19006000000,-11448000000,70284000000,,0.406,,,,,,true,false,12,2019-04-01,2020-03-31,0
2020-04-30,49220,2019-03-31,,332995000000,0.098,,,,,52408000000,0.083,53976000000,0.113,,37004000000,,648.71,,0.188,0.189,0.157,,300162000000,224841000000,0.696,3660.77,208823000000,32989000000,-20669000000,-10426000000,64264000000,,0.277,,,,,,true,false,12,2018-04-01,2019-03-31,-1
2020-04-30,49220,2021-03-31,,286600000000,-0.125,,,,,17200000000,-0.572,18200000000,-0.555,,12500000000,,219.13,,,,,,,,,,,,,,,,,,,,,,true,true,12,2020-04-01,2021-03-31,1
2020-04-30,49220,2020-03-31,,146482000000,-0.056,,,,,4234000000,-0.725,19177000000,-0.355,17180000000,,-0.325,301.18,,,,,,163666000000,126475000000,0.773,2217.18,126475000000,,,,,190.00,,,,60592541,3549075,57043493,false,false,12,2019-04-01,2020-03-31,0
2020-04-30,49220,2019-03-31,,155244000000,0.142,,,,,15399000000,0.341,29728000000,0.485,25445000000,,0.708,446.08,,,,,,166430000000,119441000000,0.718,2093.87,119441000000,,,,,180.00,,,,60592541,3549024,57043584,false,false,12,2018-04-01,2019-03-31,-1
2020-07-31,49220,2021-03-31,1,60057000000,-0.265,,,,,1113000000,-0.916,1563000000,-0.880,,1591000000,,27.90,,,,,,299959000000,229381000000,0.712,3745.28,213643000000,,,,,,,,,,,,true,false,3,2020-04-01,2020-06-30,0
2020-07-31,49220,2020-03-31,1,81721000000,0.016,,,,,13334000000,-0.242,13011000000,-0.304,,8420000000,,147.62,,,,,,,,,,,,,,,,,,,,,,true,false,3,2019-04-01,2019-06-30,-1
2020-07-31,49220,2021-03-31,1,286600000000,-0.125,,,,,17200000000,-0.572,18200000000,-0.555,,12500000000,,219.13,,,,,,,,,,,,,,,,,,,,,,true,true,12,2020-04-01,2021-03-31,0
2020-07-31,49220,2020-03-31,1,,,,,,,,,,,,,,,,,,,,308606000000,240202000000,0.725,3920.41,223633000000,,,,,,,,,,,,true,false,12,2019-04-01,2020-03-31,-1
2020-07-31,49220,2020-03-31,1,,,,,,,,,,,,,,,,,,,,,,,,,,,,,190.00,,,,60592541,3549075,,false,false,12,2019-04-01,2020-03-31,-1
2020-07-31,49220,2021-03-31,1,,,,,,,,,,,,,,,,,,,,,,,,,,,,,,,,,60592541,3549140,57043438,false,false,3,2020-04-01,2020-06-30,0
2020-07-31,49220,2020-03-31,1,,,,,,,,,,,,,,,,,,,,,,,,,,,,,,,,,,,57043517,false,false,3,2019-04-01,2019-06-30,-1
2020-10-30,49220,2021-03-31,2,130290000000,-0.237,,,,,4010000000,-0.858,4042000000,-0.856,,3093000000,,54.23,,,,,,299628000000,231163000000,0.719,3778.15,215534000000,,,,,,,,,,,,true,false,6,2020-04-01,2020-09-30,0
2020-10-30,49220,2020-03-31,2,170773000000,0.061,,,,,28314000000,-0.078,28046000000,-0.140,,18192000000,,318.92,,,,,,,,,,,,,,,,,,,,,,true,false,6,2019-04-01,2019-09-30,-1
2020-10-30,49220,2021-03-31,2,286600000000,-0.125,,,,,17200000000,-0.572,18200000000,-0.555,,12500000000,,219.13,,,,,,,,,,,,,,,,,,,,,,true,true,12,2020-04-01,2021-03-31,0
2020-10-30,49220,2020-03-31,2,,,,,,,,,,,,,,,,,,,,308606000000,240202000000,0.725,3920.41,223633000000,,,,,,,,,,,,true,false,12,2019-04-01,2020-03-31,-1
2020-10-30,49220,2020-03-31,2,,,,,,,,,,,,,,,,,,,,,,,,,,,,,190.00,,,,60592541,3549075,,false,false,12,2019-04-01,2020-03-31,-1
2020-10-30,49220,2021-03-31,2,,,,,,,,,,,,,,,,,,,,,,,,,,,,,60.00,,,,,,,false,false,12,2020-04-01,2021-03-31,0
2020-10-30,49220,2021-03-31,2,,,,,,,,,,,,,,,,,,,,,,,,,,,,,120.00,,,,,,,false,true,12,2020-04-01,2021-03-31,0
2020-10-30,49220,2021-03-31,2,,,,,,,,,,,,,,,,,,,,,,,,,,,,,,,,,60592541,3544748,57044892,false,false,6,2020-04-01,2020-09-30,0
2020-10-30,49220,2020-03-31,2,,,,,,,,,,,,,,,,,,,,,,,,,,,,,,,,,,,57043510,false,false,6,2019-04-01,2019-09-30,-1
2021-01-29,49220,2021-03-31,3,204135000000,-0.180,,,,,11141000000,-0.706,13540000000,-0.647,,8681000000,,152.18,,,,,,297972000000,234229000000,0.733,3830.20,218504000000,,,,,,,,,,,,true,false,9,2020-04-01,2020-12-31,0
2021-01-29,49220,2020-03-31,3,249034000000,0.005,,,,,37850000000,-0.182,38385000000,-0.191,,24873000000,,436.04,,,,,,,,,,,,,,,,,,,,,,true,false,9,2019-04-01,2019-12-31,-1
2021-01-29,49220,2021-03-31,3,280000000000,-0.146,,,,,13000000000,-0.677,16000000000,-0.609,,11000000000,,192.82,,,,,,,,,,,,,,,,,,,,,,true,true,12,2020-04-01,2021-03-31,0
2021-01-29,49220,2020-03-31,3,,,,,,,,,,,,,,,,,,,,308606000000,240202000000,0.725,3920.41,223633000000,,,,,,,,,,,,true,false,12,2019-04-01,2020-03-31,-1
2021-01-29,49220,2020-03-31,3,,,,,,,,,,,,,,,,,,,,,,,,,,,,,190.00,,,,60592541,3549075,,false,false,12,2019-04-01,2020-03-31,-1
2021-01-29,49220,2021-03-31,3,,,,,,,,,,,,,,,,,,,,,,,,,,,,,60.00,,,,,,,false,false,12,2020-04-01,2021-03-31,0
2021-01-29,49220,2021-03-31,3,,,,,,,,,,,,,,,,,,,,,,,,,,,,,120.00,,,,,,,false,true,12,2020-04-01,2021-03-31,0
2021-01-29,49220,2021-03-31,3,,,,,,,,,,,,,,,,,,,,,,,,,,,,,,,,,60592541,3544801,57045848,false,false,9,2020-04-01,2020-12-31,0
2021-01-29,49220,2020-03-31,3,,,,,,,,,,,,,,,,,,,,,,,,,,,,,,,,,,,57043502,false,false,9,2019-04-01,2019-12-31,-1
2021-04-30,49220,2021-03-31,,279389000000,-0.147,,,,,13294000000,-0.670,18745000000,-0.542,,11986000000,,210.11,,0.053,0.061,0.048,,308386000000,241299000000,0.731,3952.94,225506000000,23280000000,-5850000000,-7363000000,80051000000,,0.571,,,,,,true,false,12,2020-04-01,2021-03-31,0
2021-04-30,49220,2020-03-31,,327724000000,-0.016,,,,,40231000000,-0.232,40932000000,-0.242,,26682000000,,467.76,,0.123,0.134,0.123,,308606000000,240202000000,0.725,3920.41,223633000000,37090000000,-19006000000,-11448000000,70284000000,,0.406,,,,,,true,false,12,2019-04-01,2020-03-31,-1
2021-04-30,49220,2022-03-31,,238000000000,,,,,,20000000000,,20500000000,,,14200000000,,248.92,,,,,,,,,,,,,,,,0.562,,,,,,true,true,12,2021-04-01,2022-03-31,1
2021-04-30,49220,2021-03-31,,125943000000,-0.140,,,,,10603000000,1.504,30244000000,0.577,25740000000,,0.498,451.23,,,,,,188152000000,144524000000,0.768,2533.40,144524000000,,,,,120.00,,,,60592541,3544841,57046312,false,false,12,2020-04-01,2021-03-31,0
2021-04-30,49220,2020-03-31,,146482000000,-0.056,,,,,4234000000,-0.725,19177000000,-0.355,17180000000,,-0.325,301.18,,,,,,163666000000,126475000000,0.773,2217.18,126475000000,,,,,190.00,,,,60592541,3549075,57043493,false,false,12,2019-04-01,2020-03-31,-1
2021-04-30,49220,2022-03-31,,,,,,,,,,,,,,,,,,,,,,,,,,,,,,140.00,,,,,,,false,true,12,2021-04-01,2022-03-31,1
2021-07-30,49220,2021-12-31,1,58770000000,,,,,,3456000000,,3733000000,,,2378000000,,41.69,,,,,,305697000000,243587000000,0.745,3994.11,227854000000,,,,,,,,,,,,true,false,3,2021-01-01,2021-03-31,0
2021-07-30,49220,2020-12-31,1,60057000000,-0.265,,,,,1113000000,-0.916,1563000000,-0.880,,1591000000,,27.90,,,,,,,,,,,,,,,,,,,,,,true,false,3,2020-01-01,2020-03-31,-1
2021-07-30,49220,2021-12-31,1,238000000000,,,,,,20000000000,,20500000000,,,14200000000,,248.92,,,,,,,,,,,,,,,,,,,,,,true,true,12,2021-01-01,2021-12-31,0
2021-07-30,49220,2020-12-31,1,,,,,,,,,,,,,,,,,,,,308386000000,241299000000,0.731,3952.94,225506000000,,,,,,,,,,,,true,false,12,2020-01-01,2020-12-31,-1
2021-07-30,49220,2020-12-31,1,,,,,,,,,,,,,,,,,,,,,,,,,,,,,120.00,,,,60592541,3544841,,false,false,12,2020-01-01,2020-12-31,-1
2021-07-30,49220,2021-12-31,1,,,,,,,,,,,,,,,,,,,,,,,,,,,,,140.00,,,,,,,false,true,12,2021-01-01,2021-12-31,0
2021-07-30,49220,2021-12-31,1,,,,,,,,,,,,,,,,,,,,,,,,,,,,,,,,,60592541,3544841,57047700,false,false,3,2021-01-01,2021-03-31,0
2021-07-30,49220,2020-12-31,1,,,,,,,,,,,,,,,,,,,,,,,,,,,,,,,,,,,57043438,false,false,3,2020-01-01,2020-03-31,-1
2021-10-29,4922,2021-12-31,2,122933000000,,,,,,8789000000,,9718000000,,,5459000000,,95.69,,,,,,311667000000,247888000000,0.744,4066.75,232007000000,,,,,,,,,,,,true,false,6,2021-01-01,2021-06-30,0
2021-10-29,4922,2020-12-31,2,130290000000,-0.237,,,,,4010000000,-0.858,4042000000,-0.856,,3093000000,,54.23,,,,,,,,,,,,,,,,,,,,,,true,false,6,2020-01-01,2020-06-30,-1
2021-10-29,4922,2021-12-31,2,224000000000,,,,,,16000000000,,17100000000,,,12100000000,,212.10,,,,,,,,,,,,,,,,,,,,,,true,true,12,2021-01-01,2021-12-31,0
2021-10-29,4922,2020-12-31,2,,,,,,,,,,,,,,,,,,,,308386000000,241299000000,0.731,3952.94,225506000000,,,,,,,,,,,,true,false,12,2020-01-01,2020-12-31,-1
2021-10-29,4922,2020-12-31,2,,,,,,,,,,,,,,,,,,,,,,,,,,,,,120.00,,,,60592541,3544841,,false,false,12,2020-01-01,2020-12-31,-1
2021-10-29,4922,2021-12-31,2,,,,,,,,,,,,,,,,,,,,,,,,,,,,,60.00,,,,,,,false,false,12,2021-01-01,2021-12-31,0
2021-10-29,4922,2021-12-31,2,,,,,,,,,,,,,,,,,,,,,,,,,,,,,120.00,,,,,,,false,true,12,2021-01-01,2021-12-31,0
2021-10-29,4922,2021-12-31,2,,,,,,,,,,,,,,,,,,,,,,,,,,,,,,,,,60592541,3542641,57048433,false,false,6,2021-01-01,2021-06-30,0
2021-10-29,4922,2020-12-31,2,,,,,,,,,,,,,,,,,,,,,,,,,,,,,,,,,,,57044892,false,false,6,2020-01-01,2020-06-30,-1
2022-02-14,4922,2021-12-31,,224983000000,,,,,,18852000000,,22371000000,,,13341000000,,233.86,,0.058,0.071,0.084,,320018000000,254267000000,0.745,4178.06,238357000000,17799000000,-4722000000,-14303000000,81876000000,,0.513,,,,,,true,false,12,2021-01-01,2021-12-31,0
2022-02-14,4922,2020-12-31,,279389000000,-0.147,,,,,13294000000,-0.670,18745000000,-0.542,,11986000000,,210.11,,0.053,0.061,0.048,,308386000000,241299000000,0.731,3952.94,225506000000,23280000000,-5850000000,-7363000000,80051000000,,0.571,,,,,,true,false,12,2020-01-01,2020-12-31,-1
2022-02-14,4922,2022-12-31,,293000000000,,,,,,22000000000,,22600000000,,,16500000000,,289.22,,,,,,,,,,,,,,,,0.484,,,,,,true,true,12,2022-01-01,2022-12-31,1
2022-02-14,4922,2021-12-31,,85853000000,,,,,,8789000000,,18923000000,,14656000000,,,256.90,,,,,,186374000000,152610000000,0.819,2675.03,152610000000,,,,,120.00,,,,60592541,3542672,57048912,false,false,12,2021-01-01,2021-12-31,0
2022-02-14,4922,2020-12-31,,125943000000,-0.140,,,,,10603000000,1.504,30244000000,0.577,25740000000,,0.498,451.23,,,,,,188152000000,144524000000,0.768,2533.40,144524000000,,,,,120.00,,,,60592541,3544841,57046312,false,false,12,2020-01-01,2020-12-31,-1
2022-02-14,4922,2022-12-31,,,,,,,,,,,,,,,,,,,,,,,,,,,,,,140.00,,,,,,,false,true,12,2022-01-01,2022-12-31,1
2022-05-12,49220,2022-12-31,1,59013000000,,,,,,370000000,,3030000000,,,1437000000,,25.20,,,,,,316529000000,255143000000,0.756,4194.44,239292000000,,,,,,,,,,,,true,false,3,2022-01-01,2022-03-31,0
2022-05-12,49220,2021-12-31,1,58770000000,,,,,,3456000000,,3733000000,,,2378000000,,41.69,,,,,,,,,,,,,,,,,,,,,,true,false,3,2021-01-01,2021-03-31,-1
2022-05-12,49220,2022-12-31,1,293000000000,,,,,,22000000000,,22600000000,,,16500000000,,289.22,,,,,,,,,,,,,,,,,,,,,,true,true,12,2022-01-01,2022-12-31,0
2022-05-12,49220,2021-12-31,1,,,,,,,,,,,,,,,,,,,,320018000000,254267000000,0.745,4178.06,238357000000,,,,,,,,,,,,true,false,12,2021-01-01,2021-12-31,-1
2022-05-12,49220,2021-12-31,1,,,,,,,,,,,,,,,,,,,,,,,,,,,,,120.00,,,,60592541,3542672,,false,false,12,2021-01-01,2021-12-31,-1
2022-05-12,49220,2022-12-31,1,,,,,,,,,,,,,,,,,,,,,,,,,,,,,140.00,,,,,,,false,true,12,2022-01-01,2022-12-31,0
2022-05-12,49220,2022-12-31,1,,,,,,,,,,,,,,,,,,,,,,,,,,,,,,,,,60592541,3542702,57049859,false,false,3,2022-01-01,2022-03-31,0
2022-05-12,49220,2021-12-31,1,,,,,,,,,,,,,,,,,,,,,,,,,,,,,,,,,,,57047700,false,false,3,2021-01-01,2021-03-31,-1
2022-08-10,49220,2022-12-31,2,130604000000,,,,,,7209000000,,15158000000,,,8883000000,,155.72,,,,,,334789000000,267161000000,0.750,4399.27,250995000000,,,,,,,,,,,,true,false,6,2022-01-01,2022-06-30,0
2022-08-10,49220,2021-12-31,2,122933000000,,,,,,8789000000,,9718000000,,,5459000000,,95.69,,,,,,,,,,,,,,,,,,,,,,true,false,6,2021-01-01,2021-06-30,-1
2022-08-10,49220,2022-12-31,2,293000000000,,,,,,20000000000,,22600000000,,,16500000000,,289.22,,,,,,,,,,,,,,,,,,,,,,true,true,12,2022-01-01,2022-12-31,0
2022-08-10,49220,2021-12-31,2,,,,,,,,,,,,,,,,,,,,320018000000,254267000000,0.745,4178.06,238357000000,,,,,,,,,,,,true,false,12,2021-01-01,2021-12-31,-1
2022-08-10,49220,2021-12-31,2,,,,,,,,,,,,,,,,,,,,,,,,,,,,,120.00,,,,60592541,3542672,,false,false,12,2021-01-01,2021-12-31,-1
2022-08-10,49220,2022-12-31,2,,,,,,,,,,,,,,,,,,,,,,,,,,,,,70.00,,,,,,,false,false,12,2022-01-01,2022-12-31,0
2022-08-10,49220,2022-12-31,2,,,,,,,,,,,,,,,,,,,,,,,,,,,,,140.00,,,,,,,false,true,12,2022-01-01,2022-12-31,0
2022-08-10,49220,2022-12-31,2,,,,,,,,,,,,,,,,,,,,,,,,,,,,,,,,,60592541,3538621,57051201,false,false,6,2022-01-01,2022-06-30,0
2022-08-10,49220,2021-12-31,2,,,,,,,,,,,,,,,,,,,,,,,,,,,,,,,,,,,57048433,false,false,6,2021-01-01,2021-06-30,-1
2022-11-11,49220,2022-12-31,3,200887000000,,,,,,12481000000,,22549000000,,,13841000000,,242.61,,,,,,343588000000,271651000000,0.744,4479.29,255560000000,,,,,,,,,,,,true,false,9,2022-01-01,2022-09-30,0
2022-11-11,49220,2022-12-31,3,283000000000,,,,,,16500000000,,22600000000,,,16500000000,,289.22,,,,,,,,,,,,,,,,,,,,,,true,true,12,2022-01-01,2022-12-31,0
2022-11-11,49220,2021-12-31,3,,,,,,,,,,,,,,,,,,,,320018000000,254267000000,0.745,4178.06,238357000000,,,,,,,,,,,,true,false,12,2021-01-01,2021-12-31,-1
2022-11-11,49220,2021-12-31,3,,,,,,,,,,,,,,,,,,,,,,,,,,,,,120.00,,,,60592541,3542672,,false,false,12,2021-01-01,2021-12-31,-1
2022-11-11,49220,2022-12-31,3,,,,,,,,,,,,,,,,,,,,,,,,,,,,,70.00,,,,,,,false,false,12,2022-01-01,2022-12-31,0
2022-11-11,49220,2022-12-31,3,,,,,,,,,,,,,,,,,,,,,,,,,,,,,140.00,,,,,,,false,true,12,2022-01-01,2022-12-31,0
2022-11-11,49220,2022-12-31,3,,,,,,,,,,,,,,,,,,,,,,,,,,,,,,,,,60592541,3538670,57052096,false,false,9,2022-01-01,2022-09-30,0
2023-02-06,49220,2022-12-31,,289100000000,0.022,,,,,22100000000,0.339,28300000000,0.252,,18700000000,,327.78,,,,,,,,,,,,,,,,,,,,,,true,true,12,2022-01-01,2022-12-31,0
2023-02-06,49220,2021-12-31,,268992000000,,,,,,15671000000,,22050000000,,,11134000000,,,,,,,,,,,,,,,,,,,,,,,,true,false,12,2021-01-01,2021-12-31,-1
2023-02-13,49220,2022-12-31,,289136000000,,,,,,22120000000,,28394000000,,,18771000000,,329.03,,0.075,0.084,0.077,,359600000000,275349000000,0.720,4539.45,258992000000,19345000000,-5395000000,-7313000000,94063000000,,0.425,,,,,,true,false,12,2022-01-01,2022-12-31,0
2023-02-13,49220,2021-12-31,,224983000000,,,,,,18852000000,,22371000000,,,13341000000,,233.86,,0.058,0.071,0.084,,320018000000,254267000000,0.745,4178.06,238357000000,17799000000,-4722000000,-14303000000,81876000000,,0.513,,,,,,true,false,12,2021-01-01,2021-12-31,-1
2023-02-13,49220,2023-12-31,,305000000000,0.055,,,,,21000000000,-0.051,20300000000,-0.285,,13300000000,,233.11,,,,,,,,,,,,,,,,0.601,,,,,,true,true,12,2023-01-01,2023-12-31,1
2023-02-13,49220,2022-12-31,,115402000000,,,,,,6426000000,,21433000000,,17324000000,,,303.67,,,,,,202601000000,163459000000,0.807,2865.01,163459000000,,,,,140.00,,,,60592541,3538707,57052535,false,false,12,2022-01-01,2022-12-31,0
2023-02-13,49220,2021-12-31,,85853000000,,,,,,8789000000,,18923000000,,14656000000,,,256.90,,,,,,186374000000,152610000000,0.819,2675.03,152610000000,,,,,120.00,,,,60592541,3542672,57048912,false,false,12,2021-01-01,2021-12-31,-1
2023-02-13,49220,2023-12-31,,,,,,,,,,,,,,,,,,,,,,,,,,,,,,140.00,,,,,,,false,true,12,2023-01-01,2023-12-31,1
2023-02-13,49220,2022-12-31,,289136000000,,,,,,22120000000,,28394000000,,,18771000000,,329.03,,0.075,0.084,0.077,,359600000000,275349000000,0.720,4539.45,258992000000,20261000000,-6311000000,-7313000000,94063000000,,0.425,,,,,,true,false,12,2022-01-01,2022-12-31,0
2023-02-13,49220,2021-12-31,,224983000000,,,,,,18852000000,,22371000000,,,13341000000,,233.86,,0.058,0.071,0.084,,320018000000,254267000000,0.745,4178.06,238357000000,17799000000,-4722000000,-14303000000,81876000000,,0.513,,,,,,true,false,12,2021-01-01,2021-12-31,-1
2023-02-13,49220,2023-12-31,,305000000000,0.055,,,,,21000000000,-0.051,20300000000,-0.285,,13300000000,,233.11,,,,,,,,,,,,,,,,0.601,,,,,,true,true,12,2023-01-01,2023-12-31,1
2023-02-13,49220,2022-12-31,,115402000000,,,,,,6426000000,,21433000000,,17324000000,,,303.67,,,,,,201290000000,163459000000,0.812,2865.01,163459000000,,,,,140.00,,,,60592541,3538707,57052535,false,false,12,2022-01-01,2022-12-31,0
2023-02-13,49220,2021-12-31,,85853000000,,,,,,8789000000,,18923000000,,14656000000,,,256.90,,,,,,186374000000,152610000000,0.819,2675.03,152610000000,,,,,120.00,,,,60592541,3542672,57048912,false,false,12,2021-01-01,2021-12-31,-1
2023-02-13,49220,2023-12-31,,,,,,,,,,,,,,,,,,,,,,,,,,,,,,140.00,,,,,,,false,true,12,2023-01-01,2023-12-31,1
2023-05-11,49220,2023-12-31,1,68158000000,0.155,,,,,5833000000,,6671000000,1.202,,3897000000,,68.32,,,,,,353405000000,274691000000,0.731,4530.35,258473000000,,,,,,,,,,,,true,false,3,2023-01-01,2023-03-31,0
2023-05-11,49220,2022-12-31,1,59013000000,,,,,,370000000,,3030000000,,,1437000000,,25.20,,,,,,,,,,,,,,,,,,,,,,true,false,3,2022-01-01,2022-03-31,-1
2023-05-11,49220,2023-12-31,1,305000000000,0.055,,,,,21000000000,-0.051,20300000000,-0.285,,13300000000,,233.11,,,,,,,,,,,,,,,,,,,,,,true,true,12,2023-01-01,2023-12-31,0
2023-05-11,49220,2022-12-31,1,,,,,,,,,,,,,,,,,,,,359600000000,275349000000,0.720,4539.45,258992000000,,,,,,,,,,,,true,false,12,2022-01-01,2022-12-31,-1
2023-05-11,49220,2022-12-31,1,,,,,,,,,,,,,,,,,,,,,,,,,,,,,140.00,,,,60592541,3538707,,false,false,12,2022-01-01,2022-12-31,-1
2023-05-11,49220,2023-12-31,1,,,,,,,,,,,,,,,,,,,,,,,,,,,,,140.00,,,,,,,false,true,12,2023-01-01,2023-12-31,0
2023-05-11,49220,2023-12-31,1,,,,,,,,,,,,,,,,,,,,,,,,,,,,,,,,,60592541,3538727,57053821,false,false,3,2023-01-01,2023-03-31,0
2023-05-11,49220,2022-12-31,1,,,,,,,,,,,,,,,,,,,,,,,,,,,,,,,,,,,57049859,false,false,3,2022-01-01,2022-03-31,-1
2023-08-09,49220,2023-12-31,2,144295000000,0.105,,,,,10420000000,0.445,14062000000,-0.072,,8697000000,,152.45,,,,,,363211000000,283381000000,0.735,4678.43,266939000000,,,,,,,,,,,,true,false,6,2023-01-01,2023-06-30,0
2023-08-09,49220,2022-12-31,2,130604000000,,,,,,7209000000,,15158000000,,,8883000000,,155.72,,,,,,,,,,,,,,,,,,,,,,true,false,6,2022-01-01,2022-06-30,-1
2023-08-09,49220,2023-12-31,2,305000000000,0.055,,,,,21000000000,-0.051,20300000000,-0.285,,13300000000,,233.11,,,,,,,,,,,,,,,,,,,,,,true,true,12,2023-01-01,2023-12-31,0
2023-08-09,49220,2022-12-31,2,,,,,,,,,,,,,,,,,,,,359600000000,275349000000,0.720,4539.45,258992000000,,,,,,,,,,,,true,false,12,2022-01-01,2022-12-31,-1
2023-08-09,49220,2022-12-31,2,,,,,,,,,,,,,,,,,,,,,,,,,,,,,140.00,,,,60592541,3538707,,false,false,12,2022-01-01,2022-12-31,-1
2023-08-09,49220,2023-12-31,2,,,,,,,,,,,,,,,,,,,,,,,,,,,,,70.00,,,,,,,false,false,12,2023-01-01,2023-12-31,0
2023-08-09,49220,2023-12-31,2,,,,,,,,,,,,,,,,,,,,,,,,,,,,,140.00,,,,,,,false,true,12,2023-01-01,2023-12-31,0
2023-08-09,49220,2023-12-31,2,,,,,,,,,,,,,,,,,,,,,,,,,,,,,,,,,60592541,3535014,57055055,false,false,6,2023-01-01,2023-06-30,0
2023-08-09,49220,2022-12-31,2,,,,,,,,,,,,,,,,,,,,,,,,,,,,,,,,,,,57051201,false,false,6,2022-01-01,2022-06-30,-1
2023-11-13,49220,2023-12-31,3,218961000000,0.090,,,,,16029000000,0.284,21067000000,-0.066,,13148000000,,230.45,,,,,,368170000000,284507000000,0.728,4696.15,267950000000,,,,,,,,,,,,true,false,9,2023-01-01,2023-09-30,0
2023-11-13,49220,2022-12-31,3,200887000000,,,,,,12481000000,,22549000000,,,13841000000,,242.61,,,,,,,,,,,,,,,,,,,,,,true,false,9,2022-01-01,2022-09-30,-1
2023-11-13,49220,2023-12-31,3,305000000000,0.055,,,,,21000000000,-0.051,20300000000,-0.285,,13300000000,,233.11,,,,,,,,,,,,,,,,,,,,,,true,true,12,2023-01-01,2023-12-31,0
2023-11-13,49220,2022-12-31,3,,,,,,,,,,,,,,,,,,,,359600000000,275349000000,0.720,4539.45,258992000000,,,,,,,,,,,,true,false,12,2022-01-01,2022-12-31,-1
2023-11-13,49220,2022-12-31,3,,,,,,,,,,,,,,,,,,,,,,,,,,,,,140.00,,,,60592541,3538707,,false,false,12,2022-01-01,2022-12-31,-1
2023-11-13,49220,2023-12-31,3,,,,,,,,,,,,,,,,,,,,,,,,,,,,,70.00,,,,,,,false,false,12,2023-01-01,2023-12-31,0
2023-11-13,49220,2023-12-31,3,,,,,,,,,,,,,,,,,,,,,,,,,,,,,140.00,,,,,,,false,true,12,2023-01-01,2023-12-31,0
2023-11-13,49220,2023-12-31,3,,,,,,,,,,,,,,,,,,,,,,,,,,,,,,,,,60592541,3535014,57055879,false,false,9,2023-01-01,2023-09-30,0
2023-11-13,49220,2022-12-31,3,,,,,,,,,,,,,,,,,,,,,,,,,,,,,,,,,,,57052096,false,false,9,2022-01-01,2022-09-30,-1
2024-02-14,49220,2023-12-31,,300406000000,0.039,,,,,15985000000,-0.277,20252000000,-0.287,,11663000000,,204.43,,0.044,0.055,0.053,,371657000000,283038000000,0.716,4664.70,266156000000,30443000000,-11227000000,-9677000000,105669000000,,0.685,,,,,,true,false,12,2023-01-01,2023-12-31,0
2024-02-14,49220,2022-12-31,,289136000000,,,,,,22120000000,,28394000000,,,18771000000,,329.03,,0.075,0.084,0.077,,359600000000,275349000000,0.720,4539.45,258992000000,20261000000,-6311000000,-7313000000,94063000000,,0.425,,,,,,true,false,12,2022-01-01,2022-12-31,-1
2024-02-14,49220,2024-12-31,,312000000000,0.039,,,,,20000000000,0.251,20800000000,0.027,,12600000000,,220.83,,,,,,,,,,,,,,,,0.634,,,,,,true,true,12,2024-01-01,2024-12-31,1
2024-02-14,49220,2023-12-31,,112469000000,-0.025,,,,,-2177000000,,7996000000,-0.627,6679000000,,-0.614,117.07,,,,,,195360000000,160141000000,0.820,2806.66,160141000000,,,,,140.00,,,,60592541,3535001,57056293,false,false,12,2023-01-01,2023-12-31,0
2024-02-14,49220,2022-12-31,,115402000000,,,,,,6426000000,,21433000000,,17324000000,,,303.67,,,,,,201290000000,163459000000,0.812,2865.01,163459000000,,,,,140.00,,,,60592541,3538707,57052535,false,false,12,2022-01-01,2022-12-31,-1
2024-02-14,49220,2024-12-31,,,,,,,,,,,,,,,,,,,,,,,,,,,,,,140.00,,,,,,,false,true,12,2024-01-01,2024-12-31,1
2024-05-08,49220,2024-12-31,1,77583000000,0.138,,,,,7902000000,0.355,10282000000,0.541,,6943000000,,121.69,,,,,,373692000000,288332000000,0.726,4757.50,271450000000,,,,,,,,,,,,true,false,3,2024-01-01,2024-03-31,0
2024-05-08,49220,2023-12-31,1,68158000000,0.155,,,,,5833000000,,6671000000,1.202,,3897000000,,68.32,,,,,,,,,,,,,,,,,,,,,,true,false,3,2023-01-01,2023-03-31,-1
2024-05-08,49220,2024-12-31,1,312000000000,0.039,,,,,20000000000,0.251,20800000000,0.027,,12600000000,,220.83,,,,,,,,,,,,,,,,,,,,,,true,true,12,2024-01-01,2024-12-31,0
2024-05-08,49220,2023-12-31,1,,,,,,,,,,,,,,,,,,,,371657000000,283038000000,0.716,4664.70,266156000000,,,,,,,,,,,,true,false,12,2023-01-01,2023-12-31,-1
2024-05-08,49220,2023-12-31,1,,,,,,,,,,,,,,,,,,,,,,,,,,,,,140.00,,,,60592541,3535001,,false,false,12,2023-01-01,2023-12-31,-1
2024-05-08,49220,2024-12-31,1,,,,,,,,,,,,,,,,,,,,,,,,,,,,,140.00,,,,,,,false,true,12,2024-01-01,2024-12-31,0
2024-05-08,49220,2024-12-31,1,,,,,,,,,,,,,,,,,,,,,,,,,,,,,,,,,60592541,3535090,57057452,false,false,3,2024-01-01,2024-03-31,0
2024-05-08,49220,2023-12-31,1,,,,,,,,,,,,,,,,,,,,,,,,,,,,,,,,,,,57053821,false,false,3,2023-01-01,2023-03-31,-1
2024-08-07,49220,2024-12-31,2,159133000000,0.103,,,,,13748000000,0.319,18882000000,0.343,,11610000000,,203.47,,,,,,380144000000,296515000000,0.734,4892.20,279173000000,,,,,,,,,,,,true,false,6,2024-01-01,2024-06-30,0
2024-08-07,49220,2023-12-31,2,144295000000,0.105,,,,,10420000000,0.445,14062000000,-0.072,,8697000000,,152.45,,,,,,,,,,,,,,,,,,,,,,true,false,6,2023-01-01,2023-06-30,-1
2024-08-07,49220,2024-12-31,2,312000000000,0.039,,,,,20000000000,0.251,20800000000,0.027,,12600000000,,220.83,,,,,,,,,,,,,,,,,,,,,,true,true,12,2024-01-01,2024-12-31,0
2024-08-07,49220,2023-12-31,2,,,,,,,,,,,,,,,,,,,,371657000000,283038000000,0.716,4664.70,266156000000,,,,,,,,,,,,true,false,12,2023-01-01,2023-12-31,-1
2024-08-07,49220,2023-12-31,2,,,,,,,,,,,,,,,,,,,,,,,,,,,,,140.00,,,,60592541,3535001,,false,false,12,2023-01-01,2023-12-31,-1
2024-08-07,49220,2024-12-31,2,,,,,,,,,,,,,,,,,,,,,,,,,,,,,70.00,,,,,,,false,false,12,2024-01-01,2024-12-31,0
2024-08-07,49220,2024-12-31,2,,,,,,,,,,,,,,,,,,,,,,,,,,,,,140.00,,,,,,,false,true,12,2024-01-01,2024-12-31,0
2024-08-07,49220,2024-12-31,2,,,,,,,,,,,,,,,,,,,,,,,,,,,,,,,,,60592541,3527578,57059953,false,false,6,2024-01-01,2024-06-30,0
2024-08-07,49220,2023-12-31,2,,,,,,,,,,,,,,,,,,,,,,,,,,,,,,,,,,,57055055,false,false,6,2023-01-01,2023-06-30,-1
2024-11-11,49220,2024-12-31,3,238725000000,0.090,,,,,18815000000,0.174,20685000000,-0.018,,9412000000,,164.96,,,,,,365199000000,284479000000,0.731,4680.69,267102000000,,,,,,,,,,,,true,false,9,2024-01-01,2024-09-30,0
2024-11-11,49220,2023-12-31,3,218961000000,0.090,,,,,16029000000,0.284,21067000000,-0.066,,13148000000,,230.45,,,,,,,,,,,,,,,,,,,,,,true,false,9,2023-01-01,2023-09-30,-1
2024-11-11,49220,2024-12-31,3,320000000000,0.065,,,,,18000000000,0.126,21100000000,0.042,,8000000000,,140.19,,,,,,,,,,,,,,,,,,,,,,true,true,12,2024-01-01,2024-12-31,0
2024-11-11,49220,2023-12-31,3,,,,,,,,,,,,,,,,,,,,371657000000,283038000000,0.716,4664.70,266156000000,,,,,,,,,,,,true,false,12,2023-01-01,2023-12-31,-1
2024-11-11,49220,2023-12-31,3,,,,,,,,,,,,,,,,,,,,,,,,,,,,,140.00,,,,60592541,3535001,,false,false,12,2023-01-01,2023-12-31,-1
2024-11-11,49220,2024-12-31,3,,,,,,,,,,,,,,,,,,,,,,,,,,,,,70.00,,,,,,,false,false,12,2024-01-01,2024-12-31,0
2024-11-11,49220,2024-12-31,3,,,,,,,,,,,,,,,,,,,,,,,,,,,,,140.00,,,,,,,false,true,12,2024-01-01,2024-12-31,0
2024-11-11,49220,2024-12-31,3,,,,,,,,,,,,,,,,,,,,,,,,,,,,,,,,,60592541,3527639,57061603,false,false,9,2024-01-01,2024-09-30,0
2024-11-11,49220,2023-12-31,3,,,,,,,,,,,,,,,,,,,,,,,,,,,,,,,,,,,57055879,false,false,9,2023-01-01,2023-09-30,-1
2025-02-12,49220,2024-12-31,,322758000000,0.074,,,,,17364000000,0.086,21646000000,0.069,,7510000000,,131.62,,0.028,0.057,0.054,,383121000000,290630000000,0.711,4771.69,272295000000,18379000000,-8932000000,-8684000000,107757000000,,1.064,,,,,,true,false,12,2024-01-01,2024-12-31,0
2025-02-12,49220,2023-12-31,,300406000000,0.039,,,,,15985000000,-0.277,20252000000,-0.287,,11663000000,,204.43,,0.044,0.055,0.053,,371657000000,283038000000,0.716,4664.70,266156000000,30443000000,-11227000000,-9677000000,105669000000,,0.685,,,,,,true,false,12,2023-01-01,2023-12-31,-1
2025-02-12,49220,2025-12-31,,336000000000,0.041,,,,,20000000000,0.152,20700000000,-0.044,,13800000000,,241.83,,,,,,,,,,,,,,,,0.579,,,,,,true,true,12,2025-01-01,2025-12-31,1
2025-02-12,49220,2024-12-31,,113735000000,0.011,,,,,-5824000000,,46000000,-0.994,-657000000,,,-11.52,,,,,,190216000000,151711000000,0.798,2658.59,151711000000,,,,,140.00,,,,60592541,3527676,57062418,false,false,12,2024-01-01,2024-12-31,0
2025-02-12,49220,2023-12-31,,112469000000,-0.025,,,,,-2177000000,,7996000000,-0.627,6679000000,,-0.614,117.07,,,,,,195360000000,160141000000,0.820,2806.66,160141000000,,,,,140.00,,,,60592541,3535001,57056293,false,false,12,2023-01-01,2023-12-31,-1
2025-02-12,49220,2025-12-31,,,,,,,,,,,,,,,,,,,,,,,,,,,,,,140.00,,,,,,,false,true,12,2025-01-01,2025-12-31,1
2025-05-09,49220,2025-12-31,1,78998000000,0.018,,,,,6659000000,-0.157,5157000000,-0.498,,5292000000,,92.75,,,,,,377267000000,288594000000,0.717,4738.08,270377000000,,,,,,,,,,,,true,false,3,2025-01-01,2025-03-31,0
2025-05-09,49220,2024-12-31,1,77583000000,0.138,,,,,7902000000,0.355,10282000000,0.541,,6943000000,,121.69,,,,,,,,,,,,,,,,,,,,,,true,false,3,2024-01-01,2024-03-31,-1
2025-05-09,49220,2025-12-31,1,336000000000,0.041,,,,,20000000000,0.152,20700000000,-0.044,,13800000000,,241.83,,,,,,,,,,,,,,,,,,,,,,true,true,12,2025-01-01,2025-12-31,0
2025-05-09,49220,2024-12-31,1,,,,,,,,,,,,,,,,,,,,383121000000,290630000000,0.711,4771.69,272295000000,,,,,,,,,,,,true,false,12,2024-01-01,2024-12-31,-1
2025-05-09,49220,2024-12-31,1,,,,,,,,,,,,,,,,,,,,,,,,,,,,,140.00,,,,60592541,3527676,,false,false,12,2024-01-01,2024-12-31,-1
2025-05-09,49220,2025-12-31,1,,,,,,,,,,,,,,,,,,,,,,,,,,,,,140.00,,,,,,,false,true,12,2025-01-01,2025-12-31,0
2025-05-09,49220,2025-12-31,1,,,,,,,,,,,,,,,,,,,,,,,,,,,,,,,,,60592541,3527709,57064832,false,false,3,2025-01-01,2025-03-31,0
2025-05-09,49220,2024-12-31,1,,,,,,,,,,,,,,,,,,,,,,,,,,,,,,,,,,,57057452,false,false,3,2024-01-01,2024-03-31,-1
2025-08-07,49220,2025-12-31,2,160524000000,0.009,,,,,11319000000,-0.177,9607000000,-0.491,,7096000000,,124.36,,,,,,368337000000,290114000000,0.733,4733.10,270138000000,,,,,,,,,,,,true,false,6,2025-01-01,2025-06-30,0
2025-08-07,49220,2024-12-31,2,159133000000,0.103,,,,,13748000000,0.319,18882000000,0.343,,11610000000,,203.47,,,,,,,,,,,,,,,,,,,,,,true,false,6,2024-01-01,2024-06-30,-1
2025-08-07,49220,2025-12-31,2,336000000000,0.041,,,,,20000000000,0.152,20700000000,-0.044,,13800000000,,241.83,,,,,,,,,,,,,,,,,,,,,,true,true,12,2025-01-01,2025-12-31,0
2025-08-07,49220,2024-12-31,2,,,,,,,,,,,,,,,,,,,,386793000000,292276000000,0.704,4771.69,272295000000,,,,,,,,,,,,true,false,12,2024-01-01,2024-12-31,-1
2025-08-07,49220,2024-12-31,2,,,,,,,,,,,,,,,,,,,,,,,,,,,,,140.00,,,,60592541,3527676,,false,false,12,2024-01-01,2024-12-31,-1
2025-08-07,49220,2025-12-31,2,,,,,,,,,,,,,,,,,,,,,,,,,,,,,70.00,,,,,,,false,false,12,2025-01-01,2025-12-31,0
2025-08-07,49220,2025-12-31,2,,,,,,,,,,,,,,,,,,,,,,,,,,,,,140.00,,,,,,,false,true,12,2025-01-01,2025-12-31,0
2025-08-07,49220,2025-12-31,2,,,,,,,,,,,,,,,,,,,,,,,,,,,,,,,,,60592541,3518181,57068008,false,false,6,2025-01-01,2025-06-30,0
2025-08-07,49220,2024-12-31,2,,,,,,,,,,,,,,,,,,,,,,,,,,,,,,,,,,,57059953,false,false,6,2024-01-01,2024-06-30,-1
