filing_date,code,fiscal_year_end,quarterly_period,net_sales,net_sales_change,revenue,revenue_change,operating_revenue,operating_revenue_change,operating_profit,operating_profit_change,ordinary_profit,ordinary_profit_change,net_income,net_income_of_parent,net_income_change,eps,diluted_eps,roe,roa,operating_profit_to_net_sales,operating_profit_to_revenue,total_assets,net_assets,equity_ratio,bps,owner_equity,operating_cash_flow,investing_cash_flow,financing_cash_flow,cash,dividend_per_share,payout_ratio,commemorative_dividend,extra_dividend,number_of_shares,number_of_treqsury_shares,avg_number_of_shares,is_consolidated,is_forecast,duration,period_start,period_end,period_pos
2015-05-08,49230,2015-03-31,,6185000000,0.052,,,,,982000000,0.073,960000000,0.073,626000000,,0.172,45.53,,0.103,0.125,0.159,,7556000000,5858000000,0.775,446.57,5858000000,950000000,-107000000,-1023000000,2226000000,18.00,0.329,,,13967514,849624,13748722,false,false,12,2014-04-01,2015-03-31,0
2015-05-08,49230,2014-03-31,,5877000000,0.060,,,,,914000000,0.051,894000000,0.016,534000000,,-0.151,38.26,,0.089,0.119,0.156,,7777000000,6185000000,0.795,443.04,6185000000,890000000,-201000000,-174000000,2407000000,20.00,0.396,,,13967514,6717,13961246,false,false,12,2013-04-01,2014-03-31,-1
2015-05-08,49230,2016-03-31,,2598000000,0.028,,,,,218000000,0.161,211000000,0.111,144000000,,0.159,10.98,,,,,,,,,,,,,,,,,,,,,,false,true,6,2015-04-01,2015-09-30,1
2015-05-08,49230,2016-03-31,,6500000000,0.051,,,,,1105000000,0.125,1091000000,0.136,730000000,,0.166,55.65,,,,,,,,,,,,,,,16.00,0.288,,,,,,false,true,12,2015-04-01,2016-03-31,1
2015-07-31,49230,2016-03-31,1,1148000000,-0.033,,,,,59000000,2.413,59000000,2.015,37000000,,3.366,2.88,,,,,,6882000000,5694000000,0.827,,5694000000,,,,,,,,,13967514,852527,13115665,false,false,3,2015-04-01,2015-06-30,0
2015-07-31,49230,2015-03-31,1,1188000000,0.145,,,,,17000000,-0.466,19000000,-0.432,8000000,,-0.475,0.62,,,,,,,,,,,,,,,,,,,,,13959622,false,false,3,2014-04-01,2014-06-30,-1
2015-07-31,49230,2016-03-31,1,2598000000,0.028,,,,,218000000,0.161,211000000,0.111,144000000,,0.159,10.98,,,,,,,,,,,,,,,,,,,,,,false,true,6,2015-04-01,2015-09-30,0
2015-07-31,49230,2016-03-31,1,6500000000,0.051,,,,,1105000000,0.125,1091000000,0.136,730000000,,0.166,55.65,,,,,,,,,,,,,,,16.00,,,,,,,false,true,12,2015-04-01,2016-03-31,0
2015-07-31,49230,2015-03-31,1,,,,,,,,,,,,,,,,,,,,7556000000,5858000000,0.775,,5858000000,,,,,18.00,,,,13967514,849624,,false,false,12,2014-04-01,2015-03-31,-1
2015-11-06,49230,2016-03-31,2,2583000000,0.022,,,,,223000000,0.192,221000000,0.168,155000000,,0.253,11.87,,,,,,7163000000,5811000000,0.811,,5811000000,,,,,,,,,13967514,852827,13115223,false,false,6,2015-04-01,2015-09-30,0
2015-11-06,49230,2015-03-31,2,2527000000,0.072,,,,,187000000,0.031,189000000,0.034,124000000,,0.088,8.90,,,,,,,,,,,,,,,,,,,,,13959161,false,false,6,2014-04-01,2014-09-30,-1
2015-11-06,49230,2016-03-31,2,6500000000,0.051,,,,,1105000000,0.125,1091000000,0.136,730000000,,0.166,55.65,,,,,,,,,,,,,,,16.00,,,,,,,false,true,12,2015-04-01,2016-03-31,0
2015-11-06,49230,2015-03-31,2,,,,,,,,,,,,,,,,,,,,7556000000,5858000000,0.775,,5858000000,,,,,18.00,,,,13967514,849624,,false,false,12,2014-04-01,2015-03-31,-1
2015-11-06,49230,2016-03-31,2,,,,,,,,,,,,,,,,,,,,,,,,,,,,,0.00,,,,,,,false,false,12,2015-04-01,2016-03-31,0
2016-01-29,49230,2016-03-31,3,4955000000,0.072,,,,,978000000,0.221,972000000,0.245,656000000,,0.293,50.07,,,,,,8044000000,6312000000,0.785,,6312000000,,,,,,,,,13967514,853186,13114984,false,false,9,2015-04-01,2015-12-31,0
2016-01-29,49230,2015-03-31,3,4622000000,0.049,,,,,801000000,0.031,780000000,0.006,507000000,,0.058,36.38,,,,,,,,,,,,,,,,,,,,,13958926,false,false,9,2014-04-01,2014-12-31,-1
2016-01-29,49230,2016-03-31,3,6500000000,0.051,,,,,1105000000,0.125,1091000000,0.136,730000000,,0.166,55.65,,,,,,,,,,,,,,,16.00,,,,,,,false,true,12,2015-04-01,2016-03-31,0
2016-01-29,49230,2015-03-31,3,,,,,,,,,,,,,,,,,,,,7556000000,5858000000,0.775,,5858000000,,,,,18.00,,,,13967514,849624,,false,false,12,2014-04-01,2015-03-31,-1
2016-01-29,49230,2016-03-31,3,,,,,,,,,,,,,,,,,,,,,,,,,,,,,0.00,,,,,,,false,false,12,2015-04-01,2016-03-31,0
2016-05-06,49230,2016-03-31,,6528000000,0.055,,,,,1129000000,0.150,1130000000,0.178,766000000,,0.224,53.13,,0.125,0.142,0.173,,8338000000,6421000000,0.770,445.17,6421000000,1197000000,-1581000000,-202000000,1638000000,18.00,0.308,,,15364265,938729,14426262,false,false,12,2015-04-01,2016-03-31,0
2016-05-06,49230,2015-03-31,,6185000000,0.052,,,,,982000000,0.073,960000000,0.073,626000000,,0.172,41.39,,0.103,0.125,0.159,,7556000000,5858000000,0.775,405.97,5858000000,950000000,-107000000,-1023000000,2226000000,18.00,0.329,,,15364265,934586,15123595,false,false,12,2014-04-01,2015-03-31,-1
2016-05-06,49230,2017-03-31,,2652000000,0.026,,,,,218000000,-0.026,226000000,0.018,157000000,,0.009,10.88,,,,,,,,,,,,,,,,,,,,,,false,true,6,2016-04-01,2016-09-30,1
2016-05-06,49230,2017-03-31,,6850000000,0.049,,,,,1212000000,0.073,1229000000,0.087,839000000,,0.095,58.16,,,,,,,,,,,,,,,18.00,0.309,,,,,,false,true,12,2016-04-01,2017-03-31,1
2016-07-29,49230,2017-03-31,1,1064000000,-0.073,,,,,9000000,-0.833,17000000,-0.712,6000000,,-0.816,0.48,,,,,,7496000000,6189000000,0.826,,6189000000,,,,,,,,,15364265,941726,14423335,false,false,3,2016-04-01,2016-06-30,0
2016-07-29,49230,2016-03-31,1,1148000000,-0.033,,,,,59000000,2.413,59000000,2.015,37000000,,3.366,2.61,,,,,,,,,,,,,,,,,,,,,14427231,false,false,3,2015-04-01,2015-06-30,-1
2016-07-29,49230,2017-03-31,1,2652000000,0.026,,,,,218000000,-0.026,226000000,0.018,157000000,,0.009,10.88,,,,,,,,,,,,,,,,,,,,,,false,true,6,2016-04-01,2016-09-30,0
2016-07-29,49230,2017-03-31,1,6850000000,0.049,,,,,1212000000,0.073,1229000000,0.087,839000000,,0.095,58.16,,,,,,,,,,,,,,,18.00,,,,,,,false,true,12,2016-04-01,2017-03-31,0
2016-07-29,49230,2016-03-31,1,,,,,,,,,,,,,,,,,,,,8338000000,6421000000,0.770,,6421000000,,,,,18.00,,,,15364265,938729,,false,false,12,2015-04-01,2016-03-31,-1
2016-11-07,49230,2017-03-31,2,2490000000,-0.036,,,,,230000000,0.028,243000000,0.097,171000000,,0.099,11.87,,,,,,7990000000,6353000000,0.795,,6353000000,,,,,,,,,15364265,941938,14422852,false,false,6,2016-04-01,2016-09-30,0
2016-11-07,49230,2016-03-31,2,2583000000,0.022,,,,,223000000,0.192,221000000,0.168,155000000,,0.253,10.79,,,,,,,,,,,,,,,,,,,,,14426746,false,false,6,2015-04-01,2015-09-30,-1
2016-11-07,49230,2017-03-31,2,6850000000,0.049,,,,,1212000000,0.073,1229000000,0.087,839000000,,0.095,58.16,,,,,,,,,,,,,,,18.00,,,,,,,false,true,12,2016-04-01,2017-03-31,0
2016-11-07,49230,2016-03-31,2,,,,,,,,,,,,,,,,,,,,8338000000,6421000000,0.770,,6421000000,,,,,18.00,,,,15364265,938729,,false,false,12,2015-04-01,2016-03-31,-1
2016-11-07,49230,2017-03-31,2,,,,,,,,,,,,,,,,,,,,,,,,,,,,,0.00,,,,,,,false,false,12,2016-04-01,2017-03-31,0
2017-01-31,49230,2017-03-31,3,4944000000,-0.002,,,,,1064000000,0.088,1084000000,0.115,765000000,,0.166,53.10,,,,,,8799000000,6947000000,0.790,,6947000000,,,,,,,,,15364265,942403,14422574,false,false,9,2016-04-01,2016-12-31,0
2017-01-31,49230,2016-03-31,3,4955000000,0.072,,,,,978000000,0.221,972000000,0.245,656000000,,0.293,45.51,,,,,,,,,,,,,,,,,,,,,14426482,false,false,9,2015-04-01,2015-12-31,-1
2017-01-31,49230,2017-03-31,3,6620000000,0.014,,,,,1212000000,0.073,1229000000,0.087,839000000,,0.095,58.16,,,,,,,,,,,,,,,18.00,,,,,,,false,true,12,2016-04-01,2017-03-31,0
2017-01-31,49230,2016-03-31,3,,,,,,,,,,,,,,,,,,,,8338000000,6421000000,0.770,,6421000000,,,,,18.00,,,,15364265,938729,,false,false,12,2015-04-01,2016-03-31,-1
2017-01-31,49230,2017-03-31,3,,,,,,,,,,,,,,,,,,,,,,,,,,,,,0.00,,,,,,,false,false,12,2016-04-01,2017-03-31,0
2017-05-09,49230,2017-03-31,,6552000000,0.004,,,,,1229000000,0.089,1233000000,0.091,868000000,,0.133,54.74,,0.129,0.141,0.188,,9108000000,7048000000,0.774,444.35,7048000000,1226000000,-661000000,-241000000,1962000000,18.00,0.299,,,16900691,1037634,15864501,false,false,12,2016-04-01,2017-03-31,0
2017-05-09,49230,2016-03-31,,6528000000,0.055,,,,,1129000000,0.150,1130000000,0.178,766000000,,0.224,48.30,,0.125,0.142,0.173,,8338000000,6421000000,0.770,404.70,6421000000,1197000000,-1581000000,-202000000,1638000000,18.00,0.308,,,16900691,1032601,15868889,false,false,12,2015-04-01,2016-03-31,-1
2017-05-09,49230,2018-03-31,,2548000000,0.023,,,,,176000000,-0.236,187000000,-0.232,131000000,,-0.235,8.50,,,,,,,,,,,,,,,,,,,,,,false,true,6,2017-04-01,2017-09-30,1
2017-05-09,49230,2018-03-31,,6750000000,0.030,,,,,1150000000,-0.065,1171000000,-0.050,813000000,,-0.064,52.93,,,,,,,,,,,,,,,18.00,0.340,,,,,,false,true,12,2017-04-01,2018-03-31,1
2017-07-31,49230,2018-03-31,1,1136000000,0.068,,,,,61000000,5.185,67000000,2.909,44000000,,5.389,2.87,,,,,,7648000000,6220000000,0.813,,6220000000,,,,,,,,,16900691,1591450,15493673,false,false,3,2017-04-01,2017-06-30,0
2017-07-31,49230,2017-03-31,1,1064000000,-0.073,,,,,9000000,-0.833,17000000,-0.712,6000000,,-0.816,0.44,,,,,,,,,,,,,,,,,,,,,15865668,false,false,3,2016-04-01,2016-06-30,-1
2017-07-31,49230,2018-03-31,1,2548000000,0.023,,,,,176000000,-0.236,187000000,-0.232,131000000,,-0.235,8.50,,,,,,,,,,,,,,,,,,,,,,false,true,6,2017-04-01,2017-09-30,0
2017-07-31,49230,2018-03-31,1,6750000000,0.030,,,,,1150000000,-0.065,1171000000,-0.050,813000000,,-0.064,52.93,,,,,,,,,,,,,,,18.00,,,,,,,false,true,12,2017-04-01,2018-03-31,0
2017-07-31,49230,2017-03-31,1,,,,,,,,,,,,,,,,,,,,9108000000,7048000000,0.774,,7048000000,,,,,18.00,,,,16900691,1037634,,false,false,12,2016-04-01,2017-03-31,-1
2017-10-12,49230,2018-03-31,,2593000000,0.018,,,,,284000000,0.617,295000000,0.579,214000000,,0.639,13.93,,,,,,,,,,,,,,,,,,,,,,false,true,6,2017-04-01,2017-09-30,0
2017-10-12,49230,2017-03-31,,2490000000,,,,,,230000000,,243000000,,171000000,,,10.79,,,,,,,,,,,,,,,,,,,,,,false,false,6,2016-04-01,2016-09-30,-1
2017-11-06,49230,2018-03-31,2,2593000000,0.041,,,,,284000000,0.236,295000000,0.212,214000000,,0.254,13.94,,,,,,7948000000,6390000000,0.804,,6390000000,,,,,,,,,16900691,1591876,15401315,false,false,6,2017-04-01,2017-09-30,0
2017-11-06,49230,2017-03-31,2,2490000000,-0.036,,,,,230000000,0.028,243000000,0.097,171000000,,0.099,10.79,,,,,,,,,,,,,,,,,,,,,15865136,false,false,6,2016-04-01,2016-09-30,-1
2017-11-06,49230,2018-03-31,2,6750000000,0.030,,,,,1150000000,-0.065,1171000000,-0.050,813000000,,-0.064,52.93,,,,,,,,,,,,,,,18.00,,,,,,,false,true,12,2017-04-01,2018-03-31,0
2017-11-06,49230,2017-03-31,2,,,,,,,,,,,,,,,,,,,,9108000000,7048000000,0.774,,7048000000,,,,,18.00,,,,16900691,1037634,,false,false,12,2016-04-01,2017-03-31,-1
2017-11-06,49230,2018-03-31,2,,,,,,,,,,,,,,,,,,,,,,,,,,,,,0.00,,,,,,,false,false,12,2017-04-01,2018-03-31,0
2018-01-31,49230,2018-03-31,3,5177000000,0.047,,,,,1148000000,0.079,1165000000,0.075,821000000,,0.073,53.44,,,,,,9032000000,6995000000,0.774,,6995000000,,,,,,,,,16900691,1593040,15370244,false,false,9,2017-04-01,2017-12-31,0
2018-01-31,49230,2017-03-31,3,4944000000,-0.002,,,,,1064000000,0.088,1084000000,0.115,765000000,,0.166,48.27,,,,,,,,,,,,,,,,,,,,,15864831,false,false,9,2016-04-01,2016-12-31,-1
2018-01-31,49230,2018-03-31,3,6750000000,0.030,,,,,1252000000,0.018,1274000000,0.033,885000000,,0.019,57.62,,,,,,,,,,,,,,,18.00,,,,,,,false,true,12,2017-04-01,2018-03-31,0
2018-01-31,49230,2017-03-31,3,,,,,,,,,,,,,,,,,,,,9108000000,7048000000,0.774,,7048000000,,,,,18.00,,,,16900691,1037634,,false,false,12,2016-04-01,2017-03-31,-1
2018-01-31,49230,2018-03-31,3,,,,,,,,,,,,,,,,,,,,,,,,,,,,,0.00,,,,,,,false,false,12,2017-04-01,2018-03-31,0
2018-01-31,49230,2018-03-31,,6750000000,0.000,,,,,1252000000,0.089,1274000000,0.088,885000000,,0.089,57.62,,,,,,,,,,,,,,,,,,,,,,false,true,12,2017-04-01,2018-03-31,0
2018-01-31,49230,2017-03-31,,6552000000,,,,,,1229000000,,1233000000,,868000000,,,54.74,,,,,,,,,,,,,,,,,,,,,,false,false,12,2016-04-01,2017-03-31,-1
2018-05-08,49230,2018-03-31,,6732000000,0.027,,,,,1315000000,0.069,1338000000,0.086,971000000,,0.118,57.50,,0.137,0.145,0.195,,9364000000,7144000000,0.763,424.33,7144000000,1327000000,-449000000,-875000000,1966000000,18.00,0.285,,,18590760,1752803,16889973,false,false,12,2017-04-01,2018-03-31,0
2018-05-08,49230,2017-03-31,,6552000000,0.004,,,,,1229000000,0.089,1233000000,0.091,868000000,,0.133,49.76,,0.129,0.141,0.188,,9108000000,7048000000,0.774,403.95,7048000000,1226000000,-661000000,-241000000,1962000000,18.00,0.299,,,18590760,1141397,17450951,false,false,12,2016-04-01,2017-03-31,-1
2018-05-08,49230,2019-03-31,,7000000000,0.040,,,,,1206000000,-0.083,1227000000,-0.084,861000000,,-0.113,51.13,,,,,,,,,,,,,,,18.00,0.352,,,,,,false,true,12,2018-04-01,2019-03-31,1
2018-07-30,49230,2019-03-31,1,1188000000,0.046,,,,,65000000,0.059,48000000,-0.281,27000000,,-0.390,1.61,,,,,,8433000000,6889000000,0.817,,6889000000,,,,,,,,,18590760,1757020,16835147,false,false,3,2018-04-01,2018-06-30,0
2018-07-30,49230,2018-03-31,1,1136000000,0.068,,,,,61000000,5.185,67000000,2.909,44000000,,5.389,2.61,,,,,,,,,,,,,,,,,,,,,17043040,false,false,3,2017-04-01,2017-06-30,-1
2018-07-30,49230,2019-03-31,1,7000000000,0.040,,,,,1206000000,-0.083,1227000000,-0.084,861000000,,-0.113,51.13,,,,,,,,,,,,,,,18.00,,,,,,,false,true,12,2018-04-01,2019-03-31,0
2018-07-30,49230,2018-03-31,1,,,,,,,,,,,,,,,,,,,,9364000000,7144000000,0.763,,7144000000,,,,,18.00,,,,18590760,1752803,,false,false,12,2017-04-01,2018-03-31,-1
2018-11-05,49230,2019-03-31,2,2706000000,0.044,,,,,297000000,0.045,285000000,-0.031,207000000,,-0.035,12.50,,,,,,7840000000,6251000000,0.797,,6251000000,,,,,,,,,18590760,2307529,16559252,false,false,6,2018-04-01,2018-09-30,0
2018-11-05,49230,2018-03-31,2,2593000000,0.041,,,,,284000000,0.236,295000000,0.212,214000000,,0.254,12.67,,,,,,,,,,,,,,,,,,,,,16941446,false,false,6,2017-04-01,2017-09-30,-1
2018-11-05,49230,2019-03-31,2,7000000000,0.040,,,,,1206000000,-0.083,1227000000,-0.084,861000000,,-0.113,51.13,,,,,,,,,,,,,,,18.00,,,,,,,false,true,12,2018-04-01,2019-03-31,0
2018-11-05,49230,2018-03-31,2,,,,,,,,,,,,,,,,,,,,9364000000,7144000000,0.763,,7144000000,,,,,18.00,,,,18590760,1752803,,false,false,12,2017-04-01,2018-03-31,-1
2018-11-05,49230,2019-03-31,2,,,,,,,,,,,,,,,,,,,,,,,,,,,,,0.00,,,,,,,false,false,12,2018-04-01,2019-03-31,0
2019-01-30,49230,2019-03-31,3,5444000000,0.052,,,,,1276000000,0.111,1270000000,0.090,907000000,,0.105,55.11,,,,,,9052000000,6951000000,0.768,,6951000000,,,,,,,,,18590760,2307729,16467188,false,false,9,2018-04-01,2018-12-31,0
2019-01-30,49230,2018-03-31,3,5177000000,0.047,,,,,1148000000,0.079,1165000000,0.075,821000000,,0.073,48.58,,,,,,,,,,,,,,,,,,,,,16907268,false,false,9,2017-04-01,2017-12-31,-1
2019-01-30,49230,2019-03-31,3,7000000000,0.040,,,,,1366000000,0.039,1366000000,0.020,943000000,,-0.029,57.43,,,,,,,,,,,,,,,18.00,,,,,,,false,true,12,2018-04-01,2019-03-31,0
2019-01-30,49230,2018-03-31,3,,,,,,,,,,,,,,,,,,,,9364000000,7144000000,0.763,,7144000000,,,,,18.00,,,,18590760,1752803,,false,false,12,2017-04-01,2018-03-31,-1
2019-01-30,49230,2019-03-31,3,,,,,,,,,,,,,,,,,,,,,,,,,,,,,0.00,,,,,,,false,false,12,2018-04-01,2019-03-31,0
2019-05-08,49230,2019-03-31,,6992000000,0.039,,,,,1397000000,0.063,1400000000,0.046,965000000,,-0.006,53.43,,0.136,0.149,0.200,,9401000000,7009000000,0.745,391.33,7009000000,1201000000,-74000000,-1100000000,1992000000,18.00,0.306,,,20449836,2538769,18063226,false,false,12,2018-04-01,2019-03-31,0
2019-05-08,49230,2018-03-31,,6732000000,0.027,,,,,1315000000,0.069,1338000000,0.086,971000000,,0.118,52.27,,0.137,0.145,0.195,,9364000000,7144000000,0.763,385.75,7144000000,1327000000,-449000000,-875000000,1966000000,18.00,0.285,,,20449836,1928084,18578970,false,false,12,2017-04-01,2018-03-31,-1
2019-05-08,49230,2020-03-31,,7300000000,0.044,,,,,1238000000,-0.114,1260000000,-0.100,864000000,,-0.105,48.24,,,,,,,,,,,,,,,18.00,0.373,,,,,,false,true,12,2019-04-01,2020-03-31,1
2019-07-30,49230,2020-03-31,1,1387000000,0.168,,,,,109000000,0.687,115000000,1.393,75000000,,1.778,4.20,,,,,,8507000000,6786000000,0.798,,6786000000,,,,,,,,,20449836,2542397,17908891,false,false,3,2019-04-01,2019-06-30,0
2019-07-30,49230,2019-03-31,1,1188000000,0.046,,,,,65000000,0.059,48000000,-0.281,27000000,,-0.390,1.46,,,,,,,,,,,,,,,,,,,,,18518662,false,false,3,2018-04-01,2018-06-30,-1
2019-07-30,49230,2020-03-31,1,7300000000,0.044,,,,,1238000000,-0.114,1260000000,-0.100,864000000,,-0.105,48.24,,,,,,,,,,,,,,,18.00,,,,,,,false,true,12,2019-04-01,2020-03-31,0
2019-07-30,49230,2019-03-31,1,,,,,,,,,,,,,,,,,,,,9401000000,7009000000,0.745,,7009000000,,,,,18.00,,,,20449836,2538769,,false,false,12,2018-04-01,2019-03-31,-1
2019-11-05,49230,2020-03-31,2,3177000000,0.174,,,,,437000000,0.473,449000000,0.573,313000000,,0.516,17.53,,,,,,8976000000,7025000000,0.783,,7025000000,,,,,,,,,20449836,2542771,17908030,false,false,6,2019-04-01,2019-09-30,0
2019-11-05,49230,2019-03-31,2,2706000000,0.044,,,,,297000000,0.045,285000000,-0.031,207000000,,-0.035,11.37,,,,,,,,,,,,,,,,,,,,,18215177,false,false,6,2018-04-01,2018-09-30,-1
2019-11-05,49230,2020-03-31,2,7300000000,0.044,,,,,1238000000,-0.114,1260000000,-0.100,864000000,,-0.105,48.24,,,,,,,,,,,,,,,18.00,,,,,,,false,true,12,2019-04-01,2020-03-31,0
2019-11-05,49230,2019-03-31,2,,,,,,,,,,,,,,,,,,,,9401000000,7009000000,0.745,,7009000000,,,,,18.00,,,,20449836,2538769,,false,false,12,2018-04-01,2019-03-31,-1
2019-11-05,49230,2020-03-31,2,,,,,,,,,,,,,,,,,,,,,,,,,,,,,0.00,,,,,,,false,false,12,2019-04-01,2020-03-31,0
2020-01-30,49230,2020-03-31,3,5958000000,0.094,,,,,1395000000,0.094,1412000000,0.112,983000000,,0.084,54.91,,,,,,10100000000,7693000000,0.762,,7693000000,,,,,,,,,20449836,2543664,17907521,false,false,9,2019-04-01,2019-12-31,0
2020-01-30,49230,2019-03-31,3,5444000000,0.052,,,,,1276000000,0.111,1270000000,0.090,907000000,,0.105,50.10,,,,,,,,,,,,,,,,,,,,,18113907,false,false,9,2018-04-01,2018-12-31,-1
2020-01-30,49230,2020-03-31,3,7400000000,0.058,,,,,1367000000,-0.022,1390000000,-0.007,958000000,,-0.007,53.50,,,,,,,,,,,,,,,18.00,,,,,,,false,true,12,2019-04-01,2020-03-31,0
2020-01-30,49230,2019-03-31,3,,,,,,,,,,,,,,,,,,,,9401000000,7009000000,0.745,,7009000000,,,,,18.00,,,,20449836,2538769,,false,false,12,2018-04-01,2019-03-31,-1
2020-01-30,49230,2020-03-31,3,,,,,,,,,,,,,,,,,,,,,,,,,,,,,0.00,,,,,,,false,false,12,2019-04-01,2020-03-31,0
2020-01-30,49230,2020-03-31,,7400000000,0.014,,,,,1367000000,0.104,1390000000,0.103,958000000,,0.109,53.50,,,,,,,,,,,,,,,,,,,,,,false,true,12,2019-04-01,2020-03-31,0
2020-01-30,49230,2019-03-31,,6992000000,,,,,,1397000000,,1400000000,,965000000,,,53.43,,,,,,,,,,,,,,,,,,,,,,false,false,12,2018-04-01,2019-03-31,-1
2020-04-23,49230,2020-03-31,,7460000000,0.008,,,,,1469000000,0.075,1491000000,0.073,1035000000,,0.081,52.57,,,,,,,,,,,,,,,,,,,,,,false,true,12,2019-04-01,2020-03-31,0
2020-04-23,49230,2019-03-31,,6992000000,,,,,,1397000000,,1400000000,,965000000,,,48.57,,,,,,,,,,,,,,,,,,,,,,false,false,12,2018-04-01,2019-03-31,-1
2020-05-08,49230,2020-03-31,,7460000000,0.067,,,,,1469000000,0.051,1491000000,0.066,1035000000,,0.073,52.57,,0.140,0.151,0.197,,10356000000,7744000000,0.748,393.20,7744000000,1300000000,-563000000,-299000000,2429000000,18.00,0.311,,,22494819,2798791,19697729,false,false,12,2019-04-01,2020-03-31,0
2020-05-08,49230,2019-03-31,,6992000000,0.039,,,,,1397000000,0.063,1400000000,0.046,965000000,,-0.006,48.57,,0.136,0.149,0.200,,9401000000,7009000000,0.745,355.75,7009000000,1201000000,-74000000,-1100000000,1992000000,18.00,0.306,,,22494819,2792646,19869549,false,false,12,2018-04-01,2019-03-31,-1
2020-05-08,49230,2021-03-31,,7650000000,0.025,,,,,1235000000,-0.160,1256000000,-0.158,855000000,,-0.174,43.41,,,,,,,,,,,,,,,18.00,0.415,,,,,,false,true,12,2020-04-01,2021-03-31,1
2020-07-30,49230,2021-03-31,1,1203000000,-0.133,,,,,-15000000,,-9000000,,-10000000,,,-0.55,,,,,,9132000000,7405000000,0.811,,7405000000,,,,,,,,,22494819,2803443,19693318,false,false,3,2020-04-01,2020-06-30,0
2020-07-30,49230,2020-03-31,1,1387000000,0.168,,,,,109000000,0.687,115000000,1.393,75000000,,1.778,3.82,,,,,,,,,,,,,,,,,,,,,19699781,false,false,3,2019-04-01,2019-06-30,-1
2020-07-30,49230,2021-03-31,1,7650000000,0.025,,,,,1235000000,-0.160,1256000000,-0.158,855000000,,-0.174,43.41,,,,,,,,,,,,,,,18.00,,,,,,,false,true,12,2020-04-01,2021-03-31,0
2020-07-30,49230,2020-03-31,1,,,,,,,,,,,,,,,,,,,,10356000000,7744000000,0.748,,7744000000,,,,,18.00,,,,22494819,2798791,,false,false,12,2019-04-01,2020-03-31,-1
2020-11-05,49230,2021-03-31,2,3019000000,-0.050,,,,,329000000,-0.249,340000000,-0.243,234000000,,-0.252,11.93,,,,,,9594000000,7650000000,0.797,,7650000000,,,,,,,,,22494819,2804313,19692166,false,false,6,2020-04-01,2020-09-30,0
2020-11-05,49230,2020-03-31,2,3177000000,0.174,,,,,437000000,0.473,449000000,0.573,313000000,,0.516,15.94,,,,,,,,,,,,,,,,,,,,,19698833,false,false,6,2019-04-01,2019-09-30,-1
2020-11-05,49230,2021-03-31,2,7650000000,0.025,,,,,1235000000,-0.160,1256000000,-0.158,855000000,,-0.174,43.41,,,,,,,,,,,,,,,18.00,,,,,,,false,true,12,2020-04-01,2021-03-31,0
2020-11-05,49230,2020-03-31,2,,,,,,,,,,,,,,,,,,,,10356000000,7744000000,0.748,,7744000000,,,,,18.00,,,,22494819,2798791,,false,false,12,2019-04-01,2020-03-31,-1
2020-11-05,49230,2021-03-31,2,,,,,,,,,,,,,,,,,,,,,,,,,,,,,0.00,,,,,,,false,false,12,2020-04-01,2021-03-31,0
2021-02-08,49230,2021-03-31,3,6154000000,0.033,,,,,1541000000,0.104,1559000000,0.104,1081000000,,0.100,54.93,,,,,,11075000000,8495000000,0.767,,8495000000,,,,,,,,,22494819,2805498,19691383,false,false,9,2020-04-01,2020-12-31,0
2021-02-08,49230,2020-03-31,3,5958000000,0.094,,,,,1395000000,0.094,1412000000,0.112,983000000,,0.084,49.92,,,,,,,,,,,,,,,,,,,,,19698273,false,false,9,2019-04-01,2019-12-31,-1
2021-02-08,49230,2021-03-31,3,7650000000,0.025,,,,,1505000000,0.024,1573000000,0.054,1082000000,,0.045,54.95,,,,,,,,,,,,,,,18.00,,,,,,,false,true,12,2020-04-01,2021-03-31,0
2021-02-08,49230,2020-03-31,3,,,,,,,,,,,,,,,,,,,,10356000000,7744000000,0.748,,7744000000,,,,,18.00,,,,22494819,2798791,,false,false,12,2019-04-01,2020-03-31,-1
2021-02-08,49230,2021-03-31,3,,,,,,,,,,,,,,,,,,,,,,,,,,,,,0.00,,,,,,,false,false,12,2020-04-01,2021-03-31,0
2021-05-07,49230,2021-03-31,,7764000000,0.041,,,,,1620000000,0.103,1657000000,0.111,1169000000,,0.129,53.98,53.74,0.143,0.151,0.209,,11585000000,8581000000,0.740,396.13,8578000000,1378000000,-88000000,-331000000,3387000000,18.00,0.303,,,24744300,3089380,21659482,false,false,12,2020-04-01,2021-03-31,0
2021-05-07,49230,2020-03-31,,7460000000,0.067,,,,,1469000000,0.051,1491000000,0.066,1035000000,,0.073,47.79,,0.140,0.151,0.197,,10356000000,7744000000,0.748,357.45,7744000000,1300000000,-563000000,-299000000,2429000000,18.00,0.311,,,24744300,3078670,21667502,false,false,12,2019-04-01,2020-03-31,-1
2021-05-07,49230,2022-03-31,,8004000000,0.093,,,,,1666000000,0.028,1684000000,0.016,1178000000,,0.008,56.11,,,,,,,,,,,,,,,18.00,0.321,,,,,,false,true,12,2021-04-01,2022-03-31,1
2021-07-30,49230,2022-03-31,1,1976000000,0.711,,,,,441000000,,451000000,,317000000,,,15.11,15.07,,,,,10190000000,7822000000,0.767,,7819000000,,,,,,,,,24744300,3664547,21037089,false,false,3,2021-04-01,2021-06-30,0
2021-07-30,49230,2021-03-31,1,1155000000,-0.131,,,,,-15000000,,-9000000,,-10000000,,,-0.50,,,,,,,,,,,,,,,,,,,,,21662650,false,false,3,2020-04-01,2020-06-30,-1
2021-07-30,49230,2022-03-31,1,8200000000,0.120,,,,,1825000000,0.126,1848000000,0.115,1283000000,,0.097,60.89,,,,,,,,,,,,,,,18.00,,,,,,,false,true,12,2021-04-01,2022-03-31,0
2021-07-30,49230,2021-03-31,1,,,,,,,,,,,,,,,,,,,,11585000000,8581000000,0.740,,8578000000,,,,,18.00,,,,24744300,3089380,,false,false,12,2020-04-01,2021-03-31,-1
2021-11-05,49230,2022-03-31,2,3671000000,0.277,,,,,747000000,1.271,764000000,1.245,537000000,,1.287,25.46,25.40,,,,,10812000000,8228000000,0.761,,8226000000,,,,,,,,,24744300,3530436,21098244,false,false,6,2021-04-01,2021-09-30,0
2021-11-05,49230,2021-03-31,2,2874000000,-0.050,,,,,329000000,-0.249,340000000,-0.243,234000000,,-0.252,10.85,,,,,,,,,,,,,,,,,,,,,21661383,false,false,6,2020-04-01,2020-09-30,-1
2021-11-05,49230,2022-03-31,2,8200000000,0.120,,,,,1825000000,0.126,1848000000,0.115,1283000000,,0.097,60.89,,,,,,,,,,,,,,,18.00,,,,,,,false,true,12,2021-04-01,2022-03-31,0
2021-11-05,49230,2021-03-31,2,,,,,,,,,,,,,,,,,,,,11585000000,8581000000,0.740,,8578000000,,,,,18.00,,,,24744300,3089380,,false,false,12,2020-04-01,2021-03-31,-1
2021-11-05,49230,2022-03-31,2,,,,,,,,,,,,,,,,,,,,,,,,,,,,,0.00,,,,,,,false,false,12,2021-04-01,2022-03-31,0
2022-01-28,49230,2022-03-31,3,7023000000,0.211,,,,,2140000000,0.389,2161000000,0.386,1507000000,,0.393,71.21,71.05,,,,,12405000000,9409000000,0.758,,9408000000,,,,,,,,,24744300,3380519,21165898,false,false,9,2021-04-01,2021-12-31,0
2022-01-28,49230,2021-03-31,3,5800000000,0.031,,,,,1541000000,0.104,1559000000,0.104,1081000000,,0.100,49.94,,,,,,,,,,,,,,,,,,,,,21660522,false,false,9,2020-04-01,2020-12-31,-1
2022-01-28,49230,2022-03-31,3,8760000000,0.196,,,,,2215000000,0.367,2239000000,0.351,1589000000,,0.359,74.90,,,,,,,,,,,,,,,20.00,,,,,,,false,true,12,2021-04-01,2022-03-31,0
2022-01-28,49230,2021-03-31,3,,,,,,,,,,,,,,,,,,,,11585000000,8581000000,0.740,,8578000000,,,,,18.00,,,,24744300,3089380,,false,false,12,2020-04-01,2021-03-31,-1
2022-01-28,49230,2022-03-31,3,,,,,,,,,,,,,,,,,,,,,,,,,,,,,0.00,,,,,,,false,false,12,2021-04-01,2022-03-31,0
2022-05-09,49230,2022-03-31,,8691000000,0.187,,,,,2151000000,0.327,2177000000,0.314,1393000000,,0.192,59.62,59.50,0.154,0.177,0.248,,13084000000,9540000000,0.729,402.70,9539000000,1660000000,-1294000000,-434000000,3319000000,20.00,0.305,,,27218730,3530618,23376316,false,false,12,2021-04-01,2022-03-31,0
2022-05-09,49230,2021-03-31,,7324000000,0.039,,,,,1620000000,0.103,1657000000,0.111,1169000000,,0.129,49.07,48.85,0.143,0.151,0.221,,11585000000,8581000000,0.740,360.12,8578000000,1378000000,-88000000,-331000000,3387000000,18.00,0.303,,,27218730,3398318,23825430,false,false,12,2020-04-01,2021-03-31,-1
2022-05-09,49230,2023-03-31,,9113000000,0.049,,,,,2156000000,0.002,2271000000,0.043,1568000000,,0.125,66.19,,,,,,,,,,,,,,,20.00,0.302,,,,,,false,true,12,2022-04-01,2023-03-31,1
2022-07-29,49230,2023-03-31,1,1582000000,-0.199,,,,,95000000,-0.783,101000000,-0.774,64000000,,-0.796,2.74,,,,,,11611000000,9163000000,0.789,,9163000000,,,,,,,,,27218730,3537366,23684693,false,false,3,2022-04-01,2022-06-30,0
2022-07-29,49230,2022-03-31,1,1976000000,0.711,,,,,441000000,,451000000,,317000000,,,13.74,13.70,,,,,,,,,,,,,,,,,,,,23140798,false,false,3,2021-04-01,2021-06-30,-1
2022-07-29,49230,2023-03-31,1,9113000000,0.049,,,,,2156000000,0.002,2271000000,0.043,1568000000,,0.125,66.19,,,,,,,,,,,,,,,20.00,,,,,,,false,true,12,2022-04-01,2023-03-31,0
2022-07-29,49230,2022-03-31,1,,,,,,,,,,,,,,,,,,,,13084000000,9540000000,0.729,,9539000000,,,,,20.00,,,,27218730,3530618,,false,false,12,2021-04-01,2022-03-31,-1
2022-11-07,49230,2023-03-31,2,3384000000,-0.078,,,,,350000000,-0.531,361000000,-0.527,266000000,,-0.504,11.25,,,,,,11759000000,9361000000,0.796,,9361000000,,,,,,,,,27218730,3539725,23682043,false,false,6,2022-04-01,2022-09-30,0
2022-11-07,49230,2022-03-31,2,3671000000,0.277,,,,,747000000,1.271,764000000,1.245,537000000,,1.287,23.15,23.09,,,,,,,,,,,,,,,,,,,,23208069,false,false,6,2021-04-01,2021-09-30,-1
2022-11-07,49230,2023-03-31,2,9113000000,0.049,,,,,2156000000,0.002,2271000000,0.043,1568000000,,0.125,66.19,,,,,,,,,,,,,,,20.00,,,,,,,false,true,12,2022-04-01,2023-03-31,0
2022-11-07,49230,2022-03-31,2,,,,,,,,,,,,,,,,,,,,13084000000,9540000000,0.729,,9539000000,,,,,20.00,,,,27218730,3530618,,false,false,12,2021-04-01,2022-03-31,-1
2022-11-07,49230,2023-03-31,2,,,,,,,,,,,,,,,,,,,,,,,,,,,,,0.00,,,,,,,false,false,12,2022-04-01,2023-03-31,0
2023-01-30,49230,2023-03-31,3,7076000000,0.008,,,,,1917000000,-0.104,2007000000,-0.071,1479000000,,-0.018,62.49,,,,,,13638000000,10571000000,0.775,,10571000000,,,,,,,,,27218730,3541992,23680581,false,false,9,2022-04-01,2022-12-31,0
2023-01-30,49230,2022-03-31,3,7023000000,0.211,,,,,2140000000,0.389,2161000000,0.386,1507000000,,0.393,64.73,64.59,,,,,,,,,,,,,,,,,,,,23282488,false,false,9,2021-04-01,2021-12-31,-1
2023-01-30,49230,2023-03-31,3,8800000000,0.013,,,,,1980000000,-0.080,2074000000,-0.048,1519000000,,0.090,64.37,,,,,,,,,,,,,,,20.00,,,,,,,false,true,12,2022-04-01,2023-03-31,0
2023-01-30,49230,2022-03-31,3,,,,,,,,,,,,,,,,,,,,13084000000,9540000000,0.729,,9539000000,,,,,20.00,,,,27218730,3530618,,false,false,12,2021-04-01,2022-03-31,-1
2023-01-30,49230,2023-03-31,3,,,,,,,,,,,,,,,,,,,,,,,,,,,,,0.00,,,,,,,false,false,12,2022-04-01,2023-03-31,0
2023-05-09,49230,2023-03-31,,8804000000,0.013,,,,,2020000000,-0.061,2115000000,-0.028,1560000000,,0.120,60.14,,0.158,0.158,0.229,,13693000000,10177000000,0.743,396.32,10177000000,1300000000,-473000000,-922000000,3224000000,20.00,0.302,,,29940603,4260562,25956600,false,false,12,2022-04-01,2023-03-31,0
2023-05-09,49230,2022-03-31,,8691000000,0.187,,,,,2151000000,0.327,2177000000,0.314,1393000000,,0.192,54.20,54.09,0.154,0.177,0.248,,13084000000,9540000000,0.729,366.09,9539000000,1660000000,-1294000000,-434000000,3319000000,20.00,0.305,,,29940603,3883680,25713948,false,false,12,2021-04-01,2022-03-31,-1
2023-05-09,49230,2024-03-31,,9400000000,0.068,,,,,2000000000,-0.010,2010000000,-0.050,1394000000,,-0.107,54.28,,,,,,,,,,,,,,,20.00,0.368,,,,,,false,true,12,2023-04-01,2024-03-31,1
2023-07-31,49230,2024-03-31,1,1693000000,0.070,,,,,100000000,0.045,104000000,0.021,61000000,,-0.047,2.41,,,,,,12342000000,9759000000,0.791,,9759000000,,,,,,,,,29940603,4268657,25675717,false,false,3,2023-04-01,2023-06-30,0
2023-07-31,49230,2023-03-31,1,1582000000,-0.199,,,,,95000000,-0.783,101000000,-0.774,64000000,,-0.796,2.49,,,,,,,,,,,,,,,,,,,,,26053163,false,false,3,2022-04-01,2022-06-30,-1
2023-07-31,49230,2024-03-31,1,9400000000,0.068,,,,,2000000000,-0.010,2010000000,-0.050,1394000000,,-0.107,54.28,,,,,,,,,,,,,,,20.00,,,,,,,false,true,12,2023-04-01,2024-03-31,0
2023-07-31,49230,2023-03-31,1,,,,,,,,,,,,,,,,,,,,13693000000,10177000000,0.743,,10177000000,,,,,20.00,,,,29940603,4260562,,false,false,12,2022-04-01,2023-03-31,-1
2023-11-06,49230,2024-03-31,2,3427000000,0.013,,,,,260000000,-0.255,271000000,-0.249,186000000,,-0.299,7.28,,,,,,12421000000,9881000000,0.796,,9881000000,,,,,,,,,29940603,4269778,25673462,false,false,6,2023-04-01,2023-09-30,0
2023-11-06,49230,2023-03-31,2,3384000000,-0.078,,,,,350000000,-0.531,361000000,-0.527,266000000,,-0.504,10.23,,,,,,,,,,,,,,,,,,,,,26050247,false,false,6,2022-04-01,2022-09-30,-1
2023-11-06,49230,2024-03-31,2,9400000000,0.068,,,,,2000000000,-0.010,2010000000,-0.050,1394000000,,-0.107,54.28,,,,,,,,,,,,,,,20.00,,,,,,,false,true,12,2023-04-01,2024-03-31,0
2023-11-06,49230,2023-03-31,2,,,,,,,,,,,,,,,,,,,,13693000000,10177000000,0.743,,10177000000,,,,,20.00,,,,29940603,4260562,,false,false,12,2022-04-01,2023-03-31,-1
2023-11-06,49230,2024-03-31,2,,,,,,,,,,,,,,,,,,,,,,,,,,,,,0.00,,,,,,,false,false,12,2023-04-01,2024-03-31,0
2024-01-31,49230,2024-03-31,3,7309000000,0.033,,,,,1812000000,-0.054,1833000000,-0.087,1278000000,,-0.136,49.80,,,,,,14343000000,10971000000,0.765,,10971000000,,,,,,,,,29940603,4270834,25672404,false,false,9,2023-04-01,2023-12-31,0
2024-01-31,49230,2023-03-31,3,7076000000,0.008,,,,,1917000000,-0.104,2007000000,-0.071,1479000000,,-0.018,56.81,,,,,,,,,,,,,,,,,,,,,26048639,false,false,9,2022-04-01,2022-12-31,-1
2024-01-31,49230,2024-03-31,3,9400000000,0.068,,,,,2000000000,-0.010,2010000000,-0.050,1394000000,,-0.107,54.28,,,,,,,,,,,,,,,20.00,,,,,,,false,true,12,2023-04-01,2024-03-31,0
2024-01-31,49230,2023-03-31,3,,,,,,,,,,,,,,,,,,,,13693000000,10177000000,0.743,,10177000000,,,,,20.00,,,,29940603,4260562,,false,false,12,2022-04-01,2023-03-31,-1
2024-01-31,49230,2024-03-31,3,,,,,,,,,,,,,,,,,,,,,,,,,,,,,0.00,,,,,,,false,false,12,2023-04-01,2024-03-31,0
2024-05-08,49230,2024-03-31,,9136000000,0.038,,,,,1921000000,-0.049,1953000000,-0.077,1349000000,,-0.136,47.78,,0.127,0.137,0.210,,14801000000,11039000000,0.746,391.00,11039000000,2168000000,-1212000000,-485000000,3694000000,20.00,0.381,,,32934663,4699723,28238612,false,false,12,2023-04-01,2024-03-31,0
2024-05-08,49230,2023-03-31,,8804000000,0.013,,,,,2020000000,-0.061,2115000000,-0.028,1560000000,,0.120,54.67,,0.158,0.158,0.229,,13693000000,10177000000,0.743,360.29,10177000000,1300000000,-473000000,-922000000,3224000000,20.00,0.302,,,32934663,4686619,28552260,false,false,12,2022-04-01,2023-03-31,-1
2024-05-08,49230,2025-03-31,,9660000000,0.057,,,,,1972000000,0.026,1985000000,0.016,1380000000,,0.023,48.88,,,,,,,,,,,,,,,20.00,0.409,,,,,,false,true,12,2024-04-01,2025-03-31,1
2024-07-31,49230,2025-03-31,1,1492000000,-0.119,,,,,-88000000,,-103000000,,-81000000,,,-2.87,,,,,,12941000000,10431000000,0.806,,10431000000,,,,,,,,,32934663,4709231,28230186,false,false,3,2024-04-01,2024-06-30,0
2024-07-31,49230,2024-03-31,1,1693000000,0.070,,,,,100000000,0.045,104000000,0.021,61000000,,-0.047,2.19,,,,,,,,,,,,,,,,,,,,,28243289,false,false,3,2023-04-01,2023-06-30,-1
2024-07-31,49230,2025-03-31,1,9660000000,0.057,,,,,1972000000,0.026,1985000000,0.016,1380000000,,0.023,48.88,,,,,,,,,,,,,,,20.00,,,,,,,false,true,12,2024-04-01,2025-03-31,0
2024-07-31,49230,2024-03-31,1,,,,,,,,,,,,,,,,,,,,14801000000,11039000000,0.746,,11039000000,,,,,20.00,,,,32934663,4699723,,false,false,12,2023-04-01,2024-03-31,-1
2024-11-06,49230,2025-03-31,2,3594000000,0.049,,,,,198000000,-0.238,186000000,-0.313,122000000,,-0.346,4.36,,,,,,12552000000,10027000000,0.799,,10027000000,,,,,,,,,32934663,5183892,27990776,false,false,6,2024-04-01,2024-09-30,0
2024-11-06,49230,2024-03-31,2,3427000000,0.013,,,,,260000000,-0.255,271000000,-0.249,186000000,,-0.299,6.61,,,,,,,,,,,,,,,,,,,,,28240808,false,false,6,2023-04-01,2023-09-30,-1
2024-11-06,49230,2025-03-31,2,9660000000,0.057,,,,,1972000000,0.026,1985000000,0.016,1380000000,,0.023,48.88,,,,,,,,,,,,,,,20.00,,,,,,,false,true,12,2024-04-01,2025-03-31,0
2024-11-06,49230,2024-03-31,2,,,,,,,,,,,,,,,,,,,,14801000000,11039000000,0.746,,11039000000,,,,,20.00,,,,32934663,4699723,,false,false,12,2023-04-01,2024-03-31,-1
2024-11-06,49230,2025-03-31,2,,,,,,,,,,,,,,,,,,,,,,,,,,,,,0.00,,,,,,,false,false,12,2024-04-01,2025-03-31,0
2025-01-31,49230,2025-03-31,3,7436000000,0.017,,,,,1700000000,-0.062,1693000000,-0.076,1168000000,,-0.086,41.85,,,,,,14432000000,11072000000,0.767,,11072000000,,,,,,,,,32934663,5184840,27910503,false,false,9,2024-04-01,2024-12-31,0
2025-01-31,49230,2024-03-31,3,7309000000,0.033,,,,,1812000000,-0.054,1833000000,-0.087,1278000000,,-0.136,45.27,,,,,,,,,,,,,,,,,,,,,28239644,false,false,9,2023-04-01,2023-12-31,-1
2025-01-31,49230,2025-03-31,3,9300000000,0.018,,,,,1783000000,-0.072,1780000000,-0.089,1268000000,,-0.060,45.50,,,,,,,,,,,,,,,20.00,,,,,,,false,true,12,2024-04-01,2025-03-31,0
2025-01-31,49230,2024-03-31,3,,,,,,,,,,,,,,,,,,,,14801000000,11039000000,0.746,,11039000000,,,,,20.00,,,,32934663,4699723,,false,false,12,2023-04-01,2024-03-31,-1
2025-01-31,49230,2025-03-31,3,,,,,,,,,,,,,,,,,,,,,,,,,,,,,0.00,,,,,,,false,false,12,2024-04-01,2025-03-31,0
2025-05-08,49230,2025-03-31,,9376000000,0.026,,,,,1831000000,-0.047,1834000000,-0.061,1304000000,,-0.033,46.81,,0.117,0.124,0.195,,14877000000,11207000000,0.753,403.90,11207000000,998000000,-389000000,-1136000000,3167000000,20.00,0.427,,,32934663,5185201,27870266,false,false,12,2024-04-01,2025-03-31,0
2025-05-08,49230,2024-03-31,,9136000000,0.038,,,,,1921000000,-0.049,1953000000,-0.077,1349000000,,-0.136,47.78,,0.127,0.137,0.210,,14801000000,11039000000,0.746,391.00,11039000000,2168000000,-1212000000,-485000000,3694000000,20.00,0.381,,,32934663,4699723,28238612,false,false,12,2023-04-01,2024-03-31,-1
2025-05-08,49230,2026-03-31,,9668000000,0.031,,,,,1916000000,0.046,1948000000,0.062,1368000000,,0.049,49.30,,,,,,,,,,,,,,,20.00,0.406,,,,,,false,true,12,2025-04-01,2026-03-31,1
2025-07-31,49230,2026-03-31,1,1597000000,0.070,,,,,-49000000,,-37000000,,-33000000,,,-1.21,,,,,,13046000000,10618000000,0.814,,10618000000,,,,,,,,,32934663,5185565,27749252,false,false,3,2025-04-01,2025-06-30,0
2025-07-31,49230,2025-03-31,1,1492000000,-0.119,,,,,-88000000,,-103000000,,-81000000,,,-2.87,,,,,,,,,,,,,,,,,,,,,28230186,false,false,3,2024-04-01,2024-06-30,-1
2025-07-31,49230,2026-03-31,1,9668000000,0.031,,,,,1916000000,0.046,1948000000,0.062,1368000000,,0.049,49.30,,,,,,,,,,,,,,,20.00,,,,,,,false,true,12,2025-04-01,2026-03-31,0
2025-07-31,49230,2025-03-31,1,,,,,,,,,,,,,,,,,,,,14877000000,11207000000,0.753,,11207000000,,,,,20.00,,,,32934663,5185201,,false,false,12,2024-04-01,2025-03-31,-1
