filing_date,code,fiscal_year_end,quarterly_period,net_sales,net_sales_change,revenue,revenue_change,operating_revenue,operating_revenue_change,operating_profit,operating_profit_change,ordinary_profit,ordinary_profit_change,net_income,net_income_of_parent,net_income_change,eps,diluted_eps,roe,roa,operating_profit_to_net_sales,operating_profit_to_revenue,total_assets,net_assets,equity_ratio,bps,owner_equity,operating_cash_flow,investing_cash_flow,financing_cash_flow,cash,dividend_per_share,payout_ratio,commemorative_dividend,extra_dividend,number_of_shares,number_of_treqsury_shares,avg_number_of_shares,is_consolidated,is_forecast,duration,period_start,period_end,period_pos
2015-05-11,49260,2015-03-31,,13934000000,-0.072,,,,,539000000,-0.606,597000000,-0.582,302000000,,-0.640,75.51,75.35,0.034,0.051,0.039,,11618000000,8903000000,0.766,2210.05,8896000000,874000000,-366000000,-371000000,2078000000,80.00,1.059,,,4269800,244155,4004941,false,false,12,2014-04-01,2015-03-31,0
2015-05-11,49260,2014-03-31,,15017000000,0.061,,,,,1370000000,0.563,1430000000,0.538,840000000,,0.704,206.73,206.46,0.097,0.124,0.091,,11860000000,8828000000,0.744,2217.27,8824000000,1132000000,-711000000,-690000000,1940000000,80.00,0.387,,,4266100,284259,4063918,false,false,12,2013-04-01,2014-03-31,-1
2015-05-11,49260,2016-03-31,,7179000000,0.054,,,,,260000000,0.334,284000000,0.289,153000000,,0.317,38.06,,,,,,,,,,,,,,,,,,,,,,false,true,6,2015-04-01,2015-09-30,1
2015-05-11,49260,2016-03-31,,14621000000,0.049,,,,,728000000,0.349,777000000,0.302,433000000,,0.433,107.23,,,,,,,,,,,,,,,60.00,0.560,,,,,,false,true,12,2015-04-01,2016-03-31,1
2015-07-31,49260,2016-03-31,1,3135000000,-0.056,,,,,-91000000,,-79000000,,-68000000,,,-16.96,,,,,,11188000000,8710000000,0.778,2157.88,8703000000,,,,,,,,,4269800,236655,4029516,false,false,3,2015-04-01,2015-06-30,0
2015-07-31,49260,2015-03-31,1,3320000000,-0.097,,,,,10000000,-0.966,23000000,-0.927,0,,-1.000,0.01,0.01,,,,,,,,,,,,,,,,,,,,3986596,false,false,3,2014-04-01,2014-06-30,-1
2015-07-31,49260,2016-03-31,1,7179000000,0.054,,,,,260000000,0.334,284000000,0.289,153000000,,0.317,38.06,,,,,,,,,,,,,,,,,,,,,,false,true,6,2015-04-01,2015-09-30,0
2015-07-31,49260,2016-03-31,1,14621000000,0.049,,,,,728000000,0.349,777000000,0.302,433000000,,0.433,107.23,,,,,,,,,,,,,,,60.00,,,,,,,false,true,12,2015-04-01,2016-03-31,0
2015-07-31,49260,2015-03-31,1,,,,,,,,,,,,,,,,,,,,11618000000,8903000000,0.766,2210.05,8896000000,,,,,80.00,,,,4269800,244155,,false,false,12,2014-04-01,2015-03-31,-1
2015-10-30,49260,2016-03-31,2,6241000000,-0.083,,,,,-71000000,,-46000000,,-61000000,,,-15.26,,,,,,10882000000,8727000000,0.801,2155.69,8719000000,,,,,,,,,4271300,226255,4034874,false,false,6,2015-04-01,2015-09-30,0
2015-10-30,49260,2015-03-31,2,6810000000,-0.076,,,,,194000000,-0.688,220000000,-0.664,116000000,,-0.721,29.18,29.14,,,,,,,,,,,,,,,,,,,,3993242,false,false,6,2014-04-01,2014-09-30,-1
2015-10-30,49260,2016-03-31,2,13079000000,-0.061,,,,,124000000,-0.769,174000000,-0.708,88000000,,-0.706,21.98,,,,,,,,,,,,,,,,,,,,,,false,true,12,2015-04-01,2016-03-31,0
2015-10-30,49260,2015-03-31,2,,,,,,,,,,,,,,,,,,,,11618000000,8903000000,0.766,2210.05,8896000000,,,,,80.00,,,,4269800,244155,,false,false,12,2014-04-01,2015-03-31,-1
2015-10-30,49260,2016-03-31,2,,,,,,,,,,,,,,,,,,,,,,,,,,,,,30.00,,,,,,,false,false,12,2015-04-01,2016-03-31,0
2015-10-30,49260,2016-03-31,,13079000000,-0.105,,,,,124000000,-0.828,174000000,-0.776,88000000,,-0.795,21.98,,,,,,,,,,,,,,,,,,,,,,false,true,12,2015-04-01,2016-03-31,0
2015-10-30,49260,2015-03-31,,13934000000,,,,,,539000000,,597000000,,302000000,,,75.51,,,,,,,,,,,,,,,,,,,,,,false,false,12,2014-04-01,2015-03-31,-1
2016-01-29,49260,2016-03-31,3,9603000000,-0.087,,,,,114000000,-0.711,152000000,-0.650,59000000,,-0.764,14.65,14.61,,,,,11128000000,8755000000,0.786,2157.31,8747000000,,,,,,,,,4271300,216255,4039774,false,false,9,2015-04-01,2015-12-31,0
2016-01-29,49260,2015-03-31,3,10512000000,-0.043,,,,,396000000,-0.560,435000000,-0.541,251000000,,-0.567,62.80,62.71,,,,,,,,,,,,,,,,,,,,3999319,false,false,9,2014-04-01,2014-12-31,-1
2016-01-29,49260,2016-03-31,3,13079000000,-0.061,,,,,124000000,-0.769,174000000,-0.708,88000000,,-0.706,21.98,,,,,,,,,,,,,,,,,,,,,,false,true,12,2015-04-01,2016-03-31,0
2016-01-29,49260,2015-03-31,3,,,,,,,,,,,,,,,,,,,,11618000000,8903000000,0.766,2210.05,8896000000,,,,,80.00,,,,4269800,244155,,false,false,12,2014-04-01,2015-03-31,-1
2016-01-29,49260,2016-03-31,3,,,,,,,,,,,,,,,,,,,,,,,,,,,,,30.00,,,,,,,false,false,12,2015-04-01,2016-03-31,0
2016-05-10,49260,2016-03-31,,12833000000,-0.079,,,,,235000000,-0.564,284000000,-0.523,104000000,,-0.655,25.83,25.76,0.012,0.025,0.018,,11155000000,8802000000,0.788,2164.76,8795000000,312000000,-180000000,-290000000,1920000000,50.00,1.936,,,4271300,208355,4044578,false,false,12,2015-04-01,2016-03-31,0
2016-05-10,49260,2015-03-31,,13934000000,-0.072,,,,,539000000,-0.606,597000000,-0.582,302000000,,-0.640,75.51,75.35,0.034,0.051,0.039,,11618000000,8903000000,0.766,2210.05,8896000000,874000000,-366000000,-371000000,2078000000,80.00,1.059,,,4269800,244155,4004941,false,false,12,2014-04-01,2015-03-31,-1
2016-05-10,49260,2017-03-31,,6502000000,0.042,,,,,38000000,,61000000,,25000000,,,5.92,,,,,,,,,,,,,,,,,,,,,,false,true,6,2016-04-01,2016-09-30,1
2016-05-10,49260,2017-03-31,,13469000000,0.050,,,,,458000000,0.949,503000000,0.768,264000000,,1.531,61.88,,,,,,,,,,,,,,,40.00,0.646,,,,,,false,true,12,2016-04-01,2017-03-31,1
2016-05-10,49260,2016-03-31,,12833000000,-0.019,,,,,235000000,0.882,284000000,0.631,104000000,,0.175,25.83,,,,,,,,,,,,,,,20.00,,,,,,,false,true,12,2015-04-01,2016-03-31,0
2016-05-10,49260,2015-03-31,,13934000000,,,,,,539000000,,597000000,,302000000,,,75.51,,,,,,,,,,,,,,,80.00,,,,,,,false,false,12,2014-04-01,2015-03-31,-1
2016-05-10,49260,2016-03-31,,,,,,,,,,,,,,,,,,,,,,,,,,,,,,30.00,,,,,,,false,false,12,2015-04-01,2016-03-31,0
2016-07-29,49260,2017-03-31,1,3130000000,-0.002,,,,,3000000,,15000000,,-2000000,,,-0.54,,,,,,11159000000,8741000000,0.783,2139.41,8734000000,,,,,,,,,4271300,188755,4271300,false,false,3,2016-04-01,2016-06-30,0
2016-07-29,49260,2016-03-31,1,3135000000,-0.056,,,,,-91000000,,-79000000,,-68000000,,,-16.96,,,,,,,,,,,,,,,,,,,,,4029516,false,false,3,2015-04-01,2015-06-30,-1
2016-07-29,49260,2017-03-31,1,6502000000,0.042,,,,,38000000,,61000000,,25000000,,,5.92,,,,,,,,,,,,,,,,,,,,,,false,true,6,2016-04-01,2016-09-30,0
2016-07-29,49260,2017-03-31,1,13469000000,0.050,,,,,458000000,0.949,503000000,0.768,264000000,,1.531,61.88,,,,,,,,,,,,,,,40.00,,,,,,,false,true,12,2016-04-01,2017-03-31,0
2016-07-29,49260,2016-03-31,1,,,,,,,,,,,,,,,,,,,,11155000000,8802000000,0.788,2164.76,8795000000,,,,,50.00,,,,4271300,208355,,false,false,12,2015-04-01,2016-03-31,-1
2016-10-31,49260,2017-03-31,2,6203000000,-0.006,,,,,41000000,,63000000,,23000000,,,5.85,5.84,,,,,11052000000,8796000000,0.795,2147.79,8789000000,,,,,,,,,4271300,178955,4271300,false,false,6,2016-04-01,2016-09-30,0
2016-10-31,49260,2016-03-31,2,6241000000,-0.083,,,,,-71000000,,-46000000,,-61000000,,,-15.26,,,,,,,,,,,,,,,,,,,,,4034874,false,false,6,2015-04-01,2015-09-30,-1
2016-10-31,49260,2017-03-31,2,13469000000,0.050,,,,,458000000,0.949,503000000,0.768,264000000,,1.531,61.88,,,,,,,,,,,,,,,40.00,,,,,,,false,true,12,2016-04-01,2017-03-31,0
2016-10-31,49260,2016-03-31,2,,,,,,,,,,,,,,,,,,,,11155000000,8802000000,0.788,2164.76,8795000000,,,,,50.00,,,,4271300,208355,,false,false,12,2015-04-01,2016-03-31,-1
2016-10-31,49260,2017-03-31,2,,,,,,,,,,,,,,,,,,,,,,,,,,,,,20.00,,,,,,,false,false,12,2016-04-01,2017-03-31,0
2017-01-31,49260,2017-03-31,3,9474000000,-0.013,,,,,266000000,1.333,299000000,0.968,220000000,,2.726,53.98,53.92,,,,,11200000000,8914000000,0.795,2176.59,8907000000,,,,,,,,,4271300,178955,4084159,false,false,9,2016-04-01,2016-12-31,0
2017-01-31,49260,2016-03-31,3,9603000000,-0.087,,,,,114000000,-0.711,152000000,-0.650,59000000,,-0.764,14.65,14.61,,,,,,,,,,,,,,,,,,,,4039774,false,false,9,2015-04-01,2015-12-31,-1
2017-01-31,49260,2017-03-31,3,13469000000,0.050,,,,,458000000,0.949,503000000,0.768,264000000,,1.531,61.88,,,,,,,,,,,,,,,40.00,,,,,,,false,true,12,2016-04-01,2017-03-31,0
2017-01-31,49260,2016-03-31,3,,,,,,,,,,,,,,,,,,,,11155000000,8802000000,0.788,2164.76,8795000000,,,,,50.00,,,,4271300,208355,,false,false,12,2015-04-01,2016-03-31,-1
2017-01-31,49260,2017-03-31,3,,,,,,,,,,,,,,,,,,,,,,,,,,,,,20.00,,,,,,,false,false,12,2016-04-01,2017-03-31,0
2017-05-09,49260,2017-03-31,,12493000000,-0.027,,,,,325000000,0.384,369000000,0.298,176000000,,0.688,43.14,43.08,0.020,0.033,0.026,,11243000000,8874000000,0.789,2166.30,8867000000,638000000,-50000000,-126000000,2381000000,40.00,0.927,,,4272300,179015,4086232,false,false,12,2016-04-01,2017-03-31,0
2017-05-09,49260,2016-03-31,,12833000000,-0.079,,,,,235000000,-0.564,284000000,-0.523,104000000,,-0.655,25.83,25.76,0.012,0.025,0.018,,11155000000,8802000000,0.788,2164.76,8795000000,312000000,-180000000,-290000000,1920000000,50.00,1.936,,,4271300,208355,4044578,false,false,12,2015-04-01,2016-03-31,-1
2017-05-09,49260,2018-03-31,,6226000000,0.004,,,,,82000000,0.983,100000000,0.586,44000000,,0.865,10.42,,,,,,,,,,,,,,,,,,,,,,false,true,6,2017-04-01,2017-09-30,1
2017-05-09,49260,2018-03-31,,12677000000,0.015,,,,,356000000,0.096,396000000,0.072,217000000,,0.233,50.86,,,,,,,,,,,,,,,40.00,0.787,,,,,,false,true,12,2017-04-01,2018-03-31,1
2017-07-31,49260,2018-03-31,1,3174000000,0.014,,,,,119000000,,130000000,7.568,80000000,,,19.64,19.60,,,,,11337000000,8902000000,0.785,2173.09,8895000000,,,,,,,,,4272300,179015,4093285,false,false,3,2017-04-01,2017-06-30,0
2017-07-31,49260,2017-03-31,1,3130000000,-0.002,,,,,3000000,,15000000,,-2000000,,,-0.54,,,,,,,,,,,,,,,,,,,,,4069085,false,false,3,2016-04-01,2016-06-30,-1
2017-07-31,49260,2018-03-31,1,6226000000,0.004,,,,,82000000,0.983,100000000,0.586,44000000,,0.865,10.42,,,,,,,,,,,,,,,,,,,,,,false,true,6,2017-04-01,2017-09-30,0
2017-07-31,49260,2018-03-31,1,12677000000,0.015,,,,,356000000,0.096,396000000,0.072,217000000,,0.233,50.86,,,,,,,,,,,,,,,40.00,,,,,,,false,true,12,2017-04-01,2018-03-31,0
2017-07-31,49260,2017-03-31,1,,,,,,,,,,,,,,,,,,,,11243000000,8874000000,0.789,2166.30,8867000000,,,,,40.00,,,,4272300,179015,,false,false,12,2016-04-01,2017-03-31,-1
2017-10-31,49260,2018-03-31,2,6251000000,0.008,,,,,244000000,4.859,264000000,3.153,157000000,,5.621,38.58,38.51,,,,,11354000000,8994000000,0.792,2195.56,8987000000,,,,,,,,,4272300,179015,4093285,false,false,6,2017-04-01,2017-09-30,0
2017-10-31,49260,2017-03-31,2,6203000000,-0.006,,,,,41000000,,63000000,,23000000,,,5.85,5.84,,,,,,,,,,,,,,,,,,,,4080043,false,false,6,2016-04-01,2016-09-30,-1
2017-10-31,49260,2018-03-31,2,12677000000,0.015,,,,,356000000,0.096,396000000,0.072,217000000,,0.233,50.86,,,,,,,,,,,,,,,40.00,,,,,,,false,true,12,2017-04-01,2018-03-31,0
2017-10-31,49260,2017-03-31,2,,,,,,,,,,,,,,,,,,,,11243000000,8874000000,0.789,2166.30,8867000000,,,,,40.00,,,,4272300,179015,,false,false,12,2016-04-01,2017-03-31,-1
2017-10-31,49260,2018-03-31,2,,,,,,,,,,,,,,,,,,,,,,,,,,,,,20.00,,,,,,,false,false,12,2017-04-01,2018-03-31,0
2018-01-31,49260,2018-03-31,3,9430000000,-0.005,,,,,448000000,0.680,478000000,0.597,285000000,,0.294,69.70,69.54,,,,,11537000000,9104000000,0.789,2219.89,9097000000,,,,,,,,,4277400,179058,4094131,false,false,9,2017-04-01,2017-12-31,0
2018-01-31,49260,2017-03-31,3,9474000000,-0.013,,,,,266000000,1.333,299000000,0.968,220000000,,2.726,53.98,53.92,,,,,,,,,,,,,,,,,,,,4084159,false,false,9,2016-04-01,2016-12-31,-1
2018-01-31,49260,2018-03-31,3,12677000000,0.015,,,,,356000000,0.096,396000000,0.072,217000000,,0.233,50.86,,,,,,,,,,,,,,,40.00,,,,,,,false,true,12,2017-04-01,2018-03-31,0
2018-01-31,49260,2017-03-31,3,,,,,,,,,,,,,,,,,,,,11243000000,8874000000,0.789,2166.30,8867000000,,,,,40.00,,,,4272300,179015,,false,false,12,2016-04-01,2017-03-31,-1
2018-01-31,49260,2018-03-31,3,,,,,,,,,,,,,,,,,,,,,,,,,,,,,20.00,,,,,,,false,false,12,2017-04-01,2018-03-31,0
2018-02-15,49260,2018-03-31,,12496000000,-0.014,,,,,521000000,0.463,557000000,0.405,307000000,,0.415,71.86,,,,,,,,,,,,,,,,,,,,,,false,true,12,2017-04-01,2018-03-31,0
2018-02-15,49260,2017-03-31,,12493000000,,,,,,325000000,,369000000,,176000000,,,43.14,,,,,,,,,,,,,,,,,,,,,,false,false,12,2016-04-01,2017-03-31,-1
2018-05-09,49260,2018-03-31,,12564000000,0.006,,,,,572000000,0.759,625000000,0.694,384000000,,1.182,93.93,93.67,0.043,0.054,0.046,,11782000000,9220000000,0.782,2248.33,9214000000,927000000,-410000000,-162000000,2735000000,40.00,0.426,,,4277400,179058,4095169,false,false,12,2017-04-01,2018-03-31,0
2018-05-09,49260,2017-03-31,,12493000000,-0.027,,,,,325000000,0.384,369000000,0.298,176000000,,0.688,43.14,43.08,0.020,0.033,0.026,,11243000000,8874000000,0.789,2166.30,8867000000,638000000,-50000000,-126000000,2381000000,40.00,0.927,,,4272300,179015,4086232,false,false,12,2016-04-01,2017-03-31,-1
2018-05-09,49260,2019-03-31,,6330000000,0.013,,,,,130000000,-0.468,147000000,-0.441,86000000,,-0.452,21.13,,,,,,,,,,,,,,,,,,,,,,false,true,6,2018-04-01,2018-09-30,1
2018-05-09,49260,2019-03-31,,12755000000,0.015,,,,,313000000,-0.453,348000000,-0.444,207000000,,-0.460,50.29,,,,,,,,,,,,,,,40.00,0.795,,,,,,false,true,12,2018-04-01,2019-03-31,1
2018-07-31,49260,2019-03-31,1,3208000000,0.011,,,,,96000000,-0.194,105000000,-0.189,66000000,,-0.178,16.12,16.07,,,,,11803000000,9215000000,0.780,2247.07,9209000000,,,,,,,,,4277400,179058,4098342,false,false,3,2018-04-01,2018-06-30,0
2018-07-31,49260,2018-03-31,1,3174000000,0.014,,,,,119000000,,130000000,7.568,80000000,,,19.64,19.60,,,,,,,,,,,,,,,,,,,,4093285,false,false,3,2017-04-01,2017-06-30,-1
2018-07-31,49260,2019-03-31,1,6330000000,0.013,,,,,130000000,-0.468,147000000,-0.441,86000000,,-0.452,21.13,,,,,,,,,,,,,,,,,,,,,,false,true,6,2018-04-01,2018-09-30,0
2018-07-31,49260,2019-03-31,1,12755000000,0.015,,,,,313000000,-0.453,348000000,-0.444,207000000,,-0.460,50.29,,,,,,,,,,,,,,,40.00,,,,,,,false,true,12,2018-04-01,2019-03-31,0
2018-07-31,49260,2018-03-31,1,,,,,,,,,,,,,,,,,,,,11782000000,9220000000,0.782,2248.33,9214000000,,,,,40.00,,,,4277400,179058,,false,false,12,2017-04-01,2018-03-31,-1
2018-10-31,49260,2019-03-31,2,6232000000,-0.003,,,,,167000000,-0.316,192000000,-0.270,110000000,,-0.300,26.96,26.89,,,,,11606000000,9249000000,0.796,2255.24,9242000000,,,,,,,,,4277500,179058,4098372,false,false,6,2018-04-01,2018-09-30,0
2018-10-31,49260,2018-03-31,2,6251000000,0.008,,,,,244000000,4.859,264000000,3.153,157000000,,5.621,38.58,38.51,,,,,,,,,,,,,,,,,,,,4093285,false,false,6,2017-04-01,2017-09-30,-1
2018-10-31,49260,2019-03-31,2,12755000000,0.015,,,,,313000000,-0.453,348000000,-0.444,207000000,,-0.460,50.29,,,,,,,,,,,,,,,40.00,,,,,,,false,true,12,2018-04-01,2019-03-31,0
2018-10-31,49260,2018-03-31,2,,,,,,,,,,,,,,,,,,,,11782000000,9220000000,0.782,2248.33,9214000000,,,,,40.00,,,,4277400,179058,,false,false,12,2017-04-01,2018-03-31,-1
2018-10-31,49260,2019-03-31,2,,,,,,,,,,,,,,,,,,,,,,,,,,,,,20.00,,,,,,,false,false,12,2018-04-01,2019-03-31,0
2019-01-31,49260,2019-03-31,3,9375000000,-0.006,,,,,194000000,-0.566,231000000,-0.515,111000000,,-0.610,27.18,27.11,,,,,11570000000,9094000000,0.785,2217.44,9088000000,,,,,,,,,4277500,179059,4098395,false,false,9,2018-04-01,2018-12-31,0
2019-01-31,49260,2018-03-31,3,9430000000,-0.005,,,,,448000000,0.680,478000000,0.597,285000000,,0.294,69.70,69.54,,,,,,,,,,,,,,,,,,,,4094131,false,false,9,2017-04-01,2017-12-31,-1
2019-01-31,49260,2019-03-31,3,12755000000,0.015,,,,,313000000,-0.453,348000000,-0.444,207000000,,-0.460,50.29,,,,,,,,,,,,,,,40.00,,,,,,,false,true,12,2018-04-01,2019-03-31,0
2019-01-31,49260,2018-03-31,3,,,,,,,,,,,,,,,,,,,,11782000000,9220000000,0.782,2248.33,9214000000,,,,,40.00,,,,4277400,179058,,false,false,12,2017-04-01,2018-03-31,-1
2019-01-31,49260,2019-03-31,3,,,,,,,,,,,,,,,,,,,,,,,,,,,,,20.00,,,,,,,false,false,12,2018-04-01,2019-03-31,0
2019-05-10,49260,2019-03-31,,12541000000,,,,,,251000000,,301000000,,,139000000,,33.81,33.73,0.015,0.026,0.020,,11702000000,9486000000,0.810,2216.46,9479000000,348000000,-130000000,-188000000,2864000000,,1.183,,,,,,true,false,12,2018-04-01,2019-03-31,0
2019-05-10,49260,2020-03-31,,6559000000,,,,,,207000000,,230000000,,,127000000,,29.73,,,,,,,,,,,,,,,,,,,,,,true,true,6,2019-04-01,2019-09-30,1
2019-05-10,49260,2020-03-31,,12953000000,0.033,,,,,258000000,0.027,304000000,0.007,,147000000,,34.45,,,,,,,,,,,,,,,,1.161,,,,,,true,true,12,2019-04-01,2020-03-31,1
2019-05-10,49260,2019-03-31,,12376000000,-0.015,,,,,263000000,-0.539,309000000,-0.505,146000000,,-0.620,35.36,35.27,,,,,11700000000,9516000000,0.813,2223.61,9510000000,,,,,40.00,,,,4277500,489,4130716,false,false,12,2018-04-01,2019-03-31,0
2019-05-10,49260,2018-03-31,,12564000000,0.006,,,,,572000000,0.759,625000000,0.694,384000000,,1.182,93.93,93.67,,,,,11782000000,9220000000,0.782,2248.33,9214000000,,,,,40.00,,,,4277400,179058,4095169,false,false,12,2017-04-01,2018-03-31,-1
2019-05-10,49260,2020-03-31,,,,,,,,,,,,,,,,,,,,,,,,,,,,,,40.00,,,,,,,false,true,12,2019-04-01,2020-03-31,1
2019-07-31,49260,2020-03-31,1,2879000000,,,,,,-34000000,,-24000000,,,-33000000,,-7.94,,,,,,11557000000,9362000000,0.810,,9356000000,,,,,,,,,,,,true,false,3,2019-04-01,2019-06-30,0
2019-07-31,49260,2020-03-31,1,6559000000,,,,,,207000000,,230000000,,,127000000,,29.73,,,,,,,,,,,,,,,,,,,,,,true,true,6,2019-04-01,2019-09-30,0
2019-07-31,49260,2020-03-31,1,12953000000,0.033,,,,,258000000,0.027,304000000,0.007,,147000000,,34.45,,,,,,,,,,,,,,,,,,,,,,true,true,12,2019-04-01,2020-03-31,0
2019-07-31,49260,2019-03-31,1,,,,,,,,,,,,,,,,,,,,11702000000,9486000000,0.810,,9479000000,,,,,,,,,,,,true,false,12,2018-04-01,2019-03-31,-1
2019-07-31,49260,2019-03-31,1,,,,,,,,,,,,,,,,,,,,,,,,,,,,,40.00,,,,4277500,489,,false,false,12,2018-04-01,2019-03-31,-1
2019-07-31,49260,2020-03-31,1,,,,,,,,,,,,,,,,,,,,,,,,,,,,,40.00,,,,,,,false,true,12,2019-04-01,2020-03-31,0
2019-07-31,49260,2020-03-31,1,,,,,,,,,,,,,,,,,,,,,,,,,,,,,,,,,4281200,539,4277737,false,false,3,2019-04-01,2019-06-30,0
2019-07-31,49260,2019-03-31,1,,,,,,,,,,,,,,,,,,,,,,,,,,,,,,,,,,,4098342,false,false,3,2018-04-01,2018-06-30,-1
2019-10-31,49260,2020-03-31,2,6130000000,,,,,,150000000,,176000000,,,85000000,,19.97,19.95,,,,,11794000000,9476000000,0.803,,9471000000,,,,,,,,,,,,true,false,6,2019-04-01,2019-09-30,0
2019-10-31,49260,2020-03-31,2,12953000000,0.033,,,,,258000000,0.027,304000000,0.007,,147000000,,34.45,,,,,,,,,,,,,,,,,,,,,,true,true,12,2019-04-01,2020-03-31,0
2019-10-31,49260,2019-03-31,2,,,,,,,,,,,,,,,,,,,,11702000000,9486000000,0.810,,9479000000,,,,,,,,,,,,true,false,12,2018-04-01,2019-03-31,-1
2019-10-31,49260,2019-03-31,2,,,,,,,,,,,,,,,,,,,,,,,,,,,,,40.00,,,,4277500,489,,false,false,12,2018-04-01,2019-03-31,-1
2019-10-31,49260,2020-03-31,2,,,,,,,,,,,,,,,,,,,,,,,,,,,,,20.00,,,,,,,false,false,12,2019-04-01,2020-03-31,0
2019-10-31,49260,2020-03-31,2,,,,,,,,,,,,,,,,,,,,,,,,,,,,,40.00,,,,,,,false,true,12,2019-04-01,2020-03-31,0
2019-10-31,49260,2020-03-31,2,,,,,,,,,,,,,,,,,,,,,,,,,,,,,,,,,4281200,539,4279207,false,false,6,2019-04-01,2019-09-30,0
2019-10-31,49260,2019-03-31,2,,,,,,,,,,,,,,,,,,,,,,,,,,,,,,,,,,,4098342,false,false,6,2018-04-01,2018-09-30,-1
2020-01-31,49260,2020-03-31,3,8636000000,,,,,,-123000000,,-83000000,,,-372000000,,-87.13,,,,,,11039000000,8926000000,0.808,,8921000000,,,,,,,,,,,,true,false,9,2019-04-01,2019-12-31,0
2020-01-31,49260,2020-03-31,3,11407000000,0.910,,,,,-304000000,,-252000000,,,-563000000,,-131.70,,,,,,,,,,,,,,,,,,,,,,true,true,12,2019-04-01,2020-03-31,0
2020-01-31,49260,2019-03-31,3,,,,,,,,,,,,,,,,,,,,11702000000,9486000000,0.810,,9479000000,,,,,,,,,,,,true,false,12,2018-04-01,2019-03-31,-1
2020-01-31,49260,2019-03-31,3,,,,,,,,,,,,,,,,,,,,,,,,,,,,,40.00,,,,4277500,489,,false,false,12,2018-04-01,2019-03-31,-1
2020-01-31,49260,2020-03-31,3,,,,,,,,,,,,,,,,,,,,,,,,,,,,,20.00,,,,,,,false,false,12,2019-04-01,2020-03-31,0
2020-01-31,49260,2020-03-31,3,,,,,,,,,,,,,,,,,,,,,,,,,,,,,40.00,,,,,,,false,true,12,2019-04-01,2020-03-31,0
2020-01-31,49260,2020-03-31,3,,,,,,,,,,,,,,,,,,,,,,,,,,,,,,,,,4281200,539,4279694,false,false,9,2019-04-01,2019-12-31,0
2020-01-31,49260,2019-03-31,3,,,,,,,,,,,,,,,,,,,,,,,,,,,,,,,,,,,4098395,false,false,9,2018-04-01,2018-12-31,-1
2020-05-15,49260,2020-03-31,,11101000000,-0.115,,,,,-318000000,,-270000000,,,-1070000000,,-250.02,,-0.121,-0.025,-0.029,,10229000000,8188000000,0.800,1911.83,8183000000,92000000,25000000,-141000000,2838000000,,,,,,,,true,false,12,2019-04-01,2020-03-31,0
2020-05-15,49260,2019-03-31,,12541000000,,,,,,251000000,,301000000,,,139000000,,33.81,33.73,0.015,0.026,0.020,,11702000000,9486000000,0.810,2216.46,9479000000,348000000,-130000000,-188000000,2864000000,,1.183,,,,,,true,false,12,2018-04-01,2019-03-31,-1
2020-05-15,49260,2020-03-31,,10927000000,-0.117,,,,,-312000000,,-266000000,,-1062000000,,,-248.18,,,,,,10220000000,8228000000,0.805,1921.22,8224000000,,,,,20.00,,,,4281200,539,4279934,false,false,12,2019-04-01,2020-03-31,0
2020-05-15,49260,2019-03-31,,12376000000,-0.015,,,,,263000000,-0.539,309000000,-0.505,146000000,,-0.620,35.36,35.27,,,,,11700000000,9516000000,0.813,2223.61,9510000000,,,,,40.00,,,,4277500,489,4130716,false,false,12,2018-04-01,2019-03-31,-1
2020-05-15,49260,2021-03-31,,,,,,,,,,,,,,,,,,,,,,,,,,,,,,0.00,,,,,,,false,true,12,2020-04-01,2021-03-31,1
2020-05-15,49260,2020-03-31,,11101000000,-0.115,,,,,-318000000,,-270000000,,,-1070000000,,-250.02,,-0.121,-0.025,-0.029,,10229000000,8188000000,0.800,1911.83,8183000000,100000000,15000000,-141000000,2838000000,,,,,,,,true,false,12,2019-04-01,2020-03-31,0
2020-05-15,49260,2019-03-31,,12541000000,,,,,,251000000,,301000000,,,139000000,,33.81,33.73,0.015,0.026,0.020,,11702000000,9486000000,0.810,2216.46,9479000000,348000000,-130000000,-188000000,2864000000,,1.183,,,,,,true,false,12,2018-04-01,2019-03-31,-1
2020-05-15,49260,2020-03-31,,10927000000,-0.117,,,,,-312000000,,-266000000,,-1062000000,,,-248.18,,,,,,10220000000,8228000000,0.805,1921.22,8224000000,,,,,20.00,,,,4281200,539,4279934,false,false,12,2019-04-01,2020-03-31,0
2020-05-15,49260,2019-03-31,,12376000000,-0.015,,,,,263000000,-0.539,309000000,-0.505,146000000,,-0.620,35.36,35.27,,,,,11700000000,9516000000,0.813,2223.61,9510000000,,,,,40.00,,,,4277500,489,4130716,false,false,12,2018-04-01,2019-03-31,-1
2020-05-15,49260,2021-03-31,,,,,,,,,,,,,,,,,,,,,,,,,,,,,,0.00,,,,,,,false,true,12,2020-04-01,2021-03-31,1
2020-07-31,49260,2021-03-31,1,1581000000,-0.451,,,,,-724000000,,-713000000,,,-724000000,,-169.14,,,,,,9375000000,7462000000,0.795,,7458000000,,,,,,,,,,,,true,false,3,2020-04-01,2020-06-30,0
2020-07-31,49260,2020-03-31,1,2879000000,,,,,,-34000000,,-24000000,,,-33000000,,-7.94,,,,,,,,,,,,,,,,,,,,,,true,false,3,2019-04-01,2019-06-30,-1
2020-07-31,49260,2020-03-31,1,,,,,,,,,,,,,,,,,,,,10229000000,8188000000,0.800,,8183000000,,,,,,,,,,,,true,false,12,2019-04-01,2020-03-31,-1
2020-07-31,49260,2020-03-31,1,,,,,,,,,,,,,,,,,,,,,,,,,,,,,20.00,,,,4281200,539,,false,false,12,2019-04-01,2020-03-31,-1
2020-07-31,49260,2021-03-31,1,,,,,,,,,,,,,,,,,,,,,,,,,,,,,0.00,,,,,,,false,true,12,2020-04-01,2021-03-31,0
2020-07-31,49260,2021-03-31,1,,,,,,,,,,,,,,,,,,,,,,,,,,,,,,,,,4281200,539,4281200,false,false,3,2020-04-01,2020-06-30,0
2020-07-31,49260,2020-03-31,1,,,,,,,,,,,,,,,,,,,,,,,,,,,,,,,,,,,4277737,false,false,3,2019-04-01,2019-06-30,-1
2020-08-21,49260,2021-03-31,,3911000000,,,,,,-948000000,,-930000000,,,-964000000,,-225.30,,,,,,,,,,,,,,,,,,,,,,true,true,6,2020-04-01,2020-09-30,0
2020-08-21,49260,2020-03-31,,6130000000,,,,,,150000000,,176000000,,,85000000,,19.97,,,,,,,,,,,,,,,,,,,,,,true,false,6,2019-04-01,2019-09-30,-1
2020-08-21,49260,2021-03-31,,8716000000,,,,,,-1608000000,,-1379000000,,,-1427000000,,-333.39,,,,,,,,,,,,,,,,,,,,,,true,true,12,2020-04-01,2021-03-31,0
2020-08-21,49260,2020-03-31,,11101000000,,,,,,-318000000,,-270000000,,,-1070000000,,-250.02,,,,,,,,,,,,,,,,,,,,,,true,false,12,2019-04-01,2020-03-31,-1
2020-10-30,49260,2021-03-31,2,4140000000,-0.325,,,,,-813000000,,-582000000,,,-612000000,,-143.11,,,,,,9514000000,7572000000,0.795,,7568000000,,,,,,,,,,,,true,false,6,2020-04-01,2020-09-30,0
2020-10-30,49260,2020-03-31,2,6130000000,,,,,,150000000,,176000000,,,85000000,,19.97,19.95,,,,,,,,,,,,,,,,,,,,,true,false,6,2019-04-01,2019-09-30,-1
2020-10-30,49260,2021-03-31,2,8716000000,-0.215,,,,,-1608000000,,-1379000000,,,-1427000000,,-333.39,,,,,,,,,,,,,,,,,,,,,,true,true,12,2020-04-01,2021-03-31,0
2020-10-30,49260,2020-03-31,2,,,,,,,,,,,,,,,,,,,,10229000000,8188000000,0.800,,8183000000,,,,,,,,,,,,true,false,12,2019-04-01,2020-03-31,-1
2020-10-30,49260,2020-03-31,2,,,,,,,,,,,,,,,,,,,,,,,,,,,,,20.00,,,,4281200,539,,false,false,12,2019-04-01,2020-03-31,-1
2020-10-30,49260,2021-03-31,2,,,,,,,,,,,,,,,,,,,,,,,,,,,,,0.00,,,,,,,false,false,12,2020-04-01,2021-03-31,0
2020-10-30,49260,2021-03-31,2,,,,,,,,,,,,,,,,,,,,,,,,,,,,,0.00,,,,,,,false,true,12,2020-04-01,2021-03-31,0
2020-10-30,49260,2021-03-31,2,,,,,,,,,,,,,,,,,,,,,,,,,,,,,,,,,4281200,539,4280661,false,false,6,2020-04-01,2020-09-30,0
2020-10-30,49260,2020-03-31,2,,,,,,,,,,,,,,,,,,,,,,,,,,,,,,,,,,,4279207,false,false,6,2019-04-01,2019-09-30,-1
2021-01-29,49260,2021-03-31,3,6652000000,-0.230,,,,,-824000000,,-486000000,,,-540000000,,-126.30,,,,,,9630000000,7683000000,0.797,,7678000000,,,,,,,,,,,,true,false,9,2020-04-01,2020-12-31,0
2021-01-29,49260,2020-03-31,3,8636000000,,,,,,-123000000,,-83000000,,,-372000000,,-87.13,,,,,,,,,,,,,,,,,,,,,,true,false,9,2019-04-01,2019-12-31,-1
2021-01-29,49260,2021-03-31,3,8716000000,-0.215,,,,,-1608000000,,-1379000000,,,-1427000000,,-333.39,,,,,,,,,,,,,,,,,,,,,,true,true,12,2020-04-01,2021-03-31,0
2021-01-29,49260,2020-03-31,3,,,,,,,,,,,,,,,,,,,,10229000000,8188000000,0.800,,8183000000,,,,,,,,,,,,true,false,12,2019-04-01,2020-03-31,-1
2021-01-29,49260,2020-03-31,3,,,,,,,,,,,,,,,,,,,,,,,,,,,,,20.00,,,,4281200,539,,false,false,12,2019-04-01,2020-03-31,-1
2021-01-29,49260,2021-03-31,3,,,,,,,,,,,,,,,,,,,,,,,,,,,,,0.00,,,,,,,false,false,12,2020-04-01,2021-03-31,0
2021-01-29,49260,2021-03-31,3,,,,,,,,,,,,,,,,,,,,,,,,,,,,,0.00,,,,,,,false,true,12,2020-04-01,2021-03-31,0
2021-01-29,49260,2021-03-31,3,,,,,,,,,,,,,,,,,,,,,,,,,,,,,,,,,4281200,539,4280661,false,false,9,2020-04-01,2020-12-31,0
2021-01-29,49260,2020-03-31,3,,,,,,,,,,,,,,,,,,,,,,,,,,,,,,,,,,,4279694,false,false,9,2019-04-01,2019-12-31,-1
2021-02-26,49260,2021-03-31,,8911000000,0.022,,,,,-1165000000,,-768000000,,,-911000000,,-213.05,,,,,,,,,,,,,,,,,,,,,,true,true,12,2020-04-01,2021-03-31,0
2021-02-26,49260,2020-03-31,,11101000000,,,,,,-318000000,,-270000000,,,-1070000000,,-250.02,,,,,,,,,,,,,,,,,,,,,,true,false,12,2019-04-01,2020-03-31,-1
2021-05-11,49260,2021-03-31,,9101000000,-0.180,,,,,-903000000,,-509000000,,,-621000000,,-145.27,,-0.079,-0.052,-0.099,,9564000000,7596000000,0.794,1773.54,7591000000,-693000000,161000000,-6000000,2308000000,,,,,,,,true,false,12,2020-04-01,2021-03-31,0
2021-05-11,49260,2020-03-31,,11101000000,-0.115,,,,,-318000000,,-270000000,,,-1070000000,,-250.02,,-0.121,-0.025,-0.029,,10229000000,8188000000,0.800,1911.83,8183000000,100000000,15000000,-141000000,2838000000,,,,,,,,true,false,12,2019-04-01,2020-03-31,-1
2021-05-11,49260,2022-03-31,,5220000000,0.260,,,,,13000000,,32000000,,,-23000000,,-5.53,,,,,,,,,,,,,,,,,,,,,,true,true,6,2021-04-01,2021-09-30,1
2021-05-11,49260,2022-03-31,,10733000000,0.179,,,,,141000000,,171000000,,,51000000,,12.11,,,,,,,,,,,,,,,,,,,,,,true,true,12,2021-04-01,2022-03-31,1
2021-05-11,49260,2021-03-31,,8918000000,-0.184,,,,,-902000000,,-506000000,,-618000000,,,-144.53,,,,,,9556000000,7639000000,0.799,1783.65,7635000000,,,,,0.00,,,,4281200,579,4280659,false,false,12,2020-04-01,2021-03-31,0
2021-05-11,49260,2020-03-31,,10927000000,-0.117,,,,,-312000000,,-266000000,,-1062000000,,,-248.18,,,,,,10220000000,8228000000,0.805,1921.22,8224000000,,,,,20.00,,,,4281200,539,4279934,false,false,12,2019-04-01,2020-03-31,-1
2021-08-04,49260,2022-03-31,1,2347000000,,,,,,6000000,,48000000,,,29000000,,6.86,,,,,,9505000000,6220000000,0.654,,6215000000,,,,,,,,,,,,true,false,3,2021-04-01,2021-06-30,0
2021-08-04,49260,2021-03-31,1,1581000000,-0.451,,,,,-724000000,,-713000000,,,-724000000,,-169.14,,,,,,,,,,,,,,,,,,,,,,true,false,3,2020-04-01,2020-06-30,-1
2021-08-04,49260,2022-03-31,1,5220000000,,,,,,13000000,,32000000,,,-23000000,,-5.53,,,,,,,,,,,,,,,,,,,,,,true,true,6,2021-04-01,2021-09-30,0
2021-08-04,49260,2022-03-31,1,10733000000,,,,,,141000000,,171000000,,,51000000,,12.11,,,,,,,,,,,,,,,,,,,,,,true,true,12,2021-04-01,2022-03-31,0
2021-08-04,49260,2021-03-31,1,,,,,,,,,,,,,,,,,,,,9564000000,7596000000,0.794,,7591000000,,,,,,,,,,,,true,false,12,2020-04-01,2021-03-31,-1
2021-08-04,49260,2022-03-31,1,,,,,,,,,,,,,,,,,,,,,,,,,,,,,,,,,4281200,579,4280621,false,false,3,2021-04-01,2021-06-30,0
2021-08-04,49260,2021-03-31,1,,,,,,,,,,,,,,,,,,,,,,,,,,,,,,,,,4281200,539,,false,false,12,2020-04-01,2021-03-31,-1
2021-08-04,49260,2021-03-31,1,,,,,,,,,,,,,,,,,,,,,,,,,,,,,,,,,,,4280661,false,false,3,2020-04-01,2020-06-30,-1
2021-11-04,4926,2022-03-31,2,4683000000,,,,,,116000000,,191000000,,,189000000,,44.36,,,,,,9363000000,6354000000,0.678,,6350000000,,,,,,,,,,,,true,false,6,2021-04-01,2021-09-30,0
2021-11-04,4926,2021-03-31,2,4140000000,-0.325,,,,,-813000000,,-582000000,,,-612000000,,-143.11,,,,,,,,,,,,,,,,,,,,,,true,false,6,2020-04-01,2020-09-30,-1
2021-11-04,4926,2022-03-31,2,10733000000,,,,,,141000000,,171000000,,,51000000,,12.11,,,,,,,,,,,,,,,,,,,,,,true,true,12,2021-04-01,2022-03-31,0
2021-11-04,4926,2021-03-31,2,,,,,,,,,,,,,,,,,,,,9564000000,7596000000,0.794,,7591000000,,,,,,,,,,,,true,false,12,2020-04-01,2021-03-31,-1
2021-11-04,4926,2021-03-31,2,,,,,,,,,,,,,,,,,,,,,,,,,,,,,0.00,,,,4281200,579,,false,false,12,2020-04-01,2021-03-31,-1
2021-11-04,4926,2022-03-31,2,,,,,,,,,,,,,,,,,,,,,,,,,,,,,0.00,,,,,,,false,false,12,2021-04-01,2022-03-31,0
2021-11-04,4926,2022-03-31,2,,,,,,,,,,,,,,,,,,,,,,,,,,,,,,,,,4281200,579,4280621,false,false,6,2021-04-01,2021-09-30,0
2021-11-04,4926,2021-03-31,2,,,,,,,,,,,,,,,,,,,,,,,,,,,,,,,,,,,4280661,false,false,6,2020-04-01,2020-09-30,-1
2022-02-02,4926,2022-03-31,3,7035000000,,,,,,239000000,,336000000,,,315000000,,73.73,,,,,,9526000000,6465000000,0.678,,6460000000,,,,,,,,,,,,true,false,9,2021-04-01,2021-12-31,0
2022-02-02,4926,2021-03-31,3,6652000000,-0.230,,,,,-824000000,,-486000000,,,-540000000,,-126.30,,,,,,,,,,,,,,,,,,,,,,true,false,9,2020-04-01,2020-12-31,-1
2022-02-02,4926,2022-03-31,3,9325000000,,,,,,302000000,,405000000,,,342000000,,80.00,,,,,,,,,,,,,,,,,,,,,,true,true,12,2021-04-01,2022-03-31,0
2022-02-02,4926,2021-03-31,3,,,,,,,,,,,,,,,,,,,,9564000000,7596000000,0.794,,7591000000,,,,,,,,,,,,true,false,12,2020-04-01,2021-03-31,-1
2022-02-02,4926,2021-03-31,3,,,,,,,,,,,,,,,,,,,,,,,,,,,,,0.00,,,,4281200,579,,false,false,12,2020-04-01,2021-03-31,-1
2022-02-02,4926,2022-03-31,3,,,,,,,,,,,,,,,,,,,,,,,,,,,,,0.00,,,,,,,false,false,12,2021-04-01,2022-03-31,0
2022-02-02,4926,2022-03-31,3,,,,,,,,,,,,,,,,,,,,,,,,,,,,,10.00,,,,,,,false,true,12,2021-04-01,2022-03-31,0
2022-02-02,4926,2022-03-31,3,,,,,,,,,,,,,,,,,,,,,,,,,,,,,,,,,4281200,639,4280603,false,false,9,2021-04-01,2021-12-31,0
2022-02-02,4926,2021-03-31,3,,,,,,,,,,,,,,,,,,,,,,,,,,,,,,,,,,,4280661,false,false,9,2020-04-01,2020-12-31,-1
2022-05-12,4926,2022-03-31,,9153000000,,,,,,193000000,,301000000,,,44000000,,10.48,,0.007,0.032,0.021,,9563000000,6200000000,0.648,1447.45,6195000000,433000000,44000000,-6000000,2784000000,,0.954,,,,,,true,false,12,2021-04-01,2022-03-31,0
2022-05-12,4926,2021-03-31,,9101000000,-0.180,,,,,-903000000,,-509000000,,,-621000000,,-145.27,,-0.079,-0.052,-0.099,,9564000000,7596000000,0.794,1773.54,7591000000,-693000000,161000000,-6000000,2308000000,,,,,,,,true,false,12,2020-04-01,2021-03-31,-1
2022-05-12,4926,2023-03-31,,4885000000,1.043,,,,,115000000,0.985,113000000,0.595,,-99000000,,-23.25,,,,,,,,,,,,,,,,,,,,,,true,true,6,2022-04-01,2022-09-30,1
2022-05-12,4926,2023-03-31,,9814000000,1.072,,,,,453000000,2.343,451000000,1.497,,184000000,,43.20,,,,,,,,,,,,,,,,0.463,,,,,,true,true,12,2022-04-01,2023-03-31,1
2022-05-12,4926,2022-03-31,,8992000000,,,,,,200000000,,309000000,,53000000,,,12.46,,,,,,9570000000,6245000000,0.652,1457.95,6240000000,,,,,10.00,,,,4281200,639,4280593,false,false,12,2021-04-01,2022-03-31,0
2022-05-12,4926,2021-03-31,,8918000000,-0.184,,,,,-902000000,,-506000000,,-618000000,,,-144.53,,,,,,9556000000,7639000000,0.799,1783.65,7635000000,,,,,0.00,,,,4281200,579,4280659,false,false,12,2020-04-01,2021-03-31,-1
2022-05-12,4926,2023-03-31,,,,,,,,,,,,,,,,,,,,,,,,,,,,,,20.00,,,,,,,false,true,12,2022-04-01,2023-03-31,1
2022-08-04,4926,2023-03-31,1,2125000000,-0.095,,,,,-18000000,,-11000000,,,-27000000,,-6.49,,,,,,9364000000,6122000000,0.653,,6117000000,,,,,,,,,,,,true,false,3,2022-04-01,2022-06-30,0
2022-08-04,4926,2022-03-31,1,2347000000,,,,,,6000000,,48000000,,,29000000,,6.86,,,,,,,,,,,,,,,,,,,,,,true,false,3,2021-04-01,2021-06-30,-1
2022-08-04,4926,2023-03-31,1,4885000000,1.043,,,,,115000000,0.985,113000000,0.595,,-99000000,,-23.25,,,,,,,,,,,,,,,,,,,,,,true,true,6,2022-04-01,2022-09-30,0
2022-08-04,4926,2023-03-31,1,9814000000,1.072,,,,,453000000,2.343,451000000,1.497,,184000000,,43.20,,,,,,,,,,,,,,,,,,,,,,true,true,12,2022-04-01,2023-03-31,0
2022-08-04,4926,2022-03-31,1,,,,,,,,,,,,,,,,,,,,9563000000,6200000000,0.648,,6195000000,,,,,,,,,,,,true,false,12,2021-04-01,2022-03-31,-1
2022-08-04,4926,2022-03-31,1,,,,,,,,,,,,,,,,,,,,,,,,,,,,,10.00,,,,4281200,639,,false,false,12,2021-04-01,2022-03-31,-1
2022-08-04,4926,2023-03-31,1,,,,,,,,,,,,,,,,,,,,,,,,,,,,,20.00,,,,,,,false,true,12,2022-04-01,2023-03-31,0
2022-08-04,4926,2023-03-31,1,,,,,,,,,,,,,,,,,,,,,,,,,,,,,,,,,4281200,639,4280561,false,false,3,2022-04-01,2022-06-30,0
2022-08-04,4926,2022-03-31,1,,,,,,,,,,,,,,,,,,,,,,,,,,,,,,,,,,,4280621,false,false,3,2021-04-01,2021-06-30,-1
2022-11-04,4926,2023-03-31,2,4297000000,-0.082,,,,,-62000000,,-52000000,,,-309000000,,-72.36,,,,,,8897000000,5852000000,0.658,,5852000000,,,,,,,,,,,,true,false,6,2022-04-01,2022-09-30,0
2022-11-04,4926,2022-03-31,2,4683000000,,,,,,116000000,,191000000,,,189000000,,44.36,,,,,,,,,,,,,,,,,,,,,,true,false,6,2021-04-01,2021-09-30,-1
2022-11-04,4926,2023-03-31,2,9814000000,1.072,,,,,453000000,2.343,451000000,1.497,,184000000,,43.20,,,,,,,,,,,,,,,,,,,,,,true,true,12,2022-04-01,2023-03-31,0
2022-11-04,4926,2022-03-31,2,,,,,,,,,,,,,,,,,,,,9563000000,6200000000,0.648,,6195000000,,,,,,,,,,,,true,false,12,2021-04-01,2022-03-31,-1
2022-11-04,4926,2022-03-31,2,,,,,,,,,,,,,,,,,,,,,,,,,,,,,10.00,,,,4281200,639,,false,false,12,2021-04-01,2022-03-31,-1
2022-11-04,4926,2023-03-31,2,,,,,,,,,,,,,,,,,,,,,,,,,,,,,10.00,,,,,,,false,false,12,2022-04-01,2023-03-31,0
2022-11-04,4926,2023-03-31,2,,,,,,,,,,,,,,,,,,,,,,,,,,,,,20.00,,,,,,,false,true,12,2022-04-01,2023-03-31,0
2022-11-04,4926,2023-03-31,2,,,,,,,,,,,,,,,,,,,,,,,,,,,,,,,,,4281200,639,4280561,false,false,6,2022-04-01,2022-09-30,0
2022-11-04,4926,2022-03-31,2,,,,,,,,,,,,,,,,,,,,,,,,,,,,,,,,,,,4280621,false,false,6,2021-04-01,2021-09-30,-1
2023-02-03,4926,2023-03-31,3,6366000000,-0.095,,,,,-100000000,,-85000000,,,-388000000,,-90.84,,,,,,8851000000,5748000000,0.649,,5747000000,,,,,,,,,,,,true,false,9,2022-04-01,2022-12-31,0
2023-02-03,4926,2022-03-31,3,7035000000,,,,,,239000000,,336000000,,,315000000,,73.73,,,,,,,,,,,,,,,,,,,,,,true,false,9,2021-04-01,2021-12-31,-1
2023-02-03,4926,2023-03-31,3,8279000000,-0.096,,,,,-312000000,,-298000000,,,-618000000,,-144.38,,,,,,,,,,,,,,,,,,,,,,true,true,12,2022-04-01,2023-03-31,0
2023-02-03,4926,2022-03-31,3,,,,,,,,,,,,,,,,,,,,9563000000,6200000000,0.648,,6195000000,,,,,,,,,,,,true,false,12,2021-04-01,2022-03-31,-1
2023-02-03,4926,2022-03-31,3,,,,,,,,,,,,,,,,,,,,,,,,,,,,,10.00,,,,4281200,639,,false,false,12,2021-04-01,2022-03-31,-1
2023-02-03,4926,2023-03-31,3,,,,,,,,,,,,,,,,,,,,,,,,,,,,,10.00,,,,,,,false,false,12,2022-04-01,2023-03-31,0
2023-02-03,4926,2023-03-31,3,,,,,,,,,,,,,,,,,,,,,,,,,,,,,10.00,,,,,,,false,true,12,2022-04-01,2023-03-31,0
2023-02-03,4926,2023-03-31,3,,,,,,,,,,,,,,,,,,,,,,,,,,,,,,,,,4281200,639,4280561,false,false,9,2022-04-01,2022-12-31,0
2023-02-03,4926,2022-03-31,3,,,,,,,,,,,,,,,,,,,,,,,,,,,,,,,,,,,4280603,false,false,9,2021-04-01,2021-12-31,-1
2023-05-11,4926,2023-03-31,,8525000000,-0.069,,,,,-145000000,,-127000000,,,-421000000,,-98.53,,-0.071,-0.014,-0.017,,8838000000,5710000000,0.646,1333.71,5709000000,-81000000,1353000000,-91000000,3967000000,,,,,,,,true,false,12,2022-04-01,2023-03-31,0
2023-05-11,4926,2022-03-31,,9153000000,,,,,,193000000,,301000000,,,44000000,,10.48,,0.007,0.032,0.021,,9563000000,6200000000,0.648,1447.45,6195000000,433000000,44000000,-6000000,2784000000,,0.954,,,,,,true,false,12,2021-04-01,2022-03-31,-1
2023-05-11,4926,2024-03-31,,4444000000,0.034,,,,,78000000,,79000000,,,28000000,,6.68,,,,,,,,,,,,,,,,,,,,,,true,true,6,2023-04-01,2023-09-30,1
2023-05-11,4926,2024-03-31,,8902000000,0.044,,,,,200000000,,202000000,,,74000000,,17.46,,,,,,,,,,,,,,,,0.859,,,,,,true,true,12,2023-04-01,2024-03-31,1
2023-05-11,4926,2023-03-31,,8346000000,-0.071,,,,,-145000000,,-126000000,,-420000000,,,-98.23,,,,,,8842000000,5753000000,0.651,1343.86,5752000000,,,,,10.00,,,,4281200,639,4280561,false,false,12,2022-04-01,2023-03-31,0
2023-05-11,4926,2022-03-31,,8992000000,,,,,,200000000,,309000000,,53000000,,,12.46,,,,,,9570000000,6245000000,0.652,1457.95,6240000000,,,,,10.00,,,,4281200,639,4280593,false,false,12,2021-04-01,2022-03-31,-1
2023-05-11,4926,2024-03-31,,,,,,,,,,,,,,,,,,,,,,,,,,,,,,15.00,,,,,,,false,true,12,2023-04-01,2024-03-31,1
2023-08-04,4926,2024-03-31,1,2104000000,-0.010,,,,,-2000000,,-1000000,,,-18000000,,-4.39,,,,,,8748000000,5698000000,0.651,,5697000000,,,,,,,,,,,,true,false,3,2023-04-01,2023-06-30,0
2023-08-04,4926,2023-03-31,1,2125000000,-0.095,,,,,-18000000,,-11000000,,,-27000000,,-6.49,,,,,,,,,,,,,,,,,,,,,,true,false,3,2022-04-01,2022-06-30,-1
2023-08-04,4926,2024-03-31,1,4444000000,0.034,,,,,78000000,,79000000,,,28000000,,6.68,,,,,,,,,,,,,,,,,,,,,,true,true,6,2023-04-01,2023-09-30,0
2023-08-04,4926,2024-03-31,1,8902000000,0.044,,,,,200000000,,202000000,,,74000000,,17.46,,,,,,,,,,,,,,,,,,,,,,true,true,12,2023-04-01,2024-03-31,0
2023-08-04,4926,2023-03-31,1,,,,,,,,,,,,,,,,,,,,8838000000,5710000000,0.646,,5709000000,,,,,,,,,,,,true,false,12,2022-04-01,2023-03-31,-1
2023-08-04,4926,2023-03-31,1,,,,,,,,,,,,,,,,,,,,,,,,,,,,,10.00,,,,4281200,639,,false,false,12,2022-04-01,2023-03-31,-1
2023-08-04,4926,2024-03-31,1,,,,,,,,,,,,,,,,,,,,,,,,,,,,,15.00,,,,,,,false,true,12,2023-04-01,2024-03-31,0
2023-08-04,4926,2024-03-31,1,,,,,,,,,,,,,,,,,,,,,,,,,,,,,,,,,4281200,639,4280561,false,false,3,2023-04-01,2023-06-30,0
2023-08-04,4926,2023-03-31,1,,,,,,,,,,,,,,,,,,,,,,,,,,,,,,,,,,,4280561,false,false,3,2022-04-01,2022-06-30,-1
2023-11-06,4926,2024-03-31,2,4386000000,0.021,,,,,111000000,,112000000,,,69000000,,16.28,,,,,,8787000000,5776000000,0.657,,5774000000,,,,,,,,,,,,true,false,6,2023-04-01,2023-09-30,0
2023-11-06,4926,2023-03-31,2,4297000000,-0.082,,,,,-62000000,,-52000000,,,-309000000,,-72.36,,,,,,,,,,,,,,,,,,,,,,true,false,6,2022-04-01,2022-09-30,-1
2023-11-06,4926,2024-03-31,2,8902000000,0.044,,,,,200000000,,202000000,,,74000000,,17.46,,,,,,,,,,,,,,,,,,,,,,true,true,12,2023-04-01,2024-03-31,0
2023-11-06,4926,2023-03-31,2,,,,,,,,,,,,,,,,,,,,8838000000,5710000000,0.646,,5709000000,,,,,,,,,,,,true,false,12,2022-04-01,2023-03-31,-1
2023-11-06,4926,2023-03-31,2,,,,,,,,,,,,,,,,,,,,,,,,,,,,,10.00,,,,4281200,639,,false,false,12,2022-04-01,2023-03-31,-1
2023-11-06,4926,2024-03-31,2,,,,,,,,,,,,,,,,,,,,,,,,,,,,,5.00,,,,,,,false,false,12,2023-04-01,2024-03-31,0
2023-11-06,4926,2024-03-31,2,,,,,,,,,,,,,,,,,,,,,,,,,,,,,15.00,,,,,,,false,true,12,2023-04-01,2024-03-31,0
2023-11-06,4926,2024-03-31,2,,,,,,,,,,,,,,,,,,,,,,,,,,,,,,,,,4281200,639,4280561,false,false,6,2023-04-01,2023-09-30,0
2023-11-06,4926,2023-03-31,2,,,,,,,,,,,,,,,,,,,,,,,,,,,,,,,,,,,4280561,false,false,6,2022-04-01,2022-09-30,-1
2024-02-05,4926,2024-03-31,3,6433000000,0.011,,,,,65000000,,68000000,,,13000000,,3.16,,,,,,9206000000,5693000000,0.618,,5691000000,,,,,,,,,,,,true,false,9,2023-04-01,2023-12-31,0
2024-02-05,4926,2023-03-31,3,6366000000,-0.095,,,,,-100000000,,-85000000,,,-388000000,,-90.84,,,,,,,,,,,,,,,,,,,,,,true,false,9,2022-04-01,2022-12-31,-1
2024-02-05,4926,2024-03-31,3,8902000000,0.044,,,,,200000000,,202000000,,,74000000,,17.46,,,,,,,,,,,,,,,,,,,,,,true,true,12,2023-04-01,2024-03-31,0
2024-02-05,4926,2023-03-31,3,,,,,,,,,,,,,,,,,,,,8838000000,5710000000,0.646,,5709000000,,,,,,,,,,,,true,false,12,2022-04-01,2023-03-31,-1
2024-02-05,4926,2023-03-31,3,,,,,,,,,,,,,,,,,,,,,,,,,,,,,10.00,,,,4281200,639,,false,false,12,2022-04-01,2023-03-31,-1
2024-02-05,4926,2024-03-31,3,,,,,,,,,,,,,,,,,,,,,,,,,,,,,5.00,,,,,,,false,false,12,2023-04-01,2024-03-31,0
2024-02-05,4926,2024-03-31,3,,,,,,,,,,,,,,,,,,,,,,,,,,,,,15.00,,,,,,,false,true,12,2023-04-01,2024-03-31,0
2024-02-05,4926,2024-03-31,3,,,,,,,,,,,,,,,,,,,,,,,,,,,,,,,,,4281200,689,4280511,false,false,9,2023-04-01,2023-12-31,0
2024-02-05,4926,2023-03-31,3,,,,,,,,,,,,,,,,,,,,,,,,,,,,,,,,,,,4280561,false,false,9,2022-04-01,2022-12-31,-1
2024-05-09,4926,2024-03-31,,8498000000,-0.003,,,,,29000000,,43000000,,,-26000000,,-6.16,,-0.005,0.005,0.003,,8808000000,5659000000,0.642,1321.57,5656000000,278000000,-581000000,-31000000,3633000000,,,,,,,,true,false,12,2023-04-01,2024-03-31,0
2024-05-09,4926,2023-03-31,,8525000000,-0.069,,,,,-145000000,,-127000000,,,-421000000,,-98.53,,-0.071,-0.014,-0.017,,8838000000,5710000000,0.646,1333.71,5709000000,-81000000,1353000000,-91000000,3967000000,,,,,,,,true,false,12,2022-04-01,2023-03-31,-1
2024-05-09,4926,2025-03-31,,4608000000,0.050,,,,,205000000,0.838,206000000,0.838,,122000000,,28.55,,,,,,,,,,,,,,,,,,,,,,true,true,6,2024-04-01,2024-09-30,1
2024-05-09,4926,2025-03-31,,9173000000,0.079,,,,,378000000,11.859,380000000,7.640,,223000000,,52.12,,,,,,,,,,,,,,,,0.384,,,,,,true,true,12,2024-04-01,2025-03-31,1
2024-05-09,4926,2024-03-31,,8327000000,-0.002,,,,,97000000,,103000000,,28000000,,,6.62,,,,,,8871000000,5755000000,0.648,1343.94,5752000000,,,,,15.00,,,,4281200,689,4280545,false,false,12,2023-04-01,2024-03-31,0
2024-05-09,4926,2023-03-31,,8346000000,-0.071,,,,,-145000000,,-126000000,,-420000000,,,-98.23,,,,,,8842000000,5753000000,0.651,1343.86,5752000000,,,,,10.00,,,,4281200,639,4280561,false,false,12,2022-04-01,2023-03-31,-1
2024-05-09,4926,2025-03-31,,,,,,,,,,,,,,,,,,,,,,,,,,,,,,20.00,,,,,,,false,true,12,2024-04-01,2025-03-31,1
2024-08-06,4926,2025-03-31,1,2015000000,-0.042,,,,,-85000000,,-85000000,,,-104000000,,-24.41,,,,,,8780000000,5546000000,0.631,,5543000000,,,,,,,,,,,,true,false,3,2024-04-01,2024-06-30,0
2024-08-06,4926,2024-03-31,1,2104000000,-0.010,,,,,-2000000,,-1000000,,,-18000000,,-4.39,,,,,,,,,,,,,,,,,,,,,,true,false,3,2023-04-01,2023-06-30,-1
2024-08-06,4926,2025-03-31,1,4608000000,0.050,,,,,205000000,0.838,206000000,0.838,,122000000,,28.55,,,,,,,,,,,,,,,,,,,,,,true,true,6,2024-04-01,2024-09-30,0
2024-08-06,4926,2025-03-31,1,9173000000,0.079,,,,,378000000,11.859,380000000,7.640,,223000000,,52.12,,,,,,,,,,,,,,,,,,,,,,true,true,12,2024-04-01,2025-03-31,0
2024-08-06,4926,2024-03-31,1,,,,,,,,,,,,,,,,,,,,8808000000,5659000000,0.642,,5656000000,,,,,,,,,,,,true,false,12,2023-04-01,2024-03-31,-1
2024-08-06,4926,2024-03-31,1,,,,,,,,,,,,,,,,,,,,,,,,,,,,,15.00,,,,4281200,689,,false,false,12,2023-04-01,2024-03-31,-1
2024-08-06,4926,2025-03-31,1,,,,,,,,,,,,,,,,,,,,,,,,,,,,,20.00,,,,,,,false,true,12,2024-04-01,2025-03-31,0
2024-08-06,4926,2025-03-31,1,,,,,,,,,,,,,,,,,,,,,,,,,,,,,,,,,4281200,689,4280511,false,false,3,2024-04-01,2024-06-30,0
2024-08-06,4926,2024-03-31,1,,,,,,,,,,,,,,,,,,,,,,,,,,,,,,,,,,,4280561,false,false,3,2023-04-01,2023-06-30,-1
2024-11-06,4926,2025-03-31,2,4311000000,-0.017,,,,,-11000000,,-12000000,,,-61000000,,-14.28,,,,,,8526000000,5567000000,0.653,,5564000000,,,,,,,,,,,,true,false,6,2024-04-01,2024-09-30,0
2024-11-06,4926,2024-03-31,2,4386000000,0.021,,,,,111000000,,112000000,,,69000000,,16.28,,,,,,,,,,,,,,,,,,,,,,true,false,6,2023-04-01,2023-09-30,-1
2024-11-06,4926,2025-03-31,2,9173000000,0.079,,,,,378000000,11.859,380000000,7.640,,223000000,,52.12,,,,,,,,,,,,,,,,,,,,,,true,true,12,2024-04-01,2025-03-31,0
2024-11-06,4926,2024-03-31,2,,,,,,,,,,,,,,,,,,,,8808000000,5659000000,0.642,,5656000000,,,,,,,,,,,,true,false,12,2023-04-01,2024-03-31,-1
2024-11-06,4926,2024-03-31,2,,,,,,,,,,,,,,,,,,,,,,,,,,,,,15.00,,,,4281200,689,,false,false,12,2023-04-01,2024-03-31,-1
2024-11-06,4926,2025-03-31,2,,,,,,,,,,,,,,,,,,,,,,,,,,,,,10.00,,,,,,,false,false,12,2024-04-01,2025-03-31,0
2024-11-06,4926,2025-03-31,2,,,,,,,,,,,,,,,,,,,,,,,,,,,,,20.00,,,,,,,false,true,12,2024-04-01,2025-03-31,0
2024-11-06,4926,2025-03-31,2,,,,,,,,,,,,,,,,,,,,,,,,,,,,,,,,,4281200,689,4280511,false,false,6,2024-04-01,2024-09-30,0
2024-11-06,4926,2024-03-31,2,,,,,,,,,,,,,,,,,,,,,,,,,,,,,,,,,,,4280561,false,false,6,2023-04-01,2023-09-30,-1
2024-11-06,4926,2025-03-31,2,4311000000,-0.017,,,,,-11000000,,-12000000,,,-61000000,,-14.28,,,,,,8526000000,5567000000,0.653,,5564000000,,,,,,,,,,,,true,false,6,2024-04-01,2024-09-30,0
2024-11-06,4926,2024-03-31,2,4386000000,0.021,,,,,111000000,,112000000,,,69000000,,16.28,,,,,,,,,,,,,,,,,,,,,,true,false,6,2023-04-01,2023-09-30,-1
2024-11-06,4926,2025-03-31,2,9173000000,0.079,,,,,378000000,11.859,380000000,7.640,,223000000,,52.12,,,,,,,,,,,,,,,,,,,,,,true,true,12,2024-04-01,2025-03-31,0
2024-11-06,4926,2024-03-31,2,,,,,,,,,,,,,,,,,,,,8808000000,5659000000,0.642,,5656000000,,,,,,,,,,,,true,false,12,2023-04-01,2024-03-31,-1
2024-11-06,4926,2024-03-31,2,,,,,,,,,,,,,,,,,,,,,,,,,,,,,15.00,,,,4281200,689,,false,false,12,2023-04-01,2024-03-31,-1
2024-11-06,4926,2025-03-31,2,,,,,,,,,,,,,,,,,,,,,,,,,,,,,10.00,,,,,,,false,false,12,2024-04-01,2025-03-31,0
2024-11-06,4926,2025-03-31,2,,,,,,,,,,,,,,,,,,,,,,,,,,,,,20.00,,,,,,,false,true,12,2024-04-01,2025-03-31,0
2024-11-06,4926,2025-03-31,2,,,,,,,,,,,,,,,,,,,,,,,,,,,,,,,,,4281200,689,4280511,false,false,6,2024-04-01,2024-09-30,0
2024-11-06,4926,2024-03-31,2,,,,,,,,,,,,,,,,,,,,,,,,,,,,,,,,,,,4280561,false,false,6,2023-04-01,2023-09-30,-1
2025-02-06,4926,2025-03-31,3,6536000000,0.016,,,,,38000000,-0.420,40000000,-0.411,,-25000000,,-6.06,,,,,,8769000000,5537000000,0.631,,5534000000,,,,,,,,,,,,true,false,9,2024-04-01,2024-12-31,0
2025-02-06,4926,2024-03-31,3,6433000000,0.011,,,,,65000000,,68000000,,,13000000,,3.16,,,,,,,,,,,,,,,,,,,,,,true,false,9,2023-04-01,2023-12-31,-1
2025-02-06,4926,2025-03-31,3,8700000000,0.023,,,,,12000000,-0.579,13000000,-0.690,,-72000000,,-16.95,,,,,,,,,,,,,,,,,,,,,,true,true,12,2024-04-01,2025-03-31,0
2025-02-06,4926,2024-03-31,3,,,,,,,,,,,,,,,,,,,,8808000000,5659000000,0.642,,5656000000,,,,,,,,,,,,true,false,12,2023-04-01,2024-03-31,-1
2025-02-06,4926,2024-03-31,3,,,,,,,,,,,,,,,,,,,,,,,,,,,,,15.00,,,,4281200,689,,false,false,12,2023-04-01,2024-03-31,-1
2025-02-06,4926,2025-03-31,3,,,,,,,,,,,,,,,,,,,,,,,,,,,,,10.00,,,,,,,false,false,12,2024-04-01,2025-03-31,0
2025-02-06,4926,2025-03-31,3,,,,,,,,,,,,,,,,,,,,,,,,,,,,,20.00,,,,,,,false,true,12,2024-04-01,2025-03-31,0
2025-02-06,4926,2025-03-31,3,,,,,,,,,,,,,,,,,,,,,,,,,,,,,,,,,4281200,689,4280511,false,false,9,2024-04-01,2024-12-31,0
2025-02-06,4926,2024-03-31,3,,,,,,,,,,,,,,,,,,,,,,,,,,,,,,,,,,,4280511,false,false,9,2023-04-01,2023-12-31,-1
2025-05-13,4926,2025-03-31,,8838000000,0.040,,,,,171000000,4.817,172000000,2.918,,136000000,,31.84,,0.024,0.020,0.019,,8522000000,5703000000,0.669,1331.54,5699000000,-43000000,-849000000,-90000000,2653000000,,0.628,,,,,,true,false,12,2024-04-01,2025-03-31,0
2025-05-13,4926,2024-03-31,,8498000000,-0.003,,,,,29000000,,43000000,,,-26000000,,-6.16,,-0.005,0.005,0.003,,8808000000,5659000000,0.642,1321.57,5656000000,278000000,-581000000,-31000000,3633000000,,,,,,,,true,false,12,2023-04-01,2024-03-31,-1
2025-05-13,4926,2026-03-31,,4522000000,0.048,,,,,92000000,,95000000,,,34000000,,7.96,,,,,,,,,,,,,,,,,,,,,,true,true,6,2025-04-01,2025-09-30,1
2025-05-13,4926,2026-03-31,,9123000000,0.032,,,,,201000000,0.180,209000000,0.218,,74000000,,17.45,,,,,,,,,,,,,,,,1.146,,,,,,true,true,12,2025-04-01,2026-03-31,1
2025-05-13,4926,2025-03-31,,8735000000,0.049,,,,,220000000,1.267,222000000,1.147,144000000,,4.094,33.73,,,,,,8604000000,5803000000,0.674,1355.02,5800000000,,,,,20.00,,,,4281200,689,4281200,false,false,12,2024-04-01,2025-03-31,0
2025-05-13,4926,2024-03-31,,8327000000,-0.002,,,,,97000000,,103000000,,28000000,,,6.62,,,,,,8871000000,5755000000,0.648,1343.94,5752000000,,,,,15.00,,,,4281200,689,4280545,false,false,12,2023-04-01,2024-03-31,-1
2025-05-13,4926,2026-03-31,,,,,,,,,,,,,,,,,,,,,,,,,,,,,,20.00,,,,,,,false,true,12,2025-04-01,2026-03-31,1
