filing_date,code,fiscal_year_end,quarterly_period,net_sales,net_sales_change,revenue,revenue_change,operating_revenue,operating_revenue_change,operating_profit,operating_profit_change,ordinary_profit,ordinary_profit_change,net_income,net_income_of_parent,net_income_change,eps,diluted_eps,roe,roa,operating_profit_to_net_sales,operating_profit_to_revenue,total_assets,net_assets,equity_ratio,bps,owner_equity,operating_cash_flow,investing_cash_flow,financing_cash_flow,cash,dividend_per_share,payout_ratio,commemorative_dividend,extra_dividend,number_of_shares,number_of_treqsury_shares,avg_number_of_shares,is_consolidated,is_forecast,duration,period_start,period_end,period_pos
2015-07-23,49270,2015-12-31,,99700000000,,,,,,9200000000,0.095,9600000000,0.143,6000000000,,0.364,108.53,,,,,,,,,,,,,,,,,,,,,,true,true,6,2015-01-01,2015-06-30,0
2015-07-23,49270,2014-12-31,,95940000000,,,,,,8331000000,,8043000000,,3700000000,,,66.94,,,,,,,,,,,,,,,,,,,,,,true,false,6,2014-01-01,2014-06-30,-1
2015-07-30,49270,2015-12-31,2,99783000000,0.040,,,,,9239000000,0.109,9673000000,0.203,6090000000,,0.646,110.17,110.03,,,,,223955000000,178163000000,0.794,3215.65,177786000000,,,,,,,,,,,,true,false,6,2015-01-01,2015-06-30,0
2015-07-30,49270,2014-12-31,2,95940000000,0.049,,,,,8331000000,0.321,8043000000,0.097,3700000000,,0.088,66.94,66.88,,,,,,,,,,,,,,,,,,,,,true,false,6,2014-01-01,2014-06-30,-1
2015-07-30,49270,2015-12-31,2,207500000000,0.047,,,,,20000000000,0.131,20000000000,0.049,10500000000,,0.011,189.93,,,,,,,,,,,,,,,,,,,,,,true,true,12,2015-01-01,2015-12-31,0
2015-07-30,49270,2014-12-31,2,,,,,,,,,,,,,,,,,,,,224536000000,180793000000,0.804,3264.13,180454000000,,,,,,,,,,,,true,false,12,2014-01-01,2014-12-31,-1
2015-07-30,49270,2014-12-31,2,,,,,,,,,,,,,,,,,,,,,,,,,,,,,187.00,,,,57284039,2000000,,false,false,12,2014-01-01,2014-12-31,-1
2015-07-30,49270,2015-12-31,2,,,,,,,,,,,,,,,,,,,,,,,,,,,,,70.00,,,,,,,false,false,12,2015-01-01,2015-12-31,0
2015-07-30,49270,2015-12-31,2,,,,,,,,,,,,,,,,,,,,,,,,,,,,,150.00,,,,,,,false,true,12,2015-01-01,2015-12-31,0
2015-07-30,49270,2015-12-31,2,,,,,,,,,,,,,,,,,,,,,,,,,,,,,,,,,57284039,1996110,55285706,false,false,6,2015-01-01,2015-06-30,0
2015-07-30,49270,2014-12-31,2,,,,,,,,,,,,,,,,,,,,,,,,,,,,,,,,,,,55284039,false,false,6,2014-01-01,2014-06-30,-1
2015-10-30,49270,2015-12-31,3,152503000000,0.074,,,,,15247000000,0.471,15404000000,0.417,9257000000,,0.897,167.45,167.26,,,,,216394000000,174429000000,0.804,3147.86,174038000000,,,,,,,,,,,,true,false,9,2015-01-01,2015-09-30,0
2015-10-30,49270,2014-12-31,3,142019000000,0.034,,,,,10367000000,0.057,10869000000,0.002,4879000000,,-0.005,88.25,88.17,,,,,,,,,,,,,,,,,,,,,true,false,9,2014-01-01,2014-09-30,-1
2015-10-30,49270,2015-12-31,3,210000000000,0.060,,,,,21000000000,0.188,21000000000,0.101,11000000000,,0.059,198.96,,,,,,,,,,,,,,,,,,,,,,true,true,12,2015-01-01,2015-12-31,0
2015-10-30,49270,2014-12-31,3,,,,,,,,,,,,,,,,,,,,224536000000,180793000000,0.804,3264.13,180454000000,,,,,,,,,,,,true,false,12,2014-01-01,2014-12-31,-1
2015-10-30,49270,2014-12-31,3,,,,,,,,,,,,,,,,,,,,,,,,,,,,,187.00,,,,57284039,2000000,,false,false,12,2014-01-01,2014-12-31,-1
2015-10-30,49270,2015-12-31,3,,,,,,,,,,,,,,,,,,,,,,,,,,,,,70.00,,,,,,,false,false,12,2015-01-01,2015-12-31,0
2015-10-30,49270,2015-12-31,3,,,,,,,,,,,,,,,,,,,,,,,,,,,,,150.00,,,,,,,false,true,12,2015-01-01,2015-12-31,0
2015-10-30,49270,2015-12-31,3,,,,,,,,,,,,,,,,,,,,,,,,,,,,,,,,,57284039,1996110,55286373,false,false,9,2015-01-01,2015-09-30,0
2015-10-30,49270,2014-12-31,3,,,,,,,,,,,,,,,,,,,,,,,,,,,,,,,,,,,55284039,false,false,9,2014-01-01,2014-09-30,-1
2016-02-15,49270,2015-12-31,,214788000000,0.084,,,,,22511000000,0.273,22359000000,0.173,14095000000,,0.358,254.95,254.64,0.078,0.097,0.105,,235734000000,180635000000,0.765,3260.00,180238000000,28379000000,-7331000000,-13896000000,45843000000,,0.588,,,,,,true,false,12,2015-01-01,2015-12-31,0
2016-02-15,49270,2014-12-31,,198094000000,0.035,,,,,17683000000,0.104,19067000000,0.069,10382000000,,0.419,187.81,187.61,0.059,0.086,0.089,,224536000000,180793000000,0.804,3264.13,180454000000,16643000000,-8391000000,-3661000000,39111000000,,0.996,,,,,,true,false,12,2014-01-01,2014-12-31,-1
2016-02-15,49270,2016-12-31,,102000000000,0.022,,,,,9500000000,0.028,9500000000,-0.018,,7200000000,,130.23,,,,,,,,,,,,,,,,,,,,,,true,true,6,2016-01-01,2016-06-30,1
2016-02-15,49270,2016-12-31,,219000000000,0.020,,,,,25000000000,0.111,25100000000,0.123,,17200000000,,311.10,,,,,,,,,,,,,,,,0.643,,,,,,true,true,12,2016-01-01,2016-12-31,1
2016-02-15,49270,2015-12-31,,14920000000,0.737,,,,,12332000000,1.052,12384000000,0.835,10249000000,,,185.39,185.16,,,,,202663000000,112889000000,0.556,2038.54,112706000000,,,,,150.00,,,,57284039,1996110,55286732,false,false,12,2015-01-01,2015-12-31,0
2016-02-15,49270,2014-12-31,,8587000000,0.422,,,,,6009000000,0.772,6747000000,0.588,-3780000000,,,-68.39,,,,,,186076000000,114435000000,0.614,2067.45,114296000000,,,,,187.00,,,,57284039,2000000,55284039,false,false,12,2014-01-01,2014-12-31,-1
2016-02-15,49270,2016-12-31,,,,,,,,,,,,,,,,,,,,,,,,,,,,,,200.00,,,,,,,false,true,12,2016-01-01,2016-12-31,1
2016-05-02,49270,2016-12-31,1,49516000000,0.091,,,,,3673000000,0.262,3381000000,0.110,,3616000000,,65.41,65.32,,,,,220691000000,178848000000,0.809,3227.51,178442000000,,,,,,,,,,,,true,false,3,2016-01-01,2016-03-31,0
2016-05-02,49270,2015-12-31,1,45392000000,-0.096,,,,,2909000000,-0.466,3047000000,-0.410,,2446000000,,44.25,44.20,,,,,,,,,,,,,,,,,,,,,true,false,3,2015-01-01,2015-03-31,-1
2016-05-02,49270,2016-12-31,1,102000000000,0.022,,,,,9500000000,0.028,9500000000,-0.018,,7200000000,,130.23,,,,,,,,,,,,,,,,,,,,,,true,true,6,2016-01-01,2016-06-30,0
2016-05-02,49270,2016-12-31,1,219000000000,0.020,,,,,25000000000,0.111,25100000000,0.123,,17200000000,,311.10,,,,,,,,,,,,,,,,,,,,,,true,true,12,2016-01-01,2016-12-31,0
2016-05-02,49270,2015-12-31,1,,,,,,,,,,,,,,,,,,,,235734000000,180635000000,0.765,3260.00,180238000000,,,,,,,,,,,,true,false,12,2015-01-01,2015-12-31,-1
2016-05-02,49270,2015-12-31,1,,,,,,,,,,,,,,,,,,,,,,,,,,,,,150.00,,,,57284039,1996110,,false,false,12,2015-01-01,2015-12-31,-1
2016-05-02,49270,2016-12-31,1,,,,,,,,,,,,,,,,,,,,,,,,,,,,,200.00,,,,,,,false,true,12,2016-01-01,2016-12-31,0
2016-05-02,49270,2016-12-31,1,,,,,,,,,,,,,,,,,,,,,,,,,,,,,,,,,57284039,1996110,55287929,false,false,3,2016-01-01,2016-03-31,0
2016-05-02,49270,2015-12-31,1,,,,,,,,,,,,,,,,,,,,,,,,,,,,,,,,,,,55284039,false,false,3,2015-01-01,2015-03-31,-1
2016-08-01,49270,2016-12-31,2,106957000000,0.072,,,,,12150000000,0.315,11258000000,0.164,,8264000000,,149.48,149.28,,,,,223667000000,180421000000,0.805,3255.97,180015000000,,,,,,,,,,,,true,false,6,2016-01-01,2016-06-30,0
2016-08-01,49270,2015-12-31,2,99783000000,0.040,,,,,9239000000,0.109,9673000000,0.203,,6090000000,,110.17,110.03,,,,,,,,,,,,,,,,,,,,,true,false,6,2015-01-01,2015-06-30,-1
2016-08-01,49270,2016-12-31,2,223000000000,0.038,,,,,26000000000,0.155,25300000000,0.132,,17200000000,,311.10,,,,,,,,,,,,,,,,,,,,,,true,true,12,2016-01-01,2016-12-31,0
2016-08-01,49270,2015-12-31,2,,,,,,,,,,,,,,,,,,,,235734000000,180635000000,0.765,3260.00,180238000000,,,,,,,,,,,,true,false,12,2015-01-01,2015-12-31,-1
2016-08-01,49270,2015-12-31,2,,,,,,,,,,,,,,,,,,,,,,,,,,,,,150.00,,,,57284039,1996110,,false,false,12,2015-01-01,2015-12-31,-1
2016-08-01,49270,2016-12-31,2,,,,,,,,,,,,,,,,,,,,,,,,,,,,,90.00,,,,,,,false,false,12,2016-01-01,2016-12-31,0
2016-08-01,49270,2016-12-31,2,,,,,,,,,,,,,,,,,,,,,,,,,,,,,200.00,,,,,,,false,true,12,2016-01-01,2016-12-31,0
2016-08-01,49270,2016-12-31,2,,,,,,,,,,,,,,,,,,,,,,,,,,,,,,,,,57284039,1996110,55287929,false,false,6,2016-01-01,2016-06-30,0
2016-08-01,49270,2015-12-31,2,,,,,,,,,,,,,,,,,,,,,,,,,,,,,,,,,,,55285706,false,false,6,2015-01-01,2015-06-30,-1
2016-10-31,49270,2016-12-31,3,159150000000,0.044,,,,,18310000000,0.201,17450000000,0.133,,12294000000,,222.37,222.06,,,,,218704000000,179487000000,0.819,3238.74,179072000000,,,,,,,,,,,,true,false,9,2016-01-01,2016-09-30,0
2016-10-31,49270,2015-12-31,3,152503000000,0.074,,,,,15247000000,0.471,15404000000,0.417,,9257000000,,167.45,167.26,,,,,,,,,,,,,,,,,,,,,true,false,9,2015-01-01,2015-09-30,-1
2016-10-31,49270,2016-12-31,3,223000000000,0.038,,,,,26000000000,0.155,25300000000,0.132,,17200000000,,311.09,,,,,,,,,,,,,,,,,,,,,,true,true,12,2016-01-01,2016-12-31,0
2016-10-31,49270,2015-12-31,3,,,,,,,,,,,,,,,,,,,,235734000000,180635000000,0.765,3260.00,180238000000,,,,,,,,,,,,true,false,12,2015-01-01,2015-12-31,-1
2016-10-31,49270,2015-12-31,3,,,,,,,,,,,,,,,,,,,,,,,,,,,,,150.00,,,,57284039,1996110,,false,false,12,2015-01-01,2015-12-31,-1
2016-10-31,49270,2016-12-31,3,,,,,,,,,,,,,,,,,,,,,,,,,,,,,90.00,,,,,,,false,false,12,2016-01-01,2016-12-31,0
2016-10-31,49270,2016-12-31,3,,,,,,,,,,,,,,,,,,,,,,,,,,,,,200.00,,,,,,,false,true,12,2016-01-01,2016-12-31,0
2016-10-31,49270,2016-12-31,3,,,,,,,,,,,,,,,,,,,,,,,,,,,,,,,,,57284039,1993400,55288200,false,false,9,2016-01-01,2016-09-30,0
2016-10-31,49270,2015-12-31,3,,,,,,,,,,,,,,,,,,,,,,,,,,,,,,,,,,,55286373,false,false,9,2015-01-01,2015-09-30,-1
2017-02-14,49270,2016-12-31,,218482000000,0.017,,,,,26909000000,0.195,27191000000,0.216,,17447000000,,315.57,315.16,0.095,0.117,0.123,,228845000000,185864000000,0.810,3353.28,185417000000,23561000000,16379000000,-10030000000,75458000000,,0.634,,,,,,true,false,12,2016-01-01,2016-12-31,0
2017-02-14,49270,2015-12-31,,214788000000,0.084,,,,,22511000000,0.273,22359000000,0.173,,14095000000,,254.95,254.64,0.078,0.097,0.105,,235734000000,180635000000,0.765,3260.00,180238000000,28379000000,-7331000000,-13896000000,45843000000,,0.588,,,,,,true,false,12,2015-01-01,2015-12-31,-1
2017-02-14,49270,2017-12-31,,110500000000,0.033,,,,,13400000000,0.103,13400000000,0.190,,8600000000,,38.88,,,,,,,,,,,,,,,,,,,,,,true,true,6,2017-01-01,2017-06-30,1
2017-02-14,49270,2017-12-31,,227000000000,0.039,,,,,31000000000,0.152,31000000000,0.140,,20000000000,,90.42,,,,,,,,,,,,,,,,0.608,,,,,,true,true,12,2017-01-01,2017-12-31,1
2017-02-14,49270,2016-12-31,,15660000000,0.050,,,,,12500000000,0.014,12823000000,0.035,1911000000,,-0.813,34.57,34.53,,,,,206591000000,104949000000,0.507,1894.13,104734000000,,,,,200.00,,,,57284039,1989510,55289062,false,false,12,2016-01-01,2016-12-31,0
2017-02-14,49270,2015-12-31,,14920000000,0.737,,,,,12332000000,1.052,12384000000,0.835,10249000000,,,185.39,185.16,,,,,202663000000,112889000000,0.556,2038.54,112706000000,,,,,150.00,,,,57284039,1996110,55286732,false,false,12,2015-01-01,2015-12-31,-1
2017-02-14,49270,2017-12-31,,,,,,,,,,,,,,,,,,,,,,,,,,,,,,55.00,,,,,,,false,true,12,2017-01-01,2017-12-31,1
2017-05-01,49270,2017-12-31,1,56074000000,0.132,,,,,9127000000,1.485,8955000000,1.648,,5777000000,,26.12,26.09,,,,,229188000000,185874000000,0.809,838.28,185410000000,,,,,,,,,,,,true,false,3,2017-01-01,2017-03-31,0
2017-05-01,49270,2016-12-31,1,49516000000,0.091,,,,,3673000000,0.262,3381000000,0.110,,3616000000,,16.35,16.33,,,,,,,,,,,,,,,,,,,,,true,false,3,2016-01-01,2016-03-31,-1
2017-05-01,49270,2017-12-31,1,115000000000,0.075,,,,,17000000000,0.399,17000000000,0.510,,10500000000,,47.47,,,,,,,,,,,,,,,,,,,,,,true,true,6,2017-01-01,2017-06-30,0
2017-05-01,49270,2017-12-31,1,233000000000,0.066,,,,,33500000000,0.245,33500000000,0.232,,21500000000,,97.21,,,,,,,,,,,,,,,,,,,,,,true,true,12,2017-01-01,2017-12-31,0
2017-05-01,49270,2016-12-31,1,,,,,,,,,,,,,,,,,,,,228845000000,185864000000,0.810,838.32,185417000000,,,,,,,,,,,,true,false,12,2016-01-01,2016-12-31,-1
2017-05-01,49270,2016-12-31,1,,,,,,,,,,,,,,,,,,,,,,,,,,,,,200.00,,,,229136156,7958040,,false,false,12,2016-01-01,2016-12-31,-1
2017-05-01,49270,2017-12-31,1,,,,,,,,,,,,,,,,,,,,,,,,,,,,,55.00,,,,,,,false,true,12,2017-01-01,2017-12-31,0
2017-05-01,49270,2017-12-31,1,,,,,,,,,,,,,,,,,,,,,,,,,,,,,,,,,229136156,7958040,221178116,false,false,3,2017-01-01,2017-03-31,0
2017-05-01,49270,2016-12-31,1,,,,,,,,,,,,,,,,,,,,,,,,,,,,,,,,,,,221151716,false,false,3,2016-01-01,2016-03-31,-1
2017-07-27,49270,2017-12-31,,117300000000,0.020,,,,,20900000000,0.229,20900000000,0.229,13900000000,,0.324,62.85,,,,,,,,,,,,,,,,,,,,,,true,true,6,2017-01-01,2017-06-30,0
2017-07-27,49270,2016-12-31,,106957000000,,,,,,12150000000,,11258000000,,8264000000,,,37.37,,,,,,,,,,,,,,,,,,,,,,true,false,6,2016-01-01,2016-06-30,-1
2017-07-27,49270,2017-12-31,,236000000000,0.013,,,,,36500000000,0.090,36500000000,0.090,23800000000,,0.107,107.61,,,,,,,,,,,,,,,,,,,,,,true,true,12,2017-01-01,2017-12-31,0
2017-07-27,49270,2016-12-31,,218482000000,,,,,,26909000000,,27191000000,,17447000000,,,78.89,,,,,,,,,,,,,,,,,,,,,,true,false,12,2016-01-01,2016-12-31,-1
2017-07-31,49270,2017-12-31,2,117378000000,0.097,,,,,20944000000,0.724,20944000000,0.860,,13955000000,,63.10,63.01,,,,,240444000000,194144000000,0.805,875.58,193658000000,,,,,,,,,,,,true,false,6,2017-01-01,2017-06-30,0
2017-07-31,49270,2016-12-31,2,106957000000,0.072,,,,,12150000000,0.315,11258000000,0.164,,8264000000,,37.37,37.32,,,,,,,,,,,,,,,,,,,,,true,false,6,2016-01-01,2016-06-30,-1
2017-07-31,49270,2017-12-31,2,236000000000,0.080,,,,,36500000000,0.356,36500000000,0.342,,23800000000,,107.61,,,,,,,,,,,,,,,,,,,,,,true,true,12,2017-01-01,2017-12-31,0
2017-07-31,49270,2016-12-31,2,,,,,,,,,,,,,,,,,,,,228845000000,185864000000,0.810,838.32,185417000000,,,,,,,,,,,,true,false,12,2016-01-01,2016-12-31,-1
2017-07-31,49270,2016-12-31,2,,,,,,,,,,,,,,,,,,,,,,,,,,,,,200.00,,,,229136156,7958040,,false,false,12,2016-01-01,2016-12-31,-1
2017-07-31,49270,2017-12-31,2,,,,,,,,,,,,,,,,,,,,,,,,,,,,,25.00,,,,,,,false,false,12,2017-01-01,2017-12-31,0
2017-07-31,49270,2017-12-31,2,,,,,,,,,,,,,,,,,,,,,,,,,,,,,55.00,,,,,,,false,true,12,2017-01-01,2017-12-31,0
2017-07-31,49270,2017-12-31,2,,,,,,,,,,,,,,,,,,,,,,,,,,,,,,,,,229136156,7958317,221177997,false,false,6,2017-01-01,2017-06-30,0
2017-07-31,49270,2016-12-31,2,,,,,,,,,,,,,,,,,,,,,,,,,,,,,,,,,,,221151716,false,false,6,2016-01-01,2016-06-30,-1
2017-10-30,49270,2017-12-31,3,177846000000,0.117,,,,,30546000000,0.668,30791000000,0.764,,21014000000,,95.01,94.89,,,,,240873000000,195480000000,0.810,882.08,195096000000,,,,,,,,,,,,true,false,9,2017-01-01,2017-09-30,0
2017-10-30,49270,2016-12-31,3,159150000000,0.044,,,,,18310000000,0.201,17450000000,0.133,,12294000000,,55.59,55.51,,,,,,,,,,,,,,,,,,,,,true,false,9,2016-01-01,2016-09-30,-1
2017-10-30,49270,2017-12-31,3,244000000000,0.117,,,,,38000000000,0.412,38000000000,0.397,,25300000000,,114.39,,,,,,,,,,,,,,,,,,,,,,true,true,12,2017-01-01,2017-12-31,0
2017-10-30,49270,2016-12-31,3,,,,,,,,,,,,,,,,,,,,228845000000,185864000000,0.810,838.32,185417000000,,,,,,,,,,,,true,false,12,2016-01-01,2016-12-31,-1
2017-10-30,49270,2016-12-31,3,,,,,,,,,,,,,,,,,,,,,,,,,,,,,200.00,,,,229136156,7958040,,false,false,12,2016-01-01,2016-12-31,-1
2017-10-30,49270,2017-12-31,3,,,,,,,,,,,,,,,,,,,,,,,,,,,,,25.00,,,,,,,false,false,12,2017-01-01,2017-12-31,0
2017-10-30,49270,2017-12-31,3,,,,,,,,,,,,,,,,,,,,,,,,,,,,,55.00,,,,,,,false,true,12,2017-01-01,2017-12-31,0
2017-10-30,49270,2017-12-31,3,,,,,,,,,,,,,,,,,,,,,,,,,,,,,,,,,229136156,7958317,221177949,false,false,9,2017-01-01,2017-09-30,0
2017-10-30,49270,2016-12-31,3,,,,,,,,,,,,,,,,,,,,,,,,,,,,,,,,,,,221152800,false,false,9,2016-01-01,2016-09-30,-1
,49270,2017-12-31,,,,,,,,,,,,,,,,,,,,,,,,,,,,,,70.00,,,,,,,false,true,12,2017-01-01,2017-12-31,0
,49270,2017-12-31,,,,,,,,,,,,,,,,,,,,,,,,,,,,,,25.00,,,,,,,false,false,12,2017-01-01,2017-12-31,0
,49270,2016-12-31,,,,,,,,,,,,,,,,,,,,,,,,,,,,,,200.00,,,,,,,false,false,12,2016-01-01,2016-12-31,-1
2018-02-14,49270,2017-12-31,,244335000000,0.118,,,,,38881000000,0.449,39250000000,0.447,,27137000000,,122.70,122.54,0.142,0.163,0.159,,252567000000,198845000000,0.786,897.26,198453000000,35333000000,-22065000000,-12945000000,75944000000,,0.571,,,,,,true,false,12,2017-01-01,2017-12-31,0
2018-02-14,49270,2016-12-31,,218482000000,,,,,,26839000000,,27121000000,,,16328000000,,73.83,73.74,0.090,0.117,0.123,,228845000000,183282000000,0.799,826.65,182836000000,23561000000,16379000000,-10030000000,75458000000,,0.677,,,,,,true,false,12,2016-01-01,2016-12-31,-1
2018-02-14,49270,2018-12-31,,121000000000,0.031,,,,,19600000000,-0.064,19600000000,-0.064,,13000000000,,58.78,,,,,,,,,,,,,,,,,,,,,,true,true,6,2018-01-01,2018-06-30,1
2018-02-14,49270,2018-12-31,,253000000000,0.035,,,,,41500000000,0.067,41500000000,0.057,,28000000000,,126.59,,,,,,,,,,,,,,,,0.632,,,,,,true,true,12,2018-01-01,2018-12-31,1
2018-02-14,49270,2017-12-31,,30647000000,0.957,,,,,27031000000,1.162,27903000000,1.176,26940000000,,,121.80,121.64,,,,,228786000000,120320000000,0.525,542.82,120059000000,,,,,70.00,,,,229136156,7957837,221177961,false,false,12,2017-01-01,2017-12-31,0
2018-02-14,49270,2016-12-31,,15660000000,0.050,,,,,12500000000,0.014,12823000000,0.035,1911000000,,-0.813,8.64,8.63,,,,,206591000000,104949000000,0.507,473.53,104734000000,,,,,200.00,,,,229136156,7958040,221156248,false,false,12,2016-01-01,2016-12-31,-1
2018-02-14,49270,2018-12-31,,,,,,,,,,,,,,,,,,,,,,,,,,,,,,80.00,,,,,,,false,true,12,2018-01-01,2018-12-31,1
2018-05-01,49270,2018-12-31,1,59526000000,0.062,,,,,9943000000,0.089,9460000000,0.056,,6406000000,,28.97,28.93,,,,,242249000000,194436000000,0.801,877.43,194068000000,,,,,,,,,,,,true,false,3,2018-01-01,2018-03-31,0
2018-05-01,49270,2017-12-31,1,56074000000,0.132,,,,,9127000000,1.485,8955000000,1.648,,5777000000,,26.12,26.09,,,,,,,,,,,,,,,,,,,,,true,false,3,2017-01-01,2017-03-31,-1
2018-05-01,49270,2018-12-31,1,121000000000,0.031,,,,,19600000000,-0.064,19600000000,-0.064,,13000000000,,58.78,,,,,,,,,,,,,,,,,,,,,,true,true,6,2018-01-01,2018-06-30,0
2018-05-01,49270,2018-12-31,1,253000000000,0.035,,,,,41500000000,0.067,41500000000,0.057,,28000000000,,126.59,,,,,,,,,,,,,,,,,,,,,,true,true,12,2018-01-01,2018-12-31,0
2018-05-01,49270,2017-12-31,1,,,,,,,,,,,,,,,,,,,,252567000000,198845000000,0.786,897.26,198453000000,,,,,,,,,,,,true,false,12,2017-01-01,2017-12-31,-1
2018-05-01,49270,2017-12-31,1,,,,,,,,,,,,,,,,,,,,,,,,,,,,,70.00,,,,229136156,7957837,,false,false,12,2017-01-01,2017-12-31,-1
2018-05-01,49270,2018-12-31,1,,,,,,,,,,,,,,,,,,,,,,,,,,,,,80.00,,,,,,,false,true,12,2018-01-01,2018-12-31,0
2018-05-01,49270,2018-12-31,1,,,,,,,,,,,,,,,,,,,,,,,,,,,,,,,,,229136156,7957837,221178319,false,false,3,2018-01-01,2018-03-31,0
2018-05-01,49270,2017-12-31,1,,,,,,,,,,,,,,,,,,,,,,,,,,,,,,,,,,,221178116,false,false,3,2017-01-01,2017-03-31,-1
2018-07-30,49270,2018-12-31,2,125262000000,0.067,,,,,23103000000,0.103,22723000000,0.085,,15321000000,,69.27,69.18,,,,,250281000000,203304000000,0.811,917.47,202924000000,,,,,,,,,,,,true,false,6,2018-01-01,2018-06-30,0
2018-07-30,49270,2017-12-31,2,117378000000,0.097,,,,,20944000000,0.724,20944000000,0.860,,13955000000,,63.10,63.01,,,,,,,,,,,,,,,,,,,,,true,false,6,2017-01-01,2017-06-30,-1
2018-07-30,49270,2018-12-31,2,253000000000,0.035,,,,,41500000000,0.067,41500000000,0.057,,28000000000,,126.59,,,,,,,,,,,,,,,,,,,,,,true,true,12,2018-01-01,2018-12-31,0
2018-07-30,49270,2017-12-31,2,,,,,,,,,,,,,,,,,,,,252567000000,198845000000,0.786,897.26,198453000000,,,,,,,,,,,,true,false,12,2017-01-01,2017-12-31,-1
2018-07-30,49270,2017-12-31,2,,,,,,,,,,,,,,,,,,,,,,,,,,,,,70.00,,,,229136156,7957837,,false,false,12,2017-01-01,2017-12-31,-1
2018-07-30,49270,2018-12-31,2,,,,,,,,,,,,,,,,,,,,,,,,,,,,,35.00,,,,,,,false,false,12,2018-01-01,2018-12-31,0
2018-07-30,49270,2018-12-31,2,,,,,,,,,,,,,,,,,,,,,,,,,,,,,80.00,,,,,,,false,true,12,2018-01-01,2018-12-31,0
2018-07-30,49270,2018-12-31,2,,,,,,,,,,,,,,,,,,,,,,,,,,,,,,,,,229136156,7957853,221178314,false,false,6,2018-01-01,2018-06-30,0
2018-07-30,49270,2017-12-31,2,,,,,,,,,,,,,,,,,,,,,,,,,,,,,,,,,,,221177997,false,false,6,2017-01-01,2017-06-30,-1
2018-10-30,49270,2018-12-31,3,184807000000,0.039,,,,,32335000000,0.059,32189000000,0.045,,22393000000,,101.25,101.12,,,,,246476000000,202667000000,0.821,914.55,202278000000,,,,,,,,,,,,true,false,9,2018-01-01,2018-09-30,0
2018-10-30,49270,2017-12-31,3,177846000000,0.117,,,,,30546000000,0.668,30791000000,0.764,,21014000000,,95.01,94.89,,,,,,,,,,,,,,,,,,,,,true,false,9,2017-01-01,2017-09-30,-1
2018-10-30,49270,2018-12-31,3,253000000000,0.035,,,,,41500000000,0.067,41500000000,0.057,,28000000000,,126.59,,,,,,,,,,,,,,,,,,,,,,true,true,12,2018-01-01,2018-12-31,0
2018-10-30,49270,2017-12-31,3,,,,,,,,,,,,,,,,,,,,252567000000,198845000000,0.786,897.26,198453000000,,,,,,,,,,,,true,false,12,2017-01-01,2017-12-31,-1
2018-10-30,49270,2017-12-31,3,,,,,,,,,,,,,,,,,,,,,,,,,,,,,70.00,,,,229136156,7957837,,false,false,12,2017-01-01,2017-12-31,-1
2018-10-30,49270,2018-12-31,3,,,,,,,,,,,,,,,,,,,,,,,,,,,,,35.00,,,,,,,false,false,12,2018-01-01,2018-12-31,0
2018-10-30,49270,2018-12-31,3,,,,,,,,,,,,,,,,,,,,,,,,,,,,,80.00,,,,,,,false,true,12,2018-01-01,2018-12-31,0
2018-10-30,49270,2018-12-31,3,,,,,,,,,,,,,,,,,,,,,,,,,,,,,,,,,229136156,7956853,221178511,false,false,9,2018-01-01,2018-09-30,0
2018-10-30,49270,2017-12-31,3,,,,,,,,,,,,,,,,,,,,,,,,,,,,,,,,,,,221177949,false,false,9,2017-01-01,2017-09-30,-1
2018-11-26,49270,2018-12-31,,253000000000,,,,,,41500000000,,41500000000,,,21100000000,,95.40,,,,,,,,,,,,,,,,,,,,,,true,true,12,2018-01-01,2018-12-31,0
2018-11-26,49270,2017-12-31,,244335000000,,,,,,38881000000,,39250000000,,,27137000000,,122.70,,,,,,,,,,,,,,,,,,,,,,true,false,12,2017-01-01,2017-12-31,-1
2019-02-12,49270,2018-12-31,,248500000000,-0.018,,,,,39400000000,-0.051,38900000000,-0.063,,8300000000,,37.53,,,,,,,,,,,,,,,,,,,,,,true,true,12,2018-01-01,2018-12-31,0
2019-02-12,49270,2017-12-31,,244335000000,,,,,,38881000000,,39250000000,,,27137000000,,122.70,,,,,,,,,,,,,,,,,,,,,,true,false,12,2017-01-01,2017-12-31,-1
2019-02-13,49270,2018-12-31,,248574000000,0.017,,,,,39496000000,0.016,38954000000,-0.008,,8388000000,,37.93,37.88,0.043,0.157,0.159,,244596000000,188797000000,0.770,851.78,188395000000,30283000000,-9125000000,-20127000000,76462000000,,2.109,,,,,,true,false,12,2018-01-01,2018-12-31,0
2019-02-13,49270,2017-12-31,,244335000000,0.118,,,,,38881000000,0.449,39250000000,0.447,,27137000000,,122.70,122.54,0.142,0.163,0.159,,252567000000,198845000000,0.786,897.26,198453000000,35333000000,-22065000000,-12945000000,75944000000,,0.571,,,,,,true,false,12,2017-01-01,2017-12-31,-1
2019-02-13,49270,2019-12-31,,117000000000,-0.066,,,,,20800000000,-0.100,20800000000,-0.085,,13600000000,,61.49,,,,,,,,,,,,,,,,,,,,,,true,true,6,2019-01-01,2019-06-30,1
2019-02-13,49270,2019-12-31,,241000000000,-0.030,,,,,40500000000,0.025,40500000000,0.040,,25500000000,,115.29,,,,,,,,,,,,,,,,1.006,,,,,,true,true,12,2019-01-01,2019-12-31,1
2019-02-13,49270,2018-12-31,,26779000000,-0.126,,,,,22725000000,-0.159,22335000000,-0.200,-2464000000,,,-11.14,,,,,,208589000000,100170000000,0.479,451.65,99895000000,,,,,80.00,,45.00,36.00,229136156,7956853,221178693,false,false,12,2018-01-01,2018-12-31,0
2019-02-13,49270,2017-12-31,,30647000000,0.957,,,,,27031000000,1.162,27903000000,1.176,26940000000,,,121.80,121.64,,,,,228786000000,120320000000,0.525,542.82,120059000000,,,,,70.00,,,,229136156,7957837,221177961,false,false,12,2017-01-01,2017-12-31,-1
2019-02-13,49270,2019-12-31,,,,,,,,,,,,,,,,,,,,,,,,,,,,,,116.00,,,,,,,false,true,12,2019-01-01,2019-12-31,1
2019-04-26,49270,2019-12-31,1,52440000000,-0.119,,,,,6773000000,-0.319,6525000000,-0.310,,4157000000,,18.80,18.77,,,,,225050000000,183071000000,0.812,825.90,182672000000,,,,,,,,,,,,true,false,3,2019-01-01,2019-03-31,0
2019-04-26,49270,2018-12-31,1,59526000000,0.062,,,,,9943000000,0.089,9460000000,0.056,,6406000000,,28.97,28.93,,,,,,,,,,,,,,,,,,,,,true,false,3,2018-01-01,2018-03-31,-1
2019-04-26,49270,2019-12-31,1,117000000000,-0.066,,,,,20800000000,-0.100,20800000000,-0.085,,13600000000,,61.49,,,,,,,,,,,,,,,,,,,,,,true,true,6,2019-01-01,2019-06-30,0
2019-04-26,49270,2019-12-31,1,241000000000,-0.030,,,,,40500000000,0.025,40500000000,0.040,,25500000000,,115.29,,,,,,,,,,,,,,,,,,,,,,true,true,12,2019-01-01,2019-12-31,0
2019-04-26,49270,2018-12-31,1,,,,,,,,,,,,,,,,,,,,244596000000,188797000000,0.770,851.78,188395000000,,,,,,,,,,,,true,false,12,2018-01-01,2018-12-31,-1
2019-04-26,49270,2018-12-31,1,,,,,,,,,,,,,,,,,,,,,,,,,,,,,80.00,,,,229136156,7956853,,false,false,12,2018-01-01,2018-12-31,-1
2019-04-26,49270,2019-12-31,1,,,,,,,,,,,,,,,,,,,,,,,,,,,,,116.00,,,,,,,false,true,12,2019-01-01,2019-12-31,0
2019-04-26,49270,2019-12-31,1,,,,,,,,,,,,,,,,,,,,,,,,,,,,,,,,,229136156,7956853,221179303,false,false,3,2019-01-01,2019-03-31,0
2019-04-26,49270,2018-12-31,1,,,,,,,,,,,,,,,,,,,,,,,,,,,,,,,,,,,221178319,false,false,3,2018-01-01,2018-03-31,-1
2019-07-30,49270,2019-12-31,2,110247000000,-0.120,,,,,16236000000,-0.297,15561000000,-0.315,,9938000000,,44.93,44.88,,,,,227392000000,189016000000,0.830,852.76,188641000000,,,,,,,,,,,,true,false,6,2019-01-01,2019-06-30,0
2019-07-30,49270,2018-12-31,2,125262000000,0.067,,,,,23103000000,0.103,22723000000,0.085,,15321000000,,69.27,69.18,,,,,,,,,,,,,,,,,,,,,true,false,6,2018-01-01,2018-06-30,-1
2019-07-30,49270,2019-12-31,2,229000000000,-0.079,,,,,34500000000,-0.126,34000000000,-0.127,,21000000000,,94.94,,,,,,,,,,,,,,,,,,,,,,true,true,12,2019-01-01,2019-12-31,0
2019-07-30,49270,2018-12-31,2,,,,,,,,,,,,,,,,,,,,244596000000,188797000000,0.770,851.78,188395000000,,,,,,,,,,,,true,false,12,2018-01-01,2018-12-31,-1
2019-07-30,49270,2018-12-31,2,,,,,,,,,,,,,,,,,,,,,,,,,,,,,80.00,,,,229136156,7956853,,false,false,12,2018-01-01,2018-12-31,-1
2019-07-30,49270,2019-12-31,2,,,,,,,,,,,,,,,,,,,,,,,,,,,,,35.00,,,,,,,false,false,12,2019-01-01,2019-12-31,0
2019-07-30,49270,2019-12-31,2,,,,,,,,,,,,,,,,,,,,,,,,,,,,,116.00,,,,,,,false,true,12,2019-01-01,2019-12-31,0
2019-07-30,49270,2019-12-31,2,,,,,,,,,,,,,,,,,,,,,,,,,,,,,,,,,229136156,7923133,221187074,false,false,6,2019-01-01,2019-06-30,0
2019-07-30,49270,2018-12-31,2,,,,,,,,,,,,,,,,,,,,,,,,,,,,,,,,,,,221178314,false,false,6,2018-01-01,2018-06-30,-1
2019-10-30,49270,2019-12-31,3,165530000000,-0.104,,,,,25411000000,-0.214,24370000000,-0.243,,15898000000,,71.88,71.79,,,,,222499000000,187368000000,0.840,845.33,187003000000,,,,,,,,,,,,true,false,9,2019-01-01,2019-09-30,0
2019-10-30,49270,2018-12-31,3,184807000000,0.039,,,,,32335000000,0.059,32189000000,0.045,,22393000000,,101.25,101.12,,,,,,,,,,,,,,,,,,,,,true,false,9,2018-01-01,2018-09-30,-1
2019-10-30,49270,2019-12-31,3,220000000000,-0.115,,,,,30000000000,-0.240,29000000000,-0.256,,18000000000,,81.37,,,,,,,,,,,,,,,,,,,,,,true,true,12,2019-01-01,2019-12-31,0
2019-10-30,49270,2018-12-31,3,,,,,,,,,,,,,,,,,,,,244596000000,188797000000,0.770,851.78,188395000000,,,,,,,,,,,,true,false,12,2018-01-01,2018-12-31,-1
2019-10-30,49270,2018-12-31,3,,,,,,,,,,,,,,,,,,,,,,,,,,,,,80.00,,,,229136156,7956853,,false,false,12,2018-01-01,2018-12-31,-1
2019-10-30,49270,2019-12-31,3,,,,,,,,,,,,,,,,,,,,,,,,,,,,,35.00,,,,,,,false,false,12,2019-01-01,2019-12-31,0
2019-10-30,49270,2019-12-31,3,,,,,,,,,,,,,,,,,,,,,,,,,,,,,116.00,,,,,,,false,true,12,2019-01-01,2019-12-31,0
2019-10-30,49270,2019-12-31,3,,,,,,,,,,,,,,,,,,,,,,,,,,,,,,,,,229136156,7917053,221196075,false,false,9,2019-01-01,2019-09-30,0
2019-10-30,49270,2018-12-31,3,,,,,,,,,,,,,,,,,,,,,,,,,,,,,,,,,,,221178511,false,false,9,2018-01-01,2018-09-30,-1
2020-02-14,49270,2019-12-31,,219920000000,-0.115,,,,,31137000000,-0.212,30630000000,-0.214,,19694000000,,89.04,88.93,0.104,0.130,0.142,,227256000000,191069000000,0.839,862.00,190690000000,21127000000,-12514000000,-19336000000,65789000000,,1.303,,,,,,true,false,12,2019-01-01,2019-12-31,0
2020-02-14,49270,2018-12-31,,248574000000,0.017,,,,,39496000000,0.016,38954000000,-0.008,,8388000000,,37.93,37.88,0.043,0.157,0.159,,244596000000,188797000000,0.770,851.78,188395000000,30283000000,-9125000000,-20127000000,76462000000,,2.109,,,,,,true,false,12,2018-01-01,2018-12-31,-1
2020-02-14,49270,2020-12-31,,217000000000,-0.013,,,,,31200000000,0.002,30700000000,0.002,,20000000000,,90.41,,,,,,,,,,,,,,,,0.885,,,,,,true,true,12,2020-01-01,2020-12-31,1
2020-02-14,49270,2019-12-31,,38059000000,0.421,,,,,33793000000,0.487,34150000000,0.529,27963000000,,,126.42,126.27,,,,,198632000000,110370000000,0.554,497.81,110126000000,,,,,116.00,,45.00,36.00,229136156,7916253,221201512,false,false,12,2019-01-01,2019-12-31,0
2020-02-14,49270,2018-12-31,,26779000000,-0.126,,,,,22725000000,-0.159,22335000000,-0.200,-2464000000,,,-11.14,,,,,,208589000000,100170000000,0.479,451.65,99895000000,,,,,80.00,,,,229136156,7956853,221178693,false,false,12,2018-01-01,2018-12-31,-1
2020-02-14,49270,2020-12-31,,,,,,,,,,,,,,,,,,,,,,,,,,,,,,80.00,,,,,,,false,true,12,2020-01-01,2020-12-31,1
2020-04-28,49270,2020-12-31,1,43316000000,-0.174,,,,,2006000000,-0.704,-154000000,,,-1246000000,,-5.64,,,,,,209155000000,171893000000,0.820,775.35,171521000000,,,,,,,,,,,,true,false,3,2020-01-01,2020-03-31,0
2020-04-28,49270,2019-12-31,1,52440000000,-0.119,,,,,6773000000,-0.319,6525000000,-0.310,,4157000000,,18.80,18.77,,,,,,,,,,,,,,,,,,,,,true,false,3,2019-01-01,2019-03-31,-1
2020-04-28,49270,2020-12-31,1,190000000000,-0.136,,,,,19000000000,-0.390,16500000000,-0.461,,8400000000,,37.97,,,,,,,,,,,,,,,,,,,,,,true,true,12,2020-01-01,2020-12-31,0
2020-04-28,49270,2019-12-31,1,,,,,,,,,,,,,,,,,,,,227256000000,191069000000,0.839,862.00,190690000000,,,,,,,,,,,,true,false,12,2019-01-01,2019-12-31,-1
2020-04-28,49270,2019-12-31,1,,,,,,,,,,,,,,,,,,,,,,,,,,,,,116.00,,,,229136156,7916253,,false,false,12,2019-01-01,2019-12-31,-1
2020-04-28,49270,2020-12-31,1,,,,,,,,,,,,,,,,,,,,,,,,,,,,,80.00,,,,,,,false,true,12,2020-01-01,2020-12-31,0
2020-04-28,49270,2020-12-31,1,,,,,,,,,,,,,,,,,,,,,,,,,,,,,,,,,229136156,7916253,221219903,false,false,3,2020-01-01,2020-03-31,0
2020-04-28,49270,2019-12-31,1,,,,,,,,,,,,,,,,,,,,,,,,,,,,,,,,,,,221179303,false,false,3,2019-01-01,2019-03-31,-1
2020-04-28,49270,2020-12-31,,190000000000,-0.124,,,,,19000000000,-0.391,16500000000,-0.463,,8400000000,,37.97,,,,,,,,,,,,,,,,,,,,,,true,true,12,2020-01-01,2020-12-31,0
2020-04-28,49270,2019-12-31,,219920000000,,,,,,31137000000,,30630000000,,,19694000000,,89.04,,,,,,,,,,,,,,,,,,,,,,true,false,12,2019-01-01,2019-12-31,-1
2020-07-30,49270,2020-12-31,2,83802000000,-0.240,,,,,5881000000,-0.638,4543000000,-0.708,,916000000,,4.14,4.14,,,,,206733000000,173989000000,0.840,784.74,173599000000,,,,,,,,,,,,true,false,6,2020-01-01,2020-06-30,0
2020-07-30,49270,2019-12-31,2,110247000000,-0.120,,,,,16236000000,-0.297,15561000000,-0.315,,9938000000,,44.93,44.88,,,,,,,,,,,,,,,,,,,,,true,false,6,2019-01-01,2019-06-30,-1
2020-07-30,49270,2020-12-31,2,190000000000,-0.136,,,,,19000000000,-0.390,16500000000,-0.461,,8400000000,,37.97,,,,,,,,,,,,,,,,,,,,,,true,true,12,2020-01-01,2020-12-31,0
2020-07-30,49270,2019-12-31,2,,,,,,,,,,,,,,,,,,,,227256000000,191069000000,0.839,862.00,190690000000,,,,,,,,,,,,true,false,12,2019-01-01,2019-12-31,-1
2020-07-30,49270,2019-12-31,2,,,,,,,,,,,,,,,,,,,,,,,,,,,,,116.00,,,,229136156,7916253,,false,false,12,2019-01-01,2019-12-31,-1
2020-07-30,49270,2020-12-31,2,,,,,,,,,,,,,,,,,,,,,,,,,,,,,35.00,,,,,,,false,false,12,2020-01-01,2020-12-31,0
2020-07-30,49270,2020-12-31,2,,,,,,,,,,,,,,,,,,,,,,,,,,,,,80.00,,,,,,,false,true,12,2020-01-01,2020-12-31,0
2020-07-30,49270,2020-12-31,2,,,,,,,,,,,,,,,,,,,,,,,,,,,,,,,,,229136156,7916253,221219903,false,false,6,2020-01-01,2020-06-30,0
2020-07-30,49270,2019-12-31,2,,,,,,,,,,,,,,,,,,,,,,,,,,,,,,,,,,,221187074,false,false,6,2019-01-01,2019-06-30,-1
2020-10-30,49270,2020-12-31,3,125814000000,-0.240,,,,,9222000000,-0.637,7775000000,-0.681,,1565000000,,7.08,7.07,,,,,197612000000,166867000000,0.842,752.55,166480000000,,,,,,,,,,,,true,false,9,2020-01-01,2020-09-30,0
2020-10-30,49270,2019-12-31,3,165530000000,-0.104,,,,,25411000000,-0.214,24370000000,-0.243,,15898000000,,71.88,71.79,,,,,,,,,,,,,,,,,,,,,true,false,9,2019-01-01,2019-09-30,-1
2020-10-30,49270,2020-12-31,3,175000000000,-0.204,,,,,10000000000,-0.679,8500000000,-0.723,,1200000000,,5.42,,,,,,,,,,,,,,,,,,,,,,true,true,12,2020-01-01,2020-12-31,0
2020-10-30,49270,2019-12-31,3,,,,,,,,,,,,,,,,,,,,227256000000,191069000000,0.839,862.00,190690000000,,,,,,,,,,,,true,false,12,2019-01-01,2019-12-31,-1
2020-10-30,49270,2019-12-31,3,,,,,,,,,,,,,,,,,,,,,,,,,,,,,116.00,,,,229136156,7916253,,false,false,12,2019-01-01,2019-12-31,-1
2020-10-30,49270,2020-12-31,3,,,,,,,,,,,,,,,,,,,,,,,,,,,,,35.00,,,,,,,false,false,12,2020-01-01,2020-12-31,0
2020-10-30,49270,2020-12-31,3,,,,,,,,,,,,,,,,,,,,,,,,,,,,,50.00,,,,,,,false,true,12,2020-01-01,2020-12-31,0
2020-10-30,49270,2020-12-31,3,,,,,,,,,,,,,,,,,,,,,,,,,,,,,,,,,229136156,7915453,221220063,false,false,9,2020-01-01,2020-09-30,0
2020-10-30,49270,2019-12-31,3,,,,,,,,,,,,,,,,,,,,,,,,,,,,,,,,,,,221196075,false,false,9,2019-01-01,2019-09-30,-1
2021-02-08,49270,2020-12-31,,176300000000,0.007,,,,,13700000000,0.370,12500000000,0.471,,4600000000,,20.79,,,,,,,,,,,,,,,,,,,,,,true,true,12,2020-01-01,2020-12-31,0
2021-02-08,49270,2019-12-31,,219920000000,,,,,,31137000000,,30630000000,,,19694000000,,89.04,,,,,,,,,,,,,,,,,,,,,,true,false,12,2019-01-01,2019-12-31,-1
2021-02-12,49270,2020-12-31,,176311000000,-0.198,,,,,13752000000,-0.558,12579000000,-0.589,,4632000000,,20.94,20.92,0.026,0.058,0.078,,203742000000,169854000000,0.832,766.05,169466000000,23394000000,-3342000000,-27133000000,58844000000,,2.388,,,,,,true,false,12,2020-01-01,2020-12-31,0
2021-02-12,49270,2019-12-31,,219920000000,-0.115,,,,,31137000000,-0.212,30630000000,-0.214,,19694000000,,89.04,88.93,0.104,0.130,0.142,,227256000000,191069000000,0.839,862.00,190690000000,21127000000,-12514000000,-19336000000,65789000000,,1.303,,,,,,true,false,12,2019-01-01,2019-12-31,-1
2021-02-12,49270,2021-12-31,,190000000000,0.078,,,,,19000000000,0.382,19000000000,0.510,,11300000000,,51.08,,,,,,,,,,,,,,,,0.998,,,,,,true,true,12,2021-01-01,2021-12-31,1
2021-02-12,49270,2020-12-31,,23697000000,-0.377,,,,,19548000000,-0.422,20148000000,-0.410,11619000000,,-0.584,52.52,52.47,,,,,177243000000,96313000000,0.542,434.27,96069000000,,,,,50.00,,,,229136156,7915453,221220210,false,false,12,2020-01-01,2020-12-31,0
2021-02-12,49270,2019-12-31,,38059000000,0.421,,,,,33793000000,0.487,34150000000,0.529,27963000000,,,126.42,126.27,,,,,198632000000,110370000000,0.554,497.81,110126000000,,,,,116.00,,,,229136156,7916253,221201512,false,false,12,2019-01-01,2019-12-31,-1
2021-02-12,49270,2021-12-31,,,,,,,,,,,,,,,,,,,,,,,,,,,,,,51.00,,,,,,,false,true,12,2021-01-01,2021-12-31,1
2021-04-28,49270,2021-12-31,1,43561000000,0.006,,,,,4307000000,1.147,5763000000,,,3939000000,,17.81,17.79,,,,,203373000000,169820000000,0.833,765.79,169412000000,,,,,,,,,,,,true,false,3,2021-01-01,2021-03-31,0
2021-04-28,49270,2020-12-31,1,43316000000,-0.174,,,,,2006000000,-0.704,-154000000,,,-1246000000,,-5.64,,,,,,,,,,,,,,,,,,,,,,true,false,3,2020-01-01,2020-03-31,-1
2021-04-28,49270,2021-12-31,1,190000000000,0.078,,,,,19000000000,0.382,19000000000,0.510,,11300000000,,51.08,,,,,,,,,,,,,,,,,,,,,,true,true,12,2021-01-01,2021-12-31,0
2021-04-28,49270,2020-12-31,1,,,,,,,,,,,,,,,,,,,,203742000000,169854000000,0.832,766.05,169466000000,,,,,,,,,,,,true,false,12,2020-01-01,2020-12-31,-1
2021-04-28,49270,2020-12-31,1,,,,,,,,,,,,,,,,,,,,,,,,,,,,,50.00,,,,229136156,7915453,,false,false,12,2020-01-01,2020-12-31,-1
2021-04-28,49270,2021-12-31,1,,,,,,,,,,,,,,,,,,,,,,,,,,,,,51.00,,,,,,,false,true,12,2021-01-01,2021-12-31,0
2021-04-28,49270,2021-12-31,1,,,,,,,,,,,,,,,,,,,,,,,,,,,,,,,,,229136156,7911061,221221801,false,false,3,2021-01-01,2021-03-31,0
2021-04-28,49270,2020-12-31,1,,,,,,,,,,,,,,,,,,,,,,,,,,,,,,,,,,,221219903,false,false,3,2020-01-01,2020-03-31,-1
2021-07-30,49270,2021-12-31,2,89055000000,0.063,,,,,9095000000,0.547,10477000000,1.306,,7086000000,,32.03,32.00,,,,,205664000000,173110000000,0.840,780.59,172689000000,,,,,,,,,,,,true,false,6,2021-01-01,2021-06-30,0
2021-07-30,49270,2020-12-31,2,83802000000,-0.240,,,,,5881000000,-0.638,4543000000,-0.708,,916000000,,4.14,4.14,,,,,,,,,,,,,,,,,,,,,true,false,6,2020-01-01,2020-06-30,-1
2021-07-30,49270,2021-12-31,2,190000000000,0.078,,,,,19000000000,0.382,19000000000,0.510,,11300000000,,51.08,,,,,,,,,,,,,,,,,,,,,,true,true,12,2021-01-01,2021-12-31,0
2021-07-30,49270,2020-12-31,2,,,,,,,,,,,,,,,,,,,,203742000000,169854000000,0.832,766.05,169466000000,,,,,,,,,,,,true,false,12,2020-01-01,2020-12-31,-1
2021-07-30,49270,2020-12-31,2,,,,,,,,,,,,,,,,,,,,,,,,,,,,,50.00,,,,229136156,7915453,,false,false,12,2020-01-01,2020-12-31,-1
2021-07-30,49270,2021-12-31,2,,,,,,,,,,,,,,,,,,,,,,,,,,,,,20.00,,,,,,,false,false,12,2021-01-01,2021-12-31,0
2021-07-30,49270,2021-12-31,2,,,,,,,,,,,,,,,,,,,,,,,,,,,,,51.00,,,,,,,false,true,12,2021-01-01,2021-12-31,0
2021-07-30,49270,2021-12-31,2,,,,,,,,,,,,,,,,,,,,,,,,,,,,,,,,,229136156,7907561,221224712,false,false,6,2021-01-01,2021-06-30,0
2021-07-30,49270,2020-12-31,2,,,,,,,,,,,,,,,,,,,,,,,,,,,,,,,,,,,221219903,false,false,6,2020-01-01,2020-06-30,-1
2021-11-01,49270,2021-12-31,3,131164000000,0.043,,,,,12241000000,0.327,13432000000,0.728,,8661000000,,39.15,39.11,,,,,201462000000,170570000000,0.845,769.05,170136000000,,,,,,,,,,,,true,false,9,2021-01-01,2021-09-30,0
2021-11-01,49270,2020-12-31,3,125814000000,-0.240,,,,,9222000000,-0.637,7775000000,-0.681,,1565000000,,7.08,7.07,,,,,,,,,,,,,,,,,,,,,true,false,9,2020-01-01,2020-09-30,-1
2021-11-01,49270,2021-12-31,3,190000000000,0.078,,,,,19000000000,0.382,19000000000,0.510,,11300000000,,51.08,,,,,,,,,,,,,,,,,,,,,,true,true,12,2021-01-01,2021-12-31,0
2021-11-01,49270,2020-12-31,3,,,,,,,,,,,,,,,,,,,,203742000000,169854000000,0.832,766.05,169466000000,,,,,,,,,,,,true,false,12,2020-01-01,2020-12-31,-1
2021-11-01,49270,2020-12-31,3,,,,,,,,,,,,,,,,,,,,,,,,,,,,,50.00,,,,229136156,7915453,,false,false,12,2020-01-01,2020-12-31,-1
2021-11-01,49270,2021-12-31,3,,,,,,,,,,,,,,,,,,,,,,,,,,,,,20.00,,,,,,,false,false,12,2021-01-01,2021-12-31,0
2021-11-01,49270,2021-12-31,3,,,,,,,,,,,,,,,,,,,,,,,,,,,,,51.00,,,,,,,false,true,12,2021-01-01,2021-12-31,0
2021-11-01,49270,2021-12-31,3,,,,,,,,,,,,,,,,,,,,,,,,,,,,,,,,,229136156,7907561,221225877,false,false,9,2021-01-01,2021-09-30,0
2021-11-01,49270,2020-12-31,3,,,,,,,,,,,,,,,,,,,,,,,,,,,,,,,,,,,221220063,false,false,9,2020-01-01,2020-09-30,-1
2022-02-14,49270,2021-12-31,,178642000000,0.013,,,,,16888000000,0.228,18968000000,0.508,,11734000000,,53.04,52.99,0.069,0.092,0.095,,208039000000,173267000000,0.831,781.11,172803000000,23830000000,-2174000000,-9100000000,71693000000,,0.961,,,,,,true,false,12,2021-01-01,2021-12-31,0
2022-02-14,49270,2020-12-31,,176311000000,-0.198,,,,,13752000000,-0.558,12579000000,-0.589,,4632000000,,20.94,20.92,0.026,0.058,0.078,,203742000000,169854000000,0.832,766.05,169466000000,23394000000,-3342000000,-27133000000,58844000000,,2.388,,,,,,true,false,12,2020-01-01,2020-12-31,-1
2022-02-14,49270,2022-12-31,,186000000000,0.041,,,,,17700000000,0.048,17700000000,-0.067,,11900000000,,53.79,,,,,,,,,,,,,,,,0.967,,,,,,true,true,12,2022-01-01,2022-12-31,1
2022-02-14,49270,2021-12-31,,18478000000,-0.220,,,,,13798000000,-0.294,15024000000,-0.254,9435000000,,-0.188,42.65,42.61,,,,,185067000000,98091000000,0.529,442.30,97848000000,,,,,51.00,,,,229136156,7906761,221226689,false,false,12,2021-01-01,2021-12-31,0
2022-02-14,49270,2020-12-31,,23697000000,-0.377,,,,,19548000000,-0.422,20148000000,-0.410,11619000000,,-0.584,52.52,52.47,,,,,177243000000,96313000000,0.542,434.27,96069000000,,,,,50.00,,,,229136156,7915453,221220210,false,false,12,2020-01-01,2020-12-31,-1
2022-02-14,49270,2022-12-31,,,,,,,,,,,,,,,,,,,,,,,,,,,,,,52.00,,,,,,,false,true,12,2022-01-01,2022-12-31,1
2022-04-28,49270,2022-12-31,1,37662000000,-0.135,,,,,1912000000,-0.556,4140000000,-0.282,,7180000000,,32.46,32.42,,,,,204514000000,171220000000,0.835,771.72,170728000000,,,,,,,,,,,,true,false,3,2022-01-01,2022-03-31,0
2022-04-28,49270,2021-12-31,1,43561000000,0.006,,,,,4307000000,1.147,5763000000,,,3939000000,,17.81,17.79,,,,,,,,,,,,,,,,,,,,,true,false,3,2021-01-01,2021-03-31,-1
2022-04-28,49270,2022-12-31,1,186000000000,0.041,,,,,17700000000,0.048,17700000000,-0.067,,16200000000,,73.23,,,,,,,,,,,,,,,,,,,,,,true,true,12,2022-01-01,2022-12-31,0
2022-04-28,49270,2021-12-31,1,,,,,,,,,,,,,,,,,,,,208039000000,173267000000,0.831,781.11,172803000000,,,,,,,,,,,,true,false,12,2021-01-01,2021-12-31,-1
2022-04-28,49270,2021-12-31,1,,,,,,,,,,,,,,,,,,,,,,,,,,,,,51.00,,,,229136156,7906761,,false,false,12,2021-01-01,2021-12-31,-1
2022-04-28,49270,2022-12-31,1,,,,,,,,,,,,,,,,,,,,,,,,,,,,,52.00,,,,,,,false,true,12,2022-01-01,2022-12-31,0
2022-04-28,49270,2022-12-31,1,,,,,,,,,,,,,,,,,,,,,,,,,,,,,,,,,229136156,7906761,221229395,false,false,3,2022-01-01,2022-03-31,0
2022-04-28,49270,2021-12-31,1,,,,,,,,,,,,,,,,,,,,,,,,,,,,,,,,,,,221221801,false,false,3,2021-01-01,2021-03-31,-1
2022-07-29,49270,2022-12-31,2,78748000000,-0.116,,,,,4917000000,-0.459,8876000000,-0.153,,10904000000,,49.29,49.24,,,,,207364000000,174331000000,0.838,785.61,173801000000,,,,,,,,,,,,true,false,6,2022-01-01,2022-06-30,0
2022-07-29,49270,2021-12-31,2,89055000000,0.063,,,,,9095000000,0.547,10477000000,1.306,,7086000000,,32.03,32.00,,,,,,,,,,,,,,,,,,,,,true,false,6,2021-01-01,2021-06-30,-1
2022-07-29,49270,2022-12-31,2,170000000000,-0.048,,,,,11700000000,-0.307,15700000000,-0.172,,14000000000,,63.29,,,,,,,,,,,,,,,,,,,,,,true,true,12,2022-01-01,2022-12-31,0
2022-07-29,49270,2021-12-31,2,,,,,,,,,,,,,,,,,,,,208039000000,173267000000,0.831,781.11,172803000000,,,,,,,,,,,,true,false,12,2021-01-01,2021-12-31,-1
2022-07-29,49270,2021-12-31,2,,,,,,,,,,,,,,,,,,,,,,,,,,,,,51.00,,,,229136156,7906761,,false,false,12,2021-01-01,2021-12-31,-1
2022-07-29,49270,2022-12-31,2,,,,,,,,,,,,,,,,,,,,,,,,,,,,,21.00,,,,,,,false,false,12,2022-01-01,2022-12-31,0
2022-07-29,49270,2022-12-31,2,,,,,,,,,,,,,,,,,,,,,,,,,,,,,52.00,,,,,,,false,true,12,2022-01-01,2022-12-31,0
2022-07-29,49270,2022-12-31,2,,,,,,,,,,,,,,,,,,,,,,,,,,,,,,,,,229136156,7905613,221229559,false,false,6,2022-01-01,2022-06-30,0
2022-07-29,49270,2021-12-31,2,,,,,,,,,,,,,,,,,,,,,,,,,,,,,,,,,,,221224712,false,false,6,2021-01-01,2021-06-30,-1
2022-10-31,49270,2022-12-31,3,119654000000,-0.088,,,,,7668000000,-0.374,12169000000,-0.094,,13035000000,,58.92,58.86,,,,,202624000000,171705000000,0.845,773.72,171170000000,,,,,,,,,,,,true,false,9,2022-01-01,2022-09-30,0
2022-10-31,49270,2021-12-31,3,131164000000,0.043,,,,,12241000000,0.327,13432000000,0.728,,8661000000,,39.15,39.11,,,,,,,,,,,,,,,,,,,,,true,false,9,2021-01-01,2021-09-30,-1
2022-10-31,49270,2022-12-31,3,170000000000,-0.048,,,,,11700000000,-0.307,15700000000,-0.172,,14000000000,,63.29,,,,,,,,,,,,,,,,,,,,,,true,true,12,2022-01-01,2022-12-31,0
2022-10-31,49270,2021-12-31,3,,,,,,,,,,,,,,,,,,,,208039000000,173267000000,0.831,781.11,172803000000,,,,,,,,,,,,true,false,12,2021-01-01,2021-12-31,-1
2022-10-31,49270,2021-12-31,3,,,,,,,,,,,,,,,,,,,,,,,,,,,,,51.00,,,,229136156,7906761,,false,false,12,2021-01-01,2021-12-31,-1
2022-10-31,49270,2022-12-31,3,,,,,,,,,,,,,,,,,,,,,,,,,,,,,21.00,,,,,,,false,false,12,2022-01-01,2022-12-31,0
2022-10-31,49270,2022-12-31,3,,,,,,,,,,,,,,,,,,,,,,,,,,,,,52.00,,,,,,,false,true,12,2022-01-01,2022-12-31,0
2022-10-31,49270,2022-12-31,3,,,,,,,,,,,,,,,,,,,,,,,,,,,,,,,,,229136156,7904513,221230184,false,false,9,2022-01-01,2022-09-30,0
2022-10-31,49270,2021-12-31,3,,,,,,,,,,,,,,,,,,,,,,,,,,,,,,,,,,,221225877,false,false,9,2021-01-01,2021-09-30,-1
2023-02-14,49270,2022-12-31,,166307000000,-0.069,,,,,12581000000,-0.255,14928000000,-0.213,,11446000000,,51.74,51.69,0.067,0.072,0.076,,205935000000,171459000000,0.830,772.60,170924000000,15548000000,-12370000000,-12668000000,62562000000,,1.005,,,,,,true,false,12,2022-01-01,2022-12-31,0
2023-02-14,49270,2021-12-31,,178642000000,0.013,,,,,16888000000,0.228,18968000000,0.508,,11734000000,,53.04,52.99,0.069,0.092,0.095,,208039000000,173267000000,0.831,781.11,172803000000,23830000000,-2174000000,-9100000000,71693000000,,0.961,,,,,,true,false,12,2021-01-01,2021-12-31,-1
2023-02-14,49270,2023-12-31,,180000000000,0.082,,,,,15100000000,0.200,15100000000,0.012,,10000000000,,45.20,,,,,,,,,,,,,,,,1.150,,,,,,true,true,12,2023-01-01,2023-12-31,1
2023-02-14,49270,2022-12-31,,22141000000,0.198,,,,,13973000000,0.013,15327000000,0.020,11972000000,,0.269,54.12,54.06,,,,,183877000000,98668000000,0.535,444.90,98424000000,,,,,52.00,,,,229136156,7904513,221230520,false,false,12,2022-01-01,2022-12-31,0
2023-02-14,49270,2021-12-31,,18478000000,-0.220,,,,,13798000000,-0.294,15024000000,-0.254,9435000000,,-0.188,42.65,42.61,,,,,185067000000,98091000000,0.529,442.30,97848000000,,,,,51.00,,,,229136156,7906761,221226689,false,false,12,2021-01-01,2021-12-31,-1
2023-02-14,49270,2023-12-31,,,,,,,,,,,,,,,,,,,,,,,,,,,,,,52.00,,,,,,,false,true,12,2023-01-01,2023-12-31,1
2023-04-28,49270,2023-12-31,1,42136000000,0.119,,,,,4549000000,1.379,4832000000,0.167,,2743000000,,12.40,12.39,,,,,202015000000,167322000000,0.826,753.95,166800000000,,,,,,,,,,,,true,false,3,2023-01-01,2023-03-31,0
2023-04-28,49270,2022-12-31,1,37662000000,-0.135,,,,,1912000000,-0.556,4140000000,-0.282,,7180000000,,32.46,32.42,,,,,,,,,,,,,,,,,,,,,true,false,3,2022-01-01,2022-03-31,-1
2023-04-28,49270,2023-12-31,1,180000000000,0.082,,,,,15100000000,0.200,15100000000,0.012,,10000000000,,45.20,,,,,,,,,,,,,,,,,,,,,,true,true,12,2023-01-01,2023-12-31,0
2023-04-28,49270,2022-12-31,1,,,,,,,,,,,,,,,,,,,,205935000000,171459000000,0.830,772.60,170924000000,,,,,,,,,,,,true,false,12,2022-01-01,2022-12-31,-1
2023-04-28,49270,2022-12-31,1,,,,,,,,,,,,,,,,,,,,,,,,,,,,,52.00,,,,229136156,7904513,,false,false,12,2022-01-01,2022-12-31,-1
2023-04-28,49270,2023-12-31,1,,,,,,,,,,,,,,,,,,,,,,,,,,,,,52.00,,,,,,,false,true,12,2023-01-01,2023-12-31,0
2023-04-28,49270,2023-12-31,1,,,,,,,,,,,,,,,,,,,,,,,,,,,,,,,,,229136156,7898863,221234231,false,false,3,2023-01-01,2023-03-31,0
2023-04-28,49270,2022-12-31,1,,,,,,,,,,,,,,,,,,,,,,,,,,,,,,,,,,,221229395,false,false,3,2022-01-01,2022-03-31,-1
2023-07-31,49270,2023-12-31,2,85836000000,0.090,,,,,8966000000,0.823,11389000000,0.283,,7404000000,,33.47,33.43,,,,,206996000000,171053000000,0.824,770.60,170486000000,,,,,,,,,,,,true,false,6,2023-01-01,2023-06-30,0
2023-07-31,49270,2022-12-31,2,78748000000,-0.116,,,,,4917000000,-0.459,8876000000,-0.153,,10904000000,,49.29,49.24,,,,,,,,,,,,,,,,,,,,,true,false,6,2022-01-01,2022-06-30,-1
2023-07-31,49270,2023-12-31,2,180000000000,0.082,,,,,16000000000,0.272,17500000000,0.172,,11600000000,,52.43,,,,,,,,,,,,,,,,,,,,,,true,true,12,2023-01-01,2023-12-31,0
2023-07-31,49270,2022-12-31,2,,,,,,,,,,,,,,,,,,,,205935000000,171459000000,0.830,772.60,170924000000,,,,,,,,,,,,true,false,12,2022-01-01,2022-12-31,-1
2023-07-31,49270,2022-12-31,2,,,,,,,,,,,,,,,,,,,,,,,,,,,,,52.00,,,,229136156,7904513,,false,false,12,2022-01-01,2022-12-31,-1
2023-07-31,49270,2023-12-31,2,,,,,,,,,,,,,,,,,,,,,,,,,,,,,21.00,,,,,,,false,false,12,2023-01-01,2023-12-31,0
2023-07-31,49270,2023-12-31,2,,,,,,,,,,,,,,,,,,,,,,,,,,,,,52.00,,,,,,,false,true,12,2023-01-01,2023-12-31,0
2023-07-31,49270,2023-12-31,2,,,,,,,,,,,,,,,,,,,,,,,,,,,,,,,,,229136156,7897963,221235929,false,false,6,2023-01-01,2023-06-30,0
2023-07-31,49270,2022-12-31,2,,,,,,,,,,,,,,,,,,,,,,,,,,,,,,,,,,,221229559,false,false,6,2022-01-01,2022-06-30,-1
2023-10-30,49270,2023-12-31,3,126739000000,0.059,,,,,11913000000,0.554,14830000000,0.219,,9284000000,,41.97,41.92,,,,,200423000000,168058000000,0.836,757.03,167485000000,,,,,,,,,,,,true,false,9,2023-01-01,2023-09-30,0
2023-10-30,49270,2022-12-31,3,119654000000,-0.088,,,,,7668000000,-0.374,12169000000,-0.094,,13035000000,,58.92,58.86,,,,,,,,,,,,,,,,,,,,,true,false,9,2022-01-01,2022-09-30,-1
2023-10-30,49270,2023-12-31,3,180000000000,0.082,,,,,16000000000,0.272,17500000000,0.172,,11600000000,,52.43,,,,,,,,,,,,,,,,,,,,,,true,true,12,2023-01-01,2023-12-31,0
2023-10-30,49270,2022-12-31,3,,,,,,,,,,,,,,,,,,,,205935000000,171459000000,0.830,772.60,170924000000,,,,,,,,,,,,true,false,12,2022-01-01,2022-12-31,-1
2023-10-30,49270,2022-12-31,3,,,,,,,,,,,,,,,,,,,,,,,,,,,,,52.00,,,,229136156,7904513,,false,false,12,2022-01-01,2022-12-31,-1
2023-10-30,49270,2023-12-31,3,,,,,,,,,,,,,,,,,,,,,,,,,,,,,21.00,,,,,,,false,false,12,2023-01-01,2023-12-31,0
2023-10-30,49270,2023-12-31,3,,,,,,,,,,,,,,,,,,,,,,,,,,,,,52.00,,,,,,,false,true,12,2023-01-01,2023-12-31,0
2023-10-30,49270,2023-12-31,3,,,,,,,,,,,,,,,,,,,,,,,,,,,,,,,,,229136156,7897963,221236608,false,false,9,2023-01-01,2023-09-30,0
2023-10-30,49270,2022-12-31,3,,,,,,,,,,,,,,,,,,,,,,,,,,,,,,,,,,,221230184,false,false,9,2022-01-01,2022-09-30,-1
2024-02-14,49270,2023-12-31,,173304000000,0.042,,,,,16080000000,0.278,18469000000,0.237,,9665000000,,43.69,43.64,0.057,0.091,0.093,,201207000000,168398000000,0.834,758.49,167806000000,14423000000,-18734000000,-12375000000,46376000000,,1.190,,,,,,true,false,12,2023-01-01,2023-12-31,0
2024-02-14,49270,2022-12-31,,166307000000,-0.069,,,,,12581000000,-0.255,14928000000,-0.213,,11446000000,,51.74,51.69,0.067,0.072,0.076,,205935000000,171459000000,0.830,772.60,170924000000,15548000000,-12370000000,-12668000000,62562000000,,1.005,,,,,,true,false,12,2022-01-01,2022-12-31,-1
2024-02-14,49270,2024-12-31,,179000000000,0.033,,,,,17900000000,0.113,17900000000,-0.031,,11600000000,,52.43,,,,,,,,,,,,,,,,0.992,,,,,,true,true,12,2024-01-01,2024-12-31,1
2024-02-14,49270,2023-12-31,,24570000000,0.110,,,,,14604000000,0.045,16155000000,0.054,11100000000,,-0.073,50.17,50.12,,,,,165988000000,98381000000,0.591,443.59,98138000000,,,,,52.00,,,,229136156,7897963,221236973,false,false,12,2023-01-01,2023-12-31,0
2024-02-14,49270,2022-12-31,,22141000000,0.198,,,,,13973000000,0.013,15327000000,0.020,11972000000,,0.269,54.12,54.06,,,,,183877000000,98668000000,0.535,444.90,98424000000,,,,,52.00,,,,229136156,7904513,221230520,false,false,12,2022-01-01,2022-12-31,-1
2024-02-14,49270,2024-12-31,,,,,,,,,,,,,,,,,,,,,,,,,,,,,,52.00,,,,,,,false,true,12,2024-01-01,2024-12-31,1
2024-05-09,49270,2024-12-31,1,40886000000,-0.030,,,,,3357000000,-0.262,4675000000,-0.032,,3126000000,,14.13,14.12,,,,,200777000000,164349000000,0.816,740.25,163781000000,,,,,,,,,,,,true,false,3,2024-01-01,2024-03-31,0
2024-05-09,49270,2023-12-31,1,42136000000,0.119,,,,,4549000000,1.379,4832000000,0.167,,2743000000,,12.40,12.39,,,,,,,,,,,,,,,,,,,,,true,false,3,2023-01-01,2023-03-31,-1
2024-05-09,49270,2024-12-31,1,179000000000,0.033,,,,,17900000000,0.113,17900000000,-0.031,,11600000000,,52.43,,,,,,,,,,,,,,,,,,,,,,true,true,12,2024-01-01,2024-12-31,0
2024-05-09,49270,2023-12-31,1,,,,,,,,,,,,,,,,,,,,201207000000,168398000000,0.834,758.49,167806000000,,,,,,,,,,,,true,false,12,2023-01-01,2023-12-31,-1
2024-05-09,49270,2023-12-31,1,,,,,,,,,,,,,,,,,,,,,,,,,,,,,52.00,,,,229136156,7897963,,false,false,12,2023-01-01,2023-12-31,-1
2024-05-09,49270,2024-12-31,1,,,,,,,,,,,,,,,,,,,,,,,,,,,,,52.00,,,,,,,false,true,12,2024-01-01,2024-12-31,0
2024-05-09,49270,2024-12-31,1,,,,,,,,,,,,,,,,,,,,,,,,,,,,,,,,,229136156,7885551,221241296,false,false,3,2024-01-01,2024-03-31,0
2024-05-09,49270,2023-12-31,1,,,,,,,,,,,,,,,,,,,,,,,,,,,,,,,,,,,221234231,false,false,3,2023-01-01,2023-03-31,-1
2024-08-05,49270,2024-12-31,2,83836000000,-0.023,,,,,7316000000,-0.184,11121000000,-0.024,,7500000000,,33.90,33.86,,,,,200044000000,167448000000,0.834,754.09,166853000000,,,,,,,,,,,,true,false,6,2024-01-01,2024-06-30,0
2024-08-05,49270,2023-12-31,2,85836000000,0.090,,,,,8966000000,0.823,11389000000,0.283,,7404000000,,33.47,33.43,,,,,,,,,,,,,,,,,,,,,true,false,6,2023-01-01,2023-06-30,-1
2024-08-05,49270,2024-12-31,2,173500000000,0.001,,,,,14500000000,-0.098,17900000000,-0.031,,11600000000,,52.43,,,,,,,,,,,,,,,,,,,,,,true,true,12,2024-01-01,2024-12-31,0
2024-08-05,49270,2023-12-31,2,,,,,,,,,,,,,,,,,,,,201207000000,168398000000,0.834,758.49,167806000000,,,,,,,,,,,,true,false,12,2023-01-01,2023-12-31,-1
2024-08-05,49270,2023-12-31,2,,,,,,,,,,,,,,,,,,,,,,,,,,,,,52.00,,,,229136156,7897963,,false,false,12,2023-01-01,2023-12-31,-1
2024-08-05,49270,2024-12-31,2,,,,,,,,,,,,,,,,,,,,,,,,,,,,,21.00,,,,,,,false,false,12,2024-01-01,2024-12-31,0
2024-08-05,49270,2024-12-31,2,,,,,,,,,,,,,,,,,,,,,,,,,,,,,52.00,,,,,,,false,true,12,2024-01-01,2024-12-31,0
2024-08-05,49270,2024-12-31,2,,,,,,,,,,,,,,,,,,,,,,,,,,,,,,,,,229136156,7870651,221252128,false,false,6,2024-01-01,2024-06-30,0
2024-08-05,49270,2023-12-31,2,,,,,,,,,,,,,,,,,,,,,,,,,,,,,,,,,,,221235929,false,false,6,2023-01-01,2023-06-30,-1
2024-11-11,49270,2024-12-31,3,125395000000,-0.011,,,,,10817000000,-0.092,11725000000,-0.209,,6948000000,,31.41,31.37,,,,,194306000000,162529000000,0.835,733.37,162270000000,,,,,,,,,,,,true,false,9,2024-01-01,2024-09-30,0
2024-11-11,49270,2023-12-31,3,126739000000,0.059,,,,,11913000000,0.554,14830000000,0.219,,9284000000,,41.97,41.92,,,,,,,,,,,,,,,,,,,,,true,false,9,2023-01-01,2023-09-30,-1
2024-11-11,49270,2024-12-31,3,173500000000,0.001,,,,,14500000000,-0.098,17900000000,-0.031,,11600000000,,52.43,,,,,,,,,,,,,,,,,,,,,,true,true,12,2024-01-01,2024-12-31,0
2024-11-11,49270,2023-12-31,3,,,,,,,,,,,,,,,,,,,,201207000000,168398000000,0.834,758.49,167806000000,,,,,,,,,,,,true,false,12,2023-01-01,2023-12-31,-1
2024-11-11,49270,2023-12-31,3,,,,,,,,,,,,,,,,,,,,,,,,,,,,,52.00,,,,229136156,7897963,,false,false,12,2023-01-01,2023-12-31,-1
2024-11-11,49270,2024-12-31,3,,,,,,,,,,,,,,,,,,,,,,,,,,,,,21.00,,,,,,,false,false,12,2024-01-01,2024-12-31,0
2024-11-11,49270,2024-12-31,3,,,,,,,,,,,,,,,,,,,,,,,,,,,,,52.00,,,,,,,false,true,12,2024-01-01,2024-12-31,0
2024-11-11,49270,2024-12-31,3,,,,,,,,,,,,,,,,,,,,,,,,,,,,,,,,,229136156,7870726,221256118,false,false,9,2024-01-01,2024-09-30,0
2024-11-11,49270,2023-12-31,3,,,,,,,,,,,,,,,,,,,,,,,,,,,,,,,,,,,221236608,false,false,9,2023-01-01,2023-09-30,-1
2025-02-14,49270,2024-12-31,,170359000000,-0.017,,,,,13810000000,-0.141,16083000000,-0.129,,9286000000,,41.97,41.93,0.056,0.080,0.081,,200320000000,164916000000,0.822,744.16,164656000000,26185000000,-12104000000,-13376000000,47305000000,,1.239,,,,,,true,false,12,2024-01-01,2024-12-31,0
2025-02-14,49270,2023-12-31,,173304000000,0.042,,,,,16080000000,0.278,18469000000,0.237,,9665000000,,43.69,43.64,0.057,0.091,0.093,,201207000000,168398000000,0.834,758.49,167806000000,14423000000,-18734000000,-12375000000,46376000000,,1.190,,,,,,true,false,12,2023-01-01,2023-12-31,-1
2025-02-14,49270,2025-12-31,,174000000000,0.021,,,,,14500000000,0.050,14700000000,-0.086,,8500000000,,38.42,,,,,,,,,,,,,,,,1.354,,,,,,true,true,12,2025-01-01,2025-12-31,1
2025-02-14,49270,2024-12-31,,25646000000,0.044,,,,,14770000000,0.011,15510000000,-0.033,12020000000,,0.083,54.33,54.27,,,,,164665000000,98797000000,0.599,445.45,98561000000,,,,,52.00,,,,229136156,7870726,221258267,false,false,12,2024-01-01,2024-12-31,0
2025-02-14,49270,2023-12-31,,24570000000,0.110,,,,,14604000000,0.045,16040000000,0.046,11100000000,,-0.073,50.17,50.12,,,,,165988000000,98381000000,0.591,443.59,98138000000,,,,,52.00,,,,229136156,7897963,221236973,false,false,12,2023-01-01,2023-12-31,-1
2025-02-14,49270,2025-12-31,,,,,,,,,,,,,,,,,,,,,,,,,,,,,,52.00,,,,,,,false,true,12,2025-01-01,2025-12-31,1
2025-05-09,49270,2025-12-31,1,41313000000,0.010,,,,,4148000000,0.235,2470000000,-0.471,,1310000000,,5.92,5.92,,,,,190142000000,159977000000,0.840,721.83,159719000000,,,,,,,,,,,,true,false,3,2025-01-01,2025-03-31,0
2025-05-09,49270,2024-12-31,1,40886000000,-0.030,,,,,3357000000,-0.262,4675000000,-0.032,,3126000000,,14.13,14.12,,,,,,,,,,,,,,,,,,,,,true,false,3,2024-01-01,2024-03-31,-1
2025-05-09,49270,2025-12-31,1,174000000000,0.021,,,,,14500000000,0.050,14700000000,-0.086,,8500000000,,38.42,,,,,,,,,,,,,,,,,,,,,,true,true,12,2025-01-01,2025-12-31,0
2025-05-09,49270,2024-12-31,1,,,,,,,,,,,,,,,,,,,,200320000000,164916000000,0.822,744.16,164656000000,,,,,,,,,,,,true,false,12,2024-01-01,2024-12-31,-1
2025-05-09,49270,2024-12-31,1,,,,,,,,,,,,,,,,,,,,,,,,,,,,,52.00,,,,229136156,7870726,,false,false,12,2024-01-01,2024-12-31,-1
2025-05-09,49270,2025-12-31,1,,,,,,,,,,,,,,,,,,,,,,,,,,,,,52.00,,,,,,,false,true,12,2025-01-01,2025-12-31,0
2025-05-09,49270,2025-12-31,1,,,,,,,,,,,,,,,,,,,,,,,,,,,,,,,,,229136156,7865338,221267177,false,false,3,2025-01-01,2025-03-31,0
2025-05-09,49270,2024-12-31,1,,,,,,,,,,,,,,,,,,,,,,,,,,,,,,,,,,,221241296,false,false,3,2024-01-01,2024-03-31,-1
