filing_date,code,fiscal_year_end,quarterly_period,net_sales,net_sales_change,revenue,revenue_change,operating_revenue,operating_revenue_change,operating_profit,operating_profit_change,ordinary_profit,ordinary_profit_change,net_income,net_income_of_parent,net_income_change,eps,diluted_eps,roe,roa,operating_profit_to_net_sales,operating_profit_to_revenue,total_assets,net_assets,equity_ratio,bps,owner_equity,operating_cash_flow,investing_cash_flow,financing_cash_flow,cash,dividend_per_share,payout_ratio,commemorative_dividend,extra_dividend,number_of_shares,number_of_treqsury_shares,avg_number_of_shares,is_consolidated,is_forecast,duration,period_start,period_end,period_pos
2015-05-08,49560,2015-03-31,,115788000000,0.026,,,,,5312000000,-0.180,5464000000,-0.185,3045000000,,-0.186,154.24,,0.067,0.065,0.046,,86119000000,50677000000,0.555,2422.83,47832000000,4057000000,-3324000000,-878000000,14650000000,,0.195,,,,,,true,false,12,2014-04-01,2015-03-31,0
2015-05-08,49560,2014-03-31,,112869000000,0.077,,,,,6475000000,0.204,6704000000,0.250,3738000000,,0.212,189.70,,0.090,0.086,0.057,,81778000000,45587000000,0.527,2182.23,43082000000,5245000000,-3381000000,-594000000,14769000000,,0.158,,,,,,true,false,12,2013-04-01,2014-03-31,-1
2015-05-08,49560,2016-03-31,,56700000000,0.037,,,,,2440000000,0.043,2450000000,0.071,,1530000000,,77.50,,,,,,,,,,,,,,,,,,,,,,true,true,6,2015-04-01,2015-09-30,1
2015-05-08,49560,2016-03-31,,121000000000,0.045,,,,,5970000000,0.124,6040000000,0.105,,3800000000,,192.48,,,,,,,,,,,,,,,,,,,,,,true,true,12,2015-04-01,2016-03-31,1
2015-05-08,49560,2015-03-31,,82221000000,-0.025,,,,,2649000000,-0.341,3033000000,-0.300,1862000000,,-0.316,94.33,,,,,,68068000000,41982000000,0.617,2126.53,41982000000,,,,,30.00,,,,20353720,611347,19742398,false,false,12,2014-04-01,2015-03-31,0
2015-05-08,49560,2014-03-31,,84348000000,0.066,,,,,4018000000,0.141,4333000000,0.197,2720000000,,0.202,138.04,,,,,,66032000000,39586000000,0.599,2005.14,39586000000,,,,,30.00,,,,20353720,611281,19709933,false,false,12,2013-04-01,2014-03-31,-1
2015-05-08,49560,2016-03-31,,41300000000,0.032,,,,,,,1760000000,0.122,1290000000,,0.169,65.34,,,,,,,,,,,,,,,,,,,,,,false,true,6,2015-04-01,2015-09-30,1
2015-05-08,49560,2016-03-31,,85200000000,0.036,,,,,,,3560000000,0.174,2520000000,,0.353,127.64,,,,,,,,,,,,,,,35.00,,,,,,,false,true,12,2015-04-01,2016-03-31,1
2015-07-31,49560,2016-03-31,1,26873000000,0.020,,,,,950000000,-0.080,1049000000,-0.040,,427000000,,21.65,,,,,,86047000000,51244000000,0.565,,48588000000,,,,,,,,,,,,true,false,3,2015-04-01,2015-06-30,0
2015-07-31,49560,2015-03-31,1,26355000000,0.054,,,,,1033000000,-0.020,1093000000,-0.058,,638000000,,32.33,,,,,,,,,,,,,,,,,,,,,,true,false,3,2014-04-01,2014-06-30,-1
2015-07-31,49560,2016-03-31,1,56700000000,0.037,,,,,2440000000,0.043,2450000000,0.071,,1530000000,,77.50,,,,,,,,,,,,,,,,,,,,,,true,true,6,2015-04-01,2015-09-30,0
2015-07-31,49560,2016-03-31,1,121000000000,0.045,,,,,5970000000,0.124,6040000000,0.105,,3800000000,,192.48,,,,,,,,,,,,,,,,,,,,,,true,true,12,2015-04-01,2016-03-31,0
2015-07-31,49560,2015-03-31,1,,,,,,,,,,,,,,,,,,,,86119000000,50677000000,0.555,,47832000000,,,,,,,,,,,,true,false,12,2014-04-01,2015-03-31,-1
2015-07-31,49560,2015-03-31,1,,,,,,,,,,,,,,,,,,,,,,,,,,,,,30.00,,,,20353720,611347,,false,false,12,2014-04-01,2015-03-31,-1
2015-07-31,49560,2016-03-31,1,,,,,,,,,,,,,,,,,,,,,,,,,,,,,35.00,,,,,,,false,true,12,2015-04-01,2016-03-31,0
2015-07-31,49560,2016-03-31,1,,,,,,,,,,,,,,,,,,,,,,,,,,,,,,,,,20353720,611367,19742368,false,false,3,2015-04-01,2015-06-30,0
2015-07-31,49560,2015-03-31,1,,,,,,,,,,,,,,,,,,,,,,,,,,,,,,,,,,,19742416,false,false,3,2014-04-01,2014-06-30,-1
2015-10-30,49560,2016-03-31,2,56373000000,0.031,,,,,2626000000,0.123,2682000000,0.173,,1434000000,,72.67,,,,,,87211000000,51629000000,0.562,,49028000000,,,,,,,,,,,,true,false,6,2015-04-01,2015-09-30,0
2015-10-30,49560,2015-03-31,2,54700000000,0.036,,,,,2339000000,-0.117,2287000000,-0.174,,1309000000,,66.34,,,,,,,,,,,,,,,,,,,,,,true,false,6,2014-04-01,2014-09-30,-1
2015-10-30,49560,2016-03-31,2,121000000000,0.045,,,,,5970000000,0.124,6040000000,0.105,,3800000000,,192.48,,,,,,,,,,,,,,,,,,,,,,true,true,12,2015-04-01,2016-03-31,0
2015-10-30,49560,2015-03-31,2,,,,,,,,,,,,,,,,,,,,86119000000,50677000000,0.555,,47832000000,,,,,,,,,,,,true,false,12,2014-04-01,2015-03-31,-1
2015-10-30,49560,2015-03-31,2,,,,,,,,,,,,,,,,,,,,,,,,,,,,,30.00,,,,20353720,611347,,false,false,12,2014-04-01,2015-03-31,-1
2015-10-30,49560,2016-03-31,2,,,,,,,,,,,,,,,,,,,,,,,,,,,,,20.00,,,,,,,false,false,12,2015-04-01,2016-03-31,0
2015-10-30,49560,2016-03-31,2,,,,,,,,,,,,,,,,,,,,,,,,,,,,,35.00,,,,,,,false,true,12,2015-04-01,2016-03-31,0
2015-10-30,49560,2016-03-31,2,,,,,,,,,,,,,,,,,,,,,,,,,,,,,,,,,20353720,611368,19742361,false,false,6,2015-04-01,2015-09-30,0
2015-10-30,49560,2015-03-31,2,,,,,,,,,,,,,,,,,,,,,,,,,,,,,,,,,,,19742406,false,false,6,2014-04-01,2014-09-30,-1
2016-01-29,49560,2016-03-31,3,87168000000,0.036,,,,,4664000000,0.205,4740000000,0.195,,2720000000,,139.76,,,,,,90299000000,50095000000,0.525,,47373000000,,,,,,,,,,,,true,false,9,2015-04-01,2015-12-31,0
2016-01-29,49560,2015-03-31,3,84127000000,0.028,,,,,3871000000,-0.147,3967000000,-0.158,,2300000000,,116.52,,,,,,,,,,,,,,,,,,,,,,true,false,9,2014-04-01,2014-12-31,-1
2016-01-29,49560,2016-03-31,3,121000000000,0.045,,,,,5970000000,0.124,6040000000,0.105,,3800000000,,195.18,,,,,,,,,,,,,,,,,,,,,,true,true,12,2015-04-01,2016-03-31,0
2016-01-29,49560,2015-03-31,3,,,,,,,,,,,,,,,,,,,,86119000000,50677000000,0.555,,47832000000,,,,,,,,,,,,true,false,12,2014-04-01,2015-03-31,-1
2016-01-29,49560,2015-03-31,3,,,,,,,,,,,,,,,,,,,,,,,,,,,,,30.00,,,,20353720,611347,,false,false,12,2014-04-01,2015-03-31,-1
2016-01-29,49560,2016-03-31,3,,,,,,,,,,,,,,,,,,,,,,,,,,,,,20.00,,,,,,,false,false,12,2015-04-01,2016-03-31,0
2016-01-29,49560,2016-03-31,3,,,,,,,,,,,,,,,,,,,,,,,,,,,,,40.00,,,,,,,false,true,12,2015-04-01,2016-03-31,0
2016-01-29,49560,2016-03-31,3,,,,,,,,,,,,,,,,,,,,,,,,,,,,,,,,,20353720,1977414,19469149,false,false,9,2015-04-01,2015-12-31,0
2016-01-29,49560,2015-03-31,3,,,,,,,,,,,,,,,,,,,,,,,,,,,,,,,,,,,19742402,false,false,9,2014-04-01,2014-12-31,-1
2016-04-28,49560,2016-03-31,,118860000000,0.027,,,,,6378000000,0.201,6387000000,0.169,,3763000000,,97.92,,0.079,0.074,0.054,,86988000000,50032000000,0.544,1288.23,47345000000,6451000000,-1316000000,-3837000000,15863000000,,0.204,,,,,,true,false,12,2015-04-01,2016-03-31,0
2016-04-28,49560,2015-03-31,,115788000000,0.026,,,,,5312000000,-0.180,5464000000,-0.185,,3045000000,,77.12,,0.067,0.065,0.046,,86119000000,50677000000,0.555,1211.42,47832000000,4057000000,-3324000000,-878000000,14650000000,,0.195,,,,,,true,false,12,2014-04-01,2015-03-31,-1
2016-04-28,49560,2017-03-31,,59380000000,0.053,,,,,2810000000,0.070,2850000000,0.063,,1720000000,,46.80,,,,,,,,,,,,,,,,,,,,,,true,true,6,2016-04-01,2016-09-30,1
2016-04-28,49560,2017-03-31,,126000000000,0.060,,,,,6630000000,0.039,6710000000,0.050,,4180000000,,113.73,,,,,,,,,,,,,,,,,,,,,,true,true,12,2016-04-01,2017-03-31,1
2016-04-28,49560,2016-03-31,,83693000000,0.018,,,,,3452000000,0.303,3867000000,0.275,2524000000,,0.355,65.67,,,,,,66981000000,40673000000,0.607,1106.67,40673000000,,,,,40.00,,,,40707440,3954828,38433909,false,false,12,2015-04-01,2016-03-31,0
2016-04-28,49560,2015-03-31,,82221000000,-0.025,,,,,2649000000,-0.341,3033000000,-0.300,1862000000,,-0.316,47.16,,,,,,68068000000,41982000000,0.617,1063.27,41982000000,,,,,30.00,,,,40707440,1222694,39484796,false,false,12,2014-04-01,2015-03-31,-1
2016-04-28,49560,2017-03-31,,42890000000,0.055,,,,,,,2150000000,0.126,1500000000,,0.262,40.81,,,,,,,,,,,,,,,,,,,,,,false,true,6,2016-04-01,2016-09-30,1
2016-04-28,49560,2017-03-31,,88730000000,0.060,,,,,,,4230000000,0.094,2950000000,,0.169,80.27,,,,,,,,,,,,,,,22.00,,,,,,,false,true,12,2016-04-01,2017-03-31,1
2016-07-29,49560,2017-03-31,1,27299000000,0.016,,,,,992000000,0.044,895000000,-0.147,,632000000,,17.21,,,,,,84404000000,49805000000,0.559,,47218000000,,,,,,,,,,,,true,false,3,2016-04-01,2016-06-30,0
2016-07-29,49560,2016-03-31,1,26873000000,0.020,,,,,950000000,-0.080,1049000000,-0.040,,427000000,,10.83,,,,,,,,,,,,,,,,,,,,,,true,false,3,2015-04-01,2015-06-30,-1
2016-07-29,49560,2017-03-31,1,59380000000,0.053,,,,,2810000000,0.070,2850000000,0.063,,1720000000,,46.80,,,,,,,,,,,,,,,,,,,,,,true,true,6,2016-04-01,2016-09-30,0
2016-07-29,49560,2017-03-31,1,126000000000,0.060,,,,,6630000000,0.039,6710000000,0.050,,4180000000,,113.73,,,,,,,,,,,,,,,,,,,,,,true,true,12,2016-04-01,2017-03-31,0
2016-07-29,49560,2016-03-31,1,,,,,,,,,,,,,,,,,,,,86988000000,50032000000,0.544,,47345000000,,,,,,,,,,,,true,false,12,2015-04-01,2016-03-31,-1
2016-07-29,49560,2016-03-31,1,,,,,,,,,,,,,,,,,,,,,,,,,,,,,40.00,,,,40707440,3954828,,false,false,12,2015-04-01,2016-03-31,-1
2016-07-29,49560,2017-03-31,1,,,,,,,,,,,,,,,,,,,,,,,,,,,,,22.00,,,,,,,false,true,12,2016-04-01,2017-03-31,0
2016-07-29,49560,2017-03-31,1,,,,,,,,,,,,,,,,,,,,,,,,,,,,,,,,,40707440,3954912,36752549,false,false,3,2016-04-01,2016-06-30,0
2016-07-29,49560,2016-03-31,1,,,,,,,,,,,,,,,,,,,,,,,,,,,,,,,,,,,39484736,false,false,3,2015-04-01,2015-06-30,-1
2016-10-31,49560,2017-03-31,2,57329000000,0.017,,,,,2621000000,-0.002,2400000000,-0.105,,1599000000,,43.51,,,,,,85849000000,50846000000,0.561,,48159000000,,,,,,,,,,,,true,false,6,2016-04-01,2016-09-30,0
2016-10-31,49560,2016-03-31,2,56373000000,0.031,,,,,2626000000,0.123,2682000000,0.173,,1434000000,,36.33,,,,,,,,,,,,,,,,,,,,,,true,false,6,2015-04-01,2015-09-30,-1
2016-10-31,49560,2017-03-31,2,126000000000,0.060,,,,,6630000000,0.039,6710000000,0.050,,4180000000,,113.73,,,,,,,,,,,,,,,,,,,,,,true,true,12,2016-04-01,2017-03-31,0
2016-10-31,49560,2016-03-31,2,,,,,,,,,,,,,,,,,,,,86988000000,50032000000,0.544,,47345000000,,,,,,,,,,,,true,false,12,2015-04-01,2016-03-31,-1
2016-10-31,49560,2016-03-31,2,,,,,,,,,,,,,,,,,,,,,,,,,,,,,40.00,,,,40707440,3954828,,false,false,12,2015-04-01,2016-03-31,-1
2016-10-31,49560,2017-03-31,2,,,,,,,,,,,,,,,,,,,,,,,,,,,,,11.00,,,,,,,false,false,12,2016-04-01,2017-03-31,0
2016-10-31,49560,2017-03-31,2,,,,,,,,,,,,,,,,,,,,,,,,,,,,,22.00,,,,,,,false,true,12,2016-04-01,2017-03-31,0
2016-10-31,49560,2017-03-31,2,,,,,,,,,,,,,,,,,,,,,,,,,,,,,,,,,40707440,3954912,36752540,false,false,6,2016-04-01,2016-09-30,0
2016-10-31,49560,2016-03-31,2,,,,,,,,,,,,,,,,,,,,,,,,,,,,,,,,,,,39484723,false,false,6,2015-04-01,2015-09-30,-1
2017-01-31,49560,2017-03-31,3,88424000000,0.014,,,,,4721000000,0.012,4788000000,0.010,,3113000000,,84.73,,,,,,93608000000,52892000000,0.534,,50003000000,,,,,,,,,,,,true,false,9,2016-04-01,2016-12-31,0
2017-01-31,49560,2016-03-31,3,87168000000,0.036,,,,,4664000000,0.205,4740000000,0.195,,2720000000,,69.88,,,,,,,,,,,,,,,,,,,,,,true,false,9,2015-04-01,2015-12-31,-1
2017-01-31,49560,2017-03-31,3,126000000000,0.060,,,,,6630000000,0.039,6710000000,0.050,,4180000000,,113.73,,,,,,,,,,,,,,,,,,,,,,true,true,12,2016-04-01,2017-03-31,0
2017-01-31,49560,2016-03-31,3,,,,,,,,,,,,,,,,,,,,86988000000,50032000000,0.544,,47345000000,,,,,,,,,,,,true,false,12,2015-04-01,2016-03-31,-1
2017-01-31,49560,2016-03-31,3,,,,,,,,,,,,,,,,,,,,,,,,,,,,,40.00,,,,40707440,3954828,,false,false,12,2015-04-01,2016-03-31,-1
2017-01-31,49560,2017-03-31,3,,,,,,,,,,,,,,,,,,,,,,,,,,,,,11.00,,,,,,,false,false,12,2016-04-01,2017-03-31,0
2017-01-31,49560,2017-03-31,3,,,,,,,,,,,,,,,,,,,,,,,,,,,,,22.00,,,,,,,false,true,12,2016-04-01,2017-03-31,0
2017-01-31,49560,2017-03-31,3,,,,,,,,,,,,,,,,,,,,,,,,,,,,,,,,,40707440,3954942,36752527,false,false,9,2016-04-01,2016-12-31,0
2017-01-31,49560,2016-03-31,3,,,,,,,,,,,,,,,,,,,,,,,,,,,,,,,,,,,38938299,false,false,9,2015-04-01,2015-12-31,-1
2017-04-28,49560,2017-03-31,,121349000000,0.021,,,,,6836000000,0.072,6902000000,0.081,,4387000000,,119.39,,0.088,0.077,0.056,,93012000000,54924000000,0.559,1413.95,51966000000,5542000000,-2409000000,-673000000,18293000000,,0.201,,,,,,true,false,12,2016-04-01,2017-03-31,0
2017-04-28,49560,2016-03-31,,118860000000,0.027,,,,,6378000000,0.201,6387000000,0.169,,3763000000,,97.92,,0.079,0.074,0.054,,86988000000,50032000000,0.544,1288.23,47345000000,6451000000,-1316000000,-3837000000,15863000000,,0.204,,,,,,true,false,12,2015-04-01,2016-03-31,-1
2017-04-28,49560,2018-03-31,,61300000000,0.069,,,,,2840000000,0.083,2850000000,0.187,,1750000000,,47.62,,,,,,,,,,,,,,,,,,,,,,true,true,6,2017-04-01,2017-09-30,1
2017-04-28,49560,2018-03-31,,130000000000,0.071,,,,,7390000000,0.081,7400000000,0.072,,4580000000,,124.62,,,,,,,,,,,,,,,,,,,,,,true,true,12,2017-04-01,2018-03-31,1
2017-04-28,49560,2017-03-31,,85331000000,0.020,,,,,4151000000,0.202,4760000000,0.231,3618000000,,0.434,98.46,,,,,,71170000000,44116000000,0.620,1200.37,44116000000,,,,,24.00,,,,40707440,3954942,36752520,false,false,12,2016-04-01,2017-03-31,0
2017-04-28,49560,2016-03-31,,83693000000,0.018,,,,,3452000000,0.303,3867000000,0.275,2524000000,,0.355,65.67,,,,,,66981000000,40673000000,0.607,1106.67,40673000000,,,,,40.00,,,,40707440,3954828,38433909,false,false,12,2015-04-01,2016-03-31,-1
2017-04-28,49560,2018-03-31,,,,,,,,,,,,,,,,,,,,,,,,,,,,,,24.00,,,,,,,false,true,12,2017-04-01,2018-03-31,1
2017-07-31,49560,2018-03-31,1,29375000000,0.076,,,,,1366000000,0.377,1400000000,0.564,,911000000,,24.79,,,,,,92440000000,55764000000,0.571,,52740000000,,,,,,,,,,,,true,false,3,2017-04-01,2017-06-30,0
2017-07-31,49560,2017-03-31,1,27299000000,0.016,,,,,992000000,0.044,895000000,-0.147,,632000000,,17.21,,,,,,,,,,,,,,,,,,,,,,true,false,3,2016-04-01,2016-06-30,-1
2017-07-31,49560,2018-03-31,1,61300000000,0.069,,,,,2840000000,0.083,2850000000,0.187,,1750000000,,47.62,,,,,,,,,,,,,,,,,,,,,,true,true,6,2017-04-01,2017-09-30,0
2017-07-31,49560,2018-03-31,1,130000000000,0.071,,,,,7390000000,0.081,7400000000,0.072,,4580000000,,124.62,,,,,,,,,,,,,,,,,,,,,,true,true,12,2017-04-01,2018-03-31,0
2017-07-31,49560,2017-03-31,1,,,,,,,,,,,,,,,,,,,,93012000000,54924000000,0.559,,51966000000,,,,,,,,,,,,true,false,12,2016-04-01,2017-03-31,-1
2017-07-31,49560,2017-03-31,1,,,,,,,,,,,,,,,,,,,,,,,,,,,,,24.00,,,,40707440,3954942,,false,false,12,2016-04-01,2017-03-31,-1
2017-07-31,49560,2018-03-31,1,,,,,,,,,,,,,,,,,,,,,,,,,,,,,24.00,,,,,,,false,true,12,2017-04-01,2018-03-31,0
2017-07-31,49560,2018-03-31,1,,,,,,,,,,,,,,,,,,,,,,,,,,,,,,,,,40707440,3955002,36752453,false,false,3,2017-04-01,2017-06-30,0
2017-07-31,49560,2017-03-31,1,,,,,,,,,,,,,,,,,,,,,,,,,,,,,,,,,,,36752549,false,false,3,2016-04-01,2016-06-30,-1
2017-10-31,49560,2018-03-31,2,60298000000,0.052,,,,,3036000000,0.158,3054000000,0.272,,1920000000,,52.38,,,,,,101105000000,56718000000,0.530,,53543000000,,,,,,,,,,,,true,false,6,2017-04-01,2017-09-30,0
2017-10-31,49560,2017-03-31,2,57329000000,0.017,,,,,2621000000,-0.002,2400000000,-0.105,,1599000000,,43.51,,,,,,,,,,,,,,,,,,,,,,true,false,6,2016-04-01,2016-09-30,-1
2017-10-31,49560,2018-03-31,2,130000000000,0.071,,,,,7390000000,0.081,7400000000,0.072,,4580000000,,124.62,,,,,,,,,,,,,,,,,,,,,,true,true,12,2017-04-01,2018-03-31,0
2017-10-31,49560,2017-03-31,2,,,,,,,,,,,,,,,,,,,,93012000000,54924000000,0.559,,51966000000,,,,,,,,,,,,true,false,12,2016-04-01,2017-03-31,-1
2017-10-31,49560,2017-03-31,2,,,,,,,,,,,,,,,,,,,,,,,,,,,,,24.00,,,,40707440,3954942,,false,false,12,2016-04-01,2017-03-31,-1
2017-10-31,49560,2018-03-31,2,,,,,,,,,,,,,,,,,,,,,,,,,,,,,12.00,,,,,,,false,false,12,2017-04-01,2018-03-31,0
2017-10-31,49560,2018-03-31,2,,,,,,,,,,,,,,,,,,,,,,,,,,,,,24.00,,,,,,,false,true,12,2017-04-01,2018-03-31,0
2017-10-31,49560,2018-03-31,2,,,,,,,,,,,,,,,,,,,,,,,,,,,,,,,,,40707440,4279727,36663282,false,false,6,2017-04-01,2017-09-30,0
2017-10-31,49560,2017-03-31,2,,,,,,,,,,,,,,,,,,,,,,,,,,,,,,,,,,,36752540,false,false,6,2016-04-01,2016-09-30,-1
2018-01-31,49560,2018-03-31,3,93304000000,0.055,,,,,5180000000,0.097,5261000000,0.099,,3162000000,,86.42,,,,,,103097000000,58073000000,0.531,,54747000000,,,,,,,,,,,,true,false,9,2017-04-01,2017-12-31,0
2018-01-31,49560,2017-03-31,3,88424000000,0.014,,,,,4721000000,0.012,4788000000,0.010,,3113000000,,84.73,,,,,,,,,,,,,,,,,,,,,,true,false,9,2016-04-01,2016-12-31,-1
2018-01-31,49560,2018-03-31,3,130000000000,0.071,,,,,7390000000,0.081,7400000000,0.072,,4580000000,,124.62,,,,,,,,,,,,,,,,,,,,,,true,true,12,2017-04-01,2018-03-31,0
2018-01-31,49560,2017-03-31,3,,,,,,,,,,,,,,,,,,,,93012000000,54924000000,0.559,,51966000000,,,,,,,,,,,,true,false,12,2016-04-01,2017-03-31,-1
2018-01-31,49560,2017-03-31,3,,,,,,,,,,,,,,,,,,,,,,,,,,,,,24.00,,,,40707440,3954942,,false,false,12,2016-04-01,2017-03-31,-1
2018-01-31,49560,2018-03-31,3,,,,,,,,,,,,,,,,,,,,,,,,,,,,,12.00,,,,,,,false,false,12,2017-04-01,2018-03-31,0
2018-01-31,49560,2018-03-31,3,,,,,,,,,,,,,,,,,,,,,,,,,,,,,24.00,,,,,,,false,true,12,2017-04-01,2018-03-31,0
2018-01-31,49560,2018-03-31,3,,,,,,,,,,,,,,,,,,,,,,,,,,,,,,,,,40707440,4279773,36592598,false,false,9,2017-04-01,2017-12-31,0
2018-01-31,49560,2017-03-31,3,,,,,,,,,,,,,,,,,,,,,,,,,,,,,,,,,,,36752527,false,false,9,2016-04-01,2016-12-31,-1
2018-04-27,49560,2018-03-31,,128492000000,0.059,,,,,7238000000,0.059,7331000000,0.062,,4619000000,,126.37,,0.086,0.074,0.056,,104033000000,58916000000,0.535,1527.00,55624000000,8962000000,-1734000000,7000000,25545000000,,0.206,,,,,,true,false,12,2017-04-01,2018-03-31,0
2018-04-27,49560,2017-03-31,,121349000000,0.021,,,,,6836000000,0.072,6902000000,0.081,,4387000000,,119.39,,0.088,0.077,0.056,,93012000000,54924000000,0.559,1413.95,51966000000,5542000000,-2409000000,-673000000,18293000000,,0.201,,,,,,true,false,12,2016-04-01,2017-03-31,-1
2018-04-27,49560,2019-03-31,,63300000000,0.050,,,,,3150000000,0.038,3230000000,0.058,,2020000000,,55.26,,,,,,,,,,,,,,,,,,,,,,true,true,6,2018-04-01,2018-09-30,1
2018-04-27,49560,2019-03-31,,135000000000,0.051,,,,,7650000000,0.057,7760000000,0.058,,4920000000,,134.59,,,,,,,,,,,,,,,,,,,,,,true,true,12,2018-04-01,2019-03-31,1
2018-04-27,49560,2018-03-31,,87291000000,0.023,,,,,4058000000,-0.022,4634000000,-0.026,3294000000,,-0.089,90.14,,,,,,77930000000,46224000000,0.593,1268.93,46224000000,,,,,26.00,,,,40707440,4279849,36554531,false,false,12,2017-04-01,2018-03-31,0
2018-04-27,49560,2017-03-31,,85331000000,0.020,,,,,4151000000,0.202,4760000000,0.231,3618000000,,0.434,98.46,,,,,,71170000000,44116000000,0.620,1200.37,44116000000,,,,,24.00,,,,40707440,3954942,36752520,false,false,12,2016-04-01,2017-03-31,-1
2018-04-27,49560,2019-03-31,,,,,,,,,,,,,,,,,,,,,,,,,,,,,,26.00,,,,,,,false,true,12,2018-04-01,2019-03-31,1
2018-07-31,49560,2019-03-31,1,30480000000,0.038,,,,,1125000000,-0.176,1216000000,-0.131,,714000000,,19.61,,,,,,101883000000,58805000000,0.547,,55766000000,,,,,,,,,,,,true,false,3,2018-04-01,2018-06-30,0
2018-07-31,49560,2018-03-31,1,29375000000,0.076,,,,,1366000000,0.377,1400000000,0.564,,911000000,,24.79,,,,,,,,,,,,,,,,,,,,,,true,false,3,2017-04-01,2017-06-30,-1
2018-07-31,49560,2019-03-31,1,63300000000,0.050,,,,,3150000000,0.038,3230000000,0.058,,2020000000,,55.26,,,,,,,,,,,,,,,,,,,,,,true,true,6,2018-04-01,2018-09-30,0
2018-07-31,49560,2019-03-31,1,135000000000,0.051,,,,,7650000000,0.057,7760000000,0.058,,4920000000,,134.59,,,,,,,,,,,,,,,,,,,,,,true,true,12,2018-04-01,2019-03-31,0
2018-07-31,49560,2018-03-31,1,,,,,,,,,,,,,,,,,,,,103593000000,58916000000,0.537,,55624000000,,,,,,,,,,,,true,false,12,2017-04-01,2018-03-31,-1
2018-07-31,49560,2018-03-31,1,,,,,,,,,,,,,,,,,,,,,,,,,,,,,26.00,,,,40707440,4279849,,false,false,12,2017-04-01,2018-03-31,-1
2018-07-31,49560,2019-03-31,1,,,,,,,,,,,,,,,,,,,,,,,,,,,,,26.00,,,,,,,false,true,12,2018-04-01,2019-03-31,0
2018-07-31,49560,2019-03-31,1,,,,,,,,,,,,,,,,,,,,,,,,,,,,,,,,,40707440,4280149,36427366,false,false,3,2018-04-01,2018-06-30,0
2018-07-31,49560,2018-03-31,1,,,,,,,,,,,,,,,,,,,,,,,,,,,,,,,,,,,36752453,false,false,3,2017-04-01,2017-06-30,-1
2018-10-31,49560,2019-03-31,2,63023000000,0.045,,,,,2866000000,-0.056,2972000000,-0.027,,1810000000,,49.77,,,,,,104439000000,59608000000,0.541,,56512000000,,,,,,,,,,,,true,false,6,2018-04-01,2018-09-30,0
2018-10-31,49560,2018-03-31,2,60298000000,0.052,,,,,3036000000,0.158,3054000000,0.272,,1920000000,,52.38,,,,,,,,,,,,,,,,,,,,,,true,false,6,2017-04-01,2017-09-30,-1
2018-10-31,49560,2019-03-31,2,135000000000,0.051,,,,,7650000000,0.057,7760000000,0.058,,4920000000,,134.59,,,,,,,,,,,,,,,,,,,,,,true,true,12,2018-04-01,2019-03-31,0
2018-10-31,49560,2018-03-31,2,,,,,,,,,,,,,,,,,,,,103593000000,58916000000,0.537,,55624000000,,,,,,,,,,,,true,false,12,2017-04-01,2018-03-31,-1
2018-10-31,49560,2018-03-31,2,,,,,,,,,,,,,,,,,,,,,,,,,,,,,26.00,,,,40707440,4279849,,false,false,12,2017-04-01,2018-03-31,-1
2018-10-31,49560,2019-03-31,2,,,,,,,,,,,,,,,,,,,,,,,,,,,,,13.00,,,,,,,false,false,12,2018-04-01,2019-03-31,0
2018-10-31,49560,2019-03-31,2,,,,,,,,,,,,,,,,,,,,,,,,,,,,,26.00,,,,,,,false,true,12,2018-04-01,2019-03-31,0
2018-10-31,49560,2019-03-31,2,,,,,,,,,,,,,,,,,,,,,,,,,,,,,,,,,40707440,4457849,36379748,false,false,6,2018-04-01,2018-09-30,0
2018-10-31,49560,2018-03-31,2,,,,,,,,,,,,,,,,,,,,,,,,,,,,,,,,,,,36663282,false,false,6,2017-04-01,2017-09-30,-1
2019-01-31,49560,2019-03-31,3,99249000000,0.064,,,,,5278000000,0.019,5420000000,0.030,,3337000000,,91.85,,,,,,106039000000,59856000000,0.535,,56749000000,,,,,,,,,,,,true,false,9,2018-04-01,2018-12-31,0
2019-01-31,49560,2018-03-31,3,93304000000,0.055,,,,,5180000000,0.097,5261000000,0.099,,3162000000,,86.42,,,,,,,,,,,,,,,,,,,,,,true,false,9,2017-04-01,2017-12-31,-1
2019-01-31,49560,2019-03-31,3,135000000000,0.051,,,,,7650000000,0.057,7760000000,0.058,,4920000000,,134.59,,,,,,,,,,,,,,,,,,,,,,true,true,12,2018-04-01,2019-03-31,0
2019-01-31,49560,2018-03-31,3,,,,,,,,,,,,,,,,,,,,103593000000,58916000000,0.537,,55624000000,,,,,,,,,,,,true,false,12,2017-04-01,2018-03-31,-1
2019-01-31,49560,2018-03-31,3,,,,,,,,,,,,,,,,,,,,,,,,,,,,,26.00,,,,40707440,4279849,,false,false,12,2017-04-01,2018-03-31,-1
2019-01-31,49560,2019-03-31,3,,,,,,,,,,,,,,,,,,,,,,,,,,,,,13.00,,,,,,,false,false,12,2018-04-01,2019-03-31,0
2019-01-31,49560,2019-03-31,3,,,,,,,,,,,,,,,,,,,,,,,,,,,,,26.00,,,,,,,false,true,12,2018-04-01,2019-03-31,0
2019-01-31,49560,2019-03-31,3,,,,,,,,,,,,,,,,,,,,,,,,,,,,,,,,,40707440,4457849,36340701,false,false,9,2018-04-01,2018-12-31,0
2019-01-31,49560,2018-03-31,3,,,,,,,,,,,,,,,,,,,,,,,,,,,,,,,,,,,36592598,false,false,9,2017-04-01,2017-12-31,-1
2019-04-26,49560,2019-03-31,,134139000000,0.044,,,,,7031000000,-0.029,7182000000,-0.020,,4404000000,,121.28,,0.078,0.068,0.052,,108402000000,60913000000,0.532,1592.21,57717000000,5507000000,-6571000000,-2163000000,22263000000,,0.214,,,,,,true,false,12,2018-04-01,2019-03-31,0
2019-04-26,49560,2018-03-31,,128492000000,0.059,,,,,7238000000,0.059,7331000000,0.062,,4619000000,,126.37,,0.086,0.075,0.056,,103593000000,58916000000,0.537,1527.00,55624000000,8962000000,-1734000000,7000000,25545000000,,0.206,,,,,,true,false,12,2017-04-01,2018-03-31,-1
2019-04-26,49560,2020-03-31,,65500000000,0.039,,,,,3210000000,0.120,3280000000,0.103,,2040000000,,56.17,,,,,,,,,,,,,,,,,,,,,,true,true,6,2019-04-01,2019-09-30,1
2019-04-26,49560,2020-03-31,,141000000000,0.051,,,,,8000000000,0.138,8100000000,0.128,,5000000000,,137.67,,,,,,,,,,,,,,,,,,,,,,true,true,12,2019-04-01,2020-03-31,1
2019-04-26,49560,2019-03-31,,91268000000,0.046,,,,,3816000000,-0.060,4486000000,-0.032,3147000000,,-0.045,86.65,,,,,,91875000000,47547000000,0.518,1311.67,47547000000,,,,,26.00,,,,40707440,4457894,36319668,false,false,12,2018-04-01,2019-03-31,0
2019-04-26,49560,2018-03-31,,87291000000,0.023,,,,,4058000000,-0.022,4634000000,-0.026,3294000000,,-0.089,90.14,,,,,,77604000000,46224000000,0.596,1268.93,46224000000,,,,,26.00,,,,40707440,4279849,36554531,false,false,12,2017-04-01,2018-03-31,-1
2019-04-26,49560,2020-03-31,,,,,,,,,,,,,,,,,,,,,,,,,,,,,,26.00,,,,,,,false,true,12,2019-04-01,2020-03-31,1
2019-07-31,49560,2020-03-31,1,31398000000,0.030,,,,,1175000000,0.044,1228000000,0.010,,776000000,,21.42,,,,,,104585000000,60972000000,0.553,,57838000000,,,,,,,,,,,,true,false,3,2019-04-01,2019-06-30,0
2019-07-31,49560,2019-03-31,1,30480000000,0.038,,,,,1125000000,-0.176,1216000000,-0.131,,714000000,,19.61,,,,,,,,,,,,,,,,,,,,,,true,false,3,2018-04-01,2018-06-30,-1
2019-07-31,49560,2020-03-31,1,65500000000,0.039,,,,,3210000000,0.120,3280000000,0.103,,2040000000,,56.17,,,,,,,,,,,,,,,,,,,,,,true,true,6,2019-04-01,2019-09-30,0
2019-07-31,49560,2020-03-31,1,141000000000,0.051,,,,,8000000000,0.138,8100000000,0.128,,5000000000,,137.67,,,,,,,,,,,,,,,,,,,,,,true,true,12,2019-04-01,2020-03-31,0
2019-07-31,49560,2019-03-31,1,,,,,,,,,,,,,,,,,,,,108402000000,60913000000,0.532,,57717000000,,,,,,,,,,,,true,false,12,2018-04-01,2019-03-31,-1
2019-07-31,49560,2019-03-31,1,,,,,,,,,,,,,,,,,,,,,,,,,,,,,26.00,,,,40707440,4457894,,false,false,12,2018-04-01,2019-03-31,-1
2019-07-31,49560,2020-03-31,1,,,,,,,,,,,,,,,,,,,,,,,,,,,,,26.00,,,,,,,false,true,12,2019-04-01,2020-03-31,0
2019-07-31,49560,2020-03-31,1,,,,,,,,,,,,,,,,,,,,,,,,,,,,,,,,,40707440,4457894,36249546,false,false,3,2019-04-01,2019-06-30,0
2019-07-31,49560,2019-03-31,1,,,,,,,,,,,,,,,,,,,,,,,,,,,,,,,,,,,36427366,false,false,3,2018-04-01,2018-06-30,-1
2019-10-31,49560,2020-03-31,2,65196000000,0.034,,,,,3060000000,0.067,3125000000,0.051,,1968000000,,54.28,,,,,,103209000000,62248000000,0.572,,59026000000,,,,,,,,,,,,true,false,6,2019-04-01,2019-09-30,0
2019-10-31,49560,2019-03-31,2,63023000000,0.045,,,,,2866000000,-0.056,2972000000,-0.027,,1810000000,,49.77,,,,,,,,,,,,,,,,,,,,,,true,false,6,2018-04-01,2018-09-30,-1
2019-10-31,49560,2020-03-31,2,141000000000,0.051,,,,,8000000000,0.138,8100000000,0.128,,5000000000,,137.67,,,,,,,,,,,,,,,,,,,,,,true,true,12,2019-04-01,2020-03-31,0
2019-10-31,49560,2019-03-31,2,,,,,,,,,,,,,,,,,,,,108402000000,60913000000,0.532,,57717000000,,,,,,,,,,,,true,false,12,2018-04-01,2019-03-31,-1
2019-10-31,49560,2019-03-31,2,,,,,,,,,,,,,,,,,,,,,,,,,,,,,26.00,,,,40707440,4457894,,false,false,12,2018-04-01,2019-03-31,-1
2019-10-31,49560,2020-03-31,2,,,,,,,,,,,,,,,,,,,,,,,,,,,,,13.00,,,,,,,false,false,12,2019-04-01,2020-03-31,0
2019-10-31,49560,2020-03-31,2,,,,,,,,,,,,,,,,,,,,,,,,,,,,,26.00,,,,,,,false,true,12,2019-04-01,2020-03-31,0
2019-10-31,49560,2020-03-31,2,,,,,,,,,,,,,,,,,,,,,,,,,,,,,,,,,40707440,4432594,36260388,false,false,6,2019-04-01,2019-09-30,0
2019-10-31,49560,2019-03-31,2,,,,,,,,,,,,,,,,,,,,,,,,,,,,,,,,,,,36379748,false,false,6,2018-04-01,2018-09-30,-1
,49560,2020-03-31,,,,,,,,,,,,,,,,,,,,,,,,,,,,,,36.00,,,,,,,false,true,12,2019-04-01,2020-03-31,0
,49560,2020-03-31,,,,,,,,,,,,,,,,,,,,,,,,,,,,,,13.00,,,,,,,false,false,12,2019-04-01,2020-03-31,0
,49560,2019-03-31,,,,,,,,,,,,,,,,,,,,,,,,,,,,,,26.00,,,,,,,false,false,12,2018-04-01,2019-03-31,-1
2020-01-30,49560,2020-03-31,3,99766000000,0.005,,,,,5115000000,-0.031,5224000000,-0.036,,3278000000,,90.41,,,,,,109368000000,63556000000,0.550,,60192000000,,,,,,,,,,,,true,false,9,2019-04-01,2019-12-31,0
2020-01-30,49560,2019-03-31,3,99249000000,0.064,,,,,5278000000,0.019,5420000000,0.030,,3337000000,,91.85,,,,,,,,,,,,,,,,,,,,,,true,false,9,2018-04-01,2018-12-31,-1
2020-01-30,49560,2020-03-31,3,141000000000,0.051,,,,,8000000000,0.138,8100000000,0.128,,5000000000,,137.67,,,,,,,,,,,,,,,,,,,,,,true,true,12,2019-04-01,2020-03-31,0
2020-01-30,49560,2019-03-31,3,,,,,,,,,,,,,,,,,,,,108402000000,60913000000,0.532,,57717000000,,,,,,,,,,,,true,false,12,2018-04-01,2019-03-31,-1
2020-01-30,49560,2019-03-31,3,,,,,,,,,,,,,,,,,,,,,,,,,,,,,26.00,,,,40707440,4457894,,false,false,12,2018-04-01,2019-03-31,-1
2020-01-30,49560,2020-03-31,3,,,,,,,,,,,,,,,,,,,,,,,,,,,,,13.00,,,,,,,false,false,12,2019-04-01,2020-03-31,0
2020-01-30,49560,2020-03-31,3,,,,,,,,,,,,,,,,,,,,,,,,,,,,,36.00,,,,,,,false,true,12,2019-04-01,2020-03-31,0
2020-01-30,49560,2020-03-31,3,,,,,,,,,,,,,,,,,,,,,,,,,,,,,,,,,40707440,4432594,36264726,false,false,9,2019-04-01,2019-12-31,0
2020-01-30,49560,2019-03-31,3,,,,,,,,,,,,,,,,,,,,,,,,,,,,,,,,,,,36340701,false,false,9,2018-04-01,2018-12-31,-1
2020-04-30,49560,2020-03-31,,135180000000,0.008,,,,,7115000000,0.012,7248000000,0.009,,4585000000,,126.47,,0.078,0.068,0.053,,106113000000,63360000000,0.566,1658.28,60070000000,6285000000,-3924000000,-1833000000,22812000000,,0.285,,,,,,true,false,12,2019-04-01,2020-03-31,0
2020-04-30,49560,2019-03-31,,134139000000,0.044,,,,,7031000000,-0.029,7182000000,-0.020,,4404000000,,121.28,,0.078,0.068,0.052,,108402000000,60913000000,0.532,1592.21,57717000000,5507000000,-6571000000,-2163000000,22263000000,,0.214,,,,,,true,false,12,2018-04-01,2019-03-31,-1
2020-04-30,49560,2021-03-31,,66200000000,0.015,,,,,3070000000,0.003,3130000000,0.002,,1980000000,,54.61,,,,,,,,,,,,,,,,,,,,,,true,true,6,2020-04-01,2020-09-30,1
2020-04-30,49560,2021-03-31,,139000000000,0.028,,,,,7180000000,0.009,7260000000,0.002,,4620000000,,127.42,,,,,,,,,,,,,,,,,,,,,,true,true,12,2020-04-01,2021-03-31,1
2020-04-30,49560,2020-03-31,,93539000000,0.025,,,,,4277000000,0.121,4897000000,0.092,3560000000,,0.131,98.18,,,,,,91370000000,49455000000,0.541,1365.23,49455000000,,,,,36.00,,,,40707440,4482594,36259369,false,false,12,2019-04-01,2020-03-31,0
2020-04-30,49560,2019-03-31,,91268000000,0.046,,,,,3816000000,-0.060,4486000000,-0.032,3147000000,,-0.045,86.65,,,,,,91875000000,47547000000,0.518,1311.67,47547000000,,,,,26.00,,,,40707440,4457894,36319668,false,false,12,2018-04-01,2019-03-31,-1
2020-04-30,49560,2021-03-31,,,,,,,,,,,,,,,,,,,,,,,,,,,,,,36.00,,,,,,,false,true,12,2020-04-01,2021-03-31,1
2020-07-31,49560,2021-03-31,1,29416000000,-0.063,,,,,1067000000,-0.092,1112000000,-0.095,,661000000,,18.26,,,,,,102686000000,63469000000,0.586,,60139000000,,,,,,,,,,,,true,false,3,2020-04-01,2020-06-30,0
2020-07-31,49560,2020-03-31,1,31398000000,0.030,,,,,1175000000,0.044,1228000000,0.010,,776000000,,21.42,,,,,,,,,,,,,,,,,,,,,,true,false,3,2019-04-01,2019-06-30,-1
2020-07-31,49560,2021-03-31,1,66200000000,0.015,,,,,3070000000,0.003,3130000000,0.002,,1980000000,,54.61,,,,,,,,,,,,,,,,,,,,,,true,true,6,2020-04-01,2020-09-30,0
2020-07-31,49560,2021-03-31,1,139000000000,0.028,,,,,7180000000,0.009,7260000000,0.002,,4620000000,,127.42,,,,,,,,,,,,,,,,,,,,,,true,true,12,2020-04-01,2021-03-31,0
2020-07-31,49560,2020-03-31,1,,,,,,,,,,,,,,,,,,,,106113000000,63360000000,0.566,,60070000000,,,,,,,,,,,,true,false,12,2019-04-01,2020-03-31,-1
2020-07-31,49560,2020-03-31,1,,,,,,,,,,,,,,,,,,,,,,,,,,,,,36.00,,,,40707440,4482594,,false,false,12,2019-04-01,2020-03-31,-1
2020-07-31,49560,2021-03-31,1,,,,,,,,,,,,,,,,,,,,,,,,,,,,,36.00,,,,,,,false,true,12,2020-04-01,2021-03-31,0
2020-07-31,49560,2021-03-31,1,,,,,,,,,,,,,,,,,,,,,,,,,,,,,,,,,40707440,4482626,36224830,false,false,3,2020-04-01,2020-06-30,0
2020-07-31,49560,2020-03-31,1,,,,,,,,,,,,,,,,,,,,,,,,,,,,,,,,,,,36249546,false,false,3,2019-04-01,2019-06-30,-1
2020-09-24,49560,2021-03-31,,61400000000,-0.073,,,,,2580000000,-0.160,2600000000,-0.169,1600000000,,-0.192,44.17,,,,,,,,,,,,,,,,,,,,,,true,true,6,2020-04-01,2020-09-30,0
2020-09-24,49560,2020-03-31,,65196000000,,,,,,3060000000,,3125000000,,1968000000,,,54.28,,,,,,,,,,,,,,,,,,,,,,true,false,6,2019-04-01,2019-09-30,-1
2020-09-24,49560,2021-03-31,,128000000000,-0.079,,,,,5900000000,-0.178,5950000000,-0.180,3700000000,,-0.199,102.14,,,,,,,,,,,,,,,,,,,,,,true,true,12,2020-04-01,2021-03-31,0
2020-09-24,49560,2020-03-31,,135180000000,,,,,,7115000000,,7248000000,,4585000000,,,126.47,,,,,,,,,,,,,,,,,,,,,,true,false,12,2019-04-01,2020-03-31,-1
2020-09-24,49560,2021-03-31,,41500000000,-0.110,,,,,,,1800000000,-0.268,1400000000,,-0.251,38.65,,,,,,,,,,,,,,,,,,,,,,false,true,6,2020-04-01,2020-09-30,0
2020-09-24,49560,2020-03-31,,46441000000,,,,,,,,2571000000,,1954000000,,,53.90,,,,,,,,,,,,,,,,,,,,,,false,false,6,2019-04-01,2019-09-30,-1
2020-09-24,49560,2021-03-31,,86600000000,-0.089,,,,,,,3560000000,-0.273,2600000000,,-0.270,71.77,,,,,,,,,,,,,,,,,,,,,,false,true,12,2020-04-01,2021-03-31,0
2020-09-24,49560,2020-03-31,,93539000000,,,,,,,,4897000000,,3560000000,,,98.18,,,,,,,,,,,,,,,,,,,,,,false,false,12,2019-04-01,2020-03-31,-1
2020-10-30,49560,2021-03-31,2,61894000000,-0.051,,,,,2717000000,-0.112,2749000000,-0.120,,1711000000,,47.42,,,,,,103394000000,64163000000,0.588,,60750000000,,,,,,,,,,,,true,false,6,2020-04-01,2020-09-30,0
2020-10-30,49560,2020-03-31,2,65196000000,0.034,,,,,3060000000,0.067,3125000000,0.051,,1968000000,,54.28,,,,,,,,,,,,,,,,,,,,,,true,false,6,2019-04-01,2019-09-30,-1
2020-10-30,49560,2021-03-31,2,128000000000,-0.053,,,,,5900000000,-0.171,5950000000,-0.179,,3700000000,,102.14,,,,,,,,,,,,,,,,,,,,,,true,true,12,2020-04-01,2021-03-31,0
2020-10-30,49560,2020-03-31,2,,,,,,,,,,,,,,,,,,,,106113000000,63360000000,0.566,,60070000000,,,,,,,,,,,,true,false,12,2019-04-01,2020-03-31,-1
2020-10-30,49560,2020-03-31,2,,,,,,,,,,,,,,,,,,,,,,,,,,,,,36.00,,,,40707440,4482594,,false,false,12,2019-04-01,2020-03-31,-1
2020-10-30,49560,2021-03-31,2,,,,,,,,,,,,,,,,,,,,,,,,,,,,,18.00,,,,,,,false,false,12,2020-04-01,2021-03-31,0
2020-10-30,49560,2021-03-31,2,,,,,,,,,,,,,,,,,,,,,,,,,,,,,36.00,,,,,,,false,true,12,2020-04-01,2021-03-31,0
2020-10-30,49560,2021-03-31,2,,,,,,,,,,,,,,,,,,,,,,,,,,,,,,,,,40707440,4954126,36094180,false,false,6,2020-04-01,2020-09-30,0
2020-10-30,49560,2020-03-31,2,,,,,,,,,,,,,,,,,,,,,,,,,,,,,,,,,,,36260388,false,false,6,2019-04-01,2019-09-30,-1
2021-01-29,49560,2021-03-31,3,97344000000,-0.024,,,,,5120000000,0.001,5241000000,0.003,,3610000000,,100.43,,,,,,111683000000,65885000000,0.558,,62278000000,,,,,,,,,,,,true,false,9,2020-04-01,2020-12-31,0
2021-01-29,49560,2020-03-31,3,99766000000,0.005,,,,,5115000000,-0.031,5224000000,-0.036,,3278000000,,90.41,,,,,,,,,,,,,,,,,,,,,,true,false,9,2019-04-01,2019-12-31,-1
2021-01-29,49560,2021-03-31,3,132000000000,-0.024,,,,,6900000000,-0.030,7000000000,-0.034,,4500000000,,125.18,,,,,,,,,,,,,,,,,,,,,,true,true,12,2020-04-01,2021-03-31,0
2021-01-29,49560,2020-03-31,3,,,,,,,,,,,,,,,,,,,,106113000000,63360000000,0.566,,60070000000,,,,,,,,,,,,true,false,12,2019-04-01,2020-03-31,-1
2021-01-29,49560,2020-03-31,3,,,,,,,,,,,,,,,,,,,,,,,,,,,,,36.00,,,,40707440,4482594,,false,false,12,2019-04-01,2020-03-31,-1
2021-01-29,49560,2021-03-31,3,,,,,,,,,,,,,,,,,,,,,,,,,,,,,18.00,,,,,,,false,false,12,2020-04-01,2021-03-31,0
2021-01-29,49560,2021-03-31,3,,,,,,,,,,,,,,,,,,,,,,,,,,,,,36.00,,,,,,,false,true,12,2020-04-01,2021-03-31,0
2021-01-29,49560,2021-03-31,3,,,,,,,,,,,,,,,,,,,,,,,,,,,,,,,,,40707440,5102026,35947550,false,false,9,2020-04-01,2020-12-31,0
2021-01-29,49560,2020-03-31,3,,,,,,,,,,,,,,,,,,,,,,,,,,,,,,,,,,,36264726,false,false,9,2019-04-01,2019-12-31,-1
2021-01-29,49560,2021-03-31,,132000000000,0.031,,,,,6900000000,0.169,7000000000,0.176,4500000000,,0.216,125.18,,,,,,,,,,,,,,,,,,,,,,true,true,12,2020-04-01,2021-03-31,0
2021-01-29,49560,2020-03-31,,135180000000,,,,,,7115000000,,7248000000,,4585000000,,,126.47,,,,,,,,,,,,,,,,,,,,,,true,false,12,2019-04-01,2020-03-31,-1
2021-01-29,49560,2021-03-31,,88000000000,0.016,,,,,,,4200000000,0.180,3300000000,,0.269,91.80,,,,,,,,,,,,,,,,,,,,,,false,true,12,2020-04-01,2021-03-31,0
2021-01-29,49560,2020-03-31,,93539000000,,,,,,,,4897000000,,3560000000,,,98.18,,,,,,,,,,,,,,,,,,,,,,false,false,12,2019-04-01,2020-03-31,-1
2021-04-30,49560,2021-03-31,,133736000000,-0.011,,,,,7285000000,0.024,7428000000,0.025,,4934000000,,137.58,,0.079,0.068,0.054,,113944000000,68831000000,0.569,1820.68,64826000000,6765000000,-2690000000,-3032000000,23721000000,,0.291,,,,,,true,false,12,2020-04-01,2021-03-31,0
2021-04-30,49560,2020-03-31,,135180000000,0.008,,,,,7115000000,0.012,7248000000,0.009,,4585000000,,126.47,,0.078,0.068,0.053,,106113000000,63360000000,0.566,1658.28,60070000000,6285000000,-3924000000,-1833000000,22812000000,,0.285,,,,,,true,false,12,2019-04-01,2020-03-31,-1
2021-04-30,49560,2022-03-31,,50500000000,0.019,,,,,2650000000,0.013,2780000000,0.012,,1720000000,,47.95,,,,,,,,,,,,,,,,,,,,,,true,true,6,2021-04-01,2021-09-30,1
2021-04-30,49560,2022-03-31,,109500000000,0.023,,,,,7200000000,0.017,7500000000,0.010,,4940000000,,137.72,,,,,,,,,,,,,,,,,,,,,,true,true,12,2021-04-01,2022-03-31,1
2021-04-30,49560,2021-03-31,,88439000000,-0.055,,,,,4033000000,-0.057,4685000000,-0.043,3722000000,,0.046,103.77,,,,,,93447000000,51616000000,0.552,1449.69,51616000000,,,,,40.00,,,,40707440,5102082,35868582,false,false,12,2020-04-01,2021-03-31,0
2021-04-30,49560,2020-03-31,,93539000000,0.025,,,,,4277000000,0.121,4897000000,0.092,3560000000,,0.131,98.18,,,,,,91370000000,49455000000,0.541,1365.23,49455000000,,,,,36.00,,,,40707440,4482594,36259369,false,false,12,2019-04-01,2020-03-31,-1
2021-04-30,49560,2022-03-31,,,,,,,,,,,,,,,,,,,,,,,,,,,,,,40.00,,,,,,,false,true,12,2021-04-01,2022-03-31,1
2021-07-30,49560,2022-03-31,1,25996000000,0.103,,,,,1554000000,0.528,1689000000,0.519,,1158000000,,32.55,,,,,,110622000000,69119000000,0.589,,65123000000,,,,,,,,,,,,true,false,3,2021-04-01,2021-06-30,0
2021-07-30,49560,2021-03-31,1,23567000000,,,,,,1017000000,,1112000000,,,661000000,,18.25,,,,,,,,,,,,,,,,,,,,,,true,false,3,2020-04-01,2020-06-30,-1
2021-07-30,49560,2022-03-31,1,50500000000,0.019,,,,,2650000000,0.013,2780000000,0.012,,1720000000,,47.95,,,,,,,,,,,,,,,,,,,,,,true,true,6,2021-04-01,2021-09-30,0
2021-07-30,49560,2022-03-31,1,109500000000,0.023,,,,,7200000000,0.017,7500000000,0.010,,4940000000,,137.72,,,,,,,,,,,,,,,,,,,,,,true,true,12,2021-04-01,2022-03-31,0
2021-07-30,49560,2021-03-31,1,,,,,,,,,,,,,,,,,,,,113800000000,68785000000,0.569,,64780000000,,,,,,,,,,,,true,false,12,2020-04-01,2021-03-31,-1
2021-07-30,49560,2021-03-31,1,,,,,,,,,,,,,,,,,,,,,,,,,,,,,40.00,,,,40707440,5102082,,false,false,12,2020-04-01,2021-03-31,-1
2021-07-30,49560,2022-03-31,1,,,,,,,,,,,,,,,,,,,,,,,,,,,,,40.00,,,,,,,false,true,12,2021-04-01,2022-03-31,0
2021-07-30,49560,2022-03-31,1,,,,,,,,,,,,,,,,,,,,,,,,,,,,,,,,,40707440,5102123,35605327,false,false,3,2021-04-01,2021-06-30,0
2021-07-30,49560,2021-03-31,1,,,,,,,,,,,,,,,,,,,,,,,,,,,,,,,,,,,36224830,false,false,3,2020-04-01,2020-06-30,-1
2021-09-24,49560,2022-03-31,,53600000000,0.061,,,,,3400000000,0.283,3700000000,0.331,,2400000000,,67.41,,,,,,,,,,,,,,,,,,,,,,true,true,6,2021-04-01,2021-09-30,0
2021-09-24,49560,2021-03-31,,49807000000,,,,,,2616000000,,2747000000,,,1709000000,,,,,,,,,,,,,,,,,,,,,,,,true,false,6,2020-04-01,2020-09-30,-1
2021-09-24,49560,2022-03-31,,112600000000,0.028,,,,,7700000000,0.069,8200000000,0.093,,5300000000,,148.85,,,,,,,,,,,,,,,,,,,,,,true,true,12,2021-04-01,2022-03-31,0
2021-09-24,49560,2021-03-31,,107750000000,,,,,,7082000000,,7424000000,,,4931000000,,,,,,,,,,,,,,,,,,,,,,,,true,false,12,2020-04-01,2021-03-31,-1
,49560,2022-03-31,,,,,,,,,,,,,,,,,,,,,,,,,,,,,,44.00,,,,,,,false,true,12,2021-04-01,2022-03-31,0
,49560,2022-03-31,,,,,,,,,,,,,,,,,,,,,,,,,,,,,,22.00,,,,,,,false,false,12,2021-04-01,2022-03-31,0
,49560,2021-03-31,,,,,,,,,,,,,,,,,,,,,,,,,,,,,,40.00,,,,,,,false,false,12,2020-04-01,2021-03-31,-1
2021-10-29,4956,2022-03-31,2,53943000000,0.083,,,,,3426000000,0.309,3668000000,0.335,,2381000000,,66.87,,,,,,113622000000,70871000000,0.587,,66745000000,,,,,,,,,,,,true,false,6,2021-04-01,2021-09-30,0
2021-10-29,4956,2021-03-31,2,49807000000,,,,,,2616000000,,2747000000,,,1709000000,,47.37,,,,,,,,,,,,,,,,,,,,,,true,false,6,2020-04-01,2020-09-30,-1
2021-10-29,4956,2022-03-31,2,112600000000,0.045,,,,,7700000000,0.087,8200000000,0.104,,5300000000,,148.85,,,,,,,,,,,,,,,,,,,,,,true,true,12,2021-04-01,2022-03-31,0
2021-10-29,4956,2021-03-31,2,,,,,,,,,,,,,,,,,,,,113800000000,68785000000,0.569,,64780000000,,,,,,,,,,,,true,false,12,2020-04-01,2021-03-31,-1
2021-10-29,4956,2021-03-31,2,,,,,,,,,,,,,,,,,,,,,,,,,,,,,40.00,,,,40707440,5102082,,false,false,12,2020-04-01,2021-03-31,-1
2021-10-29,4956,2022-03-31,2,,,,,,,,,,,,,,,,,,,,,,,,,,,,,22.00,,,,,,,false,false,12,2021-04-01,2022-03-31,0
2021-10-29,4956,2022-03-31,2,,,,,,,,,,,,,,,,,,,,,,,,,,,,,44.00,,,,,,,false,true,12,2021-04-01,2022-03-31,0
2021-10-29,4956,2022-03-31,2,,,,,,,,,,,,,,,,,,,,,,,,,,,,,,,,,40707440,5067361,35620226,false,false,6,2021-04-01,2021-09-30,0
2021-10-29,4956,2021-03-31,2,,,,,,,,,,,,,,,,,,,,,,,,,,,,,,,,,,,36094180,false,false,6,2020-04-01,2020-09-30,-1
2022-01-31,4956,2022-03-31,3,83765000000,0.060,,,,,5493000000,0.108,5875000000,0.124,,3838000000,,107.73,,,,,,119420000000,71480000000,0.563,,67291000000,,,,,,,,,,,,true,false,9,2021-04-01,2021-12-31,0
2022-01-31,4956,2021-03-31,3,79045000000,,,,,,4957000000,,5229000000,,,3601000000,,100.18,,,,,,,,,,,,,,,,,,,,,,true,false,9,2020-04-01,2020-12-31,-1
2022-01-31,4956,2022-03-31,3,112600000000,0.045,,,,,7700000000,0.087,8200000000,0.104,,5300000000,,148.85,,,,,,,,,,,,,,,,,,,,,,true,true,12,2021-04-01,2022-03-31,0
2022-01-31,4956,2021-03-31,3,,,,,,,,,,,,,,,,,,,,113800000000,68785000000,0.569,,64780000000,,,,,,,,,,,,true,false,12,2020-04-01,2021-03-31,-1
2022-01-31,4956,2021-03-31,3,,,,,,,,,,,,,,,,,,,,,,,,,,,,,40.00,,,,40707440,5102082,,false,false,12,2020-04-01,2021-03-31,-1
2022-01-31,4956,2022-03-31,3,,,,,,,,,,,,,,,,,,,,,,,,,,,,,22.00,,,,,,,false,false,12,2021-04-01,2022-03-31,0
2022-01-31,4956,2022-03-31,3,,,,,,,,,,,,,,,,,,,,,,,,,,,,,44.00,,,,,,,false,true,12,2021-04-01,2022-03-31,0
2022-01-31,4956,2022-03-31,3,,,,,,,,,,,,,,,,,,,,,,,,,,,,,,,,,40707440,5067361,35626182,false,false,9,2021-04-01,2021-12-31,0
2022-01-31,4956,2021-03-31,3,,,,,,,,,,,,,,,,,,,,,,,,,,,,,,,,,,,35947550,false,false,9,2020-04-01,2020-12-31,-1
2022-04-28,4956,2022-03-31,,113671000000,0.055,,,,,7298000000,0.031,7822000000,0.054,,5135000000,,144.13,,0.077,0.067,0.064,,119148000000,72897000000,0.576,1926.62,68664000000,6198000000,-2674000000,-1823000000,25514000000,,0.305,,,,,,true,false,12,2021-04-01,2022-03-31,0
2022-04-28,4956,2021-03-31,,107750000000,,,,,,7082000000,,7424000000,,,4931000000,,137.50,,0.079,0.068,0.066,,113800000000,68785000000,0.569,1819.41,64780000000,6765000000,-2690000000,-3032000000,23721000000,,0.291,,,,,,true,false,12,2020-04-01,2021-03-31,-1
2022-04-28,4956,2023-03-31,,58250000000,0.080,,,,,2670000000,-0.221,2800000000,-0.237,,6860000000,,192.54,,,,,,,,,,,,,,,,,,,,,,true,true,6,2022-04-01,2022-09-30,1
2022-04-28,4956,2023-03-31,,122000000000,0.073,,,,,6950000000,-0.048,7250000000,-0.073,,9600000000,,269.44,,,,,,,,,,,,,,,,,,,,,,true,true,12,2022-04-01,2023-03-31,1
2022-04-28,4956,2022-03-31,,75195000000,0.059,,,,,3890000000,0.012,4926000000,0.053,3619000000,,-0.027,101.58,,,,,,97643000000,53459000000,0.547,1499.98,53459000000,,,,,44.00,,5.00,,40707440,5067401,35629379,false,false,12,2021-04-01,2022-03-31,0
2022-04-28,4956,2021-03-31,,71023000000,,,,,,3843000000,,4679000000,,3717000000,,,103.65,,,,,,93398000000,51572000000,0.552,1448.46,51572000000,,,,,40.00,,,,40707440,5102082,35868582,false,false,12,2020-04-01,2021-03-31,-1
2022-04-28,4956,2023-03-31,,,,,,,,,,,,,,,,,,,,,,,,,,,,,,49.00,,,,,,,false,true,12,2022-04-01,2023-03-31,1
2022-07-29,4956,2023-03-31,1,27707000000,0.066,,,,,1256000000,-0.192,1496000000,-0.114,,946000000,,26.55,,,,,,117841000000,73139000000,0.585,,68899000000,,,,,,,,,,,,true,false,3,2022-04-01,2022-06-30,0
2022-07-29,4956,2022-03-31,1,25996000000,0.103,,,,,1554000000,0.528,1689000000,0.519,,1158000000,,32.55,,,,,,,,,,,,,,,,,,,,,,true,false,3,2021-04-01,2021-06-30,-1
2022-07-29,4956,2023-03-31,1,58250000000,0.080,,,,,2670000000,-0.221,2800000000,-0.237,,6860000000,,192.54,,,,,,,,,,,,,,,,,,,,,,true,true,6,2022-04-01,2022-09-30,0
2022-07-29,4956,2023-03-31,1,122000000000,0.073,,,,,6950000000,-0.048,7250000000,-0.073,,9600000000,,269.44,,,,,,,,,,,,,,,,,,,,,,true,true,12,2022-04-01,2023-03-31,0
2022-07-29,4956,2022-03-31,1,,,,,,,,,,,,,,,,,,,,119148000000,72897000000,0.576,,68664000000,,,,,,,,,,,,true,false,12,2021-04-01,2022-03-31,-1
2022-07-29,4956,2022-03-31,1,,,,,,,,,,,,,,,,,,,,,,,,,,,,,44.00,,,,40707440,5067401,,false,false,12,2021-04-01,2022-03-31,-1
2022-07-29,4956,2023-03-31,1,,,,,,,,,,,,,,,,,,,,,,,,,,,,,49.00,,,,,,,false,true,12,2022-04-01,2023-03-31,0
2022-07-29,4956,2023-03-31,1,,,,,,,,,,,,,,,,,,,,,,,,,,,,,,,5.00,,,,,false,false,6,2022-04-01,2022-09-30,0
2022-07-29,4956,2023-03-31,1,,,,,,,,,,,,,,,,,,,,,,,,,,,,,,,,,40707440,5067373,35640060,false,false,3,2022-04-01,2022-06-30,0
2022-07-29,4956,2022-03-31,1,,,,,,,,,,,,,,,,,,,,,,,,,,,,,,,,,,,35605327,false,false,3,2021-04-01,2021-06-30,-1
2022-10-31,4956,2023-03-31,2,58148000000,0.078,,,,,2886000000,-0.158,3232000000,-0.119,,7030000000,,197.17,,,,,,128284000000,79577000000,0.587,,75246000000,,,,,,,,,,,,true,false,6,2022-04-01,2022-09-30,0
2022-10-31,4956,2022-03-31,2,53943000000,0.083,,,,,3426000000,0.309,3668000000,0.335,,2381000000,,66.87,,,,,,,,,,,,,,,,,,,,,,true,false,6,2021-04-01,2021-09-30,-1
2022-10-31,4956,2023-03-31,2,122000000000,0.073,,,,,6950000000,-0.048,7250000000,-0.073,,9600000000,,269.44,,,,,,,,,,,,,,,,,,,,,,true,true,12,2022-04-01,2023-03-31,0
2022-10-31,4956,2022-03-31,2,,,,,,,,,,,,,,,,,,,,119148000000,72897000000,0.576,,68664000000,,,,,,,,,,,,true,false,12,2021-04-01,2022-03-31,-1
2022-10-31,4956,2022-03-31,2,,,,,,,,,,,,,,,,,,,,,,,,,,,,,44.00,,,,40707440,5067401,,false,false,12,2021-04-01,2022-03-31,-1
2022-10-31,4956,2023-03-31,2,,,,,,,,,,,,,,,,,,,,,,,,,,,,,27.00,,,,,,,false,false,12,2022-04-01,2023-03-31,0
2022-10-31,4956,2023-03-31,2,,,,,,,,,,,,,,,,,,,,,,,,,,,,,49.00,,,,,,,false,true,12,2022-04-01,2023-03-31,0
2022-10-31,4956,2023-03-31,2,,,,,,,,,,,,,,,,,,,,,,,,,,,,,,,5.00,,40707440,5028753,35656632,false,false,6,2022-04-01,2022-09-30,0
2022-10-31,4956,2022-03-31,2,,,,,,,,,,,,,,,,,,,,,,,,,,,,,,,,,,,35620226,false,false,6,2021-04-01,2021-09-30,-1
2023-01-31,4956,2023-03-31,3,91220000000,0.089,,,,,5178000000,-0.057,5602000000,-0.046,,8489000000,,238.23,,,,,,133700000000,79729000000,0.563,,75305000000,,,,,,,,,,,,true,false,9,2022-04-01,2022-12-31,0
2023-01-31,4956,2022-03-31,3,83765000000,0.060,,,,,5493000000,0.108,5875000000,0.124,,3838000000,,107.73,,,,,,,,,,,,,,,,,,,,,,true,false,9,2021-04-01,2021-12-31,-1
2023-01-31,4956,2023-03-31,3,122000000000,0.073,,,,,6950000000,-0.048,7250000000,-0.073,,9600000000,,269.44,,,,,,,,,,,,,,,,,,,,,,true,true,12,2022-04-01,2023-03-31,0
2023-01-31,4956,2022-03-31,3,,,,,,,,,,,,,,,,,,,,119148000000,72897000000,0.576,,68664000000,,,,,,,,,,,,true,false,12,2021-04-01,2022-03-31,-1
2023-01-31,4956,2022-03-31,3,,,,,,,,,,,,,,,,,,,,,,,,,,,,,44.00,,,,40707440,5067401,,false,false,12,2021-04-01,2022-03-31,-1
2023-01-31,4956,2023-03-31,3,,,,,,,,,,,,,,,,,,,,,,,,,,,,,27.00,,,,,,,false,false,12,2022-04-01,2023-03-31,0
2023-01-31,4956,2023-03-31,3,,,,,,,,,,,,,,,,,,,,,,,,,,,,,49.00,,,,,,,false,true,12,2022-04-01,2023-03-31,0
2023-01-31,4956,2023-03-31,3,,,,,,,,,,,,,,,,,,,,,,,,,,,,,,,5.00,,,,,false,false,6,2022-04-01,2022-09-30,0
2023-01-31,4956,2023-03-31,3,,,,,,,,,,,,,,,,,,,,,,,,,,,,,,,,,40707440,5298753,35636249,false,false,9,2022-04-01,2022-12-31,0
2023-01-31,4956,2022-03-31,3,,,,,,,,,,,,,,,,,,,,,,,,,,,,,,,,,,,35626182,false,false,9,2021-04-01,2021-12-31,-1
2023-04-28,4956,2023-03-31,,123339000000,0.085,,,,,7421000000,0.017,7927000000,0.013,,10032000000,,281.95,,0.138,0.063,0.060,,132874000000,81482000000,0.579,2173.91,76975000000,4606000000,3549000000,-2476000000,31268000000,,0.174,,,,,,true,false,12,2022-04-01,2023-03-31,0
2023-04-28,4956,2022-03-31,,113671000000,0.055,,,,,7298000000,0.031,7822000000,0.054,,5135000000,,144.13,,0.077,0.067,0.064,,119148000000,72897000000,0.576,1926.62,68664000000,6198000000,-2674000000,-1823000000,25514000000,,0.305,,,,,,true,false,12,2021-04-01,2022-03-31,-1
2023-04-28,4956,2024-03-31,,62000000000,0.066,,,,,4350000000,0.507,4500000000,0.392,,2900000000,,81.90,,,,,,,,,,,,,,,,,,,,,,true,true,6,2023-04-01,2023-09-30,1
2023-04-28,4956,2024-03-31,,129000000000,0.046,,,,,9300000000,0.253,9700000000,0.224,,6200000000,,175.10,,,,,,,,,,,,,,,,0.308,,,,,,true,true,12,2023-04-01,2024-03-31,1
2023-04-28,4956,2023-03-31,,82025000000,0.091,,,,,4217000000,0.084,5232000000,0.062,9035000000,,1.497,253.93,,,,,,109502000000,60572000000,0.553,1710.66,60572000000,,,,,49.00,,5.00,,40707440,5298801,35583727,false,false,12,2022-04-01,2023-03-31,0
2023-04-28,4956,2022-03-31,,75195000000,0.059,,,,,3890000000,0.012,4926000000,0.053,3619000000,,-0.027,101.58,,,,,,97643000000,53459000000,0.547,1499.98,53459000000,,,,,44.00,,,,40707440,5067401,35629379,false,false,12,2021-04-01,2022-03-31,-1
2023-04-28,4956,2024-03-31,,,,,,,,,,,,,,,,,,,,,,,,,,,,,,54.00,,,,,,,false,true,12,2023-04-01,2024-03-31,1
2023-07-31,4956,2024-03-31,1,31844000000,0.149,,,,,2202000000,0.753,2416000000,0.615,,1586000000,,45.30,,,,,,127138000000,79720000000,0.591,,75129000000,,,,,,,,,,,,true,false,3,2023-04-01,2023-06-30,0
2023-07-31,4956,2023-03-31,1,27707000000,0.066,,,,,1256000000,-0.192,1496000000,-0.114,,946000000,,26.55,,,,,,,,,,,,,,,,,,,,,,true,false,3,2022-04-01,2022-06-30,-1
2023-07-31,4956,2024-03-31,1,62000000000,0.066,,,,,4350000000,0.507,4500000000,0.392,,2900000000,,81.90,,,,,,,,,,,,,,,,,,,,,,true,true,6,2023-04-01,2023-09-30,0
2023-07-31,4956,2024-03-31,1,129000000000,0.046,,,,,9300000000,0.253,9700000000,0.224,,6200000000,,175.10,,,,,,,,,,,,,,,,,,,,,,true,true,12,2023-04-01,2024-03-31,0
2023-07-31,4956,2023-03-31,1,,,,,,,,,,,,,,,,,,,,132874000000,81482000000,0.579,,76975000000,,,,,,,,,,,,true,false,12,2022-04-01,2023-03-31,-1
2023-07-31,4956,2023-03-31,1,,,,,,,,,,,,,,,,,,,,,,,,,,,,,49.00,,,,40707440,5298801,,false,false,12,2022-04-01,2023-03-31,-1
2023-07-31,4956,2024-03-31,1,,,,,,,,,,,,,,,,,,,,,,,,,,,,,54.00,,,,,,,false,true,12,2023-04-01,2024-03-31,0
2023-07-31,4956,2023-03-31,1,,,,,,,,,,,,,,,,,,,,,,,,,,,,,,,5.00,,,,,false,false,6,2022-04-01,2022-09-30,-1
2023-07-31,4956,2024-03-31,1,,,,,,,,,,,,,,,,,,,,,,,,,,,,,,,,,40707440,6859001,35018589,false,false,3,2023-04-01,2023-06-30,0
2023-07-31,4956,2023-03-31,1,,,,,,,,,,,,,,,,,,,,,,,,,,,,,,,,,,,35640060,false,false,3,2022-04-01,2022-06-30,-1
2023-10-31,4956,2024-03-31,2,65317000000,0.123,,,,,4939000000,0.711,5208000000,0.611,,3396000000,,98.88,,,,,,136234000000,80589000000,0.557,,75832000000,,,,,,,,,,,,true,false,6,2023-04-01,2023-09-30,0
2023-10-31,4956,2023-03-31,2,58148000000,0.078,,,,,2886000000,-0.158,3232000000,-0.119,,7030000000,,197.17,,,,,,,,,,,,,,,,,,,,,,true,false,6,2022-04-01,2022-09-30,-1
2023-10-31,4956,2024-03-31,2,129000000000,0.046,,,,,9300000000,0.253,9700000000,0.224,,6200000000,,175.10,,,,,,,,,,,,,,,,,,,,,,true,true,12,2023-04-01,2024-03-31,0
2023-10-31,4956,2023-03-31,2,,,,,,,,,,,,,,,,,,,,132874000000,81482000000,0.579,,76975000000,,,,,,,,,,,,true,false,12,2022-04-01,2023-03-31,-1
2023-10-31,4956,2023-03-31,2,,,,,,,,,,,,,,,,,,,,,,,,,,,,,49.00,,,,40707440,5298801,,false,false,12,2022-04-01,2023-03-31,-1
2023-10-31,4956,2024-03-31,2,,,,,,,,,,,,,,,,,,,,,,,,,,,,,27.00,,,,,,,false,false,12,2023-04-01,2024-03-31,0
2023-10-31,4956,2024-03-31,2,,,,,,,,,,,,,,,,,,,,,,,,,,,,,54.00,,,,,,,false,true,12,2023-04-01,2024-03-31,0
2023-10-31,4956,2024-03-31,2,,,,,,,,,,,,,,,,,,,,,,,,,,,,,,,5.00,,40707440,7497589,34350962,false,false,6,2023-04-01,2023-09-30,0
2023-10-31,4956,2023-03-31,2,,,,,,,,,,,,,,,,,,,,,,,,,,,,,,,,,,,35656632,false,false,6,2022-04-01,2022-09-30,-1
,49560,2024-03-31,,,,,,,,,,,,,,,,,,,,,,,,,,,,,,13.50,,,,,,,false,true,12,2023-04-01,2024-03-31,0
,49560,2023-03-31,,,,,,,,,,,,,,,,,,,,,,,,,,,,,,49.00,,,,,,,false,false,12,2022-04-01,2023-03-31,-1
2024-01-30,4956,2024-03-31,3,100852000000,0.106,,,,,8235000000,0.590,8644000000,0.543,,5705000000,,83.88,,,,,,140015000000,82870000000,0.557,,77968000000,,,,,,,,,,,,true,false,9,2023-04-01,2023-12-31,0
2024-01-30,4956,2023-03-31,3,91220000000,0.089,,,,,5178000000,-0.057,5602000000,-0.046,,8489000000,,119.12,,,,,,,,,,,,,,,,,,,,,,true,false,9,2022-04-01,2022-12-31,-1
2024-01-30,4956,2024-03-31,3,132900000000,0.078,,,,,10500000000,0.415,11000000000,0.388,,6800000000,,99.97,,,,,,,,,,,,,,,,,,,,,,true,true,12,2023-04-01,2024-03-31,0
2024-01-30,4956,2023-03-31,3,,,,,,,,,,,,,,,,,,,,132874000000,81482000000,0.579,,76975000000,,,,,,,,,,,,true,false,12,2022-04-01,2023-03-31,-1
2024-01-30,4956,2023-03-31,3,,,,,,,,,,,,,,,,,,,,,,,,,,,,,49.00,,,,81414880,10597602,,false,false,12,2022-04-01,2023-03-31,-1
2024-01-30,4956,2024-03-31,3,,,,,,,,,,,,,,,,,,,,,,,,,,,,,27.00,,,,,,,false,false,12,2023-04-01,2024-03-31,0
2024-01-30,4956,2024-03-31,3,,,,,,,,,,,,,,,,,,,,,,,,,,,,,17.00,,,,,,,false,true,12,2023-04-01,2024-03-31,0
2024-01-30,4956,2024-03-31,3,,,,,,,,,,,,,,,,,,,,,,,,,,,,,,,5.00,,,,,false,false,6,2023-04-01,2023-09-30,0
2024-01-30,4956,2024-03-31,3,,,,,,,,,,,,,,,,,,,,,,,,,,,,,,,,,70414880,3995178,68017258,false,false,9,2023-04-01,2023-12-31,0
2024-01-30,4956,2023-03-31,3,,,,,,,,,,,,,,,,,,,,,,,,,,,,,,,,,,,71272498,false,false,9,2022-04-01,2022-12-31,-1
,49560,2024-03-31,,,,,,,,,,,,,,,,,,,,,,,,,,,,,,19.50,,,,,,,false,true,12,2023-04-01,2024-03-31,0
,49560,2024-03-31,,,,,,,,,,,,,,,,,,,,,,,,,,,,,,27.00,,,,,,,false,false,12,2023-04-01,2024-03-31,0
,49560,2023-03-31,,,,,,,,,,,,,,,,,,,,,,,,,,,,,,49.00,,,,,,,false,false,12,2022-04-01,2023-03-31,-1
2024-04-25,4956,2024-03-31,,132969000000,0.078,,,,,10286000000,0.386,10806000000,0.363,,7344000000,,108.87,,0.094,0.079,0.077,,140850000000,84685000000,0.566,1222.36,79670000000,8139000000,-5225000000,-8603000000,25627000000,,0.303,,,,,,true,false,12,2023-04-01,2024-03-31,0
2024-04-25,4956,2023-03-31,,123339000000,0.085,,,,,7421000000,0.017,7927000000,0.013,,10032000000,,140.97,,0.138,0.063,0.060,,132874000000,81482000000,0.579,1086.96,76975000000,4606000000,3549000000,-2476000000,31268000000,,0.174,,,,,,true,false,12,2022-04-01,2023-03-31,-1
2024-04-25,4956,2025-03-31,,66500000000,0.018,,,,,4600000000,-0.069,4800000000,-0.078,,3100000000,,47.56,,,,,,,,,,,,,,,,,,,,,,true,true,6,2024-04-01,2024-09-30,1
2024-04-25,4956,2025-03-31,,139000000000,0.045,,,,,10700000000,0.040,11000000000,0.018,,7400000000,,113.54,,,,,,,,,,,,,,,,0.291,,,,,,true,true,12,2024-04-01,2025-03-31,1
2024-04-25,4956,2024-03-31,,88500000000,0.079,,,,,5953000000,0.412,6915000000,0.322,5347000000,,-0.408,79.27,,,,,,112018000000,59243000000,0.529,908.96,59243000000,,,,,19.50,,5.00,,70414880,5237078,67457529,false,false,12,2023-04-01,2024-03-31,0
2024-04-25,4956,2023-03-31,,82025000000,0.091,,,,,4217000000,0.084,5232000000,0.062,9035000000,,1.497,126.97,,,,,,109502000000,60572000000,0.553,855.33,60572000000,,,,,49.00,,,,81414880,10597602,71167454,false,false,12,2022-04-01,2023-03-31,-1
2024-04-25,4956,2025-03-31,,,,,,,,,,,,,,,,,,,,,,,,,,,,,,33.00,,,,,,,false,true,12,2024-04-01,2025-03-31,1
2024-07-29,4956,2025-03-31,1,32267000000,0.013,,,,,2122000000,-0.037,2359000000,-0.024,,1528000000,,23.14,,,,,,139342000000,85163000000,0.608,,84769000000,,,,,,,,,,,,true,false,3,2024-04-01,2024-06-30,0
2024-07-29,4956,2024-03-31,1,31844000000,0.149,,,,,2202000000,0.753,2416000000,0.615,,1586000000,,22.65,,,,,,,,,,,,,,,,,,,,,,true,false,3,2023-04-01,2023-06-30,-1
2024-07-29,4956,2025-03-31,1,66500000000,0.018,,,,,4600000000,-0.069,4800000000,-0.078,,3100000000,,45.16,,,,,,,,,,,,,,,,,,,,,,true,true,6,2024-04-01,2024-09-30,0
2024-07-29,4956,2025-03-31,1,139000000000,0.045,,,,,10700000000,0.040,11000000000,0.018,,7400000000,,107.81,,,,,,,,,,,,,,,,,,,,,,true,true,12,2024-04-01,2025-03-31,0
2024-07-29,4956,2024-03-31,1,,,,,,,,,,,,,,,,,,,,140850000000,84685000000,0.566,,79670000000,,,,,,,,,,,,true,false,12,2023-04-01,2024-03-31,-1
2024-07-29,4956,2024-03-31,1,,,,,,,,,,,,,,,,,,,,,,,,,,,,,19.50,,,,70414880,5237078,,false,false,12,2023-04-01,2024-03-31,-1
2024-07-29,4956,2025-03-31,1,,,,,,,,,,,,,,,,,,,,,,,,,,,,,33.00,,,,,,,false,true,12,2024-04-01,2025-03-31,0
2024-07-29,4956,2025-03-31,1,,,,,,,,,,,,,,,,,,,,,,,,,,,,,,,,,70414880,1776722,66042891,false,false,3,2024-04-01,2024-06-30,0
2024-07-29,4956,2024-03-31,1,,,,,,,,,,,,,,,,,,,,,,,,,,,,,,,,,,,70037178,false,false,3,2023-04-01,2023-06-30,-1
2024-10-29,4956,2025-03-31,2,65774000000,0.007,,,,,4886000000,-0.011,5166000000,-0.008,,3347000000,,49.96,,,,,,134329000000,85636000000,0.634,,85225000000,,,,,,,,,,,,true,false,6,2024-04-01,2024-09-30,0
2024-10-29,4956,2024-03-31,2,65317000000,0.123,,,,,4939000000,0.711,5208000000,0.611,,3396000000,,49.44,,,,,,,,,,,,,,,,,,,,,,true,false,6,2023-04-01,2023-09-30,-1
2024-10-29,4956,2025-03-31,2,139000000000,0.045,,,,,10700000000,0.040,11000000000,0.018,,7400000000,,107.81,,,,,,,,,,,,,,,,,,,,,,true,true,12,2024-04-01,2025-03-31,0
2024-10-29,4956,2024-03-31,2,,,,,,,,,,,,,,,,,,,,140850000000,84685000000,0.566,,79670000000,,,,,,,,,,,,true,false,12,2023-04-01,2024-03-31,-1
2024-10-29,4956,2024-03-31,2,,,,,,,,,,,,,,,,,,,,,,,,,,,,,19.50,,,,70414880,5237078,,false,false,12,2023-04-01,2024-03-31,-1
2024-10-29,4956,2025-03-31,2,,,,,,,,,,,,,,,,,,,,,,,,,,,,,16.50,,,,,,,false,false,12,2024-04-01,2025-03-31,0
2024-10-29,4956,2025-03-31,2,,,,,,,,,,,,,,,,,,,,,,,,,,,,,33.00,,,,,,,false,true,12,2024-04-01,2025-03-31,0
2024-10-29,4956,2025-03-31,2,,,,,,,,,,,,,,,,,,,,,,,,,,,,,,,,,70414880,2609836,66998214,false,false,6,2024-04-01,2024-09-30,0
2024-10-29,4956,2024-03-31,2,,,,,,,,,,,,,,,,,,,,,,,,,,,,,,,,,,,68701924,false,false,6,2023-04-01,2023-09-30,-1
2025-01-29,4956,2025-03-31,3,102686000000,0.018,,,,,8485000000,0.030,8911000000,0.031,,6000000000,,89.66,,,,,,138192000000,85125000000,0.613,,84726000000,,,,,,,,,,,,true,false,9,2024-04-01,2024-12-31,0
2025-01-29,4956,2024-03-31,3,100852000000,0.106,,,,,8235000000,0.590,8644000000,0.543,,5705000000,,83.88,,,,,,,,,,,,,,,,,,,,,,true,false,9,2023-04-01,2023-12-31,-1
2025-01-29,4956,2025-03-31,3,139000000000,0.045,,,,,10700000000,0.040,11000000000,0.018,,7400000000,,107.81,,,,,,,,,,,,,,,,,,,,,,true,true,12,2024-04-01,2025-03-31,0
2025-01-29,4956,2024-03-31,3,,,,,,,,,,,,,,,,,,,,140850000000,84685000000,0.566,,79670000000,,,,,,,,,,,,true,false,12,2023-04-01,2024-03-31,-1
2025-01-29,4956,2024-03-31,3,,,,,,,,,,,,,,,,,,,,,,,,,,,,,19.50,,,,70414880,5237078,,false,false,12,2023-04-01,2024-03-31,-1
2025-01-29,4956,2025-03-31,3,,,,,,,,,,,,,,,,,,,,,,,,,,,,,16.50,,,,,,,false,false,12,2024-04-01,2025-03-31,0
2025-01-29,4956,2025-03-31,3,,,,,,,,,,,,,,,,,,,,,,,,,,,,,33.00,,,,,,,false,true,12,2024-04-01,2025-03-31,0
2025-01-29,4956,2025-03-31,3,,,,,,,,,,,,,,,,,,,,,,,,,,,,,,,,,70414880,4056436,66929093,false,false,9,2024-04-01,2024-12-31,0
2025-01-29,4956,2024-03-31,3,,,,,,,,,,,,,,,,,,,,,,,,,,,,,,,,,,,68017258,false,false,9,2023-04-01,2023-12-31,-1
,49560,2025-03-31,,,,,,,,,,,,,,,,,,,,,,,,,,,,,,38.00,,,,,,,false,true,12,2024-04-01,2025-03-31,0
,49560,2025-03-31,,,,,,,,,,,,,,,,,,,,,,,,,,,,,,16.50,,,,,,,false,false,12,2024-04-01,2025-03-31,0
,49560,2024-03-31,,,,,,,,,,,,,,,,,,,,,,,,,,,,,,19.50,,,,,,,false,false,12,2023-04-01,2024-03-31,-1
2025-04-25,4956,2025-03-31,,135876000000,0.022,,,,,10649000000,0.035,11194000000,0.036,,8084000000,,121.03,,0.097,0.081,0.078,,136801000000,86672000000,0.631,1299.82,86253000000,7174000000,-7310000000,-5621000000,20008000000,,0.314,,,,,,true,false,12,2024-04-01,2025-03-31,0
2025-04-25,4956,2024-03-31,,132969000000,0.078,,,,,10286000000,0.386,10806000000,0.363,,7344000000,,108.87,,0.094,0.079,0.077,,140850000000,84685000000,0.566,1222.36,79670000000,8139000000,-5225000000,-8603000000,25627000000,,0.303,,,,,,true,false,12,2023-04-01,2024-03-31,-1
2025-04-25,4956,2026-03-31,,67200000000,0.022,,,,,4750000000,-0.028,5000000000,-0.032,,3350000000,,50.48,,,,,,,,,,,,,,,,,,,,,,true,true,6,2025-04-01,2025-09-30,1
2025-04-25,4956,2026-03-31,,142000000000,0.045,,,,,10670000000,0.002,11200000000,0.001,,8100000000,,122.06,,,,,,,,,,,,,,,,0.311,,,,,,true,true,12,2025-04-01,2026-03-31,1
2025-04-25,4956,2025-03-31,,88500000000,-0.000,,,,,6204000000,0.042,7226000000,0.045,5782000000,,0.081,86.57,,,,,,111910000000,63587000000,0.568,958.24,63587000000,,,,,38.00,,5.00,,70414880,4056436,66797404,false,false,12,2024-04-01,2025-03-31,0
2025-04-25,4956,2024-03-31,,88500000000,0.079,,,,,5953000000,0.412,6915000000,0.322,5347000000,,-0.408,79.27,,,,,,112018000000,59243000000,0.529,908.96,59243000000,,,,,19.50,,,,70414880,5237078,67457529,false,false,12,2023-04-01,2024-03-31,-1
2025-04-25,4956,2026-03-31,,,,,,,,,,,,,,,,,,,,,,,,,,,,,,38.00,,,,,,,false,true,12,2025-04-01,2026-03-31,1
