filing_date,code,fiscal_year_end,quarterly_period,net_sales,net_sales_change,revenue,revenue_change,operating_revenue,operating_revenue_change,operating_profit,operating_profit_change,ordinary_profit,ordinary_profit_change,net_income,net_income_of_parent,net_income_change,eps,diluted_eps,roe,roa,operating_profit_to_net_sales,operating_profit_to_revenue,total_assets,net_assets,equity_ratio,bps,owner_equity,operating_cash_flow,investing_cash_flow,financing_cash_flow,cash,dividend_per_share,payout_ratio,commemorative_dividend,extra_dividend,number_of_shares,number_of_treqsury_shares,avg_number_of_shares,is_consolidated,is_forecast,duration,period_start,period_end,period_pos
2015-08-06,49800,2016-03-31,1,14782000000,,,,,,1824000000,,1901000000,,,1247000000,,19.80,,,,,,90084000000,55877000000,0.620,886.94,55877000000,,,,,,,,,,,,true,false,3,2015-04-01,2015-06-30,0
2015-08-06,49800,2016-03-31,1,32700000000,0.051,,,,,3800000000,-0.197,3500000000,-0.288,,2000000000,,31.74,,,,,,,,,,,,,,,,,,,,,,true,true,6,2015-04-01,2015-09-30,0
2015-08-06,49800,2016-03-31,1,75600000000,0.154,,,,,11900000000,0.238,11500000000,0.165,,7000000000,,111.11,,,,,,,,,,,,,,,,,,,,,,true,true,12,2015-04-01,2016-03-31,0
2015-08-06,49800,2015-03-31,1,,,,,,,,,,,,,,,,,,,,88979000000,54421000000,0.612,863.82,54421000000,,,,,,,,,,,,true,false,12,2014-04-01,2015-03-31,-1
2015-08-06,49800,2015-03-31,1,,,,,,,,,,,,,,,,,,,,,,,,,,,,,0.00,,,,63000000,,,false,false,12,2014-04-01,2015-03-31,-1
2015-08-06,49800,2016-03-31,1,,,,,,,,,,,,,,,,,,,,,,,,,,,,,55.00,,,,,,,false,true,12,2015-04-01,2016-03-31,0
2015-08-06,49800,2016-03-31,1,,,,,,,,,,,,,,,,,,,,,,,,,,,,,,,,,63000000,,63000000,false,false,3,2015-04-01,2015-06-30,0
2015-08-06,49800,2015-03-31,1,,,,,,,,,,,,,,,,,,,,,,,,,,,,,,,,,,,63000000,false,false,3,2014-04-01,2014-06-30,-1
2015-10-29,49800,2016-03-31,2,31617000000,,,,,,4352000000,,4297000000,,,2699000000,,42.84,42.02,,,,,90650000000,57024000000,0.629,905.14,57024000000,,,,,,,,,,,,true,false,6,2015-04-01,2015-09-30,0
2015-10-29,49800,2016-03-31,2,75600000000,0.154,,,,,11900000000,0.238,11500000000,0.165,,7000000000,,111.11,,,,,,,,,,,,,,,,,,,,,,true,true,12,2015-04-01,2016-03-31,0
2015-10-29,49800,2015-03-31,2,,,,,,,,,,,,,,,,,,,,88979000000,54421000000,0.612,863.82,54421000000,,,,,,,,,,,,true,false,12,2014-04-01,2015-03-31,-1
2015-10-29,49800,2015-03-31,2,,,,,,,,,,,,,,,,,,,,,,,,,,,,,0.00,,,,63000000,,,false,false,12,2014-04-01,2015-03-31,-1
2015-10-29,49800,2016-03-31,2,,,,,,,,,,,,,,,,,,,,,,,,,,,,,27.50,,,,,,,false,false,12,2015-04-01,2016-03-31,0
2015-10-29,49800,2016-03-31,2,,,,,,,,,,,,,,,,,,,,,,,,,,,,,55.00,,,,,,,false,true,12,2015-04-01,2016-03-31,0
2015-10-29,49800,2016-03-31,2,,,,,,,,,,,,,,,,,,,,,,,,,,,,,,,,,63000000,,63000000,false,false,6,2015-04-01,2015-09-30,0
2015-10-29,49800,2015-03-31,2,,,,,,,,,,,,,,,,,,,,,,,,,,,,,,,,,,,63000000,false,false,6,2014-04-01,2014-09-30,-1
2015-10-29,49800,2016-03-31,,31617000000,-0.033,,,,,4352000000,0.145,4297000000,0.228,2699000000,,0.350,42.84,,,,,,,,,,,,,,,,,,,,,,true,true,6,2015-04-01,2015-09-30,0
2016-01-28,49800,2016-03-31,3,48677000000,,,,,,6676000000,,6726000000,,,4509000000,,71.57,70.32,,,,,89678000000,56920000000,0.635,903.49,56920000000,,,,,,,,,,,,true,false,9,2015-04-01,2015-12-31,0
2016-01-28,49800,2016-03-31,3,68500000000,0.046,,,,,9000000000,-0.064,8700000000,-0.119,,5800000000,,92.06,,,,,,,,,,,,,,,,,,,,,,true,true,12,2015-04-01,2016-03-31,0
2016-01-28,49800,2015-03-31,3,,,,,,,,,,,,,,,,,,,,88979000000,54421000000,0.612,863.82,54421000000,,,,,,,,,,,,true,false,12,2014-04-01,2015-03-31,-1
2016-01-28,49800,2015-03-31,3,,,,,,,,,,,,,,,,,,,,,,,,,,,,,0.00,,,,63000000,,,false,false,12,2014-04-01,2015-03-31,-1
2016-01-28,49800,2016-03-31,3,,,,,,,,,,,,,,,,,,,,,,,,,,,,,27.50,,,,,,,false,false,12,2015-04-01,2016-03-31,0
2016-01-28,49800,2016-03-31,3,,,,,,,,,,,,,,,,,,,,,,,,,,,,,60.00,,,,,,,false,true,12,2015-04-01,2016-03-31,0
2016-01-28,49800,2016-03-31,3,,,,,,,,,,,,,,,,,,,,,,,,,,,,,,,,,63000000,,63000000,false,false,9,2015-04-01,2015-12-31,0
2016-01-28,49800,2015-03-31,3,,,,,,,,,,,,,,,,,,,,,,,,,,,,,,,,,,,63000000,false,false,9,2014-04-01,2014-12-31,-1
2016-01-28,49800,2016-03-31,3,48677000000,,,,,,6676000000,,6726000000,,,4509000000,,71.57,70.26,,,,,89678000000,56920000000,0.635,903.49,56920000000,,,,,,,,,,,,true,false,9,2015-04-01,2015-12-31,0
2016-01-28,49800,2016-03-31,3,68500000000,0.046,,,,,9000000000,-0.064,8700000000,-0.119,,5800000000,,92.06,,,,,,,,,,,,,,,,,,,,,,true,true,12,2015-04-01,2016-03-31,0
2016-01-28,49800,2015-03-31,3,,,,,,,,,,,,,,,,,,,,88979000000,54421000000,0.612,863.82,54421000000,,,,,,,,,,,,true,false,12,2014-04-01,2015-03-31,-1
2016-01-28,49800,2015-03-31,3,,,,,,,,,,,,,,,,,,,,,,,,,,,,,0.00,,,,63000000,,,false,false,12,2014-04-01,2015-03-31,-1
2016-01-28,49800,2016-03-31,3,,,,,,,,,,,,,,,,,,,,,,,,,,,,,27.50,,,,,,,false,false,12,2015-04-01,2016-03-31,0
2016-01-28,49800,2016-03-31,3,,,,,,,,,,,,,,,,,,,,,,,,,,,,,60.00,,,,,,,false,true,12,2015-04-01,2016-03-31,0
2016-01-28,49800,2016-03-31,3,,,,,,,,,,,,,,,,,,,,,,,,,,,,,,,,,63000000,,63000000,false,false,9,2015-04-01,2015-12-31,0
2016-01-28,49800,2015-03-31,3,,,,,,,,,,,,,,,,,,,,,,,,,,,,,,,,,,,63000000,false,false,9,2014-04-01,2014-12-31,-1
2016-04-27,49800,2016-03-31,,62654000000,-0.044,,,,,8306000000,-0.136,8163000000,-0.173,,4423000000,,70.58,69.36,0.083,0.093,0.133,,87153000000,51898000000,0.595,866.23,51898000000,12115000000,-6537000000,-4988000000,16259000000,,0.850,,,,,,true,false,12,2015-04-01,2016-03-31,0
2016-04-27,49800,2015-03-31,,65508000000,0.035,,,,,9611000000,0.242,9870000000,0.369,,10721000000,,170.18,,0.226,0.110,0.147,,88979000000,54421000000,0.612,863.82,54421000000,13338000000,-2714000000,-11519000000,16456000000,,,,,,,,true,false,12,2014-04-01,2015-03-31,-1
2016-04-27,49800,2017-03-31,,26500000000,-0.162,,,,,1000000000,-0.770,1000000000,-0.767,,-400000000,,-6.67,,,,,,,,,,,,,,,,,,,,,,true,true,6,2016-04-01,2016-09-30,1
2016-04-27,49800,2017-03-31,,60300000000,-0.038,,,,,4400000000,-0.470,4300000000,-0.473,,700000000,,11.68,,,,,,,,,,,,,,,,4.709,,,,,,true,true,12,2016-04-01,2017-03-31,1
2016-04-27,49800,2016-03-31,,53593000000,0.006,,,,,5637000000,-0.324,5149000000,-0.426,2075000000,,-0.780,,,,,,,80494000000,45781000000,0.569,,45781000000,,,,,60.00,,,,63000000,3087000,62671058,false,false,12,2015-04-01,2016-03-31,0
2016-04-27,49800,2015-03-31,,53258000000,0.064,,,,,8344000000,0.382,8971000000,0.558,9445000000,,0.234,,,,,,,83724000000,48695000000,0.582,,48695000000,,,,,0.00,,,,63000000,,63000000,false,false,12,2014-04-01,2015-03-31,-1
2016-04-27,49800,2017-03-31,,,,,,,,,,,,,,,,,,,,,,,,,,,,,,55.00,,,,,,,false,true,12,2016-04-01,2017-03-31,1
2016-04-27,49800,2016-03-31,,62654000000,-0.044,,,,,8306000000,-0.136,8163000000,-0.173,,4587000000,,73.16,71.90,0.086,0.093,0.133,,87316000000,52062000000,0.596,868.96,52062000000,12115000000,-6537000000,-4988000000,16259000000,,0.820,,,,,,true,false,12,2015-04-01,2016-03-31,0
2016-04-27,49800,2015-03-31,,65508000000,0.035,,,,,9611000000,0.242,9870000000,0.369,,10721000000,,170.18,,0.226,0.110,0.147,,88979000000,54421000000,0.612,863.82,54421000000,13338000000,-2714000000,-11519000000,16456000000,,,,,,,,true,false,12,2014-04-01,2015-03-31,-1
2016-04-27,49800,2017-03-31,,26500000000,-0.162,,,,,1000000000,-0.770,1000000000,-0.767,,-400000000,,-6.67,,,,,,,,,,,,,,,,,,,,,,true,true,6,2016-04-01,2016-09-30,1
2016-04-27,49800,2017-03-31,,60300000000,-0.038,,,,,4400000000,-0.470,4300000000,-0.473,,700000000,,11.68,,,,,,,,,,,,,,,,4.709,,,,,,true,true,12,2016-04-01,2017-03-31,1
2016-04-27,49800,2016-03-31,,53593000000,0.006,,,,,5637000000,-0.324,5149000000,-0.426,2239000000,,-0.763,,,,,,,80658000000,45945000000,0.570,,45945000000,,,,,60.00,,,,63000000,3087000,62696361,false,false,12,2015-04-01,2016-03-31,0
2016-04-27,49800,2015-03-31,,53258000000,0.064,,,,,8344000000,0.382,8971000000,0.558,9445000000,,0.234,,,,,,,83724000000,48695000000,0.582,,48695000000,,,,,0.00,,,,63000000,,63000000,false,false,12,2014-04-01,2015-03-31,-1
2016-04-27,49800,2017-03-31,,,,,,,,,,,,,,,,,,,,,,,,,,,,,,55.00,,,,,,,false,true,12,2016-04-01,2017-03-31,1
2016-07-28,49800,2017-03-31,1,12832000000,-0.132,,,,,553000000,-0.696,158000000,-0.917,,91000000,,1.52,1.50,,,,,84288000000,48936000000,0.581,816.78,48936000000,,,,,,,,,,,,true,false,3,2016-04-01,2016-06-30,0
2016-07-28,49800,2016-03-31,1,14782000000,,,,,,1824000000,,1901000000,,,1247000000,,19.80,,,,,,,,,,,,,,,,,,,,,,true,false,3,2015-04-01,2015-06-30,-1
2016-07-28,49800,2017-03-31,1,26500000000,-0.162,,,,,1000000000,-0.770,1000000000,-0.767,,-400000000,,-6.67,,,,,,,,,,,,,,,,,,,,,,true,true,6,2016-04-01,2016-09-30,0
2016-07-28,49800,2017-03-31,1,60300000000,-0.038,,,,,4400000000,-0.470,4300000000,-0.473,,700000000,,11.68,,,,,,,,,,,,,,,,,,,,,,true,true,12,2016-04-01,2017-03-31,0
2016-07-28,49800,2016-03-31,1,,,,,,,,,,,,,,,,,,,,87316000000,52062000000,0.596,868.96,52062000000,,,,,,,,,,,,true,false,12,2015-04-01,2016-03-31,-1
2016-07-28,49800,2016-03-31,1,,,,,,,,,,,,,,,,,,,,,,,,,,,,,60.00,,,,63000000,3087000,,false,false,12,2015-04-01,2016-03-31,-1
2016-07-28,49800,2017-03-31,1,,,,,,,,,,,,,,,,,,,,,,,,,,,,,55.00,,,,,,,false,true,12,2016-04-01,2017-03-31,0
2016-07-28,49800,2017-03-31,1,,,,,,,,,,,,,,,,,,,,,,,,,,,,,,,,,63000000,3087000,59913000,false,false,3,2016-04-01,2016-06-30,0
2016-07-28,49800,2016-03-31,1,,,,,,,,,,,,,,,,,,,,,,,,,,,,,,,,,,,63000000,false,false,3,2015-04-01,2015-06-30,-1
2016-10-27,49800,2017-03-31,2,27373000000,-0.134,,,,,1437000000,-0.670,925000000,-0.785,,34000000,,0.57,0.56,,,,,87902000000,48659000000,0.554,812.90,48659000000,,,,,,,,,,,,true,false,6,2016-04-01,2016-09-30,0
2016-10-27,49800,2016-03-31,2,31617000000,,,,,,4352000000,,4297000000,,,2699000000,,42.84,42.02,,,,,,,,,,,,,,,,,,,,,true,false,6,2015-04-01,2015-09-30,-1
2016-10-27,49800,2017-03-31,2,57700000000,-0.079,,,,,1900000000,-0.771,1280000000,-0.843,,-840000000,,-14.02,,,,,,,,,,,,,,,,,,,,,,true,true,12,2016-04-01,2017-03-31,0
2016-10-27,49800,2016-03-31,2,,,,,,,,,,,,,,,,,,,,87316000000,52062000000,0.596,868.96,52062000000,,,,,,,,,,,,true,false,12,2015-04-01,2016-03-31,-1
2016-10-27,49800,2016-03-31,2,,,,,,,,,,,,,,,,,,,,,,,,,,,,,60.00,,,,63000000,3087000,,false,false,12,2015-04-01,2016-03-31,-1
2016-10-27,49800,2017-03-31,2,,,,,,,,,,,,,,,,,,,,,,,,,,,,,27.50,,,,,,,false,false,12,2016-04-01,2017-03-31,0
2016-10-27,49800,2017-03-31,2,,,,,,,,,,,,,,,,,,,,,,,,,,,,,55.00,,,,,,,false,true,12,2016-04-01,2017-03-31,0
2016-10-27,49800,2017-03-31,2,,,,,,,,,,,,,,,,,,,,,,,,,,,,,,,,,63077600,3219000,59888635,false,false,6,2016-04-01,2016-09-30,0
2016-10-27,49800,2016-03-31,2,,,,,,,,,,,,,,,,,,,,,,,,,,,,,,,,,,,63000000,false,false,6,2015-04-01,2015-09-30,-1
2017-01-26,49800,2017-03-31,3,44026000000,-0.096,,,,,2761000000,-0.586,2551000000,-0.621,,1161000000,,19.39,19.18,,,,,95204000000,49259000000,0.517,822.42,49259000000,,,,,,,,,,,,true,false,9,2016-04-01,2016-12-31,0
2017-01-26,49800,2016-03-31,3,48677000000,,,,,,6676000000,,6726000000,,,4509000000,,71.57,70.26,,,,,,,,,,,,,,,,,,,,,true,false,9,2015-04-01,2015-12-31,-1
2017-01-26,49800,2017-03-31,3,61200000000,-0.023,,,,,3000000000,-0.639,2400000000,-0.706,,20000000,,0.33,,,,,,,,,,,,,,,,,,,,,,true,true,12,2016-04-01,2017-03-31,0
2017-01-26,49800,2016-03-31,3,,,,,,,,,,,,,,,,,,,,87316000000,52062000000,0.596,868.96,52062000000,,,,,,,,,,,,true,false,12,2015-04-01,2016-03-31,-1
2017-01-26,49800,2016-03-31,3,,,,,,,,,,,,,,,,,,,,,,,,,,,,,60.00,,,,63000000,3087000,,false,false,12,2015-04-01,2016-03-31,-1
2017-01-26,49800,2017-03-31,3,,,,,,,,,,,,,,,,,,,,,,,,,,,,,27.50,,,,,,,false,false,12,2016-04-01,2017-03-31,0
2017-01-26,49800,2017-03-31,3,,,,,,,,,,,,,,,,,,,,,,,,,,,,,55.00,,,,,,,false,true,12,2016-04-01,2017-03-31,0
2017-01-26,49800,2017-03-31,3,,,,,,,,,,,,,,,,,,,,,,,,,,,,,,,,,63114700,3219000,59881085,false,false,9,2016-04-01,2016-12-31,0
2017-01-26,49800,2016-03-31,3,,,,,,,,,,,,,,,,,,,,,,,,,,,,,,,,,,,63000000,false,false,9,2015-04-01,2015-12-31,-1
2017-04-27,49800,2017-03-31,,62598000000,-0.001,,,,,3491000000,-0.580,2893000000,-0.646,,949000000,,15.85,15.65,0.018,0.032,0.056,,96075000000,50682000000,0.528,843.56,50682000000,5128000000,-5448000000,760000000,16432000000,,3.474,,,,,,true,false,12,2016-04-01,2017-03-31,0
2017-04-27,49800,2016-03-31,,62654000000,-0.044,,,,,8306000000,-0.136,8163000000,-0.173,,4587000000,,73.16,71.90,0.086,0.093,0.133,,87316000000,52062000000,0.596,868.96,52062000000,12115000000,-6537000000,-4988000000,16259000000,,0.820,,,,,,true,false,12,2015-04-01,2016-03-31,-1
2017-04-27,49800,2018-03-31,,35000000000,0.279,,,,,2400000000,0.669,2300000000,1.484,,1500000000,,24.96,,,,,,,,,,,,,,,,,,,,,,true,true,6,2017-04-01,2017-09-30,1
2017-04-27,49800,2018-03-31,,64000000000,0.022,,,,,5300000000,0.518,5100000000,0.763,,3000000000,,49.93,,,,,,,,,,,,,,,,0.801,,,,,,true,true,12,2017-04-01,2018-03-31,1
2017-04-27,49800,2017-03-31,,56561000000,0.055,,,,,1480000000,-0.737,776000000,-0.849,-525000000,,,,,,,,,89879000000,41824000000,0.465,,41824000000,,,,,55.00,,,,63299500,3218900,59902468,false,false,12,2016-04-01,2017-03-31,0
2017-04-27,49800,2016-03-31,,53593000000,0.006,,,,,5637000000,-0.324,5149000000,-0.426,2239000000,,-0.763,,,,,,,80658000000,45945000000,0.570,,45945000000,,,,,60.00,,,,63000000,3087000,62696361,false,false,12,2015-04-01,2016-03-31,-1
2017-04-27,49800,2018-03-31,,,,,,,,,,,,,,,,,,,,,,,,,,,,,,40.00,,,,,,,false,true,12,2017-04-01,2018-03-31,1
2017-07-27,49800,2018-03-31,1,19147000000,0.492,,,,,1955000000,2.531,1995000000,,,1239000000,,20.63,20.39,,,,,92537000000,50130000000,0.542,834.14,50130000000,,,,,,,,,,,,true,false,3,2017-04-01,2017-06-30,0
2017-07-27,49800,2017-03-31,1,12832000000,-0.132,,,,,553000000,-0.696,158000000,-0.917,,91000000,,1.52,1.50,,,,,,,,,,,,,,,,,,,,,true,false,3,2016-04-01,2016-06-30,-1
2017-07-27,49800,2018-03-31,1,37000000000,0.352,,,,,3700000000,1.573,3600000000,2.888,,2500000000,,41.60,,,,,,,,,,,,,,,,,,,,,,true,true,6,2017-04-01,2017-09-30,0
2017-07-27,49800,2018-03-31,1,71500000000,0.142,,,,,6600000000,0.890,6400000000,1.212,,4400000000,,73.21,,,,,,,,,,,,,,,,,,,,,,true,true,12,2017-04-01,2018-03-31,0
2017-07-27,49800,2017-03-31,1,,,,,,,,,,,,,,,,,,,,96075000000,50682000000,0.528,843.56,50682000000,,,,,,,,,,,,true,false,12,2016-04-01,2017-03-31,-1
2017-07-27,49800,2017-03-31,1,,,,,,,,,,,,,,,,,,,,,,,,,,,,,55.00,,,,63299500,3218900,,false,false,12,2016-04-01,2017-03-31,-1
2017-07-27,49800,2018-03-31,1,,,,,,,,,,,,,,,,,,,,,,,,,,,,,40.00,,,,,,,false,true,12,2017-04-01,2018-03-31,0
2017-07-27,49800,2018-03-31,1,,,,,,,,,,,,,,,,,,,,,,,,,,,,,,,,,63316900,3218700,60083767,false,false,3,2017-04-01,2017-06-30,0
2017-07-27,49800,2017-03-31,1,,,,,,,,,,,,,,,,,,,,,,,,,,,,,,,,,,,59913000,false,false,3,2016-04-01,2016-06-30,-1
2017-10-30,49800,2018-03-31,2,38225000000,0.396,,,,,3867000000,1.690,3907000000,3.219,,2722000000,,45.28,44.69,,,,,94734000000,51794000000,0.547,860.10,51794000000,,,,,,,,,,,,true,false,6,2017-04-01,2017-09-30,0
2017-10-30,49800,2017-03-31,2,27373000000,-0.134,,,,,1437000000,-0.670,925000000,-0.785,,34000000,,0.57,0.56,,,,,,,,,,,,,,,,,,,,,true,false,6,2016-04-01,2016-09-30,-1
2017-10-30,49800,2018-03-31,2,71500000000,0.142,,,,,6600000000,0.890,6400000000,1.212,,4400000000,,73.12,,,,,,,,,,,,,,,,,,,,,,true,true,12,2017-04-01,2018-03-31,0
2017-10-30,49800,2017-03-31,2,,,,,,,,,,,,,,,,,,,,96075000000,50682000000,0.528,843.56,50682000000,,,,,,,,,,,,true,false,12,2016-04-01,2017-03-31,-1
2017-10-30,49800,2017-03-31,2,,,,,,,,,,,,,,,,,,,,,,,,,,,,,55.00,,,,63299500,3218900,,false,false,12,2016-04-01,2017-03-31,-1
2017-10-30,49800,2018-03-31,2,,,,,,,,,,,,,,,,,,,,,,,,,,,,,20.00,,,,,,,false,false,12,2017-04-01,2018-03-31,0
2017-10-30,49800,2018-03-31,2,,,,,,,,,,,,,,,,,,,,,,,,,,,,,40.00,,,,,,,false,true,12,2017-04-01,2018-03-31,0
2017-10-30,49800,2018-03-31,2,,,,,,,,,,,,,,,,,,,,,,,,,,,,,,,,,63436800,3218000,60116497,false,false,6,2017-04-01,2017-09-30,0
2017-10-30,49800,2017-03-31,2,,,,,,,,,,,,,,,,,,,,,,,,,,,,,,,,,,,59888635,false,false,6,2016-04-01,2016-09-30,-1
2018-01-30,49800,2018-03-31,3,55741000000,0.266,,,,,6510000000,1.358,6314000000,1.475,,4361000000,,72.50,71.53,,,,,95795000000,52370000000,0.547,869.44,52370000000,,,,,,,,,,,,true,false,9,2017-04-01,2017-12-31,0
2018-01-30,49800,2017-03-31,3,44026000000,-0.096,,,,,2761000000,-0.586,2551000000,-0.621,,1161000000,,19.39,19.18,,,,,,,,,,,,,,,,,,,,,true,false,9,2016-04-01,2016-12-31,-1
2018-01-30,49800,2018-03-31,3,70000000000,0.118,,,,,6600000000,0.890,6400000000,1.212,,4400000000,,73.12,,,,,,,,,,,,,,,,,,,,,,true,true,12,2017-04-01,2018-03-31,0
2018-01-30,49800,2017-03-31,3,,,,,,,,,,,,,,,,,,,,96075000000,50682000000,0.528,843.56,50682000000,,,,,,,,,,,,true,false,12,2016-04-01,2017-03-31,-1
2018-01-30,49800,2017-03-31,3,,,,,,,,,,,,,,,,,,,,,,,,,,,,,55.00,,,,63299500,3218900,,false,false,12,2016-04-01,2017-03-31,-1
2018-01-30,49800,2018-03-31,3,,,,,,,,,,,,,,,,,,,,,,,,,,,,,20.00,,,,,,,false,false,12,2017-04-01,2018-03-31,0
2018-01-30,49800,2018-03-31,3,,,,,,,,,,,,,,,,,,,,,,,,,,,,,40.00,,,,,,,false,true,12,2017-04-01,2018-03-31,0
2018-01-30,49800,2018-03-31,3,,,,,,,,,,,,,,,,,,,,,,,,,,,,,,,,,63451800,3217500,60152790,false,false,9,2017-04-01,2017-12-31,0
2018-01-30,49800,2017-03-31,3,,,,,,,,,,,,,,,,,,,,,,,,,,,,,,,,,,,59881085,false,false,9,2016-04-01,2016-12-31,-1
2018-04-26,49800,2018-03-31,,70079000000,0.120,,,,,6178000000,0.770,5682000000,0.964,,3426000000,,56.91,56.16,0.068,0.059,0.088,,94969000000,49921000000,0.526,825.82,49921000000,8988000000,-8454000000,-1734000000,14887000000,,0.704,,,,,,true,false,12,2017-04-01,2018-03-31,0
2018-04-26,49800,2017-03-31,,62598000000,-0.001,,,,,3491000000,-0.580,2893000000,-0.646,,949000000,,15.85,15.65,0.018,0.031,0.056,,97368000000,50682000000,0.521,843.56,50682000000,5128000000,-5448000000,760000000,16432000000,,3.474,,,,,,true,false,12,2016-04-01,2017-03-31,-1
2018-04-26,49800,2019-03-31,,30400000000,-0.205,,,,,2100000000,-0.457,2000000000,-0.488,,1100000000,,18.27,,,,,,,,,,,,,,,,,,,,,,true,true,6,2018-04-01,2018-09-30,1
2018-04-26,49800,2019-03-31,,63700000000,-0.091,,,,,7000000000,0.133,6700000000,0.179,,4200000000,,69.76,,,,,,,,,,,,,,,,0.576,,,,,,true,true,12,2018-04-01,2019-03-31,1
2018-04-26,49800,2017-03-31,,,,,,,,,,,,,,,,,,,,,,,,,,,,,,55.00,,,,63299500,3218900,59902468,false,false,12,2016-04-01,2017-03-31,-1
2018-04-26,49800,2018-03-31,,,,,,,,,,,,,,,,,,,,,,,,,,,,,,40.00,,,,63668000,3217000,60198945,false,false,12,2017-04-01,2018-03-31,0
2018-04-26,49800,2019-03-31,,,,,,,,,,,,,,,,,,,,,,,,,,,,,,40.00,,,,,,,false,true,12,2018-04-01,2019-03-31,1
2018-07-30,49800,2019-03-31,1,14756000000,-0.229,,,,,397000000,-0.797,661000000,-0.668,,435000000,,7.20,7.13,,,,,93261000000,48928000000,0.525,809.10,48928000000,,,,,,,,,,,,true,false,3,2018-04-01,2018-06-30,0
2018-07-30,49800,2018-03-31,1,19147000000,0.492,,,,,1955000000,2.531,1995000000,,,1239000000,,20.63,20.39,,,,,,,,,,,,,,,,,,,,,true,false,3,2017-04-01,2017-06-30,-1
2018-07-30,49800,2019-03-31,1,30400000000,-0.205,,,,,2100000000,-0.457,2000000000,-0.488,,1100000000,,18.27,,,,,,,,,,,,,,,,,,,,,,true,true,6,2018-04-01,2018-09-30,0
2018-07-30,49800,2019-03-31,1,63700000000,-0.091,,,,,7000000000,0.133,6700000000,0.179,,4200000000,,69.76,,,,,,,,,,,,,,,,,,,,,,true,true,12,2018-04-01,2019-03-31,0
2018-07-30,49800,2018-03-31,1,,,,,,,,,,,,,,,,,,,,94958000000,49921000000,0.526,825.82,49921000000,,,,,,,,,,,,true,false,12,2017-04-01,2018-03-31,-1
2018-07-30,49800,2018-03-31,1,,,,,,,,,,,,,,,,,,,,,,,,,,,,,40.00,,,,63668000,3217000,,false,false,12,2017-04-01,2018-03-31,-1
2018-07-30,49800,2019-03-31,1,,,,,,,,,,,,,,,,,,,,,,,,,,,,,40.00,,,,,,,false,true,12,2018-04-01,2019-03-31,0
2018-07-30,49800,2019-03-31,1,,,,,,,,,,,,,,,,,,,,,,,,,,,,,,,,,63688000,3216000,60462763,false,false,3,2018-04-01,2018-06-30,0
2018-07-30,49800,2018-03-31,1,,,,,,,,,,,,,,,,,,,,,,,,,,,,,,,,,,,60083767,false,false,3,2017-04-01,2017-06-30,-1
2018-10-30,49800,2019-03-31,2,30378000000,-0.205,,,,,1952000000,-0.495,2253000000,-0.423,,1463000000,,24.20,23.97,,,,,93701000000,50090000000,0.535,827.18,50090000000,,,,,,,,,,,,true,false,6,2018-04-01,2018-09-30,0
2018-10-30,49800,2018-03-31,2,38225000000,0.396,,,,,3867000000,1.690,3907000000,3.219,,2722000000,,45.28,44.69,,,,,,,,,,,,,,,,,,,,,true,false,6,2017-04-01,2017-09-30,-1
2018-10-30,49800,2019-03-31,2,63700000000,-0.091,,,,,7000000000,0.133,6700000000,0.179,,4200000000,,69.76,,,,,,,,,,,,,,,,,,,,,,true,true,12,2018-04-01,2019-03-31,0
2018-10-30,49800,2018-03-31,2,,,,,,,,,,,,,,,,,,,,94958000000,49921000000,0.526,825.82,49921000000,,,,,,,,,,,,true,false,12,2017-04-01,2018-03-31,-1
2018-10-30,49800,2018-03-31,2,,,,,,,,,,,,,,,,,,,,,,,,,,,,,40.00,,,,63668000,3217000,,false,false,12,2017-04-01,2018-03-31,-1
2018-10-30,49800,2019-03-31,2,,,,,,,,,,,,,,,,,,,,,,,,,,,,,20.00,,,,,,,false,false,12,2018-04-01,2019-03-31,0
2018-10-30,49800,2019-03-31,2,,,,,,,,,,,,,,,,,,,,,,,,,,,,,40.00,,,,,,,false,true,12,2018-04-01,2019-03-31,0
2018-10-30,49800,2019-03-31,2,,,,,,,,,,,,,,,,,,,,,,,,,,,,,,,,,63768600,3212900,60489556,false,false,6,2018-04-01,2018-09-30,0
2018-10-30,49800,2018-03-31,2,,,,,,,,,,,,,,,,,,,,,,,,,,,,,,,,,,,60116497,false,false,6,2017-04-01,2017-09-30,-1
2019-01-31,49800,2019-03-31,3,47540000000,-0.147,,,,,3871000000,-0.405,3974000000,-0.371,,2589000000,,42.77,42.40,,,,,92937000000,49853000000,0.536,822.70,49853000000,,,,,,,,,,,,true,false,9,2018-04-01,2018-12-31,0
2019-01-31,49800,2018-03-31,3,55741000000,0.266,,,,,6510000000,1.358,6314000000,1.475,,4361000000,,72.50,71.53,,,,,,,,,,,,,,,,,,,,,true,false,9,2017-04-01,2017-12-31,-1
2019-01-31,49800,2019-03-31,3,60200000000,-0.141,,,,,4100000000,-0.336,4000000000,-0.296,,2600000000,,43.19,,,,,,,,,,,,,,,,,,,,,,true,true,12,2018-04-01,2019-03-31,0
2019-01-31,49800,2018-03-31,3,,,,,,,,,,,,,,,,,,,,94958000000,49921000000,0.526,825.82,49921000000,,,,,,,,,,,,true,false,12,2017-04-01,2018-03-31,-1
2019-01-31,49800,2018-03-31,3,,,,,,,,,,,,,,,,,,,,,,,,,,,,,40.00,,,,63668000,3217000,,false,false,12,2017-04-01,2018-03-31,-1
2019-01-31,49800,2019-03-31,3,,,,,,,,,,,,,,,,,,,,,,,,,,,,,20.00,,,,,,,false,false,12,2018-04-01,2019-03-31,0
2019-01-31,49800,2019-03-31,3,,,,,,,,,,,,,,,,,,,,,,,,,,,,,34.00,,,,,,,false,true,12,2018-04-01,2019-03-31,0
2019-01-31,49800,2019-03-31,3,,,,,,,,,,,,,,,,,,,,,,,,,,,,,,,,,63808600,3211200,60520664,false,false,9,2018-04-01,2018-12-31,0
2019-01-31,49800,2018-03-31,3,,,,,,,,,,,,,,,,,,,,,,,,,,,,,,,,,,,60152790,false,false,9,2017-04-01,2017-12-31,-1
2019-04-25,49800,2019-03-31,,60580000000,-0.136,,,,,3724000000,-0.397,3903000000,-0.313,,2284000000,,37.73,37.43,0.046,0.043,0.061,,87586000000,49055000000,0.560,809.40,49055000000,7826000000,-6554000000,-4564000000,11826000000,,0.902,,,,,,true,false,12,2018-04-01,2019-03-31,0
2019-04-25,49800,2018-03-31,,70079000000,0.120,,,,,6178000000,0.770,5682000000,0.964,,3426000000,,56.91,56.16,0.068,0.059,0.088,,94958000000,49921000000,0.526,825.82,49921000000,8988000000,-8454000000,-1734000000,14887000000,,0.704,,,,,,true,false,12,2017-04-01,2018-03-31,-1
2019-04-25,49800,2020-03-31,,28700000000,-0.055,,,,,1700000000,-0.129,1600000000,-0.290,,1000000000,,16.51,,,,,,,,,,,,,,,,,,,,,,true,true,6,2019-04-01,2019-09-30,1
2019-04-25,49800,2020-03-31,,58000000000,-0.043,,,,,4100000000,0.101,3750000000,-0.039,,2450000000,,40.46,,,,,,,,,,,,,,,,0.841,,,,,,true,true,12,2019-04-01,2020-03-31,1
2019-04-25,49800,2018-03-31,,,,,,,,,,,,,,,,,,,,,,,,,,,,,,40.00,,,,63668000,3217000,60198945,false,false,12,2017-04-01,2018-03-31,-1
2019-04-25,49800,2019-03-31,,,,,,,,,,,,,,,,,,,,,,,,,,,,,,34.00,,,,63817100,3209900,60540304,false,false,12,2018-04-01,2019-03-31,0
2019-04-25,49800,2020-03-31,,,,,,,,,,,,,,,,,,,,,,,,,,,,,,34.00,,,,,,,false,true,12,2019-04-01,2020-03-31,1
2019-07-31,49800,2020-03-31,1,14713000000,-0.003,,,,,958000000,1.414,863000000,0.305,,529000000,,8.73,8.70,,,,,88363000000,48275000000,0.546,796.52,48275000000,,,,,,,,,,,,true,false,3,2019-04-01,2019-06-30,0
2019-07-31,49800,2019-03-31,1,14756000000,-0.229,,,,,397000000,-0.797,661000000,-0.668,,435000000,,7.20,7.13,,,,,,,,,,,,,,,,,,,,,true,false,3,2018-04-01,2018-06-30,-1
2019-07-31,49800,2020-03-31,1,28700000000,-0.055,,,,,1700000000,-0.129,1600000000,-0.290,,1000000000,,16.51,,,,,,,,,,,,,,,,,,,,,,true,true,6,2019-04-01,2019-09-30,0
2019-07-31,49800,2020-03-31,1,58000000000,-0.043,,,,,4100000000,0.101,3750000000,-0.039,,2450000000,,40.46,,,,,,,,,,,,,,,,,,,,,,true,true,12,2019-04-01,2020-03-31,0
2019-07-31,49800,2019-03-31,1,,,,,,,,,,,,,,,,,,,,87586000000,49055000000,0.560,809.40,49055000000,,,,,,,,,,,,true,false,12,2018-04-01,2019-03-31,-1
2019-07-31,49800,2019-03-31,1,,,,,,,,,,,,,,,,,,,,,,,,,,,,,34.00,,,,63817100,3209900,,false,false,12,2018-04-01,2019-03-31,-1
2019-07-31,49800,2020-03-31,1,,,,,,,,,,,,,,,,,,,,,,,,,,,,,34.00,,,,,,,false,true,12,2019-04-01,2020-03-31,0
2019-07-31,49800,2020-03-31,1,,,,,,,,,,,,,,,,,,,,,,,,,,,,,,,,,63817100,3208803,60607848,false,false,3,2019-04-01,2019-06-30,0
2019-07-31,49800,2019-03-31,1,,,,,,,,,,,,,,,,,,,,,,,,,,,,,,,,,,,60462763,false,false,3,2018-04-01,2018-06-30,-1
2019-07-31,49800,2020-03-31,1,14713000000,-0.003,,,,,958000000,1.413,909000000,0.374,,563000000,,9.29,9.26,,,,,88486000000,48385000000,0.547,798.33,48385000000,,,,,,,,,,,,true,false,3,2019-04-01,2019-06-30,0
2019-07-31,49800,2019-03-31,1,14756000000,-0.229,,,,,397000000,-0.797,661000000,-0.668,,435000000,,7.20,7.13,,,,,,,,,,,,,,,,,,,,,true,false,3,2018-04-01,2018-06-30,-1
2019-07-31,49800,2020-03-31,1,28700000000,-0.055,,,,,1700000000,-0.129,1600000000,-0.290,,1000000000,,16.51,,,,,,,,,,,,,,,,,,,,,,true,true,6,2019-04-01,2019-09-30,0
2019-07-31,49800,2020-03-31,1,58000000000,-0.043,,,,,4100000000,0.101,3750000000,-0.039,,2450000000,,40.46,,,,,,,,,,,,,,,,,,,,,,true,true,12,2019-04-01,2020-03-31,0
2019-07-31,49800,2019-03-31,1,,,,,,,,,,,,,,,,,,,,87586000000,49055000000,0.560,809.40,49055000000,,,,,,,,,,,,true,false,12,2018-04-01,2019-03-31,-1
2019-07-31,49800,2019-03-31,1,,,,,,,,,,,,,,,,,,,,,,,,,,,,,34.00,,,,63817100,3209900,,false,false,12,2018-04-01,2019-03-31,-1
2019-07-31,49800,2020-03-31,1,,,,,,,,,,,,,,,,,,,,,,,,,,,,,34.00,,,,,,,false,true,12,2019-04-01,2020-03-31,0
2019-07-31,49800,2020-03-31,1,,,,,,,,,,,,,,,,,,,,,,,,,,,,,,,,,63817100,3208803,60607848,false,false,3,2019-04-01,2019-06-30,0
2019-07-31,49800,2019-03-31,1,,,,,,,,,,,,,,,,,,,,,,,,,,,,,,,,,,,60462763,false,false,3,2018-04-01,2018-06-30,-1
2019-10-29,49800,2020-03-31,2,29925000000,-0.015,,,,,2827000000,0.448,2911000000,0.292,,2066000000,,34.06,33.95,,,,,89809000000,49720000000,0.554,818.53,49720000000,,,,,,,,,,,,true,false,6,2019-04-01,2019-09-30,0
2019-10-29,49800,2019-03-31,2,30378000000,-0.205,,,,,1952000000,-0.495,2253000000,-0.423,,1463000000,,24.20,23.97,,,,,,,,,,,,,,,,,,,,,true,false,6,2018-04-01,2018-09-30,-1
2019-10-29,49800,2020-03-31,2,58000000000,-0.043,,,,,4100000000,0.101,3750000000,-0.039,,2450000000,,40.46,,,,,,,,,,,,,,,,,,,,,,true,true,12,2019-04-01,2020-03-31,0
2019-10-29,49800,2019-03-31,2,,,,,,,,,,,,,,,,,,,,87586000000,49055000000,0.560,809.40,49055000000,,,,,,,,,,,,true,false,12,2018-04-01,2019-03-31,-1
2019-10-29,49800,2019-03-31,2,,,,,,,,,,,,,,,,,,,,,,,,,,,,,34.00,,,,63817100,3209900,,false,false,12,2018-04-01,2019-03-31,-1
2019-10-29,49800,2020-03-31,2,,,,,,,,,,,,,,,,,,,,,,,,,,,,,17.00,,,,,,,false,false,12,2019-04-01,2020-03-31,0
2019-10-29,49800,2020-03-31,2,,,,,,,,,,,,,,,,,,,,,,,,,,,,,34.00,,,,,,,false,true,12,2019-04-01,2020-03-31,0
2019-10-29,49800,2020-03-31,2,,,,,,,,,,,,,,,,,,,,,,,,,,,,,,,,,63887900,3144603,60641096,false,false,6,2019-04-01,2019-09-30,0
2019-10-29,49800,2019-03-31,2,,,,,,,,,,,,,,,,,,,,,,,,,,,,,,,,,,,60489556,false,false,6,2018-04-01,2018-09-30,-1
2020-01-30,49800,2020-03-31,3,44781000000,-0.058,,,,,4409000000,0.139,4210000000,0.059,,2832000000,,46.67,46.45,,,,,88358000000,49710000000,0.563,818.20,49710000000,,,,,,,,,,,,true,false,9,2019-04-01,2019-12-31,0
2020-01-30,49800,2019-03-31,3,47540000000,-0.147,,,,,3871000000,-0.405,3974000000,-0.371,,2589000000,,42.77,42.40,,,,,,,,,,,,,,,,,,,,,true,false,9,2018-04-01,2018-12-31,-1
2020-01-30,49800,2020-03-31,3,58000000000,-0.043,,,,,4100000000,0.101,3750000000,-0.039,,2450000000,,40.46,,,,,,,,,,,,,,,,,,,,,,true,true,12,2019-04-01,2020-03-31,0
2020-01-30,49800,2019-03-31,3,,,,,,,,,,,,,,,,,,,,87586000000,49055000000,0.560,809.40,49055000000,,,,,,,,,,,,true,false,12,2018-04-01,2019-03-31,-1
2020-01-30,49800,2019-03-31,3,,,,,,,,,,,,,,,,,,,,,,,,,,,,,34.00,,,,63817100,3209900,,false,false,12,2018-04-01,2019-03-31,-1
2020-01-30,49800,2020-03-31,3,,,,,,,,,,,,,,,,,,,,,,,,,,,,,17.00,,,,,,,false,false,12,2019-04-01,2020-03-31,0
2020-01-30,49800,2020-03-31,3,,,,,,,,,,,,,,,,,,,,,,,,,,,,,34.00,,,,,,,false,true,12,2019-04-01,2020-03-31,0
2020-01-30,49800,2020-03-31,3,,,,,,,,,,,,,,,,,,,,,,,,,,,,,,,,,63898400,3143103,60676326,false,false,9,2019-04-01,2019-12-31,0
2020-01-30,49800,2019-03-31,3,,,,,,,,,,,,,,,,,,,,,,,,,,,,,,,,,,,60520664,false,false,9,2018-04-01,2018-12-31,-1
2020-05-12,49800,2020-03-31,,57710000000,-0.047,,,,,4617000000,0.240,4393000000,0.126,,2734000000,,45.05,44.83,0.055,0.051,0.080,,86279000000,49567000000,0.575,814.68,49567000000,9656000000,-3891000000,-3600000000,13779000000,,0.756,,,,,,true,false,12,2019-04-01,2020-03-31,0
2020-05-12,49800,2019-03-31,,60580000000,-0.136,,,,,3724000000,-0.397,3903000000,-0.313,,2284000000,,37.73,37.43,0.046,0.043,0.061,,87586000000,49055000000,0.560,809.40,49055000000,7826000000,-6554000000,-4564000000,11826000000,,0.902,,,,,,true,false,12,2018-04-01,2019-03-31,-1
2020-05-12,49800,2021-03-31,,58000000000,0.005,,,,,4000000000,-0.134,3500000000,-0.203,,700000000,,11.53,,,,,,,,,,,,,,,,2.955,,,,,,true,true,12,2020-04-01,2021-03-31,1
2020-05-12,49800,2019-03-31,,,,,,,,,,,,,,,,,,,,,,,,,,,,,,34.00,,,,63817100,3209900,60540304,false,false,12,2018-04-01,2019-03-31,-1
2020-05-12,49800,2020-03-31,,,,,,,,,,,,,,,,,,,,,,,,,,,,,,34.00,,,,63973800,3131103,60707500,false,false,12,2019-04-01,2020-03-31,0
2020-05-12,49800,2021-03-31,,,,,,,,,,,,,,,,,,,,,,,,,,,,,,34.00,,,,,,,false,true,12,2020-04-01,2021-03-31,1
2020-07-30,49800,2021-03-31,1,13839000000,-0.059,,,,,1256000000,0.311,1241000000,0.365,,776000000,,12.76,12.71,,,,,85024000000,49214000000,0.579,808.66,49214000000,,,,,,,,,,,,true,false,3,2020-04-01,2020-06-30,0
2020-07-30,49800,2020-03-31,1,14713000000,-0.003,,,,,958000000,1.413,909000000,0.374,,563000000,,9.29,9.26,,,,,,,,,,,,,,,,,,,,,true,false,3,2019-04-01,2019-06-30,-1
2020-07-30,49800,2021-03-31,1,58000000000,0.005,,,,,4000000000,-0.134,3500000000,-0.203,,700000000,,11.53,,,,,,,,,,,,,,,,,,,,,,true,true,12,2020-04-01,2021-03-31,0
2020-07-30,49800,2020-03-31,1,,,,,,,,,,,,,,,,,,,,86279000000,49567000000,0.575,814.68,49567000000,,,,,,,,,,,,true,false,12,2019-04-01,2020-03-31,-1
2020-07-30,49800,2020-03-31,1,,,,,,,,,,,,,,,,,,,,,,,,,,,,,34.00,,,,63973800,3131103,,false,false,12,2019-04-01,2020-03-31,-1
2020-07-30,49800,2021-03-31,1,,,,,,,,,,,,,,,,,,,,,,,,,,,,,34.00,,,,,,,false,true,12,2020-04-01,2021-03-31,0
2020-07-30,49800,2021-03-31,1,,,,,,,,,,,,,,,,,,,,,,,,,,,,,,,,,63983800,3124303,60847425,false,false,3,2020-04-01,2020-06-30,0
2020-07-30,49800,2020-03-31,1,,,,,,,,,,,,,,,,,,,,,,,,,,,,,,,,,,,60607848,false,false,3,2019-04-01,2019-06-30,-1
2020-10-29,49800,2021-03-31,2,30744000000,0.027,,,,,4653000000,0.646,4697000000,0.614,,2123000000,,34.89,34.72,,,,,88119000000,50324000000,0.571,827.40,50324000000,,,,,,,,,,,,true,false,6,2020-04-01,2020-09-30,0
2020-10-29,49800,2020-03-31,2,29925000000,-0.015,,,,,2827000000,0.448,2911000000,0.292,,2066000000,,34.06,33.95,,,,,,,,,,,,,,,,,,,,,true,false,6,2019-04-01,2019-09-30,-1
2020-10-29,49800,2021-03-31,2,61000000000,0.057,,,,,7000000000,0.516,6800000000,0.548,,2500000000,,41.18,,,,,,,,,,,,,,,,,,,,,,true,true,12,2020-04-01,2021-03-31,0
2020-10-29,49800,2020-03-31,2,,,,,,,,,,,,,,,,,,,,86279000000,49567000000,0.575,814.68,49567000000,,,,,,,,,,,,true,false,12,2019-04-01,2020-03-31,-1
2020-10-29,49800,2020-03-31,2,,,,,,,,,,,,,,,,,,,,,,,,,,,,,34.00,,,,63973800,3131103,,false,false,12,2019-04-01,2020-03-31,-1
2020-10-29,49800,2021-03-31,2,,,,,,,,,,,,,,,,,,,,,,,,,,,,,17.00,,,,,,,false,false,12,2020-04-01,2021-03-31,0
2020-10-29,49800,2021-03-31,2,,,,,,,,,,,,,,,,,,,,,,,,,,,,,34.00,,,,,,,false,true,12,2020-04-01,2021-03-31,0
2020-10-29,49800,2021-03-31,2,,,,,,,,,,,,,,,,,,,,,,,,,,,,,,,,,64088800,3266903,60869149,false,false,6,2020-04-01,2020-09-30,0
2020-10-29,49800,2020-03-31,2,,,,,,,,,,,,,,,,,,,,,,,,,,,,,,,,,,,60641096,false,false,6,2019-04-01,2019-09-30,-1
2021-02-02,49800,2021-03-31,3,49193000000,0.099,,,,,8585000000,0.947,8275000000,0.965,,4126000000,,67.84,67.46,,,,,92007000000,51196000000,0.556,842.57,51196000000,,,,,,,,,,,,true,false,9,2020-04-01,2020-12-31,0
2021-02-02,49800,2020-03-31,3,44781000000,-0.058,,,,,4409000000,0.139,4210000000,0.059,,2832000000,,46.67,46.45,,,,,,,,,,,,,,,,,,,,,true,false,9,2019-04-01,2019-12-31,-1
2021-02-02,49800,2021-03-31,3,64500000000,0.118,,,,,10000000000,1.166,9500000000,1.162,,4200000000,,69.18,,,,,,,,,,,,,,,,,,,,,,true,true,12,2020-04-01,2021-03-31,0
2021-02-02,49800,2020-03-31,3,,,,,,,,,,,,,,,,,,,,86279000000,49567000000,0.575,814.68,49567000000,,,,,,,,,,,,true,false,12,2019-04-01,2020-03-31,-1
2021-02-02,49800,2020-03-31,3,,,,,,,,,,,,,,,,,,,,,,,,,,,,,34.00,,,,63973800,3131103,,false,false,12,2019-04-01,2020-03-31,-1
2021-02-02,49800,2021-03-31,3,,,,,,,,,,,,,,,,,,,,,,,,,,,,,17.00,,,,,,,false,false,12,2020-04-01,2021-03-31,0
2021-02-02,49800,2021-03-31,3,,,,,,,,,,,,,,,,,,,,,,,,,,,,,34.00,,,,,,,false,true,12,2020-04-01,2021-03-31,0
2021-02-02,49800,2021-03-31,3,,,,,,,,,,,,,,,,,,,,,,,,,,,,,,,,,64140800,3378648,60824342,false,false,9,2020-04-01,2020-12-31,0
2021-02-02,49800,2020-03-31,3,,,,,,,,,,,,,,,,,,,,,,,,,,,,,,,,,,,60676326,false,false,9,2019-04-01,2019-12-31,-1
2021-05-10,49800,2021-03-31,,65830000000,0.141,,,,,11339000000,1.456,10844000000,1.468,,5329000000,,87.60,87.06,0.104,0.120,0.172,,95201000000,53305000000,0.560,874.66,53305000000,13187000000,-2471000000,-4259000000,20531000000,,0.503,,,,,,true,false,12,2020-04-01,2021-03-31,0
2021-05-10,49800,2020-03-31,,57710000000,-0.047,,,,,4617000000,0.240,4393000000,0.126,,2734000000,,45.05,44.83,0.055,0.051,0.080,,86279000000,49567000000,0.575,814.68,49567000000,9656000000,-3891000000,-3600000000,13779000000,,0.756,,,,,,true,false,12,2019-04-01,2020-03-31,-1
2021-05-10,49800,2022-03-31,,72500000000,0.101,,,,,11900000000,0.049,11800000000,0.088,,7000000000,,115.05,,,,,,,,,,,,,,,,0.505,,,,,,true,true,12,2021-04-01,2022-03-31,1
2021-05-10,49800,2021-03-31,,60580000000,0.161,,,,,9139000000,2.366,11207000000,1.965,6253000000,,1.569,,,,,,,88052000000,46166000000,0.524,,46166000000,,,,,44.00,,,,64276700,3332948,60838156,false,false,12,2020-04-01,2021-03-31,0
2021-05-10,49800,2020-03-31,,52181000000,-0.036,,,,,2715000000,0.321,3780000000,0.111,2434000000,,0.135,,,,,,,80563000000,42895000000,0.532,,42895000000,,,,,34.00,,,,63973800,3131103,60707500,false,false,12,2019-04-01,2020-03-31,-1
2021-05-10,49800,2022-03-31,,,,,,,,,,,,,,,,,,,,,,,,,,,,,,58.00,,,,,,,false,true,12,2021-04-01,2022-03-31,1
2021-07-29,49800,2022-03-31,1,20347000000,0.470,,,,,4907000000,2.906,4513000000,2.636,,2965000000,,48.63,48.28,,,,,96484000000,54526000000,0.565,893.63,54526000000,,,,,,,,,,,,true,false,3,2021-04-01,2021-06-30,0
2021-07-29,49800,2021-03-31,1,13839000000,-0.059,,,,,1256000000,0.311,1241000000,0.365,,776000000,,12.76,12.71,,,,,,,,,,,,,,,,,,,,,true,false,3,2020-04-01,2020-06-30,-1
2021-07-29,49800,2022-03-31,1,72500000000,0.101,,,,,11900000000,0.049,11800000000,0.088,,7000000000,,115.05,,,,,,,,,,,,,,,,,,,,,,true,true,12,2021-04-01,2022-03-31,0
2021-07-29,49800,2021-03-31,1,,,,,,,,,,,,,,,,,,,,95201000000,53305000000,0.560,874.66,53305000000,,,,,,,,,,,,true,false,12,2020-04-01,2021-03-31,-1
2021-07-29,49800,2021-03-31,1,,,,,,,,,,,,,,,,,,,,,,,,,,,,,44.00,,,,64276700,3332948,,false,false,12,2020-04-01,2021-03-31,-1
2021-07-29,49800,2022-03-31,1,,,,,,,,,,,,,,,,,,,,,,,,,,,,,58.00,,,,,,,false,true,12,2021-04-01,2022-03-31,0
2021-07-29,49800,2022-03-31,1,,,,,,,,,,,,,,,,,,,,,,,,,,,,,,,,,64346700,3330586,60969843,false,false,3,2021-04-01,2021-06-30,0
2021-07-29,49800,2021-03-31,1,,,,,,,,,,,,,,,,,,,,,,,,,,,,,,,,,,,60847425,false,false,3,2020-04-01,2020-06-30,-1
2021-11-01,4980,2022-03-31,2,44562000000,0.449,,,,,12296000000,1.643,11478000000,1.444,,7700000000,,126.19,125.33,,,,,102172000000,59579000000,0.583,975.20,59579000000,,,,,,,,,,,,true,false,6,2021-04-01,2021-09-30,0
2021-11-01,4980,2021-03-31,2,30744000000,0.027,,,,,4653000000,0.646,4697000000,0.614,,2123000000,,34.89,34.72,,,,,,,,,,,,,,,,,,,,,true,false,6,2020-04-01,2020-09-30,-1
2021-11-01,4980,2022-03-31,2,89000000000,0.352,,,,,21000000000,0.852,19800000000,0.826,,13000000000,,213.68,,,,,,,,,,,,,,,,,,,,,,true,true,12,2021-04-01,2022-03-31,0
2021-11-01,4980,2021-03-31,2,,,,,,,,,,,,,,,,,,,,95201000000,53305000000,0.560,874.66,53305000000,,,,,,,,,,,,true,false,12,2020-04-01,2021-03-31,-1
2021-11-01,4980,2021-03-31,2,,,,,,,,,,,,,,,,,,,,,,,,,,,,,44.00,,,,64276700,3332948,,false,false,12,2020-04-01,2021-03-31,-1
2021-11-01,4980,2022-03-31,2,,,,,,,,,,,,,,,,,,,,,,,,,,,,,30.00,,,,,,,false,false,12,2021-04-01,2022-03-31,0
2021-11-01,4980,2022-03-31,2,,,,,,,,,,,,,,,,,,,,,,,,,,,,,60.00,,,,,,,false,true,12,2021-04-01,2022-03-31,0
2021-11-01,4980,2022-03-31,2,,,,,,,,,,,,,,,,,,,,,,,,,,,,,,,,,64384000,3289509,61019042,false,false,6,2021-04-01,2021-09-30,0
2021-11-01,4980,2021-03-31,2,,,,,,,,,,,,,,,,,,,,,,,,,,,,,,,,,,,60869149,false,false,6,2020-04-01,2020-09-30,-1
2022-02-02,4980,2022-03-31,3,72115000000,0.466,,,,,20713000000,1.413,19336000000,1.337,,12710000000,,208.81,207.37,,,,,106364000000,60245000000,0.566,1000.47,60245000000,,,,,,,,,,,,true,false,9,2021-04-01,2021-12-31,0
2022-02-02,4980,2021-03-31,3,49193000000,0.099,,,,,8585000000,0.947,8275000000,0.965,,4126000000,,67.84,67.46,,,,,,,,,,,,,,,,,,,,,true,false,9,2020-04-01,2020-12-31,-1
2022-02-02,4980,2022-03-31,3,94000000000,0.428,,,,,24500000000,1.161,22400000000,1.066,,14500000000,,238.33,,,,,,,,,,,,,,,,,,,,,,true,true,12,2021-04-01,2022-03-31,0
2022-02-02,4980,2021-03-31,3,,,,,,,,,,,,,,,,,,,,95201000000,53305000000,0.560,874.66,53305000000,,,,,,,,,,,,true,false,12,2020-04-01,2021-03-31,-1
2022-02-02,4980,2021-03-31,3,,,,,,,,,,,,,,,,,,,,,,,,,,,,,44.00,,,,64276700,3332948,,false,false,12,2020-04-01,2021-03-31,-1
2022-02-02,4980,2022-03-31,3,,,,,,,,,,,,,,,,,,,,,,,,,,,,,30.00,,,,,,,false,false,12,2021-04-01,2022-03-31,0
2022-02-02,4980,2022-03-31,3,,,,,,,,,,,,,,,,,,,,,,,,,,,,,60.00,,,,,,,false,true,12,2021-04-01,2022-03-31,0
2022-02-02,4980,2022-03-31,3,,,,,,,,,,,,,,,,,,,,,,,,,,,,,,,,,64428400,4211709,60872403,false,false,9,2021-04-01,2021-12-31,0
2022-02-02,4980,2021-03-31,3,,,,,,,,,,,,,,,,,,,,,,,,,,,,,,,,,,,60824342,false,false,9,2020-04-01,2020-12-31,-1
2022-05-10,4980,2022-03-31,,95712000000,0.454,,,,,26642000000,1.350,25023000000,1.308,,16669000000,,274.61,272.78,0.285,0.225,0.278,,127410000000,64140000000,0.500,1063.24,63735000000,25804000000,-12434000000,-5783000000,29363000000,,0.218,,,,,,true,false,12,2021-04-01,2022-03-31,0
2022-05-10,4980,2021-03-31,,65830000000,0.141,,,,,11339000000,1.456,10844000000,1.468,,5329000000,,87.60,87.06,0.104,0.120,0.172,,95201000000,53305000000,0.560,874.66,53305000000,13187000000,-2471000000,-4259000000,20531000000,,0.503,,,,,,true,false,12,2020-04-01,2021-03-31,-1
2022-05-10,4980,2023-03-31,,110000000000,0.149,,,,,31000000000,0.164,29600000000,0.183,,20000000000,,329.48,,,,,,,,,,,,,,,,0.197,,,,,,true,true,12,2022-04-01,2023-03-31,1
2022-05-10,4980,2022-03-31,,88189000000,0.456,,,,,22405000000,1.451,22918000000,1.045,14579000000,,1.331,,,,,,,111751000000,53497000000,0.479,,53497000000,,,,,60.00,,,,64493400,4548709,60700276,false,false,12,2021-04-01,2022-03-31,0
2022-05-10,4980,2021-03-31,,60580000000,0.161,,,,,9139000000,2.366,11207000000,1.965,6253000000,,1.569,,,,,,,88052000000,46166000000,0.524,,46166000000,,,,,44.00,,,,64276700,3332948,60838156,false,false,12,2020-04-01,2021-03-31,-1
2022-05-10,4980,2023-03-31,,,,,,,,,,,,,,,,,,,,,,,,,,,,,,65.00,,,,,,,false,true,12,2022-04-01,2023-03-31,1
2022-07-28,4980,2023-03-31,1,26775000000,0.316,,,,,8347000000,0.701,7260000000,0.609,,4664000000,,78.13,77.69,,,,,118712000000,63976000000,0.535,1076.72,63544000000,,,,,,,,,,,,true,false,3,2022-04-01,2022-06-30,0
2022-07-28,4980,2022-03-31,1,20347000000,0.470,,,,,4907000000,2.906,4513000000,2.636,,2965000000,,48.63,48.28,,,,,,,,,,,,,,,,,,,,,true,false,3,2021-04-01,2021-06-30,-1
2022-07-28,4980,2023-03-31,1,110000000000,0.149,,,,,31000000000,0.164,29600000000,0.183,,20000000000,,329.48,,,,,,,,,,,,,,,,,,,,,,true,true,12,2022-04-01,2023-03-31,0
2022-07-28,4980,2022-03-31,1,,,,,,,,,,,,,,,,,,,,127410000000,64140000000,0.500,1063.24,63735000000,,,,,,,,,,,,true,false,12,2021-04-01,2022-03-31,-1
2022-07-28,4980,2022-03-31,1,,,,,,,,,,,,,,,,,,,,,,,,,,,,,60.00,,,,64493400,4548709,,false,false,12,2021-04-01,2022-03-31,-1
2022-07-28,4980,2023-03-31,1,,,,,,,,,,,,,,,,,,,,,,,,,,,,,65.00,,,,,,,false,true,12,2022-04-01,2023-03-31,0
2022-07-28,4980,2023-03-31,1,,,,,,,,,,,,,,,,,,,,,,,,,,,,,,,,,64519400,5503329,59702350,false,false,3,2022-04-01,2022-06-30,0
2022-07-28,4980,2022-03-31,1,,,,,,,,,,,,,,,,,,,,,,,,,,,,,,,,,,,60969843,false,false,3,2021-04-01,2021-06-30,-1
2022-10-31,4980,2023-03-31,2,58197000000,0.306,,,,,19678000000,0.600,18549000000,0.616,,12468000000,,209.40,208.25,,,,,125519000000,72557000000,0.575,1211.56,72112000000,,,,,,,,,,,,true,false,6,2022-04-01,2022-09-30,0
2022-10-31,4980,2022-03-31,2,44562000000,0.449,,,,,12296000000,1.643,11478000000,1.444,,7700000000,,126.19,125.33,,,,,,,,,,,,,,,,,,,,,true,false,6,2021-04-01,2021-09-30,-1
2022-10-31,4980,2023-03-31,2,110000000000,0.149,,,,,35000000000,0.314,32300000000,0.291,,22000000000,,362.43,,,,,,,,,,,,,,,,,,,,,,true,true,12,2022-04-01,2023-03-31,0
2022-10-31,4980,2022-03-31,2,,,,,,,,,,,,,,,,,,,,127410000000,64140000000,0.500,1063.24,63735000000,,,,,,,,,,,,true,false,12,2021-04-01,2022-03-31,-1
2022-10-31,4980,2022-03-31,2,,,,,,,,,,,,,,,,,,,,,,,,,,,,,60.00,,,,64493400,4548709,,false,false,12,2021-04-01,2022-03-31,-1
2022-10-31,4980,2023-03-31,2,,,,,,,,,,,,,,,,,,,,,,,,,,,,,30.00,,,,,,,false,false,12,2022-04-01,2023-03-31,0
2022-10-31,4980,2023-03-31,2,,,,,,,,,,,,,,,,,,,,,,,,,,,,,65.00,,,,,,,false,true,12,2022-04-01,2023-03-31,0
2022-10-31,4980,2023-03-31,2,,,,,,,,,,,,,,,,,,,,,,,,,,,,,,,,,64539000,5019129,59544619,false,false,6,2022-04-01,2022-09-30,0
2022-10-31,4980,2022-03-31,2,,,,,,,,,,,,,,,,,,,,,,,,,,,,,,,,,,,61019042,false,false,6,2021-04-01,2021-09-30,-1
2023-02-01,4980,2023-03-31,3,87227000000,0.210,,,,,29300000000,0.415,27214000000,0.407,,18646000000,,314.25,312.56,,,,,125762000000,72018000000,0.566,1227.77,71149000000,,,,,,,,,,,,true,false,9,2022-04-01,2022-12-31,0
2023-02-01,4980,2022-03-31,3,72115000000,0.466,,,,,20713000000,1.413,19336000000,1.337,,12710000000,,208.81,207.37,,,,,,,,,,,,,,,,,,,,,true,false,9,2021-04-01,2021-12-31,-1
2023-02-01,4980,2023-03-31,3,105000000000,0.097,,,,,31000000000,0.164,29200000000,0.167,,20000000000,,329.48,,,,,,,,,,,,,,,,,,,,,,true,true,12,2022-04-01,2023-03-31,0
2023-02-01,4980,2022-03-31,3,,,,,,,,,,,,,,,,,,,,128785000000,64576000000,0.495,1063.24,63735000000,,,,,,,,,,,,true,false,12,2021-04-01,2022-03-31,-1
2023-02-01,4980,2022-03-31,3,,,,,,,,,,,,,,,,,,,,,,,,,,,,,60.00,,,,64493400,4548709,,false,false,12,2021-04-01,2022-03-31,-1
2023-02-01,4980,2023-03-31,3,,,,,,,,,,,,,,,,,,,,,,,,,,,,,30.00,,,,,,,false,false,12,2022-04-01,2023-03-31,0
2023-02-01,4980,2023-03-31,3,,,,,,,,,,,,,,,,,,,,,,,,,,,,,65.00,,,,,,,false,true,12,2022-04-01,2023-03-31,0
2023-02-01,4980,2023-03-31,3,,,,,,,,,,,,,,,,,,,,,,,,,,,,,,,,,64539000,6589229,59336426,false,false,9,2022-04-01,2022-12-31,0
2023-02-01,4980,2022-03-31,3,,,,,,,,,,,,,,,,,,,,,,,,,,,,,,,,,,,60872403,false,false,9,2021-04-01,2021-12-31,-1
2023-05-10,4980,2023-03-31,,106167000000,0.109,,,,,32288000000,0.212,30174000000,0.206,,20685000000,,350.62,348.78,0.303,0.237,0.304,,126379000000,73774000000,0.577,1257.14,72896000000,21339000000,-9447000000,-12535000000,29286000000,,0.185,,,,,,true,false,12,2022-04-01,2023-03-31,0
2023-05-10,4980,2022-03-31,,95712000000,0.454,,,,,26642000000,1.350,25023000000,1.308,,16669000000,,274.61,272.78,0.285,0.223,0.278,,128785000000,64576000000,0.495,1063.24,63735000000,25804000000,-12434000000,-5783000000,29363000000,,0.218,,,,,,true,false,12,2021-04-01,2022-03-31,-1
2023-05-10,4980,2024-03-31,,100000000000,-0.058,,,,,25000000000,-0.226,26300000000,-0.128,,18000000000,,305.09,,,,,,,,,,,,,,,,0.246,,,,,,true,true,12,2023-04-01,2024-03-31,1
2023-05-10,4980,2023-03-31,,94003000000,0.066,,,,,28495000000,0.272,26447000000,0.154,18274000000,,0.253,,,,,,,108399000000,59935000000,0.553,,59935000000,,,,,65.00,,,,64575000,6589029,58997371,false,false,12,2022-04-01,2023-03-31,0
2023-05-10,4980,2022-03-31,,88189000000,0.456,,,,,22405000000,1.451,22918000000,1.045,14579000000,,1.331,,,,,,,111751000000,53497000000,0.479,,53497000000,,,,,60.00,,,,64493400,4548709,60700276,false,false,12,2021-04-01,2022-03-31,-1
2023-05-10,4980,2024-03-31,,,,,,,,,,,,,,,,,,,,,,,,,,,,,,75.00,,,,,,,false,true,12,2023-04-01,2024-03-31,1
2023-07-31,4980,2024-03-31,1,20858000000,-0.221,,,,,4864000000,-0.414,4665000000,-0.354,,3224000000,,55.60,55.35,,,,,124688000000,74395000000,0.590,1267.90,73528000000,,,,,,,,,,,,true,false,3,2023-04-01,2023-06-30,0
2023-07-31,4980,2023-03-31,1,26775000000,0.316,,,,,8303000000,0.692,7216000000,0.599,,4660000000,,78.05,77.62,,,,,,,,,,,,,,,,,,,,,true,false,3,2022-04-01,2022-06-30,-1
2023-07-31,4980,2024-03-31,1,100000000000,-0.058,,,,,25000000000,-0.226,26300000000,-0.128,,18000000000,,305.09,,,,,,,,,,,,,,,,,,,,,,true,true,12,2023-04-01,2024-03-31,0
2023-07-31,4980,2023-03-31,1,,,,,,,,,,,,,,,,,,,,126379000000,73774000000,0.577,1257.14,72896000000,,,,,,,,,,,,true,false,12,2022-04-01,2023-03-31,-1
2023-07-31,4980,2023-03-31,1,,,,,,,,,,,,,,,,,,,,,,,,,,,,,65.00,,,,64575000,6589029,,false,false,12,2022-04-01,2023-03-31,-1
2023-07-31,4980,2024-03-31,1,,,,,,,,,,,,,,,,,,,,,,,,,,,,,75.00,,,,,,,false,true,12,2023-04-01,2024-03-31,0
2023-07-31,4980,2024-03-31,1,,,,,,,,,,,,,,,,,,,,,,,,,,,,,,,,,61029400,3037721,57987315,false,false,3,2023-04-01,2023-06-30,0
2023-07-31,4980,2023-03-31,1,,,,,,,,,,,,,,,,,,,,,,,,,,,,,,,,,,,59702350,false,false,3,2022-04-01,2022-06-30,-1
2023-11-01,4980,2024-03-31,2,49595000000,-0.148,,,,,15045000000,-0.232,13569000000,-0.265,,9475000000,,163.31,162.62,,,,,129430000000,81678000000,0.624,1391.19,80814000000,,,,,,,,,,,,true,false,6,2023-04-01,2023-09-30,0
2023-11-01,4980,2023-03-31,2,58197000000,0.306,,,,,19590000000,0.593,18461000000,0.608,,12460000000,,209.25,208.10,,,,,,,,,,,,,,,,,,,,,true,false,6,2022-04-01,2022-09-30,-1
2023-11-01,4980,2024-03-31,2,100000000000,-0.058,,,,,25000000000,-0.226,26300000000,-0.128,,18000000000,,305.09,,,,,,,,,,,,,,,,,,,,,,true,true,12,2023-04-01,2024-03-31,0
2023-11-01,4980,2023-03-31,2,,,,,,,,,,,,,,,,,,,,126379000000,73774000000,0.577,1257.14,72896000000,,,,,,,,,,,,true,false,12,2022-04-01,2023-03-31,-1
2023-11-01,4980,2023-03-31,2,,,,,,,,,,,,,,,,,,,,,,,,,,,,,65.00,,,,64575000,6589029,,false,false,12,2022-04-01,2023-03-31,-1
2023-11-01,4980,2024-03-31,2,,,,,,,,,,,,,,,,,,,,,,,,,,,,,35.00,,,,,,,false,false,12,2023-04-01,2024-03-31,0
2023-11-01,4980,2024-03-31,2,,,,,,,,,,,,,,,,,,,,,,,,,,,,,75.00,,,,,,,false,true,12,2023-04-01,2024-03-31,0
2023-11-01,4980,2024-03-31,2,,,,,,,,,,,,,,,,,,,,,,,,,,,,,,,,,61113400,3023311,58020603,false,false,6,2023-04-01,2023-09-30,0
2023-11-01,4980,2023-03-31,2,,,,,,,,,,,,,,,,,,,,,,,,,,,,,,,,,,,59544619,false,false,6,2022-04-01,2022-09-30,-1
2024-02-05,4980,2024-03-31,3,80717000000,-0.075,,,,,26658000000,-0.090,23352000000,-0.142,,16843000000,,290.14,289.00,,,,,135074000000,84994000000,0.629,1461.68,84994000000,,,,,,,,,,,,true,false,9,2023-04-01,2023-12-31,0
2024-02-05,4980,2023-03-31,3,87227000000,0.210,,,,,29300000000,0.415,27214000000,0.407,,18646000000,,314.25,312.56,,,,,,,,,,,,,,,,,,,,,true,false,9,2022-04-01,2022-12-31,-1
2024-02-05,4980,2024-03-31,3,103500000000,-0.025,,,,,32000000000,-0.009,28000000000,-0.072,,20000000000,,338.99,,,,,,,,,,,,,,,,,,,,,,true,true,12,2023-04-01,2024-03-31,0
2024-02-05,4980,2023-03-31,3,,,,,,,,,,,,,,,,,,,,126379000000,73774000000,0.577,1257.14,72896000000,,,,,,,,,,,,true,false,12,2022-04-01,2023-03-31,-1
2024-02-05,4980,2023-03-31,3,,,,,,,,,,,,,,,,,,,,,,,,,,,,,65.00,,,,64575000,6589029,,false,false,12,2022-04-01,2023-03-31,-1
2024-02-05,4980,2024-03-31,3,,,,,,,,,,,,,,,,,,,,,,,,,,,,,35.00,,,,,,,false,false,12,2023-04-01,2024-03-31,0
2024-02-05,4980,2024-03-31,3,,,,,,,,,,,,,,,,,,,,,,,,,,,,,100.00,,,,,,,false,true,12,2023-04-01,2024-03-31,0
2024-02-05,4980,2024-03-31,3,,,,,,,,,,,,,,,,,,,,,,,,,,,,,,,,,61170500,3022411,58051772,false,false,9,2023-04-01,2023-12-31,0
2024-02-05,4980,2023-03-31,3,,,,,,,,,,,,,,,,,,,,,,,,,,,,,,,,,,,59336426,false,false,9,2022-04-01,2022-12-31,-1
2024-05-13,4980,2024-03-31,,105198000000,-0.009,,,,,33421000000,0.035,30028000000,-0.005,,21382000000,,368.71,367.38,0.271,0.227,0.318,,138016000000,84953000000,0.616,1485.96,84953000000,27457000000,-10866000000,-10343000000,37410000000,,0.271,,,,,,true,false,12,2023-04-01,2024-03-31,0
2024-05-13,4980,2023-03-31,,106167000000,0.109,,,,,32288000000,0.212,30174000000,0.206,,20685000000,,350.62,348.78,0.303,0.237,0.304,,126379000000,73774000000,0.577,1257.14,72896000000,21339000000,-9447000000,-12535000000,29286000000,,0.185,,,,,,true,false,12,2022-04-01,2023-03-31,-1
2024-05-13,4980,2025-03-31,,107000000000,,,,,,,,,,,23000000000,,132.20,,,,,,,,,,,,,,,,0.393,,,,,,true,true,12,2024-04-01,2025-03-31,1
2024-05-13,4980,2024-03-31,,93645000000,-0.004,,,,,29753000000,0.044,27083000000,0.024,19401000000,,0.062,,,,,,,119627000000,69199000000,0.579,,69199000000,,,,,100.00,,,,60192200,3021311,57991889,false,false,12,2023-04-01,2024-03-31,0
2024-05-13,4980,2023-03-31,,94003000000,0.066,,,,,28495000000,0.272,26447000000,0.154,18274000000,,0.253,,,,,,,108399000000,59935000000,0.553,,59935000000,,,,,65.00,,,,64575000,6589029,58997371,false,false,12,2022-04-01,2023-03-31,-1
2024-05-13,4980,2025-03-31,,,,,,,,,,,,,,,,,,,,,,,,,,,,,,26.00,,,,,,,false,true,12,2024-04-01,2025-03-31,1
2024-08-07,4980,2025-03-31,1,27176000000,0.303,,,,,9773000000,0.815,,,,6689000000,,116.95,116.72,,,,,140760000000,,,,,,,,,,,,,,,,true,false,3,2024-04-01,2024-06-30,0
2024-08-07,4980,2024-03-31,1,20858000000,,,,,,5385000000,,,,,3684000000,,63.54,63.25,,,,,,,,,,,,,,,,,,,,,true,false,3,2023-04-01,2023-06-30,-1
2024-08-07,4980,2025-03-31,1,107000000000,0.017,,,,,,,,,,23000000000,,132.20,,,,,,,,,,,,,,,,,,,,,,true,true,12,2024-04-01,2025-03-31,0
2024-08-07,4980,2024-03-31,1,,,,,,,,,,,,,,,,,,,,140373000000,,,,,,,,,,,,,,,,true,false,12,2023-04-01,2024-03-31,-1
2024-08-07,4980,2024-03-31,1,,,,,,,,,,,,,,,,,,,,,,,,,,,,,100.00,,,,60192200,3021311,,false,false,12,2023-04-01,2024-03-31,-1
2024-08-07,4980,2025-03-31,1,,,,,,,,,,,,,,,,,,,,,,,,,,,,,26.00,,,,,,,false,true,12,2024-04-01,2025-03-31,0
2024-08-07,4980,2025-03-31,1,,,,,,,,,,,,,,,,,,,,,,,,,,,,,,,,,60214200,3012045,57195565,false,false,3,2024-04-01,2024-06-30,0
2024-08-07,4980,2024-03-31,1,,,,,,,,,,,,,,,,,,,,,,,,,,,,,,,,,,,57987315,false,false,3,2023-04-01,2023-06-30,-1
2024-11-13,4980,2025-03-31,2,59635000000,0.202,,,,,23319000000,0.570,,,,15856000000,,92.27,88.17,,,,,161102000000,,,,,,,,,,,,,,,,true,false,6,2024-04-01,2024-09-30,0
2024-11-13,4980,2024-03-31,2,49595000000,,,,,,14853000000,,,,,10398000000,,59.73,56.81,,,,,,,,,,,,,,,,,,,,,true,false,6,2023-04-01,2023-09-30,-1
2024-11-13,4980,2025-03-31,2,107000000000,0.017,,,,,,,,,,23000000000,,132.20,,,,,,,,,,,,,,,,,,,,,,true,true,12,2024-04-01,2025-03-31,0
2024-11-13,4980,2024-03-31,2,,,,,,,,,,,,,,,,,,,,140373000000,,,,,,,,,,,,,,,,true,false,12,2023-04-01,2024-03-31,-1
2024-11-13,4980,2024-03-31,2,,,,,,,,,,,,,,,,,,,,,,,,,,,,,100.00,,,,180576600,9063933,,false,false,12,2023-04-01,2024-03-31,-1
2024-11-13,4980,2025-03-31,2,,,,,,,,,,,,,,,,,,,,,,,,,,,,,78.00,,,,,,,false,false,12,2024-04-01,2025-03-31,0
2024-11-13,4980,2025-03-31,2,,,,,,,,,,,,,,,,,,,,,,,,,,,,,26.00,,,,,,,false,true,12,2024-04-01,2025-03-31,0
2024-11-13,4980,2025-03-31,2,,,,,,,,,,,,,,,,,,,,,,,,,,,,,,,,,180672600,8402493,171837606,false,false,6,2024-04-01,2024-09-30,0
2024-11-13,4980,2024-03-31,2,,,,,,,,,,,,,,,,,,,,,,,,,,,,,,,,,,,174061809,false,false,6,2023-04-01,2023-09-30,-1
2025-02-12,4980,2025-03-31,3,87163000000,0.080,,,,,32848000000,0.243,,,,23356000000,,135.97,130.03,,,,,161040000000,,,,,,,,,,,,,,,,true,false,9,2024-04-01,2024-12-31,0
2025-02-12,4980,2024-03-31,3,80717000000,,,,,,26424000000,,,,,18490000000,,106.17,101.01,,,,,,,,,,,,,,,,,,,,,true,false,9,2023-04-01,2023-12-31,-1
2025-02-12,4980,2025-03-31,3,110000000000,0.046,,,,,,,,,,27000000000,,155.19,,,,,,,,,,,,,,,,,,,,,,true,true,12,2024-04-01,2025-03-31,0
2025-02-12,4980,2024-03-31,3,,,,,,,,,,,,,,,,,,,,140373000000,,,,,,,,,,,,,,,,true,false,12,2023-04-01,2024-03-31,-1
2025-02-12,4980,2024-03-31,3,,,,,,,,,,,,,,,,,,,,,,,,,,,,,100.00,,,,180576600,9063933,,false,false,12,2023-04-01,2024-03-31,-1
2025-02-12,4980,2025-03-31,3,,,,,,,,,,,,,,,,,,,,,,,,,,,,,78.00,,,,,,,false,false,12,2024-04-01,2025-03-31,0
2025-02-12,4980,2025-03-31,3,,,,,,,,,,,,,,,,,,,,,,,,,,,,,32.00,,,,,,,false,true,12,2024-04-01,2025-03-31,0
2025-02-12,4980,2025-03-31,3,,,,,,,,,,,,,,,,,,,,,,,,,,,,,,,,,180672600,10417561,171777063,false,false,9,2024-04-01,2024-12-31,0
2025-02-12,4980,2024-03-31,3,,,,,,,,,,,,,,,,,,,,,,,,,,,,,,,,,,,174155316,false,false,9,2023-04-01,2023-12-31,-1
2025-05-12,4980,2025-03-31,,110390000000,0.049,,,,,39735000000,0.246,,,,27737000000,,162.04,155.02,,,,,151821000000,,,,,40433000000,-22316000000,-21286000000,,,0.358,,,,,,true,false,12,2024-04-01,2025-03-31,0
2025-05-12,4980,2024-03-31,,105198000000,,,,,,31884000000,,,,,22575000000,,129.76,123.49,,,,,140373000000,,,,,28398000000,-11269000000,-10734000000,,,0.257,,,,,,true,false,12,2023-04-01,2024-03-31,-1
2025-05-12,4980,2026-03-31,,103500000000,-0.062,,,,,28000000000,-0.295,,,,20500000000,,120.25,,,,,,,,,,,,,,,,0.482,,,,,,true,true,12,2025-04-01,2026-03-31,1
2025-05-12,4980,2025-03-31,,104394000000,0.115,,,,,34877000000,0.172,43304000000,0.599,34747000000,,0.791,202.99,202.96,,,,,140512000000,86277000000,0.614,513.42,86277000000,,,,,32.00,,,,176418500,8375061,171171500,false,false,12,2024-04-01,2025-03-31,0
2025-05-12,4980,2024-03-31,,93645000000,-0.004,,,,,29753000000,0.044,27083000000,0.024,19401000000,,0.062,111.51,111.11,,,,,119627000000,69199000000,0.579,403.46,69199000000,,,,,100.00,,,,180576600,9063933,173975667,false,false,12,2023-04-01,2024-03-31,-1
2025-05-12,4980,2026-03-31,,,,,,,,,,,,,,,,,,,,,,,,,,,,,,58.00,,,,,,,false,true,12,2025-04-01,2026-03-31,1
2025-08-05,4980,2026-03-31,1,26140000000,-0.038,,,,,7985000000,-0.183,,,,5565000000,,33.14,31.70,,,,,154993000000,,,,,,,,,,,,,,,,true,false,3,2025-04-01,2025-06-30,0
2025-08-05,4980,2025-03-31,1,27176000000,0.303,,,,,9773000000,0.815,,,,6689000000,,38.98,38.96,,,,,,,,,,,,,,,,,,,,,true,false,3,2024-04-01,2024-06-30,-1
2025-08-05,4980,2026-03-31,1,103500000000,-0.062,,,,,28000000000,-0.295,,,,20500000000,,120.25,,,,,,,,,,,,,,,,,,,,,,true,true,12,2025-04-01,2026-03-31,0
2025-08-05,4980,2025-03-31,1,,,,,,,,,,,,,,,,,,,,151821000000,,,,,,,,,,,,,,,,true,false,12,2024-04-01,2025-03-31,-1
2025-08-05,4980,2025-03-31,1,,,,,,,,,,,,,,,,,,,,,,,,,,,,,32.00,,,,176418500,8375061,,false,false,12,2024-04-01,2025-03-31,-1
2025-08-05,4980,2026-03-31,1,,,,,,,,,,,,,,,,,,,,,,,,,,,,,58.00,,,,,,,false,true,12,2025-04-01,2026-03-31,0
2025-08-05,4980,2026-03-31,1,,,,,,,,,,,,,,,,,,,,,,,,,,,,,,,,,176418500,8794661,167917593,false,false,3,2025-04-01,2025-06-30,0
2025-08-05,4980,2025-03-31,1,,,,,,,,,,,,,,,,,,,,,,,,,,,,,,,,,,,171586695,false,false,3,2024-04-01,2024-06-30,-1
