filing_date,code,fiscal_year_end,quarterly_period,net_sales,net_sales_change,revenue,revenue_change,operating_revenue,operating_revenue_change,operating_profit,operating_profit_change,ordinary_profit,ordinary_profit_change,net_income,net_income_of_parent,net_income_change,eps,diluted_eps,roe,roa,operating_profit_to_net_sales,operating_profit_to_revenue,total_assets,net_assets,equity_ratio,bps,owner_equity,operating_cash_flow,investing_cash_flow,financing_cash_flow,cash,dividend_per_share,payout_ratio,commemorative_dividend,extra_dividend,number_of_shares,number_of_treqsury_shares,avg_number_of_shares,is_consolidated,is_forecast,duration,period_start,period_end,period_pos
2015-05-14,50090,2015-03-31,,79149000000,-0.212,,,,,496000000,-0.166,588000000,-0.136,433000000,,-0.059,49.58,,0.051,0.030,0.006,,16301000000,8642000000,0.530,988.97,8642000000,358000000,1230000000,-230000000,3817000000,,0.323,,,,,,true,false,12,2014-04-01,2015-03-31,0
2015-05-14,50090,2014-03-31,,100395000000,0.050,,,,,595000000,-0.305,680000000,-0.285,460000000,,-0.611,52.69,,0.057,0.031,0.006,,22341000000,8244000000,0.369,943.45,8244000000,950000000,-2015000000,-270000000,2458000000,,0.304,,,,,,true,false,12,2013-04-01,2014-03-31,-1
2015-05-14,50090,2016-03-31,,28000000000,-0.275,,,,,50000000,,100000000,,50000000,,,5.72,,,,,,,,,,,,,,,,,,,,,,true,true,6,2015-04-01,2015-09-30,1
2015-05-14,50090,2016-03-31,,67000000000,-0.154,,,,,500000000,0.007,550000000,-0.065,400000000,,-0.077,45.77,,,,,,,,,,,,,,,,0.262,,,,,,true,true,12,2015-04-01,2016-03-31,1
2015-05-14,50090,2015-03-31,,76810000000,-0.217,,,,,287000000,-0.280,453000000,-0.195,337000000,,-0.131,38.59,,,,,,14684000000,7492000000,0.510,857.36,7492000000,,,,,16.00,,,,8743907,4929,8738983,false,false,12,2014-04-01,2015-03-31,0
2015-05-14,50090,2014-03-31,,98153000000,0.049,,,,,399000000,-0.417,562000000,-0.339,388000000,,-0.649,44.41,,,,,,20756000000,7190000000,0.346,822.83,7190000000,,,,,16.00,,,,8743907,4888,8739096,false,false,12,2013-04-01,2014-03-31,-1
2015-05-14,50090,2016-03-31,,27000000000,-0.281,,,,,0,,150000000,,100000000,,,11.44,,,,,,,,,,,,,,,,,,,,,,false,true,6,2015-04-01,2015-09-30,1
2015-05-14,50090,2016-03-31,,64000000000,-0.167,,,,,300000000,0.042,450000000,-0.007,350000000,,0.038,40.05,,,,,,,,,,,,,,,12.00,,,,,,,false,true,12,2015-04-01,2016-03-31,1
2015-07-30,50090,2016-03-31,1,12471000000,-0.314,,,,,44000000,,78000000,,51000000,,,5.91,,,,,,14964000000,8593000000,0.574,,8593000000,,,,,,,,,,,,true,false,3,2015-04-01,2015-06-30,0
2015-07-30,50090,2015-03-31,1,18193000000,-0.158,,,,,-117000000,,-85000000,,-54000000,,,-6.21,,,,,,,,,,,,,,,,,,,,,,true,false,3,2014-04-01,2014-06-30,-1
2015-07-30,50090,2016-03-31,1,28000000000,-0.275,,,,,50000000,,100000000,,50000000,,,5.72,,,,,,,,,,,,,,,,,,,,,,true,true,6,2015-04-01,2015-09-30,0
2015-07-30,50090,2016-03-31,1,67000000000,-0.154,,,,,500000000,0.007,550000000,-0.065,400000000,,-0.077,45.77,,,,,,,,,,,,,,,,,,,,,,true,true,12,2015-04-01,2016-03-31,0
2015-07-30,50090,2015-03-31,1,,,,,,,,,,,,,,,,,,,,16301000000,8642000000,0.530,,8642000000,,,,,,,,,,,,true,false,12,2014-04-01,2015-03-31,-1
2015-07-30,50090,2015-03-31,1,,,,,,,,,,,,,,,,,,,,,,,,,,,,,16.00,,,,8743907,4929,,false,false,12,2014-04-01,2015-03-31,-1
2015-07-30,50090,2016-03-31,1,,,,,,,,,,,,,,,,,,,,,,,,,,,,,12.00,,,,,,,false,true,12,2015-04-01,2016-03-31,0
2015-07-30,50090,2016-03-31,1,,,,,,,,,,,,,,,,,,,,,,,,,,,,,,,,,8743907,4929,8738978,false,false,3,2015-04-01,2015-06-30,0
2015-07-30,50090,2015-03-31,1,,,,,,,,,,,,,,,,,,,,,,,,,,,,,,,,,,,8738994,false,false,3,2014-04-01,2014-06-30,-1
2015-10-29,50090,2016-03-31,2,24207000000,-0.374,,,,,-89000000,,-34000000,,,-52000000,,-6.06,,,,,,14678000000,8433000000,0.575,,8433000000,,,,,,,,,,,,true,false,6,2015-04-01,2015-09-30,0
2015-10-29,50090,2015-03-31,2,38646000000,-0.067,,,,,-91000000,,-37000000,,,-17000000,,-1.98,,,,,,,,,,,,,,,,,,,,,,true,false,6,2014-04-01,2014-09-30,-1
2015-10-29,50090,2016-03-31,2,67000000000,-0.154,,,,,500000000,-0.007,550000000,-0.065,,400000000,,45.77,,,,,,,,,,,,,,,,,,,,,,true,true,12,2015-04-01,2016-03-31,0
2015-10-29,50090,2015-03-31,2,,,,,,,,,,,,,,,,,,,,16301000000,8642000000,0.530,,8642000000,,,,,,,,,,,,true,false,12,2014-04-01,2015-03-31,-1
2015-10-29,50090,2015-03-31,2,,,,,,,,,,,,,,,,,,,,,,,,,,,,,16.00,,,,8743907,4929,,false,false,12,2014-04-01,2015-03-31,-1
2015-10-29,50090,2016-03-31,2,,,,,,,,,,,,,,,,,,,,,,,,,,,,,0.00,,,,,,,false,false,12,2015-04-01,2016-03-31,0
2015-10-29,50090,2016-03-31,2,,,,,,,,,,,,,,,,,,,,,,,,,,,,,12.00,,,,,,,false,true,12,2015-04-01,2016-03-31,0
2015-10-29,50090,2016-03-31,2,,,,,,,,,,,,,,,,,,,,,,,,,,,,,,,,,8743907,5078,8738956,false,false,6,2015-04-01,2015-09-30,0
2015-10-29,50090,2015-03-31,2,,,,,,,,,,,,,,,,,,,,,,,,,,,,,,,,,,,8738988,false,false,6,2014-04-01,2014-09-30,-1
2015-10-29,50090,2016-03-31,,24207000000,-0.135,,,,,-89000000,,-34000000,,,-52000000,,-6.06,,,,,,,,,,,,,,,,,,,,,,true,true,6,2015-04-01,2015-09-30,0
2015-10-29,50090,2015-03-31,,38646000000,,,,,,-91000000,,-37000000,,,-17000000,,-1.98,,,,,,,,,,,,,,,,,,,,,,true,false,6,2014-04-01,2014-09-30,-1
2015-10-29,50090,2016-03-31,,23135000000,-0.143,,,,,-171000000,,-30000000,,-47000000,,,-5.40,,,,,,,,,,,,,,,,,,,,,,false,true,6,2015-04-01,2015-09-30,0
2015-10-29,50090,2015-03-31,,37536000000,,,,,,-174000000,,-48000000,,-20000000,,,-2.32,,,,,,,,,,,,,,,,,,,,,,false,false,6,2014-04-01,2014-09-30,-1
2016-02-04,50090,2016-03-31,3,38597000000,-0.388,,,,,263000000,,341000000,4.167,,179000000,,20.52,,,,,,16551000000,8525000000,0.515,,8525000000,,,,,,,,,,,,true,false,9,2015-04-01,2015-12-31,0
2016-02-04,50090,2015-03-31,3,63022000000,-0.097,,,,,-6000000,,66000000,-0.806,,63000000,,7.27,,,,,,,,,,,,,,,,,,,,,,true,false,9,2014-04-01,2014-12-31,-1
2016-02-04,50090,2016-03-31,3,67000000000,-0.154,,,,,500000000,0.007,550000000,-0.065,,400000000,,45.77,,,,,,,,,,,,,,,,,,,,,,true,true,12,2015-04-01,2016-03-31,0
2016-02-04,50090,2015-03-31,3,,,,,,,,,,,,,,,,,,,,16301000000,8642000000,0.530,,8642000000,,,,,,,,,,,,true,false,12,2014-04-01,2015-03-31,-1
2016-02-04,50090,2015-03-31,3,,,,,,,,,,,,,,,,,,,,,,,,,,,,,16.00,,,,8743907,4929,,false,false,12,2014-04-01,2015-03-31,-1
2016-02-04,50090,2016-03-31,3,,,,,,,,,,,,,,,,,,,,,,,,,,,,,0.00,,,,,,,false,false,12,2015-04-01,2016-03-31,0
2016-02-04,50090,2016-03-31,3,,,,,,,,,,,,,,,,,,,,,,,,,,,,,12.00,,,,,,,false,true,12,2015-04-01,2016-03-31,0
2016-02-04,50090,2016-03-31,3,,,,,,,,,,,,,,,,,,,,,,,,,,,,,,,,,8743907,5149,8738908,false,false,9,2015-04-01,2015-12-31,0
2016-02-04,50090,2015-03-31,3,,,,,,,,,,,,,,,,,,,,,,,,,,,,,,,,,,,8738985,false,false,9,2014-04-01,2014-12-31,-1
2016-05-13,50090,2016-03-31,,50109000000,-0.367,,,,,631000000,0.271,736000000,0.252,,450000000,,51.55,,0.052,0.048,0.013,,14673000000,8771000000,0.598,1003.80,8771000000,1355000000,-539000000,-214000000,4418000000,,0.272,,,,,,true,false,12,2015-04-01,2016-03-31,0
2016-05-13,50090,2015-03-31,,79149000000,-0.212,,,,,496000000,-0.166,588000000,-0.136,,433000000,,49.58,,0.051,0.030,0.006,,16301000000,8642000000,0.530,988.97,8642000000,358000000,1230000000,-230000000,3817000000,,0.323,,,,,,true,false,12,2014-04-01,2015-03-31,-1
2016-05-13,50090,2017-03-31,,18500000000,-0.236,,,,,100000000,,150000000,,,100000000,,11.44,,,,,,,,,,,,,,,,,,,,,,true,true,6,2016-04-01,2016-09-30,1
2016-05-13,50090,2017-03-31,,44500000000,-0.112,,,,,600000000,-0.050,700000000,-0.050,,450000000,,51.49,,,,,,,,,,,,,,,,0.272,,,,,,true,true,12,2016-04-01,2017-03-31,1
2016-05-13,50090,2016-03-31,,47824000000,-0.377,,,,,441000000,0.536,634000000,0.400,374000000,,0.110,42.85,,,,,,13092000000,7545000000,0.576,863.49,7545000000,,,,,14.00,,,,8743907,5149,8738871,false,false,12,2015-04-01,2016-03-31,0
2016-05-13,50090,2015-03-31,,76810000000,-0.217,,,,,287000000,-0.280,453000000,-0.195,337000000,,-0.131,38.59,,,,,,14684000000,7492000000,0.510,857.36,7492000000,,,,,16.00,,,,8743907,4929,8738983,false,false,12,2014-04-01,2015-03-31,-1
2016-05-13,50090,2017-03-31,,17500000000,-0.244,,,,,50000000,,200000000,,150000000,,,17.16,,,,,,,,,,,,,,,,,,,,,,false,true,6,2016-04-01,2016-09-30,1
2016-05-13,50090,2017-03-31,,42000000000,-0.122,,,,,450000000,0.018,600000000,-0.054,400000000,,0.068,45.77,,,,,,,,,,,,,,,14.00,,,,,,,false,true,12,2016-04-01,2017-03-31,1
2016-07-29,50090,2017-03-31,1,8196000000,-0.343,,,,,-12000000,,19000000,-0.751,,26000000,,3.05,,,,,,13822000000,8655000000,0.626,,8655000000,,,,,,,,,,,,true,false,3,2016-04-01,2016-06-30,0
2016-07-29,50090,2016-03-31,1,12471000000,-0.314,,,,,44000000,,78000000,,,51000000,,5.91,,,,,,,,,,,,,,,,,,,,,,true,false,3,2015-04-01,2015-06-30,-1
2016-07-29,50090,2017-03-31,1,18500000000,-0.236,,,,,100000000,,150000000,,,100000000,,11.44,,,,,,,,,,,,,,,,,,,,,,true,true,6,2016-04-01,2016-09-30,0
2016-07-29,50090,2017-03-31,1,44500000000,-0.112,,,,,600000000,-0.050,700000000,-0.050,,450000000,,51.49,,,,,,,,,,,,,,,,,,,,,,true,true,12,2016-04-01,2017-03-31,0
2016-07-29,50090,2016-03-31,1,,,,,,,,,,,,,,,,,,,,14673000000,8771000000,0.598,,8771000000,,,,,,,,,,,,true,false,12,2015-04-01,2016-03-31,-1
2016-07-29,50090,2016-03-31,1,,,,,,,,,,,,,,,,,,,,,,,,,,,,,14.00,,,,8743907,5149,,false,false,12,2015-04-01,2016-03-31,-1
2016-07-29,50090,2017-03-31,1,,,,,,,,,,,,,,,,,,,,,,,,,,,,,14.00,,,,,,,false,true,12,2016-04-01,2017-03-31,0
2016-07-29,50090,2017-03-31,1,,,,,,,,,,,,,,,,,,,,,,,,,,,,,,,,,8743907,5149,8738758,false,false,3,2016-04-01,2016-06-30,0
2016-07-29,50090,2016-03-31,1,,,,,,,,,,,,,,,,,,,,,,,,,,,,,,,,,,,8738978,false,false,3,2015-04-01,2015-06-30,-1
2016-10-31,50090,2017-03-31,2,17438000000,-0.280,,,,,130000000,,181000000,,,114000000,,13.13,,,,,,14043000000,8752000000,0.623,,8752000000,,,,,,,,,,,,true,false,6,2016-04-01,2016-09-30,0
2016-10-31,50090,2016-03-31,2,24207000000,-0.374,,,,,-89000000,,-34000000,,,-52000000,,-6.06,,,,,,,,,,,,,,,,,,,,,,true,false,6,2015-04-01,2015-09-30,-1
2016-10-31,50090,2017-03-31,2,44500000000,-0.112,,,,,600000000,-0.050,700000000,-0.050,,450000000,,51.49,,,,,,,,,,,,,,,,,,,,,,true,true,12,2016-04-01,2017-03-31,0
2016-10-31,50090,2016-03-31,2,,,,,,,,,,,,,,,,,,,,14673000000,8771000000,0.598,,8771000000,,,,,,,,,,,,true,false,12,2015-04-01,2016-03-31,-1
2016-10-31,50090,2016-03-31,2,,,,,,,,,,,,,,,,,,,,,,,,,,,,,14.00,,,,8743907,5149,,false,false,12,2015-04-01,2016-03-31,-1
2016-10-31,50090,2017-03-31,2,,,,,,,,,,,,,,,,,,,,,,,,,,,,,0.00,,,,,,,false,false,12,2016-04-01,2017-03-31,0
2016-10-31,50090,2017-03-31,2,,,,,,,,,,,,,,,,,,,,,,,,,,,,,14.00,,,,,,,false,true,12,2016-04-01,2017-03-31,0
2016-10-31,50090,2017-03-31,2,,,,,,,,,,,,,,,,,,,,,,,,,,,,,,,,,8743907,5169,8738754,false,false,6,2016-04-01,2016-09-30,0
2016-10-31,50090,2016-03-31,2,,,,,,,,,,,,,,,,,,,,,,,,,,,,,,,,,,,8738956,false,false,6,2015-04-01,2015-09-30,-1
2016-10-31,50090,2017-03-31,,17438000000,-0.057,,,,,130000000,0.305,181000000,0.209,,114000000,,13.13,,,,,,,,,,,,,,,,,,,,,,true,true,6,2016-04-01,2016-09-30,0
2016-10-31,50090,2016-03-31,,24207000000,,,,,,-89000000,,-34000000,,,-52000000,,-6.06,,,,,,,,,,,,,,,,,,,,,,true,false,6,2015-04-01,2015-09-30,-1
2016-10-31,50090,2017-03-31,,16347000000,-0.066,,,,,70000000,0.403,201000000,0.006,132000000,,-0.116,15.17,,,,,,,,,,,,,,,,,,,,,,false,true,6,2016-04-01,2016-09-30,0
2016-10-31,50090,2016-03-31,,23135000000,,,,,,-171000000,,-30000000,,-47000000,,,-5.40,,,,,,,,,,,,,,,,,,,,,,false,false,6,2015-04-01,2015-09-30,-1
2017-02-06,50090,2017-03-31,3,31330000000,-0.188,,,,,402000000,0.527,473000000,0.389,,315000000,,36.09,,,,,,17378000000,8983000000,0.517,,8983000000,,,,,,,,,,,,true,false,9,2016-04-01,2016-12-31,0
2017-02-06,50090,2016-03-31,3,38597000000,-0.388,,,,,263000000,,341000000,4.167,,179000000,,20.52,,,,,,,,,,,,,,,,,,,,,,true,false,9,2015-04-01,2015-12-31,-1
2017-02-06,50090,2017-03-31,3,44500000000,-0.112,,,,,600000000,-0.050,700000000,-0.050,,450000000,,51.49,,,,,,,,,,,,,,,,,,,,,,true,true,12,2016-04-01,2017-03-31,0
2017-02-06,50090,2016-03-31,3,,,,,,,,,,,,,,,,,,,,14673000000,8771000000,0.598,,8771000000,,,,,,,,,,,,true,false,12,2015-04-01,2016-03-31,-1
2017-02-06,50090,2016-03-31,3,,,,,,,,,,,,,,,,,,,,,,,,,,,,,14.00,,,,8743907,5149,,false,false,12,2015-04-01,2016-03-31,-1
2017-02-06,50090,2017-03-31,3,,,,,,,,,,,,,,,,,,,,,,,,,,,,,0.00,,,,,,,false,false,12,2016-04-01,2017-03-31,0
2017-02-06,50090,2017-03-31,3,,,,,,,,,,,,,,,,,,,,,,,,,,,,,14.00,,,,,,,false,true,12,2016-04-01,2017-03-31,0
2017-02-06,50090,2017-03-31,3,,,,,,,,,,,,,,,,,,,,,,,,,,,,,,,,,8743907,5169,8738748,false,false,9,2016-04-01,2016-12-31,0
2017-02-06,50090,2016-03-31,3,,,,,,,,,,,,,,,,,,,,,,,,,,,,,,,,,,,8738908,false,false,9,2015-04-01,2015-12-31,-1
2017-05-15,50090,2017-03-31,,47306000000,-0.056,,,,,788000000,0.249,871000000,0.183,,606000000,,69.43,,0.067,0.055,0.017,,16895000000,9275000000,0.549,1061.46,9275000000,838000000,-1054000000,-181000000,4021000000,,0.202,,,,,,true,false,12,2016-04-01,2017-03-31,0
2017-05-15,50090,2016-03-31,,50109000000,-0.367,,,,,631000000,0.271,736000000,0.252,,450000000,,51.55,,0.052,0.048,0.013,,14673000000,8771000000,0.598,1003.80,8771000000,1355000000,-539000000,-214000000,4418000000,,0.272,,,,,,true,false,12,2015-04-01,2016-03-31,-1
2017-05-15,50090,2018-03-31,,23500000000,0.348,,,,,100000000,-0.234,150000000,-0.173,,300000000,,34.33,,,,,,,,,,,,,,,,,,,,,,true,true,6,2017-04-01,2017-09-30,1
2017-05-15,50090,2018-03-31,,57700000000,0.220,,,,,650000000,-0.176,750000000,-0.139,,650000000,,74.38,,,,,,,,,,,,,,,,0.188,,,,,,true,true,12,2017-04-01,2018-03-31,1
2017-05-15,50090,2017-03-31,,44855000000,-0.062,,,,,593000000,0.344,752000000,0.186,515000000,,0.377,58.99,,,,,,15201000000,7958000000,0.524,910.70,7958000000,,,,,14.00,,,,8743907,5169,8738746,false,false,12,2016-04-01,2017-03-31,0
2017-05-15,50090,2016-03-31,,47824000000,-0.377,,,,,441000000,0.536,634000000,0.400,374000000,,0.110,42.85,,,,,,13092000000,7545000000,0.576,863.49,7545000000,,,,,14.00,,,,8743907,5149,8738871,false,false,12,2015-04-01,2016-03-31,-1
2017-05-15,50090,2018-03-31,,,,,,,,,,,,,,,,,,,,,,,,,,,,,,14.00,,,,,,,false,true,12,2017-04-01,2018-03-31,1
2017-05-15,50090,2017-03-31,,47306000000,0.063,,,,,788000000,0.314,871000000,0.244,,606000000,,69.43,,,,,,,,,,,,,,,,,,,,,,true,true,12,2016-04-01,2017-03-31,0
2017-05-15,50090,2016-03-31,,50109000000,,,,,,631000000,,736000000,,,450000000,,51.55,,,,,,,,,,,,,,,,,,,,,,true,false,12,2015-04-01,2016-03-31,-1
2017-05-15,50090,2017-03-31,,44855000000,0.068,,,,,593000000,0.320,752000000,0.254,515000000,,0.289,58.99,,,,,,,,,,,,,,,,,,,,,,false,true,12,2016-04-01,2017-03-31,0
2017-05-15,50090,2016-03-31,,47824000000,,,,,,441000000,,634000000,,374000000,,,42.85,,,,,,,,,,,,,,,,,,,,,,false,false,12,2015-04-01,2016-03-31,-1
2017-07-28,50090,2018-03-31,1,10817000000,0.320,,,,,4000000,,36000000,0.882,,201000000,,23.04,,,,,,15227000000,9400000000,0.617,,9400000000,,,,,,,,,,,,true,false,3,2017-04-01,2017-06-30,0
2017-07-28,50090,2017-03-31,1,8196000000,-0.343,,,,,-12000000,,19000000,-0.751,,26000000,,3.05,,,,,,,,,,,,,,,,,,,,,,true,false,3,2016-04-01,2016-06-30,-1
2017-07-28,50090,2018-03-31,1,23500000000,0.348,,,,,100000000,-0.234,150000000,-0.173,,300000000,,34.33,,,,,,,,,,,,,,,,,,,,,,true,true,6,2017-04-01,2017-09-30,0
2017-07-28,50090,2018-03-31,1,57700000000,0.220,,,,,650000000,-0.176,750000000,-0.139,,650000000,,74.38,,,,,,,,,,,,,,,,,,,,,,true,true,12,2017-04-01,2018-03-31,0
2017-07-28,50090,2017-03-31,1,,,,,,,,,,,,,,,,,,,,16895000000,9275000000,0.549,,9275000000,,,,,,,,,,,,true,false,12,2016-04-01,2017-03-31,-1
2017-07-28,50090,2017-03-31,1,,,,,,,,,,,,,,,,,,,,,,,,,,,,,14.00,,,,8743907,5169,,false,false,12,2016-04-01,2017-03-31,-1
2017-07-28,50090,2018-03-31,1,,,,,,,,,,,,,,,,,,,,,,,,,,,,,14.00,,,,,,,false,true,12,2017-04-01,2018-03-31,0
2017-07-28,50090,2018-03-31,1,,,,,,,,,,,,,,,,,,,,,,,,,,,,,,,,,8743907,5208,8738728,false,false,3,2017-04-01,2017-06-30,0
2017-07-28,50090,2017-03-31,1,,,,,,,,,,,,,,,,,,,,,,,,,,,,,,,,,,,8738758,false,false,3,2016-04-01,2016-06-30,-1
2017-10-31,50090,2018-03-31,2,21226000000,0.217,,,,,35000000,-0.725,87000000,-0.518,,244000000,,27.92,,,,,,15969000000,9473000000,0.593,,9473000000,,,,,,,,,,,,true,false,6,2017-04-01,2017-09-30,0
2017-10-31,50090,2017-03-31,2,17438000000,-0.280,,,,,130000000,,181000000,,,114000000,,13.13,,,,,,,,,,,,,,,,,,,,,,true,false,6,2016-04-01,2016-09-30,-1
2017-10-31,50090,2018-03-31,2,57700000000,0.220,,,,,650000000,-0.176,750000000,-0.139,,650000000,,74.38,,,,,,,,,,,,,,,,,,,,,,true,true,12,2017-04-01,2018-03-31,0
2017-10-31,50090,2017-03-31,2,,,,,,,,,,,,,,,,,,,,16895000000,9275000000,0.549,,9275000000,,,,,,,,,,,,true,false,12,2016-04-01,2017-03-31,-1
2017-10-31,50090,2017-03-31,2,,,,,,,,,,,,,,,,,,,,,,,,,,,,,14.00,,,,8743907,5169,,false,false,12,2016-04-01,2017-03-31,-1
2017-10-31,50090,2018-03-31,2,,,,,,,,,,,,,,,,,,,,,,,,,,,,,0.00,,,,,,,false,false,12,2017-04-01,2018-03-31,0
2017-10-31,50090,2018-03-31,2,,,,,,,,,,,,,,,,,,,,,,,,,,,,,14.00,,,,,,,false,true,12,2017-04-01,2018-03-31,0
2017-10-31,50090,2018-03-31,2,,,,,,,,,,,,,,,,,,,,,,,,,,,,,,,,,8743907,5286,8738691,false,false,6,2017-04-01,2017-09-30,0
2017-10-31,50090,2017-03-31,2,,,,,,,,,,,,,,,,,,,,,,,,,,,,,,,,,,,8738754,false,false,6,2016-04-01,2016-09-30,-1
2017-10-31,50090,2018-03-31,,21226000000,-0.097,,,,,35000000,-0.641,87000000,-0.418,,244000000,,27.92,,,,,,,,,,,,,,,,,,,,,,true,true,6,2017-04-01,2017-09-30,0
2017-10-31,50090,2017-03-31,,17438000000,,,,,,130000000,,181000000,,,114000000,,13.13,,,,,,,,,,,,,,,,,,,,,,true,false,6,2016-04-01,2016-09-30,-1
2018-02-06,50090,2018-03-31,3,38136000000,0.217,,,,,385000000,-0.044,455000000,-0.039,,504000000,,57.75,,,,,,20012000000,9759000000,0.488,,9759000000,,,,,,,,,,,,true,false,9,2017-04-01,2017-12-31,0
2018-02-06,50090,2017-03-31,3,31330000000,-0.188,,,,,402000000,0.527,473000000,0.389,,315000000,,36.09,,,,,,,,,,,,,,,,,,,,,,true,false,9,2016-04-01,2016-12-31,-1
2018-02-06,50090,2018-03-31,3,57700000000,0.220,,,,,650000000,-0.176,750000000,-0.139,,650000000,,74.38,,,,,,,,,,,,,,,,,,,,,,true,true,12,2017-04-01,2018-03-31,0
2018-02-06,50090,2017-03-31,3,,,,,,,,,,,,,,,,,,,,16895000000,9275000000,0.549,,9275000000,,,,,,,,,,,,true,false,12,2016-04-01,2017-03-31,-1
2018-02-06,50090,2017-03-31,3,,,,,,,,,,,,,,,,,,,,,,,,,,,,,14.00,,,,8743907,5169,,false,false,12,2016-04-01,2017-03-31,-1
2018-02-06,50090,2018-03-31,3,,,,,,,,,,,,,,,,,,,,,,,,,,,,,0.00,,,,,,,false,false,12,2017-04-01,2018-03-31,0
2018-02-06,50090,2018-03-31,3,,,,,,,,,,,,,,,,,,,,,,,,,,,,,14.00,,,,,,,false,true,12,2017-04-01,2018-03-31,0
2018-02-06,50090,2018-03-31,3,,,,,,,,,,,,,,,,,,,,,,,,,,,,,,,,,8743907,5286,8738667,false,false,9,2017-04-01,2017-12-31,0
2018-02-06,50090,2017-03-31,3,,,,,,,,,,,,,,,,,,,,,,,,,,,,,,,,,,,8738748,false,false,9,2016-04-01,2016-12-31,-1
,50090,2018-03-31,,,,,,,,,,,,,,,,,,,,,,,,,,,,,,16.00,,,,,,,false,true,12,2017-04-01,2018-03-31,0
,50090,2018-03-31,,,,,,,,,,,,,,,,,,,,,,,,,,,,,,0.00,,,,,,,false,false,12,2017-04-01,2018-03-31,0
,50090,2017-03-31,,,,,,,,,,,,,,,,,,,,,,,,,,,,,,14.00,,,,,,,false,false,12,2016-04-01,2017-03-31,-1
2018-05-15,50090,2018-03-31,,56834000000,0.201,,,,,699000000,-0.113,774000000,-0.111,,733000000,,83.92,,0.076,0.043,0.012,,19138000000,9918000000,0.518,1135.03,9918000000,1262000000,-641000000,-157000000,4484000000,,0.191,,,,,,true,false,12,2017-04-01,2018-03-31,0
2018-05-15,50090,2017-03-31,,47306000000,-0.056,,,,,788000000,0.249,871000000,0.183,,606000000,,69.43,,0.067,0.055,0.017,,16895000000,9275000000,0.549,1061.46,9275000000,838000000,-1054000000,-181000000,4021000000,,0.202,,,,,,true,false,12,2016-04-01,2017-03-31,-1
2018-05-15,50090,2019-03-31,,26300000000,0.239,,,,,150000000,3.174,150000000,0.718,,150000000,,17.17,,,,,,,,,,,,,,,,,,,,,,true,true,6,2018-04-01,2018-09-30,1
2018-05-15,50090,2019-03-31,,64500000000,0.135,,,,,650000000,-0.071,750000000,-0.032,,550000000,,62.94,,,,,,,,,,,,,,,,0.254,,,,,,true,true,12,2018-04-01,2019-03-31,1
2018-05-15,50090,2018-03-31,,54088000000,0.206,,,,,454000000,-0.234,617000000,-0.179,590000000,,0.145,67.54,,,,,,17350000000,8458000000,0.487,967.90,8458000000,,,,,16.00,,,,8743907,5378,8738647,false,false,12,2017-04-01,2018-03-31,0
2018-05-15,50090,2017-03-31,,44855000000,-0.062,,,,,593000000,0.344,752000000,0.186,515000000,,0.377,58.99,,,,,,15201000000,7958000000,0.524,910.70,7958000000,,,,,14.00,,,,8743907,5169,8738746,false,false,12,2016-04-01,2017-03-31,-1
2018-05-15,50090,2019-03-31,,,,,,,,,,,,,,,,,,,,,,,,,,,,,,16.00,,,,,,,false,true,12,2018-04-01,2019-03-31,1
2018-07-31,50090,2019-03-31,1,12949000000,0.197,,,,,34000000,6.526,62000000,0.708,,57000000,,6.62,,,,,,17007000000,9828000000,0.578,,9828000000,,,,,,,,,,,,true,false,3,2018-04-01,2018-06-30,0
2018-07-31,50090,2018-03-31,1,10817000000,0.320,,,,,4000000,,36000000,0.882,,201000000,,23.04,,,,,,,,,,,,,,,,,,,,,,true,false,3,2017-04-01,2017-06-30,-1
2018-07-31,50090,2019-03-31,1,26300000000,0.239,,,,,150000000,3.174,150000000,0.718,,150000000,,17.17,,,,,,,,,,,,,,,,,,,,,,true,true,6,2018-04-01,2018-09-30,0
2018-07-31,50090,2019-03-31,1,64500000000,0.135,,,,,650000000,-0.071,750000000,-0.032,,550000000,,62.94,,,,,,,,,,,,,,,,,,,,,,true,true,12,2018-04-01,2019-03-31,0
2018-07-31,50090,2018-03-31,1,,,,,,,,,,,,,,,,,,,,19134000000,9918000000,0.518,,9918000000,,,,,,,,,,,,true,false,12,2017-04-01,2018-03-31,-1
2018-07-31,50090,2018-03-31,1,,,,,,,,,,,,,,,,,,,,,,,,,,,,,16.00,,,,8743907,5378,,false,false,12,2017-04-01,2018-03-31,-1
2018-07-31,50090,2019-03-31,1,,,,,,,,,,,,,,,,,,,,,,,,,,,,,16.00,,,,,,,false,true,12,2018-04-01,2019-03-31,0
2018-07-31,50090,2019-03-31,1,,,,,,,,,,,,,,,,,,,,,,,,,,,,,,,,,8743907,5378,8738529,false,false,3,2018-04-01,2018-06-30,0
2018-07-31,50090,2018-03-31,1,,,,,,,,,,,,,,,,,,,,,,,,,,,,,,,,,,,8738728,false,false,3,2017-04-01,2017-06-30,-1
2018-10-31,50090,2019-03-31,2,26564000000,0.251,,,,,122000000,2.400,165000000,0.898,,116000000,,13.38,,,,,,17276000000,9863000000,0.571,,9863000000,,,,,,,,,,,,true,false,6,2018-04-01,2018-09-30,0
2018-10-31,50090,2018-03-31,2,21226000000,0.217,,,,,35000000,-0.725,87000000,-0.518,,244000000,,27.92,,,,,,,,,,,,,,,,,,,,,,true,false,6,2017-04-01,2017-09-30,-1
2018-10-31,50090,2019-03-31,2,64500000000,0.135,,,,,650000000,-0.071,750000000,-0.032,,550000000,,62.94,,,,,,,,,,,,,,,,,,,,,,true,true,12,2018-04-01,2019-03-31,0
2018-10-31,50090,2018-03-31,2,,,,,,,,,,,,,,,,,,,,19134000000,9918000000,0.518,,9918000000,,,,,,,,,,,,true,false,12,2017-04-01,2018-03-31,-1
2018-10-31,50090,2018-03-31,2,,,,,,,,,,,,,,,,,,,,,,,,,,,,,16.00,,,,8743907,5378,,false,false,12,2017-04-01,2018-03-31,-1
2018-10-31,50090,2019-03-31,2,,,,,,,,,,,,,,,,,,,,,,,,,,,,,0.00,,,,,,,false,false,12,2018-04-01,2019-03-31,0
2018-10-31,50090,2019-03-31,2,,,,,,,,,,,,,,,,,,,,,,,,,,,,,16.00,,,,,,,false,true,12,2018-04-01,2019-03-31,0
2018-10-31,50090,2019-03-31,2,,,,,,,,,,,,,,,,,,,,,,,,,,,,,,,,,8743907,93321,8721418,false,false,6,2018-04-01,2018-09-30,0
2018-10-31,50090,2018-03-31,2,,,,,,,,,,,,,,,,,,,,,,,,,,,,,,,,,,,8738691,false,false,6,2017-04-01,2017-09-30,-1
2019-02-07,50090,2019-03-31,3,44552000000,0.168,,,,,254000000,-0.339,314000000,-0.310,,223000000,,25.80,,,,,,19196000000,9864000000,0.514,,9864000000,,,,,,,,,,,,true,false,9,2018-04-01,2018-12-31,0
2019-02-07,50090,2018-03-31,3,38136000000,0.217,,,,,385000000,-0.044,455000000,-0.039,,504000000,,57.75,,,,,,,,,,,,,,,,,,,,,,true,false,9,2017-04-01,2017-12-31,-1
2019-02-07,50090,2019-03-31,3,64500000000,0.135,,,,,650000000,-0.071,750000000,-0.032,,550000000,,62.94,,,,,,,,,,,,,,,,,,,,,,true,true,12,2018-04-01,2019-03-31,0
2019-02-07,50090,2018-03-31,3,,,,,,,,,,,,,,,,,,,,19134000000,9918000000,0.518,,9918000000,,,,,,,,,,,,true,false,12,2017-04-01,2018-03-31,-1
2019-02-07,50090,2018-03-31,3,,,,,,,,,,,,,,,,,,,,,,,,,,,,,16.00,,,,8743907,5378,,false,false,12,2017-04-01,2018-03-31,-1
2019-02-07,50090,2019-03-31,3,,,,,,,,,,,,,,,,,,,,,,,,,,,,,0.00,,,,,,,false,false,12,2018-04-01,2019-03-31,0
2019-02-07,50090,2019-03-31,3,,,,,,,,,,,,,,,,,,,,,,,,,,,,,16.00,,,,,,,false,true,12,2018-04-01,2019-03-31,0
2019-02-07,50090,2019-03-31,3,,,,,,,,,,,,,,,,,,,,,,,,,,,,,,,,,8743907,248626,8668914,false,false,9,2018-04-01,2018-12-31,0
2019-02-07,50090,2018-03-31,3,,,,,,,,,,,,,,,,,,,,,,,,,,,,,,,,,,,8738667,false,false,9,2017-04-01,2017-12-31,-1
2019-04-26,50090,2019-03-31,,61063000000,-0.053,,,,,353000000,-0.456,418000000,-0.442,,-132000000,,-15.37,,,,,,,,,,,,,,,,,,,,,,true,true,12,2018-04-01,2019-03-31,0
2019-04-26,50090,2018-03-31,,56834000000,,,,,,699000000,,774000000,,,733000000,,83.92,,,,,,,,,,,,,,,,,,,,,,true,false,12,2017-04-01,2018-03-31,-1
2019-05-15,50090,2019-03-31,,61063000000,0.074,,,,,353000000,-0.495,418000000,-0.460,,-123000000,,-14.31,,-0.013,0.022,0.006,,18352000000,9410000000,0.513,1126.57,9410000000,385000000,-1189000000,-465000000,3214000000,,,,,,,,true,false,12,2018-04-01,2019-03-31,0
2019-05-15,50090,2018-03-31,,56834000000,0.201,,,,,699000000,-0.113,774000000,-0.111,,733000000,,83.92,,0.076,0.043,0.012,,19134000000,9918000000,0.518,1135.03,9918000000,1262000000,-641000000,-157000000,4484000000,,0.191,,,,,,true,false,12,2017-04-01,2018-03-31,-1
2019-05-15,50090,2020-03-31,,26000000000,-0.021,,,,,100000000,-0.182,130000000,-0.216,,100000000,,11.97,,,,,,,,,,,,,,,,,,,,,,true,true,6,2019-04-01,2019-09-30,1
2019-05-15,50090,2020-03-31,,64000000000,0.048,,,,,600000000,0.698,700000000,0.672,,500000000,,59.86,,,,,,,,,,,,,,,,0.267,,,,,,true,true,12,2019-04-01,2020-03-31,1
2019-05-15,50090,2019-03-31,,58076000000,0.074,,,,,61000000,-0.864,241000000,-0.609,-244000000,,,-28.36,,,,,,16410000000,7829000000,0.477,937.25,7829000000,,,,,16.00,,,,8743907,390756,8606907,false,false,12,2018-04-01,2019-03-31,0
2019-05-15,50090,2018-03-31,,54088000000,0.206,,,,,454000000,-0.234,617000000,-0.179,590000000,,0.145,67.54,,,,,,17350000000,8458000000,0.487,967.90,8458000000,,,,,16.00,,,,8743907,5378,8738647,false,false,12,2017-04-01,2018-03-31,-1
2019-05-15,50090,2020-03-31,,,,,,,,,,,,,,,,,,,,,,,,,,,,,,16.00,,,,,,,false,true,12,2019-04-01,2020-03-31,1
2019-07-31,50090,2020-03-31,1,12850000000,-0.008,,,,,2000000,-0.923,36000000,-0.421,,31000000,,3.86,,,,,,16347000000,9270000000,0.567,,9270000000,,,,,,,,,,,,true,false,3,2019-04-01,2019-06-30,0
2019-07-31,50090,2019-03-31,1,12949000000,0.197,,,,,34000000,6.526,62000000,0.708,,57000000,,6.62,,,,,,,,,,,,,,,,,,,,,,true,false,3,2018-04-01,2018-06-30,-1
2019-07-31,50090,2020-03-31,1,26000000000,-0.021,,,,,100000000,-0.182,130000000,-0.216,,100000000,,11.97,,,,,,,,,,,,,,,,,,,,,,true,true,6,2019-04-01,2019-09-30,0
2019-07-31,50090,2020-03-31,1,64000000000,0.048,,,,,600000000,0.698,700000000,0.672,,500000000,,59.86,,,,,,,,,,,,,,,,,,,,,,true,true,12,2019-04-01,2020-03-31,0
2019-07-31,50090,2019-03-31,1,,,,,,,,,,,,,,,,,,,,18352000000,9410000000,0.513,,9410000000,,,,,,,,,,,,true,false,12,2018-04-01,2019-03-31,-1
2019-07-31,50090,2019-03-31,1,,,,,,,,,,,,,,,,,,,,,,,,,,,,,16.00,,,,8743907,390756,,false,false,12,2018-04-01,2019-03-31,-1
2019-07-31,50090,2020-03-31,1,,,,,,,,,,,,,,,,,,,,,,,,,,,,,16.00,,,,,,,false,true,12,2019-04-01,2020-03-31,0
2019-07-31,50090,2020-03-31,1,,,,,,,,,,,,,,,,,,,,,,,,,,,,,,,,,8743907,472456,8294265,false,false,3,2019-04-01,2019-06-30,0
2019-07-31,50090,2019-03-31,1,,,,,,,,,,,,,,,,,,,,,,,,,,,,,,,,,,,8738529,false,false,3,2018-04-01,2018-06-30,-1
2019-10-31,50090,2020-03-31,2,24903000000,-0.063,,,,,125000000,0.030,176000000,0.064,,126000000,,15.24,,,,,,16818000000,9376000000,0.558,,9376000000,,,,,,,,,,,,true,false,6,2019-04-01,2019-09-30,0
2019-10-31,50090,2019-03-31,2,26564000000,0.251,,,,,122000000,2.400,165000000,0.898,,116000000,,13.38,,,,,,,,,,,,,,,,,,,,,,true,false,6,2018-04-01,2018-09-30,-1
2019-10-31,50090,2020-03-31,2,64000000000,0.048,,,,,600000000,0.698,700000000,0.672,,500000000,,59.86,,,,,,,,,,,,,,,,,,,,,,true,true,12,2019-04-01,2020-03-31,0
2019-10-31,50090,2019-03-31,2,,,,,,,,,,,,,,,,,,,,18352000000,9410000000,0.513,,9410000000,,,,,,,,,,,,true,false,12,2018-04-01,2019-03-31,-1
2019-10-31,50090,2019-03-31,2,,,,,,,,,,,,,,,,,,,,,,,,,,,,,16.00,,,,8743907,390756,,false,false,12,2018-04-01,2019-03-31,-1
2019-10-31,50090,2020-03-31,2,,,,,,,,,,,,,,,,,,,,,,,,,,,,,0.00,,,,,,,false,false,12,2019-04-01,2020-03-31,0
2019-10-31,50090,2020-03-31,2,,,,,,,,,,,,,,,,,,,,,,,,,,,,,16.00,,,,,,,false,true,12,2019-04-01,2020-03-31,0
2019-10-31,50090,2020-03-31,2,,,,,,,,,,,,,,,,,,,,,,,,,,,,,,,,,8743907,472498,8282779,false,false,6,2019-04-01,2019-09-30,0
2019-10-31,50090,2019-03-31,2,,,,,,,,,,,,,,,,,,,,,,,,,,,,,,,,,,,8721418,false,false,6,2018-04-01,2018-09-30,-1
2019-10-31,50090,2020-03-31,,24903000000,-0.042,,,,,125000000,0.259,176000000,0.356,126000000,,0.262,15.24,,,,,,,,,,,,,,,,,,,,,,true,true,6,2019-04-01,2019-09-30,0
2019-10-31,50090,2019-03-31,,26564000000,,,,,,122000000,,165000000,,116000000,,,13.38,,,,,,,,,,,,,,,,,,,,,,true,false,6,2018-04-01,2018-09-30,-1
2020-02-06,50090,2020-03-31,3,40969000000,-0.080,,,,,345000000,0.355,415000000,0.324,,238000000,,28.83,,,,,,19281000000,9539000000,0.495,,9539000000,,,,,,,,,,,,true,false,9,2019-04-01,2019-12-31,0
2020-02-06,50090,2019-03-31,3,44552000000,0.168,,,,,254000000,-0.339,314000000,-0.310,,223000000,,25.80,,,,,,,,,,,,,,,,,,,,,,true,false,9,2018-04-01,2018-12-31,-1
2020-02-06,50090,2020-03-31,3,64000000000,0.048,,,,,600000000,0.698,700000000,0.672,,500000000,,59.86,,,,,,,,,,,,,,,,,,,,,,true,true,12,2019-04-01,2020-03-31,0
2020-02-06,50090,2019-03-31,3,,,,,,,,,,,,,,,,,,,,18352000000,9410000000,0.513,,9410000000,,,,,,,,,,,,true,false,12,2018-04-01,2019-03-31,-1
2020-02-06,50090,2019-03-31,3,,,,,,,,,,,,,,,,,,,,,,,,,,,,,16.00,,,,8743907,390756,,false,false,12,2018-04-01,2019-03-31,-1
2020-02-06,50090,2020-03-31,3,,,,,,,,,,,,,,,,,,,,,,,,,,,,,0.00,,,,,,,false,false,12,2019-04-01,2020-03-31,0
2020-02-06,50090,2020-03-31,3,,,,,,,,,,,,,,,,,,,,,,,,,,,,,16.00,,,,,,,false,true,12,2019-04-01,2020-03-31,0
2020-02-06,50090,2020-03-31,3,,,,,,,,,,,,,,,,,,,,,,,,,,,,,,,,,8743907,472498,8278975,false,false,9,2019-04-01,2019-12-31,0
2020-02-06,50090,2019-03-31,3,,,,,,,,,,,,,,,,,,,,,,,,,,,,,,,,,,,8668914,false,false,9,2018-04-01,2018-12-31,-1
2020-04-28,50090,2020-03-31,,56658000000,-0.115,,,,,341000000,-0.431,412000000,-0.410,565000000,,0.131,68.39,,,,,,,,,,,,,,,,,,,,,,true,true,12,2019-04-01,2020-03-31,0
2020-04-28,50090,2019-03-31,,61063000000,,,,,,353000000,,418000000,,-123000000,,,-14.31,,,,,,,,,,,,,,,,,,,,,,true,false,12,2018-04-01,2019-03-31,-1
2020-05-15,50090,2020-03-31,,56658000000,-0.072,,,,,341000000,-0.034,412000000,-0.013,,565000000,,68.39,,0.060,0.023,0.006,,18123000000,9541000000,0.527,1174.60,9541000000,586000000,70000000,-348000000,3522000000,,0.230,,,,,,true,false,12,2019-04-01,2020-03-31,0
2020-05-15,50090,2019-03-31,,61063000000,0.074,,,,,353000000,-0.495,418000000,-0.460,,-123000000,,-14.31,,-0.013,0.022,0.006,,18352000000,9410000000,0.513,1126.57,9410000000,385000000,-1189000000,-465000000,3214000000,,,,,,,,true,false,12,2018-04-01,2019-03-31,-1
2020-05-15,50090,2021-03-31,,17000000000,-0.317,,,,,160000000,0.271,200000000,0.134,,160000000,,19.70,,,,,,,,,,,,,,,,,,,,,,true,true,6,2020-04-01,2020-09-30,1
2020-05-15,50090,2021-03-31,,40000000000,-0.294,,,,,600000000,0.758,700000000,0.695,,500000000,,61.55,,,,,,,,,,,,,,,,0.260,,,,,,true,true,12,2020-04-01,2021-03-31,1
2020-05-15,50090,2020-03-31,,53330000000,-0.082,,,,,11000000,-0.821,200000000,-0.169,434000000,,,52.60,,,,,,15982000000,7829000000,0.490,963.86,7829000000,,,,,16.00,,,,8743907,620308,8266122,false,false,12,2019-04-01,2020-03-31,0
2020-05-15,50090,2019-03-31,,58076000000,0.074,,,,,61000000,-0.864,241000000,-0.609,-244000000,,,-28.36,,,,,,16410000000,7829000000,0.477,937.25,7829000000,,,,,16.00,,,,8743907,390756,8606907,false,false,12,2018-04-01,2019-03-31,-1
2020-05-15,50090,2021-03-31,,,,,,,,,,,,,,,,,,,,,,,,,,,,,,16.00,,,,,,,false,true,12,2020-04-01,2021-03-31,1
2020-07-31,50090,2021-03-31,1,8202000000,-0.362,,,,,124000000,,300000000,7.276,,238000000,,29.73,,,,,,14602000000,9589000000,0.657,,9589000000,,,,,,,,,,,,true,false,3,2020-04-01,2020-06-30,0
2020-07-31,50090,2020-03-31,1,12850000000,-0.008,,,,,2000000,-0.923,36000000,-0.421,,31000000,,3.86,,,,,,,,,,,,,,,,,,,,,,true,false,3,2019-04-01,2019-06-30,-1
2020-07-31,50090,2021-03-31,1,17000000000,-0.317,,,,,160000000,0.271,200000000,0.134,,160000000,,19.70,,,,,,,,,,,,,,,,,,,,,,true,true,6,2020-04-01,2020-09-30,0
2020-07-31,50090,2021-03-31,1,40000000000,-0.294,,,,,600000000,0.758,700000000,0.695,,500000000,,61.55,,,,,,,,,,,,,,,,,,,,,,true,true,12,2020-04-01,2021-03-31,0
2020-07-31,50090,2020-03-31,1,,,,,,,,,,,,,,,,,,,,18123000000,9541000000,0.527,,9541000000,,,,,,,,,,,,true,false,12,2019-04-01,2020-03-31,-1
2020-07-31,50090,2020-03-31,1,,,,,,,,,,,,,,,,,,,,,,,,,,,,,16.00,,,,8743907,620308,,false,false,12,2019-04-01,2020-03-31,-1
2020-07-31,50090,2021-03-31,1,,,,,,,,,,,,,,,,,,,,,,,,,,,,,16.00,,,,,,,false,true,12,2020-04-01,2021-03-31,0
2020-07-31,50090,2021-03-31,1,,,,,,,,,,,,,,,,,,,,,,,,,,,,,,,,,8743907,772508,8018776,false,false,3,2020-04-01,2020-06-30,0
2020-07-31,50090,2020-03-31,1,,,,,,,,,,,,,,,,,,,,,,,,,,,,,,,,,,,8294265,false,false,3,2019-04-01,2019-06-30,-1
2020-10-30,50090,2021-03-31,2,16375000000,-0.342,,,,,321000000,1.550,510000000,1.892,,390000000,,48.81,,,,,,15109000000,9735000000,0.644,,9735000000,,,,,,,,,,,,true,false,6,2020-04-01,2020-09-30,0
2020-10-30,50090,2020-03-31,2,24903000000,-0.063,,,,,125000000,0.030,176000000,0.064,,126000000,,15.24,,,,,,,,,,,,,,,,,,,,,,true,false,6,2019-04-01,2019-09-30,-1
2020-10-30,50090,2021-03-31,2,40000000000,-0.294,,,,,600000000,0.758,800000000,0.938,,600000000,,75.05,,,,,,,,,,,,,,,,,,,,,,true,true,12,2020-04-01,2021-03-31,0
2020-10-30,50090,2020-03-31,2,,,,,,,,,,,,,,,,,,,,18123000000,9541000000,0.527,,9541000000,,,,,,,,,,,,true,false,12,2019-04-01,2020-03-31,-1
2020-10-30,50090,2020-03-31,2,,,,,,,,,,,,,,,,,,,,,,,,,,,,,16.00,,,,8743907,620308,,false,false,12,2019-04-01,2020-03-31,-1
2020-10-30,50090,2021-03-31,2,,,,,,,,,,,,,,,,,,,,,,,,,,,,,0.00,,,,,,,false,false,12,2020-04-01,2021-03-31,0
2020-10-30,50090,2021-03-31,2,,,,,,,,,,,,,,,,,,,,,,,,,,,,,16.00,,,,,,,false,true,12,2020-04-01,2021-03-31,0
2020-10-30,50090,2021-03-31,2,,,,,,,,,,,,,,,,,,,,,,,,,,,,,,,,,8743907,772569,7994946,false,false,6,2020-04-01,2020-09-30,0
2020-10-30,50090,2020-03-31,2,,,,,,,,,,,,,,,,,,,,,,,,,,,,,,,,,,,8282779,false,false,6,2019-04-01,2019-09-30,-1
2021-02-05,50090,2021-03-31,3,28187000000,-0.312,,,,,542000000,0.571,746000000,0.796,,556000000,,69.63,,,,,,17612000000,9887000000,0.561,,9887000000,,,,,,,,,,,,true,false,9,2020-04-01,2020-12-31,0
2021-02-05,50090,2020-03-31,3,40969000000,-0.080,,,,,345000000,0.355,415000000,0.324,,238000000,,28.83,,,,,,,,,,,,,,,,,,,,,,true,false,9,2019-04-01,2019-12-31,-1
2021-02-05,50090,2021-03-31,3,40000000000,-0.294,,,,,600000000,0.758,800000000,0.938,,600000000,,75.05,,,,,,,,,,,,,,,,,,,,,,true,true,12,2020-04-01,2021-03-31,0
2021-02-05,50090,2020-03-31,3,,,,,,,,,,,,,,,,,,,,18123000000,9541000000,0.527,,9541000000,,,,,,,,,,,,true,false,12,2019-04-01,2020-03-31,-1
2021-02-05,50090,2020-03-31,3,,,,,,,,,,,,,,,,,,,,,,,,,,,,,16.00,,,,8743907,620308,,false,false,12,2019-04-01,2020-03-31,-1
2021-02-05,50090,2021-03-31,3,,,,,,,,,,,,,,,,,,,,,,,,,,,,,0.00,,,,,,,false,false,12,2020-04-01,2021-03-31,0
2021-02-05,50090,2021-03-31,3,,,,,,,,,,,,,,,,,,,,,,,,,,,,,16.00,,,,,,,false,true,12,2020-04-01,2021-03-31,0
2021-02-05,50090,2021-03-31,3,,,,,,,,,,,,,,,,,,,,,,,,,,,,,,,,,8743907,772604,7987041,false,false,9,2020-04-01,2020-12-31,0
2021-02-05,50090,2020-03-31,3,,,,,,,,,,,,,,,,,,,,,,,,,,,,,,,,,,,8278975,false,false,9,2019-04-01,2019-12-31,-1
2021-05-14,50090,2021-03-31,,42391000000,-0.252,,,,,655000000,0.920,871000000,1.111,,632000000,,79.29,,0.065,0.048,0.015,,18013000000,9993000000,0.555,1253.65,9993000000,2407000000,-1238000000,-78000000,4613000000,,,,,,,,true,false,12,2020-04-01,2021-03-31,0
2021-05-14,50090,2020-03-31,,56658000000,-0.072,,,,,341000000,-0.034,412000000,-0.013,,565000000,,68.39,,0.060,0.023,0.006,,18123000000,9541000000,0.527,1174.60,9541000000,586000000,70000000,-348000000,3522000000,,0.230,,,,,,true,false,12,2019-04-01,2020-03-31,-1
2021-05-14,50090,2021-03-31,,39164000000,-0.266,,,,,388000000,,730000000,2.638,542000000,,0.249,68.00,,,,,,15864000000,8191000000,0.516,1027.58,8191000000,,,,,0.00,,,,8743907,772614,7983160,false,false,12,2020-04-01,2021-03-31,0
2021-05-14,50090,2020-03-31,,53330000000,-0.082,,,,,11000000,-0.821,200000000,-0.169,434000000,,,52.60,,,,,,15982000000,7829000000,0.490,963.86,7829000000,,,,,16.00,,,,8743907,620308,8266122,false,false,12,2019-04-01,2020-03-31,-1
2021-05-14,50090,2022-03-31,,,,,,,,,,,,,,,,,,,,,,,,,,,,,,0.00,,,,,,,false,true,12,2021-04-01,2022-03-31,1
2021-05-28,50090,2022-03-31,,24000000000,0.466,,,,,100000000,-0.689,130000000,-0.745,90000000,,-0.769,11.29,,,,,,,,,,,,,,,,,,,,,,true,true,6,2021-04-01,2021-09-30,0
2021-05-28,50090,2022-03-31,,55600000000,0.312,,,,,540000000,-0.176,600000000,-0.312,430000000,,-0.321,53.94,,,,,,,,,,,,,,,,,,,,,,true,true,12,2021-04-01,2022-03-31,0
2021-05-28,50090,2022-03-31,,,,,,,,,,,,,,,,,,,,,,,,,,,,,,54.00,,,,,,,false,true,12,2021-04-01,2022-03-31,0
2021-05-28,50090,2021-03-31,,,,,,,,,,,,,,,,,,,,,,,,,,,,,,103.00,,,,,,,false,false,12,2020-04-01,2021-03-31,-1
2021-07-30,50090,2022-03-31,1,11377000000,0.387,,,,,78000000,-0.372,98000000,-0.671,,56000000,,7.08,,,,,,16152000000,9283000000,0.575,,9283000000,,,,,,,,,,,,true,false,3,2021-04-01,2021-06-30,0
2021-07-30,50090,2021-03-31,1,8202000000,-0.362,,,,,124000000,,300000000,7.276,,238000000,,29.73,,,,,,,,,,,,,,,,,,,,,,true,false,3,2020-04-01,2020-06-30,-1
2021-07-30,50090,2022-03-31,1,24000000000,0.466,,,,,100000000,-0.689,130000000,-0.745,,90000000,,11.29,,,,,,,,,,,,,,,,,,,,,,true,true,6,2021-04-01,2021-09-30,0
2021-07-30,50090,2022-03-31,1,55600000000,0.312,,,,,540000000,-0.176,600000000,-0.312,,430000000,,53.94,,,,,,,,,,,,,,,,,,,,,,true,true,12,2021-04-01,2022-03-31,0
2021-07-30,50090,2021-03-31,1,,,,,,,,,,,,,,,,,,,,18013000000,9993000000,0.555,,9993000000,,,,,,,,,,,,true,false,12,2020-04-01,2021-03-31,-1
2021-07-30,50090,2021-03-31,1,,,,,,,,,,,,,,,,,,,,,,,,,,,,,103.00,,,,8743907,772614,,false,false,12,2020-04-01,2021-03-31,-1
2021-07-30,50090,2022-03-31,1,,,,,,,,,,,,,,,,,,,,,,,,,,,,,54.00,,,,,,,false,true,12,2021-04-01,2022-03-31,0
2021-07-30,50090,2022-03-31,1,,,,,,,,,,,,,,,,,,,,,,,,,,,,,,,,,8743907,772740,7971266,false,false,3,2021-04-01,2021-06-30,0
2021-07-30,50090,2021-03-31,1,,,,,,,,,,,,,,,,,,,,,,,,,,,,,,,,,,,8018776,false,false,3,2020-04-01,2020-06-30,-1
2021-10-29,50090,2022-03-31,2,22485000000,0.373,,,,,135000000,-0.579,171000000,-0.663,,84000000,,10.66,,,,,,15736000000,9315000000,0.592,,9315000000,,,,,,,,,,,,true,false,6,2021-04-01,2021-09-30,0
2021-10-29,50090,2021-03-31,2,16375000000,-0.342,,,,,321000000,1.550,510000000,1.892,,390000000,,48.81,,,,,,,,,,,,,,,,,,,,,,true,false,6,2020-04-01,2020-09-30,-1
2021-10-29,50090,2022-03-31,2,55600000000,0.312,,,,,540000000,-0.176,600000000,-0.312,,430000000,,53.94,,,,,,,,,,,,,,,,,,,,,,true,true,12,2021-04-01,2022-03-31,0
2021-10-29,50090,2021-03-31,2,,,,,,,,,,,,,,,,,,,,18013000000,9993000000,0.555,,9993000000,,,,,,,,,,,,true,false,12,2020-04-01,2021-03-31,-1
2021-10-29,50090,2021-03-31,2,,,,,,,,,,,,,,,,,,,,,,,,,,,,,103.00,,,,8743907,772614,,false,false,12,2020-04-01,2021-03-31,-1
2021-10-29,50090,2022-03-31,2,,,,,,,,,,,,,,,,,,,,,,,,,,,,,23.00,,,,,,,false,false,12,2021-04-01,2022-03-31,0
2021-10-29,50090,2022-03-31,2,,,,,,,,,,,,,,,,,,,,,,,,,,,,,54.00,,,,,,,false,true,12,2021-04-01,2022-03-31,0
2021-10-29,50090,2022-03-31,2,,,,,,,,,,,,,,,,,,,,,,,,,,,,,,,,,8743907,772751,7971211,false,false,6,2021-04-01,2021-09-30,0
2021-10-29,50090,2021-03-31,2,,,,,,,,,,,,,,,,,,,,,,,,,,,,,,,,,,,7994946,false,false,6,2020-04-01,2020-09-30,-1
2022-02-04,50090,2022-03-31,3,40414000000,0.434,,,,,394000000,-0.273,444000000,-0.405,,271000000,,34.05,,,,,,19930000000,9329000000,0.468,,9329000000,,,,,,,,,,,,true,false,9,2021-04-01,2021-12-31,0
2022-02-04,50090,2021-03-31,3,28187000000,-0.312,,,,,542000000,0.571,746000000,0.796,,556000000,,69.63,,,,,,,,,,,,,,,,,,,,,,true,false,9,2020-04-01,2020-12-31,-1
2022-02-04,50090,2022-03-31,3,55600000000,0.312,,,,,540000000,-0.176,600000000,-0.312,,430000000,,53.94,,,,,,,,,,,,,,,,,,,,,,true,true,12,2021-04-01,2022-03-31,0
2022-02-04,50090,2021-03-31,3,,,,,,,,,,,,,,,,,,,,18013000000,9993000000,0.555,,9993000000,,,,,,,,,,,,true,false,12,2020-04-01,2021-03-31,-1
2022-02-04,50090,2021-03-31,3,,,,,,,,,,,,,,,,,,,,,,,,,,,,,103.00,,,,8743907,772614,,false,false,12,2020-04-01,2021-03-31,-1
2022-02-04,50090,2022-03-31,3,,,,,,,,,,,,,,,,,,,,,,,,,,,,,23.00,,,,,,,false,false,12,2021-04-01,2022-03-31,0
2022-02-04,50090,2022-03-31,3,,,,,,,,,,,,,,,,,,,,,,,,,,,,,54.00,,,,,,,false,true,12,2021-04-01,2022-03-31,0
2022-02-04,50090,2022-03-31,3,,,,,,,,,,,,,,,,,,,,,,,,,,,,,,,,,8743907,772751,7971193,false,false,9,2021-04-01,2021-12-31,0
2022-02-04,50090,2021-03-31,3,,,,,,,,,,,,,,,,,,,,,,,,,,,,,,,,,,,7987041,false,false,9,2020-04-01,2020-12-31,-1
2022-03-28,50090,2022-03-31,,55600000000,0.000,,,,,540000000,0.000,600000000,0.000,2000000000,,3.651,252.37,,,,,,,,,,,,,,,,,,,,,,true,true,12,2021-04-01,2022-03-31,0
2022-03-28,50090,2021-03-31,,42391000000,,,,,,655000000,,871000000,,632000000,,,79.29,,,,,,,,,,,,,,,,,,,,,,true,false,12,2020-04-01,2021-03-31,-1
2022-03-28,50090,2022-03-31,,,,,,,,,,,,,,,,,,,,,,,,,,,,,,54.00,,,,,,,false,true,12,2021-04-01,2022-03-31,0
2022-03-28,50090,2022-03-31,,,,,,,,,,,,,,,,,,,,,,,,,,,,,,23.00,,,,,,,false,false,12,2021-04-01,2022-03-31,0
2022-03-28,50090,2021-03-31,,,,,,,,,,,,,,,,,,,,,,,,,,,,,,103.00,,,,,,,false,false,12,2020-04-01,2021-03-31,-1
2022-05-13,50090,2022-03-31,,60488000000,0.427,,,,,517000000,-0.210,577000000,-0.338,,2038000000,,257.61,,0.206,0.030,0.009,,20004000000,9770000000,0.488,1486.88,9770000000,192000000,1530000000,-2298000000,4038000000,,0.367,,,,,,true,false,12,2021-04-01,2022-03-31,0
2022-05-13,50090,2021-03-31,,42391000000,-0.252,,,,,655000000,0.920,871000000,1.111,,632000000,,79.29,,0.065,0.048,0.015,,18013000000,9993000000,0.555,1253.65,9993000000,2407000000,-1238000000,-78000000,4613000000,,1.297,,,,,,true,false,12,2020-04-01,2021-03-31,-1
2022-05-13,50090,2023-03-31,,30000000000,0.334,,,,,180000000,0.332,210000000,0.221,,160000000,,24.35,,,,,,,,,,,,,,,,,,,,,,true,true,6,2022-04-01,2022-09-30,1
2022-05-13,50090,2023-03-31,,73000000000,0.207,,,,,680000000,0.313,740000000,0.282,,530000000,,80.66,,,,,,,,,,,,,,,,1.004,,,,,,true,true,12,2022-04-01,2023-03-31,1
2022-05-13,50090,2022-03-31,,57216000000,0.461,,,,,260000000,-0.329,428000000,-0.414,1915000000,,2.529,242.07,,,,,,17739000000,7821000000,0.441,1190.29,7821000000,,,,,109.00,,,,8743907,2172751,7913649,false,false,12,2021-04-01,2022-03-31,0
2022-05-13,50090,2021-03-31,,39164000000,-0.266,,,,,388000000,,730000000,2.638,542000000,,0.249,68.00,,,,,,15864000000,8191000000,0.516,1027.58,8191000000,,,,,103.00,,,,8743907,772614,7983160,false,false,12,2020-04-01,2021-03-31,-1
2022-05-13,50090,2023-03-31,,,,,,,,,,,,,,,,,,,,,,,,,,,,,,81.00,,,,,,,false,true,12,2022-04-01,2023-03-31,1
2022-07-29,50090,2023-03-31,1,15100000000,0.327,,,,,64000000,-0.182,69000000,-0.301,,80000000,,12.21,,,,,,17296000000,9280000000,0.537,,9280000000,,,,,,,,,,,,true,false,3,2022-04-01,2022-06-30,0
2022-07-29,50090,2022-03-31,1,11377000000,0.387,,,,,78000000,-0.372,98000000,-0.671,,56000000,,7.08,,,,,,,,,,,,,,,,,,,,,,true,false,3,2021-04-01,2021-06-30,-1
2022-07-29,50090,2023-03-31,1,30000000000,0.334,,,,,180000000,0.332,210000000,0.221,,160000000,,24.35,,,,,,,,,,,,,,,,,,,,,,true,true,6,2022-04-01,2022-09-30,0
2022-07-29,50090,2023-03-31,1,73000000000,0.207,,,,,680000000,0.313,740000000,0.282,,530000000,,80.66,,,,,,,,,,,,,,,,,,,,,,true,true,12,2022-04-01,2023-03-31,0
2022-07-29,50090,2022-03-31,1,,,,,,,,,,,,,,,,,,,,20004000000,9770000000,0.488,,9770000000,,,,,,,,,,,,true,false,12,2021-04-01,2022-03-31,-1
2022-07-29,50090,2022-03-31,1,,,,,,,,,,,,,,,,,,,,,,,,,,,,,109.00,,,,8743907,2172751,,false,false,12,2021-04-01,2022-03-31,-1
2022-07-29,50090,2023-03-31,1,,,,,,,,,,,,,,,,,,,,,,,,,,,,,81.00,,,,,,,false,true,12,2022-04-01,2023-03-31,0
2022-07-29,50090,2023-03-31,1,,,,,,,,,,,,,,,,,,,,,,,,,,,,,,,,,8743907,2172751,6571156,false,false,3,2022-04-01,2022-06-30,0
2022-07-29,50090,2022-03-31,1,,,,,,,,,,,,,,,,,,,,,,,,,,,,,,,,,,,7971266,false,false,3,2021-04-01,2021-06-30,-1
2022-10-31,50090,2023-03-31,2,29151000000,0.297,,,,,153000000,0.140,165000000,-0.035,,163000000,,24.91,,,,,,16826000000,9374000000,0.557,,9374000000,,,,,,,,,,,,true,false,6,2022-04-01,2022-09-30,0
2022-10-31,50090,2022-03-31,2,22485000000,0.373,,,,,135000000,-0.579,171000000,-0.663,,84000000,,10.66,,,,,,,,,,,,,,,,,,,,,,true,false,6,2021-04-01,2021-09-30,-1
2022-10-31,50090,2023-03-31,2,73000000000,0.207,,,,,680000000,0.313,740000000,0.282,,530000000,,80.66,,,,,,,,,,,,,,,,,,,,,,true,true,12,2022-04-01,2023-03-31,0
2022-10-31,50090,2022-03-31,2,,,,,,,,,,,,,,,,,,,,20004000000,9770000000,0.488,,9770000000,,,,,,,,,,,,true,false,12,2021-04-01,2022-03-31,-1
2022-10-31,50090,2022-03-31,2,,,,,,,,,,,,,,,,,,,,,,,,,,,,,109.00,,,,8743907,2172751,,false,false,12,2021-04-01,2022-03-31,-1
2022-10-31,50090,2023-03-31,2,,,,,,,,,,,,,,,,,,,,,,,,,,,,,28.00,,,,,,,false,false,12,2022-04-01,2023-03-31,0
2022-10-31,50090,2023-03-31,2,,,,,,,,,,,,,,,,,,,,,,,,,,,,,81.00,,,,,,,false,true,12,2022-04-01,2023-03-31,0
2022-10-31,50090,2023-03-31,2,,,,,,,,,,,,,,,,,,,,,,,,,,,,,,,,,8743907,2166629,6572594,false,false,6,2022-04-01,2022-09-30,0
2022-10-31,50090,2022-03-31,2,,,,,,,,,,,,,,,,,,,,,,,,,,,,,,,,,,,7971211,false,false,6,2021-04-01,2021-09-30,-1
2023-02-06,50090,2023-03-31,3,48166000000,0.192,,,,,359000000,-0.089,378000000,-0.147,,257000000,,39.20,,,,,,21118000000,9287000000,0.440,,9287000000,,,,,,,,,,,,true,false,9,2022-04-01,2022-12-31,0
2023-02-06,50090,2022-03-31,3,40414000000,0.434,,,,,394000000,-0.273,444000000,-0.405,,271000000,,34.05,,,,,,,,,,,,,,,,,,,,,,true,false,9,2021-04-01,2021-12-31,-1
2023-02-06,50090,2023-03-31,3,70000000000,0.157,,,,,300000000,-0.421,350000000,-0.394,,460000000,,69.94,,,,,,,,,,,,,,,,,,,,,,true,true,12,2022-04-01,2023-03-31,0
2023-02-06,50090,2022-03-31,3,,,,,,,,,,,,,,,,,,,,20004000000,9770000000,0.488,,9770000000,,,,,,,,,,,,true,false,12,2021-04-01,2022-03-31,-1
2023-02-06,50090,2022-03-31,3,,,,,,,,,,,,,,,,,,,,,,,,,,,,,109.00,,,,8743907,2172751,,false,false,12,2021-04-01,2022-03-31,-1
2023-02-06,50090,2023-03-31,3,,,,,,,,,,,,,,,,,,,,,,,,,,,,,28.00,,,,,,,false,false,12,2022-04-01,2023-03-31,0
2023-02-06,50090,2023-03-31,3,,,,,,,,,,,,,,,,,,,,,,,,,,,,,70.00,,,,,,,false,true,12,2022-04-01,2023-03-31,0
2023-02-06,50090,2023-03-31,3,,,,,,,,,,,,,,,,,,,,,,,,,,,,,,,,,8743907,2166678,6577276,false,false,9,2022-04-01,2022-12-31,0
2023-02-06,50090,2022-03-31,3,,,,,,,,,,,,,,,,,,,,,,,,,,,,,,,,,,,7971156,false,false,9,2021-04-01,2021-12-31,-1
2023-05-15,50090,2023-03-31,,65073000000,0.076,,,,,338000000,-0.345,363000000,-0.370,,393000000,,59.84,,0.042,0.019,0.005,,17981000000,9309000000,0.518,1415.40,9309000000,870000000,-1454000000,-750000000,2704000000,,1.170,,,,,,true,false,12,2022-04-01,2023-03-31,0
2023-05-15,50090,2022-03-31,,60488000000,0.427,,,,,517000000,-0.210,577000000,-0.338,,2038000000,,257.61,,0.206,0.030,0.009,,20004000000,9770000000,0.488,1486.88,9770000000,192000000,1530000000,-2298000000,4038000000,,0.367,,,,,,true,false,12,2021-04-01,2022-03-31,-1
2023-05-15,50090,2024-03-31,,28300000000,-0.029,,,,,350000000,1.273,370000000,1.230,,250000000,,38.01,,,,,,,,,,,,,,,,,,,,,,true,true,6,2023-04-01,2023-09-30,1
2023-05-15,50090,2024-03-31,,65900000000,0.013,,,,,930000000,1.744,950000000,1.612,,630000000,,95.79,,,,,,,,,,,,,,,,1.002,,,,,,true,true,12,2023-04-01,2024-03-31,1
2023-05-15,50090,2023-03-31,,60664000000,0.060,,,,,25000000,-0.903,167000000,-0.609,320000000,,-0.833,48.78,,,,,,15367000000,7286000000,0.474,1107.86,7286000000,,,,,70.00,,,,8743907,2166678,6574917,false,false,12,2022-04-01,2023-03-31,0
2023-05-15,50090,2022-03-31,,57216000000,0.461,,,,,260000000,-0.329,428000000,-0.414,1915000000,,2.529,242.07,,,,,,17739000000,7821000000,0.441,1190.29,7821000000,,,,,109.00,,,,8743907,2172751,7913649,false,false,12,2021-04-01,2022-03-31,-1
2023-05-15,50090,2024-03-31,,,,,,,,,,,,,,,,,,,,,,,,,,,,,,96.00,,,,,,,false,true,12,2023-04-01,2024-03-31,1
2023-07-31,50090,2024-03-31,1,13145000000,-0.129,,,,,174000000,1.728,178000000,1.582,,140000000,,21.43,,,,,,17130000000,9186000000,0.536,,9186000000,,,,,,,,,,,,true,false,3,2023-04-01,2023-06-30,0
2023-07-31,50090,2023-03-31,1,15100000000,0.327,,,,,64000000,-0.182,69000000,-0.301,,80000000,,12.21,,,,,,,,,,,,,,,,,,,,,,true,false,3,2022-04-01,2022-06-30,-1
2023-07-31,50090,2024-03-31,1,28300000000,-0.029,,,,,350000000,1.273,370000000,1.230,,250000000,,38.01,,,,,,,,,,,,,,,,,,,,,,true,true,6,2023-04-01,2023-09-30,0
2023-07-31,50090,2024-03-31,1,65900000000,0.013,,,,,930000000,1.744,950000000,1.612,,630000000,,95.79,,,,,,,,,,,,,,,,,,,,,,true,true,12,2023-04-01,2024-03-31,0
2023-07-31,50090,2023-03-31,1,,,,,,,,,,,,,,,,,,,,18284000000,9324000000,0.510,,9324000000,,,,,,,,,,,,true,false,12,2022-04-01,2023-03-31,-1
2023-07-31,50090,2023-03-31,1,,,,,,,,,,,,,,,,,,,,,,,,,,,,,70.00,,,,8743907,2166678,,false,false,12,2022-04-01,2023-03-31,-1
2023-07-31,50090,2024-03-31,1,,,,,,,,,,,,,,,,,,,,,,,,,,,,,96.00,,,,,,,false,true,12,2023-04-01,2024-03-31,0
2023-07-31,50090,2024-03-31,1,,,,,,,,,,,,,,,,,,,,,,,,,,,,,,,,,8743907,2166823,6577168,false,false,3,2023-04-01,2023-06-30,0
2023-07-31,50090,2023-03-31,1,,,,,,,,,,,,,,,,,,,,,,,,,,,,,,,,,,,6571156,false,false,3,2022-04-01,2022-06-30,-1
2023-10-31,50090,2024-03-31,2,26152000000,-0.103,,,,,519000000,2.372,529000000,2.189,,373000000,,56.75,,,,,,16425000000,9439000000,0.575,,9439000000,,,,,,,,,,,,true,false,6,2023-04-01,2023-09-30,0
2023-10-31,50090,2023-03-31,2,29151000000,0.297,,,,,153000000,0.140,165000000,-0.035,,163000000,,24.91,,,,,,,,,,,,,,,,,,,,,,true,false,6,2022-04-01,2022-09-30,-1
2023-10-31,50090,2024-03-31,2,65900000000,0.013,,,,,930000000,1.744,950000000,1.612,,630000000,,95.79,,,,,,,,,,,,,,,,,,,,,,true,true,12,2023-04-01,2024-03-31,0
2023-10-31,50090,2023-03-31,2,,,,,,,,,,,,,,,,,,,,18284000000,9324000000,0.510,,9324000000,,,,,,,,,,,,true,false,12,2022-04-01,2023-03-31,-1
2023-10-31,50090,2023-03-31,2,,,,,,,,,,,,,,,,,,,,,,,,,,,,,70.00,,,,8743907,2166678,,false,false,12,2022-04-01,2023-03-31,-1
2023-10-31,50090,2024-03-31,2,,,,,,,,,,,,,,,,,,,,,,,,,,,,,28.00,,,,,,,false,false,12,2023-04-01,2024-03-31,0
2023-10-31,50090,2024-03-31,2,,,,,,,,,,,,,,,,,,,,,,,,,,,,,96.00,,,,,,,false,true,12,2023-04-01,2024-03-31,0
2023-10-31,50090,2024-03-31,2,,,,,,,,,,,,,,,,,,,,,,,,,,,,,,,,,8743907,2162387,6578085,false,false,6,2023-04-01,2023-09-30,0
2023-10-31,50090,2023-03-31,2,,,,,,,,,,,,,,,,,,,,,,,,,,,,,,,,,,,6572594,false,false,6,2022-04-01,2022-09-30,-1
2024-02-05,50090,2024-03-31,3,44447000000,-0.077,,,,,921000000,1.542,942000000,1.467,,652000000,,99.20,,,,,,20729000000,9543000000,0.460,,9543000000,,,,,,,,,,,,true,false,9,2023-04-01,2023-12-31,0
2024-02-05,50090,2023-03-31,3,48166000000,0.192,,,,,359000000,-0.089,378000000,-0.147,,257000000,,40.36,,,,,,,,,,,,,,,,,,,,,,true,false,9,2022-04-01,2022-12-31,-1
2024-02-05,50090,2024-03-31,3,65900000000,0.013,,,,,930000000,1.744,950000000,1.612,,630000000,,95.79,,,,,,,,,,,,,,,,,,,,,,true,true,12,2023-04-01,2024-03-31,0
2024-02-05,50090,2023-03-31,3,,,,,,,,,,,,,,,,,,,,18284000000,9324000000,0.510,,9324000000,,,,,,,,,,,,true,false,12,2022-04-01,2023-03-31,-1
2024-02-05,50090,2023-03-31,3,,,,,,,,,,,,,,,,,,,,,,,,,,,,,70.00,,,,8743907,2166678,,false,false,12,2022-04-01,2023-03-31,-1
2024-02-05,50090,2024-03-31,3,,,,,,,,,,,,,,,,,,,,,,,,,,,,,28.00,,,,,,,false,false,12,2023-04-01,2024-03-31,0
2024-02-05,50090,2024-03-31,3,,,,,,,,,,,,,,,,,,,,,,,,,,,,,96.00,,,,,,,false,true,12,2023-04-01,2024-03-31,0
2024-02-05,50090,2024-03-31,3,,,,,,,,,,,,,,,,,,,,,,,,,,,,,,,,,8743907,2159933,6579968,false,false,9,2023-04-01,2023-12-31,0
2024-02-05,50090,2023-03-31,3,,,,,,,,,,,,,,,,,,,,,,,,,,,,,,,,,,,6574161,false,false,9,2022-04-01,2022-12-31,-1
2024-05-15,50090,2024-03-31,,61912000000,-0.049,,,,,913000000,1.641,946000000,1.552,,607000000,,92.33,,0.065,0.051,0.015,,19121000000,9505000000,0.497,1443.70,9505000000,1959000000,-767000000,-462000000,3434000000,,1.008,,,,,,true,false,12,2023-04-01,2024-03-31,0
2024-05-15,50090,2023-03-31,,65073000000,0.076,,,,,345000000,-0.332,370000000,-0.358,,408000000,,62.16,,0.043,0.019,0.005,,18284000000,9324000000,0.510,1417.72,9324000000,870000000,-1454000000,-750000000,2704000000,,1.127,,,,,,true,false,12,2022-04-01,2023-03-31,-1
2024-05-15,50090,2025-03-31,,30000000000,0.147,,,,,190000000,-0.634,190000000,-0.641,,140000000,,21.26,,,,,,,,,,,,,,,,,,,,,,true,true,6,2024-04-01,2024-09-30,1
2024-05-15,50090,2025-03-31,,71000000000,0.147,,,,,800000000,-0.124,800000000,-0.154,,560000000,,85.06,,,,,,,,,,,,,,,,1.011,,,,,,true,true,12,2024-04-01,2025-03-31,1
2024-05-15,50090,2024-03-31,,56528000000,-0.068,,,,,169000000,5.731,391000000,1.339,250000000,,-0.218,38.11,,,,,,15768000000,7091000000,0.450,1077.03,7091000000,,,,,93.00,,,,8743907,2159933,6580964,false,false,12,2023-04-01,2024-03-31,0
2024-05-15,50090,2023-03-31,,60664000000,0.060,,,,,25000000,-0.903,167000000,-0.609,320000000,,-0.833,48.78,,,,,,15367000000,7286000000,0.474,1107.86,7286000000,,,,,70.00,,,,8743907,2166678,6574917,false,false,12,2022-04-01,2023-03-31,-1
2024-05-15,50090,2025-03-31,,,,,,,,,,,,,,,,,,,,,,,,,,,,,,86.00,,,,,,,false,true,12,2024-04-01,2025-03-31,1
2024-08-09,50090,2025-03-31,1,14852000000,0.130,,,,,123000000,-0.295,128000000,-0.280,,140000000,,21.35,,,,,,19055000000,9228000000,0.484,,9228000000,,,,,,,,,,,,true,false,3,2024-04-01,2024-06-30,0
2024-08-09,50090,2024-03-31,1,13145000000,-0.129,,,,,174000000,1.728,178000000,1.582,,140000000,,21.43,,,,,,,,,,,,,,,,,,,,,,true,false,3,2023-04-01,2023-06-30,-1
2024-08-09,50090,2025-03-31,1,30000000000,0.147,,,,,190000000,-0.634,190000000,-0.641,,140000000,,21.26,,,,,,,,,,,,,,,,,,,,,,true,true,6,2024-04-01,2024-09-30,0
2024-08-09,50090,2025-03-31,1,71000000000,0.147,,,,,800000000,-0.124,800000000,-0.154,,560000000,,85.06,,,,,,,,,,,,,,,,,,,,,,true,true,12,2024-04-01,2025-03-31,0
2024-08-09,50090,2024-03-31,1,,,,,,,,,,,,,,,,,,,,19121000000,9505000000,0.497,,9505000000,,,,,,,,,,,,true,false,12,2023-04-01,2024-03-31,-1
2024-08-09,50090,2024-03-31,1,,,,,,,,,,,,,,,,,,,,,,,,,,,,,93.00,,,,8743907,2159933,,false,false,12,2023-04-01,2024-03-31,-1
2024-08-09,50090,2025-03-31,1,,,,,,,,,,,,,,,,,,,,,,,,,,,,,86.00,,,,,,,false,true,12,2024-04-01,2025-03-31,0
2024-08-09,50090,2025-03-31,1,,,,,,,,,,,,,,,,,,,,,,,,,,,,,,,,,8743907,2159943,6583966,false,false,3,2024-04-01,2024-06-30,0
2024-08-09,50090,2024-03-31,1,,,,,,,,,,,,,,,,,,,,,,,,,,,,,,,,,,,6577168,false,false,3,2023-04-01,2023-06-30,-1
2024-11-11,50090,2025-03-31,2,28828000000,0.102,,,,,236000000,-0.544,251000000,-0.524,,187000000,,28.42,,,,,,17753000000,9283000000,0.523,,9283000000,,,,,,,,,,,,true,false,6,2024-04-01,2024-09-30,0
2024-11-11,50090,2024-03-31,2,26152000000,-0.103,,,,,519000000,2.372,529000000,2.189,,373000000,,56.75,,,,,,,,,,,,,,,,,,,,,,true,false,6,2023-04-01,2023-09-30,-1
2024-11-11,50090,2025-03-31,2,71000000000,0.147,,,,,800000000,-0.124,800000000,-0.154,,560000000,,85.06,,,,,,,,,,,,,,,,,,,,,,true,true,12,2024-04-01,2025-03-31,0
2024-11-11,50090,2024-03-31,2,,,,,,,,,,,,,,,,,,,,19121000000,9505000000,0.497,,9505000000,,,,,,,,,,,,true,false,12,2023-04-01,2024-03-31,-1
2024-11-11,50090,2024-03-31,2,,,,,,,,,,,,,,,,,,,,,,,,,,,,,93.00,,,,8743907,2159933,,false,false,12,2023-04-01,2024-03-31,-1
2024-11-11,50090,2025-03-31,2,,,,,,,,,,,,,,,,,,,,,,,,,,,,,30.00,,,,,,,false,false,12,2024-04-01,2025-03-31,0
2024-11-11,50090,2025-03-31,2,,,,,,,,,,,,,,,,,,,,,,,,,,,,,86.00,,,,,,,false,true,12,2024-04-01,2025-03-31,0
2024-11-11,50090,2025-03-31,2,,,,,,,,,,,,,,,,,,,,,,,,,,,,,,,,,8743907,2155505,6584915,false,false,6,2024-04-01,2024-09-30,0
2024-11-11,50090,2024-03-31,2,,,,,,,,,,,,,,,,,,,,,,,,,,,,,,,,,,,6578085,false,false,6,2023-04-01,2023-09-30,-1
2025-02-10,50090,2025-03-31,3,49884000000,0.122,,,,,675000000,-0.267,695000000,-0.262,,465000000,,70.66,,,,,,22219000000,9388000000,0.423,,9388000000,,,,,,,,,,,,true,false,9,2024-04-01,2024-12-31,0
2025-02-10,50090,2024-03-31,3,44447000000,-0.077,,,,,921000000,1.542,942000000,1.467,,652000000,,99.20,,,,,,,,,,,,,,,,,,,,,,true,false,9,2023-04-01,2023-12-31,-1
2025-02-10,50090,2025-03-31,3,71000000000,0.147,,,,,800000000,-0.124,800000000,-0.154,,560000000,,85.06,,,,,,,,,,,,,,,,,,,,,,true,true,12,2024-04-01,2025-03-31,0
2025-02-10,50090,2024-03-31,3,,,,,,,,,,,,,,,,,,,,19121000000,9505000000,0.497,,9505000000,,,,,,,,,,,,true,false,12,2023-04-01,2024-03-31,-1
2025-02-10,50090,2024-03-31,3,,,,,,,,,,,,,,,,,,,,,,,,,,,,,93.00,,,,8743907,2159933,,false,false,12,2023-04-01,2024-03-31,-1
2025-02-10,50090,2025-03-31,3,,,,,,,,,,,,,,,,,,,,,,,,,,,,,30.00,,,,,,,false,false,12,2024-04-01,2025-03-31,0
2025-02-10,50090,2025-03-31,3,,,,,,,,,,,,,,,,,,,,,,,,,,,,,86.00,,,,,,,false,true,12,2024-04-01,2025-03-31,0
2025-02-10,50090,2025-03-31,3,,,,,,,,,,,,,,,,,,,,,,,,,,,,,,,,,8743907,2151885,6586898,false,false,9,2024-04-01,2024-12-31,0
2025-02-10,50090,2024-03-31,3,,,,,,,,,,,,,,,,,,,,,,,,,,,,,,,,,,,6579968,false,false,9,2023-04-01,2023-12-31,-1
2025-05-15,50090,2025-03-31,,68344000000,0.104,,,,,800000000,-0.124,822000000,-0.130,,717000000,,108.89,,0.075,0.041,0.012,,20931000000,9620000000,0.460,1459.44,9620000000,1351000000,-478000000,1373000000,5680000000,,0.808,,,,,,true,false,12,2024-04-01,2025-03-31,0
2025-05-15,50090,2024-03-31,,61912000000,-0.049,,,,,913000000,1.641,946000000,1.552,,607000000,,92.33,,0.065,0.051,0.015,,19121000000,9505000000,0.497,1443.70,9505000000,1959000000,-767000000,-462000000,3434000000,,1.008,,,,,,true,false,12,2023-04-01,2024-03-31,-1
2025-05-15,50090,2026-03-31,,34000000000,0.179,,,,,240000000,0.015,240000000,-0.047,,150000000,,22.75,,,,,,,,,,,,,,,,,,,,,,true,true,6,2025-04-01,2025-09-30,1
2025-05-15,50090,2026-03-31,,82000000000,0.200,,,,,800000000,-0.000,800000000,-0.028,,500000000,,75.85,,,,,,,,,,,,,,,,0.817,,,,,,true,true,12,2025-04-01,2026-03-31,1
2025-05-15,50090,2025-03-31,,62700000000,0.109,,,,,12000000,-0.926,345000000,-0.118,452000000,,0.806,68.73,,,,,,17627000000,6940000000,0.394,1052.92,6940000000,,,,,88.00,,,,8743907,2151895,6588159,false,false,12,2024-04-01,2025-03-31,0
2025-05-15,50090,2024-03-31,,56528000000,-0.068,,,,,169000000,5.731,391000000,1.339,250000000,,-0.218,38.11,,,,,,15768000000,7091000000,0.450,1077.03,7091000000,,,,,93.00,,,,8743907,2159933,6580964,false,false,12,2023-04-01,2024-03-31,-1
2025-05-15,50090,2026-03-31,,,,,,,,,,,,,,,,,,,,,,,,,,,,,,62.00,,,,,,,false,true,12,2025-04-01,2026-03-31,1
2025-08-08,50090,2026-03-31,1,15578000000,0.049,,,,,149000000,0.215,147000000,0.147,,127000000,,19.35,,,,,,20660000000,9367000000,0.453,,9367000000,,,,,,,,,,,,true,false,3,2025-04-01,2025-06-30,0
2025-08-08,50090,2025-03-31,1,14852000000,0.130,,,,,123000000,-0.295,128000000,-0.280,,140000000,,21.35,,,,,,,,,,,,,,,,,,,,,,true,false,3,2024-04-01,2024-06-30,-1
2025-08-08,50090,2026-03-31,1,34000000000,0.179,,,,,240000000,0.015,240000000,-0.047,,150000000,,22.75,,,,,,,,,,,,,,,,,,,,,,true,true,6,2025-04-01,2025-09-30,0
2025-08-08,50090,2026-03-31,1,82000000000,0.200,,,,,800000000,-0.000,800000000,-0.028,,500000000,,75.85,,,,,,,,,,,,,,,,,,,,,,true,true,12,2025-04-01,2026-03-31,0
2025-08-08,50090,2025-03-31,1,,,,,,,,,,,,,,,,,,,,20931000000,9620000000,0.460,,9620000000,,,,,,,,,,,,true,false,12,2024-04-01,2025-03-31,-1
2025-08-08,50090,2025-03-31,1,,,,,,,,,,,,,,,,,,,,,,,,,,,,,88.00,,,,8743907,2151895,,false,false,12,2024-04-01,2025-03-31,-1
2025-08-08,50090,2026-03-31,1,,,,,,,,,,,,,,,,,,,,,,,,,,,,,62.00,,,,,,,false,true,12,2025-04-01,2026-03-31,0
2025-08-08,50090,2026-03-31,1,,,,,,,,,,,,,,,,,,,,,,,,,,,,,,,,,8743907,2151895,6592012,false,false,3,2025-04-01,2025-06-30,0
2025-08-08,50090,2025-03-31,1,,,,,,,,,,,,,,,,,,,,,,,,,,,,,,,,,,,6583966,false,false,3,2024-04-01,2024-06-30,-1
