filing_date,code,fiscal_year_end,quarterly_period,net_sales,net_sales_change,revenue,revenue_change,operating_revenue,operating_revenue_change,operating_profit,operating_profit_change,ordinary_profit,ordinary_profit_change,net_income,net_income_of_parent,net_income_change,eps,diluted_eps,roe,roa,operating_profit_to_net_sales,operating_profit_to_revenue,total_assets,net_assets,equity_ratio,bps,owner_equity,operating_cash_flow,investing_cash_flow,financing_cash_flow,cash,dividend_per_share,payout_ratio,commemorative_dividend,extra_dividend,number_of_shares,number_of_treqsury_shares,avg_number_of_shares,is_consolidated,is_forecast,duration,period_start,period_end,period_pos
2015-07-29,50150,2015-12-31,2,6091000000,-0.064,,,,,1124000000,0.088,1137000000,0.082,689000000,,-0.375,30.04,,,,,,13895000000,10976000000,0.790,,10976000000,,,,,,,,,22975189,17206,22957983,false,false,6,2015-01-01,2015-06-30,0
2015-07-29,50150,2014-12-31,2,6505000000,0.061,,,,,1033000000,-0.164,1051000000,-0.147,1103000000,,0.524,48.04,,,,,,,,,,,,,,,,,,,,,22958104,false,false,6,2014-01-01,2014-06-30,-1
2015-07-29,50150,2015-12-31,2,13034000000,-0.064,,,,,2251000000,-0.085,2259000000,-0.074,1373000000,,-0.275,59.84,,,,,,,,,,,,,,,54.00,,,,,,,false,true,12,2015-01-01,2015-12-31,0
2015-07-29,50150,2014-12-31,2,,,,,,,,,,,,,,,,,,,,14827000000,11036000000,0.744,,11036000000,,,,,81.00,,,,22975189,17206,,false,false,12,2014-01-01,2014-12-31,-1
2015-07-29,50150,2015-12-31,2,,,,,,,,,,,,,,,,,,,,,,,,,,,,,26.00,,,,,,,false,false,12,2015-01-01,2015-12-31,0
2015-10-29,50150,2015-12-31,3,9325000000,-0.058,,,,,1731000000,0.083,1747000000,0.086,1061000000,,-0.261,46.23,,,,,,13384000000,10749000000,0.803,,10749000000,,,,,,,,,22975189,17206,22957983,false,false,9,2015-01-01,2015-09-30,0
2015-10-29,50150,2014-12-31,3,9899000000,0.058,,,,,1598000000,-0.107,1608000000,-0.103,1435000000,,0.360,62.51,,,,,,,,,,,,,,,,,,,,,22958084,false,false,9,2014-01-01,2014-09-30,-1
2015-10-29,50150,2015-12-31,3,13034000000,-0.064,,,,,2251000000,-0.085,2259000000,-0.074,1373000000,,-0.275,59.84,,,,,,,,,,,,,,,54.00,,,,,,,false,true,12,2015-01-01,2015-12-31,0
2015-10-29,50150,2014-12-31,3,,,,,,,,,,,,,,,,,,,,14827000000,11036000000,0.744,,11036000000,,,,,81.00,,,,22975189,17206,,false,false,12,2014-01-01,2014-12-31,-1
2015-10-29,50150,2015-12-31,3,,,,,,,,,,,,,,,,,,,,,,,,,,,,,26.00,,,,,,,false,false,12,2015-01-01,2015-12-31,0
2016-02-04,50150,2015-12-31,,13045000000,-0.063,,,,,2530000000,0.029,2547000000,0.044,1570000000,,-0.171,68.42,,0.141,0.175,0.194,,14236000000,11263000000,0.791,490.61,11263000000,1217000000,-118000000,-1351000000,1658000000,69.00,1.008,,,22975189,17206,22957983,false,false,12,2015-01-01,2015-12-31,0
2016-02-04,50150,2014-12-31,,13929000000,0.041,,,,,2459000000,-0.042,2440000000,-0.048,1895000000,,0.298,82.57,,0.175,0.171,0.177,,14827000000,11036000000,0.744,480.73,11036000000,1719000000,714000000,-1500000000,1911000000,81.00,0.981,,,22975189,17206,22958058,false,false,12,2014-01-01,2014-12-31,-1
2016-02-04,50150,2016-12-31,,6010000000,-0.013,,,,,1123000000,-0.001,1126000000,-0.010,700000000,,0.015,30.49,,,,,,,,,,,,,,,,,,,,,,false,true,6,2016-01-01,2016-06-30,1
2016-02-04,50150,2016-12-31,,12918000000,-0.010,,,,,2485000000,-0.018,2489000000,-0.023,1547000000,,-0.015,67.40,,,,,,,,,,,,,,,66.00,0.979,,,,,,false,true,12,2016-01-01,2016-12-31,1
2016-04-28,50150,2016-12-31,1,2750000000,-0.003,,,,,509000000,0.161,521000000,0.155,335000000,,0.199,14.60,,,,,,13215000000,10604000000,0.802,,10604000000,,,,,,,,,22975189,17206,22957983,false,false,3,2016-01-01,2016-03-31,0
2016-04-28,50150,2015-12-31,1,2757000000,-0.060,,,,,438000000,0.077,451000000,0.078,279000000,,0.132,12.18,,,,,,,,,,,,,,,,,,,,,22957983,false,false,3,2015-01-01,2015-03-31,-1
2016-04-28,50150,2016-12-31,1,6010000000,-0.013,,,,,1123000000,-0.001,1126000000,-0.010,700000000,,0.015,30.49,,,,,,,,,,,,,,,,,,,,,,false,true,6,2016-01-01,2016-06-30,0
2016-04-28,50150,2016-12-31,1,12918000000,-0.010,,,,,2485000000,-0.018,2489000000,-0.023,1547000000,,-0.015,67.40,,,,,,,,,,,,,,,66.00,,,,,,,false,true,12,2016-01-01,2016-12-31,0
2016-04-28,50150,2015-12-31,1,,,,,,,,,,,,,,,,,,,,14236000000,11263000000,0.791,,11263000000,,,,,69.00,,,,22975189,17206,,false,false,12,2015-01-01,2015-12-31,-1
2016-07-28,50150,2016-12-31,2,6045000000,-0.007,,,,,1189000000,0.058,1209000000,0.063,779000000,,0.130,33.96,,,,,,13786000000,11040000000,0.801,,11040000000,,,,,,,,,22975189,17310,22957964,false,false,6,2016-01-01,2016-06-30,0
2016-07-28,50150,2015-12-31,2,6091000000,-0.064,,,,,1124000000,0.088,1137000000,0.082,689000000,,-0.375,30.04,,,,,,,,,,,,,,,,,,,,,22957983,false,false,6,2015-01-01,2015-06-30,-1
2016-07-28,50150,2016-12-31,2,12918000000,-0.010,,,,,2485000000,-0.018,2489000000,-0.023,1547000000,,-0.015,67.40,,,,,,,,,,,,,,,66.00,,,,,,,false,true,12,2016-01-01,2016-12-31,0
2016-07-28,50150,2015-12-31,2,,,,,,,,,,,,,,,,,,,,14236000000,11263000000,0.791,,11263000000,,,,,69.00,,,,22975189,17206,,false,false,12,2015-01-01,2015-12-31,-1
2016-07-28,50150,2016-12-31,2,,,,,,,,,,,,,,,,,,,,,,,,,,,,,26.00,,,,,,,false,false,12,2016-01-01,2016-12-31,0
2016-10-28,50150,2016-12-31,3,9163000000,-0.017,,,,,2019000000,0.167,2044000000,0.170,1319000000,,0.243,57.47,,,,,,13705000000,10983000000,0.801,,10983000000,,,,,,,,,22975189,17310,22957936,false,false,9,2016-01-01,2016-09-30,0
2016-10-28,50150,2015-12-31,3,9325000000,-0.058,,,,,1731000000,0.083,1747000000,0.086,1061000000,,-0.261,46.23,,,,,,,,,,,,,,,,,,,,,22957983,false,false,9,2015-01-01,2015-09-30,-1
2016-10-28,50150,2016-12-31,3,12918000000,-0.010,,,,,2485000000,-0.018,2489000000,-0.023,1547000000,,-0.015,67.40,,,,,,,,,,,,,,,66.00,,,,,,,false,true,12,2016-01-01,2016-12-31,0
2016-10-28,50150,2015-12-31,3,,,,,,,,,,,,,,,,,,,,14236000000,11263000000,0.791,,11263000000,,,,,69.00,,,,22975189,17206,,false,false,12,2015-01-01,2015-12-31,-1
2016-10-28,50150,2016-12-31,3,,,,,,,,,,,,,,,,,,,,,,,,,,,,,26.00,,,,,,,false,false,12,2016-01-01,2016-12-31,0
2017-01-24,50150,2016-12-31,,12806000000,-0.009,,,,,3196000000,0.286,3199000000,0.285,2082000000,,0.323,90.70,,,,,,,,,,,,,,,91.00,,,,,,,false,true,12,2016-01-01,2016-12-31,0
2017-01-24,50150,2015-12-31,,13045000000,,,,,,2530000000,,2547000000,,1570000000,,,68.42,,,,,,,,,,,,,,,69.00,,,,,,,false,false,12,2015-01-01,2015-12-31,-1
2017-01-24,50150,2016-12-31,,,,,,,,,,,,,,,,,,,,,,,,,,,,,,26.00,,,,,,,false,false,12,2016-01-01,2016-12-31,0
2017-02-03,50150,2016-12-31,,12806000000,-0.018,,,,,3196000000,0.263,3199000000,0.256,2082000000,,0.326,90.70,,0.181,0.218,0.250,,15072000000,11753000000,0.780,511.94,11753000000,2853000000,-60000000,-1581000000,2868000000,91.00,1.003,,,22975189,17310,22957922,false,false,12,2016-01-01,2016-12-31,0
2017-02-03,50150,2015-12-31,,13045000000,-0.063,,,,,2530000000,0.029,2547000000,0.044,1570000000,,-0.171,68.42,,0.141,0.175,0.194,,14236000000,11263000000,0.791,490.61,11263000000,1217000000,-118000000,-1351000000,1658000000,69.00,1.008,,,22975189,17206,22957983,false,false,12,2015-01-01,2015-12-31,-1
2017-02-03,50150,2017-12-31,,5641000000,-0.067,,,,,1170000000,-0.016,1169000000,-0.033,787000000,,0.010,34.30,,,,,,,,,,,,,,,,,,,,,,false,true,6,2017-01-01,2017-06-30,1
2017-02-03,50150,2017-12-31,,11960000000,-0.066,,,,,2421000000,-0.243,2417000000,-0.244,1628000000,,-0.218,70.95,,,,,,,,,,,,,,,71.00,1.001,,,,,,false,true,12,2017-01-01,2017-12-31,1
2017-04-28,50150,2017-12-31,1,2758000000,0.003,,,,,683000000,0.342,688000000,0.321,469000000,,0.400,20.45,,,,,,13216000000,10728000000,0.812,,10728000000,,,,,,,,,22975189,17310,22957879,false,false,3,2017-01-01,2017-03-31,0
2017-04-28,50150,2016-12-31,1,2750000000,-0.003,,,,,509000000,0.161,521000000,0.155,335000000,,0.199,14.60,,,,,,,,,,,,,,,,,,,,,22957983,false,false,3,2016-01-01,2016-03-31,-1
2017-04-28,50150,2017-12-31,1,5641000000,-0.067,,,,,1170000000,-0.016,1169000000,-0.033,787000000,,0.010,34.30,,,,,,,,,,,,,,,,,,,,,,false,true,6,2017-01-01,2017-06-30,0
2017-04-28,50150,2017-12-31,1,11960000000,-0.066,,,,,2421000000,-0.243,2417000000,-0.244,1628000000,,-0.218,70.95,,,,,,,,,,,,,,,71.00,,,,,,,false,true,12,2017-01-01,2017-12-31,0
2017-04-28,50150,2016-12-31,1,,,,,,,,,,,,,,,,,,,,15072000000,11753000000,0.780,,11753000000,,,,,91.00,,,,22975189,17310,,false,false,12,2016-01-01,2016-12-31,-1
2017-07-27,50150,2017-12-31,2,6018000000,-0.004,,,,,1488000000,0.252,1492000000,0.235,1012000000,,0.299,44.10,,,,,,14251000000,11274000000,0.791,,11274000000,,,,,,,,,22975189,17333,22957869,false,false,6,2017-01-01,2017-06-30,0
2017-07-27,50150,2016-12-31,2,6045000000,-0.007,,,,,1189000000,0.058,1209000000,0.063,779000000,,0.130,33.96,,,,,,,,,,,,,,,,,,,,,22957964,false,false,6,2016-01-01,2016-06-30,-1
2017-07-27,50150,2017-12-31,2,11960000000,-0.066,,,,,2421000000,-0.243,2417000000,-0.244,1628000000,,-0.218,70.95,,,,,,,,,,,,,,,71.00,,,,,,,false,true,12,2017-01-01,2017-12-31,0
2017-07-27,50150,2016-12-31,2,,,,,,,,,,,,,,,,,,,,15072000000,11753000000,0.780,,11753000000,,,,,91.00,,,,22975189,17310,,false,false,12,2016-01-01,2016-12-31,-1
2017-07-27,50150,2017-12-31,2,,,,,,,,,,,,,,,,,,,,,,,,,,,,,35.00,,,,,,,false,false,12,2017-01-01,2017-12-31,0
2017-10-27,50150,2017-12-31,3,9132000000,-0.003,,,,,2177000000,0.078,2184000000,0.069,1480000000,,0.122,64.50,,,,,,13556000000,10939000000,0.807,,10939000000,,,,,,,,,22975189,17333,22957865,false,false,9,2017-01-01,2017-09-30,0
2017-10-27,50150,2016-12-31,3,9163000000,-0.017,,,,,2019000000,0.167,2044000000,0.170,1319000000,,0.243,57.47,,,,,,,,,,,,,,,,,,,,,22957936,false,false,9,2016-01-01,2016-09-30,-1
2017-10-27,50150,2017-12-31,3,11960000000,-0.066,,,,,2421000000,-0.243,2417000000,-0.244,1628000000,,-0.218,70.95,,,,,,,,,,,,,,,71.00,,,,,,,false,true,12,2017-01-01,2017-12-31,0
2017-10-27,50150,2016-12-31,3,,,,,,,,,,,,,,,,,,,,15072000000,11753000000,0.780,,11753000000,,,,,91.00,,,,22975189,17310,,false,false,12,2016-01-01,2016-12-31,-1
2017-10-27,50150,2017-12-31,3,,,,,,,,,,,,,,,,,,,,,,,,,,,,,35.00,,,,,,,false,false,12,2017-01-01,2017-12-31,0
2018-02-02,50150,2017-12-31,,12641000000,-0.013,,,,,2988000000,-0.065,2994000000,-0.064,2035000000,,-0.023,88.66,,0.175,0.203,0.236,,14451000000,11501000000,0.796,500.98,11501000000,1689000000,-558000000,-2292000000,1706000000,91.00,1.026,,,22975189,17371,22957859,false,false,12,2017-01-01,2017-12-31,0
2018-02-02,50150,2016-12-31,,12806000000,-0.018,,,,,3196000000,0.263,3199000000,0.256,2082000000,,0.326,90.70,,0.181,0.218,0.250,,15072000000,11753000000,0.780,511.94,11753000000,2853000000,-60000000,-1581000000,2868000000,91.00,1.003,,,22975189,17310,22957922,false,false,12,2016-01-01,2016-12-31,-1
2018-02-02,50150,2018-12-31,,5953000000,-0.011,,,,,942000000,-0.367,939000000,-0.370,636000000,,-0.371,27.73,,,,,,,,,,,,,,,,,,,,,,false,true,6,2018-01-01,2018-06-30,1
2018-02-02,50150,2018-12-31,,12236000000,-0.032,,,,,2156000000,-0.278,2155000000,-0.280,1453000000,,-0.286,63.31,,,,,,,,,,,,,,,65.00,1.027,,,,,,false,true,12,2018-01-01,2018-12-31,1
2018-04-27,50150,2018-12-31,1,2683000000,-0.027,,,,,485000000,-0.290,494000000,-0.281,335000000,,-0.285,14.62,,,,,,13117000000,10547000000,0.804,,10547000000,,,,,,,,,22975189,17371,22957818,false,false,3,2018-01-01,2018-03-31,0
2018-04-27,50150,2017-12-31,1,2758000000,0.003,,,,,683000000,0.342,688000000,0.321,469000000,,0.400,20.45,,,,,,,,,,,,,,,,,,,,,22957879,false,false,3,2017-01-01,2017-03-31,-1
2018-04-27,50150,2018-12-31,1,5953000000,-0.011,,,,,942000000,-0.367,939000000,-0.370,636000000,,-0.371,27.73,,,,,,,,,,,,,,,,,,,,,,false,true,6,2018-01-01,2018-06-30,0
2018-04-27,50150,2018-12-31,1,12236000000,-0.032,,,,,2156000000,-0.278,2155000000,-0.280,1453000000,,-0.286,63.31,,,,,,,,,,,,,,,65.00,,,,,,,false,true,12,2018-01-01,2018-12-31,0
2018-04-27,50150,2017-12-31,1,,,,,,,,,,,,,,,,,,,,14451000000,11501000000,0.796,,11501000000,,,,,91.00,,,,22975189,17371,,false,false,12,2017-01-01,2017-12-31,-1
2018-07-27,50150,2018-12-31,2,5865000000,-0.025,,,,,1184000000,-0.204,1193000000,-0.200,791000000,,-0.219,34.46,,,,,,13881000000,11002000000,0.793,,11002000000,,,,,,,,,22975189,17371,22957818,false,false,6,2018-01-01,2018-06-30,0
2018-07-27,50150,2017-12-31,2,6018000000,-0.004,,,,,1488000000,0.252,1492000000,0.235,1012000000,,0.299,44.10,,,,,,,,,,,,,,,,,,,,,22957869,false,false,6,2017-01-01,2017-06-30,-1
2018-07-27,50150,2018-12-31,2,12236000000,-0.032,,,,,2156000000,-0.278,2155000000,-0.280,1453000000,,-0.286,63.31,,,,,,,,,,,,,,,65.00,,,,,,,false,true,12,2018-01-01,2018-12-31,0
2018-07-27,50150,2017-12-31,2,,,,,,,,,,,,,,,,,,,,14451000000,11501000000,0.796,,11501000000,,,,,91.00,,,,22975189,17371,,false,false,12,2017-01-01,2017-12-31,-1
2018-07-27,50150,2018-12-31,2,,,,,,,,,,,,,,,,,,,,,,,,,,,,,32.00,,,,,,,false,false,12,2018-01-01,2018-12-31,0
2018-10-26,50150,2018-12-31,3,8943000000,-0.021,,,,,1807000000,-0.170,1825000000,-0.164,1215000000,,-0.179,52.93,,,,,,13281000000,10691000000,0.805,,10691000000,,,,,,,,,22975189,17371,22957818,false,false,9,2018-01-01,2018-09-30,0
2018-10-26,50150,2017-12-31,3,9132000000,-0.003,,,,,2177000000,0.078,2184000000,0.069,1480000000,,0.122,64.50,,,,,,,,,,,,,,,,,,,,,22957865,false,false,9,2017-01-01,2017-09-30,-1
2018-10-26,50150,2018-12-31,3,12236000000,-0.032,,,,,2156000000,-0.278,2155000000,-0.280,1453000000,,-0.286,63.31,,,,,,,,,,,,,,,65.00,,,,,,,false,true,12,2018-01-01,2018-12-31,0
2018-10-26,50150,2017-12-31,3,,,,,,,,,,,,,,,,,,,,14451000000,11501000000,0.796,,11501000000,,,,,91.00,,,,22975189,17371,,false,false,12,2017-01-01,2017-12-31,-1
2018-10-26,50150,2018-12-31,3,,,,,,,,,,,,,,,,,,,,,,,,,,,,,32.00,,,,,,,false,false,12,2018-01-01,2018-12-31,0
2019-02-01,50150,2018-12-31,,12681000000,0.003,,,,,2433000000,-0.186,2462000000,-0.178,1649000000,,-0.190,71.85,,0.146,0.172,0.192,,14255000000,11122000000,0.780,484.45,11122000000,1797000000,-133000000,-2018000000,1353000000,75.00,1.044,,,22975189,17371,22957818,false,false,12,2018-01-01,2018-12-31,0
2019-02-01,50150,2017-12-31,,12641000000,-0.013,,,,,2988000000,-0.065,2994000000,-0.064,2035000000,,-0.023,88.66,,0.175,0.203,0.236,,14451000000,11501000000,0.796,500.98,11501000000,1689000000,-558000000,-2292000000,1706000000,91.00,1.026,,,22975189,17371,22957859,false,false,12,2017-01-01,2017-12-31,-1
2019-02-01,50150,2019-12-31,,5893000000,0.005,,,,,991000000,-0.163,1008000000,-0.155,685000000,,-0.133,29.86,,,,,,,,,,,,,,,,,,,,,,false,true,6,2019-01-01,2019-06-30,1
2019-02-01,50150,2019-12-31,,12729000000,0.004,,,,,2459000000,0.011,2494000000,0.013,1695000000,,0.028,73.87,,,,,,,,,,,,,,,75.00,1.015,,,,,,false,true,12,2019-01-01,2019-12-31,1
2019-04-26,50150,2019-12-31,1,2745000000,0.023,,,,,528000000,0.089,530000000,0.072,354000000,,0.057,15.45,,,,,,12803000000,10490000000,0.819,,10490000000,,,,,,,,,22975189,17371,22957818,false,false,3,2019-01-01,2019-03-31,0
2019-04-26,50150,2018-12-31,1,2683000000,-0.027,,,,,485000000,-0.290,494000000,-0.281,335000000,,-0.285,14.62,,,,,,,,,,,,,,,,,,,,,22957818,false,false,3,2018-01-01,2018-03-31,-1
2019-04-26,50150,2019-12-31,1,5893000000,0.005,,,,,991000000,-0.163,1008000000,-0.155,685000000,,-0.133,29.86,,,,,,,,,,,,,,,,,,,,,,false,true,6,2019-01-01,2019-06-30,0
2019-04-26,50150,2019-12-31,1,12729000000,0.004,,,,,2459000000,0.011,2494000000,0.013,1695000000,,0.028,73.87,,,,,,,,,,,,,,,75.00,,,,,,,false,true,12,2019-01-01,2019-12-31,0
2019-04-26,50150,2018-12-31,1,,,,,,,,,,,,,,,,,,,,14151000000,11122000000,0.786,,11122000000,,,,,75.00,,,,22975189,17371,,false,false,12,2018-01-01,2018-12-31,-1
2019-07-26,50150,2019-12-31,2,6030000000,0.028,,,,,1170000000,-0.012,1183000000,-0.009,796000000,,0.007,34.68,,,,,,13635000000,10930000000,0.802,,10930000000,,,,,,,,,22975189,17450,22957802,false,false,6,2019-01-01,2019-06-30,0
2019-07-26,50150,2018-12-31,2,5865000000,-0.025,,,,,1184000000,-0.204,1193000000,-0.200,791000000,,-0.219,34.46,,,,,,,,,,,,,,,,,,,,,22957818,false,false,6,2018-01-01,2018-06-30,-1
2019-07-26,50150,2019-12-31,2,12729000000,0.004,,,,,2459000000,0.011,2494000000,0.013,1695000000,,0.028,73.87,,,,,,,,,,,,,,,75.00,,,,,,,false,true,12,2019-01-01,2019-12-31,0
2019-07-26,50150,2018-12-31,2,,,,,,,,,,,,,,,,,,,,14151000000,11122000000,0.786,,11122000000,,,,,75.00,,,,22975189,17371,,false,false,12,2018-01-01,2018-12-31,-1
2019-07-26,50150,2019-12-31,2,,,,,,,,,,,,,,,,,,,,,,,,,,,,,35.00,,,,,,,false,false,12,2019-01-01,2019-12-31,0
2019-10-25,50150,2019-12-31,3,9116000000,0.019,,,,,1764000000,-0.024,1795000000,-0.017,1193000000,,-0.018,51.96,,,,,,12891000000,10523000000,0.816,,10523000000,,,,,,,,,22975189,17450,22957781,false,false,9,2019-01-01,2019-09-30,0
2019-10-25,50150,2018-12-31,3,8943000000,-0.021,,,,,1807000000,-0.170,1825000000,-0.164,1215000000,,-0.179,52.93,,,,,,,,,,,,,,,,,,,,,22957818,false,false,9,2018-01-01,2018-09-30,-1
2019-10-25,50150,2019-12-31,3,12729000000,0.004,,,,,2459000000,0.011,2494000000,0.013,1695000000,,0.028,73.87,,,,,,,,,,,,,,,75.00,,,,,,,false,true,12,2019-01-01,2019-12-31,0
2019-10-25,50150,2018-12-31,3,,,,,,,,,,,,,,,,,,,,14151000000,11122000000,0.786,,11122000000,,,,,75.00,,,,22975189,17371,,false,false,12,2018-01-01,2018-12-31,-1
2019-10-25,50150,2019-12-31,3,,,,,,,,,,,,,,,,,,,,,,,,,,,,,35.00,,,,,,,false,false,12,2019-01-01,2019-12-31,0
2020-02-10,50150,2019-12-31,,12534000000,-0.012,,,,,2515000000,0.034,2552000000,0.037,1697000000,,0.029,73.93,,0.153,0.182,0.201,,13875000000,11025000000,0.795,480.25,11025000000,1950000000,-119000000,-1789000000,1395000000,75.00,1.014,,,22975189,17450,22957770,false,false,12,2019-01-01,2019-12-31,0
2020-02-10,50150,2018-12-31,,12681000000,0.003,,,,,2433000000,-0.186,2462000000,-0.178,1649000000,,-0.190,71.85,,0.146,0.172,0.192,,14151000000,11122000000,0.786,484.45,11122000000,1797000000,-133000000,-2018000000,1353000000,75.00,1.044,,,22975189,17371,22957818,false,false,12,2018-01-01,2018-12-31,-1
2020-02-10,50150,2020-12-31,,5415000000,-0.102,,,,,873000000,-0.254,885000000,-0.251,602000000,,-0.244,26.23,,,,,,,,,,,,,,,,,,,,,,false,true,6,2020-01-01,2020-06-30,1
2020-02-10,50150,2020-12-31,,11432000000,-0.088,,,,,1988000000,-0.210,2013000000,-0.211,1368000000,,-0.194,59.63,,,,,,,,,,,,,,,63.00,1.057,,,,,,false,true,12,2020-01-01,2020-12-31,1
2020-04-28,50150,2020-12-31,1,2388000000,-0.130,,,,,335000000,-0.365,350000000,-0.340,236000000,,-0.333,10.31,,,,,,12430000000,10332000000,0.831,,10332000000,,,,,,,,,22975189,17450,22957739,false,false,3,2020-01-01,2020-03-31,0
2020-04-28,50150,2019-12-31,1,2745000000,0.023,,,,,528000000,0.089,530000000,0.072,354000000,,0.057,15.45,,,,,,,,,,,,,,,,,,,,,22957818,false,false,3,2019-01-01,2019-03-31,-1
2020-04-28,50150,2020-12-31,1,5415000000,-0.102,,,,,873000000,-0.254,885000000,-0.251,602000000,,-0.244,26.23,,,,,,,,,,,,,,,,,,,,,,false,true,6,2020-01-01,2020-06-30,0
2020-04-28,50150,2020-12-31,1,11432000000,-0.088,,,,,1988000000,-0.210,2013000000,-0.211,1368000000,,-0.194,59.63,,,,,,,,,,,,,,,63.00,,,,,,,false,true,12,2020-01-01,2020-12-31,0
2020-04-28,50150,2019-12-31,1,,,,,,,,,,,,,,,,,,,,13875000000,11025000000,0.795,,11025000000,,,,,75.00,,,,22975189,17450,,false,false,12,2019-01-01,2019-12-31,-1
2020-07-28,50150,2020-12-31,2,4904000000,-0.187,,,,,905000000,-0.226,932000000,-0.211,632000000,,-0.206,27.54,,,,,,12655000000,10730000000,0.848,,10730000000,,,,,,,,,22975189,17450,22957739,false,false,6,2020-01-01,2020-06-30,0
2020-07-28,50150,2019-12-31,2,6030000000,0.028,,,,,1170000000,-0.012,1183000000,-0.009,796000000,,0.007,34.68,,,,,,,,,,,,,,,,,,,,,22957802,false,false,6,2019-01-01,2019-06-30,-1
2020-07-28,50150,2019-12-31,2,,,,,,,,,,,,,,,,,,,,13875000000,11025000000,0.795,,11025000000,,,,,75.00,,,,22975189,17450,,false,false,12,2019-01-01,2019-12-31,-1
2020-07-28,50150,2020-12-31,2,,,,,,,,,,,,,,,,,,,,,,,,,,,,,30.00,,,,,,,false,false,12,2020-01-01,2020-12-31,0
2020-07-28,50150,2020-12-31,2,,,,,,,,,,,,,,,,,,,,,,,,,,,,,63.00,,,,,,,false,true,12,2020-01-01,2020-12-31,0
2020-10-27,50150,2020-12-31,3,7767000000,-0.148,,,,,1669000000,-0.054,1705000000,-0.050,1104000000,,-0.074,48.12,,,,,,12760000000,10515000000,0.824,,10515000000,,,,,,,,,22975189,17450,22957739,false,false,9,2020-01-01,2020-09-30,0
2020-10-27,50150,2019-12-31,3,9116000000,0.019,,,,,1764000000,-0.024,1795000000,-0.017,1193000000,,-0.018,51.96,,,,,,,,,,,,,,,,,,,,,22957781,false,false,9,2019-01-01,2019-09-30,-1
2020-10-27,50150,2019-12-31,3,,,,,,,,,,,,,,,,,,,,13875000000,11025000000,0.795,,11025000000,,,,,75.00,,,,22975189,17450,,false,false,12,2019-01-01,2019-12-31,-1
2020-10-27,50150,2020-12-31,3,,,,,,,,,,,,,,,,,,,,,,,,,,,,,30.00,,,,,,,false,false,12,2020-01-01,2020-12-31,0
2020-10-27,50150,2020-12-31,3,,,,,,,,,,,,,,,,,,,,,,,,,,,,,63.00,,,,,,,false,true,12,2020-01-01,2020-12-31,0
2020-12-18,50150,2020-12-31,,10800000000,,,,,,2360000000,,2400000000,,1470000000,,,64.02,,,,,,,,,,,,,,,,,,,,,,false,true,12,2020-01-01,2020-12-31,0
2020-12-18,50150,2019-12-31,,12534000000,,,,,,2515000000,,2552000000,,1697000000,,,73.93,,,,,,,,,,,,,,,,,,,,,,false,false,12,2019-01-01,2019-12-31,-1
2021-02-10,50150,2020-12-31,,10829000000,-0.136,,,,,2398000000,-0.046,2448000000,-0.041,1558000000,,-0.082,67.86,,0.142,0.177,0.221,,13857000000,10969000000,0.792,477.82,10969000000,1825000000,-111000000,-1605000000,1504000000,69.00,1.017,,,22975189,17450,22957739,false,false,12,2020-01-01,2020-12-31,0
2021-02-10,50150,2019-12-31,,12534000000,-0.012,,,,,2515000000,0.034,2552000000,0.037,1697000000,,0.029,73.93,,0.153,0.182,0.201,,13875000000,11025000000,0.795,480.25,11025000000,1950000000,-119000000,-1789000000,1395000000,75.00,1.014,,,22975189,17450,22957770,false,false,12,2019-01-01,2019-12-31,-1
2021-02-10,50150,2021-12-31,,4730000000,-0.036,,,,,829000000,-0.084,850000000,-0.089,552000000,,-0.127,24.05,,,,,,,,,,,,,,,,,,,,,,false,true,6,2021-01-01,2021-06-30,1
2021-02-10,50150,2021-12-31,,10833000000,0.000,,,,,2167000000,-0.096,2208000000,-0.098,1475000000,,-0.053,64.29,,,,,,,,,,,,,,,65.00,1.011,,,,,,false,true,12,2021-01-01,2021-12-31,1
2021-05-07,50150,2021-12-31,1,2376000000,-0.005,,,,,645000000,0.923,647000000,0.850,438000000,,0.853,19.11,,,,,,12901000000,10514000000,0.815,,10514000000,,,,,,,,,22975189,17450,22957739,false,false,3,2021-01-01,2021-03-31,0
2021-05-07,50150,2020-12-31,1,2388000000,-0.130,,,,,335000000,-0.365,350000000,-0.340,236000000,,-0.333,10.31,,,,,,,,,,,,,,,,,,,,,22957739,false,false,3,2020-01-01,2020-03-31,-1
2021-05-07,50150,2021-12-31,1,4730000000,-0.036,,,,,829000000,-0.084,850000000,-0.089,552000000,,-0.127,24.05,,,,,,,,,,,,,,,,,,,,,,false,true,6,2021-01-01,2021-06-30,0
2021-05-07,50150,2021-12-31,1,10833000000,0.000,,,,,2167000000,-0.096,2208000000,-0.098,1475000000,,-0.053,64.29,,,,,,,,,,,,,,,65.00,,,,,,,false,true,12,2021-01-01,2021-12-31,0
2021-05-07,50150,2020-12-31,1,,,,,,,,,,,,,,,,,,,,13857000000,10969000000,0.792,,10969000000,,,,,69.00,,,,22975189,17450,,false,false,12,2020-01-01,2020-12-31,-1
2021-07-30,50150,2021-12-31,,5196000000,0.098,,,,,1213000000,0.463,1228000000,0.445,830000000,,0.505,36.19,,,,,,,,,,,,,,,,,,,,,,false,true,6,2021-01-01,2021-06-30,0
2021-07-30,50150,2020-12-31,,4904000000,,,,,,905000000,,932000000,,632000000,,,27.54,,,,,,,,,,,,,,,,,,,,,,false,false,6,2020-01-01,2020-06-30,-1
2021-07-30,50150,2021-12-31,,11169000000,0.031,,,,,2221000000,0.025,2256000000,0.022,1530000000,,0.037,66.64,,,,,,,,,,,,,,,67.00,,,,,,,false,true,12,2021-01-01,2021-12-31,0
2021-07-30,50150,2020-12-31,,10829000000,,,,,,2398000000,,2448000000,,1558000000,,,67.86,,,,,,,,,,,,,,,69.00,,,,,,,false,false,12,2020-01-01,2020-12-31,-1
2021-08-06,50150,2021-12-31,2,5196000000,0.059,,,,,1210000000,0.337,1225000000,0.314,830000000,,0.314,36.19,,,,,,13609000000,10906000000,0.801,,10906000000,,,,,,,,,22975189,17450,22957739,false,false,6,2021-01-01,2021-06-30,0
2021-08-06,50150,2020-12-31,2,4904000000,-0.187,,,,,905000000,-0.226,932000000,-0.211,632000000,,-0.206,27.54,,,,,,,,,,,,,,,,,,,,,22957739,false,false,6,2020-01-01,2020-06-30,-1
2021-08-06,50150,2021-12-31,2,11169000000,0.031,,,,,2221000000,-0.074,2256000000,-0.078,1530000000,,-0.018,66.64,,,,,,,,,,,,,,,67.00,,,,,,,false,true,12,2021-01-01,2021-12-31,0
2021-08-06,50150,2020-12-31,2,,,,,,,,,,,,,,,,,,,,13857000000,10969000000,0.792,,10969000000,,,,,69.00,,,,22975189,17450,,false,false,12,2020-01-01,2020-12-31,-1
2021-08-06,50150,2021-12-31,2,,,,,,,,,,,,,,,,,,,,,,,,,,,,,30.00,,,,,,,false,false,12,2021-01-01,2021-12-31,0
2021-11-05,50150,2021-12-31,3,7983000000,0.028,,,,,1674000000,0.003,1701000000,-0.003,1153000000,,0.044,50.25,,,,,,13221000000,10540000000,0.797,,10540000000,,,,,,,,,22975189,17474,22957738,false,false,9,2021-01-01,2021-09-30,0
2021-11-05,50150,2020-12-31,3,7767000000,-0.148,,,,,1669000000,-0.054,1705000000,-0.050,1104000000,,-0.074,48.12,,,,,,,,,,,,,,,,,,,,,22957739,false,false,9,2020-01-01,2020-09-30,-1
2021-11-05,50150,2021-12-31,3,11169000000,0.031,,,,,2221000000,-0.074,2256000000,-0.078,1530000000,,-0.018,66.64,,,,,,,,,,,,,,,67.00,,,,,,,false,true,12,2021-01-01,2021-12-31,0
2021-11-05,50150,2020-12-31,3,,,,,,,,,,,,,,,,,,,,13857000000,10969000000,0.792,,10969000000,,,,,69.00,,,,22975189,17450,,false,false,12,2020-01-01,2020-12-31,-1
2021-11-05,50150,2021-12-31,3,,,,,,,,,,,,,,,,,,,,,,,,,,,,,30.00,,,,,,,false,false,12,2021-01-01,2021-12-31,0
2022-02-10,50150,2021-12-31,,11091000000,0.024,,,,,2231000000,-0.069,2274000000,-0.071,1547000000,,-0.007,67.42,,0.141,0.166,0.201,,13569000000,10932000000,0.806,476.21,10932000000,1202000000,-114000000,-1581000000,1010000000,69.00,1.023,,,22975189,17474,22957732,false,false,12,2021-01-01,2021-12-31,0
2022-02-10,50150,2020-12-31,,10829000000,-0.136,,,,,2398000000,-0.046,2448000000,-0.041,1558000000,,-0.082,67.86,,0.142,0.177,0.221,,13857000000,10969000000,0.792,477.82,10969000000,1825000000,-111000000,-1605000000,1504000000,69.00,1.017,,,22975189,17450,22957739,false,false,12,2020-01-01,2020-12-31,-1
2022-02-10,50150,2022-12-31,,5216000000,0.004,,,,,697000000,-0.424,716000000,-0.415,487000000,,-0.414,21.21,,,,,,,,,,,,,,,,,,,,,,false,true,6,2022-01-01,2022-06-30,1
2022-02-10,50150,2022-12-31,,11266000000,0.016,,,,,1855000000,-0.169,1893000000,-0.168,1279000000,,-0.174,55.71,,,,,,,,,,,,,,,57.00,1.023,,,,,,false,true,12,2022-01-01,2022-12-31,1
2022-05-06,50150,2022-12-31,1,2481000000,,,,,,323000000,-0.499,335000000,-0.483,226000000,,-0.483,9.87,,,,,,12632000000,10262000000,0.812,,10262000000,,,,,,,,,22975189,17474,22957715,false,false,3,2022-01-01,2022-03-31,0
2022-05-06,50150,2021-12-31,1,2376000000,-0.005,,,,,645000000,0.923,647000000,0.850,438000000,,0.853,19.11,,,,,,,,,,,,,,,,,,,,,22957739,false,false,3,2021-01-01,2021-03-31,-1
2022-05-06,50150,2022-12-31,1,5272000000,,,,,,534000000,-0.559,555000000,-0.547,377000000,,-0.546,16.43,,,,,,,,,,,,,,,,,,,,,,false,true,6,2022-01-01,2022-06-30,0
2022-05-06,50150,2022-12-31,1,11370000000,,,,,,1481000000,-0.336,1521000000,-0.331,1026000000,,-0.337,44.69,,,,,,,,,,,,,,,46.00,,,,,,,false,true,12,2022-01-01,2022-12-31,0
2022-05-06,50150,2021-12-31,1,,,,,,,,,,,,,,,,,,,,13569000000,10932000000,0.806,,10932000000,,,,,69.00,,,,22975189,17474,,false,false,12,2021-01-01,2021-12-31,-1
2022-08-05,50150,2022-12-31,2,5359000000,,,,,,590000000,-0.512,611000000,-0.501,396000000,,-0.523,17.25,,,,,,13048000000,10433000000,0.800,,10433000000,,,,,,,,,22975189,17474,22957715,false,false,6,2022-01-01,2022-06-30,0
2022-08-05,50150,2021-12-31,2,5196000000,0.059,,,,,1210000000,0.337,1225000000,0.314,830000000,,0.314,36.19,,,,,,,,,,,,,,,,,,,,,22957739,false,false,6,2021-01-01,2021-06-30,-1
2022-08-05,50150,2022-12-31,2,11370000000,,,,,,1481000000,-0.336,1521000000,-0.331,1026000000,,-0.337,44.69,,,,,,,,,,,,,,,46.00,,,,,,,false,true,12,2022-01-01,2022-12-31,0
2022-08-05,50150,2021-12-31,2,,,,,,,,,,,,,,,,,,,,13569000000,10932000000,0.806,,10932000000,,,,,69.00,,,,22975189,17474,,false,false,12,2021-01-01,2021-12-31,-1
2022-08-05,50150,2022-12-31,2,,,,,,,,,,,,,,,,,,,,,,,,,,,,,23.00,,,,,,,false,false,12,2022-01-01,2022-12-31,0
2022-10-26,50150,2022-12-31,,11371000000,0.000,,,,,795000000,-0.463,843000000,-0.445,501000000,,-0.512,21.82,,,,,,,,,,,,,,,,,,,,,,false,true,12,2022-01-01,2022-12-31,0
2022-10-26,50150,2021-12-31,,11091000000,,,,,,2231000000,,2274000000,,1547000000,,,67.42,,,,,,,,,,,,,,,,,,,,,,false,false,12,2021-01-01,2021-12-31,-1
2022-11-04,50150,2022-12-31,3,8073000000,,,,,,814000000,-0.514,853000000,-0.499,527000000,,-0.543,22.96,,,,,,12093000000,10036000000,0.830,,10036000000,,,,,,,,,22975189,17474,22957715,false,false,9,2022-01-01,2022-09-30,0
2022-11-04,50150,2021-12-31,3,7983000000,0.028,,,,,1674000000,0.003,1701000000,-0.003,1153000000,,0.044,50.25,,,,,,,,,,,,,,,,,,,,,22957738,false,false,9,2021-01-01,2021-09-30,-1
2022-11-04,50150,2022-12-31,3,11371000000,,,,,,795000000,-0.643,843000000,-0.629,501000000,,-0.676,21.82,,,,,,,,,,,,,,,46.00,,,,,,,false,true,12,2022-01-01,2022-12-31,0
2022-11-04,50150,2021-12-31,3,,,,,,,,,,,,,,,,,,,,13569000000,10932000000,0.806,,10932000000,,,,,69.00,,,,22975189,17474,,false,false,12,2021-01-01,2021-12-31,-1
2022-11-04,50150,2022-12-31,3,,,,,,,,,,,,,,,,,,,,,,,,,,,,,23.00,,,,,,,false,false,12,2022-01-01,2022-12-31,0
2022-11-04,50150,2022-12-31,3,8073000000,,,,,,814000000,-0.514,853000000,-0.499,527000000,,-0.543,22.96,,,,,,12353000000,10036000000,0.812,,10036000000,,,,,,,,,22975189,17474,22957715,false,false,9,2022-01-01,2022-09-30,0
2022-11-04,50150,2021-12-31,3,7983000000,0.028,,,,,1674000000,0.003,1701000000,-0.003,1153000000,,0.044,50.25,,,,,,,,,,,,,,,,,,,,,22957738,false,false,9,2021-01-01,2021-09-30,-1
2022-11-04,50150,2022-12-31,3,11371000000,,,,,,795000000,-0.643,843000000,-0.629,501000000,,-0.676,21.82,,,,,,,,,,,,,,,46.00,,,,,,,false,true,12,2022-01-01,2022-12-31,0
2022-11-04,50150,2021-12-31,3,,,,,,,,,,,,,,,,,,,,13569000000,10932000000,0.806,,10932000000,,,,,69.00,,,,22975189,17474,,false,false,12,2021-01-01,2021-12-31,-1
2022-11-04,50150,2022-12-31,3,,,,,,,,,,,,,,,,,,,,,,,,,,,,,23.00,,,,,,,false,false,12,2022-01-01,2022-12-31,0
2023-02-09,50150,2022-12-31,,11188000000,,,,,,869000000,-0.611,941000000,-0.586,572000000,,-0.630,24.93,,0.054,0.072,0.078,,12748000000,10083000000,0.791,439.20,10083000000,378000000,1720000000,-1422000000,1687000000,46.00,1.845,,,22975189,17474,22957715,false,false,12,2022-01-01,2022-12-31,0
2023-02-09,50150,2021-12-31,,11091000000,0.024,,,,,2231000000,-0.069,2274000000,-0.071,1547000000,,-0.007,67.42,,0.141,0.166,0.201,,13569000000,10932000000,0.806,476.21,10932000000,1202000000,-114000000,-1581000000,1010000000,69.00,1.023,,,22975189,17474,22957732,false,false,12,2021-01-01,2021-12-31,-1
2023-02-09,50150,2023-12-31,,5532000000,0.032,,,,,264000000,-0.553,301000000,-0.507,199000000,,-0.497,8.67,,,,,,,,,,,,,,,,,,,,,,false,true,6,2023-01-01,2023-06-30,1
2023-02-09,50150,2023-12-31,,11989000000,0.072,,,,,1151000000,0.325,1227000000,0.303,810000000,,0.415,35.28,,,,,,,,,,,,,,,36.00,1.020,,,,,,false,true,12,2023-01-01,2023-12-31,1
2023-05-08,50150,2023-12-31,1,2721000000,0.096,,,,,173000000,-0.463,191000000,-0.427,127000000,,-0.437,5.56,,,,,,12424000000,9682000000,0.779,,9682000000,,,,,,,,,22975189,17474,22957715,false,false,3,2023-01-01,2023-03-31,0
2023-05-08,50150,2022-12-31,1,2481000000,,,,,,323000000,-0.499,335000000,-0.483,226000000,,-0.483,9.87,,,,,,,,,,,,,,,,,,,,,22957715,false,false,3,2022-01-01,2022-03-31,-1
2023-05-08,50150,2023-12-31,1,5532000000,0.032,,,,,264000000,-0.553,301000000,-0.507,199000000,,-0.497,8.67,,,,,,,,,,,,,,,,,,,,,,false,true,6,2023-01-01,2023-06-30,0
2023-05-08,50150,2023-12-31,1,11989000000,0.072,,,,,1151000000,0.325,1227000000,0.303,810000000,,0.415,35.28,,,,,,,,,,,,,,,36.00,,,,,,,false,true,12,2023-01-01,2023-12-31,0
2023-05-08,50150,2022-12-31,1,,,,,,,,,,,,,,,,,,,,12748000000,10083000000,0.791,,10083000000,,,,,46.00,,,,22975189,17474,,false,false,12,2022-01-01,2022-12-31,-1
2023-07-28,50150,2023-12-31,,5765000000,0.042,,,,,593000000,1.248,618000000,1.057,410000000,,1.062,17.87,,,,,,,,,,,,,,,,,,,,,,false,true,6,2023-01-01,2023-06-30,0
2023-07-28,50150,2022-12-31,,5359000000,,,,,,590000000,,611000000,,396000000,,,17.25,,,,,,,,,,,,,,,,,,,,,,false,false,6,2022-01-01,2022-06-30,-1
2023-07-28,50150,2023-12-31,,12281000000,0.024,,,,,1179000000,0.024,1242000000,0.013,822000000,,0.015,35.80,,,,,,,,,,,,,,,,,,,,,,false,true,12,2023-01-01,2023-12-31,0
2023-07-28,50150,2022-12-31,,11188000000,,,,,,869000000,,941000000,,572000000,,,24.93,,,,,,,,,,,,,,,,,,,,,,false,false,12,2022-01-01,2022-12-31,-1
2023-08-04,50150,2023-12-31,2,5765000000,0.076,,,,,593000000,0.005,618000000,0.012,410000000,,0.036,17.87,,,,,,12847000000,9967000000,0.776,,9967000000,,,,,,,,,22975189,17474,22957715,false,false,6,2023-01-01,2023-06-30,0
2023-08-04,50150,2022-12-31,2,5359000000,,,,,,590000000,-0.512,611000000,-0.501,396000000,,-0.523,17.25,,,,,,,,,,,,,,,,,,,,,22957715,false,false,6,2022-01-01,2022-06-30,-1
2023-08-04,50150,2023-12-31,2,12281000000,0.098,,,,,1179000000,0.357,1242000000,0.319,822000000,,0.436,35.80,,,,,,,,,,,,,,,36.00,,,,,,,false,true,12,2023-01-01,2023-12-31,0
2023-08-04,50150,2022-12-31,2,,,,,,,,,,,,,,,,,,,,12748000000,10083000000,0.791,,10083000000,,,,,46.00,,,,22975189,17474,,false,false,12,2022-01-01,2022-12-31,-1
2023-08-04,50150,2023-12-31,2,,,,,,,,,,,,,,,,,,,,,,,,,,,,,16.00,,,,,,,false,false,12,2023-01-01,2023-12-31,0
2023-11-06,50150,2023-12-31,3,8699000000,0.077,,,,,842000000,0.035,882000000,0.035,584000000,,0.109,25.47,,,,,,12520000000,9776000000,0.781,,9776000000,,,,,,,,,22975189,17474,22957715,false,false,9,2023-01-01,2023-09-30,0
2023-11-06,50150,2022-12-31,3,8073000000,,,,,,814000000,-0.514,853000000,-0.499,527000000,,-0.543,22.96,,,,,,,,,,,,,,,,,,,,,22957715,false,false,9,2022-01-01,2022-09-30,-1
2023-11-06,50150,2023-12-31,3,12281000000,0.098,,,,,1179000000,0.357,1242000000,0.319,822000000,,0.436,35.80,,,,,,,,,,,,,,,36.00,,,,,,,false,true,12,2023-01-01,2023-12-31,0
2023-11-06,50150,2022-12-31,3,,,,,,,,,,,,,,,,,,,,12748000000,10083000000,0.791,,10083000000,,,,,46.00,,,,22975189,17474,,false,false,12,2022-01-01,2022-12-31,-1
2023-11-06,50150,2023-12-31,3,,,,,,,,,,,,,,,,,,,,,,,,,,,,,16.00,,,,,,,false,false,12,2023-01-01,2023-12-31,0
2024-02-09,50150,2023-12-31,,12037000000,0.076,,,,,1108000000,0.275,1168000000,0.241,781000000,,0.365,34.04,,0.078,0.091,0.092,,12812000000,9972000000,0.778,434.38,9972000000,645000000,-193000000,-893000000,1245000000,36.00,1.058,,,22975189,17474,22957715,false,false,12,2023-01-01,2023-12-31,0
2024-02-09,50150,2022-12-31,,11188000000,,,,,,869000000,-0.611,941000000,-0.586,572000000,,-0.630,24.93,,0.054,0.072,0.078,,12748000000,10083000000,0.791,439.20,10083000000,378000000,1720000000,-1422000000,1687000000,46.00,1.845,,,22975189,17474,22957715,false,false,12,2022-01-01,2022-12-31,-1
2024-02-09,50150,2024-12-31,,5976000000,0.037,,,,,439000000,-0.259,475000000,-0.232,317000000,,-0.226,13.83,,,,,,,,,,,,,,,,,,,,,,false,true,6,2024-01-01,2024-06-30,1
2024-02-09,50150,2024-12-31,,13363000000,0.110,,,,,1352000000,0.220,1423000000,0.218,950000000,,0.217,41.41,,,,,,,,,,,,,,,42.00,1.014,,,,,,false,true,12,2024-01-01,2024-12-31,1
2024-05-09,50150,2024-12-31,1,2813000000,0.034,,,,,321000000,0.852,334000000,0.743,222000000,,0.740,9.67,,,,,,12553000000,9736000000,0.776,,9736000000,,,,,,,,,22975189,17474,22957715,false,false,3,2024-01-01,2024-03-31,0
2024-05-09,50150,2023-12-31,1,2721000000,0.096,,,,,173000000,-0.463,191000000,-0.427,127000000,,-0.437,5.56,,,,,,,,,,,,,,,,,,,,,22957715,false,false,3,2023-01-01,2023-03-31,-1
2024-05-09,50150,2024-12-31,1,5976000000,0.037,,,,,439000000,-0.259,475000000,-0.232,317000000,,-0.226,13.83,,,,,,,,,,,,,,,,,,,,,,false,true,6,2024-01-01,2024-06-30,0
2024-05-09,50150,2024-12-31,1,13363000000,0.110,,,,,1352000000,0.220,1423000000,0.218,950000000,,0.217,41.41,,,,,,,,,,,,,,,42.00,,,,,,,false,true,12,2024-01-01,2024-12-31,0
2024-05-09,50150,2023-12-31,1,,,,,,,,,,,,,,,,,,,,12812000000,9972000000,0.778,,9972000000,,,,,36.00,,,,22975189,17474,,false,false,12,2023-01-01,2023-12-31,-1
2024-05-09,50150,2024-12-31,1,2813000000,0.034,,,,,421000000,1.426,434000000,1.263,289000000,,1.265,12.59,,,,,,12653000000,9803000000,0.775,,9803000000,,,,,,,,,22975189,17474,22957715,false,false,3,2024-01-01,2024-03-31,0
2024-05-09,50150,2023-12-31,1,2721000000,0.096,,,,,173000000,-0.463,191000000,-0.427,127000000,,-0.437,5.56,,,,,,,,,,,,,,,,,,,,,22957715,false,false,3,2023-01-01,2023-03-31,-1
2024-05-09,50150,2024-12-31,1,5976000000,0.037,,,,,439000000,-0.259,475000000,-0.232,317000000,,-0.226,13.83,,,,,,,,,,,,,,,,,,,,,,false,true,6,2024-01-01,2024-06-30,0
2024-05-09,50150,2024-12-31,1,13363000000,0.110,,,,,1352000000,0.220,1423000000,0.218,950000000,,0.217,41.41,,,,,,,,,,,,,,,42.00,,,,,,,false,true,12,2024-01-01,2024-12-31,0
2024-05-09,50150,2023-12-31,1,,,,,,,,,,,,,,,,,,,,12812000000,9972000000,0.778,,9972000000,,,,,36.00,,,,22975189,17474,,false,false,12,2023-01-01,2023-12-31,-1
2024-08-14,50150,2024-12-31,2,6193000000,0.074,,,,,798000000,0.345,826000000,0.334,552000000,,0.346,24.06,,,,,,13452000000,10065000000,0.748,,10065000000,,,,,,,,,22975189,17474,22957715,false,false,6,2024-01-01,2024-06-30,0
2024-08-14,50150,2023-12-31,2,5765000000,0.076,,,,,593000000,0.005,618000000,0.012,410000000,,0.036,17.87,,,,,,,,,,,,,,,,,,,,,22957715,false,false,6,2023-01-01,2023-06-30,-1
2024-08-14,50150,2024-12-31,2,13363000000,0.110,,,,,1352000000,0.220,1423000000,0.218,950000000,,0.217,41.41,,,,,,,,,,,,,,,42.00,,,,,,,false,true,12,2024-01-01,2024-12-31,0
2024-08-14,50150,2023-12-31,2,,,,,,,,,,,,,,,,,,,,12812000000,9972000000,0.778,,9972000000,,,,,36.00,,,,22975189,17474,,false,false,12,2023-01-01,2023-12-31,-1
2024-08-14,50150,2024-12-31,2,,,,,,,,,,,,,,,,,,,,,,,,,,,,,19.00,,,,,,,false,false,12,2024-01-01,2024-12-31,0
2024-11-07,50150,2024-12-31,3,9602000000,0.104,,,,,964000000,0.145,1026000000,0.163,687000000,,0.175,29.93,,,,,,12955000000,9761000000,0.753,,9761000000,,,,,,,,,22975189,17474,22957715,false,false,9,2024-01-01,2024-09-30,0
2024-11-07,50150,2023-12-31,3,8699000000,0.077,,,,,842000000,0.035,882000000,0.035,584000000,,0.109,25.47,,,,,,,,,,,,,,,,,,,,,22957715,false,false,9,2023-01-01,2023-09-30,-1
2024-11-07,50150,2024-12-31,3,13363000000,0.110,,,,,1352000000,0.220,1423000000,0.218,950000000,,0.217,41.41,,,,,,,,,,,,,,,42.00,,,,,,,false,true,12,2024-01-01,2024-12-31,0
2024-11-07,50150,2023-12-31,3,,,,,,,,,,,,,,,,,,,,12812000000,9972000000,0.778,,9972000000,,,,,36.00,,,,22975189,17474,,false,false,12,2023-01-01,2023-12-31,-1
2024-11-07,50150,2024-12-31,3,,,,,,,,,,,,,,,,,,,,,,,,,,,,,19.00,,,,,,,false,false,12,2024-01-01,2024-12-31,0
2025-02-10,50150,2024-12-31,,13652000000,0.134,,,,,1354000000,0.222,1412000000,0.209,932000000,,0.193,40.61,,0.093,0.108,0.099,,13438000000,10006000000,0.745,435.88,10006000000,516000000,-122000000,-894000000,745000000,42.00,1.034,,,22975189,17474,22957715,false,false,12,2024-01-01,2024-12-31,0
2025-02-10,50150,2023-12-31,,12037000000,0.076,,,,,1108000000,0.275,1168000000,0.241,781000000,,0.365,34.04,,0.078,0.091,0.092,,12812000000,9972000000,0.778,434.38,9972000000,645000000,-193000000,-893000000,1245000000,36.00,1.058,,,22975189,17474,22957715,false,false,12,2023-01-01,2023-12-31,-1
2025-02-10,50150,2025-12-31,,7487000000,0.209,,,,,721000000,-0.095,762000000,-0.077,473000000,,-0.143,20.63,,,,,,,,,,,,,,,,,,,,,,false,true,6,2025-01-01,2025-06-30,1
2025-02-10,50150,2025-12-31,,15336000000,0.123,,,,,1488000000,0.099,1570000000,0.111,1006000000,,0.079,43.84,,,,,,,,,,,,,,,44.00,1.004,,,,,,false,true,12,2025-01-01,2025-12-31,1
2025-05-09,50150,2025-12-31,1,3313000000,0.178,,,,,130000000,-0.690,166000000,-0.618,75000000,,-0.738,3.29,,,,,,12540000000,9555000000,0.762,,9555000000,,,,,,,,,22975189,17474,22957715,false,false,3,2025-01-01,2025-03-31,0
2025-05-09,50150,2024-12-31,1,2813000000,0.034,,,,,421000000,1.426,434000000,1.263,289000000,,1.265,12.59,,,,,,,,,,,,,,,,,,,,,22957715,false,false,3,2024-01-01,2024-03-31,-1
2025-05-09,50150,2025-12-31,1,7487000000,0.209,,,,,721000000,-0.095,762000000,-0.077,473000000,,-0.143,20.63,,,,,,,,,,,,,,,,,,,,,,false,true,6,2025-01-01,2025-06-30,0
2025-05-09,50150,2025-12-31,1,15336000000,0.123,,,,,1488000000,0.099,1570000000,0.111,1006000000,,0.079,43.84,,,,,,,,,,,,,,,44.00,,,,,,,false,true,12,2025-01-01,2025-12-31,0
2025-05-09,50150,2024-12-31,1,,,,,,,,,,,,,,,,,,,,13438000000,10006000000,0.745,,10006000000,,,,,42.00,,,,22975189,17474,,false,false,12,2024-01-01,2024-12-31,-1
2025-08-06,50150,2025-12-31,2,7123000000,0.150,,,,,718000000,-0.099,778000000,-0.058,475000000,,-0.139,20.71,,,,,,12940000000,9953000000,0.769,,9953000000,,,,,,,,,22975189,17474,22957715,false,false,6,2025-01-01,2025-06-30,0
2025-08-06,50150,2024-12-31,2,6193000000,0.074,,,,,798000000,0.345,826000000,0.334,552000000,,0.346,24.06,,,,,,,,,,,,,,,,,,,,,22957715,false,false,6,2024-01-01,2024-06-30,-1
2025-08-06,50150,2025-12-31,2,15336000000,0.123,,,,,1488000000,0.099,1570000000,0.111,1006000000,,0.079,43.84,,,,,,,,,,,,,,,44.00,,,,,,,false,true,12,2025-01-01,2025-12-31,0
2025-08-06,50150,2024-12-31,2,,,,,,,,,,,,,,,,,,,,13438000000,10006000000,0.745,,10006000000,,,,,42.00,,,,22975189,17474,,false,false,12,2024-01-01,2024-12-31,-1
2025-08-06,50150,2025-12-31,2,,,,,,,,,,,,,,,,,,,,,,,,,,,,,20.00,,,,,,,false,false,12,2025-01-01,2025-12-31,0
