filing_date,code,fiscal_year_end,quarterly_period,net_sales,net_sales_change,revenue,revenue_change,operating_revenue,operating_revenue_change,operating_profit,operating_profit_change,ordinary_profit,ordinary_profit_change,net_income,net_income_of_parent,net_income_change,eps,diluted_eps,roe,roa,operating_profit_to_net_sales,operating_profit_to_revenue,total_assets,net_assets,equity_ratio,bps,owner_equity,operating_cash_flow,investing_cash_flow,financing_cash_flow,cash,dividend_per_share,payout_ratio,commemorative_dividend,extra_dividend,number_of_shares,number_of_treqsury_shares,avg_number_of_shares,is_consolidated,is_forecast,duration,period_start,period_end,period_pos
2015-05-15,51850,2015-03-31,,70067000000,0.090,,,,,3454000000,0.133,4113000000,0.169,2789000000,,0.135,161.99,161.86,0.091,0.069,0.049,,63835000000,34973000000,0.514,1902.81,32808000000,6084000000,-5207000000,139000000,8914000000,,0.123,,,,,,true,false,12,2014-04-01,2015-03-31,0
2015-05-15,51850,2014-03-31,,64300000000,0.130,,,,,3047000000,0.144,3519000000,0.146,2457000000,,0.294,142.90,142.81,0.092,0.067,0.047,,55804000000,30490000000,0.514,1666.49,28665000000,3895000000,-3705000000,-149000000,7519000000,,0.140,,,,,,true,false,12,2013-04-01,2014-03-31,-1
2015-05-15,51850,2016-03-31,,35000000000,0.012,,,,,1600000000,-0.257,1700000000,-0.286,,1100000000,,63.80,,,,,,,,,,,,,,,,,,,,,,true,true,6,2015-04-01,2015-09-30,1
2015-05-15,51850,2016-03-31,,72000000000,0.028,,,,,3500000000,0.013,3700000000,-0.101,,2400000000,,139.20,,,,,,,,,,,,,,,,0.144,,,,,,true,true,12,2015-04-01,2016-03-31,1
2015-05-15,51850,2015-03-31,,36126000000,0.033,,,,,-159000000,,2315000000,0.147,1584000000,,0.197,92.02,91.95,,,,,36044000000,20985000000,0.582,1217.01,20983000000,,,,,20.00,,,,17609130,367133,17218587,false,false,12,2014-04-01,2015-03-31,0
2015-05-15,51850,2014-03-31,,34963000000,0.084,,,,,476000000,-0.351,2017000000,0.114,1323000000,,0.106,76.94,76.89,,,,,34218000000,19770000000,0.577,1148.50,19755000000,,,,,20.00,,,,17609130,408113,17200213,false,false,12,2013-04-01,2014-03-31,-1
2015-05-15,51850,2016-03-31,,,,,,,,,,,,,,,,,,,,,,,,,,,,,,20.00,,,,,,,false,true,12,2015-04-01,2016-03-31,1
2015-07-31,51850,2016-03-31,1,18373000000,0.064,,,,,1174000000,-0.052,1230000000,-0.032,,792000000,,45.98,45.97,,,,,63975000000,35535000000,0.521,,33320000000,,,,,,,,,,,,true,false,3,2015-04-01,2015-06-30,0
2015-07-31,51850,2015-03-31,1,17274000000,0.143,,,,,1238000000,0.577,1272000000,0.283,,806000000,,46.90,46.87,,,,,,,,,,,,,,,,,,,,,true,false,3,2014-04-01,2014-06-30,-1
2015-07-31,51850,2016-03-31,1,35000000000,0.012,,,,,1600000000,-0.257,1700000000,-0.286,,1100000000,,63.80,,,,,,,,,,,,,,,,,,,,,,true,true,6,2015-04-01,2015-09-30,0
2015-07-31,51850,2016-03-31,1,72000000000,0.028,,,,,3500000000,0.013,3700000000,-0.101,,2400000000,,139.20,,,,,,,,,,,,,,,,,,,,,,true,true,12,2015-04-01,2016-03-31,0
2015-07-31,51850,2015-03-31,1,,,,,,,,,,,,,,,,,,,,63835000000,34973000000,0.514,,32808000000,,,,,,,,,,,,true,false,12,2014-04-01,2015-03-31,-1
2015-07-31,51850,2015-03-31,1,,,,,,,,,,,,,,,,,,,,,,,,,,,,,20.00,,,,17609130,367133,,false,false,12,2014-04-01,2015-03-31,-1
2015-07-31,51850,2016-03-31,1,,,,,,,,,,,,,,,,,,,,,,,,,,,,,20.00,,,,,,,false,true,12,2015-04-01,2016-03-31,0
2015-07-31,51850,2016-03-31,1,,,,,,,,,,,,,,,,,,,,,,,,,,,,,,,,,17609130,366154,17242316,false,false,3,2015-04-01,2015-06-30,0
2015-07-31,51850,2015-03-31,1,,,,,,,,,,,,,,,,,,,,,,,,,,,,,,,,,,,17201007,false,false,3,2014-04-01,2014-06-30,-1
2015-10-30,51850,2016-03-31,2,36846000000,0.065,,,,,2079000000,-0.034,2109000000,-0.114,,1428000000,,83.74,83.73,,,,,64732000000,35583000000,0.515,,33361000000,,,,,,,,,,,,true,false,6,2015-04-01,2015-09-30,0
2015-10-30,51850,2015-03-31,2,34593000000,0.111,,,,,2153000000,0.430,2380000000,0.304,,1652000000,,96.07,95.99,,,,,,,,,,,,,,,,,,,,,true,false,6,2014-04-01,2014-09-30,-1
2015-10-30,51850,2016-03-31,2,72000000000,0.028,,,,,3500000000,0.013,3700000000,-0.101,,2400000000,,139.20,,,,,,,,,,,,,,,,,,,,,,true,true,12,2015-04-01,2016-03-31,0
2015-10-30,51850,2015-03-31,2,,,,,,,,,,,,,,,,,,,,63835000000,34973000000,0.514,,32808000000,,,,,,,,,,,,true,false,12,2014-04-01,2015-03-31,-1
2015-10-30,51850,2015-03-31,2,,,,,,,,,,,,,,,,,,,,,,,,,,,,,20.00,,,,17609130,367133,,false,false,12,2014-04-01,2015-03-31,-1
2015-10-30,51850,2016-03-31,2,,,,,,,,,,,,,,,,,,,,,,,,,,,,,10.00,,,,,,,false,false,12,2015-04-01,2016-03-31,0
2015-10-30,51850,2016-03-31,2,,,,,,,,,,,,,,,,,,,,,,,,,,,,,20.00,,,,,,,false,true,12,2015-04-01,2016-03-31,0
2015-10-30,51850,2016-03-31,2,,,,,,,,,,,,,,,,,,,,,,,,,,,,,,,,,17609130,921185,17057641,false,false,6,2015-04-01,2015-09-30,0
2015-10-30,51850,2015-03-31,2,,,,,,,,,,,,,,,,,,,,,,,,,,,,,,,,,,,17204173,false,false,6,2014-04-01,2014-09-30,-1
2016-01-29,51850,2016-03-31,3,54695000000,0.053,,,,,2884000000,0.026,3089000000,-0.104,,2158000000,,127.49,127.48,,,,,64902000000,34902000000,0.506,,32810000000,,,,,,,,,,,,true,false,9,2015-04-01,2015-12-31,0
2016-01-29,51850,2015-03-31,3,51928000000,0.091,,,,,2811000000,0.136,3448000000,0.145,,2263000000,,131.53,131.41,,,,,,,,,,,,,,,,,,,,,true,false,9,2014-04-01,2014-12-31,-1
2016-01-29,51850,2016-03-31,3,72000000000,0.028,,,,,3500000000,0.013,3700000000,-0.101,,2400000000,,139.20,,,,,,,,,,,,,,,,,,,,,,true,true,12,2015-04-01,2016-03-31,0
2016-01-29,51850,2015-03-31,3,,,,,,,,,,,,,,,,,,,,63835000000,34973000000,0.514,,32808000000,,,,,,,,,,,,true,false,12,2014-04-01,2015-03-31,-1
2016-01-29,51850,2015-03-31,3,,,,,,,,,,,,,,,,,,,,,,,,,,,,,20.00,,,,17609130,367133,,false,false,12,2014-04-01,2015-03-31,-1
2016-01-29,51850,2016-03-31,3,,,,,,,,,,,,,,,,,,,,,,,,,,,,,10.00,,,,,,,false,false,12,2015-04-01,2016-03-31,0
2016-01-29,51850,2016-03-31,3,,,,,,,,,,,,,,,,,,,,,,,,,,,,,20.00,,,,,,,false,true,12,2015-04-01,2016-03-31,0
2016-01-29,51850,2016-03-31,3,,,,,,,,,,,,,,,,,,,,,,,,,,,,,,,,,17609130,921195,16934405,false,false,9,2015-04-01,2015-12-31,0
2016-01-29,51850,2015-03-31,3,,,,,,,,,,,,,,,,,,,,,,,,,,,,,,,,,,,17211561,false,false,9,2014-04-01,2014-12-31,-1
2016-05-13,51850,2016-03-31,,72216000000,0.031,,,,,3229000000,-0.065,3370000000,-0.181,,1968000000,,116.68,116.67,0.060,0.053,0.045,,63848000000,34930000000,0.513,1964.19,32778000000,6679000000,-6906000000,171000000,8624000000,,0.171,,,,,,true,false,12,2015-04-01,2016-03-31,0
2016-05-13,51850,2015-03-31,,70067000000,0.090,,,,,3454000000,0.133,4113000000,0.169,,2789000000,,161.99,161.86,0.091,0.069,0.049,,63835000000,34973000000,0.514,1902.81,32808000000,6084000000,-5207000000,139000000,8914000000,,0.123,,,,,,true,false,12,2014-04-01,2015-03-31,-1
2016-05-13,51850,2017-03-31,,35500000000,-0.037,,,,,1400000000,-0.327,1500000000,-0.289,,1000000000,,59.92,,,,,,,,,,,,,,,,,,,,,,true,true,6,2016-04-01,2016-09-30,1
2016-05-13,51850,2017-03-31,,72500000000,0.004,,,,,3300000000,0.022,3500000000,0.038,,2200000000,,131.83,,,,,,,,,,,,,,,,0.152,,,,,,true,true,12,2016-04-01,2017-03-31,1
2016-05-13,51850,2016-03-31,,35764000000,-0.010,,,,,-165000000,,1826000000,-0.211,1473000000,,-0.070,87.36,87.35,,,,,36847000000,21453000000,0.582,1285.57,21453000000,,,,,20.00,,,,17609130,921205,16872787,false,false,12,2015-04-01,2016-03-31,0
2016-05-13,51850,2015-03-31,,36126000000,0.033,,,,,-159000000,,2315000000,0.147,1584000000,,0.197,92.02,91.95,,,,,36044000000,20985000000,0.582,1217.01,20983000000,,,,,20.00,,,,17609130,367133,17218587,false,false,12,2014-04-01,2015-03-31,-1
2016-05-13,51850,2017-03-31,,,,,,,,,,,,,,,,,,,,,,,,,,,,,,20.00,,,,,,,false,true,12,2016-04-01,2017-03-31,1
2016-07-29,51850,2017-03-31,1,17587000000,-0.043,,,,,836000000,-0.288,615000000,-0.500,,414000000,,24.83,24.83,,,,,62968000000,34278000000,0.511,,32181000000,,,,,,,,,,,,true,false,3,2016-04-01,2016-06-30,0
2016-07-29,51850,2016-03-31,1,18373000000,0.064,,,,,1174000000,-0.052,1230000000,-0.032,,792000000,,45.98,45.97,,,,,,,,,,,,,,,,,,,,,true,false,3,2015-04-01,2015-06-30,-1
2016-07-29,51850,2017-03-31,1,35500000000,-0.037,,,,,1400000000,-0.327,1500000000,-0.289,,1000000000,,59.92,,,,,,,,,,,,,,,,,,,,,,true,true,6,2016-04-01,2016-09-30,0
2016-07-29,51850,2017-03-31,1,72500000000,0.004,,,,,3300000000,0.022,3500000000,0.038,,2200000000,,131.83,,,,,,,,,,,,,,,,,,,,,,true,true,12,2016-04-01,2017-03-31,0
2016-07-29,51850,2016-03-31,1,,,,,,,,,,,,,,,,,,,,63848000000,34930000000,0.513,,32778000000,,,,,,,,,,,,true,false,12,2015-04-01,2016-03-31,-1
2016-07-29,51850,2016-03-31,1,,,,,,,,,,,,,,,,,,,,,,,,,,,,,20.00,,,,17609130,921205,,false,false,12,2015-04-01,2016-03-31,-1
2016-07-29,51850,2017-03-31,1,,,,,,,,,,,,,,,,,,,,,,,,,,,,,20.00,,,,,,,false,true,12,2016-04-01,2017-03-31,0
2016-07-29,51850,2017-03-31,1,,,,,,,,,,,,,,,,,,,,,,,,,,,,,,,,,17609130,921256,16687901,false,false,3,2016-04-01,2016-06-30,0
2016-07-29,51850,2016-03-31,1,,,,,,,,,,,,,,,,,,,,,,,,,,,,,,,,,,,17242316,false,false,3,2015-04-01,2015-06-30,-1
2016-10-28,51850,2017-03-31,,35070000000,-0.012,,,,,1520000000,0.086,1240000000,-0.173,,880000000,,52.75,,,,,,,,,,,,,,,,,,,,,,true,true,6,2016-04-01,2016-09-30,0
2016-10-28,51850,2016-03-31,,36846000000,,,,,,2079000000,,2109000000,,,1428000000,,83.74,,,,,,,,,,,,,,,,,,,,,,true,false,6,2015-04-01,2015-09-30,-1
2016-10-28,51850,2017-03-31,,72000000000,-0.007,,,,,3300000000,,3100000000,-0.114,,2000000000,,119.85,,,,,,,,,,,,,,,,,,,,,,true,true,12,2016-04-01,2017-03-31,0
2016-10-28,51850,2016-03-31,,72216000000,,,,,,3229000000,,3370000000,,,1968000000,,116.68,,,,,,,,,,,,,,,,,,,,,,true,false,12,2015-04-01,2016-03-31,-1
2016-10-31,51850,2017-03-31,2,35073000000,-0.048,,,,,1522000000,-0.268,1248000000,-0.408,,880000000,,52.75,52.74,,,,,60691000000,32874000000,0.510,,30950000000,,,,,,,,,,,,true,false,6,2016-04-01,2016-09-30,0
2016-10-31,51850,2016-03-31,2,36846000000,0.065,,,,,2079000000,-0.034,2109000000,-0.114,,1428000000,,83.74,83.73,,,,,,,,,,,,,,,,,,,,,true,false,6,2015-04-01,2015-09-30,-1
2016-10-31,51850,2017-03-31,2,72000000000,-0.003,,,,,3300000000,0.022,3100000000,-0.080,,2000000000,,119.85,,,,,,,,,,,,,,,,,,,,,,true,true,12,2016-04-01,2017-03-31,0
2016-10-31,51850,2016-03-31,2,,,,,,,,,,,,,,,,,,,,63848000000,34930000000,0.513,,32778000000,,,,,,,,,,,,true,false,12,2015-04-01,2016-03-31,-1
2016-10-31,51850,2016-03-31,2,,,,,,,,,,,,,,,,,,,,,,,,,,,,,20.00,,,,17609130,921205,,false,false,12,2015-04-01,2016-03-31,-1
2016-10-31,51850,2017-03-31,2,,,,,,,,,,,,,,,,,,,,,,,,,,,,,10.00,,,,,,,false,false,12,2016-04-01,2017-03-31,0
2016-10-31,51850,2017-03-31,2,,,,,,,,,,,,,,,,,,,,,,,,,,,,,20.00,,,,,,,false,true,12,2016-04-01,2017-03-31,0
2016-10-31,51850,2017-03-31,2,,,,,,,,,,,,,,,,,,,,,,,,,,,,,,,,,17609130,921297,16687874,false,false,6,2016-04-01,2016-09-30,0
2016-10-31,51850,2016-03-31,2,,,,,,,,,,,,,,,,,,,,,,,,,,,,,,,,,,,17057641,false,false,6,2015-04-01,2015-09-30,-1
2017-01-31,51850,2017-03-31,3,52075000000,-0.048,,,,,2079000000,-0.279,2152000000,-0.303,,1472000000,,88.25,88.24,,,,,61604000000,33024000000,0.504,,31050000000,,,,,,,,,,,,true,false,9,2016-04-01,2016-12-31,0
2017-01-31,51850,2016-03-31,3,54695000000,0.053,,,,,2884000000,0.026,3089000000,-0.104,,2158000000,,127.49,127.48,,,,,,,,,,,,,,,,,,,,,true,false,9,2015-04-01,2015-12-31,-1
2017-01-31,51850,2017-03-31,3,72000000000,-0.003,,,,,3300000000,0.022,3100000000,-0.080,,2000000000,,119.85,,,,,,,,,,,,,,,,,,,,,,true,true,12,2016-04-01,2017-03-31,0
2017-01-31,51850,2016-03-31,3,,,,,,,,,,,,,,,,,,,,63848000000,34930000000,0.513,,32778000000,,,,,,,,,,,,true,false,12,2015-04-01,2016-03-31,-1
2017-01-31,51850,2016-03-31,3,,,,,,,,,,,,,,,,,,,,,,,,,,,,,20.00,,,,17609130,921205,,false,false,12,2015-04-01,2016-03-31,-1
2017-01-31,51850,2017-03-31,3,,,,,,,,,,,,,,,,,,,,,,,,,,,,,10.00,,,,,,,false,false,12,2016-04-01,2017-03-31,0
2017-01-31,51850,2017-03-31,3,,,,,,,,,,,,,,,,,,,,,,,,,,,,,20.00,,,,,,,false,true,12,2016-04-01,2017-03-31,0
2017-01-31,51850,2017-03-31,3,,,,,,,,,,,,,,,,,,,,,,,,,,,,,,,,,17609130,921297,16687860,false,false,9,2016-04-01,2016-12-31,0
2017-01-31,51850,2016-03-31,3,,,,,,,,,,,,,,,,,,,,,,,,,,,,,,,,,,,16934405,false,false,9,2015-04-01,2015-12-31,-1
2017-05-15,51850,2017-03-31,,70663000000,-0.022,,,,,3097000000,-0.041,3365000000,-0.001,,2137000000,,128.15,128.14,0.065,0.052,0.044,,65153000000,35712000000,0.514,2021.71,33485000000,6738000000,-5723000000,-1163000000,8172000000,,0.156,,,,,,true,false,12,2016-04-01,2017-03-31,0
2017-05-15,51850,2016-03-31,,72216000000,0.031,,,,,3229000000,-0.065,3370000000,-0.181,,1968000000,,116.68,116.67,0.060,0.053,0.045,,63848000000,34930000000,0.513,1964.19,32778000000,6679000000,-6906000000,171000000,8624000000,,0.171,,,,,,true,false,12,2015-04-01,2016-03-31,-1
2017-05-15,51850,2018-03-31,,35000000000,-0.002,,,,,1100000000,-0.278,1200000000,-0.039,,800000000,,48.30,,,,,,,,,,,,,,,,,,,,,,true,true,6,2017-04-01,2017-09-30,1
2017-05-15,51850,2018-03-31,,72000000000,0.019,,,,,2900000000,-0.064,3100000000,-0.079,,2100000000,,126.79,,,,,,,,,,,,,,,,0.158,,,,,,true,true,12,2017-04-01,2018-03-31,1
2017-05-15,51850,2017-03-31,,35515000000,-0.007,,,,,-402000000,,1487000000,-0.186,1240000000,,-0.159,74.36,74.36,,,,,37601000000,22274000000,0.592,1344.80,22274000000,,,,,20.00,,,,17609130,1046028,16677454,false,false,12,2016-04-01,2017-03-31,0
2017-05-15,51850,2016-03-31,,35764000000,-0.010,,,,,-165000000,,1826000000,-0.211,1473000000,,-0.070,87.36,87.35,,,,,36847000000,21453000000,0.582,1285.57,21453000000,,,,,20.00,,,,17609130,921205,16872787,false,false,12,2015-04-01,2016-03-31,-1
2017-05-15,51850,2018-03-31,,,,,,,,,,,,,,,,,,,,,,,,,,,,,,20.00,,,,,,,false,true,12,2017-04-01,2018-03-31,1
2017-07-31,51850,2018-03-31,1,18475000000,0.050,,,,,850000000,0.017,894000000,0.452,,530000000,,32.01,,,,,,65702000000,35940000000,0.513,,33709000000,,,,,,,,,,,,true,false,3,2017-04-01,2017-06-30,0
2017-07-31,51850,2017-03-31,1,17587000000,-0.043,,,,,836000000,-0.288,615000000,-0.500,,414000000,,24.83,24.83,,,,,,,,,,,,,,,,,,,,,true,false,3,2016-04-01,2016-06-30,-1
2017-07-31,51850,2018-03-31,1,35000000000,-0.002,,,,,1100000000,-0.278,1200000000,-0.039,,800000000,,48.30,,,,,,,,,,,,,,,,,,,,,,true,true,6,2017-04-01,2017-09-30,0
2017-07-31,51850,2018-03-31,1,72000000000,0.019,,,,,2900000000,-0.064,3100000000,-0.079,,2100000000,,126.79,,,,,,,,,,,,,,,,,,,,,,true,true,12,2017-04-01,2018-03-31,0
2017-07-31,51850,2017-03-31,1,,,,,,,,,,,,,,,,,,,,65153000000,35712000000,0.514,,33485000000,,,,,,,,,,,,true,false,12,2016-04-01,2017-03-31,-1
2017-07-31,51850,2017-03-31,1,,,,,,,,,,,,,,,,,,,,,,,,,,,,,20.00,,,,17609130,1046028,,false,false,12,2016-04-01,2017-03-31,-1
2017-07-31,51850,2018-03-31,1,,,,,,,,,,,,,,,,,,,,,,,,,,,,,20.00,,,,,,,false,true,12,2017-04-01,2018-03-31,0
2017-07-31,51850,2018-03-31,1,,,,,,,,,,,,,,,,,,,,,,,,,,,,,,,,,17609130,1046028,16563102,false,false,3,2017-04-01,2017-06-30,0
2017-07-31,51850,2017-03-31,1,,,,,,,,,,,,,,,,,,,,,,,,,,,,,,,,,,,16687901,false,false,3,2016-04-01,2016-06-30,-1
2017-10-27,51850,2018-03-31,,37000000000,0.057,,,,,1480000000,0.345,1560000000,0.300,,970000000,,58.56,,,,,,,,,,,,,,,,,,,,,,true,true,6,2017-04-01,2017-09-30,0
2017-10-27,51850,2017-03-31,,35073000000,,,,,,1522000000,,1248000000,,,880000000,,52.75,,,,,,,,,,,,,,,,,,,,,,true,false,6,2016-04-01,2016-09-30,-1
2017-10-27,51850,2018-03-31,,74000000000,0.028,,,,,2600000000,-0.103,2900000000,-0.065,,1800000000,,108.68,,,,,,,,,,,,,,,,,,,,,,true,true,12,2017-04-01,2018-03-31,0
2017-10-27,51850,2017-03-31,,70663000000,,,,,,3097000000,,3365000000,,,2137000000,,128.15,,,,,,,,,,,,,,,,,,,,,,true,false,12,2016-04-01,2017-03-31,-1
2017-10-31,51850,2018-03-31,2,37000000000,0.055,,,,,1486000000,-0.024,1561000000,0.251,,978000000,,59.09,,,,,,67661000000,36467000000,0.506,,34243000000,,,,,,,,,,,,true,false,6,2017-04-01,2017-09-30,0
2017-10-31,51850,2017-03-31,2,35073000000,-0.048,,,,,1522000000,-0.268,1248000000,-0.408,,880000000,,52.75,52.74,,,,,,,,,,,,,,,,,,,,,true,false,6,2016-04-01,2016-09-30,-1
2017-10-31,51850,2018-03-31,2,74000000000,0.047,,,,,2600000000,-0.161,2900000000,-0.138,,1800000000,,108.68,,,,,,,,,,,,,,,,,,,,,,true,true,12,2017-04-01,2018-03-31,0
2017-10-31,51850,2017-03-31,2,,,,,,,,,,,,,,,,,,,,65153000000,35712000000,0.514,,33485000000,,,,,,,,,,,,true,false,12,2016-04-01,2017-03-31,-1
2017-10-31,51850,2017-03-31,2,,,,,,,,,,,,,,,,,,,,,,,,,,,,,20.00,,,,17609130,1046028,,false,false,12,2016-04-01,2017-03-31,-1
2017-10-31,51850,2018-03-31,2,,,,,,,,,,,,,,,,,,,,,,,,,,,,,10.00,,,,,,,false,false,12,2017-04-01,2018-03-31,0
2017-10-31,51850,2018-03-31,2,,,,,,,,,,,,,,,,,,,,,,,,,,,,,20.00,,,,,,,false,true,12,2017-04-01,2018-03-31,0
2017-10-31,51850,2018-03-31,2,,,,,,,,,,,,,,,,,,,,,,,,,,,,,,,,,17609130,1046038,16563098,false,false,6,2017-04-01,2017-09-30,0
2017-10-31,51850,2017-03-31,2,,,,,,,,,,,,,,,,,,,,,,,,,,,,,,,,,,,16687874,false,false,6,2016-04-01,2016-09-30,-1
2017-12-26,51850,2018-03-31,,74000000000,,,,,,2600000000,,2900000000,,,100000000,,6.04,,,,,,,,,,,,,,,,,,,,,,true,true,12,2017-04-01,2018-03-31,0
2017-12-26,51850,2017-03-31,,70663000000,,,,,,3097000000,,3365000000,,,2137000000,,128.15,,,,,,,,,,,,,,,,,,,,,,true,false,12,2016-04-01,2017-03-31,-1
2018-01-31,51850,2018-03-31,3,56102000000,0.077,,,,,2234000000,0.075,2392000000,0.112,,-355000000,,-21.46,,,,,,69144000000,35402000000,0.479,,33089000000,,,,,,,,,,,,true,false,9,2017-04-01,2017-12-31,0
2018-01-31,51850,2017-03-31,3,52075000000,-0.048,,,,,2079000000,-0.279,2152000000,-0.303,,1472000000,,88.25,88.24,,,,,,,,,,,,,,,,,,,,,true,false,9,2016-04-01,2016-12-31,-1
2018-01-31,51850,2018-03-31,3,74000000000,0.047,,,,,2600000000,-0.161,2900000000,-0.138,,100000000,,6.04,,,,,,,,,,,,,,,,,,,,,,true,true,12,2017-04-01,2018-03-31,0
2018-01-31,51850,2017-03-31,3,,,,,,,,,,,,,,,,,,,,65153000000,35712000000,0.514,,33485000000,,,,,,,,,,,,true,false,12,2016-04-01,2017-03-31,-1
2018-01-31,51850,2017-03-31,3,,,,,,,,,,,,,,,,,,,,,,,,,,,,,20.00,,,,17609130,1046028,,false,false,12,2016-04-01,2017-03-31,-1
2018-01-31,51850,2018-03-31,3,,,,,,,,,,,,,,,,,,,,,,,,,,,,,10.00,,,,,,,false,false,12,2017-04-01,2018-03-31,0
2018-01-31,51850,2018-03-31,3,,,,,,,,,,,,,,,,,,,,,,,,,,,,,20.00,,,,,,,false,true,12,2017-04-01,2018-03-31,0
2018-01-31,51850,2018-03-31,3,,,,,,,,,,,,,,,,,,,,,,,,,,,,,,,,,17609130,1046078,16563086,false,false,9,2017-04-01,2017-12-31,0
2018-01-31,51850,2017-03-31,3,,,,,,,,,,,,,,,,,,,,,,,,,,,,,,,,,,,16687860,false,false,9,2016-04-01,2016-12-31,-1
2018-05-11,51850,2018-03-31,,75220000000,0.016,,,,,2820000000,0.085,2760000000,-0.048,,-250000000,,-15.09,,,,,,,,,,,,,,,,,,,,,,true,true,12,2017-04-01,2018-03-31,0
2018-05-11,51850,2017-03-31,,70663000000,,,,,,3097000000,,3365000000,,,2137000000,,128.15,,,,,,,,,,,,,,,,,,,,,,true,false,12,2016-04-01,2017-03-31,-1
2018-05-15,51850,2018-03-31,,75224000000,0.065,,,,,2823000000,-0.089,2760000000,-0.180,,-243000000,,-14.72,,-0.007,0.041,0.038,,70627000000,36178000000,0.478,2036.89,33737000000,7031000000,-6055000000,-236000000,9104000000,,,,,,,,true,false,12,2017-04-01,2018-03-31,0
2018-05-15,51850,2017-03-31,,70663000000,-0.022,,,,,3097000000,-0.041,3365000000,-0.001,,2137000000,,128.15,128.14,0.065,0.052,0.044,,65153000000,35712000000,0.514,2021.71,33485000000,6738000000,-5723000000,-1163000000,8172000000,,0.156,,,,,,true,false,12,2016-04-01,2017-03-31,-1
2018-05-15,51850,2019-03-31,,38000000000,0.027,,,,,1300000000,-0.125,1400000000,-0.103,,1000000000,,60.38,,,,,,,,,,,,,,,,,,,,,,true,true,6,2018-04-01,2018-09-30,1
2018-05-15,51850,2019-03-31,,77000000000,0.024,,,,,3200000000,0.133,3400000000,0.231,,2400000000,,144.90,,,,,,,,,,,,,,,,0.138,,,,,,true,true,12,2018-04-01,2019-03-31,1
2018-05-15,51850,2018-03-31,,36564000000,0.030,,,,,-1059000000,,876000000,-0.411,-415000000,,,-25.10,,,,,,39303000000,21536000000,0.548,1300.30,21536000000,,,,,20.00,,,,17609130,1046078,16563077,false,false,12,2017-04-01,2018-03-31,0
2018-05-15,51850,2017-03-31,,35515000000,-0.007,,,,,-402000000,,1487000000,-0.186,1240000000,,-0.159,74.36,74.36,,,,,37601000000,22274000000,0.592,1344.80,22274000000,,,,,20.00,,,,17609130,1046028,16677454,false,false,12,2016-04-01,2017-03-31,-1
2018-05-15,51850,2019-03-31,,,,,,,,,,,,,,,,,,,,,,,,,,,,,,20.00,,,,,,,false,true,12,2018-04-01,2019-03-31,1
2018-07-31,51850,2019-03-31,1,19432000000,0.052,,,,,854000000,0.005,998000000,0.116,,634000000,,38.28,,,,,,69582000000,35633000000,0.479,,33302000000,,,,,,,,,,,,true,false,3,2018-04-01,2018-06-30,0
2018-07-31,51850,2018-03-31,1,18475000000,0.050,,,,,850000000,0.017,894000000,0.452,,530000000,,32.01,,,,,,,,,,,,,,,,,,,,,,true,false,3,2017-04-01,2017-06-30,-1
2018-07-31,51850,2019-03-31,1,38000000000,0.027,,,,,1300000000,-0.125,1400000000,-0.103,,1000000000,,60.38,,,,,,,,,,,,,,,,,,,,,,true,true,6,2018-04-01,2018-09-30,0
2018-07-31,51850,2019-03-31,1,77000000000,0.024,,,,,3200000000,0.133,3400000000,0.231,,2400000000,,144.90,,,,,,,,,,,,,,,,,,,,,,true,true,12,2018-04-01,2019-03-31,0
2018-07-31,51850,2018-03-31,1,,,,,,,,,,,,,,,,,,,,70367000000,36178000000,0.479,,33737000000,,,,,,,,,,,,true,false,12,2017-04-01,2018-03-31,-1
2018-07-31,51850,2018-03-31,1,,,,,,,,,,,,,,,,,,,,,,,,,,,,,20.00,,,,17609130,1046078,,false,false,12,2017-04-01,2018-03-31,-1
2018-07-31,51850,2019-03-31,1,,,,,,,,,,,,,,,,,,,,,,,,,,,,,20.00,,,,,,,false,true,12,2018-04-01,2019-03-31,0
2018-07-31,51850,2019-03-31,1,,,,,,,,,,,,,,,,,,,,,,,,,,,,,,,,,17609130,1046168,16562995,false,false,3,2018-04-01,2018-06-30,0
2018-07-31,51850,2018-03-31,1,,,,,,,,,,,,,,,,,,,,,,,,,,,,,,,,,,,16563102,false,false,3,2017-04-01,2017-06-30,-1
2018-10-31,51850,2019-03-31,2,38958000000,0.053,,,,,1583000000,0.065,1750000000,0.121,,1256000000,,75.88,,,,,,69769000000,36087000000,0.484,,33771000000,,,,,,,,,,,,true,false,6,2018-04-01,2018-09-30,0
2018-10-31,51850,2018-03-31,2,37000000000,0.055,,,,,1486000000,-0.024,1561000000,0.251,,978000000,,59.09,,,,,,,,,,,,,,,,,,,,,,true,false,6,2017-04-01,2017-09-30,-1
2018-10-31,51850,2019-03-31,2,77000000000,0.024,,,,,3200000000,0.133,3400000000,0.231,,2400000000,,144.90,,,,,,,,,,,,,,,,,,,,,,true,true,12,2018-04-01,2019-03-31,0
2018-10-31,51850,2018-03-31,2,,,,,,,,,,,,,,,,,,,,70367000000,36178000000,0.479,,33737000000,,,,,,,,,,,,true,false,12,2017-04-01,2018-03-31,-1
2018-10-31,51850,2018-03-31,2,,,,,,,,,,,,,,,,,,,,,,,,,,,,,20.00,,,,17609130,1046078,,false,false,12,2017-04-01,2018-03-31,-1
2018-10-31,51850,2019-03-31,2,,,,,,,,,,,,,,,,,,,,,,,,,,,,,10.00,,,,,,,false,false,12,2018-04-01,2019-03-31,0
2018-10-31,51850,2019-03-31,2,,,,,,,,,,,,,,,,,,,,,,,,,,,,,20.00,,,,,,,false,true,12,2018-04-01,2019-03-31,0
2018-10-31,51850,2019-03-31,2,,,,,,,,,,,,,,,,,,,,,,,,,,,,,,,,,17609130,1046169,16562978,false,false,6,2018-04-01,2018-09-30,0
2018-10-31,51850,2018-03-31,2,,,,,,,,,,,,,,,,,,,,,,,,,,,,,,,,,,,16563098,false,false,6,2017-04-01,2017-09-30,-1
2018-11-16,51850,2019-03-31,,77000000000,,,,,,2900000000,-0.094,3000000000,-0.118,,2100000000,,126.79,,,,,,,,,,,,,,,,,,,,,,true,true,12,2018-04-01,2019-03-31,0
2018-11-16,51850,2018-03-31,,75224000000,,,,,,2823000000,,2760000000,,,-243000000,,-14.72,,,,,,,,,,,,,,,,,,,,,,true,false,12,2017-04-01,2018-03-31,-1
2019-01-31,51850,2019-03-31,3,58539000000,0.043,,,,,1942000000,-0.131,2109000000,-0.119,,1303000000,,78.68,,,,,,71426000000,36552000000,0.478,,34113000000,,,,,,,,,,,,true,false,9,2018-04-01,2018-12-31,0
2019-01-31,51850,2018-03-31,3,56102000000,0.077,,,,,2234000000,0.075,2392000000,0.112,,-355000000,,-21.46,,,,,,,,,,,,,,,,,,,,,,true,false,9,2017-04-01,2017-12-31,-1
2019-01-31,51850,2019-03-31,3,77000000000,0.024,,,,,2900000000,0.027,3000000000,0.087,,2100000000,,126.79,,,,,,,,,,,,,,,,,,,,,,true,true,12,2018-04-01,2019-03-31,0
2019-01-31,51850,2018-03-31,3,,,,,,,,,,,,,,,,,,,,70367000000,36178000000,0.479,,33737000000,,,,,,,,,,,,true,false,12,2017-04-01,2018-03-31,-1
2019-01-31,51850,2018-03-31,3,,,,,,,,,,,,,,,,,,,,,,,,,,,,,20.00,,,,17609130,1046078,,false,false,12,2017-04-01,2018-03-31,-1
2019-01-31,51850,2019-03-31,3,,,,,,,,,,,,,,,,,,,,,,,,,,,,,10.00,,,,,,,false,false,12,2018-04-01,2019-03-31,0
2019-01-31,51850,2019-03-31,3,,,,,,,,,,,,,,,,,,,,,,,,,,,,,20.00,,,,,,,false,true,12,2018-04-01,2019-03-31,0
2019-01-31,51850,2019-03-31,3,,,,,,,,,,,,,,,,,,,,,,,,,,,,,,,,,17609130,1046169,16562972,false,false,9,2018-04-01,2018-12-31,0
2019-01-31,51850,2018-03-31,3,,,,,,,,,,,,,,,,,,,,,,,,,,,,,,,,,,,16563086,false,false,9,2017-04-01,2017-12-31,-1
2019-05-13,51850,2019-03-31,,77900000000,0.012,,,,,1980000000,-0.317,2160000000,-0.280,,-2700000000,,-163.01,,,,,,,,,,,,,,,,,,,,,,true,true,12,2018-04-01,2019-03-31,0
2019-05-13,51850,2018-03-31,,75224000000,,,,,,2823000000,,2760000000,,,-243000000,,-14.72,,,,,,,,,,,,,,,,,,,,,,true,false,12,2017-04-01,2018-03-31,-1
2019-05-15,51850,2019-03-31,,77949000000,0.036,,,,,1983000000,-0.297,2107000000,-0.237,,-2690000000,,-162.45,,-0.085,0.031,0.025,,67584000000,32036000000,0.438,1789.20,29634000000,7026000000,-5820000000,-249000000,9789000000,,,,,,,,true,false,12,2018-04-01,2019-03-31,0
2019-05-15,51850,2018-03-31,,75224000000,0.065,,,,,2823000000,-0.089,2760000000,-0.180,,-243000000,,-14.72,,-0.007,0.041,0.038,,70367000000,36178000000,0.479,2036.89,33737000000,7031000000,-6055000000,-236000000,9104000000,,,,,,,,true,false,12,2017-04-01,2018-03-31,-1
2019-05-15,51850,2020-03-31,,39000000000,0.001,,,,,700000000,-0.558,800000000,-0.543,,700000000,,42.26,,,,,,,,,,,,,,,,,,,,,,true,true,6,2019-04-01,2019-09-30,1
2019-05-15,51850,2020-03-31,,79000000000,0.013,,,,,2000000000,0.008,2200000000,0.044,,1600000000,,96.60,,,,,,,,,,,,,,,,0.207,,,,,,true,true,12,2019-04-01,2020-03-31,1
2019-05-15,51850,2019-03-31,,36982000000,0.011,,,,,-1359000000,,517000000,-0.409,-3543000000,,,-213.96,,,,,,36181000000,17620000000,0.487,1063.84,17620000000,,,,,20.00,,,,17609130,1046169,16562969,false,false,12,2018-04-01,2019-03-31,0
2019-05-15,51850,2018-03-31,,36564000000,0.030,,,,,-1059000000,,876000000,-0.411,-415000000,,,-25.10,,,,,,39303000000,21536000000,0.548,1300.30,21536000000,,,,,20.00,,,,17609130,1046078,16563077,false,false,12,2017-04-01,2018-03-31,-1
2019-05-15,51850,2020-03-31,,,,,,,,,,,,,,,,,,,,,,,,,,,,,,20.00,,,,,,,false,true,12,2019-04-01,2020-03-31,1
2019-07-31,51850,2020-03-31,1,19117000000,-0.016,,,,,483000000,-0.434,420000000,-0.579,,397000000,,23.98,,,,,,67308000000,32509000000,0.447,,30076000000,,,,,,,,,,,,true,false,3,2019-04-01,2019-06-30,0
2019-07-31,51850,2019-03-31,1,19432000000,0.052,,,,,854000000,0.005,998000000,0.116,,634000000,,38.28,,,,,,,,,,,,,,,,,,,,,,true,false,3,2018-04-01,2018-06-30,-1
2019-07-31,51850,2020-03-31,1,39000000000,0.001,,,,,700000000,-0.558,800000000,-0.543,,700000000,,42.26,,,,,,,,,,,,,,,,,,,,,,true,true,6,2019-04-01,2019-09-30,0
2019-07-31,51850,2020-03-31,1,79000000000,0.013,,,,,2000000000,0.008,2200000000,0.044,,1600000000,,96.60,,,,,,,,,,,,,,,,,,,,,,true,true,12,2019-04-01,2020-03-31,0
2019-07-31,51850,2019-03-31,1,,,,,,,,,,,,,,,,,,,,67584000000,32036000000,0.438,,29634000000,,,,,,,,,,,,true,false,12,2018-04-01,2019-03-31,-1
2019-07-31,51850,2019-03-31,1,,,,,,,,,,,,,,,,,,,,,,,,,,,,,20.00,,,,17609130,1046169,,false,false,12,2018-04-01,2019-03-31,-1
2019-07-31,51850,2020-03-31,1,,,,,,,,,,,,,,,,,,,,,,,,,,,,,20.00,,,,,,,false,true,12,2019-04-01,2020-03-31,0
2019-07-31,51850,2020-03-31,1,,,,,,,,,,,,,,,,,,,,,,,,,,,,,,,,,17609130,1046179,16562951,false,false,3,2019-04-01,2019-06-30,0
2019-07-31,51850,2019-03-31,1,,,,,,,,,,,,,,,,,,,,,,,,,,,,,,,,,,,16562995,false,false,3,2018-04-01,2018-06-30,-1
2019-10-31,51850,2020-03-31,2,38008000000,-0.024,,,,,739000000,-0.533,748000000,-0.573,,715000000,,43.18,,,,,,65241000000,32167000000,0.457,,29808000000,,,,,,,,,,,,true,false,6,2019-04-01,2019-09-30,0
2019-10-31,51850,2019-03-31,2,38958000000,0.053,,,,,1583000000,0.065,1750000000,0.121,,1256000000,,75.88,,,,,,,,,,,,,,,,,,,,,,true,false,6,2018-04-01,2018-09-30,-1
2019-10-31,51850,2020-03-31,2,75000000000,-0.038,,,,,1100000000,-0.445,1200000000,-0.431,,900000000,,54.34,,,,,,,,,,,,,,,,,,,,,,true,true,12,2019-04-01,2020-03-31,0
2019-10-31,51850,2019-03-31,2,,,,,,,,,,,,,,,,,,,,67584000000,32036000000,0.438,,29634000000,,,,,,,,,,,,true,false,12,2018-04-01,2019-03-31,-1
2019-10-31,51850,2019-03-31,2,,,,,,,,,,,,,,,,,,,,,,,,,,,,,20.00,,,,17609130,1046169,,false,false,12,2018-04-01,2019-03-31,-1
2019-10-31,51850,2020-03-31,2,,,,,,,,,,,,,,,,,,,,,,,,,,,,,10.00,,,,,,,false,false,12,2019-04-01,2020-03-31,0
2019-10-31,51850,2020-03-31,2,,,,,,,,,,,,,,,,,,,,,,,,,,,,,20.00,,,,,,,false,true,12,2019-04-01,2020-03-31,0
2019-10-31,51850,2020-03-31,2,,,,,,,,,,,,,,,,,,,,,,,,,,,,,,,,,17609130,1046184,16562949,false,false,6,2019-04-01,2019-09-30,0
2019-10-31,51850,2019-03-31,2,,,,,,,,,,,,,,,,,,,,,,,,,,,,,,,,,,,16562978,false,false,6,2018-04-01,2018-09-30,-1
2019-10-31,51850,2020-03-31,,75000000000,-0.051,,,,,1100000000,-0.450,1200000000,-0.455,,900000000,,54.34,,,,,,,,,,,,,,,,,,,,,,true,true,12,2019-04-01,2020-03-31,0
2019-10-31,51850,2019-03-31,,77949000000,,,,,,1983000000,,2107000000,,,-2690000000,,-162.45,,,,,,,,,,,,,,,,,,,,,,true,false,12,2018-04-01,2019-03-31,-1
2020-01-31,51850,2020-03-31,3,56288000000,-0.038,,,,,752000000,-0.613,883000000,-0.581,,688000000,,41.56,,,,,,65454000000,31604000000,0.447,,29279000000,,,,,,,,,,,,true,false,9,2019-04-01,2019-12-31,0
2020-01-31,51850,2019-03-31,3,58539000000,0.043,,,,,1942000000,-0.131,2109000000,-0.119,,1303000000,,78.68,,,,,,,,,,,,,,,,,,,,,,true,false,9,2018-04-01,2018-12-31,-1
2020-01-31,51850,2020-03-31,3,75000000000,-0.038,,,,,1100000000,-0.445,1200000000,-0.431,,900000000,,54.34,,,,,,,,,,,,,,,,,,,,,,true,true,12,2019-04-01,2020-03-31,0
2020-01-31,51850,2019-03-31,3,,,,,,,,,,,,,,,,,,,,67584000000,32036000000,0.438,,29634000000,,,,,,,,,,,,true,false,12,2018-04-01,2019-03-31,-1
2020-01-31,51850,2019-03-31,3,,,,,,,,,,,,,,,,,,,,,,,,,,,,,20.00,,,,17609130,1046169,,false,false,12,2018-04-01,2019-03-31,-1
2020-01-31,51850,2020-03-31,3,,,,,,,,,,,,,,,,,,,,,,,,,,,,,10.00,,,,,,,false,false,12,2019-04-01,2020-03-31,0
2020-01-31,51850,2020-03-31,3,,,,,,,,,,,,,,,,,,,,,,,,,,,,,20.00,,,,,,,false,true,12,2019-04-01,2020-03-31,0
2020-01-31,51850,2020-03-31,3,,,,,,,,,,,,,,,,,,,,,,,,,,,,,,,,,17609130,1046184,16562948,false,false,9,2019-04-01,2019-12-31,0
2020-01-31,51850,2019-03-31,3,,,,,,,,,,,,,,,,,,,,,,,,,,,,,,,,,,,16562972,false,false,9,2018-04-01,2018-12-31,-1
2020-06-10,51850,2020-03-31,,74839000000,-0.002,,,,,878000000,-0.202,979000000,-0.184,,309000000,,18.67,,,,,,,,,,,,,,,,,,,,,,true,true,12,2019-04-01,2020-03-31,0
2020-06-10,51850,2019-03-31,,77949000000,,,,,,1983000000,,2107000000,,,-2690000000,,-162.45,,,,,,,,,,,,,,,,,,,,,,true,false,12,2018-04-01,2019-03-31,-1
2020-06-16,51850,2020-03-31,,74839000000,-0.040,,,,,878000000,-0.557,979000000,-0.535,,309000000,,18.67,,0.010,0.015,0.012,,65246000000,31941000000,0.452,1780.73,29494000000,4389000000,-6451000000,1274000000,8877000000,,1.071,,,,,,true,false,12,2019-04-01,2020-03-31,0
2020-06-16,51850,2019-03-31,,77949000000,0.036,,,,,1983000000,-0.297,2107000000,-0.237,,-2690000000,,-162.45,,-0.085,0.031,0.025,,67584000000,32036000000,0.438,1789.20,29634000000,7026000000,-5820000000,-249000000,9789000000,,,,,,,,true,false,12,2018-04-01,2019-03-31,-1
2020-06-16,51850,2020-03-31,,35494000000,-0.040,,,,,-976000000,,986000000,0.904,759000000,,,45.86,,,,,,34410000000,17985000000,0.523,1085.87,17985000000,,,,,20.00,,,,17609130,1046214,16562945,false,false,12,2019-04-01,2020-03-31,0
2020-06-16,51850,2019-03-31,,36982000000,0.011,,,,,-1359000000,,517000000,-0.409,-3543000000,,,-213.96,,,,,,36181000000,17620000000,0.487,1063.84,17620000000,,,,,20.00,,,,17609130,1046169,16562969,false,false,12,2018-04-01,2019-03-31,-1
2020-07-27,51850,2021-03-31,,27000000000,,,,,,-1200000000,,-900000000,,,-950000000,,-57.36,,,,,,,,,,,,,,,,,,,,,,true,true,6,2020-04-01,2020-09-30,0
2020-07-27,51850,2020-03-31,,38008000000,,,,,,739000000,,748000000,,,715000000,,43.18,,,,,,,,,,,,,,,,,,,,,,true,false,6,2019-04-01,2019-09-30,-1
2020-07-27,51850,2021-03-31,,57000000000,,,,,,-1100000000,,-800000000,,,-900000000,,-54.34,,,,,,,,,,,,,,,,,,,,,,true,true,12,2020-04-01,2021-03-31,0
2020-07-27,51850,2020-03-31,,74839000000,,,,,,878000000,,979000000,,,309000000,,18.67,,,,,,,,,,,,,,,,,,,,,,true,false,12,2019-04-01,2020-03-31,-1
2020-07-27,51850,2021-03-31,,,,,,,,,,,,,,,,,,,,,,,,,,,,,,5.00,,,,,,,false,true,12,2020-04-01,2021-03-31,0
2020-07-27,51850,2020-03-31,,,,,,,,,,,,,,,,,,,,,,,,,,,,,,20.00,,,,,,,false,false,12,2019-04-01,2020-03-31,-1
2020-08-25,51850,2021-03-31,1,15884000000,-0.169,,,,,37000000,-0.923,113000000,-0.730,,-23000000,,-1.39,,,,,,61519000000,30406000000,0.457,,28134000000,,,,,,,,,,,,true,false,3,2020-04-01,2020-06-30,0
2020-08-25,51850,2020-03-31,1,19117000000,-0.016,,,,,483000000,-0.434,420000000,-0.579,,397000000,,23.98,,,,,,,,,,,,,,,,,,,,,,true,false,3,2019-04-01,2019-06-30,-1
2020-08-25,51850,2021-03-31,1,27000000000,-0.290,,,,,-1200000000,,-900000000,,,-950000000,,-57.36,,,,,,,,,,,,,,,,,,,,,,true,true,6,2020-04-01,2020-09-30,0
2020-08-25,51850,2021-03-31,1,57000000000,-0.238,,,,,-1100000000,,-800000000,,,-900000000,,-54.34,,,,,,,,,,,,,,,,,,,,,,true,true,12,2020-04-01,2021-03-31,0
2020-08-25,51850,2020-03-31,1,,,,,,,,,,,,,,,,,,,,65246000000,31941000000,0.452,,29494000000,,,,,,,,,,,,true,false,12,2019-04-01,2020-03-31,-1
2020-08-25,51850,2020-03-31,1,,,,,,,,,,,,,,,,,,,,,,,,,,,,,20.00,,,,17609130,1046214,,false,false,12,2019-04-01,2020-03-31,-1
2020-08-25,51850,2021-03-31,1,,,,,,,,,,,,,,,,,,,,,,,,,,,,,5.00,,,,,,,false,true,12,2020-04-01,2021-03-31,0
2020-08-25,51850,2021-03-31,1,,,,,,,,,,,,,,,,,,,,,,,,,,,,,,,,,17609130,1046214,16562916,false,false,3,2020-04-01,2020-06-30,0
2020-08-25,51850,2020-03-31,1,,,,,,,,,,,,,,,,,,,,,,,,,,,,,,,,,,,16562951,false,false,3,2019-04-01,2019-06-30,-1
2020-10-28,51850,2021-03-31,,28408000000,0.052,,,,,-899000000,,-525000000,,,-451000000,,-27.27,,,,,,,,,,,,,,,,,,,,,,true,true,6,2020-04-01,2020-09-30,0
2020-10-28,51850,2020-03-31,,38008000000,,,,,,739000000,,748000000,,,715000000,,43.18,,,,,,,,,,,,,,,,,,,,,,true,false,6,2019-04-01,2019-09-30,-1
2020-10-28,51850,2021-03-31,,62000000000,0.088,,,,,100000000,,600000000,,,400000000,,24.12,,,,,,,,,,,,,,,,,,,,,,true,true,12,2020-04-01,2021-03-31,0
2020-10-28,51850,2020-03-31,,74839000000,,,,,,878000000,,979000000,,,309000000,,18.67,,,,,,,,,,,,,,,,,,,,,,true,false,12,2019-04-01,2020-03-31,-1
2020-10-28,51850,2021-03-31,,,,,,,,,,,,,,,,,,,,,,,,,,,,,,10.00,,,,,,,false,true,12,2020-04-01,2021-03-31,0
2020-10-28,51850,2020-03-31,,,,,,,,,,,,,,,,,,,,,,,,,,,,,,20.00,,,,,,,false,false,12,2019-04-01,2020-03-31,-1
2020-10-30,51850,2021-03-31,2,28408000000,-0.253,,,,,-899000000,,-525000000,,,-451000000,,-27.27,,,,,,59283000000,30264000000,0.474,,28099000000,,,,,,,,,,,,true,false,6,2020-04-01,2020-09-30,0
2020-10-30,51850,2020-03-31,2,38008000000,-0.024,,,,,739000000,-0.533,748000000,-0.573,,715000000,,43.18,,,,,,,,,,,,,,,,,,,,,,true,false,6,2019-04-01,2019-09-30,-1
2020-10-30,51850,2021-03-31,2,62000000000,-0.172,,,,,100000000,-0.886,600000000,-0.387,,400000000,,24.12,,,,,,,,,,,,,,,,,,,,,,true,true,12,2020-04-01,2021-03-31,0
2020-10-30,51850,2020-03-31,2,,,,,,,,,,,,,,,,,,,,65246000000,31941000000,0.452,,29494000000,,,,,,,,,,,,true,false,12,2019-04-01,2020-03-31,-1
2020-10-30,51850,2020-03-31,2,,,,,,,,,,,,,,,,,,,,,,,,,,,,,20.00,,,,17609130,1046214,,false,false,12,2019-04-01,2020-03-31,-1
2020-10-30,51850,2021-03-31,2,,,,,,,,,,,,,,,,,,,,,,,,,,,,,0.00,,,,,,,false,false,12,2020-04-01,2021-03-31,0
2020-10-30,51850,2021-03-31,2,,,,,,,,,,,,,,,,,,,,,,,,,,,,,10.00,,,,,,,false,true,12,2020-04-01,2021-03-31,0
2020-10-30,51850,2021-03-31,2,,,,,,,,,,,,,,,,,,,,,,,,,,,,,,,,,17609130,1026754,16569402,false,false,6,2020-04-01,2020-09-30,0
2020-10-30,51850,2020-03-31,2,,,,,,,,,,,,,,,,,,,,,,,,,,,,,,,,,,,16562949,false,false,6,2019-04-01,2019-09-30,-1
2021-02-09,51850,2021-03-31,,62000000000,,,,,,500000000,4.000,1100000000,0.830,,600000000,,36.18,,,,,,,,,,,,,,,,,,,,,,true,true,12,2020-04-01,2021-03-31,0
2021-02-09,51850,2020-03-31,,74839000000,,,,,,878000000,,979000000,,,309000000,,18.67,,,,,,,,,,,,,,,,,,,,,,true,false,12,2019-04-01,2020-03-31,-1
2021-02-10,51850,2021-03-31,3,44905000000,-0.202,,,,,-304000000,,270000000,-0.694,,8000000,,0.53,,,,,,61620000000,30523000000,0.461,,28416000000,,,,,,,,,,,,true,false,9,2020-04-01,2020-12-31,0
2021-02-10,51850,2020-03-31,3,56288000000,-0.038,,,,,752000000,-0.613,883000000,-0.581,,688000000,,41.56,,,,,,,,,,,,,,,,,,,,,,true,false,9,2019-04-01,2019-12-31,-1
2021-02-10,51850,2021-03-31,3,62000000000,-0.172,,,,,500000000,-0.431,1100000000,0.123,,600000000,,36.18,,,,,,,,,,,,,,,,,,,,,,true,true,12,2020-04-01,2021-03-31,0
2021-02-10,51850,2020-03-31,3,,,,,,,,,,,,,,,,,,,,65246000000,31941000000,0.452,,29494000000,,,,,,,,,,,,true,false,12,2019-04-01,2020-03-31,-1
2021-02-10,51850,2020-03-31,3,,,,,,,,,,,,,,,,,,,,,,,,,,,,,20.00,,,,17609130,1046214,,false,false,12,2019-04-01,2020-03-31,-1
2021-02-10,51850,2021-03-31,3,,,,,,,,,,,,,,,,,,,,,,,,,,,,,0.00,,,,,,,false,false,12,2020-04-01,2021-03-31,0
2021-02-10,51850,2021-03-31,3,,,,,,,,,,,,,,,,,,,,,,,,,,,,,10.00,,,,,,,false,true,12,2020-04-01,2021-03-31,0
2021-02-10,51850,2021-03-31,3,,,,,,,,,,,,,,,,,,,,,,,,,,,,,,,,,17609130,1026754,16573727,false,false,9,2020-04-01,2020-12-31,0
2021-02-10,51850,2020-03-31,3,,,,,,,,,,,,,,,,,,,,,,,,,,,,,,,,,,,16562948,false,false,9,2019-04-01,2019-12-31,-1
2021-05-12,51850,2021-03-31,,63200000000,0.019,,,,,690000000,0.380,1430000000,0.300,,1250000000,,75.41,,,,,,,,,,,,,,,,,,,,,,true,true,12,2020-04-01,2021-03-31,0
2021-05-12,51850,2020-03-31,,74839000000,,,,,,878000000,,979000000,,,309000000,,18.67,,,,,,,,,,,,,,,,,,,,,,true,false,12,2019-04-01,2020-03-31,-1
2021-05-12,51850,2021-03-31,,,,,,,,,,,,,,,,,,,,,,,,,,,,,,22.00,,,,,,,false,true,12,2020-04-01,2021-03-31,0
2021-05-12,51850,2021-03-31,,,,,,,,,,,,,,,,,,,,,,,,,,,,,,0.00,,,,,,,false,false,12,2020-04-01,2021-03-31,0
2021-05-12,51850,2020-03-31,,,,,,,,,,,,,,,,,,,,,,,,,,,,,,20.00,,,,,,,false,false,12,2019-04-01,2020-03-31,-1
2021-05-14,51850,2021-03-31,,63214000000,-0.155,,,,,693000000,-0.211,1435000000,0.466,,1254000000,,75.69,,0.042,0.022,0.011,,63817000000,32321000000,0.471,1814.33,30085000000,4754000000,-4026000000,-859000000,8668000000,,0.291,,,,,,true,false,12,2020-04-01,2021-03-31,0
2021-05-14,51850,2020-03-31,,74839000000,-0.040,,,,,878000000,-0.557,979000000,-0.535,,309000000,,18.67,,0.010,0.015,0.012,,65246000000,31941000000,0.452,1780.73,29494000000,4389000000,-6451000000,1274000000,8877000000,,1.071,,,,,,true,false,12,2019-04-01,2020-03-31,-1
2021-05-14,51850,2022-03-31,,34000000000,,,,,,1500000000,,1600000000,,,1100000000,,66.34,,,,,,,,,,,,,,,,,,,,,,true,true,6,2021-04-01,2021-09-30,1
2021-05-14,51850,2022-03-31,,70000000000,,,,,,3370000000,,3500000000,,,2200000000,,132.67,,,,,,,,,,,,,,,,0.301,,,,,,true,true,12,2021-04-01,2022-03-31,1
2021-05-14,51850,2021-03-31,,30154000000,-0.150,,,,,-564000000,,1693000000,0.717,1452000000,,0.912,87.61,,,,,,34118000000,19337000000,0.567,1166.14,19337000000,,,,,22.00,,,,17609130,1026754,16575889,false,false,12,2020-04-01,2021-03-31,0
2021-05-14,51850,2020-03-31,,35494000000,-0.040,,,,,-976000000,,986000000,0.904,759000000,,,45.86,,,,,,34410000000,17985000000,0.523,1085.87,17985000000,,,,,20.00,,,,17609130,1046214,16562945,false,false,12,2019-04-01,2020-03-31,-1
2021-05-14,51850,2022-03-31,,,,,,,,,,,,,,,,,,,,,,,,,,,,,,40.00,,,,,,,false,true,12,2021-04-01,2022-03-31,1
2021-07-28,51850,2022-03-31,,37000000000,0.088,,,,,1850000000,0.233,2000000000,0.250,,1350000000,,81.41,,,,,,,,,,,,,,,,,,,,,,true,true,6,2021-04-01,2021-09-30,0
2021-07-28,51850,2021-03-31,,28408000000,,,,,,-899000000,,-525000000,,,-451000000,,-27.27,,,,,,,,,,,,,,,,,,,,,,true,false,6,2020-04-01,2020-09-30,-1
2021-07-28,51850,2022-03-31,,73000000000,0.043,,,,,3720000000,0.104,3900000000,0.114,,2450000000,,147.75,,,,,,,,,,,,,,,,,,,,,,true,true,12,2021-04-01,2022-03-31,0
2021-07-28,51850,2021-03-31,,63214000000,,,,,,693000000,,1435000000,,,1254000000,,75.69,,,,,,,,,,,,,,,,,,,,,,true,false,12,2020-04-01,2021-03-31,-1
2021-07-28,51850,2022-03-31,,,,,,,,,,,,,,,,,,,,,,,,,,,,,,45.00,,,,,,,false,true,12,2021-04-01,2022-03-31,0
2021-07-28,51850,2021-03-31,,,,,,,,,,,,,,,,,,,,,,,,,,,,,,22.00,,,,,,,false,false,12,2020-04-01,2021-03-31,-1
2021-07-30,51850,2022-03-31,1,18978000000,,,,,,1337000000,,1396000000,,,866000000,,52.24,,,,,,64635000000,33802000000,0.488,,31517000000,,,,,,,,,,,,true,false,3,2021-04-01,2021-06-30,0
2021-07-30,51850,2021-03-31,1,15884000000,-0.169,,,,,37000000,-0.923,113000000,-0.730,,-23000000,,-1.39,,,,,,,,,,,,,,,,,,,,,,true,false,3,2020-04-01,2020-06-30,-1
2021-07-30,51850,2022-03-31,1,37000000000,,,,,,1850000000,,2000000000,,,1350000000,,81.41,,,,,,,,,,,,,,,,,,,,,,true,true,6,2021-04-01,2021-09-30,0
2021-07-30,51850,2022-03-31,1,73000000000,,,,,,3720000000,,3900000000,,,2450000000,,147.75,,,,,,,,,,,,,,,,,,,,,,true,true,12,2021-04-01,2022-03-31,0
2021-07-30,51850,2021-03-31,1,,,,,,,,,,,,,,,,,,,,63817000000,32321000000,0.471,,30085000000,,,,,,,,,,,,true,false,12,2020-04-01,2021-03-31,-1
2021-07-30,51850,2021-03-31,1,,,,,,,,,,,,,,,,,,,,,,,,,,,,,22.00,,,,17609130,1026754,,false,false,12,2020-04-01,2021-03-31,-1
2021-07-30,51850,2022-03-31,1,,,,,,,,,,,,,,,,,,,,,,,,,,,,,45.00,,,,,,,false,true,12,2021-04-01,2022-03-31,0
2021-07-30,51850,2022-03-31,1,,,,,,,,,,,,,,,,,,,,,,,,,,,,,,,,,17609130,1026802,16582344,false,false,3,2021-04-01,2021-06-30,0
2021-07-30,51850,2021-03-31,1,,,,,,,,,,,,,,,,,,,,,,,,,,,,,,,,,,,16562916,false,false,3,2020-04-01,2020-06-30,-1
2021-10-29,51850,2022-03-31,2,36650000000,,,,,,1820000000,,2125000000,,,1611000000,,97.12,,,,,,64586000000,34446000000,0.499,,32217000000,,,,,,,,,,,,true,false,6,2021-04-01,2021-09-30,0
2021-10-29,51850,2021-03-31,2,28408000000,-0.253,,,,,-899000000,,-525000000,,,-451000000,,-27.27,,,,,,,,,,,,,,,,,,,,,,true,false,6,2020-04-01,2020-09-30,-1
2021-10-29,51850,2022-03-31,2,73000000000,,,,,,3720000000,,3900000000,,,2450000000,,147.75,,,,,,,,,,,,,,,,,,,,,,true,true,12,2021-04-01,2022-03-31,0
2021-10-29,51850,2021-03-31,2,,,,,,,,,,,,,,,,,,,,63817000000,32321000000,0.471,,30085000000,,,,,,,,,,,,true,false,12,2020-04-01,2021-03-31,-1
2021-10-29,51850,2021-03-31,2,,,,,,,,,,,,,,,,,,,,,,,,,,,,,22.00,,,,17609130,1026754,,false,false,12,2020-04-01,2021-03-31,-1
2021-10-29,51850,2022-03-31,2,,,,,,,,,,,,,,,,,,,,,,,,,,,,,29.00,,,,,,,false,false,12,2021-04-01,2022-03-31,0
2021-10-29,51850,2022-03-31,2,,,,,,,,,,,,,,,,,,,,,,,,,,,,,49.00,,,,,,,false,true,12,2021-04-01,2022-03-31,0
2021-10-29,51850,2022-03-31,2,,,,,,,,,,,,,,,,,,,,,,,,,,,,,,,,,17609130,1013432,16589034,false,false,6,2021-04-01,2021-09-30,0
2021-10-29,51850,2021-03-31,2,,,,,,,,,,,,,,,,,,,,,,,,,,,,,,,,,,,16569402,false,false,6,2020-04-01,2020-09-30,-1
2022-02-04,51850,2022-03-31,3,54149000000,,,,,,1808000000,,2487000000,,,1875000000,,113.80,,,,,,64592000000,33425000000,0.484,,31271000000,,,,,,,,,,,,true,false,9,2021-04-01,2021-12-31,0
2022-02-04,51850,2021-03-31,3,44905000000,-0.202,,,,,-304000000,,270000000,-0.694,,8000000,,0.53,,,,,,,,,,,,,,,,,,,,,,true,false,9,2020-04-01,2020-12-31,-1
2022-02-04,51850,2022-03-31,3,71800000000,,,,,,2200000000,,2900000000,,,2250000000,,139.79,,,,,,,,,,,,,,,,,,,,,,true,true,12,2021-04-01,2022-03-31,0
2022-02-04,51850,2021-03-31,3,,,,,,,,,,,,,,,,,,,,63817000000,32321000000,0.471,,30085000000,,,,,,,,,,,,true,false,12,2020-04-01,2021-03-31,-1
2022-02-04,51850,2021-03-31,3,,,,,,,,,,,,,,,,,,,,,,,,,,,,,22.00,,,,17609130,1026754,,false,false,12,2020-04-01,2021-03-31,-1
2022-02-04,51850,2022-03-31,3,,,,,,,,,,,,,,,,,,,,,,,,,,,,,29.00,,,,,,,false,false,12,2021-04-01,2022-03-31,0
2022-02-04,51850,2022-03-31,3,,,,,,,,,,,,,,,,,,,,,,,,,,,,,49.00,,,,,,,false,true,12,2021-04-01,2022-03-31,0
2022-02-04,51850,2022-03-31,3,,,,,,,,,,,,,,,,,,,,,,,,,,,,,,,,,17609130,1513521,16480114,false,false,9,2021-04-01,2021-12-31,0
2022-02-04,51850,2021-03-31,3,,,,,,,,,,,,,,,,,,,,,,,,,,,,,,,,,,,16573727,false,false,9,2020-04-01,2020-12-31,-1
2022-05-13,51850,2022-03-31,,71504000000,,,,,,1749000000,1.524,2522000000,0.757,,2084000000,,127.24,,0.067,0.039,0.024,,65039000000,34377000000,0.495,2002.05,32224000000,5344000000,-2846000000,-2815000000,8782000000,,0.385,,,,,,true,false,12,2021-04-01,2022-03-31,0
2022-05-13,51850,2021-03-31,,63214000000,-0.155,,,,,693000000,-0.211,1435000000,0.466,,1254000000,,75.69,,0.042,0.022,0.011,,63817000000,32321000000,0.471,1814.33,30085000000,4754000000,-4026000000,-859000000,8668000000,,0.291,,,,,,true,false,12,2020-04-01,2021-03-31,-1
2022-05-13,51850,2023-03-31,,77000000000,0.077,,,,,3700000000,1.115,3800000000,0.506,,2700000000,,167.75,,,,,,,,,,,,,,,,0.298,,,,,,true,true,12,2022-04-01,2023-03-31,1
2022-05-13,51850,2022-03-31,,31958000000,,,,,,204000000,,1073000000,-0.366,825000000,,-0.431,50.39,,,,,,33792000000,18816000000,0.557,1169.06,18816000000,,,,,49.00,,,,17609130,1513521,16383988,false,false,12,2021-04-01,2022-03-31,0
2022-05-13,51850,2021-03-31,,30154000000,-0.150,,,,,-564000000,,1693000000,0.717,1452000000,,0.912,87.61,,,,,,34118000000,19337000000,0.567,1166.14,19337000000,,,,,22.00,,,,17609130,1026754,16575889,false,false,12,2020-04-01,2021-03-31,-1
2022-05-13,51850,2023-03-31,,,,,,,,,,,,,,,,,,,,,,,,,,,,,,50.00,,,,,,,false,true,12,2022-04-01,2023-03-31,1
2022-07-29,51850,2023-03-31,1,19389000000,0.022,,,,,447000000,-0.666,1080000000,-0.226,,861000000,,53.51,,,,,,67714000000,36451000000,0.504,,34146000000,,,,,,,,,,,,true,false,3,2022-04-01,2022-06-30,0
2022-07-29,51850,2022-03-31,1,18978000000,,,,,,1337000000,,1396000000,,,866000000,,52.24,,,,,,,,,,,,,,,,,,,,,,true,false,3,2021-04-01,2021-06-30,-1
2022-07-29,51850,2023-03-31,1,77000000000,0.077,,,,,3700000000,1.115,3800000000,0.506,,2700000000,,167.75,,,,,,,,,,,,,,,,,,,,,,true,true,12,2022-04-01,2023-03-31,0
2022-07-29,51850,2022-03-31,1,,,,,,,,,,,,,,,,,,,,65039000000,34377000000,0.495,,32224000000,,,,,,,,,,,,true,false,12,2021-04-01,2022-03-31,-1
2022-07-29,51850,2022-03-31,1,,,,,,,,,,,,,,,,,,,,,,,,,,,,,49.00,,,,17609130,1513521,,false,false,12,2021-04-01,2022-03-31,-1
2022-07-29,51850,2023-03-31,1,,,,,,,,,,,,,,,,,,,,,,,,,,,,,50.00,,,,,,,false,true,12,2022-04-01,2023-03-31,0
2022-07-29,51850,2023-03-31,1,,,,,,,,,,,,,,,,,,,,,,,,,,,,,,,,,17609130,1513541,16095595,false,false,3,2022-04-01,2022-06-30,0
2022-07-29,51850,2022-03-31,1,,,,,,,,,,,,,,,,,,,,,,,,,,,,,,,,,,,16582344,false,false,3,2021-04-01,2021-06-30,-1
2022-10-31,51850,2023-03-31,2,38971000000,0.063,,,,,817000000,-0.551,1811000000,-0.148,,1470000000,,91.33,,,,,,72355000000,38608000000,0.500,,36208000000,,,,,,,,,,,,true,false,6,2022-04-01,2022-09-30,0
2022-10-31,51850,2022-03-31,2,36650000000,,,,,,1820000000,,2125000000,,,1611000000,,97.12,,,,,,,,,,,,,,,,,,,,,,true,false,6,2021-04-01,2021-09-30,-1
2022-10-31,51850,2023-03-31,2,77000000000,0.077,,,,,3700000000,1.115,3800000000,0.506,,2700000000,,167.75,,,,,,,,,,,,,,,,,,,,,,true,true,12,2022-04-01,2023-03-31,0
2022-10-31,51850,2022-03-31,2,,,,,,,,,,,,,,,,,,,,65039000000,34377000000,0.495,,32224000000,,,,,,,,,,,,true,false,12,2021-04-01,2022-03-31,-1
2022-10-31,51850,2022-03-31,2,,,,,,,,,,,,,,,,,,,,,,,,,,,,,49.00,,,,17609130,1513521,,false,false,12,2021-04-01,2022-03-31,-1
2022-10-31,51850,2023-03-31,2,,,,,,,,,,,,,,,,,,,,,,,,,,,,,27.00,,,,,,,false,false,12,2022-04-01,2023-03-31,0
2022-10-31,51850,2023-03-31,2,,,,,,,,,,,,,,,,,,,,,,,,,,,,,52.00,,,,,,,false,true,12,2022-04-01,2023-03-31,0
2022-10-31,51850,2023-03-31,2,,,,,,,,,,,,,,,,,,,,,,,,,,,,,,,,,17609130,1499923,16097851,false,false,6,2022-04-01,2022-09-30,0
2022-10-31,51850,2022-03-31,2,,,,,,,,,,,,,,,,,,,,,,,,,,,,,,,,,,,16589034,false,false,6,2021-04-01,2021-09-30,-1
2023-02-03,51850,2023-03-31,3,60622000000,0.120,,,,,1334000000,-0.262,2493000000,0.002,,1911000000,,118.74,,,,,,75298000000,38865000000,0.484,,36472000000,,,,,,,,,,,,true,false,9,2022-04-01,2022-12-31,0
2023-02-03,51850,2022-03-31,3,54149000000,,,,,,1808000000,,2487000000,,,1875000000,,113.80,,,,,,,,,,,,,,,,,,,,,,true,false,9,2021-04-01,2021-12-31,-1
2023-02-03,51850,2023-03-31,3,80000000000,0.119,,,,,1900000000,0.086,3100000000,0.229,,2100000000,,130.36,,,,,,,,,,,,,,,,,,,,,,true,true,12,2022-04-01,2023-03-31,0
2023-02-03,51850,2022-03-31,3,,,,,,,,,,,,,,,,,,,,65039000000,34377000000,0.495,,32224000000,,,,,,,,,,,,true,false,12,2021-04-01,2022-03-31,-1
2023-02-03,51850,2022-03-31,3,,,,,,,,,,,,,,,,,,,,,,,,,,,,,49.00,,,,17609130,1513521,,false,false,12,2021-04-01,2022-03-31,-1
2023-02-03,51850,2023-03-31,3,,,,,,,,,,,,,,,,,,,,,,,,,,,,,27.00,,,,,,,false,false,12,2022-04-01,2023-03-31,0
2023-02-03,51850,2023-03-31,3,,,,,,,,,,,,,,,,,,,,,,,,,,,,,50.00,,,,,,,false,true,12,2022-04-01,2023-03-31,0
2023-02-03,51850,2023-03-31,3,,,,,,,,,,,,,,,,,,,,,,,,,,,,,,,,,17609130,1499954,16101626,false,false,9,2022-04-01,2022-12-31,0
2023-02-03,51850,2022-03-31,3,,,,,,,,,,,,,,,,,,,,,,,,,,,,,,,,,,,16480114,false,false,9,2021-04-01,2021-12-31,-1
2023-05-15,51850,2023-03-31,,82318000000,0.151,,,,,2010000000,0.149,3139000000,0.244,,2135000000,,132.61,,0.063,0.046,0.024,,71530000000,37952000000,0.498,2211.12,35619000000,3515000000,-3988000000,753000000,9478000000,,0.377,,,,,,true,false,12,2022-04-01,2023-03-31,0
2023-05-15,51850,2022-03-31,,71504000000,,,,,,1749000000,1.524,2522000000,0.757,,2084000000,,127.24,,0.067,0.039,0.024,,65039000000,34377000000,0.495,2002.05,32224000000,5344000000,-2846000000,-2815000000,8782000000,,0.385,,,,,,true,false,12,2021-04-01,2022-03-31,-1
2023-05-15,51850,2024-03-31,,88000000000,0.069,,,,,3900000000,0.940,4000000000,0.274,,2900000000,,180.02,,,,,,,,,,,,,,,,0.306,,,,,,true,true,12,2023-04-01,2024-03-31,1
2023-05-15,51850,2023-03-31,,33585000000,0.051,,,,,-292000000,,1617000000,0.507,1783000000,,1.160,110.77,,,,,,35443000000,19874000000,0.561,1233.75,19874000000,,,,,50.00,,,,17609130,1500004,16103509,false,false,12,2022-04-01,2023-03-31,0
2023-05-15,51850,2022-03-31,,31958000000,,,,,,204000000,,1073000000,-0.366,825000000,,-0.431,50.39,,,,,,33792000000,18816000000,0.557,1169.06,18816000000,,,,,49.00,,,,17609130,1513521,16383988,false,false,12,2021-04-01,2022-03-31,-1
2023-05-15,51850,2024-03-31,,,,,,,,,,,,,,,,,,,,,,,,,,,,,,55.00,,,,,,,false,true,12,2023-04-01,2024-03-31,1
2023-07-31,51850,2024-03-31,1,21506000000,0.109,,,,,667000000,0.491,825000000,-0.236,,383000000,,23.80,,,,,,71171000000,38257000000,0.505,,35938000000,,,,,,,,,,,,true,false,3,2023-04-01,2023-06-30,0
2023-07-31,51850,2023-03-31,1,19389000000,0.022,,,,,447000000,-0.666,1080000000,-0.226,,861000000,,53.51,,,,,,,,,,,,,,,,,,,,,,true,false,3,2022-04-01,2022-06-30,-1
2023-07-31,51850,2024-03-31,1,88000000000,0.069,,,,,3900000000,0.940,4000000000,0.274,,2900000000,,180.02,,,,,,,,,,,,,,,,,,,,,,true,true,12,2023-04-01,2024-03-31,0
2023-07-31,51850,2023-03-31,1,,,,,,,,,,,,,,,,,,,,71530000000,37952000000,0.498,,35619000000,,,,,,,,,,,,true,false,12,2022-04-01,2023-03-31,-1
2023-07-31,51850,2023-03-31,1,,,,,,,,,,,,,,,,,,,,,,,,,,,,,50.00,,,,17609130,1500004,,false,false,12,2022-04-01,2023-03-31,-1
2023-07-31,51850,2024-03-31,1,,,,,,,,,,,,,,,,,,,,,,,,,,,,,55.00,,,,,,,false,true,12,2023-04-01,2024-03-31,0
2023-07-31,51850,2024-03-31,1,,,,,,,,,,,,,,,,,,,,,,,,,,,,,,,,,17609130,1500006,16109125,false,false,3,2023-04-01,2023-06-30,0
2023-07-31,51850,2023-03-31,1,,,,,,,,,,,,,,,,,,,,,,,,,,,,,,,,,,,16095595,false,false,3,2022-04-01,2022-06-30,-1
2023-10-31,51850,2024-03-31,2,42950000000,0.102,,,,,1059000000,0.296,1390000000,-0.232,,1047000000,,65.03,,,,,,74859000000,40421000000,0.508,,38044000000,,,,,,,,,,,,true,false,6,2023-04-01,2023-09-30,0
2023-10-31,51850,2023-03-31,2,38971000000,0.063,,,,,817000000,-0.551,1811000000,-0.148,,1470000000,,91.33,,,,,,,,,,,,,,,,,,,,,,true,false,6,2022-04-01,2022-09-30,-1
2023-10-31,51850,2024-03-31,2,88000000000,0.069,,,,,3900000000,0.940,4000000000,0.274,,2900000000,,180.02,,,,,,,,,,,,,,,,,,,,,,true,true,12,2023-04-01,2024-03-31,0
2023-10-31,51850,2023-03-31,2,,,,,,,,,,,,,,,,,,,,71530000000,37952000000,0.498,,35619000000,,,,,,,,,,,,true,false,12,2022-04-01,2023-03-31,-1
2023-10-31,51850,2023-03-31,2,,,,,,,,,,,,,,,,,,,,,,,,,,,,,50.00,,,,17609130,1500004,,false,false,12,2022-04-01,2023-03-31,-1
2023-10-31,51850,2024-03-31,2,,,,,,,,,,,,,,,,,,,,,,,,,,,,,27.50,,,,,,,false,false,12,2023-04-01,2024-03-31,0
2023-10-31,51850,2024-03-31,2,,,,,,,,,,,,,,,,,,,,,,,,,,,,,55.00,,,,,,,false,true,12,2023-04-01,2024-03-31,0
2023-10-31,51850,2024-03-31,2,,,,,,,,,,,,,,,,,,,,,,,,,,,,,,,,,17609130,1493432,16110049,false,false,6,2023-04-01,2023-09-30,0
2023-10-31,51850,2023-03-31,2,,,,,,,,,,,,,,,,,,,,,,,,,,,,,,,,,,,16097851,false,false,6,2022-04-01,2022-09-30,-1
2024-02-05,51850,2024-03-31,3,66233000000,0.093,,,,,2254000000,0.690,2607000000,0.046,,1846000000,,114.61,,,,,,76652000000,41327000000,0.507,,38891000000,,,,,,,,,,,,true,false,9,2023-04-01,2023-12-31,0
2024-02-05,51850,2023-03-31,3,60622000000,0.120,,,,,1334000000,-0.262,2493000000,0.002,,1911000000,,118.74,,,,,,,,,,,,,,,,,,,,,,true,false,9,2022-04-01,2022-12-31,-1
2024-02-05,51850,2024-03-31,3,88000000000,0.069,,,,,3900000000,0.940,4000000000,0.274,,2900000000,,180.02,,,,,,,,,,,,,,,,,,,,,,true,true,12,2023-04-01,2024-03-31,0
2024-02-05,51850,2023-03-31,3,,,,,,,,,,,,,,,,,,,,71530000000,37952000000,0.498,,35619000000,,,,,,,,,,,,true,false,12,2022-04-01,2023-03-31,-1
2024-02-05,51850,2023-03-31,3,,,,,,,,,,,,,,,,,,,,,,,,,,,,,50.00,,,,17609130,1500004,,false,false,12,2022-04-01,2023-03-31,-1
2024-02-05,51850,2024-03-31,3,,,,,,,,,,,,,,,,,,,,,,,,,,,,,27.50,,,,,,,false,false,12,2023-04-01,2024-03-31,0
2024-02-05,51850,2024-03-31,3,,,,,,,,,,,,,,,,,,,,,,,,,,,,,55.00,,,,,,,false,true,12,2023-04-01,2024-03-31,0
2024-02-05,51850,2024-03-31,3,,,,,,,,,,,,,,,,,,,,,,,,,,,,,,,,,17609130,1493432,16111744,false,false,9,2023-04-01,2023-12-31,0
2024-02-05,51850,2023-03-31,3,,,,,,,,,,,,,,,,,,,,,,,,,,,,,,,,,,,16101626,false,false,9,2022-04-01,2022-12-31,-1
2024-05-15,51850,2024-03-31,,88847000000,0.079,,,,,3646000000,0.814,4094000000,0.304,,3050000000,,189.35,,0.081,0.055,0.041,,76033000000,42010000000,0.520,2453.38,39537000000,8843000000,-4466000000,-2781000000,11399000000,,0.317,,,,,,true,false,12,2023-04-01,2024-03-31,0
2024-05-15,51850,2023-03-31,,82318000000,0.151,,,,,2010000000,0.149,3139000000,0.244,,2135000000,,132.61,,0.063,0.046,0.024,,71530000000,37952000000,0.498,2211.12,35619000000,3515000000,-3988000000,753000000,9478000000,,0.377,,,,,,true,false,12,2022-04-01,2023-03-31,-1
2024-05-15,51850,2025-03-31,,93000000000,0.047,,,,,4800000000,0.316,4800000000,0.172,,3750000000,,232.69,,,,,,,,,,,,,,,,0.322,,,,,,true,true,12,2024-04-01,2025-03-31,1
2024-05-15,51850,2024-03-31,,35692000000,0.063,,,,,595000000,,2698000000,0.668,2400000000,,0.346,148.97,,,,,,37572000000,21566000000,0.574,1338.22,21566000000,,,,,60.00,,,,17609130,1493462,16112651,false,false,12,2023-04-01,2024-03-31,0
2024-05-15,51850,2023-03-31,,33585000000,0.051,,,,,-292000000,,1617000000,0.507,1783000000,,1.160,110.77,,,,,,35443000000,19874000000,0.561,1233.75,19874000000,,,,,50.00,,,,17609130,1500004,16103509,false,false,12,2022-04-01,2023-03-31,-1
2024-05-15,51850,2025-03-31,,,,,,,,,,,,,,,,,,,,,,,,,,,,,,75.00,,,,,,,false,true,12,2024-04-01,2025-03-31,1
2024-08-06,51850,2025-03-31,1,22226000000,0.033,,,,,980000000,0.470,1288000000,0.561,,738000000,,45.80,,,,,,77689000000,43239000000,0.524,,40717000000,,,,,,,,,,,,true,false,3,2024-04-01,2024-06-30,0
2024-08-06,51850,2024-03-31,1,21506000000,0.109,,,,,667000000,0.491,825000000,-0.236,,383000000,,23.80,,,,,,,,,,,,,,,,,,,,,,true,false,3,2023-04-01,2023-06-30,-1
2024-08-06,51850,2025-03-31,1,93000000000,0.047,,,,,4800000000,0.316,4800000000,0.172,,3750000000,,232.69,,,,,,,,,,,,,,,,,,,,,,true,true,12,2024-04-01,2025-03-31,0
2024-08-06,51850,2024-03-31,1,,,,,,,,,,,,,,,,,,,,76033000000,42010000000,0.520,,39537000000,,,,,,,,,,,,true,false,12,2023-04-01,2024-03-31,-1
2024-08-06,51850,2024-03-31,1,,,,,,,,,,,,,,,,,,,,,,,,,,,,,60.00,,,,17609130,1493462,,false,false,12,2023-04-01,2024-03-31,-1
2024-08-06,51850,2025-03-31,1,,,,,,,,,,,,,,,,,,,,,,,,,,,,,75.00,,,,,,,false,true,12,2024-04-01,2025-03-31,0
2024-08-06,51850,2025-03-31,1,,,,,,,,,,,,,,,,,,,,,,,,,,,,,,,,,17609130,1493502,16115638,false,false,3,2024-04-01,2024-06-30,0
2024-08-06,51850,2024-03-31,1,,,,,,,,,,,,,,,,,,,,,,,,,,,,,,,,,,,16109125,false,false,3,2023-04-01,2023-06-30,-1
2024-11-06,51850,2025-03-31,2,44585000000,0.038,,,,,2060000000,0.945,2221000000,0.598,,1542000000,,95.69,,,,,,78242000000,45559000000,0.549,,42945000000,,,,,,,,,,,,true,false,6,2024-04-01,2024-09-30,0
2024-11-06,51850,2024-03-31,2,42950000000,0.102,,,,,1059000000,0.296,1390000000,-0.232,,1047000000,,65.03,,,,,,,,,,,,,,,,,,,,,,true,false,6,2023-04-01,2023-09-30,-1
2024-11-06,51850,2025-03-31,2,93000000000,0.047,,,,,4800000000,0.316,4800000000,0.172,,3750000000,,232.69,,,,,,,,,,,,,,,,,,,,,,true,true,12,2024-04-01,2025-03-31,0
2024-11-06,51850,2024-03-31,2,,,,,,,,,,,,,,,,,,,,76033000000,42010000000,0.520,,39537000000,,,,,,,,,,,,true,false,12,2023-04-01,2024-03-31,-1
2024-11-06,51850,2024-03-31,2,,,,,,,,,,,,,,,,,,,,,,,,,,,,,60.00,,,,17609130,1493462,,false,false,12,2023-04-01,2024-03-31,-1
2024-11-06,51850,2025-03-31,2,,,,,,,,,,,,,,,,,,,,,,,,,,,,,37.50,,,,,,,false,false,12,2024-04-01,2025-03-31,0
2024-11-06,51850,2025-03-31,2,,,,,,,,,,,,,,,,,,,,,,,,,,,,,75.00,,,,,,,false,true,12,2024-04-01,2025-03-31,0
2024-11-06,51850,2025-03-31,2,,,,,,,,,,,,,,,,,,,,,,,,,,,,,,,,,17609130,1489742,16116170,false,false,6,2024-04-01,2024-09-30,0
2024-11-06,51850,2024-03-31,2,,,,,,,,,,,,,,,,,,,,,,,,,,,,,,,,,,,16110049,false,false,6,2023-04-01,2023-09-30,-1
2025-02-14,51850,2025-03-31,3,66797000000,0.009,,,,,3705000000,0.644,3281000000,0.259,,1902000000,,118.05,,,,,,77441000000,43422000000,0.528,,40925000000,,,,,,,,,,,,true,false,9,2024-04-01,2024-12-31,0
2025-02-14,51850,2024-03-31,3,66233000000,0.093,,,,,2254000000,0.690,2607000000,0.046,,1846000000,,114.61,,,,,,,,,,,,,,,,,,,,,,true,false,9,2023-04-01,2023-12-31,-1
2025-02-14,51850,2025-03-31,3,89000000000,0.002,,,,,4600000000,0.261,3800000000,-0.072,,2400000000,,148.89,,,,,,,,,,,,,,,,,,,,,,true,true,12,2024-04-01,2025-03-31,0
2025-02-14,51850,2024-03-31,3,,,,,,,,,,,,,,,,,,,,76033000000,42010000000,0.520,,39537000000,,,,,,,,,,,,true,false,12,2023-04-01,2024-03-31,-1
2025-02-14,51850,2024-03-31,3,,,,,,,,,,,,,,,,,,,,,,,,,,,,,60.00,,,,17609130,1493462,,false,false,12,2023-04-01,2024-03-31,-1
2025-02-14,51850,2025-03-31,3,,,,,,,,,,,,,,,,,,,,,,,,,,,,,37.50,,,,,,,false,false,12,2024-04-01,2025-03-31,0
2025-02-14,51850,2025-03-31,3,,,,,,,,,,,,,,,,,,,,,,,,,,,,,75.00,,,,,,,false,true,12,2024-04-01,2025-03-31,0
2025-02-14,51850,2025-03-31,3,,,,,,,,,,,,,,,,,,,,,,,,,,,,,,,,,17609130,1489742,16117136,false,false,9,2024-04-01,2024-12-31,0
2025-02-14,51850,2024-03-31,3,,,,,,,,,,,,,,,,,,,,,,,,,,,,,,,,,,,16111744,false,false,9,2023-04-01,2023-12-31,-1
2025-05-15,51850,2025-03-31,,89657000000,0.009,,,,,4721000000,0.295,4569000000,0.116,,2931000000,,181.87,,0.071,0.059,0.053,,79402000000,45936000000,0.545,2684.64,43274000000,6631000000,-5835000000,-640000000,11981000000,,0.412,,,,,,true,false,12,2024-04-01,2025-03-31,0
2025-05-15,51850,2024-03-31,,88847000000,0.079,,,,,3646000000,0.814,4094000000,0.304,,3050000000,,189.35,,0.081,0.055,0.041,,76033000000,42010000000,0.520,2453.38,39537000000,8843000000,-4466000000,-2781000000,11399000000,,0.317,,,,,,true,false,12,2023-04-01,2024-03-31,-1
2025-05-15,51850,2026-03-31,,88000000000,-0.018,,,,,5000000000,0.059,5000000000,0.094,,3500000000,,217.13,,,,,,,,,,,,,,,,0.391,,,,,,true,true,12,2025-04-01,2026-03-31,1
2025-05-15,51850,2025-03-31,,35447000000,-0.007,,,,,89000000,-0.850,1241000000,-0.540,803000000,,-0.665,49.88,,,,,,36252000000,21252000000,0.586,1318.46,21252000000,,,,,75.00,,,,17609130,1489742,16117655,false,false,12,2024-04-01,2025-03-31,0
2025-05-15,51850,2024-03-31,,35692000000,0.063,,,,,595000000,,2698000000,0.668,2400000000,,0.346,148.97,,,,,,37572000000,21566000000,0.574,1338.22,21566000000,,,,,60.00,,,,17609130,1493462,16112651,false,false,12,2023-04-01,2024-03-31,-1
2025-05-15,51850,2026-03-31,,,,,,,,,,,,,,,,,,,,,,,,,,,,,,85.00,,,,,,,false,true,12,2025-04-01,2026-03-31,1
