filing_date,code,fiscal_year_end,quarterly_period,net_sales,net_sales_change,revenue,revenue_change,operating_revenue,operating_revenue_change,operating_profit,operating_profit_change,ordinary_profit,ordinary_profit_change,net_income,net_income_of_parent,net_income_change,eps,diluted_eps,roe,roa,operating_profit_to_net_sales,operating_profit_to_revenue,total_assets,net_assets,equity_ratio,bps,owner_equity,operating_cash_flow,investing_cash_flow,financing_cash_flow,cash,dividend_per_share,payout_ratio,commemorative_dividend,extra_dividend,number_of_shares,number_of_treqsury_shares,avg_number_of_shares,is_consolidated,is_forecast,duration,period_start,period_end,period_pos
2015-05-08,51910,2015-03-31,,400930000000,0.086,,,,,10492000000,-0.227,8408000000,-0.238,-4429000000,,,-42.66,,-0.025,0.021,0.026,,406777000000,199225000000,0.442,1731.04,179687000000,19547000000,-17184000000,2692000000,47518000000,,,,,,,,true,false,12,2014-04-01,2015-03-31,0
2015-05-08,51910,2014-03-31,,369093000000,0.400,,,,,13577000000,0.475,11041000000,0.197,4076000000,,0.357,39.27,,0.025,0.031,0.037,,383005000000,189007000000,0.450,1659.15,172230000000,17756000000,-51722000000,13558000000,39479000000,,0.433,,,,,,true,false,12,2013-04-01,2014-03-31,-1
2015-05-08,51910,2016-03-31,,200000000000,,,,,,6000000000,,,,,1500000000,,14.45,,,,,,,,,,,,,,,,,,,,,,true,true,6,2015-04-01,2015-09-30,1
2015-05-08,51910,2016-03-31,,420000000000,,,,,,16000000000,,,,,6000000000,,57.80,,,,,,,,,,,,,,,,,,,,,,true,true,12,2015-04-01,2016-03-31,1
2015-05-08,51910,2015-03-31,,159801000000,-0.010,,,,,960000000,-0.468,6628000000,-0.292,-11549000000,,,-111.23,,,,,,256250000000,102746000000,0.401,989.53,102746000000,,,,,18.00,,,,104042806,239589,103804333,false,false,12,2014-04-01,2015-03-31,0
2015-05-08,51910,2014-03-31,,161354000000,-0.002,,,,,1804000000,,9364000000,6.327,8975000000,,,86.43,,,,,,244366000000,117694000000,0.482,1133.48,117694000000,,,,,17.00,,,,104042806,237149,103806718,false,false,12,2013-04-01,2014-03-31,-1
2015-05-08,51910,2016-03-31,,,,,,,,,,,,,,,,,,,,,,,,,,,,,,18.00,,,,,,,false,true,12,2015-04-01,2016-03-31,1
2015-07-28,51910,2016-03-31,1,104490000000,0.102,,,,,2486000000,,,,,750000000,,7.22,,,,,,405413000000,,,,,,,,,,,,,,,,true,false,3,2015-04-01,2015-06-30,0
2015-07-28,51910,2015-03-31,1,94857000000,,,,,,-428000000,,,,,-1324000000,,-12.76,,,,,,,,,,,,,,,,,,,,,,true,false,3,2014-04-01,2014-06-30,-1
2015-07-28,51910,2016-03-31,1,200000000000,0.045,,,,,6000000000,1.875,,,,1500000000,,14.45,,,,,,,,,,,,,,,,,,,,,,true,true,6,2015-04-01,2015-09-30,0
2015-07-28,51910,2016-03-31,1,420000000000,0.047,,,,,16000000000,0.956,,,,6000000000,,57.80,,,,,,,,,,,,,,,,,,,,,,true,true,12,2015-04-01,2016-03-31,0
2015-07-28,51910,2015-03-31,1,,,,,,,,,,,,,,,,,,,,399441000000,,,,,,,,,,,,,,,,true,false,12,2014-04-01,2015-03-31,-1
2015-07-28,51910,2015-03-31,1,,,,,,,,,,,,,,,,,,,,,,,,,,,,,18.00,,,,104042806,210186,,false,false,12,2014-04-01,2015-03-31,-1
2015-07-28,51910,2016-03-31,1,,,,,,,,,,,,,,,,,,,,,,,,,,,,,18.00,,,,,,,false,true,12,2015-04-01,2016-03-31,0
2015-07-28,51910,2016-03-31,1,,,,,,,,,,,,,,,,,,,,,,,,,,,,,,,,,104042806,210416,103832471,false,false,3,2015-04-01,2015-06-30,0
2015-07-28,51910,2015-03-31,1,,,,,,,,,,,,,,,,,,,,,,,,,,,,,,,,,,,103833564,false,false,3,2014-04-01,2014-06-30,-1
2015-10-27,51910,2016-03-31,2,208183000000,0.088,,,,,4875000000,1.336,,,,1062000000,,10.22,,,,,,392146000000,,,,,,,,,,,,,,,,true,false,6,2015-04-01,2015-09-30,0
2015-10-27,51910,2015-03-31,2,191331000000,,,,,,2087000000,,,,,-864000000,,-8.32,,,,,,,,,,,,,,,,,,,,,,true,false,6,2014-04-01,2014-09-30,-1
2015-10-27,51910,2016-03-31,2,410000000000,0.022,,,,,11000000000,0.345,,,,2500000000,,24.08,,,,,,,,,,,,,,,,,,,,,,true,true,12,2015-04-01,2016-03-31,0
2015-10-27,51910,2015-03-31,2,,,,,,,,,,,,,,,,,,,,399441000000,,,,,,,,,,,,,,,,true,false,12,2014-04-01,2015-03-31,-1
2015-10-27,51910,2015-03-31,2,,,,,,,,,,,,,,,,,,,,,,,,,,,,,18.00,,,,104042806,210186,,false,false,12,2014-04-01,2015-03-31,-1
2015-10-27,51910,2016-03-31,2,,,,,,,,,,,,,,,,,,,,,,,,,,,,,9.00,,,,,,,false,false,12,2015-04-01,2016-03-31,0
2015-10-27,51910,2016-03-31,2,,,,,,,,,,,,,,,,,,,,,,,,,,,,,18.00,,,,,,,false,true,12,2015-04-01,2016-03-31,0
2015-10-27,51910,2016-03-31,2,,,,,,,,,,,,,,,,,,,,,,,,,,,,,,,,,104042806,210951,103832261,false,false,6,2015-04-01,2015-09-30,0
2015-10-27,51910,2015-03-31,2,,,,,,,,,,,,,,,,,,,,,,,,,,,,,,,,,,,103833360,false,false,6,2014-04-01,2014-09-30,-1
2016-01-28,51910,2016-03-31,3,316396000000,0.076,,,,,8700000000,0.750,,,,1069000000,,10.29,,,,,,391170000000,,,,,,,,,,,,,,,,true,false,9,2015-04-01,2015-12-31,0
2016-01-28,51910,2015-03-31,3,294135000000,,,,,,4971000000,,,,,-323000000,,-3.11,,,,,,,,,,,,,,,,,,,,,,true,false,9,2014-04-01,2014-12-31,-1
2016-01-28,51910,2016-03-31,3,410000000000,0.022,,,,,11000000000,0.345,,,,2500000000,,24.08,,,,,,,,,,,,,,,,,,,,,,true,true,12,2015-04-01,2016-03-31,0
2016-01-28,51910,2015-03-31,3,,,,,,,,,,,,,,,,,,,,399441000000,,,,,,,,,,,,,,,,true,false,12,2014-04-01,2015-03-31,-1
2016-01-28,51910,2015-03-31,3,,,,,,,,,,,,,,,,,,,,,,,,,,,,,18.00,,,,104042806,210186,,false,false,12,2014-04-01,2015-03-31,-1
2016-01-28,51910,2016-03-31,3,,,,,,,,,,,,,,,,,,,,,,,,,,,,,9.00,,,,,,,false,false,12,2015-04-01,2016-03-31,0
2016-01-28,51910,2016-03-31,3,,,,,,,,,,,,,,,,,,,,,,,,,,,,,18.00,,,,,,,false,true,12,2015-04-01,2016-03-31,0
2016-01-28,51910,2016-03-31,3,,,,,,,,,,,,,,,,,,,,,,,,,,,,,,,,,104042806,211376,103832073,false,false,9,2015-04-01,2015-12-31,0
2016-01-28,51910,2015-03-31,3,,,,,,,,,,,,,,,,,,,,,,,,,,,,,,,,,,,103833211,false,false,9,2014-04-01,2014-12-31,-1
2016-05-10,51910,2016-03-31,,424485000000,0.059,,,,,12867000000,0.573,,,,2901000000,,27.94,,,,0.030,,385371000000,,,,,29854000000,-33990000000,-1106000000,,,0.644,,,,,,true,false,12,2015-04-01,2016-03-31,0
2016-05-10,51910,2015-03-31,,401016000000,,,,,,8180000000,,,,,1141000000,,10.98,,,,0.020,,399441000000,,,,,21331000000,-22774000000,11234000000,,,1.639,,,,,,true,false,12,2014-04-01,2015-03-31,-1
2016-05-10,51910,2017-03-31,,200000000000,-0.039,,,,,5000000000,0.026,,,,1000000000,,9.63,,,,,,,,,,,,,,,,,,,,,,true,true,6,2016-04-01,2016-09-30,1
2016-05-10,51910,2017-03-31,,410000000000,-0.034,,,,,13500000000,0.049,,,,5000000000,,48.15,,,,,,,,,,,,,,,,0.395,,,,,,true,true,12,2016-04-01,2017-03-31,1
2016-05-10,51910,2016-03-31,,166657000000,0.043,,,,,-1626000000,,4828000000,-0.247,-6340000000,,,-61.06,,,,,,250281000000,93183000000,0.372,897.44,93183000000,,,,,18.00,,,,104042806,211585,103831888,false,false,12,2015-04-01,2016-03-31,0
2016-05-10,51910,2015-03-31,,159801000000,-0.010,,,,,960000000,-0.468,6413000000,-0.315,-11694000000,,,-112.62,,,,,,257021000000,102243000000,0.398,984.70,102243000000,,,,,18.00,,,,104042806,210186,103833088,false,false,12,2014-04-01,2015-03-31,-1
2016-05-10,51910,2017-03-31,,,,,,,,,,,,,,,,,,,,,,,,,,,,,,19.00,,,,,,,false,true,12,2016-04-01,2017-03-31,1
2016-07-28,51910,2017-03-31,1,100724000000,-0.036,,,,,2538000000,0.021,,,,1055000000,,10.16,,,,,,368863000000,,,,,,,,,,,,,,,,true,false,3,2016-04-01,2016-06-30,0
2016-07-28,51910,2016-03-31,1,104490000000,0.102,,,,,2486000000,,,,,750000000,,7.22,,,,,,,,,,,,,,,,,,,,,,true,false,3,2015-04-01,2015-06-30,-1
2016-07-28,51910,2017-03-31,1,200000000000,-0.039,,,,,5000000000,0.026,,,,1000000000,,9.63,,,,,,,,,,,,,,,,,,,,,,true,true,6,2016-04-01,2016-09-30,0
2016-07-28,51910,2017-03-31,1,410000000000,-0.034,,,,,13500000000,0.049,,,,5000000000,,48.15,,,,,,,,,,,,,,,,,,,,,,true,true,12,2016-04-01,2017-03-31,0
2016-07-28,51910,2016-03-31,1,,,,,,,,,,,,,,,,,,,,385371000000,,,,,,,,,,,,,,,,true,false,12,2015-04-01,2016-03-31,-1
2016-07-28,51910,2016-03-31,1,,,,,,,,,,,,,,,,,,,,,,,,,,,,,18.00,,,,104042806,211585,,false,false,12,2015-04-01,2016-03-31,-1
2016-07-28,51910,2017-03-31,1,,,,,,,,,,,,,,,,,,,,,,,,,,,,,19.00,,,,,,,false,true,12,2016-04-01,2017-03-31,0
2016-07-28,51910,2017-03-31,1,,,,,,,,,,,,,,,,,,,,,,,,,,,,,,,,,104042806,211662,103831179,false,false,3,2016-04-01,2016-06-30,0
2016-07-28,51910,2016-03-31,1,,,,,,,,,,,,,,,,,,,,,,,,,,,,,,,,,,,103832471,false,false,3,2015-04-01,2015-06-30,-1
2016-10-27,51910,2017-03-31,2,201047000000,-0.034,,,,,5075000000,0.041,,,,2169000000,,20.89,,,,,,391721000000,,,,,,,,,,,,,,,,true,false,6,2016-04-01,2016-09-30,0
2016-10-27,51910,2016-03-31,2,208183000000,0.088,,,,,4875000000,1.336,,,,1062000000,,10.22,,,,,,,,,,,,,,,,,,,,,,true,false,6,2015-04-01,2015-09-30,-1
2016-10-27,51910,2017-03-31,2,400000000000,-0.058,,,,,12000000000,-0.067,,,,4500000000,,43.34,,,,,,,,,,,,,,,,,,,,,,true,true,12,2016-04-01,2017-03-31,0
2016-10-27,51910,2016-03-31,2,,,,,,,,,,,,,,,,,,,,385371000000,,,,,,,,,,,,,,,,true,false,12,2015-04-01,2016-03-31,-1
2016-10-27,51910,2016-03-31,2,,,,,,,,,,,,,,,,,,,,,,,,,,,,,18.00,,,,104042806,211585,,false,false,12,2015-04-01,2016-03-31,-1
2016-10-27,51910,2017-03-31,2,,,,,,,,,,,,,,,,,,,,,,,,,,,,,9.00,,,,,,,false,false,12,2016-04-01,2017-03-31,0
2016-10-27,51910,2017-03-31,2,,,,,,,,,,,,,,,,,,,,,,,,,,,,,19.00,,,,,,,false,true,12,2016-04-01,2017-03-31,0
2016-10-27,51910,2017-03-31,2,,,,,,,,,,,,,,,,,,,,,,,,,,,,,,,,,104042806,211877,103831110,false,false,6,2016-04-01,2016-09-30,0
2016-10-27,51910,2016-03-31,2,,,,,,,,,,,,,,,,,,,,,,,,,,,,,,,,,,,103832261,false,false,6,2015-04-01,2015-09-30,-1
2017-01-31,51910,2017-03-31,3,308435000000,-0.025,,,,,9530000000,0.095,,,,4181000000,,40.26,,,,,,413617000000,,,,,,,,,,,,,,,,true,false,9,2016-04-01,2016-12-31,0
2017-01-31,51910,2016-03-31,3,316396000000,0.076,,,,,8700000000,0.750,,,,1069000000,,10.29,,,,,,,,,,,,,,,,,,,,,,true,false,9,2015-04-01,2015-12-31,-1
2017-01-31,51910,2017-03-31,3,400000000000,-0.058,,,,,12000000000,-0.067,,,,4500000000,,43.34,,,,,,,,,,,,,,,,,,,,,,true,true,12,2016-04-01,2017-03-31,0
2017-01-31,51910,2016-03-31,3,,,,,,,,,,,,,,,,,,,,385371000000,,,,,,,,,,,,,,,,true,false,12,2015-04-01,2016-03-31,-1
2017-01-31,51910,2016-03-31,3,,,,,,,,,,,,,,,,,,,,,,,,,,,,,18.00,,,,104042806,211585,,false,false,12,2015-04-01,2016-03-31,-1
2017-01-31,51910,2017-03-31,3,,,,,,,,,,,,,,,,,,,,,,,,,,,,,9.00,,,,,,,false,false,12,2016-04-01,2017-03-31,0
2017-01-31,51910,2017-03-31,3,,,,,,,,,,,,,,,,,,,,,,,,,,,,,19.00,,,,,,,false,true,12,2016-04-01,2017-03-31,0
2017-01-31,51910,2017-03-31,3,,,,,,,,,,,,,,,,,,,,,,,,,,,,,,,,,104042806,212033,103831040,false,false,9,2016-04-01,2016-12-31,0
2017-01-31,51910,2016-03-31,3,,,,,,,,,,,,,,,,,,,,,,,,,,,,,,,,,,,103832073,false,false,9,2015-04-01,2015-12-31,-1
2017-05-10,51910,2017-03-31,,422630000000,-0.004,,,,,13600000000,0.057,,,,5195000000,,50.04,,,,0.032,,404799000000,,,,,33161000000,-32534000000,10715000000,,,0.380,,,,,,true,false,12,2016-04-01,2017-03-31,0
2017-05-10,51910,2016-03-31,,424485000000,0.059,,,,,12867000000,0.573,,,,2901000000,,27.94,,,,0.030,,385371000000,,,,,29854000000,-33990000000,-1106000000,,,0.644,,,,,,true,false,12,2015-04-01,2016-03-31,-1
2017-05-10,51910,2018-03-31,,205000000000,0.020,,,,,6000000000,0.182,,,,2500000000,,24.08,,,,,,,,,,,,,,,,,,,,,,true,true,6,2017-04-01,2017-09-30,1
2017-05-10,51910,2018-03-31,,425000000000,0.006,,,,,14500000000,0.066,,,,6500000000,,62.60,,,,,,,,,,,,,,,,0.319,,,,,,true,true,12,2017-04-01,2018-03-31,1
2017-05-10,51910,2017-03-31,,168875000000,0.013,,,,,-4009000000,,6203000000,0.222,5953000000,,,57.34,,,,,,270414000000,96593000000,0.357,930.30,96593000000,,,,,19.00,,,,104042806,212483,103830915,false,false,12,2016-04-01,2017-03-31,0
2017-05-10,51910,2016-03-31,,166657000000,0.043,,,,,-1626000000,,5076000000,-0.208,-6340000000,,,-61.06,,,,,,250281000000,93183000000,0.372,897.44,93183000000,,,,,18.00,,,,104042806,211585,103831888,false,false,12,2015-04-01,2016-03-31,-1
2017-05-10,51910,2018-03-31,,,,,,,,,,,,,,,,,,,,,,,,,,,,,,20.00,,,,,,,false,true,12,2017-04-01,2018-03-31,1
2017-07-31,51910,2018-03-31,1,110418000000,0.096,,,,,2892000000,0.139,,,,987000000,,9.50,,,,,,407832000000,,,,,,,,,,,,,,,,true,false,3,2017-04-01,2017-06-30,0
2017-07-31,51910,2017-03-31,1,100724000000,-0.036,,,,,2538000000,0.021,,,,1055000000,,10.16,,,,,,,,,,,,,,,,,,,,,,true,false,3,2016-04-01,2016-06-30,-1
2017-07-31,51910,2018-03-31,1,205000000000,0.020,,,,,6000000000,0.182,,,,2500000000,,24.08,,,,,,,,,,,,,,,,,,,,,,true,true,6,2017-04-01,2017-09-30,0
2017-07-31,51910,2018-03-31,1,425000000000,0.006,,,,,14500000000,0.066,,,,6500000000,,62.60,,,,,,,,,,,,,,,,,,,,,,true,true,12,2017-04-01,2018-03-31,0
2017-07-31,51910,2017-03-31,1,,,,,,,,,,,,,,,,,,,,404799000000,,,,,,,,,,,,,,,,true,false,12,2016-04-01,2017-03-31,-1
2017-07-31,51910,2017-03-31,1,,,,,,,,,,,,,,,,,,,,,,,,,,,,,19.00,,,,104042806,212483,,false,false,12,2016-04-01,2017-03-31,-1
2017-07-31,51910,2018-03-31,1,,,,,,,,,,,,,,,,,,,,,,,,,,,,,20.00,,,,,,,false,true,12,2017-04-01,2018-03-31,0
2017-07-31,51910,2018-03-31,1,,,,,,,,,,,,,,,,,,,,,,,,,,,,,,,,,104042806,212823,103830133,false,false,3,2017-04-01,2017-06-30,0
2017-07-31,51910,2017-03-31,1,,,,,,,,,,,,,,,,,,,,,,,,,,,,,,,,,,,103831179,false,false,3,2016-04-01,2016-06-30,-1
2017-10-30,51910,2018-03-31,2,221958000000,0.104,,,,,4771000000,-0.060,,,,1071000000,,10.31,,,,,,424324000000,,,,,,,,,,,,,,,,true,false,6,2017-04-01,2017-09-30,0
2017-10-30,51910,2017-03-31,2,201047000000,-0.034,,,,,5075000000,0.041,,,,2169000000,,20.89,,,,,,,,,,,,,,,,,,,,,,true,false,6,2016-04-01,2016-09-30,-1
2017-10-30,51910,2018-03-31,2,450000000000,0.065,,,,,14500000000,0.066,,,,5500000000,,52.97,,,,,,,,,,,,,,,,,,,,,,true,true,12,2017-04-01,2018-03-31,0
2017-10-30,51910,2017-03-31,2,,,,,,,,,,,,,,,,,,,,404799000000,,,,,,,,,,,,,,,,true,false,12,2016-04-01,2017-03-31,-1
2017-10-30,51910,2017-03-31,2,,,,,,,,,,,,,,,,,,,,,,,,,,,,,19.00,,,,104042806,212483,,false,false,12,2016-04-01,2017-03-31,-1
2017-10-30,51910,2018-03-31,2,,,,,,,,,,,,,,,,,,,,,,,,,,,,,10.00,,,,,,,false,false,12,2017-04-01,2018-03-31,0
2017-10-30,51910,2018-03-31,2,,,,,,,,,,,,,,,,,,,,,,,,,,,,,20.00,,,,,,,false,true,12,2017-04-01,2018-03-31,0
2017-10-30,51910,2018-03-31,2,,,,,,,,,,,,,,,,,,,,,,,,,,,,,,,,,104042806,213095,103830012,false,false,6,2017-04-01,2017-09-30,0
2017-10-30,51910,2017-03-31,2,,,,,,,,,,,,,,,,,,,,,,,,,,,,,,,,,,,103831110,false,false,6,2016-04-01,2016-09-30,-1
2018-01-30,51910,2018-03-31,3,340730000000,0.105,,,,,7914000000,-0.170,,,,2731000000,,26.30,,,,,,431022000000,,,,,,,,,,,,,,,,true,false,9,2017-04-01,2017-12-31,0
2018-01-30,51910,2017-03-31,3,308435000000,-0.025,,,,,9530000000,0.095,,,,4181000000,,40.26,,,,,,,,,,,,,,,,,,,,,,true,false,9,2016-04-01,2016-12-31,-1
2018-01-30,51910,2018-03-31,3,450000000000,0.065,,,,,14500000000,0.066,,,,5500000000,,52.97,,,,,,,,,,,,,,,,,,,,,,true,true,12,2017-04-01,2018-03-31,0
2018-01-30,51910,2017-03-31,3,,,,,,,,,,,,,,,,,,,,404799000000,,,,,,,,,,,,,,,,true,false,12,2016-04-01,2017-03-31,-1
2018-01-30,51910,2017-03-31,3,,,,,,,,,,,,,,,,,,,,,,,,,,,,,19.00,,,,104042806,212483,,false,false,12,2016-04-01,2017-03-31,-1
2018-01-30,51910,2018-03-31,3,,,,,,,,,,,,,,,,,,,,,,,,,,,,,10.00,,,,,,,false,false,12,2017-04-01,2018-03-31,0
2018-01-30,51910,2018-03-31,3,,,,,,,,,,,,,,,,,,,,,,,,,,,,,20.00,,,,,,,false,true,12,2017-04-01,2018-03-31,0
2018-01-30,51910,2018-03-31,3,,,,,,,,,,,,,,,,,,,,,,,,,,,,,,,,,104042806,213346,103829856,false,false,9,2017-04-01,2017-12-31,0
2018-01-30,51910,2017-03-31,3,,,,,,,,,,,,,,,,,,,,,,,,,,,,,,,,,,,103831040,false,false,9,2016-04-01,2016-12-31,-1
2018-04-24,51910,2018-03-31,,460000000000,0.022,,,,,12000000000,-0.172,,,,3500000000,,33.71,,,,,,,,,,,,,,,,,,,,,,true,true,12,2017-04-01,2018-03-31,0
2018-04-24,51910,2017-03-31,,422630000000,,,,,,13600000000,,,,,5195000000,,50.04,,,,,,,,,,,,,,,,,,,,,,true,false,12,2016-04-01,2017-03-31,-1
2018-05-09,51910,2018-03-31,,462885000000,0.095,,,,,12196000000,-0.103,,,,3528000000,,33.98,,,,0.026,,414233000000,,,,,31622000000,-27445000000,-6127000000,,,0.589,,,,,,true,false,12,2017-04-01,2018-03-31,0
2018-05-09,51910,2017-03-31,,422630000000,-0.004,,,,,13600000000,0.057,,,,5195000000,,50.04,,,,0.032,,404799000000,,,,,33161000000,-32534000000,10715000000,,,0.380,,,,,,true,false,12,2016-04-01,2017-03-31,-1
2018-05-09,51910,2019-03-31,,230000000000,0.004,,,,,5000000000,0.048,,,,1000000000,,9.63,,,,,,,,,,,,,,,,,,,,,,true,true,6,2018-04-01,2018-09-30,1
2018-05-09,51910,2019-03-31,,470000000000,0.015,,,,,13500000000,0.107,,,,4000000000,,38.52,,,,,,,,,,,,,,,,0.519,,,,,,true,true,12,2018-04-01,2019-03-31,1
2018-05-09,51910,2018-03-31,,175064000000,0.037,,,,,-3071000000,,5084000000,-0.180,5676000000,,-0.047,54.66,,,,,,275661000000,100206000000,0.364,965.10,100206000000,,,,,20.00,,,,104042806,213652,103829710,false,false,12,2017-04-01,2018-03-31,0
2018-05-09,51910,2017-03-31,,168875000000,0.013,,,,,-4009000000,,6203000000,0.222,5953000000,,,57.34,,,,,,270414000000,96593000000,0.357,930.30,96593000000,,,,,19.00,,,,104042806,212483,103830915,false,false,12,2016-04-01,2017-03-31,-1
2018-05-09,51910,2019-03-31,,,,,,,,,,,,,,,,,,,,,,,,,,,,,,20.00,,,,,,,false,true,12,2018-04-01,2019-03-31,1
2018-07-31,51910,2019-03-31,1,118093000000,0.070,,,,,2807000000,-0.029,,,,997000000,,9.61,,,,,,412626000000,,,,,,,,,,,,,,,,true,false,3,2018-04-01,2018-06-30,0
2018-07-31,51910,2018-03-31,1,110418000000,0.096,,,,,2892000000,0.139,,,,987000000,,9.50,,,,,,,,,,,,,,,,,,,,,,true,false,3,2017-04-01,2017-06-30,-1
2018-07-31,51910,2019-03-31,1,230000000000,0.036,,,,,5000000000,0.048,,,,1000000000,,9.63,,,,,,,,,,,,,,,,,,,,,,true,true,6,2018-04-01,2018-09-30,0
2018-07-31,51910,2019-03-31,1,470000000000,0.015,,,,,13500000000,0.107,,,,4000000000,,38.52,,,,,,,,,,,,,,,,,,,,,,true,true,12,2018-04-01,2019-03-31,0
2018-07-31,51910,2018-03-31,1,,,,,,,,,,,,,,,,,,,,414233000000,,,,,,,,,,,,,,,,true,false,12,2017-04-01,2018-03-31,-1
2018-07-31,51910,2018-03-31,1,,,,,,,,,,,,,,,,,,,,,,,,,,,,,20.00,,,,104042806,213652,,false,false,12,2017-04-01,2018-03-31,-1
2018-07-31,51910,2019-03-31,1,,,,,,,,,,,,,,,,,,,,,,,,,,,,,20.00,,,,,,,false,true,12,2018-04-01,2019-03-31,0
2018-07-31,51910,2019-03-31,1,,,,,,,,,,,,,,,,,,,,,,,,,,,,,,,,,104042806,214012,103829174,false,false,3,2018-04-01,2018-06-30,0
2018-07-31,51910,2018-03-31,1,,,,,,,,,,,,,,,,,,,,,,,,,,,,,,,,,,,103830133,false,false,3,2017-04-01,2017-06-30,-1
2018-10-30,51910,2019-03-31,2,231370000000,0.042,,,,,4241000000,-0.111,,,,1093000000,,10.53,,,,,,412167000000,,,,,,,,,,,,,,,,true,false,6,2018-04-01,2018-09-30,0
2018-10-30,51910,2018-03-31,2,221958000000,0.104,,,,,4771000000,-0.060,,,,1071000000,,10.31,,,,,,,,,,,,,,,,,,,,,,true,false,6,2017-04-01,2017-09-30,-1
2018-10-30,51910,2019-03-31,2,475000000000,0.026,,,,,12500000000,0.025,,,,4000000000,,38.52,,,,,,,,,,,,,,,,,,,,,,true,true,12,2018-04-01,2019-03-31,0
2018-10-30,51910,2018-03-31,2,,,,,,,,,,,,,,,,,,,,414233000000,,,,,,,,,,,,,,,,true,false,12,2017-04-01,2018-03-31,-1
2018-10-30,51910,2018-03-31,2,,,,,,,,,,,,,,,,,,,,,,,,,,,,,20.00,,,,104042806,213652,,false,false,12,2017-04-01,2018-03-31,-1
2018-10-30,51910,2019-03-31,2,,,,,,,,,,,,,,,,,,,,,,,,,,,,,10.00,,,,,,,false,false,12,2018-04-01,2019-03-31,0
2018-10-30,51910,2019-03-31,2,,,,,,,,,,,,,,,,,,,,,,,,,,,,,20.00,,,,,,,false,true,12,2018-04-01,2019-03-31,0
2018-10-30,51910,2019-03-31,2,,,,,,,,,,,,,,,,,,,,,,,,,,,,,,,,,104042806,214135,103828986,false,false,6,2018-04-01,2018-09-30,0
2018-10-30,51910,2018-03-31,2,,,,,,,,,,,,,,,,,,,,,,,,,,,,,,,,,,,103830012,false,false,6,2017-04-01,2017-09-30,-1
2018-10-30,51910,2019-03-31,2,231370000000,0.042,,,,,4241000000,-0.111,,,,1093000000,,10.53,,,,,,412167000000,,,,,,,,,,,,,,,,true,false,6,2018-04-01,2018-09-30,0
2018-10-30,51910,2018-03-31,2,221958000000,0.104,,,,,4771000000,-0.060,,,,1071000000,,10.31,,,,,,,,,,,,,,,,,,,,,,true,false,6,2017-04-01,2017-09-30,-1
2018-10-30,51910,2019-03-31,2,475000000000,0.026,,,,,12500000000,0.025,,,,4000000000,,38.52,,,,,,,,,,,,,,,,,,,,,,true,true,12,2018-04-01,2019-03-31,0
2018-10-30,51910,2018-03-31,2,,,,,,,,,,,,,,,,,,,,414233000000,,,,,,,,,,,,,,,,true,false,12,2017-04-01,2018-03-31,-1
2018-10-30,51910,2018-03-31,2,,,,,,,,,,,,,,,,,,,,,,,,,,,,,20.00,,,,104042806,213652,,false,false,12,2017-04-01,2018-03-31,-1
2018-10-30,51910,2019-03-31,2,,,,,,,,,,,,,,,,,,,,,,,,,,,,,10.00,,,,,,,false,false,12,2018-04-01,2019-03-31,0
2018-10-30,51910,2019-03-31,2,,,,,,,,,,,,,,,,,,,,,,,,,,,,,20.00,,,,,,,false,true,12,2018-04-01,2019-03-31,0
2018-10-30,51910,2019-03-31,2,,,,,,,,,,,,,,,,,,,,,,,,,,,,,,,,,104042806,214135,103828986,false,false,6,2018-04-01,2018-09-30,0
2018-10-30,51910,2018-03-31,2,,,,,,,,,,,,,,,,,,,,,,,,,,,,,,,,,,,103830012,false,false,6,2017-04-01,2017-09-30,-1
2019-01-29,51910,2019-03-31,3,350429000000,0.028,,,,,6820000000,-0.138,,,,1736000000,,16.72,,,,,,406371000000,,,,,,,,,,,,,,,,true,false,9,2018-04-01,2018-12-31,0
2019-01-29,51910,2018-03-31,3,340730000000,0.105,,,,,7914000000,-0.170,,,,2731000000,,26.30,,,,,,,,,,,,,,,,,,,,,,true,false,9,2017-04-01,2017-12-31,-1
2019-01-29,51910,2019-03-31,3,470000000000,0.015,,,,,9500000000,-0.221,,,,2000000000,,19.26,,,,,,,,,,,,,,,,,,,,,,true,true,12,2018-04-01,2019-03-31,0
2019-01-29,51910,2018-03-31,3,,,,,,,,,,,,,,,,,,,,414233000000,,,,,,,,,,,,,,,,true,false,12,2017-04-01,2018-03-31,-1
2019-01-29,51910,2018-03-31,3,,,,,,,,,,,,,,,,,,,,,,,,,,,,,20.00,,,,104042806,213652,,false,false,12,2017-04-01,2018-03-31,-1
2019-01-29,51910,2019-03-31,3,,,,,,,,,,,,,,,,,,,,,,,,,,,,,10.00,,,,,,,false,false,12,2018-04-01,2019-03-31,0
2019-01-29,51910,2019-03-31,3,,,,,,,,,,,,,,,,,,,,,,,,,,,,,20.00,,,,,,,false,true,12,2018-04-01,2019-03-31,0
2019-01-29,51910,2019-03-31,3,,,,,,,,,,,,,,,,,,,,,,,,,,,,,,,,,104042806,214306,103828874,false,false,9,2018-04-01,2018-12-31,0
2019-01-29,51910,2018-03-31,3,,,,,,,,,,,,,,,,,,,,,,,,,,,,,,,,,,,103829856,false,false,9,2017-04-01,2017-12-31,-1
2019-04-25,51910,2019-03-31,,470000000000,,,,,,1100000000,-0.884,,,,-5000000000,,-48.16,,,,,,,,,,,,,,,,,,,,,,true,true,12,2018-04-01,2019-03-31,0
2019-04-25,51910,2018-03-31,,462885000000,,,,,,12196000000,,,,,3528000000,,33.98,,,,,,,,,,,,,,,,,,,,,,true,false,12,2017-04-01,2018-03-31,-1
2019-05-10,51910,2019-03-31,,469705000000,0.015,,,,,1153000000,-0.905,,,,-5022000000,,-48.37,,,,0.002,,397279000000,,,,,31462000000,-28251000000,-8368000000,,,,,,,,,true,false,12,2018-04-01,2019-03-31,0
2019-05-10,51910,2018-03-31,,462885000000,0.095,,,,,12196000000,-0.103,,,,3528000000,,33.98,,,,0.026,,414233000000,,,,,31622000000,-27445000000,-6127000000,,,0.589,,,,,,true,false,12,2017-04-01,2018-03-31,-1
2019-05-10,51910,2020-03-31,,230000000000,-0.006,,,,,2500000000,-0.410,,,,500000000,,4.82,,,,,,,,,,,,,,,,,,,,,,true,true,6,2019-04-01,2019-09-30,1
2019-05-10,51910,2020-03-31,,470000000000,0.001,,,,,8000000000,5.937,,,,2000000000,,19.26,,,,,,,,,,,,,,,,0.727,,,,,,true,true,12,2019-04-01,2020-03-31,1
2019-05-10,51910,2019-03-31,,177439000000,0.014,,,,,-1996000000,,16627000000,2.270,-6278000000,,-2.106,-60.47,,,,,,263361000000,91891000000,0.349,885.03,91891000000,,,,,14.00,,,,104042806,214409,103828767,false,false,12,2018-04-01,2019-03-31,0
2019-05-10,51910,2018-03-31,,175064000000,0.037,,,,,-3071000000,,5084000000,-0.180,5676000000,,-0.047,54.66,,,,,,275661000000,100206000000,0.364,965.10,100206000000,,,,,20.00,,,,104042806,213652,103829710,false,false,12,2017-04-01,2018-03-31,-1
2019-05-10,51910,2020-03-31,,,,,,,,,,,,,,,,,,,,,,,,,,,,,,14.00,,,,,,,false,true,12,2019-04-01,2020-03-31,1
,51910,2019-03-31,,,,,,,,,,,,,,,,,,,,,,,,,,,,,,14.00,,,,,,,false,true,12,2018-04-01,2019-03-31,0
,51910,2019-03-31,,,,,,,,,,,,,,,,,,,,,,,,,,,,,,10.00,,,,,,,false,false,12,2018-04-01,2019-03-31,0
,51910,2018-03-31,,,,,,,,,,,,,,,,,,,,,,,,,,,,,,20.00,,,,,,,false,false,12,2017-04-01,2018-03-31,-1
2019-07-30,51910,2020-03-31,1,115500000000,-0.022,,,,,1930000000,-0.312,,,,-793000000,,-7.63,,,,,,414321000000,,,,,,,,,,,,,,,,true,false,3,2019-04-01,2019-06-30,0
2019-07-30,51910,2019-03-31,1,118093000000,0.070,,,,,2807000000,-0.029,,,,997000000,,9.61,,,,,,,,,,,,,,,,,,,,,,true,false,3,2018-04-01,2018-06-30,-1
2019-07-30,51910,2020-03-31,1,230000000000,-0.006,,,,,2500000000,-0.410,,,,500000000,,4.82,,,,,,,,,,,,,,,,,,,,,,true,true,6,2019-04-01,2019-09-30,0
2019-07-30,51910,2020-03-31,1,470000000000,0.001,,,,,8000000000,5.937,,,,2000000000,,19.26,,,,,,,,,,,,,,,,,,,,,,true,true,12,2019-04-01,2020-03-31,0
2019-07-30,51910,2019-03-31,1,,,,,,,,,,,,,,,,,,,,397279000000,,,,,,,,,,,,,,,,true,false,12,2018-04-01,2019-03-31,-1
2019-07-30,51910,2019-03-31,1,,,,,,,,,,,,,,,,,,,,,,,,,,,,,14.00,,,,104042802,214409,,false,false,12,2018-04-01,2019-03-31,-1
2019-07-30,51910,2020-03-31,1,,,,,,,,,,,,,,,,,,,,,,,,,,,,,14.00,,,,,,,false,true,12,2019-04-01,2020-03-31,0
2019-07-30,51910,2020-03-31,1,,,,,,,,,,,,,,,,,,,,,,,,,,,,,,,,,104042806,214525,103828310,false,false,3,2019-04-01,2019-06-30,0
2019-07-30,51910,2019-03-31,1,,,,,,,,,,,,,,,,,,,,,,,,,,,,,,,,,,,103829174,false,false,3,2018-04-01,2018-06-30,-1
2019-10-31,51910,2020-03-31,2,229261000000,-0.009,,,,,5047000000,0.190,,,,-296000000,,-2.85,,,,,,398349000000,,,,,,,,,,,,,,,,true,false,6,2019-04-01,2019-09-30,0
2019-10-31,51910,2019-03-31,2,231370000000,0.042,,,,,4241000000,-0.111,,,,1093000000,,10.53,,,,,,,,,,,,,,,,,,,,,,true,false,6,2018-04-01,2018-09-30,-1
2019-10-31,51910,2020-03-31,2,450000000000,-0.042,,,,,8000000000,5.937,,,,500000000,,4.82,,,,,,,,,,,,,,,,,,,,,,true,true,12,2019-04-01,2020-03-31,0
2019-10-31,51910,2019-03-31,2,,,,,,,,,,,,,,,,,,,,397279000000,,,,,,,,,,,,,,,,true,false,12,2018-04-01,2019-03-31,-1
2019-10-31,51910,2019-03-31,2,,,,,,,,,,,,,,,,,,,,,,,,,,,,,14.00,,,,104042806,214409,,false,false,12,2018-04-01,2019-03-31,-1
2019-10-31,51910,2020-03-31,2,,,,,,,,,,,,,,,,,,,,,,,,,,,,,7.00,,,,,,,false,false,12,2019-04-01,2020-03-31,0
2019-10-31,51910,2020-03-31,2,,,,,,,,,,,,,,,,,,,,,,,,,,,,,14.00,,,,,,,false,true,12,2019-04-01,2020-03-31,0
2019-10-31,51910,2020-03-31,2,,,,,,,,,,,,,,,,,,,,,,,,,,,,,,,,,104042806,214798,103828188,false,false,6,2019-04-01,2019-09-30,0
2019-10-31,51910,2019-03-31,2,,,,,,,,,,,,,,,,,,,,,,,,,,,,,,,,,,,103828986,false,false,6,2018-04-01,2018-09-30,-1
2020-01-31,51910,2020-03-31,3,342047000000,-0.024,,,,,8116000000,0.190,,,,663000000,,6.39,,,,,,390597000000,,,,,,,,,,,,,,,,true,false,9,2019-04-01,2019-12-31,0
2020-01-31,51910,2019-03-31,3,350429000000,0.028,,,,,6820000000,-0.138,,,,1736000000,,16.72,,,,,,,,,,,,,,,,,,,,,,true,false,9,2018-04-01,2018-12-31,-1
2020-01-31,51910,2020-03-31,3,450000000000,-0.042,,,,,8000000000,5.937,,,,500000000,,4.82,,,,,,,,,,,,,,,,,,,,,,true,true,12,2019-04-01,2020-03-31,0
2020-01-31,51910,2019-03-31,3,,,,,,,,,,,,,,,,,,,,397279000000,,,,,,,,,,,,,,,,true,false,12,2018-04-01,2019-03-31,-1
2020-01-31,51910,2019-03-31,3,,,,,,,,,,,,,,,,,,,,,,,,,,,,,14.00,,,,104042806,214409,,false,false,12,2018-04-01,2019-03-31,-1
2020-01-31,51910,2020-03-31,3,,,,,,,,,,,,,,,,,,,,,,,,,,,,,7.00,,,,,,,false,false,12,2019-04-01,2020-03-31,0
2020-01-31,51910,2020-03-31,3,,,,,,,,,,,,,,,,,,,,,,,,,,,,,14.00,,,,,,,false,true,12,2019-04-01,2020-03-31,0
2020-01-31,51910,2020-03-31,3,,,,,,,,,,,,,,,,,,,,,,,,,,,,,,,,,104042806,215008,103828102,false,false,9,2019-04-01,2019-12-31,0
2020-01-31,51910,2019-03-31,3,,,,,,,,,,,,,,,,,,,,,,,,,,,,,,,,,,,103828874,false,false,9,2018-04-01,2018-12-31,-1
2020-05-12,51910,2020-03-31,,445148000000,-0.052,,,,,8898000000,6.716,,,,881000000,,8.48,,,,0.020,,373262000000,,,,,36302000000,-28645000000,-12584000000,,,1.651,,,,,,true,false,12,2019-04-01,2020-03-31,0
2020-05-12,51910,2019-03-31,,469705000000,0.015,,,,,1153000000,-0.905,,,,-5022000000,,-48.37,,,,0.002,,397279000000,,,,,31462000000,-28251000000,-8368000000,,,,,,,,,true,false,12,2018-04-01,2019-03-31,-1
2020-05-12,51910,2020-03-31,,179330000000,0.011,,,,,2476000000,,10404000000,-0.374,7711000000,,,74.27,,,,,,254358000000,98550000000,0.387,949.17,98550000000,,,,,14.00,,,,104042806,215084,103828026,false,false,12,2019-04-01,2020-03-31,0
2020-05-12,51910,2019-03-31,,177439000000,0.014,,,,,-1996000000,,16627000000,2.270,-6278000000,,,-60.47,,,,,,263361000000,91891000000,0.349,885.03,91891000000,,,,,14.00,,,,104042806,214409,103828767,false,false,12,2018-04-01,2019-03-31,-1
2020-07-31,51910,2021-03-31,1,65384000000,-0.434,,,,,-8639000000,,,,,-7381000000,,-71.09,,,,,,351904000000,,,,,,,,,,,,,,,,true,false,3,2020-04-01,2020-06-30,0
2020-07-31,51910,2020-03-31,1,115500000000,-0.022,,,,,1930000000,-0.312,,,,-793000000,,-7.63,,,,,,,,,,,,,,,,,,,,,,true,false,3,2019-04-01,2019-06-30,-1
2020-07-31,51910,2021-03-31,1,160000000000,-0.302,,,,,-13300000000,,,,,-13100000000,,-126.17,,,,,,,,,,,,,,,,,,,,,,true,true,6,2020-04-01,2020-09-30,0
2020-07-31,51910,2021-03-31,1,360000000000,-0.191,,,,,-12900000000,,,,,-15100000000,,-145.43,,,,,,,,,,,,,,,,,,,,,,true,true,12,2020-04-01,2021-03-31,0
2020-07-31,51910,2020-03-31,1,,,,,,,,,,,,,,,,,,,,373262000000,,,,,,,,,,,,,,,,true,false,12,2019-04-01,2020-03-31,-1
2020-07-31,51910,2020-03-31,1,,,,,,,,,,,,,,,,,,,,,,,,,,,,,14.00,,,,104042806,215084,,false,false,12,2019-04-01,2020-03-31,-1
2020-07-31,51910,2021-03-31,1,,,,,,,,,,,,,,,,,,,,,,,,,,,,,,,,,104042806,215169,103827701,false,false,3,2020-04-01,2020-06-30,0
2020-07-31,51910,2020-03-31,1,,,,,,,,,,,,,,,,,,,,,,,,,,,,,,,,,,,103828310,false,false,3,2019-04-01,2019-06-30,-1
2020-10-30,51910,2021-03-31,2,167227000000,-0.271,,,,,-12337000000,,,,,-12652000000,,-121.86,,,,,,354061000000,,,,,,,,,,,,,,,,true,false,6,2020-04-01,2020-09-30,0
2020-10-30,51910,2020-03-31,2,229261000000,-0.009,,,,,5047000000,0.190,,,,-296000000,,-2.85,,,,,,,,,,,,,,,,,,,,,,true,false,6,2019-04-01,2019-09-30,-1
2020-10-30,51910,2021-03-31,2,375000000000,-0.158,,,,,-8500000000,,,,,-12500000000,,-120.39,,,,,,,,,,,,,,,,,,,,,,true,true,12,2020-04-01,2021-03-31,0
2020-10-30,51910,2020-03-31,2,,,,,,,,,,,,,,,,,,,,373262000000,,,,,,,,,,,,,,,,true,false,12,2019-04-01,2020-03-31,-1
2020-10-30,51910,2020-03-31,2,,,,,,,,,,,,,,,,,,,,,,,,,,,,,14.00,,,,104042806,215084,,false,false,12,2019-04-01,2020-03-31,-1
2020-10-30,51910,2021-03-31,2,,,,,,,,,,,,,,,,,,,,,,,,,,,,,0.00,,,,,,,false,false,12,2020-04-01,2021-03-31,0
2020-10-30,51910,2021-03-31,2,,,,,,,,,,,,,,,,,,,,,,,,,,,,,7.00,,,,,,,false,true,12,2020-04-01,2021-03-31,0
2020-10-30,51910,2021-03-31,2,,,,,,,,,,,,,,,,,,,,,,,,,,,,,,,,,104042806,215421,103827593,false,false,6,2020-04-01,2020-09-30,0
2020-10-30,51910,2020-03-31,2,,,,,,,,,,,,,,,,,,,,,,,,,,,,,,,,,,,103828188,false,false,6,2019-04-01,2019-09-30,-1
2021-02-02,51910,2021-03-31,3,283796000000,-0.170,,,,,-4374000000,,,,,-7257000000,,-69.89,,,,,,367281000000,,,,,,,,,,,,,,,,true,false,9,2020-04-01,2020-12-31,0
2021-02-02,51910,2020-03-31,3,342047000000,-0.024,,,,,8116000000,0.190,,,,663000000,,6.39,,,,,,,,,,,,,,,,,,,,,,true,false,9,2019-04-01,2019-12-31,-1
2021-02-02,51910,2021-03-31,3,400000000000,-0.101,,,,,-2200000000,,,,,-7100000000,,-68.38,,,,,,,,,,,,,,,,,,,,,,true,true,12,2020-04-01,2021-03-31,0
2021-02-02,51910,2020-03-31,3,,,,,,,,,,,,,,,,,,,,373262000000,,,,,,,,,,,,,,,,true,false,12,2019-04-01,2020-03-31,-1
2021-02-02,51910,2020-03-31,3,,,,,,,,,,,,,,,,,,,,,,,,,,,,,14.00,,,,104042806,215084,,false,false,12,2019-04-01,2020-03-31,-1
2021-02-02,51910,2021-03-31,3,,,,,,,,,,,,,,,,,,,,,,,,,,,,,0.00,,,,,,,false,false,12,2020-04-01,2021-03-31,0
2021-02-02,51910,2021-03-31,3,,,,,,,,,,,,,,,,,,,,,,,,,,,,,7.00,,,,,,,false,true,12,2020-04-01,2021-03-31,0
2021-02-02,51910,2021-03-31,3,,,,,,,,,,,,,,,,,,,,,,,,,,,,,,,,,104042806,215819,103827469,false,false,9,2020-04-01,2020-12-31,0
2021-02-02,51910,2020-03-31,3,,,,,,,,,,,,,,,,,,,,,,,,,,,,,,,,,,,103828102,false,false,9,2019-04-01,2019-12-31,-1
2021-05-11,51910,2021-03-31,,397940000000,-0.106,,,,,227000000,-0.975,,,,-4957000000,,-47.74,,,,0.001,,379502000000,,,,,29830000000,-26126000000,-6032000000,,,,,,,,,true,false,12,2020-04-01,2021-03-31,0
2021-05-11,51910,2020-03-31,,445148000000,-0.052,,,,,8898000000,6.716,,,,881000000,,8.48,,,,0.020,,373262000000,,,,,36302000000,-28645000000,-12584000000,,,1.651,,,,,,true,false,12,2019-04-01,2020-03-31,-1
2021-05-11,51910,2022-03-31,,215000000000,0.286,,,,,3800000000,,,,,500000000,,4.82,,,,,,,,,,,,,,,,,,,,,,true,true,6,2021-04-01,2021-09-30,1
2021-05-11,51910,2022-03-31,,445000000000,0.118,,,,,11000000000,,,,,3500000000,,33.71,,,,,,,,,,,,,,,,0.415,,,,,,true,true,12,2021-04-01,2022-03-31,1
2021-05-11,51910,2021-03-31,,147321000000,-0.178,,,,,-1353000000,,3254000000,-0.687,-7427000000,,,-71.53,,,,,,251981000000,90462000000,0.359,871.28,90462000000,,,,,7.00,,,,104042806,216183,103827297,false,false,12,2020-04-01,2021-03-31,0
2021-05-11,51910,2020-03-31,,179330000000,0.011,,,,,2476000000,,10404000000,-0.374,7711000000,,,74.27,,,,,,254358000000,98550000000,0.387,949.17,98550000000,,,,,14.00,,,,104042806,215084,103828026,false,false,12,2019-04-01,2020-03-31,-1
2021-05-11,51910,2022-03-31,,,,,,,,,,,,,,,,,,,,,,,,,,,,,,14.00,,,,,,,false,true,12,2021-04-01,2022-03-31,1
2021-08-02,51910,2022-03-31,1,109786000000,0.679,,,,,3041000000,,,,,1734000000,,16.70,,,,,,385590000000,,,,,,,,,,,,,,,,true,false,3,2021-04-01,2021-06-30,0
2021-08-02,51910,2021-03-31,1,65384000000,-0.434,,,,,-8639000000,,,,,-7381000000,,-71.09,,,,,,,,,,,,,,,,,,,,,,true,false,3,2020-04-01,2020-06-30,-1
2021-08-02,51910,2022-03-31,1,215000000000,0.286,,,,,3800000000,,,,,500000000,,4.82,,,,,,,,,,,,,,,,,,,,,,true,true,6,2021-04-01,2021-09-30,0
2021-08-02,51910,2022-03-31,1,445000000000,0.118,,,,,11000000000,,,,,3500000000,,33.71,,,,,,,,,,,,,,,,,,,,,,true,true,12,2021-04-01,2022-03-31,0
2021-08-02,51910,2021-03-31,1,,,,,,,,,,,,,,,,,,,,379502000000,,,,,,,,,,,,,,,,true,false,12,2020-04-01,2021-03-31,-1
2021-08-02,51910,2021-03-31,1,,,,,,,,,,,,,,,,,,,,,,,,,,,,,7.00,,,,104042806,216183,,false,false,12,2020-04-01,2021-03-31,-1
2021-08-02,51910,2022-03-31,1,,,,,,,,,,,,,,,,,,,,,,,,,,,,,14.00,,,,,,,false,true,12,2021-04-01,2022-03-31,0
2021-08-02,51910,2022-03-31,1,,,,,,,,,,,,,,,,,,,,,,,,,,,,,,,,,104042806,216420,103826482,false,false,3,2021-04-01,2021-06-30,0
2021-08-02,51910,2021-03-31,1,,,,,,,,,,,,,,,,,,,,,,,,,,,,,,,,,,,103827701,false,false,3,2020-04-01,2020-06-30,-1
2021-11-01,51910,2022-03-31,2,208371000000,0.246,,,,,-117000000,,,,,-3480000000,,-33.52,,,,,,371043000000,,,,,,,,,,,,,,,,true,false,6,2021-04-01,2021-09-30,0
2021-11-01,51910,2021-03-31,2,167227000000,-0.271,,,,,-12337000000,,,,,-12652000000,,-121.86,,,,,,,,,,,,,,,,,,,,,,true,false,6,2020-04-01,2020-09-30,-1
2021-11-01,51910,2022-03-31,2,455000000000,0.143,,,,,3500000000,,,,,-4300000000,,-41.42,,,,,,,,,,,,,,,,,,,,,,true,true,12,2021-04-01,2022-03-31,0
2021-11-01,51910,2021-03-31,2,,,,,,,,,,,,,,,,,,,,379502000000,,,,,,,,,,,,,,,,true,false,12,2020-04-01,2021-03-31,-1
2021-11-01,51910,2021-03-31,2,,,,,,,,,,,,,,,,,,,,,,,,,,,,,7.00,,,,104042806,216183,,false,false,12,2020-04-01,2021-03-31,-1
2021-11-01,51910,2022-03-31,2,,,,,,,,,,,,,,,,,,,,,,,,,,,,,7.00,,,,,,,false,false,12,2021-04-01,2022-03-31,0
2021-11-01,51910,2022-03-31,2,,,,,,,,,,,,,,,,,,,,,,,,,,,,,14.00,,,,,,,false,true,12,2021-04-01,2022-03-31,0
2021-11-01,51910,2022-03-31,2,,,,,,,,,,,,,,,,,,,,,,,,,,,,,,,,,104042806,216576,103826398,false,false,6,2021-04-01,2021-09-30,0
2021-11-01,51910,2021-03-31,2,,,,,,,,,,,,,,,,,,,,,,,,,,,,,,,,,,,103827593,false,false,6,2020-04-01,2020-09-30,-1
2022-01-31,51910,2022-03-31,3,321543000000,0.133,,,,,1012000000,,,,,-4644000000,,-44.73,,,,,,391264000000,,,,,,,,,,,,,,,,true,false,9,2021-04-01,2021-12-31,0
2022-01-31,51910,2021-03-31,3,283796000000,-0.170,,,,,-4374000000,,,,,-7257000000,,-69.89,,,,,,,,,,,,,,,,,,,,,,true,false,9,2020-04-01,2020-12-31,-1
2022-01-31,51910,2022-03-31,3,455000000000,0.143,,,,,3500000000,,,,,-4300000000,,-41.42,,,,,,,,,,,,,,,,,,,,,,true,true,12,2021-04-01,2022-03-31,0
2022-01-31,51910,2021-03-31,3,,,,,,,,,,,,,,,,,,,,379502000000,,,,,,,,,,,,,,,,true,false,12,2020-04-01,2021-03-31,-1
2022-01-31,51910,2021-03-31,3,,,,,,,,,,,,,,,,,,,,,,,,,,,,,7.00,,,,104042806,216183,,false,false,12,2020-04-01,2021-03-31,-1
2022-01-31,51910,2022-03-31,3,,,,,,,,,,,,,,,,,,,,,,,,,,,,,7.00,,,,,,,false,false,12,2021-04-01,2022-03-31,0
2022-01-31,51910,2022-03-31,3,,,,,,,,,,,,,,,,,,,,,,,,,,,,,14.00,,,,,,,false,true,12,2021-04-01,2022-03-31,0
2022-01-31,51910,2022-03-31,3,,,,,,,,,,,,,,,,,,,,,,,,,,,,,,,,,104042806,216777,103826314,false,false,9,2021-04-01,2021-12-31,0
2022-01-31,51910,2021-03-31,3,,,,,,,,,,,,,,,,,,,,,,,,,,,,,,,,,,,103827469,false,false,9,2020-04-01,2020-12-31,-1
2022-04-27,51910,2022-03-31,,446000000000,-0.020,,,,,1100000000,-0.686,,,,-6400000000,,-61.64,,,,,,,,,,,,,,,,,,,,,,true,true,12,2021-04-01,2022-03-31,0
2022-04-27,51910,2021-03-31,,397940000000,,,,,,227000000,,,,,-4957000000,,-47.74,,,,,,,,,,,,,,,,,,,,,,true,false,12,2020-04-01,2021-03-31,-1
2022-05-10,51910,2022-03-31,,445985000000,0.121,,,,,1110000000,3.892,,,,-6357000000,,-61.23,,,,0.002,,408280000000,,,,,14149000000,-24956000000,6937000000,,,,,,,,,true,false,12,2021-04-01,2022-03-31,0
2022-05-10,51910,2021-03-31,,397940000000,-0.106,,,,,227000000,-0.975,,,,-4957000000,,-47.74,,,,0.001,,379502000000,,,,,29830000000,-26126000000,-6032000000,,,,,,,,,true,false,12,2020-04-01,2021-03-31,-1
2022-05-10,51910,2023-03-31,,250000000000,0.200,,,,,1500000000,,,,,-2700000000,,-26.01,,,,,,,,,,,,,,,,,,,,,,true,true,6,2022-04-01,2022-09-30,1
2022-05-10,51910,2023-03-31,,540000000000,0.211,,,,,12500000000,,,,,2200000000,,21.19,,,,,,,,,,,,,,,,0.660,,,,,,true,true,12,2022-04-01,2023-03-31,1
2022-05-10,51910,2022-03-31,,162152000000,0.101,,,,,756000000,,5801000000,0.783,-371000000,,,-3.57,,,,,,247272000000,88666000000,0.359,853.99,88666000000,,,,,14.00,,,,104042806,216966,103826220,false,false,12,2021-04-01,2022-03-31,0
2022-05-10,51910,2021-03-31,,147321000000,-0.178,,,,,-1353000000,,3254000000,-0.687,-7427000000,,,-71.53,,,,,,251981000000,90462000000,0.359,871.28,90462000000,,,,,7.00,,,,104042806,216183,103827297,false,false,12,2020-04-01,2021-03-31,-1
2022-05-10,51910,2023-03-31,,,,,,,,,,,,,,,,,,,,,,,,,,,,,,14.00,,,,,,,false,true,12,2022-04-01,2023-03-31,1
2022-08-01,51910,2023-03-31,1,117255000000,0.068,,,,,-2254000000,,,,,-2667000000,,-25.69,,,,,,420364000000,,,,,,,,,,,,,,,,true,false,3,2022-04-01,2022-06-30,0
2022-08-01,51910,2022-03-31,1,109786000000,0.679,,,,,3041000000,,,,,1734000000,,16.70,,,,,,,,,,,,,,,,,,,,,,true,false,3,2021-04-01,2021-06-30,-1
2022-08-01,51910,2023-03-31,1,252000000000,0.209,,,,,-2200000000,,,,,-5100000000,,-49.12,,,,,,,,,,,,,,,,,,,,,,true,true,6,2022-04-01,2022-09-30,0
2022-08-01,51910,2023-03-31,1,540000000000,0.211,,,,,10000000000,8.009,,,,1000000000,,9.63,,,,,,,,,,,,,,,,,,,,,,true,true,12,2022-04-01,2023-03-31,0
2022-08-01,51910,2022-03-31,1,,,,,,,,,,,,,,,,,,,,408280000000,,,,,,,,,,,,,,,,true,false,12,2021-04-01,2022-03-31,-1
2022-08-01,51910,2022-03-31,1,,,,,,,,,,,,,,,,,,,,,,,,,,,,,14.00,,,,104042806,216966,,false,false,12,2021-04-01,2022-03-31,-1
2022-08-01,51910,2023-03-31,1,,,,,,,,,,,,,,,,,,,,,,,,,,,,,14.00,,,,,,,false,true,12,2022-04-01,2023-03-31,0
2022-08-01,51910,2023-03-31,1,,,,,,,,,,,,,,,,,,,,,,,,,,,,,,,,,104042806,217046,103825800,false,false,3,2022-04-01,2022-06-30,0
2022-08-01,51910,2022-03-31,1,,,,,,,,,,,,,,,,,,,,,,,,,,,,,,,,,,,103826482,false,false,3,2021-04-01,2021-06-30,-1
2022-10-31,51910,2023-03-31,2,255609000000,0.227,,,,,-1621000000,,,,,-4794000000,,-46.17,,,,,,438627000000,,,,,,,,,,,,,,,,true,false,6,2022-04-01,2022-09-30,0
2022-10-31,51910,2022-03-31,2,208371000000,0.246,,,,,-117000000,,,,,-3480000000,,-33.52,,,,,,,,,,,,,,,,,,,,,,true,false,6,2021-04-01,2021-09-30,-1
2022-10-31,51910,2023-03-31,2,540000000000,0.211,,,,,10000000000,8.009,,,,1000000000,,9.63,,,,,,,,,,,,,,,,,,,,,,true,true,12,2022-04-01,2023-03-31,0
2022-10-31,51910,2022-03-31,2,,,,,,,,,,,,,,,,,,,,408280000000,,,,,,,,,,,,,,,,true,false,12,2021-04-01,2022-03-31,-1
2022-10-31,51910,2022-03-31,2,,,,,,,,,,,,,,,,,,,,,,,,,,,,,14.00,,,,104042806,216966,,false,false,12,2021-04-01,2022-03-31,-1
2022-10-31,51910,2023-03-31,2,,,,,,,,,,,,,,,,,,,,,,,,,,,,,7.00,,,,,,,false,false,12,2022-04-01,2023-03-31,0
2022-10-31,51910,2023-03-31,2,,,,,,,,,,,,,,,,,,,,,,,,,,,,,14.00,,,,,,,false,true,12,2022-04-01,2023-03-31,0
2022-10-31,51910,2023-03-31,2,,,,,,,,,,,,,,,,,,,,,,,,,,,,,,,,,104042806,217227,103825719,false,false,6,2022-04-01,2022-09-30,0
2022-10-31,51910,2022-03-31,2,,,,,,,,,,,,,,,,,,,,,,,,,,,,,,,,,,,103826398,false,false,6,2021-04-01,2021-09-30,-1
2023-02-01,51910,2023-03-31,3,395106000000,0.229,,,,,4835000000,3.775,,,,-2529000000,,-24.35,,,,,,429221000000,,,,,,,,,,,,,,,,true,false,9,2022-04-01,2022-12-31,0
2023-02-01,51910,2022-03-31,3,321543000000,0.133,,,,,1012000000,,,,,-4644000000,,-44.73,,,,,,,,,,,,,,,,,,,,,,true,false,9,2021-04-01,2021-12-31,-1
2023-02-01,51910,2023-03-31,3,540000000000,0.211,,,,,11500000000,9.360,,,,1200000000,,11.56,,,,,,,,,,,,,,,,,,,,,,true,true,12,2022-04-01,2023-03-31,0
2023-02-01,51910,2022-03-31,3,,,,,,,,,,,,,,,,,,,,408280000000,,,,,,,,,,,,,,,,true,false,12,2021-04-01,2022-03-31,-1
2023-02-01,51910,2022-03-31,3,,,,,,,,,,,,,,,,,,,,,,,,,,,,,14.00,,,,104042806,216966,,false,false,12,2021-04-01,2022-03-31,-1
2023-02-01,51910,2023-03-31,3,,,,,,,,,,,,,,,,,,,,,,,,,,,,,7.00,,,,,,,false,false,12,2022-04-01,2023-03-31,0
2023-02-01,51910,2023-03-31,3,,,,,,,,,,,,,,,,,,,,,,,,,,,,,14.00,,,,,,,false,true,12,2022-04-01,2023-03-31,0
2023-02-01,51910,2023-03-31,3,,,,,,,,,,,,,,,,,,,,,,,,,,,,,,,,,104042806,217508,103825621,false,false,9,2022-04-01,2022-12-31,0
2023-02-01,51910,2022-03-31,3,,,,,,,,,,,,,,,,,,,,,,,,,,,,,,,,,,,103826314,false,false,9,2021-04-01,2021-12-31,-1
2023-05-10,51910,2023-03-31,,541010000000,0.213,,,,,16560000000,,,,,6683000000,,64.37,,,,0.031,,420008000000,,,,,33339000000,-25512000000,-8906000000,,,0.233,,,,,,true,false,12,2022-04-01,2023-03-31,0
2023-05-10,51910,2022-03-31,,445985000000,0.121,,,,,1110000000,3.892,,,,-6357000000,,-61.23,,,,0.002,,408280000000,,,,,14149000000,-24956000000,6937000000,,,,,,,,,true,false,12,2021-04-01,2022-03-31,-1
2023-05-10,51910,2024-03-31,,270000000000,0.056,,,,,6000000000,,,,,0,,0.00,,,,,,,,,,,,,,,,,,,,,,true,true,6,2023-04-01,2023-09-30,1
2023-05-10,51910,2024-03-31,,560000000000,0.035,,,,,19100000000,0.153,,,,6800000000,,65.49,,,,,,,,,,,,,,,,0.229,,,,,,true,true,12,2023-04-01,2024-03-31,1
2023-05-10,51910,2023-03-31,,176800000000,0.090,,,,,2648000000,2.503,9019000000,0.555,1831000000,,,17.64,,,,,,255023000000,89047000000,0.349,857.67,89047000000,,,,,15.00,,,,104042806,217616,103825538,false,false,12,2022-04-01,2023-03-31,0
2023-05-10,51910,2022-03-31,,162152000000,0.101,,,,,756000000,,5801000000,0.783,-371000000,,,-3.57,,,,,,247272000000,88666000000,0.359,853.99,88666000000,,,,,14.00,,,,104042806,216966,103826220,false,false,12,2021-04-01,2022-03-31,-1
2023-05-10,51910,2024-03-31,,,,,,,,,,,,,,,,,,,,,,,,,,,,,,15.00,,,,,,,false,true,12,2023-04-01,2024-03-31,1
2023-08-01,51910,2024-03-31,1,145637000000,0.242,,,,,6586000000,,,,,3266000000,,31.46,,,,,,431950000000,,,,,,,,,,,,,,,,true,false,3,2023-04-01,2023-06-30,0
2023-08-01,51910,2023-03-31,1,117255000000,0.068,,,,,-2254000000,,,,,-2667000000,,-25.69,,,,,,,,,,,,,,,,,,,,,,true,false,3,2022-04-01,2022-06-30,-1
2023-08-01,51910,2024-03-31,1,290000000000,0.135,,,,,11600000000,,,,,4900000000,,47.19,,,,,,,,,,,,,,,,,,,,,,true,true,6,2023-04-01,2023-09-30,0
2023-08-01,51910,2024-03-31,1,590000000000,0.091,,,,,25500000000,0.540,,,,11800000000,,113.65,,,,,,,,,,,,,,,,,,,,,,true,true,12,2023-04-01,2024-03-31,0
2023-08-01,51910,2023-03-31,1,,,,,,,,,,,,,,,,,,,,420008000000,,,,,,,,,,,,,,,,true,false,12,2022-04-01,2023-03-31,-1
2023-08-01,51910,2023-03-31,1,,,,,,,,,,,,,,,,,,,,,,,,,,,,,15.00,,,,104042806,217616,,false,false,12,2022-04-01,2023-03-31,-1
2023-08-01,51910,2024-03-31,1,,,,,,,,,,,,,,,,,,,,,,,,,,,,,15.00,,,,,,,false,true,12,2023-04-01,2024-03-31,0
2023-08-01,51910,2024-03-31,1,,,,,,,,,,,,,,,,,,,,,,,,,,,,,,,,,104042806,217797,103825119,false,false,3,2023-04-01,2023-06-30,0
2023-08-01,51910,2023-03-31,1,,,,,,,,,,,,,,,,,,,,,,,,,,,,,,,,,,,103825800,false,false,3,2022-04-01,2022-06-30,-1
2023-10-31,51910,2024-03-31,2,297878000000,0.165,,,,,12188000000,,,,,5827000000,,56.12,,,,,,430939000000,,,,,,,,,,,,,,,,true,false,6,2023-04-01,2023-09-30,0
2023-10-31,51910,2023-03-31,2,255609000000,0.227,,,,,-1621000000,,,,,-4794000000,,-46.17,,,,,,,,,,,,,,,,,,,,,,true,false,6,2022-04-01,2022-09-30,-1
2023-10-31,51910,2024-03-31,2,600000000000,0.109,,,,,26500000000,0.600,,,,11900000000,,114.62,,,,,,,,,,,,,,,,,,,,,,true,true,12,2023-04-01,2024-03-31,0
2023-10-31,51910,2023-03-31,2,,,,,,,,,,,,,,,,,,,,420008000000,,,,,,,,,,,,,,,,true,false,12,2022-04-01,2023-03-31,-1
2023-10-31,51910,2023-03-31,2,,,,,,,,,,,,,,,,,,,,,,,,,,,,,15.00,,,,104042806,217616,,false,false,12,2022-04-01,2023-03-31,-1
2023-10-31,51910,2024-03-31,2,,,,,,,,,,,,,,,,,,,,,,,,,,,,,8.00,,,,,,,false,false,12,2023-04-01,2024-03-31,0
2023-10-31,51910,2024-03-31,2,,,,,,,,,,,,,,,,,,,,,,,,,,,,,16.00,,,,,,,false,true,12,2023-04-01,2024-03-31,0
2023-10-31,51910,2024-03-31,2,,,,,,,,,,,,,,,,,,,,,,,,,,,,,,,,,104042806,217949,103825022,false,false,6,2023-04-01,2023-09-30,0
2023-10-31,51910,2023-03-31,2,,,,,,,,,,,,,,,,,,,,,,,,,,,,,,,,,,,103825719,false,false,6,2022-04-01,2022-09-30,-1
2024-01-31,51910,2024-03-31,3,457121000000,0.157,,,,,24456000000,4.059,,,,13389000000,,128.96,,,,,,428889000000,,,,,,,,,,,,,,,,true,false,9,2023-04-01,2023-12-31,0
2024-01-31,51910,2023-03-31,3,395106000000,0.229,,,,,4835000000,3.775,,,,-2529000000,,-24.35,,,,,,,,,,,,,,,,,,,,,,true,false,9,2022-04-01,2022-12-31,-1
2024-01-31,51910,2024-03-31,3,610000000000,0.128,,,,,30000000000,0.812,,,,13800000000,,132.92,,,,,,,,,,,,,,,,,,,,,,true,true,12,2023-04-01,2024-03-31,0
2024-01-31,51910,2023-03-31,3,,,,,,,,,,,,,,,,,,,,420008000000,,,,,,,,,,,,,,,,true,false,12,2022-04-01,2023-03-31,-1
2024-01-31,51910,2023-03-31,3,,,,,,,,,,,,,,,,,,,,,,,,,,,,,15.00,,,,104042806,217616,,false,false,12,2022-04-01,2023-03-31,-1
2024-01-31,51910,2024-03-31,3,,,,,,,,,,,,,,,,,,,,,,,,,,,,,8.00,,,,,,,false,false,12,2023-04-01,2024-03-31,0
2024-01-31,51910,2024-03-31,3,,,,,,,,,,,,,,,,,,,,,,,,,,,,,16.00,,,,,,,false,true,12,2023-04-01,2024-03-31,0
2024-01-31,51910,2024-03-31,3,,,,,,,,,,,,,,,,,,,,,,,,,,,,,,,,,104042806,218028,103824964,false,false,9,2023-04-01,2023-12-31,0
2024-01-31,51910,2023-03-31,3,,,,,,,,,,,,,,,,,,,,,,,,,,,,,,,,,,,103825621,false,false,9,2022-04-01,2022-12-31,-1
2024-05-09,51910,2024-03-31,,615449000000,0.138,,,,,33977000000,1.052,,,,18641000000,,179.54,,,,0.055,,441764000000,,,,,68547000000,-24145000000,-32407000000,,,0.201,,,,,,true,false,12,2023-04-01,2024-03-31,0
2024-05-09,51910,2023-03-31,,541010000000,0.213,,,,,16560000000,,,,,6683000000,,64.37,,,,0.031,,420008000000,,,,,33339000000,-25512000000,-8906000000,,,0.233,,,,,,true,false,12,2022-04-01,2023-03-31,-1
2024-05-09,51910,2025-03-31,,303000000000,0.017,,,,,12200000000,0.001,,,,5900000000,,56.83,,,,,,,,,,,,,,,,,,,,,,true,true,6,2024-04-01,2024-09-30,1
2024-05-09,51910,2025-03-31,,610000000000,-0.009,,,,,29500000000,-0.132,,,,16100000000,,155.07,,,,,,,,,,,,,,,,0.245,,,,,,true,true,12,2024-04-01,2025-03-31,1
2024-05-09,51910,2024-03-31,,201298000000,0.139,,,,,8477000000,2.201,13935000000,0.545,6796000000,,2.712,65.45,,,,,,278386000000,94235000000,0.339,907.64,94235000000,,,,,36.00,,,,104042806,218161,103824894,false,false,12,2023-04-01,2024-03-31,0
2024-05-09,51910,2023-03-31,,176800000000,0.090,,,,,2648000000,2.503,9019000000,0.555,1831000000,,,17.64,,,,,,255023000000,89047000000,0.349,857.67,89047000000,,,,,15.00,,,,104042806,217616,103825538,false,false,12,2022-04-01,2023-03-31,-1
2024-05-09,51910,2025-03-31,,,,,,,,,,,,,,,,,,,,,,,,,,,,,,38.00,,,,,,,false,true,12,2024-04-01,2025-03-31,1
2024-07-31,51910,2025-03-31,1,157615000000,0.082,,,,,8998000000,0.366,,,,5924000000,,57.05,,,,,,469331000000,,,,,,,,,,,,,,,,true,false,3,2024-04-01,2024-06-30,0
2024-07-31,51910,2024-03-31,1,145637000000,0.242,,,,,6586000000,,,,,3266000000,,31.46,,,,,,,,,,,,,,,,,,,,,,true,false,3,2023-04-01,2023-06-30,-1
2024-07-31,51910,2025-03-31,1,309000000000,0.037,,,,,14500000000,0.190,,,,7900000000,,76.09,,,,,,,,,,,,,,,,,,,,,,true,true,6,2024-04-01,2024-09-30,0
2024-07-31,51910,2025-03-31,1,625000000000,0.016,,,,,31500000000,-0.073,,,,17700000000,,170.48,,,,,,,,,,,,,,,,,,,,,,true,true,12,2024-04-01,2025-03-31,0
2024-07-31,51910,2024-03-31,1,,,,,,,,,,,,,,,,,,,,441764000000,,,,,,,,,,,,,,,,true,false,12,2023-04-01,2024-03-31,-1
2024-07-31,51910,2024-03-31,1,,,,,,,,,,,,,,,,,,,,,,,,,,,,,36.00,,,,104042806,218161,,false,false,12,2023-04-01,2024-03-31,-1
2024-07-31,51910,2025-03-31,1,,,,,,,,,,,,,,,,,,,,,,,,,,,,,38.00,,,,,,,false,true,12,2024-04-01,2025-03-31,0
2024-07-31,51910,2025-03-31,1,,,,,,,,,,,,,,,,,,,,,,,,,,,,,,,,,104042806,218161,103824645,false,false,3,2024-04-01,2024-06-30,0
2024-07-31,51910,2024-03-31,1,,,,,,,,,,,,,,,,,,,,,,,,,,,,,,,,,,,103825119,false,false,3,2023-04-01,2023-06-30,-1
2024-10-31,51910,2025-03-31,2,309169000000,0.038,,,,,17378000000,0.426,,,,10030000000,,96.61,,,,,,435614000000,,,,,,,,,,,,,,,,true,false,6,2024-04-01,2024-09-30,0
2024-10-31,51910,2024-03-31,2,297878000000,0.165,,,,,12188000000,,,,,5827000000,,56.12,,,,,,,,,,,,,,,,,,,,,,true,false,6,2023-04-01,2023-09-30,-1
2024-10-31,51910,2025-03-31,2,615000000000,-0.001,,,,,36300000000,0.068,,,,22200000000,,213.82,,,,,,,,,,,,,,,,,,,,,,true,true,12,2024-04-01,2025-03-31,0
2024-10-31,51910,2024-03-31,2,,,,,,,,,,,,,,,,,,,,441764000000,,,,,,,,,,,,,,,,true,false,12,2023-04-01,2024-03-31,-1
2024-10-31,51910,2024-03-31,2,,,,,,,,,,,,,,,,,,,,,,,,,,,,,36.00,,,,104042806,218161,,false,false,12,2023-04-01,2024-03-31,-1
2024-10-31,51910,2025-03-31,2,,,,,,,,,,,,,,,,,,,,,,,,,,,,,24.00,,,,,,,false,false,12,2024-04-01,2025-03-31,0
2024-10-31,51910,2025-03-31,2,,,,,,,,,,,,,,,,,,,,,,,,,,,,,53.00,,,,,,,false,true,12,2024-04-01,2025-03-31,0
2024-10-31,51910,2025-03-31,2,,,,,,,,,,,,,,,,,,,,,,,,,,,,,,,,,104042806,218264,103824622,false,false,6,2024-04-01,2024-09-30,0
2024-10-31,51910,2024-03-31,2,,,,,,,,,,,,,,,,,,,,,,,,,,,,,,,,,,,103825022,false,false,6,2023-04-01,2023-09-30,-1
2025-01-29,51910,2025-03-31,3,471271000000,0.031,,,,,33119000000,0.354,,,,22188000000,,213.71,,,,,,453020000000,,,,,,,,,,,,,,,,true,false,9,2024-04-01,2024-12-31,0
2025-01-29,51910,2024-03-31,3,457121000000,0.157,,,,,24456000000,4.059,,,,13389000000,,128.96,,,,,,,,,,,,,,,,,,,,,,true,false,9,2023-04-01,2023-12-31,-1
2025-01-29,51910,2025-03-31,3,630000000000,0.024,,,,,39800000000,0.171,,,,24900000000,,239.83,,,,,,,,,,,,,,,,,,,,,,true,true,12,2024-04-01,2025-03-31,0
2025-01-29,51910,2024-03-31,3,,,,,,,,,,,,,,,,,,,,441764000000,,,,,,,,,,,,,,,,true,false,12,2023-04-01,2024-03-31,-1
2025-01-29,51910,2024-03-31,3,,,,,,,,,,,,,,,,,,,,,,,,,,,,,36.00,,,,104042806,218161,,false,false,12,2023-04-01,2024-03-31,-1
2025-01-29,51910,2025-03-31,3,,,,,,,,,,,,,,,,,,,,,,,,,,,,,24.00,,,,,,,false,false,12,2024-04-01,2025-03-31,0
2025-01-29,51910,2025-03-31,3,,,,,,,,,,,,,,,,,,,,,,,,,,,,,60.00,,,,,,,false,true,12,2024-04-01,2025-03-31,0
2025-01-29,51910,2025-03-31,3,,,,,,,,,,,,,,,,,,,,,,,,,,,,,,,,,104042806,218493,103824556,false,false,9,2024-04-01,2024-12-31,0
2025-01-29,51910,2024-03-31,3,,,,,,,,,,,,,,,,,,,,,,,,,,,,,,,,,,,103824964,false,false,9,2023-04-01,2023-12-31,-1
2025-05-09,51910,2025-03-31,,633331000000,0.029,,,,,41573000000,0.224,,,,27419000000,,264.09,,,,0.066,,450432000000,,,,,66051000000,-31777000000,-23639000000,,,0.250,,,,,,true,false,12,2024-04-01,2025-03-31,0
2025-05-09,51910,2024-03-31,,615449000000,0.138,,,,,33977000000,1.052,,,,18641000000,,179.54,,,,0.055,,441764000000,,,,,68547000000,-24145000000,-32407000000,,,0.201,,,,,,true,false,12,2023-04-01,2024-03-31,-1
2025-05-09,51910,2026-03-31,,300000000000,-0.030,,,,,10900000000,-0.373,,,,4000000000,,38.53,,,,,,,,,,,,,,,,,,,,,,true,true,6,2025-04-01,2025-09-30,1
2025-05-09,51910,2026-03-31,,620000000000,-0.021,,,,,37400000000,-0.100,,,,19500000000,,187.82,,,,,,,,,,,,,,,,0.303,,,,,,true,true,12,2025-04-01,2026-03-31,1
2025-05-09,51910,2025-03-31,,213066000000,0.058,,,,,9838000000,0.161,28504000000,1.046,14658000000,,1.157,141.18,,,,,,283761000000,103488000000,0.365,996.76,103488000000,,,,,66.00,,,,104042806,218531,103824491,false,false,12,2024-04-01,2025-03-31,0
2025-05-09,51910,2024-03-31,,201298000000,0.139,,,,,8477000000,2.201,13935000000,0.545,6796000000,,2.712,65.45,,,,,,278386000000,94235000000,0.339,907.64,94235000000,,,,,36.00,,,,104042806,218161,103824894,false,false,12,2023-04-01,2024-03-31,-1
2025-05-09,51910,2026-03-31,,,,,,,,,,,,,,,,,,,,,,,,,,,,,,57.00,,,,,,,false,true,12,2025-04-01,2026-03-31,1
