filing_date,code,fiscal_year_end,quarterly_period,net_sales,net_sales_change,revenue,revenue_change,operating_revenue,operating_revenue_change,operating_profit,operating_profit_change,ordinary_profit,ordinary_profit_change,net_income,net_income_of_parent,net_income_change,eps,diluted_eps,roe,roa,operating_profit_to_net_sales,operating_profit_to_revenue,total_assets,net_assets,equity_ratio,bps,owner_equity,operating_cash_flow,investing_cash_flow,financing_cash_flow,cash,dividend_per_share,payout_ratio,commemorative_dividend,extra_dividend,number_of_shares,number_of_treqsury_shares,avg_number_of_shares,is_consolidated,is_forecast,duration,period_start,period_end,period_pos
2015-07-30,52140,2015-12-31,2,123926000000,,,,,,9256000000,,6492000000,,1311000000,,,2.64,,,,,,727042000000,524049000000,0.712,,517913000000,,,,,,,,,,,,true,false,6,2015-01-01,2015-06-30,0
2015-07-30,52140,2014-12-31,2,129775000000,,,,,,4076000000,,4658000000,,4802000000,,,9.66,,,,,,,,,,,,,,,,,,,,,,true,false,6,2014-01-01,2014-06-30,-1
2015-07-30,52140,2015-12-31,2,186000000000,,,,,,13000000000,,9000000000,,3000000000,,,6.03,,,,,,,,,,,,,,,,,,,,,,true,true,9,2015-01-01,2015-09-30,0
2015-07-30,52140,2015-12-31,2,192000000000,,,,,,15000000000,,11000000000,,5000000000,,,10.05,,,,,,,,,,,,,,,,,,,,,,true,true,9,2015-01-01,2015-09-30,0
2015-07-30,52140,2015-12-31,2,252000000000,,,,,,18000000000,,14000000000,,8000000000,,,16.08,,,,,,,,,,,,,,,,,,,,,,true,true,12,2015-01-01,2015-12-31,0
2015-07-30,52140,2015-12-31,2,258000000000,,,,,,20000000000,,16000000000,,10000000000,,,20.11,,,,,,,,,,,,,,,,,,,,,,true,true,12,2015-01-01,2015-12-31,0
2015-07-30,52140,2014-12-31,2,,,,,,,,,,,,,,,,,,,,731184000000,522577000000,0.702,,513633000000,,,,,,,,,,,,true,false,12,2014-01-01,2014-12-31,-1
2015-07-30,52140,2014-12-31,2,,,,,,,,,,,,,,,,,,,,,,,,,,,,,12.00,,,,497616234,228870,,false,false,12,2014-01-01,2014-12-31,-1
2015-07-30,52140,2015-12-31,2,,,,,,,,,,,,,,,,,,,,,,,,,,,,,8.00,,,,,,,false,false,12,2015-01-01,2015-12-31,0
2015-07-30,52140,2015-12-31,2,,,,,,,,,,,,,,,,,,,,,,,,,,,,,16.00,,,,,,,false,true,12,2015-01-01,2015-12-31,0
2015-07-30,52140,2015-12-31,2,,,,,,,,,,,,,,,,,,,,,,,,,,,,,,,,,497616234,234014,497384802,false,false,6,2015-01-01,2015-06-30,0
2015-07-30,52140,2014-12-31,2,,,,,,,,,,,,,,,,,,,,,,,,,,,,,,,,,,,497392924,false,false,6,2014-01-01,2014-06-30,-1
2015-10-30,52140,2015-12-31,3,188262000000,,,,,,15728000000,,7346000000,,1447000000,,,2.91,,,,,,710446000000,508206000000,0.706,,501856000000,,,,,,,,,,,,true,false,9,2015-01-01,2015-09-30,0
2015-10-30,52140,2015-12-31,3,250000000000,,,,,,21000000000,,12000000000,,8000000000,,,16.08,,,,,,,,,,,,,,,,,,,,,,true,true,12,2015-01-01,2015-12-31,0
2015-10-30,52140,2015-12-31,3,256000000000,,,,,,23000000000,,14000000000,,10000000000,,,20.11,,,,,,,,,,,,,,,,,,,,,,true,true,12,2015-01-01,2015-12-31,0
2015-10-30,52140,2014-12-31,3,,,,,,,,,,,,,,,,,,,,731184000000,522577000000,0.702,,513633000000,,,,,,,,,,,,true,false,12,2014-01-01,2014-12-31,-1
2015-10-30,52140,2014-12-31,3,,,,,,,,,,,,,,,,,,,,,,,,,,,,,12.00,,,,497616234,228870,,false,false,12,2014-01-01,2014-12-31,-1
2015-10-30,52140,2015-12-31,3,,,,,,,,,,,,,,,,,,,,,,,,,,,,,8.00,,,,,,,false,false,12,2015-01-01,2015-12-31,0
2015-10-30,52140,2015-12-31,3,,,,,,,,,,,,,,,,,,,,,,,,,,,,,16.00,,,,,,,false,true,12,2015-01-01,2015-12-31,0
2015-10-30,52140,2015-12-31,3,,,,,,,,,,,,,,,,,,,,,,,,,,,,,,,,,497616234,236770,497383484,false,false,9,2015-01-01,2015-09-30,0
2016-02-03,52140,2015-12-31,,251177000000,,,,,,22034000000,,14272000000,,9636000000,,,19.38,,0.019,0.020,0.088,,726937000000,519801000000,0.706,1031.86,513218000000,46797000000,-32638000000,-7892000000,133856000000,,0.826,,,,,,true,false,12,2015-01-01,2015-12-31,0
2016-02-03,52140,2014-12-31,,192692000000,,,,,,5223000000,,6883000000,,5938000000,,,11.94,,0.012,0.010,0.027,,731184000000,522577000000,0.702,1032.66,513633000000,38837000000,-29264000000,1698000000,129823000000,,1.005,,,,,,true,false,12,2014-01-01,2014-12-31,-1
2016-02-03,52140,2016-12-31,,125000000000,0.009,,,,,10000000000,0.080,9000000000,0.386,,7000000000,,14.07,,,,,,,,,,,,,,,,,,,,,,true,true,6,2016-01-01,2016-06-30,1
2016-02-03,52140,2016-12-31,,256000000000,0.019,,,,,22000000000,-0.002,20000000000,0.401,,16000000000,,32.17,,,,,,,,,,,,,,,,0.497,,,,,,true,true,12,2016-01-01,2016-12-31,1
2016-02-03,52140,2015-12-31,,159848000000,,,,,,1020000000,,15551000000,,13551000000,,,27.25,,,,,,652528000000,459020000000,0.703,922.89,459020000000,,,,,16.00,,,,497616234,243750,497381650,false,false,12,2015-01-01,2015-12-31,0
2016-02-03,52140,2014-12-31,,125260000000,,,,,,-4811000000,,2798000000,,6029000000,,,12.12,,,,,,637161000000,446129000000,0.700,896.95,446129000000,,,,,12.00,,,,497616234,228870,497391512,false,false,12,2014-01-01,2014-12-31,-1
2016-02-03,52140,2016-12-31,,,,,,,,,,,,,,,,,,,,,,,,,,,,,,16.00,,,,,,,false,true,12,2016-01-01,2016-12-31,1
2016-04-28,52140,2016-12-31,1,57998000000,-0.051,,,,,5179000000,0.127,2454000000,0.068,,648000000,,1.30,,,,,,706154000000,507549000000,0.712,,502776000000,,,,,,,,,,,,true,false,3,2016-01-01,2016-03-31,0
2016-04-28,52140,2015-12-31,1,61094000000,,,,,,4594000000,,2298000000,,,-508000000,,-1.02,,,,,,,,,,,,,,,,,,,,,,true,false,3,2015-01-01,2015-03-31,-1
2016-04-28,52140,2016-12-31,1,120000000000,-0.032,,,,,9000000000,-0.028,5000000000,-0.230,,3000000000,,6.03,,,,,,,,,,,,,,,,,,,,,,true,true,6,2016-01-01,2016-06-30,0
2016-04-28,52140,2016-12-31,1,248000000000,-0.013,,,,,19000000000,-0.138,14000000000,-0.019,,10000000000,,20.11,,,,,,,,,,,,,,,,,,,,,,true,true,12,2016-01-01,2016-12-31,0
2016-04-28,52140,2015-12-31,1,,,,,,,,,,,,,,,,,,,,726937000000,519801000000,0.706,,513218000000,,,,,,,,,,,,true,false,12,2015-01-01,2015-12-31,-1
2016-04-28,52140,2015-12-31,1,,,,,,,,,,,,,,,,,,,,,,,,,,,,,16.00,,,,497616234,243750,,false,false,12,2015-01-01,2015-12-31,-1
2016-04-28,52140,2016-12-31,1,,,,,,,,,,,,,,,,,,,,,,,,,,,,,16.00,,,,,,,false,true,12,2016-01-01,2016-12-31,0
2016-04-28,52140,2016-12-31,1,,,,,,,,,,,,,,,,,,,,,,,,,,,,,,,,,497616234,245078,497371791,false,false,3,2016-01-01,2016-03-31,0
2016-04-28,52140,2015-12-31,1,,,,,,,,,,,,,,,,,,,,,,,,,,,,,,,,,,,497386515,false,false,3,2015-01-01,2015-03-31,-1
2016-04-28,52140,2016-12-31,,120000000000,-0.040,,,,,9000000000,-0.100,5000000000,-0.444,,3000000000,,6.03,,,,,,,,,,,,,,,,,,,,,,true,true,6,2016-01-01,2016-06-30,0
2016-04-28,52140,2015-12-31,,123926000000,,,,,,9256000000,,6492000000,,,1311000000,,2.64,,,,,,,,,,,,,,,,,,,,,,true,false,6,2015-01-01,2015-06-30,-1
2016-04-28,52140,2016-12-31,,248000000000,-0.031,,,,,19000000000,-0.136,14000000000,-0.300,,10000000000,,20.11,,,,,,,,,,,,,,,,,,,,,,true,true,12,2016-01-01,2016-12-31,0
2016-04-28,52140,2015-12-31,,251177000000,,,,,,22034000000,,14272000000,,,9636000000,,19.38,,,,,,,,,,,,,,,,,,,,,,true,false,12,2015-01-01,2015-12-31,-1
2016-07-29,52140,2016-12-31,2,118229000000,-0.046,,,,,8710000000,-0.059,568000000,-0.912,,-1270000000,,-2.55,,,,,,693203000000,500247000000,0.715,,495325000000,,,,,,,,,,,,true,false,6,2016-01-01,2016-06-30,0
2016-07-29,52140,2015-12-31,2,123926000000,,,,,,9256000000,,6492000000,,,1311000000,,2.64,,,,,,,,,,,,,,,,,,,,,,true,false,6,2015-01-01,2015-06-30,-1
2016-07-29,52140,2016-12-31,2,248000000000,-0.013,,,,,19000000000,-0.138,14000000000,-0.019,,10000000000,,20.11,,,,,,,,,,,,,,,,,,,,,,true,true,12,2016-01-01,2016-12-31,0
2016-07-29,52140,2015-12-31,2,,,,,,,,,,,,,,,,,,,,726937000000,519801000000,0.706,,513218000000,,,,,,,,,,,,true,false,12,2015-01-01,2015-12-31,-1
2016-07-29,52140,2015-12-31,2,,,,,,,,,,,,,,,,,,,,,,,,,,,,,16.00,,,,497616234,243750,,false,false,12,2015-01-01,2015-12-31,-1
2016-07-29,52140,2016-12-31,2,,,,,,,,,,,,,,,,,,,,,,,,,,,,,8.00,,,,,,,false,false,12,2016-01-01,2016-12-31,0
2016-07-29,52140,2016-12-31,2,,,,,,,,,,,,,,,,,,,,,,,,,,,,,16.00,,,,,,,false,true,12,2016-01-01,2016-12-31,0
2016-07-29,52140,2016-12-31,2,,,,,,,,,,,,,,,,,,,,,,,,,,,,,,,,,497616234,246245,497371154,false,false,6,2016-01-01,2016-06-30,0
2016-07-29,52140,2015-12-31,2,,,,,,,,,,,,,,,,,,,,,,,,,,,,,,,,,,,497384802,false,false,6,2015-01-01,2015-06-30,-1
2016-10-31,52140,2016-12-31,3,176680000000,-0.062,,,,,14133000000,-0.101,4251000000,-0.421,,286000000,,0.58,,,,,,686123000000,496958000000,0.717,,491829000000,,,,,,,,,,,,true,false,9,2016-01-01,2016-09-30,0
2016-10-31,52140,2015-12-31,3,188262000000,,,,,,15728000000,,7346000000,,,1447000000,,2.91,,,,,,,,,,,,,,,,,,,,,,true,false,9,2015-01-01,2015-09-30,-1
2016-10-31,52140,2016-12-31,3,248000000000,-0.013,,,,,19000000000,-0.138,14000000000,-0.019,,10000000000,,20.11,,,,,,,,,,,,,,,,,,,,,,true,true,12,2016-01-01,2016-12-31,0
2016-10-31,52140,2015-12-31,3,,,,,,,,,,,,,,,,,,,,726937000000,519801000000,0.706,,513218000000,,,,,,,,,,,,true,false,12,2015-01-01,2015-12-31,-1
2016-10-31,52140,2015-12-31,3,,,,,,,,,,,,,,,,,,,,,,,,,,,,,16.00,,,,497616234,243750,,false,false,12,2015-01-01,2015-12-31,-1
2016-10-31,52140,2016-12-31,3,,,,,,,,,,,,,,,,,,,,,,,,,,,,,8.00,,,,,,,false,false,12,2016-01-01,2016-12-31,0
2016-10-31,52140,2016-12-31,3,,,,,,,,,,,,,,,,,,,,,,,,,,,,,16.00,,,,,,,false,true,12,2016-01-01,2016-12-31,0
2016-10-31,52140,2016-12-31,3,,,,,,,,,,,,,,,,,,,,,,,,,,,,,,,,,497616234,247394,497370555,false,false,9,2016-01-01,2016-09-30,0
2016-10-31,52140,2015-12-31,3,,,,,,,,,,,,,,,,,,,,,,,,,,,,,,,,,,,497383484,false,false,9,2015-01-01,2015-09-30,-1
2017-02-03,52140,2016-12-31,,239411000000,-0.047,,,,,19571000000,-0.112,13967000000,-0.021,,4968000000,,9.99,,0.010,0.020,0.082,,693917000000,509564000000,0.727,1013.92,504287000000,48261000000,-36138000000,-17624000000,126167000000,,1.602,,,,,,true,false,12,2016-01-01,2016-12-31,0
2017-02-03,52140,2015-12-31,,251177000000,,,,,,22034000000,,14272000000,,,9636000000,,19.38,,0.019,0.020,0.088,,726937000000,519801000000,0.706,1031.86,513218000000,46797000000,-32638000000,-7892000000,133856000000,,0.826,,,,,,true,false,12,2015-01-01,2015-12-31,-1
2017-02-03,52140,2017-12-31,,125000000000,0.057,,,,,11000000000,0.263,8000000000,,,7000000000,,14.07,,,,,,,,,,,,,,,,,,,,,,true,true,6,2017-01-01,2017-06-30,1
2017-02-03,52140,2017-12-31,,260000000000,0.086,,,,,24000000000,0.226,20000000000,0.432,,17000000000,,34.18,,,,,,,,,,,,,,,,0.468,,,,,,true,true,12,2017-01-01,2017-12-31,1
2017-02-03,52140,2016-12-31,,143576000000,-0.102,,,,,-914000000,,9145000000,-0.412,3137000000,,-0.768,6.31,,,,,,619527000000,453239000000,0.732,911.28,453239000000,,,,,16.00,,,,497616234,251848,497369508,false,false,12,2016-01-01,2016-12-31,0
2017-02-03,52140,2015-12-31,,159848000000,,,,,,1020000000,,15551000000,,13551000000,,,27.25,,,,,,652528000000,459020000000,0.703,922.89,459020000000,,,,,16.00,,,,497616234,243750,497381650,false,false,12,2015-01-01,2015-12-31,-1
2017-02-03,52140,2017-12-31,,,,,,,,,,,,,,,,,,,,,,,,,,,,,,16.00,,,,,,,false,true,12,2017-01-01,2017-12-31,1
2017-04-28,52140,2017-12-31,1,66245000000,0.142,,,,,7915000000,0.528,5904000000,1.405,,4140000000,,8.33,,,,,,694146000000,511418000000,0.730,,506876000000,,,,,,,,,,,,true,false,3,2017-01-01,2017-03-31,0
2017-04-28,52140,2016-12-31,1,57998000000,-0.051,,,,,5179000000,0.127,2454000000,0.068,,648000000,,1.30,,,,,,,,,,,,,,,,,,,,,,true,false,3,2016-01-01,2016-03-31,-1
2017-04-28,52140,2017-12-31,1,125000000000,0.057,,,,,11000000000,0.263,8000000000,,,7000000000,,70.37,,,,,,,,,,,,,,,,,,,,,,true,true,6,2017-01-01,2017-06-30,0
2017-04-28,52140,2017-12-31,1,260000000000,0.086,,,,,24000000000,0.226,20000000000,0.432,,17000000000,,170.90,,,,,,,,,,,,,,,,,,,,,,true,true,12,2017-01-01,2017-12-31,0
2017-04-28,52140,2016-12-31,1,,,,,,,,,,,,,,,,,,,,693917000000,509564000000,0.727,,504287000000,,,,,,,,,,,,true,false,12,2016-01-01,2016-12-31,-1
2017-04-28,52140,2016-12-31,1,,,,,,,,,,,,,,,,,,,,,,,,,,,,,16.00,,,,497616234,251848,,false,false,12,2016-01-01,2016-12-31,-1
2017-04-28,52140,2017-12-31,1,,,,,,,,,,,,,,,,,,,,,,,,,,,,,40.00,,,,,,,false,true,12,2017-01-01,2017-12-31,0
2017-04-28,52140,2017-12-31,1,,,,,,,,,,,,,,,,,,,,,,,,,,,,,,,,,497616234,253840,497363176,false,false,3,2017-01-01,2017-03-31,0
2017-04-28,52140,2016-12-31,1,,,,,,,,,,,,,,,,,,,,,,,,,,,,,,,,,,,497371791,false,false,3,2016-01-01,2016-03-31,-1
2017-07-12,52140,2017-12-31,,133000000000,0.064,,,,,16000000000,0.455,15000000000,0.875,,11000000000,,110.58,,,,,,,,,,,,,,,,,,,,,,true,true,6,2017-01-01,2017-06-30,0
2017-07-12,52140,2016-12-31,,118229000000,,,,,,8710000000,,568000000,,,-1270000000,,-12.77,,,,,,,,,,,,,,,,,,,,,,true,false,6,2016-01-01,2016-06-30,-1
2017-07-31,52140,2017-12-31,2,133206000000,0.127,,,,,16266000000,0.867,15978000000,,,12038000000,,121.02,,,,,,691533000000,522061000000,0.748,,517328000000,,,,,,,,,,,,true,false,6,2017-01-01,2017-06-30,0
2017-07-31,52140,2016-12-31,2,118229000000,-0.046,,,,,8710000000,-0.059,568000000,-0.912,,-1270000000,,-12.77,,,,,,,,,,,,,,,,,,,,,,true,false,6,2016-01-01,2016-06-30,-1
2017-07-31,52140,2017-12-31,2,266000000000,0.111,,,,,30000000000,0.533,29000000000,1.076,,22000000000,,221.17,,,,,,,,,,,,,,,,,,,,,,true,true,12,2017-01-01,2017-12-31,0
2017-07-31,52140,2016-12-31,2,,,,,,,,,,,,,,,,,,,,693917000000,509564000000,0.727,,504287000000,,,,,,,,,,,,true,false,12,2016-01-01,2016-12-31,-1
2017-07-31,52140,2016-12-31,2,,,,,,,,,,,,,,,,,,,,,,,,,,,,,16.00,,,,99523246,50369,,false,false,12,2016-01-01,2016-12-31,-1
2017-07-31,52140,2017-12-31,2,,,,,,,,,,,,,,,,,,,,,,,,,,,,,8.00,,,,,,,false,false,12,2017-01-01,2017-12-31,0
2017-07-31,52140,2017-12-31,2,,,,,,,,,,,,,,,,,,,,,,,,,,,,,40.00,,,,,,,false,true,12,2017-01-01,2017-12-31,0
2017-07-31,52140,2017-12-31,2,,,,,,,,,,,,,,,,,,,,,,,,,,,,,,,,,99523246,51275,99472488,false,false,6,2017-01-01,2017-06-30,0
2017-07-31,52140,2016-12-31,2,,,,,,,,,,,,,,,,,,,,,,,,,,,,,,,,,,,99474230,false,false,6,2016-01-01,2016-06-30,-1
2017-10-30,52140,2017-12-31,3,204751000000,0.159,,,,,24639000000,0.743,24841000000,4.844,,17807000000,,179.02,,,,,,745488000000,527160000000,0.701,,522304000000,,,,,,,,,,,,true,false,9,2017-01-01,2017-09-30,0
2017-10-30,52140,2016-12-31,3,176680000000,-0.062,,,,,14133000000,-0.101,4251000000,-0.421,,286000000,,2.88,,,,,,,,,,,,,,,,,,,,,,true,false,9,2016-01-01,2016-09-30,-1
2017-10-30,52140,2017-12-31,3,280000000000,0.170,,,,,32000000000,0.635,32000000000,1.291,,24000000000,,241.27,,,,,,,,,,,,,,,,,,,,,,true,true,12,2017-01-01,2017-12-31,0
2017-10-30,52140,2016-12-31,3,,,,,,,,,,,,,,,,,,,,693917000000,509564000000,0.727,,504287000000,,,,,,,,,,,,true,false,12,2016-01-01,2016-12-31,-1
2017-10-30,52140,2016-12-31,3,,,,,,,,,,,,,,,,,,,,,,,,,,,,,16.00,,,,99523246,50369,,false,false,12,2016-01-01,2016-12-31,-1
2017-10-30,52140,2017-12-31,3,,,,,,,,,,,,,,,,,,,,,,,,,,,,,8.00,,,,,,,false,false,12,2017-01-01,2017-12-31,0
2017-10-30,52140,2017-12-31,3,,,,,,,,,,,,,,,,,,,,,,,,,,,,,40.00,,,,,,,false,true,12,2017-01-01,2017-12-31,0
2017-10-30,52140,2017-12-31,3,,,,,,,,,,,,,,,,,,,,,,,,,,,,,,,,,99523246,52589,99471999,false,false,9,2017-01-01,2017-09-30,0
2017-10-30,52140,2016-12-31,3,,,,,,,,,,,,,,,,,,,,,,,,,,,,,,,,,,,99474110,false,false,9,2016-01-01,2016-09-30,-1
,52140,2017-12-31,,,,,,,,,,,,,,,,,,,,,,,,,,,,,,50.00,,,,,,,false,true,12,2017-01-01,2017-12-31,0
,52140,2017-12-31,,,,,,,,,,,,,,,,,,,,,,,,,,,,,,8.00,,,,,,,false,false,12,2017-01-01,2017-12-31,0
,52140,2016-12-31,,,,,,,,,,,,,,,,,,,,,,,,,,,,,,16.00,,,,,,,false,false,12,2016-01-01,2016-12-31,-1
2018-02-05,52140,2017-12-31,,282447000000,0.180,,,,,32201000000,0.645,34130000000,1.443,,27184000000,,273.29,,0.052,0.047,0.114,,764420000000,543789000000,0.705,5416.93,538819000000,46159000000,-68644000000,9797000000,113835000000,,0.329,,,,,,true,false,12,2017-01-01,2017-12-31,0
2018-02-05,52140,2016-12-31,,239411000000,-0.047,,,,,19571000000,-0.112,13967000000,-0.021,,4968000000,,49.95,,0.010,0.020,0.082,,693917000000,509564000000,0.727,5069.60,504287000000,48261000000,-36138000000,-17624000000,126167000000,,1.602,,,,,,true,false,12,2016-01-01,2016-12-31,-1
2018-02-05,52140,2018-12-31,,150000000000,0.126,,,,,15000000000,-0.078,14000000000,-0.124,,9000000000,,90.48,,,,,,,,,,,,,,,,,,,,,,true,true,6,2018-01-01,2018-06-30,1
2018-02-05,52140,2018-12-31,,300000000000,0.062,,,,,31000000000,-0.037,29000000000,-0.150,,20000000000,,201.07,,,,,,,,,,,,,,,,0.497,,,,,,true,true,12,2018-01-01,2018-12-31,1
2018-02-05,52140,2017-12-31,,150907000000,0.051,,,,,2868000000,,31424000000,2.436,28204000000,,7.988,283.54,,,,,,679905000000,481246000000,0.708,4838.13,481246000000,,,,,50.00,,,,99523246,53734,99471519,false,false,12,2017-01-01,2017-12-31,0
2018-02-05,52140,2016-12-31,,143576000000,-0.102,,,,,-914000000,,9145000000,-0.412,3137000000,,-0.768,31.55,,,,,,619527000000,453239000000,0.732,4556.41,453239000000,,,,,16.00,,,,99523246,50369,99473901,false,false,12,2016-01-01,2016-12-31,-1
2018-02-05,52140,2018-12-31,,,,,,,,,,,,,,,,,,,,,,,,,,,,,,100.00,,,,,,,false,true,12,2018-01-01,2018-12-31,1
2018-04-27,52140,2018-12-31,1,78609000000,0.187,,,,,7162000000,-0.095,5126000000,-0.132,,3131000000,,31.48,,,,,,746157000000,534235000000,0.710,,529524000000,,,,,,,,,,,,true,false,3,2018-01-01,2018-03-31,0
2018-04-27,52140,2017-12-31,1,66245000000,0.142,,,,,7915000000,0.528,5904000000,1.405,,4140000000,,41.63,,,,,,,,,,,,,,,,,,,,,,true,false,3,2017-01-01,2017-03-31,-1
2018-04-27,52140,2018-12-31,1,150000000000,0.126,,,,,15000000000,-0.078,14000000000,-0.124,,9000000000,,90.48,,,,,,,,,,,,,,,,,,,,,,true,true,6,2018-01-01,2018-06-30,0
2018-04-27,52140,2018-12-31,1,300000000000,0.062,,,,,31000000000,-0.037,29000000000,-0.150,,20000000000,,201.07,,,,,,,,,,,,,,,,,,,,,,true,true,12,2018-01-01,2018-12-31,0
2018-04-27,52140,2017-12-31,1,,,,,,,,,,,,,,,,,,,,764420000000,543789000000,0.705,,538819000000,,,,,,,,,,,,true,false,12,2017-01-01,2017-12-31,-1
2018-04-27,52140,2017-12-31,1,,,,,,,,,,,,,,,,,,,,,,,,,,,,,50.00,,,,99523246,53734,,false,false,12,2017-01-01,2017-12-31,-1
2018-04-27,52140,2018-12-31,1,,,,,,,,,,,,,,,,,,,,,,,,,,,,,100.00,,,,,,,false,true,12,2018-01-01,2018-12-31,0
2018-04-27,52140,2018-12-31,1,,,,,,,,,,,,,,,,,,,,,,,,,,,,,,,,,99523246,53861,99469447,false,false,3,2018-01-01,2018-03-31,0
2018-04-27,52140,2017-12-31,1,,,,,,,,,,,,,,,,,,,,,,,,,,,,,,,,,,,99472635,false,false,3,2017-01-01,2017-03-31,-1
2018-07-30,52140,2018-12-31,2,154529000000,0.160,,,,,14039000000,-0.137,11580000000,-0.275,,8083000000,,81.26,,,,,,748588000000,535065000000,0.708,,530230000000,,,,,,,,,,,,true,false,6,2018-01-01,2018-06-30,0
2018-07-30,52140,2017-12-31,2,133206000000,0.127,,,,,16266000000,0.867,15978000000,,,12038000000,,121.02,,,,,,,,,,,,,,,,,,,,,,true,false,6,2017-01-01,2017-06-30,-1
2018-07-30,52140,2018-12-31,2,300000000000,0.062,,,,,31000000000,-0.037,29000000000,-0.150,,20000000000,,201.07,,,,,,,,,,,,,,,,,,,,,,true,true,12,2018-01-01,2018-12-31,0
2018-07-30,52140,2017-12-31,2,,,,,,,,,,,,,,,,,,,,764420000000,543789000000,0.705,,538819000000,,,,,,,,,,,,true,false,12,2017-01-01,2017-12-31,-1
2018-07-30,52140,2017-12-31,2,,,,,,,,,,,,,,,,,,,,,,,,,,,,,50.00,,,,99523246,53734,,false,false,12,2017-01-01,2017-12-31,-1
2018-07-30,52140,2018-12-31,2,,,,,,,,,,,,,,,,,,,,,,,,,,,,,50.00,,,,,,,false,false,12,2018-01-01,2018-12-31,0
2018-07-30,52140,2018-12-31,2,,,,,,,,,,,,,,,,,,,,,,,,,,,,,100.00,,,,,,,false,true,12,2018-01-01,2018-12-31,0
2018-07-30,52140,2018-12-31,2,,,,,,,,,,,,,,,,,,,,,,,,,,,,,,,,,99523246,54077,99469389,false,false,6,2018-01-01,2018-06-30,0
2018-07-30,52140,2017-12-31,2,,,,,,,,,,,,,,,,,,,,,,,,,,,,,,,,,,,99472488,false,false,6,2017-01-01,2017-06-30,-1
2018-10-29,52140,2018-12-31,3,227652000000,0.112,,,,,19305000000,-0.215,15727000000,-0.366,,11642000000,,117.46,,,,,,737750000000,531121000000,0.713,,526257000000,,,,,,,,,,,,true,false,9,2018-01-01,2018-09-30,0
2018-10-29,52140,2017-12-31,3,204751000000,0.159,,,,,24601000000,0.741,24796000000,4.833,,17762000000,,178.56,,,,,,,,,,,,,,,,,,,,,,true,false,9,2017-01-01,2017-09-30,-1
2018-10-29,52140,2018-12-31,3,300000000000,0.062,,,,,31000000000,-0.037,29000000000,-0.150,,20000000000,,201.07,,,,,,,,,,,,,,,,,,,,,,true,true,12,2018-01-01,2018-12-31,0
2018-10-29,52140,2017-12-31,3,,,,,,,,,,,,,,,,,,,,764420000000,543789000000,0.705,,538819000000,,,,,,,,,,,,true,false,12,2017-01-01,2017-12-31,-1
2018-10-29,52140,2017-12-31,3,,,,,,,,,,,,,,,,,,,,,,,,,,,,,50.00,,,,99523246,53734,,false,false,12,2017-01-01,2017-12-31,-1
2018-10-29,52140,2018-12-31,3,,,,,,,,,,,,,,,,,,,,,,,,,,,,,50.00,,,,,,,false,false,12,2018-01-01,2018-12-31,0
2018-10-29,52140,2018-12-31,3,,,,,,,,,,,,,,,,,,,,,,,,,,,,,100.00,,,,,,,false,true,12,2018-01-01,2018-12-31,0
2018-10-29,52140,2018-12-31,3,,,,,,,,,,,,,,,,,,,,,,,,,,,,,,,,,99523246,2244789,99114872,false,false,9,2018-01-01,2018-09-30,0
2018-10-29,52140,2017-12-31,3,,,,,,,,,,,,,,,,,,,,,,,,,,,,,,,,,,,99471999,false,false,9,2017-01-01,2017-09-30,-1
2019-01-30,52140,2018-12-31,,300300000000,0.001,,,,,24800000000,-0.200,19800000000,-0.317,,15100000000,,153.24,,,,,,,,,,,,,,,,,,,,,,true,true,12,2018-01-01,2018-12-31,0
2019-01-30,52140,2017-12-31,,282447000000,,,,,,32201000000,,34130000000,,,27184000000,,273.29,,,,,,,,,,,,,,,,,,,,,,true,false,12,2017-01-01,2017-12-31,-1
2019-02-05,52140,2018-12-31,,300326000000,0.063,,,,,24865000000,-0.228,19832000000,-0.419,,15199000000,,154.26,,0.029,0.027,0.083,,725575000000,521547000000,0.712,5346.03,516451000000,52002000000,-19551000000,-28503000000,116248000000,,0.648,,,,,,true,false,12,2018-01-01,2018-12-31,0
2019-02-05,52140,2017-12-31,,282447000000,0.180,,,,,32201000000,0.645,34130000000,1.443,,27184000000,,273.29,,0.052,0.047,0.114,,764420000000,543789000000,0.705,5416.93,538819000000,46159000000,-68644000000,9797000000,113835000000,,0.329,,,,,,true,false,12,2017-01-01,2017-12-31,-1
2019-02-05,52140,2019-12-31,,145000000000,-0.062,,,,,10000000000,-0.288,9000000000,-0.223,,8000000000,,82.81,,,,,,,,,,,,,,,,,,,,,,true,true,6,2019-01-01,2019-06-30,1
2019-02-05,52140,2019-12-31,,305000000000,0.016,,,,,25000000000,0.005,22000000000,0.109,,18000000000,,186.33,,,,,,,,,,,,,,,,0.590,,,,,,true,true,12,2019-01-01,2019-12-31,1
2019-02-05,52140,2018-12-31,,144473000000,-0.043,,,,,5145000000,0.794,27192000000,-0.135,26674000000,,-0.054,270.71,,,,,,645369000000,477552000000,0.740,4943.36,477552000000,,,,,100.00,,,,99523246,2918451,98535648,false,false,12,2018-01-01,2018-12-31,0
2019-02-05,52140,2017-12-31,,150907000000,0.051,,,,,2868000000,,31424000000,2.436,28204000000,,7.988,283.54,,,,,,679905000000,481246000000,0.708,4838.13,481246000000,,,,,50.00,,,,99523246,53734,99471519,false,false,12,2017-01-01,2017-12-31,-1
2019-02-05,52140,2019-12-31,,,,,,,,,,,,,,,,,,,,,,,,,,,,,,110.00,,,,,,,false,true,12,2019-01-01,2019-12-31,1
2019-04-26,52140,2019-12-31,1,67809000000,-0.137,,,,,4947000000,-0.309,6326000000,0.234,,3877000000,,40.14,,,,,,721518000000,524576000000,0.721,,519919000000,,,,,,,,,,,,true,false,3,2019-01-01,2019-03-31,0
2019-04-26,52140,2018-12-31,1,78609000000,0.187,,,,,7162000000,-0.095,5126000000,-0.132,,3131000000,,31.48,,,,,,,,,,,,,,,,,,,,,,true,false,3,2018-01-01,2018-03-31,-1
2019-04-26,52140,2019-12-31,1,145000000000,-0.062,,,,,10000000000,-0.288,9000000000,-0.223,,8000000000,,82.81,,,,,,,,,,,,,,,,,,,,,,true,true,6,2019-01-01,2019-06-30,0
2019-04-26,52140,2019-12-31,1,305000000000,0.016,,,,,25000000000,0.005,22000000000,0.109,,18000000000,,186.33,,,,,,,,,,,,,,,,,,,,,,true,true,12,2019-01-01,2019-12-31,0
2019-04-26,52140,2018-12-31,1,,,,,,,,,,,,,,,,,,,,725320000000,521547000000,0.712,,516451000000,,,,,,,,,,,,true,false,12,2018-01-01,2018-12-31,-1
2019-04-26,52140,2018-12-31,1,,,,,,,,,,,,,,,,,,,,,,,,,,,,,100.00,,,,99523246,2918451,,false,false,12,2018-01-01,2018-12-31,-1
2019-04-26,52140,2019-12-31,1,,,,,,,,,,,,,,,,,,,,,,,,,,,,,110.00,,,,,,,false,true,12,2019-01-01,2019-12-31,0
2019-04-26,52140,2019-12-31,1,,,,,,,,,,,,,,,,,,,,,,,,,,,,,,,,,99523246,2918491,96604777,false,false,3,2019-01-01,2019-03-31,0
2019-04-26,52140,2018-12-31,1,,,,,,,,,,,,,,,,,,,,,,,,,,,,,,,,,,,99469447,false,false,3,2018-01-01,2018-03-31,-1
2019-07-29,52140,2019-12-31,2,133366000000,-0.137,,,,,9292000000,-0.338,8714000000,-0.247,,5494000000,,56.88,,,,,,704345000000,515227000000,0.725,,510458000000,,,,,,,,,,,,true,false,6,2019-01-01,2019-06-30,0
2019-07-29,52140,2018-12-31,2,154529000000,0.160,,,,,14039000000,-0.137,11580000000,-0.275,,8083000000,,81.26,,,,,,,,,,,,,,,,,,,,,,true,false,6,2018-01-01,2018-06-30,-1
2019-07-29,52140,2019-12-31,2,270000000000,-0.101,,,,,18000000000,-0.276,16000000000,-0.193,,8000000000,,82.80,,,,,,,,,,,,,,,,,,,,,,true,true,12,2019-01-01,2019-12-31,0
2019-07-29,52140,2018-12-31,2,,,,,,,,,,,,,,,,,,,,725320000000,521547000000,0.712,,516451000000,,,,,,,,,,,,true,false,12,2018-01-01,2018-12-31,-1
2019-07-29,52140,2018-12-31,2,,,,,,,,,,,,,,,,,,,,,,,,,,,,,100.00,,,,99523246,2918451,,false,false,12,2018-01-01,2018-12-31,-1
2019-07-29,52140,2019-12-31,2,,,,,,,,,,,,,,,,,,,,,,,,,,,,,50.00,,,,,,,false,false,12,2019-01-01,2019-12-31,0
2019-07-29,52140,2019-12-31,2,,,,,,,,,,,,,,,,,,,,,,,,,,,,,110.00,,,,,,,false,true,12,2019-01-01,2019-12-31,0
2019-07-29,52140,2019-12-31,2,,,,,,,,,,,,,,,,,,,,,,,,,,,,,,,,,99523246,2904427,96610822,false,false,6,2019-01-01,2019-06-30,0
2019-07-29,52140,2018-12-31,2,,,,,,,,,,,,,,,,,,,,,,,,,,,,,,,,,,,99469389,false,false,6,2018-01-01,2018-06-30,-1
2019-07-29,52140,2019-12-31,,133366000000,-0.080,,,,,9292000000,-0.071,8714000000,-0.032,,5494000000,,56.88,,,,,,,,,,,,,,,,,,,,,,true,true,6,2019-01-01,2019-06-30,0
2019-07-29,52140,2018-12-31,,154529000000,,,,,,14039000000,,11580000000,,,8083000000,,81.26,,,,,,,,,,,,,,,,,,,,,,true,false,6,2018-01-01,2018-06-30,-1
2019-07-29,52140,2019-12-31,,270000000000,-0.115,,,,,18000000000,-0.280,16000000000,-0.273,,8000000000,,82.80,,,,,,,,,,,,,,,,,,,,,,true,true,12,2019-01-01,2019-12-31,0
2019-07-29,52140,2018-12-31,,300326000000,,,,,,24865000000,,19832000000,,,15199000000,,154.26,,,,,,,,,,,,,,,,,,,,,,true,false,12,2018-01-01,2018-12-31,-1
2019-10-29,52140,2019-12-31,3,194925000000,-0.144,,,,,12588000000,-0.348,10335000000,-0.343,,3154000000,,32.65,,,,,,690676000000,507064000000,0.727,,502217000000,,,,,,,,,,,,true,false,9,2019-01-01,2019-09-30,0
2019-10-29,52140,2018-12-31,3,227652000000,0.112,,,,,19305000000,-0.215,15727000000,-0.366,,11642000000,,117.46,,,,,,,,,,,,,,,,,,,,,,true,false,9,2018-01-01,2018-09-30,-1
2019-10-29,52140,2019-12-31,3,270000000000,-0.101,,,,,18000000000,-0.276,16000000000,-0.193,,8000000000,,82.80,,,,,,,,,,,,,,,,,,,,,,true,true,12,2019-01-01,2019-12-31,0
2019-10-29,52140,2018-12-31,3,,,,,,,,,,,,,,,,,,,,725320000000,521547000000,0.712,,516451000000,,,,,,,,,,,,true,false,12,2018-01-01,2018-12-31,-1
2019-10-29,52140,2018-12-31,3,,,,,,,,,,,,,,,,,,,,,,,,,,,,,100.00,,,,99523246,2918451,,false,false,12,2018-01-01,2018-12-31,-1
2019-10-29,52140,2019-12-31,3,,,,,,,,,,,,,,,,,,,,,,,,,,,,,50.00,,,,,,,false,false,12,2019-01-01,2019-12-31,0
2019-10-29,52140,2019-12-31,3,,,,,,,,,,,,,,,,,,,,,,,,,,,,,110.00,,,,,,,false,true,12,2019-01-01,2019-12-31,0
2019-10-29,52140,2019-12-31,3,,,,,,,,,,,,,,,,,,,,,,,,,,,,,,,,,99523246,2904602,96613170,false,false,9,2019-01-01,2019-09-30,0
2019-10-29,52140,2018-12-31,3,,,,,,,,,,,,,,,,,,,,,,,,,,,,,,,,,,,99114872,false,false,9,2018-01-01,2018-09-30,-1
2020-01-20,52140,2019-12-31,,257000000000,-0.048,,,,,16000000000,-0.111,15000000000,-0.063,,-34000000000,,-351.91,,,,,,,,,,,,,,,,,,,,,,true,true,12,2019-01-01,2019-12-31,0
2020-01-20,52140,2018-12-31,,300326000000,,,,,,24865000000,,19832000000,,,15199000000,,154.26,,,,,,,,,,,,,,,,,,,,,,true,false,12,2018-01-01,2018-12-31,-1
2020-01-20,52140,2019-12-31,,,,,,,,,,,,,,,,,,,,,,,,,,,,,,100.00,,,,,,,false,true,12,2019-01-01,2019-12-31,0
2020-01-20,52140,2019-12-31,,,,,,,,,,,,,,,,,,,,,,,,,,,,,,50.00,,,,,,,false,false,12,2019-01-01,2019-12-31,0
2020-01-20,52140,2018-12-31,,,,,,,,,,,,,,,,,,,,,,,,,,,,,,100.00,,,,,,,false,false,12,2018-01-01,2018-12-31,-1
2020-02-05,52140,2019-12-31,,257189000000,-0.144,,,,,15937000000,-0.359,15373000000,-0.225,,-33669000000,,-348.50,,-0.068,0.022,0.062,,664800000000,477154000000,0.710,4885.50,472030000000,21637000000,-14316000000,-21976000000,100977000000,,,,,,,,true,false,12,2019-01-01,2019-12-31,0
2020-02-05,52140,2018-12-31,,300326000000,0.063,,,,,24865000000,-0.228,19832000000,-0.419,,15199000000,,154.26,,0.029,0.027,0.083,,725320000000,521547000000,0.712,5346.03,516451000000,52002000000,-19551000000,-28503000000,116248000000,,0.648,,,,,,true,false,12,2018-01-01,2018-12-31,-1
2020-02-05,52140,2020-12-31,,130000000000,-0.025,,,,,7000000000,-0.247,7000000000,-0.197,,5000000000,,51.75,,,,,,,,,,,,,,,,,,,,,,true,true,6,2020-01-01,2020-06-30,1
2020-02-05,52140,2020-12-31,,260000000000,0.011,,,,,16000000000,0.004,15000000000,-0.024,,11000000000,,113.85,,,,,,,,,,,,,,,,0.878,,,,,,true,true,12,2020-01-01,2020-12-31,1
2020-02-05,52140,2019-12-31,,117925000000,-0.184,,,,,-3273000000,,9075000000,-0.666,-47479000000,,,-491.43,,,,,,575979000000,421868000000,0.732,4366.33,421868000000,,,,,100.00,,,,99523246,2904626,96614429,false,false,12,2019-01-01,2019-12-31,0
2020-02-05,52140,2018-12-31,,144473000000,-0.043,,,,,5145000000,0.794,27192000000,-0.135,26674000000,,-0.054,270.71,,,,,,644993000000,477552000000,0.740,4943.36,477552000000,,,,,100.00,,,,99523246,2918451,98535648,false,false,12,2018-01-01,2018-12-31,-1
2020-02-05,52140,2020-12-31,,,,,,,,,,,,,,,,,,,,,,,,,,,,,,100.00,,,,,,,false,true,12,2020-01-01,2020-12-31,1
2020-04-28,52140,2020-12-31,1,64903000000,-0.044,,,,,4004000000,-0.202,3562000000,-0.437,,2234000000,,23.12,,,,,,654897000000,464434000000,0.702,,459845000000,,,,,,,,,,,,true,false,3,2020-01-01,2020-03-31,0
2020-04-28,52140,2019-12-31,1,67877000000,-0.137,,,,,5016000000,-0.300,6326000000,0.234,,3877000000,,40.14,,,,,,,,,,,,,,,,,,,,,,true,false,3,2019-01-01,2019-03-31,-1
2020-04-28,52140,2020-12-31,1,130000000000,-0.025,,,,,7000000000,-0.247,7000000000,-0.197,,5000000000,,51.75,,,,,,,,,,,,,,,,,,,,,,true,true,6,2020-01-01,2020-06-30,0
2020-04-28,52140,2020-12-31,1,260000000000,0.011,,,,,16000000000,0.004,15000000000,-0.024,,11000000000,,113.85,,,,,,,,,,,,,,,,,,,,,,true,true,12,2020-01-01,2020-12-31,0
2020-04-28,52140,2019-12-31,1,,,,,,,,,,,,,,,,,,,,664800000000,477154000000,0.710,,472030000000,,,,,,,,,,,,true,false,12,2019-01-01,2019-12-31,-1
2020-04-28,52140,2019-12-31,1,,,,,,,,,,,,,,,,,,,,,,,,,,,,,100.00,,,,99523246,2904626,,false,false,12,2019-01-01,2019-12-31,-1
2020-04-28,52140,2020-12-31,1,,,,,,,,,,,,,,,,,,,,,,,,,,,,,100.00,,,,,,,false,true,12,2020-01-01,2020-12-31,0
2020-04-28,52140,2020-12-31,1,,,,,,,,,,,,,,,,,,,,,,,,,,,,,,,,,99523246,2904673,96618602,false,false,3,2020-01-01,2020-03-31,0
2020-04-28,52140,2019-12-31,1,,,,,,,,,,,,,,,,,,,,,,,,,,,,,,,,,,,96604777,false,false,3,2019-01-01,2019-03-31,-1
2020-07-30,52140,2020-12-31,2,115381000000,-0.136,,,,,7767000000,-0.176,6888000000,-0.210,,6824000000,,70.62,,,,,,653722000000,469217000000,0.711,,464595000000,,,,,,,,,,,,true,false,6,2020-01-01,2020-06-30,0
2020-07-30,52140,2019-12-31,2,133497000000,-0.136,,,,,9423000000,-0.329,8714000000,-0.247,,5494000000,,56.88,,,,,,,,,,,,,,,,,,,,,,true,false,6,2019-01-01,2019-06-30,-1
2020-07-30,52140,2020-12-31,2,230000000000,-0.107,,,,,12000000000,-0.262,11000000000,-0.285,,9000000000,,93.13,,,,,,,,,,,,,,,,,,,,,,true,true,12,2020-01-01,2020-12-31,0
2020-07-30,52140,2019-12-31,2,,,,,,,,,,,,,,,,,,,,664800000000,477154000000,0.710,,472030000000,,,,,,,,,,,,true,false,12,2019-01-01,2019-12-31,-1
2020-07-30,52140,2019-12-31,2,,,,,,,,,,,,,,,,,,,,,,,,,,,,,100.00,,,,99523246,2904626,,false,false,12,2019-01-01,2019-12-31,-1
2020-07-30,52140,2020-12-31,2,,,,,,,,,,,,,,,,,,,,,,,,,,,,,50.00,,,,,,,false,false,12,2020-01-01,2020-12-31,0
2020-07-30,52140,2020-12-31,2,,,,,,,,,,,,,,,,,,,,,,,,,,,,,100.00,,,,,,,false,true,12,2020-01-01,2020-12-31,0
2020-07-30,52140,2020-12-31,2,,,,,,,,,,,,,,,,,,,,,,,,,,,,,,,,,99523246,2881673,96628447,false,false,6,2020-01-01,2020-06-30,0
2020-07-30,52140,2019-12-31,2,,,,,,,,,,,,,,,,,,,,,,,,,,,,,,,,,,,96610822,false,false,6,2019-01-01,2019-06-30,-1
2020-10-28,52140,2020-12-31,3,175133000000,-0.103,,,,,12375000000,-0.035,12643000000,0.223,,12059000000,,124.80,,,,,,657234000000,472360000000,0.712,,467655000000,,,,,,,,,,,,true,false,9,2020-01-01,2020-09-30,0
2020-10-28,52140,2019-12-31,3,195168000000,-0.143,,,,,12830000000,-0.335,10335000000,-0.343,,3154000000,,32.65,,,,,,,,,,,,,,,,,,,,,,true,false,9,2019-01-01,2019-09-30,-1
2020-10-28,52140,2020-12-31,3,235000000000,-0.087,,,,,15000000000,-0.077,15000000000,-0.024,,14000000000,,144.87,,,,,,,,,,,,,,,,,,,,,,true,true,12,2020-01-01,2020-12-31,0
2020-10-28,52140,2019-12-31,3,,,,,,,,,,,,,,,,,,,,664800000000,477154000000,0.710,,472030000000,,,,,,,,,,,,true,false,12,2019-01-01,2019-12-31,-1
2020-10-28,52140,2019-12-31,3,,,,,,,,,,,,,,,,,,,,,,,,,,,,,100.00,,,,99523246,2904626,,false,false,12,2019-01-01,2019-12-31,-1
2020-10-28,52140,2020-12-31,3,,,,,,,,,,,,,,,,,,,,,,,,,,,,,50.00,,,,,,,false,false,12,2020-01-01,2020-12-31,0
2020-10-28,52140,2020-12-31,3,,,,,,,,,,,,,,,,,,,,,,,,,,,,,100.00,,,,,,,false,true,12,2020-01-01,2020-12-31,0
2020-10-28,52140,2020-12-31,3,,,,,,,,,,,,,,,,,,,,,,,,,,,,,,,,,99523246,2881853,96632355,false,false,9,2020-01-01,2020-09-30,0
2020-10-28,52140,2019-12-31,3,,,,,,,,,,,,,,,,,,,,,,,,,,,,,,,,,,,96613170,false,false,9,2019-01-01,2019-09-30,-1
2021-02-02,52140,2020-12-31,,242886000000,-0.057,,,,,17660000000,0.086,19109000000,0.243,,15252000000,,157.84,,0.032,0.029,0.073,,658139000000,476920000000,0.717,4886.10,472198000000,47861000000,-19759000000,-7739000000,121215000000,,0.634,,,,,,true,false,12,2020-01-01,2020-12-31,0
2021-02-02,52140,2019-12-31,,257511000000,-0.143,,,,,16258000000,-0.346,15373000000,-0.225,,-33669000000,,-348.50,,-0.068,0.022,0.062,,664800000000,477154000000,0.710,4885.50,472030000000,21637000000,-14316000000,-21976000000,100977000000,,,,,,,,true,false,12,2019-01-01,2019-12-31,-1
2021-02-02,52140,2021-12-31,,125000000000,0.083,,,,,9000000000,0.159,9000000000,0.306,,5000000000,,51.74,,,,,,,,,,,,,,,,,,,,,,true,true,6,2021-01-01,2021-06-30,1
2021-02-02,52140,2021-12-31,,260000000000,0.070,,,,,20000000000,0.132,20000000000,0.047,,15500000000,,160.39,,,,,,,,,,,,,,,,0.623,,,,,,true,true,12,2021-01-01,2021-12-31,1
2021-02-02,52140,2020-12-31,,115001000000,-0.068,,,,,5326000000,1.985,11319000000,0.247,14088000000,,,145.79,,,,,,585603000000,424184000000,0.724,4389.27,424184000000,,,,,100.00,,,,99523246,2882008,96634409,false,false,12,2020-01-01,2020-12-31,0
2021-02-02,52140,2019-12-31,,123371000000,,,,,,1784000000,,9075000000,-0.666,-47479000000,,,-491.43,,,,,,575979000000,421868000000,0.732,4366.33,421868000000,,,,,100.00,,,,99523246,2904626,96614429,false,false,12,2019-01-01,2019-12-31,-1
2021-02-02,52140,2021-12-31,,,,,,,,,,,,,,,,,,,,,,,,,,,,,,100.00,,,,,,,false,true,12,2021-01-01,2021-12-31,1
2021-04-01,52140,2021-12-31,,135000000000,0.080,,,,,11000000000,0.222,15000000000,0.667,,8000000000,,82.78,,,,,,,,,,,,,,,,,,,,,,true,true,6,2021-01-01,2021-06-30,0
2021-04-01,52140,2020-12-31,,115381000000,,,,,,7767000000,,6888000000,,,6824000000,,70.62,,,,,,,,,,,,,,,,,,,,,,true,false,6,2020-01-01,2020-06-30,-1
2021-04-01,52140,2021-12-31,,270000000000,0.038,,,,,22000000000,0.100,26000000000,0.300,,16000000000,,165.56,,,,,,,,,,,,,,,,,,,,,,true,true,12,2021-01-01,2021-12-31,0
2021-04-01,52140,2020-12-31,,242886000000,,,,,,17660000000,,19109000000,,,15252000000,,157.84,,,,,,,,,,,,,,,,,,,,,,true,false,12,2020-01-01,2020-12-31,-1
2021-04-28,52140,2021-12-31,1,68599000000,0.057,,,,,6929000000,0.730,11998000000,2.368,,6804000000,,70.41,,,,,,666792000000,486906000000,0.724,,482479000000,,,,,,,,,,,,true,false,3,2021-01-01,2021-03-31,0
2021-04-28,52140,2020-12-31,1,64903000000,-0.044,,,,,4004000000,-0.202,3562000000,-0.437,,2234000000,,23.12,,,,,,,,,,,,,,,,,,,,,,true,false,3,2020-01-01,2020-03-31,-1
2021-04-28,52140,2021-12-31,1,140000000000,0.213,,,,,15000000000,0.931,19000000000,1.758,,11000000000,,113.82,,,,,,,,,,,,,,,,,,,,,,true,true,6,2021-01-01,2021-06-30,0
2021-04-28,52140,2021-12-31,1,280000000000,0.153,,,,,28000000000,0.585,32000000000,0.675,,21000000000,,217.30,,,,,,,,,,,,,,,,,,,,,,true,true,12,2021-01-01,2021-12-31,0
2021-04-28,52140,2020-12-31,1,,,,,,,,,,,,,,,,,,,,658139000000,476920000000,0.717,,472198000000,,,,,,,,,,,,true,false,12,2020-01-01,2020-12-31,-1
2021-04-28,52140,2020-12-31,1,,,,,,,,,,,,,,,,,,,,,,,,,,,,,100.00,,,,99523246,2882008,,false,false,12,2020-01-01,2020-12-31,-1
2021-04-28,52140,2021-12-31,1,,,,,,,,,,,,,,,,,,,,,,,,,,,,,100.00,,,,,,,false,true,12,2021-01-01,2021-12-31,0
2021-04-28,52140,2021-12-31,1,,,,,,,,,,,,,,,,,,,,,,,,,,,,,,,,,99523246,2882260,96641160,false,false,3,2021-01-01,2021-03-31,0
2021-04-28,52140,2020-12-31,1,,,,,,,,,,,,,,,,,,,,,,,,,,,,,,,,,,,96618602,false,false,3,2020-01-01,2020-03-31,-1
2021-07-29,52140,2021-12-31,2,142344000000,0.234,,,,,15332000000,0.974,22811000000,2.311,,13533000000,,140.03,,,,,,679641000000,494107000000,0.720,,489636000000,,,,,,,,,,,,true,false,6,2021-01-01,2021-06-30,0
2021-07-29,52140,2020-12-31,2,115381000000,-0.136,,,,,7767000000,-0.176,6888000000,-0.210,,6824000000,,70.62,,,,,,,,,,,,,,,,,,,,,,true,false,6,2020-01-01,2020-06-30,-1
2021-07-29,52140,2021-12-31,2,280000000000,0.153,,,,,28000000000,0.585,32000000000,0.675,,21000000000,,217.26,,,,,,,,,,,,,,,,,,,,,,true,true,12,2021-01-01,2021-12-31,0
2021-07-29,52140,2020-12-31,2,,,,,,,,,,,,,,,,,,,,658139000000,476920000000,0.717,,472198000000,,,,,,,,,,,,true,false,12,2020-01-01,2020-12-31,-1
2021-07-29,52140,2020-12-31,2,,,,,,,,,,,,,,,,,,,,,,,,,,,,,100.00,,,,99523246,2882008,,false,false,12,2020-01-01,2020-12-31,-1
2021-07-29,52140,2021-12-31,2,,,,,,,,,,,,,,,,,,,,,,,,,,,,,50.00,,,,,,,false,false,12,2021-01-01,2021-12-31,0
2021-07-29,52140,2021-12-31,2,,,,,,,,,,,,,,,,,,,,,,,,,,,,,110.00,,,,,,,false,true,12,2021-01-01,2021-12-31,0
2021-07-29,52140,2021-12-31,2,,,,,,,,,,,,,,,,,,,,,,,,,,,,,,,,,99523246,2865651,96648184,false,false,6,2021-01-01,2021-06-30,0
2021-07-29,52140,2020-12-31,2,,,,,,,,,,,,,,,,,,,,,,,,,,,,,,,,,,,96628447,false,false,6,2020-01-01,2020-06-30,-1
2021-09-29,52140,2021-12-31,,295000000000,0.054,,,,,34000000000,0.214,40000000000,0.250,,27000000000,,279.34,,,,,,,,,,,,,,,,,,,,,,true,true,12,2021-01-01,2021-12-31,0
2021-09-29,52140,2020-12-31,,242886000000,,,,,,17660000000,,19109000000,,,15252000000,,157.84,,,,,,,,,,,,,,,,,,,,,,true,false,12,2020-01-01,2020-12-31,-1
2021-10-29,52140,2021-12-31,3,217506000000,0.242,,,,,24749000000,1.000,32939000000,1.605,,20815000000,,215.37,,,,,,685049000000,496730000000,0.718,,492133000000,,,,,,,,,,,,true,false,9,2021-01-01,2021-09-30,0
2021-10-29,52140,2020-12-31,3,175133000000,-0.103,,,,,12375000000,-0.035,12643000000,0.223,,12059000000,,124.80,,,,,,,,,,,,,,,,,,,,,,true,false,9,2020-01-01,2020-09-30,-1
2021-10-29,52140,2021-12-31,3,295000000000,0.215,,,,,34000000000,0.925,40000000000,1.093,,27000000000,,279.34,,,,,,,,,,,,,,,,,,,,,,true,true,12,2021-01-01,2021-12-31,0
2021-10-29,52140,2020-12-31,3,,,,,,,,,,,,,,,,,,,,658139000000,476920000000,0.717,,472198000000,,,,,,,,,,,,true,false,12,2020-01-01,2020-12-31,-1
2021-10-29,52140,2020-12-31,3,,,,,,,,,,,,,,,,,,,,,,,,,,,,,100.00,,,,99523246,2882008,,false,false,12,2020-01-01,2020-12-31,-1
2021-10-29,52140,2021-12-31,3,,,,,,,,,,,,,,,,,,,,,,,,,,,,,50.00,,,,,,,false,false,12,2021-01-01,2021-12-31,0
2021-10-29,52140,2021-12-31,3,,,,,,,,,,,,,,,,,,,,,,,,,,,,,110.00,,,,,,,false,true,12,2021-01-01,2021-12-31,0
2021-10-29,52140,2021-12-31,3,,,,,,,,,,,,,,,,,,,,,,,,,,,,,,,,,99523246,2865762,96650996,false,false,9,2021-01-01,2021-09-30,0
2021-10-29,52140,2020-12-31,3,,,,,,,,,,,,,,,,,,,,,,,,,,,,,,,,,,,96632355,false,false,9,2020-01-01,2020-09-30,-1
2022-02-02,52140,2021-12-31,,292033000000,0.202,,,,,32779000000,0.856,44979000000,1.354,,27904000000,,290.98,,0.058,0.066,0.112,,698129000000,499742000000,0.709,5321.77,495070000000,69881000000,-31754000000,-29178000000,134723000000,,0.378,,,,,,true,false,12,2021-01-01,2021-12-31,0
2022-02-02,52140,2020-12-31,,242886000000,-0.057,,,,,17660000000,0.086,19109000000,0.243,,15252000000,,157.84,,0.032,0.029,0.073,,658139000000,476920000000,0.717,4886.10,472198000000,47861000000,-19759000000,-7739000000,121215000000,,0.634,,,,,,true,false,12,2020-01-01,2020-12-31,-1
2022-02-02,52140,2022-12-31,,160000000000,0.124,,,,,18000000000,0.174,18000000000,-0.211,,14000000000,,150.49,,,,,,,,,,,,,,,,,,,,,,true,true,6,2022-01-01,2022-06-30,1
2022-02-02,52140,2022-12-31,,330000000000,0.130,,,,,37000000000,0.129,37000000000,-0.177,,30000000000,,322.49,,,,,,,,,,,,,,,,0.372,,,,,,true,true,12,2022-01-01,2022-12-31,1
2022-02-02,52140,2021-12-31,,154144000000,0.340,,,,,25505000000,3.789,36042000000,2.184,20447000000,,0.451,213.22,,,,,,577704000000,423252000000,0.733,4549.77,423252000000,,,,,110.00,,,,99523246,6495982,95898604,false,false,12,2021-01-01,2021-12-31,0
2022-02-02,52140,2020-12-31,,115001000000,-0.068,,,,,5326000000,1.985,11319000000,0.247,14088000000,,,145.79,,,,,,585603000000,424184000000,0.724,4389.27,424184000000,,,,,100.00,,,,99523246,2882008,96634409,false,false,12,2020-01-01,2020-12-31,-1
2022-02-02,52140,2022-12-31,,,,,,,,,,,,,,,,,,,,,,,,,,,,,,120.00,,,,,,,false,true,12,2022-01-01,2022-12-31,1
2022-04-28,52140,2022-12-31,1,85991000000,0.254,,,,,10515000000,0.518,15820000000,0.319,,14289000000,,153.61,,,,,,727045000000,517477000000,0.706,,513023000000,,,,,,,,,,,,true,false,3,2022-01-01,2022-03-31,0
2022-04-28,52140,2021-12-31,1,68599000000,0.057,,,,,6929000000,0.730,11998000000,2.368,,6804000000,,70.41,,,,,,,,,,,,,,,,,,,,,,true,false,3,2021-01-01,2021-03-31,-1
2022-04-28,52140,2022-12-31,1,170000000000,0.194,,,,,20000000000,0.304,21000000000,-0.079,,18000000000,,193.49,,,,,,,,,,,,,,,,,,,,,,true,true,6,2022-01-01,2022-06-30,0
2022-04-28,52140,2022-12-31,1,330000000000,0.130,,,,,37000000000,0.129,37000000000,-0.177,,30000000000,,322.49,,,,,,,,,,,,,,,,,,,,,,true,true,12,2022-01-01,2022-12-31,0
2022-04-28,52140,2021-12-31,1,,,,,,,,,,,,,,,,,,,,698129000000,499742000000,0.709,,495070000000,,,,,,,,,,,,true,false,12,2021-01-01,2021-12-31,-1
2022-04-28,52140,2021-12-31,1,,,,,,,,,,,,,,,,,,,,,,,,,,,,,110.00,,,,99523246,6495982,,false,false,12,2021-01-01,2021-12-31,-1
2022-04-28,52140,2022-12-31,1,,,,,,,,,,,,,,,,,,,,,,,,,,,,,120.00,,,,,,,false,true,12,2022-01-01,2022-12-31,0
2022-04-28,52140,2022-12-31,1,,,,,,,,,,,,,,,,,,,,,,,,,,,,,,,,,99523246,6496222,93027144,false,false,3,2022-01-01,2022-03-31,0
2022-04-28,52140,2021-12-31,1,,,,,,,,,,,,,,,,,,,,,,,,,,,,,,,,,,,96641160,false,false,3,2021-01-01,2021-03-31,-1
2022-07-29,52140,2022-12-31,2,172771000000,0.214,,,,,19157000000,0.250,29734000000,0.304,,24417000000,,262.46,,,,,,759514000000,540420000000,0.706,,536038000000,,,,,,,,,,,,true,false,6,2022-01-01,2022-06-30,0
2022-07-29,52140,2021-12-31,2,142344000000,0.234,,,,,15332000000,0.974,22811000000,2.311,,13533000000,,140.03,,,,,,,,,,,,,,,,,,,,,,true,false,6,2021-01-01,2021-06-30,-1
2022-07-29,52140,2022-12-31,2,330000000000,0.130,,,,,37000000000,0.129,37000000000,-0.177,,30000000000,,322.43,,,,,,,,,,,,,,,,,,,,,,true,true,12,2022-01-01,2022-12-31,0
2022-07-29,52140,2021-12-31,2,,,,,,,,,,,,,,,,,,,,698129000000,499742000000,0.709,,495070000000,,,,,,,,,,,,true,false,12,2021-01-01,2021-12-31,-1
2022-07-29,52140,2021-12-31,2,,,,,,,,,,,,,,,,,,,,,,,,,,,,,110.00,,,,99523246,6495982,,false,false,12,2021-01-01,2021-12-31,-1
2022-07-29,52140,2022-12-31,2,,,,,,,,,,,,,,,,,,,,,,,,,,,,,60.00,,,,,,,false,false,12,2022-01-01,2022-12-31,0
2022-07-29,52140,2022-12-31,2,,,,,,,,,,,,,,,,,,,,,,,,,,,,,120.00,,,,,,,false,true,12,2022-01-01,2022-12-31,0
2022-07-29,52140,2022-12-31,2,,,,,,,,,,,,,,,,,,,,,,,,,,,,,,,,,99523246,6480328,93033919,false,false,6,2022-01-01,2022-06-30,0
2022-07-29,52140,2021-12-31,2,,,,,,,,,,,,,,,,,,,,,,,,,,,,,,,,,,,96648184,false,false,6,2021-01-01,2021-06-30,-1
2022-10-31,52140,2022-12-31,3,251202000000,0.155,,,,,23254000000,-0.060,34653000000,0.052,,29185000000,,313.70,,,,,,755430000000,541428000000,0.711,,537194000000,,,,,,,,,,,,true,false,9,2022-01-01,2022-09-30,0
2022-10-31,52140,2021-12-31,3,217506000000,0.242,,,,,24749000000,1.000,32939000000,1.605,,20815000000,,215.37,,,,,,,,,,,,,,,,,,,,,,true,false,9,2021-01-01,2021-09-30,-1
2022-10-31,52140,2022-12-31,3,330000000000,0.130,,,,,25000000000,-0.237,35000000000,-0.222,,30000000000,,322.43,,,,,,,,,,,,,,,,,,,,,,true,true,12,2022-01-01,2022-12-31,0
2022-10-31,52140,2021-12-31,3,,,,,,,,,,,,,,,,,,,,698129000000,499742000000,0.709,,495070000000,,,,,,,,,,,,true,false,12,2021-01-01,2021-12-31,-1
2022-10-31,52140,2021-12-31,3,,,,,,,,,,,,,,,,,,,,,,,,,,,,,110.00,,,,99523246,6495982,,false,false,12,2021-01-01,2021-12-31,-1
2022-10-31,52140,2022-12-31,3,,,,,,,,,,,,,,,,,,,,,,,,,,,,,60.00,,,,,,,false,false,12,2022-01-01,2022-12-31,0
2022-10-31,52140,2022-12-31,3,,,,,,,,,,,,,,,,,,,,,,,,,,,,,120.00,,,,,,,false,true,12,2022-01-01,2022-12-31,0
2022-10-31,52140,2022-12-31,3,,,,,,,,,,,,,,,,,,,,,,,,,,,,,,,,,99523246,6480391,93036610,false,false,9,2022-01-01,2022-09-30,0
2022-10-31,52140,2021-12-31,3,,,,,,,,,,,,,,,,,,,,,,,,,,,,,,,,,,,96650996,false,false,9,2021-01-01,2021-09-30,-1
2023-02-03,52140,2022-12-31,,324634000000,0.112,,,,,26184000000,-0.201,34058000000,-0.243,,28167000000,,302.76,,0.055,0.047,0.081,,747907000000,528912000000,0.701,5635.52,524344000000,31563000000,-57155000000,-5874000000,106862000000,,0.396,,,,,,true,false,12,2022-01-01,2022-12-31,0
2023-02-03,52140,2021-12-31,,292033000000,0.202,,,,,32779000000,0.856,44979000000,1.354,,27904000000,,290.98,,0.058,0.066,0.112,,698129000000,499742000000,0.709,5321.77,495070000000,69881000000,-31754000000,-29178000000,134723000000,,0.378,,,,,,true,false,12,2021-01-01,2021-12-31,-1
2023-02-03,52140,2023-12-31,,160000000000,-0.074,,,,,3000000000,-0.843,3000000000,-0.899,,2000000000,,21.50,,,,,,,,,,,,,,,,,,,,,,true,true,6,2023-01-01,2023-06-30,1
2023-02-03,52140,2023-12-31,,340000000000,0.047,,,,,10000000000,-0.618,10000000000,-0.706,,8000000000,,85.98,,,,,,,,,,,,,,,,1.396,,,,,,true,true,12,2023-01-01,2023-12-31,1
2023-02-03,52140,2022-12-31,,146180000000,-0.052,,,,,6238000000,-0.755,16774000000,-0.535,16817000000,,-0.178,180.76,,,,,,576633000000,426199000000,0.739,4580.68,426199000000,,,,,120.00,,,,99523246,6480511,93038038,false,false,12,2022-01-01,2022-12-31,0
2023-02-03,52140,2021-12-31,,154144000000,0.340,,,,,25505000000,3.789,36042000000,2.184,20447000000,,0.451,213.22,,,,,,577704000000,423252000000,0.733,4549.77,423252000000,,,,,110.00,,,,99523246,6495982,95898604,false,false,12,2021-01-01,2021-12-31,-1
2023-02-03,52140,2023-12-31,,,,,,,,,,,,,,,,,,,,,,,,,,,,,,120.00,,,,,,,false,true,12,2023-01-01,2023-12-31,1
2023-04-28,52140,2023-12-31,1,67922000000,-0.210,,,,,-1941000000,,-1648000000,,,846000000,,9.09,,,,,,725317000000,525948000000,0.719,,521341000000,,,,,,,,,,,,true,false,3,2023-01-01,2023-03-31,0
2023-04-28,52140,2022-12-31,1,85991000000,0.254,,,,,10515000000,0.518,15820000000,0.319,,14289000000,,153.61,,,,,,,,,,,,,,,,,,,,,,true,false,3,2022-01-01,2022-03-31,-1
2023-04-28,52140,2023-12-31,1,140000000000,-0.190,,,,,-4000000000,,-3000000000,,,0,,0.00,,,,,,,,,,,,,,,,,,,,,,true,true,6,2023-01-01,2023-06-30,0
2023-04-28,52140,2023-12-31,1,340000000000,0.047,,,,,10000000000,-0.618,10000000000,-0.706,,8000000000,,85.98,,,,,,,,,,,,,,,,,,,,,,true,true,12,2023-01-01,2023-12-31,0
2023-04-28,52140,2022-12-31,1,,,,,,,,,,,,,,,,,,,,747907000000,528912000000,0.701,,524344000000,,,,,,,,,,,,true,false,12,2022-01-01,2022-12-31,-1
2023-04-28,52140,2022-12-31,1,,,,,,,,,,,,,,,,,,,,,,,,,,,,,120.00,,,,99523246,6480511,,false,false,12,2022-01-01,2022-12-31,-1
2023-04-28,52140,2023-12-31,1,,,,,,,,,,,,,,,,,,,,,,,,,,,,,120.00,,,,,,,false,true,12,2023-01-01,2023-12-31,0
2023-04-28,52140,2023-12-31,1,,,,,,,,,,,,,,,,,,,,,,,,,,,,,,,,,99523246,6480531,93042730,false,false,3,2023-01-01,2023-03-31,0
2023-04-28,52140,2022-12-31,1,,,,,,,,,,,,,,,,,,,,,,,,,,,,,,,,,,,93027144,false,false,3,2022-01-01,2022-03-31,-1
2023-07-31,52140,2023-12-31,2,139178000000,-0.194,,,,,-5742000000,,-3066000000,,,-15711000000,,-168.85,,,,,,736050000000,516857000000,0.698,,513728000000,,,,,,,,,,,,true,false,6,2023-01-01,2023-06-30,0
2023-07-31,52140,2022-12-31,2,172771000000,0.214,,,,,19157000000,0.250,29734000000,0.304,,24417000000,,262.46,,,,,,,,,,,,,,,,,,,,,,true,false,6,2022-01-01,2022-06-30,-1
2023-07-31,52140,2023-12-31,2,290000000000,-0.107,,,,,-5000000000,,-5000000000,,,-20000000000,,-214.93,,,,,,,,,,,,,,,,,,,,,,true,true,12,2023-01-01,2023-12-31,0
2023-07-31,52140,2022-12-31,2,,,,,,,,,,,,,,,,,,,,747907000000,528912000000,0.701,,524344000000,,,,,,,,,,,,true,false,12,2022-01-01,2022-12-31,-1
2023-07-31,52140,2022-12-31,2,,,,,,,,,,,,,,,,,,,,,,,,,,,,,120.00,,,,99523246,6480511,,false,false,12,2022-01-01,2022-12-31,-1
2023-07-31,52140,2023-12-31,2,,,,,,,,,,,,,,,,,,,,,,,,,,,,,60.00,,,,,,,false,false,12,2023-01-01,2023-12-31,0
2023-07-31,52140,2023-12-31,2,,,,,,,,,,,,,,,,,,,,,,,,,,,,,120.00,,,,,,,false,true,12,2023-01-01,2023-12-31,0
2023-07-31,52140,2023-12-31,2,,,,,,,,,,,,,,,,,,,,,,,,,,,,,,,,,99523246,6468171,93048064,false,false,6,2023-01-01,2023-06-30,0
2023-07-31,52140,2022-12-31,2,,,,,,,,,,,,,,,,,,,,,,,,,,,,,,,,,,,93033919,false,false,6,2022-01-01,2022-06-30,-1
2023-10-30,5214,2023-12-31,3,209369000000,-0.167,,,,,-6546000000,,-2072000000,,,-16231000000,,-174.44,,,,,,756176000000,521554000000,0.686,,518579000000,,,,,,,,,,,,true,false,9,2023-01-01,2023-09-30,0
2023-10-30,5214,2022-12-31,3,251202000000,0.155,,,,,23254000000,-0.060,34653000000,0.052,,29185000000,,313.70,,,,,,,,,,,,,,,,,,,,,,true,false,9,2022-01-01,2022-09-30,-1
2023-10-30,5214,2023-12-31,3,290000000000,-0.107,,,,,-5000000000,,-5000000000,,,-20000000000,,-214.93,,,,,,,,,,,,,,,,,,,,,,true,true,12,2023-01-01,2023-12-31,0
2023-10-30,5214,2022-12-31,3,,,,,,,,,,,,,,,,,,,,747907000000,528912000000,0.701,,524344000000,,,,,,,,,,,,true,false,12,2022-01-01,2022-12-31,-1
2023-10-30,5214,2022-12-31,3,,,,,,,,,,,,,,,,,,,,,,,,,,,,,120.00,,,,99523246,6480511,,false,false,12,2022-01-01,2022-12-31,-1
2023-10-30,5214,2023-12-31,3,,,,,,,,,,,,,,,,,,,,,,,,,,,,,60.00,,,,,,,false,false,12,2023-01-01,2023-12-31,0
2023-10-30,5214,2023-12-31,3,,,,,,,,,,,,,,,,,,,,,,,,,,,,,120.00,,,,,,,false,true,12,2023-01-01,2023-12-31,0
2023-10-30,5214,2023-12-31,3,,,,,,,,,,,,,,,,,,,,,,,,,,,,,,,,,99523246,6468521,93050101,false,false,9,2023-01-01,2023-09-30,0
2023-10-30,5214,2022-12-31,3,,,,,,,,,,,,,,,,,,,,,,,,,,,,,,,,,,,93036610,false,false,9,2022-01-01,2022-09-30,-1
2024-02-05,5214,2023-12-31,,279974000000,-0.138,,,,,-10420000000,,-9480000000,,,-26188000000,,-282.90,,-0.052,-0.013,-0.037,,703917000000,490130000000,0.692,5463.53,487045000000,-1360000000,-20777000000,-11572000000,75083000000,,,,,,,,true,false,12,2023-01-01,2023-12-31,0
2024-02-05,5214,2022-12-31,,324634000000,0.112,,,,,26184000000,-0.201,34058000000,-0.243,,28167000000,,302.76,,0.055,0.047,0.081,,747907000000,528912000000,0.701,5635.52,524344000000,31563000000,-57155000000,-5874000000,106862000000,,0.396,,,,,,true,false,12,2022-01-01,2022-12-31,-1
2024-02-05,5214,2024-12-31,,150000000000,0.078,,,,,4000000000,,4000000000,,,18000000000,,201.92,,,,,,,,,,,,,,,,,,,,,,true,true,6,2024-01-01,2024-06-30,1
2024-02-05,5214,2024-12-31,,310000000000,0.107,,,,,16000000000,,16000000000,,,27000000000,,302.88,,,,,,,,,,,,,,,,0.429,,,,,,true,true,12,2024-01-01,2024-12-31,1
2024-02-05,5214,2023-12-31,,120332000000,-0.177,,,,,-12140000000,,-2313000000,,2480000000,,-0.853,26.79,,,,,,565087000000,408126000000,0.722,4578.24,408126000000,,,,,120.00,,,,99523246,10378386,92569975,false,false,12,2023-01-01,2023-12-31,0
2024-02-05,5214,2022-12-31,,146180000000,-0.052,,,,,6238000000,-0.755,16774000000,-0.535,16817000000,,-0.178,180.76,,,,,,576633000000,426199000000,0.739,4580.68,426199000000,,,,,120.00,,,,99523246,6480511,93038038,false,false,12,2022-01-01,2022-12-31,-1
2024-02-05,5214,2024-12-31,,,,,,,,,,,,,,,,,,,,,,,,,,,,,,130.00,,,,,,,false,true,12,2024-01-01,2024-12-31,1
2024-04-30,5214,2024-12-31,1,76656000000,0.129,,,,,765000000,,4627000000,,,19616000000,,224.61,,,,,,729845000000,508242000000,0.692,,505040000000,,,,,,,,,,,,true,false,3,2024-01-01,2024-03-31,0
2024-04-30,5214,2023-12-31,1,67922000000,-0.210,,,,,-1941000000,,-1648000000,,,846000000,,9.09,,,,,,,,,,,,,,,,,,,,,,true,false,3,2023-01-01,2023-03-31,-1
2024-04-30,5214,2024-12-31,1,150000000000,0.078,,,,,4000000000,,4000000000,,,18000000000,,201.92,,,,,,,,,,,,,,,,,,,,,,true,true,6,2024-01-01,2024-06-30,0
2024-04-30,5214,2024-12-31,1,310000000000,0.107,,,,,16000000000,,16000000000,,,27000000000,,302.88,,,,,,,,,,,,,,,,,,,,,,true,true,12,2024-01-01,2024-12-31,0
2024-04-30,5214,2023-12-31,1,,,,,,,,,,,,,,,,,,,,703917000000,490130000000,0.692,,487045000000,,,,,,,,,,,,true,false,12,2023-01-01,2023-12-31,-1
2024-04-30,5214,2023-12-31,1,,,,,,,,,,,,,,,,,,,,,,,,,,,,,120.00,,,,99523246,10378386,,false,false,12,2023-01-01,2023-12-31,-1
2024-04-30,5214,2024-12-31,1,,,,,,,,,,,,,,,,,,,,,,,,,,,,,130.00,,,,,,,false,true,12,2024-01-01,2024-12-31,0
2024-04-30,5214,2024-12-31,1,,,,,,,,,,,,,,,,,,,,,,,,,,,,,,,,,99523246,12937045,87335784,false,false,3,2024-01-01,2024-03-31,0
2024-04-30,5214,2023-12-31,1,,,,,,,,,,,,,,,,,,,,,,,,,,,,,,,,,,,93042730,false,false,3,2023-01-01,2023-03-31,-1
2024-07-29,5214,2024-12-31,2,154717000000,0.112,,,,,2875000000,,10276000000,,,30202000000,,347.08,,,,,,747328000000,530659000000,0.706,,527379000000,,,,,,,,,,,,true,false,6,2024-01-01,2024-06-30,0
2024-07-29,5214,2023-12-31,2,139178000000,-0.194,,,,,-5742000000,,-3066000000,,,-15711000000,,-168.85,,,,,,,,,,,,,,,,,,,,,,true,false,6,2023-01-01,2023-06-30,-1
2024-07-29,5214,2024-12-31,2,310000000000,0.107,,,,,5000000000,,10000000000,,,30000000000,,346.44,,,,,,,,,,,,,,,,,,,,,,true,true,12,2024-01-01,2024-12-31,0
2024-07-29,5214,2023-12-31,2,,,,,,,,,,,,,,,,,,,,703917000000,490130000000,0.692,,487045000000,,,,,,,,,,,,true,false,12,2023-01-01,2023-12-31,-1
2024-07-29,5214,2023-12-31,2,,,,,,,,,,,,,,,,,,,,,,,,,,,,,120.00,,,,99523246,10378386,,false,false,12,2023-01-01,2023-12-31,-1
2024-07-29,5214,2024-12-31,2,,,,,,,,,,,,,,,,,,,,,,,,,,,,,65.00,,,,,,,false,false,12,2024-01-01,2024-12-31,0
2024-07-29,5214,2024-12-31,2,,,,,,,,,,,,,,,,,,,,,,,,,,,,,130.00,,,,,,,false,true,12,2024-01-01,2024-12-31,0
2024-07-29,5214,2024-12-31,2,,,,,,,,,,,,,,,,,,,,,,,,,,,,,,,,,99523246,12927246,87018758,false,false,6,2024-01-01,2024-06-30,0
2024-07-29,5214,2023-12-31,2,,,,,,,,,,,,,,,,,,,,,,,,,,,,,,,,,,,93048064,false,false,6,2023-01-01,2023-06-30,-1
2024-10-30,5214,2024-12-31,3,227530000000,0.087,,,,,4613000000,,6343000000,,,30788000000,,356.60,,,,,,704705000000,504520000000,0.711,,501125000000,,,,,,,,,,,,true,false,9,2024-01-01,2024-09-30,0
2024-10-30,5214,2023-12-31,3,209369000000,-0.167,,,,,-6546000000,,-2072000000,,,-16231000000,,-174.44,,,,,,,,,,,,,,,,,,,,,,true,false,9,2023-01-01,2023-09-30,-1
2024-10-30,5214,2024-12-31,3,310000000000,0.107,,,,,5000000000,,10000000000,,,30000000000,,347.47,,,,,,,,,,,,,,,,,,,,,,true,true,12,2024-01-01,2024-12-31,0
2024-10-30,5214,2023-12-31,3,,,,,,,,,,,,,,,,,,,,703917000000,490130000000,0.692,,487045000000,,,,,,,,,,,,true,false,12,2023-01-01,2023-12-31,-1
2024-10-30,5214,2023-12-31,3,,,,,,,,,,,,,,,,,,,,,,,,,,,,,120.00,,,,99523246,10378386,,false,false,12,2023-01-01,2023-12-31,-1
2024-10-30,5214,2024-12-31,3,,,,,,,,,,,,,,,,,,,,,,,,,,,,,65.00,,,,,,,false,false,12,2024-01-01,2024-12-31,0
2024-10-30,5214,2024-12-31,3,,,,,,,,,,,,,,,,,,,,,,,,,,,,,130.00,,,,,,,false,true,12,2024-01-01,2024-12-31,0
2024-10-30,5214,2024-12-31,3,,,,,,,,,,,,,,,,,,,,,,,,,,,,,,,,,99523246,15863173,86339621,false,false,9,2024-01-01,2024-09-30,0
2024-10-30,5214,2023-12-31,3,,,,,,,,,,,,,,,,,,,,,,,,,,,,,,,,,,,93050101,false,false,9,2023-01-01,2023-09-30,-1
2025-02-05,5214,2024-12-31,,299237000000,0.069,,,,,6120000000,,12417000000,,,12091000000,,141.67,,0.025,0.018,0.020,,695163000000,487559000000,0.696,5996.61,484020000000,52200000000,42601000000,-48832000000,123582000000,,0.918,,,,,,true,false,12,2024-01-01,2024-12-31,0
2025-02-05,5214,2023-12-31,,279974000000,-0.138,,,,,-10420000000,,-9480000000,,,-26188000000,,-282.90,,-0.052,-0.013,-0.037,,703917000000,490130000000,0.692,5463.53,487045000000,-1360000000,-20777000000,-11572000000,75083000000,,,,,,,,true,false,12,2023-01-01,2023-12-31,-1
2025-02-05,5214,2025-12-31,,150000000000,-0.030,,,,,10000000000,2.477,10000000000,-0.027,,10000000000,,123.89,,,,,,,,,,,,,,,,,,,,,,true,true,6,2025-01-01,2025-06-30,1
2025-02-05,5214,2025-12-31,,310000000000,0.036,,,,,20000000000,2.268,20000000000,0.611,,15000000000,,185.84,,,,,,,,,,,,,,,,0.780,,,,,,true,true,12,2025-01-01,2025-12-31,1
2025-02-05,5214,2024-12-31,,139397000000,0.158,,,,,2874000000,,14661000000,,17848000000,,6.196,209.12,,,,,,538361000000,387425000000,0.720,4799.87,387425000000,,,,,130.00,,,,99523246,18807549,85349544,false,false,12,2024-01-01,2024-12-31,0
2025-02-05,5214,2023-12-31,,120332000000,-0.177,,,,,-12140000000,,-2313000000,,2480000000,,-0.853,26.79,,,,,,565087000000,408126000000,0.722,4578.24,408126000000,,,,,120.00,,,,99523246,10378386,92569975,false,false,12,2023-01-01,2023-12-31,-1
2025-02-05,5214,2025-12-31,,,,,,,,,,,,,,,,,,,,,,,,,,,,,,145.00,,,,,,,false,true,12,2025-01-01,2025-12-31,1
2025-04-30,5214,2025-12-31,1,74847000000,-0.024,,,,,7897000000,9.318,6101000000,0.319,,5008000000,,62.47,,,,,,651925000000,469019000000,0.714,,465550000000,,,,,,,,,,,,true,false,3,2025-01-01,2025-03-31,0
2025-04-30,5214,2024-12-31,1,76656000000,0.129,,,,,765000000,,4627000000,,,19616000000,,224.61,,,,,,,,,,,,,,,,,,,,,,true,false,3,2024-01-01,2024-03-31,-1
2025-04-30,5214,2025-12-31,1,150000000000,-0.030,,,,,13000000000,3.521,11000000000,0.070,,11000000000,,137.22,,,,,,,,,,,,,,,,,,,,,,true,true,6,2025-01-01,2025-06-30,0
2025-04-30,5214,2025-12-31,1,310000000000,0.036,,,,,23000000000,2.758,21000000000,0.691,,16000000000,,199.59,,,,,,,,,,,,,,,,,,,,,,true,true,12,2025-01-01,2025-12-31,0
2025-04-30,5214,2024-12-31,1,,,,,,,,,,,,,,,,,,,,695163000000,487559000000,0.696,,484020000000,,,,,,,,,,,,true,false,12,2024-01-01,2024-12-31,-1
2025-04-30,5214,2024-12-31,1,,,,,,,,,,,,,,,,,,,,,,,,,,,,,130.00,,,,99523246,18807549,,false,false,12,2024-01-01,2024-12-31,-1
2025-04-30,5214,2025-12-31,1,,,,,,,,,,,,,,,,,,,,,,,,,,,,,145.00,,,,,,,false,true,12,2025-01-01,2025-12-31,0
2025-04-30,5214,2025-12-31,1,,,,,,,,,,,,,,,,,,,,,,,,,,,,,,,,,89523246,10214632,80165034,false,false,3,2025-01-01,2025-03-31,0
2025-04-30,5214,2024-12-31,1,,,,,,,,,,,,,,,,,,,,,,,,,,,,,,,,,,,87335784,false,false,3,2024-01-01,2024-03-31,-1
2025-07-30,5214,2025-12-31,2,153788000000,-0.006,,,,,16668000000,4.796,14201000000,0.382,,10093000000,,127.51,,,,,,658931000000,463342000000,0.698,,459730000000,,,,,,,,,,,,true,false,6,2025-01-01,2025-06-30,0
2025-07-30,5214,2024-12-31,2,154717000000,0.112,,,,,2875000000,,10276000000,,,30202000000,,347.08,,,,,,,,,,,,,,,,,,,,,,true,false,6,2024-01-01,2024-06-30,-1
2025-07-30,5214,2025-12-31,2,310000000000,0.036,,,,,27000000000,3.411,24000000000,0.933,,17000000000,,214.74,,,,,,,,,,,,,,,,,,,,,,true,true,12,2025-01-01,2025-12-31,0
2025-07-30,5214,2024-12-31,2,,,,,,,,,,,,,,,,,,,,695163000000,487559000000,0.696,,484020000000,,,,,,,,,,,,true,false,12,2024-01-01,2024-12-31,-1
2025-07-30,5214,2024-12-31,2,,,,,,,,,,,,,,,,,,,,,,,,,,,,,130.00,,,,99523246,18807549,,false,false,12,2024-01-01,2024-12-31,-1
2025-07-30,5214,2025-12-31,2,,,,,,,,,,,,,,,,,,,,,,,,,,,,,70.00,,,,,,,false,false,12,2025-01-01,2025-12-31,0
2025-07-30,5214,2025-12-31,2,,,,,,,,,,,,,,,,,,,,,,,,,,,,,145.00,,,,,,,false,true,12,2025-01-01,2025-12-31,0
2025-07-30,5214,2025-12-31,2,,,,,,,,,,,,,,,,,,,,,,,,,,,,,,,,,89523246,12403116,79164516,false,false,6,2025-01-01,2025-06-30,0
2025-07-30,5214,2024-12-31,2,,,,,,,,,,,,,,,,,,,,,,,,,,,,,,,,,,,87018758,false,false,6,2024-01-01,2024-06-30,-1
