filing_date,code,fiscal_year_end,quarterly_period,net_sales,net_sales_change,revenue,revenue_change,operating_revenue,operating_revenue_change,operating_profit,operating_profit_change,ordinary_profit,ordinary_profit_change,net_income,net_income_of_parent,net_income_change,eps,diluted_eps,roe,roa,operating_profit_to_net_sales,operating_profit_to_revenue,total_assets,net_assets,equity_ratio,bps,owner_equity,operating_cash_flow,investing_cash_flow,financing_cash_flow,cash,dividend_per_share,payout_ratio,commemorative_dividend,extra_dividend,number_of_shares,number_of_treqsury_shares,avg_number_of_shares,is_consolidated,is_forecast,duration,period_start,period_end,period_pos
2015-07-27,52790,2016-03-31,1,2659000000,0.217,,,,,-35000000,,-21000000,,,-30000000,,-2.08,,,,,,14830000000,6185000000,0.417,,6185000000,,,,,,,,,,,,true,false,3,2015-04-01,2015-06-30,0
2015-07-27,52790,2015-03-31,1,2185000000,-0.055,,,,,-58000000,,-41000000,,,-33000000,,-2.31,,,,,,,,,,,,,,,,,,,,,,true,false,3,2014-04-01,2014-06-30,-1
2015-07-27,52790,2016-03-31,1,5000000000,0.025,,,,,-90000000,,-70000000,,,-50000000,,-3.43,,,,,,,,,,,,,,,,,,,,,,true,true,6,2015-04-01,2015-09-30,0
2015-07-27,52790,2016-03-31,1,13000000000,0.018,,,,,300000000,0.090,320000000,0.027,,175000000,,12.00,,,,,,,,,,,,,,,,,,,,,,true,true,12,2015-04-01,2016-03-31,0
2015-07-27,52790,2015-03-31,1,,,,,,,,,,,,,,,,,,,,15822000000,6271000000,0.396,,6271000000,,,,,,,,,,,,true,false,12,2014-04-01,2015-03-31,-1
2015-07-27,52790,2015-03-31,1,,,,,,,,,,,,,,,,,,,,,,,,,,,,,4.00,,,,15321000,736373,,false,false,12,2014-04-01,2015-03-31,-1
2015-07-27,52790,2016-03-31,1,,,,,,,,,,,,,,,,,,,,,,,,,,,,,4.00,,,,,,,false,true,12,2015-04-01,2016-03-31,0
2015-07-27,52790,2016-03-31,1,,,,,,,,,,,,,,,,,,,,,,,,,,,,,,,,,15321000,736705,14584378,false,false,3,2015-04-01,2015-06-30,0
2015-07-27,52790,2015-03-31,1,,,,,,,,,,,,,,,,,,,,,,,,,,,,,,,,,,,14586037,false,false,3,2014-04-01,2014-06-30,-1
2015-10-30,52790,2016-03-31,2,5335000000,0.094,,,,,-73000000,,-49000000,,,-43000000,,-2.96,,,,,,14115000000,6149000000,0.436,,6149000000,,,,,,,,,,,,true,false,6,2015-04-01,2015-09-30,0
2015-10-30,52790,2015-03-31,2,4876000000,0.033,,,,,-92000000,,-71000000,,,-56000000,,-3.87,,,,,,,,,,,,,,,,,,,,,,true,false,6,2014-04-01,2014-09-30,-1
2015-10-30,52790,2016-03-31,2,13000000000,0.018,,,,,300000000,0.090,320000000,0.027,,175000000,,12.00,,,,,,,,,,,,,,,,,,,,,,true,true,12,2015-04-01,2016-03-31,0
2015-10-30,52790,2015-03-31,2,,,,,,,,,,,,,,,,,,,,15822000000,6271000000,0.396,,6271000000,,,,,,,,,,,,true,false,12,2014-04-01,2015-03-31,-1
2015-10-30,52790,2015-03-31,2,,,,,,,,,,,,,,,,,,,,,,,,,,,,,4.00,,,,15321000,736373,,false,false,12,2014-04-01,2015-03-31,-1
2015-10-30,52790,2016-03-31,2,,,,,,,,,,,,,,,,,,,,,,,,,,,,,0.00,,,,,,,false,false,12,2015-04-01,2016-03-31,0
2015-10-30,52790,2016-03-31,2,,,,,,,,,,,,,,,,,,,,,,,,,,,,,4.00,,,,,,,false,true,12,2015-04-01,2016-03-31,0
2015-10-30,52790,2016-03-31,2,,,,,,,,,,,,,,,,,,,,,,,,,,,,,,,,,15321000,736976,14584258,false,false,6,2015-04-01,2015-09-30,0
2015-10-30,52790,2015-03-31,2,,,,,,,,,,,,,,,,,,,,,,,,,,,,,,,,,,,14585550,false,false,6,2014-04-01,2014-09-30,-1
2016-01-29,52790,2016-03-31,3,9013000000,0.104,,,,,55000000,,89000000,1.808,,42000000,,2.90,,,,,,14822000000,6246000000,0.420,,6232000000,,,,,,,,,,,,true,false,9,2015-04-01,2015-12-31,0
2016-01-29,52790,2015-03-31,3,8162000000,0.010,,,,,-3000000,,31000000,-0.314,,2000000,,0.16,,,,,,,,,,,,,,,,,,,,,,true,false,9,2014-04-01,2014-12-31,-1
2016-01-29,52790,2016-03-31,3,13000000000,0.018,,,,,300000000,0.090,320000000,0.027,,175000000,,12.00,,,,,,,,,,,,,,,,,,,,,,true,true,12,2015-04-01,2016-03-31,0
2016-01-29,52790,2015-03-31,3,,,,,,,,,,,,,,,,,,,,15822000000,6271000000,0.396,,6271000000,,,,,,,,,,,,true,false,12,2014-04-01,2015-03-31,-1
2016-01-29,52790,2015-03-31,3,,,,,,,,,,,,,,,,,,,,,,,,,,,,,4.00,,,,15321000,736373,,false,false,12,2014-04-01,2015-03-31,-1
2016-01-29,52790,2016-03-31,3,,,,,,,,,,,,,,,,,,,,,,,,,,,,,0.00,,,,,,,false,false,12,2015-04-01,2016-03-31,0
2016-01-29,52790,2016-03-31,3,,,,,,,,,,,,,,,,,,,,,,,,,,,,,4.00,,,,,,,false,true,12,2015-04-01,2016-03-31,0
2016-01-29,52790,2016-03-31,3,,,,,,,,,,,,,,,,,,,,,,,,,,,,,,,,,15321000,737796,14584106,false,false,9,2015-04-01,2015-12-31,0
2016-01-29,52790,2015-03-31,3,,,,,,,,,,,,,,,,,,,,,,,,,,,,,,,,,,,14585273,false,false,9,2014-04-01,2014-12-31,-1
2016-04-26,52790,2016-03-31,,13750000000,0.058,,,,,290000000,-0.033,330000000,0.031,,90000000,,6.18,,,,,,,,,,,,,,,,,,,,,,true,true,12,2015-04-01,2016-03-31,0
2016-04-26,52790,2015-03-31,,12765000000,,,,,,275000000,,311000000,,,171000000,,11.77,,,,,,,,,,,,,,,,,,,,,,true,false,12,2014-04-01,2015-03-31,-1
2016-04-28,52790,2016-03-31,,13758000000,0.078,,,,,293000000,0.066,331000000,0.063,,92000000,,6.34,,0.015,0.021,0.021,,15554000000,6195000000,0.397,426.57,6177000000,1100000000,-133000000,-767000000,1128000000,,0.631,,,,,,true,false,12,2015-04-01,2016-03-31,0
2016-04-28,52790,2015-03-31,,12765000000,0.006,,,,,275000000,-0.117,311000000,-0.089,,171000000,,11.77,,0.028,0.019,0.022,,15822000000,6271000000,0.396,430.02,6271000000,575000000,-135000000,-406000000,928000000,,0.340,,,,,,true,false,12,2014-04-01,2015-03-31,-1
2016-04-28,52790,2017-03-31,,5500000000,0.031,,,,,-70000000,,-60000000,,,-40000000,,-2.76,,,,,,,,,,,,,,,,,,,,,,true,true,6,2016-04-01,2016-09-30,1
2016-04-28,52790,2017-03-31,,14000000000,0.018,,,,,310000000,0.056,340000000,0.027,,190000000,,13.12,,,,,,,,,,,,,,,,0.305,,,,,,true,true,12,2016-04-01,2017-03-31,1
2016-04-28,52790,2016-03-31,,12201000000,0.024,,,,,186000000,-0.094,267000000,-0.081,67000000,,-0.593,4.61,,,,,,14792000000,5893000000,0.398,406.90,5893000000,,,,,4.00,,,,15321000,837996,14568467,false,false,12,2015-04-01,2016-03-31,0
2016-04-28,52790,2015-03-31,,11914000000,0.010,,,,,206000000,-0.072,291000000,0.007,165000000,,0.266,11.31,,,,,,15384000000,5970000000,0.388,409.37,5970000000,,,,,4.00,,,,15321000,736373,14585124,false,false,12,2014-04-01,2015-03-31,-1
2016-04-28,52790,2017-03-31,,,,,,,,,,,,,,,,,,,,,,,,,,,,,,4.00,,,,,,,false,true,12,2016-04-01,2017-03-31,1
2016-07-29,52790,2017-03-31,1,2661000000,0.001,,,,,-57000000,,-44000000,,,-34000000,,-2.37,,,,,,14646000000,6080000000,0.414,,6065000000,,,,,,,,,,,,true,false,3,2016-04-01,2016-06-30,0
2016-07-29,52790,2016-03-31,1,2659000000,0.217,,,,,-35000000,,-21000000,,,-30000000,,-2.08,,,,,,,,,,,,,,,,,,,,,,true,false,3,2015-04-01,2015-06-30,-1
2016-07-29,52790,2017-03-31,1,5500000000,0.031,,,,,-70000000,,-60000000,,,-40000000,,-2.76,,,,,,,,,,,,,,,,,,,,,,true,true,6,2016-04-01,2016-09-30,0
2016-07-29,52790,2017-03-31,1,14000000000,0.018,,,,,310000000,0.056,340000000,0.027,,190000000,,13.12,,,,,,,,,,,,,,,,,,,,,,true,true,12,2016-04-01,2017-03-31,0
2016-07-29,52790,2016-03-31,1,,,,,,,,,,,,,,,,,,,,15554000000,6195000000,0.397,,6177000000,,,,,,,,,,,,true,false,12,2015-04-01,2016-03-31,-1
2016-07-29,52790,2016-03-31,1,,,,,,,,,,,,,,,,,,,,,,,,,,,,,4.00,,,,15321000,837996,,false,false,12,2015-04-01,2016-03-31,-1
2016-07-29,52790,2017-03-31,1,,,,,,,,,,,,,,,,,,,,,,,,,,,,,4.00,,,,,,,false,true,12,2016-04-01,2017-03-31,0
2016-07-29,52790,2017-03-31,1,,,,,,,,,,,,,,,,,,,,,,,,,,,,,,,,,15321000,837996,14483004,false,false,3,2016-04-01,2016-06-30,0
2016-07-29,52790,2016-03-31,1,,,,,,,,,,,,,,,,,,,,,,,,,,,,,,,,,,,14584378,false,false,3,2015-04-01,2015-06-30,-1
2016-10-28,52790,2017-03-31,2,5593000000,0.048,,,,,-72000000,,-58000000,,,-48000000,,-3.35,,,,,,14057000000,6095000000,0.432,,6079000000,,,,,,,,,,,,true,false,6,2016-04-01,2016-09-30,0
2016-10-28,52790,2016-03-31,2,5335000000,0.094,,,,,-73000000,,-49000000,,,-43000000,,-2.96,,,,,,,,,,,,,,,,,,,,,,true,false,6,2015-04-01,2015-09-30,-1
2016-10-28,52790,2017-03-31,2,14000000000,0.018,,,,,310000000,0.056,340000000,0.027,,190000000,,13.12,,,,,,,,,,,,,,,,,,,,,,true,true,12,2016-04-01,2017-03-31,0
2016-10-28,52790,2016-03-31,2,,,,,,,,,,,,,,,,,,,,15554000000,6195000000,0.397,,6177000000,,,,,,,,,,,,true,false,12,2015-04-01,2016-03-31,-1
2016-10-28,52790,2016-03-31,2,,,,,,,,,,,,,,,,,,,,,,,,,,,,,4.00,,,,15321000,837996,,false,false,12,2015-04-01,2016-03-31,-1
2016-10-28,52790,2017-03-31,2,,,,,,,,,,,,,,,,,,,,,,,,,,,,,0.00,,,,,,,false,false,12,2016-04-01,2017-03-31,0
2016-10-28,52790,2017-03-31,2,,,,,,,,,,,,,,,,,,,,,,,,,,,,,4.00,,,,,,,false,true,12,2016-04-01,2017-03-31,0
2016-10-28,52790,2017-03-31,2,,,,,,,,,,,,,,,,,,,,,,,,,,,,,,,,,15321000,838496,14482861,false,false,6,2016-04-01,2016-09-30,0
2016-10-28,52790,2016-03-31,2,,,,,,,,,,,,,,,,,,,,,,,,,,,,,,,,,,,14584258,false,false,6,2015-04-01,2015-09-30,-1
2017-01-27,52790,2017-03-31,3,9029000000,0.002,,,,,16000000,-0.712,38000000,-0.565,,2000000,,0.14,,,,,,14752000000,6197000000,0.419,,6178000000,,,,,,,,,,,,true,false,9,2016-04-01,2016-12-31,0
2017-01-27,52790,2016-03-31,3,9013000000,0.104,,,,,55000000,,89000000,1.808,,42000000,,2.90,,,,,,,,,,,,,,,,,,,,,,true,false,9,2015-04-01,2015-12-31,-1
2017-01-27,52790,2017-03-31,3,14000000000,0.018,,,,,310000000,0.056,340000000,0.027,,190000000,,13.12,,,,,,,,,,,,,,,,,,,,,,true,true,12,2016-04-01,2017-03-31,0
2017-01-27,52790,2016-03-31,3,,,,,,,,,,,,,,,,,,,,15554000000,6195000000,0.397,,6177000000,,,,,,,,,,,,true,false,12,2015-04-01,2016-03-31,-1
2017-01-27,52790,2016-03-31,3,,,,,,,,,,,,,,,,,,,,,,,,,,,,,4.00,,,,15321000,837996,,false,false,12,2015-04-01,2016-03-31,-1
2017-01-27,52790,2017-03-31,3,,,,,,,,,,,,,,,,,,,,,,,,,,,,,0.00,,,,,,,false,false,12,2016-04-01,2017-03-31,0
2017-01-27,52790,2017-03-31,3,,,,,,,,,,,,,,,,,,,,,,,,,,,,,4.00,,,,,,,false,true,12,2016-04-01,2017-03-31,0
2017-01-27,52790,2017-03-31,3,,,,,,,,,,,,,,,,,,,,,,,,,,,,,,,,,15321000,838496,14482754,false,false,9,2016-04-01,2016-12-31,0
2017-01-27,52790,2016-03-31,3,,,,,,,,,,,,,,,,,,,,,,,,,,,,,,,,,,,14584106,false,false,9,2015-04-01,2015-12-31,-1
2017-04-27,52790,2017-03-31,,13600000000,-0.029,,,,,275000000,-0.113,310000000,-0.088,,100000000,,6.90,,,,,,,,,,,,,,,,,,,,,,true,true,12,2016-04-01,2017-03-31,0
2017-04-27,52790,2016-03-31,,13758000000,,,,,,293000000,,331000000,,,92000000,,6.34,,,,,,,,,,,,,,,,,,,,,,true,false,12,2015-04-01,2016-03-31,-1
2017-04-28,52790,2017-03-31,,13641000000,-0.009,,,,,279000000,-0.048,312000000,-0.055,,101000000,,7.01,,0.016,0.020,0.020,,15483000000,6293000000,0.405,433.19,6273000000,180000000,12000000,-192000000,1128000000,,0.571,,,,,,true,false,12,2016-04-01,2017-03-31,0
2017-04-28,52790,2016-03-31,,13758000000,0.078,,,,,293000000,0.066,331000000,0.063,,92000000,,6.34,,0.015,0.021,0.021,,15554000000,6195000000,0.397,426.57,6177000000,1100000000,-133000000,-767000000,1128000000,,0.631,,,,,,true,false,12,2015-04-01,2016-03-31,-1
2017-04-28,52790,2018-03-31,,5700000000,0.019,,,,,-70000000,,-55000000,,,-45000000,,-3.11,,,,,,,,,,,,,,,,,,,,,,true,true,6,2017-04-01,2017-09-30,1
2017-04-28,52790,2018-03-31,,13800000000,0.012,,,,,285000000,0.020,320000000,0.022,,150000000,,10.36,,,,,,,,,,,,,,,,,,,,,,true,true,12,2017-04-01,2018-03-31,1
2017-04-28,52790,2017-03-31,,11815000000,-0.032,,,,,158000000,-0.150,252000000,-0.057,74000000,,0.115,5.18,,,,,,14737000000,5967000000,0.405,412.05,5967000000,,,,,4.00,,,,15321000,838596,14482673,false,false,12,2016-04-01,2017-03-31,0
2017-04-28,52790,2016-03-31,,12201000000,0.024,,,,,186000000,-0.094,267000000,-0.081,67000000,,-0.593,4.61,,,,,,14792000000,5893000000,0.398,406.90,5893000000,,,,,4.00,,,,15321000,837996,14568467,false,false,12,2015-04-01,2016-03-31,-1
2017-04-28,52790,2018-03-31,,,,,,,,,,,,,,,,,,,,,,,,,,,,,,4.00,,,,,,,false,true,12,2017-04-01,2018-03-31,1
,52790,2018-03-31,,,,,,,,,,,,,,,,,,,,,,,,,,,,,,20.00,,,,,,,false,true,12,2017-04-01,2018-03-31,0
,52790,2017-03-31,,,,,,,,,,,,,,,,,,,,,,,,,,,,,,4.00,,,,,,,false,false,12,2016-04-01,2017-03-31,-1
2017-07-28,52790,2018-03-31,1,2708000000,0.018,,,,,-59000000,,-46000000,,,-43000000,,-2.98,,,,,,14416000000,6230000000,0.431,,6209000000,,,,,,,,,,,,true,false,3,2017-04-01,2017-06-30,0
2017-07-28,52790,2017-03-31,1,2661000000,0.001,,,,,-57000000,,-44000000,,,-34000000,,-2.37,,,,,,,,,,,,,,,,,,,,,,true,false,3,2016-04-01,2016-06-30,-1
2017-07-28,52790,2018-03-31,1,5700000000,0.019,,,,,-70000000,,-55000000,,,-45000000,,-3.11,,,,,,,,,,,,,,,,,,,,,,true,true,6,2017-04-01,2017-09-30,0
2017-07-28,52790,2018-03-31,1,13800000000,0.012,,,,,285000000,0.020,320000000,0.022,,150000000,,51.79,,,,,,,,,,,,,,,,,,,,,,true,true,12,2017-04-01,2018-03-31,0
2017-07-28,52790,2017-03-31,1,,,,,,,,,,,,,,,,,,,,15483000000,6293000000,0.405,,6273000000,,,,,,,,,,,,true,false,12,2016-04-01,2017-03-31,-1
2017-07-28,52790,2017-03-31,1,,,,,,,,,,,,,,,,,,,,,,,,,,,,,4.00,,,,15321000,838596,,false,false,12,2016-04-01,2017-03-31,-1
2017-07-28,52790,2018-03-31,1,,,,,,,,,,,,,,,,,,,,,,,,,,,,,20.00,,,,,,,false,true,12,2017-04-01,2018-03-31,0
2017-07-28,52790,2018-03-31,1,,,,,,,,,,,,,,,,,,,,,,,,,,,,,,,,,15321000,838596,14482404,false,false,3,2017-04-01,2017-06-30,0
2017-07-28,52790,2017-03-31,1,,,,,,,,,,,,,,,,,,,,,,,,,,,,,,,,,,,14483004,false,false,3,2016-04-01,2016-06-30,-1
2017-10-26,52790,2018-03-31,,5200000000,-0.088,,,,,-140000000,,-120000000,,,-100000000,,-34.53,,,,,,,,,,,,,,,,,,,,,,true,true,6,2017-04-01,2017-09-30,0
2017-10-26,52790,2017-03-31,,5593000000,,,,,,-72000000,,-58000000,,,-48000000,,-16.73,,,,,,,,,,,,,,,,,,,,,,true,false,6,2016-04-01,2016-09-30,-1
2017-10-27,52790,2018-03-31,2,5221000000,-0.066,,,,,-135000000,,-116000000,,,-95000000,,-33.10,,,,,,13601000000,6180000000,0.453,,6159000000,,,,,,,,,,,,true,false,6,2017-04-01,2017-09-30,0
2017-10-27,52790,2017-03-31,2,5593000000,0.048,,,,,-72000000,,-58000000,,,-48000000,,-16.73,,,,,,,,,,,,,,,,,,,,,,true,false,6,2016-04-01,2016-09-30,-1
2017-10-27,52790,2018-03-31,2,13800000000,0.012,,,,,285000000,0.020,320000000,0.022,,150000000,,51.79,,,,,,,,,,,,,,,,,,,,,,true,true,12,2017-04-01,2018-03-31,0
2017-10-27,52790,2017-03-31,2,,,,,,,,,,,,,,,,,,,,15483000000,6293000000,0.405,,6273000000,,,,,,,,,,,,true,false,12,2016-04-01,2017-03-31,-1
2017-10-27,52790,2017-03-31,2,,,,,,,,,,,,,,,,,,,,,,,,,,,,,4.00,,,,3064200,167719,,false,false,12,2016-04-01,2017-03-31,-1
2017-10-27,52790,2018-03-31,2,,,,,,,,,,,,,,,,,,,,,,,,,,,,,0.00,,,,,,,false,false,12,2017-04-01,2018-03-31,0
2017-10-27,52790,2018-03-31,2,,,,,,,,,,,,,,,,,,,,,,,,,,,,,20.00,,,,,,,false,true,12,2017-04-01,2018-03-31,0
2017-10-27,52790,2018-03-31,2,,,,,,,,,,,,,,,,,,,,,,,,,,,,,,,,,3064200,167883,2896434,false,false,6,2017-04-01,2017-09-30,0
2017-10-27,52790,2017-03-31,2,,,,,,,,,,,,,,,,,,,,,,,,,,,,,,,,,,,2896572,false,false,6,2016-04-01,2016-09-30,-1
2018-01-26,52790,2018-03-31,3,8186000000,-0.093,,,,,-33000000,,-3000000,,,-20000000,,-7.16,,,,,,14141000000,6284000000,0.443,,6263000000,,,,,,,,,,,,true,false,9,2017-04-01,2017-12-31,0
2018-01-26,52790,2017-03-31,3,9029000000,0.002,,,,,16000000,-0.712,38000000,-0.565,,2000000,,0.71,,,,,,,,,,,,,,,,,,,,,,true,false,9,2016-04-01,2016-12-31,-1
2018-01-26,52790,2018-03-31,3,12000000000,-0.120,,,,,230000000,-0.177,260000000,-0.169,,120000000,,41.43,,,,,,,,,,,,,,,,,,,,,,true,true,12,2017-04-01,2018-03-31,0
2018-01-26,52790,2017-03-31,3,,,,,,,,,,,,,,,,,,,,15483000000,6293000000,0.405,,6273000000,,,,,,,,,,,,true,false,12,2016-04-01,2017-03-31,-1
2018-01-26,52790,2017-03-31,3,,,,,,,,,,,,,,,,,,,,,,,,,,,,,4.00,,,,3064200,167719,,false,false,12,2016-04-01,2017-03-31,-1
2018-01-26,52790,2018-03-31,3,,,,,,,,,,,,,,,,,,,,,,,,,,,,,0.00,,,,,,,false,false,12,2017-04-01,2018-03-31,0
2018-01-26,52790,2018-03-31,3,,,,,,,,,,,,,,,,,,,,,,,,,,,,,20.00,,,,,,,false,true,12,2017-04-01,2018-03-31,0
2018-01-26,52790,2018-03-31,3,,,,,,,,,,,,,,,,,,,,,,,,,,,,,,,,,3064200,167934,2896384,false,false,9,2017-04-01,2017-12-31,0
2018-01-26,52790,2017-03-31,3,,,,,,,,,,,,,,,,,,,,,,,,,,,,,,,,,,,2896551,false,false,9,2016-04-01,2016-12-31,-1
2018-01-26,52790,2018-03-31,,12000000000,-0.130,,,,,230000000,-0.193,260000000,-0.188,,120000000,,41.43,,,,,,,,,,,,,,,,,,,,,,true,true,12,2017-04-01,2018-03-31,0
2018-01-26,52790,2017-03-31,,13641000000,,,,,,279000000,,312000000,,,101000000,,35.05,,,,,,,,,,,,,,,,,,,,,,true,false,12,2016-04-01,2017-03-31,-1
2018-04-27,52790,2018-03-31,,12272000000,-0.100,,,,,226000000,-0.188,263000000,-0.159,,147000000,,50.79,,0.023,0.017,0.018,,14904000000,6473000000,0.433,2227.39,6451000000,363000000,-229000000,-150000000,1111000000,,0.394,,,,,,true,false,12,2017-04-01,2018-03-31,0
2018-04-27,52790,2017-03-31,,13641000000,-0.009,,,,,279000000,-0.048,312000000,-0.055,,101000000,,35.05,,0.016,0.020,0.020,,15483000000,6293000000,0.405,2165.95,6273000000,180000000,12000000,-192000000,1128000000,,0.571,,,,,,true,false,12,2016-04-01,2017-03-31,-1
2018-04-27,52790,2019-03-31,,5300000000,0.015,,,,,-120000000,,-110000000,,,-90000000,,-31.07,,,,,,,,,,,,,,,,,,,,,,true,true,6,2018-04-01,2018-09-30,1
2018-04-27,52790,2019-03-31,,12300000000,0.002,,,,,240000000,0.058,270000000,0.026,,150000000,,51.79,,,,,,,,,,,,,,,,0.386,,,,,,true,true,12,2018-04-01,2019-03-31,1
2018-04-27,52790,2018-03-31,,10521000000,-0.110,,,,,148000000,-0.061,239000000,-0.050,147000000,,0.964,50.84,,,,,,14159000000,6112000000,0.432,2110.41,6112000000,,,,,20.00,,,,3064200,167968,2896349,false,false,12,2017-04-01,2018-03-31,0
2018-04-27,52790,2017-03-31,,11815000000,-0.032,,,,,158000000,-0.150,252000000,-0.057,74000000,,0.115,25.88,,,,,,14737000000,5967000000,0.405,2060.25,5967000000,,,,,4.00,,,,3064200,167719,2896535,false,false,12,2016-04-01,2017-03-31,-1
2018-04-27,52790,2019-03-31,,,,,,,,,,,,,,,,,,,,,,,,,,,,,,20.00,,,,,,,false,true,12,2018-04-01,2019-03-31,1
2018-07-27,52790,2019-03-31,1,2174000000,-0.197,,,,,-97000000,,-80000000,,,-64000000,,-22.41,,,,,,13714000000,6343000000,0.461,,6321000000,,,,,,,,,,,,true,false,3,2018-04-01,2018-06-30,0
2018-07-27,52790,2018-03-31,1,2708000000,0.018,,,,,-59000000,,-46000000,,,-43000000,,-14.89,,,,,,,,,,,,,,,,,,,,,,true,false,3,2017-04-01,2017-06-30,-1
2018-07-27,52790,2019-03-31,1,4800000000,-0.081,,,,,-150000000,,-140000000,,,-115000000,,-39.71,,,,,,,,,,,,,,,,,,,,,,true,true,6,2018-04-01,2018-09-30,0
2018-07-27,52790,2019-03-31,1,11800000000,-0.039,,,,,200000000,-0.118,230000000,-0.126,,110000000,,37.98,,,,,,,,,,,,,,,,,,,,,,true,true,12,2018-04-01,2019-03-31,0
2018-07-27,52790,2018-03-31,1,,,,,,,,,,,,,,,,,,,,14862000000,6473000000,0.434,,6451000000,,,,,,,,,,,,true,false,12,2017-04-01,2018-03-31,-1
2018-07-27,52790,2018-03-31,1,,,,,,,,,,,,,,,,,,,,,,,,,,,,,20.00,,,,3064200,167968,,false,false,12,2017-04-01,2018-03-31,-1
2018-07-27,52790,2019-03-31,1,,,,,,,,,,,,,,,,,,,,,,,,,,,,,20.00,,,,,,,false,true,12,2018-04-01,2019-03-31,0
2018-07-27,52790,2019-03-31,1,,,,,,,,,,,,,,,,,,,,,,,,,,,,,,,,,3064200,167968,2896232,false,false,3,2018-04-01,2018-06-30,0
2018-07-27,52790,2018-03-31,1,,,,,,,,,,,,,,,,,,,,,,,,,,,,,,,,,,,2896481,false,false,3,2017-04-01,2017-06-30,-1
2018-10-26,52790,2019-03-31,2,4537000000,-0.131,,,,,-130000000,,-108000000,,,-89000000,,-30.84,,,,,,13038000000,6294000000,0.481,,6272000000,,,,,,,,,,,,true,false,6,2018-04-01,2018-09-30,0
2018-10-26,52790,2018-03-31,2,5221000000,-0.066,,,,,-135000000,,-116000000,,,-95000000,,-33.10,,,,,,,,,,,,,,,,,,,,,,true,false,6,2017-04-01,2017-09-30,-1
2018-10-26,52790,2019-03-31,2,11000000000,-0.104,,,,,200000000,-0.118,230000000,-0.126,,110000000,,37.98,,,,,,,,,,,,,,,,,,,,,,true,true,12,2018-04-01,2019-03-31,0
2018-10-26,52790,2018-03-31,2,,,,,,,,,,,,,,,,,,,,14862000000,6473000000,0.434,,6451000000,,,,,,,,,,,,true,false,12,2017-04-01,2018-03-31,-1
2018-10-26,52790,2018-03-31,2,,,,,,,,,,,,,,,,,,,,,,,,,,,,,20.00,,,,3064200,167968,,false,false,12,2017-04-01,2018-03-31,-1
2018-10-26,52790,2019-03-31,2,,,,,,,,,,,,,,,,,,,,,,,,,,,,,0.00,,,,,,,false,false,12,2018-04-01,2019-03-31,0
2018-10-26,52790,2019-03-31,2,,,,,,,,,,,,,,,,,,,,,,,,,,,,,20.00,,,,,,,false,true,12,2018-04-01,2019-03-31,0
2018-10-26,52790,2019-03-31,2,,,,,,,,,,,,,,,,,,,,,,,,,,,,,,,,,3064200,167968,2896232,false,false,6,2018-04-01,2018-09-30,0
2018-10-26,52790,2018-03-31,2,,,,,,,,,,,,,,,,,,,,,,,,,,,,,,,,,,,2896434,false,false,6,2017-04-01,2017-09-30,-1
2019-01-25,52790,2019-03-31,3,7692000000,-0.060,,,,,-17000000,,16000000,,,-11000000,,-3.93,,,,,,13866000000,6329000000,0.455,,6306000000,,,,,,,,,,,,true,false,9,2018-04-01,2018-12-31,0
2019-01-25,52790,2018-03-31,3,8186000000,-0.093,,,,,-33000000,,-3000000,,,-20000000,,-7.16,,,,,,,,,,,,,,,,,,,,,,true,false,9,2017-04-01,2017-12-31,-1
2019-01-25,52790,2019-03-31,3,11000000000,-0.104,,,,,200000000,-0.118,230000000,-0.126,,110000000,,37.98,,,,,,,,,,,,,,,,,,,,,,true,true,12,2018-04-01,2019-03-31,0
2019-01-25,52790,2018-03-31,3,,,,,,,,,,,,,,,,,,,,14862000000,6473000000,0.434,,6451000000,,,,,,,,,,,,true,false,12,2017-04-01,2018-03-31,-1
2019-01-25,52790,2018-03-31,3,,,,,,,,,,,,,,,,,,,,,,,,,,,,,20.00,,,,3064200,167968,,false,false,12,2017-04-01,2018-03-31,-1
2019-01-25,52790,2019-03-31,3,,,,,,,,,,,,,,,,,,,,,,,,,,,,,0.00,,,,,,,false,false,12,2018-04-01,2019-03-31,0
2019-01-25,52790,2019-03-31,3,,,,,,,,,,,,,,,,,,,,,,,,,,,,,20.00,,,,,,,false,true,12,2018-04-01,2019-03-31,0
2019-01-25,52790,2019-03-31,3,,,,,,,,,,,,,,,,,,,,,,,,,,,,,,,,,3064200,167990,2896230,false,false,9,2018-04-01,2018-12-31,0
2019-01-25,52790,2018-03-31,3,,,,,,,,,,,,,,,,,,,,,,,,,,,,,,,,,,,2896384,false,false,9,2017-04-01,2017-12-31,-1
2019-04-26,52790,2019-03-31,,11988000000,-0.023,,,,,243000000,0.075,285000000,0.083,,121000000,,42.01,,0.019,0.019,0.020,,14678000000,6455000000,0.438,2220.30,6430000000,616000000,-106000000,-474000000,1146000000,,0.476,,,,,,true,false,12,2018-04-01,2019-03-31,0
2019-04-26,52790,2018-03-31,,12272000000,-0.100,,,,,226000000,-0.188,263000000,-0.159,,147000000,,50.79,,0.023,0.017,0.018,,14862000000,6473000000,0.434,2227.39,6451000000,363000000,-229000000,-150000000,1111000000,,0.394,,,,,,true,false,12,2017-04-01,2018-03-31,-1
2019-04-26,52790,2020-03-31,,4700000000,0.036,,,,,-110000000,,-100000000,,,-80000000,,-27.62,,,,,,,,,,,,,,,,,,,,,,true,true,6,2019-04-01,2019-09-30,1
2019-04-26,52790,2020-03-31,,12300000000,0.026,,,,,270000000,0.108,290000000,0.017,,150000000,,51.79,,,,,,,,,,,,,,,,0.386,,,,,,true,true,12,2019-04-01,2020-03-31,1
2019-04-26,52790,2019-03-31,,10068000000,-0.043,,,,,163000000,0.097,247000000,0.033,109000000,,-0.258,37.74,,,,,,13852000000,6099000000,0.440,2105.91,6099000000,,,,,20.00,,,,3064200,167990,2896225,false,false,12,2018-04-01,2019-03-31,0
2019-04-26,52790,2018-03-31,,10521000000,-0.110,,,,,148000000,-0.061,239000000,-0.050,147000000,,0.964,50.84,,,,,,14119000000,6112000000,0.433,2110.41,6112000000,,,,,20.00,,,,3064200,167968,2896349,false,false,12,2017-04-01,2018-03-31,-1
2019-04-26,52790,2020-03-31,,,,,,,,,,,,,,,,,,,,,,,,,,,,,,20.00,,,,,,,false,true,12,2019-04-01,2020-03-31,1
2019-07-26,52790,2020-03-31,1,2640000000,0.214,,,,,23000000,,38000000,,,-41000000,,-14.49,,,,,,13408000000,6409000000,0.476,,6384000000,,,,,,,,,,,,true,false,3,2019-04-01,2019-06-30,0
2019-07-26,52790,2019-03-31,1,2174000000,-0.197,,,,,-97000000,,-80000000,,,-64000000,,-22.41,,,,,,,,,,,,,,,,,,,,,,true,false,3,2018-04-01,2018-06-30,-1
2019-07-26,52790,2020-03-31,1,5000000000,0.102,,,,,-20000000,,-10000000,,,-60000000,,-20.72,,,,,,,,,,,,,,,,,,,,,,true,true,6,2019-04-01,2019-09-30,0
2019-07-26,52790,2020-03-31,1,12300000000,0.026,,,,,270000000,0.108,290000000,0.017,,150000000,,51.79,,,,,,,,,,,,,,,,,,,,,,true,true,12,2019-04-01,2020-03-31,0
2019-07-26,52790,2019-03-31,1,,,,,,,,,,,,,,,,,,,,14678000000,6455000000,0.438,,6430000000,,,,,,,,,,,,true,false,12,2018-04-01,2019-03-31,-1
2019-07-26,52790,2019-03-31,1,,,,,,,,,,,,,,,,,,,,,,,,,,,,,20.00,,,,3064200,167990,,false,false,12,2018-04-01,2019-03-31,-1
2019-07-26,52790,2020-03-31,1,,,,,,,,,,,,,,,,,,,,,,,,,,,,,20.00,,,,,,,false,true,12,2019-04-01,2020-03-31,0
2019-07-26,52790,2020-03-31,1,,,,,,,,,,,,,,,,,,,,,,,,,,,,,,,,,3064200,167968,2896216,false,false,3,2019-04-01,2019-06-30,0
2019-07-26,52790,2019-03-31,1,,,,,,,,,,,,,,,,,,,,,,,,,,,,,,,,,,,2896232,false,false,3,2018-04-01,2018-06-30,-1
2019-10-25,52790,2020-03-31,,5400000000,0.080,,,,,110000000,,130000000,,,80000000,,27.62,,,,,,,,,,,,,,,,,,,,,,true,true,6,2019-04-01,2019-09-30,0
2019-10-25,52790,2019-03-31,,4537000000,,,,,,-130000000,,-108000000,,,-89000000,,-30.84,,,,,,,,,,,,,,,,,,,,,,true,false,6,2018-04-01,2018-09-30,-1
2019-10-25,52790,2020-03-31,,12500000000,0.016,,,,,320000000,0.185,340000000,0.172,,170000000,,58.70,,,,,,,,,,,,,,,,,,,,,,true,true,12,2019-04-01,2020-03-31,0
2019-10-25,52790,2019-03-31,,11988000000,,,,,,243000000,,285000000,,,121000000,,42.01,,,,,,,,,,,,,,,,,,,,,,true,false,12,2018-04-01,2019-03-31,-1
2019-10-29,52790,2020-03-31,2,5483000000,0.209,,,,,117000000,,137000000,,,81000000,,28.00,,,,,,12990000000,6492000000,0.498,,6467000000,,,,,,,,,,,,true,false,6,2019-04-01,2019-09-30,0
2019-10-29,52790,2019-03-31,2,4537000000,-0.131,,,,,-130000000,,-108000000,,,-89000000,,-30.84,,,,,,,,,,,,,,,,,,,,,,true,false,6,2018-04-01,2018-09-30,-1
2019-10-29,52790,2020-03-31,2,12500000000,0.043,,,,,320000000,0.313,340000000,0.192,,170000000,,58.70,,,,,,,,,,,,,,,,,,,,,,true,true,12,2019-04-01,2020-03-31,0
2019-10-29,52790,2019-03-31,2,,,,,,,,,,,,,,,,,,,,14678000000,6455000000,0.438,,6430000000,,,,,,,,,,,,true,false,12,2018-04-01,2019-03-31,-1
2019-10-29,52790,2019-03-31,2,,,,,,,,,,,,,,,,,,,,,,,,,,,,,20.00,,,,3064200,167990,,false,false,12,2018-04-01,2019-03-31,-1
2019-10-29,52790,2020-03-31,2,,,,,,,,,,,,,,,,,,,,,,,,,,,,,0.00,,,,,,,false,false,12,2019-04-01,2020-03-31,0
2019-10-29,52790,2020-03-31,2,,,,,,,,,,,,,,,,,,,,,,,,,,,,,20.00,,,,,,,false,true,12,2019-04-01,2020-03-31,0
2019-10-29,52790,2020-03-31,2,,,,,,,,,,,,,,,,,,,,,,,,,,,,,,,,,3064200,168042,2896191,false,false,6,2019-04-01,2019-09-30,0
2019-10-29,52790,2019-03-31,2,,,,,,,,,,,,,,,,,,,,,,,,,,,,,,,,,,,2896232,false,false,6,2018-04-01,2018-09-30,-1
2020-01-24,52790,2020-03-31,3,8595000000,0.117,,,,,270000000,,295000000,,,183000000,,63.51,,,,,,13133000000,6624000000,0.503,,6599000000,,,,,,,,,,,,true,false,9,2019-04-01,2019-12-31,0
2020-01-24,52790,2019-03-31,3,7692000000,-0.060,,,,,-17000000,,16000000,,,-11000000,,-3.93,,,,,,,,,,,,,,,,,,,,,,true,false,9,2018-04-01,2018-12-31,-1
2020-01-24,52790,2020-03-31,3,12500000000,0.043,,,,,420000000,0.723,440000000,0.543,,220000000,,75.96,,,,,,,,,,,,,,,,,,,,,,true,true,12,2019-04-01,2020-03-31,0
2020-01-24,52790,2019-03-31,3,,,,,,,,,,,,,,,,,,,,14678000000,6455000000,0.438,,6430000000,,,,,,,,,,,,true,false,12,2018-04-01,2019-03-31,-1
2020-01-24,52790,2019-03-31,3,,,,,,,,,,,,,,,,,,,,,,,,,,,,,20.00,,,,3064200,167990,,false,false,12,2018-04-01,2019-03-31,-1
2020-01-24,52790,2020-03-31,3,,,,,,,,,,,,,,,,,,,,,,,,,,,,,0.00,,,,,,,false,false,12,2019-04-01,2020-03-31,0
2020-01-24,52790,2020-03-31,3,,,,,,,,,,,,,,,,,,,,,,,,,,,,,20.00,,,,,,,false,true,12,2019-04-01,2020-03-31,0
2020-01-24,52790,2020-03-31,3,,,,,,,,,,,,,,,,,,,,,,,,,,,,,,,,,3064200,168183,2896146,false,false,9,2019-04-01,2019-12-31,0
2020-01-24,52790,2019-03-31,3,,,,,,,,,,,,,,,,,,,,,,,,,,,,,,,,,,,2896230,false,false,9,2018-04-01,2018-12-31,-1
2020-04-24,52790,2020-03-31,,12600000000,0.008,,,,,527000000,0.255,554000000,0.259,,270000000,,93.23,,,,,,,,,,,,,,,,,,,,,,true,true,12,2019-04-01,2020-03-31,0
2020-04-24,52790,2019-03-31,,11988000000,,,,,,243000000,,285000000,,,121000000,,42.01,,,,,,,,,,,,,,,,,,,,,,true,false,12,2018-04-01,2019-03-31,-1
2020-04-28,52790,2020-03-31,,12600000000,0.051,,,,,527000000,1.164,554000000,0.943,,270000000,,93.51,,0.041,0.039,0.042,,13635000000,6680000000,0.488,2296.95,6651000000,839000000,640000000,-1406000000,1220000000,,0.267,,,,,,true,false,12,2019-04-01,2020-03-31,0
2020-04-28,52790,2019-03-31,,11988000000,-0.023,,,,,243000000,0.075,285000000,0.083,,121000000,,42.01,,0.019,0.019,0.020,,14678000000,6455000000,0.438,2220.30,6430000000,616000000,-106000000,-474000000,1146000000,,0.476,,,,,,true,false,12,2018-04-01,2019-03-31,-1
2020-04-28,52790,2020-03-31,,10836000000,0.076,,,,,451000000,1.765,519000000,1.099,260000000,,1.388,90.11,,,,,,12778000000,6351000000,0.497,2193.33,6351000000,,,,,25.00,,,,3064200,168183,2896116,false,false,12,2019-04-01,2020-03-31,0
2020-04-28,52790,2019-03-31,,10068000000,-0.043,,,,,163000000,0.097,247000000,0.033,109000000,,-0.258,37.74,,,,,,13852000000,6099000000,0.440,2105.91,6099000000,,,,,20.00,,,,3064200,167990,2896225,false,false,12,2018-04-01,2019-03-31,-1
2020-04-28,52790,2021-03-31,,,,,,,,,,,,,,,,,,,,,,,,,,,,,,0.00,,,,,,,false,true,12,2020-04-01,2021-03-31,1
2020-07-31,52790,2021-03-31,1,2570000000,-0.026,,,,,44000000,0.923,55000000,0.450,,29000000,,10.33,,,,,,12997000000,6669000000,0.511,,6641000000,,,,,,,,,,,,true,false,3,2020-04-01,2020-06-30,0
2020-07-31,52790,2020-03-31,1,2640000000,0.214,,,,,23000000,,38000000,,,-41000000,,-14.49,,,,,,,,,,,,,,,,,,,,,,true,false,3,2019-04-01,2019-06-30,-1
2020-07-31,52790,2021-03-31,1,5000000000,-0.088,,,,,10000000,-0.915,20000000,-0.854,,5000000,,1.73,,,,,,,,,,,,,,,,,,,,,,true,true,6,2020-04-01,2020-09-30,0
2020-07-31,52790,2021-03-31,1,11500000000,-0.087,,,,,300000000,-0.431,320000000,-0.423,,170000000,,58.70,,,,,,,,,,,,,,,,,,,,,,true,true,12,2020-04-01,2021-03-31,0
2020-07-31,52790,2020-03-31,1,,,,,,,,,,,,,,,,,,,,13635000000,6680000000,0.488,,6651000000,,,,,,,,,,,,true,false,12,2019-04-01,2020-03-31,-1
2020-07-31,52790,2020-03-31,1,,,,,,,,,,,,,,,,,,,,,,,,,,,,,25.00,,,,3064200,168183,,false,false,12,2019-04-01,2020-03-31,-1
2020-07-31,52790,2021-03-31,1,,,,,,,,,,,,,,,,,,,,,,,,,,,,,20.00,,,,,,,false,true,12,2020-04-01,2021-03-31,0
2020-07-31,52790,2021-03-31,1,,,,,,,,,,,,,,,,,,,,,,,,,,,,,,,,,3064200,168203,2896012,false,false,3,2020-04-01,2020-06-30,0
2020-07-31,52790,2020-03-31,1,,,,,,,,,,,,,,,,,,,,,,,,,,,,,,,,,,,2896216,false,false,3,2019-04-01,2019-06-30,-1
2020-10-27,52790,2021-03-31,2,5127000000,-0.065,,,,,19000000,-0.832,33000000,-0.758,,11000000,,3.90,,,,,,12632000000,6661000000,0.525,,6632000000,,,,,,,,,,,,true,false,6,2020-04-01,2020-09-30,0
2020-10-27,52790,2020-03-31,2,5483000000,0.209,,,,,117000000,,137000000,,,81000000,,28.00,,,,,,,,,,,,,,,,,,,,,,true,false,6,2019-04-01,2019-09-30,-1
2020-10-27,52790,2021-03-31,2,11500000000,-0.087,,,,,300000000,-0.431,320000000,-0.423,,170000000,,58.70,,,,,,,,,,,,,,,,,,,,,,true,true,12,2020-04-01,2021-03-31,0
2020-10-27,52790,2020-03-31,2,,,,,,,,,,,,,,,,,,,,13635000000,6680000000,0.488,,6651000000,,,,,,,,,,,,true,false,12,2019-04-01,2020-03-31,-1
2020-10-27,52790,2020-03-31,2,,,,,,,,,,,,,,,,,,,,,,,,,,,,,25.00,,,,3064200,168183,,false,false,12,2019-04-01,2020-03-31,-1
2020-10-27,52790,2021-03-31,2,,,,,,,,,,,,,,,,,,,,,,,,,,,,,0.00,,,,,,,false,false,12,2020-04-01,2021-03-31,0
2020-10-27,52790,2021-03-31,2,,,,,,,,,,,,,,,,,,,,,,,,,,,,,20.00,,,,,,,false,true,12,2020-04-01,2021-03-31,0
2020-10-27,52790,2021-03-31,2,,,,,,,,,,,,,,,,,,,,,,,,,,,,,,,,,3064200,168203,2896006,false,false,6,2020-04-01,2020-09-30,0
2020-10-27,52790,2020-03-31,2,,,,,,,,,,,,,,,,,,,,,,,,,,,,,,,,,,,2896191,false,false,6,2019-04-01,2019-09-30,-1
2021-01-26,52790,2021-03-31,3,8426000000,-0.020,,,,,218000000,-0.190,241000000,-0.185,,151000000,,52.29,,,,,,13428000000,6796000000,0.504,,6764000000,,,,,,,,,,,,true,false,9,2020-04-01,2020-12-31,0
2021-01-26,52790,2020-03-31,3,8595000000,0.117,,,,,270000000,,295000000,,,183000000,,63.51,,,,,,,,,,,,,,,,,,,,,,true,false,9,2019-04-01,2019-12-31,-1
2021-01-26,52790,2021-03-31,3,11500000000,-0.087,,,,,320000000,-0.393,340000000,-0.386,,190000000,,65.61,,,,,,,,,,,,,,,,,,,,,,true,true,12,2020-04-01,2021-03-31,0
2021-01-26,52790,2020-03-31,3,,,,,,,,,,,,,,,,,,,,13635000000,6680000000,0.488,,6651000000,,,,,,,,,,,,true,false,12,2019-04-01,2020-03-31,-1
2021-01-26,52790,2020-03-31,3,,,,,,,,,,,,,,,,,,,,,,,,,,,,,25.00,,,,3064200,168183,,false,false,12,2019-04-01,2020-03-31,-1
2021-01-26,52790,2021-03-31,3,,,,,,,,,,,,,,,,,,,,,,,,,,,,,0.00,,,,,,,false,false,12,2020-04-01,2021-03-31,0
2021-01-26,52790,2021-03-31,3,,,,,,,,,,,,,,,,,,,,,,,,,,,,,20.00,,,,,,,false,true,12,2020-04-01,2021-03-31,0
2021-01-26,52790,2021-03-31,3,,,,,,,,,,,,,,,,,,,,,,,,,,,,,,,,,3064200,168203,2896003,false,false,9,2020-04-01,2020-12-31,0
2021-01-26,52790,2020-03-31,3,,,,,,,,,,,,,,,,,,,,,,,,,,,,,,,,,,,2896146,false,false,9,2019-04-01,2019-12-31,-1
2021-04-28,52790,2021-03-31,,12229000000,-0.029,,,,,441000000,-0.162,480000000,-0.133,,327000000,,112.96,,0.048,0.035,0.036,,14020000000,7016000000,0.500,2422.91,7016000000,1014000000,-493000000,-403000000,1338000000,,0.221,,,,,,true,false,12,2020-04-01,2021-03-31,0
2021-04-28,52790,2020-03-31,,12600000000,0.051,,,,,527000000,1.164,554000000,0.943,,270000000,,93.51,,0.041,0.039,0.042,,13635000000,6680000000,0.488,2296.95,6651000000,839000000,640000000,-1406000000,1220000000,,0.267,,,,,,true,false,12,2019-04-01,2020-03-31,-1
2021-04-28,52790,2022-03-31,,4800000000,-0.064,,,,,-40000000,,-30000000,,-25000000,,,-8.63,,,,,,,,,,,,,,,,,,,,,,true,true,6,2021-04-01,2021-09-30,1
2021-04-28,52790,2022-03-31,,11800000000,-0.035,,,,,350000000,-0.208,370000000,-0.230,230000000,,-0.297,79.42,,,,,,,,,,,,,,,,0.252,,,,,,true,true,12,2021-04-01,2022-03-31,1
2021-04-28,52790,2021-03-31,,10444000000,-0.036,,,,,360000000,-0.201,423000000,-0.186,499000000,,0.915,172.61,,,,,,13339000000,6804000000,0.510,2349.62,6804000000,,,,,25.00,,,,3064200,168203,2896002,false,false,12,2020-04-01,2021-03-31,0
2021-04-28,52790,2020-03-31,,10836000000,0.076,,,,,451000000,1.765,519000000,1.099,260000000,,1.388,90.11,,,,,,12778000000,6351000000,0.497,2193.33,6351000000,,,,,25.00,,,,3064200,168183,2896116,false,false,12,2019-04-01,2020-03-31,-1
2021-04-28,52790,2022-03-31,,,,,,,,,,,,,,,,,,,,,,,,,,,,,,20.00,,,,,,,false,true,12,2021-04-01,2022-03-31,1
2021-07-30,52790,2022-03-31,1,2461000000,-0.043,,,,,49000000,0.112,66000000,0.197,,46000000,,16.01,,,,,,13347000000,6974000000,0.523,,6974000000,,,,,,,,,,,,true,false,3,2021-04-01,2021-06-30,0
2021-07-30,52790,2021-03-31,1,2570000000,-0.026,,,,,44000000,0.923,55000000,0.450,,29000000,,10.33,,,,,,,,,,,,,,,,,,,,,,true,false,3,2020-04-01,2020-06-30,-1
2021-07-30,52790,2022-03-31,1,5000000000,-0.025,,,,,55000000,1.782,75000000,1.261,,50000000,,17.27,,,,,,,,,,,,,,,,,,,,,,true,true,6,2021-04-01,2021-09-30,0
2021-07-30,52790,2022-03-31,1,11800000000,-0.035,,,,,350000000,-0.208,370000000,-0.230,,230000000,,79.42,,,,,,,,,,,,,,,,,,,,,,true,true,12,2021-04-01,2022-03-31,0
2021-07-30,52790,2021-03-31,1,,,,,,,,,,,,,,,,,,,,14020000000,7016000000,0.500,,7016000000,,,,,,,,,,,,true,false,12,2020-04-01,2021-03-31,-1
2021-07-30,52790,2021-03-31,1,,,,,,,,,,,,,,,,,,,,,,,,,,,,,25.00,,,,3064200,168203,,false,false,12,2020-04-01,2021-03-31,-1
2021-07-30,52790,2022-03-31,1,,,,,,,,,,,,,,,,,,,,,,,,,,,,,20.00,,,,,,,false,true,12,2021-04-01,2022-03-31,0
2021-07-30,52790,2022-03-31,1,,,,,,,,,,,,,,,,,,,,,,,,,,,,,,,,,3064200,168203,2895997,false,false,3,2021-04-01,2021-06-30,0
2021-07-30,52790,2021-03-31,1,,,,,,,,,,,,,,,,,,,,,,,,,,,,,,,,,,,2896012,false,false,3,2020-04-01,2020-06-30,-1
2021-07-30,52790,2022-03-31,,5000000000,0.042,,,,,55000000,,75000000,,50000000,,,17.27,,,,,,,,,,,,,,,,,,,,,,true,true,6,2021-04-01,2021-09-30,0
2021-07-30,52790,2021-03-31,,5127000000,,,,,,19000000,,33000000,,11000000,,,3.90,,,,,,,,,,,,,,,,,,,,,,true,false,6,2020-04-01,2020-09-30,-1
2021-10-27,52790,2022-03-31,2,4940000000,-0.036,,,,,64000000,2.267,89000000,1.706,,57000000,,19.73,,,,,,12758000000,6990000000,0.548,,6990000000,,,,,,,,,,,,true,false,6,2021-04-01,2021-09-30,0
2021-10-27,52790,2021-03-31,2,5127000000,-0.065,,,,,19000000,-0.832,33000000,-0.758,,11000000,,3.90,,,,,,,,,,,,,,,,,,,,,,true,false,6,2020-04-01,2020-09-30,-1
2021-10-27,52790,2022-03-31,2,11800000000,-0.035,,,,,350000000,-0.208,370000000,-0.230,,230000000,,79.42,,,,,,,,,,,,,,,,,,,,,,true,true,12,2021-04-01,2022-03-31,0
2021-10-27,52790,2021-03-31,2,,,,,,,,,,,,,,,,,,,,14020000000,7016000000,0.500,,7016000000,,,,,,,,,,,,true,false,12,2020-04-01,2021-03-31,-1
2021-10-27,52790,2021-03-31,2,,,,,,,,,,,,,,,,,,,,,,,,,,,,,25.00,,,,3064200,168203,,false,false,12,2020-04-01,2021-03-31,-1
2021-10-27,52790,2022-03-31,2,,,,,,,,,,,,,,,,,,,,,,,,,,,,,0.00,,,,,,,false,false,12,2021-04-01,2022-03-31,0
2021-10-27,52790,2022-03-31,2,,,,,,,,,,,,,,,,,,,,,,,,,,,,,20.00,,,,,,,false,true,12,2021-04-01,2022-03-31,0
2021-10-27,52790,2022-03-31,2,,,,,,,,,,,,,,,,,,,,,,,,,,,,,,,,,3064200,168225,2895988,false,false,6,2021-04-01,2021-09-30,0
2021-10-27,52790,2021-03-31,2,,,,,,,,,,,,,,,,,,,,,,,,,,,,,,,,,,,2896006,false,false,6,2020-04-01,2020-09-30,-1
2022-01-25,52790,2022-03-31,3,8128000000,-0.035,,,,,224000000,0.026,263000000,0.090,,164000000,,56.79,,,,,,13424000000,7087000000,0.528,,7087000000,,,,,,,,,,,,true,false,9,2021-04-01,2021-12-31,0
2022-01-25,52790,2021-03-31,3,8426000000,-0.020,,,,,218000000,-0.190,241000000,-0.185,,151000000,,52.29,,,,,,,,,,,,,,,,,,,,,,true,false,9,2020-04-01,2020-12-31,-1
2022-01-25,52790,2022-03-31,3,11800000000,-0.035,,,,,350000000,-0.208,370000000,-0.230,,230000000,,79.42,,,,,,,,,,,,,,,,,,,,,,true,true,12,2021-04-01,2022-03-31,0
2022-01-25,52790,2021-03-31,3,,,,,,,,,,,,,,,,,,,,14020000000,7016000000,0.500,,7016000000,,,,,,,,,,,,true,false,12,2020-04-01,2021-03-31,-1
2022-01-25,52790,2021-03-31,3,,,,,,,,,,,,,,,,,,,,,,,,,,,,,25.00,,,,3064200,168203,,false,false,12,2020-04-01,2021-03-31,-1
2022-01-25,52790,2022-03-31,3,,,,,,,,,,,,,,,,,,,,,,,,,,,,,0.00,,,,,,,false,false,12,2021-04-01,2022-03-31,0
2022-01-25,52790,2022-03-31,3,,,,,,,,,,,,,,,,,,,,,,,,,,,,,20.00,,,,,,,false,true,12,2021-04-01,2022-03-31,0
2022-01-25,52790,2022-03-31,3,,,,,,,,,,,,,,,,,,,,,,,,,,,,,,,,,3064200,168225,2895984,false,false,9,2021-04-01,2021-12-31,0
2022-01-25,52790,2021-03-31,3,,,,,,,,,,,,,,,,,,,,,,,,,,,,,,,,,,,2896003,false,false,9,2020-04-01,2020-12-31,-1
2022-04-28,52790,2022-03-31,,11768000000,-0.038,,,,,364000000,-0.176,420000000,-0.125,,273000000,,94.33,,0.039,0.030,0.031,,13760000000,7161000000,0.520,2472.80,7161000000,678000000,-256000000,-388000000,1371000000,,0.265,,,,,,true,false,12,2021-04-01,2022-03-31,0
2022-04-28,52790,2021-03-31,,12229000000,-0.029,,,,,441000000,-0.162,480000000,-0.133,,327000000,,112.96,,0.048,0.035,0.036,,14020000000,7016000000,0.500,2422.91,7016000000,1014000000,-493000000,-403000000,1338000000,,0.221,,,,,,true,false,12,2020-04-01,2021-03-31,-1
2022-04-28,52790,2023-03-31,,4800000000,-0.028,,,,,-40000000,,-30000000,,-25000000,,,-8.63,,,,,,,,,,,,,,,,,,,,,,true,true,6,2022-04-01,2022-09-30,1
2022-04-28,52790,2023-03-31,,11800000000,0.003,,,,,330000000,-0.094,350000000,-0.167,230000000,,-0.158,79.42,,,,,,,,,,,,,,,,0.315,,,,,,true,true,12,2022-04-01,2023-03-31,1
2022-04-28,52790,2022-03-31,,11042000000,0.057,,,,,316000000,-0.121,385000000,-0.088,296000000,,-0.407,102.40,,,,,,13358000000,6981000000,0.523,2410.93,6981000000,,,,,25.00,,,,3064200,168225,2895982,false,false,12,2021-04-01,2022-03-31,0
2022-04-28,52790,2021-03-31,,10444000000,-0.036,,,,,360000000,-0.201,423000000,-0.186,499000000,,0.915,172.61,,,,,,13339000000,6804000000,0.510,2349.62,6804000000,,,,,25.00,,,,3064200,168203,2896002,false,false,12,2020-04-01,2021-03-31,-1
2022-04-28,52790,2023-03-31,,,,,,,,,,,,,,,,,,,,,,,,,,,,,,25.00,,,,,,,false,true,12,2022-04-01,2023-03-31,1
2022-07-29,52790,2023-03-31,1,2243000000,-0.088,,,,,-24000000,,-7000000,,,-8000000,,-3.03,,,,,,12892000000,7072000000,0.549,,7072000000,,,,,,,,,,,,true,false,3,2022-04-01,2022-06-30,0
2022-07-29,52790,2022-03-31,1,2461000000,-0.043,,,,,49000000,0.112,66000000,0.197,,46000000,,16.01,,,,,,,,,,,,,,,,,,,,,,true,false,3,2021-04-01,2021-06-30,-1
2022-07-29,52790,2023-03-31,1,4800000000,-0.028,,,,,-40000000,,-30000000,,,-25000000,,-8.63,,,,,,,,,,,,,,,,,,,,,,true,true,6,2022-04-01,2022-09-30,0
2022-07-29,52790,2023-03-31,1,11800000000,0.003,,,,,330000000,-0.094,350000000,-0.167,,230000000,,79.42,,,,,,,,,,,,,,,,,,,,,,true,true,12,2022-04-01,2023-03-31,0
2022-07-29,52790,2022-03-31,1,,,,,,,,,,,,,,,,,,,,13760000000,7161000000,0.520,,7161000000,,,,,,,,,,,,true,false,12,2021-04-01,2022-03-31,-1
2022-07-29,52790,2022-03-31,1,,,,,,,,,,,,,,,,,,,,,,,,,,,,,25.00,,,,3064200,168225,,false,false,12,2021-04-01,2022-03-31,-1
2022-07-29,52790,2023-03-31,1,,,,,,,,,,,,,,,,,,,,,,,,,,,,,25.00,,,,,,,false,true,12,2022-04-01,2023-03-31,0
2022-07-29,52790,2023-03-31,1,,,,,,,,,,,,,,,,,,,,,,,,,,,,,,,,,3064200,168303,2895917,false,false,3,2022-04-01,2022-06-30,0
2022-07-29,52790,2022-03-31,1,,,,,,,,,,,,,,,,,,,,,,,,,,,,,,,,,,,2895997,false,false,3,2021-04-01,2021-06-30,-1
2022-10-28,52790,2023-03-31,2,4644000000,-0.060,,,,,-45000000,,-23000000,,,-25000000,,-8.78,,,,,,12724000000,7051000000,0.554,,7051000000,,,,,,,,,,,,true,false,6,2022-04-01,2022-09-30,0
2022-10-28,52790,2022-03-31,2,4940000000,-0.036,,,,,64000000,2.267,89000000,1.706,,57000000,,19.73,,,,,,,,,,,,,,,,,,,,,,true,false,6,2021-04-01,2021-09-30,-1
2022-10-28,52790,2023-03-31,2,11000000000,-0.065,,,,,300000000,-0.176,320000000,-0.238,,210000000,,72.52,,,,,,,,,,,,,,,,,,,,,,true,true,12,2022-04-01,2023-03-31,0
2022-10-28,52790,2022-03-31,2,,,,,,,,,,,,,,,,,,,,13760000000,7161000000,0.520,,7161000000,,,,,,,,,,,,true,false,12,2021-04-01,2022-03-31,-1
2022-10-28,52790,2022-03-31,2,,,,,,,,,,,,,,,,,,,,,,,,,,,,,25.00,,,,3064200,168225,,false,false,12,2021-04-01,2022-03-31,-1
2022-10-28,52790,2023-03-31,2,,,,,,,,,,,,,,,,,,,,,,,,,,,,,0.00,,,,,,,false,false,12,2022-04-01,2023-03-31,0
2022-10-28,52790,2023-03-31,2,,,,,,,,,,,,,,,,,,,,,,,,,,,,,25.00,,,,,,,false,true,12,2022-04-01,2023-03-31,0
2022-10-28,52790,2023-03-31,2,,,,,,,,,,,,,,,,,,,,,,,,,,,,,,,,,3064200,168303,2895908,false,false,6,2022-04-01,2022-09-30,0
2022-10-28,52790,2022-03-31,2,,,,,,,,,,,,,,,,,,,,,,,,,,,,,,,,,,,2895988,false,false,6,2021-04-01,2021-09-30,-1
2023-01-27,52790,2023-03-31,3,7854000000,-0.034,,,,,165000000,-0.264,198000000,-0.243,,124000000,,43.16,,,,,,14242000000,7232000000,0.508,,7232000000,,,,,,,,,,,,true,false,9,2022-04-01,2022-12-31,0
2023-01-27,52790,2022-03-31,3,8128000000,-0.035,,,,,224000000,0.026,263000000,0.090,,164000000,,56.79,,,,,,,,,,,,,,,,,,,,,,true,false,9,2021-04-01,2021-12-31,-1
2023-01-27,52790,2023-03-31,3,11000000000,-0.065,,,,,300000000,-0.176,320000000,-0.238,,210000000,,72.52,,,,,,,,,,,,,,,,,,,,,,true,true,12,2022-04-01,2023-03-31,0
2023-01-27,52790,2022-03-31,3,,,,,,,,,,,,,,,,,,,,13760000000,7161000000,0.520,,7161000000,,,,,,,,,,,,true,false,12,2021-04-01,2022-03-31,-1
2023-01-27,52790,2022-03-31,3,,,,,,,,,,,,,,,,,,,,,,,,,,,,,25.00,,,,3064200,168225,,false,false,12,2021-04-01,2022-03-31,-1
2023-01-27,52790,2023-03-31,3,,,,,,,,,,,,,,,,,,,,,,,,,,,,,0.00,,,,,,,false,false,12,2022-04-01,2023-03-31,0
2023-01-27,52790,2023-03-31,3,,,,,,,,,,,,,,,,,,,,,,,,,,,,,25.00,,,,,,,false,true,12,2022-04-01,2023-03-31,0
2023-01-27,52790,2023-03-31,3,,,,,,,,,,,,,,,,,,,,,,,,,,,,,,,,,3064200,168303,2895905,false,false,9,2022-04-01,2022-12-31,0
2023-01-27,52790,2022-03-31,3,,,,,,,,,,,,,,,,,,,,,,,,,,,,,,,,,,,2895984,false,false,9,2021-04-01,2021-12-31,-1
2023-04-28,52790,2023-03-31,,11336000000,-0.037,,,,,280000000,-0.229,323000000,-0.229,,198000000,,68.61,,0.027,0.022,0.025,,15207000000,7484000000,0.480,2522.54,7305000000,224000000,-735000000,581000000,1442000000,,0.364,,,,,,true,false,12,2022-04-01,2023-03-31,0
2023-04-28,52790,2022-03-31,,11768000000,-0.038,,,,,364000000,-0.176,420000000,-0.125,,273000000,,94.33,,0.039,0.030,0.031,,13760000000,7161000000,0.520,2472.80,7161000000,678000000,-256000000,-388000000,1371000000,,0.265,,,,,,true,false,12,2021-04-01,2022-03-31,-1
2023-04-28,52790,2024-03-31,,5000000000,0.077,,,,,-30000000,,-20000000,,,-25000000,,-8.63,,,,,,,,,,,,,,,,,,,,,,true,true,6,2023-04-01,2023-09-30,1
2023-04-28,52790,2024-03-31,,12800000000,0.129,,,,,350000000,0.247,380000000,0.173,,240000000,,82.88,,,,,,,,,,,,,,,,0.302,,,,,,true,true,12,2023-04-01,2024-03-31,1
2023-04-28,52790,2023-03-31,,10669000000,-0.034,,,,,319000000,0.008,376000000,-0.023,258000000,,-0.130,89.10,,,,,,14479000000,7223000000,0.499,2494.56,7223000000,,,,,25.00,,,,3064200,168303,2895903,false,false,12,2022-04-01,2023-03-31,0
2023-04-28,52790,2022-03-31,,11042000000,0.057,,,,,316000000,-0.121,385000000,-0.088,296000000,,-0.407,102.40,,,,,,13358000000,6981000000,0.523,2410.93,6981000000,,,,,25.00,,,,3064200,168225,2895982,false,false,12,2021-04-01,2022-03-31,-1
2023-04-28,52790,2024-03-31,,,,,,,,,,,,,,,,,,,,,,,,,,,,,,25.00,,,,,,,false,true,12,2023-04-01,2024-03-31,1
2023-07-28,52790,2024-03-31,1,2867000000,0.278,,,,,37000000,,53000000,,,14000000,,4.95,,,,,,14795000000,7471000000,0.492,,7279000000,,,,,,,,,,,,true,false,3,2023-04-01,2023-06-30,0
2023-07-28,52790,2023-03-31,1,2243000000,-0.088,,,,,-24000000,,-7000000,,,-8000000,,-3.03,,,,,,,,,,,,,,,,,,,,,,true,false,3,2022-04-01,2022-06-30,-1
2023-07-28,52790,2024-03-31,1,5500000000,0.184,,,,,25000000,,40000000,,,10000000,,3.45,,,,,,,,,,,,,,,,,,,,,,true,true,6,2023-04-01,2023-09-30,0
2023-07-28,52790,2024-03-31,1,12800000000,0.129,,,,,350000000,0.247,380000000,0.173,,240000000,,82.88,,,,,,,,,,,,,,,,,,,,,,true,true,12,2023-04-01,2024-03-31,0
2023-07-28,52790,2023-03-31,1,,,,,,,,,,,,,,,,,,,,15207000000,7484000000,0.480,,7305000000,,,,,,,,,,,,true,false,12,2022-04-01,2023-03-31,-1
2023-07-28,52790,2023-03-31,1,,,,,,,,,,,,,,,,,,,,,,,,,,,,,25.00,,,,3064200,168303,,false,false,12,2022-04-01,2023-03-31,-1
2023-07-28,52790,2024-03-31,1,,,,,,,,,,,,,,,,,,,,,,,,,,,,,25.00,,,,,,,false,true,12,2023-04-01,2024-03-31,0
2023-07-28,52790,2024-03-31,1,,,,,,,,,,,,,,,,,,,,,,,,,,,,,,,,,3064200,168363,2895867,false,false,3,2023-04-01,2023-06-30,0
2023-07-28,52790,2023-03-31,1,,,,,,,,,,,,,,,,,,,,,,,,,,,,,,,,,,,2895917,false,false,3,2022-04-01,2022-06-30,-1
2023-07-28,52790,2024-03-31,,5500000000,0.100,,,,,25000000,,40000000,,,10000000,,3.45,,,,,,,,,,,,,,,,,,,,,,true,true,6,2023-04-01,2023-09-30,0
2023-07-28,52790,2023-03-31,,4644000000,,,,,,-45000000,,-23000000,,,-25000000,,-8.78,,,,,,,,,,,,,,,,,,,,,,true,false,6,2022-04-01,2022-09-30,-1
2023-10-27,52790,2024-03-31,2,5920000000,0.275,,,,,56000000,,81000000,,,32000000,,11.30,,,,,,14381000000,7531000000,0.511,,7346000000,,,,,,,,,,,,true,false,6,2023-04-01,2023-09-30,0
2023-10-27,52790,2023-03-31,2,4644000000,-0.060,,,,,-45000000,,-23000000,,,-25000000,,-8.78,,,,,,,,,,,,,,,,,,,,,,true,false,6,2022-04-01,2022-09-30,-1
2023-10-27,52790,2024-03-31,2,13300000000,0.173,,,,,400000000,0.425,430000000,0.327,,260000000,,89.78,,,,,,,,,,,,,,,,,,,,,,true,true,12,2023-04-01,2024-03-31,0
2023-10-27,52790,2023-03-31,2,,,,,,,,,,,,,,,,,,,,15207000000,7484000000,0.480,,7305000000,,,,,,,,,,,,true,false,12,2022-04-01,2023-03-31,-1
2023-10-27,52790,2023-03-31,2,,,,,,,,,,,,,,,,,,,,,,,,,,,,,25.00,,,,3064200,168303,,false,false,12,2022-04-01,2023-03-31,-1
2023-10-27,52790,2024-03-31,2,,,,,,,,,,,,,,,,,,,,,,,,,,,,,0.00,,,,,,,false,false,12,2023-04-01,2024-03-31,0
2023-10-27,52790,2024-03-31,2,,,,,,,,,,,,,,,,,,,,,,,,,,,,,25.00,,,,,,,false,true,12,2023-04-01,2024-03-31,0
2023-10-27,52790,2024-03-31,2,,,,,,,,,,,,,,,,,,,,,,,,,,,,,,,,,3064200,168408,2895835,false,false,6,2023-04-01,2023-09-30,0
2023-10-27,52790,2023-03-31,2,,,,,,,,,,,,,,,,,,,,,,,,,,,,,,,,,,,2895908,false,false,6,2022-04-01,2022-09-30,-1
2024-01-26,52790,2024-03-31,3,9281000000,0.182,,,,,145000000,-0.121,186000000,-0.063,,91000000,,31.71,,,,,,14890000000,7588000000,0.497,,7398000000,,,,,,,,,,,,true,false,9,2023-04-01,2023-12-31,0
2024-01-26,52790,2023-03-31,3,7854000000,-0.034,,,,,165000000,-0.264,198000000,-0.243,,124000000,,43.16,,,,,,,,,,,,,,,,,,,,,,true,false,9,2022-04-01,2022-12-31,-1
2024-01-26,52790,2024-03-31,3,13300000000,0.173,,,,,400000000,0.425,430000000,0.327,,260000000,,89.78,,,,,,,,,,,,,,,,,,,,,,true,true,12,2023-04-01,2024-03-31,0
2024-01-26,52790,2023-03-31,3,,,,,,,,,,,,,,,,,,,,15207000000,7484000000,0.480,,7305000000,,,,,,,,,,,,true,false,12,2022-04-01,2023-03-31,-1
2024-01-26,52790,2023-03-31,3,,,,,,,,,,,,,,,,,,,,,,,,,,,,,25.00,,,,3064200,168303,,false,false,12,2022-04-01,2023-03-31,-1
2024-01-26,52790,2024-03-31,3,,,,,,,,,,,,,,,,,,,,,,,,,,,,,0.00,,,,,,,false,false,12,2023-04-01,2024-03-31,0
2024-01-26,52790,2024-03-31,3,,,,,,,,,,,,,,,,,,,,,,,,,,,,,25.00,,,,,,,false,true,12,2023-04-01,2024-03-31,0
2024-01-26,52790,2024-03-31,3,,,,,,,,,,,,,,,,,,,,,,,,,,,,,,,,,3064200,168488,2895798,false,false,9,2023-04-01,2023-12-31,0
2024-01-26,52790,2023-03-31,3,,,,,,,,,,,,,,,,,,,,,,,,,,,,,,,,,,,2895905,false,false,9,2022-04-01,2022-12-31,-1
2024-04-30,52790,2024-03-31,,13673000000,0.206,,,,,414000000,0.476,464000000,0.433,,295000000,,101.93,,0.039,0.030,0.030,,15618000000,7660000000,0.490,2645.66,7660000000,1255000000,-426000000,-816000000,1454000000,,0.294,,,,,,true,false,12,2023-04-01,2024-03-31,0
2024-04-30,52790,2023-03-31,,11336000000,-0.037,,,,,280000000,-0.229,323000000,-0.229,,198000000,,68.61,,0.027,0.022,0.025,,15207000000,7484000000,0.480,2522.54,7305000000,224000000,-735000000,581000000,1442000000,,0.364,,,,,,true,false,12,2022-04-01,2023-03-31,-1
2024-04-30,52790,2025-03-31,,6000000000,0.013,,,,,55000000,-0.025,70000000,-0.136,,35000000,,12.09,,,,,,,,,,,,,,,,,,,,,,true,true,6,2024-04-01,2024-09-30,1
2024-04-30,52790,2025-03-31,,13700000000,0.002,,,,,430000000,0.038,470000000,0.012,,300000000,,103.60,,,,,,,,,,,,,,,,0.290,,,,,,true,true,12,2024-04-01,2025-03-31,1
2024-04-30,52790,2024-03-31,,11375000000,0.066,,,,,294000000,-0.078,346000000,-0.081,243000000,,-0.057,84.00,,,,,,15177000000,7483000000,0.493,2584.36,7483000000,,,,,30.00,,,,3064200,168568,2895760,false,false,12,2023-04-01,2024-03-31,0
2024-04-30,52790,2023-03-31,,10669000000,-0.034,,,,,319000000,0.008,376000000,-0.023,258000000,,-0.130,89.10,,,,,,14479000000,7223000000,0.499,2494.56,7223000000,,,,,25.00,,,,3064200,168303,2895903,false,false,12,2022-04-01,2023-03-31,-1
2024-04-30,52790,2025-03-31,,,,,,,,,,,,,,,,,,,,,,,,,,,,,,30.00,,,,,,,false,true,12,2024-04-01,2025-03-31,1
2024-07-26,52790,2025-03-31,1,2801000000,-0.023,,,,,-61000000,,-37000000,,,-48000000,,-16.63,,,,,,14971000000,7531000000,0.503,,7531000000,,,,,,,,,,,,true,false,3,2024-04-01,2024-06-30,0
2024-07-26,52790,2024-03-31,1,2867000000,0.278,,,,,37000000,,53000000,,,14000000,,4.95,,,,,,,,,,,,,,,,,,,,,,true,false,3,2023-04-01,2023-06-30,-1
2024-07-26,52790,2025-03-31,1,6000000000,0.013,,,,,55000000,-0.025,70000000,-0.136,,35000000,,12.09,,,,,,,,,,,,,,,,,,,,,,true,true,6,2024-04-01,2024-09-30,0
2024-07-26,52790,2025-03-31,1,13700000000,0.002,,,,,430000000,0.038,470000000,0.012,,300000000,,103.60,,,,,,,,,,,,,,,,,,,,,,true,true,12,2024-04-01,2025-03-31,0
2024-07-26,52790,2024-03-31,1,,,,,,,,,,,,,,,,,,,,15618000000,7660000000,0.490,,7660000000,,,,,,,,,,,,true,false,12,2023-04-01,2024-03-31,-1
2024-07-26,52790,2024-03-31,1,,,,,,,,,,,,,,,,,,,,,,,,,,,,,30.00,,,,3064200,168568,,false,false,12,2023-04-01,2024-03-31,-1
2024-07-26,52790,2025-03-31,1,,,,,,,,,,,,,,,,,,,,,,,,,,,,,30.00,,,,,,,false,true,12,2024-04-01,2025-03-31,0
2024-07-26,52790,2025-03-31,1,,,,,,,,,,,,,,,,,,,,,,,,,,,,,,,,,3064200,168568,2895632,false,false,3,2024-04-01,2024-06-30,0
2024-07-26,52790,2024-03-31,1,,,,,,,,,,,,,,,,,,,,,,,,,,,,,,,,,,,2895867,false,false,3,2023-04-01,2023-06-30,-1
2024-10-28,52790,2025-03-31,2,5670000000,-0.042,,,,,-89000000,,-60000000,,,-63000000,,-21.89,,,,,,15071000000,7506000000,0.498,,7506000000,,,,,,,,,,,,true,false,6,2024-04-01,2024-09-30,0
2024-10-28,52790,2024-03-31,2,5920000000,0.275,,,,,56000000,,81000000,,,32000000,,11.30,,,,,,,,,,,,,,,,,,,,,,true,false,6,2023-04-01,2023-09-30,-1
2024-10-28,52790,2025-03-31,2,13700000000,0.002,,,,,430000000,0.038,470000000,0.012,,300000000,,103.48,,,,,,,,,,,,,,,,,,,,,,true,true,12,2024-04-01,2025-03-31,0
2024-10-28,52790,2024-03-31,2,,,,,,,,,,,,,,,,,,,,15618000000,7660000000,0.490,,7660000000,,,,,,,,,,,,true,false,12,2023-04-01,2024-03-31,-1
2024-10-28,52790,2024-03-31,2,,,,,,,,,,,,,,,,,,,,,,,,,,,,,30.00,,,,3064200,168568,,false,false,12,2023-04-01,2024-03-31,-1
2024-10-28,52790,2025-03-31,2,,,,,,,,,,,,,,,,,,,,,,,,,,,,,0.00,,,,,,,false,false,12,2024-04-01,2025-03-31,0
2024-10-28,52790,2025-03-31,2,,,,,,,,,,,,,,,,,,,,,,,,,,,,,30.00,,,,,,,false,true,12,2024-04-01,2025-03-31,0
2024-10-28,52790,2025-03-31,2,,,,,,,,,,,,,,,,,,,,,,,,,,,,,,,,,3064200,160568,2899061,false,false,6,2024-04-01,2024-09-30,0
2024-10-28,52790,2024-03-31,2,,,,,,,,,,,,,,,,,,,,,,,,,,,,,,,,,,,2895835,false,false,6,2023-04-01,2023-09-30,-1
2025-01-24,52790,2025-03-31,3,9860000000,0.062,,,,,258000000,0.781,296000000,0.592,,177000000,,61.11,,,,,,15983000000,7741000000,0.484,,7741000000,,,,,,,,,,,,true,false,9,2024-04-01,2024-12-31,0
2025-01-24,52790,2024-03-31,3,9281000000,0.182,,,,,145000000,-0.121,186000000,-0.063,,91000000,,31.71,,,,,,,,,,,,,,,,,,,,,,true,false,9,2023-04-01,2023-12-31,-1
2025-01-24,52790,2025-03-31,3,13700000000,0.002,,,,,430000000,0.038,470000000,0.012,,300000000,,103.48,,,,,,,,,,,,,,,,,,,,,,true,true,12,2024-04-01,2025-03-31,0
2025-01-24,52790,2024-03-31,3,,,,,,,,,,,,,,,,,,,,15618000000,7660000000,0.490,,7660000000,,,,,,,,,,,,true,false,12,2023-04-01,2024-03-31,-1
2025-01-24,52790,2024-03-31,3,,,,,,,,,,,,,,,,,,,,,,,,,,,,,30.00,,,,3064200,168568,,false,false,12,2023-04-01,2024-03-31,-1
2025-01-24,52790,2025-03-31,3,,,,,,,,,,,,,,,,,,,,,,,,,,,,,0.00,,,,,,,false,false,12,2024-04-01,2025-03-31,0
2025-01-24,52790,2025-03-31,3,,,,,,,,,,,,,,,,,,,,,,,,,,,,,30.00,,,,,,,false,true,12,2024-04-01,2025-03-31,0
2025-01-24,52790,2025-03-31,3,,,,,,,,,,,,,,,,,,,,,,,,,,,,,,,,,3064200,160568,2900432,false,false,9,2024-04-01,2024-12-31,0
2025-01-24,52790,2024-03-31,3,,,,,,,,,,,,,,,,,,,,,,,,,,,,,,,,,,,2895798,false,false,9,2023-04-01,2023-12-31,-1
2025-04-24,52790,2025-03-31,,14700000000,0.073,,,,,590000000,0.372,640000000,0.362,390000000,,0.300,134.43,,,,,,,,,,,,,,,,,,,,,,true,true,12,2024-04-01,2025-03-31,0
2025-04-24,52790,2024-03-31,,13673000000,,,,,,414000000,,464000000,,295000000,,,101.93,,,,,,,,,,,,,,,,,,,,,,true,false,12,2023-04-01,2024-03-31,-1
2025-04-24,52790,2025-03-31,,,,,,,,,,,,,,,,,,,,,,,,,,,,,,40.00,,,,,,,false,true,12,2024-04-01,2025-03-31,0
2025-04-24,52790,2025-03-31,,,,,,,,,,,,,,,,,,,,,,,,,,,,,,0.00,,,,,,,false,false,12,2024-04-01,2025-03-31,0
2025-04-24,52790,2024-03-31,,,,,,,,,,,,,,,,,,,,,,,,,,,,,,30.00,,,,,,,false,false,12,2023-04-01,2024-03-31,-1
2025-04-28,52790,2025-03-31,,14746000000,0.078,,,,,594000000,0.435,640000000,0.380,,393000000,,135.70,,0.051,0.040,0.040,,16209000000,7913000000,0.488,2725.37,7913000000,665000000,-310000000,-342000000,1467000000,,0.295,,,,,,true,false,12,2024-04-01,2025-03-31,0
2025-04-28,52790,2024-03-31,,13673000000,0.206,,,,,414000000,0.476,464000000,0.433,,295000000,,101.93,,0.039,0.030,0.030,,15618000000,7660000000,0.490,2645.66,7660000000,1255000000,-426000000,-816000000,1454000000,,0.294,,,,,,true,false,12,2023-04-01,2024-03-31,-1
2025-04-28,52790,2026-03-31,,6500000000,0.146,,,,,70000000,,80000000,,,40000000,,13.78,,,,,,,,,,,,,,,,,,,,,,true,true,6,2025-04-01,2025-09-30,1
2025-04-28,52790,2026-03-31,,14800000000,0.004,,,,,610000000,0.026,650000000,0.015,,420000000,,144.65,,,,,,,,,,,,,,,,0.327,,,,,,true,true,12,2025-04-01,2026-03-31,1
2025-04-28,52790,2025-03-31,,12410000000,0.091,,,,,432000000,0.467,530000000,0.530,351000000,,0.445,121.11,,,,,,15676000000,7749000000,0.494,2668.97,7749000000,,,,,40.00,,,,3064200,160568,2901170,false,false,12,2024-04-01,2025-03-31,0
2025-04-28,52790,2024-03-31,,11375000000,0.066,,,,,294000000,-0.078,346000000,-0.081,243000000,,-0.057,84.00,,,,,,15177000000,7483000000,0.493,2584.36,7483000000,,,,,30.00,,,,3064200,168568,2895760,false,false,12,2023-04-01,2024-03-31,-1
2025-04-28,52790,2026-03-31,,,,,,,,,,,,,,,,,,,,,,,,,,,,,,45.00,,,,,,,false,true,12,2025-04-01,2026-03-31,1
