filing_date,code,fiscal_year_end,quarterly_period,net_sales,net_sales_change,revenue,revenue_change,operating_revenue,operating_revenue_change,operating_profit,operating_profit_change,ordinary_profit,ordinary_profit_change,net_income,net_income_of_parent,net_income_change,eps,diluted_eps,roe,roa,operating_profit_to_net_sales,operating_profit_to_revenue,total_assets,net_assets,equity_ratio,bps,owner_equity,operating_cash_flow,investing_cash_flow,financing_cash_flow,cash,dividend_per_share,payout_ratio,commemorative_dividend,extra_dividend,number_of_shares,number_of_treqsury_shares,avg_number_of_shares,is_consolidated,is_forecast,duration,period_start,period_end,period_pos
2015-07-31,52800,2016-03-31,1,2843000000,0.053,,,,,218000000,0.038,240000000,0.186,,147000000,,19.90,,,,,,25965000000,12875000000,0.496,,12871000000,,,,,,,,,,,,true,false,3,2015-04-01,2015-06-30,0
2015-07-31,52800,2015-03-31,1,2701000000,0.014,,,,,210000000,1.505,202000000,1.133,,130000000,,17.73,,,,,,,,,,,,,,,,,,,,,,true,false,3,2014-04-01,2014-06-30,-1
2015-07-31,52800,2016-03-31,1,7000000000,0.054,,,,,700000000,0.054,700000000,0.042,,450000000,,60.91,,,,,,,,,,,,,,,,,,,,,,true,true,6,2015-04-01,2015-09-30,0
2015-07-31,52800,2016-03-31,1,22000000000,0.044,,,,,2850000000,0.034,2850000000,0.020,,1750000000,,236.87,,,,,,,,,,,,,,,,,,,,,,true,true,12,2015-04-01,2016-03-31,0
2015-07-31,52800,2015-03-31,1,,,,,,,,,,,,,,,,,,,,23008000000,12857000000,0.559,,12854000000,,,,,,,,,,,,true,false,12,2014-04-01,2015-03-31,-1
2015-07-31,52800,2015-03-31,1,,,,,,,,,,,,,,,,,,,,,,,,,,,,,20.00,,,,8030248,609038,,false,false,12,2014-04-01,2015-03-31,-1
2015-07-31,52800,2016-03-31,1,,,,,,,,,,,,,,,,,,,,,,,,,,,,,22.00,,,,,,,false,true,12,2015-04-01,2016-03-31,0
2015-07-31,52800,2016-03-31,1,,,,,,,,,,,,,,,,,,,,,,,,,,,,,,,,,8030248,609038,7421210,false,false,3,2015-04-01,2015-06-30,0
2015-07-31,52800,2015-03-31,1,,,,,,,,,,,,,,,,,,,,,,,,,,,,,,,,,,,7359311,false,false,3,2014-04-01,2014-06-30,-1
2015-10-30,52800,2016-03-31,2,7337000000,0.105,,,,,651000000,-0.020,679000000,0.012,,428000000,,57.81,,,,,,26624000000,13113000000,0.492,,13108000000,,,,,,,,,,,,true,false,6,2015-04-01,2015-09-30,0
2015-10-30,52800,2015-03-31,2,6640000000,-0.093,,,,,664000000,-0.077,671000000,-0.060,,432000000,,58.78,,,,,,,,,,,,,,,,,,,,,,true,false,6,2014-04-01,2014-09-30,-1
2015-10-30,52800,2016-03-31,2,22000000000,0.044,,,,,2850000000,0.034,2850000000,0.020,,1750000000,,236.87,,,,,,,,,,,,,,,,,,,,,,true,true,12,2015-04-01,2016-03-31,0
2015-10-30,52800,2015-03-31,2,,,,,,,,,,,,,,,,,,,,23008000000,12857000000,0.559,,12854000000,,,,,,,,,,,,true,false,12,2014-04-01,2015-03-31,-1
2015-10-30,52800,2015-03-31,2,,,,,,,,,,,,,,,,,,,,,,,,,,,,,20.00,,,,8030248,609038,,false,false,12,2014-04-01,2015-03-31,-1
2015-10-30,52800,2016-03-31,2,,,,,,,,,,,,,,,,,,,,,,,,,,,,,0.00,,,,,,,false,false,12,2015-04-01,2016-03-31,0
2015-10-30,52800,2016-03-31,2,,,,,,,,,,,,,,,,,,,,,,,,,,,,,22.00,,,,,,,false,true,12,2015-04-01,2016-03-31,0
2015-10-30,52800,2016-03-31,2,,,,,,,,,,,,,,,,,,,,,,,,,,,,,,,,,8030248,621938,7417524,false,false,6,2015-04-01,2015-09-30,0
2015-10-30,52800,2015-03-31,2,,,,,,,,,,,,,,,,,,,,,,,,,,,,,,,,,,,7359548,false,false,6,2014-04-01,2014-09-30,-1
2016-01-29,52800,2016-03-31,3,12445000000,0.308,,,,,1185000000,0.624,1226000000,0.650,,864000000,,116.69,,,,,,28081000000,13477000000,0.480,,13473000000,,,,,,,,,,,,true,false,9,2015-04-01,2015-12-31,0
2016-01-29,52800,2015-03-31,3,9511000000,-0.179,,,,,730000000,-0.293,743000000,-0.274,,472000000,,64.02,,,,,,,,,,,,,,,,,,,,,,true,false,9,2014-04-01,2014-12-31,-1
2016-01-29,52800,2016-03-31,3,22000000000,0.044,,,,,2850000000,0.034,2850000000,0.020,,1750000000,,236.87,,,,,,,,,,,,,,,,,,,,,,true,true,12,2015-04-01,2016-03-31,0
2016-01-29,52800,2015-03-31,3,,,,,,,,,,,,,,,,,,,,23008000000,12857000000,0.559,,12854000000,,,,,,,,,,,,true,false,12,2014-04-01,2015-03-31,-1
2016-01-29,52800,2015-03-31,3,,,,,,,,,,,,,,,,,,,,,,,,,,,,,20.00,,,,8030248,609038,,false,false,12,2014-04-01,2015-03-31,-1
2016-01-29,52800,2016-03-31,3,,,,,,,,,,,,,,,,,,,,,,,,,,,,,0.00,,,,,,,false,false,12,2015-04-01,2016-03-31,0
2016-01-29,52800,2016-03-31,3,,,,,,,,,,,,,,,,,,,,,,,,,,,,,22.00,,,,,,,false,true,12,2015-04-01,2016-03-31,0
2016-01-29,52800,2016-03-31,3,,,,,,,,,,,,,,,,,,,,,,,,,,,,,,,,,8030248,688038,7406000,false,false,9,2015-04-01,2015-12-31,0
2016-01-29,52800,2015-03-31,3,,,,,,,,,,,,,,,,,,,,,,,,,,,,,,,,,,,7378060,false,false,9,2014-04-01,2014-12-31,-1
2016-04-28,52800,2016-03-31,,19122000000,-0.092,,,,,2078000000,-0.246,2125000000,-0.239,,1687000000,,228.52,,0.125,0.085,0.109,,26810000000,14216000000,0.530,1946.70,14211000000,-7275000000,-43000000,5362000000,1006000000,,0.105,,,,,,true,false,12,2015-04-01,2016-03-31,0
2016-04-28,52800,2015-03-31,,21069000000,0.124,,,,,2756000000,0.193,2793000000,0.217,,1719000000,,232.74,,0.143,0.129,0.131,,23008000000,12857000000,0.559,1732.08,12854000000,3381000000,-787000000,-1274000000,2963000000,,0.086,,,,,,true,false,12,2014-04-01,2015-03-31,-1
2016-04-28,52800,2017-03-31,,8500000000,0.158,,,,,900000000,0.382,900000000,0.324,,550000000,,76.01,,,,,,,,,,,,,,,,,,,,,,true,true,6,2016-04-01,2016-09-30,1
2016-04-28,52800,2017-03-31,,25000000000,0.307,,,,,3500000000,0.684,3500000000,0.647,,2050000000,,286.24,,,,,,,,,,,,,,,,0.094,,,,,,true,true,12,2016-04-01,2017-03-31,1
2016-04-28,52800,2015-03-31,,,,,,,,,,,,,,,,,,,,,,,,,,,,,,20.00,,,,8030248,609038,7388017,false,false,12,2014-04-01,2015-03-31,-1
2016-04-28,52800,2016-03-31,,,,,,,,,,,,,,,,,,,,,,,,,,,,,,24.00,,,,8030248,729871,7385358,false,false,12,2015-04-01,2016-03-31,0
2016-04-28,52800,2017-03-31,,,,,,,,,,,,,,,,,,,,,,,,,,,,,,27.00,,,,,,,false,true,12,2016-04-01,2017-03-31,1
2016-07-29,52800,2017-03-31,1,3288000000,0.156,,,,,196000000,-0.103,204000000,-0.147,,135000000,,18.63,,,,,,27353000000,14071000000,0.514,,14066000000,,,,,,,,,,,,true,false,3,2016-04-01,2016-06-30,0
2016-07-29,52800,2016-03-31,1,2843000000,0.053,,,,,218000000,0.038,240000000,0.186,,147000000,,19.90,,,,,,,,,,,,,,,,,,,,,,true,false,3,2015-04-01,2015-06-30,-1
2016-07-29,52800,2017-03-31,1,8500000000,0.158,,,,,900000000,0.382,900000000,0.324,,550000000,,76.01,,,,,,,,,,,,,,,,,,,,,,true,true,6,2016-04-01,2016-09-30,0
2016-07-29,52800,2017-03-31,1,25000000000,0.307,,,,,3500000000,0.684,3500000000,0.647,,2050000000,,286.24,,,,,,,,,,,,,,,,,,,,,,true,true,12,2016-04-01,2017-03-31,0
2016-07-29,52800,2016-03-31,1,,,,,,,,,,,,,,,,,,,,26810000000,14216000000,0.530,,14211000000,,,,,,,,,,,,true,false,12,2015-04-01,2016-03-31,-1
2016-07-29,52800,2016-03-31,1,,,,,,,,,,,,,,,,,,,,,,,,,,,,,24.00,,,,8030248,729871,,false,false,12,2015-04-01,2016-03-31,-1
2016-07-29,52800,2017-03-31,1,,,,,,,,,,,,,,,,,,,,,,,,,,,,,27.00,,,,,,,false,true,12,2016-04-01,2017-03-31,0
2016-07-29,52800,2017-03-31,1,,,,,,,,,,,,,,,,,,,,,,,,,,,,,,,,,8030248,809106,7260750,false,false,3,2016-04-01,2016-06-30,0
2016-07-29,52800,2016-03-31,1,,,,,,,,,,,,,,,,,,,,,,,,,,,,,,,,,,,7421210,false,false,3,2015-04-01,2015-06-30,-1
2016-10-31,52800,2017-03-31,2,8342000000,0.137,,,,,1315000000,1.021,1314000000,0.934,,841000000,,116.20,,,,,,27792000000,14791000000,0.532,,14786000000,,,,,,,,,,,,true,false,6,2016-04-01,2016-09-30,0
2016-10-31,52800,2016-03-31,2,7337000000,0.105,,,,,651000000,-0.020,679000000,0.012,,428000000,,57.81,,,,,,,,,,,,,,,,,,,,,,true,false,6,2015-04-01,2015-09-30,-1
2016-10-31,52800,2017-03-31,2,25000000000,0.307,,,,,3500000000,0.684,3500000000,0.647,,2050000000,,286.24,,,,,,,,,,,,,,,,,,,,,,true,true,12,2016-04-01,2017-03-31,0
2016-10-31,52800,2016-03-31,2,,,,,,,,,,,,,,,,,,,,26810000000,14216000000,0.530,,14211000000,,,,,,,,,,,,true,false,12,2015-04-01,2016-03-31,-1
2016-10-31,52800,2016-03-31,2,,,,,,,,,,,,,,,,,,,,,,,,,,,,,24.00,,,,8030248,729871,,false,false,12,2015-04-01,2016-03-31,-1
2016-10-31,52800,2017-03-31,2,,,,,,,,,,,,,,,,,,,,,,,,,,,,,0.00,,,,,,,false,false,12,2016-04-01,2017-03-31,0
2016-10-31,52800,2017-03-31,2,,,,,,,,,,,,,,,,,,,,,,,,,,,,,27.00,,,,,,,false,true,12,2016-04-01,2017-03-31,0
2016-10-31,52800,2017-03-31,2,,,,,,,,,,,,,,,,,,,,,,,,,,,,,,,,,8030248,809106,7243775,false,false,6,2016-04-01,2016-09-30,0
2016-10-31,52800,2016-03-31,2,,,,,,,,,,,,,,,,,,,,,,,,,,,,,,,,,,,7417524,false,false,6,2015-04-01,2015-09-30,-1
2017-01-31,52800,2017-03-31,3,10407000000,-0.164,,,,,1289000000,0.088,1289000000,0.051,,825000000,,114.10,,,,,,30751000000,14819000000,0.482,,14814000000,,,,,,,,,,,,true,false,9,2016-04-01,2016-12-31,0
2017-01-31,52800,2016-03-31,3,12445000000,0.308,,,,,1185000000,0.624,1226000000,0.650,,864000000,,116.69,,,,,,,,,,,,,,,,,,,,,,true,false,9,2015-04-01,2015-12-31,-1
2017-01-31,52800,2017-03-31,3,25000000000,0.307,,,,,3500000000,0.684,3500000000,0.647,,2050000000,,286.24,,,,,,,,,,,,,,,,,,,,,,true,true,12,2016-04-01,2017-03-31,0
2017-01-31,52800,2016-03-31,3,,,,,,,,,,,,,,,,,,,,26810000000,14216000000,0.530,,14211000000,,,,,,,,,,,,true,false,12,2015-04-01,2016-03-31,-1
2017-01-31,52800,2016-03-31,3,,,,,,,,,,,,,,,,,,,,,,,,,,,,,24.00,,,,8030248,729871,,false,false,12,2015-04-01,2016-03-31,-1
2017-01-31,52800,2017-03-31,3,,,,,,,,,,,,,,,,,,,,,,,,,,,,,0.00,,,,,,,false,false,12,2016-04-01,2017-03-31,0
2017-01-31,52800,2017-03-31,3,,,,,,,,,,,,,,,,,,,,,,,,,,,,,27.00,,,,,,,false,true,12,2016-04-01,2017-03-31,0
2017-01-31,52800,2017-03-31,3,,,,,,,,,,,,,,,,,,,,,,,,,,,,,,,,,8030248,809106,7236985,false,false,9,2016-04-01,2016-12-31,0
2017-01-31,52800,2016-03-31,3,,,,,,,,,,,,,,,,,,,,,,,,,,,,,,,,,,,7406000,false,false,9,2015-04-01,2015-12-31,-1
2017-04-21,52800,2017-03-31,,19212000000,-0.232,,,,,2924000000,-0.164,3200000000,-0.085,,1950000000,,269.71,,,,,,,,,,,,,,,,,,,,,,true,true,12,2016-04-01,2017-03-31,0
2017-04-21,52800,2016-03-31,,19122000000,,,,,,2078000000,,2125000000,,,1687000000,,228.52,,,,,,,,,,,,,,,,,,,,,,true,false,12,2015-04-01,2016-03-31,-1
2017-04-21,52800,2017-03-31,,,,,,,,,,,,,,,,,,,,,,,,,,,,,,30.00,,,,,,,false,true,12,2016-04-01,2017-03-31,0
2017-04-21,52800,2017-03-31,,,,,,,,,,,,,,,,,,,,,,,,,,,,,,0.00,,,,,,,false,false,12,2016-04-01,2017-03-31,0
2017-04-21,52800,2016-03-31,,,,,,,,,,,,,,,,,,,,,,,,,,,,,,24.00,,,,,,,false,false,12,2015-04-01,2016-03-31,-1
2017-04-28,52800,2017-03-31,,19212000000,0.005,,,,,2924000000,0.407,3200000000,0.506,,1950000000,,269.71,,0.129,0.103,0.152,,35396000000,15962000000,0.451,2209.71,15956000000,-2178000000,206000000,2411000000,1447000000,,0.119,,,,,,true,false,12,2016-04-01,2017-03-31,0
2017-04-28,52800,2016-03-31,,19122000000,-0.092,,,,,2078000000,-0.246,2125000000,-0.239,,1687000000,,228.52,,0.125,0.085,0.109,,26810000000,14216000000,0.530,1946.70,14211000000,-7275000000,-43000000,5362000000,1006000000,,0.105,,,,,,true,false,12,2015-04-01,2016-03-31,-1
2017-04-28,52800,2018-03-31,,8000000000,-0.041,,,,,850000000,-0.354,850000000,-0.353,,570000000,,78.80,,,,,,,,,,,,,,,,,,,,,,true,true,6,2017-04-01,2017-09-30,1
2017-04-28,52800,2018-03-31,,22000000000,0.145,,,,,3300000000,0.128,3300000000,0.031,,2100000000,,290.32,,,,,,,,,,,,,,,,,,,,,,true,true,12,2017-04-01,2018-03-31,1
2017-04-28,52800,2017-03-31,,18531000000,-0.015,,,,,2719000000,0.390,2999000000,0.503,1829000000,,0.140,252.92,,,,,,34018000000,15345000000,0.451,2125.05,15345000000,,,,,32.00,,,,8030248,809106,7233329,false,false,12,2016-04-01,2017-03-31,0
2017-04-28,52800,2016-03-31,,18819000000,-0.091,,,,,1956000000,-0.241,1995000000,-0.236,1604000000,,0.001,217.27,,,,,,25551000000,13721000000,0.537,1879.60,13721000000,,,,,24.00,,,,8030248,729871,7385358,false,false,12,2015-04-01,2016-03-31,-1
2017-04-28,52800,2018-03-31,,,,,,,,,,,,,,,,,,,,,,,,,,,,,,36.00,,,,,,,false,true,12,2017-04-01,2018-03-31,1
2017-07-31,52800,2018-03-31,1,3243000000,-0.014,,,,,152000000,-0.224,153000000,-0.252,,106000000,,14.70,,,,,,34278000000,15862000000,0.463,,15856000000,,,,,,,,,,,,true,false,3,2017-04-01,2017-06-30,0
2017-07-31,52800,2017-03-31,1,3288000000,0.156,,,,,196000000,-0.103,204000000,-0.147,,135000000,,18.63,,,,,,,,,,,,,,,,,,,,,,true,false,3,2016-04-01,2016-06-30,-1
2017-07-31,52800,2018-03-31,1,8000000000,-0.041,,,,,850000000,-0.354,850000000,-0.353,,570000000,,78.80,,,,,,,,,,,,,,,,,,,,,,true,true,6,2017-04-01,2017-09-30,0
2017-07-31,52800,2018-03-31,1,22000000000,0.145,,,,,3300000000,0.128,3300000000,0.031,,2100000000,,290.32,,,,,,,,,,,,,,,,,,,,,,true,true,12,2017-04-01,2018-03-31,0
2017-07-31,52800,2017-03-31,1,,,,,,,,,,,,,,,,,,,,35396000000,15962000000,0.451,,15956000000,,,,,,,,,,,,true,false,12,2016-04-01,2017-03-31,-1
2017-07-31,52800,2017-03-31,1,,,,,,,,,,,,,,,,,,,,,,,,,,,,,32.00,,,,8030248,809106,,false,false,12,2016-04-01,2017-03-31,-1
2017-07-31,52800,2018-03-31,1,,,,,,,,,,,,,,,,,,,,,,,,,,,,,36.00,,,,,,,false,true,12,2017-04-01,2018-03-31,0
2017-07-31,52800,2018-03-31,1,,,,,,,,,,,,,,,,,,,,,,,,,,,,,,,,,8030248,809106,7221142,false,false,3,2017-04-01,2017-06-30,0
2017-07-31,52800,2017-03-31,1,,,,,,,,,,,,,,,,,,,,,,,,,,,,,,,,,,,7260750,false,false,3,2016-04-01,2016-06-30,-1
2017-10-27,52800,2018-03-31,,10503000000,0.313,,,,,1584000000,0.864,1593000000,0.875,,1082000000,,149.94,,,,,,,,,,,,,,,,,,,,,,true,true,6,2017-04-01,2017-09-30,0
2017-10-27,52800,2017-03-31,,8342000000,,,,,,1315000000,,1314000000,,,841000000,,116.20,,,,,,,,,,,,,,,,,,,,,,true,false,6,2016-04-01,2016-09-30,-1
2017-10-31,52800,2018-03-31,2,10503000000,0.259,,,,,1600000000,0.217,1593000000,0.212,,1082000000,,149.94,,,,,,32172000000,16831000000,0.523,,16831000000,,,,,,,,,,,,true,false,6,2017-04-01,2017-09-30,0
2017-10-31,52800,2017-03-31,2,8342000000,0.137,,,,,1315000000,1.021,1314000000,0.934,,841000000,,116.20,,,,,,,,,,,,,,,,,,,,,,true,false,6,2016-04-01,2016-09-30,-1
2017-10-31,52800,2018-03-31,2,22000000000,0.145,,,,,3300000000,0.128,3300000000,0.031,,2100000000,,290.32,,,,,,,,,,,,,,,,,,,,,,true,true,12,2017-04-01,2018-03-31,0
2017-10-31,52800,2017-03-31,2,,,,,,,,,,,,,,,,,,,,35396000000,15962000000,0.451,,15956000000,,,,,,,,,,,,true,false,12,2016-04-01,2017-03-31,-1
2017-10-31,52800,2017-03-31,2,,,,,,,,,,,,,,,,,,,,,,,,,,,,,32.00,,,,8030248,809106,,false,false,12,2016-04-01,2017-03-31,-1
2017-10-31,52800,2018-03-31,2,,,,,,,,,,,,,,,,,,,,,,,,,,,,,0.00,,,,,,,false,false,12,2017-04-01,2018-03-31,0
2017-10-31,52800,2018-03-31,2,,,,,,,,,,,,,,,,,,,,,,,,,,,,,36.00,,,,,,,false,true,12,2017-04-01,2018-03-31,0
2017-10-31,52800,2018-03-31,2,,,,,,,,,,,,,,,,,,,,,,,,,,,,,,,,,8030248,811006,7220770,false,false,6,2017-04-01,2017-09-30,0
2017-10-31,52800,2017-03-31,2,,,,,,,,,,,,,,,,,,,,,,,,,,,,,,,,,,,7243775,false,false,6,2016-04-01,2016-09-30,-1
2018-01-31,52800,2018-03-31,3,13788000000,0.325,,,,,1699000000,0.317,1696000000,0.315,,1263000000,,175.04,,,,,,31018000000,17055000000,0.550,,17055000000,,,,,,,,,,,,true,false,9,2017-04-01,2017-12-31,0
2018-01-31,52800,2017-03-31,3,10407000000,-0.164,,,,,1289000000,0.088,1289000000,0.051,,825000000,,114.10,,,,,,,,,,,,,,,,,,,,,,true,false,9,2016-04-01,2016-12-31,-1
2018-01-31,52800,2018-03-31,3,22000000000,0.145,,,,,3300000000,0.128,3300000000,0.031,,2100000000,,290.32,,,,,,,,,,,,,,,,,,,,,,true,true,12,2017-04-01,2018-03-31,0
2018-01-31,52800,2017-03-31,3,,,,,,,,,,,,,,,,,,,,35396000000,15962000000,0.451,,15956000000,,,,,,,,,,,,true,false,12,2016-04-01,2017-03-31,-1
2018-01-31,52800,2017-03-31,3,,,,,,,,,,,,,,,,,,,,,,,,,,,,,32.00,,,,8030248,809106,,false,false,12,2016-04-01,2017-03-31,-1
2018-01-31,52800,2018-03-31,3,,,,,,,,,,,,,,,,,,,,,,,,,,,,,0.00,,,,,,,false,false,12,2017-04-01,2018-03-31,0
2018-01-31,52800,2018-03-31,3,,,,,,,,,,,,,,,,,,,,,,,,,,,,,36.00,,,,,,,false,true,12,2017-04-01,2018-03-31,0
2018-01-31,52800,2018-03-31,3,,,,,,,,,,,,,,,,,,,,,,,,,,,,,,,,,8030248,811071,7220299,false,false,9,2017-04-01,2017-12-31,0
2018-01-31,52800,2017-03-31,3,,,,,,,,,,,,,,,,,,,,,,,,,,,,,,,,,,,7236985,false,false,9,2016-04-01,2016-12-31,-1
2018-04-27,52800,2018-03-31,,21823000000,0.136,,,,,3166000000,0.083,3174000000,-0.008,,2184000000,,302.53,,0.129,0.096,0.145,,30659000000,17945000000,0.585,2487.22,17945000000,2949000000,-232000000,-3243000000,920000000,,0.126,,,,,,true,false,12,2017-04-01,2018-03-31,0
2018-04-27,52800,2017-03-31,,19212000000,0.005,,,,,2924000000,0.407,3200000000,0.506,,1950000000,,269.71,,0.129,0.103,0.152,,35396000000,15962000000,0.451,2209.71,15956000000,-2178000000,206000000,2411000000,1447000000,,0.119,,,,,,true,false,12,2016-04-01,2017-03-31,-1
2018-04-27,52800,2019-03-31,,7000000000,-0.334,,,,,600000000,-0.625,600000000,-0.624,,400000000,,55.41,,,,,,,,,,,,,,,,,,,,,,true,true,6,2018-04-01,2018-09-30,1
2018-04-27,52800,2019-03-31,,24000000000,0.100,,,,,3500000000,0.105,3500000000,0.103,,2200000000,,304.73,,,,,,,,,,,,,,,,0.138,,,,,,true,true,12,2018-04-01,2019-03-31,1
2018-04-27,52800,2018-03-31,,21024000000,0.135,,,,,3028000000,0.114,3032000000,0.011,2052000000,,0.122,284.31,,,,,,29399000000,17207000000,0.585,2384.95,17207000000,,,,,38.00,,,,8030248,815071,7219424,false,false,12,2017-04-01,2018-03-31,0
2018-04-27,52800,2017-03-31,,18531000000,-0.015,,,,,2719000000,0.390,2999000000,0.503,1829000000,,0.140,252.92,,,,,,34018000000,15345000000,0.451,2125.05,15345000000,,,,,32.00,,,,8030248,809106,7233329,false,false,12,2016-04-01,2017-03-31,-1
2018-04-27,52800,2019-03-31,,,,,,,,,,,,,,,,,,,,,,,,,,,,,,42.00,,,,,,,false,true,12,2018-04-01,2019-03-31,1
2018-07-31,52800,2019-03-31,1,3128000000,-0.035,,,,,-1000000,,6000000,-0.954,,13000000,,1.81,,,,,,33124000000,17695000000,0.534,,17695000000,,,,,,,,,,,,true,false,3,2018-04-01,2018-06-30,0
2018-07-31,52800,2018-03-31,1,3243000000,-0.014,,,,,152000000,-0.224,153000000,-0.252,,106000000,,14.70,,,,,,,,,,,,,,,,,,,,,,true,false,3,2017-04-01,2017-06-30,-1
2018-07-31,52800,2019-03-31,1,7000000000,-0.334,,,,,600000000,-0.625,600000000,-0.624,,400000000,,55.41,,,,,,,,,,,,,,,,,,,,,,true,true,6,2018-04-01,2018-09-30,0
2018-07-31,52800,2019-03-31,1,24000000000,0.100,,,,,3500000000,0.105,3500000000,0.103,,2200000000,,304.73,,,,,,,,,,,,,,,,,,,,,,true,true,12,2018-04-01,2019-03-31,0
2018-07-31,52800,2018-03-31,1,,,,,,,,,,,,,,,,,,,,30659000000,17945000000,0.585,,17945000000,,,,,,,,,,,,true,false,12,2017-04-01,2018-03-31,-1
2018-07-31,52800,2018-03-31,1,,,,,,,,,,,,,,,,,,,,,,,,,,,,,38.00,,,,8030248,815071,,false,false,12,2017-04-01,2018-03-31,-1
2018-07-31,52800,2019-03-31,1,,,,,,,,,,,,,,,,,,,,,,,,,,,,,42.00,,,,,,,false,true,12,2018-04-01,2019-03-31,0
2018-07-31,52800,2019-03-31,1,,,,,,,,,,,,,,,,,,,,,,,,,,,,,,,,,8030248,815071,7215177,false,false,3,2018-04-01,2018-06-30,0
2018-07-31,52800,2018-03-31,1,,,,,,,,,,,,,,,,,,,,,,,,,,,,,,,,,,,7221142,false,false,3,2017-04-01,2017-06-30,-1
2018-10-23,52800,2019-03-31,,7324000000,0.046,,,,,166000000,-0.722,216000000,-0.639,,186000000,,25.91,,,,,,,,,,,,,,,,,,,,,,true,true,6,2018-04-01,2018-09-30,0
2018-10-23,52800,2018-03-31,,10503000000,,,,,,1600000000,,1593000000,,,1082000000,,149.94,,,,,,,,,,,,,,,,,,,,,,true,false,6,2017-04-01,2017-09-30,-1
2018-10-31,52800,2019-03-31,2,7324000000,-0.303,,,,,166000000,-0.896,216000000,-0.864,,186000000,,25.91,,,,,,32831000000,17875000000,0.544,,17875000000,,,,,,,,,,,,true,false,6,2018-04-01,2018-09-30,0
2018-10-31,52800,2018-03-31,2,10503000000,0.259,,,,,1600000000,0.217,1593000000,0.212,,1082000000,,149.94,,,,,,,,,,,,,,,,,,,,,,true,false,6,2017-04-01,2017-09-30,-1
2018-10-31,52800,2019-03-31,2,24000000000,0.100,,,,,3500000000,0.105,3500000000,0.103,,2200000000,,304.73,,,,,,,,,,,,,,,,,,,,,,true,true,12,2018-04-01,2019-03-31,0
2018-10-31,52800,2018-03-31,2,,,,,,,,,,,,,,,,,,,,30659000000,17945000000,0.585,,17945000000,,,,,,,,,,,,true,false,12,2017-04-01,2018-03-31,-1
2018-10-31,52800,2018-03-31,2,,,,,,,,,,,,,,,,,,,,,,,,,,,,,38.00,,,,8030248,815071,,false,false,12,2017-04-01,2018-03-31,-1
2018-10-31,52800,2019-03-31,2,,,,,,,,,,,,,,,,,,,,,,,,,,,,,0.00,,,,,,,false,false,12,2018-04-01,2019-03-31,0
2018-10-31,52800,2019-03-31,2,,,,,,,,,,,,,,,,,,,,,,,,,,,,,42.00,,,,,,,false,true,12,2018-04-01,2019-03-31,0
2018-10-31,52800,2019-03-31,2,,,,,,,,,,,,,,,,,,,,,,,,,,,,,,,,,8030248,815071,7215177,false,false,6,2018-04-01,2018-09-30,0
2018-10-31,52800,2018-03-31,2,,,,,,,,,,,,,,,,,,,,,,,,,,,,,,,,,,,7220770,false,false,6,2017-04-01,2017-09-30,-1
2019-01-31,52800,2019-03-31,3,12653000000,-0.082,,,,,1153000000,-0.321,1237000000,-0.271,,862000000,,119.57,,,,,,35670000000,18489000000,0.518,,18484000000,,,,,,,,,,,,true,false,9,2018-04-01,2018-12-31,0
2019-01-31,52800,2018-03-31,3,13788000000,0.325,,,,,1699000000,0.317,1696000000,0.315,,1263000000,,175.04,,,,,,,,,,,,,,,,,,,,,,true,false,9,2017-04-01,2017-12-31,-1
2019-01-31,52800,2019-03-31,3,24000000000,0.100,,,,,3500000000,0.105,3500000000,0.103,,2200000000,,304.73,,,,,,,,,,,,,,,,,,,,,,true,true,12,2018-04-01,2019-03-31,0
2019-01-31,52800,2018-03-31,3,,,,,,,,,,,,,,,,,,,,30659000000,17945000000,0.585,,17945000000,,,,,,,,,,,,true,false,12,2017-04-01,2018-03-31,-1
2019-01-31,52800,2018-03-31,3,,,,,,,,,,,,,,,,,,,,,,,,,,,,,38.00,,,,8030248,815071,,false,false,12,2017-04-01,2018-03-31,-1
2019-01-31,52800,2019-03-31,3,,,,,,,,,,,,,,,,,,,,,,,,,,,,,0.00,,,,,,,false,false,12,2018-04-01,2019-03-31,0
2019-01-31,52800,2019-03-31,3,,,,,,,,,,,,,,,,,,,,,,,,,,,,,42.00,,,,,,,false,true,12,2018-04-01,2019-03-31,0
2019-01-31,52800,2019-03-31,3,,,,,,,,,,,,,,,,,,,,,,,,,,,,,,,,,8030248,815107,7215169,false,false,9,2018-04-01,2018-12-31,0
2019-01-31,52800,2018-03-31,3,,,,,,,,,,,,,,,,,,,,,,,,,,,,,,,,,,,7220299,false,false,9,2017-04-01,2017-12-31,-1
2019-04-22,52800,2019-03-31,,21777000000,-0.093,,,,,2347000000,-0.329,2537000000,-0.275,1636000000,,-0.256,226.75,,,,,,,,,,,,,,,,,,,,,,true,true,12,2018-04-01,2019-03-31,0
2019-04-22,52800,2018-03-31,,21823000000,,,,,,3166000000,,3174000000,,2184000000,,,302.53,,,,,,,,,,,,,,,,,,,,,,true,false,12,2017-04-01,2018-03-31,-1
2019-04-26,52800,2019-03-31,,21777000000,-0.002,,,,,2347000000,-0.259,2537000000,-0.201,,1636000000,,226.75,,0.088,0.077,0.108,,35178000000,19283000000,0.548,2672.07,19279000000,5309000000,-3824000000,538000000,2944000000,,0.185,,,,,,true,false,12,2018-04-01,2019-03-31,0
2019-04-26,52800,2018-03-31,,21823000000,0.136,,,,,3166000000,0.083,3174000000,-0.008,,2184000000,,302.53,,0.129,0.096,0.145,,30659000000,17945000000,0.585,2487.22,17945000000,2937000000,-220000000,-3243000000,920000000,,0.126,,,,,,true,false,12,2017-04-01,2018-03-31,-1
2019-04-26,52800,2020-03-31,,9000000000,0.229,,,,,900000000,4.400,900000000,3.150,,600000000,,83.16,,,,,,,,,,,,,,,,,,,,,,true,true,6,2019-04-01,2019-09-30,1
2019-04-26,52800,2020-03-31,,23500000000,0.079,,,,,2650000000,0.129,2650000000,0.045,,1750000000,,242.55,,,,,,,,,,,,,,,,0.186,,,,,,true,true,12,2019-04-01,2020-03-31,1
2019-04-26,52800,2019-03-31,,20362000000,-0.031,,,,,2176000000,-0.281,2370000000,-0.218,1510000000,,-0.264,209.41,,,,,,33491000000,18416000000,0.550,2552.46,18416000000,,,,,42.00,,,,8030248,815107,7215163,false,false,12,2018-04-01,2019-03-31,0
2019-04-26,52800,2018-03-31,,21024000000,0.135,,,,,3028000000,0.114,3032000000,0.011,2052000000,,0.122,284.31,,,,,,29399000000,17207000000,0.585,2384.95,17207000000,,,,,38.00,,,,8030248,815071,7219424,false,false,12,2017-04-01,2018-03-31,-1
2019-04-26,52800,2020-03-31,,,,,,,,,,,,,,,,,,,,,,,,,,,,,,45.00,,,,,,,false,true,12,2019-04-01,2020-03-31,1
2019-07-31,52800,2020-03-31,1,2697000000,-0.138,,,,,-90000000,,62000000,7.914,,35000000,,4.86,,,,,,36618000000,19013000000,0.519,,19009000000,,,,,,,,,,,,true,false,3,2019-04-01,2019-06-30,0
2019-07-31,52800,2019-03-31,1,3128000000,-0.035,,,,,-1000000,,6000000,-0.954,,13000000,,1.81,,,,,,,,,,,,,,,,,,,,,,true,false,3,2018-04-01,2018-06-30,-1
2019-07-31,52800,2020-03-31,1,9000000000,0.229,,,,,900000000,4.400,900000000,3.150,,600000000,,83.16,,,,,,,,,,,,,,,,,,,,,,true,true,6,2019-04-01,2019-09-30,0
2019-07-31,52800,2020-03-31,1,23500000000,0.079,,,,,2650000000,0.129,2650000000,0.045,,1750000000,,242.55,,,,,,,,,,,,,,,,,,,,,,true,true,12,2019-04-01,2020-03-31,0
2019-07-31,52800,2019-03-31,1,,,,,,,,,,,,,,,,,,,,35178000000,19283000000,0.548,,19279000000,,,,,,,,,,,,true,false,12,2018-04-01,2019-03-31,-1
2019-07-31,52800,2019-03-31,1,,,,,,,,,,,,,,,,,,,,,,,,,,,,,42.00,,,,8030248,815107,,false,false,12,2018-04-01,2019-03-31,-1
2019-07-31,52800,2020-03-31,1,,,,,,,,,,,,,,,,,,,,,,,,,,,,,45.00,,,,,,,false,true,12,2019-04-01,2020-03-31,0
2019-07-31,52800,2020-03-31,1,,,,,,,,,,,,,,,,,,,,,,,,,,,,,,,,,8030248,815107,7215141,false,false,3,2019-04-01,2019-06-30,0
2019-07-31,52800,2019-03-31,1,,,,,,,,,,,,,,,,,,,,,,,,,,,,,,,,,,,7215177,false,false,3,2018-04-01,2018-06-30,-1
2019-10-31,52800,2020-03-31,2,10685000000,0.459,,,,,802000000,3.814,1023000000,3.721,,667000000,,92.00,,,,,,37148000000,19772000000,0.532,,19768000000,,,,,,,,,,,,true,false,6,2019-04-01,2019-09-30,0
2019-10-31,52800,2019-03-31,2,7324000000,-0.303,,,,,166000000,-0.896,216000000,-0.864,,186000000,,25.91,,,,,,,,,,,,,,,,,,,,,,true,false,6,2018-04-01,2018-09-30,-1
2019-10-31,52800,2020-03-31,2,23500000000,0.079,,,,,2650000000,0.129,2650000000,0.045,,1750000000,,242.55,,,,,,,,,,,,,,,,,,,,,,true,true,12,2019-04-01,2020-03-31,0
2019-10-31,52800,2019-03-31,2,,,,,,,,,,,,,,,,,,,,35178000000,19283000000,0.548,,19279000000,,,,,,,,,,,,true,false,12,2018-04-01,2019-03-31,-1
2019-10-31,52800,2019-03-31,2,,,,,,,,,,,,,,,,,,,,,,,,,,,,,42.00,,,,8030248,815107,,false,false,12,2018-04-01,2019-03-31,-1
2019-10-31,52800,2020-03-31,2,,,,,,,,,,,,,,,,,,,,,,,,,,,,,0.00,,,,,,,false,false,12,2019-04-01,2020-03-31,0
2019-10-31,52800,2020-03-31,2,,,,,,,,,,,,,,,,,,,,,,,,,,,,,45.00,,,,,,,false,true,12,2019-04-01,2020-03-31,0
2019-10-31,52800,2020-03-31,2,,,,,,,,,,,,,,,,,,,,,,,,,,,,,,,,,8030248,703407,7253798,false,false,6,2019-04-01,2019-09-30,0
2019-10-31,52800,2019-03-31,2,,,,,,,,,,,,,,,,,,,,,,,,,,,,,,,,,,,7215177,false,false,6,2018-04-01,2018-09-30,-1
2020-01-31,52800,2020-03-31,3,12883000000,0.018,,,,,622000000,-0.460,959000000,-0.224,,710000000,,97.67,,,,,,36063000000,19816000000,0.549,,19812000000,,,,,,,,,,,,true,false,9,2019-04-01,2019-12-31,0
2020-01-31,52800,2019-03-31,3,12653000000,-0.082,,,,,1153000000,-0.321,1237000000,-0.271,,862000000,,119.57,,,,,,,,,,,,,,,,,,,,,,true,false,9,2018-04-01,2018-12-31,-1
2020-01-31,52800,2020-03-31,3,23500000000,0.079,,,,,2650000000,0.129,2650000000,0.045,,1750000000,,242.55,,,,,,,,,,,,,,,,,,,,,,true,true,12,2019-04-01,2020-03-31,0
2020-01-31,52800,2019-03-31,3,,,,,,,,,,,,,,,,,,,,35178000000,19283000000,0.548,,19279000000,,,,,,,,,,,,true,false,12,2018-04-01,2019-03-31,-1
2020-01-31,52800,2019-03-31,3,,,,,,,,,,,,,,,,,,,,,,,,,,,,,42.00,,,,8030248,815107,,false,false,12,2018-04-01,2019-03-31,-1
2020-01-31,52800,2020-03-31,3,,,,,,,,,,,,,,,,,,,,,,,,,,,,,0.00,,,,,,,false,false,12,2019-04-01,2020-03-31,0
2020-01-31,52800,2020-03-31,3,,,,,,,,,,,,,,,,,,,,,,,,,,,,,45.00,,,,,,,false,true,12,2019-04-01,2020-03-31,0
2020-01-31,52800,2020-03-31,3,,,,,,,,,,,,,,,,,,,,,,,,,,,,,,,,,8030248,732407,7269911,false,false,9,2019-04-01,2019-12-31,0
2020-01-31,52800,2019-03-31,3,,,,,,,,,,,,,,,,,,,,,,,,,,,,,,,,,,,7215169,false,false,9,2018-04-01,2018-12-31,-1
2020-05-01,52800,2020-03-31,,17500000000,-0.255,,,,,728000000,-0.725,1197000000,-0.548,1039000000,,-0.406,142.86,,,,,,,,,,,,,,,,,,,,,,true,true,12,2019-04-01,2020-03-31,0
2020-05-01,52800,2019-03-31,,21777000000,,,,,,2347000000,,2537000000,,1636000000,,,226.75,,,,,,,,,,,,,,,,,,,,,,true,false,12,2018-04-01,2019-03-31,-1
2020-05-15,52800,2020-03-31,,17500000000,-0.196,,,,,728000000,-0.690,1197000000,-0.528,,1039000000,,142.86,,0.053,0.033,0.042,,37261000000,20073000000,0.538,2747.83,20053000000,-3106000000,-1359000000,3064000000,1543000000,,0.315,,,,,,true,false,12,2019-04-01,2020-03-31,0
2020-05-15,52800,2019-03-31,,21777000000,-0.002,,,,,2347000000,-0.259,2537000000,-0.201,,1636000000,,226.75,,0.088,0.077,0.108,,35178000000,19283000000,0.548,2672.07,19279000000,5309000000,-3824000000,538000000,2944000000,,0.185,,,,,,true,false,12,2018-04-01,2019-03-31,-1
2020-05-15,52800,2021-03-31,,6000000000,-0.439,,,,,300000000,-0.626,500000000,-0.512,,350000000,,47.96,,,,,,,,,,,,,,,,,,,,,,true,true,6,2020-04-01,2020-09-30,1
2020-05-15,52800,2021-03-31,,19000000000,0.086,,,,,1500000000,1.060,2000000000,0.670,,1350000000,,184.99,,,,,,,,,,,,,,,,0.243,,,,,,true,true,12,2020-04-01,2021-03-31,1
2020-05-15,52800,2020-03-31,,15812000000,-0.223,,,,,549000000,-0.748,1028000000,-0.566,913000000,,-0.395,125.54,,,,,,35577000000,19064000000,0.536,2612.30,19064000000,,,,,45.00,,,,8030248,732407,7276356,false,false,12,2019-04-01,2020-03-31,0
2020-05-15,52800,2019-03-31,,20362000000,-0.031,,,,,2176000000,-0.281,2370000000,-0.218,1510000000,,-0.264,209.41,,,,,,33491000000,18416000000,0.550,2552.46,18416000000,,,,,42.00,,,,8030248,815107,7215163,false,false,12,2018-04-01,2019-03-31,-1
2020-05-15,52800,2021-03-31,,,,,,,,,,,,,,,,,,,,,,,,,,,,,,45.00,,,,,,,false,true,12,2020-04-01,2021-03-31,1
2020-07-31,52800,2021-03-31,1,3137000000,0.163,,,,,220000000,,375000000,5.016,,251000000,,34.42,,,,,,37545000000,20024000000,0.533,,20003000000,,,,,,,,,,,,true,false,3,2020-04-01,2020-06-30,0
2020-07-31,52800,2020-03-31,1,2697000000,-0.138,,,,,-90000000,,62000000,7.914,,35000000,,4.86,,,,,,,,,,,,,,,,,,,,,,true,false,3,2019-04-01,2019-06-30,-1
2020-07-31,52800,2021-03-31,1,6000000000,-0.439,,,,,300000000,-0.626,500000000,-0.512,,350000000,,47.96,,,,,,,,,,,,,,,,,,,,,,true,true,6,2020-04-01,2020-09-30,0
2020-07-31,52800,2021-03-31,1,19000000000,0.086,,,,,1500000000,1.060,2000000000,0.670,,1350000000,,184.99,,,,,,,,,,,,,,,,,,,,,,true,true,12,2020-04-01,2021-03-31,0
2020-07-31,52800,2020-03-31,1,,,,,,,,,,,,,,,,,,,,37261000000,20073000000,0.538,,20053000000,,,,,,,,,,,,true,false,12,2019-04-01,2020-03-31,-1
2020-07-31,52800,2020-03-31,1,,,,,,,,,,,,,,,,,,,,,,,,,,,,,45.00,,,,8030248,732407,,false,false,12,2019-04-01,2020-03-31,-1
2020-07-31,52800,2021-03-31,1,,,,,,,,,,,,,,,,,,,,,,,,,,,,,45.00,,,,,,,false,true,12,2020-04-01,2021-03-31,0
2020-07-31,52800,2021-03-31,1,,,,,,,,,,,,,,,,,,,,,,,,,,,,,,,,,8030248,732407,7297841,false,false,3,2020-04-01,2020-06-30,0
2020-07-31,52800,2020-03-31,1,,,,,,,,,,,,,,,,,,,,,,,,,,,,,,,,,,,7215141,false,false,3,2019-04-01,2019-06-30,-1
2020-10-30,52800,2021-03-31,2,6722000000,-0.371,,,,,307000000,-0.617,685000000,-0.331,,458000000,,62.08,,,,,,39974000000,20408000000,0.510,,20387000000,,,,,,,,,,,,true,false,6,2020-04-01,2020-09-30,0
2020-10-30,52800,2020-03-31,2,10685000000,0.459,,,,,802000000,3.814,1023000000,3.721,,667000000,,92.00,,,,,,,,,,,,,,,,,,,,,,true,false,6,2019-04-01,2019-09-30,-1
2020-10-30,52800,2021-03-31,2,19000000000,0.086,,,,,1500000000,1.060,2000000000,0.670,,1350000000,,184.99,,,,,,,,,,,,,,,,,,,,,,true,true,12,2020-04-01,2021-03-31,0
2020-10-30,52800,2020-03-31,2,,,,,,,,,,,,,,,,,,,,37261000000,20073000000,0.538,,20053000000,,,,,,,,,,,,true,false,12,2019-04-01,2020-03-31,-1
2020-10-30,52800,2020-03-31,2,,,,,,,,,,,,,,,,,,,,,,,,,,,,,45.00,,,,8030248,732407,,false,false,12,2019-04-01,2020-03-31,-1
2020-10-30,52800,2021-03-31,2,,,,,,,,,,,,,,,,,,,,,,,,,,,,,0.00,,,,,,,false,false,12,2020-04-01,2021-03-31,0
2020-10-30,52800,2021-03-31,2,,,,,,,,,,,,,,,,,,,,,,,,,,,,,45.00,,,,,,,false,true,12,2020-04-01,2021-03-31,0
2020-10-30,52800,2021-03-31,2,,,,,,,,,,,,,,,,,,,,,,,,,,,,,,,,,8030248,532407,7383555,false,false,6,2020-04-01,2020-09-30,0
2020-10-30,52800,2020-03-31,2,,,,,,,,,,,,,,,,,,,,,,,,,,,,,,,,,,,7253798,false,false,6,2019-04-01,2019-09-30,-1
2021-01-29,52800,2021-03-31,3,8878000000,-0.311,,,,,296000000,-0.523,877000000,-0.086,,586000000,,79.09,,,,,,40932000000,20534000000,0.501,,20504000000,,,,,,,,,,,,true,false,9,2020-04-01,2020-12-31,0
2021-01-29,52800,2020-03-31,3,12883000000,0.018,,,,,622000000,-0.460,959000000,-0.224,,710000000,,97.67,,,,,,,,,,,,,,,,,,,,,,true,false,9,2019-04-01,2019-12-31,-1
2021-01-29,52800,2021-03-31,3,19500000000,0.114,,,,,1600000000,1.198,2200000000,0.837,,1410000000,,189.61,,,,,,,,,,,,,,,,,,,,,,true,true,12,2020-04-01,2021-03-31,0
2021-01-29,52800,2020-03-31,3,,,,,,,,,,,,,,,,,,,,37261000000,20073000000,0.538,,20053000000,,,,,,,,,,,,true,false,12,2019-04-01,2020-03-31,-1
2021-01-29,52800,2020-03-31,3,,,,,,,,,,,,,,,,,,,,,,,,,,,,,45.00,,,,8030248,732407,,false,false,12,2019-04-01,2020-03-31,-1
2021-01-29,52800,2021-03-31,3,,,,,,,,,,,,,,,,,,,,,,,,,,,,,0.00,,,,,,,false,false,12,2020-04-01,2021-03-31,0
2021-01-29,52800,2021-03-31,3,,,,,,,,,,,,,,,,,,,,,,,,,,,,,47.00,,,,,,,false,true,12,2020-04-01,2021-03-31,0
2021-01-29,52800,2021-03-31,3,,,,,,,,,,,,,,,,,,,,,,,,,,,,,,,,,8030248,532407,7417841,false,false,9,2020-04-01,2020-12-31,0
2021-01-29,52800,2020-03-31,3,,,,,,,,,,,,,,,,,,,,,,,,,,,,,,,,,,,7269911,false,false,9,2019-04-01,2019-12-31,-1
2021-04-30,52800,2021-03-31,,21081000000,0.205,,,,,1658000000,1.278,2421000000,1.022,,1460000000,,196.40,,0.070,0.065,0.079,,37247000000,21423000000,0.574,2853.14,21392000000,2744000000,-694000000,-2253000000,1339000000,,0.239,,,,,,true,false,12,2020-04-01,2021-03-31,0
2021-04-30,52800,2020-03-31,,17500000000,-0.196,,,,,728000000,-0.690,1197000000,-0.528,,1039000000,,142.86,,0.053,0.033,0.042,,37261000000,20073000000,0.538,2747.83,20053000000,-3106000000,-1359000000,3064000000,1543000000,,0.315,,,,,,true,false,12,2019-04-01,2020-03-31,-1
2021-04-30,52800,2022-03-31,,8000000000,0.190,,,,,700000000,1.279,800000000,0.168,,520000000,,69.35,,,,,,,,,,,,,,,,,,,,,,true,true,6,2021-04-01,2021-09-30,1
2021-04-30,52800,2022-03-31,,22000000000,0.044,,,,,2400000000,0.447,2500000000,0.032,,1550000000,,206.73,,,,,,,,,,,,,,,,0.235,,,,,,true,true,12,2021-04-01,2022-03-31,1
2021-04-30,52800,2021-03-31,,19698000000,0.246,,,,,1578000000,1.874,2344000000,1.279,1418000000,,0.553,190.78,,,,,,35558000000,20361000000,0.573,2715.65,20361000000,,,,,47.00,,,,8030248,532407,7436302,false,false,12,2020-04-01,2021-03-31,0
2021-04-30,52800,2020-03-31,,15812000000,-0.223,,,,,549000000,-0.748,1028000000,-0.566,913000000,,-0.395,125.54,,,,,,35577000000,19064000000,0.536,2612.30,19064000000,,,,,45.00,,,,8030248,732407,7276356,false,false,12,2019-04-01,2020-03-31,-1
2021-04-30,52800,2022-03-31,,,,,,,,,,,,,,,,,,,,,,,,,,,,,,48.50,,,,,,,false,true,12,2021-04-01,2022-03-31,1
2021-07-30,52800,2022-03-31,1,6234000000,0.987,,,,,929000000,3.219,1157000000,2.085,,729000000,,97.27,,,,,,37909000000,22048000000,0.578,,21916000000,,,,,,,,,,,,true,false,3,2021-04-01,2021-06-30,0
2021-07-30,52800,2021-03-31,1,3137000000,0.163,,,,,220000000,,375000000,5.016,,251000000,,34.42,,,,,,,,,,,,,,,,,,,,,,true,false,3,2020-04-01,2020-06-30,-1
2021-07-30,52800,2022-03-31,1,8000000000,0.190,,,,,700000000,1.279,800000000,0.168,,520000000,,69.35,,,,,,,,,,,,,,,,,,,,,,true,true,6,2021-04-01,2021-09-30,0
2021-07-30,52800,2022-03-31,1,22000000000,0.044,,,,,2400000000,0.447,2500000000,0.032,,1550000000,,206.73,,,,,,,,,,,,,,,,,,,,,,true,true,12,2021-04-01,2022-03-31,0
2021-07-30,52800,2021-03-31,1,,,,,,,,,,,,,,,,,,,,37247000000,21423000000,0.574,,21392000000,,,,,,,,,,,,true,false,12,2020-04-01,2021-03-31,-1
2021-07-30,52800,2021-03-31,1,,,,,,,,,,,,,,,,,,,,,,,,,,,,,47.00,,,,8030248,532407,,false,false,12,2020-04-01,2021-03-31,-1
2021-07-30,52800,2022-03-31,1,,,,,,,,,,,,,,,,,,,,,,,,,,,,,48.50,,,,,,,false,true,12,2021-04-01,2022-03-31,0
2021-07-30,52800,2022-03-31,1,,,,,,,,,,,,,,,,,,,,,,,,,,,,,,,,,8030248,532450,7497819,false,false,3,2021-04-01,2021-06-30,0
2021-07-30,52800,2021-03-31,1,,,,,,,,,,,,,,,,,,,,,,,,,,,,,,,,,,,7297841,false,false,3,2020-04-01,2020-06-30,-1
2021-10-26,52800,2022-03-31,,9376000000,0.172,,,,,1077000000,0.540,1227000000,0.534,,788000000,,106.21,,,,,,,,,,,,,,,,,,,,,,true,true,6,2021-04-01,2021-09-30,0
2021-10-26,52800,2021-03-31,,6722000000,,,,,,307000000,,685000000,,,458000000,,62.08,,,,,,,,,,,,,,,,,,,,,,true,false,6,2020-04-01,2020-09-30,-1
2021-10-29,52800,2022-03-31,2,9376000000,0.395,,,,,1077000000,2.509,1227000000,0.791,,788000000,,106.21,,,,,,31812000000,21820000000,0.682,,21686000000,,,,,,,,,,,,true,false,6,2021-04-01,2021-09-30,0
2021-10-29,52800,2021-03-31,2,6722000000,-0.371,,,,,307000000,-0.617,685000000,-0.331,,458000000,,62.08,,,,,,,,,,,,,,,,,,,,,,true,false,6,2020-04-01,2020-09-30,-1
2021-10-29,52800,2022-03-31,2,22000000000,0.044,,,,,2400000000,0.447,2500000000,0.032,,1550000000,,206.73,,,,,,,,,,,,,,,,,,,,,,true,true,12,2021-04-01,2022-03-31,0
2021-10-29,52800,2021-03-31,2,,,,,,,,,,,,,,,,,,,,37247000000,21423000000,0.574,,21392000000,,,,,,,,,,,,true,false,12,2020-04-01,2021-03-31,-1
2021-10-29,52800,2021-03-31,2,,,,,,,,,,,,,,,,,,,,,,,,,,,,,47.00,,,,8030248,532407,,false,false,12,2020-04-01,2021-03-31,-1
2021-10-29,52800,2022-03-31,2,,,,,,,,,,,,,,,,,,,,,,,,,,,,,0.00,,,,,,,false,false,12,2021-04-01,2022-03-31,0
2021-10-29,52800,2022-03-31,2,,,,,,,,,,,,,,,,,,,,,,,,,,,,,48.50,,,,,,,false,true,12,2021-04-01,2022-03-31,0
2021-10-29,52800,2022-03-31,2,,,,,,,,,,,,,,,,,,,,,,,,,,,,,,,,,8030248,781250,7426724,false,false,6,2021-04-01,2021-09-30,0
2021-10-29,52800,2021-03-31,2,,,,,,,,,,,,,,,,,,,,,,,,,,,,,,,,,,,7383555,false,false,6,2020-04-01,2020-09-30,-1
2022-01-31,52800,2022-03-31,3,12416000000,0.399,,,,,1796000000,5.054,1985000000,1.263,,1296000000,,175.89,,,,,,32585000000,22358000000,0.682,,22219000000,,,,,,,,,,,,true,false,9,2021-04-01,2021-12-31,0
2022-01-31,52800,2021-03-31,3,8878000000,-0.311,,,,,296000000,-0.523,877000000,-0.086,,586000000,,79.09,,,,,,,,,,,,,,,,,,,,,,true,false,9,2020-04-01,2020-12-31,-1
2022-01-31,52800,2022-03-31,3,22000000000,0.044,,,,,2400000000,0.447,2500000000,0.032,,1550000000,,206.73,,,,,,,,,,,,,,,,,,,,,,true,true,12,2021-04-01,2022-03-31,0
2022-01-31,52800,2021-03-31,3,,,,,,,,,,,,,,,,,,,,37247000000,21423000000,0.574,,21392000000,,,,,,,,,,,,true,false,12,2020-04-01,2021-03-31,-1
2022-01-31,52800,2021-03-31,3,,,,,,,,,,,,,,,,,,,,,,,,,,,,,47.00,,,,8030248,532407,,false,false,12,2020-04-01,2021-03-31,-1
2022-01-31,52800,2022-03-31,3,,,,,,,,,,,,,,,,,,,,,,,,,,,,,0.00,,,,,,,false,false,12,2021-04-01,2022-03-31,0
2022-01-31,52800,2022-03-31,3,,,,,,,,,,,,,,,,,,,,,,,,,,,,,48.50,,,,,,,false,true,12,2021-04-01,2022-03-31,0
2022-01-31,52800,2022-03-31,3,,,,,,,,,,,,,,,,,,,,,,,,,,,,,,,,,8030248,790693,7372453,false,false,9,2021-04-01,2021-12-31,0
2022-01-31,52800,2021-03-31,3,,,,,,,,,,,,,,,,,,,,,,,,,,,,,,,,,,,7417841,false,false,9,2020-04-01,2020-12-31,-1
2022-04-28,52800,2022-03-31,,20067000000,-0.048,,,,,2373000000,0.431,2619000000,0.082,,1643000000,,223.96,,0.075,0.075,0.118,,32216000000,22703000000,0.700,3134.07,22558000000,5434000000,4464000000,-6976000000,4054000000,,0.217,,,,,,true,false,12,2021-04-01,2022-03-31,0
2022-04-28,52800,2021-03-31,,21081000000,0.205,,,,,1658000000,1.278,2421000000,1.022,,1460000000,,196.40,,0.070,0.065,0.079,,37247000000,21423000000,0.574,2853.14,21392000000,2744000000,-694000000,-2253000000,1339000000,,0.239,,,,,,true,false,12,2020-04-01,2021-03-31,-1
2022-04-28,52800,2023-03-31,,8500000000,-0.093,,,,,750000000,-0.304,770000000,-0.372,,480000000,,66.69,,,,,,,,,,,,,,,,,,,,,,true,true,6,2022-04-01,2022-09-30,1
2022-04-28,52800,2023-03-31,,21000000000,0.046,,,,,2700000000,0.138,2750000000,0.050,,1700000000,,236.18,,,,,,,,,,,,,,,,0.212,,,,,,true,true,12,2022-04-01,2023-03-31,1
2022-04-28,52800,2022-03-31,,17327000000,-0.120,,,,,2051000000,0.300,2257000000,-0.037,1459000000,,0.029,198.91,,,,,,29359000000,20838000000,0.710,2895.12,20838000000,,,,,48.50,,,,8030248,832493,7338569,false,false,12,2021-04-01,2022-03-31,0
2022-04-28,52800,2021-03-31,,19698000000,0.246,,,,,1578000000,1.874,2344000000,1.279,1418000000,,0.553,190.78,,,,,,35558000000,20361000000,0.573,2715.65,20361000000,,,,,47.00,,,,8030248,532407,7436302,false,false,12,2020-04-01,2021-03-31,-1
2022-04-28,52800,2023-03-31,,,,,,,,,,,,,,,,,,,,,,,,,,,,,,50.00,,,,,,,false,true,12,2022-04-01,2023-03-31,1
2022-07-29,52800,2023-03-31,1,5499000000,-0.118,,,,,699000000,-0.248,711000000,-0.386,,460000000,,64.10,,,,,,31551000000,22806000000,0.718,,22665000000,,,,,,,,,,,,true,false,3,2022-04-01,2022-06-30,0
2022-07-29,52800,2022-03-31,1,6234000000,0.987,,,,,929000000,3.219,1157000000,2.085,,729000000,,97.27,,,,,,,,,,,,,,,,,,,,,,true,false,3,2021-04-01,2021-06-30,-1
2022-07-29,52800,2023-03-31,1,8500000000,-0.093,,,,,750000000,-0.304,770000000,-0.372,,480000000,,66.69,,,,,,,,,,,,,,,,,,,,,,true,true,6,2022-04-01,2022-09-30,0
2022-07-29,52800,2023-03-31,1,21000000000,0.046,,,,,2700000000,0.138,2750000000,0.050,,1700000000,,236.18,,,,,,,,,,,,,,,,,,,,,,true,true,12,2022-04-01,2023-03-31,0
2022-07-29,52800,2022-03-31,1,,,,,,,,,,,,,,,,,,,,32216000000,22703000000,0.700,,22558000000,,,,,,,,,,,,true,false,12,2021-04-01,2022-03-31,-1
2022-07-29,52800,2022-03-31,1,,,,,,,,,,,,,,,,,,,,,,,,,,,,,48.50,,,,8030248,832493,,false,false,12,2021-04-01,2022-03-31,-1
2022-07-29,52800,2023-03-31,1,,,,,,,,,,,,,,,,,,,,,,,,,,,,,50.00,,,,,,,false,true,12,2022-04-01,2023-03-31,0
2022-07-29,52800,2023-03-31,1,,,,,,,,,,,,,,,,,,,,,,,,,,,,,,,,,8030248,866893,7185505,false,false,3,2022-04-01,2022-06-30,0
2022-07-29,52800,2022-03-31,1,,,,,,,,,,,,,,,,,,,,,,,,,,,,,,,,,,,7497819,false,false,3,2021-04-01,2021-06-30,-1
2022-07-29,52800,2023-03-31,1,5286000000,-0.152,,,,,653000000,-0.297,650000000,-0.438,,420000000,,58.48,,,,,,31506000000,22766000000,0.718,,22624000000,,,,,,,,,,,,true,false,3,2022-04-01,2022-06-30,0
2022-07-29,52800,2022-03-31,1,6234000000,0.987,,,,,929000000,3.219,1157000000,2.085,,729000000,,97.27,,,,,,,,,,,,,,,,,,,,,,true,false,3,2021-04-01,2021-06-30,-1
2022-07-29,52800,2023-03-31,1,8500000000,-0.093,,,,,750000000,-0.304,770000000,-0.372,,480000000,,66.69,,,,,,,,,,,,,,,,,,,,,,true,true,6,2022-04-01,2022-09-30,0
2022-07-29,52800,2023-03-31,1,21000000000,0.046,,,,,2700000000,0.138,2750000000,0.050,,1700000000,,236.18,,,,,,,,,,,,,,,,,,,,,,true,true,12,2022-04-01,2023-03-31,0
2022-07-29,52800,2022-03-31,1,,,,,,,,,,,,,,,,,,,,32216000000,22703000000,0.700,,22558000000,,,,,,,,,,,,true,false,12,2021-04-01,2022-03-31,-1
2022-07-29,52800,2022-03-31,1,,,,,,,,,,,,,,,,,,,,,,,,,,,,,48.50,,,,8030248,832493,,false,false,12,2021-04-01,2022-03-31,-1
2022-07-29,52800,2023-03-31,1,,,,,,,,,,,,,,,,,,,,,,,,,,,,,50.00,,,,,,,false,true,12,2022-04-01,2023-03-31,0
2022-07-29,52800,2023-03-31,1,,,,,,,,,,,,,,,,,,,,,,,,,,,,,,,,,8030248,866893,7185505,false,false,3,2022-04-01,2022-06-30,0
2022-07-29,52800,2022-03-31,1,,,,,,,,,,,,,,,,,,,,,,,,,,,,,,,,,,,7497819,false,false,3,2021-04-01,2021-06-30,-1
2022-10-31,52800,2023-03-31,2,7953000000,-0.152,,,,,811000000,-0.248,921000000,-0.249,,591000000,,82.42,,,,,,29718000000,22953000000,0.768,,22810000000,,,,,,,,,,,,true,false,6,2022-04-01,2022-09-30,0
2022-10-31,52800,2022-03-31,2,9376000000,0.395,,,,,1077000000,2.509,1227000000,0.791,,788000000,,106.21,,,,,,,,,,,,,,,,,,,,,,true,false,6,2021-04-01,2021-09-30,-1
2022-10-31,52800,2023-03-31,2,21000000000,0.046,,,,,2700000000,0.138,2750000000,0.050,,1700000000,,236.18,,,,,,,,,,,,,,,,,,,,,,true,true,12,2022-04-01,2023-03-31,0
2022-10-31,52800,2022-03-31,2,,,,,,,,,,,,,,,,,,,,32216000000,22703000000,0.700,,22558000000,,,,,,,,,,,,true,false,12,2021-04-01,2022-03-31,-1
2022-10-31,52800,2022-03-31,2,,,,,,,,,,,,,,,,,,,,,,,,,,,,,48.50,,,,8030248,832493,,false,false,12,2021-04-01,2022-03-31,-1
2022-10-31,52800,2023-03-31,2,,,,,,,,,,,,,,,,,,,,,,,,,,,,,0.00,,,,,,,false,false,12,2022-04-01,2023-03-31,0
2022-10-31,52800,2023-03-31,2,,,,,,,,,,,,,,,,,,,,,,,,,,,,,50.00,,,,,,,false,true,12,2022-04-01,2023-03-31,0
2022-10-31,52800,2023-03-31,2,,,,,,,,,,,,,,,,,,,,,,,,,,,,,,,,,8030248,866893,7176012,false,false,6,2022-04-01,2022-09-30,0
2022-10-31,52800,2022-03-31,2,,,,,,,,,,,,,,,,,,,,,,,,,,,,,,,,,,,7426724,false,false,6,2021-04-01,2021-09-30,-1
2023-01-31,52800,2023-03-31,3,9461000000,-0.238,,,,,641000000,-0.643,806000000,-0.594,,514000000,,71.82,,,,,,34061000000,22891000000,0.668,,22744000000,,,,,,,,,,,,true,false,9,2022-04-01,2022-12-31,0
2023-01-31,52800,2022-03-31,3,12416000000,0.399,,,,,1796000000,5.054,1985000000,1.263,,1296000000,,175.89,,,,,,,,,,,,,,,,,,,,,,true,false,9,2021-04-01,2021-12-31,-1
2023-01-31,52800,2023-03-31,3,21000000000,0.046,,,,,2700000000,0.138,2750000000,0.050,,1700000000,,236.18,,,,,,,,,,,,,,,,,,,,,,true,true,12,2022-04-01,2023-03-31,0
2023-01-31,52800,2022-03-31,3,,,,,,,,,,,,,,,,,,,,32216000000,22703000000,0.700,,22558000000,,,,,,,,,,,,true,false,12,2021-04-01,2022-03-31,-1
2023-01-31,52800,2022-03-31,3,,,,,,,,,,,,,,,,,,,,,,,,,,,,,48.50,,,,8030248,832493,,false,false,12,2021-04-01,2022-03-31,-1
2023-01-31,52800,2023-03-31,3,,,,,,,,,,,,,,,,,,,,,,,,,,,,,0.00,,,,,,,false,false,12,2022-04-01,2023-03-31,0
2023-01-31,52800,2023-03-31,3,,,,,,,,,,,,,,,,,,,,,,,,,,,,,50.00,,,,,,,false,true,12,2022-04-01,2023-03-31,0
2023-01-31,52800,2023-03-31,3,,,,,,,,,,,,,,,,,,,,,,,,,,,,,,,,,8030248,895193,7168865,false,false,9,2022-04-01,2022-12-31,0
2023-01-31,52800,2022-03-31,3,,,,,,,,,,,,,,,,,,,,,,,,,,,,,,,,,,,7372453,false,false,9,2021-04-01,2021-12-31,-1
2023-04-04,52800,2023-03-31,,14500000000,-0.310,,,,,1300000000,-0.519,1600000000,-0.418,,1200000000,,167.64,,,,,,,,,,,,,,,,,,,,,,true,true,12,2022-04-01,2023-03-31,0
2023-04-04,52800,2022-03-31,,20067000000,,,,,,2373000000,,2619000000,,,1643000000,,223.96,,,,,,,,,,,,,,,,,,,,,,true,false,12,2021-04-01,2022-03-31,-1
2023-04-28,52800,2023-03-31,,14704000000,-0.267,,,,,1414000000,-0.404,1714000000,-0.345,,1166000000,,162.92,,0.051,0.050,0.096,,35870000000,23498000000,0.650,3283.08,23322000000,-6080000000,1397000000,2785000000,2156000000,,0.307,,,,,,true,false,12,2022-04-01,2023-03-31,0
2023-04-28,52800,2022-03-31,,20067000000,-0.048,,,,,2373000000,0.431,2619000000,0.082,,1643000000,,223.96,,0.075,0.075,0.118,,32216000000,22703000000,0.700,3134.07,22558000000,5434000000,4464000000,-6976000000,4054000000,,0.217,,,,,,true,false,12,2021-04-01,2022-03-31,-1
2023-04-28,52800,2024-03-31,,9000000000,0.132,,,,,850000000,0.048,900000000,-0.023,,550000000,,77.42,,,,,,,,,,,,,,,,,,,,,,true,true,6,2023-04-01,2023-09-30,1
2023-04-28,52800,2024-03-31,,25000000000,0.700,,,,,2400000000,0.696,2500000000,0.458,,1550000000,,218.19,,,,,,,,,,,,,,,,0.236,,,,,,true,true,12,2023-04-01,2024-03-31,1
2023-04-28,52800,2023-03-31,,11188000000,-0.354,,,,,1195000000,-0.417,1467000000,-0.350,1166000000,,-0.201,163.01,,,,,,33196000000,21598000000,0.651,3040.39,21598000000,,,,,50.00,,,,8030248,926393,7158162,false,false,12,2022-04-01,2023-03-31,0
2023-04-28,52800,2022-03-31,,17327000000,-0.120,,,,,2051000000,0.300,2257000000,-0.037,1459000000,,0.029,198.91,,,,,,29359000000,20838000000,0.710,2895.12,20838000000,,,,,48.50,,,,8030248,832493,7338569,false,false,12,2021-04-01,2022-03-31,-1
2023-04-28,52800,2024-03-31,,,,,,,,,,,,,,,,,,,,,,,,,,,,,,51.00,,,,,,,false,true,12,2023-04-01,2024-03-31,1
2023-08-10,52800,2024-03-31,1,4731000000,-0.105,,,,,16000000,-0.974,8000000,-0.987,,-0,,-0.07,,,,,,34892000000,23296000000,0.662,,23113000000,,,,,,,,,,,,true,false,3,2023-04-01,2023-06-30,0
2023-08-10,52800,2023-03-31,1,5286000000,-0.152,,,,,653000000,-0.297,650000000,-0.438,,420000000,,58.48,,,,,,,,,,,,,,,,,,,,,,true,false,3,2022-04-01,2022-06-30,-1
2023-08-10,52800,2024-03-31,1,9000000000,0.132,,,,,650000000,-0.199,700000000,-0.240,,400000000,,56.31,,,,,,,,,,,,,,,,,,,,,,true,true,6,2023-04-01,2023-09-30,0
2023-08-10,52800,2024-03-31,1,25000000000,0.700,,,,,2400000000,0.696,2500000000,0.458,,1550000000,,218.19,,,,,,,,,,,,,,,,,,,,,,true,true,12,2023-04-01,2024-03-31,0
2023-08-10,52800,2023-03-31,1,,,,,,,,,,,,,,,,,,,,35870000000,23498000000,0.650,,23322000000,,,,,,,,,,,,true,false,12,2022-04-01,2023-03-31,-1
2023-08-10,52800,2023-03-31,1,,,,,,,,,,,,,,,,,,,,,,,,,,,,,50.00,,,,8030248,926393,,false,false,12,2022-04-01,2023-03-31,-1
2023-08-10,52800,2024-03-31,1,,,,,,,,,,,,,,,,,,,,,,,,,,,,,51.00,,,,,,,false,true,12,2023-04-01,2024-03-31,0
2023-08-10,52800,2024-03-31,1,,,,,,,,,,,,,,,,,,,,,,,,,,,,,,,,,8030248,926393,7103855,false,false,3,2023-04-01,2023-06-30,0
2023-08-10,52800,2023-03-31,1,,,,,,,,,,,,,,,,,,,,,,,,,,,,,,,,,,,7185505,false,false,3,2022-04-01,2022-06-30,-1
2023-10-31,52800,2024-03-31,2,6972000000,-0.123,,,,,398000000,-0.508,505000000,-0.452,,321000000,,45.20,,,,,,38149000000,23587000000,0.613,,23401000000,,,,,,,,,,,,true,false,6,2023-04-01,2023-09-30,0
2023-10-31,52800,2023-03-31,2,7953000000,-0.152,,,,,811000000,-0.248,921000000,-0.249,,591000000,,82.42,,,,,,,,,,,,,,,,,,,,,,true,false,6,2022-04-01,2022-09-30,-1
2023-10-31,52800,2024-03-31,2,25000000000,0.700,,,,,2400000000,0.696,2500000000,0.458,,1550000000,,218.19,,,,,,,,,,,,,,,,,,,,,,true,true,12,2023-04-01,2024-03-31,0
2023-10-31,52800,2023-03-31,2,,,,,,,,,,,,,,,,,,,,35870000000,23498000000,0.650,,23322000000,,,,,,,,,,,,true,false,12,2022-04-01,2023-03-31,-1
2023-10-31,52800,2023-03-31,2,,,,,,,,,,,,,,,,,,,,,,,,,,,,,50.00,,,,8030248,926393,,false,false,12,2022-04-01,2023-03-31,-1
2023-10-31,52800,2024-03-31,2,,,,,,,,,,,,,,,,,,,,,,,,,,,,,0.00,,,,,,,false,false,12,2023-04-01,2024-03-31,0
2023-10-31,52800,2024-03-31,2,,,,,,,,,,,,,,,,,,,,,,,,,,,,,51.00,,,,,,,false,true,12,2023-04-01,2024-03-31,0
2023-10-31,52800,2024-03-31,2,,,,,,,,,,,,,,,,,,,,,,,,,,,,,,,,,8030248,926393,7103855,false,false,6,2023-04-01,2023-09-30,0
2023-10-31,52800,2023-03-31,2,,,,,,,,,,,,,,,,,,,,,,,,,,,,,,,,,,,7176012,false,false,6,2022-04-01,2022-09-30,-1
2024-01-31,52800,2024-03-31,3,8666000000,-0.084,,,,,323000000,-0.496,483000000,-0.401,,294000000,,41.44,,,,,,45121000000,23559000000,0.518,,23371000000,,,,,,,,,,,,true,false,9,2023-04-01,2023-12-31,0
2024-01-31,52800,2023-03-31,3,9461000000,-0.238,,,,,641000000,-0.643,806000000,-0.594,,514000000,,71.82,,,,,,,,,,,,,,,,,,,,,,true,false,9,2022-04-01,2022-12-31,-1
2024-01-31,52800,2024-03-31,3,25000000000,0.700,,,,,2400000000,0.696,2500000000,0.458,,1550000000,,218.19,,,,,,,,,,,,,,,,,,,,,,true,true,12,2023-04-01,2024-03-31,0
2024-01-31,52800,2023-03-31,3,,,,,,,,,,,,,,,,,,,,35870000000,23498000000,0.650,,23322000000,,,,,,,,,,,,true,false,12,2022-04-01,2023-03-31,-1
2024-01-31,52800,2023-03-31,3,,,,,,,,,,,,,,,,,,,,,,,,,,,,,50.00,,,,8030248,926393,,false,false,12,2022-04-01,2023-03-31,-1
2024-01-31,52800,2024-03-31,3,,,,,,,,,,,,,,,,,,,,,,,,,,,,,0.00,,,,,,,false,false,12,2023-04-01,2024-03-31,0
2024-01-31,52800,2024-03-31,3,,,,,,,,,,,,,,,,,,,,,,,,,,,,,51.00,,,,,,,false,true,12,2023-04-01,2024-03-31,0
2024-01-31,52800,2024-03-31,3,,,,,,,,,,,,,,,,,,,,,,,,,,,,,,,,,8030248,926393,7103855,false,false,9,2023-04-01,2023-12-31,0
2024-01-31,52800,2023-03-31,3,,,,,,,,,,,,,,,,,,,,,,,,,,,,,,,,,,,7168865,false,false,9,2022-04-01,2022-12-31,-1
2024-01-31,52800,2024-03-31,3,8649000000,-0.086,,,,,317000000,-0.505,477000000,-0.408,,290000000,,40.91,,,,,,45016000000,23555000000,0.519,,23367000000,,,,,,,,,,,,true,false,9,2023-04-01,2023-12-31,0
2024-01-31,52800,2023-03-31,3,9461000000,-0.238,,,,,641000000,-0.643,806000000,-0.594,,514000000,,71.82,,,,,,,,,,,,,,,,,,,,,,true,false,9,2022-04-01,2022-12-31,-1
2024-01-31,52800,2024-03-31,3,25000000000,0.700,,,,,2400000000,0.696,2500000000,0.458,,1550000000,,218.19,,,,,,,,,,,,,,,,,,,,,,true,true,12,2023-04-01,2024-03-31,0
2024-01-31,52800,2023-03-31,3,,,,,,,,,,,,,,,,,,,,35870000000,23498000000,0.650,,23322000000,,,,,,,,,,,,true,false,12,2022-04-01,2023-03-31,-1
2024-01-31,52800,2023-03-31,3,,,,,,,,,,,,,,,,,,,,,,,,,,,,,50.00,,,,8030248,926393,,false,false,12,2022-04-01,2023-03-31,-1
2024-01-31,52800,2024-03-31,3,,,,,,,,,,,,,,,,,,,,,,,,,,,,,0.00,,,,,,,false,false,12,2023-04-01,2024-03-31,0
2024-01-31,52800,2024-03-31,3,,,,,,,,,,,,,,,,,,,,,,,,,,,,,51.00,,,,,,,false,true,12,2023-04-01,2024-03-31,0
2024-01-31,52800,2024-03-31,3,,,,,,,,,,,,,,,,,,,,,,,,,,,,,,,,,8030248,926393,7103855,false,false,9,2023-04-01,2023-12-31,0
2024-01-31,52800,2023-03-31,3,,,,,,,,,,,,,,,,,,,,,,,,,,,,,,,,,,,7168865,false,false,9,2022-04-01,2022-12-31,-1
2024-05-02,52800,2024-03-31,,23924000000,0.627,,,,,3029000000,1.141,3274000000,0.910,,2030000000,,285.79,,0.084,0.087,0.127,,39328000000,25378000000,0.640,3542.62,25166000000,-2016000000,593000000,801000000,1535000000,,0.192,,,,,,true,false,12,2023-04-01,2024-03-31,0
2024-05-02,52800,2023-03-31,,14704000000,-0.267,,,,,1414000000,-0.404,1714000000,-0.345,,1166000000,,162.92,,0.051,0.050,0.096,,35870000000,23498000000,0.650,3283.08,23322000000,-6080000000,1397000000,2785000000,2156000000,,0.307,,,,,,true,false,12,2022-04-01,2023-03-31,-1
2024-05-02,52800,2025-03-31,,10000000000,0.434,,,,,1300000000,2.259,1350000000,1.672,,850000000,,119.65,,,,,,,,,,,,,,,,,,,,,,true,true,6,2024-04-01,2024-09-30,1
2024-05-02,52800,2025-03-31,,29000000000,0.212,,,,,3700000000,0.221,3800000000,0.160,,2500000000,,351.92,,,,,,,,,,,,,,,,0.165,,,,,,true,true,12,2024-04-01,2025-03-31,1
2024-05-02,52800,2024-03-31,,21142000000,0.890,,,,,2765000000,1.313,3007000000,1.050,1917000000,,0.644,269.97,,,,,,36436000000,23324000000,0.640,3283.40,23324000000,,,,,55.00,,,,8030248,926393,7103855,false,false,12,2023-04-01,2024-03-31,0
2024-05-02,52800,2023-03-31,,11188000000,-0.354,,,,,1195000000,-0.417,1467000000,-0.350,1166000000,,-0.201,163.01,,,,,,33196000000,21598000000,0.651,3040.39,21598000000,,,,,50.00,,,,8030248,926393,7158162,false,false,12,2022-04-01,2023-03-31,-1
2024-05-02,52800,2025-03-31,,,,,,,,,,,,,,,,,,,,,,,,,,,,,,58.00,,,,,,,false,true,12,2024-04-01,2025-03-31,1
2024-05-02,52800,2024-03-31,,23913000000,0.626,,,,,3044000000,1.151,3289000000,0.918,,2102000000,,295.93,,0.087,0.089,0.127,,38101000000,25450000000,0.662,3552.76,25238000000,-2016000000,593000000,801000000,1535000000,,0.186,,,,,,true,false,12,2023-04-01,2024-03-31,0
2024-05-02,52800,2023-03-31,,14704000000,-0.267,,,,,1414000000,-0.404,1714000000,-0.345,,1166000000,,162.92,,0.051,0.050,0.096,,35870000000,23498000000,0.650,3283.08,23322000000,-6080000000,1397000000,2785000000,2156000000,,0.307,,,,,,true,false,12,2022-04-01,2023-03-31,-1
2024-05-02,52800,2025-03-31,,10000000000,0.434,,,,,1300000000,2.259,1350000000,1.672,,850000000,,119.65,,,,,,,,,,,,,,,,,,,,,,true,true,6,2024-04-01,2024-09-30,1
2024-05-02,52800,2025-03-31,,29000000000,0.213,,,,,3700000000,0.215,3800000000,0.155,,2500000000,,351.92,,,,,,,,,,,,,,,,0.165,,,,,,true,true,12,2024-04-01,2025-03-31,1
2024-05-02,52800,2024-03-31,,21048000000,0.881,,,,,2786000000,1.330,3027000000,1.064,1951000000,,0.672,274.71,,,,,,35171000000,23358000000,0.664,3288.13,23358000000,,,,,55.00,,,,8030248,926393,7103855,false,false,12,2023-04-01,2024-03-31,0
2024-05-02,52800,2023-03-31,,11188000000,-0.354,,,,,1195000000,-0.417,1467000000,-0.350,1166000000,,-0.201,163.01,,,,,,33196000000,21598000000,0.651,3040.39,21598000000,,,,,50.00,,,,8030248,926393,7158162,false,false,12,2022-04-01,2023-03-31,-1
2024-05-02,52800,2025-03-31,,,,,,,,,,,,,,,,,,,,,,,,,,,,,,58.00,,,,,,,false,true,12,2024-04-01,2025-03-31,1
2024-07-31,52800,2025-03-31,1,3613000000,-0.236,,,,,-286000000,,-290000000,,,-209000000,,-29.47,,,,,,43083000000,24737000000,0.569,,24521000000,,,,,,,,,,,,true,false,3,2024-04-01,2024-06-30,0
2024-07-31,52800,2024-03-31,1,4731000000,-0.105,,,,,16000000,-0.974,8000000,-0.987,,-0,,-0.07,,,,,,,,,,,,,,,,,,,,,,true,false,3,2023-04-01,2023-06-30,-1
2024-07-31,52800,2025-03-31,1,10000000000,0.434,,,,,1300000000,2.259,1350000000,1.672,,850000000,,119.65,,,,,,,,,,,,,,,,,,,,,,true,true,6,2024-04-01,2024-09-30,0
2024-07-31,52800,2025-03-31,1,29000000000,0.213,,,,,3700000000,0.215,3800000000,0.155,,2500000000,,351.92,,,,,,,,,,,,,,,,,,,,,,true,true,12,2024-04-01,2025-03-31,0
2024-07-31,52800,2024-03-31,1,,,,,,,,,,,,,,,,,,,,38101000000,25450000000,0.662,,25238000000,,,,,,,,,,,,true,false,12,2023-04-01,2024-03-31,-1
2024-07-31,52800,2024-03-31,1,,,,,,,,,,,,,,,,,,,,,,,,,,,,,55.00,,,,8030248,926393,,false,false,12,2023-04-01,2024-03-31,-1
2024-07-31,52800,2025-03-31,1,,,,,,,,,,,,,,,,,,,,,,,,,,,,,58.00,,,,,,,false,true,12,2024-04-01,2025-03-31,0
2024-07-31,52800,2025-03-31,1,,,,,,,,,,,,,,,,,,,,,,,,,,,,,,,,,8030248,927493,7103405,false,false,3,2024-04-01,2024-06-30,0
2024-07-31,52800,2024-03-31,1,,,,,,,,,,,,,,,,,,,,,,,,,,,,,,,,,,,7103855,false,false,3,2023-04-01,2023-06-30,-1
2024-10-31,52800,2025-03-31,2,7930000000,0.137,,,,,198000000,-0.502,249000000,-0.506,,131000000,,18.53,,,,,,42684000000,24962000000,0.580,,24742000000,,,,,,,,,,,,true,false,6,2024-04-01,2024-09-30,0
2024-10-31,52800,2024-03-31,2,6972000000,-0.123,,,,,398000000,-0.508,505000000,-0.452,,321000000,,45.20,,,,,,,,,,,,,,,,,,,,,,true,false,6,2023-04-01,2023-09-30,-1
2024-10-31,52800,2025-03-31,2,29000000000,0.213,,,,,3700000000,0.215,3800000000,0.155,,2500000000,,351.92,,,,,,,,,,,,,,,,,,,,,,true,true,12,2024-04-01,2025-03-31,0
2024-10-31,52800,2024-03-31,2,,,,,,,,,,,,,,,,,,,,38101000000,25450000000,0.662,,25238000000,,,,,,,,,,,,true,false,12,2023-04-01,2024-03-31,-1
2024-10-31,52800,2024-03-31,2,,,,,,,,,,,,,,,,,,,,,,,,,,,,,55.00,,,,8030248,926393,,false,false,12,2023-04-01,2024-03-31,-1
2024-10-31,52800,2025-03-31,2,,,,,,,,,,,,,,,,,,,,,,,,,,,,,0.00,,,,,,,false,false,12,2024-04-01,2025-03-31,0
2024-10-31,52800,2025-03-31,2,,,,,,,,,,,,,,,,,,,,,,,,,,,,,58.00,,,,,,,false,true,12,2024-04-01,2025-03-31,0
2024-10-31,52800,2025-03-31,2,,,,,,,,,,,,,,,,,,,,,,,,,,,,,,,,,8030248,927157,7119408,false,false,6,2024-04-01,2024-09-30,0
2024-10-31,52800,2024-03-31,2,,,,,,,,,,,,,,,,,,,,,,,,,,,,,,,,,,,7103855,false,false,6,2023-04-01,2023-09-30,-1
2025-01-31,52800,2025-03-31,3,17964000000,1.077,,,,,3099000000,8.769,3128000000,5.554,,2028000000,,285.42,,,,,,41826000000,26733000000,0.634,,26506000000,,,,,,,,,,,,true,false,9,2024-04-01,2024-12-31,0
2025-01-31,52800,2024-03-31,3,8649000000,-0.086,,,,,317000000,-0.505,477000000,-0.408,,290000000,,40.91,,,,,,,,,,,,,,,,,,,,,,true,false,9,2023-04-01,2023-12-31,-1
2025-01-31,52800,2025-03-31,3,29000000000,0.213,,,,,3700000000,0.215,3800000000,0.155,,2500000000,,351.92,,,,,,,,,,,,,,,,,,,,,,true,true,12,2024-04-01,2025-03-31,0
2025-01-31,52800,2024-03-31,3,,,,,,,,,,,,,,,,,,,,38101000000,25450000000,0.662,,25238000000,,,,,,,,,,,,true,false,12,2023-04-01,2024-03-31,-1
2025-01-31,52800,2024-03-31,3,,,,,,,,,,,,,,,,,,,,,,,,,,,,,55.00,,,,8030248,926393,,false,false,12,2023-04-01,2024-03-31,-1
2025-01-31,52800,2025-03-31,3,,,,,,,,,,,,,,,,,,,,,,,,,,,,,0.00,,,,,,,false,false,12,2024-04-01,2025-03-31,0
2025-01-31,52800,2025-03-31,3,,,,,,,,,,,,,,,,,,,,,,,,,,,,,58.00,,,,,,,false,true,12,2024-04-01,2025-03-31,0
2025-01-31,52800,2025-03-31,3,,,,,,,,,,,,,,,,,,,,,,,,,,,,,,,,,8030248,966357,7108263,false,false,9,2024-04-01,2024-12-31,0
2025-01-31,52800,2024-03-31,3,,,,,,,,,,,,,,,,,,,,,,,,,,,,,,,,,,,7103855,false,false,9,2023-04-01,2023-12-31,-1
2025-04-30,52800,2025-03-31,,27474000000,0.149,,,,,4678000000,0.537,4713000000,0.433,,3017000000,,425.42,,0.115,0.114,0.170,,44312000000,27684000000,0.619,3907.28,27439000000,2796000000,-833000000,-184000000,3314000000,,0.176,,,,,,true,false,12,2024-04-01,2025-03-31,0
2025-04-30,52800,2024-03-31,,23913000000,0.626,,,,,3044000000,1.151,3289000000,0.918,,2102000000,,295.93,,0.087,0.089,0.127,,38101000000,25450000000,0.662,3552.76,25238000000,-2016000000,593000000,801000000,1535000000,,0.186,,,,,,true,false,12,2023-04-01,2024-03-31,-1
2025-04-30,52800,2026-03-31,,10000000000,0.261,,,,,1000000000,4.035,1000000000,3.004,,700000000,,98.68,,,,,,,,,,,,,,,,,,,,,,true,true,6,2025-04-01,2025-09-30,1
2025-04-30,52800,2026-03-31,,30000000000,0.092,,,,,5000000000,0.069,5000000000,0.061,,3200000000,,451.11,,,,,,,,,,,,,,,,0.177,,,,,,true,true,12,2025-04-01,2026-03-31,1
2025-04-30,52800,2025-03-31,,25596000000,0.216,,,,,4526000000,0.624,4561000000,0.507,2943000000,,0.508,414.99,,,,,,40999000000,25498000000,0.622,3630.82,25498000000,,,,,75.00,,,,8030248,1007557,7093546,false,false,12,2024-04-01,2025-03-31,0
2025-04-30,52800,2024-03-31,,21048000000,0.881,,,,,2786000000,1.330,3027000000,1.064,1951000000,,0.672,274.71,,,,,,35171000000,23358000000,0.664,3288.13,23358000000,,,,,55.00,,,,8030248,926393,7103855,false,false,12,2023-04-01,2024-03-31,-1
2025-04-30,52800,2026-03-31,,,,,,,,,,,,,,,,,,,,,,,,,,,,,,80.00,,,,,,,false,true,12,2025-04-01,2026-03-31,1
2025-07-31,52800,2026-03-31,1,2738000000,-0.242,,,,,23000000,,97000000,,,66000000,,9.50,,,,,,45744000000,27252000000,0.590,,27004000000,,,,,,,,,,,,true,false,3,2025-04-01,2025-06-30,0
2025-07-31,52800,2025-03-31,1,3613000000,-0.236,,,,,-286000000,,-290000000,,,-209000000,,-29.47,,,,,,,,,,,,,,,,,,,,,,true,false,3,2024-04-01,2024-06-30,-1
2025-07-31,52800,2026-03-31,1,10000000000,0.261,,,,,1000000000,4.035,1000000000,3.004,,700000000,,98.68,,,,,,,,,,,,,,,,,,,,,,true,true,6,2025-04-01,2025-09-30,0
2025-07-31,52800,2026-03-31,1,30000000000,0.092,,,,,5000000000,0.069,5000000000,0.061,,3200000000,,451.11,,,,,,,,,,,,,,,,,,,,,,true,true,12,2025-04-01,2026-03-31,0
2025-07-31,52800,2025-03-31,1,,,,,,,,,,,,,,,,,,,,44312000000,27684000000,0.619,,27439000000,,,,,,,,,,,,true,false,12,2024-04-01,2025-03-31,-1
2025-07-31,52800,2025-03-31,1,,,,,,,,,,,,,,,,,,,,,,,,,,,,,75.00,,,,8030248,1007557,,false,false,12,2024-04-01,2025-03-31,-1
2025-07-31,52800,2026-03-31,1,,,,,,,,,,,,,,,,,,,,,,,,,,,,,80.00,,,,,,,false,true,12,2025-04-01,2026-03-31,0
2025-07-31,52800,2026-03-31,1,,,,,,,,,,,,,,,,,,,,,,,,,,,,,,,,,8030248,1026857,7013041,false,false,3,2025-04-01,2025-06-30,0
2025-07-31,52800,2025-03-31,1,,,,,,,,,,,,,,,,,,,,,,,,,,,,,,,,,,,7103405,false,false,3,2024-04-01,2024-06-30,-1
