filing_date,code,fiscal_year_end,quarterly_period,net_sales,net_sales_change,revenue,revenue_change,operating_revenue,operating_revenue_change,operating_profit,operating_profit_change,ordinary_profit,ordinary_profit_change,net_income,net_income_of_parent,net_income_change,eps,diluted_eps,roe,roa,operating_profit_to_net_sales,operating_profit_to_revenue,total_assets,net_assets,equity_ratio,bps,owner_equity,operating_cash_flow,investing_cash_flow,financing_cash_flow,cash,dividend_per_share,payout_ratio,commemorative_dividend,extra_dividend,number_of_shares,number_of_treqsury_shares,avg_number_of_shares,is_consolidated,is_forecast,duration,period_start,period_end,period_pos
2015-05-15,52870,2015-03-31,,2449000000,-0.054,,,,,21000000,-0.698,29000000,-0.611,34000000,,-0.425,11.64,,0.011,0.007,0.009,,3994000000,3170000000,0.794,1061.94,3170000000,-21000000,-84000000,-42000000,507000000,7.00,0.601,,,3568000,582131,2985487,false,false,12,2014-04-01,2015-03-31,0
2015-05-15,52870,2014-03-31,,2589000000,0.083,,,,,70000000,0.949,76000000,0.729,60000000,,0.868,20.25,,0.019,0.019,0.027,,4066000000,3145000000,0.774,1054.04,3145000000,28000000,-76000000,-24000000,653000000,12.00,0.593,,,3568000,583731,2984269,false,false,12,2013-04-01,2014-03-31,-1
2015-05-15,52870,2016-03-31,,980000000,-0.024,,,,,-52000000,,-50000000,,-57000000,,,-19.32,,,,,,,,,,,,,,,,,,,,,,false,true,6,2015-04-01,2015-09-30,1
2015-05-15,52870,2016-03-31,,2500000000,0.021,,,,,40000000,0.896,45000000,0.540,30000000,,-0.122,10.22,,,,,,,,,,,,,,,10.00,0.978,,,,,,false,true,12,2015-04-01,2016-03-31,1
2015-07-31,52870,2016-03-31,1,407000000,0.047,,,,,-66000000,,-64000000,,-69000000,,,-23.23,,,,,,3831000000,3082000000,0.804,,3082000000,,,,,,,,,3568000,582165,2985868,false,false,3,2015-04-01,2015-06-30,0
2015-07-31,52870,2015-03-31,1,389000000,-0.145,,,,,-74000000,,-72000000,,-75000000,,,-25.19,,,,,,,,,,,,,,,,,,,,,2984339,false,false,3,2014-04-01,2014-06-30,-1
2015-07-31,52870,2016-03-31,1,980000000,-0.024,,,,,-52000000,,-50000000,,-57000000,,,-19.32,,,,,,,,,,,,,,,,,,,,,,false,true,6,2015-04-01,2015-09-30,0
2015-07-31,52870,2016-03-31,1,2500000000,0.021,,,,,40000000,0.896,45000000,0.540,30000000,,-0.122,10.22,,,,,,,,,,,,,,,10.00,,,,,,,false,true,12,2015-04-01,2016-03-31,0
2015-07-31,52870,2015-03-31,1,,,,,,,,,,,,,,,,,,,,3994000000,3170000000,0.794,,3170000000,,,,,7.00,,,,3568000,582131,,false,false,12,2014-04-01,2015-03-31,-1
2015-10-23,52870,2016-03-31,,884000000,-0.098,,,,,-119000000,,-117000000,,-127000000,,,-42.64,,,,,,,,,,,,,,,,,,,,,,false,true,6,2015-04-01,2015-09-30,0
2015-10-23,52870,2015-03-31,,1005000000,,,,,,-89000000,,-85000000,,-89000000,,,-30.09,,,,,,,,,,,,,,,,,,,,,,false,false,6,2014-04-01,2014-09-30,-1
2015-10-30,52870,2016-03-31,2,884000000,-0.120,,,,,-119000000,,-117000000,,-127000000,,,-42.64,,,,,,3726000000,3032000000,0.814,,3032000000,,,,,,,,,3568000,582165,2985851,false,false,6,2015-04-01,2015-09-30,0
2015-10-30,52870,2015-03-31,2,1005000000,0.031,,,,,-89000000,,-85000000,,-89000000,,,-30.09,,,,,,,,,,,,,,,,,,,,,2985108,false,false,6,2014-04-01,2014-09-30,-1
2015-10-30,52870,2016-03-31,2,2500000000,0.021,,,,,40000000,0.896,45000000,0.540,30000000,,-0.122,10.22,,,,,,,,,,,,,,,10.00,,,,,,,false,true,12,2015-04-01,2016-03-31,0
2015-10-30,52870,2015-03-31,2,,,,,,,,,,,,,,,,,,,,3994000000,3170000000,0.794,,3170000000,,,,,7.00,,,,3568000,582131,,false,false,12,2014-04-01,2015-03-31,-1
2015-10-30,52870,2016-03-31,2,,,,,,,,,,,,,,,,,,,,,,,,,,,,,0.00,,,,,,,false,false,12,2015-04-01,2016-03-31,0
2016-01-29,52870,2016-03-31,3,1576000000,-0.119,,,,,-82000000,,-80000000,,-96000000,,,-32.26,,,,,,3864000000,3056000000,0.791,,3056000000,,,,,,,,,3568000,582165,2985846,false,false,9,2015-04-01,2015-12-31,0
2016-01-29,52870,2015-03-31,3,1789000000,0.003,,,,,-47000000,,-41000000,,-48000000,,,-16.20,,,,,,,,,,,,,,,,,,,,,2985362,false,false,9,2014-04-01,2014-12-31,-1
2016-01-29,52870,2016-03-31,3,2500000000,0.021,,,,,40000000,0.896,45000000,0.540,30000000,,-0.122,10.22,,,,,,,,,,,,,,,10.00,,,,,,,false,true,12,2015-04-01,2016-03-31,0
2016-01-29,52870,2015-03-31,3,,,,,,,,,,,,,,,,,,,,3994000000,3170000000,0.794,,3170000000,,,,,7.00,,,,3568000,582131,,false,false,12,2014-04-01,2015-03-31,-1
2016-01-29,52870,2016-03-31,3,,,,,,,,,,,,,,,,,,,,,,,,,,,,,0.00,,,,,,,false,false,12,2015-04-01,2016-03-31,0
2016-04-22,52870,2016-03-31,,2348000000,-0.061,,,,,14000000,-0.650,20000000,-0.556,17000000,,-0.433,5.69,,,,,,,,,,,,,,,,,,,,,,true,true,12,2015-04-01,2016-03-31,0
2016-04-22,52870,2015-03-31,,2449000000,,,,,,21000000,,29000000,,34000000,,,11.64,,,,,,,,,,,,,,,,,,,,,,true,false,12,2014-04-01,2015-03-31,-1
2016-05-13,52870,2016-03-31,,2348000000,-0.041,,,,,14000000,-0.327,20000000,-0.304,18000000,,-0.470,6.17,,0.006,0.005,0.006,,4021000000,3158000000,0.785,1057.91,3158000000,231000000,-33000000,-32000000,672000000,6.00,0.973,,,3568000,582165,2985843,false,false,12,2015-04-01,2016-03-31,0
2016-05-13,52870,2015-03-31,,2449000000,-0.054,,,,,21000000,-0.698,29000000,-0.611,34000000,,-0.425,11.64,,0.011,0.007,0.009,,3994000000,3170000000,0.794,1061.94,3170000000,-21000000,-84000000,-42000000,507000000,7.00,0.601,,,3568000,582131,2985487,false,false,12,2014-04-01,2015-03-31,-1
2016-05-13,52870,2017-03-31,,973000000,-0.001,,,,,-69000000,,-66000000,,-74000000,,,-24.88,,,,,,,,,,,,,,,,,,,,,,false,true,6,2016-04-01,2016-09-30,1
2016-05-13,52870,2017-03-31,,2544000000,-0.002,,,,,45000000,0.135,50000000,0.120,35000000,,0.179,12.05,,,,,,,,,,,,,,,8.00,0.664,,,,,,false,true,12,2016-04-01,2017-03-31,1
2016-07-29,52870,2017-03-31,1,448000000,0.101,,,,,-59000000,,-55000000,,-58000000,,,-19.56,,,,,,3824000000,3069000000,0.803,,3069000000,,,,,,,,,3568000,582165,2985835,false,false,3,2016-04-01,2016-06-30,0
2016-07-29,52870,2016-03-31,1,407000000,0.047,,,,,-66000000,,-64000000,,-69000000,,,-23.23,,,,,,,,,,,,,,,,,,,,,2985868,false,false,3,2015-04-01,2015-06-30,-1
2016-07-29,52870,2017-03-31,1,973000000,0.101,,,,,-69000000,,-66000000,,-74000000,,,-24.88,,,,,,,,,,,,,,,,,,,,,,false,true,6,2016-04-01,2016-09-30,0
2016-07-29,52870,2017-03-31,1,2544000000,0.083,,,,,45000000,2.214,50000000,1.500,35000000,,0.944,12.05,,,,,,,,,,,,,,,8.00,,,,,,,false,true,12,2016-04-01,2017-03-31,0
2016-07-29,52870,2016-03-31,1,,,,,,,,,,,,,,,,,,,,4021000000,3158000000,0.785,,3158000000,,,,,6.00,,,,3568000,582165,,false,false,12,2015-04-01,2016-03-31,-1
2016-05-13,52870,2016-03-31,,2348000000,-0.041,,,,,14000000,-0.327,20000000,-0.304,18000000,,-0.470,6.17,,0.006,0.005,0.006,,4021000000,3158000000,0.785,1057.91,3158000000,231000000,-33000000,-32000000,672000000,6.00,0.973,,,3568000,582165,2985843,false,false,12,2015-04-01,2016-03-31,0
2016-05-13,52870,2015-03-31,,2449000000,-0.054,,,,,21000000,-0.698,29000000,-0.611,34000000,,-0.425,11.64,,0.011,0.007,0.009,,3994000000,3170000000,0.794,1061.94,3170000000,-21000000,-84000000,-42000000,507000000,7.00,0.601,,,3568000,582131,2985487,false,false,12,2014-04-01,2015-03-31,-1
2016-05-13,52870,2017-03-31,,973000000,0.101,,,,,-69000000,,-66000000,,-74000000,,,-24.88,,,,,,,,,,,,,,,,,,,,,,false,true,6,2016-04-01,2016-09-30,1
2016-05-13,52870,2017-03-31,,2544000000,0.083,,,,,45000000,2.214,50000000,1.500,35000000,,0.944,12.05,,,,,,,,,,,,,,,8.00,0.664,,,,,,false,true,12,2016-04-01,2017-03-31,1
2016-10-21,52870,2017-03-31,,956000000,-0.017,,,,,-96000000,,-90000000,,-97000000,,,-32.54,,,,,,,,,,,,,,,,,,,,,,false,true,6,2016-04-01,2016-09-30,0
2016-10-21,52870,2016-03-31,,884000000,,,,,,-119000000,,-117000000,,-127000000,,,-42.64,,,,,,,,,,,,,,,,,,,,,,false,false,6,2015-04-01,2015-09-30,-1
2016-10-28,52870,2017-03-31,2,956000000,0.082,,,,,-96000000,,-90000000,,-97000000,,,-32.54,,,,,,3760000000,3044000000,0.810,,3044000000,,,,,,,,,3568000,582165,2985835,false,false,6,2016-04-01,2016-09-30,0
2016-10-28,52870,2016-03-31,2,884000000,-0.120,,,,,-119000000,,-117000000,,-127000000,,,-42.64,,,,,,,,,,,,,,,,,,,,,2985851,false,false,6,2015-04-01,2015-09-30,-1
2016-10-28,52870,2017-03-31,2,2544000000,0.083,,,,,45000000,2.214,50000000,1.500,35000000,,0.944,12.05,,,,,,,,,,,,,,,8.00,,,,,,,false,true,12,2016-04-01,2017-03-31,0
2016-10-28,52870,2016-03-31,2,,,,,,,,,,,,,,,,,,,,4021000000,3158000000,0.785,,3158000000,,,,,6.00,,,,3568000,582165,,false,false,12,2015-04-01,2016-03-31,-1
2016-10-28,52870,2017-03-31,2,,,,,,,,,,,,,,,,,,,,,,,,,,,,,0.00,,,,,,,false,false,12,2016-04-01,2017-03-31,0
2017-02-03,52870,2017-03-31,3,1713000000,0.087,,,,,-33000000,,-25000000,,-33000000,,,-11.34,,,,,,3933000000,3116000000,0.792,,3116000000,,,,,,,,,3568000,582165,2985835,false,false,9,2016-04-01,2016-12-31,0
2017-02-03,52870,2016-03-31,3,1576000000,-0.119,,,,,-82000000,,-80000000,,-96000000,,,-32.26,,,,,,,,,,,,,,,,,,,,,2985846,false,false,9,2015-04-01,2015-12-31,-1
2017-02-03,52870,2017-03-31,3,2544000000,0.083,,,,,45000000,2.214,50000000,1.500,35000000,,0.944,12.05,,,,,,,,,,,,,,,8.00,,,,,,,false,true,12,2016-04-01,2017-03-31,0
2017-02-03,52870,2016-03-31,3,,,,,,,,,,,,,,,,,,,,4021000000,3158000000,0.785,,3158000000,,,,,6.00,,,,3568000,582165,,false,false,12,2015-04-01,2016-03-31,-1
2017-02-03,52870,2017-03-31,3,,,,,,,,,,,,,,,,,,,,,,,,,,,,,0.00,,,,,,,false,false,12,2016-04-01,2017-03-31,0
2017-04-21,52870,2017-03-31,,2589000000,0.018,,,,,45000000,0.000,54000000,0.080,-195000000,,-6.571,-65.56,,,,,,,,,,,,,,,,,,,,,,false,true,12,2016-04-01,2017-03-31,0
2017-04-21,52870,2016-03-31,,2348000000,,,,,,14000000,,20000000,,18000000,,,6.17,,,,,,,,,,,,,,,,,,,,,,false,false,12,2015-04-01,2016-03-31,-1
2017-05-12,52870,2017-03-31,,2589000000,0.103,,,,,45000000,2.159,54000000,1.664,-195000000,,,-65.56,,-0.064,0.013,0.018,,4119000000,2958000000,0.718,990.69,2958000000,-23000000,-277000000,164000000,536000000,8.00,,,,3568000,581865,2985908,false,false,12,2016-04-01,2017-03-31,0
2017-05-12,52870,2016-03-31,,2348000000,-0.041,,,,,14000000,-0.327,20000000,-0.304,18000000,,-0.470,6.17,,0.006,0.005,0.006,,4021000000,3158000000,0.785,1057.91,3158000000,231000000,-33000000,-32000000,672000000,6.00,0.973,,,3568000,582165,2985843,false,false,12,2015-04-01,2016-03-31,-1
2017-05-12,52870,2018-03-31,,984000000,0.029,,,,,-72000000,,-70000000,,-77000000,,,-26.01,,,,,,,,,,,,,,,,,,,,,,false,true,6,2017-04-01,2017-09-30,1
2017-05-12,52870,2018-03-31,,2554000000,-0.014,,,,,55000000,0.222,60000000,0.111,45000000,,,15.29,,,,,,,,,,,,,,,8.00,0.523,,,,,,false,true,12,2017-04-01,2018-03-31,1
2017-06-05,52870,2018-03-31,,984000000,0.000,,,,,-72000000,0.000,-70000000,0.000,-16000000,,0.792,-5.39,,,,,,,,,,,,,,,,,,,,,,false,true,6,2017-04-01,2017-09-30,0
2017-06-05,52870,2017-03-31,,956000000,,,,,,-96000000,,-90000000,,-97000000,,,-32.54,,,,,,,,,,,,,,,,,,,,,,false,false,6,2016-04-01,2016-09-30,-1
2017-06-05,52870,2018-03-31,,2554000000,0.000,,,,,55000000,0.000,60000000,0.000,107000000,,1.378,35.91,,,,,,,,,,,,,,,,,,,,,,false,true,12,2017-04-01,2018-03-31,0
2017-06-05,52870,2017-03-31,,2589000000,,,,,,45000000,,54000000,,-195000000,,,-65.56,,,,,,,,,,,,,,,,,,,,,,false,false,12,2016-04-01,2017-03-31,-1
2017-07-28,52870,2018-03-31,1,573000000,0.277,,,,,-55000000,,-52000000,,-51000000,,,-17.19,,,,,,3979000000,2882000000,0.724,,2882000000,,,,,,,,,3568000,581865,2986135,false,false,3,2017-04-01,2017-06-30,0
2017-07-28,52870,2017-03-31,1,448000000,0.101,,,,,-59000000,,-55000000,,-45000000,,,-15.38,,,,,,,,,,,,,,,,,,,,,2985835,false,false,3,2016-04-01,2016-06-30,-1
2017-07-28,52870,2018-03-31,1,984000000,0.029,,,,,-72000000,,-70000000,,-16000000,,,-5.39,,,,,,,,,,,,,,,,,,,,,,false,true,6,2017-04-01,2017-09-30,0
2017-07-28,52870,2018-03-31,1,2554000000,-0.014,,,,,55000000,0.222,60000000,0.111,107000000,,,35.91,,,,,,,,,,,,,,,8.00,,,,,,,false,true,12,2017-04-01,2018-03-31,0
2017-07-28,52870,2017-03-31,1,,,,,,,,,,,,,,,,,,,,4119000000,2958000000,0.718,,2958000000,,,,,8.00,,,,3568000,581865,,false,false,12,2016-04-01,2017-03-31,-1
2017-10-20,52870,2018-03-31,,1365000000,0.387,,,,,-39000000,,-35000000,,25000000,,,8.58,,,,,,,,,,,,,,,,,,,,,,false,true,6,2017-04-01,2017-09-30,0
2017-10-20,52870,2017-03-31,,956000000,,,,,,-96000000,,-90000000,,-75000000,,,-25.30,,,,,,,,,,,,,,,,,,,,,,false,false,6,2016-04-01,2016-09-30,-1
2017-10-27,52870,2018-03-31,2,1365000000,0.427,,,,,-39000000,,-35000000,,25000000,,,8.58,,,,,,4040000000,2961000000,0.733,,2961000000,,,,,,,,,3568000,581865,2986135,false,false,6,2017-04-01,2017-09-30,0
2017-10-27,52870,2017-03-31,2,956000000,0.082,,,,,-96000000,,-90000000,,-75000000,,,-25.30,,,,,,,,,,,,,,,,,,,,,2985835,false,false,6,2016-04-01,2016-09-30,-1
2017-10-27,52870,2018-03-31,2,2544000000,-0.014,,,,,55000000,0.222,60000000,0.111,107000000,,,35.91,,,,,,,,,,,,,,,8.00,,,,,,,false,true,12,2017-04-01,2018-03-31,0
2017-10-27,52870,2017-03-31,2,,,,,,,,,,,,,,,,,,,,4119000000,2958000000,0.718,,2958000000,,,,,8.00,,,,3568000,581865,,false,false,12,2016-04-01,2017-03-31,-1
2017-10-27,52870,2018-03-31,2,,,,,,,,,,,,,,,,,,,,,,,,,,,,,0.00,,,,,,,false,false,12,2017-04-01,2018-03-31,0
2017-12-21,52870,2018-03-31,,2544000000,0.000,,,,,55000000,0.000,60000000,0.000,250000000,,1.336,84.05,,,,,,,,,,,,,,,,,,,,,,false,true,12,2017-04-01,2018-03-31,0
2017-12-21,52870,2017-03-31,,2589000000,,,,,,45000000,,54000000,,-195000000,,,-65.56,,,,,,,,,,,,,,,,,,,,,,false,false,12,2016-04-01,2017-03-31,-1
2018-02-02,52870,2018-03-31,3,2036000000,0.188,,,,,-9000000,,-4000000,,86000000,,,29.06,,,,,,4127000000,3025000000,0.733,,3025000000,,,,,,,,,3568000,581865,2986135,false,false,9,2017-04-01,2017-12-31,0
2018-02-02,52870,2017-03-31,3,1713000000,0.087,,,,,-33000000,,-25000000,,-20000000,,,-6.92,,,,,,,,,,,,,,,,,,,,,2985835,false,false,9,2016-04-01,2016-12-31,-1
2018-02-02,52870,2018-03-31,3,2544000000,-0.014,,,,,55000000,0.222,60000000,0.111,250000000,,,84.05,,,,,,,,,,,,,,,8.00,,,,,,,false,true,12,2017-04-01,2018-03-31,0
2018-02-02,52870,2017-03-31,3,,,,,,,,,,,,,,,,,,,,4119000000,2958000000,0.718,,2958000000,,,,,8.00,,,,3568000,581865,,false,false,12,2016-04-01,2017-03-31,-1
2018-02-02,52870,2018-03-31,3,,,,,,,,,,,,,,,,,,,,,,,,,,,,,0.00,,,,,,,false,false,12,2017-04-01,2018-03-31,0
2018-04-27,52870,2018-03-31,,2687000000,0.056,,,,,19000000,-0.655,26000000,-0.567,212000000,,-0.152,71.18,,,,,,,,,,,,,,,,,,,,,,false,true,12,2017-04-01,2018-03-31,0
2018-04-27,52870,2017-03-31,,2589000000,,,,,,45000000,,54000000,,-195000000,,,-65.56,,,,,,,,,,,,,,,,,,,,,,false,false,12,2016-04-01,2017-03-31,-1
2018-05-11,52870,2018-03-31,,2687000000,0.038,,,,,19000000,-0.577,26000000,-0.509,212000000,,,71.18,,0.070,0.006,0.007,,4246000000,3147000000,0.741,1054.13,3147000000,186000000,124000000,-59000000,788000000,8.00,0.112,,,3568000,581888,2986132,false,false,12,2017-04-01,2018-03-31,0
2018-05-11,52870,2017-03-31,,2589000000,0.103,,,,,45000000,2.159,54000000,1.664,-195000000,,,-65.56,,-0.064,0.013,0.018,,4119000000,2958000000,0.718,990.69,2958000000,-23000000,-277000000,164000000,536000000,8.00,,,,3568000,581865,2985908,false,false,12,2016-04-01,2017-03-31,-1
2018-05-11,52870,2019-03-31,,2684000000,-0.001,,,,,53000000,1.801,58000000,1.185,21000000,,-0.897,7.32,,,,,,,,,,,,,,,8.00,1.093,,,,,,false,true,12,2018-04-01,2019-03-31,1
2018-06-29,52870,2019-03-31,,2684000000,0.000,,,,,53000000,0.000,58000000,0.000,80000000,,2.810,26.82,,,,,,,,,,,,,,,,,,,,,,false,true,12,2018-04-01,2019-03-31,0
2018-06-29,52870,2018-03-31,,2687000000,,,,,,19000000,,26000000,,212000000,,,71.18,,,,,,,,,,,,,,,,,,,,,,false,false,12,2017-04-01,2018-03-31,-1
2018-07-27,52870,2019-03-31,1,514000000,-0.102,,,,,-53000000,,-51000000,,-38000000,,,-12.79,,,,,,4055000000,3089000000,0.762,,3089000000,,,,,,,,,3568000,581888,2986112,false,false,3,2018-04-01,2018-06-30,0
2018-07-27,52870,2018-03-31,1,573000000,0.277,,,,,-55000000,,-52000000,,-51000000,,,-17.19,,,,,,,,,,,,,,,,,,,,,2986135,false,false,3,2017-04-01,2017-06-30,-1
2018-07-27,52870,2019-03-31,1,2684000000,-0.001,,,,,53000000,1.801,58000000,1.185,80000000,,-0.624,26.82,,,,,,,,,,,,,,,8.00,,,,,,,false,true,12,2018-04-01,2019-03-31,0
2018-07-27,52870,2018-03-31,1,,,,,,,,,,,,,,,,,,,,4246000000,3147000000,0.741,,3147000000,,,,,8.00,,,,3568000,581888,,false,false,12,2017-04-01,2018-03-31,-1
2018-10-26,52870,2019-03-31,2,1111000000,-0.186,,,,,-70000000,,-74000000,,-21000000,,,-7.30,,,,,,3980000000,3102000000,0.779,,3102000000,,,,,,,,,3568000,581888,2986112,false,false,6,2018-04-01,2018-09-30,0
2018-10-26,52870,2018-03-31,2,1365000000,0.427,,,,,-39000000,,-35000000,,25000000,,,8.58,,,,,,,,,,,,,,,,,,,,,2986135,false,false,6,2017-04-01,2017-09-30,-1
2018-10-26,52870,2019-03-31,2,2684000000,-0.001,,,,,53000000,1.801,58000000,1.185,80000000,,-0.624,26.82,,,,,,,,,,,,,,,8.00,,,,,,,false,true,12,2018-04-01,2019-03-31,0
2018-10-26,52870,2018-03-31,2,,,,,,,,,,,,,,,,,,,,4246000000,3147000000,0.741,,3147000000,,,,,8.00,,,,3568000,581888,,false,false,12,2017-04-01,2018-03-31,-1
2018-10-26,52870,2019-03-31,2,,,,,,,,,,,,,,,,,,,,,,,,,,,,,0.00,,,,,,,false,false,12,2018-04-01,2019-03-31,0
2019-02-01,52870,2019-03-31,3,1888000000,-0.072,,,,,-17000000,,-23000000,,14000000,,-0.833,4.84,,,,,,4125000000,3121000000,0.757,,3121000000,,,,,,,,,3568000,581888,2986112,false,false,9,2018-04-01,2018-12-31,0
2019-02-01,52870,2018-03-31,3,2036000000,0.188,,,,,-2000000,,-4000000,,86000000,,,29.06,,,,,,,,,,,,,,,,,,,,,2986135,false,false,9,2017-04-01,2017-12-31,-1
2019-02-01,52870,2019-03-31,3,2684000000,-0.001,,,,,53000000,1.801,58000000,1.185,80000000,,-0.624,26.82,,,,,,,,,,,,,,,8.00,,,,,,,false,true,12,2018-04-01,2019-03-31,0
2019-02-01,52870,2018-03-31,3,,,,,,,,,,,,,,,,,,,,4246000000,3147000000,0.741,,3147000000,,,,,8.00,,,,3568000,581888,,false,false,12,2017-04-01,2018-03-31,-1
2019-02-01,52870,2019-03-31,3,,,,,,,,,,,,,,,,,,,,,,,,,,,,,0.00,,,,,,,false,false,12,2018-04-01,2019-03-31,0
2019-02-01,52870,2019-03-31,3,1888000000,-0.072,,,,,-17000000,,-23000000,,14000000,,-0.833,4.84,,,,,,4125000000,3121000000,0.757,,3121000000,,,,,,,,,3568000,581888,2986112,false,false,9,2018-04-01,2018-12-31,0
2019-02-01,52870,2018-03-31,3,2036000000,0.188,,,,,2000000,,-4000000,,86000000,,,29.06,,,,,,,,,,,,,,,,,,,,,2986135,false,false,9,2017-04-01,2017-12-31,-1
2019-02-01,52870,2019-03-31,3,2684000000,-0.001,,,,,53000000,1.801,58000000,1.185,80000000,,-0.624,26.82,,,,,,,,,,,,,,,8.00,,,,,,,false,true,12,2018-04-01,2019-03-31,0
2019-02-01,52870,2018-03-31,3,,,,,,,,,,,,,,,,,,,,4246000000,3147000000,0.741,,3147000000,,,,,8.00,,,,3568000,581888,,false,false,12,2017-04-01,2018-03-31,-1
2019-02-01,52870,2019-03-31,3,,,,,,,,,,,,,,,,,,,,,,,,,,,,,0.00,,,,,,,false,false,12,2018-04-01,2019-03-31,0
2019-04-24,52870,2019-03-31,,2853000000,0.063,,,,,60000000,0.132,55000000,-0.052,25000000,,-0.688,8.70,,,,,,,,,,,,,,,,,,,,,,false,true,12,2018-04-01,2019-03-31,0
2019-04-24,52870,2018-03-31,,2687000000,,,,,,19000000,,26000000,,212000000,,,71.18,,,,,,,,,,,,,,,,,,,,,,false,false,12,2017-04-01,2018-03-31,-1
2019-05-10,52870,2019-03-31,,2853000000,,,,,,55000000,-0.083,50000000,-0.091,-314000000,,-13.560,-105.40,,,,,,,,,,,,,,,,,,,,,,false,true,12,2018-04-01,2019-03-31,0
2019-05-10,52870,2018-03-31,,2687000000,,,,,,19000000,,26000000,,212000000,,,71.18,,,,,,,,,,,,,,,,,,,,,,false,false,12,2017-04-01,2018-03-31,-1
2019-05-15,52870,2019-03-31,,2853000000,0.062,,,,,55000000,0.587,50000000,0.865,-314000000,,,-105.40,,-0.106,0.012,0.019,,4221000000,2792000000,0.661,935.15,2792000000,-111000000,-51000000,-162000000,462000000,8.00,,,,3568000,581888,2986112,false,false,12,2018-04-01,2019-03-31,0
2019-05-15,52870,2018-03-31,,2687000000,0.038,,,,,34000000,-0.232,26000000,-0.509,212000000,,,71.18,,0.070,0.006,0.013,,4246000000,3147000000,0.741,1054.13,3147000000,186000000,124000000,-59000000,788000000,8.00,0.112,,,3568000,581888,2986132,false,false,12,2017-04-01,2018-03-31,-1
2019-05-15,52870,2020-03-31,,2705000000,-0.052,,,,,58000000,0.049,53000000,0.055,70000000,,,23.44,,,,,,,,,,,,,,,8.00,0.341,,,,,,false,true,12,2019-04-01,2020-03-31,1
2019-08-02,52870,2020-03-31,1,691000000,0.343,,,,,1000000,,0,,43000000,,,14.53,,,,,,4154000000,2809000000,0.676,,2809000000,,,,,,,,,3568000,581888,2986112,false,false,3,2019-04-01,2019-06-30,0
2019-08-02,52870,2019-03-31,1,514000000,-0.102,,,,,-50000000,,-51000000,,-38000000,,,-12.79,,,,,,,,,,,,,,,,,,,,,2986112,false,false,3,2018-04-01,2018-06-30,-1
2019-08-02,52870,2020-03-31,1,2705000000,-0.052,,,,,58000000,0.049,53000000,0.055,70000000,,,23.44,,,,,,,,,,,,,,,8.00,,,,,,,false,true,12,2019-04-01,2020-03-31,0
2019-08-02,52870,2019-03-31,1,,,,,,,,,,,,,,,,,,,,4221000000,2792000000,0.661,,2792000000,,,,,8.00,,,,3568000,581888,,false,false,12,2018-04-01,2019-03-31,-1
2019-11-01,52870,2020-03-31,2,1362000000,0.226,,,,,7000000,,4000000,,46000000,,,15.66,,,,,,4258000000,2815000000,0.661,,2815000000,,,,,,,,,3568000,581888,2986112,false,false,6,2019-04-01,2019-09-30,0
2019-11-01,52870,2019-03-31,2,1111000000,-0.186,,,,,-70000000,,-74000000,,-21000000,,,-7.30,,,,,,,,,,,,,,,,,,,,,2986112,false,false,6,2018-04-01,2018-09-30,-1
2019-11-01,52870,2020-03-31,2,2705000000,-0.052,,,,,58000000,0.049,53000000,0.055,70000000,,,23.44,,,,,,,,,,,,,,,8.00,,,,,,,false,true,12,2019-04-01,2020-03-31,0
2019-11-01,52870,2019-03-31,2,,,,,,,,,,,,,,,,,,,,4221000000,2792000000,0.661,,2792000000,,,,,8.00,,,,3568000,581888,,false,false,12,2018-04-01,2019-03-31,-1
2019-11-01,52870,2020-03-31,2,,,,,,,,,,,,,,,,,,,,,,,,,,,,,0.00,,,,,,,false,false,12,2019-04-01,2020-03-31,0
2020-01-24,52870,2020-03-31,,3000000000,0.109,,,,,80000000,0.379,74000000,0.396,100000000,,0.429,33.49,,,,,,,,,,,,,,,,,,,,,,false,true,12,2019-04-01,2020-03-31,0
2020-01-24,52870,2019-03-31,,2853000000,,,,,,55000000,,50000000,,-314000000,,,-105.40,,,,,,,,,,,,,,,,,,,,,,false,false,12,2018-04-01,2019-03-31,-1
2020-01-31,52870,2020-03-31,3,2261000000,0.197,,,,,65000000,,59000000,,94000000,,5.511,31.52,,,,,,4828000000,2871000000,0.595,,2871000000,,,,,,,,,3568000,581888,2986112,false,false,9,2019-04-01,2019-12-31,0
2020-01-31,52870,2019-03-31,3,1888000000,-0.072,,,,,-17000000,,-23000000,,14000000,,-0.833,4.84,,,,,,,,,,,,,,,,,,,,,2986112,false,false,9,2018-04-01,2018-12-31,-1
2020-01-31,52870,2020-03-31,3,3000000000,0.051,,,,,80000000,0.446,74000000,0.473,100000000,,,33.49,,,,,,,,,,,,,,,8.00,,,,,,,false,true,12,2019-04-01,2020-03-31,0
2020-01-31,52870,2019-03-31,3,,,,,,,,,,,,,,,,,,,,4221000000,2792000000,0.661,,2792000000,,,,,8.00,,,,3568000,581888,,false,false,12,2018-04-01,2019-03-31,-1
2020-01-31,52870,2020-03-31,3,,,,,,,,,,,,,,,,,,,,,,,,,,,,,0.00,,,,,,,false,false,12,2019-04-01,2020-03-31,0
2020-04-28,52870,2020-03-31,,3169000000,0.056,,,,,124000000,0.550,114000000,0.541,140000000,,0.400,47.15,,,,,,,,,,,,,,,12.00,,,,,,,false,true,12,2019-04-01,2020-03-31,0
2020-04-28,52870,2019-03-31,,2853000000,,,,,,55000000,,50000000,,-314000000,,,-105.40,,,,,,,,,,,,,,,8.00,,,,,,,false,false,12,2018-04-01,2019-03-31,-1
2020-05-15,52870,2020-03-31,,3169000000,0.111,,,,,123000000,1.231,113000000,1.268,129000000,,,43.20,,0.045,0.025,0.039,,4887000000,2886000000,0.591,966.55,2886000000,105000000,-507000000,696000000,757000000,12.00,0.277,,,3568000,581914,2986109,false,false,12,2019-04-01,2020-03-31,0
2020-05-15,52870,2019-03-31,,2853000000,0.062,,,,,55000000,0.587,50000000,0.865,-314000000,,,-105.40,,-0.106,0.012,0.019,,4221000000,2792000000,0.661,935.15,2792000000,-111000000,-51000000,-162000000,462000000,8.00,,,,3568000,581888,2986112,false,false,12,2018-04-01,2019-03-31,-1
2020-07-31,52870,2021-03-31,1,586000000,-0.152,,,,,4000000,2.028,3000000,5.262,4000000,,-0.902,1.42,,,,,,4676000000,2864000000,0.613,,2864000000,,,,,,,,,3568000,581957,2986070,false,false,3,2020-04-01,2020-06-30,0
2020-07-31,52870,2020-03-31,1,691000000,0.343,,,,,1000000,,0,,43000000,,,14.53,,,,,,,,,,,,,,,,,,,,,2986112,false,false,3,2019-04-01,2019-06-30,-1
2020-07-31,52870,2020-03-31,1,,,,,,,,,,,,,,,,,,,,4887000000,2886000000,0.590,,2886000000,,,,,12.00,,,,3568000,581914,,false,false,12,2019-04-01,2020-03-31,-1
2020-10-30,52870,2021-03-31,2,1136000000,-0.166,,,,,-29000000,,-33000000,,-27000000,,,-9.33,,,,,,4513000000,2834000000,0.628,,2834000000,,,,,,,,,3568000,582003,2986056,false,false,6,2020-04-01,2020-09-30,0
2020-10-30,52870,2020-03-31,2,1362000000,0.226,,,,,7000000,,4000000,,46000000,,,15.66,,,,,,,,,,,,,,,,,,,,,2986112,false,false,6,2019-04-01,2019-09-30,-1
2020-10-30,52870,2021-03-31,2,2750000000,-0.132,,,,,50000000,-0.595,45000000,-0.605,35000000,,-0.728,11.72,,,,,,,,,,,,,,,8.00,,,,,,,false,true,12,2020-04-01,2021-03-31,0
2020-10-30,52870,2020-03-31,2,,,,,,,,,,,,,,,,,,,,4887000000,2886000000,0.590,,2886000000,,,,,12.00,,,,3568000,581914,,false,false,12,2019-04-01,2020-03-31,-1
2020-10-30,52870,2021-03-31,2,,,,,,,,,,,,,,,,,,,,,,,,,,,,,0.00,,,,,,,false,false,12,2020-04-01,2021-03-31,0
2021-01-29,52870,2021-03-31,3,1984000000,-0.123,,,,,24000000,-0.628,15000000,-0.739,15000000,,-0.838,5.12,,,,,,5161000000,2877000000,0.557,,2877000000,,,,,,,,,3568000,582003,2986036,false,false,9,2020-04-01,2020-12-31,0
2021-01-29,52870,2020-03-31,3,2261000000,0.197,,,,,65000000,,59000000,,94000000,,5.511,31.52,,,,,,,,,,,,,,,,,,,,,2986112,false,false,9,2019-04-01,2019-12-31,-1
2021-01-29,52870,2021-03-31,3,2750000000,-0.132,,,,,50000000,-0.595,45000000,-0.605,35000000,,-0.728,11.72,,,,,,,,,,,,,,,8.00,,,,,,,false,true,12,2020-04-01,2021-03-31,0
2021-01-29,52870,2020-03-31,3,,,,,,,,,,,,,,,,,,,,4887000000,2886000000,0.590,,2886000000,,,,,12.00,,,,3568000,581914,,false,false,12,2019-04-01,2020-03-31,-1
2021-01-29,52870,2021-03-31,3,,,,,,,,,,,,,,,,,,,,,,,,,,,,,0.00,,,,,,,false,false,12,2020-04-01,2021-03-31,0
2021-04-30,52870,2021-03-31,,3052000000,0.110,,,,,113000000,1.260,100000000,1.222,86000000,,1.457,28.95,,,,,,,,,,,,,,,10.00,,,,,,,false,true,12,2020-04-01,2021-03-31,0
2021-04-30,52870,2020-03-31,,3169000000,,,,,,123000000,,113000000,,128000000,,,43.17,,,,,,,,,,,,,,,12.00,,,,,,,false,false,12,2019-04-01,2020-03-31,-1
2021-05-14,52870,2021-03-31,,3052000000,-0.037,,,,,113000000,-0.080,100000000,-0.119,86000000,,-0.329,28.95,,0.030,0.019,0.037,,5454000000,2955000000,0.542,989.63,2955000000,159000000,-469000000,335000000,783000000,10.00,0.345,,,3568000,581503,2986070,false,false,12,2020-04-01,2021-03-31,0
2021-05-14,52870,2020-03-31,,3169000000,0.111,,,,,123000000,1.231,113000000,1.268,128000000,,,43.17,,0.045,0.025,0.039,,4887000000,2886000000,0.590,966.52,2886000000,105000000,-507000000,696000000,757000000,12.00,0.278,,,3568000,581914,2986109,false,false,12,2019-04-01,2020-03-31,-1
2021-05-14,52870,2022-03-31,,2850000000,,,,,,85000000,,75000000,,42000000,,,14.06,,,,,,,,,,,,,,,8.00,0.568,,,,,,false,true,12,2021-04-01,2022-03-31,1
2021-07-21,52870,2022-03-31,,2850000000,,,,,,85000000,,75000000,,347000000,,7.262,116.50,,,,,,,,,,,,,,,,,,,,,,false,true,12,2021-04-01,2022-03-31,0
2021-07-21,52870,2021-03-31,,3052000000,,,,,,113000000,,100000000,,86000000,,,28.95,,,,,,,,,,,,,,,,,,,,,,false,false,12,2020-04-01,2021-03-31,-1
2021-08-11,52870,2022-03-31,1,581000000,,,,,,-30000000,,-31000000,,-23000000,,,-7.95,,,,,,5046000000,2893000000,0.573,,2893000000,,,,,,,,,3568000,581503,2986497,false,false,3,2021-04-01,2021-06-30,0
2021-08-11,52870,2021-03-31,1,586000000,-0.152,,,,,4000000,2.028,3000000,5.262,4000000,,-0.902,1.42,,,,,,,,,,,,,,,,,,,,,2986070,false,false,3,2020-04-01,2020-06-30,-1
2021-08-11,52870,2022-03-31,1,2850000000,,,,,,85000000,,75000000,,347000000,,,116.50,,,,,,,,,,,,,,,8.00,,,,,,,false,true,12,2021-04-01,2022-03-31,0
2021-08-11,52870,2021-03-31,1,,,,,,,,,,,,,,,,,,,,5454000000,2955000000,0.542,,2955000000,,,,,10.00,,,,3568000,581503,,false,false,12,2020-04-01,2021-03-31,-1
2021-10-29,52870,2022-03-31,2,1183000000,,,,,,-68000000,,-72000000,,232000000,,,77.82,,,,,,4767000000,3152000000,0.661,,3152000000,,,,,,,,,3568000,581503,2986497,false,false,6,2021-04-01,2021-09-30,0
2021-10-29,52870,2021-03-31,2,1136000000,-0.166,,,,,-29000000,,-33000000,,-27000000,,,-9.33,,,,,,,,,,,,,,,,,,,,,2986056,false,false,6,2020-04-01,2020-09-30,-1
2021-10-29,52870,2022-03-31,2,2850000000,,,,,,85000000,,75000000,,347000000,,,116.50,,,,,,,,,,,,,,,8.00,,,,,,,false,true,12,2021-04-01,2022-03-31,0
2021-10-29,52870,2021-03-31,2,,,,,,,,,,,,,,,,,,,,5454000000,2955000000,0.542,,2955000000,,,,,10.00,,,,3568000,581503,,false,false,12,2020-04-01,2021-03-31,-1
2021-10-29,52870,2022-03-31,2,,,,,,,,,,,,,,,,,,,,,,,,,,,,,0.00,,,,,,,false,false,12,2021-04-01,2022-03-31,0
2022-02-10,52870,2022-03-31,3,1952000000,,,,,,-46000000,,-49000000,,250000000,,,83.87,,,,,,4836000000,3167000000,0.655,,3167000000,,,,,,,,,3568000,581503,2986497,false,false,9,2021-04-01,2021-12-31,0
2022-02-10,52870,2021-03-31,3,1984000000,-0.123,,,,,24000000,-0.628,15000000,-0.739,15000000,,-0.838,5.12,,,,,,,,,,,,,,,,,,,,,2986036,false,false,9,2020-04-01,2020-12-31,-1
2022-02-10,52870,2022-03-31,3,2850000000,,,,,,85000000,,75000000,,347000000,,,116.50,,,,,,,,,,,,,,,8.00,,,,,,,false,true,12,2021-04-01,2022-03-31,0
2022-02-10,52870,2021-03-31,3,,,,,,,,,,,,,,,,,,,,5454000000,2955000000,0.542,,2955000000,,,,,10.00,,,,3568000,581503,,false,false,12,2020-04-01,2021-03-31,-1
2022-02-10,52870,2022-03-31,3,,,,,,,,,,,,,,,,,,,,,,,,,,,,,0.00,,,,,,,false,false,12,2021-04-01,2022-03-31,0
,52870,2022-03-31,,,,,,,,,,,,,,,,,,,,,,,,,,,,,,10.00,,,,,,,false,true,12,2021-04-01,2022-03-31,0
,52870,2021-03-31,,,,,,,,,,,,,,,,,,,,,,,,,,,,,,10.00,,,,,,,false,false,12,2020-04-01,2021-03-31,-1
2022-05-13,52870,2022-03-31,,2940000000,,,,,,68000000,,64000000,,320000000,,,107.62,,0.104,0.012,0.023,,5625000000,3200000000,0.569,1089.75,3200000000,-111000000,138000000,-237000000,572000000,10.00,0.092,,,3568000,631403,2980208,false,false,12,2021-04-01,2022-03-31,0
2022-05-13,52870,2021-03-31,,3052000000,-0.037,,,,,113000000,-0.080,100000000,-0.119,86000000,,-0.329,28.95,,0.030,0.019,0.037,,5454000000,2955000000,0.542,989.63,2955000000,159000000,-469000000,335000000,783000000,10.00,0.345,,,3568000,581503,2986070,false,false,12,2020-04-01,2021-03-31,-1
2022-05-13,52870,2023-03-31,,2850000000,-0.031,,,,,65000000,-0.044,60000000,-0.063,42000000,,-0.869,14.30,,,,,,,,,,,,,,,8.00,0.559,,,,,,false,true,12,2022-04-01,2023-03-31,1
2022-05-13,52870,2022-03-31,,2934000000,,,,,,62000000,,58000000,,317000000,,,106.42,,0.103,0.011,0.021,,5619000000,3196000000,0.569,1088.53,3196000000,-111000000,138000000,-237000000,572000000,10.00,0.094,,,3568000,631403,2980208,false,false,12,2021-04-01,2022-03-31,0
2022-05-13,52870,2021-03-31,,3052000000,-0.037,,,,,113000000,-0.080,100000000,-0.119,86000000,,-0.329,28.95,,0.030,0.019,0.037,,5454000000,2955000000,0.542,989.63,2955000000,159000000,-469000000,335000000,783000000,10.00,0.345,,,3568000,581503,2986070,false,false,12,2020-04-01,2021-03-31,-1
2022-05-13,52870,2023-03-31,,2850000000,-0.031,,,,,65000000,-0.044,60000000,-0.063,42000000,,-0.869,14.30,,,,,,,,,,,,,,,8.00,0.559,,,,,,false,true,12,2022-04-01,2023-03-31,1
2022-08-10,52870,2023-03-31,1,680000000,0.169,,,,,-9000000,,-9000000,,-7000000,,,-2.60,,,,,,5423000000,3154000000,0.582,,3154000000,,,,,,,,,3568000,631403,2936597,false,false,3,2022-04-01,2022-06-30,0
2022-08-10,52870,2022-03-31,1,581000000,,,,,,-30000000,,-31000000,,-23000000,,,-7.95,,,,,,,,,,,,,,,,,,,,,2986497,false,false,3,2021-04-01,2021-06-30,-1
2022-08-10,52870,2023-03-31,1,2850000000,-0.031,,,,,65000000,-0.044,60000000,-0.063,42000000,,-0.869,14.30,,,,,,,,,,,,,,,8.00,,,,,,,false,true,12,2022-04-01,2023-03-31,0
2022-08-10,52870,2022-03-31,1,,,,,,,,,,,,,,,,,,,,5619000000,3196000000,0.569,,3196000000,,,,,10.00,,,,3568000,631403,,false,false,12,2021-04-01,2022-03-31,-1
2022-11-02,52870,2023-03-31,2,1418000000,0.199,,,,,5000000,,4000000,,3000000,,-0.987,1.03,,,,,,5411000000,3162000000,0.584,,3162000000,,,,,,,,,3568000,631403,2936597,false,false,6,2022-04-01,2022-09-30,0
2022-11-02,52870,2022-03-31,2,1182000000,,,,,,-68000000,,-72000000,,232000000,,,77.82,,,,,,,,,,,,,,,,,,,,,2986497,false,false,6,2021-04-01,2021-09-30,-1
2022-11-02,52870,2023-03-31,2,2850000000,-0.031,,,,,65000000,-0.044,60000000,-0.063,42000000,,-0.869,14.30,,,,,,,,,,,,,,,10.00,,,,,,,false,true,12,2022-04-01,2023-03-31,0
2022-11-02,52870,2022-03-31,2,,,,,,,,,,,,,,,,,,,,5619000000,3196000000,0.569,,3196000000,,,,,10.00,,,,3568000,631403,,false,false,12,2021-04-01,2022-03-31,-1
2022-11-02,52870,2023-03-31,2,,,,,,,,,,,,,,,,,,,,,,,,,,,,,0.00,,,,,,,false,false,12,2022-04-01,2023-03-31,0
2023-02-10,52870,2023-03-31,3,2416000000,0.238,,,,,80000000,,79000000,,58000000,,-0.767,19.87,,,,,,5587000000,3220000000,0.576,,3220000000,,,,,,,,,3568000,631403,2936597,false,false,9,2022-04-01,2022-12-31,0
2023-02-10,52870,2022-03-31,3,1952000000,,,,,,-46000000,,-49000000,,250000000,,,83.87,,,,,,,,,,,,,,,,,,,,,2986497,false,false,9,2021-04-01,2021-12-31,-1
2023-02-10,52870,2023-03-31,3,3200000000,0.091,,,,,110000000,0.779,100000000,0.715,70000000,,-0.779,23.84,,,,,,,,,,,,,,,15.00,,,,,,,false,true,12,2022-04-01,2023-03-31,0
2023-02-10,52870,2022-03-31,3,,,,,,,,,,,,,,,,,,,,5619000000,3196000000,0.569,,3196000000,,,,,10.00,,,,3568000,631403,,false,false,12,2021-04-01,2022-03-31,-1
2023-02-10,52870,2023-03-31,3,,,,,,,,,,,,,,,,,,,,,,,,,,,,,0.00,,,,,,,false,false,12,2022-04-01,2023-03-31,0
2023-04-28,52870,2023-03-31,,3467000000,0.083,,,,,179000000,0.627,176000000,0.760,129000000,,0.843,43.98,,,,,,,,,,,,,,,,,,,,,,false,true,12,2022-04-01,2023-03-31,0
2023-04-28,52870,2022-03-31,,2934000000,,,,,,62000000,,58000000,,317000000,,,106.42,,,,,,,,,,,,,,,,,,,,,,false,false,12,2021-04-01,2022-03-31,-1
2023-05-12,52870,2023-03-31,,3467000000,0.182,,,,,179000000,1.909,176000000,2.023,131000000,,-0.586,44.67,,0.040,0.031,0.052,,5856000000,3295000000,0.563,1120.97,3295000000,384000000,-289000000,203000000,871000000,15.00,0.335,,,3568000,627903,2936903,false,false,12,2022-04-01,2023-03-31,0
2023-05-12,52870,2022-03-31,,2934000000,,,,,,61000000,,58000000,,317000000,,,106.42,,0.103,0.011,0.021,,5619000000,3196000000,0.569,1088.53,3196000000,-111000000,138000000,-237000000,572000000,10.00,0.094,,,3568000,631403,2980208,false,false,12,2021-04-01,2022-03-31,-1
2023-05-12,52870,2024-03-31,,3200000000,-0.077,,,,,102000000,-0.433,99000000,-0.438,69000000,,-0.474,23.47,,,,,,,,,,,,,,,10.00,0.426,,,,,,false,true,12,2023-04-01,2024-03-31,1
2023-08-10,5287,2024-03-31,1,490000000,-0.279,,,,,-53000000,,-54000000,,-33000000,,,-11.54,,,,,,5382000000,3222000000,0.599,,3222000000,,,,,,,,,3568000,627603,2940100,false,false,3,2023-04-01,2023-06-30,0
2023-08-10,5287,2023-03-31,1,679000000,0.169,,,,,-9000000,,-9000000,,-7000000,,,-2.60,,,,,,,,,,,,,,,,,,,,,2936597,false,false,3,2022-04-01,2022-06-30,-1
2023-08-10,5287,2024-03-31,1,3200000000,-0.077,,,,,102000000,-0.433,99000000,-0.438,69000000,,-0.474,23.47,,,,,,,,,,,,,,,10.00,,,,,,,false,true,12,2023-04-01,2024-03-31,0
2023-08-10,5287,2023-03-31,1,,,,,,,,,,,,,,,,,,,,5856000000,3295000000,0.563,,3295000000,,,,,15.00,,,,3568000,627903,,false,false,12,2022-04-01,2023-03-31,-1
2023-11-02,5287,2024-03-31,2,1163000000,-0.179,,,,,-55000000,,-59000000,,-40000000,,,-13.80,,,,,,5206000000,3223000000,0.619,,3223000000,,,,,,,,,3568000,627603,2940249,false,false,6,2023-04-01,2023-09-30,0
2023-11-02,5287,2023-03-31,2,1418000000,0.199,,,,,5000000,,4000000,,3000000,,-0.987,1.03,,,,,,,,,,,,,,,,,,,,,2936597,false,false,6,2022-04-01,2022-09-30,-1
2023-11-02,5287,2024-03-31,2,3200000000,-0.077,,,,,102000000,-0.433,99000000,-0.438,69000000,,-0.474,23.47,,,,,,,,,,,,,,,10.00,,,,,,,false,true,12,2023-04-01,2024-03-31,0
2023-11-02,5287,2023-03-31,2,,,,,,,,,,,,,,,,,,,,5856000000,3295000000,0.563,,3295000000,,,,,15.00,,,,3568000,627903,,false,false,12,2022-04-01,2023-03-31,-1
2023-11-02,5287,2024-03-31,2,,,,,,,,,,,,,,,,,,,,,,,,,,,,,0.00,,,,,,,false,false,12,2023-04-01,2024-03-31,0
,52870,2024-03-31,,,,,,,,,,,,,,,,,,,,,,,,,,,,,,15.00,,,,,,,false,true,12,2023-04-01,2024-03-31,0
,52870,2024-03-31,,,,,,,,,,,,,,,,,,,,,,,,,,,,,,0.00,,,,,,,false,false,12,2023-04-01,2024-03-31,0
,52870,2023-03-31,,,,,,,,,,,,,,,,,,,,,,,,,,,,,,15.00,,,,,,,false,false,12,2022-04-01,2023-03-31,-1
2024-02-09,5287,2024-03-31,3,1949000000,-0.193,,,,,-12000000,,-17000000,,-12000000,,,-4.30,,,,,,5498000000,3249000000,0.591,,3249000000,,,,,,,,,3568000,627603,2940298,false,false,9,2023-04-01,2023-12-31,0
2024-02-09,5287,2023-03-31,3,2416000000,0.238,,,,,80000000,,79000000,,58000000,,-0.767,19.87,,,,,,,,,,,,,,,,,,,,,2936597,false,false,9,2022-04-01,2022-12-31,-1
2024-02-09,5287,2024-03-31,3,3200000000,-0.077,,,,,102000000,-0.433,99000000,-0.438,69000000,,-0.474,23.47,,,,,,,,,,,,,,,15.00,,,,,,,false,true,12,2023-04-01,2024-03-31,0
2024-02-09,5287,2023-03-31,3,,,,,,,,,,,,,,,,,,,,5856000000,3295000000,0.563,,3295000000,,,,,15.00,,,,3568000,627903,,false,false,12,2022-04-01,2023-03-31,-1
2024-02-09,5287,2024-03-31,3,,,,,,,,,,,,,,,,,,,,,,,,,,,,,0.00,,,,,,,false,false,12,2023-04-01,2024-03-31,0
2024-05-10,5287,2024-03-31,,3132000000,-0.097,,,,,108000000,-0.394,101000000,-0.427,101000000,,-0.226,34.54,,0.030,0.017,0.035,,6090000000,3384000000,0.556,1150.98,3384000000,-153000000,-127000000,84000000,674000000,15.00,0.434,,,3568000,627603,2940323,false,false,12,2023-04-01,2024-03-31,0
2024-05-10,5287,2023-03-31,,3467000000,0.182,,,,,179000000,1.909,176000000,2.023,131000000,,-0.586,44.67,,0.040,0.031,0.052,,5856000000,3295000000,0.563,1120.97,3295000000,384000000,-289000000,203000000,871000000,15.00,0.336,,,3568000,627903,2936903,false,false,12,2022-04-01,2023-03-31,-1
2024-05-10,5287,2025-03-31,,3300000000,0.054,,,,,130000000,0.193,122000000,0.208,85000000,,-0.130,28.91,,,,,,,,,,,,,,,10.00,0.346,,,,,,false,true,12,2024-04-01,2025-03-31,1
2024-05-24,52870,2025-03-31,,3300000000,0.000,,,,,130000000,0.000,122000000,0.000,203000000,,1.388,69.04,,,,,,,,,,,,,,,,,,,,,,false,true,12,2024-04-01,2025-03-31,0
2024-05-24,52870,2024-03-31,,3132000000,,,,,,108000000,,101000000,,101000000,,,34.54,,,,,,,,,,,,,,,,,,,,,,false,false,12,2023-04-01,2024-03-31,-1
2024-08-09,5287,2025-03-31,1,686000000,0.400,,,,,-6000000,,-7000000,,-4000000,,,-1.57,,,,,,5753000000,3339000000,0.581,,3339000000,,,,,,,,,3568000,626759,2940684,false,false,3,2024-04-01,2024-06-30,0
2024-08-09,5287,2024-03-31,1,490000000,-0.279,,,,,-53000000,,-54000000,,-33000000,,,-11.54,,,,,,,,,,,,,,,,,,,,,2940100,false,false,3,2023-04-01,2023-06-30,-1
2024-08-09,5287,2025-03-31,1,3300000000,0.054,,,,,130000000,0.193,122000000,0.208,203000000,,0.999,69.04,,,,,,,,,,,,,,,10.00,,,,,,,false,true,12,2024-04-01,2025-03-31,0
2024-08-09,5287,2024-03-31,1,,,,,,,,,,,,,,,,,,,,6090000000,3384000000,0.556,,3384000000,,,,,15.00,,,,3568000,627603,,false,false,12,2023-04-01,2024-03-31,-1
2024-11-01,5287,2025-03-31,2,1558000000,0.339,,,,,49000000,,48000000,,161000000,,,54.94,,,,,,5836000000,3495000000,0.599,,3495000000,,,,,,,,,3568000,626759,2940964,false,false,6,2024-04-01,2024-09-30,0
2024-11-01,5287,2024-03-31,2,1163000000,-0.179,,,,,-55000000,,-59000000,,-40000000,,,-13.80,,,,,,,,,,,,,,,,,,,,,2940249,false,false,6,2023-04-01,2023-09-30,-1
2024-11-01,5287,2025-03-31,2,3300000000,0.054,,,,,130000000,0.193,122000000,0.208,203000000,,0.999,69.04,,,,,,,,,,,,,,,10.00,,,,,,,false,true,12,2024-04-01,2025-03-31,0
2024-11-01,5287,2024-03-31,2,,,,,,,,,,,,,,,,,,,,6090000000,3384000000,0.556,,3384000000,,,,,15.00,,,,3568000,627603,,false,false,12,2023-04-01,2024-03-31,-1
2024-11-01,5287,2025-03-31,2,,,,,,,,,,,,,,,,,,,,,,,,,,,,,0.00,,,,,,,false,false,12,2024-04-01,2025-03-31,0
,52870,2025-03-31,,,,,,,,,,,,,,,,,,,,,,,,,,,,,,17.00,,,,,,,false,true,12,2024-04-01,2025-03-31,0
,52870,2025-03-31,,,,,,,,,,,,,,,,,,,,,,,,,,,,,,0.00,,,,,,,false,false,12,2024-04-01,2025-03-31,0
,52870,2024-03-31,,,,,,,,,,,,,,,,,,,,,,,,,,,,,,15.00,,,,,,,false,false,12,2023-04-01,2024-03-31,-1
2025-02-07,5287,2025-03-31,3,2518000000,0.292,,,,,134000000,,133000000,,220000000,,,74.88,,,,,,5873000000,3568000000,0.607,,3568000000,,,,,,,,,3568000,626759,2941056,false,false,9,2024-04-01,2024-12-31,0
2025-02-07,5287,2024-03-31,3,1949000000,-0.193,,,,,-12000000,,-17000000,,-12000000,,,-4.30,,,,,,,,,,,,,,,,,,,,,2940298,false,false,9,2023-04-01,2023-12-31,-1
2025-02-07,5287,2025-03-31,3,3400000000,0.085,,,,,160000000,0.468,158000000,0.564,240000000,,1.363,81.60,,,,,,,,,,,,,,,17.00,,,,,,,false,true,12,2024-04-01,2025-03-31,0
2025-02-07,5287,2024-03-31,3,,,,,,,,,,,,,,,,,,,,6090000000,3384000000,0.556,,3384000000,,,,,15.00,,,,3568000,627603,,false,false,12,2023-04-01,2024-03-31,-1
2025-02-07,5287,2025-03-31,3,,,,,,,,,,,,,,,,,,,,,,,,,,,,,0.00,,,,,,,false,false,12,2024-04-01,2025-03-31,0
,52870,2025-03-31,,,,,,,,,,,,,,,,,,,,,,,,,,,,,,20.00,,,,,,,false,true,12,2024-04-01,2025-03-31,0
,52870,2025-03-31,,,,,,,,,,,,,,,,,,,,,,,,,,,,,,0.00,,,,,,,false,false,12,2024-04-01,2025-03-31,0
,52870,2024-03-31,,,,,,,,,,,,,,,,,,,,,,,,,,,,,,15.00,,,,,,,false,false,12,2023-04-01,2024-03-31,-1
2025-05-09,5287,2025-03-31,,3402000000,0.086,,,,,201000000,0.850,198000000,0.962,349000000,,2.437,118.67,,0.099,0.033,0.059,,5859000000,3696000000,0.631,1256.72,3696000000,524000000,96000000,-465000000,830000000,20.00,0.169,,,3568000,626759,2941102,false,false,12,2024-04-01,2025-03-31,0
2025-05-09,5287,2024-03-31,,3132000000,-0.097,,,,,108000000,-0.394,101000000,-0.427,101000000,,-0.226,34.54,,0.030,0.017,0.035,,6090000000,3384000000,0.556,1150.98,3384000000,-153000000,-127000000,84000000,674000000,15.00,0.434,,,3568000,627603,2940323,false,false,12,2023-04-01,2024-03-31,-1
2025-05-09,5287,2026-03-31,,3600000000,0.058,,,,,220000000,0.091,210000000,0.060,231000000,,-0.338,78.54,,,,,,,,,,,,,,,18.00,0.248,,,,,,false,true,12,2025-04-01,2026-03-31,1
2025-08-08,5287,2026-03-31,1,781000000,0.138,,,,,59000000,,60000000,,28000000,,,9.79,,,,,,5679000000,3665000000,0.645,,3665000000,,,,,,,,,3568000,626759,2941241,false,false,3,2025-04-01,2025-06-30,0
2025-08-08,5287,2025-03-31,1,686000000,0.400,,,,,-6000000,,-7000000,,-4000000,,,-1.57,,,,,,,,,,,,,,,,,,,,,2940684,false,false,3,2024-04-01,2024-06-30,-1
2025-08-08,5287,2026-03-31,1,3600000000,0.058,,,,,220000000,0.091,210000000,0.060,231000000,,-0.338,78.54,,,,,,,,,,,,,,,18.00,,,,,,,false,true,12,2025-04-01,2026-03-31,0
2025-08-08,5287,2025-03-31,1,,,,,,,,,,,,,,,,,,,,5859000000,3696000000,0.631,,3696000000,,,,,20.00,,,,3568000,626759,,false,false,12,2024-04-01,2025-03-31,-1
