filing_date,code,fiscal_year_end,quarterly_period,net_sales,net_sales_change,revenue,revenue_change,operating_revenue,operating_revenue_change,operating_profit,operating_profit_change,ordinary_profit,ordinary_profit_change,net_income,net_income_of_parent,net_income_change,eps,diluted_eps,roe,roa,operating_profit_to_net_sales,operating_profit_to_revenue,total_assets,net_assets,equity_ratio,bps,owner_equity,operating_cash_flow,investing_cash_flow,financing_cash_flow,cash,dividend_per_share,payout_ratio,commemorative_dividend,extra_dividend,number_of_shares,number_of_treqsury_shares,avg_number_of_shares,is_consolidated,is_forecast,duration,period_start,period_end,period_pos
,53320,2016-03-31,,,,,,,,,,,,,,,,,,,,,,,,,,,,,,28.00,,,,,,,false,true,12,2015-04-01,2016-03-31,0
,53320,2015-03-31,,,,,,,,,,,,,,,,,,,,,,,,,,,,,,26.00,,,,,,,false,false,12,2014-04-01,2015-03-31,-1
2015-07-31,53320,2016-03-31,1,126695000000,0.103,,,,,5729000000,0.497,7019000000,0.560,,5020000000,,14.92,14.87,,,,,510381000000,284791000000,0.539,,275140000000,,,,,,,,,,,,true,false,3,2015-04-01,2015-06-30,0
2015-07-31,53320,2015-03-31,1,114896000000,0.012,,,,,3827000000,-0.143,4499000000,-0.274,,2944000000,,8.76,8.74,,,,,,,,,,,,,,,,,,,,,true,false,3,2014-04-01,2014-06-30,-1
2015-07-31,53320,2016-03-31,1,274800000000,0.126,,,,,15800000000,0.312,17000000000,0.278,,14600000000,,43.39,,,,,,,,,,,,,,,,,,,,,,true,true,6,2015-04-01,2015-09-30,0
2015-07-31,53320,2016-03-31,1,584500000000,0.073,,,,,42800000000,0.144,44700000000,0.127,,31800000000,,189.01,,,,,,,,,,,,,,,,,,,,,,true,true,12,2015-04-01,2016-03-31,0
2015-07-31,53320,2015-03-31,1,,,,,,,,,,,,,,,,,,,,516995000000,280582000000,0.523,,270158000000,,,,,,,,,,,,true,false,12,2014-04-01,2015-03-31,-1
2015-07-31,53320,2015-03-31,1,,,,,,,,,,,,,,,,,,,,,,,,,,,,,26.00,,,,353962595,17469620,,false,false,12,2014-04-01,2015-03-31,-1
2015-07-31,53320,2016-03-31,1,,,,,,,,,,,,,,,,,,,,,,,,,,,,,28.00,,,,,,,false,true,12,2015-04-01,2016-03-31,0
2015-07-31,53320,2016-03-31,1,,,,,,,,,,,,,,,,,,,,,,,,,,,,,,,,,353962595,17341009,336562130,false,false,3,2015-04-01,2015-06-30,0
2015-07-31,53320,2015-03-31,1,,,,,,,,,,,,,,,,,,,,,,,,,,,,,,,,,,,335995790,false,false,3,2014-04-01,2014-06-30,-1
2015-10-30,53320,2016-03-31,2,272254000000,0.116,,,,,20006000000,0.661,21624000000,0.625,,17727000000,,105.33,105.03,,,,,522324000000,295224000000,0.546,,285178000000,,,,,,,,,,,,true,false,6,2015-04-01,2015-09-30,0
2015-10-30,53320,2015-03-31,2,243997000000,-0.014,,,,,12044000000,-0.208,13305000000,-0.223,,8528000000,,50.75,50.60,,,,,,,,,,,,,,,,,,,,,true,false,6,2014-04-01,2014-09-30,-1
2015-10-30,53320,2016-03-31,2,581200000000,0.067,,,,,45500000000,0.216,47800000000,0.205,,34500000000,,205.06,,,,,,,,,,,,,,,,,,,,,,true,true,12,2015-04-01,2016-03-31,0
2015-10-30,53320,2015-03-31,2,,,,,,,,,,,,,,,,,,,,516995000000,280582000000,0.523,,270158000000,,,,,,,,,,,,true,false,12,2014-04-01,2015-03-31,-1
2015-10-30,53320,2015-03-31,2,,,,,,,,,,,,,,,,,,,,,,,,,,,,,26.00,,,,176981297,8734810,,false,false,12,2014-04-01,2015-03-31,-1
2015-10-30,53320,2016-03-31,2,,,,,,,,,,,,,,,,,,,,,,,,,,,,,15.00,,,,,,,false,false,12,2015-04-01,2016-03-31,0
2015-10-30,53320,2016-03-31,2,,,,,,,,,,,,,,,,,,,,,,,,,,,,,30.00,,,,,,,false,true,12,2015-04-01,2016-03-31,0
2015-10-30,53320,2016-03-31,2,,,,,,,,,,,,,,,,,,,,,,,,,,,,,,,,,176981297,8622338,168310328,false,false,6,2015-04-01,2015-09-30,0
2015-10-30,53320,2015-03-31,2,,,,,,,,,,,,,,,,,,,,,,,,,,,,,,,,,,,168045662,false,false,6,2014-04-01,2014-09-30,-1
2016-01-29,53320,2016-03-31,3,418041000000,0.074,,,,,33931000000,0.347,36130000000,0.285,,28278000000,,167.99,167.52,,,,,521848000000,300139000000,0.556,,290384000000,,,,,,,,,,,,true,false,9,2015-04-01,2015-12-31,0
2016-01-29,53320,2015-03-31,3,389107000000,-0.008,,,,,25188000000,-0.226,28122000000,-0.210,,18824000000,,112.00,111.66,,,,,,,,,,,,,,,,,,,,,true,false,9,2014-04-01,2014-12-31,-1
2016-01-29,53320,2016-03-31,3,581200000000,0.067,,,,,45500000000,0.216,47800000000,0.205,,34500000000,,205.06,,,,,,,,,,,,,,,,,,,,,,true,true,12,2015-04-01,2016-03-31,0
2016-01-29,53320,2015-03-31,3,,,,,,,,,,,,,,,,,,,,516995000000,280582000000,0.523,,270158000000,,,,,,,,,,,,true,false,12,2014-04-01,2015-03-31,-1
2016-01-29,53320,2015-03-31,3,,,,,,,,,,,,,,,,,,,,,,,,,,,,,26.00,,,,176981297,8734810,,false,false,12,2014-04-01,2015-03-31,-1
2016-01-29,53320,2016-03-31,3,,,,,,,,,,,,,,,,,,,,,,,,,,,,,15.00,,,,,,,false,false,12,2015-04-01,2016-03-31,0
2016-01-29,53320,2016-03-31,3,,,,,,,,,,,,,,,,,,,,,,,,,,,,,30.00,,,,,,,false,true,12,2015-04-01,2016-03-31,0
2016-01-29,53320,2016-03-31,3,,,,,,,,,,,,,,,,,,,,,,,,,,,,,,,,,176981297,8550199,168337485,false,false,9,2015-04-01,2015-12-31,0
2016-01-29,53320,2015-03-31,3,,,,,,,,,,,,,,,,,,,,,,,,,,,,,,,,,,,168080496,false,false,9,2014-04-01,2014-12-31,-1
2016-04-28,53320,2016-03-31,,567889000000,0.043,,,,,46137000000,0.233,46764000000,0.179,,35723000000,,212.03,211.44,0.131,0.089,0.081,,536265000000,285522000000,0.515,1631.91,276025000000,58695000000,-29952000000,-15053000000,94089000000,,0.302,,,,,,true,false,12,2015-04-01,2016-03-31,0
2016-04-28,53320,2015-03-31,,544509000000,-0.016,,,,,37426000000,-0.207,39662000000,-0.213,,24813000000,,147.60,147.16,0.100,0.079,0.069,,516995000000,280582000000,0.523,1605.73,270158000000,34713000000,-30040000000,-11393000000,83183000000,,0.352,,,,,,true,false,12,2014-04-01,2015-03-31,-1
2016-04-28,53320,2017-03-31,,280400000000,0.030,,,,,20500000000,0.025,21200000000,-0.020,,14700000000,,86.91,,,,,,,,,,,,,,,,,,,,,,true,true,6,2016-04-01,2016-09-30,1
2016-04-28,53320,2017-03-31,,600000000000,0.057,,,,,51000000000,0.105,52500000000,0.123,,37000000000,,218.75,,,,,,,,,,,,,,,,0.311,,,,,,true,true,12,2016-04-01,2017-03-31,1
2016-04-28,53320,2015-03-31,,,,,,,,,,,,,,,,,,,,,,,,,,,,,,26.00,,,,176981297,8734810,168116778,false,false,12,2014-04-01,2015-03-31,-1
2016-04-28,53320,2016-03-31,,,,,,,,,,,,,,,,,,,,,,,,,,,,,,34.00,,,,176981297,7838535,168480574,false,false,12,2015-04-01,2016-03-31,0
2016-04-28,53320,2017-03-31,,,,,,,,,,,,,,,,,,,,,,,,,,,,,,68.00,,,,,,,false,true,12,2016-04-01,2017-03-31,1
2016-07-29,53320,2017-03-31,1,128220000000,0.012,,,,,7334000000,0.280,6648000000,-0.053,,4357000000,,25.76,25.69,,,,,512934000000,272625000000,0.516,,264459000000,,,,,,,,,,,,true,false,3,2016-04-01,2016-06-30,0
2016-07-29,53320,2016-03-31,1,126695000000,0.103,,,,,5729000000,0.497,7019000000,0.560,,5020000000,,29.83,29.75,,,,,,,,,,,,,,,,,,,,,true,false,3,2015-04-01,2015-06-30,-1
2016-07-29,53320,2017-03-31,1,280400000000,0.030,,,,,20500000000,0.025,21200000000,-0.020,,14700000000,,86.91,,,,,,,,,,,,,,,,,,,,,,true,true,6,2016-04-01,2016-09-30,0
2016-07-29,53320,2017-03-31,1,600000000000,0.057,,,,,51000000000,0.105,52500000000,0.123,,37000000000,,218.75,,,,,,,,,,,,,,,,,,,,,,true,true,12,2016-04-01,2017-03-31,0
2016-07-29,53320,2016-03-31,1,,,,,,,,,,,,,,,,,,,,536265000000,285522000000,0.515,,276025000000,,,,,,,,,,,,true,false,12,2015-04-01,2016-03-31,-1
2016-07-29,53320,2016-03-31,1,,,,,,,,,,,,,,,,,,,,,,,,,,,,,34.00,,,,176981297,7838535,,false,false,12,2015-04-01,2016-03-31,-1
2016-07-29,53320,2017-03-31,1,,,,,,,,,,,,,,,,,,,,,,,,,,,,,68.00,,,,,,,false,true,12,2016-04-01,2017-03-31,0
2016-07-29,53320,2017-03-31,1,,,,,,,,,,,,,,,,,,,,,,,,,,,,,,,,,176981297,7837411,169143038,false,false,3,2016-04-01,2016-06-30,0
2016-07-29,53320,2016-03-31,1,,,,,,,,,,,,,,,,,,,,,,,,,,,,,,,,,,,168281065,false,false,3,2015-04-01,2015-06-30,-1
2016-10-31,53320,2017-03-31,2,265908000000,-0.023,,,,,19522000000,-0.024,18413000000,-0.149,,12343000000,,72.98,72.79,,,,,505042000000,270165000000,0.520,,262408000000,,,,,,,,,,,,true,false,6,2016-04-01,2016-09-30,0
2016-10-31,53320,2016-03-31,2,272254000000,0.116,,,,,20006000000,0.661,21624000000,0.625,,17727000000,,105.33,105.03,,,,,,,,,,,,,,,,,,,,,true,false,6,2015-04-01,2015-09-30,-1
2016-10-31,53320,2017-03-31,2,570000000000,0.004,,,,,48000000000,0.040,47500000000,0.016,,33500000000,,198.06,,,,,,,,,,,,,,,,,,,,,,true,true,12,2016-04-01,2017-03-31,0
2016-10-31,53320,2016-03-31,2,,,,,,,,,,,,,,,,,,,,536265000000,285522000000,0.515,,276025000000,,,,,,,,,,,,true,false,12,2015-04-01,2016-03-31,-1
2016-10-31,53320,2016-03-31,2,,,,,,,,,,,,,,,,,,,,,,,,,,,,,34.00,,,,176981297,7838535,,false,false,12,2015-04-01,2016-03-31,-1
2016-10-31,53320,2017-03-31,2,,,,,,,,,,,,,,,,,,,,,,,,,,,,,34.00,,,,,,,false,false,12,2016-04-01,2017-03-31,0
2016-10-31,53320,2017-03-31,2,,,,,,,,,,,,,,,,,,,,,,,,,,,,,68.00,,,,,,,false,true,12,2016-04-01,2017-03-31,0
2016-10-31,53320,2017-03-31,2,,,,,,,,,,,,,,,,,,,,,,,,,,,,,,,,,176981297,7835297,169144063,false,false,6,2016-04-01,2016-09-30,0
2016-10-31,53320,2016-03-31,2,,,,,,,,,,,,,,,,,,,,,,,,,,,,,,,,,,,168310328,false,false,6,2015-04-01,2015-09-30,-1
2017-01-31,53320,2017-03-31,3,409566000000,-0.020,,,,,33500000000,-0.013,34611000000,-0.042,,23659000000,,139.88,139.52,,,,,513807000000,281377000000,0.532,,273242000000,,,,,,,,,,,,true,false,9,2016-04-01,2016-12-31,0
2017-01-31,53320,2016-03-31,3,418041000000,0.074,,,,,33931000000,0.347,36130000000,0.285,,28278000000,,167.99,167.52,,,,,,,,,,,,,,,,,,,,,true,false,9,2015-04-01,2015-12-31,-1
2017-01-31,53320,2017-03-31,3,570000000000,0.004,,,,,48000000000,0.040,47500000000,0.016,,33500000000,,198.06,,,,,,,,,,,,,,,,,,,,,,true,true,12,2016-04-01,2017-03-31,0
2017-01-31,53320,2016-03-31,3,,,,,,,,,,,,,,,,,,,,536265000000,285522000000,0.515,,276025000000,,,,,,,,,,,,true,false,12,2015-04-01,2016-03-31,-1
2017-01-31,53320,2016-03-31,3,,,,,,,,,,,,,,,,,,,,,,,,,,,,,34.00,,,,176981297,7838535,,false,false,12,2015-04-01,2016-03-31,-1
2017-01-31,53320,2017-03-31,3,,,,,,,,,,,,,,,,,,,,,,,,,,,,,34.00,,,,,,,false,false,12,2016-04-01,2017-03-31,0
2017-01-31,53320,2017-03-31,3,,,,,,,,,,,,,,,,,,,,,,,,,,,,,68.00,,,,,,,false,true,12,2016-04-01,2017-03-31,0
2017-01-31,53320,2017-03-31,3,,,,,,,,,,,,,,,,,,,,,,,,,,,,,,,,,176981297,7836041,169144622,false,false,9,2016-04-01,2016-12-31,0
2017-01-31,53320,2016-03-31,3,,,,,,,,,,,,,,,,,,,,,,,,,,,,,,,,,,,168337485,false,false,9,2015-04-01,2015-12-31,-1
2017-04-28,53320,2017-03-31,,573819000000,0.010,,,,,48571000000,0.053,49381000000,0.056,,33839000000,,200.06,199.54,0.118,0.091,0.085,,553996000000,306053000000,0.536,1755.93,297020000000,63738000000,-35944000000,-18953000000,98384000000,,0.340,,,,,,true,false,12,2016-04-01,2017-03-31,0
2017-04-28,53320,2016-03-31,,567889000000,0.043,,,,,46137000000,0.233,46764000000,0.179,,35723000000,,212.03,211.44,0.131,0.089,0.081,,536265000000,285522000000,0.515,1631.91,276025000000,58695000000,-29952000000,-15053000000,94089000000,,0.302,,,,,,true,false,12,2015-04-01,2016-03-31,-1
2017-04-28,53320,2018-03-31,,280700000000,0.056,,,,,20500000000,0.050,21300000000,0.157,,13300000000,,78.63,,,,,,,,,,,,,,,,,,,,,,true,true,6,2017-04-01,2017-09-30,1
2017-04-28,53320,2018-03-31,,594000000000,0.035,,,,,51000000000,0.050,53000000000,0.073,,36000000000,,212.82,,,,,,,,,,,,,,,,0.329,,,,,,true,true,12,2017-04-01,2018-03-31,1
2017-04-28,53320,2016-03-31,,,,,,,,,,,,,,,,,,,,,,,,,,,,,,34.00,,,,176981297,7838535,168480574,false,false,12,2015-04-01,2016-03-31,-1
2017-04-28,53320,2017-03-31,,,,,,,,,,,,,,,,,,,,,,,,,,,,,,68.00,,,,176981297,7828224,169146109,false,false,12,2016-04-01,2017-03-31,0
2017-04-28,53320,2018-03-31,,,,,,,,,,,,,,,,,,,,,,,,,,,,,,70.00,,,,,,,false,true,12,2017-04-01,2018-03-31,1
2017-07-31,53320,2018-03-31,1,131694000000,0.023,,,,,6985000000,-0.056,8303000000,0.239,,4842000000,,28.63,28.55,,,,,529872000000,302733000000,0.556,,294815000000,,,,,,,,,,,,true,false,3,2017-04-01,2017-06-30,0
2017-07-31,53320,2017-03-31,1,128670000000,,,,,,7395000000,,6702000000,,,4397000000,,26.00,25.93,,,,,,,,,,,,,,,,,,,,,true,false,3,2016-04-01,2016-06-30,-1
2017-07-31,53320,2018-03-31,1,280700000000,0.035,,,,,20500000000,-0.001,21300000000,0.093,,13300000000,,78.63,,,,,,,,,,,,,,,,,,,,,,true,true,6,2017-04-01,2017-09-30,0
2017-07-31,53320,2018-03-31,1,594000000000,0.047,,,,,51000000000,0.075,53000000000,0.100,,36000000000,,212.82,,,,,,,,,,,,,,,,,,,,,,true,true,12,2017-04-01,2018-03-31,0
2017-07-31,53320,2017-03-31,1,,,,,,,,,,,,,,,,,,,,553996000000,306053000000,0.536,,297020000000,,,,,,,,,,,,true,false,12,2016-04-01,2017-03-31,-1
2017-07-31,53320,2017-03-31,1,,,,,,,,,,,,,,,,,,,,,,,,,,,,,68.00,,,,176981297,7828224,,false,false,12,2016-04-01,2017-03-31,-1
2017-07-31,53320,2018-03-31,1,,,,,,,,,,,,,,,,,,,,,,,,,,,,,70.00,,,,,,,false,true,12,2017-04-01,2018-03-31,0
2017-07-31,53320,2018-03-31,1,,,,,,,,,,,,,,,,,,,,,,,,,,,,,,,,,176981297,7825366,169154801,false,false,3,2017-04-01,2017-06-30,0
2017-07-31,53320,2017-03-31,1,,,,,,,,,,,,,,,,,,,,,,,,,,,,,,,,,,,169143038,false,false,3,2016-04-01,2016-06-30,-1
2017-10-30,53320,2018-03-31,2,281399000000,0.038,,,,,22469000000,0.095,23969000000,0.230,,15082000000,,89.17,88.93,,,,,545645000000,315211000000,0.563,,306961000000,,,,,,,,,,,,true,false,6,2017-04-01,2017-09-30,0
2017-10-30,53320,2017-03-31,2,271128000000,,,,,,20528000000,,19493000000,,,13130000000,,77.63,77.43,,,,,,,,,,,,,,,,,,,,,true,false,6,2016-04-01,2016-09-30,-1
2017-10-30,53320,2018-03-31,2,600000000000,0.058,,,,,54000000000,0.138,56000000000,0.162,,38000000000,,224.64,,,,,,,,,,,,,,,,,,,,,,true,true,12,2017-04-01,2018-03-31,0
2017-10-30,53320,2017-03-31,2,,,,,,,,,,,,,,,,,,,,553996000000,306053000000,0.536,,297020000000,,,,,,,,,,,,true,false,12,2016-04-01,2017-03-31,-1
2017-10-30,53320,2017-03-31,2,,,,,,,,,,,,,,,,,,,,,,,,,,,,,68.00,,,,176981297,7828224,,false,false,12,2016-04-01,2017-03-31,-1
2017-10-30,53320,2018-03-31,2,,,,,,,,,,,,,,,,,,,,,,,,,,,,,36.00,,,,,,,false,false,12,2017-04-01,2018-03-31,0
2017-10-30,53320,2018-03-31,2,,,,,,,,,,,,,,,,,,,,,,,,,,,,,72.00,,,,,,,false,true,12,2017-04-01,2018-03-31,0
2017-10-30,53320,2018-03-31,2,,,,,,,,,,,,,,,,,,,,,,,,,,,,,,,,,176981297,7820490,169156986,false,false,6,2017-04-01,2017-09-30,0
2017-10-30,53320,2017-03-31,2,,,,,,,,,,,,,,,,,,,,,,,,,,,,,,,,,,,169144063,false,false,6,2016-04-01,2016-09-30,-1
2018-01-31,53320,2018-03-31,3,435445000000,0.047,,,,,37882000000,0.087,40120000000,0.112,,26275000000,,155.33,154.92,,,,,557389000000,327025000000,0.571,,318225000000,,,,,,,,,,,,true,false,9,2017-04-01,2017-12-31,0
2018-01-31,53320,2017-03-31,3,415926000000,,,,,,34843000000,,36070000000,,,24735000000,,146.24,145.86,,,,,,,,,,,,,,,,,,,,,true,false,9,2016-04-01,2016-12-31,-1
2018-01-31,53320,2018-03-31,3,600000000000,0.058,,,,,54000000000,0.138,56000000000,0.162,,38000000000,,224.64,,,,,,,,,,,,,,,,,,,,,,true,true,12,2017-04-01,2018-03-31,0
2018-01-31,53320,2017-03-31,3,,,,,,,,,,,,,,,,,,,,553996000000,306053000000,0.536,,297020000000,,,,,,,,,,,,true,false,12,2016-04-01,2017-03-31,-1
2018-01-31,53320,2017-03-31,3,,,,,,,,,,,,,,,,,,,,,,,,,,,,,68.00,,,,176981297,7828224,,false,false,12,2016-04-01,2017-03-31,-1
2018-01-31,53320,2018-03-31,3,,,,,,,,,,,,,,,,,,,,,,,,,,,,,36.00,,,,,,,false,false,12,2017-04-01,2018-03-31,0
2018-01-31,53320,2018-03-31,3,,,,,,,,,,,,,,,,,,,,,,,,,,,,,72.00,,,,,,,false,true,12,2017-04-01,2018-03-31,0
2018-01-31,53320,2018-03-31,3,,,,,,,,,,,,,,,,,,,,,,,,,,,,,,,,,176981297,7816690,169158770,false,false,9,2017-04-01,2017-12-31,0
2018-01-31,53320,2017-03-31,3,,,,,,,,,,,,,,,,,,,,,,,,,,,,,,,,,,,169144622,false,false,9,2016-04-01,2016-12-31,-1
2018-04-27,53320,2018-03-31,,592301000000,0.044,,,,,52602000000,0.109,54376000000,0.129,,36798000000,,217.50,216.96,0.117,0.097,0.089,,566132000000,342219000000,0.589,1968.59,333253000000,45489000000,-36374000000,-11244000000,97637000000,,0.331,,,,,,true,false,12,2017-04-01,2018-03-31,0
2018-04-27,53320,2017-03-31,,567305000000,,,,,,47446000000,,48183000000,,,32960000000,,194.86,194.36,0.115,0.088,0.084,,553996000000,306053000000,0.536,1755.93,297020000000,62604000000,-35257000000,-18905000000,98384000000,,0.349,,,,,,true,false,12,2016-04-01,2017-03-31,-1
2018-04-27,53320,2019-03-31,,293000000000,0.041,,,,,20700000000,-0.079,21600000000,-0.099,,13600000000,,80.34,,,,,,,,,,,,,,,,,,,,,,true,true,6,2018-04-01,2018-09-30,1
2018-04-27,53320,2019-03-31,,620000000000,0.047,,,,,54000000000,0.027,56000000000,0.030,,38000000000,,224.47,,,,,,,,,,,,,,,,0.401,,,,,,true,true,12,2018-04-01,2019-03-31,1
2018-04-27,53320,2017-03-31,,,,,,,,,,,,,,,,,,,,,,,,,,,,,,68.00,,,,176981297,7828224,169146109,false,false,12,2016-04-01,2017-03-31,-1
2018-04-27,53320,2018-03-31,,,,,,,,,,,,,,,,,,,,,,,,,,,,,,72.00,,,,176981297,7695972,169187042,false,false,12,2017-04-01,2018-03-31,0
2018-04-27,53320,2019-03-31,,,,,,,,,,,,,,,,,,,,,,,,,,,,,,90.00,,,,,,,false,true,12,2018-04-01,2019-03-31,1
2018-07-31,53320,2019-03-31,1,132451000000,0.006,,,,,6381000000,-0.086,8031000000,-0.033,,4863000000,,28.73,28.67,,,,,548942000000,336082000000,0.598,,328450000000,,,,,,,,,,,,true,false,3,2018-04-01,2018-06-30,0
2018-07-31,53320,2018-03-31,1,131694000000,0.023,,,,,6985000000,-0.056,8303000000,0.239,,4842000000,,28.63,28.55,,,,,,,,,,,,,,,,,,,,,true,false,3,2017-04-01,2017-06-30,-1
2018-07-31,53320,2019-03-31,1,293000000000,0.041,,,,,20700000000,-0.079,21600000000,-0.099,,13600000000,,80.34,,,,,,,,,,,,,,,,,,,,,,true,true,6,2018-04-01,2018-09-30,0
2018-07-31,53320,2019-03-31,1,620000000000,0.047,,,,,54000000000,0.027,56000000000,0.030,,38000000000,,224.47,,,,,,,,,,,,,,,,,,,,,,true,true,12,2018-04-01,2019-03-31,0
2018-07-31,53320,2018-03-31,1,,,,,,,,,,,,,,,,,,,,564319000000,342219000000,0.591,,333253000000,,,,,,,,,,,,true,false,12,2017-04-01,2018-03-31,-1
2018-07-31,53320,2018-03-31,1,,,,,,,,,,,,,,,,,,,,,,,,,,,,,72.00,,,,176981297,7695972,,false,false,12,2017-04-01,2018-03-31,-1
2018-07-31,53320,2019-03-31,1,,,,,,,,,,,,,,,,,,,,,,,,,,,,,90.00,,,,,,,false,true,12,2018-04-01,2019-03-31,0
2018-07-31,53320,2019-03-31,1,,,,,,,,,,,,,,,,,,,,,,,,,,,,,,,,,176981297,7694955,169285512,false,false,3,2018-04-01,2018-06-30,0
2018-07-31,53320,2018-03-31,1,,,,,,,,,,,,,,,,,,,,,,,,,,,,,,,,,,,169154801,false,false,3,2017-04-01,2017-06-30,-1
2018-10-29,53320,2019-03-31,2,281061000000,-0.001,,,,,18094000000,-0.195,20125000000,-0.160,,13297000000,,78.55,78.40,,,,,569161000000,344109000000,0.591,,336442000000,,,,,,,,,,,,true,false,6,2018-04-01,2018-09-30,0
2018-10-29,53320,2018-03-31,2,281399000000,0.038,,,,,22469000000,0.095,23969000000,0.230,,15082000000,,89.17,88.93,,,,,,,,,,,,,,,,,,,,,true,false,6,2017-04-01,2017-09-30,-1
2018-10-29,53320,2019-03-31,2,592000000000,-0.001,,,,,45000000000,-0.145,48000000000,-0.117,,34000000000,,200.83,,,,,,,,,,,,,,,,,,,,,,true,true,12,2018-04-01,2019-03-31,0
2018-10-29,53320,2018-03-31,2,,,,,,,,,,,,,,,,,,,,564319000000,342219000000,0.591,,333253000000,,,,,,,,,,,,true,false,12,2017-04-01,2018-03-31,-1
2018-10-29,53320,2018-03-31,2,,,,,,,,,,,,,,,,,,,,,,,,,,,,,72.00,,,,176981297,7695972,,false,false,12,2017-04-01,2018-03-31,-1
2018-10-29,53320,2019-03-31,2,,,,,,,,,,,,,,,,,,,,,,,,,,,,,45.00,,,,,,,false,false,12,2018-04-01,2019-03-31,0
2018-10-29,53320,2019-03-31,2,,,,,,,,,,,,,,,,,,,,,,,,,,,,,90.00,,,,,,,false,true,12,2018-04-01,2019-03-31,0
2018-10-29,53320,2019-03-31,2,,,,,,,,,,,,,,,,,,,,,,,,,,,,,,,,,176981297,7680943,169292400,false,false,6,2018-04-01,2018-09-30,0
2018-10-29,53320,2018-03-31,2,,,,,,,,,,,,,,,,,,,,,,,,,,,,,,,,,,,169156986,false,false,6,2017-04-01,2017-09-30,-1
2019-01-31,53320,2019-03-31,3,432242000000,-0.007,,,,,30182000000,-0.203,32707000000,-0.185,,22317000000,,131.83,131.57,,,,,557412000000,340351000000,0.596,,332453000000,,,,,,,,,,,,true,false,9,2018-04-01,2018-12-31,0
2019-01-31,53320,2018-03-31,3,435445000000,0.047,,,,,37882000000,0.087,40120000000,0.112,,26275000000,,155.33,154.92,,,,,,,,,,,,,,,,,,,,,true,false,9,2017-04-01,2017-12-31,-1
2019-01-31,53320,2019-03-31,3,592000000000,-0.001,,,,,41000000000,-0.221,43500000000,-0.200,,32000000000,,189.01,,,,,,,,,,,,,,,,,,,,,,true,true,12,2018-04-01,2019-03-31,0
2019-01-31,53320,2018-03-31,3,,,,,,,,,,,,,,,,,,,,564319000000,342219000000,0.591,,333253000000,,,,,,,,,,,,true,false,12,2017-04-01,2018-03-31,-1
2019-01-31,53320,2018-03-31,3,,,,,,,,,,,,,,,,,,,,,,,,,,,,,72.00,,,,176981297,7695972,,false,false,12,2017-04-01,2018-03-31,-1
2019-01-31,53320,2019-03-31,3,,,,,,,,,,,,,,,,,,,,,,,,,,,,,45.00,,,,,,,false,false,12,2018-04-01,2019-03-31,0
2019-01-31,53320,2019-03-31,3,,,,,,,,,,,,,,,,,,,,,,,,,,,,,90.00,,,,,,,false,true,12,2018-04-01,2019-03-31,0
2019-01-31,53320,2019-03-31,3,,,,,,,,,,,,,,,,,,,,,,,,,,,,,,,,,176981297,7680206,169295341,false,false,9,2018-04-01,2018-12-31,0
2019-01-31,53320,2018-03-31,3,,,,,,,,,,,,,,,,,,,,,,,,,,,,,,,,,,,169158770,false,false,9,2017-04-01,2017-12-31,-1
2019-04-26,53320,2019-03-31,,586086000000,-0.010,,,,,40167000000,-0.236,43119000000,-0.207,,32380000000,,191.26,190.90,0.096,0.076,0.069,,574960000000,346658000000,0.589,2000.44,338709000000,14593000000,-26928000000,14562000000,96470000000,,0.471,,,,,,true,false,12,2018-04-01,2019-03-31,0
2019-04-26,53320,2018-03-31,,592301000000,0.044,,,,,52602000000,0.109,54376000000,0.129,,36798000000,,217.50,216.96,0.117,0.097,0.089,,564319000000,342219000000,0.591,1968.59,333253000000,45489000000,-36374000000,-11244000000,97637000000,,0.331,,,,,,true,false,12,2017-04-01,2018-03-31,-1
2019-04-26,53320,2020-03-31,,293900000000,0.046,,,,,16300000000,-0.099,17000000000,-0.155,,12400000000,,73.24,,,,,,,,,,,,,,,,,,,,,,true,true,6,2019-04-01,2019-09-30,1
2019-04-26,53320,2020-03-31,,618000000000,0.054,,,,,45000000000,0.120,46000000000,0.067,,33000000000,,194.90,,,,,,,,,,,,,,,,0.462,,,,,,true,true,12,2019-04-01,2020-03-31,1
2019-04-26,53320,2018-03-31,,,,,,,,,,,,,,,,,,,,,,,,,,,,,,72.00,,,,176981297,7695972,169187042,false,false,12,2017-04-01,2018-03-31,-1
2019-04-26,53320,2019-03-31,,,,,,,,,,,,,,,,,,,,,,,,,,,,,,90.00,,,,176981297,7664017,169300355,false,false,12,2018-04-01,2019-03-31,0
2019-04-26,53320,2020-03-31,,,,,,,,,,,,,,,,,,,,,,,,,,,,,,90.00,,,,,,,false,true,12,2019-04-01,2020-03-31,1
2019-07-31,53320,2020-03-31,1,136071000000,0.027,,,,,5401000000,-0.154,5493000000,-0.316,,3183000000,,18.80,18.77,,,,,558986000000,341127000000,0.597,,333590000000,,,,,,,,,,,,true,false,3,2019-04-01,2019-06-30,0
2019-07-31,53320,2019-03-31,1,132451000000,0.006,,,,,6381000000,-0.086,8031000000,-0.033,,4863000000,,28.73,28.67,,,,,,,,,,,,,,,,,,,,,true,false,3,2018-04-01,2018-06-30,-1
2019-07-31,53320,2020-03-31,1,293900000000,0.046,,,,,16300000000,-0.099,17000000000,-0.155,,12400000000,,73.24,,,,,,,,,,,,,,,,,,,,,,true,true,6,2019-04-01,2019-09-30,0
2019-07-31,53320,2020-03-31,1,618000000000,0.054,,,,,45000000000,0.120,46000000000,0.067,,33000000000,,194.90,,,,,,,,,,,,,,,,,,,,,,true,true,12,2019-04-01,2020-03-31,0
2019-07-31,53320,2019-03-31,1,,,,,,,,,,,,,,,,,,,,574960000000,346658000000,0.589,,338709000000,,,,,,,,,,,,true,false,12,2018-04-01,2019-03-31,-1
2019-07-31,53320,2019-03-31,1,,,,,,,,,,,,,,,,,,,,,,,,,,,,,90.00,,,,176981297,7664017,,false,false,12,2018-04-01,2019-03-31,-1
2019-07-31,53320,2020-03-31,1,,,,,,,,,,,,,,,,,,,,,,,,,,,,,90.00,,,,,,,false,true,12,2019-04-01,2020-03-31,0
2019-07-31,53320,2020-03-31,1,,,,,,,,,,,,,,,,,,,,,,,,,,,,,,,,,176981297,7660020,169319927,false,false,3,2019-04-01,2019-06-30,0
2019-07-31,53320,2019-03-31,1,,,,,,,,,,,,,,,,,,,,,,,,,,,,,,,,,,,169285512,false,false,3,2018-04-01,2018-06-30,-1
2019-10-31,53320,2020-03-31,2,296329000000,0.054,,,,,17467000000,-0.035,17924000000,-0.109,,12405000000,,73.26,73.13,,,,,571068000000,347688000000,0.596,,340312000000,,,,,,,,,,,,true,false,6,2019-04-01,2019-09-30,0
2019-10-31,53320,2019-03-31,2,281061000000,-0.001,,,,,18094000000,-0.195,20125000000,-0.160,,13297000000,,78.55,78.40,,,,,,,,,,,,,,,,,,,,,true,false,6,2018-04-01,2018-09-30,-1
2019-10-31,53320,2020-03-31,2,607000000000,0.036,,,,,39000000000,-0.029,39000000000,-0.096,,26500000000,,156.48,,,,,,,,,,,,,,,,,,,,,,true,true,12,2019-04-01,2020-03-31,0
2019-10-31,53320,2019-03-31,2,,,,,,,,,,,,,,,,,,,,574960000000,346658000000,0.589,,338709000000,,,,,,,,,,,,true,false,12,2018-04-01,2019-03-31,-1
2019-10-31,53320,2019-03-31,2,,,,,,,,,,,,,,,,,,,,,,,,,,,,,90.00,,,,176981297,7664017,,false,false,12,2018-04-01,2019-03-31,-1
2019-10-31,53320,2020-03-31,2,,,,,,,,,,,,,,,,,,,,,,,,,,,,,45.00,,,,,,,false,false,12,2019-04-01,2020-03-31,0
2019-10-31,53320,2020-03-31,2,,,,,,,,,,,,,,,,,,,,,,,,,,,,,90.00,,,,,,,false,true,12,2019-04-01,2020-03-31,0
2019-10-31,53320,2020-03-31,2,,,,,,,,,,,,,,,,,,,,,,,,,,,,,,,,,176981297,7626188,169336076,false,false,6,2019-04-01,2019-09-30,0
2019-10-31,53320,2019-03-31,2,,,,,,,,,,,,,,,,,,,,,,,,,,,,,,,,,,,169292400,false,false,6,2018-04-01,2018-09-30,-1
2020-01-31,53320,2020-03-31,3,449186000000,0.039,,,,,29864000000,-0.011,31001000000,-0.052,,21734000000,,128.35,128.12,,,,,573235000000,350042000000,0.598,,342658000000,,,,,,,,,,,,true,false,9,2019-04-01,2019-12-31,0
2020-01-31,53320,2019-03-31,3,432242000000,-0.007,,,,,30182000000,-0.203,32707000000,-0.185,,22317000000,,131.83,131.57,,,,,,,,,,,,,,,,,,,,,true,false,9,2018-04-01,2018-12-31,-1
2020-01-31,53320,2020-03-31,3,607000000000,0.036,,,,,39000000000,-0.029,39000000000,-0.096,,26500000000,,156.48,,,,,,,,,,,,,,,,,,,,,,true,true,12,2019-04-01,2020-03-31,0
2020-01-31,53320,2019-03-31,3,,,,,,,,,,,,,,,,,,,,574960000000,346658000000,0.589,,338709000000,,,,,,,,,,,,true,false,12,2018-04-01,2019-03-31,-1
2020-01-31,53320,2019-03-31,3,,,,,,,,,,,,,,,,,,,,,,,,,,,,,90.00,,,,176981297,7664017,,false,false,12,2018-04-01,2019-03-31,-1
2020-01-31,53320,2020-03-31,3,,,,,,,,,,,,,,,,,,,,,,,,,,,,,45.00,,,,,,,false,false,12,2019-04-01,2020-03-31,0
2020-01-31,53320,2020-03-31,3,,,,,,,,,,,,,,,,,,,,,,,,,,,,,90.00,,,,,,,false,true,12,2019-04-01,2020-03-31,0
2020-01-31,53320,2020-03-31,3,,,,,,,,,,,,,,,,,,,,,,,,,,,,,,,,,176981297,7623660,169342663,false,false,9,2019-04-01,2019-12-31,0
2020-01-31,53320,2019-03-31,3,,,,,,,,,,,,,,,,,,,,,,,,,,,,,,,,,,,169295341,false,false,9,2018-04-01,2018-12-31,-1
2020-04-30,53320,2020-03-31,,596497000000,0.018,,,,,36760000000,-0.085,36111000000,-0.163,,23583000000,,139.26,139.02,0.070,0.062,0.062,,583934000000,341141000000,0.572,1973.42,334261000000,63843000000,-36705000000,-20878000000,101711000000,,0.646,,,,,,true,false,12,2019-04-01,2020-03-31,0
2020-04-30,53320,2019-03-31,,586086000000,-0.010,,,,,40167000000,-0.236,43119000000,-0.207,,32380000000,,191.26,190.90,0.096,0.076,0.069,,574960000000,346658000000,0.589,2000.44,338709000000,14593000000,-26928000000,14562000000,96470000000,,0.471,,,,,,true,false,12,2018-04-01,2019-03-31,-1
2020-04-30,53320,2019-03-31,,,,,,,,,,,,,,,,,,,,,,,,,,,,,,90.00,,,,176981297,7664017,169300355,false,false,12,2018-04-01,2019-03-31,-1
2020-04-30,53320,2020-03-31,,,,,,,,,,,,,,,,,,,,,,,,,,,,,,90.00,,,,176981297,7599599,169349269,false,false,12,2019-04-01,2020-03-31,0
2020-07-31,53320,2021-03-31,1,118077000000,-0.132,,,,,2159000000,-0.600,2087000000,-0.620,,554000000,,3.27,3.27,,,,,582335000000,330373000000,0.557,,324086000000,,,,,,,,,,,,true,false,3,2020-04-01,2020-06-30,0
2020-07-31,53320,2020-03-31,1,136071000000,0.027,,,,,5401000000,-0.154,5493000000,-0.316,,3183000000,,18.80,18.77,,,,,,,,,,,,,,,,,,,,,true,false,3,2019-04-01,2019-06-30,-1
2020-07-31,53320,2021-03-31,1,250000000000,-0.156,,,,,6000000000,-0.656,,,,,,,,,,,,,,,,,,,,,,,,,,,,true,true,6,2020-04-01,2020-09-30,0
2020-07-31,53320,2020-03-31,1,,,,,,,,,,,,,,,,,,,,583934000000,341141000000,0.572,,334261000000,,,,,,,,,,,,true,false,12,2019-04-01,2020-03-31,-1
2020-07-31,53320,2020-03-31,1,,,,,,,,,,,,,,,,,,,,,,,,,,,,,90.00,,,,176981297,7599599,,false,false,12,2019-04-01,2020-03-31,-1
2020-07-31,53320,2021-03-31,1,,,,,,,,,,,,,,,,,,,,,,,,,,,,,,,,,176981297,7597994,169383152,false,false,3,2020-04-01,2020-06-30,0
2020-07-31,53320,2020-03-31,1,,,,,,,,,,,,,,,,,,,,,,,,,,,,,,,,,,,169319927,false,false,3,2019-04-01,2019-06-30,-1
2020-10-30,53320,2021-03-31,2,257546000000,-0.131,,,,,10605000000,-0.393,10292000000,-0.426,,4569000000,,26.98,26.94,,,,,600201000000,337116000000,0.551,,330587000000,,,,,,,,,,,,true,false,6,2020-04-01,2020-09-30,0
2020-10-30,53320,2020-03-31,2,296329000000,0.054,,,,,17467000000,-0.035,17924000000,-0.109,,12405000000,,73.26,73.13,,,,,,,,,,,,,,,,,,,,,true,false,6,2019-04-01,2019-09-30,-1
2020-10-30,53320,2021-03-31,2,563000000000,-0.056,,,,,31000000000,-0.157,29500000000,-0.183,,17500000000,,103.30,,,,,,,,,,,,,,,,,,,,,,true,true,12,2020-04-01,2021-03-31,0
2020-10-30,53320,2020-03-31,2,,,,,,,,,,,,,,,,,,,,583934000000,341141000000,0.572,,334261000000,,,,,,,,,,,,true,false,12,2019-04-01,2020-03-31,-1
2020-10-30,53320,2020-03-31,2,,,,,,,,,,,,,,,,,,,,,,,,,,,,,90.00,,,,176981297,7599599,,false,false,12,2019-04-01,2020-03-31,-1
2020-10-30,53320,2021-03-31,2,,,,,,,,,,,,,,,,,,,,,,,,,,,,,30.00,,,,,,,false,false,12,2020-04-01,2021-03-31,0
2020-10-30,53320,2021-03-31,2,,,,,,,,,,,,,,,,,,,,,,,,,,,,,60.00,,,,,,,false,true,12,2020-04-01,2021-03-31,0
2020-10-30,53320,2021-03-31,2,,,,,,,,,,,,,,,,,,,,,,,,,,,,,,,,,176981297,7572803,169395918,false,false,6,2020-04-01,2020-09-30,0
2020-10-30,53320,2020-03-31,2,,,,,,,,,,,,,,,,,,,,,,,,,,,,,,,,,,,169336076,false,false,6,2019-04-01,2019-09-30,-1
2021-01-29,53320,2021-03-31,3,419844000000,-0.065,,,,,27721000000,-0.072,26232000000,-0.154,,15535000000,,91.70,91.56,,,,,610189000000,345596000000,0.555,,338829000000,,,,,,,,,,,,true,false,9,2020-04-01,2020-12-31,0
2021-01-29,53320,2020-03-31,3,449186000000,0.039,,,,,29864000000,-0.011,31001000000,-0.052,,21734000000,,128.35,128.12,,,,,,,,,,,,,,,,,,,,,true,false,9,2019-04-01,2019-12-31,-1
2021-01-29,53320,2021-03-31,3,580000000000,-0.028,,,,,39000000000,0.061,37000000000,0.025,,24000000000,,141.63,,,,,,,,,,,,,,,,,,,,,,true,true,12,2020-04-01,2021-03-31,0
2021-01-29,53320,2020-03-31,3,,,,,,,,,,,,,,,,,,,,583934000000,341141000000,0.572,,334261000000,,,,,,,,,,,,true,false,12,2019-04-01,2020-03-31,-1
2021-01-29,53320,2020-03-31,3,,,,,,,,,,,,,,,,,,,,,,,,,,,,,90.00,,,,176981297,7599599,,false,false,12,2019-04-01,2020-03-31,-1
2021-01-29,53320,2021-03-31,3,,,,,,,,,,,,,,,,,,,,,,,,,,,,,30.00,,,,,,,false,false,12,2020-04-01,2021-03-31,0
2021-01-29,53320,2021-03-31,3,,,,,,,,,,,,,,,,,,,,,,,,,,,,,70.00,,,,,,,false,true,12,2020-04-01,2021-03-31,0
2021-01-29,53320,2021-03-31,3,,,,,,,,,,,,,,,,,,,,,,,,,,,,,,,,,176981297,7536163,169408304,false,false,9,2020-04-01,2020-12-31,0
2021-01-29,53320,2020-03-31,3,,,,,,,,,,,,,,,,,,,,,,,,,,,,,,,,,,,169342663,false,false,9,2019-04-01,2019-12-31,-1
2021-04-28,53320,2021-03-31,,580935000000,-0.026,,,,,41351000000,0.125,41353000000,0.145,,27199000000,,160.55,160.30,0.078,0.067,0.071,,647635000000,373707000000,0.566,2163.84,366662000000,59551000000,-42622000000,22702000000,141419000000,,0.436,,,,,,true,false,12,2020-04-01,2021-03-31,0
2021-04-28,53320,2020-03-31,,596497000000,0.018,,,,,36760000000,-0.085,36111000000,-0.163,,23583000000,,139.26,139.02,0.070,0.062,0.062,,583934000000,341141000000,0.572,1973.42,334261000000,63843000000,-36705000000,-20878000000,101711000000,,0.646,,,,,,true,false,12,2019-04-01,2020-03-31,-1
2021-04-28,53320,2022-03-31,,297700000000,,,,,,17500000000,,17800000000,,,12200000000,,72.00,,,,,,,,,,,,,,,,,,,,,,true,true,6,2021-04-01,2021-09-30,1
2021-04-28,53320,2022-03-31,,635000000000,,,,,,44000000000,,44500000000,,,31500000000,,185.90,,,,,,,,,,,,,,,,0.430,,,,,,true,true,12,2021-04-01,2022-03-31,1
2021-04-28,53320,2020-03-31,,,,,,,,,,,,,,,,,,,,,,,,,,,,,,90.00,,,,176981297,7599599,169349269,false,false,12,2019-04-01,2020-03-31,-1
2021-04-28,53320,2021-03-31,,,,,,,,,,,,,,,,,,,,,,,,,,,,,,70.00,,,,176981297,7531777,169418598,false,false,12,2020-04-01,2021-03-31,0
2021-04-28,53320,2022-03-31,,,,,,,,,,,,,,,,,,,,,,,,,,,,,,80.00,,,,,,,false,true,12,2021-04-01,2022-03-31,1
2021-07-30,53320,2022-03-31,1,145729000000,0.237,,,,,12113000000,3.801,12938000000,3.736,,8985000000,,53.02,52.96,,,,,606156000000,382994000000,0.620,,375835000000,,,,,,,,,,,,true,false,3,2021-04-01,2021-06-30,0
2021-07-30,53320,2021-03-31,1,117803000000,,,,,,2522000000,,2731000000,,,1002000000,,5.92,5.91,,,,,,,,,,,,,,,,,,,,,true,false,3,2020-04-01,2020-06-30,-1
2021-07-30,53320,2022-03-31,1,297700000000,0.161,,,,,17500000000,0.796,17800000000,0.772,,12200000000,,72.00,,,,,,,,,,,,,,,,,,,,,,true,true,6,2021-04-01,2021-09-30,0
2021-07-30,53320,2022-03-31,1,635000000000,0.099,,,,,44000000000,0.110,44500000000,0.084,,31500000000,,185.90,,,,,,,,,,,,,,,,,,,,,,true,true,12,2021-04-01,2022-03-31,0
2021-07-30,53320,2021-03-31,1,,,,,,,,,,,,,,,,,,,,646011000000,373173000000,0.567,,366128000000,,,,,,,,,,,,true,false,12,2020-04-01,2021-03-31,-1
2021-07-30,53320,2021-03-31,1,,,,,,,,,,,,,,,,,,,,,,,,,,,,,70.00,,,,176981297,7531777,,false,false,12,2020-04-01,2021-03-31,-1
2021-07-30,53320,2022-03-31,1,,,,,,,,,,,,,,,,,,,,,,,,,,,,,80.00,,,,,,,false,true,12,2021-04-01,2022-03-31,0
2021-07-30,53320,2022-03-31,1,,,,,,,,,,,,,,,,,,,,,,,,,,,,,,,,,176981297,7493034,169475559,false,false,3,2021-04-01,2021-06-30,0
2021-07-30,53320,2021-03-31,1,,,,,,,,,,,,,,,,,,,,,,,,,,,,,,,,,,,169383152,false,false,3,2020-04-01,2020-06-30,-1
2021-10-29,5332,2022-03-31,2,309506000000,0.207,,,,,26613000000,1.731,28145000000,1.802,,19868000000,,117.22,117.09,,,,,608916000000,397366000000,0.640,,389889000000,,,,,,,,,,,,true,false,6,2021-04-01,2021-09-30,0
2021-10-29,5332,2021-03-31,2,256488000000,,,,,,9746000000,,10044000000,,,4397000000,,25.96,25.92,,,,,,,,,,,,,,,,,,,,,true,false,6,2020-04-01,2020-09-30,-1
2021-10-29,5332,2022-03-31,2,650000000000,0.125,,,,,50000000000,0.261,52000000000,0.267,,37500000000,,221.21,,,,,,,,,,,,,,,,,,,,,,true,true,12,2021-04-01,2022-03-31,0
2021-10-29,5332,2021-03-31,2,,,,,,,,,,,,,,,,,,,,646011000000,373173000000,0.567,,366128000000,,,,,,,,,,,,true,false,12,2020-04-01,2021-03-31,-1
2021-10-29,5332,2021-03-31,2,,,,,,,,,,,,,,,,,,,,,,,,,,,,,70.00,,,,176981297,7531777,,false,false,12,2020-04-01,2021-03-31,-1
2021-10-29,5332,2022-03-31,2,,,,,,,,,,,,,,,,,,,,,,,,,,,,,45.00,,,,,,,false,false,12,2021-04-01,2022-03-31,0
2021-10-29,5332,2022-03-31,2,,,,,,,,,,,,,,,,,,,,,,,,,,,,,90.00,,,,,,,false,true,12,2021-04-01,2022-03-31,0
2021-10-29,5332,2022-03-31,2,,,,,,,,,,,,,,,,,,,,,,,,,,,,,,,,,176981297,7461505,169495623,false,false,6,2021-04-01,2021-09-30,0
2021-10-29,5332,2021-03-31,2,,,,,,,,,,,,,,,,,,,,,,,,,,,,,,,,,,,169395918,false,false,6,2020-04-01,2020-09-30,-1
2022-01-28,5332,2022-03-31,3,480132000000,0.145,,,,,43026000000,0.531,45877000000,0.661,,32352000000,,190.87,190.66,,,,,620148000000,403623000000,0.638,,395805000000,,,,,,,,,,,,true,false,9,2021-04-01,2021-12-31,0
2022-01-28,5332,2021-03-31,3,419365000000,,,,,,28111000000,,27616000000,,,16498000000,,97.39,97.24,,,,,,,,,,,,,,,,,,,,,true,false,9,2020-04-01,2020-12-31,-1
2022-01-28,5332,2022-03-31,3,650000000000,0.125,,,,,50000000000,0.261,52000000000,0.267,,37500000000,,221.21,,,,,,,,,,,,,,,,,,,,,,true,true,12,2021-04-01,2022-03-31,0
2022-01-28,5332,2021-03-31,3,,,,,,,,,,,,,,,,,,,,646011000000,373173000000,0.567,,366128000000,,,,,,,,,,,,true,false,12,2020-04-01,2021-03-31,-1
2022-01-28,5332,2021-03-31,3,,,,,,,,,,,,,,,,,,,,,,,,,,,,,70.00,,,,176981297,7531777,,false,false,12,2020-04-01,2021-03-31,-1
2022-01-28,5332,2022-03-31,3,,,,,,,,,,,,,,,,,,,,,,,,,,,,,45.00,,,,,,,false,false,12,2021-04-01,2022-03-31,0
2022-01-28,5332,2022-03-31,3,,,,,,,,,,,,,,,,,,,,,,,,,,,,,90.00,,,,,,,false,true,12,2021-04-01,2022-03-31,0
2022-01-28,5332,2022-03-31,3,,,,,,,,,,,,,,,,,,,,,,,,,,,,,,,,,176981297,7453323,169504987,false,false,9,2021-04-01,2021-12-31,0
2022-01-28,5332,2021-03-31,3,,,,,,,,,,,,,,,,,,,,,,,,,,,,,,,,,,,169408304,false,false,9,2020-04-01,2020-12-31,-1
2022-04-28,5332,2022-03-31,,645273000000,0.117,,,,,52180000000,0.316,56870000000,0.386,,40131000000,,236.74,236.50,0.104,0.088,0.081,,641025000000,413372000000,0.632,2391.35,405447000000,49356000000,-31893000000,-75772000000,89601000000,,0.401,,,,,,true,false,12,2021-04-01,2022-03-31,0
2022-04-28,5332,2021-03-31,,577840000000,,,,,,39656000000,,41035000000,,,26978000000,,159.24,159.01,0.077,0.067,0.069,,646011000000,373173000000,0.567,2160.69,366128000000,59551000000,-42622000000,22702000000,141419000000,,0.440,,,,,,true,false,12,2020-04-01,2021-03-31,-1
2022-04-28,5332,2023-03-31,,321500000000,0.039,,,,,15000000000,-0.436,16100000000,-0.428,,10300000000,,60.75,,,,,,,,,,,,,,,,,,,,,,true,true,6,2022-04-01,2022-09-30,1
2022-04-28,5332,2023-03-31,,710000000000,0.100,,,,,54000000000,0.035,55000000000,-0.033,,41500000000,,244.77,,,,,,,,,,,,,,,,0.409,,,,,,true,true,12,2022-04-01,2023-03-31,1
2022-04-28,5332,2021-03-31,,,,,,,,,,,,,,,,,,,,,,,,,,,,,,70.00,,,,176981297,7531777,169418598,false,false,12,2020-04-01,2021-03-31,-1
2022-04-28,5332,2022-03-31,,,,,,,,,,,,,,,,,,,,,,,,,,,,,,95.00,,,,176981297,7434187,169514672,false,false,12,2021-04-01,2022-03-31,0
2022-04-28,5332,2023-03-31,,,,,,,,,,,,,,,,,,,,,,,,,,,,,,100.00,,,,,,,false,true,12,2022-04-01,2023-03-31,1
2022-07-29,5332,2023-03-31,1,153472000000,0.053,,,,,10206000000,-0.157,15362000000,0.187,,10538000000,,62.16,62.10,,,,,676903000000,426426000000,0.618,,418127000000,,,,,,,,,,,,true,false,3,2022-04-01,2022-06-30,0
2022-07-29,5332,2022-03-31,1,145729000000,0.237,,,,,12113000000,3.801,12938000000,3.736,,8985000000,,53.02,52.96,,,,,,,,,,,,,,,,,,,,,true,false,3,2021-04-01,2021-06-30,-1
2022-07-29,5332,2023-03-31,1,321500000000,0.039,,,,,15000000000,-0.436,16100000000,-0.428,,10300000000,,60.75,,,,,,,,,,,,,,,,,,,,,,true,true,6,2022-04-01,2022-09-30,0
2022-07-29,5332,2023-03-31,1,710000000000,0.100,,,,,54000000000,0.035,55000000000,-0.033,,41500000000,,244.77,,,,,,,,,,,,,,,,,,,,,,true,true,12,2022-04-01,2023-03-31,0
2022-07-29,5332,2022-03-31,1,,,,,,,,,,,,,,,,,,,,641025000000,413372000000,0.632,,405447000000,,,,,,,,,,,,true,false,12,2021-04-01,2022-03-31,-1
2022-07-29,5332,2022-03-31,1,,,,,,,,,,,,,,,,,,,,,,,,,,,,,95.00,,,,176981297,7434187,,false,false,12,2021-04-01,2022-03-31,-1
2022-07-29,5332,2023-03-31,1,,,,,,,,,,,,,,,,,,,,,,,,,,,,,100.00,,,,,,,false,true,12,2022-04-01,2023-03-31,0
2022-07-29,5332,2023-03-31,1,,,,,,,,,,,,,,,,,,,,,,,,,,,,,,,,,176981297,7434219,169547078,false,false,3,2022-04-01,2022-06-30,0
2022-07-29,5332,2022-03-31,1,,,,,,,,,,,,,,,,,,,,,,,,,,,,,,,,,,,169475559,false,false,3,2021-04-01,2021-06-30,-1
2022-10-28,5332,2023-03-31,2,327688000000,0.059,,,,,20649000000,-0.224,28945000000,0.028,,18852000000,,111.19,111.09,,,,,723778000000,449149000000,0.609,,440578000000,,,,,,,,,,,,true,false,6,2022-04-01,2022-09-30,0
2022-10-28,5332,2022-03-31,2,309506000000,0.207,,,,,26613000000,1.731,28145000000,1.802,,19868000000,,117.22,117.09,,,,,,,,,,,,,,,,,,,,,true,false,6,2021-04-01,2021-09-30,-1
2022-10-28,5332,2023-03-31,2,717000000000,0.111,,,,,54000000000,0.035,61500000000,0.081,,42000000000,,247.68,,,,,,,,,,,,,,,,,,,,,,true,true,12,2022-04-01,2023-03-31,0
2022-10-28,5332,2022-03-31,2,,,,,,,,,,,,,,,,,,,,641025000000,413372000000,0.632,,405447000000,,,,,,,,,,,,true,false,12,2021-04-01,2022-03-31,-1
2022-10-28,5332,2022-03-31,2,,,,,,,,,,,,,,,,,,,,,,,,,,,,,95.00,,,,176981297,7434187,,false,false,12,2021-04-01,2022-03-31,-1
2022-10-28,5332,2023-03-31,2,,,,,,,,,,,,,,,,,,,,,,,,,,,,,50.00,,,,,,,false,false,12,2022-04-01,2023-03-31,0
2022-10-28,5332,2023-03-31,2,,,,,,,,,,,,,,,,,,,,,,,,,,,,,100.00,,,,,,,false,true,12,2022-04-01,2023-03-31,0
2022-10-28,5332,2023-03-31,2,,,,,,,,,,,,,,,,,,,,,,,,,,,,,,,,,176981297,7408271,169560020,false,false,6,2022-04-01,2022-09-30,0
2022-10-28,5332,2022-03-31,2,,,,,,,,,,,,,,,,,,,,,,,,,,,,,,,,,,,169495623,false,false,6,2021-04-01,2021-09-30,-1
2023-01-31,5332,2023-03-31,3,527143000000,0.098,,,,,43594000000,0.013,47463000000,0.035,,36270000000,,213.91,213.72,,,,,728752000000,465466000000,0.625,,455127000000,,,,,,,,,,,,true,false,9,2022-04-01,2022-12-31,0
2023-01-31,5332,2022-03-31,3,480132000000,0.145,,,,,43026000000,0.531,45877000000,0.661,,32352000000,,190.87,190.66,,,,,,,,,,,,,,,,,,,,,true,false,9,2021-04-01,2021-12-31,-1
2023-01-31,5332,2023-03-31,3,707000000000,0.096,,,,,49000000000,-0.061,52000000000,-0.086,,36000000000,,212.30,,,,,,,,,,,,,,,,,,,,,,true,true,12,2022-04-01,2023-03-31,0
2023-01-31,5332,2022-03-31,3,,,,,,,,,,,,,,,,,,,,641025000000,413372000000,0.632,,405447000000,,,,,,,,,,,,true,false,12,2021-04-01,2022-03-31,-1
2023-01-31,5332,2022-03-31,3,,,,,,,,,,,,,,,,,,,,,,,,,,,,,95.00,,,,176981297,7434187,,false,false,12,2021-04-01,2022-03-31,-1
2023-01-31,5332,2023-03-31,3,,,,,,,,,,,,,,,,,,,,,,,,,,,,,50.00,,,,,,,false,false,12,2022-04-01,2023-03-31,0
2023-01-31,5332,2023-03-31,3,,,,,,,,,,,,,,,,,,,,,,,,,,,,,100.00,,,,,,,false,true,12,2022-04-01,2023-03-31,0
2023-01-31,5332,2023-03-31,3,,,,,,,,,,,,,,,,,,,,,,,,,,,,,,,,,176981297,7408266,169564359,false,false,9,2022-04-01,2022-12-31,0
2023-01-31,5332,2022-03-31,3,,,,,,,,,,,,,,,,,,,,,,,,,,,,,,,,,,,169504987,false,false,9,2021-04-01,2021-12-31,-1
2023-04-28,5332,2023-03-31,,701187000000,0.087,,,,,49121000000,-0.059,54760000000,-0.037,,38943000000,,229.66,229.47,0.091,0.080,0.070,,731638000000,461092000000,0.620,2674.28,453535000000,31579000000,-35269000000,8779000000,97493000000,,0.435,,,,,,true,false,12,2022-04-01,2023-03-31,0
2023-04-28,5332,2022-03-31,,645273000000,0.117,,,,,52180000000,0.316,56870000000,0.386,,40131000000,,236.74,236.50,0.104,0.088,0.081,,641025000000,413372000000,0.632,2391.35,405447000000,49356000000,-31893000000,-75772000000,89601000000,,0.401,,,,,,true,false,12,2021-04-01,2022-03-31,-1
2023-04-28,5332,2024-03-31,,345300000000,0.054,,,,,12700000000,-0.385,12600000000,-0.565,,8700000000,,51.30,,,,,,,,,,,,,,,,,,,,,,true,true,6,2023-04-01,2023-09-30,1
2023-04-28,5332,2024-03-31,,738000000000,0.053,,,,,53000000000,0.079,54000000000,-0.014,,39000000000,,229.96,,,,,,,,,,,,,,,,0.435,,,,,,true,true,12,2023-04-01,2024-03-31,1
2023-04-28,5332,2022-03-31,,,,,,,,,,,,,,,,,,,,,,,,,,,,,,95.00,,,,176981297,7434187,169514672,false,false,12,2021-04-01,2022-03-31,-1
2023-04-28,5332,2023-03-31,,,,,,,,,,,,,,,,,,,,,,,,,,,,,,100.00,,,,176981297,7389240,169569793,false,false,12,2022-04-01,2023-03-31,0
2023-04-28,5332,2024-03-31,,,,,,,,,,,,,,,,,,,,,,,,,,,,,,100.00,,,,,,,false,true,12,2023-04-01,2024-03-31,1
2023-07-31,5332,2024-03-31,1,156608000000,0.020,,,,,4001000000,-0.608,9334000000,-0.392,,5723000000,,33.75,33.72,,,,,717356000000,463597000000,0.636,,456206000000,,,,,,,,,,,,true,false,3,2023-04-01,2023-06-30,0
2023-07-31,5332,2023-03-31,1,153472000000,0.053,,,,,10206000000,-0.157,15362000000,0.187,,10538000000,,62.16,62.10,,,,,,,,,,,,,,,,,,,,,true,false,3,2022-04-01,2022-06-30,-1
2023-07-31,5332,2024-03-31,1,345300000000,0.054,,,,,12700000000,-0.385,12600000000,-0.565,,8700000000,,51.30,,,,,,,,,,,,,,,,,,,,,,true,true,6,2023-04-01,2023-09-30,0
2023-07-31,5332,2024-03-31,1,738000000000,0.053,,,,,53000000000,0.079,54000000000,-0.014,,39000000000,,229.96,,,,,,,,,,,,,,,,,,,,,,true,true,12,2023-04-01,2024-03-31,0
2023-07-31,5332,2023-03-31,1,,,,,,,,,,,,,,,,,,,,731638000000,461092000000,0.620,,453535000000,,,,,,,,,,,,true,false,12,2022-04-01,2023-03-31,-1
2023-07-31,5332,2023-03-31,1,,,,,,,,,,,,,,,,,,,,,,,,,,,,,100.00,,,,176981297,7389240,,false,false,12,2022-04-01,2023-03-31,-1
2023-07-31,5332,2024-03-31,1,,,,,,,,,,,,,,,,,,,,,,,,,,,,,100.00,,,,,,,false,true,12,2023-04-01,2024-03-31,0
2023-07-31,5332,2024-03-31,1,,,,,,,,,,,,,,,,,,,,,,,,,,,,,,,,,176981297,7389184,169592074,false,false,3,2023-04-01,2023-06-30,0
2023-07-31,5332,2023-03-31,1,,,,,,,,,,,,,,,,,,,,,,,,,,,,,,,,,,,169547078,false,false,3,2022-04-01,2022-06-30,-1
2023-10-30,5332,2024-03-31,2,339741000000,0.037,,,,,15269000000,-0.261,22861000000,-0.210,,16677000000,,98.33,98.26,,,,,764172000000,488523000000,0.629,,480850000000,,,,,,,,,,,,true,false,6,2023-04-01,2023-09-30,0
2023-10-30,5332,2023-03-31,2,327688000000,0.059,,,,,20649000000,-0.224,28945000000,0.028,,18852000000,,111.19,111.09,,,,,,,,,,,,,,,,,,,,,true,false,6,2022-04-01,2022-09-30,-1
2023-10-30,5332,2024-03-31,2,720000000000,0.027,,,,,47000000000,-0.043,52500000000,-0.041,,39000000000,,229.93,,,,,,,,,,,,,,,,,,,,,,true,true,12,2023-04-01,2024-03-31,0
2023-10-30,5332,2023-03-31,2,,,,,,,,,,,,,,,,,,,,731638000000,461092000000,0.620,,453535000000,,,,,,,,,,,,true,false,12,2022-04-01,2023-03-31,-1
2023-10-30,5332,2023-03-31,2,,,,,,,,,,,,,,,,,,,,,,,,,,,,,100.00,,,,176981297,7389240,,false,false,12,2022-04-01,2023-03-31,-1
2023-10-30,5332,2024-03-31,2,,,,,,,,,,,,,,,,,,,,,,,,,,,,,50.00,,,,,,,false,false,12,2023-04-01,2024-03-31,0
2023-10-30,5332,2024-03-31,2,,,,,,,,,,,,,,,,,,,,,,,,,,,,,100.00,,,,,,,false,true,12,2023-04-01,2024-03-31,0
2023-10-30,5332,2024-03-31,2,,,,,,,,,,,,,,,,,,,,,,,,,,,,,,,,,176981297,7363669,169604935,false,false,6,2023-04-01,2023-09-30,0
2023-10-30,5332,2023-03-31,2,,,,,,,,,,,,,,,,,,,,,,,,,,,,,,,,,,,169560020,false,false,6,2022-04-01,2022-09-30,-1
2024-01-31,5332,2024-03-31,3,524765000000,-0.005,,,,,32909000000,-0.245,37569000000,-0.208,,26494000000,,156.21,156.09,,,,,764804000000,496143000000,0.638,,488144000000,,,,,,,,,,,,true,false,9,2023-04-01,2023-12-31,0
2024-01-31,5332,2023-03-31,3,527143000000,0.098,,,,,43594000000,0.013,47463000000,0.035,,36270000000,,213.91,213.72,,,,,,,,,,,,,,,,,,,,,true,false,9,2022-04-01,2022-12-31,-1
2024-01-31,5332,2024-03-31,3,720000000000,0.027,,,,,47000000000,-0.043,52500000000,-0.041,,39000000000,,229.93,,,,,,,,,,,,,,,,,,,,,,true,true,12,2023-04-01,2024-03-31,0
2024-01-31,5332,2023-03-31,3,,,,,,,,,,,,,,,,,,,,731638000000,461092000000,0.620,,453535000000,,,,,,,,,,,,true,false,12,2022-04-01,2023-03-31,-1
2024-01-31,5332,2023-03-31,3,,,,,,,,,,,,,,,,,,,,,,,,,,,,,100.00,,,,176981297,7389240,,false,false,12,2022-04-01,2023-03-31,-1
2024-01-31,5332,2024-03-31,3,,,,,,,,,,,,,,,,,,,,,,,,,,,,,50.00,,,,,,,false,false,12,2023-04-01,2024-03-31,0
2024-01-31,5332,2024-03-31,3,,,,,,,,,,,,,,,,,,,,,,,,,,,,,100.00,,,,,,,false,true,12,2023-04-01,2024-03-31,0
2024-01-31,5332,2024-03-31,3,,,,,,,,,,,,,,,,,,,,,,,,,,,,,,,,,176981297,7363140,169609282,false,false,9,2023-04-01,2023-12-31,0
2024-01-31,5332,2023-03-31,3,,,,,,,,,,,,,,,,,,,,,,,,,,,,,,,,,,,169564359,false,false,9,2022-04-01,2022-12-31,-1
2024-04-26,5332,2024-03-31,,702284000000,0.002,,,,,42766000000,-0.129,51515000000,-0.059,,37196000000,,219.30,219.14,0.078,0.068,0.061,,790255000000,510556000000,0.636,2962.21,502472000000,76311000000,-53790000000,-18954000000,102636000000,,0.456,,,,,,true,false,12,2023-04-01,2024-03-31,0
2024-04-26,5332,2023-03-31,,701187000000,0.087,,,,,49121000000,-0.059,54760000000,-0.037,,38943000000,,229.66,229.47,0.091,0.080,0.070,,731638000000,461092000000,0.620,2674.28,453535000000,31579000000,-35269000000,8779000000,97493000000,,0.435,,,,,,true,false,12,2022-04-01,2023-03-31,-1
2024-04-26,5332,2025-03-31,,355500000000,0.046,,,,,16000000000,0.048,16500000000,-0.278,,14500000000,,85.48,,,,,,,,,,,,,,,,,,,,,,true,true,6,2024-04-01,2024-09-30,1
2024-04-26,5332,2025-03-31,,750000000000,0.068,,,,,48000000000,0.122,48000000000,-0.068,,37500000000,,221.07,,,,,,,,,,,,,,,,0.452,,,,,,true,true,12,2024-04-01,2025-03-31,1
2024-04-26,5332,2023-03-31,,,,,,,,,,,,,,,,,,,,,,,,,,,,,,100.00,,,,176981297,7389240,169569793,false,false,12,2022-04-01,2023-03-31,-1
2024-04-26,5332,2024-03-31,,,,,,,,,,,,,,,,,,,,,,,,,,,,,,100.00,,,,176981297,7353859,169613552,false,false,12,2023-04-01,2024-03-31,0
2024-04-26,5332,2025-03-31,,,,,,,,,,,,,,,,,,,,,,,,,,,,,,100.00,,,,,,,false,true,12,2024-04-01,2025-03-31,1
2024-07-31,5332,2025-03-31,1,164513000000,0.050,,,,,9800000000,1.449,14382000000,0.541,,8739000000,,51.52,51.49,,,,,782008000000,519471000000,0.654,,511167000000,,,,,,,,,,,,true,false,3,2024-04-01,2024-06-30,0
2024-07-31,5332,2024-03-31,1,156608000000,0.020,,,,,4001000000,-0.608,9334000000,-0.392,,5723000000,,33.75,33.72,,,,,,,,,,,,,,,,,,,,,true,false,3,2023-04-01,2023-06-30,-1
2024-07-31,5332,2025-03-31,1,355500000000,0.046,,,,,16000000000,0.048,16500000000,-0.278,,14500000000,,85.48,,,,,,,,,,,,,,,,,,,,,,true,true,6,2024-04-01,2024-09-30,0
2024-07-31,5332,2025-03-31,1,750000000000,0.068,,,,,48000000000,0.122,48000000000,-0.068,,37500000000,,221.07,,,,,,,,,,,,,,,,,,,,,,true,true,12,2024-04-01,2025-03-31,0
2024-07-31,5332,2024-03-31,1,,,,,,,,,,,,,,,,,,,,790255000000,510556000000,0.636,,502472000000,,,,,,,,,,,,true,false,12,2023-04-01,2024-03-31,-1
2024-07-31,5332,2024-03-31,1,,,,,,,,,,,,,,,,,,,,,,,,,,,,,100.00,,,,176981297,7353859,,false,false,12,2023-04-01,2024-03-31,-1
2024-07-31,5332,2025-03-31,1,,,,,,,,,,,,,,,,,,,,,,,,,,,,,100.00,,,,,,,false,true,12,2024-04-01,2025-03-31,0
2024-07-31,5332,2025-03-31,1,,,,,,,,,,,,,,,,,,,,,,,,,,,,,,,,,176981297,7352399,169627655,false,false,3,2024-04-01,2024-06-30,0
2024-07-31,5332,2024-03-31,1,,,,,,,,,,,,,,,,,,,,,,,,,,,,,,,,,,,169592074,false,false,3,2023-04-01,2023-06-30,-1
2024-10-28,5332,2025-03-31,2,355735000000,0.047,,,,,24142000000,0.581,22671000000,-0.008,,16949000000,,99.92,99.85,,,,,821145000000,541596000000,0.649,,533072000000,,,,,,,,,,,,true,false,6,2024-04-01,2024-09-30,0
2024-10-28,5332,2024-03-31,2,339741000000,0.037,,,,,15269000000,-0.261,22861000000,-0.210,,16677000000,,98.33,98.26,,,,,,,,,,,,,,,,,,,,,true,false,6,2023-04-01,2023-09-30,-1
2024-10-28,5332,2025-03-31,2,730000000000,0.039,,,,,48000000000,0.122,48000000000,-0.068,,36000000000,,212.20,,,,,,,,,,,,,,,,,,,,,,true,true,12,2024-04-01,2025-03-31,0
2024-10-28,5332,2024-03-31,2,,,,,,,,,,,,,,,,,,,,790255000000,510556000000,0.636,,502472000000,,,,,,,,,,,,true,false,12,2023-04-01,2024-03-31,-1
2024-10-28,5332,2024-03-31,2,,,,,,,,,,,,,,,,,,,,,,,,,,,,,100.00,,,,176981297,7353859,,false,false,12,2023-04-01,2024-03-31,-1
2024-10-28,5332,2025-03-31,2,,,,,,,,,,,,,,,,,,,,,,,,,,,,,50.00,,,,,,,false,false,12,2024-04-01,2025-03-31,0
2024-10-28,5332,2025-03-31,2,,,,,,,,,,,,,,,,,,,,,,,,,,,,,100.00,,,,,,,false,true,12,2024-04-01,2025-03-31,0
2024-10-28,5332,2025-03-31,2,,,,,,,,,,,,,,,,,,,,,,,,,,,,,,,,,176981297,7327781,169640625,false,false,6,2024-04-01,2024-09-30,0
2024-10-28,5332,2024-03-31,2,,,,,,,,,,,,,,,,,,,,,,,,,,,,,,,,,,,169604935,false,false,6,2023-04-01,2023-09-30,-1
2025-01-31,5332,2025-03-31,3,542304000000,0.033,,,,,41506000000,0.261,45492000000,0.211,,36402000000,,214.58,214.44,,,,,801400000000,530764000000,0.652,,522462000000,,,,,,,,,,,,true,false,9,2024-04-01,2024-12-31,0
2025-01-31,5332,2024-03-31,3,524765000000,-0.005,,,,,32909000000,-0.245,37569000000,-0.208,,26494000000,,156.21,156.09,,,,,,,,,,,,,,,,,,,,,true,false,9,2023-04-01,2023-12-31,-1
2025-01-31,5332,2025-03-31,3,730000000000,0.039,,,,,48000000000,0.122,48000000000,-0.068,,36000000000,,212.20,,,,,,,,,,,,,,,,,,,,,,true,true,12,2024-04-01,2025-03-31,0
2025-01-31,5332,2024-03-31,3,,,,,,,,,,,,,,,,,,,,790255000000,510556000000,0.636,,502472000000,,,,,,,,,,,,true,false,12,2023-04-01,2024-03-31,-1
2025-01-31,5332,2024-03-31,3,,,,,,,,,,,,,,,,,,,,,,,,,,,,,100.00,,,,176981297,7353859,,false,false,12,2023-04-01,2024-03-31,-1
2025-01-31,5332,2025-03-31,3,,,,,,,,,,,,,,,,,,,,,,,,,,,,,50.00,,,,,,,false,false,12,2024-04-01,2025-03-31,0
2025-01-31,5332,2025-03-31,3,,,,,,,,,,,,,,,,,,,,,,,,,,,,,100.00,,,,,,,false,true,12,2024-04-01,2025-03-31,0
2025-01-31,5332,2025-03-31,3,,,,,,,,,,,,,,,,,,,,,,,,,,,,,,,,,176981297,7326227,169645262,false,false,9,2024-04-01,2024-12-31,0
2025-01-31,5332,2024-03-31,3,,,,,,,,,,,,,,,,,,,,,,,,,,,,,,,,,,,169609282,false,false,9,2023-04-01,2023-12-31,-1
2025-04-28,5332,2025-03-31,,724454000000,0.032,,,,,48479000000,0.134,50369000000,-0.022,,12168000000,,71.73,71.68,0.024,0.063,0.067,,813924000000,530404000000,0.641,3077.00,522057000000,71381000000,-38383000000,-19007000000,120702000000,,1.394,,,,,,true,false,12,2024-04-01,2025-03-31,0
2025-04-28,5332,2024-03-31,,702284000000,0.002,,,,,42766000000,-0.129,51515000000,-0.059,,37196000000,,219.30,219.14,0.078,0.068,0.061,,790255000000,510556000000,0.636,2962.21,502472000000,76311000000,-53790000000,-18954000000,102636000000,,0.456,,,,,,true,false,12,2023-04-01,2024-03-31,-1
2025-04-28,5332,2026-03-31,,360000000000,0.012,,,,,19000000000,-0.213,19100000000,-0.158,,6000000000,,36.44,,,,,,,,,,,,,,,,,,,,,,true,true,6,2025-04-01,2025-09-30,1
2025-04-28,5332,2026-03-31,,753500000000,0.040,,,,,52500000000,0.083,52100000000,0.034,,31000000000,,191.76,,,,,,,,,,,,,,,,0.521,,,,,,true,true,12,2025-04-01,2026-03-31,1
2025-04-28,5332,2024-03-31,,,,,,,,,,,,,,,,,,,,,,,,,,,,,,100.00,,,,176981297,7353859,169613552,false,false,12,2023-04-01,2024-03-31,-1
2025-04-28,5332,2025-03-31,,,,,,,,,,,,,,,,,,,,,,,,,,,,,,100.00,,,,176981297,7316765,169649722,false,false,12,2024-04-01,2025-03-31,0
2025-04-28,5332,2026-03-31,,,,,,,,,,,,,,,,,,,,,,,,,,,,,,100.00,,,,,,,false,true,12,2025-04-01,2026-03-31,1
