filing_date,code,fiscal_year_end,quarterly_period,net_sales,net_sales_change,revenue,revenue_change,operating_revenue,operating_revenue_change,operating_profit,operating_profit_change,ordinary_profit,ordinary_profit_change,net_income,net_income_of_parent,net_income_change,eps,diluted_eps,roe,roa,operating_profit_to_net_sales,operating_profit_to_revenue,total_assets,net_assets,equity_ratio,bps,owner_equity,operating_cash_flow,investing_cash_flow,financing_cash_flow,cash,dividend_per_share,payout_ratio,commemorative_dividend,extra_dividend,number_of_shares,number_of_treqsury_shares,avg_number_of_shares,is_consolidated,is_forecast,duration,period_start,period_end,period_pos
2015-05-12,53330,2015-03-31,,378665000000,0.227,,,,,61577000000,0.392,61068000000,0.333,41504000000,,0.535,127.11,126.87,0.114,0.093,0.163,,702234000000,404001000000,0.558,1200.68,392054000000,73002000000,-39495000000,-26000000000,128616000000,,0.220,,,,,,true,false,12,2014-04-01,2015-03-31,0
2015-05-12,53330,2014-03-31,,308671000000,0.221,,,,,44252000000,1.138,45819000000,1.080,27045000000,,1.368,82.82,82.67,0.086,0.078,0.143,,614219000000,344453000000,0.543,1021.32,333502000000,32647000000,-21185000000,2026000000,119781000000,,0.266,,,,,,true,false,12,2013-04-01,2014-03-31,-1
2015-05-12,53330,2016-03-31,,210000000000,0.250,,,,,35000000000,0.217,34000000000,0.265,,24000000000,,73.50,,,,,,,,,,,,,,,,,,,,,,true,true,6,2015-04-01,2015-09-30,1
2015-05-12,53330,2016-03-31,,420000000000,0.109,,,,,68000000000,0.104,69000000000,0.130,,48000000000,,147.00,,,,,,,,,,,,,,,,0.204,,,,,,true,true,12,2015-04-01,2016-03-31,1
2015-05-12,53330,2015-03-31,,208489000000,0.228,,,,,24881000000,1.481,36168000000,0.371,17349000000,,-0.221,53.13,53.03,,,,,489753000000,236482000000,0.481,721.52,235595000000,,,,,28.00,,,,327560196,1033304,326539235,false,false,12,2014-04-01,2015-03-31,0
2015-05-12,53330,2014-03-31,,169724000000,,,,,,10027000000,,26383000000,2.236,22260000000,,7.979,68.17,68.05,,,,,462655000000,214848000000,0.463,655.57,214069000000,,,,,22.00,,,,327560196,1019920,326555331,false,false,12,2013-04-01,2014-03-31,-1
2015-05-12,53330,2016-03-31,,,,,,,,,,,,,,,,,,,,,,,,,,,,,,30.00,,,,,,,false,true,12,2015-04-01,2016-03-31,1
2015-07-30,53330,2016-03-31,1,104535000000,0.272,,,,,19937000000,0.354,19906000000,0.434,,13845000000,,42.40,42.32,,,,,722563000000,423978000000,0.570,,411598000000,,,,,,,,,,,,true,false,3,2015-04-01,2015-06-30,0
2015-07-30,53330,2015-03-31,1,82206000000,0.201,,,,,14720000000,0.717,13879000000,0.537,,11340000000,,34.73,34.67,,,,,,,,,,,,,,,,,,,,,true,false,3,2014-04-01,2014-06-30,-1
2015-07-30,53330,2016-03-31,1,210000000000,0.250,,,,,35000000000,0.217,34000000000,0.265,,24000000000,,73.50,,,,,,,,,,,,,,,,,,,,,,true,true,6,2015-04-01,2015-09-30,0
2015-07-30,53330,2016-03-31,1,420000000000,0.109,,,,,68000000000,0.104,69000000000,0.130,,48000000000,,147.00,,,,,,,,,,,,,,,,,,,,,,true,true,12,2015-04-01,2016-03-31,0
2015-07-30,53330,2015-03-31,1,,,,,,,,,,,,,,,,,,,,702234000000,404001000000,0.558,,392054000000,,,,,,,,,,,,true,false,12,2014-04-01,2015-03-31,-1
2015-07-30,53330,2015-03-31,1,,,,,,,,,,,,,,,,,,,,,,,,,,,,,28.00,,,,327560196,1033304,,false,false,12,2014-04-01,2015-03-31,-1
2015-07-30,53330,2016-03-31,1,,,,,,,,,,,,,,,,,,,,,,,,,,,,,36.00,,,,,,,false,true,12,2015-04-01,2016-03-31,0
2015-07-30,53330,2016-03-31,1,,,,,,,,,,,,,,,,,,,,,,,,,,,,,,,,,327560196,1037361,326524763,false,false,3,2015-04-01,2015-06-30,0
2015-07-30,53330,2015-03-31,1,,,,,,,,,,,,,,,,,,,,,,,,,,,,,,,,,,,326546985,false,false,3,2014-04-01,2014-06-30,-1
,53330,2016-03-31,,,,,,,,,,,,,,,,,,,,,,,,,,,,,,36.00,,,,,,,false,true,12,2015-04-01,2016-03-31,0
,53330,2015-03-31,,,,,,,,,,,,,,,,,,,,,,,,,,,,,,28.00,,,,,,,false,false,12,2014-04-01,2015-03-31,-1
2015-10-30,53330,2016-03-31,2,210582000000,0.253,,,,,41331000000,0.437,40261000000,0.498,,27488000000,,84.18,84.03,,,,,725533000000,422663000000,0.566,,410409000000,,,,,,,,,,,,true,false,6,2015-04-01,2015-09-30,0
2015-10-30,53330,2015-03-31,2,168013000000,0.185,,,,,28764000000,0.463,26874000000,0.372,,20097000000,,61.55,61.44,,,,,,,,,,,,,,,,,,,,,true,false,6,2014-04-01,2014-09-30,-1
2015-10-30,53330,2016-03-31,2,430000000000,0.136,,,,,72000000000,0.169,74500000000,0.220,,51000000000,,156.18,,,,,,,,,,,,,,,,,,,,,,true,true,12,2015-04-01,2016-03-31,0
2015-10-30,53330,2015-03-31,2,,,,,,,,,,,,,,,,,,,,702234000000,404001000000,0.558,,392054000000,,,,,,,,,,,,true,false,12,2014-04-01,2015-03-31,-1
2015-10-30,53330,2015-03-31,2,,,,,,,,,,,,,,,,,,,,,,,,,,,,,28.00,,,,327560196,1033304,,false,false,12,2014-04-01,2015-03-31,-1
2015-10-30,53330,2016-03-31,2,,,,,,,,,,,,,,,,,,,,,,,,,,,,,18.00,,,,,,,false,false,12,2015-04-01,2016-03-31,0
2015-10-30,53330,2016-03-31,2,,,,,,,,,,,,,,,,,,,,,,,,,,,,,36.00,,,,,,,false,true,12,2015-04-01,2016-03-31,0
2015-10-30,53330,2016-03-31,2,,,,,,,,,,,,,,,,,,,,,,,,,,,,,,,,,327560196,1015579,326532728,false,false,6,2015-04-01,2015-09-30,0
2015-10-30,53330,2015-03-31,2,,,,,,,,,,,,,,,,,,,,,,,,,,,,,,,,,,,326545462,false,false,6,2014-04-01,2014-09-30,-1
2016-01-29,53330,2016-03-31,3,310306000000,0.147,,,,,60864000000,0.406,60907000000,0.434,,38898000000,,119.13,118.90,,,,,728521000000,429344000000,0.573,,417150000000,,,,,,,,,,,,true,false,9,2015-04-01,2015-12-31,0
2016-01-29,53330,2015-03-31,3,270566000000,0.242,,,,,43285000000,0.350,42470000000,0.294,,35799000000,,109.63,109.43,,,,,,,,,,,,,,,,,,,,,true,false,9,2014-04-01,2014-12-31,-1
2016-01-29,53330,2016-03-31,3,430000000000,0.136,,,,,72000000000,0.169,74500000000,0.220,,51000000000,,156.18,,,,,,,,,,,,,,,,,,,,,,true,true,12,2015-04-01,2016-03-31,0
2016-01-29,53330,2015-03-31,3,,,,,,,,,,,,,,,,,,,,702234000000,404001000000,0.558,,392054000000,,,,,,,,,,,,true,false,12,2014-04-01,2015-03-31,-1
2016-01-29,53330,2015-03-31,3,,,,,,,,,,,,,,,,,,,,,,,,,,,,,28.00,,,,327560196,1033304,,false,false,12,2014-04-01,2015-03-31,-1
2016-01-29,53330,2016-03-31,3,,,,,,,,,,,,,,,,,,,,,,,,,,,,,18.00,,,,,,,false,false,12,2015-04-01,2016-03-31,0
2016-01-29,53330,2016-03-31,3,,,,,,,,,,,,,,,,,,,,,,,,,,,,,36.00,,,,,,,false,true,12,2015-04-01,2016-03-31,0
2016-01-29,53330,2016-03-31,3,,,,,,,,,,,,,,,,,,,,,,,,,,,,,,,,,327560196,1020680,326535436,false,false,9,2015-04-01,2015-12-31,0
2016-01-29,53330,2015-03-31,3,,,,,,,,,,,,,,,,,,,,,,,,,,,,,,,,,,,326542503,false,false,9,2014-04-01,2014-12-31,-1
2016-04-28,53330,2016-03-31,,435797000000,0.151,,,,,80898000000,0.314,81498000000,0.335,,53316000000,,163.28,162.97,0.133,0.115,0.186,,711897000000,417972000000,0.571,1245.47,406743000000,59445000000,-47772000000,-373000000,136065000000,,0.233,,,,,,true,false,12,2015-04-01,2016-03-31,0
2016-04-28,53330,2015-03-31,,378665000000,0.227,,,,,61577000000,0.392,61068000000,0.333,,41504000000,,127.11,126.87,0.114,0.093,0.163,,702234000000,404001000000,0.558,1200.68,392054000000,73002000000,-39495000000,-26000000000,128616000000,,0.220,,,,,,true,false,12,2014-04-01,2015-03-31,-1
2016-04-28,53330,2017-03-31,,200000000000,-0.050,,,,,33000000000,-0.202,32000000000,-0.205,,22000000000,,68.42,,,,,,,,,,,,,,,,,,,,,,true,true,6,2016-04-01,2016-09-30,1
2016-04-28,53330,2017-03-31,,410000000000,-0.059,,,,,60000000000,-0.258,63000000000,-0.227,,44000000000,,136.84,,,,,,,,,,,,,,,,0.292,,,,,,true,true,12,2016-04-01,2017-03-31,1
2016-04-28,53330,2016-03-31,,242030000000,0.161,,,,,38805000000,0.560,56247000000,0.555,35763000000,,1.061,109.52,109.32,,,,,498118000000,255993000000,0.512,781.18,255117000000,,,,,38.00,,,,327560196,981389,326540086,false,false,12,2015-04-01,2016-03-31,0
2016-04-28,53330,2015-03-31,,208489000000,0.228,,,,,24881000000,1.481,36168000000,0.371,17349000000,,-0.221,53.13,53.03,,,,,489753000000,236482000000,0.481,721.52,235595000000,,,,,28.00,,,,327560196,1033304,326539235,false,false,12,2014-04-01,2015-03-31,-1
2016-04-28,53330,2017-03-31,,,,,,,,,,,,,,,,,,,,,,,,,,,,,,40.00,,,,,,,false,true,12,2016-04-01,2017-03-31,1
2016-07-28,53330,2017-03-31,1,98975000000,-0.053,,,,,19151000000,-0.039,18500000000,-0.071,,12646000000,,38.87,38.81,,,,,669594000000,388308000000,0.564,,377530000000,,,,,,,,,,,,true,false,3,2016-04-01,2016-06-30,0
2016-07-28,53330,2016-03-31,1,104535000000,0.272,,,,,19937000000,0.354,19906000000,0.434,,13845000000,,42.40,42.32,,,,,,,,,,,,,,,,,,,,,true,false,3,2015-04-01,2015-06-30,-1
2016-07-28,53330,2017-03-31,1,200000000000,-0.050,,,,,33000000000,-0.202,32000000000,-0.205,,22000000000,,68.42,,,,,,,,,,,,,,,,,,,,,,true,true,6,2016-04-01,2016-09-30,0
2016-07-28,53330,2017-03-31,1,410000000000,-0.059,,,,,60000000000,-0.258,63000000000,-0.227,,44000000000,,136.84,,,,,,,,,,,,,,,,,,,,,,true,true,12,2016-04-01,2017-03-31,0
2016-07-28,53330,2016-03-31,1,,,,,,,,,,,,,,,,,,,,711897000000,417972000000,0.571,,406743000000,,,,,,,,,,,,true,false,12,2015-04-01,2016-03-31,-1
2016-07-28,53330,2016-03-31,1,,,,,,,,,,,,,,,,,,,,,,,,,,,,,38.00,,,,327560196,981389,,false,false,12,2015-04-01,2016-03-31,-1
2016-07-28,53330,2017-03-31,1,,,,,,,,,,,,,,,,,,,,,,,,,,,,,40.00,,,,,,,false,true,12,2016-04-01,2017-03-31,0
2016-07-28,53330,2017-03-31,1,,,,,,,,,,,,,,,,,,,,,,,,,,,,,,,,,327560196,5972976,325332733,false,false,3,2016-04-01,2016-06-30,0
2016-07-28,53330,2016-03-31,1,,,,,,,,,,,,,,,,,,,,,,,,,,,,,,,,,,,326524763,false,false,3,2015-04-01,2015-06-30,-1
2016-10-28,53330,2017-03-31,2,194254000000,-0.078,,,,,34267000000,-0.171,32357000000,-0.196,,21717000000,,67.08,66.97,,,,,684919000000,395768000000,0.562,,385115000000,,,,,,,,,,,,true,false,6,2016-04-01,2016-09-30,0
2016-10-28,53330,2016-03-31,2,210582000000,0.253,,,,,41331000000,0.437,40261000000,0.498,,27488000000,,84.18,84.03,,,,,,,,,,,,,,,,,,,,,true,false,6,2015-04-01,2015-09-30,-1
2016-10-28,53330,2017-03-31,2,385000000000,-0.117,,,,,54000000000,-0.332,54000000000,-0.337,,33000000000,,102.24,,,,,,,,,,,,,,,,,,,,,,true,true,12,2016-04-01,2017-03-31,0
2016-10-28,53330,2016-03-31,2,,,,,,,,,,,,,,,,,,,,711897000000,417972000000,0.571,,406743000000,,,,,,,,,,,,true,false,12,2015-04-01,2016-03-31,-1
2016-10-28,53330,2016-03-31,2,,,,,,,,,,,,,,,,,,,,,,,,,,,,,38.00,,,,327560196,981389,,false,false,12,2015-04-01,2016-03-31,-1
2016-10-28,53330,2017-03-31,2,,,,,,,,,,,,,,,,,,,,,,,,,,,,,20.00,,,,,,,false,false,12,2016-04-01,2017-03-31,0
2016-10-28,53330,2017-03-31,2,,,,,,,,,,,,,,,,,,,,,,,,,,,,,40.00,,,,,,,false,true,12,2016-04-01,2017-03-31,0
2016-10-28,53330,2017-03-31,2,,,,,,,,,,,,,,,,,,,,,,,,,,,,,,,,,327560196,5948468,323738082,false,false,6,2016-04-01,2016-09-30,0
2016-10-28,53330,2016-03-31,2,,,,,,,,,,,,,,,,,,,,,,,,,,,,,,,,,,,326532728,false,false,6,2015-04-01,2015-09-30,-1
2017-01-31,53330,2017-03-31,3,293345000000,-0.055,,,,,49834000000,-0.181,49544000000,-0.187,,34754000000,,107.56,107.38,,,,,735118000000,433742000000,0.575,,422619000000,,,,,,,,,,,,true,false,9,2016-04-01,2016-12-31,0
2017-01-31,53330,2016-03-31,3,310306000000,0.147,,,,,60864000000,0.406,60907000000,0.434,,38898000000,,119.13,118.90,,,,,,,,,,,,,,,,,,,,,true,false,9,2015-04-01,2015-12-31,-1
2017-01-31,53330,2017-03-31,3,400000000000,-0.082,,,,,63000000000,-0.221,64000000000,-0.215,,35000000000,,108.44,,,,,,,,,,,,,,,,,,,,,,true,true,12,2016-04-01,2017-03-31,0
2017-01-31,53330,2016-03-31,3,,,,,,,,,,,,,,,,,,,,711897000000,417972000000,0.571,,406743000000,,,,,,,,,,,,true,false,12,2015-04-01,2016-03-31,-1
2017-01-31,53330,2016-03-31,3,,,,,,,,,,,,,,,,,,,,,,,,,,,,,38.00,,,,327560196,981389,,false,false,12,2015-04-01,2016-03-31,-1
2017-01-31,53330,2017-03-31,3,,,,,,,,,,,,,,,,,,,,,,,,,,,,,20.00,,,,,,,false,false,12,2016-04-01,2017-03-31,0
2017-01-31,53330,2017-03-31,3,,,,,,,,,,,,,,,,,,,,,,,,,,,,,40.00,,,,,,,false,true,12,2016-04-01,2017-03-31,0
2017-01-31,53330,2017-03-31,3,,,,,,,,,,,,,,,,,,,,,,,,,,,,,,,,,327560196,5945107,323100875,false,false,9,2016-04-01,2016-12-31,0
2017-01-31,53330,2016-03-31,3,,,,,,,,,,,,,,,,,,,,,,,,,,,,,,,,,,,326535436,false,false,9,2015-04-01,2015-12-31,-1
2017-01-31,53330,2017-03-31,,400000000000,0.039,,,,,63000000000,0.167,64000000000,0.185,,35000000000,,108.44,,,,,,,,,,,,,,,,,,,,,,true,true,12,2016-04-01,2017-03-31,0
2017-01-31,53330,2016-03-31,,435797000000,,,,,,80898000000,,81498000000,,,53316000000,,163.28,,,,,,,,,,,,,,,,,,,,,,true,false,12,2015-04-01,2016-03-31,-1
2017-04-28,53330,2017-03-31,,401266000000,-0.079,,,,,63212000000,-0.219,64557000000,-0.208,,36379000000,,112.71,112.51,0.088,0.088,0.158,,759434000000,427593000000,0.549,1295.66,416740000000,80172000000,-56452000000,-13013000000,144692000000,,0.355,,,,,,true,false,12,2016-04-01,2017-03-31,0
2017-04-28,53330,2016-03-31,,435797000000,0.151,,,,,80898000000,0.314,81498000000,0.335,,53316000000,,163.28,162.97,0.133,0.115,0.186,,711897000000,417972000000,0.571,1245.47,406743000000,59445000000,-47772000000,-373000000,136065000000,,0.233,,,,,,true,false,12,2015-04-01,2016-03-31,-1
2017-04-28,53330,2018-03-31,,205000000000,0.055,,,,,33000000000,-0.037,31500000000,-0.027,,20000000000,,62.18,,,,,,,,,,,,,,,,,,,,,,true,true,6,2017-04-01,2017-09-30,1
2017-04-28,53330,2018-03-31,,420000000000,0.047,,,,,67000000000,0.060,68000000000,0.053,,45000000000,,139.91,,,,,,,,,,,,,,,,0.300,,,,,,true,true,12,2017-04-01,2018-03-31,1
2017-04-28,53330,2017-03-31,,214319000000,-0.114,,,,,24934000000,-0.357,47285000000,-0.159,26329000000,,-0.264,81.57,81.43,,,,,518983000000,260873000000,0.501,808.27,259974000000,,,,,40.00,,,,327560196,5915570,322760831,false,false,12,2016-04-01,2017-03-31,0
2017-04-28,53330,2016-03-31,,242030000000,0.161,,,,,38805000000,0.560,56247000000,0.555,35763000000,,1.061,109.52,109.32,,,,,498118000000,255993000000,0.512,781.18,255117000000,,,,,38.00,,,,327560196,981389,326540086,false,false,12,2015-04-01,2016-03-31,-1
2017-04-28,53330,2018-03-31,,,,,,,,,,,,,,,,,,,,,,,,,,,,,,42.00,,,,,,,false,true,12,2017-04-01,2018-03-31,1
2017-07-28,53330,2018-03-31,1,110044000000,0.112,,,,,18807000000,-0.018,18126000000,-0.020,,11279000000,,35.07,35.01,,,,,768113000000,442314000000,0.561,,431077000000,,,,,,,,,,,,true,false,3,2017-04-01,2017-06-30,0
2017-07-28,53330,2017-03-31,1,98975000000,-0.053,,,,,19151000000,-0.039,18500000000,-0.071,,12646000000,,38.87,38.81,,,,,,,,,,,,,,,,,,,,,true,false,3,2016-04-01,2016-06-30,-1
2017-07-28,53330,2018-03-31,1,205000000000,0.055,,,,,33000000000,-0.037,31500000000,-0.027,,20000000000,,62.18,,,,,,,,,,,,,,,,,,,,,,true,true,6,2017-04-01,2017-09-30,0
2017-07-28,53330,2018-03-31,1,420000000000,0.047,,,,,67000000000,0.060,68000000000,0.053,,45000000000,,139.91,,,,,,,,,,,,,,,,,,,,,,true,true,12,2017-04-01,2018-03-31,0
2017-07-28,53330,2017-03-31,1,,,,,,,,,,,,,,,,,,,,759434000000,427593000000,0.549,,416740000000,,,,,,,,,,,,true,false,12,2016-04-01,2017-03-31,-1
2017-07-28,53330,2017-03-31,1,,,,,,,,,,,,,,,,,,,,,,,,,,,,,40.00,,,,327560196,5915570,,false,false,12,2016-04-01,2017-03-31,-1
2017-07-28,53330,2018-03-31,1,,,,,,,,,,,,,,,,,,,,,,,,,,,,,42.00,,,,,,,false,true,12,2017-04-01,2018-03-31,0
2017-07-28,53330,2018-03-31,1,,,,,,,,,,,,,,,,,,,,,,,,,,,,,,,,,327560196,5904851,321652770,false,false,3,2017-04-01,2017-06-30,0
2017-07-28,53330,2017-03-31,1,,,,,,,,,,,,,,,,,,,,,,,,,,,,,,,,,,,325332733,false,false,3,2016-04-01,2016-06-30,-1
2017-10-31,53330,2018-03-31,2,219754000000,0.131,,,,,35874000000,0.047,34212000000,0.057,,19792000000,,61.53,61.42,,,,,816511000000,459400000000,0.548,,447814000000,,,,,,,,,,,,true,false,6,2017-04-01,2017-09-30,0
2017-10-31,53330,2017-03-31,2,194254000000,-0.078,,,,,34267000000,-0.171,32357000000,-0.196,,21717000000,,67.08,66.97,,,,,,,,,,,,,,,,,,,,,true,false,6,2016-04-01,2016-09-30,-1
2017-10-31,53330,2018-03-31,2,440000000000,0.097,,,,,70000000000,0.107,70000000000,0.084,,46000000000,,143.00,,,,,,,,,,,,,,,,,,,,,,true,true,12,2017-04-01,2018-03-31,0
2017-10-31,53330,2017-03-31,2,,,,,,,,,,,,,,,,,,,,759434000000,427593000000,0.549,,416740000000,,,,,,,,,,,,true,false,12,2016-04-01,2017-03-31,-1
2017-10-31,53330,2017-03-31,2,,,,,,,,,,,,,,,,,,,,,,,,,,,,,40.00,,,,327560196,5915570,,false,false,12,2016-04-01,2017-03-31,-1
2017-10-31,53330,2018-03-31,2,,,,,,,,,,,,,,,,,,,,,,,,,,,,,21.00,,,,,,,false,false,12,2017-04-01,2018-03-31,0
2017-10-31,53330,2018-03-31,2,,,,,,,,,,,,,,,,,,,,,,,,,,,,,44.00,,,,,,,false,true,12,2017-04-01,2018-03-31,0
2017-10-31,53330,2018-03-31,2,,,,,,,,,,,,,,,,,,,,,,,,,,,,,,,,,327560196,5871593,321667967,false,false,6,2017-04-01,2017-09-30,0
2017-10-31,53330,2017-03-31,2,,,,,,,,,,,,,,,,,,,,,,,,,,,,,,,,,,,323738082,false,false,6,2016-04-01,2016-09-30,-1
,53330,2018-03-31,,,,,,,,,,,,,,,,,,,,,,,,,,,,,,44.00,,,,,,,false,true,12,2017-04-01,2018-03-31,0
,53330,2017-03-31,,,,,,,,,,,,,,,,,,,,,,,,,,,,,,40.00,,,,,,,false,false,12,2016-04-01,2017-03-31,-1
2018-01-30,53330,2018-03-31,3,332394000000,0.133,,,,,54934000000,0.102,53187000000,0.074,,33560000000,,104.33,104.15,,,,,836693000000,475276000000,0.554,,463527000000,,,,,,,,,,,,true,false,9,2017-04-01,2017-12-31,0
2018-01-30,53330,2017-03-31,3,293345000000,-0.055,,,,,49834000000,-0.181,49544000000,-0.187,,34754000000,,107.56,107.38,,,,,,,,,,,,,,,,,,,,,true,false,9,2016-04-01,2016-12-31,-1
2018-01-30,53330,2018-03-31,3,440000000000,0.097,,,,,70000000000,0.107,70000000000,0.084,,46000000000,,143.00,,,,,,,,,,,,,,,,,,,,,,true,true,12,2017-04-01,2018-03-31,0
2018-01-30,53330,2017-03-31,3,,,,,,,,,,,,,,,,,,,,759434000000,427593000000,0.549,,416740000000,,,,,,,,,,,,true,false,12,2016-04-01,2017-03-31,-1
2018-01-30,53330,2017-03-31,3,,,,,,,,,,,,,,,,,,,,,,,,,,,,,40.00,,,,327560196,5915570,,false,false,12,2016-04-01,2017-03-31,-1
2018-01-30,53330,2018-03-31,3,,,,,,,,,,,,,,,,,,,,,,,,,,,,,21.00,,,,,,,false,false,12,2017-04-01,2018-03-31,0
2018-01-30,53330,2018-03-31,3,,,,,,,,,,,,,,,,,,,,,,,,,,,,,44.00,,,,,,,false,true,12,2017-04-01,2018-03-31,0
2018-01-30,53330,2018-03-31,3,,,,,,,,,,,,,,,,,,,,,,,,,,,,,,,,,327560196,5853081,321677848,false,false,9,2017-04-01,2017-12-31,0
2018-01-30,53330,2017-03-31,3,,,,,,,,,,,,,,,,,,,,,,,,,,,,,,,,,,,323100875,false,false,9,2016-04-01,2016-12-31,-1
2018-04-27,53330,2018-03-31,,451125000000,0.124,,,,,70026000000,0.108,70615000000,0.094,,45814000000,,142.42,142.18,0.104,0.089,0.155,,836335000000,472863000000,0.551,1432.67,460983000000,50554000000,-49413000000,22546000000,169918000000,,0.309,,,,,,true,false,12,2017-04-01,2018-03-31,0
2018-04-27,53330,2017-03-31,,401266000000,-0.079,,,,,63212000000,-0.219,64557000000,-0.208,,36379000000,,112.71,112.51,0.088,0.088,0.158,,759434000000,427593000000,0.549,1295.66,416740000000,80172000000,-56452000000,-13013000000,144692000000,,0.355,,,,,,true,false,12,2016-04-01,2017-03-31,-1
2018-04-27,53330,2019-03-31,,240000000000,0.092,,,,,35000000000,-0.024,33000000000,-0.035,,20000000000,,62.16,,,,,,,,,,,,,,,,,,,,,,true,true,6,2018-04-01,2018-09-30,1
2018-04-27,53330,2019-03-31,,500000000000,0.108,,,,,77000000000,0.100,76500000000,0.083,,52000000000,,161.61,,,,,,,,,,,,,,,,0.309,,,,,,true,true,12,2018-04-01,2019-03-31,1
2018-04-27,53330,2018-03-31,,240885000000,0.124,,,,,32393000000,0.299,58713000000,0.242,46161000000,,0.753,143.49,143.25,,,,,549947000000,295234000000,0.535,914.88,294376000000,,,,,44.00,,,,327560196,5794181,321694271,false,false,12,2017-04-01,2018-03-31,0
2018-04-27,53330,2017-03-31,,214319000000,-0.114,,,,,24934000000,-0.357,47285000000,-0.159,26329000000,,-0.264,81.57,81.43,,,,,518983000000,260873000000,0.501,808.27,259974000000,,,,,40.00,,,,327560196,5915570,322760831,false,false,12,2016-04-01,2017-03-31,-1
2018-04-27,53330,2019-03-31,,,,,,,,,,,,,,,,,,,,,,,,,,,,,,50.00,,,,,,,false,true,12,2018-04-01,2019-03-31,1
2018-07-27,53330,2019-03-31,1,115250000000,0.047,,,,,19114000000,0.016,18144000000,0.001,,11809000000,,36.70,36.64,,,,,820975000000,478407000000,0.568,,466581000000,,,,,,,,,,,,true,false,3,2018-04-01,2018-06-30,0
2018-07-27,53330,2018-03-31,1,110044000000,0.112,,,,,18807000000,-0.018,18126000000,-0.020,,11279000000,,35.07,35.01,,,,,,,,,,,,,,,,,,,,,true,false,3,2017-04-01,2017-06-30,-1
2018-07-27,53330,2019-03-31,1,240000000000,0.092,,,,,35000000000,-0.024,33000000000,-0.035,,20000000000,,62.16,,,,,,,,,,,,,,,,,,,,,,true,true,6,2018-04-01,2018-09-30,0
2018-07-27,53330,2019-03-31,1,500000000000,0.108,,,,,77000000000,0.100,76500000000,0.083,,52000000000,,161.61,,,,,,,,,,,,,,,,,,,,,,true,true,12,2018-04-01,2019-03-31,0
2018-07-27,53330,2018-03-31,1,,,,,,,,,,,,,,,,,,,,826243000000,472863000000,0.558,,460983000000,,,,,,,,,,,,true,false,12,2017-04-01,2018-03-31,-1
2018-07-27,53330,2018-03-31,1,,,,,,,,,,,,,,,,,,,,,,,,,,,,,44.00,,,,327560196,5794181,,false,false,12,2017-04-01,2018-03-31,-1
2018-07-27,53330,2019-03-31,1,,,,,,,,,,,,,,,,,,,,,,,,,,,,,50.00,,,,,,,false,true,12,2018-04-01,2019-03-31,0
2018-07-27,53330,2019-03-31,1,,,,,,,,,,,,,,,,,,,,,,,,,,,,,,,,,327560196,5794443,321765859,false,false,3,2018-04-01,2018-06-30,0
2018-07-27,53330,2018-03-31,1,,,,,,,,,,,,,,,,,,,,,,,,,,,,,,,,,,,321652770,false,false,3,2017-04-01,2017-06-30,-1
2018-10-30,53330,2019-03-31,2,228163000000,0.038,,,,,35733000000,-0.004,34234000000,0.001,,24705000000,,76.78,76.66,,,,,867467000000,498175000000,0.560,,486046000000,,,,,,,,,,,,true,false,6,2018-04-01,2018-09-30,0
2018-10-30,53330,2018-03-31,2,219754000000,0.131,,,,,35874000000,0.047,34212000000,0.057,,19792000000,,61.53,61.42,,,,,,,,,,,,,,,,,,,,,true,false,6,2017-04-01,2017-09-30,-1
2018-10-30,53330,2019-03-31,2,470000000000,0.042,,,,,70000000000,-0.000,68000000000,-0.037,,44000000000,,136.74,,,,,,,,,,,,,,,,,,,,,,true,true,12,2018-04-01,2019-03-31,0
2018-10-30,53330,2018-03-31,2,,,,,,,,,,,,,,,,,,,,826243000000,472863000000,0.558,,460983000000,,,,,,,,,,,,true,false,12,2017-04-01,2018-03-31,-1
2018-10-30,53330,2018-03-31,2,,,,,,,,,,,,,,,,,,,,,,,,,,,,,44.00,,,,327560196,5794181,,false,false,12,2017-04-01,2018-03-31,-1
2018-10-30,53330,2019-03-31,2,,,,,,,,,,,,,,,,,,,,,,,,,,,,,25.00,,,,,,,false,false,12,2018-04-01,2019-03-31,0
2018-10-30,53330,2019-03-31,2,,,,,,,,,,,,,,,,,,,,,,,,,,,,,50.00,,,,,,,false,true,12,2018-04-01,2019-03-31,0
2018-10-30,53330,2019-03-31,2,,,,,,,,,,,,,,,,,,,,,,,,,,,,,,,,,327560196,5786396,321769369,false,false,6,2018-04-01,2018-09-30,0
2018-10-30,53330,2018-03-31,2,,,,,,,,,,,,,,,,,,,,,,,,,,,,,,,,,,,321667967,false,false,6,2017-04-01,2017-09-30,-1
2019-01-31,53330,2019-03-31,3,342721000000,0.031,,,,,52788000000,-0.039,51590000000,-0.030,,35334000000,,109.81,109.64,,,,,857930000000,487664000000,0.555,,475768000000,,,,,,,,,,,,true,false,9,2018-04-01,2018-12-31,0
2019-01-31,53330,2018-03-31,3,332394000000,0.133,,,,,54934000000,0.102,53187000000,0.074,,33560000000,,104.33,104.15,,,,,,,,,,,,,,,,,,,,,true,false,9,2017-04-01,2017-12-31,-1
2019-01-31,53330,2019-03-31,3,470000000000,0.042,,,,,70000000000,-0.000,68000000000,-0.037,,44000000000,,136.74,,,,,,,,,,,,,,,,,,,,,,true,true,12,2018-04-01,2019-03-31,0
2019-01-31,53330,2018-03-31,3,,,,,,,,,,,,,,,,,,,,826243000000,472863000000,0.558,,460983000000,,,,,,,,,,,,true,false,12,2017-04-01,2018-03-31,-1
2019-01-31,53330,2018-03-31,3,,,,,,,,,,,,,,,,,,,,,,,,,,,,,44.00,,,,327560196,5794181,,false,false,12,2017-04-01,2018-03-31,-1
2019-01-31,53330,2019-03-31,3,,,,,,,,,,,,,,,,,,,,,,,,,,,,,25.00,,,,,,,false,false,12,2018-04-01,2019-03-31,0
2019-01-31,53330,2019-03-31,3,,,,,,,,,,,,,,,,,,,,,,,,,,,,,50.00,,,,,,,false,true,12,2018-04-01,2019-03-31,0
2019-01-31,53330,2019-03-31,3,,,,,,,,,,,,,,,,,,,,,,,,,,,,,,,,,327560196,5785101,321770936,false,false,9,2018-04-01,2018-12-31,0
2019-01-31,53330,2018-03-31,3,,,,,,,,,,,,,,,,,,,,,,,,,,,,,,,,,,,321677848,false,false,9,2017-04-01,2017-12-31,-1
2019-03-25,53330,2019-03-31,,462000000000,-0.017,,,,,63000000000,-0.100,63000000000,-0.074,,34500000000,,107.22,,,,,,,,,,,,,,,,,,,,,,true,true,12,2018-04-01,2019-03-31,0
2019-03-25,53330,2018-03-31,,451125000000,,,,,,70026000000,,70615000000,,,45814000000,,142.42,,,,,,,,,,,,,,,,,,,,,,true,false,12,2017-04-01,2018-03-31,-1
2019-04-26,53330,2019-03-31,,463504000000,0.027,,,,,64705000000,-0.076,64410000000,-0.088,,35506000000,,110.35,110.17,0.076,0.076,0.140,,863636000000,489245000000,0.553,1483.98,477516000000,61224000000,-109743000000,3564000000,123984000000,,0.453,,,,,,true,false,12,2018-04-01,2019-03-31,0
2019-04-26,53330,2018-03-31,,451125000000,0.124,,,,,70026000000,0.108,70615000000,0.094,,45814000000,,142.42,142.18,0.104,0.089,0.155,,826243000000,472863000000,0.558,1432.67,460983000000,50554000000,-49413000000,22546000000,169918000000,,0.309,,,,,,true,false,12,2017-04-01,2018-03-31,-1
2019-04-26,53330,2020-03-31,,230000000000,0.008,,,,,27000000000,-0.244,25000000000,-0.270,,17000000000,,52.83,,,,,,,,,,,,,,,,,,,,,,true,true,6,2019-04-01,2019-09-30,1
2019-04-26,53330,2020-03-31,,490000000000,0.057,,,,,70000000000,0.082,71000000000,0.102,,47000000000,,146.06,,,,,,,,,,,,,,,,0.342,,,,,,true,true,12,2019-04-01,2020-03-31,1
2019-04-26,53330,2019-03-31,,265936000000,0.104,,,,,34511000000,0.065,53730000000,-0.085,27936000000,,-0.395,86.82,86.68,,,,,584525000000,304385000000,0.519,943.07,303462000000,,,,,50.00,,,,327560196,5779637,321772501,false,false,12,2018-04-01,2019-03-31,0
2019-04-26,53330,2018-03-31,,240885000000,0.124,,,,,32393000000,0.299,58713000000,0.242,46161000000,,0.753,143.49,143.25,,,,,541680000000,295234000000,0.543,914.88,294376000000,,,,,44.00,,,,327560196,5794181,321694271,false,false,12,2017-04-01,2018-03-31,-1
2019-04-26,53330,2020-03-31,,,,,,,,,,,,,,,,,,,,,,,,,,,,,,50.00,,,,,,,false,true,12,2019-04-01,2020-03-31,1
2019-07-30,53330,2020-03-31,1,108510000000,-0.058,,,,,16200000000,-0.152,15040000000,-0.171,,11413000000,,35.47,35.41,,,,,854872000000,484069000000,0.553,,472664000000,,,,,,,,,,,,true,false,3,2019-04-01,2019-06-30,0
2019-07-30,53330,2019-03-31,1,115250000000,0.047,,,,,19114000000,0.016,18144000000,0.001,,11809000000,,36.70,36.64,,,,,,,,,,,,,,,,,,,,,true,false,3,2018-04-01,2018-06-30,-1
2019-07-30,53330,2020-03-31,1,230000000000,0.008,,,,,27000000000,-0.244,25000000000,-0.270,,17000000000,,52.83,,,,,,,,,,,,,,,,,,,,,,true,true,6,2019-04-01,2019-09-30,0
2019-07-30,53330,2020-03-31,1,490000000000,0.057,,,,,70000000000,0.082,71000000000,0.102,,47000000000,,146.06,,,,,,,,,,,,,,,,,,,,,,true,true,12,2019-04-01,2020-03-31,0
2019-07-30,53330,2019-03-31,1,,,,,,,,,,,,,,,,,,,,863636000000,489245000000,0.553,,477516000000,,,,,,,,,,,,true,false,12,2018-04-01,2019-03-31,-1
2019-07-30,53330,2019-03-31,1,,,,,,,,,,,,,,,,,,,,,,,,,,,,,50.00,,,,327560196,5779637,,false,false,12,2018-04-01,2019-03-31,-1
2019-07-30,53330,2020-03-31,1,,,,,,,,,,,,,,,,,,,,,,,,,,,,,50.00,,,,,,,false,true,12,2019-04-01,2020-03-31,0
2019-07-30,53330,2020-03-31,1,,,,,,,,,,,,,,,,,,,,,,,,,,,,,,,,,327560196,5752957,321792662,false,false,3,2019-04-01,2019-06-30,0
2019-07-30,53330,2019-03-31,1,,,,,,,,,,,,,,,,,,,,,,,,,,,,,,,,,,,321765859,false,false,3,2018-04-01,2018-06-30,-1
2019-10-31,53330,2020-03-31,2,219766000000,-0.037,,,,,31643000000,-0.114,29679000000,-0.133,,21244000000,,66.02,65.91,,,,,864732000000,487196000000,0.551,,476120000000,,,,,,,,,,,,true,false,6,2019-04-01,2019-09-30,0
2019-10-31,53330,2019-03-31,2,228163000000,0.038,,,,,35733000000,-0.004,34234000000,0.001,,24705000000,,76.78,76.66,,,,,,,,,,,,,,,,,,,,,true,false,6,2018-04-01,2018-09-30,-1
2019-10-31,53330,2020-03-31,2,450000000000,-0.029,,,,,60000000000,-0.073,60000000000,-0.068,,42000000000,,131.28,,,,,,,,,,,,,,,,,,,,,,true,true,12,2019-04-01,2020-03-31,0
2019-10-31,53330,2019-03-31,2,,,,,,,,,,,,,,,,,,,,863636000000,489245000000,0.553,,477516000000,,,,,,,,,,,,true,false,12,2018-04-01,2019-03-31,-1
2019-10-31,53330,2019-03-31,2,,,,,,,,,,,,,,,,,,,,,,,,,,,,,50.00,,,,327560196,5779637,,false,false,12,2018-04-01,2019-03-31,-1
2019-10-31,53330,2020-03-31,2,,,,,,,,,,,,,,,,,,,,,,,,,,,,,25.00,,,,,,,false,false,12,2019-04-01,2020-03-31,0
2019-10-31,53330,2020-03-31,2,,,,,,,,,,,,,,,,,,,,,,,,,,,,,50.00,,,,,,,false,true,12,2019-04-01,2020-03-31,0
2019-10-31,53330,2020-03-31,2,,,,,,,,,,,,,,,,,,,,,,,,,,,,,,,,,327560196,5729423,321807345,false,false,6,2019-04-01,2019-09-30,0
2019-10-31,53330,2019-03-31,2,,,,,,,,,,,,,,,,,,,,,,,,,,,,,,,,,,,321769369,false,false,6,2018-04-01,2018-09-30,-1
2020-01-31,53330,2020-03-31,3,328906000000,-0.040,,,,,44926000000,-0.149,43736000000,-0.152,,31283000000,,97.37,97.21,,,,,854054000000,491675000000,0.563,,480457000000,,,,,,,,,,,,true,false,9,2019-04-01,2019-12-31,0
2020-01-31,53330,2019-03-31,3,342721000000,0.031,,,,,52788000000,-0.039,51590000000,-0.030,,35334000000,,109.81,109.64,,,,,,,,,,,,,,,,,,,,,true,false,9,2018-04-01,2018-12-31,-1
2020-01-31,53330,2020-03-31,3,450000000000,-0.029,,,,,60000000000,-0.073,60000000000,-0.068,,42000000000,,131.28,,,,,,,,,,,,,,,,,,,,,,true,true,12,2019-04-01,2020-03-31,0
2020-01-31,53330,2019-03-31,3,,,,,,,,,,,,,,,,,,,,863636000000,489245000000,0.553,,477516000000,,,,,,,,,,,,true,false,12,2018-04-01,2019-03-31,-1
2020-01-31,53330,2019-03-31,3,,,,,,,,,,,,,,,,,,,,,,,,,,,,,50.00,,,,327560196,5779637,,false,false,12,2018-04-01,2019-03-31,-1
2020-01-31,53330,2020-03-31,3,,,,,,,,,,,,,,,,,,,,,,,,,,,,,25.00,,,,,,,false,false,12,2019-04-01,2020-03-31,0
2020-01-31,53330,2020-03-31,3,,,,,,,,,,,,,,,,,,,,,,,,,,,,,50.00,,,,,,,false,true,12,2019-04-01,2020-03-31,0
2020-01-31,53330,2020-03-31,3,,,,,,,,,,,,,,,,,,,,,,,,,,,,,,,,,327560196,9087001,321299716,false,false,9,2019-04-01,2019-12-31,0
2020-01-31,53330,2019-03-31,3,,,,,,,,,,,,,,,,,,,,,,,,,,,,,,,,,,,321770936,false,false,9,2018-04-01,2018-12-31,-1
2020-04-28,53330,2020-03-31,,442000000000,-0.018,,,,,55000000000,-0.083,52000000000,-0.133,,27000000000,,84.31,,,,,,,,,,,,,,,,,,,,,,true,true,12,2019-04-01,2020-03-31,0
2020-04-28,53330,2019-03-31,,463504000000,,,,,,64705000000,,64410000000,,,35506000000,,110.35,,,,,,,,,,,,,,,,,,,,,,true,false,12,2018-04-01,2019-03-31,-1
2020-05-18,53330,2020-03-31,,441956000000,-0.046,,,,,55000000000,-0.150,51952000000,-0.193,,27135000000,,84.73,84.60,0.058,0.061,0.124,,833085000000,469118000000,0.550,1448.62,458551000000,53200000000,-60830000000,-18796000000,94691000000,,0.590,,,,,,true,false,12,2019-04-01,2020-03-31,0
2020-05-18,53330,2019-03-31,,463504000000,0.027,,,,,64705000000,-0.076,64410000000,-0.088,,35506000000,,110.35,110.17,0.076,0.076,0.140,,863636000000,489245000000,0.553,1483.98,477516000000,61224000000,-109743000000,3564000000,123984000000,,0.453,,,,,,true,false,12,2018-04-01,2019-03-31,-1
2020-05-18,53330,2020-03-31,,254165000000,-0.044,,,,,29409000000,-0.148,46414000000,-0.136,20135000000,,-0.279,62.87,62.77,,,,,539041000000,288634000000,0.534,909.21,287805000000,,,,,50.00,,,,322211996,5668060,320252749,false,false,12,2019-04-01,2020-03-31,0
2020-05-18,53330,2019-03-31,,265936000000,0.104,,,,,34511000000,0.065,53730000000,-0.085,27936000000,,-0.395,86.82,86.68,,,,,584525000000,304385000000,0.519,943.07,303462000000,,,,,50.00,,,,327560196,5779637,321772501,false,false,12,2018-04-01,2019-03-31,-1
2020-06-11,53330,2021-03-31,,190000000000,,,,,,3000000000,,1500000000,,,1000000000,,3.16,,,,,,,,,,,,,,,,,,,,,,true,true,6,2020-04-01,2020-09-30,0
2020-06-11,53330,2020-03-31,,219766000000,,,,,,31643000000,,29679000000,,,21244000000,,66.02,,,,,,,,,,,,,,,,,,,,,,true,false,6,2019-04-01,2019-09-30,-1
2020-06-11,53330,2021-03-31,,420000000000,,,,,,30000000000,,29000000000,,,17000000000,,53.71,,,,,,,,,,,,,,,,,,,,,,true,true,12,2020-04-01,2021-03-31,0
2020-06-11,53330,2020-03-31,,441956000000,,,,,,55000000000,,51952000000,,,27135000000,,84.73,,,,,,,,,,,,,,,,,,,,,,true,false,12,2019-04-01,2020-03-31,-1
2020-06-11,53330,2021-03-31,,,,,,,,,,,,,,,,,,,,,,,,,,,,,,30.00,,,,,,,false,true,12,2020-04-01,2021-03-31,0
2020-06-11,53330,2020-03-31,,,,,,,,,,,,,,,,,,,,,,,,,,,,,,50.00,,,,,,,false,false,12,2019-04-01,2020-03-31,-1
2020-07-31,53330,2021-03-31,1,83030000000,-0.235,,,,,-283000000,,189000000,-0.987,,-244000000,,-0.77,,,,,,832560000000,462709000000,0.543,,452381000000,,,,,,,,,,,,true,false,3,2020-04-01,2020-06-30,0
2020-07-31,53330,2020-03-31,1,108510000000,-0.058,,,,,16200000000,-0.152,15040000000,-0.171,,11413000000,,35.47,35.41,,,,,,,,,,,,,,,,,,,,,true,false,3,2019-04-01,2019-06-30,-1
2020-07-31,53330,2021-03-31,1,190000000000,-0.135,,,,,3000000000,-0.905,1500000000,-0.949,,1000000000,,3.16,,,,,,,,,,,,,,,,,,,,,,true,true,6,2020-04-01,2020-09-30,0
2020-07-31,53330,2021-03-31,1,420000000000,-0.050,,,,,30000000000,-0.455,29000000000,-0.442,,17000000000,,53.71,,,,,,,,,,,,,,,,,,,,,,true,true,12,2020-04-01,2021-03-31,0
2020-07-31,53330,2020-03-31,1,,,,,,,,,,,,,,,,,,,,833085000000,469118000000,0.550,,458551000000,,,,,,,,,,,,true,false,12,2019-04-01,2020-03-31,-1
2020-07-31,53330,2020-03-31,1,,,,,,,,,,,,,,,,,,,,,,,,,,,,,50.00,,,,322211996,5668060,,false,false,12,2019-04-01,2020-03-31,-1
2020-07-31,53330,2021-03-31,1,,,,,,,,,,,,,,,,,,,,,,,,,,,,,30.00,,,,,,,false,true,12,2020-04-01,2021-03-31,0
2020-07-31,53330,2021-03-31,1,,,,,,,,,,,,,,,,,,,,,,,,,,,,,,,,,322211996,5658321,316546860,false,false,3,2020-04-01,2020-06-30,0
2020-07-31,53330,2020-03-31,1,,,,,,,,,,,,,,,,,,,,,,,,,,,,,,,,,,,321792662,false,false,3,2019-04-01,2019-06-30,-1
2020-09-24,53330,2021-03-31,,195000000000,0.026,,,,,10000000000,2.333,10000000000,5.667,,5000000000,,15.80,,,,,,,,,,,,,,,,,,,,,,true,true,6,2020-04-01,2020-09-30,0
2020-09-24,53330,2020-03-31,,219766000000,,,,,,31643000000,,29679000000,,,21244000000,,66.02,,,,,,,,,,,,,,,,,,,,,,true,false,6,2019-04-01,2019-09-30,-1
2020-09-24,53330,2021-03-31,,420000000000,,,,,,33000000000,0.100,34000000000,0.172,,21000000000,,66.35,,,,,,,,,,,,,,,,,,,,,,true,true,12,2020-04-01,2021-03-31,0
2020-09-24,53330,2020-03-31,,441956000000,,,,,,55000000000,,51952000000,,,27135000000,,84.73,,,,,,,,,,,,,,,,,,,,,,true,false,12,2019-04-01,2020-03-31,-1
2020-10-30,53330,2021-03-31,2,194942000000,-0.113,,,,,11573000000,-0.634,12218000000,-0.588,,7267000000,,22.96,22.92,,,,,852136000000,473622000000,0.544,,463136000000,,,,,,,,,,,,true,false,6,2020-04-01,2020-09-30,0
2020-10-30,53330,2020-03-31,2,219766000000,-0.037,,,,,31643000000,-0.114,29679000000,-0.133,,21244000000,,66.02,65.91,,,,,,,,,,,,,,,,,,,,,true,false,6,2019-04-01,2019-09-30,-1
2020-10-30,53330,2021-03-31,2,435000000000,-0.016,,,,,42000000000,-0.236,43000000000,-0.172,,28000000000,,88.45,,,,,,,,,,,,,,,,,,,,,,true,true,12,2020-04-01,2021-03-31,0
2020-10-30,53330,2020-03-31,2,,,,,,,,,,,,,,,,,,,,833085000000,469118000000,0.550,,458551000000,,,,,,,,,,,,true,false,12,2019-04-01,2020-03-31,-1
2020-10-30,53330,2020-03-31,2,,,,,,,,,,,,,,,,,,,,,,,,,,,,,50.00,,,,322211996,5668060,,false,false,12,2019-04-01,2020-03-31,-1
2020-10-30,53330,2021-03-31,2,,,,,,,,,,,,,,,,,,,,,,,,,,,,,10.00,,,,,,,false,false,12,2020-04-01,2021-03-31,0
2020-10-30,53330,2021-03-31,2,,,,,,,,,,,,,,,,,,,,,,,,,,,,,30.00,,,,,,,false,true,12,2020-04-01,2021-03-31,0
2020-10-30,53330,2021-03-31,2,,,,,,,,,,,,,,,,,,,,,,,,,,,,,,,,,322211996,5639512,316557312,false,false,6,2020-04-01,2020-09-30,0
2020-10-30,53330,2020-03-31,2,,,,,,,,,,,,,,,,,,,,,,,,,,,,,,,,,,,321807345,false,false,6,2019-04-01,2019-09-30,-1
2021-01-29,53330,2021-03-31,3,318805000000,-0.031,,,,,33447000000,-0.256,35991000000,-0.177,,26132000000,,82.55,82.43,,,,,869378000000,493633000000,0.555,,482875000000,,,,,,,,,,,,true,false,9,2020-04-01,2020-12-31,0
2021-01-29,53330,2020-03-31,3,328906000000,-0.040,,,,,44926000000,-0.149,43736000000,-0.152,,31283000000,,97.37,97.21,,,,,,,,,,,,,,,,,,,,,true,false,9,2019-04-01,2019-12-31,-1
2021-01-29,53330,2021-03-31,3,445000000000,0.007,,,,,46000000000,-0.164,49000000000,-0.057,,34000000000,,107.40,,,,,,,,,,,,,,,,,,,,,,true,true,12,2020-04-01,2021-03-31,0
2021-01-29,53330,2020-03-31,3,,,,,,,,,,,,,,,,,,,,833085000000,469118000000,0.550,,458551000000,,,,,,,,,,,,true,false,12,2019-04-01,2020-03-31,-1
2021-01-29,53330,2020-03-31,3,,,,,,,,,,,,,,,,,,,,,,,,,,,,,50.00,,,,322211996,5668060,,false,false,12,2019-04-01,2020-03-31,-1
2021-01-29,53330,2021-03-31,3,,,,,,,,,,,,,,,,,,,,,,,,,,,,,10.00,,,,,,,false,false,12,2020-04-01,2021-03-31,0
2021-01-29,53330,2021-03-31,3,,,,,,,,,,,,,,,,,,,,,,,,,,,,,30.00,,,,,,,false,true,12,2020-04-01,2021-03-31,0
2021-01-29,53330,2021-03-31,3,,,,,,,,,,,,,,,,,,,,,,,,,,,,,,,,,322211996,5638286,316561953,false,false,9,2020-04-01,2020-12-31,0
2021-01-29,53330,2020-03-31,3,,,,,,,,,,,,,,,,,,,,,,,,,,,,,,,,,,,321299716,false,false,9,2019-04-01,2019-12-31,-1
2021-03-22,53330,2021-03-31,,448000000000,0.007,,,,,49000000000,0.065,52500000000,0.071,,38000000000,,120.04,,,,,,,,,,,,,,,,,,,,,,true,true,12,2020-04-01,2021-03-31,0
2021-03-22,53330,2020-03-31,,441956000000,,,,,,55000000000,,51952000000,,,27135000000,,84.73,,,,,,,,,,,,,,,,,,,,,,true,false,12,2019-04-01,2020-03-31,-1
2021-04-28,53330,2021-03-31,,452043000000,0.023,,,,,50823000000,-0.076,53006000000,0.020,,38496000000,,121.61,121.42,0.079,0.061,0.112,,908967000000,517892000000,0.563,1617.33,512003000000,85641000000,-51724000000,12250000000,146031000000,,0.247,,,,,,true,false,12,2020-04-01,2021-03-31,0
2021-04-28,53330,2020-03-31,,441956000000,-0.046,,,,,55000000000,-0.150,51952000000,-0.193,,27135000000,,84.73,84.60,0.058,0.061,0.124,,833085000000,469118000000,0.550,1448.62,458551000000,53200000000,-60830000000,-18796000000,94691000000,,0.590,,,,,,true,false,12,2019-04-01,2020-03-31,-1
2021-04-28,53330,2022-03-31,,240000000000,0.231,,,,,34000000000,1.938,32000000000,1.619,,25000000000,,79.69,,,,,,,,,,,,,,,,,,,,,,true,true,6,2021-04-01,2021-09-30,1
2021-04-28,53330,2022-03-31,,485000000000,0.073,,,,,70000000000,0.377,68000000000,0.283,,50000000000,,159.89,,,,,,,,,,,,,,,,0.300,,,,,,true,true,12,2021-04-01,2022-03-31,1
2021-04-28,53330,2021-03-31,,239964000000,-0.056,,,,,14782000000,-0.497,24371000000,-0.475,19316000000,,-0.041,61.02,60.93,,,,,579383000000,304868000000,0.525,960.27,303996000000,,,,,30.00,,,,322211996,5639001,316564547,false,false,12,2020-04-01,2021-03-31,0
2021-04-28,53330,2020-03-31,,254165000000,-0.044,,,,,29409000000,-0.148,46414000000,-0.136,20135000000,,-0.279,62.87,62.77,,,,,539041000000,288634000000,0.534,909.21,287805000000,,,,,50.00,,,,322211996,5668060,320252749,false,false,12,2019-04-01,2020-03-31,-1
2021-04-28,53330,2022-03-31,,,,,,,,,,,,,,,,,,,,,,,,,,,,,,48.00,,,,,,,false,true,12,2021-04-01,2022-03-31,1
2021-07-30,53330,2022-03-31,1,128779000000,0.551,,,,,23637000000,,23111000000,,,16170000000,,51.30,51.22,,,,,904572000000,520938000000,0.569,,514892000000,,,,,,,,,,,,true,false,3,2021-04-01,2021-06-30,0
2021-07-30,53330,2021-03-31,1,83030000000,-0.235,,,,,-283000000,,189000000,-0.987,,-244000000,,-0.77,,,,,,,,,,,,,,,,,,,,,,true,false,3,2020-04-01,2020-06-30,-1
2021-07-30,53330,2022-03-31,1,250000000000,0.282,,,,,42000000000,2.629,40000000000,2.274,,30000000000,,95.64,,,,,,,,,,,,,,,,,,,,,,true,true,6,2021-04-01,2021-09-30,0
2021-07-30,53330,2022-03-31,1,515000000000,0.139,,,,,80000000000,0.574,79000000000,0.490,,58000000000,,185.47,,,,,,,,,,,,,,,,,,,,,,true,true,12,2021-04-01,2022-03-31,0
2021-07-30,53330,2021-03-31,1,,,,,,,,,,,,,,,,,,,,908967000000,517892000000,0.563,,512003000000,,,,,,,,,,,,true,false,12,2020-04-01,2021-03-31,-1
2021-07-30,53330,2021-03-31,1,,,,,,,,,,,,,,,,,,,,,,,,,,,,,30.00,,,,322211996,5639001,,false,false,12,2020-04-01,2021-03-31,-1
2021-07-30,53330,2022-03-31,1,,,,,,,,,,,,,,,,,,,,,,,,,,,,,48.00,,,,,,,false,true,12,2021-04-01,2022-03-31,0
2021-07-30,53330,2022-03-31,1,,,,,,,,,,,,,,,,,,,,,,,,,,,,,,,,,322211996,9300960,315224489,false,false,3,2021-04-01,2021-06-30,0
2021-07-30,53330,2021-03-31,1,,,,,,,,,,,,,,,,,,,,,,,,,,,,,,,,,,,316546860,false,false,3,2020-04-01,2020-06-30,-1
,53330,2022-03-31,,,,,,,,,,,,,,,,,,,,,,,,,,,,,,60.00,,,,,,,false,true,12,2021-04-01,2022-03-31,0
,53330,2021-03-31,,,,,,,,,,,,,,,,,,,,,,,,,,,,,,30.00,,,,,,,false,false,12,2020-04-01,2021-03-31,-1
2021-10-29,53330,2022-03-31,2,250159000000,0.283,,,,,45925000000,2.968,43905000000,2.593,,31950000000,,101.86,101.69,,,,,901005000000,535345000000,0.587,,529132000000,,,,,,,,,,,,true,false,6,2021-04-01,2021-09-30,0
2021-10-29,53330,2021-03-31,2,194942000000,-0.113,,,,,11573000000,-0.634,12218000000,-0.588,,7267000000,,22.96,22.92,,,,,,,,,,,,,,,,,,,,,true,false,6,2020-04-01,2020-09-30,-1
2021-10-29,53330,2022-03-31,2,515000000000,0.139,,,,,83000000000,0.633,82000000000,0.547,,60000000000,,191.86,,,,,,,,,,,,,,,,,,,,,,true,true,12,2021-04-01,2022-03-31,0
2021-10-29,53330,2021-03-31,2,,,,,,,,,,,,,,,,,,,,908967000000,517892000000,0.563,,512003000000,,,,,,,,,,,,true,false,12,2020-04-01,2021-03-31,-1
2021-10-29,53330,2021-03-31,2,,,,,,,,,,,,,,,,,,,,,,,,,,,,,30.00,,,,322211996,5639001,,false,false,12,2020-04-01,2021-03-31,-1
2021-10-29,53330,2022-03-31,2,,,,,,,,,,,,,,,,,,,,,,,,,,,,,30.00,,,,,,,false,false,12,2021-04-01,2022-03-31,0
2021-10-29,53330,2022-03-31,2,,,,,,,,,,,,,,,,,,,,,,,,,,,,,60.00,,,,,,,false,true,12,2021-04-01,2022-03-31,0
2021-10-29,53330,2022-03-31,2,,,,,,,,,,,,,,,,,,,,,,,,,,,,,,,,,317211996,5602939,313674975,false,false,6,2021-04-01,2021-09-30,0
2021-10-29,53330,2021-03-31,2,,,,,,,,,,,,,,,,,,,,,,,,,,,,,,,,,,,316557312,false,false,6,2020-04-01,2020-09-30,-1
2022-01-31,53330,2022-03-31,3,371882000000,0.166,,,,,64543000000,0.930,63416000000,0.762,,46359000000,,148.09,147.83,,,,,924226000000,546368000000,0.584,,540158000000,,,,,,,,,,,,true,false,9,2021-04-01,2021-12-31,0
2022-01-31,53330,2021-03-31,3,318805000000,-0.031,,,,,33447000000,-0.256,35991000000,-0.177,,26132000000,,82.55,82.43,,,,,,,,,,,,,,,,,,,,,true,false,9,2020-04-01,2020-12-31,-1
2022-01-31,53330,2022-03-31,3,515000000000,0.139,,,,,83000000000,0.633,82000000000,0.547,,60000000000,,191.86,,,,,,,,,,,,,,,,,,,,,,true,true,12,2021-04-01,2022-03-31,0
2022-01-31,53330,2021-03-31,3,,,,,,,,,,,,,,,,,,,,908967000000,517892000000,0.563,,512003000000,,,,,,,,,,,,true,false,12,2020-04-01,2021-03-31,-1
2022-01-31,53330,2021-03-31,3,,,,,,,,,,,,,,,,,,,,,,,,,,,,,30.00,,,,322211996,5639001,,false,false,12,2020-04-01,2021-03-31,-1
2022-01-31,53330,2022-03-31,3,,,,,,,,,,,,,,,,,,,,,,,,,,,,,30.00,,,,,,,false,false,12,2021-04-01,2022-03-31,0
2022-01-31,53330,2022-03-31,3,,,,,,,,,,,,,,,,,,,,,,,,,,,,,60.00,,,,,,,false,true,12,2021-04-01,2022-03-31,0
2022-01-31,53330,2022-03-31,3,,,,,,,,,,,,,,,,,,,,,,,,,,,,,,,,,317211996,5598126,313055656,false,false,9,2021-04-01,2021-12-31,0
2022-01-31,53330,2021-03-31,3,,,,,,,,,,,,,,,,,,,,,,,,,,,,,,,,,,,316561953,false,false,9,2020-04-01,2020-12-31,-1
2022-04-28,53330,2022-03-31,,510439000000,0.129,,,,,83527000000,0.643,86248000000,0.627,,70851000000,,226.56,226.17,0.129,0.091,0.164,,982833000000,589594000000,0.593,1871.22,583147000000,94831000000,-46291000000,-45263000000,154855000000,,0.278,,,,,,true,false,12,2021-04-01,2022-03-31,0
2022-04-28,53330,2021-03-31,,452043000000,0.023,,,,,50823000000,-0.076,53006000000,0.020,,38496000000,,121.61,121.42,0.079,0.061,0.112,,908967000000,517892000000,0.563,1617.33,512003000000,85641000000,-51724000000,12250000000,146031000000,,0.247,,,,,,true,false,12,2020-04-01,2021-03-31,-1
2022-04-28,53330,2023-03-31,,275000000000,0.099,,,,,41000000000,-0.107,39000000000,-0.112,,28000000000,,89.85,,,,,,,,,,,,,,,,,,,,,,true,true,6,2022-04-01,2022-09-30,1
2022-04-28,53330,2023-03-31,,580000000000,0.136,,,,,90000000000,0.077,88000000000,0.020,,65000000000,,208.57,,,,,,,,,,,,,,,,0.316,,,,,,true,true,12,2022-04-01,2023-03-31,1
2022-04-28,53330,2022-03-31,,301615000000,0.257,,,,,50453000000,2.413,74298000000,2.049,66820000000,,2.459,213.67,213.30,,,,,619380000000,342619000000,0.552,1096.38,341678000000,,,,,63.00,,,,317211996,5570919,312726048,false,false,12,2021-04-01,2022-03-31,0
2022-04-28,53330,2021-03-31,,239964000000,-0.056,,,,,14782000000,-0.497,24371000000,-0.475,19316000000,,-0.041,61.02,60.93,,,,,579383000000,304868000000,0.525,960.27,303996000000,,,,,30.00,,,,322211996,5639001,316564547,false,false,12,2020-04-01,2021-03-31,-1
2022-04-28,53330,2023-03-31,,,,,,,,,,,,,,,,,,,,,,,,,,,,,,66.00,,,,,,,false,true,12,2022-04-01,2023-03-31,1
2022-07-29,53330,2023-03-31,1,131000000000,0.017,,,,,20635000000,-0.127,20669000000,-0.106,,17963000000,,57.64,57.54,,,,,993115000000,619496000000,0.617,,612666000000,,,,,,,,,,,,true,false,3,2022-04-01,2022-06-30,0
2022-07-29,53330,2022-03-31,1,128779000000,0.551,,,,,23637000000,,23111000000,,,16170000000,,51.30,51.22,,,,,,,,,,,,,,,,,,,,,true,false,3,2021-04-01,2021-06-30,-1
2022-07-29,53330,2023-03-31,1,275000000000,0.099,,,,,41000000000,-0.107,39000000000,-0.112,,28000000000,,89.85,,,,,,,,,,,,,,,,,,,,,,true,true,6,2022-04-01,2022-09-30,0
2022-07-29,53330,2023-03-31,1,580000000000,0.136,,,,,90000000000,0.077,88000000000,0.020,,65000000000,,208.57,,,,,,,,,,,,,,,,,,,,,,true,true,12,2022-04-01,2023-03-31,0
2022-07-29,53330,2022-03-31,1,,,,,,,,,,,,,,,,,,,,982833000000,589594000000,0.593,,583147000000,,,,,,,,,,,,true,false,12,2021-04-01,2022-03-31,-1
2022-07-29,53330,2022-03-31,1,,,,,,,,,,,,,,,,,,,,,,,,,,,,,63.00,,,,317211996,5570919,,false,false,12,2021-04-01,2022-03-31,-1
2022-07-29,53330,2023-03-31,1,,,,,,,,,,,,,,,,,,,,,,,,,,,,,66.00,,,,,,,false,true,12,2022-04-01,2023-03-31,0
2022-07-29,53330,2023-03-31,1,,,,,,,,,,,,,,,,,,,,,,,,,,,,,,,,,317211996,5558469,311644100,false,false,3,2022-04-01,2022-06-30,0
2022-07-29,53330,2022-03-31,1,,,,,,,,,,,,,,,,,,,,,,,,,,,,,,,,,,,315224489,false,false,3,2021-04-01,2021-06-30,-1
2022-10-28,53330,2023-03-31,2,274688000000,0.098,,,,,38808000000,-0.155,34533000000,-0.213,,26510000000,,85.06,84.91,,,,,1015325000000,639918000000,0.623,,633029000000,,,,,,,,,,,,true,false,6,2022-04-01,2022-09-30,0
2022-10-28,53330,2022-03-31,2,250159000000,0.283,,,,,45925000000,2.968,43905000000,2.593,,31950000000,,101.86,101.69,,,,,,,,,,,,,,,,,,,,,true,false,6,2021-04-01,2021-09-30,-1
2022-10-28,53330,2023-03-31,2,580000000000,0.136,,,,,78000000000,-0.066,74000000000,-0.142,,61000000000,,196.62,,,,,,,,,,,,,,,,,,,,,,true,true,12,2022-04-01,2023-03-31,0
2022-10-28,53330,2022-03-31,2,,,,,,,,,,,,,,,,,,,,982833000000,589594000000,0.593,,583147000000,,,,,,,,,,,,true,false,12,2021-04-01,2022-03-31,-1
2022-10-28,53330,2022-03-31,2,,,,,,,,,,,,,,,,,,,,,,,,,,,,,63.00,,,,317211996,5570919,,false,false,12,2021-04-01,2022-03-31,-1
2022-10-28,53330,2023-03-31,2,,,,,,,,,,,,,,,,,,,,,,,,,,,,,33.00,,,,,,,false,false,12,2022-04-01,2023-03-31,0
2022-10-28,53330,2023-03-31,2,,,,,,,,,,,,,,,,,,,,,,,,,,,,,66.00,,,,,,,false,true,12,2022-04-01,2023-03-31,0
2022-10-28,53330,2023-03-31,2,,,,,,,,,,,,,,,,,,,,,,,,,,,,,,,,,317329996,5558646,311681786,false,false,6,2022-04-01,2022-09-30,0
2022-10-28,53330,2022-03-31,2,,,,,,,,,,,,,,,,,,,,,,,,,,,,,,,,,,,313674975,false,false,6,2021-04-01,2021-09-30,-1
2023-01-31,53330,2023-03-31,3,415081000000,0.116,,,,,57589000000,-0.108,56227000000,-0.113,,51636000000,,165.90,165.62,,,,,1013502000000,633221000000,0.618,,626397000000,,,,,,,,,,,,true,false,9,2022-04-01,2022-12-31,0
2023-01-31,53330,2022-03-31,3,371882000000,0.166,,,,,64543000000,0.930,63416000000,0.762,,46359000000,,148.09,147.83,,,,,,,,,,,,,,,,,,,,,true,false,9,2021-04-01,2021-12-31,-1
2023-01-31,53330,2023-03-31,3,580000000000,0.136,,,,,78000000000,-0.066,74000000000,-0.142,,61000000000,,196.62,,,,,,,,,,,,,,,,,,,,,,true,true,12,2022-04-01,2023-03-31,0
2023-01-31,53330,2022-03-31,3,,,,,,,,,,,,,,,,,,,,982833000000,589594000000,0.593,,583147000000,,,,,,,,,,,,true,false,12,2021-04-01,2022-03-31,-1
2023-01-31,53330,2022-03-31,3,,,,,,,,,,,,,,,,,,,,,,,,,,,,,63.00,,,,317211996,5570919,,false,false,12,2021-04-01,2022-03-31,-1
2023-01-31,53330,2023-03-31,3,,,,,,,,,,,,,,,,,,,,,,,,,,,,,33.00,,,,,,,false,false,12,2022-04-01,2023-03-31,0
2023-01-31,53330,2023-03-31,3,,,,,,,,,,,,,,,,,,,,,,,,,,,,,66.00,,,,,,,false,true,12,2022-04-01,2023-03-31,0
2023-01-31,53330,2023-03-31,3,,,,,,,,,,,,,,,,,,,,,,,,,,,,,,,,,317329996,8606401,311250672,false,false,9,2022-04-01,2022-12-31,0
2023-01-31,53330,2022-03-31,3,,,,,,,,,,,,,,,,,,,,,,,,,,,,,,,,,,,313055656,false,false,9,2021-04-01,2021-12-31,-1
2023-03-22,53330,2023-03-31,,550000000000,-0.052,,,,,65000000000,-0.167,63000000000,-0.149,,51000000000,,164.41,,,,,,,,,,,,,,,,,,,,,,true,true,12,2022-04-01,2023-03-31,0
2023-03-22,53330,2022-03-31,,510439000000,,,,,,83527000000,,86248000000,,,70851000000,,226.56,,,,,,,,,,,,,,,,,,,,,,true,false,12,2021-04-01,2022-03-31,-1
2023-04-28,53330,2023-03-31,,559240000000,0.096,,,,,66761000000,-0.201,65887000000,-0.236,,55048000000,,177.47,177.17,0.090,0.065,0.119,,1029168000000,642446000000,0.617,2074.66,635447000000,97949000000,-52006000000,-34568000000,168863000000,,0.372,,,,,,true,false,12,2022-04-01,2023-03-31,0
2023-04-28,53330,2022-03-31,,510439000000,0.129,,,,,83527000000,0.643,86248000000,0.627,,70851000000,,226.56,226.17,0.129,0.091,0.164,,982833000000,589594000000,0.593,1871.22,583147000000,94831000000,-46291000000,-45263000000,154855000000,,0.278,,,,,,true,false,12,2021-04-01,2022-03-31,-1
2023-04-28,53330,2024-03-31,,265000000000,-0.035,,,,,25000000000,-0.356,23000000000,-0.334,,16000000000,,52.23,,,,,,,,,,,,,,,,,,,,,,true,true,6,2023-04-01,2023-09-30,1
2023-04-28,53330,2024-03-31,,565000000000,0.010,,,,,56000000000,-0.161,53000000000,-0.196,,38500000000,,125.67,,,,,,,,,,,,,,,,0.398,,,,,,true,true,12,2023-04-01,2024-03-31,1
2023-04-28,53330,2023-03-31,,296750000000,-0.016,,,,,31770000000,-0.370,44723000000,-0.398,47544000000,,-0.288,153.28,153.02,,,,,634823000000,360118000000,0.566,1172.86,359236000000,,,,,66.00,,,,311829996,5539120,310189352,false,false,12,2022-04-01,2023-03-31,0
2023-04-28,53330,2022-03-31,,301615000000,0.257,,,,,50453000000,2.413,74298000000,2.049,66820000000,,2.459,213.67,213.30,,,,,619380000000,342619000000,0.552,1096.38,341678000000,,,,,63.00,,,,317211996,5570919,312726048,false,false,12,2021-04-01,2022-03-31,-1
2023-04-28,53330,2024-03-31,,,,,,,,,,,,,,,,,,,,,,,,,,,,,,50.00,,,,,,,false,true,12,2023-04-01,2024-03-31,1
2023-07-31,53330,2024-03-31,1,141331000000,0.079,,,,,18561000000,-0.101,16124000000,-0.220,,12005000000,,39.20,39.13,,,,,1059172000000,672027000000,0.627,,664422000000,,,,,,,,,,,,true,false,3,2023-04-01,2023-06-30,0
2023-07-31,53330,2023-03-31,1,131000000000,0.017,,,,,20635000000,-0.127,20669000000,-0.106,,17963000000,,57.64,57.54,,,,,,,,,,,,,,,,,,,,,true,false,3,2022-04-01,2022-06-30,-1
2023-07-31,53330,2024-03-31,1,265000000000,-0.035,,,,,25000000000,-0.356,23000000000,-0.334,,16000000000,,52.23,,,,,,,,,,,,,,,,,,,,,,true,true,6,2023-04-01,2023-09-30,0
2023-07-31,53330,2024-03-31,1,565000000000,0.010,,,,,56000000000,-0.161,53000000000,-0.196,,38500000000,,125.67,,,,,,,,,,,,,,,,,,,,,,true,true,12,2023-04-01,2024-03-31,0
2023-07-31,53330,2023-03-31,1,,,,,,,,,,,,,,,,,,,,1029168000000,642446000000,0.617,,635447000000,,,,,,,,,,,,true,false,12,2022-04-01,2023-03-31,-1
2023-07-31,53330,2023-03-31,1,,,,,,,,,,,,,,,,,,,,,,,,,,,,,66.00,,,,311829996,5539120,,false,false,12,2022-04-01,2023-03-31,-1
2023-07-31,53330,2024-03-31,1,,,,,,,,,,,,,,,,,,,,,,,,,,,,,50.00,,,,,,,false,true,12,2023-04-01,2024-03-31,0
2023-07-31,53330,2024-03-31,1,,,,,,,,,,,,,,,,,,,,,,,,,,,,,,,,,311829996,5539642,306290654,false,false,3,2023-04-01,2023-06-30,0
2023-07-31,53330,2023-03-31,1,,,,,,,,,,,,,,,,,,,,,,,,,,,,,,,,,,,311644100,false,false,3,2022-04-01,2022-06-30,-1
2023-10-27,53330,2024-03-31,2,282884000000,0.030,,,,,32485000000,-0.163,28940000000,-0.162,,18181000000,,59.35,59.25,,,,,1082986000000,687105000000,0.628,,679616000000,,,,,,,,,,,,true,false,6,2023-04-01,2023-09-30,0
2023-10-27,53330,2023-03-31,2,274688000000,0.098,,,,,38808000000,-0.155,34533000000,-0.213,,26510000000,,85.06,84.91,,,,,,,,,,,,,,,,,,,,,true,false,6,2022-04-01,2022-09-30,-1
2023-10-27,53330,2024-03-31,2,575000000000,0.028,,,,,62000000000,-0.071,58000000000,-0.120,,39000000000,,128.26,,,,,,,,,,,,,,,,,,,,,,true,true,12,2023-04-01,2024-03-31,0
2023-10-27,53330,2023-03-31,2,,,,,,,,,,,,,,,,,,,,1029168000000,642446000000,0.617,,635447000000,,,,,,,,,,,,true,false,12,2022-04-01,2023-03-31,-1
2023-10-27,53330,2023-03-31,2,,,,,,,,,,,,,,,,,,,,,,,,,,,,,66.00,,,,311829996,5539120,,false,false,12,2022-04-01,2023-03-31,-1
2023-10-27,53330,2024-03-31,2,,,,,,,,,,,,,,,,,,,,,,,,,,,,,25.00,,,,,,,false,false,12,2023-04-01,2024-03-31,0
2023-10-27,53330,2024-03-31,2,,,,,,,,,,,,,,,,,,,,,,,,,,,,,50.00,,,,,,,false,true,12,2023-04-01,2024-03-31,0
2023-10-27,53330,2024-03-31,2,,,,,,,,,,,,,,,,,,,,,,,,,,,,,,,,,311956996,5538241,306327515,false,false,6,2023-04-01,2023-09-30,0
2023-10-27,53330,2023-03-31,2,,,,,,,,,,,,,,,,,,,,,,,,,,,,,,,,,,,311681786,false,false,6,2022-04-01,2022-09-30,-1
2024-01-31,53330,2024-03-31,3,422527000000,0.018,,,,,50317000000,-0.126,47447000000,-0.156,,33876000000,,111.00,110.82,,,,,1075478000000,668082000000,0.614,,660646000000,,,,,,,,,,,,true,false,9,2023-04-01,2023-12-31,0
2024-01-31,53330,2023-03-31,3,415081000000,0.116,,,,,57589000000,-0.108,56227000000,-0.113,,51636000000,,165.90,165.62,,,,,,,,,,,,,,,,,,,,,true,false,9,2022-04-01,2022-12-31,-1
2024-01-31,53330,2024-03-31,3,575000000000,0.028,,,,,62000000000,-0.071,58000000000,-0.120,,39000000000,,128.26,,,,,,,,,,,,,,,,,,,,,,true,true,12,2023-04-01,2024-03-31,0
2024-01-31,53330,2023-03-31,3,,,,,,,,,,,,,,,,,,,,1029168000000,642446000000,0.617,,635447000000,,,,,,,,,,,,true,false,12,2022-04-01,2023-03-31,-1
2024-01-31,53330,2023-03-31,3,,,,,,,,,,,,,,,,,,,,,,,,,,,,,66.00,,,,311829996,5539120,,false,false,12,2022-04-01,2023-03-31,-1
2024-01-31,53330,2024-03-31,3,,,,,,,,,,,,,,,,,,,,,,,,,,,,,25.00,,,,,,,false,false,12,2023-04-01,2024-03-31,0
2024-01-31,53330,2024-03-31,3,,,,,,,,,,,,,,,,,,,,,,,,,,,,,50.00,,,,,,,false,true,12,2023-04-01,2024-03-31,0
2024-01-31,53330,2024-03-31,3,,,,,,,,,,,,,,,,,,,,,,,,,,,,,,,,,311956996,14033845,305185431,false,false,9,2023-04-01,2023-12-31,0
2024-01-31,53330,2023-03-31,3,,,,,,,,,,,,,,,,,,,,,,,,,,,,,,,,,,,311250672,false,false,9,2022-04-01,2022-12-31,-1
2024-04-26,53330,2024-03-31,,578913000000,0.035,,,,,66397000000,-0.005,63042000000,-0.043,,40562000000,,133.65,133.42,0.061,0.058,0.115,,1127576000000,703225000000,0.617,2334.21,695425000000,99159000000,-68593000000,-36123000000,171432000000,,0.374,,,,,,true,false,12,2023-04-01,2024-03-31,0
2024-04-26,53330,2023-03-31,,559240000000,0.096,,,,,66761000000,-0.201,65887000000,-0.236,,55048000000,,177.47,177.17,0.090,0.065,0.119,,1029168000000,642446000000,0.617,2074.66,635447000000,97949000000,-52006000000,-34568000000,168863000000,,0.372,,,,,,true,false,12,2022-04-01,2023-03-31,-1
2024-04-26,53330,2025-03-31,,295000000000,0.043,,,,,30000000000,-0.077,28000000000,-0.032,,21000000000,,70.49,,,,,,,,,,,,,,,,,,,,,,true,true,6,2024-04-01,2024-09-30,1
2024-04-26,53330,2025-03-31,,620000000000,0.071,,,,,75000000000,0.130,71000000000,0.126,,53000000000,,177.90,,,,,,,,,,,,,,,,0.337,,,,,,true,true,12,2024-04-01,2025-03-31,1
2024-04-26,53330,2024-03-31,,307527000000,0.036,,,,,34113000000,0.074,42427000000,-0.051,31856000000,,-0.330,104.96,104.79,,,,,697892000000,380965000000,0.545,1275.86,380112000000,,,,,50.00,,,,311956996,14029396,303510212,false,false,12,2023-04-01,2024-03-31,0
2024-04-26,53330,2023-03-31,,296750000000,-0.016,,,,,31770000000,-0.370,44723000000,-0.398,47544000000,,-0.288,153.28,153.02,,,,,634823000000,360118000000,0.566,1172.86,359236000000,,,,,66.00,,,,311829996,5539120,310189352,false,false,12,2022-04-01,2023-03-31,-1
2024-04-26,53330,2025-03-31,,,,,,,,,,,,,,,,,,,,,,,,,,,,,,60.00,,,,,,,false,true,12,2024-04-01,2025-03-31,1
2024-07-29,5333,2025-03-31,1,152521000000,0.079,,,,,17656000000,-0.049,16825000000,0.044,,10964000000,,36.80,36.74,,,,,1148494000000,727470000000,0.626,,719295000000,,,,,,,,,,,,true,false,3,2024-04-01,2024-06-30,0
2024-07-29,5333,2024-03-31,1,141331000000,0.079,,,,,18561000000,-0.101,16124000000,-0.220,,12005000000,,39.20,39.13,,,,,,,,,,,,,,,,,,,,,true,false,3,2023-04-01,2023-06-30,-1
2024-07-29,5333,2025-03-31,1,295000000000,0.043,,,,,30000000000,-0.077,28000000000,-0.032,,21000000000,,70.49,,,,,,,,,,,,,,,,,,,,,,true,true,6,2024-04-01,2024-09-30,0
2024-07-29,5333,2025-03-31,1,620000000000,0.071,,,,,75000000000,0.130,71000000000,0.126,,53000000000,,177.90,,,,,,,,,,,,,,,,,,,,,,true,true,12,2024-04-01,2025-03-31,0
2024-07-29,5333,2024-03-31,1,,,,,,,,,,,,,,,,,,,,1127576000000,703225000000,0.617,,695425000000,,,,,,,,,,,,true,false,12,2023-04-01,2024-03-31,-1
2024-07-29,5333,2024-03-31,1,,,,,,,,,,,,,,,,,,,,,,,,,,,,,50.00,,,,311956996,14029396,,false,false,12,2023-04-01,2024-03-31,-1
2024-07-29,5333,2025-03-31,1,,,,,,,,,,,,,,,,,,,,,,,,,,,,,60.00,,,,,,,false,true,12,2024-04-01,2025-03-31,0
2024-07-29,5333,2025-03-31,1,,,,,,,,,,,,,,,,,,,,,,,,,,,,,,,,,311956996,14022105,297931264,false,false,3,2024-04-01,2024-06-30,0
2024-07-29,5333,2024-03-31,1,,,,,,,,,,,,,,,,,,,,,,,,,,,,,,,,,,,306290654,false,false,3,2023-04-01,2023-06-30,-1
2024-08-02,5333,2025-03-31,1,152521000000,0.079,,,,,17656000000,-0.049,16825000000,0.044,,10964000000,,36.80,36.74,,,,,1148494000000,727470000000,0.626,,719295000000,,,,,,,,,,,,true,false,3,2024-04-01,2024-06-30,0
2024-08-02,5333,2024-03-31,1,141331000000,0.079,,,,,18561000000,-0.101,16124000000,-0.220,,12005000000,,39.20,39.13,,,,,,,,,,,,,,,,,,,,,true,false,3,2023-04-01,2023-06-30,-1
2024-08-02,5333,2025-03-31,1,295000000000,0.043,,,,,30000000000,-0.077,28000000000,-0.032,,21000000000,,70.49,,,,,,,,,,,,,,,,,,,,,,true,true,6,2024-04-01,2024-09-30,0
2024-08-02,5333,2025-03-31,1,620000000000,0.071,,,,,75000000000,0.130,71000000000,0.126,,53000000000,,177.90,,,,,,,,,,,,,,,,,,,,,,true,true,12,2024-04-01,2025-03-31,0
2024-08-02,5333,2024-03-31,1,,,,,,,,,,,,,,,,,,,,1127576000000,703225000000,0.617,,695425000000,,,,,,,,,,,,true,false,12,2023-04-01,2024-03-31,-1
2024-08-02,5333,2024-03-31,1,,,,,,,,,,,,,,,,,,,,,,,,,,,,,50.00,,,,311956996,14029396,,false,false,12,2023-04-01,2024-03-31,-1
2024-08-02,5333,2025-03-31,1,,,,,,,,,,,,,,,,,,,,,,,,,,,,,60.00,,,,,,,false,true,12,2024-04-01,2025-03-31,0
2024-08-02,5333,2025-03-31,1,,,,,,,,,,,,,,,,,,,,,,,,,,,,,,,,,311956996,14022105,297931264,false,false,3,2024-04-01,2024-06-30,0
2024-08-02,5333,2024-03-31,1,,,,,,,,,,,,,,,,,,,,,,,,,,,,,,,,,,,306290654,false,false,3,2023-04-01,2023-06-30,-1
2024-10-31,5333,2025-03-31,2,298352000000,0.055,,,,,39700000000,0.222,38367000000,0.326,,25869000000,,87.02,86.88,,,,,1105847000000,697244000000,0.624,,689737000000,,,,,,,,,,,,true,false,6,2024-04-01,2024-09-30,0
2024-10-31,5333,2024-03-31,2,282884000000,0.030,,,,,32485000000,-0.163,28940000000,-0.162,,18181000000,,59.35,59.25,,,,,,,,,,,,,,,,,,,,,true,false,6,2023-04-01,2023-09-30,-1
2024-10-31,5333,2025-03-31,2,620000000000,0.071,,,,,78000000000,0.175,74000000000,0.174,,53000000000,,179.41,,,,,,,,,,,,,,,,,,,,,,true,true,12,2024-04-01,2025-03-31,0
2024-10-31,5333,2024-03-31,2,,,,,,,,,,,,,,,,,,,,1127576000000,703225000000,0.617,,695425000000,,,,,,,,,,,,true,false,12,2023-04-01,2024-03-31,-1
2024-10-31,5333,2024-03-31,2,,,,,,,,,,,,,,,,,,,,,,,,,,,,,50.00,,,,311956996,14029396,,false,false,12,2023-04-01,2024-03-31,-1
2024-10-31,5333,2025-03-31,2,,,,,,,,,,,,,,,,,,,,,,,,,,,,,30.00,,,,,,,false,false,12,2024-04-01,2025-03-31,0
2024-10-31,5333,2025-03-31,2,,,,,,,,,,,,,,,,,,,,,,,,,,,,,60.00,,,,,,,false,true,12,2024-04-01,2025-03-31,0
2024-10-31,5333,2025-03-31,2,,,,,,,,,,,,,,,,,,,,,,,,,,,,,,,,,311956996,16838621,297270289,false,false,6,2024-04-01,2024-09-30,0
2024-10-31,5333,2024-03-31,2,,,,,,,,,,,,,,,,,,,,,,,,,,,,,,,,,,,306327515,false,false,6,2023-04-01,2023-09-30,-1
2025-01-31,5333,2025-03-31,3,455451000000,0.078,,,,,62413000000,0.240,61416000000,0.294,,41001000000,,138.47,138.25,,,,,1153148000000,725347000000,0.622,,717576000000,,,,,,,,,,,,true,false,9,2024-04-01,2024-12-31,0
2025-01-31,5333,2024-03-31,3,422527000000,0.018,,,,,50317000000,-0.126,47447000000,-0.156,,33876000000,,111.00,110.82,,,,,,,,,,,,,,,,,,,,,true,false,9,2023-04-01,2023-12-31,-1
2025-01-31,5333,2025-03-31,3,620000000000,0.071,,,,,78000000000,0.175,74000000000,0.174,,53000000000,,179.41,,,,,,,,,,,,,,,,,,,,,,true,true,12,2024-04-01,2025-03-31,0
2025-01-31,5333,2024-03-31,3,,,,,,,,,,,,,,,,,,,,1127576000000,703225000000,0.617,,695425000000,,,,,,,,,,,,true,false,12,2023-04-01,2024-03-31,-1
2025-01-31,5333,2024-03-31,3,,,,,,,,,,,,,,,,,,,,,,,,,,,,,50.00,,,,311956996,14029396,,false,false,12,2023-04-01,2024-03-31,-1
2025-01-31,5333,2025-03-31,3,,,,,,,,,,,,,,,,,,,,,,,,,,,,,30.00,,,,,,,false,false,12,2024-04-01,2025-03-31,0
2025-01-31,5333,2025-03-31,3,,,,,,,,,,,,,,,,,,,,,,,,,,,,,60.00,,,,,,,false,true,12,2024-04-01,2025-03-31,0
2025-01-31,5333,2025-03-31,3,,,,,,,,,,,,,,,,,,,,,,,,,,,,,,,,,297956996,4867327,296104451,false,false,9,2024-04-01,2024-12-31,0
2025-01-31,5333,2024-03-31,3,,,,,,,,,,,,,,,,,,,,,,,,,,,,,,,,,,,305185431,false,false,9,2023-04-01,2023-12-31,-1
2025-02-07,5333,2025-03-31,3,455451000000,0.078,,,,,62413000000,0.240,61416000000,0.294,,41001000000,,138.47,138.25,,,,,1153148000000,725347000000,0.622,,717576000000,,,,,,,,,,,,true,false,9,2024-04-01,2024-12-31,0
2025-02-07,5333,2024-03-31,3,422527000000,0.018,,,,,50317000000,-0.126,47447000000,-0.156,,33876000000,,111.00,110.82,,,,,,,,,,,,,,,,,,,,,true,false,9,2023-04-01,2023-12-31,-1
2025-02-07,5333,2025-03-31,3,620000000000,0.071,,,,,78000000000,0.175,74000000000,0.174,,53000000000,,179.41,,,,,,,,,,,,,,,,,,,,,,true,true,12,2024-04-01,2025-03-31,0
2025-02-07,5333,2024-03-31,3,,,,,,,,,,,,,,,,,,,,1127576000000,703225000000,0.617,,695425000000,,,,,,,,,,,,true,false,12,2023-04-01,2024-03-31,-1
2025-02-07,5333,2024-03-31,3,,,,,,,,,,,,,,,,,,,,,,,,,,,,,50.00,,,,311956996,14029396,,false,false,12,2023-04-01,2024-03-31,-1
2025-02-07,5333,2025-03-31,3,,,,,,,,,,,,,,,,,,,,,,,,,,,,,30.00,,,,,,,false,false,12,2024-04-01,2025-03-31,0
2025-02-07,5333,2025-03-31,3,,,,,,,,,,,,,,,,,,,,,,,,,,,,,60.00,,,,,,,false,true,12,2024-04-01,2025-03-31,0
2025-02-07,5333,2025-03-31,3,,,,,,,,,,,,,,,,,,,,,,,,,,,,,,,,,297956996,4867327,296104451,false,false,9,2024-04-01,2024-12-31,0
2025-02-07,5333,2024-03-31,3,,,,,,,,,,,,,,,,,,,,,,,,,,,,,,,,,,,305185431,false,false,9,2023-04-01,2023-12-31,-1
2025-04-28,5333,2025-03-31,,619513000000,0.070,,,,,81241000000,0.224,78249000000,0.241,,54933000000,,185.96,185.66,0.078,0.069,0.131,,1142986000000,727506000000,0.630,2455.87,719803000000,96658000000,-55081000000,-34219000000,177708000000,,0.323,,,,,,true,false,12,2024-04-01,2025-03-31,0
2025-04-28,5333,2024-03-31,,578913000000,0.035,,,,,66397000000,-0.005,63042000000,-0.043,,40562000000,,133.65,133.42,0.061,0.058,0.115,,1127576000000,703225000000,0.617,2334.21,695425000000,99159000000,-68593000000,-36123000000,171432000000,,0.374,,,,,,true,false,12,2023-04-01,2024-03-31,-1
2025-04-28,5333,2026-03-31,,310000000000,0.039,,,,,33000000000,-0.169,29500000000,-0.231,,19000000000,,64.83,,,,,,,,,,,,,,,,,,,,,,true,true,6,2025-04-01,2025-09-30,1
2025-04-28,5333,2026-03-31,,630000000000,0.017,,,,,75000000000,-0.077,70000000000,-0.105,,55000000000,,187.65,,,,,,,,,,,,,,,,0.352,,,,,,true,true,12,2025-04-01,2026-03-31,1
2025-04-28,5333,2025-03-31,,331476000000,0.078,,,,,40148000000,0.177,48397000000,0.141,34479000000,,0.082,116.72,116.53,,,,,703998000000,384070000000,0.544,1307.74,383292000000,,,,,60.00,,,,297956996,4861605,295410069,false,false,12,2024-04-01,2025-03-31,0
2025-04-28,5333,2024-03-31,,307527000000,0.036,,,,,34113000000,0.074,42427000000,-0.051,31856000000,,-0.330,104.96,104.79,,,,,697892000000,380965000000,0.545,1275.86,380112000000,,,,,50.00,,,,311956996,14029396,303510212,false,false,12,2023-04-01,2024-03-31,-1
2025-04-28,5333,2026-03-31,,,,,,,,,,,,,,,,,,,,,,,,,,,,,,66.00,,,,,,,false,true,12,2025-04-01,2026-03-31,1
2025-07-31,5333,2026-03-31,1,166458000000,0.091,,,,,23781000000,0.347,24380000000,0.449,,17899000000,,61.07,60.98,,,,,1137265000000,739549000000,0.643,,731431000000,,,,,,,,,,,,true,false,3,2025-04-01,2025-06-30,0
2025-07-31,5333,2025-03-31,1,152521000000,0.079,,,,,17656000000,-0.049,16825000000,0.044,,10964000000,,36.80,36.74,,,,,,,,,,,,,,,,,,,,,true,false,3,2024-04-01,2024-06-30,-1
2025-07-31,5333,2026-03-31,1,310000000000,0.039,,,,,33000000000,-0.169,29500000000,-0.231,,19000000000,,64.83,,,,,,,,,,,,,,,,,,,,,,true,true,6,2025-04-01,2025-09-30,0
2025-07-31,5333,2026-03-31,1,630000000000,0.017,,,,,75000000000,-0.077,70000000000,-0.105,,55000000000,,187.65,,,,,,,,,,,,,,,,,,,,,,true,true,12,2025-04-01,2026-03-31,0
2025-07-31,5333,2025-03-31,1,,,,,,,,,,,,,,,,,,,,1142986000000,727506000000,0.630,,719803000000,,,,,,,,,,,,true,false,12,2024-04-01,2025-03-31,-1
2025-07-31,5333,2025-03-31,1,,,,,,,,,,,,,,,,,,,,,,,,,,,,,60.00,,,,297956996,4861605,,false,false,12,2024-04-01,2025-03-31,-1
2025-07-31,5333,2026-03-31,1,,,,,,,,,,,,,,,,,,,,,,,,,,,,,66.00,,,,,,,false,true,12,2025-04-01,2026-03-31,0
2025-07-31,5333,2026-03-31,1,,,,,,,,,,,,,,,,,,,,,,,,,,,,,,,,,297956996,4837884,293108762,false,false,3,2025-04-01,2025-06-30,0
2025-07-31,5333,2025-03-31,1,,,,,,,,,,,,,,,,,,,,,,,,,,,,,,,,,,,297931264,false,false,3,2024-04-01,2024-06-30,-1
2025-08-07,5333,2026-03-31,1,166458000000,0.091,,,,,23781000000,0.347,24380000000,0.449,,17899000000,,61.07,60.98,,,,,1137265000000,739549000000,0.643,,731431000000,,,,,,,,,,,,true,false,3,2025-04-01,2025-06-30,0
2025-08-07,5333,2025-03-31,1,152521000000,0.079,,,,,17656000000,-0.049,16825000000,0.044,,10964000000,,36.80,36.74,,,,,,,,,,,,,,,,,,,,,true,false,3,2024-04-01,2024-06-30,-1
2025-08-07,5333,2026-03-31,1,310000000000,0.039,,,,,33000000000,-0.169,29500000000,-0.231,,19000000000,,64.83,,,,,,,,,,,,,,,,,,,,,,true,true,6,2025-04-01,2025-09-30,0
2025-08-07,5333,2026-03-31,1,630000000000,0.017,,,,,75000000000,-0.077,70000000000,-0.105,,55000000000,,187.65,,,,,,,,,,,,,,,,,,,,,,true,true,12,2025-04-01,2026-03-31,0
2025-08-07,5333,2025-03-31,1,,,,,,,,,,,,,,,,,,,,1142986000000,727506000000,0.630,,719803000000,,,,,,,,,,,,true,false,12,2024-04-01,2025-03-31,-1
2025-08-07,5333,2025-03-31,1,,,,,,,,,,,,,,,,,,,,,,,,,,,,,60.00,,,,297956996,4861605,,false,false,12,2024-04-01,2025-03-31,-1
2025-08-07,5333,2026-03-31,1,,,,,,,,,,,,,,,,,,,,,,,,,,,,,66.00,,,,,,,false,true,12,2025-04-01,2026-03-31,0
2025-08-07,5333,2026-03-31,1,,,,,,,,,,,,,,,,,,,,,,,,,,,,,,,,,297956996,4837884,293108762,false,false,3,2025-04-01,2025-06-30,0
2025-08-07,5333,2025-03-31,1,,,,,,,,,,,,,,,,,,,,,,,,,,,,,,,,,,,297931264,false,false,3,2024-04-01,2024-06-30,-1
