filing_date,code,fiscal_year_end,quarterly_period,net_sales,net_sales_change,revenue,revenue_change,operating_revenue,operating_revenue_change,operating_profit,operating_profit_change,ordinary_profit,ordinary_profit_change,net_income,net_income_of_parent,net_income_change,eps,diluted_eps,roe,roa,operating_profit_to_net_sales,operating_profit_to_revenue,total_assets,net_assets,equity_ratio,bps,owner_equity,operating_cash_flow,investing_cash_flow,financing_cash_flow,cash,dividend_per_share,payout_ratio,commemorative_dividend,extra_dividend,number_of_shares,number_of_treqsury_shares,avg_number_of_shares,is_consolidated,is_forecast,duration,period_start,period_end,period_pos
2015-05-08,53340,2015-03-31,,347636000000,0.054,,,,,62196000000,0.204,67907000000,0.236,36753000000,,0.124,168.88,,0.114,0.144,0.179,,485497000000,343380000000,0.702,1566.80,340972000000,36593000000,-12865000000,-18745000000,75540000000,,0.213,,,,,,true,false,12,2014-04-01,2015-03-31,0
2015-05-08,53340,2014-03-31,,329758000000,0.089,,,,,51661000000,1.175,54960000000,0.986,32704000000,,0.564,150.26,,0.115,0.133,0.157,,458148000000,302793000000,0.656,1381.38,300634000000,54697000000,-61148000000,24123000000,68966000000,,0.186,,,,,,true,false,12,2013-04-01,2014-03-31,-1
2015-05-08,53340,2016-03-31,,190800000000,0.129,,,,,30900000000,0.055,32900000000,0.005,21300000000,,0.304,97.88,,,,,,,,,,,,,,,,,,,,,,true,true,6,2015-04-01,2015-09-30,1
2015-05-08,53340,2016-03-31,,394500000000,0.135,,,,,67000000000,0.077,71000000000,0.046,46000000000,,0.252,211.37,,,,,,,,,,,,,,,,0.199,,,,,,true,true,12,2015-04-01,2016-03-31,1
2015-05-08,53340,2015-03-31,,278166000000,0.044,,,,,49584000000,0.066,58313000000,0.137,31791000000,,0.024,146.08,,,,,,405197000000,284861000000,0.703,1308.96,284861000000,,,,,36.00,,,,223544820,5921224,217626031,false,false,12,2014-04-01,2015-03-31,0
2015-05-08,53340,2014-03-31,,266468000000,0.209,,,,,46531000000,1.628,51283000000,1.451,31049000000,,0.973,142.66,,,,,,384028000000,252447000000,0.657,1159.97,252447000000,,,,,28.00,,,,223544820,5911360,217648082,false,false,12,2013-04-01,2014-03-31,-1
2015-05-08,53340,2016-03-31,,,,,,,,,,,,,,,,,,,,,,,,,,,,,,42.00,,,,,,,false,true,12,2015-04-01,2016-03-31,1
2015-07-31,53340,2016-03-31,1,94048000000,0.112,,,,,17605000000,0.169,19208000000,0.235,,12510000000,,57.49,,,,,,508539000000,358323000000,0.700,,355913000000,,,,,,,,,,,,true,false,3,2015-04-01,2015-06-30,0
2015-07-31,53340,2015-03-31,1,84571000000,0.029,,,,,15064000000,0.393,15553000000,0.294,,10118000000,,46.49,,,,,,,,,,,,,,,,,,,,,,true,false,3,2014-04-01,2014-06-30,-1
2015-07-31,53340,2016-03-31,1,190800000000,0.129,,,,,30900000000,0.055,32900000000,0.005,,21300000000,,97.88,,,,,,,,,,,,,,,,,,,,,,true,true,6,2015-04-01,2015-09-30,0
2015-07-31,53340,2016-03-31,1,394500000000,0.135,,,,,67000000000,0.077,71000000000,0.046,,46000000000,,211.37,,,,,,,,,,,,,,,,,,,,,,true,true,12,2015-04-01,2016-03-31,0
2015-07-31,53340,2015-03-31,1,,,,,,,,,,,,,,,,,,,,485497000000,343380000000,0.702,,340972000000,,,,,,,,,,,,true,false,12,2014-04-01,2015-03-31,-1
2015-07-31,53340,2015-03-31,1,,,,,,,,,,,,,,,,,,,,,,,,,,,,,36.00,,,,223544820,5921224,,false,false,12,2014-04-01,2015-03-31,-1
2015-07-31,53340,2016-03-31,1,,,,,,,,,,,,,,,,,,,,,,,,,,,,,42.00,,,,,,,false,true,12,2015-04-01,2016-03-31,0
2015-07-31,53340,2016-03-31,1,,,,,,,,,,,,,,,,,,,,,,,,,,,,,,,,,223544820,5922104,217622952,false,false,3,2015-04-01,2015-06-30,0
2015-07-31,53340,2015-03-31,1,,,,,,,,,,,,,,,,,,,,,,,,,,,,,,,,,,,217631126,false,false,3,2014-04-01,2014-06-30,-1
2015-09-28,53340,2016-03-31,,190800000000,,,,,,30900000000,,32900000000,,11100000000,,-0.479,51.01,,,,,,,,,,,,,,,,,,,,,,true,true,6,2015-04-01,2015-09-30,0
2015-09-28,53340,2015-03-31,,169004000000,,,,,,29277000000,,32750000000,,16335000000,,,75.06,,,,,,,,,,,,,,,,,,,,,,true,false,6,2014-04-01,2014-09-30,-1
2015-10-30,53340,2016-03-31,2,191997000000,0.136,,,,,33971000000,0.160,33761000000,0.031,,12628000000,,58.03,,,,,,508980000000,342823000000,0.670,,340767000000,,,,,,,,,,,,true,false,6,2015-04-01,2015-09-30,0
2015-10-30,53340,2015-03-31,2,169004000000,0.042,,,,,29277000000,0.255,32750000000,0.328,,16335000000,,75.06,,,,,,,,,,,,,,,,,,,,,,true,false,6,2014-04-01,2014-09-30,-1
2015-10-30,53340,2016-03-31,2,391500000000,0.126,,,,,68000000000,0.093,69500000000,0.023,36000000000,,-0.020,165.42,,,,,,,,,,,,,,,,,,,,,,true,true,12,2015-04-01,2016-03-31,0
2015-10-30,53340,2015-03-31,2,,,,,,,,,,,,,,,,,,,,485497000000,343380000000,0.702,,340972000000,,,,,,,,,,,,true,false,12,2014-04-01,2015-03-31,-1
2015-10-30,53340,2015-03-31,2,,,,,,,,,,,,,,,,,,,,,,,,,,,,,36.00,,,,223544820,5921224,,false,false,12,2014-04-01,2015-03-31,-1
2015-10-30,53340,2016-03-31,2,,,,,,,,,,,,,,,,,,,,,,,,,,,,,21.00,,,,,,,false,false,12,2015-04-01,2016-03-31,0
2015-10-30,53340,2016-03-31,2,,,,,,,,,,,,,,,,,,,,,,,,,,,,,42.00,,,,,,,false,true,12,2015-04-01,2016-03-31,0
2015-10-30,53340,2016-03-31,2,,,,,,,,,,,,,,,,,,,,,,,,,,,,,,,,,223544820,5922429,217622714,false,false,6,2015-04-01,2015-09-30,0
2015-10-30,53340,2015-03-31,2,,,,,,,,,,,,,,,,,,,,,,,,,,,,,,,,,,,217628171,false,false,6,2014-04-01,2014-09-30,-1
2015-10-30,53340,2016-03-31,,391500000000,-0.008,,,,,68000000000,0.015,69500000000,-0.021,,36000000000,,165.42,,,,,,,,,,,,,,,,,,,,,,true,true,12,2015-04-01,2016-03-31,0
2015-10-30,53340,2015-03-31,,347636000000,,,,,,62196000000,,67907000000,,,36753000000,,168.88,,,,,,,,,,,,,,,,,,,,,,true,false,12,2014-04-01,2015-03-31,-1
2016-01-29,53340,2016-03-31,3,287913000000,0.117,,,,,51737000000,0.111,52143000000,-0.017,,25578000000,,117.54,,,,,,535976000000,355308000000,0.659,,353158000000,,,,,,,,,,,,true,false,9,2015-04-01,2015-12-31,0
2016-01-29,53340,2015-03-31,3,257864000000,0.051,,,,,46572000000,0.255,53055000000,0.296,,29781000000,,136.85,,,,,,,,,,,,,,,,,,,,,,true,false,9,2014-04-01,2014-12-31,-1
2016-01-29,53340,2016-03-31,3,391500000000,0.126,,,,,68000000000,0.093,69500000000,0.023,,36000000000,,165.42,,,,,,,,,,,,,,,,,,,,,,true,true,12,2015-04-01,2016-03-31,0
2016-01-29,53340,2015-03-31,3,,,,,,,,,,,,,,,,,,,,485497000000,343380000000,0.702,,340972000000,,,,,,,,,,,,true,false,12,2014-04-01,2015-03-31,-1
2016-01-29,53340,2015-03-31,3,,,,,,,,,,,,,,,,,,,,,,,,,,,,,36.00,,,,223544820,5921224,,false,false,12,2014-04-01,2015-03-31,-1
2016-01-29,53340,2016-03-31,3,,,,,,,,,,,,,,,,,,,,,,,,,,,,,21.00,,,,,,,false,false,12,2015-04-01,2016-03-31,0
2016-01-29,53340,2016-03-31,3,,,,,,,,,,,,,,,,,,,,,,,,,,,,,42.00,,,,,,,false,true,12,2015-04-01,2016-03-31,0
2016-01-29,53340,2016-03-31,3,,,,,,,,,,,,,,,,,,,,,,,,,,,,,,,,,223544820,5923055,217622519,false,false,9,2015-04-01,2015-12-31,0
2016-01-29,53340,2015-03-31,3,,,,,,,,,,,,,,,,,,,,,,,,,,,,,,,,,,,217626786,false,false,9,2014-04-01,2014-12-31,-1
2016-05-09,53340,2016-03-31,,383272000000,0.103,,,,,66279000000,0.066,64478000000,-0.050,,30815000000,,141.60,,0.091,0.127,0.173,,526160000000,341044000000,0.644,1557.16,338870000000,56465000000,-82331000000,25121000000,71155000000,,0.297,,,,,,true,false,12,2015-04-01,2016-03-31,0
2016-05-09,53340,2015-03-31,,347636000000,0.054,,,,,62196000000,0.204,67907000000,0.236,,36753000000,,168.88,,0.114,0.144,0.179,,485497000000,343380000000,0.702,1566.80,340972000000,36593000000,-12865000000,-18745000000,75540000000,,0.213,,,,,,true,false,12,2014-04-01,2015-03-31,-1
2016-05-09,53340,2017-03-31,,182000000000,-0.052,,,,,19000000000,-0.441,20400000000,-0.396,,13700000000,,62.95,,,,,,,,,,,,,,,,,,,,,,true,true,6,2016-04-01,2016-09-30,1
2016-05-09,53340,2017-03-31,,369800000000,-0.035,,,,,42500000000,-0.359,45300000000,-0.297,,30500000000,,140.15,,,,,,,,,,,,,,,,0.300,,,,,,true,true,12,2016-04-01,2017-03-31,1
2016-05-09,53340,2016-03-31,,279161000000,0.004,,,,,44607000000,-0.100,48379000000,-0.170,20162000000,,-0.366,92.65,,,,,,438665000000,289100000000,0.659,1328.46,289100000000,,,,,42.00,,,,223544820,5923363,217622284,false,false,12,2015-04-01,2016-03-31,0
2016-05-09,53340,2015-03-31,,278166000000,0.044,,,,,49584000000,0.066,58313000000,0.137,31791000000,,0.024,146.08,,,,,,405197000000,284861000000,0.703,1308.96,284861000000,,,,,36.00,,,,223544820,5921224,217626031,false,false,12,2014-04-01,2015-03-31,-1
2016-05-09,53340,2017-03-31,,,,,,,,,,,,,,,,,,,,,,,,,,,,,,42.00,,,,,,,false,true,12,2016-04-01,2017-03-31,1
2016-07-29,53340,2017-03-31,1,91118000000,-0.031,,,,,15662000000,-0.110,11890000000,-0.381,,7458000000,,34.27,,,,,,515973000000,331510000000,0.638,,329429000000,,,,,,,,,,,,true,false,3,2016-04-01,2016-06-30,0
2016-07-29,53340,2016-03-31,1,94048000000,0.112,,,,,17595000000,0.168,19198000000,0.234,,12500000000,,57.44,,,,,,,,,,,,,,,,,,,,,,true,false,3,2015-04-01,2015-06-30,-1
2016-07-29,53340,2017-03-31,1,182000000000,-0.052,,,,,19000000000,-0.441,20400000000,-0.396,,13700000000,,62.95,,,,,,,,,,,,,,,,,,,,,,true,true,6,2016-04-01,2016-09-30,0
2016-07-29,53340,2017-03-31,1,369800000000,-0.035,,,,,42500000000,-0.359,45300000000,-0.297,,30500000000,,140.15,,,,,,,,,,,,,,,,,,,,,,true,true,12,2016-04-01,2017-03-31,0
2016-07-29,53340,2016-03-31,1,,,,,,,,,,,,,,,,,,,,526103000000,341044000000,0.644,,338870000000,,,,,,,,,,,,true,false,12,2015-04-01,2016-03-31,-1
2016-07-29,53340,2016-03-31,1,,,,,,,,,,,,,,,,,,,,,,,,,,,,,42.00,,,,223544820,5923363,,false,false,12,2015-04-01,2016-03-31,-1
2016-07-29,53340,2017-03-31,1,,,,,,,,,,,,,,,,,,,,,,,,,,,,,42.00,,,,,,,false,true,12,2016-04-01,2017-03-31,0
2016-07-29,53340,2017-03-31,1,,,,,,,,,,,,,,,,,,,,,,,,,,,,,,,,,223544820,5923402,217621418,false,false,3,2016-04-01,2016-06-30,0
2016-07-29,53340,2016-03-31,1,,,,,,,,,,,,,,,,,,,,,,,,,,,,,,,,,,,217622952,false,false,3,2015-04-01,2015-06-30,-1
2016-10-31,53340,2017-03-31,2,180310000000,-0.061,,,,,26530000000,-0.218,23002000000,-0.317,,15464000000,,71.44,,,,,,527548000000,332857000000,0.627,,330848000000,,,,,,,,,,,,true,false,6,2016-04-01,2016-09-30,0
2016-10-31,53340,2016-03-31,2,191997000000,0.136,,,,,33911000000,0.158,33701000000,0.029,,12637000000,,58.07,,,,,,,,,,,,,,,,,,,,,,true,false,6,2015-04-01,2015-09-30,-1
2016-10-31,53340,2017-03-31,2,350800000000,-0.085,,,,,47100000000,-0.289,44300000000,-0.313,,30000000000,,138.58,,,,,,,,,,,,,,,,,,,,,,true,true,12,2016-04-01,2017-03-31,0
2016-10-31,53340,2016-03-31,2,,,,,,,,,,,,,,,,,,,,526103000000,341044000000,0.644,,338870000000,,,,,,,,,,,,true,false,12,2015-04-01,2016-03-31,-1
2016-10-31,53340,2016-03-31,2,,,,,,,,,,,,,,,,,,,,,,,,,,,,,42.00,,,,223544820,5923363,,false,false,12,2015-04-01,2016-03-31,-1
2016-10-31,53340,2017-03-31,2,,,,,,,,,,,,,,,,,,,,,,,,,,,,,21.00,,,,,,,false,false,12,2016-04-01,2017-03-31,0
2016-10-31,53340,2017-03-31,2,,,,,,,,,,,,,,,,,,,,,,,,,,,,,42.00,,,,,,,false,true,12,2016-04-01,2017-03-31,0
2016-10-31,53340,2017-03-31,2,,,,,,,,,,,,,,,,,,,,,,,,,,,,,,,,,223544820,9945178,216475549,false,false,6,2016-04-01,2016-09-30,0
2016-10-31,53340,2016-03-31,2,,,,,,,,,,,,,,,,,,,,,,,,,,,,,,,,,,,217622714,false,false,6,2015-04-01,2015-09-30,-1
2017-01-30,53340,2017-03-31,3,272918000000,-0.052,,,,,39377000000,-0.237,41968000000,-0.193,,31052000000,,144.39,,,,,,568769000000,363234000000,0.634,,360879000000,,,,,,,,,,,,true,false,9,2016-04-01,2016-12-31,0
2017-01-30,53340,2016-03-31,3,287913000000,0.117,,,,,51627000000,0.109,52034000000,-0.019,,25606000000,,117.66,,,,,,,,,,,,,,,,,,,,,,true,false,9,2015-04-01,2015-12-31,-1
2017-01-30,53340,2017-03-31,3,350800000000,-0.085,,,,,47100000000,-0.289,44300000000,-0.313,,30000000000,,138.58,,,,,,,,,,,,,,,,,,,,,,true,true,12,2016-04-01,2017-03-31,0
2017-01-30,53340,2016-03-31,3,,,,,,,,,,,,,,,,,,,,526103000000,341044000000,0.644,,338870000000,,,,,,,,,,,,true,false,12,2015-04-01,2016-03-31,-1
2017-01-30,53340,2016-03-31,3,,,,,,,,,,,,,,,,,,,,,,,,,,,,,42.00,,,,223544820,5923363,,false,false,12,2015-04-01,2016-03-31,-1
2017-01-30,53340,2017-03-31,3,,,,,,,,,,,,,,,,,,,,,,,,,,,,,21.00,,,,,,,false,false,12,2016-04-01,2017-03-31,0
2017-01-30,53340,2017-03-31,3,,,,,,,,,,,,,,,,,,,,,,,,,,,,,42.00,,,,,,,false,true,12,2016-04-01,2017-03-31,0
2017-01-30,53340,2017-03-31,3,,,,,,,,,,,,,,,,,,,,,,,,,,,,,,,,,223544820,11320221,215058581,false,false,9,2016-04-01,2016-12-31,0
2017-01-30,53340,2016-03-31,3,,,,,,,,,,,,,,,,,,,,,,,,,,,,,,,,,,,217622519,false,false,9,2015-04-01,2015-12-31,-1
2017-05-09,53340,2017-03-31,,372919000000,-0.027,,,,,53595000000,-0.191,55559000000,-0.138,,25602000000,,119.44,,0.074,0.102,0.144,,563801000000,354710000000,0.625,1660.06,352305000000,49764000000,-53410000000,-544000000,65817000000,,0.352,,,,,,true,false,12,2016-04-01,2017-03-31,0
2017-05-09,53340,2016-03-31,,383272000000,0.103,,,,,66284000000,0.066,64483000000,-0.050,,30815000000,,141.60,,0.091,0.127,0.173,,526103000000,341044000000,0.644,1557.16,338870000000,56465000000,-82331000000,25121000000,71155000000,,0.297,,,,,,true,false,12,2015-04-01,2016-03-31,-1
2017-05-09,53340,2018-03-31,,188500000000,0.045,,,,,24700000000,-0.069,25400000000,0.104,,17300000000,,81.52,,,,,,,,,,,,,,,,,,,,,,true,true,6,2017-04-01,2017-09-30,1
2017-05-09,53340,2018-03-31,,384900000000,0.032,,,,,53400000000,-0.004,55900000000,0.006,,38200000000,,180.00,,,,,,,,,,,,,,,,0.300,,,,,,true,true,12,2017-04-01,2018-03-31,1
2017-05-09,53340,2017-03-31,,269235000000,-0.036,,,,,31728000000,-0.289,27324000000,-0.435,5053000000,,-0.749,23.58,,,,,,443911000000,266424000000,0.600,1255.39,266424000000,,,,,42.00,,,,223544820,11320756,214349967,false,false,12,2016-04-01,2017-03-31,0
2017-05-09,53340,2016-03-31,,279161000000,0.004,,,,,44607000000,-0.100,48379000000,-0.170,20162000000,,-0.366,92.65,,,,,,438665000000,289100000000,0.659,1328.46,289100000000,,,,,42.00,,,,223544820,5923363,217622284,false,false,12,2015-04-01,2016-03-31,-1
2017-05-09,53340,2018-03-31,,,,,,,,,,,,,,,,,,,,,,,,,,,,,,54.00,,,,,,,false,true,12,2017-04-01,2018-03-31,1
2017-07-31,53340,2018-03-31,1,97862000000,0.074,,,,,16132000000,0.030,17114000000,0.439,,11147000000,,52.23,,,,,,565241000000,362963000000,0.638,,360547000000,,,,,,,,,,,,true,false,3,2017-04-01,2017-06-30,0
2017-07-31,53340,2017-03-31,1,91118000000,-0.031,,,,,15662000000,-0.110,11890000000,-0.381,,7458000000,,34.27,,,,,,,,,,,,,,,,,,,,,,true,false,3,2016-04-01,2016-06-30,-1
2017-07-31,53340,2018-03-31,1,188500000000,0.045,,,,,24700000000,-0.069,25400000000,0.104,,17300000000,,81.52,,,,,,,,,,,,,,,,,,,,,,true,true,6,2017-04-01,2017-09-30,0
2017-07-31,53340,2018-03-31,1,384900000000,0.032,,,,,53400000000,-0.004,55900000000,0.006,,38200000000,,180.00,,,,,,,,,,,,,,,,,,,,,,true,true,12,2017-04-01,2018-03-31,0
2017-07-31,53340,2017-03-31,1,,,,,,,,,,,,,,,,,,,,563801000000,354710000000,0.625,,352305000000,,,,,,,,,,,,true,false,12,2016-04-01,2017-03-31,-1
2017-07-31,53340,2017-03-31,1,,,,,,,,,,,,,,,,,,,,,,,,,,,,,42.00,,,,223544820,11320756,,false,false,12,2016-04-01,2017-03-31,-1
2017-07-31,53340,2018-03-31,1,,,,,,,,,,,,,,,,,,,,,,,,,,,,,54.00,,,,,,,false,true,12,2017-04-01,2018-03-31,0
2017-07-31,53340,2018-03-31,1,,,,,,,,,,,,,,,,,,,,,,,,,,,,,,,,,223544820,11320776,212224051,false,false,3,2017-04-01,2017-06-30,0
2017-07-31,53340,2017-03-31,1,,,,,,,,,,,,,,,,,,,,,,,,,,,,,,,,,,,217621418,false,false,3,2016-04-01,2016-06-30,-1
2017-09-25,53340,2018-03-31,,198000000000,0.050,,,,,32400000000,0.312,33500000000,0.319,,21000000000,,99.15,,,,,,,,,,,,,,,,,,,,,,true,true,6,2017-04-01,2017-09-30,0
2017-09-25,53340,2017-03-31,,180310000000,,,,,,26530000000,,23002000000,,,15464000000,,71.44,,,,,,,,,,,,,,,,,,,,,,true,false,6,2016-04-01,2016-09-30,-1
2017-10-30,53340,2018-03-31,2,198559000000,0.101,,,,,32483000000,0.224,34762000000,0.511,,22429000000,,105.76,,,,,,592890000000,379536000000,0.636,,377063000000,,,,,,,,,,,,true,false,6,2017-04-01,2017-09-30,0
2017-10-30,53340,2017-03-31,2,180310000000,-0.061,,,,,26530000000,-0.218,23002000000,-0.317,,15464000000,,71.44,,,,,,,,,,,,,,,,,,,,,,true,false,6,2016-04-01,2016-09-30,-1
2017-10-30,53340,2018-03-31,2,408200000000,0.095,,,,,66400000000,0.239,70500000000,0.269,,47000000000,,221.92,,,,,,,,,,,,,,,,,,,,,,true,true,12,2017-04-01,2018-03-31,0
2017-10-30,53340,2017-03-31,2,,,,,,,,,,,,,,,,,,,,563801000000,354710000000,0.625,,352305000000,,,,,,,,,,,,true,false,12,2016-04-01,2017-03-31,-1
2017-10-30,53340,2017-03-31,2,,,,,,,,,,,,,,,,,,,,,,,,,,,,,42.00,,,,223544820,11320756,,false,false,12,2016-04-01,2017-03-31,-1
2017-10-30,53340,2018-03-31,2,,,,,,,,,,,,,,,,,,,,,,,,,,,,,30.00,,,,,,,false,false,12,2017-04-01,2018-03-31,0
2017-10-30,53340,2018-03-31,2,,,,,,,,,,,,,,,,,,,,,,,,,,,,,60.00,,,,,,,false,true,12,2017-04-01,2018-03-31,0
2017-10-30,53340,2018-03-31,2,,,,,,,,,,,,,,,,,,,,,,,,,,,,,,,,,212544820,754307,212079554,false,false,6,2017-04-01,2017-09-30,0
2017-10-30,53340,2017-03-31,2,,,,,,,,,,,,,,,,,,,,,,,,,,,,,,,,,,,216475549,false,false,6,2016-04-01,2016-09-30,-1
2017-10-30,53340,2018-03-31,,408200000000,0.061,,,,,66400000000,0.243,70500000000,0.261,,47000000000,,221.92,,,,,,,,,,,,,,,,,,,,,,true,true,12,2017-04-01,2018-03-31,0
2017-10-30,53340,2017-03-31,,372919000000,,,,,,53595000000,,55559000000,,,25602000000,,119.44,,,,,,,,,,,,,,,,,,,,,,true,false,12,2016-04-01,2017-03-31,-1
2018-01-31,53340,2018-03-31,3,303801000000,0.113,,,,,50801000000,0.290,54599000000,0.301,,34607000000,,163.26,,,,,,610371000000,393065000000,0.640,,390410000000,,,,,,,,,,,,true,false,9,2017-04-01,2017-12-31,0
2018-01-31,53340,2017-03-31,3,272918000000,-0.052,,,,,39377000000,-0.237,41968000000,-0.193,,31052000000,,144.39,,,,,,,,,,,,,,,,,,,,,,true,false,9,2016-04-01,2016-12-31,-1
2018-01-31,53340,2018-03-31,3,408200000000,0.095,,,,,66400000000,0.239,70500000000,0.269,,47000000000,,221.92,,,,,,,,,,,,,,,,,,,,,,true,true,12,2017-04-01,2018-03-31,0
2018-01-31,53340,2017-03-31,3,,,,,,,,,,,,,,,,,,,,563801000000,354710000000,0.625,,352305000000,,,,,,,,,,,,true,false,12,2016-04-01,2017-03-31,-1
2018-01-31,53340,2017-03-31,3,,,,,,,,,,,,,,,,,,,,,,,,,,,,,42.00,,,,223544820,11320756,,false,false,12,2016-04-01,2017-03-31,-1
2018-01-31,53340,2018-03-31,3,,,,,,,,,,,,,,,,,,,,,,,,,,,,,30.00,,,,,,,false,false,12,2017-04-01,2018-03-31,0
2018-01-31,53340,2018-03-31,3,,,,,,,,,,,,,,,,,,,,,,,,,,,,,60.00,,,,,,,false,true,12,2017-04-01,2018-03-31,0
2018-01-31,53340,2018-03-31,3,,,,,,,,,,,,,,,,,,,,,,,,,,,,,,,,,212544820,754813,211983102,false,false,9,2017-04-01,2017-12-31,0
2018-01-31,53340,2017-03-31,3,,,,,,,,,,,,,,,,,,,,,,,,,,,,,,,,,,,215058581,false,false,9,2016-04-01,2016-12-31,-1
2018-04-27,53340,2018-03-31,,409912000000,0.099,,,,,67279000000,0.255,69094000000,0.244,,44335000000,,209.37,,0.120,0.118,0.164,,607769000000,388115000000,0.635,1837.46,385661000000,65707000000,-26422000000,-18043000000,87378000000,,0.287,,,,,,true,false,12,2017-04-01,2018-03-31,0
2018-04-27,53340,2017-03-31,,372919000000,-0.027,,,,,53595000000,-0.191,55559000000,-0.138,,25602000000,,119.44,,0.074,0.102,0.144,,563801000000,354710000000,0.625,1660.06,352305000000,49764000000,-53410000000,-544000000,65817000000,,0.352,,,,,,true,false,12,2016-04-01,2017-03-31,-1
2018-04-27,53340,2019-03-31,,214000000000,0.078,,,,,34500000000,0.062,36000000000,0.036,,25200000000,,121.22,,,,,,,,,,,,,,,,,,,,,,true,true,6,2018-04-01,2018-09-30,1
2018-04-27,53340,2019-03-31,,436000000000,0.064,,,,,72000000000,0.070,75000000000,0.085,,52500000000,,252.54,,,,,,,,,,,,,,,,0.277,,,,,,true,true,12,2018-04-01,2019-03-31,1
2018-04-27,53340,2018-03-31,,297510000000,0.105,,,,,47031000000,0.482,56561000000,1.070,36248000000,,6.172,171.18,,,,,,474634000000,289551000000,0.610,1379.55,289551000000,,,,,60.00,,,,212544820,2655888,211758411,false,false,12,2017-04-01,2018-03-31,0
2018-04-27,53340,2017-03-31,,269235000000,-0.036,,,,,31728000000,-0.289,27324000000,-0.435,5053000000,,-0.749,23.58,,,,,,443911000000,266424000000,0.600,1255.39,266424000000,,,,,42.00,,,,223544820,11320756,214349967,false,false,12,2016-04-01,2017-03-31,-1
2018-04-27,53340,2019-03-31,,,,,,,,,,,,,,,,,,,,,,,,,,,,,,70.00,,,,,,,false,true,12,2018-04-01,2019-03-31,1
2018-07-30,53340,2019-03-31,1,106931000000,0.093,,,,,19037000000,0.180,19931000000,0.165,,13754000000,,65.97,,,,,,606831000000,386337000000,0.633,,384069000000,,,,,,,,,,,,true,false,3,2018-04-01,2018-06-30,0
2018-07-30,53340,2018-03-31,1,97862000000,0.074,,,,,16132000000,0.030,17114000000,0.439,,11147000000,,52.53,,,,,,,,,,,,,,,,,,,,,,true,false,3,2017-04-01,2017-06-30,-1
2018-07-30,53340,2019-03-31,1,214000000000,0.078,,,,,34500000000,0.062,36000000000,0.036,,25200000000,,121.22,,,,,,,,,,,,,,,,,,,,,,true,true,6,2018-04-01,2018-09-30,0
2018-07-30,53340,2019-03-31,1,436000000000,0.064,,,,,72000000000,0.070,75000000000,0.085,,52500000000,,252.54,,,,,,,,,,,,,,,,,,,,,,true,true,12,2018-04-01,2019-03-31,0
2018-07-30,53340,2018-03-31,1,,,,,,,,,,,,,,,,,,,,599972000000,388115000000,0.643,,385661000000,,,,,,,,,,,,true,false,12,2017-04-01,2018-03-31,-1
2018-07-30,53340,2018-03-31,1,,,,,,,,,,,,,,,,,,,,,,,,,,,,,60.00,,,,212544820,2655888,,false,false,12,2017-04-01,2018-03-31,-1
2018-07-30,53340,2019-03-31,1,,,,,,,,,,,,,,,,,,,,,,,,,,,,,70.00,,,,,,,false,true,12,2018-04-01,2019-03-31,0
2018-07-30,53340,2019-03-31,1,,,,,,,,,,,,,,,,,,,,,,,,,,,,,,,,,208911620,747212,208505118,false,false,3,2018-04-01,2018-06-30,0
2018-07-30,53340,2018-03-31,1,,,,,,,,,,,,,,,,,,,,,,,,,,,,,,,,,,,212224051,false,false,3,2017-04-01,2017-06-30,-1
2018-10-29,53340,2019-03-31,2,209371000000,0.054,,,,,32877000000,0.012,33893000000,-0.025,,24338000000,,116.82,,,,,,601015000000,400388000000,0.662,,398039000000,,,,,,,,,,,,true,false,6,2018-04-01,2018-09-30,0
2018-10-29,53340,2018-03-31,2,198559000000,0.101,,,,,32483000000,0.224,34762000000,0.511,,22429000000,,105.76,,,,,,,,,,,,,,,,,,,,,,true,false,6,2017-04-01,2017-09-30,-1
2018-10-29,53340,2019-03-31,2,434000000000,0.059,,,,,67000000000,-0.004,69600000000,0.007,,49500000000,,237.78,,,,,,,,,,,,,,,,,,,,,,true,true,12,2018-04-01,2019-03-31,0
2018-10-29,53340,2018-03-31,2,,,,,,,,,,,,,,,,,,,,599972000000,388115000000,0.643,,385661000000,,,,,,,,,,,,true,false,12,2017-04-01,2018-03-31,-1
2018-10-29,53340,2018-03-31,2,,,,,,,,,,,,,,,,,,,,,,,,,,,,,60.00,,,,212544820,2655888,,false,false,12,2017-04-01,2018-03-31,-1
2018-10-29,53340,2019-03-31,2,,,,,,,,,,,,,,,,,,,,,,,,,,,,,35.00,,,,,,,false,false,12,2018-04-01,2019-03-31,0
2018-10-29,53340,2019-03-31,2,,,,,,,,,,,,,,,,,,,,,,,,,,,,,70.00,,,,,,,false,true,12,2018-04-01,2019-03-31,0
2018-10-29,53340,2019-03-31,2,,,,,,,,,,,,,,,,,,,,,,,,,,,,,,,,,208911620,738758,208339010,false,false,6,2018-04-01,2018-09-30,0
2018-10-29,53340,2018-03-31,2,,,,,,,,,,,,,,,,,,,,,,,,,,,,,,,,,,,212079554,false,false,6,2017-04-01,2017-09-30,-1
2018-10-29,53340,2019-03-31,,434000000000,-0.005,,,,,67000000000,-0.069,69600000000,-0.072,,49500000000,,237.78,,,,,,,,,,,,,,,,,,,,,,true,true,12,2018-04-01,2019-03-31,0
2018-10-29,53340,2018-03-31,,409912000000,,,,,,67279000000,,69094000000,,,44335000000,,209.37,,,,,,,,,,,,,,,,,,,,,,true,false,12,2017-04-01,2018-03-31,-1
2019-01-30,53340,2019-03-31,3,316373000000,0.041,,,,,49008000000,-0.035,49155000000,-0.100,,35492000000,,170.40,,,,,,606165000000,393925000000,0.646,,391581000000,,,,,,,,,,,,true,false,9,2018-04-01,2018-12-31,0
2019-01-30,53340,2018-03-31,3,303801000000,0.113,,,,,50801000000,0.290,54599000000,0.301,,34607000000,,163.26,,,,,,,,,,,,,,,,,,,,,,true,false,9,2017-04-01,2017-12-31,-1
2019-01-30,53340,2019-03-31,3,434000000000,0.059,,,,,67000000000,-0.004,69600000000,0.007,,49500000000,,237.78,,,,,,,,,,,,,,,,,,,,,,true,true,12,2018-04-01,2019-03-31,0
2019-01-30,53340,2018-03-31,3,,,,,,,,,,,,,,,,,,,,599972000000,388115000000,0.643,,385661000000,,,,,,,,,,,,true,false,12,2017-04-01,2018-03-31,-1
2019-01-30,53340,2018-03-31,3,,,,,,,,,,,,,,,,,,,,,,,,,,,,,60.00,,,,212544820,2655888,,false,false,12,2017-04-01,2018-03-31,-1
2019-01-30,53340,2019-03-31,3,,,,,,,,,,,,,,,,,,,,,,,,,,,,,35.00,,,,,,,false,false,12,2018-04-01,2019-03-31,0
2019-01-30,53340,2019-03-31,3,,,,,,,,,,,,,,,,,,,,,,,,,,,,,70.00,,,,,,,false,true,12,2018-04-01,2019-03-31,0
2019-01-30,53340,2019-03-31,3,,,,,,,,,,,,,,,,,,,,,,,,,,,,,,,,,208911620,739140,208283558,false,false,9,2018-04-01,2018-12-31,0
2019-01-30,53340,2018-03-31,3,,,,,,,,,,,,,,,,,,,,,,,,,,,,,,,,,,,211983102,false,false,9,2017-04-01,2017-12-31,-1
2019-04-26,53340,2019-03-31,,425013000000,0.037,,,,,58672000000,-0.128,59545000000,-0.138,,42813000000,,205.58,,0.109,0.097,0.138,,628970000000,401683000000,0.635,1917.89,399251000000,43704000000,-48380000000,-8124000000,74250000000,,0.340,,,,,,true,false,12,2018-04-01,2019-03-31,0
2019-04-26,53340,2018-03-31,,409912000000,0.099,,,,,67279000000,0.255,69094000000,0.244,,44335000000,,209.37,,0.120,0.119,0.164,,599972000000,388115000000,0.643,1837.46,385661000000,65707000000,-26422000000,-18043000000,87378000000,,0.287,,,,,,true,false,12,2017-04-01,2018-03-31,-1
2019-04-26,53340,2020-03-31,,231579000000,0.106,,,,,28547000000,-0.132,30047000000,-0.114,,21818000000,,104.81,,,,,,,,,,,,,,,,,,,,,,true,true,6,2019-04-01,2019-09-30,1
2019-04-26,53340,2020-03-31,,471600000000,0.110,,,,,64200000000,0.094,67200000000,0.129,,48800000000,,234.42,,,,,,,,,,,,,,,,0.299,,,,,,true,true,12,2019-04-01,2020-03-31,1
2019-04-26,53340,2019-03-31,,313406000000,0.053,,,,,38494000000,-0.181,47080000000,-0.168,36470000000,,0.006,175.13,,,,,,491656000000,301185000000,0.613,1446.81,301185000000,,,,,70.00,,,,208911620,739357,208255767,false,false,12,2018-04-01,2019-03-31,0
2019-04-26,53340,2018-03-31,,297510000000,0.105,,,,,47031000000,0.482,56561000000,1.070,36248000000,,6.172,171.18,,,,,,474634000000,289551000000,0.610,1379.55,289551000000,,,,,60.00,,,,212544820,2655888,211758411,false,false,12,2017-04-01,2018-03-31,-1
2019-04-26,53340,2020-03-31,,,,,,,,,,,,,,,,,,,,,,,,,,,,,,70.00,,,,,,,false,true,12,2019-04-01,2020-03-31,1
2019-07-29,53340,2020-03-31,1,108523000000,0.015,,,,,15451000000,-0.188,14123000000,-0.291,,9832000000,,47.24,,,,,,650002000000,399167000000,0.610,,396749000000,,,,,,,,,,,,true,false,3,2019-04-01,2019-06-30,0
2019-07-29,53340,2019-03-31,1,106931000000,0.093,,,,,19037000000,0.180,19931000000,0.165,,13754000000,,65.97,,,,,,,,,,,,,,,,,,,,,,true,false,3,2018-04-01,2018-06-30,-1
2019-07-29,53340,2020-03-31,1,231579000000,0.106,,,,,28547000000,-0.132,30047000000,-0.114,,21818000000,,104.81,,,,,,,,,,,,,,,,,,,,,,true,true,6,2019-04-01,2019-09-30,0
2019-07-29,53340,2020-03-31,1,471600000000,0.110,,,,,64200000000,0.094,67200000000,0.129,,48800000000,,234.42,,,,,,,,,,,,,,,,,,,,,,true,true,12,2019-04-01,2020-03-31,0
2019-07-29,53340,2019-03-31,1,,,,,,,,,,,,,,,,,,,,628970000000,401683000000,0.635,,399251000000,,,,,,,,,,,,true,false,12,2018-04-01,2019-03-31,-1
2019-07-29,53340,2019-03-31,1,,,,,,,,,,,,,,,,,,,,,,,,,,,,,70.00,,,,208911620,739357,,false,false,12,2018-04-01,2019-03-31,-1
2019-07-29,53340,2020-03-31,1,,,,,,,,,,,,,,,,,,,,,,,,,,,,,70.00,,,,,,,false,true,12,2019-04-01,2020-03-31,0
2019-07-29,53340,2020-03-31,1,,,,,,,,,,,,,,,,,,,,,,,,,,,,,,,,,208911620,765579,208150945,false,false,3,2019-04-01,2019-06-30,0
2019-07-29,53340,2019-03-31,1,,,,,,,,,,,,,,,,,,,,,,,,,,,,,,,,,,,208505118,false,false,3,2018-04-01,2018-06-30,-1
2019-10-28,53340,2020-03-31,2,215499000000,0.029,,,,,26229000000,-0.202,24704000000,-0.271,,17655000000,,84.82,,,,,,653376000000,403847000000,0.614,,401433000000,,,,,,,,,,,,true,false,6,2019-04-01,2019-09-30,0
2019-10-28,53340,2019-03-31,2,209371000000,0.054,,,,,32877000000,0.012,33893000000,-0.025,,24338000000,,116.82,,,,,,,,,,,,,,,,,,,,,,true,false,6,2018-04-01,2018-09-30,-1
2019-10-28,53340,2020-03-31,2,433000000000,0.019,,,,,54000000000,-0.075,54000000000,-0.089,,39000000000,,187.36,,,,,,,,,,,,,,,,,,,,,,true,true,12,2019-04-01,2020-03-31,0
2019-10-28,53340,2019-03-31,2,,,,,,,,,,,,,,,,,,,,629417000000,401505000000,0.634,,399074000000,,,,,,,,,,,,true,false,12,2018-04-01,2019-03-31,-1
2019-10-28,53340,2019-03-31,2,,,,,,,,,,,,,,,,,,,,,,,,,,,,,70.00,,,,208911620,739357,,false,false,12,2018-04-01,2019-03-31,-1
2019-10-28,53340,2020-03-31,2,,,,,,,,,,,,,,,,,,,,,,,,,,,,,35.00,,,,,,,false,false,12,2019-04-01,2020-03-31,0
2019-10-28,53340,2020-03-31,2,,,,,,,,,,,,,,,,,,,,,,,,,,,,,70.00,,,,,,,false,true,12,2019-04-01,2020-03-31,0
2019-10-28,53340,2020-03-31,2,,,,,,,,,,,,,,,,,,,,,,,,,,,,,,,,,208911620,754054,208154285,false,false,6,2019-04-01,2019-09-30,0
2019-10-28,53340,2019-03-31,2,,,,,,,,,,,,,,,,,,,,,,,,,,,,,,,,,,,208339010,false,false,6,2018-04-01,2018-09-30,-1
2020-01-30,53340,2020-03-31,3,322711000000,0.020,,,,,37321000000,-0.238,38700000000,-0.213,,27373000000,,131.78,,,,,,667150000000,410933000000,0.610,,406918000000,,,,,,,,,,,,true,false,9,2019-04-01,2019-12-31,0
2020-01-30,53340,2019-03-31,3,316373000000,0.041,,,,,49008000000,-0.035,49155000000,-0.100,,35492000000,,170.40,,,,,,,,,,,,,,,,,,,,,,true,false,9,2018-04-01,2018-12-31,-1
2020-01-30,53340,2020-03-31,3,433000000000,0.019,,,,,54000000000,-0.075,54000000000,-0.089,,39000000000,,187.36,,,,,,,,,,,,,,,,,,,,,,true,true,12,2019-04-01,2020-03-31,0
2020-01-30,53340,2019-03-31,3,,,,,,,,,,,,,,,,,,,,629417000000,401505000000,0.634,,399074000000,,,,,,,,,,,,true,false,12,2018-04-01,2019-03-31,-1
2020-01-30,53340,2019-03-31,3,,,,,,,,,,,,,,,,,,,,,,,,,,,,,70.00,,,,208911620,739357,,false,false,12,2018-04-01,2019-03-31,-1
2020-01-30,53340,2020-03-31,3,,,,,,,,,,,,,,,,,,,,,,,,,,,,,35.00,,,,,,,false,false,12,2019-04-01,2020-03-31,0
2020-01-30,53340,2020-03-31,3,,,,,,,,,,,,,,,,,,,,,,,,,,,,,70.00,,,,,,,false,true,12,2019-04-01,2020-03-31,0
2020-01-30,53340,2020-03-31,3,,,,,,,,,,,,,,,,,,,,,,,,,,,,,,,,,208911620,3022818,207715720,false,false,9,2019-04-01,2019-12-31,0
2020-01-30,53340,2019-03-31,3,,,,,,,,,,,,,,,,,,,,,,,,,,,,,,,,,,,208283558,false,false,9,2018-04-01,2018-12-31,-1
2020-05-08,53340,2020-03-31,,426000000000,-0.016,,,,,46000000000,-0.148,44000000000,-0.185,,30000000000,,145.16,,,,,,,,,,,,,,,,,,,,,,true,true,12,2019-04-01,2020-03-31,0
2020-05-08,53340,2019-03-31,,425013000000,,,,,,58385000000,,59258000000,,,42638000000,,204.74,,,,,,,,,,,,,,,,,,,,,,true,false,12,2018-04-01,2019-03-31,-1
2020-05-25,53340,2020-03-31,,426207000000,0.003,,,,,46444000000,-0.205,44249000000,-0.253,,30116000000,,145.72,,0.077,0.070,0.109,,641300000000,389795000000,0.602,1897.79,386050000000,57285000000,-52325000000,9383000000,85989000000,,0.480,,,,,,true,false,12,2019-04-01,2020-03-31,0
2020-05-25,53340,2019-03-31,,425013000000,0.037,,,,,58385000000,-0.132,59258000000,-0.142,,42638000000,,204.74,,0.109,0.096,0.137,,629417000000,401505000000,0.634,1917.04,399074000000,43704000000,-48380000000,-8124000000,74250000000,,0.342,,,,,,true,false,12,2018-04-01,2019-03-31,-1
2020-05-25,53340,2020-03-31,,303244000000,-0.032,,,,,24781000000,-0.356,31906000000,-0.322,22158000000,,-0.392,107.22,,,,,,509624000000,292517000000,0.574,1437.99,292517000000,,,,,70.00,,,,204175320,754599,206665934,false,false,12,2019-04-01,2020-03-31,0
2020-05-25,53340,2019-03-31,,313406000000,0.053,,,,,38494000000,-0.181,47080000000,-0.168,36470000000,,0.006,175.13,,,,,,491656000000,301185000000,0.613,1446.81,301185000000,,,,,70.00,,,,208911620,739357,208255767,false,false,12,2018-04-01,2019-03-31,-1
2020-06-24,53340,2020-03-31,,,,,,,,48447000000,-0.124,,,,33698000000,,163.06,,,,,,663374000000,,,,,59787000000,-52926000000,7432000000,,,0.429,,,,,,true,false,12,2019-04-01,2020-03-31,0
2020-06-24,53340,2019-03-31,,,,,,,,55321000000,,,,,40515000000,,194.55,,,,,,651929000000,,,,,46430000000,-48883000000,-10291000000,,,0.360,,,,,,true,false,12,2018-04-01,2019-03-31,-1
2020-06-24,53340,2019-03-31,,,,,,,,,,,,,,,,,,,,,,,,,,,,,,70.00,,,,208911620,739357,208255767,false,false,12,2018-04-01,2019-03-31,-1
2020-06-24,53340,2020-03-31,,,,,,,,,,,,,,,,,,,,,,,,,,,,,,70.00,,,,204175320,754599,206665934,false,false,12,2019-04-01,2020-03-31,0
2020-08-06,53340,2021-03-31,1,,,,,,,1688000000,-0.895,,,,2615000000,,12.86,,,,,,692924000000,,,,,,,,,,,,,,,,true,false,3,2020-04-01,2020-06-30,0
2020-08-06,53340,2020-03-31,1,,,,,,,16143000000,,,,,10501000000,,50.45,,,,,,,,,,,,,,,,,,,,,,true,false,3,2019-04-01,2019-06-30,-1
2020-08-06,53340,2021-03-31,1,,,,,,,7900000000,,,,,7000000000,,34.41,,,,,,,,,,,,,,,,,,,,,,true,true,6,2020-04-01,2020-09-30,0
2020-08-06,53340,2021-03-31,1,,,,,,,33000000000,-0.319,,,,25000000000,,122.90,,,,,,,,,,,,,,,,,,,,,,true,true,12,2020-04-01,2021-03-31,0
2020-08-06,53340,2020-03-31,1,,,,,,,,,,,,,,,,,,,,663374000000,,,,,,,,,,,,,,,,true,false,12,2019-04-01,2020-03-31,-1
2020-08-06,53340,2020-03-31,1,,,,,,,,,,,,,,,,,,,,,,,,,,,,,70.00,,,,204175320,754599,,false,false,12,2019-04-01,2020-03-31,-1
2020-08-06,53340,2021-03-31,1,,,,,,,,,,,,,,,,,,,,,,,,,,,,,50.00,,,,,,,false,true,12,2020-04-01,2021-03-31,0
2020-08-06,53340,2021-03-31,1,,,,,,,,,,,,,,,,,,,,,,,,,,,,,,,,,204175320,742386,203424783,false,false,3,2020-04-01,2020-06-30,0
2020-08-06,53340,2020-03-31,1,,,,,,,,,,,,,,,,,,,,,,,,,,,,,,,,,,,208150945,false,false,3,2019-04-01,2019-06-30,-1
2020-10-15,53340,2021-03-31,,,,,,,,16000000000,1.025,,,,12000000000,,58.99,,,,,,,,,,,,,,,,,,,,,,true,true,6,2020-04-01,2020-09-30,0
2020-11-09,53340,2021-03-31,2,,,,,,,16754000000,-0.403,,,,12459000000,,61.25,,,,,,737677000000,,,,,,,,,,,,,,,,true,false,6,2020-04-01,2020-09-30,0
2020-11-09,53340,2020-03-31,2,,,,,,,28072000000,,,,,18758000000,,90.12,,,,,,,,,,,,,,,,,,,,,,true,false,6,2019-04-01,2019-09-30,-1
2020-11-09,53340,2021-03-31,2,,,,,,,48000000000,-0.009,,,,35000000000,,172.04,,,,,,,,,,,,,,,,,,,,,,true,true,12,2020-04-01,2021-03-31,0
2020-11-09,53340,2020-03-31,2,,,,,,,,,,,,,,,,,,,,663374000000,,,,,,,,,,,,,,,,true,false,12,2019-04-01,2020-03-31,-1
2020-11-09,53340,2020-03-31,2,,,,,,,,,,,,,,,,,,,,,,,,,,,,,70.00,,,,204175320,754599,,false,false,12,2019-04-01,2020-03-31,-1
2020-11-09,53340,2021-03-31,2,,,,,,,,,,,,,,,,,,,,,,,,,,,,,25.00,,,,,,,false,false,12,2020-04-01,2021-03-31,0
2020-11-09,53340,2021-03-31,2,,,,,,,,,,,,,,,,,,,,,,,,,,,,,50.00,,,,,,,false,true,12,2020-04-01,2021-03-31,0
2020-11-09,53340,2021-03-31,2,,,,,,,,,,,,,,,,,,,,,,,,,,,,,,,,,204175320,728762,203435585,false,false,6,2020-04-01,2020-09-30,0
2020-11-09,53340,2020-03-31,2,,,,,,,,,,,,,,,,,,,,,,,,,,,,,,,,,,,208154285,false,false,6,2019-04-01,2019-09-30,-1
2021-02-05,53340,2021-03-31,3,,,,,,,35762000000,-0.114,,,,26669000000,,131.09,,,,,,739140000000,,,,,,,,,,,,,,,,true,false,9,2020-04-01,2020-12-31,0
2021-02-05,53340,2020-03-31,3,,,,,,,40342000000,,,,,29251000000,,140.83,,,,,,,,,,,,,,,,,,,,,,true,false,9,2019-04-01,2019-12-31,-1
2021-02-05,53340,2021-03-31,3,,,,,,,48000000000,-0.009,,,,35000000000,,172.04,,,,,,,,,,,,,,,,,,,,,,true,true,12,2020-04-01,2021-03-31,0
2021-02-05,53340,2020-03-31,3,,,,,,,,,,,,,,,,,,,,663374000000,,,,,,,,,,,,,,,,true,false,12,2019-04-01,2020-03-31,-1
2021-02-05,53340,2020-03-31,3,,,,,,,,,,,,,,,,,,,,,,,,,,,,,70.00,,,,204175320,754599,,false,false,12,2019-04-01,2020-03-31,-1
2021-02-05,53340,2021-03-31,3,,,,,,,,,,,,,,,,,,,,,,,,,,,,,25.00,,,,,,,false,false,12,2020-04-01,2021-03-31,0
2021-02-05,53340,2021-03-31,3,,,,,,,,,,,,,,,,,,,,,,,,,,,,,50.00,,,,,,,false,true,12,2020-04-01,2021-03-31,0
2021-02-05,53340,2021-03-31,3,,,,,,,,,,,,,,,,,,,,,,,,,,,,,,,,,204175320,731786,203438869,false,false,9,2020-04-01,2020-12-31,0
2021-02-05,53340,2020-03-31,3,,,,,,,,,,,,,,,,,,,,,,,,,,,,,,,,,,,207715720,false,false,9,2019-04-01,2019-12-31,-1
2021-05-07,53340,2021-03-31,,278400000000,-0.082,,,,,19838000000,-0.199,31457000000,-0.014,27868000000,,0.258,136.99,,,,,,584312000000,316394000000,0.541,1555.20,316394000000,,,,,60.00,,,,204175320,732031,203439983,false,false,12,2020-04-01,2021-03-31,0
2021-05-07,53340,2020-03-31,,303244000000,-0.032,,,,,24781000000,-0.356,31906000000,-0.322,22158000000,,-0.392,107.22,,,,,,509624000000,292517000000,0.574,1437.99,292517000000,,,,,70.00,,,,204175320,754599,206665934,false,false,12,2019-04-01,2020-03-31,-1
2021-05-07,53340,2021-03-31,,,,,,,,47389000000,-0.022,,,,38367000000,,188.59,,,,,,771293000000,,,,,63397000000,-42523000000,28166000000,,,0.318,,,,,,true,false,12,2020-04-01,2021-03-31,0
2021-05-07,53340,2020-03-31,,,,,,,,48447000000,-0.124,,,,33698000000,,163.06,,,,,,663374000000,,,,,59787000000,-52926000000,7432000000,,,0.429,,,,,,true,false,12,2019-04-01,2020-03-31,-1
2021-05-07,53340,2022-03-31,,,,,,,,23048000000,0.376,,,,17248000000,,84.78,,,,,,,,,,,,,,,,,,,,,,true,true,6,2021-04-01,2021-09-30,1
2021-05-07,53340,2022-03-31,,,,,,,,50000000000,0.055,,,,37300000000,,183.34,,,,,,,,,,,,,,,,0.404,,,,,,true,true,12,2021-04-01,2022-03-31,1
2021-05-07,53340,2022-03-31,,,,,,,,,,,,,,,,,,,,,,,,,,,,,,74.00,,,,,,,false,true,12,2021-04-01,2022-03-31,1
2021-07-30,53340,2022-03-31,1,,,,,,,17296000000,9.246,,,,12583000000,,61.85,,,,,,766924000000,,,,,,,,,,,,,,,,true,false,3,2021-04-01,2021-06-30,0
2021-07-30,53340,2021-03-31,1,,,,,,,1688000000,-0.895,,,,2615000000,,12.86,,,,,,,,,,,,,,,,,,,,,,true,false,3,2020-04-01,2020-06-30,-1
2021-07-30,53340,2022-03-31,1,,,,,,,23048000000,0.376,,,,17248000000,,84.78,,,,,,,,,,,,,,,,,,,,,,true,true,6,2021-04-01,2021-09-30,0
2021-07-30,53340,2022-03-31,1,,,,,,,50000000000,0.055,,,,37300000000,,183.34,,,,,,,,,,,,,,,,,,,,,,true,true,12,2021-04-01,2022-03-31,0
2021-07-30,53340,2021-03-31,1,,,,,,,,,,,,,,,,,,,,771293000000,,,,,,,,,,,,,,,,true,false,12,2020-04-01,2021-03-31,-1
2021-07-30,53340,2021-03-31,1,,,,,,,,,,,,,,,,,,,,,,,,,,,,,60.00,,,,204175320,732031,,false,false,12,2020-04-01,2021-03-31,-1
2021-07-30,53340,2022-03-31,1,,,,,,,,,,,,,,,,,,,,,,,,,,,,,74.00,,,,,,,false,true,12,2021-04-01,2022-03-31,0
2021-07-30,53340,2022-03-31,1,,,,,,,,,,,,,,,,,,,,,,,,,,,,,,,,,204175320,663100,203466241,false,false,3,2021-04-01,2021-06-30,0
2021-07-30,53340,2021-03-31,1,,,,,,,,,,,,,,,,,,,,,,,,,,,,,,,,,,,203424783,false,false,3,2020-04-01,2020-06-30,-1
2021-09-27,53340,2022-03-31,,,,,,,,31000000000,0.345,,,,22000000000,,108.15,,,,,,,,,,,,,,,,,,,,,,true,true,6,2021-04-01,2021-09-30,0
2021-09-27,53340,2021-03-31,,,,,,,,16754000000,,,,,12459000000,,61.25,,,,,,,,,,,,,,,,,,,,,,true,false,6,2020-04-01,2020-09-30,-1
2021-10-27,53340,2022-03-31,2,,,,,,,33921000000,1.025,,,,25030000000,,123.05,,,,,,748300000000,,,,,,,,,,,,,,,,true,false,6,2021-04-01,2021-09-30,0
2021-10-27,53340,2021-03-31,2,,,,,,,16754000000,-0.403,,,,12459000000,,61.25,,,,,,,,,,,,,,,,,,,,,,true,false,6,2020-04-01,2020-09-30,-1
2021-10-27,53340,2022-03-31,2,,,,,,,68500000000,0.445,,,,48800000000,,239.88,,,,,,,,,,,,,,,,,,,,,,true,true,12,2021-04-01,2022-03-31,0
2021-10-27,53340,2021-03-31,2,,,,,,,,,,,,,,,,,,,,771293000000,,,,,,,,,,,,,,,,true,false,12,2020-04-01,2021-03-31,-1
2021-10-27,53340,2021-03-31,2,,,,,,,,,,,,,,,,,,,,,,,,,,,,,60.00,,,,204175320,732031,,false,false,12,2020-04-01,2021-03-31,-1
2021-10-27,53340,2022-03-31,2,,,,,,,,,,,,,,,,,,,,,,,,,,,,,48.00,,,,,,,false,false,12,2021-04-01,2022-03-31,0
2021-10-27,53340,2022-03-31,2,,,,,,,,,,,,,,,,,,,,,,,,,,,,,96.00,,,,,,,false,true,12,2021-04-01,2022-03-31,0
2021-10-27,53340,2022-03-31,2,,,,,,,,,,,,,,,,,,,,,,,,,,,,,,,,,204175320,888432,203425968,false,false,6,2021-04-01,2021-09-30,0
2021-10-27,53340,2021-03-31,2,,,,,,,,,,,,,,,,,,,,,,,,,,,,,,,,,,,203435585,false,false,6,2020-04-01,2020-09-30,-1
2022-01-31,53340,2022-03-31,3,,,,,,,54768000000,0.531,,,,42044000000,,206.73,,,,,,762509000000,,,,,,,,,,,,,,,,true,false,9,2021-04-01,2021-12-31,0
2022-01-31,53340,2021-03-31,3,,,,,,,35762000000,-0.114,,,,26669000000,,131.09,,,,,,,,,,,,,,,,,,,,,,true,false,9,2020-04-01,2020-12-31,-1
2022-01-31,53340,2022-03-31,3,,,,,,,81000000000,0.709,,,,60000000000,,294.99,,,,,,,,,,,,,,,,,,,,,,true,true,12,2021-04-01,2022-03-31,0
2022-01-31,53340,2021-03-31,3,,,,,,,,,,,,,,,,,,,,771293000000,,,,,,,,,,,,,,,,true,false,12,2020-04-01,2021-03-31,-1
2022-01-31,53340,2021-03-31,3,,,,,,,,,,,,,,,,,,,,,,,,,,,,,60.00,,,,204175320,732031,,false,false,12,2020-04-01,2021-03-31,-1
2022-01-31,53340,2022-03-31,3,,,,,,,,,,,,,,,,,,,,,,,,,,,,,48.00,,,,,,,false,false,12,2021-04-01,2022-03-31,0
2022-01-31,53340,2022-03-31,3,,,,,,,,,,,,,,,,,,,,,,,,,,,,,102.00,,,,,,,false,true,12,2021-04-01,2022-03-31,0
2022-01-31,53340,2022-03-31,3,,,,,,,,,,,,,,,,,,,,,,,,,,,,,,,,,204175320,888522,203379584,false,false,9,2021-04-01,2021-12-31,0
2022-01-31,53340,2021-03-31,3,,,,,,,,,,,,,,,,,,,,,,,,,,,,,,,,,,,203438869,false,false,9,2020-04-01,2020-12-31,-1
2022-04-28,53340,2022-03-31,,316928000000,0.138,,,,,28223000000,0.423,54719000000,0.739,56157000000,,1.015,276.15,,,,,,571975000000,337032000000,0.589,1657.92,337032000000,,,,,102.00,,,,204175320,888764,203356354,false,false,12,2021-04-01,2022-03-31,0
2022-04-28,53340,2021-03-31,,278400000000,-0.082,,,,,19838000000,-0.199,31457000000,-0.014,27868000000,,0.258,136.99,,,,,,584312000000,316394000000,0.541,1555.20,316394000000,,,,,60.00,,,,204175320,732031,203439983,false,false,12,2020-04-01,2021-03-31,-1
2022-04-28,53340,2022-03-31,,,,,,,,75512000000,0.593,,,,60200000000,,296.04,,,,,,823181000000,,,,,71910000000,10234000000,-53827000000,,,0.345,,,,,,true,false,12,2021-04-01,2022-03-31,0
2022-04-28,53340,2021-03-31,,,,,,,,47389000000,-0.022,,,,38367000000,,188.59,,,,,,771293000000,,,,,63397000000,-42523000000,28166000000,,,0.318,,,,,,true,false,12,2020-04-01,2021-03-31,-1
2022-04-28,53340,2023-03-31,,,,,,,,45700000000,0.347,,,,33400000000,,164.30,,,,,,,,,,,,,,,,,,,,,,true,true,6,2022-04-01,2022-09-30,1
2022-04-28,53340,2023-03-31,,,,,,,,96000000000,0.271,,,,70100000000,,344.83,,,,,,,,,,,,,,,,0.400,,,,,,true,true,12,2022-04-01,2023-03-31,1
2022-04-28,53340,2023-03-31,,,,,,,,,,,,,,,,,,,,,,,,,,,,,,138.00,,,,,,,false,true,12,2022-04-01,2023-03-31,1
2022-07-29,53340,2023-03-31,1,,,,,,,27625000000,0.597,,,,23706000000,,116.61,,,,,,841570000000,,,,,,,,,,,,,,,,true,false,3,2022-04-01,2022-06-30,0
2022-07-29,53340,2022-03-31,1,,,,,,,17296000000,9.246,,,,12583000000,,61.85,,,,,,,,,,,,,,,,,,,,,,true,false,3,2021-04-01,2021-06-30,-1
2022-07-29,53340,2023-03-31,1,,,,,,,45700000000,0.347,,,,33400000000,,164.30,,,,,,,,,,,,,,,,,,,,,,true,true,6,2022-04-01,2022-09-30,0
2022-07-29,53340,2023-03-31,1,,,,,,,96000000000,0.271,,,,70100000000,,344.83,,,,,,,,,,,,,,,,,,,,,,true,true,12,2022-04-01,2023-03-31,0
2022-07-29,53340,2022-03-31,1,,,,,,,,,,,,,,,,,,,,823181000000,,,,,,,,,,,,,,,,true,false,12,2021-04-01,2022-03-31,-1
2022-07-29,53340,2022-03-31,1,,,,,,,,,,,,,,,,,,,,,,,,,,,,,102.00,,,,204175320,888764,,false,false,12,2021-04-01,2022-03-31,-1
2022-07-29,53340,2023-03-31,1,,,,,,,,,,,,,,,,,,,,,,,,,,,,,138.00,,,,,,,false,true,12,2022-04-01,2023-03-31,0
2022-07-29,53340,2023-03-31,1,,,,,,,,,,,,,,,,,,,,,,,,,,,,,,,,,204175320,884060,203288094,false,false,3,2022-04-01,2022-06-30,0
2022-07-29,53340,2022-03-31,1,,,,,,,,,,,,,,,,,,,,,,,,,,,,,,,,,,,203466241,false,false,3,2021-04-01,2021-06-30,-1
2022-09-26,53340,2023-03-31,,,,,,,,54300000000,0.188,,,,43700000000,,214.37,,,,,,,,,,,,,,,,,,,,,,true,true,6,2022-04-01,2022-09-30,0
2022-09-26,53340,2022-03-31,,,,,,,,33921000000,,,,,25030000000,,123.05,,,,,,,,,,,,,,,,,,,,,,true,false,6,2021-04-01,2021-09-30,-1
2022-10-28,53340,2023-03-31,2,,,,,,,53599000000,0.580,,,,43085000000,,211.94,,,,,,876559000000,,,,,,,,,,,,,,,,true,false,6,2022-04-01,2022-09-30,0
2022-10-28,53340,2022-03-31,2,,,,,,,33921000000,1.025,,,,25030000000,,123.05,,,,,,,,,,,,,,,,,,,,,,true,false,6,2021-04-01,2021-09-30,-1
2022-10-28,53340,2023-03-31,2,,,,,,,112200000000,0.486,,,,85000000000,,418.04,,,,,,,,,,,,,,,,,,,,,,true,true,12,2022-04-01,2023-03-31,0
2022-10-28,53340,2022-03-31,2,,,,,,,,,,,,,,,,,,,,823181000000,,,,,,,,,,,,,,,,true,false,12,2021-04-01,2022-03-31,-1
2022-10-28,53340,2022-03-31,2,,,,,,,,,,,,,,,,,,,,,,,,,,,,,102.00,,,,204175320,888764,,false,false,12,2021-04-01,2022-03-31,-1
2022-10-28,53340,2023-03-31,2,,,,,,,,,,,,,,,,,,,,,,,,,,,,,83.00,,,,,,,false,false,12,2022-04-01,2023-03-31,0
2022-10-28,53340,2023-03-31,2,,,,,,,,,,,,,,,,,,,,,,,,,,,,,166.00,,,,,,,false,true,12,2022-04-01,2023-03-31,0
2022-10-28,53340,2023-03-31,2,,,,,,,,,,,,,,,,,,,,,,,,,,,,,,,,,204175320,876145,203293379,false,false,6,2022-04-01,2022-09-30,0
2022-10-28,53340,2022-03-31,2,,,,,,,,,,,,,,,,,,,,,,,,,,,,,,,,,,,203425968,false,false,6,2021-04-01,2021-09-30,-1
2023-01-30,53340,2023-03-31,3,,,,,,,80597000000,0.472,,,,59374000000,,292.06,,,,,,859201000000,,,,,,,,,,,,,,,,true,false,9,2022-04-01,2022-12-31,0
2023-01-30,53340,2022-03-31,3,,,,,,,54768000000,0.531,,,,42044000000,,206.73,,,,,,,,,,,,,,,,,,,,,,true,false,9,2021-04-01,2021-12-31,-1
2023-01-30,53340,2023-03-31,3,,,,,,,112200000000,0.486,,,,85000000000,,418.04,,,,,,,,,,,,,,,,,,,,,,true,true,12,2022-04-01,2023-03-31,0
2023-01-30,53340,2022-03-31,3,,,,,,,,,,,,,,,,,,,,823181000000,,,,,,,,,,,,,,,,true,false,12,2021-04-01,2022-03-31,-1
2023-01-30,53340,2022-03-31,3,,,,,,,,,,,,,,,,,,,,,,,,,,,,,102.00,,,,204175320,888764,,false,false,12,2021-04-01,2022-03-31,-1
2023-01-30,53340,2023-03-31,3,,,,,,,,,,,,,,,,,,,,,,,,,,,,,83.00,,,,,,,false,false,12,2022-04-01,2023-03-31,0
2023-01-30,53340,2023-03-31,3,,,,,,,,,,,,,,,,,,,,,,,,,,,,,166.00,,,,,,,false,true,12,2022-04-01,2023-03-31,0
2023-01-30,53340,2023-03-31,3,,,,,,,,,,,,,,,,,,,,,,,,,,,,,,,,,204175320,876182,203295295,false,false,9,2022-04-01,2022-12-31,0
2023-01-30,53340,2022-03-31,3,,,,,,,,,,,,,,,,,,,,,,,,,,,,,,,,,,,203379584,false,false,9,2021-04-01,2021-12-31,-1
2023-04-28,53340,2023-03-31,,331505000000,0.046,,,,,43692000000,0.548,63408000000,0.159,44519000000,,-0.207,218.99,,,,,,607858000000,346353000000,0.570,1703.64,346353000000,,,,,166.00,,,,204175320,873688,203296766,false,false,12,2022-04-01,2023-03-31,0
2023-04-28,53340,2022-03-31,,316928000000,0.138,,,,,28223000000,0.423,54719000000,0.739,56157000000,,1.015,276.15,,,,,,571975000000,337032000000,0.589,1657.92,337032000000,,,,,102.00,,,,204175320,888764,203356354,false,false,12,2021-04-01,2022-03-31,-1
2023-04-28,53340,2023-03-31,,,,,,,,89219000000,0.182,,,,66293000000,,326.09,,,,,,903102000000,,,,,69305000000,-37375000000,-1772000000,,,0.509,,,,,,true,false,12,2022-04-01,2023-03-31,0
2023-04-28,53340,2022-03-31,,,,,,,,75512000000,0.593,,,,60200000000,,296.04,,,,,,823181000000,,,,,71910000000,10234000000,-53827000000,,,0.345,,,,,,true,false,12,2021-04-01,2022-03-31,-1
2023-04-28,53340,2024-03-31,,,,,,,,47500000000,-0.114,,,,33300000000,,163.81,,,,,,,,,,,,,,,,,,,,,,true,true,6,2023-04-01,2023-09-30,1
2023-04-28,53340,2024-03-31,,,,,,,,96500000000,0.082,,,,67500000000,,332.04,,,,,,,,,,,,,,,,0.400,,,,,,true,true,12,2023-04-01,2024-03-31,1
2023-04-28,53340,2024-03-31,,,,,,,,,,,,,,,,,,,,,,,,,,,,,,133.00,,,,,,,false,true,12,2023-04-01,2024-03-31,1
2023-07-31,53340,2024-03-31,1,,,,,,,28445000000,0.030,,,,24079000000,,118.44,,,,,,914237000000,,,,,,,,,,,,,,,,true,false,3,2023-04-01,2023-06-30,0
2023-07-31,53340,2023-03-31,1,,,,,,,27625000000,0.597,,,,23706000000,,116.61,,,,,,,,,,,,,,,,,,,,,,true,false,3,2022-04-01,2022-06-30,-1
2023-07-31,53340,2024-03-31,1,,,,,,,47500000000,-0.114,,,,33300000000,,163.81,,,,,,,,,,,,,,,,,,,,,,true,true,6,2023-04-01,2023-09-30,0
2023-07-31,53340,2024-03-31,1,,,,,,,96500000000,0.082,,,,67500000000,,332.04,,,,,,,,,,,,,,,,,,,,,,true,true,12,2023-04-01,2024-03-31,0
2023-07-31,53340,2023-03-31,1,,,,,,,,,,,,,,,,,,,,903102000000,,,,,,,,,,,,,,,,true,false,12,2022-04-01,2023-03-31,-1
2023-07-31,53340,2023-03-31,1,,,,,,,,,,,,,,,,,,,,,,,,,,,,,166.00,,,,204175320,873688,,false,false,12,2022-04-01,2023-03-31,-1
2023-07-31,53340,2024-03-31,1,,,,,,,,,,,,,,,,,,,,,,,,,,,,,133.00,,,,,,,false,true,12,2023-04-01,2024-03-31,0
2023-07-31,53340,2024-03-31,1,,,,,,,,,,,,,,,,,,,,,,,,,,,,,,,,,204175320,874196,203301255,false,false,3,2023-04-01,2023-06-30,0
2023-07-31,53340,2023-03-31,1,,,,,,,,,,,,,,,,,,,,,,,,,,,,,,,,,,,203288094,false,false,3,2022-04-01,2022-06-30,-1
2023-10-30,53340,2024-03-31,2,,,,,,,57009000000,0.064,,,,46186000000,,227.64,,,,,,950052000000,,,,,,,,,,,,,,,,true,false,6,2023-04-01,2023-09-30,0
2023-10-30,53340,2023-03-31,2,,,,,,,53599000000,0.580,,,,43085000000,,211.94,,,,,,,,,,,,,,,,,,,,,,true,false,6,2022-04-01,2022-09-30,-1
2023-10-30,53340,2024-03-31,2,,,,,,,110000000000,0.233,,,,81000000000,,400.65,,,,,,,,,,,,,,,,,,,,,,true,true,12,2023-04-01,2024-03-31,0
2023-10-30,53340,2023-03-31,2,,,,,,,,,,,,,,,,,,,,903102000000,,,,,,,,,,,,,,,,true,false,12,2022-04-01,2023-03-31,-1
2023-10-30,53340,2023-03-31,2,,,,,,,,,,,,,,,,,,,,,,,,,,,,,166.00,,,,204175320,873688,,false,false,12,2022-04-01,2023-03-31,-1
2023-10-30,53340,2024-03-31,2,,,,,,,,,,,,,,,,,,,,,,,,,,,,,80.00,,,,,,,false,false,12,2023-04-01,2024-03-31,0
2023-10-30,53340,2024-03-31,2,,,,,,,,,,,,,,,,,,,,,,,,,,,,,160.00,,,,,,,false,true,12,2023-04-01,2024-03-31,0
2023-10-30,53340,2024-03-31,2,,,,,,,,,,,,,,,,,,,,,,,,,,,,,,,,,204175320,2372641,202890298,false,false,6,2023-04-01,2023-09-30,0
2023-10-30,53340,2023-03-31,2,,,,,,,,,,,,,,,,,,,,,,,,,,,,,,,,,,,203293379,false,false,6,2022-04-01,2022-09-30,-1
2024-01-31,53340,2024-03-31,3,,,,,,,87900000000,0.091,,,,68324000000,,337.86,,,,,,927154000000,,,,,,,,,,,,,,,,true,false,9,2023-04-01,2023-12-31,0
2024-01-31,53340,2023-03-31,3,,,,,,,80597000000,0.472,,,,59374000000,,292.06,,,,,,,,,,,,,,,,,,,,,,true,false,9,2022-04-01,2022-12-31,-1
2024-01-31,53340,2024-03-31,3,,,,,,,110000000000,0.233,,,,81000000000,,400.65,,,,,,,,,,,,,,,,,,,,,,true,true,12,2023-04-01,2024-03-31,0
2024-01-31,53340,2023-03-31,3,,,,,,,,,,,,,,,,,,,,903102000000,,,,,,,,,,,,,,,,true,false,12,2022-04-01,2023-03-31,-1
2024-01-31,53340,2023-03-31,3,,,,,,,,,,,,,,,,,,,,,,,,,,,,,166.00,,,,204175320,873688,,false,false,12,2022-04-01,2023-03-31,-1
2024-01-31,53340,2024-03-31,3,,,,,,,,,,,,,,,,,,,,,,,,,,,,,80.00,,,,,,,false,false,12,2023-04-01,2024-03-31,0
2024-01-31,53340,2024-03-31,3,,,,,,,,,,,,,,,,,,,,,,,,,,,,,160.00,,,,,,,false,true,12,2023-04-01,2024-03-31,0
2024-01-31,53340,2024-03-31,3,,,,,,,,,,,,,,,,,,,,,,,,,,,,,,,,,204175320,3278240,202230948,false,false,9,2023-04-01,2023-12-31,0
2024-01-31,53340,2023-03-31,3,,,,,,,,,,,,,,,,,,,,,,,,,,,,,,,,,,,203295295,false,false,9,2022-04-01,2022-12-31,-1
2024-04-30,53340,2024-03-31,,339191000000,0.023,,,,,55927000000,0.280,82332000000,0.298,55270000000,,0.241,273.84,,,,,,631203000000,363890000000,0.577,1815.42,363890000000,,,,,164.00,,,,204175320,3731363,201836860,false,false,12,2023-04-01,2024-03-31,0
2024-04-30,53340,2023-03-31,,331505000000,0.046,,,,,43692000000,0.548,63408000000,0.159,44519000000,,-0.207,218.99,,,,,,607858000000,346353000000,0.570,1703.64,346353000000,,,,,166.00,,,,204175320,873688,203296766,false,false,12,2022-04-01,2023-03-31,-1
2024-04-30,53340,2024-03-31,,,,,,,,107591000000,0.206,,,,82646000000,,409.47,,,,,,975719000000,,,,,118179000000,-92157000000,-57450000000,,,0.401,,,,,,true,false,12,2023-04-01,2024-03-31,0
2024-04-30,53340,2023-03-31,,,,,,,,89219000000,0.182,,,,66293000000,,326.09,,,,,,903102000000,,,,,69305000000,-37375000000,-1772000000,,,0.509,,,,,,true,false,12,2022-04-01,2023-03-31,-1
2024-04-30,53340,2025-03-31,,,,,,,,58000000000,0.017,,,,41000000000,,204.98,,,,,,,,,,,,,,,,,,,,,,true,true,6,2024-04-01,2024-09-30,1
2024-04-30,53340,2025-03-31,,,,,,,,115000000000,0.069,,,,83000000000,,415.16,,,,,,,,,,,,,,,,0.400,,,,,,true,true,12,2024-04-01,2025-03-31,1
2024-04-30,53340,2025-03-31,,,,,,,,,,,,,,,,,,,,,,,,,,,,,,166.00,,,,,,,false,true,12,2024-04-01,2025-03-31,1
2024-07-31,53340,2025-03-31,1,,,,,,,39132000000,0.376,,,,27849000000,,139.83,,,,,,967276000000,,,,,,,,,,,,,,,,true,false,3,2024-04-01,2024-06-30,0
2024-07-31,53340,2024-03-31,1,,,,,,,28445000000,0.030,,,,24079000000,,118.44,,,,,,,,,,,,,,,,,,,,,,true,false,3,2023-04-01,2023-06-30,-1
2024-07-31,53340,2025-03-31,1,,,,,,,58000000000,0.017,,,,41000000000,,204.98,,,,,,,,,,,,,,,,,,,,,,true,true,6,2024-04-01,2024-09-30,0
2024-07-31,53340,2025-03-31,1,,,,,,,115000000000,0.069,,,,83000000000,,415.16,,,,,,,,,,,,,,,,,,,,,,true,true,12,2024-04-01,2025-03-31,0
2024-07-31,53340,2024-03-31,1,,,,,,,,,,,,,,,,,,,,975719000000,,,,,,,,,,,,,,,,true,false,12,2023-04-01,2024-03-31,-1
2024-07-31,53340,2024-03-31,1,,,,,,,,,,,,,,,,,,,,,,,,,,,,,164.00,,,,204175320,3731363,,false,false,12,2023-04-01,2024-03-31,-1
2024-07-31,53340,2025-03-31,1,,,,,,,,,,,,,,,,,,,,,,,,,,,,,166.00,,,,,,,false,true,12,2024-04-01,2025-03-31,0
2024-07-31,53340,2025-03-31,1,,,,,,,,,,,,,,,,,,,,,,,,,,,,,,,,,204175320,5296061,199168367,false,false,3,2024-04-01,2024-06-30,0
2024-07-31,53340,2024-03-31,1,,,,,,,,,,,,,,,,,,,,,,,,,,,,,,,,,,,203301255,false,false,3,2023-04-01,2023-06-30,-1
2024-10-31,53340,2025-03-31,2,,,,,,,72292000000,0.268,,,,50398000000,,253.51,,,,,,964855000000,,,,,,,,,,,,,,,,true,false,6,2024-04-01,2024-09-30,0
2024-10-31,53340,2024-03-31,2,,,,,,,57009000000,0.064,,,,46186000000,,227.64,,,,,,,,,,,,,,,,,,,,,,true,false,6,2023-04-01,2023-09-30,-1
2024-10-31,53340,2025-03-31,2,,,,,,,130000000000,0.208,,,,95000000000,,477.86,,,,,,,,,,,,,,,,,,,,,,true,true,12,2024-04-01,2025-03-31,0
2024-10-31,53340,2024-03-31,2,,,,,,,,,,,,,,,,,,,,975719000000,,,,,,,,,,,,,,,,true,false,12,2023-04-01,2024-03-31,-1
2024-10-31,53340,2024-03-31,2,,,,,,,,,,,,,,,,,,,,,,,,,,,,,164.00,,,,204175320,3731363,,false,false,12,2023-04-01,2024-03-31,-1
2024-10-31,53340,2025-03-31,2,,,,,,,,,,,,,,,,,,,,,,,,,,,,,88.00,,,,,,,false,false,12,2024-04-01,2025-03-31,0
2024-10-31,53340,2025-03-31,2,,,,,,,,,,,,,,,,,,,,,,,,,,,,,177.00,,,,,,,false,true,12,2024-04-01,2025-03-31,0
2024-10-31,53340,2025-03-31,2,,,,,,,,,,,,,,,,,,,,,,,,,,,,,,,,,199247720,809541,198803317,false,false,6,2024-04-01,2024-09-30,0
2024-10-31,53340,2024-03-31,2,,,,,,,,,,,,,,,,,,,,,,,,,,,,,,,,,,,202890298,false,false,6,2023-04-01,2023-09-30,-1
2025-01-31,53340,2025-03-31,3,,,,,,,103329000000,0.176,,,,74449000000,,374.72,,,,,,988495000000,,,,,,,,,,,,,,,,true,false,9,2024-04-01,2024-12-31,0
2025-01-31,53340,2024-03-31,3,,,,,,,87900000000,0.091,,,,68324000000,,337.86,,,,,,,,,,,,,,,,,,,,,,true,false,9,2023-04-01,2023-12-31,-1
2025-01-31,53340,2025-03-31,3,,,,,,,130000000000,0.208,,,,95000000000,,477.86,,,,,,,,,,,,,,,,,,,,,,true,true,12,2024-04-01,2025-03-31,0
2025-01-31,53340,2024-03-31,3,,,,,,,,,,,,,,,,,,,,975719000000,,,,,,,,,,,,,,,,true,false,12,2023-04-01,2024-03-31,-1
2025-01-31,53340,2024-03-31,3,,,,,,,,,,,,,,,,,,,,,,,,,,,,,164.00,,,,204175320,3731363,,false,false,12,2023-04-01,2024-03-31,-1
2025-01-31,53340,2025-03-31,3,,,,,,,,,,,,,,,,,,,,,,,,,,,,,88.00,,,,,,,false,false,12,2024-04-01,2025-03-31,0
2025-01-31,53340,2025-03-31,3,,,,,,,,,,,,,,,,,,,,,,,,,,,,,177.00,,,,,,,false,true,12,2024-04-01,2025-03-31,0
2025-01-31,53340,2025-03-31,3,,,,,,,,,,,,,,,,,,,,,,,,,,,,,,,,,199247720,810022,198681460,false,false,9,2024-04-01,2024-12-31,0
2025-01-31,53340,2024-03-31,3,,,,,,,,,,,,,,,,,,,,,,,,,,,,,,,,,,,202230948,false,false,9,2023-04-01,2023-12-31,-1
2025-04-30,53340,2025-03-31,,358004000000,0.055,,,,,72078000000,0.289,113516000000,0.379,84919000000,,0.536,427.55,,,,,,667009000000,397557000000,0.596,2003.44,397557000000,,,,,178.00,,,,199247720,810163,198620508,false,false,12,2024-04-01,2025-03-31,0
2025-04-30,53340,2024-03-31,,339191000000,0.023,,,,,55927000000,0.280,82332000000,0.298,55270000000,,0.241,273.84,,,,,,631203000000,363890000000,0.577,1815.42,363890000000,,,,,164.00,,,,204175320,3731363,201836860,false,false,12,2023-04-01,2024-03-31,-1
2025-04-30,53340,2025-03-31,,,,,,,,129660000000,0.205,,,,92625000000,,466.34,,,,,,990966000000,,,,,132921000000,-34246000000,-70995000000,,,0.382,,,,,,true,false,12,2024-04-01,2025-03-31,0
2025-04-30,53340,2024-03-31,,,,,,,,107591000000,0.206,,,,82646000000,,409.47,,,,,,975719000000,,,,,118179000000,-92157000000,-57450000000,,,0.401,,,,,,true,false,12,2023-04-01,2024-03-31,-1
2025-04-30,53340,2026-03-31,,,,,,,,61000000000,-0.156,,,,41300000000,,207.93,,,,,,,,,,,,,,,,,,,,,,true,true,6,2025-04-01,2025-09-30,1
2025-04-30,53340,2026-03-31,,,,,,,,130000000000,0.003,,,,90000000000,,453.10,,,,,,,,,,,,,,,,0.402,,,,,,true,true,12,2025-04-01,2026-03-31,1
2025-04-30,53340,2026-03-31,,,,,,,,,,,,,,,,,,,,,,,,,,,,,,182.00,,,,,,,false,true,12,2025-04-01,2026-03-31,1
