filing_date,code,fiscal_year_end,quarterly_period,net_sales,net_sales_change,revenue,revenue_change,operating_revenue,operating_revenue_change,operating_profit,operating_profit_change,ordinary_profit,ordinary_profit_change,net_income,net_income_of_parent,net_income_change,eps,diluted_eps,roe,roa,operating_profit_to_net_sales,operating_profit_to_revenue,total_assets,net_assets,equity_ratio,bps,owner_equity,operating_cash_flow,investing_cash_flow,financing_cash_flow,cash,dividend_per_share,payout_ratio,commemorative_dividend,extra_dividend,number_of_shares,number_of_treqsury_shares,avg_number_of_shares,is_consolidated,is_forecast,duration,period_start,period_end,period_pos
2015-07-30,53440,2016-03-31,1,7189000000,-0.043,,,,,651000000,0.447,744000000,0.354,,442000000,,35.81,35.81,,,,,47500000000,41334000000,0.870,,41332000000,,,,,,,,,,,,true,false,3,2015-04-01,2015-06-30,0
2015-07-30,53440,2015-03-31,1,7516000000,-0.026,,,,,450000000,-0.456,550000000,-0.422,,358000000,,28.98,28.97,,,,,,,,,,,,,,,,,,,,,true,false,3,2014-04-01,2014-06-30,-1
2015-07-30,53440,2016-03-31,1,15000000000,-0.052,,,,,1110000000,-0.126,1160000000,-0.231,,500000000,,40.49,,,,,,,,,,,,,,,,,,,,,,true,true,6,2015-04-01,2015-09-30,0
2015-07-30,53440,2016-03-31,1,34000000000,0.036,,,,,3400000000,0.414,3500000000,0.232,,2500000000,,202.43,,,,,,,,,,,,,,,,,,,,,,true,true,12,2015-04-01,2016-03-31,0
2015-07-30,53440,2015-03-31,1,,,,,,,,,,,,,,,,,,,,49445000000,41000000000,0.829,,40997000000,,,,,,,,,,,,true,false,12,2014-04-01,2015-03-31,-1
2015-07-30,53440,2015-03-31,1,,,,,,,,,,,,,,,,,,,,,,,,,,,,,36.00,,,,12372000,21983,,false,false,12,2014-04-01,2015-03-31,-1
2015-07-30,53440,2016-03-31,1,,,,,,,,,,,,,,,,,,,,,,,,,,,,,38.00,,,,,,,false,true,12,2015-04-01,2016-03-31,0
2015-07-30,53440,2016-03-31,1,,,,,,,,,,,,,,,,,,,,,,,,,,,,,,,,,12372000,21983,12350017,false,false,3,2015-04-01,2015-06-30,0
2015-07-30,53440,2015-03-31,1,,,,,,,,,,,,,,,,,,,,,,,,,,,,,,,,,,,12350072,false,false,3,2014-04-01,2014-06-30,-1
2015-10-29,53440,2016-03-31,2,14564000000,-0.079,,,,,1472000000,0.158,1447000000,-0.040,,852000000,,68.99,68.99,,,,,46603000000,40269000000,0.864,,40267000000,,,,,,,,,,,,true,false,6,2015-04-01,2015-09-30,0
2015-10-29,53440,2015-03-31,2,15821000000,0.031,,,,,1271000000,-0.033,1508000000,0.081,,756000000,,61.20,61.20,,,,,,,,,,,,,,,,,,,,,true,false,6,2014-04-01,2014-09-30,-1
2015-10-29,53440,2016-03-31,2,34000000000,0.036,,,,,3400000000,0.414,3500000000,0.232,,2500000000,,202.43,,,,,,,,,,,,,,,,,,,,,,true,true,12,2015-04-01,2016-03-31,0
2015-10-29,53440,2015-03-31,2,,,,,,,,,,,,,,,,,,,,49445000000,41000000000,0.829,,40997000000,,,,,,,,,,,,true,false,12,2014-04-01,2015-03-31,-1
2015-10-29,53440,2015-03-31,2,,,,,,,,,,,,,,,,,,,,,,,,,,,,,36.00,,,,12372000,21983,,false,false,12,2014-04-01,2015-03-31,-1
2015-10-29,53440,2016-03-31,2,,,,,,,,,,,,,,,,,,,,,,,,,,,,,19.00,,,,,,,false,false,12,2015-04-01,2016-03-31,0
2015-10-29,53440,2016-03-31,2,,,,,,,,,,,,,,,,,,,,,,,,,,,,,38.00,,,,,,,false,true,12,2015-04-01,2016-03-31,0
2015-10-29,53440,2016-03-31,2,,,,,,,,,,,,,,,,,,,,,,,,,,,,,,,,,12372000,21983,12350017,false,false,6,2015-04-01,2015-09-30,0
2015-10-29,53440,2015-03-31,2,,,,,,,,,,,,,,,,,,,,,,,,,,,,,,,,,,,12350070,false,false,6,2014-04-01,2014-09-30,-1
2016-02-04,53440,2016-03-31,3,22319000000,-0.079,,,,,2559000000,0.278,2613000000,0.048,,1664000000,,134.73,134.72,,,,,47378000000,41127000000,0.868,,41125000000,,,,,,,,,,,,true,false,9,2015-04-01,2015-12-31,0
2016-02-04,53440,2015-03-31,3,24227000000,0.003,,,,,2002000000,-0.138,2494000000,-0.069,,1390000000,,112.57,112.56,,,,,,,,,,,,,,,,,,,,,true,false,9,2014-04-01,2014-12-31,-1
2016-02-04,53440,2016-03-31,3,34000000000,0.036,,,,,3400000000,0.414,3500000000,0.232,,2500000000,,202.43,,,,,,,,,,,,,,,,,,,,,,true,true,12,2015-04-01,2016-03-31,0
2016-02-04,53440,2015-03-31,3,,,,,,,,,,,,,,,,,,,,49445000000,41000000000,0.829,,40997000000,,,,,,,,,,,,true,false,12,2014-04-01,2015-03-31,-1
2016-02-04,53440,2015-03-31,3,,,,,,,,,,,,,,,,,,,,,,,,,,,,,36.00,,,,12372000,21983,,false,false,12,2014-04-01,2015-03-31,-1
2016-02-04,53440,2016-03-31,3,,,,,,,,,,,,,,,,,,,,,,,,,,,,,19.00,,,,,,,false,false,12,2015-04-01,2016-03-31,0
2016-02-04,53440,2016-03-31,3,,,,,,,,,,,,,,,,,,,,,,,,,,,,,38.00,,,,,,,false,true,12,2015-04-01,2016-03-31,0
2016-02-04,53440,2016-03-31,3,,,,,,,,,,,,,,,,,,,,,,,,,,,,,,,,,12372000,22033,12350013,false,false,9,2015-04-01,2015-12-31,0
2016-02-04,53440,2015-03-31,3,,,,,,,,,,,,,,,,,,,,,,,,,,,,,,,,,,,12350063,false,false,9,2014-04-01,2014-12-31,-1
2016-04-28,53440,2016-03-31,,30578000000,-0.068,,,,,3812000000,0.586,3702000000,0.303,,2287000000,,185.18,185.17,0.055,0.076,0.125,,48474000000,41700000000,0.860,3376.42,41699000000,4154000000,-1675000000,-1406000000,14541000000,,0.205,,,,,,true,false,12,2015-04-01,2016-03-31,0
2016-04-28,53440,2015-03-31,,32811000000,-0.020,,,,,2404000000,-0.282,2841000000,-0.221,,884000000,,71.59,71.58,0.022,0.057,0.073,,49445000000,41000000000,0.829,3319.58,40997000000,3688000000,-1881000000,-877000000,13684000000,,0.503,,,,,,true,false,12,2014-04-01,2015-03-31,-1
2016-04-28,53440,2017-03-31,,14200000000,-0.025,,,,,1600000000,0.087,1650000000,0.140,,1050000000,,85.02,,,,,,,,,,,,,,,,,,,,,,true,true,6,2016-04-01,2016-09-30,1
2016-04-28,53440,2017-03-31,,31200000000,0.020,,,,,4350000000,0.141,4450000000,0.202,,2850000000,,230.77,,,,,,,,,,,,,,,,0.173,,,,,,true,true,12,2016-04-01,2017-03-31,1
2016-04-28,53440,2015-03-31,,,,,,,,,,,,,,,,,,,,,,,,,,,,,,36.00,,,,12372000,21983,12350052,false,false,12,2014-04-01,2015-03-31,-1
2016-04-28,53440,2016-03-31,,,,,,,,,,,,,,,,,,,,,,,,,,,,,,38.00,,,,12372000,22033,12350001,false,false,12,2015-04-01,2016-03-31,0
2016-04-28,53440,2017-03-31,,,,,,,,,,,,,,,,,,,,,,,,,,,,,,40.00,,,,,,,false,true,12,2016-04-01,2017-03-31,1
2016-04-28,53440,2016-03-31,,30578000000,-0.068,,,,,3812000000,0.586,3702000000,0.303,,2287000000,,185.18,185.17,0.055,0.076,0.125,,48550000000,41700000000,0.859,3376.42,41699000000,4154000000,-1675000000,-1406000000,14541000000,,0.205,,,,,,true,false,12,2015-04-01,2016-03-31,0
2016-04-28,53440,2015-03-31,,32811000000,-0.020,,,,,2404000000,-0.282,2841000000,-0.221,,884000000,,71.59,71.58,0.022,0.057,0.073,,49445000000,41000000000,0.829,3319.58,40997000000,3688000000,-1881000000,-877000000,13684000000,,0.503,,,,,,true,false,12,2014-04-01,2015-03-31,-1
2016-04-28,53440,2017-03-31,,14200000000,-0.025,,,,,1600000000,0.087,1650000000,0.140,,1050000000,,85.02,,,,,,,,,,,,,,,,,,,,,,true,true,6,2016-04-01,2016-09-30,1
2016-04-28,53440,2017-03-31,,31200000000,0.020,,,,,4350000000,0.141,4450000000,0.202,,2850000000,,230.77,,,,,,,,,,,,,,,,0.173,,,,,,true,true,12,2016-04-01,2017-03-31,1
2016-04-28,53440,2015-03-31,,,,,,,,,,,,,,,,,,,,,,,,,,,,,,36.00,,,,12372000,21983,12350052,false,false,12,2014-04-01,2015-03-31,-1
2016-04-28,53440,2016-03-31,,,,,,,,,,,,,,,,,,,,,,,,,,,,,,38.00,,,,12372000,22033,12350001,false,false,12,2015-04-01,2016-03-31,0
2016-04-28,53440,2017-03-31,,,,,,,,,,,,,,,,,,,,,,,,,,,,,,40.00,,,,,,,false,true,12,2016-04-01,2017-03-31,1
2016-07-28,53440,2017-03-31,1,7341000000,0.021,,,,,1101000000,0.690,819000000,0.100,,509000000,,41.18,41.17,,,,,46928000000,41036000000,0.874,,41034000000,,,,,,,,,,,,true,false,3,2016-04-01,2016-06-30,0
2016-07-28,53440,2016-03-31,1,7189000000,-0.043,,,,,651000000,0.447,744000000,0.354,,442000000,,35.81,35.81,,,,,,,,,,,,,,,,,,,,,true,false,3,2015-04-01,2015-06-30,-1
2016-07-28,53440,2017-03-31,1,14200000000,-0.025,,,,,1600000000,0.087,1650000000,0.140,,1050000000,,85.02,,,,,,,,,,,,,,,,,,,,,,true,true,6,2016-04-01,2016-09-30,0
2016-07-28,53440,2017-03-31,1,31200000000,0.020,,,,,4350000000,0.141,4450000000,0.202,,2850000000,,230.77,,,,,,,,,,,,,,,,,,,,,,true,true,12,2016-04-01,2017-03-31,0
2016-07-28,53440,2016-03-31,1,,,,,,,,,,,,,,,,,,,,48550000000,41700000000,0.859,,41699000000,,,,,,,,,,,,true,false,12,2015-04-01,2016-03-31,-1
2016-07-28,53440,2016-03-31,1,,,,,,,,,,,,,,,,,,,,,,,,,,,,,38.00,,,,12372000,22033,,false,false,12,2015-04-01,2016-03-31,-1
2016-07-28,53440,2017-03-31,1,,,,,,,,,,,,,,,,,,,,,,,,,,,,,40.00,,,,,,,false,true,12,2016-04-01,2017-03-31,0
2016-07-28,53440,2017-03-31,1,,,,,,,,,,,,,,,,,,,,,,,,,,,,,,,,,12372000,22083,12349962,false,false,3,2016-04-01,2016-06-30,0
2016-07-28,53440,2016-03-31,1,,,,,,,,,,,,,,,,,,,,,,,,,,,,,,,,,,,12350017,false,false,3,2015-04-01,2015-06-30,-1
2016-10-31,53440,2017-03-31,2,15160000000,0.041,,,,,2305000000,0.566,2027000000,0.401,,1152000000,,93.27,93.27,,,,,47756000000,41421000000,0.867,,41421000000,,,,,,,,,,,,true,false,6,2016-04-01,2016-09-30,0
2016-10-31,53440,2016-03-31,2,14564000000,-0.079,,,,,1472000000,0.158,1447000000,-0.040,,852000000,,68.99,68.99,,,,,,,,,,,,,,,,,,,,,true,false,6,2015-04-01,2015-09-30,-1
2016-10-31,53440,2017-03-31,2,31200000000,0.020,,,,,4350000000,0.141,4450000000,0.202,,2850000000,,230.77,,,,,,,,,,,,,,,,,,,,,,true,true,12,2016-04-01,2017-03-31,0
2016-10-31,53440,2016-03-31,2,,,,,,,,,,,,,,,,,,,,48550000000,41700000000,0.859,,41699000000,,,,,,,,,,,,true,false,12,2015-04-01,2016-03-31,-1
2016-10-31,53440,2016-03-31,2,,,,,,,,,,,,,,,,,,,,,,,,,,,,,38.00,,,,12372000,22033,,false,false,12,2015-04-01,2016-03-31,-1
2016-10-31,53440,2017-03-31,2,,,,,,,,,,,,,,,,,,,,,,,,,,,,,20.00,,,,,,,false,false,12,2016-04-01,2017-03-31,0
2016-10-31,53440,2017-03-31,2,,,,,,,,,,,,,,,,,,,,,,,,,,,,,40.00,,,,,,,false,true,12,2016-04-01,2017-03-31,0
2016-10-31,53440,2017-03-31,2,,,,,,,,,,,,,,,,,,,,,,,,,,,,,,,,,12372000,19629,12350930,false,false,6,2016-04-01,2016-09-30,0
2016-10-31,53440,2016-03-31,2,,,,,,,,,,,,,,,,,,,,,,,,,,,,,,,,,,,12350017,false,false,6,2015-04-01,2015-09-30,-1
2017-02-02,53440,2017-03-31,3,23335000000,0.046,,,,,3594000000,0.404,3611000000,0.382,,2215000000,,179.35,179.34,,,,,49660000000,42825000000,0.862,,42825000000,,,,,,,,,,,,true,false,9,2016-04-01,2016-12-31,0
2017-02-02,53440,2016-03-31,3,22319000000,-0.079,,,,,2559000000,0.278,2613000000,0.048,,1664000000,,134.73,134.72,,,,,,,,,,,,,,,,,,,,,true,false,9,2015-04-01,2015-12-31,-1
2017-02-02,53440,2017-03-31,3,31200000000,0.020,,,,,4350000000,0.141,4450000000,0.202,,2850000000,,230.77,,,,,,,,,,,,,,,,,,,,,,true,true,12,2016-04-01,2017-03-31,0
2017-02-02,53440,2016-03-31,3,,,,,,,,,,,,,,,,,,,,48550000000,41700000000,0.859,,41699000000,,,,,,,,,,,,true,false,12,2015-04-01,2016-03-31,-1
2017-02-02,53440,2016-03-31,3,,,,,,,,,,,,,,,,,,,,,,,,,,,,,38.00,,,,12372000,22033,,false,false,12,2015-04-01,2016-03-31,-1
2017-02-02,53440,2017-03-31,3,,,,,,,,,,,,,,,,,,,,,,,,,,,,,20.00,,,,,,,false,false,12,2016-04-01,2017-03-31,0
2017-02-02,53440,2017-03-31,3,,,,,,,,,,,,,,,,,,,,,,,,,,,,,40.00,,,,,,,false,true,12,2016-04-01,2017-03-31,0
2017-02-02,53440,2017-03-31,3,,,,,,,,,,,,,,,,,,,,,,,,,,,,,,,,,12372000,19629,12351410,false,false,9,2016-04-01,2016-12-31,0
2017-02-02,53440,2016-03-31,3,,,,,,,,,,,,,,,,,,,,,,,,,,,,,,,,,,,12350013,false,false,9,2015-04-01,2015-12-31,-1
2017-05-08,53440,2017-03-31,,32187000000,0.053,,,,,4953000000,0.299,4978000000,0.345,,2850000000,,230.76,230.76,0.067,0.100,0.154,,50594000000,43317000000,0.856,3506.80,43317000000,5349000000,-1248000000,-707000000,17834000000,,0.173,,,,,,true,false,12,2016-04-01,2017-03-31,0
2017-05-08,53440,2016-03-31,,30578000000,-0.068,,,,,3812000000,0.586,3702000000,0.303,,2287000000,,185.18,185.17,0.055,0.076,0.125,,48550000000,41700000000,0.859,3376.42,41699000000,4154000000,-1675000000,-1406000000,14541000000,,0.205,,,,,,true,false,12,2015-04-01,2016-03-31,-1
2017-05-08,53440,2018-03-31,,14800000000,-0.024,,,,,2100000000,-0.089,2100000000,0.036,,1300000000,,105.24,,,,,,,,,,,,,,,,,,,,,,true,true,6,2017-04-01,2017-09-30,1
2017-05-08,53440,2018-03-31,,33350000000,0.036,,,,,5400000000,0.090,5450000000,0.095,,3400000000,,275.25,,,,,,,,,,,,,,,,0.160,,,,,,true,true,12,2017-04-01,2018-03-31,1
2017-05-08,53440,2016-03-31,,,,,,,,,,,,,,,,,,,,,,,,,,,,,,38.00,,,,12372000,22033,12350001,false,false,12,2015-04-01,2016-03-31,-1
2017-05-08,53440,2017-03-31,,,,,,,,,,,,,,,,,,,,,,,,,,,,,,40.00,,,,12372000,19629,12351647,false,false,12,2016-04-01,2017-03-31,0
2017-05-08,53440,2018-03-31,,,,,,,,,,,,,,,,,,,,,,,,,,,,,,44.00,,,,,,,false,true,12,2017-04-01,2018-03-31,1
2017-07-25,53440,2018-03-31,1,8175000000,0.114,,,,,1670000000,0.517,1652000000,1.019,,1078000000,,87.33,,,,,,50895000000,44324000000,0.871,,44324000000,,,,,,,,,,,,true,false,3,2017-04-01,2017-06-30,0
2017-07-25,53440,2017-03-31,1,7341000000,0.021,,,,,1100000000,0.690,818000000,0.100,,508000000,,41.18,41.17,,,,,,,,,,,,,,,,,,,,,true,false,3,2016-04-01,2016-06-30,-1
2017-07-25,53440,2018-03-31,1,14800000000,-0.024,,,,,2100000000,-0.089,2100000000,0.036,,1300000000,,105.24,,,,,,,,,,,,,,,,,,,,,,true,true,6,2017-04-01,2017-09-30,0
2017-07-25,53440,2018-03-31,1,33350000000,0.036,,,,,5400000000,0.090,5450000000,0.095,,3400000000,,275.25,,,,,,,,,,,,,,,,,,,,,,true,true,12,2017-04-01,2018-03-31,0
2017-07-25,53440,2017-03-31,1,,,,,,,,,,,,,,,,,,,,50593000000,43317000000,0.856,,43317000000,,,,,,,,,,,,true,false,12,2016-04-01,2017-03-31,-1
2017-07-25,53440,2017-03-31,1,,,,,,,,,,,,,,,,,,,,,,,,,,,,,40.00,,,,12372000,19629,,false,false,12,2016-04-01,2017-03-31,-1
2017-07-25,53440,2018-03-31,1,,,,,,,,,,,,,,,,,,,,,,,,,,,,,44.00,,,,,,,false,true,12,2017-04-01,2018-03-31,0
2017-07-25,53440,2018-03-31,1,,,,,,,,,,,,,,,,,,,,,,,,,,,,,,,,,12372000,30702,12351971,false,false,3,2017-04-01,2017-06-30,0
2017-07-25,53440,2017-03-31,1,,,,,,,,,,,,,,,,,,,,,,,,,,,,,,,,,,,12349962,false,false,3,2016-04-01,2016-06-30,-1
2017-10-31,53440,2018-03-31,2,17454000000,0.151,,,,,3898000000,0.691,3979000000,0.963,,2641000000,,213.78,,,,,,54204000000,46246000000,0.853,,46246000000,,,,,,,,,,,,true,false,6,2017-04-01,2017-09-30,0
2017-10-31,53440,2017-03-31,2,15159000000,0.041,,,,,2304000000,0.566,2026000000,0.401,,1151000000,,93.27,93.26,,,,,,,,,,,,,,,,,,,,,true,false,6,2016-04-01,2016-09-30,-1
2017-10-31,53440,2018-03-31,2,33350000000,0.036,,,,,5400000000,0.090,5450000000,0.095,,3400000000,,275.25,,,,,,,,,,,,,,,,,,,,,,true,true,12,2017-04-01,2018-03-31,0
2017-10-31,53440,2017-03-31,2,,,,,,,,,,,,,,,,,,,,50593000000,43317000000,0.856,,43317000000,,,,,,,,,,,,true,false,12,2016-04-01,2017-03-31,-1
2017-10-31,53440,2017-03-31,2,,,,,,,,,,,,,,,,,,,,,,,,,,,,,40.00,,,,12372000,19629,,false,false,12,2016-04-01,2017-03-31,-1
2017-10-31,53440,2018-03-31,2,,,,,,,,,,,,,,,,,,,,,,,,,,,,,22.00,,,,,,,false,false,12,2017-04-01,2018-03-31,0
2017-10-31,53440,2018-03-31,2,,,,,,,,,,,,,,,,,,,,,,,,,,,,,44.00,,,,,,,false,true,12,2017-04-01,2018-03-31,0
2017-10-31,53440,2018-03-31,2,,,,,,,,,,,,,,,,,,,,,,,,,,,,,,,,,12372000,702,12358376,false,false,6,2017-04-01,2017-09-30,0
2017-10-31,53440,2017-03-31,2,,,,,,,,,,,,,,,,,,,,,,,,,,,,,,,,,,,12350930,false,false,6,2016-04-01,2016-09-30,-1
2018-01-30,53440,2018-03-31,3,28005000000,0.200,,,,,6629000000,0.845,6599000000,0.827,,4396000000,,355.63,,,,,,56681000000,48120000000,0.849,,48120000000,,,,,,,,,,,,true,false,9,2017-04-01,2017-12-31,0
2018-01-30,53440,2017-03-31,3,23334000000,0.046,,,,,3593000000,0.404,3611000000,0.382,,2215000000,,179.34,179.34,,,,,,,,,,,,,,,,,,,,,true,false,9,2016-04-01,2016-12-31,-1
2018-01-30,53440,2018-03-31,3,38000000000,0.181,,,,,8900000000,0.797,8900000000,0.788,,5700000000,,461.06,,,,,,,,,,,,,,,,,,,,,,true,true,12,2017-04-01,2018-03-31,0
2018-01-30,53440,2017-03-31,3,,,,,,,,,,,,,,,,,,,,50593000000,43317000000,0.856,,43317000000,,,,,,,,,,,,true,false,12,2016-04-01,2017-03-31,-1
2018-01-30,53440,2017-03-31,3,,,,,,,,,,,,,,,,,,,,,,,,,,,,,40.00,,,,12372000,19629,,false,false,12,2016-04-01,2017-03-31,-1
2018-01-30,53440,2018-03-31,3,,,,,,,,,,,,,,,,,,,,,,,,,,,,,22.00,,,,,,,false,false,12,2017-04-01,2018-03-31,0
2018-01-30,53440,2018-03-31,3,,,,,,,,,,,,,,,,,,,,,,,,,,,,,44.00,,,,,,,false,true,12,2017-04-01,2018-03-31,0
2018-01-30,53440,2018-03-31,3,,,,,,,,,,,,,,,,,,,,,,,,,,,,,,,,,12372000,702,12362683,false,false,9,2017-04-01,2017-12-31,0
2018-01-30,53440,2017-03-31,3,,,,,,,,,,,,,,,,,,,,,,,,,,,,,,,,,,,12351410,false,false,9,2016-04-01,2016-12-31,-1
2018-04-27,53440,2018-03-31,,38513000000,0.197,,,,,9174000000,0.852,8866000000,0.781,,5544000000,,448.44,,0.120,0.162,0.238,,58560000000,49029000000,0.837,3966.05,49029000000,7544000000,-2851000000,-668000000,21799000000,,0.098,,,,,,true,false,12,2017-04-01,2018-03-31,0
2018-04-27,53440,2017-03-31,,32187000000,0.053,,,,,4953000000,0.299,4978000000,0.345,,2850000000,,230.76,230.75,0.067,0.100,0.154,,50593000000,43317000000,0.856,3506.79,43317000000,5348000000,-1247000000,-706000000,17834000000,,0.173,,,,,,true,false,12,2016-04-01,2017-03-31,-1
2018-04-27,53440,2019-03-31,,18100000000,0.037,,,,,4050000000,0.039,4050000000,0.018,,2700000000,,218.40,,,,,,,,,,,,,,,,,,,,,,true,true,6,2018-04-01,2018-09-30,1
2018-04-27,53440,2019-03-31,,40300000000,0.046,,,,,9800000000,0.068,9850000000,0.111,,6550000000,,529.83,,,,,,,,,,,,,,,,0.091,,,,,,true,true,12,2018-04-01,2019-03-31,1
2018-04-27,53440,2018-03-31,,23686000000,0.327,,,,,3507000000,1.225,3510000000,1.038,2251000000,,0.971,182.08,,,,,,38772000000,32229000000,0.831,2607.05,32229000000,,,,,44.00,,,,12372000,9702,12363727,false,false,12,2017-04-01,2018-03-31,0
2018-04-27,53440,2017-03-31,,17855000000,0.067,,,,,1576000000,0.072,1722000000,0.116,1142000000,,-0.221,92.48,92.47,,,,,35245000000,30439000000,0.864,2464.26,30439000000,,,,,40.00,,,,12372000,19629,12351647,false,false,12,2016-04-01,2017-03-31,-1
2018-04-27,53440,2019-03-31,,,,,,,,,,,,,,,,,,,,,,,,,,,,,,48.00,,,,,,,false,true,12,2018-04-01,2019-03-31,1
2018-07-26,53440,2019-03-31,1,9329000000,0.141,,,,,2051000000,0.228,2250000000,0.361,,1509000000,,122.11,,,,,,57972000000,50193000000,0.866,,50193000000,,,,,,,,,,,,true,false,3,2018-04-01,2018-06-30,0
2018-07-26,53440,2018-03-31,1,8175000000,0.114,,,,,1670000000,0.517,1652000000,1.019,,1078000000,,87.32,,,,,,,,,,,,,,,,,,,,,,true,false,3,2017-04-01,2017-06-30,-1
2018-07-26,53440,2019-03-31,1,18100000000,0.037,,,,,4050000000,0.039,4050000000,0.018,,2700000000,,218.40,,,,,,,,,,,,,,,,,,,,,,true,true,6,2018-04-01,2018-09-30,0
2018-07-26,53440,2019-03-31,1,40300000000,0.046,,,,,9800000000,0.068,9850000000,0.111,,6550000000,,529.83,,,,,,,,,,,,,,,,,,,,,,true,true,12,2018-04-01,2019-03-31,0
2018-07-26,53440,2018-03-31,1,,,,,,,,,,,,,,,,,,,,58514000000,49029000000,0.838,,49029000000,,,,,,,,,,,,true,false,12,2017-04-01,2018-03-31,-1
2018-07-26,53440,2018-03-31,1,,,,,,,,,,,,,,,,,,,,,,,,,,,,,44.00,,,,12372000,9702,,false,false,12,2017-04-01,2018-03-31,-1
2018-07-26,53440,2019-03-31,1,,,,,,,,,,,,,,,,,,,,,,,,,,,,,48.00,,,,,,,false,true,12,2018-04-01,2019-03-31,0
2018-07-26,53440,2019-03-31,1,,,,,,,,,,,,,,,,,,,,,,,,,,,,,,,,,12372000,9826,12362225,false,false,3,2018-04-01,2018-06-30,0
2018-07-26,53440,2018-03-31,1,,,,,,,,,,,,,,,,,,,,,,,,,,,,,,,,,,,12351971,false,false,3,2017-04-01,2017-06-30,-1
2018-10-30,53440,2019-03-31,2,19454000000,0.115,,,,,4419000000,0.134,4750000000,0.194,,3233000000,,261.53,,,,,,61038000000,51956000000,0.851,,51956000000,,,,,,,,,,,,true,false,6,2018-04-01,2018-09-30,0
2018-10-30,53440,2018-03-31,2,17454000000,0.151,,,,,3898000000,0.691,3979000000,0.963,,2641000000,,213.78,,,,,,,,,,,,,,,,,,,,,,true,false,6,2017-04-01,2017-09-30,-1
2018-10-30,53440,2019-03-31,2,40300000000,0.046,,,,,9800000000,0.068,9850000000,0.111,,6550000000,,529.83,,,,,,,,,,,,,,,,,,,,,,true,true,12,2018-04-01,2019-03-31,0
2018-10-30,53440,2018-03-31,2,,,,,,,,,,,,,,,,,,,,58514000000,49029000000,0.838,,49029000000,,,,,,,,,,,,true,false,12,2017-04-01,2018-03-31,-1
2018-10-30,53440,2018-03-31,2,,,,,,,,,,,,,,,,,,,,,,,,,,,,,44.00,,,,12372000,9702,,false,false,12,2017-04-01,2018-03-31,-1
2018-10-30,53440,2019-03-31,2,,,,,,,,,,,,,,,,,,,,,,,,,,,,,24.00,,,,,,,false,false,12,2018-04-01,2019-03-31,0
2018-10-30,53440,2019-03-31,2,,,,,,,,,,,,,,,,,,,,,,,,,,,,,48.00,,,,,,,false,true,12,2018-04-01,2019-03-31,0
2018-10-30,53440,2019-03-31,2,,,,,,,,,,,,,,,,,,,,,,,,,,,,,,,,,12372000,9876,12362177,false,false,6,2018-04-01,2018-09-30,0
2018-10-30,53440,2018-03-31,2,,,,,,,,,,,,,,,,,,,,,,,,,,,,,,,,,,,12358376,false,false,6,2017-04-01,2017-09-30,-1
2019-01-31,53440,2019-03-31,3,30149000000,0.077,,,,,6959000000,0.050,7315000000,0.109,,4838000000,,391.50,,,,,,62192000000,52898000000,0.851,,52898000000,,,,,,,,,,,,true,false,9,2018-04-01,2018-12-31,0
2019-01-31,53440,2018-03-31,3,28005000000,0.200,,,,,6629000000,0.845,6599000000,0.827,,4396000000,,355.63,,,,,,,,,,,,,,,,,,,,,,true,false,9,2017-04-01,2017-12-31,-1
2019-01-31,53440,2019-03-31,3,40300000000,0.046,,,,,9800000000,0.068,9850000000,0.111,,6550000000,,529.83,,,,,,,,,,,,,,,,,,,,,,true,true,12,2018-04-01,2019-03-31,0
2019-01-31,53440,2018-03-31,3,,,,,,,,,,,,,,,,,,,,58514000000,49029000000,0.838,,49029000000,,,,,,,,,,,,true,false,12,2017-04-01,2018-03-31,-1
2019-01-31,53440,2018-03-31,3,,,,,,,,,,,,,,,,,,,,,,,,,,,,,44.00,,,,12372000,9702,,false,false,12,2017-04-01,2018-03-31,-1
2019-01-31,53440,2019-03-31,3,,,,,,,,,,,,,,,,,,,,,,,,,,,,,24.00,,,,,,,false,false,12,2018-04-01,2019-03-31,0
2019-01-31,53440,2019-03-31,3,,,,,,,,,,,,,,,,,,,,,,,,,,,,,48.00,,,,,,,false,true,12,2018-04-01,2019-03-31,0
2019-01-31,53440,2019-03-31,3,,,,,,,,,,,,,,,,,,,,,,,,,,,,,,,,,12372000,18876,12359895,false,false,9,2018-04-01,2018-12-31,0
2019-01-31,53440,2018-03-31,3,,,,,,,,,,,,,,,,,,,,,,,,,,,,,,,,,,,12362683,false,false,9,2017-04-01,2017-12-31,-1
2019-04-26,53440,2019-03-31,,41193000000,0.070,,,,,9556000000,0.042,9924000000,0.119,,6770000000,,547.87,,0.130,0.161,0.232,,64627000000,54954000000,0.850,4452.25,54954000000,6967000000,-5691000000,-694000000,22448000000,,0.088,,,,,,true,false,12,2018-04-01,2019-03-31,0
2019-04-26,53440,2018-03-31,,38513000000,0.197,,,,,9174000000,0.852,8866000000,0.781,,5544000000,,448.44,,0.120,0.162,0.238,,58514000000,49029000000,0.838,3966.05,49029000000,7544000000,-2851000000,-668000000,21799000000,,0.098,,,,,,true,false,12,2017-04-01,2018-03-31,-1
2019-04-26,53440,2020-03-31,,18000000000,-0.075,,,,,3450000000,-0.219,3450000000,-0.274,,2350000000,,190.39,,,,,,,,,,,,,,,,,,,,,,true,true,6,2019-04-01,2019-09-30,1
2019-04-26,53440,2020-03-31,,38000000000,-0.078,,,,,7800000000,-0.184,7800000000,-0.214,,5300000000,,429.39,,,,,,,,,,,,,,,,0.121,,,,,,true,true,12,2019-04-01,2020-03-31,1
2019-04-26,53440,2018-03-31,,,,,,,,,,,,,,,,,,,,,,,,,,,,,,44.00,,,,12372000,9702,12363727,false,false,12,2017-04-01,2018-03-31,-1
2019-04-26,53440,2019-03-31,,,,,,,,,,,,,,,,,,,,,,,,,,,,,,48.00,,,,12372000,28920,12356998,false,false,12,2018-04-01,2019-03-31,0
2019-04-26,53440,2020-03-31,,,,,,,,,,,,,,,,,,,,,,,,,,,,,,52.00,,,,,,,false,true,12,2019-04-01,2020-03-31,1
2019-07-30,53440,2020-03-31,1,10382000000,0.113,,,,,2233000000,0.089,2203000000,-0.021,,1515000000,,122.82,,,,,,63899000000,55683000000,0.871,,55683000000,,,,,,,,,,,,true,false,3,2019-04-01,2019-06-30,0
2019-07-30,53440,2019-03-31,1,9329000000,0.141,,,,,2051000000,0.228,2250000000,0.361,,1509000000,,122.11,,,,,,,,,,,,,,,,,,,,,,true,false,3,2018-04-01,2018-06-30,-1
2019-07-30,53440,2020-03-31,1,18000000000,-0.075,,,,,3450000000,-0.219,3450000000,-0.274,,2350000000,,190.39,,,,,,,,,,,,,,,,,,,,,,true,true,6,2019-04-01,2019-09-30,0
2019-07-30,53440,2020-03-31,1,38000000000,-0.078,,,,,7800000000,-0.184,7800000000,-0.214,,5300000000,,429.39,,,,,,,,,,,,,,,,,,,,,,true,true,12,2019-04-01,2020-03-31,0
2019-07-30,53440,2019-03-31,1,,,,,,,,,,,,,,,,,,,,64627000000,54954000000,0.850,,54954000000,,,,,,,,,,,,true,false,12,2018-04-01,2019-03-31,-1
2019-07-30,53440,2019-03-31,1,,,,,,,,,,,,,,,,,,,,,,,,,,,,,48.00,,,,12372000,28920,,false,false,12,2018-04-01,2019-03-31,-1
2019-07-30,53440,2020-03-31,1,,,,,,,,,,,,,,,,,,,,,,,,,,,,,52.00,,,,,,,false,true,12,2019-04-01,2020-03-31,0
2019-07-30,53440,2020-03-31,1,,,,,,,,,,,,,,,,,,,,,,,,,,,,,,,,,12372000,39958,12337951,false,false,3,2019-04-01,2019-06-30,0
2019-07-30,53440,2019-03-31,1,,,,,,,,,,,,,,,,,,,,,,,,,,,,,,,,,,,12362225,false,false,3,2018-04-01,2018-06-30,-1
2019-10-30,53440,2020-03-31,2,20340000000,0.046,,,,,4148000000,-0.061,4176000000,-0.121,,2868000000,,232.51,,,,,,65457000000,56930000000,0.870,,56930000000,,,,,,,,,,,,true,false,6,2019-04-01,2019-09-30,0
2019-10-30,53440,2019-03-31,2,19454000000,0.115,,,,,4419000000,0.134,4750000000,0.194,,3233000000,,261.53,,,,,,,,,,,,,,,,,,,,,,true,false,6,2018-04-01,2018-09-30,-1
2019-10-30,53440,2020-03-31,2,38000000000,-0.078,,,,,7800000000,-0.184,7800000000,-0.214,,5300000000,,429.39,,,,,,,,,,,,,,,,,,,,,,true,true,12,2019-04-01,2020-03-31,0
2019-10-30,53440,2019-03-31,2,,,,,,,,,,,,,,,,,,,,64627000000,54954000000,0.850,,54954000000,,,,,,,,,,,,true,false,12,2018-04-01,2019-03-31,-1
2019-10-30,53440,2019-03-31,2,,,,,,,,,,,,,,,,,,,,,,,,,,,,,48.00,,,,12372000,28920,,false,false,12,2018-04-01,2019-03-31,-1
2019-10-30,53440,2020-03-31,2,,,,,,,,,,,,,,,,,,,,,,,,,,,,,26.00,,,,,,,false,false,12,2019-04-01,2020-03-31,0
2019-10-30,53440,2020-03-31,2,,,,,,,,,,,,,,,,,,,,,,,,,,,,,52.00,,,,,,,false,true,12,2019-04-01,2020-03-31,0
2019-10-30,53440,2020-03-31,2,,,,,,,,,,,,,,,,,,,,,,,,,,,,,,,,,12372000,40113,12334929,false,false,6,2019-04-01,2019-09-30,0
2019-10-30,53440,2019-03-31,2,,,,,,,,,,,,,,,,,,,,,,,,,,,,,,,,,,,12362177,false,false,6,2018-04-01,2018-09-30,-1
2020-01-30,53440,2020-03-31,3,30810000000,0.022,,,,,6699000000,-0.037,6789000000,-0.072,,4087000000,,331.36,,,,,,66529000000,58186000000,0.875,,58186000000,,,,,,,,,,,,true,false,9,2019-04-01,2019-12-31,0
2020-01-30,53440,2019-03-31,3,30149000000,0.077,,,,,6959000000,0.050,7315000000,0.109,,4838000000,,391.50,,,,,,,,,,,,,,,,,,,,,,true,false,9,2018-04-01,2018-12-31,-1
2020-01-30,53440,2020-03-31,3,38000000000,-0.078,,,,,7800000000,-0.184,7800000000,-0.214,,5300000000,,429.39,,,,,,,,,,,,,,,,,,,,,,true,true,12,2019-04-01,2020-03-31,0
2020-01-30,53440,2019-03-31,3,,,,,,,,,,,,,,,,,,,,64627000000,54954000000,0.850,,54954000000,,,,,,,,,,,,true,false,12,2018-04-01,2019-03-31,-1
2020-01-30,53440,2019-03-31,3,,,,,,,,,,,,,,,,,,,,,,,,,,,,,48.00,,,,12372000,28920,,false,false,12,2018-04-01,2019-03-31,-1
2020-01-30,53440,2020-03-31,3,,,,,,,,,,,,,,,,,,,,,,,,,,,,,26.00,,,,,,,false,false,12,2019-04-01,2020-03-31,0
2020-01-30,53440,2020-03-31,3,,,,,,,,,,,,,,,,,,,,,,,,,,,,,52.00,,,,,,,false,true,12,2019-04-01,2020-03-31,0
2020-01-30,53440,2020-03-31,3,,,,,,,,,,,,,,,,,,,,,,,,,,,,,,,,,12372000,40113,12333911,false,false,9,2019-04-01,2019-12-31,0
2020-01-30,53440,2019-03-31,3,,,,,,,,,,,,,,,,,,,,,,,,,,,,,,,,,,,12359895,false,false,9,2018-04-01,2018-12-31,-1
2020-04-28,53440,2020-03-31,,41231000000,0.001,,,,,9345000000,-0.022,9520000000,-0.041,,5893000000,,477.88,,0.103,0.141,0.227,,70681000000,59453000000,0.841,4821.14,59453000000,10719000000,-5272000000,1420000000,29114000000,,0.109,,,,,,true,false,12,2019-04-01,2020-03-31,0
2020-04-28,53440,2019-03-31,,41193000000,0.070,,,,,9556000000,0.042,9924000000,0.119,,6770000000,,547.87,,0.130,0.161,0.232,,64627000000,54954000000,0.850,4452.25,54954000000,6967000000,-5691000000,-694000000,22448000000,,0.088,,,,,,true,false,12,2018-04-01,2019-03-31,-1
2020-04-28,53440,2021-03-31,,16500000000,-0.189,,,,,3400000000,-0.181,3400000000,-0.186,,2300000000,,186.50,,,,,,,,,,,,,,,,,,,,,,true,true,6,2020-04-01,2020-09-30,1
2020-04-28,53440,2021-03-31,,36500000000,-0.115,,,,,7900000000,-0.155,7900000000,-0.170,,5450000000,,441.94,,,,,,,,,,,,,,,,0.127,,,,,,true,true,12,2020-04-01,2021-03-31,1
2020-04-28,53440,2020-03-31,,27340000000,0.051,,,,,3855000000,0.550,9474000000,2.369,8396000000,,3.425,680.80,,,,,,49704000000,41075000000,0.826,3330.85,41075000000,,,,,52.00,,,,12372000,40163,12333398,false,false,12,2019-04-01,2020-03-31,0
2020-04-28,53440,2019-03-31,,26016000000,0.098,,,,,2486000000,-0.291,2807000000,-0.200,1897000000,,-0.157,153.92,,,,,,40238000000,33395000000,0.830,2705.59,33395000000,,,,,48.00,,,,12372000,28920,12356998,false,false,12,2018-04-01,2019-03-31,-1
2020-04-28,53440,2021-03-31,,,,,,,,,,,,,,,,,,,,,,,,,,,,,,56.00,,,,,,,false,true,12,2020-04-01,2021-03-31,1
2020-07-27,53440,2021-03-31,1,8981000000,-0.135,,,,,2154000000,-0.035,2158000000,-0.020,,1445000000,,117.21,,,,,,71953000000,60631000000,0.843,,60631000000,,,,,,,,,,,,true,false,3,2020-04-01,2020-06-30,0
2020-07-27,53440,2020-03-31,1,10382000000,0.113,,,,,2233000000,0.089,2203000000,-0.021,,1515000000,,122.82,,,,,,,,,,,,,,,,,,,,,,true,false,3,2019-04-01,2019-06-30,-1
2020-07-27,53440,2021-03-31,1,16500000000,-0.189,,,,,3400000000,-0.181,3400000000,-0.186,,2300000000,,186.50,,,,,,,,,,,,,,,,,,,,,,true,true,6,2020-04-01,2020-09-30,0
2020-07-27,53440,2021-03-31,1,36500000000,-0.115,,,,,7900000000,-0.155,7900000000,-0.170,,5450000000,,441.94,,,,,,,,,,,,,,,,,,,,,,true,true,12,2020-04-01,2021-03-31,0
2020-07-27,53440,2020-03-31,1,,,,,,,,,,,,,,,,,,,,70681000000,59453000000,0.841,,59453000000,,,,,,,,,,,,true,false,12,2019-04-01,2020-03-31,-1
2020-07-27,53440,2020-03-31,1,,,,,,,,,,,,,,,,,,,,,,,,,,,,,52.00,,,,12372000,40163,,false,false,12,2019-04-01,2020-03-31,-1
2020-07-27,53440,2021-03-31,1,,,,,,,,,,,,,,,,,,,,,,,,,,,,,56.00,,,,,,,false,true,12,2020-04-01,2021-03-31,0
2020-07-27,53440,2021-03-31,1,,,,,,,,,,,,,,,,,,,,,,,,,,,,,,,,,12372000,38313,12331951,false,false,3,2020-04-01,2020-06-30,0
2020-07-27,53440,2020-03-31,1,,,,,,,,,,,,,,,,,,,,,,,,,,,,,,,,,,,12337951,false,false,3,2019-04-01,2019-06-30,-1
2020-10-28,53440,2021-03-31,2,19533000000,-0.040,,,,,4685000000,0.129,4644000000,0.112,,3154000000,,255.80,,,,,,74181000000,62464000000,0.842,,62464000000,,,,,,,,,,,,true,false,6,2020-04-01,2020-09-30,0
2020-10-28,53440,2020-03-31,2,20340000000,0.046,,,,,4148000000,-0.061,4176000000,-0.121,,2868000000,,232.51,,,,,,,,,,,,,,,,,,,,,,true,false,6,2019-04-01,2019-09-30,-1
2020-10-28,53440,2021-03-31,2,36500000000,-0.115,,,,,7900000000,-0.155,7900000000,-0.170,,5450000000,,441.94,,,,,,,,,,,,,,,,,,,,,,true,true,12,2020-04-01,2021-03-31,0
2020-10-28,53440,2020-03-31,2,,,,,,,,,,,,,,,,,,,,70681000000,59453000000,0.841,,59453000000,,,,,,,,,,,,true,false,12,2019-04-01,2020-03-31,-1
2020-10-28,53440,2020-03-31,2,,,,,,,,,,,,,,,,,,,,,,,,,,,,,52.00,,,,12372000,40163,,false,false,12,2019-04-01,2020-03-31,-1
2020-10-28,53440,2021-03-31,2,,,,,,,,,,,,,,,,,,,,,,,,,,,,,28.00,,,,,,,false,false,12,2020-04-01,2021-03-31,0
2020-10-28,53440,2021-03-31,2,,,,,,,,,,,,,,,,,,,,,,,,,,,,,56.00,,,,,,,false,true,12,2020-04-01,2021-03-31,0
2020-10-28,53440,2021-03-31,2,,,,,,,,,,,,,,,,,,,,,,,,,,,,,,,,,12372000,38198,12332859,false,false,6,2020-04-01,2020-09-30,0
2020-10-28,53440,2020-03-31,2,,,,,,,,,,,,,,,,,,,,,,,,,,,,,,,,,,,12334929,false,false,6,2019-04-01,2019-09-30,-1
2021-01-28,53440,2021-03-31,3,30569000000,-0.008,,,,,7573000000,0.131,7413000000,0.092,,5078000000,,411.78,,,,,,75751000000,64157000000,0.847,,64157000000,,,,,,,,,,,,true,false,9,2020-04-01,2020-12-31,0
2021-01-28,53440,2020-03-31,3,30810000000,0.022,,,,,6699000000,-0.037,6789000000,-0.072,,4087000000,,331.36,,,,,,,,,,,,,,,,,,,,,,true,false,9,2019-04-01,2019-12-31,-1
2021-01-28,53440,2021-03-31,3,41000000000,-0.006,,,,,10000000000,0.070,9800000000,0.029,,6600000000,,535.10,,,,,,,,,,,,,,,,,,,,,,true,true,12,2020-04-01,2021-03-31,0
2021-01-28,53440,2020-03-31,3,,,,,,,,,,,,,,,,,,,,70681000000,59453000000,0.841,,59453000000,,,,,,,,,,,,true,false,12,2019-04-01,2020-03-31,-1
2021-01-28,53440,2020-03-31,3,,,,,,,,,,,,,,,,,,,,,,,,,,,,,52.00,,,,12372000,40163,,false,false,12,2019-04-01,2020-03-31,-1
2021-01-28,53440,2021-03-31,3,,,,,,,,,,,,,,,,,,,,,,,,,,,,,28.00,,,,,,,false,false,12,2020-04-01,2021-03-31,0
2021-01-28,53440,2021-03-31,3,,,,,,,,,,,,,,,,,,,,,,,,,,,,,64.00,,,,,,,false,true,12,2020-04-01,2021-03-31,0
2021-01-28,53440,2021-03-31,3,,,,,,,,,,,,,,,,,,,,,,,,,,,,,,,,,12372000,36236,12333434,false,false,9,2020-04-01,2020-12-31,0
2021-01-28,53440,2020-03-31,3,,,,,,,,,,,,,,,,,,,,,,,,,,,,,,,,,,,12333911,false,false,9,2019-04-01,2019-12-31,-1
2021-04-27,53440,2021-03-31,,41438000000,0.005,,,,,10248000000,0.097,10330000000,0.085,,6935000000,,562.30,,0.110,0.139,0.247,,78059000000,66344000000,0.850,5378.23,66344000000,10713000000,-5376000000,-801000000,33888000000,,0.114,,,,,,true,false,12,2020-04-01,2021-03-31,0
2021-04-27,53440,2020-03-31,,41231000000,0.001,,,,,9345000000,-0.022,9520000000,-0.041,,5893000000,,477.88,,0.103,0.141,0.227,,70681000000,59453000000,0.841,4821.14,59453000000,10719000000,-5272000000,1420000000,29114000000,,0.109,,,,,,true,false,12,2019-04-01,2020-03-31,-1
2021-04-27,53440,2022-03-31,,20000000000,0.024,,,,,5000000000,0.067,5000000000,0.077,,3500000000,,283.72,,,,,,,,,,,,,,,,,,,,,,true,true,6,2021-04-01,2021-09-30,1
2021-04-27,53440,2022-03-31,,42000000000,0.014,,,,,11000000000,0.073,11000000000,0.065,,7500000000,,607.99,,,,,,,,,,,,,,,,0.112,,,,,,true,true,12,2021-04-01,2022-03-31,1
2021-04-27,53440,2021-03-31,,28825000000,0.054,,,,,5012000000,0.300,6030000000,-0.363,4930000000,,-0.413,399.74,,,,,,55574000000,45424000000,0.817,3682.36,45424000000,,,,,64.00,,,,12372000,36327,12333994,false,false,12,2020-04-01,2021-03-31,0
2021-04-27,53440,2020-03-31,,27340000000,0.051,,,,,3855000000,0.550,9474000000,2.369,8396000000,,3.425,680.80,,,,,,49704000000,41075000000,0.826,3330.85,41075000000,,,,,52.00,,,,12372000,40163,12333398,false,false,12,2019-04-01,2020-03-31,-1
2021-04-27,53440,2022-03-31,,,,,,,,,,,,,,,,,,,,,,,,,,,,,,68.00,,,,,,,false,true,12,2021-04-01,2022-03-31,1
2021-07-27,53440,2022-03-31,1,11112000000,0.237,,,,,3182000000,0.477,3236000000,0.499,,2211000000,,179.24,,,,,,79107000000,68132000000,0.861,,68132000000,,,,,,,,,,,,true,false,3,2021-04-01,2021-06-30,0
2021-07-27,53440,2021-03-31,1,8981000000,-0.135,,,,,2154000000,-0.035,2158000000,-0.020,,1445000000,,117.21,,,,,,,,,,,,,,,,,,,,,,true,false,3,2020-04-01,2020-06-30,-1
2021-07-27,53440,2022-03-31,1,20000000000,0.024,,,,,5000000000,0.067,5000000000,0.077,,3500000000,,283.72,,,,,,,,,,,,,,,,,,,,,,true,true,6,2021-04-01,2021-09-30,0
2021-07-27,53440,2022-03-31,1,42000000000,0.014,,,,,11000000000,0.073,11000000000,0.065,,7500000000,,607.99,,,,,,,,,,,,,,,,,,,,,,true,true,12,2021-04-01,2022-03-31,0
2021-07-27,53440,2021-03-31,1,,,,,,,,,,,,,,,,,,,,78059000000,66344000000,0.850,,66344000000,,,,,,,,,,,,true,false,12,2020-04-01,2021-03-31,-1
2021-07-27,53440,2021-03-31,1,,,,,,,,,,,,,,,,,,,,,,,,,,,,,64.00,,,,12372000,36327,,false,false,12,2020-04-01,2021-03-31,-1
2021-07-27,53440,2022-03-31,1,,,,,,,,,,,,,,,,,,,,,,,,,,,,,68.00,,,,,,,false,true,12,2021-04-01,2022-03-31,0
2021-07-27,53440,2022-03-31,1,,,,,,,,,,,,,,,,,,,,,,,,,,,,,,,,,12372000,34270,12336524,false,false,3,2021-04-01,2021-06-30,0
2021-07-27,53440,2021-03-31,1,,,,,,,,,,,,,,,,,,,,,,,,,,,,,,,,,,,12331951,false,false,3,2020-04-01,2020-06-30,-1
2021-10-27,5344,2022-03-31,2,24722000000,0.266,,,,,7926000000,0.692,8118000000,0.748,,5567000000,,451.30,,,,,,84629000000,71537000000,0.845,,71537000000,,,,,,,,,,,,true,false,6,2021-04-01,2021-09-30,0
2021-10-27,5344,2021-03-31,2,19533000000,-0.040,,,,,4685000000,0.129,4644000000,0.112,,3154000000,,255.80,,,,,,,,,,,,,,,,,,,,,,true,false,6,2020-04-01,2020-09-30,-1
2021-10-27,5344,2022-03-31,2,50200000000,0.211,,,,,15900000000,0.551,15900000000,0.539,,10500000000,,851.06,,,,,,,,,,,,,,,,,,,,,,true,true,12,2021-04-01,2022-03-31,0
2021-10-27,5344,2021-03-31,2,,,,,,,,,,,,,,,,,,,,78059000000,66344000000,0.850,,66344000000,,,,,,,,,,,,true,false,12,2020-04-01,2021-03-31,-1
2021-10-27,5344,2021-03-31,2,,,,,,,,,,,,,,,,,,,,,,,,,,,,,64.00,,,,12372000,36327,,false,false,12,2020-04-01,2021-03-31,-1
2021-10-27,5344,2022-03-31,2,,,,,,,,,,,,,,,,,,,,,,,,,,,,,34.00,,,,,,,false,false,12,2021-04-01,2022-03-31,0
2021-10-27,5344,2022-03-31,2,,,,,,,,,,,,,,,,,,,,,,,,,,,,,70.00,,,,,,,false,true,12,2021-04-01,2022-03-31,0
2021-10-27,5344,2022-03-31,2,,,,,,,,,,,,,,,,,,,,,,,,,,,,,,,,,12372000,34270,12337130,false,false,6,2021-04-01,2021-09-30,0
2021-10-27,5344,2021-03-31,2,,,,,,,,,,,,,,,,,,,,,,,,,,,,,,,,,,,12332859,false,false,6,2020-04-01,2020-09-30,-1
2022-01-28,5344,2022-03-31,3,40070000000,0.311,,,,,13361000000,0.764,13819000000,0.864,,9511000000,,770.98,,,,,,89589000000,75326000000,0.841,,75326000000,,,,,,,,,,,,true,false,9,2021-04-01,2021-12-31,0
2022-01-28,5344,2021-03-31,3,30569000000,-0.008,,,,,7573000000,0.131,7413000000,0.092,,5078000000,,411.78,,,,,,,,,,,,,,,,,,,,,,true,false,9,2020-04-01,2020-12-31,-1
2022-01-28,5344,2022-03-31,3,54500000000,0.315,,,,,17900000000,0.747,17900000000,0.733,,11800000000,,956.44,,,,,,,,,,,,,,,,,,,,,,true,true,12,2021-04-01,2022-03-31,0
2022-01-28,5344,2021-03-31,3,,,,,,,,,,,,,,,,,,,,78059000000,66344000000,0.850,,66344000000,,,,,,,,,,,,true,false,12,2020-04-01,2021-03-31,-1
2022-01-28,5344,2021-03-31,3,,,,,,,,,,,,,,,,,,,,,,,,,,,,,64.00,,,,12372000,36327,,false,false,12,2020-04-01,2021-03-31,-1
2022-01-28,5344,2022-03-31,3,,,,,,,,,,,,,,,,,,,,,,,,,,,,,34.00,,,,,,,false,false,12,2021-04-01,2022-03-31,0
2022-01-28,5344,2022-03-31,3,,,,,,,,,,,,,,,,,,,,,,,,,,,,,70.00,,,,,,,false,true,12,2021-04-01,2022-03-31,0
2022-01-28,5344,2022-03-31,3,,,,,,,,,,,,,,,,,,,,,,,,,,,,,,,,,12372000,34345,12337311,false,false,9,2021-04-01,2021-12-31,0
2022-01-28,5344,2021-03-31,3,,,,,,,,,,,,,,,,,,,,,,,,,,,,,,,,,,,12333434,false,false,9,2020-04-01,2020-12-31,-1
2022-04-27,5344,2022-03-31,,54344000000,0.311,,,,,18215000000,0.777,19182000000,0.857,,13350000000,,1082.11,,0.183,0.221,0.335,,95899000000,79681000000,0.831,6458.45,79681000000,14757000000,-3522000000,-1132000000,44385000000,,0.065,,,,,,true,false,12,2021-04-01,2022-03-31,0
2022-04-27,5344,2021-03-31,,41438000000,0.005,,,,,10248000000,0.097,10330000000,0.085,,6935000000,,562.30,,0.110,0.139,0.247,,78059000000,66344000000,0.850,5378.23,66344000000,10713000000,-5376000000,-801000000,33888000000,,0.114,,,,,,true,false,12,2020-04-01,2021-03-31,-1
2022-04-27,5344,2023-03-31,,27000000000,0.092,,,,,8100000000,0.022,8100000000,-0.002,,5500000000,,445.79,,,,,,,,,,,,,,,,,,,,,,true,true,6,2022-04-01,2022-09-30,1
2022-04-27,5344,2023-03-31,,60000000000,0.104,,,,,18500000000,0.016,18500000000,-0.036,,12900000000,,1045.59,,,,,,,,,,,,,,,,0.073,,,,,,true,true,12,2022-04-01,2023-03-31,1
2022-04-27,5344,2022-03-31,,40534000000,0.406,,,,,9409000000,0.877,10860000000,0.801,7751000000,,0.572,628.26,,,,,,65944000000,52319000000,0.793,4240.69,52319000000,,,,,70.00,,,,12372000,34492,12337379,false,false,12,2021-04-01,2022-03-31,0
2022-04-27,5344,2021-03-31,,28825000000,0.054,,,,,5012000000,0.300,6030000000,-0.363,4930000000,,-0.413,399.74,,,,,,55574000000,45424000000,0.817,3682.36,45424000000,,,,,64.00,,,,12372000,36327,12333994,false,false,12,2020-04-01,2021-03-31,-1
2022-04-27,5344,2023-03-31,,,,,,,,,,,,,,,,,,,,,,,,,,,,,,76.00,,,,,,,false,true,12,2022-04-01,2023-03-31,1
2022-07-27,5344,2023-03-31,1,13954000000,0.256,,,,,4749000000,0.493,5740000000,0.774,,4088000000,,331.41,,,,,,96246000000,84009000000,0.873,,84009000000,,,,,,,,,,,,true,false,3,2022-04-01,2022-06-30,0
2022-07-27,5344,2022-03-31,1,11112000000,0.237,,,,,3182000000,0.477,3236000000,0.499,,2211000000,,179.24,,,,,,,,,,,,,,,,,,,,,,true,false,3,2021-04-01,2021-06-30,-1
2022-07-27,5344,2023-03-31,1,27000000000,0.092,,,,,8100000000,0.022,8100000000,-0.002,,5500000000,,445.79,,,,,,,,,,,,,,,,,,,,,,true,true,6,2022-04-01,2022-09-30,0
2022-07-27,5344,2023-03-31,1,60000000000,0.104,,,,,18500000000,0.016,18500000000,-0.036,,12900000000,,1045.59,,,,,,,,,,,,,,,,,,,,,,true,true,12,2022-04-01,2023-03-31,0
2022-07-27,5344,2022-03-31,1,,,,,,,,,,,,,,,,,,,,95899000000,79681000000,0.831,,79681000000,,,,,,,,,,,,true,false,12,2021-04-01,2022-03-31,-1
2022-07-27,5344,2022-03-31,1,,,,,,,,,,,,,,,,,,,,,,,,,,,,,70.00,,,,12372000,34492,,false,false,12,2021-04-01,2022-03-31,-1
2022-07-27,5344,2023-03-31,1,,,,,,,,,,,,,,,,,,,,,,,,,,,,,76.00,,,,,,,false,true,12,2022-04-01,2023-03-31,0
2022-07-27,5344,2023-03-31,1,,,,,,,,,,,,,,,,,,,,,,,,,,,,,,,,,12372000,34663,12337461,false,false,3,2022-04-01,2022-06-30,0
2022-07-27,5344,2022-03-31,1,,,,,,,,,,,,,,,,,,,,,,,,,,,,,,,,,,,12336524,false,false,3,2021-04-01,2021-06-30,-1
2022-10-27,5344,2023-03-31,2,29668000000,0.200,,,,,10616000000,0.339,12219000000,0.505,,8604000000,,697.39,,,,,,102427000000,88582000000,0.865,,88582000000,,,,,,,,,,,,true,false,6,2022-04-01,2022-09-30,0
2022-10-27,5344,2022-03-31,2,24722000000,0.266,,,,,7926000000,0.692,8118000000,0.748,,5567000000,,451.30,,,,,,,,,,,,,,,,,,,,,,true,false,6,2021-04-01,2021-09-30,-1
2022-10-27,5344,2023-03-31,2,60000000000,0.104,,,,,18500000000,0.016,18500000000,-0.036,,12900000000,,1045.59,,,,,,,,,,,,,,,,,,,,,,true,true,12,2022-04-01,2023-03-31,0
2022-10-27,5344,2022-03-31,2,,,,,,,,,,,,,,,,,,,,95899000000,79681000000,0.831,,79681000000,,,,,,,,,,,,true,false,12,2021-04-01,2022-03-31,-1
2022-10-27,5344,2022-03-31,2,,,,,,,,,,,,,,,,,,,,,,,,,,,,,70.00,,,,12372000,34492,,false,false,12,2021-04-01,2022-03-31,-1
2022-10-27,5344,2023-03-31,2,,,,,,,,,,,,,,,,,,,,,,,,,,,,,38.00,,,,,,,false,false,12,2022-04-01,2023-03-31,0
2022-10-27,5344,2023-03-31,2,,,,,,,,,,,,,,,,,,,,,,,,,,,,,76.00,,,,,,,false,true,12,2022-04-01,2023-03-31,0
2022-10-27,5344,2023-03-31,2,,,,,,,,,,,,,,,,,,,,,,,,,,,,,,,,,12372000,34599,12337427,false,false,6,2022-04-01,2022-09-30,0
2022-10-27,5344,2022-03-31,2,,,,,,,,,,,,,,,,,,,,,,,,,,,,,,,,,,,12337130,false,false,6,2021-04-01,2021-09-30,-1
2023-01-31,5344,2023-03-31,3,44577000000,0.112,,,,,16039000000,0.200,16982000000,0.229,,11934000000,,967.35,,,,,,102775000000,91029000000,0.886,,91029000000,,,,,,,,,,,,true,false,9,2022-04-01,2022-12-31,0
2023-01-31,5344,2022-03-31,3,40070000000,0.311,,,,,13361000000,0.764,13819000000,0.864,,9511000000,,770.98,,,,,,,,,,,,,,,,,,,,,,true,false,9,2021-04-01,2021-12-31,-1
2023-01-31,5344,2023-03-31,3,59100000000,0.088,,,,,20800000000,0.142,21000000000,0.095,,14700000000,,1191.49,,,,,,,,,,,,,,,,,,,,,,true,true,12,2022-04-01,2023-03-31,0
2023-01-31,5344,2022-03-31,3,,,,,,,,,,,,,,,,,,,,95899000000,79681000000,0.831,,79681000000,,,,,,,,,,,,true,false,12,2021-04-01,2022-03-31,-1
2023-01-31,5344,2022-03-31,3,,,,,,,,,,,,,,,,,,,,,,,,,,,,,70.00,,,,12372000,34492,,false,false,12,2021-04-01,2022-03-31,-1
2023-01-31,5344,2023-03-31,3,,,,,,,,,,,,,,,,,,,,,,,,,,,,,38.00,,,,,,,false,false,12,2022-04-01,2023-03-31,0
2023-01-31,5344,2023-03-31,3,,,,,,,,,,,,,,,,,,,,,,,,,,,,,78.00,,,,,,,false,true,12,2022-04-01,2023-03-31,0
2023-01-31,5344,2023-03-31,3,,,,,,,,,,,,,,,,,,,,,,,,,,,,,,,,,12372000,34599,12337418,false,false,9,2022-04-01,2022-12-31,0
2023-01-31,5344,2022-03-31,3,,,,,,,,,,,,,,,,,,,,,,,,,,,,,,,,,,,12337311,false,false,9,2021-04-01,2021-12-31,-1
2023-04-27,5344,2023-03-31,,58804000000,0.082,,,,,20142000000,0.106,21187000000,0.105,,15020000000,,1217.45,,0.173,0.208,0.343,,108031000000,94215000000,0.872,7636.60,94215000000,15647000000,-8755000000,-1882000000,49585000000,,0.064,,,,,,true,false,12,2022-04-01,2023-03-31,0
2023-04-27,5344,2022-03-31,,54344000000,0.311,,,,,18215000000,0.777,19182000000,0.857,,13350000000,,1082.11,,0.183,0.221,0.335,,95899000000,79681000000,0.831,6458.45,79681000000,14757000000,-3522000000,-1132000000,44385000000,,0.065,,,,,,true,false,12,2021-04-01,2022-03-31,-1
2023-04-27,5344,2024-03-31,,27100000000,-0.087,,,,,9100000000,-0.143,,,,,,,,,,,,,,,,,,,,,,,,,,,,true,true,6,2023-04-01,2023-09-30,1
2023-04-27,5344,2024-03-31,,61500000000,0.046,,,,,21000000000,0.043,,,,,,,,,,,,,,,,,,,,,,,,,,,,true,true,12,2023-04-01,2024-03-31,1
2023-04-27,5344,2023-03-31,,44194000000,0.090,,,,,16908000000,0.797,19824000000,0.825,29904000000,,2.858,2423.87,,,,,,92910000000,81330000000,0.875,6592.21,81330000000,,,,,78.00,,,,12372000,34649,12337413,false,false,12,2022-04-01,2023-03-31,0
2023-04-27,5344,2022-03-31,,40534000000,0.406,,,,,9409000000,0.877,10860000000,0.801,7751000000,,0.572,628.26,,,,,,65944000000,52319000000,0.793,4240.69,52319000000,,,,,70.00,,,,12372000,34492,12337379,false,false,12,2021-04-01,2022-03-31,-1
2023-04-27,5344,2024-03-31,,,,,,,,,,,,,,,,,,,,,,,,,,,,,,86.00,,,,,,,false,true,12,2023-04-01,2024-03-31,1
2023-07-27,5344,2024-03-31,1,12722000000,-0.088,,,,,3530000000,-0.257,4145000000,-0.278,,2846000000,,230.73,,,,,,108264000000,96980000000,0.896,,96980000000,,,,,,,,,,,,true,false,3,2023-04-01,2023-06-30,0
2023-07-27,5344,2023-03-31,1,13954000000,0.256,,,,,4749000000,0.493,5740000000,0.774,,4088000000,,331.41,,,,,,,,,,,,,,,,,,,,,,true,false,3,2022-04-01,2022-06-30,-1
2023-07-27,5344,2024-03-31,1,27100000000,-0.087,,,,,9100000000,-0.143,,,,,,,,,,,,,,,,,,,,,,,,,,,,true,true,6,2023-04-01,2023-09-30,0
2023-07-27,5344,2024-03-31,1,61500000000,0.046,,,,,21000000000,0.043,,,,,,,,,,,,,,,,,,,,,,,,,,,,true,true,12,2023-04-01,2024-03-31,0
2023-07-27,5344,2023-03-31,1,,,,,,,,,,,,,,,,,,,,108031000000,94215000000,0.872,,94215000000,,,,,,,,,,,,true,false,12,2022-04-01,2023-03-31,-1
2023-07-27,5344,2023-03-31,1,,,,,,,,,,,,,,,,,,,,,,,,,,,,,78.00,,,,12372000,34649,,false,false,12,2022-04-01,2023-03-31,-1
2023-07-27,5344,2024-03-31,1,,,,,,,,,,,,,,,,,,,,,,,,,,,,,86.00,,,,,,,false,true,12,2023-04-01,2024-03-31,0
2023-07-27,5344,2024-03-31,1,,,,,,,,,,,,,,,,,,,,,,,,,,,,,,,,,12372000,34775,12337328,false,false,3,2023-04-01,2023-06-30,0
2023-07-27,5344,2023-03-31,1,,,,,,,,,,,,,,,,,,,,,,,,,,,,,,,,,,,12337461,false,false,3,2022-04-01,2022-06-30,-1
2023-10-26,5344,2024-03-31,2,28063000000,-0.054,,,,,8649000000,-0.185,9616000000,-0.213,,6777000000,,549.38,,,,,,113985000000,101174000000,0.888,,101174000000,,,,,,,,,,,,true,false,6,2023-04-01,2023-09-30,0
2023-10-26,5344,2023-03-31,2,29668000000,0.200,,,,,10616000000,0.339,12219000000,0.505,,8604000000,,697.39,,,,,,,,,,,,,,,,,,,,,,true,false,6,2022-04-01,2022-09-30,-1
2023-10-26,5344,2024-03-31,2,61500000000,0.046,,,,,21000000000,0.043,,,,,,,,,,,,,,,,,,,,,,,,,,,,true,true,12,2023-04-01,2024-03-31,0
2023-10-26,5344,2023-03-31,2,,,,,,,,,,,,,,,,,,,,108031000000,94215000000,0.872,,94215000000,,,,,,,,,,,,true,false,12,2022-04-01,2023-03-31,-1
2023-10-26,5344,2023-03-31,2,,,,,,,,,,,,,,,,,,,,,,,,,,,,,78.00,,,,12372000,34649,,false,false,12,2022-04-01,2023-03-31,-1
2023-10-26,5344,2024-03-31,2,,,,,,,,,,,,,,,,,,,,,,,,,,,,,43.00,,,,,,,false,false,12,2023-04-01,2024-03-31,0
2023-10-26,5344,2024-03-31,2,,,,,,,,,,,,,,,,,,,,,,,,,,,,,86.00,,,,,,,false,true,12,2023-04-01,2024-03-31,0
2023-10-26,5344,2024-03-31,2,,,,,,,,,,,,,,,,,,,,,,,,,,,,,,,,,12372000,34037,12337296,false,false,6,2023-04-01,2023-09-30,0
2023-10-26,5344,2023-03-31,2,,,,,,,,,,,,,,,,,,,,,,,,,,,,,,,,,,,12337427,false,false,6,2022-04-01,2022-09-30,-1
2024-01-31,5344,2024-03-31,3,45026000000,0.010,,,,,14393000000,-0.103,14967000000,-0.119,,10603000000,,859.47,,,,,,115832000000,104131000000,0.899,,104131000000,,,,,,,,,,,,true,false,9,2023-04-01,2023-12-31,0
2024-01-31,5344,2023-03-31,3,44577000000,0.112,,,,,16039000000,0.200,16982000000,0.229,,11934000000,,967.35,,,,,,,,,,,,,,,,,,,,,,true,false,9,2022-04-01,2022-12-31,-1
2024-01-31,5344,2024-03-31,3,62130000000,0.057,,,,,20350000000,0.010,,,,,,,,,,,,,,,,,,,,,,,,,,,,true,true,12,2023-04-01,2024-03-31,0
2024-01-31,5344,2023-03-31,3,,,,,,,,,,,,,,,,,,,,108031000000,94215000000,0.872,,94215000000,,,,,,,,,,,,true,false,12,2022-04-01,2023-03-31,-1
2024-01-31,5344,2023-03-31,3,,,,,,,,,,,,,,,,,,,,,,,,,,,,,78.00,,,,12372000,34649,,false,false,12,2022-04-01,2023-03-31,-1
2024-01-31,5344,2024-03-31,3,,,,,,,,,,,,,,,,,,,,,,,,,,,,,43.00,,,,,,,false,false,12,2023-04-01,2024-03-31,0
2024-01-31,5344,2024-03-31,3,,,,,,,,,,,,,,,,,,,,,,,,,,,,,86.00,,,,,,,false,true,12,2023-04-01,2024-03-31,0
2024-01-31,5344,2024-03-31,3,,,,,,,,,,,,,,,,,,,,,,,,,,,,,,,,,12372000,34083,12337511,false,false,9,2023-04-01,2023-12-31,0
2024-01-31,5344,2023-03-31,3,,,,,,,,,,,,,,,,,,,,,,,,,,,,,,,,,,,12337418,false,false,9,2022-04-01,2022-12-31,-1
2024-04-25,5344,2024-03-31,,61564000000,0.047,,,,,19801000000,-0.017,21121000000,-0.003,,15216000000,,1233.30,,0.150,0.183,0.322,,122515000000,109203000000,0.891,8851.10,109203000000,17222000000,-10814000000,-1363000000,55013000000,,0.070,,,,,,true,false,12,2023-04-01,2024-03-31,0
2024-04-25,5344,2023-03-31,,58804000000,0.082,,,,,20142000000,0.106,21187000000,0.105,,15020000000,,1217.45,,0.173,0.208,0.343,,108031000000,94215000000,0.872,7636.60,94215000000,15647000000,-8755000000,-1882000000,49585000000,,0.064,,,,,,true,false,12,2022-04-01,2023-03-31,-1
2024-04-25,5344,2025-03-31,,30800000000,0.098,,,,,10000000000,0.156,,,,,,,,,,,,,,,,,,,,,,,,,,,,true,true,6,2024-04-01,2024-09-30,1
2024-04-25,5344,2025-03-31,,70300000000,0.142,,,,,23000000000,0.162,,,,,,,,,,,,,,,,,,,,,,,,,,,,true,true,12,2024-04-01,2025-03-31,1
2024-04-25,5344,2024-03-31,,45949000000,0.040,,,,,16363000000,-0.032,19468000000,-0.018,14626000000,,-0.511,1185.50,,,,,,106211000000,94991000000,0.894,7699.15,94991000000,,,,,86.00,,,,12372000,34125,12337609,false,false,12,2023-04-01,2024-03-31,0
2024-04-25,5344,2023-03-31,,44194000000,0.090,,,,,16908000000,0.797,19824000000,0.825,29904000000,,2.858,2423.87,,,,,,92910000000,81330000000,0.875,6592.21,81330000000,,,,,78.00,,,,12372000,34649,12337413,false,false,12,2022-04-01,2023-03-31,-1
2024-04-25,5344,2025-03-31,,,,,,,,,,,,,,,,,,,,,,,,,,,,,,94.00,,,,,,,false,true,12,2024-04-01,2025-03-31,1
2024-07-29,5344,2025-03-31,1,16243000000,0.277,,,,,5640000000,0.598,6181000000,0.491,,4502000000,,364.96,,,,,,124916000000,114015000000,0.913,,114015000000,,,,,,,,,,,,true,false,3,2024-04-01,2024-06-30,0
2024-07-29,5344,2024-03-31,1,12722000000,-0.088,,,,,3530000000,-0.257,4145000000,-0.278,,2846000000,,230.73,,,,,,,,,,,,,,,,,,,,,,true,false,3,2023-04-01,2023-06-30,-1
2024-07-29,5344,2025-03-31,1,30800000000,0.098,,,,,10000000000,0.156,,,,,,,,,,,,,,,,,,,,,,,,,,,,true,true,6,2024-04-01,2024-09-30,0
2024-07-29,5344,2025-03-31,1,70300000000,0.142,,,,,23000000000,0.162,,,,,,,,,,,,,,,,,,,,,,,,,,,,true,true,12,2024-04-01,2025-03-31,0
2024-07-29,5344,2024-03-31,1,,,,,,,,,,,,,,,,,,,,122515000000,109203000000,0.891,,109203000000,,,,,,,,,,,,true,false,12,2023-04-01,2024-03-31,-1
2024-07-29,5344,2024-03-31,1,,,,,,,,,,,,,,,,,,,,,,,,,,,,,86.00,,,,12372000,34125,,false,false,12,2023-04-01,2024-03-31,-1
2024-07-29,5344,2025-03-31,1,,,,,,,,,,,,,,,,,,,,,,,,,,,,,94.00,,,,,,,false,true,12,2024-04-01,2025-03-31,0
2024-07-29,5344,2025-03-31,1,,,,,,,,,,,,,,,,,,,,,,,,,,,,,,,,,12372000,34148,12337866,false,false,3,2024-04-01,2024-06-30,0
2024-07-29,5344,2024-03-31,1,,,,,,,,,,,,,,,,,,,,,,,,,,,,,,,,,,,12337328,false,false,3,2023-04-01,2023-06-30,-1
2024-10-29,5344,2025-03-31,2,34822000000,0.241,,,,,12789000000,0.479,11999000000,0.248,,8440000000,,684.12,,,,,,131278000000,118030000000,0.899,,118030000000,,,,,,,,,,,,true,false,6,2024-04-01,2024-09-30,0
2024-10-29,5344,2024-03-31,2,28063000000,-0.054,,,,,8649000000,-0.185,9616000000,-0.213,,6777000000,,549.38,,,,,,,,,,,,,,,,,,,,,,true,false,6,2023-04-01,2023-09-30,-1
2024-10-29,5344,2025-03-31,2,70300000000,0.142,,,,,23000000000,0.162,,,,,,,,,,,,,,,,,,,,,,,,,,,,true,true,12,2024-04-01,2025-03-31,0
2024-10-29,5344,2024-03-31,2,,,,,,,,,,,,,,,,,,,,122515000000,109203000000,0.891,,109203000000,,,,,,,,,,,,true,false,12,2023-04-01,2024-03-31,-1
2024-10-29,5344,2024-03-31,2,,,,,,,,,,,,,,,,,,,,,,,,,,,,,86.00,,,,12372000,34125,,false,false,12,2023-04-01,2024-03-31,-1
2024-10-29,5344,2025-03-31,2,,,,,,,,,,,,,,,,,,,,,,,,,,,,,47.00,,,,,,,false,false,12,2024-04-01,2025-03-31,0
2024-10-29,5344,2025-03-31,2,,,,,,,,,,,,,,,,,,,,,,,,,,,,,94.00,,,,,,,false,true,12,2024-04-01,2025-03-31,0
2024-10-29,5344,2025-03-31,2,,,,,,,,,,,,,,,,,,,,,,,,,,,,,,,,,12372000,32058,12339942,false,false,6,2024-04-01,2024-09-30,0
2024-10-29,5344,2024-03-31,2,,,,,,,,,,,,,,,,,,,,,,,,,,,,,,,,,,,12337296,false,false,6,2023-04-01,2023-09-30,-1
2025-01-29,5344,2025-03-31,3,53141000000,0.180,,,,,19734000000,0.371,20034000000,0.339,,13965000000,,1131.80,,,,,,136528000000,123232000000,0.903,,123232000000,,,,,,,,,,,,true,false,9,2024-04-01,2024-12-31,0
2025-01-29,5344,2024-03-31,3,45026000000,0.010,,,,,14393000000,-0.103,14967000000,-0.119,,10603000000,,859.47,,,,,,,,,,,,,,,,,,,,,,true,false,9,2023-04-01,2023-12-31,-1
2025-01-29,5344,2025-03-31,3,72100000000,0.171,,,,,26600000000,0.343,,,,,,,,,,,,,,,,,,,,,,,,,,,,true,true,12,2024-04-01,2025-03-31,0
2025-01-29,5344,2024-03-31,3,,,,,,,,,,,,,,,,,,,,122515000000,109203000000,0.891,,109203000000,,,,,,,,,,,,true,false,12,2023-04-01,2024-03-31,-1
2025-01-29,5344,2024-03-31,3,,,,,,,,,,,,,,,,,,,,,,,,,,,,,86.00,,,,12372000,34125,,false,false,12,2023-04-01,2024-03-31,-1
2025-01-29,5344,2025-03-31,3,,,,,,,,,,,,,,,,,,,,,,,,,,,,,47.00,,,,,,,false,false,12,2024-04-01,2025-03-31,0
2025-01-29,5344,2025-03-31,3,,,,,,,,,,,,,,,,,,,,,,,,,,,,,94.00,,,,,,,false,true,12,2024-04-01,2025-03-31,0
2025-01-29,5344,2025-03-31,3,,,,,,,,,,,,,,,,,,,,,,,,,,,,,,,,,12372000,32091,12338844,false,false,9,2024-04-01,2024-12-31,0
2025-01-29,5344,2024-03-31,3,,,,,,,,,,,,,,,,,,,,,,,,,,,,,,,,,,,12337511,false,false,9,2023-04-01,2023-12-31,-1
2025-04-25,5344,2025-03-31,,71849000000,0.167,,,,,26914000000,0.359,27033000000,0.280,,19242000000,,1559.45,,0.162,0.204,0.375,,142285000000,127854000000,0.899,10361.04,127854000000,25351000000,-7682000000,-1512000000,71568000000,,0.060,,,,,,true,false,12,2024-04-01,2025-03-31,0
2025-04-25,5344,2024-03-31,,61564000000,0.047,,,,,19801000000,-0.017,21121000000,-0.003,,15216000000,,1233.30,,0.150,0.183,0.322,,122515000000,109203000000,0.891,8851.10,109203000000,17222000000,-10814000000,-1363000000,55013000000,,0.070,,,,,,true,false,12,2023-04-01,2024-03-31,-1
2025-04-25,5344,2026-03-31,,34900000000,0.002,,,,,12800000000,0.001,,,,,,,,,,,,,,,,,,,,,,,,,,,,true,true,6,2025-04-01,2025-09-30,1
2025-04-25,5344,2026-03-31,,76800000000,0.069,,,,,28800000000,0.070,,,,,,,,,,,,,,,,,,,,,,,,,,,,true,true,12,2025-04-01,2026-03-31,1
2025-04-25,5344,2025-03-31,,54290000000,0.182,,,,,22371000000,0.367,22935000000,0.178,16544000000,,0.131,1340.85,,,,,,122238000000,110376000000,0.903,8944.73,110376000000,,,,,94.00,,,,12372000,32112,12339106,false,false,12,2024-04-01,2025-03-31,0
2025-04-25,5344,2024-03-31,,45949000000,0.040,,,,,16363000000,-0.032,19468000000,-0.018,14626000000,,-0.511,1185.50,,,,,,106211000000,94991000000,0.894,7699.15,94991000000,,,,,86.00,,,,12372000,34125,12337609,false,false,12,2023-04-01,2024-03-31,-1
2025-04-25,5344,2026-03-31,,,,,,,,,,,,,,,,,,,,,,,,,,,,,,102.00,,,,,,,false,true,12,2025-04-01,2026-03-31,1
2025-07-24,5344,2026-03-31,1,17256000000,0.062,,,,,6002000000,0.064,5722000000,-0.074,,3878000000,,314.31,,,,,,141281000000,131474000000,0.931,,131474000000,,,,,,,,,,,,true,false,3,2025-04-01,2025-06-30,0
2025-07-24,5344,2025-03-31,1,16243000000,0.277,,,,,5640000000,0.598,6181000000,0.491,,4502000000,,364.96,,,,,,,,,,,,,,,,,,,,,,true,false,3,2024-04-01,2024-06-30,-1
2025-07-24,5344,2026-03-31,1,34900000000,0.002,,,,,12800000000,0.001,,,,,,,,,,,,,,,,,,,,,,,,,,,,true,true,6,2025-04-01,2025-09-30,0
2025-07-24,5344,2026-03-31,1,76800000000,0.069,,,,,28800000000,0.070,,,,,,,,,,,,,,,,,,,,,,,,,,,,true,true,12,2025-04-01,2026-03-31,0
2025-07-24,5344,2025-03-31,1,,,,,,,,,,,,,,,,,,,,142285000000,127854000000,0.899,,127854000000,,,,,,,,,,,,true,false,12,2024-04-01,2025-03-31,-1
2025-07-24,5344,2025-03-31,1,,,,,,,,,,,,,,,,,,,,,,,,,,,,,94.00,,,,12372000,32112,,false,false,12,2024-04-01,2025-03-31,-1
2025-07-24,5344,2026-03-31,1,,,,,,,,,,,,,,,,,,,,,,,,,,,,,102.00,,,,,,,false,true,12,2025-04-01,2026-03-31,0
2025-07-24,5344,2026-03-31,1,,,,,,,,,,,,,,,,,,,,,,,,,,,,,,,,,12372000,33264,12339793,false,false,3,2025-04-01,2025-06-30,0
2025-07-24,5344,2025-03-31,1,,,,,,,,,,,,,,,,,,,,,,,,,,,,,,,,,,,12337866,false,false,3,2024-04-01,2024-06-30,-1
