filing_date,code,fiscal_year_end,quarterly_period,net_sales,net_sales_change,revenue,revenue_change,operating_revenue,operating_revenue_change,operating_profit,operating_profit_change,ordinary_profit,ordinary_profit_change,net_income,net_income_of_parent,net_income_change,eps,diluted_eps,roe,roa,operating_profit_to_net_sales,operating_profit_to_revenue,total_assets,net_assets,equity_ratio,bps,owner_equity,operating_cash_flow,investing_cash_flow,financing_cash_flow,cash,dividend_per_share,payout_ratio,commemorative_dividend,extra_dividend,number_of_shares,number_of_treqsury_shares,avg_number_of_shares,is_consolidated,is_forecast,duration,period_start,period_end,period_pos
2015-05-08,53520,2015-03-31,,110425000000,0.093,,,,,3842000000,0.339,3750000000,0.224,1603000000,,-0.186,19.00,,0.040,0.037,0.035,,103048000000,45979000000,0.404,493.90,41668000000,3818000000,-1786000000,-2609000000,3407000000,,0.263,,,,,,true,false,12,2014-04-01,2015-03-31,0
2015-05-08,53520,2014-03-31,,101005000000,0.038,,,,,2869000000,0.216,3063000000,0.263,1968000000,,0.434,23.33,,0.054,0.031,0.028,,99891000000,41736000000,0.380,449.88,37957000000,4978000000,-1925000000,-2604000000,3690000000,,0.214,,,,,,true,false,12,2013-04-01,2014-03-31,-1
2015-05-08,53520,2015-03-31,,84559000000,0.049,,,,,2616000000,0.537,3393000000,0.283,1672000000,,-0.190,19.83,,,,,,78631000000,33440000000,0.425,396.37,33440000000,,,,,5.00,,,,91145280,6779495,84374075,false,false,12,2014-04-01,2015-03-31,0
2015-05-08,53520,2014-03-31,,80590000000,0.033,,,,,1702000000,0.278,2644000000,0.433,2065000000,,-0.455,24.47,,,,,,78260000000,31524000000,0.403,373.59,31524000000,,,,,5.00,,,,91145280,6773219,84385183,false,false,12,2013-04-01,2014-03-31,-1
2015-07-31,53520,2016-03-31,1,28060000000,0.056,,,,,1009000000,0.297,1075000000,0.572,,761000000,,9.03,,,,,,113833000000,45910000000,0.366,,41656000000,,,,,,,,,,,,true,false,3,2015-04-01,2015-06-30,0
2015-07-31,53520,2015-03-31,1,26568000000,0.105,,,,,777000000,0.591,684000000,0.077,,453000000,,5.38,,,,,,,,,,,,,,,,,,,,,,true,false,3,2014-04-01,2014-06-30,-1
2015-07-31,53520,2016-03-31,1,58000000000,0.082,,,,,2400000000,0.258,2400000000,0.333,,1600000000,,18.97,,,,,,,,,,,,,,,,,,,,,,true,true,6,2015-04-01,2015-09-30,0
2015-07-31,53520,2016-03-31,1,116000000000,0.050,,,,,4300000000,0.119,4200000000,0.120,,2700000000,,32.01,,,,,,,,,,,,,,,,,,,,,,true,true,12,2015-04-01,2016-03-31,0
2015-07-31,53520,2015-03-31,1,,,,,,,,,,,,,,,,,,,,103048000000,45979000000,0.404,,41668000000,,,,,,,,,,,,true,false,12,2014-04-01,2015-03-31,-1
2015-07-31,53520,2015-03-31,1,,,,,,,,,,,,,,,,,,,,,,,,,,,,,5.00,,,,91145280,6779495,,false,false,12,2014-04-01,2015-03-31,-1
2015-07-31,53520,2016-03-31,1,,,,,,,,,,,,,,,,,,,,,,,,,,,,,3.00,,,,,,,false,true,12,2015-04-01,2016-03-31,0
2015-07-31,53520,2016-03-31,1,,,,,,,,,,,,,,,,,,,,,,,,,,,,,,,,,91145280,6786956,84361078,false,false,3,2015-04-01,2015-06-30,0
2015-07-31,53520,2015-03-31,1,,,,,,,,,,,,,,,,,,,,,,,,,,,,,,,,,,,84369688,false,false,3,2014-04-01,2014-06-30,-1
2015-07-31,53520,2016-03-31,,58000000000,,,,,,2400000000,,2400000000,,,1600000000,,18.97,,,,,,,,,,,,,,,,,,,,,,true,true,6,2015-04-01,2015-09-30,0
2015-07-31,53520,2015-03-31,,53615000000,,,,,,1907000000,,1800000000,,,1138000000,,13.49,,,,,,,,,,,,,,,,,,,,,,true,false,6,2014-04-01,2014-09-30,-1
2015-07-31,53520,2016-03-31,,116000000000,,,,,,4300000000,,4200000000,,,2700000000,,32.01,,,,,,,,,,,,,,,,,,,,,,true,true,12,2015-04-01,2016-03-31,0
2015-07-31,53520,2015-03-31,,110425000000,,,,,,3842000000,,3750000000,,,1603000000,,19.00,,,,,,,,,,,,,,,,,,,,,,true,false,12,2014-04-01,2015-03-31,-1
2015-07-31,53520,2016-03-31,,,,,,,,,,,,,,,,,,,,,,,,,,,,,,3.00,,,,,,,false,true,12,2015-04-01,2016-03-31,0
2015-07-31,53520,2015-03-31,,,,,,,,,,,,,,,,,,,,,,,,,,,,,,5.00,,,,,,,false,false,12,2014-04-01,2015-03-31,-1
2015-10-30,53520,2016-03-31,2,58297000000,0.087,,,,,2592000000,0.359,2568000000,0.426,,1699000000,,20.15,,,,,,102143000000,45983000000,0.409,,41823000000,,,,,,,,,,,,true,false,6,2015-04-01,2015-09-30,0
2015-10-30,53520,2015-03-31,2,53615000000,0.097,,,,,1907000000,0.785,1800000000,0.518,,1138000000,,13.49,,,,,,,,,,,,,,,,,,,,,,true,false,6,2014-04-01,2014-09-30,-1
2015-10-30,53520,2016-03-31,2,116000000000,0.050,,,,,4700000000,0.223,4600000000,0.227,,2900000000,,34.38,,,,,,,,,,,,,,,,,,,,,,true,true,12,2015-04-01,2016-03-31,0
2015-10-30,53520,2015-03-31,2,,,,,,,,,,,,,,,,,,,,103048000000,45979000000,0.404,,41668000000,,,,,,,,,,,,true,false,12,2014-04-01,2015-03-31,-1
2015-10-30,53520,2015-03-31,2,,,,,,,,,,,,,,,,,,,,,,,,,,,,,5.00,,,,91145280,6779495,,false,false,12,2014-04-01,2015-03-31,-1
2015-10-30,53520,2016-03-31,2,,,,,,,,,,,,,,,,,,,,,,,,,,,,,3.00,,,,,,,false,false,12,2015-04-01,2016-03-31,0
2015-10-30,53520,2016-03-31,2,,,,,,,,,,,,,,,,,,,,,,,,,,,,,,,,,91145280,6792380,84357780,false,false,6,2015-04-01,2015-09-30,0
2015-10-30,53520,2015-03-31,2,,,,,,,,,,,,,,,,,,,,,,,,,,,,,,,,,,,84367620,false,false,6,2014-04-01,2014-09-30,-1
2015-10-30,53520,2016-03-31,,116000000000,,,,,,4700000000,0.093,4600000000,0.095,,2900000000,,34.38,,,,,,,,,,,,,,,,,,,,,,true,true,12,2015-04-01,2016-03-31,0
2015-10-30,53520,2015-03-31,,110425000000,,,,,,3842000000,,3750000000,,,1603000000,,19.00,,,,,,,,,,,,,,,,,,,,,,true,false,12,2014-04-01,2015-03-31,-1
2016-01-29,53520,2016-03-31,3,87305000000,0.054,,,,,4298000000,0.326,4256000000,0.299,,2852000000,,33.82,,,,,,115051000000,46781000000,0.371,,42649000000,,,,,,,,,,,,true,false,9,2015-04-01,2015-12-31,0
2016-01-29,53520,2015-03-31,3,82841000000,0.099,,,,,3242000000,0.414,3278000000,0.297,,1339000000,,15.87,,,,,,,,,,,,,,,,,,,,,,true,false,9,2014-04-01,2014-12-31,-1
2016-01-29,53520,2016-03-31,3,115000000000,0.041,,,,,5300000000,0.379,5400000000,0.440,,3500000000,,41.49,,,,,,,,,,,,,,,,,,,,,,true,true,12,2015-04-01,2016-03-31,0
2016-01-29,53520,2015-03-31,3,,,,,,,,,,,,,,,,,,,,103048000000,45979000000,0.404,,41668000000,,,,,,,,,,,,true,false,12,2014-04-01,2015-03-31,-1
2016-01-29,53520,2015-03-31,3,,,,,,,,,,,,,,,,,,,,,,,,,,,,,5.00,,,,91145280,6779495,,false,false,12,2014-04-01,2015-03-31,-1
2016-01-29,53520,2016-03-31,3,,,,,,,,,,,,,,,,,,,,,,,,,,,,,3.00,,,,,,,false,false,12,2015-04-01,2016-03-31,0
2016-01-29,53520,2016-03-31,3,,,,,,,,,,,,,,,,,,,,,,,,,,,,,7.00,,,,,,,false,true,12,2015-04-01,2016-03-31,0
2016-01-29,53520,2016-03-31,3,,,,,,,,,,,,,,,,,,,,,,,,,,,,,,,,,91145280,6798807,84354855,false,false,9,2015-04-01,2015-12-31,0
2016-01-29,53520,2015-03-31,3,,,,,,,,,,,,,,,,,,,,,,,,,,,,,,,,,,,84369086,false,false,9,2014-04-01,2014-12-31,-1
,53520,2016-03-31,,,,,,,,,,,,,,,,,,,,,,,,,,,,,,7.00,,,,,,,false,true,12,2015-04-01,2016-03-31,0
,53520,2016-03-31,,,,,,,,,,,,,,,,,,,,,,,,,,,,,,3.00,,,,,,,false,false,12,2015-04-01,2016-03-31,0
,53520,2015-03-31,,,,,,,,,,,,,,,,,,,,,,,,,,,,,,5.00,,,,,,,false,false,12,2014-04-01,2015-03-31,-1
2016-01-29,53520,2016-03-31,,115000000000,-0.009,,,,,5300000000,0.128,5400000000,0.174,,3500000000,,41.49,,,,,,,,,,,,,,,,,,,,,,true,true,12,2015-04-01,2016-03-31,0
2016-01-29,53520,2015-03-31,,110425000000,,,,,,3842000000,,3750000000,,,1603000000,,19.00,,,,,,,,,,,,,,,,,,,,,,true,false,12,2014-04-01,2015-03-31,-1
,53520,2016-03-31,,,,,,,,,,,,,,,,,,,,,,,,,,,,,,10.00,,,,,,,false,true,12,2015-04-01,2016-03-31,0
,53520,2016-03-31,,,,,,,,,,,,,,,,,,,,,,,,,,,,,,3.00,,,,,,,false,false,12,2015-04-01,2016-03-31,0
,53520,2015-03-31,,,,,,,,,,,,,,,,,,,,,,,,,,,,,,5.00,,,,,,,false,false,12,2014-04-01,2015-03-31,-1
2016-05-11,53520,2016-03-31,,115118000000,0.043,,,,,5836000000,0.519,5766000000,0.538,,3675000000,,43.57,,0.089,0.056,0.051,,102012000000,44967000000,0.402,485.61,40958000000,2296000000,-2297000000,-193000000,3110000000,,0.230,,,,,,true,false,12,2015-04-01,2016-03-31,0
2016-05-11,53520,2015-03-31,,110425000000,0.093,,,,,3842000000,0.339,3750000000,0.224,,1603000000,,19.00,,0.040,0.037,0.035,,103048000000,45979000000,0.404,493.90,41668000000,3818000000,-1786000000,-2609000000,3407000000,,0.263,,,,,,true,false,12,2014-04-01,2015-03-31,-1
2016-05-11,53520,2016-03-31,,87220000000,0.031,,,,,4152000000,0.587,4988000000,0.470,3517000000,,1.103,41.70,,,,,,82163000000,35595000000,0.433,422.02,35595000000,,,,,10.00,,,,91145280,6800871,84352438,false,false,12,2015-04-01,2016-03-31,0
2016-05-11,53520,2015-03-31,,84559000000,0.049,,,,,2616000000,0.537,3393000000,0.283,1672000000,,-0.190,19.83,,,,,,78631000000,33440000000,0.425,396.37,33440000000,,,,,5.00,,,,91145280,6779495,84374075,false,false,12,2014-04-01,2015-03-31,-1
2016-07-29,53520,2017-03-31,1,26353000000,-0.061,,,,,1564000000,0.551,1469000000,0.367,,877000000,,10.41,,,,,,109025000000,43756000000,0.367,,39984000000,,,,,,,,,,,,true,false,3,2016-04-01,2016-06-30,0
2016-07-29,53520,2016-03-31,1,28060000000,0.056,,,,,1009000000,0.297,1075000000,0.572,,761000000,,9.03,,,,,,,,,,,,,,,,,,,,,,true,false,3,2015-04-01,2015-06-30,-1
2016-07-29,53520,2017-03-31,1,52000000000,-0.108,,,,,2700000000,0.041,2800000000,0.090,,1700000000,,20.16,,,,,,,,,,,,,,,,,,,,,,true,true,6,2016-04-01,2016-09-30,0
2016-07-29,53520,2017-03-31,1,,,,,,,,,5500000000,-0.046,,,,,,,,,,,,,,,,,,,,,,,,,,true,true,12,2016-04-01,2017-03-31,0
2016-07-29,53520,2016-03-31,1,,,,,,,,,,,,,,,,,,,,102012000000,44967000000,0.402,,40958000000,,,,,,,,,,,,true,false,12,2015-04-01,2016-03-31,-1
2016-07-29,53520,2016-03-31,1,,,,,,,,,,,,,,,,,,,,,,,,,,,,,10.00,,,,91145280,6800871,,false,false,12,2015-04-01,2016-03-31,-1
2016-07-29,53520,2017-03-31,1,,,,,,,,,,,,,,,,,,,,,,,,,,,,,4.00,,,,,,,false,true,12,2016-04-01,2017-03-31,0
2016-07-29,53520,2017-03-31,1,,,,,,,,,,,,,,,,,,,,,,,,,,,,,,,,,91145280,6803172,84343068,false,false,3,2016-04-01,2016-06-30,0
2016-07-29,53520,2016-03-31,1,,,,,,,,,,,,,,,,,,,,,,,,,,,,,,,,,,,84361078,false,false,3,2015-04-01,2015-06-30,-1
2016-07-29,53520,2017-03-31,,52000000000,,,,,,2700000000,,2800000000,,,1700000000,,20.16,,,,,,,,,,,,,,,,,,,,,,true,true,6,2016-04-01,2016-09-30,0
2016-07-29,53520,2016-03-31,,58297000000,,,,,,2592000000,,2568000000,,,1699000000,,20.15,,,,,,,,,,,,,,,,,,,,,,true,false,6,2015-04-01,2015-09-30,-1
2016-07-29,53520,2016-03-31,,115118000000,,,,,,5836000000,,5766000000,,,3675000000,,43.57,,,,,,,,,,,,,,,,,,,,,,true,false,12,2015-04-01,2016-03-31,-1
2016-07-29,53520,2017-03-31,,,,,,,,,,5500000000,,,,,,,,,,,,,,,,,,,,,,,,,,,true,true,12,2016-04-01,2017-03-31,0
2016-07-29,53520,2017-03-31,,,,,,,,,,,,,,,,,,,,,,,,,,,,,,4.00,,,,,,,false,true,12,2016-04-01,2017-03-31,0
2016-07-29,53520,2016-03-31,,,,,,,,,,,,,,,,,,,,,,,,,,,,,,10.00,,,,,,,false,false,12,2015-04-01,2016-03-31,-1
2016-10-28,53520,2017-03-31,2,52550000000,-0.099,,,,,3608000000,0.392,3404000000,0.325,,2066000000,,24.50,,,,,,107876000000,44297000000,0.377,,40693000000,,,,,,,,,,,,true,false,6,2016-04-01,2016-09-30,0
2016-10-28,53520,2016-03-31,2,58297000000,0.087,,,,,2592000000,0.359,2568000000,0.426,,1699000000,,20.15,,,,,,,,,,,,,,,,,,,,,,true,false,6,2015-04-01,2015-09-30,-1
2016-10-28,53520,2017-03-31,2,103000000000,-0.105,,,,,6000000000,0.028,6000000000,0.041,,3800000000,,45.05,,,,,,,,,,,,,,,,,,,,,,true,true,12,2016-04-01,2017-03-31,0
2016-10-28,53520,2016-03-31,2,,,,,,,,,,,,,,,,,,,,102012000000,44967000000,0.402,,40958000000,,,,,,,,,,,,true,false,12,2015-04-01,2016-03-31,-1
2016-10-28,53520,2016-03-31,2,,,,,,,,,,,,,,,,,,,,,,,,,,,,,10.00,,,,91145280,6800871,,false,false,12,2015-04-01,2016-03-31,-1
2016-10-28,53520,2017-03-31,2,,,,,,,,,,,,,,,,,,,,,,,,,,,,,5.00,,,,,,,false,false,12,2016-04-01,2017-03-31,0
2016-10-28,53520,2017-03-31,2,,,,,,,,,,,,,,,,,,,,,,,,,,,,,,,,,91145280,6806159,84341962,false,false,6,2016-04-01,2016-09-30,0
2016-10-28,53520,2016-03-31,2,,,,,,,,,,,,,,,,,,,,,,,,,,,,,,,,,,,84357780,false,false,6,2015-04-01,2015-09-30,-1
2016-10-28,53520,2017-03-31,,103000000000,,,,,,6000000000,,6000000000,0.091,,3800000000,,45.05,,,,,,,,,,,,,,,,,,,,,,true,true,12,2016-04-01,2017-03-31,0
2016-10-28,53520,2016-03-31,,115118000000,,,,,,5836000000,,5766000000,,,3675000000,,43.57,,,,,,,,,,,,,,,,,,,,,,true,false,12,2015-04-01,2016-03-31,-1
2017-01-27,53520,2017-03-31,3,81334000000,-0.068,,,,,6049000000,0.407,6178000000,0.451,,3971000000,,47.08,,,,,,114798000000,48110000000,0.384,,44101000000,,,,,,,,,,,,true,false,9,2016-04-01,2016-12-31,0
2017-01-27,53520,2016-03-31,3,87305000000,0.054,,,,,4298000000,0.326,4256000000,0.299,,2852000000,,33.82,,,,,,,,,,,,,,,,,,,,,,true,false,9,2015-04-01,2015-12-31,-1
2017-01-27,53520,2017-03-31,3,110000000000,-0.044,,,,,7500000000,0.285,7500000000,0.301,,4500000000,,53.36,,,,,,,,,,,,,,,,,,,,,,true,true,12,2016-04-01,2017-03-31,0
2017-01-27,53520,2016-03-31,3,,,,,,,,,,,,,,,,,,,,102012000000,44967000000,0.402,,40958000000,,,,,,,,,,,,true,false,12,2015-04-01,2016-03-31,-1
2017-01-27,53520,2016-03-31,3,,,,,,,,,,,,,,,,,,,,,,,,,,,,,10.00,,,,91145280,6800871,,false,false,12,2015-04-01,2016-03-31,-1
2017-01-27,53520,2017-03-31,3,,,,,,,,,,,,,,,,,,,,,,,,,,,,,5.00,,,,,,,false,false,12,2016-04-01,2017-03-31,0
2017-01-27,53520,2017-03-31,3,,,,,,,,,,,,,,,,,,,,,,,,,,,,,13.00,,,,,,,false,true,12,2016-04-01,2017-03-31,0
2017-01-27,53520,2017-03-31,3,,,,,,,,,,,,,,,,,,,,,,,,,,,,,,,,,91145280,6812323,84339760,false,false,9,2016-04-01,2016-12-31,0
2017-01-27,53520,2016-03-31,3,,,,,,,,,,,,,,,,,,,,,,,,,,,,,,,,,,,84354855,false,false,9,2015-04-01,2015-12-31,-1
2017-01-27,53520,2017-03-31,,110000000000,0.068,,,,,7500000000,0.250,7500000000,0.250,,4500000000,,53.36,,,,,,,,,,,,,,,,,,,,,,true,true,12,2016-04-01,2017-03-31,0
2017-01-27,53520,2016-03-31,,115118000000,,,,,,5836000000,,5766000000,,,3675000000,,43.57,,,,,,,,,,,,,,,,,,,,,,true,false,12,2015-04-01,2016-03-31,-1
2017-01-27,53520,2017-03-31,,,,,,,,,,,,,,,,,,,,,,,,,,,,,,13.00,,,,,,,false,true,12,2016-04-01,2017-03-31,0
2017-01-27,53520,2017-03-31,,,,,,,,,,,,,,,,,,,,,,,,,,,,,,5.00,,,,,,,false,false,12,2016-04-01,2017-03-31,0
2017-01-27,53520,2016-03-31,,,,,,,,,,,,,,,,,,,,,,,,,,,,,,10.00,,,,,,,false,false,12,2015-04-01,2016-03-31,-1
2017-05-10,53520,2017-03-31,,108371000000,-0.059,,,,,7675000000,0.315,7844000000,0.360,,4426000000,,52.49,,0.101,0.072,0.071,,116702000000,50775000000,0.398,550.77,46445000000,-2792000000,-2182000000,4955000000,3052000000,,0.248,,,,,,true,false,12,2016-04-01,2017-03-31,0
2017-05-10,53520,2016-03-31,,115118000000,0.043,,,,,5836000000,0.519,5766000000,0.538,,3675000000,,43.57,,0.089,0.056,0.051,,102012000000,44967000000,0.402,485.61,40958000000,2296000000,-2297000000,-193000000,3110000000,,0.230,,,,,,true,false,12,2015-04-01,2016-03-31,-1
2017-05-10,53520,2018-03-31,,118000000000,0.089,,,,,,,7500000000,-0.044,,,,,,,,,,,,,,,,,,,,,,,,,,true,true,12,2017-04-01,2018-03-31,1
2017-05-10,53520,2017-03-31,,82399000000,-0.055,,,,,5622000000,0.354,6785000000,0.360,4443000000,,0.263,52.69,,,,,,94990000000,40769000000,0.429,483.46,40769000000,,,,,13.00,,,,91145280,6817539,84337197,false,false,12,2016-04-01,2017-03-31,0
2017-05-10,53520,2016-03-31,,87220000000,0.031,,,,,4152000000,0.587,4988000000,0.470,3517000000,,1.103,41.70,,,,,,82163000000,35595000000,0.433,422.02,35595000000,,,,,10.00,,,,91145280,6800871,84352438,false,false,12,2015-04-01,2016-03-31,-1
2017-07-31,53520,2018-03-31,1,29549000000,0.121,,,,,2076000000,0.327,2251000000,0.532,,1486000000,,17.63,,,,,,118265000000,51720000000,0.403,,47612000000,,,,,,,,,,,,true,false,3,2017-04-01,2017-06-30,0
2017-07-31,53520,2017-03-31,1,26353000000,-0.061,,,,,1564000000,0.551,1469000000,0.367,,877000000,,10.41,,,,,,,,,,,,,,,,,,,,,,true,false,3,2016-04-01,2016-06-30,-1
2017-07-31,53520,2018-03-31,1,60000000000,0.142,,,,,3100000000,-0.141,3300000000,-0.031,,2100000000,,24.90,,,,,,,,,,,,,,,,,,,,,,true,true,6,2017-04-01,2017-09-30,0
2017-07-31,53520,2018-03-31,1,120000000000,0.107,,,,,7300000000,-0.049,7500000000,-0.044,,4800000000,,569.21,,,,,,,,,,,,,,,,,,,,,,true,true,12,2017-04-01,2018-03-31,0
2017-07-31,53520,2017-03-31,1,,,,,,,,,,,,,,,,,,,,116702000000,50775000000,0.398,,46445000000,,,,,,,,,,,,true,false,12,2016-04-01,2017-03-31,-1
2017-07-31,53520,2017-03-31,1,,,,,,,,,,,,,,,,,,,,,,,,,,,,,13.00,,,,91145280,6817539,,false,false,12,2016-04-01,2017-03-31,-1
2017-07-31,53520,2018-03-31,1,,,,,,,,,,,,,,,,,,,,,,,,,,,,,5.00,,,,,,,false,true,12,2017-04-01,2018-03-31,0
2017-07-31,53520,2018-03-31,1,,,,,,,,,,,,,,,,,,,,,,,,,,,,,,,,,91145280,6818583,84326966,false,false,3,2017-04-01,2017-06-30,0
2017-07-31,53520,2017-03-31,1,,,,,,,,,,,,,,,,,,,,,,,,,,,,,,,,,,,84343068,false,false,3,2016-04-01,2016-06-30,-1
2017-07-31,53520,2018-03-31,,60000000000,,,,,,3100000000,,3300000000,,,2100000000,,24.90,,,,,,,,,,,,,,,,,,,,,,true,true,6,2017-04-01,2017-09-30,0
2017-07-31,53520,2017-03-31,,52550000000,,,,,,3608000000,,3404000000,,,2066000000,,24.50,,,,,,,,,,,,,,,,,,,,,,true,false,6,2016-04-01,2016-09-30,-1
2017-07-31,53520,2018-03-31,,120000000000,0.017,,,,,7300000000,,7500000000,0.000,,4800000000,,569.21,,,,,,,,,,,,,,,,,,,,,,true,true,12,2017-04-01,2018-03-31,0
2017-07-31,53520,2017-03-31,,108371000000,,,,,,7675000000,,7844000000,,,4426000000,,52.49,,,,,,,,,,,,,,,,,,,,,,true,false,12,2016-04-01,2017-03-31,-1
2017-07-31,53520,2018-03-31,,,,,,,,,,,,,,,,,,,,,,,,,,,,,,5.00,,,,,,,false,true,12,2017-04-01,2018-03-31,0
2017-07-31,53520,2017-03-31,,,,,,,,,,,,,,,,,,,,,,,,,,,,,,13.00,,,,,,,false,false,12,2016-04-01,2017-03-31,-1
2017-10-30,53520,2018-03-31,2,58697000000,0.117,,,,,3873000000,0.073,4239000000,0.245,,2727000000,,32.35,,,,,,121747000000,53724000000,0.407,,49493000000,,,,,,,,,,,,true,false,6,2017-04-01,2017-09-30,0
2017-10-30,53520,2017-03-31,2,52550000000,-0.099,,,,,3608000000,0.392,3404000000,0.325,,2066000000,,24.50,,,,,,,,,,,,,,,,,,,,,,true,false,6,2016-04-01,2016-09-30,-1
2017-10-30,53520,2018-03-31,2,120000000000,0.107,,,,,7100000000,-0.075,7500000000,-0.044,,4800000000,,569.21,,,,,,,,,,,,,,,,,,,,,,true,true,12,2017-04-01,2018-03-31,0
2017-10-30,53520,2017-03-31,2,,,,,,,,,,,,,,,,,,,,116702000000,50775000000,0.398,,46445000000,,,,,,,,,,,,true,false,12,2016-04-01,2017-03-31,-1
2017-10-30,53520,2017-03-31,2,,,,,,,,,,,,,,,,,,,,,,,,,,,,,13.00,,,,91145280,6817539,,false,false,12,2016-04-01,2017-03-31,-1
2017-10-30,53520,2018-03-31,2,,,,,,,,,,,,,,,,,,,,,,,,,,,,,5.00,,,,,,,false,false,12,2017-04-01,2018-03-31,0
2017-10-30,53520,2018-03-31,2,,,,,,,,,,,,,,,,,,,,,,,,,,,,,,,,,91145280,6827705,84323994,false,false,6,2017-04-01,2017-09-30,0
2017-10-30,53520,2017-03-31,2,,,,,,,,,,,,,,,,,,,,,,,,,,,,,,,,,,,84341962,false,false,6,2016-04-01,2016-09-30,-1
2017-10-30,53520,2018-03-31,,120000000000,0.000,,,,,7100000000,-0.027,7500000000,0.000,,4800000000,,569.21,,,,,,,,,,,,,,,,,,,,,,true,true,12,2017-04-01,2018-03-31,0
2017-10-30,53520,2017-03-31,,108371000000,,,,,,7675000000,,7844000000,,,4426000000,,52.49,,,,,,,,,,,,,,,,,,,,,,true,false,12,2016-04-01,2017-03-31,-1
2018-01-31,53520,2018-03-31,3,90711000000,0.115,,,,,6690000000,0.106,7176000000,0.161,,4635000000,,549.75,,,,,,128435000000,57021000000,0.409,,52534000000,,,,,,,,,,,,true,false,9,2017-04-01,2017-12-31,0
2018-01-31,53520,2017-03-31,3,81334000000,-0.068,,,,,6049000000,0.407,6178000000,0.451,,3971000000,,470.84,,,,,,,,,,,,,,,,,,,,,,true,false,9,2016-04-01,2016-12-31,-1
2018-01-31,53520,2018-03-31,3,125000000000,0.153,,,,,8100000000,0.055,8500000000,0.084,,5200000000,,616.71,,,,,,,,,,,,,,,,,,,,,,true,true,12,2017-04-01,2018-03-31,0
2018-01-31,53520,2017-03-31,3,,,,,,,,,,,,,,,,,,,,116702000000,50775000000,0.398,,46445000000,,,,,,,,,,,,true,false,12,2016-04-01,2017-03-31,-1
2018-01-31,53520,2017-03-31,3,,,,,,,,,,,,,,,,,,,,,,,,,,,,,13.00,,,,9114528,681753,,false,false,12,2016-04-01,2017-03-31,-1
2018-01-31,53520,2018-03-31,3,,,,,,,,,,,,,,,,,,,,,,,,,,,,,5.00,,,,,,,false,false,12,2017-04-01,2018-03-31,0
2018-01-31,53520,2018-03-31,3,,,,,,,,,,,,,,,,,,,,,,,,,,,,,100.00,,,,,,,false,true,12,2017-04-01,2018-03-31,0
2018-01-31,53520,2018-03-31,3,,,,,,,,,,,,,,,,,,,,,,,,,,,,,,,,,9114528,685169,8431788,false,false,9,2017-04-01,2017-12-31,0
2018-01-31,53520,2017-03-31,3,,,,,,,,,,,,,,,,,,,,,,,,,,,,,,,,,,,8433976,false,false,9,2016-04-01,2016-12-31,-1
2018-01-31,53520,2018-03-31,,125000000000,0.042,,,,,8100000000,0.141,8500000000,0.133,,5200000000,,616.71,,,,,,,,,,,,,,,,,,,,,,true,true,12,2017-04-01,2018-03-31,0
2018-01-31,53520,2017-03-31,,108371000000,,,,,,7675000000,,7844000000,,,4426000000,,524.88,,,,,,,,,,,,,,,,,,,,,,true,false,12,2016-04-01,2017-03-31,-1
2018-01-31,53520,2018-03-31,,,,,,,,,,,,,,,,,,,,,,,,,,,,,,100.00,,,,,,,false,true,12,2017-04-01,2018-03-31,0
2018-01-31,53520,2018-03-31,,,,,,,,,,,,,,,,,,,,,,,,,,,,,,5.00,,,,,,,false,false,12,2017-04-01,2018-03-31,0
2018-01-31,53520,2017-03-31,,,,,,,,,,,,,,,,,,,,,,,,,,,,,,13.00,,,,,,,false,false,12,2016-04-01,2017-03-31,-1
2018-05-11,53520,2018-03-31,,123977000000,0.144,,,,,8494000000,0.107,8991000000,0.146,,5656000000,,670.96,,0.113,0.072,0.069,,131928000000,57755000000,0.404,6321.82,53281000000,2687000000,-2368000000,740000000,4271000000,,0.253,,,,,,true,false,12,2017-04-01,2018-03-31,0
2018-05-11,53520,2017-03-31,,108371000000,-0.059,,,,,7675000000,0.315,7844000000,0.360,,4426000000,,524.88,,0.101,0.072,0.071,,116702000000,50775000000,0.398,5507.72,46445000000,-2792000000,-2182000000,4955000000,3052000000,,0.248,,,,,,true,false,12,2016-04-01,2017-03-31,-1
2018-05-11,53520,2019-03-31,,134000000000,0.081,,,,,,,9500000000,0.057,,,,,,,,,,,,,,,,,,,,,,,,,,true,true,12,2018-04-01,2019-03-31,1
2018-05-11,53520,2018-03-31,,92574000000,0.123,,,,,5436000000,-0.033,7293000000,0.075,5374000000,,0.210,637.50,,,,,,105770000000,45771000000,0.433,5430.80,45771000000,,,,,120.00,,,,9114528,686344,8431011,false,false,12,2017-04-01,2018-03-31,0
2018-05-11,53520,2017-03-31,,82399000000,-0.055,,,,,5622000000,0.354,6785000000,0.360,4443000000,,0.263,526.86,,,,,,94990000000,40769000000,0.429,4834.62,40769000000,,,,,13.00,,,,9114528,681753,8433719,false,false,12,2016-04-01,2017-03-31,-1
2018-07-30,53520,2019-03-31,1,35445000000,0.200,,,,,2957000000,0.424,3092000000,0.373,,1957000000,,232.26,,,,,,132938000000,57972000000,0.402,,53414000000,,,,,,,,,,,,true,false,3,2018-04-01,2018-06-30,0
2018-07-30,53520,2018-03-31,1,29549000000,0.121,,,,,2076000000,0.327,2251000000,0.532,,1486000000,,176.26,,,,,,,,,,,,,,,,,,,,,,true,false,3,2017-04-01,2017-06-30,-1
2018-07-30,53520,2019-03-31,1,69000000000,0.176,,,,,5100000000,0.317,5300000000,0.250,3300000000,,0.210,391.56,,,,,,,,,,,,,,,,,,,,,,true,true,6,2018-04-01,2018-09-30,0
2018-07-30,53520,2019-03-31,1,139000000000,0.121,,,,,10800000000,0.271,11000000000,0.223,7200000000,,0.273,854.30,,,,,,,,,,,,,,,,,,,,,,true,true,12,2018-04-01,2019-03-31,0
2018-07-30,53520,2018-03-31,1,,,,,,,,,,,,,,,,,,,,131031000000,57755000000,0.407,,53281000000,,,,,,,,,,,,true,false,12,2017-04-01,2018-03-31,-1
2018-07-30,53520,2018-03-31,1,,,,,,,,,,,,,,,,,,,,,,,,,,,,,120.00,,,,9114528,686344,,false,false,12,2017-04-01,2018-03-31,-1
2018-07-30,53520,2019-03-31,1,,,,,,,,,,,,,,,,,,,,,,,,,,,,,100.00,,,,,,,false,true,12,2018-04-01,2019-03-31,0
2018-07-30,53520,2019-03-31,1,,,,,,,,,,,,,,,,,,,,,,,,,,,,,,,,,9114528,686722,8427933,false,false,3,2018-04-01,2018-06-30,0
2018-07-30,53520,2018-03-31,1,,,,,,,,,,,,,,,,,,,,,,,,,,,,,,,,,,,8432696,false,false,3,2017-04-01,2017-06-30,-1
2018-10-31,53520,2019-03-31,2,71497000000,0.218,,,,,5437000000,0.404,5768000000,0.361,,3654000000,,433.64,,,,,,134027000000,59270000000,0.408,,54745000000,,,,,,,,,,,,true,false,6,2018-04-01,2018-09-30,0
2018-10-31,53520,2018-03-31,2,58697000000,0.117,,,,,3873000000,0.073,4239000000,0.245,,2727000000,,323.46,,,,,,,,,,,,,,,,,,,,,,true,false,6,2017-04-01,2017-09-30,-1
2018-10-31,53520,2019-03-31,2,143000000000,0.153,,,,,11000000000,0.295,11300000000,0.257,,7300000000,,866.22,,,,,,,,,,,,,,,,,,,,,,true,true,12,2018-04-01,2019-03-31,0
2018-10-31,53520,2018-03-31,2,,,,,,,,,,,,,,,,,,,,131031000000,57755000000,0.407,,53281000000,,,,,,,,,,,,true,false,12,2017-04-01,2018-03-31,-1
2018-10-31,53520,2018-03-31,2,,,,,,,,,,,,,,,,,,,,,,,,,,,,,120.00,,,,9114528,686344,,false,false,12,2017-04-01,2018-03-31,-1
2018-10-31,53520,2019-03-31,2,,,,,,,,,,,,,,,,,,,,,,,,,,,,,100.00,,,,,,,false,false,12,2018-04-01,2019-03-31,0
2018-10-31,53520,2019-03-31,2,,,,,,,,,,,,,,,,,,,,,,,,,,,,,,,,,9114528,688179,8427450,false,false,6,2018-04-01,2018-09-30,0
2018-10-31,53520,2018-03-31,2,,,,,,,,,,,,,,,,,,,,,,,,,,,,,,,,,,,8432399,false,false,6,2017-04-01,2017-09-30,-1
2018-10-31,53520,2019-03-31,,143000000000,0.029,,,,,11000000000,0.019,11300000000,0.027,,7300000000,,866.22,,,,,,,,,,,,,,,,,,,,,,true,true,12,2018-04-01,2019-03-31,0
2018-10-31,53520,2018-03-31,,123977000000,,,,,,8494000000,,8991000000,,,5656000000,,670.96,,,,,,,,,,,,,,,,,,,,,,true,false,12,2017-04-01,2018-03-31,-1
2019-01-30,53520,2019-03-31,3,108686000000,0.198,,,,,8449000000,0.263,8804000000,0.227,,5945000000,,705.55,,,,,,138060000000,54451000000,0.372,,51350000000,,,,,,,,,,,,true,false,9,2018-04-01,2018-12-31,0
2019-01-30,53520,2018-03-31,3,90711000000,0.115,,,,,6690000000,0.106,7176000000,0.161,,4635000000,,549.75,,,,,,,,,,,,,,,,,,,,,,true,false,9,2017-04-01,2017-12-31,-1
2019-01-30,53520,2019-03-31,3,143000000000,0.153,,,,,11000000000,0.295,11300000000,0.257,,7900000000,,937.48,,,,,,,,,,,,,,,,,,,,,,true,true,12,2018-04-01,2019-03-31,0
2019-01-30,53520,2018-03-31,3,,,,,,,,,,,,,,,,,,,,131031000000,57755000000,0.407,,53281000000,,,,,,,,,,,,true,false,12,2017-04-01,2018-03-31,-1
2019-01-30,53520,2018-03-31,3,,,,,,,,,,,,,,,,,,,,,,,,,,,,,120.00,,,,9114528,686344,,false,false,12,2017-04-01,2018-03-31,-1
2019-01-30,53520,2019-03-31,3,,,,,,,,,,,,,,,,,,,,,,,,,,,,,100.00,,,,,,,false,false,12,2018-04-01,2019-03-31,0
2019-01-30,53520,2019-03-31,3,,,,,,,,,,,,,,,,,,,,,,,,,,,,,280.00,,,,,,,false,true,12,2018-04-01,2019-03-31,0
2019-01-30,53520,2019-03-31,3,,,,,,,,,,,,,,,,,,,,,,,,,,,,,,,,,9114528,689045,8426874,false,false,9,2018-04-01,2018-12-31,0
2019-01-30,53520,2018-03-31,3,,,,,,,,,,,,,,,,,,,,,,,,,,,,,,,,,,,8431788,false,false,9,2017-04-01,2017-12-31,-1
2019-01-30,53520,2019-03-31,,143000000000,0.000,,,,,11000000000,0.000,11300000000,0.000,,7900000000,,937.48,,,,,,,,,,,,,,,,,,,,,,true,true,12,2018-04-01,2019-03-31,0
2019-01-30,53520,2018-03-31,,123977000000,,,,,,8494000000,,8991000000,,,5656000000,,670.96,,,,,,,,,,,,,,,,,,,,,,true,false,12,2017-04-01,2018-03-31,-1
2019-01-30,53520,2019-03-31,,,,,,,,,,,,,,,,,,,,,,,,,,,,,,280.00,,,,,,,false,true,12,2018-04-01,2019-03-31,0
2019-01-30,53520,2019-03-31,,,,,,,,,,,,,,,,,,,,,,,,,,,,,,100.00,,,,,,,false,false,12,2018-04-01,2019-03-31,0
2019-01-30,53520,2018-03-31,,,,,,,,,,,,,,,,,,,,,,,,,,,,,,120.00,,,,,,,false,false,12,2017-04-01,2018-03-31,-1
2019-05-10,53520,2019-03-31,,142347000000,0.148,,,,,10543000000,0.241,11289000000,0.256,,7868000000,,933.76,,0.148,0.085,0.074,,135422000000,56236000000,0.392,6297.94,53059000000,10270000000,-2265000000,-6721000000,5376000000,,0.300,,,,,,true,false,12,2018-04-01,2019-03-31,0
2019-05-10,53520,2018-03-31,,123977000000,0.144,,,,,8494000000,0.107,8991000000,0.146,,5656000000,,670.96,,0.113,0.073,0.069,,131031000000,57755000000,0.407,6321.82,53281000000,2687000000,-2368000000,740000000,4271000000,,0.253,,,,,,true,false,12,2017-04-01,2018-03-31,-1
2019-05-10,53520,2020-03-31,,148000000000,0.040,,,,,,,12000000000,0.063,,,,,,,,,,,,,,,,,,,,,,,,,,true,true,12,2019-04-01,2020-03-31,1
2019-05-10,53520,2019-03-31,,101556000000,0.097,,,,,5762000000,0.060,7222000000,-0.010,6130000000,,0.141,727.51,,,,,,110192000000,48016000000,0.436,5699.28,48016000000,,,,,280.00,,,,9114528,689573,8426452,false,false,12,2018-04-01,2019-03-31,0
2019-05-10,53520,2018-03-31,,92574000000,0.123,,,,,5436000000,-0.033,7293000000,0.075,5374000000,,0.210,637.50,,,,,,104989000000,45771000000,0.436,5430.80,45771000000,,,,,120.00,,,,9114528,686344,8431011,false,false,12,2017-04-01,2018-03-31,-1
2019-07-31,53520,2020-03-31,1,35342000000,-0.003,,,,,2342000000,-0.208,2350000000,-0.240,,1498000000,,177.92,,,,,,130395000000,55432000000,0.403,,52514000000,,,,,,,,,,,,true,false,3,2019-04-01,2019-06-30,0
2019-07-31,53520,2019-03-31,1,35445000000,0.200,,,,,2957000000,0.424,3092000000,0.373,,1957000000,,232.26,,,,,,,,,,,,,,,,,,,,,,true,false,3,2018-04-01,2018-06-30,-1
2019-07-31,53520,2020-03-31,1,72000000000,0.007,,,,,5000000000,-0.080,5000000000,-0.133,,3000000000,,356.09,,,,,,,,,,,,,,,,,,,,,,true,true,6,2019-04-01,2019-09-30,0
2019-07-31,53520,2020-03-31,1,148000000000,0.040,,,,,,,12000000000,0.063,,,,,,,,,,,,,,,,,,,,,,,,,,true,true,12,2019-04-01,2020-03-31,0
2019-07-31,53520,2019-03-31,1,,,,,,,,,,,,,,,,,,,,135422000000,56236000000,0.392,,53059000000,,,,,,,,,,,,true,false,12,2018-04-01,2019-03-31,-1
2019-07-31,53520,2019-03-31,1,,,,,,,,,,,,,,,,,,,,,,,,,,,,,280.00,,,,9114528,689573,,false,false,12,2018-04-01,2019-03-31,-1
2019-07-31,53520,2020-03-31,1,,,,,,,,,,,,,,,,,,,,,,,,,,,,,100.00,,,,,,,false,true,12,2019-04-01,2020-03-31,0
2019-07-31,53520,2020-03-31,1,,,,,,,,,,,,,,,,,,,,,,,,,,,,,,,,,9114528,689630,8424914,false,false,3,2019-04-01,2019-06-30,0
2019-07-31,53520,2019-03-31,1,,,,,,,,,,,,,,,,,,,,,,,,,,,,,,,,,,,8427933,false,false,3,2018-04-01,2018-06-30,-1
2019-10-30,53520,2020-03-31,2,70839000000,-0.009,,,,,4889000000,-0.101,4923000000,-0.147,,3166000000,,375.88,,,,,,129314000000,56551000000,0.415,,53649000000,,,,,,,,,,,,true,false,6,2019-04-01,2019-09-30,0
2019-10-30,53520,2019-03-31,2,71497000000,0.218,,,,,5437000000,0.404,5768000000,0.361,,3654000000,,433.64,,,,,,,,,,,,,,,,,,,,,,true,false,6,2018-04-01,2018-09-30,-1
2019-10-30,53520,2020-03-31,2,140000000000,-0.016,,,,,9800000000,-0.071,10000000000,-0.114,,6300000000,,747.79,,,,,,,,,,,,,,,,,,,,,,true,true,12,2019-04-01,2020-03-31,0
2019-10-30,53520,2019-03-31,2,,,,,,,,,,,,,,,,,,,,135422000000,56236000000,0.392,,53059000000,,,,,,,,,,,,true,false,12,2018-04-01,2019-03-31,-1
2019-10-30,53520,2019-03-31,2,,,,,,,,,,,,,,,,,,,,,,,,,,,,,280.00,,,,9114528,689573,,false,false,12,2018-04-01,2019-03-31,-1
2019-10-30,53520,2020-03-31,2,,,,,,,,,,,,,,,,,,,,,,,,,,,,,100.00,,,,,,,false,false,12,2019-04-01,2020-03-31,0
2019-10-30,53520,2020-03-31,2,,,,,,,,,,,,,,,,,,,,,,,,,,,,,,,,,9114528,689967,8424772,false,false,6,2019-04-01,2019-09-30,0
2019-10-30,53520,2019-03-31,2,,,,,,,,,,,,,,,,,,,,,,,,,,,,,,,,,,,8427450,false,false,6,2018-04-01,2018-09-30,-1
2020-01-31,53520,2020-03-31,3,105195000000,-0.032,,,,,7027000000,-0.168,7295000000,-0.171,,4767000000,,565.88,,,,,,130113000000,57208000000,0.417,,54223000000,,,,,,,,,,,,true,false,9,2019-04-01,2019-12-31,0
2020-01-31,53520,2019-03-31,3,108686000000,0.198,,,,,8449000000,0.263,8804000000,0.227,,5945000000,,705.55,,,,,,,,,,,,,,,,,,,,,,true,false,9,2018-04-01,2018-12-31,-1
2020-01-31,53520,2020-03-31,3,140000000000,-0.016,,,,,9800000000,-0.071,10000000000,-0.114,,6300000000,,747.81,,,,,,,,,,,,,,,,,,,,,,true,true,12,2019-04-01,2020-03-31,0
2020-01-31,53520,2019-03-31,3,,,,,,,,,,,,,,,,,,,,135422000000,56236000000,0.392,,53059000000,,,,,,,,,,,,true,false,12,2018-04-01,2019-03-31,-1
2020-01-31,53520,2019-03-31,3,,,,,,,,,,,,,,,,,,,,,,,,,,,,,280.00,,,,9114528,689573,,false,false,12,2018-04-01,2019-03-31,-1
2020-01-31,53520,2020-03-31,3,,,,,,,,,,,,,,,,,,,,,,,,,,,,,100.00,,,,,,,false,false,12,2019-04-01,2020-03-31,0
2020-01-31,53520,2020-03-31,3,,,,,,,,,,,,,,,,,,,,,,,,,,,,,220.00,,,,,,,false,true,12,2019-04-01,2020-03-31,0
2020-01-31,53520,2020-03-31,3,,,,,,,,,,,,,,,,,,,,,,,,,,,,,,,,,9114528,690461,8424627,false,false,9,2019-04-01,2019-12-31,0
2020-01-31,53520,2019-03-31,3,,,,,,,,,,,,,,,,,,,,,,,,,,,,,,,,,,,8426874,false,false,9,2018-04-01,2018-12-31,-1
2020-05-11,53520,2020-03-31,,137395000000,-0.035,,,,,9387000000,-0.110,9764000000,-0.135,,6444000000,,765.04,,0.120,0.074,0.068,,126942000000,57233000000,0.427,6436.93,54222000000,9068000000,-7044000000,-3475000000,3785000000,,0.288,,,,,,true,false,12,2019-04-01,2020-03-31,0
2020-05-11,53520,2019-03-31,,142347000000,0.148,,,,,10543000000,0.241,11289000000,0.256,,7868000000,,933.76,,0.148,0.085,0.074,,135422000000,56236000000,0.392,6297.94,53059000000,10270000000,-2265000000,-6721000000,5376000000,,0.300,,,,,,true,false,12,2018-04-01,2019-03-31,-1
2020-05-11,53520,2020-03-31,,96013000000,-0.055,,,,,5409000000,-0.061,6855000000,-0.051,5048000000,,-0.177,599.21,,,,,,104656000000,50139000000,0.479,5952.23,50139000000,,,,,220.00,,,,9114528,690843,8424418,false,false,12,2019-04-01,2020-03-31,0
2020-05-11,53520,2019-03-31,,101556000000,0.097,,,,,5762000000,0.060,7222000000,-0.010,6130000000,,0.141,727.51,,,,,,110192000000,48016000000,0.436,5699.28,48016000000,,,,,280.00,,,,9114528,689573,8426452,false,false,12,2018-04-01,2019-03-31,-1
2020-07-31,53520,2021-03-31,1,27524000000,-0.221,,,,,924000000,-0.605,1323000000,-0.437,,1051000000,,124.80,,,,,,122802000000,57112000000,0.441,,54155000000,,,,,,,,,,,,true,false,3,2020-04-01,2020-06-30,0
2020-07-31,53520,2020-03-31,1,35342000000,-0.003,,,,,2342000000,-0.208,2350000000,-0.240,,1498000000,,177.92,,,,,,,,,,,,,,,,,,,,,,true,false,3,2019-04-01,2019-06-30,-1
2020-07-31,53520,2021-03-31,1,53000000000,-0.252,,,,,1000000000,-0.795,1500000000,-0.695,,1200000000,,142.46,,,,,,,,,,,,,,,,,,,,,,true,true,6,2020-04-01,2020-09-30,0
2020-07-31,53520,2021-03-31,1,110000000000,-0.199,,,,,,,4000000000,-0.590,,,,,,,,,,,,,,,,,,,,,,,,,,true,true,12,2020-04-01,2021-03-31,0
2020-07-31,53520,2020-03-31,1,,,,,,,,,,,,,,,,,,,,126942000000,57233000000,0.427,,54222000000,,,,,,,,,,,,true,false,12,2019-04-01,2020-03-31,-1
2020-07-31,53520,2020-03-31,1,,,,,,,,,,,,,,,,,,,,,,,,,,,,,220.00,,,,9114528,690843,,false,false,12,2019-04-01,2020-03-31,-1
2020-07-31,53520,2021-03-31,1,,,,,,,,,,,,,,,,,,,,,,,,,,,,,40.00,,,,,,,false,true,12,2020-04-01,2021-03-31,0
2020-07-31,53520,2021-03-31,1,,,,,,,,,,,,,,,,,,,,,,,,,,,,,,,,,9114528,690891,8423663,false,false,3,2020-04-01,2020-06-30,0
2020-07-31,53520,2020-03-31,1,,,,,,,,,,,,,,,,,,,,,,,,,,,,,,,,,,,8424914,false,false,3,2019-04-01,2019-06-30,-1
2020-07-31,53520,2021-03-31,,53000000000,,,,,,1000000000,,1500000000,,,1200000000,,142.46,,,,,,,,,,,,,,,,,,,,,,true,true,6,2020-04-01,2020-09-30,0
2020-07-31,53520,2020-03-31,,70839000000,,,,,,4889000000,,4923000000,,,3166000000,,375.88,,,,,,,,,,,,,,,,,,,,,,true,false,6,2019-04-01,2019-09-30,-1
2020-07-31,53520,2021-03-31,,110000000000,,,,,,,,4000000000,,,,,,,,,,,,,,,,,,,,,,,,,,,true,true,12,2020-04-01,2021-03-31,0
2020-07-31,53520,2020-03-31,,137395000000,,,,,,9387000000,,9764000000,,,6444000000,,765.04,,,,,,,,,,,,,,,,,,,,,,true,false,12,2019-04-01,2020-03-31,-1
2020-07-31,53520,2021-03-31,,,,,,,,,,,,,,,,,,,,,,,,,,,,,,40.00,,,,,,,false,true,12,2020-04-01,2021-03-31,0
2020-07-31,53520,2020-03-31,,,,,,,,,,,,,,,,,,,,,,,,,,,,,,220.00,,,,,,,false,false,12,2019-04-01,2020-03-31,-1
2020-10-30,53520,2021-03-31,2,55671000000,-0.214,,,,,1459000000,-0.701,2227000000,-0.548,,1688000000,,200.48,,,,,,121778000000,57721000000,0.451,,54899000000,,,,,,,,,,,,true,false,6,2020-04-01,2020-09-30,0
2020-10-30,53520,2020-03-31,2,70839000000,-0.009,,,,,4889000000,-0.101,4923000000,-0.147,,3166000000,,375.88,,,,,,,,,,,,,,,,,,,,,,true,false,6,2019-04-01,2019-09-30,-1
2020-10-30,53520,2021-03-31,2,113000000000,-0.178,,,,,4000000000,-0.574,5000000000,-0.488,,3400000000,,403.63,,,,,,,,,,,,,,,,,,,,,,true,true,12,2020-04-01,2021-03-31,0
2020-10-30,53520,2020-03-31,2,,,,,,,,,,,,,,,,,,,,126942000000,57233000000,0.427,,54222000000,,,,,,,,,,,,true,false,12,2019-04-01,2020-03-31,-1
2020-10-30,53520,2020-03-31,2,,,,,,,,,,,,,,,,,,,,,,,,,,,,,220.00,,,,9114528,690843,,false,false,12,2019-04-01,2020-03-31,-1
2020-10-30,53520,2021-03-31,2,,,,,,,,,,,,,,,,,,,,,,,,,,,,,40.00,,,,,,,false,false,12,2020-04-01,2021-03-31,0
2020-10-30,53520,2021-03-31,2,,,,,,,,,,,,,,,,,,,,,,,,,,,,,,,,,9114528,691251,8423518,false,false,6,2020-04-01,2020-09-30,0
2020-10-30,53520,2020-03-31,2,,,,,,,,,,,,,,,,,,,,,,,,,,,,,,,,,,,8424772,false,false,6,2019-04-01,2019-09-30,-1
2021-01-29,53520,2021-03-31,3,83364000000,-0.208,,,,,2965000000,-0.578,4121000000,-0.435,,3003000000,,356.51,,,,,,123370000000,59309000000,0.457,,56398000000,,,,,,,,,,,,true,false,9,2020-04-01,2020-12-31,0
2021-01-29,53520,2020-03-31,3,105195000000,-0.032,,,,,7027000000,-0.168,7295000000,-0.171,,4767000000,,565.88,,,,,,,,,,,,,,,,,,,,,,true,false,9,2019-04-01,2019-12-31,-1
2021-01-29,53520,2021-03-31,3,113000000000,-0.178,,,,,4300000000,-0.542,5500000000,-0.437,,3700000000,,439.25,,,,,,,,,,,,,,,,,,,,,,true,true,12,2020-04-01,2021-03-31,0
2021-01-29,53520,2020-03-31,3,,,,,,,,,,,,,,,,,,,,126942000000,57233000000,0.427,,54222000000,,,,,,,,,,,,true,false,12,2019-04-01,2020-03-31,-1
2021-01-29,53520,2020-03-31,3,,,,,,,,,,,,,,,,,,,,,,,,,,,,,220.00,,,,9114528,690843,,false,false,12,2019-04-01,2020-03-31,-1
2021-01-29,53520,2021-03-31,3,,,,,,,,,,,,,,,,,,,,,,,,,,,,,40.00,,,,,,,false,false,12,2020-04-01,2021-03-31,0
2021-01-29,53520,2021-03-31,3,,,,,,,,,,,,,,,,,,,,,,,,,,,,,130.00,,,,,,,false,true,12,2020-04-01,2021-03-31,0
2021-01-29,53520,2021-03-31,3,,,,,,,,,,,,,,,,,,,,,,,,,,,,,,,,,9114528,691372,8423418,false,false,9,2020-04-01,2020-12-31,0
2021-01-29,53520,2020-03-31,3,,,,,,,,,,,,,,,,,,,,,,,,,,,,,,,,,,,8424627,false,false,9,2019-04-01,2019-12-31,-1
2021-05-12,53520,2021-03-31,,113661000000,-0.173,,,,,4949000000,-0.473,6361000000,-0.348,,4334000000,,514.63,,0.076,0.049,0.044,,130354000000,63288000000,0.461,7133.91,60087000000,10080000000,-4946000000,-3608000000,5301000000,,0.291,,,,,,true,false,12,2020-04-01,2021-03-31,0
2021-05-12,53520,2020-03-31,,137395000000,-0.035,,,,,9387000000,-0.110,9764000000,-0.135,,6444000000,,765.04,,0.120,0.074,0.068,,126942000000,57233000000,0.427,6436.93,54222000000,9068000000,-7044000000,-3475000000,3785000000,,0.288,,,,,,true,false,12,2019-04-01,2020-03-31,-1
2021-05-12,53520,2022-03-31,,130000000000,0.144,,,,,8000000000,0.616,8000000000,0.258,,5500000000,,625.95,,,,,,,,,,,,,,,,,,,,,,true,true,12,2021-04-01,2022-03-31,1
2021-05-12,53520,2021-03-31,,80429000000,-0.162,,,,,3332000000,-0.384,5909000000,-0.138,4616000000,,-0.085,548.11,,,,,,106268000000,54414000000,0.512,6460.40,54414000000,,,,,150.00,,,,9114528,691705,8423284,false,false,12,2020-04-01,2021-03-31,0
2021-05-12,53520,2020-03-31,,96013000000,-0.055,,,,,5409000000,-0.061,6855000000,-0.051,5048000000,,-0.177,599.21,,,,,,104656000000,50139000000,0.479,5952.23,50139000000,,,,,220.00,,,,9114528,690843,8424418,false,false,12,2019-04-01,2020-03-31,-1
2021-07-30,53520,2022-03-31,1,31721000000,0.152,,,,,2274000000,1.461,2344000000,0.772,,1517000000,,180.15,,,,,,131499000000,64134000000,0.463,,60921000000,,,,,,,,,,,,true,false,3,2021-04-01,2021-06-30,0
2021-07-30,53520,2021-03-31,1,27524000000,-0.221,,,,,924000000,-0.605,1323000000,-0.437,,1051000000,,124.80,,,,,,,,,,,,,,,,,,,,,,true,false,3,2020-04-01,2020-06-30,-1
2021-07-30,53520,2022-03-31,1,65000000000,0.168,,,,,4000000000,1.740,4000000000,0.796,,2750000000,,326.50,,,,,,,,,,,,,,,,,,,,,,true,true,6,2021-04-01,2021-09-30,0
2021-07-30,53520,2022-03-31,1,130000000000,0.144,,,,,8000000000,0.616,8000000000,0.258,,5500000000,,653.00,,,,,,,,,,,,,,,,,,,,,,true,true,12,2021-04-01,2022-03-31,0
2021-07-30,53520,2021-03-31,1,,,,,,,,,,,,,,,,,,,,130354000000,63288000000,0.461,,60087000000,,,,,,,,,,,,true,false,12,2020-04-01,2021-03-31,-1
2021-07-30,53520,2021-03-31,1,,,,,,,,,,,,,,,,,,,,,,,,,,,,,150.00,,,,9114528,691705,,false,false,12,2020-04-01,2021-03-31,-1
2021-07-30,53520,2022-03-31,1,,,,,,,,,,,,,,,,,,,,,,,,,,,,,100.00,,,,,,,false,true,12,2021-04-01,2022-03-31,0
2021-07-30,53520,2022-03-31,1,,,,,,,,,,,,,,,,,,,,,,,,,,,,,,,,,9114528,691818,8422718,false,false,3,2021-04-01,2021-06-30,0
2021-07-30,53520,2021-03-31,1,,,,,,,,,,,,,,,,,,,,,,,,,,,,,,,,,,,8423663,false,false,3,2020-04-01,2020-06-30,-1
2021-10-29,53520,2022-03-31,2,65112000000,0.170,,,,,4209000000,1.884,4557000000,1.046,,3017000000,,358.28,,,,,,132950000000,66078000000,0.472,,62749000000,,,,,,,,,,,,true,false,6,2021-04-01,2021-09-30,0
2021-10-29,53520,2021-03-31,2,55671000000,-0.214,,,,,1459000000,-0.701,2227000000,-0.548,,1688000000,,200.48,,,,,,,,,,,,,,,,,,,,,,true,false,6,2020-04-01,2020-09-30,-1
2021-10-29,53520,2022-03-31,2,130000000000,0.144,,,,,8000000000,0.616,8000000000,0.258,,5500000000,,653.01,,,,,,,,,,,,,,,,,,,,,,true,true,12,2021-04-01,2022-03-31,0
2021-10-29,53520,2021-03-31,2,,,,,,,,,,,,,,,,,,,,130354000000,63288000000,0.461,,60087000000,,,,,,,,,,,,true,false,12,2020-04-01,2021-03-31,-1
2021-10-29,53520,2021-03-31,2,,,,,,,,,,,,,,,,,,,,,,,,,,,,,150.00,,,,9114528,691705,,false,false,12,2020-04-01,2021-03-31,-1
2021-10-29,53520,2022-03-31,2,,,,,,,,,,,,,,,,,,,,,,,,,,,,,100.00,,,,,,,false,false,12,2021-04-01,2022-03-31,0
2021-10-29,53520,2022-03-31,2,,,,,,,,,,,,,,,,,,,,,,,,,,,,,,,,,9114528,692378,8422559,false,false,6,2021-04-01,2021-09-30,0
2021-10-29,53520,2021-03-31,2,,,,,,,,,,,,,,,,,,,,,,,,,,,,,,,,,,,8423518,false,false,6,2020-04-01,2020-09-30,-1
2022-01-31,53520,2022-03-31,3,98910000000,0.186,,,,,6273000000,1.115,6812000000,0.653,,4456000000,,529.17,,,,,,135959000000,66850000000,0.466,,63407000000,,,,,,,,,,,,true,false,9,2021-04-01,2021-12-31,0
2022-01-31,53520,2021-03-31,3,83364000000,-0.208,,,,,2965000000,-0.578,4121000000,-0.435,,3003000000,,356.51,,,,,,,,,,,,,,,,,,,,,,true,false,9,2020-04-01,2020-12-31,-1
2022-01-31,53520,2022-03-31,3,130000000000,0.144,,,,,8000000000,0.616,8000000000,0.258,,5500000000,,653.02,,,,,,,,,,,,,,,,,,,,,,true,true,12,2021-04-01,2022-03-31,0
2022-01-31,53520,2021-03-31,3,,,,,,,,,,,,,,,,,,,,130354000000,63288000000,0.461,,60087000000,,,,,,,,,,,,true,false,12,2020-04-01,2021-03-31,-1
2022-01-31,53520,2021-03-31,3,,,,,,,,,,,,,,,,,,,,,,,,,,,,,150.00,,,,9114528,691705,,false,false,12,2020-04-01,2021-03-31,-1
2022-01-31,53520,2022-03-31,3,,,,,,,,,,,,,,,,,,,,,,,,,,,,,100.00,,,,,,,false,false,12,2021-04-01,2022-03-31,0
2022-01-31,53520,2022-03-31,3,,,,,,,,,,,,,,,,,,,,,,,,,,,,,200.00,,,,,,,false,true,12,2021-04-01,2022-03-31,0
2022-01-31,53520,2022-03-31,3,,,,,,,,,,,,,,,,,,,,,,,,,,,,,,,,,9114528,692728,8422347,false,false,9,2021-04-01,2021-12-31,0
2022-01-31,53520,2021-03-31,3,,,,,,,,,,,,,,,,,,,,,,,,,,,,,,,,,,,8423418,false,false,9,2020-04-01,2020-12-31,-1
2022-05-13,53520,2022-03-31,,133778000000,0.177,,,,,7566000000,0.529,8679000000,0.364,,5490000000,,651.91,,0.088,0.064,0.057,,142694000000,69084000000,0.458,7759.14,65344000000,4120000000,-3608000000,-1022000000,5012000000,,0.307,,,,,,true,false,12,2021-04-01,2022-03-31,0
2022-05-13,53520,2021-03-31,,113661000000,-0.173,,,,,4949000000,-0.473,6361000000,-0.348,,4334000000,,514.63,,0.076,0.049,0.044,,130354000000,63288000000,0.461,7133.91,60087000000,10080000000,-4946000000,-3608000000,5301000000,,0.291,,,,,,true,false,12,2020-04-01,2021-03-31,-1
2022-05-13,53520,2023-03-31,,148000000000,0.106,,,,,10000000000,0.322,10000000000,0.152,,6500000000,,771.77,,,,,,,,,,,,,,,,,,,,,,true,true,12,2022-04-01,2023-03-31,1
2022-05-13,53520,2022-03-31,,90097000000,0.120,,,,,3904000000,0.172,5753000000,-0.026,5972000000,,0.294,709.15,,,,,,110994000000,58504000000,0.527,6946.90,58504000000,,,,,200.00,,,,9114528,692845,8422186,false,false,12,2021-04-01,2022-03-31,0
2022-05-13,53520,2021-03-31,,80429000000,-0.162,,,,,3332000000,-0.384,5909000000,-0.138,4616000000,,-0.085,548.11,,,,,,106268000000,54414000000,0.512,6460.40,54414000000,,,,,150.00,,,,9114528,691705,8423284,false,false,12,2020-04-01,2021-03-31,-1
2022-07-29,53520,2023-03-31,1,40292000000,0.270,,,,,2940000000,0.293,3429000000,0.463,,2148000000,,255.06,,,,,,149625000000,72772000000,0.458,,68546000000,,,,,,,,,,,,true,false,3,2022-04-01,2022-06-30,0
2022-07-29,53520,2022-03-31,1,31721000000,0.152,,,,,2274000000,1.461,2344000000,0.772,,1517000000,,180.15,,,,,,,,,,,,,,,,,,,,,,true,false,3,2021-04-01,2021-06-30,-1
2022-07-29,53520,2023-03-31,1,79000000000,0.213,,,,,4500000000,0.069,5000000000,0.097,,3250000000,,385.91,,,,,,,,,,,,,,,,,,,,,,true,true,6,2022-04-01,2022-09-30,0
2022-07-29,53520,2023-03-31,1,159000000000,0.189,,,,,10000000000,0.322,10500000000,0.210,,6750000000,,801.51,,,,,,,,,,,,,,,,,,,,,,true,true,12,2022-04-01,2023-03-31,0
2022-07-29,53520,2022-03-31,1,,,,,,,,,,,,,,,,,,,,142694000000,69084000000,0.458,,65344000000,,,,,,,,,,,,true,false,12,2021-04-01,2022-03-31,-1
2022-07-29,53520,2022-03-31,1,,,,,,,,,,,,,,,,,,,,,,,,,,,,,200.00,,,,9114528,692845,,false,false,12,2021-04-01,2022-03-31,-1
2022-07-29,53520,2023-03-31,1,,,,,,,,,,,,,,,,,,,,,,,,,,,,,110.00,,,,,,,false,true,12,2022-04-01,2023-03-31,0
2022-07-29,53520,2023-03-31,1,,,,,,,,,,,,,,,,,,,,,,,,,,,,,,,,,9114528,692947,8421595,false,false,3,2022-04-01,2022-06-30,0
2022-07-29,53520,2022-03-31,1,,,,,,,,,,,,,,,,,,,,,,,,,,,,,,,,,,,8422718,false,false,3,2021-04-01,2021-06-30,-1
2022-10-31,53520,2023-03-31,2,80591000000,0.238,,,,,4914000000,0.167,5685000000,0.247,,3576000000,,424.74,,,,,,157590000000,75369000000,0.450,,70985000000,,,,,,,,,,,,true,false,6,2022-04-01,2022-09-30,0
2022-10-31,53520,2022-03-31,2,65112000000,0.170,,,,,4209000000,1.884,4557000000,1.046,,3017000000,,358.28,,,,,,,,,,,,,,,,,,,,,,true,false,6,2021-04-01,2021-09-30,-1
2022-10-31,53520,2023-03-31,2,163000000000,0.218,,,,,11000000000,0.454,11500000000,0.325,,7300000000,,866.82,,,,,,,,,,,,,,,,,,,,,,true,true,12,2022-04-01,2023-03-31,0
2022-10-31,53520,2022-03-31,2,,,,,,,,,,,,,,,,,,,,142694000000,69084000000,0.458,,65344000000,,,,,,,,,,,,true,false,12,2021-04-01,2022-03-31,-1
2022-10-31,53520,2022-03-31,2,,,,,,,,,,,,,,,,,,,,,,,,,,,,,200.00,,,,9114528,692845,,false,false,12,2021-04-01,2022-03-31,-1
2022-10-31,53520,2023-03-31,2,,,,,,,,,,,,,,,,,,,,,,,,,,,,,110.00,,,,,,,false,false,12,2022-04-01,2023-03-31,0
2022-10-31,53520,2023-03-31,2,,,,,,,,,,,,,,,,,,,,,,,,,,,,,,,,,9114528,693113,8421545,false,false,6,2022-04-01,2022-09-30,0
2022-10-31,53520,2022-03-31,2,,,,,,,,,,,,,,,,,,,,,,,,,,,,,,,,,,,8422559,false,false,6,2021-04-01,2021-09-30,-1
2023-01-30,53520,2023-03-31,3,122481000000,0.238,,,,,7313000000,0.166,8182000000,0.201,,5309000000,,630.46,,,,,,158490000000,74704000000,0.444,,70403000000,,,,,,,,,,,,true,false,9,2022-04-01,2022-12-31,0
2023-01-30,53520,2022-03-31,3,98910000000,0.186,,,,,6273000000,1.115,6812000000,0.653,,4456000000,,529.17,,,,,,,,,,,,,,,,,,,,,,true,false,9,2021-04-01,2021-12-31,-1
2023-01-30,53520,2023-03-31,3,163000000000,0.218,,,,,11000000000,0.454,11500000000,0.325,,7300000000,,866.82,,,,,,,,,,,,,,,,,,,,,,true,true,12,2022-04-01,2023-03-31,0
2023-01-30,53520,2022-03-31,3,,,,,,,,,,,,,,,,,,,,142694000000,69084000000,0.458,,65344000000,,,,,,,,,,,,true,false,12,2021-04-01,2022-03-31,-1
2023-01-30,53520,2022-03-31,3,,,,,,,,,,,,,,,,,,,,,,,,,,,,,200.00,,,,9114528,692845,,false,false,12,2021-04-01,2022-03-31,-1
2023-01-30,53520,2023-03-31,3,,,,,,,,,,,,,,,,,,,,,,,,,,,,,110.00,,,,,,,false,false,12,2022-04-01,2023-03-31,0
2023-01-30,53520,2023-03-31,3,,,,,,,,,,,,,,,,,,,,,,,,,,,,,260.00,,,,,,,false,true,12,2022-04-01,2023-03-31,0
2023-01-30,53520,2023-03-31,3,,,,,,,,,,,,,,,,,,,,,,,,,,,,,,,,,9114528,693307,8421471,false,false,9,2022-04-01,2022-12-31,0
2023-01-30,53520,2022-03-31,3,,,,,,,,,,,,,,,,,,,,,,,,,,,,,,,,,,,8422347,false,false,9,2021-04-01,2021-12-31,-1
2023-05-12,53520,2023-03-31,,165202000000,0.235,,,,,11173000000,0.477,12083000000,0.392,,8282000000,,983.46,,0.119,0.079,0.068,,163340000000,77858000000,0.450,8731.68,73528000000,1001000000,-4514000000,2863000000,4425000000,,0.295,,,,,,true,false,12,2022-04-01,2023-03-31,0
2023-05-12,53520,2022-03-31,,133778000000,0.177,,,,,7566000000,0.529,8679000000,0.364,,5490000000,,651.91,,0.088,0.064,0.057,,142694000000,69084000000,0.458,7759.14,65344000000,4120000000,-3608000000,-1022000000,5012000000,,0.307,,,,,,true,false,12,2021-04-01,2022-03-31,-1
2023-05-12,53520,2024-03-31,,170000000000,0.029,,,,,12500000000,0.119,12500000000,0.034,,8500000000,,1009.34,,,,,,,,,,,,,,,,0.297,,,,,,true,true,12,2023-04-01,2024-03-31,1
2023-05-12,53520,2023-03-31,,100357000000,0.114,,,,,4806000000,0.231,6591000000,0.146,5223000000,,-0.125,620.23,,,,,,125673000000,63625000000,0.506,7555.71,63625000000,,,,,290.00,,,,9114528,693629,8421363,false,false,12,2022-04-01,2023-03-31,0
2023-05-12,53520,2022-03-31,,90097000000,0.120,,,,,3904000000,0.172,5753000000,-0.026,5972000000,,0.294,709.15,,,,,,110994000000,58504000000,0.527,6946.90,58504000000,,,,,200.00,,,,9114528,692845,8422186,false,false,12,2021-04-01,2022-03-31,-1
2023-05-12,53520,2024-03-31,,,,,,,,,,,,,,,,,,,,,,,,,,,,,,300.00,,,,,,,false,true,12,2023-04-01,2024-03-31,1
2023-07-28,53520,2024-03-31,1,45357000000,0.126,,,,,4133000000,0.406,4754000000,0.387,,3078000000,,365.53,,,,,,169334000000,82886000000,0.461,,78115000000,,,,,,,,,,,,true,false,3,2023-04-01,2023-06-30,0
2023-07-28,53520,2023-03-31,1,40292000000,0.270,,,,,2940000000,0.293,3429000000,0.463,,2148000000,,255.06,,,,,,,,,,,,,,,,,,,,,,true,false,3,2022-04-01,2022-06-30,-1
2023-07-28,53520,2024-03-31,1,88000000000,0.092,,,,,7000000000,0.424,7500000000,0.319,,5800000000,,688.78,,,,,,,,,,,,,,,,,,,,,,true,true,6,2023-04-01,2023-09-30,0
2023-07-28,53520,2024-03-31,1,172000000000,0.041,,,,,13000000000,0.163,13500000000,0.117,,10000000000,,1187.55,,,,,,,,,,,,,,,,,,,,,,true,true,12,2023-04-01,2024-03-31,0
2023-07-28,53520,2023-03-31,1,,,,,,,,,,,,,,,,,,,,163340000000,77858000000,0.450,,73528000000,,,,,,,,,,,,true,false,12,2022-04-01,2023-03-31,-1
2023-07-28,53520,2023-03-31,1,,,,,,,,,,,,,,,,,,,,,,,,,,,,,290.00,,,,9114528,693629,,false,false,12,2022-04-01,2023-03-31,-1
2023-07-28,53520,2024-03-31,1,,,,,,,,,,,,,,,,,,,,,,,,,,,,,360.00,,,,,,,false,true,12,2023-04-01,2024-03-31,0
2023-07-28,53520,2024-03-31,1,,,,,,,,,,,,,,,,,,,,,,,,,,,,,,,,,9114528,693894,8420698,false,false,3,2023-04-01,2023-06-30,0
2023-07-28,53520,2023-03-31,1,,,,,,,,,,,,,,,,,,,,,,,,,,,,,,,,,,,8421595,false,false,3,2022-04-01,2022-06-30,-1
2023-10-31,53520,2024-03-31,2,89399000000,0.109,,,,,7596000000,0.546,8593000000,0.512,,6619000000,,786.09,,,,,,171313000000,85489000000,0.470,,80565000000,,,,,,,,,,,,true,false,6,2023-04-01,2023-09-30,0
2023-10-31,53520,2023-03-31,2,80591000000,0.238,,,,,4914000000,0.167,5685000000,0.247,,3576000000,,424.74,,,,,,,,,,,,,,,,,,,,,,true,false,6,2022-04-01,2022-09-30,-1
2023-10-31,53520,2024-03-31,2,174000000000,0.053,,,,,13600000000,0.217,14500000000,0.200,,12400000000,,1472.58,,,,,,,,,,,,,,,,,,,,,,true,true,12,2023-04-01,2024-03-31,0
2023-10-31,53520,2023-03-31,2,,,,,,,,,,,,,,,,,,,,163340000000,77858000000,0.450,,73528000000,,,,,,,,,,,,true,false,12,2022-04-01,2023-03-31,-1
2023-10-31,53520,2023-03-31,2,,,,,,,,,,,,,,,,,,,,,,,,,,,,,290.00,,,,9114528,693629,,false,false,12,2022-04-01,2023-03-31,-1
2023-10-31,53520,2024-03-31,2,,,,,,,,,,,,,,,,,,,,,,,,,,,,,160.00,,,,,,,false,false,12,2023-04-01,2024-03-31,0
2023-10-31,53520,2024-03-31,2,,,,,,,,,,,,,,,,,,,,,,,,,,,,,370.00,,,,,,,false,true,12,2023-04-01,2024-03-31,0
2023-10-31,53520,2024-03-31,2,,,,,,,,,,,,,,,,,,,,,,,,,,,,,,,,,9114528,694075,8420606,false,false,6,2023-04-01,2023-09-30,0
2023-10-31,53520,2023-03-31,2,,,,,,,,,,,,,,,,,,,,,,,,,,,,,,,,,,,8421545,false,false,6,2022-04-01,2022-09-30,-1
2024-01-31,53520,2024-03-31,3,134349000000,0.097,,,,,11945000000,0.633,13048000000,0.595,,9532000000,,1132.04,,,,,,169489000000,86697000000,0.482,,81648000000,,,,,,,,,,,,true,false,9,2023-04-01,2023-12-31,0
2024-01-31,53520,2023-03-31,3,122481000000,0.238,,,,,7313000000,0.166,8182000000,0.201,,5309000000,,630.46,,,,,,,,,,,,,,,,,,,,,,true,false,9,2022-04-01,2022-12-31,-1
2024-01-31,53520,2024-03-31,3,176500000000,0.068,,,,,14200000000,0.271,15500000000,0.283,,13200000000,,1567.60,,,,,,,,,,,,,,,,,,,,,,true,true,12,2023-04-01,2024-03-31,0
2024-01-31,53520,2023-03-31,3,,,,,,,,,,,,,,,,,,,,163340000000,77858000000,0.450,,73528000000,,,,,,,,,,,,true,false,12,2022-04-01,2023-03-31,-1
2024-01-31,53520,2023-03-31,3,,,,,,,,,,,,,,,,,,,,,,,,,,,,,290.00,,,,9114528,693629,,false,false,12,2022-04-01,2023-03-31,-1
2024-01-31,53520,2024-03-31,3,,,,,,,,,,,,,,,,,,,,,,,,,,,,,160.00,,,,,,,false,false,12,2023-04-01,2024-03-31,0
2024-01-31,53520,2024-03-31,3,,,,,,,,,,,,,,,,,,,,,,,,,,,,,400.00,,,,,,,false,true,12,2023-04-01,2024-03-31,0
2024-01-31,53520,2024-03-31,3,,,,,,,,,,,,,,,,,,,,,,,,,,,,,,,,,9114528,694357,8420512,false,false,9,2023-04-01,2023-12-31,0
2024-01-31,53520,2023-03-31,3,,,,,,,,,,,,,,,,,,,,,,,,,,,,,,,,,,,8421471,false,false,9,2022-04-01,2022-12-31,-1
2024-05-13,53520,2024-03-31,,177029000000,0.072,,,,,14692000000,0.315,16389000000,0.356,,12416000000,,368.64,,0.155,0.096,0.083,,179019000000,92697000000,0.487,2588.21,87166000000,13724000000,-3589000000,-6237000000,8483000000,,0.271,,,,,,true,false,12,2023-04-01,2024-03-31,0
2024-05-13,53520,2023-03-31,,165202000000,0.235,,,,,11173000000,0.477,12083000000,0.392,,8282000000,,245.86,,0.119,0.079,0.068,,163340000000,77858000000,0.450,2182.92,73528000000,1001000000,-4514000000,2863000000,4425000000,,0.295,,,,,,true,false,12,2022-04-01,2023-03-31,-1
2024-05-13,53520,2025-03-31,,178000000000,0.005,,,,,15000000000,0.021,15000000000,-0.085,,11800000000,,350.34,,,,,,,,,,,,,,,,0.257,,,,,,true,true,12,2024-04-01,2025-03-31,1
2024-05-13,53520,2024-03-31,,107349000000,0.070,,,,,6947000000,0.445,9612000000,0.458,8329000000,,0.595,247.32,,,,,,132505000000,68796000000,0.519,2042.78,68796000000,,,,,400.00,,,,36458112,2779968,33681326,false,false,12,2023-04-01,2024-03-31,0
2024-05-13,53520,2023-03-31,,100357000000,0.114,,,,,4806000000,0.231,6591000000,0.146,5223000000,,-0.125,155.06,,,,,,125673000000,63625000000,0.506,1888.93,63625000000,,,,,290.00,,,,36458112,2774516,33685453,false,false,12,2022-04-01,2023-03-31,-1
2024-05-13,53520,2025-03-31,,,,,,,,,,,,,,,,,,,,,,,,,,,,,,90.00,,,,,,,false,true,12,2024-04-01,2025-03-31,1
2024-07-31,53520,2025-03-31,1,43939000000,-0.031,,,,,3121000000,-0.245,3561000000,-0.251,,2156000000,,64.03,,,,,,180235000000,95240000000,0.495,,89212000000,,,,,,,,,,,,true,false,3,2024-04-01,2024-06-30,0
2024-07-31,53520,2024-03-31,1,45357000000,0.126,,,,,4133000000,0.406,4754000000,0.387,,3078000000,,91.38,,,,,,,,,,,,,,,,,,,,,,true,false,3,2023-04-01,2023-06-30,-1
2024-07-31,53520,2025-03-31,1,88000000000,-0.016,,,,,6500000000,-0.144,7000000000,-0.185,,4500000000,,133.61,,,,,,,,,,,,,,,,,,,,,,true,true,6,2024-04-01,2024-09-30,0
2024-07-31,53520,2025-03-31,1,178000000000,0.005,,,,,15000000000,0.021,15000000000,-0.085,,11800000000,,350.34,,,,,,,,,,,,,,,,,,,,,,true,true,12,2024-04-01,2025-03-31,0
2024-07-31,53520,2024-03-31,1,,,,,,,,,,,,,,,,,,,,179019000000,92697000000,0.487,,87166000000,,,,,,,,,,,,true,false,12,2023-04-01,2024-03-31,-1
2024-07-31,53520,2024-03-31,1,,,,,,,,,,,,,,,,,,,,,,,,,,,,,400.00,,,,36458112,2779968,,false,false,12,2023-04-01,2024-03-31,-1
2024-07-31,53520,2025-03-31,1,,,,,,,,,,,,,,,,,,,,,,,,,,,,,90.00,,,,,,,false,true,12,2024-04-01,2025-03-31,0
2024-07-31,53520,2025-03-31,1,,,,,,,,,,,,,,,,,,,,,,,,,,,,,,,,,36458112,2780216,33677997,false,false,3,2024-04-01,2024-06-30,0
2024-07-31,53520,2024-03-31,1,,,,,,,,,,,,,,,,,,,,,,,,,,,,,,,,,,,33682793,false,false,3,2023-04-01,2023-06-30,-1
2024-10-29,53520,2025-03-31,2,88090000000,-0.015,,,,,6282000000,-0.173,6540000000,-0.239,,4163000000,,123.63,,,,,,177150000000,95359000000,0.506,,89716000000,,,,,,,,,,,,true,false,6,2024-04-01,2024-09-30,0
2024-10-29,53520,2024-03-31,2,89399000000,0.109,,,,,7596000000,0.546,8593000000,0.512,,6619000000,,196.52,,,,,,,,,,,,,,,,,,,,,,true,false,6,2023-04-01,2023-09-30,-1
2024-10-29,53520,2025-03-31,2,178000000000,0.005,,,,,15000000000,0.021,15000000000,-0.085,,12300000000,,365.23,,,,,,,,,,,,,,,,,,,,,,true,true,12,2024-04-01,2025-03-31,0
2024-10-29,53520,2024-03-31,2,,,,,,,,,,,,,,,,,,,,179019000000,92697000000,0.487,,87166000000,,,,,,,,,,,,true,false,12,2023-04-01,2024-03-31,-1
2024-10-29,53520,2024-03-31,2,,,,,,,,,,,,,,,,,,,,,,,,,,,,,400.00,,,,36458112,2779968,,false,false,12,2023-04-01,2024-03-31,-1
2024-10-29,53520,2025-03-31,2,,,,,,,,,,,,,,,,,,,,,,,,,,,,,45.00,,,,,,,false,false,12,2024-04-01,2025-03-31,0
2024-10-29,53520,2025-03-31,2,,,,,,,,,,,,,,,,,,,,,,,,,,,,,105.00,,,,,,,false,true,12,2024-04-01,2025-03-31,0
2024-10-29,53520,2025-03-31,2,,,,,,,,,,,,,,,,,,,,,,,,,,,,,,,,,36458112,2780580,33677834,false,false,6,2024-04-01,2024-09-30,0
2024-10-29,53520,2024-03-31,2,,,,,,,,,,,,,,,,,,,,,,,,,,,,,,,,,,,33682424,false,false,6,2023-04-01,2023-09-30,-1
2025-01-31,53520,2025-03-31,3,133288000000,-0.008,,,,,10398000000,-0.129,10954000000,-0.161,,9242000000,,274.43,,,,,,181624000000,98265000000,0.505,,91718000000,,,,,,,,,,,,true,false,9,2024-04-01,2024-12-31,0
2025-01-31,53520,2024-03-31,3,134349000000,0.097,,,,,11945000000,0.633,13048000000,0.595,,9532000000,,283.01,,,,,,,,,,,,,,,,,,,,,,true,false,9,2023-04-01,2023-12-31,-1
2025-01-31,53520,2025-03-31,3,178000000000,0.005,,,,,15000000000,0.021,15000000000,-0.085,,12300000000,,365.23,,,,,,,,,,,,,,,,,,,,,,true,true,12,2024-04-01,2025-03-31,0
2025-01-31,53520,2024-03-31,3,,,,,,,,,,,,,,,,,,,,179019000000,92697000000,0.487,,87166000000,,,,,,,,,,,,true,false,12,2023-04-01,2024-03-31,-1
2025-01-31,53520,2024-03-31,3,,,,,,,,,,,,,,,,,,,,,,,,,,,,,400.00,,,,36458112,2779968,,false,false,12,2023-04-01,2024-03-31,-1
2025-01-31,53520,2025-03-31,3,,,,,,,,,,,,,,,,,,,,,,,,,,,,,45.00,,,,,,,false,false,12,2024-04-01,2025-03-31,0
2025-01-31,53520,2025-03-31,3,,,,,,,,,,,,,,,,,,,,,,,,,,,,,105.00,,,,,,,false,true,12,2024-04-01,2025-03-31,0
2025-01-31,53520,2025-03-31,3,,,,,,,,,,,,,,,,,,,,,,,,,,,,,,,,,36458112,2780764,33677702,false,false,9,2024-04-01,2024-12-31,0
2025-01-31,53520,2024-03-31,3,,,,,,,,,,,,,,,,,,,,,,,,,,,,,,,,,,,33682051,false,false,9,2023-04-01,2023-12-31,-1
2025-05-14,53520,2025-03-31,,177921000000,0.005,,,,,14082000000,-0.042,15316000000,-0.065,,12535000000,,372.23,,0.138,0.084,0.079,,187058000000,101640000000,0.508,2820.55,94988000000,3144000000,-4331000000,986000000,8322000000,,0.282,,,,,,true,false,12,2024-04-01,2025-03-31,0
2025-05-14,53520,2024-03-31,,177029000000,0.072,,,,,14692000000,0.315,16389000000,0.356,,12416000000,,368.64,,0.155,0.096,0.083,,179019000000,92697000000,0.487,2588.21,87166000000,13724000000,-3589000000,-6237000000,8483000000,,0.271,,,,,,true,false,12,2023-04-01,2024-03-31,-1
2025-05-14,53520,2026-03-31,,180000000000,0.012,,,,,15000000000,0.065,15000000000,-0.021,,10000000000,,296.93,,,,,,,,,,,,,,,,0.387,,,,,,true,true,12,2025-04-01,2026-03-31,1
2025-05-14,53520,2025-03-31,,109086000000,0.016,,,,,6766000000,-0.026,10356000000,0.077,9467000000,,0.137,281.13,,,,,,139176000000,73026000000,0.525,2168.42,73026000000,,,,,105.00,,,,36458112,2781034,33677568,false,false,12,2024-04-01,2025-03-31,0
2025-05-14,53520,2024-03-31,,107349000000,0.070,,,,,6947000000,0.445,9612000000,0.458,8329000000,,0.595,247.32,,,,,,132505000000,68796000000,0.519,2042.78,68796000000,,,,,400.00,,,,36458112,2779968,33681326,false,false,12,2023-04-01,2024-03-31,-1
2025-05-14,53520,2026-03-31,,,,,,,,,,,,,,,,,,,,,,,,,,,,,,115.00,,,,,,,false,true,12,2025-04-01,2026-03-31,1
2025-06-24,53520,2026-03-31,,180000000000,0.000,,,,,15000000000,0.000,15000000000,0.000,,15500000000,,460.24,,,,,,,,,,,,,,,,,,,,,,true,true,12,2025-04-01,2026-03-31,0
2025-06-24,53520,2025-03-31,,177921000000,,,,,,14082000000,,15316000000,,,12535000000,,372.23,,,,,,,,,,,,,,,,,,,,,,true,false,12,2024-04-01,2025-03-31,-1
2025-07-29,53520,2026-03-31,1,44015000000,0.002,,,,,3539000000,0.134,3908000000,0.097,,2507000000,,74.46,,,,,,187393000000,100618000000,0.502,,94000000000,,,,,,,,,,,,true,false,3,2025-04-01,2025-06-30,0
2025-07-29,53520,2025-03-31,1,43939000000,-0.031,,,,,3121000000,-0.245,3561000000,-0.251,,2156000000,,64.03,,,,,,,,,,,,,,,,,,,,,,true,false,3,2024-04-01,2024-06-30,-1
2025-07-29,53520,2026-03-31,1,89000000000,0.010,,,,,7000000000,0.114,7000000000,0.070,,10200000000,,302.88,,,,,,,,,,,,,,,,,,,,,,true,true,6,2025-04-01,2025-09-30,0
2025-07-29,53520,2026-03-31,1,180000000000,0.012,,,,,15000000000,0.065,15000000000,-0.021,,15500000000,,460.24,,,,,,,,,,,,,,,,,,,,,,true,true,12,2025-04-01,2026-03-31,0
2025-07-29,53520,2025-03-31,1,,,,,,,,,,,,,,,,,,,,187058000000,101640000000,0.508,,94988000000,,,,,,,,,,,,true,false,12,2024-04-01,2025-03-31,-1
2025-07-29,53520,2025-03-31,1,,,,,,,,,,,,,,,,,,,,,,,,,,,,,105.00,,,,36458112,2781034,,false,false,12,2024-04-01,2025-03-31,-1
2025-07-29,53520,2026-03-31,1,,,,,,,,,,,,,,,,,,,,,,,,,,,,,115.00,,,,,,,false,true,12,2025-04-01,2026-03-31,0
2025-07-29,53520,2026-03-31,1,,,,,,,,,,,,,,,,,,,,,,,,,,,,,,,,,36458112,2781377,33676801,false,false,3,2025-04-01,2025-06-30,0
2025-07-29,53520,2025-03-31,1,,,,,,,,,,,,,,,,,,,,,,,,,,,,,,,,,,,33677997,false,false,3,2024-04-01,2024-06-30,-1
2025-08-01,53520,2026-03-31,,,,,,,,,,,,,,,,,,,,,,,,,,,,,,0.00,,,,,,,false,true,12,2025-04-01,2026-03-31,0
2025-08-01,53520,2026-03-31,,,,,,,,,,,,,,,,,,,,,,,,,,,,,,0.00,,,,,,,false,false,12,2025-04-01,2026-03-31,0
2025-08-01,53520,2025-03-31,,,,,,,,,,,,,,,,,,,,,,,,,,,,,,105.00,,,,,,,false,false,12,2024-04-01,2025-03-31,-1
