filing_date,code,fiscal_year_end,quarterly_period,net_sales,net_sales_change,revenue,revenue_change,operating_revenue,operating_revenue_change,operating_profit,operating_profit_change,ordinary_profit,ordinary_profit_change,net_income,net_income_of_parent,net_income_change,eps,diluted_eps,roe,roa,operating_profit_to_net_sales,operating_profit_to_revenue,total_assets,net_assets,equity_ratio,bps,owner_equity,operating_cash_flow,investing_cash_flow,financing_cash_flow,cash,dividend_per_share,payout_ratio,commemorative_dividend,extra_dividend,number_of_shares,number_of_treqsury_shares,avg_number_of_shares,is_consolidated,is_forecast,duration,period_start,period_end,period_pos
2015-05-07,53670,2015-03-31,,8773000000,0.109,,,,,441000000,0.271,468000000,0.432,285000000,,0.489,23.88,,0.032,0.039,0.050,,12560000000,9084000000,0.723,760.96,9084000000,261000000,-198000000,-141000000,1623000000,10.00,0.419,,,12135695,198673,11937129,false,false,12,2014-04-01,2015-03-31,0
2015-05-07,53670,2014-03-31,,7909000000,0.028,,,,,347000000,-0.180,327000000,-0.263,192000000,,-0.224,16.04,,0.022,0.029,0.044,,11668000000,8777000000,0.752,735.26,8777000000,993000000,-166000000,-314000000,1701000000,12.00,0.748,,,12135695,198367,11937365,false,false,12,2013-04-01,2014-03-31,-1
2015-05-07,53670,2016-03-31,,4350000000,0.181,,,,,280000000,1.385,290000000,1.193,185000000,,1.242,15.50,,,,,,,,,,,,,,,,,,,,,,false,true,6,2015-04-01,2015-09-30,1
2015-05-07,53670,2016-03-31,,8900000000,0.014,,,,,480000000,0.089,500000000,0.068,320000000,,0.123,26.81,,,,,,,,,,,,,,,10.00,0.373,,,,,,false,true,12,2015-04-01,2016-03-31,1
2015-08-03,53670,2016-03-31,1,2108000000,0.268,,,,,153000000,2.824,169000000,2.050,111000000,,2.108,9.33,,,,,,12790000000,9243000000,0.723,774.33,9243000000,,,,,,,,,12135695,198686,11937009,false,false,3,2015-04-01,2015-06-30,0
2015-08-03,53670,2015-03-31,1,1662000000,-0.028,,,,,40000000,-0.291,55000000,0.655,36000000,,,3.00,,,,,,,,,,,,,,,,,,,,,11937328,false,false,3,2014-04-01,2014-06-30,-1
2015-08-03,53670,2016-03-31,1,4350000000,0.181,,,,,280000000,1.385,290000000,1.193,185000000,,1.242,15.50,,,,,,,,,,,,,,,,,,,,,,false,true,6,2015-04-01,2015-09-30,0
2015-08-03,53670,2016-03-31,1,8900000000,0.014,,,,,480000000,0.089,500000000,0.068,320000000,,0.123,26.81,,,,,,,,,,,,,,,10.00,,,,,,,false,true,12,2015-04-01,2016-03-31,0
2015-08-03,53670,2015-03-31,1,,,,,,,,,,,,,,,,,,,,12560000000,9084000000,0.723,760.96,9084000000,,,,,10.00,,,,12135695,198673,,false,false,12,2014-04-01,2015-03-31,-1
2015-11-02,53670,2016-03-31,2,4247000000,0.153,,,,,325000000,1.771,340000000,1.569,215000000,,1.606,18.02,,,,,,12442000000,9148000000,0.735,766.36,9148000000,,,,,,,,,12135695,198782,11936967,false,false,6,2015-04-01,2015-09-30,0
2015-11-02,53670,2015-03-31,2,3684000000,-0.062,,,,,117000000,-0.225,132000000,0.117,83000000,,0.235,6.91,,,,,,,,,,,,,,,,,,,,,11937215,false,false,6,2014-04-01,2014-09-30,-1
2015-11-02,53670,2016-03-31,2,8500000000,-0.031,,,,,510000000,0.157,530000000,0.132,340000000,,0.193,28.48,,,,,,,,,,,,,,,10.00,,,,,,,false,true,12,2015-04-01,2016-03-31,0
2015-11-02,53670,2015-03-31,2,,,,,,,,,,,,,,,,,,,,12560000000,9084000000,0.723,760.96,9084000000,,,,,10.00,,,,12135695,198673,,false,false,12,2014-04-01,2015-03-31,-1
2015-11-02,53670,2016-03-31,2,,,,,,,,,,,,,,,,,,,,,,,,,,,,,5.00,,,,,,,false,false,12,2015-04-01,2016-03-31,0
2015-11-02,53670,2016-03-31,,8500000000,-0.045,,,,,510000000,0.063,530000000,0.060,340000000,,0.063,28.48,,,,,,,,,,,,,,,,,,,,,,false,true,12,2015-04-01,2016-03-31,0
2015-11-02,53670,2015-03-31,,8773000000,,,,,,441000000,,468000000,,285000000,,,23.88,,,,,,,,,,,,,,,,,,,,,,false,false,12,2014-04-01,2015-03-31,-1
2016-02-01,53670,2016-03-31,3,6409000000,0.105,,,,,458000000,0.951,481000000,0.887,310000000,,0.913,25.93,,,,,,12504000000,9259000000,0.740,775.63,9259000000,,,,,,,,,12135695,198782,11936949,false,false,9,2015-04-01,2015-12-31,0
2016-02-01,53670,2015-03-31,3,5797000000,0.001,,,,,235000000,0.061,255000000,0.328,162000000,,0.525,13.56,,,,,,,,,,,,,,,,,,,,,11937165,false,false,9,2014-04-01,2014-12-31,-1
2016-02-01,53670,2016-03-31,3,8500000000,-0.031,,,,,510000000,0.157,530000000,0.132,340000000,,0.193,28.48,,,,,,,,,,,,,,,10.00,,,,,,,false,true,12,2015-04-01,2016-03-31,0
2016-02-01,53670,2015-03-31,3,,,,,,,,,,,,,,,,,,,,12560000000,9084000000,0.723,760.96,9084000000,,,,,10.00,,,,12135695,198673,,false,false,12,2014-04-01,2015-03-31,-1
2016-02-01,53670,2016-03-31,3,,,,,,,,,,,,,,,,,,,,,,,,,,,,,5.00,,,,,,,false,false,12,2015-04-01,2016-03-31,0
,53670,2016-03-31,,,,,,,,,,,,,,,,,,,,,,,,,,,,,,12.00,,,,,,,false,true,12,2015-04-01,2016-03-31,0
,53670,2016-03-31,,,,,,,,,,,,,,,,,,,,,,,,,,,,,,5.00,,,,,,,false,false,12,2015-04-01,2016-03-31,0
,53670,2015-03-31,,,,,,,,,,,,,,,,,,,,,,,,,,,,,,10.00,,,,,,,false,false,12,2014-04-01,2015-03-31,-1
2016-05-06,53670,2016-03-31,,8577000000,-0.022,,,,,595000000,0.350,633000000,0.353,412000000,,0.447,34.56,,0.045,0.050,0.069,,12700000000,9226000000,0.726,772.91,9226000000,1638000000,-1286000000,-154000000,1821000000,12.00,0.347,,,12135695,198807,11936934,false,false,12,2015-04-01,2016-03-31,0
2016-05-06,53670,2015-03-31,,8773000000,0.109,,,,,441000000,0.271,468000000,0.432,285000000,,0.489,23.88,,0.032,0.039,0.050,,12560000000,9084000000,0.723,760.96,9084000000,261000000,-198000000,-141000000,1623000000,10.00,0.419,,,12135695,198673,11937129,false,false,12,2014-04-01,2015-03-31,-1
2016-05-06,53670,2017-03-31,,4500000000,0.060,,,,,320000000,-0.016,330000000,-0.028,210000000,,-0.024,17.59,,,,,,,,,,,,,,,,,,,,,,false,true,6,2016-04-01,2016-09-30,1
2016-05-06,53670,2017-03-31,,9100000000,0.061,,,,,630000000,0.059,650000000,0.026,420000000,,0.018,35.19,,,,,,,,,,,,,,,12.00,0.341,,,,,,false,true,12,2016-04-01,2017-03-31,1
2016-08-01,53670,2017-03-31,1,2159000000,0.024,,,,,124000000,-0.188,139000000,-0.175,92000000,,-0.174,7.71,,,,,,12366000000,9120000000,0.737,764.01,9120000000,,,,,,,,,12135695,198871,11936867,false,false,3,2016-04-01,2016-06-30,0
2016-08-01,53670,2016-03-31,1,2108000000,0.268,,,,,153000000,2.824,169000000,2.050,111000000,,2.108,9.33,,,,,,,,,,,,,,,,,,,,,11937009,false,false,3,2015-04-01,2015-06-30,-1
2016-08-01,53670,2017-03-31,1,4500000000,0.060,,,,,320000000,-0.016,330000000,-0.028,210000000,,-0.024,17.59,,,,,,,,,,,,,,,,,,,,,,false,true,6,2016-04-01,2016-09-30,0
2016-08-01,53670,2017-03-31,1,9100000000,0.061,,,,,630000000,0.059,650000000,0.026,420000000,,0.018,35.19,,,,,,,,,,,,,,,12.00,,,,,,,false,true,12,2016-04-01,2017-03-31,0
2016-08-01,53670,2016-03-31,1,,,,,,,,,,,,,,,,,,,,12700000000,9226000000,0.726,772.91,9226000000,,,,,12.00,,,,12135695,198807,,false,false,12,2015-04-01,2016-03-31,-1
2016-11-07,53670,2017-03-31,2,4481000000,0.055,,,,,329000000,0.010,344000000,0.013,233000000,,0.083,19.51,,,,,,12921000000,9385000000,0.726,786.25,9385000000,,,,,,,,,12135695,198871,11936845,false,false,6,2016-04-01,2016-09-30,0
2016-11-07,53670,2016-03-31,2,4247000000,0.153,,,,,325000000,1.771,340000000,1.569,215000000,,1.606,18.02,,,,,,,,,,,,,,,,,,,,,11936967,false,false,6,2015-04-01,2015-09-30,-1
2016-11-07,53670,2017-03-31,2,9100000000,0.061,,,,,630000000,0.059,650000000,0.026,420000000,,0.018,35.19,,,,,,,,,,,,,,,12.00,,,,,,,false,true,12,2016-04-01,2017-03-31,0
2016-11-07,53670,2016-03-31,2,,,,,,,,,,,,,,,,,,,,12700000000,9226000000,0.726,772.91,9226000000,,,,,12.00,,,,12135695,198807,,false,false,12,2015-04-01,2016-03-31,-1
2016-11-07,53670,2017-03-31,2,,,,,,,,,,,,,,,,,,,,,,,,,,,,,6.00,,,,,,,false,false,12,2016-04-01,2017-03-31,0
2017-02-06,53670,2017-03-31,3,6439000000,0.005,,,,,497000000,0.085,521000000,0.083,359000000,,0.160,30.08,,,,,,12845000000,9605000000,0.748,804.67,9605000000,,,,,,,,,12135695,198946,11936816,false,false,9,2016-04-01,2016-12-31,0
2017-02-06,53670,2016-03-31,3,6409000000,0.105,,,,,458000000,0.951,481000000,0.887,310000000,,0.913,25.93,,,,,,,,,,,,,,,,,,,,,11936949,false,false,9,2015-04-01,2015-12-31,-1
2017-02-06,53670,2017-03-31,3,9100000000,0.061,,,,,630000000,0.059,650000000,0.026,420000000,,0.018,35.19,,,,,,,,,,,,,,,12.00,,,,,,,false,true,12,2016-04-01,2017-03-31,0
2017-02-06,53670,2016-03-31,3,,,,,,,,,,,,,,,,,,,,12700000000,9226000000,0.726,772.91,9226000000,,,,,12.00,,,,12135695,198807,,false,false,12,2015-04-01,2016-03-31,-1
2017-02-06,53670,2017-03-31,3,,,,,,,,,,,,,,,,,,,,,,,,,,,,,6.00,,,,,,,false,false,12,2016-04-01,2017-03-31,0
,53670,2017-03-31,,,,,,,,,,,,,,,,,,,,,,,,,,,,,,14.00,,,,,,,false,true,12,2016-04-01,2017-03-31,0
,53670,2017-03-31,,,,,,,,,,,,,,,,,,,,,,,,,,,,,,6.00,,,,,,,false,false,12,2016-04-01,2017-03-31,0
,53670,2016-03-31,,,,,,,,,,,,,,,,,,,,,,,,,,,,,,12.00,,,,,,,false,false,12,2015-04-01,2016-03-31,-1
2017-05-08,53670,2017-03-31,,8919000000,0.040,,,,,668000000,0.122,704000000,0.111,478000000,,0.158,40.02,,0.050,0.053,0.075,,13644000000,9855000000,0.722,825.61,9855000000,1063000000,178000000,-189000000,2872000000,14.00,0.350,,,12135695,198946,11936799,false,false,12,2016-04-01,2017-03-31,0
2017-05-08,53670,2016-03-31,,8577000000,-0.022,,,,,595000000,0.350,633000000,0.353,412000000,,0.447,34.56,,0.045,0.050,0.069,,12700000000,9226000000,0.726,772.91,9226000000,1638000000,-1286000000,-154000000,1821000000,12.00,0.347,,,12135695,198807,11936934,false,false,12,2015-04-01,2016-03-31,-1
2017-05-08,53670,2018-03-31,,4600000000,0.026,,,,,390000000,0.187,400000000,0.163,270000000,,0.160,22.62,,,,,,,,,,,,,,,,,,,,,,false,true,6,2017-04-01,2017-09-30,1
2017-05-08,53670,2018-03-31,,9400000000,0.054,,,,,780000000,0.168,800000000,0.137,540000000,,0.130,45.24,,,,,,,,,,,,,,,16.00,0.354,,,,,,false,true,12,2017-04-01,2018-03-31,1
2017-08-07,53670,2018-03-31,1,2207000000,0.022,,,,,184000000,0.478,205000000,0.476,142000000,,0.540,11.88,,,,,,13761000000,10027000000,0.729,839.99,10027000000,,,,,,,,,12135695,199114,11936581,false,false,3,2017-04-01,2017-06-30,0
2017-08-07,53670,2017-03-31,1,2159000000,0.024,,,,,124000000,-0.188,139000000,-0.175,92000000,,-0.174,7.71,,,,,,,,,,,,,,,,,,,,,11936867,false,false,3,2016-04-01,2016-06-30,-1
2017-08-07,53670,2018-03-31,1,4600000000,0.026,,,,,390000000,0.187,400000000,0.163,270000000,,0.160,22.62,,,,,,,,,,,,,,,,,,,,,,false,true,6,2017-04-01,2017-09-30,0
2017-08-07,53670,2018-03-31,1,9400000000,0.054,,,,,780000000,0.168,800000000,0.137,540000000,,0.130,45.24,,,,,,,,,,,,,,,16.00,,,,,,,false,true,12,2017-04-01,2018-03-31,0
2017-08-07,53670,2017-03-31,1,,,,,,,,,,,,,,,,,,,,13644000000,9855000000,0.722,825.61,9855000000,,,,,14.00,,,,12135695,198946,,false,false,12,2016-04-01,2017-03-31,-1
2017-11-06,53670,2018-03-31,2,4562000000,0.018,,,,,466000000,0.417,477000000,0.386,319000000,,0.369,26.71,,,,,,13951000000,10304000000,0.739,863.20,10304000000,,,,,,,,,12135695,199145,11936566,false,false,6,2017-04-01,2017-09-30,0
2017-11-06,53670,2017-03-31,2,4481000000,0.055,,,,,329000000,0.010,344000000,0.013,233000000,,0.083,19.51,,,,,,,,,,,,,,,,,,,,,11936845,false,false,6,2016-04-01,2016-09-30,-1
2017-11-06,53670,2018-03-31,2,9400000000,0.054,,,,,780000000,0.168,800000000,0.137,540000000,,0.130,45.24,,,,,,,,,,,,,,,16.00,,,,,,,false,true,12,2017-04-01,2018-03-31,0
2017-11-06,53670,2017-03-31,2,,,,,,,,,,,,,,,,,,,,13644000000,9855000000,0.722,825.61,9855000000,,,,,14.00,,,,12135695,198946,,false,false,12,2016-04-01,2017-03-31,-1
2017-11-06,53670,2018-03-31,2,,,,,,,,,,,,,,,,,,,,,,,,,,,,,8.00,,,,,,,false,false,12,2017-04-01,2018-03-31,0
2018-02-05,53670,2018-03-31,3,6992000000,0.086,,,,,800000000,0.608,824000000,0.582,558000000,,0.553,46.73,,,,,,14217000000,10570000000,0.744,885.55,10570000000,,,,,,,,,12135695,199166,11936558,false,false,9,2017-04-01,2017-12-31,0
2018-02-05,53670,2017-03-31,3,6439000000,0.005,,,,,497000000,0.085,521000000,0.083,359000000,,0.160,30.08,,,,,,,,,,,,,,,,,,,,,11936816,false,false,9,2016-04-01,2016-12-31,-1
2018-02-05,53670,2018-03-31,3,9400000000,0.054,,,,,950000000,0.423,970000000,0.379,660000000,,0.382,55.29,,,,,,,,,,,,,,,16.00,,,,,,,false,true,12,2017-04-01,2018-03-31,0
2018-02-05,53670,2017-03-31,3,,,,,,,,,,,,,,,,,,,,13644000000,9855000000,0.722,825.61,9855000000,,,,,14.00,,,,12135695,198946,,false,false,12,2016-04-01,2017-03-31,-1
2018-02-05,53670,2018-03-31,3,,,,,,,,,,,,,,,,,,,,,,,,,,,,,8.00,,,,,,,false,false,12,2017-04-01,2018-03-31,0
2018-02-05,53670,2018-03-31,,9400000000,,,,,,950000000,0.218,970000000,0.213,660000000,,0.222,55.29,,,,,,,,,,,,,,,,,,,,,,false,true,12,2017-04-01,2018-03-31,0
2018-02-05,53670,2017-03-31,,8919000000,,,,,,668000000,,704000000,,478000000,,,40.02,,,,,,,,,,,,,,,,,,,,,,false,false,12,2016-04-01,2017-03-31,-1
,53670,2018-03-31,,,,,,,,,,,,,,,,,,,,,,,,,,,,,,20.00,,,,,,,false,true,12,2017-04-01,2018-03-31,0
,53670,2018-03-31,,,,,,,,,,,,,,,,,,,,,,,,,,,,,,8.00,,,,,,,false,false,12,2017-04-01,2018-03-31,0
,53670,2017-03-31,,,,,,,,,,,,,,,,,,,,,,,,,,,,,,14.00,,,,,,,false,false,12,2016-04-01,2017-03-31,-1
2018-05-07,53670,2018-03-31,,9717000000,0.089,,,,,1032000000,0.545,1075000000,0.528,752000000,,0.574,63.00,,0.074,0.076,0.106,,14743000000,10570000000,0.717,885.49,10570000000,959000000,-775000000,-273000000,2783000000,20.00,0.317,,,12135695,199292,11936538,false,false,12,2017-04-01,2018-03-31,0
2018-05-07,53670,2017-03-31,,8919000000,0.040,,,,,668000000,0.122,704000000,0.111,478000000,,0.158,40.02,,0.050,0.053,0.075,,13644000000,9855000000,0.722,825.61,9855000000,1063000000,178000000,-189000000,2872000000,14.00,0.350,,,12135695,198946,11936799,false,false,12,2016-04-01,2017-03-31,-1
2018-05-07,53670,2019-03-31,,5000000000,0.096,,,,,610000000,0.310,630000000,0.322,430000000,,0.349,36.02,,,,,,,,,,,,,,,,,,,,,,false,true,6,2018-04-01,2018-09-30,1
2018-05-07,53670,2019-03-31,,10000000000,0.029,,,,,1070000000,0.037,1100000000,0.023,760000000,,0.011,63.67,,,,,,,,,,,,,,,22.00,0.346,,,,,,false,true,12,2018-04-01,2019-03-31,1
2018-08-06,53670,2019-03-31,1,2554000000,0.158,,,,,298000000,0.618,320000000,0.559,215000000,,0.514,17.98,,,,,,14675000000,10596000000,0.722,887.71,10596000000,,,,,,,,,12135695,199527,11936224,false,false,3,2018-04-01,2018-06-30,0
2018-08-06,53670,2018-03-31,1,2207000000,0.022,,,,,184000000,0.478,205000000,0.476,142000000,,0.540,11.88,,,,,,,,,,,,,,,,,,,,,11936581,false,false,3,2017-04-01,2017-06-30,-1
2018-08-06,53670,2019-03-31,1,5000000000,0.096,,,,,610000000,0.310,630000000,0.322,430000000,,0.349,36.02,,,,,,,,,,,,,,,,,,,,,,false,true,6,2018-04-01,2018-09-30,0
2018-08-06,53670,2019-03-31,1,10000000000,0.029,,,,,1070000000,0.037,1100000000,0.023,760000000,,0.011,63.67,,,,,,,,,,,,,,,22.00,,,,,,,false,true,12,2018-04-01,2019-03-31,0
2018-08-06,53670,2018-03-31,1,,,,,,,,,,,,,,,,,,,,14640000000,10570000000,0.722,885.49,10570000000,,,,,20.00,,,,12135695,199292,,false,false,12,2017-04-01,2018-03-31,-1
2018-11-05,53670,2019-03-31,2,5178000000,0.135,,,,,636000000,0.366,660000000,0.384,447000000,,0.403,37.48,,,,,,14729000000,10857000000,0.737,909.59,10857000000,,,,,,,,,12135695,199719,11936125,false,false,6,2018-04-01,2018-09-30,0
2018-11-05,53670,2018-03-31,2,4562000000,0.018,,,,,466000000,0.417,477000000,0.386,319000000,,0.369,26.71,,,,,,,,,,,,,,,,,,,,,11936566,false,false,6,2017-04-01,2017-09-30,-1
2018-11-05,53670,2019-03-31,2,10000000000,0.029,,,,,1070000000,0.037,1100000000,0.023,760000000,,0.011,63.67,,,,,,,,,,,,,,,22.00,,,,,,,false,true,12,2018-04-01,2019-03-31,0
2018-11-05,53670,2018-03-31,2,,,,,,,,,,,,,,,,,,,,14640000000,10570000000,0.722,885.49,10570000000,,,,,20.00,,,,12135695,199292,,false,false,12,2017-04-01,2018-03-31,-1
2018-11-05,53670,2019-03-31,2,,,,,,,,,,,,,,,,,,,,,,,,,,,,,11.00,,,,,,,false,false,12,2018-04-01,2019-03-31,0
2019-02-04,53670,2019-03-31,3,8030000000,0.148,,,,,960000000,0.201,990000000,0.201,672000000,,0.204,56.27,,,,,,14743000000,10640000000,0.722,891.40,10640000000,,,,,,,,,12135695,199719,11936076,false,false,9,2018-04-01,2018-12-31,0
2019-02-04,53670,2018-03-31,3,6992000000,0.086,,,,,800000000,0.608,824000000,0.582,558000000,,0.553,46.73,,,,,,,,,,,,,,,,,,,,,11936558,false,false,9,2017-04-01,2017-12-31,-1
2019-02-04,53670,2019-03-31,3,10500000000,0.081,,,,,1150000000,0.115,1170000000,0.088,760000000,,0.011,63.67,,,,,,,,,,,,,,,22.00,,,,,,,false,true,12,2018-04-01,2019-03-31,0
2019-02-04,53670,2018-03-31,3,,,,,,,,,,,,,,,,,,,,14640000000,10570000000,0.722,885.49,10570000000,,,,,20.00,,,,12135695,199292,,false,false,12,2017-04-01,2018-03-31,-1
2019-02-04,53670,2019-03-31,3,,,,,,,,,,,,,,,,,,,,,,,,,,,,,11.00,,,,,,,false,false,12,2018-04-01,2019-03-31,0
2019-02-04,53670,2019-03-31,,10500000000,0.050,,,,,1150000000,0.075,1170000000,0.064,760000000,,0.000,63.67,,,,,,,,,,,,,,,,,,,,,,false,true,12,2018-04-01,2019-03-31,0
2019-02-04,53670,2018-03-31,,9717000000,,,,,,1032000000,,1075000000,,752000000,,,63.00,,,,,,,,,,,,,,,,,,,,,,false,false,12,2017-04-01,2018-03-31,-1
2019-05-07,53670,2019-03-31,,10683000000,0.099,,,,,1162000000,0.126,1228000000,0.143,791000000,,0.053,66.31,,0.074,0.083,0.109,,15081000000,10889000000,0.722,912.28,10889000000,738000000,-501000000,-392000000,2628000000,22.00,0.332,,,12135695,199747,11935948,false,false,12,2018-04-01,2019-03-31,0
2019-05-07,53670,2018-03-31,,9717000000,0.089,,,,,1032000000,0.545,1075000000,0.528,752000000,,0.574,63.00,,0.074,0.076,0.106,,14640000000,10570000000,0.722,885.49,10570000000,959000000,-775000000,-273000000,2783000000,20.00,0.317,,,12135695,199292,11936538,false,false,12,2017-04-01,2018-03-31,-1
2019-05-07,53670,2020-03-31,,5050000000,-0.025,,,,,500000000,-0.214,520000000,-0.222,360000000,,-0.195,30.16,,,,,,,,,,,,,,,,,,,,,,false,true,6,2019-04-01,2019-09-30,1
2019-05-07,53670,2020-03-31,,10100000000,-0.055,,,,,950000000,-0.182,980000000,-0.202,680000000,,-0.141,56.97,,,,,,,,,,,,,,,22.00,0.386,,,,,,false,true,12,2019-04-01,2020-03-31,1
2019-08-05,53670,2020-03-31,1,2487000000,-0.027,,,,,280000000,-0.058,323000000,0.008,218000000,,0.014,18.23,,,,,,14738000000,10931000000,0.742,915.80,10931000000,,,,,,,,,12135695,199747,11935948,false,false,3,2019-04-01,2019-06-30,0
2019-08-05,53670,2019-03-31,1,2554000000,0.158,,,,,298000000,0.618,320000000,0.559,215000000,,0.514,17.98,,,,,,,,,,,,,,,,,,,,,11936224,false,false,3,2018-04-01,2018-06-30,-1
2019-08-05,53670,2020-03-31,1,5050000000,-0.025,,,,,500000000,-0.214,520000000,-0.212,360000000,,-0.195,30.16,,,,,,,,,,,,,,,,,,,,,,false,true,6,2019-04-01,2019-09-30,0
2019-08-05,53670,2020-03-31,1,10100000000,-0.055,,,,,950000000,-0.182,980000000,-0.202,680000000,,-0.141,56.97,,,,,,,,,,,,,,,22.00,,,,,,,false,true,12,2019-04-01,2020-03-31,0
2019-08-05,53670,2019-03-31,1,,,,,,,,,,,,,,,,,,,,15081000000,10889000000,0.722,912.28,10889000000,,,,,22.00,,,,12135695,199747,,false,false,12,2018-04-01,2019-03-31,-1
2019-11-05,53670,2020-03-31,2,5015000000,-0.031,,,,,507000000,-0.202,558000000,-0.154,375000000,,-0.161,31.45,,,,,,14709000000,11056000000,0.752,926.32,11056000000,,,,,,,,,12135695,199753,11935947,false,false,6,2019-04-01,2019-09-30,0
2019-11-05,53670,2019-03-31,2,5178000000,0.135,,,,,636000000,0.366,660000000,0.384,447000000,,0.403,37.48,,,,,,,,,,,,,,,,,,,,,11936125,false,false,6,2018-04-01,2018-09-30,-1
2019-11-05,53670,2020-03-31,2,10100000000,-0.055,,,,,950000000,-0.182,980000000,-0.202,680000000,,-0.141,56.97,,,,,,,,,,,,,,,22.00,,,,,,,false,true,12,2019-04-01,2020-03-31,0
2019-11-05,53670,2019-03-31,2,,,,,,,,,,,,,,,,,,,,15081000000,10889000000,0.722,912.28,10889000000,,,,,22.00,,,,12135695,199747,,false,false,12,2018-04-01,2019-03-31,-1
2019-11-05,53670,2020-03-31,2,,,,,,,,,,,,,,,,,,,,,,,,,,,,,11.00,,,,,,,false,false,12,2019-04-01,2020-03-31,0
2020-02-03,53670,2020-03-31,3,7082000000,-0.118,,,,,532000000,-0.446,597000000,-0.397,400000000,,-0.404,33.55,,,,,,15799000000,11044000000,0.699,925.26,11044000000,,,,,,,,,12135695,199898,11935924,false,false,9,2019-04-01,2019-12-31,0
2020-02-03,53670,2019-03-31,3,8030000000,0.148,,,,,960000000,0.201,990000000,0.201,672000000,,0.204,56.27,,,,,,,,,,,,,,,,,,,,,11936076,false,false,9,2018-04-01,2018-12-31,-1
2020-02-03,53670,2020-03-31,3,9400000000,-0.120,,,,,540000000,-0.535,610000000,-0.503,400000000,,-0.495,33.51,,,,,,,,,,,,,,,22.00,,,,,,,false,true,12,2019-04-01,2020-03-31,0
2020-02-03,53670,2019-03-31,3,,,,,,,,,,,,,,,,,,,,15081000000,10889000000,0.722,912.28,10889000000,,,,,22.00,,,,12135695,199747,,false,false,12,2018-04-01,2019-03-31,-1
2020-02-03,53670,2020-03-31,3,,,,,,,,,,,,,,,,,,,,,,,,,,,,,11.00,,,,,,,false,false,12,2019-04-01,2020-03-31,0
2020-05-07,53670,2020-03-31,,9330000000,-0.127,,,,,666000000,-0.426,752000000,-0.387,441000000,,-0.443,36.95,,0.041,0.050,0.071,,15221000000,10865000000,0.714,910.31,10865000000,776000000,-2072000000,1079000000,2411000000,22.00,0.595,,,12135695,199991,11935869,false,false,12,2019-04-01,2020-03-31,0
2020-05-07,53670,2019-03-31,,10683000000,0.099,,,,,1162000000,0.126,1228000000,0.143,791000000,,0.053,66.31,,0.074,0.083,0.109,,15081000000,10889000000,0.722,912.28,10889000000,738000000,-501000000,-392000000,2627000000,22.00,0.332,,,12135695,199747,11936044,false,false,12,2018-04-01,2019-03-31,-1
2020-08-03,53670,2021-03-31,1,1985000000,-0.202,,,,,22000000,-0.920,52000000,-0.839,34000000,,-0.845,2.82,,,,,,15171000000,10891000000,0.718,912.52,10891000000,,,,,,,,,12135695,200024,11935682,false,false,3,2020-04-01,2020-06-30,0
2020-08-03,53670,2020-03-31,1,2487000000,-0.027,,,,,280000000,-0.058,323000000,0.008,218000000,,0.014,18.23,,,,,,,,,,,,,,,,,,,,,11935948,false,false,3,2019-04-01,2019-06-30,-1
2020-08-03,53670,2021-03-31,1,4000000000,-0.202,,,,,100000000,-0.803,100000000,-0.821,70000000,,-0.814,5.86,,,,,,,,,,,,,,,,,,,,,,false,true,6,2020-04-01,2020-09-30,0
2020-08-03,53670,2021-03-31,1,9000000000,-0.035,,,,,350000000,-0.475,370000000,-0.508,260000000,,-0.411,21.78,,,,,,,,,,,,,,,8.00,,,,,,,false,true,12,2020-04-01,2021-03-31,0
2020-08-03,53670,2020-03-31,1,,,,,,,,,,,,,,,,,,,,15221000000,10865000000,0.714,910.31,10865000000,,,,,22.00,,,,12135695,199991,,false,false,12,2019-04-01,2020-03-31,-1
2020-11-02,53670,2021-03-31,2,4137000000,-0.175,,,,,128000000,-0.748,196000000,-0.649,133000000,,-0.645,11.17,,,,,,15258000000,11066000000,0.725,927.17,11066000000,,,,,,,,,12135695,200024,11935677,false,false,6,2020-04-01,2020-09-30,0
2020-11-02,53670,2020-03-31,2,5015000000,-0.031,,,,,507000000,-0.202,558000000,-0.154,375000000,,-0.161,31.45,,,,,,,,,,,,,,,,,,,,,11935947,false,false,6,2019-04-01,2019-09-30,-1
2020-11-02,53670,2021-03-31,2,9000000000,-0.035,,,,,350000000,-0.475,370000000,-0.508,260000000,,-0.411,21.78,,,,,,,,,,,,,,,8.00,,,,,,,false,true,12,2020-04-01,2021-03-31,0
2020-11-02,53670,2020-03-31,2,,,,,,,,,,,,,,,,,,,,15221000000,10865000000,0.714,910.31,10865000000,,,,,22.00,,,,12135695,199991,,false,false,12,2019-04-01,2020-03-31,-1
2020-11-02,53670,2021-03-31,2,,,,,,,,,,,,,,,,,,,,,,,,,,,,,3.00,,,,,,,false,false,12,2020-04-01,2021-03-31,0
2021-02-01,53670,2021-03-31,3,6326000000,-0.107,,,,,148000000,-0.722,211000000,-0.647,142000000,,-0.645,11.91,,,,,,15476000000,11063000000,0.715,926.92,11063000000,,,,,,,,,12135695,200119,11935643,false,false,9,2020-04-01,2020-12-31,0
2021-02-01,53670,2020-03-31,3,7082000000,-0.118,,,,,532000000,-0.446,597000000,-0.397,400000000,,-0.404,33.55,,,,,,,,,,,,,,,,,,,,,11935924,false,false,9,2019-04-01,2019-12-31,-1
2021-02-01,53670,2021-03-31,3,8500000000,-0.089,,,,,200000000,-0.700,270000000,-0.641,170000000,,-0.615,14.24,,,,,,,,,,,,,,,8.00,,,,,,,false,true,12,2020-04-01,2021-03-31,0
2021-02-01,53670,2020-03-31,3,,,,,,,,,,,,,,,,,,,,15221000000,10865000000,0.714,910.31,10865000000,,,,,22.00,,,,12135695,199991,,false,false,12,2019-04-01,2020-03-31,-1
2021-02-01,53670,2021-03-31,3,,,,,,,,,,,,,,,,,,,,,,,,,,,,,3.00,,,,,,,false,false,12,2020-04-01,2021-03-31,0
2021-05-07,53670,2021-03-31,,8655000000,-0.072,,,,,363000000,-0.455,440000000,-0.415,275000000,,-0.377,23.00,,0.025,0.028,0.042,,15930000000,11430000000,0.718,957.64,11430000000,1355000000,-774000000,-315000000,2676000000,8.00,0.348,,,12135695,200119,11935626,false,false,12,2020-04-01,2021-03-31,0
2021-05-07,53670,2020-03-31,,9330000000,-0.127,,,,,666000000,-0.426,752000000,-0.387,441000000,,-0.443,36.95,,0.041,0.050,0.071,,15221000000,10865000000,0.714,910.31,10865000000,776000000,-2072000000,1079000000,2411000000,22.00,0.595,,,12135695,199991,11935869,false,false,12,2019-04-01,2020-03-31,-1
2021-05-07,53670,2022-03-31,,4650000000,0.124,,,,,250000000,0.951,260000000,0.328,165000000,,0.237,13.82,,,,,,,,,,,,,,,,,,,,,,false,true,6,2021-04-01,2021-09-30,1
2021-05-07,53670,2022-03-31,,9300000000,0.075,,,,,500000000,0.377,520000000,0.182,330000000,,0.202,27.65,,,,,,,,,,,,,,,10.00,0.362,,,,,,false,true,12,2021-04-01,2022-03-31,1
2021-08-02,53670,2022-03-31,1,2335000000,0.176,,,,,285000000,,306000000,4.885,212000000,,5.301,17.78,,,,,,15734000000,11500000000,0.731,963.54,11500000000,,,,,,,,,12135695,200119,11935576,false,false,3,2021-04-01,2021-06-30,0
2021-08-02,53670,2021-03-31,1,1985000000,-0.202,,,,,22000000,-0.920,52000000,-0.839,34000000,,-0.845,2.82,,,,,,,,,,,,,,,,,,,,,11935682,false,false,3,2020-04-01,2020-06-30,-1
2021-08-02,53670,2022-03-31,1,4650000000,0.124,,,,,250000000,0.951,260000000,0.328,165000000,,0.237,13.82,,,,,,,,,,,,,,,,,,,,,,false,true,6,2021-04-01,2021-09-30,0
2021-08-02,53670,2022-03-31,1,9300000000,0.075,,,,,500000000,0.377,520000000,0.182,330000000,,0.202,27.65,,,,,,,,,,,,,,,10.00,,,,,,,false,true,12,2021-04-01,2022-03-31,0
2021-08-02,53670,2021-03-31,1,,,,,,,,,,,,,,,,,,,,15930000000,11430000000,0.718,957.64,11430000000,,,,,8.00,,,,12135695,200119,,false,false,12,2020-04-01,2021-03-31,-1
2021-11-01,53670,2022-03-31,2,4828000000,0.167,,,,,547000000,3.266,572000000,1.919,394000000,,1.955,33.01,,,,,,15959000000,11726000000,0.735,982.42,11726000000,,,,,,,,,12135695,200238,11935529,false,false,6,2021-04-01,2021-09-30,0
2021-11-01,53670,2021-03-31,2,4137000000,-0.175,,,,,128000000,-0.748,196000000,-0.649,133000000,,-0.645,11.17,,,,,,,,,,,,,,,,,,,,,11935677,false,false,6,2020-04-01,2020-09-30,-1
2021-11-01,53670,2022-03-31,2,9500000000,0.098,,,,,900000000,1.479,920000000,1.092,630000000,,1.294,52.78,,,,,,,,,,,,,,,16.00,,,,,,,false,true,12,2021-04-01,2022-03-31,0
2021-11-01,53670,2021-03-31,2,,,,,,,,,,,,,,,,,,,,15930000000,11430000000,0.718,957.64,11430000000,,,,,8.00,,,,12135695,200119,,false,false,12,2020-04-01,2021-03-31,-1
2021-11-01,53670,2022-03-31,2,,,,,,,,,,,,,,,,,,,,,,,,,,,,,8.00,,,,,,,false,false,12,2021-04-01,2022-03-31,0
2022-02-01,53670,2022-03-31,3,7325000000,0.158,,,,,781000000,4.274,820000000,2.896,552000000,,2.885,46.28,,,,,,16135000000,11756000000,0.729,984.95,11756000000,,,,,,,,,12135695,200238,11935505,false,false,9,2021-04-01,2021-12-31,0
2022-02-01,53670,2021-03-31,3,6326000000,-0.107,,,,,148000000,-0.722,211000000,-0.647,142000000,,-0.645,11.91,,,,,,,,,,,,,,,,,,,,,11935643,false,false,9,2020-04-01,2020-12-31,-1
2022-02-01,53670,2022-03-31,3,9500000000,0.098,,,,,900000000,1.479,920000000,1.092,630000000,,1.294,52.78,,,,,,,,,,,,,,,16.00,,,,,,,false,true,12,2021-04-01,2022-03-31,0
2022-02-01,53670,2021-03-31,3,,,,,,,,,,,,,,,,,,,,15930000000,11430000000,0.718,957.64,11430000000,,,,,8.00,,,,12135695,200119,,false,false,12,2020-04-01,2021-03-31,-1
2022-02-01,53670,2022-03-31,3,,,,,,,,,,,,,,,,,,,,,,,,,,,,,8.00,,,,,,,false,false,12,2021-04-01,2022-03-31,0
2022-05-09,53670,2022-03-31,,9979000000,0.153,,,,,972000000,1.677,1028000000,1.337,672000000,,1.447,56.29,,0.058,0.063,0.097,,16534000000,11786000000,0.713,987.52,11786000000,1640000000,-561000000,-396000000,3358000000,20.00,0.355,,,12135695,200238,11935493,false,false,12,2021-04-01,2022-03-31,0
2022-05-09,53670,2021-03-31,,8655000000,-0.072,,,,,363000000,-0.455,440000000,-0.415,275000000,,-0.377,23.00,,0.025,0.028,0.042,,15930000000,11430000000,0.718,957.64,11430000000,1355000000,-774000000,-315000000,2676000000,8.00,0.348,,,12135695,200119,11935626,false,false,12,2020-04-01,2021-03-31,-1
2022-05-09,53670,2023-03-31,,5000000000,0.036,,,,,350000000,-0.360,360000000,-0.370,250000000,,-0.366,20.95,,,,,,,,,,,,,,,,,,,,,,false,true,6,2022-04-01,2022-09-30,1
2022-05-09,53670,2023-03-31,,10000000000,0.002,,,,,700000000,-0.280,720000000,-0.300,500000000,,-0.256,41.89,,,,,,,,,,,,,,,15.00,0.358,,,,,,false,true,12,2022-04-01,2023-03-31,1
2022-08-01,53670,2023-03-31,1,2655000000,0.137,,,,,286000000,0.004,313000000,0.021,218000000,,0.028,18.27,,,,,,16425000000,11767000000,0.716,985.90,11767000000,,,,,,,,,12135695,200238,11935457,false,false,3,2022-04-01,2022-06-30,0
2022-08-01,53670,2022-03-31,1,2335000000,0.176,,,,,285000000,,306000000,4.885,212000000,,5.301,17.78,,,,,,,,,,,,,,,,,,,,,11935576,false,false,3,2021-04-01,2021-06-30,-1
2022-08-01,53670,2023-03-31,1,5000000000,0.036,,,,,350000000,-0.360,360000000,-0.370,250000000,,-0.366,20.95,,,,,,,,,,,,,,,,,,,,,,false,true,6,2022-04-01,2022-09-30,0
2022-08-01,53670,2023-03-31,1,10000000000,0.002,,,,,700000000,-0.280,720000000,-0.300,500000000,,-0.256,41.89,,,,,,,,,,,,,,,15.00,,,,,,,false,true,12,2022-04-01,2023-03-31,0
2022-08-01,53670,2022-03-31,1,,,,,,,,,,,,,,,,,,,,16534000000,11786000000,0.713,987.52,11786000000,,,,,20.00,,,,12135695,200238,,false,false,12,2021-04-01,2022-03-31,-1
2022-11-01,53670,2023-03-31,2,5301000000,0.098,,,,,542000000,-0.009,572000000,0.000,396000000,,0.005,33.19,,,,,,16603000000,11959000000,0.720,1001.98,11959000000,,,,,,,,,12135695,200238,11935457,false,false,6,2022-04-01,2022-09-30,0
2022-11-01,53670,2022-03-31,2,4828000000,0.167,,,,,547000000,3.266,572000000,1.919,394000000,,1.955,33.01,,,,,,,,,,,,,,,,,,,,,11935529,false,false,6,2021-04-01,2021-09-30,-1
2022-11-01,53670,2023-03-31,2,10500000000,0.052,,,,,1000000000,0.029,1040000000,0.012,720000000,,0.072,60.32,,,,,,,,,,,,,,,21.00,,,,,,,false,true,12,2022-04-01,2023-03-31,0
2022-11-01,53670,2022-03-31,2,,,,,,,,,,,,,,,,,,,,16534000000,11786000000,0.713,987.52,11786000000,,,,,20.00,,,,12135695,200238,,false,false,12,2021-04-01,2022-03-31,-1
2022-11-01,53670,2023-03-31,2,,,,,,,,,,,,,,,,,,,,,,,,,,,,,10.00,,,,,,,false,false,12,2022-04-01,2023-03-31,0
2023-02-01,53670,2023-03-31,3,7980000000,0.090,,,,,870000000,0.113,925000000,0.128,640000000,,0.159,53.65,,,,,,16478000000,12075000000,0.733,1011.72,12075000000,,,,,,,,,12135695,200238,11935457,false,false,9,2022-04-01,2022-12-31,0
2023-02-01,53670,2022-03-31,3,7325000000,0.158,,,,,781000000,4.274,820000000,2.896,552000000,,2.885,46.28,,,,,,,,,,,,,,,,,,,,,11935505,false,false,9,2021-04-01,2021-12-31,-1
2023-02-01,53670,2023-03-31,3,10500000000,0.052,,,,,1000000000,0.029,1040000000,0.012,720000000,,0.072,60.32,,,,,,,,,,,,,,,21.00,,,,,,,false,true,12,2022-04-01,2023-03-31,0
2023-02-01,53670,2022-03-31,3,,,,,,,,,,,,,,,,,,,,16534000000,11786000000,0.713,987.52,11786000000,,,,,20.00,,,,12135695,200238,,false,false,12,2021-04-01,2022-03-31,-1
2023-02-01,53670,2023-03-31,3,,,,,,,,,,,,,,,,,,,,,,,,,,,,,10.00,,,,,,,false,false,12,2022-04-01,2023-03-31,0
,53670,2023-03-31,,,,,,,,,,,,,,,,,,,,,,,,,,,,,,23.00,,,,,,,false,true,12,2022-04-01,2023-03-31,0
,53670,2023-03-31,,,,,,,,,,,,,,,,,,,,,,,,,,,,,,10.00,,,,,,,false,false,12,2022-04-01,2023-03-31,0
,53670,2022-03-31,,,,,,,,,,,,,,,,,,,,,,,,,,,,,,20.00,,,,,,,false,false,12,2021-04-01,2022-03-31,-1
2023-05-01,53670,2023-03-31,,10733000000,0.076,,,,,1102000000,0.134,1177000000,0.145,835000000,,0.243,69.99,,0.069,0.070,0.103,,16895000000,12394000000,0.734,1038.39,12394000000,939000000,-267000000,-521000000,3508000000,23.00,0.329,,,12135695,200238,11935457,false,false,12,2022-04-01,2023-03-31,0
2023-05-01,53670,2022-03-31,,9979000000,0.153,,,,,972000000,1.677,1028000000,1.337,672000000,,1.447,56.29,,0.058,0.063,0.097,,16534000000,11786000000,0.713,987.52,11786000000,1640000000,-561000000,-397000000,3358000000,20.00,0.355,,,12135695,200238,11935493,false,false,12,2021-04-01,2022-03-31,-1
2023-05-01,53670,2024-03-31,,5240000000,-0.011,,,,,540000000,-0.003,560000000,-0.021,400000000,,0.010,33.51,,,,,,,,,,,,,,,,,,,,,,false,true,6,2023-04-01,2023-09-30,1
2023-05-01,53670,2024-03-31,,10700000000,-0.003,,,,,1130000000,0.025,1180000000,0.002,840000000,,0.006,70.38,,,,,,,,,,,,,,,24.00,0.341,,,,,,false,true,12,2023-04-01,2024-03-31,1
2023-08-01,53670,2024-03-31,1,2472000000,-0.069,,,,,241000000,-0.155,269000000,-0.141,189000000,,-0.135,15.80,,,,,,16935000000,12473000000,0.737,1045.04,12473000000,,,,,,,,,12135695,200238,11935457,false,false,3,2023-04-01,2023-06-30,0
2023-08-01,53670,2023-03-31,1,2655000000,0.137,,,,,286000000,0.004,313000000,0.021,218000000,,0.028,18.27,,,,,,,,,,,,,,,,,,,,,11935457,false,false,3,2022-04-01,2022-06-30,-1
2023-08-01,53670,2024-03-31,1,5240000000,-0.011,,,,,540000000,-0.003,560000000,-0.021,400000000,,0.010,33.51,,,,,,,,,,,,,,,,,,,,,,false,true,6,2023-04-01,2023-09-30,0
2023-08-01,53670,2024-03-31,1,10700000000,-0.003,,,,,1130000000,0.025,1180000000,0.002,840000000,,0.006,70.38,,,,,,,,,,,,,,,24.00,,,,,,,false,true,12,2023-04-01,2024-03-31,0
2023-08-01,53670,2023-03-31,1,,,,,,,,,,,,,,,,,,,,16895000000,12394000000,0.734,1038.39,12394000000,,,,,23.00,,,,12135695,200238,,false,false,12,2022-04-01,2023-03-31,-1
2023-11-01,53670,2024-03-31,2,5033000000,-0.050,,,,,491000000,-0.094,522000000,-0.088,363000000,,-0.083,30.42,,,,,,16788000000,12656000000,0.754,1060.39,12656000000,,,,,,,,,12135695,200238,11935457,false,false,6,2023-04-01,2023-09-30,0
2023-11-01,53670,2023-03-31,2,5301000000,0.098,,,,,542000000,-0.009,572000000,0.000,396000000,,0.005,33.19,,,,,,,,,,,,,,,,,,,,,11935457,false,false,6,2022-04-01,2022-09-30,-1
2023-11-01,53670,2024-03-31,2,10000000000,-0.068,,,,,850000000,-0.229,900000000,-0.236,630000000,,-0.246,52.78,,,,,,,,,,,,,,,24.00,,,,,,,false,true,12,2023-04-01,2024-03-31,0
2023-11-01,53670,2023-03-31,2,,,,,,,,,,,,,,,,,,,,16895000000,12394000000,0.734,1038.39,12394000000,,,,,23.00,,,,12135695,200238,,false,false,12,2022-04-01,2023-03-31,-1
2023-11-01,53670,2024-03-31,2,,,,,,,,,,,,,,,,,,,,,,,,,,,,,11.00,,,,,,,false,false,12,2023-04-01,2024-03-31,0
2024-02-01,53670,2024-03-31,3,7378000000,-0.075,,,,,637000000,-0.267,690000000,-0.254,482000000,,-0.248,40.35,,,,,,16800000000,12651000000,0.753,1059.94,12651000000,,,,,,,,,12135695,200456,11935425,false,false,9,2023-04-01,2023-12-31,0
2024-02-01,53670,2023-03-31,3,7980000000,0.090,,,,,870000000,0.113,925000000,0.128,640000000,,0.159,53.65,,,,,,,,,,,,,,,,,,,,,11935457,false,false,9,2022-04-01,2022-12-31,-1
2024-02-01,53670,2024-03-31,3,10000000000,-0.068,,,,,850000000,-0.229,900000000,-0.236,630000000,,-0.246,52.78,,,,,,,,,,,,,,,24.00,,,,,,,false,true,12,2023-04-01,2024-03-31,0
2024-02-01,53670,2023-03-31,3,,,,,,,,,,,,,,,,,,,,16895000000,12394000000,0.734,1038.39,12394000000,,,,,23.00,,,,12135695,200238,,false,false,12,2022-04-01,2023-03-31,-1
2024-02-01,53670,2024-03-31,3,,,,,,,,,,,,,,,,,,,,,,,,,,,,,11.00,,,,,,,false,false,12,2023-04-01,2024-03-31,0
2024-05-01,53670,2024-03-31,,10239000000,-0.046,,,,,918000000,-0.167,992000000,-0.157,702000000,,-0.160,58.81,,0.055,0.058,0.090,,17191000000,13073000000,0.760,1095.31,13073000000,785000000,-398000000,-509000000,3385000000,24.00,0.413,,,12135695,200456,11935379,false,false,12,2023-04-01,2024-03-31,0
2024-05-01,53670,2023-03-31,,10733000000,0.076,,,,,1102000000,0.134,1177000000,0.145,835000000,,0.243,69.99,,0.069,0.070,0.103,,16895000000,12394000000,0.734,1038.39,12394000000,939000000,-267000000,-521000000,3508000000,23.00,0.329,,,12135695,200238,11935457,false,false,12,2022-04-01,2023-03-31,-1
2024-05-01,53670,2025-03-31,,4800000000,-0.046,,,,,450000000,-0.083,480000000,-0.080,340000000,,-0.064,28.49,,,,,,,,,,,,,,,,,,,,,,false,true,6,2024-04-01,2024-09-30,1
2024-05-01,53670,2025-03-31,,10300000000,0.006,,,,,950000000,0.034,990000000,-0.002,700000000,,-0.003,58.65,,,,,,,,,,,,,,,21.00,0.358,,,,,,false,true,12,2024-04-01,2025-03-31,1
2024-08-01,53670,2025-03-31,1,2311000000,-0.065,,,,,146000000,-0.397,171000000,-0.365,119000000,,-0.366,10.01,,,,,,17461000000,13032000000,0.746,1091.87,13032000000,,,,,,,,,12135695,200456,11935239,false,false,3,2024-04-01,2024-06-30,0
2024-08-01,53670,2024-03-31,1,2472000000,-0.069,,,,,241000000,-0.155,269000000,-0.141,189000000,,-0.135,15.80,,,,,,,,,,,,,,,,,,,,,11935457,false,false,3,2023-04-01,2023-06-30,-1
2024-08-01,53670,2025-03-31,1,4800000000,-0.046,,,,,450000000,-0.083,480000000,-0.080,340000000,,-0.064,28.49,,,,,,,,,,,,,,,,,,,,,,false,true,6,2024-04-01,2024-09-30,0
2024-08-01,53670,2025-03-31,1,10300000000,0.006,,,,,950000000,0.034,990000000,-0.002,700000000,,-0.003,58.65,,,,,,,,,,,,,,,21.00,,,,,,,false,true,12,2024-04-01,2025-03-31,0
2024-08-01,53670,2024-03-31,1,,,,,,,,,,,,,,,,,,,,17191000000,13073000000,0.760,1095.31,13073000000,,,,,24.00,,,,12135695,200456,,false,false,12,2023-04-01,2024-03-31,-1
2024-11-01,53670,2025-03-31,2,4932000000,-0.020,,,,,368000000,-0.249,407000000,-0.219,285000000,,-0.216,23.84,,,,,,17217000000,13058000000,0.758,1093.04,13058000000,,,,,,,,,12135695,188929,11941014,false,false,6,2024-04-01,2024-09-30,0
2024-11-01,53670,2024-03-31,2,5033000000,-0.050,,,,,491000000,-0.094,522000000,-0.088,363000000,,-0.083,30.42,,,,,,,,,,,,,,,,,,,,,11935457,false,false,6,2023-04-01,2023-09-30,-1
2024-11-01,53670,2025-03-31,2,10000000000,-0.023,,,,,700000000,-0.238,750000000,-0.244,530000000,,-0.245,44.36,,,,,,,,,,,,,,,21.00,,,,,,,false,true,12,2024-04-01,2025-03-31,0
2024-11-01,53670,2024-03-31,2,,,,,,,,,,,,,,,,,,,,17191000000,13073000000,0.760,1095.31,13073000000,,,,,24.00,,,,12135695,200456,,false,false,12,2023-04-01,2024-03-31,-1
2024-11-01,53670,2025-03-31,2,,,,,,,,,,,,,,,,,,,,,,,,,,,,,10.00,,,,,,,false,false,12,2024-04-01,2025-03-31,0
2025-02-03,53670,2025-03-31,3,7402000000,0.003,,,,,579000000,-0.091,643000000,-0.067,447000000,,-0.072,37.42,,,,,,17121000000,13105000000,0.765,1096.94,13105000000,,,,,,,,,12135695,188972,11942917,false,false,9,2024-04-01,2024-12-31,0
2025-02-03,53670,2024-03-31,3,7378000000,-0.075,,,,,637000000,-0.267,690000000,-0.254,482000000,,-0.248,40.35,,,,,,,,,,,,,,,,,,,,,11935425,false,false,9,2023-04-01,2023-12-31,-1
2025-02-03,53670,2025-03-31,3,10000000000,-0.023,,,,,700000000,-0.238,750000000,-0.244,530000000,,-0.245,44.36,,,,,,,,,,,,,,,21.00,,,,,,,false,true,12,2024-04-01,2025-03-31,0
2025-02-03,53670,2024-03-31,3,,,,,,,,,,,,,,,,,,,,17191000000,13073000000,0.760,1095.31,13073000000,,,,,24.00,,,,12135695,200456,,false,false,12,2023-04-01,2024-03-31,-1
2025-02-03,53670,2025-03-31,3,,,,,,,,,,,,,,,,,,,,,,,,,,,,,10.00,,,,,,,false,false,12,2024-04-01,2025-03-31,0
2025-05-01,53670,2025-03-31,,10077000000,-0.016,,,,,637000000,-0.305,720000000,-0.275,504000000,,-0.283,42.16,,0.038,0.042,0.063,,17125000000,13113000000,0.766,1097.65,13113000000,1677000000,-926000000,-493000000,3643000000,21.00,0.504,,,12135695,188972,11943869,false,false,12,2024-04-01,2025-03-31,0
2025-05-01,53670,2024-03-31,,10239000000,-0.046,,,,,918000000,-0.167,992000000,-0.157,702000000,,-0.160,58.81,,0.055,0.058,0.090,,17191000000,13073000000,0.760,1095.31,13073000000,785000000,-398000000,-509000000,3385000000,24.00,0.413,,,12135695,200456,11935379,false,false,12,2023-04-01,2024-03-31,-1
2025-05-01,53670,2026-03-31,,4920000000,-0.002,,,,,455000000,0.235,475000000,0.166,333000000,,0.170,27.87,,,,,,,,,,,,,,,,,,,,,,false,true,6,2025-04-01,2025-09-30,1
2025-05-01,53670,2026-03-31,,10140000000,0.006,,,,,966000000,0.515,1009000000,0.402,706000000,,0.402,59.10,,,,,,,,,,,,,,,21.00,0.355,,,,,,false,true,12,2025-04-01,2026-03-31,1
