filing_date,code,fiscal_year_end,quarterly_period,net_sales,net_sales_change,revenue,revenue_change,operating_revenue,operating_revenue_change,operating_profit,operating_profit_change,ordinary_profit,ordinary_profit_change,net_income,net_income_of_parent,net_income_change,eps,diluted_eps,roe,roa,operating_profit_to_net_sales,operating_profit_to_revenue,total_assets,net_assets,equity_ratio,bps,owner_equity,operating_cash_flow,investing_cash_flow,financing_cash_flow,cash,dividend_per_share,payout_ratio,commemorative_dividend,extra_dividend,number_of_shares,number_of_treqsury_shares,avg_number_of_shares,is_consolidated,is_forecast,duration,period_start,period_end,period_pos
2015-07-31,53860,2016-03-31,1,2079000000,-0.114,,,,,143000000,6.767,134000000,4.827,83000000,,9.735,10.78,,,,,,17385000000,10977000000,0.631,,10977000000,,,,,,,,,7767800,10432,7757368,false,false,3,2015-04-01,2015-06-30,0
2015-07-31,53860,2015-03-31,1,2347000000,-0.161,,,,,18000000,-0.914,23000000,-0.889,7000000,,-0.936,1.00,,,,,,,,,,,,,,,,,,,,,7757368,false,false,3,2014-04-01,2014-06-30,-1
2015-07-31,53860,2016-03-31,1,5030000000,0.075,,,,,200000000,2.215,180000000,2.091,120000000,,4.995,15.47,,,,,,,,,,,,,,,,,,,,,,false,true,6,2015-04-01,2015-09-30,0
2015-07-31,53860,2016-03-31,1,10000000000,0.097,,,,,460000000,1.197,430000000,1.138,270000000,,1.583,34.81,,,,,,,,,,,,,,,10.00,,,,,,,false,true,12,2015-04-01,2016-03-31,0
2015-07-31,53860,2015-03-31,1,,,,,,,,,,,,,,,,,,,,17279000000,10893000000,0.630,,10893000000,,,,,12.50,,,,7767800,10432,,false,false,12,2014-04-01,2015-03-31,-1
2015-10-30,53860,2016-03-31,,4347000000,-0.136,,,,,196000000,-0.019,173000000,-0.035,95000000,,-0.207,12.27,,,,,,,,,,,,,,,,,,,,,,false,true,6,2015-04-01,2015-09-30,0
2015-10-30,53860,2015-03-31,,4679000000,,,,,,62000000,,58000000,,20000000,,,2.58,,,,,,,,,,,,,,,,,,,,,,false,false,6,2014-04-01,2014-09-30,-1
2015-10-30,53860,2016-03-31,,8800000000,-0.120,,,,,340000000,-0.261,290000000,-0.326,160000000,,-0.407,20.63,,,,,,,,,,,,,,,12.50,,,,,,,false,true,12,2015-04-01,2016-03-31,0
2015-10-30,53860,2015-03-31,,9117000000,,,,,,209000000,,201000000,,104000000,,,13.48,,,,,,,,,,,,,,,12.50,,,,,,,false,false,12,2014-04-01,2015-03-31,-1
2015-11-02,53860,2016-03-31,2,4347000000,-0.071,,,,,196000000,2.153,173000000,1.983,95000000,,3.753,12.27,,,,,,17571000000,10981000000,0.625,,10981000000,,,,,,,,,7767800,10498,7757358,false,false,6,2015-04-01,2015-09-30,0
2015-11-02,53860,2015-03-31,2,4679000000,-0.180,,,,,62000000,-0.867,58000000,-0.871,20000000,,-0.926,2.58,,,,,,,,,,,,,,,,,,,,,7757368,false,false,6,2014-04-01,2014-09-30,-1
2015-11-02,53860,2016-03-31,2,8800000000,-0.035,,,,,340000000,0.624,290000000,0.442,160000000,,0.531,20.63,,,,,,,,,,,,,,,12.50,,,,,,,false,true,12,2015-04-01,2016-03-31,0
2015-11-02,53860,2015-03-31,2,,,,,,,,,,,,,,,,,,,,17279000000,10893000000,0.630,,10893000000,,,,,12.50,,,,7767800,10432,,false,false,12,2014-04-01,2015-03-31,-1
2015-11-02,53860,2016-03-31,2,,,,,,,,,,,,,,,,,,,,,,,,,,,,,7.50,,,,,,,false,false,12,2015-04-01,2016-03-31,0
2016-01-29,53860,2016-03-31,3,6749000000,-0.041,,,,,440000000,1.056,416000000,1.044,254000000,,1.251,32.75,,,,,,17905000000,11123000000,0.621,,11123000000,,,,,,,,,7767800,10498,7757339,false,false,9,2015-04-01,2015-12-31,0
2016-01-29,53860,2015-03-31,3,7041000000,-0.205,,,,,214000000,-0.727,203000000,-0.732,112000000,,-0.751,14.55,,,,,,,,,,,,,,,,,,,,,7757368,false,false,9,2014-04-01,2014-12-31,-1
2016-01-29,53860,2016-03-31,3,8800000000,-0.035,,,,,340000000,0.624,290000000,0.442,160000000,,0.531,20.63,,,,,,,,,,,,,,,12.50,,,,,,,false,true,12,2015-04-01,2016-03-31,0
2016-01-29,53860,2015-03-31,3,,,,,,,,,,,,,,,,,,,,17279000000,10893000000,0.630,,10893000000,,,,,12.50,,,,7767800,10432,,false,false,12,2014-04-01,2015-03-31,-1
2016-01-29,53860,2016-03-31,3,,,,,,,,,,,,,,,,,,,,,,,,,,,,,7.50,,,,,,,false,false,12,2015-04-01,2016-03-31,0
2016-04-21,53860,2016-03-31,,9025000000,0.026,,,,,533000000,0.568,505000000,0.744,247000000,,0.550,31.96,,,,,,,,,,,,,,,15.00,,,,,,,false,true,12,2015-04-01,2016-03-31,0
2016-04-21,53860,2015-03-31,,9117000000,,,,,,209000000,,201000000,,104000000,,,13.48,,,,,,,,,,,,,,,12.50,,,,,,,false,false,12,2014-04-01,2015-03-31,-1
2016-04-26,53860,2016-03-31,,9025000000,-0.010,,,,,533000000,1.547,505000000,1.515,247000000,,1.372,31.96,,0.023,0.029,0.059,,17406000000,11085000000,0.637,1429.04,11085000000,522000000,-112000000,-346000000,1364000000,15.00,0.469,,,7767800,10498,7757330,false,false,12,2015-04-01,2016-03-31,0
2016-04-26,53860,2015-03-31,,9117000000,-0.224,,,,,209000000,-0.754,201000000,-0.756,104000000,,-0.782,13.48,,0.010,0.011,0.023,,17279000000,10893000000,0.630,1404.30,10893000000,-28000000,-400000000,383000000,1300000000,12.50,0.927,,,7767800,10432,7757368,false,false,12,2014-04-01,2015-03-31,-1
2016-04-26,53860,2017-03-31,,5150000000,0.184,,,,,520000000,1.651,490000000,1.821,320000000,,2.363,41.25,,,,,,,,,,,,,,,,,,,,,,false,true,6,2016-04-01,2016-09-30,1
2016-04-26,53860,2017-03-31,,10000000000,0.108,,,,,1000000000,0.876,950000000,0.878,620000000,,1.501,79.92,,,,,,,,,,,,,,,15.00,,,,,,,false,true,12,2016-04-01,2017-03-31,1
2016-07-29,53860,2017-03-31,1,2327000000,0.119,,,,,154000000,0.079,154000000,0.151,104000000,,0.246,13.44,,,,,,17061000000,11116000000,0.652,,11116000000,,,,,,,,,7767800,10498,7757302,false,false,3,2016-04-01,2016-06-30,0
2016-07-29,53860,2016-03-31,1,2079000000,-0.114,,,,,143000000,6.767,134000000,4.827,83000000,,9.735,10.78,,,,,,,,,,,,,,,,,,,,,7757368,false,false,3,2015-04-01,2015-06-30,-1
2016-07-29,53860,2017-03-31,1,5150000000,0.184,,,,,520000000,1.651,490000000,1.821,320000000,,2.363,41.25,,,,,,,,,,,,,,,,,,,,,,false,true,6,2016-04-01,2016-09-30,0
2016-07-29,53860,2017-03-31,1,10000000000,0.108,,,,,1000000000,0.876,950000000,0.878,620000000,,1.501,79.92,,,,,,,,,,,,,,,15.00,,,,,,,false,true,12,2016-04-01,2017-03-31,0
2016-07-29,53860,2016-03-31,1,,,,,,,,,,,,,,,,,,,,17406000000,11085000000,0.637,,11085000000,,,,,15.00,,,,7767800,10498,,false,false,12,2015-04-01,2016-03-31,-1
2016-10-28,53860,2017-03-31,,4696000000,-0.088,,,,,322000000,-0.381,318000000,-0.349,217000000,,-0.320,28.05,,,,,,,,,,,,,,,,,,,,,,false,true,6,2016-04-01,2016-09-30,0
2016-10-28,53860,2016-03-31,,4347000000,,,,,,196000000,,173000000,,95000000,,,12.27,,,,,,,,,,,,,,,,,,,,,,false,false,6,2015-04-01,2015-09-30,-1
2016-10-28,53860,2017-03-31,,10000000000,0.000,,,,,860000000,-0.140,850000000,-0.105,550000000,,-0.113,70.90,,,,,,,,,,,,,,,,,,,,,,false,true,12,2016-04-01,2017-03-31,0
2016-10-28,53860,2016-03-31,,9025000000,,,,,,533000000,,505000000,,247000000,,,31.96,,,,,,,,,,,,,,,,,,,,,,false,false,12,2015-04-01,2016-03-31,-1
2016-10-31,53860,2017-03-31,2,4696000000,0.080,,,,,322000000,0.642,318000000,0.836,217000000,,1.287,28.05,,,,,,17245000000,11224000000,0.651,,11224000000,,,,,,,,,7767800,10498,7757302,false,false,6,2016-04-01,2016-09-30,0
2016-10-31,53860,2016-03-31,2,4347000000,-0.071,,,,,196000000,2.153,173000000,1.983,95000000,,3.753,12.27,,,,,,,,,,,,,,,,,,,,,7757358,false,false,6,2015-04-01,2015-09-30,-1
2016-10-31,53860,2017-03-31,2,10000000000,0.108,,,,,860000000,0.613,850000000,0.680,550000000,,1.218,70.90,,,,,,,,,,,,,,,15.00,,,,,,,false,true,12,2016-04-01,2017-03-31,0
2016-10-31,53860,2016-03-31,2,,,,,,,,,,,,,,,,,,,,17406000000,11085000000,0.637,,11085000000,,,,,15.00,,,,7767800,10498,,false,false,12,2015-04-01,2016-03-31,-1
2016-10-31,53860,2017-03-31,2,,,,,,,,,,,,,,,,,,,,,,,,,,,,,7.50,,,,,,,false,false,12,2016-04-01,2017-03-31,0
2017-01-31,53860,2017-03-31,3,6935000000,0.028,,,,,510000000,0.160,507000000,0.217,340000000,,0.339,43.85,,,,,,17425000000,11341000000,0.651,,11341000000,,,,,,,,,7767800,10498,7757302,false,false,9,2016-04-01,2016-12-31,0
2017-01-31,53860,2016-03-31,3,6749000000,-0.041,,,,,440000000,1.056,416000000,1.044,254000000,,1.251,32.75,,,,,,,,,,,,,,,,,,,,,7757339,false,false,9,2015-04-01,2015-12-31,-1
2017-01-31,53860,2017-03-31,3,10000000000,0.108,,,,,860000000,0.613,850000000,0.680,550000000,,1.218,70.90,,,,,,,,,,,,,,,15.00,,,,,,,false,true,12,2016-04-01,2017-03-31,0
2017-01-31,53860,2016-03-31,3,,,,,,,,,,,,,,,,,,,,17406000000,11085000000,0.637,,11085000000,,,,,15.00,,,,7767800,10498,,false,false,12,2015-04-01,2016-03-31,-1
2017-01-31,53860,2017-03-31,3,,,,,,,,,,,,,,,,,,,,,,,,,,,,,7.50,,,,,,,false,false,12,2016-04-01,2017-03-31,0
2017-04-25,53860,2017-03-31,,8975000000,-0.102,,,,,518000000,-0.397,513000000,-0.396,336000000,,-0.389,43.34,,,,,,,,,,,,,,,,,,,,,,false,true,12,2016-04-01,2017-03-31,0
2017-04-25,53860,2016-03-31,,9025000000,,,,,,533000000,,505000000,,247000000,,,31.96,,,,,,,,,,,,,,,,,,,,,,false,false,12,2015-04-01,2016-03-31,-1
2017-04-28,53860,2017-03-31,,8975000000,-0.005,,,,,518000000,-0.027,513000000,0.016,336000000,,0.356,43.34,,0.030,0.030,0.058,,17021000000,11344000000,0.666,1462.40,11344000000,1233000000,-144000000,-717000000,1736000000,15.00,0.346,,,7767800,10498,7757302,false,false,12,2016-04-01,2017-03-31,0
2017-04-28,53860,2016-03-31,,9025000000,-0.010,,,,,533000000,1.547,505000000,1.515,247000000,,1.372,31.96,,0.023,0.029,0.059,,17406000000,11085000000,0.637,1429.04,11085000000,522000000,-112000000,-346000000,1364000000,15.00,0.469,,,7767800,10498,7757330,false,false,12,2015-04-01,2016-03-31,-1
2017-04-28,53860,2018-03-31,,4820000000,0.026,,,,,310000000,-0.037,310000000,-0.028,200000000,,-0.081,25.78,,,,,,,,,,,,,,,,,,,,,,false,true,6,2017-04-01,2017-09-30,1
2017-04-28,53860,2018-03-31,,9400000000,0.047,,,,,600000000,0.157,600000000,0.168,400000000,,0.190,51.56,,,,,,,,,,,,,,,15.00,,,,,,,false,true,12,2017-04-01,2018-03-31,1
2017-07-28,53860,2018-03-31,1,1993000000,-0.144,,,,,21000000,-0.864,26000000,-0.830,18000000,,-0.819,2.43,,,,,,16751000000,11298000000,0.674,,11298000000,,,,,,,,,7767800,112798,7744936,false,false,3,2017-04-01,2017-06-30,0
2017-07-28,53860,2017-03-31,1,2327000000,0.119,,,,,154000000,0.079,154000000,0.151,104000000,,0.246,13.44,,,,,,,,,,,,,,,,,,,,,7757302,false,false,3,2016-04-01,2016-06-30,-1
2017-07-28,53860,2018-03-31,1,4820000000,0.026,,,,,310000000,-0.037,310000000,-0.028,200000000,,-0.081,25.78,,,,,,,,,,,,,,,,,,,,,,false,true,6,2017-04-01,2017-09-30,0
2017-07-28,53860,2018-03-31,1,9400000000,0.047,,,,,600000000,0.157,600000000,0.168,400000000,,0.190,51.56,,,,,,,,,,,,,,,15.00,,,,,,,false,true,12,2017-04-01,2018-03-31,0
2017-07-28,53860,2017-03-31,1,,,,,,,,,,,,,,,,,,,,17021000000,11344000000,0.666,,11344000000,,,,,15.00,,,,7767800,10498,,false,false,12,2016-04-01,2017-03-31,-1
2017-10-27,53860,2018-03-31,,4062000000,-0.157,,,,,37000000,-0.878,43000000,-0.859,25000000,,-0.873,3.31,,,,,,,,,,,,,,,,,,,,,,false,true,6,2017-04-01,2017-09-30,0
2017-10-27,53860,2017-03-31,,4696000000,,,,,,322000000,,318000000,,217000000,,,28.05,,,,,,,,,,,,,,,,,,,,,,false,false,6,2016-04-01,2016-09-30,-1
2017-10-27,53860,2018-03-31,,8200000000,-0.128,,,,,70000000,-0.883,60000000,-0.900,40000000,,-0.900,5.19,,,,,,,,,,,,,,,12.50,,,,,,,false,true,12,2017-04-01,2018-03-31,0
2017-10-27,53860,2017-03-31,,8975000000,,,,,,518000000,,513000000,,336000000,,,43.34,,,,,,,,,,,,,,,15.00,,,,,,,false,false,12,2016-04-01,2017-03-31,-1
2017-10-31,53860,2018-03-31,2,4062000000,-0.135,,,,,37000000,-0.883,43000000,-0.863,25000000,,-0.883,3.31,,,,,,16867000000,11307000000,0.670,,11307000000,,,,,,,,,7767800,112798,7699723,false,false,6,2017-04-01,2017-09-30,0
2017-10-31,53860,2017-03-31,2,4696000000,0.080,,,,,322000000,0.642,318000000,0.836,217000000,,1.287,28.05,,,,,,,,,,,,,,,,,,,,,7757302,false,false,6,2016-04-01,2016-09-30,-1
2017-10-31,53860,2018-03-31,2,8200000000,-0.086,,,,,70000000,-0.865,60000000,-0.883,40000000,,-0.881,5.19,,,,,,,,,,,,,,,12.50,,,,,,,false,true,12,2017-04-01,2018-03-31,0
2017-10-31,53860,2017-03-31,2,,,,,,,,,,,,,,,,,,,,17021000000,11344000000,0.666,,11344000000,,,,,15.00,,,,7767800,10498,,false,false,12,2016-04-01,2017-03-31,-1
2017-10-31,53860,2018-03-31,2,,,,,,,,,,,,,,,,,,,,,,,,,,,,,5.00,,,,,,,false,false,12,2017-04-01,2018-03-31,0
2018-01-31,53860,2018-03-31,3,6265000000,-0.097,,,,,91000000,-0.821,98000000,-0.805,57000000,,-0.831,7.50,,,,,,16904000000,11343000000,0.671,,11343000000,,,,,,,,,7767800,112798,7684762,false,false,9,2017-04-01,2017-12-31,0
2018-01-31,53860,2017-03-31,3,6935000000,0.028,,,,,510000000,0.160,507000000,0.217,340000000,,0.339,43.85,,,,,,,,,,,,,,,,,,,,,7757302,false,false,9,2016-04-01,2016-12-31,-1
2018-01-31,53860,2018-03-31,3,8200000000,-0.086,,,,,70000000,-0.865,60000000,-0.883,40000000,,-0.881,5.19,,,,,,,,,,,,,,,12.50,,,,,,,false,true,12,2017-04-01,2018-03-31,0
2018-01-31,53860,2017-03-31,3,,,,,,,,,,,,,,,,,,,,17021000000,11344000000,0.666,,11344000000,,,,,15.00,,,,7767800,10498,,false,false,12,2016-04-01,2017-03-31,-1
2018-01-31,53860,2018-03-31,3,,,,,,,,,,,,,,,,,,,,,,,,,,,,,5.00,,,,,,,false,false,12,2017-04-01,2018-03-31,0
2018-04-26,53860,2018-03-31,,8062000000,-0.017,,,,,68000000,-0.025,77000000,0.287,16000000,,-0.585,2.16,,,,,,,,,,,,,,,10.00,,,,,,,false,true,12,2017-04-01,2018-03-31,0
2018-04-26,53860,2017-03-31,,8975000000,,,,,,518000000,,513000000,,336000000,,,43.34,,,,,,,,,,,,,,,15.00,,,,,,,false,false,12,2016-04-01,2017-03-31,-1
2018-04-26,53860,2018-03-31,,,,,,,,,,,,,,,,,,,,,,,,,,,,,,5.00,,,,,,,false,false,12,2017-04-01,2018-03-31,0
2018-04-27,53860,2018-03-31,,8062000000,-0.102,,,,,68000000,-0.868,77000000,-0.850,16000000,,-0.951,2.16,,0.001,0.005,0.008,,16748000000,11267000000,0.673,1471.93,11267000000,658000000,-44000000,-543000000,1806000000,10.00,4.628,,,7767800,112798,7677424,false,false,12,2017-04-01,2018-03-31,0
2018-04-27,53860,2017-03-31,,8975000000,-0.005,,,,,518000000,-0.027,513000000,0.016,336000000,,0.356,43.34,,0.030,0.030,0.058,,17021000000,11344000000,0.666,1462.40,11344000000,1233000000,-144000000,-717000000,1736000000,15.00,0.346,,,7767800,10498,7757302,false,false,12,2016-04-01,2017-03-31,-1
2018-04-27,53860,2019-03-31,,4400000000,0.083,,,,,120000000,2.177,120000000,1.747,90000000,,2.532,11.76,,,,,,,,,,,,,,,,,,,,,,false,true,6,2018-04-01,2018-09-30,1
2018-04-27,53860,2019-03-31,,8600000000,0.067,,,,,310000000,3.541,310000000,3.013,220000000,,12.262,28.74,,,,,,,,,,,,,,,10.00,,,,,,,false,true,12,2018-04-01,2019-03-31,1
2018-07-31,53860,2019-03-31,1,2020000000,0.013,,,,,63000000,2.015,68000000,1.589,41000000,,1.222,5.47,,,,,,16614000000,11248000000,0.677,,11248000000,,,,,,,,,7767800,112798,7655002,false,false,3,2018-04-01,2018-06-30,0
2018-07-31,53860,2018-03-31,1,1993000000,-0.144,,,,,21000000,-0.864,26000000,-0.830,18000000,,-0.819,2.43,,,,,,,,,,,,,,,,,,,,,7744936,false,false,3,2017-04-01,2017-06-30,-1
2018-07-31,53860,2019-03-31,1,4400000000,0.083,,,,,120000000,2.177,120000000,1.747,90000000,,2.532,11.76,,,,,,,,,,,,,,,,,,,,,,false,true,6,2018-04-01,2018-09-30,0
2018-07-31,53860,2019-03-31,1,8600000000,0.067,,,,,310000000,3.541,310000000,3.013,220000000,,12.262,28.74,,,,,,,,,,,,,,,10.00,,,,,,,false,true,12,2018-04-01,2019-03-31,0
2018-07-31,53860,2018-03-31,1,,,,,,,,,,,,,,,,,,,,16690000000,11267000000,0.675,,11267000000,,,,,10.00,,,,7767800,112798,,false,false,12,2017-04-01,2018-03-31,-1
2018-10-26,53860,2019-03-31,,4048000000,-0.080,,,,,91000000,-0.236,100000000,-0.159,60000000,,-0.331,7.87,,,,,,,,,,,,,,,,,,,,,,false,true,6,2018-04-01,2018-09-30,0
2018-10-26,53860,2018-03-31,,4062000000,,,,,,37000000,,43000000,,25000000,,,3.31,,,,,,,,,,,,,,,,,,,,,,false,false,6,2017-04-01,2017-09-30,-1
2018-10-26,53860,2019-03-31,,8600000000,0.000,,,,,275000000,-0.113,280000000,-0.097,180000000,,-0.182,23.51,,,,,,,,,,,,,,,,,,,,,,false,true,12,2018-04-01,2019-03-31,0
2018-10-26,53860,2018-03-31,,8062000000,,,,,,68000000,,77000000,,16000000,,,2.16,,,,,,,,,,,,,,,,,,,,,,false,false,12,2017-04-01,2018-03-31,-1
2018-11-01,53860,2019-03-31,2,4048000000,-0.003,,,,,91000000,1.427,100000000,1.309,60000000,,1.364,7.87,,,,,,16438000000,11258000000,0.685,,11258000000,,,,,,,,,7767800,112798,7655002,false,false,6,2018-04-01,2018-09-30,0
2018-11-01,53860,2018-03-31,2,4062000000,-0.135,,,,,37000000,-0.883,43000000,-0.863,25000000,,-0.883,3.31,,,,,,,,,,,,,,,,,,,,,7699723,false,false,6,2017-04-01,2017-09-30,-1
2018-11-01,53860,2019-03-31,2,8600000000,0.067,,,,,275000000,3.028,280000000,2.625,180000000,,9.851,23.51,,,,,,,,,,,,,,,10.00,,,,,,,false,true,12,2018-04-01,2019-03-31,0
2018-11-01,53860,2018-03-31,2,,,,,,,,,,,,,,,,,,,,16690000000,11267000000,0.675,,11267000000,,,,,10.00,,,,7767800,112798,,false,false,12,2017-04-01,2018-03-31,-1
2018-11-01,53860,2019-03-31,2,,,,,,,,,,,,,,,,,,,,,,,,,,,,,5.00,,,,,,,false,false,12,2018-04-01,2019-03-31,0
2019-01-31,53860,2019-03-31,3,6303000000,0.006,,,,,266000000,1.918,283000000,1.870,180000000,,2.127,23.54,,,,,,16497000000,11312000000,0.686,,11312000000,,,,,,,,,7767800,112874,7654983,false,false,9,2018-04-01,2018-12-31,0
2019-01-31,53860,2018-03-31,3,6265000000,-0.097,,,,,91000000,-0.821,98000000,-0.805,57000000,,-0.831,7.50,,,,,,,,,,,,,,,,,,,,,7684762,false,false,9,2017-04-01,2017-12-31,-1
2019-01-31,53860,2019-03-31,3,8600000000,0.067,,,,,275000000,3.028,280000000,2.625,180000000,,9.851,23.51,,,,,,,,,,,,,,,10.00,,,,,,,false,true,12,2018-04-01,2019-03-31,0
2019-01-31,53860,2018-03-31,3,,,,,,,,,,,,,,,,,,,,16690000000,11267000000,0.675,,11267000000,,,,,10.00,,,,7767800,112798,,false,false,12,2017-04-01,2018-03-31,-1
2019-01-31,53860,2019-03-31,3,,,,,,,,,,,,,,,,,,,,,,,,,,,,,5.00,,,,,,,false,false,12,2018-04-01,2019-03-31,0
2019-04-26,53860,2019-03-31,,8299000000,-0.035,,,,,279000000,0.017,299000000,0.068,113000000,,-0.369,14.84,,,,,,,,,,,,,,,12.50,,,,,,,false,true,12,2018-04-01,2019-03-31,0
2019-04-26,53860,2018-03-31,,8062000000,,,,,,68000000,,77000000,,16000000,,,2.16,,,,,,,,,,,,,,,10.00,,,,,,,false,false,12,2017-04-01,2018-03-31,-1
2019-04-26,53860,2019-03-31,,,,,,,,,,,,,,,,,,,,,,,,,,,,,,5.00,,,,,,,false,false,12,2018-04-01,2019-03-31,0
2019-05-07,53860,2019-03-31,,8299000000,0.029,,,,,279000000,3.096,299000000,2.871,113000000,,5.849,14.84,,0.010,0.018,0.034,,16373000000,11252000000,0.687,1469.91,11252000000,597000000,-26000000,-576000000,1802000000,12.50,0.842,,,7767800,112874,7654969,false,false,12,2018-04-01,2019-03-31,0
2019-05-07,53860,2018-03-31,,8062000000,-0.102,,,,,68000000,-0.868,77000000,-0.850,16000000,,-0.951,2.16,,0.001,0.005,0.008,,16690000000,11267000000,0.675,1471.93,11267000000,658000000,-44000000,-543000000,1806000000,10.00,4.628,,,7767800,112798,7677424,false,false,12,2017-04-01,2018-03-31,-1
2019-05-07,53860,2020-03-31,,4680000000,0.156,,,,,245000000,1.672,250000000,1.478,170000000,,1.822,22.21,,,,,,,,,,,,,,,,,,,,,,false,true,6,2019-04-01,2019-09-30,1
2019-05-07,53860,2020-03-31,,9000000000,0.084,,,,,490000000,0.753,500000000,0.672,340000000,,1.993,44.42,,,,,,,,,,,,,,,15.00,,,,,,,false,true,12,2019-04-01,2020-03-31,1
2019-07-31,53860,2020-03-31,1,2125000000,0.052,,,,,89000000,0.416,96000000,0.414,63000000,,0.523,8.32,,,,,,16052000000,11222000000,0.699,,11222000000,,,,,,,,,7767800,112916,7654904,false,false,3,2019-04-01,2019-06-30,0
2019-07-31,53860,2019-03-31,1,2020000000,0.013,,,,,63000000,2.015,68000000,1.589,41000000,,1.222,5.47,,,,,,,,,,,,,,,,,,,,,7655002,false,false,3,2018-04-01,2018-06-30,-1
2019-07-31,53860,2020-03-31,1,4680000000,0.156,,,,,245000000,1.672,250000000,1.478,170000000,,1.822,22.21,,,,,,,,,,,,,,,,,,,,,,false,true,6,2019-04-01,2019-09-30,0
2019-07-31,53860,2020-03-31,1,9000000000,0.084,,,,,490000000,0.753,500000000,0.672,340000000,,1.993,44.42,,,,,,,,,,,,,,,15.00,,,,,,,false,true,12,2019-04-01,2020-03-31,0
2019-07-31,53860,2019-03-31,1,,,,,,,,,,,,,,,,,,,,16373000000,11252000000,0.687,,11252000000,,,,,12.50,,,,7767800,112874,,false,false,12,2018-04-01,2019-03-31,-1
2019-10-31,53860,2020-03-31,2,4436000000,0.096,,,,,212000000,1.314,218000000,1.170,145000000,,1.410,18.96,,,,,,15923000000,11334000000,0.712,,11334000000,,,,,,,,,7767800,112916,7654894,false,false,6,2019-04-01,2019-09-30,0
2019-10-31,53860,2019-03-31,2,4048000000,-0.003,,,,,91000000,1.427,100000000,1.309,60000000,,1.364,7.87,,,,,,,,,,,,,,,,,,,,,7655002,false,false,6,2018-04-01,2018-09-30,-1
2019-10-31,53860,2020-03-31,2,9000000000,0.084,,,,,590000000,1.110,600000000,1.006,400000000,,2.521,52.25,,,,,,,,,,,,,,,15.00,,,,,,,false,true,12,2019-04-01,2020-03-31,0
2019-10-31,53860,2019-03-31,2,,,,,,,,,,,,,,,,,,,,16373000000,11252000000,0.687,,11252000000,,,,,12.50,,,,7767800,112874,,false,false,12,2018-04-01,2019-03-31,-1
2019-10-31,53860,2020-03-31,2,,,,,,,,,,,,,,,,,,,,,,,,,,,,,7.50,,,,,,,false,false,12,2019-04-01,2020-03-31,0
2020-01-31,53860,2020-03-31,3,6559000000,0.041,,,,,427000000,0.607,439000000,0.550,294000000,,0.636,38.51,,,,,,16227000000,11430000000,0.704,,11430000000,,,,,,,,,7767800,112916,7654891,false,false,9,2019-04-01,2019-12-31,0
2020-01-31,53860,2019-03-31,3,6303000000,0.006,,,,,266000000,1.918,283000000,1.870,180000000,,2.127,23.54,,,,,,,,,,,,,,,,,,,,,7654983,false,false,9,2018-04-01,2018-12-31,-1
2020-01-31,53860,2020-03-31,3,9000000000,0.084,,,,,590000000,1.110,600000000,1.006,400000000,,2.521,52.25,,,,,,,,,,,,,,,12.50,,,,,,,false,true,12,2019-04-01,2020-03-31,0
2020-01-31,53860,2019-03-31,3,,,,,,,,,,,,,,,,,,,,16373000000,11252000000,0.687,,11252000000,,,,,12.50,,,,7767800,112874,,false,false,12,2018-04-01,2019-03-31,-1
2020-01-31,53860,2020-03-31,3,,,,,,,,,,,,,,,,,,,,,,,,,,,,,7.50,,,,,,,false,false,12,2019-04-01,2020-03-31,0
2020-01-31,53860,2020-03-31,3,6559000000,0.041,,,,,427000000,0.607,439000000,0.550,294000000,,0.636,38.51,,,,,,16227000000,11430000000,0.704,,11430000000,,,,,,,,,7767800,112916,7654891,false,false,9,2019-04-01,2019-12-31,0
2020-01-31,53860,2019-03-31,3,6303000000,0.006,,,,,266000000,1.918,283000000,1.870,180000000,,2.127,23.54,,,,,,,,,,,,,,,,,,,,,7654983,false,false,9,2018-04-01,2018-12-31,-1
2020-01-31,53860,2020-03-31,3,9000000000,0.084,,,,,590000000,1.110,600000000,1.006,400000000,,2.521,52.25,,,,,,,,,,,,,,,15.00,,,,,,,false,true,12,2019-04-01,2020-03-31,0
2020-01-31,53860,2019-03-31,3,,,,,,,,,,,,,,,,,,,,16373000000,11252000000,0.687,,11252000000,,,,,12.50,,,,7767800,112874,,false,false,12,2018-04-01,2019-03-31,-1
2020-01-31,53860,2020-03-31,3,,,,,,,,,,,,,,,,,,,,,,,,,,,,,7.50,,,,,,,false,false,12,2019-04-01,2020-03-31,0
2020-05-11,53860,2020-03-31,,8301000000,0.000,,,,,438000000,0.569,449000000,0.502,298000000,,1.630,39.04,,0.026,0.028,0.053,,15816000000,11365000000,0.719,1484.71,11365000000,426000000,-45000000,-590000000,1592000000,10.00,0.256,,,7767800,112916,7654889,false,false,12,2019-04-01,2020-03-31,0
2020-05-11,53860,2019-03-31,,8299000000,0.029,,,,,279000000,3.096,299000000,2.871,113000000,,5.849,14.84,,0.010,0.018,0.034,,16373000000,11252000000,0.687,1469.91,11252000000,597000000,-26000000,-576000000,1802000000,12.50,0.842,,,7767800,112874,7654969,false,false,12,2018-04-01,2019-03-31,-1
2020-07-31,53860,2021-03-31,1,1797000000,-0.155,,,,,87000000,-0.020,101000000,0.057,68000000,,0.076,8.95,,,,,,15472000000,11412000000,0.738,,11412000000,,,,,,,,,7767800,112916,7654884,false,false,3,2020-04-01,2020-06-30,0
2020-07-31,53860,2020-03-31,1,2125000000,0.052,,,,,89000000,0.416,96000000,0.414,63000000,,0.523,8.32,,,,,,,,,,,,,,,,,,,,,7654904,false,false,3,2019-04-01,2019-06-30,-1
2020-07-31,53860,2020-03-31,1,,,,,,,,,,,,,,,,,,,,15816000000,11365000000,0.719,,11365000000,,,,,10.00,,,,7767800,112916,,false,false,12,2019-04-01,2020-03-31,-1
2020-10-27,53860,2021-03-31,,3612000000,,,,,,152000000,,161000000,,109000000,,,14.33,,,,,,,,,,,,,,,,,,,,,,false,true,6,2020-04-01,2020-09-30,0
2020-10-27,53860,2020-03-31,,4436000000,,,,,,212000000,,218000000,,145000000,,,18.96,,,,,,,,,,,,,,,,,,,,,,false,false,6,2019-04-01,2019-09-30,-1
2020-10-27,53860,2021-03-31,,,,,,,,,,,,,,,,,,,,,,,,,,,,,,4.00,,,,,,,false,true,12,2020-04-01,2021-03-31,0
2020-10-27,53860,2020-03-31,,,,,,,,,,,,,,,,,,,,,,,,,,,,,,10.00,,,,,,,false,false,12,2019-04-01,2020-03-31,-1
2020-10-30,5386,2021-03-31,2,3612000000,-0.186,,,,,152000000,-0.283,161000000,-0.261,109000000,,-0.244,14.33,,,,,,15364000000,11470000000,0.747,,11470000000,,,,,,,,,7767800,112916,7654894,false,false,6,2020-04-01,2020-09-30,0
2020-10-30,5386,2020-03-31,2,4436000000,0.096,,,,,212000000,1.314,218000000,1.170,145000000,,1.410,18.96,,,,,,,,,,,,,,,,,,,,,7654894,false,false,6,2019-04-01,2019-09-30,-1
2020-10-30,5386,2020-03-31,2,,,,,,,,,,,,,,,,,,,,15816000000,11365000000,0.719,,11365000000,,,,,10.00,,,,7767800,112916,,false,false,12,2019-04-01,2020-03-31,-1
2020-10-30,5386,2021-03-31,2,,,,,,,,,,,,,,,,,,,,,,,,,,,,,4.00,,,,,,,false,false,12,2020-04-01,2021-03-31,0
2021-01-29,5386,2021-03-31,3,5568000000,-0.151,,,,,346000000,-0.190,398000000,-0.094,271000000,,-0.078,35.48,,,,,,15920000000,11639000000,0.731,,11639000000,,,,,,,,,7767800,112916,7654884,false,false,9,2020-04-01,2020-12-31,0
2021-01-29,5386,2020-03-31,3,6559000000,0.041,,,,,427000000,0.607,439000000,0.550,294000000,,0.636,38.51,,,,,,,,,,,,,,,,,,,,,7654891,false,false,9,2019-04-01,2019-12-31,-1
2021-01-29,5386,2020-03-31,3,,,,,,,,,,,,,,,,,,,,15816000000,11365000000,0.719,,11365000000,,,,,10.00,,,,7767800,112916,,false,false,12,2019-04-01,2020-03-31,-1
2021-01-29,5386,2021-03-31,3,,,,,,,,,,,,,,,,,,,,,,,,,,,,,4.00,,,,,,,false,false,12,2020-04-01,2021-03-31,0
2021-04-27,53860,2021-03-31,,7290000000,,,,,,361000000,,431000000,,293000000,,,38.29,,,,,,,,,,,,,,,11.00,,,,,,,false,true,12,2020-04-01,2021-03-31,0
2021-04-27,53860,2020-03-31,,8301000000,,,,,,438000000,,449000000,,298000000,,,39.04,,,,,,,,,,,,,,,10.00,,,,,,,false,false,12,2019-04-01,2020-03-31,-1
2021-04-27,53860,2021-03-31,,,,,,,,,,,,,,,,,,,,,,,,,,,,,,4.00,,,,,,,false,false,12,2020-04-01,2021-03-31,0
2021-04-30,5386,2021-03-31,,7290000000,-0.122,,,,,361000000,-0.177,431000000,-0.039,293000000,,-0.019,38.29,,0.025,0.027,0.050,,15892000000,11691000000,0.736,1527.28,11691000000,494000000,-52000000,-101000000,1933000000,11.00,0.287,,,7767800,112916,7654884,false,false,12,2020-04-01,2021-03-31,0
2021-04-30,5386,2020-03-31,,8301000000,0.000,,,,,438000000,0.569,449000000,0.502,298000000,,1.630,39.04,,0.026,0.028,0.053,,15816000000,11365000000,0.719,1484.71,11365000000,426000000,-45000000,-590000000,1592000000,10.00,0.256,,,7767800,112916,7654889,false,false,12,2019-04-01,2020-03-31,-1
2021-04-30,5386,2022-03-31,,4100000000,0.135,,,,,130000000,-0.145,145000000,-0.104,100000000,,-0.088,13.06,,,,,,,,,,,,,,,,,,,,,,false,true,6,2021-04-01,2021-09-30,1
2021-04-30,5386,2022-03-31,,8000000000,0.097,,,,,260000000,-0.280,280000000,-0.351,190000000,,-0.352,24.82,,,,,,,,,,,,,,,15.00,0.604,,,,,,false,true,12,2021-04-01,2022-03-31,1
2021-07-30,5386,2022-03-31,1,1853000000,0.031,,,,,25000000,-0.709,45000000,-0.552,29000000,,-0.565,3.90,,,,,,15856000000,11660000000,0.735,,11660000000,,,,,,,,,7767800,112916,7654884,false,false,3,2021-04-01,2021-06-30,0
2021-07-30,5386,2021-03-31,1,1797000000,-0.155,,,,,87000000,-0.020,101000000,0.057,68000000,,0.076,8.95,,,,,,,,,,,,,,,,,,,,,7654884,false,false,3,2020-04-01,2020-06-30,-1
2021-07-30,5386,2022-03-31,1,4100000000,0.135,,,,,130000000,-0.145,145000000,-0.104,100000000,,-0.088,13.06,,,,,,,,,,,,,,,,,,,,,,false,true,6,2021-04-01,2021-09-30,0
2021-07-30,5386,2022-03-31,1,8000000000,0.097,,,,,260000000,-0.280,280000000,-0.351,190000000,,-0.352,24.82,,,,,,,,,,,,,,,15.00,,,,,,,false,true,12,2021-04-01,2022-03-31,0
2021-07-30,5386,2021-03-31,1,,,,,,,,,,,,,,,,,,,,15892000000,11691000000,0.736,,11691000000,,,,,11.00,,,,7767800,112916,,false,false,12,2020-04-01,2021-03-31,-1
2021-10-28,5386,2022-03-31,2,3753000000,0.039,,,,,68000000,-0.552,103000000,-0.363,67000000,,-0.381,8.86,,,,,,15611000000,11727000000,0.751,,11727000000,,,,,,,,,7767800,112916,7654884,false,false,6,2021-04-01,2021-09-30,0
2021-10-28,5386,2021-03-31,2,3612000000,-0.186,,,,,152000000,-0.283,161000000,-0.261,109000000,,-0.244,14.33,,,,,,,,,,,,,,,,,,,,,7654894,false,false,6,2020-04-01,2020-09-30,-1
2021-10-28,5386,2022-03-31,2,7350000000,0.008,,,,,140000000,-0.613,160000000,-0.629,110000000,,-0.625,14.37,,,,,,,,,,,,,,,10.00,,,,,,,false,true,12,2021-04-01,2022-03-31,0
2021-10-28,5386,2021-03-31,2,,,,,,,,,,,,,,,,,,,,15892000000,11691000000,0.736,,11691000000,,,,,11.00,,,,7767800,112916,,false,false,12,2020-04-01,2021-03-31,-1
2021-10-28,5386,2022-03-31,2,,,,,,,,,,,,,,,,,,,,,,,,,,,,,5.00,,,,,,,false,false,12,2021-04-01,2022-03-31,0
2022-01-28,53860,2022-03-31,3,5755000000,0.034,,,,,146000000,-0.577,193000000,-0.514,128000000,,-0.528,16.76,,,,,,15945000000,11724000000,0.735,,11724000000,,,,,,,,,7767800,112916,7654884,false,false,9,2021-04-01,2021-12-31,0
2022-01-28,53860,2021-03-31,3,5568000000,-0.151,,,,,346000000,-0.190,398000000,-0.094,271000000,,-0.078,35.48,,,,,,,,,,,,,,,,,,,,,7654884,false,false,9,2020-04-01,2020-12-31,-1
2022-01-28,53860,2022-03-31,3,7350000000,0.008,,,,,140000000,-0.613,160000000,-0.629,110000000,,-0.625,14.37,,,,,,,,,,,,,,,10.00,,,,,,,false,true,12,2021-04-01,2022-03-31,0
2022-01-28,53860,2021-03-31,3,,,,,,,,,,,,,,,,,,,,15892000000,11691000000,0.736,,11691000000,,,,,11.00,,,,7767800,112916,,false,false,12,2020-04-01,2021-03-31,-1
2022-01-28,53860,2022-03-31,3,,,,,,,,,,,,,,,,,,,,,,,,,,,,,5.00,,,,,,,false,false,12,2021-04-01,2022-03-31,0
2022-04-28,53860,2022-03-31,,7739000000,0.062,,,,,150000000,-0.584,189000000,-0.560,128000000,,-0.560,16.84,,0.011,0.012,0.019,,15728000000,11724000000,0.745,1531.66,11724000000,216000000,-144000000,-390000000,1615000000,10.00,0.594,,,7767800,112916,7654884,false,false,12,2021-04-01,2022-03-31,0
2022-04-28,53860,2021-03-31,,7290000000,-0.122,,,,,361000000,-0.177,431000000,-0.039,293000000,,-0.019,38.29,,0.025,0.027,0.050,,15892000000,11691000000,0.736,1527.28,11691000000,494000000,-52000000,-101000000,1933000000,11.00,0.287,,,7767800,112916,7654889,false,false,12,2020-04-01,2021-03-31,-1
2022-07-29,53860,2023-03-31,1,1729000000,-0.067,,,,,-46000000,,-29000000,,-22000000,,,-2.97,,,,,,15708000000,11651000000,0.742,,11651000000,,,,,,,,,7767800,112916,7654884,false,false,3,2022-04-01,2022-06-30,0
2022-07-29,53860,2022-03-31,1,1853000000,0.031,,,,,25000000,-0.709,45000000,-0.552,29000000,,-0.565,3.90,,,,,,,,,,,,,,,,,,,,,7654884,false,false,3,2021-04-01,2021-06-30,-1
2022-07-29,53860,2022-03-31,1,,,,,,,,,,,,,,,,,,,,15728000000,11724000000,0.745,,11660000000,,,,,10.00,,,,7767800,112916,,false,false,12,2021-04-01,2022-03-31,-1
2022-10-28,53860,2023-03-31,,3481000000,,,,,,-88000000,,-55000000,,-43000000,,,-5.74,,,,,,,,,,,,,,,,,,,,,,false,true,6,2022-04-01,2022-09-30,0
2022-10-28,53860,2022-03-31,,3753000000,,,,,,68000000,,103000000,,67000000,,,8.86,,,,,,,,,,,,,,,,,,,,,,false,false,6,2021-04-01,2021-09-30,-1
2022-10-28,53860,2023-03-31,,,,,,,,,,,,,,,,,,,,,,,,,,,,,,2.00,,,,,,,false,true,12,2022-04-01,2023-03-31,0
2022-10-28,53860,2022-03-31,,,,,,,,,,,,,,,,,,,,,,,,,,,,,,10.00,,,,,,,false,false,12,2021-04-01,2022-03-31,-1
2022-10-31,53860,2023-03-31,2,3481000000,-0.073,,,,,-88000000,,-55000000,,-43000000,,,-5.74,,,,,,15488000000,11621000000,0.750,,11621000000,,,,,,,,,7767800,112916,7654884,false,false,6,2022-04-01,2022-09-30,0
2022-10-31,53860,2022-03-31,2,3753000000,0.039,,,,,68000000,-0.552,103000000,-0.363,67000000,,-0.381,8.86,,,,,,,,,,,,,,,,,,,,,7654884,false,false,6,2021-04-01,2021-09-30,-1
2022-10-31,53860,2022-03-31,2,,,,,,,,,,,,,,,,,,,,15728000000,11724000000,0.745,,11724000000,,,,,10.00,,,,7767800,112916,,false,false,12,2021-04-01,2022-03-31,-1
2022-10-31,53860,2023-03-31,2,,,,,,,,,,,,,,,,,,,,,,,,,,,,,2.00,,,,,,,false,false,12,2022-04-01,2023-03-31,0
2023-01-31,53860,2023-03-31,3,5366000000,-0.068,,,,,-127000000,,-46000000,,-45000000,,,-5.98,,,,,,15695000000,11629000000,0.741,,11629000000,,,,,,,,,7767800,112916,7654884,false,false,9,2022-04-01,2022-12-31,0
2023-01-31,53860,2022-03-31,3,5755000000,0.034,,,,,146000000,-0.577,193000000,-0.514,128000000,,-0.528,16.76,,,,,,,,,,,,,,,,,,,,,7654884,false,false,9,2021-04-01,2021-12-31,-1
2023-01-31,53860,2022-03-31,3,,,,,,,,,,,,,,,,,,,,15728000000,11724000000,0.745,,11724000000,,,,,10.00,,,,7767800,112916,,false,false,12,2021-04-01,2022-03-31,-1
2023-01-31,53860,2023-03-31,3,,,,,,,,,,,,,,,,,,,,,,,,,,,,,2.00,,,,,,,false,false,12,2022-04-01,2023-03-31,0
2023-03-14,53860,2023-03-31,,6950000000,,,,,,-290000000,,-170000000,,-140000000,,,-18.04,,,,,,,,,,,,,,,,,,,,,,false,true,12,2022-04-01,2023-03-31,0
2023-03-14,53860,2022-03-31,,7739000000,,,,,,150000000,,189000000,,128000000,,,16.84,,,,,,,,,,,,,,,,,,,,,,false,false,12,2021-04-01,2022-03-31,-1
2023-04-27,53860,2023-03-31,,7143000000,0.028,,,,,-228000000,,-104000000,,-90000000,,,-11.88,,,,,,,,,,,,,,,4.00,,,,,,,false,true,12,2022-04-01,2023-03-31,0
2023-04-27,53860,2022-03-31,,7739000000,,,,,,150000000,,189000000,,128000000,,,16.84,,,,,,,,,,,,,,,10.00,,,,,,,false,false,12,2021-04-01,2022-03-31,-1
2023-04-27,53860,2023-03-31,,,,,,,,,,,,,,,,,,,,,,,,,,,,,,2.00,,,,,,,false,false,12,2022-04-01,2023-03-31,0
2023-04-28,53860,2023-03-31,,7143000000,-0.077,,,,,-228000000,,-104000000,,-90000000,,,-11.88,,-0.008,-0.007,-0.032,,15436000000,11596000000,0.751,1514.90,11596000000,-52000000,-335000000,-55000000,1171000000,4.00,-0.337,,,7767800,112916,7654884,false,false,12,2022-04-01,2023-03-31,0
2023-04-28,53860,2022-03-31,,7739000000,0.062,,,,,150000000,-0.584,189000000,-0.560,128000000,,-0.560,16.84,,0.011,0.012,0.019,,15728000000,11724000000,0.745,1531.66,11724000000,216000000,-144000000,-390000000,1615000000,10.00,0.594,,,7767800,112916,7654884,false,false,12,2021-04-01,2022-03-31,-1
2023-04-28,53860,2024-03-31,,3650000000,0.049,,,,,90000000,,140000000,,90000000,,,11.76,,,,,,,,,,,,,,,,,,,,,,false,true,6,2023-04-01,2023-09-30,1
2023-04-28,53860,2024-03-31,,7500000000,0.050,,,,,95000000,,190000000,,120000000,,,15.68,,,,,,,,,,,,,,,5.00,0.319,,,,,,false,true,12,2023-04-01,2024-03-31,1
2023-07-31,53860,2024-03-31,1,1617000000,-0.064,,,,,9000000,,39000000,,25000000,,,3.28,,,,,,15522000000,11687000000,0.753,,11687000000,,,,,,,,,7767800,112916,7654884,false,false,3,2023-04-01,2023-06-30,0
2023-07-31,53860,2023-03-31,1,1729000000,-0.067,,,,,-46000000,,-29000000,,-22000000,,,-2.97,,,,,,,,,,,,,,,,,,,,,7654884,false,false,3,2022-04-01,2022-06-30,-1
2023-07-31,53860,2024-03-31,1,3650000000,0.049,,,,,90000000,,140000000,,90000000,,,11.76,,,,,,,,,,,,,,,,,,,,,,false,true,6,2023-04-01,2023-09-30,0
2023-07-31,53860,2024-03-31,1,7500000000,0.050,,,,,95000000,,190000000,,120000000,,,15.68,,,,,,,,,,,,,,,5.00,,,,,,,false,true,12,2023-04-01,2024-03-31,0
2023-07-31,53860,2023-03-31,1,,,,,,,,,,,,,,,,,,,,15436000000,11596000000,0.751,,11596000000,,,,,4.00,,,,7767800,112916,,false,false,12,2022-04-01,2023-03-31,-1
2023-10-27,53860,2024-03-31,,3219000000,-0.118,,,,,74000000,-0.170,149000000,0.065,98000000,,0.092,12.84,,,,,,,,,,,,,,,,,,,,,,false,true,6,2023-04-01,2023-09-30,0
2023-10-27,53860,2023-03-31,,3481000000,,,,,,-88000000,,-55000000,,-43000000,,,-5.74,,,,,,,,,,,,,,,,,,,,,,false,false,6,2022-04-01,2022-09-30,-1
2023-10-27,53860,2024-03-31,,7070000000,-0.057,,,,,95000000,0.000,190000000,0.000,120000000,,0.000,15.68,,,,,,,,,,,,,,,5.00,,,,,,,false,true,12,2023-04-01,2024-03-31,0
2023-10-27,53860,2023-03-31,,7143000000,,,,,,-228000000,,-104000000,,-90000000,,,-11.88,,,,,,,,,,,,,,,4.00,,,,,,,false,false,12,2022-04-01,2023-03-31,-1
2023-10-31,53860,2024-03-31,2,3219000000,-0.075,,,,,74000000,,149000000,,98000000,,,12.84,,,,,,15742000000,11800000000,0.750,,11800000000,,,,,,,,,7767800,112916,7654884,false,false,6,2023-04-01,2023-09-30,0
2023-10-31,53860,2023-03-31,2,3481000000,-0.073,,,,,-88000000,,-55000000,,-43000000,,,-5.74,,,,,,,,,,,,,,,,,,,,,7654884,false,false,6,2022-04-01,2022-09-30,-1
2023-10-31,53860,2024-03-31,2,7070000000,-0.010,,,,,95000000,,190000000,,120000000,,,15.68,,,,,,,,,,,,,,,5.00,,,,,,,false,true,12,2023-04-01,2024-03-31,0
2023-10-31,53860,2023-03-31,2,,,,,,,,,,,,,,,,,,,,15436000000,11596000000,0.751,,11596000000,,,,,4.00,,,,7767800,112916,,false,false,12,2022-04-01,2023-03-31,-1
2023-10-31,53860,2024-03-31,2,,,,,,,,,,,,,,,,,,,,,,,,,,,,,3.00,,,,,,,false,false,12,2023-04-01,2024-03-31,0
2024-01-31,53860,2024-03-31,3,4894000000,-0.088,,,,,194000000,,294000000,,196000000,,,25.68,,,,,,15774000000,11897000000,0.754,,11897000000,,,,,,,,,7767800,112916,7654884,false,false,9,2023-04-01,2023-12-31,0
2024-01-31,53860,2023-03-31,3,5366000000,-0.068,,,,,-127000000,,-46000000,,-45000000,,,-5.98,,,,,,,,,,,,,,,,,,,,,7654884,false,false,9,2022-04-01,2022-12-31,-1
2024-01-31,53860,2024-03-31,3,7070000000,-0.010,,,,,95000000,,190000000,,120000000,,,15.68,,,,,,,,,,,,,,,5.00,,,,,,,false,true,12,2023-04-01,2024-03-31,0
2024-01-31,53860,2023-03-31,3,,,,,,,,,,,,,,,,,,,,15436000000,11596000000,0.751,,11596000000,,,,,4.00,,,,7767800,112916,,false,false,12,2022-04-01,2023-03-31,-1
2024-01-31,53860,2024-03-31,3,,,,,,,,,,,,,,,,,,,,,,,,,,,,,3.00,,,,,,,false,false,12,2023-04-01,2024-03-31,0
2024-04-26,53860,2024-03-31,,6369000000,-0.108,,,,,103000000,,199000000,,127000000,,,16.64,,0.011,0.013,0.016,,15843000000,11891000000,0.751,1553.48,11891000000,661000000,-156000000,-38000000,1638000000,5.00,0.301,,,7767800,112916,7654884,false,false,12,2023-04-01,2024-03-31,0
2024-04-26,53860,2023-03-31,,7143000000,-0.077,,,,,-228000000,,-104000000,,-90000000,,,-11.88,,-0.008,-0.007,-0.032,,15436000000,11596000000,0.751,1514.90,11596000000,-52000000,-335000000,-55000000,1171000000,4.00,-0.337,,,7767800,112916,7654884,false,false,12,2022-04-01,2023-03-31,-1
2024-04-26,53860,2025-03-31,,3430000000,0.065,,,,,10000000,-0.866,200000000,0.342,130000000,,0.322,16.98,,,,,,,,,,,,,,,,,,,,,,false,true,6,2024-04-01,2024-09-30,1
2024-04-26,53860,2025-03-31,,7000000000,0.099,,,,,110000000,0.064,370000000,0.851,240000000,,0.885,31.35,,,,,,,,,,,,,,,9.50,0.303,,,,,,false,true,12,2024-04-01,2025-03-31,1
2024-07-31,53860,2025-03-31,1,1896000000,0.172,,,,,95000000,9.621,269000000,5.767,184000000,,6.338,24.07,,,,,,15898000000,12053000000,0.758,,12053000000,,,,,,,,,7767800,112916,7654884,false,false,3,2024-04-01,2024-06-30,0
2024-07-31,53860,2024-03-31,1,1617000000,-0.064,,,,,9000000,,39000000,,25000000,,,3.28,,,,,,,,,,,,,,,,,,,,,7654884,false,false,3,2023-04-01,2023-06-30,-1
2024-07-31,53860,2025-03-31,1,3430000000,0.065,,,,,10000000,-0.866,200000000,0.342,130000000,,0.322,16.98,,,,,,,,,,,,,,,,,,,,,,false,true,6,2024-04-01,2024-09-30,0
2024-07-31,53860,2025-03-31,1,7000000000,0.099,,,,,110000000,0.064,370000000,0.851,240000000,,0.885,31.35,,,,,,,,,,,,,,,9.50,,,,,,,false,true,12,2024-04-01,2025-03-31,0
2024-07-31,53860,2024-03-31,1,,,,,,,,,,,,,,,,,,,,15843000000,11891000000,0.751,,11891000000,,,,,5.00,,,,7767800,112916,,false,false,12,2023-04-01,2024-03-31,-1
2024-11-05,53860,2025-03-31,,3590000000,0.047,,,,,152000000,14.276,355000000,0.778,240000000,,0.853,31.75,,,,,,,,,,,,,,,,,,,,,,false,true,6,2024-04-01,2024-09-30,0
2024-11-05,53860,2024-03-31,,3219000000,,,,,,74000000,,149000000,,98000000,,,12.84,,,,,,,,,,,,,,,,,,,,,,false,false,6,2023-04-01,2023-09-30,-1
2024-11-05,53860,2025-03-31,,6900000000,-0.014,,,,,240000000,1.182,510000000,0.378,340000000,,0.417,44.84,,,,,,,,,,,,,,,14.00,,,,,,,false,true,12,2024-04-01,2025-03-31,0
2024-11-05,53860,2024-03-31,,6369000000,,,,,,103000000,,199000000,,127000000,,,16.64,,,,,,,,,,,,,,,5.00,,,,,,,false,false,12,2023-04-01,2024-03-31,-1
2024-11-08,53860,2025-03-31,2,3590000000,0.115,,,,,152000000,1.046,355000000,1.386,240000000,,1.451,31.53,,,,,,15830000000,12129000000,0.766,,12129000000,,,,,,,,,7767800,244916,7641900,false,false,6,2024-04-01,2024-09-30,0
2024-11-08,53860,2024-03-31,2,3219000000,-0.075,,,,,74000000,,149000000,,98000000,,,12.84,,,,,,,,,,,,,,,,,,,,,7654884,false,false,6,2023-04-01,2023-09-30,-1
2024-11-08,53860,2025-03-31,2,6900000000,0.083,,,,,240000000,1.322,510000000,1.552,340000000,,1.670,44.84,,,,,,,,,,,,,,,14.00,,,,,,,false,true,12,2024-04-01,2025-03-31,0
2024-11-08,53860,2024-03-31,2,,,,,,,,,,,,,,,,,,,,15843000000,11891000000,0.751,,11891000000,,,,,5.00,,,,7767800,112916,,false,false,12,2023-04-01,2024-03-31,-1
2024-11-08,53860,2025-03-31,2,,,,,,,,,,,,,,,,,,,,,,,,,,,,,9.50,,,,,,,false,false,12,2024-04-01,2025-03-31,0
2025-01-31,53860,2025-03-31,3,5288000000,0.080,,,,,243000000,0.254,480000000,0.631,324000000,,0.650,42.67,,,,,,15975000000,12135000000,0.760,,12135000000,,,,,,,,,7767800,244916,7602084,false,false,9,2024-04-01,2024-12-31,0
2025-01-31,53860,2024-03-31,3,4894000000,-0.088,,,,,194000000,,294000000,,196000000,,,25.68,,,,,,,,,,,,,,,,,,,,,7654884,false,false,9,2023-04-01,2023-12-31,-1
2025-01-31,53860,2025-03-31,3,6900000000,0.083,,,,,240000000,1.322,510000000,1.552,340000000,,1.670,44.84,,,,,,,,,,,,,,,4.50,,,,,,,false,true,12,2024-04-01,2025-03-31,0
2025-01-31,53860,2024-03-31,3,,,,,,,,,,,,,,,,,,,,15843000000,11891000000,0.751,,11891000000,,,,,5.00,,,,7767800,112916,,false,false,12,2023-04-01,2024-03-31,-1
2025-01-31,53860,2025-03-31,3,,,,,,,,,,,,,,,,,,,,,,,,,,,,,9.50,,,,,,,false,false,12,2024-04-01,2025-03-31,0
2025-04-28,53860,2025-03-31,,6815000000,-0.012,,,,,,,455000000,-0.107,121000000,,-0.643,16.01,,,,,,,,,,,,,,,12.00,,,,,,,false,true,12,2024-04-01,2025-03-31,0
2025-04-28,53860,2024-03-31,,6369000000,,,,,,,,199000000,,127000000,,,16.64,,,,,,,,,,,,,,,5.00,,,,,,,false,false,12,2023-04-01,2024-03-31,-1
2025-04-28,53860,2025-03-31,,,,,,,,,,,,,,,,,,,,,,,,,,,,,,9.50,,,,,,,false,false,12,2024-04-01,2025-03-31,0
2025-04-30,53860,2025-03-31,,6815000000,0.070,,,,,185000000,0.796,455000000,1.279,121000000,,-0.047,16.01,,0.010,0.029,0.027,,15670000000,11914000000,0.760,1583.76,11914000000,576000000,-439000000,-334000000,1440000000,12.00,0.749,,,7767800,244916,7582555,false,false,12,2024-04-01,2025-03-31,0
2025-04-30,53860,2024-03-31,,6369000000,-0.108,,,,,103000000,,199000000,,127000000,,,16.64,,0.011,0.013,0.016,,15843000000,11891000000,0.751,1553.48,11891000000,661000000,-156000000,-38000000,1638000000,5.00,0.301,,,7767800,112916,7654884,false,false,12,2023-04-01,2024-03-31,-1
2025-04-30,53860,2026-03-31,,3460000000,-0.036,,,,,70000000,-0.542,150000000,-0.578,280000000,,0.162,37.22,,,,,,,,,,,,,,,,,,,,,,false,true,6,2025-04-01,2025-09-30,1
2025-04-30,53860,2026-03-31,,6900000000,0.012,,,,,270000000,0.454,380000000,-0.166,450000000,,2.706,59.82,,,,,,,,,,,,,,,10.50,0.176,,,,,,false,true,12,2025-04-01,2026-03-31,1
