filing_date,code,fiscal_year_end,quarterly_period,net_sales,net_sales_change,revenue,revenue_change,operating_revenue,operating_revenue_change,operating_profit,operating_profit_change,ordinary_profit,ordinary_profit_change,net_income,net_income_of_parent,net_income_change,eps,diluted_eps,roe,roa,operating_profit_to_net_sales,operating_profit_to_revenue,total_assets,net_assets,equity_ratio,bps,owner_equity,operating_cash_flow,investing_cash_flow,financing_cash_flow,cash,dividend_per_share,payout_ratio,commemorative_dividend,extra_dividend,number_of_shares,number_of_treqsury_shares,avg_number_of_shares,is_consolidated,is_forecast,duration,period_start,period_end,period_pos
2015-05-08,53880,2015-03-31,,12040000000,-0.000,,,,,1376000000,-0.095,1624000000,-0.058,1001000000,,-0.069,81.22,,0.077,0.099,0.114,,17537000000,14214000000,0.798,1045.75,14000000000,2161000000,-465000000,541000000,5414000000,,0.369,,,,,,true,false,12,2014-04-01,2015-03-31,0
2015-05-08,53880,2014-03-31,,12044000000,0.031,,,,,1521000000,0.092,1723000000,0.031,1075000000,,-0.000,87.88,,0.093,0.115,0.126,,15283000000,12203000000,0.788,983.82,12042000000,1441000000,-772000000,-514000000,2999000000,,0.171,,,,,,true,false,12,2013-04-01,2014-03-31,-1
2015-05-08,53880,2016-03-31,,5812000000,0.075,,,,,490000000,0.150,563000000,0.081,,350000000,,26.14,,,,,,,,,,,,,,,,,,,,,,true,true,6,2015-04-01,2015-09-30,1
2015-05-08,53880,2016-03-31,,12812000000,0.064,,,,,1543000000,0.121,1685000000,0.037,,1057000000,,78.95,,,,,,,,,,,,,,,,0.190,,,,,,true,true,12,2015-04-01,2016-03-31,1
2015-05-08,53880,2015-03-31,,11592000000,0.004,,,,,1330000000,-0.085,1490000000,-0.036,938000000,,-0.025,76.15,,,,,,15791000000,13013000000,0.824,972.00,13013000000,,,,,30.00,,,,14450000,1061495,12327588,false,false,12,2014-04-01,2015-03-31,0
2015-05-08,53880,2014-03-31,,11543000000,0.035,,,,,1454000000,0.156,1546000000,0.134,962000000,,0.120,78.66,,,,,,13719000000,11184000000,0.815,913.78,11184000000,,,,,15.00,,,,14450000,2209958,12240350,false,false,12,2013-04-01,2014-03-31,-1
2015-05-08,53880,2016-03-31,,,,,,,,,,,,,,,,,,,,,,,,,,,,,,15.00,,,,,,,false,true,12,2015-04-01,2016-03-31,1
2015-07-31,53880,2016-03-31,1,2722000000,0.032,,,,,236000000,0.306,300000000,0.450,,198000000,,14.82,,,,,,16545000000,13945000000,0.830,,13728000000,,,,,,,,,,,,true,false,3,2015-04-01,2015-06-30,0
2015-07-31,53880,2015-03-31,1,2637000000,0.027,,,,,181000000,-0.165,207000000,-0.233,,123000000,,10.08,,,,,,,,,,,,,,,,,,,,,,true,false,3,2014-04-01,2014-06-30,-1
2015-07-31,53880,2016-03-31,1,5812000000,0.075,,,,,490000000,0.150,563000000,0.081,,350000000,,26.14,,,,,,,,,,,,,,,,,,,,,,true,true,6,2015-04-01,2015-09-30,0
2015-07-31,53880,2016-03-31,1,12812000000,0.064,,,,,1543000000,0.121,1685000000,0.037,,1057000000,,78.95,,,,,,,,,,,,,,,,,,,,,,true,true,12,2015-04-01,2016-03-31,0
2015-07-31,53880,2015-03-31,1,,,,,,,,,,,,,,,,,,,,17537000000,14214000000,0.798,,14000000000,,,,,,,,,,,,true,false,12,2014-04-01,2015-03-31,-1
2015-07-31,53880,2015-03-31,1,,,,,,,,,,,,,,,,,,,,,,,,,,,,,30.00,,,,14450000,1061495,,false,false,12,2014-04-01,2015-03-31,-1
2015-07-31,53880,2016-03-31,1,,,,,,,,,,,,,,,,,,,,,,,,,,,,,15.00,,,,,,,false,true,12,2015-04-01,2016-03-31,0
2015-07-31,53880,2016-03-31,1,,,,,,,,,,,,,,,,,,,,,,,,,,,,,,,,,14450000,1061495,13388505,false,false,3,2015-04-01,2015-06-30,0
2015-07-31,53880,2015-03-31,1,,,,,,,,,,,,,,,,,,,,,,,,,,,,,,,,,,,12239987,false,false,3,2014-04-01,2014-06-30,-1
2015-10-30,53880,2016-03-31,2,5462000000,0.010,,,,,475000000,0.115,550000000,0.056,,357000000,,26.72,,,,,,16779000000,14049000000,0.824,,13823000000,,,,,,,,,,,,true,false,6,2015-04-01,2015-09-30,0
2015-10-30,53880,2015-03-31,2,5408000000,0.030,,,,,426000000,-0.022,521000000,0.001,,314000000,,25.66,,,,,,,,,,,,,,,,,,,,,,true,false,6,2014-04-01,2014-09-30,-1
2015-10-30,53880,2016-03-31,2,12812000000,0.064,,,,,1543000000,0.121,1685000000,0.037,,1057000000,,78.95,,,,,,,,,,,,,,,,,,,,,,true,true,12,2015-04-01,2016-03-31,0
2015-10-30,53880,2015-03-31,2,,,,,,,,,,,,,,,,,,,,17537000000,14214000000,0.798,,14000000000,,,,,,,,,,,,true,false,12,2014-04-01,2015-03-31,-1
2015-10-30,53880,2015-03-31,2,,,,,,,,,,,,,,,,,,,,,,,,,,,,,30.00,,,,14450000,1061495,,false,false,12,2014-04-01,2015-03-31,-1
2015-10-30,53880,2016-03-31,2,,,,,,,,,,,,,,,,,,,,,,,,,,,,,0.00,,,,,,,false,false,12,2015-04-01,2016-03-31,0
2015-10-30,53880,2016-03-31,2,,,,,,,,,,,,,,,,,,,,,,,,,,,,,15.00,,,,,,,false,true,12,2015-04-01,2016-03-31,0
2015-10-30,53880,2016-03-31,2,,,,,,,,,,,,,,,,,,,,,,,,,,,,,,,,,14450000,1061577,13388482,false,false,6,2015-04-01,2015-09-30,0
2015-10-30,53880,2015-03-31,2,,,,,,,,,,,,,,,,,,,,,,,,,,,,,,,,,,,12239624,false,false,6,2014-04-01,2014-09-30,-1
2016-01-29,53880,2016-03-31,3,8799000000,0.006,,,,,946000000,0.009,1062000000,-0.088,,694000000,,51.91,,,,,,17645000000,14456000000,0.806,,14230000000,,,,,,,,,,,,true,false,9,2015-04-01,2015-12-31,0
2016-01-29,53880,2015-03-31,3,8742000000,0.023,,,,,938000000,-0.014,1165000000,0.033,,715000000,,58.43,,,,,,,,,,,,,,,,,,,,,,true,false,9,2014-04-01,2014-12-31,-1
2016-01-29,53880,2016-03-31,3,12812000000,0.064,,,,,1543000000,0.121,1685000000,0.037,,1057000000,,78.95,,,,,,,,,,,,,,,,,,,,,,true,true,12,2015-04-01,2016-03-31,0
2016-01-29,53880,2015-03-31,3,,,,,,,,,,,,,,,,,,,,17537000000,14214000000,0.798,,14000000000,,,,,,,,,,,,true,false,12,2014-04-01,2015-03-31,-1
2016-01-29,53880,2015-03-31,3,,,,,,,,,,,,,,,,,,,,,,,,,,,,,30.00,,,,14450000,1061495,,false,false,12,2014-04-01,2015-03-31,-1
2016-01-29,53880,2016-03-31,3,,,,,,,,,,,,,,,,,,,,,,,,,,,,,0.00,,,,,,,false,false,12,2015-04-01,2016-03-31,0
2016-01-29,53880,2016-03-31,3,,,,,,,,,,,,,,,,,,,,,,,,,,,,,15.00,,,,,,,false,true,12,2015-04-01,2016-03-31,0
2016-01-29,53880,2016-03-31,3,,,,,,,,,,,,,,,,,,,,,,,,,,,,,,,,,14450000,1061577,13388464,false,false,9,2015-04-01,2015-12-31,0
2016-01-29,53880,2015-03-31,3,,,,,,,,,,,,,,,,,,,,,,,,,,,,,,,,,,,12239307,false,false,9,2014-04-01,2014-12-31,-1
,53880,2016-03-31,,,,,,,,,,,,,,,,,,,,,,,,,,,,,,20.00,,,,,,,false,true,12,2015-04-01,2016-03-31,0
,53880,2016-03-31,,,,,,,,,,,,,,,,,,,,,,,,,,,,,,0.00,,,,,,,false,false,12,2015-04-01,2016-03-31,0
,53880,2015-03-31,,,,,,,,,,,,,,,,,,,,,,,,,,,,,,30.00,,,,,,,false,false,12,2014-04-01,2015-03-31,-1
2016-05-13,53880,2016-03-31,,12256000000,0.018,,,,,1425000000,0.035,1545000000,-0.048,,1031000000,,77.04,,0.073,0.088,0.116,,17644000000,14610000000,0.815,1073.51,14372000000,1183000000,-663000000,-427000000,5365000000,,0.262,,,,,,true,false,12,2015-04-01,2016-03-31,0
2016-05-13,53880,2015-03-31,,12040000000,-0.000,,,,,1376000000,-0.095,1624000000,-0.058,,1001000000,,81.22,,0.077,0.099,0.114,,17537000000,14214000000,0.798,1045.75,14000000000,2161000000,-465000000,541000000,5414000000,,0.369,,,,,,true,false,12,2014-04-01,2015-03-31,-1
2016-05-13,53880,2017-03-31,,5509000000,0.009,,,,,430000000,-0.095,510000000,-0.073,,327000000,,24.45,,,,,,,,,,,,,,,,,,,,,,true,true,6,2016-04-01,2016-09-30,1
2016-05-13,53880,2017-03-31,,12568000000,0.025,,,,,1397000000,-0.020,1555000000,0.006,,1012000000,,75.59,,,,,,,,,,,,,,,,0.265,,,,,,true,true,12,2016-04-01,2017-03-31,1
2016-05-13,53880,2016-03-31,,11482000000,-0.010,,,,,1365000000,0.027,1378000000,-0.075,911000000,,-0.029,68.05,,,,,,15723000000,13268000000,0.844,991.03,13268000000,,,,,20.00,,,,14450000,1061577,13388455,false,false,12,2015-04-01,2016-03-31,0
2016-05-13,53880,2015-03-31,,11592000000,0.004,,,,,1330000000,-0.085,1490000000,-0.036,938000000,,-0.025,76.15,,,,,,15791000000,13013000000,0.824,972.00,13013000000,,,,,30.00,,,,14450000,1061495,12327588,false,false,12,2014-04-01,2015-03-31,-1
2016-05-13,53880,2017-03-31,,,,,,,,,,,,,,,,,,,,,,,,,,,,,,20.00,,,,,,,false,true,12,2016-04-01,2017-03-31,1
2016-07-29,53880,2017-03-31,1,2786000000,0.023,,,,,173000000,-0.268,158000000,-0.472,,98000000,,7.36,,,,,,16977000000,14175000000,0.822,,13948000000,,,,,,,,,,,,true,false,3,2016-04-01,2016-06-30,0
2016-07-29,53880,2016-03-31,1,2722000000,0.032,,,,,236000000,0.306,300000000,0.450,,198000000,,14.82,,,,,,,,,,,,,,,,,,,,,,true,false,3,2015-04-01,2015-06-30,-1
2016-07-29,53880,2017-03-31,1,5509000000,0.009,,,,,430000000,-0.095,510000000,-0.073,,327000000,,24.45,,,,,,,,,,,,,,,,,,,,,,true,true,6,2016-04-01,2016-09-30,0
2016-07-29,53880,2017-03-31,1,12568000000,0.025,,,,,1397000000,-0.020,1555000000,0.006,,1012000000,,75.59,,,,,,,,,,,,,,,,,,,,,,true,true,12,2016-04-01,2017-03-31,0
2016-07-29,53880,2016-03-31,1,,,,,,,,,,,,,,,,,,,,17644000000,14610000000,0.815,,14372000000,,,,,,,,,,,,true,false,12,2015-04-01,2016-03-31,-1
2016-07-29,53880,2016-03-31,1,,,,,,,,,,,,,,,,,,,,,,,,,,,,,20.00,,,,14450000,1061577,,false,false,12,2015-04-01,2016-03-31,-1
2016-07-29,53880,2017-03-31,1,,,,,,,,,,,,,,,,,,,,,,,,,,,,,20.00,,,,,,,false,true,12,2016-04-01,2017-03-31,0
2016-07-29,53880,2017-03-31,1,,,,,,,,,,,,,,,,,,,,,,,,,,,,,,,,,14450000,1061577,13388423,false,false,3,2016-04-01,2016-06-30,0
2016-07-29,53880,2016-03-31,1,,,,,,,,,,,,,,,,,,,,,,,,,,,,,,,,,,,13388505,false,false,3,2015-04-01,2015-06-30,-1
2016-10-31,53880,2017-03-31,2,5770000000,0.056,,,,,469000000,-0.013,465000000,-0.156,,296000000,,22.14,,,,,,17051000000,14333000000,0.828,,14122000000,,,,,,,,,,,,true,false,6,2016-04-01,2016-09-30,0
2016-10-31,53880,2016-03-31,2,5462000000,0.010,,,,,475000000,0.115,550000000,0.056,,357000000,,26.72,,,,,,,,,,,,,,,,,,,,,,true,false,6,2015-04-01,2015-09-30,-1
2016-10-31,53880,2017-03-31,2,12568000000,0.025,,,,,1397000000,-0.020,1555000000,0.006,,1012000000,,75.59,,,,,,,,,,,,,,,,,,,,,,true,true,12,2016-04-01,2017-03-31,0
2016-10-31,53880,2016-03-31,2,,,,,,,,,,,,,,,,,,,,17644000000,14610000000,0.815,,14372000000,,,,,,,,,,,,true,false,12,2015-04-01,2016-03-31,-1
2016-10-31,53880,2016-03-31,2,,,,,,,,,,,,,,,,,,,,,,,,,,,,,20.00,,,,14450000,1061577,,false,false,12,2015-04-01,2016-03-31,-1
2016-10-31,53880,2017-03-31,2,,,,,,,,,,,,,,,,,,,,,,,,,,,,,0.00,,,,,,,false,false,12,2016-04-01,2017-03-31,0
2016-10-31,53880,2017-03-31,2,,,,,,,,,,,,,,,,,,,,,,,,,,,,,20.00,,,,,,,false,true,12,2016-04-01,2017-03-31,0
2016-10-31,53880,2017-03-31,2,,,,,,,,,,,,,,,,,,,,,,,,,,,,,,,,,14450000,1061577,13388423,false,false,6,2016-04-01,2016-09-30,0
2016-10-31,53880,2016-03-31,2,,,,,,,,,,,,,,,,,,,,,,,,,,,,,,,,,,,13388482,false,false,6,2015-04-01,2015-09-30,-1
2017-01-31,53880,2017-03-31,3,9343000000,0.062,,,,,1054000000,0.114,1163000000,0.094,,763000000,,57.10,,,,,,18453000000,15008000000,0.802,,14797000000,,,,,,,,,,,,true,false,9,2016-04-01,2016-12-31,0
2017-01-31,53880,2016-03-31,3,8799000000,0.006,,,,,946000000,0.009,1062000000,-0.088,,694000000,,51.91,,,,,,,,,,,,,,,,,,,,,,true,false,9,2015-04-01,2015-12-31,-1
2017-01-31,53880,2017-03-31,3,12568000000,0.025,,,,,1397000000,-0.020,1555000000,0.006,,1012000000,,75.59,,,,,,,,,,,,,,,,,,,,,,true,true,12,2016-04-01,2017-03-31,0
2017-01-31,53880,2016-03-31,3,,,,,,,,,,,,,,,,,,,,17644000000,14610000000,0.815,,14372000000,,,,,,,,,,,,true,false,12,2015-04-01,2016-03-31,-1
2017-01-31,53880,2016-03-31,3,,,,,,,,,,,,,,,,,,,,,,,,,,,,,20.00,,,,14450000,1061577,,false,false,12,2015-04-01,2016-03-31,-1
2017-01-31,53880,2017-03-31,3,,,,,,,,,,,,,,,,,,,,,,,,,,,,,0.00,,,,,,,false,false,12,2016-04-01,2017-03-31,0
2017-01-31,53880,2017-03-31,3,,,,,,,,,,,,,,,,,,,,,,,,,,,,,20.00,,,,,,,false,true,12,2016-04-01,2017-03-31,0
2017-01-31,53880,2017-03-31,3,,,,,,,,,,,,,,,,,,,,,,,,,,,,,,,,,14450000,1261577,13368423,false,false,9,2016-04-01,2016-12-31,0
2017-01-31,53880,2016-03-31,3,,,,,,,,,,,,,,,,,,,,,,,,,,,,,,,,,,,13388464,false,false,9,2015-04-01,2015-12-31,-1
2017-05-12,53880,2017-03-31,,12930000000,0.055,,,,,1586000000,0.114,1718000000,0.112,,1190000000,,89.36,,0.080,0.095,0.123,,18516000000,15549000000,0.826,1159.85,15296000000,1895000000,-1370000000,-407000000,5475000000,,0.224,,,,,,true,false,12,2016-04-01,2017-03-31,0
2017-05-12,53880,2016-03-31,,12256000000,0.018,,,,,1425000000,0.035,1545000000,-0.048,,1031000000,,77.04,,0.073,0.088,0.116,,17644000000,14610000000,0.815,1073.51,14372000000,1183000000,-663000000,-427000000,5365000000,,0.262,,,,,,true,false,12,2015-04-01,2016-03-31,-1
2017-05-12,53880,2018-03-31,,5779000000,0.002,,,,,510000000,0.087,571000000,0.230,,373000000,,28.35,,,,,,,,,,,,,,,,,,,,,,true,true,6,2017-04-01,2017-09-30,1
2017-05-12,53880,2018-03-31,,13009000000,0.006,,,,,1548000000,-0.024,1675000000,-0.025,,1139000000,,86.37,,,,,,,,,,,,,,,,0.232,,,,,,true,true,12,2017-04-01,2018-03-31,1
2017-05-12,53880,2017-03-31,,12219000000,0.064,,,,,1533000000,0.123,1585000000,0.150,1155000000,,0.268,86.67,,,,,,16556000000,14173000000,0.856,1074.68,14173000000,,,,,20.00,,,,14450000,1261617,13326878,false,false,12,2016-04-01,2017-03-31,0
2017-05-12,53880,2016-03-31,,11482000000,-0.010,,,,,1365000000,0.027,1378000000,-0.075,911000000,,-0.029,68.05,,,,,,15723000000,13268000000,0.844,991.03,13268000000,,,,,20.00,,,,14450000,1061577,13388455,false,false,12,2015-04-01,2016-03-31,-1
2017-05-12,53880,2018-03-31,,,,,,,,,,,,,,,,,,,,,,,,,,,,,,20.00,,,,,,,false,true,12,2017-04-01,2018-03-31,1
2017-07-31,53880,2018-03-31,1,2951000000,0.059,,,,,255000000,0.477,300000000,0.894,,192000000,,14.61,,,,,,18409000000,15542000000,0.831,,15291000000,,,,,,,,,,,,true,false,3,2017-04-01,2017-06-30,0
2017-07-31,53880,2017-03-31,1,2786000000,0.023,,,,,173000000,-0.268,158000000,-0.472,,98000000,,7.36,,,,,,,,,,,,,,,,,,,,,,true,false,3,2016-04-01,2016-06-30,-1
2017-07-31,53880,2018-03-31,1,5779000000,0.002,,,,,510000000,0.087,571000000,0.230,,373000000,,28.35,,,,,,,,,,,,,,,,,,,,,,true,true,6,2017-04-01,2017-09-30,0
2017-07-31,53880,2018-03-31,1,13009000000,0.006,,,,,1548000000,-0.024,1675000000,-0.025,,1139000000,,86.37,,,,,,,,,,,,,,,,,,,,,,true,true,12,2017-04-01,2018-03-31,0
2017-07-31,53880,2017-03-31,1,,,,,,,,,,,,,,,,,,,,18516000000,15549000000,0.826,,15296000000,,,,,,,,,,,,true,false,12,2016-04-01,2017-03-31,-1
2017-07-31,53880,2017-03-31,1,,,,,,,,,,,,,,,,,,,,,,,,,,,,,20.00,,,,14450000,1261617,,false,false,12,2016-04-01,2017-03-31,-1
2017-07-31,53880,2018-03-31,1,,,,,,,,,,,,,,,,,,,,,,,,,,,,,20.00,,,,,,,false,true,12,2017-04-01,2018-03-31,0
2017-07-31,53880,2018-03-31,1,,,,,,,,,,,,,,,,,,,,,,,,,,,,,,,,,14450000,1261617,13188383,false,false,3,2017-04-01,2017-06-30,0
2017-07-31,53880,2017-03-31,1,,,,,,,,,,,,,,,,,,,,,,,,,,,,,,,,,,,13388423,false,false,3,2016-04-01,2016-06-30,-1
2017-10-31,53880,2018-03-31,2,6115000000,0.060,,,,,573000000,0.220,656000000,0.413,,429000000,,32.59,,,,,,18788000000,15875000000,0.831,,15617000000,,,,,,,,,,,,true,false,6,2017-04-01,2017-09-30,0
2017-10-31,53880,2017-03-31,2,5770000000,0.056,,,,,469000000,-0.013,465000000,-0.156,,296000000,,22.14,,,,,,,,,,,,,,,,,,,,,,true,false,6,2016-04-01,2016-09-30,-1
2017-10-31,53880,2018-03-31,2,13537000000,0.047,,,,,1706000000,0.076,1862000000,0.084,,1267000000,,96.14,,,,,,,,,,,,,,,,,,,,,,true,true,12,2017-04-01,2018-03-31,0
2017-10-31,53880,2017-03-31,2,,,,,,,,,,,,,,,,,,,,18516000000,15549000000,0.826,,15296000000,,,,,,,,,,,,true,false,12,2016-04-01,2017-03-31,-1
2017-10-31,53880,2017-03-31,2,,,,,,,,,,,,,,,,,,,,,,,,,,,,,20.00,,,,14450000,1261617,,false,false,12,2016-04-01,2017-03-31,-1
2017-10-31,53880,2018-03-31,2,,,,,,,,,,,,,,,,,,,,,,,,,,,,,0.00,,,,,,,false,false,12,2017-04-01,2018-03-31,0
2017-10-31,53880,2018-03-31,2,,,,,,,,,,,,,,,,,,,,,,,,,,,,,20.00,,,,,,,false,true,12,2017-04-01,2018-03-31,0
2017-10-31,53880,2018-03-31,2,,,,,,,,,,,,,,,,,,,,,,,,,,,,,,,,,14450000,1261617,13188383,false,false,6,2017-04-01,2017-09-30,0
2017-10-31,53880,2017-03-31,2,,,,,,,,,,,,,,,,,,,,,,,,,,,,,,,,,,,13388423,false,false,6,2016-04-01,2016-09-30,-1
2017-10-31,53880,2018-03-31,,13537000000,0.041,,,,,1706000000,0.102,1862000000,0.112,,1267000000,,96.14,,,,,,,,,,,,,,,,,,,,,,true,true,12,2017-04-01,2018-03-31,0
2017-10-31,53880,2017-03-31,,12930000000,,,,,,1586000000,,1718000000,,,1190000000,,89.36,,,,,,,,,,,,,,,,,,,,,,true,false,12,2016-04-01,2017-03-31,-1
2018-01-31,53880,2018-03-31,3,9927000000,0.062,,,,,1266000000,0.202,1386000000,0.192,,912000000,,69.19,,,,,,19679000000,16347000000,0.817,,16082000000,,,,,,,,,,,,true,false,9,2017-04-01,2017-12-31,0
2018-01-31,53880,2017-03-31,3,9343000000,0.062,,,,,1054000000,0.114,1163000000,0.094,,763000000,,57.10,,,,,,,,,,,,,,,,,,,,,,true,false,9,2016-04-01,2016-12-31,-1
2018-01-31,53880,2018-03-31,3,13537000000,0.047,,,,,1706000000,0.076,1862000000,0.084,,1267000000,,96.14,,,,,,,,,,,,,,,,,,,,,,true,true,12,2017-04-01,2018-03-31,0
2018-01-31,53880,2017-03-31,3,,,,,,,,,,,,,,,,,,,,18516000000,15549000000,0.826,,15296000000,,,,,,,,,,,,true,false,12,2016-04-01,2017-03-31,-1
2018-01-31,53880,2017-03-31,3,,,,,,,,,,,,,,,,,,,,,,,,,,,,,20.00,,,,14450000,1261617,,false,false,12,2016-04-01,2017-03-31,-1
2018-01-31,53880,2018-03-31,3,,,,,,,,,,,,,,,,,,,,,,,,,,,,,0.00,,,,,,,false,false,12,2017-04-01,2018-03-31,0
2018-01-31,53880,2018-03-31,3,,,,,,,,,,,,,,,,,,,,,,,,,,,,,20.00,,,,,,,false,true,12,2017-04-01,2018-03-31,0
2018-01-31,53880,2018-03-31,3,,,,,,,,,,,,,,,,,,,,,,,,,,,,,,,,,14450000,1261675,13188366,false,false,9,2017-04-01,2017-12-31,0
2018-01-31,53880,2017-03-31,3,,,,,,,,,,,,,,,,,,,,,,,,,,,,,,,,,,,13368423,false,false,9,2016-04-01,2016-12-31,-1
,53880,2018-03-31,,,,,,,,,,,,,,,,,,,,,,,,,,,,,,37.50,,,,,,,false,true,12,2017-04-01,2018-03-31,0
,53880,2018-03-31,,,,,,,,,,,,,,,,,,,,,,,,,,,,,,0.00,,,,,,,false,false,12,2017-04-01,2018-03-31,0
,53880,2017-03-31,,,,,,,,,,,,,,,,,,,,,,,,,,,,,,20.00,,,,,,,false,false,12,2016-04-01,2017-03-31,-1
2018-05-11,53880,2018-03-31,,13736000000,0.062,,,,,1789000000,0.128,1935000000,0.126,,1340000000,,100.87,,0.082,0.098,0.130,,20876000000,17816000000,0.840,1214.07,17541000000,1265000000,-749000000,961000000,6840000000,,0.372,,,,,,true,false,12,2017-04-01,2018-03-31,0
2018-05-11,53880,2017-03-31,,12930000000,0.055,,,,,1586000000,0.114,1718000000,0.112,,1190000000,,89.36,,0.080,0.095,0.123,,18516000000,15549000000,0.826,1159.85,15296000000,1895000000,-1370000000,-407000000,5475000000,,0.224,,,,,,true,false,12,2016-04-01,2017-03-31,-1
2018-05-11,53880,2019-03-31,,6799000000,0.178,,,,,653000000,0.391,722000000,0.553,,478000000,,33.12,,,,,,,,,,,,,,,,,,,,,,true,true,6,2018-04-01,2018-09-30,1
2018-05-11,53880,2019-03-31,,15025000000,0.094,,,,,1822000000,0.018,1970000000,0.018,,1348000000,,93.34,,,,,,,,,,,,,,,,0.321,,,,,,true,true,12,2018-04-01,2019-03-31,1
2018-05-11,53880,2018-03-31,,12982000000,0.062,,,,,1663000000,0.085,1704000000,0.075,1176000000,,0.019,88.57,,,,,,18727000000,16270000000,0.869,1126.15,16270000000,,,,,37.50,,,,14450000,1718,13285276,false,false,12,2017-04-01,2018-03-31,0
2018-05-11,53880,2017-03-31,,12219000000,0.064,,,,,1533000000,0.123,1585000000,0.150,1155000000,,0.268,86.67,,,,,,16556000000,14173000000,0.856,1074.68,14173000000,,,,,20.00,,,,14450000,1261617,13326878,false,false,12,2016-04-01,2017-03-31,-1
2018-05-11,53880,2019-03-31,,,,,,,,,,,,,,,,,,,,,,,,,,,,,,30.00,,,,,,,false,true,12,2018-04-01,2019-03-31,1
2018-05-11,53880,2018-03-31,,13736000000,0.062,,,,,1789000000,0.128,1935000000,0.126,,1340000000,,100.87,,0.082,0.098,0.130,,20876000000,17816000000,0.840,1214.07,17541000000,1265000000,-749000000,961000000,6840000000,,0.372,,,,,,true,false,12,2017-04-01,2018-03-31,0
2018-05-11,53880,2017-03-31,,12930000000,0.055,,,,,1586000000,0.114,1718000000,0.112,,1190000000,,89.36,,0.080,0.095,0.123,,18516000000,15549000000,0.826,1159.85,15296000000,1895000000,-1370000000,-407000000,5475000000,,0.224,,,,,,true,false,12,2016-04-01,2017-03-31,-1
2018-05-11,53880,2019-03-31,,6799000000,0.112,,,,,653000000,0.140,722000000,0.099,,478000000,,33.12,,,,,,,,,,,,,,,,,,,,,,true,true,6,2018-04-01,2018-09-30,1
2018-05-11,53880,2019-03-31,,15025000000,0.094,,,,,1822000000,0.018,1970000000,0.018,,1348000000,,93.34,,,,,,,,,,,,,,,,0.321,,,,,,true,true,12,2018-04-01,2019-03-31,1
2018-05-11,53880,2018-03-31,,12982000000,0.062,,,,,1663000000,0.085,1704000000,0.075,1176000000,,0.019,88.57,,,,,,18727000000,16270000000,0.869,1126.15,16270000000,,,,,37.50,,,,14450000,1718,13285276,false,false,12,2017-04-01,2018-03-31,0
2018-05-11,53880,2017-03-31,,12219000000,0.064,,,,,1533000000,0.123,1585000000,0.150,1155000000,,0.268,86.67,,,,,,16556000000,14173000000,0.856,1074.68,14173000000,,,,,20.00,,,,14450000,1261617,13326878,false,false,12,2016-04-01,2017-03-31,-1
2018-05-11,53880,2019-03-31,,,,,,,,,,,,,,,,,,,,,,,,,,,,,,30.00,,,,,,,false,true,12,2018-04-01,2019-03-31,1
2018-07-31,53880,2019-03-31,1,3225000000,0.093,,,,,254000000,-0.006,234000000,-0.219,,153000000,,10.64,,,,,,20546000000,17492000000,0.838,,17221000000,,,,,,,,,,,,true,false,3,2018-04-01,2018-06-30,0
2018-07-31,53880,2018-03-31,1,2951000000,0.059,,,,,255000000,0.477,300000000,0.894,,192000000,,14.61,,,,,,,,,,,,,,,,,,,,,,true,false,3,2017-04-01,2017-06-30,-1
2018-07-31,53880,2019-03-31,1,6799000000,0.112,,,,,653000000,0.140,722000000,0.099,,478000000,,33.12,,,,,,,,,,,,,,,,,,,,,,true,true,6,2018-04-01,2018-09-30,0
2018-07-31,53880,2019-03-31,1,15025000000,0.094,,,,,1822000000,0.018,1970000000,0.018,,1348000000,,93.34,,,,,,,,,,,,,,,,,,,,,,true,true,12,2018-04-01,2019-03-31,0
2018-07-31,53880,2018-03-31,1,,,,,,,,,,,,,,,,,,,,20737000000,17816000000,0.846,,17541000000,,,,,,,,,,,,true,false,12,2017-04-01,2018-03-31,-1
2018-07-31,53880,2018-03-31,1,,,,,,,,,,,,,,,,,,,,,,,,,,,,,37.50,,,,14450000,1718,,false,false,12,2017-04-01,2018-03-31,-1
2018-07-31,53880,2019-03-31,1,,,,,,,,,,,,,,,,,,,,,,,,,,,,,30.00,,,,,,,false,true,12,2018-04-01,2019-03-31,0
2018-07-31,53880,2019-03-31,1,,,,,,,,,,,,,,,,,,,,,,,,,,,,,,,,,14450000,1790,14448264,false,false,3,2018-04-01,2018-06-30,0
2018-07-31,53880,2018-03-31,1,,,,,,,,,,,,,,,,,,,,,,,,,,,,,,,,,,,13188383,false,false,3,2017-04-01,2017-06-30,-1
2018-10-31,53880,2019-03-31,2,6395000000,0.046,,,,,558000000,-0.026,588000000,-0.104,,383000000,,26.53,,,,,,20655000000,17824000000,0.849,,17534000000,,,,,,,,,,,,true,false,6,2018-04-01,2018-09-30,0
2018-10-31,53880,2018-03-31,2,6115000000,0.060,,,,,573000000,0.220,656000000,0.413,,429000000,,32.59,,,,,,,,,,,,,,,,,,,,,,true,false,6,2017-04-01,2017-09-30,-1
2018-10-31,53880,2019-03-31,2,15025000000,0.094,,,,,1822000000,0.018,1970000000,0.018,,1348000000,,93.34,,,,,,,,,,,,,,,,,,,,,,true,true,12,2018-04-01,2019-03-31,0
2018-10-31,53880,2018-03-31,2,,,,,,,,,,,,,,,,,,,,20737000000,17816000000,0.846,,17541000000,,,,,,,,,,,,true,false,12,2017-04-01,2018-03-31,-1
2018-10-31,53880,2018-03-31,2,,,,,,,,,,,,,,,,,,,,,,,,,,,,,37.50,,,,14450000,1718,,false,false,12,2017-04-01,2018-03-31,-1
2018-10-31,53880,2019-03-31,2,,,,,,,,,,,,,,,,,,,,,,,,,,,,,0.00,,,,,,,false,false,12,2018-04-01,2019-03-31,0
2018-10-31,53880,2019-03-31,2,,,,,,,,,,,,,,,,,,,,,,,,,,,,,30.00,,,,,,,false,true,12,2018-04-01,2019-03-31,0
2018-10-31,53880,2019-03-31,2,,,,,,,,,,,,,,,,,,,,,,,,,,,,,,,,,14450000,1792,14448241,false,false,6,2018-04-01,2018-09-30,0
2018-10-31,53880,2018-03-31,2,,,,,,,,,,,,,,,,,,,,,,,,,,,,,,,,,,,13188383,false,false,6,2017-04-01,2017-09-30,-1
2019-01-31,53880,2019-03-31,3,10467000000,0.054,,,,,1188000000,-0.062,1237000000,-0.107,,816000000,,56.52,,,,,,22402000000,18238000000,0.800,,17927000000,,,,,,,,,,,,true,false,9,2018-04-01,2018-12-31,0
2019-01-31,53880,2018-03-31,3,9927000000,0.062,,,,,1266000000,0.202,1386000000,0.192,,912000000,,69.19,,,,,,,,,,,,,,,,,,,,,,true,false,9,2017-04-01,2017-12-31,-1
2019-01-31,53880,2019-03-31,3,15025000000,0.094,,,,,1822000000,0.018,1970000000,0.018,,1348000000,,93.34,,,,,,,,,,,,,,,,,,,,,,true,true,12,2018-04-01,2019-03-31,0
2019-01-31,53880,2018-03-31,3,,,,,,,,,,,,,,,,,,,,20737000000,17816000000,0.846,,17541000000,,,,,,,,,,,,true,false,12,2017-04-01,2018-03-31,-1
2019-01-31,53880,2018-03-31,3,,,,,,,,,,,,,,,,,,,,,,,,,,,,,37.50,,,,14450000,1718,,false,false,12,2017-04-01,2018-03-31,-1
2019-01-31,53880,2019-03-31,3,,,,,,,,,,,,,,,,,,,,,,,,,,,,,0.00,,,,,,,false,false,12,2018-04-01,2019-03-31,0
2019-01-31,53880,2019-03-31,3,,,,,,,,,,,,,,,,,,,,,,,,,,,,,30.00,,,,,,,false,true,12,2018-04-01,2019-03-31,0
2019-01-31,53880,2019-03-31,3,,,,,,,,,,,,,,,,,,,,,,,,,,,,,,,,,14450000,1792,14448231,false,false,9,2018-04-01,2018-12-31,0
2019-01-31,53880,2018-03-31,3,,,,,,,,,,,,,,,,,,,,,,,,,,,,,,,,,,,13188366,false,false,9,2017-04-01,2017-12-31,-1
2019-05-10,53880,2019-03-31,,14406000000,0.049,,,,,1740000000,-0.027,1827000000,-0.056,,1402000000,,97.08,,0.078,0.086,0.121,,21737000000,18808000000,0.851,1279.72,18489000000,1886000000,-1919000000,-560000000,6292000000,,0.309,,,,,,true,false,12,2018-04-01,2019-03-31,0
2019-05-10,53880,2018-03-31,,13736000000,0.062,,,,,1789000000,0.128,1935000000,0.126,,1340000000,,100.87,,0.082,0.099,0.130,,20737000000,17816000000,0.846,1214.07,17541000000,1265000000,-749000000,961000000,6840000000,,0.372,,,,,,true,false,12,2017-04-01,2018-03-31,-1
2019-05-10,53880,2020-03-31,,7161000000,0.120,,,,,759000000,0.359,775000000,0.318,,564000000,,39.04,,,,,,,,,,,,,,,,,,,,,,true,true,6,2019-04-01,2019-09-30,1
2019-05-10,53880,2020-03-31,,15705000000,0.090,,,,,1789000000,0.028,1905000000,0.043,,1391000000,,96.32,,,,,,,,,,,,,,,,0.311,,,,,,true,true,12,2019-04-01,2020-03-31,1
2019-05-10,53880,2019-03-31,,13465000000,0.037,,,,,1565000000,-0.059,1539000000,-0.097,1223000000,,0.040,84.70,,,,,,19332000000,17052000000,0.882,1180.29,17052000000,,,,,30.00,,,,14450000,1852,14448221,false,false,12,2018-04-01,2019-03-31,0
2019-05-10,53880,2018-03-31,,12982000000,0.062,,,,,1663000000,0.085,1704000000,0.075,1176000000,,0.019,88.57,,,,,,18592000000,16270000000,0.875,1126.15,16270000000,,,,,37.50,,,,14450000,1718,13285276,false,false,12,2017-04-01,2018-03-31,-1
2019-05-10,53880,2020-03-31,,,,,,,,,,,,,,,,,,,,,,,,,,,,,,30.00,,,,,,,false,true,12,2019-04-01,2020-03-31,1
2019-07-31,53880,2020-03-31,1,3531000000,0.095,,,,,317000000,0.250,367000000,0.564,,258000000,,17.92,,,,,,21529000000,18620000000,0.849,,18286000000,,,,,,,,,,,,true,false,3,2019-04-01,2019-06-30,0
2019-07-31,53880,2019-03-31,1,3225000000,0.093,,,,,254000000,-0.006,234000000,-0.219,,153000000,,10.64,,,,,,,,,,,,,,,,,,,,,,true,false,3,2018-04-01,2018-06-30,-1
2019-07-31,53880,2020-03-31,1,7161000000,0.120,,,,,759000000,0.359,775000000,0.318,,564000000,,39.04,,,,,,,,,,,,,,,,,,,,,,true,true,6,2019-04-01,2019-09-30,0
2019-07-31,53880,2020-03-31,1,15705000000,0.090,,,,,1789000000,0.028,1905000000,0.043,,1391000000,,96.32,,,,,,,,,,,,,,,,,,,,,,true,true,12,2019-04-01,2020-03-31,0
2019-07-31,53880,2019-03-31,1,,,,,,,,,,,,,,,,,,,,21737000000,18808000000,0.851,,18489000000,,,,,,,,,,,,true,false,12,2018-04-01,2019-03-31,-1
2019-07-31,53880,2019-03-31,1,,,,,,,,,,,,,,,,,,,,,,,,,,,,,30.00,,,,14450000,1852,,false,false,12,2018-04-01,2019-03-31,-1
2019-07-31,53880,2020-03-31,1,,,,,,,,,,,,,,,,,,,,,,,,,,,,,30.00,,,,,,,false,true,12,2019-04-01,2020-03-31,0
2019-07-31,53880,2020-03-31,1,,,,,,,,,,,,,,,,,,,,,,,,,,,,,,,,,14450000,1895,14448116,false,false,3,2019-04-01,2019-06-30,0
2019-07-31,53880,2019-03-31,1,,,,,,,,,,,,,,,,,,,,,,,,,,,,,,,,,,,14448264,false,false,3,2018-04-01,2018-06-30,-1
2019-10-31,53880,2020-03-31,2,7186000000,0.124,,,,,670000000,0.201,749000000,0.273,,580000000,,41.44,,,,,,20565000000,17547000000,0.837,,17212000000,,,,,,,,,,,,true,false,6,2019-04-01,2019-09-30,0
2019-10-31,53880,2019-03-31,2,6395000000,0.046,,,,,558000000,-0.026,588000000,-0.104,,383000000,,26.53,,,,,,,,,,,,,,,,,,,,,,true,false,6,2018-04-01,2018-09-30,-1
2019-10-31,53880,2020-03-31,2,15705000000,0.090,,,,,1789000000,0.028,1905000000,0.043,,1391000000,,103.11,,,,,,,,,,,,,,,,,,,,,,true,true,12,2019-04-01,2020-03-31,0
2019-10-31,53880,2019-03-31,2,,,,,,,,,,,,,,,,,,,,21737000000,18808000000,0.851,,18489000000,,,,,,,,,,,,true,false,12,2018-04-01,2019-03-31,-1
2019-10-31,53880,2019-03-31,2,,,,,,,,,,,,,,,,,,,,,,,,,,,,,30.00,,,,14450000,1852,,false,false,12,2018-04-01,2019-03-31,-1
2019-10-31,53880,2020-03-31,2,,,,,,,,,,,,,,,,,,,,,,,,,,,,,0.00,,,,,,,false,false,12,2019-04-01,2020-03-31,0
2019-10-31,53880,2020-03-31,2,,,,,,,,,,,,,,,,,,,,,,,,,,,,,30.00,,,,,,,false,true,12,2019-04-01,2020-03-31,0
2019-10-31,53880,2020-03-31,2,,,,,,,,,,,,,,,,,,,,,,,,,,,,,,,,,14450000,1548395,14006254,false,false,6,2019-04-01,2019-09-30,0
2019-10-31,53880,2019-03-31,2,,,,,,,,,,,,,,,,,,,,,,,,,,,,,,,,,,,14448241,false,false,6,2018-04-01,2018-09-30,-1
2020-01-31,53880,2020-03-31,3,11338000000,0.083,,,,,1329000000,0.119,1467000000,0.185,,1168000000,,85.46,,,,,,20940000000,18128000000,0.849,,17779000000,,,,,,,,,,,,true,false,9,2019-04-01,2019-12-31,0
2020-01-31,53880,2019-03-31,3,10467000000,0.054,,,,,1188000000,-0.062,1237000000,-0.107,,816000000,,56.52,,,,,,,,,,,,,,,,,,,,,,true,false,9,2018-04-01,2018-12-31,-1
2020-01-31,53880,2020-03-31,3,15705000000,0.090,,,,,1789000000,0.028,1905000000,0.043,,1391000000,,103.11,,,,,,,,,,,,,,,,,,,,,,true,true,12,2019-04-01,2020-03-31,0
2020-01-31,53880,2019-03-31,3,,,,,,,,,,,,,,,,,,,,21737000000,18808000000,0.851,,18489000000,,,,,,,,,,,,true,false,12,2018-04-01,2019-03-31,-1
2020-01-31,53880,2019-03-31,3,,,,,,,,,,,,,,,,,,,,,,,,,,,,,30.00,,,,14450000,1852,,false,false,12,2018-04-01,2019-03-31,-1
2020-01-31,53880,2020-03-31,3,,,,,,,,,,,,,,,,,,,,,,,,,,,,,0.00,,,,,,,false,false,12,2019-04-01,2020-03-31,0
2020-01-31,53880,2020-03-31,3,,,,,,,,,,,,,,,,,,,,,,,,,,,,,30.00,,,,,,,false,true,12,2019-04-01,2020-03-31,0
2020-01-31,53880,2020-03-31,3,,,,,,,,,,,,,,,,,,,,,,,,,,,,,,,,,14450000,1548395,13674859,false,false,9,2019-04-01,2019-12-31,0
2020-01-31,53880,2019-03-31,3,,,,,,,,,,,,,,,,,,,,,,,,,,,,,,,,,,,14448231,false,false,9,2018-04-01,2018-12-31,-1
2020-05-08,53880,2020-03-31,,15440000000,0.072,,,,,1931000000,0.110,2094000000,0.146,,1648000000,,122.11,,0.090,0.096,0.125,,21918000000,18465000000,0.826,1403.12,18102000000,2750000000,-872000000,-1831000000,6320000000,,0.246,,,,,,true,false,12,2019-04-01,2020-03-31,0
2020-05-08,53880,2019-03-31,,14406000000,0.049,,,,,1740000000,-0.027,1827000000,-0.056,,1402000000,,97.08,,0.078,0.086,0.121,,21737000000,18808000000,0.851,1279.72,18489000000,1886000000,-1919000000,-560000000,6292000000,,0.309,,,,,,true,false,12,2018-04-01,2019-03-31,-1
2020-05-08,53880,2020-03-31,,14512000000,0.078,,,,,1794000000,0.146,1854000000,0.204,1505000000,,0.230,111.53,,,,,,19333000000,16529000000,0.855,1281.19,16529000000,,,,,30.00,,,,14450000,1548395,13496416,false,false,12,2019-04-01,2020-03-31,0
2020-05-08,53880,2019-03-31,,13465000000,0.037,,,,,1565000000,-0.059,1539000000,-0.097,1223000000,,0.040,84.70,,,,,,19332000000,17052000000,0.882,1180.29,17052000000,,,,,30.00,,,,14450000,1852,14448221,false,false,12,2018-04-01,2019-03-31,-1
2020-05-08,53880,2021-03-31,,,,,,,,,,,,,,,,,,,,,,,,,,,,,,30.00,,,,,,,false,true,12,2020-04-01,2021-03-31,1
2020-05-22,53880,2021-03-31,,12683000000,,,,,,664000000,,780000000,,,515000000,,39.98,,,,,,,,,,,,,,,,,,,,,,true,true,12,2020-04-01,2021-03-31,0
2020-05-22,53880,2020-03-31,,15440000000,,,,,,1931000000,,2094000000,,,1648000000,,122.11,,,,,,,,,,,,,,,,,,,,,,true,false,12,2019-04-01,2020-03-31,-1
2020-07-31,53880,2021-03-31,1,3122000000,-0.116,,,,,303000000,-0.043,334000000,-0.090,,218000000,,16.95,,,,,,22243000000,18352000000,0.809,,17985000000,,,,,,,,,,,,true,false,3,2020-04-01,2020-06-30,0
2020-07-31,53880,2020-03-31,1,3531000000,0.095,,,,,317000000,0.250,367000000,0.564,,258000000,,17.92,,,,,,,,,,,,,,,,,,,,,,true,false,3,2019-04-01,2019-06-30,-1
2020-07-31,53880,2021-03-31,1,12683000000,-0.179,,,,,664000000,-0.656,780000000,-0.627,,515000000,,39.98,,,,,,,,,,,,,,,,,,,,,,true,true,12,2020-04-01,2021-03-31,0
2020-07-31,53880,2020-03-31,1,,,,,,,,,,,,,,,,,,,,21918000000,18465000000,0.826,,18102000000,,,,,,,,,,,,true,false,12,2019-04-01,2020-03-31,-1
2020-07-31,53880,2020-03-31,1,,,,,,,,,,,,,,,,,,,,,,,,,,,,,30.00,,,,14450000,1548395,,false,false,12,2019-04-01,2020-03-31,-1
2020-07-31,53880,2021-03-31,1,,,,,,,,,,,,,,,,,,,,,,,,,,,,,30.00,,,,,,,false,true,12,2020-04-01,2021-03-31,0
2020-07-31,53880,2021-03-31,1,,,,,,,,,,,,,,,,,,,,,,,,,,,,,,,,,14450000,1548395,12901605,false,false,3,2020-04-01,2020-06-30,0
2020-07-31,53880,2020-03-31,1,,,,,,,,,,,,,,,,,,,,,,,,,,,,,,,,,,,14448116,false,false,3,2019-04-01,2019-06-30,-1
2020-10-22,53880,2021-03-31,,13484000000,0.063,,,,,1538000000,1.315,1617000000,1.072,,1364000000,,105.76,,,,,,,,,,,,,,,,,,,,,,true,true,12,2020-04-01,2021-03-31,0
2020-10-22,53880,2020-03-31,,15440000000,,,,,,1931000000,,2094000000,,,1648000000,,122.11,,,,,,,,,,,,,,,,,,,,,,true,false,12,2019-04-01,2020-03-31,-1
2020-10-30,53880,2021-03-31,2,6286000000,-0.125,,,,,712000000,0.063,787000000,0.051,,512000000,,39.73,,,,,,22395000000,18584000000,0.813,,18209000000,,,,,,,,,,,,true,false,6,2020-04-01,2020-09-30,0
2020-10-30,53880,2020-03-31,2,7186000000,0.124,,,,,670000000,0.201,749000000,0.273,,580000000,,41.44,,,,,,,,,,,,,,,,,,,,,,true,false,6,2019-04-01,2019-09-30,-1
2020-10-30,53880,2021-03-31,2,13484000000,-0.127,,,,,1538000000,-0.204,1617000000,-0.228,,1364000000,,105.76,,,,,,,,,,,,,,,,,,,,,,true,true,12,2020-04-01,2021-03-31,0
2020-10-30,53880,2020-03-31,2,,,,,,,,,,,,,,,,,,,,21918000000,18465000000,0.826,,18102000000,,,,,,,,,,,,true,false,12,2019-04-01,2020-03-31,-1
2020-10-30,53880,2020-03-31,2,,,,,,,,,,,,,,,,,,,,,,,,,,,,,30.00,,,,14450000,1548395,,false,false,12,2019-04-01,2020-03-31,-1
2020-10-30,53880,2021-03-31,2,,,,,,,,,,,,,,,,,,,,,,,,,,,,,0.00,,,,,,,false,false,12,2020-04-01,2021-03-31,0
2020-10-30,53880,2021-03-31,2,,,,,,,,,,,,,,,,,,,,,,,,,,,,,30.00,,,,,,,false,true,12,2020-04-01,2021-03-31,0
2020-10-30,53880,2021-03-31,2,,,,,,,,,,,,,,,,,,,,,,,,,,,,,,,,,14450000,1548395,12901605,false,false,6,2020-04-01,2020-09-30,0
2020-10-30,53880,2020-03-31,2,,,,,,,,,,,,,,,,,,,,,,,,,,,,,,,,,,,14006254,false,false,6,2019-04-01,2019-09-30,-1
2021-01-21,53880,2021-03-31,,14419000000,0.069,,,,,2176000000,0.415,2276000000,0.407,,1577000000,,122.26,,,,,,,,,,,,,,,,,,,,,,true,true,12,2020-04-01,2021-03-31,0
2021-01-21,53880,2020-03-31,,15440000000,,,,,,1931000000,,2094000000,,,1648000000,,122.11,,,,,,,,,,,,,,,,,,,,,,true,false,12,2019-04-01,2020-03-31,-1
2021-01-29,53880,2021-03-31,3,10594000000,-0.066,,,,,1604000000,0.207,1709000000,0.165,,1163000000,,90.22,,,,,,23141000000,19205000000,0.814,,18827000000,,,,,,,,,,,,true,false,9,2020-04-01,2020-12-31,0
2021-01-29,53880,2020-03-31,3,11338000000,0.083,,,,,1329000000,0.119,1467000000,0.185,,1168000000,,85.46,,,,,,,,,,,,,,,,,,,,,,true,false,9,2019-04-01,2019-12-31,-1
2021-01-29,53880,2021-03-31,3,14419000000,-0.066,,,,,2176000000,0.127,2276000000,0.087,,1577000000,,122.26,,,,,,,,,,,,,,,,,,,,,,true,true,12,2020-04-01,2021-03-31,0
2021-01-29,53880,2020-03-31,3,,,,,,,,,,,,,,,,,,,,21918000000,18465000000,0.826,,18102000000,,,,,,,,,,,,true,false,12,2019-04-01,2020-03-31,-1
2021-01-29,53880,2020-03-31,3,,,,,,,,,,,,,,,,,,,,,,,,,,,,,30.00,,,,14450000,1548395,,false,false,12,2019-04-01,2020-03-31,-1
2021-01-29,53880,2021-03-31,3,,,,,,,,,,,,,,,,,,,,,,,,,,,,,0.00,,,,,,,false,false,12,2020-04-01,2021-03-31,0
2021-01-29,53880,2021-03-31,3,,,,,,,,,,,,,,,,,,,,,,,,,,,,,30.00,,,,,,,false,true,12,2020-04-01,2021-03-31,0
2021-01-29,53880,2021-03-31,3,,,,,,,,,,,,,,,,,,,,,,,,,,,,,,,,,14450000,1548395,12901605,false,false,9,2020-04-01,2020-12-31,0
2021-01-29,53880,2020-03-31,3,,,,,,,,,,,,,,,,,,,,,,,,,,,,,,,,,,,13674859,false,false,9,2019-04-01,2019-12-31,-1
2021-05-07,53880,2021-03-31,,14593000000,-0.055,,,,,2246000000,0.163,2409000000,0.150,,1681000000,,130.34,,0.090,0.104,0.154,,24315000000,19803000000,0.799,1505.26,19420000000,3227000000,-488000000,583000000,9603000000,,0.230,,,,,,true,false,12,2020-04-01,2021-03-31,0
2021-05-07,53880,2020-03-31,,15440000000,0.072,,,,,1931000000,0.110,2094000000,0.146,,1648000000,,122.11,,0.090,0.096,0.125,,21918000000,18465000000,0.826,1403.12,18102000000,2750000000,-872000000,-1831000000,6320000000,,0.246,,,,,,true,false,12,2019-04-01,2020-03-31,-1
2021-05-07,53880,2022-03-31,,7305000000,0.162,,,,,520000000,-0.270,556000000,-0.293,,381000000,,29.54,,,,,,,,,,,,,,,,,,,,,,true,true,6,2021-04-01,2021-09-30,1
2021-05-07,53880,2022-03-31,,15893000000,0.089,,,,,1886000000,-0.160,1948000000,-0.191,,1343000000,,104.11,,,,,,,,,,,,,,,,0.288,,,,,,true,true,12,2021-04-01,2022-03-31,1
2021-05-07,53880,2021-03-31,,13730000000,-0.054,,,,,2021000000,0.127,2074000000,0.119,1453000000,,-0.035,112.63,,,,,,21308000000,17663000000,0.829,1369.10,17663000000,,,,,30.00,,,,14450000,1548395,12901605,false,false,12,2020-04-01,2021-03-31,0
2021-05-07,53880,2020-03-31,,14512000000,0.078,,,,,1794000000,0.146,1854000000,0.204,1505000000,,0.230,111.53,,,,,,19333000000,16529000000,0.855,1281.19,16529000000,,,,,30.00,,,,14450000,1548395,13496416,false,false,12,2019-04-01,2020-03-31,-1
2021-05-07,53880,2022-03-31,,,,,,,,,,,,,,,,,,,,,,,,,,,,,,30.00,,,,,,,false,true,12,2021-04-01,2022-03-31,1
2021-07-30,53880,2022-03-31,1,3575000000,0.145,,,,,343000000,0.131,389000000,0.166,,261000000,,20.29,,,,,,23510000000,19737000000,0.822,,19318000000,,,,,,,,,,,,true,false,3,2021-04-01,2021-06-30,0
2021-07-30,53880,2021-03-31,1,3122000000,-0.116,,,,,303000000,-0.043,334000000,-0.090,,218000000,,16.95,,,,,,,,,,,,,,,,,,,,,,true,false,3,2020-04-01,2020-06-30,-1
2021-07-30,53880,2022-03-31,1,7305000000,0.162,,,,,520000000,-0.270,556000000,-0.293,,381000000,,29.54,,,,,,,,,,,,,,,,,,,,,,true,true,6,2021-04-01,2021-09-30,0
2021-07-30,53880,2022-03-31,1,15893000000,0.089,,,,,1886000000,-0.160,1948000000,-0.191,,1343000000,,104.11,,,,,,,,,,,,,,,,,,,,,,true,true,12,2021-04-01,2022-03-31,0
2021-07-30,53880,2021-03-31,1,,,,,,,,,,,,,,,,,,,,24315000000,19803000000,0.799,,19420000000,,,,,,,,,,,,true,false,12,2020-04-01,2021-03-31,-1
2021-07-30,53880,2021-03-31,1,,,,,,,,,,,,,,,,,,,,,,,,,,,,,30.00,,,,14450000,1548395,,false,false,12,2020-04-01,2021-03-31,-1
2021-07-30,53880,2022-03-31,1,,,,,,,,,,,,,,,,,,,,,,,,,,,,,30.00,,,,,,,false,true,12,2021-04-01,2022-03-31,0
2021-07-30,53880,2022-03-31,1,,,,,,,,,,,,,,,,,,,,,,,,,,,,,,,,,14450000,1548395,12901605,false,false,3,2021-04-01,2021-06-30,0
2021-07-30,53880,2021-03-31,1,,,,,,,,,,,,,,,,,,,,,,,,,,,,,,,,,,,12901605,false,false,3,2020-04-01,2020-06-30,-1
2021-10-29,53880,2022-03-31,2,7150000000,0.137,,,,,724000000,0.016,795000000,0.010,,528000000,,40.97,,,,,,24031000000,20089000000,0.818,,19656000000,,,,,,,,,,,,true,false,6,2021-04-01,2021-09-30,0
2021-10-29,53880,2021-03-31,2,6286000000,-0.125,,,,,712000000,0.063,787000000,0.051,,512000000,,39.73,,,,,,,,,,,,,,,,,,,,,,true,false,6,2020-04-01,2020-09-30,-1
2021-10-29,53880,2022-03-31,2,15300000000,0.048,,,,,2000000000,-0.110,2100000000,-0.128,,1400000000,,108.51,,,,,,,,,,,,,,,,,,,,,,true,true,12,2021-04-01,2022-03-31,0
2021-10-29,53880,2021-03-31,2,,,,,,,,,,,,,,,,,,,,24315000000,19803000000,0.799,,19420000000,,,,,,,,,,,,true,false,12,2020-04-01,2021-03-31,-1
2021-10-29,53880,2021-03-31,2,,,,,,,,,,,,,,,,,,,,,,,,,,,,,30.00,,,,14450000,1548395,,false,false,12,2020-04-01,2021-03-31,-1
2021-10-29,53880,2022-03-31,2,,,,,,,,,,,,,,,,,,,,,,,,,,,,,0.00,,,,,,,false,false,12,2021-04-01,2022-03-31,0
2021-10-29,53880,2022-03-31,2,,,,,,,,,,,,,,,,,,,,,,,,,,,,,30.00,,,,,,,false,true,12,2021-04-01,2022-03-31,0
2021-10-29,53880,2022-03-31,2,,,,,,,,,,,,,,,,,,,,,,,,,,,,,,,,,14450000,1548395,12901605,false,false,6,2021-04-01,2021-09-30,0
2021-10-29,53880,2021-03-31,2,,,,,,,,,,,,,,,,,,,,,,,,,,,,,,,,,,,12901605,false,false,6,2020-04-01,2020-09-30,-1
2022-01-31,53880,2022-03-31,3,11311000000,0.068,,,,,1354000000,-0.156,1496000000,-0.125,,1002000000,,77.74,,,,,,24654000000,20566000000,0.816,,20117000000,,,,,,,,,,,,true,false,9,2021-04-01,2021-12-31,0
2022-01-31,53880,2021-03-31,3,10594000000,-0.066,,,,,1604000000,0.207,1709000000,0.165,,1163000000,,90.22,,,,,,,,,,,,,,,,,,,,,,true,false,9,2020-04-01,2020-12-31,-1
2022-01-31,53880,2022-03-31,3,15300000000,0.048,,,,,2000000000,-0.110,2100000000,-0.128,,1400000000,,108.51,,,,,,,,,,,,,,,,,,,,,,true,true,12,2021-04-01,2022-03-31,0
2022-01-31,53880,2021-03-31,3,,,,,,,,,,,,,,,,,,,,24315000000,19803000000,0.799,,19420000000,,,,,,,,,,,,true,false,12,2020-04-01,2021-03-31,-1
2022-01-31,53880,2021-03-31,3,,,,,,,,,,,,,,,,,,,,,,,,,,,,,30.00,,,,14450000,1548395,,false,false,12,2020-04-01,2021-03-31,-1
2022-01-31,53880,2022-03-31,3,,,,,,,,,,,,,,,,,,,,,,,,,,,,,0.00,,,,,,,false,false,12,2021-04-01,2022-03-31,0
2022-01-31,53880,2022-03-31,3,,,,,,,,,,,,,,,,,,,,,,,,,,,,,30.00,,,,,,,false,true,12,2021-04-01,2022-03-31,0
2022-01-31,53880,2022-03-31,3,,,,,,,,,,,,,,,,,,,,,,,,,,,,,,,,,14450000,1548395,12901605,false,false,9,2021-04-01,2021-12-31,0
2022-01-31,53880,2021-03-31,3,,,,,,,,,,,,,,,,,,,,,,,,,,,,,,,,,,,12901605,false,false,9,2020-04-01,2020-12-31,-1
2022-05-06,53880,2022-03-31,,15257000000,0.045,,,,,1666000000,-0.258,1913000000,-0.206,,1301000000,,100.89,,0.065,0.078,0.109,,24848000000,20978000000,0.825,1589.36,20505000000,1177000000,-1008000000,-494000000,9501000000,,0.297,,,,,,true,false,12,2021-04-01,2022-03-31,0
2022-05-06,53880,2021-03-31,,14593000000,-0.055,,,,,2246000000,0.163,2409000000,0.150,,1681000000,,130.34,,0.090,0.104,0.154,,24315000000,19803000000,0.799,1505.26,19420000000,3227000000,-488000000,583000000,9603000000,,0.230,,,,,,true,false,12,2020-04-01,2021-03-31,-1
2022-05-06,53880,2023-03-31,,8000000000,0.119,,,,,500000000,-0.309,600000000,-0.245,,400000000,,31.00,,,,,,,,,,,,,,,,,,,,,,true,true,6,2022-04-01,2022-09-30,1
2022-05-06,53880,2023-03-31,,17400000000,0.140,,,,,1800000000,0.080,2000000000,0.045,,1400000000,,108.51,,,,,,,,,,,,,,,,0.276,,,,,,true,true,12,2022-04-01,2023-03-31,1
2022-05-06,53880,2022-03-31,,14258000000,0.038,,,,,1587000000,-0.215,1688000000,-0.186,1174000000,,-0.192,91.01,,,,,,21632000000,18532000000,0.857,1436.44,18532000000,,,,,30.00,,,,14450000,1548395,12901605,false,false,12,2021-04-01,2022-03-31,0
2022-05-06,53880,2021-03-31,,13730000000,-0.054,,,,,2021000000,0.127,2074000000,0.119,1453000000,,-0.035,112.63,,,,,,21308000000,17663000000,0.829,1369.10,17663000000,,,,,30.00,,,,14450000,1548395,12901605,false,false,12,2020-04-01,2021-03-31,-1
2022-05-06,53880,2023-03-31,,,,,,,,,,,,,,,,,,,,,,,,,,,,,,30.00,,,,,,,false,true,12,2022-04-01,2023-03-31,1
2022-07-29,53880,2023-03-31,1,3310000000,-0.074,,,,,-10000000,,90000000,-0.769,,11000000,,0.86,,,,,,24367000000,20772000000,0.831,,20253000000,,,,,,,,,,,,true,false,3,2022-04-01,2022-06-30,0
2022-07-29,53880,2022-03-31,1,3575000000,0.145,,,,,343000000,0.131,389000000,0.166,,261000000,,20.29,,,,,,,,,,,,,,,,,,,,,,true,false,3,2021-04-01,2021-06-30,-1
2022-07-29,53880,2023-03-31,1,8000000000,0.119,,,,,500000000,-0.309,600000000,-0.245,,400000000,,31.00,,,,,,,,,,,,,,,,,,,,,,true,true,6,2022-04-01,2022-09-30,0
2022-07-29,53880,2023-03-31,1,17400000000,0.140,,,,,1800000000,0.080,2000000000,0.045,,1400000000,,108.51,,,,,,,,,,,,,,,,,,,,,,true,true,12,2022-04-01,2023-03-31,0
2022-07-29,53880,2022-03-31,1,,,,,,,,,,,,,,,,,,,,24848000000,20978000000,0.825,,20505000000,,,,,,,,,,,,true,false,12,2021-04-01,2022-03-31,-1
2022-07-29,53880,2022-03-31,1,,,,,,,,,,,,,,,,,,,,,,,,,,,,,30.00,,,,14450000,1548395,,false,false,12,2021-04-01,2022-03-31,-1
2022-07-29,53880,2023-03-31,1,,,,,,,,,,,,,,,,,,,,,,,,,,,,,30.00,,,,,,,false,true,12,2022-04-01,2023-03-31,0
2022-07-29,53880,2023-03-31,1,,,,,,,,,,,,,,,,,,,,,,,,,,,,,,,,,14450000,1645395,12853105,false,false,3,2022-04-01,2022-06-30,0
2022-07-29,53880,2022-03-31,1,,,,,,,,,,,,,,,,,,,,,,,,,,,,,,,,,,,12901605,false,false,3,2021-04-01,2021-06-30,-1
2022-09-16,53880,2023-03-31,,7000000000,-0.125,,,,,100000000,-0.800,400000000,-0.333,,280000000,,21.87,,,,,,,,,,,,,,,,,,,,,,true,true,6,2022-04-01,2022-09-30,0
2022-09-16,53880,2022-03-31,,7150000000,,,,,,724000000,,795000000,,,528000000,,40.97,,,,,,,,,,,,,,,,,,,,,,true,false,6,2021-04-01,2021-09-30,-1
2022-09-16,53880,2023-03-31,,15300000000,-0.121,,,,,1100000000,-0.389,1500000000,-0.250,,1050000000,,82.00,,,,,,,,,,,,,,,,,,,,,,true,true,12,2022-04-01,2023-03-31,0
2022-09-16,53880,2022-03-31,,15257000000,,,,,,1666000000,,1913000000,,,1301000000,,100.89,,,,,,,,,,,,,,,,,,,,,,true,false,12,2021-04-01,2022-03-31,-1
2022-10-31,53880,2023-03-31,2,7032000000,-0.016,,,,,146000000,-0.797,482000000,-0.393,,252000000,,19.75,,,,,,24177000000,21205000000,0.853,,20619000000,,,,,,,,,,,,true,false,6,2022-04-01,2022-09-30,0
2022-10-31,53880,2022-03-31,2,7150000000,0.137,,,,,724000000,0.016,795000000,0.010,,528000000,,40.97,,,,,,,,,,,,,,,,,,,,,,true,false,6,2021-04-01,2021-09-30,-1
2022-10-31,53880,2023-03-31,2,15300000000,0.003,,,,,1100000000,-0.340,1500000000,-0.216,,1050000000,,82.00,,,,,,,,,,,,,,,,,,,,,,true,true,12,2022-04-01,2023-03-31,0
2022-10-31,53880,2022-03-31,2,,,,,,,,,,,,,,,,,,,,24848000000,20978000000,0.825,,20505000000,,,,,,,,,,,,true,false,12,2021-04-01,2022-03-31,-1
2022-10-31,53880,2022-03-31,2,,,,,,,,,,,,,,,,,,,,,,,,,,,,,30.00,,,,14450000,1548395,,false,false,12,2021-04-01,2022-03-31,-1
2022-10-31,53880,2023-03-31,2,,,,,,,,,,,,,,,,,,,,,,,,,,,,,0.00,,,,,,,false,false,12,2022-04-01,2023-03-31,0
2022-10-31,53880,2023-03-31,2,,,,,,,,,,,,,,,,,,,,,,,,,,,,,30.00,,,,,,,false,true,12,2022-04-01,2023-03-31,0
2022-10-31,53880,2023-03-31,2,,,,,,,,,,,,,,,,,,,,,,,,,,,,,,,,,14450000,1645395,12804605,false,false,6,2022-04-01,2022-09-30,0
2022-10-31,53880,2022-03-31,2,,,,,,,,,,,,,,,,,,,,,,,,,,,,,,,,,,,12901605,false,false,6,2021-04-01,2021-09-30,-1
2023-01-31,53880,2023-03-31,3,11358000000,0.004,,,,,496000000,-0.633,997000000,-0.334,,586000000,,45.85,,,,,,24255000000,21306000000,0.852,,20676000000,,,,,,,,,,,,true,false,9,2022-04-01,2022-12-31,0
2023-01-31,53880,2022-03-31,3,11311000000,0.068,,,,,1354000000,-0.156,1496000000,-0.125,,1002000000,,77.74,,,,,,,,,,,,,,,,,,,,,,true,false,9,2021-04-01,2021-12-31,-1
2023-01-31,53880,2023-03-31,3,15300000000,0.003,,,,,1100000000,-0.340,1500000000,-0.216,,1050000000,,82.00,,,,,,,,,,,,,,,,,,,,,,true,true,12,2022-04-01,2023-03-31,0
2023-01-31,53880,2022-03-31,3,,,,,,,,,,,,,,,,,,,,24848000000,20978000000,0.825,,20505000000,,,,,,,,,,,,true,false,12,2021-04-01,2022-03-31,-1
2023-01-31,53880,2022-03-31,3,,,,,,,,,,,,,,,,,,,,,,,,,,,,,30.00,,,,14450000,1548395,,false,false,12,2021-04-01,2022-03-31,-1
2023-01-31,53880,2023-03-31,3,,,,,,,,,,,,,,,,,,,,,,,,,,,,,0.00,,,,,,,false,false,12,2022-04-01,2023-03-31,0
2023-01-31,53880,2023-03-31,3,,,,,,,,,,,,,,,,,,,,,,,,,,,,,30.00,,,,,,,false,true,12,2022-04-01,2023-03-31,0
2023-01-31,53880,2023-03-31,3,,,,,,,,,,,,,,,,,,,,,,,,,,,,,,,,,14450000,1876795,12790035,false,false,9,2022-04-01,2022-12-31,0
2023-01-31,53880,2022-03-31,3,,,,,,,,,,,,,,,,,,,,,,,,,,,,,,,,,,,12901605,false,false,9,2021-04-01,2021-12-31,-1
,53880,2023-03-31,,,,,,,,,,,,,,,,,,,,,,,,,,,,,,40.00,,,,,,,false,true,12,2022-04-01,2023-03-31,0
,53880,2023-03-31,,,,,,,,,,,,,,,,,,,,,,,,,,,,,,0.00,,,,,,,false,false,12,2022-04-01,2023-03-31,0
,53880,2022-03-31,,,,,,,,,,,,,,,,,,,,,,,,,,,,,,30.00,,,,,,,false,false,12,2021-04-01,2022-03-31,-1
2023-05-12,53880,2023-03-31,,15325000000,0.004,,,,,828000000,-0.503,1373000000,-0.282,,842000000,,66.20,,0.041,0.056,0.054,,24560000000,21349000000,0.845,1663.52,20758000000,234000000,-569000000,-1722000000,7916000000,,0.604,,,,,,true,false,12,2022-04-01,2023-03-31,0
2023-05-12,53880,2022-03-31,,15257000000,0.045,,,,,1666000000,-0.258,1913000000,-0.206,,1301000000,,100.89,,0.065,0.078,0.109,,24848000000,20978000000,0.825,1589.36,20505000000,1177000000,-1008000000,-494000000,9501000000,,0.297,,,,,,true,false,12,2021-04-01,2022-03-31,-1
2023-05-12,53880,2024-03-31,,7800000000,0.109,,,,,430000000,1.928,530000000,0.097,,340000000,,27.25,,,,,,,,,,,,,,,,,,,,,,true,true,6,2023-04-01,2023-09-30,1
2023-05-12,53880,2024-03-31,,16700000000,0.090,,,,,1600000000,0.931,1800000000,0.310,,1200000000,,96.16,,,,,,,,,,,,,,,,0.416,,,,,,true,true,12,2023-04-01,2024-03-31,1
2023-05-12,53880,2023-03-31,,14172000000,-0.006,,,,,982000000,-0.381,1392000000,-0.175,968000000,,-0.175,76.09,,,,,,21164000000,18749000000,0.886,1502.51,18749000000,,,,,40.00,,30.00,10.00,14450000,1971395,12726605,false,false,12,2022-04-01,2023-03-31,0
2023-05-12,53880,2022-03-31,,14258000000,0.038,,,,,1587000000,-0.215,1688000000,-0.186,1174000000,,-0.192,91.01,,,,,,21632000000,18532000000,0.857,1436.44,18532000000,,,,,30.00,,,,14450000,1548395,12901605,false,false,12,2021-04-01,2022-03-31,-1
2023-05-12,53880,2024-03-31,,,,,,,,,,,,,,,,,,,,,,,,,,,,,,40.00,,,,,,,false,true,12,2023-04-01,2024-03-31,1
2023-07-28,53880,2024-03-31,1,3667000000,0.108,,,,,154000000,,324000000,2.601,,217000000,,17.44,,,,,,24214000000,21125000000,0.848,,20518000000,,,,,,,,,,,,true,false,3,2023-04-01,2023-06-30,0
2023-07-28,53880,2023-03-31,1,3310000000,-0.074,,,,,-10000000,,90000000,-0.769,,11000000,,0.86,,,,,,,,,,,,,,,,,,,,,,true,false,3,2022-04-01,2022-06-30,-1
2023-07-28,53880,2024-03-31,1,7800000000,0.109,,,,,430000000,1.928,530000000,0.097,,340000000,,27.25,,,,,,,,,,,,,,,,,,,,,,true,true,6,2023-04-01,2023-09-30,0
2023-07-28,53880,2024-03-31,1,16700000000,0.090,,,,,1600000000,0.931,1800000000,0.310,,1200000000,,96.16,,,,,,,,,,,,,,,,,,,,,,true,true,12,2023-04-01,2024-03-31,0
2023-07-28,53880,2023-03-31,1,,,,,,,,,,,,,,,,,,,,24560000000,21349000000,0.845,,20758000000,,,,,,,,,,,,true,false,12,2022-04-01,2023-03-31,-1
2023-07-28,53880,2023-03-31,1,,,,,,,,,,,,,,,,,,,,,,,,,,,,,40.00,,,,14450000,1971395,,false,false,12,2022-04-01,2023-03-31,-1
2023-07-28,53880,2024-03-31,1,,,,,,,,,,,,,,,,,,,,,,,,,,,,,40.00,,,,,,,false,true,12,2023-04-01,2024-03-31,0
2023-07-28,53880,2024-03-31,1,,,,,,,,,,,,,,,,,,,,,,,,,,,,,,,30.00,10.00,14450000,1971395,12478605,false,false,3,2023-04-01,2023-06-30,0
2023-07-28,53880,2023-03-31,1,,,,,,,,,,,,,,,,,,,,,,,,,,,,,,,,,,,12853105,false,false,3,2022-04-01,2022-06-30,-1
2023-10-27,53880,2024-03-31,2,7397000000,0.052,,,,,410000000,1.797,691000000,0.433,,472000000,,37.88,,,,,,24881000000,21555000000,0.840,,20895000000,,,,,,,,,,,,true,false,6,2023-04-01,2023-09-30,0
2023-10-27,53880,2023-03-31,2,7032000000,-0.016,,,,,146000000,-0.797,482000000,-0.393,,252000000,,19.75,,,,,,,,,,,,,,,,,,,,,,true,false,6,2022-04-01,2022-09-30,-1
2023-10-27,53880,2024-03-31,2,16700000000,0.090,,,,,1600000000,0.931,1800000000,0.310,,1200000000,,96.16,,,,,,,,,,,,,,,,,,,,,,true,true,12,2023-04-01,2024-03-31,0
2023-10-27,53880,2023-03-31,2,,,,,,,,,,,,,,,,,,,,24560000000,21349000000,0.845,,20758000000,,,,,,,,,,,,true,false,12,2022-04-01,2023-03-31,-1
2023-10-27,53880,2023-03-31,2,,,,,,,,,,,,,,,,,,,,,,,,,,,,,40.00,,,,14450000,1971395,,false,false,12,2022-04-01,2023-03-31,-1
2023-10-27,53880,2024-03-31,2,,,,,,,,,,,,,,,,,,,,,,,,,,,,,15.00,,,,,,,false,false,12,2023-04-01,2024-03-31,0
2023-10-27,53880,2024-03-31,2,,,,,,,,,,,,,,,,,,,,,,,,,,,,,40.00,,,,,,,false,true,12,2023-04-01,2024-03-31,0
2023-10-27,53880,2024-03-31,2,,,,,,,,,,,,,,,,,,,,,,,,,,,,,,,,,14450000,1971395,12478605,false,false,6,2023-04-01,2023-09-30,0
2023-10-27,53880,2023-03-31,2,,,,,,,,,,,,,,,,,,,,,,,,,,,,,,,,,,,12804605,false,false,6,2022-04-01,2022-09-30,-1
2024-01-26,53880,2024-03-31,3,11669000000,0.027,,,,,839000000,0.690,1145000000,0.148,,779000000,,62.45,,,,,,24899000000,21700000000,0.844,,21018000000,,,,,,,,,,,,true,false,9,2023-04-01,2023-12-31,0
2024-01-26,53880,2023-03-31,3,11358000000,0.004,,,,,496000000,-0.633,997000000,-0.334,,586000000,,45.85,,,,,,,,,,,,,,,,,,,,,,true,false,9,2022-04-01,2022-12-31,-1
2024-01-26,53880,2024-03-31,3,16700000000,0.090,,,,,1600000000,0.931,1800000000,0.310,,1200000000,,96.16,,,,,,,,,,,,,,,,,,,,,,true,true,12,2023-04-01,2024-03-31,0
2024-01-26,53880,2023-03-31,3,,,,,,,,,,,,,,,,,,,,24560000000,21349000000,0.845,,20758000000,,,,,,,,,,,,true,false,12,2022-04-01,2023-03-31,-1
2024-01-26,53880,2023-03-31,3,,,,,,,,,,,,,,,,,,,,,,,,,,,,,40.00,,,,14450000,1971395,,false,false,12,2022-04-01,2023-03-31,-1
2024-01-26,53880,2024-03-31,3,,,,,,,,,,,,,,,,,,,,,,,,,,,,,15.00,,,,,,,false,false,12,2023-04-01,2024-03-31,0
2024-01-26,53880,2024-03-31,3,,,,,,,,,,,,,,,,,,,,,,,,,,,,,40.00,,,,,,,false,true,12,2023-04-01,2024-03-31,0
2024-01-26,53880,2024-03-31,3,,,,,,,,,,,,,,,,,,,,,,,,,,,,,,,,,14450000,1971405,12478603,false,false,9,2023-04-01,2023-12-31,0
2024-01-26,53880,2023-03-31,3,,,,,,,,,,,,,,,,,,,,,,,,,,,,,,,,,,,12790035,false,false,9,2022-04-01,2022-12-31,-1
2024-05-10,53880,2024-03-31,,15675000000,0.023,,,,,1231000000,0.486,1644000000,0.197,,1043000000,,83.64,,0.050,0.066,0.079,,25228000000,21867000000,0.840,1699.85,21201000000,1921000000,-1040000000,-726000000,8242000000,,0.478,,,,,,true,false,12,2023-04-01,2024-03-31,0
2024-05-10,53880,2023-03-31,,15325000000,0.004,,,,,828000000,-0.503,1373000000,-0.282,,842000000,,66.20,,0.041,0.056,0.054,,24560000000,21349000000,0.845,1663.52,20758000000,234000000,-569000000,-1722000000,7916000000,,0.604,,,,,,true,false,12,2022-04-01,2023-03-31,-1
2024-05-10,53880,2025-03-31,,7500000000,0.014,,,,,450000000,0.095,540000000,-0.220,,350000000,,28.10,,,,,,,,,,,,,,,,,,,,,,true,true,6,2024-04-01,2024-09-30,1
2024-05-10,53880,2025-03-31,,16300000000,0.040,,,,,1380000000,0.121,1560000000,-0.052,,1037000000,,83.14,,,,,,,,,,,,,,,,0.481,,,,,,true,true,12,2024-04-01,2025-03-31,1
2024-05-10,53880,2024-03-31,,14497000000,0.023,,,,,1196000000,0.218,1517000000,0.090,1082000000,,0.118,86.77,,,,,,21622000000,19134000000,0.885,1534.10,19134000000,,,,,40.00,,,,14450000,1977187,12478150,false,false,12,2023-04-01,2024-03-31,0
2024-05-10,53880,2023-03-31,,14172000000,-0.006,,,,,982000000,-0.381,1392000000,-0.175,968000000,,-0.175,76.09,,,,,,21164000000,18749000000,0.886,1502.51,18749000000,,,,,40.00,,,,14450000,1971395,12726605,false,false,12,2022-04-01,2023-03-31,-1
2024-05-10,53880,2025-03-31,,,,,,,,,,,,,,,,,,,,,,,,,,,,,,40.00,,,,,,,false,true,12,2024-04-01,2025-03-31,1
2024-07-31,53880,2025-03-31,1,3652000000,-0.004,,,,,196000000,0.266,314000000,-0.031,,182000000,,14.77,,,,,,24767000000,21613000000,0.844,,20894000000,,,,,,,,,,,,true,false,3,2024-04-01,2024-06-30,0
2024-07-31,53880,2024-03-31,1,3667000000,0.108,,,,,154000000,,324000000,2.601,,217000000,,17.44,,,,,,,,,,,,,,,,,,,,,,true,false,3,2023-04-01,2023-06-30,-1
2024-07-31,53880,2025-03-31,1,7500000000,0.014,,,,,450000000,0.095,540000000,-0.220,,350000000,,28.10,,,,,,,,,,,,,,,,,,,,,,true,true,6,2024-04-01,2024-09-30,0
2024-07-31,53880,2025-03-31,1,16300000000,0.040,,,,,1380000000,0.121,1560000000,-0.052,,1037000000,,83.14,,,,,,,,,,,,,,,,,,,,,,true,true,12,2024-04-01,2025-03-31,0
2024-07-31,53880,2024-03-31,1,,,,,,,,,,,,,,,,,,,,25228000000,21867000000,0.840,,21201000000,,,,,,,,,,,,true,false,12,2023-04-01,2024-03-31,-1
2024-07-31,53880,2024-03-31,1,,,,,,,,,,,,,,,,,,,,,,,,,,,,,40.00,,,,14450000,1977187,,false,false,12,2023-04-01,2024-03-31,-1
2024-07-31,53880,2025-03-31,1,,,,,,,,,,,,,,,,,,,,,,,,,,,,,40.00,,,,,,,false,true,12,2024-04-01,2025-03-31,0
2024-07-31,53880,2025-03-31,1,,,,,,,,,,,,,,,,,,,,,,,,,,,,,,,,,14450000,2199688,12353187,false,false,3,2024-04-01,2024-06-30,0
2024-07-31,53880,2024-03-31,1,,,,,,,,,,,,,,,,,,,,,,,,,,,,,,,,,,,12478605,false,false,3,2023-04-01,2023-06-30,-1
2024-08-02,53880,2025-03-31,1,3652000000,-0.004,,,,,196000000,0.266,314000000,-0.031,,182000000,,14.77,,,,,,24767000000,21613000000,0.844,,20894000000,,,,,,,,,,,,true,false,3,2024-04-01,2024-06-30,0
2024-08-02,53880,2024-03-31,1,3667000000,0.108,,,,,154000000,,324000000,2.601,,217000000,,17.44,,,,,,,,,,,,,,,,,,,,,,true,false,3,2023-04-01,2023-06-30,-1
2024-08-02,53880,2025-03-31,1,7500000000,0.014,,,,,450000000,0.095,540000000,-0.220,,350000000,,28.10,,,,,,,,,,,,,,,,,,,,,,true,true,6,2024-04-01,2024-09-30,0
2024-08-02,53880,2025-03-31,1,16300000000,0.040,,,,,1380000000,0.121,1560000000,-0.052,,1037000000,,83.14,,,,,,,,,,,,,,,,,,,,,,true,true,12,2024-04-01,2025-03-31,0
2024-08-02,53880,2024-03-31,1,,,,,,,,,,,,,,,,,,,,25228000000,21867000000,0.840,,21201000000,,,,,,,,,,,,true,false,12,2023-04-01,2024-03-31,-1
2024-08-02,53880,2024-03-31,1,,,,,,,,,,,,,,,,,,,,,,,,,,,,,40.00,,,,14450000,1977187,,false,false,12,2023-04-01,2024-03-31,-1
2024-08-02,53880,2025-03-31,1,,,,,,,,,,,,,,,,,,,,,,,,,,,,,40.00,,,,,,,false,true,12,2024-04-01,2025-03-31,0
2024-08-02,53880,2025-03-31,1,,,,,,,,,,,,,,,,,,,,,,,,,,,,,,,,,14450000,2199688,12353187,false,false,3,2024-04-01,2024-06-30,0
2024-08-02,53880,2024-03-31,1,,,,,,,,,,,,,,,,,,,,,,,,,,,,,,,,,,,12478605,false,false,3,2023-04-01,2023-06-30,-1
2024-10-31,53880,2025-03-31,2,7364000000,-0.005,,,,,461000000,0.124,581000000,-0.159,,374000000,,30.53,,,,,,25076000000,21808000000,0.839,,21040000000,,,,,,,,,,,,true,false,6,2024-04-01,2024-09-30,0
2024-10-31,53880,2024-03-31,2,7397000000,0.052,,,,,410000000,1.797,691000000,0.433,,472000000,,37.88,,,,,,,,,,,,,,,,,,,,,,true,false,6,2023-04-01,2023-09-30,-1
2024-10-31,53880,2025-03-31,2,16300000000,0.040,,,,,1380000000,0.121,1560000000,-0.052,,1037000000,,83.14,,,,,,,,,,,,,,,,,,,,,,true,true,12,2024-04-01,2025-03-31,0
2024-10-31,53880,2024-03-31,2,,,,,,,,,,,,,,,,,,,,25228000000,21867000000,0.840,,21201000000,,,,,,,,,,,,true,false,12,2023-04-01,2024-03-31,-1
2024-10-31,53880,2024-03-31,2,,,,,,,,,,,,,,,,,,,,,,,,,,,,,40.00,,,,14450000,1977187,,false,false,12,2023-04-01,2024-03-31,-1
2024-10-31,53880,2025-03-31,2,,,,,,,,,,,,,,,,,,,,,,,,,,,,,15.00,,,,,,,false,false,12,2024-04-01,2025-03-31,0
2024-10-31,53880,2025-03-31,2,,,,,,,,,,,,,,,,,,,,,,,,,,,,,40.00,,,,,,,false,true,12,2024-04-01,2025-03-31,0
2024-10-31,53880,2025-03-31,2,,,,,,,,,,,,,,,,,,,,,,,,,,,,,,,,,14450000,2271488,12278326,false,false,6,2024-04-01,2024-09-30,0
2024-10-31,53880,2024-03-31,2,,,,,,,,,,,,,,,,,,,,,,,,,,,,,,,,,,,12478605,false,false,6,2023-04-01,2023-09-30,-1
2025-01-31,53880,2025-03-31,3,11494000000,-0.015,,,,,847000000,0.009,1142000000,-0.002,,753000000,,61.53,,,,,,25131000000,21808000000,0.839,,21084000000,,,,,,,,,,,,true,false,9,2024-04-01,2024-12-31,0
2025-01-31,53880,2024-03-31,3,11669000000,0.027,,,,,839000000,0.690,1145000000,0.148,,779000000,,62.45,,,,,,,,,,,,,,,,,,,,,,true,false,9,2023-04-01,2023-12-31,-1
2025-01-31,53880,2025-03-31,3,16300000000,0.040,,,,,1380000000,0.121,1560000000,-0.052,,1037000000,,83.14,,,,,,,,,,,,,,,,,,,,,,true,true,12,2024-04-01,2025-03-31,0
2025-01-31,53880,2024-03-31,3,,,,,,,,,,,,,,,,,,,,25228000000,21867000000,0.840,,21201000000,,,,,,,,,,,,true,false,12,2023-04-01,2024-03-31,-1
2025-01-31,53880,2024-03-31,3,,,,,,,,,,,,,,,,,,,,,,,,,,,,,40.00,,,,14450000,1977187,,false,false,12,2023-04-01,2024-03-31,-1
2025-01-31,53880,2025-03-31,3,,,,,,,,,,,,,,,,,,,,,,,,,,,,,15.00,,,,,,,false,false,12,2024-04-01,2025-03-31,0
2025-01-31,53880,2025-03-31,3,,,,,,,,,,,,,,,,,,,,,,,,,,,,,40.00,,,,,,,false,true,12,2024-04-01,2025-03-31,0
2025-01-31,53880,2025-03-31,3,,,,,,,,,,,,,,,,,,,,,,,,,,,,,,,,,14450000,2271488,12248382,false,false,9,2024-04-01,2024-12-31,0
2025-01-31,53880,2024-03-31,3,,,,,,,,,,,,,,,,,,,,,,,,,,,,,,,,,,,12478603,false,false,9,2023-04-01,2023-12-31,-1
2025-02-07,53880,2025-03-31,3,11494000000,-0.015,,,,,847000000,0.009,1142000000,-0.002,,753000000,,61.53,,,,,,25131000000,21808000000,0.839,,21084000000,,,,,,,,,,,,true,false,9,2024-04-01,2024-12-31,0
2025-02-07,53880,2024-03-31,3,11669000000,0.027,,,,,839000000,0.690,1145000000,0.148,,779000000,,62.45,,,,,,,,,,,,,,,,,,,,,,true,false,9,2023-04-01,2023-12-31,-1
2025-02-07,53880,2025-03-31,3,16300000000,0.040,,,,,1380000000,0.121,1560000000,-0.052,,1037000000,,83.14,,,,,,,,,,,,,,,,,,,,,,true,true,12,2024-04-01,2025-03-31,0
2025-02-07,53880,2024-03-31,3,,,,,,,,,,,,,,,,,,,,25228000000,21867000000,0.840,,21201000000,,,,,,,,,,,,true,false,12,2023-04-01,2024-03-31,-1
2025-02-07,53880,2024-03-31,3,,,,,,,,,,,,,,,,,,,,,,,,,,,,,40.00,,,,14450000,1977187,,false,false,12,2023-04-01,2024-03-31,-1
2025-02-07,53880,2025-03-31,3,,,,,,,,,,,,,,,,,,,,,,,,,,,,,15.00,,,,,,,false,false,12,2024-04-01,2025-03-31,0
2025-02-07,53880,2025-03-31,3,,,,,,,,,,,,,,,,,,,,,,,,,,,,,40.00,,,,,,,false,true,12,2024-04-01,2025-03-31,0
2025-02-07,53880,2025-03-31,3,,,,,,,,,,,,,,,,,,,,,,,,,,,,,,,,,14450000,2271488,12248382,false,false,9,2024-04-01,2024-12-31,0
2025-02-07,53880,2024-03-31,3,,,,,,,,,,,,,,,,,,,,,,,,,,,,,,,,,,,12478603,false,false,9,2023-04-01,2023-12-31,-1
2025-05-09,53880,2025-03-31,,15707000000,0.002,,,,,1280000000,0.040,1583000000,-0.037,,1078000000,,88.13,,0.050,0.062,0.082,,25839000000,22351000000,0.834,1769.22,21546000000,1023000000,-769000000,-858000000,7881000000,,0.454,,,,,,true,false,12,2024-04-01,2025-03-31,0
2025-05-09,53880,2024-03-31,,15675000000,0.023,,,,,1231000000,0.486,1644000000,0.197,,1043000000,,83.64,,0.050,0.066,0.079,,25228000000,21867000000,0.840,1699.85,21201000000,1921000000,-1040000000,-726000000,8242000000,,0.478,,,,,,true,false,12,2023-04-01,2024-03-31,-1
2025-05-09,53880,2026-03-31,,7611000000,0.034,,,,,538000000,0.165,650000000,0.117,,450000000,,36.95,,,,,,,,,,,,,,,,,,,,,,true,true,6,2025-04-01,2025-09-30,1
2025-05-09,53880,2026-03-31,,16921000000,0.077,,,,,1616000000,0.262,1840000000,0.162,,1274000000,,104.61,,,,,,,,,,,,,,,,0.382,,,,,,true,true,12,2025-04-01,2026-03-31,1
2025-05-09,53880,2025-03-31,,14641000000,0.010,,,,,1310000000,0.096,1373000000,-0.095,1025000000,,-0.053,83.81,,,,,,21861000000,19257000000,0.881,1581.23,19257000000,,,,,40.00,,,,14450000,2271488,12232258,false,false,12,2024-04-01,2025-03-31,0
2025-05-09,53880,2024-03-31,,14497000000,0.023,,,,,1196000000,0.218,1517000000,0.090,1082000000,,0.118,86.77,,,,,,21622000000,19134000000,0.885,1534.10,19134000000,,,,,40.00,,,,14450000,1977187,12478150,false,false,12,2023-04-01,2024-03-31,-1
2025-05-09,53880,2026-03-31,,,,,,,,,,,,,,,,,,,,,,,,,,,,,,40.00,,,,,,,false,true,12,2025-04-01,2026-03-31,1
