filing_date,code,fiscal_year_end,quarterly_period,net_sales,net_sales_change,revenue,revenue_change,operating_revenue,operating_revenue_change,operating_profit,operating_profit_change,ordinary_profit,ordinary_profit_change,net_income,net_income_of_parent,net_income_change,eps,diluted_eps,roe,roa,operating_profit_to_net_sales,operating_profit_to_revenue,total_assets,net_assets,equity_ratio,bps,owner_equity,operating_cash_flow,investing_cash_flow,financing_cash_flow,cash,dividend_per_share,payout_ratio,commemorative_dividend,extra_dividend,number_of_shares,number_of_treqsury_shares,avg_number_of_shares,is_consolidated,is_forecast,duration,period_start,period_end,period_pos
2015-07-29,54100,2016-03-31,1,27542000000,-0.196,,,,,886000000,-0.150,1222000000,-0.067,,969000000,,6.20,,,,,,159574000000,86420000000,0.495,,78963000000,,,,,,,,,,,,true,false,3,2015-04-01,2015-06-30,0
2015-07-29,54100,2015-03-31,1,34246000000,0.062,,,,,1043000000,3.115,1309000000,3.780,,936000000,,5.80,,,,,,,,,,,,,,,,,,,,,,true,false,3,2014-04-01,2014-06-30,-1
2015-07-29,54100,2016-03-31,1,54000000000,-0.177,,,,,1900000000,0.313,2300000000,0.207,,2000000000,,12.79,,,,,,,,,,,,,,,,,,,,,,true,true,6,2015-04-01,2015-09-30,0
2015-07-29,54100,2016-03-31,1,109000000000,-0.132,,,,,4500000000,0.287,5000000000,0.138,,4300000000,,27.50,,,,,,,,,,,,,,,,,,,,,,true,true,12,2015-04-01,2016-03-31,0
2015-07-29,54100,2015-03-31,1,,,,,,,,,,,,,,,,,,,,159215000000,84802000000,0.487,,77463000000,,,,,,,,,,,,true,false,12,2014-04-01,2015-03-31,-1
2015-07-29,54100,2015-03-31,1,,,,,,,,,,,,,,,,,,,,,,,,,,,,,4.00,,,,171452113,15085936,,false,false,12,2014-04-01,2015-03-31,-1
2015-07-29,54100,2016-03-31,1,,,,,,,,,,,,,,,,,,,,,,,,,,,,,7.00,,,,,,,false,true,12,2015-04-01,2016-03-31,0
2015-07-29,54100,2016-03-31,1,,,,,,,,,,,,,,,,,,,,,,,,,,,,,,,,,171452113,15088012,156364969,false,false,3,2015-04-01,2015-06-30,0
2015-07-29,54100,2015-03-31,1,,,,,,,,,,,,,,,,,,,,,,,,,,,,,,,,,,,161379181,false,false,3,2014-04-01,2014-06-30,-1
,54100,2016-03-31,,,,,,,,,,,,,,,,,,,,,,,,,,,,,,7.00,,,,,,,false,true,12,2015-04-01,2016-03-31,0
,54100,2015-03-31,,,,,,,,,,,,,,,,,,,,,,,,,,,,,,4.00,,,,,,,false,false,12,2014-04-01,2015-03-31,-1
2015-10-30,54100,2016-03-31,2,53664000000,-0.182,,,,,1564000000,0.081,2037000000,0.070,,1940000000,,12.41,,,,,,152813000000,81890000000,0.532,,81351000000,,,,,,,,,,,,true,false,6,2015-04-01,2015-09-30,0
2015-10-30,54100,2015-03-31,2,65610000000,0.024,,,,,1446000000,6.260,1905000000,,,1262000000,,7.82,,,,,,,,,,,,,,,,,,,,,,true,false,6,2014-04-01,2014-09-30,-1
2015-10-30,54100,2016-03-31,2,102000000000,-0.188,,,,,5000000000,0.430,5500000000,0.251,,5000000000,,31.98,,,,,,,,,,,,,,,,,,,,,,true,true,12,2015-04-01,2016-03-31,0
2015-10-30,54100,2015-03-31,2,,,,,,,,,,,,,,,,,,,,159215000000,84802000000,0.487,,77463000000,,,,,,,,,,,,true,false,12,2014-04-01,2015-03-31,-1
2015-10-30,54100,2015-03-31,2,,,,,,,,,,,,,,,,,,,,,,,,,,,,,4.00,,,,171452113,15085936,,false,false,12,2014-04-01,2015-03-31,-1
2015-10-30,54100,2016-03-31,2,,,,,,,,,,,,,,,,,,,,,,,,,,,,,3.50,,,,,,,false,false,12,2015-04-01,2016-03-31,0
2015-10-30,54100,2016-03-31,2,,,,,,,,,,,,,,,,,,,,,,,,,,,,,7.50,,,,,,,false,true,12,2015-04-01,2016-03-31,0
2015-10-30,54100,2016-03-31,2,,,,,,,,,,,,,,,,,,,,,,,,,,,,,,,,,171452113,15091706,156363474,false,false,6,2015-04-01,2015-09-30,0
2015-10-30,54100,2015-03-31,2,,,,,,,,,,,,,,,,,,,,,,,,,,,,,,,,,,,161377173,false,false,6,2014-04-01,2014-09-30,-1
2015-10-30,54100,2016-03-31,,102000000000,-0.064,,,,,5000000000,0.111,5500000000,0.100,,5000000000,,31.98,,,,,,,,,,,,,,,,,,,,,,true,true,12,2015-04-01,2016-03-31,0
2015-10-30,54100,2015-03-31,,125595000000,,,,,,3497000000,,4395000000,,,2908000000,,18.11,,,,,,,,,,,,,,,,,,,,,,true,false,12,2014-04-01,2015-03-31,-1
2015-10-30,54100,2016-03-31,,,,,,,,,,,,,,,,,,,,,,,,,,,,,,7.50,,,,,,,false,true,12,2015-04-01,2016-03-31,0
2015-10-30,54100,2016-03-31,,,,,,,,,,,,,,,,,,,,,,,,,,,,,,3.50,,,,,,,false,false,12,2015-04-01,2016-03-31,0
2015-10-30,54100,2015-03-31,,,,,,,,,,,,,,,,,,,,,,,,,,,,,,4.00,,,,,,,false,false,12,2014-04-01,2015-03-31,-1
2016-01-29,54100,2016-03-31,3,77577000000,-0.203,,,,,3214000000,0.350,3992000000,0.324,,3604000000,,23.05,,,,,,158062000000,84021000000,0.528,,83487000000,,,,,,,,,,,,true,false,9,2015-04-01,2015-12-31,0
2016-01-29,54100,2015-03-31,3,97300000000,-0.004,,,,,2381000000,,3014000000,,,2120000000,,13.14,,,,,,,,,,,,,,,,,,,,,,true,false,9,2014-04-01,2014-12-31,-1
2016-01-29,54100,2016-03-31,3,102000000000,-0.188,,,,,5000000000,0.430,5500000000,0.251,,5000000000,,31.98,,,,,,,,,,,,,,,,,,,,,,true,true,12,2015-04-01,2016-03-31,0
2016-01-29,54100,2015-03-31,3,,,,,,,,,,,,,,,,,,,,159215000000,84802000000,0.487,,77463000000,,,,,,,,,,,,true,false,12,2014-04-01,2015-03-31,-1
2016-01-29,54100,2015-03-31,3,,,,,,,,,,,,,,,,,,,,,,,,,,,,,4.00,,,,171452113,15085936,,false,false,12,2014-04-01,2015-03-31,-1
2016-01-29,54100,2016-03-31,3,,,,,,,,,,,,,,,,,,,,,,,,,,,,,3.50,,,,,,,false,false,12,2015-04-01,2016-03-31,0
2016-01-29,54100,2016-03-31,3,,,,,,,,,,,,,,,,,,,,,,,,,,,,,7.50,,,,,,,false,true,12,2015-04-01,2016-03-31,0
2016-01-29,54100,2016-03-31,3,,,,,,,,,,,,,,,,,,,,,,,,,,,,,,,,,171452113,15096927,156361690,false,false,9,2015-04-01,2015-12-31,0
2016-01-29,54100,2015-03-31,3,,,,,,,,,,,,,,,,,,,,,,,,,,,,,,,,,,,161375336,false,false,9,2014-04-01,2014-12-31,-1
2016-04-28,54100,2016-03-31,,100024000000,-0.204,,,,,4349000000,0.244,5339000000,0.215,,5681000000,,36.34,,0.071,0.034,0.043,,153988000000,83763000000,0.540,532.57,83215000000,10309000000,237000000,-6541000000,9571000000,,0.234,,,,,,true,false,12,2015-04-01,2016-03-31,0
2016-04-28,54100,2015-03-31,,125595000000,-0.041,,,,,3497000000,,4395000000,,,2908000000,,18.11,,0.038,0.028,0.028,,159215000000,84802000000,0.487,495.40,77463000000,5390000000,-3145000000,-1358000000,5566000000,,0.221,,,,,,true,false,12,2014-04-01,2015-03-31,-1
2016-04-28,54100,2017-03-31,,46000000000,-0.143,,,,,500000000,-0.680,700000000,-0.656,,500000000,,3.20,,,,,,,,,,,,,,,,,,,,,,true,true,6,2016-04-01,2016-09-30,1
2016-04-28,54100,2017-03-31,,96000000000,-0.040,,,,,1800000000,-0.586,2200000000,-0.588,,1600000000,,10.24,,,,,,,,,,,,,,,,0.244,,,,,,true,true,12,2016-04-01,2017-03-31,1
2016-04-28,54100,2016-03-31,,64630000000,-0.197,,,,,3524000000,1.174,4140000000,1.344,7090000000,,2.329,45.35,,,,,,122907000000,67248000000,0.547,430.11,67248000000,,,,,8.50,,,,171452113,15200035,156351876,false,false,12,2015-04-01,2016-03-31,0
2016-04-28,54100,2015-03-31,,80469000000,-0.051,,,,,1621000000,,1766000000,,2129000000,,,13.26,,,,,,126097000000,61933000000,0.491,396.08,61933000000,,,,,4.00,,,,171452113,15085936,160604225,false,false,12,2014-04-01,2015-03-31,-1
2016-04-28,54100,2017-03-31,,,,,,,,,,,,,,,,,,,,,,,,,,,,,,2.50,,,,,,,false,true,12,2016-04-01,2017-03-31,1
,54100,2017-03-31,,,,,,,,,,,,,,,,,,,,,,,,,,,,,,15.00,,,,,,,false,true,12,2016-04-01,2017-03-31,0
,54100,2016-03-31,,,,,,,,,,,,,,,,,,,,,,,,,,,,,,8.50,,,,,,,false,false,12,2015-04-01,2016-03-31,-1
2016-08-01,54100,2017-03-31,1,23515000000,-0.146,,,,,405000000,-0.543,643000000,-0.474,,400000000,,2.59,,,,,,151817000000,82237000000,0.538,,81691000000,,,,,,,,,,,,true,false,3,2016-04-01,2016-06-30,0
2016-08-01,54100,2016-03-31,1,27542000000,-0.196,,,,,886000000,-0.150,1222000000,-0.067,,969000000,,6.20,,,,,,,,,,,,,,,,,,,,,,true,false,3,2015-04-01,2015-06-30,-1
2016-08-01,54100,2017-03-31,1,46000000000,-0.143,,,,,1000000000,-0.361,1200000000,-0.411,,1000000000,,6.56,,,,,,,,,,,,,,,,,,,,,,true,true,6,2016-04-01,2016-09-30,0
2016-08-01,54100,2017-03-31,1,96000000000,-0.040,,,,,2300000000,-0.471,2700000000,-0.494,,2100000000,,140.29,,,,,,,,,,,,,,,,,,,,,,true,true,12,2016-04-01,2017-03-31,0
2016-08-01,54100,2016-03-31,1,,,,,,,,,,,,,,,,,,,,153988000000,83763000000,0.540,,83215000000,,,,,,,,,,,,true,false,12,2015-04-01,2016-03-31,-1
2016-08-01,54100,2016-03-31,1,,,,,,,,,,,,,,,,,,,,,,,,,,,,,8.50,,,,171452113,15200035,,false,false,12,2015-04-01,2016-03-31,-1
2016-08-01,54100,2017-03-31,1,,,,,,,,,,,,,,,,,,,,,,,,,,,,,15.00,,,,,,,false,true,12,2016-04-01,2017-03-31,0
2016-08-01,54100,2017-03-31,1,,,,,,,,,,,,,,,,,,,,,,,,,,,,,,,,,171452113,19434561,154831341,false,false,3,2016-04-01,2016-06-30,0
2016-08-01,54100,2016-03-31,1,,,,,,,,,,,,,,,,,,,,,,,,,,,,,,,,,,,156364969,false,false,3,2015-04-01,2015-06-30,-1
2016-08-01,54100,2017-03-31,,46000000000,0.000,,,,,1000000000,1.000,1200000000,0.714,,1000000000,,6.56,,,,,,,,,,,,,,,,,,,,,,true,true,6,2016-04-01,2016-09-30,0
2016-08-01,54100,2016-03-31,,53664000000,,,,,,1564000000,,2037000000,,,1940000000,,12.41,,,,,,,,,,,,,,,,,,,,,,true,false,6,2015-04-01,2015-09-30,-1
2016-08-01,54100,2017-03-31,,96000000000,0.000,,,,,2300000000,0.277,2700000000,0.227,,2100000000,,140.29,,,,,,,,,,,,,,,,,,,,,,true,true,12,2016-04-01,2017-03-31,0
2016-08-01,54100,2016-03-31,,100024000000,,,,,,4349000000,,5339000000,,,5681000000,,36.34,,,,,,,,,,,,,,,,,,,,,,true,false,12,2015-04-01,2016-03-31,-1
,54100,2017-03-31,,,,,,,,,,,,,,,,,,,,,,,,,,,,,,15.00,,,,,,,false,true,12,2016-04-01,2017-03-31,0
,54100,2016-03-31,,,,,,,,,,,,,,,,,,,,,,,,,,,,,,8.50,,,,,,,false,false,12,2015-04-01,2016-03-31,-1
2016-10-31,54100,2017-03-31,2,47138000000,-0.122,,,,,1312000000,-0.161,1603000000,-0.213,,1196000000,,78.51,,,,,,153774000000,83610000000,0.540,,83050000000,,,,,,,,,,,,true,false,6,2016-04-01,2016-09-30,0
2016-10-31,54100,2016-03-31,2,53664000000,-0.182,,,,,1564000000,0.081,2037000000,0.070,,1940000000,,124.10,,,,,,,,,,,,,,,,,,,,,,true,false,6,2015-04-01,2015-09-30,-1
2016-10-31,54100,2017-03-31,2,98000000000,-0.020,,,,,2800000000,-0.356,3200000000,-0.401,,2600000000,,173.65,,,,,,,,,,,,,,,,,,,,,,true,true,12,2016-04-01,2017-03-31,0
2016-10-31,54100,2016-03-31,2,,,,,,,,,,,,,,,,,,,,153988000000,83763000000,0.540,,83215000000,,,,,,,,,,,,true,false,12,2015-04-01,2016-03-31,-1
2016-10-31,54100,2016-03-31,2,,,,,,,,,,,,,,,,,,,,,,,,,,,,,8.50,,,,17145211,1520003,,false,false,12,2015-04-01,2016-03-31,-1
2016-10-31,54100,2017-03-31,2,,,,,,,,,,,,,,,,,,,,,,,,,,,,,2.00,,,,,,,false,false,12,2016-04-01,2017-03-31,0
2016-10-31,54100,2017-03-31,2,,,,,,,,,,,,,,,,,,,,,,,,,,,,,20.00,,,,,,,false,true,12,2016-04-01,2017-03-31,0
2016-10-31,54100,2017-03-31,2,,,,,,,,,,,,,,,,,,,,,,,,,,,,,,,,,17145211,2312527,15237359,false,false,6,2016-04-01,2016-09-30,0
2016-10-31,54100,2016-03-31,2,,,,,,,,,,,,,,,,,,,,,,,,,,,,,,,,,,,15636347,false,false,6,2015-04-01,2015-09-30,-1
2016-10-31,54100,2017-03-31,,98000000000,0.021,,,,,2800000000,0.217,3200000000,0.185,,2600000000,,173.65,,,,,,,,,,,,,,,,,,,,,,true,true,12,2016-04-01,2017-03-31,0
2016-10-31,54100,2016-03-31,,100024000000,,,,,,4349000000,,5339000000,,,5681000000,,363.36,,,,,,,,,,,,,,,,,,,,,,true,false,12,2015-04-01,2016-03-31,-1
2016-10-31,54100,2017-03-31,,,,,,,,,,,,,,,,,,,,,,,,,,,,,,20.00,,,,,,,false,true,12,2016-04-01,2017-03-31,0
2016-10-31,54100,2017-03-31,,,,,,,,,,,,,,,,,,,,,,,,,,,,,,2.00,,,,,,,false,false,12,2016-04-01,2017-03-31,0
2016-10-31,54100,2016-03-31,,,,,,,,,,,,,,,,,,,,,,,,,,,,,,8.50,,,,,,,false,false,12,2015-04-01,2016-03-31,-1
2017-01-27,54100,2017-03-31,3,72225000000,-0.069,,,,,2058000000,-0.360,2498000000,-0.374,,1840000000,,122.14,,,,,,163055000000,85339000000,0.520,,84759000000,,,,,,,,,,,,true,false,9,2016-04-01,2016-12-31,0
2017-01-27,54100,2016-03-31,3,77577000000,-0.203,,,,,3214000000,0.350,3992000000,0.324,,3604000000,,230.53,,,,,,,,,,,,,,,,,,,,,,true,false,9,2015-04-01,2015-12-31,-1
2017-01-27,54100,2017-03-31,3,99000000000,-0.010,,,,,2100000000,-0.517,2500000000,-0.532,,1900000000,,126.93,,,,,,,,,,,,,,,,,,,,,,true,true,12,2016-04-01,2017-03-31,0
2017-01-27,54100,2016-03-31,3,,,,,,,,,,,,,,,,,,,,153988000000,83763000000,0.540,,83215000000,,,,,,,,,,,,true,false,12,2015-04-01,2016-03-31,-1
2017-01-27,54100,2016-03-31,3,,,,,,,,,,,,,,,,,,,,,,,,,,,,,8.50,,,,17145211,1520003,,false,false,12,2015-04-01,2016-03-31,-1
2017-01-27,54100,2017-03-31,3,,,,,,,,,,,,,,,,,,,,,,,,,,,,,2.00,,,,,,,false,false,12,2016-04-01,2017-03-31,0
2017-01-27,54100,2017-03-31,3,,,,,,,,,,,,,,,,,,,,,,,,,,,,,20.00,,,,,,,false,true,12,2016-04-01,2017-03-31,0
2017-01-27,54100,2017-03-31,3,,,,,,,,,,,,,,,,,,,,,,,,,,,,,,,,,17145211,2512696,15069511,false,false,9,2016-04-01,2016-12-31,0
2017-01-27,54100,2016-03-31,3,,,,,,,,,,,,,,,,,,,,,,,,,,,,,,,,,,,15636169,false,false,9,2015-04-01,2015-12-31,-1
2017-04-28,54100,2017-03-31,,99465000000,-0.006,,,,,2336000000,-0.463,2761000000,-0.483,,1979000000,,132.28,,0.024,0.018,0.023,,159450000000,85173000000,0.530,5780.66,84582000000,428000000,-3131000000,-2845000000,4023000000,,0.302,,,,,,true,false,12,2016-04-01,2017-03-31,0
2017-04-28,54100,2016-03-31,,100024000000,-0.204,,,,,4349000000,0.244,5339000000,0.215,,5681000000,,363.36,,0.071,0.034,0.043,,153988000000,83763000000,0.540,5325.72,83215000000,10309000000,237000000,-6541000000,9571000000,,0.234,,,,,,true,false,12,2015-04-01,2016-03-31,-1
2017-04-28,54100,2018-03-31,,55000000000,0.167,,,,,600000000,-0.543,1000000000,-0.376,,700000000,,47.84,,,,,,,,,,,,,,,,,,,,,,true,true,6,2017-04-01,2017-09-30,1
2017-04-28,54100,2018-03-31,,115000000000,0.156,,,,,2500000000,0.070,3000000000,0.086,,5000000000,,341.72,,,,,,,,,,,,,,,,0.205,,,,,,true,true,12,2017-04-01,2018-03-31,1
2017-04-28,54100,2017-03-31,,59417000000,-0.081,,,,,1035000000,-0.706,1469000000,-0.645,1231000000,,-0.826,82.26,,,,,,124613000000,66663000000,0.535,4556.00,66663000000,,,,,20.00,,,,17145211,2513213,14968585,false,false,12,2016-04-01,2017-03-31,0
2017-04-28,54100,2016-03-31,,64630000000,-0.197,,,,,3524000000,1.174,4140000000,1.344,7090000000,,2.329,453.45,,,,,,122907000000,67248000000,0.547,4301.09,67248000000,,,,,8.50,,,,17145211,1520003,15635187,false,false,12,2015-04-01,2016-03-31,-1
2017-04-28,54100,2018-03-31,,,,,,,,,,,,,,,,,,,,,,,,,,,,,,70.00,,,,,,,false,true,12,2017-04-01,2018-03-31,1
2017-08-01,54100,2018-03-31,1,30056000000,0.278,,,,,595000000,0.470,795000000,0.237,,516000000,,35.30,,,,,,162634000000,85278000000,0.521,,84685000000,,,,,,,,,,,,true,false,3,2017-04-01,2017-06-30,0
2017-08-01,54100,2017-03-31,1,23515000000,-0.146,,,,,405000000,-0.543,643000000,-0.474,,400000000,,25.90,,,,,,,,,,,,,,,,,,,,,,true,false,3,2016-04-01,2016-06-30,-1
2017-08-01,54100,2018-03-31,1,55000000000,0.167,,,,,600000000,-0.543,1000000000,-0.376,,700000000,,47.84,,,,,,,,,,,,,,,,,,,,,,true,true,6,2017-04-01,2017-09-30,0
2017-08-01,54100,2018-03-31,1,115000000000,0.156,,,,,2500000000,0.070,3000000000,0.086,,5000000000,,341.72,,,,,,,,,,,,,,,,,,,,,,true,true,12,2017-04-01,2018-03-31,0
2017-08-01,54100,2017-03-31,1,,,,,,,,,,,,,,,,,,,,159450000000,85173000000,0.530,,84582000000,,,,,,,,,,,,true,false,12,2016-04-01,2017-03-31,-1
2017-08-01,54100,2017-03-31,1,,,,,,,,,,,,,,,,,,,,,,,,,,,,,20.00,,,,17145211,2513213,,false,false,12,2016-04-01,2017-03-31,-1
2017-08-01,54100,2018-03-31,1,,,,,,,,,,,,,,,,,,,,,,,,,,,,,70.00,,,,,,,false,true,12,2017-04-01,2018-03-31,0
2017-08-01,54100,2018-03-31,1,,,,,,,,,,,,,,,,,,,,,,,,,,,,,,,,,17145211,2513368,14631943,false,false,3,2017-04-01,2017-06-30,0
2017-08-01,54100,2017-03-31,1,,,,,,,,,,,,,,,,,,,,,,,,,,,,,,,,,,,15483134,false,false,3,2016-04-01,2016-06-30,-1
2017-09-29,54100,2018-03-31,,60000000000,0.091,,,,,1000000000,0.667,1300000000,0.300,,2000000000,,136.69,,,,,,,,,,,,,,,,,,,,,,true,true,6,2017-04-01,2017-09-30,0
2017-09-29,54100,2017-03-31,,47138000000,,,,,,1312000000,,1603000000,,,1196000000,,78.51,,,,,,,,,,,,,,,,,,,,,,true,false,6,2016-04-01,2016-09-30,-1
2017-09-29,54100,2018-03-31,,60000000000,0.091,,,,,1000000000,0.667,1300000000,0.300,,1300000000,,88.85,,,,,,,,,,,,,,,,,,,,,,true,true,6,2017-04-01,2017-09-30,0
2017-09-29,54100,2017-03-31,,47138000000,,,,,,1312000000,,1603000000,,,1196000000,,78.51,,,,,,,,,,,,,,,,,,,,,,true,false,6,2016-04-01,2016-09-30,-1
2017-11-01,54100,2018-03-31,2,59085000000,0.253,,,,,1072000000,-0.183,1327000000,-0.172,,1313000000,,89.76,,,,,,171202000000,86310000000,0.501,,85718000000,,,,,,,,,,,,true,false,6,2017-04-01,2017-09-30,0
2017-11-01,54100,2017-03-31,2,47138000000,-0.122,,,,,1312000000,-0.161,1603000000,-0.213,,1196000000,,78.51,,,,,,,,,,,,,,,,,,,,,,true,false,6,2016-04-01,2016-09-30,-1
2017-11-01,54100,2018-03-31,2,125000000000,0.257,,,,,2500000000,0.070,3000000000,0.086,,5800000000,,396.41,,,,,,,,,,,,,,,,,,,,,,true,true,12,2017-04-01,2018-03-31,0
2017-11-01,54100,2017-03-31,2,,,,,,,,,,,,,,,,,,,,159450000000,85173000000,0.530,,84582000000,,,,,,,,,,,,true,false,12,2016-04-01,2017-03-31,-1
2017-11-01,54100,2017-03-31,2,,,,,,,,,,,,,,,,,,,,,,,,,,,,,20.00,,,,17145211,2513213,,false,false,12,2016-04-01,2017-03-31,-1
2017-11-01,54100,2018-03-31,2,,,,,,,,,,,,,,,,,,,,,,,,,,,,,15.00,,,,,,,false,false,12,2017-04-01,2018-03-31,0
2017-11-01,54100,2018-03-31,2,,,,,,,,,,,,,,,,,,,,,,,,,,,,,80.00,,,,,,,false,true,12,2017-04-01,2018-03-31,0
2017-11-01,54100,2018-03-31,2,,,,,,,,,,,,,,,,,,,,,,,,,,,,,,,,,17145211,2513803,14631772,false,false,6,2017-04-01,2017-09-30,0
2017-11-01,54100,2017-03-31,2,,,,,,,,,,,,,,,,,,,,,,,,,,,,,,,,,,,15237359,false,false,6,2016-04-01,2016-09-30,-1
,54100,2018-03-31,,,,,,,,,,,,,,,,,,,,,,,,,,,,,,80.00,,,,,,,false,true,12,2017-04-01,2018-03-31,0
,54100,2018-03-31,,,,,,,,,,,,,,,,,,,,,,,,,,,,,,15.00,,,,,,,false,false,12,2017-04-01,2018-03-31,0
,54100,2017-03-31,,,,,,,,,,,,,,,,,,,,,,,,,,,,,,20.00,,,,,,,false,false,12,2016-04-01,2017-03-31,-1
2018-01-31,54100,2018-03-31,3,93160000000,0.290,,,,,1664000000,-0.191,2008000000,-0.196,,1765000000,,120.67,,,,,,176470000000,87408000000,0.492,,86797000000,,,,,,,,,,,,true,false,9,2017-04-01,2017-12-31,0
2018-01-31,54100,2017-03-31,3,72225000000,-0.069,,,,,2058000000,-0.360,2498000000,-0.374,,1840000000,,122.14,,,,,,,,,,,,,,,,,,,,,,true,false,9,2016-04-01,2016-12-31,-1
2018-01-31,54100,2018-03-31,3,128000000000,0.287,,,,,1300000000,-0.444,1600000000,-0.421,,4600000000,,314.40,,,,,,,,,,,,,,,,,,,,,,true,true,12,2017-04-01,2018-03-31,0
2018-01-31,54100,2017-03-31,3,,,,,,,,,,,,,,,,,,,,159450000000,85173000000,0.530,,84582000000,,,,,,,,,,,,true,false,12,2016-04-01,2017-03-31,-1
2018-01-31,54100,2017-03-31,3,,,,,,,,,,,,,,,,,,,,,,,,,,,,,20.00,,,,17145211,2513213,,false,false,12,2016-04-01,2017-03-31,-1
2018-01-31,54100,2018-03-31,3,,,,,,,,,,,,,,,,,,,,,,,,,,,,,15.00,,,,,,,false,false,12,2017-04-01,2018-03-31,0
2018-01-31,54100,2018-03-31,3,,,,,,,,,,,,,,,,,,,,,,,,,,,,,80.00,,,,,,,false,true,12,2017-04-01,2018-03-31,0
2018-01-31,54100,2018-03-31,3,,,,,,,,,,,,,,,,,,,,,,,,,,,,,,,,,17145211,2513988,14631632,false,false,9,2017-04-01,2017-12-31,0
2018-01-31,54100,2017-03-31,3,,,,,,,,,,,,,,,,,,,,,,,,,,,,,,,,,,,15069511,false,false,9,2016-04-01,2016-12-31,-1
2018-01-31,54100,2018-03-31,,128000000000,0.024,,,,,1300000000,-0.480,1600000000,-0.467,,4600000000,,314.40,,,,,,,,,,,,,,,,,,,,,,true,true,12,2017-04-01,2018-03-31,0
2018-01-31,54100,2017-03-31,,99465000000,,,,,,2336000000,,2761000000,,,1979000000,,132.28,,,,,,,,,,,,,,,,,,,,,,true,false,12,2016-04-01,2017-03-31,-1
2018-04-26,54100,2018-03-31,,129779000000,0.305,,,,,1766000000,-0.244,2147000000,-0.222,,4935000000,,337.31,,0.057,0.013,0.014,,175757000000,88974000000,0.503,6039.63,88364000000,-2459000000,-1628000000,3077000000,3012000000,,0.237,,,,,,true,false,12,2017-04-01,2018-03-31,0
2018-04-26,54100,2017-03-31,,99465000000,-0.006,,,,,2336000000,-0.463,2761000000,-0.483,,1979000000,,132.28,,0.024,0.018,0.023,,159450000000,85173000000,0.530,5780.66,84582000000,428000000,-3131000000,-2845000000,4023000000,,0.302,,,,,,true,false,12,2016-04-01,2017-03-31,-1
2018-04-26,54100,2019-03-31,,74000000000,0.252,,,,,1600000000,0.492,1900000000,0.431,,1500000000,,102.52,,,,,,,,,,,,,,,,,,,,,,true,true,6,2018-04-01,2018-09-30,1
2018-04-26,54100,2019-03-31,,150000000000,0.156,,,,,4500000000,1.548,5000000000,1.328,,4000000000,,273.40,,,,,,,,,,,,,,,,0.238,,,,,,true,true,12,2018-04-01,2019-03-31,1
2018-04-26,54100,2018-03-31,,79477000000,0.338,,,,,915000000,-0.116,1403000000,-0.045,3773000000,,2.065,257.92,,,,,,136949000000,69352000000,0.506,4740.22,69352000000,,,,,80.00,,,,17145211,2514473,14631458,false,false,12,2017-04-01,2018-03-31,0
2018-04-26,54100,2017-03-31,,59417000000,-0.081,,,,,1035000000,-0.706,1469000000,-0.645,1231000000,,-0.826,82.26,,,,,,124613000000,66663000000,0.535,4556.00,66663000000,,,,,20.00,,,,17145211,2513213,14968585,false,false,12,2016-04-01,2017-03-31,-1
2018-04-26,54100,2019-03-31,,,,,,,,,,,,,,,,,,,,,,,,,,,,,,65.00,,,,,,,false,true,12,2018-04-01,2019-03-31,1
2018-08-06,54100,2019-03-31,1,36966000000,0.230,,,,,1153000000,0.937,1493000000,0.876,,1196000000,,81.78,,,,,,179180000000,89251000000,0.495,,88633000000,,,,,,,,,,,,true,false,3,2018-04-01,2018-06-30,0
2018-08-06,54100,2018-03-31,1,30056000000,0.278,,,,,595000000,0.470,795000000,0.237,,516000000,,35.30,,,,,,,,,,,,,,,,,,,,,,true,false,3,2017-04-01,2017-06-30,-1
2018-08-06,54100,2019-03-31,1,74000000000,0.252,,,,,2200000000,1.052,2600000000,0.958,,2100000000,,143.54,,,,,,,,,,,,,,,,,,,,,,true,true,6,2018-04-01,2018-09-30,0
2018-08-06,54100,2019-03-31,1,150000000000,0.156,,,,,4500000000,1.548,5000000000,1.328,,4000000000,,273.40,,,,,,,,,,,,,,,,,,,,,,true,true,12,2018-04-01,2019-03-31,0
2018-08-06,54100,2018-03-31,1,,,,,,,,,,,,,,,,,,,,175725000000,88974000000,0.503,,88364000000,,,,,,,,,,,,true,false,12,2017-04-01,2018-03-31,-1
2018-08-06,54100,2018-03-31,1,,,,,,,,,,,,,,,,,,,,,,,,,,,,,80.00,,,,17145211,2514473,,false,false,12,2017-04-01,2018-03-31,-1
2018-08-06,54100,2019-03-31,1,,,,,,,,,,,,,,,,,,,,,,,,,,,,,70.00,,,,,,,false,true,12,2018-04-01,2019-03-31,0
2018-08-06,54100,2019-03-31,1,,,,,,,,,,,,,,,,,,,,,,,,,,,,,,,,,17145211,2514732,14630660,false,false,3,2018-04-01,2018-06-30,0
2018-08-06,54100,2018-03-31,1,,,,,,,,,,,,,,,,,,,,,,,,,,,,,,,,,,,14631943,false,false,3,2017-04-01,2017-06-30,-1
2018-11-09,54100,2019-03-31,2,73649000000,0.246,,,,,1955000000,0.824,2325000000,0.751,,1867000000,,127.65,,,,,,182072000000,90453000000,0.493,,89834000000,,,,,,,,,,,,true,false,6,2018-04-01,2018-09-30,0
2018-11-09,54100,2018-03-31,2,59085000000,0.253,,,,,1072000000,-0.183,1327000000,-0.172,,1313000000,,89.76,,,,,,,,,,,,,,,,,,,,,,true,false,6,2017-04-01,2017-09-30,-1
2018-11-09,54100,2019-03-31,2,150000000000,0.156,,,,,4500000000,1.548,5000000000,1.328,,4000000000,,273.41,,,,,,,,,,,,,,,,,,,,,,true,true,12,2018-04-01,2019-03-31,0
2018-11-09,54100,2018-03-31,2,,,,,,,,,,,,,,,,,,,,175725000000,88974000000,0.503,,88364000000,,,,,,,,,,,,true,false,12,2017-04-01,2018-03-31,-1
2018-11-09,54100,2018-03-31,2,,,,,,,,,,,,,,,,,,,,,,,,,,,,,80.00,,,,17145211,2514473,,false,false,12,2017-04-01,2018-03-31,-1
2018-11-09,54100,2019-03-31,2,,,,,,,,,,,,,,,,,,,,,,,,,,,,,30.00,,,,,,,false,false,12,2018-04-01,2019-03-31,0
2018-11-09,54100,2019-03-31,2,,,,,,,,,,,,,,,,,,,,,,,,,,,,,70.00,,,,,,,false,true,12,2018-04-01,2019-03-31,0
2018-11-09,54100,2019-03-31,2,,,,,,,,,,,,,,,,,,,,,,,,,,,,,,,,,17145211,2515013,14630484,false,false,6,2018-04-01,2018-09-30,0
2018-11-09,54100,2018-03-31,2,,,,,,,,,,,,,,,,,,,,,,,,,,,,,,,,,,,14631772,false,false,6,2017-04-01,2017-09-30,-1
2019-02-01,54100,2019-03-31,3,113764000000,0.221,,,,,3360000000,1.019,3953000000,0.968,,2353000000,,160.89,,,,,,182203000000,88631000000,0.483,,87994000000,,,,,,,,,,,,true,false,9,2018-04-01,2018-12-31,0
2019-02-01,54100,2018-03-31,3,93160000000,0.290,,,,,1664000000,-0.191,2008000000,-0.196,,1765000000,,120.67,,,,,,,,,,,,,,,,,,,,,,true,false,9,2017-04-01,2017-12-31,-1
2019-02-01,54100,2019-03-31,3,150000000000,0.156,,,,,5000000000,1.831,5500000000,1.561,,4200000000,,287.08,,,,,,,,,,,,,,,,,,,,,,true,true,12,2018-04-01,2019-03-31,0
2019-02-01,54100,2018-03-31,3,,,,,,,,,,,,,,,,,,,,175725000000,88974000000,0.503,,88364000000,,,,,,,,,,,,true,false,12,2017-04-01,2018-03-31,-1
2019-02-01,54100,2018-03-31,3,,,,,,,,,,,,,,,,,,,,,,,,,,,,,80.00,,,,17145211,2514473,,false,false,12,2017-04-01,2018-03-31,-1
2019-02-01,54100,2019-03-31,3,,,,,,,,,,,,,,,,,,,,,,,,,,,,,30.00,,,,,,,false,false,12,2018-04-01,2019-03-31,0
2019-02-01,54100,2019-03-31,3,,,,,,,,,,,,,,,,,,,,,,,,,,,,,70.00,,,,,,,false,true,12,2018-04-01,2019-03-31,0
2019-02-01,54100,2019-03-31,3,,,,,,,,,,,,,,,,,,,,,,,,,,,,,,,,,17145211,2515194,14630373,false,false,9,2018-04-01,2018-12-31,0
2019-02-01,54100,2018-03-31,3,,,,,,,,,,,,,,,,,,,,,,,,,,,,,,,,,,,14631632,false,false,9,2017-04-01,2017-12-31,-1
2019-02-01,54100,2019-03-31,,150000000000,,,,,,5000000000,0.111,5500000000,0.100,,4200000000,,287.08,,,,,,,,,,,,,,,,,,,,,,true,true,12,2018-04-01,2019-03-31,0
2019-02-01,54100,2018-03-31,,129779000000,,,,,,1766000000,,2147000000,,,4935000000,,337.31,,,,,,,,,,,,,,,,,,,,,,true,false,12,2017-04-01,2018-03-31,-1
2019-05-15,54100,2019-03-31,,148355000000,0.143,,,,,4342000000,1.458,5135000000,1.391,,3777000000,,258.18,,0.042,0.026,0.029,,215170000000,90937000000,0.416,6119.24,89522000000,6136000000,-10111000000,10184000000,9221000000,,0.271,,,,,,true,false,12,2018-04-01,2019-03-31,0
2019-05-15,54100,2018-03-31,,129779000000,0.305,,,,,1766000000,-0.244,2147000000,-0.222,,4935000000,,337.31,,0.057,0.013,0.014,,175757000000,88974000000,0.503,6039.63,88364000000,-2459000000,-1628000000,3077000000,3012000000,,0.237,,,,,,true,false,12,2017-04-01,2018-03-31,-1
2019-05-15,54100,2020-03-31,,95000000000,0.290,,,,,2500000000,0.278,3000000000,0.290,,2500000000,,170.88,,,,,,,,,,,,,,,,,,,,,,true,true,6,2019-04-01,2019-09-30,1
2019-05-15,54100,2020-03-31,,190000000000,0.281,,,,,6000000000,0.382,7000000000,0.363,,5500000000,,375.95,,,,,,,,,,,,,,,,0.306,,,,,,true,true,12,2019-04-01,2020-03-31,1
2019-05-15,54100,2019-03-31,,92857000000,0.168,,,,,2739000000,1.993,3467000000,1.471,3966000000,,0.051,271.14,,,,,,148587000000,71342000000,0.480,4876.53,71342000000,,,,,70.00,,,,17145211,2515472,14630249,false,false,12,2018-04-01,2019-03-31,0
2019-05-15,54100,2018-03-31,,79477000000,0.338,,,,,915000000,-0.116,1403000000,-0.045,3773000000,,2.065,257.92,,,,,,136949000000,69352000000,0.506,4740.22,69352000000,,,,,80.00,,,,17145211,2514473,14631458,false,false,12,2017-04-01,2018-03-31,-1
2019-05-15,54100,2020-03-31,,,,,,,,,,,,,,,,,,,,,,,,,,,,,,115.00,,,,,,,false,true,12,2019-04-01,2020-03-31,1
2019-05-15,54100,2019-03-31,,148355000000,0.143,,,,,4342000000,1.458,5135000000,1.391,,3777000000,,258.18,,0.042,0.026,0.029,,215170000000,90937000000,0.416,6119.24,89522000000,6136000000,-9921000000,9994000000,9221000000,,0.271,,,,,,true,false,12,2018-04-01,2019-03-31,0
2019-05-15,54100,2018-03-31,,129779000000,0.305,,,,,1766000000,-0.244,2147000000,-0.222,,4935000000,,337.31,,0.057,0.013,0.014,,175757000000,88974000000,0.503,6039.63,88364000000,-2459000000,-1628000000,3077000000,3012000000,,0.237,,,,,,true,false,12,2017-04-01,2018-03-31,-1
2019-05-15,54100,2020-03-31,,95000000000,0.290,,,,,2500000000,0.278,3000000000,0.290,,2500000000,,170.88,,,,,,,,,,,,,,,,,,,,,,true,true,6,2019-04-01,2019-09-30,1
2019-05-15,54100,2020-03-31,,190000000000,0.281,,,,,6000000000,0.382,7000000000,0.363,,5500000000,,375.95,,,,,,,,,,,,,,,,0.306,,,,,,true,true,12,2019-04-01,2020-03-31,1
2019-05-15,54100,2019-03-31,,92857000000,0.168,,,,,2739000000,1.993,3467000000,1.471,3966000000,,0.051,271.14,,,,,,148587000000,71342000000,0.480,4876.53,71342000000,,,,,70.00,,,,17145211,2515472,14630249,false,false,12,2018-04-01,2019-03-31,0
2019-05-15,54100,2018-03-31,,79477000000,0.338,,,,,915000000,-0.116,1403000000,-0.045,3773000000,,2.065,257.92,,,,,,136949000000,69352000000,0.506,4740.22,69352000000,,,,,80.00,,,,17145211,2514473,14631458,false,false,12,2017-04-01,2018-03-31,-1
2019-05-15,54100,2020-03-31,,,,,,,,,,,,,,,,,,,,,,,,,,,,,,115.00,,,,,,,false,true,12,2019-04-01,2020-03-31,1
2019-08-06,54100,2020-03-31,1,44163000000,0.195,,,,,1442000000,0.250,1854000000,0.242,,1723000000,,117.83,,,,,,215528000000,92050000000,0.420,,90591000000,,,,,,,,,,,,true,false,3,2019-04-01,2019-06-30,0
2019-08-06,54100,2019-03-31,1,36966000000,0.230,,,,,1153000000,0.937,1493000000,0.876,,1196000000,,81.78,,,,,,,,,,,,,,,,,,,,,,true,false,3,2018-04-01,2018-06-30,-1
2019-08-06,54100,2020-03-31,1,95000000000,0.290,,,,,2500000000,0.278,3000000000,0.290,,2500000000,,170.88,,,,,,,,,,,,,,,,,,,,,,true,true,6,2019-04-01,2019-09-30,0
2019-08-06,54100,2020-03-31,1,190000000000,0.281,,,,,6000000000,0.382,7000000000,0.363,,5500000000,,375.95,,,,,,,,,,,,,,,,,,,,,,true,true,12,2019-04-01,2020-03-31,0
2019-08-06,54100,2019-03-31,1,,,,,,,,,,,,,,,,,,,,215170000000,90937000000,0.416,,89522000000,,,,,,,,,,,,true,false,12,2018-04-01,2019-03-31,-1
2019-08-06,54100,2019-03-31,1,,,,,,,,,,,,,,,,,,,,,,,,,,,,,70.00,,,,17145211,2515472,,false,false,12,2018-04-01,2019-03-31,-1
2019-08-06,54100,2020-03-31,1,,,,,,,,,,,,,,,,,,,,,,,,,,,,,115.00,,,,,,,false,true,12,2019-04-01,2020-03-31,0
2019-08-06,54100,2020-03-31,1,,,,,,,,,,,,,,,,,,,,,,,,,,,,,,,,,17145211,2515644,14629650,false,false,3,2019-04-01,2019-06-30,0
2019-08-06,54100,2019-03-31,1,,,,,,,,,,,,,,,,,,,,,,,,,,,,,,,,,,,14630660,false,false,3,2018-04-01,2018-06-30,-1
2019-11-01,54100,2020-03-31,2,87040000000,0.182,,,,,3021000000,0.545,3659000000,0.574,,3046000000,,208.23,,,,,,203404000000,91650000000,0.448,,91185000000,,,,,,,,,,,,true,false,6,2019-04-01,2019-09-30,0
2019-11-01,54100,2019-03-31,2,73649000000,0.246,,,,,1955000000,0.824,2325000000,0.751,,1867000000,,127.65,,,,,,,,,,,,,,,,,,,,,,true,false,6,2018-04-01,2018-09-30,-1
2019-11-01,54100,2020-03-31,2,170000000000,0.146,,,,,7500000000,0.727,8500000000,0.655,,6500000000,,444.31,,,,,,,,,,,,,,,,,,,,,,true,true,12,2019-04-01,2020-03-31,0
2019-11-01,54100,2019-03-31,2,,,,,,,,,,,,,,,,,,,,215170000000,90937000000,0.416,,89522000000,,,,,,,,,,,,true,false,12,2018-04-01,2019-03-31,-1
2019-11-01,54100,2019-03-31,2,,,,,,,,,,,,,,,,,,,,,,,,,,,,,70.00,,,,17145211,2515472,,false,false,12,2018-04-01,2019-03-31,-1
2019-11-01,54100,2020-03-31,2,,,,,,,,,,,,,,,,,,,,,,,,,,,,,55.00,,,,,,,false,false,12,2019-04-01,2020-03-31,0
2019-11-01,54100,2020-03-31,2,,,,,,,,,,,,,,,,,,,,,,,,,,,,,130.00,,,,,,,false,true,12,2019-04-01,2020-03-31,0
2019-11-01,54100,2020-03-31,2,,,,,,,,,,,,,,,,,,,,,,,,,,,,,,,,,17145211,2515828,14629563,false,false,6,2019-04-01,2019-09-30,0
2019-11-01,54100,2019-03-31,2,,,,,,,,,,,,,,,,,,,,,,,,,,,,,,,,,,,14630484,false,false,6,2018-04-01,2018-09-30,-1
2019-11-01,54100,2020-03-31,,170000000000,-0.105,,,,,7500000000,0.250,8500000000,0.214,,6500000000,,444.31,,,,,,,,,,,,,,,,,,,,,,true,true,12,2019-04-01,2020-03-31,0
2019-11-01,54100,2019-03-31,,148355000000,,,,,,4342000000,,5135000000,,,3777000000,,258.18,,,,,,,,,,,,,,,,,,,,,,true,false,12,2018-04-01,2019-03-31,-1
2019-11-01,54100,2020-03-31,,,,,,,,,,,,,,,,,,,,,,,,,,,,,,130.00,,,,,,,false,true,12,2019-04-01,2020-03-31,0
2019-11-01,54100,2020-03-31,,,,,,,,,,,,,,,,,,,,,,,,,,,,,,55.00,,,,,,,false,false,12,2019-04-01,2020-03-31,0
2019-11-01,54100,2019-03-31,,,,,,,,,,,,,,,,,,,,,,,,,,,,,,70.00,,,,,,,false,false,12,2018-04-01,2019-03-31,-1
2020-01-31,54100,2020-03-31,3,127489000000,0.121,,,,,6085000000,0.811,7201000000,0.822,,5749000000,,392.99,,,,,,210273000000,94119000000,0.445,,93649000000,,,,,,,,,,,,true,false,9,2019-04-01,2019-12-31,0
2020-01-31,54100,2019-03-31,3,113764000000,0.221,,,,,3360000000,1.019,3953000000,0.968,,2353000000,,160.89,,,,,,,,,,,,,,,,,,,,,,true,false,9,2018-04-01,2018-12-31,-1
2020-01-31,54100,2020-03-31,3,170000000000,0.146,,,,,9000000000,1.073,10000000000,0.947,,7000000000,,478.50,,,,,,,,,,,,,,,,,,,,,,true,true,12,2019-04-01,2020-03-31,0
2020-01-31,54100,2019-03-31,3,,,,,,,,,,,,,,,,,,,,215170000000,90937000000,0.416,,89522000000,,,,,,,,,,,,true,false,12,2018-04-01,2019-03-31,-1
2020-01-31,54100,2019-03-31,3,,,,,,,,,,,,,,,,,,,,,,,,,,,,,70.00,,,,17145211,2515472,,false,false,12,2018-04-01,2019-03-31,-1
2020-01-31,54100,2020-03-31,3,,,,,,,,,,,,,,,,,,,,,,,,,,,,,55.00,,,,,,,false,false,12,2019-04-01,2020-03-31,0
2020-01-31,54100,2020-03-31,3,,,,,,,,,,,,,,,,,,,,,,,,,,,,,145.00,,,,,,,false,true,12,2019-04-01,2020-03-31,0
2020-01-31,54100,2020-03-31,3,,,,,,,,,,,,,,,,,,,,,,,,,,,,,,,,,17145211,2516219,14629448,false,false,9,2019-04-01,2019-12-31,0
2020-01-31,54100,2019-03-31,3,,,,,,,,,,,,,,,,,,,,,,,,,,,,,,,,,,,14630373,false,false,9,2018-04-01,2018-12-31,-1
2020-01-31,54100,2020-03-31,,170000000000,,,,,,9000000000,0.200,10000000000,0.176,,7000000000,,478.50,,,,,,,,,,,,,,,,,,,,,,true,true,12,2019-04-01,2020-03-31,0
2020-01-31,54100,2019-03-31,,148355000000,,,,,,4342000000,,5135000000,,,3777000000,,258.18,,,,,,,,,,,,,,,,,,,,,,true,false,12,2018-04-01,2019-03-31,-1
2020-01-31,54100,2020-03-31,,,,,,,,,,,,,,,,,,,,,,,,,,,,,,145.00,,,,,,,false,true,12,2019-04-01,2020-03-31,0
2020-01-31,54100,2020-03-31,,,,,,,,,,,,,,,,,,,,,,,,,,,,,,55.00,,,,,,,false,false,12,2019-04-01,2020-03-31,0
2020-01-31,54100,2019-03-31,,,,,,,,,,,,,,,,,,,,,,,,,,,,,,70.00,,,,,,,false,false,12,2018-04-01,2019-03-31,-1
2020-04-28,54100,2020-03-31,,168042000000,0.133,,,,,9125000000,1.101,10529000000,1.050,,7443000000,,508.82,,0.081,0.050,0.054,,202334000000,95373000000,0.469,6486.39,94888000000,16178000000,-5943000000,-4882000000,14572000000,,0.285,,,,,,true,false,12,2019-04-01,2020-03-31,0
2020-04-28,54100,2019-03-31,,148355000000,0.143,,,,,4342000000,1.458,5135000000,1.391,,3777000000,,258.18,,0.042,0.026,0.029,,215170000000,90937000000,0.416,6119.24,89522000000,6136000000,-9921000000,9994000000,9221000000,,0.271,,,,,,true,false,12,2018-04-01,2019-03-31,-1
2020-04-28,54100,2021-03-31,,68000000000,-0.219,,,,,2000000000,-0.338,2500000000,-0.317,,2000000000,,136.72,,,,,,,,,,,,,,,,,,,,,,true,true,6,2020-04-01,2020-09-30,1
2020-04-28,54100,2020-03-31,,80290000000,-0.135,,,,,5909000000,1.157,6860000000,0.978,5029000000,,0.268,343.83,,,,,,147936000000,74359000000,0.503,5083.11,74359000000,,,,,145.00,,,,17145211,2516387,14629315,false,false,12,2019-04-01,2020-03-31,0
2020-04-28,54100,2019-03-31,,92857000000,0.168,,,,,2739000000,1.993,3467000000,1.471,3966000000,,0.051,271.14,,,,,,148587000000,71342000000,0.480,4876.53,71342000000,,,,,70.00,,,,17145211,2515472,14630249,false,false,12,2018-04-01,2019-03-31,-1
2020-04-28,54100,2021-03-31,,,,,,,,,,,,,,,,,,,,,,,,,,,,,,40.00,,,,,,,false,true,12,2020-04-01,2021-03-31,1
2020-07-28,54100,2021-03-31,1,37224000000,-0.157,,,,,2349000000,0.629,2959000000,0.596,,2613000000,,178.65,,,,,,201968000000,96870000000,0.477,,96386000000,,,,,,,,,,,,true,false,3,2020-04-01,2020-06-30,0
2020-07-28,54100,2020-03-31,1,44163000000,0.195,,,,,1442000000,0.250,1854000000,0.242,,1723000000,,117.83,,,,,,,,,,,,,,,,,,,,,,true,false,3,2019-04-01,2019-06-30,-1
2020-07-28,54100,2021-03-31,1,70000000000,-0.196,,,,,3000000000,-0.007,4000000000,0.093,,3000000000,,205.06,,,,,,,,,,,,,,,,,,,,,,true,true,6,2020-04-01,2020-09-30,0
2020-07-28,54100,2021-03-31,1,139000000000,-0.173,,,,,4500000000,-0.507,6000000000,-0.430,,4000000000,,273.41,,,,,,,,,,,,,,,,,,,,,,true,true,12,2020-04-01,2021-03-31,0
2020-07-28,54100,2020-03-31,1,,,,,,,,,,,,,,,,,,,,202334000000,95373000000,0.469,,94888000000,,,,,,,,,,,,true,false,12,2019-04-01,2020-03-31,-1
2020-07-28,54100,2020-03-31,1,,,,,,,,,,,,,,,,,,,,,,,,,,,,,145.00,,,,17145211,2516387,,false,false,12,2019-04-01,2020-03-31,-1
2020-07-28,54100,2021-03-31,1,,,,,,,,,,,,,,,,,,,,,,,,,,,,,80.00,,,,,,,false,true,12,2020-04-01,2021-03-31,0
2020-07-28,54100,2021-03-31,1,,,,,,,,,,,,,,,,,,,,,,,,,,,,,,,,,17145211,2516548,14628781,false,false,3,2020-04-01,2020-06-30,0
2020-07-28,54100,2020-03-31,1,,,,,,,,,,,,,,,,,,,,,,,,,,,,,,,,,,,14629650,false,false,3,2019-04-01,2019-06-30,-1
2020-07-28,54100,2021-03-31,,70000000000,0.029,,,,,3000000000,0.500,4000000000,0.600,3000000000,,0.500,205.08,,,,,,,,,,,,,,,,,,,,,,true,true,6,2020-04-01,2020-09-30,0
2020-07-28,54100,2020-03-31,,87040000000,,,,,,3021000000,,3659000000,,3046000000,,,208.23,,,,,,,,,,,,,,,,,,,,,,true,false,6,2019-04-01,2019-09-30,-1
2020-07-28,54100,2021-03-31,,139000000000,,,,,,4500000000,,6000000000,,,4000000000,,273.44,,,,,,,,,,,,,,,,,,,,,,true,true,12,2020-04-01,2021-03-31,0
2020-07-28,54100,2020-03-31,,168042000000,,,,,,9125000000,,10529000000,,,7443000000,,508.82,,,,,,,,,,,,,,,,,,,,,,true,false,12,2019-04-01,2020-03-31,-1
2020-07-28,54100,2021-03-31,,,,,,,,,,,,,,,,,,,,,,,,,,,,,,80.00,,,,,,,false,true,12,2020-04-01,2021-03-31,0
2020-07-28,54100,2020-03-31,,,,,,,,,,,,,,,,,,,,,,,,,,,,,,145.00,,,,,,,false,false,12,2019-04-01,2020-03-31,-1
2020-11-04,54100,2021-03-31,2,71837000000,-0.175,,,,,3752000000,0.242,5013000000,0.370,,3941000000,,269.44,,,,,,200191000000,98563000000,0.490,,98066000000,,,,,,,,,,,,true,false,6,2020-04-01,2020-09-30,0
2020-11-04,54100,2020-03-31,2,87040000000,0.182,,,,,3021000000,0.545,3659000000,0.574,,3046000000,,208.23,,,,,,,,,,,,,,,,,,,,,,true,false,6,2019-04-01,2019-09-30,-1
2020-11-04,54100,2021-03-31,2,139000000000,-0.173,,,,,4500000000,-0.507,6000000000,-0.430,,4000000000,,273.44,,,,,,,,,,,,,,,,,,,,,,true,true,12,2020-04-01,2021-03-31,0
2020-11-04,54100,2020-03-31,2,,,,,,,,,,,,,,,,,,,,202334000000,95373000000,0.469,,94888000000,,,,,,,,,,,,true,false,12,2019-04-01,2020-03-31,-1
2020-11-04,54100,2020-03-31,2,,,,,,,,,,,,,,,,,,,,,,,,,,,,,145.00,,,,17145211,2516387,,false,false,12,2019-04-01,2020-03-31,-1
2020-11-04,54100,2021-03-31,2,,,,,,,,,,,,,,,,,,,,,,,,,,,,,55.00,,,,,,,false,false,12,2020-04-01,2021-03-31,0
2020-11-04,54100,2021-03-31,2,,,,,,,,,,,,,,,,,,,,,,,,,,,,,80.00,,,,,,,false,true,12,2020-04-01,2021-03-31,0
2020-11-04,54100,2021-03-31,2,,,,,,,,,,,,,,,,,,,,,,,,,,,,,,,,,17145211,2516798,14628664,false,false,6,2020-04-01,2020-09-30,0
2020-11-04,54100,2020-03-31,2,,,,,,,,,,,,,,,,,,,,,,,,,,,,,,,,,,,14629563,false,false,6,2019-04-01,2019-09-30,-1
2021-01-29,54100,2021-03-31,3,111538000000,-0.125,,,,,5144000000,-0.155,6897000000,-0.042,,5285000000,,361.31,,,,,,212030000000,99723000000,0.468,,99205000000,,,,,,,,,,,,true,false,9,2020-04-01,2020-12-31,0
2021-01-29,54100,2020-03-31,3,127489000000,0.121,,,,,6085000000,0.811,7201000000,0.822,,5749000000,,392.99,,,,,,,,,,,,,,,,,,,,,,true,false,9,2019-04-01,2019-12-31,-1
2021-01-29,54100,2021-03-31,3,160000000000,-0.048,,,,,3500000000,-0.616,5500000000,-0.478,,4000000000,,273.44,,,,,,,,,,,,,,,,,,,,,,true,true,12,2020-04-01,2021-03-31,0
2021-01-29,54100,2020-03-31,3,,,,,,,,,,,,,,,,,,,,202334000000,95373000000,0.469,,94888000000,,,,,,,,,,,,true,false,12,2019-04-01,2020-03-31,-1
2021-01-29,54100,2020-03-31,3,,,,,,,,,,,,,,,,,,,,,,,,,,,,,145.00,,,,17145211,2516387,,false,false,12,2019-04-01,2020-03-31,-1
2021-01-29,54100,2021-03-31,3,,,,,,,,,,,,,,,,,,,,,,,,,,,,,55.00,,,,,,,false,false,12,2020-04-01,2021-03-31,0
2021-01-29,54100,2021-03-31,3,,,,,,,,,,,,,,,,,,,,,,,,,,,,,80.00,,,,,,,false,true,12,2020-04-01,2021-03-31,0
2021-01-29,54100,2021-03-31,3,,,,,,,,,,,,,,,,,,,,,,,,,,,,,,,,,17145211,2516905,14628571,false,false,9,2020-04-01,2020-12-31,0
2021-01-29,54100,2020-03-31,3,,,,,,,,,,,,,,,,,,,,,,,,,,,,,,,,,,,14629448,false,false,9,2019-04-01,2019-12-31,-1
2021-01-29,54100,2021-03-31,,160000000000,0.151,,,,,3500000000,-0.222,5500000000,-0.083,,4000000000,,273.44,,,,,,,,,,,,,,,,,,,,,,true,true,12,2020-04-01,2021-03-31,0
2021-01-29,54100,2020-03-31,,168042000000,,,,,,9125000000,,10529000000,,,7443000000,,508.82,,,,,,,,,,,,,,,,,,,,,,true,false,12,2019-04-01,2020-03-31,-1
2021-04-28,54100,2021-03-31,,152785000000,-0.091,,,,,4987000000,-0.453,7490000000,-0.289,,4987000000,,340.97,,0.051,0.036,0.033,,210877000000,100635000000,0.476,6855.54,100283000000,6811000000,-5518000000,-1416000000,14449000000,,0.279,,,,,,true,false,12,2020-04-01,2021-03-31,0
2021-04-28,54100,2020-03-31,,168042000000,0.133,,,,,9125000000,1.101,10529000000,1.050,,7443000000,,508.82,,0.081,0.050,0.054,,202334000000,95373000000,0.469,6486.39,94888000000,16178000000,-5943000000,-4882000000,14572000000,,0.285,,,,,,true,false,12,2019-04-01,2020-03-31,-1
2021-04-28,54100,2022-03-31,,92000000000,0.281,,,,,-500000000,,0,,,0,,,,,,,,,,,,,,,,,,,,,,,,true,true,6,2021-04-01,2021-09-30,1
2021-04-28,54100,2022-03-31,,188000000000,0.230,,,,,1500000000,-0.699,2500000000,-0.666,,1500000000,,102.54,,,,,,,,,,,,,,,,0.293,,,,,,true,true,12,2021-04-01,2022-03-31,1
2021-04-28,54100,2021-03-31,,71922000000,-0.104,,,,,2266000000,-0.616,4859000000,-0.292,3936000000,,-0.217,269.08,,,,,,155037000000,77589000000,0.500,5304.11,77589000000,,,,,95.00,,,,17145211,2517122,14628470,false,false,12,2020-04-01,2021-03-31,0
2021-04-28,54100,2020-03-31,,80290000000,-0.135,,,,,5909000000,1.157,6860000000,0.978,5029000000,,0.268,343.83,,,,,,147936000000,74359000000,0.503,5083.11,74359000000,,,,,145.00,,,,17145211,2516387,14629315,false,false,12,2019-04-01,2020-03-31,-1
2021-04-28,54100,2022-03-31,,,,,,,,,,,,,,,,,,,,,,,,,,,,,,30.00,,,,,,,false,true,12,2021-04-01,2022-03-31,1
2021-07-30,54100,2022-03-31,1,47961000000,0.288,,,,,-536000000,,-37000000,,,91000000,,6.27,,,,,,216805000000,99685000000,0.458,,99321000000,,,,,,,,,,,,true,false,3,2021-04-01,2021-06-30,0
2021-07-30,54100,2021-03-31,1,37224000000,-0.157,,,,,2349000000,0.629,2959000000,0.596,,2613000000,,178.65,,,,,,,,,,,,,,,,,,,,,,true,false,3,2020-04-01,2020-06-30,-1
2021-07-30,54100,2022-03-31,1,97000000000,0.350,,,,,-2000000000,,-1000000000,,,-800000000,,-54.69,,,,,,,,,,,,,,,,,,,,,,true,true,6,2021-04-01,2021-09-30,0
2021-07-30,54100,2022-03-31,1,206000000000,0.348,,,,,500000000,-0.900,1500000000,-0.800,,1000000000,,68.36,,,,,,,,,,,,,,,,,,,,,,true,true,12,2021-04-01,2022-03-31,0
2021-07-30,54100,2021-03-31,1,,,,,,,,,,,,,,,,,,,,210877000000,100635000000,0.476,,100283000000,,,,,,,,,,,,true,false,12,2020-04-01,2021-03-31,-1
2021-07-30,54100,2021-03-31,1,,,,,,,,,,,,,,,,,,,,,,,,,,,,,95.00,,,,17145211,2517122,,false,false,12,2020-04-01,2021-03-31,-1
2021-07-30,54100,2022-03-31,1,,,,,,,,,,,,,,,,,,,,,,,,,,,,,20.00,,,,,,,false,true,12,2021-04-01,2022-03-31,0
2021-07-30,54100,2022-03-31,1,,,,,,,,,,,,,,,,,,,,,,,,,,,,,,,,,17145211,2517205,14628056,false,false,3,2021-04-01,2021-06-30,0
2021-07-30,54100,2021-03-31,1,,,,,,,,,,,,,,,,,,,,,,,,,,,,,,,,,,,14628781,false,false,3,2020-04-01,2020-06-30,-1
2021-07-30,54100,2022-03-31,,97000000000,0.054,,,,,-2000000000,,-1000000000,,-800000000,,,-54.69,,,,,,,,,,,,,,,,,,,,,,true,true,6,2021-04-01,2021-09-30,0
2021-07-30,54100,2021-03-31,,71837000000,,,,,,3752000000,,5013000000,,3941000000,,,269.44,,,,,,,,,,,,,,,,,,,,,,true,false,6,2020-04-01,2020-09-30,-1
2021-07-30,54100,2022-03-31,,206000000000,0.096,,,,,500000000,-0.667,1500000000,-0.400,,1000000000,,68.36,,,,,,,,,,,,,,,,,,,,,,true,true,12,2021-04-01,2022-03-31,0
2021-07-30,54100,2021-03-31,,152785000000,,,,,,4987000000,,7490000000,,,4987000000,,340.97,,,,,,,,,,,,,,,,,,,,,,true,false,12,2020-04-01,2021-03-31,-1
2021-07-30,54100,2022-03-31,,,,,,,,,,,,,,,,,,,,,,,,,,,,,,20.00,,,,,,,false,true,12,2021-04-01,2022-03-31,0
2021-07-30,54100,2021-03-31,,,,,,,,,,,,,,,,,,,,,,,,,,,,,,95.00,,,,,,,false,false,12,2020-04-01,2021-03-31,-1
2021-10-29,54100,2022-03-31,2,96043000000,0.337,,,,,-1849000000,,-844000000,,,-708000000,,-48.42,,,,,,214499000000,99115000000,0.460,,98743000000,,,,,,,,,,,,true,false,6,2021-04-01,2021-09-30,0
2021-10-29,54100,2021-03-31,2,71837000000,-0.175,,,,,3752000000,0.242,5013000000,0.370,,3941000000,,269.44,,,,,,,,,,,,,,,,,,,,,,true,false,6,2020-04-01,2020-09-30,-1
2021-10-29,54100,2022-03-31,2,206000000000,0.348,,,,,-500000000,,1500000000,-0.800,,1000000000,,68.36,,,,,,,,,,,,,,,,,,,,,,true,true,12,2021-04-01,2022-03-31,0
2021-10-29,54100,2021-03-31,2,,,,,,,,,,,,,,,,,,,,210877000000,100635000000,0.476,,100283000000,,,,,,,,,,,,true,false,12,2020-04-01,2021-03-31,-1
2021-10-29,54100,2021-03-31,2,,,,,,,,,,,,,,,,,,,,,,,,,,,,,95.00,,,,17145211,2517122,,false,false,12,2020-04-01,2021-03-31,-1
2021-10-29,54100,2022-03-31,2,,,,,,,,,,,,,,,,,,,,,,,,,,,,,0.00,,,,,,,false,false,12,2021-04-01,2022-03-31,0
2021-10-29,54100,2022-03-31,2,,,,,,,,,,,,,,,,,,,,,,,,,,,,,20.00,,,,,,,false,true,12,2021-04-01,2022-03-31,0
2021-10-29,54100,2022-03-31,2,,,,,,,,,,,,,,,,,,,,,,,,,,,,,,,,,17145211,2517572,14627927,false,false,6,2021-04-01,2021-09-30,0
2021-10-29,54100,2021-03-31,2,,,,,,,,,,,,,,,,,,,,,,,,,,,,,,,,,,,14628664,false,false,6,2020-04-01,2020-09-30,-1
2021-10-29,54100,2022-03-31,,206000000000,,,,,,-500000000,,1500000000,,,1000000000,,68.36,,,,,,,,,,,,,,,,,,,,,,true,true,12,2021-04-01,2022-03-31,0
2021-10-29,54100,2021-03-31,,152785000000,,,,,,4987000000,,7490000000,,,4987000000,,340.97,,,,,,,,,,,,,,,,,,,,,,true,false,12,2020-04-01,2021-03-31,-1
2022-02-01,54100,2022-03-31,3,151181000000,0.355,,,,,-2490000000,,-1170000000,,,-866000000,,-59.21,,,,,,229811000000,98799000000,0.428,,98410000000,,,,,,,,,,,,true,false,9,2021-04-01,2021-12-31,0
2022-02-01,54100,2021-03-31,3,111538000000,-0.125,,,,,5144000000,-0.155,6897000000,-0.042,,5285000000,,361.31,,,,,,,,,,,,,,,,,,,,,,true,false,9,2020-04-01,2020-12-31,-1
2022-02-01,54100,2022-03-31,3,206000000000,0.348,,,,,-2700000000,,-1200000000,,,-1200000000,,-82.04,,,,,,,,,,,,,,,,,,,,,,true,true,12,2021-04-01,2022-03-31,0
2022-02-01,54100,2021-03-31,3,,,,,,,,,,,,,,,,,,,,210877000000,100635000000,0.476,,100283000000,,,,,,,,,,,,true,false,12,2020-04-01,2021-03-31,-1
2022-02-01,54100,2021-03-31,3,,,,,,,,,,,,,,,,,,,,,,,,,,,,,95.00,,,,17145211,2517122,,false,false,12,2020-04-01,2021-03-31,-1
2022-02-01,54100,2022-03-31,3,,,,,,,,,,,,,,,,,,,,,,,,,,,,,0.00,,,,,,,false,false,12,2021-04-01,2022-03-31,0
2022-02-01,54100,2022-03-31,3,,,,,,,,,,,,,,,,,,,,,,,,,,,,,0.00,,,,,,,false,true,12,2021-04-01,2022-03-31,0
2022-02-01,54100,2022-03-31,3,,,,,,,,,,,,,,,,,,,,,,,,,,,,,,,,,17145211,2517659,14627830,false,false,9,2021-04-01,2021-12-31,0
2022-02-01,54100,2021-03-31,3,,,,,,,,,,,,,,,,,,,,,,,,,,,,,,,,,,,14628571,false,false,9,2020-04-01,2020-12-31,-1
2022-02-01,54100,2022-03-31,,206000000000,,,,,,-2700000000,,-1200000000,,,-1200000000,,-82.04,,,,,,,,,,,,,,,,,,,,,,true,true,12,2021-04-01,2022-03-31,0
2022-02-01,54100,2021-03-31,,152785000000,,,,,,4987000000,,7490000000,,,4987000000,,340.97,,,,,,,,,,,,,,,,,,,,,,true,false,12,2020-04-01,2021-03-31,-1
2022-02-01,54100,2022-03-31,,,,,,,,,,,,,,,,,,,,,,,,,,,,,,0.00,,,,,,,false,true,12,2021-04-01,2022-03-31,0
2022-02-01,54100,2022-03-31,,,,,,,,,,,,,,,,,,,,,,,,,,,,,,0.00,,,,,,,false,false,12,2021-04-01,2022-03-31,0
2022-02-01,54100,2021-03-31,,,,,,,,,,,,,,,,,,,,,,,,,,,,,,95.00,,,,,,,false,false,12,2020-04-01,2021-03-31,-1
2022-04-28,54100,2022-03-31,,204201000000,0.337,,,,,-2697000000,,-1252000000,,,-1112000000,,-76.06,,-0.011,-0.006,-0.013,,223377000000,99049000000,0.442,6744.80,98658000000,-2131000000,-5250000000,9536000000,16605000000,,,,,,,,true,false,12,2021-04-01,2022-03-31,0
2022-04-28,54100,2021-03-31,,152785000000,-0.091,,,,,4987000000,-0.453,7490000000,-0.289,,4987000000,,340.97,,0.051,0.036,0.033,,210877000000,100635000000,0.476,6855.54,100283000000,6811000000,-5518000000,-1416000000,14449000000,,0.279,,,,,,true,false,12,2020-04-01,2021-03-31,-1
2022-04-28,54100,2022-03-31,,101583000000,0.412,,,,,-1475000000,,-177000000,,66000000,,-0.983,4.54,,,,,,159402000000,77101000000,0.484,5271.05,77101000000,,,,,0.00,,,,17145211,2517826,14627741,false,false,12,2021-04-01,2022-03-31,0
2022-04-28,54100,2021-03-31,,71922000000,-0.104,,,,,2266000000,-0.616,4859000000,-0.292,3936000000,,-0.217,269.08,,,,,,155037000000,77589000000,0.500,5304.11,77589000000,,,,,95.00,,,,17145211,2517122,14628470,false,false,12,2020-04-01,2021-03-31,-1
2022-08-04,54100,2023-03-31,1,60658000000,0.265,,,,,59000000,,588000000,,,461000000,,31.56,,,,,,230452000000,99182000000,0.429,,98804000000,,,,,,,,,,,,true,false,3,2022-04-01,2022-06-30,0
2022-08-04,54100,2022-03-31,1,47961000000,0.288,,,,,-536000000,,-37000000,,,91000000,,6.27,,,,,,,,,,,,,,,,,,,,,,true,false,3,2021-04-01,2021-06-30,-1
2022-08-04,54100,2023-03-31,1,118000000000,0.229,,,,,2800000000,,3500000000,,,2500000000,,170.91,,,,,,,,,,,,,,,,,,,,,,true,true,6,2022-04-01,2022-09-30,0
2022-08-04,54100,2023-03-31,1,240000000000,0.175,,,,,7000000000,,8000000000,,,5500000000,,376.01,,,,,,,,,,,,,,,,,,,,,,true,true,12,2022-04-01,2023-03-31,0
2022-08-04,54100,2022-03-31,1,,,,,,,,,,,,,,,,,,,,223377000000,99049000000,0.442,,98656000000,,,,,,,,,,,,true,false,12,2021-04-01,2022-03-31,-1
2022-08-04,54100,2022-03-31,1,,,,,,,,,,,,,,,,,,,,,,,,,,,,,0.00,,,,17145211,2517826,,false,false,12,2021-04-01,2022-03-31,-1
2022-08-04,54100,2023-03-31,1,,,,,,,,,,,,,,,,,,,,,,,,,,,,,110.00,,,,,,,false,true,12,2022-04-01,2023-03-31,0
2022-08-04,54100,2023-03-31,1,,,,,,,,,,,,,,,,,,,,,,,,,,,,,,,,,17145211,2518061,14627237,false,false,3,2022-04-01,2022-06-30,0
2022-08-04,54100,2022-03-31,1,,,,,,,,,,,,,,,,,,,,,,,,,,,,,,,,,,,14628056,false,false,3,2021-04-01,2021-06-30,-1
2022-08-04,54100,2023-03-31,,118000000000,,,,,,2800000000,,3500000000,,,2500000000,,170.91,,,,,,,,,,,,,,,,,,,,,,true,true,6,2022-04-01,2022-09-30,0
2022-08-04,54100,2022-03-31,,96043000000,,,,,,-1849000000,,-844000000,,,-708000000,,-48.42,,,,,,,,,,,,,,,,,,,,,,true,false,6,2021-04-01,2021-09-30,-1
2022-08-04,54100,2023-03-31,,240000000000,,,,,,7000000000,,8000000000,,,5500000000,,376.01,,,,,,,,,,,,,,,,,,,,,,true,true,12,2022-04-01,2023-03-31,0
2022-08-04,54100,2022-03-31,,204201000000,,,,,,-2697000000,,-1252000000,,,-1112000000,,-76.06,,,,,,,,,,,,,,,,,,,,,,true,false,12,2021-04-01,2022-03-31,-1
2022-08-04,54100,2023-03-31,,,,,,,,,,,,,,,,,,,,,,,,,,,,,,110.00,,,,,,,false,true,12,2022-04-01,2023-03-31,0
2022-08-04,54100,2022-03-31,,,,,,,,,,,,,,,,,,,,,,,,,,,,,,0.00,,,,,,,false,false,12,2021-04-01,2022-03-31,-1
2022-11-02,54100,2023-03-31,2,116504000000,0.213,,,,,3769000000,,4630000000,,,3453000000,,236.12,,,,,,234944000000,102533000000,0.435,,102140000000,,,,,,,,,,,,true,false,6,2022-04-01,2022-09-30,0
2022-11-02,54100,2022-03-31,2,96043000000,0.337,,,,,-1849000000,,-844000000,,,-708000000,,-48.42,,,,,,,,,,,,,,,,,,,,,,true,false,6,2021-04-01,2021-09-30,-1
2022-11-02,54100,2023-03-31,2,240000000000,0.175,,,,,7500000000,,9000000000,,,6500000000,,444.38,,,,,,,,,,,,,,,,,,,,,,true,true,12,2022-04-01,2023-03-31,0
2022-11-02,54100,2022-03-31,2,,,,,,,,,,,,,,,,,,,,223377000000,99049000000,0.442,,98658000000,,,,,,,,,,,,true,false,12,2021-04-01,2022-03-31,-1
2022-11-02,54100,2022-03-31,2,,,,,,,,,,,,,,,,,,,,,,,,,,,,,0.00,,,,17145211,2517826,,false,false,12,2021-04-01,2022-03-31,-1
2022-11-02,54100,2023-03-31,2,,,,,,,,,,,,,,,,,,,,,,,,,,,,,50.00,,,,,,,false,false,12,2022-04-01,2023-03-31,0
2022-11-02,54100,2023-03-31,2,,,,,,,,,,,,,,,,,,,,,,,,,,,,,120.00,,,,,,,false,true,12,2022-04-01,2023-03-31,0
2022-11-02,54100,2023-03-31,2,,,,,,,,,,,,,,,,,,,,,,,,,,,,,,,,,17145211,2518095,14627190,false,false,6,2022-04-01,2022-09-30,0
2022-11-02,54100,2022-03-31,2,,,,,,,,,,,,,,,,,,,,,,,,,,,,,,,,,,,14627927,false,false,6,2021-04-01,2021-09-30,-1
2023-02-02,54100,2023-03-31,3,177194000000,0.172,,,,,9148000000,,10553000000,,,7761000000,,530.65,,,,,,253676000000,106551000000,0.418,,106157000000,,,,,,,,,,,,true,false,9,2022-04-01,2022-12-31,0
2023-02-02,54100,2022-03-31,3,151181000000,0.355,,,,,-2490000000,,-1170000000,,,-866000000,,-59.21,,,,,,,,,,,,,,,,,,,,,,true,false,9,2021-04-01,2021-12-31,-1
2023-02-02,54100,2023-03-31,3,235000000000,0.151,,,,,12500000000,,14000000000,,,10000000000,,683.67,,,,,,,,,,,,,,,,,,,,,,true,true,12,2022-04-01,2023-03-31,0
2023-02-02,54100,2022-03-31,3,,,,,,,,,,,,,,,,,,,,223377000000,99049000000,0.442,,98658000000,,,,,,,,,,,,true,false,12,2021-04-01,2022-03-31,-1
2023-02-02,54100,2022-03-31,3,,,,,,,,,,,,,,,,,,,,,,,,,,,,,0.00,,,,17145211,2517826,,false,false,12,2021-04-01,2022-03-31,-1
2023-02-02,54100,2023-03-31,3,,,,,,,,,,,,,,,,,,,,,,,,,,,,,50.00,,,,,,,false,false,12,2022-04-01,2023-03-31,0
2023-02-02,54100,2023-03-31,3,,,,,,,,,,,,,,,,,,,,,,,,,,,,,190.00,,,,,,,false,true,12,2022-04-01,2023-03-31,0
2023-02-02,54100,2023-03-31,3,,,,,,,,,,,,,,,,,,,,,,,,,,,,,,,,,17145211,2518349,14627123,false,false,9,2022-04-01,2022-12-31,0
2023-02-02,54100,2022-03-31,3,,,,,,,,,,,,,,,,,,,,,,,,,,,,,,,,,,,14627830,false,false,9,2021-04-01,2021-12-31,-1
2023-02-02,54100,2023-03-31,,235000000000,-0.021,,,,,12500000000,0.667,14000000000,0.556,,10000000000,,683.67,,,,,,,,,,,,,,,,,,,,,,true,true,12,2022-04-01,2023-03-31,0
2023-02-02,54100,2022-03-31,,204201000000,,,,,,-2697000000,,-1252000000,,,-1112000000,,-76.06,,,,,,,,,,,,,,,,,,,,,,true,false,12,2021-04-01,2022-03-31,-1
2023-02-02,54100,2023-03-31,,,,,,,,,,,,,,,,,,,,,,,,,,,,,,190.00,,,,,,,false,true,12,2022-04-01,2023-03-31,0
2023-02-02,54100,2023-03-31,,,,,,,,,,,,,,,,,,,,,,,,,,,,,,50.00,,,,,,,false,false,12,2022-04-01,2023-03-31,0
2023-02-02,54100,2022-03-31,,,,,,,,,,,,,,,,,,,,,,,,,,,,,,0.00,,,,,,,false,false,12,2021-04-01,2022-03-31,-1
2023-04-28,54100,2023-03-31,,235387000000,0.153,,,,,13907000000,,15867000000,,,12508000000,,855.19,,0.119,0.067,0.059,,250003000000,112370000000,0.448,7654.63,111960000000,6708000000,-4864000000,3495000000,21947000000,,0.234,,,,,,true,false,12,2022-04-01,2023-03-31,0
2023-04-28,54100,2022-03-31,,204201000000,0.337,,,,,-2697000000,,-1252000000,,,-1112000000,,-76.06,,-0.011,-0.006,-0.013,,223377000000,99049000000,0.442,6744.80,98658000000,-2131000000,-5250000000,9536000000,16605000000,,,,,,,,true,false,12,2021-04-01,2022-03-31,-1
2023-04-28,54100,2024-03-31,,120000000000,0.030,,,,,5000000000,0.326,6000000000,0.296,,4000000000,,273.48,,,,,,,,,,,,,,,,,,,,,,true,true,6,2023-04-01,2023-09-30,1
2023-04-28,54100,2024-03-31,,240000000000,0.020,,,,,10000000000,-0.281,12000000000,-0.244,,8500000000,,581.14,,,,,,,,,,,,,,,,0.310,,,,,,true,true,12,2023-04-01,2024-03-31,1
2023-04-28,54100,2023-03-31,,114529000000,0.127,,,,,8279000000,,9101000000,,6463000000,,,441.89,,,,,,174776000000,83805000000,0.480,5729.72,83805000000,,,,,200.00,,,,17145211,2518682,14627016,false,false,12,2022-04-01,2023-03-31,0
2023-04-28,54100,2022-03-31,,101583000000,0.412,,,,,-1475000000,,-177000000,,66000000,,-0.983,4.54,,,,,,159402000000,77101000000,0.484,5271.05,77101000000,,,,,0.00,,,,17145211,2517826,14627741,false,false,12,2021-04-01,2022-03-31,-1
2023-04-28,54100,2024-03-31,,,,,,,,,,,,,,,,,,,,,,,,,,,,,,180.00,,,,,,,false,true,12,2023-04-01,2024-03-31,1
2023-04-28,54100,2023-03-31,,235387000000,0.153,,,,,13907000000,,15867000000,,,12508000000,,855.19,,0.119,0.067,0.059,,253552000000,112370000000,0.442,7654.63,111960000000,6708000000,-4864000000,3495000000,21947000000,,0.234,,,,,,true,false,12,2022-04-01,2023-03-31,0
2023-04-28,54100,2022-03-31,,204201000000,0.337,,,,,-2697000000,,-1252000000,,,-1112000000,,-76.06,,-0.011,-0.006,-0.013,,223377000000,99049000000,0.442,6744.80,98658000000,-2131000000,-5250000000,9536000000,16605000000,,,,,,,,true,false,12,2021-04-01,2022-03-31,-1
2023-04-28,54100,2024-03-31,,120000000000,0.030,,,,,5000000000,0.326,6000000000,0.296,,4000000000,,273.48,,,,,,,,,,,,,,,,,,,,,,true,true,6,2023-04-01,2023-09-30,1
2023-04-28,54100,2024-03-31,,240000000000,0.020,,,,,10000000000,-0.281,12000000000,-0.244,,8500000000,,581.14,,,,,,,,,,,,,,,,0.310,,,,,,true,true,12,2023-04-01,2024-03-31,1
2023-04-28,54100,2023-03-31,,114529000000,0.127,,,,,8279000000,,9101000000,,6463000000,,,441.89,,,,,,174776000000,83805000000,0.480,5729.72,83805000000,,,,,200.00,,,,17145211,2518682,14627016,false,false,12,2022-04-01,2023-03-31,0
2023-04-28,54100,2022-03-31,,101583000000,0.412,,,,,-1475000000,,-177000000,,66000000,,-0.983,4.54,,,,,,159402000000,77101000000,0.484,5271.05,77101000000,,,,,0.00,,,,17145211,2517826,14627741,false,false,12,2021-04-01,2022-03-31,-1
2023-04-28,54100,2024-03-31,,,,,,,,,,,,,,,,,,,,,,,,,,,,,,180.00,,,,,,,false,true,12,2023-04-01,2024-03-31,1
2023-08-07,54100,2024-03-31,1,60808000000,0.002,,,,,4896000000,,5706000000,8.704,,4216000000,,288.28,,,,,,256023000000,116355000000,0.453,,115944000000,,,,,,,,,,,,true,false,3,2023-04-01,2023-06-30,0
2023-08-07,54100,2023-03-31,1,60658000000,0.265,,,,,59000000,,588000000,,,461000000,,31.56,,,,,,,,,,,,,,,,,,,,,,true,false,3,2022-04-01,2022-06-30,-1
2023-08-07,54100,2024-03-31,1,115000000000,-0.013,,,,,8000000000,1.122,9000000000,0.944,,6000000000,,410.22,,,,,,,,,,,,,,,,,,,,,,true,true,6,2023-04-01,2023-09-30,0
2023-08-07,54100,2024-03-31,1,230000000000,-0.023,,,,,13000000000,-0.065,15000000000,-0.055,,10500000000,,717.88,,,,,,,,,,,,,,,,,,,,,,true,true,12,2023-04-01,2024-03-31,0
2023-08-07,54100,2023-03-31,1,,,,,,,,,,,,,,,,,,,,253552000000,112370000000,0.442,,111960000000,,,,,,,,,,,,true,false,12,2022-04-01,2023-03-31,-1
2023-08-07,54100,2023-03-31,1,,,,,,,,,,,,,,,,,,,,,,,,,,,,,200.00,,,,17145211,2518682,,false,false,12,2022-04-01,2023-03-31,-1
2023-08-07,54100,2024-03-31,1,,,,,,,,,,,,,,,,,,,,,,,,,,,,,200.00,,,,,,,false,true,12,2023-04-01,2024-03-31,0
2023-08-07,54100,2024-03-31,1,,,,,,,,,,,,,,,,,,,,,,,,,,,,,,,,,17145211,2518889,14626421,false,false,3,2023-04-01,2023-06-30,0
2023-08-07,54100,2023-03-31,1,,,,,,,,,,,,,,,,,,,,,,,,,,,,,,,,,,,14627237,false,false,3,2022-04-01,2022-06-30,-1
2023-08-07,54100,2024-03-31,,115000000000,-0.042,,,,,8000000000,0.600,9000000000,0.500,,6000000000,,410.22,,,,,,,,,,,,,,,,,,,,,,true,true,6,2023-04-01,2023-09-30,0
2023-08-07,54100,2023-03-31,,116504000000,,,,,,3769000000,,4630000000,,,3453000000,,236.12,,,,,,,,,,,,,,,,,,,,,,true,false,6,2022-04-01,2022-09-30,-1
2023-08-07,54100,2024-03-31,,230000000000,-0.042,,,,,13000000000,0.300,15000000000,0.250,,10500000000,,717.88,,,,,,,,,,,,,,,,,,,,,,true,true,12,2023-04-01,2024-03-31,0
2023-08-07,54100,2023-03-31,,235387000000,,,,,,13907000000,,15867000000,,,12508000000,,855.19,,,,,,,,,,,,,,,,,,,,,,true,false,12,2022-04-01,2023-03-31,-1
2023-08-07,54100,2024-03-31,,,,,,,,,,,,,,,,,,,,,,,,,,,,,,200.00,,,,,,,false,true,12,2023-04-01,2024-03-31,0
2023-08-07,54100,2023-03-31,,,,,,,,,,,,,,,,,,,,,,,,,,,,,,200.00,,,,,,,false,false,12,2022-04-01,2023-03-31,-1
2023-11-02,54100,2024-03-31,2,113109000000,-0.029,,,,,9093000000,1.412,10340000000,1.233,,7791000000,,532.73,,,,,,259919000000,120430000000,0.462,,120014000000,,,,,,,,,,,,true,false,6,2023-04-01,2023-09-30,0
2023-11-02,54100,2023-03-31,2,116504000000,0.213,,,,,3769000000,,4630000000,,,3453000000,,236.12,,,,,,,,,,,,,,,,,,,,,,true,false,6,2022-04-01,2022-09-30,-1
2023-11-02,54100,2024-03-31,2,225000000000,-0.044,,,,,14500000000,0.043,16500000000,0.040,,12300000000,,840.97,,,,,,,,,,,,,,,,,,,,,,true,true,12,2023-04-01,2024-03-31,0
2023-11-02,54100,2023-03-31,2,,,,,,,,,,,,,,,,,,,,253552000000,112370000000,0.442,,111960000000,,,,,,,,,,,,true,false,12,2022-04-01,2023-03-31,-1
2023-11-02,54100,2023-03-31,2,,,,,,,,,,,,,,,,,,,,,,,,,,,,,200.00,,,,17145211,2518682,,false,false,12,2022-04-01,2023-03-31,-1
2023-11-02,54100,2024-03-31,2,,,,,,,,,,,,,,,,,,,,,,,,,,,,,140.00,,,,,,,false,false,12,2023-04-01,2024-03-31,0
2023-11-02,54100,2024-03-31,2,,,,,,,,,,,,,,,,,,,,,,,,,,,,,230.00,,,,,,,false,true,12,2023-04-01,2024-03-31,0
2023-11-02,54100,2024-03-31,2,,,,,,,,,,,,,,,,,,,,,,,,,,,,,,,,,17145211,2519327,14626274,false,false,6,2023-04-01,2023-09-30,0
2023-11-02,54100,2023-03-31,2,,,,,,,,,,,,,,,,,,,,,,,,,,,,,,,,,,,14627190,false,false,6,2022-04-01,2022-09-30,-1
2024-02-02,54100,2024-03-31,3,169230000000,-0.045,,,,,13774000000,0.506,15635000000,0.482,,11545000000,,789.37,,,,,,263823000000,122323000000,0.462,,121899000000,,,,,,,,,,,,true,false,9,2023-04-01,2023-12-31,0
2024-02-02,54100,2023-03-31,3,177194000000,0.172,,,,,9148000000,,10553000000,,,7761000000,,530.65,,,,,,,,,,,,,,,,,,,,,,true,false,9,2022-04-01,2022-12-31,-1
2024-02-02,54100,2024-03-31,3,225000000000,-0.044,,,,,17000000000,0.222,19000000000,0.197,,14500000000,,991.42,,,,,,,,,,,,,,,,,,,,,,true,true,12,2023-04-01,2024-03-31,0
2024-02-02,54100,2023-03-31,3,,,,,,,,,,,,,,,,,,,,253552000000,112370000000,0.442,,111960000000,,,,,,,,,,,,true,false,12,2022-04-01,2023-03-31,-1
2024-02-02,54100,2023-03-31,3,,,,,,,,,,,,,,,,,,,,,,,,,,,,,200.00,,,,17145211,2518682,,false,false,12,2022-04-01,2023-03-31,-1
2024-02-02,54100,2024-03-31,3,,,,,,,,,,,,,,,,,,,,,,,,,,,,,140.00,,,,,,,false,false,12,2023-04-01,2024-03-31,0
2024-02-02,54100,2024-03-31,3,,,,,,,,,,,,,,,,,,,,,,,,,,,,,280.00,,,,,,,false,true,12,2023-04-01,2024-03-31,0
2024-02-02,54100,2024-03-31,3,,,,,,,,,,,,,,,,,,,,,,,,,,,,,,,,,17145211,2519651,14626097,false,false,9,2023-04-01,2023-12-31,0
2024-02-02,54100,2023-03-31,3,,,,,,,,,,,,,,,,,,,,,,,,,,,,,,,,,,,14627123,false,false,9,2022-04-01,2022-12-31,-1
,54100,2024-03-31,,,,,,,,,,,,,,,,,,,,,,,,,,,,,,280.00,,,,,,,false,true,12,2023-04-01,2024-03-31,0
,54100,2024-03-31,,,,,,,,,,,,,,,,,,,,,,,,,,,,,,140.00,,,,,,,false,false,12,2023-04-01,2024-03-31,0
,54100,2023-03-31,,,,,,,,,,,,,,,,,,,,,,,,,,,,,,200.00,,,,,,,false,false,12,2022-04-01,2023-03-31,-1
2024-04-26,54100,2024-03-31,,222850000000,-0.053,,,,,17850000000,0.284,20301000000,0.280,,15193000000,,1038.84,,0.127,0.077,0.080,,270813000000,128611000000,0.473,8764.19,128178000000,17839000000,-4943000000,-10458000000,24387000000,,0.270,,,,,,true,false,12,2023-04-01,2024-03-31,0
2024-04-26,54100,2023-03-31,,235387000000,0.153,,,,,13907000000,,15867000000,,,12508000000,,855.19,,0.119,0.067,0.059,,253552000000,112370000000,0.442,7654.63,111960000000,6708000000,-4864000000,3495000000,21947000000,,0.234,,,,,,true,false,12,2022-04-01,2023-03-31,-1
2024-04-26,54100,2025-03-31,,110000000000,-0.027,,,,,6200000000,-0.318,7000000000,-0.323,,5000000000,,341.88,,,,,,,,,,,,,,,,,,,,,,true,true,6,2024-04-01,2024-09-30,1
2024-04-26,54100,2025-03-31,,225000000000,0.010,,,,,14500000000,-0.188,16000000000,-0.212,,11500000000,,786.31,,,,,,,,,,,,,,,,0.305,,,,,,true,true,12,2024-04-01,2025-03-31,1
2024-04-26,54100,2024-03-31,,110401000000,-0.036,,,,,10387000000,0.255,12788000000,0.405,9660000000,,0.495,660.51,,,,,,185835000000,92945000000,0.500,6355.14,92945000000,,,,,280.00,,,,17145211,2519985,14625919,false,false,12,2023-04-01,2024-03-31,0
2024-04-26,54100,2023-03-31,,114529000000,0.127,,,,,8279000000,,9101000000,,6463000000,,,441.89,,,,,,174776000000,83805000000,0.480,5729.72,83805000000,,,,,200.00,,,,17145211,2518682,14627016,false,false,12,2022-04-01,2023-03-31,-1
2024-04-26,54100,2025-03-31,,,,,,,,,,,,,,,,,,,,,,,,,,,,,,240.00,,,,,,,false,true,12,2024-04-01,2025-03-31,1
2024-08-01,54100,2025-03-31,1,53382000000,-0.122,,,,,3316000000,-0.323,4068000000,-0.287,,2825000000,,193.21,,,,,,266509000000,128997000000,0.482,,128567000000,,,,,,,,,,,,true,false,3,2024-04-01,2024-06-30,0
2024-08-01,54100,2024-03-31,1,60808000000,0.002,,,,,4896000000,,5706000000,8.704,,4216000000,,288.28,,,,,,,,,,,,,,,,,,,,,,true,false,3,2023-04-01,2023-06-30,-1
2024-08-01,54100,2025-03-31,1,107000000000,-0.054,,,,,6200000000,-0.318,7000000000,-0.323,,5000000000,,341.88,,,,,,,,,,,,,,,,,,,,,,true,true,6,2024-04-01,2024-09-30,0
2024-08-01,54100,2025-03-31,1,220000000000,-0.013,,,,,14500000000,-0.188,16000000000,-0.212,,11500000000,,786.31,,,,,,,,,,,,,,,,,,,,,,true,true,12,2024-04-01,2025-03-31,0
2024-08-01,54100,2024-03-31,1,,,,,,,,,,,,,,,,,,,,270813000000,128611000000,0.473,,128178000000,,,,,,,,,,,,true,false,12,2023-04-01,2024-03-31,-1
2024-08-01,54100,2024-03-31,1,,,,,,,,,,,,,,,,,,,,,,,,,,,,,280.00,,,,17145211,2519985,,false,false,12,2023-04-01,2024-03-31,-1
2024-08-01,54100,2025-03-31,1,,,,,,,,,,,,,,,,,,,,,,,,,,,,,240.00,,,,,,,false,true,12,2024-04-01,2025-03-31,0
2024-08-01,54100,2025-03-31,1,,,,,,,,,,,,,,,,,,,,,,,,,,,,,,,,,17145211,2520148,14625161,false,false,3,2024-04-01,2024-06-30,0
2024-08-01,54100,2024-03-31,1,,,,,,,,,,,,,,,,,,,,,,,,,,,,,,,,,,,14626421,false,false,3,2023-04-01,2023-06-30,-1
2024-11-01,54100,2025-03-31,2,102383000000,-0.095,,,,,5441000000,-0.402,6573000000,-0.364,,4853000000,,331.83,,,,,,256408000000,129709000000,0.504,,129274000000,,,,,,,,,,,,true,false,6,2024-04-01,2024-09-30,0
2024-11-01,54100,2024-03-31,2,113109000000,-0.029,,,,,9093000000,1.412,10340000000,1.233,,7791000000,,532.73,,,,,,,,,,,,,,,,,,,,,,true,false,6,2023-04-01,2023-09-30,-1
2024-11-01,54100,2025-03-31,2,210000000000,-0.058,,,,,14500000000,-0.188,16000000000,-0.212,,11500000000,,786.31,,,,,,,,,,,,,,,,,,,,,,true,true,12,2024-04-01,2025-03-31,0
2024-11-01,54100,2024-03-31,2,,,,,,,,,,,,,,,,,,,,270813000000,128611000000,0.473,,128178000000,,,,,,,,,,,,true,false,12,2023-04-01,2024-03-31,-1
2024-11-01,54100,2024-03-31,2,,,,,,,,,,,,,,,,,,,,,,,,,,,,,280.00,,,,17145211,2519985,,false,false,12,2023-04-01,2024-03-31,-1
2024-11-01,54100,2025-03-31,2,,,,,,,,,,,,,,,,,,,,,,,,,,,,,100.00,,,,,,,false,false,12,2024-04-01,2025-03-31,0
2024-11-01,54100,2025-03-31,2,,,,,,,,,,,,,,,,,,,,,,,,,,,,,240.00,,,,,,,false,true,12,2024-04-01,2025-03-31,0
2024-11-01,54100,2025-03-31,2,,,,,,,,,,,,,,,,,,,,,,,,,,,,,,,,,17145211,2520319,14625065,false,false,6,2024-04-01,2024-09-30,0
2024-11-01,54100,2024-03-31,2,,,,,,,,,,,,,,,,,,,,,,,,,,,,,,,,,,,14626274,false,false,6,2023-04-01,2023-09-30,-1
2025-02-03,54100,2025-03-31,3,154364000000,-0.088,,,,,9306000000,-0.324,10916000000,-0.302,,7938000000,,542.78,,,,,,267160000000,132024000000,0.493,,131583000000,,,,,,,,,,,,true,false,9,2024-04-01,2024-12-31,0
2025-02-03,54100,2024-03-31,3,169230000000,-0.045,,,,,13774000000,0.506,15635000000,0.482,,11545000000,,789.37,,,,,,,,,,,,,,,,,,,,,,true,false,9,2023-04-01,2023-12-31,-1
2025-02-03,54100,2025-03-31,3,210000000000,-0.058,,,,,14500000000,-0.188,16000000000,-0.212,,11500000000,,786.31,,,,,,,,,,,,,,,,,,,,,,true,true,12,2024-04-01,2025-03-31,0
2025-02-03,54100,2024-03-31,3,,,,,,,,,,,,,,,,,,,,270813000000,128611000000,0.473,,128178000000,,,,,,,,,,,,true,false,12,2023-04-01,2024-03-31,-1
2025-02-03,54100,2024-03-31,3,,,,,,,,,,,,,,,,,,,,,,,,,,,,,280.00,,,,17145211,2519985,,false,false,12,2023-04-01,2024-03-31,-1
2025-02-03,54100,2025-03-31,3,,,,,,,,,,,,,,,,,,,,,,,,,,,,,100.00,,,,,,,false,false,12,2024-04-01,2025-03-31,0
2025-02-03,54100,2025-03-31,3,,,,,,,,,,,,,,,,,,,,,,,,,,,,,240.00,,,,,,,false,true,12,2024-04-01,2025-03-31,0
2025-02-03,54100,2025-03-31,3,,,,,,,,,,,,,,,,,,,,,,,,,,,,,,,,,17145211,2520470,14624983,false,false,9,2024-04-01,2024-12-31,0
2025-02-03,54100,2024-03-31,3,,,,,,,,,,,,,,,,,,,,,,,,,,,,,,,,,,,14626097,false,false,9,2023-04-01,2023-12-31,-1
2025-04-25,54100,2025-03-31,,205199000000,-0.079,,,,,13749000000,-0.230,15422000000,-0.240,,11322000000,,774.19,,0.086,0.059,0.067,,254159000000,134749000000,0.528,9183.10,134299000000,19138000000,-5678000000,-9448000000,28400000000,,0.310,,,,,,true,false,12,2024-04-01,2025-03-31,0
2025-04-25,54100,2024-03-31,,222850000000,-0.053,,,,,17850000000,0.284,20301000000,0.280,,15193000000,,1038.84,,0.127,0.077,0.080,,270813000000,128611000000,0.473,8764.19,128178000000,17839000000,-4943000000,-10458000000,24387000000,,0.270,,,,,,true,false,12,2023-04-01,2024-03-31,-1
2025-04-25,54100,2026-03-31,,100000000000,-0.023,,,,,6000000000,0.103,7000000000,0.065,,4700000000,,321.38,,,,,,,,,,,,,,,,,,,,,,true,true,6,2025-04-01,2025-09-30,1
2025-04-25,54100,2026-03-31,,200000000000,-0.025,,,,,12500000000,-0.091,14000000000,-0.092,,9500000000,,649.59,,,,,,,,,,,,,,,,0.308,,,,,,true,true,12,2025-04-01,2026-03-31,1
2025-04-25,54100,2025-03-31,,96714000000,-0.124,,,,,6223000000,-0.401,9006000000,-0.296,6928000000,,-0.283,473.74,,,,,,180199000000,94914000000,0.527,6490.02,94914000000,,,,,240.00,,,,17145211,2520561,14624917,false,false,12,2024-04-01,2025-03-31,0
2025-04-25,54100,2024-03-31,,110401000000,-0.036,,,,,10387000000,0.255,12788000000,0.405,9660000000,,0.495,660.51,,,,,,185835000000,92945000000,0.500,6355.14,92945000000,,,,,280.00,,,,17145211,2519985,14625919,false,false,12,2023-04-01,2024-03-31,-1
2025-04-25,54100,2026-03-31,,,,,,,,,,,,,,,,,,,,,,,,,,,,,,200.00,,,,,,,false,true,12,2025-04-01,2026-03-31,1
2025-08-01,54100,2026-03-31,1,47903000000,-0.103,,,,,2961000000,-0.107,3690000000,-0.093,,2935000000,,200.75,,,,,,252953000000,135829000000,0.535,,135382000000,,,,,,,,,,,,true,false,3,2025-04-01,2025-06-30,0
2025-08-01,54100,2025-03-31,1,53382000000,-0.122,,,,,3316000000,-0.323,4068000000,-0.287,,2825000000,,193.21,,,,,,,,,,,,,,,,,,,,,,true,false,3,2024-04-01,2024-06-30,-1
2025-08-01,54100,2026-03-31,1,100000000000,-0.023,,,,,6000000000,0.103,7000000000,0.065,,4700000000,,321.38,,,,,,,,,,,,,,,,,,,,,,true,true,6,2025-04-01,2025-09-30,0
2025-08-01,54100,2026-03-31,1,200000000000,-0.025,,,,,12500000000,-0.091,14000000000,-0.092,,9500000000,,649.59,,,,,,,,,,,,,,,,,,,,,,true,true,12,2025-04-01,2026-03-31,0
2025-08-01,54100,2025-03-31,1,,,,,,,,,,,,,,,,,,,,254159000000,134749000000,0.528,,134299000000,,,,,,,,,,,,true,false,12,2024-04-01,2025-03-31,-1
2025-08-01,54100,2025-03-31,1,,,,,,,,,,,,,,,,,,,,,,,,,,,,,240.00,,,,17145211,2520561,,false,false,12,2024-04-01,2025-03-31,-1
2025-08-01,54100,2026-03-31,1,,,,,,,,,,,,,,,,,,,,,,,,,,,,,200.00,,,,,,,false,true,12,2025-04-01,2026-03-31,0
2025-08-01,54100,2026-03-31,1,,,,,,,,,,,,,,,,,,,,,,,,,,,,,,,,,17145211,2520806,14624535,false,false,3,2025-04-01,2025-06-30,0
2025-08-01,54100,2025-03-31,1,,,,,,,,,,,,,,,,,,,,,,,,,,,,,,,,,,,14625161,false,false,3,2024-04-01,2024-06-30,-1
