filing_date,code,fiscal_year_end,quarterly_period,net_sales,net_sales_change,revenue,revenue_change,operating_revenue,operating_revenue_change,operating_profit,operating_profit_change,ordinary_profit,ordinary_profit_change,net_income,net_income_of_parent,net_income_change,eps,diluted_eps,roe,roa,operating_profit_to_net_sales,operating_profit_to_revenue,total_assets,net_assets,equity_ratio,bps,owner_equity,operating_cash_flow,investing_cash_flow,financing_cash_flow,cash,dividend_per_share,payout_ratio,commemorative_dividend,extra_dividend,number_of_shares,number_of_treqsury_shares,avg_number_of_shares,is_consolidated,is_forecast,duration,period_start,period_end,period_pos
2015-07-31,54400,2016-03-31,1,41762000000,-0.073,,,,,3575000000,0.321,3682000000,0.222,,2450000000,,56.36,,,,,,200728000000,139615000000,0.654,,131223000000,,,,,,,,,,,,true,false,3,2015-04-01,2015-06-30,0
2015-07-31,54400,2015-03-31,1,45042000000,0.171,,,,,2706000000,3.484,3014000000,3.532,,1891000000,,43.51,,,,,,,,,,,,,,,,,,,,,,true,false,3,2014-04-01,2014-06-30,-1
2015-07-31,54400,2016-03-31,1,84000000000,-0.078,,,,,6950000000,0.344,7000000000,0.299,,4500000000,,103.55,,,,,,,,,,,,,,,,,,,,,,true,true,6,2015-04-01,2015-09-30,0
2015-07-31,54400,2016-03-31,1,176000000000,-0.030,,,,,11200000000,-0.050,11000000000,-0.119,,6900000000,,158.77,,,,,,,,,,,,,,,,,,,,,,true,true,12,2015-04-01,2016-03-31,0
2015-07-31,54400,2015-03-31,1,,,,,,,,,,,,,,,,,,,,201760000000,138052000000,0.642,,129546000000,,,,,,,,,,,,true,false,12,2014-04-01,2015-03-31,-1
2015-07-31,54400,2015-03-31,1,,,,,,,,,,,,,,,,,,,,,,,,,,,,,35.00,,,,44898730,1439389,,false,false,12,2014-04-01,2015-03-31,-1
2015-07-31,54400,2016-03-31,1,,,,,,,,,,,,,,,,,,,,,,,,,,,,,30.00,,,,,,,false,true,12,2015-04-01,2016-03-31,0
2015-07-31,54400,2016-03-31,1,,,,,,,,,,,,,,,,,,,,,,,,,,,,,,,,,44898730,1439389,43459341,false,false,3,2015-04-01,2015-06-30,0
2015-07-31,54400,2015-03-31,1,,,,,,,,,,,,,,,,,,,,,,,,,,,,,,,,,,,43459419,false,false,3,2014-04-01,2014-06-30,-1
2015-07-31,54400,2016-03-31,,84000000000,-0.012,,,,,6950000000,0.562,7000000000,0.556,4500000000,,0.731,103.55,,,,,,,,,,,,,,,,,,,,,,true,true,6,2015-04-01,2015-09-30,0
2015-07-31,54400,2015-03-31,,91072000000,,,,,,5171000000,,5387000000,,3176000000,,,73.09,,,,,,,,,,,,,,,,,,,,,,true,false,6,2014-04-01,2014-09-30,-1
2015-07-31,54400,2016-03-31,,176000000000,-0.021,,,,,11200000000,0.287,11000000000,0.294,6900000000,,0.380,158.77,,,,,,,,,,,,,,,,,,,,,,true,true,12,2015-04-01,2016-03-31,0
2015-07-31,54400,2015-03-31,,181436000000,,,,,,11796000000,,12488000000,,6923000000,,,159.30,,,,,,,,,,,,,,,,,,,,,,true,false,12,2014-04-01,2015-03-31,-1
2015-10-30,54400,2016-03-31,2,83388000000,-0.084,,,,,7069000000,0.367,7278000000,0.351,,4499000000,,103.52,,,,,,199307000000,141306000000,0.664,,132386000000,,,,,,,,,,,,true,false,6,2015-04-01,2015-09-30,0
2015-10-30,54400,2015-03-31,2,91072000000,0.180,,,,,5171000000,,5387000000,,,3176000000,,73.09,,,,,,,,,,,,,,,,,,,,,,true,false,6,2014-04-01,2014-09-30,-1
2015-10-30,54400,2016-03-31,2,160000000000,-0.118,,,,,12400000000,0.051,12500000000,0.001,,7500000000,,172.58,,,,,,,,,,,,,,,,,,,,,,true,true,12,2015-04-01,2016-03-31,0
2015-10-30,54400,2015-03-31,2,,,,,,,,,,,,,,,,,,,,201760000000,138052000000,0.642,,129546000000,,,,,,,,,,,,true,false,12,2014-04-01,2015-03-31,-1
2015-10-30,54400,2015-03-31,2,,,,,,,,,,,,,,,,,,,,,,,,,,,,,35.00,,,,44898730,1439389,,false,false,12,2014-04-01,2015-03-31,-1
2015-10-30,54400,2016-03-31,2,,,,,,,,,,,,,,,,,,,,,,,,,,,,,10.00,,,,,,,false,false,12,2015-04-01,2016-03-31,0
2015-10-30,54400,2016-03-31,2,,,,,,,,,,,,,,,,,,,,,,,,,,,,,35.00,,,,,,,false,true,12,2015-04-01,2016-03-31,0
2015-10-30,54400,2016-03-31,2,,,,,,,,,,,,,,,,,,,,,,,,,,,,,,,,,44898730,1439455,43459333,false,false,6,2015-04-01,2015-09-30,0
2015-10-30,54400,2015-03-31,2,,,,,,,,,,,,,,,,,,,,,,,,,,,,,,,,,,,43459386,false,false,6,2014-04-01,2014-09-30,-1
2015-10-30,54400,2016-03-31,,160000000000,-0.091,,,,,12400000000,0.107,12500000000,0.136,7500000000,,0.087,172.58,,,,,,,,,,,,,,,,,,,,,,true,true,12,2015-04-01,2016-03-31,0
2015-10-30,54400,2015-03-31,,181436000000,,,,,,11796000000,,12488000000,,6923000000,,,159.30,,,,,,,,,,,,,,,,,,,,,,true,false,12,2014-04-01,2015-03-31,-1
2015-10-30,54400,2016-03-31,,,,,,,,,,,,,,,,,,,,,,,,,,,,,,35.00,,,,,,,false,true,12,2015-04-01,2016-03-31,0
2015-10-30,54400,2016-03-31,,,,,,,,,,,,,,,,,,,,,,,,,,,,,,10.00,,,,,,,false,false,12,2015-04-01,2016-03-31,0
2015-10-30,54400,2015-03-31,,,,,,,,,,,,,,,,,,,,,,,,,,,,,,35.00,,,,,,,false,false,12,2014-04-01,2015-03-31,-1
2016-01-29,54400,2016-03-31,3,122275000000,-0.099,,,,,11071000000,0.335,11381000000,0.290,,6400000000,,147.27,,,,,,204743000000,142332000000,0.655,,134201000000,,,,,,,,,,,,true,false,9,2015-04-01,2015-12-31,0
2016-01-29,54400,2015-03-31,3,135785000000,0.059,,,,,8290000000,8.058,8819000000,6.781,,5245000000,,120.69,,,,,,,,,,,,,,,,,,,,,,true,false,9,2014-04-01,2014-12-31,-1
2016-01-29,54400,2016-03-31,3,163000000000,-0.102,,,,,13800000000,0.170,14000000000,0.121,,8000000000,,184.08,,,,,,,,,,,,,,,,,,,,,,true,true,12,2015-04-01,2016-03-31,0
2016-01-29,54400,2015-03-31,3,,,,,,,,,,,,,,,,,,,,201760000000,138052000000,0.642,,129546000000,,,,,,,,,,,,true,false,12,2014-04-01,2015-03-31,-1
2016-01-29,54400,2015-03-31,3,,,,,,,,,,,,,,,,,,,,,,,,,,,,,35.00,,,,44898730,1439389,,false,false,12,2014-04-01,2015-03-31,-1
2016-01-29,54400,2016-03-31,3,,,,,,,,,,,,,,,,,,,,,,,,,,,,,10.00,,,,,,,false,false,12,2015-04-01,2016-03-31,0
2016-01-29,54400,2016-03-31,3,,,,,,,,,,,,,,,,,,,,,,,,,,,,,45.00,,,,,,,false,true,12,2015-04-01,2016-03-31,0
2016-01-29,54400,2016-03-31,3,,,,,,,,,,,,,,,,,,,,,,,,,,,,,,,,,44898730,1439455,43459314,false,false,9,2015-04-01,2015-12-31,0
2016-01-29,54400,2015-03-31,3,,,,,,,,,,,,,,,,,,,,,,,,,,,,,,,,,,,43459374,false,false,9,2014-04-01,2014-12-31,-1
2016-01-29,54400,2016-03-31,,163000000000,0.019,,,,,13800000000,0.113,14000000000,0.120,8000000000,,0.067,184.08,,,,,,,,,,,,,,,,,,,,,,true,true,12,2015-04-01,2016-03-31,0
2016-01-29,54400,2015-03-31,,181436000000,,,,,,11796000000,,12488000000,,6923000000,,,159.30,,,,,,,,,,,,,,,,,,,,,,true,false,12,2014-04-01,2015-03-31,-1
2016-01-29,54400,2016-03-31,,,,,,,,,,,,,,,,,,,,,,,,,,,,,,45.00,,,,,,,false,true,12,2015-04-01,2016-03-31,0
2016-01-29,54400,2016-03-31,,,,,,,,,,,,,,,,,,,,,,,,,,,,,,10.00,,,,,,,false,false,12,2015-04-01,2016-03-31,0
2016-01-29,54400,2015-03-31,,,,,,,,,,,,,,,,,,,,,,,,,,,,,,35.00,,,,,,,false,false,12,2014-04-01,2015-03-31,-1
2016-04-28,54400,2016-03-31,,160952000000,-0.113,,,,,13792000000,0.169,14161000000,0.134,,8467000000,,194.94,,0.064,0.070,0.086,,200436000000,143089000000,0.673,3115.86,134885000000,17227000000,-10792000000,-1522000000,39596000000,,0.231,,,,,,true,false,12,2015-04-01,2016-03-31,0
2016-04-28,54400,2015-03-31,,181436000000,0.039,,,,,11796000000,3.129,12488000000,2.997,,6923000000,,159.30,,0.055,0.065,0.065,,201760000000,138052000000,0.642,2980.84,129546000000,16665000000,-18934000000,1984000000,34982000000,,0.220,,,,,,true,false,12,2014-04-01,2015-03-31,-1
2016-04-28,54400,2017-03-31,,69000000000,-0.173,,,,,2300000000,-0.675,2000000000,-0.725,,1300000000,,29.93,,,,,,,,,,,,,,,,,,,,,,true,true,6,2016-04-01,2016-09-30,1
2016-04-28,54400,2017-03-31,,142000000000,-0.118,,,,,7500000000,-0.456,7000000000,-0.506,,4500000000,,103.60,,,,,,,,,,,,,,,,0.290,,,,,,true,true,12,2016-04-01,2017-03-31,1
2016-04-28,54400,2016-03-31,,92983000000,-0.189,,,,,10097000000,0.049,10783000000,0.011,5945000000,,-0.063,136.86,,,,,,135954000000,114566000000,0.843,2646.50,114566000000,,,,,45.00,,,,44898730,1608855,43435215,false,false,12,2015-04-01,2016-03-31,0
2016-04-28,54400,2015-03-31,,114596000000,0.059,,,,,9623000000,3.883,10666000000,2.958,6346000000,,,146.03,,,,,,137987000000,110840000000,0.803,2550.43,110840000000,,,,,35.00,,,,44898730,1439389,43459367,false,false,12,2014-04-01,2015-03-31,-1
2016-04-28,54400,2017-03-31,,,,,,,,,,,,,,,,,,,,,,,,,,,,,,30.00,,,,,,,false,true,12,2016-04-01,2017-03-31,1
2016-07-29,54400,2017-03-31,1,36764000000,-0.120,,,,,2584000000,-0.277,2564000000,-0.304,,1592000000,,36.77,,,,,,190162000000,142040000000,0.705,,134120000000,,,,,,,,,,,,true,false,3,2016-04-01,2016-06-30,0
2016-07-29,54400,2016-03-31,1,41762000000,-0.073,,,,,3575000000,0.321,3682000000,0.222,,2450000000,,56.36,,,,,,,,,,,,,,,,,,,,,,true,false,3,2015-04-01,2015-06-30,-1
2016-07-29,54400,2017-03-31,1,72000000000,-0.137,,,,,5200000000,-0.264,5000000000,-0.313,,3000000000,,69.29,,,,,,,,,,,,,,,,,,,,,,true,true,6,2016-04-01,2016-09-30,0
2016-07-29,54400,2017-03-31,1,145000000000,-0.099,,,,,10400000000,-0.246,10000000000,-0.294,,6200000000,,143.21,,,,,,,,,,,,,,,,,,,,,,true,true,12,2016-04-01,2017-03-31,0
2016-07-29,54400,2016-03-31,1,,,,,,,,,,,,,,,,,,,,200436000000,143089000000,0.673,,134885000000,,,,,,,,,,,,true,false,12,2015-04-01,2016-03-31,-1
2016-07-29,54400,2016-03-31,1,,,,,,,,,,,,,,,,,,,,,,,,,,,,,45.00,,,,44898730,1608855,,false,false,12,2015-04-01,2016-03-31,-1
2016-07-29,54400,2017-03-31,1,,,,,,,,,,,,,,,,,,,,,,,,,,,,,30.00,,,,,,,false,true,12,2016-04-01,2017-03-31,0
2016-07-29,54400,2017-03-31,1,,,,,,,,,,,,,,,,,,,,,,,,,,,,,,,,,44898730,1593255,43293213,false,false,3,2016-04-01,2016-06-30,0
2016-07-29,54400,2016-03-31,1,,,,,,,,,,,,,,,,,,,,,,,,,,,,,,,,,,,43459341,false,false,3,2015-04-01,2015-06-30,-1
2016-07-29,54400,2017-03-31,,72000000000,0.043,,,,,5200000000,1.261,5000000000,1.500,3000000000,,1.308,69.29,,,,,,,,,,,,,,,,,,,,,,true,true,6,2016-04-01,2016-09-30,0
2016-07-29,54400,2016-03-31,,83388000000,,,,,,7069000000,,7278000000,,4499000000,,,103.52,,,,,,,,,,,,,,,,,,,,,,true,false,6,2015-04-01,2015-09-30,-1
2016-07-29,54400,2017-03-31,,145000000000,0.021,,,,,10400000000,0.387,10000000000,0.429,6200000000,,0.378,143.21,,,,,,,,,,,,,,,,,,,,,,true,true,12,2016-04-01,2017-03-31,0
2016-07-29,54400,2016-03-31,,160952000000,,,,,,13792000000,,14161000000,,8467000000,,,194.94,,,,,,,,,,,,,,,,,,,,,,true,false,12,2015-04-01,2016-03-31,-1
2016-10-31,54400,2017-03-31,2,71178000000,-0.146,,,,,5294000000,-0.251,5290000000,-0.273,,3082000000,,71.16,,,,,,193470000000,142853000000,0.699,,135319000000,,,,,,,,,,,,true,false,6,2016-04-01,2016-09-30,0
2016-10-31,54400,2016-03-31,2,83388000000,-0.084,,,,,7069000000,0.367,7278000000,0.351,,4499000000,,103.52,,,,,,,,,,,,,,,,,,,,,,true,false,6,2015-04-01,2015-09-30,-1
2016-10-31,54400,2017-03-31,2,142000000000,-0.118,,,,,10100000000,-0.268,10000000000,-0.294,,6200000000,,143.17,,,,,,,,,,,,,,,,,,,,,,true,true,12,2016-04-01,2017-03-31,0
2016-10-31,54400,2016-03-31,2,,,,,,,,,,,,,,,,,,,,200436000000,143089000000,0.673,,134885000000,,,,,,,,,,,,true,false,12,2015-04-01,2016-03-31,-1
2016-10-31,54400,2016-03-31,2,,,,,,,,,,,,,,,,,,,,,,,,,,,,,45.00,,,,44898730,1608855,,false,false,12,2015-04-01,2016-03-31,-1
2016-10-31,54400,2017-03-31,2,,,,,,,,,,,,,,,,,,,,,,,,,,,,,10.00,,,,,,,false,false,12,2016-04-01,2017-03-31,0
2016-10-31,54400,2017-03-31,2,,,,,,,,,,,,,,,,,,,,,,,,,,,,,30.00,,,,,,,false,true,12,2016-04-01,2017-03-31,0
2016-10-31,54400,2017-03-31,2,,,,,,,,,,,,,,,,,,,,,,,,,,,,,,,,,44898730,1575624,43304001,false,false,6,2016-04-01,2016-09-30,0
2016-10-31,54400,2016-03-31,2,,,,,,,,,,,,,,,,,,,,,,,,,,,,,,,,,,,43459333,false,false,6,2015-04-01,2015-09-30,-1
2017-02-10,54400,2017-03-31,3,107067000000,-0.124,,,,,6658000000,-0.399,6697000000,-0.412,,3837000000,,88.58,,,,,,210657000000,143438000000,0.647,,136333000000,,,,,,,,,,,,true,false,9,2016-04-01,2016-12-31,0
2017-02-10,54400,2016-03-31,3,122275000000,-0.099,,,,,11071000000,0.335,11381000000,0.290,,6400000000,,147.27,,,,,,,,,,,,,,,,,,,,,,true,false,9,2015-04-01,2015-12-31,-1
2017-02-10,54400,2017-03-31,3,145000000000,-0.099,,,,,8000000000,-0.420,8000000000,-0.435,,5000000000,,115.44,,,,,,,,,,,,,,,,,,,,,,true,true,12,2016-04-01,2017-03-31,0
2017-02-10,54400,2016-03-31,3,,,,,,,,,,,,,,,,,,,,200436000000,143089000000,0.673,,134885000000,,,,,,,,,,,,true,false,12,2015-04-01,2016-03-31,-1
2017-02-10,54400,2016-03-31,3,,,,,,,,,,,,,,,,,,,,,,,,,,,,,45.00,,,,44898730,1608855,,false,false,12,2015-04-01,2016-03-31,-1
2017-02-10,54400,2017-03-31,3,,,,,,,,,,,,,,,,,,,,,,,,,,,,,10.00,,,,,,,false,false,12,2016-04-01,2017-03-31,0
2017-02-10,54400,2017-03-31,3,,,,,,,,,,,,,,,,,,,,,,,,,,,,,30.00,,,,,,,false,true,12,2016-04-01,2017-03-31,0
2017-02-10,54400,2017-03-31,3,,,,,,,,,,,,,,,,,,,,,,,,,,,,,,,,,44898730,1559353,43311439,false,false,9,2016-04-01,2016-12-31,0
2017-02-10,54400,2016-03-31,3,,,,,,,,,,,,,,,,,,,,,,,,,,,,,,,,,,,43459314,false,false,9,2015-04-01,2015-12-31,-1
2017-02-10,54400,2017-03-31,,145000000000,0.021,,,,,8000000000,-0.208,8000000000,-0.200,5000000000,,-0.194,115.44,,,,,,,,,,,,,,,,,,,,,,true,true,12,2016-04-01,2017-03-31,0
2017-02-10,54400,2016-03-31,,160952000000,,,,,,13792000000,,14161000000,,8467000000,,,194.94,,,,,,,,,,,,,,,,,,,,,,true,false,12,2015-04-01,2016-03-31,-1
2017-04-28,54400,2017-03-31,,145991000000,-0.093,,,,,7971000000,-0.422,7935000000,-0.440,,4783000000,,110.41,,0.035,0.038,0.055,,214341000000,146662000000,0.646,3192.02,138364000000,6889000000,-16016000000,6572000000,36740000000,,0.272,,,,,,true,false,12,2016-04-01,2017-03-31,0
2017-04-28,54400,2016-03-31,,160952000000,-0.113,,,,,13792000000,0.169,14161000000,0.134,,8467000000,,194.94,,0.064,0.070,0.086,,200436000000,143089000000,0.673,3115.86,134885000000,17227000000,-10792000000,-1522000000,39596000000,,0.231,,,,,,true,false,12,2015-04-01,2016-03-31,-1
2017-04-28,54400,2018-03-31,,89000000000,0.250,,,,,2500000000,-0.528,2400000000,-0.546,,1200000000,,27.70,,,,,,,,,,,,,,,,,,,,,,true,true,6,2017-04-01,2017-09-30,1
2017-04-28,54400,2018-03-31,,183000000000,0.254,,,,,7000000000,-0.122,6500000000,-0.181,,4000000000,,92.34,,,,,,,,,,,,,,,,0.325,,,,,,true,true,12,2017-04-01,2018-03-31,1
2017-04-28,54400,2017-03-31,,77282000000,-0.169,,,,,5616000000,-0.444,6385000000,-0.408,4613000000,,-0.224,106.49,,,,,,138996000000,117746000000,0.847,2716.36,117746000000,,,,,30.00,,,,44898730,1551786,43318957,false,false,12,2016-04-01,2017-03-31,0
2017-04-28,54400,2016-03-31,,92983000000,-0.189,,,,,10097000000,0.049,10783000000,0.011,5945000000,,-0.063,136.86,,,,,,135954000000,114566000000,0.843,2646.50,114566000000,,,,,45.00,,,,44898730,1608855,43435215,false,false,12,2015-04-01,2016-03-31,-1
2017-04-28,54400,2018-03-31,,,,,,,,,,,,,,,,,,,,,,,,,,,,,,30.00,,,,,,,false,true,12,2017-04-01,2018-03-31,1
2017-07-31,54400,2018-03-31,1,43251000000,0.176,,,,,1715000000,-0.336,1665000000,-0.350,,1054000000,,24.31,,,,,,218195000000,146779000000,0.636,,138674000000,,,,,,,,,,,,true,false,3,2017-04-01,2017-06-30,0
2017-07-31,54400,2017-03-31,1,36764000000,-0.120,,,,,2584000000,-0.277,2564000000,-0.304,,1592000000,,36.77,,,,,,,,,,,,,,,,,,,,,,true,false,3,2016-04-01,2016-06-30,-1
2017-07-31,54400,2018-03-31,1,86000000000,0.208,,,,,1400000000,-0.736,1300000000,-0.754,,1100000000,,25.37,,,,,,,,,,,,,,,,,,,,,,true,true,6,2017-04-01,2017-09-30,0
2017-07-31,54400,2018-03-31,1,180000000000,0.233,,,,,5900000000,-0.260,5400000000,-0.319,,3900000000,,89.97,,,,,,,,,,,,,,,,,,,,,,true,true,12,2017-04-01,2018-03-31,0
2017-07-31,54400,2017-03-31,1,,,,,,,,,,,,,,,,,,,,214341000000,146662000000,0.646,,138364000000,,,,,,,,,,,,true,false,12,2016-04-01,2017-03-31,-1
2017-07-31,54400,2017-03-31,1,,,,,,,,,,,,,,,,,,,,,,,,,,,,,30.00,,,,44898730,1551786,,false,false,12,2016-04-01,2017-03-31,-1
2017-07-31,54400,2018-03-31,1,,,,,,,,,,,,,,,,,,,,,,,,,,,,,30.00,,,,,,,false,true,12,2017-04-01,2018-03-31,0
2017-07-31,54400,2018-03-31,1,,,,,,,,,,,,,,,,,,,,,,,,,,,,,,,,,44898730,1539486,43350179,false,false,3,2017-04-01,2017-06-30,0
2017-07-31,54400,2017-03-31,1,,,,,,,,,,,,,,,,,,,,,,,,,,,,,,,,,,,43293213,false,false,3,2016-04-01,2016-06-30,-1
2017-07-31,54400,2018-03-31,,86000000000,-0.034,,,,,1400000000,-0.440,1300000000,-0.458,1100000000,,-0.083,25.37,,,,,,,,,,,,,,,,,,,,,,true,true,6,2017-04-01,2017-09-30,0
2017-07-31,54400,2017-03-31,,71178000000,,,,,,5294000000,,5290000000,,3082000000,,,71.16,,,,,,,,,,,,,,,,,,,,,,true,false,6,2016-04-01,2016-09-30,-1
2017-07-31,54400,2018-03-31,,180000000000,-0.016,,,,,5900000000,-0.157,5400000000,-0.169,3900000000,,-0.025,89.97,,,,,,,,,,,,,,,,,,,,,,true,true,12,2017-04-01,2018-03-31,0
2017-07-31,54400,2017-03-31,,145991000000,,,,,,7971000000,,7935000000,,4783000000,,,110.41,,,,,,,,,,,,,,,,,,,,,,true,false,12,2016-04-01,2017-03-31,-1
2017-10-31,54400,2018-03-31,2,86506000000,0.215,,,,,1654000000,-0.688,1411000000,-0.733,,1006000000,,23.20,,,,,,221128000000,146527000000,0.628,,138878000000,,,,,,,,,,,,true,false,6,2017-04-01,2017-09-30,0
2017-10-31,54400,2017-03-31,2,71178000000,-0.146,,,,,5294000000,-0.251,5290000000,-0.273,,3082000000,,71.16,,,,,,,,,,,,,,,,,,,,,,true,false,6,2016-04-01,2016-09-30,-1
2017-10-31,54400,2018-03-31,2,189000000000,0.295,,,,,5200000000,-0.348,4700000000,-0.408,,3000000000,,69.19,,,,,,,,,,,,,,,,,,,,,,true,true,12,2017-04-01,2018-03-31,0
2017-10-31,54400,2017-03-31,2,,,,,,,,,,,,,,,,,,,,214341000000,146662000000,0.646,,138364000000,,,,,,,,,,,,true,false,12,2016-04-01,2017-03-31,-1
2017-10-31,54400,2017-03-31,2,,,,,,,,,,,,,,,,,,,,,,,,,,,,,30.00,,,,44898730,1551786,,false,false,12,2016-04-01,2017-03-31,-1
2017-10-31,54400,2018-03-31,2,,,,,,,,,,,,,,,,,,,,,,,,,,,,,10.00,,,,,,,false,false,12,2017-04-01,2018-03-31,0
2017-10-31,54400,2018-03-31,2,,,,,,,,,,,,,,,,,,,,,,,,,,,,,40.00,,,,,,,false,true,12,2017-04-01,2018-03-31,0
2017-10-31,54400,2018-03-31,2,,,,,,,,,,,,,,,,,,,,,,,,,,,,,,,,,44898730,1521786,43359192,false,false,6,2017-04-01,2017-09-30,0
2017-10-31,54400,2017-03-31,2,,,,,,,,,,,,,,,,,,,,,,,,,,,,,,,,,,,43304001,false,false,6,2016-04-01,2016-09-30,-1
,54400,2018-03-31,,,,,,,,,,,,,,,,,,,,,,,,,,,,,,40.00,,,,,,,false,true,12,2017-04-01,2018-03-31,0
,54400,2018-03-31,,,,,,,,,,,,,,,,,,,,,,,,,,,,,,10.00,,,,,,,false,false,12,2017-04-01,2018-03-31,0
,54400,2017-03-31,,,,,,,,,,,,,,,,,,,,,,,,,,,,,,30.00,,,,,,,false,false,12,2016-04-01,2017-03-31,-1
2018-01-31,54400,2018-03-31,3,137838000000,0.287,,,,,2978000000,-0.553,2619000000,-0.609,,1464000000,,33.76,,,,,,218898000000,147768000000,0.638,,139664000000,,,,,,,,,,,,true,false,9,2017-04-01,2017-12-31,0
2018-01-31,54400,2017-03-31,3,107067000000,-0.124,,,,,6658000000,-0.399,6697000000,-0.412,,3837000000,,88.58,,,,,,,,,,,,,,,,,,,,,,true,false,9,2016-04-01,2016-12-31,-1
2018-01-31,54400,2018-03-31,3,189000000000,0.295,,,,,3400000000,-0.573,3000000000,-0.622,,2700000000,,62.26,,,,,,,,,,,,,,,,,,,,,,true,true,12,2017-04-01,2018-03-31,0
2018-01-31,54400,2017-03-31,3,,,,,,,,,,,,,,,,,,,,214341000000,146662000000,0.646,,138364000000,,,,,,,,,,,,true,false,12,2016-04-01,2017-03-31,-1
2018-01-31,54400,2017-03-31,3,,,,,,,,,,,,,,,,,,,,,,,,,,,,,30.00,,,,44898730,1551786,,false,false,12,2016-04-01,2017-03-31,-1
2018-01-31,54400,2018-03-31,3,,,,,,,,,,,,,,,,,,,,,,,,,,,,,10.00,,,,,,,false,false,12,2017-04-01,2018-03-31,0
2018-01-31,54400,2018-03-31,3,,,,,,,,,,,,,,,,,,,,,,,,,,,,,40.00,,,,,,,false,true,12,2017-04-01,2018-03-31,0
2018-01-31,54400,2018-03-31,3,,,,,,,,,,,,,,,,,,,,,,,,,,,,,,,,,44898730,1504619,43366270,false,false,9,2017-04-01,2017-12-31,0
2018-01-31,54400,2017-03-31,3,,,,,,,,,,,,,,,,,,,,,,,,,,,,,,,,,,,43311439,false,false,9,2016-04-01,2016-12-31,-1
2018-01-31,54400,2018-03-31,,189000000000,0.000,,,,,3400000000,-0.346,3000000000,-0.362,2700000000,,-0.100,62.26,,,,,,,,,,,,,,,,,,,,,,true,true,12,2017-04-01,2018-03-31,0
2018-01-31,54400,2017-03-31,,145991000000,,,,,,7971000000,,7935000000,,4783000000,,,110.41,,,,,,,,,,,,,,,,,,,,,,true,false,12,2016-04-01,2017-03-31,-1
2018-04-27,54400,2018-03-31,,191254000000,0.310,,,,,4259000000,-0.466,4085000000,-0.485,,3483000000,,80.31,,0.025,0.018,0.022,,234557000000,148460000000,0.597,3225.85,140010000000,-8634000000,-7270000000,8527000000,29299000000,,0.498,,,,,,true,false,12,2017-04-01,2018-03-31,0
2018-04-27,54400,2017-03-31,,145991000000,-0.093,,,,,7971000000,-0.422,7935000000,-0.440,,4783000000,,110.41,,0.035,0.038,0.055,,214341000000,146662000000,0.646,3192.02,138364000000,6889000000,-16016000000,6572000000,36740000000,,0.272,,,,,,true,false,12,2016-04-01,2017-03-31,-1
2018-04-27,54400,2019-03-31,,110000000000,0.272,,,,,2300000000,0.390,2000000000,0.417,,1400000000,,32.28,,,,,,,,,,,,,,,,,,,,,,true,true,6,2018-04-01,2018-09-30,1
2018-04-27,54400,2019-03-31,,235000000000,0.229,,,,,6500000000,0.526,6000000000,0.469,,4000000000,,92.22,,,,,,,,,,,,,,,,0.325,,,,,,true,true,12,2018-04-01,2019-03-31,1
2018-04-27,54400,2018-03-31,,90281000000,0.168,,,,,1492000000,-0.734,2164000000,-0.661,2655000000,,-0.425,61.21,,,,,,148214000000,118782000000,0.801,2736.75,118782000000,,,,,40.00,,,,44898730,1496219,43373817,false,false,12,2017-04-01,2018-03-31,0
2018-04-27,54400,2017-03-31,,77282000000,-0.169,,,,,5616000000,-0.444,6385000000,-0.408,4613000000,,-0.224,106.49,,,,,,138996000000,117746000000,0.847,2716.36,117746000000,,,,,30.00,,,,44898730,1551786,43318957,false,false,12,2016-04-01,2017-03-31,-1
2018-04-27,54400,2019-03-31,,,,,,,,,,,,,,,,,,,,,,,,,,,,,,30.00,,,,,,,false,true,12,2018-04-01,2019-03-31,1
2018-07-31,54400,2019-03-31,1,50826000000,0.175,,,,,2179000000,0.271,2139000000,0.285,,1985000000,,45.74,,,,,,252035000000,150616000000,0.554,,139696000000,,,,,,,,,,,,true,false,3,2018-04-01,2018-06-30,0
2018-07-31,54400,2018-03-31,1,43251000000,0.176,,,,,1715000000,-0.336,1665000000,-0.350,,1054000000,,24.31,,,,,,,,,,,,,,,,,,,,,,true,false,3,2017-04-01,2017-06-30,-1
2018-07-31,54400,2019-03-31,1,110000000000,0.272,,,,,3700000000,1.236,3500000000,1.480,,2700000000,,62.20,,,,,,,,,,,,,,,,,,,,,,true,true,6,2018-04-01,2018-09-30,0
2018-07-31,54400,2019-03-31,1,235000000000,0.229,,,,,6500000000,0.526,6000000000,0.469,,4000000000,,92.15,,,,,,,,,,,,,,,,,,,,,,true,true,12,2018-04-01,2019-03-31,0
2018-07-31,54400,2018-03-31,1,,,,,,,,,,,,,,,,,,,,234220000000,148460000000,0.598,,140010000000,,,,,,,,,,,,true,false,12,2017-04-01,2018-03-31,-1
2018-07-31,54400,2018-03-31,1,,,,,,,,,,,,,,,,,,,,,,,,,,,,,40.00,,,,44898730,1496219,,false,false,12,2017-04-01,2018-03-31,-1
2018-07-31,54400,2019-03-31,1,,,,,,,,,,,,,,,,,,,,,,,,,,,,,30.00,,,,,,,false,true,12,2018-04-01,2019-03-31,0
2018-07-31,54400,2019-03-31,1,,,,,,,,,,,,,,,,,,,,,,,,,,,,,,,,,44898730,1484619,43405181,false,false,3,2018-04-01,2018-06-30,0
2018-07-31,54400,2018-03-31,1,,,,,,,,,,,,,,,,,,,,,,,,,,,,,,,,,,,43350179,false,false,3,2017-04-01,2017-06-30,-1
2018-07-31,54400,2019-03-31,,110000000000,0.000,,,,,3700000000,0.609,3500000000,0.750,2700000000,,0.929,62.20,,,,,,,,,,,,,,,,,,,,,,true,true,6,2018-04-01,2018-09-30,0
2018-07-31,54400,2018-03-31,,86506000000,,,,,,1654000000,,1411000000,,1006000000,,,23.20,,,,,,,,,,,,,,,,,,,,,,true,false,6,2017-04-01,2017-09-30,-1
2018-10-31,54400,2019-03-31,2,110718000000,0.280,,,,,4323000000,1.613,3977000000,1.818,,3037000000,,69.96,,,,,,256889000000,152799000000,0.550,,141231000000,,,,,,,,,,,,true,false,6,2018-04-01,2018-09-30,0
2018-10-31,54400,2018-03-31,2,86506000000,0.215,,,,,1654000000,-0.688,1411000000,-0.733,,1006000000,,23.20,,,,,,,,,,,,,,,,,,,,,,true,false,6,2017-04-01,2017-09-30,-1
2018-10-31,54400,2019-03-31,2,235000000000,0.229,,,,,7500000000,0.761,7000000000,0.714,,5000000000,,115.17,,,,,,,,,,,,,,,,,,,,,,true,true,12,2018-04-01,2019-03-31,0
2018-10-31,54400,2018-03-31,2,,,,,,,,,,,,,,,,,,,,234220000000,148460000000,0.598,,140010000000,,,,,,,,,,,,true,false,12,2017-04-01,2018-03-31,-1
2018-10-31,54400,2018-03-31,2,,,,,,,,,,,,,,,,,,,,,,,,,,,,,40.00,,,,44898730,1496219,,false,false,12,2017-04-01,2018-03-31,-1
2018-10-31,54400,2019-03-31,2,,,,,,,,,,,,,,,,,,,,,,,,,,,,,10.00,,,,,,,false,false,12,2018-04-01,2019-03-31,0
2018-10-31,54400,2019-03-31,2,,,,,,,,,,,,,,,,,,,,,,,,,,,,,30.00,,,,,,,false,true,12,2018-04-01,2019-03-31,0
2018-10-31,54400,2019-03-31,2,,,,,,,,,,,,,,,,,,,,,,,,,,,,,,,,,44898730,1471819,43413627,false,false,6,2018-04-01,2018-09-30,0
2018-10-31,54400,2018-03-31,2,,,,,,,,,,,,,,,,,,,,,,,,,,,,,,,,,,,43359192,false,false,6,2017-04-01,2017-09-30,-1
2019-01-31,54400,2019-03-31,3,176488000000,0.280,,,,,6747000000,1.266,5906000000,1.255,,4555000000,,104.90,,,,,,263291000000,153290000000,0.539,,141980000000,,,,,,,,,,,,true,false,9,2018-04-01,2018-12-31,0
2019-01-31,54400,2018-03-31,3,137838000000,0.287,,,,,2978000000,-0.553,2619000000,-0.609,,1464000000,,33.76,,,,,,,,,,,,,,,,,,,,,,true,false,9,2017-04-01,2017-12-31,-1
2019-01-31,54400,2019-03-31,3,240000000000,0.255,,,,,9000000000,1.113,8500000000,1.081,,6000000000,,138.19,,,,,,,,,,,,,,,,,,,,,,true,true,12,2018-04-01,2019-03-31,0
2019-01-31,54400,2018-03-31,3,,,,,,,,,,,,,,,,,,,,234220000000,148460000000,0.598,,140010000000,,,,,,,,,,,,true,false,12,2017-04-01,2018-03-31,-1
2019-01-31,54400,2018-03-31,3,,,,,,,,,,,,,,,,,,,,,,,,,,,,,40.00,,,,44898730,1496219,,false,false,12,2017-04-01,2018-03-31,-1
2019-01-31,54400,2019-03-31,3,,,,,,,,,,,,,,,,,,,,,,,,,,,,,10.00,,,,,,,false,false,12,2018-04-01,2019-03-31,0
2019-01-31,54400,2019-03-31,3,,,,,,,,,,,,,,,,,,,,,,,,,,,,,40.00,,,,,,,false,true,12,2018-04-01,2019-03-31,0
2019-01-31,54400,2019-03-31,3,,,,,,,,,,,,,,,,,,,,,,,,,,,,,,,,,44898730,1464682,43419702,false,false,9,2018-04-01,2018-12-31,0
2019-01-31,54400,2018-03-31,3,,,,,,,,,,,,,,,,,,,,,,,,,,,,,,,,,,,43366270,false,false,9,2017-04-01,2017-12-31,-1
2019-04-26,54400,2019-03-31,,242257000000,0.267,,,,,9200000000,1.160,8646000000,1.117,,6505000000,,149.78,,0.046,0.035,0.038,,261590000000,153781000000,0.548,3299.82,143407000000,4367000000,-19430000000,11081000000,26407000000,,0.267,,,,,,true,false,12,2018-04-01,2019-03-31,0
2019-04-26,54400,2018-03-31,,191254000000,0.310,,,,,4259000000,-0.466,4085000000,-0.485,,3483000000,,80.31,,0.025,0.018,0.022,,234220000000,148460000000,0.598,3225.85,140010000000,-8634000000,-7270000000,8527000000,29299000000,,0.498,,,,,,true,false,12,2017-04-01,2018-03-31,-1
2019-04-26,54400,2020-03-31,,125000000000,0.129,,,,,5200000000,0.203,5000000000,0.257,,3200000000,,73.68,,,,,,,,,,,,,,,,,,,,,,true,true,6,2019-04-01,2019-09-30,1
2019-04-26,54400,2020-03-31,,255000000000,0.053,,,,,11000000000,0.196,10500000000,0.214,,7000000000,,161.18,,,,,,,,,,,,,,,,0.248,,,,,,true,true,12,2019-04-01,2020-03-31,1
2019-04-26,54400,2019-03-31,,109959000000,0.218,,,,,7093000000,3.753,7774000000,2.592,5230000000,,0.970,120.43,,,,,,163743000000,121927000000,0.745,2805.57,121927000000,,,,,40.00,,,,44898730,1439682,43428543,false,false,12,2018-04-01,2019-03-31,0
2019-04-26,54400,2018-03-31,,90281000000,0.168,,,,,1492000000,-0.734,2164000000,-0.661,2655000000,,-0.425,61.21,,,,,,148002000000,118782000000,0.803,2736.75,118782000000,,,,,40.00,,,,44898730,1496219,43373817,false,false,12,2017-04-01,2018-03-31,-1
2019-04-26,54400,2020-03-31,,,,,,,,,,,,,,,,,,,,,,,,,,,,,,40.00,,,,,,,false,true,12,2019-04-01,2020-03-31,1
2019-07-31,54400,2020-03-31,1,62925000000,0.238,,,,,4598000000,1.110,4324000000,1.021,,2863000000,,65.87,,,,,,258908000000,155346000000,0.560,,144888000000,,,,,,,,,,,,true,false,3,2019-04-01,2019-06-30,0
2019-07-31,54400,2019-03-31,1,50826000000,0.175,,,,,2179000000,0.271,2139000000,0.285,,1985000000,,45.74,,,,,,,,,,,,,,,,,,,,,,true,false,3,2018-04-01,2018-06-30,-1
2019-07-31,54400,2020-03-31,1,125000000000,0.129,,,,,9000000000,1.082,8500000000,1.137,,5500000000,,126.56,,,,,,,,,,,,,,,,,,,,,,true,true,6,2019-04-01,2019-09-30,0
2019-07-31,54400,2020-03-31,1,255000000000,0.053,,,,,11000000000,0.196,10500000000,0.214,,7000000000,,161.07,,,,,,,,,,,,,,,,,,,,,,true,true,12,2019-04-01,2020-03-31,0
2019-07-31,54400,2019-03-31,1,,,,,,,,,,,,,,,,,,,,261590000000,153781000000,0.548,,143407000000,,,,,,,,,,,,true,false,12,2018-04-01,2019-03-31,-1
2019-07-31,54400,2019-03-31,1,,,,,,,,,,,,,,,,,,,,,,,,,,,,,40.00,,,,44898730,1439682,,false,false,12,2018-04-01,2019-03-31,-1
2019-07-31,54400,2020-03-31,1,,,,,,,,,,,,,,,,,,,,,,,,,,,,,40.00,,,,,,,false,true,12,2019-04-01,2020-03-31,0
2019-07-31,54400,2020-03-31,1,,,,,,,,,,,,,,,,,,,,,,,,,,,,,,,,,44898730,1439725,43459022,false,false,3,2019-04-01,2019-06-30,0
2019-07-31,54400,2019-03-31,1,,,,,,,,,,,,,,,,,,,,,,,,,,,,,,,,,,,43405181,false,false,3,2018-04-01,2018-06-30,-1
2019-07-31,54400,2020-03-31,,125000000000,0.000,,,,,9000000000,0.731,8500000000,0.700,5500000000,,0.719,126.56,,,,,,,,,,,,,,,,,,,,,,true,true,6,2019-04-01,2019-09-30,0
2019-07-31,54400,2019-03-31,,110718000000,,,,,,4323000000,,3977000000,,3037000000,,,69.96,,,,,,,,,,,,,,,,,,,,,,true,false,6,2018-04-01,2018-09-30,-1
2019-10-31,54400,2020-03-31,2,124023000000,0.120,,,,,10191000000,1.358,9781000000,1.459,,6010000000,,138.29,,,,,,251631000000,157719000000,0.585,,147179000000,,,,,,,,,,,,true,false,6,2019-04-01,2019-09-30,0
2019-10-31,54400,2019-03-31,2,110718000000,0.280,,,,,4323000000,1.613,3977000000,1.818,,3037000000,,69.96,,,,,,,,,,,,,,,,,,,,,,true,false,6,2018-04-01,2018-09-30,-1
2019-10-31,54400,2020-03-31,2,240000000000,-0.009,,,,,16500000000,0.793,16000000000,0.851,,10000000000,,230.10,,,,,,,,,,,,,,,,,,,,,,true,true,12,2019-04-01,2020-03-31,0
2019-10-31,54400,2019-03-31,2,,,,,,,,,,,,,,,,,,,,261590000000,153781000000,0.548,,143407000000,,,,,,,,,,,,true,false,12,2018-04-01,2019-03-31,-1
2019-10-31,54400,2019-03-31,2,,,,,,,,,,,,,,,,,,,,,,,,,,,,,40.00,,,,44898730,1439682,,false,false,12,2018-04-01,2019-03-31,-1
2019-10-31,54400,2020-03-31,2,,,,,,,,,,,,,,,,,,,,,,,,,,,,,10.00,,,,,,,false,false,12,2019-04-01,2020-03-31,0
2019-10-31,54400,2020-03-31,2,,,,,,,,,,,,,,,,,,,,,,,,,,,,,60.00,,,,,,,false,true,12,2019-04-01,2020-03-31,0
2019-10-31,54400,2020-03-31,2,,,,,,,,,,,,,,,,,,,,,,,,,,,,,,,,,44898730,1439725,43459013,false,false,6,2019-04-01,2019-09-30,0
2019-10-31,54400,2019-03-31,2,,,,,,,,,,,,,,,,,,,,,,,,,,,,,,,,,,,43413627,false,false,6,2018-04-01,2018-09-30,-1
2019-10-31,54400,2020-03-31,,240000000000,-0.059,,,,,16500000000,0.500,16000000000,0.524,10000000000,,0.429,230.10,,,,,,,,,,,,,,,,,,,,,,true,true,12,2019-04-01,2020-03-31,0
2019-10-31,54400,2019-03-31,,242257000000,,,,,,9200000000,,8646000000,,6505000000,,,149.78,,,,,,,,,,,,,,,,,,,,,,true,false,12,2018-04-01,2019-03-31,-1
2019-10-31,54400,2020-03-31,,,,,,,,,,,,,,,,,,,,,,,,,,,,,,60.00,,,,,,,false,true,12,2019-04-01,2020-03-31,0
2019-10-31,54400,2020-03-31,,,,,,,,,,,,,,,,,,,,,,,,,,,,,,10.00,,,,,,,false,false,12,2019-04-01,2020-03-31,0
2019-10-31,54400,2019-03-31,,,,,,,,,,,,,,,,,,,,,,,,,,,,,,40.00,,,,,,,false,false,12,2018-04-01,2019-03-31,-1
2020-01-31,54400,2020-03-31,3,183418000000,0.039,,,,,15329000000,1.272,14977000000,1.536,,5514000000,,126.87,,,,,,255781000000,156886000000,0.574,,146702000000,,,,,,,,,,,,true,false,9,2019-04-01,2019-12-31,0
2020-01-31,54400,2019-03-31,3,176488000000,0.280,,,,,6747000000,1.266,5906000000,1.255,,4555000000,,104.90,,,,,,,,,,,,,,,,,,,,,,true,false,9,2018-04-01,2018-12-31,-1
2020-01-31,54400,2020-03-31,3,240000000000,-0.009,,,,,18500000000,1.011,18000000000,1.082,,8000000000,,184.08,,,,,,,,,,,,,,,,,,,,,,true,true,12,2019-04-01,2020-03-31,0
2020-01-31,54400,2019-03-31,3,,,,,,,,,,,,,,,,,,,,261590000000,153781000000,0.548,,143407000000,,,,,,,,,,,,true,false,12,2018-04-01,2019-03-31,-1
2020-01-31,54400,2019-03-31,3,,,,,,,,,,,,,,,,,,,,,,,,,,,,,40.00,,,,44898730,1439682,,false,false,12,2018-04-01,2019-03-31,-1
2020-01-31,54400,2020-03-31,3,,,,,,,,,,,,,,,,,,,,,,,,,,,,,10.00,,,,,,,false,false,12,2019-04-01,2020-03-31,0
2020-01-31,54400,2020-03-31,3,,,,,,,,,,,,,,,,,,,,,,,,,,,,,60.00,,,,,,,false,true,12,2019-04-01,2020-03-31,0
2020-01-31,54400,2020-03-31,3,,,,,,,,,,,,,,,,,,,,,,,,,,,,,,,,,44898730,1439755,43459004,false,false,9,2019-04-01,2019-12-31,0
2020-01-31,54400,2019-03-31,3,,,,,,,,,,,,,,,,,,,,,,,,,,,,,,,,,,,43419702,false,false,9,2018-04-01,2018-12-31,-1
2020-01-31,54400,2020-03-31,,240000000000,0.000,,,,,18500000000,0.121,18000000000,0.125,8000000000,,-0.200,184.08,,,,,,,,,,,,,,,,,,,,,,true,true,12,2019-04-01,2020-03-31,0
2020-01-31,54400,2019-03-31,,242257000000,,,,,,9200000000,,8646000000,,6505000000,,,149.78,,,,,,,,,,,,,,,,,,,,,,true,false,12,2018-04-01,2019-03-31,-1
2020-04-17,54400,2020-03-31,,240000000000,0.000,,,,,19000000000,0.027,18500000000,0.028,12500000000,,0.563,287.63,,,,,,,,,,,,,,,,,,,,,,true,true,12,2019-04-01,2020-03-31,0
2020-04-17,54400,2019-03-31,,242257000000,,,,,,9200000000,,8646000000,,6505000000,,,149.78,,,,,,,,,,,,,,,,,,,,,,true,false,12,2018-04-01,2019-03-31,-1
2020-04-17,54400,2020-03-31,,,,,,,,,,,,,,,,,,,,,,,,,,,,,,75.00,,,,,,,false,true,12,2019-04-01,2020-03-31,0
2020-04-17,54400,2020-03-31,,,,,,,,,,,,,,,,,,,,,,,,,,,,,,10.00,,,,,,,false,false,12,2019-04-01,2020-03-31,0
2020-04-17,54400,2019-03-31,,,,,,,,,,,,,,,,,,,,,,,,,,,,,,40.00,,,,,,,false,false,12,2018-04-01,2019-03-31,-1
2020-05-12,54400,2020-03-31,,239343000000,-0.012,,,,,19404000000,1.109,18954000000,1.192,,11489000000,,264.38,,0.078,0.071,0.081,,273850000000,161581000000,0.552,3479.31,151207000000,33246000000,-19323000000,1697000000,42085000000,,0.284,,,,,,true,false,12,2019-04-01,2020-03-31,0
2020-05-12,54400,2019-03-31,,242257000000,0.267,,,,,9200000000,1.160,8646000000,1.117,,6505000000,,149.78,,0.046,0.035,0.038,,261590000000,153781000000,0.548,3299.82,143407000000,4367000000,-19430000000,11081000000,26407000000,,0.267,,,,,,true,false,12,2018-04-01,2019-03-31,-1
2020-05-12,54400,2021-03-31,,100000000000,-0.194,,,,,5700000000,-0.441,5500000000,-0.438,,3500000000,,80.54,,,,,,,,,,,,,,,,,,,,,,true,true,6,2020-04-01,2020-09-30,1
2020-05-12,54400,2020-03-31,,103002000000,-0.063,,,,,13388000000,0.887,14730000000,0.895,10465000000,,1.001,240.81,,,,,,173859000000,130669000000,0.752,3006.71,130669000000,,,,,75.00,,,,44898730,1439755,43458997,false,false,12,2019-04-01,2020-03-31,0
2020-05-12,54400,2019-03-31,,109959000000,0.218,,,,,7093000000,3.753,7774000000,2.592,5230000000,,0.970,120.43,,,,,,163743000000,121927000000,0.745,2805.57,121927000000,,,,,40.00,,,,44898730,1439682,43428543,false,false,12,2018-04-01,2019-03-31,-1
2020-05-12,54400,2021-03-31,,,,,,,,,,,,,,,,,,,,,,,,,,,,,,15.00,,,,,,,false,true,12,2020-04-01,2021-03-31,1
2020-07-31,54400,2021-03-31,1,49673000000,-0.211,,,,,4112000000,-0.106,4018000000,-0.071,,3122000000,,71.83,,,,,,276316000000,160406000000,0.547,,151045000000,,,,,,,,,,,,true,false,3,2020-04-01,2020-06-30,0
2020-07-31,54400,2020-03-31,1,62925000000,0.238,,,,,4598000000,1.110,4324000000,1.021,,2863000000,,65.87,,,,,,,,,,,,,,,,,,,,,,true,false,3,2019-04-01,2019-06-30,-1
2020-07-31,54400,2021-03-31,1,100000000000,-0.194,,,,,7000000000,-0.313,7000000000,-0.284,,5000000000,,115.05,,,,,,,,,,,,,,,,,,,,,,true,true,6,2020-04-01,2020-09-30,0
2020-07-31,54400,2021-03-31,1,220000000000,-0.081,,,,,10000000000,-0.485,10000000000,-0.472,,6500000000,,149.57,,,,,,,,,,,,,,,,,,,,,,true,true,12,2020-04-01,2021-03-31,0
2020-07-31,54400,2020-03-31,1,,,,,,,,,,,,,,,,,,,,273850000000,161581000000,0.552,,151207000000,,,,,,,,,,,,true,false,12,2019-04-01,2020-03-31,-1
2020-07-31,54400,2020-03-31,1,,,,,,,,,,,,,,,,,,,,,,,,,,,,,75.00,,,,44898730,1439755,,false,false,12,2019-04-01,2020-03-31,-1
2020-07-31,54400,2021-03-31,1,,,,,,,,,,,,,,,,,,,,,,,,,,,,,40.00,,,,,,,false,true,12,2020-04-01,2021-03-31,0
2020-07-31,54400,2021-03-31,1,,,,,,,,,,,,,,,,,,,,,,,,,,,,,,,,,44898730,1439755,43458975,false,false,3,2020-04-01,2020-06-30,0
2020-07-31,54400,2020-03-31,1,,,,,,,,,,,,,,,,,,,,,,,,,,,,,,,,,,,43459022,false,false,3,2019-04-01,2019-06-30,-1
2020-07-31,54400,2021-03-31,,100000000000,0.000,,,,,7000000000,0.228,7000000000,0.273,5000000000,,0.429,115.05,,,,,,,,,,,,,,,,,,,,,,true,true,6,2020-04-01,2020-09-30,0
2020-07-31,54400,2020-03-31,,124023000000,,,,,,10191000000,,9781000000,,6010000000,,,138.29,,,,,,,,,,,,,,,,,,,,,,true,false,6,2019-04-01,2019-09-30,-1
2020-07-31,54400,2021-03-31,,220000000000,,,,,,10000000000,,10000000000,,6500000000,,,149.57,,,,,,,,,,,,,,,,,,,,,,true,true,12,2020-04-01,2021-03-31,0
2020-07-31,54400,2020-03-31,,239343000000,,,,,,19404000000,,18954000000,,11489000000,,,264.38,,,,,,,,,,,,,,,,,,,,,,true,false,12,2019-04-01,2020-03-31,-1
2020-07-31,54400,2021-03-31,,,,,,,,,,,,,,,,,,,,,,,,,,,,,,40.00,,,,,,,false,true,12,2020-04-01,2021-03-31,0
2020-07-31,54400,2020-03-31,,,,,,,,,,,,,,,,,,,,,,,,,,,,,,75.00,,,,,,,false,false,12,2019-04-01,2020-03-31,-1
2020-10-30,54400,2021-03-31,2,105718000000,-0.148,,,,,7955000000,-0.219,8078000000,-0.174,,5878000000,,135.25,,,,,,275515000000,163979000000,0.560,,154297000000,,,,,,,,,,,,true,false,6,2020-04-01,2020-09-30,0
2020-10-30,54400,2020-03-31,2,124023000000,0.120,,,,,10191000000,1.358,9781000000,1.459,,6010000000,,138.29,,,,,,,,,,,,,,,,,,,,,,true,false,6,2019-04-01,2019-09-30,-1
2020-10-30,54400,2021-03-31,2,220000000000,-0.081,,,,,13000000000,-0.330,13000000000,-0.314,,8500000000,,195.59,,,,,,,,,,,,,,,,,,,,,,true,true,12,2020-04-01,2021-03-31,0
2020-10-30,54400,2020-03-31,2,,,,,,,,,,,,,,,,,,,,273850000000,161581000000,0.552,,151207000000,,,,,,,,,,,,true,false,12,2019-04-01,2020-03-31,-1
2020-10-30,54400,2020-03-31,2,,,,,,,,,,,,,,,,,,,,,,,,,,,,,75.00,,,,44898730,1439755,,false,false,12,2019-04-01,2020-03-31,-1
2020-10-30,54400,2021-03-31,2,,,,,,,,,,,,,,,,,,,,,,,,,,,,,15.00,,,,,,,false,false,12,2020-04-01,2021-03-31,0
2020-10-30,54400,2021-03-31,2,,,,,,,,,,,,,,,,,,,,,,,,,,,,,50.00,,,,,,,false,true,12,2020-04-01,2021-03-31,0
2020-10-30,54400,2021-03-31,2,,,,,,,,,,,,,,,,,,,,,,,,,,,,,,,,,44898730,1439755,43458975,false,false,6,2020-04-01,2020-09-30,0
2020-10-30,54400,2020-03-31,2,,,,,,,,,,,,,,,,,,,,,,,,,,,,,,,,,,,43459013,false,false,6,2019-04-01,2019-09-30,-1
2020-10-30,54400,2021-03-31,,220000000000,,,,,,13000000000,0.300,13000000000,0.300,8500000000,,0.308,195.59,,,,,,,,,,,,,,,,,,,,,,true,true,12,2020-04-01,2021-03-31,0
2020-10-30,54400,2020-03-31,,239343000000,,,,,,19404000000,,18954000000,,11489000000,,,264.38,,,,,,,,,,,,,,,,,,,,,,true,false,12,2019-04-01,2020-03-31,-1
2020-10-30,54400,2021-03-31,,,,,,,,,,,,,,,,,,,,,,,,,,,,,,50.00,,,,,,,false,true,12,2020-04-01,2021-03-31,0
2020-10-30,54400,2020-03-31,,,,,,,,,,,,,,,,,,,,,,,,,,,,,,75.00,,,,,,,false,false,12,2019-04-01,2020-03-31,-1
2021-01-29,54400,2021-03-31,3,163550000000,-0.108,,,,,11381000000,-0.258,11577000000,-0.227,,8295000000,,190.86,,,,,,286911000000,165865000000,0.544,,156076000000,,,,,,,,,,,,true,false,9,2020-04-01,2020-12-31,0
2021-01-29,54400,2020-03-31,3,183418000000,0.039,,,,,15329000000,1.272,14977000000,1.536,,5514000000,,126.87,,,,,,,,,,,,,,,,,,,,,,true,false,9,2019-04-01,2019-12-31,-1
2021-01-29,54400,2021-03-31,3,225000000000,-0.060,,,,,11500000000,-0.407,11500000000,-0.393,,7500000000,,172.58,,,,,,,,,,,,,,,,,,,,,,true,true,12,2020-04-01,2021-03-31,0
2021-01-29,54400,2020-03-31,3,,,,,,,,,,,,,,,,,,,,273850000000,161581000000,0.552,,151207000000,,,,,,,,,,,,true,false,12,2019-04-01,2020-03-31,-1
2021-01-29,54400,2020-03-31,3,,,,,,,,,,,,,,,,,,,,,,,,,,,,,75.00,,,,44898730,1439755,,false,false,12,2019-04-01,2020-03-31,-1
2021-01-29,54400,2021-03-31,3,,,,,,,,,,,,,,,,,,,,,,,,,,,,,15.00,,,,,,,false,false,12,2020-04-01,2021-03-31,0
2021-01-29,54400,2021-03-31,3,,,,,,,,,,,,,,,,,,,,,,,,,,,,,50.00,,,,,,,false,true,12,2020-04-01,2021-03-31,0
2021-01-29,54400,2021-03-31,3,,,,,,,,,,,,,,,,,,,,,,,,,,,,,,,,,44898730,1439755,43458975,false,false,9,2020-04-01,2020-12-31,0
2021-01-29,54400,2020-03-31,3,,,,,,,,,,,,,,,,,,,,,,,,,,,,,,,,,,,43459004,false,false,9,2019-04-01,2019-12-31,-1
2021-04-30,54400,2021-03-31,,226371000000,-0.054,,,,,12656000000,-0.348,12935000000,-0.318,,8788000000,,202.22,,0.058,0.047,0.056,,282282000000,164583000000,0.547,3553.45,154429000000,15191000000,-36778000000,5137000000,25351000000,,0.297,,,,,,true,false,12,2020-04-01,2021-03-31,0
2021-04-30,54400,2020-03-31,,239343000000,-0.012,,,,,19404000000,1.109,18954000000,1.192,,7978000000,,183.56,,0.055,0.071,0.081,,269145000000,158044000000,0.549,3397.93,147670000000,33246000000,-19323000000,1697000000,42085000000,,0.409,,,,,,true,false,12,2019-04-01,2020-03-31,-1
2021-04-30,54400,2022-03-31,,125000000000,0.182,,,,,4000000000,-0.497,4000000000,-0.505,,2000000000,,46.02,,,,,,,,,,,,,,,,,,,,,,true,true,6,2021-04-01,2021-09-30,1
2021-04-30,54400,2022-03-31,,260000000000,0.149,,,,,10000000000,-0.210,10000000000,-0.227,,6000000000,,138.06,,,,,,,,,,,,,,,,0.290,,,,,,true,true,12,2021-04-01,2022-03-31,1
2021-04-30,54400,2021-03-31,,94124000000,-0.086,,,,,10164000000,-0.241,11919000000,-0.191,3347000000,,-0.680,77.03,,,,,,175027000000,130719000000,0.747,3007.86,130719000000,,,,,60.00,,,,44898730,1439755,43458975,false,false,12,2020-04-01,2021-03-31,0
2021-04-30,54400,2020-03-31,,103002000000,-0.063,,,,,13388000000,0.887,14730000000,0.895,10465000000,,1.001,240.81,,,,,,173859000000,130669000000,0.752,3006.71,130669000000,,,,,75.00,,,,44898730,1439755,43458997,false,false,12,2019-04-01,2020-03-31,-1
2021-04-30,54400,2022-03-31,,,,,,,,,,,,,,,,,,,,,,,,,,,,,,40.00,,,,,,,false,true,12,2021-04-01,2022-03-31,1
2021-07-30,54400,2022-03-31,1,64923000000,0.307,,,,,2185000000,-0.471,2575000000,-0.362,,1308000000,,30.09,,,,,,307812000000,167689000000,0.507,,156061000000,,,,,,,,,,,,true,false,3,2021-04-01,2021-06-30,0
2021-07-30,54400,2021-03-31,1,49673000000,-0.211,,,,,4133000000,-0.101,4038000000,-0.066,,3142000000,,72.29,,,,,,,,,,,,,,,,,,,,,,true,false,3,2020-04-01,2020-06-30,-1
2021-07-30,54400,2022-03-31,1,140000000000,0.324,,,,,5000000000,-0.362,5000000000,-0.371,,2500000000,,57.53,,,,,,,,,,,,,,,,,,,,,,true,true,6,2021-04-01,2021-09-30,0
2021-07-30,54400,2022-03-31,1,300000000000,0.325,,,,,10000000000,-0.210,10000000000,-0.227,,6000000000,,138.06,,,,,,,,,,,,,,,,,,,,,,true,true,12,2021-04-01,2022-03-31,0
2021-07-30,54400,2021-03-31,1,,,,,,,,,,,,,,,,,,,,282282000000,164583000000,0.547,,154429000000,,,,,,,,,,,,true,false,12,2020-04-01,2021-03-31,-1
2021-07-30,54400,2021-03-31,1,,,,,,,,,,,,,,,,,,,,,,,,,,,,,60.00,,,,44898730,1439755,,false,false,12,2020-04-01,2021-03-31,-1
2021-07-30,54400,2022-03-31,1,,,,,,,,,,,,,,,,,,,,,,,,,,,,,40.00,,,,,,,false,true,12,2021-04-01,2022-03-31,0
2021-07-30,54400,2022-03-31,1,,,,,,,,,,,,,,,,,,,,,,,,,,,,,,,,,44898730,1439755,43458975,false,false,3,2021-04-01,2021-06-30,0
2021-07-30,54400,2021-03-31,1,,,,,,,,,,,,,,,,,,,,,,,,,,,,,,,,,,,43458975,false,false,3,2020-04-01,2020-06-30,-1
2021-07-30,54400,2022-03-31,,140000000000,0.120,,,,,5000000000,0.250,5000000000,0.250,2500000000,,0.250,57.53,,,,,,,,,,,,,,,,,,,,,,true,true,6,2021-04-01,2021-09-30,0
2021-07-30,54400,2021-03-31,,105718000000,,,,,,7838000000,,7954000000,,5754000000,,,132.40,,,,,,,,,,,,,,,,,,,,,,true,false,6,2020-04-01,2020-09-30,-1
2021-07-30,54400,2022-03-31,,300000000000,0.154,,,,,10000000000,0.000,10000000000,0.000,6000000000,,0.000,138.06,,,,,,,,,,,,,,,,,,,,,,true,true,12,2021-04-01,2022-03-31,0
2021-07-30,54400,2021-03-31,,226371000000,,,,,,12656000000,,12935000000,,8788000000,,,202.22,,,,,,,,,,,,,,,,,,,,,,true,false,12,2020-04-01,2021-03-31,-1
2021-10-29,5440,2022-03-31,2,142203000000,0.345,,,,,5599000000,-0.286,6645000000,-0.165,,3388000000,,77.97,,,,,,307064000000,170829000000,0.516,,158347000000,,,,,,,,,,,,true,false,6,2021-04-01,2021-09-30,0
2021-10-29,5440,2021-03-31,2,105718000000,-0.148,,,,,7838000000,-0.231,7954000000,-0.187,,5754000000,,132.40,,,,,,,,,,,,,,,,,,,,,,true,false,6,2020-04-01,2020-09-30,-1
2021-10-29,5440,2022-03-31,2,290000000000,0.281,,,,,8000000000,-0.368,10000000000,-0.227,,6000000000,,138.06,,,,,,,,,,,,,,,,,,,,,,true,true,12,2021-04-01,2022-03-31,0
2021-10-29,5440,2021-03-31,2,,,,,,,,,,,,,,,,,,,,282282000000,164583000000,0.547,,154429000000,,,,,,,,,,,,true,false,12,2020-04-01,2021-03-31,-1
2021-10-29,5440,2021-03-31,2,,,,,,,,,,,,,,,,,,,,,,,,,,,,,60.00,,,,44898730,1439755,,false,false,12,2020-04-01,2021-03-31,-1
2021-10-29,5440,2022-03-31,2,,,,,,,,,,,,,,,,,,,,,,,,,,,,,15.00,,,,,,,false,false,12,2021-04-01,2022-03-31,0
2021-10-29,5440,2022-03-31,2,,,,,,,,,,,,,,,,,,,,,,,,,,,,,40.00,,,,,,,false,true,12,2021-04-01,2022-03-31,0
2021-10-29,5440,2022-03-31,2,,,,,,,,,,,,,,,,,,,,,,,,,,,,,,,,,44898730,1439755,43458975,false,false,6,2021-04-01,2021-09-30,0
2021-10-29,5440,2021-03-31,2,,,,,,,,,,,,,,,,,,,,,,,,,,,,,,,,,,,43458975,false,false,6,2020-04-01,2020-09-30,-1
2021-10-29,54400,2022-03-31,,290000000000,-0.033,,,,,8000000000,-0.200,10000000000,0.000,6000000000,,0.000,138.06,,,,,,,,,,,,,,,,,,,,,,true,true,12,2021-04-01,2022-03-31,0
2021-10-29,54400,2021-03-31,,226371000000,,,,,,12656000000,,12935000000,,8788000000,,,202.22,,,,,,,,,,,,,,,,,,,,,,true,false,12,2020-04-01,2021-03-31,-1
2022-01-31,5440,2022-03-31,3,210018000000,0.284,,,,,6846000000,-0.393,8277000000,-0.278,,4550000000,,104.69,,,,,,316180000000,171235000000,0.502,,158848000000,,,,,,,,,,,,true,false,9,2021-04-01,2021-12-31,0
2022-01-31,5440,2021-03-31,3,163550000000,-0.108,,,,,11281000000,-0.264,11462000000,-0.235,,8180000000,,188.23,,,,,,,,,,,,,,,,,,,,,,true,false,9,2020-04-01,2020-12-31,-1
2022-01-31,5440,2022-03-31,3,290000000000,0.281,,,,,8000000000,-0.368,10000000000,-0.227,,6000000000,,138.06,,,,,,,,,,,,,,,,,,,,,,true,true,12,2021-04-01,2022-03-31,0
2022-01-31,5440,2021-03-31,3,,,,,,,,,,,,,,,,,,,,282282000000,164583000000,0.547,,154429000000,,,,,,,,,,,,true,false,12,2020-04-01,2021-03-31,-1
2022-01-31,5440,2021-03-31,3,,,,,,,,,,,,,,,,,,,,,,,,,,,,,60.00,,,,44898730,1439755,,false,false,12,2020-04-01,2021-03-31,-1
2022-01-31,5440,2022-03-31,3,,,,,,,,,,,,,,,,,,,,,,,,,,,,,15.00,,,,,,,false,false,12,2021-04-01,2022-03-31,0
2022-01-31,5440,2022-03-31,3,,,,,,,,,,,,,,,,,,,,,,,,,,,,,40.00,,,,,,,false,true,12,2021-04-01,2022-03-31,0
2022-01-31,5440,2022-03-31,3,,,,,,,,,,,,,,,,,,,,,,,,,,,,,,,,,44898730,1439755,43458975,false,false,9,2021-04-01,2021-12-31,0
2022-01-31,5440,2021-03-31,3,,,,,,,,,,,,,,,,,,,,,,,,,,,,,,,,,,,43458975,false,false,9,2020-04-01,2020-12-31,-1
2022-04-28,5440,2022-03-31,,292719000000,0.293,,,,,8819000000,-0.303,10549000000,-0.184,,6322000000,,145.48,,0.040,0.035,0.030,,314203000000,175689000000,0.519,3749.63,162955000000,-14412000000,6933000000,8217000000,27210000000,,0.275,,,,,,true,false,12,2021-04-01,2022-03-31,0
2022-04-28,5440,2021-03-31,,226371000000,-0.054,,,,,12656000000,-0.348,12935000000,-0.318,,8788000000,,202.22,,0.058,0.047,0.056,,282282000000,164583000000,0.547,3553.45,154429000000,15191000000,-36778000000,5137000000,25351000000,,0.297,,,,,,true,false,12,2020-04-01,2021-03-31,-1
2022-04-28,5440,2023-03-31,,183000000000,0.287,,,,,3000000000,-0.464,3000000000,-0.549,,1700000000,,39.12,,,,,,,,,,,,,,,,,,,,,,true,true,6,2022-04-01,2022-09-30,1
2022-04-28,5440,2023-03-31,,380000000000,0.298,,,,,10500000000,0.191,11000000000,0.043,,6500000000,,149.57,,,,,,,,,,,,,,,,0.301,,,,,,true,true,12,2022-04-01,2023-03-31,1
2022-04-28,5440,2022-03-31,,118649000000,0.261,,,,,2369000000,-0.767,3283000000,-0.725,2421000000,,-0.277,55.71,,,,,,181819000000,130243000000,0.716,2996.91,130243000000,,,,,40.00,,,,44898730,1439755,43458975,false,false,12,2021-04-01,2022-03-31,0
2022-04-28,5440,2021-03-31,,94124000000,-0.086,,,,,10164000000,-0.241,11919000000,-0.191,3347000000,,-0.680,77.03,,,,,,175027000000,130719000000,0.747,3007.86,130719000000,,,,,60.00,,,,44898730,1439755,43458975,false,false,12,2020-04-01,2021-03-31,-1
2022-04-28,5440,2023-03-31,,,,,,,,,,,,,,,,,,,,,,,,,,,,,,45.00,,,,,,,false,true,12,2022-04-01,2023-03-31,1
2022-04-28,5440,2022-03-31,,292719000000,0.293,,,,,8819000000,-0.303,10549000000,-0.184,,6322000000,,145.48,,0.040,0.035,0.030,,314203000000,175689000000,0.519,3749.63,162955000000,-13697000000,6933000000,7339000000,27210000000,,0.275,,,,,,true,false,12,2021-04-01,2022-03-31,0
2022-04-28,5440,2021-03-31,,226371000000,-0.054,,,,,12656000000,-0.348,12935000000,-0.318,,8788000000,,202.22,,0.058,0.047,0.056,,282282000000,164583000000,0.547,3553.45,154429000000,15191000000,-36778000000,5137000000,25351000000,,0.297,,,,,,true,false,12,2020-04-01,2021-03-31,-1
2022-04-28,5440,2023-03-31,,183000000000,0.287,,,,,3000000000,-0.464,3000000000,-0.549,,1700000000,,39.12,,,,,,,,,,,,,,,,,,,,,,true,true,6,2022-04-01,2022-09-30,1
2022-04-28,5440,2023-03-31,,380000000000,0.298,,,,,10500000000,0.191,11000000000,0.043,,6500000000,,149.57,,,,,,,,,,,,,,,,0.301,,,,,,true,true,12,2022-04-01,2023-03-31,1
2022-04-28,5440,2022-03-31,,118649000000,0.261,,,,,2369000000,-0.767,3283000000,-0.725,2421000000,,-0.277,55.71,,,,,,181819000000,130243000000,0.716,2996.91,130243000000,,,,,40.00,,,,44898730,1439755,43458975,false,false,12,2021-04-01,2022-03-31,0
2022-04-28,5440,2021-03-31,,94124000000,-0.086,,,,,10164000000,-0.241,11919000000,-0.191,3347000000,,-0.680,77.03,,,,,,175027000000,130719000000,0.747,3007.86,130719000000,,,,,60.00,,,,44898730,1439755,43458975,false,false,12,2020-04-01,2021-03-31,-1
2022-04-28,5440,2023-03-31,,,,,,,,,,,,,,,,,,,,,,,,,,,,,,45.00,,,,,,,false,true,12,2022-04-01,2023-03-31,1
2022-07-29,5440,2023-03-31,1,91060000000,0.403,,,,,3029000000,0.386,3302000000,0.282,,2049000000,,47.14,,,,,,334826000000,178306000000,0.494,,165373000000,,,,,,,,,,,,true,false,3,2022-04-01,2022-06-30,0
2022-07-29,5440,2022-03-31,1,64923000000,0.307,,,,,2185000000,-0.471,2575000000,-0.362,,1308000000,,30.09,,,,,,,,,,,,,,,,,,,,,,true,false,3,2021-04-01,2021-06-30,-1
2022-07-29,5440,2023-03-31,1,182000000000,0.280,,,,,6000000000,0.072,5700000000,-0.142,,4000000000,,92.04,,,,,,,,,,,,,,,,,,,,,,true,true,6,2022-04-01,2022-09-30,0
2022-07-29,5440,2023-03-31,1,384000000000,0.312,,,,,13500000000,0.531,12500000000,0.185,,8000000000,,184.08,,,,,,,,,,,,,,,,,,,,,,true,true,12,2022-04-01,2023-03-31,0
2022-07-29,5440,2022-03-31,1,,,,,,,,,,,,,,,,,,,,314203000000,175689000000,0.519,,162955000000,,,,,,,,,,,,true,false,12,2021-04-01,2022-03-31,-1
2022-07-29,5440,2022-03-31,1,,,,,,,,,,,,,,,,,,,,,,,,,,,,,40.00,,,,44898730,1439755,,false,false,12,2021-04-01,2022-03-31,-1
2022-07-29,5440,2023-03-31,1,,,,,,,,,,,,,,,,,,,,,,,,,,,,,45.00,,,,,,,false,true,12,2022-04-01,2023-03-31,0
2022-07-29,5440,2023-03-31,1,,,,,,,,,,,,,,,,,,,,,,,,,,,,,,,,,44898730,1439755,43458975,false,false,3,2022-04-01,2022-06-30,0
2022-07-29,5440,2022-03-31,1,,,,,,,,,,,,,,,,,,,,,,,,,,,,,,,,,,,43458975,false,false,3,2021-04-01,2021-06-30,-1
2022-07-29,54400,2023-03-31,,182000000000,-0.005,,,,,6000000000,1.000,5700000000,0.900,4000000000,,1.353,92.04,,,,,,,,,,,,,,,,,,,,,,true,true,6,2022-04-01,2022-09-30,0
2022-07-29,54400,2022-03-31,,142203000000,,,,,,5599000000,,6645000000,,3388000000,,,77.97,,,,,,,,,,,,,,,,,,,,,,true,false,6,2021-04-01,2021-09-30,-1
2022-07-29,54400,2023-03-31,,384000000000,0.011,,,,,13500000000,0.286,12500000000,0.136,8000000000,,0.231,184.08,,,,,,,,,,,,,,,,,,,,,,true,true,12,2022-04-01,2023-03-31,0
2022-07-29,54400,2022-03-31,,292719000000,,,,,,8819000000,,10549000000,,6322000000,,,145.48,,,,,,,,,,,,,,,,,,,,,,true,false,12,2021-04-01,2022-03-31,-1
2022-10-31,5440,2023-03-31,2,182838000000,0.286,,,,,6084000000,0.087,6482000000,-0.024,,4057000000,,93.34,,,,,,349670000000,183913000000,0.490,,171469000000,,,,,,,,,,,,true,false,6,2022-04-01,2022-09-30,0
2022-10-31,5440,2022-03-31,2,142203000000,0.345,,,,,5599000000,-0.286,6645000000,-0.165,,3388000000,,77.97,,,,,,,,,,,,,,,,,,,,,,true,false,6,2021-04-01,2021-09-30,-1
2022-10-31,5440,2023-03-31,2,358000000000,0.223,,,,,11300000000,0.281,11000000000,0.043,,7000000000,,161.07,,,,,,,,,,,,,,,,,,,,,,true,true,12,2022-04-01,2023-03-31,0
2022-10-31,5440,2022-03-31,2,,,,,,,,,,,,,,,,,,,,314203000000,175689000000,0.519,,162955000000,,,,,,,,,,,,true,false,12,2021-04-01,2022-03-31,-1
2022-10-31,5440,2022-03-31,2,,,,,,,,,,,,,,,,,,,,,,,,,,,,,40.00,,,,44898730,1439755,,false,false,12,2021-04-01,2022-03-31,-1
2022-10-31,5440,2023-03-31,2,,,,,,,,,,,,,,,,,,,,,,,,,,,,,15.00,,,,,,,false,false,12,2022-04-01,2023-03-31,0
2022-10-31,5440,2023-03-31,2,,,,,,,,,,,,,,,,,,,,,,,,,,,,,45.00,,,,,,,false,true,12,2022-04-01,2023-03-31,0
2022-10-31,5440,2023-03-31,2,,,,,,,,,,,,,,,,,,,,,,,,,,,,,,,,,44898730,1439755,43458975,false,false,6,2022-04-01,2022-09-30,0
2022-10-31,5440,2022-03-31,2,,,,,,,,,,,,,,,,,,,,,,,,,,,,,,,,,,,43458975,false,false,6,2021-04-01,2021-09-30,-1
2022-10-31,54400,2023-03-31,,358000000000,-0.068,,,,,11300000000,-0.163,11000000000,-0.120,7000000000,,-0.125,161.07,,,,,,,,,,,,,,,,,,,,,,true,true,12,2022-04-01,2023-03-31,0
2022-10-31,54400,2022-03-31,,292719000000,,,,,,8819000000,,10549000000,,6322000000,,,145.48,,,,,,,,,,,,,,,,,,,,,,true,false,12,2021-04-01,2022-03-31,-1
2023-01-31,5440,2023-03-31,3,271332000000,0.292,,,,,9089000000,0.328,9493000000,0.147,,6195000000,,142.55,,,,,,354231000000,185925000000,0.492,,174300000000,,,,,,,,,,,,true,false,9,2022-04-01,2022-12-31,0
2023-01-31,5440,2022-03-31,3,210018000000,0.284,,,,,6846000000,-0.393,8277000000,-0.278,,4550000000,,104.69,,,,,,,,,,,,,,,,,,,,,,true,false,9,2021-04-01,2021-12-31,-1
2023-01-31,5440,2023-03-31,3,355000000000,0.213,,,,,12800000000,0.451,12000000000,0.138,,7800000000,,179.48,,,,,,,,,,,,,,,,,,,,,,true,true,12,2022-04-01,2023-03-31,0
2023-01-31,5440,2022-03-31,3,,,,,,,,,,,,,,,,,,,,314203000000,175689000000,0.519,,162955000000,,,,,,,,,,,,true,false,12,2021-04-01,2022-03-31,-1
2023-01-31,5440,2022-03-31,3,,,,,,,,,,,,,,,,,,,,,,,,,,,,,40.00,,,,44898730,1439755,,false,false,12,2021-04-01,2022-03-31,-1
2023-01-31,5440,2023-03-31,3,,,,,,,,,,,,,,,,,,,,,,,,,,,,,15.00,,,,,,,false,false,12,2022-04-01,2023-03-31,0
2023-01-31,5440,2023-03-31,3,,,,,,,,,,,,,,,,,,,,,,,,,,,,,45.00,,,,,,,false,true,12,2022-04-01,2023-03-31,0
2023-01-31,5440,2023-03-31,3,,,,,,,,,,,,,,,,,,,,,,,,,,,,,,,,,44898730,1439755,43458975,false,false,9,2022-04-01,2022-12-31,0
2023-01-31,5440,2022-03-31,3,,,,,,,,,,,,,,,,,,,,,,,,,,,,,,,,,,,43458975,false,false,9,2021-04-01,2021-12-31,-1
2023-01-31,54400,2023-03-31,,355000000000,-0.008,,,,,12800000000,0.133,12000000000,0.091,7800000000,,0.114,179.48,,,,,,,,,,,,,,,,,,,,,,true,true,12,2022-04-01,2023-03-31,0
2023-01-31,54400,2022-03-31,,292719000000,,,,,,8819000000,,10549000000,,6322000000,,,145.48,,,,,,,,,,,,,,,,,,,,,,true,false,12,2021-04-01,2022-03-31,-1
2023-03-17,54400,2023-03-31,,355000000000,,,,,,13300000000,0.039,13200000000,0.100,11000000000,,0.410,253.11,,,,,,,,,,,,,,,,,,,,,,true,true,12,2022-04-01,2023-03-31,0
2023-03-17,54400,2022-03-31,,292719000000,,,,,,8819000000,,10549000000,,6322000000,,,145.48,,,,,,,,,,,,,,,,,,,,,,true,false,12,2021-04-01,2022-03-31,-1
2023-03-17,54400,2023-03-31,,,,,,,,,,,,,,,,,,,,,,,,,,,,,,75.00,,,,,,,false,true,12,2022-04-01,2023-03-31,0
2023-03-17,54400,2023-03-31,,,,,,,,,,,,,,,,,,,,,,,,,,,,,,15.00,,,,,,,false,false,12,2022-04-01,2023-03-31,0
2023-03-17,54400,2022-03-31,,,,,,,,,,,,,,,,,,,,,,,,,,,,,,40.00,,,,,,,false,false,12,2021-04-01,2022-03-31,-1
2023-04-28,5440,2023-03-31,,355715000000,0.215,,,,,14819000000,0.680,14671000000,0.391,,13108000000,,301.61,,0.077,0.045,0.042,,337713000000,190174000000,0.532,4134.64,179687000000,19259000000,-6138000000,-9017000000,32421000000,,0.265,,,,,,true,false,12,2022-04-01,2023-03-31,0
2023-04-28,5440,2022-03-31,,292719000000,0.293,,,,,8819000000,-0.303,10549000000,-0.184,,6322000000,,145.48,,0.040,0.035,0.030,,314203000000,175689000000,0.519,3749.63,162955000000,-13697000000,6933000000,7339000000,27210000000,,0.275,,,,,,true,false,12,2021-04-01,2022-03-31,-1
2023-04-28,5440,2024-03-31,,164000000000,-0.103,,,,,8200000000,0.348,7000000000,0.080,,4500000000,,103.55,,,,,,,,,,,,,,,,,,,,,,true,true,6,2023-04-01,2023-09-30,1
2023-04-28,5440,2024-03-31,,352500000000,-0.009,,,,,20000000000,0.350,18000000000,0.227,,12000000000,,276.12,,,,,,,,,,,,,,,,0.254,,,,,,true,true,12,2023-04-01,2024-03-31,1
2023-04-28,5440,2023-03-31,,139897000000,0.179,,,,,11311000000,3.774,12926000000,2.937,6626000000,,1.737,152.47,,,,,,193046000000,135957000000,0.704,3128.39,135957000000,,,,,80.00,,,,44898730,1439755,43458975,false,false,12,2022-04-01,2023-03-31,0
2023-04-28,5440,2022-03-31,,118649000000,0.261,,,,,2369000000,-0.767,3283000000,-0.725,2421000000,,-0.277,55.71,,,,,,181819000000,130243000000,0.716,2996.91,130243000000,,,,,40.00,,,,44898730,1439755,43458975,false,false,12,2021-04-01,2022-03-31,-1
2023-04-28,5440,2024-03-31,,,,,,,,,,,,,,,,,,,,,,,,,,,,,,70.00,,,,,,,false,true,12,2023-04-01,2024-03-31,1
2023-07-31,5440,2024-03-31,1,76625000000,-0.159,,,,,4876000000,0.610,4894000000,0.482,,3944000000,,90.74,,,,,,330663000000,190861000000,0.548,,181093000000,,,,,,,,,,,,true,false,3,2023-04-01,2023-06-30,0
2023-07-31,5440,2023-03-31,1,91060000000,0.403,,,,,3029000000,0.386,3302000000,0.282,,2049000000,,47.14,,,,,,,,,,,,,,,,,,,,,,true,false,3,2022-04-01,2022-06-30,-1
2023-07-31,5440,2024-03-31,1,157000000000,-0.141,,,,,9000000000,0.479,8500000000,0.311,,6000000000,,138.06,,,,,,,,,,,,,,,,,,,,,,true,true,6,2023-04-01,2023-09-30,0
2023-07-31,5440,2024-03-31,1,335000000000,-0.058,,,,,20000000000,0.350,18000000000,0.227,,12000000000,,276.12,,,,,,,,,,,,,,,,,,,,,,true,true,12,2023-04-01,2024-03-31,0
2023-07-31,5440,2023-03-31,1,,,,,,,,,,,,,,,,,,,,337713000000,190174000000,0.532,,179687000000,,,,,,,,,,,,true,false,12,2022-04-01,2023-03-31,-1
2023-07-31,5440,2023-03-31,1,,,,,,,,,,,,,,,,,,,,,,,,,,,,,80.00,,,,44898730,1439755,,false,false,12,2022-04-01,2023-03-31,-1
2023-07-31,5440,2024-03-31,1,,,,,,,,,,,,,,,,,,,,,,,,,,,,,70.00,,,,,,,false,true,12,2023-04-01,2024-03-31,0
2023-07-31,5440,2024-03-31,1,,,,,,,,,,,,,,,,,,,,,,,,,,,,,,,,,44898730,1439755,43458975,false,false,3,2023-04-01,2023-06-30,0
2023-07-31,5440,2023-03-31,1,,,,,,,,,,,,,,,,,,,,,,,,,,,,,,,,,,,43458975,false,false,3,2022-04-01,2022-06-30,-1
2023-07-31,54400,2024-03-31,,157000000000,-0.043,,,,,9000000000,0.098,8500000000,0.214,6000000000,,0.333,138.06,,,,,,,,,,,,,,,,,,,,,,true,true,6,2023-04-01,2023-09-30,0
2023-07-31,54400,2023-03-31,,182838000000,,,,,,6084000000,,6482000000,,4057000000,,,93.34,,,,,,,,,,,,,,,,,,,,,,true,false,6,2022-04-01,2022-09-30,-1
2023-07-31,54400,2024-03-31,,335000000000,-0.050,,,,,20000000000,,18000000000,,12000000000,,,276.12,,,,,,,,,,,,,,,,,,,,,,true,true,12,2023-04-01,2024-03-31,0
2023-07-31,54400,2023-03-31,,355715000000,,,,,,14819000000,,14671000000,,13108000000,,,301.61,,,,,,,,,,,,,,,,,,,,,,true,false,12,2022-04-01,2023-03-31,-1
2023-10-31,5440,2024-03-31,2,155538000000,-0.149,,,,,9941000000,0.634,9996000000,0.542,,7861000000,,180.88,,,,,,349519000000,199560000000,0.543,,189700000000,,,,,,,,,,,,true,false,6,2023-04-01,2023-09-30,0
2023-10-31,5440,2023-03-31,2,182838000000,0.286,,,,,6084000000,0.087,6482000000,-0.024,,4057000000,,93.34,,,,,,,,,,,,,,,,,,,,,,true,false,6,2022-04-01,2022-09-30,-1
2023-10-31,5440,2024-03-31,2,324000000000,-0.089,,,,,20000000000,0.350,19000000000,0.295,,13000000000,,299.13,,,,,,,,,,,,,,,,,,,,,,true,true,12,2023-04-01,2024-03-31,0
2023-10-31,5440,2023-03-31,2,,,,,,,,,,,,,,,,,,,,337713000000,190174000000,0.532,,179687000000,,,,,,,,,,,,true,false,12,2022-04-01,2023-03-31,-1
2023-10-31,5440,2023-03-31,2,,,,,,,,,,,,,,,,,,,,,,,,,,,,,80.00,,,,44898730,1439755,,false,false,12,2022-04-01,2023-03-31,-1
2023-10-31,5440,2024-03-31,2,,,,,,,,,,,,,,,,,,,,,,,,,,,,,15.00,,,,,,,false,false,12,2023-04-01,2024-03-31,0
2023-10-31,5440,2024-03-31,2,,,,,,,,,,,,,,,,,,,,,,,,,,,,,80.00,,,,,,,false,true,12,2023-04-01,2024-03-31,0
2023-10-31,5440,2024-03-31,2,,,,,,,,,,,,,,,,,,,,,,,,,,,,,,,,,44898730,1439755,43458975,false,false,6,2023-04-01,2023-09-30,0
2023-10-31,5440,2023-03-31,2,,,,,,,,,,,,,,,,,,,,,,,,,,,,,,,,,,,43458975,false,false,6,2022-04-01,2022-09-30,-1
2023-10-31,54400,2024-03-31,,324000000000,-0.033,,,,,20000000000,0.000,19000000000,0.056,13000000000,,0.083,299.13,,,,,,,,,,,,,,,,,,,,,,true,true,12,2023-04-01,2024-03-31,0
2023-10-31,54400,2023-03-31,,355715000000,,,,,,14819000000,,14671000000,,13108000000,,,301.61,,,,,,,,,,,,,,,,,,,,,,true,false,12,2022-04-01,2023-03-31,-1
2023-10-31,54400,2024-03-31,,,,,,,,,,,,,,,,,,,,,,,,,,,,,,80.00,,,,,,,false,true,12,2023-04-01,2024-03-31,0
2023-10-31,54400,2024-03-31,,,,,,,,,,,,,,,,,,,,,,,,,,,,,,15.00,,,,,,,false,false,12,2023-04-01,2024-03-31,0
2023-10-31,54400,2023-03-31,,,,,,,,,,,,,,,,,,,,,,,,,,,,,,80.00,,,,,,,false,false,12,2022-04-01,2023-03-31,-1
2024-01-31,5440,2024-03-31,3,237491000000,-0.125,,,,,14749000000,0.623,14860000000,0.565,,11570000000,,266.23,,,,,,357491000000,202743000000,0.541,,193376000000,,,,,,,,,,,,true,false,9,2023-04-01,2023-12-31,0
2024-01-31,5440,2023-03-31,3,271332000000,0.292,,,,,9089000000,0.328,9493000000,0.147,,6195000000,,142.55,,,,,,,,,,,,,,,,,,,,,,true,false,9,2022-04-01,2022-12-31,-1
2024-01-31,5440,2024-03-31,3,324000000000,-0.089,,,,,20000000000,0.350,19000000000,0.295,,13000000000,,299.13,,,,,,,,,,,,,,,,,,,,,,true,true,12,2023-04-01,2024-03-31,0
2024-01-31,5440,2023-03-31,3,,,,,,,,,,,,,,,,,,,,337713000000,190174000000,0.532,,179687000000,,,,,,,,,,,,true,false,12,2022-04-01,2023-03-31,-1
2024-01-31,5440,2023-03-31,3,,,,,,,,,,,,,,,,,,,,,,,,,,,,,80.00,,,,44898730,1439755,,false,false,12,2022-04-01,2023-03-31,-1
2024-01-31,5440,2024-03-31,3,,,,,,,,,,,,,,,,,,,,,,,,,,,,,15.00,,,,,,,false,false,12,2023-04-01,2024-03-31,0
2024-01-31,5440,2024-03-31,3,,,,,,,,,,,,,,,,,,,,,,,,,,,,,80.00,,,,,,,false,true,12,2023-04-01,2024-03-31,0
2024-01-31,5440,2024-03-31,3,,,,,,,,,,,,,,,,,,,,,,,,,,,,,,,,,44898730,1439755,43458975,false,false,9,2023-04-01,2023-12-31,0
2024-01-31,5440,2023-03-31,3,,,,,,,,,,,,,,,,,,,,,,,,,,,,,,,,,,,43458975,false,false,9,2022-04-01,2022-12-31,-1
2024-04-19,54400,2024-03-31,,321000000000,-0.009,,,,,21000000000,0.050,21000000000,0.105,13800000000,,0.062,317.54,,,,,,,,,,,,,,,,,,,,,,true,true,12,2023-04-01,2024-03-31,0
2024-04-19,54400,2023-03-31,,355715000000,,,,,,14819000000,,14671000000,,13108000000,,,301.61,,,,,,,,,,,,,,,,,,,,,,true,false,12,2022-04-01,2023-03-31,-1
2024-04-19,54400,2024-03-31,,,,,,,,,,,,,,,,,,,,,,,,,,,,,,90.00,,,,,,,false,true,12,2023-04-01,2024-03-31,0
2024-04-19,54400,2024-03-31,,,,,,,,,,,,,,,,,,,,,,,,,,,,,,15.00,,,,,,,false,false,12,2023-04-01,2024-03-31,0
2024-04-19,54400,2023-03-31,,,,,,,,,,,,,,,,,,,,,,,,,,,,,,80.00,,,,,,,false,false,12,2022-04-01,2023-03-31,-1
2024-04-30,5440,2024-03-31,,320982000000,-0.098,,,,,21055000000,0.421,21034000000,0.434,,13826000000,,318.13,,0.074,0.061,0.066,,354217000000,201430000000,0.549,4478.71,194640000000,24290000000,-17048000000,-14173000000,26094000000,,0.283,,,,,,true,false,12,2023-04-01,2024-03-31,0
2024-04-30,5440,2023-03-31,,355715000000,0.215,,,,,14819000000,0.680,14671000000,0.391,,13108000000,,301.61,,0.077,0.045,0.042,,337713000000,190174000000,0.532,4134.64,179687000000,19259000000,-6138000000,-9017000000,32421000000,,0.265,,,,,,true,false,12,2022-04-01,2023-03-31,-1
2024-04-30,5440,2025-03-31,,164000000000,0.054,,,,,7500000000,-0.246,7500000000,-0.250,,5000000000,,115.05,,,,,,,,,,,,,,,,,,,,,,true,true,6,2024-04-01,2024-09-30,1
2024-04-30,5440,2025-03-31,,337000000000,0.050,,,,,19000000000,-0.098,19000000000,-0.097,,12500000000,,287.63,,,,,,,,,,,,,,,,0.313,,,,,,true,true,12,2024-04-01,2025-03-31,1
2024-04-30,5440,2024-03-31,,145850000000,0.043,,,,,17626000000,0.558,19691000000,0.523,29170000000,,3.402,671.20,,,,,,230517000000,163089000000,0.708,3752.72,163089000000,,,,,90.00,,,,44898730,1439755,43458975,false,false,12,2023-04-01,2024-03-31,0
2024-04-30,5440,2023-03-31,,139897000000,0.179,,,,,11311000000,3.774,12926000000,2.937,6626000000,,1.737,152.47,,,,,,193046000000,135957000000,0.704,3128.39,135957000000,,,,,80.00,,,,44898730,1439755,43458975,false,false,12,2022-04-01,2023-03-31,-1
2024-04-30,5440,2025-03-31,,,,,,,,,,,,,,,,,,,,,,,,,,,,,,90.00,,,,,,,false,true,12,2024-04-01,2025-03-31,1
2024-07-31,5440,2025-03-31,1,78290000000,0.022,,,,,3091000000,-0.366,3863000000,-0.211,,2632000000,,60.57,,,,,,350381000000,202063000000,0.559,,195983000000,,,,,,,,,,,,true,false,3,2024-04-01,2024-06-30,0
2024-07-31,5440,2024-03-31,1,76625000000,-0.159,,,,,4876000000,0.610,4894000000,0.482,,3944000000,,90.74,,,,,,,,,,,,,,,,,,,,,,true,false,3,2023-04-01,2023-06-30,-1
2024-07-31,5440,2025-03-31,1,163000000000,0.048,,,,,6000000000,-0.396,6500000000,-0.350,,5000000000,,115.05,,,,,,,,,,,,,,,,,,,,,,true,true,6,2024-04-01,2024-09-30,0
2024-07-31,5440,2025-03-31,1,336000000000,0.047,,,,,17500000000,-0.169,18000000000,-0.144,,12500000000,,287.63,,,,,,,,,,,,,,,,,,,,,,true,true,12,2024-04-01,2025-03-31,0
2024-07-31,5440,2024-03-31,1,,,,,,,,,,,,,,,,,,,,354217000000,201430000000,0.549,,194640000000,,,,,,,,,,,,true,false,12,2023-04-01,2024-03-31,-1
2024-07-31,5440,2024-03-31,1,,,,,,,,,,,,,,,,,,,,,,,,,,,,,90.00,,,,44898730,1439755,,false,false,12,2023-04-01,2024-03-31,-1
2024-07-31,5440,2025-03-31,1,,,,,,,,,,,,,,,,,,,,,,,,,,,,,90.00,,,,,,,false,true,12,2024-04-01,2025-03-31,0
2024-07-31,5440,2025-03-31,1,,,,,,,,,,,,,,,,,,,,,,,,,,,,,,,,,44898730,1439755,43458975,false,false,3,2024-04-01,2024-06-30,0
2024-07-31,5440,2024-03-31,1,,,,,,,,,,,,,,,,,,,,,,,,,,,,,,,,,,,43458975,false,false,3,2023-04-01,2023-06-30,-1
2024-10-31,5440,2025-03-31,2,161037000000,0.035,,,,,5915000000,-0.405,6135000000,-0.386,,5066000000,,116.56,,,,,,347992000000,206939000000,0.576,,200387000000,,,,,,,,,,,,true,false,6,2024-04-01,2024-09-30,0
2024-10-31,5440,2024-03-31,2,155538000000,-0.149,,,,,9941000000,0.634,9996000000,0.542,,7861000000,,180.88,,,,,,,,,,,,,,,,,,,,,,true,false,6,2023-04-01,2023-09-30,-1
2024-10-31,5440,2025-03-31,2,323000000000,0.006,,,,,15000000000,-0.288,15000000000,-0.287,,12000000000,,276.12,,,,,,,,,,,,,,,,,,,,,,true,true,12,2024-04-01,2025-03-31,0
2024-10-31,5440,2024-03-31,2,,,,,,,,,,,,,,,,,,,,354217000000,201430000000,0.549,,194640000000,,,,,,,,,,,,true,false,12,2023-04-01,2024-03-31,-1
2024-10-31,5440,2024-03-31,2,,,,,,,,,,,,,,,,,,,,,,,,,,,,,90.00,,,,44898730,1439755,,false,false,12,2023-04-01,2024-03-31,-1
2024-10-31,5440,2025-03-31,2,,,,,,,,,,,,,,,,,,,,,,,,,,,,,30.00,,,,,,,false,false,12,2024-04-01,2025-03-31,0
2024-10-31,5440,2025-03-31,2,,,,,,,,,,,,,,,,,,,,,,,,,,,,,90.00,,,,,,,false,true,12,2024-04-01,2025-03-31,0
2024-10-31,5440,2025-03-31,2,,,,,,,,,,,,,,,,,,,,,,,,,,,,,,,,,44898730,1439755,43458975,false,false,6,2024-04-01,2024-09-30,0
2024-10-31,5440,2024-03-31,2,,,,,,,,,,,,,,,,,,,,,,,,,,,,,,,,,,,43458975,false,false,6,2023-04-01,2023-09-30,-1
2025-01-31,5440,2025-03-31,3,240399000000,0.012,,,,,9698000000,-0.342,9892000000,-0.334,,9135000000,,210.20,,,,,,340189000000,203823000000,0.582,,198042000000,,,,,,,,,,,,true,false,9,2024-04-01,2024-12-31,0
2025-01-31,5440,2024-03-31,3,237491000000,-0.125,,,,,14749000000,0.623,14860000000,0.565,,11570000000,,266.23,,,,,,,,,,,,,,,,,,,,,,true,false,9,2023-04-01,2023-12-31,-1
2025-01-31,5440,2025-03-31,3,323000000000,0.006,,,,,15000000000,-0.288,15000000000,-0.287,,12000000000,,276.12,,,,,,,,,,,,,,,,,,,,,,true,true,12,2024-04-01,2025-03-31,0
2025-01-31,5440,2024-03-31,3,,,,,,,,,,,,,,,,,,,,354217000000,201430000000,0.549,,194640000000,,,,,,,,,,,,true,false,12,2023-04-01,2024-03-31,-1
2025-01-31,5440,2024-03-31,3,,,,,,,,,,,,,,,,,,,,,,,,,,,,,90.00,,,,44898730,1439755,,false,false,12,2023-04-01,2024-03-31,-1
2025-01-31,5440,2025-03-31,3,,,,,,,,,,,,,,,,,,,,,,,,,,,,,30.00,,,,,,,false,false,12,2024-04-01,2025-03-31,0
2025-01-31,5440,2025-03-31,3,,,,,,,,,,,,,,,,,,,,,,,,,,,,,90.00,,,,,,,false,true,12,2024-04-01,2025-03-31,0
2025-01-31,5440,2025-03-31,3,,,,,,,,,,,,,,,,,,,,,,,,,,,,,,,,,44898730,1439755,43458975,false,false,9,2024-04-01,2024-12-31,0
2025-01-31,5440,2024-03-31,3,,,,,,,,,,,,,,,,,,,,,,,,,,,,,,,,,,,43458975,false,false,9,2023-04-01,2023-12-31,-1
2025-04-30,5440,2025-03-31,,322849000000,0.006,,,,,15332000000,-0.272,15745000000,-0.251,,10791000000,,248.30,,0.054,0.045,0.047,,352828000000,209157000000,0.575,4670.79,202988000000,39408000000,-9882000000,-18224000000,38052000000,,0.362,,,,,,true,false,12,2024-04-01,2025-03-31,0
2025-04-30,5440,2024-03-31,,320982000000,-0.098,,,,,21055000000,0.421,21034000000,0.434,,13826000000,,318.13,,0.074,0.061,0.066,,354217000000,201430000000,0.549,4478.71,194640000000,24290000000,-17048000000,-14173000000,26094000000,,0.283,,,,,,true,false,12,2023-04-01,2024-03-31,-1
2025-04-30,5440,2026-03-31,,158000000000,-0.019,,,,,9500000000,0.606,9000000000,0.467,,6000000000,,138.61,,,,,,,,,,,,,,,,,,,,,,true,true,6,2025-04-01,2025-09-30,1
2025-04-30,5440,2026-03-31,,340000000000,0.053,,,,,19000000000,0.239,18000000000,0.143,,12000000000,,276.12,,,,,,,,,,,,,,,,0.326,,,,,,true,true,12,2025-04-01,2026-03-31,1
2025-04-30,5440,2025-03-31,,155194000000,0.064,,,,,15657000000,-0.112,16920000000,-0.141,5865000000,,-0.799,134.95,,,,,,222492000000,163692000000,0.736,3766.58,163692000000,,,,,90.00,,,,44898730,1439755,43458975,false,false,12,2024-04-01,2025-03-31,0
2025-04-30,5440,2024-03-31,,145850000000,0.043,,,,,17626000000,0.558,19691000000,0.523,29170000000,,3.402,671.20,,,,,,230517000000,163089000000,0.708,3752.72,163089000000,,,,,90.00,,,,44898730,1439755,43458975,false,false,12,2023-04-01,2024-03-31,-1
2025-04-30,5440,2026-03-31,,,,,,,,,,,,,,,,,,,,,,,,,,,,,,90.00,,,,,,,false,true,12,2025-04-01,2026-03-31,1
2025-07-31,5440,2026-03-31,1,74152000000,-0.053,,,,,4302000000,0.392,4066000000,0.053,,2724000000,,62.69,,,,,,341791000000,206180000000,0.586,,200371000000,,,,,,,,,,,,true,false,3,2025-04-01,2025-06-30,0
2025-07-31,5440,2025-03-31,1,78290000000,0.022,,,,,3091000000,-0.366,3863000000,-0.211,,2632000000,,60.57,,,,,,,,,,,,,,,,,,,,,,true,false,3,2024-04-01,2024-06-30,-1
2025-07-31,5440,2026-03-31,1,154000000000,-0.044,,,,,8000000000,0.352,7500000000,0.223,,4800000000,,110.45,,,,,,,,,,,,,,,,,,,,,,true,true,6,2025-04-01,2025-09-30,0
2025-07-31,5440,2026-03-31,1,323000000000,0.000,,,,,17000000000,0.109,16000000000,0.016,,10500000000,,241.61,,,,,,,,,,,,,,,,,,,,,,true,true,12,2025-04-01,2026-03-31,0
2025-07-31,5440,2025-03-31,1,,,,,,,,,,,,,,,,,,,,352828000000,209157000000,0.575,,202988000000,,,,,,,,,,,,true,false,12,2024-04-01,2025-03-31,-1
2025-07-31,5440,2025-03-31,1,,,,,,,,,,,,,,,,,,,,,,,,,,,,,90.00,,,,44898730,1439755,,false,false,12,2024-04-01,2025-03-31,-1
2025-07-31,5440,2026-03-31,1,,,,,,,,,,,,,,,,,,,,,,,,,,,,,90.00,,,,,,,false,true,12,2025-04-01,2026-03-31,0
2025-07-31,5440,2026-03-31,1,,,,,,,,,,,,,,,,,,,,,,,,,,,,,,,,,44898730,1439755,43458975,false,false,3,2025-04-01,2025-06-30,0
2025-07-31,5440,2025-03-31,1,,,,,,,,,,,,,,,,,,,,,,,,,,,,,,,,,,,43458975,false,false,3,2024-04-01,2024-06-30,-1
