filing_date,code,fiscal_year_end,quarterly_period,net_sales,net_sales_change,revenue,revenue_change,operating_revenue,operating_revenue_change,operating_profit,operating_profit_change,ordinary_profit,ordinary_profit_change,net_income,net_income_of_parent,net_income_change,eps,diluted_eps,roe,roa,operating_profit_to_net_sales,operating_profit_to_revenue,total_assets,net_assets,equity_ratio,bps,owner_equity,operating_cash_flow,investing_cash_flow,financing_cash_flow,cash,dividend_per_share,payout_ratio,commemorative_dividend,extra_dividend,number_of_shares,number_of_treqsury_shares,avg_number_of_shares,is_consolidated,is_forecast,duration,period_start,period_end,period_pos
2015-07-29,54440,2016-03-31,1,39034000000,-0.157,,,,,1216000000,-0.519,4339000000,-0.112,,2304000000,,34.11,,,,,,347433000000,304936000000,0.819,,284445000000,,,,,,,,,,,,true,false,3,2015-04-01,2015-06-30,0
2015-07-29,54440,2015-03-31,1,46278000000,-0.029,,,,,2528000000,0.031,4889000000,-0.137,,2813000000,,41.27,,,,,,,,,,,,,,,,,,,,,,true,false,3,2014-04-01,2014-06-30,-1
2015-07-29,54440,2016-03-31,1,78000000000,-0.183,,,,,3500000000,-0.291,11000000000,0.048,,6000000000,,89.18,,,,,,,,,,,,,,,,,,,,,,true,true,6,2015-04-01,2015-09-30,0
2015-07-29,54440,2016-03-31,1,155000000000,-0.173,,,,,8000000000,0.144,22000000000,-0.029,,12000000000,,178.37,,,,,,,,,,,,,,,,,,,,,,true,true,12,2015-04-01,2016-03-31,0
2015-07-29,54440,2015-03-31,1,,,,,,,,,,,,,,,,,,,,351952000000,304622000000,0.809,,284733000000,,,,,,,,,,,,true,false,12,2014-04-01,2015-03-31,-1
2015-07-29,54440,2015-03-31,1,,,,,,,,,,,,,,,,,,,,,,,,,,,,,37.00,,,,69750000,1904579,,false,false,12,2014-04-01,2015-03-31,-1
2015-07-29,54440,2016-03-31,1,,,,,,,,,,,,,,,,,,,,,,,,,,,,,40.00,,,,,,,false,true,12,2015-04-01,2016-03-31,0
2015-07-29,54440,2016-03-31,1,,,,,,,,,,,,,,,,,,,,,,,,,,,,,,,,,68250000,973404,67537371,false,false,3,2015-04-01,2015-06-30,0
2015-07-29,54440,2015-03-31,1,,,,,,,,,,,,,,,,,,,,,,,,,,,,,,,,,,,68169405,false,false,3,2014-04-01,2014-06-30,-1
2015-07-29,54440,2016-03-31,,78000000000,0.013,,,,,3500000000,0.167,11000000000,0.467,,6000000000,,89.18,,,,,,,,,,,,,,,,,,,,,,true,true,6,2015-04-01,2015-09-30,0
2015-07-29,54440,2015-03-31,,95524000000,,,,,,4934000000,,10496000000,,,6221000000,,91.29,,,,,,,,,,,,,,,,,,,,,,true,false,6,2014-04-01,2014-09-30,-1
2015-07-29,54440,2016-03-31,,155000000000,0.000,,,,,8000000000,0.231,22000000000,0.158,,12000000000,,178.37,,,,,,,,,,,,,,,,,,,,,,true,true,12,2015-04-01,2016-03-31,0
2015-07-29,54440,2015-03-31,,187451000000,,,,,,6993000000,,22663000000,,,13377000000,,196.40,,,,,,,,,,,,,,,,,,,,,,true,false,12,2014-04-01,2015-03-31,-1
2015-10-28,54440,2016-03-31,2,78299000000,-0.180,,,,,3795000000,-0.231,11327000000,0.079,,7177000000,,106.60,,,,,,352982000000,310894000000,0.822,,290288000000,,,,,,,,,,,,true,false,6,2015-04-01,2015-09-30,0
2015-10-28,54440,2015-03-31,2,95524000000,-0.012,,,,,4934000000,0.197,10496000000,0.019,,6221000000,,91.29,,,,,,,,,,,,,,,,,,,,,,true,false,6,2014-04-01,2014-09-30,-1
2015-10-28,54440,2016-03-31,2,152000000000,-0.189,,,,,10000000000,0.430,26000000000,0.147,,14500000000,,216.49,,,,,,,,,,,,,,,,,,,,,,true,true,12,2015-04-01,2016-03-31,0
2015-10-28,54440,2015-03-31,2,,,,,,,,,,,,,,,,,,,,351952000000,304622000000,0.809,,284733000000,,,,,,,,,,,,true,false,12,2014-04-01,2015-03-31,-1
2015-10-28,54440,2015-03-31,2,,,,,,,,,,,,,,,,,,,,,,,,,,,,,37.00,,,,69750000,1904579,,false,false,12,2014-04-01,2015-03-31,-1
2015-10-28,54440,2016-03-31,2,,,,,,,,,,,,,,,,,,,,,,,,,,,,,20.00,,,,,,,false,false,12,2015-04-01,2016-03-31,0
2015-10-28,54440,2016-03-31,2,,,,,,,,,,,,,,,,,,,,,,,,,,,,,40.00,,,,,,,false,true,12,2015-04-01,2016-03-31,0
2015-10-28,54440,2016-03-31,2,,,,,,,,,,,,,,,,,,,,,,,,,,,,,,,,,68250000,1273448,67328635,false,false,6,2015-04-01,2015-09-30,0
2015-10-28,54440,2015-03-31,2,,,,,,,,,,,,,,,,,,,,,,,,,,,,,,,,,,,68147688,false,false,6,2014-04-01,2014-09-30,-1
2016-01-29,54440,2016-03-31,3,115864000000,-0.187,,,,,7612000000,0.174,20449000000,0.189,,12456000000,,185.42,,,,,,344289000000,303903000000,0.829,,285345000000,,,,,,,,,,,,true,false,9,2015-04-01,2015-12-31,0
2016-01-29,54440,2015-03-31,3,142564000000,0.004,,,,,6482000000,-0.010,17200000000,0.057,,10163000000,,147.98,,,,,,,,,,,,,,,,,,,,,,true,false,9,2014-04-01,2014-12-31,-1
2016-01-29,54440,2016-03-31,3,152000000000,-0.189,,,,,10000000000,0.430,26000000000,0.147,,14500000000,,216.79,,,,,,,,,,,,,,,,,,,,,,true,true,12,2015-04-01,2016-03-31,0
2016-01-29,54440,2015-03-31,3,,,,,,,,,,,,,,,,,,,,351952000000,304622000000,0.809,,284733000000,,,,,,,,,,,,true,false,12,2014-04-01,2015-03-31,-1
2016-01-29,54440,2015-03-31,3,,,,,,,,,,,,,,,,,,,,,,,,,,,,,37.00,,,,69750000,1904579,,false,false,12,2014-04-01,2015-03-31,-1
2016-01-29,54440,2016-03-31,3,,,,,,,,,,,,,,,,,,,,,,,,,,,,,20.00,,,,,,,false,false,12,2015-04-01,2016-03-31,0
2016-01-29,54440,2016-03-31,3,,,,,,,,,,,,,,,,,,,,,,,,,,,,,40.00,,,,,,,false,true,12,2015-04-01,2016-03-31,0
2016-01-29,54440,2016-03-31,3,,,,,,,,,,,,,,,,,,,,,,,,,,,,,,,,,67670000,783611,67181245,false,false,9,2015-04-01,2015-12-31,0
2016-01-29,54440,2015-03-31,3,,,,,,,,,,,,,,,,,,,,,,,,,,,,,,,,,,,68681573,false,false,9,2014-04-01,2014-12-31,-1
2016-05-02,54440,2016-03-31,,150978000000,-0.195,,,,,11215000000,0.604,26747000000,0.180,,14884000000,,221.80,,0.052,0.077,0.074,,346698000000,307857000000,0.832,4314.04,288550000000,33386000000,-5394000000,-7582000000,32540000000,,0.203,,,,,,true,false,12,2015-04-01,2016-03-31,0
2016-05-02,54440,2015-03-31,,187451000000,-0.032,,,,,6993000000,-0.178,22663000000,0.151,,13377000000,,196.40,,0.051,0.068,0.037,,351952000000,304622000000,0.809,4196.80,284733000000,22744000000,-21376000000,-4517000000,12783000000,,0.188,,,,,,true,false,12,2014-04-01,2015-03-31,-1
2016-05-02,54440,2017-03-31,,70000000000,-0.106,,,,,5500000000,0.449,10500000000,-0.073,,5500000000,,82.23,,,,,,,,,,,,,,,,,,,,,,true,true,6,2016-04-01,2016-09-30,1
2016-05-02,54440,2017-03-31,,135000000000,-0.106,,,,,7500000000,-0.331,20000000000,-0.252,,10500000000,,156.98,,,,,,,,,,,,,,,,0.319,,,,,,true,true,12,2016-04-01,2017-03-31,1
2016-05-02,54440,2016-03-31,,,,,,16858000000,2.341,15426000000,3.315,15465000000,2.810,14802000000,,2.698,217.96,,,,,,89374000000,73345000000,0.821,1083.94,73345000000,,,,,45.00,,,,67670000,783611,67107531,false,false,12,2015-04-01,2016-03-31,0
2016-05-02,54440,2015-03-31,,,,,,5045000000,0.797,3574000000,1.808,4059000000,1.724,4003000000,,1.694,57.45,,,,,,85949000000,65680000000,0.764,952.59,65680000000,,,,,37.00,,,,69750000,1904579,68113446,false,false,12,2014-04-01,2015-03-31,-1
2016-05-02,54440,2017-03-31,,,,,,,,,,,,,,,,,,,,,,,,,,,,,,50.00,,,,,,,false,true,12,2016-04-01,2017-03-31,1
2016-07-29,54440,2017-03-31,1,34725000000,-0.110,,,,,3392000000,1.790,6765000000,0.559,,3443000000,,51.48,,,,,,331877000000,294369000000,0.829,,275227000000,,,,,,,,,,,,true,false,3,2016-04-01,2016-06-30,0
2016-07-29,54440,2016-03-31,1,39034000000,-0.157,,,,,1216000000,-0.519,4339000000,-0.112,,2304000000,,34.11,,,,,,,,,,,,,,,,,,,,,,true,false,3,2015-04-01,2015-06-30,-1
2016-07-29,54440,2017-03-31,1,70000000000,-0.106,,,,,5500000000,0.449,10500000000,-0.073,,5500000000,,82.23,,,,,,,,,,,,,,,,,,,,,,true,true,6,2016-04-01,2016-09-30,0
2016-07-29,54440,2017-03-31,1,135000000000,-0.106,,,,,7500000000,-0.331,20000000000,-0.252,,10500000000,,156.98,,,,,,,,,,,,,,,,,,,,,,true,true,12,2016-04-01,2017-03-31,0
2016-07-29,54440,2016-03-31,1,,,,,,,,,,,,,,,,,,,,346698000000,307857000000,0.832,,288550000000,,,,,,,,,,,,true,false,12,2015-04-01,2016-03-31,-1
2016-07-29,54440,2016-03-31,1,,,,,,,,,,,,,,,,,,,,,,,,,,,,,45.00,,,,67670000,783611,,false,false,12,2015-04-01,2016-03-31,-1
2016-07-29,54440,2017-03-31,1,,,,,,,,,,,,,,,,,,,,,,,,,,,,,50.00,,,,,,,false,true,12,2016-04-01,2017-03-31,0
2016-07-29,54440,2017-03-31,1,,,,,,,,,,,,,,,,,,,,,,,,,,,,,,,,,67670000,783688,66886351,false,false,3,2016-04-01,2016-06-30,0
2016-07-29,54440,2016-03-31,1,,,,,,,,,,,,,,,,,,,,,,,,,,,,,,,,,,,67537371,false,false,3,2015-04-01,2015-06-30,-1
2016-10-31,54440,2017-03-31,2,71954000000,-0.081,,,,,6901000000,0.819,12278000000,0.084,,6830000000,,102.12,,,,,,314526000000,277485000000,0.825,,259416000000,,,,,,,,,,,,true,false,6,2016-04-01,2016-09-30,0
2016-10-31,54440,2016-03-31,2,78299000000,-0.180,,,,,3795000000,-0.231,11327000000,0.079,,7177000000,,106.60,,,,,,,,,,,,,,,,,,,,,,true,false,6,2015-04-01,2015-09-30,-1
2016-10-31,54440,2017-03-31,2,137000000000,-0.093,,,,,9000000000,-0.198,18500000000,-0.308,,9500000000,,142.03,,,,,,,,,,,,,,,,,,,,,,true,true,12,2016-04-01,2017-03-31,0
2016-10-31,54440,2016-03-31,2,,,,,,,,,,,,,,,,,,,,346698000000,307857000000,0.832,,288550000000,,,,,,,,,,,,true,false,12,2015-04-01,2016-03-31,-1
2016-10-31,54440,2016-03-31,2,,,,,,,,,,,,,,,,,,,,,,,,,,,,,45.00,,,,67670000,783611,,false,false,12,2015-04-01,2016-03-31,-1
2016-10-31,54440,2017-03-31,2,,,,,,,,,,,,,,,,,,,,,,,,,,,,,25.00,,,,,,,false,false,12,2016-04-01,2017-03-31,0
2016-10-31,54440,2017-03-31,2,,,,,,,,,,,,,,,,,,,,,,,,,,,,,50.00,,,,,,,false,true,12,2016-04-01,2017-03-31,0
2016-10-31,54440,2017-03-31,2,,,,,,,,,,,,,,,,,,,,,,,,,,,,,,,,,67670000,783821,66886296,false,false,6,2016-04-01,2016-09-30,0
2016-10-31,54440,2016-03-31,2,,,,,,,,,,,,,,,,,,,,,,,,,,,,,,,,,,,67328635,false,false,6,2015-04-01,2015-09-30,-1
2017-01-31,54440,2017-03-31,3,105391000000,-0.090,,,,,8478000000,0.114,18351000000,-0.103,,10615000000,,158.71,,,,,,315902000000,278096000000,0.824,,260402000000,,,,,,,,,,,,true,false,9,2016-04-01,2016-12-31,0
2017-01-31,54440,2016-03-31,3,115864000000,-0.187,,,,,7612000000,0.174,20449000000,0.189,,12456000000,,185.42,,,,,,,,,,,,,,,,,,,,,,true,false,9,2015-04-01,2015-12-31,-1
2017-01-31,54440,2017-03-31,3,140000000000,-0.073,,,,,9500000000,-0.153,20000000000,-0.252,,11000000000,,164.46,,,,,,,,,,,,,,,,,,,,,,true,true,12,2016-04-01,2017-03-31,0
2017-01-31,54440,2016-03-31,3,,,,,,,,,,,,,,,,,,,,346698000000,307857000000,0.832,,288550000000,,,,,,,,,,,,true,false,12,2015-04-01,2016-03-31,-1
2017-01-31,54440,2016-03-31,3,,,,,,,,,,,,,,,,,,,,,,,,,,,,,45.00,,,,67670000,783611,,false,false,12,2015-04-01,2016-03-31,-1
2017-01-31,54440,2017-03-31,3,,,,,,,,,,,,,,,,,,,,,,,,,,,,,25.00,,,,,,,false,false,12,2016-04-01,2017-03-31,0
2017-01-31,54440,2017-03-31,3,,,,,,,,,,,,,,,,,,,,,,,,,,,,,50.00,,,,,,,false,true,12,2016-04-01,2017-03-31,0
2017-01-31,54440,2017-03-31,3,,,,,,,,,,,,,,,,,,,,,,,,,,,,,,,,,67670000,783907,66886245,false,false,9,2016-04-01,2016-12-31,0
2017-01-31,54440,2016-03-31,3,,,,,,,,,,,,,,,,,,,,,,,,,,,,,,,,,,,67181245,false,false,9,2015-04-01,2015-12-31,-1
2017-04-28,54440,2017-03-31,,142136000000,-0.059,,,,,10739000000,-0.042,21519000000,-0.088,,11319000000,,169.24,,0.039,0.062,0.076,,348951000000,309198000000,0.829,4322.90,289141000000,19178000000,-14914000000,-5426000000,30697000000,,0.295,,,,,,true,false,12,2016-04-01,2017-03-31,0
2017-04-28,54440,2016-03-31,,150978000000,-0.195,,,,,11215000000,0.604,23585000000,,,12994000000,,193.63,,0.045,0.067,0.074,,347051000000,308068000000,0.832,4317.19,288761000000,33386000000,-5394000000,-7582000000,32540000000,,0.232,,,,,,true,false,12,2015-04-01,2016-03-31,-1
2017-04-28,54440,2018-03-31,,78000000000,0.084,,,,,4000000000,-0.420,8500000000,-0.334,,4500000000,,67.28,,,,,,,,,,,,,,,,,,,,,,true,true,6,2017-04-01,2017-09-30,1
2017-04-28,54440,2018-03-31,,150000000000,0.055,,,,,8000000000,-0.255,17000000000,-0.210,,8500000000,,127.08,,,,,,,,,,,,,,,,0.393,,,,,,true,true,12,2017-04-01,2018-03-31,1
2017-04-28,54440,2017-03-31,,,,,,8911000000,-0.471,7193000000,-0.534,7908000000,-0.489,7636000000,,-0.484,112.85,,,,,,98267000000,78225000000,0.796,1156.06,78225000000,,,,,50.00,,,,67670000,784004,66886199,false,false,12,2016-04-01,2017-03-31,0
2017-04-28,54440,2016-03-31,,,,,,16858000000,2.341,15426000000,3.315,15465000000,2.810,14802000000,,2.698,217.96,,,,,,89374000000,73345000000,0.821,1083.94,73345000000,,,,,45.00,,,,67670000,783611,67107531,false,false,12,2015-04-01,2016-03-31,-1
2017-04-28,54440,2018-03-31,,,,,,,,,,,,,,,,,,,,,,,,,,,,,,50.00,,,,,,,false,true,12,2017-04-01,2018-03-31,1
2017-07-31,54440,2018-03-31,1,40410000000,0.164,,,,,1985000000,-0.415,5618000000,-0.187,,3415000000,,51.07,,,,,,345429000000,305613000000,0.827,,285642000000,,,,,,,,,,,,true,false,3,2017-04-01,2017-06-30,0
2017-07-31,54440,2017-03-31,1,34725000000,-0.110,,,,,3392000000,1.790,6906000000,,,3531000000,,52.80,,,,,,,,,,,,,,,,,,,,,,true,false,3,2016-04-01,2016-06-30,-1
2017-07-31,54440,2018-03-31,1,83000000000,0.154,,,,,4000000000,-0.420,8500000000,-0.334,,4500000000,,67.28,,,,,,,,,,,,,,,,,,,,,,true,true,6,2017-04-01,2017-09-30,0
2017-07-31,54440,2018-03-31,1,160000000000,0.126,,,,,8000000000,-0.255,17000000000,-0.210,,8500000000,,127.08,,,,,,,,,,,,,,,,,,,,,,true,true,12,2017-04-01,2018-03-31,0
2017-07-31,54440,2017-03-31,1,,,,,,,,,,,,,,,,,,,,348951000000,309198000000,0.829,,289141000000,,,,,,,,,,,,true,false,12,2016-04-01,2017-03-31,-1
2017-07-31,54440,2017-03-31,1,,,,,,,,,,,,,,,,,,,,,,,,,,,,,50.00,,,,67670000,784004,,false,false,12,2016-04-01,2017-03-31,-1
2017-07-31,54440,2018-03-31,1,,,,,,,,,,,,,,,,,,,,,,,,,,,,,50.00,,,,,,,false,true,12,2017-04-01,2018-03-31,0
2017-07-31,54440,2018-03-31,1,,,,,,,,,,,,,,,,,,,,,,,,,,,,,,,,,67670000,784167,66885909,false,false,3,2017-04-01,2017-06-30,0
2017-07-31,54440,2017-03-31,1,,,,,,,,,,,,,,,,,,,,,,,,,,,,,,,,,,,66886351,false,false,3,2016-04-01,2016-06-30,-1
2017-10-31,54440,2018-03-31,2,84315000000,0.172,,,,,4506000000,-0.347,10624000000,-0.168,,6475000000,,96.82,,,,,,351087000000,308886000000,0.822,,288507000000,,,,,,,,,,,,true,false,6,2017-04-01,2017-09-30,0
2017-10-31,54440,2017-03-31,2,71954000000,-0.081,,,,,6901000000,0.819,12772000000,,,7138000000,,106.73,,,,,,,,,,,,,,,,,,,,,,true,false,6,2016-04-01,2016-09-30,-1
2017-10-31,54440,2018-03-31,2,170000000000,0.196,,,,,8000000000,-0.255,17000000000,-0.210,,9000000000,,134.56,,,,,,,,,,,,,,,,,,,,,,true,true,12,2017-04-01,2018-03-31,0
2017-10-31,54440,2017-03-31,2,,,,,,,,,,,,,,,,,,,,348951000000,309198000000,0.829,,289141000000,,,,,,,,,,,,true,false,12,2016-04-01,2017-03-31,-1
2017-10-31,54440,2017-03-31,2,,,,,,,,,,,,,,,,,,,,,,,,,,,,,50.00,,,,67670000,784004,,false,false,12,2016-04-01,2017-03-31,-1
2017-10-31,54440,2018-03-31,2,,,,,,,,,,,,,,,,,,,,,,,,,,,,,25.00,,,,,,,false,false,12,2017-04-01,2018-03-31,0
2017-10-31,54440,2018-03-31,2,,,,,,,,,,,,,,,,,,,,,,,,,,,,,50.00,,,,,,,false,true,12,2017-04-01,2018-03-31,0
2017-10-31,54440,2018-03-31,2,,,,,,,,,,,,,,,,,,,,,,,,,,,,,,,,,67670000,784197,66885861,false,false,6,2017-04-01,2017-09-30,0
2017-10-31,54440,2017-03-31,2,,,,,,,,,,,,,,,,,,,,,,,,,,,,,,,,,,,66886296,false,false,6,2016-04-01,2016-09-30,-1
2018-01-31,54440,2018-03-31,3,128713000000,0.221,,,,,6052000000,-0.286,14150000000,-0.255,,8368000000,,125.11,,,,,,358557000000,312657000000,0.813,,291565000000,,,,,,,,,,,,true,false,9,2017-04-01,2017-12-31,0
2018-01-31,54440,2017-03-31,3,105391000000,-0.090,,,,,8478000000,0.114,18991000000,,,11016000000,,164.70,,,,,,,,,,,,,,,,,,,,,,true,false,9,2016-04-01,2016-12-31,-1
2018-01-31,54440,2018-03-31,3,175000000000,0.231,,,,,8000000000,-0.255,17000000000,-0.210,,11000000000,,164.46,,,,,,,,,,,,,,,,,,,,,,true,true,12,2017-04-01,2018-03-31,0
2018-01-31,54440,2017-03-31,3,,,,,,,,,,,,,,,,,,,,348951000000,309198000000,0.829,,289141000000,,,,,,,,,,,,true,false,12,2016-04-01,2017-03-31,-1
2018-01-31,54440,2017-03-31,3,,,,,,,,,,,,,,,,,,,,,,,,,,,,,50.00,,,,67670000,784004,,false,false,12,2016-04-01,2017-03-31,-1
2018-01-31,54440,2018-03-31,3,,,,,,,,,,,,,,,,,,,,,,,,,,,,,25.00,,,,,,,false,false,12,2017-04-01,2018-03-31,0
2018-01-31,54440,2018-03-31,3,,,,,,,,,,,,,,,,,,,,,,,,,,,,,50.00,,,,,,,false,true,12,2017-04-01,2018-03-31,0
2018-01-31,54440,2018-03-31,3,,,,,,,,,,,,,,,,,,,,,,,,,,,,,,,,,67670000,784241,66885827,false,false,9,2017-04-01,2017-12-31,0
2018-01-31,54440,2017-03-31,3,,,,,,,,,,,,,,,,,,,,,,,,,,,,,,,,,,,66886245,false,false,9,2016-04-01,2016-12-31,-1
2018-05-01,54440,2018-03-31,,176073000000,0.239,,,,,8340000000,-0.223,17828000000,-0.172,,12238000000,,182.97,,0.042,0.050,0.047,,367321000000,320073000000,0.811,4455.98,298041000000,13751000000,-18510000000,-3903000000,22723000000,,0.273,,,,,,true,false,12,2017-04-01,2018-03-31,0
2018-05-01,54440,2017-03-31,,142136000000,-0.059,,,,,10739000000,-0.042,21519000000,-0.088,,11319000000,,169.24,,0.039,0.062,0.076,,348951000000,309198000000,0.829,4322.90,289141000000,19178000000,-14914000000,-5426000000,30697000000,,0.295,,,,,,true,false,12,2016-04-01,2017-03-31,-1
2018-05-01,54440,2019-03-31,,96000000000,0.139,,,,,4500000000,-0.002,13000000000,0.224,,9500000000,,142.03,,,,,,,,,,,,,,,,,,,,,,true,true,6,2018-04-01,2018-09-30,1
2018-05-01,54440,2019-03-31,,190000000000,0.079,,,,,8000000000,-0.041,22000000000,0.234,,15000000000,,224.26,,,,,,,,,,,,,,,,0.223,,,,,,true,true,12,2018-04-01,2019-03-31,1
2018-05-01,54440,2018-03-31,,,,,,12188000000,0.368,10437000000,0.451,10367000000,0.311,10233000000,,0.340,151.23,,,,,,102280000000,85822000000,0.839,1268.34,85822000000,,,,,50.00,,,,67670000,784241,66885810,false,false,12,2017-04-01,2018-03-31,0
2018-05-01,54440,2017-03-31,,,,,,8911000000,-0.471,7193000000,-0.534,7908000000,-0.489,7636000000,,-0.484,112.85,,,,,,98267000000,78225000000,0.796,1156.06,78225000000,,,,,50.00,,,,67670000,784004,66886199,false,false,12,2016-04-01,2017-03-31,-1
2018-05-01,54440,2019-03-31,,,,,,,,,,,,,,,,,,,,,,,,,,,,,,50.00,,,,,,,false,true,12,2018-04-01,2019-03-31,1
2018-07-31,54440,2019-03-31,1,46729000000,0.156,,,,,2086000000,0.051,8088000000,0.440,,6392000000,,95.57,,,,,,358710000000,312253000000,0.811,,290925000000,,,,,,,,,,,,true,false,3,2018-04-01,2018-06-30,0
2018-07-31,54440,2018-03-31,1,40410000000,0.164,,,,,1985000000,-0.415,5618000000,-0.187,,3415000000,,51.07,,,,,,,,,,,,,,,,,,,,,,true,false,3,2017-04-01,2017-06-30,-1
2018-07-31,54440,2019-03-31,1,96000000000,0.139,,,,,4500000000,-0.002,15000000000,0.412,,11000000000,,164.46,,,,,,,,,,,,,,,,,,,,,,true,true,6,2018-04-01,2018-09-30,0
2018-07-31,54440,2019-03-31,1,190000000000,0.079,,,,,8000000000,-0.041,25000000000,0.402,,17000000000,,254.16,,,,,,,,,,,,,,,,,,,,,,true,true,12,2018-04-01,2019-03-31,0
2018-07-31,54440,2018-03-31,1,,,,,,,,,,,,,,,,,,,,367083000000,320073000000,0.812,,298041000000,,,,,,,,,,,,true,false,12,2017-04-01,2018-03-31,-1
2018-07-31,54440,2018-03-31,1,,,,,,,,,,,,,,,,,,,,,,,,,,,,,50.00,,,,67670000,784241,,false,false,12,2017-04-01,2018-03-31,-1
2018-07-31,54440,2019-03-31,1,,,,,,,,,,,,,,,,,,,,,,,,,,,,,50.00,,,,,,,false,true,12,2018-04-01,2019-03-31,0
2018-07-31,54440,2019-03-31,1,,,,,,,,,,,,,,,,,,,,,,,,,,,,,,,,,67670000,784241,66885759,false,false,3,2018-04-01,2018-06-30,0
2018-07-31,54440,2018-03-31,1,,,,,,,,,,,,,,,,,,,,,,,,,,,,,,,,,,,66885909,false,false,3,2017-04-01,2017-06-30,-1
2018-10-30,54440,2019-03-31,2,97813000000,0.160,,,,,4524000000,0.004,16332000000,0.537,,12396000000,,185.33,,,,,,370098000000,324191000000,0.819,,302996000000,,,,,,,,,,,,true,false,6,2018-04-01,2018-09-30,0
2018-10-30,54440,2018-03-31,2,84315000000,0.172,,,,,4506000000,-0.347,10624000000,-0.168,,6475000000,,96.82,,,,,,,,,,,,,,,,,,,,,,true,false,6,2017-04-01,2017-09-30,-1
2018-10-30,54440,2019-03-31,2,195000000000,0.107,,,,,8000000000,-0.041,27000000000,0.514,,19000000000,,284.07,,,,,,,,,,,,,,,,,,,,,,true,true,12,2018-04-01,2019-03-31,0
2018-10-30,54440,2018-03-31,2,,,,,,,,,,,,,,,,,,,,367083000000,320073000000,0.812,,298041000000,,,,,,,,,,,,true,false,12,2017-04-01,2018-03-31,-1
2018-10-30,54440,2018-03-31,2,,,,,,,,,,,,,,,,,,,,,,,,,,,,,50.00,,,,67670000,784241,,false,false,12,2017-04-01,2018-03-31,-1
2018-10-30,54440,2019-03-31,2,,,,,,,,,,,,,,,,,,,,,,,,,,,,,25.00,,,,,,,false,false,12,2018-04-01,2019-03-31,0
2018-10-30,54440,2019-03-31,2,,,,,,,,,,,,,,,,,,,,,,,,,,,,,50.00,,,,,,,false,true,12,2018-04-01,2019-03-31,0
2018-10-30,54440,2019-03-31,2,,,,,,,,,,,,,,,,,,,,,,,,,,,,,,,,,67670000,784545,66885661,false,false,6,2018-04-01,2018-09-30,0
2018-10-30,54440,2018-03-31,2,,,,,,,,,,,,,,,,,,,,,,,,,,,,,,,,,,,66885861,false,false,6,2017-04-01,2017-09-30,-1
2019-01-31,54440,2019-03-31,3,149595000000,0.162,,,,,6607000000,0.092,23796000000,0.682,,17463000000,,261.10,,,,,,382263000000,334763000000,0.817,,312134000000,,,,,,,,,,,,true,false,9,2018-04-01,2018-12-31,0
2019-01-31,54440,2018-03-31,3,128713000000,0.221,,,,,6052000000,-0.286,14150000000,-0.255,,8368000000,,125.11,,,,,,,,,,,,,,,,,,,,,,true,false,9,2017-04-01,2017-12-31,-1
2019-01-31,54440,2019-03-31,3,200000000000,0.136,,,,,9000000000,0.079,30000000000,0.683,,21500000000,,321.45,,,,,,,,,,,,,,,,,,,,,,true,true,12,2018-04-01,2019-03-31,0
2019-01-31,54440,2018-03-31,3,,,,,,,,,,,,,,,,,,,,367083000000,320073000000,0.812,,298041000000,,,,,,,,,,,,true,false,12,2017-04-01,2018-03-31,-1
2019-01-31,54440,2018-03-31,3,,,,,,,,,,,,,,,,,,,,,,,,,,,,,50.00,,,,67670000,784241,,false,false,12,2017-04-01,2018-03-31,-1
2019-01-31,54440,2019-03-31,3,,,,,,,,,,,,,,,,,,,,,,,,,,,,,25.00,,,,,,,false,false,12,2018-04-01,2019-03-31,0
2019-01-31,54440,2019-03-31,3,,,,,,,,,,,,,,,,,,,,,,,,,,,,,50.00,,,,,,,false,true,12,2018-04-01,2019-03-31,0
2019-01-31,54440,2019-03-31,3,,,,,,,,,,,,,,,,,,,,,,,,,,,,,,,,,67670000,784607,66885585,false,false,9,2018-04-01,2018-12-31,0
2019-01-31,54440,2018-03-31,3,,,,,,,,,,,,,,,,,,,,,,,,,,,,,,,,,,,66885827,false,false,9,2017-04-01,2017-12-31,-1
2019-04-26,54440,2019-03-31,,201299000000,0.143,,,,,9272000000,0.112,31469000000,0.765,,22793000000,,340.78,,0.075,0.084,0.046,,384068000000,333692000000,0.811,4654.13,311293000000,24393000000,-13008000000,-3949000000,29561000000,,0.191,,,,,,true,false,12,2018-04-01,2019-03-31,0
2019-04-26,54440,2018-03-31,,176073000000,0.239,,,,,8340000000,-0.223,17828000000,-0.172,,12238000000,,182.97,,0.042,0.050,0.047,,367083000000,320073000000,0.812,4455.98,298041000000,13751000000,-18510000000,-3903000000,22723000000,,0.273,,,,,,true,false,12,2017-04-01,2018-03-31,-1
2019-04-26,54440,2020-03-31,,95000000000,-0.029,,,,,5500000000,0.216,15000000000,-0.082,,10000000000,,149.51,,,,,,,,,,,,,,,,,,,,,,true,true,6,2019-04-01,2019-09-30,1
2019-04-26,54440,2020-03-31,,190000000000,-0.056,,,,,9000000000,-0.029,28500000000,-0.094,,20000000000,,299.02,,,,,,,,,,,,,,,,0.334,,,,,,true,true,12,2019-04-01,2020-03-31,1
2019-04-26,54440,2018-03-31,,,,,,,,,,,,,,,,,,,,,,,,,,,,,,50.00,,,,67670000,784241,66885810,false,false,12,2017-04-01,2018-03-31,-1
2019-04-26,54440,2019-03-31,,,,,,,,,,,,,,,,,,,,,,,,,,,,,,65.00,,,,67670000,784647,66885534,false,false,12,2018-04-01,2019-03-31,0
2019-04-26,54440,2020-03-31,,,,,,,,,,,,,,,,,,,,,,,,,,,,,,100.00,,,,,,,false,true,12,2019-04-01,2020-03-31,1
2019-08-01,54440,2020-03-31,1,48316000000,0.034,,,,,2981000000,0.429,7061000000,-0.127,,4676000000,,69.91,,,,,,385414000000,336643000000,0.815,,313936000000,,,,,,,,,,,,true,false,3,2019-04-01,2019-06-30,0
2019-08-01,54440,2019-03-31,1,46729000000,0.156,,,,,2086000000,0.051,8088000000,0.440,,6392000000,,95.57,,,,,,,,,,,,,,,,,,,,,,true,false,3,2018-04-01,2018-06-30,-1
2019-08-01,54440,2020-03-31,1,95000000000,-0.029,,,,,7000000000,0.547,15000000000,-0.082,,10000000000,,149.51,,,,,,,,,,,,,,,,,,,,,,true,true,6,2019-04-01,2019-09-30,0
2019-08-01,54440,2020-03-31,1,190000000000,-0.056,,,,,11500000000,0.240,28500000000,-0.094,,20000000000,,299.02,,,,,,,,,,,,,,,,,,,,,,true,true,12,2019-04-01,2020-03-31,0
2019-08-01,54440,2019-03-31,1,,,,,,,,,,,,,,,,,,,,384068000000,333692000000,0.811,,311293000000,,,,,,,,,,,,true,false,12,2018-04-01,2019-03-31,-1
2019-08-01,54440,2019-03-31,1,,,,,,,,,,,,,,,,,,,,,,,,,,,,,65.00,,,,67670000,784647,,false,false,12,2018-04-01,2019-03-31,-1
2019-08-01,54440,2020-03-31,1,,,,,,,,,,,,,,,,,,,,,,,,,,,,,100.00,,,,,,,false,true,12,2019-04-01,2020-03-31,0
2019-08-01,54440,2020-03-31,1,,,,,,,,,,,,,,,,,,,,,,,,,,,,,,,,,67670000,784647,66885353,false,false,3,2019-04-01,2019-06-30,0
2019-08-01,54440,2019-03-31,1,,,,,,,,,,,,,,,,,,,,,,,,,,,,,,,,,,,66885759,false,false,3,2018-04-01,2018-06-30,-1
2019-11-01,54440,2020-03-31,2,98602000000,0.008,,,,,6967000000,0.540,14830000000,-0.092,,10096000000,,150.95,,,,,,380598000000,336578000000,0.823,,313177000000,,,,,,,,,,,,true,false,6,2019-04-01,2019-09-30,0
2019-11-01,54440,2019-03-31,2,97813000000,0.160,,,,,4524000000,0.004,16332000000,0.537,,12396000000,,185.33,,,,,,,,,,,,,,,,,,,,,,true,false,6,2018-04-01,2018-09-30,-1
2019-11-01,54440,2020-03-31,2,180000000000,-0.106,,,,,11500000000,0.240,21500000000,-0.317,,14000000000,,209.31,,,,,,,,,,,,,,,,,,,,,,true,true,12,2019-04-01,2020-03-31,0
2019-11-01,54440,2019-03-31,2,,,,,,,,,,,,,,,,,,,,384068000000,333692000000,0.811,,311293000000,,,,,,,,,,,,true,false,12,2018-04-01,2019-03-31,-1
2019-11-01,54440,2019-03-31,2,,,,,,,,,,,,,,,,,,,,,,,,,,,,,65.00,,,,67670000,784647,,false,false,12,2018-04-01,2019-03-31,-1
2019-11-01,54440,2020-03-31,2,,,,,,,,,,,,,,,,,,,,,,,,,,,,,50.00,,,,,,,false,false,12,2019-04-01,2020-03-31,0
2019-11-01,54440,2020-03-31,2,,,,,,,,,,,,,,,,,,,,,,,,,,,,,100.00,,,,,,,false,true,12,2019-04-01,2020-03-31,0
2019-11-01,54440,2020-03-31,2,,,,,,,,,,,,,,,,,,,,,,,,,,,,,,,,,67670000,784683,66885347,false,false,6,2019-04-01,2019-09-30,0
2019-11-01,54440,2019-03-31,2,,,,,,,,,,,,,,,,,,,,,,,,,,,,,,,,,,,66885661,false,false,6,2018-04-01,2018-09-30,-1
2020-02-03,54440,2020-03-31,3,140002000000,-0.064,,,,,9516000000,0.440,19420000000,-0.184,,12740000000,,190.49,,,,,,377689000000,336124000000,0.827,,312171000000,,,,,,,,,,,,true,false,9,2019-04-01,2019-12-31,0
2020-02-03,54440,2019-03-31,3,149595000000,0.162,,,,,6607000000,0.092,23796000000,0.682,,17463000000,,261.10,,,,,,,,,,,,,,,,,,,,,,true,false,9,2018-04-01,2018-12-31,-1
2020-02-03,54440,2020-03-31,3,180000000000,-0.106,,,,,11500000000,0.240,21500000000,-0.317,,14000000000,,209.31,,,,,,,,,,,,,,,,,,,,,,true,true,12,2019-04-01,2020-03-31,0
2020-02-03,54440,2019-03-31,3,,,,,,,,,,,,,,,,,,,,384068000000,333692000000,0.811,,311293000000,,,,,,,,,,,,true,false,12,2018-04-01,2019-03-31,-1
2020-02-03,54440,2019-03-31,3,,,,,,,,,,,,,,,,,,,,,,,,,,,,,65.00,,,,67670000,784647,,false,false,12,2018-04-01,2019-03-31,-1
2020-02-03,54440,2020-03-31,3,,,,,,,,,,,,,,,,,,,,,,,,,,,,,50.00,,,,,,,false,false,12,2019-04-01,2020-03-31,0
2020-02-03,54440,2020-03-31,3,,,,,,,,,,,,,,,,,,,,,,,,,,,,,100.00,,,,,,,false,true,12,2019-04-01,2020-03-31,0
2020-02-03,54440,2020-03-31,3,,,,,,,,,,,,,,,,,,,,,,,,,,,,,,,,,67670000,784683,66885337,false,false,9,2019-04-01,2019-12-31,0
2020-02-03,54440,2019-03-31,3,,,,,,,,,,,,,,,,,,,,,,,,,,,,,,,,,,,66885585,false,false,9,2018-04-01,2018-12-31,-1
2020-05-15,54440,2020-03-31,,181964000000,-0.096,,,,,11333000000,0.222,23125000000,-0.265,,14762000000,,220.72,,0.047,0.060,0.062,,383025000000,342606000000,0.830,4751.10,317778000000,26105000000,-22319000000,-6694000000,26487000000,,0.453,,,,,,true,false,12,2019-04-01,2020-03-31,0
2020-05-15,54440,2019-03-31,,201299000000,0.143,,,,,9272000000,0.112,31469000000,0.765,,22793000000,,340.78,,0.075,0.084,0.046,,384068000000,333692000000,0.811,4654.13,311293000000,24393000000,-13008000000,-3949000000,29561000000,,0.191,,,,,,true,false,12,2018-04-01,2019-03-31,-1
2020-05-15,54440,2021-03-31,,70000000000,-0.290,,,,,4500000000,-0.354,8000000000,-0.461,,5000000000,,74.75,,,,,,,,,,,,,,,,,,,,,,true,true,6,2020-04-01,2020-09-30,1
2020-05-15,54440,2021-03-31,,130000000000,-0.286,,,,,5500000000,-0.515,10500000000,-0.546,,6000000000,,89.71,,,,,,,,,,,,,,,,0.892,,,,,,true,true,12,2020-04-01,2021-03-31,1
2020-05-15,54440,2019-03-31,,,,,,,,,,,,,,,,,,,,,,,,,,,,,,65.00,,,,67670000,784647,66885534,false,false,12,2018-04-01,2019-03-31,-1
2020-05-15,54440,2020-03-31,,,,,,,,,,,,,,,,,,,,,,,,,,,,,,100.00,,,,67670000,784739,66885323,false,false,12,2019-04-01,2020-03-31,0
2020-05-15,54440,2021-03-31,,,,,,,,,,,,,,,,,,,,,,,,,,,,,,80.00,,,,,,,false,true,12,2020-04-01,2021-03-31,1
2020-06-19,54440,2021-03-31,,76000000000,0.086,,,,,4500000000,,8000000000,,,-1000000000,,-14.95,,,,,,,,,,,,,,,,,,,,,,true,true,6,2020-04-01,2020-09-30,0
2020-06-19,54440,2020-03-31,,98602000000,,,,,,6967000000,,14830000000,,,10096000000,,150.95,,,,,,,,,,,,,,,,,,,,,,true,false,6,2019-04-01,2019-09-30,-1
2020-06-19,54440,2021-03-31,,115000000000,-0.115,,,,,5500000000,,10500000000,,,0,,0.00,,,,,,,,,,,,,,,,,,,,,,true,true,12,2020-04-01,2021-03-31,0
2020-06-19,54440,2020-03-31,,181964000000,,,,,,11333000000,,23125000000,,,14762000000,,220.72,,,,,,,,,,,,,,,,,,,,,,true,false,12,2019-04-01,2020-03-31,-1
2020-08-03,54440,2021-03-31,1,38246000000,-0.208,,,,,3077000000,0.032,7474000000,0.058,,5138000000,,76.83,,,,,,375709000000,335756000000,0.833,,312992000000,,,,,,,,,,,,true,false,3,2020-04-01,2020-06-30,0
2020-08-03,54440,2020-03-31,1,48316000000,0.034,,,,,2981000000,0.429,7061000000,-0.127,,4676000000,,69.91,,,,,,,,,,,,,,,,,,,,,,true,false,3,2019-04-01,2019-06-30,-1
2020-08-03,54440,2021-03-31,1,83000000000,-0.158,,,,,6000000000,-0.139,11500000000,-0.225,,800000000,,11.96,,,,,,,,,,,,,,,,,,,,,,true,true,6,2020-04-01,2020-09-30,0
2020-08-03,54440,2021-03-31,1,125000000000,-0.313,,,,,8000000000,-0.294,17000000000,-0.265,,4000000000,,59.80,,,,,,,,,,,,,,,,,,,,,,true,true,12,2020-04-01,2021-03-31,0
2020-08-03,54440,2020-03-31,1,,,,,,,,,,,,,,,,,,,,383025000000,342606000000,0.830,,317778000000,,,,,,,,,,,,true,false,12,2019-04-01,2020-03-31,-1
2020-08-03,54440,2020-03-31,1,,,,,,,,,,,,,,,,,,,,,,,,,,,,,100.00,,,,67670000,784739,,false,false,12,2019-04-01,2020-03-31,-1
2020-08-03,54440,2021-03-31,1,,,,,,,,,,,,,,,,,,,,,,,,,,,,,80.00,,,,,,,false,true,12,2020-04-01,2021-03-31,0
2020-08-03,54440,2021-03-31,1,,,,,,,,,,,,,,,,,,,,,,,,,,,,,,,,,67670000,784739,66885261,false,false,3,2020-04-01,2020-06-30,0
2020-08-03,54440,2020-03-31,1,,,,,,,,,,,,,,,,,,,,,,,,,,,,,,,,,,,66885353,false,false,3,2019-04-01,2019-06-30,-1
2020-11-02,54440,2021-03-31,2,84236000000,-0.146,,,,,6832000000,-0.019,12961000000,-0.126,,1940000000,,29.07,,,,,,362149000000,332589000000,0.852,,308568000000,,,,,,,,,,,,true,false,6,2020-04-01,2020-09-30,0
2020-11-02,54440,2020-03-31,2,98602000000,0.008,,,,,6967000000,0.540,14830000000,-0.092,,10096000000,,150.95,,,,,,,,,,,,,,,,,,,,,,true,false,6,2019-04-01,2019-09-30,-1
2020-11-02,54440,2021-03-31,2,132000000000,-0.275,,,,,9000000000,-0.206,20500000000,-0.114,,7000000000,,105.61,,,,,,,,,,,,,,,,,,,,,,true,true,12,2020-04-01,2021-03-31,0
2020-11-02,54440,2020-03-31,2,,,,,,,,,,,,,,,,,,,,383025000000,342606000000,0.830,,317778000000,,,,,,,,,,,,true,false,12,2019-04-01,2020-03-31,-1
2020-11-02,54440,2020-03-31,2,,,,,,,,,,,,,,,,,,,,,,,,,,,,,100.00,,,,67670000,784739,,false,false,12,2019-04-01,2020-03-31,-1
2020-11-02,54440,2021-03-31,2,,,,,,,,,,,,,,,,,,,,,,,,,,,,,40.00,,,,,,,false,false,12,2020-04-01,2021-03-31,0
2020-11-02,54440,2021-03-31,2,,,,,,,,,,,,,,,,,,,,,,,,,,,,,80.00,,,,,,,false,true,12,2020-04-01,2021-03-31,0
2020-11-02,54440,2021-03-31,2,,,,,,,,,,,,,,,,,,,,,,,,,,,,,,,,,67670000,1390951,66727857,false,false,6,2020-04-01,2020-09-30,0
2020-11-02,54440,2020-03-31,2,,,,,,,,,,,,,,,,,,,,,,,,,,,,,,,,,,,66885347,false,false,6,2019-04-01,2019-09-30,-1
2021-02-02,54440,2021-03-31,3,108756000000,-0.223,,,,,8690000000,-0.087,17507000000,-0.099,,4874000000,,73.43,,,,,,358901000000,325270000000,0.843,,302461000000,,,,,,,,,,,,true,false,9,2020-04-01,2020-12-31,0
2021-02-02,54440,2020-03-31,3,140002000000,-0.064,,,,,9516000000,0.440,19420000000,-0.184,,12740000000,,190.49,,,,,,,,,,,,,,,,,,,,,,true,false,9,2019-04-01,2019-12-31,-1
2021-02-02,54440,2021-03-31,3,136000000000,-0.253,,,,,9500000000,-0.162,19500000000,-0.157,,4000000000,,60.90,,,,,,,,,,,,,,,,,,,,,,true,true,12,2020-04-01,2021-03-31,0
2021-02-02,54440,2020-03-31,3,,,,,,,,,,,,,,,,,,,,383025000000,342606000000,0.830,,317778000000,,,,,,,,,,,,true,false,12,2019-04-01,2020-03-31,-1
2021-02-02,54440,2020-03-31,3,,,,,,,,,,,,,,,,,,,,,,,,,,,,,100.00,,,,67670000,784739,,false,false,12,2019-04-01,2020-03-31,-1
2021-02-02,54440,2021-03-31,3,,,,,,,,,,,,,,,,,,,,,,,,,,,,,40.00,,,,,,,false,false,12,2020-04-01,2021-03-31,0
2021-02-02,54440,2021-03-31,3,,,,,,,,,,,,,,,,,,,,,,,,,,,,,80.00,,,,,,,false,true,12,2020-04-01,2021-03-31,0
2021-02-02,54440,2021-03-31,3,,,,,,,,,,,,,,,,,,,,,,,,,,,,,,,,,67670000,1987348,66379456,false,false,9,2020-04-01,2020-12-31,0
2021-02-02,54440,2020-03-31,3,,,,,,,,,,,,,,,,,,,,,,,,,,,,,,,,,,,66885337,false,false,9,2019-04-01,2019-12-31,-1
2021-04-30,54440,2021-03-31,,136025000000,-0.252,,,,,10018000000,-0.116,21569000000,-0.067,,4984000000,,75.29,,0.016,0.058,0.074,,359788000000,325797000000,0.840,4598.58,302046000000,27042000000,-24378000000,-9937000000,19163000000,,1.063,,,,,,true,false,12,2020-04-01,2021-03-31,0
2021-04-30,54440,2020-03-31,,181964000000,-0.096,,,,,11333000000,0.222,23125000000,-0.265,,14762000000,,220.72,,0.047,0.060,0.062,,383025000000,342606000000,0.830,4751.10,317778000000,26105000000,-22319000000,-6694000000,26487000000,,0.453,,,,,,true,false,12,2019-04-01,2020-03-31,-1
2021-04-30,54440,2022-03-31,,65000000000,-0.228,,,,,3500000000,-0.488,15500000000,0.196,,10000000000,,152.25,,,,,,,,,,,,,,,,,,,,,,true,true,6,2021-04-01,2021-09-30,1
2021-04-30,54440,2022-03-31,,133000000000,-0.022,,,,,8000000000,-0.201,26500000000,0.229,,17000000000,,258.82,,,,,,,,,,,,,,,,0.309,,,,,,true,true,12,2021-04-01,2022-03-31,1
2021-04-30,54440,2020-03-31,,,,,,,,,,,,,,,,,,,,,,,,,,,,,,100.00,,,,67670000,784739,66885323,false,false,12,2019-04-01,2020-03-31,-1
2021-04-30,54440,2021-03-31,,,,,,,,,,,,,,,,,,,,,,,,,,,,,,80.00,,,,67670000,1987442,66205231,false,false,12,2020-04-01,2021-03-31,0
2021-04-30,54440,2022-03-31,,,,,,,,,,,,,,,,,,,,,,,,,,,,,,80.00,,,,,,,false,true,12,2021-04-01,2022-03-31,1
2021-08-02,54440,2022-03-31,1,32805000000,-0.142,,,,,1616000000,-0.475,8303000000,0.111,,5532000000,,84.65,,,,,,375656000000,340221000000,0.842,,316435000000,,,,,,,,,,,,true,false,3,2021-04-01,2021-06-30,0
2021-08-02,54440,2021-03-31,1,38246000000,-0.208,,,,,3077000000,0.032,7474000000,0.058,,5138000000,,76.83,,,,,,,,,,,,,,,,,,,,,,true,false,3,2020-04-01,2020-06-30,-1
2021-08-02,54440,2022-03-31,1,67500000000,-0.199,,,,,3000000000,-0.561,20000000000,0.543,,13500000000,,207.54,,,,,,,,,,,,,,,,,,,,,,true,true,6,2021-04-01,2021-09-30,0
2021-08-02,54440,2022-03-31,1,144000000000,0.059,,,,,8500000000,-0.152,43000000000,0.994,,29500000000,,453.52,,,,,,,,,,,,,,,,,,,,,,true,true,12,2021-04-01,2022-03-31,0
2021-08-02,54440,2021-03-31,1,,,,,,,,,,,,,,,,,,,,359788000000,325797000000,0.840,,302046000000,,,,,,,,,,,,true,false,12,2020-04-01,2021-03-31,-1
2021-08-02,54440,2021-03-31,1,,,,,,,,,,,,,,,,,,,,,,,,,,,,,80.00,,,,67670000,1987442,,false,false,12,2020-04-01,2021-03-31,-1
2021-08-02,54440,2022-03-31,1,,,,,,,,,,,,,,,,,,,,,,,,,,,,,120.00,,,,,,,false,true,12,2021-04-01,2022-03-31,0
2021-08-02,54440,2022-03-31,1,,,,,,,,,,,,,,,,,,,,,,,,,,,,,,,,,67670000,2623442,65361691,false,false,3,2021-04-01,2021-06-30,0
2021-08-02,54440,2021-03-31,1,,,,,,,,,,,,,,,,,,,,,,,,,,,,,,,,,,,66885261,false,false,3,2020-04-01,2020-06-30,-1
2021-08-02,54440,2022-03-31,,67500000000,0.038,,,,,3000000000,-0.143,20000000000,0.290,13500000000,,0.350,207.54,,,,,,,,,,,,,,,,,,,,,,true,true,6,2021-04-01,2021-09-30,0
2021-08-02,54440,2021-03-31,,84236000000,,,,,,6832000000,,12961000000,,1940000000,,,29.07,,,,,,,,,,,,,,,,,,,,,,true,false,6,2020-04-01,2020-09-30,-1
2021-08-02,54440,2022-03-31,,144000000000,0.083,,,,,8500000000,0.063,43000000000,0.623,,29500000000,,453.52,,,,,,,,,,,,,,,,,,,,,,true,true,12,2021-04-01,2022-03-31,0
2021-08-02,54440,2021-03-31,,136025000000,,,,,,10018000000,,21569000000,,,4984000000,,75.29,,,,,,,,,,,,,,,,,,,,,,true,false,12,2020-04-01,2021-03-31,-1
,54440,2022-03-31,,,,,,,,,,,,,,,,,,,,,,,,,,,,,,120.00,,,,,,,false,true,12,2021-04-01,2022-03-31,0
,54440,2021-03-31,,,,,,,,,,,,,,,,,,,,,,,,,,,,,,80.00,,,,,,,false,false,12,2020-04-01,2021-03-31,-1
2021-10-29,54440,2022-03-31,2,67692000000,-0.196,,,,,3754000000,-0.451,21117000000,0.629,,14842000000,,228.25,,,,,,382196000000,347364000000,0.846,,323485000000,,,,,,,,,,,,true,false,6,2021-04-01,2021-09-30,0
2021-10-29,54440,2021-03-31,2,84236000000,-0.146,,,,,6832000000,-0.019,12961000000,-0.126,,1940000000,,29.07,,,,,,,,,,,,,,,,,,,,,,true,false,6,2020-04-01,2020-09-30,-1
2021-10-29,54440,2022-03-31,2,150000000000,0.103,,,,,12500000000,0.248,55000000000,1.550,,38000000000,,587.36,,,,,,,,,,,,,,,,,,,,,,true,true,12,2021-04-01,2022-03-31,0
2021-10-29,54440,2021-03-31,2,,,,,,,,,,,,,,,,,,,,359788000000,325797000000,0.840,,302046000000,,,,,,,,,,,,true,false,12,2020-04-01,2021-03-31,-1
2021-10-29,54440,2021-03-31,2,,,,,,,,,,,,,,,,,,,,,,,,,,,,,80.00,,,,67670000,1987442,,false,false,12,2020-04-01,2021-03-31,-1
2021-10-29,54440,2022-03-31,2,,,,,,,,,,,,,,,,,,,,,,,,,,,,,60.00,,,,,,,false,false,12,2021-04-01,2022-03-31,0
2021-10-29,54440,2022-03-31,2,,,,,,,,,,,,,,,,,,,,,,,,,,,,,120.00,,,,,,,false,true,12,2021-04-01,2022-03-31,0
2021-10-29,54440,2022-03-31,2,,,,,,,,,,,,,,,,,,,,,,,,,,,,,,,,,67670000,2974264,65028714,false,false,6,2021-04-01,2021-09-30,0
2021-10-29,54440,2021-03-31,2,,,,,,,,,,,,,,,,,,,,,,,,,,,,,,,,,,,66727857,false,false,6,2020-04-01,2020-09-30,-1
2021-10-29,54440,2022-03-31,,150000000000,0.042,,,,,12500000000,0.471,55000000000,0.279,,38000000000,,587.36,,,,,,,,,,,,,,,,,,,,,,true,true,12,2021-04-01,2022-03-31,0
2021-10-29,54440,2021-03-31,,136025000000,,,,,,10018000000,,21569000000,,,4984000000,,75.29,,,,,,,,,,,,,,,,,,,,,,true,false,12,2020-04-01,2021-03-31,-1
2022-01-31,54440,2022-03-31,3,107706000000,-0.010,,,,,8531000000,-0.018,39622000000,1.263,,27823000000,,429.34,,,,,,390743000000,352467000000,0.843,,329315000000,,,,,,,,,,,,true,false,9,2021-04-01,2021-12-31,0
2022-01-31,54440,2021-03-31,3,108756000000,-0.223,,,,,8690000000,-0.087,17507000000,-0.099,,4874000000,,73.43,,,,,,,,,,,,,,,,,,,,,,true,false,9,2020-04-01,2020-12-31,-1
2022-01-31,54440,2022-03-31,3,150000000000,0.103,,,,,13500000000,0.348,56000000000,1.596,,38500000000,,604.52,,,,,,,,,,,,,,,,,,,,,,true,true,12,2021-04-01,2022-03-31,0
2022-01-31,54440,2021-03-31,3,,,,,,,,,,,,,,,,,,,,359788000000,325797000000,0.840,,302046000000,,,,,,,,,,,,true,false,12,2020-04-01,2021-03-31,-1
2022-01-31,54440,2021-03-31,3,,,,,,,,,,,,,,,,,,,,,,,,,,,,,80.00,,,,67670000,1987442,,false,false,12,2020-04-01,2021-03-31,-1
2022-01-31,54440,2022-03-31,3,,,,,,,,,,,,,,,,,,,,,,,,,,,,,60.00,,,,,,,false,false,12,2021-04-01,2022-03-31,0
2022-01-31,54440,2022-03-31,3,,,,,,,,,,,,,,,,,,,,,,,,,,,,,160.00,,,,,,,false,true,12,2021-04-01,2022-03-31,0
2022-01-31,54440,2022-03-31,3,,,,,,,,,,,,,,,,,,,,,,,,,,,,,,,,,67670000,3983166,64805621,false,false,9,2021-04-01,2021-12-31,0
2022-01-31,54440,2021-03-31,3,,,,,,,,,,,,,,,,,,,,,,,,,,,,,,,,,,,66379456,false,false,9,2020-04-01,2020-12-31,-1
2022-04-28,54440,2022-03-31,,150029000000,0.103,,,,,13290000000,0.327,57646000000,1.673,,39917000000,,618.62,,0.122,0.149,0.089,,414928000000,375686000000,0.844,5501.16,350351000000,11457000000,76736000000,-15904000000,95467000000,,0.259,,,,,,true,false,12,2021-04-01,2022-03-31,0
2022-04-28,54440,2021-03-31,,136025000000,-0.252,,,,,10018000000,-0.116,21569000000,-0.067,,4984000000,,75.29,,0.016,0.058,0.074,,359788000000,325797000000,0.840,4598.58,302046000000,27042000000,-24378000000,-9937000000,19163000000,,1.063,,,,,,true,false,12,2020-04-01,2021-03-31,-1
2022-04-28,54440,2023-03-31,,95000000000,0.403,,,,,7500000000,0.998,44500000000,1.107,,32000000000,,502.46,,,,,,,,,,,,,,,,,,,,,,true,true,6,2022-04-01,2022-09-30,1
2022-04-28,54440,2023-03-31,,193000000000,0.286,,,,,14000000000,0.053,79000000000,0.370,,56000000000,,879.30,,,,,,,,,,,,,,,,0.227,,,,,,true,true,12,2022-04-01,2023-03-31,1
2022-04-28,54440,2021-03-31,,,,,,,,,,,,,,,,,,,,,,,,,,,,,,80.00,,,,67670000,1987442,66205231,false,false,12,2020-04-01,2021-03-31,-1
2022-04-28,54440,2022-03-31,,,,,,,,,,,,,,,,,,,,,,,,,,,,,,160.00,,,,65000000,1313215,64525916,false,false,12,2021-04-01,2022-03-31,0
2022-04-28,54440,2023-03-31,,,,,,,,,,,,,,,,,,,,,,,,,,,,,,200.00,,,,,,,false,true,12,2022-04-01,2023-03-31,1
2022-08-01,54440,2023-03-31,1,46992000000,0.432,,,,,4221000000,1.611,23174000000,1.791,,18039000000,,283.25,,,,,,452837000000,406858000000,0.839,,379728000000,,,,,,,,,,,,true,false,3,2022-04-01,2022-06-30,0
2022-08-01,54440,2022-03-31,1,32805000000,-0.142,,,,,1616000000,-0.475,8303000000,0.111,,5532000000,,84.65,,,,,,,,,,,,,,,,,,,,,,true,false,3,2021-04-01,2021-06-30,-1
2022-08-01,54440,2023-03-31,1,94000000000,0.389,,,,,9000000000,1.397,48000000000,1.273,,35500000000,,557.42,,,,,,,,,,,,,,,,,,,,,,true,true,6,2022-04-01,2022-09-30,0
2022-08-01,54440,2023-03-31,1,187000000000,0.246,,,,,15000000000,0.129,88000000000,0.527,,64000000000,,1004.92,,,,,,,,,,,,,,,,,,,,,,true,true,12,2022-04-01,2023-03-31,0
2022-08-01,54440,2022-03-31,1,,,,,,,,,,,,,,,,,,,,414928000000,375686000000,0.844,,350351000000,,,,,,,,,,,,true,false,12,2021-04-01,2022-03-31,-1
2022-08-01,54440,2022-03-31,1,,,,,,,,,,,,,,,,,,,,,,,,,,,,,160.00,,,,65000000,1313215,,false,false,12,2021-04-01,2022-03-31,-1
2022-08-01,54440,2023-03-31,1,,,,,,,,,,,,,,,,,,,,,,,,,,,,,200.00,,,,,,,false,true,12,2022-04-01,2023-03-31,0
2022-08-01,54440,2023-03-31,1,,,,,,,,,,,,,,,,,,,,,,,,,,,,,,,,,65000000,1313299,63686744,false,false,3,2022-04-01,2022-06-30,0
2022-08-01,54440,2022-03-31,1,,,,,,,,,,,,,,,,,,,,,,,,,,,,,,,,,,,65361691,false,false,3,2021-04-01,2021-06-30,-1
2022-10-31,54440,2023-03-31,2,94773000000,0.400,,,,,9417000000,1.508,51361000000,1.432,,37875000000,,594.66,,,,,,507406000000,461860000000,0.852,,432067000000,,,,,,,,,,,,true,false,6,2022-04-01,2022-09-30,0
2022-10-31,54440,2022-03-31,2,67692000000,-0.196,,,,,3754000000,-0.451,21117000000,0.629,,14842000000,,228.25,,,,,,,,,,,,,,,,,,,,,,true,false,6,2021-04-01,2021-09-30,-1
2022-10-31,54440,2023-03-31,2,179000000000,0.193,,,,,15000000000,0.129,90500000000,0.570,,66000000000,,1036.15,,,,,,,,,,,,,,,,,,,,,,true,true,12,2022-04-01,2023-03-31,0
2022-10-31,54440,2022-03-31,2,,,,,,,,,,,,,,,,,,,,414928000000,375686000000,0.844,,350351000000,,,,,,,,,,,,true,false,12,2021-04-01,2022-03-31,-1
2022-10-31,54440,2022-03-31,2,,,,,,,,,,,,,,,,,,,,,,,,,,,,,160.00,,,,65000000,1313215,,false,false,12,2021-04-01,2022-03-31,-1
2022-10-31,54440,2023-03-31,2,,,,,,,,,,,,,,,,,,,,,,,,,,,,,150.00,,,,,,,false,false,12,2022-04-01,2023-03-31,0
2022-10-31,54440,2023-03-31,2,,,,,,,,,,,,,,,,,,,,,,,,,,,,,300.00,,,,,,,false,true,12,2022-04-01,2023-03-31,0
2022-10-31,54440,2023-03-31,2,,,,,,,,,,,,,,,,,,,,,,,,,,,,,,,,,65000000,1302789,63691977,false,false,6,2022-04-01,2022-09-30,0
2022-10-31,54440,2022-03-31,2,,,,,,,,,,,,,,,,,,,,,,,,,,,,,,,,,,,65028714,false,false,6,2021-04-01,2021-09-30,-1
2023-01-31,54440,2023-03-31,3,139120000000,0.292,,,,,13573000000,0.591,72787000000,0.837,,53140000000,,834.32,,,,,,532045000000,484040000000,0.854,,454225000000,,,,,,,,,,,,true,false,9,2022-04-01,2022-12-31,0
2023-01-31,54440,2022-03-31,3,107706000000,-0.010,,,,,8531000000,-0.018,39622000000,1.263,,27823000000,,429.34,,,,,,,,,,,,,,,,,,,,,,true,false,9,2021-04-01,2021-12-31,-1
2023-01-31,54440,2023-03-31,3,180000000000,0.200,,,,,16000000000,0.204,88500000000,0.535,,64000000000,,1004.75,,,,,,,,,,,,,,,,,,,,,,true,true,12,2022-04-01,2023-03-31,0
2023-01-31,54440,2022-03-31,3,,,,,,,,,,,,,,,,,,,,414928000000,375686000000,0.844,,350351000000,,,,,,,,,,,,true,false,12,2021-04-01,2022-03-31,-1
2023-01-31,54440,2022-03-31,3,,,,,,,,,,,,,,,,,,,,,,,,,,,,,160.00,,,,65000000,1313215,,false,false,12,2021-04-01,2022-03-31,-1
2023-01-31,54440,2023-03-31,3,,,,,,,,,,,,,,,,,,,,,,,,,,,,,150.00,,,,,,,false,false,12,2022-04-01,2023-03-31,0
2023-01-31,54440,2023-03-31,3,,,,,,,,,,,,,,,,,,,,,,,,,,,,,300.00,,,,,,,false,true,12,2022-04-01,2023-03-31,0
2023-01-31,54440,2023-03-31,3,,,,,,,,,,,,,,,,,,,,,,,,,,,,,,,,,65000000,1302859,63693699,false,false,9,2022-04-01,2022-12-31,0
2023-01-31,54440,2022-03-31,3,,,,,,,,,,,,,,,,,,,,,,,,,,,,,,,,,,,64805621,false,false,9,2021-04-01,2021-12-31,-1
2023-04-28,54440,2023-03-31,,180438000000,0.203,,,,,16813000000,0.265,90494000000,0.570,,65317000000,,1025.49,,0.165,0.195,0.093,,515000000000,470211000000,0.856,6917.47,440622000000,52654000000,-10346000000,-17719000000,133859000000,,0.293,,,,,,true,false,12,2022-04-01,2023-03-31,0
2023-04-28,54440,2022-03-31,,150029000000,0.103,,,,,13290000000,0.327,57646000000,1.673,,39917000000,,618.62,,0.122,0.149,0.089,,414928000000,375686000000,0.844,5501.16,350351000000,11457000000,76736000000,-15904000000,95467000000,,0.259,,,,,,true,false,12,2021-04-01,2022-03-31,-1
2023-04-28,54440,2024-03-31,,82000000000,-0.135,,,,,5500000000,-0.416,39000000000,-0.241,,28000000000,,439.58,,,,,,,,,,,,,,,,,,,,,,true,true,6,2023-04-01,2023-09-30,1
2023-04-28,54440,2024-03-31,,160000000000,-0.113,,,,,9500000000,-0.435,68000000000,-0.249,,48000000000,,753.57,,,,,,,,,,,,,,,,0.398,,,,,,true,true,12,2023-04-01,2024-03-31,1
2023-04-28,54440,2022-03-31,,,,,,,,,,,,,,,,,,,,,,,,,,,,,,160.00,,,,65000000,1313215,64525916,false,false,12,2021-04-01,2022-03-31,-1
2023-04-28,54440,2023-03-31,,,,,,,,,,,,,,,,,,,,,,,,,,,,,,300.00,,,,65000000,1302901,63694549,false,false,12,2022-04-01,2023-03-31,0
2023-04-28,54440,2024-03-31,,,,,,,,,,,,,,,,,,,,,,,,,,,,,,300.00,,,,,,,false,true,12,2023-04-01,2024-03-31,1
2023-07-31,54440,2024-03-31,1,42527000000,-0.095,,,,,4115000000,-0.025,25400000000,0.096,,18311000000,,287.48,,,,,,531649000000,483352000000,0.854,,454019000000,,,,,,,,,,,,true,false,3,2023-04-01,2023-06-30,0
2023-07-31,54440,2023-03-31,1,46992000000,0.432,,,,,4221000000,1.611,23174000000,1.791,,18039000000,,283.25,,,,,,,,,,,,,,,,,,,,,,true,false,3,2022-04-01,2022-06-30,-1
2023-07-31,54440,2024-03-31,1,79500000000,-0.161,,,,,7500000000,-0.204,47000000000,-0.085,,33000000000,,518.08,,,,,,,,,,,,,,,,,,,,,,true,true,6,2023-04-01,2023-09-30,0
2023-07-31,54440,2024-03-31,1,154000000000,-0.147,,,,,13000000000,-0.227,82000000000,-0.094,,58000000000,,910.56,,,,,,,,,,,,,,,,,,,,,,true,true,12,2023-04-01,2024-03-31,0
2023-07-31,54440,2023-03-31,1,,,,,,,,,,,,,,,,,,,,515000000000,470211000000,0.856,,440622000000,,,,,,,,,,,,true,false,12,2022-04-01,2023-03-31,-1
2023-07-31,54440,2023-03-31,1,,,,,,,,,,,,,,,,,,,,,,,,,,,,,300.00,,,,65000000,1302901,,false,false,12,2022-04-01,2023-03-31,-1
2023-07-31,54440,2024-03-31,1,,,,,,,,,,,,,,,,,,,,,,,,,,,,,300.00,,,,,,,false,true,12,2023-04-01,2024-03-31,0
2023-07-31,54440,2024-03-31,1,,,,,,,,,,,,,,,,,,,,,,,,,,,,,,,,,65000000,1303052,63696988,false,false,3,2023-04-01,2023-06-30,0
2023-07-31,54440,2023-03-31,1,,,,,,,,,,,,,,,,,,,,,,,,,,,,,,,,,,,63686744,false,false,3,2022-04-01,2022-06-30,-1
2023-10-31,54440,2024-03-31,2,80373000000,-0.152,,,,,7854000000,-0.166,50621000000,-0.014,,36342000000,,570.53,,,,,,581830000000,533344000000,0.863,,502285000000,,,,,,,,,,,,true,false,6,2023-04-01,2023-09-30,0
2023-10-31,54440,2023-03-31,2,94773000000,0.400,,,,,9417000000,1.508,51361000000,1.432,,37875000000,,594.66,,,,,,,,,,,,,,,,,,,,,,true,false,6,2022-04-01,2022-09-30,-1
2023-10-31,54440,2024-03-31,2,157000000000,-0.130,,,,,14000000000,-0.167,90000000000,-0.005,,63000000000,,988.93,,,,,,,,,,,,,,,,,,,,,,true,true,12,2023-04-01,2024-03-31,0
2023-10-31,54440,2023-03-31,2,,,,,,,,,,,,,,,,,,,,515000000000,470211000000,0.856,,440622000000,,,,,,,,,,,,true,false,12,2022-04-01,2023-03-31,-1
2023-10-31,54440,2023-03-31,2,,,,,,,,,,,,,,,,,,,,,,,,,,,,,300.00,,,,65000000,1302901,,false,false,12,2022-04-01,2023-03-31,-1
2023-10-31,54440,2024-03-31,2,,,,,,,,,,,,,,,,,,,,,,,,,,,,,150.00,,,,,,,false,false,12,2023-04-01,2024-03-31,0
2023-10-31,54440,2024-03-31,2,,,,,,,,,,,,,,,,,,,,,,,,,,,,,300.00,,,,,,,false,true,12,2023-04-01,2024-03-31,0
2023-10-31,54440,2024-03-31,2,,,,,,,,,,,,,,,,,,,,,,,,,,,,,,,,,65000000,1294619,63699771,false,false,6,2023-04-01,2023-09-30,0
2023-10-31,54440,2023-03-31,2,,,,,,,,,,,,,,,,,,,,,,,,,,,,,,,,,,,63691977,false,false,6,2022-04-01,2022-09-30,-1
2024-01-31,54440,2024-03-31,3,122205000000,-0.122,,,,,12773000000,-0.059,73351000000,0.008,,51861000000,,814.13,,,,,,604031000000,551033000000,0.861,,519972000000,,,,,,,,,,,,true,false,9,2023-04-01,2023-12-31,0
2024-01-31,54440,2023-03-31,3,139120000000,0.292,,,,,13573000000,0.591,72787000000,0.837,,53140000000,,834.32,,,,,,,,,,,,,,,,,,,,,,true,false,9,2022-04-01,2022-12-31,-1
2024-01-31,54440,2024-03-31,3,163000000000,-0.097,,,,,16000000000,-0.048,94500000000,0.044,,66500000000,,1043.87,,,,,,,,,,,,,,,,,,,,,,true,true,12,2023-04-01,2024-03-31,0
2024-01-31,54440,2023-03-31,3,,,,,,,,,,,,,,,,,,,,515000000000,470211000000,0.856,,440622000000,,,,,,,,,,,,true,false,12,2022-04-01,2023-03-31,-1
2024-01-31,54440,2023-03-31,3,,,,,,,,,,,,,,,,,,,,,,,,,,,,,300.00,,,,65000000,1302901,,false,false,12,2022-04-01,2023-03-31,-1
2024-01-31,54440,2024-03-31,3,,,,,,,,,,,,,,,,,,,,,,,,,,,,,150.00,,,,,,,false,false,12,2023-04-01,2024-03-31,0
2024-01-31,54440,2024-03-31,3,,,,,,,,,,,,,,,,,,,,,,,,,,,,,300.00,,,,,,,false,true,12,2023-04-01,2024-03-31,0
2024-01-31,54440,2024-03-31,3,,,,,,,,,,,,,,,,,,,,,,,,,,,,,,,,,65000000,1294646,63701635,false,false,9,2023-04-01,2023-12-31,0
2024-01-31,54440,2023-03-31,3,,,,,,,,,,,,,,,,,,,,,,,,,,,,,,,,,,,63693699,false,false,9,2022-04-01,2022-12-31,-1
2024-04-30,54440,2024-03-31,,163479000000,-0.094,,,,,17282000000,0.028,99223000000,0.096,,70018000000,,1099.15,,0.145,0.177,0.106,,608783000000,554941000000,0.859,8207.69,522873000000,80915000000,-33292000000,-21256000000,168695000000,,0.364,,,,,,true,false,12,2023-04-01,2024-03-31,0
2024-04-30,54440,2023-03-31,,180438000000,0.203,,,,,16813000000,0.265,90494000000,0.570,,65317000000,,1025.49,,0.165,0.195,0.093,,515000000000,470211000000,0.856,6917.47,440622000000,52654000000,-10346000000,-17719000000,133859000000,,0.293,,,,,,true,false,12,2022-04-01,2023-03-31,-1
2024-04-30,54440,2025-03-31,,83000000000,0.033,,,,,4500000000,-0.427,37500000000,-0.259,,26500000000,,415.98,,,,,,,,,,,,,,,,,,,,,,true,true,6,2024-04-01,2024-09-30,1
2024-04-30,54440,2025-03-31,,182000000000,0.113,,,,,11000000000,-0.364,77000000000,-0.224,,55000000000,,863.35,,,,,,,,,,,,,,,,0.463,,,,,,true,true,12,2024-04-01,2025-03-31,1
2024-04-30,54440,2023-03-31,,,,,,,,,,,,,,,,,,,,,,,,,,,,,,300.00,,,,65000000,1302901,63694549,false,false,12,2022-04-01,2023-03-31,-1
2024-04-30,54440,2024-03-31,,,,,,,,,,,,,,,,,,,,,,,,,,,,,,400.00,,,,65000000,1294676,63702560,false,false,12,2023-04-01,2024-03-31,0
2024-04-30,54440,2025-03-31,,,,,,,,,,,,,,,,,,,,,,,,,,,,,,400.00,,,,,,,false,true,12,2024-04-01,2025-03-31,1
2024-07-31,54440,2025-03-31,1,34050000000,-0.199,,,,,1560000000,-0.621,24689000000,-0.028,,17574000000,,275.87,,,,,,661387000000,589912000000,0.829,,548261000000,,,,,,,,,,,,true,false,3,2024-04-01,2024-06-30,0
2024-07-31,54440,2024-03-31,1,42527000000,-0.095,,,,,4115000000,-0.025,25400000000,0.096,,18311000000,,287.48,,,,,,,,,,,,,,,,,,,,,,true,false,3,2023-04-01,2023-06-30,-1
2024-07-31,54440,2025-03-31,1,79500000000,-0.011,,,,,4500000000,-0.427,43000000000,-0.151,,29500000000,,463.07,,,,,,,,,,,,,,,,,,,,,,true,true,6,2024-04-01,2024-09-30,0
2024-07-31,54440,2025-03-31,1,178000000000,0.089,,,,,11000000000,-0.364,81000000000,-0.184,,57000000000,,894.75,,,,,,,,,,,,,,,,,,,,,,true,true,12,2024-04-01,2025-03-31,0
2024-07-31,54440,2024-03-31,1,,,,,,,,,,,,,,,,,,,,608783000000,554941000000,0.859,,522873000000,,,,,,,,,,,,true,false,12,2023-04-01,2024-03-31,-1
2024-07-31,54440,2024-03-31,1,,,,,,,,,,,,,,,,,,,,,,,,,,,,,400.00,,,,65000000,1294676,,false,false,12,2023-04-01,2024-03-31,-1
2024-07-31,54440,2025-03-31,1,,,,,,,,,,,,,,,,,,,,,,,,,,,,,400.00,,,,,,,false,true,12,2024-04-01,2025-03-31,0
2024-07-31,54440,2025-03-31,1,,,,,,,,,,,,,,,,,,,,,,,,,,,,,,,,,65000000,1294842,63705212,false,false,3,2024-04-01,2024-06-30,0
2024-07-31,54440,2024-03-31,1,,,,,,,,,,,,,,,,,,,,,,,,,,,,,,,,,,,63696988,false,false,3,2023-04-01,2023-06-30,-1
2024-10-31,54440,2025-03-31,2,78359000000,-0.025,,,,,5006000000,-0.363,41877000000,-0.173,,28549000000,,448.13,,,,,,693774000000,628467000000,0.842,,583965000000,,,,,,,,,,,,true,false,6,2024-04-01,2024-09-30,0
2024-10-31,54440,2024-03-31,2,80373000000,-0.152,,,,,7854000000,-0.166,50621000000,-0.014,,36342000000,,570.53,,,,,,,,,,,,,,,,,,,,,,true,false,6,2023-04-01,2023-09-30,-1
2024-10-31,54440,2025-03-31,2,170000000000,0.040,,,,,11000000000,-0.364,75000000000,-0.244,,52500000000,,824.02,,,,,,,,,,,,,,,,,,,,,,true,true,12,2024-04-01,2025-03-31,0
2024-10-31,54440,2024-03-31,2,,,,,,,,,,,,,,,,,,,,608783000000,554941000000,0.859,,522873000000,,,,,,,,,,,,true,false,12,2023-04-01,2024-03-31,-1
2024-10-31,54440,2024-03-31,2,,,,,,,,,,,,,,,,,,,,,,,,,,,,,400.00,,,,65000000,1294676,,false,false,12,2023-04-01,2024-03-31,-1
2024-10-31,54440,2025-03-31,2,,,,,,,,,,,,,,,,,,,,,,,,,,,,,200.00,,,,,,,false,false,12,2024-04-01,2025-03-31,0
2024-10-31,54440,2025-03-31,2,,,,,,,,,,,,,,,,,,,,,,,,,,,,,400.00,,,,,,,false,true,12,2024-04-01,2025-03-31,0
2024-10-31,54440,2025-03-31,2,,,,,,,,,,,,,,,,,,,,,,,,,,,,,,,,,65000000,1288106,63708553,false,false,6,2024-04-01,2024-09-30,0
2024-10-31,54440,2024-03-31,2,,,,,,,,,,,,,,,,,,,,,,,,,,,,,,,,,,,63699771,false,false,6,2023-04-01,2023-09-30,-1
2025-01-31,54440,2025-03-31,3,126248000000,0.033,,,,,9281000000,-0.273,38049000000,-0.481,,19382000000,,304.71,,,,,,617536000000,555714000000,0.830,,512433000000,,,,,,,,,,,,true,false,9,2024-04-01,2024-12-31,0
2025-01-31,54440,2024-03-31,3,122205000000,-0.122,,,,,12773000000,-0.059,73351000000,0.008,,51861000000,,814.13,,,,,,,,,,,,,,,,,,,,,,true,false,9,2023-04-01,2023-12-31,-1
2025-01-31,54440,2025-03-31,3,169000000000,0.034,,,,,11000000000,-0.364,52000000000,-0.476,,28000000000,,443.51,,,,,,,,,,,,,,,,,,,,,,true,true,12,2024-04-01,2025-03-31,0
2025-01-31,54440,2024-03-31,3,,,,,,,,,,,,,,,,,,,,608783000000,554941000000,0.859,,522873000000,,,,,,,,,,,,true,false,12,2023-04-01,2024-03-31,-1
2025-01-31,54440,2024-03-31,3,,,,,,,,,,,,,,,,,,,,,,,,,,,,,400.00,,,,65000000,1294676,,false,false,12,2023-04-01,2024-03-31,-1
2025-01-31,54440,2025-03-31,3,,,,,,,,,,,,,,,,,,,,,,,,,,,,,200.00,,,,,,,false,false,12,2024-04-01,2025-03-31,0
2025-01-31,54440,2025-03-31,3,,,,,,,,,,,,,,,,,,,,,,,,,,,,,400.00,,,,,,,false,true,12,2024-04-01,2025-03-31,0
2025-01-31,54440,2025-03-31,3,,,,,,,,,,,,,,,,,,,,,,,,,,,,,,,,,65000000,1867706,63609489,false,false,9,2024-04-01,2024-12-31,0
2025-01-31,54440,2024-03-31,3,,,,,,,,,,,,,,,,,,,,,,,,,,,,,,,,,,,63701635,false,false,9,2023-04-01,2023-12-31,-1
2025-04-30,54440,2025-03-31,,168268000000,0.029,,,,,11493000000,-0.335,54402000000,-0.452,,31833000000,,502.51,,0.059,0.086,0.068,,657481000000,602940000000,0.848,8946.06,557572000000,71028000000,-85679000000,-42987000000,124021000000,,0.796,,,,,,true,false,12,2024-04-01,2025-03-31,0
2025-04-30,54440,2024-03-31,,163479000000,-0.094,,,,,17282000000,0.028,99223000000,0.096,,70018000000,,1099.15,,0.145,0.177,0.106,,608783000000,554941000000,0.859,8207.69,522873000000,80915000000,-33292000000,-21256000000,168695000000,,0.364,,,,,,true,false,12,2023-04-01,2024-03-31,-1
2025-04-30,54440,2026-03-31,,80000000000,0.021,,,,,2000000000,-0.601,27500000000,-0.343,,20000000000,,320.89,,,,,,,,,,,,,,,,,,,,,,true,true,6,2025-04-01,2025-09-30,1
2025-04-30,54440,2026-03-31,,164000000000,-0.025,,,,,6000000000,-0.478,56000000000,0.029,,40000000000,,641.79,,,,,,,,,,,,,,,,0.623,,,,,,true,true,12,2025-04-01,2026-03-31,1
2025-04-30,54440,2024-03-31,,,,,,,,,,,,,,,,,,,,,,,,,,,,,,400.00,,,,65000000,1294676,63702560,false,false,12,2023-04-01,2024-03-31,-1
2025-04-30,54440,2025-03-31,,,,,,,,,,,,,,,,,,,,,,,,,,,,,,400.00,,,,65000000,2673900,63349095,false,false,12,2024-04-01,2025-03-31,0
2025-04-30,54440,2026-03-31,,,,,,,,,,,,,,,,,,,,,,,,,,,,,,400.00,,,,,,,false,true,12,2025-04-01,2026-03-31,1
