filing_date,code,fiscal_year_end,quarterly_period,net_sales,net_sales_change,revenue,revenue_change,operating_revenue,operating_revenue_change,operating_profit,operating_profit_change,ordinary_profit,ordinary_profit_change,net_income,net_income_of_parent,net_income_change,eps,diluted_eps,roe,roa,operating_profit_to_net_sales,operating_profit_to_revenue,total_assets,net_assets,equity_ratio,bps,owner_equity,operating_cash_flow,investing_cash_flow,financing_cash_flow,cash,dividend_per_share,payout_ratio,commemorative_dividend,extra_dividend,number_of_shares,number_of_treqsury_shares,avg_number_of_shares,is_consolidated,is_forecast,duration,period_start,period_end,period_pos
2015-05-07,54450,2015-03-31,,63610000000,0.102,,,,,4285000000,1.424,4203000000,1.509,2469000000,,2.384,53.41,,0.072,0.084,0.067,,51421000000,35762000000,0.695,771.97,35714000000,6317000000,-1157000000,-1641000000,8687000000,,0.225,,,,,,true,false,12,2014-04-01,2015-03-31,0
2015-05-07,54450,2014-03-31,,57725000000,0.050,,,,,1767000000,-0.586,1675000000,-0.591,729000000,,-0.749,16.16,,0.022,0.034,0.031,,48630000000,32990000000,0.677,713.26,32946000000,331000000,-3261000000,-508000000,5157000000,,0.433,,,,,,true,false,12,2013-04-01,2014-03-31,-1
2015-05-07,54450,2016-03-31,,29000000000,-0.093,,,,,2300000000,0.203,2200000000,0.182,,1200000000,,25.96,,,,,,,,,,,,,,,,,,,,,,true,true,6,2015-04-01,2015-09-30,1
2015-05-07,54450,2016-03-31,,61000000000,-0.041,,,,,4700000000,0.097,4600000000,0.094,,2900000000,,62.73,,,,,,,,,,,,,,,,,,,,,,true,true,12,2015-04-01,2016-03-31,1
2015-05-07,54450,2015-03-31,,59357000000,0.111,,,,,3153000000,4.635,3392000000,2.351,2050000000,,1.668,44.36,,,,,,46396000000,29298000000,0.631,633.29,29298000000,,,,,12.00,,,,46826528,563056,46229065,false,false,12,2014-04-01,2015-03-31,0
2015-05-07,54450,2014-03-31,,53435000000,0.045,,,,,559000000,-0.835,1012000000,-0.706,768000000,,-0.704,16.49,,,,,,43817000000,26970000000,0.616,583.88,26970000000,,,,,7.00,,,,46826528,635327,45156129,false,false,12,2013-04-01,2014-03-31,-1
2015-05-07,54450,2016-03-31,,,,,,,,,,,,,,,,,,,,,,,,,,,,,,4.00,,,,,,,false,true,12,2015-04-01,2016-03-31,1
2015-07-31,54450,2016-03-31,1,14713000000,-0.105,,,,,1306000000,0.030,1296000000,0.034,,1009000000,,21.81,,,,,,50877000000,36441000000,0.715,,36391000000,,,,,,,,,,,,true,false,3,2015-04-01,2015-06-30,0
2015-07-31,54450,2015-03-31,1,16449000000,0.132,,,,,1268000000,1.954,1253000000,2.075,,697000000,,15.10,,,,,,,,,,,,,,,,,,,,,,true,false,3,2014-04-01,2014-06-30,-1
2015-07-31,54450,2016-03-31,1,29000000000,-0.093,,,,,2300000000,0.203,2200000000,0.182,,1200000000,,25.96,,,,,,,,,,,,,,,,,,,,,,true,true,6,2015-04-01,2015-09-30,0
2015-07-31,54450,2016-03-31,1,61000000000,-0.041,,,,,4700000000,0.097,4600000000,0.094,,2900000000,,62.73,,,,,,,,,,,,,,,,,,,,,,true,true,12,2015-04-01,2016-03-31,0
2015-07-31,54450,2015-03-31,1,,,,,,,,,,,,,,,,,,,,51421000000,35762000000,0.695,,35714000000,,,,,,,,,,,,true,false,12,2014-04-01,2015-03-31,-1
2015-07-31,54450,2015-03-31,1,,,,,,,,,,,,,,,,,,,,,,,,,,,,,12.00,,,,46826528,563056,,false,false,12,2014-04-01,2015-03-31,-1
2015-07-31,54450,2016-03-31,1,,,,,,,,,,,,,,,,,,,,,,,,,,,,,4.00,,,,,,,false,true,12,2015-04-01,2016-03-31,0
2015-07-31,54450,2016-03-31,1,,,,,,,,,,,,,,,,,,,,,,,,,,,,,,,,,46826528,550343,46270300,false,false,3,2015-04-01,2015-06-30,0
2015-07-31,54450,2015-03-31,1,,,,,,,,,,,,,,,,,,,,,,,,,,,,,,,,,,,46200401,false,false,3,2014-04-01,2014-06-30,-1
2015-10-30,54450,2016-03-31,2,27342000000,-0.145,,,,,2135000000,0.117,2040000000,0.096,,1509000000,,32.61,,,,,,49127000000,36698000000,0.746,,36649000000,,,,,,,,,,,,true,false,6,2015-04-01,2015-09-30,0
2015-10-30,54450,2015-03-31,2,31983000000,0.149,,,,,1911000000,2.602,1861000000,2.792,,1070000000,,23.17,,,,,,,,,,,,,,,,,,,,,,true,false,6,2014-04-01,2014-09-30,-1
2015-10-30,54450,2016-03-31,2,61000000000,-0.041,,,,,4700000000,0.097,4600000000,0.094,,2900000000,,62.73,,,,,,,,,,,,,,,,,,,,,,true,true,12,2015-04-01,2016-03-31,0
2015-10-30,54450,2015-03-31,2,,,,,,,,,,,,,,,,,,,,51421000000,35762000000,0.695,,35714000000,,,,,,,,,,,,true,false,12,2014-04-01,2015-03-31,-1
2015-10-30,54450,2015-03-31,2,,,,,,,,,,,,,,,,,,,,,,,,,,,,,12.00,,,,46826528,563056,,false,false,12,2014-04-01,2015-03-31,-1
2015-10-30,54450,2016-03-31,2,,,,,,,,,,,,,,,,,,,,,,,,,,,,,4.00,,,,,,,false,false,12,2015-04-01,2016-03-31,0
2015-10-30,54450,2016-03-31,2,,,,,,,,,,,,,,,,,,,,,,,,,,,,,,,,,46826528,527759,46280387,false,false,6,2015-04-01,2015-09-30,0
2015-10-30,54450,2015-03-31,2,,,,,,,,,,,,,,,,,,,,,,,,,,,,,,,,,,,46210867,false,false,6,2014-04-01,2014-09-30,-1
2016-01-29,54450,2016-03-31,3,38890000000,-0.193,,,,,3064000000,-0.000,2970000000,-0.008,,2131000000,,46.05,,,,,,50208000000,37192000000,0.740,,37143000000,,,,,,,,,,,,true,false,9,2015-04-01,2015-12-31,0
2016-01-29,54450,2015-03-31,3,48206000000,0.126,,,,,3065000000,3.087,2995000000,3.364,,1795000000,,38.84,,,,,,,,,,,,,,,,,,,,,,true,false,9,2014-04-01,2014-12-31,-1
2016-01-29,54450,2016-03-31,3,50000000000,-0.214,,,,,3600000000,-0.160,3600000000,-0.143,,2500000000,,54.01,,,,,,,,,,,,,,,,,,,,,,true,true,12,2015-04-01,2016-03-31,0
2016-01-29,54450,2015-03-31,3,,,,,,,,,,,,,,,,,,,,51421000000,35762000000,0.695,,35714000000,,,,,,,,,,,,true,false,12,2014-04-01,2015-03-31,-1
2016-01-29,54450,2015-03-31,3,,,,,,,,,,,,,,,,,,,,,,,,,,,,,12.00,,,,46826528,563056,,false,false,12,2014-04-01,2015-03-31,-1
2016-01-29,54450,2016-03-31,3,,,,,,,,,,,,,,,,,,,,,,,,,,,,,4.00,,,,,,,false,false,12,2015-04-01,2016-03-31,0
2016-01-29,54450,2016-03-31,3,,,,,,,,,,,,,,,,,,,,,,,,,,,,,,,,,46826528,511751,46288453,false,false,9,2015-04-01,2015-12-31,0
2016-01-29,54450,2015-03-31,3,,,,,,,,,,,,,,,,,,,,,,,,,,,,,,,,,,,46220050,false,false,9,2014-04-01,2014-12-31,-1
2016-01-29,54450,2016-03-31,,50000000000,-0.180,,,,,3600000000,-0.234,3600000000,-0.217,,2500000000,,54.01,,,,,,,,,,,,,,,,,,,,,,true,true,12,2015-04-01,2016-03-31,0
2016-01-29,54450,2015-03-31,,63610000000,,,,,,4285000000,,4203000000,,,2469000000,,53.41,,,,,,,,,,,,,,,,,,,,,,true,false,12,2014-04-01,2015-03-31,-1
2016-05-09,54450,2016-03-31,,49786000000,-0.217,,,,,3632000000,-0.152,3572000000,-0.150,,2496000000,,53.91,,0.068,0.070,0.073,,50186000000,37394000000,0.744,806.05,37347000000,4747000000,-1417000000,-1670000000,10342000000,,0.223,,,,,,true,false,12,2015-04-01,2016-03-31,0
2016-05-09,54450,2015-03-31,,63610000000,0.102,,,,,4285000000,1.424,4203000000,1.509,,2469000000,,53.41,,0.072,0.084,0.067,,51421000000,35762000000,0.695,771.97,35714000000,6317000000,-1157000000,-1641000000,8687000000,,0.225,,,,,,true,false,12,2014-04-01,2015-03-31,-1
2016-05-09,54450,2017-03-31,,23000000000,-0.159,,,,,200000000,-0.906,200000000,-0.902,,,,,,,,,,,,,,,,,,,,,,,,,,true,true,6,2016-04-01,2016-09-30,1
2016-05-09,54450,2017-03-31,,49000000000,-0.016,,,,,1300000000,-0.642,1200000000,-0.664,,600000000,,12.96,,,,,,,,,,,,,,,,,,,,,,true,true,12,2016-04-01,2017-03-31,1
2016-05-09,54450,2016-03-31,,47344000000,-0.202,,,,,2852000000,-0.095,3322000000,-0.021,5496000000,,1.681,118.73,,,,,,46216000000,34019000000,0.736,734.21,34019000000,,,,,12.00,,,,46826528,491951,46297482,false,false,12,2015-04-01,2016-03-31,0
2016-05-09,54450,2015-03-31,,59357000000,0.111,,,,,3153000000,4.635,3392000000,2.351,2050000000,,1.668,44.36,,,,,,46396000000,29298000000,0.631,633.29,29298000000,,,,,12.00,,,,46826528,563056,46229065,false,false,12,2014-04-01,2015-03-31,-1
2016-05-09,54450,2017-03-31,,,,,,,,,,,,,,,,,,,,,,,,,,,,,,2.00,,,,,,,false,true,12,2016-04-01,2017-03-31,1
2016-07-29,54450,2017-03-31,1,11054000000,-0.249,,,,,390000000,-0.701,407000000,-0.686,,165000000,,3.57,,,,,,50134000000,37067000000,0.738,,37021000000,,,,,,,,,,,,true,false,3,2016-04-01,2016-06-30,0
2016-07-29,54450,2016-03-31,1,14713000000,-0.105,,,,,1306000000,0.030,1296000000,0.034,,1009000000,,21.81,,,,,,,,,,,,,,,,,,,,,,true,false,3,2015-04-01,2015-06-30,-1
2016-07-29,54450,2017-03-31,1,22000000000,-0.195,,,,,500000000,-0.766,500000000,-0.755,,100000000,,2.16,,,,,,,,,,,,,,,,,,,,,,true,true,6,2016-04-01,2016-09-30,0
2016-07-29,54450,2017-03-31,1,49000000000,-0.016,,,,,1300000000,-0.642,1200000000,-0.664,,600000000,,12.96,,,,,,,,,,,,,,,,,,,,,,true,true,12,2016-04-01,2017-03-31,0
2016-07-29,54450,2016-03-31,1,,,,,,,,,,,,,,,,,,,,50186000000,37394000000,0.744,,37347000000,,,,,,,,,,,,true,false,12,2015-04-01,2016-03-31,-1
2016-07-29,54450,2016-03-31,1,,,,,,,,,,,,,,,,,,,,,,,,,,,,,12.00,,,,46826528,491951,,false,false,12,2015-04-01,2016-03-31,-1
2016-07-29,54450,2017-03-31,1,,,,,,,,,,,,,,,,,,,,,,,,,,,,,2.00,,,,,,,false,true,12,2016-04-01,2017-03-31,0
2016-07-29,54450,2017-03-31,1,,,,,,,,,,,,,,,,,,,,,,,,,,,,,,,,,46826528,470151,46345427,false,false,3,2016-04-01,2016-06-30,0
2016-07-29,54450,2016-03-31,1,,,,,,,,,,,,,,,,,,,,,,,,,,,,,,,,,,,46270300,false,false,3,2015-04-01,2015-06-30,-1
2016-07-29,54450,2017-03-31,,22000000000,-0.043,,,,,500000000,1.500,500000000,1.500,,100000000,,2.16,,,,,,,,,,,,,,,,,,,,,,true,true,6,2016-04-01,2016-09-30,0
2016-07-29,54450,2016-03-31,,27342000000,,,,,,2135000000,,2040000000,,,1509000000,,32.61,,,,,,,,,,,,,,,,,,,,,,true,false,6,2015-04-01,2015-09-30,-1
2016-10-31,54450,2017-03-31,2,21380000000,-0.218,,,,,522000000,-0.755,525000000,-0.743,,233000000,,5.04,,,,,,49904000000,37282000000,0.746,,37237000000,,,,,,,,,,,,true,false,6,2016-04-01,2016-09-30,0
2016-10-31,54450,2016-03-31,2,27342000000,-0.145,,,,,2135000000,0.117,2040000000,0.096,,1509000000,,32.61,,,,,,,,,,,,,,,,,,,,,,true,false,6,2015-04-01,2015-09-30,-1
2016-10-31,54450,2017-03-31,2,49000000000,-0.016,,,,,1300000000,-0.642,1200000000,-0.664,,600000000,,12.96,,,,,,,,,,,,,,,,,,,,,,true,true,12,2016-04-01,2017-03-31,0
2016-10-31,54450,2016-03-31,2,,,,,,,,,,,,,,,,,,,,50186000000,37394000000,0.744,,37347000000,,,,,,,,,,,,true,false,12,2015-04-01,2016-03-31,-1
2016-10-31,54450,2016-03-31,2,,,,,,,,,,,,,,,,,,,,,,,,,,,,,12.00,,,,46826528,491951,,false,false,12,2015-04-01,2016-03-31,-1
2016-10-31,54450,2017-03-31,2,,,,,,,,,,,,,,,,,,,,,,,,,,,,,2.00,,,,,,,false,false,12,2016-04-01,2017-03-31,0
2016-10-31,54450,2017-03-31,2,,,,,,,,,,,,,,,,,,,,,,,,,,,,,,,,,46826528,435598,46361849,false,false,6,2016-04-01,2016-09-30,0
2016-10-31,54450,2016-03-31,2,,,,,,,,,,,,,,,,,,,,,,,,,,,,,,,,,,,46280387,false,false,6,2015-04-01,2015-09-30,-1
2017-01-31,54450,2017-03-31,3,32381000000,-0.167,,,,,799000000,-0.739,820000000,-0.724,,707000000,,15.26,,,,,,53192000000,37910000000,0.712,,37865000000,,,,,,,,,,,,true,false,9,2016-04-01,2016-12-31,0
2017-01-31,54450,2016-03-31,3,38890000000,-0.193,,,,,3064000000,-0.000,2970000000,-0.008,,2131000000,,46.05,,,,,,,,,,,,,,,,,,,,,,true,false,9,2015-04-01,2015-12-31,-1
2017-01-31,54450,2017-03-31,3,49000000000,-0.016,,,,,1300000000,-0.642,1200000000,-0.664,,600000000,,12.96,,,,,,,,,,,,,,,,,,,,,,true,true,12,2016-04-01,2017-03-31,0
2017-01-31,54450,2016-03-31,3,,,,,,,,,,,,,,,,,,,,50186000000,37394000000,0.744,,37347000000,,,,,,,,,,,,true,false,12,2015-04-01,2016-03-31,-1
2017-01-31,54450,2016-03-31,3,,,,,,,,,,,,,,,,,,,,,,,,,,,,,12.00,,,,46826528,491951,,false,false,12,2015-04-01,2016-03-31,-1
2017-01-31,54450,2017-03-31,3,,,,,,,,,,,,,,,,,,,,,,,,,,,,,2.00,,,,,,,false,false,12,2016-04-01,2017-03-31,0
2017-01-31,54450,2017-03-31,3,,,,,,,,,,,,,,,,,,,,,,,,,,,,,,,,,46826528,414004,46374112,false,false,9,2016-04-01,2016-12-31,0
2017-01-31,54450,2016-03-31,3,,,,,,,,,,,,,,,,,,,,,,,,,,,,,,,,,,,46288453,false,false,9,2015-04-01,2015-12-31,-1
2017-04-28,54450,2017-03-31,,43500000000,-0.112,,,,,400000000,-0.692,450000000,-0.625,,350000000,,7.55,,,,,,,,,,,,,,,,,,,,,,true,true,12,2016-04-01,2017-03-31,0
2017-04-28,54450,2016-03-31,,49786000000,,,,,,3632000000,,3572000000,,,2496000000,,53.91,,,,,,,,,,,,,,,,,,,,,,true,false,12,2015-04-01,2016-03-31,-1
2017-05-08,54450,2017-03-31,,43552000000,-0.125,,,,,454000000,-0.875,482000000,-0.865,,362000000,,7.81,,0.010,0.009,0.010,,53692000000,37539000000,0.698,807.54,37493000000,971000000,-4050000000,1526000000,8788000000,,0.897,,,,,,true,false,12,2016-04-01,2017-03-31,0
2017-05-08,54450,2016-03-31,,49786000000,-0.217,,,,,3632000000,-0.152,3572000000,-0.150,,2496000000,,53.91,,0.068,0.070,0.073,,50186000000,37394000000,0.744,806.05,37347000000,4747000000,-1417000000,-1670000000,10342000000,,0.223,,,,,,true,false,12,2015-04-01,2016-03-31,-1
2017-05-08,54450,2018-03-31,,25000000000,0.169,,,,,200000000,-0.617,200000000,-0.619,,50000000,,1.08,,,,,,,,,,,,,,,,,,,,,,true,true,6,2017-04-01,2017-09-30,1
2017-05-08,54450,2018-03-31,,55000000000,0.263,,,,,1600000000,2.517,1600000000,2.316,,900000000,,19.40,,,,,,,,,,,,,,,,,,,,,,true,true,12,2017-04-01,2018-03-31,1
2017-05-08,54450,2017-03-31,,41148000000,-0.131,,,,,-339000000,,646000000,-0.806,781000000,,-0.858,16.84,,,,,,50201000000,34580000000,0.689,744.80,34580000000,,,,,7.00,,,,46826528,397628,46385543,false,false,12,2016-04-01,2017-03-31,0
2017-05-08,54450,2016-03-31,,47344000000,-0.202,,,,,2852000000,-0.095,3322000000,-0.021,5496000000,,1.681,118.73,,,,,,46216000000,34019000000,0.736,734.21,34019000000,,,,,12.00,,,,46826528,491951,46297482,false,false,12,2015-04-01,2016-03-31,-1
2017-05-08,54450,2018-03-31,,,,,,,,,,,,,,,,,,,,,,,,,,,,,,2.00,,,,,,,false,true,12,2017-04-01,2018-03-31,1
2017-07-31,54450,2018-03-31,1,12576000000,0.138,,,,,103000000,-0.736,134000000,-0.670,,-0,,-0.01,,,,,,52820000000,37413000000,0.707,,37366000000,,,,,,,,,,,,true,false,3,2017-04-01,2017-06-30,0
2017-07-31,54450,2017-03-31,1,11054000000,-0.249,,,,,390000000,-0.701,407000000,-0.686,,165000000,,3.57,,,,,,,,,,,,,,,,,,,,,,true,false,3,2016-04-01,2016-06-30,-1
2017-07-31,54450,2018-03-31,1,25000000000,0.169,,,,,200000000,-0.617,200000000,-0.619,,50000000,,1.08,,,,,,,,,,,,,,,,,,,,,,true,true,6,2017-04-01,2017-09-30,0
2017-07-31,54450,2018-03-31,1,55000000000,0.263,,,,,1600000000,2.517,1600000000,2.316,,900000000,,19.40,,,,,,,,,,,,,,,,,,,,,,true,true,12,2017-04-01,2018-03-31,0
2017-07-31,54450,2017-03-31,1,,,,,,,,,,,,,,,,,,,,53692000000,37539000000,0.698,,37493000000,,,,,,,,,,,,true,false,12,2016-04-01,2017-03-31,-1
2017-07-31,54450,2017-03-31,1,,,,,,,,,,,,,,,,,,,,,,,,,,,,,7.00,,,,46826528,397628,,false,false,12,2016-04-01,2017-03-31,-1
2017-07-31,54450,2018-03-31,1,,,,,,,,,,,,,,,,,,,,,,,,,,,,,2.00,,,,,,,false,true,12,2017-04-01,2018-03-31,0
2017-07-31,54450,2018-03-31,1,,,,,,,,,,,,,,,,,,,,,,,,,,,,,,,,,46826528,379628,46437350,false,false,3,2017-04-01,2017-06-30,0
2017-07-31,54450,2017-03-31,1,,,,,,,,,,,,,,,,,,,,,,,,,,,,,,,,,,,46345427,false,false,3,2016-04-01,2016-06-30,-1
2017-10-27,54450,2018-03-31,,24927000000,-0.003,,,,,-38000000,,-31000000,,,-305000000,,-32.83,,,,,,,,,,,,,,,,,,,,,,true,true,6,2017-04-01,2017-09-30,0
2017-10-27,54450,2017-03-31,,21380000000,,,,,,522000000,,525000000,,,233000000,,25.19,,,,,,,,,,,,,,,,,,,,,,true,false,6,2016-04-01,2016-09-30,-1
2017-10-27,54450,2018-03-31,,54000000000,-0.018,,,,,500000000,-0.688,500000000,-0.688,,200000000,,21.53,,,,,,,,,,,,,,,,,,,,,,true,true,12,2017-04-01,2018-03-31,0
2017-10-27,54450,2017-03-31,,43552000000,,,,,,454000000,,482000000,,,362000000,,39.03,,,,,,,,,,,,,,,,,,,,,,true,false,12,2016-04-01,2017-03-31,-1
2017-10-31,54450,2018-03-31,2,24927000000,0.166,,,,,-38000000,,-31000000,,,-305000000,,-32.93,,,,,,52652000000,37238000000,0.706,,37190000000,,,,,,,,,,,,true,false,6,2017-04-01,2017-09-30,0
2017-10-31,54450,2017-03-31,2,21380000000,-0.218,,,,,522000000,-0.755,525000000,-0.743,,233000000,,25.19,,,,,,,,,,,,,,,,,,,,,,true,false,6,2016-04-01,2016-09-30,-1
2017-10-31,54450,2018-03-31,2,54000000000,0.240,,,,,500000000,0.099,500000000,0.036,,200000000,,21.53,,,,,,,,,,,,,,,,,,,,,,true,true,12,2017-04-01,2018-03-31,0
2017-10-31,54450,2017-03-31,2,,,,,,,,,,,,,,,,,,,,53692000000,37539000000,0.698,,37493000000,,,,,,,,,,,,true,false,12,2016-04-01,2017-03-31,-1
2017-10-31,54450,2017-03-31,2,,,,,,,,,,,,,,,,,,,,,,,,,,,,,7.00,,,,9365305,79525,,false,false,12,2016-04-01,2017-03-31,-1
2017-10-31,54450,2018-03-31,2,,,,,,,,,,,,,,,,,,,,,,,,,,,,,2.00,,,,,,,false,false,12,2017-04-01,2018-03-31,0
2017-10-31,54450,2018-03-31,2,,,,,,,,,,,,,,,,,,,,,,,,,,,,,,,,,9365305,70444,9290114,false,false,6,2017-04-01,2017-09-30,0
2017-10-31,54450,2017-03-31,2,,,,,,,,,,,,,,,,,,,,,,,,,,,,,,,,,,,9272370,false,false,6,2016-04-01,2016-09-30,-1
2018-01-31,54450,2018-03-31,3,39032000000,0.205,,,,,-502000000,,-532000000,,,-811000000,,-87.34,,,,,,52725000000,36841000000,0.698,,36791000000,,,,,,,,,,,,true,false,9,2017-04-01,2017-12-31,0
2018-01-31,54450,2017-03-31,3,32381000000,-0.167,,,,,799000000,-0.739,820000000,-0.724,,707000000,,76.30,,,,,,,,,,,,,,,,,,,,,,true,false,9,2016-04-01,2016-12-31,-1
2018-01-31,54450,2018-03-31,3,53000000000,0.217,,,,,-1350000000,,-1400000000,,,-1350000000,,-145.28,,,,,,,,,,,,,,,,,,,,,,true,true,12,2017-04-01,2018-03-31,0
2018-01-31,54450,2017-03-31,3,,,,,,,,,,,,,,,,,,,,53692000000,37539000000,0.698,,37493000000,,,,,,,,,,,,true,false,12,2016-04-01,2017-03-31,-1
2018-01-31,54450,2017-03-31,3,,,,,,,,,,,,,,,,,,,,,,,,,,,,,7.00,,,,9365305,79525,,false,false,12,2016-04-01,2017-03-31,-1
2018-01-31,54450,2018-03-31,3,,,,,,,,,,,,,,,,,,,,,,,,,,,,,2.00,,,,,,,false,false,12,2017-04-01,2018-03-31,0
2018-01-31,54450,2018-03-31,3,,,,,,,,,,,,,,,,,,,,,,,,,,,,,,,,,9365305,64926,9292459,false,false,9,2017-04-01,2017-12-31,0
2018-01-31,54450,2017-03-31,3,,,,,,,,,,,,,,,,,,,,,,,,,,,,,,,,,,,9276822,false,false,9,2016-04-01,2016-12-31,-1
2018-01-31,54450,2018-03-31,,53000000000,-0.019,,,,,-1350000000,,-1400000000,,,-1350000000,,-145.28,,,,,,,,,,,,,,,,,,,,,,true,true,12,2017-04-01,2018-03-31,0
2018-01-31,54450,2017-03-31,,43552000000,,,,,,454000000,,482000000,,,362000000,,39.03,,,,,,,,,,,,,,,,,,,,,,true,false,12,2016-04-01,2017-03-31,-1
2018-04-27,54450,2018-03-31,,53675000000,0.013,,,,,-830000000,,-875000000,,,-1000000000,,-107.60,,,,,,,,,,,,,,,,,,,,,,true,true,12,2017-04-01,2018-03-31,0
2018-04-27,54450,2017-03-31,,43552000000,,,,,,454000000,,482000000,,,362000000,,39.03,,,,,,,,,,,,,,,,,,,,,,true,false,12,2016-04-01,2017-03-31,-1
2018-05-07,54450,2018-03-31,,53675000000,0.232,,,,,-830000000,,-875000000,,,-1000000000,,-107.60,,-0.027,-0.016,-0.015,,55454000000,36622000000,0.659,3930.17,36569000000,1596000000,-3218000000,1220000000,8391000000,,,,,,,,true,false,12,2017-04-01,2018-03-31,0
2018-05-07,54450,2017-03-31,,43552000000,-0.125,,,,,454000000,-0.875,482000000,-0.865,,362000000,,39.03,,0.010,0.009,0.010,,53692000000,37539000000,0.698,4037.71,37493000000,971000000,-4050000000,1526000000,8788000000,,0.897,,,,,,true,false,12,2016-04-01,2017-03-31,-1
2018-05-07,54450,2019-03-31,,33000000000,0.324,,,,,200000000,,200000000,,,0,,0.00,,,,,,,,,,,,,,,,,,,,,,true,true,6,2018-04-01,2018-09-30,1
2018-05-07,54450,2019-03-31,,68000000000,0.267,,,,,2000000000,,2000000000,,,1200000000,,129.10,,,,,,,,,,,,,,,,,,,,,,true,true,12,2018-04-01,2019-03-31,1
2018-05-07,54450,2018-03-31,,51019000000,0.240,,,,,-1753000000,,-1240000000,,-1082000000,,,-116.45,,,,,,51948000000,33566000000,0.646,3607.47,33566000000,,,,,10.00,,,,9365305,60490,9294938,false,false,12,2017-04-01,2018-03-31,0
2018-05-07,54450,2017-03-31,,41148000000,-0.131,,,,,-339000000,,646000000,-0.806,781000000,,-0.858,84.19,,,,,,50201000000,34580000000,0.689,3723.98,34580000000,,,,,7.00,,,,9365305,79525,9277109,false,false,12,2016-04-01,2017-03-31,-1
2018-05-07,54450,2019-03-31,,,,,,,,,,,,,,,,,,,,,,,,,,,,,,10.00,,,,,,,false,true,12,2018-04-01,2019-03-31,1
2018-07-31,54450,2019-03-31,1,16696000000,0.328,,,,,-102000000,,2457000000,,,2191000000,,235.50,,,,,,58173000000,38773000000,0.666,,38719000000,,,,,,,,,,,,true,false,3,2018-04-01,2018-06-30,0
2018-07-31,54450,2018-03-31,1,12576000000,0.138,,,,,103000000,-0.736,134000000,-0.670,,-0,,-0.07,,,,,,,,,,,,,,,,,,,,,,true,false,3,2017-04-01,2017-06-30,-1
2018-07-31,54450,2019-03-31,1,33000000000,0.324,,,,,200000000,,2763000000,,,2563000000,,275.38,,,,,,,,,,,,,,,,,,,,,,true,true,6,2018-04-01,2018-09-30,0
2018-07-31,54450,2019-03-31,1,68000000000,0.267,,,,,2000000000,,4563000000,,,3763000000,,404.31,,,,,,,,,,,,,,,,,,,,,,true,true,12,2018-04-01,2019-03-31,0
2018-07-31,54450,2018-03-31,1,,,,,,,,,,,,,,,,,,,,55454000000,36622000000,0.659,,36569000000,,,,,,,,,,,,true,false,12,2017-04-01,2018-03-31,-1
2018-07-31,54450,2018-03-31,1,,,,,,,,,,,,,,,,,,,,,,,,,,,,,10.00,,,,9365305,60490,,false,false,12,2017-04-01,2018-03-31,-1
2018-07-31,54450,2019-03-31,1,,,,,,,,,,,,,,,,,,,,,,,,,,,,,10.00,,,,,,,false,true,12,2018-04-01,2019-03-31,0
2018-07-31,54450,2019-03-31,1,,,,,,,,,,,,,,,,,,,,,,,,,,,,,,,,,9365305,55890,9307105,false,false,3,2018-04-01,2018-06-30,0
2018-07-31,54450,2018-03-31,1,,,,,,,,,,,,,,,,,,,,,,,,,,,,,,,,,,,9287470,false,false,3,2017-04-01,2017-06-30,-1
2018-07-31,54450,2019-03-31,,33000000000,,,,,,200000000,,2763000000,,,2563000000,,275.38,,,,,,,,,,,,,,,,,,,,,,true,true,6,2018-04-01,2018-09-30,0
2018-07-31,54450,2018-03-31,,24927000000,,,,,,-38000000,,-31000000,,,-305000000,,-32.93,,,,,,,,,,,,,,,,,,,,,,true,false,6,2017-04-01,2017-09-30,-1
2018-07-31,54450,2019-03-31,,68000000000,,,,,,2000000000,,4563000000,1.285,,3763000000,,404.31,,,,,,,,,,,,,,,,,,,,,,true,true,12,2018-04-01,2019-03-31,0
2018-07-31,54450,2018-03-31,,53675000000,,,,,,-830000000,,-875000000,,,-1000000000,,-107.60,,,,,,,,,,,,,,,,,,,,,,true,false,12,2017-04-01,2018-03-31,-1
2018-10-26,54450,2019-03-31,,32605000000,-0.012,,,,,-369000000,,2171000000,-0.214,,1731000000,,185.92,,,,,,,,,,,,,,,,,,,,,,true,true,6,2018-04-01,2018-09-30,0
2018-10-26,54450,2018-03-31,,24927000000,,,,,,-38000000,,-31000000,,,-305000000,,-32.93,,,,,,,,,,,,,,,,,,,,,,true,false,6,2017-04-01,2017-09-30,-1
2018-10-26,54450,2019-03-31,,66000000000,-0.029,,,,,100000000,-0.950,2600000000,-0.430,,2500000000,,268.52,,,,,,,,,,,,,,,,,,,,,,true,true,12,2018-04-01,2019-03-31,0
2018-10-26,54450,2018-03-31,,53675000000,,,,,,-830000000,,-875000000,,,-1000000000,,-107.60,,,,,,,,,,,,,,,,,,,,,,true,false,12,2017-04-01,2018-03-31,-1
2018-10-31,54450,2019-03-31,2,32605000000,0.308,,,,,-369000000,,2171000000,,,1731000000,,185.96,,,,,,57145000000,38552000000,0.674,,38497000000,,,,,,,,,,,,true,false,6,2018-04-01,2018-09-30,0
2018-10-31,54450,2018-03-31,2,24927000000,0.166,,,,,-38000000,,-31000000,,,-305000000,,-32.93,,,,,,,,,,,,,,,,,,,,,,true,false,6,2017-04-01,2017-09-30,-1
2018-10-31,54450,2019-03-31,2,66000000000,0.230,,,,,100000000,,2600000000,,,2500000000,,268.52,,,,,,,,,,,,,,,,,,,,,,true,true,12,2018-04-01,2019-03-31,0
2018-10-31,54450,2018-03-31,2,,,,,,,,,,,,,,,,,,,,55454000000,36622000000,0.659,,36569000000,,,,,,,,,,,,true,false,12,2017-04-01,2018-03-31,-1
2018-10-31,54450,2018-03-31,2,,,,,,,,,,,,,,,,,,,,,,,,,,,,,10.00,,,,9365305,60490,,false,false,12,2017-04-01,2018-03-31,-1
2018-10-31,54450,2019-03-31,2,,,,,,,,,,,,,,,,,,,,,,,,,,,,,10.00,,,,,,,false,false,12,2018-04-01,2019-03-31,0
2018-10-31,54450,2019-03-31,2,,,,,,,,,,,,,,,,,,,,,,,,,,,,,,,,,9365305,49010,9310389,false,false,6,2018-04-01,2018-09-30,0
2018-10-31,54450,2018-03-31,2,,,,,,,,,,,,,,,,,,,,,,,,,,,,,,,,,,,9290114,false,false,6,2017-04-01,2017-09-30,-1
2019-01-31,54450,2019-03-31,3,49230000000,0.261,,,,,25000000,,2593000000,,,1955000000,,209.96,,,,,,56812000000,38258000000,0.672,,38201000000,,,,,,,,,,,,true,false,9,2018-04-01,2018-12-31,0
2019-01-31,54450,2018-03-31,3,39032000000,0.205,,,,,-502000000,,-532000000,,,-811000000,,-87.34,,,,,,,,,,,,,,,,,,,,,,true,false,9,2017-04-01,2017-12-31,-1
2019-01-31,54450,2019-03-31,3,66000000000,0.230,,,,,100000000,,2600000000,,,2500000000,,268.52,,,,,,,,,,,,,,,,,,,,,,true,true,12,2018-04-01,2019-03-31,0
2019-01-31,54450,2018-03-31,3,,,,,,,,,,,,,,,,,,,,55454000000,36622000000,0.659,,36569000000,,,,,,,,,,,,true,false,12,2017-04-01,2018-03-31,-1
2019-01-31,54450,2018-03-31,3,,,,,,,,,,,,,,,,,,,,,,,,,,,,,10.00,,,,9365305,60490,,false,false,12,2017-04-01,2018-03-31,-1
2019-01-31,54450,2019-03-31,3,,,,,,,,,,,,,,,,,,,,,,,,,,,,,10.00,,,,,,,false,false,12,2018-04-01,2019-03-31,0
2019-01-31,54450,2019-03-31,3,,,,,,,,,,,,,,,,,,,,,,,,,,,,,,,,,9365305,40190,9313549,false,false,9,2018-04-01,2018-12-31,0
2019-01-31,54450,2018-03-31,3,,,,,,,,,,,,,,,,,,,,,,,,,,,,,,,,,,,9292459,false,false,9,2017-04-01,2017-12-31,-1
2019-05-07,54450,2019-03-31,,64443000000,0.201,,,,,574000000,,3265000000,,,3143000000,,337.40,,0.083,0.057,0.009,,58455000000,39361000000,0.672,4214.05,39304000000,661000000,-2148000000,5000000,6906000000,,0.059,,,,,,true,false,12,2018-04-01,2019-03-31,0
2019-05-07,54450,2018-03-31,,53675000000,0.232,,,,,-830000000,,-875000000,,,-1000000000,,-107.60,,-0.027,-0.016,-0.015,,55454000000,36622000000,0.659,3930.17,36569000000,1596000000,-3218000000,1220000000,8391000000,,,,,,,,true,false,12,2017-04-01,2018-03-31,-1
2019-05-07,54450,2020-03-31,,31000000000,-0.049,,,,,1000000000,,1000000000,-0.539,,700000000,,75.13,,,,,,,,,,,,,,,,,,,,,,true,true,6,2019-04-01,2019-09-30,1
2019-05-07,54450,2020-03-31,,63000000000,-0.022,,,,,3000000000,4.224,3000000000,-0.081,,2000000000,,214.66,,,,,,,,,,,,,,,,,,,,,,true,true,12,2019-04-01,2020-03-31,1
2019-05-07,54450,2019-03-31,,61760000000,0.211,,,,,-420000000,,698000000,,952000000,,,102.27,,,,,,52460000000,34150000000,0.651,3661.40,34150000000,,,,,20.00,,,,9365305,38211,9316889,false,false,12,2018-04-01,2019-03-31,0
2019-05-07,54450,2018-03-31,,51019000000,0.240,,,,,-1753000000,,-1240000000,,-1082000000,,,-116.45,,,,,,51948000000,33566000000,0.646,3607.47,33566000000,,,,,10.00,,,,9365305,60490,9294938,false,false,12,2017-04-01,2018-03-31,-1
2019-05-07,54450,2020-03-31,,,,,,,,,,,,,,,,,,,,,,,,,,,,,,10.00,,,,,,,false,true,12,2019-04-01,2020-03-31,1
2019-05-07,54450,2019-03-31,,64443000000,-0.024,,,,,574000000,4.743,3265000000,0.256,3143000000,,0.257,337.40,,,,,,,,,,,,,,,,,,,,,,true,true,12,2018-04-01,2019-03-31,0
2019-05-07,54450,2018-03-31,,53675000000,,,,,,-830000000,,-875000000,,-1000000000,,,-107.60,,,,,,,,,,,,,,,,,,,,,,true,false,12,2017-04-01,2018-03-31,-1
2019-05-07,54450,2019-03-31,,64443000000,0.201,,,,,574000000,,3265000000,,,3143000000,,337.59,,0.083,0.057,0.009,,58455000000,39361000000,0.672,4214.05,39304000000,661000000,-2148000000,5000000,6906000000,,0.059,,,,,,true,false,12,2018-04-01,2019-03-31,0
2019-05-07,54450,2018-03-31,,53675000000,0.232,,,,,-830000000,,-875000000,,,-1000000000,,-107.60,,-0.027,-0.016,-0.015,,55454000000,36622000000,0.659,3930.17,36569000000,1596000000,-3218000000,1220000000,8391000000,,,,,,,,true,false,12,2017-04-01,2018-03-31,-1
2019-05-07,54450,2020-03-31,,31000000000,-0.049,,,,,1000000000,,1000000000,-0.539,,700000000,,75.18,,,,,,,,,,,,,,,,,,,,,,true,true,6,2019-04-01,2019-09-30,1
2019-05-07,54450,2020-03-31,,63000000000,-0.022,,,,,3000000000,4.224,3000000000,-0.081,,2000000000,,214.79,,,,,,,,,,,,,,,,,,,,,,true,true,12,2019-04-01,2020-03-31,1
2019-05-07,54450,2019-03-31,,61760000000,0.211,,,,,-420000000,,698000000,,952000000,,,102.27,,,,,,52460000000,34150000000,0.651,3658.92,34150000000,,,,,20.00,,,,9365305,38211,9311540,false,false,12,2018-04-01,2019-03-31,0
2019-05-07,54450,2018-03-31,,51019000000,0.240,,,,,-1753000000,,-1240000000,,-1082000000,,,-116.45,,,,,,51948000000,33566000000,0.646,3607.47,33566000000,,,,,10.00,,,,9365305,60490,9294938,false,false,12,2017-04-01,2018-03-31,-1
2019-05-07,54450,2020-03-31,,,,,,,,,,,,,,,,,,,,,,,,,,,,,,10.00,,,,,,,false,true,12,2019-04-01,2020-03-31,1
2019-07-31,54450,2020-03-31,1,15428000000,-0.076,,,,,912000000,,1047000000,-0.573,,743000000,,79.68,,,,,,57752000000,40138000000,0.694,,40082000000,,,,,,,,,,,,true,false,3,2019-04-01,2019-06-30,0
2019-07-31,54450,2019-03-31,1,16696000000,0.328,,,,,-102000000,,2457000000,,,2191000000,,235.50,,,,,,,,,,,,,,,,,,,,,,true,false,3,2018-04-01,2018-06-30,-1
2019-07-31,54450,2020-03-31,1,31000000000,-0.049,,,,,1500000000,,1500000000,-0.309,,1000000000,,107.21,,,,,,,,,,,,,,,,,,,,,,true,true,6,2019-04-01,2019-09-30,0
2019-07-31,54450,2020-03-31,1,63000000000,-0.022,,,,,3000000000,4.224,3000000000,-0.081,,2000000000,,214.79,,,,,,,,,,,,,,,,,,,,,,true,true,12,2019-04-01,2020-03-31,0
2019-07-31,54450,2019-03-31,1,,,,,,,,,,,,,,,,,,,,58455000000,39361000000,0.672,,39304000000,,,,,,,,,,,,true,false,12,2018-04-01,2019-03-31,-1
2019-07-31,54450,2019-03-31,1,,,,,,,,,,,,,,,,,,,,,,,,,,,,,20.00,,,,9365305,38211,,false,false,12,2018-04-01,2019-03-31,-1
2019-07-31,54450,2020-03-31,1,,,,,,,,,,,,,,,,,,,,,,,,,,,,,10.00,,,,,,,false,true,12,2019-04-01,2020-03-31,0
2019-07-31,54450,2020-03-31,1,,,,,,,,,,,,,,,,,,,,,,,,,,,,,,,,,9365305,38211,9327094,false,false,3,2019-04-01,2019-06-30,0
2019-07-31,54450,2019-03-31,1,,,,,,,,,,,,,,,,,,,,,,,,,,,,,,,,,,,9307105,false,false,3,2018-04-01,2018-06-30,-1
2019-10-25,54450,2020-03-31,,29700000000,-0.042,,,,,1900000000,0.267,2100000000,0.400,,1500000000,,160.82,,,,,,,,,,,,,,,,,,,,,,true,true,6,2019-04-01,2019-09-30,0
2019-10-25,54450,2019-03-31,,32605000000,,,,,,-369000000,,2171000000,,,1731000000,,185.96,,,,,,,,,,,,,,,,,,,,,,true,false,6,2018-04-01,2018-09-30,-1
2019-10-25,54450,2020-03-31,,56000000000,-0.111,,,,,4100000000,0.367,4500000000,0.500,,3000000000,,321.65,,,,,,,,,,,,,,,,,,,,,,true,true,12,2019-04-01,2020-03-31,0
2019-10-25,54450,2019-03-31,,64443000000,,,,,,574000000,,3265000000,,,3143000000,,337.59,,,,,,,,,,,,,,,,,,,,,,true,false,12,2018-04-01,2019-03-31,-1
2019-10-31,54450,2020-03-31,2,29700000000,-0.089,,,,,1937000000,,2175000000,0.002,,1558000000,,167.04,,,,,,56640000000,40965000000,0.722,,40908000000,,,,,,,,,,,,true,false,6,2019-04-01,2019-09-30,0
2019-10-31,54450,2019-03-31,2,32605000000,0.308,,,,,-369000000,,2171000000,,,1731000000,,185.96,,,,,,,,,,,,,,,,,,,,,,true,false,6,2018-04-01,2018-09-30,-1
2019-10-31,54450,2020-03-31,2,56000000000,-0.131,,,,,4100000000,6.139,4500000000,0.378,,3000000000,,321.65,,,,,,,,,,,,,,,,,,,,,,true,true,12,2019-04-01,2020-03-31,0
2019-10-31,54450,2019-03-31,2,,,,,,,,,,,,,,,,,,,,58455000000,39361000000,0.672,,39304000000,,,,,,,,,,,,true,false,12,2018-04-01,2019-03-31,-1
2019-10-31,54450,2019-03-31,2,,,,,,,,,,,,,,,,,,,,,,,,,,,,,20.00,,,,9365305,38211,,false,false,12,2018-04-01,2019-03-31,-1
2019-10-31,54450,2020-03-31,2,,,,,,,,,,,,,,,,,,,,,,,,,,,,,10.00,,,,,,,false,false,12,2019-04-01,2020-03-31,0
2019-10-31,54450,2020-03-31,2,,,,,,,,,,,,,,,,,,,,,,,,,,,,,,,,,9365305,38431,9327023,false,false,6,2019-04-01,2019-09-30,0
2019-10-31,54450,2019-03-31,2,,,,,,,,,,,,,,,,,,,,,,,,,,,,,,,,,,,9310389,false,false,6,2018-04-01,2018-09-30,-1
2020-01-31,54450,2020-03-31,3,44001000000,-0.106,,,,,3690000000,,4096000000,0.580,,2915000000,,312.56,,,,,,59488000000,42456000000,0.713,,42397000000,,,,,,,,,,,,true,false,9,2019-04-01,2019-12-31,0
2020-01-31,54450,2019-03-31,3,49230000000,0.261,,,,,25000000,,2593000000,,,1955000000,,209.96,,,,,,,,,,,,,,,,,,,,,,true,false,9,2018-04-01,2018-12-31,-1
2020-01-31,54450,2020-03-31,3,56000000000,-0.131,,,,,4100000000,6.139,4500000000,0.378,,3000000000,,321.65,,,,,,,,,,,,,,,,,,,,,,true,true,12,2019-04-01,2020-03-31,0
2020-01-31,54450,2019-03-31,3,,,,,,,,,,,,,,,,,,,,58455000000,39361000000,0.672,,39304000000,,,,,,,,,,,,true,false,12,2018-04-01,2019-03-31,-1
2020-01-31,54450,2019-03-31,3,,,,,,,,,,,,,,,,,,,,,,,,,,,,,20.00,,,,9365305,38211,,false,false,12,2018-04-01,2019-03-31,-1
2020-01-31,54450,2020-03-31,3,,,,,,,,,,,,,,,,,,,,,,,,,,,,,10.00,,,,,,,false,false,12,2019-04-01,2020-03-31,0
2020-01-31,54450,2020-03-31,3,,,,,,,,,,,,,,,,,,,,,,,,,,,,,,,,,9365305,38753,9326927,false,false,9,2019-04-01,2019-12-31,0
2020-01-31,54450,2019-03-31,3,,,,,,,,,,,,,,,,,,,,,,,,,,,,,,,,,,,9313549,false,false,9,2018-04-01,2018-12-31,-1
2020-04-30,54450,2020-03-31,,58984000000,0.053,,,,,5483000000,0.337,6043000000,0.343,,3993000000,,428.12,,,,,,,,,,,,,,,,,,,,,,true,true,12,2019-04-01,2020-03-31,0
2020-04-30,54450,2019-03-31,,64443000000,,,,,,574000000,,3265000000,,,3143000000,,337.59,,,,,,,,,,,,,,,,,,,,,,true,false,12,2018-04-01,2019-03-31,-1
2020-05-07,54450,2020-03-31,,58984000000,-0.085,,,,,5483000000,8.548,6043000000,0.851,,3993000000,,428.18,,0.097,0.104,0.093,,57495000000,43101000000,0.749,4614.94,43040000000,7665000000,-2729000000,-3889000000,7951000000,,0.140,,,,,,true,false,12,2019-04-01,2020-03-31,0
2020-05-07,54450,2019-03-31,,64443000000,0.201,,,,,574000000,,3265000000,,,3143000000,,337.59,,0.083,0.057,0.009,,58455000000,39361000000,0.672,4214.05,39304000000,661000000,-2148000000,5000000,6906000000,,0.059,,,,,,true,false,12,2018-04-01,2019-03-31,-1
2020-05-07,54450,2021-03-31,,11000000000,-0.287,,,,,1000000000,0.096,1000000000,-0.046,,700000000,,75.05,,,,,,,,,,,,,,,,,,,,,,true,true,3,2020-04-01,2020-06-30,1
2020-05-07,54450,2020-03-31,,55531000000,-0.101,,,,,4765000000,,4758000000,5.812,3264000000,,2.426,349.81,,,,,,50726000000,37171000000,0.733,3982.96,37171000000,,,,,60.00,,,,9365305,38873,9326812,false,false,12,2019-04-01,2020-03-31,0
2020-05-07,54450,2019-03-31,,61760000000,0.211,,,,,-420000000,,698000000,,952000000,,,102.27,,,,,,52460000000,34150000000,0.651,3658.92,34150000000,,,,,20.00,,,,9365305,38211,9311540,false,false,12,2018-04-01,2019-03-31,-1
2020-06-25,54450,2021-03-31,,15000000000,0.364,,,,,2100000000,1.100,2300000000,1.300,,1600000000,,171.55,,,,,,,,,,,,,,,,,,,,,,true,true,3,2020-04-01,2020-06-30,0
2020-06-25,54450,2020-03-31,,15428000000,,,,,,912000000,,1047000000,,,743000000,,79.68,,,,,,,,,,,,,,,,,,,,,,true,false,3,2019-04-01,2019-06-30,-1
2020-07-31,54450,2021-03-31,1,15264000000,-0.011,,,,,2432000000,1.667,2544000000,1.428,,1854000000,,198.85,,,,,,64078000000,44580000000,0.695,,44520000000,,,,,,,,,,,,true,false,3,2020-04-01,2020-06-30,0
2020-07-31,54450,2020-03-31,1,15428000000,-0.076,,,,,912000000,,1047000000,-0.573,,743000000,,79.68,,,,,,,,,,,,,,,,,,,,,,true,false,3,2019-04-01,2019-06-30,-1
2020-07-31,54450,2021-03-31,1,30000000000,0.010,,,,,4100000000,1.116,4300000000,0.976,,3000000000,,321.67,,,,,,,,,,,,,,,,,,,,,,true,true,6,2020-04-01,2020-09-30,0
2020-07-31,54450,2020-03-31,1,,,,,,,,,,,,,,,,,,,,57495000000,43101000000,0.749,,43040000000,,,,,,,,,,,,true,false,12,2019-04-01,2020-03-31,-1
2020-07-31,54450,2020-03-31,1,,,,,,,,,,,,,,,,,,,,,,,,,,,,,60.00,,,,9365305,38873,,false,false,12,2019-04-01,2020-03-31,-1
2020-07-31,54450,2021-03-31,1,,,,,,,,,,,,,,,,,,,,,,,,,,,,,,,,,9365305,38955,9326401,false,false,3,2020-04-01,2020-06-30,0
2020-07-31,54450,2020-03-31,1,,,,,,,,,,,,,,,,,,,,,,,,,,,,,,,,,,,9327094,false,false,3,2019-04-01,2019-06-30,-1
2020-07-31,54450,2021-03-31,,30000000000,,,,,,4100000000,,4300000000,,,3000000000,,321.67,,,,,,,,,,,,,,,,,,,,,,true,true,6,2020-04-01,2020-09-30,0
2020-07-31,54450,2020-03-31,,29700000000,,,,,,1937000000,,2175000000,,,1558000000,,167.04,,,,,,,,,,,,,,,,,,,,,,true,false,6,2019-04-01,2019-09-30,-1
2020-10-30,54450,2021-03-31,2,31780000000,0.070,,,,,4890000000,1.524,5035000000,1.314,,3658000000,,392.30,,,,,,66706000000,46421000000,0.695,,46358000000,,,,,,,,,,,,true,false,6,2020-04-01,2020-09-30,0
2020-10-30,54450,2020-03-31,2,29700000000,-0.089,,,,,1937000000,,2175000000,0.002,,1558000000,,167.04,,,,,,,,,,,,,,,,,,,,,,true,false,6,2019-04-01,2019-09-30,-1
2020-10-30,54450,2021-03-31,2,63000000000,0.068,,,,,8000000000,0.459,8000000000,0.324,,5000000000,,536.12,,,,,,,,,,,,,,,,,,,,,,true,true,12,2020-04-01,2021-03-31,0
2020-10-30,54450,2020-03-31,2,,,,,,,,,,,,,,,,,,,,57495000000,43101000000,0.749,,43040000000,,,,,,,,,,,,true,false,12,2019-04-01,2020-03-31,-1
2020-10-30,54450,2020-03-31,2,,,,,,,,,,,,,,,,,,,,,,,,,,,,,60.00,,,,9365305,38873,,false,false,12,2019-04-01,2020-03-31,-1
2020-10-30,54450,2021-03-31,2,,,,,,,,,,,,,,,,,,,,,,,,,,,,,20.00,,,,,,,false,false,12,2020-04-01,2021-03-31,0
2020-10-30,54450,2021-03-31,2,,,,,,,,,,,,,,,,,,,,,,,,,,,,,,,,,9365305,39080,9326349,false,false,6,2020-04-01,2020-09-30,0
2020-10-30,54450,2020-03-31,2,,,,,,,,,,,,,,,,,,,,,,,,,,,,,,,,,,,9327023,false,false,6,2019-04-01,2019-09-30,-1
2020-10-30,54450,2021-03-31,,63000000000,,,,,,8000000000,,8000000000,,,5000000000,,536.12,,,,,,,,,,,,,,,,,,,,,,true,true,12,2020-04-01,2021-03-31,0
2020-10-30,54450,2020-03-31,,58984000000,,,,,,5483000000,,6043000000,,,3993000000,,428.18,,,,,,,,,,,,,,,,,,,,,,true,false,12,2019-04-01,2020-03-31,-1
2021-01-29,54450,2021-03-31,3,47612000000,0.082,,,,,6627000000,0.796,6783000000,0.656,,4804000000,,515.18,,,,,,65725000000,47490000000,0.722,,47428000000,,,,,,,,,,,,true,false,9,2020-04-01,2020-12-31,0
2021-01-29,54450,2020-03-31,3,44001000000,-0.106,,,,,3690000000,,4096000000,0.580,,2915000000,,312.56,,,,,,,,,,,,,,,,,,,,,,true,false,9,2019-04-01,2019-12-31,-1
2021-01-29,54450,2021-03-31,3,63000000000,0.068,,,,,8000000000,0.459,8000000000,0.324,,5000000000,,536.12,,,,,,,,,,,,,,,,,,,,,,true,true,12,2020-04-01,2021-03-31,0
2021-01-29,54450,2020-03-31,3,,,,,,,,,,,,,,,,,,,,57495000000,43101000000,0.749,,43040000000,,,,,,,,,,,,true,false,12,2019-04-01,2020-03-31,-1
2021-01-29,54450,2020-03-31,3,,,,,,,,,,,,,,,,,,,,,,,,,,,,,60.00,,,,9365305,38873,,false,false,12,2019-04-01,2020-03-31,-1
2021-01-29,54450,2021-03-31,3,,,,,,,,,,,,,,,,,,,,,,,,,,,,,20.00,,,,,,,false,false,12,2020-04-01,2021-03-31,0
2021-01-29,54450,2021-03-31,3,,,,,,,,,,,,,,,,,,,,,,,,,,,,,,,,,9365305,39160,9326288,false,false,9,2020-04-01,2020-12-31,0
2021-01-29,54450,2020-03-31,3,,,,,,,,,,,,,,,,,,,,,,,,,,,,,,,,,,,9326927,false,false,9,2019-04-01,2019-12-31,-1
2021-05-06,54450,2021-03-31,,62391000000,0.058,,,,,7514000000,0.370,7524000000,0.245,,4980000000,,534.05,,0.109,0.123,0.120,,65085000000,48039000000,0.737,5144.67,47978000000,7894000000,-3112000000,-1372000000,11361000000,,0.131,,,,,,true,false,12,2020-04-01,2021-03-31,0
2021-05-06,54450,2020-03-31,,58984000000,-0.085,,,,,5483000000,8.548,6043000000,0.851,,3993000000,,428.18,,0.097,0.104,0.093,,57495000000,43101000000,0.749,4614.94,43040000000,7665000000,-2729000000,-3889000000,7951000000,,0.140,,,,,,true,false,12,2019-04-01,2020-03-31,-1
2021-05-06,54450,2022-03-31,,31000000000,-0.025,,,,,850000000,-0.826,850000000,-0.831,,500000000,,53.61,,,,,,,,,,,,,,,,,,,,,,true,true,6,2021-04-01,2021-09-30,1
2021-05-06,54450,2022-03-31,,66000000000,0.058,,,,,2500000000,-0.667,2500000000,-0.668,,1600000000,,171.56,,,,,,,,,,,,,,,,,,,,,,true,true,12,2021-04-01,2022-03-31,1
2021-05-06,54450,2021-03-31,,59441000000,0.070,,,,,7171000000,0.505,7175000000,0.508,4957000000,,0.518,531.19,,,,,,58261000000,42057000000,0.722,4506.71,42057000000,,,,,70.00,,,,9365305,39366,9326229,false,false,12,2020-04-01,2021-03-31,0
2021-05-06,54450,2020-03-31,,55531000000,-0.101,,,,,4765000000,,4758000000,5.812,3264000000,,2.426,349.81,,,,,,50726000000,37171000000,0.733,3982.96,37171000000,,,,,60.00,,,,9365305,38873,9326812,false,false,12,2019-04-01,2020-03-31,-1
2021-07-30,54450,2022-03-31,1,14846000000,-0.027,,,,,204000000,-0.916,161000000,-0.937,,-23000000,,-2.56,,,,,,62917000000,47336000000,0.751,,47275000000,,,,,,,,,,,,true,false,3,2021-04-01,2021-06-30,0
2021-07-30,54450,2021-03-31,1,15264000000,-0.011,,,,,2432000000,1.667,2544000000,1.428,,1854000000,,198.85,,,,,,,,,,,,,,,,,,,,,,true,false,3,2020-04-01,2020-06-30,-1
2021-07-30,54450,2022-03-31,1,31000000000,-0.025,,,,,850000000,-0.826,850000000,-0.831,,500000000,,53.61,,,,,,,,,,,,,,,,,,,,,,true,true,6,2021-04-01,2021-09-30,0
2021-07-30,54450,2022-03-31,1,66000000000,0.058,,,,,2500000000,-0.667,2500000000,-0.668,,1600000000,,171.56,,,,,,,,,,,,,,,,,,,,,,true,true,12,2021-04-01,2022-03-31,0
2021-07-30,54450,2021-03-31,1,,,,,,,,,,,,,,,,,,,,65085000000,48039000000,0.737,,47978000000,,,,,,,,,,,,true,false,12,2020-04-01,2021-03-31,-1
2021-07-30,54450,2021-03-31,1,,,,,,,,,,,,,,,,,,,,,,,,,,,,,70.00,,,,9365305,39366,,false,false,12,2020-04-01,2021-03-31,-1
2021-07-30,54450,2022-03-31,1,,,,,,,,,,,,,,,,,,,,,,,,,,,,,,,,,9365305,149006,9285359,false,false,3,2021-04-01,2021-06-30,0
2021-07-30,54450,2021-03-31,1,,,,,,,,,,,,,,,,,,,,,,,,,,,,,,,,,,,9326401,false,false,3,2020-04-01,2020-06-30,-1
2021-10-15,54450,2022-03-31,,30000000000,-0.032,,,,,0,-1.000,0,-1.000,,0,,0.00,,,,,,,,,,,,,,,,,,,,,,true,true,6,2021-04-01,2021-09-30,0
2021-10-15,54450,2021-03-31,,31780000000,,,,,,4890000000,,5035000000,,,3658000000,,392.30,,,,,,,,,,,,,,,,,,,,,,true,false,6,2020-04-01,2020-09-30,-1
2021-10-15,54450,2022-03-31,,63000000000,-0.045,,,,,0,-1.000,0,-1.000,,0,,0.00,,,,,,,,,,,,,,,,,,,,,,true,true,12,2021-04-01,2022-03-31,0
2021-10-15,54450,2021-03-31,,62391000000,,,,,,7514000000,,7524000000,,,4980000000,,534.05,,,,,,,,,,,,,,,,,,,,,,true,false,12,2020-04-01,2021-03-31,-1
2021-10-29,54450,2022-03-31,2,30745000000,-0.033,,,,,300000000,-0.939,152000000,-0.970,,-108000000,,-11.85,,,,,,62884000000,47110000000,0.748,,47048000000,,,,,,,,,,,,true,false,6,2021-04-01,2021-09-30,0
2021-10-29,54450,2021-03-31,2,31780000000,0.070,,,,,4890000000,1.524,5035000000,1.314,,3658000000,,392.30,,,,,,,,,,,,,,,,,,,,,,true,false,6,2020-04-01,2020-09-30,-1
2021-10-29,54450,2022-03-31,2,63000000000,0.010,,,,,0,-1.000,0,-1.000,,0,,0.00,,,,,,,,,,,,,,,,,,,,,,true,true,12,2021-04-01,2022-03-31,0
2021-10-29,54450,2021-03-31,2,,,,,,,,,,,,,,,,,,,,65085000000,48039000000,0.737,,47978000000,,,,,,,,,,,,true,false,12,2020-04-01,2021-03-31,-1
2021-10-29,54450,2021-03-31,2,,,,,,,,,,,,,,,,,,,,,,,,,,,,,70.00,,,,9365305,39366,,false,false,12,2020-04-01,2021-03-31,-1
2021-10-29,54450,2022-03-31,2,,,,,,,,,,,,,,,,,,,,,,,,,,,,,10.00,,,,,,,false,false,12,2021-04-01,2022-03-31,0
2021-10-29,54450,2022-03-31,2,,,,,,,,,,,,,,,,,,,,,,,,,,,,,,,,,9365305,339566,9198888,false,false,6,2021-04-01,2021-09-30,0
2021-10-29,54450,2021-03-31,2,,,,,,,,,,,,,,,,,,,,,,,,,,,,,,,,,,,9326349,false,false,6,2020-04-01,2020-09-30,-1
2022-01-31,54450,2022-03-31,3,48489000000,0.018,,,,,-343000000,,-618000000,,,-434000000,,-47.54,,,,,,66165000000,46696000000,0.705,,46632000000,,,,,,,,,,,,true,false,9,2021-04-01,2021-12-31,0
2022-01-31,54450,2021-03-31,3,47612000000,0.082,,,,,6627000000,0.796,6783000000,0.656,,4804000000,,515.18,,,,,,,,,,,,,,,,,,,,,,true,false,9,2020-04-01,2020-12-31,-1
2022-01-31,54450,2022-03-31,3,66000000000,0.058,,,,,-700000000,,-1000000000,,,-1000000000,,-109.33,,,,,,,,,,,,,,,,,,,,,,true,true,12,2021-04-01,2022-03-31,0
2022-01-31,54450,2021-03-31,3,,,,,,,,,,,,,,,,,,,,65085000000,48039000000,0.737,,47978000000,,,,,,,,,,,,true,false,12,2020-04-01,2021-03-31,-1
2022-01-31,54450,2021-03-31,3,,,,,,,,,,,,,,,,,,,,,,,,,,,,,70.00,,,,9365305,39366,,false,false,12,2020-04-01,2021-03-31,-1
2022-01-31,54450,2022-03-31,3,,,,,,,,,,,,,,,,,,,,,,,,,,,,,10.00,,,,,,,false,false,12,2021-04-01,2022-03-31,0
2022-01-31,54450,2022-03-31,3,,,,,,,,,,,,,,,,,,,,,,,,,,,,,,,,,9365305,339672,9146919,false,false,9,2021-04-01,2021-12-31,0
2022-01-31,54450,2021-03-31,3,,,,,,,,,,,,,,,,,,,,,,,,,,,,,,,,,,,9326288,false,false,9,2020-04-01,2020-12-31,-1
2022-01-31,54450,2022-03-31,,66000000000,0.048,,,,,-700000000,,-1000000000,,-1000000000,,,-109.33,,,,,,,,,,,,,,,,,,,,,,true,true,12,2021-04-01,2022-03-31,0
2022-01-31,54450,2021-03-31,,62391000000,,,,,,7514000000,,7524000000,,4980000000,,,534.05,,,,,,,,,,,,,,,,,,,,,,true,false,12,2020-04-01,2021-03-31,-1
2022-04-25,54450,2022-03-31,,66000000000,,,,,,-200000000,,-700000000,,-5000000000,,,-547.93,,,,,,,,,,,,,,,,,,,,,,true,true,12,2021-04-01,2022-03-31,0
2022-04-25,54450,2021-03-31,,62391000000,,,,,,7514000000,,7524000000,,4980000000,,,534.05,,,,,,,,,,,,,,,,,,,,,,true,false,12,2020-04-01,2021-03-31,-1
2022-05-10,54450,2022-03-31,,66089000000,0.059,,,,,-192000000,,-644000000,,,-4724000000,,-518.08,,-0.105,-0.010,-0.003,,63062000000,42413000000,0.672,4691.97,42348000000,-5104000000,-3358000000,4466000000,7365000000,,,,,,,,true,false,12,2021-04-01,2022-03-31,0
2022-05-10,54450,2021-03-31,,62391000000,0.058,,,,,7514000000,0.370,7524000000,0.245,,4980000000,,534.05,,0.109,0.123,0.120,,65085000000,48039000000,0.737,5144.67,47978000000,7894000000,-3112000000,-1372000000,11361000000,,0.131,,,,,,true,false,12,2020-04-01,2021-03-31,-1
2022-05-10,54450,2022-03-31,,62024000000,0.043,,,,,-1343000000,,-1029000000,,-5028000000,,,-551.04,,,,,,56889000000,36119000000,0.635,3999.04,36119000000,,,,,20.00,,,,9365305,339672,9118930,false,false,12,2021-04-01,2022-03-31,0
2022-05-10,54450,2021-03-31,,59441000000,0.070,,,,,7171000000,0.505,7175000000,0.508,4957000000,,0.518,531.19,,,,,,58261000000,42057000000,0.722,4506.71,42057000000,,,,,70.00,,,,9365305,39366,9326229,false,false,12,2020-04-01,2021-03-31,-1
2022-05-10,54450,2022-03-31,,66089000000,0.059,,,,,-192000000,,-644000000,,,-4724000000,,-518.08,,-0.105,-0.010,-0.003,,63062000000,42413000000,0.672,4691.97,42348000000,-5104000000,-3358000000,4466000000,7365000000,,,,,,,,true,false,12,2021-04-01,2022-03-31,0
2022-05-10,54450,2021-03-31,,62391000000,0.058,,,,,7514000000,0.370,7524000000,0.245,,4980000000,,534.05,,0.109,0.123,0.120,,65085000000,48039000000,0.737,5144.67,47978000000,7894000000,-3112000000,-1372000000,11361000000,,0.131,,,,,,true,false,12,2020-04-01,2021-03-31,-1
2022-05-10,54450,2022-03-31,,62024000000,0.043,,,,,-1343000000,,-1029000000,,-5028000000,,,-551.04,,,,,,56889000000,36119000000,0.635,3999.04,36119000000,,,,,20.00,,,,9365305,339672,9118930,false,false,12,2021-04-01,2022-03-31,0
2022-05-10,54450,2021-03-31,,59441000000,0.070,,,,,7171000000,0.505,7175000000,0.508,4957000000,,0.518,531.19,,,,,,58261000000,42057000000,0.722,4506.71,42057000000,,,,,70.00,,,,9365305,39366,9326229,false,false,12,2020-04-01,2021-03-31,-1
2022-07-29,54450,2023-03-31,1,19975000000,0.346,,,,,-125000000,,-163000000,,,22000000,,2.48,,,,,,66085000000,42272000000,0.639,,42207000000,,,,,,,,,,,,true,false,3,2022-04-01,2022-06-30,0
2022-07-29,54450,2022-03-31,1,14846000000,-0.027,,,,,204000000,-0.916,161000000,-0.937,,-23000000,,-2.56,,,,,,,,,,,,,,,,,,,,,,true,false,3,2021-04-01,2021-06-30,-1
2022-07-29,54450,2022-03-31,1,,,,,,,,,,,,,,,,,,,,63062000000,42413000000,0.672,,42348000000,,,,,,,,,,,,true,false,12,2021-04-01,2022-03-31,-1
2022-07-29,54450,2022-03-31,1,,,,,,,,,,,,,,,,,,,,,,,,,,,,,20.00,,,,9365305,339672,,false,false,12,2021-04-01,2022-03-31,-1
2022-07-29,54450,2023-03-31,1,,,,,,,,,,,,,,,,,,,,,,,,,,,,,,,,,9365305,339795,9025601,false,false,3,2022-04-01,2022-06-30,0
2022-07-29,54450,2022-03-31,1,,,,,,,,,,,,,,,,,,,,,,,,,,,,,,,,,,,9285359,false,false,3,2021-04-01,2021-06-30,-1
2022-10-31,54450,2023-03-31,2,39081000000,0.271,,,,,1207000000,3.023,1345000000,7.816,,1166000000,,129.28,,,,,,67381000000,43427000000,0.644,,43365000000,,,,,,,,,,,,true,false,6,2022-04-01,2022-09-30,0
2022-10-31,54450,2022-03-31,2,30745000000,-0.033,,,,,300000000,-0.939,152000000,-0.970,,-108000000,,-11.85,,,,,,,,,,,,,,,,,,,,,,true,false,6,2021-04-01,2021-09-30,-1
2022-10-31,54450,2023-03-31,2,78000000000,0.180,,,,,3500000000,,3500000000,,,2500000000,,276.99,,,,,,,,,,,,,,,,,,,,,,true,true,12,2022-04-01,2023-03-31,0
2022-10-31,54450,2022-03-31,2,,,,,,,,,,,,,,,,,,,,63062000000,42413000000,0.672,,42348000000,,,,,,,,,,,,true,false,12,2021-04-01,2022-03-31,-1
2022-10-31,54450,2022-03-31,2,,,,,,,,,,,,,,,,,,,,,,,,,,,,,20.00,,,,9365305,339672,,false,false,12,2021-04-01,2022-03-31,-1
2022-10-31,54450,2023-03-31,2,,,,,,,,,,,,,,,,,,,,,,,,,,,,,10.00,,,,,,,false,false,12,2022-04-01,2023-03-31,0
2022-10-31,54450,2023-03-31,2,,,,,,,,,,,,,,,,,,,,,,,,,,,,,,,,,9365305,339835,9025545,false,false,6,2022-04-01,2022-09-30,0
2022-10-31,54450,2022-03-31,2,,,,,,,,,,,,,,,,,,,,,,,,,,,,,,,,,,,9198888,false,false,6,2021-04-01,2021-09-30,-1
2023-01-31,54450,2023-03-31,3,59678000000,0.231,,,,,2809000000,,3200000000,,,2359000000,,261.45,,,,,,67398000000,44504000000,0.659,,44442000000,,,,,,,,,,,,true,false,9,2022-04-01,2022-12-31,0
2023-01-31,54450,2022-03-31,3,48489000000,0.018,,,,,-343000000,,-618000000,,,-434000000,,-47.54,,,,,,,,,,,,,,,,,,,,,,true,false,9,2021-04-01,2021-12-31,-1
2023-01-31,54450,2023-03-31,3,79000000000,0.195,,,,,4100000000,,4500000000,,,3100000000,,343.47,,,,,,,,,,,,,,,,,,,,,,true,true,12,2022-04-01,2023-03-31,0
2023-01-31,54450,2022-03-31,3,,,,,,,,,,,,,,,,,,,,63062000000,42413000000,0.672,,42348000000,,,,,,,,,,,,true,false,12,2021-04-01,2022-03-31,-1
2023-01-31,54450,2022-03-31,3,,,,,,,,,,,,,,,,,,,,,,,,,,,,,20.00,,,,9365305,339672,,false,false,12,2021-04-01,2022-03-31,-1
2023-01-31,54450,2023-03-31,3,,,,,,,,,,,,,,,,,,,,,,,,,,,,,10.00,,,,,,,false,false,12,2022-04-01,2023-03-31,0
2023-01-31,54450,2023-03-31,3,,,,,,,,,,,,,,,,,,,,,,,,,,,,,,,,,9365305,339919,9025510,false,false,9,2022-04-01,2022-12-31,0
2023-01-31,54450,2022-03-31,3,,,,,,,,,,,,,,,,,,,,,,,,,,,,,,,,,,,9146919,false,false,9,2021-04-01,2021-12-31,-1
2023-01-31,54450,2023-03-31,,79000000000,0.013,,,,,4100000000,0.171,4500000000,0.286,3100000000,,0.240,343.47,,,,,,,,,,,,,,,,,,,,,,true,true,12,2022-04-01,2023-03-31,0
2023-01-31,54450,2022-03-31,,66089000000,,,,,,-192000000,,-644000000,,-4724000000,,,-518.08,,,,,,,,,,,,,,,,,,,,,,true,false,12,2021-04-01,2022-03-31,-1
2023-05-08,54450,2023-03-31,,79229000000,0.199,,,,,4355000000,,4944000000,,,3657000000,,405.28,,0.083,0.074,0.055,,69773000000,46149000000,0.661,5106.76,46090000000,6879000000,-1630000000,-756000000,11865000000,,0.271,,,,,,true,false,12,2022-04-01,2023-03-31,0
2023-05-08,54450,2022-03-31,,66089000000,0.059,,,,,-192000000,,-644000000,,,-4724000000,,-518.08,,-0.105,-0.010,-0.003,,63062000000,42413000000,0.672,4691.97,42348000000,-5104000000,-3358000000,4466000000,7365000000,,,,,,,,true,false,12,2021-04-01,2022-03-31,-1
2023-05-08,54450,2024-03-31,,84000000000,0.060,,,,,6500000000,0.492,6500000000,0.315,,4500000000,,498.59,,,,,,,,,,,,,,,,0.301,,,,,,true,true,12,2023-04-01,2024-03-31,1
2023-05-08,54450,2023-03-31,,74954000000,0.208,,,,,3495000000,,3624000000,,2672000000,,,295.85,,,,,,61678000000,38862000000,0.630,4302.91,38862000000,,,,,110.00,,,,9365305,339981,9025472,false,false,12,2022-04-01,2023-03-31,0
2023-05-08,54450,2022-03-31,,62024000000,0.043,,,,,-1343000000,,-1029000000,,-5028000000,,,-551.04,,,,,,56889000000,36119000000,0.635,3999.04,36119000000,,,,,20.00,,,,9365305,339672,9118930,false,false,12,2021-04-01,2022-03-31,-1
2023-05-08,54450,2024-03-31,,,,,,,,,,,,,,,,,,,,,,,,,,,,,,150.00,,,,,,,false,true,12,2023-04-01,2024-03-31,1
2023-07-31,54450,2024-03-31,1,19655000000,-0.016,,,,,2457000000,,2709000000,,,1781000000,,197.94,,,,,,69162000000,46999000000,0.679,,46942000000,,,,,,,,,,,,true,false,3,2023-04-01,2023-06-30,0
2023-07-31,54450,2023-03-31,1,19975000000,0.346,,,,,-125000000,,-163000000,,,22000000,,2.48,,,,,,,,,,,,,,,,,,,,,,true,false,3,2022-04-01,2022-06-30,-1
2023-07-31,54450,2024-03-31,1,84000000000,0.060,,,,,6500000000,0.492,6500000000,0.315,,4500000000,,498.59,,,,,,,,,,,,,,,,,,,,,,true,true,12,2023-04-01,2024-03-31,0
2023-07-31,54450,2023-03-31,1,,,,,,,,,,,,,,,,,,,,69773000000,46149000000,0.661,,46090000000,,,,,,,,,,,,true,false,12,2022-04-01,2023-03-31,-1
2023-07-31,54450,2023-03-31,1,,,,,,,,,,,,,,,,,,,,,,,,,,,,,110.00,,,,9365305,339981,,false,false,12,2022-04-01,2023-03-31,-1
2023-07-31,54450,2024-03-31,1,,,,,,,,,,,,,,,,,,,,,,,,,,,,,150.00,,,,,,,false,true,12,2023-04-01,2024-03-31,0
2023-07-31,54450,2024-03-31,1,,,,,,,,,,,,,,,,,,,,,,,,,,,,,,,,,9365305,406345,9000297,false,false,3,2023-04-01,2023-06-30,0
2023-07-31,54450,2023-03-31,1,,,,,,,,,,,,,,,,,,,,,,,,,,,,,,,,,,,9025601,false,false,3,2022-04-01,2022-06-30,-1
2023-10-31,54450,2024-03-31,2,37946000000,-0.029,,,,,4410000000,2.651,4873000000,2.621,,3278000000,,366.11,,,,,,67689000000,48465000000,0.715,,48403000000,,,,,,,,,,,,true,false,6,2023-04-01,2023-09-30,0
2023-10-31,54450,2023-03-31,2,39081000000,0.271,,,,,1207000000,3.023,1345000000,7.816,,1166000000,,129.28,,,,,,,,,,,,,,,,,,,,,,true,false,6,2022-04-01,2022-09-30,-1
2023-10-31,54450,2024-03-31,2,77000000000,-0.028,,,,,8500000000,0.952,8500000000,0.719,,5700000000,,636.57,,,,,,,,,,,,,,,,,,,,,,true,true,12,2023-04-01,2024-03-31,0
2023-10-31,54450,2023-03-31,2,,,,,,,,,,,,,,,,,,,,69773000000,46149000000,0.661,,46090000000,,,,,,,,,,,,true,false,12,2022-04-01,2023-03-31,-1
2023-10-31,54450,2023-03-31,2,,,,,,,,,,,,,,,,,,,,,,,,,,,,,110.00,,,,9365305,339981,,false,false,12,2022-04-01,2023-03-31,-1
2023-10-31,54450,2024-03-31,2,,,,,,,,,,,,,,,,,,,,,,,,,,,,,50.00,,,,,,,false,false,12,2023-04-01,2024-03-31,0
2023-10-31,54450,2024-03-31,2,,,,,,,,,,,,,,,,,,,,,,,,,,,,,200.00,,,,,,,false,true,12,2023-04-01,2024-03-31,0
2023-10-31,54450,2024-03-31,2,,,,,,,,,,,,,,,,,,,,,,,,,,,,,,,,,9365305,500490,8954279,false,false,6,2023-04-01,2023-09-30,0
2023-10-31,54450,2023-03-31,2,,,,,,,,,,,,,,,,,,,,,,,,,,,,,,,,,,,9025545,false,false,6,2022-04-01,2022-09-30,-1
2024-01-31,54450,2024-03-31,3,58568000000,-0.019,,,,,7365000000,1.621,7970000000,1.491,,5414000000,,606.47,,,,,,71445000000,50138000000,0.701,,50082000000,,,,,,,,,,,,true,false,9,2023-04-01,2023-12-31,0
2024-01-31,54450,2023-03-31,3,59678000000,0.231,,,,,2809000000,,3200000000,,,2359000000,,261.45,,,,,,,,,,,,,,,,,,,,,,true,false,9,2022-04-01,2022-12-31,-1
2024-01-31,54450,2024-03-31,3,78000000000,-0.016,,,,,10000000000,1.296,10000000000,1.022,,6800000000,,761.70,,,,,,,,,,,,,,,,,,,,,,true,true,12,2023-04-01,2024-03-31,0
2024-01-31,54450,2023-03-31,3,,,,,,,,,,,,,,,,,,,,69773000000,46149000000,0.661,,46090000000,,,,,,,,,,,,true,false,12,2022-04-01,2023-03-31,-1
2024-01-31,54450,2023-03-31,3,,,,,,,,,,,,,,,,,,,,,,,,,,,,,110.00,,,,9365305,339981,,false,false,12,2022-04-01,2023-03-31,-1
2024-01-31,54450,2024-03-31,3,,,,,,,,,,,,,,,,,,,,,,,,,,,,,50.00,,,,,,,false,false,12,2023-04-01,2024-03-31,0
2024-01-31,54450,2024-03-31,3,,,,,,,,,,,,,,,,,,,,,,,,,,,,,230.00,,,,,,,false,true,12,2023-04-01,2024-03-31,0
2024-01-31,54450,2024-03-31,3,,,,,,,,,,,,,,,,,,,,,,,,,,,,,,,,,9365305,500832,8927388,false,false,9,2023-04-01,2023-12-31,0
2024-01-31,54450,2023-03-31,3,,,,,,,,,,,,,,,,,,,,,,,,,,,,,,,,,,,9025510,false,false,9,2022-04-01,2022-12-31,-1
2024-05-07,54450,2024-03-31,,79617000000,0.005,,,,,10624000000,1.439,11412000000,1.308,,7887000000,,884.90,,0.159,0.155,0.133,,77903000000,53160000000,0.682,5991.51,53111000000,12089000000,-4562000000,-3055000000,16341000000,,0.305,,,,,,true,false,12,2023-04-01,2024-03-31,0
2024-05-07,54450,2023-03-31,,79229000000,0.199,,,,,4355000000,,4944000000,,,3657000000,,405.28,,0.083,0.074,0.055,,69773000000,46149000000,0.661,5106.76,46090000000,6879000000,-1630000000,-756000000,11865000000,,0.271,,,,,,true,false,12,2022-04-01,2023-03-31,-1
2024-05-07,54450,2025-03-31,,82500000000,0.036,,,,,10000000000,-0.059,10000000000,-0.124,,6900000000,,774.16,,,,,,,,,,,,,,,,0.304,,,,,,true,true,12,2024-04-01,2025-03-31,1
2024-05-07,54450,2024-03-31,,76678000000,0.023,,,,,10111000000,1.893,11932000000,2.292,8629000000,,2.230,967.51,,,,,,71013000000,46575000000,0.656,5250.43,46575000000,,,,,270.00,,,,9365305,500874,8912866,false,false,12,2023-04-01,2024-03-31,0
2024-05-07,54450,2023-03-31,,74954000000,0.208,,,,,3495000000,,3624000000,,2672000000,,,295.85,,,,,,61678000000,38862000000,0.630,4302.91,38862000000,,,,,110.00,,,,9365305,339981,9025472,false,false,12,2022-04-01,2023-03-31,-1
2024-05-07,54450,2025-03-31,,,,,,,,,,,,,,,,,,,,,,,,,,,,,,235.00,,,,,,,false,true,12,2024-04-01,2025-03-31,1
2024-07-31,54450,2025-03-31,1,21746000000,0.106,,,,,3694000000,0.503,3866000000,0.427,,2859000000,,323.90,,,,,,73675000000,53496000000,0.725,,53450000000,,,,,,,,,,,,true,false,3,2024-04-01,2024-06-30,0
2024-07-31,54450,2024-03-31,1,19655000000,-0.016,,,,,2457000000,,2709000000,,,1781000000,,197.94,,,,,,,,,,,,,,,,,,,,,,true,false,3,2023-04-01,2023-06-30,-1
2024-07-31,54450,2025-03-31,1,82500000000,0.036,,,,,10000000000,-0.059,10000000000,-0.124,,6900000000,,774.16,,,,,,,,,,,,,,,,,,,,,,true,true,12,2024-04-01,2025-03-31,0
2024-07-31,54450,2024-03-31,1,,,,,,,,,,,,,,,,,,,,77903000000,53160000000,0.682,,53111000000,,,,,,,,,,,,true,false,12,2023-04-01,2024-03-31,-1
2024-07-31,54450,2024-03-31,1,,,,,,,,,,,,,,,,,,,,,,,,,,,,,270.00,,,,9365305,500874,,false,false,12,2023-04-01,2024-03-31,-1
2024-07-31,54450,2025-03-31,1,,,,,,,,,,,,,,,,,,,,,,,,,,,,,235.00,,,,,,,false,true,12,2024-04-01,2025-03-31,0
2024-07-31,54450,2025-03-31,1,,,,,,,,,,,,,,,,,,,,,,,,,,,,,,,,,9365305,597968,8827169,false,false,3,2024-04-01,2024-06-30,0
2024-07-31,54450,2024-03-31,1,,,,,,,,,,,,,,,,,,,,,,,,,,,,,,,,,,,9000297,false,false,3,2023-04-01,2023-06-30,-1
2024-10-31,54450,2025-03-31,2,42379000000,0.117,,,,,6918000000,0.569,7102000000,0.457,,5015000000,,569.66,,,,,,74597000000,55586000000,0.745,,55545000000,,,,,,,,,,,,true,false,6,2024-04-01,2024-09-30,0
2024-10-31,54450,2024-03-31,2,37946000000,-0.029,,,,,4410000000,2.651,4873000000,2.621,,3278000000,,366.11,,,,,,,,,,,,,,,,,,,,,,true,false,6,2023-04-01,2023-09-30,-1
2024-10-31,54450,2025-03-31,2,84000000000,0.055,,,,,14000000000,0.318,14000000000,0.227,,9800000000,,1113.19,,,,,,,,,,,,,,,,,,,,,,true,true,12,2024-04-01,2025-03-31,0
2024-10-31,54450,2024-03-31,2,,,,,,,,,,,,,,,,,,,,77903000000,53160000000,0.682,,53111000000,,,,,,,,,,,,true,false,12,2023-04-01,2024-03-31,-1
2024-10-31,54450,2024-03-31,2,,,,,,,,,,,,,,,,,,,,,,,,,,,,,270.00,,,,9365305,500874,,false,false,12,2023-04-01,2024-03-31,-1
2024-10-31,54450,2025-03-31,2,,,,,,,,,,,,,,,,,,,,,,,,,,,,,100.00,,,,,,,false,false,12,2024-04-01,2025-03-31,0
2024-10-31,54450,2025-03-31,2,,,,,,,,,,,,,,,,,,,,,,,,,,,,,335.00,,,,,,,false,true,12,2024-04-01,2025-03-31,0
2024-10-31,54450,2025-03-31,2,,,,,,,,,,,,,,,,,,,,,,,,,,,,,,,,,9365305,593318,8803520,false,false,6,2024-04-01,2024-09-30,0
2024-10-31,54450,2024-03-31,2,,,,,,,,,,,,,,,,,,,,,,,,,,,,,,,,,,,8954279,false,false,6,2023-04-01,2023-09-30,-1
2025-01-31,54450,2025-03-31,3,63262000000,0.080,,,,,10715000000,0.455,11100000000,0.393,,7927000000,,902.65,,,,,,77898000000,56759000000,0.728,,56729000000,,,,,,,,,,,,true,false,9,2024-04-01,2024-12-31,0
2025-01-31,54450,2024-03-31,3,58568000000,-0.019,,,,,7365000000,1.621,7970000000,1.491,,5414000000,,606.47,,,,,,,,,,,,,,,,,,,,,,true,false,9,2023-04-01,2023-12-31,-1
2025-01-31,54450,2025-03-31,3,84000000000,0.055,,,,,14000000000,0.318,14000000000,0.227,,9800000000,,1113.19,,,,,,,,,,,,,,,,,,,,,,true,true,12,2024-04-01,2025-03-31,0
2025-01-31,54450,2024-03-31,3,,,,,,,,,,,,,,,,,,,,77903000000,53160000000,0.682,,53111000000,,,,,,,,,,,,true,false,12,2023-04-01,2024-03-31,-1
2025-01-31,54450,2024-03-31,3,,,,,,,,,,,,,,,,,,,,,,,,,,,,,270.00,,,,9365305,500874,,false,false,12,2023-04-01,2024-03-31,-1
2025-01-31,54450,2025-03-31,3,,,,,,,,,,,,,,,,,,,,,,,,,,,,,100.00,,,,,,,false,false,12,2024-04-01,2025-03-31,0
2025-01-31,54450,2025-03-31,3,,,,,,,,,,,,,,,,,,,,,,,,,,,,,335.00,,,,,,,false,true,12,2024-04-01,2025-03-31,0
2025-01-31,54450,2025-03-31,3,,,,,,,,,,,,,,,,,,,,,,,,,,,,,,,,,9365305,671107,8782111,false,false,9,2024-04-01,2024-12-31,0
2025-01-31,54450,2024-03-31,3,,,,,,,,,,,,,,,,,,,,,,,,,,,,,,,,,,,8927388,false,false,9,2023-04-01,2023-12-31,-1
2025-05-07,54450,2025-03-31,,82593000000,0.037,,,,,14676000000,0.381,15059000000,0.320,,10853000000,,1238.77,,0.192,0.189,0.178,,81247000000,59713000000,0.735,6864.56,59681000000,8183000000,-5596000000,-4762000000,14161000000,,0.303,,,,,,true,false,12,2024-04-01,2025-03-31,0
2025-05-07,54450,2024-03-31,,79617000000,0.005,,,,,10624000000,1.439,11412000000,1.308,,7887000000,,884.90,,0.159,0.155,0.133,,77903000000,53160000000,0.682,5991.51,53111000000,12089000000,-4562000000,-3055000000,16341000000,,0.305,,,,,,true,false,12,2023-04-01,2024-03-31,-1
2025-05-07,54450,2026-03-31,,80500000000,-0.025,,,,,12000000000,-0.182,12000000000,-0.203,,8450000000,,964.41,,,,,,,,,,,,,,,,0.311,,,,,,true,true,12,2025-04-01,2026-03-31,1
2025-05-07,54450,2025-03-31,,80483000000,0.050,,,,,13868000000,0.372,15055000000,0.262,11063000000,,0.282,1261.75,,,,,,74688000000,53350000000,0.714,6131.83,53350000000,,,,,375.00,,,,9365305,671109,8761823,false,false,12,2024-04-01,2025-03-31,0
2025-05-07,54450,2024-03-31,,76678000000,0.023,,,,,10111000000,1.893,11932000000,2.292,8629000000,,2.230,967.51,,,,,,71013000000,46575000000,0.656,5250.43,46575000000,,,,,270.00,,,,9365305,500874,8912866,false,false,12,2023-04-01,2024-03-31,-1
2025-05-07,54450,2026-03-31,,,,,,,,,,,,,,,,,,,,,,,,,,,,,,300.00,,,,,,,false,true,12,2025-04-01,2026-03-31,1
