filing_date,code,fiscal_year_end,quarterly_period,net_sales,net_sales_change,revenue,revenue_change,operating_revenue,operating_revenue_change,operating_profit,operating_profit_change,ordinary_profit,ordinary_profit_change,net_income,net_income_of_parent,net_income_change,eps,diluted_eps,roe,roa,operating_profit_to_net_sales,operating_profit_to_revenue,total_assets,net_assets,equity_ratio,bps,owner_equity,operating_cash_flow,investing_cash_flow,financing_cash_flow,cash,dividend_per_share,payout_ratio,commemorative_dividend,extra_dividend,number_of_shares,number_of_treqsury_shares,avg_number_of_shares,is_consolidated,is_forecast,duration,period_start,period_end,period_pos
2015-07-30,54490,2016-03-31,1,14883000000,-0.158,,,,,1628000000,-0.267,1674000000,-0.275,,687000000,,17.65,,,,,,143394000000,129410000000,0.893,,128082000000,,,,,,,,,,,,true,false,3,2015-04-01,2015-06-30,0
2015-07-30,54490,2015-03-31,1,17680000000,0.145,,,,,2221000000,0.649,2309000000,0.626,,1484000000,,38.13,,,,,,,,,,,,,,,,,,,,,,true,false,3,2014-04-01,2014-06-30,-1
2015-07-30,54490,2016-03-31,1,30000000000,-0.129,,,,,3200000000,-0.165,3300000000,-0.156,,1800000000,,46.25,,,,,,,,,,,,,,,,,,,,,,true,true,6,2015-04-01,2015-09-30,0
2015-07-30,54490,2016-03-31,1,64000000000,-0.054,,,,,6800000000,-0.256,7000000000,-0.234,,4200000000,,107.91,,,,,,,,,,,,,,,,,,,,,,true,true,12,2015-04-01,2016-03-31,0
2015-07-30,54490,2015-03-31,1,,,,,,,,,,,,,,,,,,,,147328000000,129337000000,0.870,,128192000000,,,,,,,,,,,,true,false,12,2014-04-01,2015-03-31,-1
2015-07-30,54490,2015-03-31,1,,,,,,,,,,,,,,,,,,,,,,,,,,,,,35.00,,,,42279982,3357216,,false,false,12,2014-04-01,2015-03-31,-1
2015-07-30,54490,2016-03-31,1,,,,,,,,,,,,,,,,,,,,,,,,,,,,,12.50,,,,,,,false,true,12,2015-04-01,2016-03-31,0
2015-07-30,54490,2016-03-31,1,,,,,,,,,,,,,,,,,,,,,,,,,,,,,,,,,42279982,3357437,38922619,false,false,3,2015-04-01,2015-06-30,0
2015-07-30,54490,2015-03-31,1,,,,,,,,,,,,,,,,,,,,,,,,,,,,,,,,,,,38923522,false,false,3,2014-04-01,2014-06-30,-1
,54490,2016-03-31,,,,,,,,,,,,,,,,,,,,,,,,,,,,,,12.50,,,,,,,false,true,12,2015-04-01,2016-03-31,0
,54490,2015-03-31,,,,,,,,,,,,,,,,,,,,,,,,,,,,,,35.00,,,,,,,false,false,12,2014-04-01,2015-03-31,-1
2015-10-29,54490,2016-03-31,2,28877000000,-0.162,,,,,3706000000,-0.030,3843000000,-0.017,,2088000000,,53.65,,,,,,145398000000,131121000000,0.890,,129470000000,,,,,,,,,,,,true,false,6,2015-04-01,2015-09-30,0
2015-10-29,54490,2015-03-31,2,34452000000,0.067,,,,,3820000000,0.818,3909000000,0.738,,2517000000,,64.69,,,,,,,,,,,,,,,,,,,,,,true,false,6,2014-04-01,2014-09-30,-1
2015-10-29,54490,2016-03-31,2,58000000000,-0.143,,,,,6800000000,-0.252,7000000000,-0.234,,4200000000,,107.91,,,,,,,,,,,,,,,,,,,,,,true,true,12,2015-04-01,2016-03-31,0
2015-10-29,54490,2015-03-31,2,,,,,,,,,,,,,,,,,,,,147328000000,129337000000,0.870,,128192000000,,,,,,,,,,,,true,false,12,2014-04-01,2015-03-31,-1
2015-10-29,54490,2015-03-31,2,,,,,,,,,,,,,,,,,,,,,,,,,,,,,35.00,,,,42279982,3357216,,false,false,12,2014-04-01,2015-03-31,-1
2015-10-29,54490,2016-03-31,2,,,,,,,,,,,,,,,,,,,,,,,,,,,,,12.50,,,,,,,false,false,12,2015-04-01,2016-03-31,0
2015-10-29,54490,2016-03-31,2,,,,,,,,,,,,,,,,,,,,,,,,,,,,,,,,,42279982,3357584,38922533,false,false,6,2015-04-01,2015-09-30,0
2015-10-29,54490,2015-03-31,2,,,,,,,,,,,,,,,,,,,,,,,,,,,,,,,,,,,38923411,false,false,6,2014-04-01,2014-09-30,-1
2016-01-28,54490,2016-03-31,3,42074000000,-0.183,,,,,6176000000,-0.056,6369000000,-0.050,,3790000000,,97.38,,,,,,146250000000,132204000000,0.893,,130605000000,,,,,,,,,,,,true,false,9,2015-04-01,2015-12-31,0
2016-01-28,54490,2015-03-31,3,51501000000,0.022,,,,,6541000000,1.421,6703000000,1.278,,4379000000,,112.52,,,,,,,,,,,,,,,,,,,,,,true,false,9,2014-04-01,2014-12-31,-1
2016-01-28,54490,2016-03-31,3,55000000000,-0.187,,,,,7800000000,-0.141,8000000000,-0.125,,4900000000,,125.89,,,,,,,,,,,,,,,,,,,,,,true,true,12,2015-04-01,2016-03-31,0
2016-01-28,54490,2015-03-31,3,,,,,,,,,,,,,,,,,,,,147328000000,129337000000,0.870,,128192000000,,,,,,,,,,,,true,false,12,2014-04-01,2015-03-31,-1
2016-01-28,54490,2015-03-31,3,,,,,,,,,,,,,,,,,,,,,,,,,,,,,35.00,,,,42279982,3357216,,false,false,12,2014-04-01,2015-03-31,-1
2016-01-28,54490,2016-03-31,3,,,,,,,,,,,,,,,,,,,,,,,,,,,,,12.50,,,,,,,false,false,12,2015-04-01,2016-03-31,0
2016-01-28,54490,2016-03-31,3,,,,,,,,,,,,,,,,,,,,,,,,,,,,,40.00,,,,,,,false,true,12,2015-04-01,2016-03-31,0
2016-01-28,54490,2016-03-31,3,,,,,,,,,,,,,,,,,,,,,,,,,,,,,,,,,42279982,3357723,38922469,false,false,9,2015-04-01,2015-12-31,0
2016-01-28,54490,2015-03-31,3,,,,,,,,,,,,,,,,,,,,,,,,,,,,,,,,,,,38923300,false,false,9,2014-04-01,2014-12-31,-1
2016-02-26,54490,2016-03-31,,55000000000,,,,,,7800000000,,8000000000,,6800000000,,0.388,174.71,,,,,,,,,,,,,,,,,,,,,,true,true,12,2015-04-01,2016-03-31,0
2016-02-26,54490,2015-03-31,,67678000000,,,,,,9143000000,,9142000000,,6215000000,,,159.69,,,,,,,,,,,,,,,,,,,,,,true,false,12,2014-04-01,2015-03-31,-1
2016-02-26,54490,2016-03-31,,49000000000,,,,,,,,7600000000,,6300000000,,,161.86,,,,,,,,,,,,,,,,,,,,,,false,true,12,2015-04-01,2016-03-31,0
2016-02-26,54490,2015-03-31,,60603000000,,,,,,,,8421000000,,5803000000,,,149.10,,,,,,,,,,,,,,,,,,,,,,false,false,12,2014-04-01,2015-03-31,-1
,54490,2016-03-31,,,,,,,,,,,,,,,,,,,,,,,,,,,,,,50.00,,,,,,,false,true,12,2015-04-01,2016-03-31,0
,54490,2016-03-31,,,,,,,,,,,,,,,,,,,,,,,,,,,,,,12.50,,,,,,,false,false,12,2015-04-01,2016-03-31,0
,54490,2015-03-31,,,,,,,,,,,,,,,,,,,,,,,,,,,,,,35.00,,,,,,,false,false,12,2014-04-01,2015-03-31,-1
2016-04-27,54490,2016-03-31,,54677000000,-0.192,,,,,8100000000,-0.108,8284000000,-0.094,,10350000000,,265.92,,0.078,0.055,0.148,,156632000000,141085000000,0.875,3522.47,137102000000,9864000000,-7125000000,-867000000,59961000000,,0.188,,,,,,true,false,12,2015-04-01,2016-03-31,0
2016-04-27,54490,2015-03-31,,67678000000,-0.019,,,,,9085000000,0.862,9142000000,0.775,,6215000000,,159.69,,0.050,0.064,0.134,,147328000000,129337000000,0.870,3293.52,128192000000,12780000000,-5539000000,25000000,58090000000,,0.219,,,,,,true,false,12,2014-04-01,2015-03-31,-1
2016-04-27,54490,2016-03-31,,48847000000,-0.194,,,,,7637000000,-0.083,7908000000,-0.061,6121000000,,0.055,157.27,,,,,,148432000000,119259000000,0.803,3064.05,119259000000,,,,,50.00,,,,42279982,3357754,38922409,false,false,12,2015-04-01,2016-03-31,0
2016-04-27,54490,2015-03-31,,60603000000,0.046,,,,,8330000000,0.682,8421000000,0.600,5803000000,,1.341,149.10,,,,,,141408000000,114682000000,0.811,2946.42,114682000000,,,,,35.00,,,,42279982,3357216,38923192,false,false,12,2014-04-01,2015-03-31,-1
2016-07-28,54490,2017-03-31,1,13220000000,-0.112,,,,,1022000000,-0.358,1057000000,-0.368,,-26000000,,-0.68,,,,,,156107000000,139070000000,0.866,,135166000000,,,,,,,,,,,,true,false,3,2016-04-01,2016-06-30,0
2016-07-28,54490,2016-03-31,1,14883000000,-0.158,,,,,1593000000,-0.280,1674000000,-0.275,,687000000,,17.65,,,,,,,,,,,,,,,,,,,,,,true,false,3,2015-04-01,2015-06-30,-1
2016-07-28,54490,2017-03-31,1,28000000000,-0.030,,,,,2500000000,-0.326,2500000000,-0.350,,900000000,,23.12,,,,,,,,,,,,,,,,,,,,,,true,true,6,2016-04-01,2016-09-30,0
2016-07-28,54490,2017-03-31,1,60000000000,0.097,,,,,6900000000,-0.148,7000000000,-0.155,,4000000000,,102.77,,,,,,,,,,,,,,,,,,,,,,true,true,12,2016-04-01,2017-03-31,0
2016-07-28,54490,2016-03-31,1,,,,,,,,,,,,,,,,,,,,156632000000,141085000000,0.875,,137102000000,,,,,,,,,,,,true,false,12,2015-04-01,2016-03-31,-1
2016-07-28,54490,2016-03-31,1,,,,,,,,,,,,,,,,,,,,,,,,,,,,,50.00,,,,42279982,3357754,,false,false,12,2015-04-01,2016-03-31,-1
2016-07-28,54490,2017-03-31,1,,,,,,,,,,,,,,,,,,,,,,,,,,,,,12.50,,,,,,,false,true,12,2016-04-01,2017-03-31,0
2016-07-28,54490,2017-03-31,1,,,,,,,,,,,,,,,,,,,,,,,,,,,,,,,,,42279982,3357926,38922148,false,false,3,2016-04-01,2016-06-30,0
2016-07-28,54490,2016-03-31,1,,,,,,,,,,,,,,,,,,,,,,,,,,,,,,,,,,,38922619,false,false,3,2015-04-01,2015-06-30,-1
,54490,2017-03-31,,,,,,,,,,,,,,,,,,,,,,,,,,,,,,12.50,,,,,,,false,true,12,2016-04-01,2017-03-31,0
,54490,2016-03-31,,,,,,,,,,,,,,,,,,,,,,,,,,,,,,50.00,,,,,,,false,false,12,2015-04-01,2016-03-31,-1
2016-07-28,54490,2017-03-31,,28000000000,,,,,,2500000000,,2500000000,,,900000000,,23.12,,,,,,,,,,,,,,,,,,,,,,true,true,6,2016-04-01,2016-09-30,0
2016-07-28,54490,2016-03-31,,28877000000,,,,,,3706000000,,3843000000,,,2088000000,,53.65,,,,,,,,,,,,,,,,,,,,,,true,false,6,2015-04-01,2015-09-30,-1
2016-07-28,54490,2017-03-31,,60000000000,,,,,,6900000000,,7000000000,,,4000000000,,102.77,,,,,,,,,,,,,,,,,,,,,,true,true,12,2016-04-01,2017-03-31,0
2016-07-28,54490,2016-03-31,,54677000000,,,,,,8100000000,,8284000000,,,10350000000,,265.92,,,,,,,,,,,,,,,,,,,,,,true,false,12,2015-04-01,2016-03-31,-1
2016-07-28,54490,2017-03-31,,45000000000,,,,,,5200000000,,5300000000,,2900000000,,,74.51,,,,,,,,,,,,,,,,,,,,,,false,true,12,2016-04-01,2017-03-31,0
2016-07-28,54490,2016-03-31,,48847000000,,,,,,7637000000,,7908000000,,6121000000,,,157.27,,,,,,,,,,,,,,,,,,,,,,false,false,12,2015-04-01,2016-03-31,-1
2016-10-27,54490,2017-03-31,2,27470000000,-0.049,,,,,2626000000,-0.291,2631000000,-0.315,,859000000,,22.08,,,,,,157924000000,138746000000,0.860,,135842000000,,,,,,,,,,,,true,false,6,2016-04-01,2016-09-30,0
2016-10-27,54490,2016-03-31,2,28877000000,-0.162,,,,,3706000000,-0.030,3843000000,-0.017,,2088000000,,53.65,,,,,,,,,,,,,,,,,,,,,,true,false,6,2015-04-01,2015-09-30,-1
2016-10-27,54490,2017-03-31,2,60000000000,0.097,,,,,6900000000,-0.148,7000000000,-0.155,,4000000000,,102.77,,,,,,,,,,,,,,,,,,,,,,true,true,12,2016-04-01,2017-03-31,0
2016-10-27,54490,2016-03-31,2,,,,,,,,,,,,,,,,,,,,156632000000,141085000000,0.875,,137102000000,,,,,,,,,,,,true,false,12,2015-04-01,2016-03-31,-1
2016-10-27,54490,2016-03-31,2,,,,,,,,,,,,,,,,,,,,,,,,,,,,,50.00,,,,42279982,3357754,,false,false,12,2015-04-01,2016-03-31,-1
2016-10-27,54490,2017-03-31,2,,,,,,,,,,,,,,,,,,,,,,,,,,,,,12.50,,,,,,,false,false,12,2016-04-01,2017-03-31,0
2016-10-27,54490,2017-03-31,2,,,,,,,,,,,,,,,,,,,,,,,,,,,,,,,,,42279982,3357926,38922102,false,false,6,2016-04-01,2016-09-30,0
2016-10-27,54490,2016-03-31,2,,,,,,,,,,,,,,,,,,,,,,,,,,,,,,,,,,,38922533,false,false,6,2015-04-01,2015-09-30,-1
2017-01-31,54490,2017-03-31,3,43612000000,0.037,,,,,4232000000,-0.315,4233000000,-0.335,,1723000000,,44.27,,,,,,163494000000,139181000000,0.834,,136286000000,,,,,,,,,,,,true,false,9,2016-04-01,2016-12-31,0
2017-01-31,54490,2016-03-31,3,42074000000,-0.183,,,,,6176000000,-0.056,6369000000,-0.050,,3790000000,,97.38,,,,,,,,,,,,,,,,,,,,,,true,false,9,2015-04-01,2015-12-31,-1
2017-01-31,54490,2017-03-31,3,61000000000,0.116,,,,,6000000000,-0.259,6000000000,-0.276,,2900000000,,74.51,,,,,,,,,,,,,,,,,,,,,,true,true,12,2016-04-01,2017-03-31,0
2017-01-31,54490,2016-03-31,3,,,,,,,,,,,,,,,,,,,,156632000000,141085000000,0.875,,137102000000,,,,,,,,,,,,true,false,12,2015-04-01,2016-03-31,-1
2017-01-31,54490,2016-03-31,3,,,,,,,,,,,,,,,,,,,,,,,,,,,,,50.00,,,,42279982,3357754,,false,false,12,2015-04-01,2016-03-31,-1
2017-01-31,54490,2017-03-31,3,,,,,,,,,,,,,,,,,,,,,,,,,,,,,12.50,,,,,,,false,false,12,2016-04-01,2017-03-31,0
2017-01-31,54490,2017-03-31,3,,,,,,,,,,,,,,,,,,,,,,,,,,,,,30.00,,,,,,,false,true,12,2016-04-01,2017-03-31,0
2017-01-31,54490,2017-03-31,3,,,,,,,,,,,,,,,,,,,,,,,,,,,,,,,,,42279982,3358156,38922050,false,false,9,2016-04-01,2016-12-31,0
2017-01-31,54490,2016-03-31,3,,,,,,,,,,,,,,,,,,,,,,,,,,,,,,,,,,,38922469,false,false,9,2015-04-01,2015-12-31,-1
,54490,2017-03-31,,,,,,,,,,,,,,,,,,,,,,,,,,,,,,30.00,,,,,,,false,true,12,2016-04-01,2017-03-31,0
,54490,2017-03-31,,,,,,,,,,,,,,,,,,,,,,,,,,,,,,12.50,,,,,,,false,false,12,2016-04-01,2017-03-31,0
,54490,2016-03-31,,,,,,,,,,,,,,,,,,,,,,,,,,,,,,50.00,,,,,,,false,false,12,2015-04-01,2016-03-31,-1
2017-04-27,54490,2017-03-31,,62135000000,0.136,,,,,5955000000,-0.265,5931000000,-0.284,,2769000000,,71.16,,0.020,0.036,0.096,,170203000000,141446000000,0.813,3554.29,138338000000,4924000000,-11610000000,5774000000,58938000000,,0.422,,,,,,true,false,12,2016-04-01,2017-03-31,0
2017-04-27,54490,2016-03-31,,54677000000,-0.192,,,,,8100000000,-0.108,8284000000,-0.094,,10350000000,,265.92,,0.078,0.055,0.148,,156632000000,141085000000,0.875,3522.47,137102000000,9864000000,-7125000000,-867000000,59961000000,,0.188,,,,,,true,false,12,2015-04-01,2016-03-31,-1
2017-04-27,54490,2018-03-31,,37000000000,0.347,,,,,3400000000,0.294,3400000000,0.292,,2300000000,,59.09,,,,,,,,,,,,,,,,,,,,,,true,true,6,2017-04-01,2017-09-30,1
2017-04-27,54490,2018-03-31,,81000000000,0.304,,,,,7500000000,0.259,7500000000,0.265,,5200000000,,133.60,,,,,,,,,,,,,,,,,,,,,,true,true,12,2017-04-01,2018-03-31,1
2017-04-27,54490,2017-03-31,,45147000000,-0.076,,,,,4669000000,-0.389,4543000000,-0.425,2023000000,,-0.669,51.98,,,,,,152385000000,119516000000,0.784,3070.70,119516000000,,,,,30.00,,,,42279982,3358347,38921957,false,false,12,2016-04-01,2017-03-31,0
2017-04-27,54490,2016-03-31,,48847000000,-0.194,,,,,7637000000,-0.083,7908000000,-0.061,6121000000,,0.055,157.27,,,,,,148432000000,119259000000,0.803,3064.05,119259000000,,,,,50.00,,,,42279982,3357754,38922409,false,false,12,2015-04-01,2016-03-31,-1
2017-07-31,54490,2018-03-31,1,18299000000,0.384,,,,,2342000000,1.290,2380000000,1.251,,1559000000,,40.07,,,,,,173838000000,142067000000,0.800,,139105000000,,,,,,,,,,,,true,false,3,2017-04-01,2017-06-30,0
2017-07-31,54490,2017-03-31,1,13220000000,-0.112,,,,,1022000000,-0.358,1057000000,-0.368,,-26000000,,-0.68,,,,,,,,,,,,,,,,,,,,,,true,false,3,2016-04-01,2016-06-30,-1
2017-07-31,54490,2018-03-31,1,36000000000,0.310,,,,,3400000000,0.294,3400000000,0.292,,2300000000,,59.09,,,,,,,,,,,,,,,,,,,,,,true,true,6,2017-04-01,2017-09-30,0
2017-07-31,54490,2018-03-31,1,78000000000,0.255,,,,,7500000000,0.259,7500000000,0.265,,5200000000,,133.60,,,,,,,,,,,,,,,,,,,,,,true,true,12,2017-04-01,2018-03-31,0
2017-07-31,54490,2017-03-31,1,,,,,,,,,,,,,,,,,,,,170203000000,141446000000,0.813,,138338000000,,,,,,,,,,,,true,false,12,2016-04-01,2017-03-31,-1
2017-07-31,54490,2017-03-31,1,,,,,,,,,,,,,,,,,,,,,,,,,,,,,30.00,,,,42279982,3358347,,false,false,12,2016-04-01,2017-03-31,-1
2017-07-31,54490,2018-03-31,1,,,,,,,,,,,,,,,,,,,,,,,,,,,,,12.50,,,,,,,false,true,12,2017-04-01,2018-03-31,0
2017-07-31,54490,2018-03-31,1,,,,,,,,,,,,,,,,,,,,,,,,,,,,,,,,,42279982,3358424,38921577,false,false,3,2017-04-01,2017-06-30,0
2017-07-31,54490,2017-03-31,1,,,,,,,,,,,,,,,,,,,,,,,,,,,,,,,,,,,38922148,false,false,3,2016-04-01,2016-06-30,-1
,54490,2018-03-31,,,,,,,,,,,,,,,,,,,,,,,,,,,,,,12.50,,,,,,,false,true,12,2017-04-01,2018-03-31,0
,54490,2017-03-31,,,,,,,,,,,,,,,,,,,,,,,,,,,,,,30.00,,,,,,,false,false,12,2016-04-01,2017-03-31,-1
2017-10-31,54490,2018-03-31,2,35709000000,0.300,,,,,3408000000,0.297,3380000000,0.284,,2162000000,,55.56,,,,,,181062000000,142649000000,0.772,,139790000000,,,,,,,,,,,,true,false,6,2017-04-01,2017-09-30,0
2017-10-31,54490,2017-03-31,2,27470000000,-0.049,,,,,2626000000,-0.291,2631000000,-0.315,,859000000,,22.08,,,,,,,,,,,,,,,,,,,,,,true,false,6,2016-04-01,2016-09-30,-1
2017-10-31,54490,2018-03-31,2,80000000000,0.288,,,,,7000000000,0.175,7000000000,0.180,,4700000000,,120.76,,,,,,,,,,,,,,,,,,,,,,true,true,12,2017-04-01,2018-03-31,0
2017-10-31,54490,2017-03-31,2,,,,,,,,,,,,,,,,,,,,170203000000,141446000000,0.813,,138338000000,,,,,,,,,,,,true,false,12,2016-04-01,2017-03-31,-1
2017-10-31,54490,2017-03-31,2,,,,,,,,,,,,,,,,,,,,,,,,,,,,,30.00,,,,42279982,3358347,,false,false,12,2016-04-01,2017-03-31,-1
2017-10-31,54490,2018-03-31,2,,,,,,,,,,,,,,,,,,,,,,,,,,,,,12.50,,,,,,,false,false,12,2017-04-01,2018-03-31,0
2017-10-31,54490,2018-03-31,2,,,,,,,,,,,,,,,,,,,,,,,,,,,,,,,,,42279982,3358505,38921544,false,false,6,2017-04-01,2017-09-30,0
2017-10-31,54490,2017-03-31,2,,,,,,,,,,,,,,,,,,,,,,,,,,,,,,,,,,,38922102,false,false,6,2016-04-01,2016-09-30,-1
2018-01-31,54490,2018-03-31,3,57679000000,0.323,,,,,5229000000,0.236,5162000000,0.219,,3334000000,,85.66,,,,,,187911000000,143477000000,0.748,,140634000000,,,,,,,,,,,,true,false,9,2017-04-01,2017-12-31,0
2018-01-31,54490,2017-03-31,3,43612000000,0.037,,,,,4232000000,-0.315,4233000000,-0.335,,1723000000,,44.27,,,,,,,,,,,,,,,,,,,,,,true,false,9,2016-04-01,2016-12-31,-1
2018-01-31,54490,2018-03-31,3,80000000000,0.288,,,,,6500000000,0.091,6500000000,0.096,,4200000000,,107.91,,,,,,,,,,,,,,,,,,,,,,true,true,12,2017-04-01,2018-03-31,0
2018-01-31,54490,2017-03-31,3,,,,,,,,,,,,,,,,,,,,170203000000,141446000000,0.813,,138338000000,,,,,,,,,,,,true,false,12,2016-04-01,2017-03-31,-1
2018-01-31,54490,2017-03-31,3,,,,,,,,,,,,,,,,,,,,,,,,,,,,,30.00,,,,42279982,3358347,,false,false,12,2016-04-01,2017-03-31,-1
2018-01-31,54490,2018-03-31,3,,,,,,,,,,,,,,,,,,,,,,,,,,,,,12.50,,,,,,,false,false,12,2017-04-01,2018-03-31,0
2018-01-31,54490,2018-03-31,3,,,,,,,,,,,,,,,,,,,,,,,,,,,,,32.50,,,,,,,false,true,12,2017-04-01,2018-03-31,0
2018-01-31,54490,2018-03-31,3,,,,,,,,,,,,,,,,,,,,,,,,,,,,,,,,,42279982,3358534,38921512,false,false,9,2017-04-01,2017-12-31,0
2018-01-31,54490,2017-03-31,3,,,,,,,,,,,,,,,,,,,,,,,,,,,,,,,,,,,38922050,false,false,9,2016-04-01,2016-12-31,-1
,54490,2018-03-31,,,,,,,,,,,,,,,,,,,,,,,,,,,,,,32.50,,,,,,,false,true,12,2017-04-01,2018-03-31,0
,54490,2018-03-31,,,,,,,,,,,,,,,,,,,,,,,,,,,,,,12.50,,,,,,,false,false,12,2017-04-01,2018-03-31,0
,54490,2017-03-31,,,,,,,,,,,,,,,,,,,,,,,,,,,,,,30.00,,,,,,,false,false,12,2016-04-01,2017-03-31,-1
2018-04-26,54490,2018-03-31,,81100000000,0.305,,,,,6868000000,0.153,6703000000,0.130,,4318000000,,110.95,,0.031,0.037,0.085,,194665000000,144286000000,0.727,3635.31,141491000000,-854000000,-8973000000,11498000000,60598000000,,0.302,,,,,,true,false,12,2017-04-01,2018-03-31,0
2018-04-26,54490,2017-03-31,,62135000000,0.136,,,,,5955000000,-0.265,5931000000,-0.284,,2769000000,,71.16,,0.020,0.036,0.096,,170203000000,141446000000,0.813,3554.29,138338000000,4924000000,-11610000000,5774000000,58938000000,,0.422,,,,,,true,false,12,2016-04-01,2017-03-31,-1
2018-04-26,54490,2019-03-31,,45000000000,0.260,,,,,3100000000,-0.090,3000000000,-0.112,,1900000000,,48.82,,,,,,,,,,,,,,,,,,,,,,true,true,6,2018-04-01,2018-09-30,1
2018-04-26,54490,2019-03-31,,95000000000,0.171,,,,,7300000000,0.063,7000000000,0.044,,4600000000,,118.19,,,,,,,,,,,,,,,,,,,,,,true,true,12,2018-04-01,2019-03-31,1
2018-04-26,54490,2018-03-31,,58206000000,0.289,,,,,6532000000,0.399,6598000000,0.452,4636000000,,1.292,119.12,,,,,,162423000000,123197000000,0.758,3165.30,123197000000,,,,,33.50,,,,42279982,3358557,38921492,false,false,12,2017-04-01,2018-03-31,0
2018-04-26,54490,2017-03-31,,45147000000,-0.076,,,,,4669000000,-0.389,4543000000,-0.425,2023000000,,-0.669,51.98,,,,,,152385000000,119516000000,0.784,3070.70,119516000000,,,,,30.00,,,,42279982,3358347,38921957,false,false,12,2016-04-01,2017-03-31,-1
,54490,2018-03-31,,,,,,,,,,,,,,,,,,,,,,,,,,,,,,33.50,,,,,,,false,true,12,2017-04-01,2018-03-31,0
,54490,2018-03-31,,,,,,,,,,,,,,,,,,,,,,,,,,,,,,12.50,,,,,,,false,false,12,2017-04-01,2018-03-31,0
,54490,2017-03-31,,,,,,,,,,,,,,,,,,,,,,,,,,,,,,30.00,,,,,,,false,false,12,2016-04-01,2017-03-31,-1
2018-04-26,54490,2019-03-31,,45000000000,0.260,,,,,3100000000,-0.090,3000000000,-0.112,,1900000000,,48.82,,,,,,,,,,,,,,,,,,,,,,true,true,6,2018-04-01,2018-09-30,0
2018-04-26,54490,2018-03-31,,35709000000,,,,,,3408000000,,3380000000,,,2162000000,,55.56,,,,,,,,,,,,,,,,,,,,,,true,false,6,2017-04-01,2017-09-30,-1
2018-04-26,54490,2019-03-31,,95000000000,0.171,,,,,7300000000,0.063,7000000000,0.044,,4600000000,,118.19,,,,,,,,,,,,,,,,,,,,,,true,true,12,2018-04-01,2019-03-31,0
2018-04-26,54490,2018-03-31,,81100000000,,,,,,6868000000,,6703000000,,,4318000000,,110.95,,,,,,,,,,,,,,,,,,,,,,true,false,12,2017-04-01,2018-03-31,-1
2018-07-31,54490,2019-03-31,1,23341000000,0.276,,,,,2669000000,0.140,2652000000,0.114,,1736000000,,44.62,,,,,,191280000000,144807000000,0.743,,142135000000,,,,,,,,,,,,true,false,3,2018-04-01,2018-06-30,0
2018-07-31,54490,2018-03-31,1,18299000000,0.384,,,,,2342000000,1.290,2380000000,1.251,,1559000000,,40.07,,,,,,,,,,,,,,,,,,,,,,true,false,3,2017-04-01,2017-06-30,-1
2018-07-31,54490,2019-03-31,1,45000000000,0.260,,,,,3900000000,0.144,3800000000,0.124,,2400000000,,61.66,,,,,,,,,,,,,,,,,,,,,,true,true,6,2018-04-01,2018-09-30,0
2018-07-31,54490,2019-03-31,1,95000000000,0.171,,,,,7300000000,0.063,7000000000,0.044,,4600000000,,118.19,,,,,,,,,,,,,,,,,,,,,,true,true,12,2018-04-01,2019-03-31,0
2018-07-31,54490,2018-03-31,1,,,,,,,,,,,,,,,,,,,,194130000000,144286000000,0.729,,141491000000,,,,,,,,,,,,true,false,12,2017-04-01,2018-03-31,-1
2018-07-31,54490,2018-03-31,1,,,,,,,,,,,,,,,,,,,,,,,,,,,,,33.50,,,,42279982,3358557,,false,false,12,2017-04-01,2018-03-31,-1
2018-07-31,54490,2019-03-31,1,,,,,,,,,,,,,,,,,,,,,,,,,,,,,17.00,,,,,,,false,true,12,2018-04-01,2019-03-31,0
2018-07-31,54490,2019-03-31,1,,,,,,,,,,,,,,,,,,,,,,,,,,,,,,,,,42279982,3358623,38921386,false,false,3,2018-04-01,2018-06-30,0
2018-07-31,54490,2018-03-31,1,,,,,,,,,,,,,,,,,,,,,,,,,,,,,,,,,,,38921577,false,false,3,2017-04-01,2017-06-30,-1
,54490,2019-03-31,,,,,,,,,,,,,,,,,,,,,,,,,,,,,,17.00,,,,,,,false,true,12,2018-04-01,2019-03-31,0
,54490,2018-03-31,,,,,,,,,,,,,,,,,,,,,,,,,,,,,,33.50,,,,,,,false,false,12,2017-04-01,2018-03-31,-1
2018-10-31,54490,2019-03-31,2,44080000000,0.234,,,,,3437000000,0.009,3299000000,-0.024,,1787000000,,45.93,,,,,,197738000000,145004000000,0.720,,142392000000,,,,,,,,,,,,true,false,6,2018-04-01,2018-09-30,0
2018-10-31,54490,2018-03-31,2,35709000000,0.300,,,,,3408000000,0.297,3380000000,0.284,,2162000000,,55.56,,,,,,,,,,,,,,,,,,,,,,true,false,6,2017-04-01,2017-09-30,-1
2018-10-31,54490,2019-03-31,2,95000000000,0.171,,,,,6300000000,-0.083,6000000000,-0.105,,3500000000,,89.92,,,,,,,,,,,,,,,,,,,,,,true,true,12,2018-04-01,2019-03-31,0
2018-10-31,54490,2018-03-31,2,,,,,,,,,,,,,,,,,,,,194130000000,144286000000,0.729,,141491000000,,,,,,,,,,,,true,false,12,2017-04-01,2018-03-31,-1
2018-10-31,54490,2018-03-31,2,,,,,,,,,,,,,,,,,,,,,,,,,,,,,33.50,,,,42279982,3358557,,false,false,12,2017-04-01,2018-03-31,-1
2018-10-31,54490,2019-03-31,2,,,,,,,,,,,,,,,,,,,,,,,,,,,,,17.00,,,,,,,false,false,12,2018-04-01,2019-03-31,0
2018-10-31,54490,2019-03-31,2,,,,,,,,,,,,,,,,,,,,,,,,,,,,,,,,,42279982,3358684,38921356,false,false,6,2018-04-01,2018-09-30,0
2018-10-31,54490,2018-03-31,2,,,,,,,,,,,,,,,,,,,,,,,,,,,,,,,,,,,38921544,false,false,6,2017-04-01,2017-09-30,-1
2019-01-31,54490,2019-03-31,3,70806000000,0.228,,,,,5237000000,0.002,4869000000,-0.057,,2670000000,,68.60,,,,,,195786000000,145010000000,0.728,,142536000000,,,,,,,,,,,,true,false,9,2018-04-01,2018-12-31,0
2019-01-31,54490,2018-03-31,3,57679000000,0.323,,,,,5229000000,0.236,5162000000,0.219,,3334000000,,85.66,,,,,,,,,,,,,,,,,,,,,,true,false,9,2017-04-01,2017-12-31,-1
2019-01-31,54490,2019-03-31,3,95000000000,0.171,,,,,6800000000,-0.010,6500000000,-0.030,,3800000000,,97.63,,,,,,,,,,,,,,,,,,,,,,true,true,12,2018-04-01,2019-03-31,0
2019-01-31,54490,2018-03-31,3,,,,,,,,,,,,,,,,,,,,194130000000,144286000000,0.729,,141491000000,,,,,,,,,,,,true,false,12,2017-04-01,2018-03-31,-1
2019-01-31,54490,2018-03-31,3,,,,,,,,,,,,,,,,,,,,,,,,,,,,,33.50,,,,42279982,3358557,,false,false,12,2017-04-01,2018-03-31,-1
2019-01-31,54490,2019-03-31,3,,,,,,,,,,,,,,,,,,,,,,,,,,,,,17.00,,,,,,,false,false,12,2018-04-01,2019-03-31,0
2019-01-31,54490,2019-03-31,3,,,,,,,,,,,,,,,,,,,,,,,,,,,,,34.00,,,,,,,false,true,12,2018-04-01,2019-03-31,0
2019-01-31,54490,2019-03-31,3,,,,,,,,,,,,,,,,,,,,,,,,,,,,,,,,,42279982,3358911,38921261,false,false,9,2018-04-01,2018-12-31,0
2019-01-31,54490,2018-03-31,3,,,,,,,,,,,,,,,,,,,,,,,,,,,,,,,,,,,38921512,false,false,9,2017-04-01,2017-12-31,-1
,54490,2019-03-31,,,,,,,,,,,,,,,,,,,,,,,,,,,,,,34.00,,,,,,,false,true,12,2018-04-01,2019-03-31,0
,54490,2019-03-31,,,,,,,,,,,,,,,,,,,,,,,,,,,,,,17.00,,,,,,,false,false,12,2018-04-01,2019-03-31,0
,54490,2018-03-31,,,,,,,,,,,,,,,,,,,,,,,,,,,,,,33.50,,,,,,,false,false,12,2017-04-01,2018-03-31,-1
2019-04-25,54490,2019-03-31,,96569000000,0.191,,,,,7365000000,0.072,6875000000,0.026,,4122000000,,105.93,,0.029,0.035,0.076,,202034000000,146074000000,0.711,3691.65,143682000000,3193000000,-3725000000,2617000000,62620000000,,0.321,,,,,,true,false,12,2018-04-01,2019-03-31,0
2019-04-25,54490,2018-03-31,,81100000000,0.305,,,,,6868000000,0.153,6703000000,0.130,,4318000000,,110.95,,0.031,0.037,0.085,,194130000000,144286000000,0.729,3635.31,141491000000,-854000000,-8973000000,11498000000,60598000000,,0.302,,,,,,true,false,12,2017-04-01,2018-03-31,-1
2019-04-25,54490,2020-03-31,,48000000000,0.089,,,,,3300000000,-0.040,3000000000,-0.091,,1900000000,,48.82,,,,,,,,,,,,,,,,,,,,,,true,true,6,2019-04-01,2019-09-30,1
2019-04-25,54490,2020-03-31,,105000000000,0.087,,,,,7000000000,-0.050,6500000000,-0.055,,4200000000,,107.91,,,,,,,,,,,,,,,,,,,,,,true,true,12,2019-04-01,2020-03-31,1
2019-04-25,54490,2019-03-31,,64287000000,0.104,,,,,6979000000,0.068,7329000000,0.111,5067000000,,0.093,130.20,,,,,,165504000000,126539000000,0.765,3251.18,126539000000,,,,,34.00,,,,42279982,3358970,38921209,false,false,12,2018-04-01,2019-03-31,0
2019-04-25,54490,2018-03-31,,58206000000,0.289,,,,,6532000000,0.399,6598000000,0.452,4636000000,,1.292,119.12,,,,,,161943000000,123197000000,0.761,3165.30,123197000000,,,,,33.50,,,,42279982,3358557,38921492,false,false,12,2017-04-01,2018-03-31,-1
2019-07-31,54490,2020-03-31,1,24990000000,0.071,,,,,2291000000,-0.142,2371000000,-0.106,,1597000000,,41.04,,,,,,207182000000,146868000000,0.698,,144537000000,,,,,,,,,,,,true,false,3,2019-04-01,2019-06-30,0
2019-07-31,54490,2019-03-31,1,23341000000,0.276,,,,,2669000000,0.140,2652000000,0.114,,1736000000,,44.62,,,,,,,,,,,,,,,,,,,,,,true,false,3,2018-04-01,2018-06-30,-1
2019-07-31,54490,2020-03-31,1,46000000000,0.044,,,,,3300000000,-0.040,3000000000,-0.091,,1900000000,,48.82,,,,,,,,,,,,,,,,,,,,,,true,true,6,2019-04-01,2019-09-30,0
2019-07-31,54490,2020-03-31,1,98000000000,0.015,,,,,7000000000,-0.050,6500000000,-0.055,,4200000000,,107.91,,,,,,,,,,,,,,,,,,,,,,true,true,12,2019-04-01,2020-03-31,0
2019-07-31,54490,2019-03-31,1,,,,,,,,,,,,,,,,,,,,202034000000,146074000000,0.711,,143682000000,,,,,,,,,,,,true,false,12,2018-04-01,2019-03-31,-1
2019-07-31,54490,2019-03-31,1,,,,,,,,,,,,,,,,,,,,,,,,,,,,,34.00,,,,42279982,3358970,,false,false,12,2018-04-01,2019-03-31,-1
2019-07-31,54490,2020-03-31,1,,,,,,,,,,,,,,,,,,,,,,,,,,,,,12.50,,,,,,,false,true,12,2019-04-01,2020-03-31,0
2019-07-31,54490,2020-03-31,1,,,,,,,,,,,,,,,,,,,,,,,,,,,,,,,,,42279982,3358980,38921005,false,false,3,2019-04-01,2019-06-30,0
2019-07-31,54490,2019-03-31,1,,,,,,,,,,,,,,,,,,,,,,,,,,,,,,,,,,,38921386,false,false,3,2018-04-01,2018-06-30,-1
2019-10-31,54490,2020-03-31,2,46386000000,0.052,,,,,4063000000,0.182,3948000000,0.197,,2589000000,,66.54,,,,,,200144000000,147600000000,0.727,,145419000000,,,,,,,,,,,,true,false,6,2019-04-01,2019-09-30,0
2019-10-31,54490,2019-03-31,2,44080000000,0.234,,,,,3437000000,0.009,3299000000,-0.024,,1787000000,,45.93,,,,,,,,,,,,,,,,,,,,,,true,false,6,2018-04-01,2018-09-30,-1
2019-10-31,54490,2020-03-31,2,94000000000,-0.027,,,,,7000000000,-0.050,6500000000,-0.055,,4200000000,,107.91,,,,,,,,,,,,,,,,,,,,,,true,true,12,2019-04-01,2020-03-31,0
2019-10-31,54490,2019-03-31,2,,,,,,,,,,,,,,,,,,,,202034000000,146074000000,0.711,,143682000000,,,,,,,,,,,,true,false,12,2018-04-01,2019-03-31,-1
2019-10-31,54490,2019-03-31,2,,,,,,,,,,,,,,,,,,,,,,,,,,,,,34.00,,,,42279982,3358970,,false,false,12,2018-04-01,2019-03-31,-1
2019-10-31,54490,2020-03-31,2,,,,,,,,,,,,,,,,,,,,,,,,,,,,,12.50,,,,,,,false,false,12,2019-04-01,2020-03-31,0
2019-10-31,54490,2020-03-31,2,,,,,,,,,,,,,,,,,,,,,,,,,,,,,,,,,42279982,3359176,38920915,false,false,6,2019-04-01,2019-09-30,0
2019-10-31,54490,2019-03-31,2,,,,,,,,,,,,,,,,,,,,,,,,,,,,,,,,,,,38921356,false,false,6,2018-04-01,2018-09-30,-1
2020-01-30,54490,2020-03-31,3,70222000000,-0.008,,,,,6209000000,0.186,5884000000,0.208,,3815000000,,98.02,,,,,,201132000000,148198000000,0.727,,146166000000,,,,,,,,,,,,true,false,9,2019-04-01,2019-12-31,0
2020-01-30,54490,2019-03-31,3,70806000000,0.228,,,,,5237000000,0.002,4869000000,-0.057,,2670000000,,68.60,,,,,,,,,,,,,,,,,,,,,,true,false,9,2018-04-01,2018-12-31,-1
2020-01-30,54490,2020-03-31,3,94000000000,-0.027,,,,,7000000000,-0.050,6500000000,-0.055,,4200000000,,107.91,,,,,,,,,,,,,,,,,,,,,,true,true,12,2019-04-01,2020-03-31,0
2020-01-30,54490,2019-03-31,3,,,,,,,,,,,,,,,,,,,,202034000000,146074000000,0.711,,143682000000,,,,,,,,,,,,true,false,12,2018-04-01,2019-03-31,-1
2020-01-30,54490,2019-03-31,3,,,,,,,,,,,,,,,,,,,,,,,,,,,,,34.00,,,,42279982,3358970,,false,false,12,2018-04-01,2019-03-31,-1
2020-01-30,54490,2020-03-31,3,,,,,,,,,,,,,,,,,,,,,,,,,,,,,12.50,,,,,,,false,false,12,2019-04-01,2020-03-31,0
2020-01-30,54490,2020-03-31,3,,,,,,,,,,,,,,,,,,,,,,,,,,,,,32.50,,,,,,,false,true,12,2019-04-01,2020-03-31,0
2020-01-30,54490,2020-03-31,3,,,,,,,,,,,,,,,,,,,,,,,,,,,,,,,,,42279982,3359235,38920872,false,false,9,2019-04-01,2019-12-31,0
2020-01-30,54490,2019-03-31,3,,,,,,,,,,,,,,,,,,,,,,,,,,,,,,,,,,,38921261,false,false,9,2018-04-01,2018-12-31,-1
2020-03-27,54490,2020-03-31,,60000000000,,,,,,6500000000,,6500000000,,-300000000,,,,,,,,,,,,,,,,,,,,,,,,,false,true,12,2019-04-01,2020-03-31,0
2020-03-27,54490,2019-03-31,,64287000000,,,,,,6979000000,,7329000000,,5067000000,,,130.20,,,,,,,,,,,,,,,,,,,,,,false,false,12,2018-04-01,2019-03-31,-1
2020-04-28,54490,2020-03-31,,91592000000,-0.052,,,,,7447000000,0.011,6746000000,-0.019,,4231000000,,108.73,,0.029,0.033,0.081,,200794000000,148394000000,0.729,3762.46,146437000000,16866000000,-6077000000,1074000000,74432000000,,0.299,,,,,,true,false,12,2019-04-01,2020-03-31,0
2020-04-28,54490,2019-03-31,,96569000000,0.191,,,,,7365000000,0.072,6875000000,0.026,,4122000000,,105.93,,0.029,0.035,0.076,,202034000000,146074000000,0.711,3691.65,143682000000,3193000000,-3725000000,2617000000,62620000000,,0.321,,,,,,true,false,12,2018-04-01,2019-03-31,-1
2020-04-28,54490,2020-03-31,,58778000000,-0.086,,,,,7039000000,0.009,6739000000,-0.081,-434000000,,,-11.16,,,,,,164480000000,124731000000,0.758,3204.78,124731000000,,,,,32.50,,,,42279982,3359461,38920790,false,false,12,2019-04-01,2020-03-31,0
2020-04-28,54490,2019-03-31,,64287000000,0.104,,,,,6979000000,0.068,7329000000,0.111,5067000000,,0.093,130.20,,,,,,165504000000,126539000000,0.765,3251.18,126539000000,,,,,34.00,,,,42279982,3358970,38921209,false,false,12,2018-04-01,2019-03-31,-1
2020-07-30,54490,2021-03-31,1,20154000000,-0.193,,,,,740000000,-0.677,-371000000,,,-438000000,,-11.27,,,,,,201243000000,146782000000,0.721,,145175000000,,,,,,,,,,,,true,false,3,2020-04-01,2020-06-30,0
2020-07-30,54490,2020-03-31,1,24990000000,0.071,,,,,2291000000,-0.142,2371000000,-0.106,,1597000000,,41.04,,,,,,,,,,,,,,,,,,,,,,true,false,3,2019-04-01,2019-06-30,-1
2020-07-30,54490,2021-03-31,1,36000000000,-0.224,,,,,500000000,-0.877,0,-1.000,,0,,0.00,,,,,,,,,,,,,,,,,,,,,,true,true,6,2020-04-01,2020-09-30,0
2020-07-30,54490,2020-03-31,1,,,,,,,,,,,,,,,,,,,,200794000000,148394000000,0.729,,146437000000,,,,,,,,,,,,true,false,12,2019-04-01,2020-03-31,-1
2020-07-30,54490,2020-03-31,1,,,,,,,,,,,,,,,,,,,,,,,,,,,,,32.50,,,,42279982,3359461,,false,false,12,2019-04-01,2020-03-31,-1
2020-07-30,54490,2021-03-31,1,,,,,,,,,,,,,,,,,,,,,,,,,,,,,0.00,,,,,,,false,true,12,2020-04-01,2021-03-31,0
2020-07-30,54490,2021-03-31,1,,,,,,,,,,,,,,,,,,,,,,,,,,,,,,,,,42279982,3359461,38920521,false,false,3,2020-04-01,2020-06-30,0
2020-07-30,54490,2020-03-31,1,,,,,,,,,,,,,,,,,,,,,,,,,,,,,,,,,,,38921005,false,false,3,2019-04-01,2019-06-30,-1
2020-07-30,54490,2021-03-31,,36000000000,,,,,,500000000,,0,,,0,,0.00,,,,,,,,,,,,,,,,,,,,,,true,true,6,2020-04-01,2020-09-30,0
2020-07-30,54490,2020-03-31,,46386000000,,,,,,4063000000,,3948000000,,,2589000000,,66.54,,,,,,,,,,,,,,,,,,,,,,true,false,6,2019-04-01,2019-09-30,-1
2020-10-29,54490,2021-03-31,2,36633000000,-0.210,,,,,979000000,-0.760,770000000,-0.805,,401000000,,10.32,,,,,,203888000000,147677000000,0.716,,145969000000,,,,,,,,,,,,true,false,6,2020-04-01,2020-09-30,0
2020-10-29,54490,2020-03-31,2,46386000000,0.052,,,,,4063000000,0.182,3948000000,0.197,,2589000000,,66.54,,,,,,,,,,,,,,,,,,,,,,true,false,6,2019-04-01,2019-09-30,-1
2020-10-29,54490,2021-03-31,2,74000000000,-0.192,,,,,1700000000,-0.772,1000000000,-0.852,,500000000,,12.85,,,,,,,,,,,,,,,,,,,,,,true,true,12,2020-04-01,2021-03-31,0
2020-10-29,54490,2020-03-31,2,,,,,,,,,,,,,,,,,,,,200794000000,148394000000,0.729,,146437000000,,,,,,,,,,,,true,false,12,2019-04-01,2020-03-31,-1
2020-10-29,54490,2020-03-31,2,,,,,,,,,,,,,,,,,,,,,,,,,,,,,32.50,,,,42279982,3359461,,false,false,12,2019-04-01,2020-03-31,-1
2020-10-29,54490,2021-03-31,2,,,,,,,,,,,,,,,,,,,,,,,,,,,,,0.00,,,,,,,false,false,12,2020-04-01,2021-03-31,0
2020-10-29,54490,2021-03-31,2,,,,,,,,,,,,,,,,,,,,,,,,,,,,,,,,,42279982,3359371,38920566,false,false,6,2020-04-01,2020-09-30,0
2020-10-29,54490,2020-03-31,2,,,,,,,,,,,,,,,,,,,,,,,,,,,,,,,,,,,38920915,false,false,6,2019-04-01,2019-09-30,-1
2021-01-28,54490,2021-03-31,3,55876000000,-0.204,,,,,1299000000,-0.791,886000000,-0.849,,403000000,,10.38,,,,,,201614000000,147658000000,0.722,,145490000000,,,,,,,,,,,,true,false,9,2020-04-01,2020-12-31,0
2021-01-28,54490,2020-03-31,3,70222000000,-0.008,,,,,6209000000,0.186,5884000000,0.208,,3815000000,,98.02,,,,,,,,,,,,,,,,,,,,,,true,false,9,2019-04-01,2019-12-31,-1
2021-01-28,54490,2021-03-31,3,75000000000,-0.181,,,,,300000000,-0.960,0,-1.000,,0,,0.00,,,,,,,,,,,,,,,,,,,,,,true,true,12,2020-04-01,2021-03-31,0
2021-01-28,54490,2020-03-31,3,,,,,,,,,,,,,,,,,,,,200794000000,148394000000,0.729,,146437000000,,,,,,,,,,,,true,false,12,2019-04-01,2020-03-31,-1
2021-01-28,54490,2020-03-31,3,,,,,,,,,,,,,,,,,,,,,,,,,,,,,32.50,,,,42279982,3359461,,false,false,12,2019-04-01,2020-03-31,-1
2021-01-28,54490,2021-03-31,3,,,,,,,,,,,,,,,,,,,,,,,,,,,,,0.00,,,,,,,false,false,12,2020-04-01,2021-03-31,0
2021-01-28,54490,2021-03-31,3,,,,,,,,,,,,,,,,,,,,,,,,,,,,,,,,,42279982,3359371,38920581,false,false,9,2020-04-01,2020-12-31,0
2021-01-28,54490,2020-03-31,3,,,,,,,,,,,,,,,,,,,,,,,,,,,,,,,,,,,38920872,false,false,9,2019-04-01,2019-12-31,-1
2021-03-03,54490,2021-03-31,,75000000000,,,,,,1000000000,2.333,1000000000,,,500000000,,12.85,,,,,,,,,,,,,,,,,,,,,,true,true,12,2020-04-01,2021-03-31,0
2021-03-03,54490,2020-03-31,,91592000000,,,,,,7447000000,,6746000000,,,4231000000,,108.73,,,,,,,,,,,,,,,,,,,,,,true,false,12,2019-04-01,2020-03-31,-1
,54490,2021-03-31,,,,,,,,,,,,,,,,,,,,,,,,,,,,,,4.00,,,,,,,false,true,12,2020-04-01,2021-03-31,0
,54490,2021-03-31,,,,,,,,,,,,,,,,,,,,,,,,,,,,,,0.00,,,,,,,false,false,12,2020-04-01,2021-03-31,0
,54490,2020-03-31,,,,,,,,,,,,,,,,,,,,,,,,,,,,,,32.50,,,,,,,false,false,12,2019-04-01,2020-03-31,-1
2021-04-28,54490,2021-03-31,,76601000000,-0.164,,,,,1413000000,-0.810,1304000000,-0.807,,897000000,,23.06,,0.006,0.007,0.018,,195242000000,148514000000,0.749,3759.12,146307000000,4187000000,-10982000000,-4885000000,62621000000,,0.304,,,,,,true,false,12,2020-04-01,2021-03-31,0
2021-04-28,54490,2020-03-31,,91592000000,-0.052,,,,,7447000000,0.011,6746000000,-0.019,,4231000000,,108.73,,0.029,0.033,0.081,,200794000000,148394000000,0.729,3762.46,146437000000,16866000000,-6077000000,1074000000,74432000000,,0.299,,,,,,true,false,12,2019-04-01,2020-03-31,-1
2021-04-28,54490,2022-03-31,,42000000000,0.146,,,1400000000,0.430,,,1500000000,0.946,,1000000000,,25.69,,,,,,,,,,,,,,,,,,,,,,true,true,6,2021-04-01,2021-09-30,1
2021-04-28,54490,2022-03-31,,86000000000,0.123,,,1900000000,0.344,,,2000000000,0.533,,1300000000,,33.40,,,,,,,,,,,,,,,,,,,,,,true,true,12,2021-04-01,2022-03-31,1
2021-04-28,54490,2021-03-31,,52392000000,-0.109,,,,,1604000000,-0.772,2137000000,-0.683,1827000000,,,46.96,,,,,,169547000000,125783000000,0.742,3231.80,125783000000,,,,,7.00,,,,42279982,3359400,38920581,false,false,12,2020-04-01,2021-03-31,0
2021-04-28,54490,2020-03-31,,58778000000,-0.086,,,,,7039000000,0.009,6739000000,-0.081,-434000000,,,-11.16,,,,,,164480000000,124731000000,0.758,3204.78,124731000000,,,,,32.50,,,,42279982,3359461,38920790,false,false,12,2019-04-01,2020-03-31,-1
2021-04-28,54490,2022-03-31,,70000000000,0.336,,,,,1900000000,0.184,2000000000,-0.064,11000000000,,5.019,282.63,,,,,,,,,,,,,,,,,,,,,,false,true,12,2021-04-01,2022-03-31,0
2021-04-28,54490,2021-03-31,,76601000000,-0.164,,,,,1413000000,-0.810,1304000000,-0.807,,897000000,,23.06,,0.006,0.007,0.018,,195242000000,148514000000,0.749,3759.12,146307000000,4187000000,-10982000000,-4885000000,62621000000,,0.304,,,,,,true,false,12,2020-04-01,2021-03-31,0
2021-04-28,54490,2020-03-31,,91592000000,-0.052,,,,,7447000000,0.011,6746000000,-0.019,,4231000000,,108.73,,0.029,0.033,0.081,,200794000000,148394000000,0.729,3762.46,146437000000,16866000000,-6077000000,1074000000,74432000000,,0.299,,,,,,true,false,12,2019-04-01,2020-03-31,-1
2021-04-28,54490,2022-03-31,,42000000000,0.146,,,,,1400000000,0.430,1500000000,0.946,,1000000000,,25.69,,,,,,,,,,,,,,,,,,,,,,true,true,6,2021-04-01,2021-09-30,1
2021-04-28,54490,2022-03-31,,86000000000,0.123,,,,,1900000000,0.344,2000000000,0.533,,1300000000,,33.40,,,,,,,,,,,,,,,,,,,,,,true,true,12,2021-04-01,2022-03-31,1
2021-04-28,54490,2021-03-31,,52392000000,-0.109,,,,,1604000000,-0.772,2137000000,-0.683,1827000000,,,46.96,,,,,,169547000000,125783000000,0.742,3231.80,125783000000,,,,,7.00,,,,42279982,3359400,38920581,false,false,12,2020-04-01,2021-03-31,0
2021-04-28,54490,2020-03-31,,58778000000,-0.086,,,,,7039000000,0.009,6739000000,-0.081,-434000000,,,-11.16,,,,,,164480000000,124731000000,0.758,3204.78,124731000000,,,,,32.50,,,,42279982,3359461,38920790,false,false,12,2019-04-01,2020-03-31,-1
2021-07-29,54490,2022-03-31,1,22324000000,0.108,,,,,1790000000,1.417,1627000000,,,1082000000,,27.81,,,,,,200992000000,149542000000,0.733,,147289000000,,,,,,,,,,,,true,false,3,2021-04-01,2021-06-30,0
2021-07-29,54490,2021-03-31,1,20154000000,-0.193,,,,,740000000,-0.677,-371000000,,,-438000000,,-11.27,,,,,,,,,,,,,,,,,,,,,,true,false,3,2020-04-01,2020-06-30,-1
2021-07-29,54490,2022-03-31,1,47000000000,0.283,,,,,2100000000,1.144,2000000000,1.594,,1400000000,,35.97,,,,,,,,,,,,,,,,,,,,,,true,true,6,2021-04-01,2021-09-30,0
2021-07-29,54490,2022-03-31,1,105000000000,0.370,,,,,3200000000,1.264,3000000000,1.300,,1900000000,,48.82,,,,,,,,,,,,,,,,,,,,,,true,true,12,2021-04-01,2022-03-31,0
2021-07-29,54490,2021-03-31,1,,,,,,,,,,,,,,,,,,,,195242000000,148514000000,0.749,,146307000000,,,,,,,,,,,,true,false,12,2020-04-01,2021-03-31,-1
2021-07-29,54490,2021-03-31,1,,,,,,,,,,,,,,,,,,,,,,,,,,,,,7.00,,,,42279982,3359400,,false,false,12,2020-04-01,2021-03-31,-1
2021-07-29,54490,2022-03-31,1,,,,,,,,,,,,,,,,,,,,,,,,,,,,,7.00,,,,,,,false,true,12,2021-04-01,2022-03-31,0
2021-07-29,54490,2022-03-31,1,,,,,,,,,,,,,,,,,,,,,,,,,,,,,,,,,42279982,3359476,38920506,false,false,3,2021-04-01,2021-06-30,0
2021-07-29,54490,2021-03-31,1,,,,,,,,,,,,,,,,,,,,,,,,,,,,,,,,,,,38920521,false,false,3,2020-04-01,2020-06-30,-1
2021-10-28,54490,2022-03-31,2,47221000000,0.289,,,,,2734000000,1.793,2583000000,2.351,,1739000000,,44.70,,,,,,200273000000,150273000000,0.739,,147979000000,,,,,,,,,,,,true,false,6,2021-04-01,2021-09-30,0
2021-10-28,54490,2021-03-31,2,36633000000,-0.210,,,,,979000000,-0.760,770000000,-0.805,,401000000,,10.32,,,,,,,,,,,,,,,,,,,,,,true,false,6,2020-04-01,2020-09-30,-1
2021-10-28,54490,2022-03-31,2,100000000000,0.305,,,,,3700000000,1.618,3500000000,1.683,,2300000000,,59.09,,,,,,,,,,,,,,,,,,,,,,true,true,12,2021-04-01,2022-03-31,0
2021-10-28,54490,2021-03-31,2,,,,,,,,,,,,,,,,,,,,195242000000,148514000000,0.749,,146307000000,,,,,,,,,,,,true,false,12,2020-04-01,2021-03-31,-1
2021-10-28,54490,2021-03-31,2,,,,,,,,,,,,,,,,,,,,,,,,,,,,,7.00,,,,42279982,3359400,,false,false,12,2020-04-01,2021-03-31,-1
2021-10-28,54490,2022-03-31,2,,,,,,,,,,,,,,,,,,,,,,,,,,,,,7.00,,,,,,,false,false,12,2021-04-01,2022-03-31,0
2021-10-28,54490,2022-03-31,2,,,,,,,,,,,,,,,,,,,,,,,,,,,,,,,,,42279982,3359476,38920506,false,false,6,2021-04-01,2021-09-30,0
2021-10-28,54490,2021-03-31,2,,,,,,,,,,,,,,,,,,,,,,,,,,,,,,,,,,,38920566,false,false,6,2020-04-01,2020-09-30,-1
2022-01-31,54490,2022-03-31,3,75196000000,0.346,,,,,3478000000,1.676,3583000000,3.041,,2438000000,,62.64,,,,,,214498000000,150676000000,0.692,,148349000000,,,,,,,,,,,,true,false,9,2021-04-01,2021-12-31,0
2022-01-31,54490,2021-03-31,3,55876000000,-0.204,,,,,1299000000,-0.791,886000000,-0.849,,403000000,,10.38,,,,,,,,,,,,,,,,,,,,,,true,false,9,2020-04-01,2020-12-31,-1
2022-01-31,54490,2022-03-31,3,105000000000,0.371,,,,,4200000000,1.972,4000000000,2.066,,2650000000,,68.09,,,,,,,,,,,,,,,,,,,,,,true,true,12,2021-04-01,2022-03-31,0
2022-01-31,54490,2021-03-31,3,,,,,,,,,,,,,,,,,,,,195242000000,148514000000,0.749,,146307000000,,,,,,,,,,,,true,false,12,2020-04-01,2021-03-31,-1
2022-01-31,54490,2021-03-31,3,,,,,,,,,,,,,,,,,,,,,,,,,,,,,7.00,,,,42279982,3359400,,false,false,12,2020-04-01,2021-03-31,-1
2022-01-31,54490,2022-03-31,3,,,,,,,,,,,,,,,,,,,,,,,,,,,,,7.00,,,,,,,false,false,12,2021-04-01,2022-03-31,0
2022-01-31,54490,2022-03-31,3,,,,,,,,,,,,,,,,,,,,,,,,,,,,,20.50,,,,,,,false,true,12,2021-04-01,2022-03-31,0
2022-01-31,54490,2022-03-31,3,,,,,,,,,,,,,,,,,,,,,,,,,,,,,,,,,42279982,3359682,38920462,false,false,9,2021-04-01,2021-12-31,0
2022-01-31,54490,2021-03-31,3,,,,,,,,,,,,,,,,,,,,,,,,,,,,,,,,,,,38920581,false,false,9,2020-04-01,2020-12-31,-1
2022-04-27,54490,2022-03-31,,104455000000,0.364,,,,,3863000000,1.734,3958000000,2.034,,2567000000,,65.96,,0.017,0.020,0.037,,208294000000,151028000000,0.714,3819.41,148652000000,2934000000,-4326000000,821000000,62396000000,,0.311,,,,,,true,false,12,2021-04-01,2022-03-31,0
2022-04-27,54490,2021-03-31,,76601000000,-0.164,,,,,1413000000,-0.810,1304000000,-0.807,,897000000,,23.06,,0.006,0.007,0.018,,195242000000,148514000000,0.749,3759.12,146307000000,4187000000,-10982000000,-4885000000,62621000000,,0.304,,,,,,true,false,12,2020-04-01,2021-03-31,-1
2022-04-27,54490,2023-03-31,,65000000000,0.376,,,,,2300000000,-0.159,2200000000,-0.148,,1450000000,,37.26,,,,,,,,,,,,,,,,,,,,,,true,true,6,2022-04-01,2022-09-30,1
2022-04-27,54490,2023-03-31,,140000000000,0.340,,,,,5200000000,0.346,5000000000,0.263,,3500000000,,89.93,,,,,,,,,,,,,,,,,,,,,,true,true,12,2022-04-01,2023-03-31,1
2022-04-27,54490,2022-03-31,,76774000000,0.465,,,,,2327000000,0.451,2606000000,0.219,11158000000,,5.106,286.71,,,,,,182709000000,136317000000,0.746,3502.49,136317000000,,,,,20.50,,,,42279982,3359728,38920418,false,false,12,2021-04-01,2022-03-31,0
2022-04-27,54490,2021-03-31,,52392000000,-0.109,,,,,1604000000,-0.772,2137000000,-0.683,1827000000,,,46.96,,,,,,169547000000,125783000000,0.742,3231.80,125783000000,,,,,7.00,,,,42279982,3359400,38920581,false,false,12,2020-04-01,2021-03-31,-1
2022-04-27,54490,2023-03-31,,100000000000,0.303,,,,,3900000000,0.676,4100000000,0.573,2800000000,,-0.749,71.94,,,,,,,,,,,,,,,,,,,,,,false,true,12,2022-04-01,2023-03-31,0
2022-07-01,54490,2023-03-31,,65000000000,,,,,,2300000000,,2200000000,,,450000000,,11.56,,,,,,,,,,,,,,,,,,,,,,true,true,6,2022-04-01,2022-09-30,0
2022-07-01,54490,2022-03-31,,47221000000,,,,,,2734000000,,2583000000,,,1739000000,,44.70,,,,,,,,,,,,,,,,,,,,,,true,false,6,2021-04-01,2021-09-30,-1
2022-07-01,54490,2023-03-31,,140000000000,,,,,,5200000000,,5000000000,,,2500000000,,64.23,,,,,,,,,,,,,,,,,,,,,,true,true,12,2022-04-01,2023-03-31,0
2022-07-01,54490,2022-03-31,,104455000000,,,,,,3863000000,,3958000000,,,2567000000,,65.96,,,,,,,,,,,,,,,,,,,,,,true,false,12,2021-04-01,2022-03-31,-1
2022-07-28,54490,2023-03-31,1,28018000000,0.255,,,,,1908000000,0.066,2470000000,0.518,,810000000,,20.82,,,,,,213080000000,151355000000,0.699,,148964000000,,,,,,,,,,,,true,false,3,2022-04-01,2022-06-30,0
2022-07-28,54490,2022-03-31,1,22324000000,0.108,,,,,1790000000,1.417,1627000000,,,1082000000,,27.81,,,,,,,,,,,,,,,,,,,,,,true,false,3,2021-04-01,2021-06-30,-1
2022-07-28,54490,2023-03-31,1,57000000000,0.207,,,,,3500000000,0.280,4200000000,0.626,,1800000000,,46.25,,,,,,,,,,,,,,,,,,,,,,true,true,6,2022-04-01,2022-09-30,0
2022-07-28,54490,2023-03-31,1,120000000000,0.149,,,,,5200000000,0.346,6000000000,0.516,,2900000000,,74.51,,,,,,,,,,,,,,,,,,,,,,true,true,12,2022-04-01,2023-03-31,0
2022-07-28,54490,2022-03-31,1,,,,,,,,,,,,,,,,,,,,208294000000,151028000000,0.714,,148652000000,,,,,,,,,,,,true,false,12,2021-04-01,2022-03-31,-1
2022-07-28,54490,2022-03-31,1,,,,,,,,,,,,,,,,,,,,,,,,,,,,,20.50,,,,42279982,3359728,,false,false,12,2021-04-01,2022-03-31,-1
2022-07-28,54490,2023-03-31,1,,,,,,,,,,,,,,,,,,,,,,,,,,,,,8.00,,,,,,,false,true,12,2022-04-01,2023-03-31,0
2022-07-28,54490,2023-03-31,1,,,,,,,,,,,,,,,,,,,,,,,,,,,,,,,,,42279982,3359849,38920174,false,false,3,2022-04-01,2022-06-30,0
2022-07-28,54490,2022-03-31,1,,,,,,,,,,,,,,,,,,,,,,,,,,,,,,,,,,,38920506,false,false,3,2021-04-01,2021-06-30,-1
2022-10-27,54490,2023-03-31,2,55192000000,0.169,,,,,4163000000,0.522,4741000000,0.835,,2208000000,,56.74,,,,,,212697000000,153129000000,0.708,,150659000000,,,,,,,,,,,,true,false,6,2022-04-01,2022-09-30,0
2022-10-27,54490,2022-03-31,2,47221000000,0.289,,,,,2734000000,1.793,2583000000,2.351,,1739000000,,44.70,,,,,,,,,,,,,,,,,,,,,,true,false,6,2021-04-01,2021-09-30,-1
2022-10-27,54490,2023-03-31,2,110000000000,0.053,,,,,5200000000,0.346,6000000000,0.516,,2600000000,,66.80,,,,,,,,,,,,,,,,,,,,,,true,true,12,2022-04-01,2023-03-31,0
2022-10-27,54490,2022-03-31,2,,,,,,,,,,,,,,,,,,,,208294000000,151028000000,0.714,,148652000000,,,,,,,,,,,,true,false,12,2021-04-01,2022-03-31,-1
2022-10-27,54490,2022-03-31,2,,,,,,,,,,,,,,,,,,,,,,,,,,,,,20.50,,,,42279982,3359728,,false,false,12,2021-04-01,2022-03-31,-1
2022-10-27,54490,2023-03-31,2,,,,,,,,,,,,,,,,,,,,,,,,,,,,,8.00,,,,,,,false,false,12,2022-04-01,2023-03-31,0
2022-10-27,54490,2023-03-31,2,,,,,,,,,,,,,,,,,,,,,,,,,,,,,,,,,42279982,3359942,38920145,false,false,6,2022-04-01,2022-09-30,0
2022-10-27,54490,2022-03-31,2,,,,,,,,,,,,,,,,,,,,,,,,,,,,,,,,,,,38920506,false,false,6,2021-04-01,2021-09-30,-1
2023-01-31,54490,2023-03-31,3,85795000000,0.141,,,,,4693000000,0.349,5503000000,0.536,,2449000000,,62.95,,,,,,219252000000,152728000000,0.686,,150506000000,,,,,,,,,,,,true,false,9,2022-04-01,2022-12-31,0
2023-01-31,54490,2022-03-31,3,75196000000,0.346,,,,,3478000000,1.676,3583000000,3.041,,2438000000,,62.64,,,,,,,,,,,,,,,,,,,,,,true,false,9,2021-04-01,2021-12-31,-1
2023-01-31,54490,2023-03-31,3,115000000000,0.101,,,,,5400000000,0.398,6000000000,0.516,,2600000000,,66.80,,,,,,,,,,,,,,,,,,,,,,true,true,12,2022-04-01,2023-03-31,0
2023-01-31,54490,2022-03-31,3,,,,,,,,,,,,,,,,,,,,208294000000,151028000000,0.714,,148652000000,,,,,,,,,,,,true,false,12,2021-04-01,2022-03-31,-1
2023-01-31,54490,2022-03-31,3,,,,,,,,,,,,,,,,,,,,,,,,,,,,,20.50,,,,42279982,3359728,,false,false,12,2021-04-01,2022-03-31,-1
2023-01-31,54490,2023-03-31,3,,,,,,,,,,,,,,,,,,,,,,,,,,,,,8.00,,,,,,,false,false,12,2022-04-01,2023-03-31,0
2023-01-31,54490,2023-03-31,3,,,,,,,,,,,,,,,,,,,,,,,,,,,,,20.50,,,,,,,false,true,12,2022-04-01,2023-03-31,0
2023-01-31,54490,2023-03-31,3,,,,,,,,,,,,,,,,,,,,,,,,,,,,,,,,,42279982,3359942,38920110,false,false,9,2022-04-01,2022-12-31,0
2023-01-31,54490,2022-03-31,3,,,,,,,,,,,,,,,,,,,,,,,,,,,,,,,,,,,38920462,false,false,9,2021-04-01,2021-12-31,-1
2023-04-27,54490,2023-03-31,,117141000000,0.121,,,,,5935000000,0.536,6384000000,0.613,,2903000000,,74.60,,0.019,0.030,0.051,,213243000000,153103000000,0.708,3879.28,150980000000,5086000000,-3758000000,-749000000,63477000000,,0.302,,,,,,true,false,12,2022-04-01,2023-03-31,0
2023-04-27,54490,2022-03-31,,104455000000,0.364,,,,,3863000000,1.734,3958000000,2.034,,2567000000,,65.96,,0.017,0.020,0.037,,208294000000,151028000000,0.714,3819.41,148652000000,2934000000,-4326000000,821000000,62396000000,,0.311,,,,,,true,false,12,2021-04-01,2022-03-31,-1
2023-04-27,54490,2024-03-31,,60000000000,0.087,,,,,2600000000,-0.375,2200000000,-0.536,,1400000000,,35.97,,,,,,,,,,,,,,,,,,,,,,true,true,6,2023-04-01,2023-09-30,1
2023-04-27,54490,2024-03-31,,120000000000,0.024,,,,,6500000000,0.095,6000000000,-0.060,,3900000000,,100.21,,,,,,,,,,,,,,,,,,,,,,true,true,12,2023-04-01,2024-03-31,1
2023-04-27,54490,2023-03-31,,85576000000,0.115,,,,,7217000000,2.101,7624000000,1.926,9394000000,,-0.158,241.39,,,,,,189537000000,144879000000,0.764,3722.51,144879000000,,,,,22.50,,,,42279982,3360184,38920048,false,false,12,2022-04-01,2023-03-31,0
2023-04-27,54490,2022-03-31,,76774000000,0.465,,,,,2327000000,0.451,2606000000,0.219,11158000000,,5.106,286.71,,,,,,182709000000,136317000000,0.746,3502.49,136317000000,,,,,20.50,,,,42279982,3359728,38920418,false,false,12,2021-04-01,2022-03-31,-1
2023-04-27,54490,2024-03-31,,60000000000,0.087,,,,,2600000000,-0.375,2200000000,-0.536,,1400000000,,35.97,,,,,,,,,,,,,,,,,,,,,,true,true,6,2023-04-01,2023-09-30,0
2023-04-27,54490,2024-03-31,,120000000000,0.024,,,,,6500000000,0.095,6000000000,-0.060,,3900000000,,100.21,,,,,,,,,,,,,,,,,,,,,,true,true,12,2023-04-01,2024-03-31,0
2023-04-27,54490,2024-03-31,,90000000000,0.052,,,,,5000000000,-0.307,5300000000,-0.305,3500000000,,-0.627,89.93,,,,,,,,,,,,,,,,,,,,,,false,true,12,2023-04-01,2024-03-31,0
2023-07-27,54490,2024-03-31,1,30887000000,0.102,,,,,2774000000,0.454,2888000000,0.169,,2014000000,,51.77,,,,,,213379000000,153428000000,0.709,,151265000000,,,,,,,,,,,,true,false,3,2023-04-01,2023-06-30,0
2023-07-27,54490,2023-03-31,1,28018000000,0.255,,,,,1908000000,0.066,2470000000,0.518,,810000000,,20.82,,,,,,,,,,,,,,,,,,,,,,true,false,3,2022-04-01,2022-06-30,-1
2023-07-27,54490,2024-03-31,1,60000000000,0.087,,,,,3600000000,-0.135,3500000000,-0.262,,2100000000,,53.96,,,,,,,,,,,,,,,,,,,,,,true,true,6,2023-04-01,2023-09-30,0
2023-07-27,54490,2024-03-31,1,120000000000,0.024,,,,,7000000000,0.179,6500000000,0.018,,4000000000,,102.78,,,,,,,,,,,,,,,,,,,,,,true,true,12,2023-04-01,2024-03-31,0
2023-07-27,54490,2023-03-31,1,,,,,,,,,,,,,,,,,,,,213243000000,153103000000,0.708,,150980000000,,,,,,,,,,,,true,false,12,2022-04-01,2023-03-31,-1
2023-07-27,54490,2023-03-31,1,,,,,,,,,,,,,,,,,,,,,,,,,,,,,22.50,,,,42279982,3360184,,false,false,12,2022-04-01,2023-03-31,-1
2023-07-27,54490,2024-03-31,1,,,,,,,,,,,,,,,,,,,,,,,,,,,,,10.00,,,,,,,false,true,12,2023-04-01,2024-03-31,0
2023-07-27,54490,2024-03-31,1,,,,,,,,,,,,,,,,,,,,,,,,,,,,,,,,,42279982,3360314,38919712,false,false,3,2023-04-01,2023-06-30,0
2023-07-27,54490,2023-03-31,1,,,,,,,,,,,,,,,,,,,,,,,,,,,,,,,,,,,38920174,false,false,3,2022-04-01,2022-06-30,-1
2023-10-30,54490,2024-03-31,2,57557000000,0.043,,,,,3611000000,-0.133,3562000000,-0.249,,2278000000,,58.53,,,,,,222415000000,154242000000,0.684,,152207000000,,,,,,,,,,,,true,false,6,2023-04-01,2023-09-30,0
2023-10-30,54490,2023-03-31,2,55192000000,0.169,,,,,4163000000,0.522,4741000000,0.835,,2208000000,,56.74,,,,,,,,,,,,,,,,,,,,,,true,false,6,2022-04-01,2022-09-30,-1
2023-10-30,54490,2024-03-31,2,120000000000,0.024,,,,,7000000000,0.179,6500000000,0.018,,4000000000,,102.78,,,,,,,,,,,,,,,,,,,,,,true,true,12,2023-04-01,2024-03-31,0
2023-10-30,54490,2023-03-31,2,,,,,,,,,,,,,,,,,,,,213243000000,153103000000,0.708,,150980000000,,,,,,,,,,,,true,false,12,2022-04-01,2023-03-31,-1
2023-10-30,54490,2023-03-31,2,,,,,,,,,,,,,,,,,,,,,,,,,,,,,22.50,,,,42279982,3360184,,false,false,12,2022-04-01,2023-03-31,-1
2023-10-30,54490,2024-03-31,2,,,,,,,,,,,,,,,,,,,,,,,,,,,,,10.00,,,,,,,false,false,12,2023-04-01,2024-03-31,0
2023-10-30,54490,2024-03-31,2,,,,,,,,,,,,,,,,,,,,,,,,,,,,,,,,,42279982,3360467,38919647,false,false,6,2023-04-01,2023-09-30,0
2023-10-30,54490,2023-03-31,2,,,,,,,,,,,,,,,,,,,,,,,,,,,,,,,,,,,38920145,false,false,6,2022-04-01,2022-09-30,-1
2024-01-30,54490,2024-03-31,3,86644000000,0.010,,,,,5123000000,0.092,4811000000,-0.126,,2556000000,,65.69,,,,,,222191000000,155295000000,0.690,,153362000000,,,,,,,,,,,,true,false,9,2023-04-01,2023-12-31,0
2024-01-30,54490,2023-03-31,3,85795000000,0.141,,,,,4693000000,0.349,5503000000,0.536,,2449000000,,62.95,,,,,,,,,,,,,,,,,,,,,,true,false,9,2022-04-01,2022-12-31,-1
2024-01-30,54490,2024-03-31,3,120000000000,0.024,,,,,6700000000,0.129,6000000000,-0.060,,3100000000,,79.65,,,,,,,,,,,,,,,,,,,,,,true,true,12,2023-04-01,2024-03-31,0
2024-01-30,54490,2023-03-31,3,,,,,,,,,,,,,,,,,,,,213243000000,153103000000,0.708,,150980000000,,,,,,,,,,,,true,false,12,2022-04-01,2023-03-31,-1
2024-01-30,54490,2023-03-31,3,,,,,,,,,,,,,,,,,,,,,,,,,,,,,22.50,,,,42279982,3360184,,false,false,12,2022-04-01,2023-03-31,-1
2024-01-30,54490,2024-03-31,3,,,,,,,,,,,,,,,,,,,,,,,,,,,,,10.00,,,,,,,false,false,12,2023-04-01,2024-03-31,0
2024-01-30,54490,2024-03-31,3,,,,,,,,,,,,,,,,,,,,,,,,,,,,,24.00,,,,,,,false,true,12,2023-04-01,2024-03-31,0
2024-01-30,54490,2024-03-31,3,,,,,,,,,,,,,,,,,,,,,,,,,,,,,,,,,42279982,3360467,38919603,false,false,9,2023-04-01,2023-12-31,0
2024-01-30,54490,2023-03-31,3,,,,,,,,,,,,,,,,,,,,,,,,,,,,,,,,,,,38920110,false,false,9,2022-04-01,2022-12-31,-1
2024-04-26,54490,2024-03-31,,117340000000,0.002,,,,,7013000000,0.182,6304000000,-0.013,,3121000000,,80.21,,0.021,0.030,0.060,,204884000000,154389000000,0.743,3910.35,152188000000,-1067000000,-2923000000,-16633000000,43111000000,,0.305,,,,,,true,false,12,2023-04-01,2024-03-31,0
2024-04-26,54490,2023-03-31,,117141000000,0.121,,,,,5935000000,0.536,6384000000,0.613,,2903000000,,74.60,,0.019,0.030,0.051,,213243000000,153103000000,0.708,3879.28,150980000000,5086000000,-3758000000,-749000000,63477000000,,0.302,,,,,,true,false,12,2022-04-01,2023-03-31,-1
2024-04-26,54490,2025-03-31,,60000000000,0.042,,,,,3000000000,-0.169,3000000000,-0.158,,1900000000,,48.82,,,,,,,,,,,,,,,,,,,,,,true,true,6,2024-04-01,2024-09-30,1
2024-04-26,54490,2025-03-31,,120000000000,0.023,,,,,6500000000,-0.073,6500000000,0.031,,4400000000,,113.05,,,,,,,,,,,,,,,,0.301,,,,,,true,true,12,2024-04-01,2025-03-31,1
2024-04-26,54490,2024-03-31,,91309000000,0.067,,,,,6426000000,-0.110,7294000000,-0.043,-1684000000,,,-43.29,,,,,,182484000000,142319000000,0.780,3656.78,142319000000,,,,,24.50,,,,42279982,3360526,38919571,false,false,12,2023-04-01,2024-03-31,0
2024-04-26,54490,2023-03-31,,85576000000,0.115,,,,,7217000000,2.101,7624000000,1.926,9394000000,,-0.158,241.39,,,,,,189537000000,144879000000,0.764,3722.51,144879000000,,,,,22.50,,,,42279982,3360184,38920048,false,false,12,2022-04-01,2023-03-31,-1
2024-04-26,54490,2025-03-31,,,,,,,,,,,,,,,,,,,,,,,,,,,,,,34.00,,,,,,,false,true,12,2024-04-01,2025-03-31,1
2024-07-30,54490,2025-03-31,1,31626000000,0.024,,,,,2151000000,-0.224,3526000000,0.221,,2317000000,,59.55,,,,,,204642000000,155984000000,0.751,,153762000000,,,,,,,,,,,,true,false,3,2024-04-01,2024-06-30,0
2024-07-30,54490,2024-03-31,1,30887000000,0.102,,,,,2774000000,0.454,2888000000,0.169,,2014000000,,51.77,,,,,,,,,,,,,,,,,,,,,,true,false,3,2023-04-01,2023-06-30,-1
2024-07-30,54490,2025-03-31,1,60000000000,0.042,,,,,3400000000,-0.059,4000000000,0.123,,2600000000,,66.80,,,,,,,,,,,,,,,,,,,,,,true,true,6,2024-04-01,2024-09-30,0
2024-07-30,54490,2025-03-31,1,120000000000,0.025,,,,,5900000000,-0.159,6500000000,0.031,,4400000000,,113.05,,,,,,,,,,,,,,,,,,,,,,true,true,12,2024-04-01,2025-03-31,0
2024-07-30,54490,2024-03-31,1,,,,,,,,,,,,,,,,,,,,204737000000,154389000000,0.743,,152188000000,,,,,,,,,,,,true,false,12,2023-04-01,2024-03-31,-1
2024-07-30,54490,2024-03-31,1,,,,,,,,,,,,,,,,,,,,,,,,,,,,,24.50,,,,42279982,3360526,,false,false,12,2023-04-01,2024-03-31,-1
2024-07-30,54490,2025-03-31,1,,,,,,,,,,,,,,,,,,,,,,,,,,,,,34.00,,,,,,,false,true,12,2024-04-01,2025-03-31,0
2024-07-30,54490,2025-03-31,1,,,,,,,,,,,,,,,,,,,,,,,,,,,,,,,,,42279982,3360699,38919385,false,false,3,2024-04-01,2024-06-30,0
2024-07-30,54490,2024-03-31,1,,,,,,,,,,,,,,,,,,,,,,,,,,,,,,,,,,,38919712,false,false,3,2023-04-01,2023-06-30,-1
2024-10-30,54490,2025-03-31,2,59949000000,0.042,,,,,2394000000,-0.337,1901000000,-0.466,,1158000000,,29.77,,,,,,198987000000,157662000000,0.781,,155437000000,,,,,,,,,,,,true,false,6,2024-04-01,2024-09-30,0
2024-10-30,54490,2024-03-31,2,57557000000,0.043,,,,,3611000000,-0.133,3562000000,-0.249,,2278000000,,58.53,,,,,,,,,,,,,,,,,,,,,,true,false,6,2023-04-01,2023-09-30,-1
2024-10-30,54490,2025-03-31,2,115000000000,-0.020,,,,,5300000000,-0.244,4500000000,-0.286,,2800000000,,71.94,,,,,,,,,,,,,,,,,,,,,,true,true,12,2024-04-01,2025-03-31,0
2024-10-30,54490,2024-03-31,2,,,,,,,,,,,,,,,,,,,,204884000000,154389000000,0.743,,152188000000,,,,,,,,,,,,true,false,12,2023-04-01,2024-03-31,-1
2024-10-30,54490,2024-03-31,2,,,,,,,,,,,,,,,,,,,,,,,,,,,,,24.50,,,,42279982,3360526,,false,false,12,2023-04-01,2024-03-31,-1
2024-10-30,54490,2025-03-31,2,,,,,,,,,,,,,,,,,,,,,,,,,,,,,15.00,,,,,,,false,false,12,2024-04-01,2025-03-31,0
2024-10-30,54490,2025-03-31,2,,,,,,,,,,,,,,,,,,,,,,,,,,,,,34.00,,,,,,,false,true,12,2024-04-01,2025-03-31,0
2024-10-30,54490,2025-03-31,2,,,,,,,,,,,,,,,,,,,,,,,,,,,,,,,,,42279982,3360699,38919334,false,false,6,2024-04-01,2024-09-30,0
2024-10-30,54490,2024-03-31,2,,,,,,,,,,,,,,,,,,,,,,,,,,,,,,,,,,,38919647,false,false,6,2023-04-01,2023-09-30,-1
2025-01-31,54490,2025-03-31,3,88143000000,0.017,,,,,3361000000,-0.344,3588000000,-0.254,,2181000000,,56.04,,,,,,199975000000,154796000000,0.763,,152586000000,,,,,,,,,,,,true,false,9,2024-04-01,2024-12-31,0
2025-01-31,54490,2024-03-31,3,86644000000,0.010,,,,,5123000000,0.092,4811000000,-0.126,,2556000000,,65.69,,,,,,,,,,,,,,,,,,,,,,true,false,9,2023-04-01,2023-12-31,-1
2025-01-31,54490,2025-03-31,3,115000000000,-0.020,,,,,5300000000,-0.244,5500000000,-0.128,,3600000000,,92.50,,,,,,,,,,,,,,,,,,,,,,true,true,12,2024-04-01,2025-03-31,0
2025-01-31,54490,2024-03-31,3,,,,,,,,,,,,,,,,,,,,204737000000,154389000000,0.743,,152188000000,,,,,,,,,,,,true,false,12,2023-04-01,2024-03-31,-1
2025-01-31,54490,2024-03-31,3,,,,,,,,,,,,,,,,,,,,,,,,,,,,,24.50,,,,42279982,3360526,,false,false,12,2023-04-01,2024-03-31,-1
2025-01-31,54490,2025-03-31,3,,,,,,,,,,,,,,,,,,,,,,,,,,,,,15.00,,,,,,,false,false,12,2024-04-01,2025-03-31,0
2025-01-31,54490,2025-03-31,3,,,,,,,,,,,,,,,,,,,,,,,,,,,,,34.00,,,,,,,false,true,12,2024-04-01,2025-03-31,0
2025-01-31,54490,2025-03-31,3,,,,,,,,,,,,,,,,,,,,,,,,,,,,,,,,,42279982,3360699,38919317,false,false,9,2024-04-01,2024-12-31,0
2025-01-31,54490,2024-03-31,3,,,,,,,,,,,,,,,,,,,,,,,,,,,,,,,,,,,38919603,false,false,9,2023-04-01,2023-12-31,-1
2025-04-28,54490,2025-03-31,,116424000000,-0.006,,,,,5328000000,-0.240,4911000000,-0.221,,3227000000,,82.94,,0.021,0.024,0.046,,203485000000,158211000000,0.767,4008.25,155997000000,7613000000,-5875000000,-1472000000,44140000000,,0.410,,,,,,true,false,12,2024-04-01,2025-03-31,0
2025-04-28,54490,2024-03-31,,117127000000,0.000,,,,,7013000000,0.182,6304000000,-0.013,,3121000000,,80.21,,0.021,0.030,0.060,,204737000000,154389000000,0.743,3910.35,152188000000,-1067000000,-2923000000,-16633000000,43111000000,,0.305,,,,,,true,false,12,2023-04-01,2024-03-31,-1
2025-04-28,54490,2026-03-31,,56000000000,-0.066,,,,,1400000000,-0.415,-1000000000,,,-1300000000,,-43.45,,,,,,,,,,,,,,,,,,,,,,true,true,6,2025-04-01,2025-09-30,1
2025-04-28,54490,2026-03-31,,120000000000,0.030,,,,,5100000000,-0.043,2500000000,-0.491,,1400000000,,46.79,,,,,,,,,,,,,,,,,,,,,,true,true,12,2025-04-01,2026-03-31,1
2025-04-28,54490,2025-03-31,,91826000000,0.006,,,,,4645000000,-0.277,5783000000,-0.207,2906000000,,,74.69,,,,,,178589000000,143997000000,0.806,3699.91,143997000000,,,,,34.00,,,,42279982,3360855,38919282,false,false,12,2024-04-01,2025-03-31,0
2025-04-28,54490,2024-03-31,,91309000000,0.067,,,,,6426000000,-0.110,7294000000,-0.043,-1684000000,,,-43.29,,,,,,182484000000,142319000000,0.780,3656.78,142319000000,,,,,24.50,,,,42279982,3360526,38919571,false,false,12,2023-04-01,2024-03-31,-1
2025-07-30,54490,2026-03-31,1,25771000000,-0.185,,,,,-475000000,,-1586000000,,,-1485000000,,-49.66,,,,,,171346000000,133751000000,0.768,,131534000000,,,,,,,,,,,,true,false,3,2025-04-01,2025-06-30,0
2025-07-30,54490,2025-03-31,1,31626000000,0.024,,,,,2151000000,-0.224,3526000000,0.221,,2317000000,,59.55,,,,,,,,,,,,,,,,,,,,,,true,false,3,2024-04-01,2024-06-30,-1
2025-07-30,54490,2026-03-31,1,50000000000,-0.166,,,,,-1000000000,,-2500000000,,,-2300000000,,-76.87,,,,,,,,,,,,,,,,,,,,,,true,true,6,2025-04-01,2025-09-30,0
2025-07-30,54490,2026-03-31,1,105000000000,-0.098,,,,,1800000000,-0.662,0,-1.000,,-800000000,,-26.74,,,,,,,,,,,,,,,,,,,,,,true,true,12,2025-04-01,2026-03-31,0
2025-07-30,54490,2025-03-31,1,,,,,,,,,,,,,,,,,,,,203485000000,158211000000,0.767,,155987000000,,,,,,,,,,,,true,false,12,2024-04-01,2025-03-31,-1
2025-07-30,54490,2025-03-31,1,,,,,,,,,,,,,,,,,,,,,,,,,,,,,34.00,,,,42279982,3360855,,false,false,12,2024-04-01,2025-03-31,-1
2025-07-30,54490,2026-03-31,1,,,,,,,,,,,,,,,,,,,,,,,,,,,,,0.00,,,,,,,false,true,12,2025-04-01,2026-03-31,0
2025-07-30,54490,2026-03-31,1,,,,,,,,,,,,,,,,,,,,,,,,,,,,,,,,,42279982,12360993,29919002,false,false,3,2025-04-01,2025-06-30,0
2025-07-30,54490,2025-03-31,1,,,,,,,,,,,,,,,,,,,,,,,,,,,,,,,,,,,38919385,false,false,3,2024-04-01,2024-06-30,-1
